time_exchange;time_coinpai;guid;price;base_amount;taker_side
2016-01-26T00:00:01.510000;2016-01-26T00:00:01.583000;20a31008-62eb-4f60-8fc0-22d220431465;391.4;2.82469;BUY
2016-01-26T00:00:24.850000;2016-01-26T00:00:24.910000;f08ad64b-7a03-4032-ac51-6a712497db53;391.43;0.1;BUY
2016-01-26T00:00:29.370000;2016-01-26T00:00:29.427000;2d82a101-8912-484e-be05-cfd26fbde366;391.38;0.0232754;SELL
2016-01-26T00:00:29.370000;2016-01-26T00:00:29.443000;c8f8427a-3bd9-47e9-aa09-c616353c9d0f;391.37;0.0275;SELL
2016-01-26T00:00:29.370000;2016-01-26T00:00:29.443000;c1463886-c8eb-4422-b861-a3d56642b3e4;391.36;0.027687;SELL
2016-01-26T00:00:29.370000;2016-01-26T00:00:29.443000;2ebba654-689d-4883-ba2c-bbdc3933bbe2;391.35;0.01;SELL
2016-01-26T00:00:29.370000;2016-01-26T00:00:29.457000;6e80bcf9-5433-4f3b-9362-1be434a5e49a;391.32;0.0115376;SELL
2016-01-26T00:00:35.850000;2016-01-26T00:00:35.910000;f24de652-a80a-4565-aad0-d13fbaa3eb3c;391.33;0.1;SELL
2016-01-26T00:00:35.850000;2016-01-26T00:00:35.910000;f674926a-7924-45c3-a774-c882ab23bd3e;391.33;8.91588;SELL
2016-01-26T00:00:45.150000;2016-01-26T00:00:45.207000;39702d74-150e-4818-9f52-484283424023;391.44;0.25159;BUY
2016-01-26T00:01:02.557000;2016-01-26T00:01:02.647000;a5f28e9a-c1dc-4d9b-a092-8cb17272469a;391.33;0.3;SELL
2016-01-26T00:01:02.557000;2016-01-26T00:01:02.693000;c9ae9229-9f9e-4f15-826c-628d7a2c8463;391.32;0.02;SELL
2016-01-26T00:01:02.557000;2016-01-26T00:01:02.707000;101b2f34-1740-406d-a9a3-4272c2f0a8b1;391.32;0.4;SELL
2016-01-26T00:01:02.557000;2016-01-26T00:01:02.707000;ccdcd58c-38cf-49d8-a68b-171473d30ba5;391.31;0.020107;SELL
2016-01-26T00:01:02.557000;2016-01-26T00:01:02.707000;33c82002-5edd-4288-ae9a-46e364e4b7a5;391.31;0.351883;SELL
2016-01-26T00:02:01.440000;2016-01-26T00:02:01.490000;1f0118b1-8a8d-4ada-b7e0-cb8f81b2a2a8;391.5;0.01;BUY
2016-01-26T00:02:01.440000;2016-01-26T00:02:01.503000;5a4ef0ea-a596-4cf7-9e96-e290a0da8c0f;391.69;0.05632;BUY
2016-01-26T00:02:11.060000;2016-01-26T00:02:11.113000;2e932a46-e622-4c8a-a497-70346de0433e;391.72;0.01;BUY
2016-01-26T00:02:11.060000;2016-01-26T00:02:11.130000;20a60dd0-315f-4c22-94e4-46adf63b1d75;391.83;0.01;BUY
2016-01-26T00:02:11.060000;2016-01-26T00:02:11.130000;2dc82db8-93d1-40e6-82c9-ed6307cf7fa2;391.91;0.01;BUY
2016-01-26T00:02:11.060000;2016-01-26T00:02:11.130000;f0dce4d6-b566-4e49-b1b7-cbcae55e7e5f;391.94;0.615023;BUY
2016-01-26T00:02:31.200000;2016-01-26T00:02:31.253000;1e17475a-21dc-4ae9-8b85-151b27d7e6b3;391.95;0.03;BUY
2016-01-26T00:02:31.200000;2016-01-26T00:02:31.270000;02c9c47b-e2f3-4305-88d2-d6b9669992ea;391.96;0.01864348;BUY
2016-01-26T00:02:31.200000;2016-01-26T00:02:31.270000;2f757b75-3fa3-4ff9-bb03-a57717e008df;391.98;0.01;BUY
2016-01-26T00:02:31.200000;2016-01-26T00:02:31.270000;8da8de0d-add1-4c37-9d4f-b44e3a1c85b5;391.98;0.01;BUY
2016-01-26T00:02:31.200000;2016-01-26T00:02:31.270000;1eb614d9-4a01-4bb4-ab7b-7b74acd109ef;392.0;0.01;BUY
2016-01-26T00:02:31.200000;2016-01-26T00:02:31.287000;da0a543a-ffc2-45c0-b5b3-99ce9ffa7f32;392.2;0.01;BUY
2016-01-26T00:02:31.200000;2016-01-26T00:02:31.287000;53a91892-934e-490c-b242-d7913a0a4b3d;392.2;0.01;BUY
2016-01-26T00:02:31.200000;2016-01-26T00:02:31.287000;534ad9c3-d39b-47a3-ac0c-23a752564a07;392.2;0.08;BUY
2016-01-26T00:02:31.203000;2016-01-26T00:02:31.287000;602d937b-da6f-4ca3-b2ba-f7a824786898;392.23;0.01;BUY
2016-01-26T00:02:31.203000;2016-01-26T00:02:31.300000;082bc792-b25b-4f6b-857b-7b36d762d9d4;392.33;0.01;BUY
2016-01-26T00:02:31.203000;2016-01-26T00:02:31.300000;ff5480ef-3efc-40bd-9378-da4c8384ca67;392.36;1.69491652;BUY
2016-01-26T00:02:46.547000;2016-01-26T00:02:46.597000;ae67a73d-209b-488b-9666-8520ce901548;392.29;2.03422209;BUY
2016-01-26T00:03:01.343000;2016-01-26T00:03:01.397000;cab20f32-85e0-4e17-a2e0-146d12350b8c;392.29;0.30679;BUY
2016-01-26T00:03:26.117000;2016-01-26T00:03:26.177000;3d5f4205-b67e-442f-8aee-2e21b867ad1a;392.25;0.01;SELL
2016-01-26T00:04:01.270000;2016-01-26T00:04:01.317000;f2e3c9c9-cbcd-42d6-a431-4431cc3b8733;392.18;0.02068671;BUY
2016-01-26T00:04:01.270000;2016-01-26T00:04:01.333000;6c5e4722-0bd8-4969-a0d3-e21c72bd0ef3;392.19;0.02488851;BUY
2016-01-26T00:04:01.270000;2016-01-26T00:04:01.333000;d2ab7e37-00d5-4c13-94be-a0473ce678a2;392.2;0.0204853;BUY
2016-01-26T00:04:01.270000;2016-01-26T00:04:01.333000;f850152b-d571-493a-a6d6-1616ce490453;392.23;2.46722948;BUY
2016-01-26T00:04:06.207000;2016-01-26T00:04:06.253000;a535e23a-bd53-4c6b-8d9c-7be765346f6f;392.23;0.548;SELL
2016-01-26T00:04:22.057000;2016-01-26T00:04:22.113000;8c2c7bcf-3929-4dc3-93bf-e706161d038b;392.24;2.167;BUY
2016-01-26T00:04:31.357000;2016-01-26T00:04:31.410000;69dabdfa-85e7-46f3-b127-e3ab109e28ad;392.25;0.02034732;BUY
2016-01-26T00:04:31.360000;2016-01-26T00:04:31.443000;615a83e6-cf08-4592-8ada-5965ed6fee4d;392.26;0.02363802;BUY
2016-01-26T00:04:31.360000;2016-01-26T00:04:31.443000;14073418-ba5c-40a8-aeca-d3b89b715c42;392.28;0.03;BUY
2016-01-26T00:04:31.360000;2016-01-26T00:04:31.443000;4245a284-8ea9-4199-8bb9-dc83f09d0b82;392.29;0.01440648;BUY
2016-01-26T00:04:31.360000;2016-01-26T00:04:31.443000;10c10fc6-e537-4a7e-888e-432920a142e4;392.35;0.32;BUY
2016-01-26T00:04:31.360000;2016-01-26T00:04:31.443000;da8124ea-d5a5-44e8-995b-ca3b203e8459;392.38;0.01;BUY
2016-01-26T00:04:31.360000;2016-01-26T00:04:31.443000;84938bb2-2741-4b01-b7ac-13c73f70da94;392.39;1.6;BUY
2016-01-26T00:04:31.360000;2016-01-26T00:04:31.443000;e73b6334-ea63-4f94-9245-22ce1f4e07c7;392.4;0.02;BUY
2016-01-26T00:04:31.360000;2016-01-26T00:04:31.457000;5aa263da-183d-4a87-b79a-b9d3478166ce;392.41;0.01;BUY
2016-01-26T00:04:31.360000;2016-01-26T00:04:31.457000;4e009848-5217-494d-9f8d-029e64500809;392.42;0.12;BUY
2016-01-26T00:04:31.360000;2016-01-26T00:04:31.457000;cd158db7-f934-4387-9718-39a1dc8f8b82;392.43;0.01;BUY
2016-01-26T00:04:31.360000;2016-01-26T00:04:31.457000;d0db9422-daed-42b0-9739-d04b910444a6;392.58;0.01;BUY
2016-01-26T00:04:31.360000;2016-01-26T00:04:31.457000;02a73570-26e2-4465-a78b-50669c182cba;392.6;0.02609818;BUY
2016-01-26T00:05:02.627000;2016-01-26T00:05:02.677000;ba66be85-a24b-4988-a961-685eb18a1236;392.47;0.06647;BUY
2016-01-26T00:05:31.937000;2016-01-26T00:05:31.990000;c55a4c5c-c5f3-457e-9644-749192b903f1;392.47;0.15389;SELL
2016-01-26T00:06:01.433000;2016-01-26T00:06:01.473000;572bc9bb-81ee-47a1-8269-6493dbf14cc7;392.48;0.0229341;BUY
2016-01-26T00:06:01.433000;2016-01-26T00:06:01.490000;8af0ed28-27fe-42fb-b59d-84d1ceafe39f;392.49;0.0207944;BUY
2016-01-26T00:06:01.433000;2016-01-26T00:06:01.490000;6013ac53-4f76-4b93-8b77-52bc1968afd1;392.5;0.02603;BUY
2016-01-26T00:06:01.433000;2016-01-26T00:06:01.490000;c996afb5-8ae6-47eb-a59f-c21c9c809e1d;392.51;0.0249;BUY
2016-01-26T00:06:01.433000;2016-01-26T00:06:01.490000;bbdb3f6e-db43-426e-8cb9-f32c9ff7c8b8;392.52;0.01604;BUY
2016-01-26T00:06:01.433000;2016-01-26T00:06:01.503000;d999fec9-3509-4e04-8775-5fbef5e20ef3;392.53;0.023253;BUY
2016-01-26T00:06:01.433000;2016-01-26T00:06:01.503000;22f1581a-b348-41aa-be74-c9b770f5a103;392.54;0.03;BUY
2016-01-26T00:06:01.433000;2016-01-26T00:06:01.503000;c8fae4f2-83ad-4ce7-8d17-abde42dc18ea;392.55;0.029727;BUY
2016-01-26T00:06:01.433000;2016-01-26T00:06:01.503000;ecaa05bf-3d15-4ebe-b677-4864a2be1662;392.74;0.01;BUY
2016-01-26T00:06:01.433000;2016-01-26T00:06:01.503000;63fa8871-9b55-46fd-a396-aeaddca933ca;392.75;0.01;BUY
2016-01-26T00:06:01.433000;2016-01-26T00:06:01.520000;8fc21504-1875-4217-8656-6b0401077d91;392.77;0.11;BUY
2016-01-26T00:06:01.433000;2016-01-26T00:06:01.520000;ac0215f3-cde1-46e7-bef2-320c2267bf28;392.78;0.01;BUY
2016-01-26T00:06:01.433000;2016-01-26T00:06:01.520000;eecf0460-d3cb-462a-ae79-ee8135cb4101;392.79;0.105;BUY
2016-01-26T00:06:01.433000;2016-01-26T00:06:01.520000;5cdc66e5-70f4-4de6-b8a5-942e9f5bd78e;392.83;0.01;BUY
2016-01-26T00:06:01.433000;2016-01-26T00:06:01.520000;09f54de0-f90d-4cf6-ad25-d0596560f0be;392.9;0.02;BUY
2016-01-26T00:06:01.433000;2016-01-26T00:06:01.520000;2b09381a-1113-43f7-a0ed-37acfc8d9309;392.9;2.0;BUY
2016-01-26T00:06:01.437000;2016-01-26T00:06:01.583000;0499d05a-eefa-462a-a9c6-7db53a241e21;392.94;0.01;BUY
2016-01-26T00:06:01.437000;2016-01-26T00:06:01.583000;ad1191db-542f-4e0a-8a0a-998014708ef8;392.94;0.101;BUY
2016-01-26T00:06:01.437000;2016-01-26T00:06:01.583000;ffd10313-ded5-4d1c-b891-88bc069274a4;392.96;2.4069715;BUY
2016-01-26T00:06:31.473000;2016-01-26T00:06:31.520000;d3efd797-f5f7-4b20-88c3-c2535a5b12e0;392.91;0.25468;BUY
2016-01-26T00:07:02.117000;2016-01-26T00:07:02.160000;b2a1d738-f80a-416e-a1d6-1473ff19ca1a;392.89;0.01;SELL
2016-01-26T00:07:08.280000;2016-01-26T00:07:08.317000;9d9d4456-84e2-4225-ac13-4677d58fc20f;392.9;5.386e-05;SELL
2016-01-26T00:07:29.090000;2016-01-26T00:07:29.130000;d96739c9-6357-4448-99bc-aae65fc369a4;392.84;0.015;BUY
2016-01-26T00:07:31.283000;2016-01-26T00:07:31.333000;1ac6f777-b6dd-4944-be52-3351a6b75512;392.84;0.31348;BUY
2016-01-26T00:08:01.553000;2016-01-26T00:08:01.613000;d86ff595-cce1-416d-96fa-78ed8327be67;392.77;2.08;SELL
2016-01-26T00:08:01.553000;2016-01-26T00:08:01.613000;c0d09fde-cc81-48c9-8d29-7d72b81ecf9e;392.76;0.75311;SELL
2016-01-26T00:08:31.587000;2016-01-26T00:08:31.630000;56f4d0e8-5ffd-4f43-b97e-8a8b32a7572e;392.79;0.4473;BUY
2016-01-26T00:09:01.247000;2016-01-26T00:09:01.287000;ea168786-083e-4699-a986-d4a14f8d0ab4;392.79;0.30363;BUY
2016-01-26T00:09:04.783000;2016-01-26T00:09:04.817000;78eb6403-9f2f-4d7d-b2f9-39685c0a540b;392.75;0.01;SELL
2016-01-26T00:09:04.783000;2016-01-26T00:09:04.833000;733ce8f1-7166-4d49-bf13-1896df560984;392.75;0.116;SELL
2016-01-26T00:09:04.783000;2016-01-26T00:09:04.833000;74a979e2-2de8-4ee0-b501-234f5c7bd3af;392.7;0.088;SELL
2016-01-26T00:09:04.783000;2016-01-26T00:09:04.833000;49305766-d697-472b-8e3f-0cce827f67d9;392.67;0.01;SELL
2016-01-26T00:09:04.783000;2016-01-26T00:09:04.833000;742eec60-e7f3-4faf-9716-0b46cdf9cac6;392.65;0.1;SELL
2016-01-26T00:09:04.783000;2016-01-26T00:09:04.833000;176a1e05-9cec-4fb8-95e0-771eacd36144;392.6;0.085;SELL
2016-01-26T00:09:04.787000;2016-01-26T00:09:04.850000;42a01502-67a6-45c4-b531-e38da1c7d88b;392.6;8.89999;SELL
2016-01-26T00:09:04.787000;2016-01-26T00:09:04.850000;2a3d8873-10c8-4d5c-bd70-ae534258c13d;392.59;0.8;SELL
2016-01-26T00:10:02.227000;2016-01-26T00:10:02.253000;c2488755-b90b-4a8a-866f-26e0e7e4feb4;392.57;0.19724;BUY
2016-01-26T00:10:31.747000;2016-01-26T00:10:31.787000;b9447a28-5c83-46dc-bf45-7feb194b930c;392.57;0.6459;BUY
2016-01-26T00:10:54.210000;2016-01-26T00:10:54.253000;d26badb5-54c6-41f1-91a9-8422d9ccca7e;392.57;0.1;BUY
2016-01-26T00:11:02.130000;2016-01-26T00:11:02.160000;4d9b0c97-5a62-47ef-917f-9756b135584a;392.57;0.12704819;BUY
2016-01-26T00:11:03.963000;2016-01-26T00:11:03.990000;9803fb5b-2d2e-486d-91b6-6e07cea1275a;392.56;0.01;SELL
2016-01-26T00:11:31.390000;2016-01-26T00:11:31.427000;acbfb4c9-358c-48c0-a8f2-823b580d0cce;392.51;0.01008;BUY
2016-01-26T00:12:01.210000;2016-01-26T00:12:01.240000;1b58ac2f-14b4-4c83-b01c-242887a55213;392.51;0.07916;BUY
2016-01-26T00:12:04.030000;2016-01-26T00:12:04.050000;0e72a36a-125e-43f8-8ae8-3223ba885505;392.51;0.2;BUY
2016-01-26T00:12:31.400000;2016-01-26T00:12:31.427000;b9f8231d-4758-44ff-8387-1097d00f9c77;392.51;0.30198;BUY
2016-01-26T00:13:31.623000;2016-01-26T00:13:31.670000;97d5e7e0-6e7c-4269-be0b-3fed6b9e3f77;392.5;0.01;SELL
2016-01-26T00:13:31.623000;2016-01-26T00:13:31.687000;98f9c3c7-5db8-48bc-b80b-37073352f810;392.49;0.01;SELL
2016-01-26T00:13:31.627000;2016-01-26T00:13:31.687000;2461e7af-d663-41cd-98ba-bf2d124dd3be;392.46;0.097;SELL
2016-01-26T00:13:31.627000;2016-01-26T00:13:31.687000;3199c270-5442-4a78-9721-ea2510004228;392.45;0.10717;SELL
2016-01-26T00:14:02.853000;2016-01-26T00:14:02.903000;c9338739-39d7-42cc-8fc7-a2e119c8f62a;392.35;0.40311;BUY
2016-01-26T00:14:31.203000;2016-01-26T00:14:31.250000;67780908-1db5-497b-8f0b-27f4143ed6a1;392.35;0.47497;BUY
2016-01-26T00:15:01.263000;2016-01-26T00:15:01.310000;7ee5ff07-324d-4c3e-a2f6-61f374faab68;392.35;0.08136;BUY
2016-01-26T00:15:31.560000;2016-01-26T00:15:31.607000;6c9d73a3-9a2d-4165-8f32-b8493d33e85a;392.35;2.84056;BUY
2016-01-26T00:15:31.560000;2016-01-26T00:15:31.623000;47a52fe7-b6bf-4756-858c-0fa540ac3fdf;392.35;0.47;BUY
2016-01-26T00:15:31.560000;2016-01-26T00:15:31.623000;f1ca9d72-41e7-49d2-abf3-bd35e6b27e12;392.35;7.68575;BUY
2016-01-26T00:16:01.267000;2016-01-26T00:16:01.310000;cb5bba86-79c9-48e5-9a00-e7df599b25e3;392.36;0.028904;BUY
2016-01-26T00:16:01.267000;2016-01-26T00:16:01.310000;f2b842eb-4747-441f-8dac-36cbe076ab97;392.37;0.027;BUY
2016-01-26T00:16:01.267000;2016-01-26T00:16:01.310000;c23d91be-27f0-4541-9205-1a491acb7d3d;392.38;0.02791872;BUY
2016-01-26T00:16:01.267000;2016-01-26T00:16:01.327000;9e24789e-d237-4018-a837-e8302826db96;392.39;0.0239;BUY
2016-01-26T00:16:01.267000;2016-01-26T00:16:01.327000;12efcf3f-ef6f-425d-95f7-167a2e357567;392.4;0.01693525;BUY
2016-01-26T00:16:01.267000;2016-01-26T00:16:01.343000;7649bbc7-6ea8-4b3d-ab37-4e97295d7db1;392.41;0.03;BUY
2016-01-26T00:16:01.267000;2016-01-26T00:16:01.343000;da05b4be-e463-4afe-85df-96d97b0c2dea;392.43;0.015581;BUY
2016-01-26T00:16:01.267000;2016-01-26T00:16:01.343000;db48040c-dc86-4490-bf99-d7df4751dd22;392.49;2.04672103;BUY
2016-01-26T00:16:31.273000;2016-01-26T00:16:31.327000;005769cb-44a5-4b33-9f4d-551e56091c44;392.39;0.02707919;BUY
2016-01-26T00:16:31.273000;2016-01-26T00:16:31.327000;4a81fa14-9178-4acd-a960-27067a699453;392.4;0.0242;BUY
2016-01-26T00:16:31.273000;2016-01-26T00:16:31.327000;fa01e5c3-0a54-4e22-8c0f-6ff17bff762a;392.44;0.2;BUY
2016-01-26T00:16:31.273000;2016-01-26T00:16:31.343000;3c7969d7-a202-46d7-a9cd-84424b04795a;392.45;0.111;BUY
2016-01-26T00:16:31.273000;2016-01-26T00:16:31.343000;f9c984aa-772f-4d8b-ab94-a4518fc32930;392.49;1.4;BUY
2016-01-26T00:16:31.273000;2016-01-26T00:16:31.343000;ece08906-562a-44c6-9a2e-f03b9eb6ae1d;392.5;1.52261081;BUY
2016-01-26T00:17:01.757000;2016-01-26T00:17:01.797000;db383c5d-ec68-4fbe-9504-415c6c5f5fcc;392.49;0.4;BUY
2016-01-26T00:17:01.757000;2016-01-26T00:17:01.810000;def08928-0c3e-4359-9710-cd2dd6344a22;392.5;0.86657;BUY
2016-01-26T00:17:31.763000;2016-01-26T00:17:31.797000;c237c8d1-d094-48b3-a11f-a312d10a7913;392.5;0.24839;BUY
2016-01-26T00:18:01.693000;2016-01-26T00:18:01.750000;af6ffa5c-19cb-4e1b-a7ea-ae02125705b9;392.5;0.43404;BUY
2016-01-26T00:18:31.353000;2016-01-26T00:18:31.390000;8dfb2745-9021-48e2-9ed8-6502e863c2ce;392.5;8.87315;BUY
2016-01-26T00:18:31.353000;2016-01-26T00:18:31.403000;ba329f8d-4b5b-4bd2-9957-82526fc8daf7;392.5;0.14295;BUY
2016-01-26T00:19:31.300000;2016-01-26T00:19:31.327000;448c9772-06aa-46b6-a964-3d5c8b87b162;392.49;0.50294;BUY
2016-01-26T00:19:55.760000;2016-01-26T00:19:55.797000;b270ee37-1306-49e7-bb6f-b65415c8dc2e;392.42;0.03136929;SELL
2016-01-26T00:23:11.730000;2016-01-26T00:23:11.750000;29997a2b-814c-480a-8c5c-e89777434aa8;392.34;0.01;SELL
2016-01-26T00:23:11.730000;2016-01-26T00:23:11.763000;7471dc19-7033-488d-aabf-746e2c2872f8;392.15;8.9053;SELL
2016-01-26T00:23:11.733000;2016-01-26T00:23:11.763000;499bb79e-dfd1-480e-8ca3-6acc3b072a99;392.11;0.01;SELL
2016-01-26T00:27:01.453000;2016-01-26T00:27:01.483000;e034fc0c-3813-425e-9aab-0edc940f8200;392.03;0.74;BUY
2016-01-26T00:27:01.453000;2016-01-26T00:27:01.483000;00271cb1-13a3-4c01-a0bc-a081ab2af69f;392.03;0.74;BUY
2016-01-26T00:27:01.453000;2016-01-26T00:27:01.483000;e0af66a8-8e46-416c-920a-986e88996528;392.03;8.88188;BUY
2016-01-26T00:27:01.453000;2016-01-26T00:27:01.483000;6fa0dad2-f88f-4bbe-a13c-8077a327326c;392.05;1.64;BUY
2016-01-26T00:27:01.453000;2016-01-26T00:27:01.500000;b75c4573-a22b-4648-a984-c5bac26a734d;392.08;0.17;BUY
2016-01-26T00:27:01.453000;2016-01-26T00:27:01.500000;0b1858e1-3701-4a12-ba6a-c1134e2112bc;392.09;0.24739;BUY
2016-01-26T00:27:18.923000;2016-01-26T00:27:18.953000;5d91930d-69e8-4d07-a952-87473017861a;392.03;0.01;SELL
2016-01-26T00:27:31.290000;2016-01-26T00:27:31.297000;cdd4cd92-a3bd-4889-8963-50ed326f4909;392.02;0.13136;BUY
2016-01-26T00:28:02.590000;2016-01-26T00:28:02.607000;70b42fb3-d439-4d4e-8778-53c3358016ba;392.05;0.285;BUY
2016-01-26T00:28:31.410000;2016-01-26T00:28:31.420000;83310a0f-ca34-44a7-9ee9-22b9a3e37472;392.03;2.72;BUY
2016-01-26T00:28:31.410000;2016-01-26T00:28:31.437000;bacda4f2-c2bd-4441-a3ac-4f4b1dda9c19;392.04;0.43862;BUY
2016-01-26T00:29:31.253000;2016-01-26T00:29:31.317000;36940d88-edf7-4c93-a5aa-dcfb8a5353d8;392.05;0.06805;BUY
2016-01-26T00:30:01.673000;2016-01-26T00:30:01.737000;7ef0ee8f-e509-4f63-9aa6-265f881b83a2;392.02;1.50221;BUY
2016-01-26T00:30:31.517000;2016-01-26T00:30:31.580000;dec5099d-2e31-491d-b1f0-d9f37abd2650;392.03;0.06687;BUY
2016-01-26T00:30:48.353000;2016-01-26T00:30:48.423000;5b05c982-e55f-4970-84af-d14051d63d37;392.04;0.74;SELL
2016-01-26T00:31:01.273000;2016-01-26T00:31:01.330000;7de9658a-edf5-460f-8c30-dcfe7711df55;392.05;0.31339;BUY
2016-01-26T00:31:26.240000;2016-01-26T00:31:26.300000;8580781e-7c37-419b-9fc8-3cfac6db6c05;392.1;0.24;BUY
2016-01-26T00:31:26.240000;2016-01-26T00:31:26.317000;5809145c-5f15-4391-80cb-38a9894f67b4;392.12;0.68;BUY
2016-01-26T00:31:26.240000;2016-01-26T00:31:26.317000;e8118662-36cf-44b8-b458-1756b69a3fdf;392.21;0.01;BUY
2016-01-26T00:31:26.243000;2016-01-26T00:31:26.317000;cfa4d77e-5de0-44d8-bdf1-d19a7d381df9;392.21;8.88614;BUY
2016-01-26T00:31:26.243000;2016-01-26T00:31:26.317000;4141b6ec-1e22-4079-b0ee-b6a64bde1c2e;392.22;1.91;BUY
2016-01-26T00:31:31.413000;2016-01-26T00:31:31.470000;8011bb0c-eb24-40ad-bca2-fbe7789a795d;392.35;0.228;BUY
2016-01-26T00:31:31.413000;2016-01-26T00:31:31.487000;dad71182-2f20-4e42-8a30-7b0e8d05e3ad;392.35;1.78542;BUY
2016-01-26T00:31:54.503000;2016-01-26T00:31:54.567000;782682cb-08b4-4409-81ff-972a71313636;392.35;0.76271663;BUY
2016-01-26T00:31:58.043000;2016-01-26T00:31:58.097000;b27bad19-85d3-4cc4-bd3f-28751f6b07c1;392.32;0.05;SELL
2016-01-26T00:32:01.617000;2016-01-26T00:32:01.673000;d358022f-5583-4489-8d7c-898e1eecc4d7;392.35;0.78992;BUY
2016-01-26T00:32:02.170000;2016-01-26T00:32:02.220000;4ebc4bee-32cf-4b2e-9d74-43a2e94e939e;392.34;2.5;SELL
2016-01-26T00:32:22.587000;2016-01-26T00:32:22.643000;af648584-40d4-42cc-8daa-eec651c7d6b8;392.33;1.948;SELL
2016-01-26T00:32:42.893000;2016-01-26T00:32:42.940000;21b698da-8aca-4582-ad5d-fb62b7992897;392.29;8.9;SELL
2016-01-26T00:32:42.893000;2016-01-26T00:32:42.957000;031af947-81c5-436f-a228-86f41a508895;392.28;8.86999;SELL
2016-01-26T00:32:42.893000;2016-01-26T00:32:42.957000;123ea4ca-dfe9-4fca-bd97-fd9d5dc3acf2;392.28;0.7;SELL
2016-01-26T00:33:01.843000;2016-01-26T00:33:01.893000;f4b51c68-0cd8-4117-ab8e-4ca016bca623;392.28;0.03989751;BUY
2016-01-26T00:33:01.843000;2016-01-26T00:33:01.893000;4ec09b4d-a8e4-4fd3-99bb-b09c31c31738;392.4;0.6;BUY
2016-01-26T00:33:01.843000;2016-01-26T00:33:01.910000;84e23808-fdd2-49dd-9bb1-6c27c8ebd365;392.41;8.91575;BUY
2016-01-26T00:33:01.843000;2016-01-26T00:33:01.910000;d0e5fb20-40ef-47c9-953a-c817696a9c70;392.41;2.06;BUY
2016-01-26T00:33:01.843000;2016-01-26T00:33:01.910000;89bcd1ee-d5a8-4def-bfdf-a728f3f3ccda;392.42;0.8;BUY
2016-01-26T00:33:01.843000;2016-01-26T00:33:01.910000;e01dddf5-f80e-406a-b2d1-f46dc558d091;392.44;11.10063249;BUY
2016-01-26T00:33:31.460000;2016-01-26T00:33:31.503000;13ffceaf-facd-4cac-a225-ea0ac5fc46be;392.43;0.10267;BUY
2016-01-26T00:34:01.463000;2016-01-26T00:34:01.503000;d5ad9d30-1964-4b43-8a63-411cf5565cc9;392.5;0.75943;BUY
2016-01-26T00:34:31.423000;2016-01-26T00:34:31.470000;4df61f34-829d-4c86-b3ed-44936d35309d;392.41;0.38061;BUY
2016-01-26T00:35:01.357000;2016-01-26T00:35:01.393000;ecca053e-7e8e-48ed-8e9f-809aa4ca67fd;392.4;1.39354;BUY
2016-01-26T00:35:31.647000;2016-01-26T00:35:31.707000;d1a7cca3-605f-4a23-9c1d-282e1218a6db;392.4;0.11023;BUY
2016-01-26T00:36:01.483000;2016-01-26T00:36:01.520000;c30c4bad-7421-4292-a494-73e20b0cb814;392.43;0.76;BUY
2016-01-26T00:36:01.483000;2016-01-26T00:36:01.533000;267f34a1-b265-45f5-b469-6de3ad9e6c7a;392.44;1.79655;BUY
2016-01-26T00:36:31.313000;2016-01-26T00:36:31.363000;603d22df-6c24-44b5-b815-be4f5021b4f9;392.47;4.5;BUY
2016-01-26T00:36:31.313000;2016-01-26T00:36:31.363000;c4941f00-db17-4161-b412-26ff5394d354;392.49;8.9094;BUY
2016-01-26T00:36:31.313000;2016-01-26T00:36:31.377000;49c8e07d-8339-4232-a076-cbf22f114e35;392.5;0.88;BUY
2016-01-26T00:36:31.313000;2016-01-26T00:36:31.377000;ba6049e1-c08e-4de5-b153-4556f670969f;392.5;1.11;BUY
2016-01-26T00:36:31.317000;2016-01-26T00:36:31.377000;ef9d6703-d841-40dd-b627-3bce48ddfff1;392.51;2.0;BUY
2016-01-26T00:36:31.317000;2016-01-26T00:36:31.393000;4db07a54-bf95-4fd4-97a2-9784481848bb;392.52;0.023574;BUY
2016-01-26T00:36:31.317000;2016-01-26T00:36:31.393000;e84d5799-c467-4903-9585-33bd6adfc42f;392.53;0.027981;BUY
2016-01-26T00:36:31.317000;2016-01-26T00:36:31.393000;01a6afd3-bf3a-4bc8-9661-c699305b7a58;392.56;0.852;BUY
2016-01-26T00:36:31.317000;2016-01-26T00:36:31.393000;43343e68-72b1-4565-a257-8677f96b3214;392.56;1.198835;BUY
2016-01-26T00:37:01.227000;2016-01-26T00:37:01.270000;61d37d66-7fb5-427a-b7b1-05dcc0ae05f9;392.5;0.51743;BUY
2016-01-26T00:37:01.497000;2016-01-26T00:37:01.533000;b0b72eb0-fd77-4643-8cba-d7197915dca5;392.5;0.37257;BUY
2016-01-26T00:37:01.497000;2016-01-26T00:37:01.550000;5834db4b-6673-4112-b0e3-8cb77e55ac90;392.5;0.00326803;BUY
2016-01-26T00:37:31.190000;2016-01-26T00:37:31.220000;894e170d-9a75-4999-b5d0-6dc2409d6af5;392.5;0.89;BUY
2016-01-26T00:37:31.190000;2016-01-26T00:37:31.237000;9840532c-ce4c-4470-9445-1f39c84fe188;392.5;1.1;BUY
2016-01-26T00:37:31.190000;2016-01-26T00:37:31.237000;28254c3f-29c8-4ebc-9012-c7cefa31f583;392.57;1.02775;BUY
2016-01-26T00:38:01.110000;2016-01-26T00:38:01.160000;da618358-11c4-4fd7-82e9-d1abb43372fb;392.58;0.019636;BUY
2016-01-26T00:38:01.110000;2016-01-26T00:38:01.160000;eb3d8af5-38ce-488a-a2e7-f795d1032842;392.59;0.01;BUY
2016-01-26T00:38:01.110000;2016-01-26T00:38:01.160000;63ded086-c9d1-48cb-abe9-72e2600ca7a9;392.59;13.45026128;BUY
2016-01-26T00:38:01.110000;2016-01-26T00:38:01.160000;f4e52616-714a-4b86-b512-98fcdccfad98;392.68;0.01;BUY
2016-01-26T00:38:01.233000;2016-01-26T00:38:01.283000;d6dac00c-30ec-4160-a2e4-8ec8c2e61c96;392.68;3.89283;SELL
2016-01-26T00:38:31.370000;2016-01-26T00:38:31.410000;b7737d20-0b27-4a24-b1ca-ffff42332572;392.74;0.01;BUY
2016-01-26T00:38:31.370000;2016-01-26T00:38:31.423000;e351c8e9-1b06-4c74-a9cb-760341a58250;392.82;0.01;BUY
2016-01-26T00:38:31.370000;2016-01-26T00:38:31.423000;00f604e3-c39f-443b-a406-9dfa9e953300;392.84;2.62978;BUY
2016-01-26T00:39:01.617000;2016-01-26T00:39:01.643000;875fff80-e359-4af1-a0d4-f9aa27af4d84;392.91;0.5;SELL
2016-01-26T00:39:01.617000;2016-01-26T00:39:01.660000;2482a029-ff61-4e3c-bf38-be8f08ee40f4;392.91;0.338;SELL
2016-01-26T00:39:01.617000;2016-01-26T00:39:01.660000;39724825-4580-4109-b29c-baec6ea33a00;392.9;1.014;SELL
2016-01-26T00:39:01.617000;2016-01-26T00:39:01.660000;60355d2c-cbd6-4305-89b9-05dea52d996a;392.89;1.3;SELL
2016-01-26T00:39:01.617000;2016-01-26T00:39:01.690000;41c20782-5d19-47f9-a539-b378f39021a2;392.88;1.546;SELL
2016-01-26T00:39:01.617000;2016-01-26T00:39:01.753000;e9f8e09d-2f47-4591-8a98-56645b3d883e;392.87;2.2;SELL
2016-01-26T00:39:01.617000;2016-01-26T00:39:01.753000;62415713-125b-4398-8999-4c75e2fbc7e8;392.86;1.899;SELL
2016-01-26T00:39:01.617000;2016-01-26T00:39:01.753000;29c4d552-7e2b-40be-be28-6a7e280bb7ff;392.86;7.1235;SELL
2016-01-26T00:39:31.317000;2016-01-26T00:39:31.347000;4b35f653-3674-4795-a0c3-615d8338ea86;392.93;0.01;BUY
2016-01-26T00:39:31.317000;2016-01-26T00:39:31.363000;9d7db58f-a2d7-453c-ace1-afce42281832;392.97;0.01;BUY
2016-01-26T00:39:31.317000;2016-01-26T00:39:31.363000;6f844745-ca25-4d3e-9283-2b4674ac1eef;392.97;0.9845;BUY
2016-01-26T00:40:01.973000;2016-01-26T00:40:02.003000;3458847d-e9ce-4e74-98ed-6835ebf58033;392.97;0.67898;BUY
2016-01-26T00:40:31.220000;2016-01-26T00:40:31.253000;7c1abf37-2f18-4e4a-8c1c-e274833d3a8f;392.97;0.78061;BUY
2016-01-26T00:41:01.433000;2016-01-26T00:41:01.457000;c4f37014-5f7a-4bdf-ac7f-98967a3e8d57;392.97;0.31501;BUY
2016-01-26T00:41:31.250000;2016-01-26T00:41:31.283000;eb864301-77d4-497f-b074-665877cd13f6;392.97;0.63327;BUY
2016-01-26T00:42:01.297000;2016-01-26T00:42:01.317000;d7dd990e-020d-441c-8ead-03c4b5bd2e34;392.93;0.38173;BUY
2016-01-26T00:42:01.337000;2016-01-26T00:42:01.363000;aed4b350-9383-4edd-9be0-743fe9e611f7;392.83;0.23;SELL
2016-01-26T00:42:01.337000;2016-01-26T00:42:01.377000;37ebbd56-3318-485c-8426-4adee6de6931;392.83;0.14583803;SELL
2016-01-26T00:42:31.243000;2016-01-26T00:42:31.270000;f0b4f5d5-371b-40cc-bf2c-c77d57dd86eb;392.85;0.03835;BUY
2016-01-26T00:42:38.447000;2016-01-26T00:42:38.473000;53ccb8dc-9403-45f6-a2f0-9819cee7dbfc;392.77;0.262;SELL
2016-01-26T00:43:01.200000;2016-01-26T00:43:01.223000;272800f6-4fdc-453e-b7d2-186c5b3efb0f;392.82;2.3521;SELL
2016-01-26T00:43:32.363000;2016-01-26T00:43:32.377000;d3ce0641-7a39-4bd4-b1ef-57c24a9a43de;392.9;0.88938;BUY
2016-01-26T00:44:01.210000;2016-01-26T00:44:01.257000;319dc7f9-7476-4b01-a611-9463468d2ae5;392.96;1.16179;BUY
2016-01-26T00:45:01.490000;2016-01-26T00:45:01.537000;ca967113-a22a-44ca-8da0-2b2d40b6b9cf;392.94;8.86666;BUY
2016-01-26T00:45:01.490000;2016-01-26T00:45:01.553000;f17c7302-8d6b-4b36-935a-be46d494dea0;392.94;0.05;BUY
2016-01-26T00:45:01.490000;2016-01-26T00:45:01.553000;163c604f-9a58-4808-91e3-7029770f92ef;392.97;0.127;BUY
2016-01-26T00:45:01.490000;2016-01-26T00:45:01.553000;b143849e-c23d-43b3-9b10-698cf094f8ed;392.98;0.01;BUY
2016-01-26T00:45:01.493000;2016-01-26T00:45:01.553000;48ad48cf-7270-4ee7-8c7f-fb3f9f05a73c;392.99;0.01;BUY
2016-01-26T00:45:01.493000;2016-01-26T00:45:01.553000;359aa230-4289-4b98-88ba-f84b88c848ff;392.99;2.97075;BUY
2016-01-26T00:45:31.220000;2016-01-26T00:45:31.270000;29f8afdf-41f5-44fd-967e-e22ae520cd0b;392.99;2.0;BUY
2016-01-26T00:45:31.220000;2016-01-26T00:45:31.270000;f970968b-96ec-4561-9b27-54f11304de92;393.0;0.25;BUY
2016-01-26T00:45:31.223000;2016-01-26T00:45:31.287000;104932ba-7a1f-4c97-942d-02283f5a3260;393.0;0.47649;BUY
2016-01-26T00:46:01.580000;2016-01-26T00:46:01.630000;c390a46a-f1bc-4e5b-ad96-baa88ef9b592;392.91;0.01;SELL
2016-01-26T00:46:01.580000;2016-01-26T00:46:01.647000;2724b45d-255d-41f8-9585-a67bb4f78a76;392.91;0.077;SELL
2016-01-26T00:46:01.580000;2016-01-26T00:46:01.647000;5434d04f-d501-4796-b4c9-6cd0de448132;392.9;0.01;SELL
2016-01-26T00:46:01.583000;2016-01-26T00:46:01.647000;c408dc06-5d61-4741-a0a2-d7152ce6c98c;392.9;0.087;SELL
2016-01-26T00:46:01.583000;2016-01-26T00:46:01.647000;63f52ed3-af0e-43b3-b7fe-5da69ae3c035;392.9;0.05;SELL
2016-01-26T00:46:01.583000;2016-01-26T00:46:01.740000;34043ee3-0329-4559-bead-08a552e76605;392.89;0.01;SELL
2016-01-26T00:46:01.583000;2016-01-26T00:46:01.740000;622ddbee-5734-486e-94e2-fcfa03f371a5;392.88;0.01;SELL
2016-01-26T00:46:01.583000;2016-01-26T00:46:01.740000;39a8e283-f2e1-4372-bbfe-7e69aee7b754;392.86;0.01;SELL
2016-01-26T00:46:01.583000;2016-01-26T00:46:01.740000;933eb920-2632-4a14-9998-6a2c1172507d;392.85;0.01231;SELL
2016-01-26T00:46:31.370000;2016-01-26T00:46:31.413000;9023fb43-b335-4dcc-a07d-60b358fe30fb;392.88;0.01;SELL
2016-01-26T00:46:31.370000;2016-01-26T00:46:31.427000;7d0d2492-a3f1-4878-817f-fd928f6efd10;392.88;0.03377;SELL
2016-01-26T00:47:01.497000;2016-01-26T00:47:01.553000;243ee24f-bdf7-4008-bd80-1ecf7ed012d0;393.0;26.54348;BUY
2016-01-26T00:47:31.300000;2016-01-26T00:47:31.350000;35b88306-3997-48ac-928b-1514587913fe;393.0;0.52138;BUY
2016-01-26T00:48:01.217000;2016-01-26T00:48:01.257000;f76bd50b-59c8-4540-bd47-a2094b91fe45;392.91;0.01;SELL
2016-01-26T00:48:01.217000;2016-01-26T00:48:01.273000;4042fac1-1567-4abd-8b69-fdc0a941dd23;392.91;0.113;SELL
2016-01-26T00:48:01.217000;2016-01-26T00:48:01.273000;20baac25-5094-4d79-935f-82af7dc4ef11;392.9;0.01;SELL
2016-01-26T00:48:01.217000;2016-01-26T00:48:01.273000;4282abc6-3d17-4e8d-96a1-32894cc53b69;392.89;0.01;SELL
2016-01-26T00:48:01.217000;2016-01-26T00:48:01.273000;9d7d5458-f50e-43ee-be7a-6425693a0318;392.88;0.01;SELL
2016-01-26T00:48:01.217000;2016-01-26T00:48:01.367000;ae954080-6936-460a-bf71-3834ec014058;392.87;0.01;SELL
2016-01-26T00:48:01.217000;2016-01-26T00:48:01.367000;7014d034-53d5-463d-9802-6b47c1cadc85;392.86;0.119;SELL
2016-01-26T00:48:01.217000;2016-01-26T00:48:01.367000;81f89b55-6019-41d9-820b-3c9e14fb9a5f;392.81;0.01353;SELL
2016-01-26T00:48:31.883000;2016-01-26T00:48:31.927000;8a87a7a5-b668-4311-baae-362485b0e2e6;392.93;0.11558;BUY
2016-01-26T00:49:31.440000;2016-01-26T00:49:31.473000;5ecf1600-bb28-44b6-9593-e1a1e1dcb2a8;392.98;0.05;BUY
2016-01-26T00:49:31.440000;2016-01-26T00:49:31.490000;462d8fb4-59c8-4955-b93c-909035f5660e;392.99;0.57705;BUY
2016-01-26T00:50:31.320000;2016-01-26T00:50:31.350000;e196a3cb-2fd1-4cf7-b936-55e329287bdd;393.0;8.82408;BUY
2016-01-26T00:51:01.327000;2016-01-26T00:51:01.367000;72352bb0-c4dd-41f0-9c8f-b9d09953de7d;393.0;1.34774;BUY
2016-01-26T00:51:31.667000;2016-01-26T00:51:31.710000;b4036c83-272c-41cc-96a6-e3030cf9cc0f;392.89;0.05;SELL
2016-01-26T00:51:31.667000;2016-01-26T00:51:31.723000;6d6f8510-1187-4400-98aa-6e505ec1e2d5;392.89;0.119;SELL
2016-01-26T00:51:31.667000;2016-01-26T00:51:31.723000;43c06379-053d-4caf-963d-8bc855855dff;392.85;6.95857;SELL
2016-01-26T00:52:31.347000;2016-01-26T00:52:31.397000;6959db5c-fab3-4802-aed9-4681ad84302e;392.97;0.3;BUY
2016-01-26T00:52:31.347000;2016-01-26T00:52:31.397000;fd127893-cfda-407f-9cd3-08a569a3681c;392.98;0.05;BUY
2016-01-26T00:52:31.347000;2016-01-26T00:52:31.397000;8e6287a6-4978-4c5d-b9a9-063d30058290;393.0;0.03216;BUY
2016-01-26T00:53:01.210000;2016-01-26T00:53:01.240000;7a28fbce-f4ae-4403-97b9-6056f89d3e79;393.0;0.26281;BUY
2016-01-26T00:53:31.677000;2016-01-26T00:53:31.710000;b263fb98-e303-4959-8f76-e5ad8b83569d;393.0;0.80382;BUY
2016-01-26T00:54:31.260000;2016-01-26T00:54:31.287000;5e643c59-d103-49e3-9f3d-ddf2cbdb2c3a;393.0;6.38049;BUY
2016-01-26T00:55:01.280000;2016-01-26T00:55:01.303000;6cdf2c8a-538e-4f62-a8f4-55a67f65b577;392.97;0.50707;BUY
2016-01-26T00:55:31.237000;2016-01-26T00:55:31.257000;3f6bbe63-1ab8-4cb1-85e5-af9ecfcf1c43;392.97;2.97624;BUY
2016-01-26T00:56:01.203000;2016-01-26T00:56:01.227000;e84fb801-bce5-4b6a-a1d5-9ac0913b4896;392.95;0.1;BUY
2016-01-26T00:56:01.203000;2016-01-26T00:56:01.240000;a14b1539-d0be-46fd-85ac-d6d635d7b416;392.96;0.21;BUY
2016-01-26T00:56:01.203000;2016-01-26T00:56:01.240000;3969a890-38ac-42c4-8d9b-9b6876611cf6;392.97;0.14115;BUY
2016-01-26T00:56:06.100000;2016-01-26T00:56:06.117000;7f35fc35-2fa9-4fa5-8493-ee93fac2caab;392.94;1.061;BUY
2016-01-26T00:56:06.100000;2016-01-26T00:56:06.130000;53db88cf-8aec-4340-966b-52d377b7483e;392.95;4.669;BUY
2016-01-26T00:56:31.210000;2016-01-26T00:56:31.227000;f35d3f69-b107-4537-81c2-348ad91636c1;392.7;0.01;SELL
2016-01-26T00:56:31.210000;2016-01-26T00:56:31.240000;2f7a18ef-22a5-4542-8cc9-a73aa6821c2d;392.68;0.01;SELL
2016-01-26T00:56:31.210000;2016-01-26T00:56:31.240000;bf4b4d21-3857-46d2-86f5-93cdc5c58cd6;392.52;0.01;SELL
2016-01-26T00:56:31.210000;2016-01-26T00:56:31.240000;4d2a9606-7efa-41f4-a91a-b14b3c51d41d;392.52;0.01081;SELL
2016-01-26T00:57:01.370000;2016-01-26T00:57:01.397000;9ae89ad0-0305-4058-8058-5db7bfa626ee;392.59;1.031;BUY
2016-01-26T00:57:01.370000;2016-01-26T00:57:01.413000;24bd9551-adf1-42fd-8de4-2ba198cbbcd6;392.59;0.9731;BUY
2016-01-26T00:57:02.070000;2016-01-26T00:57:02.083000;0413a1ec-89d9-4dbb-8063-a19b77c1edef;392.59;0.37;BUY
2016-01-26T00:57:31.353000;2016-01-26T00:57:31.367000;4a5dbc53-14c3-4c73-8f67-5cfb47b6a0be;392.59;0.2692;BUY
2016-01-26T00:58:01.307000;2016-01-26T00:58:01.333000;920f9aaf-ce16-43f3-8e0d-908badab7044;392.58;0.01;SELL
2016-01-26T00:58:01.307000;2016-01-26T00:58:01.350000;d6e15369-614d-4b25-8ca7-1b34eaa1e8cf;392.57;0.01;SELL
2016-01-26T00:58:01.307000;2016-01-26T00:58:01.350000;f3cf82bd-0a54-4ce0-8e22-15c1637cf597;392.57;0.05;SELL
2016-01-26T00:58:01.307000;2016-01-26T00:58:01.350000;8844b548-c82a-4642-93b7-822f26ec467e;392.53;0.01;SELL
2016-01-26T00:58:01.307000;2016-01-26T00:58:01.350000;45c96e14-9199-428c-8665-1a9936081d30;392.5;2.0;SELL
2016-01-26T00:58:01.307000;2016-01-26T00:58:01.427000;601a17c1-a847-4d6e-9808-23f9a2273c99;392.49;0.01;SELL
2016-01-26T00:58:01.310000;2016-01-26T00:58:01.427000;91d23426-db1d-4a05-803e-01507bfecd12;392.45;2.85182;SELL
2016-01-26T00:58:31.320000;2016-01-26T00:58:31.333000;f474cc48-3a49-4fb6-b510-3b938df8dccd;392.54;0.05;BUY
2016-01-26T00:58:31.320000;2016-01-26T00:58:31.350000;03f93bbe-4176-4e79-ab9c-cf357bd38c18;392.55;0.20627;BUY
2016-01-26T00:59:01.580000;2016-01-26T00:59:01.600000;f52f511a-bf2e-4d2f-882d-44176269bd63;392.55;0.16373;BUY
2016-01-26T00:59:01.580000;2016-01-26T00:59:01.617000;11b9964b-fcef-469a-9b4d-9fa2da8a693e;392.57;0.08643;BUY
2016-01-26T00:59:31.343000;2016-01-26T00:59:31.380000;7869d9a2-3db7-49e9-a30e-d3689cc6c45d;392.57;0.28357;BUY
2016-01-26T00:59:31.343000;2016-01-26T00:59:31.397000;bae9deff-e880-4137-aa44-1c046be5e462;392.63;0.10089;BUY
2016-01-26T00:59:47.930000;2016-01-26T00:59:47.977000;221fbe21-ffb8-4278-bab0-76ed7edbdfce;392.67;0.03;BUY
2016-01-26T01:00:01.790000;2016-01-26T01:00:01.850000;c5ad7d9b-0960-4385-b412-b08e87115920;392.69;0.06991;BUY
2016-01-26T01:00:05.777000;2016-01-26T01:00:05.820000;986dde0e-bf80-4656-8703-5c3556799f46;392.68;0.039;BUY
2016-01-26T01:00:05.803000;2016-01-26T01:00:05.850000;5f648299-5ce3-4b3c-afba-1b3e257ea8fd;392.68;0.011;BUY
2016-01-26T01:00:05.803000;2016-01-26T01:00:05.867000;67fd88bc-cf8a-4cab-a339-8b61bfbba07a;392.69;0.13964;BUY
2016-01-26T01:01:01.503000;2016-01-26T01:01:01.553000;655b5f49-ac85-4e3a-a82a-fbe54d706e10;392.67;0.09276;BUY
2016-01-26T01:01:31.360000;2016-01-26T01:01:31.397000;6a6c2d0f-e632-4171-b997-772be878874d;392.75;0.01;BUY
2016-01-26T01:01:31.360000;2016-01-26T01:01:31.413000;930cf972-adf8-4e6b-a845-fd1fc95134dc;392.75;1.36672;BUY
2016-01-26T01:01:47.650000;2016-01-26T01:01:47.693000;b9c19590-2cc6-494d-ab15-129290b701f7;392.74;2.76;SELL
2016-01-26T01:02:01.957000;2016-01-26T01:02:01.990000;3e338514-52a6-481e-bd8f-3a62f918867d;392.74;1.05875;BUY
2016-01-26T01:03:01.367000;2016-01-26T01:03:01.397000;571777d8-639c-4bbd-ab42-a41ab1e2037c;392.71;0.05;SELL
2016-01-26T01:03:01.367000;2016-01-26T01:03:01.413000;8bfe2f81-9c39-48f6-a6b7-da2dbe3e7158;392.68;0.77;SELL
2016-01-26T01:03:01.367000;2016-01-26T01:03:01.413000;28fecdc7-e841-4913-9ac2-0a3cd88b0375;392.67;0.26;SELL
2016-01-26T01:03:01.367000;2016-01-26T01:03:01.413000;f7655dcd-63ed-48ca-b756-3894ce25e742;392.57;4.11094;SELL
2016-01-26T01:03:31.560000;2016-01-26T01:03:31.600000;910a09a6-196e-42db-84f1-bb6509f83ec8;392.54;0.01;SELL
2016-01-26T01:04:01.923000;2016-01-26T01:04:01.960000;fb8b0790-c135-41d9-ada9-7d6cd3cd8fd6;392.54;0.74602;BUY
2016-01-26T01:04:31.367000;2016-01-26T01:04:31.413000;b1c68295-aa93-402b-87da-1d5d0035c374;392.54;2.9193;BUY
2016-01-26T01:04:34.017000;2016-01-26T01:04:34.053000;71c737ec-da30-4625-a1d5-e64eb4ef17aa;392.54;0.91050046;BUY
2016-01-26T01:05:01.503000;2016-01-26T01:05:01.537000;6d0263eb-9968-4b95-afd9-67b3f4fea0ce;392.54;0.18076;BUY
2016-01-26T01:05:01.990000;2016-01-26T01:05:02.023000;90beccfb-70f8-4477-aeac-eab6d48bd56f;392.54;0.49736963;BUY
2016-01-26T01:05:31.517000;2016-01-26T01:05:31.553000;7a2eb33d-b5da-4910-85d6-5347186ee74f;392.54;0.77635;BUY
2016-01-26T01:06:01.253000;2016-01-26T01:06:01.287000;f291d676-594d-46c8-8c3b-1b58166f1cc6;392.54;2.26685;BUY
2016-01-26T01:06:31.337000;2016-01-26T01:06:31.367000;c2516fd4-b097-4747-aae1-35fdd366e28f;392.54;0.25563;BUY
2016-01-26T01:06:35.900000;2016-01-26T01:06:35.930000;bf2921e1-1ea9-42ef-b4de-aa3124fb1feb;392.54;1.07039991;BUY
2016-01-26T01:06:35.900000;2016-01-26T01:06:35.943000;4e23a2eb-371d-4211-bd4a-eaed14906889;392.54;1.71;BUY
2016-01-26T01:06:35.900000;2016-01-26T01:06:35.943000;41e97f38-9d90-445a-84ac-4e805d2bcb57;392.6;0.01171;BUY
2016-01-26T01:06:35.900000;2016-01-26T01:06:35.943000;021c9ac6-5484-4c0e-a001-0a0dd1b7f4d5;392.63;8.87592;BUY
2016-01-26T01:06:35.900000;2016-01-26T01:06:35.943000;d56a5fd5-e091-4ff4-9fa5-9237ac9eb5a3;392.64;0.01;BUY
2016-01-26T01:07:15.333000;2016-01-26T01:07:15.350000;e7eea0b2-98f1-4cb3-a7d3-4ca76de6db53;392.72;0.01;BUY
2016-01-26T01:07:15.333000;2016-01-26T01:07:15.367000;b3c8817f-6ffe-4f1c-b142-7e55322d4454;392.76;0.01;BUY
2016-01-26T01:07:16.240000;2016-01-26T01:07:16.273000;0fb2aea6-51bc-4c0c-a71f-6131ab3226e3;392.81;0.01;SELL
2016-01-26T01:07:31.463000;2016-01-26T01:07:31.507000;b80b4c0c-4f8d-4c8d-aeb9-62a3a280a125;392.95;0.01;BUY
2016-01-26T01:07:31.463000;2016-01-26T01:07:31.507000;9acfdf8f-71eb-4b0e-9d50-a411e3aa0f6b;393.0;0.18647;BUY
2016-01-26T01:08:01.413000;2016-01-26T01:08:01.443000;5fbfcd96-bb67-458c-93f4-7c76d0148f85;393.0;0.623;BUY
2016-01-26T01:08:22.903000;2016-01-26T01:08:22.943000;08965a6f-fe39-4ac5-824c-f5a154c21e7c;393.0;3.99808;BUY
2016-01-26T01:08:22.903000;2016-01-26T01:08:22.943000;2d6d3c21-40f1-4c8d-90a6-69cb13ca45de;393.0;0.01;BUY
2016-01-26T01:08:22.903000;2016-01-26T01:08:22.943000;9eb1e0ad-2a57-45b9-8448-4d55ed0235d1;393.0;0.01;BUY
2016-01-26T01:08:31.317000;2016-01-26T01:08:31.333000;ae675ec6-7593-445f-8f28-b506692c3387;393.02;0.70152;BUY
2016-01-26T01:08:43.513000;2016-01-26T01:08:43.553000;3978286e-5a05-4625-a168-a70be1e96461;393.02;3.32252;BUY
2016-01-26T01:08:43.513000;2016-01-26T01:08:43.553000;a7eb6eaa-506f-4c4d-95f7-8dda94f8d137;393.04;0.01;BUY
2016-01-26T01:08:43.513000;2016-01-26T01:08:43.553000;fa7bb801-ae55-4023-a1a0-975614ee9274;393.05;0.01;BUY
2016-01-26T01:08:43.513000;2016-01-26T01:08:43.553000;b91bc9c1-95a2-40a7-817e-b023fa1638df;393.05;0.23;BUY
2016-01-26T01:08:51.717000;2016-01-26T01:08:51.740000;7672920b-812f-4597-b9a3-105462f7aff4;393.12;0.891;SELL
2016-01-26T01:09:00.147000;2016-01-26T01:09:00.163000;6b98c4fe-c527-4c23-a99b-6198a995b93f;393.14;0.89;BUY
2016-01-26T01:09:00.147000;2016-01-26T01:09:00.180000;1160c0e0-6148-4ad8-9b4e-127efc0e4f5c;393.15;0.01;BUY
2016-01-26T01:09:00.147000;2016-01-26T01:09:00.180000;85655adf-11b9-4ccf-83b1-f9fad38100a1;393.16;0.01;BUY
2016-01-26T01:09:00.147000;2016-01-26T01:09:00.180000;a12f3d52-1aa9-4d39-8ce1-7f98ec8461cb;393.19;0.01;BUY
2016-01-26T01:09:00.147000;2016-01-26T01:09:00.180000;85695078-af49-4ef4-a997-f62e2e841381;393.19;0.01;BUY
2016-01-26T01:09:00.147000;2016-01-26T01:09:00.257000;41eb6b55-2d30-4a18-ac7c-38ec8bd39161;393.2;0.01;BUY
2016-01-26T01:09:00.147000;2016-01-26T01:09:00.273000;18240a93-1645-47d7-984e-57dda90d9dbd;393.23;0.01;BUY
2016-01-26T01:09:00.147000;2016-01-26T01:09:00.273000;d5421f3a-bdb5-4530-b32a-524f00885da6;393.23;0.251;BUY
2016-01-26T01:09:00.147000;2016-01-26T01:09:00.273000;d7bc09ba-3cc1-4262-9606-1ca4b3c22d72;393.25;0.1;BUY
2016-01-26T01:09:00.150000;2016-01-26T01:09:00.273000;c870a6e1-5787-455c-b0a6-554bcbbadcb7;393.26;0.1157;BUY
2016-01-26T01:09:00.150000;2016-01-26T01:09:00.273000;2f73b6b4-1bd6-472d-ad23-b3f15d6021b8;393.28;0.01;BUY
2016-01-26T01:09:00.150000;2016-01-26T01:09:00.273000;442f676e-01ab-4c8c-93ab-1bf0b1d66855;393.34;3.5733;BUY
2016-01-26T01:09:31.377000;2016-01-26T01:09:31.397000;eef8bf96-72cb-47fc-8c1c-24dc43922e22;393.38;0.01;BUY
2016-01-26T01:09:31.377000;2016-01-26T01:09:31.413000;c96bd36a-8e1b-4c7f-87c0-d319ba2a923f;393.4;0.02;BUY
2016-01-26T01:09:31.377000;2016-01-26T01:09:31.413000;b7243c8b-7b09-434b-9ac0-a36da2fa3355;393.43;0.84761;BUY
2016-01-26T01:10:01.600000;2016-01-26T01:10:01.630000;7c54c00d-fac3-404d-bf5f-d02b51a5afb1;393.46;0.08722;SELL
2016-01-26T01:10:25.490000;2016-01-26T01:10:25.507000;5f9d9491-bc37-448f-bafc-c7a23b271667;393.47;0.3;BUY
2016-01-26T01:10:25.490000;2016-01-26T01:10:25.523000;e1c171ee-6541-4143-b1ba-575e814d6dc5;393.47;0.05;BUY
2016-01-26T01:10:25.490000;2016-01-26T01:10:25.523000;b8b2abc7-1a2d-4b89-8ec9-655c97c9fcda;393.51;0.01;BUY
2016-01-26T01:10:25.490000;2016-01-26T01:10:25.523000;6355c541-5153-4603-8699-446fae549259;393.52;3.64;BUY
2016-01-26T01:10:31.560000;2016-01-26T01:10:31.583000;3b2cebe4-63d3-47b7-b6ff-bc3ce6c20e93;393.53;0.01;BUY
2016-01-26T01:10:31.560000;2016-01-26T01:10:31.600000;0a660941-c2b6-49b4-acdc-5df3acbed78a;393.62;0.01;BUY
2016-01-26T01:10:31.560000;2016-01-26T01:10:31.600000;2f77a2ed-70e9-495c-ae16-5317e6de6c68;393.62;0.01;BUY
2016-01-26T01:10:31.560000;2016-01-26T01:10:31.600000;19deeace-416d-4e0d-8e93-ce52664e84fd;393.63;0.09093;BUY
2016-01-26T01:11:04.117000;2016-01-26T01:11:04.130000;8d2ca979-83ad-4602-8c4d-3ac49cbe5ae2;393.68;0.01;BUY
2016-01-26T01:11:04.117000;2016-01-26T01:11:04.147000;87e51ac7-7560-4531-a2bf-2baaeb1fdf98;393.72;0.01;BUY
2016-01-26T01:11:04.117000;2016-01-26T01:11:04.147000;200c3c6d-60e6-4876-8f06-ef724ce0ba9f;393.73;0.02615;BUY
2016-01-26T01:11:23.317000;2016-01-26T01:11:23.333000;3c61f7f5-e960-45d0-b125-98c48094884f;393.74;0.01;BUY
2016-01-26T01:11:23.317000;2016-01-26T01:11:23.367000;91a66ab5-7765-42da-b5a9-823b80baf0d7;393.74;0.01;BUY
2016-01-26T01:11:23.317000;2016-01-26T01:11:23.367000;75f3cb11-6dd8-444c-af42-04ca3e6e6b4d;393.75;0.01;BUY
2016-01-26T01:11:23.317000;2016-01-26T01:11:23.367000;b181986a-e6e5-417a-b1d1-acd17bacea3f;393.76;0.01;BUY
2016-01-26T01:11:23.317000;2016-01-26T01:11:23.367000;fb2542f2-ea74-4078-9303-cec0c06873e7;393.77;0.01;BUY
2016-01-26T01:11:23.317000;2016-01-26T01:11:23.367000;12275963-69e5-4ea8-b596-5749b6c96146;393.78;0.01;BUY
2016-01-26T01:11:23.320000;2016-01-26T01:11:23.380000;59759b3d-12a8-40dc-84d4-e6a4a7a3e9f2;393.81;0.01;BUY
2016-01-26T01:11:23.320000;2016-01-26T01:11:23.380000;28ddca9f-d237-411e-a098-4a3f512ca15f;393.83;0.01;BUY
2016-01-26T01:11:23.320000;2016-01-26T01:11:23.380000;f77d2696-7c55-4f05-a9a0-defa840a8e10;393.84;0.01;BUY
2016-01-26T01:11:23.320000;2016-01-26T01:11:23.380000;a2347947-bbc4-475b-a5b5-17716cda568d;393.85;0.01;BUY
2016-01-26T01:11:23.320000;2016-01-26T01:11:23.380000;c9f4aafa-cf19-4fda-b1ac-140093348aba;393.86;0.02;BUY
2016-01-26T01:11:23.320000;2016-01-26T01:11:23.380000;5b4b9c52-a183-4bf4-b888-d2ffd62e039e;393.86;0.01;BUY
2016-01-26T01:11:23.320000;2016-01-26T01:11:23.397000;870d7129-2112-474f-9082-83528bc77a19;393.86;0.01;BUY
2016-01-26T01:11:23.320000;2016-01-26T01:11:23.397000;892a4295-67f6-4a9d-8688-3981d068ff7f;393.86;0.01;BUY
2016-01-26T01:11:23.320000;2016-01-26T01:11:23.397000;8b50cfb6-b8e4-49fd-911b-e994ebe349ad;393.87;0.01;BUY
2016-01-26T01:11:23.320000;2016-01-26T01:11:23.397000;4a040c83-58ac-4466-a0c8-bd69b8bca9a5;393.87;0.01;BUY
2016-01-26T01:11:23.320000;2016-01-26T01:11:23.397000;55003213-e0bf-4711-9985-b2251b8206fc;393.88;0.4;BUY
2016-01-26T01:11:23.320000;2016-01-26T01:11:23.413000;b25d3798-626c-401b-893a-6f6f7c9cbcf7;393.88;0.01;BUY
2016-01-26T01:11:23.320000;2016-01-26T01:11:23.413000;3f9c9f71-3fee-4454-8331-23f8586556fe;393.88;0.01;BUY
2016-01-26T01:11:23.320000;2016-01-26T01:11:23.413000;9ce3090b-d897-4f16-bd3c-d207f1fc7511;393.88;0.23;BUY
2016-01-26T01:11:23.320000;2016-01-26T01:11:23.413000;6d434bc3-0849-48a1-b225-413efcd56982;393.89;0.01;BUY
2016-01-26T01:11:23.320000;2016-01-26T01:11:23.413000;29917763-66be-4927-8339-cf98004d76ec;393.89;0.01;BUY
2016-01-26T01:11:23.320000;2016-01-26T01:11:23.413000;afc2a3d2-ae2d-4443-b90f-ecbd735cf768;393.89;0.108;BUY
2016-01-26T01:11:23.320000;2016-01-26T01:11:23.430000;2e569621-801e-477f-9411-8d1a63d638b4;393.91;0.01;BUY
2016-01-26T01:11:23.320000;2016-01-26T01:11:23.430000;25c473d1-ad1c-49b1-972e-edbbff8a9298;393.95;0.01;BUY
2016-01-26T01:11:23.320000;2016-01-26T01:11:23.430000;559a8608-7fee-403c-aa67-a02208ff409a;393.96;0.01;BUY
2016-01-26T01:11:23.323000;2016-01-26T01:11:23.430000;40677ede-2735-48dd-96cf-531dcc24458b;393.97;0.05;BUY
2016-01-26T01:11:23.323000;2016-01-26T01:11:23.430000;c47429cf-02e0-4928-b336-cc8d9c6875c9;393.98;0.01;BUY
2016-01-26T01:11:23.323000;2016-01-26T01:11:23.430000;fae0697b-882c-447f-961d-4805fff6e194;393.98;0.3;BUY
2016-01-26T01:11:23.323000;2016-01-26T01:11:23.430000;33cae3c0-b0db-494a-853d-de2aa8e65c39;393.98;0.085;BUY
2016-01-26T01:11:23.323000;2016-01-26T01:11:23.430000;68a15b22-3397-4fb9-97be-7f3ab9a35512;393.99;0.077;BUY
2016-01-26T01:11:31.487000;2016-01-26T01:11:31.507000;e9eca7fb-1335-4589-999d-341e6a1d16a2;393.99;0.123;BUY
2016-01-26T01:11:31.490000;2016-01-26T01:11:31.523000;f2a5c1bd-97b7-4ca4-a3a5-92a11f0681e4;393.99;0.0113;BUY
2016-01-26T01:11:31.490000;2016-01-26T01:11:31.523000;3be92565-8540-4cc9-ad88-fc3b1956c478;393.99;0.3;BUY
2016-01-26T01:11:31.490000;2016-01-26T01:11:31.523000;6fff11a2-bade-4aa8-95b0-8fade09bc745;394.0;0.01095;BUY
2016-01-26T01:12:01.507000;2016-01-26T01:12:01.523000;8102a89c-0f3b-4bfd-8336-a2984e9437ea;394.0;0.13245;BUY
2016-01-26T01:12:02.800000;2016-01-26T01:12:02.803000;9d8ae7b7-575c-45aa-ba5f-1a5ebc3acd8f;393.99;0.01;SELL
2016-01-26T01:12:20.403000;2016-01-26T01:12:20.413000;20462293-244d-4256-8d68-16fc4852add6;393.99;0.00047;SELL
2016-01-26T01:12:20.403000;2016-01-26T01:12:20.430000;88de4476-8030-4e2e-97a9-d962e28aaab8;393.92;0.04953;SELL
2016-01-26T01:13:01.360000;2016-01-26T01:13:01.383000;330459b0-5582-47ed-82d2-04fd5da32ea3;393.92;0.056;BUY
2016-01-26T01:13:03.830000;2016-01-26T01:13:03.833000;d2ca1580-97a6-4ea1-ba77-ea054659d0d8;393.91;0.01;SELL
2016-01-26T01:14:01.497000;2016-01-26T01:14:01.507000;6aab9356-d042-4ef4-acfd-33d0b35b9318;393.86;0.5582;BUY
2016-01-26T01:14:23.307000;2016-01-26T01:14:23.380000;506dd9ba-50c5-435b-aad7-ca1f04a88f19;393.85;0.01;SELL
2016-01-26T01:14:31.533000;2016-01-26T01:14:31.567000;718dd403-37bd-4196-88c8-a0ee38a75c7e;393.81;0.488;BUY
2016-01-26T01:14:31.533000;2016-01-26T01:14:31.583000;2ce4ac40-e2c8-4b8d-b375-74150c33a5c6;393.84;1.35761;BUY
2016-01-26T01:14:42.937000;2016-01-26T01:14:42.973000;0d4339ef-ef9b-46da-aa53-5713469f7a2a;393.8;0.015;BUY
2016-01-26T01:15:01.470000;2016-01-26T01:15:01.520000;bf698bd2-b96a-431c-8546-7d2dfb8b6f70;393.74;0.01;SELL
2016-01-26T01:15:01.470000;2016-01-26T01:15:01.520000;7f02c683-de53-4bbf-8f62-6600c2b80eee;393.68;0.01;SELL
2016-01-26T01:15:01.470000;2016-01-26T01:15:01.520000;b1828d01-894f-46ff-a7b1-eb152a3cfbe0;393.68;0.125;SELL
2016-01-26T01:15:01.470000;2016-01-26T01:15:01.537000;e6bbf544-b5d3-4e09-9eec-8efce232581a;393.63;0.124;SELL
2016-01-26T01:15:01.470000;2016-01-26T01:15:01.537000;b5b775fc-0ec1-4aa7-8c4a-e0e2443d6dc4;393.63;0.07665;SELL
2016-01-26T01:15:31.470000;2016-01-26T01:15:31.507000;2a037e9a-df7b-476e-a10d-563d44eed4e5;393.77;0.11;BUY
2016-01-26T01:15:31.470000;2016-01-26T01:15:31.520000;f34f4920-8e95-40e7-97b3-547edabe117e;393.78;0.485;BUY
2016-01-26T01:15:31.470000;2016-01-26T01:15:31.520000;78243e5c-8eec-4d08-8f6b-60d34f56104c;393.81;0.58955;BUY
2016-01-26T01:16:01.427000;2016-01-26T01:16:01.460000;764a6db0-cd76-4ac4-b8d9-d8c4491924a1;393.67;0.01;SELL
2016-01-26T01:16:01.427000;2016-01-26T01:16:01.473000;85021d68-6a43-4676-980b-f53ad1a2216c;393.66;0.01;SELL
2016-01-26T01:16:01.427000;2016-01-26T01:16:01.473000;e6d9bf5e-5124-4a1e-a078-ce18e783c8ee;393.65;0.01;SELL
2016-01-26T01:16:01.430000;2016-01-26T01:16:01.473000;6ce140ea-e8eb-49d0-83c2-5b4c19a746c4;393.65;0.10556;SELL
2016-01-26T01:16:18.870000;2016-01-26T01:16:18.897000;f8137e76-ef55-4f79-b188-1b0c15aa9e78;393.64;0.01;SELL
2016-01-26T01:16:18.870000;2016-01-26T01:16:18.913000;97829e51-36a9-4f61-ba25-c6fe17f649e3;393.63;0.01;SELL
2016-01-26T01:16:18.870000;2016-01-26T01:16:18.913000;22bb76ee-e517-4cc2-90a1-0e8deaa4b545;393.63;0.086;SELL
2016-01-26T01:16:18.870000;2016-01-26T01:16:18.913000;ab5c6412-04be-4e7b-82f7-f17ad105625d;393.62;0.01;SELL
2016-01-26T01:16:18.870000;2016-01-26T01:16:18.913000;50de5393-e173-4e4a-8918-5bad522f8ac5;393.58;0.074;SELL
2016-01-26T01:16:18.870000;2016-01-26T01:16:18.913000;44cc200d-db24-4f29-ba36-5fbd617a35d3;393.57;0.22;SELL
2016-01-26T01:16:18.870000;2016-01-26T01:16:18.927000;6c113762-5ccb-42d3-a2d2-22f724e5ce5b;393.53;0.083;SELL
2016-01-26T01:16:18.870000;2016-01-26T01:16:18.927000;df4efde7-1002-419d-bde2-503c37dab7f9;393.51;0.01;SELL
2016-01-26T01:16:18.870000;2016-01-26T01:16:18.927000;82e4c3ae-dcf9-4d03-9dc7-b310bf9184b9;393.49;7.057;SELL
2016-01-26T01:17:01.480000;2016-01-26T01:17:01.507000;a5f2501a-01f0-4a4c-a94e-640b19ae1dac;393.54;0.23391;BUY
2016-01-26T01:17:32.150000;2016-01-26T01:17:32.177000;67c96724-b46b-4712-85f8-163275fcf950;393.55;1.2642;BUY
2016-01-26T01:18:01.443000;2016-01-26T01:18:01.473000;fb52cb8e-2685-4046-8070-1dc9ffd7aa9a;393.53;0.01;SELL
2016-01-26T01:18:01.443000;2016-01-26T01:18:01.490000;4da3e33f-8c7c-495b-a512-b57e01c984e6;393.53;0.12194;SELL
2016-01-26T01:18:31.770000;2016-01-26T01:18:31.803000;5892cb62-d267-4a97-b5f0-9731df1b81dc;393.54;0.25309;BUY
2016-01-26T01:19:01.400000;2016-01-26T01:19:01.427000;e7e0bc54-87eb-442c-9705-f522a5a1ada2;393.4;0.30035;SELL
2016-01-26T01:19:31.450000;2016-01-26T01:19:31.473000;8ccc444a-2436-4da8-a3df-d7bd85487624;393.47;0.01798;SELL
2016-01-26T01:21:01.770000;2016-01-26T01:21:01.787000;3682b3db-536e-4e17-b790-b31fdd5f8726;393.56;0.26195;BUY
2016-01-26T01:21:32.167000;2016-01-26T01:21:32.177000;3f308772-c0ab-494c-95ee-c0d072c16908;393.6;0.08035;BUY
2016-01-26T01:22:01.460000;2016-01-26T01:22:01.473000;d1a97cc3-61e7-42d8-80d6-c628779ca9d0;393.49;1.46163;BUY
2016-01-26T01:22:31.613000;2016-01-26T01:22:31.630000;e9e32349-437d-4ba3-89d7-e25a9a7abb2a;393.48;2.09;BUY
2016-01-26T01:22:31.613000;2016-01-26T01:22:31.647000;c584a050-41db-42d6-a4c7-0bbd7079f25e;393.49;0.28;BUY
2016-01-26T01:22:31.613000;2016-01-26T01:22:31.647000;f1d52ff2-5de9-4035-b69b-fc66b672b0ae;393.49;2.68922;BUY
2016-01-26T01:23:01.803000;2016-01-26T01:23:01.817000;16f28700-3640-4378-ba8d-4cc282d01ab2;393.5;0.88389;BUY
2016-01-26T01:24:01.483000;2016-01-26T01:24:01.490000;301d5362-fb23-4ab3-8d66-31568e78680d;393.5;0.25667;BUY
2016-01-26T01:25:01.440000;2016-01-26T01:25:01.443000;dcab2714-095c-4e3b-9451-688036374862;393.5;1.30653;BUY
2016-01-26T01:25:31.707000;2016-01-26T01:25:31.710000;64596d18-6c88-447f-85b2-6697354a26b2;393.49;0.14112;BUY
2016-01-26T01:26:01.487000;2016-01-26T01:26:01.490000;a278bd32-b38d-481f-ae69-a5c2b187d5e8;393.49;0.12206;BUY
2016-01-26T01:26:31.457000;2016-01-26T01:26:31.460000;6f65f1f6-b04d-4ad5-a955-c055f6693391;393.47;1.00815;BUY
2016-01-26T01:27:01.497000;2016-01-26T01:27:01.507000;c608ec34-758d-4bcd-bde7-2abe58b8d21c;393.47;4.75525;BUY
2016-01-26T01:27:31.593000;2016-01-26T01:27:31.600000;1566a3e5-bc78-4f6e-9d20-b0ae1402ef68;393.47;3.2343269;BUY
2016-01-26T01:27:31.593000;2016-01-26T01:27:31.617000;1ffabfaa-a0f7-4ef7-b979-2fa6558b4fb2;393.54;1.8763031;BUY
2016-01-26T01:28:01.437000;2016-01-26T01:28:01.443000;6793ed11-8c4f-4e70-a96c-d89454e025e1;393.57;2.39357;BUY
2016-01-26T01:29:01.450000;2016-01-26T01:29:01.443000;da83419c-12b2-4df8-b185-dfafa5af59d3;393.56;0.836;BUY
2016-01-26T01:29:01.450000;2016-01-26T01:29:01.460000;4def30a1-5eec-4f12-a013-fa1315ef86ee;393.57;1.87034;BUY
2016-01-26T01:30:02.447000;2016-01-26T01:30:02.500000;2cea5a66-887a-4396-b36c-c8ff030ce1f2;393.48;0.33971;BUY
2016-01-26T01:30:31.737000;2016-01-26T01:30:31.780000;1280f367-da44-43df-b3b8-1348131dff8c;393.47;0.01;SELL
2016-01-26T01:30:31.737000;2016-01-26T01:30:31.813000;c5c889f5-5e10-46ee-be6e-b15cc05f56cc;393.47;0.015;SELL
2016-01-26T01:30:31.737000;2016-01-26T01:30:31.813000;d20abcef-d9a8-4023-b34a-dbcd7528d2b0;393.4;0.04257;SELL
2016-01-26T01:31:01.623000;2016-01-26T01:31:01.670000;a1546fa9-e544-4f71-a27d-00b6c8c834da;393.43;0.02405;BUY
2016-01-26T01:31:31.687000;2016-01-26T01:31:31.750000;42471979-e7ba-4bcb-bc4e-0a872d9abeb0;393.4;0.06;BUY
2016-01-26T01:31:31.690000;2016-01-26T01:31:31.750000;a37ffca8-36f4-416b-ab9d-bb9e13a69ad7;393.41;0.20773;BUY
2016-01-26T01:32:02.067000;2016-01-26T01:32:02.110000;b5ca3733-6db5-4c37-87f7-94e41f101098;393.32;0.01;SELL
2016-01-26T01:32:02.067000;2016-01-26T01:32:02.140000;be8e5d98-d856-48f3-8ef7-944a918216d0;393.28;0.01;SELL
2016-01-26T01:32:02.067000;2016-01-26T01:32:02.157000;fb0bbf92-9eb4-4f08-87ac-1d9a677b4244;393.28;0.22;SELL
2016-01-26T01:32:02.067000;2016-01-26T01:32:02.157000;44240af5-2b1d-418b-8350-becf72ef4211;393.28;0.02529;SELL
2016-01-26T01:32:31.540000;2016-01-26T01:32:31.577000;b05189d1-1f3e-4fd3-b692-df27f34a2bd7;393.28;0.01;SELL
2016-01-26T01:32:31.540000;2016-01-26T01:32:31.610000;0dd29fcd-655e-498a-9637-f3846d9b8c2c;393.27;1.83847;SELL
2016-01-26T01:33:01.723000;2016-01-26T01:33:01.767000;251940e0-ae9e-45c3-8118-97923ed7d1f9;393.26;0.01135;SELL
2016-01-26T01:33:03.170000;2016-01-26T01:33:03.217000;589473ce-7c9d-4206-bbbf-523db9d9aa43;393.26;1.92306124;SELL
2016-01-26T01:33:59.160000;2016-01-26T01:33:59.203000;9aff299a-341d-4867-a29e-dd7f2a74e994;393.31;3.80926654;BUY
2016-01-26T01:34:01.507000;2016-01-26T01:34:01.547000;ddeb7169-7300-48f6-9d09-d91e992c5e16;393.2;2.28003;SELL
2016-01-26T01:34:31.610000;2016-01-26T01:34:31.657000;f74c6cd4-5ca3-4fb5-9247-cb6b211fab4b;393.34;1.00751;BUY
2016-01-26T01:35:01.647000;2016-01-26T01:35:01.687000;ecc53b1b-8f47-48a4-a395-056b7742883c;393.25;0.66;SELL
2016-01-26T01:35:01.647000;2016-01-26T01:35:01.703000;a3759e67-1f37-4258-87a2-f5e39728a209;393.24;0.0378;SELL
2016-01-26T01:35:31.520000;2016-01-26T01:35:31.563000;e78430c3-18ae-4cfc-8d49-a5056aebdb39;393.34;1.0338;BUY
2016-01-26T01:36:01.550000;2016-01-26T01:36:01.593000;267d9b3d-7758-4b7e-9233-97552bba4eea;393.34;2.77339;BUY
2016-01-26T01:36:31.647000;2016-01-26T01:36:31.670000;4a376df2-840f-4629-9044-b78a4e69ff01;393.26;0.04878;SELL
2016-01-26T01:37:01.547000;2016-01-26T01:37:01.577000;6b508559-2bf7-4e07-b810-499e6501666a;393.34;3.51773;BUY
2016-01-26T01:37:31.590000;2016-01-26T01:37:31.623000;96e61c5a-3054-48e6-89e4-0d67f755dfb8;393.34;0.30322;BUY
2016-01-26T01:38:01.523000;2016-01-26T01:38:01.563000;9623955d-13fb-4b03-bf34-78a5db267033;393.34;0.18085;BUY
2016-01-26T01:38:31.657000;2016-01-26T01:38:31.687000;7e7ee6a8-1695-42be-9f5f-7ed71fe05e17;393.34;1.04438;BUY
2016-01-26T01:39:01.523000;2016-01-26T01:39:01.547000;a4391450-29ee-4d84-882e-7002a58d823e;393.34;0.13912;BUY
2016-01-26T01:39:01.523000;2016-01-26T01:39:01.563000;a21f01b5-9b27-4ab3-a2b8-8a95737db97a;393.34;0.73609;BUY
2016-01-26T01:39:01.523000;2016-01-26T01:39:01.563000;6fe97708-641c-4ffd-937a-295a4c48d07c;393.34;1.44468;BUY
2016-01-26T01:39:31.493000;2016-01-26T01:39:31.517000;308aff82-d100-4761-871b-3f78d70ee0c8;393.28;0.096;SELL
2016-01-26T01:39:31.493000;2016-01-26T01:39:31.530000;31a954c6-6def-41ce-a0c2-3566cdbfb3c5;393.25;0.29683;SELL
2016-01-26T01:40:01.753000;2016-01-26T01:40:01.780000;a586d59d-6b47-4e10-83aa-3ec4b76e7d8e;393.19;0.08;SELL
2016-01-26T01:40:01.753000;2016-01-26T01:40:01.797000;56adbfab-29a7-4811-9019-c0aa3acef1b0;393.15;0.16717;SELL
2016-01-26T01:40:31.883000;2016-01-26T01:40:31.907000;d189cdf2-5b16-4159-abea-338a81a6fc5f;393.34;0.87117;BUY
2016-01-26T01:40:49.770000;2016-01-26T01:40:49.797000;e2787dee-b80d-47ef-9930-a52a5637794b;393.34;0.12144;BUY
2016-01-26T01:41:01.563000;2016-01-26T01:41:01.593000;e4b51d35-dc66-40e0-b9a1-953696cc73f0;393.34;1.90668;BUY
2016-01-26T01:41:31.847000;2016-01-26T01:41:31.873000;d9e4458a-c1ff-4a0a-8600-59d77fa85429;393.33;0.83938;BUY
2016-01-26T01:42:02.030000;2016-01-26T01:42:02.047000;df0fe56e-c09b-4d90-8f62-752486a743bd;393.33;1.61792;BUY
2016-01-26T01:42:31.787000;2016-01-26T01:42:31.813000;885c0935-3b01-46e9-a199-3c98b0fb0cea;393.33;0.7515;BUY
2016-01-26T01:43:01.590000;2016-01-26T01:43:01.610000;7296ed25-7a83-445c-a186-33e209ea7fec;393.32;1.0;SELL
2016-01-26T01:43:01.590000;2016-01-26T01:43:01.623000;fb84f2d9-e90d-4818-a652-065040bcb7f5;393.32;0.274;SELL
2016-01-26T01:43:01.593000;2016-01-26T01:43:01.623000;9d0326cb-b725-40ec-bbfb-6644bb0a80a7;393.27;1.819;SELL
2016-01-26T01:43:01.593000;2016-01-26T01:43:01.623000;f388c9b6-ca41-47c0-8de1-14b28b495a2b;393.23;3.96;SELL
2016-01-26T01:43:01.593000;2016-01-26T01:43:01.623000;7afc8d1e-a337-4108-8f62-be84fde54395;393.22;7.71515;SELL
2016-01-26T01:43:31.600000;2016-01-26T01:43:31.623000;7efa6152-41df-40f1-8cc2-dee09a02f989;393.26;0.05;SELL
2016-01-26T01:43:31.600000;2016-01-26T01:43:31.640000;81701a08-c67c-4c28-924d-a6fd3d76a798;393.26;0.69205;SELL
2016-01-26T01:44:01.563000;2016-01-26T01:44:01.577000;6eaf017e-8b02-4665-938f-0793b47ad4b0;393.32;0.05;BUY
2016-01-26T01:44:01.563000;2016-01-26T01:44:01.593000;ae3cb83d-af0d-4dcf-9cb1-0e6a65591830;393.32;0.00289;BUY
2016-01-26T01:44:33.017000;2016-01-26T01:44:33.030000;2d7824ea-7d69-40f1-a790-46432f38c139;393.23;0.05;SELL
2016-01-26T01:44:33.017000;2016-01-26T01:44:33.047000;5e55a754-a61a-4a74-b6ad-511c4e2eada4;393.23;0.21351;SELL
2016-01-26T01:45:05.003000;2016-01-26T01:45:05.047000;685c12cb-c655-4b30-816e-c473b8575930;393.27;0.52954361;BUY
2016-01-26T01:45:05.003000;2016-01-26T01:45:05.063000;8ce0fe8e-72c0-4e7d-a7bd-e3f73d85f1b3;393.28;0.05;BUY
2016-01-26T01:45:05.003000;2016-01-26T01:45:05.063000;256faf82-e5b1-4c42-962f-34a20e3fb8e7;393.34;5.09963639;BUY
2016-01-26T01:45:31.487000;2016-01-26T01:45:31.530000;1fbae614-2147-4d1f-b7c4-39c587232d09;393.31;0.05;SELL
2016-01-26T01:45:31.487000;2016-01-26T01:45:31.530000;cdb508ec-5bef-4f96-9f23-0e2edcde048a;393.23;1.11632;SELL
2016-01-26T01:45:52.223000;2016-01-26T01:45:52.267000;e915ffe9-68ed-4374-8790-18f36c006f00;393.34;0.07607969;BUY
2016-01-26T01:46:01.483000;2016-01-26T01:46:01.530000;54801d91-f36d-436c-9296-f1abf9df567c;393.34;0.88931;BUY
2016-01-26T01:46:31.550000;2016-01-26T01:46:31.627000;48c822be-ebaa-433f-8d38-cc12827e816a;393.31;0.128;SELL
2016-01-26T01:46:31.550000;2016-01-26T01:46:31.627000;a6f5e911-d756-4c24-9e45-4e7fa2eb6672;393.3;0.05;SELL
2016-01-26T01:46:31.550000;2016-01-26T01:46:31.627000;533d483f-9520-48bf-9721-b458a48d4245;393.26;0.075;SELL
2016-01-26T01:46:31.550000;2016-01-26T01:46:31.627000;511e4460-3bd3-4b8a-a33d-20168c61b8d8;393.23;0.78604;SELL
2016-01-26T01:47:01.753000;2016-01-26T01:47:01.797000;58a93b5f-6199-4d19-9957-1c6e30e1c298;393.33;0.02774;BUY
2016-01-26T01:47:12.143000;2016-01-26T01:47:12.187000;0e59ebe7-1939-4089-a890-424f643c78d0;393.33;0.02226;BUY
2016-01-26T01:47:12.143000;2016-01-26T01:47:12.203000;6d1c61f9-3b4a-487a-b1cb-d6c143b4e4db;393.33;0.0889;BUY
2016-01-26T01:47:30.303000;2016-01-26T01:47:30.343000;a6e2486b-2341-440f-801c-fae9eb0bc2c8;393.33;0.05;BUY
2016-01-26T01:47:30.303000;2016-01-26T01:47:30.360000;c6edba97-21f8-44ae-9909-82f156ff0923;393.34;6.17338;BUY
2016-01-26T01:48:01.657000;2016-01-26T01:48:01.687000;8e0f4ad1-9804-42db-868b-0cad804a75bf;393.33;0.05;BUY
2016-01-26T01:48:01.657000;2016-01-26T01:48:01.703000;2aa7a321-f91a-4c7b-ab50-326f0ef07bfe;393.34;1.0124;BUY
2016-01-26T01:48:31.933000;2016-01-26T01:48:31.970000;8651bd87-0e43-4068-8363-3d23b405e7b3;393.32;0.29;BUY
2016-01-26T01:48:31.933000;2016-01-26T01:48:31.983000;41bd59aa-59e1-4b29-a531-3e8032ccbfc8;393.32;0.05;BUY
2016-01-26T01:48:31.933000;2016-01-26T01:48:31.983000;fda43807-676b-49e7-80fe-8e4667c81ce9;393.33;2.93561;BUY
2016-01-26T01:49:01.660000;2016-01-26T01:49:01.687000;3eeb0a51-f515-48af-b0ae-be2917221c6a;393.31;0.32978;BUY
2016-01-26T01:49:31.543000;2016-01-26T01:49:31.580000;ad33a93c-9700-4b02-bf35-2f7265f48458;393.25;0.06633;BUY
2016-01-26T01:50:01.080000;2016-01-26T01:50:01.110000;567319d5-0c63-41fb-aff5-2b2251cd556f;393.2;0.09867;BUY
2016-01-26T01:50:01.750000;2016-01-26T01:50:01.783000;03448e5d-8b6c-4e7f-b660-f130cd16dfab;393.2;0.33;BUY
2016-01-26T01:50:01.750000;2016-01-26T01:50:01.797000;1f86ea17-ba53-4be9-91a3-4bb1826b3596;393.21;0.05;BUY
2016-01-26T01:50:01.750000;2016-01-26T01:50:01.797000;3ed2dffa-4950-4c91-a458-fe78522bdd5c;393.23;0.085;BUY
2016-01-26T01:50:01.750000;2016-01-26T01:50:01.797000;0bfc6bf6-1b9b-410e-a629-0b116c5a4d3d;393.24;0.66902;BUY
2016-01-26T01:50:31.583000;2016-01-26T01:50:31.627000;6fd85ec2-7d4e-4bf6-ac77-947e8fae5464;393.15;0.01;SELL
2016-01-26T01:50:31.583000;2016-01-26T01:50:31.627000;b45e7806-7e7a-48ac-8720-917e679d0a9c;393.14;0.05;SELL
2016-01-26T01:50:31.583000;2016-01-26T01:50:31.640000;3ca35057-5a4e-4e97-a9ac-409108424582;393.14;0.122;SELL
2016-01-26T01:50:31.583000;2016-01-26T01:50:31.640000;58cc5edf-a535-4113-a153-8070cf6daef4;393.13;0.05;SELL
2016-01-26T01:50:31.583000;2016-01-26T01:50:31.640000;38cef4ca-322f-4b80-8e9e-df685e136347;393.11;0.01;SELL
2016-01-26T01:50:31.583000;2016-01-26T01:50:31.640000;8b5a62a6-3a3d-4fad-9362-079b2b8043ff;393.11;0.26;SELL
2016-01-26T01:50:31.583000;2016-01-26T01:50:31.640000;eb84fc72-f498-4c2c-8aaa-dcc0f9ebcb7d;393.05;0.124;SELL
2016-01-26T01:50:31.583000;2016-01-26T01:50:31.640000;967a1e47-0118-441d-9743-1f86e9d52b64;393.0;0.015;SELL
2016-01-26T01:50:31.583000;2016-01-26T01:50:31.640000;5862c2f4-7006-49b8-a98a-90306708f53c;393.0;0.114;SELL
2016-01-26T01:50:31.583000;2016-01-26T01:50:31.640000;65ca1aa4-b442-4773-a5f8-034fc5db4dda;392.95;0.076;SELL
2016-01-26T01:50:31.583000;2016-01-26T01:50:31.640000;b336bfa2-89fe-4616-9c73-69455adc5140;392.9;0.073;SELL
2016-01-26T01:50:31.583000;2016-01-26T01:50:31.640000;ee1e0184-c164-4f55-b51b-9609fb88ef0b;392.89;0.01;SELL
2016-01-26T01:50:31.583000;2016-01-26T01:50:31.640000;e3e9127a-5d76-43a0-aeeb-188fa72d6180;392.86;0.02;SELL
2016-01-26T01:50:31.583000;2016-01-26T01:50:31.640000;f2ee6e8d-e577-4365-92b0-393a6666cf40;392.85;0.091;SELL
2016-01-26T01:50:31.583000;2016-01-26T01:50:31.657000;eb109e20-680a-4584-91f9-7cf65a3cc178;392.76;3.43641;SELL
2016-01-26T01:51:01.543000;2016-01-26T01:51:01.580000;1797e8c9-995c-47c2-a33f-04813915dde4;393.14;0.92618;BUY
2016-01-26T01:51:31.570000;2016-01-26T01:51:31.593000;b9b57c54-62f1-4033-a160-cc411a121367;392.95;0.01;SELL
2016-01-26T01:51:31.570000;2016-01-26T01:51:31.610000;ce82046b-7612-4ae5-841a-a47dd3fb2e2d;392.95;0.085;SELL
2016-01-26T01:51:31.570000;2016-01-26T01:51:31.627000;2164f1ab-8a06-4c0f-92a5-c855b751483e;392.94;0.01;SELL
2016-01-26T01:51:31.573000;2016-01-26T01:51:31.627000;64d93232-5cfd-4403-8967-e63d82f98e11;392.91;0.01;SELL
2016-01-26T01:51:31.573000;2016-01-26T01:51:31.627000;f0a27f46-742e-42ed-b56c-2fc556732954;392.89;0.078;SELL
2016-01-26T01:51:31.573000;2016-01-26T01:51:31.627000;bc47984e-1822-4fe3-abd5-28688bc40328;392.86;0.02;SELL
2016-01-26T01:51:31.573000;2016-01-26T01:51:31.627000;1265eaec-f82f-4070-ada5-61615ca3026a;392.84;0.105;SELL
2016-01-26T01:51:31.573000;2016-01-26T01:51:31.640000;3092d9be-a91a-4bf8-8e69-3a4f15fbb03b;392.79;0.127;SELL
2016-01-26T01:51:31.573000;2016-01-26T01:51:31.640000;844e07c1-6eb7-41e2-86d1-3bb31eb9ad9b;392.76;0.70617;SELL
2016-01-26T01:52:01.787000;2016-01-26T01:52:01.830000;38ec74d7-7922-43a1-88d6-78e9abe1d3cc;393.09;0.3809;BUY
2016-01-26T01:52:31.800000;2016-01-26T01:52:31.843000;3a5455ed-7ab3-4708-87dd-9c41b80c81a4;393.01;0.936;BUY
2016-01-26T01:52:31.800000;2016-01-26T01:52:31.843000;2a80265f-380c-4d0f-b7d3-5754526f9db9;393.02;1.1;BUY
2016-01-26T01:52:31.800000;2016-01-26T01:52:31.843000;f68de431-4ea0-4805-9f7d-456684432ce9;393.02;0.29385;BUY
2016-01-26T01:52:34.287000;2016-01-26T01:52:34.313000;66e70e8f-5d8b-43e1-b6be-76e7b533d9bd;392.79;0.01;SELL
2016-01-26T01:52:34.287000;2016-01-26T01:52:34.330000;838e4f8e-e578-46a1-86af-df729f0d0cd9;392.78;0.081;SELL
2016-01-26T01:52:34.287000;2016-01-26T01:52:34.330000;002649ee-1911-4767-bb15-ad8747e23b21;392.75;0.01;SELL
2016-01-26T01:52:34.287000;2016-01-26T01:52:34.330000;6b097612-ca35-47a4-9708-679ba935ad3d;392.75;0.099;SELL
2016-01-26T01:53:01.577000;2016-01-26T01:53:01.610000;a0902fbf-6058-4221-bf61-549735546f67;392.69;0.01;SELL
2016-01-26T01:53:01.580000;2016-01-26T01:53:01.610000;ee794d2f-dfab-45c9-9262-37b5bf795e65;392.69;0.01058;SELL
2016-01-26T01:53:47.010000;2016-01-26T01:53:47.047000;8591cd40-c2f8-43cc-8fc9-3fcf50d1f3f4;392.59;0.01;SELL
2016-01-26T01:53:47.010000;2016-01-26T01:53:47.047000;1640c327-79dc-480f-99a3-74f15177a288;392.59;0.01;SELL
2016-01-26T01:53:47.010000;2016-01-26T01:53:47.047000;b753a877-0c62-4b8b-aa40-36f26843b70d;392.58;0.113;SELL
2016-01-26T01:53:47.010000;2016-01-26T01:53:47.047000;8db00c58-4e99-45ee-8723-2d1469726b95;392.55;0.10028;SELL
2016-01-26T01:53:47.010000;2016-01-26T01:53:47.047000;d9ba354f-db98-4fe2-a0d3-5ca0f16012c8;392.54;0.01;SELL
2016-01-26T01:53:47.010000;2016-01-26T01:53:47.063000;8d67bddf-3d63-4fe9-ae2e-8067c515d6a0;392.5;0.126;SELL
2016-01-26T01:53:47.010000;2016-01-26T01:53:47.063000;7cf861b1-5e87-4f24-93c0-c5d503db3333;392.48;0.01;SELL
2016-01-26T01:53:47.010000;2016-01-26T01:53:47.063000;7f9e315e-e24f-4b33-b9f2-65da49d70df8;392.46;1.665;SELL
2016-01-26T01:53:47.010000;2016-01-26T01:53:47.063000;111cffa8-3d3f-4ca6-86b4-63657f4b6bd4;392.36;0.02;SELL
2016-01-26T01:53:47.010000;2016-01-26T01:53:47.080000;09c69d56-5956-45dc-a8b3-e5680ea61835;392.35;0.38;SELL
2016-01-26T01:53:47.013000;2016-01-26T01:53:47.080000;21c62c33-71f3-41b6-ab7d-62b0e35f79b1;392.32;0.01;SELL
2016-01-26T01:53:47.013000;2016-01-26T01:53:47.080000;446ae2b7-4440-4dda-9cbc-d5a89f60ea26;392.25;0.04;SELL
2016-01-26T01:53:47.013000;2016-01-26T01:53:47.080000;083bc602-0269-4f53-9144-8c346c4b984f;392.15;0.50572;SELL
2016-01-26T01:54:01.807000;2016-01-26T01:54:01.830000;3074d017-c992-4369-93c5-4f5f7689b79a;392.53;0.04081;BUY
2016-01-26T01:54:12.563000;2016-01-26T01:54:12.593000;11268706-c4a8-4e23-b6a5-d933ddd5277d;392.55;1.614;SELL
2016-01-26T01:54:12.563000;2016-01-26T01:54:12.593000;1a64f874-6e7f-41ea-9165-b011373c3516;392.54;0.386;SELL
2016-01-26T01:54:12.880000;2016-01-26T01:54:12.890000;a924139d-af7d-448a-a4a2-4cb66a7b2696;392.54;15.05404392;SELL
2016-01-26T01:55:01.820000;2016-01-26T01:55:01.843000;33eca447-3660-4240-82d5-6a02624a5579;392.45;0.02161;BUY
2016-01-26T01:55:19.243000;2016-01-26T01:55:19.267000;28553aa3-3df6-4ad0-aec0-530b727e5cea;392.45;2.0;SELL
2016-01-26T01:55:26.203000;2016-01-26T01:55:26.237000;8a3ced07-f04a-4ea2-ba36-0442aa147412;392.46;0.05;BUY
2016-01-26T01:55:26.213000;2016-01-26T01:55:26.237000;27de73d8-616f-4400-ac86-2fe45fb6e22c;392.46;0.05;BUY
2016-01-26T01:55:26.217000;2016-01-26T01:55:26.250000;40a3c0a5-ed4b-4ba1-9738-f29684ab00e2;392.46;0.05;BUY
2016-01-26T01:55:29.317000;2016-01-26T01:55:29.343000;71392470-b0d1-4f27-8721-ac44a93d60ae;392.53;0.05;BUY
2016-01-26T01:55:29.323000;2016-01-26T01:55:29.343000;0b7e5621-59c9-4ecf-9cb9-4ed6d08512fd;392.53;0.05;BUY
2016-01-26T01:55:31.877000;2016-01-26T01:55:31.890000;019a23e3-0a17-490a-8556-f989bbe991ff;392.5;0.25;BUY
2016-01-26T01:55:31.877000;2016-01-26T01:55:31.907000;202556e2-864c-406e-85e5-062304e0a153;392.5;0.22;BUY
2016-01-26T01:55:31.877000;2016-01-26T01:55:31.907000;bbde93f6-4489-4ed5-b40c-04a572e4a122;392.58;2.3961;BUY
2016-01-26T01:56:01.570000;2016-01-26T01:56:01.580000;86cb9be7-0cc1-4927-bb94-456e677b72f5;392.53;0.04921;BUY
2016-01-26T01:57:01.917000;2016-01-26T01:57:01.937000;0b220c63-a89b-43f9-969e-78c567ce9867;392.47;0.01;SELL
2016-01-26T01:57:01.917000;2016-01-26T01:57:01.937000;c569ecd8-be9a-4655-901b-ebb205a41d88;392.47;0.24;SELL
2016-01-26T01:57:01.917000;2016-01-26T01:57:01.937000;618a55f6-43f3-4408-b7b9-8732c6b0cb85;392.47;0.083;SELL
2016-01-26T01:57:01.917000;2016-01-26T01:57:01.937000;ae75ca3d-a935-42ae-8caa-f046920e3ac7;392.47;7.86;SELL
2016-01-26T01:57:01.917000;2016-01-26T01:57:01.937000;408f78cb-15fe-4ebc-9baa-1d8c4a141298;392.46;0.01;SELL
2016-01-26T01:57:01.917000;2016-01-26T01:57:01.953000;18d9e90d-9d68-4600-a567-e21339ba2163;392.37;0.80631;SELL
2016-01-26T01:57:31.650000;2016-01-26T01:57:31.657000;950d8728-c660-4f91-84a1-ca260c006b73;392.48;1.0;BUY
2016-01-26T01:57:31.650000;2016-01-26T01:57:31.687000;494d4e6c-13f8-4472-994e-8b33cbeab04d;392.51;0.18;BUY
2016-01-26T01:57:31.650000;2016-01-26T01:57:31.687000;cf1f3212-8f2b-41e6-8fbd-2414eed7cd72;392.55;0.19;BUY
2016-01-26T01:57:31.650000;2016-01-26T01:57:31.687000;c739cda9-2412-43ed-ac9a-385855a4ab04;392.56;0.08214;BUY
2016-01-26T01:58:01.673000;2016-01-26T01:58:01.687000;36695fc4-1fa5-4fa3-912c-3e62fa30890e;392.58;4.30076;BUY
2016-01-26T01:58:30.313000;2016-01-26T01:58:30.330000;af1e4484-14e6-4a5d-9b09-2190fc417798;392.52;0.41;SELL
2016-01-26T01:58:30.317000;2016-01-26T01:58:30.330000;1dcf3a9b-6eb6-4d6f-9983-1b504e86947d;392.41;0.424265;SELL
2016-01-26T01:58:40.123000;2016-01-26T01:58:40.140000;77f779bc-a49b-400f-be87-ac26b8f0781d;392.37;0.02;SELL
2016-01-26T01:58:40.127000;2016-01-26T01:58:40.140000;e2e57c59-b4c8-4a5c-8bea-d7ec7ed39d8c;392.37;0.66;SELL
2016-01-26T01:58:40.127000;2016-01-26T01:58:40.140000;714501f9-36d6-439d-bf2c-dde99c97fd93;392.36;1.182;SELL
2016-01-26T01:58:40.127000;2016-01-26T01:58:40.140000;bdbb004a-ddb4-4980-a0ed-e587d5c02999;392.34;0.01;SELL
2016-01-26T01:58:40.127000;2016-01-26T01:58:40.140000;9faead25-9f56-4039-adbf-cfe3fd20446e;392.32;0.128;SELL
2016-01-26T01:59:31.510000;2016-01-26T01:59:31.517000;fe7bb3c9-a8ab-4cfd-b480-2676711e5dac;392.48;0.05;BUY
2016-01-26T01:59:31.510000;2016-01-26T01:59:31.517000;659d39b7-9d35-41cb-8b0d-889a424a6c21;392.65;0.01;BUY
2016-01-26T01:59:31.510000;2016-01-26T01:59:31.533000;c660944d-fe15-4a4e-9cc4-ebbf44577776;392.68;0.05;BUY
2016-01-26T01:59:31.510000;2016-01-26T01:59:31.533000;54b8ee13-6a25-475c-83a7-411739c3ea55;392.69;0.45175;BUY
2016-01-26T02:00:01.833000;2016-01-26T02:00:01.860000;f8b7be9d-ab50-4815-834c-ec67cc0bbc6b;392.33;0.01;SELL
2016-01-26T02:00:01.833000;2016-01-26T02:00:01.860000;72dcb325-0326-40c7-babd-630d6fad5a1e;392.32;0.01;SELL
2016-01-26T02:00:01.833000;2016-01-26T02:00:01.860000;dd2661c0-fab8-415e-97f1-4a5f6ff5b7f2;392.32;0.05897;SELL
2016-01-26T02:00:31.663000;2016-01-26T02:00:31.730000;d873e8f0-1a0a-4308-9de1-01cc2b2ec61e;392.4;0.85952;SELL
2016-01-26T02:01:01.633000;2016-01-26T02:01:01.683000;bb6c57b4-1438-4d14-9bba-0783925c8305;392.62;0.01;BUY
2016-01-26T02:01:01.633000;2016-01-26T02:01:01.683000;ba52b6cf-70d9-4070-b2a7-09c74737b897;392.68;0.04265;BUY
2016-01-26T02:01:31.567000;2016-01-26T02:01:31.620000;90606a12-31f6-4895-8767-9ba0e6582f06;392.72;0.05;BUY
2016-01-26T02:01:31.567000;2016-01-26T02:01:31.620000;fdc2006d-4423-482a-9f0a-661cb1fb7f04;392.73;0.32;BUY
2016-01-26T02:01:31.567000;2016-01-26T02:01:31.620000;47d858e8-1745-46d5-98c2-dc4483cde925;392.77;0.01;BUY
2016-01-26T02:01:31.567000;2016-01-26T02:01:31.620000;b30fab1b-0c5a-4acf-8c77-ca4d2c9cf5d9;392.8;0.01;BUY
2016-01-26T02:01:31.567000;2016-01-26T02:01:31.620000;e316cf7f-795a-4d1a-b9c6-c91831d85ca4;392.82;0.01;BUY
2016-01-26T02:01:31.567000;2016-01-26T02:01:31.653000;b7253c48-1a4c-40e2-ab04-2f17a7d7491f;392.83;0.01;BUY
2016-01-26T02:01:31.567000;2016-01-26T02:01:31.653000;fd633b5a-3c0a-4c64-8917-a271a7f640e6;392.84;0.12769;BUY
2016-01-26T02:03:01.553000;2016-01-26T02:03:01.607000;218224d1-5927-458f-8950-a70b622a472c;392.67;0.01;SELL
2016-01-26T02:03:01.557000;2016-01-26T02:03:01.620000;548928ea-b82d-4dbe-86d6-b663e88e3870;392.58;0.01587;SELL
2016-01-26T02:03:31.550000;2016-01-26T02:03:31.590000;9e4615cd-9e3c-46a3-80a0-9a8e17ca42b1;392.7;5.56;BUY
2016-01-26T02:03:31.550000;2016-01-26T02:03:31.607000;3b9e2c06-8024-46b1-b3f3-8f885e07331d;392.71;1.302;BUY
2016-01-26T02:03:31.550000;2016-01-26T02:03:31.607000;03e1a504-a54e-428c-9328-48ab1a814a0b;392.73;1.276;BUY
2016-01-26T02:03:31.550000;2016-01-26T02:03:31.607000;34143b4f-010b-4526-83b2-c284a7857b89;392.73;1.28;BUY
2016-01-26T02:03:31.550000;2016-01-26T02:03:31.607000;66fec788-50b2-475f-9175-4f59f520a466;392.74;1.288;BUY
2016-01-26T02:03:31.550000;2016-01-26T02:03:31.607000;1f191070-249d-45a3-8159-104ce22742e6;392.76;1.266;BUY
2016-01-26T02:03:31.550000;2016-01-26T02:03:31.620000;b07146a4-cce4-4bd3-92e5-8f8c6c7e4a52;392.77;0.25;BUY
2016-01-26T02:03:31.550000;2016-01-26T02:03:31.620000;493a35b9-c3e5-42ac-83a4-b571c7e9c59d;392.78;1.298;BUY
2016-01-26T02:03:31.553000;2016-01-26T02:03:31.620000;66614940-a8ba-40c3-b8ad-50da3bc216bc;392.8;0.05;BUY
2016-01-26T02:03:31.553000;2016-01-26T02:03:31.620000;fa3d4fde-aa70-4682-85c6-0440922be27e;392.8;0.00249;BUY
2016-01-26T02:04:01.623000;2016-01-26T02:04:01.667000;4d79eb85-f885-4aa9-9701-5577ff8aace8;392.58;0.03223;SELL
2016-01-26T02:04:31.613000;2016-01-26T02:04:31.653000;aa420dbb-ded0-474b-973c-3049e7d445b1;392.72;0.05;BUY
2016-01-26T02:04:31.613000;2016-01-26T02:04:31.653000;528d3f1d-7b0f-48cf-9f23-0e8d1936dbf7;392.82;0.33;BUY
2016-01-26T02:04:31.613000;2016-01-26T02:04:31.653000;63bab308-a158-4a86-9786-6ce60b13e0a6;392.85;0.01;BUY
2016-01-26T02:04:31.613000;2016-01-26T02:04:31.667000;d30ca626-97f7-4652-80e3-403658ac8b5b;392.89;0.24445;BUY
2016-01-26T02:05:31.577000;2016-01-26T02:05:31.607000;ea327e1a-974f-44ef-8850-9e60337a694d;392.83;0.26166;BUY
2016-01-26T02:06:01.613000;2016-01-26T02:06:01.653000;7b747d46-7be1-4391-8bf1-e2af835a55c5;392.83;0.24314;BUY
2016-01-26T02:06:10.353000;2016-01-26T02:06:10.387000;b8f84a7f-c22e-4cbf-96a3-5c163196dee6;392.78;0.05;SELL
2016-01-26T02:06:31.663000;2016-01-26T02:06:31.700000;4f97ae89-6f9a-452b-9ad3-d91730da4f93;392.87;0.50803;BUY
2016-01-26T02:07:01.553000;2016-01-26T02:07:01.573000;a68cc0ff-ea7a-41fa-9cdf-b8b977e67524;392.95;0.30563;BUY
2016-01-26T02:07:31.623000;2016-01-26T02:07:31.653000;f192eeaf-81dc-4a05-8b91-4c5a705015e5;392.96;0.01;BUY
2016-01-26T02:07:31.623000;2016-01-26T02:07:31.667000;540a7555-2789-40fc-9068-19ffe5459684;393.0;0.01;BUY
2016-01-26T02:07:31.623000;2016-01-26T02:07:31.667000;46d01b55-4a6a-419d-a5be-b11e7238c584;393.0;0.05;BUY
2016-01-26T02:07:31.623000;2016-01-26T02:07:31.667000;6c18e1ca-df4c-43f3-b918-e3f1af91b8a1;393.01;0.01602279;BUY
2016-01-26T02:07:31.623000;2016-01-26T02:07:31.667000;860ca0d8-f063-4ad3-bc5d-d07621482804;393.02;0.01;BUY
2016-01-26T02:07:31.627000;2016-01-26T02:07:31.760000;20413a4f-253e-49cb-bd3d-d9c9f6e8fc31;393.03;0.58433721;BUY
2016-01-26T02:08:01.920000;2016-01-26T02:08:01.950000;fb30ac0a-a04a-414f-bc1e-8a656e365f9a;393.07;0.97;BUY
2016-01-26T02:08:01.920000;2016-01-26T02:08:01.963000;1c5f6ede-5078-47e4-9de7-83d6e2ec21d9;393.11;0.397;BUY
2016-01-26T02:08:01.920000;2016-01-26T02:08:01.963000;09a2c9d9-b0ff-411f-8d3e-01e74dbd169f;393.23;0.01;BUY
2016-01-26T02:08:01.920000;2016-01-26T02:08:01.963000;be1ceaa7-8825-42de-b1f4-352b9ea0e56e;393.26;0.6669;BUY
2016-01-26T02:08:31.600000;2016-01-26T02:08:31.637000;39318600-fe81-42c6-ac37-e0d1e742851e;393.16;0.944;BUY
2016-01-26T02:08:31.600000;2016-01-26T02:08:31.637000;c2eb12d2-a6fd-48d9-a1c1-07090e822fc4;393.17;4.70675;BUY
2016-01-26T02:09:01.590000;2016-01-26T02:09:01.620000;2a28b7c3-edc8-4579-9128-9e4da1ba5c62;393.09;0.28366;BUY
2016-01-26T02:09:32.183000;2016-01-26T02:09:32.200000;6dbe6cf5-4455-4b2c-84f5-b7e2c904acef;393.07;2.54618;BUY
2016-01-26T02:10:01.633000;2016-01-26T02:10:01.653000;36c636eb-90e3-4a4f-8263-702aee016dc1;393.07;0.06;BUY
2016-01-26T02:10:01.633000;2016-01-26T02:10:01.667000;451680e1-9133-41ef-8696-05245219674d;393.07;0.887;BUY
2016-01-26T02:10:01.633000;2016-01-26T02:10:01.667000;93cb42ec-eb7b-4b6d-a4ce-19d503406a2a;393.07;0.37;BUY
2016-01-26T02:10:01.633000;2016-01-26T02:10:01.667000;0e0847d0-1682-4948-94e0-de8000792baf;393.12;0.864;BUY
2016-01-26T02:10:01.633000;2016-01-26T02:10:01.667000;83cf76aa-62d6-45cc-8690-4e496cebef08;393.16;0.61858;BUY
2016-01-26T02:10:31.533000;2016-01-26T02:10:31.560000;e792536c-9483-48a2-8202-d6b06e73e5dc;393.07;0.37;BUY
2016-01-26T02:10:31.533000;2016-01-26T02:10:31.573000;57f8d69b-fdc8-49c5-bfe6-e21112b02af1;393.07;0.30411;BUY
2016-01-26T02:11:01.540000;2016-01-26T02:11:01.560000;634e2ed2-a853-42bf-b203-89e1ccd70621;393.07;0.06589;BUY
2016-01-26T02:11:01.540000;2016-01-26T02:11:01.573000;cb581617-3c25-45e5-9f67-0976259527d0;393.07;0.29145;BUY
2016-01-26T02:11:09.010000;2016-01-26T02:11:09.060000;2e8f89ba-932a-48cd-8b6c-c9842e9d1c42;393.06;0.05;SELL
2016-01-26T02:11:31.567000;2016-01-26T02:11:31.590000;764255d3-7904-4fa3-a9c6-df0c3b28b644;392.94;0.06709;BUY
2016-01-26T02:12:01.540000;2016-01-26T02:12:01.560000;59638efa-ab85-4cf3-92f3-f3fb65a0a7e5;392.93;0.29103;BUY
2016-01-26T02:12:31.727000;2016-01-26T02:12:31.747000;06509a41-5b63-4368-b18d-bf3418b48044;392.89;0.37;BUY
2016-01-26T02:12:31.727000;2016-01-26T02:12:31.763000;5063b9fb-2142-4c6b-9063-7119d80216cd;392.89;0.133;BUY
2016-01-26T02:13:01.633000;2016-01-26T02:13:01.653000;1b39f889-2843-4bc1-991a-5634223319fd;392.89;0.06457;BUY
2016-01-26T02:13:03.610000;2016-01-26T02:13:03.620000;5452c17c-e194-40a2-a263-eedc551fda30;392.88;0.01;SELL
2016-01-26T02:13:30.760000;2016-01-26T02:13:30.777000;112b3814-d4d7-4cd0-9d77-723ba8092d03;392.88;0.05;BUY
2016-01-26T02:13:30.770000;2016-01-26T02:13:30.793000;de76c859-c8cb-4178-ab1a-eb79eb57eb3f;392.88;0.05;BUY
2016-01-26T02:13:30.773000;2016-01-26T02:13:30.810000;96c67a00-1b8b-4657-af73-e6b5fcbe2a62;392.88;0.05;BUY
2016-01-26T02:13:30.967000;2016-01-26T02:13:30.980000;1a3c479c-cc42-48d4-ae4d-daf4e4f58fab;392.88;0.05;BUY
2016-01-26T02:13:31.580000;2016-01-26T02:13:31.590000;42715f12-e3be-4f4c-a09e-5eb5664e4728;392.88;0.575;BUY
2016-01-26T02:13:31.580000;2016-01-26T02:13:31.607000;fb96fe74-118e-4505-a08a-3c9e30a13a5b;392.9;0.03512;BUY
2016-01-26T02:13:40.130000;2016-01-26T02:13:40.153000;f98abc2f-91d0-4c1a-8503-c3e37de446cc;392.87;0.01;SELL
2016-01-26T02:14:01.460000;2016-01-26T02:14:01.463000;b62ac53d-581a-44c9-9d30-6e97a1fab6a3;392.87;0.05;BUY
2016-01-26T02:14:01.460000;2016-01-26T02:14:01.480000;a1713494-0661-43fc-be70-d5e16a05ff27;392.87;0.05;BUY
2016-01-26T02:14:01.460000;2016-01-26T02:14:01.480000;4edc61c0-31e8-48db-be86-1f4588b24b7c;392.88;0.02999;BUY
2016-01-26T02:14:31.750000;2016-01-26T02:14:31.763000;adbb23cb-45c3-4110-988b-7d53b0521053;392.88;0.02001;BUY
2016-01-26T02:14:31.750000;2016-01-26T02:14:31.777000;300e8c90-617e-43a2-bb5c-02c87e2a08c7;392.88;0.05;BUY
2016-01-26T02:14:31.750000;2016-01-26T02:14:31.777000;d6fa6ef6-06a6-4835-b434-e94f3397ba20;392.88;0.115;BUY
2016-01-26T02:14:31.750000;2016-01-26T02:14:31.777000;2386e4b6-c6af-4e24-a9cf-885d8d3cf064;392.9;0.02412;BUY
2016-01-26T02:15:01.450000;2016-01-26T02:15:01.463000;4c474db3-702e-4e4e-9b35-a487d519c974;392.88;0.68462;BUY
2016-01-26T02:15:31.637000;2016-01-26T02:15:31.667000;f38a2d1e-4009-41e3-8be5-a13d464f1288;392.87;0.07;BUY
2016-01-26T02:15:31.637000;2016-01-26T02:15:31.683000;6360ca3b-1a58-4cd6-86ec-94c98a1be6a7;392.87;0.323;BUY
2016-01-26T02:15:31.637000;2016-01-26T02:15:31.683000;437226c9-c257-40c3-8f93-4f90b06dba99;392.89;0.16524;BUY
2016-01-26T02:16:01.687000;2016-01-26T02:16:01.730000;9a932ff9-bc00-41a3-bae1-dcf8923aa700;392.98;1.28671;BUY
2016-01-26T02:16:31.517000;2016-01-26T02:16:31.557000;d291dfe4-63c6-4703-a031-7e720c4cf053;392.93;0.03;BUY
2016-01-26T02:16:31.517000;2016-01-26T02:16:31.557000;0241d6e3-3150-4523-94ea-d0a747aa3a4e;392.93;0.1139;BUY
2016-01-26T02:17:01.627000;2016-01-26T02:17:01.667000;7d913af5-d26c-407e-9e08-ebb5ee21241e;392.79;0.05;SELL
2016-01-26T02:17:01.627000;2016-01-26T02:17:01.683000;27cafaf9-8f9c-4793-89aa-f0e4f1ebf811;392.79;0.074;SELL
2016-01-26T02:17:01.627000;2016-01-26T02:17:01.683000;2cb0a10f-7607-4a3e-90e0-df5a81a6ecf6;392.69;0.01042;SELL
2016-01-26T02:18:31.673000;2016-01-26T02:18:31.697000;edcc261d-4ff6-49ca-bb85-e8ab03aa6014;392.72;0.01;SELL
2016-01-26T02:18:31.673000;2016-01-26T02:18:31.713000;d160a10c-67e4-435b-95b7-f005d746e201;392.71;0.103;SELL
2016-01-26T02:18:31.673000;2016-01-26T02:18:31.713000;b5cac57c-5664-4e98-8b35-cd16480e5b4c;392.7;0.11864;SELL
2016-01-26T02:19:01.643000;2016-01-26T02:19:01.667000;f7f97a1e-f315-4dc1-a513-decf182f4bb6;392.75;0.24;BUY
2016-01-26T02:19:01.643000;2016-01-26T02:19:01.683000;a3f61c1f-b1f4-4ce1-bfd2-80f1468119e5;392.75;0.356;BUY
2016-01-26T02:19:01.643000;2016-01-26T02:19:01.683000;62d5f5fe-71b0-4839-90cd-6ae0ee8fe41d;392.8;1.33489;BUY
2016-01-26T02:19:48.773000;2016-01-26T02:19:48.807000;952b057b-2b8f-42c0-908d-7449a9b412ee;392.88;1.98292702;BUY
2016-01-26T02:20:01.757000;2016-01-26T02:20:01.777000;f901c54f-10fa-42cc-8a88-8ec3bb0d0946;392.87;0.38937;BUY
2016-01-26T02:20:31.757000;2016-01-26T02:20:31.777000;719b4207-aebf-475d-a378-5130f514aecc;392.87;0.02;BUY
2016-01-26T02:20:31.757000;2016-01-26T02:20:31.793000;37cf5080-2903-468b-86ec-b0abe4690c70;392.87;0.01;BUY
2016-01-26T02:20:31.757000;2016-01-26T02:20:31.793000;c4a8ce8f-1395-4dbe-abfd-babe225fd3ab;392.88;0.22301;BUY
2016-01-26T02:21:01.677000;2016-01-26T02:21:01.713000;f9e4a34e-e473-4dc3-9848-981d7475bc73;392.67;0.107;SELL
2016-01-26T02:21:01.677000;2016-01-26T02:21:01.713000;79f3874a-b9ba-498f-9696-010098f45e87;392.66;0.01;SELL
2016-01-26T02:21:01.677000;2016-01-26T02:21:01.713000;3537c2e9-b0b7-465d-922d-2d22c4e007d5;392.66;0.19;SELL
2016-01-26T02:21:01.677000;2016-01-26T02:21:01.713000;87741fbc-fa04-4c98-a5e9-96197a026e26;392.62;1.64938;SELL
2016-01-26T02:21:22.380000;2016-01-26T02:21:22.400000;ff13619b-7be2-463f-a5a2-f3af03c420d9;392.56;0.00092702;SELL
2016-01-26T02:21:31.717000;2016-01-26T02:21:31.730000;bc45fac6-6681-4539-937b-bbe116003d40;392.56;0.04907298;SELL
2016-01-26T02:21:31.717000;2016-01-26T02:21:31.743000;66cb3199-db92-4683-a694-2962eba9c65b;392.56;0.108;SELL
2016-01-26T02:21:31.717000;2016-01-26T02:21:31.743000;f8cdb3dc-80a9-4619-b06b-12d3fc8dae70;392.55;0.01;SELL
2016-01-26T02:21:31.717000;2016-01-26T02:21:31.743000;ce5049d1-de76-418d-a92d-97f434baf319;392.51;0.114;SELL
2016-01-26T02:21:31.717000;2016-01-26T02:21:31.743000;c876698b-acd9-4e5e-94f8-832b11f76d45;392.46;0.108;SELL
2016-01-26T02:21:31.717000;2016-01-26T02:21:31.840000;2d37e43c-6fba-4bc8-b58f-52230af64ef6;392.41;0.076;SELL
2016-01-26T02:21:31.717000;2016-01-26T02:21:31.840000;66acad96-a126-4d55-a841-5b2922411954;392.36;0.112;SELL
2016-01-26T02:21:31.717000;2016-01-26T02:21:31.840000;2e94228d-c8ba-45b6-87b4-c62c82e1014e;392.31;0.01;SELL
2016-01-26T02:21:31.717000;2016-01-26T02:21:31.840000;93497b64-2597-4036-9e5b-0e11a8fa80ed;392.31;0.00857702;SELL
2016-01-26T02:22:01.640000;2016-01-26T02:22:01.683000;9a0ac6e1-a5f4-4f57-bdcc-a26268550401;392.76;3.52;BUY
2016-01-26T02:22:01.640000;2016-01-26T02:22:01.730000;92d97853-ca0a-4534-b60b-114d33894115;392.77;0.42;BUY
2016-01-26T02:22:01.643000;2016-01-26T02:22:01.760000;575c2ebc-e35f-4c22-9dcb-8445d67f211e;392.78;0.63206;BUY
2016-01-26T02:22:16.007000;2016-01-26T02:22:16.043000;96044ad7-6fd8-4d7f-a4ec-8a08ee20ad57;392.78;0.00264936;BUY
2016-01-26T02:22:31.687000;2016-01-26T02:22:31.697000;8108fd3b-fb2d-43a6-8e89-b2e1b7bffb9d;392.63;0.09058;SELL
2016-01-26T02:23:31.727000;2016-01-26T02:23:31.760000;8201fbc8-37dc-4284-a888-ffa9f8554ecf;392.79;0.01;BUY
2016-01-26T02:23:31.727000;2016-01-26T02:23:31.760000;ebe3cb0c-cf19-484e-a7d7-1de109f09206;392.9;0.01;BUY
2016-01-26T02:23:31.727000;2016-01-26T02:23:31.760000;801e8778-15bc-47db-ac27-6439b0620aca;392.91;1.43;BUY
2016-01-26T02:23:31.727000;2016-01-26T02:23:31.760000;cabd2e70-81e8-496e-a9d9-092ce4a26c5c;392.96;1.71702;BUY
2016-01-26T02:24:02.823000;2016-01-26T02:24:02.840000;c5f312ac-c670-4ab4-a732-65ea4d52a9a3;392.95;0.01615;BUY
2016-01-26T02:24:12.530000;2016-01-26T02:24:12.543000;9b68109d-c639-42da-9de9-c11124a32ae3;392.73;0.01;SELL
2016-01-26T02:24:12.533000;2016-01-26T02:24:12.557000;37e9dcae-90cf-490a-9e08-057576e5e871;392.73;0.26;SELL
2016-01-26T02:24:12.533000;2016-01-26T02:24:12.557000;25b49b90-2384-424f-a73d-1b72b13d4bf5;392.73;0.098;SELL
2016-01-26T02:24:12.533000;2016-01-26T02:24:12.557000;2d328d11-3407-48fd-9311-a66daf7a4b69;392.73;0.04;SELL
2016-01-26T02:24:12.533000;2016-01-26T02:24:12.557000;cde3ce68-86eb-47c8-98b1-e88f90e0bd7b;392.57;0.092;SELL
2016-01-26T02:25:01.597000;2016-01-26T02:25:01.620000;810f3949-6671-489b-bdc1-6e2ba3155546;392.74;0.3;BUY
2016-01-26T02:25:01.597000;2016-01-26T02:25:01.620000;5aba3982-39c7-46ac-a3c9-eae94d7399f4;392.76;0.02908;BUY
2016-01-26T02:25:31.650000;2016-01-26T02:25:31.667000;ccf54301-cd7f-4576-87a8-a2bd4e9ba929;392.9;2.16941;BUY
2016-01-26T02:26:01.640000;2016-01-26T02:26:01.650000;d266ccbb-ba28-42b9-9be3-3f0f36ee249a;392.7;0.31;SELL
2016-01-26T02:26:01.640000;2016-01-26T02:26:01.667000;86c73e2f-2f14-4a42-891a-df728ddb98bb;392.7;0.075;SELL
2016-01-26T02:26:01.643000;2016-01-26T02:26:01.667000;d981a62f-b74e-4ebe-8519-ff2f63e53a70;392.65;0.127;SELL
2016-01-26T02:26:01.643000;2016-01-26T02:26:01.667000;a38872d4-be9f-463e-b8e9-95d62f2f5688;392.6;0.112;SELL
2016-01-26T02:26:01.643000;2016-01-26T02:26:01.683000;791afce2-19f3-421b-8d5e-c7fd88ee3b81;392.55;0.123;SELL
2016-01-26T02:26:01.643000;2016-01-26T02:26:01.683000;ec8de92e-754b-45c8-9071-5c537faa7ee7;392.53;0.01;SELL
2016-01-26T02:26:01.643000;2016-01-26T02:26:01.697000;26917818-065c-4f30-b152-7665a9c8e52f;392.5;0.159;SELL
2016-01-26T02:26:01.643000;2016-01-26T02:26:01.697000;349c6d7d-5a69-4c6a-adfb-d993b2134f73;392.37;3.85;SELL
2016-01-26T02:26:01.643000;2016-01-26T02:26:01.697000;728d4ef6-8e83-46b6-9ce2-4a2e76f4568a;392.36;1.158;SELL
2016-01-26T02:26:01.643000;2016-01-26T02:26:01.697000;8d6ad27e-5b9d-4e2c-a0e9-73ba367664a0;392.34;0.01;SELL
2016-01-26T02:26:01.643000;2016-01-26T02:26:01.697000;653a096e-bd48-478b-9ca1-d95f61b0a3bc;392.33;4.18;SELL
2016-01-26T02:26:01.643000;2016-01-26T02:26:01.697000;7b16a960-a290-4da7-9707-af84ddd43b1e;392.32;0.05;SELL
2016-01-26T02:26:01.643000;2016-01-26T02:26:01.697000;34694a75-c3d9-48f4-83e3-ceefd13e2c48;392.31;1.186;SELL
2016-01-26T02:26:01.643000;2016-01-26T02:26:01.697000;e4cfd6e3-fb8e-4c1b-80e3-231b628eb859;392.22;9.02;SELL
2016-01-26T02:26:01.643000;2016-01-26T02:26:01.747000;774cd1b0-6729-4d05-aefb-a561407c9d4b;392.21;0.088;SELL
2016-01-26T02:26:01.643000;2016-01-26T02:26:01.760000;be0ab044-4035-4116-96d9-97f530869418;392.16;0.1;SELL
2016-01-26T02:26:01.643000;2016-01-26T02:26:01.760000;ae3fae93-1bb1-4e10-9263-17649f9d7190;392.15;8.90377;SELL
2016-01-26T02:26:31.803000;2016-01-26T02:26:31.823000;70e300f3-7836-4758-921d-1b3b8d1b322e;392.54;0.01;SELL
2016-01-26T02:26:31.803000;2016-01-26T02:26:31.823000;a036eeba-11e3-4037-a1aa-47dcc438ee41;392.42;0.01367;SELL
2016-01-26T02:27:01.680000;2016-01-26T02:27:01.697000;6fad1fa7-2fd1-477a-91d0-2301963e3e61;392.58;1.50538;BUY
2016-01-26T02:27:06.867000;2016-01-26T02:27:06.887000;f7a7de6e-f973-4acf-93b4-e06ec98eb7ad;392.31;0.01;SELL
2016-01-26T02:27:06.867000;2016-01-26T02:27:06.887000;dfb4c31c-fd72-46e9-81a6-314cc89c9763;392.31;0.09;SELL
2016-01-26T02:27:31.583000;2016-01-26T02:27:31.603000;64903f0c-2be8-465d-91b8-3c9147adf4e5;392.6;0.21342;BUY
2016-01-26T02:28:31.943000;2016-01-26T02:28:31.947000;8d16601b-9205-4ac2-b737-fb621915d048;392.41;0.01;SELL
2016-01-26T02:28:31.943000;2016-01-26T02:28:31.963000;6af4b7ad-db95-45fd-ab19-aa6a1e35de1c;392.4;0.01;SELL
2016-01-26T02:28:31.943000;2016-01-26T02:28:31.963000;edb017bd-3a51-4af0-a9ff-730f6edf193b;392.4;1.178;SELL
2016-01-26T02:28:31.943000;2016-01-26T02:28:31.963000;e3fdce58-1051-499b-a1c6-b5f37a18905b;392.35;0.01;SELL
2016-01-26T02:28:31.943000;2016-01-26T02:28:32.010000;ae6ca67e-6ca2-44e9-8e3f-8646fbc08f74;392.33;1.195;SELL
2016-01-26T02:28:31.943000;2016-01-26T02:28:32.010000;f69c80ce-2361-44d5-85c3-8e8793c66b4b;392.21;1.181;SELL
2016-01-26T02:28:31.943000;2016-01-26T02:28:32.010000;58d00d0f-a31e-413c-87b3-09c4ae62244b;392.16;1.183;SELL
2016-01-26T02:28:31.947000;2016-01-26T02:28:32.010000;9dfbc220-8a0f-408b-82a2-2187e66cbb84;392.14;0.2853;SELL
2016-01-26T02:28:31.947000;2016-01-26T02:28:32.010000;621fd490-0084-40c8-8908-3f6953645f14;392.12;0.01;SELL
2016-01-26T02:28:31.947000;2016-01-26T02:28:32.010000;48f719df-1494-4f56-b2db-82aa25b354e6;392.1;0.05;SELL
2016-01-26T02:28:31.947000;2016-01-26T02:28:32.010000;561136b4-01ae-4701-ae09-1903a218aa15;392.06;0.099;SELL
2016-01-26T02:28:31.947000;2016-01-26T02:28:32.010000;8f144b07-0e68-4c57-ad08-0f31cf83d6cd;392.01;0.12;SELL
2016-01-26T02:28:31.947000;2016-01-26T02:28:32.010000;e5445616-7da5-47b3-81d7-300b4b1d4852;392.01;1.21;SELL
2016-01-26T02:28:31.947000;2016-01-26T02:28:32.010000;60f78e25-21be-4a61-b29e-90b6865f4de6;392.0;2.0;SELL
2016-01-26T02:28:31.947000;2016-01-26T02:28:32.043000;baf6658e-761d-4de2-acba-a556b7dff2b3;392.0;1.0;SELL
2016-01-26T02:28:31.947000;2016-01-26T02:28:32.043000;4ea01634-491c-42f6-ae9c-fd05be40374c;392.0;0.015;SELL
2016-01-26T02:28:31.947000;2016-01-26T02:28:32.043000;a56f266b-4a3d-44bd-95dc-b5e018d4c177;391.96;0.128;SELL
2016-01-26T02:28:31.947000;2016-01-26T02:28:32.043000;329742a3-5f87-4aca-85da-e3eff4088f4e;391.95;0.05;SELL
2016-01-26T02:28:31.947000;2016-01-26T02:28:32.043000;d598d7f8-e5d6-4cea-a169-247d02954dd7;391.95;15.57965;SELL
2016-01-26T02:29:02.383000;2016-01-26T02:29:02.387000;119df676-1da6-4832-9c0c-3b9615ba09b3;392.54;0.26082;BUY
2016-01-26T02:29:31.650000;2016-01-26T02:29:31.650000;a2075da9-8551-4f7d-a1f0-274ed47602e2;392.35;0.03892;BUY
2016-01-26T02:30:01.610000;2016-01-26T02:30:01.603000;ead27022-c4ff-4697-b477-ad0a4e5b694f;392.3;0.25608;BUY
2016-01-26T02:30:15.403000;2016-01-26T02:30:15.417000;25a52607-0719-43bf-a63d-aca3beb8e3ed;392.29;0.01;SELL
2016-01-26T02:31:01.680000;2016-01-26T02:31:01.713000;40e50502-7289-4347-b2ff-c68d1286519a;392.18;0.06881;BUY
2016-01-26T02:31:31.553000;2016-01-26T02:31:31.573000;24ac4881-f7e0-4a7e-8132-e2391fe91e27;392.18;0.13119;BUY
2016-01-26T02:31:31.553000;2016-01-26T02:31:31.603000;66343420-882d-49d6-9704-ce270e198f60;392.18;0.23;BUY
2016-01-26T02:31:31.553000;2016-01-26T02:31:31.603000;e7899c44-b595-42f5-a4b0-0e33238719b3;392.18;0.1;BUY
2016-01-26T02:31:31.553000;2016-01-26T02:31:31.603000;dcf45383-73f6-4b7e-a144-f7e38df9f595;392.18;0.07;BUY
2016-01-26T02:31:31.553000;2016-01-26T02:31:31.603000;85f2bdbd-1d24-443e-a5df-b823d1e2adea;392.19;0.26;BUY
2016-01-26T02:31:31.557000;2016-01-26T02:31:31.603000;5c1b889a-6944-492f-b243-f0314080cfc5;392.21;1.72359;BUY
2016-01-26T02:31:59.577000;2016-01-26T02:31:59.603000;ed2dc1db-bb44-4259-8bf8-ee0ae4dae658;392.17;0.01;SELL
2016-01-26T02:31:59.577000;2016-01-26T02:31:59.637000;dda8acf0-831a-49c1-bae0-0440f5867579;392.16;0.01;SELL
2016-01-26T02:31:59.577000;2016-01-26T02:31:59.637000;f3ae6918-456f-433d-b715-fe30abae5570;392.15;0.01;SELL
2016-01-26T02:31:59.577000;2016-01-26T02:31:59.637000;684c199f-3d2e-4468-b6de-9cde7a4ba192;392.05;0.101;SELL
2016-01-26T02:31:59.577000;2016-01-26T02:31:59.637000;9c81d8c7-ac14-4cbd-93d4-a49c3810b7b1;392.02;0.128;SELL
2016-01-26T02:31:59.580000;2016-01-26T02:31:59.637000;2bce7b73-fad6-4a9e-a6af-c67e7b32f227;391.97;0.092;SELL
2016-01-26T02:31:59.580000;2016-01-26T02:31:59.637000;a52862f9-ccf2-4d82-8c71-02a9e9e9a2a2;391.94;0.01;SELL
2016-01-26T02:31:59.580000;2016-01-26T02:31:59.637000;c4b4cfb2-9fd6-442f-b00a-62ec5120973d;391.92;0.089;SELL
2016-01-26T02:32:02.333000;2016-01-26T02:32:02.370000;6ed25ab8-eece-48cd-ae39-039c0aaa62a9;391.86;0.02;SELL
2016-01-26T02:32:02.333000;2016-01-26T02:32:02.370000;ba4e6807-6abb-4c2e-9884-fb468ccfd759;391.86;0.099;SELL
2016-01-26T02:32:02.333000;2016-01-26T02:32:02.370000;955e30c4-801d-4cc6-8786-da83d0071f7c;391.83;0.01;SELL
2016-01-26T02:32:02.333000;2016-01-26T02:32:02.370000;ea801b6c-6590-4038-b9ed-d1496915b42d;391.76;1.194;SELL
2016-01-26T02:32:02.333000;2016-01-26T02:32:02.370000;e7d53fa1-28cd-4a60-8478-0d43b16bb239;391.71;1.163;SELL
2016-01-26T02:32:02.333000;2016-01-26T02:32:02.387000;52cf3314-4fbd-400d-a60e-93de64827417;391.67;0.01;SELL
2016-01-26T02:32:02.333000;2016-01-26T02:32:02.387000;c12bd9bf-1337-4a3e-a18c-febc2e9282c6;391.66;1.144;SELL
2016-01-26T02:32:02.333000;2016-01-26T02:32:02.387000;679f1cc5-3e38-4ec5-b39d-154233313600;391.61;0.20179;SELL
2016-01-26T02:32:31.820000;2016-01-26T02:32:31.840000;81930f2a-cb12-4f7e-8201-e3d6812a8ba8;391.89;4.94019;BUY
2016-01-26T02:33:01.713000;2016-01-26T02:33:01.730000;05a49f48-530a-4c96-8de3-60c8de0dab44;391.87;2.782;BUY
2016-01-26T02:33:01.810000;2016-01-26T02:33:01.823000;71c933df-fedb-4588-b069-527cbde27a38;391.87;0.01;BUY
2016-01-26T02:33:31.747000;2016-01-26T02:33:31.760000;37a11898-42fe-47bb-98cd-43bdfb9e54c6;391.83;0.45708;BUY
2016-01-26T02:34:31.720000;2016-01-26T02:34:31.730000;d295f40a-e387-49e0-9a95-0a7dffbe4fd3;391.82;0.01;SELL
2016-01-26T02:34:31.720000;2016-01-26T02:34:31.760000;48094add-76f0-4f17-93f5-02bd4682a240;391.81;0.01;SELL
2016-01-26T02:34:31.720000;2016-01-26T02:34:31.760000;9192d1d4-e3c7-476f-80a0-64c36bd36d8c;391.79;0.00434;SELL
2016-01-26T02:35:01.670000;2016-01-26T02:35:01.683000;fd84ef5b-3236-427f-a5ab-1e628bf6ab46;391.8;0.98781;BUY
2016-01-26T02:35:17.517000;2016-01-26T02:35:17.527000;8fd35066-a588-4a02-8cac-80cef51513c9;391.8;0.01219;BUY
2016-01-26T02:35:17.517000;2016-01-26T02:35:17.543000;83836ad6-e462-40ff-b8fa-715775e0b449;391.8;0.37;BUY
2016-01-26T02:35:17.517000;2016-01-26T02:35:17.543000;918160d4-5d40-446a-8c57-b786094f0d51;391.8;0.32;BUY
2016-01-26T02:35:17.517000;2016-01-26T02:35:17.543000;9fe85aa7-d5aa-4529-aa77-9c0574f09a7d;391.81;0.3023099;BUY
2016-01-26T02:35:31.567000;2016-01-26T02:35:31.590000;380712ac-9179-4529-acfb-7e3776cfdd86;391.81;0.0676901;BUY
2016-01-26T02:35:31.567000;2016-01-26T02:35:31.590000;6e69829c-0873-47b1-adb3-cb8d25ae7d63;391.85;0.0537699;BUY
2016-01-26T02:36:01.780000;2016-01-26T02:36:01.793000;f1fec79c-6692-4999-945f-51157f625e2b;391.85;0.37;BUY
2016-01-26T02:36:01.780000;2016-01-26T02:36:01.807000;60449d68-4d31-494b-8d6d-f2cd806c3e84;391.86;0.44;BUY
2016-01-26T02:36:01.780000;2016-01-26T02:36:01.807000;111b629d-e359-42f5-affb-a45d67135d02;391.87;0.37;BUY
2016-01-26T02:36:01.780000;2016-01-26T02:36:01.807000;adf6d15d-193e-4923-b6dc-5b39e7c93aa8;391.89;0.00786;BUY
2016-01-26T02:36:31.583000;2016-01-26T02:36:31.603000;8ba4729c-e548-404c-a36b-4420a435c2e1;391.9;0.82056;BUY
2016-01-26T02:37:01.747000;2016-01-26T02:37:01.760000;9dba2f99-14a2-46fd-be79-79991b59a907;391.98;0.66;BUY
2016-01-26T02:37:01.747000;2016-01-26T02:37:01.760000;7b64c504-b893-4c38-971f-e349b8a954a3;391.99;1.237;BUY
2016-01-26T02:37:01.747000;2016-01-26T02:37:01.760000;380ba10a-6db3-4865-9abe-3526d6fcc48c;392.0;0.01;BUY
2016-01-26T02:37:01.747000;2016-01-26T02:37:01.760000;3ec90476-e586-49fb-b946-821e2993a2f4;392.0;0.01;BUY
2016-01-26T02:37:01.747000;2016-01-26T02:37:01.777000;d0c6d903-7343-4fe0-bd0a-a13f816b7124;392.0;2.48143;BUY
2016-01-26T02:37:31.583000;2016-01-26T02:37:31.590000;7906c381-953d-422d-935a-ad3a4f4bfa5a;392.07;0.75466;BUY
2016-01-26T02:37:49.650000;2016-01-26T02:37:49.667000;a136629a-8750-4602-bb79-ab3f3329575a;391.95;9.88;SELL
2016-01-26T02:37:49.650000;2016-01-26T02:37:49.683000;bf62f57f-5ff3-493f-a094-7e8eac47b2d2;391.94;0.01;SELL
2016-01-26T02:37:49.653000;2016-01-26T02:37:49.683000;8b6a49c8-e523-4671-b67a-919dddce4ee9;391.94;0.01;SELL
2016-01-26T02:37:49.653000;2016-01-26T02:37:49.683000;a7b92396-376f-43ea-90fe-1aee294cff31;391.93;0.91979799;SELL
2016-01-26T02:37:59.787000;2016-01-26T02:37:59.807000;dac5b38a-4983-4e15-bd0e-46db99852427;391.84;0.3;SELL
2016-01-26T02:38:01.590000;2016-01-26T02:38:01.603000;24924232-ce0f-4dcd-8663-1156b673250f;392.02;0.44;BUY
2016-01-26T02:38:01.593000;2016-01-26T02:38:01.620000;53ddea71-464a-42e6-a4fe-fa6ef0ace309;392.03;0.02;BUY
2016-01-26T02:38:01.593000;2016-01-26T02:38:01.620000;a2c3e150-44b6-4cba-b9d4-e5c1c0233bc9;392.04;0.02;BUY
2016-01-26T02:38:01.593000;2016-01-26T02:38:01.620000;89a2c2b0-d1c4-4156-b6ca-0ae7b8455afa;392.11;0.01;BUY
2016-01-26T02:38:01.593000;2016-01-26T02:38:01.620000;c48c3888-e21d-47f1-8d56-c72cd7a1aab8;392.11;0.06253;BUY
2016-01-26T02:38:32.103000;2016-01-26T02:38:32.120000;d77f8ba6-43d7-4ac4-9570-c10f9f16ecd0;392.05;0.36831;BUY
2016-01-26T02:39:00.693000;2016-01-26T02:39:00.700000;9b7b5400-2eed-41f2-8e22-cbf092794f76;392.08;0.07962;BUY
2016-01-26T02:39:31.283000;2016-01-26T02:39:31.293000;65637f3d-32d4-4fcf-84e0-405d8226b04a;392.12;0.01;BUY
2016-01-26T02:39:31.283000;2016-01-26T02:39:31.307000;227fe389-9489-489f-a643-3492c8241ca2;392.15;0.01;BUY
2016-01-26T02:39:31.283000;2016-01-26T02:39:31.307000;c579bf9f-0039-4200-8f98-dd4b9538c9d6;392.18;5.13268;BUY
2016-01-26T02:39:55.550000;2016-01-26T02:39:55.557000;32b162f2-62ae-406c-a7f0-203a11d5cb5f;392.25;1.185;BUY
2016-01-26T02:40:00.553000;2016-01-26T02:40:00.557000;0b03d187-288c-48b5-844e-eaeffa5cfd77;392.28;0.01;BUY
2016-01-26T02:40:00.553000;2016-01-26T02:40:00.573000;c5f2d44b-9172-48e4-ae7c-a3af87315884;392.29;0.21567;BUY
2016-01-26T02:40:08.840000;2016-01-26T02:40:08.840000;1f0be7ff-3ef7-42ad-8c0b-1f7d1dc55073;392.27;9.88;BUY
2016-01-26T02:40:08.840000;2016-01-26T02:40:08.853000;1ce13ca8-e9a8-4f3d-b8fd-2878bbd3c38a;392.28;1.147;BUY
2016-01-26T02:40:08.840000;2016-01-26T02:40:08.853000;4dc43e15-1ba4-4535-909a-b5c86cc8e764;392.29;0.77433;BUY
2016-01-26T02:40:08.843000;2016-01-26T02:40:08.853000;3ef8169e-2bbe-490c-8bcf-005d0056431d;392.3;0.7439;BUY
2016-01-26T02:40:08.843000;2016-01-26T02:40:08.853000;d4671dc9-9dc7-4707-b9d6-74d6e9669390;392.33;1.165;BUY
2016-01-26T02:40:08.843000;2016-01-26T02:40:08.950000;39362e10-39e5-49c1-a702-a310b24232e9;392.34;0.01;BUY
2016-01-26T02:40:08.843000;2016-01-26T02:40:08.950000;4f8961a9-86ea-4c79-b0fa-a632921f430c;392.35;0.01;BUY
2016-01-26T02:40:08.843000;2016-01-26T02:40:08.950000;084efc17-df5a-4c83-8735-28c08d3d06fc;392.38;1.26977;BUY
2016-01-26T02:40:10.097000;2016-01-26T02:40:10.120000;a2718f52-da05-450e-980a-380a59547a13;392.29;0.99;SELL
2016-01-26T02:40:30.700000;2016-01-26T02:40:30.713000;be6f161c-3ee6-40c3-a663-706b1541d56d;392.31;0.01;SELL
2016-01-26T02:40:30.700000;2016-01-26T02:40:30.713000;1e51f44c-06ac-439b-baec-f243027b83de;392.31;0.86092;SELL
2016-01-26T02:40:57.980000;2016-01-26T02:40:57.980000;10aa0e56-c3fd-48c9-9a83-af57add853da;392.32;0.206;BUY
2016-01-26T02:40:57.980000;2016-01-26T02:40:57.997000;53c2c1c2-a98d-4d31-a5ce-9e6de2980259;392.32;0.99;BUY
2016-01-26T02:41:00.693000;2016-01-26T02:41:00.700000;5310cdd3-cfe3-42cd-91a9-b8e3af8a2ffc;392.39;0.19509;BUY
2016-01-26T02:41:01.567000;2016-01-26T02:41:01.590000;18160851-c169-42e8-83bf-e473ecaf9a3a;392.36;0.3;SELL
2016-01-26T02:41:23.613000;2016-01-26T02:41:23.620000;5016640e-6aa5-4d5b-878a-b8a9fb90a26c;392.42;0.01;BUY
2016-01-26T02:41:30.687000;2016-01-26T02:41:30.683000;a176cb70-e53d-4121-bbcf-6ed62a1dba2a;392.48;5.584;SELL
2016-01-26T02:41:30.687000;2016-01-26T02:41:30.700000;9198d8c4-4556-46d9-9a93-3e10d76fe311;392.48;2.27483;SELL
2016-01-26T02:41:31.867000;2016-01-26T02:41:31.870000;81525553-96ae-4758-b185-970957da2e44;392.49;0.01;BUY
2016-01-26T02:41:31.867000;2016-01-26T02:41:31.887000;ddccd32a-00d5-418c-b14d-e28dc8122d9a;392.59;0.01;BUY
2016-01-26T02:41:31.867000;2016-01-26T02:41:31.887000;83562219-1130-4132-826f-b1bebab45adf;392.6;0.01;BUY
2016-01-26T02:41:31.867000;2016-01-26T02:41:31.887000;284aa5fc-d5bd-4bf5-aa4b-27c2e377b2be;392.63;0.01;BUY
2016-01-26T02:41:31.867000;2016-01-26T02:41:31.887000;187f2417-935b-46d1-b598-d7f5efdf291a;392.72;0.01;BUY
2016-01-26T02:41:31.867000;2016-01-26T02:41:31.887000;ab1d0281-746f-4864-b4a2-9c3f288ceaf3;392.77;0.01;BUY
2016-01-26T02:41:31.867000;2016-01-26T02:41:31.900000;2c2614c7-0ec6-4a00-a8cf-c8bbb9dd21e1;392.79;0.01;BUY
2016-01-26T02:41:31.870000;2016-01-26T02:41:31.900000;572ad467-df63-40f1-8929-80567b1955a8;392.79;0.01;BUY
2016-01-26T02:41:31.870000;2016-01-26T02:41:31.900000;df865820-4519-4de3-94a7-4f6be12c974d;392.82;0.01;BUY
2016-01-26T02:41:31.870000;2016-01-26T02:41:31.917000;2400c2d8-495e-4698-950e-799987df3823;392.83;0.01;BUY
2016-01-26T02:41:31.870000;2016-01-26T02:41:31.917000;2d20fe68-d9e6-4102-b082-8be56a66d00e;392.86;0.02;BUY
2016-01-26T02:41:31.870000;2016-01-26T02:41:31.950000;f0095c66-2960-4513-8af0-1b7e693e8418;392.88;0.01;BUY
2016-01-26T02:41:54.423000;2016-01-26T02:41:54.433000;ac4c623f-4d31-4e82-9c48-a72d0c9b93bf;392.92;0.01;BUY
2016-01-26T02:41:54.423000;2016-01-26T02:41:54.433000;0a819a87-f3c0-4732-a36c-38cda3b1a40a;393.0;0.01;BUY
2016-01-26T02:41:54.423000;2016-01-26T02:41:54.433000;791a0d77-48aa-4272-a2cf-93ee7ca46fa8;393.0;0.01;BUY
2016-01-26T02:41:54.427000;2016-01-26T02:41:54.433000;9dd8191a-e952-4d8c-9f9f-b815198bf7b8;393.01;0.01;BUY
2016-01-26T02:41:54.427000;2016-01-26T02:41:54.433000;05546b1a-6c75-44d6-bf94-554399d7819c;393.03;0.01;BUY
2016-01-26T02:41:54.427000;2016-01-26T02:41:54.527000;420eff46-6eb5-498d-92fb-782ab05187f4;393.06;0.01;BUY
2016-01-26T02:42:01.253000;2016-01-26T02:42:01.277000;602f3da8-44ec-4e76-9bbd-64380fd636e2;393.14;0.01;BUY
2016-01-26T02:42:01.253000;2016-01-26T02:42:01.277000;4831b4e3-08f9-45b4-a793-ee0ab357ceac;393.21;0.01;BUY
2016-01-26T02:42:01.253000;2016-01-26T02:42:01.277000;448bfaaf-da65-442e-afe1-e68f058bc34b;393.25;0.1;BUY
2016-01-26T02:42:01.253000;2016-01-26T02:42:01.277000;38117100-664f-47ab-b6fb-49f6e9960707;393.33;0.01;BUY
2016-01-26T02:42:01.253000;2016-01-26T02:42:01.277000;d1da53a9-d98a-45dd-8e98-df40543f232f;393.34;0.03188;BUY
2016-01-26T02:42:37.373000;2016-01-26T02:42:37.370000;31a9fb6d-453f-485e-b9d0-261960aaef6d;393.35;0.01;BUY
2016-01-26T02:42:37.373000;2016-01-26T02:42:37.387000;4e29a937-2b3c-4e18-97a1-2689dfb0dc7a;393.35;0.084;BUY
