time_exchange;time_coinpai;guid;price;base_amount;taker_side
2016-01-26T00:00:02.000000;2016-01-26T00:00:02.000000;76239d72-92bb-4ab4-9e37-60cd64c97128;390.91;0.0338115;UNKNOWN
2016-01-26T00:00:11.000000;2016-01-26T00:00:11.000000;fbbfc021-2dc6-4ac3-8d2e-9930649d98b6;390.96;0.27;UNKNOWN
2016-01-26T00:00:11.000000;2016-01-26T00:00:11.000000;1487f74e-eddc-4dcc-997d-e3071df4d38f;390.95;0.23;UNKNOWN
2016-01-26T00:00:11.000000;2016-01-26T00:00:11.000000;9771808b-fd19-4c69-9ad5-2e655c0a42af;390.95;0.04;UNKNOWN
2016-01-26T00:00:11.000000;2016-01-26T00:00:11.000000;a26a6d40-6035-43bb-a078-e91f43e1a342;390.95;0.46;UNKNOWN
2016-01-26T00:00:25.000000;2016-01-26T00:00:25.000000;f46a4eee-b21b-4a0c-af13-2f76b0a3afb0;390.85;3.0;UNKNOWN
2016-01-26T00:00:25.000000;2016-01-26T00:00:25.000000;0388c7d3-859d-4d28-bd93-be5e1fb5368d;390.85;5.07646864;UNKNOWN
2016-01-26T00:00:25.000000;2016-01-26T00:00:25.000000;80819459-0adf-4beb-b5ff-4090380c58ba;390.91;0.0352435;UNKNOWN
2016-01-26T00:00:25.000000;2016-01-26T00:00:25.000000;d6f65939-0be3-4639-8247-c54485649a36;390.85;12.0;UNKNOWN
2016-01-26T00:00:25.000000;2016-01-26T00:00:25.000000;92a729c1-398b-4209-ab03-150902941308;390.91;0.5;UNKNOWN
2016-01-26T00:00:25.000000;2016-01-26T00:00:25.000000;8f8a2ea6-6639-42cf-8df8-200cad0858a3;390.91;0.111;UNKNOWN
2016-01-26T00:00:25.000000;2016-01-26T00:00:25.000000;f597ee69-205a-4115-ac3f-47fa3db1464f;390.87;2.55810086;UNKNOWN
2016-01-26T00:00:25.000000;2016-01-26T00:00:25.000000;1796a3a0-9d91-4e4b-92e8-490e337716bf;390.9;1.0;UNKNOWN
2016-01-26T00:00:25.000000;2016-01-26T00:00:25.000000;120733ca-01b5-458f-a4d8-65f24e5bddd0;390.91;0.069187;UNKNOWN
2016-01-26T00:00:38.000000;2016-01-26T00:00:38.000000;887140a0-8d9e-467e-8edc-e958aaff6548;390.89;1.48415;UNKNOWN
2016-01-26T00:00:38.000000;2016-01-26T00:00:38.000000;16e79c40-ffbe-4cba-9f08-0ccf820113f3;390.9;1.0;UNKNOWN
2016-01-26T00:01:07.000000;2016-01-26T00:01:07.000000;5041ff7e-56d0-4c89-978b-c8c8b37eeb56;390.9;1.0;UNKNOWN
2016-01-26T00:01:07.000000;2016-01-26T00:01:07.000000;6897a706-d099-4d29-b9ec-2dc82283850c;390.91;0.069146;UNKNOWN
2016-01-26T00:01:07.000000;2016-01-26T00:01:07.000000;e0f05f70-0021-4165-8c48-178fb5a36485;390.9;0.6231;UNKNOWN
2016-01-26T00:01:07.000000;2016-01-26T00:01:07.000000;3f25e6ae-3ea2-4654-a775-c1d5eec91ee5;390.86;0.86910344;UNKNOWN
2016-01-26T00:01:11.000000;2016-01-26T00:01:11.000000;a7c77b8b-1221-404d-a64d-d537605e597d;391.43;3.0;UNKNOWN
2016-01-26T00:01:11.000000;2016-01-26T00:01:11.000000;7266ef6c-9ff4-494b-9f85-8d57be61c8f5;391.43;0.5;UNKNOWN
2016-01-26T00:01:11.000000;2016-01-26T00:01:11.000000;99f89c47-20d0-4afc-a0ed-c1945c97b162;391.64;2.1809;UNKNOWN
2016-01-26T00:01:11.000000;2016-01-26T00:01:11.000000;320b2ea6-ed90-41b3-b3aa-cafb7ac39d53;391.45;1.0;UNKNOWN
2016-01-26T00:01:11.000000;2016-01-26T00:01:11.000000;f734265a-f010-4a6f-a616-7cc72e4456fc;391.42;6.3191;UNKNOWN
2016-01-26T00:01:25.000000;2016-01-26T00:01:25.000000;82610cbe-f8c9-4156-afb9-b0dc79ed6d3f;391.95;7.40665324;UNKNOWN
2016-01-26T00:01:25.000000;2016-01-26T00:01:25.000000;960140ce-eda7-4e6f-8b15-33598592f587;391.9;2.55914831;UNKNOWN
2016-01-26T00:01:25.000000;2016-01-26T00:01:25.000000;37c8eae3-465f-4d68-9d22-68b2a138de85;391.74;0.01;UNKNOWN
2016-01-26T00:01:25.000000;2016-01-26T00:01:25.000000;148e1436-1ad1-4371-a4c2-dd269bc44f16;391.74;0.416;UNKNOWN
2016-01-26T00:01:25.000000;2016-01-26T00:01:25.000000;65a5e1fd-52c3-48d0-8380-dc91d9005a1e;391.75;0.5;UNKNOWN
2016-01-26T00:01:25.000000;2016-01-26T00:01:25.000000;08020caf-634d-47d8-b794-f68519c2020c;391.76;2.55882089;UNKNOWN
2016-01-26T00:01:25.000000;2016-01-26T00:01:25.000000;c4027dce-1b07-4cd8-bd4e-d2544cb165e2;391.74;0.11;UNKNOWN
2016-01-26T00:01:25.000000;2016-01-26T00:01:25.000000;ba22f829-5eb2-462f-878a-be55158cff1f;391.76;2.55937756;UNKNOWN
2016-01-26T00:01:25.000000;2016-01-26T00:01:25.000000;52ad0c21-c601-4379-ae7c-e7160ff35e63;391.74;0.5;UNKNOWN
2016-01-26T00:01:25.000000;2016-01-26T00:01:25.000000;0b9a5fef-7ffb-4aef-bf43-a6c04397dcfc;391.74;0.37;UNKNOWN
2016-01-26T00:01:25.000000;2016-01-26T00:01:25.000000;ae7a946a-9245-4f67-b170-358b72a8cc57;391.74;0.01;UNKNOWN
2016-01-26T00:01:25.000000;2016-01-26T00:01:25.000000;c6fd91c8-a3bf-46d9-b409-10e7163a5dd7;391.82;3.0;UNKNOWN
2016-01-26T00:02:14.000000;2016-01-26T00:02:14.000000;ae7404aa-f503-4d6b-8915-1d33d9706b6e;391.43;13.8067;UNKNOWN
2016-01-26T00:02:14.000000;2016-01-26T00:02:14.000000;55e03f6d-cbd2-4fee-b320-6dfd8612187a;391.42;9.49;UNKNOWN
2016-01-26T00:02:14.000000;2016-01-26T00:02:14.000000;2cd22a70-b0c2-42a9-8492-222be6dbfe5f;391.41;0.52;UNKNOWN
2016-01-26T00:02:14.000000;2016-01-26T00:02:14.000000;df97e6b8-0954-42e1-824c-0ca482e54bf7;391.81;0.2;UNKNOWN
2016-01-26T00:02:14.000000;2016-01-26T00:02:14.000000;599fde25-2e5d-4ee0-92dd-27615887c46e;391.41;5.21463302;UNKNOWN
2016-01-26T00:02:17.000000;2016-01-26T00:02:17.000000;d0394121-796e-4bde-9245-a1db32cb8330;391.83;0.06581611;UNKNOWN
2016-01-26T00:02:19.000000;2016-01-26T00:02:19.000000;a571c6f2-4170-4c2d-941b-0f724013663a;392.03;0.09;UNKNOWN
2016-01-26T00:02:19.000000;2016-01-26T00:02:19.000000;f5eb8bf2-cde2-45f4-8cb6-5129a2f3b61f;392.24;6.3653;UNKNOWN
2016-01-26T00:02:19.000000;2016-01-26T00:02:19.000000;f10cfb1b-baf6-4d4d-8d47-babdccc25e7a;392.25;1.0047;UNKNOWN
2016-01-26T00:02:19.000000;2016-01-26T00:02:19.000000;74bc5a58-f6a3-44ed-8057-a6bcb46f4364;392.03;0.16;UNKNOWN
2016-01-26T00:02:19.000000;2016-01-26T00:02:19.000000;613bb073-0a90-4f7a-893c-6ccb40c853dd;392.18;12.0;UNKNOWN
2016-01-26T00:02:19.000000;2016-01-26T00:02:19.000000;187b75fd-c8cb-4dc7-89d8-c40779390a81;392.04;6.0;UNKNOWN
2016-01-26T00:02:19.000000;2016-01-26T00:02:19.000000;3e3d01b3-006f-41c2-8dce-a9945191cc55;392.03;0.1;UNKNOWN
2016-01-26T00:02:19.000000;2016-01-26T00:02:19.000000;71f14e87-b8f2-44f9-946b-dcededfef80f;391.85;0.24;UNKNOWN
2016-01-26T00:02:19.000000;2016-01-26T00:02:19.000000;0b8d5138-d988-412c-8ec6-e88aba296f4d;392.03;0.01;UNKNOWN
2016-01-26T00:02:19.000000;2016-01-26T00:02:19.000000;9cd67b69-a712-4c90-af02-4da5cea09758;392.0;0.5;UNKNOWN
2016-01-26T00:02:19.000000;2016-01-26T00:02:19.000000;cace3880-f5b5-4e1c-954c-24314522d341;391.86;0.01;UNKNOWN
2016-01-26T00:02:19.000000;2016-01-26T00:02:19.000000;91f70d7f-b1b5-4b10-ae57-d927d7725aa0;392.03;3.0;UNKNOWN
2016-01-26T00:02:19.000000;2016-01-26T00:02:19.000000;71e94f19-4b77-4058-8a56-8b13ba359ac3;391.85;0.52;UNKNOWN
2016-01-26T00:03:14.000000;2016-01-26T00:03:14.000000;66b192b5-6a10-463d-a34f-05a3f8d8e71d;392.12;5.62401;UNKNOWN
2016-01-26T00:03:14.000000;2016-01-26T00:03:14.000000;dd75d7c9-6ed7-4313-9fdc-619187e90965;392.13;3.0;UNKNOWN
2016-01-26T00:03:17.000000;2016-01-26T00:03:17.000000;536285c1-4374-4199-9352-3674ea0d1ed4;392.11;0.51;UNKNOWN
2016-01-26T00:03:20.000000;2016-01-26T00:03:20.000000;81c5ac90-ca25-44e6-8374-bdb8718462b8;392.11;0.96;UNKNOWN
2016-01-26T00:04:06.000000;2016-01-26T00:04:06.000000;413f7da2-6424-45c5-a484-3bfa659861d4;391.59;0.37;UNKNOWN
2016-01-26T00:04:06.000000;2016-01-26T00:04:06.000000;2ce78a2d-06b2-49cb-a0e8-d967c92aee8e;391.59;0.07538996;UNKNOWN
2016-01-26T00:04:46.000000;2016-01-26T00:04:46.000000;23ba23ea-b89a-4367-86ff-5da2ab80da78;392.31;0.5;UNKNOWN
2016-01-26T00:04:46.000000;2016-01-26T00:04:46.000000;323e4c6d-a0ae-4664-9c01-2919165a88f1;392.49;0.5;UNKNOWN
2016-01-26T00:04:46.000000;2016-01-26T00:04:46.000000;4087a0d8-9be8-43d0-9390-2c83707bb207;392.31;0.4;UNKNOWN
2016-01-26T00:04:46.000000;2016-01-26T00:04:46.000000;b10526bc-db65-4073-bd11-89d5b3c43b69;392.31;0.3;UNKNOWN
2016-01-26T00:04:46.000000;2016-01-26T00:04:46.000000;c89bae58-bd76-4f98-9942-ede0d480de10;392.32;0.1;UNKNOWN
2016-01-26T00:04:46.000000;2016-01-26T00:04:46.000000;4cccef42-f034-4bf6-aeb4-d92eb5e08a5a;392.49;0.01;UNKNOWN
2016-01-26T00:04:46.000000;2016-01-26T00:04:46.000000;b8fa832c-07f4-423e-9f56-2b4236bfef20;392.5;1.41;UNKNOWN
2016-01-26T00:04:46.000000;2016-01-26T00:04:46.000000;542b9859-59ce-44b8-9b51-f4e1ce715b49;392.48;0.49;UNKNOWN
2016-01-26T00:04:46.000000;2016-01-26T00:04:46.000000;11e14983-ba8b-4922-9a6c-b66a012551c4;392.48;0.4;UNKNOWN
2016-01-26T00:04:46.000000;2016-01-26T00:04:46.000000;236cf450-26bd-426a-b87f-b8b8380d6b96;392.49;0.43;UNKNOWN
2016-01-26T00:04:46.000000;2016-01-26T00:04:46.000000;ba01cf6e-efbe-44d6-be0d-a1572fd22de1;392.32;0.4;UNKNOWN
2016-01-26T00:04:46.000000;2016-01-26T00:04:46.000000;9d026d0c-b501-4008-8d7d-c48ca10dd956;392.49;0.05;UNKNOWN
2016-01-26T00:04:46.000000;2016-01-26T00:04:46.000000;6cec1b7b-6518-41b7-b440-bb2d3c19e2f0;392.49;0.01;UNKNOWN
2016-01-26T00:05:06.000000;2016-01-26T00:05:06.000000;b46811d7-9a67-4fa7-891c-a81712ca0359;392.17;0.0338115;UNKNOWN
2016-01-26T00:05:55.000000;2016-01-26T00:05:55.000000;181d454b-5aac-47e0-87ff-a173b3fc263a;392.39;0.02;UNKNOWN
2016-01-26T00:06:39.000000;2016-01-26T00:06:39.000000;b355c8c1-10de-4bf7-a375-020f4010b0ee;392.5;0.3203;UNKNOWN
2016-01-26T00:06:39.000000;2016-01-26T00:06:39.000000;b9190f20-d0b8-4e34-b88c-3dea79b8fb45;392.48;0.5;UNKNOWN
2016-01-26T00:06:39.000000;2016-01-26T00:06:39.000000;42ef7e88-11bc-4a1a-b6a5-3186e14abb25;392.47;2.4297;UNKNOWN
2016-01-26T00:07:59.000000;2016-01-26T00:07:59.000000;ba675423-c2f7-4573-8084-e5fabbe2a888;392.85;0.5;UNKNOWN
2016-01-26T00:07:59.000000;2016-01-26T00:07:59.000000;8c2a4a51-ffef-4098-bd1a-bc470f0e6fbb;392.79;0.5;UNKNOWN
2016-01-26T00:07:59.000000;2016-01-26T00:07:59.000000;607dcfb8-5838-4913-a6f0-b6288151cdd8;392.79;0.01;UNKNOWN
2016-01-26T00:07:59.000000;2016-01-26T00:07:59.000000;7ab2d9be-d231-4f1b-a2f5-45a561520ac1;392.79;0.37;UNKNOWN
2016-01-26T00:07:59.000000;2016-01-26T00:07:59.000000;84c94b54-1043-4402-9415-930e27cd929d;392.79;0.01;UNKNOWN
2016-01-26T00:07:59.000000;2016-01-26T00:07:59.000000;37860c5c-3166-4555-ab12-a34137816972;392.86;0.48;UNKNOWN
2016-01-26T00:07:59.000000;2016-01-26T00:07:59.000000;c2dfc915-e376-4b2e-a694-9f789305b626;392.81;0.49;UNKNOWN
2016-01-26T00:07:59.000000;2016-01-26T00:07:59.000000;ad4b9b16-0fda-4002-8b6d-f9d2c11a7192;392.86;2.12;UNKNOWN
2016-01-26T00:07:59.000000;2016-01-26T00:07:59.000000;c100696a-d130-4b90-ad59-a30803d192c5;392.8;0.01;UNKNOWN
2016-01-26T00:07:59.000000;2016-01-26T00:07:59.000000;4a48ed8c-6693-4ff1-aefe-30bbf1e4e2c6;392.79;0.01;UNKNOWN
2016-01-26T00:07:59.000000;2016-01-26T00:07:59.000000;4afd8c5d-4db7-4e67-87af-0baa4856f52f;392.85;0.5;UNKNOWN
2016-01-26T00:10:10.000000;2016-01-26T00:10:10.000000;afb3ea0f-2674-4eac-8070-022a26595213;392.28;0.0338115;UNKNOWN
2016-01-26T00:10:22.000000;2016-01-26T00:10:22.000000;935d483a-690e-4369-84cc-1302506cd008;391.88;0.21;UNKNOWN
2016-01-26T00:11:05.000000;2016-01-26T00:11:05.000000;36ee86e5-7eea-4342-ad13-350fef09aae8;391.83;0.17;UNKNOWN
2016-01-26T00:11:05.000000;2016-01-26T00:11:05.000000;41d4e53a-bc51-46cb-856c-0be2753d267e;391.85;0.09;UNKNOWN
2016-01-26T00:11:05.000000;2016-01-26T00:11:05.000000;1a3a2370-2220-4587-948a-31be4fc6a4fe;391.83;1.085;UNKNOWN
2016-01-26T00:11:15.000000;2016-01-26T00:11:15.000000;59dc9431-1d81-4556-b771-3e6e98771bf3;391.88;0.3;UNKNOWN
2016-01-26T00:11:15.000000;2016-01-26T00:11:15.000000;137bd436-8811-437a-bb4a-09205a8d9d0e;391.89;0.25313251;UNKNOWN
2016-01-26T00:11:15.000000;2016-01-26T00:11:15.000000;0454ee00-557b-4197-9169-ed96515d7985;391.88;0.1;UNKNOWN
2016-01-26T00:11:15.000000;2016-01-26T00:11:15.000000;64f7c159-37e0-4f1a-bf13-21a4bf3ce37d;391.88;0.25;UNKNOWN
2016-01-26T00:11:15.000000;2016-01-26T00:11:15.000000;cd7a71e2-88fc-4a56-acdb-ef880a8a7d72;391.88;0.25;UNKNOWN
2016-01-26T00:11:15.000000;2016-01-26T00:11:15.000000;39d7a77c-c70c-4b5d-84c2-37eeea1b8ada;391.88;0.26;UNKNOWN
2016-01-26T00:11:15.000000;2016-01-26T00:11:15.000000;39a081c7-30fe-4309-9556-e8c73200bb0a;391.88;0.1;UNKNOWN
2016-01-26T00:11:15.000000;2016-01-26T00:11:15.000000;0b24e933-204e-4375-8fcb-249ee50ba213;391.88;0.03;UNKNOWN
2016-01-26T00:11:15.000000;2016-01-26T00:11:15.000000;ebd77bcd-f930-4359-87c6-ef73773eee0c;391.89;0.173;UNKNOWN
2016-01-26T00:11:57.000000;2016-01-26T00:11:57.000000;46ca2844-7991-4603-aa71-1937faf52d02;392.28;0.01;UNKNOWN
2016-01-26T00:12:02.000000;2016-01-26T00:12:02.000000;d0d01bac-1cf0-4e0f-b5cb-b55cf8a72b5c;392.28;0.01;UNKNOWN
2016-01-26T00:12:54.000000;2016-01-26T00:12:54.000000;5685d59d-eb85-4720-8ff7-33818159ae44;392.0;0.5;UNKNOWN
2016-01-26T00:12:54.000000;2016-01-26T00:12:54.000000;7e95b2bd-0bfc-4b82-9eb7-2558ed84aa92;391.99;2.86996456;UNKNOWN
2016-01-26T00:14:20.000000;2016-01-26T00:14:20.000000;d1dbd883-1555-4a32-9d1f-9d479947d52a;392.28;0.05;UNKNOWN
2016-01-26T00:15:05.000000;2016-01-26T00:15:05.000000;0e2827f0-a67b-4959-880e-3e4b20dac658;392.28;0.01;UNKNOWN
2016-01-26T00:15:05.000000;2016-01-26T00:15:05.000000;037ca0bd-d5d9-4b51-b5c7-c8f5e1cca7ae;392.28;0.06515068;UNKNOWN
2016-01-26T00:15:16.000000;2016-01-26T00:15:16.000000;40827086-d740-4f83-ada9-5fa54c9c3909;392.24;0.021;UNKNOWN
2016-01-26T00:15:22.000000;2016-01-26T00:15:22.000000;379aa910-3f19-4806-8489-7417296380fc;392.19;0.053853;UNKNOWN
2016-01-26T00:15:22.000000;2016-01-26T00:15:22.000000;f8c2f887-5d08-4eff-9811-2fec3b8aac4a;392.19;0.020595;UNKNOWN
2016-01-26T00:15:50.000000;2016-01-26T00:15:50.000000;4b3873a1-d4b9-49a3-8c36-47ccfaa6c6d6;392.33;0.038948;UNKNOWN
2016-01-26T00:16:23.000000;2016-01-26T00:16:23.000000;91f2f06c-6120-4398-b0fa-455c2eb471c0;392.44;8.3943;UNKNOWN
2016-01-26T00:17:05.000000;2016-01-26T00:17:05.000000;53183574-5eae-482d-80e5-cbc28063d439;392.24;2.45;UNKNOWN
2016-01-26T00:17:05.000000;2016-01-26T00:17:05.000000;ce7d32cc-6d3e-425c-a03a-5f80dad7206b;392.25;0.5;UNKNOWN
2016-01-26T00:17:06.000000;2016-01-26T00:17:06.000000;db221c3b-2151-4292-9daa-3042ac64b060;392.25;0.4;UNKNOWN
2016-01-26T00:17:27.000000;2016-01-26T00:17:27.000000;06cac6b6-1d8f-4e7f-9525-63f88074eed3;392.04;0.03988;UNKNOWN
2016-01-26T00:17:37.000000;2016-01-26T00:17:37.000000;f86a7ee5-166c-4f3e-8cce-13047c84fde6;392.08;0.9;UNKNOWN
2016-01-26T00:17:38.000000;2016-01-26T00:17:38.000000;a5ff04e8-5d7a-47d1-9d15-1c22ce218842;392.08;0.07660135;UNKNOWN
2016-01-26T00:18:17.000000;2016-01-26T00:18:17.000000;beff6fcc-2372-4310-85ab-fc4650b81841;392.04;0.02526464;UNKNOWN
2016-01-26T00:18:47.000000;2016-01-26T00:18:47.000000;3465340c-71b7-45b5-96eb-beb028d7b95c;392.29;0.05356083;UNKNOWN
2016-01-26T00:19:02.000000;2016-01-26T00:19:02.000000;2f736104-9182-4132-bfd0-b9082287e5f2;392.43;0.01;UNKNOWN
2016-01-26T00:19:05.000000;2016-01-26T00:19:05.000000;744fa70a-eb69-4681-9d94-1bd9f5110eb0;392.04;0.00396236;UNKNOWN
2016-01-26T00:19:05.000000;2016-01-26T00:19:05.000000;926d2ef9-06e9-4b0b-90b1-253ce69d7f6b;392.03;0.3999485;UNKNOWN
2016-01-26T00:19:17.000000;2016-01-26T00:19:17.000000;60a4d924-4a08-4490-b616-9c8c304ab8e2;392.07;0.05050632;UNKNOWN
2016-01-26T00:19:38.000000;2016-01-26T00:19:38.000000;0bdfb34d-7418-42e4-b006-2caed9b22d4b;392.42;0.03904;UNKNOWN
2016-01-26T00:19:54.000000;2016-01-26T00:19:54.000000;ecfa6a7b-21c6-412a-b1b5-5426fce755db;392.51;0.12948033;UNKNOWN
2016-01-26T00:20:59.000000;2016-01-26T00:20:59.000000;c9a3b875-9e69-49a5-96dc-a8b90f1541fd;392.54;2.85;UNKNOWN
2016-01-26T00:20:59.000000;2016-01-26T00:20:59.000000;77f7156e-ff57-409b-8e4c-3149c7f90f2f;392.53;0.5;UNKNOWN
2016-01-26T00:21:17.000000;2016-01-26T00:21:17.000000;413514df-ec53-4eef-8dd0-6f7e17014854;392.5;1.01993477;UNKNOWN
2016-01-26T00:21:42.000000;2016-01-26T00:21:42.000000;8e2e92e8-45b6-428d-b376-6058b3e79580;392.5;0.908785;UNKNOWN
2016-01-26T00:22:28.000000;2016-01-26T00:22:28.000000;1f8f6bf2-61e9-44b1-a35e-d57ea465f98d;392.5;1.0;UNKNOWN
2016-01-26T00:22:37.000000;2016-01-26T00:22:37.000000;38c0e2a0-fc28-4213-919b-728693b0299a;392.5;0.69677346;UNKNOWN
2016-01-26T00:22:52.000000;2016-01-26T00:22:52.000000;4900a93d-057c-4950-86fb-271199532fd4;392.5;1.17296677;UNKNOWN
2016-01-26T00:25:17.000000;2016-01-26T00:25:17.000000;865d8094-6693-480a-a2a5-a4db8aa86ec1;391.95;0.02;UNKNOWN
2016-01-26T00:25:17.000000;2016-01-26T00:25:17.000000;6244ac37-6809-40ae-9ceb-43512b7e7270;391.82;0.28994375;UNKNOWN
2016-01-26T00:30:06.000000;2016-01-26T00:30:06.000000;4ae73e95-0195-4922-a88b-847405dde6a3;391.93;0.5;UNKNOWN
2016-01-26T00:30:06.000000;2016-01-26T00:30:06.000000;bd83e39c-d0de-4922-877f-d964ce4f8bca;391.93;3.0;UNKNOWN
2016-01-26T00:30:06.000000;2016-01-26T00:30:06.000000;0b2ecb89-d383-4969-b132-4a294d55a2fb;391.92;3.15278667;UNKNOWN
2016-01-26T00:30:41.000000;2016-01-26T00:30:41.000000;6676d7da-799d-4a89-80e2-0c7d309ff503;392.09;0.4539;UNKNOWN
2016-01-26T00:30:58.000000;2016-01-26T00:30:58.000000;53bd9573-e3b4-42c5-9460-5fc13d7522d8;392.22;1.01925863;UNKNOWN
2016-01-26T00:31:12.000000;2016-01-26T00:31:12.000000;49927090-54f6-4fcd-8d44-f0529d881f81;392.26;1.0;UNKNOWN
2016-01-26T00:31:24.000000;2016-01-26T00:31:24.000000;502acdef-50b6-4329-8a51-3a0f5d746f52;392.25;2.7;UNKNOWN
2016-01-26T00:31:48.000000;2016-01-26T00:31:48.000000;995bbb1c-9d31-4105-8c3d-495af2b56f02;392.45;0.1;UNKNOWN
2016-01-26T00:34:05.000000;2016-01-26T00:34:05.000000;ac0fd90f-5030-4d19-9aee-53ed090235b3;392.26;6.3035;UNKNOWN
2016-01-26T00:34:05.000000;2016-01-26T00:34:05.000000;a71d2bd7-3c04-4f1c-a713-149bcb93ae39;392.26;2.54939452;UNKNOWN
2016-01-26T00:34:05.000000;2016-01-26T00:34:05.000000;a1e03d83-9a49-4742-acfb-e7619730f186;392.18;1.14710548;UNKNOWN
2016-01-26T00:34:07.000000;2016-01-26T00:34:07.000000;6ac82d28-4331-47f7-b1e0-065893386d21;392.18;0.05155194;UNKNOWN
2016-01-26T00:34:57.000000;2016-01-26T00:34:57.000000;8a9cb7b9-fce6-4c76-b9bc-abebdc6e9d2b;392.41;10.25236231;UNKNOWN
2016-01-26T00:35:47.000000;2016-01-26T00:35:47.000000;89a7c56c-de16-41e4-9bd7-24684639b58b;392.61;0.5;UNKNOWN
2016-01-26T00:35:47.000000;2016-01-26T00:35:47.000000;65f5e939-8e4c-4f9f-a49a-63c8e5a99939;392.61;3.0;UNKNOWN
2016-01-26T00:35:47.000000;2016-01-26T00:35:47.000000;585b73f3-f9a0-4647-867e-2e1ad5100cdb;392.62;0.93227609;UNKNOWN
2016-01-26T00:35:47.000000;2016-01-26T00:35:47.000000;77489a12-e1a6-4a1c-bb6f-802aa7243aed;392.49;7.9856;UNKNOWN
2016-01-26T00:35:47.000000;2016-01-26T00:35:47.000000;b1be9bfa-197a-4b5d-97d6-d3d37c70b0d5;392.53;16.0296;UNKNOWN
2016-01-26T00:37:51.000000;2016-01-26T00:37:51.000000;8f0a8733-9212-413a-965d-e0a4b2376021;392.75;1.93;UNKNOWN
2016-01-26T00:38:06.000000;2016-01-26T00:38:06.000000;9b62bd17-8d1f-4680-9200-2f84c956f8c5;392.37;0.83707832;UNKNOWN
2016-01-26T00:38:06.000000;2016-01-26T00:38:06.000000;f22a74aa-76d8-4bc5-8e71-d62c16a87885;392.38;6.296;UNKNOWN
2016-01-26T00:44:07.000000;2016-01-26T00:44:07.000000;fbc243fa-d0f3-4983-a25a-8562594df59b;392.86;0.2390867;UNKNOWN
2016-01-26T00:45:06.000000;2016-01-26T00:45:06.000000;cc31365f-b5e9-4192-8958-672825cc5e74;392.88;0.07648321;UNKNOWN
2016-01-26T00:46:05.000000;2016-01-26T00:46:05.000000;2eee36b3-e6ce-4b24-b525-7f21ed14ca2d;392.26;0.1522;UNKNOWN
2016-01-26T00:46:05.000000;2016-01-26T00:46:05.000000;9f040dba-ca37-4a51-b9e9-35700b482e50;392.55;0.07;UNKNOWN
2016-01-26T00:46:05.000000;2016-01-26T00:46:05.000000;7848c781-dd8d-4abc-92f0-ad224ebecf58;392.27;3.0;UNKNOWN
2016-01-26T00:46:05.000000;2016-01-26T00:46:05.000000;138bfa63-996b-4ed9-b43a-8d0074231f9a;392.28;6.2778;UNKNOWN
2016-01-26T00:46:05.000000;2016-01-26T00:46:05.000000;533fd019-c140-4563-a9a4-ace224f1efd0;392.28;0.5;UNKNOWN
2016-01-26T00:50:08.000000;2016-01-26T00:50:08.000000;8a18c10d-3d8d-40cf-8517-d3200d633d25;392.55;0.0255006;UNKNOWN
2016-01-26T00:50:37.000000;2016-01-26T00:50:37.000000;773d5f6f-4462-471f-a1ac-81b9e18dcd27;392.89;1.0;UNKNOWN
2016-01-26T00:53:05.000000;2016-01-26T00:53:05.000000;a5ef27ae-5059-4587-89bb-790e8037870f;392.96;0.1;UNKNOWN
2016-01-26T00:54:54.000000;2016-01-26T00:54:54.000000;3579a3dc-7916-4b30-8462-e960691e90bf;392.85;3.362;UNKNOWN
2016-01-26T00:54:54.000000;2016-01-26T00:54:54.000000;bed9a5a2-5390-4e46-9fff-1f586bb1bbde;392.82;3.638;UNKNOWN
2016-01-26T00:55:06.000000;2016-01-26T00:55:06.000000;49f11ef7-c8f6-481e-bf47-b6121ae49b51;392.81;5.0;UNKNOWN
2016-01-26T00:55:06.000000;2016-01-26T00:55:06.000000;10fcdbf1-fc3c-4c4b-b0f5-ed88804a910c;392.51;2.92426306;UNKNOWN
2016-01-26T00:55:08.000000;2016-01-26T00:55:08.000000;c516936e-54e9-4a10-9396-b02df7ef2a31;392.88;1.7015009;UNKNOWN
2016-01-26T00:55:08.000000;2016-01-26T00:55:08.000000;29aff901-f769-4c7f-bf28-6a44da22a655;392.87;0.5;UNKNOWN
2016-01-26T00:55:15.000000;2016-01-26T00:55:15.000000;15f3f660-d1d8-4810-94c9-b13040deac6a;392.84;2.34544036;UNKNOWN
2016-01-26T00:55:28.000000;2016-01-26T00:55:28.000000;1a86fdb5-81ca-4691-b127-5bbfb9ab9170;392.51;2.0;UNKNOWN
2016-01-26T00:55:47.000000;2016-01-26T00:55:47.000000;eb9af71b-6d61-4059-b8ce-3596a6a793a1;392.52;0.10192973;UNKNOWN
2016-01-26T00:55:59.000000;2016-01-26T00:55:59.000000;3a7def2a-b3a6-4e75-aac6-6b8d607a09aa;391.94;2.54994709;UNKNOWN
2016-01-26T00:55:59.000000;2016-01-26T00:55:59.000000;2331bf53-fe76-4fd6-a189-3a360b0a8ffe;391.93;1.0;UNKNOWN
2016-01-26T00:55:59.000000;2016-01-26T00:55:59.000000;052930cf-4f50-4781-8099-10cb3589647d;392.5;1.07;UNKNOWN
2016-01-26T00:55:59.000000;2016-01-26T00:55:59.000000;cf4d56c5-1f8f-4366-be68-ee84cc4a38e4;391.97;12.0;UNKNOWN
2016-01-26T00:55:59.000000;2016-01-26T00:55:59.000000;57136eef-0099-4cee-8c08-481286884808;391.91;0.99885366;UNKNOWN
2016-01-26T00:55:59.000000;2016-01-26T00:55:59.000000;6c0f6157-6bac-4d87-b2d0-e18847b7f68b;392.0;2.55189925;UNKNOWN
2016-01-26T00:55:59.000000;2016-01-26T00:55:59.000000;ab78f7d7-a4d8-4d83-935f-1861c08b23d8;392.03;0.51;UNKNOWN
2016-01-26T00:55:59.000000;2016-01-26T00:55:59.000000;f81e2092-28aa-49e6-99a6-684d3d71858e;392.51;6.3193;UNKNOWN
2016-01-26T00:57:37.000000;2016-01-26T00:57:37.000000;4b32a135-ac24-44de-af94-93bd3dd1f971;391.96;0.37;UNKNOWN
2016-01-26T00:57:37.000000;2016-01-26T00:57:37.000000;d481475a-a215-4faa-b60f-62b5921a5e2d;391.96;0.06;UNKNOWN
2016-01-26T00:57:37.000000;2016-01-26T00:57:37.000000;a82721c8-9319-45f6-821f-48f688a851ae;391.98;0.06;UNKNOWN
2016-01-26T00:57:37.000000;2016-01-26T00:57:37.000000;580a0166-12c0-4025-b70d-4690825049b9;391.94;0.10120752;UNKNOWN
2016-01-26T00:57:57.000000;2016-01-26T00:57:57.000000;ba651939-7387-405b-aaae-85e665690cfb;391.98;0.02550255;UNKNOWN
2016-01-26T00:58:20.000000;2016-01-26T00:58:20.000000;3f588679-4b6a-4a52-b92b-f7060c8cf958;391.99;0.1;UNKNOWN
2016-01-26T00:58:32.000000;2016-01-26T00:58:32.000000;1df19786-a496-45a6-ae30-75969a599d4c;392.0;2.65;UNKNOWN
2016-01-26T00:59:52.000000;2016-01-26T00:59:52.000000;6cb41aad-fd21-488d-9f81-cc4f7d069f4e;392.0;0.2551;UNKNOWN
2016-01-26T01:00:05.000000;2016-01-26T01:00:05.000000;e8d62c88-9efc-4b9c-b935-1e7769bd502d;392.0;0.14986415;UNKNOWN
2016-01-26T01:00:15.000000;2016-01-26T01:00:15.000000;a0af742b-072e-4a09-b16c-11127e162ab8;392.0;0.143016;UNKNOWN
2016-01-26T01:00:44.000000;2016-01-26T01:00:44.000000;1b7591e0-6334-43c9-af9f-e0030032b572;392.0;0.012;UNKNOWN
2016-01-26T01:01:20.000000;2016-01-26T01:01:20.000000;71c04e11-7f0c-4161-af12-8416f213cd31;392.42;0.1;UNKNOWN
2016-01-26T01:05:06.000000;2016-01-26T01:05:06.000000;7091a7fd-5aae-4023-84fc-7ec6ad2f4b75;392.59;0.07503598;UNKNOWN
2016-01-26T01:05:27.000000;2016-01-26T01:05:27.000000;abf1e88a-fa87-49cc-92f0-40497424d7ac;392.56;0.5;UNKNOWN
2016-01-26T01:05:27.000000;2016-01-26T01:05:27.000000;5c29e634-2244-4892-8ec5-46bdf83fcfff;392.59;2.36798309;UNKNOWN
2016-01-26T01:05:27.000000;2016-01-26T01:05:27.000000;8909cf08-5673-49ae-95c5-eb44b4f0c197;392.57;1.31;UNKNOWN
2016-01-26T01:05:51.000000;2016-01-26T01:05:51.000000;4bb06537-2d30-4399-8555-2683084ba27c;392.73;1.0;UNKNOWN
2016-01-26T01:07:05.000000;2016-01-26T01:07:05.000000;6e836f6e-3995-4666-9fc1-4892a6512424;392.5;0.01;UNKNOWN
2016-01-26T01:07:15.000000;2016-01-26T01:07:15.000000;1c8b8b45-388c-4b81-97e3-165bd0eaac8f;392.56;1.724655;UNKNOWN
2016-01-26T01:08:13.000000;2016-01-26T01:08:13.000000;9b2a005b-7102-43c3-a369-5b71030bb389;392.75;0.12718025;UNKNOWN
2016-01-26T01:08:17.000000;2016-01-26T01:08:17.000000;27e103a4-9725-4bfc-8f21-7355e09017b7;392.74;0.04584352;UNKNOWN
2016-01-26T01:08:21.000000;2016-01-26T01:08:21.000000;41b684db-89d7-4dce-9b95-47d05a0d8f8f;392.75;5.0;UNKNOWN
2016-01-26T01:09:07.000000;2016-01-26T01:09:07.000000;3f1c4ad0-254b-4d93-9885-1ba47ce7d596;392.99;6.3605;UNKNOWN
2016-01-26T01:09:07.000000;2016-01-26T01:09:07.000000;0f3a59e8-54bd-4bc5-899c-472fe25824e8;392.75;6.93001516;UNKNOWN
2016-01-26T01:09:07.000000;2016-01-26T01:09:07.000000;59efd075-68e2-451e-8f99-9551ee05718d;393.0;1.875;UNKNOWN
2016-01-26T01:09:07.000000;2016-01-26T01:09:07.000000;bde722d3-af9a-474b-9c88-479685213404;393.0;3.0;UNKNOWN
2016-01-26T01:09:07.000000;2016-01-26T01:09:07.000000;d0db45e2-dc85-4b19-9491-1be72fcd0360;393.0;1.0;UNKNOWN
2016-01-26T01:09:37.000000;2016-01-26T01:09:37.000000;ee56aa0d-4287-4641-967e-76c9179e57ae;393.47;0.12718025;UNKNOWN
2016-01-26T01:10:46.000000;2016-01-26T01:10:46.000000;2d376e76-04fa-4d62-94ff-df9f3bf03032;393.47;0.1;UNKNOWN
2016-01-26T01:10:47.000000;2016-01-26T01:10:47.000000;7582406c-5df9-4770-8f22-b3761d9e015b;393.47;0.1;UNKNOWN
2016-01-26T01:10:48.000000;2016-01-26T01:10:48.000000;0bc7f1c4-7a50-4b8e-91cb-b44b807c4a2a;393.46;0.1;UNKNOWN
2016-01-26T01:10:48.000000;2016-01-26T01:10:48.000000;14543a55-b521-46a6-b509-5eb19804aab7;393.43;0.14018192;UNKNOWN
2016-01-26T01:11:22.000000;2016-01-26T01:11:22.000000;14299c25-f01f-4708-afa5-9e69dd0b2477;393.47;0.13;UNKNOWN
2016-01-26T01:11:22.000000;2016-01-26T01:11:22.000000;b9010ced-dc43-4003-8ae9-1e39856c9b8e;393.48;0.643;UNKNOWN
2016-01-26T01:11:22.000000;2016-01-26T01:11:22.000000;c88394b9-44e6-409c-8333-19f145cc4048;393.5;5.49753504;UNKNOWN
2016-01-26T01:11:31.000000;2016-01-26T01:11:31.000000;2f4b83fd-0dde-42fa-bc54-bdc159c44742;393.5;0.023;UNKNOWN
2016-01-26T01:11:51.000000;2016-01-26T01:11:51.000000;67f5656b-6cdc-4275-bce9-6139e1529d88;393.5;0.522;UNKNOWN
2016-01-26T01:11:53.000000;2016-01-26T01:11:53.000000;a8a6c617-97b5-4a32-a98f-9a5c38d90566;393.5;4.478;UNKNOWN
2016-01-26T01:12:11.000000;2016-01-26T01:12:11.000000;78791335-dc3f-440a-a572-981a3b17b5eb;393.5;0.33;UNKNOWN
2016-01-26T01:13:05.000000;2016-01-26T01:13:05.000000;91035fba-a95e-4823-b72b-4567bfc07848;393.49;0.39544001;UNKNOWN
2016-01-26T01:13:27.000000;2016-01-26T01:13:27.000000;19b0dae9-b3ea-47a0-88a6-ed1e483b8fc9;393.5;1.093786;UNKNOWN
2016-01-26T01:14:05.000000;2016-01-26T01:14:05.000000;850d4c95-5197-40fa-b62e-0cb8d8262062;393.49;0.39455999;UNKNOWN
2016-01-26T01:14:05.000000;2016-01-26T01:14:05.000000;75994a68-b706-4f06-b931-e1b6978f3d92;393.29;1.50319518;UNKNOWN
2016-01-26T01:14:05.000000;2016-01-26T01:14:05.000000;94903755-5e03-43dd-aeca-c8dc6fc74d30;393.43;0.85981808;UNKNOWN
2016-01-26T01:14:05.000000;2016-01-26T01:14:05.000000;a3419f1f-2753-4be6-9d58-55105ec2f12b;393.43;0.1;UNKNOWN
2016-01-26T01:14:05.000000;2016-01-26T01:14:05.000000;91fc35dc-ee75-4c98-a922-ccf0893edce3;393.43;0.1;UNKNOWN
2016-01-26T01:14:05.000000;2016-01-26T01:14:05.000000;fd2bd63b-f8d9-4846-8836-8e393636c13e;393.29;2.54242675;UNKNOWN
2016-01-26T01:14:06.000000;2016-01-26T01:14:06.000000;dc276b40-36b9-4ab5-b9f4-ddd5ec0067fe;393.29;0.6521;UNKNOWN
2016-01-26T01:14:06.000000;2016-01-26T01:14:06.000000;fae49c00-3048-4eb9-b91a-f661f09782e1;393.3;6.3479;UNKNOWN
2016-01-26T01:14:22.000000;2016-01-26T01:14:22.000000;379abd0a-fc62-49a4-9498-99a97205449c;393.21;0.0279;UNKNOWN
2016-01-26T01:15:05.000000;2016-01-26T01:15:05.000000;1128178b-ac3d-4633-9ab0-2e1bfd105a6c;393.5;0.25349185;UNKNOWN
2016-01-26T01:15:07.000000;2016-01-26T01:15:07.000000;0bdaa165-bd43-47f7-8ed9-656433ecd65c;393.16;0.06359761;UNKNOWN
2016-01-26T01:15:29.000000;2016-01-26T01:15:29.000000;333558da-f81f-45e8-a4f5-fb611da9ffe2;393.48;0.289022;UNKNOWN
2016-01-26T01:15:31.000000;2016-01-26T01:15:31.000000;0750d986-b9eb-465c-a606-ae985a103dbf;393.35;1.2994;UNKNOWN
2016-01-26T01:15:31.000000;2016-01-26T01:15:31.000000;fdfff37b-e939-4cc8-8fa4-b3ce0de4c08a;393.35;5.0;UNKNOWN
2016-01-26T01:15:49.000000;2016-01-26T01:15:49.000000;326177a0-1f5a-4b04-ab3b-2b1be379ebb6;393.39;2.0;UNKNOWN
2016-01-26T01:16:05.000000;2016-01-26T01:16:05.000000;14496aa6-60ec-40d2-a77e-8d0609a835e7;393.24;0.2367;UNKNOWN
2016-01-26T01:16:13.000000;2016-01-26T01:16:13.000000;58d4c027-e3f8-472a-b788-580eb3abea0f;393.23;0.2;UNKNOWN
2016-01-26T01:16:14.000000;2016-01-26T01:16:14.000000;2d6f050a-e65f-4974-a8b1-41f28611d13b;393.35;0.5;UNKNOWN
2016-01-26T01:16:14.000000;2016-01-26T01:16:14.000000;28e18e29-b1b9-4157-8e3f-79ddf677f6c2;393.35;6.0;UNKNOWN
2016-01-26T01:16:14.000000;2016-01-26T01:16:14.000000;b1cef219-2e32-48b3-91de-4caf5aa54136;393.35;3.0;UNKNOWN
2016-01-26T01:16:14.000000;2016-01-26T01:16:14.000000;f5e5bd16-0e0b-4898-92a4-5666a6d5e224;393.42;3.483567;UNKNOWN
2016-01-26T01:16:14.000000;2016-01-26T01:16:14.000000;ea8c581a-90c8-43ba-a20c-7790f16a656e;393.36;0.016433;UNKNOWN
2016-01-26T01:16:44.000000;2016-01-26T01:16:44.000000;e414a378-cc18-4a9e-898d-1e7c6e76138d;393.1;0.025437;UNKNOWN
2016-01-26T01:16:45.000000;2016-01-26T01:16:45.000000;bbffce7e-4dfd-47b7-aa0c-f29ece75cd95;393.11;0.111521;UNKNOWN
2016-01-26T01:16:46.000000;2016-01-26T01:16:46.000000;7bee007e-71be-4cf2-8497-74cb16677a99;393.11;0.034609;UNKNOWN
2016-01-26T01:17:06.000000;2016-01-26T01:17:06.000000;faf33a2c-7c9d-4543-9ccf-5d7afe548b7d;393.44;3.0;UNKNOWN
2016-01-26T01:17:06.000000;2016-01-26T01:17:06.000000;672150a5-ae91-42af-a972-8c08f9d86eaf;393.25;0.062226;UNKNOWN
2016-01-26T01:17:06.000000;2016-01-26T01:17:06.000000;6eba587a-118c-4f1b-8f03-94762c8067aa;393.48;0.67139089;UNKNOWN
2016-01-26T01:17:35.000000;2016-01-26T01:17:35.000000;a65436a3-1592-4137-8f60-60fb86ea951f;393.47;0.741783;UNKNOWN
2016-01-26T01:18:45.000000;2016-01-26T01:18:45.000000;450e17e0-8a72-4c8b-ba8a-a509675f2ae0;393.47;0.924419;UNKNOWN
2016-01-26T01:18:45.000000;2016-01-26T01:18:45.000000;a13ea035-e7d4-4d04-b57c-e3fd213739be;393.43;0.049568;UNKNOWN
2016-01-26T01:19:54.000000;2016-01-26T01:19:54.000000;95ff2209-3ae9-4d51-a8a4-13124c46bcb2;393.49;0.914392;UNKNOWN
2016-01-26T01:20:05.000000;2016-01-26T01:20:05.000000;727afdf7-4879-4630-8737-014a89b899cd;393.49;0.07470564;UNKNOWN
2016-01-26T01:21:13.000000;2016-01-26T01:21:13.000000;b66fb9c3-04b7-438b-bcd7-a1887592196a;393.3;0.02;UNKNOWN
2016-01-26T01:21:23.000000;2016-01-26T01:21:23.000000;7eaae252-0e27-4f6a-af02-8c7e98ee5f6c;393.33;2.54841998;UNKNOWN
2016-01-26T01:21:50.000000;2016-01-26T01:21:50.000000;96d4ef70-ae8a-447e-93c9-7c72d8347e21;393.44;0.024787;UNKNOWN
2016-01-26T01:21:50.000000;2016-01-26T01:21:50.000000;f1ec05b3-eb53-4fe2-a47b-8c205344e7d2;393.45;2.475213;UNKNOWN
2016-01-26T01:22:05.000000;2016-01-26T01:22:05.000000;7009a028-031f-459d-b015-8161220ceb6b;393.2;6.30702323;UNKNOWN
2016-01-26T01:23:00.000000;2016-01-26T01:23:00.000000;a98adfa7-94d7-492c-aa29-60d6c07ceca8;393.35;0.014492;UNKNOWN
2016-01-26T01:23:01.000000;2016-01-26T01:23:01.000000;a0ae2361-0eb3-4bbc-a137-39e99aca90d7;393.48;1.22388421;UNKNOWN
2016-01-26T01:23:02.000000;2016-01-26T01:23:02.000000;6cd4fc0b-d925-401e-abf5-426bad2f93f0;393.35;0.018209;UNKNOWN
2016-01-26T01:23:15.000000;2016-01-26T01:23:15.000000;62e6a367-bd8e-4a3d-a959-3bcb1df873d3;393.04;0.046;UNKNOWN
2016-01-26T01:23:20.000000;2016-01-26T01:23:20.000000;a6b01a34-a867-4b8c-8f24-59d238067c50;393.07;0.167;UNKNOWN
2016-01-26T01:24:05.000000;2016-01-26T01:24:05.000000;ed0457f0-a70d-44da-8976-20267305d534;392.91;1.23201421;UNKNOWN
2016-01-26T01:24:05.000000;2016-01-26T01:24:05.000000;85b3088c-0cc3-4bc5-af94-84b71898fa5a;392.92;3.0;UNKNOWN
2016-01-26T01:24:05.000000;2016-01-26T01:24:05.000000;5bbef70e-2ab5-412c-9b78-67a12c927a69;392.92;0.5;UNKNOWN
2016-01-26T01:25:05.000000;2016-01-26T01:25:05.000000;3646acc0-98de-42dc-aed0-4f87bca851e9;393.11;4.9818;UNKNOWN
2016-01-26T01:25:05.000000;2016-01-26T01:25:05.000000;24ae989e-ffbc-423e-9028-041bf71a0530;393.13;3.2778;UNKNOWN
2016-01-26T01:25:05.000000;2016-01-26T01:25:05.000000;02374181-8dce-4716-88e9-be04e2e71afc;392.8;1.7404;UNKNOWN
2016-01-26T01:26:06.000000;2016-01-26T01:26:06.000000;dd1c4ee1-75ca-4079-8015-830528adbfe1;393.02;1.57748639;UNKNOWN
2016-01-26T01:33:27.000000;2016-01-26T01:33:27.000000;f7894815-425b-4c3c-b267-1d3131fa849e;392.85;0.09427779;UNKNOWN
2016-01-26T01:34:12.000000;2016-01-26T01:34:12.000000;ed7e99ca-94af-4839-add4-5faea295872f;392.9;2.11776334;UNKNOWN
2016-01-26T01:36:05.000000;2016-01-26T01:36:05.000000;a0efb86a-a98e-4713-baf7-67d5aae2205b;392.91;4.74415935;UNKNOWN
2016-01-26T01:38:05.000000;2016-01-26T01:38:05.000000;3bf74698-c353-496d-859b-eb9623250a48;392.99;0.45229891;UNKNOWN
2016-01-26T01:39:27.000000;2016-01-26T01:39:27.000000;8c2dc948-3fb2-40d6-a96b-5458db06bd08;393.0;0.018;UNKNOWN
2016-01-26T01:39:51.000000;2016-01-26T01:39:51.000000;48a2f3c8-eae4-42b5-8da0-45f9536a4cbc;393.28;2.5;UNKNOWN
2016-01-26T01:40:10.000000;2016-01-26T01:40:10.000000;9394ad13-39e8-4c80-8789-ce4666885479;393.34;2.5;UNKNOWN
2016-01-26T01:41:59.000000;2016-01-26T01:41:59.000000;baa4f1c9-12ff-4173-b14e-b5e8726e64e3;393.37;0.5063;UNKNOWN
2016-01-26T01:44:05.000000;2016-01-26T01:44:05.000000;38930e6a-5a73-42d4-966f-e6f31b00c07d;393.01;0.327;UNKNOWN
2016-01-26T01:44:06.000000;2016-01-26T01:44:06.000000;bc8e7cf2-ffbd-4b65-a4f5-fbcf616a1e3a;393.01;5.9594;UNKNOWN
2016-01-26T01:44:06.000000;2016-01-26T01:44:06.000000;ff5afbac-34cf-4920-9930-e22c6850daf8;393.0;1.5406;UNKNOWN
2016-01-26T01:44:06.000000;2016-01-26T01:44:06.000000;e2b5baae-dc6f-465c-94a6-999545d7ed54;393.0;2.5;UNKNOWN
2016-01-26T01:44:17.000000;2016-01-26T01:44:17.000000;9def1595-fc6b-403c-96f0-261075f29f6e;393.0;0.027951;UNKNOWN
2016-01-26T01:45:17.000000;2016-01-26T01:45:17.000000;dbc8b03a-10ca-4d0b-8dd7-ee205b08e8e0;393.0;0.03451323;UNKNOWN
2016-01-26T01:46:40.000000;2016-01-26T01:46:40.000000;547db857-2938-4c2b-b5be-53e70b10d27e;393.18;0.2;UNKNOWN
2016-01-26T01:47:30.000000;2016-01-26T01:47:30.000000;a329698a-32de-49f3-a9c5-83825ea37b17;393.15;0.285;UNKNOWN
2016-01-26T01:48:05.000000;2016-01-26T01:48:05.000000;47835125-7a8b-49fb-9ba0-ca4119f452a8;393.0;2.76630857;UNKNOWN
2016-01-26T01:48:06.000000;2016-01-26T01:48:06.000000;09c82292-0e76-4273-b4f1-59d45d80065f;392.68;2.54449689;UNKNOWN
2016-01-26T01:48:06.000000;2016-01-26T01:48:06.000000;fa133897-5749-43ee-a337-11c5b76155d6;392.74;2.54472351;UNKNOWN
2016-01-26T01:48:06.000000;2016-01-26T01:48:06.000000;dfb1ac77-f835-4ac8-a57f-422afdd47b30;393.0;0.6306272;UNKNOWN
2016-01-26T01:48:06.000000;2016-01-26T01:48:06.000000;90ede6c9-edb9-46a2-958b-3b1bf6329943;392.65;0.04676419;UNKNOWN
2016-01-26T01:50:52.000000;2016-01-26T01:50:52.000000;39755f8c-9eeb-4d73-83f7-62471c7cf309;392.75;0.49;UNKNOWN
2016-01-26T01:51:57.000000;2016-01-26T01:51:57.000000;8919dd27-8ec8-4300-8499-670eec5566e3;392.75;0.03823045;UNKNOWN
2016-01-26T01:52:21.000000;2016-01-26T01:52:21.000000;9e83fe87-a190-4baf-9a97-30dccd48f8be;392.44;6.0;UNKNOWN
2016-01-26T01:52:21.000000;2016-01-26T01:52:21.000000;b0392c3d-5292-4bd0-9cd5-21e53454c077;392.41;3.9828916;UNKNOWN
2016-01-26T01:52:21.000000;2016-01-26T01:52:21.000000;ca037c2c-e570-4396-89dd-ed71a7b0f48b;392.47;2.54533885;UNKNOWN
2016-01-26T01:52:21.000000;2016-01-26T01:52:21.000000;05aa5dc3-5516-4109-9fbb-e64a9d510139;392.75;4.47176955;UNKNOWN
2016-01-26T01:53:41.000000;2016-01-26T01:53:41.000000;20a1cbb5-8d3f-400b-96b6-6715bfe9a46d;391.99;1.9;UNKNOWN
2016-01-26T01:53:41.000000;2016-01-26T01:53:41.000000;877bfffc-8f46-4606-9754-d5a0af843743;392.39;5.0;UNKNOWN
2016-01-26T01:53:41.000000;2016-01-26T01:53:41.000000;8a0ea12b-866d-4d58-a789-a5fc0cc8b5ba;392.2;0.03;UNKNOWN
2016-01-26T01:53:41.000000;2016-01-26T01:53:41.000000;c0c1f1e0-bf7b-4323-a0e1-5c201d3f13f4;391.96;0.52;UNKNOWN
2016-01-26T01:53:41.000000;2016-01-26T01:53:41.000000;b1c2191b-6979-49c7-b4b3-a089180eb5b6;391.95;0.55;UNKNOWN
2016-01-26T01:53:58.000000;2016-01-26T01:53:58.000000;76ca6641-2ec7-4cff-8a0b-723492d691e1;391.84;0.47209294;UNKNOWN
2016-01-26T01:53:58.000000;2016-01-26T01:53:58.000000;cf0648e3-8154-407c-9002-0f19186c5561;391.95;0.09808465;UNKNOWN
2016-01-26T01:53:58.000000;2016-01-26T01:53:58.000000;27efb65f-1324-4afd-8f97-e26e1e3b0dbc;391.91;0.025;UNKNOWN
2016-01-26T01:53:58.000000;2016-01-26T01:53:58.000000;d81041df-b05c-43ab-8ec8-2c66f35e4af1;391.91;2.54835504;UNKNOWN
2016-01-26T01:54:09.000000;2016-01-26T01:54:09.000000;7942ecfe-643f-4659-929c-2c5143282700;391.98;0.37;UNKNOWN
2016-01-26T01:54:09.000000;2016-01-26T01:54:09.000000;1c7426f5-55ed-4164-9f3b-8bea2e7580db;391.97;4.13;UNKNOWN
2016-01-26T01:54:18.000000;2016-01-26T01:54:18.000000;04eceb06-d54c-4d80-b807-2f0ae9882916;391.81;3.63;UNKNOWN
2016-01-26T01:54:18.000000;2016-01-26T01:54:18.000000;5a159565-c3a7-4aae-907b-210fe935c9d3;391.97;0.87;UNKNOWN
2016-01-26T01:57:06.000000;2016-01-26T01:57:06.000000;fac10a18-425c-439a-a63c-05464379be96;392.06;0.28913125;UNKNOWN
2016-01-26T01:57:07.000000;2016-01-26T01:57:07.000000;dd7fceef-bf49-47cc-9d0b-5848fc9aca9c;392.06;0.07561782;UNKNOWN
2016-01-26T01:58:00.000000;2016-01-26T01:58:00.000000;a5739e94-db65-4127-935e-0d55da33b1bc;392.11;0.02;UNKNOWN
2016-01-26T01:59:05.000000;2016-01-26T01:59:05.000000;5cd9a393-8a95-4344-a876-ab2879dcd1e9;392.11;1.01680387;UNKNOWN
2016-01-26T02:00:06.000000;2016-01-26T02:00:06.000000;0bcd62b2-d78c-491a-b631-c662c3bc3db4;392.18;0.101815;UNKNOWN
2016-01-26T02:01:05.000000;2016-01-26T02:01:05.000000;b8ebe24f-3c3a-4dce-b6ad-651c145af501;392.14;0.15;UNKNOWN
2016-01-26T02:01:05.000000;2016-01-26T02:01:05.000000;b054a877-f402-4650-8d72-599fb7191bb4;392.14;0.5;UNKNOWN
2016-01-26T02:01:05.000000;2016-01-26T02:01:05.000000;4a756a2f-f469-4b7b-a00e-dfab921e3d50;392.14;0.37;UNKNOWN
2016-01-26T02:01:05.000000;2016-01-26T02:01:05.000000;4bcdb507-27a4-466d-8636-748e0b272427;392.13;1.38;UNKNOWN
2016-01-26T02:01:40.000000;2016-01-26T02:01:40.000000;ef71e07f-2704-4c61-beff-54c268710a59;392.27;0.418185;UNKNOWN
2016-01-26T02:01:42.000000;2016-01-26T02:01:42.000000;ceaa65a6-5dc4-46ac-a87b-c632d2f783d3;392.27;0.055989;UNKNOWN
2016-01-26T02:03:34.000000;2016-01-26T02:03:34.000000;256331fb-f395-432f-afb8-35cd4d8fea8e;392.57;0.01646839;UNKNOWN
2016-01-26T02:04:30.000000;2016-01-26T02:04:30.000000;ec74b3a8-7540-4e1a-b735-30f7d1e6e4be;392.65;0.011;UNKNOWN
2016-01-26T02:04:30.000000;2016-01-26T02:04:30.000000;801dafaf-5d90-4dcf-8386-31e62f732b94;392.75;0.239;UNKNOWN
2016-01-26T02:06:05.000000;2016-01-26T02:06:05.000000;83a9fe96-0ebb-4aae-9009-5ccbda7a63e3;392.59;0.0255;UNKNOWN
2016-01-26T02:09:05.000000;2016-01-26T02:09:05.000000;7b4f3bbc-d54c-4926-adda-74144c4697a5;392.69;3.12064815;UNKNOWN
2016-01-26T02:09:05.000000;2016-01-26T02:09:05.000000;613ca856-9765-4338-a081-abc6531bad4f;392.69;1.0;UNKNOWN
2016-01-26T02:09:05.000000;2016-01-26T02:09:05.000000;38931367-17ce-46f3-a7c3-268fc43b339f;392.42;5.87935185;UNKNOWN
2016-01-26T02:09:08.000000;2016-01-26T02:09:08.000000;d936a42b-203c-48a1-992d-749a5d59c516;392.43;0.06629145;UNKNOWN
2016-01-26T02:10:05.000000;2016-01-26T02:10:05.000000;0598adc5-0e3b-4020-85a9-5ff8b78a6bfa;392.26;6.319;UNKNOWN
2016-01-26T02:10:05.000000;2016-01-26T02:10:05.000000;3a512793-1caa-46ee-928d-7a4233dbf008;392.26;0.37;UNKNOWN
2016-01-26T02:10:05.000000;2016-01-26T02:10:05.000000;2989d76e-32b7-44ca-89c0-5157cc65dfc4;392.24;0.37;UNKNOWN
2016-01-26T02:10:05.000000;2016-01-26T02:10:05.000000;d843ab0d-008e-4712-bf2b-64261a5443cf;392.26;0.37;UNKNOWN
2016-01-26T02:10:05.000000;2016-01-26T02:10:05.000000;3ea1cba3-4b34-4590-8b05-e1185b8f72f5;392.24;2.571;UNKNOWN
2016-01-26T02:10:06.000000;2016-01-26T02:10:06.000000;ef2b84b4-6506-4dda-9bd0-b3efc1508f8b;392.13;4.1;UNKNOWN
2016-01-26T02:10:07.000000;2016-01-26T02:10:07.000000;ddc629be-c6fd-4808-965c-13ded0d4002c;392.46;2.61649573;UNKNOWN
2016-01-26T02:11:17.000000;2016-01-26T02:11:17.000000;b9b9c77d-0563-4902-8018-75444730eff6;392.51;0.75776711;UNKNOWN
2016-01-26T02:11:28.000000;2016-01-26T02:11:28.000000;af1a43a2-15cf-446a-803a-02d470e55423;392.59;0.01016292;UNKNOWN
2016-01-26T02:12:05.000000;2016-01-26T02:12:05.000000;32286c72-34aa-4d6b-9d9b-2c97b293f5b4;392.51;4.24223289;UNKNOWN
2016-01-26T02:12:05.000000;2016-01-26T02:12:05.000000;a88cf718-09c5-4111-a764-4d599d47c4bf;392.11;2.18116711;UNKNOWN
2016-01-26T02:12:06.000000;2016-01-26T02:12:06.000000;04264195-79ba-43bf-b0ec-c6c3feeaa735;392.59;6.0;UNKNOWN
2016-01-26T02:12:06.000000;2016-01-26T02:12:06.000000;9a3a9a19-8f52-4f4f-a026-cf9c4c71d1ff;392.6;0.80134351;UNKNOWN
2016-01-26T02:12:06.000000;2016-01-26T02:12:06.000000;c704878e-c8a6-495d-96d4-d862f43c43f3;392.59;0.48983708;UNKNOWN
2016-01-26T02:12:16.000000;2016-01-26T02:12:16.000000;3de5b4a1-1aa9-4465-9026-d3b401cf52d4;392.12;0.37;UNKNOWN
2016-01-26T02:12:16.000000;2016-01-26T02:12:16.000000;682008ed-2a0d-4690-b26d-a6f7c5e4eab9;392.11;4.63;UNKNOWN
2016-01-26T02:15:05.000000;2016-01-26T02:15:05.000000;f1dad980-2960-44fb-943b-956268aa67db;392.51;0.01;UNKNOWN
2016-01-26T02:15:05.000000;2016-01-26T02:15:05.000000;31fe02c1-91cc-4fdb-b5cf-cc7a624941d1;392.14;0.06872621;UNKNOWN
2016-01-26T02:16:17.000000;2016-01-26T02:16:17.000000;5d9542ec-6336-40f6-a2a7-a16f6763e221;392.16;0.02775815;UNKNOWN
2016-01-26T02:17:18.000000;2016-01-26T02:17:18.000000;3aa837a6-b13e-474a-8bf6-7c12c37c1f45;392.13;0.32006621;UNKNOWN
2016-01-26T02:17:18.000000;2016-01-26T02:17:18.000000;d1aa76f9-2f0b-4f04-b86c-9a217d917fee;392.14;0.24127379;UNKNOWN
2016-01-26T02:20:05.000000;2016-01-26T02:20:05.000000;4bb8fd14-0446-482f-a9ab-2e68eda83ee0;392.48;0.0374231;UNKNOWN
2016-01-26T02:21:16.000000;2016-01-26T02:21:16.000000;d441b203-4954-4a0a-96de-6acefb93b1a9;392.33;0.03086964;UNKNOWN
2016-01-26T02:22:06.000000;2016-01-26T02:22:06.000000;40b46967-fbf2-46b8-a50d-b61a8c15cbe6;392.3;0.228292;UNKNOWN
2016-01-26T02:22:06.000000;2016-01-26T02:22:06.000000;120c8d12-7055-4aac-8bd3-68709c16f309;392.31;0.5;UNKNOWN
2016-01-26T02:22:06.000000;2016-01-26T02:22:06.000000;90c6d672-0638-4571-afdd-34f7c7450fcf;392.34;1.0;UNKNOWN
2016-01-26T02:22:06.000000;2016-01-26T02:22:06.000000;635891ea-201e-4365-a7e2-96377a8e92b7;392.38;1.271708;UNKNOWN
2016-01-26T02:22:07.000000;2016-01-26T02:22:07.000000;64678fa0-481e-45ac-a692-7384b74e8c28;392.21;0.02807498;UNKNOWN
2016-01-26T02:22:10.000000;2016-01-26T02:22:10.000000;a1e7b92e-bb96-4d15-8bd3-c7489596a38e;392.54;0.527239;UNKNOWN
2016-01-26T02:22:10.000000;2016-01-26T02:22:10.000000;7d351c69-8e7a-4d2a-82ab-58727d1816c4;392.54;2.472761;UNKNOWN
2016-01-26T02:22:13.000000;2016-01-26T02:22:13.000000;d89ab15e-1259-4e00-bc4c-e57f3b659e83;392.7;3.0;UNKNOWN
2016-01-26T02:22:19.000000;2016-01-26T02:22:19.000000;f980ee4f-e343-4c6b-9422-34b08c269529;392.9;3.0;UNKNOWN
2016-01-26T02:22:37.000000;2016-01-26T02:22:37.000000;ad5b06cc-e07f-4655-83aa-ad14b4d6b487;392.81;1.82;UNKNOWN
2016-01-26T02:22:37.000000;2016-01-26T02:22:37.000000;c1eb3ef0-cc63-4f04-84e5-deacddbccfd0;392.81;0.5;UNKNOWN
2016-01-26T02:24:40.000000;2016-01-26T02:24:40.000000;c9d7041e-50c9-4325-83d7-7a2bddb7eb01;392.21;1.0;UNKNOWN
2016-01-26T02:24:40.000000;2016-01-26T02:24:40.000000;4f81e611-e0e4-4cc9-a566-830f44276500;392.2;4.0;UNKNOWN
2016-01-26T02:26:05.000000;2016-01-26T02:26:05.000000;7ce5e346-7d5b-4cbf-8e06-e8ce7401ab4a;392.11;1.9;UNKNOWN
2016-01-26T02:26:05.000000;2016-01-26T02:26:05.000000;e6c5e083-cab8-4825-86bf-eb903af2f80c;392.2;0.1;UNKNOWN
2016-01-26T02:26:05.000000;2016-01-26T02:26:05.000000;b123eae1-83e1-47b8-8644-422421d37fca;392.12;3.0;UNKNOWN
2016-01-26T02:26:05.000000;2016-01-26T02:26:05.000000;c8f828d0-55b7-4276-b943-a83aeae4d6a7;392.2;1.0;UNKNOWN
2016-01-26T02:27:05.000000;2016-01-26T02:27:05.000000;22181a49-efab-47ea-bc53-c445e6df6a73;392.26;1.0;UNKNOWN
2016-01-26T02:28:27.000000;2016-01-26T02:28:27.000000;16166543-27eb-4179-9468-bf60045c8e1a;392.11;0.05616286;UNKNOWN
2016-01-26T02:28:37.000000;2016-01-26T02:28:37.000000;6cc17044-2a6e-410c-bac9-7f5181267353;392.11;2.431831;UNKNOWN
2016-01-26T02:29:05.000000;2016-01-26T02:29:05.000000;f4df0e96-025c-4531-93df-2fb23f5ec621;392.11;3.80083903;UNKNOWN
2016-01-26T02:29:05.000000;2016-01-26T02:29:05.000000;58ae08ce-2110-471d-9551-aa08758552d8;391.78;0.17416097;UNKNOWN
2016-01-26T02:29:05.000000;2016-01-26T02:29:05.000000;61886149-36f5-4c26-ae29-711f98bcc3fb;392.1;0.025;UNKNOWN
2016-01-26T02:29:05.000000;2016-01-26T02:29:05.000000;2efaa40e-86ad-4eaf-a039-3009e5cc87ad;391.8;4.0;UNKNOWN
2016-01-26T02:29:17.000000;2016-01-26T02:29:17.000000;f1bff9cc-9b3d-4644-8667-c724fd7026c8;391.54;3.0;UNKNOWN
2016-01-26T02:29:17.000000;2016-01-26T02:29:17.000000;35ae20aa-2ea4-4ebc-bc44-7a307428c463;391.53;2.75615;UNKNOWN
2016-01-26T02:29:17.000000;2016-01-26T02:29:17.000000;7959a052-7eec-4480-acf0-326243e630b3;391.54;0.5;UNKNOWN
2016-01-26T02:29:17.000000;2016-01-26T02:29:17.000000;9501e51c-17be-4706-bce9-2db42393e402;391.6;0.03;UNKNOWN
2016-01-26T02:29:47.000000;2016-01-26T02:29:47.000000;336e17f7-b09c-4b96-8b33-c89795545d4a;391.6;0.03318714;UNKNOWN
2016-01-26T02:30:05.000000;2016-01-26T02:30:05.000000;c33c7cff-7186-4a8c-8ac7-e2e94c3b989b;391.6;0.05088767;UNKNOWN
2016-01-26T02:30:17.000000;2016-01-26T02:30:17.000000;42d3639c-3efd-43bf-9ca9-10798904c2af;391.55;0.19808452;UNKNOWN
2016-01-26T02:30:17.000000;2016-01-26T02:30:17.000000;9c0bc134-fc3d-4927-8b9d-a8a8ebc2753e;391.6;0.01592519;UNKNOWN
2016-01-26T02:30:22.000000;2016-01-26T02:30:22.000000;391e8984-0364-4cbf-8c7a-ed5e8e5bd668;391.72;5.0;UNKNOWN
2016-01-26T02:31:25.000000;2016-01-26T02:31:25.000000;5f3036ca-9311-48eb-a60c-5c353581b585;391.57;0.1;UNKNOWN
2016-01-26T02:31:26.000000;2016-01-26T02:31:26.000000;c4fcae6b-2880-46f5-bcbb-f2e36bbea892;391.57;0.069254;UNKNOWN
2016-01-26T02:31:30.000000;2016-01-26T02:31:30.000000;dabf9c64-9e15-42c8-9fa4-5cef76e645ab;391.51;0.102111;UNKNOWN
2016-01-26T02:31:30.000000;2016-01-26T02:31:30.000000;7d977d6f-9f85-4cee-abbc-9713c0475ff5;391.51;0.053802;UNKNOWN
2016-01-26T02:31:30.000000;2016-01-26T02:31:30.000000;f2676a0d-4757-478e-9992-82d2f4187576;391.51;0.046198;UNKNOWN
2016-01-26T02:31:31.000000;2016-01-26T02:31:31.000000;e6c83b88-84b9-4c08-a6bd-31466856ab8b;391.51;0.074145;UNKNOWN
2016-01-26T02:31:32.000000;2016-01-26T02:31:32.000000;57a6489a-4087-4c9c-a17f-320c28ac99db;391.52;0.263645;UNKNOWN
2016-01-26T02:31:48.000000;2016-01-26T02:31:48.000000;826bdd00-7b68-49d8-9610-7d8a1a31b572;391.51;0.39;UNKNOWN
2016-01-26T02:31:48.000000;2016-01-26T02:31:48.000000;87fe17dd-0eaa-4739-b449-db011161c180;391.5;10.0;UNKNOWN
2016-01-26T02:31:48.000000;2016-01-26T02:31:48.000000;c8bf5ab3-49e7-4922-81f6-0708015b7ed2;391.51;0.1;UNKNOWN
2016-01-26T02:31:50.000000;2016-01-26T02:31:50.000000;49d6e594-c0a3-4bc1-b370-42ba26bdfd2c;391.5;0.26;UNKNOWN
2016-01-26T02:31:55.000000;2016-01-26T02:31:55.000000;c4db7228-b172-4126-bd01-f1c0b8415524;391.42;0.34;UNKNOWN
2016-01-26T02:31:55.000000;2016-01-26T02:31:55.000000;77c19c28-1490-42e3-9c8c-98e3655f5aae;391.41;0.88143644;UNKNOWN
2016-01-26T02:31:59.000000;2016-01-26T02:31:59.000000;d6278e70-c13b-4f6a-a60e-bf1714e0917d;391.5;4.85911179;UNKNOWN
2016-01-26T02:32:05.000000;2016-01-26T02:32:05.000000;233853ff-5dcb-4663-bf5c-f8b2a808e35d;391.49;3.979817;UNKNOWN
2016-01-26T02:33:05.000000;2016-01-26T02:33:05.000000;9e24ce3a-b3b0-489b-b35e-ccf0f8a0265e;391.24;0.45822922;UNKNOWN
2016-01-26T02:34:05.000000;2016-01-26T02:34:05.000000;ee40c952-70e5-4faf-867a-8809e4b6e7df;391.26;0.07509;UNKNOWN
2016-01-26T02:34:08.000000;2016-01-26T02:34:08.000000;d0038a6d-8795-449e-9c60-93eef6584575;391.26;0.00491;UNKNOWN
2016-01-26T02:34:25.000000;2016-01-26T02:34:25.000000;202b82cb-8ffe-476e-8100-e0fe3adc9cbc;391.22;0.1;UNKNOWN
2016-01-26T02:34:26.000000;2016-01-26T02:34:26.000000;b1ed1422-d61b-446a-8714-29d7c682c8b3;391.21;0.016297;UNKNOWN
2016-01-26T02:34:26.000000;2016-01-26T02:34:26.000000;079f2fbd-cefb-45ba-acfc-0722b40c617e;391.15;0.243404;UNKNOWN
2016-01-26T02:35:05.000000;2016-01-26T02:35:05.000000;2ba6b83c-54cf-4735-b87d-ad7e0835ba7f;391.23;0.0224259;UNKNOWN
2016-01-26T02:35:10.000000;2016-01-26T02:35:10.000000;1dd50e60-bdc7-4235-b502-614d040a4cc8;391.23;0.6;UNKNOWN
2016-01-26T02:35:55.000000;2016-01-26T02:35:55.000000;15962120-b128-456e-9440-a4a8a09920ab;391.22;0.08;UNKNOWN
2016-01-26T02:35:55.000000;2016-01-26T02:35:55.000000;6418ea75-acc6-4a18-9308-1971b40725ae;391.22;0.3;UNKNOWN
2016-01-26T02:35:55.000000;2016-01-26T02:35:55.000000;b9a5ca1a-6d13-41d7-af7f-5ce9b707f8a5;391.22;0.0420054;UNKNOWN
2016-01-26T02:35:55.000000;2016-01-26T02:35:55.000000;ddd29e5a-412d-455e-9189-06849b34964a;391.22;0.9779946;UNKNOWN
2016-01-26T02:37:17.000000;2016-01-26T02:37:17.000000;41e389a6-a454-426b-88a8-7f9fb9bc4176;391.22;0.02528923;UNKNOWN
2016-01-26T02:37:17.000000;2016-01-26T02:37:17.000000;143fef78-391d-461c-9d3d-ef4853fb05a5;391.22;0.03779747;UNKNOWN
2016-01-26T02:38:57.000000;2016-01-26T02:38:57.000000;5b37c923-ce1c-4049-b46e-149405ba1f0c;391.22;0.66779747;UNKNOWN
2016-01-26T02:38:57.000000;2016-01-26T02:38:57.000000;0909d38f-6d40-49b2-a52d-4106c90fb86a;391.22;0.33220253;UNKNOWN
2016-01-26T02:39:05.000000;2016-01-26T02:39:05.000000;a59e5806-9edb-45b0-98ae-30a5d1d13ab7;391.71;0.5;UNKNOWN
2016-01-26T02:39:05.000000;2016-01-26T02:39:05.000000;fc80342b-3506-414a-8538-8cc716625204;391.23;1.2526641;UNKNOWN
2016-01-26T02:39:05.000000;2016-01-26T02:39:05.000000;732e7833-1eb0-401b-b6cb-04445e77d1eb;391.28;0.083476;UNKNOWN
2016-01-26T02:39:05.000000;2016-01-26T02:39:05.000000;328e11a2-6200-4869-ba2d-f1cc85720ba1;391.22;1.0;UNKNOWN
2016-01-26T02:39:05.000000;2016-01-26T02:39:05.000000;13795523-9ef0-4d0e-88fc-cfc4218d8d06;391.29;1.0;UNKNOWN
2016-01-26T02:39:05.000000;2016-01-26T02:39:05.000000;e35708de-146d-47e6-93b3-675e0fa0ca88;391.77;1.21097395;UNKNOWN
2016-01-26T02:39:16.000000;2016-01-26T02:39:16.000000;8a54cc39-64a7-4975-9deb-e81e1411ae8a;391.45;0.5;UNKNOWN
2016-01-26T02:39:16.000000;2016-01-26T02:39:16.000000;441eca54-8083-428e-85d9-5969ac142afa;391.44;0.5;UNKNOWN
2016-01-26T02:40:00.000000;2016-01-26T02:40:00.000000;d75b2349-e14e-4cfa-995d-86aba0da1c8d;391.66;0.51630566;UNKNOWN
2016-01-26T02:40:05.000000;2016-01-26T02:40:05.000000;c1d345bc-3242-4c32-934a-65978cfaeb12;391.93;0.07504139;UNKNOWN
2016-01-26T02:40:28.000000;2016-01-26T02:40:28.000000;2585020a-6aa9-45b7-976b-8aa4a100a588;391.54;16.0775;UNKNOWN
2016-01-26T02:40:28.000000;2016-01-26T02:40:28.000000;e00bbbf5-0533-4097-aad9-e35dd5c9c219;391.81;1.0;UNKNOWN
2016-01-26T02:40:28.000000;2016-01-26T02:40:28.000000;99fc37d9-56c1-4a35-8469-bf713fec932e;391.82;6.3771;UNKNOWN
2016-01-26T02:40:28.000000;2016-01-26T02:40:28.000000;9ba5d0c4-b978-4b4c-82ee-c7f5facf9aed;391.4;14.7093;UNKNOWN
2016-01-26T02:40:29.000000;2016-01-26T02:40:29.000000;8bb0cddf-a1b6-47a3-9c8f-13015e1ac90d;391.4;1.43;UNKNOWN
2016-01-26T02:40:55.000000;2016-01-26T02:40:55.000000;50ce343c-d839-4f97-a2cb-b76798b2418b;393.0;12.0;UNKNOWN
2016-01-26T02:40:55.000000;2016-01-26T02:40:55.000000;29ac3eb6-0149-4f2c-8145-9cd02dd645f0;393.65;2.61;UNKNOWN
2016-01-26T02:40:55.000000;2016-01-26T02:40:55.000000;359d19f1-9ff2-41ba-b538-42d4acbf0609;393.0;1.333;UNKNOWN
2016-01-26T02:40:55.000000;2016-01-26T02:40:55.000000;8f8acb5b-35db-43dc-a4da-fd9b13463439;393.46;9.812;UNKNOWN
2016-01-26T02:40:55.000000;2016-01-26T02:40:55.000000;6174cae1-b183-45b7-b96a-f398e1715c88;393.01;2.55157368;UNKNOWN
2016-01-26T02:40:55.000000;2016-01-26T02:40:55.000000;e3075106-c652-4998-9971-4f5197da5226;392.74;2.55209463;UNKNOWN
2016-01-26T02:40:55.000000;2016-01-26T02:40:55.000000;79fb042e-2eaa-4457-a4f7-70c3ecd27024;392.43;14.8621;UNKNOWN
2016-01-26T02:40:55.000000;2016-01-26T02:40:55.000000;56b10c0b-10bc-4718-bc0f-0f468a65accb;392.42;10.1573;UNKNOWN
2016-01-26T02:40:55.000000;2016-01-26T02:40:55.000000;e970dfdf-d224-4928-a8b7-0613aa7e7d33;391.7;0.031222;UNKNOWN
2016-01-26T02:40:55.000000;2016-01-26T02:40:55.000000;d9ccbf10-8ba5-4e22-b038-e1e83a140bdd;392.47;2.55150858;UNKNOWN
2016-01-26T02:40:55.000000;2016-01-26T02:40:55.000000;f47337d1-57a8-414f-87e7-db946e22c8af;392.37;2.55160624;UNKNOWN
2016-01-26T02:40:55.000000;2016-01-26T02:40:55.000000;6d9876d0-92b3-4f66-9a5c-65e9e5f7688c;392.19;15.6307;UNKNOWN
2016-01-26T02:40:55.000000;2016-01-26T02:40:55.000000;934e7de6-f60a-41e8-977c-b45a888a4243;392.33;2.55079266;UNKNOWN
2016-01-26T02:40:55.000000;2016-01-26T02:40:55.000000;69412a2a-996a-48ec-bd7f-c48d732b1614;392.2;1.3;UNKNOWN
2016-01-26T02:40:55.000000;2016-01-26T02:40:55.000000;b38ff3dc-bd47-4d73-96fb-67f30506fc71;392.95;16.2259;UNKNOWN
2016-01-26T02:40:55.000000;2016-01-26T02:40:55.000000;dcbabd76-0da2-4119-bc35-1ab60b6728fc;393.13;7.07;UNKNOWN
2016-01-26T02:40:55.000000;2016-01-26T02:40:55.000000;b3de6025-9b10-45c0-aff9-eb180d6e3280;392.0;20.0;UNKNOWN
2016-01-26T02:40:55.000000;2016-01-26T02:40:55.000000;09ae5a79-6e56-4517-85e1-decc7211d2f6;391.98;1.0;UNKNOWN
2016-01-26T02:40:55.000000;2016-01-26T02:40:55.000000;cba960d0-c926-44c4-8d42-6c62819bf3db;392.7;2.55118311;UNKNOWN
2016-01-26T02:40:55.000000;2016-01-26T02:40:55.000000;c28393f6-2c16-42fe-bba7-6213d18438da;392.8;15.821;UNKNOWN
2016-01-26T02:40:55.000000;2016-01-26T02:40:55.000000;d54d1214-0560-47ec-92b0-f00847f126c9;392.62;16.4349;UNKNOWN
2016-01-26T02:40:55.000000;2016-01-26T02:40:55.000000;6c1f8bc9-f0e4-49e7-8fd6-19318c2b0ea0;391.74;6.3348;UNKNOWN
2016-01-26T02:40:55.000000;2016-01-26T02:40:55.000000;3d6d0101-aad2-4004-937c-b7d70b292a48;391.4;24.32534698;UNKNOWN
2016-01-26T02:40:55.000000;2016-01-26T02:40:55.000000;83eef07b-7882-424e-9697-485583c78dc5;391.43;1.0;UNKNOWN
2016-01-26T02:40:55.000000;2016-01-26T02:40:55.000000;911a5e97-59a3-4f32-90b1-a833f421e7ab;392.64;2.55209463;UNKNOWN
2016-01-26T02:40:55.000000;2016-01-26T02:40:55.000000;ad5aa0c5-ba76-46d3-a2db-23691154cd87;392.61;2.52;UNKNOWN
2016-01-26T02:40:55.000000;2016-01-26T02:40:55.000000;300f7137-99fb-4e47-b5c5-33c35f99542d;392.83;2.55209463;UNKNOWN
2016-01-26T02:40:55.000000;2016-01-26T02:40:55.000000;27636129-6faf-4455-99e5-0aef9aab61d2;391.99;1.52;UNKNOWN
2016-01-26T02:40:55.000000;2016-01-26T02:40:55.000000;fa2f3cf5-6b17-454c-b97b-3e5ed0f50047;392.1;15.1481;UNKNOWN
2016-01-26T02:40:55.000000;2016-01-26T02:40:55.000000;20400a99-80f0-423f-9145-7b947a134a96;392.28;16.8837;UNKNOWN
2016-01-26T02:40:55.000000;2016-01-26T02:40:55.000000;9c2ce46a-ed87-4757-96f2-9dae5e861fc6;393.82;15.3121;UNKNOWN
2016-01-26T02:40:55.000000;2016-01-26T02:40:55.000000;f1183faa-6eda-4a30-9e40-ac343a350ebb;393.77;31.34;UNKNOWN
2016-01-26T02:40:55.000000;2016-01-26T02:40:55.000000;a618a0e4-aae4-435e-92c5-c01712d2bd8d;393.78;3.02;UNKNOWN
2016-01-26T02:40:55.000000;2016-01-26T02:40:55.000000;15d7ff46-a155-4a6c-99c2-b1af420a77a4;393.31;14.674;UNKNOWN
2016-01-26T02:40:55.000000;2016-01-26T02:40:55.000000;dcf5a86e-d20a-4d63-a150-49b1108e9015;393.45;15.0673;UNKNOWN
2016-01-26T02:40:55.000000;2016-01-26T02:40:55.000000;c092da23-c73c-4cd9-841e-c31ea97db19d;393.14;15.5083;UNKNOWN
2016-01-26T02:40:55.000000;2016-01-26T02:40:55.000000;532e6c70-b992-429c-9003-08228f9d630c;393.3;6.06;UNKNOWN
2016-01-26T02:40:55.000000;2016-01-26T02:40:55.000000;40037498-2076-469e-b39d-c3d88772517e;393.5;47.80218711;UNKNOWN
2016-01-26T02:40:55.000000;2016-01-26T02:40:55.000000;d24dad00-52d3-47d6-a52b-f6415cda1909;393.24;2.55069506;UNKNOWN
2016-01-26T02:40:55.000000;2016-01-26T02:40:55.000000;9bd84f74-5dce-4a9c-9976-7abb802a9a78;392.44;2.55063;UNKNOWN
2016-01-26T02:40:55.000000;2016-01-26T02:40:55.000000;e13317e7-70c1-4f31-8dc8-27ea4c2d0b81;393.64;2.61;UNKNOWN
2016-01-26T02:40:55.000000;2016-01-26T02:40:55.000000;9effbdf0-77c7-4dab-a768-8438b074bfee;393.63;19.13;UNKNOWN
2016-01-26T02:40:55.000000;2016-01-26T02:40:55.000000;b81a3a8e-8d0d-4043-9937-e1ee22f61ec8;393.5;2.997;UNKNOWN
2016-01-26T02:40:55.000000;2016-01-26T02:40:55.000000;c7805139-c697-4790-a8f1-b29239adbc56;393.97;9.41947069;UNKNOWN
2016-01-26T02:40:55.000000;2016-01-26T02:40:55.000000;e3e724dc-e429-4961-a1c6-22768cd0b89c;393.78;0.1;UNKNOWN
2016-01-26T02:40:55.000000;2016-01-26T02:40:55.000000;fbb0d5cf-1cc5-4698-94f3-7b98231b4688;393.65;14.9253;UNKNOWN
2016-01-26T02:40:55.000000;2016-01-26T02:40:55.000000;15936a81-91db-4ad8-aece-4d3bd5277481;393.62;12.5;UNKNOWN
2016-01-26T02:40:55.000000;2016-01-26T02:40:55.000000;0ea762e8-8211-4400-bf45-d2392b9102e3;392.31;2.0;UNKNOWN
2016-01-26T02:41:00.000000;2016-01-26T02:41:00.000000;56a17381-4f22-45f2-afa9-5be4d295ad0e;392.36;10.0985;UNKNOWN
2016-01-26T02:41:05.000000;2016-01-26T02:41:05.000000;914930fe-81bf-46a9-9f79-9db585eb017c;392.08;5.34258124;UNKNOWN
2016-01-26T02:41:38.000000;2016-01-26T02:41:38.000000;e546d82e-a6e5-4f7a-8e54-ed2ac7990cd7;393.19;0.945174;UNKNOWN
2016-01-26T02:41:38.000000;2016-01-26T02:41:38.000000;ca826c55-3560-4ee8-be28-622fefdbbff9;393.18;0.094826;UNKNOWN
2016-01-26T02:41:41.000000;2016-01-26T02:41:41.000000;58ffa2df-1e77-4452-be49-5dc64eb499de;393.1;0.014752;UNKNOWN
2016-01-26T02:41:43.000000;2016-01-26T02:41:43.000000;3c61547d-7599-482c-a4bf-2684164ebab4;393.11;0.026759;UNKNOWN
2016-01-26T02:41:59.000000;2016-01-26T02:41:59.000000;c7930692-7f68-4be4-8fe7-3b9d9de542ab;393.12;3.6512;UNKNOWN
2016-01-26T02:41:59.000000;2016-01-26T02:41:59.000000;61a2f254-f566-4398-957a-705afdd6285b;393.13;6.3488;UNKNOWN
2016-01-26T02:42:05.000000;2016-01-26T02:42:05.000000;90ce2f60-feae-43f2-9929-7332885aa74d;392.92;7.19378124;UNKNOWN
2016-01-26T02:42:05.000000;2016-01-26T02:42:05.000000;29d43926-0ccf-4b54-827b-c049b3bd05bb;392.99;0.74;UNKNOWN
2016-01-26T02:42:05.000000;2016-01-26T02:42:05.000000;c469fd45-cdde-46d8-a2cf-3cb2015b1ee1;392.98;1.06621876;UNKNOWN
2016-01-26T02:42:05.000000;2016-01-26T02:42:05.000000;47eb1655-6cee-42ab-84d8-aa19b425b05a;392.97;1.0;UNKNOWN
2016-01-26T02:44:45.000000;2016-01-26T02:44:45.000000;c3368204-ed55-4886-87a3-93734f9bdfc7;392.9;0.0199;UNKNOWN
2016-01-26T02:45:48.000000;2016-01-26T02:45:48.000000;0c95f9c4-ce98-4f68-8dad-d186f2f8a3b5;392.9;0.086997;UNKNOWN
2016-01-26T02:45:56.000000;2016-01-26T02:45:56.000000;8201150e-0cfd-4fc0-9cce-f6204d854598;392.9;0.5072;UNKNOWN
2016-01-26T02:46:47.000000;2016-01-26T02:46:47.000000;07ecfcf9-f287-45c3-a081-bf2163b647a4;392.96;3.0;UNKNOWN
2016-01-26T02:46:47.000000;2016-01-26T02:46:47.000000;a67b34ed-47b8-4070-90d8-22aa19c92bd0;392.95;0.5;UNKNOWN
2016-01-26T02:46:47.000000;2016-01-26T02:46:47.000000;3a32acf4-b384-41a9-ac2b-ed16c682ff98;392.98;1.5;UNKNOWN
2016-01-26T02:47:01.000000;2016-01-26T02:47:01.000000;6c1db25d-89ba-4031-ae1b-8313955c67d6;392.99;5.0;UNKNOWN
2016-01-26T02:49:20.000000;2016-01-26T02:49:20.000000;3ecd0fa2-dbfd-47e8-bc7b-7981a4a15750;392.97;7.9808;UNKNOWN
2016-01-26T02:49:27.000000;2016-01-26T02:49:27.000000;dbcfe99e-7d5e-4df9-8ab8-9470639872eb;393.62;0.5;UNKNOWN
2016-01-26T02:49:27.000000;2016-01-26T02:49:27.000000;3a55ffd9-c672-4d61-9627-69e6723587a9;393.2;20.0;UNKNOWN
2016-01-26T02:49:27.000000;2016-01-26T02:49:27.000000;624fe047-6c0e-463d-a062-4b2fe71ffee9;393.62;13.3301543;UNKNOWN
2016-01-26T02:49:27.000000;2016-01-26T02:49:27.000000;06c0d02d-d16a-4e97-8661-8982066b57ff;393.47;0.015539;UNKNOWN
2016-01-26T02:49:58.000000;2016-01-26T02:49:58.000000;4aedbb12-f6c1-4eb0-bb67-bc9c714da1f2;393.35;0.010326;UNKNOWN
2016-01-26T02:49:58.000000;2016-01-26T02:49:58.000000;01bc7e64-c732-4444-b1b2-7492bb75f9a6;393.53;4.489674;UNKNOWN
2016-01-26T02:52:05.000000;2016-01-26T02:52:05.000000;8218895f-41a4-4b41-bf91-00d928312c5f;393.04;0.18876517;UNKNOWN
2016-01-26T02:52:06.000000;2016-01-26T02:52:06.000000;165e0b07-5c26-4fc0-8479-245e6a5ec622;393.24;0.04;UNKNOWN
2016-01-26T02:52:46.000000;2016-01-26T02:52:46.000000;f25b59f2-08c3-4c29-93da-1f859bd2632e;393.15;0.5;UNKNOWN
2016-01-26T02:52:46.000000;2016-01-26T02:52:46.000000;a1de5d77-62e1-4072-8b57-c6899de2f030;393.15;0.5;UNKNOWN
2016-01-26T02:53:05.000000;2016-01-26T02:53:05.000000;eded8a87-8f8b-4915-94b8-02789d0f5e9c;393.0;6.3094;UNKNOWN
2016-01-26T02:53:05.000000;2016-01-26T02:53:05.000000;c8260754-48bf-4862-82fa-c1b33476f75b;392.8;1.36016517;UNKNOWN
2016-01-26T02:53:05.000000;2016-01-26T02:53:05.000000;a06280a4-fae0-4139-915e-91f244a4e577;392.99;2.0192;UNKNOWN
2016-01-26T02:53:05.000000;2016-01-26T02:53:05.000000;031edbff-0402-47e8-90d5-2105c15bfde4;393.02;0.31123483;UNKNOWN
2016-01-26T02:53:06.000000;2016-01-26T02:53:06.000000;51f0c038-6df5-4ce5-a45c-af8b0291255c;393.11;0.032;UNKNOWN
2016-01-26T02:53:10.000000;2016-01-26T02:53:10.000000;b500de9b-d1cb-4cf0-844a-7df863167159;393.11;0.0214;UNKNOWN
2016-01-26T02:53:10.000000;2016-01-26T02:53:10.000000;76ee9783-9d8c-4e40-bcad-0deb5ab8514f;393.1;0.0106;UNKNOWN
2016-01-26T02:53:13.000000;2016-01-26T02:53:13.000000;1186292c-8a80-4b7d-bd3b-380187f29aa9;393.11;0.032;UNKNOWN
2016-01-26T02:53:15.000000;2016-01-26T02:53:15.000000;1adab228-785e-419e-bae1-8ba6b47d86ae;393.09;0.032;UNKNOWN
2016-01-26T02:53:18.000000;2016-01-26T02:53:18.000000;6dffe350-d5f7-4073-b723-1a402d551bef;393.1;0.01314735;UNKNOWN
2016-01-26T02:54:38.000000;2016-01-26T02:54:38.000000;d11c8a01-b1f0-4dd3-b528-0220f8d62d99;393.29;2.0;UNKNOWN
2016-01-26T02:55:05.000000;2016-01-26T02:55:05.000000;8a7dc3fd-0670-4463-aff6-71951d8b9d35;393.24;2.24;UNKNOWN
2016-01-26T02:55:49.000000;2016-01-26T02:55:49.000000;96de0f65-0bb0-4453-83db-7fba1690fc77;393.2;0.057;UNKNOWN
2016-01-26T02:56:03.000000;2016-01-26T02:56:03.000000;0147cd30-4a22-48a2-acc7-a23dcccde725;392.96;0.1;UNKNOWN
2016-01-26T02:56:05.000000;2016-01-26T02:56:05.000000;f3fc7811-bdbd-4386-8464-243abc15923e;392.96;0.1;UNKNOWN
2016-01-26T02:56:06.000000;2016-01-26T02:56:06.000000;428539ea-d491-41ce-9aca-888e502962ab;392.97;0.5;UNKNOWN
2016-01-26T02:56:06.000000;2016-01-26T02:56:06.000000;6ce73100-5b7c-4097-a2a3-ccef7b54da5d;392.97;3.0;UNKNOWN
2016-01-26T02:56:06.000000;2016-01-26T02:56:06.000000;94fe0449-be9f-47ed-9fd0-145aa3cbc429;392.97;5.647;UNKNOWN
2016-01-26T02:56:57.000000;2016-01-26T02:56:57.000000;786ec5d9-0ada-45a0-a16c-23a53321dd3a;393.2;0.5;UNKNOWN
2016-01-26T02:56:57.000000;2016-01-26T02:56:57.000000;2d3dddc5-18b9-4a80-a0b7-1111c6383a8c;393.12;0.018524;UNKNOWN
2016-01-26T02:56:57.000000;2016-01-26T02:56:57.000000;67946943-d7b0-4b1d-8cbd-2ec9046ba787;393.21;0.481476;UNKNOWN
2016-01-26T03:00:05.000000;2016-01-26T03:00:05.000000;7f3b3cce-7e98-4e34-95cf-3791a668b17b;393.01;0.166;UNKNOWN
2016-01-26T03:00:05.000000;2016-01-26T03:00:05.000000;786f0fe5-0cf1-4c4f-8a4d-5df8e5ed22aa;393.01;0.42;UNKNOWN
2016-01-26T03:01:28.000000;2016-01-26T03:01:28.000000;f4bc9693-49d6-4e3f-8177-50a6a1c3394d;392.9;0.025;UNKNOWN
2016-01-26T03:01:31.000000;2016-01-26T03:01:31.000000;c0c0f626-ff50-44cc-a407-da956c9f74be;392.9;0.62417448;UNKNOWN
2016-01-26T03:03:06.000000;2016-01-26T03:03:06.000000;2444370a-9934-4a96-8f5b-bcf2476254a6;392.79;0.8755;UNKNOWN
2016-01-26T03:03:06.000000;2016-01-26T03:03:06.000000;f7b61e38-d1a5-4651-aeef-9eb7193fbd1b;392.8;0.1245;UNKNOWN
2016-01-26T03:03:24.000000;2016-01-26T03:03:24.000000;4d123058-45e4-4be5-a1a3-fd0b71427147;392.78;0.1883588;UNKNOWN
2016-01-26T03:03:29.000000;2016-01-26T03:03:29.000000;8123171b-0b5b-41af-992d-3572b5a4cb63;392.78;0.08465888;UNKNOWN
2016-01-26T03:04:43.000000;2016-01-26T03:04:43.000000;47a08dea-7e82-40a9-9236-184106ec48b7;392.78;0.03805039;UNKNOWN
2016-01-26T03:04:51.000000;2016-01-26T03:04:51.000000;03a1b3b6-01ac-4cae-b724-2cc6b79832cb;392.78;2.5;UNKNOWN
2016-01-26T03:07:48.000000;2016-01-26T03:07:48.000000;53379647-5856-4c1f-9890-80d98b82ada8;392.79;1.3505;UNKNOWN
2016-01-26T03:07:48.000000;2016-01-26T03:07:48.000000;ff90a9e3-3e3a-4bd2-bdd6-1709acf3199f;392.79;5.0;UNKNOWN
2016-01-26T03:08:05.000000;2016-01-26T03:08:05.000000;12e10f78-f064-488b-925c-baeb2006fac8;392.79;1.0;UNKNOWN
2016-01-26T03:08:34.000000;2016-01-26T03:08:34.000000;a74350aa-2ed9-4ea8-b919-04574ad61f3c;392.78;8.9363548;UNKNOWN
2016-01-26T03:09:52.000000;2016-01-26T03:09:52.000000;ee315fab-4745-440e-83e9-d139c4c82f55;392.1;0.367846;UNKNOWN
2016-01-26T03:09:52.000000;2016-01-26T03:09:52.000000;8fa5e521-44de-40ce-bf8b-8fa32ad181b3;392.1;0.37;UNKNOWN
2016-01-26T03:09:52.000000;2016-01-26T03:09:52.000000;ae458e5f-91ca-4760-83cf-2b3a4277f864;392.4;0.03;UNKNOWN
2016-01-26T03:11:40.000000;2016-01-26T03:11:40.000000;124a7062-cd2c-45b7-9fda-b6d5a808718e;392.2;1.0;UNKNOWN
2016-01-26T03:11:40.000000;2016-01-26T03:11:40.000000;556acca1-ef0f-4d6d-af99-ae72f4b3c624;392.22;3.0;UNKNOWN
2016-01-26T03:11:40.000000;2016-01-26T03:11:40.000000;91e6041f-4c97-4b6a-9665-ec61c342462f;392.5;0.113843;UNKNOWN
2016-01-26T03:11:40.000000;2016-01-26T03:11:40.000000;93978b8b-95ee-45d7-9579-c8a36660637d;392.52;1.437757;UNKNOWN
2016-01-26T03:11:40.000000;2016-01-26T03:11:40.000000;04499a50-cd04-42f6-aee8-ee6a5fe5ce02;392.19;0.5;UNKNOWN
2016-01-26T03:11:40.000000;2016-01-26T03:11:40.000000;d9328c27-d1dd-40f0-aeb5-8e385ff4ee81;392.51;13.9484;UNKNOWN
2016-01-26T03:13:17.000000;2016-01-26T03:13:17.000000;8dbf4393-5cba-4517-8c08-6ca048b94af0;392.33;0.01911;UNKNOWN
2016-01-26T03:14:05.000000;2016-01-26T03:14:05.000000;591935ec-7985-4a7a-a39d-ad5ee26e426d;392.25;0.08;UNKNOWN
2016-01-26T03:15:06.000000;2016-01-26T03:15:06.000000;c3f408ef-0af9-45bf-af4c-4efdd9cfe69c;392.37;0.059067;UNKNOWN
2016-01-26T03:16:05.000000;2016-01-26T03:16:05.000000;8fa6b3d1-6727-4b44-ad02-85b1809d0ca4;392.1;0.11844352;UNKNOWN
2016-01-26T03:17:43.000000;2016-01-26T03:17:43.000000;23eb32ce-cf12-4298-b7be-59753c98b251;391.97;0.09;UNKNOWN
2016-01-26T03:17:43.000000;2016-01-26T03:17:43.000000;a951ec16-b9fa-40da-8b52-0c0088820de3;391.97;0.543886;UNKNOWN
2016-01-26T03:17:43.000000;2016-01-26T03:17:43.000000;06fcdb9c-06c8-404c-a383-142213461864;391.97;0.04;UNKNOWN
2016-01-26T03:20:33.000000;2016-01-26T03:20:33.000000;86f36a0a-a223-4ddb-90d0-a373aff47608;392.0;0.02;UNKNOWN
2016-01-26T03:21:23.000000;2016-01-26T03:21:23.000000;f219a0df-e516-4a2d-89fc-73a302abc261;391.99;1.40972345;UNKNOWN
2016-01-26T03:21:23.000000;2016-01-26T03:21:23.000000;c317b22c-7260-4369-ae67-ef3399c9ca9f;391.99;0.37;UNKNOWN
2016-01-26T03:21:23.000000;2016-01-26T03:21:23.000000;4e5fc14c-ee51-4e15-a923-acf23b1522b3;391.99;2.55053242;UNKNOWN
2016-01-26T03:21:23.000000;2016-01-26T03:21:23.000000;2275b631-cc9a-4ff8-a879-92d9e13d0fc4;391.99;2.55072759;UNKNOWN
2016-01-26T03:21:23.000000;2016-01-26T03:21:23.000000;02dca481-0601-4efd-af7f-e92d3fc2135b;391.99;2.54958952;UNKNOWN
2016-01-26T03:21:23.000000;2016-01-26T03:21:23.000000;4e41eb91-9ea5-4739-a333-f7830a8ad684;391.99;2.54942702;UNKNOWN
2016-01-26T03:21:23.000000;2016-01-26T03:21:23.000000;2e7e14ab-3883-4e6d-8e32-a1da19433abf;391.99;0.28;UNKNOWN
2016-01-26T03:21:23.000000;2016-01-26T03:21:23.000000;dd8b0d80-b768-4ad5-8e9b-c05bd0cd77a4;391.99;0.37;UNKNOWN
2016-01-26T03:21:23.000000;2016-01-26T03:21:23.000000;246e43c5-bda8-4a1a-8b87-d14cc2f0f82f;391.99;0.37;UNKNOWN
2016-01-26T03:21:35.000000;2016-01-26T03:21:35.000000;52c3323a-fd2f-44d2-87c5-69155ae08935;392.0;19.98;UNKNOWN
2016-01-26T03:24:05.000000;2016-01-26T03:24:05.000000;b9755fe4-c81b-4e38-81b2-599648c829b4;392.09;0.49877361;UNKNOWN
2016-01-26T03:24:05.000000;2016-01-26T03:24:05.000000;b5cfd815-3c64-4fbd-be79-15747c61c02f;392.09;0.29141291;UNKNOWN
2016-01-26T03:25:27.000000;2016-01-26T03:25:27.000000;d7598093-f758-4f83-b40d-a46d4c354be7;392.09;0.060988;UNKNOWN
2016-01-26T03:26:02.000000;2016-01-26T03:26:02.000000;bd9b2e5f-164a-4cbf-af9a-070b365822d5;392.09;0.01759909;UNKNOWN
2016-01-26T03:26:03.000000;2016-01-26T03:26:03.000000;62443520-5f1d-4705-8ae6-8644fc941823;392.09;0.00240091;UNKNOWN
2016-01-26T03:26:20.000000;2016-01-26T03:26:20.000000;cf034b6e-5ef4-4458-a18f-1a019c080390;392.09;0.35004948;UNKNOWN
2016-01-26T03:27:05.000000;2016-01-26T03:27:05.000000;4dcf333a-21f6-44b0-b2a6-70f7db8e59c3;392.1;2.2534686;UNKNOWN
2016-01-26T03:29:51.000000;2016-01-26T03:29:51.000000;8507828f-3c22-4074-a7f6-2126b402e5f4;392.08;0.18245039;UNKNOWN
2016-01-26T03:29:51.000000;2016-01-26T03:29:51.000000;e3a90796-1870-469a-a352-1d55faa2e478;392.09;0.01754961;UNKNOWN
2016-01-26T03:30:06.000000;2016-01-26T03:30:06.000000;8ec1d466-dd0e-4f84-a3f0-f744f319e39a;392.03;1.0;UNKNOWN
2016-01-26T03:30:06.000000;2016-01-26T03:30:06.000000;63e274b9-1c46-488b-b260-0a94c38361ba;392.0;8.81245039;UNKNOWN
2016-01-26T03:30:06.000000;2016-01-26T03:30:06.000000;b55412cb-ca7d-4ec9-9feb-abcb2d54f85c;392.08;0.18754961;UNKNOWN
2016-01-26T03:33:48.000000;2016-01-26T03:33:48.000000;df6a7234-fb2b-49e9-a5fa-5270251d99eb;392.09;2.5;UNKNOWN
2016-01-26T03:33:53.000000;2016-01-26T03:33:53.000000;514cfdc3-0dac-4804-8fa5-f7bcaf694c93;392.09;6.3329;UNKNOWN
2016-01-26T03:35:05.000000;2016-01-26T03:35:05.000000;9759e7e7-af88-420b-bfa1-2f726a86cd1f;392.08;0.3;UNKNOWN
2016-01-26T03:35:05.000000;2016-01-26T03:35:05.000000;eb53cbf2-aeb8-41d7-bd66-816274f28243;392.08;2.54799791;UNKNOWN
2016-01-26T03:35:05.000000;2016-01-26T03:35:05.000000;7156e963-1c39-4cc0-aa3f-f8818f1c6869;392.08;0.78200209;UNKNOWN
2016-01-26T03:35:05.000000;2016-01-26T03:35:05.000000;ea0e3fbc-f8fd-4abd-a3ce-fadfd1d93912;392.08;0.37;UNKNOWN
2016-01-26T03:35:06.000000;2016-01-26T03:35:06.000000;e83bfec5-176e-4558-83dc-f06f83e8817b;392.08;0.04;UNKNOWN
2016-01-26T03:37:05.000000;2016-01-26T03:37:05.000000;8574dd10-ee67-4ada-a3bc-f5e71da28044;392.09;0.15032999;UNKNOWN
2016-01-26T03:37:06.000000;2016-01-26T03:37:06.000000;55dad4d5-7759-4f4a-8e86-b48ad000e272;392.09;0.37575226;UNKNOWN
2016-01-26T03:37:07.000000;2016-01-26T03:37:07.000000;cd41f9ae-496b-499e-a904-388fb3015d98;392.09;1.3514244;UNKNOWN
2016-01-26T03:37:28.000000;2016-01-26T03:37:28.000000;51d524b9-acc8-46ca-be95-89aca215c48e;392.09;0.0537;UNKNOWN
2016-01-26T03:38:04.000000;2016-01-26T03:38:04.000000;ba7a154f-d503-4917-8e0a-c36e65a9dc2d;392.09;0.11;UNKNOWN
2016-01-26T03:39:23.000000;2016-01-26T03:39:23.000000;0c08c25a-62f6-4fe7-99d3-752666d56742;392.08;0.28775605;UNKNOWN
2016-01-26T03:39:28.000000;2016-01-26T03:39:28.000000;f8f71349-724f-4c6e-a1a6-df1915206d66;392.08;0.04261105;UNKNOWN
2016-01-26T03:41:05.000000;2016-01-26T03:41:05.000000;26a815d7-5dc7-4814-abed-60e120d8b3f3;392.08;0.0396329;UNKNOWN
2016-01-26T03:41:05.000000;2016-01-26T03:41:05.000000;bf63b89b-e4dc-4a08-8a01-3d90f7531fa7;392.06;2.54822516;UNKNOWN
2016-01-26T03:41:05.000000;2016-01-26T03:41:05.000000;d4f6655f-05f5-41a4-910b-289353222fa6;392.08;0.3;UNKNOWN
2016-01-26T03:41:05.000000;2016-01-26T03:41:05.000000;d2a76fff-471b-48fd-aa98-581db183b366;392.03;4.11214194;UNKNOWN
2016-01-26T03:41:05.000000;2016-01-26T03:41:05.000000;e1f8262f-7d3c-4e27-85fb-867f5d2f2550;392.03;3.0;UNKNOWN
2016-01-26T03:42:05.000000;2016-01-26T03:42:05.000000;70d0f458-53d9-4b66-b035-e0e9c09a3573;392.01;1.72546093;UNKNOWN
2016-01-26T03:42:05.000000;2016-01-26T03:42:05.000000;b87d8b8a-a5fd-4bb4-8c6c-e583fa670da9;392.01;2.54803037;UNKNOWN
2016-01-26T03:42:05.000000;2016-01-26T03:42:05.000000;a897f937-0f5a-4cfe-b05c-5a28fcfd222f;392.08;0.37;UNKNOWN
2016-01-26T03:42:05.000000;2016-01-26T03:42:05.000000;2d8770b7-cf21-473d-b56a-a149891f5a90;392.08;0.3;UNKNOWN
2016-01-26T03:42:06.000000;2016-01-26T03:42:06.000000;643d7804-bd4e-4783-8367-d560b0017b5d;392.01;2.0;UNKNOWN
2016-01-26T03:43:05.000000;2016-01-26T03:43:05.000000;6e7011dc-af2f-492a-9fa8-5ebaffdbd63f;392.04;0.36296877;UNKNOWN
2016-01-26T03:43:06.000000;2016-01-26T03:43:06.000000;f65e3136-fc72-4e2b-a354-273a527e43e2;392.0;2.89077467;UNKNOWN
2016-01-26T03:43:06.000000;2016-01-26T03:43:06.000000;5da5de85-150c-4356-84a6-53d90616d6f5;392.02;0.4617941;UNKNOWN
2016-01-26T03:43:06.000000;2016-01-26T03:43:06.000000;bebd2c4d-068a-4176-a961-6bc04e32a100;392.04;5.92743123;UNKNOWN
2016-01-26T03:43:06.000000;2016-01-26T03:43:06.000000;6c8e0774-1a56-4579-9525-a05aabb53019;392.03;0.37;UNKNOWN
2016-01-26T03:43:06.000000;2016-01-26T03:43:06.000000;90cec7d8-378d-49fd-be34-2bea450f15f7;392.03;0.35;UNKNOWN
2016-01-26T03:45:05.000000;2016-01-26T03:45:05.000000;5e76c487-b787-482b-af54-a510c7f65a6d;392.08;0.021;UNKNOWN
2016-01-26T03:45:06.000000;2016-01-26T03:45:06.000000;910fc810-c1fe-4cfd-aeea-da427057b297;392.09;0.07513914;UNKNOWN
2016-01-26T03:46:54.000000;2016-01-26T03:46:54.000000;6fba230d-489b-4bc7-99f0-7f0b2a690414;392.08;0.48127098;UNKNOWN
2016-01-26T03:46:54.000000;2016-01-26T03:46:54.000000;3812c5cf-8e04-4aa5-b491-f042e1f7e4a4;392.08;0.37;UNKNOWN
2016-01-26T03:48:36.000000;2016-01-26T03:48:36.000000;a3643cb1-db6c-4287-94c7-181a42ce2da5;392.08;9.14872902;UNKNOWN
2016-01-26T03:48:36.000000;2016-01-26T03:48:36.000000;1465ad92-2af6-4868-96f4-5d5e17c16b49;392.09;1.25507098;UNKNOWN
2016-01-26T03:49:27.000000;2016-01-26T03:49:27.000000;dcb46c89-d9a2-48ed-ac4c-2510ca07ba53;392.09;0.41;UNKNOWN
2016-01-26T03:49:32.000000;2016-01-26T03:49:32.000000;19d05aa2-4313-4737-8ab2-bb5e07ed4bea;392.09;0.48568323;UNKNOWN
2016-01-26T03:50:05.000000;2016-01-26T03:50:05.000000;b6c57f7b-1b42-4bfa-bf91-8b5e00c802ed;392.09;0.0248;UNKNOWN
2016-01-26T03:50:05.000000;2016-01-26T03:50:05.000000;297fb662-c7e6-4981-9a53-5b39bf2d8310;392.09;0.37;UNKNOWN
2016-01-26T03:50:11.000000;2016-01-26T03:50:11.000000;feb454c9-9baf-4391-9bda-33be43291ce8;392.1;10.0;UNKNOWN
2016-01-26T03:50:20.000000;2016-01-26T03:50:20.000000;a13e804a-92a5-494f-a0a6-4ff197c7023a;392.1;7.7465314;UNKNOWN
2016-01-26T03:50:20.000000;2016-01-26T03:50:20.000000;c25a6c40-aada-4062-8b4f-13389c9e983f;392.15;2.2534686;UNKNOWN
2016-01-26T03:50:50.000000;2016-01-26T03:50:50.000000;17df65cb-789d-4195-9006-4cad45ea8ca0;392.2;0.2752;UNKNOWN
2016-01-26T03:50:50.000000;2016-01-26T03:50:50.000000;de0a0442-d5b0-433b-b9d5-5fde5d60ac44;392.2;9.7248;UNKNOWN
2016-01-26T03:51:22.000000;2016-01-26T03:51:22.000000;92b3687e-bdd7-4d51-815f-fb3d2d64acab;392.4;10.0;UNKNOWN
2016-01-26T03:51:45.000000;2016-01-26T03:51:45.000000;5667e613-85af-48f4-bd12-05705a3ec100;392.49;5.5;UNKNOWN
2016-01-26T03:51:45.000000;2016-01-26T03:51:45.000000;6021eaf5-2305-4800-bd53-abb3ab505073;392.48;3.0;UNKNOWN
2016-01-26T03:51:45.000000;2016-01-26T03:51:45.000000;29d1eff4-2128-4ca6-8f45-12d904e1fb0d;392.45;1.0;UNKNOWN
2016-01-26T03:51:45.000000;2016-01-26T03:51:45.000000;88579416-bbb4-4927-9eb9-7891bafc3cd8;392.44;0.5;UNKNOWN
2016-01-26T03:51:57.000000;2016-01-26T03:51:57.000000;4b1ef610-72c1-424f-9818-c9c5fe52cc80;392.11;0.5;UNKNOWN
2016-01-26T03:51:57.000000;2016-01-26T03:51:57.000000;8ca72122-ca1e-4e3b-97c9-9aac08219fef;392.11;3.0;UNKNOWN
2016-01-26T03:51:57.000000;2016-01-26T03:51:57.000000;38b22c82-460d-41c2-a6ef-102a833e36cd;392.1;1.5;UNKNOWN
2016-01-26T03:52:14.000000;2016-01-26T03:52:14.000000;8929741d-802c-4cb5-80b8-732dd8ca1c2e;392.42;1.0;UNKNOWN
2016-01-26T03:52:55.000000;2016-01-26T03:52:55.000000;8d2c6992-d747-48f3-934e-56b244890d32;392.38;0.3;UNKNOWN
2016-01-26T03:53:30.000000;2016-01-26T03:53:30.000000;a566b576-3d10-40e6-89f1-d1556c9e41c2;392.36;0.5;UNKNOWN
2016-01-26T03:53:30.000000;2016-01-26T03:53:30.000000;04e283ff-88ff-4f09-b91f-5c527b983ef8;392.37;0.34;UNKNOWN
2016-01-26T03:54:05.000000;2016-01-26T03:54:05.000000;bdffacf3-601f-41a3-8e82-1884a523a25b;392.0;2.3404;UNKNOWN
2016-01-26T03:54:05.000000;2016-01-26T03:54:05.000000;379e3da5-9b51-4b92-8c0b-fc2673c13bba;392.22;1.0;UNKNOWN
2016-01-26T03:54:05.000000;2016-01-26T03:54:05.000000;6888db93-b3ea-494c-89b7-7dd22b28756e;392.24;0.37;UNKNOWN
2016-01-26T03:54:05.000000;2016-01-26T03:54:05.000000;12d8884d-bdb6-443d-a293-4ccf248a5e9d;392.23;6.2896;UNKNOWN
2016-01-26T03:55:05.000000;2016-01-26T03:55:05.000000;60886205-4342-4583-93b9-e6662630296d;392.0;3.60576275;UNKNOWN
2016-01-26T03:55:05.000000;2016-01-26T03:55:05.000000;257fe576-38ff-45d8-a203-f6f5d8addd54;392.01;1.0;UNKNOWN
2016-01-26T03:55:20.000000;2016-01-26T03:55:20.000000;9e4c675e-84a9-4528-aa3d-aed7287dcb45;392.0;33.0;UNKNOWN
2016-01-26T03:56:07.000000;2016-01-26T03:56:07.000000;d8ff24c9-0c5d-4ac4-8ce7-9b9fd8650e4d;392.0;0.25;UNKNOWN
2016-01-26T03:56:09.000000;2016-01-26T03:56:09.000000;b9929bb4-7928-43d2-9ad7-e0f7dc445c2d;392.0;0.25;UNKNOWN
2016-01-26T03:56:09.000000;2016-01-26T03:56:09.000000;9506e2c2-7ed7-424b-a113-401e1a5a19fb;392.0;2.5;UNKNOWN
2016-01-26T03:56:14.000000;2016-01-26T03:56:14.000000;5f583c0d-8c77-4d8a-9f0d-25178e26cc9a;392.0;0.11938781;UNKNOWN
2016-01-26T03:56:14.000000;2016-01-26T03:56:14.000000;5dc4a129-dd2f-4424-88bd-1451c0eaeac3;392.0;1.37061219;UNKNOWN
2016-01-26T03:56:14.000000;2016-01-26T03:56:14.000000;0a7f2e9f-21f0-4e6b-84cb-c2948d3752bf;392.0;0.01;UNKNOWN
2016-01-26T03:56:41.000000;2016-01-26T03:56:41.000000;465f814a-52e6-43cd-9897-d59ee9518438;392.0;0.25061219;UNKNOWN
2016-01-26T03:56:43.000000;2016-01-26T03:56:43.000000;322e7d32-c63a-4ba6-b8c4-1531d603f7af;392.0;0.37;UNKNOWN
2016-01-26T03:57:02.000000;2016-01-26T03:57:02.000000;8c556a77-bb37-4c7f-aea0-d602ad0c8bd3;391.91;0.46650571;UNKNOWN
2016-01-26T03:57:02.000000;2016-01-26T03:57:02.000000;8b1101e3-b605-4529-b523-bbd475028609;391.96;0.53349429;UNKNOWN
2016-01-26T03:57:07.000000;2016-01-26T03:57:07.000000;70a9e159-e31c-4c91-bbb4-5c5ba13a6292;391.5;0.01;UNKNOWN
2016-01-26T03:57:07.000000;2016-01-26T03:57:07.000000;e132d287-9f21-4892-8a79-76ee4cf8a04c;391.8;0.01;UNKNOWN
2016-01-26T03:57:07.000000;2016-01-26T03:57:07.000000;70f8ab50-e701-4df8-aad2-5f7391d706f3;391.39;0.3;UNKNOWN
2016-01-26T03:57:07.000000;2016-01-26T03:57:07.000000;e6850924-0eee-4a6d-8d31-66e131ab83d6;391.27;0.68;UNKNOWN
2016-01-26T03:57:25.000000;2016-01-26T03:57:25.000000;bb4e49dd-18bd-4caf-a288-02d5416c6723;391.63;0.3;UNKNOWN
2016-01-26T03:59:15.000000;2016-01-26T03:59:15.000000;bd0b787d-3f71-4294-84bc-8d389502c788;391.28;0.38;UNKNOWN
2016-01-26T03:59:15.000000;2016-01-26T03:59:15.000000;0e7c65d6-5e56-47a4-9962-2d7d57081edc;391.26;11.81947692;UNKNOWN
2016-01-26T03:59:15.000000;2016-01-26T03:59:15.000000;7c1f2a37-81f9-4f8a-aeb0-e668ea57cf2b;391.27;0.37;UNKNOWN
2016-01-26T03:59:15.000000;2016-01-26T03:59:15.000000;d26daf6b-5264-40ea-936f-88cf729596fa;391.28;0.3;UNKNOWN
2016-01-26T03:59:15.000000;2016-01-26T03:59:15.000000;aff170cc-6fb3-4a25-9a2f-5cab7767e20b;391.28;0.01;UNKNOWN
2016-01-26T03:59:15.000000;2016-01-26T03:59:15.000000;b2291a25-995a-4ee9-9b98-b4c0263be760;391.28;0.37;UNKNOWN
2016-01-26T03:59:15.000000;2016-01-26T03:59:15.000000;b6a9ae30-1af9-4e5b-aa97-be1a3fe6eb4d;391.28;0.21;UNKNOWN
2016-01-26T03:59:15.000000;2016-01-26T03:59:15.000000;f1305250-0244-4858-bc21-d20d6071c5ce;391.27;0.45882308;UNKNOWN
2016-01-26T03:59:16.000000;2016-01-26T03:59:16.000000;4debb255-0735-4796-89d8-b9a15dc28517;391.28;0.37;UNKNOWN
2016-01-26T03:59:23.000000;2016-01-26T03:59:23.000000;312fa32a-6512-454f-8fbb-0ca52b0d352b;391.26;8.37052308;UNKNOWN
2016-01-26T03:59:28.000000;2016-01-26T03:59:28.000000;34a1ce0a-4370-4d48-9e37-7f89cca3367b;391.22;0.3;UNKNOWN
2016-01-26T03:59:28.000000;2016-01-26T03:59:28.000000;75e0116b-19f1-4672-860e-15119b4124fd;391.22;0.01867083;UNKNOWN
2016-01-26T03:59:31.000000;2016-01-26T03:59:31.000000;77c4bc2e-00de-46fa-9528-3cb88e94dabf;391.2;0.03;UNKNOWN
2016-01-26T03:59:42.000000;2016-01-26T03:59:42.000000;33d4634e-556b-4dc4-a075-2bee0b2b6679;391.02;0.01;UNKNOWN
2016-01-26T03:59:42.000000;2016-01-26T03:59:42.000000;0880a99d-b272-4321-b8ca-2aad6b0913bf;391.02;0.29;UNKNOWN
2016-01-26T03:59:45.000000;2016-01-26T03:59:45.000000;b220f6a5-61fc-48c7-a053-4c901cc9135e;391.0;0.01;UNKNOWN
2016-01-26T03:59:51.000000;2016-01-26T03:59:51.000000;1cd664f9-986e-4026-b042-507c6f152b45;390.8;6.39;UNKNOWN
2016-01-26T03:59:52.000000;2016-01-26T03:59:52.000000;7af919d2-9412-4fe2-ad14-5ff8d4c8f86c;390.8;28.3427;UNKNOWN
2016-01-26T03:59:55.000000;2016-01-26T03:59:55.000000;c6835748-882b-4ba2-aac0-d0dc9a7ade01;390.8;7.35;UNKNOWN
2016-01-26T03:59:58.000000;2016-01-26T03:59:58.000000;9ff04ae6-43cb-4872-ae2d-6fa5acbc4568;390.8;4.48970801;UNKNOWN
2016-01-26T04:00:01.000000;2016-01-26T04:00:01.000000;a2584ea4-9d90-45dd-b618-1f4a16085d7f;390.52;0.37;UNKNOWN
2016-01-26T04:00:01.000000;2016-01-26T04:00:01.000000;f9e75e9c-1daa-46db-8507-3f0310b552b7;390.51;12.5;UNKNOWN
2016-01-26T04:00:01.000000;2016-01-26T04:00:01.000000;938e9397-f9f0-4c3b-9e2e-19a8ff23257f;390.5;0.01;UNKNOWN
2016-01-26T04:00:01.000000;2016-01-26T04:00:01.000000;f6fb5f34-2851-4054-a4a5-2126f2b679ca;390.5;1.05;UNKNOWN
2016-01-26T04:00:03.000000;2016-01-26T04:00:03.000000;6bc1ad9f-e1ea-4abe-b2c5-11d133ca941e;390.37;0.37;UNKNOWN
2016-01-26T04:00:03.000000;2016-01-26T04:00:03.000000;d93c3f40-0901-4f7f-a92a-4df46fa97b31;390.37;0.47425871;UNKNOWN
2016-01-26T04:00:10.000000;2016-01-26T04:00:10.000000;df07ad61-08ff-465f-ae8f-caa5a30cea70;390.16;2.55532274;UNKNOWN
2016-01-26T04:00:10.000000;2016-01-26T04:00:10.000000;d82f3a9c-f4ea-4f3c-bd70-b0fde88e54ff;390.13;0.05;UNKNOWN
2016-01-26T04:00:10.000000;2016-01-26T04:00:10.000000;ad4f3507-8cd8-4135-b8f2-a0e3d6a9e64b;390.32;2.55525744;UNKNOWN
2016-01-26T04:00:10.000000;2016-01-26T04:00:10.000000;07aa3e7a-c4af-4d63-809d-34772457ca7d;390.31;0.11746954;UNKNOWN
2016-01-26T04:00:10.000000;2016-01-26T04:00:10.000000;14d64285-6393-4146-ba37-fc22d3928db6;390.24;2.55532274;UNKNOWN
2016-01-26T04:00:11.000000;2016-01-26T04:00:11.000000;a3610599-0139-4423-b6d2-4b38d455d47e;390.12;0.33;UNKNOWN
2016-01-26T04:00:11.000000;2016-01-26T04:00:11.000000;5233424c-3220-46dc-8002-932fc9f0ae47;390.13;0.33;UNKNOWN
2016-01-26T04:00:14.000000;2016-01-26T04:00:14.000000;6a90356e-b888-4b72-9f11-361beb0f2b9a;390.11;5.0;UNKNOWN
2016-01-26T04:00:17.000000;2016-01-26T04:00:17.000000;3c1be600-3367-4e12-851d-17b7ec1246c1;390.05;2.55796999;UNKNOWN
2016-01-26T04:00:17.000000;2016-01-26T04:00:17.000000;d0b0b52e-ded5-4ea6-9e86-67d1ec98ec99;390.04;1.24203001;UNKNOWN
2016-01-26T04:00:18.000000;2016-01-26T04:00:18.000000;a030720b-ae96-4e71-8799-a9c93010ddf3;390.04;0.6042;UNKNOWN
2016-01-26T04:00:19.000000;2016-01-26T04:00:19.000000;7cc81720-2b43-40b1-b086-ac315827d030;390.04;0.70941925;UNKNOWN
2016-01-26T04:00:20.000000;2016-01-26T04:00:20.000000;3f21a3ca-6fc8-44bc-adc4-5c64d5449d48;390.0;1.0;UNKNOWN
2016-01-26T04:00:20.000000;2016-01-26T04:00:20.000000;f790afec-52fd-4281-aaea-6068140e42c9;390.0;0.4;UNKNOWN
2016-01-26T04:00:20.000000;2016-01-26T04:00:20.000000;e2e0c0cc-7600-442b-b172-e730bd6a17d9;390.0;0.01;UNKNOWN
2016-01-26T04:00:20.000000;2016-01-26T04:00:20.000000;0fd2b7b9-7195-48de-8a00-b3f08da046d8;390.0;0.14;UNKNOWN
2016-01-26T04:00:20.000000;2016-01-26T04:00:20.000000;20275736-32fe-4a14-871f-c1401bd2daf6;390.0;0.5;UNKNOWN
2016-01-26T04:00:22.000000;2016-01-26T04:00:22.000000;b704a839-e2f6-44dd-a70e-68bbf54cfad7;390.0;27.5702;UNKNOWN
2016-01-26T04:00:23.000000;2016-01-26T04:00:23.000000;5cc96966-60d0-455a-b48e-2f65b39c56d2;390.0;2.2898;UNKNOWN
2016-01-26T04:00:27.000000;2016-01-26T04:00:27.000000;3c62cefb-e493-4bd4-bf46-e36e09381115;389.8;0.03;UNKNOWN
2016-01-26T04:00:27.000000;2016-01-26T04:00:27.000000;a876e8e0-f8e7-4d5c-a992-d426707b8280;389.78;0.2;UNKNOWN
2016-01-26T04:00:27.000000;2016-01-26T04:00:27.000000;e8a3889e-9d82-42ab-b7b4-eaf7fb5e5ee4;389.97;2.55803543;UNKNOWN
2016-01-26T04:00:27.000000;2016-01-26T04:00:27.000000;ab319484-3cd8-4774-9c5e-608907413915;389.99;0.2487693;UNKNOWN
2016-01-26T04:00:27.000000;2016-01-26T04:00:27.000000;7858d330-5583-4dc6-866e-41c583c61422;389.78;1.95319527;UNKNOWN
2016-01-26T04:00:27.000000;2016-01-26T04:00:27.000000;03f562f8-0558-4743-bf4c-204579ad49fa;389.87;0.05;UNKNOWN
2016-01-26T04:00:29.000000;2016-01-26T04:00:29.000000;c08a0eb1-6096-4838-b34f-7add16398c73;389.04;12.5;UNKNOWN
2016-01-26T04:00:29.000000;2016-01-26T04:00:29.000000;84174c86-a235-4212-8f75-806983d36e1b;389.78;0.40412057;UNKNOWN
2016-01-26T04:00:29.000000;2016-01-26T04:00:29.000000;9a6f54d1-9f6c-43f5-9a3c-b037a575320e;389.04;4.18617943;UNKNOWN
2016-01-26T04:00:29.000000;2016-01-26T04:00:29.000000;c753389b-46de-4f94-8098-e91e5fa39fbb;389.04;7.9097;UNKNOWN
2016-01-26T04:00:31.000000;2016-01-26T04:00:31.000000;015e9c22-0a22-4f6d-86b1-b2a05886a6dc;389.18;2.3062;UNKNOWN
2016-01-26T04:00:31.000000;2016-01-26T04:00:31.000000;19d7a33c-e6db-4389-a3cf-329189f2c82d;389.04;1.6938;UNKNOWN
2016-01-26T04:00:32.000000;2016-01-26T04:00:32.000000;76db5454-3ae6-4739-8860-d82ff8a1c57a;389.04;3.46521309;UNKNOWN
2016-01-26T04:00:37.000000;2016-01-26T04:00:37.000000;82cce72e-f679-421c-b816-b4fd66ac8f1c;387.19;3.0;UNKNOWN
2016-01-26T04:00:37.000000;2016-01-26T04:00:37.000000;0fe813be-ad58-4870-9d47-88248f9cbd3a;387.3;0.1004;UNKNOWN
2016-01-26T04:00:37.000000;2016-01-26T04:00:37.000000;2833e200-83f8-4c04-9fee-972b71c58124;387.9;0.2;UNKNOWN
2016-01-26T04:00:37.000000;2016-01-26T04:00:37.000000;9974206a-cece-4671-80e1-1aca86c09ee9;387.17;3.797;UNKNOWN
2016-01-26T04:00:37.000000;2016-01-26T04:00:37.000000;2a776fbb-8a6c-42fd-9120-7e24220f110a;388.4;0.0112;UNKNOWN
2016-01-26T04:00:37.000000;2016-01-26T04:00:37.000000;35b92c42-46a5-4c53-a927-a2aa7db8a55b;387.91;0.7;UNKNOWN
2016-01-26T04:00:37.000000;2016-01-26T04:00:37.000000;141d3ef4-06db-4e6a-ab4c-a33085d9c029;387.18;15.0;UNKNOWN
2016-01-26T04:00:37.000000;2016-01-26T04:00:37.000000;eddbeffa-37ba-439c-9ebc-3fb83f3c7ff5;389.0;0.025;UNKNOWN
2016-01-26T04:00:37.000000;2016-01-26T04:00:37.000000;9f17c4cb-17d0-4d57-b79b-d6a29ec26187;388.26;1.5;UNKNOWN
2016-01-26T04:00:37.000000;2016-01-26T04:00:37.000000;14f5a2f8-4bd8-43a7-b3fe-e8cf56cd5355;388.0;0.1026;UNKNOWN
2016-01-26T04:00:37.000000;2016-01-26T04:00:37.000000;4bb05c4e-9470-4fa8-9ce8-b121938e3974;388.0;25.0;UNKNOWN
2016-01-26T04:00:37.000000;2016-01-26T04:00:37.000000;536e21a2-f040-4fc7-af0b-26e8bd3565f4;387.97;2.57003341;UNKNOWN
2016-01-26T04:00:37.000000;2016-01-26T04:00:37.000000;88617323-0391-4860-9747-5cfadab42252;386.85;0.01469346;UNKNOWN
2016-01-26T04:00:37.000000;2016-01-26T04:00:37.000000;53e88f7e-6b12-40dd-aa71-6bb4a056bdd7;387.11;1.0;UNKNOWN
2016-01-26T04:00:37.000000;2016-01-26T04:00:37.000000;73e7f85b-f8fd-4f11-b2cc-925155ca21dd;387.11;4.0;UNKNOWN
2016-01-26T04:00:37.000000;2016-01-26T04:00:37.000000;e4df4f0b-169b-436e-81ec-6210e5647f3c;387.16;16.7062;UNKNOWN
2016-01-26T04:00:37.000000;2016-01-26T04:00:37.000000;21e76391-b875-4e21-af22-cb73068920c3;387.4;0.1;UNKNOWN
2016-01-26T04:00:37.000000;2016-01-26T04:00:37.000000;12332005-ad51-4f10-ba0b-ecce98824824;389.04;5.65480748;UNKNOWN
2016-01-26T04:00:37.000000;2016-01-26T04:00:37.000000;57386840-50cb-49a9-823b-9dcfce619473;388.0;0.025;UNKNOWN
2016-01-26T04:00:37.000000;2016-01-26T04:00:37.000000;d1eca881-3327-40a5-8149-bfa26eeb27ff;387.0;25.60911179;UNKNOWN
2016-01-26T04:00:37.000000;2016-01-26T04:00:37.000000;1bfcf0bc-04db-43ad-8678-3c10fa953589;387.83;20.4799;UNKNOWN
2016-01-26T04:00:37.000000;2016-01-26T04:00:37.000000;5ad28842-b0b6-4387-9490-a9949b7aabe1;389.0;0.5;UNKNOWN
2016-01-26T04:00:37.000000;2016-01-26T04:00:37.000000;afaa1daa-2b73-414b-8856-5e6331907d6f;388.25;19.9279;UNKNOWN
2016-01-26T04:00:37.000000;2016-01-26T04:00:37.000000;d95c182b-6902-47d9-acb6-de5fc431ad07;387.0;0.025;UNKNOWN
2016-01-26T04:00:37.000000;2016-01-26T04:00:37.000000;5358630a-f9cb-4aa7-bfea-7d8d5b2792f2;388.07;3.608;UNKNOWN
2016-01-26T04:00:37.000000;2016-01-26T04:00:37.000000;2c5f686a-0ce2-4074-acf9-f2efeff9fb3f;388.0;0.1;UNKNOWN
2016-01-26T04:00:37.000000;2016-01-26T04:00:37.000000;f24de2ce-1a88-46bc-a7ac-9b07fbad4ec6;387.15;0.5;UNKNOWN
2016-01-26T04:00:37.000000;2016-01-26T04:00:37.000000;d311910e-03c5-485b-a59d-2880ffc8dacf;387.08;0.25;UNKNOWN
2016-01-26T04:00:37.000000;2016-01-26T04:00:37.000000;c1c0b09d-5b40-44aa-b3a5-bfe4138c7159;386.98;16.5724;UNKNOWN
2016-01-26T04:00:37.000000;2016-01-26T04:00:37.000000;35989124-33bc-4d04-86ba-04cb45a0eb3e;387.0;0.1;UNKNOWN
2016-01-26T04:00:37.000000;2016-01-26T04:00:37.000000;ffa17df0-9d92-44ca-be38-cca9bb46d38c;387.0;0.5;UNKNOWN
2016-01-26T04:00:37.000000;2016-01-26T04:00:37.000000;e96fe7e4-dd6a-4eec-925f-e2830178971f;388.01;2.51;UNKNOWN
2016-01-26T04:00:37.000000;2016-01-26T04:00:37.000000;0b286a5c-eaf5-4a86-8bd7-06529db8f176;388.07;2.0;UNKNOWN
2016-01-26T04:00:37.000000;2016-01-26T04:00:37.000000;f8a49551-d7b9-42c7-9eb5-486bb00a26be;387.54;0.01;UNKNOWN
2016-01-26T04:00:37.000000;2016-01-26T04:00:37.000000;9769032c-7997-4d92-8b62-39d70db84eac;387.59;11.0;UNKNOWN
2016-01-26T04:00:37.000000;2016-01-26T04:00:37.000000;69dd5de5-f30a-4cef-8cbc-6f6165f0c2bf;388.0;0.5;UNKNOWN
2016-01-26T04:00:37.000000;2016-01-26T04:00:37.000000;bda0ae06-0181-44c5-aa99-a7fffccad715;388.0;5.0;UNKNOWN
2016-01-26T04:00:37.000000;2016-01-26T04:00:37.000000;c1eaf3f2-a556-4800-b9a1-8a8907286196;387.61;3.01;UNKNOWN
2016-01-26T04:00:37.000000;2016-01-26T04:00:37.000000;5fa16c5c-d5ec-4650-ab4a-bc9957bde40d;388.11;4.0;UNKNOWN
2016-01-26T04:00:37.000000;2016-01-26T04:00:37.000000;10f44629-5e71-4fe0-9d40-e7d749ecd75a;387.87;1.0;UNKNOWN
2016-01-26T04:00:37.000000;2016-01-26T04:00:37.000000;6a75fc00-c65a-4de0-af79-bf854b94d7d8;386.98;0.05;UNKNOWN
2016-01-26T04:00:37.000000;2016-01-26T04:00:37.000000;07a99e65-4df6-41b6-a616-9e1a24bdc186;387.69;0.05;UNKNOWN
2016-01-26T04:00:37.000000;2016-01-26T04:00:37.000000;608a41e1-b5d1-4a4c-a8e6-bd4091ad9fe0;388.06;22.9791;UNKNOWN
2016-01-26T04:00:37.000000;2016-01-26T04:00:37.000000;22e44333-7c5d-4aa5-a726-d6406bb78b8a;387.58;24.1148;UNKNOWN
2016-01-26T04:00:37.000000;2016-01-26T04:00:37.000000;0898d584-bd1a-4002-961b-dd0c93f3844c;387.51;14.004211;UNKNOWN
2016-01-26T04:00:37.000000;2016-01-26T04:00:37.000000;e38c99e3-81f2-4045-b4a9-3d3aab47543a;387.36;16.5489;UNKNOWN
2016-01-26T04:00:37.000000;2016-01-26T04:00:37.000000;ea5c442c-8ccb-4725-8b9e-57c0ebd2edad;387.92;1.0;UNKNOWN
2016-01-26T04:00:37.000000;2016-01-26T04:00:37.000000;9cad772e-b7da-4c06-9863-d9f111093374;388.03;2.56967018;UNKNOWN
2016-01-26T04:00:37.000000;2016-01-26T04:00:37.000000;d0e77a83-e947-452a-8cda-1253f0fa5b21;388.47;1.0;UNKNOWN
2016-01-26T04:00:37.000000;2016-01-26T04:00:37.000000;9495c04a-7441-4b9e-8d0f-1a2adcf9c501;386.69;3.987;UNKNOWN
2016-01-26T04:00:37.000000;2016-01-26T04:00:37.000000;8fa9dbc2-3e30-463c-859a-e453797b43f2;388.07;3.987;UNKNOWN
2016-01-26T04:00:37.000000;2016-01-26T04:00:37.000000;66c72bfa-585b-4787-8b93-bfb74022b412;386.76;17.6129;UNKNOWN
2016-01-26T04:00:37.000000;2016-01-26T04:00:37.000000;6331de7d-d140-47a1-8f03-2c8d52d4d36b;388.64;2.56769075;UNKNOWN
2016-01-26T04:00:37.000000;2016-01-26T04:00:37.000000;3e1c05e9-42a5-42f7-a7a5-14717750b072;388.5;0.14;UNKNOWN
2016-01-26T04:00:37.000000;2016-01-26T04:00:37.000000;80e90950-d9d3-4419-98e7-ac8a9a3f58cc;386.77;3.608;UNKNOWN
2016-01-26T04:00:37.000000;2016-01-26T04:00:37.000000;b057fc20-14a8-40b5-b1a9-cbf65816d9be;388.96;0.1;UNKNOWN
2016-01-26T04:00:37.000000;2016-01-26T04:00:37.000000;fb487891-1e5d-495e-97a4-54ea7a06c8bc;388.49;35.0;UNKNOWN
2016-01-26T04:00:37.000000;2016-01-26T04:00:37.000000;7e067ab8-ac21-42c5-836a-313c0d8fe86a;388.53;0.05;UNKNOWN
2016-01-26T04:00:37.000000;2016-01-26T04:00:37.000000;3f449300-cdf6-41f5-86e3-4c64e720ec7d;386.67;3.0;UNKNOWN
2016-01-26T04:00:37.000000;2016-01-26T04:00:37.000000;4c2f7cde-f4fd-4774-bf91-e3ba42c89439;386.68;0.04076;UNKNOWN
2016-01-26T04:00:37.000000;2016-01-26T04:00:37.000000;04217ae6-7b4e-40e6-880a-e477d28a3d88;386.66;50.88072193;UNKNOWN
2016-01-26T04:00:41.000000;2016-01-26T04:00:41.000000;20a6835b-7e5f-4fbf-8e31-d0900388fa2a;387.95;1.75;UNKNOWN
2016-01-26T04:00:47.000000;2016-01-26T04:00:47.000000;a2298611-fe51-4918-b7fb-215ab9e15bcb;388.16;2.7;UNKNOWN
2016-01-26T04:00:47.000000;2016-01-26T04:00:47.000000;82cb43ce-ef09-4ed8-a678-912fc57982e5;388.16;0.05;UNKNOWN
2016-01-26T04:00:47.000000;2016-01-26T04:00:47.000000;ad0282ff-e3d0-4fa5-b187-aff64a35e709;388.16;4.0;UNKNOWN
2016-01-26T04:00:47.000000;2016-01-26T04:00:47.000000;62797904-1974-4ac4-941c-8d915d437868;388.16;0.7;UNKNOWN
2016-01-26T04:00:53.000000;2016-01-26T04:00:53.000000;7266d95f-4f4c-43ec-a6d5-134b1a916d38;388.16;1.2497079;UNKNOWN
2016-01-26T04:00:53.000000;2016-01-26T04:00:53.000000;b803a0fe-f585-498c-86b3-2ec87492446d;388.17;0.4502921;UNKNOWN
2016-01-26T04:00:56.000000;2016-01-26T04:00:56.000000;e9c7ce1f-726f-4e34-8dfd-0a813910bd0a;388.48;0.18;UNKNOWN
2016-01-26T04:00:57.000000;2016-01-26T04:00:57.000000;d59a4b63-6e3a-45a1-8b12-7f6f17279ade;388.47;0.1;UNKNOWN
2016-01-26T04:01:02.000000;2016-01-26T04:01:02.000000;74c1bd94-ede6-44f4-99e1-70402f9a8c53;388.45;1.0;UNKNOWN
2016-01-26T04:01:04.000000;2016-01-26T04:01:04.000000;63fb2410-2476-48c2-8734-a519fb3faecb;388.45;1.75;UNKNOWN
2016-01-26T04:01:09.000000;2016-01-26T04:01:09.000000;7c92bb84-3de6-422b-9d39-5dfa0515db46;388.49;0.1;UNKNOWN
2016-01-26T04:01:18.000000;2016-01-26T04:01:18.000000;76668ee6-786f-4d69-b87a-8f1b6658139c;389.33;0.695;UNKNOWN
2016-01-26T04:01:18.000000;2016-01-26T04:01:18.000000;4527a463-72d0-430f-975f-80187b194082;388.49;0.305;UNKNOWN
2016-01-26T04:01:25.000000;2016-01-26T04:01:25.000000;e8072282-a154-432b-877a-f60ab167a8a7;389.27;1.0;UNKNOWN
2016-01-26T04:01:33.000000;2016-01-26T04:01:33.000000;ffdb7e90-23ea-46db-9bd2-7928e6a9f128;388.84;0.91;UNKNOWN
2016-01-26T04:01:33.000000;2016-01-26T04:01:33.000000;5efecaae-bfd9-4610-899c-34cc7cfd9719;388.86;0.37;UNKNOWN
2016-01-26T04:01:33.000000;2016-01-26T04:01:33.000000;96bc51f3-91a4-4f02-b1ea-a7dd531b156b;388.84;1.0;UNKNOWN
2016-01-26T04:01:33.000000;2016-01-26T04:01:33.000000;50f55b71-1ace-4bd9-8682-a3a857ff7673;388.88;0.37;UNKNOWN
2016-01-26T04:01:38.000000;2016-01-26T04:01:38.000000;678e8d44-030f-4b57-b2ad-4e6fa1dd5d6d;388.91;10.01;UNKNOWN
2016-01-26T04:01:38.000000;2016-01-26T04:01:38.000000;3eb1847b-8d3a-462c-8e93-2ddda2da57c3;388.92;2.99;UNKNOWN
2016-01-26T04:01:38.000000;2016-01-26T04:01:38.000000;537535c0-a6f9-4ba6-95fa-294d1aed6185;388.92;2.0;UNKNOWN
2016-01-26T04:01:41.000000;2016-01-26T04:01:41.000000;6112f105-f96e-4554-bfeb-594cff776d7b;388.96;0.9;UNKNOWN
2016-01-26T04:01:41.000000;2016-01-26T04:01:41.000000;d39bd17d-c507-4e69-8f0e-e1bb91e84741;388.96;0.1;UNKNOWN
2016-01-26T04:01:41.000000;2016-01-26T04:01:41.000000;04c425e2-d660-4c0f-93e8-edcf90c44e8d;389.43;0.1;UNKNOWN
2016-01-26T04:01:44.000000;2016-01-26T04:01:44.000000;3c3a5d62-24f6-4127-8be2-0fa8d83f6a7a;389.44;0.1;UNKNOWN
2016-01-26T04:01:55.000000;2016-01-26T04:01:55.000000;4367fb0b-0165-4f37-bf2f-64f61876db8c;389.4;5.0;UNKNOWN
2016-01-26T04:02:07.000000;2016-01-26T04:02:07.000000;2d0408f2-49d9-4bf7-bf61-4fafc393c3dd;389.15;1.5;UNKNOWN
2016-01-26T04:02:27.000000;2016-01-26T04:02:27.000000;49f21983-09d5-43d7-b897-4aa777dca87a;389.35;1.0;UNKNOWN
2016-01-26T04:02:27.000000;2016-01-26T04:02:27.000000;da4d9d9e-bb34-4caf-a26d-d40b48781c1a;389.37;1.0;UNKNOWN
2016-01-26T04:02:42.000000;2016-01-26T04:02:42.000000;d645c723-84aa-4aa8-bb84-1966d3b070d4;389.41;0.1;UNKNOWN
2016-01-26T04:02:42.000000;2016-01-26T04:02:42.000000;0a27b06a-e243-4357-a83b-4b984b5c6b89;389.4;2.4859;UNKNOWN
2016-01-26T04:02:42.000000;2016-01-26T04:02:42.000000;84c3c554-5291-4027-8a07-35251fb9d0ee;389.28;3.4141;UNKNOWN
2016-01-26T04:02:42.000000;2016-01-26T04:02:42.000000;54e6418b-0d6f-495a-b6ff-9d822d008aab;389.41;1.0;UNKNOWN
2016-01-26T04:02:59.000000;2016-01-26T04:02:59.000000;ec5c9c0b-3a35-493d-904a-5d7a60637d42;389.3;0.45201662;UNKNOWN
2016-01-26T04:03:01.000000;2016-01-26T04:03:01.000000;9c63cd2e-42d4-4d39-94ee-88c1116db053;389.38;0.45201662;UNKNOWN
2016-01-26T04:03:01.000000;2016-01-26T04:03:01.000000;8d90af90-cd47-4ea0-be5f-2365d80601c1;389.29;0.54798338;UNKNOWN
2016-01-26T04:03:14.000000;2016-01-26T04:03:14.000000;780d644f-0696-4e51-9242-0a4083d80b3c;389.38;0.1;UNKNOWN
2016-01-26T04:03:26.000000;2016-01-26T04:03:26.000000;bd80fdf6-39ff-4422-b749-29f4e7257413;389.36;0.08;UNKNOWN
2016-01-26T04:03:41.000000;2016-01-26T04:03:41.000000;88cb2765-7c73-4230-96ec-410be44c8266;389.35;12.08978742;UNKNOWN
2016-01-26T04:04:02.000000;2016-01-26T04:04:02.000000;393d8dc2-3557-4109-a6b5-b69971dc8153;389.29;0.51963803;UNKNOWN
2016-01-26T04:04:05.000000;2016-01-26T04:04:05.000000;ef0104b1-1d01-432f-8afb-59df28a6c6de;389.3;3.0;UNKNOWN
2016-01-26T04:04:05.000000;2016-01-26T04:04:05.000000;a3c8cd31-ffad-4be3-8987-f54905b41674;389.3;1.58109111;UNKNOWN
2016-01-26T04:04:05.000000;2016-01-26T04:04:05.000000;bb368622-167f-4c6f-8c3d-3c11fa38899e;389.31;0.5;UNKNOWN
2016-01-26T04:04:12.000000;2016-01-26T04:04:12.000000;3c210504-a75e-490d-bd7a-ba288747aed0;389.38;1.7;UNKNOWN
2016-01-26T04:04:52.000000;2016-01-26T04:04:52.000000;0fd5c7a9-c9f0-48e9-b939-fb1b095dc91a;389.34;1.0;UNKNOWN
2016-01-26T04:04:59.000000;2016-01-26T04:04:59.000000;ced1603e-737f-4160-88cf-67d54fbff056;389.33;0.9;UNKNOWN
2016-01-26T04:05:05.000000;2016-01-26T04:05:05.000000;d7935147-6db4-42f0-b7b4-b19fc4d91308;389.34;2.0;UNKNOWN
2016-01-26T04:05:06.000000;2016-01-26T04:05:06.000000;5fb900c7-d74d-47d2-98e4-65a5123d1c7f;389.34;3.7566107;UNKNOWN
2016-01-26T04:05:10.000000;2016-01-26T04:05:10.000000;a9ad899a-32b5-4584-bd5f-775855b74f37;389.4;2.4;UNKNOWN
2016-01-26T04:05:10.000000;2016-01-26T04:05:10.000000;27a30282-c2c6-44c3-b60d-e6c3d35f8ae9;389.64;0.2766107;UNKNOWN
2016-01-26T04:05:10.000000;2016-01-26T04:05:10.000000;2a1f3a7f-3839-46ba-85c5-356dd900c252;389.34;13.3233893;UNKNOWN
2016-01-26T04:05:10.000000;2016-01-26T04:05:10.000000;ee9ae72a-aa29-43ff-ab19-379a622410ca;389.34;0.1;UNKNOWN
2016-01-26T04:05:10.000000;2016-01-26T04:05:10.000000;fa8c10f6-585d-46ae-9e1b-5036449de7f6;389.39;1.0;UNKNOWN
2016-01-26T04:05:16.000000;2016-01-26T04:05:16.000000;1458791b-4b5f-4348-9021-d2e72d5788b5;389.64;1.0;UNKNOWN
2016-01-26T04:05:42.000000;2016-01-26T04:05:42.000000;fdc69c7c-143f-476c-bc90-681a60e66242;389.6;7.1;UNKNOWN
2016-01-26T04:05:46.000000;2016-01-26T04:05:46.000000;a806e43e-b7e2-4012-b431-55aca15ffdbf;389.6;1.0;UNKNOWN
2016-01-26T04:05:49.000000;2016-01-26T04:05:49.000000;2c2a6cc8-2ab6-43fa-a0f7-9420809c584c;389.6;1.0;UNKNOWN
2016-01-26T04:06:03.000000;2016-01-26T04:06:03.000000;99fa0295-2712-49b2-9fbe-05cb9e8bb35e;389.55;0.46308975;UNKNOWN
2016-01-26T04:06:03.000000;2016-01-26T04:06:03.000000;4167215f-0de8-484c-a32a-63d218adacb7;389.52;1.0;UNKNOWN
2016-01-26T04:06:03.000000;2016-01-26T04:06:03.000000;064d61ee-1d1d-4e12-9a74-4cf3f419b1fe;389.52;28.08425811;UNKNOWN
2016-01-26T04:07:08.000000;2016-01-26T04:07:08.000000;a88690a1-ac04-4573-b6d4-910a06df1c9e;389.56;1.0;UNKNOWN
2016-01-26T04:07:59.000000;2016-01-26T04:07:59.000000;080c9501-3da2-4396-a3c9-29be2ee2b289;389.55;0.8;UNKNOWN
2016-01-26T04:07:59.000000;2016-01-26T04:07:59.000000;8554f159-4957-474c-a854-164be4c76134;389.54;1.1;UNKNOWN
2016-01-26T04:08:10.000000;2016-01-26T04:08:10.000000;9ef6233b-6677-449d-a200-2a1a1caa0fad;389.55;0.09;UNKNOWN
2016-01-26T04:08:10.000000;2016-01-26T04:08:10.000000;b302bd4d-788e-41b8-809e-a4a05c39d5ed;389.54;0.01;UNKNOWN
2016-01-26T04:09:25.000000;2016-01-26T04:09:25.000000;97ac07ab-787b-4b65-b577-b5b0f6bd075f;389.59;1.0;UNKNOWN
2016-01-26T04:09:32.000000;2016-01-26T04:09:32.000000;9d1d9606-2d59-49f5-97eb-4ffbcb1acb3b;389.59;0.5;UNKNOWN
2016-01-26T04:09:34.000000;2016-01-26T04:09:34.000000;31d2f645-e8fd-40cb-9711-42a8e7c78139;389.62;0.01;UNKNOWN
2016-01-26T04:10:54.000000;2016-01-26T04:10:54.000000;543da93e-18d5-4ec7-b2ce-c920f36b85ca;389.64;0.22;UNKNOWN
2016-01-26T04:11:02.000000;2016-01-26T04:11:02.000000;7cd3ebd1-d2c8-48fa-8701-56c6b6c62cae;389.64;1.0;UNKNOWN
2016-01-26T04:11:10.000000;2016-01-26T04:11:10.000000;1a41e31f-7403-4fe9-94cb-ae367486fcab;389.64;1.0;UNKNOWN
2016-01-26T04:11:13.000000;2016-01-26T04:11:13.000000;6a320f26-2bab-4206-9771-40229c100ff2;389.64;1.0;UNKNOWN
2016-01-26T04:11:18.000000;2016-01-26T04:11:18.000000;b5c8cb30-7854-4bc4-a11e-cb45f9df88bf;389.64;1.0;UNKNOWN
2016-01-26T04:11:18.000000;2016-01-26T04:11:18.000000;29de3d69-8187-45a8-85b7-f7f0727d3276;389.64;1.0;UNKNOWN
2016-01-26T04:11:24.000000;2016-01-26T04:11:24.000000;59206d51-177c-42e2-a1ba-a72e8a0c9f52;389.64;1.0;UNKNOWN
2016-01-26T04:12:52.000000;2016-01-26T04:12:52.000000;df053d8e-51bf-4ea9-873c-9f1b325a02cf;389.64;0.1;UNKNOWN
2016-01-26T04:13:46.000000;2016-01-26T04:13:46.000000;6b2e0e79-9fb9-4ddf-a648-a32f277242b3;389.64;0.1;UNKNOWN
2016-01-26T04:13:56.000000;2016-01-26T04:13:56.000000;cac8bd92-ea06-4f33-b868-362a6635c59d;389.64;1.0;UNKNOWN
2016-01-26T04:14:10.000000;2016-01-26T04:14:10.000000;f58bcf84-c000-4e78-850f-45903d25e556;389.64;0.05;UNKNOWN
2016-01-26T04:14:34.000000;2016-01-26T04:14:34.000000;53c8d169-3405-4536-86be-04301e5e6230;389.64;0.8;UNKNOWN
2016-01-26T04:14:54.000000;2016-01-26T04:14:54.000000;e06d58c2-76e8-4b4f-ae9f-7dc3e0334bf4;389.64;0.1;UNKNOWN
2016-01-26T04:15:05.000000;2016-01-26T04:15:05.000000;2b08095a-92ea-4a1f-a780-4eeff9393ccd;389.64;0.3533893;UNKNOWN
2016-01-26T04:15:05.000000;2016-01-26T04:15:05.000000;79ea427c-8ba1-430a-9031-d37bad7435ce;389.64;0.6466107;UNKNOWN
2016-01-26T04:15:06.000000;2016-01-26T04:15:06.000000;40901df1-9b18-493c-81a7-a684714fab9b;389.64;0.01;UNKNOWN
2016-01-26T04:15:07.000000;2016-01-26T04:15:07.000000;3eae007c-3c20-4e72-98f0-db2e8034513b;389.64;0.92899;UNKNOWN
2016-01-26T04:15:08.000000;2016-01-26T04:15:08.000000;ab21ad30-a7d1-4b75-922f-5c1f389d1033;389.64;0.1;UNKNOWN
2016-01-26T04:15:44.000000;2016-01-26T04:15:44.000000;f6116889-74a2-421f-8f90-019945da475d;389.72;0.1322114;UNKNOWN
