time_exchange;time_coinpai;guid;price;base_amount;taker_side
2016-02-18T00:00:02.933000;2016-02-18T00:00:02.957000;c516e2c3-9d89-45fe-9594-9ebf65a25e90;415.18;0.06718;SELL
2016-02-18T00:00:20.410000;2016-02-18T00:00:20.440000;b521223f-5ccd-4719-bd2c-4a663e5f3ba1;415.2;0.18;BUY
2016-02-18T00:00:31.827000;2016-02-18T00:00:31.863000;969a6bc7-838b-45d4-ae55-69b0c76a1b1c;415.2;2.61006;BUY
2016-02-18T00:01:03.410000;2016-02-18T00:01:03.440000;cdf084d5-d2c9-412f-a1cd-7de884b67de1;415.2;0.18626;BUY
2016-02-18T00:01:03.410000;2016-02-18T00:01:03.440000;e4073c6a-e83d-42b2-ae78-80bfa141a9c9;415.25;0.01;BUY
2016-02-18T00:01:03.410000;2016-02-18T00:01:03.440000;3e030163-3d0a-4377-a409-5442ee0f799f;415.36;0.01;BUY
2016-02-18T00:01:03.410000;2016-02-18T00:01:03.440000;3355cea9-6478-468d-a2a0-e8c192604c90;415.47;0.02;BUY
2016-02-18T00:01:03.410000;2016-02-18T00:01:03.440000;daa180e4-2058-45d7-a22f-4e927f3c255d;415.5;0.01141778;BUY
2016-02-18T00:01:03.410000;2016-02-18T00:01:03.440000;1562ac8c-58a3-4ab5-b5fa-d45e14cf5ce3;415.5;0.01;BUY
2016-02-18T00:01:03.410000;2016-02-18T00:01:03.457000;bfa05833-c6e6-4621-bcff-48c1f2a7db25;415.52;0.01;BUY
2016-02-18T00:01:03.410000;2016-02-18T00:01:03.457000;9021c4f4-6dc0-4842-8403-32f2b320ecd8;415.53;0.01;BUY
2016-02-18T00:01:03.410000;2016-02-18T00:01:03.457000;8479357c-6f22-4e67-88e6-d2bf675a5b96;415.54;0.14003222;BUY
2016-02-18T00:01:32.463000;2016-02-18T00:01:32.487000;9cbbf03e-f71e-49e6-aa8a-08346322f7e5;415.55;2.21729;SELL
2016-02-18T00:01:50.153000;2016-02-18T00:01:50.190000;9e61ed01-f61c-4841-a9b6-feb7842f0a97;415.56;0.01;BUY
2016-02-18T00:01:50.153000;2016-02-18T00:01:50.190000;fb37ce75-f774-4f78-84c6-2a77f46ca7ec;415.61;0.01;BUY
2016-02-18T00:01:50.153000;2016-02-18T00:01:50.190000;8095f496-e414-4dec-adea-34f098d594c6;415.61;0.01;BUY
2016-02-18T00:01:50.153000;2016-02-18T00:01:50.190000;32fac101-9432-4439-931d-20efb2f02fc0;415.68;0.01;BUY
2016-02-18T00:01:50.153000;2016-02-18T00:01:50.207000;2fd8c543-399c-4cad-a0c7-19c10c3da251;415.69;0.06;BUY
2016-02-18T00:01:52.120000;2016-02-18T00:01:52.143000;72af43dd-9c83-4e25-a5a6-a99f303a96d1;415.69;0.19;BUY
2016-02-18T00:01:52.120000;2016-02-18T00:01:52.173000;6b88dd79-cd47-4580-bc62-c454fa004450;415.7;0.01141778;BUY
2016-02-18T00:01:52.123000;2016-02-18T00:01:52.173000;8d9173e0-655c-44a1-8808-9ab80dbf0f26;415.73;0.01;BUY
2016-02-18T00:01:52.123000;2016-02-18T00:01:52.173000;e90f790a-79e8-412b-90bb-c9dd339bfb25;415.75;0.01;BUY
2016-02-18T00:01:52.123000;2016-02-18T00:01:52.173000;c5c661a8-2f72-462d-8741-4aeb41b96664;415.83;0.01;BUY
2016-02-18T00:01:52.123000;2016-02-18T00:01:52.173000;fd7267a0-b544-4c5a-9a67-ee0c95fc8557;415.86;0.01;BUY
2016-02-18T00:01:52.123000;2016-02-18T00:01:52.173000;bc5a5e7d-ec24-4af9-b4d2-174402a246c6;415.86;0.02;BUY
2016-02-18T00:01:52.123000;2016-02-18T00:01:52.173000;e1617617-405d-41e4-8277-231c97ece90f;415.87;0.116;BUY
2016-02-18T00:01:52.123000;2016-02-18T00:01:52.173000;19aebd6d-9c56-4b67-a506-adfcfcdd4d22;415.88;0.01;BUY
2016-02-18T00:01:52.123000;2016-02-18T00:01:52.190000;6d207418-3425-4d4c-9ed7-68a0ad3354f0;415.88;0.075;BUY
2016-02-18T00:01:52.123000;2016-02-18T00:01:52.190000;3cfcf3de-de5c-46e5-8b36-fd779ab78ee9;415.9;0.01;BUY
2016-02-18T00:01:52.123000;2016-02-18T00:01:52.190000;6e1a99cf-9fd8-4a3c-b753-d35417e7167f;415.9;0.01141778;BUY
2016-02-18T00:01:52.123000;2016-02-18T00:01:52.190000;fcdc6725-390c-45c7-a898-37b10047fbf1;415.91;0.01;BUY
2016-02-18T00:01:52.123000;2016-02-18T00:01:52.190000;c3ecbe0f-efd5-4fb6-876d-56af4e3ffade;415.92;0.114;BUY
2016-02-18T00:01:52.123000;2016-02-18T00:01:52.190000;306d51d1-b462-46b6-8bc1-4492f4bbd715;415.93;0.077;BUY
2016-02-18T00:01:52.123000;2016-02-18T00:01:52.190000;5d53ce0e-9bd8-4b90-ba0c-741cb0cd4e2e;415.94;0.01;BUY
2016-02-18T00:01:52.123000;2016-02-18T00:01:52.220000;bf9af267-d209-45c7-b978-b572369b9a44;415.94;0.124;BUY
2016-02-18T00:01:52.123000;2016-02-18T00:01:52.220000;cc2d5a8a-b8d2-4a2f-8c8a-d40863818075;416.0;0.25;BUY
2016-02-18T00:01:52.123000;2016-02-18T00:01:52.220000;4aafb96f-14b3-410e-99a0-e37dbfcf323d;416.02;0.091;BUY
2016-02-18T00:01:52.123000;2016-02-18T00:01:52.220000;9f7e2791-121e-4458-8c60-b1b12063e462;416.07;0.102;BUY
2016-02-18T00:01:52.123000;2016-02-18T00:01:52.220000;734eaa23-4e20-4581-b864-673c97761d37;416.1;0.01141778;BUY
2016-02-18T00:01:52.123000;2016-02-18T00:01:52.220000;aa1358a5-b77b-4830-ae9c-d753dbc93e60;416.11;0.01;BUY
2016-02-18T00:01:52.123000;2016-02-18T00:01:52.220000;71c897d6-6db9-43cf-963a-15a53bb50647;416.12;0.01;BUY
2016-02-18T00:01:52.123000;2016-02-18T00:01:52.220000;3d51649e-0884-4275-9936-79096c17bee2;416.12;0.02;BUY
2016-02-18T00:01:52.123000;2016-02-18T00:01:52.220000;7a9b8dfa-81c2-403a-a28a-31ca4ab2597a;416.19;0.01;BUY
2016-02-18T00:01:52.123000;2016-02-18T00:01:52.220000;f55b87ee-7a99-4bce-be9b-cc140086ea0b;416.22;0.01;BUY
2016-02-18T00:01:52.127000;2016-02-18T00:01:52.220000;29279621-cece-4f52-85f9-e0feccebec22;416.24;1.2;BUY
2016-02-18T00:01:52.127000;2016-02-18T00:01:52.237000;556129e1-a1b9-4a94-9451-7816dc6ad8cb;416.25;0.2;BUY
2016-02-18T00:01:52.127000;2016-02-18T00:01:52.237000;0698e57f-8cc6-4fa1-a24b-7f6ee394de7e;416.29;1.0;BUY
2016-02-18T00:01:52.127000;2016-02-18T00:01:52.237000;050eb189-f34b-4f36-bc17-1c669373c613;416.29;2.0;BUY
2016-02-18T00:01:52.127000;2016-02-18T00:01:52.237000;7b4bf305-6480-441d-8738-c5b300b664f9;416.3;0.01;BUY
2016-02-18T00:01:52.127000;2016-02-18T00:01:52.237000;d8e5f1a1-d5d8-4eab-b22d-42f91694aa02;416.3;0.01141778;BUY
2016-02-18T00:01:52.127000;2016-02-18T00:01:52.237000;080aff32-5fa3-422e-84dd-a87b404cd3f0;416.3;1.4;BUY
2016-02-18T00:01:52.127000;2016-02-18T00:01:52.237000;36706bc5-a299-4f0c-8906-2584a2333ed3;416.31;0.02;BUY
2016-02-18T00:01:52.127000;2016-02-18T00:01:52.253000;a1c5cab2-e17f-4dbf-8ac7-dcdf0308fabb;416.32;0.10143762;BUY
2016-02-18T00:02:02.780000;2016-02-18T00:02:02.817000;8fd1bb1c-c0d6-4609-bcbe-4045ea6eb704;415.77;0.23053;SELL
2016-02-18T00:02:07.880000;2016-02-18T00:02:07.910000;c8dc0f11-b604-4b30-b462-5dc1ea822018;416.05;0.00208108;BUY
2016-02-18T00:02:32.317000;2016-02-18T00:02:32.330000;cb392df6-750c-4f3c-8fd7-41856e567d6f;416.03;0.28344;BUY
2016-02-18T00:03:03.120000;2016-02-18T00:03:03.143000;70c89012-f17f-4f79-ae12-83051181e53b;416.03;3.523;BUY
2016-02-18T00:03:03.120000;2016-02-18T00:03:03.160000;2185fbb3-6739-42b1-9822-522bf29c0e19;416.03;0.44;BUY
2016-02-18T00:03:03.120000;2016-02-18T00:03:03.160000;07afa13d-4901-4ca7-b8c2-c91c00216118;416.03;0.879;BUY
2016-02-18T00:03:03.120000;2016-02-18T00:03:03.160000;0d93a5d9-57c2-42e8-927e-928089757b77;416.07;0.98848;BUY
2016-02-18T00:03:32.207000;2016-02-18T00:03:32.237000;f39e849b-82bb-4b4e-b9d2-2a15e428c12e;416.02;0.24131;SELL
2016-02-18T00:04:02.400000;2016-02-18T00:04:02.423000;265c0c9f-64ac-42ed-8f10-39253a3d80dd;416.03;0.817;BUY
2016-02-18T00:04:02.400000;2016-02-18T00:04:02.440000;8a6bb3a6-0303-4ea3-8faa-c48e96f2cd4c;416.03;1.19185;BUY
2016-02-18T00:04:27.793000;2016-02-18T00:04:27.817000;6ad9cd0c-03fd-4802-93db-648e018db899;416.03;1.3;BUY
2016-02-18T00:04:32.193000;2016-02-18T00:04:32.207000;02914548-bfc0-4898-848e-ffa544f82069;416.02;0.02763;SELL
2016-02-18T00:05:02.327000;2016-02-18T00:05:02.347000;1bc7a73d-f3c6-4730-bc77-9243814249e3;416.03;0.33;BUY
2016-02-18T00:05:02.327000;2016-02-18T00:05:02.347000;d9b99aca-8c21-4d3c-ade7-a5fd4db84909;416.13;1.10869;BUY
2016-02-18T00:05:31.880000;2016-02-18T00:05:31.910000;41ed625d-2f86-4037-b63f-295f53a77d8e;416.24;0.42917;BUY
2016-02-18T00:05:56.647000;2016-02-18T00:05:56.673000;3ebf0ca9-6c3b-4e61-a367-d2a540f31b7d;416.33;0.04;BUY
2016-02-18T00:05:56.647000;2016-02-18T00:05:56.690000;1255bf3e-9824-4601-b2c2-933023267d37;416.36;0.114;BUY
2016-02-18T00:05:56.647000;2016-02-18T00:05:56.690000;227fad74-b1a5-4a9b-9419-33cab8676abc;416.37;0.01;BUY
2016-02-18T00:05:56.647000;2016-02-18T00:05:56.690000;f7cc1c99-c259-441d-b041-d6d585b3ed01;416.38;0.36777796;BUY
2016-02-18T00:05:56.647000;2016-02-18T00:05:56.690000;cbc6dc28-7c07-4e20-bf60-9d98419423e1;416.38;0.125;BUY
2016-02-18T00:05:56.650000;2016-02-18T00:05:56.690000;2480ce15-d0ba-432a-a25c-ae5a27bfb34d;416.39;0.116;BUY
2016-02-18T00:05:56.650000;2016-02-18T00:05:56.690000;1c13adc5-27c6-4514-80c1-e7699c7adee4;416.4;0.01;BUY
2016-02-18T00:05:56.650000;2016-02-18T00:05:56.690000;f2d3fbf4-7931-4e5b-842e-1cbb0b2ce713;416.42;0.01;BUY
2016-02-18T00:05:56.650000;2016-02-18T00:05:56.707000;f4b0b2cf-16ed-4bb5-9645-b190ae85bda5;416.44;0.01;BUY
2016-02-18T00:05:56.650000;2016-02-18T00:05:56.707000;16767506-4b14-4a4c-b1a7-7ec8e57cd7cb;416.44;0.102;BUY
2016-02-18T00:05:56.650000;2016-02-18T00:05:56.707000;270a4e0f-07a3-4d0d-9eed-3681b196d668;416.47;0.02;BUY
2016-02-18T00:05:56.650000;2016-02-18T00:05:56.707000;71c8858e-046a-448f-b754-48979bfe2e02;416.48;1.02919;BUY
2016-02-18T00:05:56.650000;2016-02-18T00:05:56.707000;21e30dce-c58c-45ba-9561-94327edcf42f;416.49;0.01;BUY
2016-02-18T00:05:56.650000;2016-02-18T00:05:56.707000;2cac2981-e377-4a2f-9066-2886ceae1b0b;416.49;0.01;BUY
2016-02-18T00:05:56.650000;2016-02-18T00:05:56.723000;d9065916-6785-45f6-a3ce-67eb3473c88c;416.49;0.101;BUY
2016-02-18T00:05:56.650000;2016-02-18T00:05:56.723000;e506d0bc-831a-43f9-8f2d-7b56eb57fcb8;416.5;0.01141982;BUY
2016-02-18T00:05:56.650000;2016-02-18T00:05:56.723000;8c0b887b-4d25-48bf-b384-bdeb1342cb4d;416.51;0.02;BUY
2016-02-18T00:05:56.650000;2016-02-18T00:05:56.723000;3ae3b370-3c11-499c-9a3a-3e36d796418a;416.52;0.01;BUY
2016-02-18T00:05:56.650000;2016-02-18T00:05:56.723000;165e8764-9b39-43fa-a161-65fb756464c8;416.52;0.66;BUY
2016-02-18T00:05:56.650000;2016-02-18T00:05:56.723000;98f0f791-395b-47e1-8eb7-861c5fbcf161;416.52;2.995;BUY
2016-02-18T00:05:56.650000;2016-02-18T00:05:56.723000;0e4c0caa-94ad-47aa-b03c-b31575e992fe;416.53;0.01;BUY
2016-02-18T00:05:56.650000;2016-02-18T00:05:56.753000;3a69b7bc-b6a2-4ddf-9231-4efe7841019a;416.53;0.07861222;BUY
2016-02-18T00:06:02.500000;2016-02-18T00:06:02.503000;ab0f44ac-3125-463b-a338-43221e7b37e3;416.55;0.59592;BUY
2016-02-18T00:06:31.740000;2016-02-18T00:06:31.770000;68cf89c1-eda3-45bb-9550-deef93242a50;416.54;0.05267;BUY
2016-02-18T00:09:32.110000;2016-02-18T00:09:32.113000;54391d16-872c-435c-af23-73e5cbc4a147;416.54;0.01;SELL
2016-02-18T00:09:32.110000;2016-02-18T00:09:32.127000;cefd99af-2c3b-4ede-9f67-46a9e8f833f9;416.54;0.33442019;SELL
2016-02-18T00:09:32.110000;2016-02-18T00:09:32.127000;8b1779fe-ac58-4a7e-9b2f-f2cd0115a7af;416.54;1.35994735;SELL
2016-02-18T00:09:32.110000;2016-02-18T00:09:32.127000;c9918a1c-0c51-485d-a179-6f60751032cf;416.54;3.29563246;SELL
2016-02-18T00:10:04.663000;2016-02-18T00:10:04.690000;8a4334c2-e6d6-47e7-ab8b-2c370ef96768;416.55;0.09;BUY
2016-02-18T00:10:22.513000;2016-02-18T00:10:22.533000;64879f68-27e7-448d-b5a8-22de37f44cf5;416.55;0.025;BUY
2016-02-18T00:10:24.727000;2016-02-18T00:10:24.723000;d922f8f0-572a-4070-9552-c6aaef9161e9;416.55;0.23946854;BUY
2016-02-18T00:10:30.950000;2016-02-18T00:10:30.973000;0a53a887-28db-4eb0-bba8-9723c97d1516;416.55;0.04961146;BUY
2016-02-18T00:10:30.950000;2016-02-18T00:10:30.973000;6c118606-144a-4091-ad0d-db670f28bab3;416.58;0.00038854;BUY
2016-02-18T00:10:46.227000;2016-02-18T00:10:46.253000;6f889d8f-3bf7-4996-b062-9f357e366c55;416.58;0.02961146;BUY
2016-02-18T00:10:46.230000;2016-02-18T00:10:46.253000;2da47288-730c-4d95-81cc-e49a8eab80fd;416.6;0.01;BUY
2016-02-18T00:10:46.230000;2016-02-18T00:10:46.253000;ef38cd45-8a9f-45f5-9c47-3f7487810ff6;416.6;0.01;BUY
2016-02-18T00:10:46.230000;2016-02-18T00:10:46.253000;a85cfaab-b1dc-4b22-bf08-23e3ff280d4e;416.61;0.01;BUY
2016-02-18T00:10:46.230000;2016-02-18T00:10:46.253000;d090db9c-5851-4a85-8d3e-6e499e7118f2;416.64;0.01;BUY
2016-02-18T00:10:46.230000;2016-02-18T00:10:46.253000;3be84194-4116-4aa5-86a0-b5335ff851e8;416.69;0.092;BUY
2016-02-18T00:10:46.230000;2016-02-18T00:10:46.253000;5bdf7f59-400a-4c37-8e87-159d497d7c69;416.7;0.01141982;BUY
2016-02-18T00:10:46.230000;2016-02-18T00:10:46.253000;724fb986-4061-4e2c-8850-d9374f2512db;416.7;0.01141778;BUY
2016-02-18T00:10:46.230000;2016-02-18T00:10:46.253000;eec2aa78-7d42-40d8-8c2c-5734215231e4;416.71;0.01555094;BUY
2016-02-18T00:13:55.350000;2016-02-18T00:13:55.370000;713cc109-7804-4b31-9fcd-c746da6915c3;416.7;0.01;SELL
2016-02-18T00:13:55.350000;2016-02-18T00:13:55.387000;d10a49e4-495b-45c7-8628-345e3b24893a;416.7;1.0;SELL
2016-02-18T00:13:55.350000;2016-02-18T00:13:55.387000;0910fb0f-7306-46d6-b77c-bff58a12faad;416.7;1.48;SELL
2016-02-18T00:13:55.350000;2016-02-18T00:13:55.387000;5f7747b2-e08d-45f4-9788-5c5abe52fc4e;416.7;2.962;SELL
2016-02-18T00:14:03.170000;2016-02-18T00:14:03.200000;813dafe2-6143-48b5-a541-5c64cf190a63;416.71;0.00444906;BUY
2016-02-18T00:14:03.170000;2016-02-18T00:14:03.230000;3ab52722-f049-4268-9dba-7a0b413e3b47;416.71;0.01;BUY
2016-02-18T00:14:03.170000;2016-02-18T00:14:03.230000;b5daba9d-c795-495b-ad4c-7d184643a6d2;416.71;1.895;BUY
2016-02-18T00:14:03.170000;2016-02-18T00:14:03.230000;83ba151c-3045-4416-8ca8-c5df951daae6;416.71;0.455;BUY
2016-02-18T00:14:03.173000;2016-02-18T00:14:03.230000;a7414f0b-18d0-4322-9977-79495e6f24c3;416.72;0.02;BUY
2016-02-18T00:14:03.173000;2016-02-18T00:14:03.230000;7edff000-84cc-4fe0-8129-7fdf4e1d0315;416.74;0.02;BUY
2016-02-18T00:14:03.173000;2016-02-18T00:14:03.230000;b90da38f-bb75-41a2-a0e8-f1ca790fbc09;416.74;0.47;BUY
2016-02-18T00:14:03.173000;2016-02-18T00:14:03.247000;ae994f70-497a-46f1-8b2c-0e447f077932;416.76;2.838;BUY
2016-02-18T00:14:03.173000;2016-02-18T00:14:03.247000;014ae5fa-b470-4a23-baf0-5917c68a1a14;416.77;1.97395094;BUY
2016-02-18T00:14:11.733000;2016-02-18T00:14:11.777000;bf029e79-477f-4e8d-ba4b-0f83dc17da0e;416.72;0.01;SELL
2016-02-18T00:14:11.733000;2016-02-18T00:14:11.777000;5cf8055e-e9c7-4e5b-8d70-ac3162d64e9d;416.71;0.01;SELL
2016-02-18T00:14:11.733000;2016-02-18T00:14:11.777000;50bab26c-b4d0-4086-b2d3-1923edf5bd1b;416.71;0.8;SELL
2016-02-18T00:14:11.733000;2016-02-18T00:14:11.777000;4aa14828-e8ad-44e8-b782-dbda678d319d;416.7;5.488;SELL
2016-02-18T00:14:20.257000;2016-02-18T00:14:20.293000;16d1d8d7-a704-481d-a8d9-19688e401b69;416.7;6.658;SELL
2016-02-18T00:14:26.987000;2016-02-18T00:14:27.010000;7e94377f-817d-4ede-8c50-7a106d7961c5;416.7;5.664;SELL
2016-02-18T00:14:32.363000;2016-02-18T00:14:32.387000;f29040ca-76a2-49a9-9c46-b0bf723bc3a6;416.7;5.183;SELL
2016-02-18T00:14:32.927000;2016-02-18T00:14:32.963000;241b69a7-7c40-4cc9-80f3-c77b498d0c32;416.71;0.11999;BUY
2016-02-18T00:14:37.267000;2016-02-18T00:14:37.293000;356915af-0821-438c-a1e7-383d7e76b110;416.7;0.5;SELL
2016-02-18T00:14:41.740000;2016-02-18T00:14:41.777000;a91ddc3f-0c20-4287-ad5d-2bd685768f48;416.7;0.795;SELL
2016-02-18T00:14:41.740000;2016-02-18T00:14:41.777000;c4aa3fd6-d1f8-4f73-8439-4242341cc930;416.7;0.33208799;SELL
2016-02-18T00:14:41.740000;2016-02-18T00:14:41.793000;2014f4bd-6ee2-4219-9dc0-1adebdfe6c4b;416.7;0.3189683;SELL
2016-02-18T00:14:41.740000;2016-02-18T00:14:41.793000;f050758e-fbc8-4b31-aef1-19327d860b4f;416.7;0.431238;SELL
2016-02-18T00:14:41.740000;2016-02-18T00:14:41.793000;2e4672ce-8d2c-46f2-94e1-2b5f3e6c5534;416.7;0.80550968;SELL
2016-02-18T00:14:41.740000;2016-02-18T00:14:41.793000;8842c073-926b-48d8-be24-e96fd53b6b2f;416.7;0.22693859;SELL
2016-02-18T00:14:49.390000;2016-02-18T00:14:49.417000;fda6bac2-4c3b-457f-b17e-fc0809cab925;416.66;0.5;SELL
2016-02-18T00:14:49.390000;2016-02-18T00:14:49.433000;50e0776b-d3d9-4f15-9b31-99668b0f9544;416.66;0.02;SELL
2016-02-18T00:14:49.390000;2016-02-18T00:14:49.433000;8a2bb48d-f813-47d8-a838-336d4fc4885d;416.65;0.01;SELL
2016-02-18T00:14:49.390000;2016-02-18T00:14:49.433000;97313cab-5a08-4b01-bbbe-821c87e17935;416.61;0.02;SELL
2016-02-18T00:14:50.870000;2016-02-18T00:14:50.903000;a5994549-827d-41d1-a2f4-a1a946b84225;416.65;0.622;BUY
2016-02-18T00:14:50.870000;2016-02-18T00:14:50.917000;5fb2ff7b-d2bf-454f-8143-3861d8047531;416.66;5.8;BUY
2016-02-18T00:14:51.270000;2016-02-18T00:14:51.307000;9ddedd56-9b1b-4c30-9928-7246fc1447e5;416.66;5.566;SELL
2016-02-18T00:14:54.507000;2016-02-18T00:14:54.557000;41624004-456a-46e3-b075-67c010c32a57;416.66;0.215719;SELL
2016-02-18T00:14:57.357000;2016-02-18T00:14:57.403000;2b799e4c-a202-4b6e-b592-107192e10ac9;416.66;6.192;SELL
2016-02-18T00:14:58.937000;2016-02-18T00:14:58.963000;6001e5b8-17ee-4712-af13-677a30462024;416.66;0.08423802;SELL
2016-02-18T00:15:08.393000;2016-02-18T00:15:08.417000;49054f08-3dd6-48d8-a6a6-2449a8f80c4a;416.66;6.77004298;SELL
2016-02-18T00:15:08.393000;2016-02-18T00:15:08.433000;d0c632a3-3c34-4e85-9644-18f341a88b0e;416.56;0.02;SELL
2016-02-18T00:15:08.393000;2016-02-18T00:15:08.433000;5bbb80d6-15fc-46c1-b9d7-57ac39d8a49c;416.53;0.48795702;SELL
2016-02-18T00:15:18.913000;2016-02-18T00:15:18.950000;732288d8-958b-4aca-96c9-a142f8441d96;416.54;0.01;SELL
2016-02-18T00:15:20.207000;2016-02-18T00:15:20.230000;63bd335c-ac01-4c82-9a1e-f068eb949c5a;416.54;0.38861;BUY
2016-02-18T00:15:21.170000;2016-02-18T00:15:21.200000;d8539728-725c-4eb2-a99c-a362f259f81d;416.54;5.909;SELL
2016-02-18T00:15:23.097000;2016-02-18T00:15:23.120000;ef2bbff5-c327-4e3e-adfe-c22b83031031;416.54;0.08427257;SELL
2016-02-18T00:15:26.070000;2016-02-18T00:15:26.090000;19010cf6-df76-410c-a485-65818efe3f42;416.55;0.609;BUY
2016-02-18T00:15:26.070000;2016-02-18T00:15:26.103000;2b0b87ea-615a-4d31-b221-61a91adf66b8;416.55;0.2;BUY
2016-02-18T00:15:26.070000;2016-02-18T00:15:26.103000;df3d1fff-c4dc-42ca-beb9-d1b9cbd3dcf4;416.58;1.191;BUY
2016-02-18T00:15:31.887000;2016-02-18T00:15:31.917000;2d6bf507-de9b-4719-99ec-dd0546aa974b;416.54;1.19381;SELL
2016-02-18T00:15:38.200000;2016-02-18T00:15:38.230000;20fc5b68-6a62-4ec3-bda3-0748f0444128;416.54;0.04445165;SELL
2016-02-18T00:15:43.300000;2016-02-18T00:15:43.340000;9a399f02-cea2-45fb-8a92-4376f692b3da;416.54;0.32;SELL
2016-02-18T00:15:49.910000;2016-02-18T00:15:49.933000;a0d9e562-0901-4c86-8216-30ccfc68ac61;416.55;0.17241735;BUY
2016-02-18T00:15:59.030000;2016-02-18T00:15:59.057000;5847a789-759f-4744-b985-15134e6ab3ff;416.54;6.216;SELL
2016-02-18T00:16:00.203000;2016-02-18T00:16:00.247000;2a76619b-ebe4-4147-8c6d-a07aa2fd9e5c;416.55;0.01;BUY
2016-02-18T00:16:01.723000;2016-02-18T00:16:01.760000;beb5ad72-91fa-4b07-8ab1-8d8e3c64ea2f;416.55;0.29;BUY
2016-02-18T00:16:01.723000;2016-02-18T00:16:01.760000;0b267b51-0b72-4f91-a888-b6cbeb2fb1f5;416.55;0.2;BUY
2016-02-18T00:16:01.723000;2016-02-18T00:16:01.760000;0810c178-a6d8-4baa-ab8a-cbb999130755;416.55;0.563;BUY
2016-02-18T00:16:01.723000;2016-02-18T00:16:01.760000;f27a0be4-688e-487c-a1c5-bb7a3e38f621;416.55;0.12235;BUY
2016-02-18T00:16:01.723000;2016-02-18T00:16:01.760000;81295bfd-9281-4ee0-a01a-9ff0d39fceee;416.56;1.20204;BUY
2016-02-18T00:16:19.230000;2016-02-18T00:16:19.260000;103bc848-f6cc-4deb-94b0-44e5b1594bd0;416.54;1.0;SELL
2016-02-18T00:16:27.737000;2016-02-18T00:16:27.760000;f1146108-122a-4e75-88b6-2d95d5a16c34;416.54;0.32;SELL
2016-02-18T00:16:31.717000;2016-02-18T00:16:31.730000;d8c0af94-bfae-4a39-8a7f-f3735221e65a;416.55;0.12044;BUY
2016-02-18T00:17:02.010000;2016-02-18T00:17:02.027000;4593cd27-9852-4bf8-8c71-c69f43500f4b;416.55;0.01149;BUY
2016-02-18T00:17:03.743000;2016-02-18T00:17:03.760000;1df5b56c-1522-4ecb-b957-ae8e8bf89981;416.54;0.32;SELL
2016-02-18T00:17:31.750000;2016-02-18T00:17:31.777000;eaeebec0-7e19-4763-bc4d-6ee4b8772a3a;416.54;0.42822;SELL
2016-02-18T00:17:39.733000;2016-02-18T00:17:39.747000;b1a1596b-7df9-4b86-97e0-2024d959f9c2;416.54;0.32;SELL
2016-02-18T00:18:01.587000;2016-02-18T00:18:01.620000;cea2e242-5b2e-4152-9294-0c43eb8930b9;416.55;0.28851;BUY
2016-02-18T00:18:01.587000;2016-02-18T00:18:01.620000;c56ba37b-87b4-4a5e-9e7f-1921c085c780;416.55;0.9031;BUY
2016-02-18T00:18:15.733000;2016-02-18T00:18:15.760000;31f9d26f-978f-4fb9-b362-343955d79c74;416.54;0.32;SELL
2016-02-18T00:18:40.450000;2016-02-18T00:18:40.480000;2521952b-c92b-4d69-bcc8-65752871b851;416.54;0.53883;SELL
2016-02-18T00:19:41.583000;2016-02-18T00:19:41.607000;337bb7db-77ee-4e73-9324-1293355714c9;416.55;0.03945;BUY
2016-02-18T00:20:02.097000;2016-02-18T00:20:02.167000;72db4254-a3ce-42ca-baea-70e45e6fd941;416.55;0.05745;BUY
2016-02-18T00:20:02.097000;2016-02-18T00:20:02.167000;c79e7c75-a9c5-4451-bd46-9fb44eeed6ed;416.55;0.3;BUY
2016-02-18T00:20:02.097000;2016-02-18T00:20:02.167000;ab3a9d3a-37cd-4e6b-9590-a369543dcb65;416.72;0.01;BUY
2016-02-18T00:20:02.100000;2016-02-18T00:20:02.167000;22410cde-8f6a-4c9f-93c9-0272f1c22531;416.76;0.01;BUY
2016-02-18T00:20:02.100000;2016-02-18T00:20:02.167000;31eb4d57-2593-493a-870b-fa0ca4320988;416.79;0.077;BUY
2016-02-18T00:20:02.100000;2016-02-18T00:20:02.167000;515be438-7dc5-4e76-a86d-99672b319f3c;416.8;0.01;BUY
2016-02-18T00:20:02.100000;2016-02-18T00:20:02.167000;d02eddac-6d23-4460-8b4c-973b068b68cc;416.8;0.01;BUY
2016-02-18T00:20:02.100000;2016-02-18T00:20:02.167000;c964a90d-dd18-4b41-88d6-68db2e0c3310;416.81;0.01;BUY
2016-02-18T00:20:02.100000;2016-02-18T00:20:02.183000;8174c16d-f882-4e67-aa79-72fb9ab35ef7;416.83;0.01;BUY
2016-02-18T00:20:02.100000;2016-02-18T00:20:02.183000;c8bc2a79-83d5-4cd3-aadf-00a68830dd19;416.84;0.01;BUY
2016-02-18T00:20:02.100000;2016-02-18T00:20:02.183000;856f9289-38e4-4e30-9830-3acffec9af77;416.84;0.082;BUY
2016-02-18T00:20:02.100000;2016-02-18T00:20:02.183000;f032c1f0-3cf1-4506-af9a-d9df53161095;416.87;0.01;BUY
2016-02-18T00:20:02.100000;2016-02-18T00:20:02.213000;f5efc9c0-6bf9-42ec-9b3c-26dfed880ea9;416.89;0.01;BUY
2016-02-18T00:20:02.100000;2016-02-18T00:20:02.213000;6a4ed27d-8ac1-4fc0-b499-e53f7fcf704c;416.89;0.02513;BUY
2016-02-18T00:20:40.463000;2016-02-18T00:20:40.497000;b1fa3477-e71a-4660-9a09-5b2a02a36a91;416.9;0.01;BUY
2016-02-18T00:20:40.463000;2016-02-18T00:20:40.497000;3cd8970e-52cc-408a-ac4a-97a0a8eb7c39;416.9;0.01;BUY
2016-02-18T00:20:40.463000;2016-02-18T00:20:40.497000;94379412-c37d-40f8-b020-d0029b06dea3;416.9;0.01;BUY
2016-02-18T00:20:40.463000;2016-02-18T00:20:40.497000;c00ae192-4f94-405b-ab3b-17dcfb8b69c3;416.9;0.1;BUY
2016-02-18T00:20:40.463000;2016-02-18T00:20:40.510000;f9741ce4-0459-4eb5-b557-f3c8723b3d03;416.91;0.02;BUY
2016-02-18T00:20:40.463000;2016-02-18T00:20:40.510000;9712a726-86eb-4810-bd6f-24d7a8ee52c4;416.95;0.126;BUY
2016-02-18T00:20:40.463000;2016-02-18T00:20:40.510000;ef194db6-3db3-413b-8d13-8ae895eb9a58;416.98;0.129;BUY
2016-02-18T00:20:40.463000;2016-02-18T00:20:40.510000;2e157b37-e63f-4007-9c5d-8254e55eefd2;417.0;0.01;BUY
2016-02-18T00:20:40.463000;2016-02-18T00:20:40.510000;0bf51444-dc13-4183-ae26-9c7e52069ded;417.0;0.126;BUY
2016-02-18T00:20:40.463000;2016-02-18T00:20:40.510000;1c7d3bb8-9c70-4661-b3d0-eb88259f516e;417.02;0.5;BUY
2016-02-18T00:20:40.463000;2016-02-18T00:20:40.527000;47534805-2d39-4b20-8be7-c85a88095b9b;417.03;0.095;BUY
2016-02-18T00:20:40.463000;2016-02-18T00:20:40.527000;53a5d58a-4812-4d3e-99ed-34c924875079;417.08;0.107;BUY
2016-02-18T00:20:40.467000;2016-02-18T00:20:40.527000;ef37d2c8-850f-4190-8175-7bbae9fb5516;417.1;0.01141982;BUY
2016-02-18T00:20:40.467000;2016-02-18T00:20:40.527000;82954798-b4df-4b11-bcbb-59cd3279de77;417.11;0.02;BUY
2016-02-18T00:20:40.467000;2016-02-18T00:20:40.543000;8b8efbfe-50bf-40dc-8da4-256705fde319;417.13;0.1;BUY
2016-02-18T00:20:40.467000;2016-02-18T00:20:40.543000;0a5d42fd-619a-4e90-bbd6-220b568d845a;417.17;0.02;BUY
2016-02-18T00:20:40.467000;2016-02-18T00:20:40.543000;7184e6fc-27fa-4d1b-9cdc-95214deecbd7;417.18;0.094;BUY
2016-02-18T00:20:40.467000;2016-02-18T00:20:40.543000;c21930ab-b60b-474c-89a7-b76f30e70abf;417.21;0.01025;BUY
2016-02-18T00:20:40.467000;2016-02-18T00:20:40.543000;83c38c12-4189-4ccd-ad43-87d5fec2de9d;417.23;0.088;BUY
2016-02-18T00:20:40.467000;2016-02-18T00:20:40.543000;02108d80-e624-4981-a0e8-01a44485cb16;417.28;0.128;BUY
2016-02-18T00:20:40.467000;2016-02-18T00:20:40.543000;ce1345cc-cc2e-459a-955b-f7ac6c7c0391;417.29;0.075;BUY
2016-02-18T00:20:40.467000;2016-02-18T00:20:40.543000;4e1f17d8-1b33-47a0-b454-b36b07ee9121;417.31;0.02;BUY
2016-02-18T00:20:40.467000;2016-02-18T00:20:40.543000;cae87a7b-4d64-43bf-8781-28e590c13ba2;417.31;0.01139626;BUY
2016-02-18T00:20:40.467000;2016-02-18T00:20:40.543000;744656ee-b165-4187-a581-a646e301f2f5;417.33;0.11010392;BUY
2016-02-18T00:20:42.680000;2016-02-18T00:20:42.700000;bc132793-599f-40ee-bcde-06d1e748ccbd;417.03;0.05586551;BUY
2016-02-18T00:20:51.527000;2016-02-18T00:20:51.543000;85c37fcc-118d-4f4b-a08b-7b13c35b2d5f;417.03;0.434;BUY
2016-02-18T00:20:51.527000;2016-02-18T00:20:51.543000;874b774e-c997-4e12-9fe4-810bd2154451;417.08;0.434;BUY
2016-02-18T00:20:51.527000;2016-02-18T00:20:51.573000;c597e5ac-b50f-4b18-931a-49c58fe2151f;417.13;0.34457344;BUY
2016-02-18T00:21:01.783000;2016-02-18T00:21:01.807000;0a02ebef-01cc-4f82-908b-8c3a6b3d7bc7;417.09;0.01;SELL
2016-02-18T00:21:01.783000;2016-02-18T00:21:01.807000;00049a46-b8a0-404b-b47b-c0222d56cd3c;417.01;0.02;SELL
2016-02-18T00:21:01.783000;2016-02-18T00:21:01.823000;ead2ebd0-77ae-4fdf-8fe4-ffaf90ad2d57;417.0;0.0125;SELL
2016-02-18T00:21:01.783000;2016-02-18T00:21:01.823000;1be535a3-80f8-4460-8507-8af9fec41c66;416.99;0.01;SELL
2016-02-18T00:21:01.783000;2016-02-18T00:21:01.823000;ec33ab1a-dda1-4ea9-adeb-4ac1938b3f9d;416.97;0.2;SELL
2016-02-18T00:21:01.783000;2016-02-18T00:21:01.823000;e967d45f-b28d-4bbf-8f96-22277515adbc;416.96;0.02;SELL
2016-02-18T00:21:01.783000;2016-02-18T00:21:01.823000;2cc0b1f3-5fcd-4b0d-b05b-dbdcc2629cbe;416.96;0.2;SELL
2016-02-18T00:21:01.783000;2016-02-18T00:21:01.823000;a92f46c4-8c3d-4695-b765-078b17bee31d;416.95;0.38;SELL
2016-02-18T00:21:01.783000;2016-02-18T00:21:01.823000;2f2a7ff6-7f37-4b65-8149-fedaa799ab65;416.94;0.01;SELL
2016-02-18T00:21:01.783000;2016-02-18T00:21:01.823000;7059c22c-0e88-4a76-a8d2-f20426f06b01;416.91;0.02;SELL
2016-02-18T00:21:01.783000;2016-02-18T00:21:01.823000;a354d3a1-e73c-42bd-970c-58b1686076a5;416.91;0.02;SELL
2016-02-18T00:21:01.783000;2016-02-18T00:21:01.840000;39ea31f3-3875-442f-8cc9-3c28f6f14652;416.89;0.01;SELL
2016-02-18T00:21:01.787000;2016-02-18T00:21:01.840000;591fd8dd-d7c3-4ac4-9048-41de336efb0f;416.87;0.6;SELL
2016-02-18T00:21:01.787000;2016-02-18T00:21:01.840000;657c5574-9ebd-4076-8175-e391cf67db9e;416.86;0.02;SELL
2016-02-18T00:21:01.787000;2016-02-18T00:21:01.840000;233b2126-8297-4495-9fc7-925f6a29eb8e;416.82;1.4;SELL
2016-02-18T00:21:01.787000;2016-02-18T00:21:01.840000;b95f64f3-cf5c-4caf-b96d-308cc3caa7cf;416.81;0.02;SELL
2016-02-18T00:21:01.787000;2016-02-18T00:21:01.840000;9eb3bd12-8b10-4a81-8f47-7f24281fa083;416.81;1.5694;SELL
2016-02-18T00:21:31.840000;2016-02-18T00:21:31.857000;a38a5272-1c41-4d29-b2c6-185baa0aea1d;417.19;0.02;BUY
2016-02-18T00:21:31.840000;2016-02-18T00:21:31.870000;06128007-ccb0-4903-a52a-37da920255e6;417.19;0.107;BUY
2016-02-18T00:21:31.840000;2016-02-18T00:21:31.870000;dc053917-c063-42fb-8a4b-b81c67f4375f;417.2;0.01;BUY
2016-02-18T00:21:31.840000;2016-02-18T00:21:31.870000;0a63fc4b-af2e-48b0-bef2-60023a6485ad;417.24;0.113;BUY
2016-02-18T00:21:31.840000;2016-02-18T00:21:31.903000;20a26b4f-411b-4711-904b-72e8d947f691;417.27;0.01;BUY
2016-02-18T00:21:31.840000;2016-02-18T00:21:31.903000;29251c29-98af-45d4-8d16-cfa01ef2e6ea;417.28;0.06;BUY
2016-02-18T00:21:31.840000;2016-02-18T00:21:31.903000;0d2e7919-a3f5-49b0-bc71-8e8738877847;417.29;0.097;BUY
2016-02-18T00:21:31.840000;2016-02-18T00:21:31.903000;7e7101a3-dd4e-4cce-a852-1c5e5117fd98;417.31;0.02;BUY
2016-02-18T00:21:31.840000;2016-02-18T00:21:31.903000;1085a0f6-89f8-4881-ba80-c01d08338d6b;417.34;0.085;BUY
2016-02-18T00:21:31.843000;2016-02-18T00:21:31.903000;7a7f9a16-bd82-46eb-ad13-ad1bee03cbb5;417.37;0.125;BUY
2016-02-18T00:21:31.843000;2016-02-18T00:21:31.903000;bea444c8-a10d-4453-9f5a-d8a2799d9c81;417.39;0.1441;BUY
2016-02-18T00:21:31.843000;2016-02-18T00:21:31.903000;565a96b4-99f4-461a-8342-1701adcf60fe;417.39;0.102;BUY
2016-02-18T00:21:31.843000;2016-02-18T00:21:31.903000;8975fa2e-e211-43bb-829c-31630c5062e5;417.43;1.0;BUY
2016-02-18T00:21:31.843000;2016-02-18T00:21:31.903000;1533db63-9980-4611-8212-c5e168c7ce2b;417.44;0.084;BUY
2016-02-18T00:21:31.843000;2016-02-18T00:21:31.903000;ac53bf63-e21b-4367-9db0-f9d995984dad;417.44;1.2;BUY
2016-02-18T00:21:31.843000;2016-02-18T00:21:31.917000;6eea04b3-9206-4ac3-bec1-48fbdef6d8d0;417.45;3.175;BUY
2016-02-18T00:21:31.843000;2016-02-18T00:21:31.917000;9dbbdc90-27ba-428b-a9e0-4670bc2af0b6;417.49;0.0659;BUY
2016-02-18T00:21:36.700000;2016-02-18T00:21:36.713000;2b64826e-3d0f-4e3f-9d5d-aa02ec419ecf;417.18;0.01;SELL
2016-02-18T00:21:36.700000;2016-02-18T00:21:36.747000;f8df170a-a974-401c-8df4-d06639d62bb5;417.18;0.025663;SELL
2016-02-18T00:22:02.247000;2016-02-18T00:22:02.340000;271ac2cd-5004-4972-b6a7-850addd21aed;417.32;0.8;SELL
2016-02-18T00:22:02.250000;2016-02-18T00:22:02.357000;fb268471-cf84-42fa-a377-0454e5b9a3f1;417.31;0.01;SELL
2016-02-18T00:22:02.250000;2016-02-18T00:22:02.357000;d60083b1-7c10-469d-968e-2fc52f2d1450;417.26;0.217;SELL
2016-02-18T00:22:02.250000;2016-02-18T00:22:02.357000;ba3db015-8abd-44e8-9953-b2903c79705c;417.25;0.01834;SELL
2016-02-18T00:22:31.927000;2016-02-18T00:22:31.933000;7de78b61-c1aa-444d-a7ef-2b9d081efcae;417.46;0.01;BUY
2016-02-18T00:22:31.927000;2016-02-18T00:22:31.950000;24570f06-d8a7-4c2a-beea-9f15699fa89d;417.46;0.113;BUY
2016-02-18T00:22:31.927000;2016-02-18T00:22:31.950000;2a0dce1e-bc04-42fd-80a0-246f40aab90d;417.48;0.01;BUY
2016-02-18T00:22:31.927000;2016-02-18T00:22:31.950000;1457e4ea-626f-43e4-bd62-1463563bf6cb;417.5;0.01139626;BUY
2016-02-18T00:22:31.927000;2016-02-18T00:22:31.950000;df875f8c-7371-451f-a733-8197dccdc614;417.5;0.26984933;BUY
2016-02-18T00:22:31.927000;2016-02-18T00:22:31.950000;546493aa-75b3-4b7f-80ea-7eb4bda2d569;417.5;0.01;BUY
2016-02-18T00:22:31.927000;2016-02-18T00:22:31.980000;d6c4900c-b071-483a-8fac-0fd8ab15a2f1;417.51;0.02;BUY
2016-02-18T00:22:31.930000;2016-02-18T00:22:31.997000;6e269641-48a3-446e-ba87-304a77c68618;417.51;0.13;BUY
2016-02-18T00:22:31.930000;2016-02-18T00:22:31.997000;138eb5af-5448-40ed-8af0-00f704f0c1bf;417.56;0.01;BUY
2016-02-18T00:22:31.930000;2016-02-18T00:22:31.997000;7f9e1c20-810a-4305-b2e6-bbbce920604f;417.56;0.02;BUY
2016-02-18T00:22:31.930000;2016-02-18T00:22:31.997000;52a6338a-0d4e-462c-87e7-57f548b0aab2;417.56;0.099;BUY
2016-02-18T00:22:31.930000;2016-02-18T00:22:31.997000;e63b1cb0-f71f-4cf1-8666-250882817573;417.57;0.01;BUY
2016-02-18T00:22:31.930000;2016-02-18T00:22:31.997000;573e18d7-862a-45be-8d4a-4795b84a5301;417.57;0.32;BUY
2016-02-18T00:22:31.930000;2016-02-18T00:22:31.997000;ca1e1c04-8fc0-4922-934d-e5c21090d744;417.58;0.01;BUY
2016-02-18T00:22:31.930000;2016-02-18T00:22:31.997000;4ca049f4-2213-4c8f-9e38-f1205714af36;417.59;0.01;BUY
2016-02-18T00:22:31.930000;2016-02-18T00:22:31.997000;abe1f625-605b-402b-8dd3-8c9165a828d0;417.59;0.01;BUY
2016-02-18T00:22:31.930000;2016-02-18T00:22:31.997000;1cde9766-e4cb-4a77-8736-39614669a5de;417.6;0.02;BUY
2016-02-18T00:22:31.930000;2016-02-18T00:22:31.997000;4f47c972-3105-4106-9432-5caad644e2bf;417.61;0.01;BUY
2016-02-18T00:22:31.933000;2016-02-18T00:22:32.043000;8e779b09-f80d-4a2e-ab0b-363bc88e40b4;417.61;0.01;BUY
2016-02-18T00:22:31.933000;2016-02-18T00:22:32.043000;6b79bba5-9f49-4c18-ba80-e4ae3a611739;417.61;0.02;BUY
2016-02-18T00:22:31.933000;2016-02-18T00:22:32.043000;648e403e-6b84-4091-8aa5-7a2dc4ba8093;417.61;0.102;BUY
2016-02-18T00:22:31.933000;2016-02-18T00:22:32.043000;deb2d29f-3678-4611-9fd7-2e07cb082f2c;417.61;0.66;BUY
2016-02-18T00:22:31.933000;2016-02-18T00:22:32.043000;7493a529-18a9-4659-a1ca-5a4eb8dd668a;417.61;0.2916;BUY
2016-02-18T00:22:31.933000;2016-02-18T00:22:32.043000;3bcaf60b-0c76-442a-a488-fc33425fdf13;417.64;0.075;BUY
2016-02-18T00:22:31.933000;2016-02-18T00:22:32.043000;b2b6504f-0ec2-4888-ad96-fc678d162f1d;417.65;0.01;BUY
2016-02-18T00:22:31.933000;2016-02-18T00:22:32.043000;a9a2dd2c-4ed5-474e-b92f-1aa86c4f23ed;417.66;0.02;BUY
2016-02-18T00:22:31.933000;2016-02-18T00:22:32.043000;63a9f439-da38-484d-9ce1-f1c8586729c0;417.66;0.10047441;BUY
2016-02-18T00:23:02.720000;2016-02-18T00:23:02.730000;71ee5752-b19e-472b-b52b-a4648d188a28;417.61;0.087;BUY
2016-02-18T00:23:02.720000;2016-02-18T00:23:02.730000;4e59d508-4207-4401-9c9e-ca6c0d1bd649;417.63;0.0142;BUY
2016-02-18T00:24:02.597000;2016-02-18T00:24:02.607000;f35647d8-6a97-4491-a81f-151113d4941d;417.61;0.18956;BUY
2016-02-18T00:24:19.140000;2016-02-18T00:24:19.153000;5ee89347-dddf-46d2-9f76-281e035f00c7;417.61;0.167;BUY
2016-02-18T00:24:19.143000;2016-02-18T00:24:19.153000;8ee62901-f723-4125-a15f-5092fcfea05e;417.62;0.32;BUY
2016-02-18T00:24:19.143000;2016-02-18T00:24:19.153000;d8a3c4dd-be25-4805-86bd-fc7453759a8a;417.63;2.6758;BUY
2016-02-18T00:24:23.583000;2016-02-18T00:24:23.590000;be1a5153-ae5e-49fe-b5d7-9e1157597775;417.63;0.20749907;BUY
2016-02-18T00:24:30.703000;2016-02-18T00:24:30.713000;5f9ed887-f3da-47e3-a064-3278f530dce9;417.63;0.32;BUY
2016-02-18T00:24:30.703000;2016-02-18T00:24:30.713000;8df1808b-3212-41cb-8ab8-cb58fbe9d7ed;417.63;0.332;BUY
2016-02-18T00:24:30.703000;2016-02-18T00:24:30.713000;ee9aa745-da1b-48b2-93a2-21b052157ccf;417.64;2.809;BUY
2016-02-18T00:24:31.650000;2016-02-18T00:24:31.653000;d25a62fd-0cf4-46dc-b9ae-e815dbd209a2;417.7;0.0113998;BUY
2016-02-18T00:24:31.650000;2016-02-18T00:24:31.653000;1e56b763-ab3a-4844-b1ab-70d3d2923ed3;417.7;0.182;BUY
2016-02-18T00:24:31.650000;2016-02-18T00:24:31.667000;2d345b8f-697b-404c-bfd4-c41efad25da9;417.71;0.02;BUY
2016-02-18T00:24:31.650000;2016-02-18T00:24:31.667000;9d6cb310-50c1-4c05-b817-90cf797a8464;417.71;0.332;BUY
2016-02-18T00:24:31.650000;2016-02-18T00:24:31.667000;6d70c00f-1f72-48cd-acd7-4ed3c1ae384d;417.73;0.01;BUY
2016-02-18T00:24:31.650000;2016-02-18T00:24:31.667000;8541c85e-31b4-45b3-9683-e30b8fa6c1be;417.74;0.2;BUY
2016-02-18T00:24:31.650000;2016-02-18T00:24:31.667000;f9b7abcf-c1de-4a45-b930-ab1df38fa896;417.75;0.248;BUY
2016-02-18T00:24:31.650000;2016-02-18T00:24:31.683000;b4ad328d-3833-4dc8-a32d-cba9492b424b;417.76;0.379;BUY
2016-02-18T00:24:31.650000;2016-02-18T00:24:31.683000;2f8a0095-9fe4-437b-923e-350ddc86b13b;417.79;0.4676202;BUY
2016-02-18T00:24:48.300000;2016-02-18T00:24:48.293000;ba6a24a9-39c1-43ba-bbbd-17ad57ceb900;417.62;0.59952604;BUY
2016-02-18T00:24:54.197000;2016-02-18T00:24:54.200000;741dfbc8-63f5-4a44-ab49-bec44010d9dd;417.61;0.01;SELL
2016-02-18T00:24:54.197000;2016-02-18T00:24:54.213000;a780f802-5a61-4bad-a598-1ad50aa088b7;417.61;0.11107161;SELL
2016-02-18T00:24:54.197000;2016-02-18T00:24:54.213000;a3333c11-5dc7-4d2e-8e2d-ce3e8c5d7273;417.61;0.19892839;SELL
2016-02-18T00:24:58.873000;2016-02-18T00:24:58.870000;07fa02bc-700e-46df-8478-af096580bfef;417.62;0.00136147;BUY
2016-02-18T00:25:02.167000;2016-02-18T00:25:02.167000;d4f9a323-7f29-49e0-8cf1-c085fedcb8f2;417.62;0.98533;BUY
2016-02-18T00:25:31.547000;2016-02-18T00:25:31.543000;8e10610c-7aa7-446d-81a8-d224a228296a;417.62;0.3722;BUY
2016-02-18T00:25:36.857000;2016-02-18T00:25:36.887000;0fd71e0d-17d6-4e91-8ae8-e9ab2b2c4111;417.61;0.07775887;SELL
2016-02-18T00:25:36.857000;2016-02-18T00:25:36.903000;8353fe58-565a-4802-b34f-67da8e547a6b;417.61;0.24224113;SELL
2016-02-18T00:25:39.510000;2016-02-18T00:25:39.510000;28d4daa9-c7c5-4a51-8b7c-52778e9883d7;417.61;0.32;SELL
2016-02-18T00:25:46.507000;2016-02-18T00:25:46.497000;2524d72a-02fd-4917-a1fc-71a03138bbd9;417.61;0.32;SELL
2016-02-18T00:26:02.963000;2016-02-18T00:26:02.963000;b166c625-dec8-4890-b3f6-3577bdae8be4;417.62;0.35601;BUY
2016-02-18T00:26:21.820000;2016-02-18T00:26:21.810000;bdd6c60f-a562-4df6-8c2f-a26b8400c4fe;417.61;0.2;SELL
2016-02-18T00:26:34.207000;2016-02-18T00:26:34.200000;af76a12e-a62f-4356-be78-335574d5ee38;417.61;0.3761;SELL
2016-02-18T00:27:31.820000;2016-02-18T00:27:31.857000;d6f57a53-2958-450b-93c4-73321fc25e41;417.61;0.24053;SELL
2016-02-18T00:28:02.030000;2016-02-18T00:28:02.077000;16481c71-a541-48b6-9811-d4f880dc25ff;417.62;0.02499;BUY
2016-02-18T00:28:23.753000;2016-02-18T00:28:23.793000;390ddc5f-7956-41d6-935c-f2f73d9bf727;417.62;0.43758249;BUY
2016-02-18T00:28:23.753000;2016-02-18T00:28:23.810000;3805502e-56f8-4e80-8ffe-9b3de6acf3a0;417.62;0.06241751;BUY
2016-02-18T00:28:51.467000;2016-02-18T00:28:51.513000;4e237c20-98b1-41d1-bb94-f32630280271;417.62;0.3;BUY
2016-02-18T00:28:51.467000;2016-02-18T00:28:51.513000;0cd213e5-20b9-4a02-8987-87332e6d9fb5;417.62;0.09779627;BUY
2016-02-18T00:29:02.147000;2016-02-18T00:29:02.187000;e2306567-8bbb-498e-9cd6-b866994be3a7;417.62;0.248;BUY
2016-02-18T00:29:02.147000;2016-02-18T00:29:02.200000;57e4eaab-51ac-4437-93ab-6cba03474d03;417.63;0.2;BUY
2016-02-18T00:29:02.147000;2016-02-18T00:29:02.200000;872c7c6c-e2cd-43d4-8c80-46d066431a69;417.63;0.26609;BUY
2016-02-18T00:29:31.643000;2016-02-18T00:29:31.687000;86b5b9c2-058f-4e49-90e5-f7c1100452fd;417.61;6.208;SELL
2016-02-18T00:29:31.970000;2016-02-18T00:29:32.013000;6c37e088-b530-48da-bb91-a6b2e93e35e3;417.61;0.02;SELL
2016-02-18T00:29:33.553000;2016-02-18T00:29:33.590000;bb0b99c5-1e5d-476c-8f80-2de71fcb0b69;417.62;0.237;BUY
2016-02-18T00:29:33.557000;2016-02-18T00:29:33.590000;c5e833fc-ee10-458d-b518-791bc8d04640;417.62;0.17;BUY
2016-02-18T00:29:33.557000;2016-02-18T00:29:33.590000;648b6a77-ece1-4fd5-9e35-1eb4892ed2ef;417.63;2.04392;BUY
2016-02-18T00:29:35.873000;2016-02-18T00:29:35.920000;0cbf137f-1de6-4f05-a39e-b18a174fe8b1;417.61;5.283;SELL
2016-02-18T00:29:38.053000;2016-02-18T00:29:38.090000;56411a00-ccb4-47b7-8d14-e188d2b531d9;417.61;5.864;SELL
2016-02-18T00:29:40.260000;2016-02-18T00:29:40.293000;84c99d8f-3ef1-4c2b-a65b-4a7ed589ae26;417.61;7.124;SELL
2016-02-18T00:29:41.110000;2016-02-18T00:29:41.153000;a453d989-bb9b-4deb-bfb7-3e1921703e26;417.61;0.01998;SELL
2016-02-18T00:29:42.430000;2016-02-18T00:29:42.483000;b528e412-4625-4726-8bdb-9ed003ad0270;417.61;0.03214887;SELL
2016-02-18T00:29:42.430000;2016-02-18T00:29:42.483000;71add24e-507f-445f-bceb-8fe6c3534fa5;417.61;0.44428647;SELL
2016-02-18T00:29:42.430000;2016-02-18T00:29:42.483000;f6205e89-a8c2-46b7-9f94-f77f7a0d2612;417.61;1.32723668;SELL
2016-02-18T00:29:42.430000;2016-02-18T00:29:42.497000;dca5a533-bbd7-4c9e-81dc-116bb346dbdc;417.61;0.8;SELL
2016-02-18T00:29:42.430000;2016-02-18T00:29:42.497000;9061e07b-1103-47da-8793-abec27e60754;417.61;0.2364526;SELL
2016-02-18T00:29:44.593000;2016-02-18T00:29:44.637000;c22dea77-ab5f-47c8-8a06-12f97b775856;417.6;0.01;SELL
2016-02-18T00:29:44.593000;2016-02-18T00:29:44.637000;43d2ae6b-20e9-4930-8ecb-838c263d8056;417.6;0.0125;SELL
2016-02-18T00:29:44.593000;2016-02-18T00:29:44.653000;2e321e57-ca44-4480-84ed-c8a20a775ff6;417.6;0.04645655;SELL
2016-02-18T00:29:44.593000;2016-02-18T00:29:44.653000;b77304de-3fb2-4c8b-a84f-ec364fc914a8;417.59;0.01;SELL
2016-02-18T00:29:44.593000;2016-02-18T00:29:44.653000;23374f02-b6e2-44b7-b8ea-6710b5d9b68c;417.58;0.01;SELL
2016-02-18T00:29:44.593000;2016-02-18T00:29:44.653000;ed71e266-287d-4a01-a1a1-83832e0799c3;417.56;0.02;SELL
2016-02-18T00:29:44.593000;2016-02-18T00:29:44.653000;779b8082-0073-4f17-9a18-6146089d7a89;417.56;0.01;SELL
2016-02-18T00:29:44.593000;2016-02-18T00:29:44.670000;5b846b30-e942-48c6-8f63-73be7bc1f98d;417.51;0.02;SELL
2016-02-18T00:29:44.593000;2016-02-18T00:29:44.670000;6ec9e509-708b-40fc-9f75-0397ec141ecf;417.5;0.01;SELL
2016-02-18T00:29:44.593000;2016-02-18T00:29:44.670000;aa93aebf-9d45-4f53-ae62-36d05e045263;417.46;0.02;SELL
2016-02-18T00:29:44.593000;2016-02-18T00:29:44.670000;bf67c87d-0924-4ebd-aaf4-f4b7948024e3;417.45;0.5;SELL
2016-02-18T00:29:44.593000;2016-02-18T00:29:44.670000;c606942e-0da4-40ec-bdfd-7d9623eeb454;417.41;0.02;SELL
2016-02-18T00:29:44.593000;2016-02-18T00:29:44.670000;a459bb83-ab5e-441f-9100-bf0838a8da78;417.37;0.01;SELL
2016-02-18T00:29:44.597000;2016-02-18T00:29:44.670000;2537cbed-57d8-43c0-b633-ad85ebf149c3;417.36;0.02;SELL
2016-02-18T00:29:44.597000;2016-02-18T00:29:44.670000;13cea365-a2f1-41c5-8055-9b937164070c;417.34;0.01;SELL
2016-02-18T00:29:44.597000;2016-02-18T00:29:44.670000;aefb460a-fa02-4e14-ae9d-17425ef00da1;417.33;0.01;SELL
2016-02-18T00:29:44.597000;2016-02-18T00:29:44.670000;c6edf12f-5b72-4df4-a32e-a2ad02778349;417.31;0.02;SELL
2016-02-18T00:29:44.597000;2016-02-18T00:29:44.670000;00f03e8e-c413-45ee-8d05-a2b36968ff23;417.31;0.02;SELL
2016-02-18T00:29:50.123000;2016-02-18T00:29:50.170000;1cb94f29-9ed5-448f-af83-e9aeb80b50fd;417.31;0.01;SELL
2016-02-18T00:29:50.123000;2016-02-18T00:29:50.170000;a7337ad0-3cfb-4ef3-8779-c86646356d04;417.3;0.01;SELL
2016-02-18T00:29:50.123000;2016-02-18T00:29:50.170000;ed2b3572-5ce2-4029-81b6-cfede82908e8;417.27;0.01;SELL
2016-02-18T00:29:50.123000;2016-02-18T00:29:50.170000;6c8fd2d0-a647-4f5e-a1b0-aebf1ba1506f;417.26;0.02;SELL
2016-02-18T00:29:50.123000;2016-02-18T00:29:50.170000;b23e0a06-b236-4921-8d5b-dd34793875c8;417.21;0.02;SELL
2016-02-18T00:29:50.123000;2016-02-18T00:29:50.170000;ee1619d8-5d5b-4d3d-872a-10d59d0e640f;417.2;0.01141039;SELL
2016-02-18T00:29:50.123000;2016-02-18T00:29:50.200000;1a9c8c16-b8c8-4309-b6dd-13db58a67530;417.17;0.2917;SELL
2016-02-18T00:29:50.123000;2016-02-18T00:29:50.200000;4486a01a-5ce1-44a5-9c95-fbda9b9a87b3;417.16;0.02;SELL
2016-02-18T00:29:50.123000;2016-02-18T00:29:50.200000;2b958cc9-ef09-45c9-93c6-b6afc97c6dae;417.11;0.02;SELL
2016-02-18T00:29:50.123000;2016-02-18T00:29:50.200000;9a53250a-4af3-456c-aa46-fdecaef67c32;417.11;0.02;SELL
2016-02-18T00:29:50.123000;2016-02-18T00:29:50.200000;62dc4a4e-bf50-4f32-b866-3f234b43558f;417.11;0.01;SELL
2016-02-18T00:29:50.123000;2016-02-18T00:29:50.200000;c0f89c71-e483-4a86-a08d-ccd674c7aac7;417.1;0.01;SELL
2016-02-18T00:29:50.123000;2016-02-18T00:29:50.200000;f31f0334-bcf2-44da-96ae-75f829672ee7;417.06;0.02;SELL
2016-02-18T00:29:50.123000;2016-02-18T00:29:50.200000;93de9b01-ffae-454c-ab2a-418ac552ed0e;417.04;0.01;SELL
2016-02-18T00:29:50.123000;2016-02-18T00:29:50.200000;9555c01c-d169-405c-974c-e1de04b7df40;417.01;0.01;SELL
2016-02-18T00:29:50.123000;2016-02-18T00:29:50.200000;d5baa5d7-064f-430a-99c0-19a3a27d51a5;417.0;0.00688961;SELL
2016-02-18T00:29:50.277000;2016-02-18T00:29:50.327000;ae5a4744-f3ef-4012-a31d-402949df392d;417.0;0.00452078;SELL
2016-02-18T00:29:50.277000;2016-02-18T00:29:50.327000;eab1ae8d-7b11-46d8-8ae0-c82eae1e8b01;416.97;0.01541922;SELL
2016-02-18T00:30:02.217000;2016-02-18T00:30:02.247000;0f810cb5-9137-471d-81b4-3c83873bce31;417.31;0.238;BUY
2016-02-18T00:30:02.217000;2016-02-18T00:30:02.280000;f8d3c252-129e-40ac-8cc6-25f1900c294e;417.32;0.8374;BUY
2016-02-18T00:30:36.893000;2016-02-18T00:30:36.937000;fb20f55f-7cef-4dce-813f-651801f3eefb;417.3;0.01;SELL
2016-02-18T00:30:36.893000;2016-02-18T00:30:36.937000;7ff08d15-c626-4294-92fb-f2bc16dbce3a;417.3;0.1287;SELL
2016-02-18T00:30:43.860000;2016-02-18T00:30:43.887000;33bd59c7-57fe-4a15-96dc-733405c202a3;417.3;0.01;SELL
2016-02-18T00:30:55.630000;2016-02-18T00:30:55.670000;59794a01-3583-4a2b-a909-9353ca85fc69;417.3;0.09073798;SELL
2016-02-18T00:30:55.633000;2016-02-18T00:30:55.687000;a3259b04-af31-42ff-9fe9-c933e0c4997c;417.3;24.90926202;SELL
2016-02-18T00:31:02.370000;2016-02-18T00:31:02.420000;c7f2c3aa-5d94-4a4f-8278-896b1bfc2466;417.31;0.216;BUY
2016-02-18T00:31:02.370000;2016-02-18T00:31:02.420000;f637e7c8-4433-45d5-9e85-510625a50dda;417.32;0.97406;BUY
2016-02-18T00:31:15.933000;2016-02-18T00:31:15.967000;4c7dce60-d9ac-437b-8c45-87bb66f20f52;417.3;0.01;SELL
2016-02-18T00:31:32.017000;2016-02-18T00:31:32.043000;2e229cc5-42a0-4e02-89b8-f11ef62a2836;417.31;0.197;BUY
2016-02-18T00:31:32.017000;2016-02-18T00:31:32.060000;5c0e9277-0d4b-4d84-a7f5-0374a99ec01b;417.31;0.2917;BUY
2016-02-18T00:31:32.017000;2016-02-18T00:31:32.060000;69883e48-7e51-4b80-8e01-da462c8bc2b5;417.31;1.53622;BUY
2016-02-18T00:31:34.540000;2016-02-18T00:31:34.577000;2eec1eaf-9659-45fd-a8ff-c20e91775577;417.3;0.58073798;SELL
2016-02-18T00:31:44.157000;2016-02-18T00:31:44.187000;ff33d703-b17b-4f9a-92a1-dff5d9dfa34d;417.21;0.014;BUY
2016-02-18T00:31:44.160000;2016-02-18T00:31:44.217000;878b9668-49ea-4c36-91b8-633a5eda9dfa;417.21;0.02284961;BUY
2016-02-18T00:31:44.163000;2016-02-18T00:31:44.217000;6f03fd76-6c14-4495-b1cd-6f3887ee04eb;417.21;0.023335;BUY
2016-02-18T00:31:44.170000;2016-02-18T00:31:44.217000;12092f50-869b-4761-8529-befa91f59230;417.21;0.11881539;BUY
2016-02-18T00:31:44.170000;2016-02-18T00:31:44.217000;a6b1ae0f-0395-446a-b620-120b73cb93d3;417.21;0.01438703;BUY
2016-02-18T00:32:03.290000;2016-02-18T00:32:03.327000;0f119686-2ac4-43a4-a3dd-2704119db3b3;417.21;0.18561297;BUY
2016-02-18T00:32:03.290000;2016-02-18T00:32:03.340000;e5b73933-ced6-4260-8bbe-72df8c6e823e;417.21;0.145;BUY
2016-02-18T00:32:03.290000;2016-02-18T00:32:03.340000;972ed5e9-397f-4821-a2e8-56ceeeb48f06;417.21;0.83372703;BUY
2016-02-18T00:32:09.130000;2016-02-18T00:32:09.170000;013b2512-c057-4609-9bda-79412f792e34;417.2;0.0113981;SELL
2016-02-18T00:32:09.130000;2016-02-18T00:32:09.170000;b8cca40c-f17b-4c7e-89ea-d5f5e96d7ce7;417.2;2.0686019;SELL
2016-02-18T00:32:36.060000;2016-02-18T00:32:36.090000;7011d9bc-07f1-478f-bf29-78be29e0dc54;417.1;0.09465;BUY
2016-02-18T00:32:40.973000;2016-02-18T00:32:41.013000;53e94ab5-652b-40d6-82f6-4823261135ce;417.09;0.01;SELL
2016-02-18T00:32:40.973000;2016-02-18T00:32:41.030000;f606053c-090d-4ef8-9342-309fa25969b6;417.09;1.20453312;SELL
2016-02-18T00:32:52.017000;2016-02-18T00:32:52.043000;359154b4-affd-411a-9368-eb87c54ec31b;417.09;25.0;SELL
2016-02-18T00:32:54.880000;2016-02-18T00:32:54.903000;1cf02b18-f516-4ae4-b456-d00de0ffda28;417.09;0.29546688;SELL
2016-02-18T00:33:02.590000;2016-02-18T00:33:02.640000;f1ff85ec-c3e4-48b8-9057-e57144853aa9;417.09;0.183;BUY
2016-02-18T00:33:02.590000;2016-02-18T00:33:02.640000;e9f38034-dec0-452f-a808-00f883ef973a;417.09;2.2;BUY
2016-02-18T00:33:02.590000;2016-02-18T00:33:02.640000;e9bec436-a1a4-4fb4-ab3a-efc8287374a7;417.1;0.03604;BUY
2016-02-18T00:33:02.990000;2016-02-18T00:33:03.030000;8fb3948a-d0fa-4897-b1ca-ad031db1ecf4;417.08;0.01;SELL
2016-02-18T00:33:08.007000;2016-02-18T00:33:08.030000;53402209-34f8-4375-9fd9-846c4dc2a25a;417.0;0.01;SELL
2016-02-18T00:33:08.007000;2016-02-18T00:33:08.060000;05a30e60-f767-4343-9e8d-979c501dc3cf;417.0;0.0125;SELL
2016-02-18T00:33:33.977000;2016-02-18T00:33:33.997000;22492a23-82ac-44ba-af54-eb2091fc4a0e;416.96;0.01;SELL
2016-02-18T00:33:33.977000;2016-02-18T00:33:34.030000;245c41cb-6f61-4be3-80dc-ccc0468e6bd4;416.95;0.01;SELL
2016-02-18T00:33:33.977000;2016-02-18T00:33:34.030000;6a49a884-a4fd-4452-abe8-9372124f32e2;416.95;0.16118;SELL
2016-02-18T00:33:54.873000;2016-02-18T00:33:54.903000;ce8142f4-dc0d-4f11-baad-ba4ec6f18c92;416.95;7.225;SELL
2016-02-18T00:34:02.187000;2016-02-18T00:34:02.217000;c3732ba8-f811-47f7-956a-61ece336c6e8;416.96;0.41891;BUY
2016-02-18T00:34:19.430000;2016-02-18T00:34:19.450000;4b49fd78-9265-4533-9cfe-6c0c72c50f88;416.96;17.18109;BUY
2016-02-18T00:34:19.430000;2016-02-18T00:34:19.467000;2c6d8765-3163-4eaa-a9fb-69a7705864a3;416.96;0.39779627;BUY
2016-02-18T00:34:19.430000;2016-02-18T00:34:19.467000;5fe2ef8c-5993-4597-acb7-db93db7bad15;416.96;0.01049578;BUY
2016-02-18T00:34:19.430000;2016-02-18T00:34:19.467000;93247e7c-5dff-4fba-aca3-f689e9199b69;416.96;0.124;BUY
2016-02-18T00:34:19.430000;2016-02-18T00:34:19.467000;81b4c516-3897-4937-b8e0-9c8457064d58;416.97;0.59401297;BUY
2016-02-18T00:34:19.430000;2016-02-18T00:34:19.467000;bd4558e1-c88e-40fd-aa16-ce9c7261193b;416.98;0.167;BUY
2016-02-18T00:34:32.400000;2016-02-18T00:34:32.420000;8da1ba4a-fabf-40a1-b152-7798a9ccf8e0;417.03;0.132;BUY
2016-02-18T00:34:32.400000;2016-02-18T00:34:32.437000;fc2cb306-28e7-49c7-891b-c7188860aec9;417.05;0.2;BUY
2016-02-18T00:34:32.400000;2016-02-18T00:34:32.437000;45490c5d-a570-476b-8db3-94b21a4c326c;417.06;0.55927;BUY
2016-02-18T00:35:00.837000;2016-02-18T00:35:00.873000;42fd8da1-1cfe-4e2d-a32a-56b35f73e5de;417.05;0.033;SELL
2016-02-18T00:35:29.637000;2016-02-18T00:35:29.653000;169d77dd-fca1-4687-9930-7b2136c88457;417.13;0.01;BUY
2016-02-18T00:35:29.637000;2016-02-18T00:35:29.670000;5511dd4c-b0d1-4938-9330-cc07aff6e85c;417.13;2.5;BUY
2016-02-18T00:35:29.637000;2016-02-18T00:35:29.670000;b3a157bc-1b57-479b-9677-af3ed9350816;417.14;0.01;BUY
2016-02-18T00:35:31.647000;2016-02-18T00:35:31.670000;bb1a702e-ad60-4a34-ad4e-7c9cf56be9f3;417.17;0.63112;SELL
2016-02-18T00:35:36.367000;2016-02-18T00:35:36.390000;7e4f7d89-5a9e-4ed6-b9cf-2d9dbc6dcd91;417.2;2.5;SELL
2016-02-18T00:36:01.793000;2016-02-18T00:36:01.810000;ca57f102-8f90-4ffe-844b-4a127c308f57;417.22;0.01;BUY
2016-02-18T00:36:01.793000;2016-02-18T00:36:01.827000;f439568c-6f71-40c4-92eb-ee750e61804f;417.25;0.63661;BUY
2016-02-18T00:36:34.423000;2016-02-18T00:36:34.450000;57e3d0e9-37a3-4222-84d3-15623ccaa4ff;417.25;0.01;BUY
2016-02-18T00:36:34.423000;2016-02-18T00:36:34.467000;34ae9d48-624a-4de2-8fc4-e8550bdb46d0;417.26;0.01;BUY
2016-02-18T00:36:34.423000;2016-02-18T00:36:34.467000;ce793147-8e0c-4a48-bed7-97ff684fd244;417.27;0.01;BUY
2016-02-18T00:36:34.423000;2016-02-18T00:36:34.467000;4638c70a-5454-4f89-8b76-a5b4895e3af8;417.3;0.01;BUY
2016-02-18T00:36:34.423000;2016-02-18T00:36:34.467000;29661d4e-3af1-400d-8ef4-e5079f371309;417.35;0.094;BUY
2016-02-18T00:36:34.427000;2016-02-18T00:36:34.467000;56dd3caa-6507-4805-8a9e-c9a084913f42;417.37;0.01;BUY
2016-02-18T00:36:34.427000;2016-02-18T00:36:34.483000;1b8e0110-f9c4-47a7-88ab-61b7d795b3b1;417.4;0.114;BUY
2016-02-18T00:36:34.427000;2016-02-18T00:36:34.483000;06fd1193-e5af-4ec0-9242-704ed8b2c1e5;417.41;0.147;BUY
2016-02-18T00:36:34.427000;2016-02-18T00:36:34.497000;45d55320-3182-4894-91d7-ef81b2b082d9;417.43;0.033;BUY
2016-02-18T00:36:34.427000;2016-02-18T00:36:34.497000;c55c69c3-e935-4883-8df6-adea5908ed3d;417.44;3.223;BUY
2016-02-18T00:36:34.427000;2016-02-18T00:36:34.497000;3ecbe5e8-e522-4665-bada-df0fffb5edd1;417.44;0.01;BUY
2016-02-18T00:36:34.427000;2016-02-18T00:36:34.497000;5186b2b1-1b72-4e18-8250-63458fd36354;417.46;0.121;BUY
2016-02-18T00:36:34.427000;2016-02-18T00:36:34.497000;a544e46d-4ed2-4f5a-aad1-9f7f68f1fb19;417.48;0.01;BUY
2016-02-18T00:36:34.427000;2016-02-18T00:36:34.497000;f845ef0b-75fe-4723-94b8-305bdabe354f;417.49;0.01;BUY
2016-02-18T00:36:34.427000;2016-02-18T00:36:34.497000;90fba5e2-b12b-4c50-bc2b-279ae76bf769;417.5;0.01;BUY
2016-02-18T00:36:34.427000;2016-02-18T00:36:34.497000;f13afd8b-06e0-42bc-811a-b670b7fffb3b;417.5;0.01;BUY
2016-02-18T00:36:34.427000;2016-02-18T00:36:34.497000;12925451-5d61-4c9c-8605-de182054036c;417.5;0.01;BUY
2016-02-18T00:36:34.427000;2016-02-18T00:36:34.497000;6f946b8a-0465-4b8c-87e5-6a98c6427c2a;417.5;0.167;BUY
2016-02-18T00:36:34.427000;2016-02-18T00:36:34.513000;baf0bff9-eda7-4dc1-a71e-d1681e37f4b8;417.5;0.02;BUY
2016-02-18T00:36:34.427000;2016-02-18T00:36:34.513000;4f64ba3e-fa60-4c94-89d1-69bd4f0284bc;417.51;0.02;BUY
2016-02-18T00:36:34.427000;2016-02-18T00:36:34.513000;b9c890e0-2c49-4423-9ee0-a00de6ff8b9f;417.55;0.149;BUY
2016-02-18T00:36:34.427000;2016-02-18T00:36:34.513000;d67b8068-0c0a-4524-af05-583a4d29a35c;417.59;0.01;BUY
2016-02-18T00:36:34.427000;2016-02-18T00:36:34.513000;7ff1fa79-f970-40ac-8224-2b2072498c01;417.6;0.01;BUY
2016-02-18T00:36:34.427000;2016-02-18T00:36:34.543000;ad21fb28-df8d-456c-967b-4a97b6665da0;417.6;0.153;BUY
2016-02-18T00:36:34.427000;2016-02-18T00:36:34.543000;21da54d7-cd5f-4fe4-b370-7a6cd56c58cd;417.61;0.145;BUY
2016-02-18T00:36:34.427000;2016-02-18T00:36:34.560000;5212288e-fd38-4d1c-8faa-1ce4024c1cee;417.63;0.02899;BUY
2016-02-18T00:36:34.427000;2016-02-18T00:36:34.560000;aa3897c6-d255-4782-937a-b13f4493ca8f;417.65;0.166;BUY
2016-02-18T00:36:34.427000;2016-02-18T00:36:34.560000;3f3a2993-f0ae-41ff-8cd6-9db011831fba;417.66;0.151;BUY
2016-02-18T00:36:34.427000;2016-02-18T00:36:34.560000;2a0766f7-a23b-4176-9b1e-720dfd5c25ca;417.7;0.0113981;BUY
2016-02-18T00:36:34.430000;2016-02-18T00:36:34.560000;51a009e5-68ae-4d87-8c1b-5afe69944c24;417.71;0.02;BUY
2016-02-18T00:36:34.430000;2016-02-18T00:36:34.560000;9309720a-8750-42a6-ade7-45abf4978f84;417.71;0.148;BUY
2016-02-18T00:36:34.430000;2016-02-18T00:36:34.560000;f07a3f27-bb13-4dd2-a5d8-1d0d6502017f;417.74;0.01;BUY
2016-02-18T00:36:34.430000;2016-02-18T00:36:34.560000;83d91fec-beec-4a89-b073-dede1976bae2;417.75;1.3480519;BUY
2016-02-18T00:36:43.147000;2016-02-18T00:36:43.170000;b5e0d199-d862-4d47-ba86-fb088d877e5a;417.45;0.02;BUY
2016-02-18T00:37:03.537000;2016-02-18T00:37:03.543000;a5fb4138-9de2-4b5c-8b71-9071d46b559a;417.44;0.01;SELL
2016-02-18T00:37:03.537000;2016-02-18T00:37:03.560000;1e180f05-635a-4774-b25f-89f6173e6803;417.44;20.14648;SELL
2016-02-18T00:37:30.547000;2016-02-18T00:37:30.560000;10446517-0151-4b61-a774-77031910182a;417.5;4.99;SELL
2016-02-18T00:37:33.023000;2016-02-18T00:37:33.043000;ae945dce-274f-43d6-802d-f49ed8f5af1f;417.52;5.26;BUY
2016-02-18T00:37:33.023000;2016-02-18T00:37:33.043000;6900da47-5d00-48ab-8975-5049dc05c1bd;417.55;0.095;BUY
2016-02-18T00:37:33.023000;2016-02-18T00:37:33.043000;e747060b-b72b-4b79-be1a-c6617a76d72f;417.56;0.01;BUY
2016-02-18T00:37:33.023000;2016-02-18T00:37:33.060000;44919008-416a-4247-933f-d98fdfc20057;417.6;0.093;BUY
2016-02-18T00:37:33.023000;2016-02-18T00:37:33.060000;a4daf416-15df-412a-ac0c-bd0f123e8016;417.63;0.45819;BUY
2016-02-18T00:37:42.913000;2016-02-18T00:37:42.937000;6bbc47d8-cc9e-422e-9f6b-a716578012c8;417.56;0.02;SELL
2016-02-18T00:37:49.620000;2016-02-18T00:37:49.640000;43c8c7f5-f112-402a-8d5d-e3a8cb45acc8;417.6;0.02;BUY
2016-02-18T00:37:51.363000;2016-02-18T00:37:51.373000;d5e66405-cde2-44cf-ab0f-32c25a7222c0;417.57;0.01;SELL
2016-02-18T00:37:51.363000;2016-02-18T00:37:51.390000;995aec30-f143-4e95-b8b5-2c5f146eb215;417.56;0.01;SELL
2016-02-18T00:37:58.077000;2016-02-18T00:37:58.093000;19a7517a-2c15-4855-8519-bbdd4b9938a0;417.57;0.02;BUY
2016-02-18T00:37:59.623000;2016-02-18T00:37:59.640000;9b6c8de7-7bdc-496b-9fb2-0296a49c1faf;417.56;0.02;SELL
2016-02-18T00:38:02.083000;2016-02-18T00:38:02.107000;8a83263b-cfc8-4cf1-9de4-c4bc921072e8;417.57;0.24816;BUY
2016-02-18T00:38:06.253000;2016-02-18T00:38:06.263000;ec275adb-a4fd-4abb-b113-dba3b426b092;417.57;0.02;BUY
2016-02-18T00:38:07.947000;2016-02-18T00:38:07.967000;aa43fd91-3fa1-405e-887a-e110e7ae27d6;417.56;0.02;SELL
2016-02-18T00:38:14.483000;2016-02-18T00:38:14.497000;33d946a1-5638-4a1b-b910-d557ed15c01e;417.62;0.02;BUY
2016-02-18T00:38:16.190000;2016-02-18T00:38:16.200000;98f3666f-5b3c-41fb-aaec-5554fc01e001;417.58;0.01;SELL
2016-02-18T00:38:35.747000;2016-02-18T00:38:35.763000;2d95c9ce-0006-47f3-959b-f8a4d8fdb528;417.56;0.119;BUY
2016-02-18T00:38:35.747000;2016-02-18T00:38:35.780000;437235e2-b6ea-482d-b8ee-e7347c5e2b4b;417.6;0.11871;BUY
2016-02-18T00:38:48.323000;2016-02-18T00:38:48.343000;f9249ef5-7e0a-4b1f-8c7a-07ba0c38b46e;417.49;2.158;SELL
2016-02-18T00:38:48.327000;2016-02-18T00:38:48.343000;8daedcc9-548e-46f2-80fb-d68ae174d5e9;417.48;2.169;SELL
2016-02-18T00:38:51.617000;2016-02-18T00:38:51.640000;404865bc-a84b-4803-ac66-ef817502c7e7;417.47;0.01;SELL
2016-02-18T00:38:51.617000;2016-02-18T00:38:51.653000;13fafcc4-6db4-4a1e-8096-c8779fcfa829;417.47;0.21;SELL
2016-02-18T00:39:02.363000;2016-02-18T00:39:02.373000;aac836ad-2d32-436b-94b9-6f1b463bc980;417.48;0.04077;BUY
2016-02-18T00:39:05.413000;2016-02-18T00:39:05.420000;1fd45487-d810-4abc-a73a-c0d88938e4a9;417.47;5.0;SELL
2016-02-18T00:39:11.157000;2016-02-18T00:39:11.170000;716a280c-31b8-42c2-83c6-1a690f5182f1;417.33;0.01;SELL
2016-02-18T00:39:11.160000;2016-02-18T00:39:11.170000;8f5d8963-cb3a-4d33-b428-8f4a2195af65;417.32;0.00994;SELL
2016-02-18T00:39:19.527000;2016-02-18T00:39:19.543000;7c757dc7-9ab8-40cd-b2e3-1973d5fa2caa;417.32;6e-05;SELL
2016-02-18T00:39:19.527000;2016-02-18T00:39:19.543000;1b6e8d56-80a8-4ca2-8cbe-a480ceaa6f75;417.31;0.01992;SELL
2016-02-18T00:39:21.090000;2016-02-18T00:39:21.123000;aee58cda-5679-41c9-be61-815f5078a854;417.31;8e-05;SELL
2016-02-18T00:39:28.633000;2016-02-18T00:39:28.653000;66bb6ca4-1000-4c8c-a797-bd47bba628d6;417.25;0.01;SELL
2016-02-18T00:39:28.633000;2016-02-18T00:39:28.670000;a6d89946-95b0-443a-97ed-27e1c5041875;417.25;0.0125;SELL
2016-02-18T00:39:28.633000;2016-02-18T00:39:28.670000;73a120a4-ba94-4137-a152-2a11bca271dd;417.2;0.01140596;SELL
2016-02-18T00:39:28.633000;2016-02-18T00:39:28.670000;b7ddbac7-963b-48f8-81c2-684323d35a2e;417.19;0.01;SELL
2016-02-18T00:39:31.040000;2016-02-18T00:39:31.043000;3932e8bb-64cd-4657-8138-4c3eacca0fb3;417.13;0.01;SELL
2016-02-18T00:39:36.513000;2016-02-18T00:39:36.543000;f8b2289e-0784-40b7-b953-1a9328ec05b5;417.12;0.01;SELL
2016-02-18T00:39:36.513000;2016-02-18T00:39:36.543000;3e8868b2-5bb6-499f-8754-d23b50ed8eee;417.12;0.01987;SELL
2016-02-18T00:39:38.707000;2016-02-18T00:39:38.717000;1d749d1a-d1f9-4cdd-9c68-9ce10c8a9d7c;417.15;0.266;BUY
2016-02-18T00:39:38.707000;2016-02-18T00:39:38.733000;ced9a576-4590-4bae-ab01-9a2d73ae47dc;417.16;0.03327;BUY
2016-02-18T00:39:39.323000;2016-02-18T00:39:39.357000;543d5d26-ade1-4a76-a54a-97e2ae0b8d2b;417.11;0.02;SELL
2016-02-18T00:39:46.273000;2016-02-18T00:39:46.293000;c99038fb-fda1-47e8-bc20-caec7d8b5847;417.05;0.02;SELL
2016-02-18T00:40:00.017000;2016-02-18T00:40:00.030000;482faf13-0fab-4f03-aa0a-0116a17306fb;417.05;0.01988;SELL
2016-02-18T00:40:01.523000;2016-02-18T00:40:01.543000;62e4c14a-2cb6-4b17-b046-23858970207a;417.05;0.02;SELL
2016-02-18T00:40:03.953000;2016-02-18T00:40:03.967000;deb4642e-7418-4d75-8320-53082b84463f;417.06;0.178;BUY
2016-02-18T00:40:03.953000;2016-02-18T00:40:03.967000;bae88c32-1ff3-4616-9072-b02c8870e38b;417.06;0.10267;BUY
2016-02-18T00:40:08.843000;2016-02-18T00:40:08.857000;0e880808-87bc-40fa-8297-aeeae816160a;417.05;0.02;SELL
2016-02-18T00:40:15.537000;2016-02-18T00:40:15.560000;9e4cda59-c354-424a-b93d-4eb1e573a5ab;417.05;0.02;SELL
2016-02-18T00:40:29.110000;2016-02-18T00:40:29.123000;29a58ba9-754b-4506-a0dc-c302e478008d;417.05;0.01984;SELL
2016-02-18T00:40:30.787000;2016-02-18T00:40:30.793000;827f3d8f-ce22-4089-bd88-7cbc60c2f3e0;417.05;0.02;SELL
2016-02-18T00:40:32.510000;2016-02-18T00:40:32.513000;2f30e020-6a6f-48e7-a67b-bf604796a39e;417.06;0.73236;BUY
2016-02-18T00:40:35.210000;2016-02-18T00:40:35.217000;612296b4-0449-4b32-8655-32c724bb5c59;417.05;0.12038;SELL
2016-02-18T00:40:35.210000;2016-02-18T00:40:35.247000;560058ea-e721-4428-a65d-61a4658b35db;417.05;0.0331;SELL
2016-02-18T00:40:35.210000;2016-02-18T00:40:35.247000;b02cadcc-9a3c-403f-87ce-43680dcd2b0a;417.0;0.01;SELL
2016-02-18T00:40:35.210000;2016-02-18T00:40:35.247000;d9744442-eed0-4992-bf86-05a4d1434075;417.0;0.01140596;SELL
2016-02-18T00:40:35.210000;2016-02-18T00:40:35.247000;41dcf870-6a72-4d61-a9dd-36ee8f508a09;417.0;0.0125;SELL
2016-02-18T00:40:35.210000;2016-02-18T00:40:35.247000;2b28c712-274a-46c0-b4bc-203456c80a78;416.99;0.01;SELL
2016-02-18T00:40:35.210000;2016-02-18T00:40:35.247000;9431d97d-b062-4d39-98e4-2141b699be48;416.96;0.01;SELL
2016-02-18T00:40:35.210000;2016-02-18T00:40:35.247000;b2519861-f5b0-45ad-ab78-7943e26d7b8f;416.96;0.06261404;SELL
2016-02-18T00:41:02.747000;2016-02-18T00:41:02.763000;1da54fcb-4b3b-4a90-8e81-55e3a1302a9c;416.93;0.24193;BUY
2016-02-18T00:41:18.733000;2016-02-18T00:41:18.747000;e259d140-7674-41a0-b79c-6b21cd2ff8dd;416.91;0.01992;SELL
2016-02-18T00:41:20.467000;2016-02-18T00:41:20.483000;ec872b4c-9759-4c3e-a3b0-131791b34558;416.91;8e-05;SELL
2016-02-18T00:41:20.467000;2016-02-18T00:41:20.497000;c0d0e1f5-a76a-4115-98be-8302b0f64158;416.91;0.01992;SELL
2016-02-18T00:41:27.637000;2016-02-18T00:41:27.640000;a09bba3c-ceaf-4eb4-9b8c-3153729e284e;416.92;0.02;SELL
2016-02-18T00:41:32.347000;2016-02-18T00:41:32.357000;8940c632-c340-4be6-a6a1-ee97f759a6e3;416.93;0.05;BUY
2016-02-18T00:41:32.347000;2016-02-18T00:41:32.373000;31338f9f-d45c-476a-8f2d-12bb0e023bf0;416.93;3.17402;BUY
2016-02-18T00:41:35.600000;2016-02-18T00:41:35.607000;468d94d5-8e72-41e9-a48f-544037d156ab;416.91;0.02;SELL
2016-02-18T00:41:44.097000;2016-02-18T00:41:44.107000;7ad1200d-c0af-491e-a0f6-4b9d68694eb0;416.91;0.02;SELL
2016-02-18T00:41:51.810000;2016-02-18T00:41:51.827000;2f67f042-44f3-4cb3-8140-02cd38fe9d27;416.91;0.02;SELL
2016-02-18T00:41:58.840000;2016-02-18T00:41:58.907000;9029788b-42ba-4d23-9f8a-f8b7e6c1e5c4;416.91;0.02;SELL
2016-02-18T00:42:02.183000;2016-02-18T00:42:02.233000;b347b1ca-d2e4-4f89-95e5-bc2a41ff3d2f;416.92;0.243;BUY
2016-02-18T00:42:02.183000;2016-02-18T00:42:02.250000;a78bb3d1-acce-47d1-8949-8885588299d1;416.92;0.94;BUY
2016-02-18T00:42:02.183000;2016-02-18T00:42:02.250000;99ee86a6-b72d-45ec-8403-78337453f980;416.92;0.23;BUY
2016-02-18T00:42:02.183000;2016-02-18T00:42:02.250000;6373b2c9-b807-4be5-ac03-25b54992ec64;416.93;0.13972426;BUY
2016-02-18T00:42:02.183000;2016-02-18T00:42:02.283000;4996533c-6e37-41b4-b60b-dd6ce407872d;416.94;0.082;BUY
2016-02-18T00:42:02.183000;2016-02-18T00:42:02.283000;109d939e-22ec-4fc1-bc86-26cbc675cc31;416.95;0.4599;BUY
2016-02-18T00:42:02.183000;2016-02-18T00:42:02.283000;5d95aac6-dda9-4cf7-a71a-7265a4dc0e6c;416.97;0.233;BUY
2016-02-18T00:42:02.183000;2016-02-18T00:42:02.283000;4439982a-36dd-4cd4-adaa-5b58c601a732;417.0;0.01;BUY
2016-02-18T00:42:02.183000;2016-02-18T00:42:02.283000;1ffadec6-efc3-4711-83f6-7920fbfd2c07;417.02;0.281;BUY
2016-02-18T00:42:02.183000;2016-02-18T00:42:02.283000;f218eadc-9dd5-42d2-8463-0460b3a8900c;417.07;0.273;BUY
2016-02-18T00:42:02.183000;2016-02-18T00:42:02.283000;e25f42fa-94d1-4aff-85f4-952641e8b907;417.11;0.6;BUY
2016-02-18T00:42:02.183000;2016-02-18T00:42:02.283000;73e1a228-0c18-4bed-9714-7de8c9a3cbbd;417.12;0.246;BUY
2016-02-18T00:42:02.187000;2016-02-18T00:42:02.283000;c2e0a8a7-8229-465b-aac9-4e032779fb99;417.13;1.0;BUY
2016-02-18T00:42:02.187000;2016-02-18T00:42:02.297000;432da7c1-b7dd-40ab-8adf-422a9174f198;417.14;0.01;BUY
2016-02-18T00:42:02.187000;2016-02-18T00:42:02.297000;7defe73b-e1e7-41ff-bf63-a73806028723;417.14;1.4;BUY
2016-02-18T00:42:02.187000;2016-02-18T00:42:02.297000;59c46345-96fb-4241-bf1e-f61d22761020;417.15;0.02;BUY
2016-02-18T00:42:02.187000;2016-02-18T00:42:02.297000;4a26516e-bdf5-4484-a0b2-cfd0a4be1151;417.16;0.73703574;BUY
2016-02-18T00:42:06.437000;2016-02-18T00:42:06.483000;7c648a62-98a1-4fdc-a0d4-481e4c24a90e;416.91;0.02;SELL
2016-02-18T00:42:08.260000;2016-02-18T00:42:08.330000;2596593c-dd79-4ddb-818f-ac6065131c92;416.92;0.01;SELL
2016-02-18T00:42:08.260000;2016-02-18T00:42:08.330000;ad9679da-185f-44e2-a138-ac6dfbd2c185;416.91;0.21;SELL
2016-02-18T00:42:13.880000;2016-02-18T00:42:13.937000;2550f12d-d8d3-44d4-8616-2cf9716cc539;416.92;0.01;SELL
2016-02-18T00:42:13.880000;2016-02-18T00:42:13.953000;90c33464-a0aa-4d23-bed5-3e710d61f6d8;416.91;0.01;SELL
2016-02-18T00:42:20.420000;2016-02-18T00:42:20.483000;0c14c01c-0ca0-47f5-a31e-bdeb8704e9ad;417.03;0.0103;BUY
2016-02-18T00:42:22.280000;2016-02-18T00:42:22.343000;edcd5a5a-87bd-496f-83b7-c7d484ffdf83;416.91;0.02;SELL
2016-02-18T00:42:29.170000;2016-02-18T00:42:29.250000;18b3e81e-1e33-434a-8ead-af436ed5bc0f;416.91;0.02;SELL
2016-02-18T00:42:31.997000;2016-02-18T00:42:32.063000;c548c373-6503-48bb-8574-57cea276116d;416.96;0.127;BUY
2016-02-18T00:42:31.997000;2016-02-18T00:42:32.063000;e4e0182c-2a05-4654-89e1-cdf4d7f148d9;416.97;0.11178;BUY
2016-02-18T00:42:46.610000;2016-02-18T00:42:46.673000;796f596f-92c3-420c-b7d5-a88dd19cfed0;416.92;0.01;SELL
2016-02-18T00:42:46.610000;2016-02-18T00:42:46.687000;487fb7e6-656f-4286-81f8-b49684e7a7c8;416.92;0.23;SELL
2016-02-18T00:42:46.610000;2016-02-18T00:42:46.687000;b2d2daeb-15c7-46a3-b3d9-63db12228cc3;416.92;0.095;SELL
2016-02-18T00:42:46.610000;2016-02-18T00:42:46.687000;b778ef02-5138-4da9-8427-2e27f481a545;416.91;0.01608;SELL
2016-02-18T00:42:46.610000;2016-02-18T00:42:46.733000;bbfffec2-6121-4862-abcc-c820c4cf0ad1;416.9;0.98;SELL
2016-02-18T00:42:46.610000;2016-02-18T00:42:46.733000;3f1072df-c242-4276-9f04-7b23cacbf02e;416.87;0.123;SELL
2016-02-18T00:42:46.610000;2016-02-18T00:42:46.733000;528f07f6-15e6-4bf4-a938-1df6e7ba7308;416.82;0.073;SELL
2016-02-18T00:42:46.610000;2016-02-18T00:42:46.733000;4202b952-b583-47bf-94f1-53cbc59190a3;416.8;0.01140596;SELL
2016-02-18T00:42:46.610000;2016-02-18T00:42:46.733000;0b5e947b-859f-4137-af14-17f39f5958ba;416.77;0.01;SELL
2016-02-18T00:42:46.610000;2016-02-18T00:42:46.733000;0d74b131-de45-4b33-864e-ad8c3b5f0f6c;416.77;0.109;SELL
2016-02-18T00:42:46.610000;2016-02-18T00:42:46.733000;25560064-0890-42fc-876a-2f67c6385ba0;416.76;0.02;SELL
2016-02-18T00:42:46.613000;2016-02-18T00:42:46.733000;9143358f-2e8e-4cae-890f-c9c3090c64d6;416.73;0.6;SELL
2016-02-18T00:42:46.613000;2016-02-18T00:42:46.733000;53cc07ff-0948-416d-8f73-b3000c4e1f63;416.72;0.088;SELL
2016-02-18T00:42:46.613000;2016-02-18T00:42:46.733000;303ea3e0-246d-4663-a310-77cd41ed5679;416.72;0.8;SELL
2016-02-18T00:42:46.613000;2016-02-18T00:42:46.767000;db4c8722-2b4c-461e-b412-7aee0874543d;416.71;0.01;SELL
2016-02-18T00:42:46.613000;2016-02-18T00:42:46.767000;51a39263-eadf-4cb5-9967-4c49da5a5abc;416.71;0.02;SELL
2016-02-18T00:42:46.613000;2016-02-18T00:42:46.767000;7d3c5ae3-3d48-4e1e-aca9-128319c29973;416.71;0.02;SELL
2016-02-18T00:42:46.613000;2016-02-18T00:42:46.767000;2646e5c6-cfea-44ea-b5a0-15c4f1675555;416.67;2.2;SELL
2016-02-18T00:42:46.613000;2016-02-18T00:42:46.767000;43d29ce5-7ad3-494f-b761-ebd4e2adc110;416.66;0.02;SELL
2016-02-18T00:42:46.613000;2016-02-18T00:42:46.767000;0e178854-82a2-4b06-96a4-a9b61e307359;416.64;3.2;SELL
2016-02-18T00:42:46.613000;2016-02-18T00:42:46.767000;c0691172-10b5-4b0c-9276-bdc3f1953761;416.63;0.112;SELL
2016-02-18T00:42:46.613000;2016-02-18T00:42:46.767000;0ba86a97-c535-4514-a05c-ed005a3c731e;416.63;3.4;SELL
2016-02-18T00:42:46.613000;2016-02-18T00:42:46.767000;5c365185-81fb-444b-8725-64e7b1ba3590;416.62;1.944;SELL
2016-02-18T00:42:46.613000;2016-02-18T00:42:46.767000;cfaec9e3-faf3-45c3-a448-b6f14595677b;416.62;1.8;SELL
2016-02-18T00:42:46.613000;2016-02-18T00:42:46.767000;473b5a69-121f-4c99-9ff0-ccf7a5012950;416.61;0.02;SELL
2016-02-18T00:42:46.613000;2016-02-18T00:42:46.767000;9cdbcd63-8bbe-444e-9f57-4a6ca6817056;416.61;2.2;SELL
2016-02-18T00:42:46.613000;2016-02-18T00:42:46.767000;5d85f747-fdeb-4776-9ac7-2524f3879b7d;416.6;0.02;SELL
2016-02-18T00:42:46.613000;2016-02-18T00:42:46.767000;78a1750f-1699-48a4-844a-30454c9ce59d;416.6;0.01140775;SELL
2016-02-18T00:42:46.617000;2016-02-18T00:42:46.767000;268590b4-f044-4968-868e-6845e411672f;416.59;3.0;SELL
2016-02-18T00:42:46.617000;2016-02-18T00:42:46.767000;64a7027f-3bb8-411f-9219-0ae0e82c670b;416.58;0.13;SELL
2016-02-18T00:42:46.617000;2016-02-18T00:42:46.767000;61b8ea85-19aa-44d4-b5e0-888e1e52713d;416.58;3.2;SELL
2016-02-18T00:42:46.617000;2016-02-18T00:42:46.767000;c560fd1c-171a-42a7-a783-33d4875dc6be;416.57;0.52710629;SELL
2016-02-18T00:42:53.317000;2016-02-18T00:42:53.377000;3205012b-ad62-4f88-958d-78f46877265e;416.79;0.2;SELL
2016-02-18T00:42:53.317000;2016-02-18T00:42:53.377000;07d229b7-b2bd-4d82-8e71-7b4e8c2ff190;416.78;0.01;SELL
2016-02-18T00:42:58.730000;2016-02-18T00:42:58.797000;30fd8582-01b6-45cc-a1a5-68dd57618918;416.76;0.01;SELL
2016-02-18T00:42:58.730000;2016-02-18T00:42:58.797000;e5178ae6-06f3-47bf-9af5-7abcb8c17ecc;416.76;0.78;SELL
2016-02-18T00:42:58.730000;2016-02-18T00:42:58.813000;134b96bf-b590-4c4e-af06-948218777900;416.58;3.2;SELL
2016-02-18T00:42:58.733000;2016-02-18T00:42:58.813000;b298964c-5d7c-4c3c-aad9-ea364f08db45;416.57;0.715;SELL
2016-02-18T00:42:58.733000;2016-02-18T00:42:58.813000;a17f0eb1-8a74-4398-a73b-47ee6aff697e;416.57;2.6;SELL
2016-02-18T00:42:58.733000;2016-02-18T00:42:58.813000;0b4ed152-64f5-4a28-95f9-548a1974160f;416.56;0.02;SELL
2016-02-18T00:42:58.733000;2016-02-18T00:42:58.813000;a154d20b-659a-4c7a-b545-d7ab6cc0977e;416.56;0.086;SELL
2016-02-18T00:42:58.733000;2016-02-18T00:42:58.813000;f05de2ed-0304-4794-b995-f0297a65287d;416.56;3.0;SELL
2016-02-18T00:42:58.733000;2016-02-18T00:42:58.813000;b3150290-fe8f-4e08-bab1-5c03bfce1649;416.55;0.01;SELL
2016-02-18T00:42:58.733000;2016-02-18T00:42:58.830000;8b48e437-968c-45c6-8cdb-d9c253ae8a9f;416.53;1.64647101;SELL
2016-02-18T00:43:02.360000;2016-02-18T00:43:02.407000;d752df6e-805f-4ff2-868d-ebd188e2a516;416.93;0.022;BUY
2016-02-18T00:43:50.610000;2016-02-18T00:43:50.673000;7090c09b-7b41-46d1-90e3-7ae7d6651d19;416.62;0.09;SELL
2016-02-18T00:44:03.983000;2016-02-18T00:44:04.047000;a4a3a8ba-5171-4894-aa09-936f94c1da42;416.65;0.314;SELL
2016-02-18T00:44:03.983000;2016-02-18T00:44:04.047000;909df422-c8f2-4535-be9c-25ec1c73f7f9;416.53;1.17197;SELL
2016-02-18T00:44:42.953000;2016-02-18T00:44:43.017000;54520a5c-1b71-4777-82e3-1610cc93c113;416.63;0.01;SELL
2016-02-18T00:44:42.953000;2016-02-18T00:44:43.017000;44f3f502-ff43-4930-9f1a-da835cf605be;416.62;0.215;SELL
2016-02-18T00:44:42.953000;2016-02-18T00:44:43.017000;d6293d3e-e405-4abe-a6fd-8052aa85dd0a;416.61;0.108;SELL
2016-02-18T00:44:42.953000;2016-02-18T00:44:43.017000;7688416c-64e8-4aae-8291-2cf480d5ead2;416.6;0.11851;SELL
2016-02-18T00:45:00.707000;2016-02-18T00:45:00.767000;6e3b2f71-e106-4e67-a5ee-05ae99ccb665;416.63;0.1;SELL
2016-02-18T00:45:00.967000;2016-02-18T00:45:01.017000;77723aa4-7466-4d91-a79f-e348e6ebbd52;416.59;2.9;BUY
2016-02-18T00:45:02.560000;2016-02-18T00:45:02.627000;40b2a49e-e33f-49b2-aae4-5fd5e33eb593;416.66;0.09265;SELL
2016-02-18T00:45:10.950000;2016-02-18T00:45:11.017000;447e07d2-e666-4b67-9c9a-9bb7d20643c1;416.6;0.0199;SELL
2016-02-18T00:45:35.577000;2016-02-18T00:45:35.627000;ef5f8ebd-7181-4d37-a18c-9ff4aa657de5;416.72;0.6;BUY
2016-02-18T00:45:35.577000;2016-02-18T00:45:35.640000;a6b28c02-fbed-4392-aacc-5994ff86af81;416.73;0.21;BUY
2016-02-18T00:45:35.577000;2016-02-18T00:45:35.640000;8947fcb6-2477-4dda-a9fb-f81d7e18fd59;416.74;0.6;BUY
2016-02-18T00:45:35.577000;2016-02-18T00:45:35.640000;ed529138-e501-47e3-bb02-6777c0e2bd74;416.75;0.32;BUY
2016-02-18T00:45:35.577000;2016-02-18T00:45:35.640000;b8f5f691-5efd-43f2-81e4-1359f1537d27;416.8;1.6;BUY
2016-02-18T00:45:35.577000;2016-02-18T00:45:35.640000;66958667-143c-46f4-9118-7e3bf6aea0c9;416.81;0.01;BUY
2016-02-18T00:45:35.577000;2016-02-18T00:45:35.640000;f66ed6b9-e6b0-4bf8-a8d0-d5fe3d51953b;416.85;0.213;BUY
2016-02-18T00:45:35.577000;2016-02-18T00:45:35.640000;d0178866-8c84-4c08-88bc-6cd927b97515;416.86;2.6;BUY
2016-02-18T00:45:35.577000;2016-02-18T00:45:35.640000;bdb1916f-8114-4af7-adb6-d0a41fe668f0;416.87;0.121;BUY
2016-02-18T00:45:35.577000;2016-02-18T00:45:35.657000;ed8fe02e-2cc1-4954-b5ca-464f7f7496b2;416.91;1.48262;BUY
2016-02-18T00:45:41.277000;2016-02-18T00:45:41.330000;b9548870-a686-4eb2-8b5d-1a6e9320fc06;416.85;0.2;BUY
2016-02-18T00:45:41.277000;2016-02-18T00:45:41.343000;2c32a90c-e059-4034-8104-c9b1836d6c1c;416.86;0.46228721;BUY
2016-02-18T00:45:41.277000;2016-02-18T00:45:41.343000;9a658c21-8c1c-427a-abcc-890998d5f589;416.91;0.2;BUY
2016-02-18T00:45:41.277000;2016-02-18T00:45:41.343000;a69001c0-97c1-4c8b-ae93-052e3e002283;416.92;0.01;BUY
2016-02-18T00:46:03.077000;2016-02-18T00:46:03.127000;98d76ffb-71cf-40f3-aae2-cbd9bcedcc5d;416.93;1.763;SELL
2016-02-18T00:46:03.077000;2016-02-18T00:46:03.140000;7009d17c-3a8b-4efc-b104-c447eb8974da;416.92;0.33555;SELL
2016-02-18T00:46:10.530000;2016-02-18T00:46:10.580000;668fdfd3-3887-49cf-a457-3626d43f901f;416.92;0.01998;SELL
2016-02-18T00:46:25.187000;2016-02-18T00:46:25.237000;fd35ef51-0bf9-4ce3-95f8-348590a78ba4;416.92;0.01998;SELL
2016-02-18T00:46:32.690000;2016-02-18T00:46:32.750000;a382fff8-46dc-4bb6-8a6c-ae058e7495b9;416.94;0.01;BUY
2016-02-18T00:46:32.690000;2016-02-18T00:46:32.767000;bda345ea-3fcb-4dc3-add0-91dcc954dd98;416.95;0.02;BUY
2016-02-18T00:46:32.693000;2016-02-18T00:46:32.767000;131a900c-221b-4459-80ba-8633b2d8bb74;416.97;0.01;BUY
2016-02-18T00:46:32.693000;2016-02-18T00:46:32.767000;ddcaa03b-c9a1-41dd-88e1-de78f65b0b82;417.0;0.01;BUY
2016-02-18T00:46:32.693000;2016-02-18T00:46:32.767000;c27a2f84-138a-44ad-86e3-a9c6e6c033d3;417.06;0.8;BUY
2016-02-18T00:46:32.693000;2016-02-18T00:46:32.767000;c9cdba62-a864-4026-8059-a744f63b9716;417.07;0.8;BUY
2016-02-18T00:46:32.693000;2016-02-18T00:46:32.767000;6a5ac624-c33c-48ef-a5af-9b97fe34babf;417.07;0.129;BUY
2016-02-18T00:46:32.693000;2016-02-18T00:46:32.767000;a4a96658-3397-42e6-bf98-ed74a5743d69;417.1;0.01;BUY
2016-02-18T00:46:32.693000;2016-02-18T00:46:32.767000;62d77866-7f13-4b5a-9bd1-d2ac7692c43a;417.1;0.01140775;BUY
2016-02-18T00:46:32.693000;2016-02-18T00:46:32.783000;6f5aeb79-3b0d-4568-b5d0-21b21224f5c1;417.1;1.2;BUY
2016-02-18T00:46:32.693000;2016-02-18T00:46:32.783000;47758ff2-87d2-4a39-a28d-1b27cf518403;417.11;0.02;BUY
2016-02-18T00:46:32.693000;2016-02-18T00:46:32.783000;4c25bd98-befd-4cbe-a2d7-fa61a6fcbc3e;417.14;1.8;BUY
2016-02-18T00:46:32.693000;2016-02-18T00:46:32.783000;65c516f0-7000-459c-b1ed-251acc6b778a;417.15;0.081;BUY
2016-02-18T00:46:32.693000;2016-02-18T00:46:32.783000;1c51c047-d928-4b26-9294-175da567c91c;417.19;2.6;BUY
2016-02-18T00:46:32.693000;2016-02-18T00:46:32.783000;1917c23d-1b2d-4b38-8b23-e3b176a24801;417.2;0.088;BUY
2016-02-18T00:46:32.693000;2016-02-18T00:46:32.783000;0e8ea334-c225-49f9-815b-782841b29e1e;417.21;2.8;BUY
2016-02-18T00:46:32.693000;2016-02-18T00:46:32.783000;319c73a2-1afd-4405-bbe4-3b464aceb384;417.22;1.0;BUY
2016-02-18T00:46:32.693000;2016-02-18T00:46:32.797000;7e241cad-fe5f-468c-b053-35b2fa6811d1;417.22;2.0;BUY
2016-02-18T00:46:32.693000;2016-02-18T00:46:32.797000;8d07abd5-a4cd-483f-88be-7f62999948c5;417.23;0.01;BUY
2016-02-18T00:46:32.693000;2016-02-18T00:46:32.797000;f6aaa8aa-cd49-416e-b1e3-361e258ac37a;417.23;1.8;BUY
2016-02-18T00:46:32.693000;2016-02-18T00:46:32.813000;d212bc00-a8bf-44c2-ae96-f326f6b6b437;417.24;0.01;BUY
2016-02-18T00:46:32.693000;2016-02-18T00:46:32.813000;04196310-22fc-4c68-94cc-eaefc202b02c;417.24;2.4;BUY
2016-02-18T00:46:32.693000;2016-02-18T00:46:32.813000;a9ddd868-0080-4d8d-8114-25ad35f1dfb6;417.25;0.01;BUY
2016-02-18T00:46:32.693000;2016-02-18T00:46:32.813000;e3afc5ab-f07d-4083-9485-9478d3c2d033;417.25;0.092;BUY
2016-02-18T00:46:32.693000;2016-02-18T00:46:32.813000;5ace80b6-1ecc-4acb-81b1-3332950c97f8;417.27;3.4;BUY
2016-02-18T00:46:32.693000;2016-02-18T00:46:32.813000;1076a705-ce75-49ea-81cc-db4d72169ded;417.28;2.0;BUY
2016-02-18T00:46:32.697000;2016-02-18T00:46:32.813000;c02e8b03-4d66-4019-9314-e111e34c5604;417.29;0.2;BUY
2016-02-18T00:46:32.697000;2016-02-18T00:46:32.813000;f8e8ea92-76c7-4034-a7a0-dadccb03a925;417.3;0.01;BUY
2016-02-18T00:46:32.697000;2016-02-18T00:46:32.813000;cb76cc5a-f679-4433-bdc0-43839e596122;417.3;0.01140596;BUY
2016-02-18T00:46:32.697000;2016-02-18T00:46:32.813000;a4b5daad-05ec-463f-8076-5ab78dd5bf7e;417.3;0.121;BUY
2016-02-18T00:46:32.697000;2016-02-18T00:46:32.813000;03c4ada8-1b0a-4af9-9497-80bd3e82af3b;417.3;0.2;BUY
2016-02-18T00:46:32.697000;2016-02-18T00:46:32.813000;95f76378-c1b8-4683-8d37-090da949ffb1;417.31;0.01;BUY
2016-02-18T00:46:32.697000;2016-02-18T00:46:32.830000;68ce7e6c-cb09-442b-a153-50c09d36d324;417.31;0.02;BUY
2016-02-18T00:46:32.697000;2016-02-18T00:46:32.830000;2e07b62d-1cad-4c45-b399-2717c5e50c65;417.45;0.38449629;BUY
2016-02-18T00:46:51.610000;2016-02-18T00:46:51.657000;39af00b8-1598-48cc-a689-1c11a95b4e26;417.07;0.246;BUY
2016-02-18T00:46:51.610000;2016-02-18T00:46:51.673000;7006dd3b-3297-4af7-93e1-f22ef1a4ef39;417.12;0.54;BUY
2016-02-18T00:46:51.610000;2016-02-18T00:46:51.673000;cca1f46c-02a2-4622-8d11-e8e6823ec3cf;417.14;0.02;BUY
2016-02-18T00:46:53.763000;2016-02-18T00:46:53.797000;88e44626-e5ce-43f2-969e-30b5230e966c;417.17;0.02;BUY
2016-02-18T00:46:55.277000;2016-02-18T00:46:55.313000;a72356ec-cc38-49d0-abde-e9828bb971ca;417.16;0.01;SELL
2016-02-18T00:46:55.277000;2016-02-18T00:46:55.330000;6413a9c6-bca8-4a24-9a9b-df8808d6136c;417.15;0.01;SELL
2016-02-18T00:47:02.213000;2016-02-18T00:47:02.250000;36eb733d-0a81-4d1a-9784-4f8a4197446d;417.15;0.02;SELL
2016-02-18T00:47:03.243000;2016-02-18T00:47:03.283000;97fbe22d-b457-4298-afdc-8616eedd49c7;417.22;0.397;BUY
2016-02-18T00:47:03.243000;2016-02-18T00:47:03.297000;73eef08b-dc02-4d83-ae8f-6110ecd4b724;417.27;0.396;BUY
2016-02-18T00:47:03.243000;2016-02-18T00:47:03.297000;59ece25b-efc8-4f09-9328-d4396f5c2f6e;417.32;0.24007;BUY
2016-02-18T00:47:08.803000;2016-02-18T00:47:08.843000;96c7d732-4a94-46db-b817-b163aa96068f;417.22;0.02;SELL
2016-02-18T00:47:15.767000;2016-02-18T00:47:15.843000;8da9859d-2bfe-4a56-be33-2c772c7a3eaf;417.24;0.02;SELL
2016-02-18T00:47:23.360000;2016-02-18T00:47:23.407000;397adc95-bbca-46e1-beec-4a60e4a48edb;417.21;0.01;SELL
2016-02-18T00:47:23.360000;2016-02-18T00:47:23.407000;96d838c9-751a-4abc-b526-406ec14d1f9b;417.13;0.01;SELL
2016-02-18T00:47:30.127000;2016-02-18T00:47:30.173000;da49f8a4-a3a9-4d8c-b925-e506256b6dcd;417.33;0.01;BUY
2016-02-18T00:47:30.127000;2016-02-18T00:47:30.173000;1f60af85-0754-46ae-8b5a-22b2e46966d0;417.33;0.00018;BUY
2016-02-18T00:47:31.863000;2016-02-18T00:47:31.907000;b4912a16-1fb0-4329-ad19-d47632d03c5e;417.15;0.02;SELL
2016-02-18T00:47:38.787000;2016-02-18T00:47:38.843000;23a7e780-6ddb-4d72-8227-4d2eab5c47ea;417.23;0.02;SELL
2016-02-18T00:47:45.453000;2016-02-18T00:47:45.487000;248d0837-b0ca-436d-b449-a397c051f6de;417.23;0.02;SELL
2016-02-18T00:47:52.573000;2016-02-18T00:47:52.610000;90e755d8-1571-406d-b2e2-454c6bfb7d97;417.23;0.02;SELL
2016-02-18T00:47:59.953000;2016-02-18T00:48:00.000000;b911d5f7-8df7-4381-88ed-0ab8c663df87;417.24;0.01;SELL
2016-02-18T00:47:59.953000;2016-02-18T00:48:00.017000;3018a804-e022-4991-a00e-385293950051;417.24;0.01;SELL
2016-02-18T00:48:06.600000;2016-02-18T00:48:06.640000;304ebd78-1e02-4904-8a4a-b616e1436f86;417.25;0.02;SELL
2016-02-18T00:48:13.637000;2016-02-18T00:48:13.687000;4d3c9dda-c626-452f-8d81-a36459567aea;417.26;0.01;SELL
2016-02-18T00:48:13.637000;2016-02-18T00:48:13.687000;b6798cd6-3494-4239-9dc6-d11a54396314;417.25;0.01;SELL
2016-02-18T00:48:19.907000;2016-02-18T00:48:19.953000;4097c8c0-53bb-4235-bf7d-372c21a4d714;417.29;0.01026;BUY
2016-02-18T00:48:20.470000;2016-02-18T00:48:20.517000;328733d3-e733-46fd-b387-82b2c8bebfdc;417.29;0.40774;BUY
2016-02-18T00:48:20.470000;2016-02-18T00:48:20.517000;d97e2fbf-b846-4f4e-ac22-a6ec9b36dbbc;417.3;0.07034608;BUY
2016-02-18T00:48:21.723000;2016-02-18T00:48:21.767000;03032694-edfd-449b-94f0-01c90b90a397;417.23;0.02;SELL
2016-02-18T00:48:29.103000;2016-02-18T00:48:29.140000;b4765a45-2273-4a86-bf9b-5c42520f2827;417.23;0.02;SELL
2016-02-18T00:48:36.030000;2016-02-18T00:48:36.080000;700fee38-37fe-4eee-9e0d-60a3b6559da7;417.24;0.02;SELL
2016-02-18T00:48:42.633000;2016-02-18T00:48:42.673000;de412891-1c1c-4c66-9d60-a02fa1c84769;417.23;0.02;SELL
2016-02-18T00:48:49.810000;2016-02-18T00:48:49.860000;aecf54ae-a1a1-4dd2-98da-21fc2d002e62;417.23;0.02;SELL
2016-02-18T00:48:58.480000;2016-02-18T00:48:58.517000;88827cf2-234e-4cae-a8dc-58b17297c65b;417.24;0.02;SELL
2016-02-18T00:49:05.583000;2016-02-18T00:49:05.627000;fb325535-9d30-446f-b0f5-4f25539498ea;417.26;0.02;SELL
2016-02-18T00:49:12.450000;2016-02-18T00:49:12.487000;6fac8ead-7f5e-4b03-9e3a-fc71c92fde1a;417.26;0.02;SELL
2016-02-18T00:49:19.463000;2016-02-18T00:49:19.517000;c4a5d4bd-9d6f-48a9-b60d-72a6a206b439;417.26;0.02;SELL
2016-02-18T00:49:26.613000;2016-02-18T00:49:26.640000;62c889de-233f-4d8a-b7c7-2e7f915ebfa8;417.28;0.01;SELL
2016-02-18T00:49:26.613000;2016-02-18T00:49:26.657000;a7ae0a5b-17c8-4dd8-b7f4-6b9c28db81ca;417.26;0.01;SELL
2016-02-18T00:49:33.000000;2016-02-18T00:49:33.033000;ae68e664-29a3-4deb-ab12-e0cd1062e6de;417.29;0.01038;BUY
2016-02-18T00:49:34.560000;2016-02-18T00:49:34.593000;c919e94a-f2e9-49bf-bcca-ccfdf2c46298;417.28;0.01;SELL
2016-02-18T00:49:34.560000;2016-02-18T00:49:34.610000;52d86a60-09ff-47b7-b039-0ac6d11764f3;417.26;0.01;SELL
2016-02-18T00:49:41.407000;2016-02-18T00:49:41.453000;aadfc3e4-f38e-44ef-ac0a-fc356a599135;417.29;0.01002;BUY
2016-02-18T00:49:43.160000;2016-02-18T00:49:43.203000;e77b0106-eaee-47d8-9e26-cb0d0c94b3f2;417.28;0.02;SELL
2016-02-18T00:49:49.937000;2016-02-18T00:49:49.970000;7bc6358a-4601-4815-b494-961ab31dcddb;417.28;0.001;SELL
2016-02-18T00:49:49.937000;2016-02-18T00:49:49.970000;ddee08fe-c880-40a5-ab24-add55cb21c03;417.26;0.019;SELL
2016-02-18T00:49:56.550000;2016-02-18T00:49:56.593000;27cad79a-2bd7-42da-bf48-0b9ae4a5b009;417.26;0.02;SELL
2016-02-18T00:50:03.517000;2016-02-18T00:50:03.547000;3c4f500b-5453-4792-986f-f14ab01079cf;417.28;0.02;SELL
2016-02-18T00:50:06.750000;2016-02-18T00:50:06.783000;b5d3ce40-3e28-454e-8871-3f626b588c33;417.28;0.014;SELL
2016-02-18T00:50:06.750000;2016-02-18T00:50:06.797000;9697064f-75ab-4dd7-9525-6526797cd87a;417.26;0.131;SELL
2016-02-18T00:50:06.750000;2016-02-18T00:50:06.797000;de39f5a7-f11e-4467-9908-aa57b5e49b5b;417.24;0.252;SELL
2016-02-18T00:50:06.750000;2016-02-18T00:50:06.797000;dae04344-fc04-40f0-9617-398937bda782;417.24;0.22;SELL
2016-02-18T00:50:08.870000;2016-02-18T00:50:08.907000;1ec0a1a6-53c4-46f2-83ff-94f0eb63a828;417.28;0.042;BUY
2016-02-18T00:50:10.010000;2016-02-18T00:50:10.047000;666d97ed-0b92-4c53-9bfb-0fcd8eca07f3;417.23;0.03626;SELL
2016-02-18T00:50:10.550000;2016-02-18T00:50:10.580000;b6d1368e-a78f-488c-ba9d-9c550a034ebc;417.23;0.02;SELL
2016-02-18T00:50:17.823000;2016-02-18T00:50:17.877000;bc656eac-95b4-4b28-8d77-84928961de55;417.24;0.01;SELL
2016-02-18T00:50:17.823000;2016-02-18T00:50:17.877000;f96d071e-0fc8-439f-a8d5-a5b5cb5f78a5;417.23;0.01;SELL
2016-02-18T00:50:24.373000;2016-02-18T00:50:24.440000;f6725dc6-6ea0-412f-97aa-62b36e158a8f;417.24;0.01022;BUY
2016-02-18T00:50:25.867000;2016-02-18T00:50:25.907000;0ee1275b-75ff-43bd-8eea-c28b9180e1b0;417.23;0.02;SELL
2016-02-18T00:50:32.927000;2016-02-18T00:50:32.970000;d180cd88-b7f1-4588-88b8-96430ddcf2f5;417.23;0.02;SELL
2016-02-18T00:50:37.297000;2016-02-18T00:50:37.330000;e2dc9545-ee17-4958-9a69-6f79bdb4ce02;417.23;0.85874;SELL
2016-02-18T00:50:39.850000;2016-02-18T00:50:39.877000;5fb8d5f6-c206-4021-9a38-ab4fdf0fdec5;417.16;0.01;SELL
2016-02-18T00:50:39.850000;2016-02-18T00:50:39.890000;b4b221ea-a484-48b4-ae2d-e12cc5b0dee1;417.12;0.01;SELL
2016-02-18T00:50:46.247000;2016-02-18T00:50:46.297000;19a9b086-b9fb-424c-ab04-016810a99f0e;417.07;0.0101;BUY
2016-02-18T00:50:47.820000;2016-02-18T00:50:47.860000;d8ee8dbb-a13a-4684-9bad-f941911f7584;417.01;0.02;SELL
2016-02-18T00:51:05.313000;2016-02-18T00:51:05.343000;b0024706-9ea2-417a-be18-6e17af9940d4;417.03;0.02;SELL
2016-02-18T00:51:12.267000;2016-02-18T00:51:12.313000;98252c6c-15e7-4131-ae31-16252e494020;417.02;0.02;SELL
2016-02-18T00:51:19.167000;2016-02-18T00:51:19.203000;73d3a43c-3d5d-476c-8c18-c8c188b8b2a8;417.04;0.02;SELL
2016-02-18T00:51:27.257000;2016-02-18T00:51:27.297000;87ed5f78-a416-40a5-a49c-bf4e4d89d0ff;417.03;0.01;SELL
2016-02-18T00:51:27.257000;2016-02-18T00:51:27.297000;feaad47c-b845-4528-a013-9ba1bb0aeae8;417.03;0.01;SELL
2016-02-18T00:51:34.723000;2016-02-18T00:51:34.750000;91986e69-a529-4117-8968-d28a94a32ba7;417.08;0.01;BUY
2016-02-18T00:51:34.723000;2016-02-18T00:51:34.767000;afb461bc-699c-46d3-a35a-930c1c5085d6;417.09;0.00018;BUY
2016-02-18T00:51:36.217000;2016-02-18T00:51:36.250000;95a7b85e-d91b-47bd-a63a-eed3a308d9a0;417.06;0.01;SELL
2016-02-18T00:51:36.217000;2016-02-18T00:51:36.250000;2cc1366c-75c0-413c-9a3d-09be9df73a07;417.05;0.01;SELL
2016-02-18T00:51:43.580000;2016-02-18T00:51:43.610000;f4a9a69b-1372-4c6b-9f39-6a0d1bc330f1;417.09;0.01002;BUY
2016-02-18T00:51:45.103000;2016-02-18T00:51:45.140000;861f9b6f-5211-45b3-8fb3-ab1ba074c0a3;417.08;0.011;SELL
2016-02-18T00:51:45.103000;2016-02-18T00:51:45.140000;fccbee38-2676-4f71-b01b-c775f0dd011b;417.08;0.009;SELL
2016-02-18T00:51:52.160000;2016-02-18T00:51:52.203000;6f5333c9-9476-4195-9b13-cf95fc6497ac;417.01;0.01;SELL
2016-02-18T00:51:52.160000;2016-02-18T00:51:52.203000;c379d07f-9bff-49b2-844c-efb53f28b7f1;417.01;0.01;SELL
2016-02-18T00:51:59.083000;2016-02-18T00:51:59.110000;c0b4edaf-cc58-4ba9-bcd7-13416ee69cf0;417.02;0.01;SELL
2016-02-18T00:51:59.083000;2016-02-18T00:51:59.127000;81c81ec7-4537-4611-91e3-579e268a07f4;417.02;0.01;SELL
2016-02-18T00:52:06.233000;2016-02-18T00:52:06.267000;ccf857d3-df51-4ce7-a490-2baf76f06ff3;417.07;0.01;SELL
2016-02-18T00:52:06.233000;2016-02-18T00:52:06.283000;81829d28-c216-4b26-8324-ff7593140542;417.05;0.01;SELL
2016-02-18T00:52:12.560000;2016-02-18T00:52:12.593000;a08057eb-9c93-4a26-8a46-ddf2c4173739;417.08;0.01;BUY
2016-02-18T00:52:12.560000;2016-02-18T00:52:12.593000;31ee3c2c-14b7-472b-97d6-39c332672859;417.08;0.009122;BUY
2016-02-18T00:52:14.107000;2016-02-18T00:52:14.127000;d61e673b-3fbc-4d56-9f5e-14677bb09e38;417.01;0.01;SELL
2016-02-18T00:52:14.107000;2016-02-18T00:52:14.140000;7ecff3d1-c1be-4923-9c88-a7103de71844;417.0;0.01;SELL
2016-02-18T00:52:24.300000;2016-02-18T00:52:24.330000;b98e5d6c-cde0-4b7f-b170-84d236f93c9f;417.01;0.01002;BUY
2016-02-18T00:52:25.860000;2016-02-18T00:52:25.907000;82adc197-ee32-4f35-9737-5bb457c44e7f;417.0;0.0025;SELL
2016-02-18T00:52:25.860000;2016-02-18T00:52:25.907000;7c48ecdf-65d2-4d54-b46a-0016441ea002;417.0;0.01;SELL
2016-02-18T00:52:25.860000;2016-02-18T00:52:25.907000;162eb18e-d5bc-4ff2-951d-c37d2c8a7886;417.0;0.0075;SELL
2016-02-18T00:52:32.597000;2016-02-18T00:52:32.627000;d8d4f3ef-542c-42d9-b685-751b95079972;416.97;0.01;SELL
2016-02-18T00:52:32.597000;2016-02-18T00:52:32.640000;78c53cb3-d635-4a86-9121-17ab9786722d;416.97;0.01;SELL
2016-02-18T00:52:39.737000;2016-02-18T00:52:39.783000;febb4467-8a02-486e-9c58-bf6bbef25a13;417.0;0.01;SELL
2016-02-18T00:52:39.737000;2016-02-18T00:52:39.783000;4c1f938d-94d4-42df-810a-8fa438690821;417.0;0.01;SELL
2016-02-18T00:52:47.290000;2016-02-18T00:52:47.313000;956e6d64-ed63-4521-a872-fd9d4917cffc;416.98;0.01;SELL
2016-02-18T00:52:47.290000;2016-02-18T00:52:47.343000;53fad9cf-6590-4369-aa00-0118d3e973e8;416.98;0.01;SELL
2016-02-18T00:52:54.117000;2016-02-18T00:52:54.140000;e3f92fd7-41ae-44e7-9472-98d1ff4cb26c;417.0;0.01;SELL
2016-02-18T00:52:54.117000;2016-02-18T00:52:54.157000;a9ee6099-f825-4dee-a0e5-e7ac1e2981bd;417.0;0.01;SELL
2016-02-18T00:53:00.987000;2016-02-18T00:53:01.017000;9e908fe1-2e83-4a6e-9b1d-85b7b164fff5;417.0;0.01;SELL
2016-02-18T00:53:00.987000;2016-02-18T00:53:01.017000;1f53e08a-7039-44d5-999f-cfa485f5b753;417.0;0.01;SELL
2016-02-18T00:53:07.710000;2016-02-18T00:53:07.737000;55c94849-7790-4af1-a560-b5704a6068fc;417.0;0.02;SELL
2016-02-18T00:53:15.417000;2016-02-18T00:53:15.453000;1d695a82-2541-4a5e-8e89-0fef3dc0d8b8;417.0;0.02;SELL
2016-02-18T00:53:22.473000;2016-02-18T00:53:22.500000;fc03b03d-f5a8-4ae6-9f72-e30672e62fcb;417.0;0.02;SELL
2016-02-18T00:53:29.370000;2016-02-18T00:53:29.390000;9347fe8a-e073-4658-a018-1a1205dc8a7d;417.0;0.02;SELL
2016-02-18T00:53:36.253000;2016-02-18T00:53:36.283000;d6ce4932-c569-4fe6-80d5-b1202636d843;417.0;0.02;SELL
2016-02-18T00:53:43.567000;2016-02-18T00:53:43.610000;249e6585-465c-488b-815c-503150ebc381;417.0;0.02;SELL
2016-02-18T00:53:50.230000;2016-02-18T00:53:50.250000;092de601-0fa6-4beb-8712-a103ac3de4ec;417.0;0.02;SELL
2016-02-18T00:53:57.057000;2016-02-18T00:53:57.080000;bbcbab7d-2e5c-4bf3-bc4e-130e37c26282;417.0;0.02;SELL
2016-02-18T00:54:00.450000;2016-02-18T00:54:00.487000;aa28c4aa-719b-433a-89cf-869601fa7fd5;417.01;5.27148;BUY
2016-02-18T00:54:00.450000;2016-02-18T00:54:00.487000;d1024667-b7a2-4797-bd64-f5e50bffef2b;417.01;0.90965392;BUY
2016-02-18T00:54:00.450000;2016-02-18T00:54:00.500000;3230f3e9-daad-446a-9878-a52f3bfb0eac;417.01;2.5;BUY
2016-02-18T00:54:00.450000;2016-02-18T00:54:00.500000;a9930055-33e6-4d45-9e79-71dbf594a971;417.01;0.1949;BUY
2016-02-18T00:54:00.450000;2016-02-18T00:54:00.500000;7b38ab22-cdc7-497c-b210-a263798fc9de;417.01;1.0;BUY
2016-02-18T00:54:00.450000;2016-02-18T00:54:00.500000;923a0a17-edf6-4cfa-86d9-b46167c5861e;417.07;0.02;BUY
2016-02-18T00:54:04.490000;2016-02-18T00:54:04.533000;2c02e331-d9a7-400a-b826-306fca9ae72d;417.13;0.02;SELL
2016-02-18T00:54:12.837000;2016-02-18T00:54:12.877000;780fcbcb-fa7c-4c07-86a1-90be1d083c26;417.14;0.01;SELL
2016-02-18T00:54:12.840000;2016-02-18T00:54:12.877000;d6afc765-b690-4f1b-9c66-8a1f426e742b;417.13;0.01;SELL
2016-02-18T00:54:19.433000;2016-02-18T00:54:19.453000;707d001b-65db-437e-a6d6-f4d60de5f447;417.15;0.01;BUY
2016-02-18T00:54:19.433000;2016-02-18T00:54:19.470000;c65c27aa-7620-4486-8517-57769a0fe260;417.19;0.00062;BUY
2016-02-18T00:54:20.973000;2016-02-18T00:54:21.000000;f7fa9b0a-e7c6-4966-bdbb-5c86aaeb4ed8;417.15;0.02;SELL
2016-02-18T00:54:27.777000;2016-02-18T00:54:27.813000;3a2c428e-ee79-4d15-8a95-4ef4640ecbda;417.18;0.01;SELL
2016-02-18T00:54:27.777000;2016-02-18T00:54:27.813000;69ec7ca4-bfc3-40ee-aa4e-c59942601cd4;417.14;0.01;SELL
2016-02-18T00:54:32.337000;2016-02-18T00:54:32.360000;ffd1fad0-c5d9-4865-95df-781fdf482a75;417.19;0.00938;BUY
2016-02-18T00:54:32.337000;2016-02-18T00:54:32.390000;c6370aae-d66d-49e3-a0de-e28860fbd370;417.19;0.01;BUY
2016-02-18T00:54:32.337000;2016-02-18T00:54:32.390000;090b26de-ada0-49b0-977a-21538fa52d92;417.19;0.013;BUY
2016-02-18T00:54:32.337000;2016-02-18T00:54:32.390000;5d5cd10f-bc04-44cd-ae40-55439b2bc9e5;417.25;0.01;BUY
2016-02-18T00:54:32.337000;2016-02-18T00:54:32.390000;9e7be4b5-b3c4-4a15-ab38-71e3ef4bff11;417.3;0.01;BUY
2016-02-18T00:54:32.337000;2016-02-18T00:54:32.390000;96de8a70-3cc6-4809-9499-d362139fc35e;417.31;0.01;BUY
2016-02-18T00:54:32.337000;2016-02-18T00:54:32.390000;fa206ee3-25b9-469d-897f-4a21f72f4614;417.33;0.01;BUY
2016-02-18T00:54:32.337000;2016-02-18T00:54:32.407000;c95b9cef-a1b7-4149-8899-5f1cf536e927;417.34;0.01;BUY
2016-02-18T00:54:32.337000;2016-02-18T00:54:32.407000;6b66c729-506e-42c7-86eb-7fdf0fcde708;417.38;0.01;BUY
2016-02-18T00:54:32.337000;2016-02-18T00:54:32.407000;06a432fc-1a6b-425e-b2cf-d4edb8bad605;417.4;0.5;BUY
2016-02-18T00:54:32.337000;2016-02-18T00:54:32.407000;a57f78f8-d711-46a1-823b-f8f8f00761da;417.41;0.19;BUY
2016-02-18T00:54:32.340000;2016-02-18T00:54:32.423000;a7e9f441-d936-431d-b6f0-3ca79a784ba1;417.41;0.08;BUY
2016-02-18T00:54:32.340000;2016-02-18T00:54:32.423000;4b6b2723-151c-4fa7-95f7-709bb67bdad4;417.42;0.01;BUY
2016-02-18T00:54:32.340000;2016-02-18T00:54:32.423000;6ea3bea3-458d-43f8-abbd-4dd2195b5630;417.46;0.01;BUY
2016-02-18T00:54:32.340000;2016-02-18T00:54:32.440000;3fc8d424-a38a-4560-8e8d-2271853373a2;417.46;0.072;BUY
2016-02-18T00:54:32.340000;2016-02-18T00:54:32.440000;9458dba4-79f8-457c-907c-ff70a8c92909;417.48;0.2;BUY
2016-02-18T00:54:32.340000;2016-02-18T00:54:32.440000;4e15fd25-8161-49db-9464-9c27956a270d;417.49;0.01;BUY
2016-02-18T00:54:32.340000;2016-02-18T00:54:32.453000;f6887652-536e-47ae-ac46-b4e6c1bef611;417.49;0.2;BUY
2016-02-18T00:54:32.340000;2016-02-18T00:54:32.453000;580c8652-9e0c-41f0-934b-b0b9b33cca48;417.5;0.01;BUY
2016-02-18T00:54:32.340000;2016-02-18T00:54:32.453000;3912407b-150b-463b-9789-460edff01ec7;417.5;0.01140596;BUY
2016-02-18T00:54:32.340000;2016-02-18T00:54:32.453000;3d7df885-46d2-4f03-a33e-13304254abf4;417.5;0.01;BUY
2016-02-18T00:54:32.340000;2016-02-18T00:54:32.453000;97172820-2a87-47ff-a28a-883cedaa4b65;417.5;0.4;BUY
2016-02-18T00:54:32.340000;2016-02-18T00:54:32.453000;e1322e3e-f548-4132-a098-ef28937c1309;417.51;0.01;BUY
2016-02-18T00:54:32.340000;2016-02-18T00:54:32.453000;4c8e3ead-e6db-4c83-88b9-4810636d8913;417.51;0.02;BUY
2016-02-18T00:54:32.340000;2016-02-18T00:54:32.453000;747c0727-06ad-4e47-a5c8-051adf6378fc;417.51;0.6;BUY
2016-02-18T00:54:32.340000;2016-02-18T00:54:32.453000;15f1a02a-1487-4726-8be7-3cee90fe4c89;417.51;1.0;BUY
2016-02-18T00:54:32.340000;2016-02-18T00:54:32.453000;c48a0b5d-3870-44dc-b145-851665027bdc;417.52;0.424;BUY
2016-02-18T00:54:32.340000;2016-02-18T00:54:32.453000;8ac2e762-52be-4870-a097-22c565815f10;417.55;1.2;BUY
2016-02-18T00:54:32.340000;2016-02-18T00:54:32.453000;f901313f-2a84-4817-b133-5349105d4879;417.56;0.02;BUY
2016-02-18T00:54:32.340000;2016-02-18T00:54:32.453000;c481eb4d-696b-4246-bb4c-338b36634cf0;417.56;0.44;BUY
2016-02-18T00:54:32.343000;2016-02-18T00:54:32.487000;8c8f9ead-47ac-443f-ba81-e395aca4dfd3;417.57;1.2;BUY
2016-02-18T00:54:32.343000;2016-02-18T00:54:32.487000;e6659db4-5dbf-4fc9-9d8e-c94702fb0bdd;417.59;0.6;BUY
2016-02-18T00:54:32.343000;2016-02-18T00:54:32.487000;6f8e2047-7ca8-4e70-a554-2f29875ce8f7;417.6;0.02;BUY
2016-02-18T00:54:32.343000;2016-02-18T00:54:32.487000;f9486e46-0650-4065-b7d9-4df67f9f956d;417.6;1.0;BUY
2016-02-18T00:54:32.343000;2016-02-18T00:54:32.487000;9d99fd8b-9d21-4791-af65-34c904f2e45a;417.61;0.02;BUY
2016-02-18T00:54:32.343000;2016-02-18T00:54:32.487000;4c40bdab-14b7-4b13-8ba8-f17f7d31c812;417.61;0.41;BUY
2016-02-18T00:54:32.343000;2016-02-18T00:54:32.487000;1b7d1024-82fe-4c57-b130-a48fad3afc0c;417.64;1.8;BUY
2016-02-18T00:54:32.343000;2016-02-18T00:54:32.487000;cc6dc35c-0138-491b-93e4-8a5ebba60a1b;417.66;0.02;BUY
2016-02-18T00:54:32.343000;2016-02-18T00:54:32.487000;19ca21f3-ba50-4ad5-8eb4-0f0cb6296504;417.66;0.443;BUY
2016-02-18T00:54:32.343000;2016-02-18T00:54:32.487000;b8a3a6a5-6be6-4ef0-9057-75964b48fc90;417.69;0.32380404;BUY
2016-02-18T00:54:36.180000;2016-02-18T00:54:36.203000;550455be-66bb-4003-84d2-56307bbec402;417.24;0.02;SELL
2016-02-18T00:54:44.193000;2016-02-18T00:54:44.220000;be14ebe7-b828-47da-8b0b-a866f7e8aeaf;417.37;0.01;BUY
2016-02-18T00:54:44.193000;2016-02-18T00:54:44.237000;c01d101e-db41-4e2f-8e44-f1c3fa61d335;417.37;0.01;BUY
2016-02-18T00:54:44.193000;2016-02-18T00:54:44.237000;ccd7a13c-04d3-44fd-a638-192c68d20c9b;417.7;8e-05;BUY
2016-02-18T00:54:49.973000;2016-02-18T00:54:50.000000;8a6245a3-4c21-40be-b71c-cda07efce7e0;417.43;0.128;SELL
2016-02-18T00:54:49.977000;2016-02-18T00:54:50.000000;03b558da-14c7-4cc4-94ff-3d395b58319f;417.43;0.14336154;SELL
2016-02-18T00:55:03.013000;2016-02-18T00:55:03.033000;46dce542-ec5b-441a-90b4-d39d3bc8e20e;417.58;0.74502;SELL
2016-02-18T00:55:07.730000;2016-02-18T00:55:07.767000;9fbb9bec-8680-4b85-b778-a16eb39277c1;417.62;0.01998;SELL
2016-02-18T00:55:32.933000;2016-02-18T00:55:32.953000;c5a73a32-6aa4-4177-80a1-4aad1fb04fac;417.7;0.01132596;BUY
2016-02-18T00:55:32.937000;2016-02-18T00:55:32.970000;044c44c0-86e7-4104-81a0-912be1b031d9;417.71;0.02;BUY
2016-02-18T00:55:32.937000;2016-02-18T00:55:32.987000;beb8be52-f987-462e-ae0b-53038144ca2d;417.71;0.02;BUY
2016-02-18T00:55:32.937000;2016-02-18T00:55:32.987000;b1d2e608-e071-43fa-8490-588757f14fae;417.75;0.01;BUY
2016-02-18T00:55:32.937000;2016-02-18T00:55:32.987000;a0c7bc48-dfa5-492c-914a-03da31f1c49b;417.75;0.01;BUY
2016-02-18T00:55:32.937000;2016-02-18T00:55:33.047000;d04461c9-fbd7-44c0-bad6-919d69a406a0;417.76;0.02;BUY
2016-02-18T00:55:32.937000;2016-02-18T00:55:33.047000;60d34e7e-6496-4f50-9d9f-1e03f7c49ffb;417.78;0.06;BUY
2016-02-18T00:55:32.937000;2016-02-18T00:55:33.047000;aefad767-95f3-4d75-a848-e6a0595d542d;417.79;0.01;BUY
2016-02-18T00:55:32.937000;2016-02-18T00:55:33.047000;92621b9a-0f7b-4083-a2c8-b32dc5e53817;417.81;0.04;BUY
2016-02-18T00:55:32.937000;2016-02-18T00:55:33.047000;69f7cf22-54fa-4aac-9486-199bb21939d5;417.81;0.02;BUY
2016-02-18T00:55:32.937000;2016-02-18T00:55:33.063000;e3b846f3-428e-48ef-9361-541768c9592f;417.83;0.01;BUY
2016-02-18T00:55:32.937000;2016-02-18T00:55:33.063000;e438f5f9-ed0d-4f04-b497-4b2246c382c3;417.86;0.02;BUY
2016-02-18T00:55:32.937000;2016-02-18T00:55:33.063000;8ade1616-df87-47f5-b994-e63086968ada;417.89;0.079;BUY
2016-02-18T00:55:32.937000;2016-02-18T00:55:33.063000;04aee8e2-79fe-4aba-82a0-81ebc48b80c1;417.9;0.0113998;BUY
2016-02-18T00:55:32.937000;2016-02-18T00:55:33.063000;55f6c51c-e440-4d7d-8ba1-da971051f7a0;417.91;0.02;BUY
2016-02-18T00:55:32.937000;2016-02-18T00:55:33.063000;4112f00e-995a-4bcc-9380-006c34d2c468;417.91;0.02;BUY
2016-02-18T00:55:32.937000;2016-02-18T00:55:33.063000;d9f7eb20-44c4-4b53-9141-1ef0da131c4d;417.94;0.118;BUY
2016-02-18T00:55:32.937000;2016-02-18T00:55:33.063000;93065811-1570-4100-8cfa-375ca325ce1b;417.95;0.01;BUY
2016-02-18T00:55:32.940000;2016-02-18T00:55:33.063000;6ed8b975-b22a-4cbf-9dc4-a6e58386cb8a;417.96;0.01;BUY
2016-02-18T00:55:32.940000;2016-02-18T00:55:33.063000;b9c8a7c5-a26a-4dd3-abb0-4b9251647fb0;417.96;0.02;BUY
2016-02-18T00:55:32.940000;2016-02-18T00:55:33.063000;045880a9-11cb-4671-aba6-3ec977a7250f;417.97;0.075;BUY
2016-02-18T00:55:32.940000;2016-02-18T00:55:33.063000;c2bd2ec4-bb2a-4031-91bb-c0dc9f80313f;417.98;1.0272;BUY
2016-02-18T00:55:32.940000;2016-02-18T00:55:33.063000;4ef95641-0f40-424c-83ad-4c0a9b4107ce;417.98;1.0;BUY
2016-02-18T00:55:32.940000;2016-02-18T00:55:33.063000;d6b8abdc-6460-4c4f-947d-a861262fe29c;417.99;0.58419424;BUY
2016-02-18T00:55:39.923000;2016-02-18T00:55:39.940000;4b2908fc-66f9-4d17-934d-df4edaba4a19;417.79;0.02;SELL
2016-02-18T00:55:46.340000;2016-02-18T00:55:46.360000;c7618a2f-7b06-42bd-b45d-059173e39ca4;417.99;0.02;BUY
2016-02-18T00:55:48.043000;2016-02-18T00:55:48.063000;0983e1a1-ae42-43eb-ab09-7148117bd1b0;417.97;0.02;SELL
2016-02-18T00:55:49.013000;2016-02-18T00:55:49.047000;cd03b63f-4814-4d26-9683-b42dad86320a;417.99;0.02;BUY
2016-02-18T00:55:55.903000;2016-02-18T00:55:55.923000;40cd932b-35c3-4ea8-ab67-e468a9845326;417.97;0.02;SELL
2016-02-18T00:56:02.497000;2016-02-18T00:56:02.517000;3bb00206-061d-48eb-81b2-e51602fd4c20;417.97;0.21;SELL
2016-02-18T00:56:02.497000;2016-02-18T00:56:02.533000;1e2142d9-4af5-464c-99cb-72934a3f1e43;417.97;1.128;SELL
2016-02-18T00:56:02.497000;2016-02-18T00:56:02.547000;3d3c3b60-904d-4ad8-b709-ac78ea9501b7;417.96;0.05999;SELL
2016-02-18T00:56:03.507000;2016-02-18T00:56:03.533000;f83fa05c-06c8-4f53-b5e1-de48c568070e;417.97;0.02;SELL
2016-02-18T00:56:12.687000;2016-02-18T00:56:12.703000;8bde76e2-e0a6-454d-99a1-0bf0ebf8fbf0;417.97;0.02;SELL
2016-02-18T00:56:19.977000;2016-02-18T00:56:20.000000;eab059e1-1259-4374-b7a6-cd5a5f5a2934;417.98;0.01;SELL
2016-02-18T00:56:19.977000;2016-02-18T00:56:20.000000;f9b97175-7c4d-4067-b413-0ac2a54b7975;417.98;0.01;SELL
2016-02-18T00:56:27.027000;2016-02-18T00:56:27.063000;5b503d65-7ad2-40d1-a1cd-04b24044a2d7;417.98;0.02;SELL
2016-02-18T00:56:32.187000;2016-02-18T00:56:32.203000;151b540e-3d07-47b6-a485-40bae51be63f;417.99;0.51761576;BUY
2016-02-18T00:56:32.187000;2016-02-18T00:56:32.237000;8171791c-815c-46ac-8bae-4e1f2a8d281f;418.0;0.06924424;BUY
2016-02-18T00:56:35.220000;2016-02-18T00:56:35.237000;5faa1f92-b087-46c0-be22-9f61024ab4d0;417.99;0.02;SELL
2016-02-18T00:56:42.837000;2016-02-18T00:56:42.860000;40859582-3440-4c5d-bb6f-456bec5efdcc;418.0;0.00575576;BUY
2016-02-18T00:56:42.837000;2016-02-18T00:56:42.860000;e53d1320-e073-411b-851c-65f6cc48835a;418.0;0.01448424;BUY
2016-02-18T00:57:02.690000;2016-02-18T00:57:02.703000;8800e181-0e1a-4958-8d55-ce9fb96ec2f2;418.0;0.12142;BUY
2016-02-18T00:57:13.640000;2016-02-18T00:57:13.680000;f7590e4e-8af1-46f9-bece-169e135b21bc;417.99;0.01;SELL
2016-02-18T00:57:32.407000;2016-02-18T00:57:32.460000;edaed48d-b8fd-4582-92b3-32ff4f47def5;417.99;0.22;SELL
2016-02-18T00:57:32.407000;2016-02-18T00:57:32.460000;a61dd0a4-9811-4ed1-abbf-bfc668e559d1;417.99;0.122;SELL
2016-02-18T00:57:32.407000;2016-02-18T00:57:32.477000;8a3f3162-0e9f-40fe-b894-d9832ff7058a;417.99;0.2056;SELL
2016-02-18T00:58:02.350000;2016-02-18T00:58:02.397000;404f6b18-afae-4ede-bc44-8ee6a75d9cc1;417.99;0.01502;SELL
2016-02-18T00:58:33.007000;2016-02-18T00:58:33.053000;0c671d77-3da6-4296-bc12-b7dea512cabb;418.0;0.62085;BUY
2016-02-18T00:58:39.163000;2016-02-18T00:58:39.210000;5745a9a0-f366-4468-95f1-a20737458e11;417.99;0.23498;SELL
2016-02-18T00:58:39.163000;2016-02-18T00:58:39.210000;6f139e6c-fd42-4d66-b4e8-aa7cdd8e7f64;417.99;0.076;SELL
2016-02-18T00:58:56.220000;2016-02-18T00:58:56.257000;82e8a7fb-e7fd-4880-869a-dec7ae1664df;417.98;0.093;SELL
2016-02-18T00:58:56.220000;2016-02-18T00:58:56.273000;252d0204-8f36-4cd8-9a82-0c6e2f5c8741;417.98;0.36503573;SELL
2016-02-18T00:59:02.307000;2016-02-18T00:59:02.350000;9e59446b-287b-4076-b048-346078248c49;417.98;0.25;SELL
2016-02-18T00:59:02.307000;2016-02-18T00:59:02.350000;1f384b9a-fc73-4f54-ad5c-fbe41770c899;417.96;0.93953;SELL
2016-02-18T00:59:32.183000;2016-02-18T00:59:32.210000;5ef0ba99-eba7-4533-bc78-fd63271964fe;417.99;0.02;BUY
2016-02-18T00:59:32.183000;2016-02-18T00:59:32.227000;e83ecb76-375c-4f13-915c-f39db57dfab7;417.99;0.01;BUY
2016-02-18T00:59:32.183000;2016-02-18T00:59:32.227000;4a97bff4-7cdc-473c-8642-419823b9cc6c;418.0;0.24324576;BUY
2016-02-18T00:59:32.183000;2016-02-18T00:59:32.227000;06190ae2-5076-4119-ae85-b2b5981cf37b;418.0;0.01;BUY
2016-02-18T00:59:32.183000;2016-02-18T00:59:32.227000;c5b7db60-13a0-4ab8-a70f-748bb00a61cb;418.0;0.67822424;BUY
2016-02-18T01:00:02.470000;2016-02-18T01:00:02.507000;914c75f4-557b-4e70-bf51-4bf0aff4a917;417.99;0.01;SELL
2016-02-18T01:00:02.470000;2016-02-18T01:00:02.523000;0764d54e-5aff-40d3-93f5-eaabf8829d58;417.99;0.12;SELL
2016-02-18T01:00:02.470000;2016-02-18T01:00:02.523000;95c2721b-1b36-470c-8ac1-18ddea171209;417.98;0.3;SELL
