time_exchange;time_coinpai;guid;price;base_amount;taker_side
2016-02-18T00:00:13.000000;2016-02-18T00:00:13.000000;ee96c51a-2e1f-467f-974f-e4d555b53bd2;414.89;6.294;UNKNOWN
2016-02-18T00:00:22.000000;2016-02-18T00:00:22.000000;9075bf59-9961-4bbe-84d3-2b83a333d3cd;415.52;5.47497205;UNKNOWN
2016-02-18T00:00:22.000000;2016-02-18T00:00:22.000000;9aeba045-92f7-4aab-a246-526ed429e40c;415.0;0.1;UNKNOWN
2016-02-18T00:00:22.000000;2016-02-18T00:00:22.000000;230a35b2-2f2b-449a-b406-ab44d3674b7e;414.89;3.706;UNKNOWN
2016-02-18T00:00:22.000000;2016-02-18T00:00:22.000000;71bf8002-4d01-4335-a5e2-40c2021d3d76;414.95;0.01;UNKNOWN
2016-02-18T00:00:22.000000;2016-02-18T00:00:22.000000;02e786e5-6252-46e7-896b-1c161d05bc77;415.52;6.0143;UNKNOWN
2016-02-18T00:00:32.000000;2016-02-18T00:00:32.000000;fc80a1fc-38f7-4659-a588-52573ab7d18b;415.59;0.39099173;UNKNOWN
2016-02-18T00:01:04.000000;2016-02-18T00:01:04.000000;1fe343ae-dd91-429c-ad1c-297abc5b6cca;415.55;0.011;UNKNOWN
2016-02-18T00:01:04.000000;2016-02-18T00:01:04.000000;03b30554-44d5-4706-a778-20519d7d09d5;415.53;0.12648543;UNKNOWN
2016-02-18T00:01:07.000000;2016-02-18T00:01:07.000000;ccb13e53-abfc-4cf0-9242-d0d8b5642d5a;415.44;6.0;UNKNOWN
2016-02-18T00:01:07.000000;2016-02-18T00:01:07.000000;69953b31-9818-4a85-9c3e-a33e4424b9b0;415.56;3.0;UNKNOWN
2016-02-18T00:01:07.000000;2016-02-18T00:01:07.000000;bd477d74-720a-4e87-b1af-beb7eb69d238;415.54;5.9524;UNKNOWN
2016-02-18T00:01:07.000000;2016-02-18T00:01:07.000000;d63cee4a-2182-4379-92b0-0016241f9d8d;415.35;7.0968;UNKNOWN
2016-02-18T00:01:07.000000;2016-02-18T00:01:07.000000;048dc9e4-574c-4081-8eb0-245ba92ec973;415.36;16.2957;UNKNOWN
2016-02-18T00:01:07.000000;2016-02-18T00:01:07.000000;aa63484b-f97e-4bbd-9377-bc21afe4723e;415.43;11.6551;UNKNOWN
2016-02-18T00:01:14.000000;2016-02-18T00:01:14.000000;c3ad9635-0a67-4cb2-92b7-fde20420441d;415.7;2.0;UNKNOWN
2016-02-18T00:01:14.000000;2016-02-18T00:01:14.000000;33da2d39-b7c3-46f3-a889-03ba88b6a088;415.69;5.9875;UNKNOWN
2016-02-18T00:01:14.000000;2016-02-18T00:01:14.000000;64c4ff6c-e49f-455b-83c5-bbfc33adc685;415.79;2.0125;UNKNOWN
2016-02-18T00:01:16.000000;2016-02-18T00:01:16.000000;d338ca43-7cac-4f5e-a34e-92dd7642d6aa;415.18;0.5;UNKNOWN
2016-02-18T00:01:16.000000;2016-02-18T00:01:16.000000;6f41ac83-8ffe-4331-a888-b6c853520ac5;415.18;3.0;UNKNOWN
2016-02-18T00:01:16.000000;2016-02-18T00:01:16.000000;b4af9cce-4454-4455-8562-d4c1737bb624;415.18;10.0;UNKNOWN
2016-02-18T00:01:16.000000;2016-02-18T00:01:16.000000;4253cae0-17f2-4ad0-99ca-c7dbb0438893;415.18;5.3736;UNKNOWN
2016-02-18T00:01:16.000000;2016-02-18T00:01:16.000000;aaaf9bdd-97a6-4e13-8101-d1fab688deee;415.12;1.1264;UNKNOWN
2016-02-18T00:01:26.000000;2016-02-18T00:01:26.000000;c10770d2-5748-461c-94b3-398249f587eb;415.13;3.9925;UNKNOWN
2016-02-18T00:01:26.000000;2016-02-18T00:01:26.000000;abfb23d0-25fb-45fb-82c5-89f7bd65ebf0;415.13;6.0075;UNKNOWN
2016-02-18T00:01:31.000000;2016-02-18T00:01:31.000000;dfcfea74-350e-4de3-83d6-2af761e4f4f3;415.12;3.3717;UNKNOWN
2016-02-18T00:01:31.000000;2016-02-18T00:01:31.000000;0e4d5094-89a5-434c-a37f-8589680d9b6e;415.12;3.44344712;UNKNOWN
2016-02-18T00:01:31.000000;2016-02-18T00:01:31.000000;92004191-870d-467d-889e-667d5c56e6cf;415.12;10.0;UNKNOWN
2016-02-18T00:01:31.000000;2016-02-18T00:01:31.000000;4f8a83de-183c-4dbe-81e9-bdb8a28a8557;415.07;3.18485288;UNKNOWN
2016-02-18T00:01:33.000000;2016-02-18T00:01:33.000000;e34871d5-1e33-4394-8794-324765b0b408;415.07;0.01411552;UNKNOWN
2016-02-18T00:01:38.000000;2016-02-18T00:01:38.000000;73b5366c-75c0-40dd-8742-e279b61a55b0;415.87;5.9301;UNKNOWN
2016-02-18T00:01:38.000000;2016-02-18T00:01:38.000000;a7877418-c1a3-4ab4-bc99-4278cc51e3bb;415.89;0.5699;UNKNOWN
2016-02-18T00:01:38.000000;2016-02-18T00:01:38.000000;04910633-5b7b-4305-92ab-e6d77ff61114;415.74;0.5;UNKNOWN
2016-02-18T00:01:38.000000;2016-02-18T00:01:38.000000;c0cfc71e-4eb1-4b80-b6d8-53e5ec0eefc2;415.74;3.0;UNKNOWN
2016-02-18T00:01:39.000000;2016-02-18T00:01:39.000000;abfbfcc5-678b-4aac-8094-ba03b89344ae;415.74;0.25;UNKNOWN
2016-02-18T00:01:41.000000;2016-02-18T00:01:41.000000;a7b40789-bc97-41a8-b514-d16a215ac0e9;415.93;2.0;UNKNOWN
2016-02-18T00:01:42.000000;2016-02-18T00:01:42.000000;4fe7e8cb-acae-450a-99e4-d9c3c50e8417;415.17;10.0;UNKNOWN
2016-02-18T00:01:48.000000;2016-02-18T00:01:48.000000;ac250669-105a-41ea-936f-debd97db708a;415.85;3.0;UNKNOWN
2016-02-18T00:01:48.000000;2016-02-18T00:01:48.000000;7d64a2d9-e6ae-477c-a079-e02d33a5d42b;415.95;0.5;UNKNOWN
2016-02-18T00:01:48.000000;2016-02-18T00:01:48.000000;2cde8b55-c904-40c8-a3f0-35cebea10dc2;415.84;0.5;UNKNOWN
2016-02-18T00:01:48.000000;2016-02-18T00:01:48.000000;ae196bd3-7184-45ff-ba8c-530f97244f19;415.96;5.0;UNKNOWN
2016-02-18T00:01:48.000000;2016-02-18T00:01:48.000000;6be0fc1f-96aa-4649-9e1e-3a1bd2b9e08c;415.21;10.0;UNKNOWN
2016-02-18T00:01:51.000000;2016-02-18T00:01:51.000000;d5b6b1fd-a67e-40d8-8961-b973cb71d45d;415.27;0.22061938;UNKNOWN
2016-02-18T00:01:52.000000;2016-02-18T00:01:52.000000;d889e4bb-452a-4a67-b55e-29d6bdf3057f;415.28;5.9337;UNKNOWN
2016-02-18T00:01:52.000000;2016-02-18T00:01:52.000000;7f4929a8-5294-4ae2-99b2-7a20f5af81d1;415.24;0.1363;UNKNOWN
2016-02-18T00:01:52.000000;2016-02-18T00:01:52.000000;a87016cb-2997-43f0-8fd1-e3738c6101a0;415.28;3.93;UNKNOWN
2016-02-18T00:01:59.000000;2016-02-18T00:01:59.000000;056f4298-c7d7-45e3-bb8c-8c356c7a1e4e;415.86;8.0;UNKNOWN
2016-02-18T00:01:59.000000;2016-02-18T00:01:59.000000;eaabc0be-d235-45a7-9c0f-2ca0c514f0fe;415.2;0.1;UNKNOWN
2016-02-18T00:01:59.000000;2016-02-18T00:01:59.000000;941e1ec6-3d2f-4527-a95f-b8b9ba440a23;415.11;2.26173;UNKNOWN
2016-02-18T00:01:59.000000;2016-02-18T00:01:59.000000;b3933a05-76b1-4cf5-9ee1-751828fb1c60;415.47;7.63827;UNKNOWN
2016-02-18T00:02:03.000000;2016-02-18T00:02:03.000000;28a19eb9-6273-47e2-ba85-bc4643c943fc;415.0;2.3;UNKNOWN
2016-02-18T00:02:03.000000;2016-02-18T00:02:03.000000;a11fc5ac-2674-4509-8f41-12a374d10a56;415.02;3.4422223;UNKNOWN
2016-02-18T00:02:03.000000;2016-02-18T00:02:03.000000;e5e887f1-70b7-4eb1-a8fd-7119ff17f27f;414.96;0.81389576;UNKNOWN
2016-02-18T00:02:03.000000;2016-02-18T00:02:03.000000;54423f4d-ec5a-4e26-9a7d-6a7aa571c384;415.09;3.44388194;UNKNOWN
2016-02-18T00:02:04.000000;2016-02-18T00:02:04.000000;730216df-38c8-42b3-b3e8-b1146c1fd92a;414.97;6.5577777;UNKNOWN
2016-02-18T00:02:04.000000;2016-02-18T00:02:04.000000;a65f725d-2d1c-4bf4-81f2-aa3588507a16;415.16;3.4422223;UNKNOWN
2016-02-18T00:02:12.000000;2016-02-18T00:02:12.000000;966f2ee7-1bad-422e-8fbf-164004d50b49;415.25;4.0154;UNKNOWN
2016-02-18T00:02:12.000000;2016-02-18T00:02:12.000000;4849fa04-c7e4-436d-b7e7-517fb41804b0;415.26;5.9846;UNKNOWN
2016-02-18T00:02:13.000000;2016-02-18T00:02:13.000000;7282dfcc-7b03-45a4-9b27-1c259168c9e1;415.25;5.38116;UNKNOWN
2016-02-18T00:02:13.000000;2016-02-18T00:02:13.000000;8985c7dc-b939-4203-9ad9-3c86d1b6bb76;414.94;0.7128;UNKNOWN
2016-02-18T00:02:13.000000;2016-02-18T00:02:13.000000;649a2fd2-6f99-49c8-8bd3-67d62477dc9b;414.89;0.46358071;UNKNOWN
2016-02-18T00:02:13.000000;2016-02-18T00:02:13.000000;434e2136-b96c-423d-ae90-276b91382829;414.92;3.44245929;UNKNOWN
2016-02-18T00:02:20.000000;2016-02-18T00:02:20.000000;bcc655de-dc06-4eba-8875-2a8f7e220cc2;414.89;0.03641929;UNKNOWN
2016-02-18T00:02:20.000000;2016-02-18T00:02:20.000000;0e4b999f-e0e9-4418-9a9a-d3aed06081cf;414.75;3.05856971;UNKNOWN
2016-02-18T00:02:20.000000;2016-02-18T00:02:20.000000;a1465c5d-36d6-4964-9d9d-021d3f63468f;415.09;7.70632;UNKNOWN
2016-02-18T00:02:21.000000;2016-02-18T00:02:21.000000;af3d082e-4ff5-4442-aa9a-5957cc2ea292;414.68;3.44245929;UNKNOWN
2016-02-18T00:02:21.000000;2016-02-18T00:02:21.000000;07906400-eae0-48ad-9c7b-125e75dc154f;414.74;0.5;UNKNOWN
2016-02-18T00:02:21.000000;2016-02-18T00:02:21.000000;113c66a4-e668-405a-92d5-8d976309d929;414.68;3.44269632;UNKNOWN
2016-02-18T00:02:21.000000;2016-02-18T00:02:21.000000;dab5e22f-f9f0-4d07-9da6-e265166e9390;414.63;2.23071778;UNKNOWN
2016-02-18T00:02:21.000000;2016-02-18T00:02:21.000000;3e5390b6-3608-4cb2-8e2c-e71e1e338ebe;414.75;0.38412661;UNKNOWN
2016-02-18T00:02:25.000000;2016-02-18T00:02:25.000000;d6e5aaab-4d3f-4a20-b132-2eb867442ad0;414.57;6.55726417;UNKNOWN
2016-02-18T00:02:25.000000;2016-02-18T00:02:25.000000;780b9662-676a-4652-b596-f7df492ce1c7;414.59;3.44273583;UNKNOWN
2016-02-18T00:02:34.000000;2016-02-18T00:02:34.000000;db247eef-b22d-46f9-8233-b2c5ac8bbfe2;414.58;6.0139;UNKNOWN
2016-02-18T00:02:34.000000;2016-02-18T00:02:34.000000;e41a2016-95fd-4f0c-a0ea-c6a87bbaca66;414.57;3.03299583;UNKNOWN
2016-02-18T00:02:34.000000;2016-02-18T00:02:34.000000;8f5d16c3-9524-446f-80ed-4516210b33a4;414.52;0.95310417;UNKNOWN
2016-02-18T00:02:41.000000;2016-02-18T00:02:41.000000;0337bbb3-c9f8-42d9-b9d0-4e175437443f;414.51;1.53436;UNKNOWN
2016-02-18T00:02:41.000000;2016-02-18T00:02:41.000000;4b15c601-0cd7-4a44-b7d1-73d41a11cd87;414.79;8.46564;UNKNOWN
2016-02-18T00:02:44.000000;2016-02-18T00:02:44.000000;613e7c86-cc88-47bf-acab-4dba88007611;414.5;10.0;UNKNOWN
2016-02-18T00:02:48.000000;2016-02-18T00:02:48.000000;f1433dee-d77f-4a1f-86a4-7c5bbbf457b4;414.76;0.7076;UNKNOWN
2016-02-18T00:02:48.000000;2016-02-18T00:02:48.000000;e6dfa316-63c3-4f83-a0e7-ae5974af94c9;414.5;9.2924;UNKNOWN
2016-02-18T00:02:51.000000;2016-02-18T00:02:51.000000;3284650d-7fea-4971-86ec-93f78c815101;414.51;8.02;UNKNOWN
2016-02-18T00:02:51.000000;2016-02-18T00:02:51.000000;87d457e7-475a-44a3-bec3-d0b7f1c0791e;414.5;1.98;UNKNOWN
2016-02-18T00:02:52.000000;2016-02-18T00:02:52.000000;59e533a5-7b7b-4594-b632-c9a3f1515839;414.5;10.0;UNKNOWN
2016-02-18T00:02:55.000000;2016-02-18T00:02:55.000000;15bc9dd5-b6aa-412a-a390-3ca2104296a8;414.52;0.1002;UNKNOWN
2016-02-18T00:02:55.000000;2016-02-18T00:02:55.000000;3973980a-ac15-4c49-95af-56c730bcb87c;414.5;9.8998;UNKNOWN
2016-02-18T00:02:57.000000;2016-02-18T00:02:57.000000;1aedb94e-230c-4ff2-bd26-4629ffc72278;414.5;8.8278;UNKNOWN
2016-02-18T00:02:57.000000;2016-02-18T00:02:57.000000;1da0102f-d7db-47e0-98ea-0e04b3311f7e;414.5;1.1722;UNKNOWN
2016-02-18T00:02:58.000000;2016-02-18T00:02:58.000000;4b0bb623-fea4-4ac2-8b48-8c6e588d283c;414.5;2.8278;UNKNOWN
2016-02-18T00:02:58.000000;2016-02-18T00:02:58.000000;3c87d081-7e5e-4d38-8e11-796e315ee484;414.43;1.0;UNKNOWN
2016-02-18T00:02:58.000000;2016-02-18T00:02:58.000000;dd7c1eb4-6bdf-4f1e-8f66-19fb1471d48f;414.39;6.1722;UNKNOWN
2016-02-18T00:02:59.000000;2016-02-18T00:02:59.000000;66c1dec4-498e-4b07-bd97-087334030c50;414.38;1.43464554;UNKNOWN
2016-02-18T00:03:02.000000;2016-02-18T00:03:02.000000;c921ab9f-6322-4393-83e1-fe666a067392;415.14;0.5;UNKNOWN
2016-02-18T00:03:02.000000;2016-02-18T00:03:02.000000;f03f41bb-bfbd-4f3c-81bb-c9190ceb6a0a;415.13;0.5;UNKNOWN
2016-02-18T00:03:18.000000;2016-02-18T00:03:18.000000;f3253227-3066-4c66-b8e5-d027e0742d61;415.12;0.9625;UNKNOWN
2016-02-18T00:03:21.000000;2016-02-18T00:03:21.000000;1c94a9d1-6e5d-4c2f-9a72-d5a8741d50d0;415.4;0.15;UNKNOWN
2016-02-18T00:03:48.000000;2016-02-18T00:03:48.000000;564a7fa2-6858-4f35-be55-16807ea1fdd4;414.9;0.0165668;UNKNOWN
2016-02-18T00:03:48.000000;2016-02-18T00:03:48.000000;07f39180-7e16-40bc-bd84-55908aafedfd;415.0;2.32e-05;UNKNOWN
2016-02-18T00:03:53.000000;2016-02-18T00:03:53.000000;6998da62-f6e3-4b48-ae5d-fcfd5ff39169;415.0;0.01659;UNKNOWN
2016-02-18T00:04:42.000000;2016-02-18T00:04:42.000000;4e7491ec-1f82-45f1-a626-d1d398647144;415.0;1.002;UNKNOWN
2016-02-18T00:04:46.000000;2016-02-18T00:04:46.000000;ea5e4f6d-8862-44bc-a510-d4e1e0e0138d;415.0;0.2213868;UNKNOWN
2016-02-18T00:04:46.000000;2016-02-18T00:04:46.000000;34fc5195-f3f3-4348-8231-eaa12e06d5e4;415.0;0.7806132;UNKNOWN
2016-02-18T00:04:52.000000;2016-02-18T00:04:52.000000;cad653ae-39ee-4b90-85f3-f9862d4d09f1;415.39;6.7806132;UNKNOWN
2016-02-18T00:04:52.000000;2016-02-18T00:04:52.000000;1c6b1e86-6d61-40cc-8593-46bf54e8f130;415.0;0.2193868;UNKNOWN
2016-02-18T00:04:54.000000;2016-02-18T00:04:54.000000;c573959f-d133-4968-a587-84343b9442c7;415.37;0.01002;UNKNOWN
2016-02-18T00:05:04.000000;2016-02-18T00:05:04.000000;236895c1-103f-4faf-8dc1-0987d80d21d1;415.4;2.13219616;UNKNOWN
2016-02-18T00:05:27.000000;2016-02-18T00:05:27.000000;f491d2c6-a1d2-4f3c-87ea-6dc20efa0660;415.27;0.02851914;UNKNOWN
2016-02-18T00:05:53.000000;2016-02-18T00:05:53.000000;bbe62e17-2527-48f5-bfe9-0f7e3470a130;415.57;0.25;UNKNOWN
2016-02-18T00:06:27.000000;2016-02-18T00:06:27.000000;24bf9774-371f-4afa-89db-bb06177dcfcb;415.51;0.6995;UNKNOWN
2016-02-18T00:06:49.000000;2016-02-18T00:06:49.000000;fd398775-7d28-434c-b96c-e5bc83805d32;415.56;10.0;UNKNOWN
2016-02-18T00:07:35.000000;2016-02-18T00:07:35.000000;cd4b6972-0e08-4404-ae92-18e5aa81a4b3;415.56;14.56;UNKNOWN
2016-02-18T00:07:35.000000;2016-02-18T00:07:35.000000;e26010d2-b4d7-4604-9943-5d3bfcd7604d;415.56;0.44;UNKNOWN
2016-02-18T00:08:48.000000;2016-02-18T00:08:48.000000;cff2909e-835d-4cf1-99aa-882d760b9e4b;415.65;3.44550362;UNKNOWN
2016-02-18T00:08:48.000000;2016-02-18T00:08:48.000000;80b34370-255e-4ac7-8b17-4305717de522;415.64;5.956;UNKNOWN
2016-02-18T00:08:48.000000;2016-02-18T00:08:48.000000;c5224603-33cc-4f83-b195-806a696c3661;415.71;3.44336807;UNKNOWN
2016-02-18T00:08:48.000000;2016-02-18T00:08:48.000000;72b56301-1060-4ae6-8b16-46446960ad39;415.73;2.15512831;UNKNOWN
2016-02-18T00:08:57.000000;2016-02-18T00:08:57.000000;7f5dbef2-d0a5-4c30-92f6-3d82793b0627;415.57;0.05;UNKNOWN
2016-02-18T00:09:18.000000;2016-02-18T00:09:18.000000;2ba6e7e6-ff44-487a-b7c3-7dc07cc57da3;415.66;0.5;UNKNOWN
2016-02-18T00:09:18.000000;2016-02-18T00:09:18.000000;6d4a3d5f-d850-4534-9389-fc1978d03905;415.65;2.4;UNKNOWN
2016-02-18T00:10:05.000000;2016-02-18T00:10:05.000000;190665f9-0ae3-4dd5-aa46-9ee730677081;415.9;1.0;UNKNOWN
2016-02-18T00:10:05.000000;2016-02-18T00:10:05.000000;f2449831-e71c-44e4-b66b-ba39b6e6a72a;415.95;0.017275;UNKNOWN
2016-02-18T00:10:05.000000;2016-02-18T00:10:05.000000;5135efb3-7473-4112-8857-91eb5a053d9a;415.97;0.04649519;UNKNOWN
2016-02-18T00:10:21.000000;2016-02-18T00:10:21.000000;f5bb85bf-6283-4d95-b4fc-2f6c17528ee3;415.97;0.02;UNKNOWN
2016-02-18T00:11:15.000000;2016-02-18T00:11:15.000000;b4df41c5-a70e-41e4-b729-257ccd5a8fe4;415.97;0.48;UNKNOWN
2016-02-18T00:11:15.000000;2016-02-18T00:11:15.000000;d5d9c65a-81fc-4bf6-8f68-37057af82456;415.98;0.50380093;UNKNOWN
2016-02-18T00:11:15.000000;2016-02-18T00:11:15.000000;aee813ee-3d8a-4f00-a4f0-cca4fce7f8ae;415.97;0.5;UNKNOWN
2016-02-18T00:11:35.000000;2016-02-18T00:11:35.000000;67e4ea4d-ec1e-41fa-b2ec-a0fd42a5cead;415.97;0.0978;UNKNOWN
2016-02-18T00:11:35.000000;2016-02-18T00:11:35.000000;2fe90071-36ca-4e0c-afb1-9f9301f29ea3;415.98;0.1;UNKNOWN
2016-02-18T00:13:04.000000;2016-02-18T00:13:04.000000;e89e7120-f7b1-4f91-9606-754ac20b6ece;415.96;0.7;UNKNOWN
2016-02-18T00:13:04.000000;2016-02-18T00:13:04.000000;92999ada-53c5-4a55-9bfa-eac9d9d16bc1;415.96;0.3;UNKNOWN
2016-02-18T00:13:09.000000;2016-02-18T00:13:09.000000;b21decdf-287a-4848-b58b-0236f4cd5a62;415.96;2.0;UNKNOWN
2016-02-18T00:13:12.000000;2016-02-18T00:13:12.000000;ef86e5d4-b32e-40e5-9e35-cf03269f37f4;415.97;0.2959;UNKNOWN
2016-02-18T00:13:17.000000;2016-02-18T00:13:17.000000;c1e0fcfe-82e6-416a-a3ae-b5a098a12bf3;415.96;2.0;UNKNOWN
2016-02-18T00:13:29.000000;2016-02-18T00:13:29.000000;7fdbbfa3-b46f-47f2-86e5-68767dee617f;415.96;2.0;UNKNOWN
2016-02-18T00:13:31.000000;2016-02-18T00:13:31.000000;eba991b7-99a0-47d2-8a20-ea312e85612e;415.96;2.0;UNKNOWN
2016-02-18T00:13:36.000000;2016-02-18T00:13:36.000000;0b542503-7a5d-48fe-8e1e-45ee24f7a658;415.96;1.3;UNKNOWN
2016-02-18T00:13:48.000000;2016-02-18T00:13:48.000000;09a9e2a7-2fd8-4101-9ef7-ae5d68c701e2;415.93;4.0;UNKNOWN
2016-02-18T00:13:52.000000;2016-02-18T00:13:52.000000;50b4e219-7678-4060-a605-d07dc03f2abe;415.93;4.0;UNKNOWN
2016-02-18T00:13:54.000000;2016-02-18T00:13:54.000000;1474cc08-27db-464a-8d7d-d184ddf714c8;415.93;10.3;UNKNOWN
2016-02-18T00:14:10.000000;2016-02-18T00:14:10.000000;c4cb7646-7802-46e0-a827-fb3df102521b;415.82;10.0;UNKNOWN
2016-02-18T00:14:31.000000;2016-02-18T00:14:31.000000;0854c67e-6eb8-48b1-976b-d9ec49caf517;415.03;0.38244396;UNKNOWN
2016-02-18T00:14:38.000000;2016-02-18T00:14:38.000000;fce79e72-22ba-4c2c-a238-8561a4242aa0;415.03;2.61755604;UNKNOWN
2016-02-18T00:14:38.000000;2016-02-18T00:14:38.000000;80c859cb-51f5-4d41-98c5-c114c16f8fc9;415.03;0.1;UNKNOWN
2016-02-18T00:14:38.000000;2016-02-18T00:14:38.000000;4812efee-fb85-4db9-b097-889ce9ed8a83;415.0;1.28244396;UNKNOWN
2016-02-18T00:14:48.000000;2016-02-18T00:14:48.000000;41ec1080-edf1-4113-b5eb-54ddb031741b;414.8;0.0238;UNKNOWN
2016-02-18T00:14:48.000000;2016-02-18T00:14:48.000000;f17fecd4-3463-4035-a9e8-5e4443cba947;414.56;0.5;UNKNOWN
2016-02-18T00:14:48.000000;2016-02-18T00:14:48.000000;68e2a323-2802-45d5-9ef2-81ffbe450342;414.51;7.66864396;UNKNOWN
2016-02-18T00:14:48.000000;2016-02-18T00:14:48.000000;266fc6b5-d0ee-4b06-84f8-e353991be303;415.0;0.29755604;UNKNOWN
2016-02-18T00:14:48.000000;2016-02-18T00:14:48.000000;9f98cd1d-365b-4a7d-92c1-8e65551a7957;415.03;0.01;UNKNOWN
2016-02-18T00:14:48.000000;2016-02-18T00:14:48.000000;5fcab817-4465-4718-bf1e-de8c232e7336;414.56;0.5;UNKNOWN
2016-02-18T00:14:53.000000;2016-02-18T00:14:53.000000;9d5ceda4-3272-4d86-962e-92be4002bb1d;414.5;0.38818253;UNKNOWN
2016-02-18T00:14:56.000000;2016-02-18T00:14:56.000000;81ed11ff-0ffe-4cca-83bb-65c58ff2fe49;414.5;0.11181747;UNKNOWN
2016-02-18T00:14:56.000000;2016-02-18T00:14:56.000000;29c3e62d-d022-4ae7-bf14-a27495ba02f2;414.2;0.0484;UNKNOWN
2016-02-18T00:14:56.000000;2016-02-18T00:14:56.000000;58176bc1-5d80-44a7-a276-6a24cf419d03;414.63;0.215721;UNKNOWN
2016-02-18T00:14:56.000000;2016-02-18T00:14:56.000000;f69cfd32-4a91-4bff-9e0e-172853a5d55b;414.09;7.62406153;UNKNOWN
2016-02-18T00:14:59.000000;2016-02-18T00:14:59.000000;08d38112-97ba-4bcc-a538-ebe1b4ff11e1;414.65;0.08423802;UNKNOWN
2016-02-18T00:15:17.000000;2016-02-18T00:15:17.000000;cb2e311b-d17f-4e04-a745-f8a6e977d6c2;414.09;0.01809603;UNKNOWN
2016-02-18T00:15:23.000000;2016-02-18T00:15:23.000000;4575aba2-0e03-4d5d-aff9-fcee463b8edf;414.48;0.08427257;UNKNOWN
2016-02-18T00:15:27.000000;2016-02-18T00:15:27.000000;9116823d-77ca-4674-82f0-525984612a55;414.08;0.0732;UNKNOWN
2016-02-18T00:15:27.000000;2016-02-18T00:15:27.000000;75e91362-2c9b-43a3-bd9b-85bf8b0f6ef7;414.05;0.08350478;UNKNOWN
2016-02-18T00:15:29.000000;2016-02-18T00:15:29.000000;7a7267c6-688e-4db8-b38c-02cc6c668b05;414.45;0.894254;UNKNOWN
2016-02-18T00:15:38.000000;2016-02-18T00:15:38.000000;af48a6c0-2d95-496d-aa60-503fafd4f3e9;414.42;0.04445165;UNKNOWN
2016-02-18T00:15:41.000000;2016-02-18T00:15:41.000000;d6c4e298-8f14-4cfe-a507-72ca0684247a;414.38;5.0;UNKNOWN
2016-02-18T00:15:41.000000;2016-02-18T00:15:41.000000;7da6e72d-2a2d-4044-9055-001a5596d615;414.08;0.186;UNKNOWN
2016-02-18T00:15:41.000000;2016-02-18T00:15:41.000000;e31b3bfb-3bc9-4bd0-aaba-3f2746e444c2;414.06;0.81399;UNKNOWN
2016-02-18T00:15:47.000000;2016-02-18T00:15:47.000000;979b0822-5404-4dd5-964d-949c819d1ce8;414.07;0.15;UNKNOWN
2016-02-18T00:16:02.000000;2016-02-18T00:16:02.000000;0aae592d-3cbd-48c2-a6ca-51d2d8a04f90;414.08;2.0;UNKNOWN
2016-02-18T00:16:23.000000;2016-02-18T00:16:23.000000;1a1b0f91-8fdf-4202-b31c-9eb86b272f78;414.05;0.08350478;UNKNOWN
2016-02-18T00:16:23.000000;2016-02-18T00:16:23.000000;c7b88b97-34d5-4057-b623-ebc467ab6910;414.05;1.91649522;UNKNOWN
2016-02-18T00:16:30.000000;2016-02-18T00:16:30.000000;71e5d156-2385-449a-a27c-00c7611d9023;414.08;1.7;UNKNOWN
2016-02-18T00:16:35.000000;2016-02-18T00:16:35.000000;11185caf-d214-4dc7-b777-0342dd4be08e;414.08;0.2609;UNKNOWN
2016-02-18T00:16:38.000000;2016-02-18T00:16:38.000000;1aeafee5-16a5-4e0e-a1f1-94deb320796a;414.05;0.04835169;UNKNOWN
2016-02-18T00:16:41.000000;2016-02-18T00:16:41.000000;6f725d7e-16b6-42dd-800e-7acf736de10c;414.07;1.172171;UNKNOWN
2016-02-18T00:16:50.000000;2016-02-18T00:16:50.000000;79029632-e096-4a8b-a11f-c5fe7aa6e275;414.08;1.0;UNKNOWN
2016-02-18T00:17:05.000000;2016-02-18T00:17:05.000000;3cc9ee71-c995-491c-8a1a-55cb523f64da;414.01;3.94295647;UNKNOWN
2016-02-18T00:17:05.000000;2016-02-18T00:17:05.000000;1fccb7af-a940-4700-a7b3-83eb5dbbc855;414.02;5.9809;UNKNOWN
2016-02-18T00:17:05.000000;2016-02-18T00:17:05.000000;23176878-dae2-4f7b-a86c-f7f8b120a759;414.05;0.07614353;UNKNOWN
2016-02-18T00:17:48.000000;2016-02-18T00:17:48.000000;6f866281-b76f-47d9-9fdb-2f5e0fe30722;414.06;5.0;UNKNOWN
2016-02-18T00:17:48.000000;2016-02-18T00:17:48.000000;8107bf3b-40e8-4b77-857c-03b9fb8d4497;414.06;0.12087922;UNKNOWN
2016-02-18T00:18:01.000000;2016-02-18T00:18:01.000000;87796db4-002a-4a88-9b31-bd872190cbe5;414.08;0.11924;UNKNOWN
2016-02-18T00:18:06.000000;2016-02-18T00:18:06.000000;5eb78f81-4f69-4b8c-9e18-3f1559bdaa41;414.31;0.12009033;UNKNOWN
2016-02-18T00:18:06.000000;2016-02-18T00:18:06.000000;38f6fe44-7ce4-4664-890b-fe8a80adcac1;414.08;0.108;UNKNOWN
2016-02-18T00:18:06.000000;2016-02-18T00:18:06.000000;5cb27f49-9184-48dc-b83e-b2333ac60ae6;414.08;0.20231967;UNKNOWN
2016-02-18T00:18:12.000000;2016-02-18T00:18:12.000000;833da601-a1b2-4e37-89bd-cef82b42962d;414.51;0.31093;UNKNOWN
2016-02-18T00:18:17.000000;2016-02-18T00:18:17.000000;22f91ee5-adea-458a-9141-1e1164cde816;414.63;1.10095991;UNKNOWN
2016-02-18T00:18:17.000000;2016-02-18T00:18:17.000000;15b42a1e-c6a8-4b91-851d-c9e756ef0b45;414.31;11.0193;UNKNOWN
2016-02-18T00:18:22.000000;2016-02-18T00:18:22.000000;3c719829-643d-46b3-9439-7d1eb126eeae;414.7;0.04208;UNKNOWN
2016-02-18T00:18:23.000000;2016-02-18T00:18:23.000000;df9c0ee0-0f91-42f2-8de1-b3e419838b1c;414.75;0.27;UNKNOWN
2016-02-18T00:18:35.000000;2016-02-18T00:18:35.000000;c97672cb-182b-41ab-ae81-f264a2455db3;415.09;0.38;UNKNOWN
2016-02-18T00:18:55.000000;2016-02-18T00:18:55.000000;b247b721-8aff-456a-b50c-6376a226c178;415.09;3.45236314;UNKNOWN
2016-02-18T00:18:55.000000;2016-02-18T00:18:55.000000;2e6dd44d-1698-4dc5-9b58-01e7f6e8ff40;415.09;1.54763686;UNKNOWN
2016-02-18T00:18:57.000000;2016-02-18T00:18:57.000000;03e05ad9-33f7-4427-bd8c-c6191ef9e685;415.09;0.55;UNKNOWN
2016-02-18T00:19:00.000000;2016-02-18T00:19:00.000000;d94321a2-bdaa-4f6a-9681-2a837574b37c;415.09;3.45125108;UNKNOWN
2016-02-18T00:19:00.000000;2016-02-18T00:19:00.000000;b8c5f660-e39f-40d1-ab7e-31bf9d6c1ac2;415.16;1.54874892;UNKNOWN
2016-02-18T00:19:04.000000;2016-02-18T00:19:04.000000;1fc80027-84f5-4894-aec8-f265f71e6491;415.16;0.55;UNKNOWN
2016-02-18T00:19:04.000000;2016-02-18T00:19:04.000000;c0e88fad-7ca5-471c-bee2-5acf266a4bb2;415.16;0.015;UNKNOWN
2016-02-18T00:20:39.000000;2016-02-18T00:20:39.000000;cc740784-c07e-42ae-8885-9216810598cd;415.19;2.25;UNKNOWN
2016-02-18T00:20:43.000000;2016-02-18T00:20:43.000000;6e4cac1e-944a-4652-b7a6-a7fef7b8fd0e;415.37;3.1481;UNKNOWN
2016-02-18T00:20:50.000000;2016-02-18T00:20:50.000000;03ef4951-1dd3-4124-9b2a-0fdfe241023d;415.19;3.6812;UNKNOWN
2016-02-18T00:20:50.000000;2016-02-18T00:20:50.000000;d1b631f2-db35-4c4d-ac35-5d3dfdf1edae;415.19;0.117;UNKNOWN
2016-02-18T00:20:52.000000;2016-02-18T00:20:52.000000;f3226bea-cfa8-4000-9246-bedda26494f3;415.0;0.01;UNKNOWN
2016-02-18T00:20:52.000000;2016-02-18T00:20:52.000000;513d6b9a-8664-432b-8bfc-4a36b382cf36;415.18;11.2029;UNKNOWN
2016-02-18T00:20:52.000000;2016-02-18T00:20:52.000000;520d3103-3453-4332-89c1-7dc3e201a51a;415.03;5.0;UNKNOWN
2016-02-18T00:21:54.000000;2016-02-18T00:21:54.000000;d8f19c15-8b28-4595-85ac-c46cf3931870;415.12;1.502988;UNKNOWN
2016-02-18T00:23:18.000000;2016-02-18T00:23:18.000000;b41cfefc-3f5b-46d6-9cf2-98fefa2d3253;415.46;1.06923918;UNKNOWN
2016-02-18T00:23:32.000000;2016-02-18T00:23:32.000000;0fc385f5-e896-4f46-8b51-986290cd3c73;415.46;0.5;UNKNOWN
2016-02-18T00:23:34.000000;2016-02-18T00:23:34.000000;4c8f9e5d-57c9-4f88-8617-8c582fe58ca7;415.46;0.43076082;UNKNOWN
2016-02-18T00:23:34.000000;2016-02-18T00:23:34.000000;75911680-dfba-480a-87be-7b57a4067241;415.3;0.1;UNKNOWN
2016-02-18T00:24:27.000000;2016-02-18T00:24:27.000000;b1035918-669b-4af5-ab94-a78711de2b63;414.88;0.146;UNKNOWN
2016-02-18T00:24:28.000000;2016-02-18T00:24:28.000000;5fd2e446-b3c5-4396-b4cf-83dba5c9e462;414.89;0.71098471;UNKNOWN
2016-02-18T00:25:17.000000;2016-02-18T00:25:17.000000;667dc032-8760-4ffd-8af3-443668b171d6;415.1;8.61651;UNKNOWN
2016-02-18T00:25:50.000000;2016-02-18T00:25:50.000000;360a1c38-aced-4401-bac9-68c720f299bb;415.12;5.0;UNKNOWN
2016-02-18T00:26:04.000000;2016-02-18T00:26:04.000000;7c57d9c6-e802-430b-a2fa-3ce4c35fbc57;415.12;0.07552125;UNKNOWN
2016-02-18T00:26:07.000000;2016-02-18T00:26:07.000000;c2f2bfb2-9c91-45b7-9be3-933f22b90c2c;415.12;5.0;UNKNOWN
2016-02-18T00:26:10.000000;2016-02-18T00:26:10.000000;ae3bfff9-cb02-4cf7-8732-cbe383863ee0;415.12;5.0;UNKNOWN
2016-02-18T00:26:12.000000;2016-02-18T00:26:12.000000;0617c256-e3e2-4589-adc0-e7668a0c421e;415.12;5.0;UNKNOWN
2016-02-18T00:26:17.000000;2016-02-18T00:26:17.000000;b8d02a0d-54a9-43a2-b7b9-1c057fcd40b7;415.13;0.72;UNKNOWN
2016-02-18T00:26:27.000000;2016-02-18T00:26:27.000000;822cfb4b-83d9-4fa0-be80-e14b02591406;415.12;0.11973167;UNKNOWN
2016-02-18T00:27:04.000000;2016-02-18T00:27:04.000000;4f718115-78d3-4e47-a429-7c28b4bdc580;415.13;0.01;UNKNOWN
2016-02-18T00:27:07.000000;2016-02-18T00:27:07.000000;03dbc4bb-5bbc-4ad0-8632-4a6953efbb6c;415.12;0.55474708;UNKNOWN
2016-02-18T00:27:07.000000;2016-02-18T00:27:07.000000;9cc55720-a5da-48f1-9bf4-e63a435b3f85;415.11;0.82874292;UNKNOWN
2016-02-18T00:28:17.000000;2016-02-18T00:28:17.000000;d5aa09d0-ce53-4239-be9b-1f21f7bff69d;415.15;0.0722;UNKNOWN
2016-02-18T00:28:42.000000;2016-02-18T00:28:42.000000;b03b1c02-64e5-4399-b2b4-ef46b325667a;415.11;0.2;UNKNOWN
2016-02-18T00:29:03.000000;2016-02-18T00:29:03.000000;2ea2d7fd-fffc-4d37-b0e2-9a657e9813ba;414.87;0.01;UNKNOWN
2016-02-18T00:29:03.000000;2016-02-18T00:29:03.000000;68dfbc6f-e181-49ad-ba81-ef716177a38a;414.79;0.01;UNKNOWN
2016-02-18T00:29:03.000000;2016-02-18T00:29:03.000000;951ec321-a264-4de6-bd03-3ff2669f067b;414.9;0.01;UNKNOWN
2016-02-18T00:29:03.000000;2016-02-18T00:29:03.000000;ad014ac5-b4a8-4265-b153-ff9171045546;414.77;0.01;UNKNOWN
2016-02-18T00:29:03.000000;2016-02-18T00:29:03.000000;e3118792-809e-4c31-acb3-b559b927678f;415.0;0.5;UNKNOWN
2016-02-18T00:29:03.000000;2016-02-18T00:29:03.000000;6d94df10-b8a9-4e97-81cb-6013ed3276bd;414.76;8.92454292;UNKNOWN
2016-02-18T00:29:03.000000;2016-02-18T00:29:03.000000;fd7bbb28-66d3-48ef-a47d-e16510f7cacf;414.8;0.02;UNKNOWN
2016-02-18T00:29:03.000000;2016-02-18T00:29:03.000000;df25f699-99b6-4e98-8ea8-5a7226a5c649;414.88;0.01;UNKNOWN
2016-02-18T00:29:03.000000;2016-02-18T00:29:03.000000;a9827c96-f159-458a-b0ba-9a3881387f2e;414.76;0.01;UNKNOWN
2016-02-18T00:29:03.000000;2016-02-18T00:29:03.000000;f1f8436d-9eef-4f34-a28b-2e0ef0feeeea;415.11;0.38545708;UNKNOWN
2016-02-18T00:29:03.000000;2016-02-18T00:29:03.000000;0fc536e3-985f-4f2f-b1e8-d373ecffa3e7;414.78;0.01;UNKNOWN
2016-02-18T00:29:03.000000;2016-02-18T00:29:03.000000;a0cc10fb-2713-4578-9502-1912468a0ace;414.91;0.01;UNKNOWN
2016-02-18T00:29:03.000000;2016-02-18T00:29:03.000000;ea99da29-1e3d-4613-acbb-32761f000d61;414.86;0.01;UNKNOWN
2016-02-18T00:29:03.000000;2016-02-18T00:29:03.000000;07308ffb-57f1-4d60-8f01-05e53a6a4eb9;414.83;0.01;UNKNOWN
2016-02-18T00:29:03.000000;2016-02-18T00:29:03.000000;11f476af-3f4e-4de2-bb6f-0f7e1dff0118;414.84;0.01;UNKNOWN
2016-02-18T00:29:03.000000;2016-02-18T00:29:03.000000;86aacac6-7342-450d-a428-83a1ad835ad2;414.81;0.01;UNKNOWN
2016-02-18T00:29:03.000000;2016-02-18T00:29:03.000000;1f2991ac-e374-42c3-9c07-2dadf28e240c;414.8;0.01;UNKNOWN
2016-02-18T00:29:03.000000;2016-02-18T00:29:03.000000;13b4698a-1b5e-472d-8497-6a1f9da0e8d1;414.82;0.01;UNKNOWN
2016-02-18T00:29:03.000000;2016-02-18T00:29:03.000000;7e3a7ccb-ee23-4387-93cb-ee86e69436c5;414.89;0.01;UNKNOWN
2016-02-18T00:29:03.000000;2016-02-18T00:29:03.000000;4e2d8926-12dd-42f6-a8f6-1a0ef89b2c71;414.76;0.01;UNKNOWN
2016-02-18T00:29:03.000000;2016-02-18T00:29:03.000000;14737d90-02e2-42cc-9a51-89be98cef6d1;414.85;0.01;UNKNOWN
2016-02-18T00:29:05.000000;2016-02-18T00:29:05.000000;bceccfe7-7db3-4b39-8031-c90323f4d8d0;414.76;4.86785708;UNKNOWN
2016-02-18T00:29:05.000000;2016-02-18T00:29:05.000000;52144d05-730a-4f60-b3e0-7b6993e9bdab;414.75;0.29726539;UNKNOWN
2016-02-18T00:29:05.000000;2016-02-18T00:29:05.000000;eb0183b4-f058-4a5d-ba96-cf97982d4c12;414.75;0.01;UNKNOWN
2016-02-18T00:29:05.000000;2016-02-18T00:29:05.000000;307751da-d889-4faf-a306-445c1bffda9b;414.75;0.01;UNKNOWN
2016-02-18T00:29:29.000000;2016-02-18T00:29:29.000000;b98f7741-fac4-4b27-9284-b8b3ef284569;414.01;46.05704353;UNKNOWN
2016-02-18T00:29:29.000000;2016-02-18T00:29:29.000000;42db1548-8994-43de-acc1-09f44465c7a6;413.99;3.44918772;UNKNOWN
2016-02-18T00:29:29.000000;2016-02-18T00:29:29.000000;c9964fb7-01fa-4fdd-9d1e-e78662256850;413.75;15.8586;UNKNOWN
2016-02-18T00:29:29.000000;2016-02-18T00:29:29.000000;7df31955-302a-4e63-bb53-ed5c274749f8;413.93;2.06342445;UNKNOWN
2016-02-18T00:29:29.000000;2016-02-18T00:29:29.000000;857b31cb-7c5e-4a2a-8b2a-6059bfab068c;413.59;0.5;UNKNOWN
2016-02-18T00:29:29.000000;2016-02-18T00:29:29.000000;639aa4a0-c885-440f-aec7-ce1fca687569;413.59;3.0;UNKNOWN
2016-02-18T00:29:29.000000;2016-02-18T00:29:29.000000;ed70e9a5-6f33-4094-b664-a09885ee6c5c;412.8;0.9;UNKNOWN
2016-02-18T00:29:29.000000;2016-02-18T00:29:29.000000;3033b2ef-c961-4e6d-913e-e0097766f443;413.41;14.9814;UNKNOWN
2016-02-18T00:29:29.000000;2016-02-18T00:29:29.000000;0c0ab95f-c486-4e8c-886d-6ffb1f436cf2;413.03;13.46;UNKNOWN
2016-02-18T00:29:29.000000;2016-02-18T00:29:29.000000;5cf56747-ae98-4090-b110-bdfb7e83707c;412.94;0.9;UNKNOWN
2016-02-18T00:29:29.000000;2016-02-18T00:29:29.000000;09c15c45-2c1e-49c7-8185-79aa7e66cf21;413.5;3.0;UNKNOWN
2016-02-18T00:29:29.000000;2016-02-18T00:29:29.000000;3ff449cf-88e1-4a33-8c19-1d265f7270d4;413.36;3.4500207;UNKNOWN
2016-02-18T00:29:29.000000;2016-02-18T00:29:29.000000;806b48d0-62dc-4d80-b77b-364f6a54dcc3;413.74;3.4500207;UNKNOWN
2016-02-18T00:29:29.000000;2016-02-18T00:29:29.000000;7ea0d340-8df6-4a3f-8513-92b121a8e35b;413.09;0.9;UNKNOWN
2016-02-18T00:29:29.000000;2016-02-18T00:29:29.000000;cffff95e-016c-4faf-80ff-408d3f1cbbc5;412.94;0.677;UNKNOWN
2016-02-18T00:29:29.000000;2016-02-18T00:29:29.000000;ac8f84e4-2cfb-438b-8d4a-724eee20d194;413.29;0.8;UNKNOWN
2016-02-18T00:29:29.000000;2016-02-18T00:29:29.000000;cd8c044d-9ca7-4f27-9672-445cb455e8b6;413.43;0.6;UNKNOWN
2016-02-18T00:29:29.000000;2016-02-18T00:29:29.000000;b8c7bd39-d6a6-4300-a04f-7e3d7d98daf5;413.39;0.04032526;UNKNOWN
2016-02-18T00:29:29.000000;2016-02-18T00:29:29.000000;3c93ccf0-a5f6-4ac8-9ed7-cbfb46afc666;412.79;0.45;UNKNOWN
2016-02-18T00:29:29.000000;2016-02-18T00:29:29.000000;2ed75706-deba-4639-a548-6d0ce8c99cfa;412.84;0.9;UNKNOWN
2016-02-18T00:29:29.000000;2016-02-18T00:29:29.000000;a894bc95-f6a5-4ecd-9d2f-359ca3985de4;412.8;0.02;UNKNOWN
2016-02-18T00:29:29.000000;2016-02-18T00:29:29.000000;09589c8a-7a46-42b9-b750-df1ef9b21bef;412.8;2.95;UNKNOWN
2016-02-18T00:29:29.000000;2016-02-18T00:29:29.000000;8f7ca276-2608-490d-b0d1-718eccd80e03;413.42;6.83;UNKNOWN
2016-02-18T00:29:29.000000;2016-02-18T00:29:29.000000;901f768d-6b1f-4130-a2e3-4e44360254ae;412.79;0.0420322;UNKNOWN
2016-02-18T00:29:29.000000;2016-02-18T00:29:29.000000;fa7764b1-ab02-4947-a4e3-004d1ba56d11;413.39;0.8;UNKNOWN
2016-02-18T00:29:29.000000;2016-02-18T00:29:29.000000;efcdecfb-1c31-43cd-ac94-31f60fe66162;413.0;1.0;UNKNOWN
2016-02-18T00:29:29.000000;2016-02-18T00:29:29.000000;25a80ef7-e476-4e77-9790-a09ec14190ad;413.04;4.71;UNKNOWN
2016-02-18T00:29:29.000000;2016-02-18T00:29:29.000000;c5b42471-7357-456f-913f-ed5e25fe7bf8;412.73;50.0;UNKNOWN
2016-02-18T00:29:29.000000;2016-02-18T00:29:29.000000;1c2b46ba-9019-48c3-abdd-e5f13121d9ff;412.95;0.01;UNKNOWN
2016-02-18T00:29:29.000000;2016-02-18T00:29:29.000000;6d939578-fa30-42d4-b1ef-f76ce00d55e1;412.6;0.9;UNKNOWN
2016-02-18T00:29:29.000000;2016-02-18T00:29:29.000000;1104e9f8-d65b-433d-bd9e-8ac9f435e187;412.68;14.8643;UNKNOWN
2016-02-18T00:29:29.000000;2016-02-18T00:29:29.000000;671f372f-9ffe-4114-b17a-f793eb78627b;413.67;3.4500207;UNKNOWN
2016-02-18T00:29:29.000000;2016-02-18T00:29:29.000000;18b90d3e-6ea9-4e7e-8ead-89b48a513ec3;412.7;0.9;UNKNOWN
2016-02-18T00:29:29.000000;2016-02-18T00:29:29.000000;e3114ae8-963a-47a8-84ec-bbd81a5919e0;412.6;9.3117;UNKNOWN
2016-02-18T00:29:29.000000;2016-02-18T00:29:29.000000;d03bc79f-5d4c-434c-9edd-5f19ea1f3d45;413.59;3.4500207;UNKNOWN
2016-02-18T00:29:29.000000;2016-02-18T00:29:29.000000;340c4aed-64d2-4164-9fdb-f5aa592fd7dd;413.09;0.0512;UNKNOWN
2016-02-18T00:29:29.000000;2016-02-18T00:29:29.000000;f8eff67f-d650-4627-b9ea-8c08b7d7fda4;414.28;0.01;UNKNOWN
2016-02-18T00:29:29.000000;2016-02-18T00:29:29.000000;a11f5aff-c051-484f-aae8-46238d24cd2f;412.55;5.0;UNKNOWN
2016-02-18T00:29:29.000000;2016-02-18T00:29:29.000000;82c1a875-4276-47ad-a911-88ff478ea960;412.51;47.91847945;UNKNOWN
2016-02-18T00:29:29.000000;2016-02-18T00:29:29.000000;1d7a56b8-379a-4716-8a6c-ae743de904f5;412.6;40.0;UNKNOWN
2016-02-18T00:29:29.000000;2016-02-18T00:29:29.000000;bff43487-3b7f-4c03-b6f5-664a15a1d784;413.51;3.4500207;UNKNOWN
2016-02-18T00:29:29.000000;2016-02-18T00:29:29.000000;665c0326-f227-4220-b276-2caa9fa53241;412.85;14.7958;UNKNOWN
2016-02-18T00:29:29.000000;2016-02-18T00:29:29.000000;5fdde0e8-c537-4bb3-acf2-f413d7c4cf16;414.06;3.44918772;UNKNOWN
2016-02-18T00:29:29.000000;2016-02-18T00:29:29.000000;862b75bd-8cf2-4df5-abcc-bbaa4097453d;412.9;0.9;UNKNOWN
2016-02-18T00:29:29.000000;2016-02-18T00:29:29.000000;55323579-62fa-4421-b60a-a96f7d0e156b;413.0;0.1;UNKNOWN
2016-02-18T00:29:29.000000;2016-02-18T00:29:29.000000;9eef548d-f7dd-4539-a975-719ae846f5bf;413.0;0.9;UNKNOWN
2016-02-18T00:29:29.000000;2016-02-18T00:29:29.000000;0d15cffc-f21c-4e27-8ea3-0b7d92017147;413.1;1.11302048;UNKNOWN
2016-02-18T00:29:29.000000;2016-02-18T00:29:29.000000;f401fe09-6a6c-4d7e-8d8b-f4524590bfdb;414.0;10.0;UNKNOWN
2016-02-18T00:29:29.000000;2016-02-18T00:29:29.000000;fc7a94d9-ae3f-4db7-a602-ad7eb7a527b7;414.0;4.0;UNKNOWN
2016-02-18T00:29:29.000000;2016-02-18T00:29:29.000000;78ce13e9-fd46-4663-8c02-5600079af051;414.08;3.1937;UNKNOWN
2016-02-18T00:29:29.000000;2016-02-18T00:29:29.000000;589f64b1-c083-420a-8555-0ce2b8792f1e;413.86;0.2;UNKNOWN
2016-02-18T00:29:29.000000;2016-02-18T00:29:29.000000;e16f311d-8501-416c-a103-fc481f376dcd;413.21;18.5389;UNKNOWN
2016-02-18T00:29:29.000000;2016-02-18T00:29:29.000000;f61c9ad5-441d-47eb-a0b1-9bcd3b479cff;413.56;14.8267;UNKNOWN
2016-02-18T00:29:29.000000;2016-02-18T00:29:29.000000;c886f339-7734-4001-8b42-c18c9962a24f;413.44;3.4500207;UNKNOWN
2016-02-18T00:29:29.000000;2016-02-18T00:29:29.000000;a3a00a77-db68-43cf-a607-173b9f64eea3;414.08;0.0823;UNKNOWN
2016-02-18T00:29:29.000000;2016-02-18T00:29:29.000000;36913ea7-6e05-4413-a190-ac4426615f37;414.2;0.0555;UNKNOWN
2016-02-18T00:29:29.000000;2016-02-18T00:29:29.000000;4b65a526-717e-476b-90f0-90f6a54595fc;413.8;0.02;UNKNOWN
2016-02-18T00:29:29.000000;2016-02-18T00:29:29.000000;46409edc-b865-4721-8ef0-f12c2ce8d85b;413.24;1.0573836;UNKNOWN
2016-02-18T00:29:29.000000;2016-02-18T00:29:29.000000;5d864615-9a5f-49ef-b04e-d41074858b2b;414.27;0.01;UNKNOWN
2016-02-18T00:29:29.000000;2016-02-18T00:29:29.000000;4634da40-7f23-423c-98ff-0b89948a915f;414.0;0.04;UNKNOWN
2016-02-18T00:29:29.000000;2016-02-18T00:29:29.000000;64a2fa70-8a5d-47a5-84f4-a037798cadc0;414.12;15.6421;UNKNOWN
2016-02-18T00:29:29.000000;2016-02-18T00:29:29.000000;f394c043-e85d-4717-95b7-4f1ffaabbb39;414.3;25.0;UNKNOWN
2016-02-18T00:29:29.000000;2016-02-18T00:29:29.000000;829b2062-5d27-4c52-a80e-4239934338d8;413.29;0.4;UNKNOWN
2016-02-18T00:29:29.000000;2016-02-18T00:29:29.000000;bc3aa60b-37cf-4cd9-b251-22ee255fbba3;413.49;0.8;UNKNOWN
2016-02-18T00:29:29.000000;2016-02-18T00:29:29.000000;dbf6aae5-3aa3-4726-80b4-6903fecbdc1a;413.2;0.02;UNKNOWN
2016-02-18T00:29:29.000000;2016-02-18T00:29:29.000000;6468ab34-2c2d-42eb-9a3b-0b6414438419;413.16;0.05;UNKNOWN
2016-02-18T00:29:29.000000;2016-02-18T00:29:29.000000;38268a4c-3ef6-4ca4-89ee-e3681b9740c5;414.0;3.44847405;UNKNOWN
2016-02-18T00:29:29.000000;2016-02-18T00:29:29.000000;693ff36a-2073-4161-93b7-721b7a070597;414.0;5.0;UNKNOWN
2016-02-18T00:29:29.000000;2016-02-18T00:29:29.000000;0160cbcd-bf9a-4fe1-acd1-7aea6df63e9f;413.5;0.2;UNKNOWN
2016-02-18T00:29:29.000000;2016-02-18T00:29:29.000000;152dff77-b122-461a-b90c-04e0b4ed0685;414.21;0.01;UNKNOWN
2016-02-18T00:29:29.000000;2016-02-18T00:29:29.000000;d189043a-39ba-46b7-9054-d1d4b298de57;413.22;8.45;UNKNOWN
2016-02-18T00:29:29.000000;2016-02-18T00:29:29.000000;d6ea6d1f-5f63-40da-8b55-195c29994364;414.68;0.01;UNKNOWN
2016-02-18T00:29:29.000000;2016-02-18T00:29:29.000000;c60d367e-8f33-432f-86f6-26d464846d26;414.24;0.01;UNKNOWN
2016-02-18T00:29:29.000000;2016-02-18T00:29:29.000000;55d50484-ef0a-47ff-bae5-760f4d035441;414.51;25.0;UNKNOWN
2016-02-18T00:29:29.000000;2016-02-18T00:29:29.000000;d2f4a39e-17c6-4559-8b87-66065c542de4;414.28;16.309;UNKNOWN
2016-02-18T00:29:29.000000;2016-02-18T00:29:29.000000;22b53522-8842-4977-a357-fcd0784c2b4a;414.5;1.0;UNKNOWN
2016-02-18T00:29:29.000000;2016-02-18T00:29:29.000000;03f752b5-547c-453f-99f7-4d9c2b7f36aa;414.59;0.01;UNKNOWN
2016-02-18T00:29:29.000000;2016-02-18T00:29:29.000000;1d3e5695-ebea-45c2-b77b-d58b4a7d18d1;413.5;0.0683;UNKNOWN
2016-02-18T00:29:29.000000;2016-02-18T00:29:29.000000;0bb94ab5-3148-4559-8e1a-98ae6bc3c8b4;414.69;0.01;UNKNOWN
2016-02-18T00:29:29.000000;2016-02-18T00:29:29.000000;e8714650-6f04-4b30-8d47-9eb02526a71b;413.86;0.2;UNKNOWN
2016-02-18T00:29:29.000000;2016-02-18T00:29:29.000000;e23482a4-5324-4f84-a9f9-6f3a54d37ff7;414.25;0.01;UNKNOWN
2016-02-18T00:29:29.000000;2016-02-18T00:29:29.000000;5deb7e19-13df-4313-84c0-41ad43dbba00;414.22;0.01;UNKNOWN
2016-02-18T00:29:29.000000;2016-02-18T00:29:29.000000;8a407a33-996f-4f27-b625-34f040620067;414.2;0.02;UNKNOWN
2016-02-18T00:29:29.000000;2016-02-18T00:29:29.000000;ed49a959-ca06-455f-b206-f21a352ea069;414.73;0.01;UNKNOWN
2016-02-18T00:29:29.000000;2016-02-18T00:29:29.000000;e8ceea34-68ff-4e95-8e21-154410ad8586;414.72;0.01;UNKNOWN
2016-02-18T00:29:29.000000;2016-02-18T00:29:29.000000;3f1f1154-fe6c-4fd8-aedc-c9eb14e571b4;413.19;0.8;UNKNOWN
2016-02-18T00:29:29.000000;2016-02-18T00:29:29.000000;5d253740-15c5-4270-afc6-82f4165fb5b2;413.0;1.0;UNKNOWN
2016-02-18T00:29:29.000000;2016-02-18T00:29:29.000000;7dd8a1c5-9254-45ba-a43b-a2f5edbafa13;414.49;16.814;UNKNOWN
2016-02-18T00:29:29.000000;2016-02-18T00:29:29.000000;a94b8926-fb24-4aac-af52-bac5495b04b3;413.0;0.01;UNKNOWN
2016-02-18T00:29:29.000000;2016-02-18T00:29:29.000000;6ab6fa3e-d458-4b84-81bc-8708b3ada229;414.64;0.01;UNKNOWN
2016-02-18T00:29:29.000000;2016-02-18T00:29:29.000000;431a661d-cee3-4c3c-86d2-35b71aca99be;414.3;0.01;UNKNOWN
2016-02-18T00:29:29.000000;2016-02-18T00:29:29.000000;815da827-47e7-4e88-98ad-2b16170ac759;413.92;16.0569;UNKNOWN
2016-02-18T00:29:29.000000;2016-02-18T00:29:29.000000;5b6c7ec6-3916-4634-977c-3a2fe69814a4;413.0;25.0;UNKNOWN
2016-02-18T00:29:29.000000;2016-02-18T00:29:29.000000;d12f907e-3087-46d9-99a1-21bf7a225a5b;414.2;0.01;UNKNOWN
2016-02-18T00:29:29.000000;2016-02-18T00:29:29.000000;b3b741f3-ab36-4a2e-8738-9512b42a6417;414.23;0.01;UNKNOWN
2016-02-18T00:29:29.000000;2016-02-18T00:29:29.000000;476f8d25-65a8-4bc6-99fa-7ea3aa38bf40;414.6;0.01;UNKNOWN
2016-02-18T00:29:29.000000;2016-02-18T00:29:29.000000;34ed9d70-f829-4a10-999d-d5b33d539cca;414.62;0.01;UNKNOWN
2016-02-18T00:29:29.000000;2016-02-18T00:29:29.000000;a7eb9553-2cc5-4d32-9b85-7be4a2834556;414.7;0.01;UNKNOWN
2016-02-18T00:29:29.000000;2016-02-18T00:29:29.000000;043b3d4b-a48a-4809-9f4f-a9fc9251b9b8;414.63;0.01;UNKNOWN
2016-02-18T00:29:29.000000;2016-02-18T00:29:29.000000;1b0be261-efcf-485f-84df-226ada1bbe49;414.26;0.01;UNKNOWN
2016-02-18T00:29:29.000000;2016-02-18T00:29:29.000000;9c1c4eb6-7919-4109-9559-15e4b8e2439b;414.67;0.01;UNKNOWN
2016-02-18T00:29:29.000000;2016-02-18T00:29:29.000000;ff781564-1093-4c1c-89dc-f152ca64a414;414.3;2.11302048;UNKNOWN
2016-02-18T00:29:29.000000;2016-02-18T00:29:29.000000;707d2a40-d3b8-4974-a750-392be8477ecb;414.65;0.01;UNKNOWN
2016-02-18T00:29:29.000000;2016-02-18T00:29:29.000000;aa9383e3-3fa0-417a-85df-eb52a7416096;414.29;0.01;UNKNOWN
2016-02-18T00:29:29.000000;2016-02-18T00:29:29.000000;7763f0a4-9e54-449d-8591-3b2a7619b5cb;414.4;0.31;UNKNOWN
2016-02-18T00:29:29.000000;2016-02-18T00:29:29.000000;c1033463-fb5f-4793-959d-c8006820388c;414.61;0.01;UNKNOWN
2016-02-18T00:29:29.000000;2016-02-18T00:29:29.000000;b4151008-980c-490c-b55b-9d67206a29d3;414.66;0.01;UNKNOWN
2016-02-18T00:29:29.000000;2016-02-18T00:29:29.000000;f5fe60c9-40b1-4a2d-9f9f-11033a334930;413.0;0.25;UNKNOWN
2016-02-18T00:29:29.000000;2016-02-18T00:29:29.000000;8067a5b4-6fe4-4aa5-a44b-3944f5b4be36;414.32;0.02;UNKNOWN
2016-02-18T00:29:29.000000;2016-02-18T00:29:29.000000;97037eae-ca78-48a2-a6b4-9108921e23da;414.74;0.01;UNKNOWN
2016-02-18T00:29:29.000000;2016-02-18T00:29:29.000000;a32679f5-5d32-4de1-bf1e-62672e697f22;414.71;0.01;UNKNOWN
2016-02-18T00:29:39.000000;2016-02-18T00:29:39.000000;84c08dde-69d7-467d-a223-d58069a60c44;414.32;0.02;UNKNOWN
2016-02-18T00:29:42.000000;2016-02-18T00:29:42.000000;91cea7be-dbd5-4012-aaea-12ae56e79408;414.3;0.02;UNKNOWN
2016-02-18T00:30:10.000000;2016-02-18T00:30:10.000000;7002de7d-37ba-4fc9-8f95-73ca558ed21f;414.19;1.32384312;UNKNOWN
2016-02-18T00:30:10.000000;2016-02-18T00:30:10.000000;383081d7-44af-494d-b6de-ab7b662e116a;414.19;6.30451406;UNKNOWN
2016-02-18T00:30:11.000000;2016-02-18T00:30:11.000000;635d6145-b171-446f-98cc-e2b60bb62228;414.19;0.2;UNKNOWN
2016-02-18T00:30:28.000000;2016-02-18T00:30:28.000000;e2a13636-7e3c-48c6-8d57-c74f0083f4a0;414.19;0.82037403;UNKNOWN
2016-02-18T00:30:30.000000;2016-02-18T00:30:30.000000;987c6013-af03-4331-b2ff-b0fb1aa2ba08;414.2;24.59;UNKNOWN
2016-02-18T00:30:30.000000;2016-02-18T00:30:30.000000;d57d5098-ba20-45b3-bb24-f7a958156ae8;414.2;6.0312;UNKNOWN
2016-02-18T00:30:34.000000;2016-02-18T00:30:34.000000;bccff409-87e8-4e86-917b-fd3646c171ea;414.2;3.45530562;UNKNOWN
2016-02-18T00:30:35.000000;2016-02-18T00:30:35.000000;717eb1bd-771d-48a3-af56-e2e0e1959f47;414.2;3.45530562;UNKNOWN
2016-02-18T00:30:36.000000;2016-02-18T00:30:36.000000;78d72437-61be-4e35-a6e5-7911652f57fd;414.2;3.45530562;UNKNOWN
2016-02-18T00:30:46.000000;2016-02-18T00:30:46.000000;3262bc13-0caf-4c59-9a34-31aaf3e34262;414.2;0.5;UNKNOWN
2016-02-18T00:30:50.000000;2016-02-18T00:30:50.000000;b713acdf-6065-41df-8f8b-d66f2afb34d9;414.23;0.163;UNKNOWN
2016-02-18T00:31:11.000000;2016-02-18T00:31:11.000000;316931bb-2281-480b-8491-c4c735c52624;414.29;2.0;UNKNOWN
2016-02-18T00:31:17.000000;2016-02-18T00:31:17.000000;5201ab82-5e17-47a7-ae35-27ce1e52f0fe;414.2;2.0;UNKNOWN
2016-02-18T00:32:03.000000;2016-02-18T00:32:03.000000;0dd0c137-bd02-48f2-9918-7fbf34269e0b;414.01;1.0;UNKNOWN
2016-02-18T00:32:13.000000;2016-02-18T00:32:13.000000;c7e8d277-7685-4f6c-8540-a333cd0a02b2;414.0;0.3;UNKNOWN
2016-02-18T00:32:13.000000;2016-02-18T00:32:13.000000;e3a8748d-f33a-4691-8b14-8f0b8885aa93;414.0;0.5;UNKNOWN
2016-02-18T00:32:35.000000;2016-02-18T00:32:35.000000;2e65562b-a864-49a1-ad0d-cbfa5a0d4aab;414.01;2.0;UNKNOWN
2016-02-18T00:32:36.000000;2016-02-18T00:32:36.000000;a916d01f-b6e8-489a-aac0-ee25b13597c1;414.0;2.0;UNKNOWN
2016-02-18T00:32:46.000000;2016-02-18T00:32:46.000000;be9652ff-023a-4874-ba9b-c68daaa5ca1b;414.0;0.01742076;UNKNOWN
2016-02-18T00:32:53.000000;2016-02-18T00:32:53.000000;dcfdc53e-4728-41a6-a7f2-a5c117bfa427;414.0;22.18257924;UNKNOWN
2016-02-18T00:33:01.000000;2016-02-18T00:33:01.000000;01a1341d-1b8e-4b28-a396-17e25282fe4e;413.1;0.4;UNKNOWN
2016-02-18T00:33:01.000000;2016-02-18T00:33:01.000000;78741261-e366-45e2-9826-bf7767db7440;413.1;0.169;UNKNOWN
2016-02-18T00:33:01.000000;2016-02-18T00:33:01.000000;409f3b2e-70d2-484d-aad6-ca8f62627738;413.1;0.5;UNKNOWN
2016-02-18T00:33:01.000000;2016-02-18T00:33:01.000000;6739de0b-53c6-4902-bb3c-5633363641f5;413.1;17.99177952;UNKNOWN
2016-02-18T00:33:01.000000;2016-02-18T00:33:01.000000;68a63fd0-1ae0-4ba5-83c4-c429a570220b;413.31;5.8952;UNKNOWN
2016-02-18T00:33:01.000000;2016-02-18T00:33:01.000000;4d1dce22-c996-4925-9308-94e40d86c35c;413.31;0.1;UNKNOWN
2016-02-18T00:33:01.000000;2016-02-18T00:33:01.000000;55e27b09-589e-4cdf-855e-ca23995b0231;413.3;1.11302048;UNKNOWN
2016-02-18T00:33:26.000000;2016-02-18T00:33:26.000000;da9d7c9d-ec3e-492c-9905-308b21b879a9;413.74;0.35872;UNKNOWN
2016-02-18T00:33:31.000000;2016-02-18T00:33:31.000000;663cec0c-0c9d-45d5-904c-eb158067ebca;413.74;0.14156;UNKNOWN
2016-02-18T00:33:34.000000;2016-02-18T00:33:34.000000;0bdb74a2-14db-49bc-8da3-2f9759447cd5;413.87;0.5;UNKNOWN
2016-02-18T00:33:36.000000;2016-02-18T00:33:36.000000;624125cc-1c77-4339-9854-9b727ddbb2e1;413.86;0.35916;UNKNOWN
2016-02-18T00:33:43.000000;2016-02-18T00:33:43.000000;f041a4dc-bdb3-40a7-b0e5-1577b7b4a481;413.77;0.12;UNKNOWN
2016-02-18T00:33:43.000000;2016-02-18T00:33:43.000000;efa8ec85-90c9-4a60-aade-88e7f8dbbb60;413.44;0.5;UNKNOWN
2016-02-18T00:33:43.000000;2016-02-18T00:33:43.000000;941b8ae7-ae69-4608-a465-57f0db280985;413.77;0.0862;UNKNOWN
2016-02-18T00:33:43.000000;2016-02-18T00:33:43.000000;d5a07f84-8819-4921-8939-170c0f797a1d;413.43;3.0;UNKNOWN
2016-02-18T00:33:43.000000;2016-02-18T00:33:43.000000;77256c9a-d12e-43ff-aaef-ef1597a90cde;413.42;3.2938;UNKNOWN
2016-02-18T00:34:07.000000;2016-02-18T00:34:07.000000;a11364f9-ae51-4d51-8b83-531587eafda2;413.99;0.275;UNKNOWN
2016-02-18T00:34:20.000000;2016-02-18T00:34:20.000000;19eb7bf0-c02a-4edb-b2fa-79320dce4c6b;413.98;0.35471;UNKNOWN
2016-02-18T00:34:29.000000;2016-02-18T00:34:29.000000;0f4b7d2c-e865-48b8-8e8b-984b4a5b93aa;414.0;0.40781;UNKNOWN
2016-02-18T00:34:40.000000;2016-02-18T00:34:40.000000;49f57db3-d1ca-4e45-a515-45d2e6ab85f8;414.0;2.0;UNKNOWN
2016-02-18T00:34:46.000000;2016-02-18T00:34:46.000000;fb30d535-c4a7-4e43-9b09-a13f05599775;414.0;0.32866;UNKNOWN
2016-02-18T00:34:52.000000;2016-02-18T00:34:52.000000;37a9bbdd-10c4-45f3-8f6f-cb0640f93ece;414.0;4.0;UNKNOWN
2016-02-18T00:35:01.000000;2016-02-18T00:35:01.000000;05f3c4e6-63d3-437f-b256-7b80211a80c1;414.0;1.8;UNKNOWN
2016-02-18T00:35:01.000000;2016-02-18T00:35:01.000000;4bfc5b20-f261-4d59-a7bb-43a46cc25a45;413.99;0.2;UNKNOWN
2016-02-18T00:35:18.000000;2016-02-18T00:35:18.000000;765c85df-218f-45c0-81cb-d69e49f148bf;414.0;10.28095076;UNKNOWN
2016-02-18T00:35:18.000000;2016-02-18T00:35:18.000000;ada9f66b-e9f7-42cc-9a7b-c1e105df2752;414.0;2.62884924;UNKNOWN
2016-02-18T00:35:20.000000;2016-02-18T00:35:20.000000;019500f0-3f28-447a-8a07-eb7b7a5d8736;414.0;1.6354382;UNKNOWN
2016-02-18T00:35:24.000000;2016-02-18T00:35:24.000000;3972dd66-1f9d-4322-adb0-dba5b241519b;414.29;0.11924;UNKNOWN
2016-02-18T00:35:29.000000;2016-02-18T00:35:29.000000;5dfd45e3-2108-4239-8c16-2dfb61232a9e;414.29;0.32;UNKNOWN
2016-02-18T00:35:39.000000;2016-02-18T00:35:39.000000;624c503e-e338-4d7f-ba8c-8b1c9ea0cd91;414.12;0.01303;UNKNOWN
2016-02-18T00:35:43.000000;2016-02-18T00:35:43.000000;41f9c18a-628a-4b71-9682-cdb0cb8ee72a;414.12;0.03908;UNKNOWN
2016-02-18T00:36:02.000000;2016-02-18T00:36:02.000000;c3977d40-8737-449e-8c6c-2db3f84952c2;414.12;0.07315;UNKNOWN
2016-02-18T00:36:12.000000;2016-02-18T00:36:12.000000;25eb33fd-3ddc-4b16-a1fa-51bba2b4db83;414.12;0.32866;UNKNOWN
2016-02-18T00:36:16.000000;2016-02-18T00:36:16.000000;04fac4e0-c407-4755-b287-56a2d7764072;414.18;0.25;UNKNOWN
2016-02-18T00:36:17.000000;2016-02-18T00:36:17.000000;f85b3435-96b3-424f-9f94-e0e1172a03b0;414.22;0.29258;UNKNOWN
2016-02-18T00:38:16.000000;2016-02-18T00:38:16.000000;b9518f1c-9f9c-4b5b-850a-9b8fc3389ea6;414.28;0.01;UNKNOWN
2016-02-18T00:38:27.000000;2016-02-18T00:38:27.000000;2e795013-096e-4f15-8b5e-3687827ac748;414.25;0.23731454;UNKNOWN
2016-02-18T00:38:32.000000;2016-02-18T00:38:32.000000;7f777b14-72b6-4dad-acb7-d533f28b50d5;414.25;1.5;UNKNOWN
2016-02-18T00:39:00.000000;2016-02-18T00:39:00.000000;eefbb094-c32c-4aa3-ae5d-f3b2e7226812;414.25;3.0;UNKNOWN
2016-02-18T00:39:04.000000;2016-02-18T00:39:04.000000;14f26cd0-e78f-4c95-81c4-0b098a74e95e;414.13;0.02;UNKNOWN
2016-02-18T00:39:07.000000;2016-02-18T00:39:07.000000;35878066-020c-4d37-9a18-7049763b2f29;414.12;0.26;UNKNOWN
2016-02-18T00:39:13.000000;2016-02-18T00:39:13.000000;0d71927c-8655-48d5-b7d5-7d9d520f0dbd;413.77;0.0169;UNKNOWN
2016-02-18T00:39:13.000000;2016-02-18T00:39:13.000000;76727e63-0e4b-49b1-9187-3a42c29f5be3;414.02;0.02;UNKNOWN
2016-02-18T00:39:13.000000;2016-02-18T00:39:13.000000;b6f5b68e-53d9-48dc-b4e4-d0acb067ea25;414.0;0.25;UNKNOWN
2016-02-18T00:39:13.000000;2016-02-18T00:39:13.000000;fbed2d12-bf08-4920-a635-396e0edd1456;413.78;0.0831;UNKNOWN
2016-02-18T00:39:22.000000;2016-02-18T00:39:22.000000;0d266ba6-5686-446a-b383-b30f9dba6c4d;413.96;0.01;UNKNOWN
2016-02-18T00:39:27.000000;2016-02-18T00:39:27.000000;7a685c51-7f2f-4ef2-9d7c-8d7c1591a57a;413.77;0.0693;UNKNOWN
2016-02-18T00:39:27.000000;2016-02-18T00:39:27.000000;16a1a654-7ada-4b88-9232-8b92300f6d38;413.76;0.2;UNKNOWN
2016-02-18T00:39:27.000000;2016-02-18T00:39:27.000000;b74b7013-4253-4784-821b-06b60bd50483;413.77;0.12;UNKNOWN
2016-02-18T00:39:29.000000;2016-02-18T00:39:29.000000;069761dd-0a23-4ee2-9944-f1e02241c94a;413.36;0.02;UNKNOWN
2016-02-18T00:39:39.000000;2016-02-18T00:39:39.000000;96d775ad-1791-45a8-a805-77a4ef015df4;413.36;0.02;UNKNOWN
2016-02-18T00:39:46.000000;2016-02-18T00:39:46.000000;99fc278c-f49f-40fc-bdf3-7e89f2758df1;413.35;0.02;UNKNOWN
2016-02-18T00:39:47.000000;2016-02-18T00:39:47.000000;49c263f1-d06c-4175-96fb-4fbfee42d5a0;413.36;0.77896705;UNKNOWN
2016-02-18T00:39:47.000000;2016-02-18T00:39:47.000000;b07f666e-25a5-4f48-bf69-8cf0d4de279b;413.76;6.0;UNKNOWN
2016-02-18T00:39:47.000000;2016-02-18T00:39:47.000000;5d5d775f-9857-4a78-8919-997bd9b5d5fd;413.34;0.5;UNKNOWN
2016-02-18T00:39:47.000000;2016-02-18T00:39:47.000000;b6a9a278-d515-4756-9142-f44d748caa82;413.35;6.0022;UNKNOWN
2016-02-18T00:39:47.000000;2016-02-18T00:39:47.000000;5491a56f-e6f6-4f20-9442-66eb2d772e63;413.34;3.0;UNKNOWN
2016-02-18T00:39:47.000000;2016-02-18T00:39:47.000000;4344ccf7-7e2f-4f09-87b5-427543ed4deb;413.77;1.95616926;UNKNOWN
2016-02-18T00:39:47.000000;2016-02-18T00:39:47.000000;a9985401-1eeb-494d-ac14-2d0d6c554a86;413.36;3.46536369;UNKNOWN
2016-02-18T00:39:49.000000;2016-02-18T00:39:49.000000;033265ae-4977-48e8-a408-8a8ae182e46f;413.01;8.61855102;UNKNOWN
2016-02-18T00:39:49.000000;2016-02-18T00:39:49.000000;98766beb-43b1-4e40-8c6d-81da6f0180eb;413.31;7.00791;UNKNOWN
2016-02-18T00:39:49.000000;2016-02-18T00:39:49.000000;01b45a59-e3fa-4e1c-acb6-6a8c4e84c265;413.1;5.93922048;UNKNOWN
2016-02-18T00:39:49.000000;2016-02-18T00:39:49.000000;54b60d48-f89f-4933-b38d-4088df2988d2;413.33;5.9767;UNKNOWN
2016-02-18T00:39:49.000000;2016-02-18T00:39:49.000000;f7237d0a-c02b-447c-8a65-000450eda7ff;413.01;1.0;UNKNOWN
2016-02-18T00:39:49.000000;2016-02-18T00:39:49.000000;8d99bed7-093d-431a-8799-7ea37586a5c1;413.1;15.1909;UNKNOWN
2016-02-18T00:39:53.000000;2016-02-18T00:39:53.000000;b9b4c64e-c5b8-48fb-b771-f757258f1a91;413.76;0.02;UNKNOWN
2016-02-18T00:40:01.000000;2016-02-18T00:40:01.000000;84b240f4-9fd9-4b3e-b138-e6d3e3106474;413.76;0.02;UNKNOWN
2016-02-18T00:40:03.000000;2016-02-18T00:40:03.000000;244ac0d4-a050-4326-a48a-71da3386c9d8;413.76;0.02;UNKNOWN
2016-02-18T00:40:03.000000;2016-02-18T00:40:03.000000;c884caec-ab90-4912-aee0-020128fe3d38;413.76;0.46;UNKNOWN
2016-02-18T00:40:09.000000;2016-02-18T00:40:09.000000;19e0ae3b-8402-4d3f-a1ee-8a02e5750d54;413.74;0.02;UNKNOWN
2016-02-18T00:40:12.000000;2016-02-18T00:40:12.000000;d223bb1e-0c0a-4c1a-abd8-c24c543b3d38;413.75;2.0;UNKNOWN
2016-02-18T00:40:15.000000;2016-02-18T00:40:15.000000;42adb316-2d48-4659-bf67-92f5683c3d62;413.75;0.02;UNKNOWN
2016-02-18T00:40:22.000000;2016-02-18T00:40:22.000000;ad3f4b59-90da-4c9d-9123-84c50da255cc;413.75;0.02;UNKNOWN
2016-02-18T00:40:30.000000;2016-02-18T00:40:30.000000;09a31c46-239e-4120-828e-e35fefc5167f;413.74;0.02;UNKNOWN
2016-02-18T00:40:32.000000;2016-02-18T00:40:32.000000;14a93d9d-5d90-4040-b86d-380264db0754;413.51;0.68561229;UNKNOWN
2016-02-18T00:41:12.000000;2016-02-18T00:41:12.000000;60669718-a778-42d0-9879-8c760f8231a5;413.58;0.02;UNKNOWN
2016-02-18T00:41:20.000000;2016-02-18T00:41:20.000000;6fabaa3a-2135-4498-9716-845353930d5f;413.58;0.02;UNKNOWN
2016-02-18T00:41:27.000000;2016-02-18T00:41:27.000000;e974c96e-b349-4733-99fc-47534058eb4d;413.58;0.02;UNKNOWN
2016-02-18T00:41:35.000000;2016-02-18T00:41:35.000000;379bc032-4c61-4c66-9e27-847c8346e8a6;413.58;0.02;UNKNOWN
2016-02-18T00:41:42.000000;2016-02-18T00:41:42.000000;3c16dbc9-389f-47fb-b9c7-67e5276cde27;413.58;0.015;UNKNOWN
2016-02-18T00:41:44.000000;2016-02-18T00:41:44.000000;40bf455c-2073-4ca8-bf67-355d381ab81a;413.58;0.02;UNKNOWN
2016-02-18T00:41:51.000000;2016-02-18T00:41:51.000000;f352ccdd-4f64-488f-a8ea-077b61cec68f;413.58;0.02;UNKNOWN
2016-02-18T00:41:55.000000;2016-02-18T00:41:55.000000;26fc47c6-3d1c-455f-a4c5-1da874bbb722;413.54;0.35;UNKNOWN
2016-02-18T00:41:58.000000;2016-02-18T00:41:58.000000;c7c8dcbf-c224-4349-a8ac-ac29ba0e9857;413.58;0.02;UNKNOWN
2016-02-18T00:42:03.000000;2016-02-18T00:42:03.000000;c261a5e7-6964-4161-8242-042780456e42;413.5;30.96320325;UNKNOWN
2016-02-18T00:42:06.000000;2016-02-18T00:42:06.000000;1cf70bb8-c2a7-4757-992b-1b1dab8d31e3;413.58;0.02;UNKNOWN
2016-02-18T00:42:08.000000;2016-02-18T00:42:08.000000;d1868f9e-c45e-41ae-8355-179f1ea1eeb9;413.58;0.32831142;UNKNOWN
2016-02-18T00:42:08.000000;2016-02-18T00:42:08.000000;f61b4bdc-d612-47f5-ba6b-fdb1eb75fc7f;413.59;0.07168858;UNKNOWN
2016-02-18T00:42:14.000000;2016-02-18T00:42:14.000000;64f71a9f-bc7f-4a45-b1ad-1289eb5f23a9;413.61;0.01;UNKNOWN
2016-02-18T00:42:17.000000;2016-02-18T00:42:17.000000;4e3d717e-9113-49ae-a0af-68edbc31b94d;413.5;0.2583822;UNKNOWN
2016-02-18T00:42:22.000000;2016-02-18T00:42:22.000000;ebf66ff4-ebb8-428f-8f5d-c09c8dce2492;413.61;0.02;UNKNOWN
2016-02-18T00:42:29.000000;2016-02-18T00:42:29.000000;3ccd246e-66f4-498f-a495-088c133f2796;413.61;3.0;UNKNOWN
2016-02-18T00:42:29.000000;2016-02-18T00:42:29.000000;e9df23ac-118c-4169-bb4b-fdafc70ed532;413.61;0.02;UNKNOWN
2016-02-18T00:43:01.000000;2016-02-18T00:43:01.000000;4a4fe359-d017-41d3-8ae5-3cfa0be50ff7;413.7;0.2;UNKNOWN
2016-02-18T00:43:05.000000;2016-02-18T00:43:05.000000;1e2ac365-f072-43ad-9114-04dbb3956059;413.61;6.0051;UNKNOWN
2016-02-18T00:43:05.000000;2016-02-18T00:43:05.000000;4b116026-7107-4326-8fc8-76b22a22546a;413.6;5.73036366;UNKNOWN
2016-02-18T00:43:19.000000;2016-02-18T00:43:19.000000;362ddbb9-8d2a-4619-b5b7-303593065741;413.78;0.45;UNKNOWN
2016-02-18T00:44:57.000000;2016-02-18T00:44:57.000000;65cce7ea-1573-439d-877a-5d510bc9598c;413.68;0.02404303;UNKNOWN
2016-02-18T00:44:57.000000;2016-02-18T00:44:57.000000;60bb66d4-8450-4041-8baa-8a702b084ae8;413.84;0.46;UNKNOWN
2016-02-18T00:45:06.000000;2016-02-18T00:45:06.000000;e796c338-b1e0-46f5-9d69-19f939e00fca;413.5;13.77841455;UNKNOWN
2016-02-18T00:45:06.000000;2016-02-18T00:45:06.000000;0882e6cd-07b6-4662-bcd2-7ecc674906ca;413.09;3.33283481;UNKNOWN
2016-02-18T00:45:06.000000;2016-02-18T00:45:06.000000;16254454-8d5e-4564-81f7-486abba70312;413.6;3.48774022;UNKNOWN
2016-02-18T00:45:06.000000;2016-02-18T00:45:06.000000;0afe64fa-ce4d-4962-aad1-667671f21ccf;413.68;0.06215697;UNKNOWN
2016-02-18T00:45:06.000000;2016-02-18T00:45:06.000000;c5b9538c-4403-4b7d-b33b-a104bebae566;413.22;15.5719;UNKNOWN
2016-02-18T00:45:06.000000;2016-02-18T00:45:06.000000;13e90fd7-586c-4ba3-83d7-7bd2027ffbcd;413.68;0.12;UNKNOWN
2016-02-18T00:45:06.000000;2016-02-18T00:45:06.000000;a38a113c-1f95-4a8e-904d-1ce228d67d9b;413.61;6.0351;UNKNOWN
2016-02-18T00:45:06.000000;2016-02-18T00:45:06.000000;63bbc345-4ce2-41d7-accf-05aad949a54a;413.4;0.02;UNKNOWN
2016-02-18T00:45:06.000000;2016-02-18T00:45:06.000000;4cc237d3-d973-47c7-9e99-cbe7494b5573;413.3;1.11302048;UNKNOWN
2016-02-18T00:45:06.000000;2016-02-18T00:45:06.000000;c340e4a7-8b2a-4d07-adad-4ca89fede550;413.6;0.78189612;UNKNOWN
2016-02-18T00:45:17.000000;2016-02-18T00:45:17.000000;9f926612-6cda-4273-8e94-00fb35d9bfc1;413.76;3.0;UNKNOWN
2016-02-18T00:45:27.000000;2016-02-18T00:45:27.000000;875d8092-b0ab-4097-9673-b735bf0d54e7;413.08;0.22701216;UNKNOWN
2016-02-18T00:46:05.000000;2016-02-18T00:46:05.000000;dc09c34e-f630-4d6f-b892-975be17457c6;413.42;0.33437481;UNKNOWN
2016-02-18T00:46:05.000000;2016-02-18T00:46:05.000000;4ffca844-1796-415f-82a1-507cfaf2d36c;413.65;0.02;UNKNOWN
2016-02-18T00:46:23.000000;2016-02-18T00:46:23.000000;f7348df5-b8b5-4317-a1ae-45da6a77df72;413.12;0.18;UNKNOWN
2016-02-18T00:46:23.000000;2016-02-18T00:46:23.000000;0289a08e-8b20-4942-ad36-5f8e318228a1;413.64;0.02;UNKNOWN
2016-02-18T00:46:35.000000;2016-02-18T00:46:35.000000;a72297c7-9ce7-406e-86d4-8493e2bf6770;413.79;2.0;UNKNOWN
2016-02-18T00:46:41.000000;2016-02-18T00:46:41.000000;e716ddf5-6023-4b88-bb55-9fb75cf98de2;413.87;0.15;UNKNOWN
2016-02-18T00:46:46.000000;2016-02-18T00:46:46.000000;2ff7e3bf-e6e8-4651-8a6c-53115b7187f5;413.26;0.23;UNKNOWN
2016-02-18T00:46:55.000000;2016-02-18T00:46:55.000000;08050b5a-ffdb-4306-80f4-fbaf75011d5c;413.86;0.02;UNKNOWN
2016-02-18T00:47:02.000000;2016-02-18T00:47:02.000000;9fa19a53-cbbe-4f83-9b57-1a886421d249;413.67;0.02;UNKNOWN
2016-02-18T00:47:07.000000;2016-02-18T00:47:07.000000;99eb31e9-3301-4933-821c-e8061b260bd4;413.41;0.25;UNKNOWN
2016-02-18T00:47:07.000000;2016-02-18T00:47:07.000000;039e1cc9-f1bd-42c4-8714-217284070a54;413.41;0.5;UNKNOWN
2016-02-18T00:47:08.000000;2016-02-18T00:47:08.000000;e2830f9d-f768-4fb2-bced-44c064c4b3c0;413.66;0.02;UNKNOWN
2016-02-18T00:47:15.000000;2016-02-18T00:47:15.000000;5c2b8ce6-a652-4efe-836c-e5857f32937f;413.66;0.02;UNKNOWN
2016-02-18T00:47:23.000000;2016-02-18T00:47:23.000000;bcfd9d08-9224-4764-89d8-356c7ccdf8a8;413.66;0.01;UNKNOWN
2016-02-18T00:47:32.000000;2016-02-18T00:47:32.000000;212c5115-deb9-4e23-aa84-b13d038f9d3c;413.67;0.02;UNKNOWN
2016-02-18T00:47:38.000000;2016-02-18T00:47:38.000000;0777b782-d5ab-4d5d-9056-d6024dbc86c6;413.67;0.02;UNKNOWN
2016-02-18T00:47:45.000000;2016-02-18T00:47:45.000000;642f6116-3f94-4475-9fe2-bdab1291feb1;413.67;0.02;UNKNOWN
2016-02-18T00:47:52.000000;2016-02-18T00:47:52.000000;ede53213-3fc0-4a62-a5aa-5a0a89196d1b;413.88;0.02;UNKNOWN
2016-02-18T00:48:00.000000;2016-02-18T00:48:00.000000;7506c720-689f-4b7b-aee9-df871940c28d;413.88;0.02;UNKNOWN
2016-02-18T00:48:04.000000;2016-02-18T00:48:04.000000;bb0e69d8-1043-4870-a448-2d329d3ff2dd;413.68;0.33065018;UNKNOWN
2016-02-18T00:48:06.000000;2016-02-18T00:48:06.000000;63cad0c2-55c6-49ef-93a4-af5b72c8bac1;413.88;0.02;UNKNOWN
2016-02-18T00:48:13.000000;2016-02-18T00:48:13.000000;9473121b-78df-443b-a4a3-84d98c12e0b8;413.87;0.01;UNKNOWN
2016-02-18T00:48:17.000000;2016-02-18T00:48:17.000000;ffb7ee5c-18a2-486f-a83c-3fd2101138da;413.68;0.7;UNKNOWN
2016-02-18T00:48:17.000000;2016-02-18T00:48:17.000000;1a0720ef-2967-4817-aa18-ae954f4917c4;413.66;0.01;UNKNOWN
2016-02-18T00:48:17.000000;2016-02-18T00:48:17.000000;b6ff1582-707a-47a2-a4ec-bd60e6f87a67;413.74;0.5;UNKNOWN
2016-02-18T00:48:17.000000;2016-02-18T00:48:17.000000;74108fc0-5ed7-4b56-ade4-c5ff91ab327d;413.73;3.0;UNKNOWN
2016-02-18T00:48:22.000000;2016-02-18T00:48:22.000000;97e671ad-7feb-4469-888f-c62fa0455463;413.65;0.02;UNKNOWN
2016-02-18T00:48:27.000000;2016-02-18T00:48:27.000000;6f9256ed-c8c2-4c41-b2d1-ea9e5d2b9671;413.52;1.0288402;UNKNOWN
2016-02-18T00:48:28.000000;2016-02-18T00:48:28.000000;545cb5b4-024c-4e51-9d7c-0813facb850a;413.53;0.2;UNKNOWN
2016-02-18T00:48:29.000000;2016-02-18T00:48:29.000000;deecce47-0c23-4fe9-9da6-6cefb26bb7cf;413.66;0.02;UNKNOWN
2016-02-18T00:48:36.000000;2016-02-18T00:48:36.000000;6b94986b-256a-4608-8069-fe61cf5d0bcb;413.64;0.02;UNKNOWN
2016-02-18T00:48:43.000000;2016-02-18T00:48:43.000000;b38998e2-3a06-4d8d-9d09-4af20f2de568;413.66;0.02;UNKNOWN
2016-02-18T00:48:49.000000;2016-02-18T00:48:49.000000;94c750f9-47c8-4a8a-8300-fa58c6716592;413.66;0.02;UNKNOWN
2016-02-18T00:48:54.000000;2016-02-18T00:48:54.000000;2da95629-0e5f-43c7-806f-5e5f5995abc5;413.65;0.5;UNKNOWN
2016-02-18T00:48:58.000000;2016-02-18T00:48:58.000000;9b51dd41-d166-45d0-a07b-8f4e225ce0ec;413.65;0.02;UNKNOWN
2016-02-18T00:49:05.000000;2016-02-18T00:49:05.000000;debce753-00b6-4747-9d18-a425cb559709;413.65;0.02;UNKNOWN
2016-02-18T00:49:07.000000;2016-02-18T00:49:07.000000;fa1a6e8d-402e-4235-96a2-6eec2c47ac73;413.65;0.46;UNKNOWN
2016-02-18T00:49:12.000000;2016-02-18T00:49:12.000000;2c62eaa7-9c6f-41b3-9087-02e7d7c77072;413.88;0.02;UNKNOWN
2016-02-18T00:49:19.000000;2016-02-18T00:49:19.000000;eae0f486-07be-4170-8105-1b3c7a80680b;413.87;0.02;UNKNOWN
2016-02-18T00:49:26.000000;2016-02-18T00:49:26.000000;8754465a-5547-4977-ae72-25b142fb59e8;413.87;0.01;UNKNOWN
2016-02-18T00:49:28.000000;2016-02-18T00:49:28.000000;98bf35b5-634e-4963-85f9-a47bc7be7f51;413.31;6.0;UNKNOWN
2016-02-18T00:49:28.000000;2016-02-18T00:49:28.000000;107678d8-0419-4867-a855-e1023ff2a449;413.26;0.2657871;UNKNOWN
2016-02-18T00:49:28.000000;2016-02-18T00:49:28.000000;844c7ead-40cc-4466-8bf0-d4bd9a03673d;413.56;0.0862;UNKNOWN
2016-02-18T00:49:28.000000;2016-02-18T00:49:28.000000;184d058f-5c05-429f-8984-d0fd008e25c1;413.66;0.04;UNKNOWN
2016-02-18T00:49:28.000000;2016-02-18T00:49:28.000000;71337aca-7dc2-4a0d-9b27-95ce80aea07b;413.56;0.1201;UNKNOWN
2016-02-18T00:49:28.000000;2016-02-18T00:49:28.000000;28cf920b-c235-4a5f-bbb4-0b59027f7423;413.59;5.9786;UNKNOWN
2016-02-18T00:49:34.000000;2016-02-18T00:49:34.000000;d28e6ef4-1903-4419-b88d-9f2dd7a27c56;413.85;0.01;UNKNOWN
2016-02-18T00:49:43.000000;2016-02-18T00:49:43.000000;d696cd49-a2e6-422c-82ee-856cfa128d0b;413.79;0.02;UNKNOWN
2016-02-18T00:49:50.000000;2016-02-18T00:49:50.000000;eb1ced0f-a7e1-427b-9b72-87ccb89cf1b6;413.77;0.02;UNKNOWN
2016-02-18T00:49:56.000000;2016-02-18T00:49:56.000000;46934f90-03d2-4b0c-9376-6717c5700f83;413.77;0.02;UNKNOWN
2016-02-18T00:50:03.000000;2016-02-18T00:50:03.000000;6857ba7f-f84c-40d9-a1d0-cd2468ec3cc5;413.77;0.02;UNKNOWN
2016-02-18T00:50:05.000000;2016-02-18T00:50:05.000000;9c06d468-0eb6-45c8-8497-2497ca61b709;413.4;6.0078;UNKNOWN
2016-02-18T00:50:05.000000;2016-02-18T00:50:05.000000;6809ea34-2466-44a8-a0bb-6659b9414500;413.1;1.26577201;UNKNOWN
2016-02-18T00:50:05.000000;2016-02-18T00:50:05.000000;9e9ca4f5-4563-4ac9-9bf8-ec38b174160b;413.11;17.5906;UNKNOWN
2016-02-18T00:50:05.000000;2016-02-18T00:50:05.000000;6be6bb96-a4b4-44b6-b561-b1c976d9bbe9;413.75;1.0;UNKNOWN
2016-02-18T00:50:05.000000;2016-02-18T00:50:05.000000;bc9f3974-d66c-48c4-a824-aafaeb6eea82;413.39;11.7658;UNKNOWN
2016-02-18T00:50:07.000000;2016-02-18T00:50:07.000000;8e8b1c5c-410c-4e80-88d7-4c0931fd395a;413.77;0.25;UNKNOWN
2016-02-18T00:50:10.000000;2016-02-18T00:50:10.000000;a88f5f76-9e5f-41d9-ab03-516d2a6c2c1f;413.75;0.02;UNKNOWN
2016-02-18T00:50:12.000000;2016-02-18T00:50:12.000000;e8c843ba-a748-4b8f-b1d0-472b354980d9;413.15;0.52873027;UNKNOWN
2016-02-18T00:50:18.000000;2016-02-18T00:50:18.000000;9d2ad533-3940-4906-9d43-48a7939daa3e;413.71;0.01;UNKNOWN
2016-02-18T00:50:26.000000;2016-02-18T00:50:26.000000;e9d61af3-3c18-418a-87b9-521039d24210;413.66;0.02;UNKNOWN
2016-02-18T00:50:33.000000;2016-02-18T00:50:33.000000;2e9bb469-7a8d-4d81-aeae-8abc78abfc1a;413.63;0.02;UNKNOWN
2016-02-18T00:50:35.000000;2016-02-18T00:50:35.000000;6dec1ac1-3db8-438b-9baa-8a7ffb8f2fad;413.24;0.7;UNKNOWN
2016-02-18T00:50:40.000000;2016-02-18T00:50:40.000000;62ec0cc9-9524-4cc9-a12c-bffb9e2f67ea;413.59;0.01;UNKNOWN
2016-02-18T00:50:48.000000;2016-02-18T00:50:48.000000;b8a5ff82-9263-4359-b4ba-ef07198e840f;413.56;0.02;UNKNOWN
2016-02-18T00:51:00.000000;2016-02-18T00:51:00.000000;0b4204c0-653b-433a-bcf7-6032722d680b;413.36;11.4862;UNKNOWN
2016-02-18T00:51:00.000000;2016-02-18T00:51:00.000000;4e723167-e09d-46dd-ba60-a79ed64d6a88;413.3;2.4731;UNKNOWN
2016-02-18T00:51:00.000000;2016-02-18T00:51:00.000000;07b3c3e2-b136-484d-aea0-c8f2379b58b9;413.4;6.0407;UNKNOWN
2016-02-18T00:51:01.000000;2016-02-18T00:51:01.000000;dc194b60-fe9b-4e5e-bec4-2648aad519f4;413.62;0.5;UNKNOWN
2016-02-18T00:51:01.000000;2016-02-18T00:51:01.000000;3e0e9b90-d258-4b5e-895d-d64f046e3baa;413.4;1.0;UNKNOWN
2016-02-18T00:51:01.000000;2016-02-18T00:51:01.000000;36b292a5-362f-4590-993a-14b8f84eb330;413.62;2.5;UNKNOWN
2016-02-18T00:51:05.000000;2016-02-18T00:51:05.000000;1ca1f6ad-18bc-4650-9996-c8aedb1c08c1;413.6;0.02;UNKNOWN
2016-02-18T00:51:05.000000;2016-02-18T00:51:05.000000;a4349c81-f782-4114-9f31-e64ec58b91ec;413.51;0.34227694;UNKNOWN
2016-02-18T00:51:12.000000;2016-02-18T00:51:12.000000;e3bd5c1b-3a22-437c-a327-2fe8fab377e8;413.6;0.02;UNKNOWN
2016-02-18T00:51:15.000000;2016-02-18T00:51:15.000000;40b9126e-b668-4634-9aa0-533a632d17cd;413.51;5.0;UNKNOWN
2016-02-18T00:51:19.000000;2016-02-18T00:51:19.000000;7c492942-f833-4f98-84f0-221d77a7125f;413.6;0.02;UNKNOWN
2016-02-18T00:51:23.000000;2016-02-18T00:51:23.000000;021c3417-01fb-452c-8dbe-e9a9a2cf6cad;413.51;1.5;UNKNOWN
2016-02-18T00:51:27.000000;2016-02-18T00:51:27.000000;82b92e8c-ef17-4e0b-be6a-6c9f59a1bd82;413.59;0.01;UNKNOWN
2016-02-18T00:51:36.000000;2016-02-18T00:51:36.000000;82a88847-8174-4d4f-b902-7ca72aea8f0d;413.59;0.01;UNKNOWN
2016-02-18T00:51:45.000000;2016-02-18T00:51:45.000000;7ab4de64-4f84-4186-ad5c-814add4b5484;413.59;0.011;UNKNOWN
2016-02-18T00:51:46.000000;2016-02-18T00:51:46.000000;7a1dd46e-e434-44c0-8492-d24b51cd6a41;413.59;0.489;UNKNOWN
2016-02-18T00:51:46.000000;2016-02-18T00:51:46.000000;ad2e516b-426b-4d6f-8d53-25458b8a31f5;413.6;0.511;UNKNOWN
2016-02-18T00:51:52.000000;2016-02-18T00:51:52.000000;e009c99c-7c33-4228-bc3c-84d6ed205b2c;413.59;0.02;UNKNOWN
2016-02-18T00:51:56.000000;2016-02-18T00:51:56.000000;4ea0837f-bd34-49c2-acf4-b307d957f127;413.55;16.47;UNKNOWN
2016-02-18T00:51:56.000000;2016-02-18T00:51:56.000000;188d856b-a310-42ef-9041-c34d841b1754;413.54;3.33;UNKNOWN
2016-02-18T00:51:56.000000;2016-02-18T00:51:56.000000;595f87d7-173c-4322-977d-0e71622d59d3;413.55;0.2;UNKNOWN
2016-02-18T00:51:59.000000;2016-02-18T00:51:59.000000;f76b3788-8b63-4a4e-8f6b-e47fb1c87e69;413.59;0.02;UNKNOWN
2016-02-18T00:52:04.000000;2016-02-18T00:52:04.000000;4c0acd1b-6217-4a17-8145-7321121e11f4;413.52;10.0;UNKNOWN
2016-02-18T00:52:04.000000;2016-02-18T00:52:04.000000;594fbe65-a194-43e9-8ac0-b15c1f71cf41;413.5;5.19708247;UNKNOWN
2016-02-18T00:52:04.000000;2016-02-18T00:52:04.000000;01ff0116-83fa-49e5-8d2e-40b29c7253cc;413.55;1.0;UNKNOWN
2016-02-18T00:52:04.000000;2016-02-18T00:52:04.000000;063c5210-80b1-4e10-878f-3a136c3fd488;413.54;4.67;UNKNOWN
2016-02-18T00:52:06.000000;2016-02-18T00:52:06.000000;17582637-ad93-4223-97e6-2a1fea921377;413.59;0.01;UNKNOWN
2016-02-18T00:52:14.000000;2016-02-18T00:52:14.000000;0e193d95-9931-42ca-9c4b-7bc4bf425615;413.59;0.01;UNKNOWN
2016-02-18T00:52:14.000000;2016-02-18T00:52:14.000000;84588ce0-45cd-4cbf-9130-7442ec5ec292;413.59;5.0;UNKNOWN
2016-02-18T00:52:26.000000;2016-02-18T00:52:26.000000;00ce8614-f598-4091-a088-660d6a57163d;413.59;0.02;UNKNOWN
2016-02-18T00:52:32.000000;2016-02-18T00:52:32.000000;f5d24637-a30a-4850-8d95-6ce9f5fd6d8d;413.59;0.02;UNKNOWN
2016-02-18T00:52:32.000000;2016-02-18T00:52:32.000000;659d218f-8500-4bc7-a67c-7d14d9bd2f26;413.51;0.5;UNKNOWN
2016-02-18T00:52:32.000000;2016-02-18T00:52:32.000000;ae9fbb22-a270-4a24-8260-6a40e1cb2c3b;413.51;1.6738;UNKNOWN
2016-02-18T00:52:39.000000;2016-02-18T00:52:39.000000;5d2f6bb8-5bc5-4dc8-bad0-94af2efc92cd;413.59;0.02;UNKNOWN
2016-02-18T00:52:47.000000;2016-02-18T00:52:47.000000;34660ecd-8656-40cb-bd7b-f71d27701d28;413.59;0.02;UNKNOWN
2016-02-18T00:52:54.000000;2016-02-18T00:52:54.000000;b13df296-1e6a-4c36-8a00-391a2080750d;413.59;0.02;UNKNOWN
2016-02-18T00:53:01.000000;2016-02-18T00:53:01.000000;0e5ed7b3-230f-4100-a6c1-822b14768b1e;413.59;0.02;UNKNOWN
2016-02-18T00:53:05.000000;2016-02-18T00:53:05.000000;c06babe4-24d5-44bf-b2ef-132872c7c96a;413.55;4.17696137;UNKNOWN
2016-02-18T00:53:08.000000;2016-02-18T00:53:08.000000;44c60116-0c8a-4917-ac68-d862efb9dfc6;413.59;0.02;UNKNOWN
2016-02-18T00:53:15.000000;2016-02-18T00:53:15.000000;6ccb26b9-2286-48d2-945b-8658b2cd4269;413.59;0.02;UNKNOWN
2016-02-18T00:53:22.000000;2016-02-18T00:53:22.000000;cf4ed67f-ff07-4a35-a8ad-22d95029bc91;413.59;0.02;UNKNOWN
2016-02-18T00:53:24.000000;2016-02-18T00:53:24.000000;1981c160-961f-4cfd-a0a6-fbc69cd3ca8c;413.55;2.0;UNKNOWN
2016-02-18T00:53:29.000000;2016-02-18T00:53:29.000000;36ac17cd-2be5-4f0e-b8f7-d118cde1cea6;413.59;0.02;UNKNOWN
2016-02-18T00:53:30.000000;2016-02-18T00:53:30.000000;722b1895-4ae8-4eb4-adba-24836f05f92d;413.59;0.1;UNKNOWN
2016-02-18T00:53:36.000000;2016-02-18T00:53:36.000000;b30de5f4-3976-43cc-aa7d-1a7f21aae279;413.59;0.02;UNKNOWN
2016-02-18T00:53:43.000000;2016-02-18T00:53:43.000000;1fbad759-34f2-425d-abc0-5d46de924ccb;413.59;0.02;UNKNOWN
2016-02-18T00:53:50.000000;2016-02-18T00:53:50.000000;2133b28a-310c-4dae-ad41-6bde8d00f951;413.59;0.02;UNKNOWN
2016-02-18T00:53:57.000000;2016-02-18T00:53:57.000000;c5f5c23d-c07f-4f8f-8f4d-0bdaa486a966;413.59;0.02;UNKNOWN
2016-02-18T00:54:03.000000;2016-02-18T00:54:03.000000;00d9b85a-3194-40b2-a4c3-5a03a76d3c11;413.57;10.0;UNKNOWN
2016-02-18T00:54:04.000000;2016-02-18T00:54:04.000000;19897773-4b4a-49a6-85af-fd0ce4f4bf00;413.59;0.02;UNKNOWN
2016-02-18T00:54:05.000000;2016-02-18T00:54:05.000000;7f8ffe7b-88cd-4ad5-b0de-1bdbe4568cda;413.5;4.54870475;UNKNOWN
2016-02-18T00:54:05.000000;2016-02-18T00:54:05.000000;9035ece1-2f96-424a-b07d-112de4de065c;413.55;10.0;UNKNOWN
2016-02-18T00:54:05.000000;2016-02-18T00:54:05.000000;c3f18647-149a-4e53-8bce-2ea4cd4f6b8d;413.51;14.033;UNKNOWN
2016-02-18T00:54:05.000000;2016-02-18T00:54:05.000000;f8028e51-3fd1-4b01-a551-843f3effa1c4;413.56;5.9668;UNKNOWN
2016-02-18T00:54:05.000000;2016-02-18T00:54:05.000000;51fa38ce-e278-4c3d-88f4-02695f8b6880;413.56;0.1;UNKNOWN
2016-02-18T00:54:05.000000;2016-02-18T00:54:05.000000;dafd68ee-c539-416b-b83c-249f60e45bbd;413.55;0.2;UNKNOWN
2016-02-18T00:54:06.000000;2016-02-18T00:54:06.000000;467d9db7-e59f-4c57-af45-75c71fee5ed8;413.5;1.46124299;UNKNOWN
2016-02-18T00:54:08.000000;2016-02-18T00:54:08.000000;f8314de1-74e6-4ca3-a41f-16cb50e9b983;413.5;14.68382189;UNKNOWN
2016-02-18T00:54:13.000000;2016-02-18T00:54:13.000000;eeea99b2-c0ac-44c2-a987-6b0acdecc5db;413.59;0.01;UNKNOWN
2016-02-18T00:54:21.000000;2016-02-18T00:54:21.000000;20ad159c-e0d0-4880-8019-107ff754958d;413.59;0.02;UNKNOWN
2016-02-18T00:54:27.000000;2016-02-18T00:54:27.000000;511e24ff-7f70-492f-b1a4-43cce11b7ee2;413.75;6.0092;UNKNOWN
2016-02-18T00:54:27.000000;2016-02-18T00:54:27.000000;e25475ae-0b17-4ac0-b27d-bb3ddd9921ef;413.76;7.0582;UNKNOWN
2016-02-18T00:54:27.000000;2016-02-18T00:54:27.000000;f2a58f24-3003-4b36-b010-895474647d4b;413.59;1.69;UNKNOWN
2016-02-18T00:54:27.000000;2016-02-18T00:54:27.000000;db07efde-b913-4b4d-8650-9e76e43139bc;413.6;0.129;UNKNOWN
2016-02-18T00:54:28.000000;2016-02-18T00:54:28.000000;4f226444-782e-4b49-9dbd-febeec299bf2;413.76;0.02;UNKNOWN
2016-02-18T00:54:34.000000;2016-02-18T00:54:34.000000;81989c89-f15d-4f88-b93d-e500fbe738f6;414.0;1.0;UNKNOWN
2016-02-18T00:54:34.000000;2016-02-18T00:54:34.000000;32822d2c-5512-40c2-8442-e77112747dd4;413.76;2.9218;UNKNOWN
2016-02-18T00:54:34.000000;2016-02-18T00:54:34.000000;dfd0f5cf-3b58-4368-a6db-9ab0ade4a334;414.26;3.0;UNKNOWN
2016-02-18T00:54:34.000000;2016-02-18T00:54:34.000000;f6c8a9a0-8e2e-4152-a19b-46acdad859f8;414.35;0.03738;UNKNOWN
2016-02-18T00:54:34.000000;2016-02-18T00:54:34.000000;45064e91-face-4ab7-8665-847676620493;414.0;2.73;UNKNOWN
2016-02-18T00:54:34.000000;2016-02-18T00:54:34.000000;786d8869-76ae-4e81-ad38-fd2748167ed9;414.35;0.01;UNKNOWN
2016-02-18T00:54:37.000000;2016-02-18T00:54:37.000000;c967a517-1669-4edd-8afa-7190b75384cf;414.36;1.0;UNKNOWN
2016-02-18T00:54:44.000000;2016-02-18T00:54:44.000000;4ea3f200-6669-4a76-834f-37e0b09ebaaa;414.35;1.9449;UNKNOWN
2016-02-18T00:55:03.000000;2016-02-18T00:55:03.000000;b8928ab5-7a48-4954-a859-1592b73f281b;414.5;5.6014;UNKNOWN
2016-02-18T00:55:03.000000;2016-02-18T00:55:03.000000;c3721ac9-a8eb-453f-b1ee-3dd66c9e7c4d;414.36;9.0;UNKNOWN
2016-02-18T00:55:05.000000;2016-02-18T00:55:05.000000;07f20a92-a783-4a89-9522-ffbbe7294e3a;414.14;0.5;UNKNOWN
2016-02-18T00:55:05.000000;2016-02-18T00:55:05.000000;6204a356-f9c0-4bc5-a6d8-5113f1f00e15;414.13;1.48;UNKNOWN
2016-02-18T00:55:05.000000;2016-02-18T00:55:05.000000;90d4c1ca-adce-4f74-99a3-622c1113d1fa;414.26;0.02;UNKNOWN
2016-02-18T00:55:05.000000;2016-02-18T00:55:05.000000;5510be71-12db-4d3c-a3c4-a95f43d93313;414.14;3.0;UNKNOWN
2016-02-18T00:55:08.000000;2016-02-18T00:55:08.000000;5c2ea5f6-dabe-439c-940a-fa1442b36231;414.49;0.3775;UNKNOWN
2016-02-18T00:55:48.000000;2016-02-18T00:55:48.000000;0abc3e87-bc83-4b51-850c-715591d5dbfd;414.5;0.02;UNKNOWN
2016-02-18T00:55:50.000000;2016-02-18T00:55:50.000000;5dde0873-4ef7-4b66-abac-7f2021cae8e7;414.48;0.1;UNKNOWN
2016-02-18T00:55:50.000000;2016-02-18T00:55:50.000000;b6f80f1e-638d-48e9-b300-7452ab883516;414.41;1.3858;UNKNOWN
2016-02-18T00:55:50.000000;2016-02-18T00:55:50.000000;410f4480-2b16-46cf-9efa-231210e0517d;414.42;6.0127;UNKNOWN
2016-02-18T00:55:56.000000;2016-02-18T00:55:56.000000;c645933b-cb8d-49dd-9a90-fdfddccdcb1e;414.5;0.02;UNKNOWN
2016-02-18T00:56:01.000000;2016-02-18T00:56:01.000000;d305a399-156c-45e2-b155-5e8e4714015c;414.5;0.7;UNKNOWN
2016-02-18T00:56:03.000000;2016-02-18T00:56:03.000000;771c030e-eb70-4722-bba6-5bc2ca094e0b;414.5;0.02;UNKNOWN
2016-02-18T00:56:05.000000;2016-02-18T00:56:05.000000;f3228858-9769-4446-a77f-55e99e4d7c61;414.5;4.44563;UNKNOWN
2016-02-18T00:56:12.000000;2016-02-18T00:56:12.000000;fbc94976-931f-4e6a-baed-054630645589;414.5;0.02;UNKNOWN
2016-02-18T00:56:14.000000;2016-02-18T00:56:14.000000;222acbd2-c34d-43d2-9bdf-f809a4478309;414.5;1.32703;UNKNOWN
2016-02-18T00:56:14.000000;2016-02-18T00:56:14.000000;e7bd3ef0-4fea-4574-80aa-7df30bf1d485;414.5;8.67297;UNKNOWN
2016-02-18T00:56:20.000000;2016-02-18T00:56:20.000000;d84e69a6-6da3-4ce4-954e-ab219d3fdfaf;414.5;0.02;UNKNOWN
2016-02-18T00:56:25.000000;2016-02-18T00:56:25.000000;22f55798-9421-4f22-9665-760a169c9099;414.5;0.5;UNKNOWN
2016-02-18T00:56:27.000000;2016-02-18T00:56:27.000000;2610b918-fe63-490b-86e7-c4d6038f31c7;414.5;0.02;UNKNOWN
2016-02-18T00:56:32.000000;2016-02-18T00:56:32.000000;6802282a-5ef5-4db6-84f5-c2158063ce6b;414.86;0.28555;UNKNOWN
2016-02-18T00:56:32.000000;2016-02-18T00:56:32.000000;565f2a8b-eeee-4f65-a3db-b681b31646cc;414.5;8.91937;UNKNOWN
2016-02-18T00:57:08.000000;2016-02-18T00:57:08.000000;f9354afb-2c14-47bf-a20e-bcae392aaa11;414.76;0.25;UNKNOWN
2016-02-18T00:57:14.000000;2016-02-18T00:57:14.000000;8a6af71a-ade8-4fe7-807d-64b1ed280573;414.76;3.0;UNKNOWN
2016-02-18T00:57:21.000000;2016-02-18T00:57:21.000000;6a74d4fa-8636-4f1d-b5d3-9b9ea637b598;414.76;7.0305;UNKNOWN
2016-02-18T00:57:28.000000;2016-02-18T00:57:28.000000;50e9d43a-aaf7-4f02-843f-e6f0c0274810;414.78;0.2;UNKNOWN
2016-02-18T00:58:04.000000;2016-02-18T00:58:04.000000;d6f0cc18-1510-4da5-8138-ce00f91fe8ff;414.8;3.79341065;UNKNOWN
2016-02-18T00:58:18.000000;2016-02-18T00:58:18.000000;2a4263fe-27cd-4516-8523-a7236fac669b;414.83;1.0;UNKNOWN
2016-02-18T00:58:18.000000;2016-02-18T00:58:18.000000;ac0c3be4-2632-4264-b3b8-f63b1fcc0399;414.8;0.39619907;UNKNOWN
2016-02-18T00:58:25.000000;2016-02-18T00:58:25.000000;6c8a005a-b7e4-44ed-8885-6c866dff8526;414.84;3.0;UNKNOWN
2016-02-18T00:58:25.000000;2016-02-18T00:58:25.000000;8319070f-7f81-43cc-9dd8-8f2abfaac40c;414.84;0.5;UNKNOWN
2016-02-18T00:58:25.000000;2016-02-18T00:58:25.000000;6887a17b-13a8-4a8a-b5f0-eb64c167489d;414.91;4.14;UNKNOWN
2016-02-18T00:58:25.000000;2016-02-18T00:58:25.000000;9b21ebc1-fc63-4684-9374-f8a40522eae0;414.9;2.36;UNKNOWN
2016-02-18T00:58:44.000000;2016-02-18T00:58:44.000000;49a775b3-38b5-4959-9d3e-bf5d07bccb22;415.0;0.91937;UNKNOWN
2016-02-18T00:59:12.000000;2016-02-18T00:59:12.000000;507f2267-96fb-4eea-9960-53b6d78c2d01;415.0;1.17;UNKNOWN
2016-02-18T00:59:14.000000;2016-02-18T00:59:14.000000;ceaa6116-afe3-46e9-8b93-f603c7b719fd;415.0;0.015;UNKNOWN
2016-02-18T00:59:15.000000;2016-02-18T00:59:15.000000;8a87473b-04d2-4057-b7b4-fff3f4739b67;415.0;1.0;UNKNOWN
2016-02-18T00:59:22.000000;2016-02-18T00:59:22.000000;d2925e82-1aed-420e-a738-dcc598011fcf;415.0;0.5;UNKNOWN
2016-02-18T00:59:22.000000;2016-02-18T00:59:22.000000;5f252d53-7034-45a3-afb4-58c8c7661536;415.41;3.93837;UNKNOWN
2016-02-18T00:59:22.000000;2016-02-18T00:59:22.000000;140aae06-49e9-452a-bc09-8b95cd7e3d87;415.0;6.89563;UNKNOWN
2016-02-18T00:59:25.000000;2016-02-18T00:59:25.000000;0c21e15e-6d07-4a74-9387-0cc5e37584be;415.47;0.4;UNKNOWN
2016-02-18T00:59:30.000000;2016-02-18T00:59:30.000000;6d08e81c-ba37-47d0-a16c-996fb127ca27;414.9;3.0;UNKNOWN
2016-02-18T00:59:30.000000;2016-02-18T00:59:30.000000;ad09211b-f11e-4f46-a135-306c0d139b60;414.9;0.4;UNKNOWN
2016-02-18T00:59:30.000000;2016-02-18T00:59:30.000000;04114800-c261-4dd7-90e1-99baf5229535;414.77;5.64948917;UNKNOWN
2016-02-18T00:59:30.000000;2016-02-18T00:59:30.000000;0f044bcb-d832-4785-bd66-18b89030f5d5;414.89;5.9326;UNKNOWN
2016-02-18T00:59:30.000000;2016-02-18T00:59:30.000000;8a1e46a2-4aee-4e7b-ba1b-0c8acc3955b8;414.87;6.0;UNKNOWN
2016-02-18T00:59:30.000000;2016-02-18T00:59:30.000000;3db6a14b-8d4d-4675-984d-0392a203caac;414.85;11.126;UNKNOWN
2016-02-18T00:59:30.000000;2016-02-18T00:59:30.000000;856317a1-9cef-45f8-8fea-2cc2d3b5d4af;414.8;5.81039028;UNKNOWN
2016-02-18T00:59:30.000000;2016-02-18T00:59:30.000000;f2b6e9d8-7d98-45eb-a2ca-fa262ebeb4b1;414.86;10.0;UNKNOWN
2016-02-18T00:59:39.000000;2016-02-18T00:59:39.000000;7b9d99dc-d879-4384-8b50-1fb3b0b7059f;415.16;0.14;UNKNOWN
2016-02-18T01:00:08.000000;2016-02-18T01:00:08.000000;5ba4eebb-cedf-4d61-b0db-c33e0e2aba10;415.04;1.0;UNKNOWN
2016-02-18T01:00:37.000000;2016-02-18T01:00:37.000000;a56a8bb4-ea8e-41d7-83e7-0fd4adc09be6;415.02;0.14;UNKNOWN
2016-02-18T01:00:37.000000;2016-02-18T01:00:37.000000;5141cc0c-2b7e-4ae4-8009-af3d6fd6510b;415.01;0.5598995;UNKNOWN
2016-02-18T01:01:15.000000;2016-02-18T01:01:15.000000;2514ae44-7a42-4047-9cff-8c65a35c20a9;415.12;0.0573836;UNKNOWN
2016-02-18T01:01:15.000000;2016-02-18T01:01:15.000000;c7680a70-e83a-40c2-a17a-18b10e6abc06;415.29;4.9426164;UNKNOWN
2016-02-18T01:01:25.000000;2016-02-18T01:01:25.000000;e4e0632d-8dce-49f0-b286-950a0753f51f;415.3;1.3526;UNKNOWN
2016-02-18T01:01:39.000000;2016-02-18T01:01:39.000000;7f2eec65-bb82-4da4-b311-d86190b87f2b;415.76;12.18394;UNKNOWN
2016-02-18T01:01:39.000000;2016-02-18T01:01:39.000000;581f4acf-7615-4929-b59f-62a20e9268f9;415.3;7.81606;UNKNOWN
2016-02-18T01:01:46.000000;2016-02-18T01:01:46.000000;7301b146-c166-4188-9584-f6ec3bfa8363;415.75;5.0;UNKNOWN
2016-02-18T01:02:03.000000;2016-02-18T01:02:03.000000;6bd3e1ec-280c-4e44-b810-35ee2e149dde;415.64;0.242;UNKNOWN
2016-02-18T01:03:04.000000;2016-02-18T01:03:04.000000;0947355e-244e-418f-9bc6-ecf704c99da0;415.33;1.0;UNKNOWN
2016-02-18T01:03:09.000000;2016-02-18T01:03:09.000000;4ced5205-2ab7-4d62-ad0f-da1fe253f90a;415.54;1.0;UNKNOWN
2016-02-18T01:03:20.000000;2016-02-18T01:03:20.000000;3bd82af1-0033-4618-92b0-cc948ccb65cf;415.44;1.0;UNKNOWN
2016-02-18T01:03:24.000000;2016-02-18T01:03:24.000000;0e5e9e1b-8bdf-4ba3-b122-dcbdccf7e91d;415.19;3.0;UNKNOWN
2016-02-18T01:03:27.000000;2016-02-18T01:03:27.000000;3008ba6b-f0c4-4b0c-be92-d9bc949782fe;415.18;0.7191;UNKNOWN
2016-02-18T01:03:29.000000;2016-02-18T01:03:29.000000;e9822963-98d8-4bd9-b945-649f45666b54;415.64;1.0;UNKNOWN
2016-02-18T01:03:41.000000;2016-02-18T01:03:41.000000;782a31c0-0ff6-41e3-b92a-46a2befaf2f3;415.52;1.0;UNKNOWN
2016-02-18T01:03:42.000000;2016-02-18T01:03:42.000000;0a499504-e0ca-4a9e-820a-d06288a0f187;415.52;1.0;UNKNOWN
2016-02-18T01:03:42.000000;2016-02-18T01:03:42.000000;594ad434-42ef-4df4-a456-0c0ed8224acd;415.52;1.0;UNKNOWN
2016-02-18T01:04:00.000000;2016-02-18T01:04:00.000000;b924d0a8-bc84-4beb-8331-8a19551ecbd8;415.72;1.0;UNKNOWN
2016-02-18T01:04:17.000000;2016-02-18T01:04:17.000000;eff39161-acf8-4240-8e6c-b5137918757e;415.8;7.0;UNKNOWN
2016-02-18T01:04:54.000000;2016-02-18T01:04:54.000000;59bce3da-3c0a-4ac4-9d01-e4e1fb1fa4e1;415.73;0.12;UNKNOWN
2016-02-18T01:06:48.000000;2016-02-18T01:06:48.000000;a5887589-6476-442b-868d-08b13951f805;415.66;1.0;UNKNOWN
2016-02-18T01:06:54.000000;2016-02-18T01:06:54.000000;5fccb1b5-4868-4104-9a8a-46ddfe862c5e;415.66;0.5943;UNKNOWN
2016-02-18T01:07:06.000000;2016-02-18T01:07:06.000000;b03182ca-966a-48b9-9a72-cc97b672b67a;415.79;6.0125;UNKNOWN
2016-02-18T01:07:06.000000;2016-02-18T01:07:06.000000;93f6a152-d17f-462d-9516-4684d0e6d00a;415.8;10.0;UNKNOWN
2016-02-18T01:07:06.000000;2016-02-18T01:07:06.000000;ad9569a7-fe04-4768-a37c-cc0f5e261529;415.66;14.6957;UNKNOWN
2016-02-18T01:07:06.000000;2016-02-18T01:07:06.000000;1b1e93a8-a281-41ce-bb85-9732192e2eac;415.8;10.0;UNKNOWN
2016-02-18T01:07:35.000000;2016-02-18T01:07:35.000000;736c69c7-20be-4ff7-9830-d873df80d9c6;416.0;19.61505;UNKNOWN
2016-02-18T01:07:39.000000;2016-02-18T01:07:39.000000;e09dcb82-4443-4c5e-a7ed-208b84897d54;416.0;1.1;UNKNOWN
2016-02-18T01:08:10.000000;2016-02-18T01:08:10.000000;a77b8ac8-6535-4c5e-bfe9-0346fbcc2e4b;416.0;1.5;UNKNOWN
2016-02-18T01:08:29.000000;2016-02-18T01:08:29.000000;6e5f5e87-d8bc-40bc-9f76-410b4a26d53e;415.99;0.01608616;UNKNOWN
2016-02-18T01:08:31.000000;2016-02-18T01:08:31.000000;63669f3c-32f9-4afd-a100-818c4a9b9fac;416.0;1.0;UNKNOWN
2016-02-18T01:09:37.000000;2016-02-18T01:09:37.000000;f674e1c3-4bd0-4060-8b49-191418540c6a;415.99;0.04092399;UNKNOWN
2016-02-18T01:10:40.000000;2016-02-18T01:10:40.000000;550083c6-fecc-421e-84e9-a14c7fe3206c;415.99;0.17519191;UNKNOWN
2016-02-18T01:10:48.000000;2016-02-18T01:10:48.000000;ff01bc90-1973-45a2-af24-92100aa68897;415.99;0.0721893;UNKNOWN
2016-02-18T01:12:15.000000;2016-02-18T01:12:15.000000;955ff749-ed79-4771-a00b-4a7878bce207;415.99;3.52;UNKNOWN
2016-02-18T01:12:27.000000;2016-02-18T01:12:27.000000;76b64201-9993-4246-8d98-392cd5833403;416.0;1.5;UNKNOWN
2016-02-18T01:12:53.000000;2016-02-18T01:12:53.000000;8280239d-fb88-4486-9e47-45c9a5a5b3aa;416.0;24.11483425;UNKNOWN
2016-02-18T01:13:34.000000;2016-02-18T01:13:34.000000;1cb9ed52-5bef-4394-8937-229eddd8a5c6;416.0;0.75;UNKNOWN
2016-02-18T01:13:37.000000;2016-02-18T01:13:37.000000;f8b59d82-b06d-44cf-8f3c-2176d1dca45a;415.99;11.334;UNKNOWN
2016-02-18T01:14:13.000000;2016-02-18T01:14:13.000000;2e4b11f3-f39a-4fcf-8794-148278fa74e1;415.99;2.3;UNKNOWN
2016-02-18T01:15:05.000000;2016-02-18T01:15:05.000000;5b44b4c6-49ee-46a8-801d-0d8ccc5375d3;415.99;0.376745;UNKNOWN
2016-02-18T01:15:56.000000;2016-02-18T01:15:56.000000;9e3dd015-3682-4845-80e1-2e3ba27ccade;416.0;11.334;UNKNOWN
2016-02-18T01:16:28.000000;2016-02-18T01:16:28.000000;7555d1f9-1158-411a-b4c2-c4b7f0a25a04;416.0;0.2;UNKNOWN
2016-02-18T01:16:51.000000;2016-02-18T01:16:51.000000;53b91ac9-fd57-43b7-8642-71be461b9a20;416.0;0.2;UNKNOWN
2016-02-18T01:16:55.000000;2016-02-18T01:16:55.000000;9e569e03-9e38-4b65-a9de-8a9bc7b54a14;415.99;4.0;UNKNOWN
2016-02-18T01:17:51.000000;2016-02-18T01:17:51.000000;a889c6b0-362a-42e0-a16a-73e2b600ec6e;416.0;18.255;UNKNOWN
2016-02-18T01:18:03.000000;2016-02-18T01:18:03.000000;686ba640-e28b-4ef6-8e4b-c3dd91a8e2b3;416.0;7.79579551;UNKNOWN
2016-02-18T01:18:29.000000;2016-02-18T01:18:29.000000;b470a6ec-6b01-4b8b-89db-a65107ffe4c7;416.0;20.0;UNKNOWN
2016-02-18T01:19:53.000000;2016-02-18T01:19:53.000000;39222803-6e37-44ae-97eb-048fd4f1370f;416.0;1.99;UNKNOWN
2016-02-18T01:20:04.000000;2016-02-18T01:20:04.000000;10a3c6cd-04dc-480f-a853-9b82761aafe8;416.0;0.17;UNKNOWN
2016-02-18T01:20:35.000000;2016-02-18T01:20:35.000000;ab53bc1d-16a7-427a-9cb9-1fd9a36dfe75;415.99;0.1;UNKNOWN
2016-02-18T01:20:36.000000;2016-02-18T01:20:36.000000;9be26792-28aa-412c-89cf-77c63b1ad04c;415.99;0.5;UNKNOWN
2016-02-18T01:20:46.000000;2016-02-18T01:20:46.000000;b7be61f6-1136-44ba-a7ff-56d591aa5ab1;415.99;0.1354382;UNKNOWN
2016-02-18T01:20:47.000000;2016-02-18T01:20:47.000000;624b5bdb-d461-48ab-8228-3be0775c7a2c;415.99;0.75076881;UNKNOWN
2016-02-18T01:21:07.000000;2016-02-18T01:21:07.000000;59e5c44a-50fe-42aa-8556-ac26f555b1be;415.99;2.809747;UNKNOWN
2016-02-18T01:21:31.000000;2016-02-18T01:21:31.000000;ec1c2f31-42b5-45f4-ac34-c641b5c186ac;415.99;0.01145106;UNKNOWN
2016-02-18T01:21:43.000000;2016-02-18T01:21:43.000000;83a90e40-02ad-408e-bc03-b2d924dda823;415.99;0.01854894;UNKNOWN
2016-02-18T01:21:49.000000;2016-02-18T01:21:49.000000;3b9b818c-df84-4882-87ec-24083e05e192;415.82;0.0916;UNKNOWN
2016-02-18T01:21:49.000000;2016-02-18T01:21:49.000000;e3f2b4da-075b-4bfd-8b3b-4e58533e55f7;415.81;0.4284;UNKNOWN
2016-02-18T01:21:53.000000;2016-02-18T01:21:53.000000;46bc0f76-5a69-4c7e-adf9-108e452c842a;415.65;0.01;UNKNOWN
2016-02-18T01:21:53.000000;2016-02-18T01:21:53.000000;ed9c2998-4cd7-4012-b379-32898d598728;415.81;0.0716;UNKNOWN
2016-02-18T01:21:59.000000;2016-02-18T01:21:59.000000;07a98357-8db0-4eea-83e8-e32238077e3b;415.59;0.01;UNKNOWN
2016-02-18T01:22:06.000000;2016-02-18T01:22:06.000000;60353dfa-12d1-4976-a3b8-3ad9b219e4c6;415.6;0.02;UNKNOWN
2016-02-18T01:22:15.000000;2016-02-18T01:22:15.000000;d62886eb-04bd-4252-89ad-317127749504;415.6;0.02;UNKNOWN
2016-02-18T01:22:22.000000;2016-02-18T01:22:22.000000;ad632b18-5e07-4aa5-8083-4f41d7d4dbf0;415.6;0.02;UNKNOWN
2016-02-18T01:22:30.000000;2016-02-18T01:22:30.000000;9b8849af-f6eb-4fbc-9a75-02439442016f;415.6;0.02;UNKNOWN
2016-02-18T01:22:39.000000;2016-02-18T01:22:39.000000;d90c57ec-1b58-4872-827a-b018fe2cf361;415.6;0.02;UNKNOWN
2016-02-18T01:22:46.000000;2016-02-18T01:22:46.000000;32ba8b49-c555-48ab-8a8a-567c9e1f3ace;415.6;0.02;UNKNOWN
2016-02-18T01:22:48.000000;2016-02-18T01:22:48.000000;1087b783-ad87-4890-9137-fbb0c441fe96;415.55;0.0481262;UNKNOWN
2016-02-18T01:22:53.000000;2016-02-18T01:22:53.000000;24dd5816-7460-4825-8756-ffaa53d7e481;415.6;0.02;UNKNOWN
2016-02-18T01:22:58.000000;2016-02-18T01:22:58.000000;f5a20b10-eb3a-4991-b36d-f4d89abfe1a5;415.55;0.02887572;UNKNOWN
2016-02-18T01:23:02.000000;2016-02-18T01:23:02.000000;881f676b-59bd-43ae-8ccc-73b8275d0706;415.6;0.02;UNKNOWN
2016-02-18T01:23:10.000000;2016-02-18T01:23:10.000000;c9d29a2a-3b54-4b82-9a99-2fec1428487a;415.6;0.02;UNKNOWN
2016-02-18T01:23:18.000000;2016-02-18T01:23:18.000000;308a00ee-2234-4569-a28b-51593a19679f;415.6;0.02;UNKNOWN
2016-02-18T01:23:25.000000;2016-02-18T01:23:25.000000;77856872-1cf5-4226-a158-77b271420f8f;415.59;0.02;UNKNOWN
2016-02-18T01:23:27.000000;2016-02-18T01:23:27.000000;23849687-e3c4-4f4b-82fc-dd042e483106;415.44;0.042793;UNKNOWN
2016-02-18T01:23:33.000000;2016-02-18T01:23:33.000000;cc66729a-fcbc-441c-a209-01135954743e;415.6;0.02;UNKNOWN
2016-02-18T01:24:33.000000;2016-02-18T01:24:33.000000;8e8aac90-275e-42a2-b43c-b53acf8dd038;415.87;0.5;UNKNOWN
2016-02-18T01:24:33.000000;2016-02-18T01:24:33.000000;a223cdb2-4734-4ec5-9c74-21528b4d6958;415.87;3.0;UNKNOWN
2016-02-18T01:25:03.000000;2016-02-18T01:25:03.000000;c2c0acf9-2efb-4c54-a573-625f554b6386;415.88;2.93342407;UNKNOWN
2016-02-18T01:25:03.000000;2016-02-18T01:25:03.000000;582278c3-3cda-4a3b-b124-14b0433ea93e;415.88;3.44720604;UNKNOWN
2016-02-18T01:25:27.000000;2016-02-18T01:25:27.000000;2dbe9ba6-97c7-48ef-ba00-6e67db67b260;415.87;0.23701175;UNKNOWN
2016-02-18T01:25:29.000000;2016-02-18T01:25:29.000000;d50c854f-6619-44cc-aa31-e4b6b38d24ce;415.88;0.51378197;UNKNOWN
2016-02-18T01:25:29.000000;2016-02-18T01:25:29.000000;78efddc2-b153-40bf-ab59-a3c120f32904;415.88;1.89064217;UNKNOWN
2016-02-18T01:25:47.000000;2016-02-18T01:25:47.000000;006bcfe4-ed3b-4665-9757-cfd1f7390c56;415.88;1.0;UNKNOWN
2016-02-18T01:26:03.000000;2016-02-18T01:26:03.000000;c602cf39-584d-4e9d-9809-346a79fa175f;415.87;0.09;UNKNOWN
2016-02-18T01:26:39.000000;2016-02-18T01:26:39.000000;a726aba2-e36a-43a5-ab6b-547118e97c2a;415.88;0.5;UNKNOWN
2016-02-18T01:27:03.000000;2016-02-18T01:27:03.000000;5d25a329-f348-4c2b-99a7-814009e0a10e;415.87;0.14586745;UNKNOWN
2016-02-18T01:27:22.000000;2016-02-18T01:27:22.000000;6cbf660c-b174-48ac-8a99-3da43f6ea4e7;415.88;0.5;UNKNOWN
2016-02-18T01:27:47.000000;2016-02-18T01:27:47.000000;beac40a6-3cf4-494f-9809-be2e8bdc5422;415.87;0.21417993;UNKNOWN
2016-02-18T01:27:47.000000;2016-02-18T01:27:47.000000;7b9b8727-e660-4d7f-9ec3-2dcd23aeaec7;415.88;0.26;UNKNOWN
2016-02-18T01:28:05.000000;2016-02-18T01:28:05.000000;7103ab86-369f-4e18-93ac-34172857bb0d;416.0;8.01854894;UNKNOWN
2016-02-18T01:28:05.000000;2016-02-18T01:28:05.000000;242b0476-d1cd-4c32-9c5f-bfd3f169060d;415.99;0.98145106;UNKNOWN
2016-02-18T01:28:13.000000;2016-02-18T01:28:13.000000;11a56f69-79ae-4b7f-a50a-50121bfefde0;415.9;0.015;UNKNOWN
2016-02-18T01:28:52.000000;2016-02-18T01:28:52.000000;c28df71b-8fb4-4640-b18e-a6c5044065e9;416.0;16.5180713;UNKNOWN
2016-02-18T01:28:52.000000;2016-02-18T01:28:52.000000;c21437cc-6fea-4db0-bf12-1c274c8873b4;416.0;2.3819287;UNKNOWN
2016-02-18T01:28:52.000000;2016-02-18T01:28:52.000000;028fadbf-1497-432f-8609-79661bb43152;416.0;0.1;UNKNOWN
2016-02-18T01:28:52.000000;2016-02-18T01:28:52.000000;ec928676-3df7-47c6-ab3c-c530a2de9b81;416.0;0.25;UNKNOWN
2016-02-18T01:28:57.000000;2016-02-18T01:28:57.000000;f50b7c5e-5c5c-4cd7-8b81-d0848151005d;415.92;0.24063103;UNKNOWN
2016-02-18T01:29:28.000000;2016-02-18T01:29:28.000000;0f7185fe-da2f-491e-9388-b4c9e63365da;415.99;0.260619;UNKNOWN
2016-02-18T01:29:39.000000;2016-02-18T01:29:39.000000;f3208566-2920-49f1-8fef-1ea0fb9cba9f;416.0;1.7;UNKNOWN
2016-02-18T01:30:11.000000;2016-02-18T01:30:11.000000;6b59b5a9-9bb9-4fe7-b052-392105ceeef7;416.0;0.3819287;UNKNOWN
2016-02-18T01:30:11.000000;2016-02-18T01:30:11.000000;b1333ac7-3c1f-497f-a752-b1fb93c1ff02;416.0;1.9180713;UNKNOWN
2016-02-18T01:30:47.000000;2016-02-18T01:30:47.000000;2312deb1-6032-42aa-8987-761e525bd67c;416.09;1.8819287;UNKNOWN
2016-02-18T01:30:47.000000;2016-02-18T01:30:47.000000;faba5acb-3e0b-4380-9935-2b9913636e91;416.0;0.1180713;UNKNOWN
2016-02-18T01:31:16.000000;2016-02-18T01:31:16.000000;0734417c-4c14-4b42-8d2a-b7a526f2709e;416.52;6.0;UNKNOWN
2016-02-18T01:31:16.000000;2016-02-18T01:31:16.000000;1f54406b-66c6-4507-9c1d-3c5ccf621fe3;416.09;1.56187418;UNKNOWN
2016-02-18T01:31:16.000000;2016-02-18T01:31:16.000000;7943ddbb-5264-42cd-aa93-afe0153eedf5;416.41;3.44380288;UNKNOWN
2016-02-18T01:31:16.000000;2016-02-18T01:31:16.000000;fa03b712-f24d-467f-944f-0e2776038881;416.48;3.44380288;UNKNOWN
2016-02-18T01:31:16.000000;2016-02-18T01:31:16.000000;7631505a-5385-47f2-877f-1c33f7544499;416.28;3.44380288;UNKNOWN
2016-02-18T01:31:16.000000;2016-02-18T01:31:16.000000;7b2f0dbe-560c-4812-b4d2-6f16671a25d6;416.56;12.33150566;UNKNOWN
2016-02-18T01:31:16.000000;2016-02-18T01:31:16.000000;9f2b50b0-72f9-4597-ab5b-cf4246ccec4a;416.55;12.0;UNKNOWN
2016-02-18T01:31:16.000000;2016-02-18T01:31:16.000000;05c23968-fd8c-4efe-b3fd-78c234996928;416.35;3.44380288;UNKNOWN
2016-02-18T01:31:16.000000;2016-02-18T01:31:16.000000;25e576f9-18d6-46e3-a2df-1764a22b25e4;416.22;3.44380288;UNKNOWN
2016-02-18T01:31:16.000000;2016-02-18T01:31:16.000000;25b66c76-155a-44a2-9dc8-f3277c49e43d;416.54;3.44380288;UNKNOWN
2016-02-18T01:31:16.000000;2016-02-18T01:31:16.000000;cb0449ff-8948-49ac-96c7-4d6aaf83bbe1;416.15;3.44380288;UNKNOWN
2016-02-18T01:31:19.000000;2016-02-18T01:31:19.000000;12c43aea-abeb-469a-9e64-cd22c853601b;416.65;4.08;UNKNOWN
2016-02-18T01:31:19.000000;2016-02-18T01:31:19.000000;8a4efc31-579d-40d0-a047-a7ec6286a2e5;416.83;2.62;UNKNOWN
2016-02-18T01:31:25.000000;2016-02-18T01:31:25.000000;3bedda52-1683-40da-ac81-4a223a0a0a75;416.64;0.37549994;UNKNOWN
2016-02-18T01:31:27.000000;2016-02-18T01:31:27.000000;e6ed0fd9-fdae-46ce-84be-c3fd4bfbab66;416.12;1.2;UNKNOWN
2016-02-18T01:31:42.000000;2016-02-18T01:31:42.000000;be66a268-3809-4b4e-a2dd-9dce34254f77;416.65;2.0;UNKNOWN
2016-02-18T01:32:03.000000;2016-02-18T01:32:03.000000;cafec897-e1e0-48b0-8a87-0f6711f8c562;416.59;12.37706884;UNKNOWN
2016-02-18T01:32:10.000000;2016-02-18T01:32:10.000000;d4b81bb5-f2b2-41fa-b80e-f06851a5363f;416.37;0.49619143;UNKNOWN
2016-02-18T01:32:53.000000;2016-02-18T01:32:53.000000;d5b093d8-4542-4aff-992a-fa2262928415;416.66;18.52142684;UNKNOWN
2016-02-18T01:32:53.000000;2016-02-18T01:32:53.000000;49e81dfc-cb9f-4696-a531-120a7232c98a;416.66;0.17857316;UNKNOWN
2016-02-18T01:34:37.000000;2016-02-18T01:34:37.000000;6917675c-60df-4a43-a954-3e5713a63891;416.27;0.04809615;UNKNOWN
2016-02-18T01:35:03.000000;2016-02-18T01:35:03.000000;c6b53278-c481-4347-a078-7371ca7b82ce;416.47;0.02407083;UNKNOWN
2016-02-18T01:35:19.000000;2016-02-18T01:35:19.000000;6e5a777f-77dc-44ed-a5b2-6d93d2c3494d;416.54;13.6983;UNKNOWN
2016-02-18T01:35:19.000000;2016-02-18T01:35:19.000000;6abeffb9-445b-4af3-a252-db7c847d4c4a;416.53;5.9327;UNKNOWN
2016-02-18T01:35:19.000000;2016-02-18T01:35:19.000000;988e58ae-c73e-40bc-a8ff-21bde0dec4a7;416.47;0.03592917;UNKNOWN
2016-02-18T01:35:19.000000;2016-02-18T01:35:19.000000;599b8044-ff48-4f8a-ac53-d9d493d93e2f;416.69;0.33307083;UNKNOWN
2016-02-18T01:35:24.000000;2016-02-18T01:35:24.000000;4c51174d-5768-483c-945f-b5f16693def6;416.7;0.16897083;UNKNOWN
2016-02-18T01:35:24.000000;2016-02-18T01:35:24.000000;e3459762-fc6e-44f8-8257-2d75051e43c2;416.69;6.65692917;UNKNOWN
2016-02-18T01:35:24.000000;2016-02-18T01:35:24.000000;16bbbc36-5f0b-48b7-8915-53242e3fee1a;416.69;13.1741;UNKNOWN
2016-02-18T01:35:33.000000;2016-02-18T01:35:33.000000;2de6563c-d5fd-4ea6-bee0-b809fb44c26f;416.71;3.44285435;UNKNOWN
2016-02-18T01:35:33.000000;2016-02-18T01:35:33.000000;538036db-0003-47cd-bacf-75c1fec2b38a;416.75;1.5442913;UNKNOWN
2016-02-18T01:35:33.000000;2016-02-18T01:35:33.000000;b76c3e37-0640-4023-a074-d78d3644bd2a;416.72;3.44285435;UNKNOWN
2016-02-18T01:35:33.000000;2016-02-18T01:35:33.000000;4bcd8902-131f-4048-be27-785c2c65504d;416.71;1.57;UNKNOWN
2016-02-18T01:35:39.000000;2016-02-18T01:35:39.000000;ec29f555-d183-4a02-a9c6-7179dbefd26d;416.36;2.4409;UNKNOWN
2016-02-18T01:35:39.000000;2016-02-18T01:35:39.000000;20d5c987-ee81-49aa-9c16-e5c75fa5fe6f;416.36;3.0;UNKNOWN
2016-02-18T01:35:39.000000;2016-02-18T01:35:39.000000;1f59821c-b74c-42b6-b547-2e5f822926a3;416.36;0.5;UNKNOWN
2016-02-18T01:37:10.000000;2016-02-18T01:37:10.000000;5b25b887-551f-4469-839d-e5fd27a3d54b;416.6;2.84893733;UNKNOWN
2016-02-18T01:37:10.000000;2016-02-18T01:37:10.000000;9ef199f8-d214-4deb-ba4a-e27e952e5fb6;416.59;5.9665;UNKNOWN
2016-02-18T01:37:11.000000;2016-02-18T01:37:11.000000;8b7b5256-0217-44c2-807e-20452bdcfe63;416.6;2.72;UNKNOWN
2016-02-18T01:37:38.000000;2016-02-18T01:37:38.000000;862708db-a491-49f2-8a42-a6b1e99613f6;416.65;0.48098451;UNKNOWN
2016-02-18T01:37:57.000000;2016-02-18T01:37:57.000000;ad91d8c4-da37-449e-bedc-5325b26e2f8c;416.65;0.25195144;UNKNOWN
2016-02-18T01:38:04.000000;2016-02-18T01:38:04.000000;2eb2423f-3945-4fc3-8cc2-fb4654677c86;416.85;0.01415449;UNKNOWN
2016-02-18T01:38:27.000000;2016-02-18T01:38:27.000000;1bc8de2b-fedd-480f-b30f-ba5c92536ada;416.64;0.71133873;UNKNOWN
2016-02-18T01:38:38.000000;2016-02-18T01:38:38.000000;4af707dd-fc10-4407-a1ca-69a4218b2b8f;416.72;0.5;UNKNOWN
2016-02-18T01:38:43.000000;2016-02-18T01:38:43.000000;eea603c1-2a11-4560-b703-15d6c16976c1;416.72;0.25;UNKNOWN
2016-02-18T01:39:03.000000;2016-02-18T01:39:03.000000;4a804134-5def-4662-a3e9-da295b0d4916;416.72;1.0;UNKNOWN
2016-02-18T01:39:04.000000;2016-02-18T01:39:04.000000;d8e930fd-d363-4fa9-afc4-093714bd6215;416.72;1.0;UNKNOWN
2016-02-18T01:39:06.000000;2016-02-18T01:39:06.000000;333f2a9c-5472-4ce2-87ee-191c5c5f8859;416.85;15.1495;UNKNOWN
2016-02-18T01:39:06.000000;2016-02-18T01:39:06.000000;1cd6a535-6c25-4ea5-b41e-baf2be254719;416.72;1.0;UNKNOWN
2016-02-18T01:39:06.000000;2016-02-18T01:39:06.000000;2bd7fb8b-8e31-44e9-8704-26a014e55185;416.72;10.8605;UNKNOWN
2016-02-18T01:39:06.000000;2016-02-18T01:39:06.000000;d9358a00-aa3c-4ebd-a8da-1ea84f625a0c;416.86;1.1428;UNKNOWN
2016-02-18T01:39:19.000000;2016-02-18T01:39:19.000000;dda6e88d-8587-4785-b14b-b2da6f775c0c;416.83;4.0;UNKNOWN
2016-02-18T01:40:01.000000;2016-02-18T01:40:01.000000;742a611b-9c1b-4c30-8a5e-f510b5bca108;416.82;0.01;UNKNOWN
2016-02-18T01:40:22.000000;2016-02-18T01:40:22.000000;66d19d1a-c9ea-48d5-a395-eae574097570;416.86;0.57728756;UNKNOWN
2016-02-18T01:40:58.000000;2016-02-18T01:40:58.000000;ab639761-a22b-473b-85f7-d02a9972c23f;417.0;129.78909142;UNKNOWN
2016-02-18T01:40:58.000000;2016-02-18T01:40:58.000000;5c16d177-4f06-40eb-b389-db8fbf08cbec;416.89;3.44245929;UNKNOWN
2016-02-18T01:40:58.000000;2016-02-18T01:40:58.000000;c012dd7c-1150-4c10-b096-a06f00d04dd8;416.98;2.99;UNKNOWN
2016-02-18T01:40:58.000000;2016-02-18T01:40:58.000000;087cb601-9f49-4b9a-bfa4-a95b334e42b8;416.95;3.44245929;UNKNOWN
2016-02-18T01:40:58.000000;2016-02-18T01:40:58.000000;1998e7f0-d157-4d60-9497-7507d644fbec;416.93;14.2864;UNKNOWN
2016-02-18T01:40:58.000000;2016-02-18T01:40:58.000000;0d577700-6782-4930-ba3e-63cf6b24f497;416.94;35.0;UNKNOWN
2016-02-18T01:40:58.000000;2016-02-18T01:40:58.000000;ed3e1c5b-093b-428a-a273-8bbc19ebca9a;416.99;0.04959;UNKNOWN
2016-02-18T01:41:50.000000;2016-02-18T01:41:50.000000;4ce4bed2-735d-46ff-b488-fad032ca1df2;416.7;0.2;UNKNOWN
2016-02-18T01:42:53.000000;2016-02-18T01:42:53.000000;6c0aab26-2d89-4660-b0ee-d0e5ed5631a3;416.69;0.26995552;UNKNOWN
2016-02-18T01:43:11.000000;2016-02-18T01:43:11.000000;f7304a75-2387-4096-bb6c-cd5ee88623b0;416.31;6.0;UNKNOWN
2016-02-18T01:43:11.000000;2016-02-18T01:43:11.000000;7089f92d-e96a-43e4-8fa5-9cd9d35a3c50;416.69;5.956;UNKNOWN
2016-02-18T01:43:11.000000;2016-02-18T01:43:11.000000;7c9a6904-eb68-4ec5-bdc2-dcf9ed91f3bc;416.68;2.0;UNKNOWN
2016-02-18T01:43:11.000000;2016-02-18T01:43:11.000000;7175cc05-a29b-496a-9292-87f02b9f5985;416.17;0.7311896;UNKNOWN
2016-02-18T01:43:11.000000;2016-02-18T01:43:11.000000;951d5f99-fe52-41ba-805c-1cbcffec31c7;416.66;0.1;UNKNOWN
2016-02-18T01:43:11.000000;2016-02-18T01:43:11.000000;46d1a770-8d4a-437c-afca-32cfd1d0cb51;416.18;0.02;UNKNOWN
2016-02-18T01:43:22.000000;2016-02-18T01:43:22.000000;386e0c03-b134-4929-8983-18aa1c105c56;416.11;0.1415;UNKNOWN
2016-02-18T01:43:22.000000;2016-02-18T01:43:22.000000;dbe11585-6e41-498e-b2cb-36cd260b08d2;416.18;0.02;UNKNOWN
2016-02-18T01:43:22.000000;2016-02-18T01:43:22.000000;5d0c392e-9bba-4a8d-a717-7ed7b16f7b4c;415.95;0.1135;UNKNOWN
2016-02-18T01:44:05.000000;2016-02-18T01:44:05.000000;9f271d2c-ee14-4dba-9dd3-f773b3f45fd3;416.07;3.0;UNKNOWN
2016-02-18T01:44:05.000000;2016-02-18T01:44:05.000000;b8c19d72-124e-46f3-8c52-8c42ac0d4a76;416.18;0.02;UNKNOWN
2016-02-18T01:44:05.000000;2016-02-18T01:44:05.000000;4c01f6bd-4977-434b-b4cd-0bf775fdd7b4;416.06;0.73904803;UNKNOWN
2016-02-18T01:44:37.000000;2016-02-18T01:44:37.000000;dc54ada1-ec51-4e37-ab78-3f8300b04b79;416.01;1.7446;UNKNOWN
2016-02-18T01:44:37.000000;2016-02-18T01:44:37.000000;a3461eef-7489-41ab-bcbf-605c3ab0c32d;416.02;5.9354;UNKNOWN
2016-02-18T01:44:37.000000;2016-02-18T01:44:37.000000;67b03cc1-d05c-4066-a7a4-c56eea4a8a47;416.61;2.0;UNKNOWN
2016-02-18T01:44:37.000000;2016-02-18T01:44:37.000000;120bbccc-747e-427f-b156-b1c84a291b4b;416.06;0.3;UNKNOWN
2016-02-18T01:44:37.000000;2016-02-18T01:44:37.000000;ef4312f9-a116-405a-8834-e9a28a0ce107;416.18;0.02;UNKNOWN
2016-02-18T01:47:05.000000;2016-02-18T01:47:05.000000;39159864-6838-40b9-a659-f26495241b9c;416.58;4.3684;UNKNOWN
2016-02-18T01:47:05.000000;2016-02-18T01:47:05.000000;c128e6a9-49b5-469f-8399-be9c1f95721d;416.42;5.9216;UNKNOWN
2016-02-18T01:47:05.000000;2016-02-18T01:47:05.000000;ecb1c9c3-4f3c-4ebb-9fe3-e7599d774f24;416.54;5.6316;UNKNOWN
2016-02-18T01:47:05.000000;2016-02-18T01:47:05.000000;990d6a25-274a-4853-a969-b6dc8a117249;416.53;3.0;UNKNOWN
2016-02-18T01:47:05.000000;2016-02-18T01:47:05.000000;f1c05789-e56f-40ea-8d38-3048b5b94f9e;416.54;0.3684;UNKNOWN
2016-02-18T01:47:05.000000;2016-02-18T01:47:05.000000;4da0f44e-b9da-4748-9d00-eb9059fdec77;416.35;0.71;UNKNOWN
2016-02-18T01:47:52.000000;2016-02-18T01:47:52.000000;0e0a1d98-84e0-46aa-b816-ede941d720e8;416.7;0.015;UNKNOWN
2016-02-18T01:48:02.000000;2016-02-18T01:48:02.000000;51ec40c3-7872-4a43-a7b9-e8bb03ea46d5;417.0;1.5;UNKNOWN
2016-02-18T01:48:02.000000;2016-02-18T01:48:02.000000;195c469f-f8ec-4d1a-bb99-3ccb5983cf95;416.71;0.01;UNKNOWN
2016-02-18T01:48:27.000000;2016-02-18T01:48:27.000000;f4e1a7d4-a907-479f-942c-542027104994;416.85;0.16716;UNKNOWN
2016-02-18T01:48:44.000000;2016-02-18T01:48:44.000000;e51870d6-d7a1-43cb-8881-992aa6d0d231;416.9;0.015;UNKNOWN
2016-02-18T01:49:03.000000;2016-02-18T01:49:03.000000;207722dd-2014-4543-a04c-ec9671caefa1;416.93;0.82;UNKNOWN
2016-02-18T01:50:56.000000;2016-02-18T01:50:56.000000;c3de4c4f-3c8b-46ea-af7f-7df8395b1d70;416.75;2.0;UNKNOWN
