time_exchange;time_coinpai;guid;price;base_amount;taker_side
2016-04-22T00:00:01.288436;2016-04-22T00:00:01.292842;a1d62a5c-b408-444a-b2b5-f5320f816825;452.25;0.62903;BUY
2016-04-22T00:00:31.537009;2016-04-22T00:00:31.580670;99012acb-ba23-4191-8931-fb32e9c10a7d;452.25;0.56922;BUY
2016-04-22T00:00:36.786306;2016-04-22T00:00:36.830677;892e30f3-a293-4158-83f0-553ab4182af2;452.25;0.80175;BUY
2016-04-22T00:00:36.786520;2016-04-22T00:00:36.830677;48cc5337-5076-43d4-ac8a-c6e4c4970285;452.25;1.08925;BUY
2016-04-22T00:01:04.666994;2016-04-22T00:01:04.705690;927f6797-0301-49e4-a731-c9cd28f731f6;452.28;0.0548;SELL
2016-04-22T00:01:04.667225;2016-04-22T00:01:04.721306;bd9b5ce6-77ec-404c-9890-896111db3a4a;452.28;0.0545;SELL
2016-04-22T00:01:04.667425;2016-04-22T00:01:04.721306;441b80d1-8f7a-42da-ae2f-a076775aa7b4;452.28;0.0536;SELL
2016-04-22T00:01:04.667587;2016-04-22T00:01:04.736932;fc222165-a21f-45af-929e-7e576f44fc64;452.24;0.02;SELL
2016-04-22T00:01:04.667760;2016-04-22T00:01:04.736932;62de2e87-183b-49d8-8f03-3b0bbbff4814;452.23;0.02;SELL
2016-04-22T00:01:04.667919;2016-04-22T00:01:04.736932;65bbc120-d33a-4d0a-b042-b985432c9831;452.22;0.02;SELL
2016-04-22T00:01:04.668100;2016-04-22T00:01:04.752556;f29ff64e-6b60-404d-a966-11ad552e7be1;452.22;0.01;SELL
2016-04-22T00:01:04.668265;2016-04-22T00:01:04.752556;4f04af3e-df92-4994-8b71-1b7ea3db3210;452.21;0.02;SELL
2016-04-22T00:01:04.668423;2016-04-22T00:01:04.752556;97e3317d-225f-426b-9a15-039d54d85053;452.2;0.01224884;SELL
2016-04-22T00:01:04.668583;2016-04-22T00:01:04.768181;657a4c0e-9e85-4ada-a7f0-ecf08e2e66f2;452.18;0.2;SELL
2016-04-22T00:01:04.668728;2016-04-22T00:01:04.768181;8e89164e-c04d-4547-a65f-9b1a0983001b;452.17;0.02;SELL
2016-04-22T00:01:04.668893;2016-04-22T00:01:04.799431;4beb5685-e749-49da-8ca1-3ec79b27efbe;452.17;6.59529;SELL
2016-04-22T00:01:04.669069;2016-04-22T00:01:04.815056;d20e94f3-5208-4261-823a-d284946e06ea;452.16;0.02;SELL
2016-04-22T00:01:04.669232;2016-04-22T00:01:04.815056;fccdc4b4-0b36-4f74-bb1a-aeef2bf616d6;452.16;0.468528;SELL
2016-04-22T00:01:04.669386;2016-04-22T00:01:04.815056;411b4d42-4094-4279-8648-973b4702b98a;452.15;0.02;SELL
2016-04-22T00:01:04.669532;2016-04-22T00:01:04.815056;1b62f838-7b5d-4fcf-9ebd-ac94b7c95f8e;452.14;0.02;SELL
2016-04-22T00:01:04.669690;2016-04-22T00:01:04.815056;a54c5d2e-1be4-4353-a026-612c6808726b;452.14;0.108;SELL
2016-04-22T00:01:04.669854;2016-04-22T00:01:04.815056;3e6e2838-0531-4263-81d4-215294c007d4;452.1;0.02000884;SELL
2016-04-22T00:01:04.670021;2016-04-22T00:01:04.815056;52766826-820e-454c-b415-7204906d7129;452.09;0.087;SELL
2016-04-22T00:01:04.670185;2016-04-22T00:01:04.815056;58f8ad63-ad5d-44af-9fb8-4f87d3948b45;452.09;0.4;SELL
2016-04-22T00:01:04.670330;2016-04-22T00:01:04.815056;f0b780b0-acb9-4197-8efc-6f0cc5071cbe;452.08;0.02;SELL
2016-04-22T00:01:04.670467;2016-04-22T00:01:04.830681;43333869-5527-4c63-8841-541388813903;452.08;2.33815432;SELL
2016-04-22T00:01:25.404404;2016-04-22T00:01:25.440079;ef036cee-f681-4aaa-b7d0-35ab677f65fa;452.29;0.05;BUY
2016-04-22T00:01:25.404578;2016-04-22T00:01:25.455696;3162e784-1876-422b-a318-ce1c96b484cd;452.29;0.03486325;BUY
2016-04-22T00:01:25.404717;2016-04-22T00:01:25.455696;02b53e3d-d4ea-4056-923b-4f4951ff6d61;452.29;0.03513675;BUY
2016-04-22T00:01:31.345799;2016-04-22T00:01:31.393207;e6836d3e-d9b3-4ce6-b8dd-1bcedc5e5f17;452.29;0.22415;BUY
2016-04-22T00:02:00.530677;2016-04-22T00:02:00.565086;be453e9c-450e-4e77-828c-419625952f8a;452.29;0.18;BUY
2016-04-22T00:02:01.564513;2016-04-22T00:02:01.596338;86e391b3-da4e-4b52-98df-760641ddf900;452.26;0.4;BUY
2016-04-22T00:02:01.564697;2016-04-22T00:02:01.611960;5f0e7763-8051-445f-bb70-1e2100216a39;452.27;0.07117;BUY
2016-04-22T00:02:35.240814;2016-04-22T00:02:35.283853;8566a9bd-7c8a-4f2b-bb71-aa01ec94f623;452.25;0.20923;BUY
2016-04-22T00:03:01.633720;2016-04-22T00:03:01.658868;803d06f4-0344-408a-a8bc-f7b4167ea39d;452.28;0.21893;BUY
2016-04-22T00:03:31.384784;2016-04-22T00:03:31.408885;86b972c3-0626-40c9-8607-c48199a7a38b;452.2;0.13478;BUY
2016-04-22T00:03:36.042200;2016-04-22T00:03:36.065143;5350082a-b5b1-4ee5-b312-601111f3e8aa;452.2;0.52;BUY
2016-04-22T00:04:00.913970;2016-04-22T00:04:00.955763;94e98f6d-5a1b-4d97-bd3e-302afe56a76f;452.25;0.011;BUY
2016-04-22T00:04:01.280658;2016-04-22T00:04:01.299522;60141780-9f7b-428d-bb86-a3bddfd927e2;452.25;0.0004;BUY
2016-04-22T00:04:01.280847;2016-04-22T00:04:01.330772;a62481ec-1dfe-4a82-87d4-c1af9b2321fb;452.3;0.04614;BUY
2016-04-22T00:04:31.272112;2016-04-22T00:04:31.299543;7ad62acb-796c-40e5-97b1-fe3463788287;452.23;0.5245;BUY
2016-04-22T00:05:01.319147;2016-04-22T00:05:01.346433;e9215d2f-f77f-4e66-a4bf-53467afbfca7;452.23;0.75522;BUY
2016-04-22T00:05:07.531673;2016-04-22T00:05:07.549564;5ec24032-d36b-4c07-af22-daf6dfe9382f;452.23;0.04411499;BUY
2016-04-22T00:05:31.290363;2016-04-22T00:05:31.315199;6ba90135-791a-4fcc-be67-4df923740215;452.23;1.71035;BUY
2016-04-22T00:06:01.492846;2016-04-22T00:06:01.518342;1a24f9d2-732e-4743-9bb1-9880370615d7;452.22;0.02;SELL
2016-04-22T00:06:01.493087;2016-04-22T00:06:01.533960;d1437d58-75c6-4004-88ec-5959847e0033;452.21;0.02;SELL
2016-04-22T00:06:01.493265;2016-04-22T00:06:01.533960;f5ed8b5b-da81-448f-95c1-16467472caaa;452.2;0.02;SELL
2016-04-22T00:06:01.493433;2016-04-22T00:06:01.549584;e368091d-a767-464e-bb87-c8bb28adaaee;452.2;0.0115;SELL
2016-04-22T00:06:01.493608;2016-04-22T00:06:01.549584;7257357f-daba-4d4e-bb0c-d87f500f929c;452.19;0.02;SELL
2016-04-22T00:06:01.493772;2016-04-22T00:06:01.612085;bc2f15b5-816e-4e29-bc93-3f56f5b9600f;452.18;0.02;SELL
2016-04-22T00:06:01.493939;2016-04-22T00:06:01.612085;0eeaeca3-e15f-41c6-b8d4-5740993b8200;452.18;0.15;SELL
2016-04-22T00:06:01.494113;2016-04-22T00:06:01.612085;cf8ff8ae-be8c-4884-b2b2-78afedabde33;452.17;0.02;SELL
2016-04-22T00:06:01.494269;2016-04-22T00:06:01.612085;df38e012-ad26-4af2-abbb-5ef2cbb05d8a;452.16;0.02;SELL
2016-04-22T00:06:01.494413;2016-04-22T00:06:01.612085;9cd3af6b-e85f-4b0d-9b48-550d83245793;452.15;0.02;SELL
2016-04-22T00:06:01.494575;2016-04-22T00:06:01.627709;7d3c6bd1-5c77-4f49-ba24-b753a54eb819;452.15;0.106;SELL
2016-04-22T00:06:01.494746;2016-04-22T00:06:01.627709;d7ef6d92-386e-42e0-b081-832b8a3e6e0e;452.14;0.02;SELL
2016-04-22T00:06:01.494913;2016-04-22T00:06:01.627709;668e58fe-82f8-4617-8277-731bbad217ae;452.13;0.02;SELL
2016-04-22T00:06:01.495083;2016-04-22T00:06:01.627709;1eeb23fb-65c0-470a-9a93-e2ea7d6e8238;452.12;0.02;SELL
2016-04-22T00:06:01.495236;2016-04-22T00:06:01.627709;fc7b8769-7edb-4ca2-b5e6-9bc1180da0f9;452.11;0.02;SELL
2016-04-22T00:06:01.495380;2016-04-22T00:06:01.627709;67bfce5d-f4a1-43c3-8319-6e559a9edb5a;452.1;0.02001105;SELL
2016-04-22T00:06:01.495542;2016-04-22T00:06:01.627709;c1dfe650-d324-4b3e-9682-14cef8e2c101;452.1;0.088;SELL
2016-04-22T00:06:01.495712;2016-04-22T00:06:01.627709;ef6f7c0c-8372-4115-b0b5-c753b495a601;452.07;0.02;SELL
2016-04-22T00:06:01.495889;2016-04-22T00:06:01.627709;2db01db6-38f0-4afc-b70e-f9c64b4d3452;452.07;0.01;SELL
2016-04-22T00:06:01.496067;2016-04-22T00:06:01.627709;75e2ec7f-d39c-473c-a072-228fe7eaf449;452.06;0.02;SELL
2016-04-22T00:06:01.496214;2016-04-22T00:06:01.627709;85ac9328-0d2a-43b3-aca9-3a562eb7348c;452.05;0.02;SELL
2016-04-22T00:06:01.496350;2016-04-22T00:06:01.627709;2f899049-356b-4608-89ab-4238736facec;452.05;0.10108895;SELL
2016-04-22T00:06:32.997084;2016-04-22T00:06:33.018352;9bb908b8-28f7-4942-be75-4c3fe2a23ee3;452.12;0.08036;BUY
2016-04-22T00:07:01.466445;2016-04-22T00:07:01.502739;195c6195-93a7-420a-a960-32565a4ee4c7;452.14;0.0652;SELL
2016-04-22T00:07:01.466782;2016-04-22T00:07:01.502739;56b8f2a8-f456-48fa-b223-7579137eb25a;452.14;0.112;SELL
2016-04-22T00:07:01.467004;2016-04-22T00:07:01.518364;7c8f553b-3174-44b8-a990-f2602897067c;452.14;0.066;SELL
2016-04-22T00:07:01.467174;2016-04-22T00:07:01.518364;091c56b1-f949-408f-8263-9e9a7df5fdcf;452.13;0.0663;SELL
2016-04-22T00:07:01.467337;2016-04-22T00:07:01.518364;814384d4-cc84-40db-8e13-b49c4e6ec061;452.11;0.0559;SELL
2016-04-22T00:07:01.467502;2016-04-22T00:07:01.518364;7753061e-526a-425a-95df-b850990cf45a;452.1;0.016;SELL
2016-04-22T00:07:01.467657;2016-04-22T00:07:01.533990;6ecf745f-467a-4aaf-9f1e-2520b22604ad;452.09;0.016;SELL
2016-04-22T00:07:01.467825;2016-04-22T00:07:01.533990;e04fc7ba-2367-4cd0-9d43-9c079538ec39;452.08;0.017;SELL
2016-04-22T00:07:01.468000;2016-04-22T00:07:01.533990;b4d7d941-dec8-4e7c-bf35-4a3ca15691bb;452.07;0.017;SELL
2016-04-22T00:07:01.468157;2016-04-22T00:07:01.549614;52fd318c-1d9c-4b09-8633-c34818ca53b7;452.07;1.30965;SELL
2016-04-22T00:07:20.057280;2016-04-22T00:07:20.080873;c33197b6-882f-4325-9929-8e74bfc6500d;452.14;0.0567;SELL
2016-04-22T00:07:31.437478;2016-04-22T00:07:31.455851;4043b8c2-8656-429d-90a6-d5f634b6864b;452.14;0.057;SELL
2016-04-22T00:07:31.437696;2016-04-22T00:07:31.471504;b20d100f-9a83-45d7-8e9f-15316392651f;452.13;0.0541;SELL
2016-04-22T00:07:31.437884;2016-04-22T00:07:31.471504;e4164f11-3ae1-4f4f-99f0-5c6f02c8e369;452.13;0.0564;SELL
2016-04-22T00:07:31.438077;2016-04-22T00:07:31.471504;6c16b891-4da5-45a6-8a9f-65ca3647d78a;452.09;0.127;SELL
2016-04-22T00:07:31.438228;2016-04-22T00:07:31.487129;1bf791d6-8d29-4715-b045-25e76b2b614b;452.08;0.11357;SELL
2016-04-22T00:07:40.620152;2016-04-22T00:07:40.643389;5e5e7849-0a62-48bf-b3d3-92099a038e0d;452.13;0.0498;SELL
2016-04-22T00:08:02.223448;2016-04-22T00:08:02.252770;b914f15a-111e-4268-8b3a-a173d3e3a14f;452.15;0.05;BUY
2016-04-22T00:08:02.223651;2016-04-22T00:08:02.252770;d1d092ff-dc6e-472e-976f-86239419145d;452.15;0.06015;BUY
2016-04-22T00:08:19.411101;2016-04-22T00:08:19.424662;85dc5f8b-81ff-4c7f-ba00-f60af353cb57;452.14;0.0456;SELL
2016-04-22T00:08:19.411475;2016-04-22T00:08:19.440284;bdc9692b-f01e-4862-9bb7-6d16a9abd9ea;452.14;0.0444;SELL
2016-04-22T00:08:31.278357;2016-04-22T00:08:31.299661;e059efc2-1d12-4d75-b052-e66a78dfbadd;452.15;0.05;BUY
2016-04-22T00:08:31.278574;2016-04-22T00:08:31.299661;f7bc7389-6f93-4cfb-8085-f0bb2b2e8699;452.16;0.05;BUY
2016-04-22T00:08:31.278760;2016-04-22T00:08:31.315287;ce6930c4-658b-43c7-8cf7-e3fc0cd08188;452.17;0.05;BUY
2016-04-22T00:08:31.278934;2016-04-22T00:08:31.315287;5eac4d18-f21c-413d-801f-6ed32c50bc1e;452.2;0.02001105;BUY
2016-04-22T00:08:31.279089;2016-04-22T00:08:31.315287;5a626f52-c033-4c4c-b11b-38f056b73c5d;452.24;4.04376895;BUY
2016-04-22T00:09:01.471532;2016-04-22T00:09:01.487181;07dcef3a-b1f3-4a0a-8b8a-50e6c0306426;452.21;0.6789;BUY
2016-04-22T00:09:31.234609;2016-04-22T00:09:31.237195;8623ef71-7055-4922-ae60-76d4657467dd;452.21;2.22772;BUY
2016-04-22T00:10:01.573331;2016-04-22T00:10:01.596583;75483bb2-7483-4252-af06-d4fe19151752;452.21;0.0272;BUY
2016-04-22T00:10:47.453711;2016-04-22T00:10:47.455979;c85ee806-9d78-4b6b-962d-af6e237964f8;452.21;0.0305;SELL
2016-04-22T00:11:01.716788;2016-04-22T00:11:01.721614;b3fe5376-3e8c-4a8e-8d8c-3f857ec4389f;452.21;0.6567;BUY
2016-04-22T00:11:01.717022;2016-04-22T00:11:01.737238;1db1132e-ddaa-40dd-b3ae-ce78af44c93d;452.21;0.49319;BUY
2016-04-22T00:11:31.318014;2016-04-22T00:11:31.315388;b5f03ff3-0ec5-40c0-b0c0-b5ac05905822;452.22;0.01;BUY
2016-04-22T00:11:31.318219;2016-04-22T00:11:31.346627;999d0b7c-8d8b-499e-ba59-b0624fd0a424;452.22;0.468528;BUY
2016-04-22T00:11:31.318378;2016-04-22T00:11:31.346627;8e07ab3b-71f0-4e14-a778-e8ece28bbab6;452.24;0.172692;BUY
2016-04-22T00:12:01.248721;2016-04-22T00:12:01.252897;8a7c161a-ba41-4faa-9f27-b888fd19a45d;452.22;0.547;BUY
2016-04-22T00:12:01.248992;2016-04-22T00:12:01.268517;d9c19a7f-abd3-4071-9f85-b65e65c4fb95;452.22;0.15;BUY
2016-04-22T00:12:01.249163;2016-04-22T00:12:01.268517;006cebc8-d03d-431e-b590-ffde867ffa4f;452.23;1.60369;BUY
2016-04-22T00:12:31.273042;2016-04-22T00:12:31.284158;7bd94136-924f-48d6-bf2f-a19c219f1fc5;452.24;0.73972;BUY
2016-04-22T00:13:01.357485;2016-04-22T00:13:01.362298;f26cc237-5c4f-4445-84f5-ad13edd810f4;452.25;1.0686;BUY
2016-04-22T00:13:31.264435;2016-04-22T00:13:31.268569;9bb4640e-42ff-4280-bcee-2f06d146f0bc;452.24;4.0;SELL
2016-04-22T00:13:31.264691;2016-04-22T00:13:31.284189;c64ca365-df30-49c1-aed6-9d2cbf7ac4c7;452.24;4.0;SELL
2016-04-22T00:13:31.264888;2016-04-22T00:13:31.284189;a1184b22-7f49-4587-bed0-a3e96934d185;452.24;0.15;SELL
2016-04-22T00:13:31.265065;2016-04-22T00:13:31.299814;b603910b-6fe6-41a2-9fe4-4381382da859;452.24;2.1224;SELL
2016-04-22T00:14:22.336731;2016-04-22T00:14:22.346715;9537d154-9021-4cbd-bd09-394e1f628856;452.25;0.21121111;BUY
2016-04-22T00:14:31.377681;2016-04-22T00:14:31.377974;2012821c-e5af-4718-99a9-2922b5b50186;452.24;0.09091;SELL
2016-04-22T00:15:35.072967;2016-04-22T00:15:35.116852;073fec8b-a9bb-47d0-9470-1e0887d102b9;452.25;0.72018889;BUY
2016-04-22T00:15:35.073256;2016-04-22T00:15:35.132474;4cd05429-5770-48c9-92b7-d581463ea9c5;452.25;0.0114;BUY
2016-04-22T00:15:35.073459;2016-04-22T00:15:35.132474;f21453cf-093b-451a-b77f-62cd8d537b47;452.3;0.00386;BUY
2016-04-22T00:15:35.073636;2016-04-22T00:15:35.148097;0e2f892c-af81-4662-bbf0-5a3abd875dc4;452.3;0.02000884;BUY
2016-04-22T00:15:35.073811;2016-04-22T00:15:35.148097;2e05d039-6337-450c-af34-06a73e058244;452.3;0.016;BUY
2016-04-22T00:15:35.074019;2016-04-22T00:15:35.241854;443aa0d5-8284-406b-831e-e4d7aaea50df;452.32;0.05;BUY
2016-04-22T00:15:35.074208;2016-04-22T00:15:35.241854;8a25faf1-9cf7-4923-9da6-5487f7bf67a2;452.34;0.02;BUY
2016-04-22T00:15:35.074390;2016-04-22T00:15:35.241854;4ed613f3-93b9-4112-af60-ed5042280464;452.36;0.03;BUY
2016-04-22T00:15:35.074567;2016-04-22T00:15:35.241854;9de8f8f2-32a4-4a1d-824c-3b79efdaa133;452.37;0.02;BUY
2016-04-22T00:15:35.074742;2016-04-22T00:15:35.241854;81f3eaf8-63e2-46eb-b16d-b613b7565a5e;452.38;0.05;BUY
2016-04-22T00:15:35.074931;2016-04-22T00:15:35.241854;85768942-9b62-415e-ac7c-adcccb2b1f07;452.38;0.05;BUY
2016-04-22T00:15:35.075116;2016-04-22T00:15:35.241854;d4494612-078c-4d79-9e46-2f02ca1e917f;452.39;0.05;BUY
2016-04-22T00:15:35.075286;2016-04-22T00:15:35.241854;db735556-a0da-4073-932b-e58a6de8a8e7;452.39;0.05;BUY
2016-04-22T00:15:35.075442;2016-04-22T00:15:35.241854;dce059c1-4c99-45f5-9723-1f6dd8555c8e;452.39;0.55948227;BUY
2016-04-22T00:15:46.388745;2016-04-22T00:15:46.444980;0a0a47ca-ec70-4271-949e-d7715ac9b020;452.4;0.02000928;BUY
2016-04-22T00:15:46.388957;2016-04-22T00:15:46.460609;fedded40-c322-4b1c-a945-efc8200f46f4;452.4;0.05;BUY
2016-04-22T00:15:46.389170;2016-04-22T00:15:46.460609;cf98705d-f154-4254-9e72-d538b2d91ac6;452.4;0.05;BUY
2016-04-22T00:15:46.389331;2016-04-22T00:15:46.476196;b30ba2d3-51d2-4836-bad8-724bc2f807c2;452.41;0.05;BUY
2016-04-22T00:15:46.389495;2016-04-22T00:15:46.476196;73db5563-a217-461e-8161-6f1c3b2c3482;452.42;0.05;BUY
2016-04-22T00:15:46.389643;2016-04-22T00:15:46.476196;08a5f58b-3daf-4688-9341-38e7fe86550d;452.43;0.05;BUY
2016-04-22T00:15:46.389798;2016-04-22T00:15:46.507488;b48acbfb-97a2-4663-9e3f-9733fc5cc9f6;452.43;0.23;BUY
2016-04-22T00:15:46.389972;2016-04-22T00:15:46.507488;88615d3e-42a1-4289-8afd-1f511b5de29d;452.44;6.6227;BUY
2016-04-22T00:15:46.390125;2016-04-22T00:15:46.507488;8274d7ec-9914-4c92-8627-f00214c49c88;452.45;0.01;BUY
2016-04-22T00:15:46.390280;2016-04-22T00:15:46.507488;6dc017f8-b8d4-45a7-ad2d-b34b7dbff066;452.45;0.05;BUY
2016-04-22T00:15:46.390423;2016-04-22T00:15:46.523104;fa7732d5-468b-4035-9718-1792d2bd4b00;452.45;0.05;BUY
2016-04-22T00:15:46.390571;2016-04-22T00:15:46.523104;0ae99312-0e98-4a76-85e1-050241b14fed;452.45;0.01;BUY
2016-04-22T00:15:46.390712;2016-04-22T00:15:46.523104;4ff8b160-f55b-4910-9417-22fa06421c06;452.45;0.05;BUY
2016-04-22T00:15:46.390865;2016-04-22T00:15:46.523104;fb1df726-23c2-4624-8b03-33dd01c1763f;452.45;0.05;BUY
2016-04-22T00:15:46.391025;2016-04-22T00:15:46.538730;f613555f-2902-4bf7-b9ba-909a2f5e1d5a;452.46;0.05;BUY
2016-04-22T00:15:46.391192;2016-04-22T00:15:46.538730;924d3efb-1f99-42d8-889d-50e9a8dd4ba5;452.46;0.03916917;BUY
2016-04-22T00:15:46.391338;2016-04-22T00:15:46.538730;54d7187d-84d7-4bb1-abf4-d483fa96a75d;452.47;0.05;BUY
2016-04-22T00:15:46.391499;2016-04-22T00:15:46.554354;10bb79c4-3909-4315-b0d8-c11ef7702565;452.47;0.03916917;BUY
2016-04-22T00:15:46.391653;2016-04-22T00:15:46.554354;7b4d4fe8-24a1-4119-bc8d-13c60ff32d1d;452.49;0.107;BUY
2016-04-22T00:15:46.391816;2016-04-22T00:15:46.554354;3d14d77c-9326-47fa-b9f2-1781388d3538;452.5;0.02000663;BUY
2016-04-22T00:15:46.391964;2016-04-22T00:15:46.554354;52f695e2-1fc7-440f-8119-6405600cbe4f;452.5;0.05;BUY
2016-04-22T00:15:46.392122;2016-04-22T00:15:46.569978;8c16b3e6-76e1-4d53-b887-f37ffc90babb;452.5;0.03921723;BUY
2016-04-22T00:15:46.392273;2016-04-22T00:15:46.569978;e073e570-89b3-4cae-9d62-9cf9c86fb6ed;452.5;0.05;BUY
2016-04-22T00:15:46.392428;2016-04-22T00:15:46.585604;9d80ab53-001f-4807-ab6b-75941d2a771e;452.5;0.15;BUY
2016-04-22T00:15:46.392581;2016-04-22T00:15:46.585604;c1611c81-e66e-4cc6-b9bf-688acfaa4762;452.51;0.8;BUY
2016-04-22T00:15:46.392738;2016-04-22T00:15:46.616853;02feb3f9-428b-41e0-9061-846e266d6df9;452.53;0.03174337;BUY
2016-04-22T00:15:46.392895;2016-04-22T00:15:46.616853;ced9ce6e-8ee4-4ebe-babf-a9f30b3420ae;452.54;0.05;BUY
2016-04-22T00:15:46.393065;2016-04-22T00:15:46.616853;e24da1f3-6017-4063-8e5a-93b720c2bf61;452.55;0.03922115;BUY
2016-04-22T00:15:46.393226;2016-04-22T00:15:46.616853;7e0fb42b-cd54-43ad-818a-442b4b454c8d;452.56;0.01;BUY
2016-04-22T00:15:46.393376;2016-04-22T00:15:46.632478;02a5ba04-dc75-4011-9031-c3644870e7cd;452.57;0.03;BUY
2016-04-22T00:15:46.393530;2016-04-22T00:15:46.632478;1a1e087e-7281-4968-bca2-76588e447b43;452.57;0.03924844;BUY
2016-04-22T00:15:46.393676;2016-04-22T00:15:46.632478;ff5ed634-d16d-4c8b-992c-049ce0bf521c;452.58;0.05;BUY
2016-04-22T00:15:46.393824;2016-04-22T00:15:46.648103;efac3b3b-91b9-4d41-a6ae-ef8e641bbac8;452.58;0.05;BUY
2016-04-22T00:15:46.393991;2016-04-22T00:15:46.648103;90114c92-3938-443a-9a2c-a7f5c081dfe6;452.58;0.2;BUY
2016-04-22T00:15:46.394130;2016-04-22T00:15:46.648103;4e51e35c-d14e-421f-955e-8cb9b235e434;452.59;0.05;BUY
2016-04-22T00:15:46.394285;2016-04-22T00:15:46.663728;e6912ef2-7cab-4f2b-b6a7-6d735532cc24;452.59;0.05;BUY
2016-04-22T00:15:46.394433;2016-04-22T00:15:46.663728;49bace34-339c-4224-8df4-ce703f422e75;452.59;0.05;BUY
2016-04-22T00:15:46.394579;2016-04-22T00:15:46.663728;e0eee082-a4bd-4f46-8bce-e737354336d9;452.59;0.03922508;BUY
2016-04-22T00:15:46.394735;2016-04-22T00:15:46.679353;995bae53-910d-49d2-bdef-1fef5594460b;452.59;1.2;BUY
2016-04-22T00:15:46.394877;2016-04-22T00:15:46.679353;e5638472-0192-47bb-98ae-2424a1afbe7b;452.6;0.02;BUY
2016-04-22T00:15:46.395039;2016-04-22T00:15:46.679353;ba560cee-99f5-4f1e-840f-208d220cd615;452.6;1.4;BUY
2016-04-22T00:15:46.395188;2016-04-22T00:15:46.679353;8fde7f3b-af24-4c49-b2ec-22f43e96e8d1;452.61;0.05;BUY
2016-04-22T00:15:46.395356;2016-04-22T00:15:46.694979;05f5929e-fa13-4b61-82cb-6e0e65c04b10;452.61;0.05;BUY
2016-04-22T00:15:46.395503;2016-04-22T00:15:46.694979;f7f08695-911b-492a-8332-123b8bcf619e;452.61;0.05;BUY
2016-04-22T00:15:46.395649;2016-04-22T00:15:46.694979;495063a5-c375-4e79-8578-72eee7d15f36;452.61;0.03926662;BUY
2016-04-22T00:15:46.395805;2016-04-22T00:15:46.710603;a731335d-6265-46ca-bbae-f0155bec71f1;452.61;0.2;BUY
2016-04-22T00:15:46.395948;2016-04-22T00:15:46.710603;bfd823ef-bf92-4df9-8762-f148964add33;452.62;0.05;BUY
2016-04-22T00:15:46.396104;2016-04-22T00:15:46.726229;d44dffc1-9724-40b4-bca2-69eb15cae851;452.62;0.05;BUY
2016-04-22T00:15:46.396252;2016-04-22T00:15:46.726229;76414bc2-354d-433e-8f0b-610ced0aafe2;452.62;0.8;BUY
2016-04-22T00:15:46.396433;2016-04-22T00:15:46.726229;eec1db45-1c33-4b1a-8cae-58a741cc19ea;452.63;0.05;BUY
2016-04-22T00:15:46.396589;2016-04-22T00:15:46.726229;37a42251-7f71-432d-8500-9e58d898cd86;452.64;2.6;BUY
2016-04-22T00:15:46.396737;2016-04-22T00:15:46.726229;71cc4236-f8e9-467f-a95d-7a0b3a642d64;452.65;0.01;BUY
2016-04-22T00:15:46.396887;2016-04-22T00:15:46.741854;d34c1d1f-e8b7-4b59-9a2d-a62a0667de64;452.65;3.4;BUY
2016-04-22T00:15:46.397041;2016-04-22T00:15:46.741854;86d836a0-9701-4776-8564-f7c6ba9c1848;452.66;0.03926269;BUY
2016-04-22T00:15:46.397181;2016-04-22T00:15:46.757479;fb534933-f1ee-44aa-8c36-a9d1200afbde;452.66;0.05;BUY
2016-04-22T00:15:46.397335;2016-04-22T00:15:46.757479;01ddfa72-7cf2-4585-877a-608343eb4737;452.66;1.4;BUY
2016-04-22T00:15:46.397490;2016-04-22T00:15:46.757479;65280ed4-95a5-408a-8dd1-5bacd8940580;452.67;0.2;BUY
2016-04-22T00:15:46.397635;2016-04-22T00:15:46.773104;c4c879df-975b-49ad-9a80-88be1ca2359b;452.67;0.5;BUY
2016-04-22T00:15:46.397787;2016-04-22T00:15:46.773104;a8f9ed28-fe21-4724-8733-b79efcd0e0af;452.67;1.2;BUY
2016-04-22T00:15:46.397927;2016-04-22T00:15:46.773104;a0bb624d-6d6a-4e68-9dbc-74dd59351568;452.68;0.05;BUY
2016-04-22T00:15:46.398092;2016-04-22T00:15:46.788730;2b1a47fc-e9cd-42a3-8252-85b144ebfc2f;452.68;2.6;BUY
2016-04-22T00:15:46.398231;2016-04-22T00:15:46.788730;29021910-cbad-4c4f-b551-c51d69ec92a7;452.69;0.05;BUY
2016-04-22T00:15:46.398377;2016-04-22T00:15:46.788730;2b82321d-801e-4545-abac-317e8e8b0bf0;452.69;0.96328618;BUY
2016-04-22T00:16:01.476751;2016-04-22T00:16:01.523111;21731e6a-0eb4-49ad-9961-beb443c66ec5;452.5;0.02000221;SELL
2016-04-22T00:16:01.476936;2016-04-22T00:16:01.538737;0bd5f059-d464-41b5-ba73-4853dd587785;452.47;0.4;SELL
2016-04-22T00:16:01.477107;2016-04-22T00:16:01.538737;7a9a469f-f768-4a38-acdb-a967f1971916;452.46;0.62629779;SELL
2016-04-22T00:16:19.112531;2016-04-22T00:16:19.163744;d339f385-cd50-41ad-9b46-3e43626e38bc;452.59;0.01;BUY
2016-04-22T00:16:19.112842;2016-04-22T00:16:19.179371;f8dbb8bd-d357-4008-ae5e-19f2f94a06ed;452.6;0.02000221;BUY
2016-04-22T00:16:19.113088;2016-04-22T00:16:19.179371;e82522f2-4c1c-4601-9b04-01b070caf49d;452.61;0.115;BUY
2016-04-22T00:16:19.113283;2016-04-22T00:16:19.194996;6ee51bbc-9f8a-49e5-9859-232cc63d9d51;452.66;0.124;BUY
2016-04-22T00:16:19.113464;2016-04-22T00:16:19.194996;7999879c-7fb4-4e04-b2e0-17c948626715;452.7;0.02000508;BUY
2016-04-22T00:16:19.113639;2016-04-22T00:16:19.194996;68b14813-ee40-4b5d-89a5-d529dbca3379;452.7;0.01099271;BUY
2016-04-22T00:16:31.527179;2016-04-22T00:16:31.570003;4f51725a-07ae-4f01-9faa-98819f8244a4;452.57;0.4;SELL
2016-04-22T00:16:31.527348;2016-04-22T00:16:31.585628;8ec9f7c1-fa9c-4b55-8ee3-9ccd2e0d1a8d;452.56;0.72017;SELL
2016-04-22T00:17:02.963785;2016-04-22T00:17:03.007529;386fba67-4ba7-4897-8049-5e76360ea8ee;452.69;0.01;BUY
2016-04-22T00:17:02.964038;2016-04-22T00:17:03.023143;e660b6f6-df56-46b0-8c53-908fd6a9fe70;452.7;0.03900729;BUY
2016-04-22T00:17:02.964239;2016-04-22T00:17:03.023143;85c301fd-4671-46a3-acee-e00b7ad0a74e;452.7;0.03925876;BUY
2016-04-22T00:17:02.964418;2016-04-22T00:17:03.023143;0bc638cf-61f0-4b33-a178-886b1b397207;452.7;0.03925876;BUY
2016-04-22T00:17:02.964590;2016-04-22T00:17:03.038776;17025147-efd5-4256-b442-0e0cefb23571;452.73;0.01;BUY
2016-04-22T00:17:02.964740;2016-04-22T00:17:03.038776;478680c3-6be6-4fa5-8cb2-1c723e48a482;452.74;0.48443519;BUY
2016-04-22T00:17:33.601615;2016-04-22T00:17:33.648159;cce6bbc1-c2b9-4566-b748-573523802ccb;452.72;0.02209;BUY
2016-04-22T00:18:01.538109;2016-04-22T00:18:01.585679;aacab4c2-af89-4b63-9235-ec8726577cb1;452.74;0.5732902;BUY
2016-04-22T00:18:01.538335;2016-04-22T00:18:01.601304;820cf39c-173c-4122-85f2-a067c5053001;452.74;0.05;BUY
2016-04-22T00:18:01.538542;2016-04-22T00:18:01.601304;8955c1a5-2d01-4d29-9be5-47694684cd0a;452.74;0.217;BUY
2016-04-22T00:18:01.538697;2016-04-22T00:18:01.616923;c2eebc41-6690-4f20-8c6a-fbc57eb7a530;452.75;0.01;BUY
2016-04-22T00:18:01.538841;2016-04-22T00:18:01.616923;82904a1e-9f37-485b-8a7e-d1aeb7aee607;452.75;0.0980198;BUY
2016-04-22T00:18:31.513707;2016-04-22T00:18:31.554442;8ead4b30-824b-4ab6-9d3a-fbf7afa81c67;452.71;0.089;BUY
2016-04-22T00:18:31.513923;2016-04-22T00:18:31.570063;83413621-3927-48cf-94af-5c27ce503d41;452.71;0.0311;BUY
2016-04-22T00:18:31.514108;2016-04-22T00:18:31.570063;8bb9d625-4da3-4bdf-a3d5-153331f78d44;452.71;0.0324;BUY
2016-04-22T00:18:31.514264;2016-04-22T00:18:31.585688;8cf449aa-4f9e-447e-bab8-97a696776ea6;452.71;0.027;BUY
2016-04-22T00:18:31.514420;2016-04-22T00:18:31.585688;1127d732-a35b-404c-bc53-0defe8a8da8e;452.75;0.0320002;BUY
2016-04-22T00:18:31.514560;2016-04-22T00:18:31.585688;856d5378-eede-43f2-8abf-8ca23aa3b497;452.75;0.0136013;BUY
2016-04-22T00:18:31.514707;2016-04-22T00:18:31.601314;d65af89b-2547-4065-b442-35a662bb5315;452.75;0.0114;BUY
2016-04-22T00:18:31.514851;2016-04-22T00:18:31.601314;a4c02b02-ff01-44b8-95a7-39495e0fb9d0;452.76;0.05;BUY
2016-04-22T00:18:31.515023;2016-04-22T00:18:31.601314;c7cf00e2-101f-44ca-a165-e1978e721346;452.76;0.106;BUY
2016-04-22T00:18:31.515166;2016-04-22T00:18:31.616943;4e0d9758-7f05-44d7-a3f5-f12ffe1e051c;452.8;0.7;BUY
2016-04-22T00:18:31.515310;2016-04-22T00:18:31.616943;0f8b7663-700b-4d9b-b29f-2ca6b76ced91;452.8;0.02000928;BUY
2016-04-22T00:18:31.515456;2016-04-22T00:18:31.616943;d886b279-f9f8-4a87-b324-7672dbe37a62;452.8;0.05;BUY
2016-04-22T00:18:31.515597;2016-04-22T00:18:31.632562;aa19e164-4c05-4b44-b966-90559c85fff0;452.81;0.077;BUY
2016-04-22T00:18:31.515731;2016-04-22T00:18:31.632562;18f3a1b9-9afa-4a5c-8bc5-cbdcd9cd47d9;452.81;0.75211922;BUY
2016-04-22T00:19:01.249197;2016-04-22T00:19:01.288832;02e0ea1f-e66a-4d77-8823-66774eb938fb;452.71;0.435;BUY
2016-04-22T00:19:01.249423;2016-04-22T00:19:01.304453;c324383e-6db4-4d2b-9804-b7577c422e62;452.71;0.0393;BUY
2016-04-22T00:19:01.249612;2016-04-22T00:19:01.304453;b0e94c34-557e-49a8-b009-a7c361e582bd;452.71;0.0409;BUY
2016-04-22T00:19:01.249778;2016-04-22T00:19:01.304453;9e3bb974-9fe4-463d-ba5f-28acdd36cbda;452.76;0.458;BUY
2016-04-22T00:19:01.249924;2016-04-22T00:19:01.320079;f079b94f-e45a-4e7b-9819-d91e841608dd;452.81;1.02128;BUY
2016-04-22T00:19:27.577714;2016-04-22T00:19:27.632592;a04cfdc9-cfdf-4d78-bbff-5da405987230;452.71;0.129;BUY
2016-04-22T00:19:27.577926;2016-04-22T00:19:27.632592;378195b4-9d02-4c15-87f8-88af76a819d4;452.71;0.0264;BUY
2016-04-22T00:19:27.578131;2016-04-22T00:19:27.648218;82479bd5-41cc-4e7d-b154-7be99d34df8d;452.71;0.0328;BUY
2016-04-22T00:19:27.578292;2016-04-22T00:19:27.648218;efb4fff6-9ac8-4cb0-8d36-62537f6df874;452.71;0.0333;BUY
2016-04-22T00:19:27.578442;2016-04-22T00:19:27.648218;78bda3fd-7f5e-4e1a-98bd-48795cf0f900;452.76;0.05;BUY
2016-04-22T00:19:27.578580;2016-04-22T00:19:27.648218;48d7e6f7-5e9a-4afd-8579-42f096f314cb;452.76;0.0285;BUY
2016-04-22T00:19:38.645072;2016-04-22T00:19:38.679484;2048802f-8870-417f-9463-18616e32994c;452.78;0.01;BUY
2016-04-22T00:19:38.645322;2016-04-22T00:19:38.710723;453d97ed-626b-46cb-b516-9d02be3832b8;452.79;0.01;BUY
2016-04-22T00:19:38.645539;2016-04-22T00:19:38.710723;39b3b1ce-d19b-4e69-b6ca-81befe5c2df9;452.81;0.9619;BUY
2016-04-22T00:20:01.621693;2016-04-22T00:20:01.663864;73da7825-6f37-4a76-bd96-dc08ae4b75e7;452.78;0.0262;BUY
2016-04-22T00:20:01.621872;2016-04-22T00:20:01.679482;d590730c-e108-4f89-956f-7dfabb3df255;452.78;0.291;BUY
2016-04-22T00:20:01.622047;2016-04-22T00:20:01.679482;95101f42-d1a1-48f1-8b36-878b27138dee;452.78;0.0261;BUY
2016-04-22T00:20:01.622213;2016-04-22T00:20:01.679482;8e1cf97a-e04e-4530-a326-0456e65842d6;452.78;0.0264;BUY
2016-04-22T00:20:01.622349;2016-04-22T00:20:01.695111;7462b73f-539e-42de-9c2f-25b6844fc542;452.81;0.13278;BUY
2016-04-22T00:20:31.324574;2016-04-22T00:20:31.367005;50780d4b-992f-47f4-9464-ff862e456a11;452.81;0.93192078;BUY
2016-04-22T00:20:31.324833;2016-04-22T00:20:31.382623;69ce9236-fdca-458d-80c3-5269ab59281c;452.81;0.24;BUY
2016-04-22T00:20:31.325047;2016-04-22T00:20:31.382623;cde5eeb5-7d20-42f9-a2cb-7756185638d6;452.86;0.05;BUY
2016-04-22T00:20:31.325230;2016-04-22T00:20:31.382623;92ec8cb2-117b-4351-b530-b90d36806c48;452.86;0.265;BUY
2016-04-22T00:20:31.325401;2016-04-22T00:20:31.413875;f73397c1-6962-4b7e-909c-ae2fba7e8fe4;452.9;0.02;BUY
2016-04-22T00:20:31.325564;2016-04-22T00:20:31.413875;280016a0-921f-4a23-8994-f7c60143673b;452.9;0.05;BUY
2016-04-22T00:20:31.325737;2016-04-22T00:20:31.413875;7502e710-024e-40f7-8234-6c168a55c400;452.9;0.0200053;BUY
2016-04-22T00:20:31.325913;2016-04-22T00:20:31.413875;276e908c-2fe1-4fc2-b88e-bb890948995a;452.91;0.01706392;BUY
2016-04-22T00:21:33.554408;2016-04-22T00:21:33.601406;58bbe8c0-1699-4378-bb86-fde38a859d46;452.8;0.02000751;SELL
2016-04-22T00:21:33.554660;2016-04-22T00:21:33.601406;7ecc8bce-d45b-412f-a625-b5bbff43d1f8;452.8;0.79660249;SELL
2016-04-22T00:22:01.441258;2016-04-22T00:22:01.476426;8f88fcc0-6ced-44e9-ac58-28e4ccc0298a;452.81;0.01;BUY
2016-04-22T00:22:01.441457;2016-04-22T00:22:01.492056;32519892-2382-4463-8015-8b2b0c9ec288;452.82;0.59196;BUY
2016-04-22T00:22:31.377086;2016-04-22T00:22:31.413941;83c58dc1-ebb3-430d-bee4-38876497d296;452.81;0.372;BUY
2016-04-22T00:22:31.377335;2016-04-22T00:22:31.429561;65756b28-080f-43d2-94a3-84bc81ebbc55;452.82;1.16605;BUY
2016-04-22T00:23:02.318805;2016-04-22T00:23:02.351457;381feebf-287f-4e46-8852-6f35e11dc814;452.82;0.26237;BUY
2016-04-22T00:23:31.307749;2016-04-22T00:23:31.335841;67390872-7db8-46a3-a36f-3488f4ede115;452.82;0.13763;BUY
2016-04-22T00:23:31.307995;2016-04-22T00:23:31.351457;4fa63ff5-f0c1-44c2-95d8-ec50c520cd2c;452.86;0.05;BUY
2016-04-22T00:23:31.308181;2016-04-22T00:23:31.351457;ea65c09e-9c71-4f39-965f-e020e1c9c639;452.9;0.02000751;BUY
2016-04-22T00:23:31.308322;2016-04-22T00:23:31.367097;2f36f1df-540e-4a85-89cc-67169a714cc1;452.9;0.27556249;BUY
2016-04-22T00:24:01.540053;2016-04-22T00:24:01.570232;ee6df70d-1b2c-49ac-b7a5-9736945f3366;452.89;0.01;BUY
2016-04-22T00:24:01.540285;2016-04-22T00:24:01.585859;6806321b-0fbd-4b1d-b92e-958eb75ae88d;452.9;0.77043751;BUY
2016-04-22T00:24:01.540476;2016-04-22T00:24:01.585859;bd1113c3-0dbd-4097-ab47-48e2d51e976e;452.9;0.15;BUY
2016-04-22T00:24:01.540623;2016-04-22T00:24:01.601483;d8e693ce-3bd9-4eff-91a2-576144e5e6cf;452.95;0.94855249;BUY
2016-04-22T00:24:31.782864;2016-04-22T00:24:31.804627;76a372a0-d0f6-48ee-879e-9e9022af00dd;452.9;0.28409;SELL
2016-04-22T00:25:01.450385;2016-04-22T00:25:01.476518;daf0a15f-85c2-4fab-b9e0-6fd1cc593b34;452.89;0.0271;BUY
2016-04-22T00:25:01.450602;2016-04-22T00:25:01.492138;a5f89ad1-5f4e-4814-9147-9a0286ab3c56;452.92;0.01;BUY
2016-04-22T00:25:01.450804;2016-04-22T00:25:01.492138;889fb399-82b3-4879-ba65-d49994ce6769;452.93;0.01;BUY
2016-04-22T00:25:01.450952;2016-04-22T00:25:01.507762;1b3ab05d-97c6-451c-8c2f-6887b21c299b;452.95;0.39008;BUY
2016-04-22T00:25:31.343499;2016-04-22T00:25:31.367163;1e1e5407-25ee-47fc-bc93-fbd4ee308202;452.92;0.01;BUY
2016-04-22T00:25:31.343748;2016-04-22T00:25:31.382779;ee5ddaf6-ecc6-482c-b8b3-89a2dcde9c22;452.93;0.01;BUY
2016-04-22T00:25:31.343949;2016-04-22T00:25:31.382779;2f53068a-f252-4cfe-ae5e-541fccd6757b;452.94;0.01;BUY
2016-04-22T00:25:31.344114;2016-04-22T00:25:31.398405;b6672909-fd80-457e-9fb6-0c03202d0825;452.95;0.07157;BUY
2016-04-22T00:26:01.977277;2016-04-22T00:26:01.992175;ae327667-c68d-4088-9a72-9485ddb12be5;452.95;1.32984;BUY
2016-04-22T00:26:31.379073;2016-04-22T00:26:31.398441;5b8b3b5a-cdba-4555-b40b-25b9c828ee42;452.91;0.02;SELL
2016-04-22T00:26:31.379293;2016-04-22T00:26:31.414059;7f053973-c757-4cc8-b1bd-51191bd32d17;452.91;0.43148;SELL
2016-04-22T00:27:06.432466;2016-04-22T00:27:06.445332;d34bb270-b61e-4242-9e47-10ad279a2beb;452.94;0.01623;BUY
2016-04-22T00:27:32.562295;2016-04-22T00:27:32.585965;1cac80aa-12bf-43d5-88a4-5a9fb9e57cbb;452.94;0.00377;BUY
2016-04-22T00:27:32.562738;2016-04-22T00:27:32.585965;bb512a07-499a-41a5-adb7-e0105cd71315;452.95;0.28151;BUY
2016-04-22T00:28:01.412433;2016-04-22T00:28:01.429734;74db2570-75c6-486f-a83b-117557efa154;452.95;0.26656;BUY
2016-04-22T00:28:31.731043;2016-04-22T00:28:31.757872;22f7345a-c970-41db-b844-5d0212dbbeef;452.9;0.02;SELL
2016-04-22T00:28:31.731277;2016-04-22T00:28:31.757872;98d15a76-3372-491b-a908-e322fa066c59;452.9;0.0115;SELL
2016-04-22T00:28:31.731472;2016-04-22T00:28:31.773497;b6de95f8-652f-4f7b-b9c2-e4c2d2697fa8;452.89;0.02;SELL
2016-04-22T00:28:31.731631;2016-04-22T00:28:31.773497;c554086f-e4e2-406d-a13a-0bdb3b454e27;452.86;0.07864;SELL
2016-04-22T00:29:01.437358;2016-04-22T00:29:01.445389;7ea6ed8d-11e9-4bc7-a11f-52734e095ddc;452.86;0.0569;BUY
2016-04-22T00:29:01.437594;2016-04-22T00:29:01.461009;fc315670-f456-4e99-b7e3-387f20b176ac;452.86;0.0588;BUY
2016-04-22T00:29:01.437792;2016-04-22T00:29:01.461009;5182355d-4cc9-4333-b39f-589bdd51d533;452.86;0.0553;BUY
2016-04-22T00:29:01.437940;2016-04-22T00:29:01.476635;e2730ae0-3ab7-4ae9-bdc8-cd45d707631f;452.88;0.32504;BUY
2016-04-22T00:29:31.455722;2016-04-22T00:29:31.476657;63ff1e97-766c-4691-9ff0-fbf2d47fb01e;452.86;0.029;BUY
2016-04-22T00:29:31.455944;2016-04-22T00:29:31.492277;9a17bfeb-c4d1-4e4f-aba2-3e124fff3c2e;452.86;0.0292;BUY
2016-04-22T00:29:31.456152;2016-04-22T00:29:31.492277;b9ca54d4-0018-458c-a400-b51aa6bd64eb;452.86;0.0293;BUY
2016-04-22T00:29:31.456293;2016-04-22T00:29:31.507903;bb86d4fd-8329-4f81-8958-c2ea99b5ea39;452.88;0.00915;BUY
2016-04-22T00:30:02.047119;2016-04-22T00:30:02.070420;fa72e25f-e1d6-4824-ab44-46dab36d2b9a;452.85;0.02;SELL
2016-04-22T00:30:02.047317;2016-04-22T00:30:02.086041;4ce5dc8c-09fd-4d7b-9909-3ef1a3b67e09;452.84;0.02;SELL
2016-04-22T00:30:02.047488;2016-04-22T00:30:02.086041;621cf270-bc15-4015-954b-d7b0d2f82ba9;452.81;0.01;SELL
2016-04-22T00:30:02.047644;2016-04-22T00:30:02.101667;431e0ad0-dc53-4788-890f-c9992443b1a8;452.8;0.0115;SELL
2016-04-22T00:30:02.047800;2016-04-22T00:30:02.101667;e3fb5314-7ccf-480d-9092-67acb0c077a9;452.8;0.02000972;SELL
2016-04-22T00:30:02.047955;2016-04-22T00:30:02.117293;1b18fbaa-3bda-45e4-92a6-ce0b7cc2e77c;452.8;0.01;SELL
2016-04-22T00:30:02.048138;2016-04-22T00:30:02.117293;6de67126-e5c7-4703-a5b1-7994b4bdd1a0;452.8;0.01;SELL
2016-04-22T00:30:02.048298;2016-04-22T00:30:02.132918;571d70db-fb1b-4281-9b79-b59ec85ff0a5;452.79;0.01;SELL
2016-04-22T00:30:02.048458;2016-04-22T00:30:02.132918;6e6ba7de-b767-458f-b9c6-b5a472cf7ae2;452.79;0.01;SELL
2016-04-22T00:30:02.048619;2016-04-22T00:30:02.132918;5bdb9363-db36-4a22-9842-e7feeff9d1a6;452.78;0.02;SELL
2016-04-22T00:30:02.048780;2016-04-22T00:30:02.148542;148094e5-0483-406e-8a93-9004e7a975b3;452.75;0.02;SELL
2016-04-22T00:30:02.048946;2016-04-22T00:30:02.148542;aa4aa4db-62e7-4636-84ac-af3279831216;452.74;0.02;SELL
2016-04-22T00:30:02.049126;2016-04-22T00:30:02.164167;4f78ed7e-0b15-433c-ad2f-c212664d9042;452.73;0.02;SELL
2016-04-22T00:30:02.049290;2016-04-22T00:30:02.164167;fdc89c33-3aa3-445e-bc49-afccdb16bade;452.72;0.02;SELL
2016-04-22T00:30:02.049442;2016-04-22T00:30:02.179792;cb6dc268-7a2b-48e0-b84b-3947dd1b3295;452.71;0.02;SELL
2016-04-22T00:30:02.049599;2016-04-22T00:30:02.179792;7f250ae8-42c8-4ffc-b00d-794e05acefd1;452.71;0.01;SELL
2016-04-22T00:30:02.049749;2016-04-22T00:30:02.179792;c444976b-491f-4af2-a0cc-e4a643b7b106;452.7;0.02;SELL
2016-04-22T00:30:02.049894;2016-04-22T00:30:02.195416;619e60b1-b76c-4e62-92a6-29b6e5e6fafd;452.7;0.02001149;SELL
2016-04-22T00:30:02.050052;2016-04-22T00:30:02.195416;667fb10a-bb90-4885-8f05-ef75934aa5b8;452.7;4.09778879;SELL
2016-04-22T00:31:02.022160;2016-04-22T00:31:02.063616;063a45eb-1a12-4413-8cab-648e7009a686;452.72;0.01;BUY
2016-04-22T00:31:02.022360;2016-04-22T00:31:02.079238;4f5e3c79-7904-4d42-a109-7691a8dd0b24;452.72;0.04111;BUY
2016-04-22T00:31:31.461085;2016-04-22T00:31:31.501132;5298f0b9-67d1-4bf8-b230-c26d5e4fe4d6;452.68;0.01;SELL
2016-04-22T00:31:31.461319;2016-04-22T00:31:31.516753;19e21c13-a08e-4a09-b6ad-537545a4db6e;452.68;0.27;SELL
2016-04-22T00:31:31.461523;2016-04-22T00:31:31.532376;634cf062-9404-491b-b7db-ed04983a3ec2;452.66;0.01;SELL
2016-04-22T00:31:31.461695;2016-04-22T00:31:31.532376;2d5d972e-ecfc-4ab6-8547-cbc893c6893d;452.65;0.01;SELL
2016-04-22T00:31:31.461854;2016-04-22T00:31:31.532376;604502f4-e197-4b3e-a64d-528f1c09773b;452.6;0.02000729;SELL
2016-04-22T00:31:31.462012;2016-04-22T00:31:31.563627;b84fed2a-fd2c-4d50-bbce-635daabe196b;452.6;0.12653271;SELL
2016-04-22T00:32:01.635875;2016-04-22T00:32:01.688637;62494702-b338-4f4c-b954-79d89ac77d0a;452.69;0.01;BUY
2016-04-22T00:32:01.636107;2016-04-22T00:32:01.704268;30e869b4-437b-465a-ba0b-39c46df7c810;452.69;1.41703;BUY
2016-04-22T00:32:32.229865;2016-04-22T00:32:32.282409;f29954f2-cb26-44b0-bdce-ab0508010e12;452.67;0.0274;BUY
2016-04-22T00:32:32.230083;2016-04-22T00:32:32.282409;e3850a2c-bc94-4fea-a4e9-480fea272d7b;452.67;1.00483;BUY
2016-04-22T00:33:01.553428;2016-04-22T00:33:01.594929;3dcd6d34-1706-49e2-881d-6a9f8d4386a5;452.67;0.90264;BUY
2016-04-22T00:33:11.929215;2016-04-22T00:33:11.969928;c48898a5-8f2c-43b1-ade3-484ccf66b940;452.66;0.17710771;BUY
2016-04-22T00:33:31.713513;2016-04-22T00:33:31.751194;7107e5d9-a602-4ef3-b1a0-37033d356a37;452.66;2.0;BUY
2016-04-22T00:33:31.713747;2016-04-22T00:33:31.766812;31f16ab9-76d7-4224-a12b-c9e3994caca2;452.66;0.16;BUY
2016-04-22T00:33:31.713932;2016-04-22T00:33:31.766812;c6519dde-d413-4759-aa01-4ec5e2f1339c;452.66;0.0567;BUY
2016-04-22T00:33:31.714095;2016-04-22T00:33:31.782440;5cff57b0-54ee-43f6-8184-b4a8bc27493b;452.66;0.0452;BUY
2016-04-22T00:33:31.714254;2016-04-22T00:33:31.782440;366ef1b4-b627-49aa-8691-b608a6f8c4d0;452.66;0.0459;BUY
2016-04-22T00:33:31.714399;2016-04-22T00:33:31.860570;8d18abe7-580f-4986-bb87-49919575b939;452.67;0.09253;BUY
2016-04-22T00:33:31.714556;2016-04-22T00:33:31.860570;9047d609-d5c2-4f5b-87b2-fa8074544afa;452.67;0.16346;BUY
2016-04-22T00:34:01.518547;2016-04-22T00:34:01.563703;9f655e89-3912-4e3f-b5ea-fbc473f39102;452.66;0.38751;BUY
2016-04-22T00:34:31.830658;2016-04-22T00:34:31.876257;84407845-4284-4a4b-be2c-7c490fe9b77c;452.66;1.61249;BUY
2016-04-22T00:34:31.830875;2016-04-22T00:34:31.891845;c16cc2f1-285c-4530-ae8a-81d772c5ae33;452.66;0.0356;BUY
2016-04-22T00:34:31.831076;2016-04-22T00:34:31.891845;3f61238b-90ee-4508-908c-d9e25835a48e;452.67;1.83654;BUY
2016-04-22T00:34:31.831265;2016-04-22T00:34:31.907471;3254770f-c1e7-4c08-b675-7959afc59dd9;452.67;0.15;BUY
2016-04-22T00:34:31.831415;2016-04-22T00:34:31.907471;e9b13141-3f6d-4181-aa24-ad3396962439;452.68;0.28175;BUY
2016-04-22T00:34:52.288091;2016-04-22T00:34:52.360605;8a64875a-3ec4-49fc-953e-c7b8786fb2a5;452.65;0.02;SELL
2016-04-22T00:34:52.288328;2016-04-22T00:34:52.376230;f1b565db-acfa-4a76-87ec-ed1bc44118fd;452.64;0.02;SELL
2016-04-22T00:34:52.288452;2016-04-22T00:34:52.376230;902bd2ed-4432-4aed-a19b-3f186aadda5a;452.63;0.02;SELL
2016-04-22T00:34:52.288607;2016-04-22T00:34:52.391855;5d7a6d95-3566-4911-9e89-dd0bab7483c7;452.63;0.12;SELL
2016-04-22T00:34:52.288785;2016-04-22T00:34:52.391855;67d03291-17c3-439e-9812-41a92a55a0e7;452.62;0.02;SELL
2016-04-22T00:34:52.288938;2016-04-22T00:34:52.407481;96fdf770-c3fc-46cb-ac29-fd50b9a9017c;452.61;0.02;SELL
2016-04-22T00:34:52.289133;2016-04-22T00:34:52.407481;73220dde-7443-47a1-9ea7-f2c6acbf84a8;452.61;0.15;SELL
2016-04-22T00:34:52.289312;2016-04-22T00:34:52.423105;6bfa1a92-54c6-4e8f-aeb2-b9d2830ad8a1;452.6;1.87346729;SELL
2016-04-22T00:34:52.289476;2016-04-22T00:34:52.423105;45830b21-62cc-4da7-8b86-46b518def83d;452.59;0.03926265;SELL
2016-04-22T00:34:52.289629;2016-04-22T00:34:52.438730;7d151a12-3f58-4c37-9de1-40895118863b;452.59;0.03926265;SELL
2016-04-22T00:34:52.289782;2016-04-22T00:34:52.438730;118365eb-48ec-471a-9782-b63122f9f480;452.59;0.03926265;SELL
2016-04-22T00:34:52.289946;2016-04-22T00:34:52.454357;22cb8254-c2a2-450e-bde9-ec4ef9d6a364;452.59;0.01;SELL
2016-04-22T00:34:52.290121;2016-04-22T00:34:52.454357;b44a904f-05ae-41e4-999a-1fb1ab1a51a1;452.58;0.084;SELL
2016-04-22T00:34:52.290264;2016-04-22T00:34:52.469981;20def588-6c9d-4b21-9877-728440b74c63;452.56;0.02;SELL
2016-04-22T00:34:52.290430;2016-04-22T00:34:52.469981;be3f5ba0-003a-4610-8def-917e02b06b5f;452.56;0.02;SELL
2016-04-22T00:34:52.290583;2016-04-22T00:34:52.485605;ef7947b5-f5bf-426c-b103-4a4824b254be;452.56;0.02;SELL
2016-04-22T00:34:52.290749;2016-04-22T00:34:52.501231;a5eda580-d52e-404f-b88e-6e708bd83a6c;452.56;0.01;SELL
2016-04-22T00:34:52.290903;2016-04-22T00:34:52.501231;b145b9b8-a090-408e-b5a9-3f005fc8f5db;452.55;0.03926658;SELL
2016-04-22T00:34:52.291078;2016-04-22T00:34:52.516856;34fb7d72-77fa-47e0-8f94-c34d9e57c427;452.55;0.03926658;SELL
2016-04-22T00:34:52.291226;2016-04-22T00:34:52.516856;2ad24598-3267-45db-94e4-87597d52fb39;452.54;0.02;SELL
2016-04-22T00:34:52.291393;2016-04-22T00:34:52.532481;36153e84-44c4-4782-930c-a57d7bb4b27d;452.54;0.02;SELL
2016-04-22T00:34:52.291602;2016-04-22T00:34:52.532481;421f5ae6-bdbc-4242-8ab5-0ea1cce7dee7;452.54;0.02;SELL
2016-04-22T00:34:52.291813;2016-04-22T00:34:52.548106;aefa0a7d-5523-46b7-91c6-e382bc5f59e0;452.53;0.125;SELL
2016-04-22T00:34:52.291989;2016-04-22T00:34:52.548106;8213a0cc-8996-4f73-82d6-9334d0287762;452.52;0.02;SELL
2016-04-22T00:34:52.292144;2016-04-22T00:34:52.563732;e288b9d9-eb20-42d0-8ceb-753bcaa46bcb;452.52;0.02;SELL
2016-04-22T00:34:52.292319;2016-04-22T00:34:52.594982;aa4396a8-4d90-4e93-a17e-031f564c4232;452.52;0.02;SELL
2016-04-22T00:34:52.292483;2016-04-22T00:34:52.594982;88c2ac1b-61eb-4d39-b9c4-d3b7a8d9b051;452.52;0.02;SELL
2016-04-22T00:34:52.292636;2016-04-22T00:34:52.594982;3c8fb503-d4c9-4ba3-946e-4672f16ba394;452.52;0.02;SELL
2016-04-22T00:34:52.292797;2016-04-22T00:34:52.594982;55f7f285-342e-4a16-8295-5e7c83b84ced;452.52;0.02;SELL
2016-04-22T00:34:52.292955;2016-04-22T00:34:52.610606;16f39038-3aea-41cf-895c-bbcbcdf29ea7;452.51;0.01;SELL
2016-04-22T00:34:52.293119;2016-04-22T00:34:52.610606;6970f89e-fb9d-4ee9-84d6-47085f67769b;452.51;0.02;SELL
2016-04-22T00:34:52.293265;2016-04-22T00:34:52.626231;6e815eff-a118-4fef-8daa-36ced4498137;452.51;0.02;SELL
2016-04-22T00:34:52.293420;2016-04-22T00:34:52.626231;e95b2c4c-acce-48a1-9a7e-7fc6dfc96ef3;452.51;0.02;SELL
2016-04-22T00:34:52.293579;2016-04-22T00:34:52.626231;4dc7e52d-84a7-4597-a99e-9f9cd18af105;452.5;0.02000442;SELL
2016-04-22T00:34:52.293731;2016-04-22T00:34:52.641856;7abb309b-a91a-4298-acbc-dfd8fedd1606;452.5;0.03922631;SELL
2016-04-22T00:34:52.293883;2016-04-22T00:34:52.641856;0f45a000-dc7c-4e96-b59f-fe16fe652318;452.5;0.03920421;SELL
2016-04-22T00:34:52.294066;2016-04-22T00:34:52.657482;5c872ac4-8933-434e-819c-d80288d4e7b3;452.5;0.03927051;SELL
2016-04-22T00:34:52.294220;2016-04-22T00:34:52.657482;166175e8-6766-4783-821f-12fff5f1a035;452.5;0.02;SELL
2016-04-22T00:34:52.294366;2016-04-22T00:34:52.673106;44f27585-a74b-464a-bf78-8791db75f857;452.5;0.02;SELL
2016-04-22T00:34:52.294522;2016-04-22T00:34:52.688732;429f5eb1-24b9-4dbe-9986-f54348b51342;452.5;0.02;SELL
2016-04-22T00:34:52.294673;2016-04-22T00:34:52.688732;4aad6f69-1fb3-4ed1-8475-bab97f7302c0;452.5;0.02;SELL
2016-04-22T00:34:52.294827;2016-04-22T00:34:52.704355;0705223e-80b1-4e21-9395-f6079fe847b0;452.5;0.02;SELL
2016-04-22T00:34:52.295029;2016-04-22T00:34:52.704355;1c963ffa-021d-4cd7-9b22-d968fe0ef55f;452.5;0.02;SELL
2016-04-22T00:34:52.295199;2016-04-22T00:34:52.719981;cfab650d-3bc4-4b33-aafb-25fba6d98c57;452.5;0.02;SELL
2016-04-22T00:34:52.295383;2016-04-22T00:34:52.719981;44e52b02-d2da-4d1d-9c78-cca573044304;452.5;0.02;SELL
2016-04-22T00:34:52.295562;2016-04-22T00:34:52.735606;055f1b1b-f980-45cb-a66c-ca93225088b1;452.49;0.02;SELL
2016-04-22T00:34:52.295714;2016-04-22T00:34:52.735606;a1368fd0-afac-47c7-8af3-5a62a376bbe0;452.49;0.02;SELL
2016-04-22T00:34:52.295880;2016-04-22T00:34:52.751231;57bdbf2d-979e-4033-b1a3-d2d01a0984e4;452.49;0.02;SELL
2016-04-22T00:34:52.296047;2016-04-22T00:34:52.751231;fcde062b-67d8-47ee-b3bc-1e705c60b6b8;452.48;0.02;SELL
2016-04-22T00:34:52.296219;2016-04-22T00:34:52.766855;d166c58c-f675-44e7-884b-3e85c77c9463;452.48;0.02;SELL
2016-04-22T00:34:52.296373;2016-04-22T00:34:52.766855;b10c5408-6546-41d2-96c7-a1e1ee09ad03;452.48;0.02;SELL
2016-04-22T00:34:52.296524;2016-04-22T00:34:52.782480;81f22006-1eb0-4848-992b-6233c99378d3;452.48;0.02;SELL
2016-04-22T00:34:52.296682;2016-04-22T00:34:52.782480;6ead5bf2-63af-4151-aacf-e8e0ddc99ba5;452.48;0.02;SELL
2016-04-22T00:34:52.296838;2016-04-22T00:34:52.798107;62e8c23a-ebcd-42e3-84cd-a6138b20cfad;452.48;0.02;SELL
2016-04-22T00:34:52.297028;2016-04-22T00:34:52.798107;6eb07ae1-3686-4002-ad89-7eeace9523cb;452.48;0.02;SELL
2016-04-22T00:34:52.297175;2016-04-22T00:34:52.798107;dcd1774b-dd75-427d-8745-485dc3251475;452.48;0.118;SELL
2016-04-22T00:34:52.297335;2016-04-22T00:34:52.813730;a9e0f216-63c7-4d00-8f06-fd8e7ae10d96;452.48;0.02;SELL
2016-04-22T00:34:52.297480;2016-04-22T00:34:52.829357;938f0ea4-b1c6-43d1-95ab-4778c9eaf389;452.47;0.02;SELL
2016-04-22T00:34:52.297637;2016-04-22T00:34:52.829357;def5f00a-d682-4cc3-9b12-5ed5d7a81e03;452.47;0.02;SELL
2016-04-22T00:34:52.297792;2016-04-22T00:34:52.844982;b23aaaf1-d848-4d5b-8a91-6654a4b5c36b;452.47;0.02;SELL
2016-04-22T00:34:52.297970;2016-04-22T00:34:52.844982;d49dc6de-3b09-4c20-8acb-26dbb6036950;452.47;0.02;SELL
2016-04-22T00:34:52.298135;2016-04-22T00:34:52.876231;41dd9fad-67f9-458f-80dd-d927cb9bad3d;452.46;0.03925234;SELL
2016-04-22T00:34:52.298279;2016-04-22T00:34:52.876231;371dc89e-3b57-4593-a2a1-883f00f03299;452.46;0.03923024;SELL
2016-04-22T00:34:52.298427;2016-04-22T00:34:52.876231;b3ce0f80-f4df-4130-bc89-a588862d45a6;452.46;0.02;SELL
2016-04-22T00:34:52.298568;2016-04-22T00:34:52.891858;73a3e59b-f129-41d8-af23-7732410705fb;452.46;0.02;SELL
2016-04-22T00:34:52.298734;2016-04-22T00:34:52.891858;31023e7f-00ed-4c21-a9ad-dedad4f6bf29;452.46;0.02;SELL
2016-04-22T00:34:52.298889;2016-04-22T00:34:52.891858;2da33331-3a46-43f4-ac03-a6eb6ef53a02;452.46;0.02;SELL
2016-04-22T00:34:52.299060;2016-04-22T00:34:52.923106;1fffe1eb-295d-459c-84f8-a33d6bd4018f;452.46;0.02;SELL
2016-04-22T00:34:52.299205;2016-04-22T00:34:52.923106;00385a6c-96b4-4438-8420-adc3c78a8685;452.45;0.02;SELL
2016-04-22T00:34:52.299349;2016-04-22T00:34:52.923106;4e7915db-f4d4-4b92-bb76-cf0ac4355706;452.45;0.02;SELL
2016-04-22T00:34:52.299497;2016-04-22T00:34:52.938737;ba385107-3aae-4ec4-9cec-b85d5d6521de;452.45;0.02;SELL
2016-04-22T00:34:52.299646;2016-04-22T00:34:52.938737;a6c42d62-5ad9-4be6-b5e4-13332ca0dba1;452.45;0.02;SELL
2016-04-22T00:34:52.299829;2016-04-22T00:34:52.954357;0bf9e122-3aff-4cf1-bb3b-80ec379fd615;452.45;0.02;SELL
2016-04-22T00:34:52.299997;2016-04-22T00:34:52.954357;2d095749-3427-482f-9dfb-6c1e8ebab85e;452.44;0.02;SELL
2016-04-22T00:34:52.300142;2016-04-22T00:34:52.969982;4c5cc47c-8691-4238-9f32-aa605c9725f5;452.44;0.02;SELL
2016-04-22T00:34:52.300290;2016-04-22T00:34:52.969982;2cf15244-e1f9-4b1b-8336-91c603aca586;452.44;0.02;SELL
2016-04-22T00:34:52.300436;2016-04-22T00:34:53.001231;54a9117a-54e8-4965-a36b-cf31adff5161;452.44;0.02;SELL
2016-04-22T00:34:52.300595;2016-04-22T00:34:53.001231;2a89a61b-356d-4e15-aa25-494e5283cbd7;452.44;0.02;SELL
2016-04-22T00:34:52.300752;2016-04-22T00:34:53.001231;a0811c9c-6243-4d51-a852-d9d7f7fbd437;452.43;0.02;SELL
2016-04-22T00:34:52.300902;2016-04-22T00:34:53.016857;a3e286e2-18b7-4f72-a1f9-eba9738c3026;452.43;0.02;SELL
2016-04-22T00:34:52.301062;2016-04-22T00:34:53.032481;87e44096-7f1e-4702-92ad-2d8b49aab394;452.43;0.02;SELL
2016-04-22T00:34:52.301205;2016-04-22T00:34:53.032481;57b38725-652e-40a3-acf4-e87a587b9cbb;452.43;0.02;SELL
2016-04-22T00:34:52.301346;2016-04-22T00:34:53.048107;365c4a9d-fe45-4599-a1f2-95b9625a7701;452.43;0.088;SELL
2016-04-22T00:34:52.301500;2016-04-22T00:34:53.048107;0461dcdb-f2b4-4d92-9d33-7505e0e789dd;452.43;0.02;SELL
2016-04-22T00:34:52.301654;2016-04-22T00:34:53.048107;028fde3b-d35e-4320-9d94-78a5b5741376;452.42;0.02;SELL
2016-04-22T00:34:52.301806;2016-04-22T00:34:53.048107;938958bf-1791-4a9c-bdd1-d4e6fe4a8358;452.42;0.02;SELL
2016-04-22T00:34:52.301968;2016-04-22T00:34:53.063732;f78ee5f5-63b8-4f8b-9c16-64c11ac3dd73;452.42;0.02;SELL
2016-04-22T00:34:52.302130;2016-04-22T00:34:53.094980;c90df73e-4dea-4aa6-84c1-6c39b699ec6d;452.41;0.01;SELL
2016-04-22T00:34:52.302279;2016-04-22T00:34:53.094980;fc48a53d-9df2-4a0b-aeff-80cfd1c34a25;452.41;0.01;SELL
2016-04-22T00:34:52.302422;2016-04-22T00:34:53.094980;cc6f15b4-4f27-4fc8-8a85-79be885bb42a;452.41;0.02;SELL
2016-04-22T00:34:52.302581;2016-04-22T00:34:53.110605;0629d3d1-e11f-4120-9bd2-d5c5b2e4f66d;452.41;0.02;SELL
2016-04-22T00:34:52.302741;2016-04-22T00:34:53.110605;0e306a48-7522-49c8-a915-33661e18bd06;452.4;0.02000884;SELL
2016-04-22T00:34:56.460352;2016-04-22T00:34:56.516862;8fe9ab3e-cda8-4d9d-a424-98178d66da0b;452.48;0.02;SELL
2016-04-22T00:34:56.460548;2016-04-22T00:34:56.516862;91e61e29-a2f6-48f0-b549-3b6d86ed9de9;452.46;0.02;SELL
2016-04-22T00:34:56.460717;2016-04-22T00:34:56.516862;68ca01a7-4e21-4003-8f22-eb003658fb5a;452.44;0.02;SELL
2016-04-22T00:34:56.460904;2016-04-22T00:34:56.532483;f308714a-8490-439f-9b41-d897eaf49be2;452.42;0.02;SELL
2016-04-22T00:34:56.461096;2016-04-22T00:34:56.532483;25f0c27a-726c-49e1-9af8-fe3a8bd987ed;452.4;0.02;SELL
2016-04-22T00:34:56.461252;2016-04-22T00:34:56.548108;3e752f93-22e4-400b-acc4-5db088328139;452.39;0.01;SELL
2016-04-22T00:34:56.461418;2016-04-22T00:34:56.548108;ec4a8c75-d07c-442a-8be8-86a5df1fd560;452.39;0.02;SELL
2016-04-22T00:34:56.461583;2016-04-22T00:34:56.579358;85ec5685-ff98-4ffc-99d4-f920236091f5;452.37;0.03921542;SELL
2016-04-22T00:34:56.461746;2016-04-22T00:34:56.579358;48c34732-5a8e-4b2c-b0ec-228a893d5e0d;452.36;0.02;SELL
2016-04-22T00:34:56.461942;2016-04-22T00:34:56.594983;2c9c265c-60d0-4dcf-b63d-2b9284427be1;452.33;0.03932988;SELL
2016-04-22T00:34:56.462122;2016-04-22T00:34:56.594983;78d5d88f-1521-4389-8246-0a905256861e;452.31;0.15;SELL
2016-04-22T00:34:56.462286;2016-04-22T00:34:56.610608;470687cf-c6ac-4e6f-96cb-1e3dd0ee91ea;452.3;0.02001149;SELL
2016-04-22T00:34:56.462449;2016-04-22T00:34:56.610608;247328e8-f590-4c62-aa95-31cf1b469798;452.29;0.01;SELL
2016-04-22T00:34:56.462613;2016-04-22T00:34:56.626234;c00fe04a-62aa-4ffd-892a-58495b4f5f4a;452.27;0.03924647;SELL
2016-04-22T00:34:56.462777;2016-04-22T00:34:56.626234;7742fe14-a3b7-4c65-98d7-4f6f3424cd04;452.24;0.0392493;SELL
2016-04-22T00:34:56.462960;2016-04-22T00:34:56.641858;3e535710-5216-4e6e-bbd2-3e635124b879;452.23;0.03924994;SELL
2016-04-22T00:34:56.463151;2016-04-22T00:34:56.641858;8b5bbf6b-d344-487e-b538-4ed9aa7b57bd;452.22;0.01;SELL
2016-04-22T00:34:56.463311;2016-04-22T00:34:56.657484;49d5175e-8287-4335-86fd-bb349e934497;452.2;0.02001105;SELL
2016-04-22T00:34:56.463474;2016-04-22T00:34:56.657484;9a66ea7f-dfd6-44ca-a3ab-3034c96ce6e4;452.18;0.03925428;SELL
2016-04-22T00:34:56.463631;2016-04-22T00:34:56.673109;a25e62c4-05dd-4f25-a7ad-95cf91d7bafd;452.15;0.03919053;SELL
2016-04-22T00:34:56.463782;2016-04-22T00:34:56.673109;b943325e-3348-45ab-a4a7-482ae84ce305;452.15;0.01;SELL
2016-04-22T00:34:56.463943;2016-04-22T00:34:56.688733;931fc02e-dc10-49cc-9b78-253e47c6319f;452.15;0.01;SELL
2016-04-22T00:34:59.730328;2016-04-22T00:34:59.782485;24a06bf0-b049-42ce-830f-5284ee2f15a0;452.14;0.0391914;SELL
2016-04-22T00:34:59.730522;2016-04-22T00:34:59.782485;a91432e4-c5d8-4801-941e-25acc09da9ac;452.14;0.468615;SELL
2016-04-22T00:34:59.730725;2016-04-22T00:34:59.798110;3e763f35-7bac-495f-91b8-1757e17681f5;452.12;0.25;SELL
2016-04-22T00:34:59.730892;2016-04-22T00:34:59.798110;e3e11a59-b50c-4950-9dc6-7675ba7f3cc5;452.11;0.01;SELL
2016-04-22T00:34:59.731072;2016-04-22T00:34:59.829360;1df5e153-4fa4-42e4-80cb-44d582285ebd;452.1;0.02001326;SELL
2016-04-22T00:34:59.731231;2016-04-22T00:34:59.829360;8cde30ec-8a9f-4f86-b578-0d48b0995ef0;452.05;1.22391105;SELL
2016-04-22T00:34:59.731406;2016-04-22T00:34:59.829360;d5353be5-d7dc-4357-ae76-40d3e32bd9af;452.04;0.01;SELL
2016-04-22T00:34:59.731571;2016-04-22T00:34:59.829360;57eb1a45-477d-46a0-ac9d-070de97e1107;452.01;0.01;SELL
2016-04-22T00:34:59.731731;2016-04-22T00:34:59.844985;f216ad01-3c4d-45fd-a2a1-9294a23ae72c;452.0;0.02000221;SELL
2016-04-22T00:34:59.731895;2016-04-22T00:34:59.844985;49839330-f12b-4af8-9da3-a7a66a916705;452.0;0.01359248;SELL
2016-04-22T00:34:59.732069;2016-04-22T00:34:59.860611;d9c69a1a-00c7-46de-b8e3-292b1ea6a938;451.99;2.5;SELL
2016-04-22T00:34:59.732281;2016-04-22T00:34:59.891860;8cc779a2-5808-4b33-8c0f-caf64f6ce629;451.98;2.0;SELL
2016-04-22T00:34:59.732483;2016-04-22T00:34:59.891860;46473092-b6bb-4cc4-8da1-fe71c157bfc8;451.98;0.107;SELL
2016-04-22T00:35:01.860474;2016-04-22T00:35:01.923111;43dc08bd-bdc4-47f3-863d-8315ec836f99;452.01;0.27025;BUY
2016-04-22T00:35:27.967845;2016-04-22T00:35:28.016879;0905c40d-4036-4844-b1c6-b15106700ce2;451.92;2.58172;SELL
2016-04-22T00:35:31.674592;2016-04-22T00:35:31.720005;06857995-0219-41f1-b936-b516abaf639a;451.91;0.54928;BUY
2016-04-22T00:36:05.063671;2016-04-22T00:36:05.110643;c5934ff7-ce84-49fa-8d65-cc540eb66061;451.91;0.01;BUY
2016-04-22T00:36:32.912381;2016-04-22T00:36:32.954412;0b10ad6d-c600-489a-992e-dc084806072e;451.9;0.01106;SELL
2016-04-22T00:37:01.539740;2016-04-22T00:37:01.563796;808cc113-e320-4c98-a3fb-b709c77f0ef1;451.91;0.06612;BUY
2016-04-22T00:37:03.307257;2016-04-22T00:37:03.345049;89090721-76ce-4fd1-b167-bb304d49c97e;451.91;0.01;BUY
2016-04-22T00:37:31.379852;2016-04-22T00:37:31.407570;a6faa946-714c-4644-b7f1-ef0bb1c674ea;451.91;0.20971;BUY
2016-04-22T00:39:34.707656;2016-04-22T00:39:34.751375;ed9c0cfe-79cb-45e3-b442-edeb51426433;451.9;0.00894265;SELL
2016-04-22T00:39:34.707899;2016-04-22T00:39:34.751375;02b4c606-6333-44dd-b0a7-629ed750197b;451.9;0.01105735;SELL
2016-04-22T00:39:57.052556;2016-04-22T00:39:57.079510;64baf936-b43d-4c3b-917f-6e0cf0110c96;451.89;0.01;SELL
2016-04-22T00:39:57.052816;2016-04-22T00:39:57.095141;bfe170f8-3502-4a5a-ae49-272ee3968504;451.89;0.239999;SELL
2016-04-22T00:40:00.694628;2016-04-22T00:40:00.720140;3c68b470-6dfc-45eb-a4d7-0ce00171dd1c;451.89;0.249999;SELL
2016-04-22T00:40:06.671609;2016-04-22T00:40:06.704516;6876a5b7-2a7b-426d-9694-de263ea9421a;451.89;0.249999;SELL
2016-04-22T00:40:07.029201;2016-04-22T00:40:07.048269;43ff7311-2d67-4f12-bbec-230e20fc8b9d;451.89;0.53392;SELL
2016-04-22T00:40:10.278831;2016-04-22T00:40:10.313894;68f18c24-156a-4803-b4e7-46b88cb10f5b;451.89;0.249999;SELL
2016-04-22T00:40:15.143026;2016-04-22T00:40:15.173276;04063c5b-2def-41d3-a135-84fed8b84056;451.89;0.249999;SELL
2016-04-22T00:40:18.353045;2016-04-22T00:40:18.376401;b046bbb2-83e1-4f50-9dc6-28c170c839be;451.89;0.249999;SELL
2016-04-22T00:40:26.368607;2016-04-22T00:40:26.392025;93fa4563-a498-4c15-b000-d97a336d6a2e;451.89;0.249999;SELL
2016-04-22T00:40:27.222286;2016-04-22T00:40:27.251408;ac9fcb16-f610-4064-8e7f-f268ce297a5d;451.89;0.726087;SELL
2016-04-22T00:40:27.222467;2016-04-22T00:40:27.267032;03a1c914-46f5-4b75-9d58-505a625c9757;451.89;1.358913;SELL
2016-04-22T00:40:31.525579;2016-04-22T00:40:31.548279;cbf83096-d3fc-4c8c-9b42-adecda8cccc0;451.89;0.221999;SELL
2016-04-22T00:40:38.381089;2016-04-22T00:40:38.407662;8d52cb96-9602-44e3-a6f0-289c691f7b36;451.89;0.249999;SELL
2016-04-22T00:40:58.783234;2016-04-22T00:40:58.813917;5c17bd4e-b8e5-4aba-a760-accb6752fc1b;451.89;0.169089;SELL
2016-04-22T00:40:58.783468;2016-04-22T00:40:58.829552;767d31de-3032-4c42-b3f5-dc0526eaa1e8;451.89;1.049;SELL
2016-04-22T00:40:58.783643;2016-04-22T00:40:58.845166;07b38f65-1f70-4327-a661-171f07ad4184;451.85;0.01;SELL
2016-04-22T00:40:58.783816;2016-04-22T00:40:58.845166;c1e6b412-faef-4a16-889e-8a8b17dc31a7;451.85;0.01;SELL
2016-04-22T00:40:58.783985;2016-04-22T00:40:58.860793;4ea525c4-a8a8-47d7-b777-74b9a627e1f7;451.84;0.01;SELL
2016-04-22T00:40:58.784147;2016-04-22T00:40:58.876415;7a2257db-4610-4349-bcdf-bf5d396ad88a;451.84;0.01;SELL
2016-04-22T00:40:58.784300;2016-04-22T00:40:58.876415;7ef40a05-a31b-4ff9-b51f-e17532ee1991;451.8;0.02000531;SELL
2016-04-22T00:40:58.784464;2016-04-22T00:40:58.876415;3b0326e5-94ad-480e-ab36-75fd4b140796;451.8;0.496;SELL
2016-04-22T00:41:03.096779;2016-04-22T00:41:03.142002;e031b5b9-a6d0-4fc4-8747-2f22acc8cfe1;451.75;0.01;SELL
2016-04-22T00:41:03.096962;2016-04-22T00:41:03.142002;bf1b7c95-1015-473b-bae0-1f095a253010;451.75;0.01;SELL
2016-04-22T00:41:03.097148;2016-04-22T00:41:03.157669;c2ab549f-f941-4eeb-b66b-9f4fc4f68867;451.75;0.01;SELL
2016-04-22T00:41:03.097315;2016-04-22T00:41:03.173283;38891455-9876-410a-b280-dfa2d0938f7f;451.75;0.01358805;SELL
2016-04-22T00:41:03.098235;2016-04-22T00:41:03.188927;097aaea0-80cc-4d74-bc84-a1c79bd5d547;451.73;0.01;SELL
2016-04-22T00:41:03.098412;2016-04-22T00:41:03.220176;f1f276a4-1f30-43fc-8946-32a5a0776470;451.72;0.02;SELL
2016-04-22T00:41:03.098576;2016-04-22T00:41:03.220176;a37793cb-94f7-4b76-8d68-1b076016cb6f;451.71;0.02;SELL
2016-04-22T00:41:03.098738;2016-04-22T00:41:03.235801;0186be6f-1d72-44c4-8a3b-6a5961d7d0ce;451.7;0.02000752;SELL
2016-04-22T00:41:03.098882;2016-04-22T00:41:03.235801;f66a3d51-298a-4634-ba1b-28a5b77fa327;451.69;0.02;SELL
2016-04-22T00:41:03.099056;2016-04-22T00:41:03.251426;f9f76334-1379-4293-a2aa-465b92387cd1;451.69;0.02;SELL
2016-04-22T00:41:03.099228;2016-04-22T00:41:03.251426;da9df27e-1811-419e-8041-2b2625ee028c;451.68;0.01;SELL
2016-04-22T00:41:03.099431;2016-04-22T00:41:03.267045;081c1c4f-5d4c-4547-9dc0-e7161c1501ff;451.68;0.02;SELL
2016-04-22T00:41:03.099588;2016-04-22T00:41:03.282670;5547efc8-f473-4f19-a824-7d65f780e33e;451.67;0.02;SELL
2016-04-22T00:41:03.099744;2016-04-22T00:41:03.282670;1256ee5d-fc76-4cbb-9eb5-85c437d3014d;451.67;0.02;SELL
2016-04-22T00:41:03.099900;2016-04-22T00:41:03.298295;54a834f1-5c5c-4d26-8411-db3ddc117859;451.67;0.02;SELL
2016-04-22T00:41:03.100179;2016-04-22T00:41:03.313921;27ec66f7-6ae5-47b4-99ad-75309c2ea1e9;451.67;0.02;SELL
2016-04-22T00:41:03.100432;2016-04-22T00:41:03.329546;d4e6d3f6-a62d-41df-8f43-6ebf984e5304;451.66;0.02;SELL
2016-04-22T00:41:03.100602;2016-04-22T00:41:03.329546;2e3dca24-a8f3-4e0f-b8d6-c3793f7fa03d;451.66;0.02;SELL
2016-04-22T00:41:03.100769;2016-04-22T00:41:03.345171;7c68274d-45c3-4c4a-b760-7e54144064f8;451.66;0.02;SELL
2016-04-22T00:41:03.100942;2016-04-22T00:41:03.345171;97a56b16-8b00-425a-8171-e68e3e8c4e1b;451.65;0.01;SELL
2016-04-22T00:41:03.101100;2016-04-22T00:41:03.360796;73aad6c9-0332-47d7-b21b-67d03e08f927;451.65;0.02;SELL
2016-04-22T00:41:03.101248;2016-04-22T00:41:03.360796;2154cc05-c4d2-4b73-8468-687837f17065;451.65;0.02;SELL
2016-04-22T00:41:03.101403;2016-04-22T00:41:03.376422;b425fe1b-8849-4a34-8142-ce01d4152b56;451.65;0.02;SELL
2016-04-22T00:41:03.101575;2016-04-22T00:41:03.392045;7f0b6f14-f806-4662-87a6-640297b6af29;451.65;0.02;SELL
2016-04-22T00:41:03.101721;2016-04-22T00:41:03.392045;d971a5ab-4e91-4487-bfbd-39217a61dccf;451.64;0.02;SELL
2016-04-22T00:41:03.101873;2016-04-22T00:41:03.423294;d4a9f15e-761b-47f5-9384-d52fcaae6456;451.64;0.02;SELL
2016-04-22T00:41:03.102032;2016-04-22T00:41:03.423294;8218338e-2f80-43fd-81b0-d4a8a26325a8;451.64;0.02;SELL
2016-04-22T00:41:03.102177;2016-04-22T00:41:03.438919;4fee4a82-37b6-4cdb-8c2e-aa724d383d10;451.64;0.02;SELL
2016-04-22T00:41:03.102329;2016-04-22T00:41:03.438919;448a90e4-37c7-4fa4-a6ca-36423732e283;451.64;0.02;SELL
2016-04-22T00:41:03.102488;2016-04-22T00:41:03.454545;d45902fa-ebdd-4b29-96e9-6b09c60ee76b;451.63;0.02;SELL
2016-04-22T00:41:03.102640;2016-04-22T00:41:03.470176;4840fd94-a80d-451c-a9be-66f2fff34ed1;451.63;0.02;SELL
2016-04-22T00:41:03.102869;2016-04-22T00:41:03.485796;cd0a0381-1229-41e3-b4be-00ba7a487a5f;451.63;0.02;SELL
2016-04-22T00:41:03.103070;2016-04-22T00:41:03.485796;6645534d-0ca6-4668-b53f-7a8759c20630;451.63;0.02;SELL
2016-04-22T00:41:03.103229;2016-04-22T00:41:03.501426;a1a051f6-64a2-49d1-9394-ec4471a409ff;451.63;0.02;SELL
2016-04-22T00:41:03.103373;2016-04-22T00:41:03.501426;cbce1329-c074-45cd-81a3-862b6e31ae00;451.62;0.02;SELL
2016-04-22T00:41:03.103547;2016-04-22T00:41:03.517051;e358bb69-eb59-4054-8748-20e0d508e327;451.62;0.02;SELL
2016-04-22T00:41:03.103698;2016-04-22T00:41:03.532676;ad86e2a1-9522-4b92-9985-c6c8cc238f80;451.62;0.02;SELL
2016-04-22T00:41:03.103853;2016-04-22T00:41:03.532676;73fddf92-9dcf-4ab6-94a9-14202e993734;451.62;0.02;SELL
2016-04-22T00:41:03.104018;2016-04-22T00:41:03.548301;82e2f837-b7eb-44f9-8b5a-96b95c3fa260;451.62;0.02;SELL
2016-04-22T00:41:03.104163;2016-04-22T00:41:03.563922;5a3bfc00-1080-4c1d-901d-7da6b6793de9;451.62;0.02;SELL
2016-04-22T00:41:03.104308;2016-04-22T00:41:03.563922;97a488cc-c199-4824-914f-2a9a2ed3358c;451.62;0.02;SELL
2016-04-22T00:41:03.104466;2016-04-22T00:41:03.579546;9f060cde-cf0b-4e9c-adb2-ee173e8d146c;451.62;0.15;SELL
2016-04-22T00:41:03.104626;2016-04-22T00:41:03.579546;a7f9f1fd-42a1-411e-8c6b-4d4f92a337ac;451.61;0.02;SELL
2016-04-22T00:41:03.104774;2016-04-22T00:41:03.595171;06b342de-eb8e-41e5-b32f-727343cd8e36;451.61;0.02;SELL
2016-04-22T00:41:03.104931;2016-04-22T00:41:03.610795;3379a0b9-d4f7-4115-8494-887842e40926;451.61;0.02;SELL
2016-04-22T00:41:03.105088;2016-04-22T00:41:03.610795;22dd4e36-868f-40f4-ae3e-81ec48a3b5d4;451.61;0.02;SELL
2016-04-22T00:41:03.105234;2016-04-22T00:41:03.626421;f6e0d587-b2cb-44c2-b6bd-16423a6893e4;451.61;0.02;SELL
2016-04-22T00:41:03.105397;2016-04-22T00:41:03.626421;afe1fa89-985b-4268-9ce5-3a794c052eae;451.61;0.02;SELL
2016-04-22T00:41:03.105539;2016-04-22T00:41:03.642046;8a084cf0-6316-4f4b-a27a-483987d7171a;451.6;0.01999248;SELL
2016-04-22T00:41:03.812864;2016-04-22T00:41:03.985798;be0bc2f3-69fe-4b0a-9c51-2d5216fe9f71;451.73;0.01;BUY
2016-04-22T00:42:02.827591;2016-04-22T00:42:02.860826;8f035848-b9ea-4d7e-979d-72eece0880f7;451.6;1.504e-05;SELL
2016-04-22T00:42:02.827815;2016-04-22T00:42:02.860826;92e9636f-5d4f-48a1-a73e-e406e621a4a9;451.6;0.02;SELL
2016-04-22T00:42:02.828002;2016-04-22T00:42:02.876452;88852369-d3f7-41c8-b06c-22113bac04e5;451.6;0.02;SELL
2016-04-22T00:42:02.828159;2016-04-22T00:42:02.907703;12bd416e-246b-40f0-8089-f9d848550813;451.6;0.02;SELL
2016-04-22T00:42:02.828308;2016-04-22T00:42:02.907703;2ecdfa52-3297-4fff-8f3b-2652c65ed710;451.6;0.02;SELL
2016-04-22T00:42:02.828456;2016-04-22T00:42:02.923328;2cf0534f-9633-4e1a-8148-d05b811492bf;451.6;0.02;SELL
2016-04-22T00:42:02.828611;2016-04-22T00:42:02.923328;0bebbb28-980b-4315-8f12-f2c261b337fc;451.6;0.02;SELL
2016-04-22T00:42:04.071017;2016-04-22T00:42:04.095203;d7b43788-39ac-46b6-aa0f-a7893a6013c3;451.6;0.01;BUY
2016-04-22T00:42:47.634814;2016-04-22T00:42:47.657723;eefac360-4b91-41ba-b1f6-03468c00c1da;451.59;0.02;SELL
2016-04-22T00:42:47.635057;2016-04-22T00:42:47.673348;9f11babc-3c67-4419-a8ae-f1461bc6f46a;451.59;0.02;SELL
2016-04-22T00:42:47.635229;2016-04-22T00:42:47.704598;08a2959a-d286-4f34-8aae-919f0f9179f0;451.59;0.02;SELL
2016-04-22T00:42:47.635392;2016-04-22T00:42:47.704598;6b062e53-0587-4f57-b2e2-6e72103e5d95;451.59;0.02;SELL
2016-04-22T00:42:47.635553;2016-04-22T00:42:47.704598;49239ab2-cc6a-489b-8144-aa63b9e7b10a;451.59;0.02;SELL
2016-04-22T00:42:47.635815;2016-04-22T00:42:47.720222;6877530f-3021-44a2-806e-32f42bd9c25a;451.58;0.02;SELL
2016-04-22T00:42:47.636000;2016-04-22T00:42:47.735848;f2f2460e-ebe8-42fe-b9ac-f4397c415ac7;451.58;0.02;SELL
2016-04-22T00:42:47.636155;2016-04-22T00:42:47.735848;5f418c4f-76e9-4620-ac22-05b2c58369ae;451.58;0.02;SELL
2016-04-22T00:42:47.636297;2016-04-22T00:42:47.767103;ebb47fba-6578-493a-bca5-95b7d08c6ab9;451.58;0.02;SELL
2016-04-22T00:42:47.636489;2016-04-22T00:42:47.767103;37d7587f-e80a-4e3a-b4b5-fad9fa7eb96c;451.58;0.02;SELL
2016-04-22T00:42:47.636630;2016-04-22T00:42:47.767103;8bd1d67e-385b-4aed-a2bd-04d58f2c8690;451.58;0.01;SELL
2016-04-22T00:42:51.887559;2016-04-22T00:42:51.907725;85a8b033-0844-44b1-84b4-507752f733ab;451.58;0.01;SELL
2016-04-22T00:42:51.887750;2016-04-22T00:42:51.923351;e13db2d6-1814-40ee-8002-5b7a447359e2;451.58;0.02;SELL
2016-04-22T00:42:51.887926;2016-04-22T00:42:51.954600;cc485296-c95f-410e-879f-fc9154254aad;451.58;0.02;SELL
2016-04-22T00:42:51.888114;2016-04-22T00:42:51.954600;942b6e09-48b7-4855-a6f7-7b5ddb6ea31d;451.57;0.02;SELL
2016-04-22T00:42:51.888267;2016-04-22T00:42:51.970225;1b6f8593-e4ee-4354-bb31-d345b98daed9;451.57;0.02;SELL
2016-04-22T00:42:51.888422;2016-04-22T00:42:51.985851;a5d71c45-24e0-4538-a405-b46ad138ba97;451.57;0.02;SELL
2016-04-22T00:42:51.888590;2016-04-22T00:42:51.985851;2b2316c1-a76d-4b9e-9b1b-eb90a67ab6ee;451.57;0.02;SELL
2016-04-22T00:42:51.888743;2016-04-22T00:42:51.985851;67c5825d-9145-44f6-8b2e-e7cb19fe6635;451.56;0.01;SELL
2016-04-22T00:42:51.888895;2016-04-22T00:42:52.017102;24d91a95-5a44-4792-89a0-d0359b212f05;451.56;0.02;SELL
2016-04-22T00:42:51.889060;2016-04-22T00:42:52.017102;7d7b8147-051d-4ae0-8347-9d48d748a6a9;451.56;0.02;SELL
2016-04-22T00:42:51.889216;2016-04-22T00:42:52.032726;36be183d-669a-4dfe-9831-a10887a67dc5;451.56;0.02;SELL
2016-04-22T00:42:51.889367;2016-04-22T00:42:52.048351;a9dc09fd-0783-4574-8dc5-83f0873654bf;451.56;0.02;SELL
2016-04-22T00:42:51.889522;2016-04-22T00:42:52.063978;10670d3d-4e00-47ef-b00a-bf534cdce053;451.56;0.02;SELL
2016-04-22T00:42:51.889680;2016-04-22T00:42:52.063978;499a6a44-9a3f-4f0d-8f75-d2c9cbd858ec;451.56;0.02;SELL
2016-04-22T00:42:51.889832;2016-04-22T00:42:52.079602;a8c612f6-a1ca-464f-9c67-9ac10a2a10b4;451.55;0.01;SELL
2016-04-22T00:42:51.889999;2016-04-22T00:42:52.095227;542625db-ffe8-4f72-99f7-05aba7ef4ed3;451.55;0.02;SELL
2016-04-22T00:42:51.890178;2016-04-22T00:42:52.095227;79020914-38cc-4069-8a2b-c37da51c44a5;451.55;0.02;SELL
2016-04-22T00:42:51.890329;2016-04-22T00:42:52.110853;5f60881e-b312-42c6-affd-025423342410;451.54;0.02;SELL
2016-04-22T00:42:51.890482;2016-04-22T00:42:52.110853;a61abbca-55ff-44b2-8573-018ce3dc54cb;451.54;0.02;SELL
2016-04-22T00:42:51.890635;2016-04-22T00:42:52.126477;2c9c8eb7-5728-4190-945a-b0c311be4e5d;451.54;0.02;SELL
2016-04-22T00:42:51.890815;2016-04-22T00:42:52.126477;12ec087d-0434-431d-a720-4610ea70aa41;451.54;0.02;SELL
2016-04-22T00:42:51.890970;2016-04-22T00:42:52.142101;aa567eda-5941-43bb-8352-689f233b309d;451.53;0.01;SELL
2016-04-22T00:42:51.891142;2016-04-22T00:42:52.173353;9bf9b368-d87e-44b3-be6f-3170285bc970;451.53;0.02;SELL
2016-04-22T00:42:51.891299;2016-04-22T00:42:52.173353;14d5d26e-165d-4c7c-9684-a82f962ee462;451.52;0.02;SELL
2016-04-22T00:42:51.891463;2016-04-22T00:42:52.188977;3f8ecd75-ebad-43db-b3b5-dba6f3f70561;451.52;0.02;SELL
2016-04-22T00:42:51.891614;2016-04-22T00:42:52.204603;ccf4c3e2-eb8e-43e9-bc7d-efba0396ba8a;451.51;0.01;SELL
2016-04-22T00:42:51.891775;2016-04-22T00:42:52.204603;72088ed4-4a4f-4049-9f2b-09bc66341e32;451.51;0.02;SELL
2016-04-22T00:42:51.891953;2016-04-22T00:42:52.204603;6014c049-499f-4a3c-afbc-02e7bc531f6b;451.5;0.02000532;SELL
2016-04-22T00:42:51.892119;2016-04-22T00:42:52.235877;fc78caa9-ca6b-4154-aaa2-77097df53ddd;451.5;0.1261383;SELL
2016-04-22T00:42:51.892281;2016-04-22T00:42:52.235877;29138f99-6f75-4694-8ed5-e825b0747af7;451.5;0.01358064;SELL
2016-04-22T00:42:51.892486;2016-04-22T00:42:52.251476;304a69e3-3701-406b-a0ce-36c0a954eb9a;451.5;0.02;SELL
2016-04-22T00:42:51.892648;2016-04-22T00:42:52.251476;8a2104e2-dc14-49fc-99c7-2f3ac4b0b0ce;451.42;0.25;SELL
2016-04-22T00:42:51.892809;2016-04-22T00:42:52.282727;5d864d41-1e4f-4817-8576-e61476835ac3;451.4;0.02000755;SELL
2016-04-22T00:43:02.975016;2016-04-22T00:43:02.985861;055f969c-e48f-4e85-aa25-591c8f9ff15a;451.39;0.01;SELL
2016-04-22T00:43:03.852069;2016-04-22T00:43:03.892111;536422c2-4b5a-497c-b952-1d897f148091;451.38;0.01;BUY
2016-04-22T00:43:05.176992;2016-04-22T00:43:05.204609;eb6eb50e-c1ef-47e0-a73a-da812268e13c;451.36;0.01;SELL
2016-04-22T00:43:05.177310;2016-04-22T00:43:05.220234;476b9850-e7dd-4972-9598-80c6c4ebb4bf;451.32;0.01;SELL
2016-04-22T00:43:05.177576;2016-04-22T00:43:05.235882;d3fff12f-ea27-4344-b6cc-0efcd170b498;451.3;0.02000755;SELL
2016-04-22T00:43:05.177746;2016-04-22T00:43:05.235882;e0597ddf-313d-4d44-a144-f8ac3d8e4ee9;451.27;0.02;SELL
2016-04-22T00:43:05.177917;2016-04-22T00:43:05.251483;3d844f23-8abb-411d-a1ca-8fe797a60ea4;451.27;0.02;SELL
2016-04-22T00:43:05.178096;2016-04-22T00:43:05.267107;7a8a56af-4a19-4122-b191-12715d425b00;451.26;0.01;SELL
2016-04-22T00:43:05.178244;2016-04-22T00:43:05.282733;c1fbc29e-d73b-453b-8bf6-6559653ff582;451.26;0.01;SELL
2016-04-22T00:43:05.178403;2016-04-22T00:43:05.282733;37330b05-edd2-43fb-a74d-e995ea954222;451.26;0.02;SELL
2016-04-22T00:43:05.178561;2016-04-22T00:43:05.298360;e4446bb6-3833-4506-9986-192838a1423f;451.25;0.01360276;SELL
2016-04-22T00:43:05.178721;2016-04-22T00:43:05.313984;71576234-aa35-40e6-a47d-a4be4b9ef2f4;451.25;0.02;SELL
2016-04-22T00:43:05.178883;2016-04-22T00:43:05.313984;5e2165f5-5b1e-4337-9fea-d0ae6a1a3a1e;451.25;0.02;SELL
2016-04-22T00:43:05.179045;2016-04-22T00:43:05.329609;e5cb410a-8d7e-411b-ba0e-b4a97d8f2782;451.24;0.01;SELL
2016-04-22T00:43:05.179203;2016-04-22T00:43:05.345234;1d2300c1-948c-46d6-9aab-90728fff54d6;451.24;0.02;SELL
2016-04-22T00:43:05.179353;2016-04-22T00:43:05.345234;98ed6052-1aff-4d39-92aa-e8d7a184f0b0;451.23;0.02;SELL
2016-04-22T00:43:05.179505;2016-04-22T00:43:05.360858;291d0e6e-cf32-4c9e-934f-7652b586273b;451.23;0.02;SELL
2016-04-22T00:43:05.179666;2016-04-22T00:43:05.376482;1c929292-961b-4d25-a714-76c35fa5f76b;451.22;0.02;SELL
2016-04-22T00:43:05.179828;2016-04-22T00:43:05.392108;0fc477d5-15e8-4399-86ac-1104aefbcf54;451.22;0.02;SELL
2016-04-22T00:43:05.179996;2016-04-22T00:43:05.392108;1d8170cc-baf2-4fc0-b904-7e5adde2e1c9;451.21;0.02;SELL
2016-04-22T00:43:05.180150;2016-04-22T00:43:05.407735;7af4ca08-91a2-421b-ad51-78a0850d0df9;451.21;0.02;SELL
2016-04-22T00:43:05.180310;2016-04-22T00:43:05.423357;6088df4d-6baa-40a6-b9b8-22c2c9d5f93f;451.21;0.02;SELL
2016-04-22T00:43:05.180455;2016-04-22T00:43:05.438983;34536370-ccbc-40be-b0b4-9ce69e21de9d;451.2;0.02000688;SELL
2016-04-22T00:43:05.180628;2016-04-22T00:43:05.438983;7b5e1cb5-7520-4a6c-97ca-31fac3eb9245;451.2;0.02;SELL
2016-04-22T00:43:05.180780;2016-04-22T00:43:05.454607;25af50cf-ea1a-4d77-861a-688f103be25a;451.19;0.0394069;SELL
2016-04-22T00:43:05.180934;2016-04-22T00:43:05.470234;aff22d3c-b414-4ec7-a8b4-521a4e79ff40;451.19;0.02;SELL
2016-04-22T00:43:05.181126;2016-04-22T00:43:05.470234;7be9aaac-9daf-4f3b-aeee-f4c5a9e77281;451.18;0.02;SELL
2016-04-22T00:43:05.181289;2016-04-22T00:43:05.485859;e6ee96ee-bfa2-4ba4-b528-ac28e314e00f;451.17;0.5;SELL
2016-04-22T00:43:05.181445;2016-04-22T00:43:05.501483;11acce20-66f9-487d-97e1-c3b99a9d9d50;451.15;0.01;SELL
2016-04-22T00:43:23.739185;2016-04-22T00:43:23.782749;1b0d4170-36f5-4814-830b-7d4c986e98ac;451.14;0.01;SELL
2016-04-22T00:43:23.739566;2016-04-22T00:43:23.782749;3956c232-4fc6-4f3f-a4be-590d3e3f79eb;451.14;0.01;SELL
2016-04-22T00:43:23.739882;2016-04-22T00:43:23.798338;bed27724-2728-4c8e-bf94-6c3ee449b772;451.14;0.079;SELL
2016-04-22T00:43:23.740270;2016-04-22T00:43:23.813991;6c095580-cf24-497d-807f-303006277c14;451.1;0.02000289;SELL
2016-04-22T00:43:23.740553;2016-04-22T00:43:23.813991;103bdc0a-d696-4ef9-9104-4c098634b69a;451.09;0.01;SELL
2016-04-22T00:43:23.740872;2016-04-22T00:43:23.829617;a8f9700d-68c4-424a-b10a-48a607804a7d;451.09;0.126;SELL
2016-04-22T00:43:23.741098;2016-04-22T00:43:23.845241;996d7dfb-0f64-499f-b5ac-5a42c925066b;451.08;0.01;SELL
2016-04-22T00:43:23.741287;2016-04-22T00:43:23.845241;b1a22d01-bb01-4534-9713-6eefd85a1b93;451.06;0.01;SELL
2016-04-22T00:43:23.741481;2016-04-22T00:43:23.860869;4030a332-58bb-4643-a175-670a87ee2777;451.03;0.01;SELL
2016-04-22T00:43:23.741650;2016-04-22T00:43:23.876492;64425335-0ceb-4836-8f26-3dac8234f860;451.02;0.01;SELL
2016-04-22T00:43:23.741822;2016-04-22T00:43:23.907742;932e9e9d-7bca-4bde-b33b-b0f968f1766c;451.02;0.45;SELL
2016-04-22T00:43:23.742033;2016-04-22T00:43:23.907742;8ee90a36-3334-46b4-b371-e04ab21af777;451.0;0.01;SELL
2016-04-22T00:43:23.742205;2016-04-22T00:43:23.923368;c2be0f81-55f5-4541-83a5-d90166ed79e2;451.0;0.4116247;SELL
2016-04-22T00:43:23.742369;2016-04-22T00:43:23.923368;1a013e37-2728-4f40-b88b-d561debce63d;451.0;0.12580422;SELL
2016-04-22T00:43:23.742546;2016-04-22T00:43:23.938993;f540532f-829b-4c31-a032-99d9f5a929e4;451.0;0.02;SELL
2016-04-22T00:43:23.742782;2016-04-22T00:43:23.954623;8e6a35f3-5ef3-49e6-a662-4e062b2ab942;451.0;0.01360276;SELL
2016-04-22T00:44:04.678462;2016-04-22T00:44:04.689019;c2f269a9-1227-411c-8b46-5305a16a503c;451.0;0.02909333;BUY
2016-04-22T00:45:01.240663;2016-04-22T00:45:01.251555;b84e38d4-8783-4a7a-b795-68b583871591;451.0;0.15;BUY
2016-04-22T00:45:01.240868;2016-04-22T00:45:01.267129;069908c2-d86c-4172-900a-007b25304fe6;451.0;3.6021;BUY
2016-04-22T00:45:06.677452;2016-04-22T00:45:06.689048;d8ba3759-079c-4fde-be8a-d4c7eb9cb059;451.0;0.02826;BUY
2016-04-22T00:45:31.366876;2016-04-22T00:45:31.376558;2dd0f7de-cef1-4655-8cc3-4928757eacf5;451.0;2.97174;BUY
2016-04-22T00:45:31.367144;2016-04-22T00:45:31.392183;853862ef-337c-4bf3-b28d-b5e8c02de32c;451.0;0.0705;BUY
2016-04-22T00:46:01.542323;2016-04-22T00:46:01.564072;59c4ebd7-6c4f-4753-a99a-9b75cbc9f97c;450.99;0.01;SELL
2016-04-22T00:46:01.542525;2016-04-22T00:46:01.579699;318553d0-3526-46b9-944c-6e60021ab9b3;450.98;0.00351;SELL
2016-04-22T00:46:04.353626;2016-04-22T00:46:04.420194;e56bbf70-0a8c-4359-ab55-95a34aa5c901;450.99;0.0179;BUY
2016-04-22T00:46:04.353887;2016-04-22T00:46:04.420194;e656dbb5-c217-4ec6-ac0f-9834e00eb8d2;450.99;0.00953333;BUY
2016-04-22T00:46:12.534896;2016-04-22T00:46:12.592074;8bb68493-3680-4ecb-b911-95108d77f9b8;450.98;0.01649;SELL
2016-04-22T00:46:12.535182;2016-04-22T00:46:12.607699;015838c4-f31d-4c40-96ec-800f23236dc8;450.98;0.097;SELL
2016-04-22T00:46:12.535399;2016-04-22T00:46:12.623316;3a418caa-1908-4797-9881-eac1c6fcecc1;450.97;0.35848902;SELL
2016-04-22T00:46:12.535578;2016-04-22T00:46:12.623316;54a9546f-6010-4492-aabe-9f5dffdfe11e;450.96;0.0118;SELL
2016-04-22T00:46:12.535756;2016-04-22T00:46:12.638943;ddec4e36-a95c-493f-a77c-7db71c8029ae;450.96;0.2459;SELL
2016-04-22T00:46:12.535919;2016-04-22T00:46:12.701443;9529dba5-d2fa-45e2-b52d-fa120dfe1f7e;450.96;0.0624;SELL
2016-04-22T00:46:12.536097;2016-04-22T00:46:12.701443;bf093111-7898-45b5-bb15-222094e08ac8;450.96;0.083;SELL
2016-04-22T00:46:12.536288;2016-04-22T00:46:12.701443;73957739-6bab-48c4-9762-234ab46dde2a;450.96;0.02;SELL
2016-04-22T00:46:12.536454;2016-04-22T00:46:12.701443;007e6e6f-5d31-4604-8443-4f9ed6f3451e;450.93;0.01;SELL
2016-04-22T00:46:12.536631;2016-04-22T00:46:12.701443;572ada84-d87e-4a02-80ff-d82001f8e2db;450.93;0.099;SELL
2016-04-22T00:46:12.536810;2016-04-22T00:46:12.717074;085ef759-9038-40c8-b9c3-a207c09b8885;450.91;0.5;SELL
2016-04-22T00:46:30.109513;2016-04-22T00:46:30.170204;ef3b1c4f-2050-45a6-9015-5ea232cb01d5;450.86;0.01;SELL
2016-04-22T00:46:30.109737;2016-04-22T00:46:30.185820;c5acba6b-a109-480f-bcae-ed3e0d1a8052;450.86;0.0215;SELL
2016-04-22T00:46:30.109941;2016-04-22T00:46:30.201453;5dfc4daf-ca84-4ae8-ae1e-e03032441b1d;450.86;0.2611;SELL
2016-04-22T00:46:30.110118;2016-04-22T00:46:30.217077;d4efb674-42d4-40cb-8977-68fd61e554ee;450.86;0.129;SELL
2016-04-22T00:46:30.110268;2016-04-22T00:46:30.232700;88b80ee6-36a7-4c3d-bc6e-05fd57a7fdbd;450.82;0.01;SELL
2016-04-22T00:46:30.110418;2016-04-22T00:46:30.248327;489221bd-af81-406b-a923-01c0e4c7d788;450.82;0.01;SELL
2016-04-22T00:46:30.110576;2016-04-22T00:46:30.263950;b01776d0-71df-4899-a796-6e35e5841207;450.82;0.02;SELL
2016-04-22T00:46:30.110721;2016-04-22T00:46:30.263950;af7dcb2e-fecc-4b5e-8c28-388f8da34fa9;450.81;0.01;SELL
2016-04-22T00:46:30.110897;2016-04-22T00:46:30.263950;3afebbcb-137c-4807-94a8-a17f14d09e03;450.81;0.072;SELL
2016-04-22T00:46:30.111058;2016-04-22T00:46:30.295226;93f1810e-c34c-473f-b47f-6c758e26e4ac;450.8;0.01;SELL
2016-04-22T00:46:30.111207;2016-04-22T00:46:30.295226;439ba5b4-13cf-4669-96d0-2c49237bc166;450.8;0.01;SELL
2016-04-22T00:46:30.111365;2016-04-22T00:46:30.310827;0bedbe13-3c31-4a7a-899c-b363d3f26200;450.8;1.0;SELL
2016-04-22T00:46:30.111507;2016-04-22T00:46:30.310827;ba0f9f44-9992-49c7-86d6-3950c89e70c5;450.76;0.3147;SELL
2016-04-22T00:46:30.111653;2016-04-22T00:46:30.326451;b943bb7a-64be-451f-9e22-a63b1e3c01b1;450.76;0.094;SELL
2016-04-22T00:46:30.111810;2016-04-22T00:46:30.342077;c6740ec1-cf94-4abd-8cb8-8efb150352e7;450.76;0.15;SELL
2016-04-22T00:46:30.111967;2016-04-22T00:46:30.342077;f4f0f679-5c10-4d74-8508-f179d2c8fbb6;450.75;0.02165;SELL
2016-04-22T00:46:30.112138;2016-04-22T00:46:30.357703;a6c075f1-7122-43c8-ad42-99249c92100b;450.75;0.01360276;SELL
2016-04-22T00:46:30.112281;2016-04-22T00:46:30.373328;74dac8d6-23b3-446c-a591-b9fc7ee06600;450.72;0.01;SELL
2016-04-22T00:46:30.112455;2016-04-22T00:46:30.388951;93d31619-2f25-44a1-bcf2-e9ca0f654b79;450.72;0.01;SELL
2016-04-22T00:46:30.112601;2016-04-22T00:46:30.404575;3ec0b68f-25d5-42ef-85fa-e200f33108bb;450.71;0.01;SELL
2016-04-22T00:46:30.112753;2016-04-22T00:46:30.404575;c440dcc5-523f-4e8f-aef4-ebfc1d03f767;450.71;0.02;SELL
2016-04-22T00:46:30.112928;2016-04-22T00:46:30.420201;9e3980e1-e396-4e63-bd9d-0f227d53d691;450.71;0.11;SELL
2016-04-22T00:46:30.113098;2016-04-22T00:46:30.435827;73c9391b-8785-4254-9888-e7444c1c9804;450.7;0.01;SELL
2016-04-22T00:46:30.113241;2016-04-22T00:46:30.435827;6c512d21-6d93-4345-a63a-47bc85adecd5;450.69;0.01;SELL
2016-04-22T00:46:30.113398;2016-04-22T00:46:30.467078;e1ba359d-ba98-4248-8121-6199fe298339;450.69;0.02;SELL
2016-04-22T00:46:30.113552;2016-04-22T00:46:30.467078;e6551591-4278-4a41-9cd1-5a968ed00e07;450.68;0.02;SELL
2016-04-22T00:46:30.113704;2016-04-22T00:46:30.482703;256b9d2e-6d15-4e95-9fa8-dea1f1096203;450.66;0.01;SELL
2016-04-22T00:46:30.113853;2016-04-22T00:46:30.498326;d3d4aa13-b0dd-49ad-9c16-be6993b3230c;450.66;0.02;SELL
2016-04-22T00:46:30.114036;2016-04-22T00:46:30.513953;24b73b8c-074e-4660-99dd-c65319c88d7a;450.66;0.082;SELL
2016-04-22T00:46:30.114179;2016-04-22T00:46:30.513953;1170148b-1daa-4fb7-865c-4544c846f260;450.65;0.01;SELL
2016-04-22T00:46:30.114332;2016-04-22T00:46:30.529577;56b564a5-8823-4ead-a086-f7bb084d3d74;450.65;0.01;SELL
2016-04-22T00:46:30.114488;2016-04-22T00:46:30.545202;9251b179-69fd-4c27-bdca-a76ed4298889;450.62;1.8;SELL
2016-04-22T00:46:30.114641;2016-04-22T00:46:30.545202;d075ea70-329d-4ef6-96ad-e1f6ccfd792e;450.61;0.122;SELL
2016-04-22T00:46:30.114793;2016-04-22T00:46:30.560827;42326394-fc45-44fa-af68-7ca2e28fe803;450.61;0.8;SELL
2016-04-22T00:46:30.114946;2016-04-22T00:46:30.576452;191f6477-3f03-4b7b-9678-a52123b9a9fa;450.6;0.01;SELL
2016-04-22T00:46:30.115126;2016-04-22T00:46:30.576452;ab27c1e1-13b0-4388-be3a-85b6d11e5ca8;450.6;0.01;SELL
2016-04-22T00:46:30.115281;2016-04-22T00:46:30.592078;5a2834de-a988-4997-a345-4d87e65d23d1;450.57;2.8;SELL
2016-04-22T00:46:30.115433;2016-04-22T00:46:30.607703;d986d4a5-bf96-4bb7-a92c-c922538d96fe;450.56;0.1;SELL
2016-04-22T00:46:30.115605;2016-04-22T00:46:30.623328;02a0599d-85f8-4b7e-b720-62b0e11303ac;450.53;3.4;SELL
2016-04-22T00:46:30.115754;2016-04-22T00:46:30.623328;b4d2ee4a-b18a-490d-8190-049f433ad9f2;450.52;0.02;SELL
2016-04-22T00:46:30.115887;2016-04-22T00:46:30.638952;cc65b2e3-32bc-4545-ba91-de0cfc3da8dc;450.52;0.05044724;SELL
2016-04-22T00:46:32.385728;2016-04-22T00:46:32.451455;3bf6e571-15b8-4206-8faa-b297e9c555f5;450.87;0.45236;BUY
2016-04-22T00:46:33.796516;2016-04-22T00:46:33.857704;5286b505-b0c9-4ce1-a10d-08ae7f47f552;450.68;0.02;SELL
2016-04-22T00:46:33.796729;2016-04-22T00:46:33.873329;1dcc5d3b-28da-43ac-adb8-5dafd49ae5ef;450.54;2.993;SELL
2016-04-22T00:46:44.923100;2016-04-22T00:46:44.998336;ba1852ea-ebfa-4b7f-9c9f-d17da32209de;450.68;0.02;SELL
2016-04-22T00:46:44.923325;2016-04-22T00:46:44.998336;4978ed49-38f7-45bb-b277-a5ce549a5d69;450.68;0.125;SELL
2016-04-22T00:46:44.923433;2016-04-22T00:46:45.013961;dbd64bf9-4905-4001-a307-3b6e4ef3242a;450.63;0.017;SELL
2016-04-22T00:46:44.923566;2016-04-22T00:46:45.029586;df8e1f3e-ddc9-4ee7-98c5-cc3ee6f1c5ef;450.63;0.094;SELL
2016-04-22T00:46:44.923745;2016-04-22T00:46:45.045211;ed5c11c3-78b2-4c21-91ab-194d25f895b9;450.62;0.017;SELL
2016-04-22T00:46:44.923911;2016-04-22T00:46:45.060835;0e86062e-00ae-4b4b-a070-fb4796fd5642;450.58;0.117;SELL
2016-04-22T00:46:46.325790;2016-04-22T00:46:46.373336;f3d24710-fb6a-449c-af33-daf27f016917;450.68;0.02;SELL
2016-04-22T00:46:48.539362;2016-04-22T00:46:48.592089;f76b06d0-53a9-4622-b69d-7525f2163a8b;450.68;0.02;SELL
2016-04-22T00:46:48.539549;2016-04-22T00:46:48.607712;34c11c0a-d2b6-4c62-89e6-bd7aac081fe7;450.67;0.101;SELL
2016-04-22T00:46:50.091578;2016-04-22T00:46:50.185839;04022413-dcec-4d6d-95aa-05bd03e52747;450.68;0.02;SELL
2016-04-22T00:47:01.132510;2016-04-22T00:47:01.185842;f4c25700-0f91-41f2-8dbe-9aa62f772365;450.52;1.17447;BUY
2016-04-22T00:47:04.234911;2016-04-22T00:47:04.279543;b8c2a807-539b-4f57-8cf4-182532abe07c;450.53;0.02804;BUY
2016-04-22T00:47:08.685124;2016-04-22T00:47:08.732727;d64df935-0dec-4a35-96c6-4ab4a60e93ab;450.51;0.02;SELL
2016-04-22T00:47:08.685342;2016-04-22T00:47:08.748347;dcdc0fb2-9f60-465a-999b-58901ed65414;450.51;0.00411499;SELL
2016-04-22T00:47:32.178014;2016-04-22T00:47:32.232739;e1a14298-0108-4456-8857-26fef36a50bf;450.52;0.0879;BUY
2016-04-22T00:48:01.076301;2016-04-22T00:48:01.138998;33681cf5-6362-4fb6-a941-0c91040e7173;450.5;0.01;SELL
2016-04-22T00:48:01.076543;2016-04-22T00:48:01.170252;e932aada-1670-43aa-be2e-ecde0986a0d6;450.5;0.01;SELL
2016-04-22T00:48:01.076725;2016-04-22T00:48:01.170252;84049d4c-2e0b-4bb5-a22f-9683bc915308;450.5;0.03940067;SELL
2016-04-22T00:48:01.076883;2016-04-22T00:48:01.185879;aafc9c56-a50b-40ab-a5a4-1cd8acb6f4d5;450.5;0.1261489;SELL
2016-04-22T00:48:01.077063;2016-04-22T00:48:01.201497;fd1648ec-83c0-4df8-b5b1-72ff89d34f55;450.5;0.01360276;SELL
2016-04-22T00:48:01.077234;2016-04-22T00:48:01.201497;6142bbc7-9a6c-47c3-83c0-9691a53e3782;450.5;0.02;SELL
2016-04-22T00:48:01.077391;2016-04-22T00:48:01.217123;8592f708-0b8a-4313-a223-bb65cf9a098e;450.5;0.02;SELL
2016-04-22T00:48:01.077541;2016-04-22T00:48:01.232747;162927d7-cc03-4eb3-a413-40b40f1e9a39;450.5;0.01000044;SELL
2016-04-22T00:48:01.077700;2016-04-22T00:48:01.232747;8c1cc24b-5473-4d76-886e-9110edf70178;450.5;0.122;SELL
2016-04-22T00:48:01.077850;2016-04-22T00:48:01.248372;d8fb339b-eb64-4c97-b886-94128e826e34;450.49;0.01;SELL
2016-04-22T00:48:01.078022;2016-04-22T00:48:01.263998;a13d4420-441a-4ee1-9921-bb7f8dfe6db8;450.49;0.02;SELL
2016-04-22T00:48:01.078188;2016-04-22T00:48:01.263998;2ab626cb-50ce-4fe0-85e8-dbcff7df15aa;450.48;0.01;SELL
2016-04-22T00:48:01.078343;2016-04-22T00:48:01.279626;3010d535-013e-4973-a2e0-dfdf08eb2e82;450.48;0.01;SELL
2016-04-22T00:48:01.078497;2016-04-22T00:48:01.295248;fe22c3b6-721d-48a9-a3c2-2de5f7ab8e79;450.48;0.03940242;SELL
2016-04-22T00:48:01.078643;2016-04-22T00:48:01.295248;c30ff444-7d76-49d9-b3ac-33154bc22557;450.48;0.03940242;SELL
2016-04-22T00:48:01.078792;2016-04-22T00:48:01.310874;4545fafd-2a8b-4a87-b56b-a0660e9ab4e1;450.48;0.02;SELL
2016-04-22T00:48:01.078950;2016-04-22T00:48:01.326498;d2914610-ef16-4309-91ec-fb48a0aba6c2;450.48;0.02;SELL
2016-04-22T00:48:01.079143;2016-04-22T00:48:01.342124;c9a2035c-ef09-412b-85a7-6c750b04ccab;450.47;0.03938109;SELL
2016-04-22T00:48:01.079305;2016-04-22T00:48:01.357748;59dc34d9-99b0-42b3-8e34-da8fa5814f41;450.47;0.03938109;SELL
2016-04-22T00:48:01.079456;2016-04-22T00:48:01.357748;c20c90ea-03a2-4afc-9928-1dd3dbf20482;450.47;0.03938109;SELL
2016-04-22T00:48:01.079606;2016-04-22T00:48:01.373375;f33ce6b2-0046-4296-be74-ce908acde28b;450.47;0.02;SELL
2016-04-22T00:48:01.079770;2016-04-22T00:48:01.389000;8f1c9fb1-6b05-4baf-9303-83ce8d07fee0;450.47;0.019;SELL
2016-04-22T00:48:01.079919;2016-04-22T00:48:01.404623;1fdea015-91ba-46d0-a42f-650530df651c;450.46;0.03935977;SELL
2016-04-22T00:48:01.080087;2016-04-22T00:48:01.404623;13938be0-8b19-4014-aeb1-1b7b642883f6;450.46;0.03938197;SELL
2016-04-22T00:48:01.080253;2016-04-22T00:48:01.420248;fc1f2519-79d4-44df-912d-d68a7e9068d3;450.46;0.02;SELL
2016-04-22T00:48:01.080416;2016-04-22T00:48:01.435873;a0794ceb-db5c-4e0c-aa7c-821e2e11977d;450.46;0.019;SELL
2016-04-22T00:48:01.080565;2016-04-22T00:48:01.435873;3d86a985-fb43-42f7-8dc5-3bb354a0b689;450.45;0.02;SELL
2016-04-22T00:48:01.080715;2016-04-22T00:48:01.451499;d78e1f86-07d8-4f97-9dc5-508f808c48d9;450.45;0.018;SELL
2016-04-22T00:48:01.080873;2016-04-22T00:48:01.467129;cab02ee2-f4fc-4b4c-a5ca-8041deca3479;450.45;0.074;SELL
2016-04-22T00:48:01.081045;2016-04-22T00:48:01.482748;cb23a679-cfc3-46d7-bb2a-d0872c20434f;450.44;0.019;SELL
2016-04-22T00:48:01.081204;2016-04-22T00:48:01.482748;876feba6-0207-41c6-9dbb-ece6e8d8a3d9;450.43;0.019;SELL
2016-04-22T00:48:01.081371;2016-04-22T00:48:01.498375;ab5f4f24-4b0f-44bd-9d27-55b4c8012dc1;450.43;0.018;SELL
2016-04-22T00:48:01.081521;2016-04-22T00:48:01.498375;387bb81b-f925-4f76-85a9-43817f0afac0;450.42;0.019;SELL
2016-04-22T00:48:01.081679;2016-04-22T00:48:01.514001;862eda58-a5ec-40c5-9f6f-f1bce56eebfc;450.42;0.018;SELL
2016-04-22T00:48:01.081839;2016-04-22T00:48:01.529624;27989482-ab8a-48e6-b603-db8a7585aeeb;450.41;0.017;SELL
2016-04-22T00:48:01.081998;2016-04-22T00:48:01.545247;3c79a173-9c83-4e58-8158-d9103d5d37c1;450.4;0.01;SELL
2016-04-22T00:48:01.082151;2016-04-22T00:48:01.545247;25814cbd-1774-48b9-bfeb-d14bffcf1cee;450.4;0.018;SELL
2016-04-22T00:48:01.082308;2016-04-22T00:48:01.560875;8e19417f-e1a5-4729-9899-1b386743cb12;450.4;0.018;SELL
2016-04-22T00:48:01.082461;2016-04-22T00:48:01.576499;1db67894-1dc3-41ac-8c7d-52444eab0342;450.4;0.017;SELL
2016-04-22T00:48:01.082618;2016-04-22T00:48:01.576499;f4a14513-17ee-45dd-8dc6-e9eab550ec08;450.4;0.087;SELL
2016-04-22T00:48:01.082767;2016-04-22T00:48:01.592124;79ec3b9a-4894-4920-8ea6-7110feffab77;450.39;0.01;SELL
2016-04-22T00:48:01.082927;2016-04-22T00:48:01.607749;81c01e75-383b-4fc5-937c-23ec7d929cdb;450.39;0.017;SELL
2016-04-22T00:48:01.083091;2016-04-22T00:48:01.623375;5f3321b2-521d-43d6-a1e5-ad5a7a6349fe;450.38;0.018;SELL
2016-04-22T00:48:01.083244;2016-04-22T00:48:01.638999;7b4987de-a9b3-4080-beaf-6e4736daaffc;450.38;0.02;SELL
2016-04-22T00:48:01.083402;2016-04-22T00:48:01.638999;49c3cf75-3700-45c2-9d98-47609a11969d;450.37;0.017;SELL
2016-04-22T00:48:01.083567;2016-04-22T00:48:01.654623;724996ec-354d-44d1-abd7-1ad1fa9de225;450.37;0.02;SELL
2016-04-22T00:48:01.083728;2016-04-22T00:48:01.670250;a63b6da5-d4dc-4f96-ae3f-9bca4e9b6783;450.35;0.126;SELL
2016-04-22T00:48:01.083886;2016-04-22T00:48:01.670250;9c4dec58-d9d4-4f59-856c-b979ad98aebd;450.34;0.01;SELL
2016-04-22T00:48:01.084066;2016-04-22T00:48:01.685874;2049d7ff-7d09-409a-8d2a-e538731b9629;450.33;0.01;SELL
2016-04-22T00:48:01.084222;2016-04-22T00:48:01.701500;f94333d3-893e-4006-8eb6-6bb4a84f4092;450.31;1.6;SELL
2016-04-22T00:48:01.084392;2016-04-22T00:48:01.717125;21f7f0d3-bb8f-4ff1-936e-682eab65db53;450.3;0.09;SELL
2016-04-22T00:48:01.084535;2016-04-22T00:48:01.717125;35e0e58c-8935-483c-a696-f5c73eff84a8;450.28;0.44007738;SELL
2016-04-22T00:48:01.085084;2016-04-22T00:48:01.748374;7f627cb2-ab5c-426f-8dc3-597e8889206f;450.28;2.95992262;SELL
2016-04-22T00:48:01.085258;2016-04-22T00:48:01.748374;4297d891-32ab-49fc-acfe-a3f51ae9531d;450.27;0.01;SELL
2016-04-22T00:48:01.085434;2016-04-22T00:48:01.763999;295a8b70-014a-45b6-90b1-71400fd16f09;450.26;2.0;SELL
2016-04-22T00:48:01.085588;2016-04-22T00:48:01.779624;b064c0b4-26bc-4f6f-b183-b0b0e5491069;450.25;0.01362863;SELL
2016-04-22T00:48:01.085747;2016-04-22T00:48:01.795249;ea640607-55ea-4088-a711-fdab61bdee46;450.25;0.076;SELL
2016-04-22T00:48:01.085907;2016-04-22T00:48:01.795249;85ed7857-868b-44fd-aec0-f9a74c76cabc;450.24;2.4;SELL
2016-04-22T00:48:01.086069;2016-04-22T00:48:01.810875;f6c56933-1359-4192-adc1-05e00d0df030;450.23;0.01;SELL
2016-04-22T00:48:01.086233;2016-04-22T00:48:01.826499;8299bc9c-d76f-49ce-9fcf-139eb5080159;450.23;1.4;SELL
2016-04-22T00:48:01.086402;2016-04-22T00:48:01.826499;41e1dab8-b381-40fb-9af7-77d181c4a491;450.22;0.03;SELL
2016-04-22T00:48:01.086549;2016-04-22T00:48:01.842122;56923779-0180-435d-b418-8482025cc338;450.21;0.85044875;SELL
2016-04-22T00:48:03.509342;2016-04-22T00:48:03.576500;da90b8bb-f5ad-4010-8bd8-0a14bcaa26a6;450.49;0.03455333;BUY
2016-04-22T00:48:27.320639;2016-04-22T00:48:27.373387;9754479a-a753-4015-84bd-6ecfbe96db90;450.34;0.01;BUY
2016-04-22T00:48:27.320850;2016-04-22T00:48:27.389013;1126cb5e-026d-4bf2-90a6-e47fb70e20f4;450.35;0.49;BUY
2016-04-22T00:48:28.532510;2016-04-22T00:48:28.576519;c94866df-e4bb-410d-8388-0d11f660a025;450.35;0.01;BUY
2016-04-22T00:48:31.347156;2016-04-22T00:48:31.404638;f982ea76-6278-4b99-999c-0777475df082;450.3;0.01000089;SELL
2016-04-22T00:48:31.347396;2016-04-22T00:48:31.420264;dc7e3499-d646-42fc-85f0-68826c93614b;450.3;0.113;SELL
2016-04-22T00:48:31.347594;2016-04-22T00:48:31.435888;e4f879ff-8cf0-4734-a080-f08c6aa5bdd8;450.25;0.122;SELL
2016-04-22T00:48:31.347766;2016-04-22T00:48:31.451516;48de7cbd-66a0-4abd-9cf1-aaa2a79fa52c;450.21;0.01;SELL
2016-04-22T00:48:31.347929;2016-04-22T00:48:31.451516;2042a65c-f505-41f6-a68a-2555e669211d;450.2;0.01;SELL
2016-04-22T00:48:31.348088;2016-04-22T00:48:31.467139;56c8364d-b66f-43ec-8ce0-4e8aac04468e;450.2;0.082;SELL
2016-04-22T00:48:31.348254;2016-04-22T00:48:31.482763;9325e2f1-1f3d-4d33-a1c2-1cd44ded6f17;450.2;0.01000067;SELL
2016-04-22T00:48:31.348419;2016-04-22T00:48:31.482763;3deac70e-1448-4307-b062-4b34953b9076;450.15;0.13;SELL
2016-04-22T00:48:31.348583;2016-04-22T00:48:31.498389;c313d6ff-5f0b-40f9-b630-ef8c3bb96750;450.11;0.5;SELL
2016-04-22T00:48:31.348746;2016-04-22T00:48:31.514015;72de32b4-c40f-4008-a2e3-7bec52dc0981;450.1;0.083;SELL
2016-04-22T00:48:31.348894;2016-04-22T00:48:31.514015;ec2a606a-103b-4d80-a9d4-a10e0cb509a3;450.09;0.41925844;SELL
2016-04-22T00:48:34.060043;2016-04-22T00:48:34.107766;a16c2708-25f1-4be2-aec1-0dd380830490;450.08;0.02;SELL
2016-04-22T00:48:34.060234;2016-04-22T00:48:34.123391;12c64caa-ac2d-457a-aac9-26e99613fb75;450.05;0.084;SELL
2016-04-22T00:48:34.060406;2016-04-22T00:48:34.139017;15f182e0-9ddf-4389-9184-8b4eee824134;450.04;0.01;SELL
2016-04-22T00:48:34.060576;2016-04-22T00:48:34.139017;d24de28f-7276-4587-8ff4-a8a49533d3cd;450.03;0.01;SELL
2016-04-22T00:48:34.060740;2016-04-22T00:48:34.154641;56628517-2a43-4a82-b524-160b78a71d40;450.01;0.95;SELL
2016-04-22T00:48:34.060906;2016-04-22T00:48:34.170266;80520db8-ba74-4153-95bf-7522eab6a23e;450.01;0.01;SELL
2016-04-22T00:48:34.061105;2016-04-22T00:48:34.201515;1f60fab4-4079-496d-bd04-d9832d4aa4b0;450.0;0.10962653;SELL
2016-04-22T00:48:34.061259;2016-04-22T00:48:34.201515;02426c51-5087-4762-80f6-86e5d6c9c784;450.0;0.23;SELL
2016-04-22T00:48:34.061396;2016-04-22T00:48:34.217146;240f19da-60b3-445f-ae66-8ac763b949a4;450.0;7.57637347;SELL
2016-04-22T00:48:34.061771;2016-04-22T00:48:34.248391;c23d2933-53ec-4ece-9e72-ed978b466f53;450.0;0.19276998;SELL
2016-04-22T00:49:02.952169;2016-04-22T00:49:02.998409;90d1c7c4-7e2f-4b41-9e37-c4a907c2b6ee;450.17;0.01;BUY
2016-04-22T00:49:23.860598;2016-04-22T00:49:23.904666;2435f5de-adf7-443c-bb78-052250da39ab;450.18;0.01;BUY
2016-04-22T00:49:32.388999;2016-04-22T00:49:32.435929;fa50165c-0f8f-4934-a9ca-0b16cc38abbc;450.18;0.02615333;SELL
2016-04-22T00:49:32.389217;2016-04-22T00:49:32.451546;97a87109-e30f-4ff3-b206-ca9eb0ff1e73;450.18;0.366;SELL
2016-04-22T00:49:32.389391;2016-04-22T00:49:32.467171;d15e7a97-67cd-4327-b80b-0d079be496ff;450.14;2.0;SELL
2016-04-22T00:49:32.389552;2016-04-22T00:49:32.482795;2e2c0bcd-0e7d-4f75-9789-9ca07a9f0495;450.13;0.015;SELL
2016-04-22T00:49:32.389726;2016-04-22T00:49:32.482795;c6b12be8-6587-4c21-b172-4e14e22dd32d;450.13;0.401;SELL
2016-04-22T00:49:32.389888;2016-04-22T00:49:32.498421;4e9823dc-cb92-4c05-80e1-74d817def959;450.12;0.015;SELL
2016-04-22T00:49:32.390073;2016-04-22T00:49:32.545295;6e008656-6880-41b4-8193-b65c7da008d7;450.1;0.01;SELL
2016-04-22T00:49:32.390229;2016-04-22T00:49:32.545295;3be9bcf3-f509-4de1-978d-d930f16b6564;450.08;0.02;SELL
2016-04-22T00:49:32.390398;2016-04-22T00:49:32.545295;da849ac2-9a4e-4445-a2f3-8280ef89e531;450.08;0.389;SELL
2016-04-22T00:49:32.390572;2016-04-22T00:49:32.545295;7ac9ce91-49cd-437e-9a92-b0ff1cd94b56;450.05;0.01;SELL
2016-04-22T00:49:32.390744;2016-04-22T00:49:32.560921;5d7c93b2-182c-4e8d-88c8-fcde00663d43;450.04;0.01;SELL
2016-04-22T00:49:32.390910;2016-04-22T00:49:32.560921;f9bf3477-1689-4794-940a-d2857cb6dfe5;450.03;0.368;SELL
2016-04-22T00:49:32.391097;2016-04-22T00:49:32.576545;ff7f29fc-9c1a-4126-809b-df5e40e388e0;450.02;0.5;SELL
2016-04-22T00:49:32.391245;2016-04-22T00:49:32.592171;2c80851d-1ddb-4b23-9f24-4a3107e225fc;450.0;5.49742667;SELL
2016-04-22T00:49:42.131711;2016-04-22T00:49:42.185930;712a503f-96fe-46ed-a298-15c34988a7ff;450.04;0.50015242;BUY
2016-04-22T00:49:59.546307;2016-04-22T00:49:59.592190;df12b414-24de-43b6-8644-0ab25805fb15;450.01;0.323;SELL
2016-04-22T00:49:59.546488;2016-04-22T00:49:59.607809;ceb73906-ba0e-42fc-8505-ec9adb5f4e81;450.0;26.73342988;SELL
2016-04-22T00:49:59.546657;2016-04-22T00:49:59.623435;9d666f62-e40f-486e-b613-0b39fb5316f0;450.0;0.4116247;SELL
2016-04-22T00:49:59.546815;2016-04-22T00:49:59.623435;1c1b133a-97c2-4bb7-83dc-e14f62c52afd;450.0;0.1261489;SELL
2016-04-22T00:49:59.546997;2016-04-22T00:49:59.639060;3996c6c2-9386-4bfa-bab6-82ced7ba5169;450.0;0.01362863;SELL
2016-04-22T00:49:59.547172;2016-04-22T00:49:59.654684;c0191f70-aaa0-41c2-a31e-525363a63b10;450.0;0.01000089;SELL
2016-04-22T00:50:00.338297;2016-04-22T00:50:00.389069;be957b80-236c-413a-84b5-a4910e0c824c;450.0;0.05401501;BUY
2016-04-22T00:50:01.982746;2016-04-22T00:50:02.045308;00be660d-e1f5-4e2f-b1e8-b83b36fdae0c;450.16;0.01;BUY
2016-04-22T00:50:01.983133;2016-04-22T00:50:02.060937;be2a39ee-53b7-4053-85df-acbecb882be5;450.18;0.01;BUY
2016-04-22T00:50:01.983362;2016-04-22T00:50:02.076561;3c6bbda7-8c32-43a2-9f3f-fe1b2797aa78;450.19;0.84477;BUY
2016-04-22T00:50:03.462377;2016-04-22T00:50:03.529688;cad31aca-7d8d-4b4b-8d4d-83ad77ef27ed;450.14;0.01;BUY
2016-04-22T00:50:24.133066;2016-04-22T00:50:24.170322;409ca0f0-90d0-4ce2-a22d-afea6f4596a0;450.18;0.01;BUY
2016-04-22T00:50:44.454292;2016-04-22T00:50:44.514082;2450a6c0-a714-44f2-8bff-ca0be6bd2592;450.19;0.03783333;BUY
2016-04-22T00:51:03.970052;2016-04-22T00:51:04.014097;f10fbe96-291b-477d-8d0a-69b77911022d;450.1;0.013;SELL
2016-04-22T00:51:03.970285;2016-04-22T00:51:04.029722;888f3dfc-f2fc-415e-ac7a-db3ab20d78ab;450.1;0.126;SELL
2016-04-22T00:51:03.970482;2016-04-22T00:51:04.045343;9591afed-def9-4061-bf40-fa6f4ae86125;450.09;0.013;SELL
2016-04-22T00:51:03.970635;2016-04-22T00:51:04.060967;d4c75559-d73b-498f-8f21-77818493d7f4;450.08;0.398;SELL
2016-04-22T00:52:01.130442;2016-04-22T00:52:01.170380;34627fab-c6bd-450d-9c5a-aea65f06d012;450.1;0.013;SELL
2016-04-22T00:52:01.130694;2016-04-22T00:52:01.185994;508158d9-8fdd-46c0-8c1b-3fa3d8e86c57;450.1;0.08;SELL
2016-04-22T00:52:01.131121;2016-04-22T00:52:01.201623;f1f95836-41f2-4604-9fca-ca7181c5f45d;450.09;0.013;SELL
2016-04-22T00:52:01.131296;2016-04-22T00:52:01.217247;6b99b7fa-f01b-4379-a8cf-1ddbba435da2;450.05;0.01;SELL
2016-04-22T00:52:01.131634;2016-04-22T00:52:01.232872;fb6d85cf-6aef-4f96-afb1-64f68002a161;450.05;0.127;SELL
2016-04-22T00:52:01.131812;2016-04-22T00:52:01.232872;294a05d8-c194-49c8-a596-ab7815bd88d7;450.04;0.01;SELL
2016-04-22T00:52:01.132006;2016-04-22T00:52:01.248497;f3545c19-4b7e-419c-acd4-51bfbec64bc5;450.03;0.01;SELL
2016-04-22T00:52:01.132157;2016-04-22T00:52:01.264123;caa6301f-8f99-4323-b5d6-cd8719908b66;450.02;0.237;SELL
2016-04-22T00:52:05.085048;2016-04-22T00:52:05.123499;63f9c0e1-9ce9-445a-a697-579273d60118;450.11;0.01;BUY
2016-04-22T00:52:25.787065;2016-04-22T00:52:25.842260;54078f78-a67b-4f00-a435-7ba47acfdd15;450.14;0.026;BUY
2016-04-22T00:52:46.092868;2016-04-22T00:52:46.154769;66721f8e-a0e4-49a7-aa58-a8a70c42fec2;450.15;0.026;BUY
2016-04-22T00:52:46.093202;2016-04-22T00:52:46.170394;6397b0c2-1ec0-4335-a727-672d31247087;450.15;0.01019333;BUY
2016-04-22T00:53:03.389156;2016-04-22T00:53:03.436030;b8c4d2d0-bd3c-4db9-9ed8-fd9511860338;450.1;0.01;BUY
2016-04-22T00:53:23.817920;2016-04-22T00:53:23.857913;eae67554-2f07-4a44-b9ff-fbb5f5afce1e;450.11;0.01;BUY
2016-04-22T00:53:23.818163;2016-04-22T00:53:23.873539;8c2e62d3-4308-415b-ab6c-1afa225807d3;450.11;0.02320667;BUY
2016-04-22T00:54:02.888492;2016-04-22T00:54:02.920433;56ff0181-16f5-4bb2-b7a5-ac1ede8860a0;450.12;0.032;BUY
2016-04-22T00:55:04.833968;2016-04-22T00:55:04.873593;25b0e150-bb90-422b-8cad-017d62b3bcf4;450.11;0.02991333;BUY
2016-04-22T00:55:35.860400;2016-04-22T00:55:35.904861;22d126a2-58e7-4522-8e66-7288e1fc83e7;450.1;0.0115;SELL
2016-04-22T00:55:35.860671;2016-04-22T00:55:35.920485;dfac55e5-964e-48e7-9647-a148630ab2f4;450.1;0.089;SELL
2016-04-22T00:55:35.860880;2016-04-22T00:55:35.936107;3c86d9f8-a185-49f9-961f-67d2695cfd0c;450.09;0.012;SELL
2016-04-22T00:55:35.861079;2016-04-22T00:55:35.936107;e9034ec7-705a-4b4b-8e8f-08dcc4096b34;450.08;0.012;SELL
2016-04-22T00:55:35.861239;2016-04-22T00:55:35.967361;469abd90-a757-469a-85cd-180c785234b5;450.07;0.012;SELL
2016-04-22T00:55:35.861408;2016-04-22T00:55:35.967361;36ea180f-1140-4c7a-9500-4c602f3edbc5;450.07;0.5;SELL
2016-04-22T00:55:35.861579;2016-04-22T00:55:35.967361;21d2253e-705c-40e6-a05c-ef64d1c148b3;450.06;0.012;SELL
2016-04-22T00:55:35.861760;2016-04-22T00:55:35.982982;f09db2bc-059f-4d9d-bf1c-fe4b81818f35;450.06;0.5;SELL
2016-04-22T00:55:35.861927;2016-04-22T00:55:35.998606;762d1606-c2bb-44cf-82fb-756be8ef4ff4;450.05;1.0;SELL
2016-04-22T00:55:35.862116;2016-04-22T00:55:36.014231;a4a592ca-2f0a-42b1-992c-2732503a811c;450.05;0.089;SELL
2016-04-22T00:55:35.862281;2016-04-22T00:55:36.014231;0ee3c38a-0a8c-4d4b-af3e-ac7e5ad8f916;450.03;2.0;SELL
2016-04-22T00:55:35.862431;2016-04-22T00:55:36.029856;9538ebcb-f2a5-4b82-9a61-643c8a0d9a39;450.02;1.7625;SELL
2016-04-22T00:55:59.983428;2016-04-22T00:56:00.029868;f0b1a302-d516-41f6-a34a-e382d1fdeca0;450.05;0.01;SELL
2016-04-22T00:55:59.983714;2016-04-22T00:56:00.045494;78bd7570-3084-4423-b351-067573eda36a;450.05;0.102;SELL
2016-04-22T00:55:59.984018;2016-04-22T00:56:00.061118;24d385a0-620c-4b2c-8fac-1e67198b7995;450.04;0.01;SELL
2016-04-22T00:55:59.984280;2016-04-22T00:56:00.076744;61aa1608-5368-4b12-9b2a-193719e97f68;450.03;0.6;SELL
2016-04-22T00:55:59.984539;2016-04-22T00:56:00.092369;83f584e3-b85d-4807-b29f-e24899ac46df;450.02;0.94648499;SELL
2016-04-22T00:55:59.984784;2016-04-22T00:56:00.107994;6ed9c6b9-8c5e-42a1-b7e7-a6c3601bee91;450.01;0.01;SELL
2016-04-22T00:55:59.985076;2016-04-22T00:56:00.123625;a1540bd7-3215-4c4c-b52d-562009cc7892;450.01;0.5;SELL
2016-04-22T00:55:59.985326;2016-04-22T00:56:00.139243;6a4f7d14-1e2b-4526-9779-df144cd5f7fc;450.0;0.010002;SELL
2016-04-22T00:55:59.985575;2016-04-22T00:56:00.139243;721bc915-667f-45f0-9a77-e151c32e0492;450.0;0.11;SELL
2016-04-22T00:56:03.203268;2016-04-22T00:56:03.232999;48ec4015-3645-463f-bd8e-c2404cc30825;450.0;0.02822;BUY
2016-04-22T00:56:09.071461;2016-04-22T00:56:09.092382;1fc4d214-57b9-4701-82e8-4ea9dabdf7c7;449.99;5.72;BUY
2016-04-22T00:56:33.825837;2016-04-22T00:56:33.858012;1f1d773c-4e44-44ff-9efc-9bf8fd12c324;449.99;0.278;SELL
2016-04-22T00:56:33.826102;2016-04-22T00:56:33.873638;c538eafa-0934-4834-9050-bab2dcb53d42;449.99;0.4;SELL
2016-04-22T00:57:03.320687;2016-04-22T00:57:03.342354;137a86f8-81ab-4c5a-ae6f-595298d813d5;450.07;0.02864667;BUY
2016-04-22T00:57:25.238441;2016-04-22T00:57:25.264292;686264ee-c5fa-4c80-b897-eec86c172a31;450.06;0.125;SELL
2016-04-22T00:57:25.238827;2016-04-22T00:57:25.279916;7cdd0dd6-0aa1-4f5c-8f88-be7cdd2afb48;450.06;5.85;SELL
2016-04-22T00:57:36.291711;2016-04-22T00:57:36.358044;c0a14c8e-30a0-4229-b9f6-ef008b61f9f5;450.1;0.010002;BUY
2016-04-22T00:57:36.292030;2016-04-22T00:57:36.373669;0085fbdc-f765-4dc7-9b47-ca554f209f9f;450.13;0.048;BUY
2016-04-22T00:57:36.292218;2016-04-22T00:57:36.389294;8def8ae9-051e-4b7e-9479-b36c2f8b60e3;450.15;0.00120667;BUY
2016-04-22T00:57:36.292396;2016-04-22T00:57:36.389294;de0377a8-76e8-419b-843e-57ec6374d184;450.16;0.468615;BUY
2016-04-22T00:57:36.292542;2016-04-22T00:57:36.404919;e03f344d-9460-48bc-8121-166244add907;450.18;0.02;BUY
2016-04-22T00:57:36.292705;2016-04-22T00:57:36.420544;b1226cd1-4c36-469c-a028-b4ffc3b31db1;450.18;0.23;BUY
2016-04-22T00:57:36.292864;2016-04-22T00:57:36.436166;52956d96-0833-4475-9abc-b2e6aa46c146;450.18;0.15;BUY
2016-04-22T00:57:36.293033;2016-04-22T00:57:36.451795;d8fc4f02-71f6-4540-b870-b0c1ed54ae11;450.2;0.01;BUY
2016-04-22T00:57:36.293185;2016-04-22T00:57:36.467419;56a8366d-81ac-481d-92f7-5acaa57f327d;450.25;0.0114;BUY
2016-04-22T00:57:36.293325;2016-04-22T00:57:36.483044;a38bb790-e950-4550-a4bd-3cdc35c9944f;450.3;0.01000067;BUY
2016-04-22T00:57:36.293463;2016-04-22T00:57:36.483044;5bba3508-94c5-4ba9-86ae-831c97666a06;450.3;0.03919053;BUY
2016-04-22T00:57:36.293599;2016-04-22T00:57:36.498669;4f662a2a-ebe7-48f6-86c0-2b10e3f8fc45;450.3;0.0391914;BUY
2016-04-22T00:57:36.293825;2016-04-22T00:57:36.514273;c06beca2-15ab-41b6-a43a-c23f14386b5b;450.3;0.03916917;BUY
2016-04-22T00:57:36.294055;2016-04-22T00:57:36.529919;314d1a13-a7ba-4a73-a4a3-dd10f48aa9ca;450.35;0.03917309;BUY
