time_exchange;time_coinpai;guid;price;base_amount;taker_side
2016-04-22T00:01:35.000000;2016-04-22T00:01:35.000000;337dc03e-d96a-4a7e-a92d-8ae540a3d960;452.01;0.02439024;UNKNOWN
2016-04-22T00:02:36.000000;2016-04-22T00:02:36.000000;d91fc90e-3d8b-4ec2-a474-a585f50929ce;452.23;0.30149;UNKNOWN
2016-04-22T00:03:10.000000;2016-04-22T00:03:10.000000;a23e50c4-2aa2-44eb-b2f8-844247196f3a;452.07;0.06650028;UNKNOWN
2016-04-22T00:03:32.000000;2016-04-22T00:03:32.000000;80116d8d-0534-41d8-b658-a50813116a61;452.25;0.0275;UNKNOWN
2016-04-22T00:04:52.000000;2016-04-22T00:04:52.000000;e5a17814-afdc-4179-a2f9-7188768063f9;452.01;1.678;UNKNOWN
2016-04-22T00:04:52.000000;2016-04-22T00:04:52.000000;2445a199-cd09-499b-a7a0-11e28db57544;452.04;0.222;UNKNOWN
2016-04-22T00:05:08.000000;2016-04-22T00:05:08.000000;fa911560-8028-4d3f-bd30-d4e812d2fd3c;452.03;0.765922;UNKNOWN
2016-04-22T00:05:43.000000;2016-04-22T00:05:43.000000;3b9ae389-8cc8-4eea-8682-4e352e25e54f;452.03;0.221;UNKNOWN
2016-04-22T00:05:59.000000;2016-04-22T00:05:59.000000;14ef7f33-4565-401f-9227-551a28c20ddf;452.03;0.24384512;UNKNOWN
2016-04-22T00:06:39.000000;2016-04-22T00:06:39.000000;e25af69a-568c-47ca-83c5-da95d84dd530;452.0;0.54763793;UNKNOWN
2016-04-22T00:06:53.000000;2016-04-22T00:06:53.000000;6521aba8-6029-4f70-b577-93f250c844a2;452.04;1.14;UNKNOWN
2016-04-22T00:07:50.000000;2016-04-22T00:07:50.000000;af2a4a4d-239e-41e3-b582-4083c73c86ee;452.0;4.47635;UNKNOWN
2016-04-22T00:07:50.000000;2016-04-22T00:07:50.000000;0ce109c4-2849-4838-8b00-bd2c9826f615;452.02;0.221;UNKNOWN
2016-04-22T00:09:24.000000;2016-04-22T00:09:24.000000;7b865ba2-d383-47ab-a96e-7ef445150145;452.04;0.3;UNKNOWN
2016-04-22T00:09:43.000000;2016-04-22T00:09:43.000000;c5f8edfd-bb1b-456f-b0cc-d97429c3f5a2;452.02;0.65723819;UNKNOWN
2016-04-22T00:09:49.000000;2016-04-22T00:09:49.000000;ec65b3f3-a5cd-4191-8d0a-11e569e6a736;452.01;0.0403822;UNKNOWN
2016-04-22T00:10:03.000000;2016-04-22T00:10:03.000000;8a99bf18-6002-4f85-a69c-8c7d965217b4;452.04;0.25;UNKNOWN
2016-04-22T00:10:39.000000;2016-04-22T00:10:39.000000;2ae5a7d3-8130-4e77-89ed-0b525df4c238;452.01;0.02190793;UNKNOWN
2016-04-22T00:11:24.000000;2016-04-22T00:11:24.000000;09548980-6af5-4cec-9e4c-5e725fc0c721;452.02;0.055;UNKNOWN
2016-04-22T00:11:24.000000;2016-04-22T00:11:24.000000;a7fba3da-5843-4727-b06b-764a332e8816;452.0;0.9103;UNKNOWN
2016-04-22T00:11:24.000000;2016-04-22T00:11:24.000000;65d9b196-f2d1-4892-8846-bd591c53ad67;452.01;0.221;UNKNOWN
2016-04-22T00:12:11.000000;2016-04-22T00:12:11.000000;dbcb0979-5392-4c59-aec0-46070c78bea4;452.02;0.60008806;UNKNOWN
2016-04-22T00:12:12.000000;2016-04-22T00:12:12.000000;d226a283-7aab-4739-9be2-0017f8981bbd;452.02;4.9;UNKNOWN
2016-04-22T00:12:38.000000;2016-04-22T00:12:38.000000;31cab787-b4cb-418e-8c67-902515fb8c79;452.0;2.4001768;UNKNOWN
2016-04-22T00:13:04.000000;2016-04-22T00:13:04.000000;77f44c1d-0df6-43ec-a31a-8f76aa26482f;452.01;0.0149;UNKNOWN
2016-04-22T00:13:37.000000;2016-04-22T00:13:37.000000;4c5bdd75-1321-40af-91b2-c7658c684dd6;452.04;3.318584;UNKNOWN
2016-04-22T00:13:52.000000;2016-04-22T00:13:52.000000;742c5da8-0dbd-4944-8df4-fac97540e1e4;452.04;0.1191;UNKNOWN
2016-04-22T00:14:13.000000;2016-04-22T00:14:13.000000;3f1210ba-e384-4ee7-af4e-5280a2c16e32;452.04;0.37787393;UNKNOWN
2016-04-22T00:14:13.000000;2016-04-22T00:14:13.000000;2a473bf4-a3b8-4b58-b829-12574fd5f7c2;452.04;0.02101077;UNKNOWN
2016-04-22T00:14:14.000000;2016-04-22T00:14:14.000000;6b962d30-c552-4fe2-89c3-49bc91dd2922;452.04;0.37787393;UNKNOWN
2016-04-22T00:14:14.000000;2016-04-22T00:14:14.000000;87ca6f92-ae9d-40e6-9ca8-c26ee4e29820;452.04;0.02101077;UNKNOWN
2016-04-22T00:14:39.000000;2016-04-22T00:14:39.000000;22816f38-552f-424d-8fa7-2b9b4b3d31ec;452.01;4.43354;UNKNOWN
2016-04-22T00:16:04.000000;2016-04-22T00:16:04.000000;bd512383-5635-4f12-84ec-75b0e3f7852a;452.04;0.9;UNKNOWN
2016-04-22T00:16:14.000000;2016-04-22T00:16:14.000000;2906db8f-0a83-41d1-96ac-1ec4401ed3f8;452.04;0.01308451;UNKNOWN
2016-04-22T00:16:17.000000;2016-04-22T00:16:17.000000;d4e1224a-eb2d-42cd-8ced-8acf023fc0ea;452.04;0.059682;UNKNOWN
2016-04-22T00:17:44.000000;2016-04-22T00:17:44.000000;0a7b9371-a189-45cf-818f-71187dd22c9f;452.02;0.04433449;UNKNOWN
2016-04-22T00:19:04.000000;2016-04-22T00:19:04.000000;14e49e4c-25ee-4422-ad4e-a8b2f035e744;452.01;0.216384;UNKNOWN
2016-04-22T00:20:15.000000;2016-04-22T00:20:15.000000;07052bf6-1b2f-4b53-ac6b-8b45cf126b3c;452.02;0.02216773;UNKNOWN
2016-04-22T00:20:34.000000;2016-04-22T00:20:34.000000;e70784a2-6104-4de7-91f9-81575f190fde;452.04;0.41681542;UNKNOWN
2016-04-22T00:23:22.000000;2016-04-22T00:23:22.000000;f918db8e-cd29-40da-9f0f-0726b24e020b;452.6;0.0115;UNKNOWN
2016-04-22T00:23:22.000000;2016-04-22T00:23:22.000000;4de94e4c-0d9d-4bd1-8d1c-8a58a3916d46;452.61;0.0344;UNKNOWN
2016-04-22T00:23:22.000000;2016-04-22T00:23:22.000000;09b761ba-4a1c-474d-945c-c53bffa59cd8;452.96;0.25;UNKNOWN
2016-04-22T00:23:22.000000;2016-04-22T00:23:22.000000;5de6fc2f-629b-4cbe-972b-93d6e21704e8;452.97;11.0201;UNKNOWN
2016-04-22T00:23:22.000000;2016-04-22T00:23:22.000000;2b99c4ce-d3af-4dd3-b2b9-eeeb46cb094d;452.04;2.68496467;UNKNOWN
2016-04-22T00:23:22.000000;2016-04-22T00:23:22.000000;ed91111b-5d0d-4f8f-a4f3-c237f81e473c;452.94;12.0;UNKNOWN
2016-04-22T00:23:22.000000;2016-04-22T00:23:22.000000;63ee476d-695d-4281-8382-d26319c3d6e4;452.83;11.8828;UNKNOWN
2016-04-22T00:23:22.000000;2016-04-22T00:23:22.000000;86051afe-53db-4197-91f1-5246712d2f96;452.3;10.0;UNKNOWN
2016-04-22T00:23:22.000000;2016-04-22T00:23:22.000000;624c5ec3-db7d-40a5-973b-6a646d804cee;452.82;8.15;UNKNOWN
2016-04-22T00:23:22.000000;2016-04-22T00:23:22.000000;6800b3c0-1e36-4f9a-a67a-0d0f96fc7d49;452.12;6.5773;UNKNOWN
2016-04-22T00:23:22.000000;2016-04-22T00:23:22.000000;6e2b53fc-c1aa-489f-8e00-3a64ecd87cdf;452.05;0.13;UNKNOWN
2016-04-22T00:23:22.000000;2016-04-22T00:23:22.000000;836d803e-f339-4cfd-ad93-747d80623e1a;452.81;10.6101;UNKNOWN
2016-04-22T00:23:22.000000;2016-04-22T00:23:22.000000;96056158-75f0-4a45-a137-8e6a1f6495a5;452.98;2.0;UNKNOWN
2016-04-22T00:23:22.000000;2016-04-22T00:23:22.000000;86496bb4-c652-40a3-96fb-322ccdedc500;452.97;18.0;UNKNOWN
2016-04-22T00:23:22.000000;2016-04-22T00:23:22.000000;ba24a9bc-54b4-432d-b1d3-44f7247c370d;452.5;0.1;UNKNOWN
2016-04-22T00:23:22.000000;2016-04-22T00:23:22.000000;a7ee5dfc-301b-48a9-ac74-3b0bf4e5c06c;452.26;1.4;UNKNOWN
2016-04-22T00:23:22.000000;2016-04-22T00:23:22.000000;099f37ce-2e03-4cd8-942e-196831455d75;452.05;1.0;UNKNOWN
2016-04-22T00:23:22.000000;2016-04-22T00:23:22.000000;3df4e6c0-3111-4bfa-913a-0f313c361236;452.38;0.0239;UNKNOWN
2016-04-22T00:23:22.000000;2016-04-22T00:23:22.000000;f15f3932-7a61-4d0b-99d2-11b2879190b9;452.43;0.0166;UNKNOWN
2016-04-22T00:23:22.000000;2016-04-22T00:23:22.000000;0979ed69-7ee8-451a-989f-24766734cd27;453.04;0.25;UNKNOWN
2016-04-22T00:23:22.000000;2016-04-22T00:23:22.000000;99df119d-fbe3-47c8-84c0-2bfb2ce67fb4;453.0;14.1378;UNKNOWN
2016-04-22T00:23:22.000000;2016-04-22T00:23:22.000000;61b9719d-5511-4a8d-aeb8-b49545229aa9;452.99;12.49;UNKNOWN
2016-04-22T00:23:22.000000;2016-04-22T00:23:22.000000;c4086856-4d34-44e0-9af5-9d75cbc2a9e4;453.08;0.025;UNKNOWN
2016-04-22T00:23:22.000000;2016-04-22T00:23:22.000000;5b90c397-0ec4-4c99-a6d0-85a51ac43691;453.01;3.01;UNKNOWN
2016-04-22T00:23:22.000000;2016-04-22T00:23:22.000000;f472213e-17f0-4266-8222-e1cad6974a8c;453.13;0.25;UNKNOWN
2016-04-22T00:23:22.000000;2016-04-22T00:23:22.000000;cba4924a-f453-47ee-8d66-6276949bf05e;453.12;4.24669023;UNKNOWN
2016-04-22T00:23:22.000000;2016-04-22T00:23:22.000000;0bd542bc-d265-4891-b41c-f72ac10f4a1d;453.15;2.8067451;UNKNOWN
2016-04-22T00:23:22.000000;2016-04-22T00:23:22.000000;8d57c476-b8ab-4262-bd87-61306673193a;453.15;13.4321;UNKNOWN
2016-04-22T00:23:22.000000;2016-04-22T00:23:22.000000;fc3879df-d454-48e0-b8be-18497b92a24a;453.14;8.46;UNKNOWN
2016-04-22T00:23:48.000000;2016-04-22T00:23:48.000000;d4a15dac-1142-40af-8b0c-819c69afec0e;452.82;0.234539;UNKNOWN
2016-04-22T00:24:36.000000;2016-04-22T00:24:36.000000;15154288-42a5-4152-9de1-50e205cbfb2b;452.87;0.5633;UNKNOWN
2016-04-22T00:24:51.000000;2016-04-22T00:24:51.000000;3c4d5207-9e51-482b-b2f7-bf718406c744;452.55;0.23375912;UNKNOWN
2016-04-22T00:25:18.000000;2016-04-22T00:25:18.000000;0d5c078b-b60c-4a03-a8ac-3636dd1fba37;452.87;1.0;UNKNOWN
2016-04-22T00:25:35.000000;2016-04-22T00:25:35.000000;e12bb002-ce10-4bc2-89bb-a2cee3d766ef;452.76;1.0;UNKNOWN
2016-04-22T00:25:53.000000;2016-04-22T00:25:53.000000;c36b24c3-5451-45a1-be62-a07277a48712;452.87;1.0;UNKNOWN
2016-04-22T00:26:39.000000;2016-04-22T00:26:39.000000;d949a91c-94a5-4db6-a01d-b3df24513d1e;452.75;0.07668287;UNKNOWN
2016-04-22T00:26:40.000000;2016-04-22T00:26:40.000000;7f7d1838-a212-4cbc-9fc9-cd02b30641b8;452.75;0.33165;UNKNOWN
2016-04-22T00:28:01.000000;2016-04-22T00:28:01.000000;87432cbd-5059-4d7f-8396-d9b1fa01517a;452.32;2.0655;UNKNOWN
2016-04-22T00:28:01.000000;2016-04-22T00:28:01.000000;30346437-ecdd-4fb8-9006-164a52b55db0;452.33;6.6145;UNKNOWN
2016-04-22T00:29:23.000000;2016-04-22T00:29:23.000000;0feda959-dccc-4e3a-a1fa-4e8b1ea75d5c;452.49;6.6279;UNKNOWN
2016-04-22T00:29:33.000000;2016-04-22T00:29:33.000000;96a62dec-1284-4747-99ab-fdade3e68c04;452.31;1.0;UNKNOWN
2016-04-22T00:30:02.000000;2016-04-22T00:30:02.000000;8817fa2a-ec5a-4a57-9db6-17a5ee146421;452.48;0.01819638;UNKNOWN
2016-04-22T00:30:04.000000;2016-04-22T00:30:04.000000;e6faa801-7f94-499d-b751-d4697fb08f81;452.48;0.01819638;UNKNOWN
2016-04-22T00:31:44.000000;2016-04-22T00:31:44.000000;06e6c3ea-17c6-4786-a0ce-14895f2bbfa2;452.47;0.16615804;UNKNOWN
2016-04-22T00:32:13.000000;2016-04-22T00:32:13.000000;044007f1-367b-4f8b-b21e-c7b9e174919d;452.47;0.257;UNKNOWN
2016-04-22T00:32:20.000000;2016-04-22T00:32:20.000000;a1d0d1e2-a4e3-4fbe-86a4-d52d5c2d0904;452.47;0.014;UNKNOWN
2016-04-22T00:32:20.000000;2016-04-22T00:32:20.000000;9ea7b3d4-c098-4adc-9cc0-81776f141f71;452.47;0.243;UNKNOWN
2016-04-22T00:32:23.000000;2016-04-22T00:32:23.000000;aee3c6df-d906-4729-8be5-dad231b7e194;452.47;4.119;UNKNOWN
2016-04-22T00:32:23.000000;2016-04-22T00:32:23.000000;aa4af187-9749-4273-9410-523993f26624;452.46;6.6148;UNKNOWN
2016-04-22T00:32:28.000000;2016-04-22T00:32:28.000000;568b94a5-e6b7-472c-89ff-43962ab7ca59;452.47;0.5;UNKNOWN
2016-04-22T00:32:39.000000;2016-04-22T00:32:39.000000;9d1cd2e9-e355-4ef6-8941-827130a4cb40;452.47;0.1;UNKNOWN
2016-04-22T00:32:41.000000;2016-04-22T00:32:41.000000;f0380126-f2f5-45b8-a61e-9dfa3c81f0ba;452.47;0.1;UNKNOWN
2016-04-22T00:33:19.000000;2016-04-22T00:33:19.000000;7f764e4c-05e2-4c1e-8baf-5d30e08d0c14;452.29;0.113;UNKNOWN
2016-04-22T00:34:02.000000;2016-04-22T00:34:02.000000;7f530a2a-ecf8-48bb-8507-ef9dbffe6ec0;452.32;0.01;UNKNOWN
2016-04-22T00:34:29.000000;2016-04-22T00:34:29.000000;abe2be1f-cbe9-40c6-9ff7-af99b148ba3d;452.31;2.77955629;UNKNOWN
2016-04-22T00:34:40.000000;2016-04-22T00:34:40.000000;750a8978-8cc4-4c8b-9a5d-fcd6a548b3a8;452.32;0.05;UNKNOWN
2016-04-22T00:34:46.000000;2016-04-22T00:34:46.000000;52d134bf-5143-47fc-b2d2-851f88e1d1ca;452.31;0.284;UNKNOWN
2016-04-22T00:34:47.000000;2016-04-22T00:34:47.000000;a200dc21-0872-4f96-a29b-be080a10852c;452.31;8.0;UNKNOWN
2016-04-22T00:34:50.000000;2016-04-22T00:34:50.000000;c807c29d-d401-4f3b-9d68-878e2c820720;452.31;27.34669878;UNKNOWN
2016-04-22T00:34:50.000000;2016-04-22T00:34:50.000000;eab10001-dcc6-4390-9b9d-9aa5d513e7a6;452.31;7.38968284;UNKNOWN
2016-04-22T00:34:50.000000;2016-04-22T00:34:50.000000;2f7356cb-6f98-480f-ab36-523f538e74c8;452.0;5.0;UNKNOWN
2016-04-22T00:34:50.000000;2016-04-22T00:34:50.000000;d2cb2b50-ff8a-42ca-aa11-eb4cec083488;451.82;6.0;UNKNOWN
2016-04-22T00:34:50.000000;2016-04-22T00:34:50.000000;4de4a05e-7589-41e8-98a6-0a2463714564;451.9;10.0;UNKNOWN
2016-04-22T00:34:50.000000;2016-04-22T00:34:50.000000;cca3795b-0a1f-4021-8953-dd8ba1fa3dc5;452.2;0.1;UNKNOWN
2016-04-22T00:34:50.000000;2016-04-22T00:34:50.000000;f0f71d13-d5ed-4ab1-ba19-249f0bd44684;452.01;0.5;UNKNOWN
2016-04-22T00:34:50.000000;2016-04-22T00:34:50.000000;3cf1056d-62bc-43f2-b6a2-f4af164641b8;452.01;2.783616;UNKNOWN
2016-04-22T00:34:50.000000;2016-04-22T00:34:50.000000;319f0e2a-96ff-41bc-bf7b-2e8fcd945b8f;452.02;6.6234;UNKNOWN
2016-04-22T00:34:50.000000;2016-04-22T00:34:50.000000;be83063e-892f-4871-9579-c76b9b658c99;452.0;88.56727659;UNKNOWN
2016-04-22T00:34:50.000000;2016-04-22T00:34:50.000000;b9ddbcf4-f122-4a82-a2b7-dadd91e9f8b7;452.01;12.49;UNKNOWN
2016-04-22T00:34:50.000000;2016-04-22T00:34:50.000000;77bf5cff-6fdb-4ab4-9ed0-b8d3558088f9;452.0;2.0;UNKNOWN
2016-04-22T00:34:50.000000;2016-04-22T00:34:50.000000;a2ff5bdb-b52a-4126-96d7-be844e1df85a;451.24;0.0245;UNKNOWN
2016-04-22T00:34:50.000000;2016-04-22T00:34:50.000000;94fe193e-e2ff-4bff-943c-cb8477e5a442;451.17;0.15;UNKNOWN
2016-04-22T00:34:50.000000;2016-04-22T00:34:50.000000;27ab86e2-e516-4f14-86fe-9fa4d0fa32a5;451.8;4.0;UNKNOWN
2016-04-22T00:34:50.000000;2016-04-22T00:34:50.000000;47bab658-0112-4535-b226-210cfcce0ab4;451.03;10.0;UNKNOWN
2016-04-22T00:34:50.000000;2016-04-22T00:34:50.000000;a67b481e-7688-4d1f-b2eb-973200db2e7d;451.23;11.045;UNKNOWN
2016-04-22T00:34:50.000000;2016-04-22T00:34:50.000000;4dbeb4eb-ba5a-4a6e-9fd7-d16861587cff;451.6;0.1;UNKNOWN
2016-04-22T00:34:50.000000;2016-04-22T00:34:50.000000;621df0a4-c440-4138-8584-bbb74e3703b0;451.2;0.1;UNKNOWN
2016-04-22T00:34:50.000000;2016-04-22T00:34:50.000000;fb693257-633e-4bed-8812-c5ffada0de33;451.78;0.87;UNKNOWN
2016-04-22T00:34:50.000000;2016-04-22T00:34:50.000000;91ce69e7-4fbc-4346-a73a-0b37f5fdcd3c;451.04;15.9558;UNKNOWN
2016-04-22T00:34:50.000000;2016-04-22T00:34:50.000000;549118c3-3688-4b6c-ae0d-2a066fc46995;451.22;11.9434;UNKNOWN
2016-04-22T00:34:50.000000;2016-04-22T00:34:50.000000;8676a92b-4096-4f6c-a48d-b1d0ba2524b4;451.3;3.4014;UNKNOWN
2016-04-22T00:34:50.000000;2016-04-22T00:34:50.000000;467fae88-de24-4fff-9e60-c6c91f3f4b0b;451.0;0.2634;UNKNOWN
2016-04-22T00:34:50.000000;2016-04-22T00:34:50.000000;fb44f794-23b1-4f06-acee-cd1e72d7b35f;451.0;5.0;UNKNOWN
2016-04-22T00:34:50.000000;2016-04-22T00:34:50.000000;f1d7be0b-d0ff-43b5-aec0-a7f935dae918;451.01;12.49;UNKNOWN
2016-04-22T00:34:50.000000;2016-04-22T00:34:50.000000;77ef2e31-0b25-4c66-b25a-32888aed2d87;451.0;0.25;UNKNOWN
2016-04-22T00:34:50.000000;2016-04-22T00:34:50.000000;11ee8601-4380-4d5d-8639-4798d02bf2b2;451.01;250.0;UNKNOWN
2016-04-22T00:34:50.000000;2016-04-22T00:34:50.000000;7b8b1e2e-ce5e-4e2d-ac2c-f8b9e079100e;451.01;0.25;UNKNOWN
2016-04-22T00:34:50.000000;2016-04-22T00:34:50.000000;64e318c7-44da-4744-b5a3-4d837b409909;451.02;0.25;UNKNOWN
2016-04-22T00:34:50.000000;2016-04-22T00:34:50.000000;4ecc1f9f-97c6-46fa-bff8-1faf36aa3ace;451.07;12.5663;UNKNOWN
2016-04-22T00:34:50.000000;2016-04-22T00:34:50.000000;78016ac5-629c-47c2-a659-de61af3f321b;451.08;9.45;UNKNOWN
2016-04-22T00:34:50.000000;2016-04-22T00:34:50.000000;0cf3d4b1-cd14-4dba-8cc6-b11a2ea340b4;451.0;0.011;UNKNOWN
2016-04-22T00:34:51.000000;2016-04-22T00:34:51.000000;73280956-3754-4d02-9ecc-3b5b9b1dde34;451.0;0.05224892;UNKNOWN
2016-04-22T00:34:56.000000;2016-04-22T00:34:56.000000;21aaea96-ea8b-47a2-9854-173678b1b605;450.81;1.75;UNKNOWN
2016-04-22T00:34:56.000000;2016-04-22T00:34:56.000000;fa64fd7c-e7e9-46ce-95f9-f08b6e7ec547;450.9;0.25;UNKNOWN
2016-04-22T00:35:04.000000;2016-04-22T00:35:04.000000;64a5b490-8db9-4971-90b1-c47afc90ea93;450.81;0.03721589;UNKNOWN
2016-04-22T00:35:12.000000;2016-04-22T00:35:12.000000;60269719-aac9-4459-97e3-61435015534b;450.81;2.0;UNKNOWN
2016-04-22T00:35:46.000000;2016-04-22T00:35:46.000000;e5d328a4-fd60-4234-80ac-728e11b108d8;450.81;0.65132824;UNKNOWN
2016-04-22T00:35:51.000000;2016-04-22T00:35:51.000000;dd150f65-be66-4d29-b981-9805bc15733c;450.81;5.1170348;UNKNOWN
2016-04-22T00:36:05.000000;2016-04-22T00:36:05.000000;10453d4e-b625-4ed5-8b44-0ed95f924f85;450.3;6.31659707;UNKNOWN
2016-04-22T00:36:05.000000;2016-04-22T00:36:05.000000;2ee79d7d-768c-4558-9a2e-0278ecd57ad1;450.74;3.42;UNKNOWN
2016-04-22T00:36:05.000000;2016-04-22T00:36:05.000000;5941d612-3c7e-4efd-824b-fa0feb3513eb;450.33;0.02810293;UNKNOWN
2016-04-22T00:36:05.000000;2016-04-22T00:36:05.000000;ee8f75e5-4b72-4547-9a68-0e699cb1f0be;450.8;0.1;UNKNOWN
2016-04-22T00:36:05.000000;2016-04-22T00:36:05.000000;34bb8bd3-6f09-4c72-8cd5-1dac6f0f00f2;450.46;0.0353;UNKNOWN
2016-04-22T00:36:05.000000;2016-04-22T00:36:05.000000;09b28351-d460-4f78-8f85-2c91c98dd489;450.4;0.1;UNKNOWN
2016-04-22T00:36:09.000000;2016-04-22T00:36:09.000000;71591b77-bd14-477c-ad66-c443b7f9a4bf;450.27;0.0365;UNKNOWN
2016-04-22T00:36:09.000000;2016-04-22T00:36:09.000000;8bf527be-2885-4f7e-94cc-0c8badef018c;450.08;0.25;UNKNOWN
2016-04-22T00:36:09.000000;2016-04-22T00:36:09.000000;a16ebad4-6091-4fd0-b2ab-405f7c5f87ba;450.15;1.40313657;UNKNOWN
2016-04-22T00:36:09.000000;2016-04-22T00:36:09.000000;febcf82a-e1c0-4847-9540-10d58d35730a;450.26;0.059837;UNKNOWN
2016-04-22T00:36:09.000000;2016-04-22T00:36:09.000000;d13c41e5-fb10-40af-b10a-3e7af8ed3545;450.17;0.01752643;UNKNOWN
2016-04-22T00:36:09.000000;2016-04-22T00:36:09.000000;d482c065-7d00-4011-814e-d5e1a845e2aa;450.15;0.59686343;UNKNOWN
2016-04-22T00:36:09.000000;2016-04-22T00:36:09.000000;d0887871-ec4b-41b7-958e-d2a212861a3b;450.25;0.483;UNKNOWN
2016-04-22T00:36:09.000000;2016-04-22T00:36:09.000000;d91387b9-e6f9-4ea9-b6ff-3f3fa79ca181;450.13;11.9884;UNKNOWN
2016-04-22T00:36:09.000000;2016-04-22T00:36:09.000000;85aaafae-9b66-4bd1-acb6-f50d9ed18bb6;450.06;0.02506;UNKNOWN
2016-04-22T00:36:09.000000;2016-04-22T00:36:09.000000;ee321e20-2bfe-4344-b2c2-bae21f8a8aa3;450.01;12.49;UNKNOWN
2016-04-22T00:36:09.000000;2016-04-22T00:36:09.000000;5bb4ebf9-e85c-495d-a87d-4f67e8401cbb;450.0;21.64967657;UNKNOWN
2016-04-22T00:36:09.000000;2016-04-22T00:36:09.000000;401612cc-61f8-4910-b631-7e039ef22cc3;450.13;2.0;UNKNOWN
2016-04-22T00:36:22.000000;2016-04-22T00:36:22.000000;794cc8a3-58a9-4279-afbc-96ff692370b5;450.0;6.0;UNKNOWN
2016-04-22T00:36:22.000000;2016-04-22T00:36:22.000000;9c6ac3fa-f73e-4421-8223-dfcf4705b259;450.0;2.0;UNKNOWN
2016-04-22T00:36:28.000000;2016-04-22T00:36:28.000000;66248a12-624c-4156-843d-2bdd8d6211c6;450.0;0.4;UNKNOWN
2016-04-22T00:36:35.000000;2016-04-22T00:36:35.000000;4bec19eb-eba3-48d0-8dda-03b2335a1286;450.0;2.0;UNKNOWN
2016-04-22T00:36:35.000000;2016-04-22T00:36:35.000000;46bc225a-0633-487c-a536-846a4b75a62a;450.0;6.0;UNKNOWN
2016-04-22T00:36:45.000000;2016-04-22T00:36:45.000000;259cdb93-27fe-4447-a0cd-5daa983f472a;450.01;0.1;UNKNOWN
2016-04-22T00:36:54.000000;2016-04-22T00:36:54.000000;4a0f2f09-8ad2-4ba2-8f4d-35c8929a6221;450.0;0.1;UNKNOWN
2016-04-22T00:37:17.000000;2016-04-22T00:37:17.000000;faa03f70-ad6d-4d16-a473-b7c0952e98a8;450.0;0.1;UNKNOWN
2016-04-22T00:37:20.000000;2016-04-22T00:37:20.000000;540e0828-6abe-4b22-9770-c79c1247a739;450.01;10.0;UNKNOWN
2016-04-22T00:37:39.000000;2016-04-22T00:37:39.000000;5fe976e7-17f5-4bfc-9acc-6e3c2542fcdc;450.0;0.1;UNKNOWN
2016-04-22T00:37:50.000000;2016-04-22T00:37:50.000000;0dc8322e-865b-468b-8b9f-327d9932b329;450.01;6.6078;UNKNOWN
2016-04-22T00:37:55.000000;2016-04-22T00:37:55.000000;dc6eb651-980e-4fb0-b307-db1aae7b3104;450.0;0.01;UNKNOWN
2016-04-22T00:38:02.000000;2016-04-22T00:38:02.000000;e64aa8d6-ec56-4aae-9a30-2529572a493b;450.0;0.1;UNKNOWN
2016-04-22T00:38:15.000000;2016-04-22T00:38:15.000000;261700a3-f7b9-4c45-ac15-7468ca31ccd6;450.01;0.02;UNKNOWN
2016-04-22T00:38:24.000000;2016-04-22T00:38:24.000000;cb96b9a6-062e-42fd-a00e-ae06ac592962;450.0;0.1;UNKNOWN
2016-04-22T00:38:47.000000;2016-04-22T00:38:47.000000;a2217b96-cd70-4c65-a8f3-33c6c13127c8;450.0;0.1;UNKNOWN
2016-04-22T00:39:09.000000;2016-04-22T00:39:09.000000;42de5be8-5ee6-4cee-99e7-40f277affdd6;450.0;0.1;UNKNOWN
2016-04-22T00:39:34.000000;2016-04-22T00:39:34.000000;1014340f-0e7f-4389-8872-0ef8e690b923;450.0;0.1;UNKNOWN
2016-04-22T00:39:35.000000;2016-04-22T00:39:35.000000;f68cc1c6-aa79-4b2f-a9ee-07e918c1d589;449.72;24.5966;UNKNOWN
2016-04-22T00:39:35.000000;2016-04-22T00:39:35.000000;e02f50fb-4c7e-4df9-a434-defca1c57584;449.9;0.0313;UNKNOWN
2016-04-22T00:39:35.000000;2016-04-22T00:39:35.000000;4dcda362-4ec5-45d9-8095-b837e63a6982;449.81;0.1;UNKNOWN
2016-04-22T00:39:35.000000;2016-04-22T00:39:35.000000;99c3e71e-5dc7-4d14-81a2-2b26ac459057;449.98;10.0;UNKNOWN
2016-04-22T00:39:35.000000;2016-04-22T00:39:35.000000;589556bc-5371-455b-82ec-b29bcfdf961c;449.68;12.9838;UNKNOWN
2016-04-22T00:39:35.000000;2016-04-22T00:39:35.000000;2b66400b-e3ff-4d2b-843c-62829b85402a;450.0;24.99;UNKNOWN
2016-04-22T00:39:35.000000;2016-04-22T00:39:35.000000;96212320-10e6-42a7-8777-9527b5bba335;449.51;8.14;UNKNOWN
2016-04-22T00:39:35.000000;2016-04-22T00:39:35.000000;eb2b1e96-2ac9-43fe-96a5-89453c7cfa33;449.81;0.25;UNKNOWN
2016-04-22T00:39:35.000000;2016-04-22T00:39:35.000000;e00b5f7f-9503-4883-935a-7817708decb1;449.81;13.1092;UNKNOWN
2016-04-22T00:39:35.000000;2016-04-22T00:39:35.000000;951c7c0c-0b15-4446-ad3f-4dc0627e235b;449.5;14.2553;UNKNOWN
2016-04-22T00:39:35.000000;2016-04-22T00:39:35.000000;02010e22-47a9-4136-8ed8-0f341752ffa8;449.57;0.05;UNKNOWN
2016-04-22T00:39:35.000000;2016-04-22T00:39:35.000000;bfa2aed1-6704-4856-8fe5-a8599a0a72ac;450.0;1.5;UNKNOWN
2016-04-22T00:39:35.000000;2016-04-22T00:39:35.000000;3e836d90-97d3-4915-b75a-08189481755a;450.0;11.14032343;UNKNOWN
2016-04-22T00:39:35.000000;2016-04-22T00:39:35.000000;75bf3a92-5e7b-43e3-9279-61f3c370066e;449.71;8.23;UNKNOWN
2016-04-22T00:39:35.000000;2016-04-22T00:39:35.000000;85645878-2c1f-4a85-b2d0-606395eb55af;449.9;0.0436;UNKNOWN
2016-04-22T00:39:35.000000;2016-04-22T00:39:35.000000;5afc47d0-4837-4fb0-8fa3-3ab4ba5e690a;450.0;0.25;UNKNOWN
2016-04-22T00:39:35.000000;2016-04-22T00:39:35.000000;861a8b22-bd3d-4bae-9d8e-5380525531b7;449.7;54.59638986;UNKNOWN
2016-04-22T00:39:35.000000;2016-04-22T00:39:35.000000;6fa528d1-244e-4174-82b3-844f858f9f2c;449.57;0.024072;UNKNOWN
2016-04-22T00:39:35.000000;2016-04-22T00:39:35.000000;1583ff1d-76b2-45a7-a2fb-565807eef4d5;449.5;2.0;UNKNOWN
2016-04-22T00:39:35.000000;2016-04-22T00:39:35.000000;70fa5e4d-e4dc-47b3-8538-11a974707e83;449.23;11.0974;UNKNOWN
2016-04-22T00:39:35.000000;2016-04-22T00:39:35.000000;32bc02a5-e5c3-48f5-88c7-58ad10b8e3a7;449.2;4.5083;UNKNOWN
2016-04-22T00:39:35.000000;2016-04-22T00:39:35.000000;d81d8162-1c50-4719-8424-95693a447d53;449.37;13.3887;UNKNOWN
2016-04-22T00:39:35.000000;2016-04-22T00:39:35.000000;2012ff9c-828a-4ddb-b257-ea17c0988ac4;449.4;0.02506;UNKNOWN
2016-04-22T00:39:35.000000;2016-04-22T00:39:35.000000;f902d277-d990-4cee-9958-fca2d116865e;449.3;0.0606;UNKNOWN
2016-04-22T00:39:35.000000;2016-04-22T00:39:35.000000;721ae77c-5d5e-49e1-b02a-2afa1337d1b4;449.19;0.01;UNKNOWN
2016-04-22T00:39:35.000000;2016-04-22T00:39:35.000000;6579340e-a396-4beb-84c4-67ded0fefb32;449.2;5.0;UNKNOWN
2016-04-22T00:39:35.000000;2016-04-22T00:39:35.000000;ab5dd925-ee39-4f2c-819b-8c47d0527f25;449.21;4.34;UNKNOWN
2016-04-22T00:39:35.000000;2016-04-22T00:39:35.000000;ac1f25ab-c1c3-49ff-99e0-c3f11cf93aed;449.17;5.77;UNKNOWN
2016-04-22T00:39:35.000000;2016-04-22T00:39:35.000000;2bf8b852-671d-4b0f-ab54-e5b8916f5418;449.17;0.07130086;UNKNOWN
2016-04-22T00:39:35.000000;2016-04-22T00:39:35.000000;89b1d94a-37fd-424b-b48d-134d31a17b2c;449.16;2.46433072;UNKNOWN
2016-04-22T00:39:42.000000;2016-04-22T00:39:42.000000;005ce756-ce11-455c-aecc-65f368caa319;449.46;0.1;UNKNOWN
2016-04-22T00:39:42.000000;2016-04-22T00:39:42.000000;1b9f0c54-32f0-48b6-8b75-a0d786996118;449.46;0.1;UNKNOWN
2016-04-22T00:39:42.000000;2016-04-22T00:39:42.000000;0c622399-0841-446a-83f3-27ecdee8c4a5;449.46;0.1;UNKNOWN
2016-04-22T00:39:42.000000;2016-04-22T00:39:42.000000;6222cc77-ce40-4239-b97c-72070fe4973c;449.46;2.0;UNKNOWN
2016-04-22T00:39:42.000000;2016-04-22T00:39:42.000000;500a09f4-bea9-445d-9ee8-ac505f446d59;449.46;0.0423576;UNKNOWN
2016-04-22T00:39:42.000000;2016-04-22T00:39:42.000000;fe570e87-b350-414c-a395-8e9870dea584;449.46;0.1;UNKNOWN
2016-04-22T00:39:42.000000;2016-04-22T00:39:42.000000;19968e51-2573-415c-8a21-c83e84dd9d4a;449.46;0.2;UNKNOWN
2016-04-22T00:39:42.000000;2016-04-22T00:39:42.000000;aed08f4e-6910-4612-99e4-43bf372b3ce1;449.46;1.0;UNKNOWN
2016-04-22T00:39:42.000000;2016-04-22T00:39:42.000000;d234671c-90dc-4837-8d27-e4390c91be4f;449.46;0.1;UNKNOWN
2016-04-22T00:39:52.000000;2016-04-22T00:39:52.000000;50dd4498-2e76-425e-ac1c-31c92b3876d6;449.46;1.8;UNKNOWN
2016-04-22T00:39:54.000000;2016-04-22T00:39:54.000000;54319de2-202f-4432-9d36-7fb2e70710b9;449.46;0.1;UNKNOWN
2016-04-22T00:39:57.000000;2016-04-22T00:39:57.000000;c52f37a1-a7fb-4876-9ded-198caa20465b;449.47;0.250001;UNKNOWN
2016-04-22T00:39:58.000000;2016-04-22T00:39:58.000000;f37c2079-84a2-492b-824e-8be8a595a88f;449.47;0.01;UNKNOWN
2016-04-22T00:40:00.000000;2016-04-22T00:40:00.000000;8f67e5f2-e20e-44ae-9dfe-f4d1438bf1f4;449.47;0.250001;UNKNOWN
2016-04-22T00:40:06.000000;2016-04-22T00:40:06.000000;6988c394-4ae7-41bd-8984-37ed7eea1c7e;449.47;0.250001;UNKNOWN
2016-04-22T00:40:07.000000;2016-04-22T00:40:07.000000;57b71851-11c4-4f6f-abe7-40825c627902;449.47;0.53392;UNKNOWN
2016-04-22T00:40:10.000000;2016-04-22T00:40:10.000000;8055f55d-742c-4ebb-8d15-445c79dbb369;449.47;0.250001;UNKNOWN
2016-04-22T00:40:15.000000;2016-04-22T00:40:15.000000;b58a377a-7bd2-4a66-86b7-c0da5c38fadc;449.47;0.250001;UNKNOWN
2016-04-22T00:40:16.000000;2016-04-22T00:40:16.000000;a7d6d2be-4a20-4361-bdc2-8e286300850f;449.13;0.01;UNKNOWN
2016-04-22T00:40:16.000000;2016-04-22T00:40:16.000000;634dc8e7-11fb-4768-8ca7-543a3bc3ecf9;449.11;5.0;UNKNOWN
2016-04-22T00:40:16.000000;2016-04-22T00:40:16.000000;5f09da02-9d75-4267-b0fc-f23ac50cea69;449.01;9.41885071;UNKNOWN
2016-04-22T00:40:16.000000;2016-04-22T00:40:16.000000;f4c18b5b-5018-4131-9509-488e72654951;449.36;6.6204;UNKNOWN
2016-04-22T00:40:16.000000;2016-04-22T00:40:16.000000;1c5e0d37-51f0-4ca7-a446-1882a8b25282;449.46;0.221;UNKNOWN
2016-04-22T00:40:16.000000;2016-04-22T00:40:16.000000;bab64e52-b919-48e6-84ab-0119a4489bc2;449.46;0.221;UNKNOWN
2016-04-22T00:40:16.000000;2016-04-22T00:40:16.000000;0893b71a-1421-4516-9c76-d6db307c05e3;449.46;0.221;UNKNOWN
2016-04-22T00:40:16.000000;2016-04-22T00:40:16.000000;14b21b0c-5057-4648-87ff-52b1554c68e3;449.16;10.19976928;UNKNOWN
2016-04-22T00:40:16.000000;2016-04-22T00:40:16.000000;93c71349-edae-4e63-a7b4-77123592ab91;449.46;0.221;UNKNOWN
2016-04-22T00:40:16.000000;2016-04-22T00:40:16.000000;bb53f854-f528-4b72-931e-9c3c43278e2d;449.46;0.221;UNKNOWN
2016-04-22T00:40:16.000000;2016-04-22T00:40:16.000000;eaa282ce-16fb-45ec-87e8-d65812cd4b90;449.34;11.9153;UNKNOWN
2016-04-22T00:40:16.000000;2016-04-22T00:40:16.000000;3c87bcb4-30ee-4c2b-ab42-c13352ceca0e;449.46;0.221;UNKNOWN
2016-04-22T00:40:16.000000;2016-04-22T00:40:16.000000;1bb22996-e428-454e-8ac2-a587869fc116;449.46;0.221;UNKNOWN
2016-04-22T00:40:16.000000;2016-04-22T00:40:16.000000;7cb084d9-435a-42e1-ba22-3f406f01f246;449.36;11.9483;UNKNOWN
2016-04-22T00:40:16.000000;2016-04-22T00:40:16.000000;953c98e6-b0f0-4185-8f27-f20ddd1f05db;449.46;0.221;UNKNOWN
2016-04-22T00:40:16.000000;2016-04-22T00:40:16.000000;c7fd9797-305c-4767-9237-39c8a8b0ab99;449.46;0.221;UNKNOWN
2016-04-22T00:40:16.000000;2016-04-22T00:40:16.000000;fb785bb5-2cdc-4de5-9774-846c788c6905;449.46;0.221;UNKNOWN
2016-04-22T00:40:16.000000;2016-04-22T00:40:16.000000;1e85ec19-7507-4a0b-8de7-89a44c29553d;449.46;0.221;UNKNOWN
2016-04-22T00:40:16.000000;2016-04-22T00:40:16.000000;2ee3fd09-f266-464e-910b-2e8697398aae;449.46;0.221;UNKNOWN
2016-04-22T00:40:16.000000;2016-04-22T00:40:16.000000;9fdc5ac3-8267-4c20-8092-8a9d1555f551;449.46;0.221;UNKNOWN
2016-04-22T00:40:16.000000;2016-04-22T00:40:16.000000;1bfc5bee-9a5a-4728-b29a-0c08393e9222;449.46;0.221;UNKNOWN
2016-04-22T00:40:16.000000;2016-04-22T00:40:16.000000;fbe16908-c553-429d-bb80-8065f1a661a6;449.46;0.221;UNKNOWN
2016-04-22T00:40:16.000000;2016-04-22T00:40:16.000000;6ad5c224-e703-4eb1-b0dd-0929b8aa0a6c;449.46;0.221;UNKNOWN
2016-04-22T00:40:16.000000;2016-04-22T00:40:16.000000;336bffa8-559b-45ff-b85a-b9e94fba7b7a;449.46;0.221;UNKNOWN
2016-04-22T00:40:16.000000;2016-04-22T00:40:16.000000;df30171a-511c-4b65-b078-121182fbe1a5;449.46;0.221;UNKNOWN
2016-04-22T00:40:16.000000;2016-04-22T00:40:16.000000;e71a80eb-0100-442b-b0b0-3c31bd846265;449.46;0.221;UNKNOWN
2016-04-22T00:40:16.000000;2016-04-22T00:40:16.000000;d3cbe51d-f024-448a-acda-c5d7d18d80ba;449.46;8.3437424;UNKNOWN
2016-04-22T00:40:16.000000;2016-04-22T00:40:16.000000;8da97739-267c-4aa4-b54e-1a0c658838f9;449.46;0.221;UNKNOWN
2016-04-22T00:40:18.000000;2016-04-22T00:40:18.000000;aae61fa3-cf24-490b-ae9b-6357eb27d7b5;449.46;0.1;UNKNOWN
2016-04-22T00:40:18.000000;2016-04-22T00:40:18.000000;f65cc1ae-599e-4d4b-b5d3-8db1bdd35777;449.46;0.150001;UNKNOWN
2016-04-22T00:40:43.000000;2016-04-22T00:40:43.000000;5ad9ecb4-96e9-4857-bef5-c8efb304e8d8;449.5;0.1;UNKNOWN
2016-04-22T00:40:43.000000;2016-04-22T00:40:43.000000;63724afe-bedc-4d11-a40e-d1dbbdcdec1d;449.74;0.250001;UNKNOWN
2016-04-22T00:40:43.000000;2016-04-22T00:40:43.000000;8d19794a-56d6-4b72-a8a1-80d7b7f4cc1f;449.46;12.5264;UNKNOWN
2016-04-22T00:40:43.000000;2016-04-22T00:40:43.000000;08a71306-996f-414f-b486-e28408b0140d;449.3;2.921597;UNKNOWN
2016-04-22T00:40:43.000000;2016-04-22T00:40:43.000000;9c8a3597-15fe-4fc3-8a6c-fad9c2b34ad7;449.42;0.250001;UNKNOWN
2016-04-22T00:40:43.000000;2016-04-22T00:40:43.000000;fe0be8de-da97-4708-b18a-a6f9eb01d621;449.68;0.222001;UNKNOWN
2016-04-22T00:40:48.000000;2016-04-22T00:40:48.000000;a63d65e7-205c-489a-bd4f-9dfca4b9c8ba;449.78;0.09862824;UNKNOWN
2016-04-22T00:40:50.000000;2016-04-22T00:40:50.000000;6c3b67ad-b521-4e64-91ca-061c4e97d9fd;449.19;0.3;UNKNOWN
2016-04-22T00:40:54.000000;2016-04-22T00:40:54.000000;aeda7329-781f-4a2f-8b08-876597707c6f;449.19;0.01;UNKNOWN
2016-04-22T00:40:57.000000;2016-04-22T00:40:57.000000;0cab5101-1123-482c-9129-f210419ea6b1;449.04;4.0;UNKNOWN
2016-04-22T00:40:57.000000;2016-04-22T00:40:57.000000;205e7ad6-f56d-453d-9fbd-344c13adf634;449.08;1.0;UNKNOWN
2016-04-22T00:41:00.000000;2016-04-22T00:41:00.000000;029ad60e-4d81-43d5-a6e5-e5250825a7be;449.06;19.3596;UNKNOWN
2016-04-22T00:41:00.000000;2016-04-22T00:41:00.000000;64fda397-1138-4fb8-970c-47721b2d72a0;449.05;3.0;UNKNOWN
2016-04-22T00:41:00.000000;2016-04-22T00:41:00.000000;a9cf3644-cdfd-4510-b106-3199ee337705;449.01;3.07114929;UNKNOWN
2016-04-22T00:41:00.000000;2016-04-22T00:41:00.000000;15488a80-36b5-40c6-84a6-4fda8e797ca7;449.0;4.5;UNKNOWN
2016-04-22T00:41:00.000000;2016-04-22T00:41:00.000000;a70f2833-1284-4c9b-abf0-9d40bf9e2c39;449.05;6.0;UNKNOWN
2016-04-22T00:41:00.000000;2016-04-22T00:41:00.000000;b402218b-b518-43d9-b5c5-6801ca99e442;449.0;1.0;UNKNOWN
2016-04-22T00:41:00.000000;2016-04-22T00:41:00.000000;0725d6bf-3444-4787-ba6f-af4ea87ccfd4;449.05;0.5;UNKNOWN
2016-04-22T00:41:00.000000;2016-04-22T00:41:00.000000;48d421c5-da75-419d-ac08-da130dd011e9;449.0;12.425;UNKNOWN
2016-04-22T00:41:00.000000;2016-04-22T00:41:00.000000;c59dc994-42c4-4cdd-943d-607d4bdae8c1;449.0;0.14425071;UNKNOWN
2016-04-22T00:41:03.000000;2016-04-22T00:41:03.000000;b3de5bd3-8a13-4f9a-90fa-fe55b44c5e4a;449.06;0.26696;UNKNOWN
2016-04-22T00:41:33.000000;2016-04-22T00:41:33.000000;a4f009d4-84fd-43e8-9fb3-85325df0dac0;449.04;0.01;UNKNOWN
2016-04-22T00:42:03.000000;2016-04-22T00:42:03.000000;d1f5f597-872b-4d60-b181-b5178fce6a02;449.04;0.13348;UNKNOWN
2016-04-22T00:42:32.000000;2016-04-22T00:42:32.000000;31e48abf-bcb5-4f40-a22e-cbc1efb4b7f4;449.03;12.9191;UNKNOWN
2016-04-22T00:42:45.000000;2016-04-22T00:42:45.000000;5774d51d-5944-4a2b-8c50-94e9f3b082f1;448.15;2.95637069;UNKNOWN
2016-04-22T00:42:45.000000;2016-04-22T00:42:45.000000;f251f685-ca8a-492f-9f58-84c47fdf8aeb;449.02;12.3238;UNKNOWN
2016-04-22T00:42:45.000000;2016-04-22T00:42:45.000000;09b40cde-803c-42ce-b42d-a111775b3acc;448.17;12.7398;UNKNOWN
2016-04-22T00:42:45.000000;2016-04-22T00:42:45.000000;2ba8b75f-2543-4a80-9b19-e2c2e2542407;448.2;2.0;UNKNOWN
2016-04-22T00:42:45.000000;2016-04-22T00:42:45.000000;40949699-f5c3-444e-ad46-16f76340aa3d;448.21;20.0;UNKNOWN
2016-04-22T00:42:45.000000;2016-04-22T00:42:45.000000;a49eb44d-e327-406a-b0be-4f8a92241f14;448.83;14.0694;UNKNOWN
2016-04-22T00:42:45.000000;2016-04-22T00:42:45.000000;6fa1fa6b-a697-466e-b6d8-e3a552ceceaa;448.15;2.0;UNKNOWN
2016-04-22T00:42:45.000000;2016-04-22T00:42:45.000000;faa09d09-4974-4a48-8a61-2709f5d82e5b;448.88;24.2876;UNKNOWN
2016-04-22T00:42:45.000000;2016-04-22T00:42:45.000000;3aa776c4-03e4-4c45-ba6b-180b5aec33b7;448.3;12.9521;UNKNOWN
2016-04-22T00:42:45.000000;2016-04-22T00:42:45.000000;3cc3757e-18b8-498d-9112-ca8e681ad415;449.0;0.10574929;UNKNOWN
2016-04-22T00:42:45.000000;2016-04-22T00:42:45.000000;71e17462-dc3d-47e7-8c76-2c529885f5ca;448.3;0.25;UNKNOWN
2016-04-22T00:42:45.000000;2016-04-22T00:42:45.000000;f6c55c2b-e980-42d4-ad94-bb849eb31c0b;448.2;1.0;UNKNOWN
2016-04-22T00:42:45.000000;2016-04-22T00:42:45.000000;b3d413b0-c6ad-4fb4-92a6-be776a1d5ab7;448.34;4.27866976;UNKNOWN
2016-04-22T00:42:45.000000;2016-04-22T00:42:45.000000;2860b247-85ec-4ea1-915e-0fc61780dd5e;448.45;4.27624546;UNKNOWN
2016-04-22T00:42:45.000000;2016-04-22T00:42:45.000000;a66a6c33-ffa8-4ae2-a0e5-704d6cfd9543;448.29;0.01;UNKNOWN
2016-04-22T00:42:45.000000;2016-04-22T00:42:45.000000;5e297a10-a2f2-4b6b-a8fa-8e03292534c9;448.47;4.27844094;UNKNOWN
2016-04-22T00:42:45.000000;2016-04-22T00:42:45.000000;a1f40c91-655b-4187-91b7-58984e41ef4c;448.29;4.27866976;UNKNOWN
2016-04-22T00:42:45.000000;2016-04-22T00:42:45.000000;53f3141b-ae32-41aa-b053-e0f9a1d9a3b2;448.88;0.25;UNKNOWN
2016-04-22T00:42:45.000000;2016-04-22T00:42:45.000000;db00f136-cabc-4be4-9bd8-a1b27c8bb370;448.48;0.23;UNKNOWN
2016-04-22T00:42:45.000000;2016-04-22T00:42:45.000000;b2420cad-2925-4abc-9309-320cebaf4d0b;448.41;4.27866976;UNKNOWN
2016-04-22T00:42:45.000000;2016-04-22T00:42:45.000000;f0c9b6f4-9731-49bc-933b-d8401ca557ba;448.53;4.27619974;UNKNOWN
2016-04-22T00:42:45.000000;2016-04-22T00:42:45.000000;17f525e3-3593-499a-8311-58a7397f1941;448.5;10.0;UNKNOWN
2016-04-22T00:42:45.000000;2016-04-22T00:42:45.000000;f6c0d697-a7ed-4b68-949b-3a6e56f4461b;448.46;0.01;UNKNOWN
2016-04-22T00:42:45.000000;2016-04-22T00:42:45.000000;d313c460-14c7-47be-a2bf-e4faa47a35ec;448.4;4.27844094;UNKNOWN
2016-04-22T00:42:45.000000;2016-04-22T00:42:45.000000;005dd74a-55f2-4ff6-b8a0-a1c4827d3e65;448.69;2.06;UNKNOWN
2016-04-22T00:42:45.000000;2016-04-22T00:42:45.000000;098f21a8-1b64-461d-9d0b-fb8483a9ef0e;448.68;0.25;UNKNOWN
2016-04-22T00:42:45.000000;2016-04-22T00:42:45.000000;abb43f99-1ec5-4188-8072-9a07bea822a3;448.69;12.6638;UNKNOWN
2016-04-22T00:42:45.000000;2016-04-22T00:42:45.000000;d3783e5a-0483-427b-9553-dc1023388130;448.89;0.17657024;UNKNOWN
2016-04-22T00:42:45.000000;2016-04-22T00:42:45.000000;d5d8104d-55ad-4e1a-951a-12d5fb9b15a3;448.49;3.47;UNKNOWN
2016-04-22T00:42:45.000000;2016-04-22T00:42:45.000000;3c90c6d2-b99e-4088-9b20-2f1c9714c310;448.5;6.2639082;UNKNOWN
2016-04-22T00:42:45.000000;2016-04-22T00:42:45.000000;e1406f1c-0cce-4088-a1d5-ae7f457a4cf9;448.75;0.25;UNKNOWN
2016-04-22T00:42:45.000000;2016-04-22T00:42:45.000000;dbadf562-6a61-4c6b-b453-47b5cfd0409b;448.92;0.25;UNKNOWN
2016-04-22T00:42:45.000000;2016-04-22T00:42:45.000000;2dbcdca5-71e8-4ddd-b1d8-a7ae02bcfe7d;448.55;5.0;UNKNOWN
2016-04-22T00:42:45.000000;2016-04-22T00:42:45.000000;b5aca9af-40ae-4d18-960c-00be76fc3fa2;448.7;6.33316522;UNKNOWN
2016-04-22T00:42:45.000000;2016-04-22T00:42:45.000000;2ddb9da8-8bd8-4fdd-8ba0-f3d860acf775;448.49;14.2524;UNKNOWN
2016-04-22T00:42:45.000000;2016-04-22T00:42:45.000000;c2507acb-05d6-4cea-9174-71725984cda4;448.61;3.9;UNKNOWN
2016-04-22T00:42:56.000000;2016-04-22T00:42:56.000000;d945222a-97da-4db0-957c-1e11d9ba0685;448.99;4.7472;UNKNOWN
2016-04-22T00:42:57.000000;2016-04-22T00:42:57.000000;7037489e-d661-4455-bbc5-a82e18e8bdd2;448.53;0.4;UNKNOWN
2016-04-22T00:42:57.000000;2016-04-22T00:42:57.000000;50fb21bc-27d9-470b-bf18-e6bca2522910;448.31;0.3007;UNKNOWN
2016-04-22T00:42:57.000000;2016-04-22T00:42:57.000000;031d41a0-0c08-463a-81d7-fae26d1a7a24;448.68;0.6;UNKNOWN
2016-04-22T00:42:57.000000;2016-04-22T00:42:57.000000;bcdd0122-b66b-4cfe-899a-c361d00e8f18;448.31;0.1;UNKNOWN
2016-04-22T00:42:57.000000;2016-04-22T00:42:57.000000;db4a7ae1-2bbe-41a4-afb6-f383fa2d7d3c;448.68;2.0;UNKNOWN
2016-04-22T00:42:57.000000;2016-04-22T00:42:57.000000;f2c92ff7-cbad-4993-b337-21da21e81498;448.52;12.9907;UNKNOWN
2016-04-22T00:42:57.000000;2016-04-22T00:42:57.000000;6cfc9b47-d44d-4780-aa37-1396a375658c;448.68;11.3086;UNKNOWN
2016-04-22T00:43:00.000000;2016-04-22T00:43:00.000000;6789a365-fc70-47a7-adf9-e8f855d9158c;448.69;10.0;UNKNOWN
2016-04-22T00:43:02.000000;2016-04-22T00:43:02.000000;c3c6d144-4734-4dbe-a46f-c8d36714e57b;448.68;0.21;UNKNOWN
2016-04-22T00:43:03.000000;2016-04-22T00:43:03.000000;8a2c0f9c-8e77-4e14-8ff2-cb290db8c40c;448.69;0.06674;UNKNOWN
2016-04-22T00:43:05.000000;2016-04-22T00:43:05.000000;f0cbf027-5a45-4e59-87c9-e9746de42a7d;448.69;0.19;UNKNOWN
2016-04-22T00:43:06.000000;2016-04-22T00:43:06.000000;79cc42ee-bb9a-43f3-ac45-72e0ce3a4090;448.69;3.42;UNKNOWN
2016-04-22T00:43:18.000000;2016-04-22T00:43:18.000000;4dead175-92c7-4acb-8848-65d44002f81a;449.0;0.75;UNKNOWN
2016-04-22T00:43:25.000000;2016-04-22T00:43:25.000000;25b25a64-b333-4122-b3fc-935cf8ddd442;449.0;1.0;UNKNOWN
2016-04-22T00:43:43.000000;2016-04-22T00:43:43.000000;5d40825c-216f-4842-90d4-5fcf11f355b6;449.0;4.0;UNKNOWN
2016-04-22T00:44:15.000000;2016-04-22T00:44:15.000000;c7a21eae-dfe2-4bdd-a229-b29b44cd53d5;449.01;4.0;UNKNOWN
2016-04-22T00:44:24.000000;2016-04-22T00:44:24.000000;c2f65ce7-641d-4139-9b95-35320fc15ca5;449.0;1.0;UNKNOWN
2016-04-22T00:45:50.000000;2016-04-22T00:45:50.000000;604ca4c2-a419-459c-8110-7768f5deb540;449.01;0.1;UNKNOWN
2016-04-22T00:46:38.000000;2016-04-22T00:46:38.000000;b2639d5d-729a-43fc-9801-93d9d1fc04bd;449.01;5.0;UNKNOWN
2016-04-22T00:46:39.000000;2016-04-22T00:46:39.000000;feb11759-9b80-4f66-a04b-bf6e8a852933;449.01;0.2;UNKNOWN
2016-04-22T00:46:42.000000;2016-04-22T00:46:42.000000;f13b6543-1961-495e-9a7e-2ef54b87529e;449.01;0.2;UNKNOWN
2016-04-22T00:46:44.000000;2016-04-22T00:46:44.000000;f8d7683a-375d-43f6-bf6d-b741c0f93c0e;449.01;0.2;UNKNOWN
2016-04-22T00:46:48.000000;2016-04-22T00:46:48.000000;08236643-987d-4aab-a7b9-5b37e9561cc6;449.01;0.2;UNKNOWN
2016-04-22T00:46:49.000000;2016-04-22T00:46:49.000000;61c13a2d-6852-47eb-84b8-9aa7a011104a;449.01;0.2;UNKNOWN
2016-04-22T00:46:51.000000;2016-04-22T00:46:51.000000;0d6c3386-418d-4cbb-923e-be8af3830289;449.01;0.01;UNKNOWN
2016-04-22T00:46:51.000000;2016-04-22T00:46:51.000000;68cb300d-6fda-4f4a-945d-549b57dd630e;449.01;0.2;UNKNOWN
2016-04-22T00:46:52.000000;2016-04-22T00:46:52.000000;6d93af90-c39d-4025-af2a-ceb11032e8e1;449.01;0.2;UNKNOWN
2016-04-22T00:46:53.000000;2016-04-22T00:46:53.000000;a149a3d4-ee78-4176-b0d4-07b11f50755d;449.01;0.01;UNKNOWN
2016-04-22T00:46:54.000000;2016-04-22T00:46:54.000000;cdee6d05-f224-4148-9dfd-5fef7548650c;449.01;0.2;UNKNOWN
2016-04-22T00:46:56.000000;2016-04-22T00:46:56.000000;54e7831d-7847-4361-b7e6-5779e465efaf;449.01;0.2;UNKNOWN
2016-04-22T00:46:56.000000;2016-04-22T00:46:56.000000;09304d07-a3a7-4c76-9d22-759a050b6d27;449.01;0.2;UNKNOWN
2016-04-22T00:46:59.000000;2016-04-22T00:46:59.000000;4bf5d49b-04f2-4d18-ad8e-9bdaa4f60cb7;449.01;0.2;UNKNOWN
2016-04-22T00:46:59.000000;2016-04-22T00:46:59.000000;d00b61cc-2cfd-49a1-bb11-6cf78f2138e9;449.01;0.2;UNKNOWN
2016-04-22T00:47:09.000000;2016-04-22T00:47:09.000000;942e602e-ae95-4fa4-9ac3-b8186537c769;449.01;0.2;UNKNOWN
2016-04-22T00:47:09.000000;2016-04-22T00:47:09.000000;e0a2408a-25b5-47a9-8c1c-52380d769eff;449.01;0.2;UNKNOWN
2016-04-22T00:47:13.000000;2016-04-22T00:47:13.000000;3def6079-68fb-4f4f-9a05-8f44428151d2;449.01;0.2;UNKNOWN
2016-04-22T00:47:13.000000;2016-04-22T00:47:13.000000;315be172-605d-40bd-8095-4a0f760e244a;449.01;0.2;UNKNOWN
2016-04-22T00:47:14.000000;2016-04-22T00:47:14.000000;ae13e423-8f46-4923-a844-0d4071fa78ac;449.01;0.2;UNKNOWN
2016-04-22T00:47:20.000000;2016-04-22T00:47:20.000000;00b760f6-933f-4644-95f5-1fd75cb6dc00;449.01;0.2;UNKNOWN
2016-04-22T00:47:20.000000;2016-04-22T00:47:20.000000;a84cd7ea-c25a-4517-ad44-b7fa39f3d087;449.01;0.2;UNKNOWN
2016-04-22T00:47:23.000000;2016-04-22T00:47:23.000000;aaa4e4ae-6445-4f5c-8e08-5c4828374893;449.01;0.2;UNKNOWN
2016-04-22T00:47:25.000000;2016-04-22T00:47:25.000000;718ad938-bb7e-487b-8089-fd135185adf3;449.01;0.2;UNKNOWN
2016-04-22T00:47:30.000000;2016-04-22T00:47:30.000000;3f98a334-3c4c-42ca-b54c-4b35b3738b44;449.01;0.2;UNKNOWN
2016-04-22T00:47:30.000000;2016-04-22T00:47:30.000000;e7d818d1-63ff-4066-8cf7-a571057d66f9;449.01;0.2;UNKNOWN
2016-04-22T00:47:35.000000;2016-04-22T00:47:35.000000;4e5177a6-f75d-4451-b452-325e18775888;449.01;0.2;UNKNOWN
2016-04-22T00:47:35.000000;2016-04-22T00:47:35.000000;7cc32fcf-824f-4fd8-afcf-845b352cf2ca;449.01;0.2;UNKNOWN
2016-04-22T00:47:46.000000;2016-04-22T00:47:46.000000;7e21f248-888c-4bac-a51f-96957c7a0830;449.01;0.2;UNKNOWN
2016-04-22T00:48:01.000000;2016-04-22T00:48:01.000000;39d3ba30-a97f-42b7-b2d6-5517e81e46ba;449.01;0.2;UNKNOWN
2016-04-22T00:48:07.000000;2016-04-22T00:48:07.000000;2f73435f-7e9f-483d-ad71-889c6a4de906;448.9;0.0437;UNKNOWN
2016-04-22T00:48:07.000000;2016-04-22T00:48:07.000000;f32ecc14-6d91-41e7-af0e-9f2572d5e29f;448.94;0.01;UNKNOWN
2016-04-22T00:48:07.000000;2016-04-22T00:48:07.000000;e0fd3ff6-d1cc-4300-8d5f-63426b5eb9e4;448.9;0.0607;UNKNOWN
2016-04-22T00:48:07.000000;2016-04-22T00:48:07.000000;5992f5d8-40f0-48e5-aa32-80ef2d7d5f2d;448.8;0.01;UNKNOWN
2016-04-22T00:48:07.000000;2016-04-22T00:48:07.000000;92b1dcc9-4554-44c7-8021-ab317f4138c4;448.9;0.0314;UNKNOWN
2016-04-22T00:48:07.000000;2016-04-22T00:48:07.000000;4d3dade0-5d63-4c82-8c41-22d3554c1d54;448.71;0.3324;UNKNOWN
2016-04-22T00:48:07.000000;2016-04-22T00:48:07.000000;eb640dff-db65-4390-8e07-42a7cd8319ef;449.0;47.5118;UNKNOWN
2016-04-22T00:48:07.000000;2016-04-22T00:48:07.000000;333fbe27-fe78-42a4-a630-f25fe708a1b5;449.0;2.0;UNKNOWN
2016-04-22T00:48:10.000000;2016-04-22T00:48:10.000000;0858a1b1-ed12-42ec-b0ee-0a1cb6acc1bd;449.01;22.0437;UNKNOWN
2016-04-22T00:48:19.000000;2016-04-22T00:48:19.000000;ee18db4f-8cf6-48ac-854f-88c88bd1fa43;449.0;0.01;UNKNOWN
2016-04-22T00:48:23.000000;2016-04-22T00:48:23.000000;7f77ceb9-26a7-4340-bf16-68724ca6d1a0;449.0;0.37846236;UNKNOWN
2016-04-22T00:48:25.000000;2016-04-22T00:48:25.000000;1b390c92-ee7b-43e0-a7a0-a878cc358e39;449.0;1.0;UNKNOWN
2016-04-22T00:48:35.000000;2016-04-22T00:48:35.000000;677afa94-8955-4575-b05f-e9b4352c4ca7;449.24;0.37822663;UNKNOWN
2016-04-22T00:48:40.000000;2016-04-22T00:48:40.000000;71e86f38-dbca-42e1-ae9d-24989422ebed;449.24;0.37911316;UNKNOWN
2016-04-22T00:48:42.000000;2016-04-22T00:48:42.000000;74aa6eef-eeee-4598-9517-8fa1a4b583bf;449.23;0.01339661;UNKNOWN
2016-04-22T00:48:49.000000;2016-04-22T00:48:49.000000;3e1201a2-5738-4f5e-bcc7-b490bb733a96;449.23;0.37909648;UNKNOWN
2016-04-22T00:48:51.000000;2016-04-22T00:48:51.000000;e55cbeef-d3e6-4e80-bf01-255c9af2b381;449.23;0.12113758;UNKNOWN
2016-04-22T00:48:57.000000;2016-04-22T00:48:57.000000;88af4810-ec06-489b-b278-13b2dc35fc86;449.23;0.37907411;UNKNOWN
2016-04-22T00:49:03.000000;2016-04-22T00:49:03.000000;4788c37c-45b9-4b40-b94e-cbbdcdb13be9;448.99;0.37905173;UNKNOWN
2016-04-22T00:49:09.000000;2016-04-22T00:49:09.000000;37ae7744-f8ec-43d7-a7d1-37e20f32d766;448.98;0.37986725;UNKNOWN
2016-04-22T00:49:19.000000;2016-04-22T00:49:19.000000;54e4443c-efce-435c-8554-c2185d4589a4;448.98;0.22774847;UNKNOWN
2016-04-22T00:49:20.000000;2016-04-22T00:49:20.000000;ca9a32a5-9c93-48b2-bcce-7420742190d8;449.21;0.37963919;UNKNOWN
2016-04-22T00:49:30.000000;2016-04-22T00:49:30.000000;ddff6a34-b79a-4ffc-9de8-0c97cadc437e;448.98;0.01;UNKNOWN
2016-04-22T00:49:39.000000;2016-04-22T00:49:39.000000;1a31ceee-3246-497d-8274-67a7a84bfba2;448.97;0.01;UNKNOWN
2016-04-22T00:49:48.000000;2016-04-22T00:49:48.000000;f705c5a9-c499-46d7-918e-8c537ec5d590;448.97;0.02853035;UNKNOWN
2016-04-22T00:49:48.000000;2016-04-22T00:49:48.000000;3c6196c9-a6b2-4c83-ac3b-9bbf80a5cc6c;448.97;0.23388147;UNKNOWN
2016-04-22T00:50:12.000000;2016-04-22T00:50:12.000000;ff7caaf6-4b2d-40f6-8ceb-8223347dd90e;448.97;0.30385293;UNKNOWN
2016-04-22T00:50:15.000000;2016-04-22T00:50:15.000000;58b61a0b-de10-4f1f-84bf-9d6e42fb6c6e;448.97;0.22921609;UNKNOWN
2016-04-22T00:50:30.000000;2016-04-22T00:50:30.000000;8b4277ff-e577-4f1b-a1c6-9445f6479606;448.96;0.16099;UNKNOWN
2016-04-22T00:50:30.000000;2016-04-22T00:50:30.000000;ae80abb9-928a-43b9-bad5-825e23bcfd3a;448.96;1.83901;UNKNOWN
2016-04-22T00:50:32.000000;2016-04-22T00:50:32.000000;3df49753-16ae-411f-8812-86ac1eafdbc2;448.97;0.01;UNKNOWN
2016-04-22T00:50:34.000000;2016-04-22T00:50:34.000000;7148d854-a6bc-45fe-b08e-71804c1c2a87;448.97;0.01;UNKNOWN
2016-04-22T00:50:40.000000;2016-04-22T00:50:40.000000;43dee46f-8f79-4329-886a-b7623c0f02bd;448.97;0.1;UNKNOWN
2016-04-22T00:50:44.000000;2016-04-22T00:50:44.000000;053d3151-22a7-40a1-9455-196467a46c97;448.97;0.11128;UNKNOWN
2016-04-22T00:50:47.000000;2016-04-22T00:50:47.000000;c8851e26-9cfe-48f0-b3c3-23279e645e47;448.97;1.95;UNKNOWN
2016-04-22T00:51:02.000000;2016-04-22T00:51:02.000000;453bb766-e8fd-4cc4-966a-af321acabde2;448.97;0.1;UNKNOWN
2016-04-22T00:51:10.000000;2016-04-22T00:51:10.000000;489d7791-ff03-4c26-9cef-b0efee9c4427;448.97;4.96490251;UNKNOWN
2016-04-22T00:51:24.000000;2016-04-22T00:51:24.000000;2f7e74b5-0f88-4b60-a516-ad4f9e5fc316;449.1;0.1;UNKNOWN
2016-04-22T00:51:25.000000;2016-04-22T00:51:25.000000;2ff360a2-9af3-4821-bd67-f849053ad32d;449.1;0.01;UNKNOWN
2016-04-22T00:51:29.000000;2016-04-22T00:51:29.000000;cdb2633a-e56e-4e08-a3a0-6685c81fff7a;449.1;0.01;UNKNOWN
2016-04-22T00:51:36.000000;2016-04-22T00:51:36.000000;efe264ea-bc40-4763-9456-e6951f7f6a87;449.1;0.01;UNKNOWN
2016-04-22T00:51:38.000000;2016-04-22T00:51:38.000000;a35f7cf5-ac4e-485f-9940-bb84cb3664f8;449.1;0.01;UNKNOWN
2016-04-22T00:51:47.000000;2016-04-22T00:51:47.000000;335db39b-48e7-40ac-ae60-10ac5106aa47;449.1;0.1;UNKNOWN
2016-04-22T00:51:49.000000;2016-04-22T00:51:49.000000;d93423a9-b6e0-4fcb-bd71-172a286af9fd;449.06;0.1266;UNKNOWN
2016-04-22T00:52:09.000000;2016-04-22T00:52:09.000000;3213b15f-f61b-4076-b10c-f25461c1e520;449.23;0.1;UNKNOWN
2016-04-22T00:52:21.000000;2016-04-22T00:52:21.000000;7d2394cc-c40c-45eb-87ff-277246834408;449.06;0.2;UNKNOWN
2016-04-22T00:52:31.000000;2016-04-22T00:52:31.000000;5942121c-af63-4eec-993c-cc214b9ebf25;449.07;0.01;UNKNOWN
2016-04-22T00:52:34.000000;2016-04-22T00:52:34.000000;77dabeb4-d2fe-4f08-9978-90bb6978a2af;449.23;0.1115;UNKNOWN
2016-04-22T00:52:55.000000;2016-04-22T00:52:55.000000;2745029e-7e60-4a9d-80c7-44ea7df34c2e;449.23;0.1;UNKNOWN
2016-04-22T00:53:17.000000;2016-04-22T00:53:17.000000;248af889-0ca2-4910-8dd5-7a24112131c8;449.23;0.1;UNKNOWN
2016-04-22T00:53:22.000000;2016-04-22T00:53:22.000000;f160e49f-eef9-4501-a10a-67de82e745f0;449.23;0.20219;UNKNOWN
2016-04-22T00:53:29.000000;2016-04-22T00:53:29.000000;3abdffd9-2708-44a1-bd23-58272994e233;449.22;4.0;UNKNOWN
2016-04-22T00:53:29.000000;2016-04-22T00:53:29.000000;a9e51d0e-b60f-4e77-869c-cc619532ffe3;449.1;17.4284;UNKNOWN
2016-04-22T00:53:29.000000;2016-04-22T00:53:29.000000;b283a183-4c40-4393-b5f3-6569f89e71f7;449.11;15.9109;UNKNOWN
2016-04-22T00:53:29.000000;2016-04-22T00:53:29.000000;45263c17-ac81-4d3d-9065-75a5b1f18492;449.22;6.6607;UNKNOWN
2016-04-22T00:53:29.000000;2016-04-22T00:53:29.000000;54f50c8d-abd7-4c6a-98da-e7453c81b184;449.2;6.0;UNKNOWN
2016-04-22T00:53:39.000000;2016-04-22T00:53:39.000000;41a96b44-7f5f-43ff-a3b7-a1b6e9eed800;449.23;0.2;UNKNOWN
2016-04-22T00:53:40.000000;2016-04-22T00:53:40.000000;2633de3b-435c-4620-888e-5dd03ea68597;449.23;0.2;UNKNOWN
2016-04-22T00:53:42.000000;2016-04-22T00:53:42.000000;fc3041c7-0cb9-4018-b82a-d5237d6ed776;449.23;0.2;UNKNOWN
2016-04-22T00:53:44.000000;2016-04-22T00:53:44.000000;d4bed511-37f4-402c-8341-9365efc3a345;449.23;0.2;UNKNOWN
2016-04-22T00:53:44.000000;2016-04-22T00:53:44.000000;67c39f04-9d29-4d34-99fa-ef0531fdfbd9;449.23;0.2;UNKNOWN
2016-04-22T00:53:46.000000;2016-04-22T00:53:46.000000;dc8da418-ee94-413d-ae7b-2531ea3c9ace;449.23;0.2;UNKNOWN
2016-04-22T00:53:46.000000;2016-04-22T00:53:46.000000;ad20e806-576b-491d-bdbb-1e099c224f32;449.23;0.2;UNKNOWN
2016-04-22T00:53:52.000000;2016-04-22T00:53:52.000000;1737eed2-c78f-472a-9c70-ffdea62147be;449.6;8.23;UNKNOWN
2016-04-22T00:53:52.000000;2016-04-22T00:53:52.000000;efcfebd7-f93e-46cf-ab9e-a489672d520e;449.61;11.17419;UNKNOWN
2016-04-22T00:53:52.000000;2016-04-22T00:53:52.000000;6b2535cc-55ea-4365-aee4-6f8b8e303a2c;449.23;4.59581;UNKNOWN
2016-04-22T00:53:54.000000;2016-04-22T00:53:54.000000;50f57b80-105c-46af-a9a5-13e81a4a9c6f;449.63;0.2;UNKNOWN
2016-04-22T00:53:55.000000;2016-04-22T00:53:55.000000;f887dfeb-605a-4d3c-ab3f-f35f52b0d098;449.65;0.2;UNKNOWN
2016-04-22T00:53:57.000000;2016-04-22T00:53:57.000000;85eaea09-75a9-4b56-8fd2-e0ce9dcb81fa;449.62;0.2;UNKNOWN
2016-04-22T00:53:57.000000;2016-04-22T00:53:57.000000;797d8ba9-2bc1-4bf5-980c-1418ee238fb2;449.62;0.2;UNKNOWN
2016-04-22T00:53:59.000000;2016-04-22T00:53:59.000000;07ce1fc9-de35-49b8-9354-08838ed7b5e3;449.65;0.2;UNKNOWN
2016-04-22T00:53:59.000000;2016-04-22T00:53:59.000000;d94c4569-a06a-4cdb-afe1-3715348cde7f;449.65;0.2;UNKNOWN
2016-04-22T00:54:01.000000;2016-04-22T00:54:01.000000;2d6dacdf-1ddf-4773-a80e-dc909126ac69;449.62;0.2;UNKNOWN
2016-04-22T00:54:01.000000;2016-04-22T00:54:01.000000;087a87e2-24fb-4cc7-b552-6aa1c24a5daf;449.62;0.2;UNKNOWN
2016-04-22T00:54:04.000000;2016-04-22T00:54:04.000000;90dff8cd-d591-4dac-8701-3ed32509c309;449.63;0.2;UNKNOWN
2016-04-22T00:54:05.000000;2016-04-22T00:54:05.000000;038c1fb0-f01e-48cd-a16c-ae7323257148;449.63;0.2;UNKNOWN
2016-04-22T00:54:05.000000;2016-04-22T00:54:05.000000;f4343d98-02e2-4ba1-b918-a580e4421552;449.62;5.0;UNKNOWN
2016-04-22T00:54:06.000000;2016-04-22T00:54:06.000000;771cf7c4-ab09-4993-befb-0cdb0e755df9;449.42;0.1;UNKNOWN
2016-04-22T00:54:08.000000;2016-04-22T00:54:08.000000;16fa045d-a751-48fd-aeb1-68dfbe8d9b9c;449.6;0.2;UNKNOWN
2016-04-22T00:54:08.000000;2016-04-22T00:54:08.000000;6665ca12-bd58-40ce-8b90-3f634ab5f626;449.65;0.2;UNKNOWN
2016-04-22T00:54:09.000000;2016-04-22T00:54:09.000000;6b285541-5522-47e2-8bec-51029dffeed8;449.6;0.2;UNKNOWN
2016-04-22T00:54:10.000000;2016-04-22T00:54:10.000000;61990dbe-710e-4199-89ce-fa85c58e2e80;449.57;0.2;UNKNOWN
2016-04-22T00:54:11.000000;2016-04-22T00:54:11.000000;6709ca80-f2a0-456b-aa4f-03e929dff310;449.57;0.2;UNKNOWN
2016-04-22T00:54:15.000000;2016-04-22T00:54:15.000000;18ad9482-8447-4a6d-b2c0-4f215b176500;449.52;0.2;UNKNOWN
2016-04-22T00:54:19.000000;2016-04-22T00:54:19.000000;1e1cd2eb-2404-401d-ae30-ef6bdbbf1bf6;449.48;0.2;UNKNOWN
2016-04-22T00:54:20.000000;2016-04-22T00:54:20.000000;e3242c05-9349-45a9-921f-018b61c0c9da;449.47;0.2;UNKNOWN
2016-04-22T00:54:22.000000;2016-04-22T00:54:22.000000;96f58ba4-9dcf-4295-9aa1-eee94615d18e;449.46;0.2;UNKNOWN
2016-04-22T00:54:24.000000;2016-04-22T00:54:24.000000;dc5eb49f-384e-4121-845b-bfa95f17ad09;449.43;0.1;UNKNOWN
2016-04-22T00:54:27.000000;2016-04-22T00:54:27.000000;ac1c381a-4398-4505-8142-e20f56b5b044;449.4;0.2;UNKNOWN
2016-04-22T00:54:27.000000;2016-04-22T00:54:27.000000;f6502a44-0493-4335-8a0b-ed2aca3d074c;449.4;0.2;UNKNOWN
2016-04-22T00:54:28.000000;2016-04-22T00:54:28.000000;9e8d8f69-23a5-4009-adf9-b0ec6f400a43;449.22;2.26288342;UNKNOWN
2016-04-22T00:54:28.000000;2016-04-22T00:54:28.000000;4b5941a7-6618-4f24-9fa5-15521cd3fea4;449.39;0.2;UNKNOWN
2016-04-22T00:54:29.000000;2016-04-22T00:54:29.000000;e1883000-2e62-41d8-95d5-31823cb33e4c;449.39;0.2;UNKNOWN
2016-04-22T00:54:29.000000;2016-04-22T00:54:29.000000;752ad5f9-1435-4bec-8bbd-eb7bd74f24d3;449.39;0.2;UNKNOWN
2016-04-22T00:54:29.000000;2016-04-22T00:54:29.000000;30aba9b4-5c2d-40d5-a865-f355c0ba9c31;449.2;0.884356;UNKNOWN
2016-04-22T00:54:31.000000;2016-04-22T00:54:31.000000;2f3d5db3-43df-4948-af05-e5be963919f4;449.39;0.2;UNKNOWN
2016-04-22T00:54:31.000000;2016-04-22T00:54:31.000000;0da8cc34-0448-4bf3-ad96-d774ea7c005a;449.39;0.2;UNKNOWN
2016-04-22T00:54:32.000000;2016-04-22T00:54:32.000000;3db6242d-86e3-4452-9d90-b6681d1356be;449.39;0.2;UNKNOWN
2016-04-22T00:54:32.000000;2016-04-22T00:54:32.000000;1b592b72-bc4d-4250-9d93-2e95d07cc4f4;449.39;0.2;UNKNOWN
2016-04-22T00:54:34.000000;2016-04-22T00:54:34.000000;61f4a137-d6eb-449f-b2f4-bc6e674df156;449.39;0.2;UNKNOWN
2016-04-22T00:54:34.000000;2016-04-22T00:54:34.000000;f9a6a864-992a-4e62-bda6-b46b4e8e4ddd;449.39;0.2;UNKNOWN
2016-04-22T00:54:36.000000;2016-04-22T00:54:36.000000;2fc7f31e-4d73-453d-a25b-e675fb943316;449.39;0.2;UNKNOWN
2016-04-22T00:54:36.000000;2016-04-22T00:54:36.000000;c255fffc-fec9-43de-9162-5be3ca32ce85;449.39;0.2;UNKNOWN
2016-04-22T00:54:36.000000;2016-04-22T00:54:36.000000;36851c22-4cd6-4392-9810-bccc061b64e5;449.39;0.2;UNKNOWN
2016-04-22T00:54:38.000000;2016-04-22T00:54:38.000000;fee0df52-5717-4c1b-8773-b7606719dbfc;449.39;0.2;UNKNOWN
2016-04-22T00:54:38.000000;2016-04-22T00:54:38.000000;7cedd6fe-995d-4a00-a653-d1561f277845;449.39;0.2;UNKNOWN
2016-04-22T00:54:38.000000;2016-04-22T00:54:38.000000;796decdc-aa9f-4ec9-941e-adfbafed4cac;449.39;0.2;UNKNOWN
2016-04-22T00:54:41.000000;2016-04-22T00:54:41.000000;55d07454-c983-4a61-877b-9e70423fde94;449.39;0.2;UNKNOWN
2016-04-22T00:54:41.000000;2016-04-22T00:54:41.000000;646e6c35-b074-4aca-ae15-998cba99a146;449.39;0.2;UNKNOWN
2016-04-22T00:54:41.000000;2016-04-22T00:54:41.000000;df5a2b74-bc24-4a7f-9b9c-722b57e0c605;449.39;0.2;UNKNOWN
2016-04-22T00:54:42.000000;2016-04-22T00:54:42.000000;2f4b69f8-5f46-4c5a-884f-1974ee1527dc;449.53;0.2;UNKNOWN
2016-04-22T00:54:42.000000;2016-04-22T00:54:42.000000;458990b6-a20e-452b-be17-19e2e285358e;449.53;0.2;UNKNOWN
2016-04-22T00:54:43.000000;2016-04-22T00:54:43.000000;a6646c7a-df6a-44a9-8193-d682ba818b18;449.53;0.2;UNKNOWN
2016-04-22T00:54:45.000000;2016-04-22T00:54:45.000000;d3cb6159-ee73-4de3-ac33-78b4b35dbac2;449.53;0.2;UNKNOWN
2016-04-22T00:54:45.000000;2016-04-22T00:54:45.000000;9a5e7f6b-11ac-488f-af26-0e3636a5f4de;449.53;0.2;UNKNOWN
2016-04-22T00:54:45.000000;2016-04-22T00:54:45.000000;04601acb-df64-48e2-a93f-dbe20bd3af70;449.53;0.2;UNKNOWN
2016-04-22T00:54:47.000000;2016-04-22T00:54:47.000000;c7df41a6-56f8-4b23-b25d-c32f4c62a506;449.53;0.2;UNKNOWN
2016-04-22T00:54:47.000000;2016-04-22T00:54:47.000000;5dbe3814-b092-41ba-b54c-421e0c0ac076;449.53;0.2;UNKNOWN
2016-04-22T00:54:47.000000;2016-04-22T00:54:47.000000;87d9f62d-e587-418c-a069-2631609cdbea;449.53;0.1;UNKNOWN
2016-04-22T00:54:49.000000;2016-04-22T00:54:49.000000;fe9140b5-f91d-427f-b093-91883ec7c503;449.53;0.2;UNKNOWN
2016-04-22T00:54:50.000000;2016-04-22T00:54:50.000000;56726ad9-b5c3-4c6f-bcb6-de0b92fb9e7b;449.53;0.2;UNKNOWN
2016-04-22T00:54:50.000000;2016-04-22T00:54:50.000000;f0fc7a32-0d52-45b6-86b3-68a54a3f68e9;449.53;0.2;UNKNOWN
2016-04-22T00:54:51.000000;2016-04-22T00:54:51.000000;aed064bc-f829-483e-aa7e-75350ae31552;449.53;3.0;UNKNOWN
2016-04-22T00:54:52.000000;2016-04-22T00:54:52.000000;57143f2f-e202-4fc3-b7df-0f730bf5bc9f;449.55;0.2;UNKNOWN
2016-04-22T00:54:54.000000;2016-04-22T00:54:54.000000;f3435852-cf36-431e-9e1d-4def609afd9b;449.55;0.2;UNKNOWN
2016-04-22T00:54:54.000000;2016-04-22T00:54:54.000000;19a71ba9-091f-4a20-97d5-773f41526869;449.55;0.2;UNKNOWN
2016-04-22T00:55:01.000000;2016-04-22T00:55:01.000000;c2f6dd91-3f7a-4c32-bba2-e7adf2e5f997;449.55;0.03697908;UNKNOWN
2016-04-22T00:55:10.000000;2016-04-22T00:55:10.000000;768bdc95-d13d-4d31-9967-77b52810f1ce;449.55;0.1;UNKNOWN
2016-04-22T00:55:16.000000;2016-04-22T00:55:16.000000;dd70bee7-25a1-4eeb-90de-4971d88eeb90;449.66;3.0;UNKNOWN
2016-04-22T00:55:24.000000;2016-04-22T00:55:24.000000;c99f6fb7-4398-4843-b36a-bb06775b9c0a;449.76;0.2;UNKNOWN
2016-04-22T00:55:24.000000;2016-04-22T00:55:24.000000;d7ce691d-c6e8-4eda-87a2-db3072cdc07a;449.76;0.2;UNKNOWN
2016-04-22T00:55:26.000000;2016-04-22T00:55:26.000000;c37b25db-18d6-41d1-8743-4d29ad354cf2;449.77;0.2;UNKNOWN
2016-04-22T00:55:26.000000;2016-04-22T00:55:26.000000;da8da904-974d-4760-bba0-7b599f3a7272;449.77;0.2;UNKNOWN
2016-04-22T00:55:26.000000;2016-04-22T00:55:26.000000;f8144f84-4035-44e6-aeff-ecf3b20e7253;449.77;0.2;UNKNOWN
2016-04-22T00:55:27.000000;2016-04-22T00:55:27.000000;06987d31-00e9-47e7-890b-3a747c20805e;449.79;0.2;UNKNOWN
2016-04-22T00:55:27.000000;2016-04-22T00:55:27.000000;b5844753-ca1a-464a-b3f0-699a6685f29b;449.79;0.2;UNKNOWN
2016-04-22T00:55:27.000000;2016-04-22T00:55:27.000000;47a0b46e-46e9-4cc8-879d-cf4ea31fb5d8;449.79;0.2;UNKNOWN
2016-04-22T00:55:28.000000;2016-04-22T00:55:28.000000;1d04f08a-7841-45d3-9bd7-5396f42bb274;449.79;0.2;UNKNOWN
2016-04-22T00:55:29.000000;2016-04-22T00:55:29.000000;e35b8f9f-e8c2-4370-8b64-6336e7062d1f;449.79;0.2;UNKNOWN
2016-04-22T00:55:29.000000;2016-04-22T00:55:29.000000;8d64df0b-b79f-498f-8d75-151b0417905f;449.79;0.2;UNKNOWN
2016-04-22T00:55:30.000000;2016-04-22T00:55:30.000000;5c8f2af5-7ebc-4706-ad97-83c9e023ea24;449.79;0.2;UNKNOWN
2016-04-22T00:55:30.000000;2016-04-22T00:55:30.000000;82332bdb-ce35-44e4-9d06-fdb16ba4f475;449.79;2.0;UNKNOWN
2016-04-22T00:55:30.000000;2016-04-22T00:55:30.000000;dabf5c9a-0ad3-43ab-a969-3c76d6560629;449.79;0.2;UNKNOWN
2016-04-22T00:55:32.000000;2016-04-22T00:55:32.000000;60fd62fa-e518-4bde-b0c7-135f94f446c0;449.79;0.2;UNKNOWN
2016-04-22T00:55:32.000000;2016-04-22T00:55:32.000000;cf412cf9-6b54-4f56-a965-a723ca71ea88;449.79;0.2;UNKNOWN
2016-04-22T00:55:34.000000;2016-04-22T00:55:34.000000;32eda996-808a-4e1c-9da2-7750ad9c2511;449.82;0.2;UNKNOWN
2016-04-22T00:55:34.000000;2016-04-22T00:55:34.000000;97aa7ad2-d38a-4460-b114-f3f42e126a4a;449.82;0.2;UNKNOWN
2016-04-22T00:55:34.000000;2016-04-22T00:55:34.000000;f8802e1c-6b9b-45b5-809f-75b8fb733379;449.82;0.12407453;UNKNOWN
2016-04-22T00:55:34.000000;2016-04-22T00:55:34.000000;34f2dd77-b105-4f9b-9614-92a5490b9bab;449.79;0.2;UNKNOWN
2016-04-22T00:55:34.000000;2016-04-22T00:55:34.000000;d898f5ae-fa1c-4dc6-bfad-263c651084a5;449.79;0.07592547;UNKNOWN
2016-04-22T00:55:35.000000;2016-04-22T00:55:35.000000;4ab64a15-dfcf-4876-9a80-8cf6ba895468;449.82;0.2;UNKNOWN
2016-04-22T00:55:35.000000;2016-04-22T00:55:35.000000;5b36b864-6cf4-40e6-bf94-4cd061dc879e;449.82;0.2;UNKNOWN
2016-04-22T00:55:37.000000;2016-04-22T00:55:37.000000;349a8f09-1b4d-48e5-8292-89a876fd917f;449.82;0.2;UNKNOWN
2016-04-22T00:55:38.000000;2016-04-22T00:55:38.000000;28c43653-eb26-47be-a2b1-d7dbb24c2a19;449.84;0.2;UNKNOWN
2016-04-22T00:55:39.000000;2016-04-22T00:55:39.000000;5c55fe3a-62c3-425f-8e0d-9877520fad74;449.85;1.0;UNKNOWN
2016-04-22T00:55:40.000000;2016-04-22T00:55:40.000000;7312d889-b714-4168-807d-e6991d79186f;449.85;0.2;UNKNOWN
2016-04-22T00:55:41.000000;2016-04-22T00:55:41.000000;4e4924d4-8869-4b7d-9691-7953d3b12e52;449.85;0.2;UNKNOWN
2016-04-22T00:55:43.000000;2016-04-22T00:55:43.000000;4dfd65cb-49d3-4903-9a4e-c2affdef6f86;449.85;0.2;UNKNOWN
2016-04-22T00:55:45.000000;2016-04-22T00:55:45.000000;137f3d86-c494-4bd9-a72f-2f5d7a5e976f;449.85;0.2;UNKNOWN
2016-04-22T00:55:45.000000;2016-04-22T00:55:45.000000;95713fdb-3b72-439b-9d50-d59764822653;449.86;0.2;UNKNOWN
2016-04-22T00:55:46.000000;2016-04-22T00:55:46.000000;b6270ced-cefa-4dfd-987d-4858930d64b4;449.86;0.2;UNKNOWN
2016-04-22T00:55:46.000000;2016-04-22T00:55:46.000000;72fd300f-b107-461f-9106-e4ac20f59fda;449.86;0.2;UNKNOWN
2016-04-22T00:55:46.000000;2016-04-22T00:55:46.000000;69a73621-7612-426f-a06f-b672dbe745ee;449.86;0.2;UNKNOWN
2016-04-22T00:55:59.000000;2016-04-22T00:55:59.000000;c696a873-56f4-4cab-bacd-13fbbf111de5;449.98;0.2;UNKNOWN
2016-04-22T00:56:01.000000;2016-04-22T00:56:01.000000;8188b95f-595d-4b22-a68e-d36cfddf11ba;449.98;0.2;UNKNOWN
2016-04-22T00:56:08.000000;2016-04-22T00:56:08.000000;5bcbac16-737d-40d5-ba5e-8fa70c52b687;449.47;0.118803;UNKNOWN
2016-04-22T00:57:02.000000;2016-04-22T00:57:02.000000;e359618c-b825-483a-b9d0-95cff77a2ea6;449.9;2.03632603;UNKNOWN
2016-04-22T00:57:02.000000;2016-04-22T00:57:02.000000;f08114a9-21d4-4b6d-9455-9c6f013bc651;449.89;0.167;UNKNOWN
2016-04-22T00:57:36.000000;2016-04-22T00:57:36.000000;88d0d245-3f0d-45a3-8af8-bb82e8406a35;449.9;0.6;UNKNOWN
2016-04-22T00:58:07.000000;2016-04-22T00:58:07.000000;2b537e59-38a9-4894-94bf-482b73e05bdd;449.9;15.0;UNKNOWN
2016-04-22T00:58:47.000000;2016-04-22T00:58:47.000000;6ec8b6ad-aa57-4467-ae95-3b4e02a6bec8;449.83;0.11146258;UNKNOWN
2016-04-22T00:59:03.000000;2016-04-22T00:59:03.000000;c30608bc-be8a-4860-9290-1488a19d8ce2;449.83;0.00853742;UNKNOWN
2016-04-22T00:59:03.000000;2016-04-22T00:59:03.000000;55659afb-f916-4e9e-96ae-07ebc98f9fb3;449.57;0.03446258;UNKNOWN
2016-04-22T01:00:07.000000;2016-04-22T01:00:07.000000;8ed9f586-6ae8-443d-9bee-f9bd5d48fdb6;449.77;0.03301964;UNKNOWN
2016-04-22T01:00:25.000000;2016-04-22T01:00:25.000000;85accd33-4b60-458c-b462-45c54104f6c0;449.77;0.61698036;UNKNOWN
2016-04-22T01:00:25.000000;2016-04-22T01:00:25.000000;67e87742-aab6-498d-91d2-be7dcf01abf3;449.55;5.88301964;UNKNOWN
2016-04-22T01:00:25.000000;2016-04-22T01:00:25.000000;c27c286b-4aaf-4e1b-ab36-239854fbdf1e;449.78;0.5;UNKNOWN
2016-04-22T01:00:44.000000;2016-04-22T01:00:44.000000;d13e63e6-b9d6-4200-a9d3-0a7e6d77e7c3;449.88;0.51;UNKNOWN
2016-04-22T01:00:48.000000;2016-04-22T01:00:48.000000;9535d95c-25de-477e-8c87-7524434134fc;449.88;0.0695602;UNKNOWN
2016-04-22T01:01:02.000000;2016-04-22T01:01:02.000000;e1887f4c-4711-4e50-b17f-67a91565cb35;449.78;0.037;UNKNOWN
2016-04-22T01:03:16.000000;2016-04-22T01:03:16.000000;69923898-a8fb-4db5-be6b-3608a5b42e30;449.77;0.167;UNKNOWN
2016-04-22T01:03:16.000000;2016-04-22T01:03:16.000000;eafb5212-9921-4515-bd52-6f9e603a3ffe;449.78;0.27;UNKNOWN
2016-04-22T01:03:16.000000;2016-04-22T01:03:16.000000;87b5e6c6-375c-400e-9bb0-8e657f246751;449.8;1.08741956;UNKNOWN
2016-04-22T01:03:47.000000;2016-04-22T01:03:47.000000;97731bfd-6597-45b2-8775-440bea34aeec;449.79;0.04269353;UNKNOWN
2016-04-22T01:03:48.000000;2016-04-22T01:03:48.000000;b51666ce-6eec-4379-b772-e5759209e2af;449.79;0.12430647;UNKNOWN
2016-04-22T01:03:48.000000;2016-04-22T01:03:48.000000;0090ffcf-c912-4859-ab8d-f8d934f7201d;449.8;3.36569353;UNKNOWN
2016-04-22T01:03:51.000000;2016-04-22T01:03:51.000000;eec0f845-9824-4df7-9b12-addbf81f0be0;449.8;5.1170348;UNKNOWN
2016-04-22T01:04:47.000000;2016-04-22T01:04:47.000000;0a8c1b8d-c1fb-4990-ba93-9dbf648740c1;449.9;0.3;UNKNOWN
2016-04-22T01:04:59.000000;2016-04-22T01:04:59.000000;e69504b4-40d0-498e-9706-101a7ef1e0a8;449.77;0.07437845;UNKNOWN
2016-04-22T01:04:59.000000;2016-04-22T01:04:59.000000;d6b758d8-e0d6-4792-a8ee-9fbdfe947a85;449.77;0.5;UNKNOWN
2016-04-22T01:05:04.000000;2016-04-22T01:05:04.000000;6dfd4bb1-f25a-4669-9067-6449765969b3;449.43;0.02203758;UNKNOWN
2016-04-22T01:05:04.000000;2016-04-22T01:05:04.000000;7285e24f-128a-4e69-b037-a14edafc9823;449.43;0.11244534;UNKNOWN
2016-04-22T01:05:13.000000;2016-04-22T01:05:13.000000;98f5a54b-5892-42b2-b441-5b0bd2a4ff5d;449.44;0.1113907;UNKNOWN
2016-04-22T01:05:34.000000;2016-04-22T01:05:34.000000;b1dabc54-a731-43f2-9a4e-77688e153c75;449.54;4.37897121;UNKNOWN
2016-04-22T01:06:08.000000;2016-04-22T01:06:08.000000;415285be-adbf-4a61-9090-f44b76107086;449.4;0.01760324;UNKNOWN
2016-04-22T01:06:24.000000;2016-04-22T01:06:24.000000;d4b5b1dc-5ab6-46e8-a6eb-6121d78113e3;449.4;0.05240726;UNKNOWN
2016-04-22T01:06:28.000000;2016-04-22T01:06:28.000000;944d9d9c-ebeb-44cb-ba6a-748a0a0f82a7;449.4;0.05240726;UNKNOWN
2016-04-22T01:06:51.000000;2016-04-22T01:06:51.000000;35527b21-f05b-4d37-b873-6e1f9af583d3;449.4;0.05899637;UNKNOWN
2016-04-22T01:07:02.000000;2016-04-22T01:07:02.000000;4c497828-4cb6-45d3-9d35-ba2143c4e645;449.17;6.6041;UNKNOWN
2016-04-22T01:07:02.000000;2016-04-22T01:07:02.000000;7d2c6a72-b6b8-4f33-8edf-0c83aace7c1f;449.3;0.13;UNKNOWN
2016-04-22T01:07:02.000000;2016-04-22T01:07:02.000000;c43b78f9-b34d-4d33-adf5-9e667685a11f;449.16;7.110228;UNKNOWN
2016-04-22T01:07:02.000000;2016-04-22T01:07:02.000000;94320e1f-47bc-4163-806e-3e50f25fc27f;449.39;0.060106;UNKNOWN
2016-04-22T01:07:02.000000;2016-04-22T01:07:02.000000;88a6dc44-06de-4a8f-a017-2abb3ef97e02;449.17;0.2;UNKNOWN
2016-04-22T01:07:02.000000;2016-04-22T01:07:02.000000;4d7fb749-ba45-43cb-b5a8-babcc64fe7c6;449.28;0.595566;UNKNOWN
2016-04-22T01:07:02.000000;2016-04-22T01:07:02.000000;eb382b64-aadb-44cc-9370-6fb3af025730;449.38;1.0;UNKNOWN
2016-04-22T01:07:09.000000;2016-04-22T01:07:09.000000;888c4694-88e1-48da-a676-737f7160755b;449.39;0.05240726;UNKNOWN
2016-04-22T01:07:16.000000;2016-04-22T01:07:16.000000;478a9aef-6196-4f12-8fd4-b4410c0fff89;449.39;0.05326527;UNKNOWN
2016-04-22T01:07:20.000000;2016-04-22T01:07:20.000000;0458e838-c2a4-400d-bc2d-11d51aba1326;449.4;0.05240726;UNKNOWN
2016-04-22T01:07:29.000000;2016-04-22T01:07:29.000000;d345456f-dc99-4010-979c-5449e82ae8a8;449.32;0.1;UNKNOWN
2016-04-22T01:07:51.000000;2016-04-22T01:07:51.000000;aa30b9be-f18e-4a60-9155-6ff4d2f54d07;449.28;0.1;UNKNOWN
2016-04-22T01:08:13.000000;2016-04-22T01:08:13.000000;42907c68-4d44-4dff-9bbd-b7e255ef2ea1;449.33;0.1;UNKNOWN
2016-04-22T01:08:37.000000;2016-04-22T01:08:37.000000;960dd946-837f-43bd-85bf-db4db241cd81;449.5;0.1;UNKNOWN
2016-04-22T01:08:40.000000;2016-04-22T01:08:40.000000;beb3746e-4c44-46d6-a917-f90094aaeda6;449.47;3.0;UNKNOWN
2016-04-22T01:08:40.000000;2016-04-22T01:08:40.000000;9bed8f86-9f80-48dc-964b-0fa078fbcc65;449.5;0.4;UNKNOWN
2016-04-22T01:08:40.000000;2016-04-22T01:08:40.000000;aff2c1bc-56ee-417c-8379-15cb5c844c6c;449.47;6.37;UNKNOWN
2016-04-22T01:08:50.000000;2016-04-22T01:08:50.000000;66ff921b-2f0a-4ad1-a374-e05d329e7481;449.33;0.1;UNKNOWN
2016-04-22T01:08:58.000000;2016-04-22T01:08:58.000000;aadd1a55-b84d-4848-9abc-de6ffc1f265d;449.43;0.1;UNKNOWN
2016-04-22T01:09:20.000000;2016-04-22T01:09:20.000000;86bfdd5a-1561-47b9-b44e-44113b78694f;449.5;0.1;UNKNOWN
2016-04-22T01:09:41.000000;2016-04-22T01:09:41.000000;501e581c-8bb9-4498-b416-b592792c6038;449.56;0.1460854;UNKNOWN
2016-04-22T01:10:06.000000;2016-04-22T01:10:06.000000;8f05923c-a596-401b-ae46-1660db1d31d3;449.51;0.1;UNKNOWN
2016-04-22T01:10:29.000000;2016-04-22T01:10:29.000000;dfebbc5a-9647-4487-9fad-608be2aa5774;449.5;0.1;UNKNOWN
2016-04-22T01:10:44.000000;2016-04-22T01:10:44.000000;ca2fe11a-b81b-46a6-abbc-baade22fbb62;449.5;0.060192;UNKNOWN
2016-04-22T01:10:49.000000;2016-04-22T01:10:49.000000;6c6dad75-ba7e-4aad-8a7f-4d592f0b9d43;449.5;0.2224;UNKNOWN
2016-04-22T01:10:51.000000;2016-04-22T01:10:51.000000;df197c93-a9c9-4e2e-b901-2047007dbcc2;449.45;0.1;UNKNOWN
2016-04-22T01:11:11.000000;2016-04-22T01:11:11.000000;cd77410e-4d7d-409d-80b3-65f880344504;449.48;0.060175;UNKNOWN
2016-04-22T01:11:11.000000;2016-04-22T01:11:11.000000;e5a68ed2-1f5e-4a1d-97fd-54d9ac28b006;449.45;2.51763518;UNKNOWN
2016-04-22T01:11:31.000000;2016-04-22T01:11:31.000000;052e6d18-9153-4570-a0eb-4b379c026b20;449.26;1.51763518;UNKNOWN
2016-04-22T01:11:31.000000;2016-04-22T01:11:31.000000;1a24bd4a-f35b-46f9-8730-9279e9f6478f;449.45;0.48236482;UNKNOWN
2016-04-22T01:11:36.000000;2016-04-22T01:11:36.000000;4eb69b97-1281-42f3-9030-890470bc0f68;449.19;0.1;UNKNOWN
2016-04-22T01:11:37.000000;2016-04-22T01:11:37.000000;72234557-1e4d-426b-9a90-3151eaf1fbfe;449.45;0.060178;UNKNOWN
2016-04-22T01:11:58.000000;2016-04-22T01:11:58.000000;a81c27af-24e1-4f14-8b9d-b42d6d0047d5;449.19;0.1;UNKNOWN
2016-04-22T01:12:17.000000;2016-04-22T01:12:17.000000;78315be7-b3c3-413c-97a1-08b9b244f532;449.32;4.4509;UNKNOWN
2016-04-22T01:12:17.000000;2016-04-22T01:12:17.000000;96874ab6-1d02-4835-8ef3-f1b04553b3d0;449.32;0.3973;UNKNOWN
2016-04-22T01:13:15.000000;2016-04-22T01:13:15.000000;720f503e-37e2-459e-89e0-8e1fdf0f1e39;449.21;6.0;UNKNOWN
2016-04-22T01:13:15.000000;2016-04-22T01:13:15.000000;04f7a7dc-d269-4014-bab6-faa83bc3c6bb;449.25;3.0;UNKNOWN
2016-04-22T01:13:15.000000;2016-04-22T01:13:15.000000;9033f755-95e9-40b9-83af-ffe3d1118ac8;449.18;12.8582;UNKNOWN
2016-04-22T01:13:15.000000;2016-04-22T01:13:15.000000;ac6894f7-1ae7-414c-9a11-92e4861e317b;449.25;0.5;UNKNOWN
2016-04-22T01:13:15.000000;2016-04-22T01:13:15.000000;0cf47b24-eddc-4008-9f05-7cf5ddcb8a1b;449.22;6.6412;UNKNOWN
2016-04-22T01:13:15.000000;2016-04-22T01:13:15.000000;c955bf65-841a-4262-865d-c64e41417b09;449.22;0.060203;UNKNOWN
2016-04-22T01:14:27.000000;2016-04-22T01:14:27.000000;77ad79b4-d0bb-4187-93e0-a8e992c810a9;449.14;0.02174935;UNKNOWN
2016-04-22T01:14:28.000000;2016-04-22T01:14:28.000000;9cdd64e2-07b0-4dd9-8c47-8ea7a3602123;449.15;0.23488784;UNKNOWN
2016-04-22T01:14:29.000000;2016-04-22T01:14:29.000000;6e959515-9d61-4beb-9d02-69a69c31ef16;449.14;0.27186093;UNKNOWN
2016-04-22T01:14:30.000000;2016-04-22T01:14:30.000000;d48d0b45-2600-4132-b9f9-815b18355a6c;449.14;0.02174935;UNKNOWN
2016-04-22T01:14:31.000000;2016-04-22T01:14:31.000000;4027f5c1-27f8-4a0a-b6b4-e152e92ebe2b;449.15;0.06467936;UNKNOWN
2016-04-22T01:14:34.000000;2016-04-22T01:14:34.000000;7a0d95ca-d87b-4a0a-80ee-8cb5167d7b2d;449.15;0.06923391;UNKNOWN
2016-04-22T01:14:35.000000;2016-04-22T01:14:35.000000;8463fd3f-6f3d-41f5-8a5a-c6e89c14710c;449.15;0.13721035;UNKNOWN
2016-04-22T01:14:41.000000;2016-04-22T01:14:41.000000;91f4b05e-5d11-417f-abc5-7c7315fd6e9d;449.15;0.3609213;UNKNOWN
2016-04-22T01:14:56.000000;2016-04-22T01:14:56.000000;9f04dba4-28af-4b80-8e14-557e387da663;449.14;3.5627;UNKNOWN
2016-04-22T01:14:56.000000;2016-04-22T01:14:56.000000;d6827d12-c4be-4887-a4a8-62b3239fa7f5;449.1;4.8381;UNKNOWN
2016-04-22T01:14:56.000000;2016-04-22T01:14:56.000000;955194c7-7846-4b50-879a-c5bbfbdca64f;449.11;6.5992;UNKNOWN
2016-04-22T01:15:38.000000;2016-04-22T01:15:38.000000;c9c740ca-3b2e-4a41-9a7d-8d24cd42212a;449.15;0.37135857;UNKNOWN
2016-04-22T01:15:38.000000;2016-04-22T01:15:38.000000;9d747313-4ae5-4353-ac51-73259b8de1f8;449.15;0.05921894;UNKNOWN
2016-04-22T01:15:40.000000;2016-04-22T01:15:40.000000;7ba0e59e-88dd-4b10-9e13-1729c3478f26;449.1;2.06367397;UNKNOWN
2016-04-22T01:15:40.000000;2016-04-22T01:15:40.000000;f2166780-3a7e-4769-8e35-ea9f855db936;449.15;0.37135857;UNKNOWN
2016-04-22T01:15:41.000000;2016-04-22T01:15:41.000000;177ff6f6-4403-42d7-8537-178e401d013d;449.15;0.33113116;UNKNOWN
2016-04-22T01:15:42.000000;2016-04-22T01:15:42.000000;b510d5dc-9990-45ec-86a7-b1a15f84312b;449.17;0.37147966;UNKNOWN
2016-04-22T01:15:43.000000;2016-04-22T01:15:43.000000;b3d2e868-c656-495a-906d-586d2bf42f4e;449.18;0.04037331;UNKNOWN
2016-04-22T01:15:56.000000;2016-04-22T01:15:56.000000;7ec5d940-9825-4341-826c-c7f3e60251b7;449.18;0.39371137;UNKNOWN
2016-04-22T01:16:03.000000;2016-04-22T01:16:03.000000;aca67911-6a62-4dcb-8586-783cbc0bfe13;449.18;0.01041456;UNKNOWN
2016-04-22T01:16:04.000000;2016-04-22T01:16:04.000000;21892f42-a926-47cf-8e2c-ea5d9ab8676c;449.18;0.1;UNKNOWN
2016-04-22T01:16:07.000000;2016-04-22T01:16:07.000000;3616cf1b-3241-441f-bc26-cdec416c7b3e;449.18;0.01459652;UNKNOWN
2016-04-22T01:16:12.000000;2016-04-22T01:16:12.000000;dd23e722-d112-458d-8c5d-64395b8108e6;449.18;0.0131083;UNKNOWN
2016-04-22T01:16:16.000000;2016-04-22T01:16:16.000000;6560a58c-4a90-4de1-a3dd-dcf3823230f0;449.18;0.01083966;UNKNOWN
2016-04-22T01:16:18.000000;2016-04-22T01:16:18.000000;8a31551a-7832-4d0c-b0bf-ca77449a8065;449.17;0.10200846;UNKNOWN
2016-04-22T01:16:19.000000;2016-04-22T01:16:19.000000;9888449d-0d86-4d35-a7da-51a7a1255644;449.17;0.36152566;UNKNOWN
2016-04-22T01:16:19.000000;2016-04-22T01:16:19.000000;7d7268b1-d6b0-437a-9870-818d6038dbe7;449.18;0.01657616;UNKNOWN
2016-04-22T01:16:22.000000;2016-04-22T01:16:22.000000;d47a8ad3-f502-4359-8b25-98ca05a23dac;449.18;0.36152566;UNKNOWN
2016-04-22T01:16:23.000000;2016-04-22T01:16:23.000000;f79040ee-c8a8-44f7-ba54-35d4bb5cebcd;449.17;0.01265325;UNKNOWN
2016-04-22T01:16:23.000000;2016-04-22T01:16:23.000000;ad897555-9c47-4c45-81c3-f21ce93be58f;449.17;0.2610303;UNKNOWN
2016-04-22T01:16:23.000000;2016-04-22T01:16:23.000000;78cfbf6a-46be-4b14-84bb-ee6a5a6f743b;449.17;0.03797898;UNKNOWN
2016-04-22T01:16:23.000000;2016-04-22T01:16:23.000000;2ceb063c-185d-42ce-a2c6-aab4d25f9c5d;449.17;0.10049536;UNKNOWN
2016-04-22T01:16:23.000000;2016-04-22T01:16:23.000000;320af13a-3d2f-4b46-a920-8a6dfd075350;449.17;0.36152566;UNKNOWN
2016-04-22T01:16:24.000000;2016-04-22T01:16:24.000000;179798b9-773a-4e2a-8d66-d4403f5e4e46;449.17;0.36089131;UNKNOWN
2016-04-22T01:16:24.000000;2016-04-22T01:16:24.000000;6f1ebfd8-abfd-4d19-8835-3ed21b7c582c;449.17;0.36152566;UNKNOWN
2016-04-22T01:16:24.000000;2016-04-22T01:16:24.000000;9361c3a9-f5de-4ecf-93cf-c3968bfeec14;449.17;0.08244431;UNKNOWN
2016-04-22T01:16:24.000000;2016-04-22T01:16:24.000000;026dc5b9-4280-4a3b-bc7b-6a3a4ff6f95a;449.17;0.03797898;UNKNOWN
2016-04-22T01:16:28.000000;2016-04-22T01:16:28.000000;59a44c08-a3c7-4380-8584-13c9c093afb6;449.18;0.01246875;UNKNOWN
2016-04-22T01:16:29.000000;2016-04-22T01:16:29.000000;9829d20b-eb94-41c7-85bd-81bbf6b0747e;449.18;0.01249373;UNKNOWN
2016-04-22T01:16:29.000000;2016-04-22T01:16:29.000000;9a76151e-4d2c-48c4-9cdf-468655647139;449.18;0.0962436;UNKNOWN
2016-04-22T01:16:30.000000;2016-04-22T01:16:30.000000;93494001-536a-440b-814a-2bc5c548dd00;449.18;0.10874218;UNKNOWN
2016-04-22T01:16:33.000000;2016-04-22T01:16:33.000000;2ef5c337-ff3a-4a17-b8af-8fba8503b9e3;449.18;0.0962436;UNKNOWN
2016-04-22T01:17:34.000000;2016-04-22T01:17:34.000000;dda270e7-8fca-4164-8ba4-c2e6529be427;449.18;0.249;UNKNOWN
2016-04-22T01:17:42.000000;2016-04-22T01:17:42.000000;0b4a82a0-7aee-4e70-a6b4-a6911d6aeef8;449.18;0.117;UNKNOWN
2016-04-22T01:18:11.000000;2016-04-22T01:18:11.000000;d82ed91a-8bc0-457d-8fc4-eafbea6a8542;449.18;0.595426;UNKNOWN
2016-04-22T01:18:18.000000;2016-04-22T01:18:18.000000;8c5a6cda-1b22-44c3-9d78-116089b3dcba;449.18;1.0;UNKNOWN
2016-04-22T01:19:03.000000;2016-04-22T01:19:03.000000;cda392dd-e921-4a24-a36f-e1bf17423cb6;449.1;0.01200469;UNKNOWN
2016-04-22T01:19:03.000000;2016-04-22T01:19:03.000000;9443bae5-33a4-4ab4-85df-9ebd415ee446;449.15;0.01131531;UNKNOWN
2016-04-22T01:19:48.000000;2016-04-22T01:19:48.000000;f42194e0-c603-4899-954d-4f2e3ea03bf1;449.16;0.05;UNKNOWN
2016-04-22T01:20:11.000000;2016-04-22T01:20:11.000000;5290bf46-837a-42e7-9c2e-32999ca2b4e8;449.16;0.1146;UNKNOWN
2016-04-22T01:20:15.000000;2016-04-22T01:20:15.000000;b94f80ca-6a23-4124-9447-56c82af2e54a;449.13;0.11154447;UNKNOWN
2016-04-22T01:21:29.000000;2016-04-22T01:21:29.000000;97ad8da0-278a-4ebf-9488-67ffec4668ad;449.16;1.8354;UNKNOWN
2016-04-22T01:21:48.000000;2016-04-22T01:21:48.000000;b60b1b39-02cd-45d0-adff-60dda6f1aae6;449.16;0.6636;UNKNOWN
2016-04-22T01:23:24.000000;2016-04-22T01:23:24.000000;9073a831-e27b-4fba-ab86-fe5612be3db7;449.5;2.181;UNKNOWN
2016-04-22T01:24:50.000000;2016-04-22T01:24:50.000000;b045f84a-7f93-4242-ab56-a3bd9c5d7515;449.33;0.78;UNKNOWN
2016-04-22T01:24:50.000000;2016-04-22T01:24:50.000000;70529c0d-f36b-4c7c-8452-96b3d2eae07c;449.46;0.22;UNKNOWN
2016-04-22T01:25:03.000000;2016-04-22T01:25:03.000000;66749904-cab6-4e9a-a9dd-053569f16c9f;449.3;0.222;UNKNOWN
2016-04-22T01:29:46.000000;2016-04-22T01:29:46.000000;8085e32e-5068-4866-abbc-9a9a1f81eef4;449.11;2.1299162;UNKNOWN
2016-04-22T01:29:53.000000;2016-04-22T01:29:53.000000;7f269c8f-6f3c-4b0b-a35c-418fba2c3e6b;449.15;0.2329;UNKNOWN
2016-04-22T01:30:17.000000;2016-04-22T01:30:17.000000;6dc2cf6a-080f-4243-a358-ac3005f84279;449.14;0.01;UNKNOWN
2016-04-22T01:30:32.000000;2016-04-22T01:30:32.000000;7220f9ba-f306-4acd-89e5-389745d6c686;449.15;0.075;UNKNOWN
2016-04-22T01:30:33.000000;2016-04-22T01:30:33.000000;cff5db13-3f55-4b97-9925-166ca552252e;449.15;0.075;UNKNOWN
2016-04-22T01:30:33.000000;2016-04-22T01:30:33.000000;106b0a34-5d88-46e9-81dd-d7d7d0071d06;449.15;0.075;UNKNOWN
2016-04-22T01:30:35.000000;2016-04-22T01:30:35.000000;68d925bf-96af-4149-96a4-f951717903b5;449.15;0.075;UNKNOWN
2016-04-22T01:30:36.000000;2016-04-22T01:30:36.000000;4a2f918d-fb2f-4eb3-a28d-3fed47804092;449.15;0.075;UNKNOWN
2016-04-22T01:30:39.000000;2016-04-22T01:30:39.000000;446b9af9-e26f-4c2d-8caa-d44290fccd61;449.15;0.075;UNKNOWN
2016-04-22T01:30:41.000000;2016-04-22T01:30:41.000000;2a5b472e-bf98-49f6-b4b9-bd8952d8210a;449.15;0.015384;UNKNOWN
2016-04-22T01:30:42.000000;2016-04-22T01:30:42.000000;03d3b2ac-03dc-46c8-9f80-1da45c79b47b;449.15;0.015384;UNKNOWN
2016-04-22T01:30:43.000000;2016-04-22T01:30:43.000000;41770f0e-3c40-4f3e-ab7b-0748ddbad7eb;449.15;0.075;UNKNOWN
2016-04-22T01:30:44.000000;2016-04-22T01:30:44.000000;4647be81-98d4-40e4-985c-3debd576f942;449.15;0.023342;UNKNOWN
2016-04-22T01:31:03.000000;2016-04-22T01:31:03.000000;4c730563-a94d-4773-b0a1-7d48c5a2b75d;449.14;0.026319;UNKNOWN
2016-04-22T01:31:04.000000;2016-04-22T01:31:04.000000;19811442-0572-4972-adba-41e8c908642d;449.14;0.90554944;UNKNOWN
2016-04-22T01:31:26.000000;2016-04-22T01:31:26.000000;e5098f01-cd09-48be-bf13-c5ff8a6ecab8;449.12;0.05865586;UNKNOWN
2016-04-22T01:31:28.000000;2016-04-22T01:31:28.000000;f7bdd5a4-a6e8-4d31-abf3-b7909ab86e49;449.15;0.10076447;UNKNOWN
2016-04-22T01:31:45.000000;2016-04-22T01:31:45.000000;6cbc1687-3a60-4776-b7b9-4fc7395f1bb5;449.11;0.01;UNKNOWN
2016-04-22T01:33:24.000000;2016-04-22T01:33:24.000000;091e1fc0-93ce-4e8e-942c-62d46b711e92;449.12;0.01;UNKNOWN
2016-04-22T01:33:27.000000;2016-04-22T01:33:27.000000;625fcd19-cc30-4b6d-b8dc-e177cc2b1653;449.11;0.02;UNKNOWN
2016-04-22T01:33:31.000000;2016-04-22T01:33:31.000000;b01588cf-2cf7-41de-a616-e17e80405bfd;449.11;0.02;UNKNOWN
2016-04-22T01:33:36.000000;2016-04-22T01:33:36.000000;7b998fb9-4ebb-4b11-a21a-db88ee5d47a8;449.11;0.02;UNKNOWN
2016-04-22T01:33:38.000000;2016-04-22T01:33:38.000000;07334e6b-e999-4837-a138-19ff588bc82a;449.11;6.00344922;UNKNOWN
2016-04-22T01:33:48.000000;2016-04-22T01:33:48.000000;2412fac6-166f-4396-8b9c-758f54fb3cab;449.1;0.65782134;UNKNOWN
2016-04-22T01:33:48.000000;2016-04-22T01:33:48.000000;8fd182a4-0600-4680-b99c-960be736e8f7;449.1;1.31217866;UNKNOWN
2016-04-22T01:33:48.000000;2016-04-22T01:33:48.000000;f98f4d25-99aa-4878-8735-060ff4d8ebd0;449.1;0.03;UNKNOWN
2016-04-22T01:34:09.000000;2016-04-22T01:34:09.000000;3a591bfe-3bd4-4141-b914-1722619e86cd;449.1;0.02;UNKNOWN
2016-04-22T01:34:11.000000;2016-04-22T01:34:11.000000;d0227943-54a6-43ee-9557-a4fdf585e862;448.83;0.25;UNKNOWN
2016-04-22T01:34:11.000000;2016-04-22T01:34:11.000000;810505cb-8611-4a65-8144-344bd8d205ab;449.1;0.056;UNKNOWN
2016-04-22T01:34:11.000000;2016-04-22T01:34:11.000000;f5193b4e-2cbb-4951-b195-ce2953cd3140;448.9;0.0314;UNKNOWN
2016-04-22T01:34:11.000000;2016-04-22T01:34:11.000000;3b5cc11d-1dd3-43cc-bef1-1bdc43540f80;448.69;6.6427;UNKNOWN
2016-04-22T01:34:11.000000;2016-04-22T01:34:11.000000;2815f892-667c-4836-9b30-a8044aba6f64;449.1;0.22;UNKNOWN
2016-04-22T01:34:11.000000;2016-04-22T01:34:11.000000;8781976b-d6a5-44e6-974c-f6f071962047;448.9;0.0437;UNKNOWN
2016-04-22T01:34:11.000000;2016-04-22T01:34:11.000000;af87f936-ed03-439e-a0e4-0219bf509c5e;449.1;0.66782134;UNKNOWN
2016-04-22T01:34:11.000000;2016-04-22T01:34:11.000000;d2295687-bc89-450f-8068-947c19b810b1;448.8;0.24;UNKNOWN
2016-04-22T01:34:11.000000;2016-04-22T01:34:11.000000;642c983a-7b02-4b9b-9ef2-7e4524767a2b;448.9;0.0607;UNKNOWN
2016-04-22T01:34:11.000000;2016-04-22T01:34:11.000000;b3285737-498f-4f80-89da-08eb4962bebc;448.6;1.97497866;UNKNOWN
2016-04-22T01:34:11.000000;2016-04-22T01:34:11.000000;abbda55b-f5f1-4b52-b30e-6321928e3b27;448.66;13.5627;UNKNOWN
2016-04-22T01:34:11.000000;2016-04-22T01:34:11.000000;81c65c61-5fd6-44fd-b805-808c988f5ab1;448.68;8.25;UNKNOWN
2016-04-22T01:34:11.000000;2016-04-22T01:34:11.000000;1c20f8dc-8cdd-4d21-a16a-6273f60d30dc;448.67;18.0;UNKNOWN
2016-04-22T01:34:16.000000;2016-04-22T01:34:16.000000;3904eac5-e962-4fc7-8db1-ecca440df97a;448.71;0.223;UNKNOWN
2016-04-22T01:34:21.000000;2016-04-22T01:34:21.000000;8d9e615b-bbbe-4c8b-924c-317f9bc90786;448.5;0.97497866;UNKNOWN
2016-04-22T01:34:21.000000;2016-04-22T01:34:21.000000;f1deb220-9ed0-42cd-817c-a34067ddc870;448.6;1.02502134;UNKNOWN
2016-04-22T01:34:27.000000;2016-04-22T01:34:27.000000;1932ed9e-1ef4-4f86-a02f-5edc51907410;448.5;2.0;UNKNOWN
2016-04-22T01:34:38.000000;2016-04-22T01:34:38.000000;6f761f87-fcbb-4676-b64f-a6e8f910dbd8;448.51;0.01;UNKNOWN
2016-04-22T01:34:39.000000;2016-04-22T01:34:39.000000;29395897-bf4a-4eb0-83e8-a4f3243948b5;448.5;0.08;UNKNOWN
2016-04-22T01:34:49.000000;2016-04-22T01:34:49.000000;b1c71233-9e54-4d20-8526-26f3d000e1fd;448.4;0.01;UNKNOWN
2016-04-22T01:34:49.000000;2016-04-22T01:34:49.000000;c62a54f9-ac26-4f6c-bf42-db1516dafd87;448.5;21.94502134;UNKNOWN
2016-04-22T01:34:49.000000;2016-04-22T01:34:49.000000;d6524485-53e9-4740-b3f4-5749a86e7bae;448.16;23.04497866;UNKNOWN
2016-04-22T01:34:52.000000;2016-04-22T01:34:52.000000;c6e68707-42d0-4c5d-9dbb-e484af0d5fee;448.1;0.5;UNKNOWN
2016-04-22T01:34:52.000000;2016-04-22T01:34:52.000000;9122adfb-15ba-4bd6-9c33-ff93baeb20f3;448.11;0.25;UNKNOWN
2016-04-22T01:34:52.000000;2016-04-22T01:34:52.000000;433f2743-daf1-4c74-b898-0ec44281b4c6;448.15;0.25;UNKNOWN
2016-04-22T01:34:52.000000;2016-04-22T01:34:52.000000;aa6de561-d48b-4c36-b685-6ebdf432f960;448.1;0.1;UNKNOWN
2016-04-22T01:35:00.000000;2016-04-22T01:35:00.000000;4cfe30a1-c4c4-42e0-83d9-e84e9ad7ad82;448.15;0.221;UNKNOWN
2016-04-22T01:35:00.000000;2016-04-22T01:35:00.000000;a4d800bd-18e8-4b0a-80f6-4033ea2f3e87;448.15;0.221;UNKNOWN
2016-04-22T01:35:00.000000;2016-04-22T01:35:00.000000;6b48e38c-368e-4bf9-84cb-c2ba56d72bb1;448.1;4.937;UNKNOWN
2016-04-22T01:35:00.000000;2016-04-22T01:35:00.000000;4b40389a-6a6c-43e2-b904-835292d69c2b;448.1;0.4;UNKNOWN
2016-04-22T01:35:00.000000;2016-04-22T01:35:00.000000;39314be0-2856-44ed-84c5-be78e4d9257a;448.15;0.221;UNKNOWN
2016-04-22T01:35:04.000000;2016-04-22T01:35:04.000000;0612b6db-59f2-4cf1-a1b2-ca02d23a0d69;448.02;0.05136855;UNKNOWN
2016-04-22T01:35:04.000000;2016-04-22T01:35:04.000000;6d921c5b-9180-4aac-8a36-b5252d6fb98a;448.02;3.0;UNKNOWN
2016-04-22T01:35:04.000000;2016-04-22T01:35:04.000000;ceb89cfa-5ed8-4473-9404-f7bd2f47d316;448.0;0.1;UNKNOWN
2016-04-22T01:35:04.000000;2016-04-22T01:35:04.000000;89016e78-fcd3-46a0-bdf6-e4c667325e14;448.1;10.063;UNKNOWN
2016-04-22T01:35:04.000000;2016-04-22T01:35:04.000000;d1d7aec2-9c7b-4a4b-b120-5c4fe2690778;448.0;0.75;UNKNOWN
2016-04-22T01:35:04.000000;2016-04-22T01:35:04.000000;d503241e-650e-4ea4-a0b0-3a1a4ed1a3e5;448.0;3.0;UNKNOWN
2016-04-22T01:35:04.000000;2016-04-22T01:35:04.000000;89ad908b-cf5e-450b-b387-f1bbe53c631d;448.0;15.54563145;UNKNOWN
2016-04-22T01:35:04.000000;2016-04-22T01:35:04.000000;39233f46-ec29-49f5-bf83-9b207aa38113;448.01;12.49;UNKNOWN
2016-04-22T01:35:07.000000;2016-04-22T01:35:07.000000;64e9c300-7e2a-4163-a59f-e97608c83a17;448.0;0.01;UNKNOWN
2016-04-22T01:35:07.000000;2016-04-22T01:35:07.000000;301a483d-18b3-43c9-a439-d2fa02664eaf;448.0;9.44436855;UNKNOWN
2016-04-22T01:35:07.000000;2016-04-22T01:35:07.000000;db705cb0-8a35-4ec0-858f-0d8d8f1ed4c7;448.16;0.05;UNKNOWN
2016-04-22T01:35:07.000000;2016-04-22T01:35:07.000000;c8688091-ecea-42a0-a259-47ac149626c2;448.0;0.54563145;UNKNOWN
2016-04-22T01:35:09.000000;2016-04-22T01:35:09.000000;e247e5a3-0297-4f1f-917d-47b7ab4f9512;448.0;0.45436855;UNKNOWN
2016-04-22T01:35:09.000000;2016-04-22T01:35:09.000000;2548e4f2-b1b0-4adc-8b57-65866b22e2a9;448.0;4.15716;UNKNOWN
2016-04-22T01:35:09.000000;2016-04-22T01:35:09.000000;fa9c58fe-0d68-4238-8b93-fa6c07444a40;448.0;0.01;UNKNOWN
2016-04-22T01:35:09.000000;2016-04-22T01:35:09.000000;32d3ef91-d445-459e-b2a4-4a8156b67361;448.0;5.37847145;UNKNOWN
2016-04-22T01:35:11.000000;2016-04-22T01:35:11.000000;d75b8ca7-bcfe-4fcf-972d-8ff06b5d265f;448.0;2.0;UNKNOWN
2016-04-22T01:35:11.000000;2016-04-22T01:35:11.000000;3a97dfc7-5be8-4747-92f6-8c6b9fb2ca1a;447.74;50.0;UNKNOWN
2016-04-22T01:35:11.000000;2016-04-22T01:35:11.000000;0df19583-a3ee-4357-b6b1-8cb09db37387;447.92;0.01752626;UNKNOWN
2016-04-22T01:35:11.000000;2016-04-22T01:35:11.000000;403c1c39-a6b9-422f-a89e-be513367b531;447.81;0.15;UNKNOWN
2016-04-22T01:35:11.000000;2016-04-22T01:35:11.000000;289f27ea-272e-490d-82ec-50bdef8da2cd;447.94;0.01;UNKNOWN
2016-04-22T01:35:11.000000;2016-04-22T01:35:11.000000;a34d1f98-b3a7-4f7a-bb2e-19780d76045e;447.7;4.0;UNKNOWN
2016-04-22T01:35:11.000000;2016-04-22T01:35:11.000000;1cda92f7-0a82-490d-8da0-804ef5527591;447.51;100.0;UNKNOWN
2016-04-22T01:35:11.000000;2016-04-22T01:35:11.000000;fded938e-b399-4c1a-838a-c054c53067a2;447.52;20.0;UNKNOWN
2016-04-22T01:35:11.000000;2016-04-22T01:35:11.000000;24d26acb-cab0-48f3-852c-286c35d0f99d;447.6;12.81745395;UNKNOWN
2016-04-22T01:35:11.000000;2016-04-22T01:35:11.000000;1447e303-150f-4806-9b16-cd92c0d1eade;447.6;0.1;UNKNOWN
2016-04-22T01:35:11.000000;2016-04-22T01:35:11.000000;66c55120-6079-48aa-a1dd-83ac33fd6486;448.0;17.42152855;UNKNOWN
2016-04-22T01:35:11.000000;2016-04-22T01:35:11.000000;4d66b94a-339d-45e6-b00b-553f834fdac2;447.6;11.00124519;UNKNOWN
2016-04-22T01:35:11.000000;2016-04-22T01:35:11.000000;f566dd16-f400-482f-bf55-43f39283cde3;447.6;0.83130086;UNKNOWN
2016-04-22T01:35:11.000000;2016-04-22T01:35:11.000000;5d4018b0-ccda-482d-be50-87e84b0431a2;447.65;1.1;UNKNOWN
2016-04-22T01:35:11.000000;2016-04-22T01:35:11.000000;216d199a-5bd6-4594-9ef6-7a4adf15d81d;447.5;60.57419067;UNKNOWN
2016-04-22T01:35:11.000000;2016-04-22T01:35:11.000000;23135f3d-e023-4dbf-9b15-cacfb740a896;447.6;0.01;UNKNOWN
2016-04-22T01:35:11.000000;2016-04-22T01:35:11.000000;d037e426-760e-4a60-ac63-275365ce767d;447.66;0.0846;UNKNOWN
2016-04-22T01:35:11.000000;2016-04-22T01:35:11.000000;7d81b98b-3a98-45c1-94aa-a16a284eba07;447.6;0.25;UNKNOWN
2016-04-22T01:35:11.000000;2016-04-22T01:35:11.000000;6a70c478-615c-49bd-9040-cfa3dd1bf1bc;447.81;0.25;UNKNOWN
2016-04-22T01:35:11.000000;2016-04-22T01:35:11.000000;a621eda5-9410-4eb2-88e7-f99a2fd583e4;448.0;0.2;UNKNOWN
2016-04-22T01:35:11.000000;2016-04-22T01:35:11.000000;8eff191c-c725-400e-8da4-919c8ba88f05;447.82;15.9651;UNKNOWN
2016-04-22T01:35:17.000000;2016-04-22T01:35:17.000000;9df51438-221d-4606-a120-f85ca8147013;447.5;5.0;UNKNOWN
2016-04-22T01:35:17.000000;2016-04-22T01:35:17.000000;46a54ba9-ab36-4cdf-a6af-a9ed017e2028;447.5;15.769663;UNKNOWN
2016-04-22T01:35:28.000000;2016-04-22T01:35:28.000000;a6d5994c-611e-43b8-bec6-9ddfc7b23d08;447.52;0.01;UNKNOWN
2016-04-22T01:35:29.000000;2016-04-22T01:35:29.000000;73d6fc41-8a26-4bad-92eb-9d23e4e5420f;447.52;0.01819959;UNKNOWN
2016-04-22T01:35:29.000000;2016-04-22T01:35:29.000000;24bfef72-7c95-4309-b41b-96631cb973ad;447.51;0.02;UNKNOWN
2016-04-22T01:35:34.000000;2016-04-22T01:35:34.000000;a5d6e00b-7f62-4e58-a6ad-c91df931ca8a;447.51;0.02;UNKNOWN
2016-04-22T01:35:34.000000;2016-04-22T01:35:34.000000;f2a79a56-3938-449b-81d5-e9fda231b0ba;447.52;0.01410482;UNKNOWN
2016-04-22T01:35:34.000000;2016-04-22T01:35:34.000000;81cdf64c-74d0-487c-8389-dcf072bc8fa2;447.52;0.12;UNKNOWN
2016-04-22T01:35:34.000000;2016-04-22T01:35:34.000000;ec7b38c6-d5a1-4161-974b-1071542f428e;447.52;0.12;UNKNOWN
2016-04-22T01:35:35.000000;2016-04-22T01:35:35.000000;d09ecd46-e1c6-43a7-b6ab-a886691ba5b8;447.52;0.056;UNKNOWN
2016-04-22T01:35:36.000000;2016-04-22T01:35:36.000000;d7874b48-fd9a-410f-9ba8-24ac579a406c;447.51;0.221;UNKNOWN
2016-04-22T01:35:36.000000;2016-04-22T01:35:36.000000;9cb3f504-a83b-4b44-ace0-af7522fc42ec;447.51;0.221;UNKNOWN
2016-04-22T01:35:36.000000;2016-04-22T01:35:36.000000;28a0baff-07bf-4d12-b650-391fc6cb463e;447.51;0.221;UNKNOWN
2016-04-22T01:35:36.000000;2016-04-22T01:35:36.000000;57aaee1c-fccb-4330-925b-f30601ac0a0a;447.51;0.221;UNKNOWN
2016-04-22T01:35:37.000000;2016-04-22T01:35:37.000000;6d65a285-d737-410c-aaab-2c68cc48ce41;447.5;4.0;UNKNOWN
2016-04-22T01:35:38.000000;2016-04-22T01:35:38.000000;31f09073-243d-48e1-913a-a6f50d5edb44;447.51;1.0;UNKNOWN
2016-04-22T01:35:43.000000;2016-04-22T01:35:43.000000;76c65057-aa6b-45d6-8cef-fdf54ccd7276;447.5;2.0;UNKNOWN
2016-04-22T01:35:46.000000;2016-04-22T01:35:46.000000;407366e5-b532-467b-b8a0-325c05f11710;447.51;0.0109316;UNKNOWN
2016-04-22T01:35:47.000000;2016-04-22T01:35:47.000000;fe73964a-1f94-4ac2-9b4c-a8c33122112a;447.5;0.62488738;UNKNOWN
2016-04-22T01:35:49.000000;2016-04-22T01:35:49.000000;9466de99-3e4e-405a-8873-96b47407bda4;447.51;0.01375542;UNKNOWN
2016-04-22T01:35:57.000000;2016-04-22T01:35:57.000000;65c7cba3-ea6c-4191-9ffa-4feb81aab145;447.51;0.01066053;UNKNOWN
2016-04-22T01:36:02.000000;2016-04-22T01:36:02.000000;66c330f1-0bfd-4b19-bc7f-70620367a045;447.51;0.1002;UNKNOWN
2016-04-22T01:36:03.000000;2016-04-22T01:36:03.000000;f6b50f05-2dbd-4b24-8ddf-abfaa79dfb1b;447.51;0.12194;UNKNOWN
2016-04-22T01:36:05.000000;2016-04-22T01:36:05.000000;8c5b0a80-3e00-4a22-9632-e35a4e73d325;447.51;0.05;UNKNOWN
2016-04-22T01:36:11.000000;2016-04-22T01:36:11.000000;37555d63-240e-4b50-b15c-207a15b3183e;447.51;6.6182;UNKNOWN
2016-04-22T01:36:11.000000;2016-04-22T01:36:11.000000;8a8f4786-b02e-47c2-80e7-91a8c6c33789;447.51;1.80851245;UNKNOWN
2016-04-22T01:36:11.000000;2016-04-22T01:36:11.000000;7eeff1ed-a349-40eb-94fc-ee4f14d757a1;447.5;16.2;UNKNOWN
2016-04-22T01:36:11.000000;2016-04-22T01:36:11.000000;65c9e585-e100-4a1d-949f-cbc7fb1c1b09;447.51;1.57328755;UNKNOWN
2016-04-22T01:36:12.000000;2016-04-22T01:36:12.000000;502fefa5-3292-404c-af5b-763b92b130e7;447.5;30.0;UNKNOWN
2016-04-22T01:36:17.000000;2016-04-22T01:36:17.000000;05c45f1b-38a3-4f7b-9624-9ea3840d270d;447.5;10.0;UNKNOWN
2016-04-22T01:36:26.000000;2016-04-22T01:36:26.000000;c59eb179-af26-4ca5-9030-cc365861da74;447.51;0.01;UNKNOWN
2016-04-22T01:36:42.000000;2016-04-22T01:36:42.000000;d46cd2c6-64c1-46d3-9e11-d7006559ca93;447.5;8.0;UNKNOWN
2016-04-22T01:36:44.000000;2016-04-22T01:36:44.000000;d6b8134e-0229-46c2-bd90-256c98e8cf76;447.5;9.91;UNKNOWN
2016-04-22T01:36:58.000000;2016-04-22T01:36:58.000000;d781157b-577a-4bb2-82b7-653d46fda03f;447.5;0.56;UNKNOWN
2016-04-22T01:37:01.000000;2016-04-22T01:37:01.000000;5182ab53-638a-4f6f-94f4-8683596e1ae8;447.5;1.13;UNKNOWN
2016-04-22T01:37:02.000000;2016-04-22T01:37:02.000000;245b4f17-b63b-452f-bcb2-25483b6784e4;447.5;4.26;UNKNOWN
2016-04-22T01:37:38.000000;2016-04-22T01:37:38.000000;9d30880d-b9e5-48af-8fb8-db69c97f48e6;447.5;3.0;UNKNOWN
2016-04-22T01:37:47.000000;2016-04-22T01:37:47.000000;bab1c722-b0ea-4e4a-912c-665c727ff9cb;447.5;10.29;UNKNOWN
2016-04-22T01:37:50.000000;2016-04-22T01:37:50.000000;d0816cdb-9dfc-4b16-983f-6d22be5099df;447.51;0.012;UNKNOWN
2016-04-22T01:37:57.000000;2016-04-22T01:37:57.000000;02a64583-16e9-4a4d-935d-0a3a63206010;447.51;2.0;UNKNOWN
2016-04-22T01:37:59.000000;2016-04-22T01:37:59.000000;f507cdf4-35c3-496d-a127-ea6ba7f84a8c;447.5;0.02;UNKNOWN
2016-04-22T01:38:36.000000;2016-04-22T01:38:36.000000;4764b1bc-49f5-4cbd-af85-6d240429e9b6;447.51;2.033;UNKNOWN
2016-04-22T01:38:53.000000;2016-04-22T01:38:53.000000;f9fcf9bf-181e-476d-af04-4d85b7da3f4e;447.5;1.0;UNKNOWN
2016-04-22T01:39:59.000000;2016-04-22T01:39:59.000000;40e5ed0a-91ae-46c7-8d6b-2fe526cc41f7;447.51;0.68143356;UNKNOWN
2016-04-22T01:39:59.000000;2016-04-22T01:39:59.000000;d7f7dfa8-4929-4e5f-9789-c59906733618;447.51;8.7921;UNKNOWN
2016-04-22T01:40:10.000000;2016-04-22T01:40:10.000000;bbc0001b-367c-4668-b997-53553357e84b;447.5;0.9;UNKNOWN
2016-04-22T01:40:35.000000;2016-04-22T01:40:35.000000;eda217f8-38a3-462e-90a8-9076e7330984;447.51;0.01;UNKNOWN
2016-04-22T01:40:37.000000;2016-04-22T01:40:37.000000;45c6e8b6-bec6-4477-a3d8-df6072848dbd;447.5;0.34;UNKNOWN
2016-04-22T01:40:41.000000;2016-04-22T01:40:41.000000;50ada937-cd3a-42c8-85a6-611390fe949b;447.51;0.352;UNKNOWN
2016-04-22T01:41:05.000000;2016-04-22T01:41:05.000000;aa5d3672-e341-401f-adb0-acc808b9e23b;447.5;0.03075954;UNKNOWN
2016-04-22T01:41:19.000000;2016-04-22T01:41:19.000000;89019e4a-aafc-4d5f-bd1d-6779a8206207;447.51;0.42;UNKNOWN
2016-04-22T01:41:30.000000;2016-04-22T01:41:30.000000;d128e41b-f9a2-4e73-9855-cf875d505e20;447.5;0.012;UNKNOWN
2016-04-22T01:41:34.000000;2016-04-22T01:41:34.000000;fff06b47-8d4b-44f3-bcff-3f026925e798;447.51;5.0;UNKNOWN
2016-04-22T01:41:42.000000;2016-04-22T01:41:42.000000;1014cc67-39e1-4f6c-a876-c161eabaaf89;447.51;0.01;UNKNOWN
2016-04-22T01:41:59.000000;2016-04-22T01:41:59.000000;c25cd863-144f-40ee-b063-3eec74bb8a6c;447.5;0.4;UNKNOWN
2016-04-22T01:42:35.000000;2016-04-22T01:42:35.000000;bd192dc5-2d44-4231-a522-f48e898a3049;447.51;0.4903;UNKNOWN
2016-04-22T01:42:55.000000;2016-04-22T01:42:55.000000;1450fb89-c2d8-4f4b-8ca9-8e9503612bb0;447.51;0.2029;UNKNOWN
2016-04-22T01:43:39.000000;2016-04-22T01:43:39.000000;33160caa-5359-4f8d-afff-3ec4b9a894bc;447.51;0.025;UNKNOWN
2016-04-22T01:43:51.000000;2016-04-22T01:43:51.000000;c010de68-90f9-48ed-a2ce-e6505ec0b552;447.5;0.01;UNKNOWN
2016-04-22T01:43:51.000000;2016-04-22T01:43:51.000000;0f71b64a-1b1b-4774-be25-17243f3fab8d;447.5;22.46425579;UNKNOWN
2016-04-22T01:43:51.000000;2016-04-22T01:43:51.000000;7f218b46-5216-44cb-af73-0570feed10b5;447.5;0.5;UNKNOWN
2016-04-22T01:43:51.000000;2016-04-22T01:43:51.000000;3f929f56-6a63-4a2b-97eb-44b63dfd389a;447.5;2.0;UNKNOWN
2016-04-22T01:43:51.000000;2016-04-22T01:43:51.000000;528db8c1-95a8-437d-8360-6e6147aae9c9;447.5;4.1;UNKNOWN
2016-04-22T01:43:51.000000;2016-04-22T01:43:51.000000;1a9b16b3-5d03-402c-aa61-8aaacf46e701;447.5;5.0;UNKNOWN
2016-04-22T01:43:51.000000;2016-04-22T01:43:51.000000;05b40afa-7f29-45ff-bcf6-8cf0c94ce5b9;447.5;0.01;UNKNOWN
2016-04-22T01:43:58.000000;2016-04-22T01:43:58.000000;1ed30b8e-4fe7-4e4c-b68c-7a4028ba8d92;447.4;0.0315;UNKNOWN
2016-04-22T01:43:58.000000;2016-04-22T01:43:58.000000;e7dc20ef-ebca-4419-babb-9bc60c27148b;447.39;0.25;UNKNOWN
2016-04-22T01:43:58.000000;2016-04-22T01:43:58.000000;349bb57a-0273-4255-be20-d42600afdc2c;447.4;0.0609;UNKNOWN
2016-04-22T01:43:58.000000;2016-04-22T01:43:58.000000;2966a7a8-876e-49f6-b285-71e3b5fc4d4a;447.39;0.25;UNKNOWN
2016-04-22T01:43:58.000000;2016-04-22T01:43:58.000000;40134c0f-d69f-402b-9ffe-465b49d3d2e8;447.31;1.2791;UNKNOWN
2016-04-22T01:43:58.000000;2016-04-22T01:43:58.000000;31d70d8b-bbae-4162-9033-4c9dd7b3514b;447.4;0.0438;UNKNOWN
2016-04-22T01:43:58.000000;2016-04-22T01:43:58.000000;81c28371-673d-41c6-b65b-2459e2853174;447.4;0.0847;UNKNOWN
2016-04-22T01:44:17.000000;2016-04-22T01:44:17.000000;8b354261-b353-4dbc-bced-f254c04f5ec8;447.39;0.0267;UNKNOWN
2016-04-22T01:44:18.000000;2016-04-22T01:44:18.000000;e612adbe-f00e-4df7-b827-60e984a02e36;447.39;1.48;UNKNOWN
2016-04-22T01:45:03.000000;2016-04-22T01:45:03.000000;f42ff118-b69c-4931-91c0-58dabbd15673;447.3;1.14569196;UNKNOWN
2016-04-22T01:45:04.000000;2016-04-22T01:45:04.000000;a9eec472-686a-49f6-9023-514823b676b9;447.3;0.1097;UNKNOWN
2016-04-22T01:45:07.000000;2016-04-22T01:45:07.000000;6f251077-edb3-42cb-bf2f-a86d2195049a;447.31;0.025;UNKNOWN
2016-04-22T01:45:47.000000;2016-04-22T01:45:47.000000;d2846c98-1a6d-4811-a227-074aa20becdd;447.3;0.5;UNKNOWN
2016-04-22T01:46:34.000000;2016-04-22T01:46:34.000000;d74debb4-e4da-472f-ae6e-baf53fb01c6f;447.31;0.1;UNKNOWN
2016-04-22T01:46:57.000000;2016-04-22T01:46:57.000000;3e8cfaa2-66cd-4f78-b09e-7cc04c7ddd87;447.31;0.0097;UNKNOWN
2016-04-22T01:46:57.000000;2016-04-22T01:46:57.000000;55d90cd1-dd92-417d-ae48-a37a77c9884b;447.31;0.0903;UNKNOWN
2016-04-22T01:47:19.000000;2016-04-22T01:47:19.000000;50d9e006-c31c-4c29-abfa-19325e4abd1b;447.31;0.1;UNKNOWN
2016-04-22T01:47:41.000000;2016-04-22T01:47:41.000000;5c106e13-f04e-456a-b686-028375382b4d;447.31;0.1;UNKNOWN
2016-04-22T01:48:04.000000;2016-04-22T01:48:04.000000;3f16f8ee-2e96-4704-b24d-031a7b159486;447.31;0.1;UNKNOWN
2016-04-22T01:48:27.000000;2016-04-22T01:48:27.000000;024ffb3f-151b-4c56-9575-0c330f3c73be;447.31;0.1;UNKNOWN
2016-04-22T01:48:42.000000;2016-04-22T01:48:42.000000;0f6b222c-c4ed-41b0-8c89-0da04b515236;447.3;0.06039439;UNKNOWN
2016-04-22T01:48:49.000000;2016-04-22T01:48:49.000000;bd3e49c3-fa0b-464f-b905-6a9bcc229f86;447.22;0.1;UNKNOWN
2016-04-22T01:48:55.000000;2016-04-22T01:48:55.000000;5d386370-1179-4f99-a36f-dcfcea4966c9;447.15;0.1269657;UNKNOWN
2016-04-22T01:48:55.000000;2016-04-22T01:48:55.000000;dd3294b6-f4aa-4c00-873d-0a0f6a9af7fc;447.2;0.48676479;UNKNOWN
2016-04-22T01:48:55.000000;2016-04-22T01:48:55.000000;f117e427-c69e-4cc6-a353-94ad69a936e8;447.21;0.0439;UNKNOWN
2016-04-22T01:48:55.000000;2016-04-22T01:48:55.000000;6bf7a811-9efc-4bc5-8781-7e01ea65deb9;447.2;0.01;UNKNOWN
2016-04-22T01:48:55.000000;2016-04-22T01:48:55.000000;cd20a870-d0ae-458d-a19e-7860cbfdb3e1;447.21;0.0847;UNKNOWN
2016-04-22T01:48:55.000000;2016-04-22T01:48:55.000000;398bea25-da37-465b-a4f9-f2dc88d54b72;447.21;0.0609;UNKNOWN
2016-04-22T01:48:55.000000;2016-04-22T01:48:55.000000;4ffbba82-f94e-44e3-8b37-f6e3aea29740;447.21;0.0315;UNKNOWN
2016-04-22T01:49:04.000000;2016-04-22T01:49:04.000000;ba449f2c-408f-4a4f-97ef-2831cde0fc5a;447.15;7.4985657;UNKNOWN
2016-04-22T01:49:04.000000;2016-04-22T01:49:04.000000;ef373ccf-c154-4f0d-9db9-7d454bcd6893;447.15;6.5014343;UNKNOWN
2016-04-22T01:49:12.000000;2016-04-22T01:49:12.000000;28ddd240-447e-4878-8d36-1ea296db70aa;447.14;0.1;UNKNOWN
2016-04-22T01:49:34.000000;2016-04-22T01:49:34.000000;453c51f4-7825-4ce4-a5c1-0cd8764333ad;447.14;0.1;UNKNOWN
2016-04-22T01:49:45.000000;2016-04-22T01:49:45.000000;733fbcd3-955a-4e88-9f7c-351b774aa88a;447.11;0.01172088;UNKNOWN
2016-04-22T01:49:59.000000;2016-04-22T01:49:59.000000;7fdb6633-9c81-4bc1-bf0c-cd833b21a015;447.11;0.1;UNKNOWN
2016-04-22T01:50:02.000000;2016-04-22T01:50:02.000000;77ff2be8-0ba3-49b0-b8de-3b739ed0a0a0;447.1;0.25;UNKNOWN
2016-04-22T01:50:02.000000;2016-04-22T01:50:02.000000;6e3f9719-5fc3-42b0-94fc-2462a84b7445;447.1;10.0;UNKNOWN
2016-04-22T01:50:19.000000;2016-04-22T01:50:19.000000;5af5c93e-6363-4a3d-b893-5efd03be4001;447.09;0.1;UNKNOWN
2016-04-22T01:50:39.000000;2016-04-22T01:50:39.000000;23e913be-ce7e-472c-8618-f672cad4ed18;447.08;1.0;UNKNOWN
2016-04-22T01:50:44.000000;2016-04-22T01:50:44.000000;dafdc6d7-a6a8-403c-92a8-9f31e01bed23;447.08;0.1;UNKNOWN
2016-04-22T01:50:59.000000;2016-04-22T01:50:59.000000;973c7d61-7789-48ae-8a00-02e7b553cba3;447.08;8.9;UNKNOWN
2016-04-22T01:50:59.000000;2016-04-22T01:50:59.000000;162c9753-bebb-4eee-a612-49402bda9a3d;447.01;1.9932;UNKNOWN
2016-04-22T01:50:59.000000;2016-04-22T01:50:59.000000;fd8eb00d-50ef-475e-ae51-813ad2ba0862;447.08;2.0;UNKNOWN
2016-04-22T01:51:03.000000;2016-04-22T01:51:03.000000;2e001139-8340-417f-9865-5a2eb9a5dda7;447.01;0.08632454;UNKNOWN
2016-04-22T01:51:05.000000;2016-04-22T01:51:05.000000;6ec6839a-7f10-40a9-a34f-17b3a7c90093;447.02;0.01009999;UNKNOWN
2016-04-22T01:51:07.000000;2016-04-22T01:51:07.000000;940d7e84-b6ca-49a6-a377-13d85dd60379;447.01;0.1;UNKNOWN
2016-04-22T01:51:27.000000;2016-04-22T01:51:27.000000;9f046f9b-7b6f-47a1-a842-14ffba26afc5;447.0;19.58952454;UNKNOWN
2016-04-22T01:51:27.000000;2016-04-22T01:51:27.000000;11f46ae0-50b4-4e01-8fc9-0560159b1011;447.01;10.31047546;UNKNOWN
2016-04-22T01:51:27.000000;2016-04-22T01:51:27.000000;3a7b3fca-8a3a-4773-b54f-6717a8fd8b4b;447.0;0.1;UNKNOWN
2016-04-22T01:51:32.000000;2016-04-22T01:51:32.000000;065d14e3-b2ac-4364-925e-039d8d91ad69;447.0;1.0;UNKNOWN
2016-04-22T01:51:32.000000;2016-04-22T01:51:32.000000;acaff943-f6af-4308-988e-99ae422cf30f;447.0;35.3172102;UNKNOWN
2016-04-22T01:51:32.000000;2016-04-22T01:51:32.000000;cad82c66-c750-4224-bb0e-c6cef89645e2;447.0;2.0;UNKNOWN
2016-04-22T01:51:32.000000;2016-04-22T01:51:32.000000;32233520-e236-4670-b4b0-c79ae5a88fa4;446.37;8.88877457;UNKNOWN
2016-04-22T01:51:32.000000;2016-04-22T01:51:32.000000;546141e0-2e4d-44d8-8951-6d8c4ea99279;446.37;0.01;UNKNOWN
2016-04-22T01:51:32.000000;2016-04-22T01:51:32.000000;73d159f7-529f-4ace-95ca-d696d190b4ea;446.5;0.21487837;UNKNOWN
2016-04-22T01:51:32.000000;2016-04-22T01:51:32.000000;4e900851-7a99-4d47-8069-6c285c6e2066;446.49;0.25;UNKNOWN
2016-04-22T01:51:32.000000;2016-04-22T01:51:32.000000;2abfc028-8527-4685-83f7-31a61d89330d;446.8;0.01;UNKNOWN
2016-04-22T01:51:32.000000;2016-04-22T01:51:32.000000;e3cbe6a5-ee40-4b1e-ab86-fda531fd6b7c;446.78;6.7051;UNKNOWN
2016-04-22T01:51:32.000000;2016-04-22T01:51:32.000000;5b952e65-11e5-4426-9400-7dc2a2d18290;447.0;8.41047546;UNKNOWN
2016-04-22T01:51:32.000000;2016-04-22T01:51:32.000000;54b7e212-1db1-4ebd-b36f-59ff8b04b831;447.0;14.6827898;UNKNOWN
2016-04-22T01:51:32.000000;2016-04-22T01:51:32.000000;6bd22833-5ca5-4b70-b0cb-81c580a49f9f;446.5;4.78512163;UNKNOWN
2016-04-22T01:51:32.000000;2016-04-22T01:51:32.000000;5f081e20-0967-4eef-90d4-b5dec5a2355d;446.52;12.1253;UNKNOWN
2016-04-22T01:51:32.000000;2016-04-22T01:51:32.000000;9d3f264b-3a8f-4e8e-9877-8200706c1d4e;446.51;10.98512163;UNKNOWN
2016-04-22T01:51:32.000000;2016-04-22T01:51:32.000000;ad3675e6-5550-433a-850e-bf0fcff854b9;446.5;20.0;UNKNOWN
2016-04-22T01:51:32.000000;2016-04-22T01:51:32.000000;5bbfd813-3991-43d7-a899-112444273072;446.76;7.6535547;UNKNOWN
