time_exchange;time_coinpai;guid;price;base_amount;taker_side
2016-04-22T00:02:11.000000;2016-04-22T00:02:11.511787;dc1b4404-d28a-49fa-98dd-6c278de32ce6;8.2247;0.554323;SELL
2016-04-22T00:06:40.000000;2016-04-22T00:06:40.085197;060d6da1-c610-4e65-95d1-c6901f08d9f5;8.229;1.535961;BUY
2016-04-22T00:08:45.000000;2016-04-22T00:08:46.046756;8daa8ece-db5c-4aa6-919d-a40e1f6f80fa;8.229;1.893604;BUY
2016-04-22T00:10:52.000000;2016-04-22T00:10:52.569403;b036d5f2-7ac8-47c4-afd2-75f180de9466;8.2288;1.053275;BUY
2016-04-22T00:13:05.000000;2016-04-22T00:13:05.264701;5f324ac4-0c53-4910-ae72-474c8fa6e53c;8.2288;2.24004;BUY
2016-04-22T00:13:05.000000;2016-04-22T00:13:05.269696;4bbcdce6-4998-41b4-81bb-7bca30ce92a2;8.23;0.233286;BUY
2016-04-22T00:14:13.000000;2016-04-22T00:14:13.841576;006d4819-d0f0-4ca3-a190-7c156c2e3692;8.2223;1.157431;SELL
2016-04-22T00:14:15.000000;2016-04-22T00:14:15.320721;08251a98-209d-4647-90e4-2b1487c055f4;8.223;1.157431;SELL
2016-04-22T00:14:17.000000;2016-04-22T00:14:17.541901;8683ef06-8cc8-448a-a5c2-26a9b55f64bb;8.223;0.039457;SELL
2016-04-22T00:14:18.000000;2016-04-22T00:14:18.418985;9f41e667-d788-4ee7-a9bc-2e6ae155b96c;8.229;8.299232;BUY
2016-04-22T00:14:27.000000;2016-04-22T00:14:27.538905;db8baef7-1f3f-4463-ab28-e03db647fb1a;8.2262;0.32257;SELL
2016-04-22T00:14:42.000000;2016-04-22T00:14:42.563403;7fc00817-6e9d-4b01-8f0b-3d85fbbd6caf;8.2297;0.795404;BUY
2016-04-22T00:14:42.000000;2016-04-22T00:14:42.566417;259c2b51-ee38-43e0-a95e-70b4cfd0b871;8.23;0.306753;BUY
2016-04-22T00:15:04.000000;2016-04-22T00:15:04.665612;490ce376-ad2d-403b-a5e3-08ba5550621a;8.23;0.491228;BUY
2016-04-22T00:16:29.000000;2016-04-22T00:16:29.883524;2a67dbfa-5b6e-4d4d-b4b2-d347e6b2bf3a;8.2297;0.571222;SELL
2016-04-22T00:16:29.000000;2016-04-22T00:16:29.895478;b2c85630-d45d-4148-9d95-51dd84880498;8.2289;1.561447;SELL
2016-04-22T00:16:37.000000;2016-04-22T00:16:37.353229;b3d097b6-cf32-4089-9620-483926e31c78;8.2279;1.163496;BUY
2016-04-22T00:16:37.000000;2016-04-22T00:16:37.361209;c7d139a9-dfb0-401e-8369-94ee16d83d3d;8.23;0.269431;BUY
2016-04-22T00:16:51.000000;2016-04-22T00:16:51.613651;4a7483d2-0bd2-42a5-9eaf-55ec48232fd7;8.23;0.75634;BUY
2016-04-22T00:18:21.000000;2016-04-22T00:18:21.862663;b2e1673c-dd49-46e8-ac01-b225454ba158;8.23;1.99309;BUY
2016-04-22T00:18:30.000000;2016-04-22T00:18:30.662547;89c4b350-2dd9-4cdc-a6ad-fe960c77857b;8.23;1.207657;BUY
2016-04-22T00:20:10.000000;2016-04-22T00:20:10.912600;15586221-d16f-427b-936d-3b540fdbec95;8.23;0.271168;BUY
2016-04-22T00:20:32.000000;2016-04-22T00:20:32.470723;6e54e78f-5fbe-440e-82b3-81c9839f1479;8.23;0.210049;BUY
2016-04-22T00:21:40.000000;2016-04-22T00:21:40.087515;6258cfa2-c36b-4191-a9f3-cc221670ee01;8.23;0.7;BUY
2016-04-22T00:21:51.000000;2016-04-22T00:21:51.568660;24e73579-fc14-424e-8f91-bd02e342a02a;8.23;1.6;BUY
2016-04-22T00:22:00.000000;2016-04-22T00:22:00.736542;7253893e-fc3b-4b01-88a6-73e61e48a215;8.23;0.5;BUY
2016-04-22T00:22:08.000000;2016-04-22T00:22:08.480302;73e275ea-1958-4391-b289-37d3cac168cb;8.2298;0.293588;SELL
2016-04-22T00:22:08.000000;2016-04-22T00:22:08.481356;f99c828f-1a64-4310-818d-4cefc32d099e;8.229;2.33391031;SELL
2016-04-22T00:22:57.000000;2016-04-22T00:22:57.935263;1ba88fe5-7b5e-4aab-81f0-913d33c819d4;8.23;29.04;BUY
2016-04-22T00:22:59.000000;2016-04-22T00:22:59.599456;0d6ac688-6b3d-4ec3-87b5-685ef5585064;8.23;0.001319;BUY
2016-04-22T00:23:10.000000;2016-04-22T00:23:10.219524;374db924-26df-4d8e-a984-e2bc6a29ddb8;8.2367;0.55361789;BUY
2016-04-22T00:23:58.000000;2016-04-22T00:23:58.699340;ae1c365a-14e6-48ab-a9ff-110a7a3a9eca;8.259;0.2;BUY
2016-04-22T00:24:20.000000;2016-04-22T00:24:20.757547;235c2b19-d1dd-4bd0-bf5d-dbda101c9ea4;8.26;0.3;BUY
2016-04-22T00:24:26.000000;2016-04-22T00:24:27.027157;69e6a899-a321-4fad-8170-3d7413704c0f;8.26;0.354801;BUY
2016-04-22T00:24:30.000000;2016-04-22T00:24:30.135493;b3b02162-eec9-447e-88e0-8fc0005e1a5e;8.26;3.3;BUY
2016-04-22T00:24:41.000000;2016-04-22T00:24:41.445616;171a7768-e4f5-4d42-bf62-5d84c0ade6d0;8.26;1.682646;BUY
2016-04-22T00:30:02.000000;2016-04-22T00:30:03.262796;66ba428d-5d8d-4527-8b5e-8a14b650d1cb;8.25;1.0;SELL
2016-04-22T00:30:04.000000;2016-04-22T00:30:04.218895;c7b6e73f-2f02-49fe-a00d-fb8890977955;8.2132;12.85387578;SELL
2016-04-22T00:30:04.000000;2016-04-22T00:30:04.222893;7011da29-6625-4cec-9a91-35ac305c2772;8.2065;0.54764513;SELL
2016-04-22T00:30:04.000000;2016-04-22T00:30:04.228900;22de1e51-5879-41eb-916d-e0a9a6892b8b;8.1998;3.324545;SELL
2016-04-22T00:30:04.000000;2016-04-22T00:30:04.254883;cfe62d5f-abeb-4355-9dd8-bd45c7385615;8.181;9.73423409;SELL
2016-04-22T00:30:04.000000;2016-04-22T00:30:04.254883;6e5d73db-7f62-4437-ab86-5c54e8ff25c1;8.181;9.5782;SELL
2016-04-22T00:31:02.000000;2016-04-22T00:31:02.408652;e6c2c2a4-1159-4c56-8321-f48ceb1b30fc;8.181;24.3751;SELL
2016-04-22T00:31:02.000000;2016-04-22T00:31:02.417676;b19a60a1-2532-4761-aeff-9730d371cd87;8.181;9.1109;SELL
2016-04-22T00:32:00.000000;2016-04-22T00:32:00.268449;675aaf73-47b5-4799-813a-0de392bdfa38;8.1801;25.9022;SELL
2016-04-22T00:32:00.000000;2016-04-22T00:32:00.386495;3edc61a5-9eed-46a1-90ce-7dc2dd9a46e2;8.1801;9.0604;SELL
2016-04-22T00:32:58.000000;2016-04-22T00:32:58.211251;b2e74a43-8087-4489-8f57-d1b2e1007bb1;8.18;23.5505;SELL
2016-04-22T00:32:58.000000;2016-04-22T00:32:58.384254;d20b6f28-9c83-4e0a-bac3-a28a7c183633;8.18;9.1889;SELL
2016-04-22T00:33:56.000000;2016-04-22T00:33:56.392080;5e02b831-f64b-499b-9e19-88d096dfd398;8.18;8.42596289;SELL
2016-04-22T00:33:56.000000;2016-04-22T00:33:56.421081;2da5581d-2601-45b7-9e2e-c973d3bd6cc3;8.1638;0.54957133;SELL
2016-04-22T00:33:56.000000;2016-04-22T00:33:56.440067;ad7a5a8e-ab67-47d1-97ea-35250cfb51a0;8.1601;13.8021233;SELL
2016-04-22T00:33:56.000000;2016-04-22T00:33:56.524082;085c7641-83ed-47d2-94d2-600e379e58c6;8.1601;8.86911467;SELL
2016-04-22T00:47:11.000000;2016-04-22T00:47:12.019233;b07c5919-410a-4dc2-9106-9fc50b2d89c8;8.1978;3.300529;SELL
2016-04-22T00:47:11.000000;2016-04-22T00:47:12.042232;b7cc0a0c-80a0-4102-81f7-8445bddd25e6;8.182;3.1317293;SELL
2016-04-22T01:06:24.000000;2016-04-22T01:06:24.672083;e478fcd0-44dc-430d-a4a5-48a71bcf72fa;8.19;2.88721769;SELL
2016-04-22T01:06:28.000000;2016-04-22T01:06:28.515501;7ad0b0f3-e5db-4fb4-87f7-692c08a62710;8.19;2.88721769;SELL
2016-04-22T01:06:51.000000;2016-04-22T01:06:51.821784;dc5ba48d-5506-4aa1-b99d-e1780dffb448;8.19;3.25022465;SELL
2016-04-22T01:07:09.000000;2016-04-22T01:07:09.527552;d25dacb5-a227-4c8e-9b44-df9c9867c81d;8.19;2.88721769;SELL
2016-04-22T01:07:15.000000;2016-04-22T01:07:15.424184;f4e1b85b-b9ec-4754-b729-db216fa9c4f3;8.19;2.93442173;SELL
2016-04-22T01:07:17.000000;2016-04-22T01:07:17.437392;1b105320-7e72-4d98-b0d7-5633be1f4db1;8.19;24.8;SELL
2016-04-22T01:07:18.000000;2016-04-22T01:07:18.505466;1d70b4e2-fa6a-4460-aea6-030e39058de3;8.19;28.17;SELL
2016-04-22T01:07:20.000000;2016-04-22T01:07:20.113651;545b8943-6629-4475-bd4f-a6eeaf42086c;8.19;2.88721769;SELL
2016-04-22T01:07:20.000000;2016-04-22T01:07:20.307634;855112d8-4ebd-470f-88e3-cc312d9fbb4f;8.19;29.29648286;SELL
2016-04-22T01:10:44.000000;2016-04-22T01:10:44.270102;8ac2c422-32ac-4f0b-be31-bea40f8603c6;8.185;92.095;BUY
2016-04-22T01:11:01.000000;2016-04-22T01:11:01.237738;ad8cfb0e-a8c6-44ff-a73d-a01c588649e0;8.184;2.2;BUY
2016-04-22T01:11:01.000000;2016-04-22T01:11:01.289179;aa12df8e-04e9-4f86-a227-4660730bfb12;8.184;1.087052;BUY
2016-04-22T01:11:18.000000;2016-04-22T01:11:18.905541;33fb7067-7de9-437c-a2dc-401f5b059ef3;8.183;0.3;BUY
2016-04-22T01:11:18.000000;2016-04-22T01:11:18.930545;61c31f95-d13d-4ddb-b058-e29f3893d316;8.184;70.3098;BUY
2016-04-22T01:13:29.000000;2016-04-22T01:13:29.854595;5f9b83d3-7e6d-46d2-8da7-dd486936340b;8.18;37.5;SELL
2016-04-22T01:13:30.000000;2016-04-22T01:13:30.957708;76ea8960-7cfd-4b52-b5ae-32a6b2b48d07;8.18;12.5;SELL
2016-04-22T01:14:23.000000;2016-04-22T01:14:23.050914;40cfeb87-b54c-4695-9116-61aaab385f06;8.1621;0.54644809;SELL
2016-04-22T01:14:27.000000;2016-04-22T01:14:27.378337;2d9d8d9b-ffa8-4bda-b7fd-d849a0422d5c;8.16;1.19952;SELL
2016-04-22T01:14:28.000000;2016-04-22T01:14:28.595461;36ecf1a5-1ce5-424c-bef2-ae374582e6ca;8.16;12.954816;SELL
2016-04-22T01:14:29.000000;2016-04-22T01:14:30.030613;f77409fd-7c0c-43f9-8d7d-2cf70a34a2f9;8.16;14.994;SELL
2016-04-22T01:14:31.000000;2016-04-22T01:14:31.558101;7cf87aca-7b71-4fcf-8ab0-df899c622c77;8.16;3.57442261;SELL
2016-04-22T01:14:33.000000;2016-04-22T01:14:33.577957;866307e5-dd6a-4178-85aa-9d50eef7b26b;8.16;17.27724139;SELL
2016-04-22T01:14:35.000000;2016-04-22T01:14:35.800179;e0221d9f-f7a8-4852-8a7d-a290ba77a50f;8.1479;0.55141991;SELL
2016-04-22T01:14:42.000000;2016-04-22T01:14:42.676908;2449e346-5344-4050-80b7-a79b67708360;8.14;19.95487334;SELL
2016-04-22T01:14:46.000000;2016-04-22T01:14:46.680289;4cae5aac-9e90-4ba3-9e10-b50ccc8f98d4;8.14;2.39;SELL
2016-04-22T01:14:47.000000;2016-04-22T01:14:47.566389;7a116649-878b-4c7d-a49e-cff991d7bf71;8.14;22.82;SELL
2016-04-22T01:14:48.000000;2016-04-22T01:14:48.394457;d2423426-981d-4b81-aa95-e9aaab793192;8.14;4.83512666;SELL
2016-04-22T01:15:28.000000;2016-04-22T01:15:28.982532;bf427211-620b-4f9f-a39a-f00020c8804c;8.138;91.6185;BUY
2016-04-22T01:15:28.000000;2016-04-22T01:15:28.991949;17cb5f6b-8147-4062-a2cd-a567cd001ea1;8.138;3.287052;BUY
2016-04-22T01:15:37.000000;2016-04-22T01:15:37.958407;d82e2ff8-0724-486d-8f6b-fd83b5921a21;8.1446;3.26705209;BUY
2016-04-22T01:15:37.000000;2016-04-22T01:15:37.964434;7ce75e16-ba56-4711-bf1e-87aaaf861103;8.1446;20.48749458;BUY
2016-04-22T01:15:37.000000;2016-04-22T01:15:37.970415;cf9e51ec-1ad4-4d3f-bfe7-584b03e2968d;8.148;19.12275861;BUY
2016-04-22T01:15:41.000000;2016-04-22T01:15:41.377758;61463a5a-d1dd-4690-a59a-b2e216433cbc;8.1478;20.48749458;BUY
2016-04-22T01:15:41.000000;2016-04-22T01:15:41.531800;d90bc870-efb0-48de-a887-6be26f217521;8.15;3.26705209;SELL
2016-04-22T01:15:41.000000;2016-04-22T01:15:41.832826;39401f50-b67c-4f7b-8c56-7d3394a79774;8.15;20.48749458;SELL
2016-04-22T01:15:53.000000;2016-04-22T01:15:53.820005;df5e3634-caed-4bc0-a1eb-ab2b8a812f98;8.1445;3.323973;BUY
2016-04-22T01:15:54.000000;2016-04-22T01:15:54.995105;a66fc930-f2e2-4f8f-9b12-d64373230ef4;8.15;1.22024059;SELL
2016-04-22T01:15:54.000000;2016-04-22T01:15:55.020166;792bd334-80cd-4892-ab50-e6f97c254556;8.15;20.48749458;SELL
2016-04-22T01:15:57.000000;2016-04-22T01:15:57.519366;dd4d74ac-0904-444d-8e56-6a86b8b4f8bc;8.15;20.48749458;SELL
2016-04-22T01:15:57.000000;2016-04-22T01:15:57.529361;4f5af8f8-92d0-406b-8d45-b86870971480;8.15;1.22024059;SELL
2016-04-22T01:16:02.000000;2016-04-22T01:16:02.357857;b8675b06-8c35-41f8-8846-eede8f34d41a;8.159;14.7467;BUY
2016-04-22T01:16:02.000000;2016-04-22T01:16:02.367949;c60a1a03-befb-4a78-bf91-044dffd41034;8.1599;14.63653909;BUY
2016-04-22T01:16:02.000000;2016-04-22T01:16:02.380839;10215234-d028-4ae1-8891-e8ce5e434b6d;8.16;7.58275544;BUY
2016-04-22T01:16:03.000000;2016-04-22T01:16:03.713979;fe56b091-9c7c-46fd-966c-a7cff51c1ac0;8.16;0.57629205;SELL
2016-04-22T01:16:07.000000;2016-04-22T01:16:07.881403;ccbe465b-45a7-42d5-a8d0-48cd03ddce8e;8.16;0.80770176;SELL
2016-04-22T01:16:12.000000;2016-04-22T01:16:12.693871;c3f81946-202e-40c9-a198-d7cec30c72e0;8.16;0.72446191;SELL
2016-04-22T01:16:16.000000;2016-04-22T01:16:16.418290;e0ce631b-5cf7-4f9e-a687-50a838993b99;8.16;0.59907991;SELL
2016-04-22T01:16:19.000000;2016-04-22T01:16:19.070505;6e8de611-230b-4e14-8a0d-13b84204c7ca;8.16;5.62646864;SELL
2016-04-22T01:16:19.000000;2016-04-22T01:16:19.081497;9c16d853-8e5f-4e19-8d12-cbf0a220a86e;8.15;19.95819232;SELL
2016-04-22T01:16:22.000000;2016-04-22T01:16:22.310885;4aa4ca95-9612-46be-a62f-c75da935fa7e;8.15;2.09732577;SELL
2016-04-22T01:16:23.000000;2016-04-22T01:16:23.904017;75f22132-1256-4386-ae30-23b95964e466;8.15;0.70015487;SELL
2016-04-22T01:16:24.000000;2016-04-22T01:16:24.110035;ca4b7ed3-bc6f-4d5c-a3f9-b5ae7ef1556a;8.15;19.94381862;SELL
2016-04-22T01:16:24.000000;2016-04-22T01:16:24.167018;6908b007-8100-46a5-8adc-d9c7681702f4;8.15;4.55609307;SELL
2016-04-22T01:16:28.000000;2016-04-22T01:16:28.489460;6b719fb2-0eec-4892-a834-493514f84398;8.15;0.68996115;SELL
2016-04-22T01:16:28.000000;2016-04-22T01:16:29.326567;3f00d000-4fb2-4988-954d-e6bb82defabe;8.15;5.31501086;SELL
2016-04-22T01:24:56.000000;2016-04-22T01:24:56.400231;1cf10d89-d846-4483-b7ec-e0ebd485ee45;8.14;51.8619682;SELL
2016-04-22T01:31:56.000000;2016-04-22T01:31:56.724400;5186616b-7a5a-403a-982e-f9d4afcf25ee;8.145;0.1;SELL
2016-04-22T01:34:34.000000;2016-04-22T01:34:34.265175;eec4deed-0216-49c3-922d-2c69d09e52b0;8.1494;6.00497201;BUY
2016-04-22T01:34:34.000000;2016-04-22T01:34:34.272220;580c95f8-3c40-459d-be13-5f8cd7fbaef8;8.1494;0.58996115;BUY
2016-04-22T01:34:34.000000;2016-04-22T01:34:34.296157;4e23012e-767f-4f99-bee5-41ee1811ada6;8.1494;3.40506684;BUY
2016-04-22T01:34:37.000000;2016-04-22T01:34:37.142169;aa3cb6d1-b19f-418b-bf4c-0426ef432f8d;8.1401;1.90994402;SELL
2016-04-22T01:38:26.000000;2016-04-22T01:38:26.756403;ef3f08cb-cdc2-4171-8888-7350daa98646;8.1495;5.31501086;BUY
2016-04-22T01:38:26.000000;2016-04-22T01:38:26.762414;8a763b8c-ab03-4a96-997c-6d5eb1a3fc67;8.1495;0.68996115;BUY
2016-04-22T01:38:26.000000;2016-04-22T01:38:26.765500;a4df429e-71d2-4490-87ac-c810b4b0a679;8.1495;6.00497201;BUY
2016-04-22T01:38:26.000000;2016-04-22T01:38:26.793394;7bf44849-bad3-4700-adfb-c7c6ace1e485;8.1496;6.00497201;BUY
2016-04-22T01:38:26.000000;2016-04-22T01:38:26.793394;d44a61fc-a7b7-4893-81e3-3fcec5eaac12;8.1496;5.31501086;BUY
2016-04-22T01:38:26.000000;2016-04-22T01:38:26.794401;24bc26f1-f09d-427e-bb54-210673c59863;8.1499;0.68996115;BUY
2016-04-22T01:38:26.000000;2016-04-22T01:38:26.794401;393b0cbe-4ac1-4c70-9335-3815665d8da6;8.15;0.62609332;BUY
2016-04-22T01:38:41.000000;2016-04-22T01:38:41.136847;d698d8fb-8a48-49e4-85c0-00d6472c4beb;8.15;100.0;SELL
2016-04-22T01:38:41.000000;2016-04-22T01:38:41.144893;9705926c-85ba-4c9e-b2e9-1a45d1c45ac2;8.14;48.1380318;SELL
2016-04-22T01:39:39.000000;2016-04-22T01:39:39.570673;faeca8f2-b752-42e3-a040-664e88d96175;8.14;1.8619682;BUY
2016-04-22T01:45:09.000000;2016-04-22T01:45:09.595683;f0f3d433-04e3-4237-8bdc-cc9a7694ea08;8.14;8.63359208;SELL
2016-04-22T02:11:35.000000;2016-04-22T02:11:35.213136;9bce8c6b-6058-440d-ac33-85bf83a445db;8.14;19.91623534;SELL
2016-04-22T02:11:35.000000;2016-04-22T02:11:36.773283;c12f2ff2-a795-4cb5-a94c-09de41cdfdd2;8.14;3.57942336;SELL
2016-04-22T02:11:35.000000;2016-04-22T02:11:36.835287;d1b38d87-7975-4cdf-a04d-c2dc4b6115a5;8.14;20.48749458;SELL
2016-04-22T02:11:39.000000;2016-04-22T02:11:39.417567;61c95225-c07a-466d-ad4b-d126a2790562;8.14;3.57942336;SELL
2016-04-22T02:11:41.000000;2016-04-22T02:11:42.301885;fcf5d951-e8e1-4986-8327-d4fb0aeb9ca4;8.14;20.48749458;SELL
2016-04-22T02:13:48.000000;2016-04-22T02:13:48.372442;329c3ce4-21f2-4458-a5fd-8da57c7c6642;8.147;91.5891;BUY
2016-04-22T02:15:50.000000;2016-04-22T02:15:50.580325;0e10a3e9-635c-4f25-96e9-61692b2abc50;8.14;1.81943216;SELL
2016-04-22T02:15:55.000000;2016-04-22T02:15:55.279165;2b286aa4-8c0f-4c4a-a26f-9516f6da8bc8;8.14;1.70863518;SELL
2016-04-22T02:16:02.000000;2016-04-22T02:16:02.084404;4de684e4-ad76-4e6a-9e9e-51bfcec3c690;8.14;1.3112175;SELL
2016-04-22T02:16:08.000000;2016-04-22T02:16:09.035558;5a09c0c5-6b11-455d-8a73-82e59f332b5a;8.14;0.93461938;SELL
2016-04-22T02:18:52.000000;2016-04-22T02:18:52.442551;c1de86ec-65b2-4b5b-9ee4-6b1a78d1c394;8.149;92.0102;BUY
2016-04-22T02:18:52.000000;2016-04-22T02:18:52.444697;b528f8c4-e67c-4ce4-80b0-79bd638a8711;8.149;3.316738;BUY
2016-04-22T02:19:30.000000;2016-04-22T02:19:30.212337;48864931-ac3e-4d27-9021-695ecc77f3f9;8.14;3.3972327;SELL
2016-04-22T02:19:35.000000;2016-04-22T02:19:35.689880;8504e8de-7ea9-4e37-8e15-e24848b64843;8.14;3.3972327;SELL
2016-04-22T02:19:39.000000;2016-04-22T02:19:39.800270;a8be8300-a72e-48ab-89dc-016ea712fd13;8.14;3.3972327;SELL
2016-04-22T02:21:32.000000;2016-04-22T02:21:32.340528;589b2514-5aab-41da-b2dd-3ede53bdb03d;8.1462;0.857171;SELL
2016-04-22T02:22:32.000000;2016-04-22T02:22:33.013618;075b3b97-6206-4e0f-a7c9-cd2d2ab8d42e;8.1453;0.89498435;SELL
2016-04-22T02:23:16.000000;2016-04-22T02:23:16.699984;c19e7627-0477-4a28-a670-91039f41bbd8;8.1427;0.497079;SELL
2016-04-22T02:23:17.000000;2016-04-22T02:23:17.536052;56acbd33-dbd5-467f-bf1f-55fda10ea931;8.1408;1.4917271;BUY
2016-04-22T02:23:17.000000;2016-04-22T02:23:17.541086;2ccdc7ee-b082-4372-be4c-f7178e97742d;8.144;4.5619729;BUY
2016-04-22T02:23:28.000000;2016-04-22T02:23:28.993219;24549b32-0040-45fe-87e4-67491cdb70a9;8.1432;1.357271;SELL
2016-04-22T02:23:32.000000;2016-04-22T02:23:32.217546;533ee6ad-a8e9-4735-a1c0-dec22e9fe06b;8.1432;0.242278;SELL
2016-04-22T02:24:36.000000;2016-04-22T02:24:36.169951;eb64b087-5403-41ad-9512-6c13fb43fcdc;8.14;2.17749761;SELL
2016-04-22T02:24:56.000000;2016-04-22T02:24:56.605962;0b903a17-a4c1-4f61-88b1-b22b9f528362;8.14;3.31126857;SELL
2016-04-22T02:24:56.000000;2016-04-22T02:24:56.653995;e0b6272e-ee86-4e81-b146-46d9b638c779;8.14;0.57877587;SELL
2016-04-22T02:25:00.000000;2016-04-22T02:25:00.036293;cf52f54f-794c-4cfb-8ef3-e89ab4c98e00;8.14;1.42122413;SELL
2016-04-22T02:25:42.000000;2016-04-22T02:25:43.065610;411ed222-f02e-477b-908a-8aa0e7238459;8.1405;1.041886;SELL
2016-04-22T02:25:42.000000;2016-04-22T02:25:43.066603;95797013-a456-46fd-9b1b-594078db845d;8.13;0.11833415;SELL
2016-04-22T02:25:42.000000;2016-04-22T02:25:43.116620;861ec428-6c00-4461-873b-1d8c9f9f611c;8.13;19.99921531;SELL
2016-04-22T02:25:42.000000;2016-04-22T02:25:43.146622;944035c0-1989-42b6-b1c5-9ee03ab35a1c;8.13;1.16022015;SELL
2016-04-22T02:25:47.000000;2016-04-22T02:25:47.301018;d605ca21-5dc3-4011-89bd-d05db44a3b09;8.1419;1.041886;BUY
2016-04-22T02:25:50.000000;2016-04-22T02:25:50.905396;75a6e3ff-6cf4-49d4-a423-16e6d115234f;8.13;19.99921531;SELL
2016-04-22T02:25:50.000000;2016-04-22T02:25:50.919422;0d86f663-34c1-4d07-8976-05f94ca4d665;8.13;1.16022015;SELL
2016-04-22T02:25:50.000000;2016-04-22T02:25:50.933435;10e4a5a4-a7fe-406e-b2c7-686b26b4e193;8.13;0.11833415;SELL
2016-04-22T02:25:55.000000;2016-04-22T02:25:55.548846;b122ac6e-53ae-40f5-b8fb-13e730dd25d5;8.13;7.44446078;SELL
2016-04-22T02:25:56.000000;2016-04-22T02:25:56.054937;b86b7602-d09d-433f-be90-fad6455fa348;8.1;12.55475453;SELL
2016-04-22T02:29:17.000000;2016-04-22T02:29:17.367025;5aed78e7-21b8-4fee-b3af-98656ba07b3b;8.1369;0.478042;BUY
2016-04-22T02:29:38.000000;2016-04-22T02:29:38.106209;236c19c1-6fc3-4927-98ad-9d5487034fad;8.1404;0.478042;BUY
2016-04-22T02:30:42.000000;2016-04-22T02:30:42.788568;22cd447b-5560-4b4b-99ff-67657c93c0a7;8.1297;0.3144;SELL
2016-04-22T02:30:43.000000;2016-04-22T02:30:43.327624;96f9f868-ff8e-4610-9c27-10f36c84d859;8.1;0.163642;SELL
2016-04-22T02:30:43.000000;2016-04-22T02:30:43.663712;84fb414d-4d0d-4da1-a1d1-31486e4a7bb7;8.1;0.163642;SELL
2016-04-22T02:31:06.000000;2016-04-22T02:31:06.154920;52bb49d6-482e-438b-a552-cc7105db31ca;8.1331;0.3144;SELL
2016-04-22T02:31:45.000000;2016-04-22T02:31:45.464348;719df6e6-bfde-4685-9c00-680d71675219;8.1328;0.3144;BUY
2016-04-22T02:31:46.000000;2016-04-22T02:31:46.736433;75b431c7-4127-4bcb-81f3-49f5e8c628e9;8.1;0.327284;SELL
2016-04-22T02:31:47.000000;2016-04-22T02:31:47.333488;e3f9dbf5-97a4-4579-bf88-6e6619644df3;8.1;0.327284;SELL
2016-04-22T02:31:47.000000;2016-04-22T02:31:47.874581;b47d2e7c-0fa3-4faf-a762-cabbd1a9d484;8.1;0.327284;SELL
2016-04-22T02:33:26.000000;2016-04-22T02:33:26.362413;b74f26db-5d53-4902-a693-eb0db33049db;8.1329;0.573538;BUY
2016-04-22T02:35:04.000000;2016-04-22T02:35:04.492195;a784f374-c259-4b50-946a-32b1b8b0ca85;8.132;1.221061;BUY
2016-04-22T02:37:24.000000;2016-04-22T02:37:24.329213;caa78420-e17f-4d00-a605-7b15afd268e7;8.1329;0.934839;BUY
2016-04-22T02:39:27.000000;2016-04-22T02:39:27.223508;532bcf8c-d621-4230-854b-6d7eeb62716b;8.1329;1.812637;BUY
2016-04-22T02:39:27.000000;2016-04-22T02:39:27.230507;e226fc0c-3f5c-473d-b06a-2e148d50265a;8.1329;0.087729;BUY
2016-04-22T02:41:05.000000;2016-04-22T02:41:05.411283;6d3f8344-a172-442d-a61f-f9f497e45579;8.1329;1.501185;BUY
2016-04-22T02:41:13.000000;2016-04-22T02:41:13.896192;51e85c92-6e1c-4159-a756-fb2bb5f466cc;8.1329;1.737082;BUY
2016-04-22T02:41:13.000000;2016-04-22T02:41:13.903149;2c21dba8-98f0-41e5-8a84-1f80c186ba97;8.1405;0.398789;BUY
2016-04-22T02:46:42.000000;2016-04-22T02:46:42.795035;4c7ffe74-208d-4490-9c79-665ef1f15ecb;8.139;1.370305;BUY
2016-04-22T02:46:51.000000;2016-04-22T02:46:52.023178;cda8032d-f8ff-4cba-922c-44dd2a2c57d7;8.139;0.852023;BUY
2016-04-22T02:50:25.000000;2016-04-22T02:50:25.469573;ad14280e-a376-4f2a-ae05-8d64971a6c7e;8.139;0.306417;BUY
2016-04-22T03:03:30.000000;2016-04-22T03:03:30.081046;d8311122-b704-4eec-bc04-88527f179b77;8.112;20.48749458;SELL
2016-04-22T03:03:30.000000;2016-04-22T03:03:30.147077;8ada9000-73ec-47b7-b4f7-f7d658453afc;8.112;1.24399813;SELL
2016-04-22T03:14:00.000000;2016-04-22T03:14:00.675153;e964471d-2cc9-4b68-918a-ca244313536f;8.1405;0.1498;BUY
2016-04-22T03:20:44.000000;2016-04-22T03:20:44.178758;ba97a765-eed2-4484-a82c-77d73aaa59bf;8.1405;0.493297;BUY
2016-04-22T03:22:24.000000;2016-04-22T03:22:24.988832;7ad69782-f53d-4fb7-8216-6eab66512453;8.1125;2.0;SELL
2016-04-22T03:22:24.000000;2016-04-22T03:22:24.993846;d13c86cc-e3ca-4cf3-b769-076b991f148b;8.1115;1.290831;SELL
2016-04-22T03:33:05.000000;2016-04-22T03:33:05.278672;fcfa7d1c-c9d4-495f-8ab1-52621382b1b8;8.1432;1.357271;BUY
2016-04-22T03:33:05.000000;2016-04-22T03:33:05.282671;43fc3141-cfda-4db9-ab0a-446cf5e333c6;8.1453;1.96349063;BUY
2016-04-22T03:33:05.000000;2016-04-22T03:33:05.286670;f8c7ef8d-5497-4780-bd96-af2ca273a839;8.149;2.48479362;BUY
2016-04-22T03:33:12.000000;2016-04-22T03:33:12.451404;859f089e-1efd-41c9-a89e-81092d013522;8.16;0.91612149;BUY
2016-04-22T03:33:12.000000;2016-04-22T03:33:12.455377;b9cf9c5e-0a88-4875-8f9f-0605c5f62509;8.162;0.00355191;BUY
2016-04-22T03:33:12.000000;2016-04-22T03:33:12.462416;3c996b3f-8e64-42df-ac21-bc152dd58b78;8.162;0.55;BUY
2016-04-22T03:33:14.000000;2016-04-22T03:33:14.864618;27970b9e-9f85-4673-b20d-2928963cd525;8.179;2.0;BUY
2016-04-22T03:33:14.000000;2016-04-22T03:33:14.871621;c26b7a5a-1e7b-4046-b47a-3853d71ac142;8.18;10.0;BUY
2016-04-22T03:33:14.000000;2016-04-22T03:33:14.880607;ec10e0e1-c006-4354-85c3-c6fdb2f6cb51;8.18;7.24;BUY
2016-04-22T03:53:58.000000;2016-04-22T03:53:58.338213;be333384-4d61-4e62-a8a4-a9662e1ddb26;8.18;2.76;BUY
2016-04-22T03:53:58.000000;2016-04-22T03:53:58.347028;2b9b0b73-87de-4f14-bb3e-3388428fd294;8.18;4.80767831;BUY
2016-04-22T04:15:22.000000;2016-04-22T04:15:22.378079;6d8015a3-a931-40fd-9239-7e0422ff7fe7;8.16;0.36996532;SELL
2016-04-22T04:27:05.000000;2016-04-22T04:27:05.277764;84d50527-5471-402a-bae7-fb556daea0d8;8.18;0.19232169;BUY
2016-04-22T04:41:01.000000;2016-04-22T04:41:01.066989;84d9fad3-6d38-4b83-adc4-e010ca8d2221;8.18;4.998;SELL
2016-04-22T04:41:03.000000;2016-04-22T04:41:03.778264;7cb678d0-6c20-4dd6-95f9-932ed57cdb67;8.18;3.94916782;SELL
2016-04-22T04:41:11.000000;2016-04-22T04:41:11.490048;5d875f4f-1e0d-4363-a8d0-41d59a4ee558;8.18;0.86;SELL
2016-04-22T04:41:16.000000;2016-04-22T04:41:16.347523;13a1cf2b-a3fd-4505-9462-19dd6fdd59d5;8.18;0.00051049;SELL
2016-04-22T04:42:19.000000;2016-04-22T04:42:19.182801;7f1c8e6a-7b80-4e07-a547-5e91f2d8352e;8.16;2.63003468;SELL
2016-04-22T04:42:19.000000;2016-04-22T04:42:19.183797;4ca6f0f9-305c-4c92-ba2a-b28537a8ed26;8.16;1.97675775;SELL
2016-04-22T04:42:22.000000;2016-04-22T04:42:22.626189;47d8221d-7313-4066-b612-30bde78c8ab1;8.16;1.02324225;SELL
2016-04-22T04:45:18.000000;2016-04-22T04:45:18.542730;e08254a4-e665-478d-850a-a00e0f028194;8.149;0.00444475;SELL
2016-04-22T04:45:18.000000;2016-04-22T04:45:18.552743;8c04e669-cdd8-4bb2-9ec1-9541491a042b;8.143;1.36;SELL
2016-04-22T04:50:46.000000;2016-04-22T04:50:46.424499;868681bf-8c01-4671-9f5f-b10d4f5cf5a8;8.1374;0.54647795;SELL
2016-04-22T04:57:01.000000;2016-04-22T04:57:01.369990;4fdd7953-d885-4fbe-bd42-95f3fddd7781;8.1429;0.31853761;BUY
2016-04-22T04:57:01.000000;2016-04-22T04:57:01.379023;83f0bd87-328c-4964-b2d0-0d4c78819b8b;8.143;0.53146239;BUY
2016-04-22T04:59:26.000000;2016-04-22T04:59:26.968556;7692b0b1-b05a-4cf1-abd8-ad19ab91677d;8.143;0.83298236;BUY
2016-04-22T05:12:58.000000;2016-04-22T05:12:58.683793;0a6aa6ec-ff20-4343-b312-de8c7e135d80;8.143;6.83053854;SELL
2016-04-22T05:19:46.000000;2016-04-22T05:19:46.084536;2a80ad65-bb04-41d3-9ce0-375e92fe0c83;8.1421;4.16886456;BUY
2016-04-22T05:19:46.000000;2016-04-22T05:19:46.091571;2f4456e2-e852-4814-b250-c1491e6b8155;8.1422;3.325076;BUY
2016-04-22T05:19:46.000000;2016-04-22T05:19:46.097566;c13807f0-4b51-4def-bdba-5434ddde1f85;8.1597;2.50605944;BUY
2016-04-22T05:19:54.000000;2016-04-22T05:19:54.776386;d0d7c9ed-850f-4fc0-aa69-01ff411f2ea0;8.1597;10.0;BUY
2016-04-22T05:23:48.000000;2016-04-22T05:23:48.529775;a73a3f4b-707a-4983-8a4d-1b26e711192c;8.1597;6.68391219;BUY
2016-04-22T05:23:48.000000;2016-04-22T05:23:48.540776;941867d6-0bf0-469a-8b08-1bf4255dc86e;8.1598;19.18997163;BUY
2016-04-22T05:23:48.000000;2016-04-22T05:23:48.543779;c2efd480-34f9-4917-89d5-27acb6985ca4;8.16;3.58355018;BUY
2016-04-22T05:23:48.000000;2016-04-22T05:23:48.571792;3eae9fb7-aa76-480d-a234-659a236c8479;8.16;1.02324225;BUY
2016-04-22T05:23:48.000000;2016-04-22T05:23:48.571792;25e0ae51-077c-41ff-845d-b2ddc1dfd374;8.18;0.86;BUY
2016-04-22T05:23:48.000000;2016-04-22T05:23:48.571792;c8fa125f-c551-42e7-81f9-8080d1b75182;8.1804;3.324545;BUY
2016-04-22T05:23:48.000000;2016-04-22T05:23:48.571792;fdddb12d-431d-4e0c-939c-80266fd1e312;8.1929;0.55190684;BUY
2016-04-22T05:23:48.000000;2016-04-22T05:23:48.571792;9066ce12-77c1-412b-a18d-b46f71533a7c;8.2;5.0;BUY
2016-04-22T05:23:53.000000;2016-04-22T05:23:53.415260;6120257c-e7e7-475c-87a4-377a2473e87b;8.18;19.18997163;SELL
2016-04-22T05:23:59.000000;2016-04-22T05:23:59.870921;e13783dd-5425-42a2-a3b3-425fe33eeb8a;8.2049;3.319649;BUY
2016-04-22T05:25:30.000000;2016-04-22T05:25:30.175926;b43bc932-223d-44a8-a39b-bae584ce48a1;8.2405;3.28941;BUY
2016-04-22T05:25:30.000000;2016-04-22T05:25:30.181939;618ed30b-dfb7-4519-a435-66e5e3ce616e;8.2406;0.54884742;BUY
2016-04-22T05:25:30.000000;2016-04-22T05:25:30.187945;e650e641-29e3-4467-b46d-965c8211ec91;8.2606;0.54644809;BUY
2016-04-22T05:25:30.000000;2016-04-22T05:25:30.213004;09f3d84b-43f6-47e0-8d7a-7c0054a77868;8.265;0.61529449;BUY
2016-04-22T05:30:46.000000;2016-04-22T05:30:46.946611;6ed5f317-6f23-4004-84a0-2399c095443c;8.221;24.46229495;SELL
2016-04-22T05:33:49.000000;2016-04-22T05:33:49.969916;f241cf9c-3aaa-42c9-8d3c-5a2fa3a51a38;8.265;2.78905942;BUY
2016-04-22T05:33:49.000000;2016-04-22T05:33:49.987904;2d567ab7-ec40-4db9-a7f0-f14d3370b3e1;8.265;43.2;BUY
2016-04-22T05:52:00.000000;2016-04-22T05:52:00.959788;216774ea-23c7-41c4-a700-9c9b0c5b6e0a;8.269;39.4157;BUY
2016-04-22T05:56:38.000000;2016-04-22T05:56:38.996613;d92fb0fb-a46d-4cb2-9037-d1fb16632298;8.265;3.2922581;SELL
2016-04-22T05:56:42.000000;2016-04-22T05:56:42.599946;bb10d32a-e75e-443e-add9-45db8ecf64f2;8.265;3.2922581;SELL
2016-04-22T05:56:46.000000;2016-04-22T05:56:46.065323;8c414ca6-f551-40d6-9352-21319fce5f62;8.265;3.01152705;SELL
2016-04-22T06:03:09.000000;2016-04-22T06:03:09.469977;27200236-9fb6-4348-a8ce-89b52d994106;8.265;2.7227177;SELL
2016-04-22T06:03:14.000000;2016-04-22T06:03:14.113444;68b3b7fb-6c7f-4194-8d4a-9deb669558ad;8.265;2.7227177;SELL
2016-04-22T06:03:18.000000;2016-04-22T06:03:18.038797;3690a3ab-976e-4b87-95dc-a837f1c65504;8.265;2.7227177;SELL
2016-04-22T06:03:20.000000;2016-04-22T06:03:20.853072;b239fb7f-9e61-4935-ab81-e83be8e11063;8.265;2.7227177;SELL
2016-04-22T06:03:24.000000;2016-04-22T06:03:24.966481;70b1c0ab-a87b-4872-a9c9-db2d1d602d5e;8.265;2.7227177;SELL
2016-04-22T06:11:12.000000;2016-04-22T06:11:12.241211;b232d3c1-bf3d-4902-a9c6-0b813ae390ed;8.265;30.96130883;SELL
2016-04-22T06:11:18.000000;2016-04-22T06:11:22.169216;c2dc6973-51e8-481d-b6ce-4cd6c8dd902f;8.227;60.0;SELL
2016-04-22T06:11:18.000000;2016-04-22T06:11:22.177221;88b46d38-b260-4d62-b0fc-3c9b2a702468;8.22;37.0;SELL
2016-04-22T06:27:13.000000;2016-04-22T06:27:13.811912;81c6c116-dccb-4440-9fb4-0b69eeaedef0;8.23;0.998081;BUY
2016-04-22T06:31:18.000000;2016-04-22T06:31:19.035444;876f8efb-ef21-481d-b8da-c53d8284e872;8.23;1.162204;BUY
2016-04-22T06:33:12.000000;2016-04-22T06:33:12.720226;84305540-ac6a-4318-b562-67965fb77453;8.23;1.533192;BUY
2016-04-22T06:35:15.000000;2016-04-22T06:35:15.207520;cbfdf87d-8f29-44ca-88a3-b5e5f0b69ad1;8.23;0.178181;BUY
2016-04-22T06:35:23.000000;2016-04-22T06:35:23.967350;4bf6b781-c4c8-41bf-9ddc-017abb9e0b29;8.23;6.128342;BUY
2016-04-22T06:35:23.000000;2016-04-22T06:35:23.974370;73805d1b-b312-43c5-9489-599782eccf9a;8.23;1.628758;BUY
2016-04-22T06:36:35.000000;2016-04-22T06:36:36.014553;a3770848-7abc-4daa-bce1-aea21ba008c4;8.23;8.37;BUY
2016-04-22T06:36:37.000000;2016-04-22T06:36:37.216692;c5c5e23b-981f-4a6f-b103-ea13eb23a0cf;8.23;0.001242;BUY
2016-04-22T06:36:46.000000;2016-04-22T06:36:46.320612;72aed036-15a0-4ffa-a54a-f9cd8b182f71;8.2401;3.281529;BUY
2016-04-22T06:36:55.000000;2016-04-22T06:36:55.920556;2981a4ec-b8bb-49bc-8e1e-ce5c9c072c1d;8.267;3.713218;SELL
2016-04-22T06:37:01.000000;2016-04-22T06:37:01.295181;73d08f5e-6dab-4545-b659-18259f9ab478;8.25;6.286782;BUY
2016-04-22T06:37:01.000000;2016-04-22T06:37:01.301088;0b58e6c0-f1b0-4df4-b789-66d1f2b554bd;8.25;3.803218;BUY
2016-04-22T06:37:02.000000;2016-04-22T06:37:02.743224;b1a4f114-bf95-460a-8b0d-fbd533e8cbdb;8.25;6.196782;BUY
2016-04-22T06:37:18.000000;2016-04-22T06:37:18.993851;a195bda5-696a-465d-8c39-1ff7974cdef3;8.27;0.54550189;BUY
2016-04-22T06:37:18.000000;2016-04-22T06:37:19.002842;ea679421-ada9-459f-b3df-38373ac6dbed;8.27;1.34283211;BUY
2016-04-22T06:37:51.000000;2016-04-22T06:37:51.825144;2889ba0b-607c-4e1c-924f-860ddf8d4751;8.27;2.0;BUY
2016-04-22T06:37:53.000000;2016-04-22T06:37:53.390281;4fe4b4b3-f6d7-4b8d-a168-27c6b4c61d41;8.27;2.0;BUY
2016-04-22T06:40:03.000000;2016-04-22T06:40:03.253278;d34303d6-0646-4b32-a774-80dedaf56dbb;8.26;5.0;SELL
2016-04-22T06:40:03.000000;2016-04-22T06:40:03.262452;bb20104c-2035-46b2-a7f4-f14e6af7db4b;8.26;1.5;SELL
2016-04-22T06:40:03.000000;2016-04-22T06:40:03.265398;2bf2a101-9312-48de-a1ca-0b3a2d4ac813;8.26;25.0;SELL
2016-04-22T06:40:03.000000;2016-04-22T06:40:03.306284;2fd68836-29e3-468d-9e95-685016a81b64;8.26;100.0;SELL
2016-04-22T06:40:03.000000;2016-04-22T06:40:03.377291;be0c3fd6-61a5-4b19-a194-f538729b2b79;8.26;2.2;SELL
2016-04-22T06:40:03.000000;2016-04-22T06:40:03.381301;6be9e50b-e293-42c2-833c-10c6dd751d3c;8.26;5.0;SELL
2016-04-22T06:41:37.000000;2016-04-22T06:41:37.634743;57249a59-ab1e-471a-bac8-297045fecccb;8.27;4.65716789;BUY
2016-04-22T06:41:37.000000;2016-04-22T06:41:37.639746;a2677661-f8a1-4a92-b55a-1d3fd360c6a7;8.27;10.0;BUY
2016-04-22T06:41:37.000000;2016-04-22T06:41:37.644721;1628dabf-e88f-4555-bf21-188a6b254798;8.27;10.0;BUY
2016-04-22T06:41:37.000000;2016-04-22T06:41:37.671709;b8e364f8-9166-4f13-8aca-03e1f0f37b14;8.2735;0.64404004;BUY
2016-04-22T06:41:37.000000;2016-04-22T06:41:37.671709;f1c38219-6e6c-49e8-9566-93c030477e6c;8.2775;0.54782513;BUY
2016-04-22T06:41:37.000000;2016-04-22T06:41:37.671709;80c28799-903a-4c91-a336-bdfa1a6c3071;8.2892;3.272595;BUY
2016-04-22T06:41:37.000000;2016-04-22T06:41:37.671709;7c53f135-1b90-46bb-b0cd-171866421a5e;8.315;2.87837194;BUY
2016-04-22T06:41:40.000000;2016-04-22T06:41:40.946086;9a72db44-6aa0-4c23-acac-625d0ae7a86f;8.315;0.12532344;BUY
2016-04-22T06:41:40.000000;2016-04-22T06:41:40.959123;b1f69277-982f-4833-a061-a2e2703d351c;8.3411;2.87467656;BUY
2016-04-22T06:41:57.000000;2016-04-22T06:41:57.113659;299c6314-8902-4f09-9bc0-755212b398f4;8.3234;0.115632;SELL
2016-04-22T06:41:58.000000;2016-04-22T06:41:58.950851;0ad03654-f96b-4e5e-a874-6de906f683ef;8.3;0.186352;BUY
2016-04-22T06:42:11.000000;2016-04-22T06:42:11.063057;91d26b3b-e2b8-4f9f-8c3a-3ef92f4a3c70;8.2999;2.0;BUY
2016-04-22T06:42:31.000000;2016-04-22T06:42:31.798130;d3c52857-6700-44b0-99c3-ffd9487e472e;8.2891;0.340367;SELL
2016-04-22T06:42:31.000000;2016-04-22T06:42:31.809146;b56d9c06-1add-4ded-9144-5658594a8146;8.28;310.0;SELL
2016-04-22T06:52:14.000000;2016-04-22T06:52:14.320312;041e6892-1efc-40ce-8321-06d8229076c9;8.29;10.0;BUY
2016-04-22T06:52:17.000000;2016-04-22T06:52:17.294596;8a30bf8d-fa14-41e6-a4da-65f586e97976;8.3;9.698016;BUY
2016-04-22T06:56:41.000000;2016-04-22T06:56:41.303990;65ad9835-e29a-4700-9b7e-2de39f77d80b;8.3;2.53827;BUY
2016-04-22T06:56:41.000000;2016-04-22T06:56:41.509030;c7253494-07a9-4b24-a692-942cc5f03976;8.3;1.441359;BUY
2016-04-22T06:56:43.000000;2016-04-22T06:56:43.539231;9e275c28-607a-4234-a856-12e5a28f39c6;8.3;16.020371;BUY
2016-04-22T06:56:43.000000;2016-04-22T06:56:43.542225;43931e41-2fee-4357-9738-bd3a4e6168c1;8.3021;3.262864;BUY
2016-04-22T06:56:43.000000;2016-04-22T06:56:43.553215;d439f1fd-9629-40c4-84cb-8104e2d990d5;8.3412;0.54383293;BUY
2016-04-22T06:56:43.000000;2016-04-22T06:56:43.573264;4ad6d240-4d23-4132-abbb-008694e48db6;8.3412;0.54383293;BUY
2016-04-22T06:56:43.000000;2016-04-22T06:56:43.574220;816ffdc8-1682-4410-8145-6b316444f7e2;8.3823;0.54635852;BUY
2016-04-22T06:56:43.000000;2016-04-22T06:56:43.588217;b3f7654b-ac94-495f-a452-5fdbf6df739a;8.388;5.994;BUY
2016-04-22T06:56:43.000000;2016-04-22T06:56:43.605221;a854d60a-95ee-40ec-84db-bcea6ac1c750;8.3924;4.9802;BUY
2016-04-22T06:56:43.000000;2016-04-22T06:56:43.606220;c34076f7-a7cc-4cb9-ba4c-ebf7475bf204;8.3931;0.54179986;BUY
2016-04-22T06:56:43.000000;2016-04-22T06:56:43.636222;76d8e1da-f912-4205-a12e-b3250a586e1c;8.4;0.3;BUY
2016-04-22T06:56:43.000000;2016-04-22T06:56:43.636222;16ee1c92-3a6d-4112-9269-c24c756e2f84;8.409;9.73566076;BUY
2016-04-22T07:10:12.000000;2016-04-22T07:10:13.019239;00ca6455-c35d-4b9d-8a32-023aaa536026;8.2711;2.91005074;SELL
2016-04-22T07:13:37.000000;2016-04-22T07:13:37.327655;eca5437a-828d-4075-b7ff-3674f65fc4dd;8.2713;3.00131255;SELL
2016-04-22T07:13:37.000000;2016-04-22T07:13:37.333660;472a27ef-f437-4c7f-b7b0-6cbd410d5bef;8.2712;3.328022;SELL
2016-04-22T07:13:37.000000;2016-04-22T07:13:37.336666;8bbb6df1-ffd1-43f7-9d75-3fc86d6cf420;8.2711;2.13814926;SELL
2016-04-22T07:13:38.000000;2016-04-22T07:13:38.233763;c23e63cc-a36c-4f34-859d-0d67dedc9cac;8.2711;3.00131255;BUY
2016-04-22T07:13:40.000000;2016-04-22T07:13:40.546006;ffbd2367-3e45-4a38-9576-43a282158aa7;8.2711;3.00131255;BUY
2016-04-22T07:13:49.000000;2016-04-22T07:13:49.090854;855bbc2d-acf7-439f-8eae-39e80e417801;8.2711;3.262293;BUY
2016-04-22T07:14:33.000000;2016-04-22T07:14:33.348271;180fec15-f133-4dc1-9043-6c62c120d328;8.2711;16.71739;BUY
2016-04-22T07:15:35.000000;2016-04-22T07:15:35.563495;2ea876b3-4786-4fe2-a8f4-430d4186d456;8.2711;1.50306182;BUY
2016-04-22T07:15:36.000000;2016-04-22T07:15:36.223545;d7881114-b935-4346-8599-4718e2542dd5;8.2711;1.50306182;BUY
2016-04-22T07:19:39.000000;2016-04-22T07:19:39.162364;b6710082-ebb6-4b8f-bb45-d89a8c816102;8.267;89.8635;SELL
2016-04-22T07:19:39.000000;2016-04-22T07:19:39.165361;388194c2-16c9-4b93-b403-506a987b3f54;8.266;6.8;SELL
2016-04-22T07:19:39.000000;2016-04-22T07:19:39.168341;db7ab003-25ce-4fec-a50b-2f69c0e5b613;8.266;3.277135;SELL
2016-04-22T07:19:39.000000;2016-04-22T07:19:39.196338;a610b15e-8b6d-4e2c-acd5-14a3d2afcdde;8.2651;167.2;SELL
2016-04-22T07:19:44.000000;2016-04-22T07:19:44.166826;f6312fcb-bab7-48a9-ab76-b19cf7dc30cb;8.2651;6.8;SELL
2016-04-22T07:22:05.000000;2016-04-22T07:22:05.704984;d4735fa8-2482-46ed-9598-89bf884f1434;8.27;10.0;BUY
2016-04-22T07:22:12.000000;2016-04-22T07:22:12.528678;0ef92444-d7ae-4ddd-8c27-ea0cd57713f9;8.272;90.1068;SELL
2016-04-22T07:22:12.000000;2016-04-22T07:22:12.535659;f5d128d3-216d-4fba-904e-c3609b5a11fc;8.27;10.0;SELL
2016-04-22T07:22:25.000000;2016-04-22T07:22:25.770011;987baae0-0d0a-4857-83fc-f0bfe4452deb;8.27;10.0;BUY
2016-04-22T07:22:45.000000;2016-04-22T07:22:45.799029;a8bb5a02-7973-4628-b709-7ecbbb34f27d;8.27;10.0;BUY
2016-04-22T07:22:46.000000;2016-04-22T07:22:46.201043;3df51ce9-36ad-4b80-b9e3-8deb6662c426;8.27;10.0;SELL
2016-04-22T07:22:53.000000;2016-04-22T07:22:53.376787;07aaab3d-7a2c-487f-b39f-b805d308d7f9;8.271;89.5397;SELL
2016-04-22T07:22:53.000000;2016-04-22T07:22:53.409747;e4637017-55d7-4eb6-bae5-606c988dc569;8.27;10.0;SELL
2016-04-22T07:24:45.000000;2016-04-22T07:24:45.146953;36b27378-ecf1-4b76-9ebb-0f76527beef8;8.27;2.40024124;BUY
2016-04-22T07:25:09.000000;2016-04-22T07:25:09.792387;984d3d6a-ccf3-4887-a34a-ed6f5c32052d;8.269;6.8;BUY
2016-04-22T07:25:09.000000;2016-04-22T07:25:09.796397;3c2616b5-0276-4f82-988a-e1220c8c9c95;8.27;3.41;BUY
2016-04-22T07:25:10.000000;2016-04-22T07:25:10.430482;eaff2683-543e-44f8-bc12-dfc8d38d7985;8.27;14.18975876;BUY
2016-04-22T07:25:10.000000;2016-04-22T07:25:10.439463;a9160073-a850-4311-a586-669d820200ad;8.27;20.0;BUY
2016-04-22T07:34:00.000000;2016-04-22T07:34:00.712290;dec15fd9-335b-4e42-acac-fff9024b0a93;8.28;1.7;BUY
2016-04-22T07:34:19.000000;2016-04-22T07:34:19.223186;d00e30a1-8847-42e3-912b-eedb428f3902;8.279;1.7;SELL
2016-04-22T07:34:48.000000;2016-04-22T07:34:48.750089;e7f8d2b8-68e1-48e0-a426-805bd953db87;8.28;1.8;BUY
2016-04-22T07:35:07.000000;2016-04-22T07:35:07.971045;8ce4cf11-795d-400d-8590-d804e346f5d8;8.279;1.565681;SELL
2016-04-22T07:35:07.000000;2016-04-22T07:35:07.975026;b8aab788-08ae-4202-a783-d96f6e9d6094;8.279;0.234319;SELL
2016-04-22T07:35:15.000000;2016-04-22T07:35:15.375757;a65de37c-7d23-46d6-862e-640221078ed7;8.28;1.2;BUY
2016-04-22T07:35:25.000000;2016-04-22T07:35:25.255757;9353e706-bf70-4c21-abb2-031520e42f23;8.28;0.2;BUY
2016-04-22T07:36:21.000000;2016-04-22T07:36:21.826515;6f3defb9-9cd8-4fbf-acaf-32276643b22b;8.279;1.4;SELL
2016-04-22T07:43:11.000000;2016-04-22T07:43:11.178332;14554757-b021-48b8-b87f-add0c897294d;8.279;1.2197;SELL
2016-04-22T07:52:28.000000;2016-04-22T07:52:28.699133;7f0d4953-ab9e-478b-8635-cb9d5895123a;8.28;15.1;BUY
2016-04-22T07:52:28.000000;2016-04-22T07:52:28.707212;ee3a0353-9b65-4194-9afc-0dd9fb18e29e;8.28;18.3;BUY
2016-04-22T07:56:14.000000;2016-04-22T07:56:14.414705;2b91b118-7124-4337-9883-26f3ecb85e87;8.28;1.7;BUY
2016-04-22T07:56:14.000000;2016-04-22T07:56:14.421693;bc9017e5-cbe9-478a-a9ae-90a2d7838bee;8.28;0.66159677;BUY
2016-04-22T07:58:49.000000;2016-04-22T07:58:49.115164;f6731f39-aee2-454a-a04e-5fa000226001;8.2833;0.90526723;SELL
2016-04-22T07:59:03.000000;2016-04-22T07:59:03.619614;2acdd028-0d8c-4eac-886f-b47ad518d3c8;8.279;0.412845;SELL
2016-04-22T08:06:41.000000;2016-04-22T08:06:41.687494;b7563205-cbc6-46f4-a0d9-c8d9bd1b86ae;8.2879;0.87;BUY
2016-04-22T08:29:12.000000;2016-04-22T08:29:12.620853;fdd1540e-b665-4131-a27d-e1e37a5a2378;8.2799;0.37347302;BUY
2016-04-22T08:29:12.000000;2016-04-22T08:29:12.630817;b3b9b056-f425-4ad8-be8f-f0f3253b712c;8.2799;0.412845;BUY
2016-04-22T08:29:12.000000;2016-04-22T08:29:12.631819;5e6edcf7-c08f-4210-be03-372d7abf3704;8.2799;0.90526723;BUY
2016-04-22T08:29:12.000000;2016-04-22T08:29:12.661835;45278554-de26-45a7-80c3-b13897b9bcf8;8.28;10.0;BUY
2016-04-22T08:29:12.000000;2016-04-22T08:29:12.662826;ac39a5b7-7551-4dc7-b7ec-70bc1ce3b61a;8.28;7.53684315;BUY
2016-04-22T08:29:15.000000;2016-04-22T08:29:15.530104;83f6b0cf-616a-4802-9986-27f5d41dfe53;8.28;2.46315657;BUY
2016-04-22T08:29:17.000000;2016-04-22T08:29:17.978385;a78284e4-0285-4cc7-bcc8-9db894948b9a;8.28;0.90526723;SELL
2016-04-22T08:29:19.000000;2016-04-22T08:29:19.605541;a5b76d3f-8219-4a78-9ea7-2b23e427cd43;8.28;0.412845;BUY
2016-04-22T08:29:19.000000;2016-04-22T08:29:19.634531;6c8f94c9-2d88-49fb-b97d-ff2af604413f;8.2801;0.37347302;SELL
2016-04-22T08:29:20.000000;2016-04-22T08:29:20.380609;2fbf5ee3-ba22-46d5-94ab-87fdc99d220a;8.28;0.412845;BUY
2016-04-22T08:29:21.000000;2016-04-22T08:29:21.282713;7e46ccdd-816f-4643-8071-3470ac959524;8.28;0.412845;BUY
2016-04-22T08:29:56.000000;2016-04-22T08:29:56.319202;23468487-ddb9-4f07-b81a-c04973723458;8.28;10.0;BUY
2016-04-22T08:29:56.000000;2016-04-22T08:29:56.769267;ce2f2e70-ea2d-4ed5-8429-86fd3ee44606;8.29;7.91031617;BUY
2016-04-22T08:30:01.000000;2016-04-22T08:30:01.217675;44a541ff-3756-4cbf-9905-7440635cb054;8.28;0.85;BUY
2016-04-22T08:31:12.000000;2016-04-22T08:31:12.561830;01571d9c-8260-4a4a-95cc-e96fc045b877;8.28;9.15;BUY
2016-04-22T08:31:12.000000;2016-04-22T08:31:12.569817;b1429489-b024-4a82-8d40-0061e20b1542;8.28;10.0;BUY
2016-04-22T08:31:28.000000;2016-04-22T08:31:28.601441;7171fcd5-3f80-442a-ab31-6398ee80363f;8.29;12.08968383;BUY
2016-04-22T08:31:28.000000;2016-04-22T08:31:28.617439;41004dcc-c84c-4b43-9cef-5e9a3071ceca;8.29;0.00031617;SELL
2016-04-22T08:31:29.000000;2016-04-22T08:31:29.083470;e0d4b93c-6a2f-46af-a056-7ab743f69c5a;8.289;9.99968383;BUY
2016-04-22T08:31:33.000000;2016-04-22T08:31:33.837954;03886223-9180-4740-927e-1e05fc2f6870;8.29;10.0;SELL
2016-04-22T09:00:38.000000;2016-04-22T09:00:38.827199;5c625b45-7d86-4af2-beec-333f501ac89b;8.29;10.0;BUY
2016-04-22T09:00:55.000000;2016-04-22T09:00:55.979893;78ac9ea6-1e96-4ef9-8bb9-4d9e8abb5bcc;8.29;33.3;SELL
2016-04-22T09:07:19.000000;2016-04-22T09:07:19.109050;709e9427-03b4-4c49-9795-4258498e7e42;8.29;6.0;BUY
2016-04-22T09:09:34.000000;2016-04-22T09:09:34.269527;fb93a2f2-5c57-45dd-87a3-40daacad79f6;8.29;6.6484;BUY
2016-04-22T09:23:23.000000;2016-04-22T09:23:23.303193;cfe17a3c-3548-4db7-90f9-4cc942194635;8.289;4.60746703;SELL
2016-04-22T09:23:26.000000;2016-04-22T09:23:26.420444;a02441e3-1586-493b-aec7-79590d89aecc;8.289;4.60746703;SELL
2016-04-22T09:23:28.000000;2016-04-22T09:23:28.475646;5c6ea25d-2cc2-4224-bcfc-4c5a715f165b;8.289;19.18997163;SELL
2016-04-22T09:23:29.000000;2016-04-22T09:23:29.431755;c88e773b-ac0f-4bdd-8080-762a03ecd850;8.289;19.18997163;SELL
2016-04-22T09:23:29.000000;2016-04-22T09:23:29.627776;f747cb11-4983-4d2f-b970-dfb2edeaeba1;8.289;4.60746703;SELL
2016-04-22T09:23:30.000000;2016-04-22T09:23:30.063836;237dbedd-3cef-4b1f-ad83-182d37a84ff9;8.289;19.18997163;SELL
2016-04-22T09:23:30.000000;2016-04-22T09:23:30.263860;f6026aeb-6170-4556-adcd-924322cdb22b;8.289;19.18997163;SELL
2016-04-22T09:23:30.000000;2016-04-22T09:23:30.927886;e6c638f2-c332-4c59-8000-9e7dcdbfc4ad;8.289;19.18997163;SELL
2016-04-22T09:23:31.000000;2016-04-22T09:23:31.127991;c338d8b6-02df-4961-9dfe-34a57dd68d7a;8.289;19.18997163;SELL
2016-04-22T09:23:31.000000;2016-04-22T09:23:31.173939;026f1329-f655-413b-bc93-628a3da38cb8;8.289;19.18997163;SELL
2016-04-22T09:23:31.000000;2016-04-22T09:23:31.882006;baf3bd78-3408-4004-be23-9c6554904a08;8.289;19.18997163;SELL
2016-04-22T09:23:31.000000;2016-04-22T09:23:32.019020;aa6340fe-ea59-429d-a13c-0bedeb094612;8.289;3.266193;SELL
2016-04-22T09:23:32.000000;2016-04-22T09:23:32.401041;060723c2-999f-4102-bd54-302f23490c8e;8.289;4.96103694;SELL
2016-04-22T09:23:33.000000;2016-04-22T09:23:33.233137;7003cd9c-c04f-4965-95d9-d044b199cbb7;8.289;19.18997163;SELL
2016-04-22T09:23:36.000000;2016-04-22T09:23:36.170416;1b2dde7b-0b5d-406c-9867-4876d8fa60c5;8.289;4.96103694;SELL
2016-04-22T09:23:40.000000;2016-04-22T09:23:40.171808;c05bc264-8b1b-4d58-bf6e-0d4a2774ce74;8.289;19.18997163;SELL
2016-04-22T09:23:40.000000;2016-04-22T09:23:41.076901;a8770830-1ee0-4eea-873a-0a0e67c843fd;8.289;19.18997163;SELL
2016-04-22T09:23:41.000000;2016-04-22T09:23:41.179918;fd32b4d5-0165-4f1a-ade6-640b4b0d3b3a;8.289;4.96333912;SELL
2016-04-22T09:23:42.000000;2016-04-22T09:23:42.174014;70950d28-cadd-4cf9-ace4-2fe92f25281c;8.289;19.18997163;SELL
2016-04-22T09:23:44.000000;2016-04-22T09:23:44.847288;4341e42f-b831-426b-81ff-a69669dcf376;8.289;19.18997163;SELL
2016-04-22T09:23:45.000000;2016-04-22T09:23:45.252322;533835b6-99f6-41aa-ab2c-60a1ca69271d;8.289;19.18997163;SELL
2016-04-22T09:23:45.000000;2016-04-22T09:23:45.468375;876c2733-037d-4882-b735-ace462e40760;8.289;7.64501995;SELL
2016-04-22T09:23:46.000000;2016-04-22T09:23:46.653504;d55ebcf9-0f59-469a-80ef-3ac69dccd12c;8.289;19.18997163;SELL
2016-04-22T09:23:46.000000;2016-04-22T09:23:46.710476;ad2fe17b-b0f8-4ba9-b099-3406dfd0d839;8.289;4.96333912;SELL
2016-04-22T09:23:48.000000;2016-04-22T09:23:48.837704;162696bb-0bfb-49ab-82de-5e615bb8f400;8.289;19.18997163;SELL
2016-04-22T09:23:48.000000;2016-04-22T09:23:48.853698;549df39f-e991-4408-a3f6-c8bf15139d08;8.289;19.18997163;SELL
2016-04-22T09:23:49.000000;2016-04-22T09:23:49.711769;54eb6d57-85e5-41b3-8598-2ac5194c0db8;8.289;19.18997163;SELL
2016-04-22T09:23:49.000000;2016-04-22T09:23:50.133805;938f11a9-4980-465d-a043-56019bab69c7;8.289;4.96333912;SELL
2016-04-22T09:23:53.000000;2016-04-22T09:23:53.098122;44ff0865-0b13-4775-971f-10e79f857fc3;8.289;19.18997163;SELL
2016-04-22T09:23:53.000000;2016-04-22T09:23:53.538206;7a53152f-3998-4c9a-ae4f-34e4caf1177c;8.289;4.96333912;SELL
2016-04-22T09:23:55.000000;2016-04-22T09:23:55.590412;95086305-cff1-4701-9538-ae170c81b9d2;8.289;19.18997163;SELL
2016-04-22T09:23:56.000000;2016-04-22T09:23:56.825492;284f92bd-1421-40e5-b6fa-66b644f4f185;8.289;4.96564131;SELL
2016-04-22T09:23:57.000000;2016-04-22T09:23:58.165619;39688adf-423f-42b3-a8c1-a9c3168fb58c;8.289;19.18997163;SELL
2016-04-22T09:23:58.000000;2016-04-22T09:23:59.072753;2798108e-4b21-44f8-b11b-8fb2893b46ca;8.289;19.18997163;SELL
2016-04-22T09:23:59.000000;2016-04-22T09:23:59.360745;7860b054-b238-4437-ab22-3d7b5e38438d;8.289;19.18997163;SELL
2016-04-22T09:24:00.000000;2016-04-22T09:24:00.658889;8d117a3f-43b1-4692-a751-a4a0c86bd9e1;8.289;4.96564131;SELL
2016-04-22T09:24:02.000000;2016-04-22T09:24:02.653092;75bb9d7d-50be-41a2-bbde-6748e8dcf499;8.289;19.18997163;SELL
2016-04-22T09:24:04.000000;2016-04-22T09:24:04.992295;a4b65cb1-7eae-4d8b-8086-7ee9f959c3c6;8.289;4.96564131;SELL
2016-04-22T09:24:10.000000;2016-04-22T09:24:10.630871;84db3b3d-62f9-408a-8453-be98ba45a4ff;8.289;6.7574895;SELL
2016-04-22T09:24:12.000000;2016-04-22T09:24:13.359126;19da2717-b1c8-45f5-bb40-f96eaed55e54;8.289;19.18997163;SELL
2016-04-22T09:24:13.000000;2016-04-22T09:24:13.423136;cbfbb904-1beb-4431-9fdf-e5f23336282f;8.289;19.18997163;SELL
2016-04-22T09:24:13.000000;2016-04-22T09:24:13.638206;c08b5b0e-8792-4a3d-9a0b-35002a010c52;8.289;19.18997163;SELL
2016-04-22T09:24:14.000000;2016-04-22T09:24:14.745273;0953f8ba-67f8-4fbe-b308-96676e9bb316;8.289;6.7574895;SELL
2016-04-22T09:24:19.000000;2016-04-22T09:24:19.372745;61e2636c-db04-417e-b647-195634d42ffa;8.289;19.18997163;SELL
2016-04-22T09:24:19.000000;2016-04-22T09:24:19.408758;58ef7ed4-ba42-403a-8b38-e02a830c7c4b;8.289;19.18997163;SELL
2016-04-22T09:24:19.000000;2016-04-22T09:24:19.817781;03e6825a-dfb5-4857-b07b-dde2c45ae9ad;8.289;6.7574895;SELL
2016-04-22T09:24:23.000000;2016-04-22T09:24:23.180117;e67f7bc3-3f73-4844-b0ac-7a1a36700c58;8.289;48.51;SELL
2016-04-22T09:24:24.000000;2016-04-22T09:24:24.890916;92314fee-54a8-49b8-9ac8-65cc07c1d063;8.289;19.18997163;SELL
2016-04-22T09:24:24.000000;2016-04-22T09:24:24.947292;376f6416-8ef0-47a3-9db2-86e5cdfbf13a;8.289;19.18997163;SELL
2016-04-22T09:24:25.000000;2016-04-22T09:24:25.076305;5c27569f-cd84-4ed5-ad36-265dd8f165db;8.289;6.7574895;SELL
2016-04-22T09:24:28.000000;2016-04-22T09:24:28.955705;0715dc1f-b6f5-4bb5-9be6-ebd0f0a4ce7d;8.289;19.18997163;SELL
2016-04-22T09:24:29.000000;2016-04-22T09:24:29.188713;297a11ef-e15d-475a-b8b1-ed37886db74d;8.289;19.18997163;SELL
2016-04-22T09:24:29.000000;2016-04-22T09:24:29.638771;f0979c65-024c-4dc0-84f7-efb6d8c67245;8.289;19.18997163;SELL
2016-04-22T09:24:29.000000;2016-04-22T09:24:29.750798;4a013512-a6d3-4f0d-a700-151b7ea94b7a;8.289;19.18997163;SELL
2016-04-22T09:24:30.000000;2016-04-22T09:24:30.676896;abcbb70c-f9c2-49d9-8388-a49f6928f3d1;8.289;6.75864452;SELL
2016-04-22T09:24:30.000000;2016-04-22T09:24:31.154951;0298adbb-da0d-4087-a8d7-442dcfb4616a;8.289;19.18997163;SELL
2016-04-22T09:24:30.000000;2016-04-22T09:24:31.240965;f5003c0c-6906-42bf-be1e-66fd0be2c2ed;8.289;19.18997163;SELL
2016-04-22T09:24:31.000000;2016-04-22T09:24:31.371935;37556304-780c-405a-bfbd-9e9ab623876e;8.289;19.18997163;SELL
2016-04-22T09:24:32.000000;2016-04-22T09:24:32.762085;055ee690-f941-46f7-ad9d-f2bff84a2467;8.289;19.18997163;SELL
2016-04-22T09:24:32.000000;2016-04-22T09:24:32.864082;fe64cf9a-eb54-4467-90b3-414b535dd839;8.289;19.18997163;SELL
2016-04-22T09:24:33.000000;2016-04-22T09:24:33.264136;3ef896c1-838e-4ff5-842b-41fd9306e093;8.289;19.18997163;SELL
2016-04-22T09:24:33.000000;2016-04-22T09:24:33.342139;17496f8a-c6db-4f84-8d4b-1b22d1b1960b;8.289;19.18997163;SELL
2016-04-22T09:24:33.000000;2016-04-22T09:24:33.405153;10e0e00c-caa0-4629-b3df-304b5f8c411d;8.289;15.70372069;SELL
2016-04-22T09:27:20.000000;2016-04-22T09:27:20.122846;bd09f9f2-18f9-4d9e-9328-5e585e6ba018;8.25;10.0;SELL
2016-04-22T09:28:35.000000;2016-04-22T09:28:35.532355;cb5add89-e9a2-45a4-8487-cf4c7109d6c3;8.25;13.25;SELL
2016-04-22T09:28:37.000000;2016-04-22T09:28:37.426533;6be69188-568a-4a26-8ed6-2073ac8b0712;8.25;58.32;SELL
2016-04-22T09:29:00.000000;2016-04-22T09:29:00.055809;14d08b03-c567-4635-bc62-1be817a5e62b;8.25;31.43;SELL
2016-04-22T09:31:00.000000;2016-04-22T09:31:00.520843;706528e0-a3c0-4d3e-a16d-7c8744ff8175;8.2398;0.54268193;SELL
2016-04-22T09:31:00.000000;2016-04-22T09:31:00.523858;0977d1d3-bcc4-4c38-9eaa-48a747e24229;8.2299;0.53928706;SELL
2016-04-22T09:31:46.000000;2016-04-22T09:31:46.537475;b751c89e-9a21-4f46-8763-35537035aa25;8.22;6.48;SELL
2016-04-22T09:31:49.000000;2016-04-22T09:31:49.084712;f272f919-d1c5-4d19-8252-fe31cbac8c54;8.22;23.08;SELL
2016-04-22T09:32:19.000000;2016-04-22T09:32:20.013826;5c6f396f-05e1-4066-bfaa-d04d5dca05b1;8.22;57.84;SELL
2016-04-22T09:32:22.000000;2016-04-22T09:32:22.565149;7807e5f0-820e-4052-960f-9afd815a1ac2;8.22;7.91;SELL
2016-04-22T09:32:23.000000;2016-04-22T09:32:23.507161;64292983-63d0-4dfc-8f7d-4321dc9d8e5d;8.22;0.0038;SELL
2016-04-22T09:33:56.000000;2016-04-22T09:33:56.240418;464893cd-10fd-4080-acbc-efdf518d1cee;8.2179;0.54056976;SELL
2016-04-22T09:34:01.000000;2016-04-22T09:34:01.528951;50f5def5-44a8-4ba7-9b71-314193a65866;8.2045;0.54510766;SELL
2016-04-22T09:37:07.000000;2016-04-22T09:37:07.579752;9a1dc64a-bb40-4103-a49d-602de9215a2b;8.1817;0.54707588;SELL
2016-04-22T09:37:07.000000;2016-04-22T09:37:07.585766;73c7ded8-642f-40f4-84a8-ebd45bcec5f4;8.1732;0.45292412;SELL
2016-04-22T10:25:18.000000;2016-04-22T10:25:18.314686;ef3aa8f5-2671-49e1-8ea0-547c36a44b22;8.2129;3.263021;BUY
2016-04-22T10:26:19.000000;2016-04-22T10:26:19.149757;ea682139-05f2-447d-ab2d-954dcc8cf130;8.218;8.45;BUY
2016-04-22T10:26:19.000000;2016-04-22T10:26:19.150734;4dc94bad-592f-4524-9e96-4495a7215e2f;8.218;0.54;BUY
2016-04-22T10:26:19.000000;2016-04-22T10:26:19.180746;bde60ee5-4d1e-41d3-a06a-ab963b31c882;8.218;0.54;BUY
2016-04-22T10:26:19.000000;2016-04-22T10:26:19.180746;00e1daf5-6e30-4078-bdb4-55488aaa071f;8.218;0.54;BUY
2016-04-22T10:26:19.000000;2016-04-22T10:26:19.181736;9bd0b144-23b0-4f56-860f-a497992090f8;8.218;0.54;BUY
2016-04-22T10:26:19.000000;2016-04-22T10:26:19.181736;bd0ca0b4-cd84-4ea9-b1e5-e9f3f472e23b;8.218;0.54;BUY
2016-04-22T10:26:19.000000;2016-04-22T10:26:19.181736;79f8961f-f238-4e9e-86f8-a3938dd049f6;8.218;0.54;BUY
2016-04-22T10:26:19.000000;2016-04-22T10:26:19.181736;5285c210-7155-4261-81d1-82e07d96e8c6;8.218;0.54;BUY
2016-04-22T10:26:19.000000;2016-04-22T10:26:19.181736;bd7126ab-08d6-4c60-b38c-eed828f7638b;8.218;0.54;BUY
2016-04-22T10:26:19.000000;2016-04-22T10:26:19.181736;4c6d6eff-f767-47d0-bc31-8edc279dec19;8.218;0.54;BUY
2016-04-22T10:26:19.000000;2016-04-22T10:26:19.181736;121b3f4c-1cc3-4c03-a0c1-b3fd54708685;8.218;0.54;BUY
2016-04-22T10:26:19.000000;2016-04-22T10:26:19.181736;4af79530-e2e3-4848-85e2-ff8015f76410;8.2344;11.15;BUY
2016-04-22T10:35:35.000000;2016-04-22T10:35:35.208925;36a29b71-b643-4f8c-a510-72fee78ccffc;8.2345;0.1;BUY
2016-04-22T10:42:11.000000;2016-04-22T10:42:11.335575;be71c4a5-c00e-4614-89a6-67b9f19cd9a5;8.18;5.58478385;SELL
2016-04-22T10:42:41.000000;2016-04-22T10:42:41.803631;19fe990a-041d-4932-8139-c9262923113c;8.18;3.66598951;SELL
2016-04-22T10:42:45.000000;2016-04-22T10:42:45.774003;7f1f3cc7-35ab-4a0f-a89a-b9d99ee040f3;8.18;3.66598951;SELL
2016-04-22T10:43:12.000000;2016-04-22T10:43:12.325642;2aed826c-f3d6-4b00-a25e-e189a5c3fd0a;8.18;25.5;SELL
2016-04-22T10:43:18.000000;2016-04-22T10:43:18.474297;02313e78-ea5e-4ae7-ab86-95926fef6727;8.18;7.71;SELL
2016-04-22T10:43:19.000000;2016-04-22T10:43:19.889396;b4868089-6863-41b9-938a-79732ec7454a;8.18;3.87323713;SELL
2016-04-22T10:43:28.000000;2016-04-22T10:43:28.997307;4b81de0b-40ac-49d9-a8b1-137641074439;8.1732;0.09144169;SELL
2016-04-22T10:43:28.000000;2016-04-22T10:43:29.036309;e10e5d45-c9d2-4f34-a619-e0f6ba0d8b5f;8.17;3.57759162;SELL
2016-04-22T10:43:32.000000;2016-04-22T10:43:32.146617;00c77105-e186-40d6-8fe4-9962ee453bfe;8.17;5.17298511;SELL
2016-04-22T10:43:36.000000;2016-04-22T10:43:36.627117;e3272af1-d2db-4946-b154-8f2e1e16a40e;8.17;5.17298511;SELL
2016-04-22T10:43:39.000000;2016-04-22T10:43:39.982390;8c97043a-d49b-4ebe-a8d2-c6e08cfbd82e;8.17;5.17298511;SELL
2016-04-22T10:43:43.000000;2016-04-22T10:43:43.277763;bb1d32e2-d0ec-49c5-9214-1f5e5fedee1d;8.17;5.17298511;SELL
2016-04-22T10:43:46.000000;2016-04-22T10:43:46.605068;368c5f4c-c833-4636-8e30-203b5c4ccfc2;8.17;6.40063729;SELL
2016-04-22T10:43:50.000000;2016-04-22T10:43:50.891500;cff041a5-56ec-4d5d-8fe0-f5045df99351;8.17;6.40063729;SELL
2016-04-22T10:43:57.000000;2016-04-22T10:43:57.370139;8e9a84d5-7007-4d53-9533-f80841d80c7c;8.17;6.40063729;SELL
2016-04-22T10:44:01.000000;2016-04-22T10:44:01.944771;ceaaf502-bc3c-4c16-8153-5b830910df99;8.17;6.40063729;SELL
2016-04-22T10:44:04.000000;2016-04-22T10:44:04.661863;e4eeaa3d-924d-4e98-b5f8-db0df9debb48;8.17;0.12791878;SELL
2016-04-22T10:44:14.000000;2016-04-22T10:44:14.546862;f0e52412-529c-4369-972d-24af3f5f0263;8.16;3.80352406;SELL
2016-04-22T10:44:17.000000;2016-04-22T10:44:17.735211;1e9b2d39-a8a8-4012-b0d4-d0af2296294e;8.16;1.57647594;SELL
2016-04-22T10:45:08.000000;2016-04-22T10:45:08.783279;f3f5f11c-fb1a-44b7-a698-657a82e3f2b4;8.16;2.22704812;BUY
2016-04-22T10:45:08.000000;2016-04-22T10:45:08.805321;6487951a-4bcc-4d76-a832-2e328dfda519;8.16;1.57647594;BUY
2016-04-22T10:45:08.000000;2016-04-22T10:45:08.869285;8bfba2e0-6da4-4701-847d-a20ec859bfa4;8.17;6.27271851;BUY
2016-04-22T10:45:08.000000;2016-04-22T10:45:08.880290;4461a6cc-8d00-4d8c-8326-8e152b88038f;8.2043;0.55038802;BUY
2016-04-22T10:45:08.000000;2016-04-22T10:45:08.902291;e9ba1a2c-1ec5-4cea-a346-9aefb759f95a;8.2119;3.295623;BUY
2016-04-22T10:45:08.000000;2016-04-22T10:45:08.902291;82df7a97-9ec9-4eac-88f0-7283d735bf5d;8.2345;3.19914;BUY
2016-04-22T10:45:08.000000;2016-04-22T10:45:08.902291;975fb55c-e0d2-4402-b688-6d8db03d2c19;8.2345;2.87860641;BUY
2016-04-22T10:45:37.000000;2016-04-22T10:45:37.440155;92622dc2-d6c1-4002-b20c-098a1a402b62;8.1507;0.54791518;SELL
2016-04-22T10:45:37.000000;2016-04-22T10:45:37.447205;57a96fb4-1be3-4872-bee3-27987c4b75dd;8.15;2.30509506;SELL
2016-04-22T10:45:42.000000;2016-04-22T10:45:42.185639;d734fb16-8417-42ee-bed6-e28c90c4b1cf;8.15;8.08097881;SELL
2016-04-22T10:45:46.000000;2016-04-22T10:45:46.518061;1060f768-4092-468b-b51e-69665cb58322;8.15;8.08097881;SELL
2016-04-22T10:45:49.000000;2016-04-22T10:45:49.384357;9b77453a-a0da-422a-8225-7db10961c198;8.15;8.08097881;SELL
2016-04-22T10:45:55.000000;2016-04-22T10:45:55.657976;02d0592a-e392-449c-be1e-8735ddd3dc1d;8.15;8.03363531;SELL
2016-04-22T10:46:34.000000;2016-04-22T10:46:34.572901;53a3003f-ef8a-4591-9e19-778910d7c984;8.15;8.03363531;SELL
2016-04-22T10:46:40.000000;2016-04-22T10:46:40.357438;4539fcdc-923e-4e30-ae9b-f330b4681699;8.15;7.38469789;SELL
2016-04-22T10:46:48.000000;2016-04-22T10:46:48.954304;0e1dae05-d455-48ab-b593-e6512c5eb7da;8.14;5.42375202;SELL
2016-04-22T10:46:54.000000;2016-04-22T10:46:54.507913;5ebb0de8-523f-4e64-be04-84754ffd5a66;8.14;5.42375202;SELL
2016-04-22T10:46:58.000000;2016-04-22T10:46:58.907410;4cf262d3-18f9-467c-b039-a01e35a73313;8.14;5.42375202;SELL
2016-04-22T10:47:03.000000;2016-04-22T10:47:03.805776;93b496cc-7d7f-4e1c-8fbb-396f8016dfe5;8.14;5.42375202;SELL
2016-04-22T10:47:08.000000;2016-04-22T10:47:08.261237;66aeb0d7-353c-4e69-b7eb-2a64a0a09c82;8.14;5.42344284;SELL
2016-04-22T10:47:12.000000;2016-04-22T10:47:12.442644;913552f1-c05d-4fa4-a99b-564e88ba43c9;8.14;5.42078491;SELL
2016-04-22T10:47:16.000000;2016-04-22T10:47:16.820194;7505200d-46d7-4088-8331-e1ef5b64965f;8.14;5.41314054;SELL
2016-04-22T10:47:20.000000;2016-04-22T10:47:21.009498;5e01ff15-1596-4cb8-8465-0754cd3e2edb;8.14;5.39789058;SELL
2016-04-22T10:47:27.000000;2016-04-22T10:47:27.653162;30ff9680-7eaa-49cd-b5f6-94d5b09ebe05;8.14;5.37246604;SELL
2016-04-22T10:47:33.000000;2016-04-22T10:47:33.074174;08615cb7-00fc-460c-9b9c-077fc663b8f0;8.14;5.33439434;SELL
2016-04-22T10:47:38.000000;2016-04-22T10:47:38.380250;8579021c-547b-434c-8805-0b434cb9f378;8.14;5.28135998;SELL
2016-04-22T10:47:41.000000;2016-04-22T10:47:41.982603;3d5c790a-d362-451b-8220-213eed4fcfd7;8.14;5.21127765;SELL
2016-04-22T10:47:46.000000;2016-04-22T10:47:46.468092;6def6d0b-1b2e-4e5b-89ce-fabf6137c311;8.14;5.12237511;SELL
2016-04-22T10:47:50.000000;2016-04-22T10:47:50.239422;f9560ff5-6dfb-4a55-9690-c200e69f9075;8.14;5.01328161;SELL
2016-04-22T10:47:50.000000;2016-04-22T10:47:50.291427;75b4c244-c649-488f-b11d-b76e56c27287;8.1499;10.0;BUY
2016-04-22T10:47:54.000000;2016-04-22T10:47:54.735892;d5dd541d-a06b-446b-958f-5da232479fc6;8.14;4.88311618;SELL
2016-04-22T10:47:59.000000;2016-04-22T10:47:59.074309;0d5ccbaa-e6e9-49bc-831f-8673aa01e3df;8.14;4.73156903;SELL
2016-04-22T10:48:04.000000;2016-04-22T10:48:04.196820;4494ae4f-f3dc-45ce-a54f-f2da6e5c634f;8.14;4.5589677;SELL
2016-04-22T10:48:08.000000;2016-04-22T10:48:08.630268;a669e3dd-64ec-49f4-a603-0d22f0b58ab9;8.14;4.36631966;SELL
2016-04-22T10:48:11.000000;2016-04-22T10:48:11.659576;558a93d3-e225-4dc6-a5a7-9c9286532f88;8.14;4.15532265;SELL
2016-04-22T10:48:19.000000;2016-04-22T10:48:19.544350;7d03743b-b713-4c1e-a9b1-fdc3fcebfadc;8.14;2.6192831;SELL
2016-04-22T10:48:41.000000;2016-04-22T10:48:41.228510;9ec13d03-8e4b-478d-b440-ee92d4781c75;8.1494;10.0;BUY
2016-04-22T10:49:59.000000;2016-04-22T10:49:59.763963;92fdd7d7-16bf-41fe-8baf-b3ee561cceec;8.1487;10.0;BUY
2016-04-22T10:51:07.000000;2016-04-22T10:51:07.059704;a4770490-67ab-4517-8aad-004957a0ba1b;8.12;0.1;SELL
2016-04-22T10:52:00.000000;2016-04-22T10:52:00.247012;53076147-1568-45b6-b7f7-5c674ccf946b;8.1479;0.1;BUY
2016-04-22T10:53:40.000000;2016-04-22T10:53:40.666047;14984981-a379-4c46-ab4f-4e3ea5851add;8.1473;19.1516;BUY
2016-04-22T10:53:47.000000;2016-04-22T10:53:47.219745;e7e4c4bf-3c5d-4533-943f-1bacb90ef86d;8.147;19.18997163;BUY
2016-04-22T10:53:47.000000;2016-04-22T10:53:47.228745;3f824abb-0144-469a-b4cd-2461edb52109;8.1474;3.301637;BUY
2016-04-22T10:53:47.000000;2016-04-22T10:53:47.250740;9d485def-7a30-4185-bb03-0fb70d80d054;8.15;7.38469789;BUY
2016-04-22T10:53:47.000000;2016-04-22T10:53:47.251707;61f21362-e1a0-45ba-be41-32e11cf8eafe;8.1839;0.55312794;BUY
2016-04-22T10:53:47.000000;2016-04-22T10:53:47.251707;40f25164-ebfe-4e88-9f8c-aa321c1ca4cf;8.1839;0.55312794;BUY
2016-04-22T10:53:47.000000;2016-04-22T10:53:47.260459;7dfdc80a-58aa-4417-94eb-284e1bc5aeb7;8.242;29.2574376;BUY
2016-04-22T11:10:31.000000;2016-04-22T11:10:31.491082;3808dde7-371b-425d-9f44-3c50736d267f;8.12;0.4;SELL
2016-04-22T11:10:31.000000;2016-04-22T11:10:31.497077;1ceb37c0-c97c-4b43-b6d8-2eecbfacf468;8.1;3.0;SELL
2016-04-22T11:10:31.000000;2016-04-22T11:10:31.506068;cf9a0005-1b28-4f94-a114-f1a26de5b0af;8.1;9.3193;SELL
2016-04-22T11:10:31.000000;2016-04-22T11:10:31.506068;ff73faa9-3b7a-44e2-8057-bd69842fcfe3;8.1;12.2807;SELL
2016-04-22T11:11:43.000000;2016-04-22T11:11:44.004314;a23872dd-2273-4dca-ad37-3a821a83b3f5;8.1823;0.55358725;BUY
2016-04-22T11:11:43.000000;2016-04-22T11:11:44.014357;b381d855-b550-4c73-9509-f46836ef5b0b;8.1979;3.325465;BUY
2016-04-22T11:11:43.000000;2016-04-22T11:11:44.016326;6e0f55fb-b4ca-4a84-bab9-269f4e06171a;8.2428;3.48625094;BUY
2016-04-22T11:11:43.000000;2016-04-22T11:11:44.046323;9a6c72d7-d2b9-4871-8b90-fee6ac57cada;8.2491;0.54791518;BUY
2016-04-22T11:11:43.000000;2016-04-22T11:11:44.046323;05b16256-9bc1-4ba0-a194-41b406299ed9;8.25;2.08678163;BUY
2016-04-22T11:55:06.000000;2016-04-22T11:55:06.725221;74dd4032-8800-42c5-91e2-b00b769528be;8.1354;0.54978284;SELL
2016-04-22T11:55:06.000000;2016-04-22T11:55:06.731859;9c6291d3-2a60-4142-9b6a-ec193ce825ea;8.1271;0.54981306;SELL
2016-04-22T11:59:06.000000;2016-04-22T11:59:06.607222;fa233d63-e163-4304-b5ba-3a53b941b004;8.109;21.4100068;SELL
2016-04-22T12:03:01.000000;2016-04-22T12:03:01.401710;5cdb5645-c2f5-437d-851c-60981a0d8bd8;8.196;0.85;BUY
2016-04-22T12:33:16.000000;2016-04-22T12:33:16.229465;736ebc5d-49be-43b4-8268-d28b2cd4769e;8.101;0.38068934;SELL
2016-04-22T12:35:19.000000;2016-04-22T12:35:19.194329;52c70a05-fd45-4dda-a27f-145256d5e8cd;8.1799;8.7393;BUY
2016-04-22T12:56:17.000000;2016-04-22T12:56:18.029981;a8e220b8-3782-45e3-bf02-fe1a5de71450;8.1;2.90979698;SELL
2016-04-22T12:56:21.000000;2016-04-22T12:56:21.306235;d5d1a2c1-7d4c-4398-99c7-8786d1e8cdd1;8.1;2.90979698;SELL
2016-04-22T12:58:13.000000;2016-04-22T12:58:14.003501;88338eb4-e5d5-4004-91b9-9f28462d2de5;8.1;0.98735104;SELL
2016-04-22T12:58:20.000000;2016-04-22T12:58:20.284114;cdc4889f-00b1-413d-904b-d6b0d696937b;8.1;59.65;SELL
2016-04-22T12:58:20.000000;2016-04-22T12:58:20.974182;64101899-fdfd-4862-862a-eefc7f4f13e3;8.1;21.262355;SELL
2016-04-22T12:58:22.000000;2016-04-22T12:58:22.375339;0717cf16-23ed-4cfe-bfed-ad6ede9913f2;8.0982;0.55340343;SELL
2016-04-22T12:58:38.000000;2016-04-22T12:58:38.148915;e9cb8800-733f-4e5c-af3c-047635ad0832;8.0999;19.18997163;BUY
2016-04-22T12:58:38.000000;2016-04-22T12:58:38.156915;6085162f-c1c9-4cc7-99e6-e4bef88b7d28;8.1;80.91;BUY
2016-04-22T12:58:38.000000;2016-04-22T12:58:38.914018;7ff25111-4f1e-498a-a8bd-25b25de92f67;8.1;12.14722837;SELL
2016-04-22T12:58:40.000000;2016-04-22T12:58:40.642191;5f9a1c69-be48-4085-a69b-041b75df74de;8.1;12.14722788;SELL
2016-04-22T12:58:41.000000;2016-04-22T12:58:41.337238;ab4a48b0-5774-451c-a3f2-4dc5742e8fd1;8.1;14.82272212;SELL
2016-04-22T12:58:57.000000;2016-04-22T12:58:57.437844;64594866-59d7-4bc3-8aed-ffc0742cb9d7;8.0862;0.55;SELL
2016-04-22T12:58:58.000000;2016-04-22T12:58:58.275944;63b68fed-d206-43b6-b2ff-3c5f5caae649;8.0862;0.00312794;SELL
2016-04-22T12:58:58.000000;2016-04-22T12:58:58.287917;1f8aa0ad-7117-41a9-85d5-16779a6c1180;8.08;5.70701458;SELL
2016-04-22T12:59:04.000000;2016-04-22T12:59:04.862580;d80fd4ab-d6c1-47c5-993c-5e08fe8bc2b5;8.08;14.29298542;SELL
2016-04-22T12:59:11.000000;2016-04-22T12:59:11.956300;f7d7530e-d055-42cf-9d5d-428fe03a6fed;8.07;5.07228931;SELL
2016-04-22T12:59:16.000000;2016-04-22T12:59:16.129736;e604e501-a699-46b4-8e1c-78d62999d42e;8.07;4.92771069;SELL
2016-04-22T13:01:27.000000;2016-04-22T13:01:27.589842;8cab927e-6c8f-40f4-874c-f2eb4b41d808;8.07;0.14577829;BUY
2016-04-22T13:01:27.000000;2016-04-22T13:01:27.609857;b6636995-9176-46ed-b3be-d537b214f27c;8.07;4.92771069;BUY
2016-04-22T13:01:44.000000;2016-04-22T13:01:44.474561;629f8185-6aad-4828-8f3b-5ca658dfc215;8.08;1.62993913;BUY
2016-04-22T13:01:44.000000;2016-04-22T13:01:44.479566;9dfbe74e-b79d-4843-b6e5-4fe43f1f69a7;8.08;7.72116749;BUY
2016-04-22T13:05:36.000000;2016-04-22T13:05:36.480981;5d632d71-c6cb-4da7-849a-a7e7f7b7e0ad;8.1;1.24890547;BUY
2016-04-22T13:05:36.000000;2016-04-22T13:05:36.486001;2ea16054-6f9f-403e-9fa8-0a5ecdf4fdb1;8.1;3.30743;BUY
2016-04-22T13:24:20.000000;2016-04-22T13:24:20.126898;ca08bd1b-3870-47a2-9d4e-eaf1c9120483;8.08;1.363;SELL
2016-04-22T13:31:42.000000;2016-04-22T13:31:43.000187;d8020991-66f7-4e73-b8a8-3eb128b356a1;8.0962;0.3;BUY
2016-04-22T13:36:03.000000;2016-04-22T13:36:03.945363;31558e4f-1a68-44ac-81d1-4b81db203aaf;8.0962;3.041652;BUY
2016-04-22T13:36:03.000000;2016-04-22T13:36:03.972354;9491b0a6-af91-4878-9e3c-fbf9b68f78ba;8.1084;0.55589527;BUY
2016-04-22T13:36:03.000000;2016-04-22T13:36:03.976363;edb45aa6-553b-4e78-8d3f-7e150d2c4c41;8.1084;0.55589527;BUY
2016-04-22T13:36:03.000000;2016-04-22T13:36:03.984346;7538865a-417e-45c1-8fb2-37b6787276bf;8.1205;0.84655746;BUY
2016-04-22T13:37:54.000000;2016-04-22T13:37:54.771429;001ccb28-8309-44fe-a654-cde05b704e99;8.08;3.0;SELL
2016-04-22T13:38:21.000000;2016-04-22T13:38:21.416101;23805959-d76d-4a06-949a-d54eb480a16d;8.08;20.0;SELL
2016-04-22T13:43:05.000000;2016-04-22T13:43:05.533571;17c6b1cc-e09d-4a0c-aadd-6331cb9863df;8.08;3.82413588;SELL
2016-04-22T13:45:10.000000;2016-04-22T13:45:10.346976;09e202a7-89de-4717-b19d-b4208a3d9640;8.08;7.62174092;SELL
2016-04-22T13:45:27.000000;2016-04-22T13:45:27.196842;68c346e1-34f3-4496-83b3-da7464613227;8.08;14.1911232;SELL
2016-04-22T13:45:27.000000;2016-04-22T13:45:27.203172;c3c145f3-7538-4f55-98c9-1f294e2f03f5;8.07;12.25431796;SELL
2016-04-22T13:51:14.000000;2016-04-22T13:51:14.505143;42eaee2d-18e6-456b-8f13-875eed3f79fc;8.07;2.59975;SELL
2016-04-22T13:51:50.000000;2016-04-22T13:51:50.393737;c89aae4c-314c-4d3e-9a9a-fd3ce609ffb5;8.07;1.78187463;SELL
2016-04-22T13:54:46.000000;2016-04-22T13:54:46.403366;ff579875-639b-43ba-9f10-9e180d4cfc4b;8.08;100.0;SELL
2016-04-22T13:54:46.000000;2016-04-22T13:54:46.416346;020730c0-7614-4f44-a529-834ded476c3f;8.07;33.36405741;SELL
2016-04-22T13:54:46.000000;2016-04-22T13:54:46.419341;5a28e9a8-c3f9-49cd-83e8-05856ddf9b1b;8.06;50.0;SELL
2016-04-22T13:54:46.000000;2016-04-22T13:54:46.447340;3e1bc5d0-654b-41c8-8cfa-f6857839a819;8.05;20.0;SELL
2016-04-22T13:54:46.000000;2016-04-22T13:54:46.447340;b8793d7b-9d02-4a61-98af-991913b8e03a;8.045;20.2;SELL
2016-04-22T13:54:46.000000;2016-04-22T13:54:46.447340;885f6e56-769d-47a2-9285-630d1856df55;8.0446;0.55555556;SELL
2016-04-22T13:54:46.000000;2016-04-22T13:54:46.479330;a2776d05-b229-4093-b9c8-bcc6d41687e3;8.042;7.8186314;SELL
2016-04-22T13:54:46.000000;2016-04-22T13:54:46.489349;576fac18-13e5-4332-b96d-20cdfca38af3;8.02;5.1;SELL
2016-04-22T13:54:46.000000;2016-04-22T13:54:46.545344;4ff423fd-26b0-4631-bb73-4487be70fce3;8.02;20.0;SELL
2016-04-22T13:54:46.000000;2016-04-22T13:54:46.552336;6561c027-d00e-4b95-8093-48141c4af4b8;8.02;93.4201;SELL
2016-04-22T13:54:46.000000;2016-04-22T13:54:46.552336;5497e000-58f2-4a27-8a34-efd2a4c62de5;8.0117;0.55589527;SELL
2016-04-22T13:54:46.000000;2016-04-22T13:54:46.582356;2d044f96-9c2c-436b-b482-a66e5c1d8596;8.0111;5.0;SELL
2016-04-22T13:54:46.000000;2016-04-22T13:54:46.582356;941a80af-2172-4460-be86-d42d7abd15b0;8.0102;3.264045;SELL
2016-04-22T13:54:46.000000;2016-04-22T13:54:46.583342;cff600c5-99d7-46b1-ae90-3e7ef5d3d0c3;8.005;2.0;SELL
2016-04-22T13:54:46.000000;2016-04-22T13:54:46.583342;6319a789-caad-413e-8f1b-142af9c35db3;8.0;6.18719951;SELL
2016-04-22T13:54:46.000000;2016-04-22T13:54:46.595355;702865d1-0b0b-4022-8088-72aa2a6de591;8.0;1.0;SELL
2016-04-22T13:54:46.000000;2016-04-22T13:54:46.613374;48a3d287-38fa-4510-9dcc-7077a40a10b8;8.0;1.0;SELL
2016-04-22T13:54:46.000000;2016-04-22T13:54:46.614343;90dd2a53-e8b1-443d-9425-01f6bbfc296a;8.0;2.0;SELL
2016-04-22T13:54:46.000000;2016-04-22T13:54:46.997386;459f16b0-3f72-4878-add3-137ef57698d5;8.0;2.0;SELL
2016-04-22T13:54:46.000000;2016-04-22T13:54:47.007394;3f2238ae-9349-4a69-ac9b-76f1be6572fa;8.0;110.0;SELL
2016-04-22T13:54:46.000000;2016-04-22T13:54:47.012391;e14750ad-6f80-4747-a5ac-46675e4594f1;8.0;12.0;SELL
2016-04-22T13:54:46.000000;2016-04-22T13:54:47.038428;1cf86e8a-73ad-499b-95c6-18b8dc59d921;8.0;300.0;SELL
2016-04-22T13:54:46.000000;2016-04-22T13:54:47.039394;9190680a-4e0b-4437-9d58-0ad33cd85f7d;7.968;32.0;SELL
2016-04-22T13:54:46.000000;2016-04-22T13:54:47.045403;0f46bf9b-e3bd-4fa5-bd43-e70906a18b37;7.968;32.0;SELL
2016-04-22T13:54:46.000000;2016-04-22T13:54:47.070389;27faf2c9-25a1-4f3e-b733-0ca59ff45784;7.968;8.778977;SELL
2016-04-22T13:54:46.000000;2016-04-22T13:54:47.070389;f38bfb89-a8a6-4ea3-a956-ffff86fdd8e5;7.957;34.26528885;SELL
2016-04-22T13:54:51.000000;2016-04-22T13:54:52.688963;5799d242-2fb5-438a-9062-8e7857a0a320;7.958;71.47;SELL
2016-04-22T13:54:51.000000;2016-04-22T13:54:52.692955;53fbe526-50ca-4fa5-8b5e-ccefef680ec0;7.957;265.73471115;SELL
2016-04-22T13:54:51.000000;2016-04-22T13:54:52.697971;6e040dba-608f-47e9-91e5-b08a25b37841;7.957;5.4474053;SELL
2016-04-22T13:54:51.000000;2016-04-22T13:54:52.724949;141f6d52-c773-4f12-a609-97bc5acfd6d3;7.954;2.57;SELL
2016-04-22T13:54:51.000000;2016-04-22T13:54:52.724949;49acc8b4-75cc-4e56-9fa6-2a4adeafdceb;7.95;5.0;SELL
2016-04-22T13:54:51.000000;2016-04-22T13:54:52.726957;da38070d-c57b-4ec1-ae2f-f357b27baa04;7.948;32.0;SELL
2016-04-22T13:54:51.000000;2016-04-22T13:54:52.726957;0900d2cc-48bb-4e2b-8315-75d070381550;7.948;32.0;SELL
2016-04-22T13:54:51.000000;2016-04-22T13:54:52.728955;482b2e83-481a-4717-934d-100cba0d4fae;7.93;5.0;SELL
2016-04-22T13:54:51.000000;2016-04-22T13:54:52.832010;7d27cecf-5cc6-4e96-bc01-15bb0fb6e498;7.901;117.34659554;SELL
2016-04-22T13:54:51.000000;2016-04-22T13:54:52.863972;65a1b87b-553b-470b-8d2c-c326fbf8b8ec;7.901;1.24455477;SELL
2016-04-22T14:05:30.000000;2016-04-22T14:05:31.001788;b7629f2d-3512-4546-83a0-12002c6a6839;8.061;2.0646;BUY
2016-04-22T14:11:39.000000;2016-04-22T14:11:39.414548;ac4fa10e-0728-42f3-9877-bc2a2b4bd80b;8.0;10.0;SELL
2016-04-22T14:14:19.000000;2016-04-22T14:14:19.294530;ee69f919-d3bb-47c3-818f-d6c8eb747562;7.9764;0.55404732;SELL
2016-04-22T14:14:19.000000;2016-04-22T14:14:19.295559;5c6ab0e1-05f5-45c6-88f1-e45b6d294e43;7.93;2.4548934;SELL
2016-04-22T14:14:39.000000;2016-04-22T14:14:39.801600;197bedde-f81f-4843-b104-b6dd42734983;8.037;1.9156;BUY
2016-04-22T14:21:13.000000;2016-04-22T14:21:13.691158;2da8b25b-0fb9-4f28-8d23-dfbe4feeb90d;7.94;20.3799;SELL
2016-04-22T14:21:13.000000;2016-04-22T14:21:13.703156;a111ac46-c63c-4051-8a65-6cae94015f4c;7.94;11.6201;SELL
2016-04-22T14:21:13.000000;2016-04-22T14:21:13.983152;83c57a8e-b804-4b5f-a36c-d64f3780b129;7.94;32.0;SELL
2016-04-22T14:24:56.000000;2016-04-22T14:24:56.155370;7e5a6fb2-25a4-4311-b04b-2100c0c36bfe;7.94;6.3799;SELL
2016-04-22T14:24:56.000000;2016-04-22T14:24:56.168356;b5d253fb-e4ff-433f-b750-9b193e45c3a5;7.94;50.0;SELL
2016-04-22T14:25:07.000000;2016-04-22T14:25:07.140452;7b42d2ac-4270-40e3-b50e-bcf96ea11f01;7.94;63.83375;BUY
2016-04-22T14:30:08.000000;2016-04-22T14:30:08.993629;33864394-3b3b-4101-ac68-66365ffae36e;7.9301;2.94635776;BUY
2016-04-22T14:30:08.000000;2016-04-22T14:30:09.006650;dbca5e78-a449-4655-ba2f-4053726deabc;7.9301;4.18159719;BUY
2016-04-22T14:30:08.000000;2016-04-22T14:30:09.232717;b6abb14b-a4eb-42cd-ae05-96a5c528727e;7.95;54.24116505;BUY
2016-04-22T14:31:25.000000;2016-04-22T14:31:25.758316;db10454d-f5fb-489f-85a9-ad5a15294aa3;7.91;19.18997163;SELL
2016-04-22T14:31:26.000000;2016-04-22T14:31:26.482389;49175a58-41d6-40f1-88b4-99c2edd5e698;7.91;11.16054111;SELL
2016-04-22T14:31:43.000000;2016-04-22T14:31:44.129179;74b7e355-573f-495b-be7e-6ecd95ad3845;7.91;13.75175955;SELL
2016-04-22T14:31:47.000000;2016-04-22T14:31:47.775512;79a5545e-8d61-433b-9271-83d03982c2c8;7.91;13.75175955;SELL
2016-04-22T14:31:47.000000;2016-04-22T14:31:48.097570;ccb64f35-568e-4c95-bb72-882e04950dd2;7.91;0.9996;SELL
2016-04-22T14:31:54.000000;2016-04-22T14:31:54.824212;124fa7fb-938f-4d28-b367-8a1331aca672;7.91;4.21767476;SELL
2016-04-22T14:32:09.000000;2016-04-22T14:32:09.479709;d7314698-3d91-4c83-9449-7c0302439420;7.901;3.94364112;SELL
2016-04-22T14:32:12.000000;2016-04-22T14:32:12.828028;5c580a4e-e5d9-41ff-b343-d55f3ace2453;7.901;14.914032;SELL
2016-04-22T14:32:17.000000;2016-04-22T14:32:17.107661;731f2b2d-0538-40e5-9529-1b5d4d88bcd6;7.901;9.2600112;SELL
2016-04-22T14:32:22.000000;2016-04-22T14:32:22.196981;a8eb090e-5474-4fcf-bc3f-f818d30aa3d3;7.901;13.664532;SELL
2016-04-22T14:32:24.000000;2016-04-22T14:32:24.927244;5e43f187-0391-4ac2-9b0d-d84a7d7400bb;7.901;4.288284;SELL
2016-04-22T14:32:26.000000;2016-04-22T14:32:26.780407;ed69e7a8-b954-4d56-bfe7-6ec157568c4d;7.901;4.288284;SELL
2016-04-22T14:32:41.000000;2016-04-22T14:32:41.137860;4c6ea032-c8da-420d-bc6a-ce205b8b88bb;7.9099;0.1;BUY
2016-04-22T14:32:48.000000;2016-04-22T14:32:48.768617;0d81af8d-3982-49f5-ba6e-00ecdf78c715;7.9099;4.11767476;BUY
2016-04-22T14:32:48.000000;2016-04-22T14:32:48.782653;23508c18-bd67-480a-bcf3-80e1d1341c15;7.9099;3.339177;BUY
2016-04-22T14:32:48.000000;2016-04-22T14:32:48.800607;576b884a-7a9f-4f23-ab93-b2c513b891b6;7.91;4.21767476;BUY
2016-04-22T14:32:48.000000;2016-04-22T14:32:48.813664;3e08a6a5-4e83-4f32-92e7-1c723e33cff8;7.91;2.76141998;BUY
2016-04-22T14:33:04.000000;2016-04-22T14:33:04.058141;c89e2264-5b3c-40aa-8aa9-c6d16a99d426;7.9098;3.421437;BUY
2016-04-22T14:33:05.000000;2016-04-22T14:33:05.261288;2005883b-38e7-442d-a82a-7cef0110eac9;7.901;0.69623776;SELL
2016-04-22T14:33:10.000000;2016-04-22T14:33:10.696847;bd8bf279-27e2-4119-b67d-e52eaa6f08c4;7.9099;3.421437;BUY
2016-04-22T14:33:32.000000;2016-04-22T14:33:32.567003;94aee8b9-48af-495e-88bc-5c35e4ded717;7.91;0.96621621;SELL
2016-04-22T14:33:36.000000;2016-04-22T14:33:36.439398;a6f9fb75-6a55-4e47-b258-9483cc9f729f;7.91;0.96621621;SELL
2016-04-22T14:33:39.000000;2016-04-22T14:33:39.926762;4819f6e6-0576-44f3-9146-1ec8daa9b5f6;7.91;4.81000887;SELL
2016-04-22T14:33:43.000000;2016-04-22T14:33:43.428078;a151cc2f-a32c-4529-9342-01c4932bd3db;7.91;4.74731918;SELL
2016-04-22T14:33:48.000000;2016-04-22T14:33:48.861623;a4cbca20-ec64-40c5-97ad-0c8bca975f04;7.91;4.67510346;SELL
2016-04-22T14:34:11.000000;2016-04-22T14:34:11.581913;a845bbf8-61dd-45b4-b2f2-d15035fe523b;7.91;4.02855333;SELL
2016-04-22T14:34:51.000000;2016-04-22T14:34:51.717937;21116c3b-ecec-4966-8a9e-9966edb21f5c;7.916;32.0;BUY
2016-04-22T14:34:51.000000;2016-04-22T14:34:51.719901;7363f36b-6f87-452d-8d8c-77e1b815ca91;7.917;32.0;BUY
2016-04-22T14:34:53.000000;2016-04-22T14:34:53.842125;7eae1af1-61b4-4aea-bba8-b3b635ce00b2;7.91;5.48423107;SELL
2016-04-22T14:39:11.000000;2016-04-22T14:39:11.512975;670ba49b-9f5c-4c26-b79c-b7555fb341a5;7.9676;0.56465274;BUY
2016-04-22T14:39:19.000000;2016-04-22T14:39:19.565776;395b7403-251d-41b7-8ba7-24975636c7e7;7.9715;3.421437;BUY
2016-04-22T14:39:43.000000;2016-04-22T14:39:43.072118;0133fa62-2438-4bac-8575-f3d5e2f13b80;7.9958;0.56401579;BUY
2016-04-22T14:39:52.000000;2016-04-22T14:39:52.862103;a14fe5a6-ef62-4495-8bee-f7dec8b0a36a;7.9958;39.453892;SELL
2016-04-22T14:39:52.000000;2016-04-22T14:39:52.972118;1a841ff4-be0a-4887-854b-af3b0cd933a0;7.9958;3.7513385;SELL
2016-04-22T14:39:53.000000;2016-04-22T14:39:53.813197;9017ec51-0cf2-4820-a726-7b948c581614;8.0323;19.18997163;BUY
2016-04-22T14:39:53.000000;2016-04-22T14:39:53.816239;62268c4a-efe6-4ae2-9c4f-53919d452420;8.0324;0.55865922;BUY
2016-04-22T14:39:53.000000;2016-04-22T14:39:53.830208;f87a6b08-237d-4f1b-921f-aa3d79c4d625;8.033;49.45595453;BUY
2016-04-22T14:39:53.000000;2016-04-22T14:39:53.847235;5aa11c92-87a4-483c-8695-aa224c9e792b;8.072;156.86588062;BUY
2016-04-22T14:41:22.000000;2016-04-22T14:41:24.148226;c55c205a-d22e-4e6f-a480-cef828dec1b2;7.9958;3.69221384;BUY
2016-04-22T14:41:34.000000;2016-04-22T14:41:34.726308;e0ced7d1-9d55-4005-96fc-68e601cdff3d;8.0165;3.38907;BUY
2016-04-22T14:41:34.000000;2016-04-22T14:41:34.734337;8de7ee65-5d83-46e2-9247-9c50e57cbcf3;8.0288;19.18997163;BUY
2016-04-22T14:41:34.000000;2016-04-22T14:41:34.742337;9eb32f4e-c75a-48a3-bf3a-4dfa1b44558c;8.0289;0.56063239;BUY
2016-04-22T14:41:34.000000;2016-04-22T14:41:34.766295;b4bbdcc3-9a27-4b1a-9589-5b0e50f393eb;8.07;10.0;BUY
2016-04-22T14:41:34.000000;2016-04-22T14:41:34.766295;c524e5c3-1754-4093-a608-16f3ea9fbf39;8.0727;0.55404732;BUY
2016-04-22T14:41:34.000000;2016-04-22T14:41:34.768342;039c2f0d-3b59-48cb-b1dd-45f6df24375b;8.0727;0.55404732;BUY
2016-04-22T14:41:35.000000;2016-04-22T14:41:35.055327;04f8d478-9a5c-4187-8fd3-0658047d507e;8.1305;19.18997163;SELL
2016-04-22T14:41:35.000000;2016-04-22T14:41:35.396365;5b9aab19-a969-4b65-beba-a2b6d9811541;8.1305;35.90304482;SELL
2016-04-22T14:41:35.000000;2016-04-22T14:41:35.861406;45e95831-452e-45c1-83ff-e4d369b7c3e7;8.1305;4.10185498;SELL
2016-04-22T14:41:36.000000;2016-04-22T14:41:36.589481;ef068ad6-739f-4cbd-ad83-9aa73c2f8523;8.1305;12.20527142;SELL
2016-04-22T14:41:36.000000;2016-04-22T14:41:36.705485;a535a6e5-0b5f-4375-99bb-857c58662a2f;8.1305;1.59199192;SELL
2016-04-22T14:41:36.000000;2016-04-22T14:41:36.974546;e9a6cd0b-0854-4e6a-b841-3e952b386749;8.1305;47.04452065;SELL
2016-04-22T14:41:37.000000;2016-04-22T14:41:37.414591;5bbb0edd-7450-4969-923e-878f170af366;8.1305;47.04452065;SELL
2016-04-22T14:41:37.000000;2016-04-22T14:41:37.849599;3f38a27e-1165-45bf-b0ef-ac2ade7aef95;8.1305;43.81079927;SELL
2016-04-22T14:41:46.000000;2016-04-22T14:41:46.247542;d096504d-7b1b-4b7c-9b9c-b1be1c31fdd2;8.0164;19.18997163;BUY
2016-04-22T14:41:46.000000;2016-04-22T14:41:46.257449;ffe76a98-dfa9-42ec-a080-138b4f08d48d;8.0165;3.378403;BUY
2016-04-22T14:41:48.000000;2016-04-22T14:41:48.425681;9f17f495-3c1e-4bf6-9ba9-5a2310c9c76b;8.017;12.20527142;SELL
2016-04-22T14:41:49.000000;2016-04-22T14:41:49.789800;0e6976c6-f5f3-4a7f-a8ab-1ea4c491113e;8.017;35.92645395;SELL
2016-04-22T14:41:55.000000;2016-04-22T14:41:55.873453;2466cdc5-2f12-44a2-bb18-925b696ba821;7.9661;0.55962841;SELL
2016-04-22T14:42:44.000000;2016-04-22T14:42:49.114727;6f7a9c4b-20e8-4806-9ffd-43f63b87e922;8.017;8.02625817;BUY
2016-04-22T14:43:04.000000;2016-04-22T14:43:04.761351;f36cbf56-0b52-4cff-b4e5-2e93771431f2;8.126;81.340395;BUY
2016-04-22T14:43:09.000000;2016-04-22T14:43:09.055769;6cf569ad-9359-4bb6-8f00-9bdc37b77548;8.0235;0.55978504;SELL
2016-04-22T14:43:50.000000;2016-04-22T14:43:50.922901;55511e26-2e87-4a4f-b02b-1cd8dc10c9d9;8.017;1.25625458;BUY
2016-04-22T14:43:51.000000;2016-04-22T14:43:51.559987;416dd090-8d26-413a-854a-73b6df4c2678;8.017;2.99409583;SELL
2016-04-22T14:43:56.000000;2016-04-22T14:43:56.884508;590360ab-3200-4963-bae4-fca8014eeb89;8.017;3.38212;SELL
2016-04-22T14:44:00.000000;2016-04-22T14:44:00.682923;5d29d568-dedd-4074-ab30-2d8c02c9c26b;8.0427;23.07443629;SELL
2016-04-22T14:44:02.000000;2016-04-22T14:44:02.753459;8bf07b28-c018-4e40-a2c3-0ba2d7f5e3a6;8.0427;1.59199192;SELL
2016-04-22T14:44:03.000000;2016-04-22T14:44:03.780203;2fc5df27-4fc1-44e4-9587-c88724d19572;8.0427;1.59199193;SELL
2016-04-22T14:44:04.000000;2016-04-22T14:44:04.373261;1f308679-cfe2-4385-8709-d7c3e6208ed2;8.0427;23.10145011;SELL
2016-04-22T14:44:05.000000;2016-04-22T14:44:05.047354;30a4bc85-8a0f-40ff-8ecf-05a36c687ac1;8.0825;34.7;SELL
2016-04-22T14:44:05.000000;2016-04-22T14:44:05.344389;407e9f12-3a78-48ef-bbf8-3a4a58d380c5;8.0825;2.98452805;SELL
2016-04-22T14:44:05.000000;2016-04-22T14:44:05.372366;56807cde-2ebe-4206-8640-00716fcf824e;8.0825;23.12851301;SELL
2016-04-22T14:44:05.000000;2016-04-22T14:44:05.776751;4c8a1cda-413b-4d1f-82cc-bc50deb7f05f;8.0825;11.92632212;SELL
2016-04-22T14:44:06.000000;2016-04-22T14:44:06.499474;1faed420-fca6-49ee-8f47-15f042194092;8.0825;23.27074428;SELL
2016-04-22T14:44:06.000000;2016-04-22T14:44:06.631482;faea5005-463a-4d77-837a-a6903b7fee14;8.0825;1.59199193;SELL
2016-04-22T14:44:06.000000;2016-04-22T14:44:07.124546;de6874fc-357f-4534-a177-639b4aac6f73;8.0825;19.18997163;SELL
2016-04-22T14:44:06.000000;2016-04-22T14:44:07.197534;3f1fd852-ab15-4153-9e2b-5253a731e1f5;8.0825;4.68551752;SELL
2016-04-22T14:44:07.000000;2016-04-22T14:44:07.385566;f164352f-7a55-492c-97a8-52195ca89a04;8.0825;19.18997163;SELL
2016-04-22T14:44:07.000000;2016-04-22T14:44:07.891054;ed1fd533-3d88-4cc1-9692-f1ecd7819f68;8.0825;23.41392001;SELL
2016-04-22T14:44:08.000000;2016-04-22T14:44:09.000719;802f7ee7-1924-44ac-b4bd-e7559bb763cd;8.0825;15.33638754;SELL
2016-04-22T14:44:09.000000;2016-04-22T14:44:09.210780;5fd2cf1a-983c-445e-860c-132f6cca4f1c;8.0825;0.00030728;SELL
2016-04-22T14:44:09.000000;2016-04-22T14:44:09.217036;bffbce28-4c9b-49ae-9cbf-f08d29ae8371;8.0427;8.22121551;SELL
2016-04-22T14:44:10.000000;2016-04-22T14:44:10.678918;cedacf32-2103-4897-addf-d87428ab4046;8.0555;0.55958926;SELL
2016-04-22T14:44:10.000000;2016-04-22T14:44:10.908898;ecd8474b-1b0d-4b70-85be-a8b6a36568c8;8.0555;0.00032115;SELL
2016-04-22T14:44:10.000000;2016-04-22T14:44:10.916170;8f80dbbb-97e3-4c7d-9dcb-62a90b37badd;8.0427;23.10198048;SELL
2016-04-22T14:44:11.000000;2016-04-22T14:44:11.386960;b26a909d-5be9-4027-a30d-10766048f9f7;8.0427;2.98452805;SELL
2016-04-22T14:44:11.000000;2016-04-22T14:44:11.689004;7c57c61d-970c-4443-9704-daa4008fd686;8.0427;23.68997701;SELL
2016-04-22T14:44:12.000000;2016-04-22T14:44:12.948104;c63af5cb-f682-4ee0-8697-fb6a91f33ae4;8.0788;11.8584357;SELL
2016-04-22T14:44:13.000000;2016-04-22T14:44:13.651194;51f752fe-e434-4133-8057-8f1462b0cec0;8.0788;33.93788237;SELL
2016-04-22T14:44:14.000000;2016-04-22T14:44:14.123226;809d530f-eaa5-4873-b154-429ebc8e6c6c;8.0788;2.98452805;SELL
2016-04-22T14:44:14.000000;2016-04-22T14:44:15.002320;1afbc5f1-bc45-4d41-a595-fea444d3feed;8.0788;46.05675663;SELL
2016-04-22T14:44:15.000000;2016-04-22T14:44:15.740388;86711f27-ea61-49f8-ba2b-71a269efb506;8.0788;14.99259125;SELL
2016-04-22T14:44:17.000000;2016-04-22T14:44:17.059559;63e95af1-d6d1-4214-8c1f-4dab377dd235;8.0788;19.05302588;SELL
2016-04-22T14:44:17.000000;2016-04-22T14:44:17.907615;b7fad819-a7fe-4c41-a998-0dbbf8399d81;8.0788;15.07784618;SELL
2016-04-22T14:44:18.000000;2016-04-22T14:44:18.411739;1c4caf43-3cad-4cc6-992e-287cac1ed6a3;8.0788;19.16138117;SELL
2016-04-22T14:44:19.000000;2016-04-22T14:44:19.379762;faf8d1aa-a46e-4bad-abed-df670ae60d10;8.0788;18.29766592;SELL
2016-04-22T14:44:19.000000;2016-04-22T14:44:19.987860;2829009d-b9ef-4a27-b32a-46a14f4b74a6;8.0788;19.27035091;SELL
2016-04-22T14:44:20.000000;2016-04-22T14:44:20.390866;02ee6926-d26d-42ea-84ad-334ee5cad281;8.0788;155.83262194;SELL
2016-04-22T14:44:22.000000;2016-04-22T14:44:22.777107;b93c4154-bacc-4067-ad0b-dbbd464c1ea1;8.0358;0.55991041;SELL
2016-04-22T14:44:26.000000;2016-04-22T14:44:26.059436;d12b36b0-7eac-4537-8269-1512f45e9573;8.069;220.076;BUY
2016-04-22T14:44:26.000000;2016-04-22T14:44:26.065453;45d59001-1a97-4809-a697-a4892ad23c9b;8.0699;0.55991041;BUY
2016-04-22T14:44:26.000000;2016-04-22T14:44:26.109419;e73b5db5-8f2c-4693-9cc4-4f066abd4d28;8.0699;19.18997163;BUY
2016-04-22T14:44:26.000000;2016-04-22T14:44:26.171424;ff05a160-cc7a-4a79-81d1-7a497bd0d588;8.07;56.729398;BUY
2016-04-22T14:44:26.000000;2016-04-22T14:44:26.177432;f906c797-7d1b-423c-8dc1-20536a164a85;8.07;3.42909025;BUY
2016-04-22T14:44:26.000000;2016-04-22T14:44:26.189468;9014e3ea-0c1d-4988-9389-8b715926f001;8.0788;129.37446646;BUY
2016-04-22T14:44:26.000000;2016-04-22T14:44:26.209430;1ff4df6a-c0f4-4ded-8c7e-c56b04c3b760;8.0789;18.40171902;BUY
2016-04-22T14:44:26.000000;2016-04-22T14:44:26.902502;82d4645b-3be4-4e25-ba68-da7bc904cc94;8.0817;19.18997163;SELL
2016-04-22T14:44:27.000000;2016-04-22T14:44:27.293566;59870437-56e2-49db-808a-e71002f99211;8.0817;25.64417925;SELL
2016-04-22T14:44:27.000000;2016-04-22T14:44:27.967619;295798ed-acbf-4ac7-beed-98ef49e2af8f;8.0817;19.18997163;SELL
2016-04-22T14:44:28.000000;2016-04-22T14:44:28.079618;ad7744a0-1c08-4d66-8da4-88a67fd24adb;8.0817;19.18997163;SELL
2016-04-22T14:44:28.000000;2016-04-22T14:44:28.107641;16993d62-751e-4a3c-9d4a-eb7c077557f9;8.0817;18.62635568;SELL
2016-04-22T14:44:28.000000;2016-04-22T14:44:28.638711;94964de6-9419-4ccd-b593-2e0ab14d4b06;8.0817;0.382423;SELL
2016-04-22T14:44:28.000000;2016-04-22T14:44:28.943759;40b4d218-7586-4ace-9ddd-dbe058d4ed35;8.0817;0.712977;SELL
2016-04-22T14:44:29.000000;2016-04-22T14:44:29.122740;1d168b91-19d9-4187-9ee8-2692d520d8fd;8.0817;23.99040641;SELL
2016-04-22T14:44:35.000000;2016-04-22T14:44:36.031523;0ede62ff-bc67-4ed1-955e-aef8c2f315b6;8.0209;19.18997163;BUY
2016-04-22T14:44:35.000000;2016-04-22T14:44:36.040441;24f0ad1c-f220-48a7-9dcf-0a6e95392937;8.021;4.96;BUY
2016-04-22T14:44:35.000000;2016-04-22T14:44:36.042436;84d2af43-72f8-4f12-b2c2-bf1541b1a8c8;8.081;8.981265;BUY
2016-04-22T14:44:36.000000;2016-04-22T14:44:36.218433;b3695bad-7d32-45a1-bda1-a9c1f997f0ca;8.0854;19.18997163;SELL
2016-04-22T14:44:36.000000;2016-04-22T14:44:36.469459;7f76e80b-4381-4e55-8474-3bc5b6d49559;8.0854;25.39221942;SELL
2016-04-22T14:44:36.000000;2016-04-22T14:44:36.804504;25748c66-0fae-4f77-8c65-582de4df4204;8.0854;19.18997163;SELL
2016-04-22T14:44:37.000000;2016-04-22T14:44:37.673578;32414d76-a2e3-4ef8-9731-8691de6e733c;8.0854;19.18118936;SELL
2016-04-22T14:44:37.000000;2016-04-22T14:44:38.022621;862ef08a-06ba-4449-8230-d7bf802ad0b7;8.0854;6.91844126;SELL
2016-04-22T14:44:39.000000;2016-04-22T14:44:39.234764;4b1305b8-1b4b-4a7e-ae5e-ce9fdb26416b;8.0854;1.664073;SELL
2016-04-22T14:44:39.000000;2016-04-22T14:44:39.272742;f365c1db-340e-466f-a0e6-7633802af445;8.0854;5.29936717;SELL
2016-04-22T14:44:39.000000;2016-04-22T14:44:39.884837;2b33a619-9037-4aa6-a3d0-de2d52478142;8.0854;2.50497618;SELL
2016-04-22T14:44:40.000000;2016-04-22T14:44:40.405853;91590971-2eab-44dc-8050-c4bbeda1b8d9;8.0854;49.6;SELL
2016-04-22T14:44:42.000000;2016-04-22T14:44:42.063012;4cf05ff6-c3a9-4232-938a-35cf423909f4;8.0208;19.18997163;BUY
2016-04-22T14:44:42.000000;2016-04-22T14:44:42.066065;a0744e87-b30c-4211-8547-94b6af98a215;8.085;6.998218;BUY
2016-04-22T14:44:42.000000;2016-04-22T14:44:42.072056;27be7b8d-b163-4880-9937-2d6c05609cf0;8.125;110.038;BUY
2016-04-22T14:44:42.000000;2016-04-22T14:44:42.097034;0538541f-16ec-42c2-97ed-0837bc650e3e;8.1257;7.497059;BUY
2016-04-22T14:44:42.000000;2016-04-22T14:44:42.097034;adb64c0b-29df-45a0-8d8a-3bbee5e9076c;8.126;2.26487386;BUY
2016-04-22T14:44:42.000000;2016-04-22T14:44:42.099059;99fc01b8-9883-492d-b389-cf0a04c592e1;8.13;10.605818;BUY
2016-04-22T14:44:42.000000;2016-04-22T14:44:42.129032;3e9d89e0-eca4-4da3-8873-bdd120ae3359;8.13;146.98006151;BUY
2016-04-22T14:44:53.000000;2016-04-22T14:44:53.799220;005c00dd-f299-4be0-b94d-b22630d81760;7.932;25.44507984;SELL
2016-04-22T14:45:04.000000;2016-04-22T14:45:04.732302;8ebb9f91-54f2-4744-81c8-dcd2cad71afa;8.0839;2.8721189;BUY
2016-04-22T14:45:04.000000;2016-04-22T14:45:04.744289;929d0754-0a9d-483f-88ed-2c120d25f10e;8.0839;19.18997163;BUY
2016-04-22T14:45:04.000000;2016-04-22T14:45:04.745294;91c7faaf-224a-4f2c-b8da-4fa61e86c6f4;8.084;29.1895;BUY
2016-04-22T14:45:04.000000;2016-04-22T14:45:04.775299;643ec9fc-9f56-46d2-9e4b-4c9a0928d31a;8.084;1.34092543;BUY
2016-04-22T14:45:04.000000;2016-04-22T14:45:04.775299;fc9933de-75ed-4d81-91a3-f511f4224199;8.0849;28.41983635;BUY
2016-04-22T14:45:04.000000;2016-04-22T14:45:04.780316;fd1f63d0-197a-4e05-80e4-6fc2e437f8a0;8.125;55.019;BUY
2016-04-22T14:45:04.000000;2016-04-22T14:45:04.806337;48c76009-09a2-4640-8fd9-ba9a48ea4ac8;8.126;9.587689;BUY
2016-04-22T14:45:04.000000;2016-04-22T14:45:04.806337;c2233f23-867c-4e0f-8f1f-228bb91165c8;8.13;8.81889738;BUY
2016-04-22T14:45:04.000000;2016-04-22T14:45:04.807301;a0f89a4b-e4f4-40f4-a688-6b9583feafdd;8.13;7.71135914;BUY
2016-04-22T14:45:04.000000;2016-04-22T14:45:04.821297;5ac4acc4-948d-49b8-bc6c-9bef7aa2333c;8.13;2.63987975;BUY
2016-04-22T14:45:04.000000;2016-04-22T14:45:04.838310;9afeee09-6b28-4231-bc25-62263a7f3ee5;8.1305;27.79477119;BUY
2016-04-22T14:45:04.000000;2016-04-22T14:45:04.838310;9867a30d-0be0-413c-b152-049c65dcaef1;8.1305;7.61788823;BUY
2016-04-22T14:46:43.000000;2016-04-22T14:46:43.660219;48ed5a4d-a8e5-4d11-a78e-e5a16f09d0eb;8.0545;19.18997163;BUY
2016-04-22T14:46:43.000000;2016-04-22T14:46:43.669176;79396fb6-22e9-4a43-9d65-ac7dd7800aba;8.0545;3.378234;BUY
2016-04-22T14:46:43.000000;2016-04-22T14:46:43.673184;6fadb562-fba2-4767-bee2-4cd1d7f0ae46;8.0546;0.55991041;BUY
2016-04-22T14:46:43.000000;2016-04-22T14:46:43.700200;a1879d1e-e707-41be-95ac-c7fd7b24ae5c;8.0549;14.47188396;BUY
2016-04-22T14:47:13.000000;2016-04-22T14:47:13.118153;6a5c6cce-98b7-44f3-815d-f9001fa93416;8.0499;14.52455983;BUY
2016-04-22T14:47:13.000000;2016-04-22T14:47:13.121140;951eed74-392d-418f-9cac-e53ab4da82d6;8.051;3.378276;BUY
2016-04-22T14:47:13.000000;2016-04-22T14:47:13.189142;5dc857c2-715b-4f1a-a686-47f39e623d82;8.06;19.18997163;SELL
2016-04-22T14:47:14.000000;2016-04-22T14:47:14.149274;76756099-3936-4434-91ac-405331f6744c;8.06;0.50719254;SELL
2016-04-22T14:47:41.000000;2016-04-22T14:47:41.497956;8de6d783-6605-4d39-be1b-a45666d83c2d;8.0499;0.50719254;BUY
2016-04-22T14:47:41.000000;2016-04-22T14:47:41.508016;833b9023-3248-4d14-8bad-8e5921bb7d0f;8.0499;0.50719254;BUY
2016-04-22T14:47:41.000000;2016-04-22T14:47:41.512972;bb890c38-186b-459b-815c-f8bbb5be13b5;8.0499;0.50719254;BUY
2016-04-22T14:47:41.000000;2016-04-22T14:47:41.540013;80de0559-c719-4226-8370-d1c0abc1c5bf;8.0499;0.50719254;BUY
2016-04-22T14:47:41.000000;2016-04-22T14:47:41.540013;a28df963-e6a1-4309-bb96-11501fcf48f7;8.0499;19.18997163;BUY
2016-04-22T14:47:41.000000;2016-04-22T14:47:41.540013;50e8fa70-8525-4bfc-9a74-1ef88cc758d0;8.05;9.9884;BUY
2016-04-22T14:47:41.000000;2016-04-22T14:47:41.546989;10469296-b1f2-46ba-9c78-34a373334668;8.0568;6.39285821;BUY
2016-04-22T14:48:03.000000;2016-04-22T14:48:03.951220;6d05449d-7b08-40a1-9e09-e74e045816fb;8.0491;8.98233245;BUY
2016-04-22T14:48:03.000000;2016-04-22T14:48:03.960214;c3b4855b-05e0-461e-8852-a4ef5c82dc80;8.0491;0.50719254;BUY
2016-04-22T14:48:03.000000;2016-04-22T14:48:03.983206;0327d75f-b13c-4c45-b4b6-039193dfd449;8.0491;0.50719254;BUY
2016-04-22T14:48:03.000000;2016-04-22T14:48:03.983206;3dc49aba-0993-4219-ba9e-d9ab454ab909;8.0491;0.50719254;BUY
2016-04-22T14:48:04.000000;2016-04-22T14:48:04.346263;764d1d3b-b77b-41cf-a258-9a1be41de6d0;8.0495;8.98233245;SELL
2016-04-22T14:48:05.000000;2016-04-22T14:48:05.311348;47a977ad-939f-40cc-9828-68af15242a2a;8.0495;50.0;SELL
2016-04-22T14:48:06.000000;2016-04-22T14:48:06.912510;0af06b6e-9ef9-4e04-9a9e-0add6e86c124;8.0495;0.50719254;SELL
2016-04-22T14:48:06.000000;2016-04-22T14:48:06.956507;7d5148ac-48ea-499d-ba94-7d204862bcbc;8.0495;0.50719254;SELL
2016-04-22T14:48:06.000000;2016-04-22T14:48:06.987509;69d86e04-9599-41e9-8f5f-2d91eae3f9c0;8.0495;0.50719254;SELL
2016-04-22T14:48:08.000000;2016-04-22T14:48:08.503681;609c5594-3192-4aee-bb33-24abe8205691;8.0495;0.50719254;SELL
2016-04-22T14:48:32.000000;2016-04-22T14:48:32.607073;40290d32-6f0d-4ff6-b8f7-6a732ca52a23;8.0569;0.55991041;BUY
2016-04-22T14:48:32.000000;2016-04-22T14:48:32.621095;c42f6676-a6e9-4d6c-ad67-ccd01b6031e1;8.1304;19.18997163;BUY
2016-04-22T14:48:32.000000;2016-04-22T14:48:32.622084;f3d28eee-278b-4b5e-8204-4dd100a972c0;8.1305;40.11447442;BUY
2016-04-22T14:48:32.000000;2016-04-22T14:48:32.915101;ec319c2e-32b2-46b5-ba50-c60fb4df4339;8.1305;34.52594116;SELL
2016-04-22T14:48:33.000000;2016-04-22T14:48:33.178136;181fc81c-e12c-47eb-a0e3-236c19ea72f7;8.1305;9.87;SELL
2016-04-22T14:48:34.000000;2016-04-22T14:48:34.080220;4b1c5c0e-729a-4326-97ac-f507cc1a1885;8.1305;2.63861809;SELL
2016-04-22T14:48:34.000000;2016-04-22T14:48:34.629275;397a13fd-e3a0-4faf-8824-19da9b0e8a55;8.1305;12.44591325;SELL
2016-04-22T14:49:08.000000;2016-04-22T14:49:08.529668;8165edc6-2f81-4542-b33f-5fe43b1e2c5a;8.0954;2.99175329;SELL
2016-04-22T14:49:08.000000;2016-04-22T14:49:08.788702;4c1af300-5132-4fa8-8c5a-2ed6d352aae7;8.0954;1.49116976;SELL
2016-04-22T14:49:10.000000;2016-04-22T14:49:10.200835;bbe8b419-6936-476e-8c14-6da505c0706d;8.0954;2.99410076;SELL
2016-04-22T14:49:11.000000;2016-04-22T14:49:11.543967;8b00bbfa-8754-4ba9-b7ec-82886f5c5fd0;8.1077;2.635579;SELL
2016-04-22T14:49:11.000000;2016-04-22T14:49:11.619074;0a658176-f8d0-46d3-bc0b-c1734fe61115;8.0954;0.35852176;SELL
2016-04-22T14:49:16.000000;2016-04-22T14:49:16.195436;f7f80787-1802-4677-9711-788d7c1f0c93;8.0954;0.67928906;SELL
2016-04-22T14:49:20.000000;2016-04-22T14:49:20.851919;faf75daa-4435-4dbb-8efe-7f8055511b98;8.0954;12.4180308;SELL
2016-04-22T14:49:48.000000;2016-04-22T14:49:48.673698;eaeeb3bd-689d-4559-8620-7fddc668e444;8.0792;43.859688;SELL
2016-04-22T14:49:51.000000;2016-04-22T14:49:51.752982;2da6e96c-a202-4ac7-9415-46d0e07c233e;8.07;50.219522;BUY
2016-04-22T14:49:51.000000;2016-04-22T14:49:51.758997;518e12bb-016e-4f81-b3d5-fe5540911212;8.0859;2.99890092;BUY
2016-04-22T14:49:51.000000;2016-04-22T14:49:51.774298;60761757-9df5-4af7-a7c9-29b9dd615c2d;8.0859;19.18997163;BUY
2016-04-22T14:49:59.000000;2016-04-22T14:49:59.600787;b6b8dc37-f043-47bd-a251-2f73557b1ed0;8.0878;3.326651;BUY
2016-04-22T14:50:12.000000;2016-04-22T14:50:12.158033;a4f8a98b-073a-4026-8ef5-4c1cdeb40df8;8.0878;23.0;SELL
2016-04-22T14:50:14.000000;2016-04-22T14:50:14.350284;0bb1d236-91a3-45b4-873e-335d02cd089d;8.088;91.8665;BUY
2016-04-22T14:50:15.000000;2016-04-22T14:50:15.122375;13f94e9a-def5-4c65-9733-944ed445d884;8.1305;0.61652523;SELL
2016-04-22T14:50:15.000000;2016-04-22T14:50:15.291352;27f64325-352d-4dcd-ae02-edf355d5bfaa;8.1305;4.72669349;SELL
2016-04-22T14:50:15.000000;2016-04-22T14:50:15.512376;c2e5e46e-3298-4dee-898a-9e304ede9fd2;8.1305;42.71553981;SELL
2016-04-22T14:50:15.000000;2016-04-22T14:50:15.679385;50a9be1f-cffc-43e9-a949-de660425f53f;8.1305;0.54885;SELL
2016-04-22T14:50:16.000000;2016-04-22T14:50:16.968525;f5c26840-1cac-4f33-a2c3-9e0c5d53d7f0;8.1305;19.18997163;SELL
2016-04-22T14:50:17.000000;2016-04-22T14:50:17.848601;745f3185-a0cc-40e6-9bd1-772337445ddd;8.1305;1.841662;SELL
2016-04-22T14:50:18.000000;2016-04-22T14:50:18.100629;083cde0f-5ca3-4281-b5c0-2058322b6857;8.1305;1.15242632;SELL
2016-04-22T14:50:18.000000;2016-04-22T14:50:18.233647;e77e1ef4-fbdd-4770-8638-335c0dcff21a;8.1305;2.99410076;SELL
2016-04-22T14:50:18.000000;2016-04-22T14:50:18.906701;67d52b37-4f8e-489b-bf28-52b3a5cecbd8;8.1305;11.04217234;SELL
2016-04-22T14:50:20.000000;2016-04-22T14:50:20.296845;1c2b3810-3325-4d07-ac7a-f1fe28b5b812;8.1305;2.99410076;SELL
2016-04-22T14:50:20.000000;2016-04-22T14:50:20.595884;6c7f53a3-406d-4a85-9982-76efad6c5b54;8.1305;19.18997163;SELL
2016-04-22T14:51:22.000000;2016-04-22T14:51:22.914791;b49fe42d-aaf6-4501-b03f-f5ad170366f6;8.0948;19.18997163;SELL
2016-04-22T14:51:24.000000;2016-04-22T14:51:24.610989;b69354eb-7d12-45d3-b0e7-520f23532bb9;8.1056;1.4074368;SELL
2016-04-22T14:51:29.000000;2016-04-22T14:51:29.735486;0ff2a61f-b85c-477b-9dcd-bb26ed58840e;8.1056;2.9988;SELL
2016-04-22T14:51:30.000000;2016-04-22T14:51:30.792562;c6dacfbd-ab89-48a9-add8-6f3f9232db21;8.1066;19.18997163;SELL
2016-04-22T14:51:39.000000;2016-04-22T14:51:39.280410;aa71fc8d-0aad-4492-babe-c1b1b54c953c;8.1087;19.18760417;SELL
2016-04-22T14:51:43.000000;2016-04-22T14:51:43.193821;f878a191-ef0e-434d-9552-9e92aa0bbc82;8.1106;19.18500144;SELL
2016-04-22T14:51:47.000000;2016-04-22T14:51:47.270234;97a47cd5-f2d3-4e76-8997-0d8377306a2c;8.1106;23.92996877;SELL
2016-04-22T14:51:51.000000;2016-04-22T14:51:51.747656;10be668a-28d8-4591-89f6-c6cd87bf046d;8.1106;2.77932056;SELL
2016-04-22T14:51:53.000000;2016-04-22T14:51:53.235800;8b3e1bb5-0475-4851-a9c5-61c3b34035b9;8.1106;19.18500144;SELL
2016-04-22T14:51:56.000000;2016-04-22T14:51:56.724169;0db2bd76-eb0b-4bbd-a0ae-7f7e5b4e9b52;8.112;92.8579;BUY
2016-04-22T14:51:56.000000;2016-04-22T14:51:56.733194;2c6b8f55-9dee-4ae9-835d-3a089384d328;8.112;7.5533647;BUY
2016-04-22T14:51:56.000000;2016-04-22T14:51:56.736172;7aeb2a8f-7d89-408e-9abc-5612b8c736f8;8.1129;19.18997163;BUY
2016-04-22T14:51:56.000000;2016-04-22T14:51:56.764182;58fd81b6-ab97-41bc-b925-a05e8a69c983;8.1129;19.18997163;BUY
2016-04-22T14:51:57.000000;2016-04-22T14:51:57.347221;dfc0842b-ae6c-46a1-a6f9-bf7e86829fa4;8.113;19.18997163;SELL
2016-04-22T14:52:05.000000;2016-04-22T14:52:05.576047;58b9c35c-f1f5-4240-be1e-e5d89e90b374;8.113;0.5526769;SELL
2016-04-22T14:52:06.000000;2016-04-22T14:52:06.553136;61141b71-0054-45b0-ba23-ba363f5a4eb8;8.113;2.22382451;SELL
2016-04-22T14:52:14.000000;2016-04-22T14:52:15.028993;6052cc78-7c5f-422e-adad-756f8ab9996f;8.112;55.908;BUY
2016-04-22T14:52:14.000000;2016-04-22T14:52:15.040976;d4aad4ef-beef-4c12-8cc0-4445dbc349d3;8.1128;0.5526769;BUY
2016-04-22T14:52:14.000000;2016-04-22T14:52:15.072042;4dbeda5a-370d-4364-96bd-7487e6137b64;8.1129;1.11974849;BUY
2016-04-22T14:52:14.000000;2016-04-22T14:52:15.113031;5540b533-fcee-4d4e-a871-d2d7294bb053;8.1305;9.19716987;BUY
2016-04-22T14:52:14.000000;2016-04-22T14:52:15.134986;d82028b9-7872-4e4e-a407-690719de4121;8.1305;0.946023;SELL
2016-04-22T14:52:15.000000;2016-04-22T14:52:15.498048;76a91838-87e2-4ffe-b76b-4e0de20c705f;8.1305;51.17691697;SELL
2016-04-22T14:52:16.000000;2016-04-22T14:52:16.764169;3933dee6-fa76-4b0b-ac16-881e0064a32f;8.1305;9.00454248;SELL
2016-04-22T14:52:18.000000;2016-04-22T14:52:18.795358;4cf1ce83-2813-4d85-ae58-b35f37943537;8.1305;2.99410198;SELL
2016-04-22T14:52:19.000000;2016-04-22T14:52:19.671450;b4f1425f-a2d9-42f9-afda-523f3fbc88bf;8.1305;10.18542915;SELL
2016-04-22T14:52:20.000000;2016-04-22T14:52:20.032498;4675e491-fadc-4a07-8874-333690a83e04;8.1305;7.80743754;SELL
2016-04-22T14:52:21.000000;2016-04-22T14:52:21.267615;2cc7ad9f-6e58-4e32-8d9d-3b065fc9d580;8.1305;2.99890852;SELL
2016-04-22T14:52:21.000000;2016-04-22T14:52:21.701643;9ab35026-ae13-4773-9952-ef36fd4837ba;8.1305;5.26244772;SELL
2016-04-22T14:52:23.000000;2016-04-22T14:52:23.776872;f5c049fa-88cf-4cee-8aac-8157f4494982;8.1305;7.75113097;SELL
2016-04-22T14:52:44.000000;2016-04-22T14:52:44.810969;495b6ce8-3ab0-49c7-a776-c0d7c13d3402;8.1143;0.540884;SELL
2016-04-22T14:52:44.000000;2016-04-22T14:52:44.818964;0086c7a2-d7e6-4681-a5d4-42e8469cc4ca;8.0571;0.55493896;SELL
2016-04-22T14:53:19.000000;2016-04-22T14:53:19.437445;5e498fd0-c942-45bb-bb52-48a230468afd;8.0571;0.87353704;BUY
2016-04-22T14:53:47.000000;2016-04-22T14:53:47.295240;f179de2d-d470-412c-ba73-0dc15a4d059a;8.1305;5.85334655;BUY
2016-04-22T14:53:47.000000;2016-04-22T14:53:47.304230;1e6b08ef-5931-4abf-b934-ca1ac9b503b2;8.1305;3.341817;BUY
2016-04-22T14:53:47.000000;2016-04-22T14:53:47.858273;bed92142-c801-4624-9926-47e1691ca36e;8.1305;3.89601965;SELL
2016-04-22T14:54:04.000000;2016-04-22T14:54:04.141900;33355d9b-78ab-41d3-9c02-838515599e31;8.1305;24.9304787;SELL
2016-04-22T14:54:46.000000;2016-04-22T14:54:46.065085;91329747-416c-4959-8687-a47e086a5568;8.1305;0.0003053;SELL
2016-04-22T14:54:46.000000;2016-04-22T14:54:46.071087;5dd6cd0a-cf4d-4454-9b1b-0c9b8472873b;8.082;0.55626634;SELL
2016-04-22T14:54:56.000000;2016-04-22T14:54:56.054103;f40dc883-0e12-426d-940e-1a71fdb7dab8;8.1305;0.482128;SELL
2016-04-22T14:55:50.000000;2016-04-22T14:55:50.628554;5a48b1f7-3040-41ed-8953-7c04763567cc;8.0453;0.55410872;SELL
2016-04-22T14:55:50.000000;2016-04-22T14:55:50.633579;3453e767-99ee-4788-b6c0-0b2661f63bd3;8.0049;0.08901693;SELL
2016-04-22T14:55:52.000000;2016-04-22T14:55:52.444730;82b65126-47dc-4fdb-ac62-6260d3233915;8.1115;0.488168;SELL
2016-04-22T14:55:59.000000;2016-04-22T14:55:59.805452;de7de802-36ab-4dbe-8541-14aa95348a10;8.108;1.738118;SELL
2016-04-22T14:56:15.000000;2016-04-22T14:56:15.305005;45d88b6b-b085-439d-a488-44b02eb83066;8.0049;0.46817926;SELL
2016-04-22T14:56:15.000000;2016-04-22T14:56:15.311007;9cdacb18-4e79-488c-9162-c6a2d8edd0d6;7.994;3.38907;SELL
2016-04-22T14:56:55.000000;2016-04-22T14:56:55.379021;38730726-3f1e-427c-b397-b12132fc543d;7.9586;0.55991041;SELL
2016-04-22T14:56:55.000000;2016-04-22T14:56:55.385011;f8543190-8dba-4d86-8e86-0d21f4a939e6;7.931;1.0;SELL
2016-04-22T14:56:55.000000;2016-04-22T14:56:55.392065;c7d3856d-9216-4490-8d3b-b65e9f6fa419;7.93;3.42;SELL
2016-04-22T14:56:55.000000;2016-04-22T14:56:55.416023;10cb27d3-48d9-46c2-94b7-b50a2e143fa7;7.93;3.42;SELL
2016-04-22T14:56:55.000000;2016-04-22T14:56:55.416023;a6065f06-b745-480e-9f23-2586d2c32417;7.9152;0.55969105;SELL
2016-04-22T14:56:55.000000;2016-04-22T14:56:55.416023;f74d40e5-f692-40cb-9628-be7f22f83761;7.9078;3.372548;SELL
2016-04-22T14:56:55.000000;2016-04-22T14:56:55.447045;6d118176-30da-41c2-bb94-8da3854c3ccd;7.9011;12.069056;SELL
2016-04-22T14:56:55.000000;2016-04-22T14:56:55.447045;79e60045-dbde-407c-805a-2c8553620b68;7.901;135.59879454;SELL
2016-04-22T14:57:51.000000;2016-04-22T14:57:51.443667;3ef5d0f3-a30a-452f-b022-db6e713968c0;7.95;1.49709585;SELL
2016-04-22T14:57:52.000000;2016-04-22T14:57:52.786752;1d893d99-231b-4190-afe2-7ef8e6b8e8ec;7.95;19.18997163;SELL
2016-04-22T14:57:54.000000;2016-04-22T14:57:54.819955;52056845-1e89-4d7b-8aa2-d379a01674ea;7.95;19.18997163;SELL
2016-04-22T14:57:54.000000;2016-04-22T14:57:54.909994;57301c69-4353-45eb-a05a-0e624567a591;7.95;1.84540165;SELL
2016-04-22T14:57:55.000000;2016-04-22T14:57:55.856070;d8532921-5739-4475-8939-529921a3cb5b;7.95;1.84836021;SELL
2016-04-22T14:57:57.000000;2016-04-22T14:57:57.134193;645710e8-11eb-42cf-bd93-029b1688f4fb;7.95;1.84540165;SELL
2016-04-22T14:57:57.000000;2016-04-22T14:57:57.996319;a65df0ec-f863-468a-b9d5-f03df4a0a487;7.95;1.84836021;SELL
2016-04-22T14:57:59.000000;2016-04-22T14:57:59.296413;73cc779c-840d-46db-a60b-ea3e27aff4e2;7.95;19.18997163;SELL
