time_exchange;time_coinpai;guid;price;base_amount;taker_side
2016-04-27T00:00:02.195814;2016-04-27T00:00:02.248303;cd5d123c-5cad-4553-8707-15c6afa8bef7;470.3;0.04036;SELL
2016-04-27T00:00:02.196063;2016-04-27T00:00:02.263923;c4a2be0a-a3c3-4226-b399-c031204d35c8;470.29;0.02361;SELL
2016-04-27T00:00:02.196254;2016-04-27T00:00:02.263923;2794514c-f502-439f-a601-eece101f9f2e;470.28;0.03345;SELL
2016-04-27T00:00:02.196417;2016-04-27T00:00:02.263923;191c8770-d368-4a58-8ea3-18fa26385efe;470.28;0.011;SELL
2016-04-27T00:00:02.196568;2016-04-27T00:00:02.263923;f1a40084-6b21-4ffb-b663-c5ef6c39e220;470.27;0.01865;SELL
2016-04-27T00:00:02.196725;2016-04-27T00:00:02.342029;e883d32e-a7c1-4844-a357-c222f9987e1d;470.27;0.0126;SELL
2016-04-27T00:00:02.196900;2016-04-27T00:00:02.342029;64af5a08-a536-48d8-bb49-b656bfeafbad;470.27;0.01;SELL
2016-04-27T00:00:02.197064;2016-04-27T00:00:02.342029;0eac7c2a-43ef-454c-8e7e-0c04c3710ac3;470.26;0.02905;SELL
2016-04-27T00:00:02.197232;2016-04-27T00:00:02.342029;f4778422-8b7c-476a-81b3-1d846a154ee8;470.26;0.01;SELL
2016-04-27T00:00:02.197380;2016-04-27T00:00:02.342029;d3ab2894-6260-454d-b3ea-ace8da194f6a;470.25;0.0134;SELL
2016-04-27T00:00:02.197533;2016-04-27T00:00:02.342029;2385d8f1-b8b5-47b6-aa80-b506c98bf726;470.25;0.01785;SELL
2016-04-27T00:00:02.197678;2016-04-27T00:00:02.342029;91fae208-d783-4c98-841e-56e459a1bab3;470.24;0.01;SELL
2016-04-27T00:00:02.197842;2016-04-27T00:00:02.342029;3fc0033a-8047-46d6-b350-ff4b0d6b9e9b;470.24;0.02936;SELL
2016-04-27T00:00:02.198010;2016-04-27T00:00:02.342029;7680f005-dec7-47db-b507-8374965e5e34;470.23;0.01;SELL
2016-04-27T00:00:02.198178;2016-04-27T00:00:02.342029;919d8d92-9e53-48bf-b2ce-50dc19a736b6;470.23;0.02125;SELL
2016-04-27T00:00:02.198322;2016-04-27T00:00:02.342029;11acfbae-e52c-4866-a87e-67b8717c8bea;470.22;0.02214;SELL
2016-04-27T00:00:02.198469;2016-04-27T00:00:02.342029;f3e22cc3-e910-406f-a6d9-62cd9938958d;470.22;0.01;SELL
2016-04-27T00:00:02.198623;2016-04-27T00:00:02.342029;b6a1fb95-c9c5-4e55-ba17-046f288131a6;470.22;0.21;SELL
2016-04-27T00:00:02.198784;2016-04-27T00:00:02.342029;9ab85bdf-c6f7-434a-844a-3a283baa4bdc;470.21;0.03125;SELL
2016-04-27T00:00:02.198954;2016-04-27T00:00:02.357673;353071ac-0ce3-4dfd-a48e-06c5be1be0de;470.21;0.01;SELL
2016-04-27T00:00:02.199126;2016-04-27T00:00:02.357673;9b536b8f-2cd4-4cca-8e48-91d67e22dcb2;470.2;0.03125;SELL
2016-04-27T00:00:02.199287;2016-04-27T00:00:02.357673;cb89d047-ab6c-4a2f-8aa5-e91f825ca465;470.2;0.011;SELL
2016-04-27T00:00:02.199446;2016-04-27T00:00:02.357673;8e6c34c6-9c4e-4fac-bc69-d08c4b54eab7;470.19;0.01;SELL
2016-04-27T00:00:02.199595;2016-04-27T00:00:02.357673;ec703a37-7953-4937-a2e7-89567658edd4;470.18;0.02833;SELL
2016-04-27T00:00:02.199750;2016-04-27T00:00:02.357673;9cbda3bd-58c5-4017-9ede-135b6bab3624;470.18;0.01;SELL
2016-04-27T00:00:02.199907;2016-04-27T00:00:02.357673;f670611d-fa14-4ca6-ae7a-d370cf73abed;470.17;0.03125;SELL
2016-04-27T00:00:02.200090;2016-04-27T00:00:02.357673;216ca96e-073d-49d2-972a-1b3d5aee6842;470.17;0.01;SELL
2016-04-27T00:00:02.200236;2016-04-27T00:00:02.357673;df2918d6-8c91-415f-a22d-cf49d3b29fca;470.16;0.07152;SELL
2016-04-27T00:00:02.200381;2016-04-27T00:00:02.357673;a1a85e94-b36c-4a4e-8d7e-a91e8e5c8f92;470.16;0.03125;SELL
2016-04-27T00:00:02.200524;2016-04-27T00:00:02.357673;2d252526-aaa4-49d8-a418-c53752ff3919;470.16;0.0105022;SELL
2016-04-27T00:00:02.200680;2016-04-27T00:00:02.373297;076002f5-355d-48ae-92fc-a3e1d18224e4;470.16;0.011;SELL
2016-04-27T00:00:02.200839;2016-04-27T00:00:02.373297;b5f639f7-83aa-4c8c-b12e-b32b568765a7;470.15;0.03125;SELL
2016-04-27T00:00:02.201014;2016-04-27T00:00:02.373297;3aa5e962-a57f-4f69-8ff9-0c5f2af2213b;470.15;0.0812522;SELL
2016-04-27T00:00:02.201158;2016-04-27T00:00:02.435799;68b02ea7-9762-4674-96bf-73fb36cd1e69;470.15;0.05493935;SELL
2016-04-27T00:00:02.201314;2016-04-27T00:00:02.435799;6653c6ed-26c8-427d-b01e-fdecf38ff23d;470.15;0.01;SELL
2016-04-27T00:00:02.201459;2016-04-27T00:00:02.435799;18496dcc-70df-4fde-8b9e-f90f287bcf15;470.14;0.03125;SELL
2016-04-27T00:00:02.201604;2016-04-27T00:00:02.435799;2d4b8ac1-3dcf-4a34-9296-48d454ed85e6;470.14;0.0812522;SELL
2016-04-27T00:00:02.201747;2016-04-27T00:00:02.435799;df214adb-0e25-4528-9653-dd304135dfc5;470.14;0.01;SELL
2016-04-27T00:00:02.201919;2016-04-27T00:00:02.435799;3fdc5724-6622-40e2-8f9c-8ba9c42c4346;470.14;0.01;SELL
2016-04-27T00:00:02.202083;2016-04-27T00:00:02.435799;97340912-7706-40dc-b8bb-4c6afba81654;470.13;0.03048;SELL
2016-04-27T00:00:02.202238;2016-04-27T00:00:02.435799;0e4c1400-78a9-4253-9251-4d314bd6f0ea;470.13;0.01;SELL
2016-04-27T00:00:02.202385;2016-04-27T00:00:02.435799;d6cd3280-5ef6-46e2-9e34-cf933893979f;470.12;0.03125;SELL
2016-04-27T00:00:02.202542;2016-04-27T00:00:02.435799;8c1e03a4-a4c1-4dc0-b7cd-4b6c8bdfc6e6;470.12;0.0812522;SELL
2016-04-27T00:00:02.202684;2016-04-27T00:00:02.435799;400e5a53-4b15-49b5-8cc8-8129339383f8;470.11;0.074502;SELL
2016-04-27T00:00:02.202837;2016-04-27T00:00:02.451430;51bf8101-d165-4181-a0a4-18cc7092a8ee;470.11;0.0115;SELL
2016-04-27T00:00:02.203015;2016-04-27T00:00:02.451430;be6fca8f-9a05-49e5-8f16-f0c633982ffb;470.11;0.01975;SELL
2016-04-27T00:00:02.203162;2016-04-27T00:00:02.451430;6d65ba23-2e31-42ae-857f-6e45e695c923;470.1;0.01327;SELL
2016-04-27T00:00:02.203305;2016-04-27T00:00:02.451430;20319e15-fb01-40ec-a28b-051fefae503e;470.1;0.01798;SELL
2016-04-27T00:00:02.203459;2016-04-27T00:00:02.451430;2e9fb272-7757-43e3-9e45-d1ddf33aad83;470.1;0.0712822;SELL
2016-04-27T00:00:02.203600;2016-04-27T00:00:02.451430;d9e9dc17-1404-4e41-9837-1a2841b103a8;470.09;0.01848;SELL
2016-04-27T00:00:02.203750;2016-04-27T00:00:02.451430;e6eb46ac-b3b8-4155-9e83-c1cbb8d81fdc;470.09;0.01277;SELL
2016-04-27T00:00:02.203899;2016-04-27T00:00:02.451430;bae0ef77-ab57-483a-91f1-765b1cca819d;470.09;0.0260222;SELL
2016-04-27T00:00:02.204077;2016-04-27T00:00:02.451430;b91024bd-ff11-48c6-8ee3-acfb013b5f37;470.09;0.05523;SELL
2016-04-27T00:00:02.204227;2016-04-27T00:00:02.451430;e793e422-3ba6-4499-b5db-ede5d229dd5d;470.08;0.0155822;SELL
2016-04-27T00:00:02.204371;2016-04-27T00:00:02.451430;5a653a55-427f-4644-a840-bee7e190878e;470.08;0.01425;SELL
2016-04-27T00:00:02.204514;2016-04-27T00:00:02.451430;4d83ca36-73ac-445a-9f57-e9ffe318a0d4;470.08;0.06567;SELL
2016-04-27T00:00:02.204677;2016-04-27T00:00:02.451430;d203f2fd-6045-4a05-8ef7-a47e033a8198;470.08;0.017;SELL
2016-04-27T00:00:02.204828;2016-04-27T00:00:02.467048;588d7fea-2473-4b6f-a9df-046bd61a7e3e;470.07;0.0877932;SELL
2016-04-27T00:00:02.205009;2016-04-27T00:00:02.467048;9a884407-decc-47cd-adb1-b5391ce846f3;470.07;0.024709;SELL
2016-04-27T00:00:02.205156;2016-04-27T00:00:02.467048;23198522-81c0-4f4e-b58c-cd6dfa7971df;470.06;0.0812522;SELL
2016-04-27T00:00:02.205312;2016-04-27T00:00:02.467048;e84a8259-6476-4122-a991-8383205a2826;470.06;0.03125;SELL
2016-04-27T00:00:02.205460;2016-04-27T00:00:02.467048;9e48b618-141e-4c27-a1e5-a946a379a49c;470.05;0.0812522;SELL
2016-04-27T00:00:02.205619;2016-04-27T00:00:02.529554;62dd0804-ecb7-4ed3-be55-fe35d57ff40b;470.05;0.03125;SELL
2016-04-27T00:00:02.205769;2016-04-27T00:00:02.529554;1f1adb3f-8f3c-4c04-89d3-81474cac93d4;470.04;0.0712522;SELL
2016-04-27T00:00:02.205914;2016-04-27T00:00:02.529554;df898326-693a-4dd0-b776-69e411ea7576;470.04;0.01125;SELL
2016-04-27T00:00:02.206078;2016-04-27T00:00:02.529554;2b16aa3b-6028-42a0-8df9-566cefb12786;470.04;0.02;SELL
2016-04-27T00:00:02.206230;2016-04-27T00:00:02.529554;880a7a8f-abcc-49d0-8e58-58f2b63f7cf4;470.04;0.01;SELL
2016-04-27T00:00:02.206383;2016-04-27T00:00:02.529554;71947d86-c700-4d56-b449-97d349e523b2;470.04;0.23;SELL
2016-04-27T00:00:02.206531;2016-04-27T00:00:02.545173;d76b0161-eb4d-4d4a-9f04-cf2aa222b286;470.03;0.0105522;SELL
2016-04-27T00:00:02.206678;2016-04-27T00:00:02.545173;5c57633c-71cb-499d-8ebc-dae292e5d0ab;470.03;0.0462318;SELL
2016-04-27T00:00:02.206837;2016-04-27T00:00:02.545173;1303e1c7-c29a-4c25-88b7-ca69fac06565;470.03;0.91;SELL
2016-04-27T00:00:02.207004;2016-04-27T00:00:02.545173;37687332-ca49-421b-94aa-1db1b060d6de;470.02;0.011113;SELL
2016-04-27T00:00:02.207162;2016-04-27T00:00:02.545173;8fbf7741-4522-4174-8e0e-529a51a937d6;470.02;0.0812522;SELL
2016-04-27T00:00:02.207325;2016-04-27T00:00:02.545173;7f37aecc-87f4-488a-8c9b-b8678d7621b0;470.02;1.34;SELL
2016-04-27T00:00:02.207481;2016-04-27T00:00:02.545173;d3c35fe7-f5b3-427a-90b7-2d333bf98c5b;470.01;0.0136152;SELL
2016-04-27T00:00:02.207636;2016-04-27T00:00:02.545173;a5481c06-9dad-4bec-b55c-ddfb8ddeca4f;470.01;0.018887;SELL
2016-04-27T00:00:02.207784;2016-04-27T00:00:02.545173;15e2ce74-a187-47e9-bf6c-ed63c1e6d47c;470.01;0.012363;SELL
2016-04-27T00:00:02.207934;2016-04-27T00:00:02.545173;43766fec-a742-47ce-9119-89bc1657023a;470.01;0.067637;SELL
2016-04-27T00:00:02.208103;2016-04-27T00:00:02.545173;cbfff184-2995-4305-bfe6-9eb904794a8e;470.01;0.49000031;SELL
2016-04-27T00:00:02.208266;2016-04-27T00:00:02.545173;63607fea-e1e4-43ab-9719-f08e9d584789;470.01;0.55;SELL
2016-04-27T00:00:02.208418;2016-04-27T00:00:02.545173;663e3870-5d8b-40dd-9072-262c3d8683d6;470.0;0.01335;SELL
2016-04-27T00:00:02.208571;2016-04-27T00:00:02.545173;3c68b41f-cc8f-43f9-934d-8ba4f1717a20;470.0;0.0812522;SELL
2016-04-27T00:00:02.208718;2016-04-27T00:00:02.545173;ac61450a-8f1e-4323-8215-25337525b272;470.0;0.0179;SELL
2016-04-27T00:00:02.208866;2016-04-27T00:00:02.545173;f8c4b665-b723-41be-83fc-ecc5a1dca299;470.0;0.0175;SELL
2016-04-27T00:00:02.209026;2016-04-27T00:00:02.545173;eae863af-532f-4231-bbc0-63f077e9aeb9;470.0;0.01;SELL
2016-04-27T00:00:02.209191;2016-04-27T00:00:02.560805;ff0b0464-6c06-4047-abbb-e9d8fff90cf6;470.0;0.49000063;SELL
2016-04-27T00:00:02.209355;2016-04-27T00:00:02.560805;1193b7a6-4c65-4b94-9658-88639337768c;470.0;0.42;SELL
2016-04-27T00:00:02.209511;2016-04-27T00:00:02.560805;d6410b99-cfb5-44e7-bfbe-cd8589956fc2;469.99;0.0650246;SELL
2016-04-27T00:00:02.209666;2016-04-27T00:00:02.560805;11e360e0-d611-4a55-ba7b-7ba9af0e9c71;469.99;0.03125;SELL
2016-04-27T00:00:02.209817;2016-04-27T00:00:02.560805;056224b3-fff4-4ca9-bbd5-4e7a88baa634;469.99;0.0162276;SELL
2016-04-27T00:00:02.209965;2016-04-27T00:00:02.560805;b05d2074-3aff-4a52-8f02-7d2063c69fb3;469.99;0.49000129;SELL
2016-04-27T00:00:02.210153;2016-04-27T00:00:02.560805;adbe6040-faa3-458b-a91a-49780ae939f4;469.99;0.45;SELL
2016-04-27T00:00:02.210310;2016-04-27T00:00:02.576424;6a4af28e-38f4-4dd9-8a59-89b8db0cccb5;469.98;0.03125;SELL
2016-04-27T00:00:02.210462;2016-04-27T00:00:02.623300;d465fcf6-04ed-4dc3-aaab-f134f1c15ff5;469.98;0.49000265;SELL
2016-04-27T00:00:02.210618;2016-04-27T00:00:02.623300;0794d1f0-811c-4e3d-a9d0-e5fff3f37813;469.98;0.05495921;SELL
2016-04-27T00:00:02.210769;2016-04-27T00:00:02.623300;a1f3783d-fadd-4f97-8fd5-b42a2d570c05;469.98;0.05495921;SELL
2016-04-27T00:00:02.210932;2016-04-27T00:00:02.623300;af14d1b2-f861-473d-9563-e8d470e7a780;469.98;0.81;SELL
2016-04-27T00:00:02.211089;2016-04-27T00:00:02.623300;b244667b-fcaf-44c6-a49f-732f36f7005a;469.97;0.01;SELL
2016-04-27T00:00:02.211251;2016-04-27T00:00:02.623300;f674ce0f-fa29-4fe2-9915-1d55787b4460;469.97;0.0812522;SELL
2016-04-27T00:00:02.211401;2016-04-27T00:00:02.623300;c682492c-b654-469b-8509-eb11ae3f4b39;469.97;0.0117;SELL
2016-04-27T00:00:02.211557;2016-04-27T00:00:02.623300;96bf612f-188d-4d0b-aa54-e94c0e2ba7e4;469.97;0.49000541;SELL
2016-04-27T00:00:02.211717;2016-04-27T00:00:02.623300;de8dcb06-be34-4df8-bc2a-0850dc8077b4;469.97;0.57;SELL
2016-04-27T00:00:02.211868;2016-04-27T00:00:02.623300;0bb52a0d-052d-4e0b-9b7c-11b114da30fc;469.96;0.03125;SELL
2016-04-27T00:00:02.212015;2016-04-27T00:00:02.623300;a6cd672b-9ffc-4736-91ed-bdc116c3cd5e;469.96;0.30174774;SELL
2016-04-27T00:00:31.505198;2016-04-27T00:00:31.529567;4574e991-24b0-43ec-919c-0b610dead6a0;470.06;0.03125;BUY
2016-04-27T00:00:31.505376;2016-04-27T00:00:31.545192;d2790a25-cc94-4549-9687-b2266c3bccd2;470.07;0.01;BUY
2016-04-27T00:00:31.505544;2016-04-27T00:00:31.545192;a47764fd-df93-477b-a16b-47e24c87dce5;470.07;0.0812522;BUY
2016-04-27T00:00:31.505702;2016-04-27T00:00:31.545192;c568ad86-2f5c-47b2-aa68-c782fb44afbf;470.07;0.0117;BUY
2016-04-27T00:00:31.505861;2016-04-27T00:00:31.560814;48d96b6f-6dd1-4b89-a3c4-28021571c1b6;470.08;0.03125;BUY
2016-04-27T00:00:31.506023;2016-04-27T00:00:31.638940;261b0930-366f-49ec-a264-6d50bfb8d61d;470.09;0.0650246;BUY
2016-04-27T00:00:31.506166;2016-04-27T00:00:31.638940;64adf6a0-38d3-4aca-9963-3f339efa906a;470.09;0.03125;BUY
2016-04-27T00:00:31.506322;2016-04-27T00:00:31.638940;27e479eb-66b5-4baf-bd15-6a4f7a0546ee;470.09;0.0162276;BUY
2016-04-27T00:00:31.506476;2016-04-27T00:00:31.638940;5f966610-eb13-4578-a5b2-ef819f7d7106;470.1;0.01335;BUY
2016-04-27T00:00:31.506638;2016-04-27T00:00:31.638940;f5c92e4d-ca66-469c-abe8-e382e05da7c1;470.1;0.0812522;BUY
2016-04-27T00:00:31.506796;2016-04-27T00:00:31.638940;2d15a659-4540-4922-9b13-d71cade62cf7;470.1;0.0179;BUY
2016-04-27T00:00:31.506941;2016-04-27T00:00:31.638940;4ac85985-6e96-44e1-b964-7ec30c35f68e;470.11;0.0129334;BUY
2016-04-27T00:00:36.782786;2016-04-27T00:00:36.810819;1ea9c237-3067-4b45-a9df-152b9f6ada01;470.11;0.0006818;BUY
2016-04-27T00:00:36.782960;2016-04-27T00:00:36.826450;a7b4d171-008b-4315-8f52-92a50b9f02bc;470.11;0.00921821;BUY
2016-04-27T00:00:38.316471;2016-04-27T00:00:38.342075;0daa458e-7d09-4463-beb4-d464b20ae04d;470.11;0.00966879;BUY
2016-04-27T00:00:38.316682;2016-04-27T00:00:38.373326;4ef3b06e-7b45-4047-a00e-3ed0258ecec5;470.11;0.012363;BUY
2016-04-27T00:00:38.316900;2016-04-27T00:00:38.373326;f13a7e2d-c767-4a29-bbf4-4bfb2037b578;470.11;0.03796821;BUY
2016-04-27T00:00:38.369651;2016-04-27T00:00:38.404568;50edfdfc-186b-4f08-8683-d7e5a2e73cc2;470.11;0.02966879;BUY
2016-04-27T00:00:38.369904;2016-04-27T00:00:38.404568;06d97563-4d31-4ff8-b274-79dcd6281db0;470.12;0.011113;BUY
2016-04-27T00:00:38.370169;2016-04-27T00:00:38.420194;14ab8422-0af6-4347-8be7-73e568c4ce77;470.12;0.0812522;BUY
2016-04-27T00:00:38.370392;2016-04-27T00:00:38.420194;7a8e3529-fe70-489c-b730-0d459c705cc1;470.13;0.00295601;BUY
2016-04-27T00:01:01.372721;2016-04-27T00:01:01.404582;f7bbd33c-1603-4a81-a0ae-4e60c3d4ea24;470.13;0.04327579;BUY
2016-04-27T00:01:01.372967;2016-04-27T00:01:01.420204;7fd38ff0-c2af-4f22-bc3c-44087a05669d;470.13;0.0105522;BUY
2016-04-27T00:01:01.373165;2016-04-27T00:01:01.420204;6c223453-5a11-4b23-b330-f24c4e3f8ffa;470.14;0.02;BUY
2016-04-27T00:01:01.373315;2016-04-27T00:01:01.420204;32c42662-b11d-4417-ad9a-4c8687ddee61;470.14;0.0712522;BUY
2016-04-27T00:01:01.373462;2016-04-27T00:01:01.435830;5f8a6ce9-b9f7-462c-9540-3c998cfb7c18;470.14;0.01;BUY
2016-04-27T00:01:01.373614;2016-04-27T00:01:01.435830;97ffa6ac-4d6c-411d-ae17-248f1d01e6bc;470.14;0.01125;BUY
2016-04-27T00:01:01.373772;2016-04-27T00:01:01.435830;a9a182e1-b784-4453-8c19-280e37daace2;470.15;0.03125;BUY
2016-04-27T00:01:01.373946;2016-04-27T00:01:01.435830;a4b16abb-f61c-4bdc-8840-b10efbac2be9;470.15;0.0812522;BUY
2016-04-27T00:01:01.374100;2016-04-27T00:01:01.498337;cc90933c-f625-4750-9980-b767b54eb2c8;470.16;0.0812522;BUY
2016-04-27T00:01:01.374253;2016-04-27T00:01:01.513954;a906bc84-e30e-4ef4-bdae-9df27466ed51;470.16;0.03125;BUY
2016-04-27T00:01:01.374401;2016-04-27T00:01:01.513954;e2de39d1-9da9-4a7e-9491-3a33e893c628;470.17;0.0877932;BUY
2016-04-27T00:01:01.374555;2016-04-27T00:01:01.513954;c393275e-debf-4a8b-a64e-be21acdd9b41;470.17;0.024709;BUY
2016-04-27T00:01:01.374689;2016-04-27T00:01:01.513954;0fe65697-6fb4-4903-aadd-f6e9c9479203;470.18;0.00954321;BUY
2016-04-27T00:01:03.314516;2016-04-27T00:01:03.342084;2f9f02d9-ff12-494f-a86c-d2b805a9a885;470.18;0.00603899;BUY
2016-04-27T00:01:03.314682;2016-04-27T00:01:03.357705;0f7f6f53-bcda-41db-8e2e-61d1db24f62e;470.18;0.00396101;BUY
2016-04-27T00:01:29.605212;2016-04-27T00:01:29.638968;30bfc0e4-1d52-4ced-8acf-c2585a745d86;470.18;0.01028899;BUY
2016-04-27T00:01:29.605431;2016-04-27T00:01:29.654598;35a8cc5c-b7a9-42c5-a541-e8c75e61c429;470.18;0.017;BUY
2016-04-27T00:01:29.605618;2016-04-27T00:01:29.654598;9f1170ac-c939-4716-a507-c488140e7483;470.18;0.06567;BUY
2016-04-27T00:01:29.605779;2016-04-27T00:01:29.654598;c9d51b5e-c19f-4bc1-9c17-2bc109fc8a6f;470.19;0.01848;BUY
2016-04-27T00:01:29.605932;2016-04-27T00:01:29.654598;d0c84399-346f-4834-9ebf-a6881e6c8a50;470.19;0.05523;BUY
2016-04-27T00:01:29.606091;2016-04-27T00:01:29.748342;d360ab15-0141-433c-aa9e-c0accf70e5ff;470.19;0.01277;BUY
2016-04-27T00:01:29.606242;2016-04-27T00:01:29.748342;4dcdbbda-fd0d-412d-80ad-97b59e6a5225;470.19;0.0260222;BUY
2016-04-27T00:01:29.606401;2016-04-27T00:01:29.748342;1376234b-8d5f-4be7-b785-5f426d2ef80f;470.2;0.01327;BUY
2016-04-27T00:01:29.606547;2016-04-27T00:01:29.748342;e7cd428f-451b-4696-9154-9b76f0652138;470.2;0.01798;BUY
2016-04-27T00:01:29.606690;2016-04-27T00:01:29.748342;93c7b146-a258-4dd3-a89e-f2569217ca4e;470.2;0.06328881;BUY
2016-04-27T00:01:31.326176;2016-04-27T00:01:31.373344;5949c5f5-52ac-4844-8e4a-a5d6fc11e0cd;470.1;0.01327;SELL
2016-04-27T00:01:31.326356;2016-04-27T00:01:31.388969;31048c28-7b5c-484f-9b3b-27a6a8ff4f28;470.1;0.01798;SELL
2016-04-27T00:01:31.326511;2016-04-27T00:01:31.388969;6452ad4f-ed1a-442b-8f88-64b3c8740897;470.09;0.01848;SELL
2016-04-27T00:01:31.326670;2016-04-27T00:01:31.388969;9e63df6f-f5c9-4127-bc41-f805fd441355;470.09;0.05523;SELL
2016-04-27T00:01:31.326838;2016-04-27T00:01:31.404595;051130a2-1e1c-47fd-986f-1a456fdf9355;470.09;0.01277;SELL
2016-04-27T00:01:31.327016;2016-04-27T00:01:31.404595;665b1cf9-2aa4-4ccf-b2e7-47d25c956732;470.09;0.0260222;SELL
2016-04-27T00:01:31.327165;2016-04-27T00:01:31.420219;20525622-0758-451e-a323-767de6a2d7fe;470.08;0.0155822;SELL
2016-04-27T00:01:31.327312;2016-04-27T00:01:31.420219;4d268ee1-6ecd-40cc-9ac3-b1df77920acb;470.08;0.099;SELL
2016-04-27T00:01:31.327462;2016-04-27T00:01:31.420219;529b4f57-6bbc-4309-b2f7-095d457e9511;470.08;0.01425;SELL
2016-04-27T00:01:31.327606;2016-04-27T00:01:31.420219;ade0eb66-b3b7-4773-a70b-1ef708f4460a;470.08;0.017;SELL
2016-04-27T00:01:31.327786;2016-04-27T00:01:31.435843;fb938312-8725-4a12-9b49-ad4dc9f5c719;470.08;0.06567;SELL
2016-04-27T00:01:31.327936;2016-04-27T00:01:31.435843;5ada6860-022d-49c3-9c7b-4bf8eeb045f6;470.07;0.0877932;SELL
2016-04-27T00:01:31.328106;2016-04-27T00:01:31.467095;e382cd97-aa53-4c40-abcf-816fb303ebd0;470.07;0.024709;SELL
2016-04-27T00:01:31.328252;2016-04-27T00:01:31.467095;d56a8a7a-c05b-4c78-8c68-9ea9a0aecc1a;470.06;0.03125;SELL
2016-04-27T00:01:31.328399;2016-04-27T00:01:31.467095;9214eb47-f756-46e4-afc0-9a5211ce3562;470.06;0.0812522;SELL
2016-04-27T00:01:31.328555;2016-04-27T00:01:31.467095;2cdcacb8-fadd-41b8-a919-20a80e1dd19f;470.06;0.01;SELL
2016-04-27T00:01:31.328728;2016-04-27T00:01:31.482720;ab6402fc-d34d-438c-b412-9bf040f9463a;470.05;0.03125;SELL
2016-04-27T00:01:31.328883;2016-04-27T00:01:31.482720;064ae3d3-7ec1-4019-bbee-d6d548492b57;470.05;0.0812522;SELL
2016-04-27T00:01:31.329055;2016-04-27T00:01:31.482720;ae6d9730-6000-415d-a290-f43dc4f83bb8;470.05;0.01;SELL
2016-04-27T00:01:31.329200;2016-04-27T00:01:31.498344;37c0cc04-1002-4472-b982-edb64d1abfe6;470.04;0.02;SELL
2016-04-27T00:01:31.329345;2016-04-27T00:01:31.498344;116958cf-97f2-4f64-b092-e94a1e89f649;470.04;0.01125;SELL
2016-04-27T00:01:31.329494;2016-04-27T00:01:31.513970;afb16693-b626-4b12-8fdb-a31153edbc71;470.04;0.0712522;SELL
2016-04-27T00:01:31.329651;2016-04-27T00:01:31.513970;1d0a8213-0e33-44db-bd37-bc7d97900edf;470.04;0.01;SELL
2016-04-27T00:01:31.329816;2016-04-27T00:01:31.513970;a4a72bf9-f80e-4d81-97d1-3c3463f1033c;470.04;0.21;SELL
2016-04-27T00:01:31.329983;2016-04-27T00:01:31.529595;05747c97-483a-452a-a063-ee1db1f90e48;470.03;0.174;SELL
2016-04-27T00:01:31.330131;2016-04-27T00:01:31.529595;19ff212c-7b7e-4e4e-bb0f-97676aae4a08;470.03;0.098;SELL
2016-04-27T00:01:31.330279;2016-04-27T00:01:31.529595;f5bed277-6e52-47c9-ab49-67be257b10a3;470.03;0.0462318;SELL
2016-04-27T00:01:31.330437;2016-04-27T00:01:31.545219;99aba928-dc42-4455-a72e-5b0f29c9b351;470.03;0.0105522;SELL
2016-04-27T00:01:31.330595;2016-04-27T00:01:31.545219;77222bf9-cb0a-4019-ac67-4380653c9b4d;470.02;0.011113;SELL
2016-04-27T00:01:31.330771;2016-04-27T00:01:31.545219;41962089-d466-4f69-b8f1-b30ada055420;470.02;0.0812522;SELL
2016-04-27T00:01:31.330922;2016-04-27T00:01:31.560845;fb969fc5-dd61-42c7-90d3-d6ab45f26951;470.01;0.0129334;SELL
2016-04-27T00:01:31.331080;2016-04-27T00:01:31.560845;6eaf4fc2-c994-4434-9a54-787d455a2ff3;470.01;0.0195688;SELL
2016-04-27T00:01:31.331235;2016-04-27T00:01:31.560845;9837f900-ae52-4d40-9314-4e78dae7d58b;470.01;0.03796821;SELL
2016-04-27T00:01:31.331381;2016-04-27T00:01:31.560845;2941a4c6-c701-41ae-ae56-336e7b4c3ee3;470.01;0.012363;SELL
2016-04-27T00:01:31.331547;2016-04-27T00:01:31.560845;4e5b51cc-0780-47eb-a6fa-147028cd9569;470.01;0.02966879;SELL
2016-04-27T00:01:31.331688;2016-04-27T00:01:31.560845;89ef6183-b37d-4b80-a0ec-105c9ae1c950;470.0;0.01335;SELL
2016-04-27T00:01:31.331853;2016-04-27T00:01:31.560845;48b83847-23b4-445c-b00d-91d3f63d49f1;470.0;0.0812522;SELL
2016-04-27T00:01:31.332017;2016-04-27T00:01:31.576470;de3d4f05-34c8-4c48-8c83-dfb6b40db559;470.0;0.0179;SELL
2016-04-27T00:01:31.332175;2016-04-27T00:01:31.576470;9687bac8-fdb7-4a5f-b591-ec1c41872b40;470.0;0.01;SELL
2016-04-27T00:01:31.332320;2016-04-27T00:01:31.576470;5e11f8eb-4bfe-49cb-bc61-9e0aba0d8bd5;469.99;0.0650246;SELL
2016-04-27T00:01:31.332472;2016-04-27T00:01:31.576470;e72cfc77-068b-448b-8323-11a1ffa8e836;469.99;0.03125;SELL
2016-04-27T00:01:31.332620;2016-04-27T00:01:31.576470;47b8b499-36a1-446a-8f5f-d2e2f99c6f11;469.99;0.0162276;SELL
2016-04-27T00:01:31.332785;2016-04-27T00:01:31.576470;222d7299-bfd6-4c36-8b46-2730de9a6ef2;469.99;0.01;SELL
2016-04-27T00:01:31.332943;2016-04-27T00:01:31.607722;cda6bbc7-cc29-42c8-be7f-74dd340b001f;469.98;0.03125;SELL
2016-04-27T00:01:31.334064;2016-04-27T00:01:31.607722;56e8be65-1150-4653-9ad8-18ab54bab8fe;469.98;0.01;SELL
2016-04-27T00:01:31.334243;2016-04-27T00:01:31.607722;453698b1-54ae-4c90-8c56-1b571f51a076;469.98;0.081;SELL
2016-04-27T00:01:31.334400;2016-04-27T00:01:31.607722;9274ae31-e37b-4e8f-9adc-e9bb3ab9c63c;469.97;0.0117;SELL
2016-04-27T00:01:31.334548;2016-04-27T00:01:31.607722;8f8e26e4-ea13-4d8f-ae24-d6371e24b4bf;469.97;0.0812522;SELL
2016-04-27T00:01:31.334705;2016-04-27T00:01:31.623345;17be9c49-d508-4e52-a74f-38ac15eadc98;469.97;0.01;SELL
2016-04-27T00:01:31.334860;2016-04-27T00:01:31.623345;867c02e6-28aa-47cb-aca3-f964e25f02ba;469.96;0.03125;SELL
2016-04-27T00:01:31.335031;2016-04-27T00:01:31.623345;ec9af0cf-6141-483d-9f6a-a53756d73b26;469.95;0.011352;SELL
2016-04-27T00:01:31.335186;2016-04-27T00:01:31.623345;8aad10c8-1d10-4a79-9889-7501064ee47c;469.95;0.0500222;SELL
2016-04-27T00:01:31.335346;2016-04-27T00:01:31.638969;e4be9382-1b7a-4785-a82f-96ca9e42b815;469.95;0.03125;SELL
2016-04-27T00:01:31.335500;2016-04-27T00:01:31.638969;6492b1b3-053e-45a6-af91-773cef3b55ab;469.95;0.019878;SELL
2016-04-27T00:01:31.335663;2016-04-27T00:01:31.638969;d0164faf-db9d-4d40-9190-609bc4405709;469.95;0.01;SELL
2016-04-27T00:01:31.335813;2016-04-27T00:01:31.638969;bfa06d0a-b3c8-47a9-80e3-78cc2df07bc3;469.94;0.01;SELL
2016-04-27T00:01:31.335964;2016-04-27T00:01:31.638969;6339b4fa-8a16-4a50-bba9-f6df90e31f40;469.94;0.02959;SELL
2016-04-27T00:01:31.336138;2016-04-27T00:01:31.638969;e8b2aa6b-3adb-4870-9157-bec94d0d4c98;469.94;0.0524222;SELL
2016-04-27T00:01:31.336298;2016-04-27T00:01:31.638969;53a21876-e428-4613-86ea-49b2fb3dd842;469.94;0.02049;SELL
2016-04-27T00:01:31.336460;2016-04-27T00:01:31.654595;85ad785a-f17e-4694-a19b-205b9d91eb88;469.94;0.01;SELL
2016-04-27T00:01:31.336613;2016-04-27T00:01:31.654595;41f00f80-8446-4da8-8790-e1a70bec62e3;469.93;0.03125;SELL
2016-04-27T00:01:31.336763;2016-04-27T00:01:31.654595;43ecb784-7eb7-413f-a405-c6fd174c44a0;469.93;0.0798444;SELL
2016-04-27T00:01:31.336918;2016-04-27T00:01:31.654595;46720cb7-c21f-49d4-afe7-65c84c07d61d;469.93;0.01;SELL
2016-04-27T00:01:31.337081;2016-04-27T00:01:31.670189;949bc14d-5465-4f52-8205-d5970a2ede50;469.93;0.01;SELL
2016-04-27T00:01:31.337254;2016-04-27T00:01:31.670189;9186f9a4-abd5-4420-a302-3556c534d908;469.93;0.1;SELL
2016-04-27T00:01:31.337416;2016-04-27T00:01:31.670189;766e1e94-449c-4555-b663-d383041866de;469.92;0.01;SELL
2016-04-27T00:01:31.337567;2016-04-27T00:01:31.670189;391e0284-78fa-4ed1-9543-9f9e96664947;469.91;0.01;SELL
2016-04-27T00:01:31.337715;2016-04-27T00:01:31.670189;a0e81534-8d8f-4024-a5ae-e72cd6b34446;469.91;0.01;SELL
2016-04-27T00:01:31.337863;2016-04-27T00:01:31.670189;4ed71ef4-378a-4489-9c1d-c2e2235c41db;469.91;0.0812522;SELL
2016-04-27T00:01:31.338031;2016-04-27T00:01:31.670189;a78a3d43-8d73-45fd-ad0c-2217b01a19fb;469.91;0.02125;SELL
2016-04-27T00:01:31.338206;2016-04-27T00:01:31.685845;7ccc2683-cf54-422c-b9ca-67e1655772ba;469.91;0.01;SELL
2016-04-27T00:01:31.338360;2016-04-27T00:01:31.685845;a11e80af-cb93-485b-9d97-a02fb6898fa7;469.9;0.01;SELL
2016-04-27T00:01:31.338511;2016-04-27T00:01:31.685845;0da08558-56a4-4efb-a6f6-a0d1fc43ed92;469.9;0.03125;SELL
2016-04-27T00:01:31.338674;2016-04-27T00:01:31.685845;3417ec9b-318f-43e0-b590-61ac069065c2;469.9;0.01;SELL
2016-04-27T00:01:31.338828;2016-04-27T00:01:31.685845;0903d0b2-ef71-4835-9fd6-e3e6c2c494e0;469.89;0.0125568;SELL
2016-04-27T00:01:31.338999;2016-04-27T00:01:31.685845;4813410f-a137-42cb-b9d4-a14e15fd591a;469.89;0.03125;SELL
2016-04-27T00:01:31.339152;2016-04-27T00:01:31.701475;843bb17f-c72a-418c-ad2e-db67bbe41e9e;469.89;0.0686954;SELL
2016-04-27T00:01:31.339322;2016-04-27T00:01:31.701475;1ea6718d-ba33-47b4-855c-b50a7d336218;469.89;0.01;SELL
2016-04-27T00:01:31.339474;2016-04-27T00:01:31.701475;9cc73b40-dfe4-4b16-a2d8-bf0066edce19;469.88;0.03125;SELL
2016-04-27T00:01:31.339625;2016-04-27T00:01:31.701475;64b9544a-2e37-483c-8204-f343c72eda91;469.88;0.0812522;SELL
2016-04-27T00:01:31.339774;2016-04-27T00:01:31.701475;ee758908-6c9e-42e5-94d7-998ccd02c644;469.88;0.01;SELL
2016-04-27T00:01:31.339925;2016-04-27T00:01:31.717096;c26dceda-1f43-4d9a-86fb-bc34fb3720b8;469.88;0.106;SELL
2016-04-27T00:01:31.340108;2016-04-27T00:01:31.717096;88b910d3-28b9-41e8-98ea-96d9ff7ebd73;469.88;0.42;SELL
2016-04-27T00:01:31.340266;2016-04-27T00:01:31.717096;3e2a1959-b542-4d6d-98a8-d797e28599bb;469.87;0.0812522;SELL
2016-04-27T00:01:31.340418;2016-04-27T00:01:31.732720;6cc65dbf-ad5e-4f4a-8921-c2dffd306f28;469.87;0.03125;SELL
2016-04-27T00:01:31.340568;2016-04-27T00:01:31.732720;38ed687f-3e50-493e-916d-7093deab1769;469.87;0.01;SELL
2016-04-27T00:01:31.340729;2016-04-27T00:01:31.732720;38d501f0-0062-4e22-b3ad-b2500566d3e5;469.87;0.79;SELL
2016-04-27T00:01:31.340882;2016-04-27T00:01:31.732720;4cccc727-f882-4c71-b4a5-7d8a9a5e8c73;469.86;0.0281474;SELL
2016-04-27T00:01:31.341054;2016-04-27T00:01:31.732720;fabfbd47-18e3-4089-af86-a23a2850c8c7;469.86;0.01;SELL
2016-04-27T00:01:31.341196;2016-04-27T00:01:31.732720;ca3b1cad-a54b-4370-be44-9f6fa1aef4d7;469.86;0.0531048;SELL
2016-04-27T00:01:31.341350;2016-04-27T00:01:31.748344;5226dd63-9a43-46dc-9040-ebb371fb9333;469.86;0.03;SELL
2016-04-27T00:01:31.341511;2016-04-27T00:01:31.748344;b9321054-a489-4582-a7b4-8646770f74db;469.86;0.77;SELL
2016-04-27T00:01:31.341665;2016-04-27T00:01:31.748344;9111550e-5797-4714-9ca9-c4e288532c96;469.85;0.0812522;SELL
2016-04-27T00:01:31.341814;2016-04-27T00:01:31.748344;c2cc5b82-1653-491d-ad04-4f891007fc3d;469.85;0.03125;SELL
2016-04-27T00:01:31.341988;2016-04-27T00:01:31.748344;1dc7207a-4faa-4a90-9137-c4602b08be1a;469.85;0.01;SELL
2016-04-27T00:01:31.342149;2016-04-27T00:01:31.763967;71d9d371-1e81-4952-a434-d5152ac3c55a;469.85;0.77;SELL
2016-04-27T00:01:31.342309;2016-04-27T00:01:31.763967;c3aca761-b9dc-40b0-95d7-834adbf7f321;469.84;0.0812522;SELL
2016-04-27T00:01:31.342462;2016-04-27T00:01:31.763967;4616a287-09d3-4a0c-be0b-f6cd5b3a72ce;469.84;0.03125;SELL
2016-04-27T00:01:31.342612;2016-04-27T00:01:31.763967;3780260a-3b7c-4bb0-ab7f-a44619cef43e;469.84;0.05544441;SELL
2016-04-27T00:01:31.342764;2016-04-27T00:01:31.763967;207b3a5a-9cc8-46c5-8d13-608179b7eeae;469.84;0.01;SELL
2016-04-27T00:01:31.342932;2016-04-27T00:01:31.763967;24f97653-59a9-4325-8a7c-481b8965f7b9;469.84;0.59;SELL
2016-04-27T00:01:31.343093;2016-04-27T00:01:31.779594;2fbe7c6b-bc92-46a6-9c82-5d07bcc96b58;469.83;0.010196;SELL
2016-04-27T00:01:31.343236;2016-04-27T00:01:31.779594;f3b313e5-c3c8-4735-b1ec-a3cfb6a83ab9;469.83;0.011054;SELL
2016-04-27T00:01:31.343389;2016-04-27T00:01:31.779594;6907e304-b919-4647-853b-726765e77a2f;469.83;0.01;SELL
2016-04-27T00:01:31.343541;2016-04-27T00:01:31.779594;f8c2e013-d91a-4d62-845e-2acd35598dbd;469.83;0.0812522;SELL
2016-04-27T00:01:31.343691;2016-04-27T00:01:31.779594;dd61c1d3-1de4-4e7a-8372-69abe4b254a6;469.83;0.05546687;SELL
2016-04-27T00:01:31.343848;2016-04-27T00:01:31.795219;2bfc12ee-6285-49e8-b287-d08e820de334;469.83;0.01;SELL
2016-04-27T00:01:31.344009;2016-04-27T00:01:31.795219;3ec3a1a3-d9c2-4826-9717-45f4605aa207;469.83;0.35;SELL
2016-04-27T00:01:31.344168;2016-04-27T00:01:31.795219;c800728c-178e-4a3a-ab08-f1f9f7cfad4c;469.83;0.11;SELL
2016-04-27T00:01:31.344328;2016-04-27T00:01:31.795219;39c89f61-7001-4ba6-a05f-d2a1719ddbfd;469.82;0.05491;SELL
2016-04-27T00:01:31.344478;2016-04-27T00:01:31.795219;074b7590-dc8d-4738-976b-1d7c3ebb4ccd;469.82;0.0263422;SELL
2016-04-27T00:01:31.344630;2016-04-27T00:01:31.810843;0485d2ea-75f5-4fbc-adb7-c72f5af3c477;469.82;0.01;SELL
2016-04-27T00:01:31.344790;2016-04-27T00:01:31.810843;35ebba44-184d-461d-8582-23bacf604e87;469.82;0.01;SELL
2016-04-27T00:01:31.344941;2016-04-27T00:01:31.810843;25493fe0-a3bc-46a4-aae0-f0708c756bb1;469.82;0.01;SELL
2016-04-27T00:01:31.345112;2016-04-27T00:01:31.810843;d9cd6251-6105-401e-921f-8ce79a318e0c;469.82;0.37;SELL
2016-04-27T00:01:31.345257;2016-04-27T00:01:31.810843;9d63e5e3-c0ab-4aaa-9537-451e77a1174c;469.81;0.0812522;SELL
2016-04-27T00:01:31.345407;2016-04-27T00:01:31.826469;d67ecf3a-7724-4759-b93b-7da931eb4a12;469.81;0.01;SELL
2016-04-27T00:01:31.345570;2016-04-27T00:01:31.826469;51d682a8-a67f-44bd-aac4-d4570bead9ab;469.81;0.39;SELL
2016-04-27T00:01:31.345729;2016-04-27T00:01:31.826469;9462c8ff-0c43-4f84-ad06-89da755570d4;469.8;0.0812522;SELL
2016-04-27T00:01:31.345880;2016-04-27T00:01:31.826469;18372eea-6504-46da-ac74-cc7f5519aa6a;469.8;0.03125;SELL
2016-04-27T00:01:31.346041;2016-04-27T00:01:31.826469;2163b28c-6239-40b0-9ae0-58a33a4c3e43;469.8;0.01;SELL
2016-04-27T00:01:31.346186;2016-04-27T00:01:31.842095;22ad0a74-6b96-4d36-b8d6-ddb6765c2135;469.8;0.01;SELL
2016-04-27T00:01:31.346340;2016-04-27T00:01:31.842095;3f019ffb-ba1c-46e3-b9a1-64b250134832;469.8;0.43;SELL
2016-04-27T00:01:31.346496;2016-04-27T00:01:31.842095;3b8766f5-4de9-460e-bc73-894f8abd1886;469.79;0.0812522;SELL
2016-04-27T00:01:31.346651;2016-04-27T00:01:31.842095;b4dbb393-a63f-4fd2-986d-cfb546c17f17;469.79;0.03125;SELL
2016-04-27T00:01:31.346804;2016-04-27T00:01:31.857717;4a8756c7-f9a3-446b-a634-b236fd399901;469.79;0.01;SELL
2016-04-27T00:01:31.346952;2016-04-27T00:01:31.857717;72135ac4-27f8-4792-aa7d-a83bc575b869;469.79;0.01;SELL
2016-04-27T00:01:31.347123;2016-04-27T00:01:31.857717;b59c22d3-4068-4369-b9d0-882f609d438e;469.79;0.46;SELL
2016-04-27T00:01:31.347268;2016-04-27T00:01:31.857717;6d471ec2-412a-498b-878a-7decd0feb214;469.78;0.03125;SELL
2016-04-27T00:01:31.347422;2016-04-27T00:01:31.873347;212b533c-55db-4734-b206-711304d3607b;469.78;0.0812522;SELL
2016-04-27T00:01:31.347576;2016-04-27T00:01:31.888970;b77833ba-6abd-4f74-8185-c34210b7974a;469.78;0.01;SELL
2016-04-27T00:01:31.347727;2016-04-27T00:01:31.888970;115ef0d4-af5b-475f-a294-44018eb968d8;469.78;0.128;SELL
2016-04-27T00:01:31.347884;2016-04-27T00:01:31.888970;982c1b47-45de-481c-8d4a-b9680466ce67;469.78;0.66;SELL
2016-04-27T00:01:31.348044;2016-04-27T00:01:31.888970;f0dae540-2365-4e39-a2cc-ce849b30d5e5;469.77;0.03125;SELL
2016-04-27T00:01:31.348192;2016-04-27T00:01:31.888970;de9e1cba-5d8d-4d8f-896b-9ec8b4aa8b6c;469.77;0.0198402;SELL
2016-04-27T00:01:31.348334;2016-04-27T00:01:31.904596;c956e5ec-41b5-416d-be78-dd304a51f3e8;469.77;0.061412;SELL
2016-04-27T00:01:31.348481;2016-04-27T00:01:31.904596;13523b56-70c3-4462-8c49-b0c2c37a2bf7;469.77;0.00599792;SELL
2016-04-27T00:02:31.472315;2016-04-27T00:02:31.514004;b4653bef-f1ff-44f8-a749-d0bf7831cb24;469.85;0.01;BUY
2016-04-27T00:02:31.472530;2016-04-27T00:02:31.529633;26e18049-b61b-4d01-8691-9d04eac3fcf4;469.87;0.0198402;BUY
2016-04-27T00:02:31.472710;2016-04-27T00:02:31.529633;6ca1d41f-61b7-445e-920c-2f1174430447;469.87;0.03125;BUY
2016-04-27T00:02:31.472871;2016-04-27T00:02:31.545255;9ddb38d2-b7fc-4e49-951e-8bd79fda2783;469.87;0.061412;BUY
2016-04-27T00:02:31.473034;2016-04-27T00:02:31.545255;e1b6a05c-908c-489e-9d17-d3e512184980;469.88;0.03125;BUY
2016-04-27T00:02:31.473207;2016-04-27T00:02:31.607754;a817bc3b-d067-441b-a2e1-52708d5d80f9;469.88;0.0812522;BUY
2016-04-27T00:02:31.473362;2016-04-27T00:02:31.623376;29106f56-1a8e-4ce5-a606-1dc9fe4b1bc5;469.89;0.03125;BUY
2016-04-27T00:02:31.473518;2016-04-27T00:02:31.623376;6f01d4ad-cbac-4898-8520-d80663a057eb;469.89;0.0812522;BUY
2016-04-27T00:02:31.473665;2016-04-27T00:02:31.623376;d68cd689-b8d6-4cc3-ac33-1e5aaa9dd494;469.9;0.0812522;BUY
2016-04-27T00:02:31.473818;2016-04-27T00:02:31.623376;bd175a8a-2de5-4540-9a40-d88f2eb029ed;469.9;0.03125;BUY
2016-04-27T00:02:31.473995;2016-04-27T00:02:31.623376;eff55fff-c645-43c5-89d7-0359c45e1130;469.91;0.0812522;BUY
2016-04-27T00:02:31.474157;2016-04-27T00:02:31.623376;a1566a40-e11b-4d5b-8260-95de5bc3b48c;469.92;0.05491;BUY
2016-04-27T00:02:31.474315;2016-04-27T00:02:31.623376;cecf9a6c-88d5-4b56-b258-e0a2ec0279ff;469.92;0.0263422;BUY
2016-04-27T00:02:31.474464;2016-04-27T00:02:31.623376;0c44a53e-0289-4ce2-9953-4849fc12ffd5;469.93;0.010196;BUY
2016-04-27T00:02:31.474613;2016-04-27T00:02:31.623376;dc9fcd2a-9550-454e-a28c-354c38e55b6f;469.93;0.01;BUY
2016-04-27T00:02:31.474765;2016-04-27T00:02:31.623376;667cb3d3-1307-45ac-a2e6-2f54310fea4d;469.93;0.011054;BUY
2016-04-27T00:02:31.474923;2016-04-27T00:02:31.623376;94cb4ad1-4171-45d5-8cc3-f541d399e003;469.93;0.0812522;BUY
2016-04-27T00:02:31.475087;2016-04-27T00:02:31.623376;18e2cf0d-3b70-4160-bc66-8fc56d29191b;469.94;0.0812522;BUY
2016-04-27T00:02:31.475253;2016-04-27T00:02:31.623376;f108b764-c030-4303-b0d8-0b3e085e00f4;469.94;0.03125;BUY
2016-04-27T00:02:31.475407;2016-04-27T00:02:31.623376;05915282-3054-42bc-ad7e-7015bfb436b8;469.95;0.0812522;BUY
2016-04-27T00:02:31.475565;2016-04-27T00:02:31.623376;23fb5ccd-071d-4465-bb61-5d522e180635;469.95;0.03125;BUY
2016-04-27T00:02:31.475715;2016-04-27T00:02:31.623376;e6f2b905-3231-416d-a908-241733103d04;469.96;0.0281474;BUY
2016-04-27T00:02:31.475872;2016-04-27T00:02:31.623376;fe2f6f66-f30d-461d-971a-e302358759ec;469.96;0.0531048;BUY
2016-04-27T00:02:31.476034;2016-04-27T00:02:31.623376;699496b1-d188-4b63-96f7-ccbd9193bd5d;469.97;0.0812522;BUY
2016-04-27T00:02:31.476203;2016-04-27T00:02:31.623376;a31f65e9-5dfb-451c-9827-8791fff19456;469.97;0.03125;BUY
2016-04-27T00:02:31.476353;2016-04-27T00:02:31.639001;7c83f041-0418-4441-b8ed-a3d366a49d8b;469.98;0.03125;BUY
2016-04-27T00:02:31.476510;2016-04-27T00:02:31.639001;c16734c1-acec-4d11-98aa-2fdb8a77266e;469.98;0.0812522;BUY
2016-04-27T00:02:31.476662;2016-04-27T00:02:31.639001;8c8b8d86-a0aa-4dd3-b252-fa7a9a8ba0e0;469.99;0.03125;BUY
2016-04-27T00:02:31.476810;2016-04-27T00:02:31.639001;386cb79e-fba9-49bb-b0be-23db00419fda;469.99;0.0686954;BUY
2016-04-27T00:02:31.476970;2016-04-27T00:02:31.639001;26e4944e-3ea7-4551-b8e4-660ce3d13c6e;469.99;0.0125568;BUY
2016-04-27T00:02:31.477142;2016-04-27T00:02:31.639001;4a4c16f1-10f5-4b0a-80d4-7938841b46ac;470.0;0.03125;BUY
2016-04-27T00:02:31.477294;2016-04-27T00:02:31.654625;3d0cb332-bd04-4f8e-8c23-059302f62145;470.01;0.0812522;BUY
2016-04-27T00:02:31.477443;2016-04-27T00:02:31.701500;201b6377-c657-4b05-9a2a-a807d9657005;470.01;0.01;BUY
2016-04-27T00:02:31.477597;2016-04-27T00:02:31.701500;ed9a076b-54fe-421a-a50a-c8c96824fe08;470.01;0.02125;BUY
2016-04-27T00:02:31.477746;2016-04-27T00:02:31.701500;6b7b7c32-8dd4-4628-afc6-3c744d4c6e80;470.03;0.03125;BUY
2016-04-27T00:02:31.477906;2016-04-27T00:02:31.701500;278400a9-efd8-4c8e-b743-7f7ece0dab0e;470.03;0.0798444;BUY
2016-04-27T00:02:31.478069;2016-04-27T00:02:31.701500;ffa18a89-3f68-4504-9fd5-40096e27b0a9;470.04;0.01;BUY
2016-04-27T00:02:31.478220;2016-04-27T00:02:31.701500;87565be1-4448-48a3-b5a4-5418003a5b6d;470.04;0.02959;BUY
2016-04-27T00:02:31.478378;2016-04-27T00:02:31.701500;937163d1-15dd-4c62-a2eb-7c46e2b79c46;470.04;0.02049;BUY
2016-04-27T00:02:31.478531;2016-04-27T00:02:31.701500;2edce942-ba39-41ec-9edd-dbdd34c5a499;470.04;0.0524222;BUY
2016-04-27T00:02:31.478689;2016-04-27T00:02:31.717126;a077adb6-61b9-4bb3-9ccb-ea4fbd241426;470.04;0.01;BUY
2016-04-27T00:02:31.478841;2016-04-27T00:02:31.717126;6f17df6d-ce51-43af-9ce3-bae77a634f10;470.05;0.0500222;BUY
2016-04-27T00:02:31.479005;2016-04-27T00:02:31.717126;37dbbeee-30d7-4d9c-a8aa-4d6a58af6d38;470.05;0.011352;BUY
2016-04-27T00:02:31.479148;2016-04-27T00:02:31.717126;57013dde-2093-4d6d-9882-01843c8738a4;470.05;0.03125;BUY
2016-04-27T00:02:31.479310;2016-04-27T00:02:31.717126;97882c7d-0177-475c-a69e-ef3e91bf3332;470.05;0.019878;BUY
2016-04-27T00:02:31.479473;2016-04-27T00:02:31.717126;aa1c3924-7a34-461d-ac08-a7683a29f55b;470.06;0.03125;BUY
2016-04-27T00:02:31.479620;2016-04-27T00:02:31.717126;f3d5554f-7028-4a67-86f2-18667afee7c7;470.07;0.0812522;BUY
2016-04-27T00:02:31.479770;2016-04-27T00:02:31.717126;7a69cf70-6deb-4f5b-8414-6b9b03aa6da4;470.07;0.0117;BUY
2016-04-27T00:02:31.479932;2016-04-27T00:02:31.717126;585a151c-540b-4311-a491-8caac50210aa;470.07;0.01;BUY
2016-04-27T00:02:31.480096;2016-04-27T00:02:31.717126;2a4b3290-8849-446e-89d1-488f16ba7475;470.08;0.03125;BUY
2016-04-27T00:02:31.480242;2016-04-27T00:02:31.732755;19cc3cdf-05f5-47ee-960e-d8ef9fe0ff5a;470.09;0.0650246;BUY
2016-04-27T00:02:31.480396;2016-04-27T00:02:31.732755;8f1ed86f-e814-4a31-a132-dbc25fff1daa;470.09;0.03125;BUY
2016-04-27T00:02:31.480553;2016-04-27T00:02:31.748375;181336bc-f5ca-4382-bd74-a1e7a8c37c6c;470.09;0.0162276;BUY
2016-04-27T00:02:31.480705;2016-04-27T00:02:31.748375;79f08d2a-beb6-4b46-a26a-48b7ae24e0fc;470.1;0.01335;BUY
2016-04-27T00:02:31.480858;2016-04-27T00:02:31.748375;8e60685e-dec0-4bdd-9805-2cc6a2f8502c;470.1;0.0179;BUY
2016-04-27T00:02:31.481036;2016-04-27T00:02:31.748375;8ca82c80-2aab-4b17-be6c-9a5612902d04;470.1;0.0812522;BUY
2016-04-27T00:02:31.481180;2016-04-27T00:02:31.764002;f705930d-bf11-43f5-8e09-6bba2076bcb9;470.11;0.0129334;BUY
2016-04-27T00:02:31.481341;2016-04-27T00:02:31.764002;0ec6fdd7-f947-4e5e-8ec6-7e9ee807a1eb;470.11;0.0195688;BUY
2016-04-27T00:02:31.481489;2016-04-27T00:02:31.795249;b8d152e3-4e01-4056-9ba0-2676edd27b67;470.11;0.012363;BUY
2016-04-27T00:02:31.481641;2016-04-27T00:02:31.795249;7add846c-ebd8-4ee5-b701-1a9a9d0ddcb8;470.11;0.03796821;BUY
2016-04-27T00:02:31.481791;2016-04-27T00:02:31.795249;ee8687e3-ae61-4df3-82f8-8372fd540cdb;470.11;0.02966879;BUY
2016-04-27T00:02:31.481984;2016-04-27T00:02:31.795249;7dbc85be-5e77-4d0a-976b-a1c26b778228;470.11;0.17;BUY
2016-04-27T00:02:31.482131;2016-04-27T00:02:31.795249;cb5dc72c-f5dc-4688-a758-d9b5e16b53f6;470.12;0.011113;BUY
2016-04-27T00:02:31.482274;2016-04-27T00:02:31.795249;a710cdff-fd43-4277-8411-dc42a26eb3ba;470.12;0.0812522;BUY
2016-04-27T00:02:31.482436;2016-04-27T00:02:31.795249;e2282b80-5752-4f46-8f3c-c706991b5f61;470.12;0.39;BUY
2016-04-27T00:02:31.482590;2016-04-27T00:02:31.795249;fdc3e4a3-0a11-4302-944a-a694ab26e930;470.13;0.0105522;BUY
2016-04-27T00:02:31.482741;2016-04-27T00:02:31.810876;fee31e94-17c4-4a49-836e-cb38fd0892ad;470.13;0.0462318;BUY
2016-04-27T00:02:31.482891;2016-04-27T00:02:31.810876;0c72c65d-612e-4d19-a4d0-3c6fcf2bea6b;470.13;0.01;BUY
2016-04-27T00:02:31.483065;2016-04-27T00:02:31.810876;7c62046b-1027-412b-86cc-2b904d69eec6;470.13;0.4;BUY
2016-04-27T00:02:31.483206;2016-04-27T00:02:31.810876;25785992-2b74-4fc8-adc4-47d5ab6ba3b2;470.14;0.01125;BUY
2016-04-27T00:02:31.483346;2016-04-27T00:02:31.810876;6da47ef4-1eae-4a72-ae27-8d452d04ad9d;470.14;0.02;BUY
2016-04-27T00:02:31.483505;2016-04-27T00:02:31.810876;fa700ae7-e184-4c12-b9dd-c07092effe42;470.14;0.01;BUY
2016-04-27T00:02:31.483652;2016-04-27T00:02:31.810876;2da9fc04-803f-4d44-af3a-cd548caf3dad;470.14;0.0712522;BUY
2016-04-27T00:02:31.483809;2016-04-27T00:02:31.810876;4be0dfc0-aa86-43ae-b620-52d2d7145a22;470.14;0.43;BUY
2016-04-27T00:02:31.483957;2016-04-27T00:02:31.826501;5c98c22d-4f9a-4364-bdf9-d9fc200060c0;470.15;0.03125;BUY
2016-04-27T00:02:31.484114;2016-04-27T00:02:31.826501;9637a669-a330-4a9c-aa86-088b01ded011;470.15;0.0812522;BUY
2016-04-27T00:02:31.484264;2016-04-27T00:02:31.826501;0ec49b14-a280-4eb3-8bba-b2520b7e10cc;470.15;0.4;BUY
2016-04-27T00:02:31.484413;2016-04-27T00:02:31.826501;50d5b80c-1b11-4389-8c03-57ce5fe15813;470.16;0.0812522;BUY
2016-04-27T00:02:31.484569;2016-04-27T00:02:31.826501;5f3bb7b1-69a8-45ce-ac38-56d71fa7780f;470.16;0.03125;BUY
2016-04-27T00:02:31.484728;2016-04-27T00:02:31.842126;6daa48c6-9298-47cb-9000-ec4ba764bc70;470.16;0.23;BUY
2016-04-27T00:02:31.484876;2016-04-27T00:02:31.842126;052a0a1b-3a7f-49a1-9032-bf6be9a48545;470.17;0.024709;BUY
2016-04-27T00:02:31.485034;2016-04-27T00:02:31.842126;f439375e-f972-48f3-a269-86616e145d70;470.17;0.0877932;BUY
2016-04-27T00:02:31.485187;2016-04-27T00:02:31.842126;8fe5026e-e133-4bcb-a3f0-edf80ac96e31;470.17;0.58;BUY
2016-04-27T00:02:31.485333;2016-04-27T00:02:31.842126;1250bd9a-b98c-4bc9-b433-a72648974357;470.18;0.017;BUY
2016-04-27T00:02:31.485484;2016-04-27T00:02:31.857749;f5a7000d-e0a7-4aa5-900b-e074a992c0c5;470.18;0.01425;BUY
2016-04-27T00:02:31.485636;2016-04-27T00:02:31.857749;06c8fc68-59fd-4264-9258-31033a30519c;470.18;0.0155822;BUY
2016-04-27T00:02:31.485781;2016-04-27T00:02:31.857749;b21aa5cb-37e5-4045-82c3-9389874f8b93;470.18;0.06567;BUY
2016-04-27T00:02:31.485926;2016-04-27T00:02:31.857749;5ef768d7-62aa-4d8a-962a-27e3737f5cde;470.18;0.02;BUY
2016-04-27T00:02:31.486075;2016-04-27T00:02:31.904625;baa8e1cd-ba6e-4eaf-852c-5f5281edde9a;470.18;0.3110214;BUY
2016-04-27T00:02:51.611040;2016-04-27T00:02:51.654635;3a739cc9-90fe-417d-8801-f9857a151496;470.15;0.01;BUY
2016-04-27T00:03:01.484886;2016-04-27T00:03:01.514014;9b9999d7-1dcf-47da-97ad-4969853104ec;470.15;0.01;BUY
2016-04-27T00:03:01.485142;2016-04-27T00:03:01.529641;ca3f4c3e-78ac-490c-8ba7-6a2e10732f80;470.16;0.01;BUY
2016-04-27T00:03:01.485342;2016-04-27T00:03:01.529641;5d658d95-6a1e-4b95-abe0-ee2a5999678f;470.17;0.01;BUY
2016-04-27T00:03:01.485496;2016-04-27T00:03:01.529641;a80a1056-378e-4510-9a75-e026d2639fe9;470.19;0.01848;BUY
2016-04-27T00:03:01.485659;2016-04-27T00:03:01.529641;86dc6825-81f2-4148-aa57-3b31b5badfde;470.19;0.05523;BUY
2016-04-27T00:03:01.485799;2016-04-27T00:03:01.607767;43c1d9ad-00ac-498d-bf37-016911e78551;470.19;0.00937;BUY
2016-04-27T00:03:03.332917;2016-04-27T00:03:03.389022;064f6ca2-9724-4313-8988-63bbd011cf97;470.19;0.01;BUY
2016-04-27T00:03:27.800731;2016-04-27T00:03:27.842161;dd19d38d-0b8b-4cb0-81d3-a2d1e7c11450;470.1;0.0632888;SELL
2016-04-27T00:03:27.800950;2016-04-27T00:03:27.857779;0a2465a0-827f-45da-8661-8ff6cfcf9604;470.1;0.104;SELL
2016-04-27T00:03:27.801384;2016-04-27T00:03:27.857779;e1fc5528-a4b8-4467-b047-1e84f6f568aa;470.09;0.01848;SELL
2016-04-27T00:03:27.801548;2016-04-27T00:03:27.857779;5eb67f15-4c86-4909-a33f-82145a2dfed4;470.09;0.05523;SELL
2016-04-27T00:03:27.801718;2016-04-27T00:03:27.873406;57575c44-c964-4451-9c23-84de9a7139d1;470.09;0.01937;SELL
2016-04-27T00:03:27.801877;2016-04-27T00:03:27.951529;596057d3-04c6-493d-8946-d220836dd9e2;470.08;0.01;SELL
2016-04-27T00:03:27.802057;2016-04-27T00:03:27.951529;b90d4095-bcdc-4bc2-9a0c-dba19d731845;470.08;0.0155822;SELL
2016-04-27T00:03:27.802380;2016-04-27T00:03:27.951529;323c4447-0c85-4c84-ae20-60344494ce1f;470.08;0.017;SELL
2016-04-27T00:03:27.802545;2016-04-27T00:03:27.951529;2406d471-e0f0-436a-8de6-dfd7bc60b468;470.08;0.01425;SELL
2016-04-27T00:03:27.802723;2016-04-27T00:03:27.951529;0e07314f-c5f2-4599-a336-9f29826a31b2;470.08;0.06567;SELL
2016-04-27T00:03:27.802884;2016-04-27T00:03:27.951529;8605f656-8220-4fd4-b801-2a820cff00f2;470.07;0.01;SELL
2016-04-27T00:03:27.803053;2016-04-27T00:03:27.951529;11f9b66a-28da-4e9e-9c83-880aa57c2d6c;470.07;0.0877932;SELL
2016-04-27T00:03:27.803478;2016-04-27T00:03:27.951529;fc98851a-0df5-48c3-8733-88f85560c5de;470.07;0.024709;SELL
2016-04-27T00:03:27.803649;2016-04-27T00:03:27.951529;df341fb1-363e-483e-b9d2-ced46e8e7b07;470.06;0.0812522;SELL
2016-04-27T00:03:27.803948;2016-04-27T00:03:27.951529;9455f069-a710-4293-8a26-276d9ca44f6e;470.06;0.03125;SELL
2016-04-27T00:03:27.804166;2016-04-27T00:03:27.951529;0d12f193-d1c8-4fd3-84a3-3dbf0cbfb717;470.06;0.01;SELL
2016-04-27T00:03:27.804333;2016-04-27T00:03:27.951529;706ed8db-7ab5-4824-8544-eb91006b502e;470.05;0.03125;SELL
2016-04-27T00:03:27.804495;2016-04-27T00:03:27.951529;17752508-65ba-4566-b623-61cac2fd6ffc;470.05;0.0812522;SELL
2016-04-27T00:03:27.804665;2016-04-27T00:03:27.951529;c6d77828-8e2e-4cc8-ae80-0019b26f2713;470.05;0.01;SELL
2016-04-27T00:03:27.804953;2016-04-27T00:03:27.951529;344099f0-cb7a-432a-b65d-e2991576b479;470.04;0.01125;SELL
2016-04-27T00:03:27.805131;2016-04-27T00:03:27.951529;dfe5d688-e305-470e-8032-afe25073f82d;470.04;0.01;SELL
2016-04-27T00:03:27.805296;2016-04-27T00:03:27.951529;aed1395d-72c6-4132-9d08-ce6d08369e13;470.04;0.02;SELL
2016-04-27T00:03:27.805456;2016-04-27T00:03:27.951529;3305482e-548c-41b1-9922-f2e49424989b;470.04;0.0712522;SELL
2016-04-27T00:03:27.805631;2016-04-27T00:03:27.951529;c2266005-32d2-4916-8465-acf839db40e2;470.04;0.01;SELL
2016-04-27T00:03:27.806045;2016-04-27T00:03:27.951529;c80b50f9-5f8c-4f38-a1d0-5f49b4bd11a5;470.03;0.0105522;SELL
2016-04-27T00:03:27.806228;2016-04-27T00:03:27.967155;bf5358a0-0629-4943-900f-6df0f9feecd8;470.03;0.0462318;SELL
2016-04-27T00:03:27.806520;2016-04-27T00:03:27.967155;c785e66a-1048-4e29-b0bb-3d0946797d83;470.03;0.01;SELL
2016-04-27T00:03:27.806694;2016-04-27T00:03:27.967155;a67588ed-44c3-4750-996c-d10aba1fd982;470.02;0.011113;SELL
2016-04-27T00:03:27.806871;2016-04-27T00:03:28.045279;d4c2d4d1-34f4-48bb-803b-5c4f5d54841f;470.02;0.0812522;SELL
2016-04-27T00:03:27.807045;2016-04-27T00:03:28.045279;a45bb68d-a850-48d9-869f-5e4a8dfafab3;470.01;0.0129334;SELL
2016-04-27T00:03:27.807360;2016-04-27T00:03:28.045279;120c2dc5-c925-4913-a5e1-c52b71a3181a;470.01;0.012363;SELL
2016-04-27T00:03:27.807547;2016-04-27T00:03:28.045279;496ea7c8-d03e-46d7-a9b9-270879260488;470.01;0.0195688;SELL
2016-04-27T00:03:27.807716;2016-04-27T00:03:28.045279;d3bf4f2c-76b9-4aec-ad41-e085c049454c;470.0;0.0179;SELL
2016-04-27T00:03:27.808020;2016-04-27T00:03:28.045279;5d7b5220-cb7a-478c-9012-8c24659aebb3;470.0;0.01335;SELL
2016-04-27T00:03:27.808191;2016-04-27T00:03:28.045279;8c456c55-a702-40a7-9896-779243266b2b;470.0;0.0812522;SELL
2016-04-27T00:03:27.808361;2016-04-27T00:03:28.045279;3442d29f-30a0-41e9-80c7-415451ba0d91;469.99;0.0650246;SELL
2016-04-27T00:03:27.808528;2016-04-27T00:03:28.045279;1d250867-ae7c-4915-b6e2-adb1e37bd5c8;469.99;0.03125;SELL
2016-04-27T00:03:27.808835;2016-04-27T00:03:28.045279;58a5a354-0293-40f8-a34d-9b0fc504b98a;469.99;0.0162276;SELL
2016-04-27T00:03:27.809034;2016-04-27T00:03:28.045279;89e234e0-f431-4670-bdbf-00488c026c46;469.98;0.03125;SELL
2016-04-27T00:03:27.809207;2016-04-27T00:03:28.045279;84aa541b-8743-4940-902e-c7f077131f30;469.98;0.01;SELL
2016-04-27T00:03:27.809542;2016-04-27T00:03:28.045279;31d5731a-c730-4922-8114-545946cd16c5;469.97;0.0812522;SELL
2016-04-27T00:03:27.809710;2016-04-27T00:03:28.045279;193bb868-6462-4ebf-b1b2-0a9de8366027;469.97;0.0117;SELL
2016-04-27T00:03:27.809874;2016-04-27T00:03:28.045279;ff1844e4-4f78-4dd3-b876-43fb6de9ad48;469.97;0.01;SELL
2016-04-27T00:03:27.810050;2016-04-27T00:03:28.045279;7b0eab4d-8d10-4a70-8a4f-bafe3943d750;469.97;0.01;SELL
2016-04-27T00:03:27.810210;2016-04-27T00:03:28.045279;17db4a5b-7fc5-4b65-9939-7cbc75e9178a;469.97;0.03;SELL
2016-04-27T00:03:27.810709;2016-04-27T00:03:28.045279;5b1aed1d-dd13-408f-9b5d-1350a719f8f5;469.97;0.01;SELL
2016-04-27T00:03:27.810887;2016-04-27T00:03:28.045279;64029406-525b-434d-918c-9bbce88e46ea;469.96;0.03125;SELL
2016-04-27T00:03:27.811221;2016-04-27T00:03:28.045279;7418bce8-dd33-4880-8196-14347739a4ee;469.95;0.011352;SELL
2016-04-27T00:03:27.811386;2016-04-27T00:03:28.060905;c5260831-3a63-4dbc-a599-524e953ba42a;469.95;0.03125;SELL
2016-04-27T00:03:27.811556;2016-04-27T00:03:28.060905;b91b11bd-c29d-48ef-88bd-65594fd9b5a9;469.95;0.019878;SELL
2016-04-27T00:03:27.811738;2016-04-27T00:03:28.060905;1a8bb9c2-840e-4181-909c-74dce576a317;469.95;0.0500222;SELL
2016-04-27T00:03:27.811901;2016-04-27T00:03:28.060905;a2055ceb-11d9-4a28-b336-874870285c49;469.94;0.01;SELL
2016-04-27T00:03:27.812376;2016-04-27T00:03:28.060905;efe34fa4-3af5-4b92-84f0-a4b16263f7b9;469.94;0.02959;SELL
2016-04-27T00:03:27.812542;2016-04-27T00:03:28.139029;75ed2eca-bdc0-40ea-97bd-779c3f04b575;469.94;0.02049;SELL
2016-04-27T00:03:27.812703;2016-04-27T00:03:28.139029;d399dc98-ada8-4557-8b0f-8d97164cfd8d;469.94;0.0524222;SELL
2016-04-27T00:03:27.812883;2016-04-27T00:03:28.139029;abd4ee76-32f6-4351-9b5d-08ca35c8fa00;469.94;0.01;SELL
2016-04-27T00:03:27.813058;2016-04-27T00:03:28.139029;94b857a0-81d1-45ab-8f53-7da2768f62d8;469.93;0.03125;SELL
2016-04-27T00:03:27.813540;2016-04-27T00:03:28.139029;979b90b2-07ca-493e-bb5a-1c1f3c68d66e;469.93;0.0798444;SELL
2016-04-27T00:03:27.813707;2016-04-27T00:03:28.139029;fcf43cef-a97a-4095-b6ec-12a0f41551ba;469.91;0.02125;SELL
2016-04-27T00:03:27.813869;2016-04-27T00:03:28.139029;3e449f8e-af12-4b88-9305-e8a01f31f568;469.91;0.01;SELL
2016-04-27T00:03:27.814042;2016-04-27T00:03:28.139029;d215a21a-6170-45c6-ab64-c1d25cbaf475;469.91;0.0812522;SELL
2016-04-27T00:03:27.814513;2016-04-27T00:03:28.139029;f8fa22be-2d2f-4b92-9389-9aaa4544f227;469.91;0.16;SELL
2016-04-27T00:03:27.814688;2016-04-27T00:03:28.139029;74c820f6-ff85-42d2-9e18-3bd3a856ff2a;469.9;0.01;SELL
2016-04-27T00:03:27.814858;2016-04-27T00:03:28.139029;7946c93b-07c4-40aa-b69d-9ac46ee925a0;469.9;0.03125;SELL
2016-04-27T00:03:27.815049;2016-04-27T00:03:28.139029;d63d6c99-f4df-4d6f-bec5-1cee3f7cf353;469.9;0.78;SELL
2016-04-27T00:03:27.815206;2016-04-27T00:03:28.139029;c43c2853-8259-4631-afec-d7b84d1c1e94;469.89;0.03125;SELL
2016-04-27T00:03:27.815608;2016-04-27T00:03:28.139029;4bada758-95b2-43c4-9729-52bfb7da31dd;469.89;0.0686954;SELL
2016-04-27T00:03:27.815775;2016-04-27T00:03:28.139029;37a3de30-09e0-4541-aa2f-87be0b12e549;469.89;0.0125568;SELL
2016-04-27T00:03:27.816056;2016-04-27T00:03:28.139029;d1425a27-29bd-4a31-b38d-edbf7da0c407;469.89;0.720296;SELL
2016-04-27T00:03:31.490773;2016-04-27T00:03:31.514031;60535610-4724-47f2-8a5c-c04860f5b84b;469.99;0.03125;BUY
2016-04-27T00:03:31.491008;2016-04-27T00:03:31.529656;9c304de7-3df6-4fd0-b3f3-2b185a058297;469.99;0.0686954;BUY
2016-04-27T00:03:31.491200;2016-04-27T00:03:31.529656;e2636c01-d95e-4b8b-ac4d-38be5fff69c6;469.99;0.0125568;BUY
2016-04-27T00:03:31.491364;2016-04-27T00:03:31.529656;f86f9342-ad8f-4393-8d12-c7e01d8c2b63;470.0;0.03125;BUY
2016-04-27T00:03:31.491507;2016-04-27T00:03:31.545281;6bc994d7-217f-4db0-8192-bc238aa610ca;470.01;0.01;BUY
2016-04-27T00:03:31.491650;2016-04-27T00:03:31.545281;7a7cfbda-af60-46bb-9b6d-2459512ea79c;470.01;0.0812522;BUY
2016-04-27T00:03:31.491815;2016-04-27T00:03:31.545281;80f0426a-18d7-402b-9ba6-3a87701517e0;470.01;0.02125;BUY
2016-04-27T00:03:31.491963;2016-04-27T00:03:31.545281;7f06d5be-1435-4da0-ad1a-c278c8a2f1a4;470.03;0.03125;BUY
2016-04-27T00:03:31.492131;2016-04-27T00:03:31.545281;01c2d36d-8770-485f-a220-9b396c84b98f;470.03;0.0798444;BUY
2016-04-27T00:03:31.492278;2016-04-27T00:03:31.560907;d6550d3f-5e4a-4ee8-88dc-0ec258fbb478;470.04;0.01;BUY
2016-04-27T00:03:31.492418;2016-04-27T00:03:31.560907;3cae2562-f6cf-40a1-b766-283a440b2c56;470.04;0.02959;BUY
2016-04-27T00:03:31.492556;2016-04-27T00:03:31.560907;b5291913-0ac6-4246-a8be-f8781b7d6f06;470.04;0.02049;BUY
2016-04-27T00:03:31.492706;2016-04-27T00:03:31.560907;77456f72-ddb2-405f-842e-e4fa40f162f7;470.04;0.0524222;BUY
2016-04-27T00:03:31.492860;2016-04-27T00:03:31.576533;c02dd1d6-5b72-49cc-b04a-03385120bbda;470.05;0.011352;BUY
2016-04-27T00:03:31.493027;2016-04-27T00:03:31.576533;64c390c2-b04e-459d-ae47-8638bed35725;470.05;0.03125;BUY
2016-04-27T00:03:31.493177;2016-04-27T00:03:31.576533;da5b362c-599c-4a88-9636-ce60af27534f;470.05;0.019878;BUY
2016-04-27T00:03:31.493346;2016-04-27T00:03:31.576533;edd83fed-d0a1-45ce-8a86-2f587ea15667;470.05;0.0500222;BUY
2016-04-27T00:03:31.493494;2016-04-27T00:03:31.623405;38efc01f-78db-4943-9776-332fd0d17ac7;470.06;0.03125;BUY
2016-04-27T00:03:31.493636;2016-04-27T00:03:31.623405;62b34b2a-a7a4-4c98-ade9-b169a8105a25;470.07;0.0812522;BUY
2016-04-27T00:03:31.493782;2016-04-27T00:03:31.623405;4d3efd88-8058-4644-9c17-6301bb00ed77;470.07;0.0117;BUY
2016-04-27T00:03:31.493935;2016-04-27T00:03:31.623405;1aab53a6-5fa9-4eac-84f8-92803f21cd28;470.07;0.0026946;BUY
2016-04-27T00:03:35.031899;2016-04-27T00:03:35.060909;2df36ce5-d0d6-4e02-a8b2-7c79b6189cfd;469.97;0.02;SELL
2016-04-27T00:04:00.139854;2016-04-27T00:04:00.170295;652b9ed9-a8d7-4777-93fe-facb30a115c1;470.05;0.01;BUY
2016-04-27T00:04:00.140054;2016-04-27T00:04:00.170295;7117e628-a08d-48ac-91a3-f8a7e28a844d;470.06;0.01;BUY
2016-04-27T00:04:00.140230;2016-04-27T00:04:00.170295;0ae9fd59-e486-4a3c-94fd-97da4f43ca40;470.07;0.0073054;BUY
2016-04-27T00:04:00.140389;2016-04-27T00:04:00.185920;1903dcc2-3f5c-4a0d-8d9b-1d70591ba2ce;470.07;0.02;BUY
2016-04-27T00:04:00.140534;2016-04-27T00:04:00.185920;2593b5ed-051e-485c-9770-5976a47f3852;470.08;0.0026946;BUY
2016-04-27T00:04:03.231940;2016-04-27T00:04:03.264047;fcca61d8-5de5-4ed0-9882-4fbb27d27485;470.08;0.0285554;BUY
2016-04-27T00:04:03.232123;2016-04-27T00:04:03.279672;31fae8bb-c71e-4b2f-9ae1-bbdbd7b3d3c9;470.09;0.0650246;BUY
2016-04-27T00:04:03.232274;2016-04-27T00:04:03.279672;1ee941a2-d64b-4226-8933-18bcfea4e4e8;470.09;0.03125;BUY
2016-04-27T00:04:03.232442;2016-04-27T00:04:03.279672;6a2e4d65-8c90-4f4f-8ee0-eee1b001c7fd;470.09;0.0162276;BUY
2016-04-27T00:04:03.232588;2016-04-27T00:04:03.279672;87c34968-14f8-4ef1-95c3-ef3a1b995b29;470.1;0.0179;BUY
2016-04-27T00:04:03.232727;2016-04-27T00:04:03.295297;70dbc8f1-15cc-44aa-b914-875e1233a8df;470.1;0.01335;BUY
2016-04-27T00:04:03.232882;2016-04-27T00:04:03.295297;78c7c6e7-2ea8-45af-a785-d41b6b081d8c;470.1;0.0812522;BUY
2016-04-27T00:04:03.233040;2016-04-27T00:04:03.295297;a57e5b48-07c3-44aa-93a1-a5a72ac8e2f7;470.11;0.0129334;BUY
2016-04-27T00:04:03.233186;2016-04-27T00:04:03.295297;83eb85c6-77c2-4ae3-8b1a-686fff9a3af5;470.11;0.012363;BUY
2016-04-27T00:04:03.233335;2016-04-27T00:04:03.310923;67d06339-722e-4932-b737-f96119d5fe7e;470.11;0.0133938;BUY
2016-04-27T00:04:31.279938;2016-04-27T00:04:31.295285;57f66613-90e8-40b3-863b-6a68b8c8f1e3;470.11;0.006175;BUY
2016-04-27T00:04:31.280196;2016-04-27T00:04:31.310940;25f339fb-5066-477a-ac7d-db3851d062cb;470.12;0.050435;BUY
2016-04-27T00:04:34.796136;2016-04-27T00:04:34.810937;6ad3e46e-4591-4969-91c9-924d3090d7e1;470.12;0.0308172;BUY
2016-04-27T00:04:34.796411;2016-04-27T00:04:34.826563;274c8582-a131-47ac-bb6e-c9b162d80b05;470.12;0.011113;BUY
2016-04-27T00:04:34.796639;2016-04-27T00:04:34.826563;b2e436c7-071c-4fe0-9380-aaf060004db6;470.13;0.0105522;BUY
2016-04-27T00:04:34.796838;2016-04-27T00:04:34.873437;c1a2f9df-f1c2-44b1-b16f-8d4e488a829b;470.13;0.0462318;BUY
2016-04-27T00:04:34.797050;2016-04-27T00:04:34.889064;b242894a-147b-4644-9079-455aadb5d5d5;470.14;0.0012858;BUY
2016-04-27T00:05:01.631639;2016-04-27T00:05:01.654705;2cbf1aea-86bd-47e4-8133-8146cf418e8f;470.14;0.0087142;BUY
2016-04-27T00:05:01.631821;2016-04-27T00:05:01.670327;80eefbe2-1c0b-45cd-8c44-560bfe590f22;470.14;0.02;BUY
2016-04-27T00:05:01.631986;2016-04-27T00:05:01.670327;9bfe80be-9e82-46f8-91b7-4cd1d4a21d95;470.14;0.0712522;BUY
2016-04-27T00:05:01.632149;2016-04-27T00:05:01.670327;9675cc12-e570-4604-b506-18730d015201;470.14;0.01125;BUY
2016-04-27T00:05:01.632305;2016-04-27T00:05:01.670327;09f6e612-67d7-4bcb-a478-e11d3ea8644f;470.15;0.03125;BUY
2016-04-27T00:05:01.632449;2016-04-27T00:05:01.685952;c630e2fb-870e-4c6d-84ec-26f35afb9aad;470.15;0.0812522;BUY
2016-04-27T00:05:01.632597;2016-04-27T00:05:01.764042;069a1333-4f34-493e-9d43-2e92d1349dd8;470.15;0.01;BUY
2016-04-27T00:05:01.632754;2016-04-27T00:05:01.764042;728838f8-5051-4807-992e-334f2430b474;470.16;0.03125;BUY
2016-04-27T00:05:01.632914;2016-04-27T00:05:01.764042;f94d13c2-73f4-4a01-b58f-2fc2559487c7;470.16;0.0812522;BUY
2016-04-27T00:05:01.633075;2016-04-27T00:05:01.764042;91fcb31b-7fd8-4347-acc9-7c8ca4a06fbb;470.17;0.0877932;BUY
2016-04-27T00:05:01.633233;2016-04-27T00:05:01.764042;d443aa8c-9237-43c3-b11f-547fa542a075;470.17;0.024709;BUY
2016-04-27T00:05:01.633374;2016-04-27T00:05:01.764042;351d4f13-f69e-4630-afca-ba06349c9a45;470.18;0.0155822;BUY
2016-04-27T00:05:01.633518;2016-04-27T00:05:01.764042;46baa012-bb3f-4b1d-a619-78ff22145266;470.18;0.017;BUY
2016-04-27T00:05:01.633658;2016-04-27T00:05:01.764042;0f1011e1-4c40-45f1-9a52-5d0b98375407;470.18;0.01425;BUY
2016-04-27T00:05:01.633817;2016-04-27T00:05:01.764042;407fee6f-9c34-40a9-a47e-cd55781bcae7;470.18;0.06567;BUY
2016-04-27T00:05:01.633965;2016-04-27T00:05:01.764042;99826b96-b1ff-4ee8-97e0-ca074974209b;470.19;0.0066522;BUY
2016-04-27T00:05:01.634128;2016-04-27T00:05:01.764042;d5657724-c011-4966-88a2-2a21d48af52c;470.19;0.01277;BUY
2016-04-27T00:05:01.634270;2016-04-27T00:05:01.764042;2f445ac7-42b4-4561-b6c0-8dd5c1c1973c;470.19;0.01848;BUY
2016-04-27T00:05:01.634409;2016-04-27T00:05:01.764042;ff7b6cf3-12b0-4b68-a6f6-d0b9b2c442e5;470.19;0.05523;BUY
2016-04-27T00:05:01.634560;2016-04-27T00:05:01.764042;c2a83314-921d-4908-8494-0df541157e87;470.19;0.01937;BUY
2016-04-27T00:05:01.634702;2016-04-27T00:05:01.764042;d6a32a32-584e-426d-b216-0f114ce80f3b;470.2;0.00799339;BUY
2016-04-27T00:05:01.634859;2016-04-27T00:05:01.764042;52d51de8-2662-4ef9-bad0-37c6bb5331bc;470.2;0.01327;BUY
2016-04-27T00:05:01.635024;2016-04-27T00:05:01.764042;7285591f-5a23-41ed-a93d-b0eae5b1f0bf;470.2;0.01798;BUY
2016-04-27T00:05:01.635174;2016-04-27T00:05:01.764042;1da21d6a-2a7f-446c-8b1d-860aa6491de2;470.2;0.0632888;BUY
2016-04-27T00:05:01.635316;2016-04-27T00:05:01.764042;cf5113a9-6e82-4942-8d76-ce2674357a4e;470.21;0.0115;BUY
2016-04-27T00:05:01.635458;2016-04-27T00:05:01.764042;a9b43f7c-c024-4298-86c6-55a0caf67a2b;470.21;0.074502;BUY
2016-04-27T00:05:01.635599;2016-04-27T00:05:01.764042;3d89d618-62d8-4312-84b2-5ddc80af6fba;470.21;0.01975;BUY
2016-04-27T00:05:01.635740;2016-04-27T00:05:01.764042;87f4852d-7b47-451c-80cf-3c2b418efb0d;470.21;0.05495921;BUY
2016-04-27T00:05:01.635912;2016-04-27T00:05:01.779703;b6fd6f72-4990-4339-ac7a-cc96938aad3d;470.21;0.05495921;BUY
2016-04-27T00:05:01.636069;2016-04-27T00:05:01.779703;88c0b405-414e-4c62-8318-97f7eda3c0c7;470.22;0.03125;BUY
2016-04-27T00:05:01.636208;2016-04-27T00:05:01.779703;d92a6ea1-1ea4-499e-8254-50703d957b8f;470.22;0.0812522;BUY
2016-04-27T00:05:01.636356;2016-04-27T00:05:01.779703;32b8df07-ac6d-40c4-a198-c137974c815f;470.22;0.05;BUY
2016-04-27T00:05:01.636507;2016-04-27T00:05:01.842202;bef66ba1-5faa-43a3-888e-7a43d8f49708;470.23;0.03048;BUY
2016-04-27T00:05:01.636649;2016-04-27T00:05:01.857827;5d753f1f-a3f7-4141-bad5-decd5c42fb20;470.24;0.03125;BUY
2016-04-27T00:05:01.636796;2016-04-27T00:05:01.857827;8b577774-ba57-40ed-aece-efa039aa412c;470.24;0.0812522;BUY
2016-04-27T00:05:01.636958;2016-04-27T00:05:01.857827;3431226f-9d87-4be8-b6b6-5cef8d4bfd1a;470.24;0.01;BUY
2016-04-27T00:05:01.637115;2016-04-27T00:05:01.857827;496b167b-e69e-4993-aad0-d10047eacbd9;470.25;0.0812522;BUY
2016-04-27T00:05:01.637263;2016-04-27T00:05:01.857827;717d47ac-ed80-4967-82dd-8b98848089cd;470.25;0.03125;BUY
2016-04-27T00:05:01.637415;2016-04-27T00:05:01.857827;57d2f951-297a-4c8f-b20e-3b7800bcfade;470.25;0.21;BUY
2016-04-27T00:05:01.637560;2016-04-27T00:05:01.857827;216ae18c-6b3d-4311-9b44-d1106f80258d;470.26;0.07152;BUY
2016-04-27T00:05:01.637714;2016-04-27T00:05:01.857827;34065c55-4faa-494f-8419-9b1ca29ae38f;470.26;0.03125;BUY
2016-04-27T00:05:01.637877;2016-04-27T00:05:01.857827;b27dcdc4-37d4-4611-9e1b-a212e8b532f0;470.26;0.0105022;BUY
2016-04-27T00:05:01.638043;2016-04-27T00:05:01.857827;c1757b91-3854-45be-b005-f8c098a1196e;470.27;0.03125;BUY
2016-04-27T00:05:01.638199;2016-04-27T00:05:01.857827;831c0c14-cc14-4012-b89f-e1331584014b;470.27;0.05;BUY
2016-04-27T00:05:01.638348;2016-04-27T00:05:01.857827;4752964b-4f82-4640-9d8c-5fe90ed49f74;470.28;0.02833;BUY
2016-04-27T00:05:01.638499;2016-04-27T00:05:01.857827;5672c3a2-bad7-47f9-85f9-5e50b24aae7b;470.29;0.08;BUY
2016-04-27T00:05:01.638666;2016-04-27T00:05:01.857827;b64a9b32-6715-4249-a968-32a08c4184fd;470.3;0.03125;BUY
2016-04-27T00:05:01.638822;2016-04-27T00:05:01.857827;394e4caa-1bd7-4147-888b-b92b8949dd35;470.31;0.03125;BUY
2016-04-27T00:05:01.638967;2016-04-27T00:05:01.857827;706804a9-3c52-4e91-b365-14643e048856;470.32;0.02214;BUY
2016-04-27T00:05:01.639133;2016-04-27T00:05:01.857827;0696069f-f514-45ba-aaa7-aff9d1e406b2;470.32;0.05;BUY
2016-04-27T00:05:01.639277;2016-04-27T00:05:01.857827;4b97a9b0-c5ea-4611-b107-6cafe9590da6;470.33;0.02125;BUY
2016-04-27T00:05:01.639417;2016-04-27T00:05:01.857827;f79664cd-8aae-40c7-b3fd-ba778d6b6eb0;470.33;0.01;BUY
2016-04-27T00:05:01.639582;2016-04-27T00:05:01.857827;6bf9ad0e-a1f2-4075-b078-8706de9d153d;470.33;0.55;BUY
2016-04-27T00:05:01.639724;2016-04-27T00:05:01.857827;c9f4cea1-e479-4a18-ac98-42a3759e6a96;470.34;0.02936;BUY
2016-04-27T00:05:01.639868;2016-04-27T00:05:01.857827;3f46aa4c-79d7-4829-b771-82323f09ff5b;470.34;0.01;BUY
2016-04-27T00:05:01.640038;2016-04-27T00:05:01.857827;40bcae76-115e-43c7-8527-989016469ed1;470.34;0.115;BUY
2016-04-27T00:05:01.640190;2016-04-27T00:05:01.857827;50f20134-0e23-4ca9-991c-240262e9c041;470.34;1.13;BUY
2016-04-27T00:05:01.640329;2016-04-27T00:05:01.889077;296d9e69-e0d8-4b00-bc71-80bc0c1198f1;470.35;0.01785;BUY
2016-04-27T00:05:01.641216;2016-04-27T00:05:01.889077;b8f530f4-9942-498a-a415-abd584ff1984;470.35;0.0134;BUY
2016-04-27T00:05:01.641387;2016-04-27T00:05:01.889077;47e8f222-cff4-48c8-934e-af523dcf2f61;470.35;1.23;BUY
2016-04-27T00:05:01.641541;2016-04-27T00:05:01.889077;4936657c-5507-4fb5-819d-ec92deac3aef;470.36;0.02905;BUY
2016-04-27T00:05:01.641681;2016-04-27T00:05:01.889077;f96ab4c3-9227-4b68-b26d-4a49751a9bf9;470.36;0.14786119;BUY
2016-04-27T00:05:22.738751;2016-04-27T00:05:22.764091;de830340-b9eb-42c4-9002-7bc21a83caef;470.35;0.0126232;SELL
2016-04-27T00:05:22.739024;2016-04-27T00:05:22.779712;86c6c3c6-7fd7-4a25-ac2b-70d6c18bc848;470.35;0.075;SELL
2016-04-27T00:05:22.739214;2016-04-27T00:05:22.779712;65510e87-b287-46fe-94f4-4bab62c81a23;470.34;0.0221;SELL
2016-04-27T00:05:22.739398;2016-04-27T00:05:22.779712;ef60f309-6370-456b-a608-3daf3c495c60;470.34;0.098;SELL
2016-04-27T00:05:22.739557;2016-04-27T00:05:22.779712;9bf0147d-9e6c-4d64-abf7-6f79c799a34f;470.33;0.03125;SELL
2016-04-27T00:05:22.739720;2016-04-27T00:05:22.779712;163e4edd-34a2-413f-9e53-4ee6ffb10c97;470.33;0.01;SELL
2016-04-27T00:05:22.739869;2016-04-27T00:05:22.795340;3e5a13ba-0053-42f9-ab73-56ffe435ebf7;470.32;0.02182;SELL
2016-04-27T00:05:22.740043;2016-04-27T00:05:22.795340;072f16eb-8f7e-4e8f-9ba8-e51b44448b7c;470.32;0.01;SELL
2016-04-27T00:05:22.740219;2016-04-27T00:05:22.795340;5596ff20-0d2c-4b52-ad53-4028a2b62825;470.31;0.0216332;SELL
2016-04-27T00:05:22.740392;2016-04-27T00:05:22.795340;b0e0c24d-306a-4b19-b87a-1449ffcc9443;470.26;0.02905;SELL
2016-04-27T00:05:22.740545;2016-04-27T00:05:22.857838;11de6427-c00b-425a-94da-8979d1f08aea;470.25;0.0134;SELL
2016-04-27T00:05:22.740705;2016-04-27T00:05:22.873467;3aca3f8a-da3a-4dd9-8d4b-c10ef7698fcd;470.25;0.01785;SELL
2016-04-27T00:05:22.740863;2016-04-27T00:05:22.873467;9937456c-2ae6-4d0e-a261-32a306b770ac;470.24;0.02936;SELL
2016-04-27T00:05:22.741028;2016-04-27T00:05:22.873467;c50f5b99-a4c8-4048-a496-ef4084b37a36;470.23;0.01;SELL
2016-04-27T00:05:22.741195;2016-04-27T00:05:22.873467;59097cf3-687c-4224-a065-5f6ba5a6012a;470.23;0.02125;SELL
2016-04-27T00:05:22.741361;2016-04-27T00:05:22.873467;4a37216f-e688-49b8-80cb-27daf0c0ef73;470.22;0.02214;SELL
2016-04-27T00:05:22.741515;2016-04-27T00:05:22.873467;b8baf197-413a-4f34-b485-0e312f32f1cf;470.21;0.03125;SELL
2016-04-27T00:05:22.741673;2016-04-27T00:05:22.873467;72d6333c-3286-4473-9ecc-4d2b0f402198;470.21;0.21;SELL
2016-04-27T00:05:22.741833;2016-04-27T00:05:22.873467;65e09126-95a9-44c5-84f9-190eecce51d1;470.2;0.03125;SELL
2016-04-27T00:05:22.742007;2016-04-27T00:05:22.873467;da46d00c-3a97-4614-9cf9-6e97cb2ce06c;470.18;0.02833;SELL
2016-04-27T00:05:22.742169;2016-04-27T00:05:22.873467;f03fcc1b-f8d3-4bd7-afb9-78273f6aae06;470.17;0.03125;SELL
2016-04-27T00:05:22.742331;2016-04-27T00:05:22.873467;8f15a2d4-88b2-4f52-bd24-8c949b5af3eb;470.16;0.07152;SELL
2016-04-27T00:05:22.742486;2016-04-27T00:05:22.873467;3c07658c-95bf-406e-84fa-a2e15ff3485b;470.16;0.0105022;SELL
2016-04-27T00:05:22.742645;2016-04-27T00:05:22.873467;628984ca-92eb-472e-8a1c-f766e08e7316;470.16;0.03125;SELL
2016-04-27T00:05:22.742797;2016-04-27T00:05:22.873467;ea02ba38-888c-413d-a40f-58f8adcc8e76;470.15;0.0812522;SELL
2016-04-27T00:05:22.742955;2016-04-27T00:05:22.873467;7ef7e619-21f2-4f1d-89af-40aa26d77552;470.15;0.03125;SELL
2016-04-27T00:05:22.743122;2016-04-27T00:05:22.873467;9da251db-1f6c-43ff-b7f1-07db17332a04;470.14;0.03125;SELL
2016-04-27T00:05:22.743296;2016-04-27T00:05:22.873467;4365e6a6-8310-491a-99ce-51757409abe5;470.14;0.0812522;SELL
2016-04-27T00:05:22.743461;2016-04-27T00:05:22.873467;1ed1ce8c-5ce5-41f4-a3c4-c8e4d7e715fe;470.13;0.03048;SELL
2016-04-27T00:05:22.743610;2016-04-27T00:05:22.873467;ad5da0c0-3100-4793-8eab-53857aa39694;470.12;0.03125;SELL
2016-04-27T00:05:22.743769;2016-04-27T00:05:22.873467;2f6a58fa-807f-4649-926f-0c3374f2aaea;470.12;0.0812522;SELL
2016-04-27T00:05:22.743923;2016-04-27T00:05:22.873467;7ac5f81f-1d3a-4b13-87ce-f88a7b4a3cc8;470.11;0.0115;SELL
2016-04-27T00:05:22.744080;2016-04-27T00:05:22.889087;4c345117-2c4c-47ae-8dd7-b4825ca0af87;470.11;0.074502;SELL
2016-04-27T00:05:22.744245;2016-04-27T00:05:22.889087;688da9e2-7bcd-4303-9b9c-641a7b1b1e6b;470.11;0.01975;SELL
2016-04-27T00:05:22.744411;2016-04-27T00:05:22.889087;d5585248-f421-409b-a0e6-60ab97fdf678;470.11;0.01;SELL
2016-04-27T00:05:22.744559;2016-04-27T00:05:22.889087;d46d8855-21bc-4609-a88c-2f1846d8bd68;470.1;0.01798;SELL
2016-04-27T00:05:22.744707;2016-04-27T00:05:22.889087;473092a3-9e03-4595-83d0-e79dbadb416e;470.1;0.01327;SELL
2016-04-27T00:05:22.744865;2016-04-27T00:05:22.904713;ad799fb4-4753-4c71-8dad-afd61d44b52c;470.1;0.0632888;SELL
2016-04-27T00:05:22.745025;2016-04-27T00:05:22.904713;973a2eb7-d7fc-43c9-9dde-bfc6ad5e6809;470.09;0.05523;SELL
2016-04-27T00:05:22.745173;2016-04-27T00:05:22.904713;02b86ff5-e597-49ac-8c1e-3c150e15f271;470.09;0.01848;SELL
2016-04-27T00:05:22.745336;2016-04-27T00:05:22.951585;7caa4902-dcb8-451d-bfae-fce7c5cbe21c;470.09;0.01937;SELL
2016-04-27T00:05:22.745493;2016-04-27T00:05:22.967218;f512c09e-de0e-42b6-a538-cea5d2c4a232;470.09;0.0194222;SELL
2016-04-27T00:05:22.745641;2016-04-27T00:05:22.967218;f470f430-2ef4-4e90-8c18-6ad18abaf2d7;470.08;0.0155822;SELL
2016-04-27T00:05:22.745789;2016-04-27T00:05:22.967218;def552ac-163f-4358-9343-4daf748abd47;470.08;0.01425;SELL
2016-04-27T00:05:22.745936;2016-04-27T00:05:22.967218;99af1839-1a3e-497d-ac0b-9585f1ac11ac;470.08;0.017;SELL
2016-04-27T00:05:22.746096;2016-04-27T00:05:22.967218;d6b8f62a-2ead-4b84-8ec0-731014cb01dd;470.08;0.06567;SELL
2016-04-27T00:05:22.746253;2016-04-27T00:05:22.967218;e87c00b2-1679-4ccb-b804-8916cd8c9ece;470.08;0.22;SELL
2016-04-27T00:05:22.746409;2016-04-27T00:05:22.967218;95ac58ad-5e86-4ae1-8090-5ee223e17701;470.07;0.0877932;SELL
2016-04-27T00:05:22.746559;2016-04-27T00:05:22.967218;2d097114-96d6-4ec2-b422-3608c6c29445;470.07;0.024709;SELL
2016-04-27T00:05:22.746717;2016-04-27T00:05:22.967218;3d9c7f77-bca1-42f6-a89d-24c2f2ec3889;470.07;0.41;SELL
2016-04-27T00:05:22.746869;2016-04-27T00:05:22.967218;8199ad0e-49d2-47d3-ad49-8c490b8de187;470.06;0.03125;SELL
2016-04-27T00:05:22.747028;2016-04-27T00:05:22.967218;9188f011-eb7f-42fc-92b2-33b197df5ef2;470.06;0.0812522;SELL
2016-04-27T00:05:22.747169;2016-04-27T00:05:22.967218;457e76dc-25ab-4061-82c2-3af76a47fd57;470.06;0.3048852;SELL
2016-04-27T00:05:32.569049;2016-04-27T00:05:32.592219;4f826746-324c-4e1b-a0b3-72ae2a34ec8a;470.16;0.0812522;BUY
2016-04-27T00:05:32.569240;2016-04-27T00:05:32.607843;236a8093-efb7-4bf1-8a43-01e5a8fd29cc;470.16;0.03125;BUY
2016-04-27T00:05:32.569405;2016-04-27T00:05:32.607843;21419dfa-d257-4ad0-9121-eb74f395037d;470.17;0.024709;BUY
2016-04-27T00:05:32.569570;2016-04-27T00:05:32.607843;15f84035-7d68-4bec-b65f-2a96a2597dd6;470.17;0.0877932;BUY
2016-04-27T00:05:32.569722;2016-04-27T00:05:32.607843;c2a8a73b-d184-490d-b9e2-e5bea58e28c3;470.18;0.017;BUY
2016-04-27T00:05:32.569874;2016-04-27T00:05:32.701593;c75e41cb-1c60-44c2-ade7-f2eb1dc116db;470.18;0.01425;BUY
2016-04-27T00:05:32.570036;2016-04-27T00:05:32.701593;9de67cb8-222c-4a82-8068-b445add45678;470.18;0.0155822;BUY
2016-04-27T00:05:32.570206;2016-04-27T00:05:32.701593;f44dbe7a-e14b-448a-85f9-13f48fe546eb;470.18;0.06567;BUY
2016-04-27T00:05:32.570363;2016-04-27T00:05:32.701593;9c8c0be2-241a-48d9-82a0-dbd04bdef367;470.19;0.05523;BUY
2016-04-27T00:05:32.570521;2016-04-27T00:05:32.701593;ce5d4a36-f44d-4308-8b69-67fab5d0655f;470.19;0.01848;BUY
2016-04-27T00:05:32.570673;2016-04-27T00:05:32.701593;a8331771-4cfc-4c1f-be72-e2963b62f904;470.19;0.01937;BUY
2016-04-27T00:05:32.570833;2016-04-27T00:05:32.701593;dbcd84a5-b62f-476f-b39c-2aea6ea109a3;470.19;0.0194222;BUY
2016-04-27T00:05:32.570997;2016-04-27T00:05:32.701593;7dcf065e-a395-4db1-98a0-ae77fe6d1dee;470.2;0.01798;BUY
2016-04-27T00:05:32.571141;2016-04-27T00:05:32.701593;5130c9fa-2caf-41db-bbe4-1dfa74edeb74;470.2;0.01327;BUY
2016-04-27T00:05:32.571322;2016-04-27T00:05:32.701593;a6315444-0fb6-40ec-9c47-9ea3374bbdd8;470.2;0.0632888;BUY
2016-04-27T00:05:32.571479;2016-04-27T00:05:32.701593;8a7ac40a-4eca-4fd0-a1a5-5932702d89ed;470.21;0.0115;BUY
2016-04-27T00:05:32.571626;2016-04-27T00:05:32.701593;f6575355-9bfe-4414-9689-36b57f9344fd;470.21;0.01975;BUY
2016-04-27T00:05:32.571773;2016-04-27T00:05:32.701593;55222ad2-8609-4677-9ba8-72305abc2d99;470.21;0.074502;BUY
2016-04-27T00:05:32.571913;2016-04-27T00:05:32.701593;8eecb895-bcfc-4681-9fda-30c9db4b8a09;470.21;0.0701904;BUY
2016-04-27T00:05:42.139885;2016-04-27T00:05:42.154727;38303c30-ccf1-4c7e-85f1-98f5a7b45812;470.22;0.03125;BUY
2016-04-27T00:05:42.140102;2016-04-27T00:05:42.185972;1b9669f2-3e1e-486d-8044-a4acbd501911;470.22;0.0812522;BUY
2016-04-27T00:05:42.140277;2016-04-27T00:05:42.185972;d9554e64-cf6e-4aae-aa95-c2d2149d9573;470.23;0.03048;BUY
2016-04-27T00:05:42.140444;2016-04-27T00:05:42.185972;1dbf4401-1698-4887-b21f-1b5002e995ff;470.24;0.03125;BUY
2016-04-27T00:05:42.140613;2016-04-27T00:05:42.185972;9ae6f7b4-878b-4246-a6e1-d409d292ced8;470.24;0.0812522;BUY
2016-04-27T00:05:42.140769;2016-04-27T00:05:42.232855;d6223e00-01fa-48ae-9884-6f31b7f493fd;470.25;0.03125;BUY
2016-04-27T00:05:42.140932;2016-04-27T00:05:42.248483;4030b75f-8e9d-4d18-bbcb-e664b98c9de9;470.25;0.0812522;BUY
2016-04-27T00:05:42.141119;2016-04-27T00:05:42.248483;305d1d60-9ed5-4b22-b483-e9330b835956;470.26;0.0105022;BUY
2016-04-27T00:05:42.141273;2016-04-27T00:05:42.248483;672d97f5-afdf-4911-8d5f-70b6075fcff9;470.26;0.07152;BUY
2016-04-27T00:05:42.141440;2016-04-27T00:05:42.248483;c3674186-30a1-4399-a7c5-07608a2135bb;470.26;0.03125;BUY
2016-04-27T00:05:42.141605;2016-04-27T00:05:42.248483;e188ca73-e003-4e57-9079-3050c0720943;470.27;0.03125;BUY
2016-04-27T00:05:42.141765;2016-04-27T00:05:42.248483;d00ed244-a2d5-4609-9ef9-c25469bacf0a;470.28;0.02833;BUY
2016-04-27T00:05:42.141922;2016-04-27T00:05:42.248483;d34412f2-e470-4390-9f05-a4a2a0e9ca19;470.3;0.03125;BUY
2016-04-27T00:05:42.142178;2016-04-27T00:05:42.248483;931fe13a-7885-4bc1-b51f-320d04d8ee6d;470.31;0.03125;BUY
2016-04-27T00:05:42.142373;2016-04-27T00:05:42.279723;18e78023-a543-40be-bf3e-31a1c60c8504;470.31;0.21;BUY
2016-04-27T00:05:42.142545;2016-04-27T00:05:42.279723;fcf29bbd-e6d3-4b4c-b0f6-f07767f014aa;470.32;0.02214;BUY
2016-04-27T00:05:42.142694;2016-04-27T00:05:42.279723;6596cd5f-9dc0-49d6-ae10-759c1dd310c9;470.33;0.0045212;BUY
2016-04-27T00:06:00.281372;2016-04-27T00:06:00.295360;135bbdfc-833b-42f6-93e5-f62f032a2193;470.22;0.01;SELL
2016-04-27T00:06:01.716165;2016-04-27T00:06:01.748484;f4f75cc5-72ec-4dad-a19f-dd193a7f7dd7;470.32;0.01;BUY
2016-04-27T00:06:01.716369;2016-04-27T00:06:01.764109;16e25d35-0d0f-4a8d-a288-8ce2782f6281;470.33;0.0054788;BUY
2016-04-27T00:06:01.716553;2016-04-27T00:06:01.764109;bb5c867f-035e-4cdf-95c4-6c682f058379;470.33;0.02125;BUY
2016-04-27T00:06:01.716709;2016-04-27T00:06:01.764109;b3262385-3ded-4d6d-a54b-0481aa4375b1;470.34;0.02936;BUY
2016-04-27T00:06:01.716888;2016-04-27T00:06:01.764109;dd8ab6ba-e214-421e-8463-98d0cd33b6f0;470.35;0.0134;BUY
2016-04-27T00:06:01.717147;2016-04-27T00:06:01.764109;03aebcf2-55b8-4b88-97c5-2979b3f479c5;470.35;0.01785;BUY
2016-04-27T00:06:01.717383;2016-04-27T00:06:01.779734;80f5aeed-2f1b-408d-8da3-ee8de257ef12;470.36;0.02905;BUY
2016-04-27T00:06:01.717610;2016-04-27T00:06:01.779734;b66be6da-e776-4557-8483-9201141c340f;470.36;0.01;BUY
2016-04-27T00:06:01.717774;2016-04-27T00:06:01.779734;7a7f09d0-8e94-4674-b8b2-a758a7895ff2;470.37;0.01865;BUY
2016-04-27T00:06:01.717924;2016-04-27T00:06:01.779734;e2e3e467-3e7f-449d-81fb-f334d39d7055;470.37;0.0126;BUY
2016-04-27T00:06:01.718107;2016-04-27T00:06:01.779734;c695da94-0b24-44b4-8afe-423c8c2f17a6;470.37;0.01;BUY
2016-04-27T00:06:01.718268;2016-04-27T00:06:01.779734;278fe23a-dfab-4d55-aafd-88c1d96fab82;470.37;0.01;BUY
2016-04-27T00:06:01.718429;2016-04-27T00:06:01.779734;5083a0df-673b-4903-be39-8eb71c4a5716;470.38;0.03345;BUY
2016-04-27T00:06:01.718576;2016-04-27T00:06:01.779734;1680b01e-51de-47cd-ac42-18f379e39b4f;470.39;0.02361;BUY
2016-04-27T00:06:01.718721;2016-04-27T00:06:01.795358;d8956cc8-e015-4fbe-a668-99b12ab4e267;470.39;0.05493935;BUY
2016-04-27T00:06:01.718892;2016-04-27T00:06:01.795358;a9e84bf0-932b-4ede-b588-cb956d681436;470.39;0.05;BUY
2016-04-27T00:06:01.719055;2016-04-27T00:06:01.795358;912277c8-7d85-4716-afbd-04ae6c3504c6;470.4;0.04036;BUY
2016-04-27T00:06:01.719216;2016-04-27T00:06:01.795358;2e6f06a9-64d6-47a4-b14f-c17e30628df4;470.4;0.01;BUY
2016-04-27T00:06:01.719376;2016-04-27T00:06:01.810985;e90c5c7b-55ee-428e-b08f-96f9264e5ee9;470.4;0.115;BUY
2016-04-27T00:06:01.719535;2016-04-27T00:06:01.810985;27fd4269-8f62-4bc6-adaf-59114943ef57;470.41;0.0216332;BUY
2016-04-27T00:06:01.720870;2016-04-27T00:06:01.826608;e4c1a2df-8bed-4eef-bac8-4229a537a6f5;470.42;0.01241865;BUY
2016-04-27T00:06:27.869863;2016-04-27T00:06:27.889125;92fd64ce-90f3-4cab-9c9b-b7fe2347691e;470.41;0.04;BUY
2016-04-27T00:06:27.870059;2016-04-27T00:06:27.904747;9e282bba-f0d3-4a12-8357-a03e886cbc7b;470.42;0.00940135;BUY
2016-04-27T00:06:27.870210;2016-04-27T00:06:27.904747;3154bba5-ff6c-4f32-8b62-caae01c88a03;470.43;0.00059865;BUY
2016-04-27T00:06:31.167940;2016-04-27T00:06:31.186002;1ac1552a-fb3a-4529-8b05-7a1ffe066d30;470.43;0.03065135;BUY
2016-04-27T00:06:31.168178;2016-04-27T00:06:31.201650;e43afdda-4cd0-4f5c-87b6-6d757d4896ea;470.44;0.0221;BUY
2016-04-27T00:06:31.168338;2016-04-27T00:06:31.201650;04fbf7a7-7b78-40b0-9d08-5f84d33549c0;470.45;0.01;BUY
2016-04-27T00:06:31.168490;2016-04-27T00:06:31.201650;a7a8f5fb-f72d-4139-913b-d36a57f3b763;470.45;0.05;BUY
2016-04-27T00:06:31.168649;2016-04-27T00:06:31.201650;1bf4761d-88dd-4f76-87d9-895b7febb8ae;470.45;0.0126232;BUY
2016-04-27T00:06:31.168809;2016-04-27T00:06:31.201650;6736c0b1-c3d1-428f-adf0-70ea3f194be2;470.47;0.125;BUY
2016-04-27T00:06:31.168955;2016-04-27T00:06:31.217249;3d0fc5ce-2e6c-47c5-93c1-7334f3447165;470.5;0.13169545;BUY
2016-04-27T00:06:37.678602;2016-04-27T00:06:37.701627;b833cfc5-08fc-44a8-ba51-7d5416ffd656;470.39;0.0107;SELL
2016-04-27T00:07:01.263033;2016-04-27T00:07:01.279763;ad73be23-5593-47f3-8e74-7fe8eed2c612;470.43;0.01;BUY
2016-04-27T00:07:01.263213;2016-04-27T00:07:01.295389;79f43be4-a5c7-4247-8a2e-9b7e965a9902;470.44;0.01;BUY
2016-04-27T00:07:01.263381;2016-04-27T00:07:01.295389;0a1e4717-5bdd-48cd-b218-b2e10026b671;470.49;0.0107;BUY
2016-04-27T00:07:01.263551;2016-04-27T00:07:01.295389;2b4ac502-638e-41d3-bceb-ddda6f7b9f50;470.49;0.121;BUY
2016-04-27T00:07:01.263704;2016-04-27T00:07:01.342268;d2b6550d-1667-435e-8d71-62fcae56224a;470.5;0.04230455;BUY
2016-04-27T00:07:01.263867;2016-04-27T00:07:01.357887;75301721-0f9f-4a41-b706-1c3022fe2c11;470.5;0.01;BUY
2016-04-27T00:07:01.264036;2016-04-27T00:07:01.357887;e104c0ad-7305-4646-8d77-b6fb90936aa1;470.52;0.023;BUY
2016-04-27T00:07:01.264186;2016-04-27T00:07:01.357887;24c9cdc9-9dac-4fe5-a6f1-4fe8708cda3c;470.53;0.01;BUY
2016-04-27T00:07:01.264360;2016-04-27T00:07:01.357887;abf40e13-8759-4b54-82fc-c730ff463636;470.54;0.079;BUY
2016-04-27T00:07:01.264522;2016-04-27T00:07:01.373515;4f099681-dc10-47fc-8544-e2f56aa5fcdd;470.57;0.05;BUY
2016-04-27T00:07:01.264680;2016-04-27T00:07:01.373515;b156b08a-8043-4a27-b775-055090eca148;470.58;0.2;BUY
2016-04-27T00:07:01.264829;2016-04-27T00:07:01.373515;d2d88f84-042e-4306-a5cd-26aa7cf2124b;470.59;0.17395545;BUY
2016-04-27T00:07:31.144927;2016-04-27T00:07:31.154782;6476ae31-e7d4-4911-a869-fd3518b6b026;470.59;0.2292;BUY
2016-04-27T00:08:01.632264;2016-04-27T00:08:01.702109;ef8b9673-952e-4c87-91d5-ae61a5ed4f45;470.55;0.01;BUY
2016-04-27T00:08:01.632468;2016-04-27T00:08:01.702109;282cc26e-8d1f-4dde-b585-d760d5c63697;470.55;0.127;BUY
2016-04-27T00:08:01.632650;2016-04-27T00:08:01.717739;8d320af0-8695-4b48-b5e2-c1d9749019ee;470.59;0.59684455;BUY
2016-04-27T00:08:01.632794;2016-04-27T00:08:01.733363;f859d69c-2786-4e5f-af7e-83921f52dec5;470.6;0.05;BUY
2016-04-27T00:08:01.632943;2016-04-27T00:08:01.748966;3a13202d-216a-452b-836a-d3b6e86beb71;470.6;0.14;BUY
2016-04-27T00:08:01.633138;2016-04-27T00:08:01.748966;d41bf51e-e42b-41e3-abad-bd8de4dc9bcb;470.6;0.158;BUY
2016-04-27T00:08:01.633301;2016-04-27T00:08:01.748966;98cf77ed-7efc-4526-86cd-f63de2050c75;470.61;0.05;BUY
2016-04-27T00:08:01.633448;2016-04-27T00:08:01.748966;eea1088c-3eed-4e3f-a088-0e9a1b78e25c;470.61;0.1484;BUY
2016-04-27T00:08:01.633591;2016-04-27T00:08:01.748966;96e7bd99-d31c-49e2-991b-b06fa3574145;470.61;0.23;BUY
2016-04-27T00:08:01.633744;2016-04-27T00:08:01.748966;b4e8a9bb-ffa9-491b-b524-72d2f0e505a3;470.61;8.22;BUY
2016-04-27T00:08:01.633897;2016-04-27T00:08:01.748966;2460073f-8edc-4be3-aea9-1720c2638159;470.62;8.14946409;BUY
2016-04-27T00:08:01.634065;2016-04-27T00:08:01.748966;af00ab52-8f2e-4012-b7a8-d1ce5b9fe55a;470.64;1.02647018;BUY
2016-04-27T00:08:01.634222;2016-04-27T00:08:01.780238;cd7211b5-6a65-4bf4-871f-64e0099d8722;470.65;1.16543;BUY
2016-04-27T00:08:01.634376;2016-04-27T00:08:01.795858;6489e172-4299-4948-ab98-60174bce49eb;470.65;0.05;BUY
2016-04-27T00:08:01.634523;2016-04-27T00:08:01.795858;d76d950a-a82f-43a2-a59e-4f39897daa31;470.65;0.01;BUY
2016-04-27T00:08:01.634680;2016-04-27T00:08:01.795858;604dc98c-9aef-4aba-a270-8213961e116b;470.65;0.122;BUY
2016-04-27T00:08:01.634835;2016-04-27T00:08:01.795858;bdd598c0-891f-4fc0-9cc4-671a77ef6f19;470.66;0.05;BUY
2016-04-27T00:08:01.635011;2016-04-27T00:08:01.795858;955a022d-db39-45cf-a5b8-338228457ae2;470.67;0.027038;BUY
2016-04-27T00:08:01.635172;2016-04-27T00:08:01.795858;a0b1c590-e4a3-4f8c-ac6f-46cda22756dc;470.68;0.05;BUY
2016-04-27T00:08:01.635334;2016-04-27T00:08:01.795858;ac111563-3a96-4d07-9dd0-f49c2b7eeabc;470.69;0.08530951;BUY
2016-04-27T00:08:01.635481;2016-04-27T00:08:01.795858;6146ff00-7d6d-4d7b-9f27-f1e3f7930f3f;470.69;0.041;BUY
2016-04-27T00:08:01.635641;2016-04-27T00:08:01.795858;fc81b31c-38e4-4351-bb4d-4208698895fe;470.69;0.76;BUY
2016-04-27T00:08:01.635784;2016-04-27T00:08:01.795858;43df385c-b974-43d8-ae09-bb3c956157a6;470.7;0.35688367;BUY
2016-04-27T00:08:31.556455;2016-04-27T00:08:31.624007;d6a91cdf-89f5-48c5-8001-2b66e35d0d20;470.45;0.0175;SELL
2016-04-27T00:08:31.556685;2016-04-27T00:08:31.655253;65f97dd5-18f7-4334-9f48-4649517f0093;470.45;0.111;SELL
2016-04-27T00:08:31.556866;2016-04-27T00:08:31.655253;ff1c3042-53cf-4243-afdd-97ac7ee03fb0;470.42;0.02;SELL
2016-04-27T00:08:31.557050;2016-04-27T00:08:31.655253;af5fe3f4-6106-4ac1-b5d7-6b20350bffa8;470.42;0.126;SELL
2016-04-27T00:08:31.557212;2016-04-27T00:08:31.655253;fef40baf-2e2f-4875-a6bc-76334924920e;470.41;0.02;SELL
2016-04-27T00:08:31.557399;2016-04-27T00:08:31.670874;ae58d4c4-1149-46be-98a9-66ba1e7e1a99;470.4;0.02;SELL
2016-04-27T00:08:31.557570;2016-04-27T00:08:31.670874;f82969bf-dc95-40ac-8390-3866ad0a8056;470.39;0.01055;SELL
2016-04-27T00:08:31.557724;2016-04-27T00:08:31.670874;a7061ea8-8584-4ccb-91b2-943f78d1b476;470.39;0.01;SELL
2016-04-27T00:08:31.557876;2016-04-27T00:08:31.670874;1b921a44-ab6b-42bd-8342-471b83bf0a72;470.39;0.0107;SELL
2016-04-27T00:08:31.558044;2016-04-27T00:08:31.670874;d3904e32-bec2-4e6f-840c-e28afb0f0b81;470.39;0.019;SELL
2016-04-27T00:08:31.558190;2016-04-27T00:08:31.670874;1832ec15-ea25-44ad-8446-3a5aec3f0520;470.38;0.03125;SELL
2016-04-27T00:08:31.558349;2016-04-27T00:08:31.686500;81af587a-f1c3-456d-9b3a-2d894b6f3576;470.38;0.019;SELL
2016-04-27T00:08:31.558502;2016-04-27T00:08:31.686500;756f0b75-c105-4ef3-845a-622ab4fe8b9e;470.37;0.02625;SELL
2016-04-27T00:08:31.558657;2016-04-27T00:08:31.686500;d58d5b18-9958-4658-80ad-307250782e16;470.37;0.04;SELL
2016-04-27T00:08:31.558818;2016-04-27T00:08:31.686500;69dde289-e25d-4d87-9641-528c0023125b;470.37;0.075;SELL
2016-04-27T00:08:31.558997;2016-04-27T00:08:31.733378;a7ba83b3-f273-4843-ba3d-4d29c6a4f68c;470.35;0.0126232;SELL
2016-04-27T00:08:31.559160;2016-04-27T00:08:31.733378;12ed542a-5695-4b9d-883c-b5ed2dbec16d;470.34;0.0221;SELL
2016-04-27T00:08:31.559318;2016-04-27T00:08:31.733378;d7a07ea0-a050-4641-a3a8-99ba206ac65b;470.33;0.03125;SELL
2016-04-27T00:08:31.559485;2016-04-27T00:08:31.733378;97c018f3-4e6a-41d5-881a-f2ced0e84d2b;470.32;0.01241865;SELL
2016-04-27T00:08:31.559655;2016-04-27T00:08:31.733378;02c4b44c-b9d9-42eb-bd8b-ae09b72231da;470.32;0.106;SELL
2016-04-27T00:08:31.559816;2016-04-27T00:08:31.733378;f337eef8-0e9a-43df-a8c7-22c701910cc1;470.31;0.0216332;SELL
2016-04-27T00:08:31.559985;2016-04-27T00:08:31.733378;4ec33bc6-e23f-4a9d-9215-01bd3e3057fd;470.3;0.04036;SELL
2016-04-27T00:08:31.560146;2016-04-27T00:08:31.733378;bce94f02-c547-426a-b90f-e11c7d6f1c8f;470.3;0.01;SELL
2016-04-27T00:08:31.560308;2016-04-27T00:08:31.733378;aa7aca3f-bbe2-4c1f-8338-74c35ea0d75d;470.29;0.02361;SELL
2016-04-27T00:08:31.560455;2016-04-27T00:08:31.749000;cb724492-8a18-4b30-979c-dd2902abfd8b;470.28;0.03345;SELL
2016-04-27T00:08:31.560629;2016-04-27T00:08:31.749000;65b4001b-eb24-476b-b048-2e664deec02b;470.28;0.21;SELL
2016-04-27T00:08:31.560780;2016-04-27T00:08:31.749000;4a8cf9cd-7e33-4f23-b8b5-337825d3bd2e;470.27;0.01865;SELL
2016-04-27T00:08:31.560932;2016-04-27T00:08:31.749000;c45e5979-f321-448a-8127-fd03622ea4b7;470.27;0.0126;SELL
2016-04-27T00:08:31.561101;2016-04-27T00:08:31.749000;1c26af9d-3a81-4c18-a207-bb39a515cc82;470.27;0.083;SELL
2016-04-27T00:08:31.561253;2016-04-27T00:08:31.749000;091d817a-faa5-4726-af6e-7e6a31a28ebe;470.26;0.02905;SELL
2016-04-27T00:08:31.561405;2016-04-27T00:08:31.749000;c51d0fe6-9723-4592-86cf-00acd585a984;470.26;0.01;SELL
2016-04-27T00:08:31.561570;2016-04-27T00:08:31.764624;a41a7b51-bcb6-4cc2-b911-51a5b9e9fbf5;470.25;0.0134;SELL
2016-04-27T00:08:31.561721;2016-04-27T00:08:31.764624;3b748c5b-3ab5-4359-bbdf-47e7f9aa922c;470.25;0.01785;SELL
2016-04-27T00:08:31.561882;2016-04-27T00:08:31.764624;e8a414c0-8d50-4ef9-98da-ee9e9e8f6a1c;470.25;0.01;SELL
2016-04-27T00:08:31.562042;2016-04-27T00:08:31.764624;2e2776c6-5888-4104-b805-21955ca27909;470.24;0.02936;SELL
2016-04-27T00:08:31.562226;2016-04-27T00:08:31.764624;33f7a52b-d0c1-4818-ba58-ca9e4b829501;470.24;0.4;SELL
2016-04-27T00:08:31.562374;2016-04-27T00:08:31.764624;5729f58c-a8c1-4777-984a-91a37ccb0ced;470.23;0.02125;SELL
2016-04-27T00:08:31.562532;2016-04-27T00:08:31.780248;4fd7349a-ba61-4325-b221-169e803cf714;470.23;0.57;SELL
2016-04-27T00:08:31.562689;2016-04-27T00:08:31.780248;2d363785-4843-41c7-98f1-e679a7a77107;470.22;0.01214;SELL
2016-04-27T00:08:31.562838;2016-04-27T00:08:31.780248;1478e6be-f0a8-4440-8a20-d669bbd43ba5;470.22;0.113;SELL
2016-04-27T00:08:31.562998;2016-04-27T00:08:31.780248;928e04b2-f5ef-454f-867b-fc0d2ec0679a;470.22;0.01;SELL
2016-04-27T00:08:31.563147;2016-04-27T00:08:31.780248;2d81ff8f-9e97-42f2-99c9-1d34e7264569;470.22;0.01;SELL
2016-04-27T00:08:31.563300;2016-04-27T00:08:31.795873;041da3e9-76e0-45b8-a1a8-09e4aa14827a;470.22;0.81;SELL
2016-04-27T00:08:31.563447;2016-04-27T00:08:31.811501;3536cbf2-a11b-4431-a305-02968504940c;470.21;0.03125;SELL
2016-04-27T00:08:31.563612;2016-04-27T00:08:31.811501;33bc854b-5a03-4b22-9c35-4a0e0fd9e97c;470.21;0.78;SELL
2016-04-27T00:08:31.563771;2016-04-27T00:08:31.811501;ef1d3f34-9764-4c2f-b3b9-20ee2620cfeb;470.2;0.03125;SELL
2016-04-27T00:08:31.563923;2016-04-27T00:08:31.811501;e7f22a68-f7ed-43ae-85a4-81026f27620a;470.2;0.01;SELL
2016-04-27T00:08:31.564100;2016-04-27T00:08:31.811501;f856ac70-d88b-4c4e-801a-991e311db9aa;470.2;0.88;SELL
2016-04-27T00:08:31.564251;2016-04-27T00:08:31.811501;78fb60b0-b1ae-40c3-afec-c21e1890d00a;470.19;0.49000031;SELL
2016-04-27T00:08:31.564396;2016-04-27T00:08:31.811501;465e6862-d141-4199-aa7a-6900811870b7;470.19;0.05;SELL
2016-04-27T00:08:31.564555;2016-04-27T00:08:31.842752;2b485776-75d1-4c55-88ac-8803389477e8;470.19;0.2;SELL
2016-04-27T00:08:31.564703;2016-04-27T00:08:31.842752;94612e3b-9135-4e87-b232-568a994ad289;470.18;0.02833;SELL
2016-04-27T00:08:31.564854;2016-04-27T00:08:31.842752;c612e529-5e8e-479f-9486-40f06be7ec48;470.18;0.49000063;SELL
2016-04-27T00:08:31.565029;2016-04-27T00:08:31.842752;8a07e08d-9f8c-4efb-9740-e2ce4b7179e7;470.18;0.86;SELL
2016-04-27T00:08:31.565176;2016-04-27T00:08:31.858378;57b97e43-f785-4ed5-98b9-386902400b52;470.17;0.03125;SELL
2016-04-27T00:08:31.565328;2016-04-27T00:08:31.858378;9d016473-52c4-41f5-be5d-2ad597d317d8;470.17;0.098;SELL
2016-04-27T00:08:31.565480;2016-04-27T00:08:31.858378;9be43318-ad55-4045-ad29-21c9eb3ab66d;470.17;0.49000129;SELL
2016-04-27T00:08:31.565631;2016-04-27T00:08:31.858378;b6c67804-4b73-455b-8f83-a01c9745153a;470.17;0.57;SELL
2016-04-27T00:08:31.565785;2016-04-27T00:08:31.874000;d86518e5-645a-4f38-9c2e-53a1dc47db51;470.16;0.03125;SELL
2016-04-27T00:08:31.565939;2016-04-27T00:08:31.874000;350bdf04-57f6-4164-abd4-26e2e1db9089;470.16;0.07152;SELL
2016-04-27T00:08:31.566101;2016-04-27T00:08:31.874000;060c3b5f-b23b-4675-9d16-bf66a1ae36ec;470.16;0.0105022;SELL
2016-04-27T00:08:31.566243;2016-04-27T00:08:31.874000;8ea6b46c-43fa-40f2-b234-56a308a0f216;470.16;0.49000265;SELL
2016-04-27T00:08:31.566401;2016-04-27T00:08:31.874000;7cda352f-c65b-43d0-9b54-4b50c5a12ad5;470.16;0.2;SELL
2016-04-27T00:08:31.566545;2016-04-27T00:08:31.874000;3f7f2fa2-44bd-4bb1-96e9-57bd0d5d778e;470.15;0.0812522;SELL
2016-04-27T00:08:31.566698;2016-04-27T00:08:31.889625;a46b02e5-bf7a-44b4-8ef2-7a4b96d57d24;470.15;0.03125;SELL
2016-04-27T00:08:31.566877;2016-04-27T00:08:31.889625;91e24b0d-7d08-4fec-8172-b29e19a4cca3;470.15;0.05496062;SELL
2016-04-27T00:08:31.567044;2016-04-27T00:08:31.889625;e7379dc3-26d3-490e-b9dd-59b47221f344;470.15;0.05496062;SELL
2016-04-27T00:08:31.567190;2016-04-27T00:08:31.889625;66f221cd-7f76-4838-a9b6-2464eebc2b75;470.15;0.05496062;SELL
2016-04-27T00:08:31.567354;2016-04-27T00:08:31.905249;51e3eb46-8a2a-4ec7-956e-b8f335cfa903;470.15;0.2951396;SELL
2016-04-27T00:08:31.567500;2016-04-27T00:08:31.905249;66236307-caf3-4e0a-836b-208089171e68;470.14;0.0812522;SELL
2016-04-27T00:08:31.567640;2016-04-27T00:08:31.905249;419becec-d4b0-4409-bffd-c8723fa7648e;470.14;0.03125;SELL
2016-04-27T00:08:31.567790;2016-04-27T00:08:31.905249;f6f7dde3-0280-4e14-be51-36b9e33b892f;470.14;0.44546201;SELL
2016-04-27T00:09:01.315550;2016-04-27T00:09:01.374014;4d09d304-1821-489e-86a3-46bfad41c433;470.15;0.02;SELL
2016-04-27T00:09:01.315737;2016-04-27T00:09:01.374014;d8d4afd0-bc0d-4ae3-adc3-1118916cc1b5;470.15;0.111;SELL
2016-04-27T00:09:01.315918;2016-04-27T00:09:01.389638;ccaf0185-4f0b-4349-bd8f-3dbc8d185106;470.14;0.02;SELL
2016-04-27T00:09:01.316099;2016-04-27T00:09:01.389638;24825f25-e39e-4d83-b569-5dc69298a566;470.13;0.03048;SELL
2016-04-27T00:09:01.316255;2016-04-27T00:09:01.389638;78920e5e-e4c8-47f4-96c1-9e0cfcf5a625;470.13;0.01;SELL
2016-04-27T00:09:01.316397;2016-04-27T00:09:01.389638;98a9615f-890a-4d92-8d8e-17bb12aff0af;470.13;0.01852;SELL
2016-04-27T00:09:15.680715;2016-04-27T00:09:15.749021;6e472df8-19c7-4464-9ccb-d50a1df6d1d5;470.22;0.01;BUY
2016-04-27T00:09:41.543073;2016-04-27T00:09:41.592793;06e86104-481b-4e00-bf0b-ff64b1b2c60c;470.14;0.308;SELL
2016-04-27T00:09:41.543313;2016-04-27T00:09:41.608409;1869bce9-d1f3-484a-b420-67801f59f1dc;470.13;0.00048;SELL
2016-04-27T00:09:41.543494;2016-04-27T00:09:41.608409;69ec92ee-c15e-4735-9bf8-cf1d8b6710bc;470.13;1.03276;SELL
2016-04-27T00:10:01.399408;2016-04-27T00:10:01.452169;067bdf36-b411-4573-b28c-17971d571019;470.13;0.11724;SELL
2016-04-27T00:10:01.399643;2016-04-27T00:10:01.467795;35321c99-0dd3-4106-9879-b12288189006;470.13;0.074;SELL
2016-04-27T00:10:01.399844;2016-04-27T00:10:01.467795;e6b30cbe-0457-4acc-8723-020ea8ba9d0d;470.12;0.03125;SELL
2016-04-27T00:10:01.400021;2016-04-27T00:10:01.467795;e53815b2-dcf0-4e29-8a7b-b4a5664ecdd8;470.12;0.0812522;SELL
2016-04-27T00:10:01.400177;2016-04-27T00:10:01.499044;c7eb3128-c707-4176-889d-276acd054db0;470.12;0.019;SELL
2016-04-27T00:10:01.400327;2016-04-27T00:10:01.561549;8ebc9468-031a-4d38-bd86-a1ce6d4f5cbb;470.11;0.01975;SELL
2016-04-27T00:10:01.400484;2016-04-27T00:10:01.561549;d8a143f4-e6d2-4a62-b580-0d043f0e77b2;470.11;0.0115;SELL
2016-04-27T00:10:01.400633;2016-04-27T00:10:01.561549;cb7786ac-af80-4e58-ae53-1793f40e3674;470.11;0.074502;SELL
2016-04-27T00:10:01.400806;2016-04-27T00:10:01.577160;c42db463-e741-49c2-a279-e5ee8c232aff;470.11;0.019;SELL
2016-04-27T00:10:01.400960;2016-04-27T00:10:01.577160;2bf472ed-28d2-4de9-a55e-28cd9273cf81;470.1;0.01798;SELL
2016-04-27T00:10:01.401117;2016-04-27T00:10:01.577160;0bc51fce-42ff-42d8-a481-2b28c361dc61;470.1;0.0632888;SELL
2016-04-27T00:10:01.401261;2016-04-27T00:10:01.577160;b1045ea3-f7d8-4f16-81c9-0c65f3d65cd3;470.1;0.01327;SELL
2016-04-27T00:10:01.401420;2016-04-27T00:10:01.577160;1f1fec65-85fe-43ff-b58a-d641eff4e61f;470.1;0.03;SELL
2016-04-27T00:10:01.401584;2016-04-27T00:10:01.577160;b6376359-d5d8-419f-8306-537e2e547f28;470.1;0.018;SELL
2016-04-27T00:10:01.401737;2016-04-27T00:10:01.577160;2ff4d96d-3651-4331-834b-fd8163c7020b;470.09;0.05523;SELL
2016-04-27T00:10:01.401890;2016-04-27T00:10:01.577160;5e693c76-77ea-4c4a-be5e-a32d25bc20d8;470.09;0.01848;SELL
2016-04-27T00:10:01.402047;2016-04-27T00:10:01.577160;773ce08e-f5eb-47f1-b2f0-b1ad6b0ac411;470.09;0.0194222;SELL
2016-04-27T00:10:01.402190;2016-04-27T00:10:01.577160;6620277c-2f7b-4491-bd6d-ca76e8b566cc;470.09;0.01937;SELL
2016-04-27T00:10:01.402339;2016-04-27T00:10:01.577160;6bfdc28c-d627-4842-a5bc-cb7e498e3da4;470.09;0.018;SELL
2016-04-27T00:10:01.402490;2016-04-27T00:10:01.577160;a31bf10c-6408-4c7d-bff5-43cd11a2b523;470.08;0.017;SELL
2016-04-27T00:10:01.402644;2016-04-27T00:10:01.577160;f109b62c-9501-40ec-86f5-c09d268bbaa9;470.08;0.0155822;SELL
2016-04-27T00:10:01.402802;2016-04-27T00:10:01.577160;83474182-9c6e-4de9-898a-a06661e944aa;470.08;0.01425;SELL
2016-04-27T00:10:01.402950;2016-04-27T00:10:01.577160;c4bee72d-2e82-4dad-be6c-d8f9a74b4af8;470.08;0.06567;SELL
2016-04-27T00:10:01.403109;2016-04-27T00:10:01.577160;2de9d298-87b7-4839-88a9-31bbd22c4bfe;470.08;0.018;SELL
2016-04-27T00:10:01.403265;2016-04-27T00:10:01.577160;c0a0dd46-c7a7-4ab1-82fd-8294f8b150f3;470.08;0.125;SELL
2016-04-27T00:10:01.403406;2016-04-27T00:10:01.577160;1d90a750-4f6e-43ae-ba41-0a994a268872;470.07;0.024709;SELL
2016-04-27T00:10:01.403564;2016-04-27T00:10:01.577160;653d715a-5d4e-40de-99f8-f2c6bbb5c61f;470.07;0.0877932;SELL
2016-04-27T00:10:01.403724;2016-04-27T00:10:01.577160;0d83184a-61aa-42d8-8259-2297efda83a0;470.07;0.017;SELL
2016-04-27T00:10:01.403887;2016-04-27T00:10:01.577160;add1d538-5e88-47e5-bdc0-2864f9ae390e;470.07;0.21;SELL
2016-04-27T00:10:01.404045;2016-04-27T00:10:01.577160;474bff3d-6347-4589-9d14-af6733653b18;470.06;0.0812522;SELL
2016-04-27T00:10:01.404188;2016-04-27T00:10:01.577160;4568f788-1908-44d6-aeae-5614494b76aa;470.06;0.03125;SELL
2016-04-27T00:10:01.404339;2016-04-27T00:10:01.592797;076cd6cb-ee50-4bd1-9795-f87937191e30;470.06;0.017;SELL
2016-04-27T00:10:01.404506;2016-04-27T00:10:01.592797;c5ff2c8f-0b8a-453e-ad6c-30a41f72d066;470.05;0.03125;SELL
2016-04-27T00:10:01.404663;2016-04-27T00:10:01.655295;fa1e63f0-2265-4672-9c89-ab8e3d18d45c;470.05;0.0812522;SELL
2016-04-27T00:10:01.404824;2016-04-27T00:10:01.655295;67b0e315-d9a8-4257-9b52-e6f06bed4c00;470.05;0.017;SELL
2016-04-27T00:10:01.404987;2016-04-27T00:10:01.655295;6a138a32-e3d8-489b-a899-bcf1cdf8eb34;470.04;0.02;SELL
2016-04-27T00:10:01.405132;2016-04-27T00:10:01.655295;cdd00d85-75f4-4f58-a374-caf284deaf6b;470.04;0.0712522;SELL
2016-04-27T00:10:01.405272;2016-04-27T00:10:01.655295;fd605de8-53a6-41d7-8b7a-5b4b2ebabb46;470.04;0.01125;SELL
2016-04-27T00:10:01.405431;2016-04-27T00:10:01.655295;b54c8376-5e65-4bb1-b64c-7c5c17f40335;470.04;0.016;SELL
2016-04-27T00:10:01.405588;2016-04-27T00:10:01.655295;691d97e3-8dbe-42e5-9fbe-7f59bfdbc726;470.03;0.0462318;SELL
2016-04-27T00:10:01.405739;2016-04-27T00:10:01.655295;6d031cb5-ac6d-4baa-85c3-c847872e5684;470.03;0.0105522;SELL
2016-04-27T00:10:01.405890;2016-04-27T00:10:01.655295;49c5e966-2e3a-4a40-81cd-9e216fe9b93a;470.03;0.016;SELL
2016-04-27T00:10:01.406056;2016-04-27T00:10:01.655295;45841dae-6552-4b0c-b01c-e03d5fa388bb;470.03;0.115;SELL
2016-04-27T00:10:01.406202;2016-04-27T00:10:01.655295;92093194-182b-4a55-9c0a-2463a1880f3a;470.02;0.050435;SELL
2016-04-27T00:10:01.406351;2016-04-27T00:10:01.655295;42db752d-ac79-494a-8684-6835b6bbcf8b;470.02;0.0308172;SELL
2016-04-27T00:10:01.406498;2016-04-27T00:10:01.655295;03b0ea96-6a82-4f7e-b0a5-a3461525c9bd;470.02;0.011113;SELL
2016-04-27T00:10:01.406653;2016-04-27T00:10:01.655295;57215c38-a671-4981-8a2f-f5d2b2840341;470.02;0.01;SELL
2016-04-27T00:10:01.406813;2016-04-27T00:10:01.655295;d49fe81c-c214-449d-9bb2-e6f443fcfd69;470.02;0.016;SELL
2016-04-27T00:10:01.406962;2016-04-27T00:10:01.655295;b810fd55-294e-471a-a92d-cdbb16a67a64;470.01;0.0133938;SELL
2016-04-27T00:10:01.407122;2016-04-27T00:10:01.655295;828328cd-c2d8-4990-bd14-33df74d26f53;470.01;0.012363;SELL
2016-04-27T00:10:01.407266;2016-04-27T00:10:01.655295;5aac1fa9-a963-4dea-8de1-b05bec6ccddd;470.01;0.0129334;SELL
2016-04-27T00:10:01.407408;2016-04-27T00:10:01.670921;7f87f77d-5f09-47ea-b926-7c979f78f196;470.01;0.01;SELL
2016-04-27T00:10:01.407558;2016-04-27T00:10:01.670921;7116d214-d24f-4294-8f19-88ab02e13572;470.01;0.015;SELL
2016-04-27T00:10:01.407716;2016-04-27T00:10:01.670921;c8607e03-2441-4f80-acd0-a8176f846fdd;470.0;0.0179;SELL
2016-04-27T00:10:01.407862;2016-04-27T00:10:01.670921;966488b7-547e-4870-a1bc-3cdd5402b63c;470.0;0.0812522;SELL
2016-04-27T00:10:01.408019;2016-04-27T00:10:01.670921;453bc048-a299-4ab9-8429-9a06bb7bd0f1;470.0;0.01335;SELL
2016-04-27T00:10:01.408169;2016-04-27T00:10:01.686549;653e8b9c-c25a-48e0-b1e1-5f58e3451f9a;470.0;0.0115;SELL
2016-04-27T00:10:01.408303;2016-04-27T00:10:01.686549;beb593bb-6a67-44cd-85fe-9ffd5f346cee;470.0;7.8616822;SELL
2016-04-27T00:10:31.126092;2016-04-27T00:10:31.186560;ef2e8ebc-cb76-4f7b-80df-deaff89d20e4;470.09;0.01;BUY
2016-04-27T00:11:01.425949;2016-04-27T00:11:01.499074;c80d415f-bc03-4a73-a78c-3e3caed2265c;470.0;0.2783178;SELL
2016-04-27T00:11:01.426169;2016-04-27T00:11:01.514700;0537a550-cbbb-42ab-90dd-1942a9adf8fb;470.0;0.015;SELL
2016-04-27T00:11:01.426345;2016-04-27T00:11:01.514700;00fc2d60-b273-4355-8760-836b293f585e;470.0;0.095;SELL
2016-04-27T00:11:01.426496;2016-04-27T00:11:01.514700;046a3a10-27cc-4059-b989-8c60af4effa0;469.99;0.0650246;SELL
2016-04-27T00:11:01.426656;2016-04-27T00:11:01.514700;ddbb6d59-39a0-4141-a3dd-a2a75a0f602c;469.99;0.03125;SELL
2016-04-27T00:11:01.426820;2016-04-27T00:11:01.608451;99b7f7b3-8b76-463f-b11d-d5a6998ec634;469.99;0.0162276;SELL
2016-04-27T00:11:01.426995;2016-04-27T00:11:01.608451;8290c281-4d79-4b16-a59c-f246abd9bf3e;469.99;0.015;SELL
2016-04-27T00:11:01.427153;2016-04-27T00:11:01.608451;00662a10-0828-40d7-89c4-2cac6b1d917d;469.98;0.0285554;SELL
2016-04-27T00:11:01.427297;2016-04-27T00:11:01.608451;cacf20ce-a42f-47b6-90aa-600ea1dfa807;469.98;0.015;SELL
2016-04-27T00:11:01.427452;2016-04-27T00:11:01.608451;aa58021b-e8c0-4caa-a425-570b991ba972;469.98;0.06;SELL
2016-04-27T00:11:01.427596;2016-04-27T00:11:01.608451;f8ea9019-7895-4196-b143-f86626040663;469.97;0.0612522;SELL
2016-04-27T00:11:01.427765;2016-04-27T00:11:01.608451;015dd1dc-2b71-4c8f-b10c-2c7ab64aa6f9;469.97;0.0117;SELL
2016-04-27T00:11:01.427914;2016-04-27T00:11:01.608451;750fbed8-241d-41d3-af25-583de617485a;469.97;0.02;SELL
2016-04-27T00:11:01.428080;2016-04-27T00:11:01.608451;41d4c5a5-aa7c-4644-ad4f-5d254593a6ea;469.97;0.014;SELL
2016-04-27T00:11:01.428242;2016-04-27T00:11:01.608451;4be54134-6137-42f9-9e68-1a228d61cdeb;469.97;0.2;SELL
2016-04-27T00:11:01.428387;2016-04-27T00:11:01.608451;6e91d3f5-0627-4de9-ada0-67307ab171f7;469.96;0.03125;SELL
2016-04-27T00:11:01.428545;2016-04-27T00:11:01.608451;b1f9a06e-9b38-4574-a84d-005e4e66db2d;469.96;0.014;SELL
2016-04-27T00:11:01.428704;2016-04-27T00:11:01.608451;a390242c-fc14-4d90-a64a-6e262c5ea6ad;469.95;0.011352;SELL
2016-04-27T00:11:01.428861;2016-04-27T00:11:01.608451;7549bf60-655c-4be3-a004-af327decbfbd;469.95;0.03125;SELL
2016-04-27T00:11:01.429030;2016-04-27T00:11:01.608451;63c445da-2d68-45f9-828e-9b06f8c0c2f2;469.95;0.019878;SELL
2016-04-27T00:11:01.429179;2016-04-27T00:11:01.608451;fb842214-1f5d-45fd-908f-634e71bffa90;469.95;0.0500222;SELL
2016-04-27T00:11:01.429324;2016-04-27T00:11:01.608451;f8245a19-fa99-47df-9c11-67da60f35093;469.95;0.131;SELL
2016-04-27T00:11:01.429484;2016-04-27T00:11:01.608451;f011595c-c344-4bfc-afcc-415cbc0606fc;469.95;0.014;SELL
2016-04-27T00:11:01.429631;2016-04-27T00:11:01.608451;061982c7-3796-4f03-a631-7ac9cadd2e03;469.94;0.01;SELL
2016-04-27T00:11:01.429788;2016-04-27T00:11:01.608451;c2e52f4c-217c-4b16-8e93-55f45fecf8d4;469.94;0.02959;SELL
2016-04-27T00:11:01.429940;2016-04-27T00:11:01.608451;8f5fa21c-6cda-4531-83c3-72b649648116;469.94;0.02049;SELL
2016-04-27T00:11:01.430103;2016-04-27T00:11:01.608451;ff2433ab-d4bd-4941-9267-3135313ecdac;469.94;0.0524222;SELL
2016-04-27T00:11:01.430257;2016-04-27T00:11:01.608451;527d4e7e-3bfd-4a3b-8537-d59c40200ea4;469.94;0.013;SELL
2016-04-27T00:11:01.430401;2016-04-27T00:11:01.608451;6d11de9e-2e9f-47ca-8d42-6478443d7bbe;469.93;0.03125;SELL
2016-04-27T00:11:01.430543;2016-04-27T00:11:01.608451;3d82f5ff-2068-4170-b23c-c6719e9d1099;469.93;0.0798444;SELL
2016-04-27T00:11:01.430700;2016-04-27T00:11:01.608451;be225415-a8cd-4041-a500-0c0cb5f2f980;469.93;0.013;SELL
2016-04-27T00:11:01.430858;2016-04-27T00:11:01.608451;4c1c43fe-8855-4e49-a90b-420cbcc8305d;469.92;0.01;SELL
2016-04-27T00:11:01.431029;2016-04-27T00:11:01.624077;34187a61-da0d-4ace-aad5-a7ebcee144a5;469.92;0.013;SELL
2016-04-27T00:11:01.431175;2016-04-27T00:11:01.702201;de22acb5-9597-40fe-8d4f-b3ba9523f028;469.91;0.01;SELL
2016-04-27T00:11:01.431318;2016-04-27T00:11:01.702201;34598a28-698d-4e39-baf8-a013acb8d267;469.91;0.0812522;SELL
2016-04-27T00:11:01.431462;2016-04-27T00:11:01.702201;9a0269fe-34bc-41d5-be03-be69734996c2;469.91;0.02125;SELL
2016-04-27T00:11:01.431618;2016-04-27T00:11:01.702201;d32a9fe8-397d-4a83-9111-f4f3bbcec310;469.91;0.013;SELL
2016-04-27T00:11:01.431772;2016-04-27T00:11:01.702201;3ca77b6f-01ca-444d-a92a-177beea0b3c6;469.9;0.03125;SELL
2016-04-27T00:11:01.431935;2016-04-27T00:11:01.702201;c724806e-fd7d-4b81-88ad-1cf994d3a443;469.9;0.174;SELL
2016-04-27T00:11:01.432095;2016-04-27T00:11:01.702201;b37556b2-9981-4b8c-a1d3-0e78718fe6de;469.9;0.103;SELL
