time_exchange;time_coinpai;guid;price;base_amount;taker_side
2016-04-27T00:00:24.000000;2016-04-27T00:00:24.000000;a94bf592-2fa4-4200-b16e-3d7d9f2d49d0;468.14;0.20547782;UNKNOWN
2016-04-27T00:03:03.000000;2016-04-27T00:03:03.000000;7a60fd42-3590-4bba-941e-e869c8c3325b;468.13;0.32080645;UNKNOWN
2016-04-27T00:03:05.000000;2016-04-27T00:03:05.000000;83c8c24b-7b32-4f2e-a1d5-465a198b4577;468.13;0.32080645;UNKNOWN
2016-04-27T00:04:08.000000;2016-04-27T00:04:08.000000;37ee6632-3f96-470e-8a23-0c2a6860fb8e;468.13;0.024532;UNKNOWN
2016-04-27T00:04:40.000000;2016-04-27T00:04:40.000000;682b3f95-d739-4622-b5e9-42f3d2763873;468.14;0.04708967;UNKNOWN
2016-04-27T00:05:36.000000;2016-04-27T00:05:36.000000;59364c4f-b796-449c-be32-4bf82bedc8a5;468.13;0.13287327;UNKNOWN
2016-04-27T00:05:55.000000;2016-04-27T00:05:55.000000;8b63d53e-1ab9-4013-828d-9ff39f9b97f3;468.15;0.01;UNKNOWN
2016-04-27T00:06:08.000000;2016-04-27T00:06:08.000000;b991b601-0b58-4f64-bf12-492bc1765f2b;468.17;0.04215722;UNKNOWN
2016-04-27T00:08:09.000000;2016-04-27T00:08:09.000000;036ddf04-3b71-42c3-83ca-debe991a8bd9;468.18;0.201875;UNKNOWN
2016-04-27T00:08:19.000000;2016-04-27T00:08:19.000000;c8fbd7f2-9df5-424d-a595-9f49be090e59;468.2;0.8;UNKNOWN
2016-04-27T00:08:36.000000;2016-04-27T00:08:36.000000;fbd1208d-6a85-4b83-9a5c-91a0c0fba62a;468.19;0.5;UNKNOWN
2016-04-27T00:08:43.000000;2016-04-27T00:08:43.000000;909bc386-17fc-459f-9aa1-93daea7f3e6a;468.18;0.01968839;UNKNOWN
2016-04-27T00:09:04.000000;2016-04-27T00:09:04.000000;92e422eb-fca8-4356-a098-153a32161a4f;468.19;1.85787271;UNKNOWN
2016-04-27T00:09:06.000000;2016-04-27T00:09:06.000000;a14ad185-cd7b-414e-b3db-0fc73805d19d;468.2;0.64253312;UNKNOWN
2016-04-27T00:10:08.000000;2016-04-27T00:10:08.000000;3f19452d-d29d-41da-bddf-87bbd477f653;468.17;0.13700223;UNKNOWN
2016-04-27T00:12:31.000000;2016-04-27T00:12:31.000000;ff861c35-3420-45d7-bb0e-3556bfd48b10;468.2;3.20375908;UNKNOWN
2016-04-27T00:12:33.000000;2016-04-27T00:12:33.000000;5077562e-1dab-4f59-a78c-4a8c5ae59b00;468.2;0.3537078;UNKNOWN
2016-04-27T00:12:59.000000;2016-04-27T00:12:59.000000;d0e88ef0-466c-49d8-a869-96b37c8777dc;468.2;0.93244801;UNKNOWN
2016-04-27T00:12:59.000000;2016-04-27T00:12:59.000000;a09ac810-16ec-4fc7-ae65-ed67a8445047;468.2;4.06755199;UNKNOWN
2016-04-27T00:15:35.000000;2016-04-27T00:15:35.000000;a2cb11be-a9da-4b2e-adaa-508bbfe84f0e;468.59;3.3;UNKNOWN
2016-04-27T00:18:12.000000;2016-04-27T00:18:12.000000;8b4d3df7-867f-4f6e-82f7-b33e06eee53e;468.62;3.04026115;UNKNOWN
2016-04-27T00:18:12.000000;2016-04-27T00:18:12.000000;bb202275-b755-4ba0-aadf-1579b2fc95c2;468.61;6.3748;UNKNOWN
2016-04-27T00:18:12.000000;2016-04-27T00:18:12.000000;07846817-9bb9-413f-8df3-31829f4c73e6;468.6;10.0;UNKNOWN
2016-04-27T00:18:12.000000;2016-04-27T00:18:12.000000;05ee4e2a-e0d4-4fc3-ac1a-be6492af19ba;468.59;1.48103885;UNKNOWN
2016-04-27T00:18:18.000000;2016-04-27T00:18:18.000000;54a59b4f-35d5-441e-95c8-41afc9207a28;468.97;16.04026115;UNKNOWN
2016-04-27T00:18:18.000000;2016-04-27T00:18:18.000000;f611f1f4-849a-4407-b9b9-c274f7a41839;468.62;6.95973885;UNKNOWN
2016-04-27T00:18:18.000000;2016-04-27T00:18:18.000000;a06c015b-922d-4678-9e13-ad34f0a225cf;468.77;1.0;UNKNOWN
2016-04-27T00:18:40.000000;2016-04-27T00:18:40.000000;dc66b748-b8e8-46af-9f2d-bee16909963d;468.76;0.05303896;UNKNOWN
2016-04-27T00:18:48.000000;2016-04-27T00:18:48.000000;f3b4e2e7-a97a-4cdf-9ce7-88ddc62a4dc2;468.76;0.0962355;UNKNOWN
2016-04-27T00:19:01.000000;2016-04-27T00:19:01.000000;7db37b0a-c2fb-4b6a-b6af-28697dfd548f;468.58;0.43607794;UNKNOWN
2016-04-27T00:19:04.000000;2016-04-27T00:19:04.000000;6f79f3ef-a88e-4324-90a8-a8f87663d778;468.59;0.01;UNKNOWN
2016-04-27T00:21:27.000000;2016-04-27T00:21:27.000000;7bb68486-7083-4467-97f0-e18a297a3ce5;468.99;2.90836864;UNKNOWN
2016-04-27T00:21:27.000000;2016-04-27T00:21:27.000000;b91912f9-6b29-441d-a94e-fdfadf5fbce7;468.98;0.29;UNKNOWN
2016-04-27T00:21:28.000000;2016-04-27T00:21:28.000000;b25f7d2d-6783-4d21-88d4-57d3eb4f6708;468.92;0.198785;UNKNOWN
2016-04-27T00:26:34.000000;2016-04-27T00:26:34.000000;179ef865-c878-4a9b-bbc9-ee243ac74d8d;468.96;0.064105;UNKNOWN
2016-04-27T00:28:35.000000;2016-04-27T00:28:35.000000;219eac6b-3b03-4673-9f75-60711761bfe7;468.99;9.58163136;UNKNOWN
2016-04-27T00:28:35.000000;2016-04-27T00:28:35.000000;04005a6d-18a3-4599-95da-9bba7e5b91db;469.17;7.0;UNKNOWN
2016-04-27T00:28:35.000000;2016-04-27T00:28:35.000000;380837d4-b133-4168-8ebd-066447503555;469.16;6.3512;UNKNOWN
2016-04-27T00:28:40.000000;2016-04-27T00:28:40.000000;1615f34f-682b-49a3-bad7-40fe7048f08e;469.2;0.11752583;UNKNOWN
2016-04-27T00:29:33.000000;2016-04-27T00:29:33.000000;15df22c1-fefd-4e4d-9496-58fbfea31bc8;469.32;0.19835637;UNKNOWN
2016-04-27T00:29:40.000000;2016-04-27T00:29:40.000000;9fb81f6c-2983-49cd-826d-8c4cdee5eb16;469.32;0.31973637;UNKNOWN
2016-04-27T00:29:41.000000;2016-04-27T00:29:41.000000;fea582a9-0029-4946-bee6-5e1499867d01;469.32;0.19804;UNKNOWN
2016-04-27T00:29:43.000000;2016-04-27T00:29:43.000000;e0e55003-5b11-40a3-b1a5-5d69bb5fad85;469.32;0.31973637;UNKNOWN
2016-04-27T00:29:45.000000;2016-04-27T00:29:45.000000;8161cb5e-cc53-49ea-8420-3aad8286dc76;469.32;0.20034385;UNKNOWN
2016-04-27T00:29:45.000000;2016-04-27T00:29:45.000000;f7cece6d-cda9-40ca-bde5-3b3df3eb49ea;469.32;0.31973637;UNKNOWN
2016-04-27T00:29:57.000000;2016-04-27T00:29:57.000000;6fdf4a8f-df05-435a-82d0-32f56a726a3a;469.33;0.31994186;UNKNOWN
2016-04-27T00:30:00.000000;2016-04-27T00:30:00.000000;0abc9640-9625-4e25-97d6-2e1cd77b9ca6;469.33;0.31985048;UNKNOWN
2016-04-27T00:30:01.000000;2016-04-27T00:30:01.000000;2cc84d45-c64c-48f6-b915-db29bfaac978;469.33;0.43637049;UNKNOWN
2016-04-27T00:30:02.000000;2016-04-27T00:30:02.000000;b53a0f58-ed94-4192-b153-47e89a7a13ca;469.33;0.11656786;UNKNOWN
2016-04-27T00:30:02.000000;2016-04-27T00:30:02.000000;104b6d0c-4880-4dbe-be9d-2cc4cc609a8e;469.33;0.31985048;UNKNOWN
2016-04-27T00:30:04.000000;2016-04-27T00:30:04.000000;be9da00a-2d55-43cb-941f-f5926bfbd1b5;469.33;0.43625892;UNKNOWN
2016-04-27T00:30:08.000000;2016-04-27T00:30:08.000000;b5ca369c-8f53-4635-b9a0-f0990ea33db2;469.33;0.3197252;UNKNOWN
2016-04-27T00:30:09.000000;2016-04-27T00:30:09.000000;6a5f1491-19a5-4ab9-969a-7fee94b11f76;469.33;0.17464029;UNKNOWN
2016-04-27T00:30:14.000000;2016-04-27T00:30:14.000000;faadd300-e288-4f42-b386-0e60e92bd2b9;469.33;0.28646952;UNKNOWN
2016-04-27T00:31:30.000000;2016-04-27T00:31:30.000000;b566c4dc-6889-4c11-80ae-69969228242e;469.34;0.04787248;UNKNOWN
2016-04-27T00:32:08.000000;2016-04-27T00:32:08.000000;aabbb7b5-c005-4592-9a27-9a651052ced9;469.34;0.09837;UNKNOWN
2016-04-27T00:33:10.000000;2016-04-27T00:33:10.000000;667b3f69-d89c-4019-bb7a-25cd95cdc36f;469.34;0.49018422;UNKNOWN
2016-04-27T00:33:16.000000;2016-04-27T00:33:16.000000;ae43ee86-263b-4c68-bf6c-b7d9d740eec7;469.34;0.19931159;UNKNOWN
2016-04-27T00:34:08.000000;2016-04-27T00:34:08.000000;1f2b99fb-fe5e-499c-8797-b0953249b973;469.34;0.42191341;UNKNOWN
2016-04-27T00:35:17.000000;2016-04-27T00:35:17.000000;8e71dfee-bc5d-4d77-892f-b9cb1c549c3c;469.36;0.49016333;UNKNOWN
2016-04-27T00:35:49.000000;2016-04-27T00:35:49.000000;3f6d8e6b-2c4d-43b6-8b55-7a592bd532a9;469.55;0.0376;UNKNOWN
2016-04-27T00:35:49.000000;2016-04-27T00:35:49.000000;1f79a45e-b7c1-41c5-9fe2-afdcad8c2fbe;469.41;0.0559;UNKNOWN
2016-04-27T00:35:49.000000;2016-04-27T00:35:49.000000;9027fbef-80ff-471b-8004-aa0684d35c32;469.64;6.389;UNKNOWN
2016-04-27T00:35:49.000000;2016-04-27T00:35:49.000000;1fc9b3a3-db8a-4373-a111-e59ada774be4;469.5;0.083;UNKNOWN
2016-04-27T00:35:49.000000;2016-04-27T00:35:49.000000;ac41b81e-abe1-4ce9-9637-fbcbefdcd570;469.69;0.0254;UNKNOWN
2016-04-27T00:35:49.000000;2016-04-27T00:35:49.000000;f8ffe384-3a02-4fcd-92ca-bfb8e6545728;469.68;4.07493811;UNKNOWN
2016-04-27T00:35:49.000000;2016-04-27T00:35:49.000000;aa7ae0f1-ecfb-4a82-9322-506930d5fe37;469.72;5.68280629;UNKNOWN
2016-04-27T00:35:49.000000;2016-04-27T00:35:49.000000;775d0ded-5d00-4e5b-927c-a70cf2f50078;469.71;8.23;UNKNOWN
2016-04-27T00:35:49.000000;2016-04-27T00:35:49.000000;c246f0ee-d6f2-459e-ad9f-a20a843b6765;469.5;0.4213556;UNKNOWN
2016-04-27T00:36:06.000000;2016-04-27T00:36:06.000000;742b9d56-5e3c-4b87-bd44-80543ba5308e;469.5;0.02246;UNKNOWN
2016-04-27T00:36:09.000000;2016-04-27T00:36:09.000000;7888b8a4-ab6c-48a1-940b-dca1e22fedcd;469.44;0.01123;UNKNOWN
2016-04-27T00:36:10.000000;2016-04-27T00:36:10.000000;9b0b5dcc-e71f-4b7f-9a50-72fd47ae07d7;469.44;0.05171206;UNKNOWN
2016-04-27T00:36:12.000000;2016-04-27T00:36:12.000000;daf31d21-3690-489e-b562-a6ab46daa08b;469.44;0.05171206;UNKNOWN
2016-04-27T00:36:13.000000;2016-04-27T00:36:13.000000;d0256521-b282-419c-a52d-5f742b73eaa8;469.5;0.03367906;UNKNOWN
2016-04-27T00:36:15.000000;2016-04-27T00:36:15.000000;07f1a2f0-87b6-4dfb-a08d-1f6edba318b9;469.6;0.05171206;UNKNOWN
2016-04-27T00:36:17.000000;2016-04-27T00:36:17.000000;f7cf38bf-9b76-4ba1-8404-79afbcb5d98b;469.6;0.06527022;UNKNOWN
2016-04-27T00:36:19.000000;2016-04-27T00:36:19.000000;49356075-b22b-4fd6-985a-ba4b950ac14b;469.6;0.06527022;UNKNOWN
2016-04-27T00:36:22.000000;2016-04-27T00:36:22.000000;d2128d6e-0a46-432d-bc6c-a440a0077b34;469.6;0.06527022;UNKNOWN
2016-04-27T00:36:43.000000;2016-04-27T00:36:43.000000;094e76ac-8a93-4144-9277-e548bf4f2130;469.65;0.0693887;UNKNOWN
2016-04-27T00:36:45.000000;2016-04-27T00:36:45.000000;b783c9e7-9e92-459f-9e5b-5fdf3fd85747;469.65;0.0693887;UNKNOWN
2016-04-27T00:36:48.000000;2016-04-27T00:36:48.000000;092eb6d1-d68b-4b74-b001-6c752c93d82c;469.65;0.0693887;UNKNOWN
2016-04-27T00:36:51.000000;2016-04-27T00:36:51.000000;9ae61d1c-2c86-4051-b942-015c28a84037;469.65;0.0693887;UNKNOWN
2016-04-27T00:36:54.000000;2016-04-27T00:36:54.000000;05ae3c10-4f93-4798-bbd7-347d60eb8add;469.65;0.0693887;UNKNOWN
2016-04-27T00:36:57.000000;2016-04-27T00:36:57.000000;c7f6c461-e883-43cb-9a28-32193e68112f;469.65;0.0693887;UNKNOWN
2016-04-27T00:37:01.000000;2016-04-27T00:37:01.000000;dc34443c-953d-45de-8b4f-4f16f21eeee9;469.65;0.0693887;UNKNOWN
2016-04-27T00:37:06.000000;2016-04-27T00:37:06.000000;5f8b7149-f04f-44b6-8004-23ba6ddade42;469.65;0.0693887;UNKNOWN
2016-04-27T00:37:09.000000;2016-04-27T00:37:09.000000;c86778af-7e0a-46d9-bd82-317f8d7fe5fe;469.65;0.0693887;UNKNOWN
2016-04-27T00:37:11.000000;2016-04-27T00:37:11.000000;35c561cd-96ee-463c-adcd-9aca9c6841de;469.65;0.0693887;UNKNOWN
2016-04-27T00:37:13.000000;2016-04-27T00:37:13.000000;4bf11da1-c954-4507-ac37-7b2ffcfa86a5;469.65;0.0693887;UNKNOWN
2016-04-27T00:37:17.000000;2016-04-27T00:37:17.000000;c061485e-b331-4bc9-967f-c6fd353c602b;469.65;0.0693887;UNKNOWN
2016-04-27T00:37:18.000000;2016-04-27T00:37:18.000000;6c876e48-0d97-4b63-9716-ff9cbc76429f;469.72;3.27122225;UNKNOWN
2016-04-27T00:37:43.000000;2016-04-27T00:37:43.000000;580d1430-4b9d-4e71-a775-3eb93e7cf92a;469.71;0.213;UNKNOWN
2016-04-27T00:37:43.000000;2016-04-27T00:37:43.000000;88c4c314-5bf4-4e83-b374-e2c07e639d1f;469.72;0.037;UNKNOWN
2016-04-27T00:37:52.000000;2016-04-27T00:37:52.000000;221f4a6e-90ab-4ebc-b768-f8ef0e577982;469.65;0.0693887;UNKNOWN
2016-04-27T00:37:55.000000;2016-04-27T00:37:55.000000;895b3d57-3ee9-444a-a721-744be84f257e;469.65;0.0693887;UNKNOWN
2016-04-27T00:37:57.000000;2016-04-27T00:37:57.000000;7452106c-a729-4e6b-880f-7f278920592f;469.65;0.07855621;UNKNOWN
2016-04-27T00:37:58.000000;2016-04-27T00:37:58.000000;024f0061-17b9-46dc-a350-693dd5efe0a4;469.65;0.0693887;UNKNOWN
2016-04-27T00:38:00.000000;2016-04-27T00:38:00.000000;6cac6683-6a05-4014-83da-c6843f05e712;469.65;0.0693887;UNKNOWN
2016-04-27T00:38:03.000000;2016-04-27T00:38:03.000000;72eed3cb-9580-4922-a270-b57db5333ce8;469.65;0.0693887;UNKNOWN
2016-04-27T00:38:10.000000;2016-04-27T00:38:10.000000;87b5e463-a5d3-48bf-aa9b-0b846033c438;469.63;0.06517997;UNKNOWN
2016-04-27T00:38:13.000000;2016-04-27T00:38:13.000000;4b7b9626-efe6-40cf-b26c-110520f31de4;469.63;0.06770521;UNKNOWN
2016-04-27T00:38:15.000000;2016-04-27T00:38:15.000000;78b3085e-8ae0-4729-88c0-7360cf1f137a;469.63;0.01537658;UNKNOWN
2016-04-27T00:38:19.000000;2016-04-27T00:38:19.000000;2d65cde9-f233-46fd-a81a-f3718bf885df;469.63;0.03781954;UNKNOWN
2016-04-27T00:38:22.000000;2016-04-27T00:38:22.000000;9befb282-2f0e-4689-8679-9bcbb93f115d;469.63;1.1739187;UNKNOWN
2016-04-27T00:38:22.000000;2016-04-27T00:38:22.000000;14e023ae-b565-4c64-873f-bb014ae4e1ff;469.63;22.0;UNKNOWN
2016-04-27T00:38:34.000000;2016-04-27T00:38:34.000000;884a57e9-31f9-4166-a87e-3b5e81b7fc5b;469.6;0.21879822;UNKNOWN
2016-04-27T00:38:34.000000;2016-04-27T00:38:34.000000;fc082d82-81af-4020-89ce-67e99063f185;469.6;0.25;UNKNOWN
2016-04-27T00:38:38.000000;2016-04-27T00:38:38.000000;2621c770-e86f-458d-ab3c-baf1537b6bfc;468.55;7.37475719;UNKNOWN
2016-04-27T00:38:38.000000;2016-04-27T00:38:38.000000;c53f2a22-1136-4a34-acfc-9f33be0703e5;469.0;1.0;UNKNOWN
2016-04-27T00:38:38.000000;2016-04-27T00:38:38.000000;cbde1e37-55b3-4252-98f4-c2ab0855e8d6;469.2;7.94964281;UNKNOWN
2016-04-27T00:38:38.000000;2016-04-27T00:38:38.000000;17a5a1fd-9700-49d0-b350-c2a57d7386f5;469.23;6.3828;UNKNOWN
2016-04-27T00:38:38.000000;2016-04-27T00:38:38.000000;0966096f-2e79-4ef3-9394-436bab858cd2;468.56;8.15;UNKNOWN
2016-04-27T00:38:38.000000;2016-04-27T00:38:38.000000;a1cd6448-bc76-46ac-9735-cd824b9a9e38;468.57;10.509;UNKNOWN
2016-04-27T00:38:38.000000;2016-04-27T00:38:38.000000;2ad01160-f8b5-47ac-90b4-3794f463770a;469.21;8.6338;UNKNOWN
2016-04-27T00:38:39.000000;2016-04-27T00:38:39.000000;7d1d2d20-3c42-4ba9-9e6f-78de4331e965;469.37;0.05754;UNKNOWN
2016-04-27T00:39:13.000000;2016-04-27T00:39:13.000000;7dd6b8d6-8594-4320-8325-7ed1f11febf5;468.5;0.10532806;UNKNOWN
2016-04-27T00:40:24.000000;2016-04-27T00:40:24.000000;6ae3dd40-67e8-4dbf-8ae6-efdf9f83440e;468.49;0.02138749;UNKNOWN
2016-04-27T00:40:24.000000;2016-04-27T00:40:24.000000;2ca10cc2-6a33-4d32-a90f-c2d365b602cc;468.67;0.0714;UNKNOWN
2016-04-27T00:40:24.000000;2016-04-27T00:40:24.000000;b6fa0afd-1498-4daa-930d-6abf9c732bf8;468.61;1.0;UNKNOWN
2016-04-27T00:41:07.000000;2016-04-27T00:41:07.000000;a84d266f-d6bf-4a72-a301-be4589713e55;468.67;5.82462129;UNKNOWN
2016-04-27T00:41:13.000000;2016-04-27T00:41:13.000000;691232ee-fe24-4644-bada-b0b1dc2206ad;468.5;0.07859903;UNKNOWN
2016-04-27T00:42:08.000000;2016-04-27T00:42:08.000000;d01c73ef-c977-45c5-b6fe-f6668787d105;468.52;0.63187433;UNKNOWN
2016-04-27T00:42:56.000000;2016-04-27T00:42:56.000000;f760f073-aedc-40f2-a877-bb6b3b63f637;468.64;0.04277315;UNKNOWN
2016-04-27T00:43:03.000000;2016-04-27T00:43:03.000000;bcfb9905-db51-4903-ba48-e8f54a2f6e36;469.22;1.28215484;UNKNOWN
2016-04-27T00:44:11.000000;2016-04-27T00:44:11.000000;a5cc8186-0a80-401d-bb92-0d2d04c79709;468.23;12.9485;UNKNOWN
2016-04-27T00:44:11.000000;2016-04-27T00:44:11.000000;3c13f808-c0fa-4a3a-99f9-28c61155d2fe;468.04;12.2649;UNKNOWN
2016-04-27T00:44:11.000000;2016-04-27T00:44:11.000000;5b2d8004-1a64-4c77-83ad-b151594f346d;468.4;0.25;UNKNOWN
2016-04-27T00:44:11.000000;2016-04-27T00:44:11.000000;7291adf2-364d-4577-b757-99dd21fdb427;468.22;8.24;UNKNOWN
2016-04-27T00:44:11.000000;2016-04-27T00:44:11.000000;1c424c3f-c738-4517-b5e5-efb5d4355556;468.38;8.23;UNKNOWN
2016-04-27T00:44:11.000000;2016-04-27T00:44:11.000000;a826076b-67ba-4ef8-8ea3-01a304a2df4c;468.49;2.97861251;UNKNOWN
2016-04-27T00:44:11.000000;2016-04-27T00:44:11.000000;a182447b-3518-43a9-a3a9-6afe8edcd8bd;468.6;0.25;UNKNOWN
2016-04-27T00:44:11.000000;2016-04-27T00:44:11.000000;fbaa8bbd-3a25-4b47-80f1-b0c48a5b8d1c;468.63;6.3711;UNKNOWN
2016-04-27T00:44:11.000000;2016-04-27T00:44:11.000000;002bdbfd-de6b-464f-b5cb-cfaca357ba29;468.61;5.369;UNKNOWN
2016-04-27T00:44:11.000000;2016-04-27T00:44:11.000000;07f108a8-723a-4d35-a7ad-32ead8fb1812;468.37;13.058;UNKNOWN
2016-04-27T00:44:11.000000;2016-04-27T00:44:11.000000;347cbc3d-99fd-43c7-b66d-dcb7cdb875e4;468.02;4.07826184;UNKNOWN
2016-04-27T00:44:11.000000;2016-04-27T00:44:11.000000;805a6b84-0c69-4aa3-b17b-0f5a890ed5cc;468.01;5.67992565;UNKNOWN
2016-04-27T00:44:11.000000;2016-04-27T00:44:11.000000;a91b8973-5ed7-488e-a32f-c407c8750443;468.21;12.1317;UNKNOWN
2016-04-27T00:44:11.000000;2016-04-27T00:44:11.000000;336baa88-b83c-49e8-8427-951c38699aeb;468.02;8.15;UNKNOWN
2016-04-27T00:44:59.000000;2016-04-27T00:44:59.000000;131fb461-8c37-44e8-af28-6e3febb38059;468.02;0.24;UNKNOWN
2016-04-27T00:47:41.000000;2016-04-27T00:47:41.000000;d640ab15-da4e-4461-b2cf-0c8f1c7db95e;468.41;0.8;UNKNOWN
2016-04-27T00:48:12.000000;2016-04-27T00:48:12.000000;2cffd454-a93d-4c7f-a251-594295c8f9c5;468.11;0.31898842;UNKNOWN
2016-04-27T00:48:46.000000;2016-04-27T00:48:46.000000;229fef4b-b452-44a2-993a-ca636e5ea185;468.41;2.0;UNKNOWN
2016-04-27T00:50:27.000000;2016-04-27T00:50:27.000000;d1e5d13b-4eea-4095-84db-2331c4a982ef;468.42;6.3453;UNKNOWN
2016-04-27T00:51:02.000000;2016-04-27T00:51:02.000000;6fe36115-fcc8-45d9-b857-47ed23a1127f;468.42;6.3437;UNKNOWN
2016-04-27T00:51:02.000000;2016-04-27T00:51:02.000000;3f3e0647-23df-40b5-a4f3-a3780ae2e744;468.11;2.14554709;UNKNOWN
2016-04-27T00:51:02.000000;2016-04-27T00:51:02.000000;09c0b9c2-e3b3-48a2-a2ec-dd4c43ff7f40;468.42;3.28075291;UNKNOWN
2016-04-27T00:51:02.000000;2016-04-27T00:51:02.000000;c5b4de11-d115-4505-bfa3-d53809f97f0a;468.12;8.23;UNKNOWN
2016-04-27T00:51:12.000000;2016-04-27T00:51:12.000000;7de68c3c-5a64-4490-bccc-c17562c9ea44;467.8;0.11731131;UNKNOWN
2016-04-27T00:51:12.000000;2016-04-27T00:51:12.000000;b4d7cc56-4419-4de7-b7e0-65e5d738d6f1;467.97;0.14966856;UNKNOWN
2016-04-27T00:51:12.000000;2016-04-27T00:51:12.000000;d510bd3d-4354-4784-8601-db47ef5258f7;467.98;0.06028434;UNKNOWN
2016-04-27T00:51:12.000000;2016-04-27T00:51:12.000000;269f0da4-600c-499c-95d4-76afd88589b9;467.99;0.14296144;UNKNOWN
2016-04-27T00:51:12.000000;2016-04-27T00:51:12.000000;fdd9e421-c7ff-4c87-8fcd-a6ce6abfd13e;468.1;4.5;UNKNOWN
2016-04-27T00:51:12.000000;2016-04-27T00:51:12.000000;f08a15c4-cd5b-4b5d-b581-bc49403fadd1;468.0;2.2197;UNKNOWN
2016-04-27T00:51:12.000000;2016-04-27T00:51:12.000000;238a4148-e5c6-40cf-9509-937948551f5f;468.0;1.0;UNKNOWN
2016-04-27T00:51:12.000000;2016-04-27T00:51:12.000000;a4a7bcde-bb21-4cf6-adf8-0642069830f7;468.0;5.0;UNKNOWN
2016-04-27T00:51:12.000000;2016-04-27T00:51:12.000000;38af92a2-a8a1-49b6-8bee-0ad2c3e93667;468.01;6.81007435;UNKNOWN
2016-04-27T00:51:25.000000;2016-04-27T00:51:25.000000;2cc49013-bf13-4a9a-b533-a31cf62fca20;467.83;2.5;UNKNOWN
2016-04-27T00:52:08.000000;2016-04-27T00:52:08.000000;8ec78e52-481b-43bc-8d2d-5f6a2ba0f266;467.8;0.12211563;UNKNOWN
2016-04-27T00:52:30.000000;2016-04-27T00:52:30.000000;e24e6d10-1060-4257-8cac-0f1201c4ae57;467.81;6.3484;UNKNOWN
2016-04-27T00:52:40.000000;2016-04-27T00:52:40.000000;079b12ea-4f69-471c-8994-8f1bada17962;467.8;0.13921184;UNKNOWN
2016-04-27T00:53:20.000000;2016-04-27T00:53:20.000000;0c1e5509-c937-4b9a-b47c-3f18d01783be;467.8;0.04283441;UNKNOWN
2016-04-27T00:54:16.000000;2016-04-27T00:54:16.000000;78b7c927-1da6-4e53-9bed-59147172a674;467.8;0.45803636;UNKNOWN
2016-04-27T00:54:16.000000;2016-04-27T00:54:16.000000;61b6d08f-c0b4-499f-9ccd-34bddf776e15;467.8;0.213741;UNKNOWN
2016-04-27T00:55:37.000000;2016-04-27T00:55:37.000000;1a1afe37-ad4e-4e9e-aa11-bca78d63a4ce;467.8;2.17018822;UNKNOWN
2016-04-27T00:55:37.000000;2016-04-27T00:55:37.000000;70860733-990d-47e8-a89f-c40e0f6ac9c4;467.8;0.71181178;UNKNOWN
2016-04-27T00:56:17.000000;2016-04-27T00:56:17.000000;0d2a7b4b-7c7d-4e7b-b04c-d3d0774493ec;467.81;5.0;UNKNOWN
2016-04-27T00:57:18.000000;2016-04-27T00:57:18.000000;de1a6682-221c-4bcb-b00c-457b66d4c611;467.82;0.0136;UNKNOWN
2016-04-27T00:58:25.000000;2016-04-27T00:58:25.000000;d3419fff-3172-4d69-ab6a-b86cad4a899a;467.82;0.0588;UNKNOWN
2016-04-27T01:00:02.000000;2016-04-27T01:00:02.000000;54f05187-a510-4ce6-b464-b164e21ceed0;467.82;4.3425131;UNKNOWN
2016-04-27T01:00:10.000000;2016-04-27T01:00:10.000000;bef8c425-b810-41d5-bee2-bf1d5e8537fd;467.82;5.0;UNKNOWN
2016-04-27T01:00:10.000000;2016-04-27T01:00:10.000000;a8092b20-a533-4d93-876a-5a7458997aee;467.82;11.5850869;UNKNOWN
2016-04-27T01:00:10.000000;2016-04-27T01:00:10.000000;2c0a9b97-09d4-41e6-b3be-4a15387a7b87;467.82;0.4149131;UNKNOWN
2016-04-27T01:01:03.000000;2016-04-27T01:01:03.000000;3639f211-e50c-4f03-a787-a040a2777753;467.82;0.3881;UNKNOWN
2016-04-27T01:01:20.000000;2016-04-27T01:01:20.000000;7ef9e8a1-bfe5-403a-a410-a1c65537f178;467.82;0.6;UNKNOWN
2016-04-27T01:04:07.000000;2016-04-27T01:04:07.000000;ff050c32-c4f6-4f08-b555-aa79c7fcd489;467.82;1.07696224;UNKNOWN
2016-04-27T01:04:07.000000;2016-04-27T01:04:07.000000;fe8dc0e8-672a-4e47-9c81-0a4d00f90edc;467.83;0.51403776;UNKNOWN
2016-04-27T01:04:07.000000;2016-04-27T01:04:07.000000;5169eb59-1f34-42a6-889e-c7bccde51ae7;467.82;0.409;UNKNOWN
2016-04-27T01:04:14.000000;2016-04-27T01:04:14.000000;b25543dd-f596-440b-9780-cdc83d1aa2b0;467.8;0.33120778;UNKNOWN
2016-04-27T01:04:14.000000;2016-04-27T01:04:14.000000;76fa3909-68ce-4872-9579-da3a9ebe2113;467.8;0.46879222;UNKNOWN
2016-04-27T01:05:13.000000;2016-04-27T01:05:13.000000;42240ad4-0f04-4a92-b9d1-340514fcfdb3;467.8;0.20197;UNKNOWN
2016-04-27T01:06:00.000000;2016-04-27T01:06:00.000000;eae254ac-6496-4fc0-8102-1754864d2f65;467.8;3.96682222;UNKNOWN
2016-04-27T01:06:00.000000;2016-04-27T01:06:00.000000;0864b6af-5345-48fe-a06b-d407262e8fb4;467.79;0.95966178;UNKNOWN
2016-04-27T01:06:06.000000;2016-04-27T01:06:06.000000;d3827909-8dc6-45bb-a766-6ad2224b91a3;467.81;0.33826;UNKNOWN
2016-04-27T01:06:36.000000;2016-04-27T01:06:36.000000;7d1bbc70-7b66-4c06-b944-c4879b579204;467.81;0.03887;UNKNOWN
2016-04-27T01:06:49.000000;2016-04-27T01:06:49.000000;25bcfec2-797d-4459-a6d4-c08e58061b62;467.79;10.0;UNKNOWN
2016-04-27T01:07:10.000000;2016-04-27T01:07:10.000000;1069b2d7-75db-439f-ab4b-61b2dee380f8;467.78;1.0;UNKNOWN
2016-04-27T01:07:10.000000;2016-04-27T01:07:10.000000;91a19238-3e49-422d-a4a5-4fce48ded5bc;467.52;2.71527681;UNKNOWN
2016-04-27T01:07:10.000000;2016-04-27T01:07:10.000000;bf164295-2095-4a53-989a-691198368c29;467.77;0.1;UNKNOWN
2016-04-27T01:07:10.000000;2016-04-27T01:07:10.000000;705f3b3e-0fab-4cbc-be68-b7b63e100ecc;467.79;5.18991143;UNKNOWN
2016-04-27T01:08:13.000000;2016-04-27T01:08:13.000000;84146e15-485e-4c63-b081-184b38e5338a;467.43;2.5;UNKNOWN
2016-04-27T01:09:26.000000;2016-04-27T01:09:26.000000;ff1eb02e-2ca9-4d1c-b437-6872031d5894;467.43;22.5;UNKNOWN
2016-04-27T01:09:26.000000;2016-04-27T01:09:26.000000;b194103d-ae75-4a15-b03f-01a6df10c901;467.33;0.031;UNKNOWN
2016-04-27T01:09:26.000000;2016-04-27T01:09:26.000000;891ed6ca-8283-4bf3-a85a-29e88ae4dce8;467.11;4.9487;UNKNOWN
2016-04-27T01:09:26.000000;2016-04-27T01:09:26.000000;172fbc78-5b1b-4080-a541-efafcef232d9;467.43;3.5203;UNKNOWN
2016-04-27T01:13:17.000000;2016-04-27T01:13:17.000000;86c6cf36-33f1-4616-98a9-aaf2d2c6e7c8;467.14;0.03889;UNKNOWN
2016-04-27T01:13:23.000000;2016-04-27T01:13:23.000000;b88d1a69-e95b-400b-bb78-0598438e3b78;467.11;15.9275;UNKNOWN
2016-04-27T01:13:28.000000;2016-04-27T01:13:28.000000;25fdb994-9117-47cc-ba48-285147fc4e26;467.11;0.03;UNKNOWN
2016-04-27T01:13:50.000000;2016-04-27T01:13:50.000000;892c74d1-8600-4e07-9193-ec76ce8d7c83;467.11;4.27;UNKNOWN
2016-04-27T01:14:12.000000;2016-04-27T01:14:12.000000;5eb92d74-c6ac-4fec-becb-838ca069d757;467.08;0.02248;UNKNOWN
2016-04-27T01:14:12.000000;2016-04-27T01:14:12.000000;4e606b66-e6ac-4ccd-91bd-ca96d4c174b2;467.1;3.0;UNKNOWN
2016-04-27T01:14:12.000000;2016-04-27T01:14:12.000000;3f7b72b6-f089-4708-8ba4-a93c4f681284;467.01;12.49;UNKNOWN
2016-04-27T01:14:12.000000;2016-04-27T01:14:12.000000;5b03c246-2bf9-4f8b-8d14-332ac8a5671e;467.01;12.63469649;UNKNOWN
2016-04-27T01:14:39.000000;2016-04-27T01:14:39.000000;6a7b88d8-9f96-44f1-b650-7c7c04df069a;467.11;3.78332415;UNKNOWN
2016-04-27T01:14:39.000000;2016-04-27T01:14:39.000000;060362c6-3684-484a-9e4c-dd01c0cfba9a;467.11;19.46987585;UNKNOWN
2016-04-27T01:14:39.000000;2016-04-27T01:14:39.000000;acbb94b7-ff21-4565-9a48-d18ef6117197;467.08;0.45;UNKNOWN
2016-04-27T01:16:18.000000;2016-04-27T01:16:18.000000;91866041-4055-4ae2-ba91-03301356b623;467.66;0.212;UNKNOWN
2016-04-27T01:16:18.000000;2016-04-27T01:16:18.000000;122d04dc-8056-4a85-aa49-b1f57efcc45a;467.67;0.257;UNKNOWN
2016-04-27T01:16:18.000000;2016-04-27T01:16:18.000000;ce0ea132-b5b1-439e-806d-1f512261765f;467.65;0.4543;UNKNOWN
2016-04-27T01:16:39.000000;2016-04-27T01:16:39.000000;611304ec-4601-4da1-b8d7-3cb994475b35;467.5;0.17318;UNKNOWN
2016-04-27T01:16:52.000000;2016-04-27T01:16:52.000000;41a15dff-9ebf-4a5a-ad7b-6378a4e51e00;467.66;0.06413957;UNKNOWN
2016-04-27T01:17:08.000000;2016-04-27T01:17:08.000000;69eb7ee8-e030-4317-aa5c-8888571db2b0;467.66;0.41;UNKNOWN
2016-04-27T01:17:08.000000;2016-04-27T01:17:08.000000;88192b07-8041-4a0a-913f-1a81986b9aa6;467.67;3.4;UNKNOWN
2016-04-27T01:18:04.000000;2016-04-27T01:18:04.000000;7de5ae6e-90d2-4de1-9cfb-5eb0f53cef38;467.61;2.56623438;UNKNOWN
2016-04-27T01:18:10.000000;2016-04-27T01:18:10.000000;156f7b90-2f70-4021-b41d-358a81bd45ea;467.65;0.09719;UNKNOWN
2016-04-27T01:18:59.000000;2016-04-27T01:18:59.000000;8931037b-c00c-4f98-8a16-095531b6f3cf;467.61;0.12339131;UNKNOWN
2016-04-27T01:19:04.000000;2016-04-27T01:19:04.000000;75b1ce7d-b925-4e17-ad78-6e3e6e6606c6;467.61;0.02216775;UNKNOWN
2016-04-27T01:20:10.000000;2016-04-27T01:20:10.000000;0881682b-d2f6-47ff-a01f-880395689967;467.78;0.03558593;UNKNOWN
2016-04-27T01:20:13.000000;2016-04-27T01:20:13.000000;ad04f886-8932-4401-bd87-04feaec75ec9;467.78;0.0609797;UNKNOWN
2016-04-27T01:20:15.000000;2016-04-27T01:20:15.000000;0f60f628-e1b2-4e5e-8d7f-136f31417b1f;467.78;0.04974076;UNKNOWN
2016-04-27T01:20:18.000000;2016-04-27T01:20:18.000000;f6dea5dc-de70-458c-870b-bb21b96faee2;467.78;0.01613334;UNKNOWN
2016-04-27T01:20:23.000000;2016-04-27T01:20:23.000000;d73220a4-8a9e-4077-93f8-a3855cd84a25;467.78;0.04144012;UNKNOWN
2016-04-27T01:21:06.000000;2016-04-27T01:21:06.000000;efb58dcf-a9ec-490a-a131-531fea147b94;467.79;0.04165588;UNKNOWN
2016-04-27T01:21:16.000000;2016-04-27T01:21:16.000000;5410c506-9d38-44b6-a0ae-810ee5835b2c;467.89;0.01249585;UNKNOWN
2016-04-27T01:21:18.000000;2016-04-27T01:21:18.000000;7720bd35-6b76-433d-9f27-9b753f5e1883;467.89;0.02745079;UNKNOWN
2016-04-27T01:21:27.000000;2016-04-27T01:21:27.000000;12f26b56-128a-44c4-b041-e46654f59dea;467.89;0.01;UNKNOWN
2016-04-27T01:22:22.000000;2016-04-27T01:22:22.000000;018e6d01-8907-4e5e-8cc6-9c993849b1e4;467.89;0.02967561;UNKNOWN
2016-04-27T01:22:30.000000;2016-04-27T01:22:30.000000;02b9d412-77c3-4a83-8291-5ba41b06ca9a;467.89;0.03013362;UNKNOWN
2016-04-27T01:22:33.000000;2016-04-27T01:22:33.000000;f11ba79a-5bd1-42a3-af04-937f487097cf;467.89;1.80019077;UNKNOWN
2016-04-27T01:22:49.000000;2016-04-27T01:22:49.000000;df114910-0d52-4d54-bb05-ebf8293903e2;467.79;0.01834412;UNKNOWN
2016-04-27T01:23:10.000000;2016-04-27T01:23:10.000000;cc9842d4-db90-4f72-b91c-fc7b77fc7525;467.44;4.09341165;UNKNOWN
2016-04-27T01:23:30.000000;2016-04-27T01:23:30.000000;cd4d631a-1e1a-4dbc-82c8-3942c7eaaaec;467.25;4.09445917;UNKNOWN
2016-04-27T01:23:43.000000;2016-04-27T01:23:43.000000;59e12214-af83-4952-803f-4fc4e9c6e0c9;467.17;4.09466874;UNKNOWN
2016-04-27T01:23:53.000000;2016-04-27T01:23:53.000000;d324db75-0dd4-477e-bc84-472a962be3dc;467.04;0.03151147;UNKNOWN
2016-04-27T01:23:58.000000;2016-04-27T01:23:58.000000;e4b59a6e-05f4-4566-bf73-1cee05c525f9;467.02;0.0315808;UNKNOWN
2016-04-27T01:24:16.000000;2016-04-27T01:24:16.000000;d0566a4e-275a-4b86-bc95-b5b96355a6ca;467.0;0.39658918;UNKNOWN
2016-04-27T01:24:16.000000;2016-04-27T01:24:16.000000;37fd21c2-c1a3-440a-a2ff-cef88a6db944;467.0;0.10341082;UNKNOWN
2016-04-27T01:24:16.000000;2016-04-27T01:24:16.000000;e34532a7-70d8-45ee-9b02-033deb2814aa;467.0;1.0;UNKNOWN
2016-04-27T01:24:16.000000;2016-04-27T01:24:16.000000;35192553-1f18-4fa3-bbc3-3df6e2f85505;467.0;1.0;UNKNOWN
2016-04-27T01:24:24.000000;2016-04-27T01:24:24.000000;69974f1d-eeef-410a-81b7-fc9be4e963a8;467.02;0.6595;UNKNOWN
2016-04-27T01:24:41.000000;2016-04-27T01:24:41.000000;d9e1acd8-73d8-47a0-b34e-c6d83e34183d;467.0;5.0;UNKNOWN
2016-04-27T01:24:41.000000;2016-04-27T01:24:41.000000;d6a68ebf-865a-41d9-8630-206e9561a006;467.0;15.0;UNKNOWN
2016-04-27T01:24:41.000000;2016-04-27T01:24:41.000000;1b19eeac-5e31-4f79-a7ba-71140df4b8a3;467.0;0.0909;UNKNOWN
2016-04-27T01:24:41.000000;2016-04-27T01:24:41.000000;8de071b6-94cd-4bad-8b8f-8fc2f32dcd43;467.0;35.90112412;UNKNOWN
2016-04-27T01:24:41.000000;2016-04-27T01:24:41.000000;3178527c-dc6c-48f1-bb46-3f0da8e6fd5d;467.0;4.60341082;UNKNOWN
2016-04-27T01:24:41.000000;2016-04-27T01:24:41.000000;12251b95-1f1c-4eab-b772-ff30e3cdade4;467.0;1.0;UNKNOWN
2016-04-27T01:25:03.000000;2016-04-27T01:25:03.000000;50707bd6-540c-4b05-8444-7ae28676c4ae;467.0;0.44117202;UNKNOWN
2016-04-27T01:25:21.000000;2016-04-27T01:25:21.000000;8a55db48-dbe6-4737-8478-f8947e32804a;467.0;0.32101439;UNKNOWN
2016-04-27T01:26:04.000000;2016-04-27T01:26:04.000000;b1105800-a879-4d88-bb63-a62a9ebf6359;467.0;0.61766856;UNKNOWN
2016-04-27T01:26:15.000000;2016-04-27T01:26:15.000000;1a8aae05-afde-4235-b54f-822f58e6ea15;467.0;0.32842692;UNKNOWN
2016-04-27T01:26:35.000000;2016-04-27T01:26:35.000000;56c30252-1edd-4155-bef6-968ba5a96068;467.02;0.161;UNKNOWN
2016-04-27T01:26:53.000000;2016-04-27T01:26:53.000000;1a07ee47-c47a-46ff-b248-58e5c058ba0f;467.0;1.0;UNKNOWN
2016-04-27T01:27:07.000000;2016-04-27T01:27:07.000000;5f75c1d7-25e2-4f39-92bd-718ad0d5a4a8;467.0;0.5;UNKNOWN
2016-04-27T01:27:46.000000;2016-04-27T01:27:46.000000;5cab4bbd-93d1-4df0-9ea4-39c395b0e0ca;467.02;0.187;UNKNOWN
2016-04-27T01:28:00.000000;2016-04-27T01:28:00.000000;1d288011-cacc-4e05-9193-ebf8b00d1b0c;467.0;0.21456188;UNKNOWN
2016-04-27T01:29:24.000000;2016-04-27T01:29:24.000000;f4b322b5-4c93-49dd-a9c8-faf3c19738cd;467.01;0.12609;UNKNOWN
2016-04-27T01:29:24.000000;2016-04-27T01:29:24.000000;ac347826-b69d-4a55-850c-8a989d6ceaa4;467.02;0.06091;UNKNOWN
2016-04-27T01:30:21.000000;2016-04-27T01:30:21.000000;c9b576db-e388-4321-ae4b-1b9972cd014b;467.02;0.1221;UNKNOWN
2016-04-27T01:30:41.000000;2016-04-27T01:30:41.000000;1cc92b61-1bfc-4c15-bd96-a89e4f003222;467.0;7.0;UNKNOWN
2016-04-27T01:32:53.000000;2016-04-27T01:32:53.000000;2d461e86-6cc4-42e3-ba49-60f961e247f8;467.0;0.32226904;UNKNOWN
2016-04-27T01:33:04.000000;2016-04-27T01:33:04.000000;e95c9b47-dbca-46ad-a21a-08e8fed696bb;467.0;0.21518415;UNKNOWN
2016-04-27T01:33:05.000000;2016-04-27T01:33:05.000000;aab07be0-69c4-41e9-a543-f2d194213dab;467.0;4.09424963;UNKNOWN
2016-04-27T01:33:05.000000;2016-04-27T01:33:05.000000;8e78393c-e709-470e-b29b-e1498549a3e4;466.9;0.033;UNKNOWN
2016-04-27T01:33:05.000000;2016-04-27T01:33:05.000000;0942ab86-073b-48cd-8c9d-3df7e0247664;467.0;3.13857892;UNKNOWN
2016-04-27T01:33:05.000000;2016-04-27T01:33:05.000000;1345391f-26c5-46df-9794-44e8d5afe061;467.0;4.094082;UNKNOWN
2016-04-27T01:33:05.000000;2016-04-27T01:33:05.000000;dd4465d7-406c-42e9-b0d5-ef91d6a7876d;467.0;4.09332787;UNKNOWN
2016-04-27T01:33:05.000000;2016-04-27T01:33:05.000000;ac2406e3-53cf-4a20-a959-e97c9317fc80;467.0;4.09332787;UNKNOWN
2016-04-27T01:33:05.000000;2016-04-27T01:33:05.000000;166a1546-26bb-46cd-873e-3aba861b88a7;467.0;4.094082;UNKNOWN
2016-04-27T01:33:05.000000;2016-04-27T01:33:05.000000;18cd7edf-ba08-472c-8c0d-efe0bd9afd6a;467.0;4.09538143;UNKNOWN
2016-04-27T01:33:05.000000;2016-04-27T01:33:05.000000;e294e788-25bc-4266-8e41-f1516c9f0579;466.86;1.5645;UNKNOWN
2016-04-27T01:33:05.000000;2016-04-27T01:33:05.000000;c2ce0144-efb2-484f-8367-c6b069aed054;466.85;1.74509539;UNKNOWN
2016-04-27T01:33:12.000000;2016-04-27T01:33:12.000000;e1ec7d79-6e9e-4f74-bdd6-4c34194a65cc;466.8;0.04014446;UNKNOWN
2016-04-27T01:33:12.000000;2016-04-27T01:33:12.000000;f1438f60-18dc-4625-985c-901a7e4023be;466.8;0.04;UNKNOWN
2016-04-27T01:33:52.000000;2016-04-27T01:33:52.000000;3a929a4d-dfd4-4f31-9af9-f0dcfb519f43;466.8;4.99014446;UNKNOWN
2016-04-27T01:33:52.000000;2016-04-27T01:33:52.000000;2bcf17db-25bd-4adb-8fd6-36b8e642037e;466.8;0.16985554;UNKNOWN
2016-04-27T01:34:02.000000;2016-04-27T01:34:02.000000;8a0d7b7b-ac72-422f-b71f-064521103407;466.76;0.01;UNKNOWN
2016-04-27T01:34:02.000000;2016-04-27T01:34:02.000000;ed445c0d-add1-4beb-b402-1929bc6401d8;466.8;0.00985554;UNKNOWN
2016-04-27T01:34:02.000000;2016-04-27T01:34:02.000000;8519046d-d712-4739-b49b-1f24f6cc3061;466.76;0.16219;UNKNOWN
2016-04-27T01:34:02.000000;2016-04-27T01:34:02.000000;1f612791-cedf-4f42-a2a1-97d0172c9b12;466.75;3.60316347;UNKNOWN
2016-04-27T01:34:31.000000;2016-04-27T01:34:31.000000;086a6150-5e79-4c93-b506-716791da0cbf;466.75;1.26;UNKNOWN
2016-04-27T01:34:34.000000;2016-04-27T01:34:34.000000;f6cf5468-cad1-4544-bd57-93b25958b621;466.75;0.32244165;UNKNOWN
2016-04-27T01:34:36.000000;2016-04-27T01:34:36.000000;2c70fbb8-b292-4f77-8b40-fe185f20a9ad;466.75;0.32244165;UNKNOWN
2016-04-27T01:34:51.000000;2016-04-27T01:34:51.000000;b7629c6e-aad3-495d-877b-c95db3c52378;466.57;9.0;UNKNOWN
2016-04-27T01:34:51.000000;2016-04-27T01:34:51.000000;6ed1b78c-35b0-46d0-ac72-802a26e1aad3;466.66;0.0331;UNKNOWN
2016-04-27T01:34:51.000000;2016-04-27T01:34:51.000000;1f028ae7-4067-41d6-ba19-3874131fffa1;466.6;1.3657;UNKNOWN
2016-04-27T01:34:51.000000;2016-04-27T01:34:51.000000;c7841149-c967-492d-b69f-3531a1b2517a;466.63;0.255177;UNKNOWN
2016-04-27T01:34:51.000000;2016-04-27T01:34:51.000000;25509cea-d3e4-4cb5-aa43-7008d451d521;466.59;10.0;UNKNOWN
2016-04-27T01:34:51.000000;2016-04-27T01:34:51.000000;78c1cf1b-3389-4037-9f20-272d9f799612;466.6;0.25;UNKNOWN
2016-04-27T01:34:51.000000;2016-04-27T01:34:51.000000;bf1af3c3-a53c-4a27-8f60-b86ddf81ed14;466.6;0.5;UNKNOWN
2016-04-27T01:34:51.000000;2016-04-27T01:34:51.000000;c5041455-5044-433d-80a7-e6ffae901ba4;466.75;19.49195323;UNKNOWN
2016-04-27T01:34:51.000000;2016-04-27T01:34:51.000000;a2a443c2-1e33-45cf-9be2-81c0bb5e6786;466.59;0.0476;UNKNOWN
2016-04-27T01:34:51.000000;2016-04-27T01:34:51.000000;c8534b9d-fb7a-4694-955d-03f6af47f1de;466.56;9.05646977;UNKNOWN
2016-04-27T01:34:57.000000;2016-04-27T01:34:57.000000;14bf2b37-9dce-4489-bc59-500b822c3a55;466.56;0.1;UNKNOWN
2016-04-27T01:35:16.000000;2016-04-27T01:35:16.000000;72d873c6-2840-4125-be0a-769527e0924c;466.56;0.59874;UNKNOWN
2016-04-27T01:35:35.000000;2016-04-27T01:35:35.000000;0dbe2073-76f1-4192-ae8f-06a3af5387e2;466.56;0.24479023;UNKNOWN
2016-04-27T01:35:42.000000;2016-04-27T01:35:42.000000;617ecd47-7e20-4e99-aa62-eb9c15bdeb13;466.5;0.1;UNKNOWN
2016-04-27T01:35:42.000000;2016-04-27T01:35:42.000000;98671c3d-1954-4f54-b6dc-822c2eefc338;466.5;2.5;UNKNOWN
2016-04-27T01:36:30.000000;2016-04-27T01:36:30.000000;8ec5c48b-a961-4f53-9b2a-d00b67aa806b;466.5;2.0;UNKNOWN
2016-04-27T01:36:30.000000;2016-04-27T01:36:30.000000;ce9b5500-9a0c-4cc2-bf4a-a506afbf7984;466.37;3.23883029;UNKNOWN
2016-04-27T01:36:30.000000;2016-04-27T01:36:30.000000;5f9c80fd-b861-4977-bb3f-90368bb37f63;466.5;4.09512987;UNKNOWN
2016-04-27T01:36:30.000000;2016-04-27T01:36:30.000000;29997fcc-5e01-4e1a-b11b-8f7ec5185114;466.5;27.4;UNKNOWN
2016-04-27T01:36:30.000000;2016-04-27T01:36:30.000000;a35e4ffc-fecf-442a-abe1-3be6f28ea260;466.5;4.09429153;UNKNOWN
2016-04-27T01:36:30.000000;2016-04-27T01:36:30.000000;07a23d33-9118-4d4f-8e91-ef76a2d28358;466.5;0.9835;UNKNOWN
2016-04-27T01:36:30.000000;2016-04-27T01:36:30.000000;a4329520-d9ab-48c4-aa98-df4220019231;466.5;4.09311844;UNKNOWN
2016-04-27T01:36:30.000000;2016-04-27T01:36:30.000000;f9e6e4d9-e7ee-4b33-8435-49a09d778376;466.5;4.09512987;UNKNOWN
2016-04-27T01:36:41.000000;2016-04-27T01:36:41.000000;c22648cc-4334-4761-93b0-8a70ba2c48f2;466.37;0.05;UNKNOWN
2016-04-27T01:37:23.000000;2016-04-27T01:37:23.000000;8f2537af-c1ce-41f7-b178-53d35a7bcd1f;466.42;0.32215331;UNKNOWN
2016-04-27T01:37:23.000000;2016-04-27T01:37:23.000000;cc782122-b2c6-4b45-a717-bc1eb6c63f4c;466.42;0.03074507;UNKNOWN
2016-04-27T01:37:33.000000;2016-04-27T01:37:33.000000;936c41d1-f939-4569-8ac0-f28b45e4a00e;466.55;11.9262;UNKNOWN
2016-04-27T01:39:07.000000;2016-04-27T01:39:07.000000;ef284ceb-4def-4ae4-afbb-78b81937aa57;466.47;8.0738;UNKNOWN
2016-04-27T01:40:00.000000;2016-04-27T01:40:00.000000;a4e41aea-f0af-4f12-a557-1987c39bfebe;467.53;0.214;UNKNOWN
2016-04-27T01:40:00.000000;2016-04-27T01:40:00.000000;d6264be3-2a57-4313-baa0-42b5b12a43bc;467.54;1.786;UNKNOWN
2016-04-27T01:40:08.000000;2016-04-27T01:40:08.000000;592145c3-8b14-4117-bb7e-90c254a156eb;467.0;0.10569443;UNKNOWN
2016-04-27T01:40:59.000000;2016-04-27T01:40:59.000000;fcf2847e-e932-4cd9-b397-7b2381dd46b4;467.61;1.0;UNKNOWN
2016-04-27T01:41:01.000000;2016-04-27T01:41:01.000000;7f45e599-95b1-4465-b3c6-6236bef3c12e;467.01;0.09501014;UNKNOWN
2016-04-27T01:41:04.000000;2016-04-27T01:41:04.000000;071a5912-9d79-443c-bffa-1e3f8bb0ca8e;467.02;1.28215484;UNKNOWN
2016-04-27T01:41:04.000000;2016-04-27T01:41:04.000000;62e450f8-5524-4b6b-a1e7-d36fe5f1efd3;467.02;0.01951861;UNKNOWN
2016-04-27T01:41:06.000000;2016-04-27T01:41:06.000000;6ddc03d5-b2fb-4f52-894a-f3e7df67c3ba;467.03;0.01951861;UNKNOWN
2016-04-27T01:42:04.000000;2016-04-27T01:42:04.000000;831af269-378d-4ff6-b31d-ac7bcd09691d;467.53;0.07349;UNKNOWN
2016-04-27T01:42:26.000000;2016-04-27T01:42:26.000000;433cd03c-31ef-46d8-b5d7-944736a0604d;467.54;0.08;UNKNOWN
2016-04-27T01:42:32.000000;2016-04-27T01:42:32.000000;24a6e4a3-d4f4-41dc-ad3d-0b6a248a5443;467.52;0.02255;UNKNOWN
2016-04-27T01:42:47.000000;2016-04-27T01:42:47.000000;6cdd846c-3307-4253-b627-d10b4aa87642;467.53;0.02255;UNKNOWN
2016-04-27T01:44:02.000000;2016-04-27T01:44:02.000000;1b961f90-1552-41e9-abbf-7291e09ea9f2;467.95;4.165;UNKNOWN
2016-04-27T01:44:02.000000;2016-04-27T01:44:02.000000;5ec317c8-1249-450a-a6ac-3467f608a8ff;467.93;0.409;UNKNOWN
2016-04-27T01:44:02.000000;2016-04-27T01:44:02.000000;50e9bf2a-0bfe-4d3c-9419-7599104ac874;467.92;0.214;UNKNOWN
2016-04-27T01:44:02.000000;2016-04-27T01:44:02.000000;88496396-2016-4664-905f-ef6015194445;467.91;0.212;UNKNOWN
2016-04-27T01:45:06.000000;2016-04-27T01:45:06.000000;5c13d70a-85cb-4ab1-bf2d-fdb8861a669f;467.57;0.02;UNKNOWN
2016-04-27T01:45:49.000000;2016-04-27T01:45:49.000000;46920eb1-d2e1-4eb8-ac1d-aedf28c6544b;467.61;0.214;UNKNOWN
2016-04-27T01:45:54.000000;2016-04-27T01:45:54.000000;65c795c3-b990-4b06-bd3b-082d730f71a9;467.62;0.02;UNKNOWN
2016-04-27T01:46:10.000000;2016-04-27T01:46:10.000000;6be36715-1955-4fec-8c2a-89a1c563e742;467.62;0.01734961;UNKNOWN
2016-04-27T01:46:46.000000;2016-04-27T01:46:46.000000;d25fef1c-5a67-4556-aa83-0be40182cfe2;467.62;0.01735389;UNKNOWN
2016-04-27T01:47:02.000000;2016-04-27T01:47:02.000000;9ce2b0ab-dbf3-4df6-92ea-52074edf414e;467.62;0.01735218;UNKNOWN
2016-04-27T01:48:51.000000;2016-04-27T01:48:51.000000;bbe1b453-b583-41a7-877c-01da69668c96;467.63;0.53;UNKNOWN
2016-04-27T01:50:24.000000;2016-04-27T01:50:24.000000;6ddea332-6734-4817-b946-c416cceba08e;467.64;0.05375789;UNKNOWN
2016-04-27T01:52:11.000000;2016-04-27T01:52:11.000000;0fbd5674-5808-4958-b103-2fca7749f65c;467.61;0.02;UNKNOWN
2016-04-27T01:52:57.000000;2016-04-27T01:52:57.000000;3a9af833-2e02-4d41-86ae-28e3b5fee1e5;467.61;0.02;UNKNOWN
2016-04-27T01:53:13.000000;2016-04-27T01:53:13.000000;5f8b04da-a6f3-4c44-87cf-b4d4f6fee70e;467.7;10.0;UNKNOWN
2016-04-27T01:53:30.000000;2016-04-27T01:53:30.000000;61d332bf-1561-4b6f-bf7c-2bcb4d6d5fe6;467.61;4.286;UNKNOWN
2016-04-27T01:53:30.000000;2016-04-27T01:53:30.000000;601d6218-cfc6-4ffd-bee5-da0f73e9a2cb;467.61;3.4322;UNKNOWN
2016-04-27T01:53:30.000000;2016-04-27T01:53:30.000000;aeef8270-2e90-4568-a539-db13c1c701b3;467.7;2.2818;UNKNOWN
2016-04-27T01:54:40.000000;2016-04-27T01:54:40.000000;de57f693-bc64-4d2c-8109-352b017ee5d6;467.58;0.64272226;UNKNOWN
2016-04-27T01:54:41.000000;2016-04-27T01:54:41.000000;0d77bb34-1e1c-4f9c-9372-12badb168d5a;467.59;10.0;UNKNOWN
2016-04-27T01:55:55.000000;2016-04-27T01:55:55.000000;6f68cc3f-3175-469c-bb15-d6e8d4d4f85d;467.57;0.01;UNKNOWN
2016-04-27T01:56:01.000000;2016-04-27T01:56:01.000000;49aa5e60-0195-4f39-af29-7eba3acb2a54;467.59;0.02;UNKNOWN
2016-04-27T01:56:10.000000;2016-04-27T01:56:10.000000;ab1e9f63-dcec-4e21-82b0-7cb5cc1d2724;467.73;0.02;UNKNOWN
2016-04-27T01:56:46.000000;2016-04-27T01:56:46.000000;660f65b4-d85d-4673-8dc3-c76a6a944299;467.52;0.01;UNKNOWN
2016-04-27T01:57:09.000000;2016-04-27T01:57:09.000000;2484c64f-11b3-49cd-91a9-bfd993f84284;467.72;0.15;UNKNOWN
2016-04-27T01:57:26.000000;2016-04-27T01:57:26.000000;a71cd92a-9378-42a7-adc5-31e1f1966244;467.72;10.0;UNKNOWN
2016-04-27T01:59:04.000000;2016-04-27T01:59:04.000000;81742a3b-e173-4abf-8b29-12f04712b766;467.96;0.02253008;UNKNOWN
2016-04-27T01:59:15.000000;2016-04-27T01:59:15.000000;f61e6b34-f90e-41d8-ad82-82cd6b7a1047;467.68;10.0;UNKNOWN
2016-04-27T02:05:34.000000;2016-04-27T02:05:34.000000;aae94a84-71a7-43da-b7fc-9b92af38868d;467.75;0.028;UNKNOWN
2016-04-27T02:07:05.000000;2016-04-27T02:07:05.000000;a3904173-0723-4ea6-b253-1c11bc297c18;467.52;0.31719839;UNKNOWN
2016-04-27T02:07:07.000000;2016-04-27T02:07:07.000000;bc10c896-d39b-4a2b-949c-0486b6e96882;467.52;0.31719839;UNKNOWN
2016-04-27T02:07:49.000000;2016-04-27T02:07:49.000000;2c3b1ba6-f40f-4a5b-8697-51e3b5d6b0e4;467.52;0.32806163;UNKNOWN
2016-04-27T02:07:51.000000;2016-04-27T02:07:51.000000;b94a5601-2057-4419-a393-752368b6c27f;467.52;0.00499159;UNKNOWN
2016-04-27T02:08:04.000000;2016-04-27T02:08:04.000000;b6b61232-ab56-44b6-89c9-9f8b64401b82;467.0;0.5;UNKNOWN
2016-04-27T02:08:47.000000;2016-04-27T02:08:47.000000;5d975c1c-ef17-4395-809c-87be5d01cede;467.0;0.32254447;UNKNOWN
2016-04-27T02:11:03.000000;2016-04-27T02:11:03.000000;2a85fa80-04b3-4aa3-8208-52af7114d15f;467.06;0.32248669;UNKNOWN
2016-04-27T02:11:13.000000;2016-04-27T02:11:13.000000;e1ddaea8-e04e-4aeb-b9af-8a30fd3e1af6;467.06;0.07748452;UNKNOWN
2016-04-27T02:11:32.000000;2016-04-27T02:11:32.000000;0036f689-efae-4923-9136-b077b3b8d469;467.05;0.0522467;UNKNOWN
2016-04-27T02:11:33.000000;2016-04-27T02:11:33.000000;25ee4c14-edde-493d-8208-49834cc10106;467.31;0.01;UNKNOWN
2016-04-27T02:11:35.000000;2016-04-27T02:11:35.000000;d13eafef-7a8d-4331-b738-68e8d68fc1b8;467.05;0.0422467;UNKNOWN
2016-04-27T02:12:45.000000;2016-04-27T02:12:45.000000;25d708bb-a81f-4c12-8ef2-d8fd90e6f531;467.1;0.32307004;UNKNOWN
2016-04-27T02:13:35.000000;2016-04-27T02:13:35.000000;f03fbe3f-0522-4724-8ec8-36162570a6d7;467.08;0.01896932;UNKNOWN
2016-04-27T02:14:08.000000;2016-04-27T02:14:08.000000;f90aaa1f-e592-4093-b915-7a386040dc1a;467.11;0.1;UNKNOWN
2016-04-27T02:14:08.000000;2016-04-27T02:14:08.000000;17573593-1538-4fd1-8d4d-373cfaef3610;467.23;0.09638789;UNKNOWN
2016-04-27T02:14:40.000000;2016-04-27T02:14:40.000000;9bf14b26-40f3-4305-83f0-58f3fe680aa8;467.4;0.0471935;UNKNOWN
2016-04-27T02:15:36.000000;2016-04-27T02:15:36.000000;253ca470-d115-4142-94f2-ad4a40d10b7f;467.22;0.2;UNKNOWN
2016-04-27T02:16:07.000000;2016-04-27T02:16:07.000000;f94be9a1-cf52-4205-9579-c616cf4e887b;467.76;6.4005;UNKNOWN
2016-04-27T02:16:07.000000;2016-04-27T02:16:07.000000;46303941-1933-426c-b4eb-e54d6e1f5c96;467.77;0.5995;UNKNOWN
2016-04-27T02:16:08.000000;2016-04-27T02:16:08.000000;20092256-1e76-4762-8ddb-932e0d243bfe;467.46;0.07170398;UNKNOWN
2016-04-27T02:16:36.000000;2016-04-27T02:16:36.000000;843f2ba4-1961-4d26-9d46-a50411aa1b96;467.59;0.38386142;UNKNOWN
2016-04-27T02:16:38.000000;2016-04-27T02:16:38.000000;ec0c48b0-8dde-46b4-9eac-837d97ea174a;467.59;0.38386142;UNKNOWN
2016-04-27T02:17:44.000000;2016-04-27T02:17:44.000000;0fe16400-3443-4c27-a6bf-9bfffa2594af;467.67;0.01127;UNKNOWN
2016-04-27T02:18:01.000000;2016-04-27T02:18:01.000000;2a734e88-1b8e-4810-8cd6-22bf65311a01;467.69;1.8;UNKNOWN
2016-04-27T02:18:49.000000;2016-04-27T02:18:49.000000;36d57fa7-1cad-409d-8943-1c798b003f38;467.65;0.0992;UNKNOWN
2016-04-27T02:20:30.000000;2016-04-27T02:20:30.000000;3790afd9-609e-4c41-b4b6-61a6c6065ce7;467.59;6.3481;UNKNOWN
2016-04-27T02:21:52.000000;2016-04-27T02:21:52.000000;40fd9ec3-9cd7-4a12-8e78-25e9e99c7e72;467.22;0.05820574;UNKNOWN
2016-04-27T02:21:59.000000;2016-04-27T02:21:59.000000;a54b7221-cd3b-4371-b1f7-c959685c3e4b;467.14;0.05142171;UNKNOWN
2016-04-27T02:22:02.000000;2016-04-27T02:22:02.000000;ea4d22ce-7e46-4eec-ae71-379db4e90d38;467.14;0.05142171;UNKNOWN
2016-04-27T02:22:04.000000;2016-04-27T02:22:04.000000;78a962a5-04f1-4761-aaee-189827de20d1;467.14;0.05142171;UNKNOWN
2016-04-27T02:22:07.000000;2016-04-27T02:22:07.000000;6a2bbc6e-3c91-44e4-a373-9e6528f00343;467.14;0.05142171;UNKNOWN
2016-04-27T02:24:26.000000;2016-04-27T02:24:26.000000;1c973bb1-ed9e-404f-a0e7-15f843f6aa83;466.95;4.09085795;UNKNOWN
2016-04-27T02:24:26.000000;2016-04-27T02:24:26.000000;b404c2a6-0450-4140-a5f1-2e62118aed2e;467.0;2.0054;UNKNOWN
2016-04-27T02:24:26.000000;2016-04-27T02:24:26.000000;860ea1ad-acfe-405f-9149-5496562b9996;466.89;6.0;UNKNOWN
2016-04-27T02:24:26.000000;2016-04-27T02:24:26.000000;7f3366e2-a628-49cf-91e7-c22d48106524;466.86;2.13542857;UNKNOWN
2016-04-27T02:24:26.000000;2016-04-27T02:24:26.000000;9f650768-89b3-4f13-9fe4-4527d0e6e596;466.89;4.09085795;UNKNOWN
2016-04-27T02:24:26.000000;2016-04-27T02:24:26.000000;abb87084-357e-463b-98ea-fb905f50299d;467.0;1.67745553;UNKNOWN
2016-04-27T02:24:27.000000;2016-04-27T02:24:27.000000;0f2ad544-b025-4286-8b58-d02961fc255c;467.22;0.05820574;UNKNOWN
2016-04-27T02:24:27.000000;2016-04-27T02:24:27.000000;0f056c7d-1fc0-43c1-8fde-983cb6ca4395;467.06;3.75;UNKNOWN
2016-04-27T02:24:27.000000;2016-04-27T02:24:27.000000;4795891b-0478-48de-bbcb-f9ab1160270d;467.14;0.03179912;UNKNOWN
2016-04-27T02:24:27.000000;2016-04-27T02:24:27.000000;554559b8-2072-4177-a046-ad9c436ee58f;467.6;0.15999514;UNKNOWN
2016-04-27T02:26:10.000000;2016-04-27T02:26:10.000000;f9ca1e39-06c7-40f7-8507-606408baeb09;467.21;0.03236834;UNKNOWN
2016-04-27T02:27:32.000000;2016-04-27T02:27:32.000000;6c00f575-c02c-4297-9a29-00f1c1f2b4b9;467.41;0.01528367;UNKNOWN
2016-04-27T02:27:51.000000;2016-04-27T02:27:51.000000;5a45514a-3001-4c2f-972c-2e168560dd98;467.54;0.05460555;UNKNOWN
2016-04-27T02:27:53.000000;2016-04-27T02:27:53.000000;0550b97c-a05a-4f49-b8fa-b5f4f8ac5900;467.54;0.03861983;UNKNOWN
2016-04-27T02:27:55.000000;2016-04-27T02:27:55.000000;1fa1d2aa-b771-4ae5-8de6-839d48afb7ae;467.54;0.05311886;UNKNOWN
2016-04-27T02:27:58.000000;2016-04-27T02:27:58.000000;35567c10-2455-4460-9cc8-4702a0352338;467.54;0.05311886;UNKNOWN
2016-04-27T02:28:01.000000;2016-04-27T02:28:01.000000;80a4a37d-7a3d-49b7-b665-e71686a6dc31;467.54;0.05311886;UNKNOWN
2016-04-27T02:28:03.000000;2016-04-27T02:28:03.000000;19db1c70-7f25-491c-9d8a-6a2818fe76e7;467.54;0.0175432;UNKNOWN
2016-04-27T02:28:08.000000;2016-04-27T02:28:08.000000;18cc90ac-dc6e-4057-b775-a0788ded69c8;467.54;0.046948;UNKNOWN
2016-04-27T02:29:07.000000;2016-04-27T02:29:07.000000;f33cbd12-e4af-42d8-a858-1336d593eda8;467.97;2.30283944;UNKNOWN
2016-04-27T02:29:07.000000;2016-04-27T02:29:07.000000;ae4a5c71-ae7a-471f-94a6-cddc874d5751;467.91;0.5;UNKNOWN
2016-04-27T02:29:07.000000;2016-04-27T02:29:07.000000;32d65d44-30cc-4443-a708-0906f7a4b123;467.88;4.33716056;UNKNOWN
2016-04-27T02:29:31.000000;2016-04-27T02:29:31.000000;50f31e17-89b2-4fd4-8bf1-61465f9998d5;467.41;1.0;UNKNOWN
2016-04-27T02:29:51.000000;2016-04-27T02:29:51.000000;5fd25cc2-16e4-4910-8c55-0552ce83f446;467.25;0.22641415;UNKNOWN
2016-04-27T02:30:00.000000;2016-04-27T02:30:00.000000;ff42a6f1-6059-477a-982e-a710d848c604;467.25;0.07997244;UNKNOWN
2016-04-27T02:30:02.000000;2016-04-27T02:30:02.000000;df9354fa-62df-4fe4-a830-60ec4ec413c4;467.25;0.43720589;UNKNOWN
2016-04-27T02:30:10.000000;2016-04-27T02:30:10.000000;113918cd-0b9d-4233-a606-6f427557e020;467.25;0.07857433;UNKNOWN
2016-04-27T02:30:16.000000;2016-04-27T02:30:16.000000;6e6f2296-be3e-4d61-9f14-012b4b128daa;467.25;0.33112907;UNKNOWN
2016-04-27T02:30:29.000000;2016-04-27T02:30:29.000000;3b0cb453-eedf-4760-9e34-7f2caca81038;467.25;0.07601874;UNKNOWN
2016-04-27T02:30:32.000000;2016-04-27T02:30:32.000000;48ad5729-3de3-4bc6-84ed-3f8e833efc08;467.25;0.38476436;UNKNOWN
2016-04-27T02:30:39.000000;2016-04-27T02:30:39.000000;357f0487-271b-4c76-8a1b-ccc6fc88e9b2;467.25;0.07117097;UNKNOWN
2016-04-27T02:30:42.000000;2016-04-27T02:30:42.000000;8fcc8072-0522-4318-a17c-338fa433a745;467.25;0.38625253;UNKNOWN
2016-04-27T02:30:50.000000;2016-04-27T02:30:50.000000;814c16a3-89f9-4027-a96c-648cca53710a;467.25;10.34029752;UNKNOWN
2016-04-27T02:30:50.000000;2016-04-27T02:30:50.000000;fbc1809e-c3cb-460b-939d-fb2fa02d2ee0;467.1;9.65970248;UNKNOWN
2016-04-27T02:32:48.000000;2016-04-27T02:32:48.000000;92ca13b7-4f0f-4e6c-9a1b-ff39ea9355c9;466.91;0.02115875;UNKNOWN
2016-04-27T02:34:34.000000;2016-04-27T02:34:34.000000;2b31118e-903c-4e98-9665-80914d5b1e71;466.92;0.02146078;UNKNOWN
2016-04-27T02:34:39.000000;2016-04-27T02:34:39.000000;44bf0c0f-f956-45ff-858c-384b8de39adf;466.92;4.0;UNKNOWN
2016-04-27T02:36:00.000000;2016-04-27T02:36:00.000000;e6dd92f5-79e0-4a56-b49f-79da1cdc2a5b;467.0;7.5;UNKNOWN
2016-04-27T02:36:01.000000;2016-04-27T02:36:01.000000;f83c3d41-faad-4506-8f05-8b60c13a19fa;466.91;2.4949;UNKNOWN
2016-04-27T02:36:01.000000;2016-04-27T02:36:01.000000;c3e3ff5f-4310-496a-9a08-f0711d0ac079;466.91;3.5;UNKNOWN
2016-04-27T02:36:01.000000;2016-04-27T02:36:01.000000;d3ec52be-92ed-44f8-84c4-3debe181de60;467.0;1.3751;UNKNOWN
2016-04-27T02:36:01.000000;2016-04-27T02:36:01.000000;5a0880f8-71f5-447d-b335-669f7690c492;466.99;0.13;UNKNOWN
2016-04-27T02:36:01.000000;2016-04-27T02:36:01.000000;bb859582-eecc-4f56-9eb6-c6f84fe24133;466.91;7.5;UNKNOWN
2016-04-27T02:36:02.000000;2016-04-27T02:36:02.000000;677f5973-36e7-42d5-a814-0cfbeb83d396;466.86;0.99495382;UNKNOWN
2016-04-27T02:36:02.000000;2016-04-27T02:36:02.000000;ed520e6e-86d4-40f7-94ed-9b0039496b3a;466.86;1.95;UNKNOWN
2016-04-27T02:36:02.000000;2016-04-27T02:36:02.000000;b35c1a9f-b754-4455-8aa4-8526553b783c;466.9;5.55;UNKNOWN
2016-04-27T02:36:02.000000;2016-04-27T02:36:02.000000;9007efdd-ab53-4ff4-82c6-b0082e954813;466.8;1.01843421;UNKNOWN
2016-04-27T02:36:03.000000;2016-04-27T02:36:03.000000;cd77e82e-d26d-4bbb-8a62-424b86eb20cd;466.8;0.11263455;UNKNOWN
2016-04-27T02:37:15.000000;2016-04-27T02:37:15.000000;cf85ea86-3e04-4479-8926-39de4ad69dff;466.99;0.01;UNKNOWN
2016-04-27T02:37:50.000000;2016-04-27T02:37:50.000000;0c46ab80-69bd-41bb-bc71-ac8300b9e757;466.8;3.29;UNKNOWN
2016-04-27T02:40:00.000000;2016-04-27T02:40:00.000000;d68dddd6-02a7-499d-94a6-4b1c23d30f74;466.8;0.02361191;UNKNOWN
2016-04-27T02:40:31.000000;2016-04-27T02:40:31.000000;8084bfba-ad6a-46b1-84bc-b14457941049;466.8;7.08;UNKNOWN
2016-04-27T02:40:46.000000;2016-04-27T02:40:46.000000;ec72481f-b5be-4fd6-b084-11c2123e7c81;466.8;4.08768075;UNKNOWN
2016-04-27T02:40:46.000000;2016-04-27T02:40:46.000000;dd36cb21-afba-4095-bbd5-80d621f895cb;466.8;2.43699992;UNKNOWN
2016-04-27T02:40:46.000000;2016-04-27T02:40:46.000000;6a0893c8-f8a3-424f-a289-26aff86070a6;466.8;0.97531933;UNKNOWN
2016-04-27T02:40:46.000000;2016-04-27T02:40:46.000000;0503a444-104c-453e-a794-211aa858824b;466.8;7.5;UNKNOWN
2016-04-27T02:40:47.000000;2016-04-27T02:40:47.000000;170ccaf9-54b5-46f4-9a73-5f35691acd8e;466.73;7.5;UNKNOWN
2016-04-27T02:40:47.000000;2016-04-27T02:40:47.000000;d735fb8f-1b48-491e-be94-675b9cf2a0ce;466.8;7.5;UNKNOWN
2016-04-27T02:40:47.000000;2016-04-27T02:40:47.000000;06e0092c-6868-4682-9ce2-b860bd17529c;466.79;4.09035596;UNKNOWN
2016-04-27T02:40:47.000000;2016-04-27T02:40:47.000000;6b617cb7-32f9-4848-876f-7db120fc343c;466.73;1.75896321;UNKNOWN
2016-04-27T02:40:47.000000;2016-04-27T02:40:47.000000;e2a8e90e-e347-475e-a75f-3b19591d9b1b;466.8;1.65068083;UNKNOWN
2016-04-27T02:40:48.000000;2016-04-27T02:40:48.000000;3cbccdf3-e11e-48e9-9c6e-c15dea81651f;466.73;3.79743679;UNKNOWN
2016-04-27T02:40:48.000000;2016-04-27T02:40:48.000000;29cb2d0c-2cb5-40e0-bd36-a3044e740919;466.71;1.48562786;UNKNOWN
2016-04-27T02:43:01.000000;2016-04-27T02:43:01.000000;1c4b9065-d1c6-4b72-a28f-9abd9010638f;466.81;0.1002;UNKNOWN
2016-04-27T02:43:04.000000;2016-04-27T02:43:04.000000;dc30e954-057c-4f4e-85ca-b8bb3e1db037;466.76;0.133;UNKNOWN
2016-04-27T02:43:20.000000;2016-04-27T02:43:20.000000;8f2dedd7-b05f-4ed7-8e9a-9042890ab1b2;466.76;0.07515459;UNKNOWN
2016-04-27T02:44:06.000000;2016-04-27T02:44:06.000000;f7491792-de96-44af-9f84-18db9009b6fb;466.81;0.3;UNKNOWN
2016-04-27T02:45:04.000000;2016-04-27T02:45:04.000000;9823cd4f-8322-4e0e-865e-ad50e6d7976c;466.8;0.69259944;UNKNOWN
2016-04-27T02:46:01.000000;2016-04-27T02:46:01.000000;64d1b474-2eab-4d0f-9fe7-31e437c50617;466.81;0.45;UNKNOWN
2016-04-27T02:46:03.000000;2016-04-27T02:46:03.000000;8a73a705-9915-4d9d-b10f-c8692675dde8;466.8;0.2717;UNKNOWN
2016-04-27T02:46:08.000000;2016-04-27T02:46:08.000000;8204d656-5596-4720-8fdb-d5c4292b70a9;466.8;0.02;UNKNOWN
2016-04-27T02:46:14.000000;2016-04-27T02:46:14.000000;2bf67996-0f7f-4ef7-b261-13bc5c7544f8;466.8;0.02;UNKNOWN
2016-04-27T02:46:21.000000;2016-04-27T02:46:21.000000;174c93d9-0f75-4642-9c96-05624acea232;466.8;0.02;UNKNOWN
2016-04-27T02:46:27.000000;2016-04-27T02:46:27.000000;59cfb5cd-b51e-4cab-bb34-3bb8848c0f21;466.8;0.02;UNKNOWN
2016-04-27T02:46:35.000000;2016-04-27T02:46:35.000000;1e9604b7-6feb-4139-9078-c605837c8bf5;466.8;0.02;UNKNOWN
2016-04-27T02:46:42.000000;2016-04-27T02:46:42.000000;74fe2d51-250b-43d4-9687-f1d7fea19454;466.8;0.02;UNKNOWN
2016-04-27T02:46:49.000000;2016-04-27T02:46:49.000000;59a8196e-fa44-4324-b8cf-76dc444081c4;466.8;0.02;UNKNOWN
2016-04-27T02:46:54.000000;2016-04-27T02:46:54.000000;f9676b17-c004-43ce-abe9-cd8acfca62fc;466.8;0.02;UNKNOWN
2016-04-27T02:46:59.000000;2016-04-27T02:46:59.000000;1c2ac280-f49f-446e-aea1-669011967c04;467.58;0.08;UNKNOWN
2016-04-27T02:46:59.000000;2016-04-27T02:46:59.000000;93dc5ca2-20ad-42e1-a7fd-0d891fc8c530;466.81;3.49835365;UNKNOWN
2016-04-27T02:46:59.000000;2016-04-27T02:46:59.000000;c685cc7d-5f50-49ec-a17c-0e05ab45ae22;467.61;4.42164635;UNKNOWN
2016-04-27T02:46:59.000000;2016-04-27T02:46:59.000000;093d8760-6acb-4100-ac00-c3040c179e1c;467.57;7.0;UNKNOWN
2016-04-27T02:47:01.000000;2016-04-27T02:47:01.000000;dbad0e9f-4285-4c56-9bc4-1b2df2f2f655;466.92;0.02;UNKNOWN
2016-04-27T02:47:09.000000;2016-04-27T02:47:09.000000;a379755e-f34b-4765-b6aa-4cb7010c2dcf;467.2;0.02;UNKNOWN
2016-04-27T02:47:16.000000;2016-04-27T02:47:16.000000;ffd2384c-3681-45f2-9ed0-ef75b3f78f97;467.4;0.02;UNKNOWN
2016-04-27T02:47:22.000000;2016-04-27T02:47:22.000000;2e3510d8-507c-4c3b-a506-b615f8bbb6a0;467.55;0.02;UNKNOWN
2016-04-27T02:47:28.000000;2016-04-27T02:47:28.000000;143f9801-6f5b-41ca-a1b9-ebe0236e09b1;467.55;0.01;UNKNOWN
2016-04-27T02:47:35.000000;2016-04-27T02:47:35.000000;86884adb-cbd0-4da9-9b12-39bc4c1927ba;467.55;0.02;UNKNOWN
2016-04-27T02:47:41.000000;2016-04-27T02:47:41.000000;d5d5bd82-d7dd-4f97-85f0-00d43ed11491;467.55;0.02;UNKNOWN
2016-04-27T02:47:45.000000;2016-04-27T02:47:45.000000;1189c8a0-a32c-474f-8bce-66070989f6ee;467.55;2.17228907;UNKNOWN
2016-04-27T02:47:49.000000;2016-04-27T02:47:49.000000;02c92010-31bb-40fd-8047-64bb4b53674e;467.55;0.02;UNKNOWN
2016-04-27T02:47:56.000000;2016-04-27T02:47:56.000000;5b94eb38-4b14-4ad3-aef5-9c25e1333274;467.55;0.01;UNKNOWN
2016-04-27T02:48:06.000000;2016-04-27T02:48:06.000000;f76b599b-9789-4358-81aa-0d76ad2bcaa4;467.55;0.02;UNKNOWN
2016-04-27T02:48:13.000000;2016-04-27T02:48:13.000000;7f309bd9-6842-4e63-9bfe-6a3efbd3f4cf;467.55;0.01;UNKNOWN
2016-04-27T02:48:20.000000;2016-04-27T02:48:20.000000;b84a33c5-42c8-411c-bae6-12571bb8b0e7;467.55;0.02;UNKNOWN
2016-04-27T02:48:22.000000;2016-04-27T02:48:22.000000;ce668c2a-cad5-4f1a-a32c-a789831ef304;467.69;6.0;UNKNOWN
2016-04-27T02:48:26.000000;2016-04-27T02:48:26.000000;1c834d2c-4cae-47c0-a42b-94e3bdab6ba7;467.55;0.02;UNKNOWN
2016-04-27T02:48:33.000000;2016-04-27T02:48:33.000000;1a971b82-db83-4387-a407-35c1e28980e5;467.55;0.02;UNKNOWN
2016-04-27T02:48:39.000000;2016-04-27T02:48:39.000000;36953017-df27-421b-860f-5e4d6ccf449a;467.55;0.02;UNKNOWN
2016-04-27T02:48:40.000000;2016-04-27T02:48:40.000000;835a2c1e-aca3-4b97-bc12-420f2a1397d2;467.55;0.10771688;UNKNOWN
2016-04-27T02:48:45.000000;2016-04-27T02:48:45.000000;ee704cb1-b820-4a0d-a18b-b924aad1df69;467.55;0.01;UNKNOWN
2016-04-27T02:48:51.000000;2016-04-27T02:48:51.000000;80d53e42-1026-4cb6-931d-250fe5fa7a00;467.55;0.02;UNKNOWN
2016-04-27T02:49:16.000000;2016-04-27T02:49:16.000000;1ba1908a-1dfd-4c71-96ea-59fca3d2b096;467.55;0.0634966;UNKNOWN
2016-04-27T02:49:18.000000;2016-04-27T02:49:18.000000;9c6d886a-6bf2-428f-bcbf-6cfb6c456d1e;467.55;0.02;UNKNOWN
2016-04-27T02:49:38.000000;2016-04-27T02:49:38.000000;02114d97-cfdb-45d4-9fe4-24138a841da1;467.69;2.121;UNKNOWN
2016-04-27T02:49:53.000000;2016-04-27T02:49:53.000000;b6deb080-5d0a-4030-89c8-c68883be1b12;467.52;0.64446831;UNKNOWN
2016-04-27T02:49:54.000000;2016-04-27T02:49:54.000000;3e69fa1c-8c79-4a68-816d-d8d3f08e3461;467.99;0.13;UNKNOWN
2016-04-27T02:51:37.000000;2016-04-27T02:51:37.000000;20572d2f-cd32-45ec-a2fd-cbc818fcb541;467.39;0.02;UNKNOWN
2016-04-27T02:51:43.000000;2016-04-27T02:51:43.000000;69425e7f-7b6f-442f-890f-3a3544b3fe37;467.39;0.02;UNKNOWN
2016-04-27T02:51:57.000000;2016-04-27T02:51:57.000000;68c9a470-9615-41b0-978e-703f8fc60007;467.39;0.01;UNKNOWN
2016-04-27T02:52:03.000000;2016-04-27T02:52:03.000000;5a989edf-824e-4d16-9577-31436c5d5088;467.39;0.02;UNKNOWN
2016-04-27T02:53:31.000000;2016-04-27T02:53:31.000000;02f63f18-2b23-447a-b5a0-1ff2adbd453e;467.3;0.09442571;UNKNOWN
2016-04-27T02:54:26.000000;2016-04-27T02:54:26.000000;52df8851-c76f-4c03-aea2-fbf6629b542c;467.37;0.05;UNKNOWN
2016-04-27T02:57:40.000000;2016-04-27T02:57:40.000000;e553ad2e-2911-48df-8037-da16e349ead6;467.23;0.24225375;UNKNOWN
2016-04-27T02:59:10.000000;2016-04-27T02:59:10.000000;1554ddf1-5709-4bbb-80d0-3c1f77f090df;467.23;0.24330286;UNKNOWN
2016-04-27T02:59:11.000000;2016-04-27T02:59:11.000000;3f63d095-b189-41f7-aaf7-4afd318654ed;467.2;0.24330286;UNKNOWN
2016-04-27T02:59:11.000000;2016-04-27T02:59:11.000000;70dfdebd-206b-4be5-8c2b-1aa3358b8436;467.19;0.75669714;UNKNOWN
2016-04-27T02:59:12.000000;2016-04-27T02:59:12.000000;24e3f167-cd0e-431b-8ab4-c107eeda7e15;467.23;0.01005917;UNKNOWN
2016-04-27T02:59:12.000000;2016-04-27T02:59:12.000000;41c97c60-02d6-48b3-8efe-42e187f4dedf;467.23;0.24330286;UNKNOWN
2016-04-27T02:59:14.000000;2016-04-27T02:59:14.000000;72ddc2ac-3c58-4254-8083-029c74f2d75f;467.23;0.01005917;UNKNOWN
2016-04-27T02:59:22.000000;2016-04-27T02:59:22.000000;67282a19-ac53-4c40-a5cd-3a690359003f;467.23;0.08102219;UNKNOWN
2016-04-27T02:59:22.000000;2016-04-27T02:59:22.000000;9764bc16-7b23-4842-9402-2e70b4fff782;467.59;0.08127254;UNKNOWN
2016-04-27T02:59:27.000000;2016-04-27T02:59:27.000000;40f19721-3774-4b3d-803c-b2615bae2742;467.59;0.24339824;UNKNOWN
2016-04-27T02:59:30.000000;2016-04-27T02:59:30.000000;2f716d22-a2e1-477e-a7a5-9028af9cad05;467.59;0.24339235;UNKNOWN
2016-04-27T03:00:06.000000;2016-04-27T03:00:06.000000;f2612473-1cbb-4fff-964b-87e9bb01064e;467.6;0.0126;UNKNOWN
2016-04-27T03:00:06.000000;2016-04-27T03:00:06.000000;dda5df05-08a4-42a2-b344-939625845717;467.57;4.49;UNKNOWN
2016-04-27T03:00:55.000000;2016-04-27T03:00:55.000000;1611244a-4a5d-4b95-8809-80f655654858;467.55;0.05506185;UNKNOWN
2016-04-27T03:00:58.000000;2016-04-27T03:00:58.000000;abe9abae-110a-43cf-95e2-7c0690086eb9;467.55;0.04468508;UNKNOWN
2016-04-27T03:01:01.000000;2016-04-27T03:01:01.000000;72e3452a-2d6e-4dee-a189-0393951b0105;467.55;0.04468256;UNKNOWN
2016-04-27T03:01:04.000000;2016-04-27T03:01:04.000000;ac87c274-5cb8-4433-9392-401733d5f1d5;467.55;0.03807273;UNKNOWN
2016-04-27T03:01:07.000000;2016-04-27T03:01:07.000000;992b1cff-6083-417d-98e6-28fedf8f157c;467.55;0.04315646;UNKNOWN
2016-04-27T03:01:10.000000;2016-04-27T03:01:10.000000;c41ae353-af40-484f-883f-f72d62847f01;467.55;0.03107396;UNKNOWN
2016-04-27T03:01:13.000000;2016-04-27T03:01:13.000000;1ffa5cff-d6f9-42d8-b032-12e1203704d2;467.55;0.01209595;UNKNOWN
2016-04-27T03:01:23.000000;2016-04-27T03:01:23.000000;e1dd0824-77bd-4ec5-a56e-d499620abce6;467.55;0.05501223;UNKNOWN
2016-04-27T03:01:26.000000;2016-04-27T03:01:26.000000;46c342d5-8a07-4165-9259-27a3054fb19b;467.55;0.05501223;UNKNOWN
2016-04-27T03:01:29.000000;2016-04-27T03:01:29.000000;25639ed3-6332-45cc-9761-a4780f4ab5d2;467.55;0.05495039;UNKNOWN
2016-04-27T03:01:32.000000;2016-04-27T03:01:32.000000;8df48637-4863-40f1-a273-280a4528d592;467.55;0.05495039;UNKNOWN
2016-04-27T03:01:35.000000;2016-04-27T03:01:35.000000;c3fd1c1e-2f7f-4d5d-ad5c-e9a4d3e96888;467.55;0.05495039;UNKNOWN
2016-04-27T03:01:37.000000;2016-04-27T03:01:37.000000;479150b7-6da6-4f02-bf93-d039db922f14;467.55;0.05638561;UNKNOWN
2016-04-27T03:01:37.000000;2016-04-27T03:01:37.000000;15c09b47-80a6-4904-a2e1-a3a21bea5445;467.55;0.01127;UNKNOWN
2016-04-27T03:01:40.000000;2016-04-27T03:01:40.000000;4da93a3b-0ea6-4048-a611-40d55ffac3c8;467.55;0.05495039;UNKNOWN
2016-04-27T03:01:43.000000;2016-04-27T03:01:43.000000;e4c5abc2-9eeb-40e3-bd0f-5cfd35bc3070;467.55;0.05754864;UNKNOWN
2016-04-27T03:01:46.000000;2016-04-27T03:01:46.000000;4c0f14dc-f92b-4eee-a03e-7f4239b2173d;467.55;0.02131037;UNKNOWN
2016-04-27T03:01:48.000000;2016-04-27T03:01:48.000000;465a3497-59ec-402b-9044-4e5a0d9a0728;467.55;0.05495039;UNKNOWN
2016-04-27T03:01:50.000000;2016-04-27T03:01:50.000000;60a55a71-60ed-44e9-a9b2-d56b1afedd3c;467.55;0.04186921;UNKNOWN
2016-04-27T03:01:53.000000;2016-04-27T03:01:53.000000;d51cbc83-ca87-4f9a-af6e-5ab00fce16b9;467.55;0.02168347;UNKNOWN
2016-04-27T03:01:56.000000;2016-04-27T03:01:56.000000;16d82bb3-ac20-4fc3-8291-99f82e2fbde3;467.55;0.05717746;UNKNOWN
2016-04-27T03:01:58.000000;2016-04-27T03:01:58.000000;78215204-5208-4029-838b-5a20560818a4;467.55;0.02166562;UNKNOWN
2016-04-27T03:02:00.000000;2016-04-27T03:02:00.000000;2db988bd-b884-412a-befc-abc15d857bb2;467.55;0.04186921;UNKNOWN
2016-04-27T03:02:03.000000;2016-04-27T03:02:03.000000;01dcc4eb-b833-4952-ab70-094cf00d422e;467.55;0.05524733;UNKNOWN
2016-04-27T03:02:06.000000;2016-04-27T03:02:06.000000;3cbe2a79-26b6-4a75-81c0-5d383aa63285;467.55;0.27816819;UNKNOWN
2016-04-27T03:02:07.000000;2016-04-27T03:02:07.000000;5d2eeb85-d294-40c4-8fa0-6bf24ee7b032;467.55;0.06674966;UNKNOWN
2016-04-27T03:02:09.000000;2016-04-27T03:02:09.000000;3d36a33d-2f61-45ce-a46a-f422004d3b8e;467.55;0.06674966;UNKNOWN
2016-04-27T03:02:13.000000;2016-04-27T03:02:13.000000;26895dec-3c34-476b-9c1b-7395e5922a77;467.55;0.06674966;UNKNOWN
2016-04-27T03:02:16.000000;2016-04-27T03:02:16.000000;79839954-435f-4139-861c-14ac606c9f3d;467.55;0.06665488;UNKNOWN
2016-04-27T03:02:19.000000;2016-04-27T03:02:19.000000;89490d2e-af68-448a-8115-192bb3c33081;467.56;0.028;UNKNOWN
2016-04-27T03:02:19.000000;2016-04-27T03:02:19.000000;9b0ad0fa-b4b6-44c5-9e26-95628018bd4a;467.55;0.06665488;UNKNOWN
2016-04-27T03:02:21.000000;2016-04-27T03:02:21.000000;b76dd904-7c28-4bdb-8f47-b3e8babf982f;467.55;0.06665488;UNKNOWN
2016-04-27T03:02:24.000000;2016-04-27T03:02:24.000000;bbc0c9d8-e122-4a64-b3dd-7738b02ab8f3;467.55;0.06665488;UNKNOWN
2016-04-27T03:02:26.000000;2016-04-27T03:02:26.000000;c8ba3f7b-9680-408d-a91f-cfde7d55e2c1;467.55;0.32146423;UNKNOWN
2016-04-27T03:02:37.000000;2016-04-27T03:02:37.000000;8069343b-96f7-45aa-8022-3d2b5f02a78f;467.55;0.01;UNKNOWN
2016-04-27T03:02:44.000000;2016-04-27T03:02:44.000000;bbca7b9b-4769-4de9-adcc-17ec5c5317fb;467.55;0.02;UNKNOWN
2016-04-27T03:03:00.000000;2016-04-27T03:03:00.000000;e45d61f2-0357-4312-8f90-db23b054b7ce;467.57;0.05675661;UNKNOWN
2016-04-27T03:03:00.000000;2016-04-27T03:03:00.000000;8c7280bf-7bb1-42d4-a8c5-4f41bb58bba4;467.87;0.05402312;UNKNOWN
2016-04-27T03:03:00.000000;2016-04-27T03:03:00.000000;980b8a73-5027-4cf5-a84d-0d0383cced58;467.99;4.44636437;UNKNOWN
2016-04-27T03:03:00.000000;2016-04-27T03:03:00.000000;ad394829-e0ff-4d3b-84bc-c8040a393dfd;467.56;0.022003;UNKNOWN
2016-04-27T03:03:04.000000;2016-04-27T03:03:04.000000;7f0cd7c1-704f-4ee0-b7e8-d1dfe241a25a;467.98;0.01357471;UNKNOWN
2016-04-27T03:03:17.000000;2016-04-27T03:03:17.000000;5be674c6-70d6-456f-bda4-f363244f50eb;467.98;0.04953614;UNKNOWN
2016-04-27T03:03:21.000000;2016-04-27T03:03:21.000000;16384b66-5ad2-4ff5-9435-c6ede412efd8;467.98;0.04953304;UNKNOWN
2016-04-27T03:03:42.000000;2016-04-27T03:03:42.000000;537e3410-70bd-46f3-b3ce-bb3d8d91e33d;467.98;0.10514557;UNKNOWN
2016-04-27T03:03:46.000000;2016-04-27T03:03:46.000000;ace52962-b452-44a5-a509-be5a8a8a5a56;467.98;0.08351756;UNKNOWN
2016-04-27T03:03:49.000000;2016-04-27T03:03:49.000000;a887aa35-5bfa-41e2-bdd8-b24a569e4450;467.98;0.05934703;UNKNOWN
2016-04-27T03:04:06.000000;2016-04-27T03:04:06.000000;06f6d26e-247c-4a6e-a7d9-d5727d937441;467.98;0.02;UNKNOWN
2016-04-27T03:04:08.000000;2016-04-27T03:04:08.000000;77562289-a820-4ad8-a22a-4f9ae24b2a18;467.98;0.31724577;UNKNOWN
2016-04-27T03:04:18.000000;2016-04-27T03:04:18.000000;c8b0d870-c4b2-484f-a2ac-fd6fa756051f;467.98;0.02;UNKNOWN
2016-04-27T03:04:26.000000;2016-04-27T03:04:26.000000;e43c4285-ef2a-439a-910a-bb3cb837bc5a;467.98;0.02;UNKNOWN
2016-04-27T03:04:33.000000;2016-04-27T03:04:33.000000;b85ab868-6a24-43e1-8862-96f919223210;467.98;0.11787076;UNKNOWN
2016-04-27T03:04:41.000000;2016-04-27T03:04:41.000000;edf496c3-6f57-412d-9f44-826ebe5d22cb;467.98;0.1181913;UNKNOWN
2016-04-27T03:04:43.000000;2016-04-27T03:04:43.000000;f97e4096-cbfd-4bf1-9f2e-742439f25ef8;467.98;0.02;UNKNOWN
2016-04-27T03:04:44.000000;2016-04-27T03:04:44.000000;8e55ada4-5842-4069-bb87-871bf6778a2c;467.98;0.1181913;UNKNOWN
2016-04-27T03:04:47.000000;2016-04-27T03:04:47.000000;5a5c6853-a5c9-4249-95d5-97befac70edf;467.98;0.1181913;UNKNOWN
2016-04-27T03:04:49.000000;2016-04-27T03:04:49.000000;65e3aa83-837d-4398-b56f-fb35eee60435;467.98;0.02;UNKNOWN
2016-04-27T03:04:50.000000;2016-04-27T03:04:50.000000;88145891-139e-4e8d-8dfc-ef897ab745a8;467.98;0.11787076;UNKNOWN
2016-04-27T03:04:55.000000;2016-04-27T03:04:55.000000;e1bea3c0-efc3-4269-81aa-62dcb535f0ce;467.98;0.02;UNKNOWN
2016-04-27T03:04:55.000000;2016-04-27T03:04:55.000000;5de2ab36-8498-4206-a0cd-2c8568859d51;467.98;0.11787076;UNKNOWN
2016-04-27T03:05:00.000000;2016-04-27T03:05:00.000000;a55515e0-71f9-4c6e-827f-6adee6304641;467.98;0.06467189;UNKNOWN
2016-04-27T03:05:03.000000;2016-04-27T03:05:03.000000;de04ace7-2986-4339-ad4b-1364b76dec89;467.98;0.1077569;UNKNOWN
2016-04-27T03:05:06.000000;2016-04-27T03:05:06.000000;f2f22499-8456-423d-af11-652a092ea52b;467.98;0.02843993;UNKNOWN
2016-04-27T03:05:09.000000;2016-04-27T03:05:09.000000;ab4c81fd-10e9-4491-8559-dc7c161bcfa8;467.98;0.08371571;UNKNOWN
2016-04-27T03:05:12.000000;2016-04-27T03:05:12.000000;987ae3b6-d4c8-4422-9c17-bd5ef74d3a77;467.98;0.02779593;UNKNOWN
2016-04-27T03:05:14.000000;2016-04-27T03:05:14.000000;287dda81-5d95-490b-a85e-87ce47dfb7a3;467.98;0.08371571;UNKNOWN
2016-04-27T03:05:16.000000;2016-04-27T03:05:16.000000;6c33bc7e-2f0d-48a3-bd83-717f644e1cc8;467.98;0.02;UNKNOWN
2016-04-27T03:05:18.000000;2016-04-27T03:05:18.000000;5af0f771-cfe6-409f-8597-6f4aa372e2c7;467.98;0.08371571;UNKNOWN
2016-04-27T03:05:20.000000;2016-04-27T03:05:20.000000;b6164515-02ef-4215-a164-8eabda361b6e;467.98;0.04086548;UNKNOWN
2016-04-27T03:05:23.000000;2016-04-27T03:05:23.000000;6a15c6ee-debb-44e0-bcc1-6e2d17a4077b;467.98;0.08371571;UNKNOWN
2016-04-27T03:05:26.000000;2016-04-27T03:05:26.000000;32f8be16-2016-4c05-8535-db077c5a280c;467.98;0.09866218;UNKNOWN
2016-04-27T03:05:28.000000;2016-04-27T03:05:28.000000;4254e33e-6a46-4a24-849c-803a7e61f6f9;467.98;0.09865903;UNKNOWN
2016-04-27T03:05:32.000000;2016-04-27T03:05:32.000000;72bddd1f-e197-4a86-9202-144201788de7;467.98;0.02;UNKNOWN
2016-04-27T03:05:39.000000;2016-04-27T03:05:39.000000;16ea5054-d538-47b5-96f8-e53ffdd849b0;467.98;0.02;UNKNOWN
2016-04-27T03:06:10.000000;2016-04-27T03:06:10.000000;323cda3d-728d-4b5f-9933-126765ad73dc;467.98;0.01;UNKNOWN
2016-04-27T03:06:18.000000;2016-04-27T03:06:18.000000;e5799161-df8d-49b1-a8d9-1410e66a5f78;467.98;0.02;UNKNOWN
2016-04-27T03:06:57.000000;2016-04-27T03:06:57.000000;40e19445-8126-471e-95be-d25d9124dd83;467.98;0.07296664;UNKNOWN
2016-04-27T03:07:00.000000;2016-04-27T03:07:00.000000;9420a2f9-2917-4bea-b18a-9ae037aae625;467.98;0.06023565;UNKNOWN
2016-04-27T03:07:04.000000;2016-04-27T03:07:04.000000;077c4238-0b0e-4a69-a38e-963c32a5b73a;467.98;0.07248552;UNKNOWN
2016-04-27T03:07:08.000000;2016-04-27T03:07:08.000000;cb3797a2-9bf0-4dae-a804-c4d7909ac38a;467.98;0.02799397;UNKNOWN
2016-04-27T03:07:12.000000;2016-04-27T03:07:12.000000;8d30e0d8-a50b-496d-867c-a7475fba5538;467.98;0.05951674;UNKNOWN
2016-04-27T03:07:16.000000;2016-04-27T03:07:16.000000;18d08d0d-1349-4041-a0db-0497db804436;467.98;0.03401078;UNKNOWN
2016-04-27T03:17:42.000000;2016-04-27T03:17:42.000000;5bf27643-a453-4c26-a947-fc9bee8143b2;467.98;0.01592099;UNKNOWN
2016-04-27T03:20:53.000000;2016-04-27T03:20:53.000000;a1a32b0d-306f-46ca-ac22-b6198ccd7e21;467.99;4.0;UNKNOWN
2016-04-27T03:21:28.000000;2016-04-27T03:21:28.000000;9e673896-ce4d-40c2-a6d6-0ad76873b3bc;467.98;0.10705629;UNKNOWN
2016-04-27T03:22:20.000000;2016-04-27T03:22:20.000000;b36dac7d-4460-44d8-b80a-f8c4bb9f42b8;467.98;0.02;UNKNOWN
2016-04-27T03:22:26.000000;2016-04-27T03:22:26.000000;752ee57d-d36e-4d64-9ebd-f0ea5b20c55e;467.98;0.02;UNKNOWN
2016-04-27T03:23:28.000000;2016-04-27T03:23:28.000000;060cd39b-2bbe-4a75-bf38-3a8da4cd610f;467.98;0.02;UNKNOWN
2016-04-27T03:23:36.000000;2016-04-27T03:23:36.000000;f11cd11a-09ec-4f17-b179-499b59fce1df;467.98;0.07989295;UNKNOWN
2016-04-27T03:23:39.000000;2016-04-27T03:23:39.000000;cbe01137-a3e7-4198-9266-927b815595e6;467.98;0.02;UNKNOWN
2016-04-27T03:23:42.000000;2016-04-27T03:23:42.000000;9da87ebf-11dd-4e06-a79c-052aab7db6c1;467.98;0.0805707;UNKNOWN
2016-04-27T03:23:45.000000;2016-04-27T03:23:45.000000;03708826-7f41-42bc-b442-a0584deee646;467.98;0.02;UNKNOWN
2016-04-27T03:23:46.000000;2016-04-27T03:23:46.000000;a07b0e3a-5bc4-4c85-a1a7-a54603661440;467.98;0.04280638;UNKNOWN
2016-04-27T03:23:50.000000;2016-04-27T03:23:50.000000;9b67f489-8963-4f8f-99f2-0747d48130b5;467.98;0.06889879;UNKNOWN
2016-04-27T03:23:53.000000;2016-04-27T03:23:53.000000;a982a38c-6c03-49db-bf0c-a1042e75157f;467.98;0.07729504;UNKNOWN
2016-04-27T03:23:55.000000;2016-04-27T03:23:55.000000;fd0dd447-de2e-4d4e-9527-67874f2c8c82;467.98;0.02;UNKNOWN
2016-04-27T03:24:01.000000;2016-04-27T03:24:01.000000;01d79456-7a50-4b9f-8137-80ce83ecfcf6;467.98;0.02;UNKNOWN
2016-04-27T03:24:20.000000;2016-04-27T03:24:20.000000;c4793251-a157-42e6-90cc-6c092be73502;467.98;0.02;UNKNOWN
2016-04-27T03:24:41.000000;2016-04-27T03:24:41.000000;2e9d79f5-0a92-4d07-ad9c-2df56be64de2;467.98;0.2149;UNKNOWN
2016-04-27T03:25:13.000000;2016-04-27T03:25:13.000000;24191e8a-881c-44ca-bf3a-d1f64dd6c2a4;467.99;0.2;UNKNOWN
2016-04-27T03:25:27.000000;2016-04-27T03:25:27.000000;48ba47c3-0d38-45d6-b511-7d6065a0de4d;467.98;0.02;UNKNOWN
2016-04-27T03:25:50.000000;2016-04-27T03:25:50.000000;44a81740-34d0-4c10-9ee7-9b0d1edd295c;467.98;0.02;UNKNOWN
2016-04-27T03:26:00.000000;2016-04-27T03:26:00.000000;117d22b8-0f80-4078-b143-dff36931c9d9;467.98;0.05138702;UNKNOWN
2016-04-27T03:26:05.000000;2016-04-27T03:26:05.000000;97888ca6-d902-4c85-947b-0ffd0b1adfa8;467.98;0.02;UNKNOWN
2016-04-27T03:26:11.000000;2016-04-27T03:26:11.000000;74dc385b-d3eb-411e-9b5d-847a66f029f0;467.98;0.02;UNKNOWN
2016-04-27T03:26:17.000000;2016-04-27T03:26:17.000000;4a02abe6-08bc-4f8b-8cef-56133b78add9;467.98;0.02;UNKNOWN
2016-04-27T03:26:25.000000;2016-04-27T03:26:25.000000;336f277c-ab17-4006-98cf-d4d71d3860f0;467.98;0.02;UNKNOWN
2016-04-27T03:26:31.000000;2016-04-27T03:26:31.000000;dd1e9b8e-4ba4-417a-8942-69f319191006;467.98;0.02;UNKNOWN
2016-04-27T03:26:37.000000;2016-04-27T03:26:37.000000;82fbbec4-fa30-49f2-8e93-7d27f442b82d;467.98;0.24072668;UNKNOWN
2016-04-27T03:26:38.000000;2016-04-27T03:26:38.000000;eb1525e1-6d96-4e31-80da-6ae85766b2d7;467.98;0.02;UNKNOWN
2016-04-27T03:26:46.000000;2016-04-27T03:26:46.000000;69ec6236-7c47-4d8f-9835-d0d205d7b97b;467.98;0.02;UNKNOWN
2016-04-27T03:26:53.000000;2016-04-27T03:26:53.000000;3b5935e2-2fda-4ac1-9c8c-19834cac774c;467.98;0.02;UNKNOWN
2016-04-27T03:27:06.000000;2016-04-27T03:27:06.000000;bcba7271-465a-41ed-9d73-eb0336526840;467.98;0.02;UNKNOWN
2016-04-27T03:27:09.000000;2016-04-27T03:27:09.000000;532d0dcb-69d3-4891-8ae3-fd70ec3cf6d9;467.98;4.3;UNKNOWN
2016-04-27T03:27:12.000000;2016-04-27T03:27:12.000000;05a69ed8-2be6-489f-8063-585886f344e9;467.98;0.02;UNKNOWN
2016-04-27T03:27:13.000000;2016-04-27T03:27:13.000000;62e2fcc4-6d60-44f0-b37d-cc0cb41657af;467.98;0.0578592;UNKNOWN
2016-04-27T03:27:21.000000;2016-04-27T03:27:21.000000;2f3743ec-525f-4564-94af-8b82b424dad3;467.98;0.02;UNKNOWN
2016-04-27T03:27:28.000000;2016-04-27T03:27:28.000000;ca56e057-5d73-404f-b48d-1a9694266171;467.98;0.02;UNKNOWN
2016-04-27T03:27:35.000000;2016-04-27T03:27:35.000000;5fbf76f4-cfd7-4363-8096-8c853429d985;467.98;0.02;UNKNOWN
2016-04-27T03:27:42.000000;2016-04-27T03:27:42.000000;67a55976-ffab-4da9-974c-40b1369d22c7;467.98;0.02;UNKNOWN
2016-04-27T03:27:49.000000;2016-04-27T03:27:49.000000;7f15e476-d2d6-443b-bf56-b9718bfefccd;467.98;0.02;UNKNOWN
2016-04-27T03:27:55.000000;2016-04-27T03:27:55.000000;2b4e4a0d-6ec4-4319-8b70-623fcd82d944;467.98;0.02;UNKNOWN
2016-04-27T03:28:07.000000;2016-04-27T03:28:07.000000;93201fff-5b21-42d2-8d6c-975b41c1f7ef;467.9;0.08725079;UNKNOWN
2016-04-27T03:28:34.000000;2016-04-27T03:28:34.000000;381fb3fc-87bf-4ce2-9a64-57299a4701ee;467.97;0.02;UNKNOWN
2016-04-27T03:28:41.000000;2016-04-27T03:28:41.000000;b5e522c4-a157-4b05-ac3f-199e44185e8b;467.97;0.02;UNKNOWN
2016-04-27T03:28:48.000000;2016-04-27T03:28:48.000000;14a0c5e5-8411-44e8-b202-16e718c77fb2;467.97;0.01;UNKNOWN
2016-04-27T03:28:54.000000;2016-04-27T03:28:54.000000;694e894c-c6a6-4c9a-a344-e82817df7a40;467.97;0.02;UNKNOWN
2016-04-27T03:29:07.000000;2016-04-27T03:29:07.000000;1b790df4-a4a6-4711-9c04-f26c409d9473;467.97;0.02;UNKNOWN
2016-04-27T03:29:13.000000;2016-04-27T03:29:13.000000;9432eb52-912b-4963-8d66-407d4b0f238d;467.97;0.02;UNKNOWN
2016-04-27T03:29:19.000000;2016-04-27T03:29:19.000000;87e27aca-5222-4bd9-a50b-2c8005a89820;467.97;0.02;UNKNOWN
2016-04-27T03:29:25.000000;2016-04-27T03:29:25.000000;92353ee3-e7e8-4d45-91db-cba162c9abef;467.97;0.016;UNKNOWN
2016-04-27T03:29:32.000000;2016-04-27T03:29:32.000000;ad39354e-467f-4b93-85d5-d357573b0987;467.97;0.02;UNKNOWN
2016-04-27T03:29:38.000000;2016-04-27T03:29:38.000000;ac013f1b-ec7d-4c44-8017-a6cb64d41110;467.97;0.02;UNKNOWN
2016-04-27T03:29:44.000000;2016-04-27T03:29:44.000000;e8f5e273-6fc6-47f5-ae85-a8cb51faa006;467.97;0.02;UNKNOWN
2016-04-27T03:29:51.000000;2016-04-27T03:29:51.000000;be4517c8-affa-41dd-9d7a-1d9d8d9e7d09;467.97;0.02;UNKNOWN
2016-04-27T03:30:02.000000;2016-04-27T03:30:02.000000;2c4a69c7-65ce-4c0d-a13d-54b76803f052;467.97;0.02;UNKNOWN
2016-04-27T03:30:09.000000;2016-04-27T03:30:09.000000;f74a33f7-e31c-499c-b22c-c1d0bf24434b;467.97;0.016;UNKNOWN
2016-04-27T03:30:15.000000;2016-04-27T03:30:15.000000;fb232c03-62c6-45b8-8e6a-f5a014de26b3;467.97;0.02;UNKNOWN
2016-04-27T03:30:21.000000;2016-04-27T03:30:21.000000;3c244a95-1ee8-48d5-9eab-9ea06d55d3da;467.97;0.01;UNKNOWN
2016-04-27T03:30:28.000000;2016-04-27T03:30:28.000000;ec4b165e-5b03-4e0e-a322-4d28a50428da;467.97;0.02;UNKNOWN
2016-04-27T03:30:35.000000;2016-04-27T03:30:35.000000;10d8fb60-8fa0-433b-9e38-19fbb317b5bc;467.97;0.02;UNKNOWN
2016-04-27T03:30:41.000000;2016-04-27T03:30:41.000000;1587c9c8-7379-4ea3-a6b1-97823c98c776;467.97;0.02;UNKNOWN
2016-04-27T03:31:35.000000;2016-04-27T03:31:35.000000;da7dd3bf-8431-446f-a5a4-6946a533f18e;467.97;0.02;UNKNOWN
2016-04-27T03:31:45.000000;2016-04-27T03:31:45.000000;e0cfc52d-aaa5-42ef-9428-b63f4babe8ac;467.97;0.02;UNKNOWN
2016-04-27T03:31:51.000000;2016-04-27T03:31:51.000000;b4ccf780-4326-4e83-b97c-5a5ea8496fcb;467.97;0.02;UNKNOWN
2016-04-27T03:31:59.000000;2016-04-27T03:31:59.000000;ee92015c-7bdd-4b4d-9a2d-df32137cc733;467.97;0.02;UNKNOWN
2016-04-27T03:32:10.000000;2016-04-27T03:32:10.000000;781877c8-3d6a-4fca-871e-4a588cb4d312;467.97;0.02;UNKNOWN
2016-04-27T03:32:17.000000;2016-04-27T03:32:17.000000;d55d8100-b7cd-4d6a-935f-1c950d89cb84;467.97;0.02;UNKNOWN
2016-04-27T03:32:24.000000;2016-04-27T03:32:24.000000;1dec91a3-d0a6-4178-80a3-ed4f0e1b0b56;467.97;0.02;UNKNOWN
2016-04-27T03:32:32.000000;2016-04-27T03:32:32.000000;2acb41de-a78c-49ff-a906-4a7dd393a02f;467.97;0.02;UNKNOWN
2016-04-27T03:32:40.000000;2016-04-27T03:32:40.000000;634e36b2-dfe9-4576-8622-4a156415bb84;467.97;0.011;UNKNOWN
2016-04-27T03:32:47.000000;2016-04-27T03:32:47.000000;df34d033-a3ff-4115-b2f3-2543cd63ef7f;467.97;0.02;UNKNOWN
2016-04-27T03:35:04.000000;2016-04-27T03:35:04.000000;ee5d4740-7dfc-414f-93fc-eba6e201bdd3;467.97;0.31205;UNKNOWN
2016-04-27T03:37:28.000000;2016-04-27T03:37:28.000000;2baa40d2-d4e9-4a3e-97cb-c904ced5c3a3;467.97;0.02263218;UNKNOWN
2016-04-27T03:38:20.000000;2016-04-27T03:38:20.000000;32a944a2-a8ca-4fac-9361-9d3decf7e739;467.98;0.049954;UNKNOWN
2016-04-27T03:38:20.000000;2016-04-27T03:38:20.000000;3b820b5f-1f60-4045-88cc-ba790d7a09a3;467.98;0.150046;UNKNOWN
2016-04-27T03:44:19.000000;2016-04-27T03:44:19.000000;d8e17403-121d-4c1f-b274-48a77f62c5f7;467.98;0.1742;UNKNOWN
2016-04-27T03:49:05.000000;2016-04-27T03:49:05.000000;6ea35877-4ad9-458c-bbff-ba8fff782964;467.97;0.32216485;UNKNOWN
2016-04-27T03:50:12.000000;2016-04-27T03:50:12.000000;c72035f1-ba0e-4cb4-acb5-c7a84fc9dc58;467.98;4.09286715;UNKNOWN
2016-04-27T03:50:12.000000;2016-04-27T03:50:12.000000;a2f7ede1-631f-455a-a68e-54f5d9dc9a48;467.98;9.675754;UNKNOWN
2016-04-27T03:50:12.000000;2016-04-27T03:50:12.000000;d6972f07-2fef-48f5-986f-7b0b39cb687c;467.98;4.09286715;UNKNOWN
2016-04-27T03:50:12.000000;2016-04-27T03:50:12.000000;7e1ce0a1-d0ee-471f-82aa-e6e7f8dbeff0;467.98;4.09186231;UNKNOWN
2016-04-27T03:50:12.000000;2016-04-27T03:50:12.000000;91999483-a9c5-42eb-8722-27356640e7be;467.98;4.09186231;UNKNOWN
2016-04-27T03:50:12.000000;2016-04-27T03:50:12.000000;9735ac98-1450-4605-ac88-8868655d176d;467.98;0.049999;UNKNOWN
2016-04-27T03:50:12.000000;2016-04-27T03:50:12.000000;87d62d33-6e87-4a75-9c2d-f55ef3ab24a5;467.98;4.09173674;UNKNOWN
2016-04-27T03:50:12.000000;2016-04-27T03:50:12.000000;8334002f-2938-4714-a9db-9ed28f0d35df;467.98;0.31305134;UNKNOWN
2016-04-27T03:51:08.000000;2016-04-27T03:51:08.000000;49dbc1a9-f083-4d01-832a-fc16653fecc3;467.98;0.0573;UNKNOWN
2016-04-27T03:51:09.000000;2016-04-27T03:51:09.000000;274866e5-bef4-4f64-a51e-6706d40daa5f;467.98;4.03619543;UNKNOWN
2016-04-27T03:51:09.000000;2016-04-27T03:51:09.000000;0af3ac03-6eff-4b52-ba46-97a745060a2c;467.98;3.81664693;UNKNOWN
2016-04-27T03:52:13.000000;2016-04-27T03:52:13.000000;75428d11-3ad1-4b48-b507-06a6a74a8906;467.97;0.06200693;UNKNOWN
2016-04-27T03:52:15.000000;2016-04-27T03:52:15.000000;4856621b-b14c-4519-a40f-03e921a62dee;467.97;0.06264358;UNKNOWN
2016-04-27T03:52:17.000000;2016-04-27T03:52:17.000000;55c19850-630c-4fef-babc-79fc6f052e11;467.97;0.06205654;UNKNOWN
2016-04-27T03:52:21.000000;2016-04-27T03:52:21.000000;f10f04b0-d746-4388-ac38-039d245f1f0e;467.97;0.06205654;UNKNOWN
2016-04-27T03:52:25.000000;2016-04-27T03:52:25.000000;cb2b7cec-b6d2-4318-9c23-ce5012bd1cf1;467.97;0.06205654;UNKNOWN
2016-04-27T03:52:28.000000;2016-04-27T03:52:28.000000;422ccdab-9dc8-44b7-a6c8-4d2cfa79bda3;467.97;0.06205654;UNKNOWN
2016-04-27T03:52:30.000000;2016-04-27T03:52:30.000000;d2aa3046-4dd9-47d9-9b95-b25e5136f1b7;467.97;0.02049311;UNKNOWN
2016-04-27T03:52:33.000000;2016-04-27T03:52:33.000000;fb8f1134-52e4-4379-b4ad-8dbe7b9b57eb;467.97;0.02049311;UNKNOWN
2016-04-27T03:54:05.000000;2016-04-27T03:54:05.000000;d1f99f19-b0b7-4dfd-a3cb-135817abae18;467.97;0.25;UNKNOWN
2016-04-27T03:54:28.000000;2016-04-27T03:54:28.000000;8d81f35b-128b-48a8-a0fe-1bd5748ded64;467.97;0.02007;UNKNOWN
2016-04-27T03:54:39.000000;2016-04-27T03:54:39.000000;f4957df0-785b-4519-8043-e51877fc5ebb;467.97;22.51964121;UNKNOWN
2016-04-27T03:54:39.000000;2016-04-27T03:54:39.000000;732c2024-2613-4878-babd-0cb110b21c10;467.95;1.48035879;UNKNOWN
2016-04-27T03:54:39.000000;2016-04-27T03:54:39.000000;90e35ccb-d324-47aa-bf8f-bea0b4d762e4;467.95;1.0;UNKNOWN
2016-04-27T03:54:54.000000;2016-04-27T03:54:54.000000;52aef77d-2b29-4023-b421-0f100eaffd77;467.95;3.2;UNKNOWN
2016-04-27T03:55:20.000000;2016-04-27T03:55:20.000000;1f790cf0-fec1-4c49-ad1f-1b62f9e77500;467.95;0.10705856;UNKNOWN
2016-04-27T03:55:20.000000;2016-04-27T03:55:20.000000;c630f21e-21b4-48c6-8a98-23fa537807e8;467.95;0.09010794;UNKNOWN
2016-04-27T03:55:23.000000;2016-04-27T03:55:23.000000;dc2fc24c-7583-48b5-b673-ec2989dca6fa;467.95;0.04839854;UNKNOWN
2016-04-27T03:55:26.000000;2016-04-27T03:55:26.000000;fc1bb514-1469-43ad-8946-ec8ab02588d8;467.95;0.02044542;UNKNOWN
2016-04-27T03:55:28.000000;2016-04-27T03:55:28.000000;097a186d-3bb7-4830-8ce6-b870dc929933;467.95;0.02443867;UNKNOWN
2016-04-27T03:55:31.000000;2016-04-27T03:55:31.000000;6cd5b4d6-c052-47ef-a54a-ae0f28e4c0ac;467.95;0.08887296;UNKNOWN
2016-04-27T03:55:38.000000;2016-04-27T03:55:38.000000;d4845e55-d206-481c-b44b-32e8c6f38a76;467.95;0.018707;UNKNOWN
2016-04-27T03:55:49.000000;2016-04-27T03:55:49.000000;ad964cbf-71a4-40ac-aa27-6620bbc095aa;467.95;0.04130416;UNKNOWN
2016-04-27T03:55:52.000000;2016-04-27T03:55:52.000000;81efa9fc-7456-4b0f-8338-e138786b2538;467.95;0.10599794;UNKNOWN
2016-04-27T03:55:54.000000;2016-04-27T03:55:54.000000;4072b82e-b2a1-4ec8-be6e-6cd12b014cdd;467.95;0.10599794;UNKNOWN
2016-04-27T03:55:58.000000;2016-04-27T03:55:58.000000;ef3530fb-d840-4b1a-ac9e-e49a2712ce3d;467.95;0.10599794;UNKNOWN
2016-04-27T03:56:00.000000;2016-04-27T03:56:00.000000;499cb418-ec31-42c2-ac63-a079802526d9;467.95;0.01065419;UNKNOWN
2016-04-27T03:56:03.000000;2016-04-27T03:56:03.000000;8b072217-b80a-41a6-ac48-38e99f85930b;467.95;0.35;UNKNOWN
2016-04-27T03:56:11.000000;2016-04-27T03:56:11.000000;031e4bbf-d16b-4497-bdc8-19f59a0015be;467.95;0.1067179;UNKNOWN
2016-04-27T03:56:13.000000;2016-04-27T03:56:13.000000;5508ef38-98ba-4171-bd8d-2f9744a6c42d;467.95;0.04782529;UNKNOWN
2016-04-27T03:56:13.000000;2016-04-27T03:56:13.000000;b63aafe5-92c4-4d93-b5c3-82668af4f7d0;467.95;0.10676755;UNKNOWN
2016-04-27T03:56:15.000000;2016-04-27T03:56:15.000000;68c0bf5d-8d8e-4e63-b440-99d3bb21877b;467.95;0.10696616;UNKNOWN
2016-04-27T03:56:19.000000;2016-04-27T03:56:19.000000;89e24576-875c-4435-9de5-667d160a3bc4;467.95;0.10696616;UNKNOWN
2016-04-27T03:56:19.000000;2016-04-27T03:56:19.000000;eb94e4e3-e37d-4b9f-9e3c-f47f727ab98f;467.95;0.09635737;UNKNOWN
2016-04-27T03:56:21.000000;2016-04-27T03:56:21.000000;84f62bd0-f62b-4c5b-830d-fca17f276592;467.95;0.09616466;UNKNOWN
2016-04-27T03:57:23.000000;2016-04-27T03:57:23.000000;dd59d785-e04e-4660-b786-df42e0505049;467.99;2.26797534;UNKNOWN
2016-04-27T03:57:23.000000;2016-04-27T03:57:23.000000;d22fc3a0-366f-494e-841b-506847d8be7d;467.98;0.212;UNKNOWN
2016-04-27T03:57:44.000000;2016-04-27T03:57:44.000000;d5b3cee2-3ddf-4a5f-83f0-abd82e34749f;467.95;0.0546022;UNKNOWN
2016-04-27T03:57:57.000000;2016-04-27T03:57:57.000000;28aaab74-9d15-4859-af29-243f97497cb1;467.95;0.04841919;UNKNOWN
2016-04-27T03:58:07.000000;2016-04-27T03:58:07.000000;0542db4c-250b-4c0d-b066-ed8d9e2cb36f;467.95;0.05248487;UNKNOWN
2016-04-27T03:58:09.000000;2016-04-27T03:58:09.000000;91ef65f0-0da5-43da-a0c8-a259e251768e;467.95;0.05248487;UNKNOWN
2016-04-27T03:58:11.000000;2016-04-27T03:58:11.000000;8b0b9dbf-2d02-469d-a0cc-345217b19691;467.95;0.05191754;UNKNOWN
2016-04-27T03:58:14.000000;2016-04-27T03:58:14.000000;93b4f611-89ac-48fe-a381-8a0137a056f1;467.95;0.05233687;UNKNOWN
2016-04-27T03:58:16.000000;2016-04-27T03:58:16.000000;f41a48c1-87ee-418b-9040-052941bb12d9;467.95;0.05241087;UNKNOWN
2016-04-27T03:58:18.000000;2016-04-27T03:58:18.000000;42db0a41-3dbc-4518-bd19-b2f9c2a41232;467.95;0.05233687;UNKNOWN
2016-04-27T03:58:21.000000;2016-04-27T03:58:21.000000;de9283f6-53cb-40cd-a220-7d7a7657e067;467.95;0.0523366;UNKNOWN
2016-04-27T03:58:23.000000;2016-04-27T03:58:23.000000;a3d29054-46ec-4a54-8790-312e260564a7;467.95;0.04952234;UNKNOWN
2016-04-27T03:58:25.000000;2016-04-27T03:58:25.000000;d7339ce6-6cde-44e1-9a9f-393981f638a4;467.95;0.0516267;UNKNOWN
2016-04-27T03:58:30.000000;2016-04-27T03:58:30.000000;7a17b5c9-2344-4e02-a4e0-6221d21bf1e4;467.95;0.05224661;UNKNOWN
2016-04-27T03:58:33.000000;2016-04-27T03:58:33.000000;53028191-ad11-4565-a47a-6acebf7422c7;467.95;0.05212465;UNKNOWN
2016-04-27T03:58:36.000000;2016-04-27T03:58:36.000000;faae1bde-e4a9-4d9e-a9f5-6aa72e86be48;467.95;0.04654854;UNKNOWN
2016-04-27T03:58:39.000000;2016-04-27T03:58:39.000000;adcaeac7-71bb-4941-b6aa-740ba9b7dc83;467.95;0.01468848;UNKNOWN
2016-04-27T03:58:40.000000;2016-04-27T03:58:40.000000;e5b4de36-2351-4cf9-809a-b8093dc9457a;467.95;2.8;UNKNOWN
2016-04-27T03:58:40.000000;2016-04-27T03:58:40.000000;ea75f4b0-03c4-4447-b0fa-fafbfb3ea146;467.95;4.09006319;UNKNOWN
2016-04-27T03:58:40.000000;2016-04-27T03:58:40.000000;1c2eb046-3925-44c6-a17f-0654ad29668c;467.9;0.25;UNKNOWN
2016-04-27T03:58:40.000000;2016-04-27T03:58:40.000000;03616497-473e-4b1f-a069-257262007514;467.95;4.09098347;UNKNOWN
2016-04-27T03:58:40.000000;2016-04-27T03:58:40.000000;5efb372a-35e4-4b10-b3d4-024d11cbb4a5;467.95;0.79780766;UNKNOWN
2016-04-27T03:58:40.000000;2016-04-27T03:58:40.000000;c5fc522e-7009-4862-8c5f-fb35aaffe708;467.95;4.09006319;UNKNOWN
2016-04-27T03:58:40.000000;2016-04-27T03:58:40.000000;110c4260-5e4c-487d-9786-703cb8939daf;467.95;4.09006319;UNKNOWN
2016-04-27T03:58:40.000000;2016-04-27T03:58:40.000000;1a7c984a-c088-4d22-b5dc-68f09072fd22;467.9;0.55924921;UNKNOWN
2016-04-27T03:58:40.000000;2016-04-27T03:58:40.000000;c421fcb9-4b8d-40a9-879c-e3ca47885a49;467.9;4.09006319;UNKNOWN
2016-04-27T03:58:43.000000;2016-04-27T03:58:43.000000;db674c37-c8df-42a3-9af6-77ce645243f7;467.84;4.09006319;UNKNOWN
2016-04-27T03:58:57.000000;2016-04-27T03:58:57.000000;3eeb6b42-68e7-4502-9fc6-fda7f6acc060;466.53;20.9918;UNKNOWN
2016-04-27T03:58:57.000000;2016-04-27T03:58:57.000000;cc621d57-0247-4a65-a9b1-d0a7665789e4;466.57;0.1;UNKNOWN
2016-04-27T03:58:57.000000;2016-04-27T03:58:57.000000;1bc3d3ca-7916-4485-99ba-21f1508497d8;466.6;1.6219;UNKNOWN
2016-04-27T03:58:57.000000;2016-04-27T03:58:57.000000;4e15cf35-23aa-4ca0-87f6-4329f9b3d922;466.48;2.2863;UNKNOWN
2016-04-27T04:00:21.000000;2016-04-27T04:00:21.000000;8eb1b9b8-a6c9-44ee-956d-19588bcd459e;466.49;0.051554;UNKNOWN
2016-04-27T04:00:21.000000;2016-04-27T04:00:21.000000;b2ed4eb1-5bd6-4e1b-b0e8-f3f060570ba2;466.47;1.448446;UNKNOWN
2016-04-27T04:01:18.000000;2016-04-27T04:01:18.000000;aeee391a-130d-48e4-b24c-75cd536fc550;466.58;0.1072;UNKNOWN
2016-04-27T04:02:19.000000;2016-04-27T04:02:19.000000;40c348e6-437b-4ed7-9584-f4645817124b;466.53;0.294;UNKNOWN
2016-04-27T04:02:46.000000;2016-04-27T04:02:46.000000;7aa26905-2dfa-4428-ab0e-584ba2f51da4;466.53;0.3;UNKNOWN
2016-04-27T04:05:52.000000;2016-04-27T04:05:52.000000;8a2d3464-341d-4f15-bd97-2fe4d9518ba8;466.53;0.01;UNKNOWN
2016-04-27T04:05:58.000000;2016-04-27T04:05:58.000000;6e69a4fd-5f06-4868-85ae-f7b2e28b04b1;466.53;0.01;UNKNOWN
2016-04-27T04:06:05.000000;2016-04-27T04:06:05.000000;df7e5f12-9d1f-48bd-99fd-d79dec828acd;466.53;1.0;UNKNOWN
2016-04-27T04:07:44.000000;2016-04-27T04:07:44.000000;aabe5c51-db15-4edc-90b0-5138096e10cf;466.52;0.590192;UNKNOWN
2016-04-27T04:07:44.000000;2016-04-27T04:07:44.000000;cf413340-4d31-401f-9a4d-a60365d0abd5;466.52;0.38386142;UNKNOWN
2016-04-27T04:07:45.000000;2016-04-27T04:07:45.000000;3eb88d0e-ea91-472d-8f7e-f6dce738c9c0;466.52;0.269405;UNKNOWN
2016-04-27T04:07:46.000000;2016-04-27T04:07:46.000000;110c0e94-60e8-4a26-ad2b-6c4f85fac22b;466.52;0.38386142;UNKNOWN
2016-04-27T04:07:56.000000;2016-04-27T04:07:56.000000;c1106208-ac57-499a-bb1a-017f10f6b0ee;466.53;0.2;UNKNOWN
2016-04-27T04:08:49.000000;2016-04-27T04:08:49.000000;a2404718-a56e-46fc-86ed-1c52fb732a73;466.52;0.43;UNKNOWN
2016-04-27T04:10:40.000000;2016-04-27T04:10:40.000000;2f3e26df-f19c-4673-9ff4-0bb8154f86e6;466.53;0.75;UNKNOWN
2016-04-27T04:11:37.000000;2016-04-27T04:11:37.000000;de51f80e-df19-477d-acc2-1d6f5e013367;466.53;2.436;UNKNOWN
2016-04-27T04:11:37.000000;2016-04-27T04:11:37.000000;23142fb5-f6ba-4f4d-8b3c-a86b04802b9a;466.54;2.564;UNKNOWN
2016-04-27T04:13:05.000000;2016-04-27T04:13:05.000000;fa7a5ef6-9f5a-464a-8c28-9bb0c1508c94;466.54;1.326;UNKNOWN
2016-04-27T04:15:20.000000;2016-04-27T04:15:20.000000;72efef31-0496-438c-948a-198a18119a57;467.23;0.358523;UNKNOWN
2016-04-27T04:15:20.000000;2016-04-27T04:15:20.000000;3c50ce50-edbd-4a4b-ad9d-933459d1fcdb;467.24;0.051477;UNKNOWN
2016-04-27T04:15:56.000000;2016-04-27T04:15:56.000000;92054415-e72a-4c04-8346-99d9abd9977c;467.3;0.0301;UNKNOWN
2016-04-27T04:16:04.000000;2016-04-27T04:16:04.000000;e826335a-ada0-43e6-8813-1da402dabda8;467.79;6.0;UNKNOWN
2016-04-27T04:16:05.000000;2016-04-27T04:16:05.000000;d5d34296-acab-4371-bbe6-deefe9ea272f;467.79;0.1290246;UNKNOWN
2016-04-27T04:16:28.000000;2016-04-27T04:16:28.000000;b5bb6335-d98e-49ca-9b6e-8188a6a0b445;467.6;0.2397943;UNKNOWN
2016-04-27T04:16:29.000000;2016-04-27T04:16:29.000000;c41b5d54-e942-4817-b2ca-6a30be61efe7;467.6;0.2398002;UNKNOWN
2016-04-27T04:16:30.000000;2016-04-27T04:16:30.000000;78d17ddd-947e-49f9-bad6-7126fde1418a;467.6;0.2398002;UNKNOWN
2016-04-27T04:16:31.000000;2016-04-27T04:16:31.000000;25557221-032d-4b55-b1da-12bb0c388d31;467.6;0.2397943;UNKNOWN
2016-04-27T04:16:32.000000;2016-04-27T04:16:32.000000;a6d6587e-e422-428e-b478-54a0e6fbf8b5;467.6;0.2397943;UNKNOWN
2016-04-27T04:16:36.000000;2016-04-27T04:16:36.000000;529b2c4d-550d-4ace-92f7-b275186e26a4;467.61;0.012;UNKNOWN
2016-04-27T04:16:42.000000;2016-04-27T04:16:42.000000;1e8020d5-d05c-4832-a3d9-4c8a6c1c4fdb;467.61;0.035128;UNKNOWN
2016-04-27T04:16:45.000000;2016-04-27T04:16:45.000000;2b54579c-f41b-46f0-a716-8d3d081a5842;467.61;0.012;UNKNOWN
2016-04-27T04:16:45.000000;2016-04-27T04:16:45.000000;959de8c2-5ab7-48e0-8c8c-5fc25481c17f;467.74;0.035128;UNKNOWN
2016-04-27T04:16:47.000000;2016-04-27T04:16:47.000000;9908e593-38ed-4f9e-af26-2628331bb0c5;467.74;0.24010685;UNKNOWN
2016-04-27T04:16:48.000000;2016-04-27T04:16:48.000000;0045d54f-3b0c-43b0-b74c-75889aed9e84;467.74;0.27234285;UNKNOWN
2016-04-27T04:16:50.000000;2016-04-27T04:16:50.000000;bf117285-8091-4c89-a209-d6ef6c4930d2;467.74;0.27894494;UNKNOWN
2016-04-27T04:16:53.000000;2016-04-27T04:16:53.000000;d6db3115-eea8-446c-8f0c-27370e371f9d;467.74;0.26530099;UNKNOWN
2016-04-27T04:16:56.000000;2016-04-27T04:16:56.000000;523b78f0-4d70-4cf7-9c26-01c70a4c2a5b;467.74;0.19236758;UNKNOWN
2016-04-27T04:17:16.000000;2016-04-27T04:17:16.000000;dfd69c1a-8668-4ee7-9216-4d12c7e60db8;467.74;0.12062681;UNKNOWN
2016-04-27T04:18:03.000000;2016-04-27T04:18:03.000000;224bdd5b-1fe8-4c3c-941f-282b9d00f76e;467.85;0.08296454;UNKNOWN
2016-04-27T04:18:07.000000;2016-04-27T04:18:07.000000;7bc8b4ee-2d04-4d97-b10a-19c52b34cd40;467.91;0.0239;UNKNOWN
2016-04-27T04:18:07.000000;2016-04-27T04:18:07.000000;b06d79a9-61ae-42e6-baa8-27c3bfd982d2;467.91;0.1662;UNKNOWN
2016-04-27T04:19:00.000000;2016-04-27T04:19:00.000000;8b082b3d-60e6-49b0-91e8-2ccebcd8a71e;467.91;6.0;UNKNOWN
2016-04-27T04:19:09.000000;2016-04-27T04:19:09.000000;507999ac-1967-4eb7-9d6e-db03d752cab8;467.93;0.4;UNKNOWN
2016-04-27T04:19:42.000000;2016-04-27T04:19:42.000000;4a15e0c6-d1f8-4ffb-8c81-9a2125c79bc8;467.91;0.2;UNKNOWN
2016-04-27T04:20:06.000000;2016-04-27T04:20:06.000000;16a1d86a-8203-4b5d-a4ba-dbe5d33806e0;467.91;0.35;UNKNOWN
2016-04-27T04:21:29.000000;2016-04-27T04:21:29.000000;2d5447e3-2495-4d30-b761-b460955f45db;467.93;3.9154;UNKNOWN
2016-04-27T04:22:20.000000;2016-04-27T04:22:20.000000;4a8b520a-3044-459f-8c3a-7f5e62ee93d2;467.9;0.1;UNKNOWN
2016-04-27T04:22:33.000000;2016-04-27T04:22:33.000000;2d723d73-74da-4f3d-a8af-694eb25f2396;467.9;1.0;UNKNOWN
2016-04-27T04:23:16.000000;2016-04-27T04:23:16.000000;df2dcf66-ab81-492c-b43e-1e300272bc18;467.9;0.2;UNKNOWN
2016-04-27T04:23:45.000000;2016-04-27T04:23:45.000000;c908c90b-ea38-4ca1-b1c6-cf4f0febb8b6;467.9;0.07323394;UNKNOWN
2016-04-27T04:23:54.000000;2016-04-27T04:23:54.000000;62380ed1-ac8f-422b-a9e3-f92695aaa491;467.42;5.6112;UNKNOWN
2016-04-27T04:23:54.000000;2016-04-27T04:23:54.000000;71d20fd1-d907-47cc-89ab-58f4f55b8b5e;467.37;4.0926159;UNKNOWN
2016-04-27T04:23:54.000000;2016-04-27T04:23:54.000000;a1e52509-0579-4743-9800-5f602a15529f;467.27;4.0926159;UNKNOWN
2016-04-27T04:23:54.000000;2016-04-27T04:23:54.000000;4908a1b2-31c7-42c5-9dab-e00411c8dbd7;467.42;4.0926159;UNKNOWN
2016-04-27T04:23:54.000000;2016-04-27T04:23:54.000000;51bc95ea-1f04-45d1-8f16-fc31f9d073da;467.47;4.0926159;UNKNOWN
2016-04-27T04:23:54.000000;2016-04-27T04:23:54.000000;4c961cff-74d1-478a-aa7a-c261c30ecfff;467.48;7.6799;UNKNOWN
2016-04-27T04:23:54.000000;2016-04-27T04:23:54.000000;894fb70e-d127-40e4-8a21-639452c058a6;467.89;4.42;UNKNOWN
2016-04-27T04:23:54.000000;2016-04-27T04:23:54.000000;6d69c05c-79e5-453d-b157-ebcb0a4bc2f0;467.32;4.0926159;UNKNOWN
2016-04-27T04:23:54.000000;2016-04-27T04:23:54.000000;4310968e-d479-49f4-a396-a2bffb5a1a79;467.9;5.15676606;UNKNOWN
2016-04-27T04:23:54.000000;2016-04-27T04:23:54.000000;792f21dd-7b24-42a9-ac49-c30795e4ea7f;467.17;2.57643854;UNKNOWN
2016-04-27T04:23:54.000000;2016-04-27T04:23:54.000000;6fd80023-807f-46f7-a934-ff9da36cc4a2;467.22;4.0926159;UNKNOWN
2016-04-27T04:26:30.000000;2016-04-27T04:26:30.000000;ccf40341-744e-43aa-be24-0122c8cf2103;466.9;0.24183622;UNKNOWN
2016-04-27T04:27:16.000000;2016-04-27T04:27:16.000000;8faf9acd-71a1-4f70-bd2e-6f9a06452eb9;467.38;2.0;UNKNOWN
2016-04-27T04:28:02.000000;2016-04-27T04:28:02.000000;d696d277-cea7-4713-a73c-071f45b9cdc2;467.53;2.0;UNKNOWN
2016-04-27T04:28:42.000000;2016-04-27T04:28:42.000000;97d4f145-912c-46fc-ad00-d3a2ac3885e5;467.99;1.44566029;UNKNOWN
2016-04-27T04:28:42.000000;2016-04-27T04:28:42.000000;c80efe36-25b7-4e44-b686-ccb5c283d158;467.95;0.05099895;UNKNOWN
2016-04-27T04:28:42.000000;2016-04-27T04:28:42.000000;b625262d-0c44-4606-852c-f8b803b0e34d;467.99;12.8913;UNKNOWN
2016-04-27T04:28:42.000000;2016-04-27T04:28:42.000000;bd3a6494-7b1f-4d16-911c-2d2d3caf1f85;468.0;0.17373321;UNKNOWN
2016-04-27T04:28:42.000000;2016-04-27T04:28:42.000000;e2d53572-36bb-476c-bec8-24e8f9d5fb1c;468.0;8.9796;UNKNOWN
2016-04-27T04:28:42.000000;2016-04-27T04:28:42.000000;2e9a381f-b5bf-4b29-9fe2-49ef8d299df7;467.92;0.31;UNKNOWN
2016-04-27T04:28:42.000000;2016-04-27T04:28:42.000000;fcf1c9eb-efd1-4207-9384-d80fcc623cce;467.99;7.0;UNKNOWN
2016-04-27T04:28:42.000000;2016-04-27T04:28:42.000000;af56cf53-fdd1-4ffa-b874-e9ea17b8f571;467.93;8.8586;UNKNOWN
2016-04-27T04:28:42.000000;2016-04-27T04:28:42.000000;ec22fca6-7b80-44ea-870d-c45c232541e0;467.9;0.028;UNKNOWN
2016-04-27T04:28:42.000000;2016-04-27T04:28:42.000000;58f9995a-ce43-41b2-873f-419d1abfc277;467.95;0.05010755;UNKNOWN
2016-04-27T04:28:42.000000;2016-04-27T04:28:42.000000;97f5ecdb-a88c-46b6-929e-f7e97dd67931;467.94;0.212;UNKNOWN
2016-04-27T04:31:19.000000;2016-04-27T04:31:19.000000;1432e780-98a4-417e-8ed5-3cf648dd934c;467.19;4.08918513;UNKNOWN
2016-04-27T04:31:19.000000;2016-04-27T04:31:19.000000;8468c89e-52a1-41df-b28c-37fca480d6c2;467.23;6.85825859;UNKNOWN
2016-04-27T04:31:19.000000;2016-04-27T04:31:19.000000;ecebd682-e09e-4e27-90cb-f5018fc64b8c;467.23;4.08918513;UNKNOWN
2016-04-27T04:31:19.000000;2016-04-27T04:31:19.000000;a5c62e4c-b4c9-46d2-8db4-22b010e1f616;467.63;0.109;UNKNOWN
2016-04-27T04:31:19.000000;2016-04-27T04:31:19.000000;01947adb-94a6-41b0-9679-88fbab4f5049;467.38;4.08956139;UNKNOWN
2016-04-27T04:31:19.000000;2016-04-27T04:31:19.000000;1642a86e-aa94-4da4-bc11-8ed02b72c1d1;467.28;4.08943596;UNKNOWN
2016-04-27T04:31:19.000000;2016-04-27T04:31:19.000000;2f06c98d-4c9c-4fc8-ae9c-21790b9d059e;467.08;3.39279552;UNKNOWN
2016-04-27T04:31:19.000000;2016-04-27T04:31:19.000000;44d8e6e3-53ac-40bb-a8a6-358ecd6ff9b5;467.54;6.95948789;UNKNOWN
2016-04-27T04:31:19.000000;2016-04-27T04:31:19.000000;88bf95c2-35ac-48bf-8e7a-4f223aefb032;467.53;11.9955;UNKNOWN
2016-04-27T04:31:19.000000;2016-04-27T04:31:19.000000;12b7b5fc-bd9b-4183-8ca5-347db3ea59a1;467.09;4.08918513;UNKNOWN
2016-04-27T04:31:19.000000;2016-04-27T04:31:19.000000;6e4ceb39-d004-4ee9-a954-d43cbe5a52e6;467.93;5.0;UNKNOWN
2016-04-27T04:31:19.000000;2016-04-27T04:31:19.000000;2772ff22-25eb-4f19-9642-9dd46dcb024b;467.48;4.08956139;UNKNOWN
2016-04-27T04:31:19.000000;2016-04-27T04:31:19.000000;b15b5989-3389-4f55-9c74-04ae7e837af2;467.93;2.0;UNKNOWN
2016-04-27T04:31:19.000000;2016-04-27T04:31:19.000000;6a9f9a69-d52d-4d3d-bab7-b9286eafc70d;467.22;11.5215;UNKNOWN
2016-04-27T04:31:19.000000;2016-04-27T04:31:19.000000;58dc5699-f24a-4368-a766-f7903c589525;467.13;4.08918513;UNKNOWN
2016-04-27T04:31:19.000000;2016-04-27T04:31:19.000000;a774b5d9-55d0-406d-8950-6e585e22aeeb;467.39;11.2696;UNKNOWN
2016-04-27T04:31:19.000000;2016-04-27T04:31:19.000000;560800b7-d3e8-4b73-953e-37d4bfbcf4a0;467.3;4.08943596;UNKNOWN
2016-04-27T04:31:19.000000;2016-04-27T04:31:19.000000;4673e6e4-fa11-4a75-ac53-5b7b72ce1af1;467.34;4.08956139;UNKNOWN
2016-04-27T04:31:19.000000;2016-04-27T04:31:19.000000;4cbbe02f-c2a8-4f42-96ae-9844dc1e84e3;467.43;4.08956139;UNKNOWN
2016-04-27T04:33:03.000000;2016-04-27T04:33:03.000000;d4c74f16-2998-442b-b5c8-334b13b40ae4;467.05;3.0;UNKNOWN
2016-04-27T04:34:31.000000;2016-04-27T04:34:31.000000;11f07b02-de3f-4df8-92fe-d972d0ddcf49;467.02;0.0568;UNKNOWN
2016-04-27T04:34:31.000000;2016-04-27T04:34:31.000000;0ec42246-93dc-4bec-9e3c-567083634bb8;467.01;6.8432;UNKNOWN
2016-04-27T04:35:04.000000;2016-04-27T04:35:04.000000;6bd7ffa6-c07b-4eb9-879f-b42bd9ddc6b4;467.8;1.93486347;UNKNOWN
2016-04-27T04:35:06.000000;2016-04-27T04:35:06.000000;1d12f469-83e7-4b4c-b7d2-907c09d193e5;467.01;1.0;UNKNOWN
2016-04-27T04:35:28.000000;2016-04-27T04:35:28.000000;0091f8ba-404c-42a9-bd76-f7e75c286c6a;467.01;1.0;UNKNOWN
2016-04-27T04:35:55.000000;2016-04-27T04:35:55.000000;222b3aef-eff5-492a-a7bc-706898a7d63e;467.01;1.0;UNKNOWN
2016-04-27T04:36:15.000000;2016-04-27T04:36:15.000000;bd162297-d1d3-4046-89b2-f61e2086d323;467.01;1.0;UNKNOWN
2016-04-27T04:36:26.000000;2016-04-27T04:36:26.000000;10f822eb-9556-4bea-be1b-aa1d681c12a6;467.01;1.0;UNKNOWN
2016-04-27T04:39:45.000000;2016-04-27T04:39:45.000000;803a9d9e-402c-441a-897b-0d3d571656ca;467.01;0.01;UNKNOWN
2016-04-27T04:40:54.000000;2016-04-27T04:40:54.000000;f33943aa-d942-4971-92d6-1048eb3400f4;467.28;0.5;UNKNOWN
2016-04-27T04:44:31.000000;2016-04-27T04:44:31.000000;c5fba8b5-b8cb-4b6d-b4e8-c0cd5c20c8b6;467.3;0.5;UNKNOWN
2016-04-27T04:46:19.000000;2016-04-27T04:46:19.000000;27885b28-4c4c-4537-9e8f-43e71a76215e;468.23;5.17373321;UNKNOWN
2016-04-27T04:46:19.000000;2016-04-27T04:46:19.000000;76203abc-368b-47be-bee7-e295f5896991;468.0;2.82626679;UNKNOWN
2016-04-27T04:46:39.000000;2016-04-27T04:46:39.000000;5901d15c-c0e7-48c4-b36f-6abc3862ac79;468.29;0.05;UNKNOWN
2016-04-27T04:47:47.000000;2016-04-27T04:47:47.000000;0d43b8c2-a49d-4e9c-aa45-43751990b17c;468.29;0.0105;UNKNOWN
2016-04-27T04:48:00.000000;2016-04-27T04:48:00.000000;b1a2a8f3-5f79-4203-b62f-7424f01885cb;468.24;0.06;UNKNOWN
2016-04-27T04:48:03.000000;2016-04-27T04:48:03.000000;83d21b16-9b96-45e5-babe-7ae1791c5c88;468.23;0.06925414;UNKNOWN
2016-04-27T04:48:33.000000;2016-04-27T04:48:33.000000;d42039ac-1a31-4043-ab2f-3d25f0346e4d;468.12;0.02140028;UNKNOWN
2016-04-27T04:48:33.000000;2016-04-27T04:48:33.000000;5adda2db-8d82-4e57-82f0-a7ae5ace040f;468.17;0.93;UNKNOWN
2016-04-27T04:50:49.000000;2016-04-27T04:50:49.000000;94f3ad1a-981e-40f3-9fb0-f9c80e0f2600;468.29;3.0;UNKNOWN
2016-04-27T04:51:16.000000;2016-04-27T04:51:16.000000;87cd597a-fea8-45d5-bbbc-e7c058530465;468.12;0.7669052;UNKNOWN
2016-04-27T04:53:06.000000;2016-04-27T04:53:06.000000;b16e727b-ec36-4177-8a21-b02f9afffffe;468.29;1.3;UNKNOWN
2016-04-27T04:56:15.000000;2016-04-27T04:56:15.000000;85c1c27f-54b9-489a-9714-b590ffb8e33f;467.64;4.08325762;UNKNOWN
2016-04-27T04:56:15.000000;2016-04-27T04:56:15.000000;56ef6d06-c9cb-4b79-a519-ab0435494d1d;467.63;2.26454238;UNKNOWN
2016-04-27T04:56:33.000000;2016-04-27T04:56:33.000000;2006fd57-c180-41c6-b285-d68e6c08f401;467.61;4.08350773;UNKNOWN
2016-04-27T04:56:33.000000;2016-04-27T04:56:33.000000;2d38ca45-fb6d-4c85-b4a4-54c04e7d8796;467.57;2.32729227;UNKNOWN
2016-04-27T04:57:01.000000;2016-04-27T04:57:01.000000;ff2c2b08-d82f-4eb7-ac3d-f4c6df02ccc8;467.55;5.0;UNKNOWN
2016-04-27T04:57:23.000000;2016-04-27T04:57:23.000000;c24911be-90ce-4366-9fe5-9eed0de2f676;467.29;0.56;UNKNOWN
2016-04-27T04:57:23.000000;2016-04-27T04:57:23.000000;0235c1c1-8db2-452d-8e20-4c1a4ddcb171;467.12;0.02;UNKNOWN
2016-04-27T04:57:49.000000;2016-04-27T04:57:49.000000;4fccf5c2-587b-48a2-861e-286ba87dabe9;467.08;0.59;UNKNOWN
2016-04-27T04:57:52.000000;2016-04-27T04:57:52.000000;3d012107-74d5-4998-aa95-899709260274;467.08;0.59;UNKNOWN
2016-04-27T04:58:00.000000;2016-04-27T04:58:00.000000;4f0820a5-88b1-424a-b179-a8c2b716dd07;467.01;0.6368;UNKNOWN
