time_exchange;time_coinpai;guid;price;base_amount;taker_side
2016-04-27T00:18:10.000000;2016-04-27T00:18:10.613454;8e890ce3-3774-4fe3-9a29-ad48433ec971;7.398;100.7167;BUY
2016-04-27T00:18:10.000000;2016-04-27T00:18:10.640455;7d0511d0-53ab-40d2-a7fd-c6de70646294;7.4;10.0;BUY
2016-04-27T00:18:36.000000;2016-04-27T00:18:36.436280;38fdeb2e-c723-4bea-90c2-1963f7f96b22;7.4;89.2833;SELL
2016-04-27T00:27:45.000000;2016-04-27T00:27:45.765960;a39cf720-3e7f-45d3-8291-fbba3b82bd45;7.3876;0.63315183;SELL
2016-04-27T00:29:32.000000;2016-04-27T00:29:32.122604;37ec705b-d2dc-44eb-8320-2008ddff8974;7.365;8.8;SELL
2016-04-27T00:29:32.000000;2016-04-27T00:29:32.128615;0c89d1e7-220c-4e10-a57a-5c2de8ed9da3;7.365;100.243;SELL
2016-04-27T00:29:32.000000;2016-04-27T00:29:32.133647;8a5e387b-25ba-4cd3-b7f8-562e080e535c;7.3617;6.7549041;SELL
2016-04-27T00:29:32.000000;2016-04-27T00:29:32.220598;b92cbd3f-fb4e-410b-b0c7-6a763b42d578;7.3571;294.31;SELL
2016-04-27T00:29:32.000000;2016-04-27T00:29:32.263646;a74086cc-5dd1-4fc9-af8c-d62df75e9694;7.3561;20.37475946;SELL
2016-04-27T00:29:32.000000;2016-04-27T00:29:32.269630;163d9a2b-bf76-45d3-a5fb-e87f86747cd3;7.351;49.1;SELL
2016-04-27T00:29:32.000000;2016-04-27T00:29:32.272612;32b5b2ab-4195-427f-8eda-26b8b41edff3;7.351;8.071981;SELL
2016-04-27T00:29:32.000000;2016-04-27T00:29:32.279641;ecef0624-074b-4410-a24b-18ed5989091c;7.35;200.0;SELL
2016-04-27T00:29:32.000000;2016-04-27T00:29:32.690700;366c9a8e-0903-4cfe-b1a4-8581c64cd5ef;7.35;12.61595646;BUY
2016-04-27T00:29:40.000000;2016-04-27T00:29:40.482457;0f7d20cd-e89c-4fae-960d-c7e84baa0fd8;7.3628;3.2;SELL
2016-04-27T00:29:40.000000;2016-04-27T00:29:40.547461;e356821b-efe9-452f-a676-4330f04c6c25;7.3502;20.37475946;SELL
2016-04-27T00:29:40.000000;2016-04-27T00:29:40.563423;864a2155-a749-404e-bd53-b68a998ce073;7.35;12.61560453;SELL
2016-04-27T00:29:40.000000;2016-04-27T00:29:40.563423;351ea145-6136-4689-8314-0d6e294654f8;7.35;8.718092;SELL
2016-04-27T00:29:40.000000;2016-04-27T00:29:40.570461;6498ad65-dc9c-41c0-a896-3c8fcd4b1f02;7.35;9.78153184;SELL
2016-04-27T00:29:44.000000;2016-04-27T00:29:44.764901;65e3975f-8325-43d6-bb8b-64bd9bc196fd;7.3502;20.37475946;SELL
2016-04-27T00:29:44.000000;2016-04-27T00:29:44.769903;dde4305a-285d-4847-aa4d-ecbfe2e903b8;7.3501;8.540983;SELL
2016-04-27T00:29:45.000000;2016-04-27T00:29:45.216897;1c268181-04b0-488d-b4dd-7bc94ce8e7bb;7.35;13.00778314;BUY
2016-04-27T00:29:45.000000;2016-04-27T00:29:45.262915;9137e435-4dfc-4c98-85b5-91430550a053;7.35;12.76646223;BUY
2016-04-27T00:29:54.000000;2016-04-27T00:29:54.644886;b49b4673-2015-453d-9cde-57a9261af556;7.354;54.68998783;SELL
2016-04-27T00:29:57.000000;2016-04-27T00:29:57.229101;7474a597-b37a-423b-84c0-66267736316b;7.3532;20.37475946;SELL
2016-04-27T00:29:57.000000;2016-04-27T00:29:57.540212;27bbdf6d-10a3-4d7c-a0bb-bb89f6e7f010;7.35;34.31522837;BUY
2016-04-27T00:29:59.000000;2016-04-27T00:29:59.727346;ec1a7cfb-c897-435d-ae9f-6b71c4c241f7;7.3511;20.37475946;SELL
2016-04-27T00:29:59.000000;2016-04-27T00:29:59.728354;bf94debc-84a8-47f4-8609-e2230e019ed3;7.351;6.51388108;SELL
2016-04-27T00:30:01.000000;2016-04-27T00:30:01.184492;1fd05e69-fc33-4190-a672-23f5fa8b6404;7.35;20.37475946;BUY
2016-04-27T00:30:01.000000;2016-04-27T00:30:01.728553;40c589fb-0852-4901-9687-40d91833031b;7.35;7.42658783;BUY
2016-04-27T00:30:06.000000;2016-04-27T00:30:06.964146;dcc1313e-1577-420e-a619-e7ae1e4dfd17;7.3501;20.37475946;SELL
2016-04-27T00:30:06.000000;2016-04-27T00:30:06.974129;a8b40d73-d2bb-4a99-bdb5-1e3e101e9af0;7.3501;27.80134729;SELL
2016-04-27T00:30:06.000000;2016-04-27T00:30:06.990162;a14ae7de-a802-4f51-9b02-c8e8f5eb45c6;7.3501;6.51388108;SELL
2016-04-27T00:30:14.000000;2016-04-27T00:30:14.387900;9cba8a7b-d499-4038-84e1-298d8c424d45;7.35;18.25576108;BUY
2016-04-27T00:30:14.000000;2016-04-27T00:30:14.397918;bb151ac3-a59e-440c-8407-399df9d4561c;7.35;21.28746621;BUY
2016-04-27T00:30:33.000000;2016-04-27T00:30:34.093892;7cf86d4b-9723-4101-99ee-5990c1487956;7.35;4.2;BUY
2016-04-27T00:30:52.000000;2016-04-27T00:30:52.608693;3094a009-2e19-427e-8d39-d2fdc2bacc2f;7.35;0.7;BUY
2016-04-27T00:31:01.000000;2016-04-27T00:31:01.496602;5a7d0262-4add-4cc2-8a2c-dc144287ca31;7.35;10.24676054;BUY
2016-04-27T00:31:01.000000;2016-04-27T00:31:01.512610;8347234d-8841-4933-baea-ae4f003c5fd2;7.35;54.68998783;BUY
2016-04-27T00:31:29.000000;2016-04-27T00:31:29.653412;984b288a-6590-424d-8f5e-43493fab3570;7.35;3.05082086;BUY
2016-04-27T00:32:20.000000;2016-04-27T00:32:20.388486;909a3b39-efe3-4d63-aa39-78155224b8d7;7.3495;0.63031831;SELL
2016-04-27T00:37:57.000000;2016-04-27T00:37:57.630191;c629368f-7d1f-478d-9375-d90baf908fbf;7.3493;5.01002004;BUY
2016-04-27T00:38:54.000000;2016-04-27T00:38:54.230888;185693e6-1f1b-4fb3-b540-a0eb909ff198;7.3421;0.42517;SELL
2016-04-27T00:39:14.000000;2016-04-27T00:39:14.992920;ba398e92-981b-4102-933d-6bfc3691c1d4;7.349;0.35726;BUY
2016-04-27T00:39:52.000000;2016-04-27T00:39:52.194650;56b59d93-cb14-4109-ad16-4d71018cc8d4;7.3493;0.5368;BUY
2016-04-27T00:42:04.000000;2016-04-27T00:42:04.622883;28c2e682-88fe-4301-be1b-3fb207f46860;7.3493;0.14584085;BUY
2016-04-27T00:42:04.000000;2016-04-27T00:42:04.632892;fea719b0-4193-4c63-9cf3-47643cd0de08;7.35;0.39103915;BUY
2016-04-27T00:48:06.000000;2016-04-27T00:48:06.678494;28504790-fba5-403f-b7e3-fa560ef763df;7.35;0.71423;BUY
2016-04-27T00:48:11.000000;2016-04-27T00:48:11.800025;ea2936c3-ebb4-416f-ab36-8ca52b74496d;7.3141;20.37475946;SELL
2016-04-27T00:48:11.000000;2016-04-27T00:48:11.815021;ad556e79-eb31-485b-9fbe-8cfb88972e7f;7.3141;12.139156;SELL
2016-04-27T00:48:11.000000;2016-04-27T00:48:11.816020;11fef69e-26c4-4f84-95ad-4678cae5a717;7.314;17.48608454;SELL
2016-04-27T00:48:55.000000;2016-04-27T00:48:55.518414;627d2b14-af9f-464a-8fe5-92582a6f1c42;7.35;45.84390999;BUY
2016-04-27T00:49:58.000000;2016-04-27T00:49:58.951802;925ead04-fdbd-4e01-9d3f-33f2d835a154;7.349;16.5;BUY
2016-04-27T00:49:58.000000;2016-04-27T00:49:58.954715;1913c2f0-056c-4b55-9d6f-b4fdc0d44b11;7.35;33.5;BUY
2016-04-27T00:50:08.000000;2016-04-27T00:50:08.671717;e4949bf6-6c32-47ad-ba08-0532bc643ed6;7.35;16.5;BUY
2016-04-27T01:03:02.000000;2016-04-27T01:03:02.698935;8f5e25c0-32ea-47db-8c27-d7e851ece2df;7.345;29.1138;SELL
2016-04-27T01:03:02.000000;2016-04-27T01:03:02.706347;3a18663a-1e33-42ec-a9a3-eb40476a385c;7.325;95.4111;SELL
2016-04-27T01:15:07.000000;2016-04-27T01:15:07.117403;7fdeeead-3170-4b1d-90c0-514c1010d1ea;7.373;3.5;SELL
2016-04-27T01:15:07.000000;2016-04-27T01:15:07.125379;fb6a42a6-747c-4206-9d87-3b877d6ac992;7.372;100.1128;SELL
2016-04-27T01:15:07.000000;2016-04-27T01:15:07.132412;2183e36f-a05c-4989-94e3-5b550ccc914b;7.371;130.0;SELL
2016-04-27T01:15:08.000000;2016-04-27T01:15:08.478497;47a6d897-4787-4179-bbf5-d942a50dfb7e;7.37;20.40742441;BUY
2016-04-27T01:15:08.000000;2016-04-27T01:15:08.489514;6e5b1a2a-ffd5-4996-813e-8641b636978c;7.37;17.36792664;BUY
2016-04-27T01:15:08.000000;2016-04-27T01:15:08.796586;66524d78-d69a-43e4-b3d2-7c9d10c7da70;7.37;20.40742441;BUY
2016-04-27T01:15:11.000000;2016-04-27T01:15:11.812942;02bcaec3-bfb4-4805-a588-cd7d25d53a46;7.37;1.1;BUY
2016-04-27T01:16:22.000000;2016-04-27T01:16:22.758020;e5d3daf8-0f9c-42bb-b442-0f70e73bb072;7.369;4.6;BUY
2016-04-27T01:16:22.000000;2016-04-27T01:16:22.758020;95c855c5-3536-4260-b8c7-d1178ceed20a;7.37;0.4;BUY
2016-04-27T01:19:11.000000;2016-04-27T01:19:11.637658;41abb5a5-4dbe-487d-9d8e-884276436a97;7.358;101.1771;SELL
2016-04-27T01:19:11.000000;2016-04-27T01:19:11.703674;264c3e39-6bc0-4ff5-898a-7ee48fe4c553;7.3571;296.15;SELL
2016-04-27T01:19:11.000000;2016-04-27T01:19:11.777710;a940ac3c-ddcd-4498-b053-de8cdf1eb7ae;7.356;64.0725;SELL
2016-04-27T01:19:11.000000;2016-04-27T01:19:11.788710;2ff5803d-ecb4-49cb-9e10-23b1c801b14f;7.355;280.0;SELL
2016-04-27T01:20:10.000000;2016-04-27T01:20:10.855604;01ea1c82-7d64-4c6d-97a0-8b3b2d6b9763;7.36;2.25269967;BUY
2016-04-27T01:20:13.000000;2016-04-27T01:20:13.194812;2ab52e68-8a09-42be-8947-214f0be9a831;7.36;3.86020351;BUY
2016-04-27T01:20:15.000000;2016-04-27T01:20:15.727058;dba4ec56-c0ca-421f-a75e-e4228302e020;7.36;3.14874357;BUY
2016-04-27T01:20:18.000000;2016-04-27T01:20:18.278339;39556c11-fa6b-4067-bef8-60f639b784fe;7.36;1.0212902;BUY
2016-04-27T01:20:20.000000;2016-04-27T01:20:20.576559;58d3f4a6-fcc2-41e5-a7c1-608ebe8ddbe6;7.36;2.62328755;BUY
2016-04-27T01:20:35.000000;2016-04-27T01:20:35.718113;c9483f5f-8ad3-48a0-be0c-ece43a6582c6;7.36;6.2;BUY
2016-04-27T01:20:49.000000;2016-04-27T01:20:49.134931;7ca10721-792d-41b3-b889-9f32f2ea5934;7.36;0.8937755;BUY
2016-04-27T01:20:49.000000;2016-04-27T01:20:49.138411;76aad0f7-6651-4d6f-aa09-24bf4dcb9867;7.36;5.83581177;BUY
2016-04-27T01:22:23.000000;2016-04-27T01:22:23.202799;daef89ce-70b6-4864-b8fc-05dd6e350f89;7.36;1.88276553;BUY
2016-04-27T01:22:30.000000;2016-04-27T01:22:30.835566;883d5df2-f514-4664-b7cb-0a5b6d1200f5;7.36;1.91182365;BUY
2016-04-27T01:22:34.000000;2016-04-27T01:22:34.458952;6f6b1d98-00c3-424a-ba99-966a4bb309cd;7.36;1.91182365;BUY
2016-04-27T01:23:03.000000;2016-04-27T01:23:03.832928;51e73bab-d775-48f1-ac46-edafb1b39db4;7.349;1.0;SELL
2016-04-27T01:23:50.000000;2016-04-27T01:23:50.283518;4a4800fb-5dcf-469f-b0f4-2fe7fd29ae10;7.3451;2.0;BUY
2016-04-27T01:23:56.000000;2016-04-27T01:23:56.242646;40094624-4d6b-4fa4-a201-87bcdb83f01f;7.359;2.0;BUY
2016-04-27T01:32:53.000000;2016-04-27T01:32:53.957266;463c2905-6cb3-4ed3-b411-7351cc0ba9a5;7.359;4.2;BUY
2016-04-27T01:32:53.000000;2016-04-27T01:32:53.970256;e7e7ae58-6a06-4b24-82dd-8b333298065b;7.36;8.4577754;BUY
2016-04-27T01:32:53.000000;2016-04-27T01:32:53.974301;6276ddb2-8266-46c1-af2f-3d01f9910d3d;7.36;7.74964901;BUY
2016-04-27T01:34:34.000000;2016-04-27T01:34:34.511348;70ac4904-3386-4f9c-8248-99c1371e84b2;7.36;12.25035099;BUY
2016-04-27T01:34:34.000000;2016-04-27T01:34:34.514320;ff0f7b5e-002c-4863-a2de-4ed1870637aa;7.36;8.15707342;BUY
2016-04-27T01:34:39.000000;2016-04-27T01:34:39.945893;2c07aa39-c4b5-4bef-a954-2d2c8f0f2775;7.36;11.84292658;BUY
2016-04-27T01:39:48.000000;2016-04-27T01:39:48.409701;e211e722-3719-4aab-935d-10c72c182aaf;7.38;6.0;BUY
2016-04-27T01:40:25.000000;2016-04-27T01:40:25.664418;2e587a6f-d429-44bc-8a03-b06a00ce3b1e;7.38;4.2;BUY
2016-04-27T01:41:50.000000;2016-04-27T01:41:50.475916;2e4331be-5cfc-4b57-a48d-d39349508931;7.38;2.5;BUY
2016-04-27T01:42:09.000000;2016-04-27T01:42:09.334795;9cc2275e-f1fb-4aab-8788-ea39c29b4d6b;7.38;0.6;BUY
2016-04-27T01:42:34.000000;2016-04-27T01:42:34.952356;654d8960-bd8c-4acb-b46e-2f28e75690f8;7.38;1.42262;BUY
2016-04-27T01:42:37.000000;2016-04-27T01:42:37.824645;8b4cd97d-629a-48d1-b38e-a8bc307d67ba;7.38;0.1;BUY
2016-04-27T01:42:49.000000;2016-04-27T01:42:49.554804;18d02610-3f77-486a-8a66-3956603c6bcf;7.38;1.42262;BUY
2016-04-27T01:42:57.000000;2016-04-27T01:42:57.928650;f8f935a3-25aa-4fe0-95eb-6efcecd00643;7.38;1.5;BUY
2016-04-27T01:43:14.000000;2016-04-27T01:43:14.230313;86f37863-fb58-4ad7-8685-138c1759a059;7.38;2.25476;BUY
2016-04-27T01:45:31.000000;2016-04-27T01:45:31.872412;ee3c21f8-bafb-4f39-a409-0888479fa943;7.3891;6.30973783;SELL
2016-04-27T01:45:31.000000;2016-04-27T01:45:31.878441;0863124d-6f19-4125-ad8c-2ffb175ac4d8;7.389;8.59026217;SELL
2016-04-27T01:45:42.000000;2016-04-27T01:45:42.178435;f9d803d2-9a58-433f-8602-ab401d14dc66;7.39;5.0;BUY
2016-04-27T01:47:27.000000;2016-04-27T01:47:27.612025;f191caa1-32c6-4aa6-b984-da61587902f6;7.39;0.5;BUY
2016-04-27T02:06:09.000000;2016-04-27T02:06:09.290904;7c057dfe-e03f-431f-8607-4b51acd7aa7a;7.39;14.5;BUY
2016-04-27T02:06:09.000000;2016-04-27T02:06:09.297913;2b0046ca-56ba-4efa-a812-8ffb69999b22;7.3939;0.63419584;BUY
2016-04-27T02:06:09.000000;2016-04-27T02:06:09.298902;7e167e2c-d1e3-4f7a-8c49-ea1416281b3d;7.3939;0.63419584;BUY
2016-04-27T02:06:09.000000;2016-04-27T02:06:09.304898;45fda433-a7e6-4646-a6e7-9865a85e148c;7.4;20.0;BUY
2016-04-27T02:06:09.000000;2016-04-27T02:06:09.312900;9aaea43a-1f6c-404d-99b0-e7dfea31de2a;7.4159;0.63027858;BUY
2016-04-27T02:06:09.000000;2016-04-27T02:06:09.319915;93157eca-7a72-48c9-8309-765a823780f3;7.42;100.8486;BUY
2016-04-27T02:06:09.000000;2016-04-27T02:06:09.325933;37d18aea-41c4-45f5-9f6c-6302343fd740;7.4382;0.63031831;BUY
2016-04-27T02:06:09.000000;2016-04-27T02:06:09.333895;3bc23e21-aeb6-4994-a799-2532939b0c95;7.4563;6.7161281;BUY
2016-04-27T02:06:09.000000;2016-04-27T02:06:09.348912;5bed56d7-5deb-4cbb-968a-bf3866218dbb;7.457;7.0;BUY
2016-04-27T02:06:09.000000;2016-04-27T02:06:09.355909;3f8b547e-9096-4dae-a739-f507b63a4304;7.457;3.44925349;BUY
2016-04-27T02:07:05.000000;2016-04-27T02:07:05.361500;ee83c5e8-6ca3-4280-83d1-d2bbd1dde1e7;7.4;20.0;BUY
2016-04-27T02:08:04.000000;2016-04-27T02:08:04.787483;831bfa4d-acbc-4225-89a5-b1d5b1ad3aff;7.4;20.0;BUY
2016-04-27T02:09:25.000000;2016-04-27T02:09:25.432503;a0507cce-fe39-43e0-aa4d-8b81fbd04505;7.382;5.0;SELL
2016-04-27T02:10:56.000000;2016-04-27T02:10:56.937674;4be9f800-2b04-4a41-911b-49fe2fa0c765;7.399;1.0;BUY
2016-04-27T02:11:39.000000;2016-04-27T02:11:39.293918;12f625c1-69b7-436a-b03b-5656f43f53e6;7.383;0.2832925;SELL
2016-04-27T02:11:44.000000;2016-04-27T02:11:44.819869;69bd76ee-7c4b-4381-8065-8c77768cf7db;7.3835;5.0;BUY
2016-04-27T02:17:46.000000;2016-04-27T02:17:46.599643;2bf767bb-3a19-4610-b253-1cbde0545887;7.399;0.70939;BUY
2016-04-27T02:19:00.000000;2016-04-27T02:19:00.644039;a70cc0c0-57e7-4c79-b034-64667366462f;7.389;3.3;SELL
2016-04-27T02:21:52.000000;2016-04-27T02:21:52.832232;14a70e54-672a-480f-a866-605c5a2bf0ea;7.39;3.6652521;BUY
2016-04-27T02:21:56.000000;2016-04-27T02:21:56.774626;940a9e49-0eb1-460c-aaf8-41a0dcce52ff;7.39;3.6652521;BUY
2016-04-27T02:21:59.000000;2016-04-27T02:21:59.978952;d726548e-c7a7-416b-b8a8-e96f335538b4;7.39;3.23750342;BUY
2016-04-27T02:22:01.000000;2016-04-27T02:22:01.184082;72493bda-66ff-42d4-9a32-328eb86708df;7.39;0.5;BUY
2016-04-27T02:22:02.000000;2016-04-27T02:22:02.279194;06a803cb-8ddb-41b8-a4fe-2e716c03fb60;7.39;3.23750342;BUY
2016-04-27T02:22:04.000000;2016-04-27T02:22:04.532416;62d7c8ff-8945-4bbc-bb65-b02e0d6162ce;7.39;3.23750342;BUY
2016-04-27T02:22:07.000000;2016-04-27T02:22:07.175691;c2182ce2-a329-4621-aac0-cc2c62012252;7.39;2.45698554;BUY
2016-04-27T02:26:10.000000;2016-04-27T02:26:10.246330;65f9f121-b74f-4839-b9e6-22977963aaef;7.4;2.03545673;BUY
2016-04-27T02:27:32.000000;2016-04-27T02:27:32.785224;ee809659-35bf-469e-9e9d-772a0d03c3dd;7.4;0.96151279;BUY
2016-04-27T02:27:51.000000;2016-04-27T02:27:51.150078;2fba16c7-e492-46f7-bc50-9585afbb7ccd;7.4;3.43625142;BUY
2016-04-27T02:27:53.000000;2016-04-27T02:27:53.642330;e1c29db9-87ba-418f-bfcb-cca27a76f536;7.4;2.4302923;BUY
2016-04-27T02:27:56.000000;2016-04-27T02:27:56.112571;07a56d35-2c97-4767-8112-f563736eba7d;7.4;3.34269619;BUY
2016-04-27T02:27:58.000000;2016-04-27T02:27:58.762829;90b06231-a415-4148-a5b9-13f45d272611;7.4;3.34269619;BUY
2016-04-27T02:28:01.000000;2016-04-27T02:28:01.408097;14767f5b-7a1a-4411-b483-efdd00960add;7.4;3.34269619;BUY
2016-04-27T02:28:03.000000;2016-04-27T02:28:03.862353;c7ca1be7-2093-4ac6-93f5-13fc804a5344;7.4;1.10396903;BUY
2016-04-27T02:32:41.000000;2016-04-27T02:32:41.229289;ca7ce385-a964-42dd-8aa6-fbf2b81d8d1d;7.4;0.00442916;BUY
2016-04-27T02:33:58.000000;2016-04-27T02:33:58.768036;195ac60a-49a5-44a4-9a0b-637dfc0cefaf;7.39;0.78051788;SELL
2016-04-27T02:33:58.000000;2016-04-27T02:33:58.812130;813879db-a313-4efb-a4c9-9ab6adeda44c;7.39;2.00206808;SELL
2016-04-27T02:34:03.000000;2016-04-27T02:34:03.267597;0418f3a2-9f4f-41bf-bba6-a5bef7b02b5a;7.389;0.5;SELL
2016-04-27T02:35:38.000000;2016-04-27T02:35:38.076963;af3830a3-22f2-4863-8adf-32b360204da1;7.39;0.42225;BUY
2016-04-27T02:39:03.000000;2016-04-27T02:39:04.042562;5e7734f5-31b0-427c-9151-22b0f916d952;7.389;6.7952;SELL
2016-04-27T02:55:22.000000;2016-04-27T02:55:22.763750;7125ff17-bace-4a43-8fab-0d3a89f1b0db;7.41;2.7892;BUY
2016-04-27T02:57:28.000000;2016-04-27T02:57:28.502315;0ed3fdad-8174-42e8-89c6-363184e227f7;7.41;0.21374;BUY
2016-04-27T03:00:10.000000;2016-04-27T03:00:10.148644;f11da4a2-c03e-4178-8333-b400581c624b;7.41;3.56702372;BUY
2016-04-27T03:00:14.000000;2016-04-27T03:00:14.487905;ae446351-d834-4dfc-ab02-ccdb7a9a7eac;7.4;19.5;BUY
2016-04-27T03:00:15.000000;2016-04-27T03:00:15.071989;d39cc695-0fff-4bbd-875f-6b791ab63951;7.4;0.5;BUY
2016-04-27T03:00:56.000000;2016-04-27T03:00:56.499261;31179c29-04a3-4c32-93ae-41c5650267cc;7.41;3.46036341;BUY
2016-04-27T03:00:58.000000;2016-04-27T03:00:58.279339;4c7485f4-7518-462e-ac82-f75d8922599e;7.41;2.80823528;BUY
2016-04-27T03:01:01.000000;2016-04-27T03:01:01.490673;a79e2383-2d2d-439d-8b19-9bb6a545624d;7.41;2.80807703;BUY
2016-04-27T03:01:04.000000;2016-04-27T03:01:04.682012;825b0123-3215-4ca9-bfa0-4aa6ed62e3b5;7.41;2.39268158;BUY
2016-04-27T03:01:07.000000;2016-04-27T03:01:07.817298;bc489002-24c7-4a66-9976-6373bf8c980e;7.41;1.96067898;BUY
2016-04-27T03:01:07.000000;2016-04-27T03:01:07.830336;65e99c6e-4526-4b64-b923-f08f27a3bd1b;7.41;0.75149027;BUY
2016-04-27T03:01:10.000000;2016-04-27T03:01:10.560561;cf8ad8a2-5b31-4790-a0cc-c7be78623eab;7.41;1.95284411;BUY
2016-04-27T03:01:13.000000;2016-04-27T03:01:13.500881;8e530623-3cb4-4697-8a73-b5b0753bca2f;7.41;0.7601701;BUY
2016-04-27T03:01:23.000000;2016-04-27T03:01:23.371858;3c2913dd-4d3f-412f-af95-1c66f118a5ea;7.41;3.45724535;BUY
2016-04-27T03:01:27.000000;2016-04-27T03:01:27.114219;922ef1e7-e4e8-4167-9f36-058ea5344ec6;7.41;3.45724535;BUY
2016-04-27T03:01:29.000000;2016-04-27T03:01:29.406443;e8f3f291-e3df-4202-a335-19a4999c940c;7.41;3.4533589;BUY
2016-04-27T03:01:32.000000;2016-04-27T03:01:32.319864;c77194e6-9b35-4422-a759-5e41eabf5eea;7.41;3.4533589;BUY
2016-04-27T03:01:35.000000;2016-04-27T03:01:35.213297;5cc62464-19aa-4e58-84f8-143521cd8564;7.41;2.71428702;BUY
2016-04-27T03:01:35.000000;2016-04-27T03:01:35.220417;4675e281-2e44-414e-963e-cf60ff0298d5;7.41;0.73907188;BUY
2016-04-27T03:01:37.000000;2016-04-27T03:01:37.856285;b60534ba-fdeb-4186-89ce-8337d9e6c9d1;7.41;3.54355556;BUY
2016-04-27T03:01:38.000000;2016-04-27T03:01:38.077339;0cb905c9-4cd1-40c0-9cb7-e1e4b97e8434;7.41;0.70843;BUY
2016-04-27T03:01:40.000000;2016-04-27T03:01:40.789579;408dc5af-d15a-4dd3-85b8-55f27c2f9d72;7.41;3.4533589;BUY
2016-04-27T03:01:43.000000;2016-04-27T03:01:43.834888;6a5405ec-65de-4a0f-bab5-63f6feb216b3;7.41;3.61664595;BUY
2016-04-27T03:01:45.000000;2016-04-27T03:01:45.843126;74b039fb-0c90-44d7-b59d-7f034fa29507;7.41;7.93893771;BUY
2016-04-27T03:01:45.000000;2016-04-27T03:01:45.847116;36e1300b-ccf3-4eb5-a5b9-5a4de0785555;7.41;0.54729918;BUY
2016-04-27T03:01:46.000000;2016-04-27T03:01:46.157125;c9886e4f-47ef-4ae1-9935-44c6f6e49afd;7.41;1.33925065;BUY
2016-04-27T03:01:47.000000;2016-04-27T03:01:47.908342;f34eaa94-d42d-481a-b3b5-9690fe207c95;7.41;8.48623689;BUY
2016-04-27T03:01:48.000000;2016-04-27T03:01:48.246325;8f0b91cb-c513-4f9a-a3de-05caf15c6c8b;7.41;3.4533589;BUY
2016-04-27T03:01:50.000000;2016-04-27T03:01:50.059172;6db581f9-e83c-4b5f-8ca6-c0a1734fed40;7.41;6.17385438;BUY
2016-04-27T03:01:50.000000;2016-04-27T03:01:50.066044;2e97e086-e94e-4e31-b8cf-177bc6a86810;7.41;2.31238251;BUY
2016-04-27T03:01:50.000000;2016-04-27T03:01:50.928591;16e7cf9e-3fde-49fe-b43d-decf62c0b092;7.41;2.63127186;BUY
2016-04-27T03:01:53.000000;2016-04-27T03:01:53.444883;823d6ee5-52a1-4722-a30b-93484a802af2;7.41;1.36269818;BUY
2016-04-27T03:01:56.000000;2016-04-27T03:01:56.346141;48bcb1cc-3168-40a2-9874-e99a96aefdd7;7.41;3.59331923;BUY
2016-04-27T03:01:58.000000;2016-04-27T03:01:58.951409;e39d4041-502e-4c57-b1d8-5fbd7788219a;7.41;1.3615766;BUY
2016-04-27T03:02:01.000000;2016-04-27T03:02:01.053648;b7600159-453e-4890-8ce3-296f92342736;7.41;2.63127187;BUY
2016-04-27T03:02:03.000000;2016-04-27T03:02:03.759938;fe54aaf7-b5e6-4385-9db3-a27024c937f7;7.41;3.47202028;BUY
2016-04-27T03:02:07.000000;2016-04-27T03:02:07.231258;6e5b710d-53c6-4fbd-8616-73529a45ec18;7.41;2.63545947;BUY
2016-04-27T03:02:07.000000;2016-04-27T03:02:07.239247;5a7c52ac-e961-44ad-9d06-db20ab37531d;7.41;1.55942504;BUY
2016-04-27T03:02:09.000000;2016-04-27T03:02:09.549468;a7e5eb3d-c799-4135-a3fc-e019589c0875;7.41;4.19488451;BUY
2016-04-27T03:02:13.000000;2016-04-27T03:02:13.185844;3019c09e-c468-4ee0-9bc5-5d908b7101c8;7.41;4.19488451;BUY
2016-04-27T03:02:16.000000;2016-04-27T03:02:16.794196;366e53d1-809c-430b-88c3-27b77167c736;7.41;4.18892817;BUY
2016-04-27T03:02:19.000000;2016-04-27T03:02:19.193447;ba604955-04ad-4499-b7c9-d188004a9e0b;7.41;4.18892817;BUY
2016-04-27T03:02:21.000000;2016-04-27T03:02:21.663688;c3ef5e92-acef-4d9b-af15-970229f8a482;7.41;1.6729496;BUY
2016-04-27T03:02:21.000000;2016-04-27T03:02:21.670680;4f8f2b1b-3efa-4c03-8c13-7578f8891501;7.41;2.51597857;BUY
2016-04-27T03:02:24.000000;2016-04-27T03:02:24.583974;2e74f47d-1a75-4e7f-af74-ad2d5794d492;7.41;4.18892817;BUY
2016-04-27T03:02:28.000000;2016-04-27T03:02:28.696372;65c38d1c-ece3-4c1c-9e29-cbea53161947;7.41;0.24348769;BUY
2016-04-27T03:03:04.000000;2016-04-27T03:03:04.897002;707db33b-009c-46fc-ab28-966e97058baf;7.41;0.85310298;BUY
2016-04-27T03:03:17.000000;2016-04-27T03:03:17.865325;2ee2c4bb-4d3f-4be1-b63c-42da3d081e30;7.41;3.11596344;BUY
2016-04-27T03:03:21.000000;2016-04-27T03:03:21.682710;2de9409b-aa2e-46f2-9d5c-e334d52a1512;7.41;3.1157683;BUY
2016-04-27T03:03:43.000000;2016-04-27T03:03:43.078830;cecdb331-7cf6-481b-ae06-fc7cb01972a8;7.41;5.96677085;BUY
2016-04-27T03:03:43.000000;2016-04-27T03:03:43.090810;f4eb0a86-238b-4cb0-82a4-9016b39d93c1;7.41;0.64718291;BUY
2016-04-27T03:03:46.000000;2016-04-27T03:03:47.234244;708ff843-30fb-4b37-86d6-6cdb142f4f1d;7.41;5.25349075;BUY
2016-04-27T03:03:49.000000;2016-04-27T03:03:50.034769;9335d9b1-16f3-4aba-8b99-653533337c33;7.41;3.73309579;BUY
2016-04-27T03:04:34.000000;2016-04-27T03:04:34.204005;723e97db-4cdd-4f7a-a5f2-11cca5a7dfe8;7.41;7.41440415;BUY
2016-04-27T03:04:41.000000;2016-04-27T03:04:41.977711;3930de2f-4ebc-4466-9ef9-a7911e7febce;7.41;2.9518264;BUY
2016-04-27T03:04:41.000000;2016-04-27T03:04:42.037713;d1e43a09-38f4-4bf3-b3e9-1e4f2820683e;7.41;4.48274043;BUY
2016-04-27T03:04:44.000000;2016-04-27T03:04:44.170928;0b2b69c6-c583-4028-9f28-1591e3679bc2;7.41;7.43456683;BUY
2016-04-27T03:04:48.000000;2016-04-27T03:04:48.067319;7d23548e-5fb9-43a9-94b9-f336b536fbdf;7.41;7.43456683;BUY
2016-04-27T03:04:51.000000;2016-04-27T03:04:51.082893;b96f0ee1-eafa-42f8-b04b-b8370d88adbc;7.41;0.64812591;BUY
2016-04-27T03:04:51.000000;2016-04-27T03:04:51.091190;cc205b0e-a38f-4653-a649-8158406543d3;7.41;6.76627824;BUY
2016-04-27T03:04:55.000000;2016-04-27T03:04:55.813080;34407e5e-52fb-4696-b90d-e31bd4350477;7.41;6.75113112;BUY
2016-04-27T03:04:55.000000;2016-04-27T03:04:55.899138;6ee7de4a-9023-4a30-8136-4be7749d1b6a;7.41;6.48259064;BUY
2016-04-27T03:04:55.000000;2016-04-27T03:04:55.908169;73da3bb0-61a3-4636-9110-c72c841a5514;7.41;0.93181351;BUY
2016-04-27T03:05:00.000000;2016-04-27T03:05:00.624601;d23da94d-e66b-4f96-a673-b0777c4da0a4;7.41;4.0680447;BUY
2016-04-27T03:05:03.000000;2016-04-27T03:05:03.631875;5c9e2056-34d1-4b8a-9bf9-02c5be61d042;7.41;6.77821344;BUY
2016-04-27T03:05:06.000000;2016-04-27T03:05:06.872220;fd8ee9ca-c69a-4a06-99a2-298d25a75592;7.41;1.78895227;BUY
2016-04-27T03:05:09.000000;2016-04-27T03:05:10.033524;62ca0436-ab0a-4021-842c-ccb27697a70e;7.41;5.26595456;BUY
2016-04-27T03:05:12.000000;2016-04-27T03:05:12.401780;19a41d8d-4fca-43b4-8c38-d6005899ab2b;7.41;1.16702152;BUY
2016-04-27T03:05:12.000000;2016-04-27T03:05:12.416749;f854346e-930d-4911-95ea-b62bc7579bd8;7.41;0.5813835;BUY
2016-04-27T03:05:14.000000;2016-04-27T03:05:14.986701;a4def08c-77d2-4321-9f4b-4b84bbb7b1f8;7.41;5.26595456;BUY
2016-04-27T03:05:18.000000;2016-04-27T03:05:18.415362;8176cb9b-e3a0-4ea8-82ea-22f1ed002546;7.41;5.26595456;BUY
2016-04-27T03:05:20.000000;2016-04-27T03:05:20.713577;17f0caa2-73dc-404e-bf6f-758783a5ac43;7.41;2.57055397;BUY
2016-04-27T03:05:23.000000;2016-04-27T03:05:23.929908;fe405a2c-b502-405d-95de-8a36a39f8120;7.41;5.26595456;BUY
2016-04-27T03:05:26.000000;2016-04-27T03:05:26.440189;649ea3b5-bf4c-415a-b7a1-aa54bd1eb8dd;7.41;1.05019885;BUY
2016-04-27T03:05:26.000000;2016-04-27T03:05:26.452159;43f198e3-d97c-4029-8f4d-0e5b9d886d38;7.41;5.1559312;BUY
2016-04-27T03:05:28.000000;2016-04-27T03:05:28.690388;4abd81b0-1afb-4c42-9300-ce11525277a6;7.41;6.20593196;BUY
2016-04-27T03:06:58.000000;2016-04-27T03:06:58.096318;80f6f1bd-aafa-4789-82ee-1b6df882c1ea;7.41;4.5898081;BUY
2016-04-27T03:07:00.000000;2016-04-27T03:07:00.433562;46dbdc1d-4adf-4c74-90f8-a77c02c2e0f0;7.41;3.78899284;BUY
2016-04-27T03:07:04.000000;2016-04-27T03:07:04.705969;65b4c442-dc7b-4dc8-927e-96614dca9622;7.41;0.2593359;BUY
2016-04-27T03:07:04.000000;2016-04-27T03:07:04.714966;759f681c-5a3f-4028-addc-58fd788d4af0;7.41;4.30020811;BUY
2016-04-27T03:07:08.000000;2016-04-27T03:07:08.447346;484a18c4-07fe-40fb-96e3-b0a7fdcb3d62;7.41;1.76090005;BUY
2016-04-27T03:07:12.000000;2016-04-27T03:07:12.976821;fb37dcd9-6b4c-4792-abda-e70fb9125e44;7.41;2.14795745;BUY
2016-04-27T03:15:33.000000;2016-04-27T03:15:33.289877;ddcc82e4-b490-4bee-b3b4-1c7da92fbc47;7.42;0.21084;BUY
2016-04-27T03:36:15.000000;2016-04-27T03:36:15.874729;a6a1a628-4a75-4932-9580-65cda46c75b5;7.41;1.31237606;SELL
2016-04-27T03:37:04.000000;2016-04-27T03:37:04.828628;e4a0fe99-b0c7-4524-a7ce-d6d294068b2a;7.42;5.0738;BUY
2016-04-27T03:52:13.000000;2016-04-27T03:52:13.431079;3535b7f9-c767-4001-aade-de7adc5adb9c;7.42;3.89507128;BUY
2016-04-27T03:52:15.000000;2016-04-27T03:52:15.757298;aa8235b1-2ecd-4c7a-91b1-c33c666c81ca;7.42;0.82028872;BUY
2016-04-27T03:52:15.000000;2016-04-27T03:52:15.767327;f0119f03-55a1-471e-9d32-4bd56abee01c;7.42;3.11477495;BUY
2016-04-27T03:52:17.000000;2016-04-27T03:52:18.002541;2fe9c338-1c29-481b-81f5-3b93231fc6a9;7.42;3.89818763;BUY
2016-04-27T03:52:21.000000;2016-04-27T03:52:21.602884;82ffb200-9f05-4303-8a22-6d48d009ebdc;7.42;2.98703742;BUY
2016-04-27T03:52:21.000000;2016-04-27T03:52:21.611869;2c3d4d1e-6a85-47ac-b05d-c4abfe104193;7.42;0.91115021;BUY
2016-04-27T03:52:25.000000;2016-04-27T03:52:25.542280;c528da90-663c-4e61-93e2-87561569077d;7.42;3.89818763;BUY
2016-04-27T03:52:28.000000;2016-04-27T03:52:28.452557;d91ee060-45d5-4e68-ba5d-e5d8c57f87c0;7.42;3.89818763;BUY
2016-04-27T03:52:30.000000;2016-04-27T03:52:31.082846;42806c7d-e556-4df2-8beb-acbb83a6be2c;7.42;1.2873098;BUY
2016-04-27T03:52:33.000000;2016-04-27T03:52:33.980109;83a6388b-44e1-4280-a0bc-153f655ee7c7;7.42;0.00516473;BUY
2016-04-27T03:55:20.000000;2016-04-27T03:55:20.715777;7ee73dae-8c5b-4abd-bd59-b40fafc4f624;7.43;5.65242496;BUY
2016-04-27T03:55:24.000000;2016-04-27T03:55:24.084132;732c702d-4c79-42fe-8aca-f27002324c90;7.43;3.03601578;BUY
2016-04-27T03:55:26.000000;2016-04-27T03:55:26.316346;4e8ee4c9-b9f8-4bc5-bcd7-d8c7fd6eb361;7.43;1.28253091;BUY
2016-04-27T03:55:28.000000;2016-04-27T03:55:28.624611;e157a0ff-2bc9-4e9c-9d41-53afc9ae15ef;7.43;1.53302524;BUY
2016-04-27T03:55:31.000000;2016-04-27T03:55:31.253867;ed8bad7b-fe36-4fca-b307-be332a9b2f95;7.43;18.49600311;BUY
2016-04-27T03:55:31.000000;2016-04-27T03:55:31.285875;e1b4967b-6724-4578-a567-84009a2531ab;7.43;30.0;BUY
2016-04-27T03:55:44.000000;2016-04-27T03:55:44.094159;70e6308d-2ef7-4470-a06d-0397d18cb716;7.43;5.57495488;SELL
2016-04-27T03:55:44.000000;2016-04-27T03:55:44.179136;afc8324e-fc0b-4d04-b9e3-24d6f9cabf58;7.43;1.45374126;SELL
2016-04-27T03:55:44.000000;2016-04-27T03:55:44.762196;753536d6-b0b3-43da-89c0-340168d9cb7c;7.43;0.6;BUY
2016-04-27T03:55:49.000000;2016-04-27T03:55:49.379645;3dcbf3cf-def5-48de-a8c4-515231a2e771;7.43;2.59098857;BUY
2016-04-27T03:55:52.000000;2016-04-27T03:55:52.499968;7cb60811-877c-4d4d-97d2-813cbf5815bc;7.43;6.64919647;BUY
2016-04-27T03:55:54.000000;2016-04-27T03:55:54.794368;4a80f3d3-d769-48e5-b25f-a780a273c930;7.43;6.64919647;BUY
2016-04-27T03:55:58.000000;2016-04-27T03:55:58.227549;42a97b30-bc85-4653-8495-20305bd0bb45;7.43;6.48192235;BUY
2016-04-27T03:56:02.000000;2016-04-27T03:56:02.705985;2e56286e-291f-48de-bdf8-3aec2af2ea9d;7.43;0.16727412;SELL
2016-04-27T03:56:02.000000;2016-04-27T03:56:02.707112;b4a2f3e5-72b4-4c9c-a8b4-d6674cf71c27;7.43;0.66833166;SELL
2016-04-27T03:56:11.000000;2016-04-27T03:56:11.214859;e4a44432-627e-48f3-af15-362d3b60b004;7.43;6.69435868;BUY
2016-04-27T03:56:13.000000;2016-04-27T03:56:13.333111;13b33418-0126-42e5-a780-372ec8c4c11c;7.43;3.00606814;BUY
2016-04-27T03:56:13.000000;2016-04-27T03:56:13.504075;c8fe3d0c-4859-4f84-ae60-6c00a9b351c4;7.43;6.69747338;BUY
2016-04-27T03:56:15.000000;2016-04-27T03:56:15.567328;5011ad6c-dab0-4e0b-9f64-b19f2ad718f6;7.43;6.70993224;BUY
2016-04-27T03:56:19.000000;2016-04-27T03:56:19.284640;5d233470-80e0-4184-b0ad-4c8decbc69d0;7.43;6.05656178;BUY
2016-04-27T03:56:35.000000;2016-04-27T03:56:35.059223;fc6c6af8-25a6-4423-875f-fc0d29cf4764;7.43;6.70993224;SELL
2016-04-27T03:56:35.000000;2016-04-27T03:56:35.069244;e9c05b2d-bffc-48e3-ba11-eb6906aa5fce;7.43;0.02769662;SELL
2016-04-27T03:57:57.000000;2016-04-27T03:57:57.731491;d3971d8d-38f6-4782-aadd-2ae6e0b82b3c;7.44;3.03322831;BUY
2016-04-27T03:58:07.000000;2016-04-27T03:58:07.528469;c5514fa7-5380-439b-9c89-bd425d55d110;7.439;0.6;BUY
2016-04-27T03:58:07.000000;2016-04-27T03:58:07.533539;bc769675-190b-47c7-9547-bbb4e5ebaa23;7.44;2.68792371;BUY
2016-04-27T03:58:09.000000;2016-04-27T03:58:09.874735;d8328188-5575-480c-baff-8cfba4667e72;7.44;3.28792371;BUY
2016-04-27T03:58:12.000000;2016-04-27T03:58:12.372966;d2906fb9-d1b0-4016-97a6-133c5a7b7921;7.44;3.2523832;BUY
2016-04-27T03:58:14.000000;2016-04-27T03:58:14.563173;e7ed6291-0726-4e7c-904a-9ef90ae34872;7.44;3.27865227;BUY
2016-04-27T03:58:16.000000;2016-04-27T03:58:16.704426;0ca181bd-3f5b-45c9-a876-5ba16c5a135b;7.44;3.28328799;BUY
2016-04-27T03:58:18.000000;2016-04-27T03:58:18.587611;a872951c-a695-4ea1-a91c-a4be5b42331e;7.44;3.27865227;BUY
2016-04-27T03:58:21.000000;2016-04-27T03:58:21.502859;6910e43d-e2e8-47e0-8fb3-9d8bf37ab66f;7.44;3.27863496;BUY
2016-04-27T03:58:23.000000;2016-04-27T03:58:23.492097;e52e14f4-b498-464c-84cb-49d1a243b617;7.44;3.10233559;BUY
2016-04-27T03:58:25.000000;2016-04-27T03:58:25.619338;c169e8f3-a761-4108-a9e3-1007eb49f214;7.44;1.51697799;BUY
2016-04-27T03:58:25.000000;2016-04-27T03:58:25.651270;027d20df-e666-48df-802c-3a4816245efa;7.44;1.7171853;BUY
2016-04-27T03:58:30.000000;2016-04-27T03:58:30.258774;ab041846-b03e-44e9-a875-690527dd13e0;7.44;3.27299759;BUY
2016-04-27T03:58:33.000000;2016-04-27T03:58:33.787108;fa54e431-a733-45e2-bf32-36767225bf68;7.44;3.26535778;BUY
2016-04-27T03:58:36.000000;2016-04-27T03:58:36.731397;176f79ac-c8f8-4413-a480-f4d890d67b84;7.44;2.91604137;BUY
2016-04-27T03:58:39.000000;2016-04-27T03:58:39.620685;5ffbb5c8-2dc7-496f-ba6e-335d4914d954;7.44;0.92016238;BUY
2016-04-27T03:58:41.000000;2016-04-27T03:58:41.687922;cfefbd7d-b3fd-456c-82c5-8d47558fade8;7.44;3.13899577;BUY
2016-04-27T03:58:44.000000;2016-04-27T03:58:44.197145;b4aa35a6-7191-4968-aa1f-96498c95dbe6;7.44;3.19483767;BUY
2016-04-27T04:05:59.000000;2016-04-27T04:05:59.418551;2470feef-f685-411c-90c2-2ee49437d430;7.43;6.00466314;SELL
2016-04-27T04:07:44.000000;2016-04-27T04:07:44.744049;d2e6f218-8639-4569-909b-9ca2f7c33001;7.43;23.99533686;BUY
2016-04-27T04:07:44.000000;2016-04-27T04:07:44.748054;a7c2705a-ee30-4997-a7be-8abfc8ec3ffa;7.44;0.05853754;BUY
2016-04-27T04:07:44.000000;2016-04-27T04:07:44.857054;362aac45-2c15-4916-81dd-4911303c5518;7.44;11.5158846;BUY
2016-04-27T04:07:44.000000;2016-04-27T04:07:44.863097;2b38991f-ade9-4a68-a160-6fa5343009eb;7.44;18.31365787;BUY
2016-04-27T04:07:46.000000;2016-04-27T04:07:46.164227;e2219580-a864-45ca-9be7-2bd3de6d9d4f;7.44;11.68634213;BUY
2016-04-27T04:07:49.000000;2016-04-27T04:07:49.100513;f21d3205-4a6a-430b-bbb6-29f30fc44f05;7.4578;0.62972292;BUY
2016-04-27T04:07:49.000000;2016-04-27T04:07:49.511805;384516e8-eed9-43a6-85d5-ac9e98012939;7.46;12.33528039;BUY
2016-04-27T04:07:49.000000;2016-04-27T04:07:49.958574;57d08504-528d-46fc-a640-c79323dcf35b;7.46;7.66471961;BUY
2016-04-27T04:07:49.000000;2016-04-27T04:07:49.964579;4d9ae8d8-c3af-49c5-97f8-bfb4ef62c5f7;7.467;4.67056078;BUY
2016-04-27T04:14:31.000000;2016-04-27T04:14:31.306714;34e2ecf2-f74c-418b-8adb-c8201d5d17ff;7.46;1.0;BUY
2016-04-27T04:16:05.000000;2016-04-27T04:16:05.830156;899dac17-f6db-473b-9192-bcb470b92d78;7.46;2.0;BUY
2016-04-27T04:20:28.000000;2016-04-27T04:20:28.384941;08231748-d89c-495f-b54c-061dad9d32d6;7.46;3.4;BUY
2016-04-27T04:21:15.000000;2016-04-27T04:21:15.606661;b0c30a3d-a1e7-4b7d-8671-c8007450085a;7.46;20.0;BUY
2016-04-27T04:25:10.000000;2016-04-27T04:25:10.342167;ce2023f0-678d-4df5-a4c3-b5f9f12c71c6;7.42;1.28214507;SELL
2016-04-27T04:25:10.000000;2016-04-27T04:25:10.349164;de46ed25-9e23-4192-85ec-7385ca8b7562;7.411;2.3;SELL
2016-04-27T04:25:10.000000;2016-04-27T04:25:10.351166;0a5714e3-a001-4d50-8565-c46d0b0f0e4a;7.41;0.28343772;SELL
2016-04-27T04:25:10.000000;2016-04-27T04:25:10.359139;03c4631e-c12d-4791-9a3d-8234be502d95;7.41;2.13937421;SELL
2016-04-27T04:25:10.000000;2016-04-27T04:25:10.367128;efb24026-385c-49e9-b62a-1aaf9b2daa1a;7.4004;0.6237914;SELL
2016-04-27T04:25:10.000000;2016-04-27T04:25:10.383143;77bfe5fc-2fd4-4bd2-b4e7-124fdfd6c798;7.3927;3.34058352;SELL
2016-04-27T04:25:10.000000;2016-04-27T04:25:10.390128;6dfaf67b-356b-4616-a066-6e7101e51ab5;7.3927;10.03066808;SELL
2016-04-27T04:54:44.000000;2016-04-27T04:54:44.204532;e998c8e3-8448-4c63-ad54-11eceb32ec50;7.3912;0.84907;SELL
2016-04-27T04:55:10.000000;2016-04-27T04:55:10.210139;f4d90ad9-416c-4502-861b-c180c990d52f;7.3912;2.19538;SELL
2016-04-27T04:55:28.000000;2016-04-27T04:55:28.838993;37053222-6c77-4155-a223-0caea37e6508;7.3891;20.90827806;SELL
2016-04-27T04:55:28.000000;2016-04-27T04:55:28.848557;6dbfbfe8-9bcd-4712-9eaa-07019c8f1735;7.389;90.1889;SELL
2016-04-27T04:55:28.000000;2016-04-27T04:55:28.858554;f0454cbd-fbad-4a8d-95c5-720ff8c0b1fd;7.3882;23.90282194;SELL
2016-04-27T04:55:56.000000;2016-04-27T04:55:56.467142;24553a34-c67c-4c7e-879d-0b5a35350539;7.3882;0.21235;SELL
2016-04-27T04:56:09.000000;2016-04-27T04:56:09.801097;0f73a725-c341-442a-b1fc-3a5b6a1ac3a4;7.3882;0.10618;SELL
2016-04-27T05:20:01.000000;2016-04-27T05:20:01.395127;6d9aecc0-8404-40f7-8e92-d600c94b1c68;7.3882;0.02417225;SELL
2016-04-27T05:20:02.000000;2016-04-27T05:20:02.897272;3ed3677c-aaf4-42d4-bbb0-cd2dbea8ac98;7.3882;8.48623689;BUY
2016-04-27T05:20:09.000000;2016-04-27T05:20:09.608929;4d9be234-5a69-44f4-b9b5-10f6fead27fb;7.3881;2.3;SELL
2016-04-27T05:22:01.000000;2016-04-27T05:22:01.899169;b0426c37-928a-4ff9-a426-35dcef8a2fd2;7.3881;3.04140555;SELL
2016-04-27T05:26:05.000000;2016-04-27T05:26:05.521536;637f82c1-4186-4dc0-86e5-6786ccfcb3aa;7.3881;18.90444681;SELL
2016-04-27T05:37:34.000000;2016-04-27T05:37:34.542768;e2a15e3d-753a-4f3f-acfd-77dce9412cbc;7.37;0.62893082;SELL
2016-04-27T05:38:44.000000;2016-04-27T05:38:44.169713;2ce1ffe9-8e1c-4b92-b4b9-626b01aeedf0;7.362;6.37106918;SELL
2016-04-27T05:43:39.000000;2016-04-27T05:43:40.075292;c97e6481-5a28-48cf-ba2f-d377f4b9ecff;7.3881;0.1;BUY
2016-04-27T06:18:15.000000;2016-04-27T06:18:15.643885;2cbcb0b0-bb47-4cd1-ba22-de0871b07301;7.3881;6.97740964;BUY
2016-04-27T06:18:18.000000;2016-04-27T06:18:18.366147;27af6506-7ec5-4896-914b-eff60e4b4d74;7.3881;3.04263044;BUY
2016-04-27T06:18:18.000000;2016-04-27T06:18:18.378127;bd803be6-38d9-4aa7-94a1-82478260de3a;7.3881;6.97740964;BUY
2016-04-27T06:18:18.000000;2016-04-27T06:18:18.896195;9fb90162-e705-4ca0-8eb6-8fd05ddeef64;7.3881;3.04263044;BUY
2016-04-27T06:33:37.000000;2016-04-27T06:33:37.170472;bc46dd79-94e8-4dac-b859-7ac67d8e8dbf;7.37;7.99329793;BUY
2016-04-27T06:33:37.000000;2016-04-27T06:33:37.995393;b378ed97-6d8e-4edd-97a7-49647b8ebced;7.37;1.46262232;BUY
2016-04-27T06:34:12.000000;2016-04-27T06:34:12.077862;e8857108-0e0b-4080-92c0-c7c27d498249;7.3691;24.34475681;SELL
2016-04-27T06:34:12.000000;2016-04-27T06:34:12.139825;7704715b-3113-435d-a0bd-a803d80595aa;7.369;100.6404;SELL
2016-04-27T06:34:12.000000;2016-04-27T06:34:12.141841;3a5ff534-230c-4fc1-a8a4-b703a1598e4e;7.3611;0.63063631;SELL
2016-04-27T06:34:13.000000;2016-04-27T06:34:14.198026;b56e76db-907f-4ccd-b489-8113e9ba42f2;7.37;10.54407876;BUY
2016-04-27T06:34:23.000000;2016-04-27T06:34:23.800967;cccc35ed-6afb-4d21-82a8-dd2b2f1189f5;7.37;10.54407876;BUY
2016-04-27T06:34:42.000000;2016-04-27T06:34:42.666878;3d641984-1b5e-4425-8cfd-c958dc391fd8;7.363;100.6047;SELL
2016-04-27T06:34:42.000000;2016-04-27T06:34:42.669909;22af5cc5-fd5f-46c8-9535-bdb395fa4d7f;7.363;1.46622908;SELL
2016-04-27T06:34:42.000000;2016-04-27T06:34:42.678874;2417fe1e-3f34-4b23-a881-939f929d7087;7.3621;24.35489526;SELL
2016-04-27T06:34:42.000000;2016-04-27T06:34:42.690885;c73019e3-54a0-4174-812b-bd523d279f88;7.362;0.19059773;SELL
2016-04-27T06:34:47.000000;2016-04-27T06:34:47.310355;3cbafce9-b7f4-47ae-bb6a-314cb800702c;7.3623;24.35423403;SELL
2016-04-27T06:34:47.000000;2016-04-27T06:34:47.311330;7ab124b9-9cd4-4a13-abbd-254f82c99125;7.362;0.60940227;SELL
2016-04-27T06:34:47.000000;2016-04-27T06:34:47.730381;69715069-fc5d-4805-85dc-58bf8a2a844c;7.36;14.29607279;BUY
2016-04-27T06:34:48.000000;2016-04-27T06:34:48.546442;f1fb6bca-5095-4ff9-8500-afff888df81d;7.36;10.55840559;BUY
2016-04-27T06:34:49.000000;2016-04-27T06:34:49.667562;bc460303-dda9-4334-894d-5780182f271a;7.36;10.55840559;BUY
2016-04-27T06:34:49.000000;2016-04-27T06:34:49.812576;2fb664ca-f56c-4b68-a9f9-6f89822a1247;7.36;3.76181289;BUY
2016-04-27T06:34:50.000000;2016-04-27T06:34:50.811680;ce1142d4-c3c9-4b4d-808f-61a90b349fdb;7.36;3.76181289;BUY
2016-04-27T06:34:52.000000;2016-04-27T06:34:52.803910;68575a57-6d39-4f78-9ffa-814dc6b072f4;7.36;10.55840559;BUY
2016-04-27T06:34:53.000000;2016-04-27T06:34:53.426959;55a71e9f-7678-44ed-8b13-944d853a8383;7.36;10.55840559;BUY
2016-04-27T06:34:54.000000;2016-04-27T06:34:54.150013;6c1baa8c-325b-4c9c-97a6-ea53177302ab;7.36;10.55840559;BUY
2016-04-27T06:34:56.000000;2016-04-27T06:34:56.100243;09a1ba22-6d3b-4333-85ab-c903440c1f69;7.36;1.02407682;BUY
2016-04-27T06:34:58.000000;2016-04-27T06:34:58.441438;27692d58-ef22-45c3-a8a2-c86e2a067f5d;7.36;10.55840559;BUY
2016-04-27T06:34:59.000000;2016-04-27T06:34:59.612549;11c0c87c-a342-4432-826e-47ff445bb4bd;7.36;4.29640462;BUY
2016-04-27T06:35:02.000000;2016-04-27T06:35:02.584849;55079a86-4c6b-4c3d-b1a5-4c9b29d49c2f;7.36;1.19092397;BUY
2016-04-27T06:35:05.000000;2016-04-27T06:35:05.813178;135f3c12-265c-4ac9-bd77-0e0e73ce9acf;7.36;4.2426952;BUY
2016-04-27T06:35:09.000000;2016-04-27T06:35:09.461534;db4c972b-2b78-41ba-879e-8868341eb969;7.36;4.08080383;BUY
2016-04-27T06:35:12.000000;2016-04-27T06:35:12.726883;1c211715-cb4e-4093-92f9-9e1b282feaff;7.36;1.64774922;BUY
2016-04-27T06:35:29.000000;2016-04-27T06:35:29.692556;0077b664-cf31-4e38-a0b5-5baf69c3f516;7.37;10.54407821;BUY
2016-04-27T06:35:31.000000;2016-04-27T06:35:31.332718;f9ff3afa-ce85-4f37-94d9-0b656980419c;7.3601;10.54407821;SELL
2016-04-27T06:35:31.000000;2016-04-27T06:35:31.345752;662fd654-b7cd-459b-b915-8aaf3a933361;7.36;2.43305461;SELL
2016-04-27T06:35:31.000000;2016-04-27T06:35:31.348787;66137c51-5997-4e39-b55f-b6c8608f4a59;7.36;1.13639756;SELL
2016-04-27T06:35:34.000000;2016-04-27T06:35:34.165028;aeca4ff1-0011-4562-b7ca-f3273f362fd9;7.36;11.49183334;BUY
2016-04-27T06:35:34.000000;2016-04-27T06:35:34.644087;93747432-946f-46a7-b1ce-d60013417236;7.36;1.07388641;BUY
2016-04-27T06:35:35.000000;2016-04-27T06:35:36.027196;8322a36c-fea7-456b-95a9-5e0b57852754;7.36;6.17626224;BUY
2016-04-27T06:35:36.000000;2016-04-27T06:35:37.058298;01bb6456-6677-4e2f-91fd-7e241542aae2;7.36;17.14448763;BUY
2016-04-27T06:35:39.000000;2016-04-27T06:35:39.984604;0c3665f5-78eb-4930-b067-9132c08df6a1;7.361;50.0;SELL
2016-04-27T06:35:48.000000;2016-04-27T06:35:48.194412;4bb85933-d2d2-4680-b178-597c89d697ac;7.362;11.5;SELL
2016-04-27T06:35:48.000000;2016-04-27T06:35:48.197429;0fa5e27d-3f89-4290-a5f1-ddea73b040ce;7.3613;17.1722067;SELL
2016-04-27T06:35:48.000000;2016-04-27T06:35:48.208418;be50c54c-4cf5-4770-b5ba-7e7b1b6a15e1;7.361;8.122743;SELL
2016-04-27T06:35:48.000000;2016-04-27T06:35:48.213422;f020ffaa-0ca0-4bfc-a835-e44f12acb26f;7.36;7.09966545;SELL
2016-04-27T06:35:50.000000;2016-04-27T06:35:50.330941;c222eaa9-b182-45ec-8f40-7c035bbbe60b;7.36;6.10538485;BUY
2016-04-27T06:35:53.000000;2016-04-27T06:35:53.925377;5cec7cc1-0f28-4822-8a6d-947d7a334868;7.3612;10.36262;SELL
2016-04-27T06:35:53.000000;2016-04-27T06:35:53.933972;73d1a66a-6a7c-414e-8667-03a9454c6dd8;7.3601;24.39463628;SELL
2016-04-27T06:35:56.000000;2016-04-27T06:35:56.713306;e2182ca9-6029-40f9-b951-a3a252209086;7.36;1.3;BUY
2016-04-27T06:36:08.000000;2016-04-27T06:36:08.130481;1551ff50-bd09-46b4-b7e5-3b071f761c31;7.36;5.57502061;BUY
2016-04-27T06:36:12.000000;2016-04-27T06:36:12.766872;f3658482-5917-45ab-a0fc-84eb1ab664c6;7.36;8.02842611;BUY
2016-04-27T06:36:17.000000;2016-04-27T06:36:17.315332;11eb9277-968b-42ba-a96d-3f71c8149a18;7.36;0.339297;BUY
2016-04-27T06:36:17.000000;2016-04-27T06:36:17.320583;6a21597f-3b78-4e3b-8705-53e3e175cbc2;7.36;7.79848326;BUY
2016-04-27T06:36:24.000000;2016-04-27T06:36:25.018096;db28e484-7b16-4762-8444-cdce491c90da;7.36;3.4;BUY
2016-04-27T06:36:28.000000;2016-04-27T06:36:28.524458;8b313c66-2a04-478d-bd56-c3481272af29;7.36;7.01646903;BUY
2016-04-27T06:36:30.000000;2016-04-27T06:36:30.825692;e97f143a-a187-4015-9410-c252d4a9a0d2;7.36;8.1924643;BUY
2016-04-27T06:36:33.000000;2016-04-27T06:36:33.506939;cfc726bf-55f8-4d23-837b-f25924c120da;7.36;7.15426131;BUY
2016-04-27T06:36:36.000000;2016-04-27T06:36:36.561240;c05f5c95-2e2a-4dd9-b7f8-40ffaab85a5f;7.36;7.31807671;BUY
2016-04-27T06:36:39.000000;2016-04-27T06:36:39.995606;0f4de4e6-1c09-4560-87a7-43617c8475d7;7.36;8.3018463;BUY
2016-04-27T06:36:42.000000;2016-04-27T06:36:42.341866;9ade9dc7-d462-462d-808c-2a4f8f4e3c31;7.36;0.81839909;BUY
2016-04-27T06:36:42.000000;2016-04-27T06:36:42.369829;2e469b4d-b507-456b-9486-79fa614e2702;7.36;6.19353717;BUY
2016-04-27T06:36:45.000000;2016-04-27T06:36:45.177111;18717e34-36e9-4a78-8a37-44b218af809a;7.36;0.81512877;BUY
2016-04-27T06:36:47.000000;2016-04-27T06:36:47.725373;3058077d-c943-4d73-bcab-c0c4d355f9e4;7.36;12.50299839;BUY
2016-04-27T06:36:49.000000;2016-04-27T06:36:49.670568;29572b41-e59c-4529-9df2-ea57812e9b26;7.36;6.17224568;BUY
2016-04-27T06:36:51.000000;2016-04-27T06:36:51.706824;6d0a75c4-5958-4eaf-819c-161f0138fda8;7.36;5.55327745;BUY
2016-04-27T06:36:53.000000;2016-04-27T06:36:53.791982;d7e92d32-a459-4869-937e-b386f4152701;7.36;2.107279;BUY
2016-04-27T06:36:54.000000;2016-04-27T06:36:54.270030;ab55f84d-481a-4383-9a22-057414161e66;7.36;6.71762437;BUY
2016-04-27T06:36:57.000000;2016-04-27T06:36:57.796378;3786c363-59da-4da4-bf91-1fc54c947efa;7.36;6.77218775;BUY
2016-04-27T06:37:01.000000;2016-04-27T06:37:01.646759;599c084f-a4d9-4124-a51f-34b9619ec056;7.36;3.16572142;BUY
2016-04-27T06:37:10.000000;2016-04-27T06:37:10.990714;fdd0a050-4dc9-4e7d-8d18-b19199468f30;7.36;3.66103435;SELL
2016-04-27T06:37:52.000000;2016-04-27T06:37:52.369836;ae2bcbde-259b-472c-a06d-333804ba197f;7.36;8.27521962;BUY
2016-04-27T06:37:55.000000;2016-04-27T06:37:55.823166;0dea7a16-31bd-4dcd-a92d-7ebc8bf54db6;7.36;8.27521962;BUY
2016-04-27T06:37:58.000000;2016-04-27T06:37:58.119413;c8260c7e-8422-4262-a33a-0b7f5dbbae37;7.36;8.27521962;BUY
2016-04-27T06:38:00.000000;2016-04-27T06:38:00.321629;d0b1df7c-dbd7-4e73-8c9c-27051b925f34;7.36;7.89331639;BUY
2016-04-27T06:38:03.000000;2016-04-27T06:38:03.716977;4eb0d87c-388b-40a1-83b8-7684668574e7;7.36;2.41866516;BUY
2016-04-27T06:38:08.000000;2016-04-27T06:38:08.218403;69aa250f-3561-4c29-a85e-420154167138;7.36;3.28897587;BUY
2016-04-27T06:38:11.000000;2016-04-27T06:38:11.299768;fe611488-93e8-4017-98f0-9afa6e3cb9fe;7.36;2.93741929;BUY
2016-04-27T06:57:28.000000;2016-04-27T06:57:28.982024;6f501364-4e84-4127-90c9-35f60c6b8686;7.3871;0.42455;BUY
2016-04-27T07:03:40.000000;2016-04-27T07:03:40.819809;61ef6e1f-49f4-40e6-8533-d04105046d71;7.3871;0.7;BUY
2016-04-27T07:05:26.000000;2016-04-27T07:05:26.339929;bcc11a18-f662-4f37-a392-1bd4b99b0fac;7.3881;0.689653;BUY
2016-04-27T07:07:14.000000;2016-04-27T07:07:14.874196;b56f1876-af02-4eab-9282-753becb83085;7.3871;0.36563265;BUY
2016-04-27T07:07:36.000000;2016-04-27T07:07:36.927407;b66d0995-01dd-4dbf-9391-e7f2beaa9d15;7.3881;16.24452128;BUY
2016-04-27T07:08:38.000000;2016-04-27T07:08:38.937604;b0da0e67-4ef0-4676-bb36-5ad58c852bf4;7.3871;0.36346997;SELL
2016-04-27T07:08:39.000000;2016-04-27T07:08:39.626713;fb1e7678-c303-491d-bc1d-9e36e1063cd5;7.388;0.36346997;BUY
2016-04-27T07:08:39.000000;2016-04-27T07:08:39.641683;9d487b3f-d4e2-4b7a-ac9a-0d723d779316;7.3881;0.13760536;BUY
2016-04-27T07:08:42.000000;2016-04-27T07:08:42.904651;83004c06-d2d1-4d5e-b59e-378fa2d61813;7.3881;0.36346997;BUY
2016-04-27T07:09:54.000000;2016-04-27T07:09:54.176114;d47162ff-698c-40e0-9c49-c9173a050c9c;7.4102;0.62936623;BUY
2016-04-27T07:11:54.000000;2016-04-27T07:11:54.976205;2dbac13d-ef69-406e-8d3d-32eee6477d2e;7.45;0.63063631;BUY
2016-04-27T07:13:55.000000;2016-04-27T07:13:55.949322;1ce0f5c4-f254-4f9d-bf36-129c210e8320;7.4702;0.62324712;BUY
2016-04-27T07:17:59.000000;2016-04-27T07:17:59.802535;48635cc8-c4e7-43a6-ab86-cca336488963;7.469;7.9;BUY
2016-04-27T07:17:59.000000;2016-04-27T07:17:59.812541;dc4f9e59-a2c9-4766-b39b-1b4fd2f2802d;7.469;0.0913;BUY
2016-04-27T07:31:12.000000;2016-04-27T07:31:13.771925;8b9ce3db-7ac4-41d5-a47a-e7129bb084da;7.47;1.40537;BUY
2016-04-27T07:31:17.000000;2016-04-27T07:31:17.887458;da05e335-a119-48eb-babe-c80afebf0285;7.469;1.40536;BUY
2016-04-27T07:34:07.000000;2016-04-27T07:34:07.577167;03d023f3-c32c-4509-9b25-547790007e9b;7.469;6.1;BUY
2016-04-27T07:34:40.000000;2016-04-27T07:34:40.305442;cc4858c2-f610-48a2-bb8d-c50ad4a6c6bb;7.47;6.58593;BUY
2016-04-27T07:34:40.000000;2016-04-27T07:34:40.311473;b019fc21-8527-45fe-804c-2caa8b8e9e19;7.4793;0.85;BUY
2016-04-27T07:34:40.000000;2016-04-27T07:34:40.318447;faa4c22a-a568-4c5e-aa59-5b5259a0f512;7.4833;0.62932662;BUY
2016-04-27T07:34:40.000000;2016-04-27T07:34:40.322495;22776adb-8909-4d44-a34b-cd220de21241;7.499;99.7204;BUY
2016-04-27T07:34:40.000000;2016-04-27T07:34:40.459440;d0b2cfa0-ab15-4aac-acef-f1d154978ef7;7.5;74.8463172;BUY
2016-04-27T07:35:55.000000;2016-04-27T07:35:55.526001;e0e4cdb4-72ee-445a-a92d-de4ab8ac40b2;7.5005;0.62944546;BUY
2016-04-27T07:35:55.000000;2016-04-27T07:35:55.531978;7175b881-40a3-41cd-8d8e-a3ac0818599e;7.51;5.0;BUY
2016-04-27T07:35:55.000000;2016-04-27T07:35:55.533988;0de598f3-c273-46eb-aeb0-63f059143cb4;7.5108;0.62984191;BUY
2016-04-27T07:35:55.000000;2016-04-27T07:35:55.535997;601f826e-7caf-4a43-aa3e-3aa1638b5621;7.52;5.0;BUY
2016-04-27T07:35:55.000000;2016-04-27T07:35:55.535997;a6505387-2e18-4fde-8fa5-a7a7b9dce87b;7.522;58.74071263;BUY
2016-04-27T07:43:44.000000;2016-04-27T07:43:45.093935;6dd6a3a4-db22-4409-996f-c29bb98a919c;7.519;25.0;BUY
2016-04-27T07:45:40.000000;2016-04-27T07:45:40.932598;561afb83-2086-498f-b3df-dd14f587073f;7.5;6.67881478;SELL
2016-04-27T07:45:45.000000;2016-04-27T07:45:45.291943;89eb76e8-96a6-47c6-8981-3739d61d8368;7.5;9.4923908;SELL
2016-04-27T07:49:15.000000;2016-04-27T07:49:15.388596;36da493b-6f3d-414f-a837-ec6e95b5d838;7.5;1.19952008;SELL
2016-04-27T07:56:52.000000;2016-04-27T07:56:52.360284;ad97c867-54ed-43db-8d04-1a4c6f78d90e;7.5;24.08182685;SELL
2016-04-27T07:56:52.000000;2016-04-27T07:56:52.377349;f62d098f-cbec-4602-8988-c115861a6821;7.5;3.50747308;SELL
2016-04-27T08:01:19.000000;2016-04-27T08:01:19.678007;b714eab5-86d1-417f-b998-ebf26310dd7e;7.5;0.1;SELL
2016-04-27T08:09:15.000000;2016-04-27T08:09:15.735014;3716c96c-9180-48fb-94a3-8252a2045e62;7.52;5.0;BUY
2016-04-27T08:09:15.000000;2016-04-27T08:09:15.738011;d988ede9-e968-4c7b-a078-ddccb5213c2b;7.53;5.0;BUY
2016-04-27T08:09:19.000000;2016-04-27T08:09:20.013434;8322db51-6f1c-45d9-8193-d4c4832abb9f;7.53;4.0;SELL
2016-04-27T08:10:28.000000;2016-04-27T08:10:28.366272;88170c21-cb47-409e-a9ba-09e28cd6e099;7.53;4.0;SELL
2016-04-27T08:10:31.000000;2016-04-27T08:10:32.100645;944b537c-182e-4450-a520-614502418f2e;7.53;4.0;SELL
2016-04-27T08:10:31.000000;2016-04-27T08:10:32.106667;8d543dae-9868-4789-9bc3-5ee5e5fc2bd6;7.53;5.0;SELL
2016-04-27T08:10:35.000000;2016-04-27T08:10:35.375968;47986a2d-9b69-4a2a-b1e2-283d277b96b4;7.53;1.0;SELL
2016-04-27T08:10:46.000000;2016-04-27T08:10:47.269168;2565dcfe-6964-47f7-9680-e972812f8894;7.529;6.8090366;BUY
2016-04-27T08:10:46.000000;2016-04-27T08:10:47.272175;3768acfb-b88b-47b9-a45d-9f3273d15ba3;7.53;4.0;BUY
2016-04-27T08:10:46.000000;2016-04-27T08:10:47.272175;1e1e296f-fc10-401f-b44e-c0a6e1bf2940;7.53;3.1909634;BUY
2016-04-27T08:11:21.000000;2016-04-27T08:11:21.654604;c676c8d7-44f1-4e29-8a3e-5a6320602ece;7.53;1.8090366;BUY
2016-04-27T08:14:08.000000;2016-04-27T08:14:08.661303;09e68425-758a-4e51-9c9d-113f659c11bc;7.53;0.1909634;SELL
2016-04-27T08:32:37.000000;2016-04-27T08:32:37.696250;ade256b5-134a-4a1e-be4e-0e44577bcb74;7.5;15.0;SELL
2016-04-27T08:34:44.000000;2016-04-27T08:34:44.602327;7fd5a12d-7217-483f-b45f-723e0004d522;7.5;100.0;SELL
2016-04-27T08:39:13.000000;2016-04-27T08:39:13.439198;27d4abfe-f496-4985-92f4-edadccffeba0;7.5;0.1;SELL
2016-04-27T08:55:09.000000;2016-04-27T08:55:10.005662;977470f0-cb6a-47f1-93d2-1b8356f42500;7.5394;0.62861453;BUY
2016-04-27T08:55:09.000000;2016-04-27T08:55:10.014679;37edda0c-c1d3-4ff8-81e9-c4cb7d317265;7.54;5.0;BUY
2016-04-27T08:55:09.000000;2016-04-27T08:55:10.019692;4556fac7-642f-4185-9fb7-fbff34a46066;7.54;5.0;BUY
2016-04-27T08:55:09.000000;2016-04-27T08:55:10.023676;b72da3dc-3f70-407d-be6c-e9839238aff1;7.54;15.0;BUY
2016-04-27T08:59:16.000000;2016-04-27T08:59:16.103267;f0748fc3-1a8d-46cf-9032-c781d4cb0c2e;7.57;20.0;BUY
2016-04-27T08:59:18.000000;2016-04-27T08:59:18.250469;4a7eed05-5eb6-4c3a-9f37-c1db7af63a2f;7.59;1.99286986;BUY
2016-04-27T08:59:19.000000;2016-04-27T08:59:19.468596;9f1b676a-8c13-4453-81e8-856f75398792;7.59;4.85464064;BUY
2016-04-27T08:59:22.000000;2016-04-27T08:59:22.549907;ae5d231c-c396-49d8-bb72-da00c8251e03;7.59;14.97312197;BUY
2016-04-27T08:59:39.000000;2016-04-27T08:59:40.044701;7cda40cb-97d4-445d-a8ab-d310067eaf56;7.59;28.17936753;BUY
2016-04-27T08:59:39.000000;2016-04-27T08:59:40.050657;fd1bb9c0-963c-4f58-a1bc-8e5ef2f5cbb1;7.6;31.82063247;BUY
2016-04-27T09:00:00.000000;2016-04-27T09:00:00.462694;1534bb03-692d-4852-9cd5-5fec0dcf267c;7.6;3.00606789;BUY
2016-04-27T09:05:15.000000;2016-04-27T09:05:15.937668;a874bade-1cad-4c10-b2d3-90f78eb76ef8;7.6;465.17329964;BUY
2016-04-27T09:07:04.000000;2016-04-27T09:07:04.703571;0a5a8190-3e14-4fae-87b2-cf2f592501ff;7.598;98.0306;BUY
2016-04-27T09:07:04.000000;2016-04-27T09:07:04.707544;aea7aeb6-810e-4de7-b5d2-73bd464ccf34;7.6;10.0;BUY
2016-04-27T09:07:04.000000;2016-04-27T09:07:04.710557;25787baa-8490-488d-a6a6-f895e4ba97f4;7.61;10.0;BUY
2016-04-27T09:07:04.000000;2016-04-27T09:07:04.761554;7c93b878-13d9-4468-8b19-accb0af80e51;7.62;10.0;BUY
2016-04-27T09:07:04.000000;2016-04-27T09:07:04.857571;814bdfd7-d6bd-46a7-b43e-5e3b9008feff;7.6299;72.04470139;BUY
2016-04-27T09:09:04.000000;2016-04-27T09:09:05.014629;798697f2-7d54-4d37-8ed5-4fc4a364c82e;7.608;98.8373;BUY
2016-04-27T09:09:04.000000;2016-04-27T09:09:05.017565;a3deeb2b-2e23-44d7-aec7-0d2bd756c7b4;7.62;10.0;BUY
2016-04-27T09:09:04.000000;2016-04-27T09:09:05.018578;51e0daed-d785-452e-9bde-776fdba4f468;7.6298;3.646905;BUY
2016-04-27T09:09:04.000000;2016-04-27T09:09:05.022558;ad21d9d0-875f-4dcf-a079-121687abee74;7.63;50.0;BUY
2016-04-27T09:09:04.000000;2016-04-27T09:09:05.029589;99f31def-6cb9-43f8-aa96-8cb01b2cadc3;7.6519;37.43563034;BUY
2016-04-27T09:09:30.000000;2016-04-27T09:09:30.654157;ecbb5fec-1819-42a8-bb5b-d983db747697;7.5693;0.1;SELL
2016-04-27T09:10:22.000000;2016-04-27T09:10:22.550394;d05bfcd8-8c86-4937-bac7-dd17537a0db2;7.5693;0.51050061;SELL
2016-04-27T09:12:14.000000;2016-04-27T09:12:15.043570;13d5e03a-2286-48a2-ac0d-4a1340193f22;7.5427;2.27312099;SELL
2016-04-27T09:12:26.000000;2016-04-27T09:12:26.741751;449187e2-4a67-4b70-8e3e-711a6fb821df;7.625;0.1;BUY
2016-04-27T09:23:05.000000;2016-04-27T09:23:05.621086;f355d7d9-099b-4621-bd2e-6685b22c3ec6;7.611;97.8419;BUY
2016-04-27T09:23:05.000000;2016-04-27T09:23:05.622068;07b09533-9080-4f94-90fc-51795face44f;7.6123;2.27084787;BUY
2016-04-27T09:23:05.000000;2016-04-27T09:23:05.623112;48700e55-1a45-40eb-a594-192baf346e5f;7.6144;3.557005;BUY
2016-04-27T09:23:05.000000;2016-04-27T09:23:05.623112;07356444-f754-4269-99b6-10173cb2ed4c;7.62;10.0;BUY
2016-04-27T09:23:05.000000;2016-04-27T09:23:05.624067;25b8f7fd-7e35-4903-b5b5-941a8f28199a;7.64;10.0;BUY
2016-04-27T09:23:05.000000;2016-04-27T09:23:05.625091;0d89ff1f-e3a1-4258-82f0-e6803af615af;7.65;10.0;BUY
2016-04-27T09:23:05.000000;2016-04-27T09:23:05.628073;2f335ff0-6a91-4a62-85e2-98a228730392;7.652;13.7;BUY
2016-04-27T09:23:05.000000;2016-04-27T09:23:05.633087;9a93aecb-a837-4c75-995f-9c6dbf911433;7.6989;51.19186532;BUY
2016-04-27T09:26:03.000000;2016-04-27T09:26:03.896888;220eccb4-6931-4ff9-9343-b58ed7ca7b5e;7.636;98.7634;BUY
2016-04-27T09:26:03.000000;2016-04-27T09:26:03.906923;fc763eb8-45f3-4d16-9209-16c91de16a93;7.636;3.56968;BUY
2016-04-27T09:26:03.000000;2016-04-27T09:26:03.912890;05e3178e-6b8c-4657-8da8-c5cf6a974890;7.6989;97.31910284;BUY
2016-04-27T09:26:10.000000;2016-04-27T09:26:10.651556;82f8950b-6f3d-4dbe-b0bc-b9846178fd48;7.6989;135.0;BUY
2016-04-27T09:34:21.000000;2016-04-27T09:34:21.491168;d7b98546-c2ce-4301-b406-f47d0e95fa89;7.5687;0.1698873;SELL
2016-04-27T09:39:19.000000;2016-04-27T09:39:19.330981;a709e8b6-7377-4e17-bf8a-85e6cf7180f2;7.6471;3.548931;BUY
2016-04-27T09:39:19.000000;2016-04-27T09:39:19.333961;af1a578d-fd49-4bd9-a979-3f66b682f031;7.679;30.0;BUY
2016-04-27T09:39:19.000000;2016-04-27T09:39:19.336947;949e1df9-8d34-4faa-b2d7-a5d55ec18539;7.69;10.0;BUY
2016-04-27T09:39:19.000000;2016-04-27T09:39:19.362008;de981717-c7ff-4155-9a2e-f3975fc40401;7.6988;31.65407554;BUY
2016-04-27T09:50:22.000000;2016-04-27T09:50:25.363120;0591723a-46f9-434b-8799-736d2977cfc4;7.65;1.22651;BUY
2016-04-27T09:52:37.000000;2016-04-27T09:52:38.043374;2e335941-77a9-4ea7-a452-9f98de7db7f2;7.65;8.77349;BUY
2016-04-27T09:53:23.000000;2016-04-27T09:53:24.043966;03eac342-222a-4d9a-9fdf-5af6a4d71bb4;7.66;10.0;BUY
2016-04-27T09:53:23.000000;2016-04-27T09:53:24.049965;895425ab-b240-4ae2-8676-68ec020daa68;7.66;20.0;BUY
2016-04-27T09:56:47.000000;2016-04-27T09:56:47.800343;e6cb8089-9684-4f15-83ae-9c6621e73afa;7.69;9.31;BUY
2016-04-27T09:56:56.000000;2016-04-27T09:56:56.393183;fb1dce82-0a0b-4b0f-beec-d2fa9df4cfaf;7.69;0.69;BUY
2016-04-27T09:58:11.000000;2016-04-27T09:58:11.260674;2a063adc-ac73-4261-aec3-0175dbfe4830;7.7;3.00606816;BUY
2016-04-27T09:58:24.000000;2016-04-27T09:58:24.378995;12c305c6-9f35-462e-ba83-420afc07d26d;7.7;196.99;BUY
2016-04-27T09:58:25.000000;2016-04-27T09:58:25.432086;b908f47c-b346-4c27-a4c9-bbec2b33527e;7.7;0.00393184;BUY
2016-04-27T09:58:28.000000;2016-04-27T09:58:28.536407;dc836e53-f732-4fb7-a1af-6ab1605eafd3;7.744;5.029;BUY
2016-04-27T09:58:28.000000;2016-04-27T09:58:28.541407;aedd2922-733d-4c03-b422-1ee979da384f;7.75;34.971;BUY
2016-04-27T09:58:30.000000;2016-04-27T09:58:30.899645;48d34615-ea6e-40a4-b97d-0b737ddd674b;7.702;2.00896495;SELL
2016-04-27T09:59:32.000000;2016-04-27T09:59:32.320787;36d6829c-0756-4cae-8168-2b1f67b9fb98;7.73;1.46614078;BUY
2016-04-27T09:59:34.000000;2016-04-27T09:59:34.776018;01d18454-a684-4e55-8421-2c899cc181ab;7.73;8.53385922;BUY
2016-04-27T09:59:57.000000;2016-04-27T09:59:57.806786;11169f0d-0402-4626-ab7f-6ece8fdd54a4;7.74;1.84945877;BUY
2016-04-27T10:00:01.000000;2016-04-27T10:00:01.727731;77b0752d-842d-4c65-93b4-f20ab1f4d3b5;7.74;8.15054123;BUY
2016-04-27T10:00:01.000000;2016-04-27T10:00:01.728802;d7b8aea1-6c14-410d-9a77-2238467c0779;7.74;4.34945877;BUY
2016-04-27T10:00:01.000000;2016-04-27T10:00:01.763774;c8098dfa-7f61-4ceb-84ae-6dd5810d7dd7;7.74;4.16786276;BUY
2016-04-27T10:00:02.000000;2016-04-27T10:00:02.416822;fa1ae15a-ed1d-46e8-8f3e-07b89391613d;7.74;1.48267847;BUY
2016-04-27T10:00:02.000000;2016-04-27T10:00:02.419809;7956a0c2-ed06-4eff-a18c-8121f310230b;7.75;8.71732153;BUY
2016-04-27T10:00:13.000000;2016-04-27T10:00:13.494905;6b2736c3-11d0-4049-915d-b45b04256f6f;7.75;4.03666245;BUY
2016-04-27T10:00:22.000000;2016-04-27T10:00:22.227771;eac0b424-fb8a-49db-b2eb-d52ecf0199c6;7.75;3.01061856;BUY
2016-04-27T10:00:24.000000;2016-04-27T10:00:24.193976;c814ae8e-2d5f-4d69-a3eb-6f044b9d3498;7.75;3.25;BUY
2016-04-27T10:00:24.000000;2016-04-27T10:00:24.782021;f6c90270-120e-4795-aaa1-7618ad579ce8;7.75;2.55505228;BUY
2016-04-27T10:00:25.000000;2016-04-27T10:00:25.448115;fcff1df5-8e73-4e74-bffb-9341061a4b56;7.75;15.36;BUY
2016-04-27T10:00:34.000000;2016-04-27T10:00:34.531994;acd008c2-3014-4f6b-8098-e978831e391c;7.75;66.94;BUY
2016-04-27T10:00:43.000000;2016-04-27T10:00:44.110960;dda17af7-d9d4-47d1-831e-31a0c3b3b687;7.75;4.71139245;BUY
2016-04-27T10:00:44.000000;2016-04-27T10:00:44.233975;e76e9524-c8b4-47a0-857a-cfe5a7875b34;7.75;56.44795273;BUY
2016-04-27T10:00:55.000000;2016-04-27T10:00:55.643503;927ebda6-1a4a-4ff4-a1ab-7c8ac922b5d5;7.76;10.0;BUY
2016-04-27T10:00:58.000000;2016-04-27T10:00:58.114411;9092434b-7c3c-40a8-93eb-e60e4483a419;7.77;10.0;BUY
2016-04-27T10:01:04.000000;2016-04-27T10:01:04.850035;e24640d0-1e8f-4604-b934-2d7bb6e521e3;7.78;6.43174805;BUY
2016-04-27T10:01:07.000000;2016-04-27T10:01:07.276276;e7f8553c-de33-4075-a13e-f93b7b48a225;7.78;3.56825195;BUY
2016-04-27T10:01:11.000000;2016-04-27T10:01:11.816737;9147e7b3-1739-435e-81b2-3630de481588;7.79;3.56255847;BUY
2016-04-27T10:01:13.000000;2016-04-27T10:01:13.914944;177f0a19-1b88-40b2-ab3a-8f239d07c0f9;7.79;4.06886015;BUY
2016-04-27T10:01:16.000000;2016-04-27T10:01:16.811223;ec65edc1-cfdf-44a7-b521-d7181e891436;7.79;1.55992027;BUY
2016-04-27T10:01:19.000000;2016-04-27T10:01:19.369485;7aa42018-b52c-4bdc-be10-98a6a175c7eb;7.79;0.80866111;BUY
2016-04-27T10:01:22.000000;2016-04-27T10:01:22.252773;7c78423e-9b84-4bc6-8d8e-18d824b4f600;7.8;2.16425959;BUY
2016-04-27T10:02:54.000000;2016-04-27T10:02:54.566019;f74f3ee6-37aa-47ce-874b-962834bf687b;7.7923;0.4006;SELL
2016-04-27T10:02:54.000000;2016-04-27T10:02:54.569012;ec21c4cc-3037-4bec-a444-721feebb49ed;7.79;0.34409679;SELL
2016-04-27T10:02:54.000000;2016-04-27T10:02:54.571015;6e2b3698-af2f-41c2-a840-a3ec6010ebef;7.78;2.92121717;SELL
2016-04-27T10:02:54.000000;2016-04-27T10:02:54.571999;d67c6f77-cb5c-4b4f-bf29-cfd747e80fe7;7.78;3.55399322;SELL
2016-04-27T10:02:54.000000;2016-04-27T10:02:54.582022;88899236-17b5-4f30-943c-ad112f51b170;7.772;2.78009282;SELL
2016-04-27T10:03:39.000000;2016-04-27T10:03:39.847640;b9fc1290-d1df-4c85-8df6-d3e6ba646a0a;7.799;94.9455;BUY
2016-04-27T10:03:39.000000;2016-04-27T10:03:39.848680;9cfed984-b5cf-4ad9-b69b-3dd0c217eac9;7.8;297.83574041;BUY
2016-04-27T10:04:01.000000;2016-04-27T10:04:01.444819;95066a20-7ce9-4bcd-a2d0-3448e0d298e4;7.8;4.54480154;SELL
2016-04-27T10:04:13.000000;2016-04-27T10:04:13.053962;a5d8c069-66d6-4e54-8166-37912409737a;7.8;1.35168;SELL
2016-04-27T10:04:17.000000;2016-04-27T10:04:17.410385;44717468-003a-4579-9c5c-89b1f2cfbb17;7.8;101.32227805;SELL
2016-04-27T10:04:17.000000;2016-04-27T10:04:17.420400;2bea2ca8-98d1-4a73-8f10-7a9081e98ef3;7.8;30.0;SELL
2016-04-27T10:04:56.000000;2016-04-27T10:04:56.153266;67fa9a13-f74e-4859-99ef-5bd867ac3c76;7.788;96.1216;BUY
2016-04-27T10:04:56.000000;2016-04-27T10:04:56.160286;ae1a3282-ade0-4b8f-9dac-024a51d11442;7.8;6.0114028;BUY
2016-04-27T10:04:56.000000;2016-04-27T10:04:56.169315;0bcdfb20-d3d0-4121-9bf2-06b75eb573de;7.8;131.32;BUY
2016-04-27T10:04:56.000000;2016-04-27T10:04:56.201285;a6a6014b-fca0-454d-93eb-0ded005ffb94;7.8;209.72;SELL
2016-04-27T10:05:06.000000;2016-04-27T10:05:06.079257;7c1dbb91-d98c-4499-b562-5e58e977d0a4;7.8;23.04551803;SELL
2016-04-27T10:05:33.000000;2016-04-27T10:05:33.756023;940424bf-3186-4566-888f-8b123b25f609;7.8;33.78147917;SELL
2016-04-27T10:06:41.000000;2016-04-27T10:06:41.281820;09409a16-6402-4383-a982-9731645868ee;7.77;9.53348689;SELL
2016-04-27T10:06:41.000000;2016-04-27T10:06:41.286818;44088558-1cc8-4cab-b680-cde3bde2f49e;7.77;9.53348571;SELL
2016-04-27T10:06:41.000000;2016-04-27T10:06:41.385788;f840048b-25bd-46d0-8731-219ae95b5a0b;7.76;9.96003888;SELL
2016-04-27T10:06:41.000000;2016-04-27T10:06:41.406798;1b1dd93e-edac-42aa-ae02-379287421d64;7.75;4.54202353;SELL
2016-04-27T10:13:08.000000;2016-04-27T10:13:08.309479;16cc0c54-6461-4aaf-90f5-8bf1204d2cea;7.8;1.34649;BUY
2016-04-27T10:13:19.000000;2016-04-27T10:13:19.993671;567b144e-3224-4fe3-b8ba-ab11917fd780;7.8;39.87203083;BUY
2016-04-27T10:13:28.000000;2016-04-27T10:13:28.909539;25fdb38e-b965-4b81-b8e5-29f0368e22da;7.801;50.0;SELL
2016-04-27T10:13:37.000000;2016-04-27T10:13:37.357394;9615d8a1-a282-43b2-93fb-57126faf2fe0;7.81;10.0;BUY
2016-04-27T10:15:17.000000;2016-04-27T10:15:17.759440;7512945e-2a5b-455c-8f8a-6c94eb741e22;7.818;0.85;BUY
2016-04-27T10:15:17.000000;2016-04-27T10:15:17.763435;297da40f-8f7b-434a-bd82-c13790ff38a8;7.82;10.0;BUY
2016-04-27T10:15:17.000000;2016-04-27T10:15:17.768437;18067ce8-b534-4709-ada0-aa471f954411;7.829;19.15;BUY
2016-04-27T10:15:21.000000;2016-04-27T10:15:21.851857;bf1477f1-4ef9-4285-8a8c-a5a559dc4a23;7.829;0.85;BUY
2016-04-27T10:15:21.000000;2016-04-27T10:15:21.858842;7e1e0b51-7255-4692-bf29-9563b3df547d;7.83;10.0;BUY
2016-04-27T10:15:21.000000;2016-04-27T10:15:21.863852;b131e23e-8501-4f33-9f7d-23ec779635d1;7.84;10.0;BUY
2016-04-27T10:15:21.000000;2016-04-27T10:15:21.872852;f1a3412c-4d92-44b6-8b0e-2ac5ed80e1e4;7.85;1.0;BUY
2016-04-27T10:15:21.000000;2016-04-27T10:15:21.883850;6e6c009e-1f8d-43be-82ea-95cbcb6561cc;7.87;8.15;BUY
2016-04-27T10:15:26.000000;2016-04-27T10:15:31.777827;0dafaaff-2c70-421a-93b5-f9d55ca4e999;7.8699;8.71762883;BUY
2016-04-27T10:15:26.000000;2016-04-27T10:15:31.784862;692a19d3-0476-4621-ab1c-91a450d86ac2;7.87;71.57513524;BUY
2016-04-27T10:15:26.000000;2016-04-27T10:15:31.791857;a3ea9c03-88bd-4f02-a6c9-97d3019d13b1;7.888;4.995;BUY
2016-04-27T10:15:26.000000;2016-04-27T10:15:31.807838;65e1dfcd-4819-414b-8987-df4f00d9feb9;7.89;14.71223593;BUY
2016-04-27T10:15:47.000000;2016-04-27T10:15:47.392400;95c9e50a-6277-465d-baef-c1ff7cf56e49;7.8869;8.71762883;BUY
2016-04-27T10:15:47.000000;2016-04-27T10:15:47.401425;395380ce-c661-4bd0-bff8-c28641c67fc9;7.887;95.0526;BUY
2016-04-27T10:15:47.000000;2016-04-27T10:15:47.407416;0e989942-d1e5-4c00-a684-2b7f47870b24;7.89;90.22977117;BUY
2016-04-27T10:16:01.000000;2016-04-27T10:16:01.348796;a1646c16-470e-4604-9730-9cc5c07e7315;7.89;95.0;BUY
2016-04-27T10:17:03.000000;2016-04-27T10:17:03.063949;14981929-a785-4683-a546-09b5c1ed29e2;7.89;0.0579929;BUY
2016-04-27T10:17:03.000000;2016-04-27T10:17:03.070961;43efd9ab-81df-401d-8526-004d6bcd30ae;7.9099;7.71234179;BUY
2016-04-27T10:17:03.000000;2016-04-27T10:17:03.072015;5a055d19-2948-49f0-87a7-5bd05a4e08b7;7.91;49.95321815;BUY
2016-04-27T10:17:03.000000;2016-04-27T10:17:03.072966;1b6bb888-95f6-4d4e-ac8e-ebfeee1008eb;7.92;137.09630623;BUY
2016-04-27T10:21:38.000000;2016-04-27T10:21:38.855087;cc546521-7674-4b4d-9a4a-4b92e314eb8b;7.85;56.41016702;SELL
2016-04-27T10:21:56.000000;2016-04-27T10:21:56.355802;07f921fe-52a1-4d4f-85c7-d1cbc237b5b0;7.85;16.98511625;SELL
2016-04-27T10:21:57.000000;2016-04-27T10:21:57.358903;98269cda-3613-433c-879a-b35d7e818858;7.85;6.41016702;SELL
2016-04-27T10:21:57.000000;2016-04-27T10:21:58.012008;e71770dc-d074-4ab5-a353-eb618668c02f;7.85;6.41016702;SELL
2016-04-27T10:21:58.000000;2016-04-27T10:21:58.570029;b60ebaa4-3205-4aad-8342-940057310ed9;7.85;6.41016702;SELL
2016-04-27T10:21:59.000000;2016-04-27T10:21:59.187091;94835d1c-8d85-46c8-99d9-abd0981222b6;7.85;6.41016702;SELL
2016-04-27T10:22:16.000000;2016-04-27T10:22:16.483811;f26f617f-9f86-44b5-91a8-733d6fd4da3a;7.85;0.40177;SELL
2016-04-27T10:22:20.000000;2016-04-27T10:22:20.837275;9dbab48d-b37c-4012-bb37-228d7eaad774;7.85;32.0;SELL
2016-04-27T10:22:21.000000;2016-04-27T10:22:21.330292;e4ba304f-008b-4ad5-a412-199ae9a06315;7.85;10.2;SELL
2016-04-27T10:22:23.000000;2016-04-27T10:22:23.276494;9b946fc0-0a50-4bdd-bb5d-a7ace1165490;7.85;95.7737;SELL
2016-04-27T10:22:28.000000;2016-04-27T10:22:28.419006;5192e5a1-3759-4e51-9654-cbfe75bf21f2;7.85;1.34995;SELL
2016-04-27T10:22:38.000000;2016-04-27T10:22:38.990066;3cb51523-086c-4c47-b540-f896fed12b74;7.85;95.7719;SELL
2016-04-27T10:22:39.000000;2016-04-27T10:22:40.039177;7c004bbd-fd55-417d-92bd-4839cf433888;7.85;94.4932;SELL
2016-04-27T10:23:09.000000;2016-04-27T10:23:09.484695;b70b06d8-97f4-40fc-bb21-1ac49ea8d651;7.85;2.19538;SELL
2016-04-27T10:23:14.000000;2016-04-27T10:23:14.747628;4728e0f1-9636-4b68-8f99-3e2cf59a6fe2;7.85;1.83380119;SELL
2016-04-27T10:23:14.000000;2016-04-27T10:23:14.969704;f218c2b5-cb70-4062-9132-eae89318edea;7.85;95.2575;SELL
2016-04-27T10:23:17.000000;2016-04-27T10:23:17.114935;ad425742-f1ce-444f-bf64-2c4467cdfbc6;7.85;4.3948444;SELL
2016-04-27T10:23:19.000000;2016-04-27T10:23:19.578185;9a30338b-88c1-4365-9e15-3577a07ef797;7.85;2.75000751;SELL
2016-04-27T10:23:22.000000;2016-04-27T10:23:22.280442;64b6688b-8862-48e1-8b3f-3d5b7a72e0ea;7.85;4.95136968;SELL
2016-04-27T10:23:24.000000;2016-04-27T10:23:24.650630;d984103e-7028-4d45-960a-ce1282a76056;7.85;1.95101949;SELL
2016-04-27T10:23:27.000000;2016-04-27T10:23:27.324941;b815e8aa-eeb8-4d20-bd59-f96a1c860cb4;7.85;2.66053452;SELL
2016-04-27T10:23:29.000000;2016-04-27T10:23:29.925168;ba21aa32-e67e-4904-8b3d-45a9b29b065b;7.85;1.72577233;SELL
2016-04-27T10:23:31.000000;2016-04-27T10:23:31.339330;0eab7a65-436a-4fea-8e50-35c57ff8c616;7.85;95.8841;SELL
2016-04-27T10:23:33.000000;2016-04-27T10:23:33.251507;974f7d8a-9610-4337-8066-5ef261fccb38;7.85;4.86531398;SELL
2016-04-27T10:23:34.000000;2016-04-27T10:23:34.213575;4c71afec-b459-45dd-b92f-c36e0735e5f9;7.85;11.48302105;SELL
2016-04-27T10:23:36.000000;2016-04-27T10:23:36.459827;3ea4917b-f86c-40a3-b035-d56c10c4e8a3;7.85;4.86531398;SELL
2016-04-27T10:23:39.000000;2016-04-27T10:23:39.851146;787faf14-4caa-46fc-ae69-a6e7cfe45dc3;7.85;15.34432528;SELL
2016-04-27T10:23:39.000000;2016-04-27T10:23:39.995176;0563748f-ee58-4f9f-ae8e-658e7f4c45f6;7.85;6.07521872;SELL
2016-04-27T10:23:41.000000;2016-04-27T10:23:41.634324;2bf6119c-25dd-4b9a-b5f0-859bcde7468e;7.85;11.48302105;SELL
2016-04-27T10:23:42.000000;2016-04-27T10:23:42.186382;d09d6030-8b54-45d4-bcbc-212e57bfc866;7.85;15.34432528;SELL
2016-04-27T10:23:42.000000;2016-04-27T10:23:42.660444;33df6ac4-037f-4406-b2c6-246d1fe54221;7.85;3.27678633;SELL
2016-04-27T10:23:42.000000;2016-04-27T10:23:42.923469;1c762da7-2eae-4e51-b217-4aff1c5ff725;7.85;3.96702438;SELL
2016-04-27T10:23:45.000000;2016-04-27T10:23:45.763731;2215d3d5-b454-45ac-abb0-de345ed8e66d;7.85;8.50818088;SELL
2016-04-27T10:23:46.000000;2016-04-27T10:23:46.670829;29238167-dee6-48e7-b8d8-c87139bb054e;7.85;15.34432528;SELL
2016-04-27T10:23:46.000000;2016-04-27T10:23:46.796841;8349e561-4ebb-4e2e-93d6-0dec2923b2d1;7.85;96.1661;SELL
2016-04-27T10:23:48.000000;2016-04-27T10:23:48.953051;d75ead48-65e0-4498-a03e-5f9787d41be4;7.85;2.87218473;SELL
2016-04-27T10:23:53.000000;2016-04-27T10:23:53.803605;3f76e3ea-9d2d-44ab-b355-a758331a2abb;7.85;2.503969;SELL
2016-04-27T10:23:55.000000;2016-04-27T10:23:55.898760;7d5ae1c6-650a-486b-80c6-583db67f0e9b;7.85;1.85833437;SELL
2016-04-27T10:23:58.000000;2016-04-27T10:23:58.624031;170c4201-5fa1-49fc-bbf5-6cf4610b5917;7.85;15.3544566;SELL
2016-04-27T10:24:02.000000;2016-04-27T10:24:02.376408;32a147fd-e934-46a2-a4c1-29b44c082e57;7.85;95.3604;SELL
2016-04-27T10:24:03.000000;2016-04-27T10:24:03.478514;b99378c1-fd2b-48fe-9f80-5a273c3d97db;7.85;15.353856;SELL
2016-04-27T10:24:03.000000;2016-04-27T10:24:03.601527;f480ebb1-aeb0-4367-b018-15968f4a36a4;7.85;15.3544566;SELL
2016-04-27T10:24:06.000000;2016-04-27T10:24:06.868858;d040dd3f-d291-4cc4-a299-75e162589093;7.85;11.98858602;SELL
2016-04-27T10:24:06.000000;2016-04-27T10:24:06.876854;581dfe4e-a716-4de5-b584-dfd8992f735e;7.81;3.36587058;SELL
2016-04-27T10:24:08.000000;2016-04-27T10:24:08.846046;8568d9ab-7985-49b3-8de8-5b940efd69cb;7.81;1.60709;SELL
2016-04-27T10:24:10.000000;2016-04-27T10:24:10.252223;d9c0b028-6aa3-46b0-a1ae-dc3e76751f9b;7.81;15.3544566;SELL
2016-04-27T10:24:18.000000;2016-04-27T10:24:18.347003;88a4ccfc-cbae-4107-af4b-0f2105c04383;7.81;15.353856;SELL
2016-04-27T10:24:22.000000;2016-04-27T10:24:22.313422;c67f1f9d-227f-430d-8188-8ce28f7ebd0c;7.849;10.0;BUY
2016-04-27T10:24:44.000000;2016-04-27T10:24:44.687636;d1305bb0-7046-4926-8fb8-10c272dbde3c;7.866;1.0;BUY
2016-04-27T10:25:47.000000;2016-04-27T10:25:47.990954;0240f851-b3cf-4a1b-a53f-af54ec780e06;7.8669;6.41016702;BUY
2016-04-27T10:25:47.000000;2016-04-27T10:25:48.008015;af1a461f-3155-4de1-b7ad-b957c82576f0;7.8967;3.545256;BUY
2016-04-27T10:25:47.000000;2016-04-27T10:25:48.008962;ad222c58-374c-4e90-b918-eb3d1772dfb9;7.9;92.3241834;BUY
2016-04-27T10:25:47.000000;2016-04-27T10:25:48.010001;415b53a3-65e4-4e27-834e-ebef7a2eff88;7.9189;178.49;BUY
2016-04-27T10:25:47.000000;2016-04-27T10:25:48.010001;c189d970-1aef-4f97-afd3-5672543f3c59;7.92;162.90369377;BUY
2016-04-27T10:25:48.000000;2016-04-27T10:25:48.628023;a613c68b-1010-4e6c-81c8-86d0f054960a;7.92;56.32669981;SELL
2016-04-27T10:25:54.000000;2016-04-27T10:25:54.801642;dda4dff1-1e8d-452d-baef-6e07c892fe2d;7.92;25.51824216;SELL
2016-04-27T10:25:55.000000;2016-04-27T10:25:55.063660;042823be-a88b-426e-a3f9-5a3fa957b59b;7.92;24.48175784;SELL
2016-04-27T10:26:16.000000;2016-04-27T10:26:16.330806;3274647f-ccb5-4bf2-976d-afcacd764f44;7.886;1.0;BUY
2016-04-27T10:26:27.000000;2016-04-27T10:26:27.746950;7d40df9b-eb60-4e41-a00c-37e6fcbf899a;7.9194;0.6835;BUY
2016-04-27T10:27:58.000000;2016-04-27T10:27:59.028056;85d6ffea-2e00-4619-be1f-95cd261d5922;7.882;95.3607;BUY
2016-04-27T10:27:58.000000;2016-04-27T10:27:59.029056;33f008b9-7656-4e78-9fb7-6e51bb641d0f;7.8839;33.11398927;BUY
2016-04-27T10:28:23.000000;2016-04-27T10:28:23.808577;f9ec4e6c-9b98-455b-b37d-147fdadf7ec9;7.882;3.446483;BUY
2016-04-27T10:28:23.000000;2016-04-27T10:28:23.820547;e7f73353-a574-4a9a-a311-b9edc647c052;7.9867;6.553517;BUY
2016-04-27T10:28:41.000000;2016-04-27T10:28:41.854347;f7f9c41b-c890-4d75-ac5f-de4e9a4d3996;7.882;3.44611;BUY
2016-04-27T10:28:41.000000;2016-04-27T10:28:41.854347;ad1faa4d-a63f-4830-bd86-a83dbc6f6717;7.9867;0.55389;BUY
2016-04-27T10:29:58.000000;2016-04-27T10:29:58.236989;a15d3f1f-ce3d-4bb2-b01b-d0538358bc2e;7.8749;4.0;BUY
2016-04-27T10:30:13.000000;2016-04-27T10:30:13.280500;a1dbf12e-79fe-48f3-8b48-5e779da72052;7.872;4.0;BUY
2016-04-27T10:30:36.000000;2016-04-27T10:30:36.472810;248f88c8-4c86-4771-ad91-8cf34ba84cb5;7.875;4.0;BUY
2016-04-27T10:33:00.000000;2016-04-27T10:33:00.247211;3246c21b-b348-4c3f-b564-336763d0d776;7.8107;6.40301014;SELL
2016-04-27T10:33:00.000000;2016-04-27T10:33:00.260219;ee04633e-3a82-4bcd-8df6-bc7ec4b1cbf5;7.81;7.91571668;SELL
2016-04-27T10:33:02.000000;2016-04-27T10:33:02.831989;8492dd14-dcdb-4a8a-87b7-9e5e353cf179;7.81;6.40301014;SELL
2016-04-27T10:33:11.000000;2016-04-27T10:33:11.456333;263a1673-eba6-4252-bcb7-fa45462da873;7.8034;0.59453032;SELL
2016-04-27T10:33:17.000000;2016-04-27T10:33:18.151982;4d7f9443-da2c-44a0-8dd3-e49ccb1ac295;7.7483;0.594884;SELL
2016-04-27T10:33:17.000000;2016-04-27T10:33:18.159009;efcf0be1-34c7-4596-a6e2-04e28bbe2919;7.737;95.492;SELL
2016-04-27T10:33:17.000000;2016-04-27T10:33:18.167987;d38ba6a9-2b79-4282-abe0-281e13d6a5f5;7.736;5.9;SELL
2016-04-27T10:33:17.000000;2016-04-27T10:33:18.174987;25cac61f-df9d-47b4-9d74-37e48eee7a9f;7.7351;13.68810364;SELL
2016-04-27T10:33:17.000000;2016-04-27T10:33:18.184019;581832c2-9733-41d8-aa4f-8bef5636f743;7.732;32.0;SELL
2016-04-27T10:33:17.000000;2016-04-27T10:33:18.197972;639472cf-fe32-4ebe-a47f-9b0788222d90;7.732;32.0;SELL
2016-04-27T10:33:17.000000;2016-04-27T10:33:18.206981;ef44691c-ce64-452c-994c-3714be4ded98;7.73;10.0;SELL
2016-04-27T10:33:17.000000;2016-04-27T10:33:18.215987;80a6778a-3e5d-42a8-8049-51849cff1c56;7.73;1.80202949;SELL
2016-04-27T10:33:17.000000;2016-04-27T10:33:18.271037;d4106a68-f059-4a18-b79d-1b9b45693b67;7.719;3.647077;SELL
2016-04-27T10:33:17.000000;2016-04-27T10:33:18.271996;7f7b3a04-ec90-4b45-9b18-00f7dc75fb23;7.713;32.0;SELL
2016-04-27T10:33:17.000000;2016-04-27T10:33:18.272994;49490d06-4d3b-4952-984a-e19554d90cee;7.713;27.4;SELL
2016-04-27T10:33:17.000000;2016-04-27T10:33:18.283987;74aba805-9732-450c-89df-23db81f0061b;7.684;745.47590587;SELL
2016-04-27T10:33:34.000000;2016-04-27T10:33:34.379595;0d83818b-f041-4f2f-a9c9-0ca3b6c7625b;7.785;7.71234179;BUY
2016-04-27T10:38:28.000000;2016-04-27T10:38:28.506140;83977623-042f-47b9-b152-8d68cb7d0ba2;7.7384;0.599988;SELL
2016-04-27T10:45:43.000000;2016-04-27T10:45:43.699674;0d15c7ca-429a-499d-8421-b07d3fb51c70;7.713;3.1;BUY
2016-04-27T10:45:43.000000;2016-04-27T10:45:43.700657;69f7cd08-5531-4667-b8a3-c264fc2dd279;7.713;2.8;BUY
2016-04-27T10:45:43.000000;2016-04-27T10:45:43.701722;75abe78c-b592-4fc1-87af-d0e44b997a03;7.714;16.29915721;BUY
2016-04-27T10:45:43.000000;2016-04-27T10:45:43.702647;720c9454-8d4a-4f25-b714-773acbce601b;7.7173;6.39660713;BUY
2016-04-27T10:45:43.000000;2016-04-27T10:45:43.702647;469aef79-1d78-4d4d-9e3c-fb7a5abea9c4;7.7259;0.599988;BUY
2016-04-27T10:45:43.000000;2016-04-27T10:45:43.706664;ef7e4b3c-6a75-4938-9c08-0e101ca9fa9e;7.7259;0.599988;BUY
2016-04-27T10:45:43.000000;2016-04-27T10:45:43.717663;ce9026fd-9bb0-4e0d-a6ec-271e7fd7a82a;7.7259;0.599988;BUY
2016-04-27T10:45:43.000000;2016-04-27T10:45:43.723692;d1726f82-3263-4f28-93c6-af53bc806a8e;7.741;19.60427166;BUY
2016-04-27T10:46:44.000000;2016-04-27T10:46:44.967793;aaa50ee1-b1f1-433d-8bec-b85e220ea2f0;7.6837;0.59790732;SELL
2016-04-27T10:46:44.000000;2016-04-27T10:46:44.968795;4ff24e01-68df-428e-a1b2-583ed597d042;7.6562;0.60624432;SELL
2016-04-27T10:46:44.000000;2016-04-27T10:46:44.977790;344c658f-8372-4786-af0a-ae9430c9e036;7.651;6.6;SELL
2016-04-27T10:46:44.000000;2016-04-27T10:46:44.991788;513ba662-0881-4f2b-ad3c-64b25e0b0d6d;7.65;11.22651;SELL
2016-04-27T10:46:44.000000;2016-04-27T10:46:45.000793;5600d044-3242-4b88-8280-307aa1652c61;7.6424;0.60386473;SELL
2016-04-27T10:46:44.000000;2016-04-27T10:46:45.008796;d998d317-7318-41be-b505-603d638f8a2b;7.6421;133.69544825;SELL
2016-04-27T10:50:29.000000;2016-04-27T10:50:29.461824;1bd220de-3292-49b3-af77-dccf85d26d15;7.6511;23.39690015;SELL
2016-04-27T10:50:29.000000;2016-04-27T10:50:29.467817;66dab8c2-1999-464d-9e66-a37a43ee73d2;7.651;97.1865;SELL
2016-04-27T10:50:29.000000;2016-04-27T10:50:29.469821;01a04053-9842-4f10-bc15-744ff94b3a6e;7.651;8.9;SELL
2016-04-27T10:50:29.000000;2016-04-27T10:50:29.479810;c5fee827-c0dc-4c5e-8f4d-1054e0589e52;7.6501;285.01;SELL
2016-04-27T10:50:29.000000;2016-04-27T10:50:29.490829;f157ee0d-6ab3-4a5e-83ce-739d7dfb0088;7.6471;71.43;SELL
2016-04-27T10:50:29.000000;2016-04-27T10:50:29.496826;32ae6a7c-b7cf-48d5-941a-fb18e940fb00;7.6444;0.60716454;SELL
2016-04-27T10:50:29.000000;2016-04-27T10:50:29.608885;81ce6dec-dea8-4450-9865-a95f5fc7a06d;7.64;133.90867501;BUY
2016-04-27T10:54:28.000000;2016-04-27T10:54:29.058838;c4dcab77-092e-489a-a41c-6ee5c9ba8b85;7.7286;0.14126924;BUY
2016-04-27T10:55:33.000000;2016-04-27T10:55:33.569253;da95f23a-0cc5-4c90-94f6-9bdde3d45651;7.7286;0.46552688;BUY
2016-04-27T10:55:33.000000;2016-04-27T10:55:33.581252;183f696a-0631-4c42-b58c-0bff11959975;7.7367;0.60287807;BUY
2016-04-27T10:58:17.000000;2016-04-27T10:58:17.930788;bcbf1fee-ad42-455c-81da-1401e6a0baff;7.7367;0.00428647;BUY
2016-04-27T11:03:17.000000;2016-04-27T11:03:17.873674;37408739-de69-471c-950b-5d4a682c1e9e;7.7483;2.2642413;SELL
2016-04-27T11:04:12.000000;2016-04-27T11:04:12.629928;ab4c7541-ccba-47c0-9276-0b9b3e25c57a;7.7486;0.60624432;BUY
2016-04-27T11:07:02.000000;2016-04-27T11:07:02.536926;7f58f3b9-d14e-479a-8c46-63099f76b95e;7.742;4.87;SELL
2016-04-27T11:08:41.000000;2016-04-27T11:08:41.354817;c99675a7-ae85-4244-9c05-ec7141efe8f3;7.7887;7.81622636;BUY
2016-04-27T11:08:41.000000;2016-04-27T11:08:41.362870;24960598-3327-4d38-8804-d57e99c6f3fc;7.7888;2.87128679;BUY
2016-04-27T11:08:41.000000;2016-04-27T11:08:41.377835;fdd1e825-5f9d-4c0e-8dcf-260d990c095a;7.7895;7.81622636;BUY
2016-04-27T11:08:41.000000;2016-04-27T11:08:41.379838;b996d64d-5c41-42a7-8c6e-9a11da067ac6;7.7928;0.60128675;BUY
2016-04-27T11:08:41.000000;2016-04-27T11:08:41.396818;36577ba3-e4b6-42f0-8108-a0fef0eff76a;7.832;95.4557;BUY
2016-04-27T11:08:41.000000;2016-04-27T11:08:41.398813;7b7b13e8-49b1-4a3a-b7a9-0d197f8e1e87;7.833;4.7;BUY
2016-04-27T11:08:41.000000;2016-04-27T11:08:41.403813;543713c1-edcf-47b4-a5fc-c839ca9120e6;7.833;32.0;BUY
2016-04-27T11:08:41.000000;2016-04-27T11:08:41.422797;e423f2ea-96ac-499c-8205-8f12b0a404cb;7.8429;3.446132;BUY
2016-04-27T11:08:41.000000;2016-04-27T11:08:41.431815;8955cb09-55b8-48c9-b187-5f82dd3bee0e;7.85;162.16800997;BUY
2016-04-27T11:16:02.000000;2016-04-27T11:16:03.078973;b442410e-e810-417d-b35e-e314e85a621b;7.7642;0.40326;SELL
2016-04-27T11:16:02.000000;2016-04-27T11:16:03.086974;b0c2def9-4831-4ef1-92f5-613a372211e7;7.7497;4.59674;SELL
2016-04-27T11:25:22.000000;2016-04-27T11:25:22.057567;4d4b14f6-d05a-46d4-ae05-da1adffc5e88;7.801;15.42575209;SELL
2016-04-27T11:25:22.000000;2016-04-27T11:25:22.282537;89f97360-db10-435f-8df6-0ba98c0886a3;7.801;15.42761275;SELL
2016-04-27T11:26:48.000000;2016-04-27T11:26:48.968221;1ba7f4b9-bd3f-41e5-b87a-47e86cdcc54b;7.801;0.998;SELL
2016-04-27T11:26:49.000000;2016-04-27T11:26:49.750296;1da5925f-d6f2-4736-9076-e785caf61f5a;7.801;0.998;SELL
2016-04-27T11:26:51.000000;2016-04-27T11:26:51.143444;42bddef3-5502-4562-84e4-555b7bde003a;7.801;0.998;SELL
2016-04-27T11:26:51.000000;2016-04-27T11:26:51.999515;821560cf-fdf6-44a8-8281-c43e22afafd2;7.801;0.998;SELL
2016-04-27T11:27:26.000000;2016-04-27T11:27:26.762990;083d401a-0c42-4e80-b635-ed05384ed552;7.801;0.67578;SELL
2016-04-27T11:29:12.000000;2016-04-27T11:29:12.977604;9401f244-448e-4687-ae80-190f7fd4ca6c;7.801;0.10351147;SELL
2016-04-27T11:30:11.000000;2016-04-27T11:30:11.779499;e3a223b2-b86d-4833-afb4-b75294131f61;7.801;20.0;SELL
2016-04-27T11:30:16.000000;2016-04-27T11:30:16.291950;191e4d99-f75a-49da-afc5-07146559004d;7.801;20.0;SELL
2016-04-27T11:30:54.000000;2016-04-27T11:30:54.697816;292dd0c4-59ed-4acc-afa3-82ae8b433926;7.82;19.16357318;SELL
2016-04-27T11:30:58.000000;2016-04-27T11:30:58.616186;55280ec3-6314-401a-87ad-b05c576e2e19;7.82;0.1;SELL
2016-04-27T11:30:59.000000;2016-04-27T11:31:00.002306;dab84194-5d7c-4809-a6f0-51f4f969666f;7.82;4.3998001;SELL
2016-04-27T11:31:05.000000;2016-04-27T11:31:05.073874;9a667bd1-94de-4dba-abff-c5b1fdd1eaa6;7.82;4.2270585;SELL
2016-04-27T11:31:10.000000;2016-04-27T11:31:10.549425;b600fe5c-cef7-4730-a5ed-072b74d8fd18;7.82;5.17298593;SELL
2016-04-27T11:31:13.000000;2016-04-27T11:31:13.406651;1b1669e2-36a5-423b-a24c-b3f5e90796a8;7.82;4.79317279;SELL
2016-04-27T11:31:16.000000;2016-04-27T11:31:16.207957;871dbd47-9b41-4644-a87a-ecfabd3f853d;7.82;3.41124186;SELL
2016-04-27T11:31:18.000000;2016-04-27T11:31:18.931202;efc4cada-1a50-4cca-8424-5d0317b8e8a0;7.82;6.58686986;SELL
2016-04-27T11:31:19.000000;2016-04-27T11:31:19.285231;02f79d17-5ef6-4122-b93a-d76cdfcd3190;7.82;2.14529778;SELL
2016-04-27T11:31:19.000000;2016-04-27T11:31:19.293267;48eb22ff-ae07-44d1-9d34-90b1975e9525;7.82;1.26594408;SELL
2016-04-27T11:31:21.000000;2016-04-27T11:31:21.598505;6c855485-1d3b-45d3-8bec-b0b6769e7058;7.82;3.13070906;SELL
2016-04-27T11:31:24.000000;2016-04-27T11:31:24.255732;cf13b91f-8289-481f-9d99-af9df2693919;7.82;3.28655232;SELL
2016-04-27T11:31:27.000000;2016-04-27T11:31:27.167045;411f5ae2-108b-419b-bb65-a2199b276d31;7.82;0.75513245;SELL
2016-04-27T11:31:29.000000;2016-04-27T11:31:29.330264;4e8b1ff7-015e-43b8-85a1-9b94bd9865ef;7.82;4.5733994;SELL
2016-04-27T11:31:31.000000;2016-04-27T11:31:31.893504;0070aca8-fcf6-4894-8329-e439f2d405cd;7.82;4.06073783;SELL
2016-04-27T11:31:34.000000;2016-04-27T11:31:34.893836;18d359a4-f7d1-431d-9b48-9e3c59ddd831;7.82;3.62623085;SELL
2016-04-27T11:31:36.000000;2016-04-27T11:31:36.953052;ec681292-6907-45a9-b4ba-1d19c58b7de9;7.82;4.48149208;SELL
2016-04-27T11:31:44.000000;2016-04-27T11:31:44.114721;d984b1e9-dfc4-4417-ac97-6f4055ace017;7.82;12.0;SELL
2016-04-27T11:31:44.000000;2016-04-27T11:31:44.163727;6fab1fe5-51c0-4971-8671-9cdf33697ae7;7.82;3.5;SELL
2016-04-27T11:31:47.000000;2016-04-27T11:31:47.768100;034397e0-afed-45a8-aab3-dee39f4c2bb6;7.82;5.82417131;SELL
2016-04-27T11:31:49.000000;2016-04-27T11:31:49.341243;590b37b7-ae96-4707-8bf1-6384e52dc69c;7.82;5.49562952;SELL
2016-04-27T11:32:35.000000;2016-04-27T11:32:35.916909;fd4f1379-e386-466c-a739-3b9c3066b06c;7.801;95.7489;SELL
2016-04-27T11:32:51.000000;2016-04-27T11:32:51.630487;1316f283-5ccb-4534-a6df-1e5fb4fa95af;7.801;96.2001;SELL
2016-04-27T11:32:55.000000;2016-04-27T11:32:55.370851;43bc87b0-8893-45f4-bdd1-19984f89dc4d;7.801;32.0;SELL
2016-04-27T11:32:55.000000;2016-04-27T11:32:55.998955;fbb397ad-40e1-4ae6-81b6-711a64cba432;7.801;27.4;SELL
2016-04-27T11:33:24.000000;2016-04-27T11:33:24.221763;4702232d-c10d-4135-b3d5-5eee15e52b3c;7.801;95.7522;SELL
2016-04-27T11:33:41.000000;2016-04-27T11:33:41.734479;df0b4d59-73da-41e4-b7c1-2db6c3744ba4;7.801;4.59214326;SELL
2016-04-27T11:33:43.000000;2016-04-27T11:33:44.026729;46378eb2-d5ea-4eb6-988f-63ff01a06348;7.801;95.9558;SELL
2016-04-27T11:34:20.000000;2016-04-27T11:34:21.010518;3f924f90-ef57-4bfb-8bd7-900308df1377;7.801;96.2191;SELL
2016-04-27T11:34:37.000000;2016-04-27T11:34:37.324125;43b63983-726d-4925-8571-33d7255ad469;7.801;96.4631;SELL
2016-04-27T11:34:50.000000;2016-04-27T11:34:50.426439;6e022279-61d5-4768-b92a-48518abf350c;7.801;284.04400043;SELL
2016-04-27T11:34:55.000000;2016-04-27T11:34:57.125117;271d7e35-fd1a-4e45-afa8-ee0bf8ff207b;7.7477;0.60045635;SELL
2016-04-27T11:34:55.000000;2016-04-27T11:34:57.130147;c655b433-2ca3-4d2e-b66e-81e851f3c5f4;7.7314;0.6030272;SELL
2016-04-27T11:34:55.000000;2016-04-27T11:34:57.135114;45be777a-7780-4ba1-ba70-119137ab1ac0;7.6999;0.60128675;SELL
2016-04-27T11:34:55.000000;2016-04-27T11:34:57.143125;39f97fd3-2bda-48fc-ab9f-b57165ba74e7;7.6767;9.1;SELL
2016-04-27T11:34:55.000000;2016-04-27T11:34:57.150120;8c766e89-e068-40b8-b02a-15f9ff47178e;7.6757;6.46480679;SELL
2016-04-27T11:34:55.000000;2016-04-27T11:34:57.156174;3148fbbc-3b8a-48cb-b5d2-712305233f0a;7.673;82.63042291;SELL
2016-04-27T11:35:03.000000;2016-04-27T11:35:03.944800;b778ffe3-fdbc-47f4-aa59-684a713df72b;7.673;10.0;SELL
2016-04-27T11:35:03.000000;2016-04-27T11:35:03.984810;d967469f-0307-4307-84db-7c0b1a077baa;7.673;10.0;SELL
2016-04-27T11:35:03.000000;2016-04-27T11:35:04.002835;10dcb942-bd42-47d1-8385-ef0e8ba9a2b6;7.673;76.2774;SELL
2016-04-27T11:35:03.000000;2016-04-27T11:35:04.009829;4c37e79c-d0e1-4436-a310-4e39ba52bf76;7.6721;4.48933574;SELL
2016-04-27T11:35:03.000000;2016-04-27T11:35:04.018830;159a305d-807b-4db3-b11a-e6a6ee390c7a;7.672;0.60128675;SELL
2016-04-27T11:35:03.000000;2016-04-27T11:35:04.030796;fe4e27fe-f745-4eec-ac1d-cd20a62993c3;7.67;18.63197751;SELL
2016-04-27T11:46:15.000000;2016-04-27T11:46:15.964005;c66c4c69-5122-4f30-b288-72386fed23f5;7.68;15.67338073;SELL
2016-04-27T11:46:40.000000;2016-04-27T11:46:40.366435;31be8683-ff4e-49ef-91c4-560c19aa0f24;7.68;31.93599387;SELL
2016-04-27T11:46:40.000000;2016-04-27T11:46:40.904491;42bad7cf-cb57-4d70-a84d-522d28deaeeb;7.68;20.658595;SELL
2016-04-27T11:46:42.000000;2016-04-27T11:46:42.207611;c879533f-8fd1-4350-bef8-5d49bb4e4178;7.68;1.49112685;SELL
2016-04-27T11:46:42.000000;2016-04-27T11:46:42.221650;eaaef8f0-f9aa-49a3-8656-680a2df4d298;7.68;20.24090355;SELL
2016-04-27T11:46:44.000000;2016-04-27T11:46:44.768864;4d668147-c278-4ad0-a9d9-4f4068671ffb;7.67;1.36802249;SELL
2016-04-27T11:46:44.000000;2016-04-27T11:46:45.001903;33a355e9-27ad-49d7-ab3a-78e5483af545;7.6;3.18274042;SELL
2016-04-27T12:06:17.000000;2016-04-27T12:06:17.983425;db6d925b-08be-4e25-8361-5f69c1645bb0;7.6324;6.00251303;SELL
2016-04-27T12:06:17.000000;2016-04-27T12:06:17.984431;6cad76ad-9e4a-43dd-a2a1-79147a9a135c;7.613;97.5478;SELL
2016-04-27T12:06:17.000000;2016-04-27T12:06:17.986439;807f740a-1cda-470b-9984-5732a366320e;7.6113;17.46841266;SELL
2016-04-27T12:06:17.000000;2016-04-27T12:06:17.996456;eda4ad12-cb10-465f-b226-60c950524a64;7.6111;143.91802268;SELL
2016-04-27T12:13:32.000000;2016-04-27T12:13:32.829938;e51a8e2e-a296-45eb-9f67-c1de0a9dcddd;7.6618;6.9;BUY
2016-04-27T12:13:32.000000;2016-04-27T12:13:32.830924;de695878-202b-4e5c-8ff9-e02690c8198c;7.6618;2.2;BUY
2016-04-27T12:13:55.000000;2016-04-27T12:13:55.801215;7814ddd6-adaf-495a-adf2-cdbb974176e5;7.662;33.340887;SELL
2016-04-27T12:13:56.000000;2016-04-27T12:13:56.552273;e5e8170e-ef84-4414-90f3-48210ae369be;7.662;47.125926;SELL
2016-04-27T12:13:57.000000;2016-04-27T12:13:57.090367;68785292-939d-4327-b791-3cb352f80a6a;7.662;22.41787299;SELL
2016-04-27T12:14:26.000000;2016-04-27T12:14:27.046320;90b0224d-fc4d-47b5-872b-90ab8bd65217;7.65;16.8665;SELL
2016-04-27T12:14:58.000000;2016-04-27T12:14:58.384492;a338e7e1-7b3c-4bd4-b764-d40215d756e7;7.65;3.1335;SELL
2016-04-27T12:18:01.000000;2016-04-27T12:18:01.126733;f56b2898-780a-48d1-9cb1-f8b130d5c416;7.662;0.00881401;BUY
2016-04-27T12:18:01.000000;2016-04-27T12:18:01.133740;64b86fc1-6ead-4861-a71f-643e8b697dc1;7.6693;3.32484198;BUY
2016-04-27T12:18:01.000000;2016-04-27T12:18:01.140762;a8bc6a1b-4b6c-4fa5-ab3f-f13f14d26c31;7.67;1.36802249;BUY
2016-04-27T12:18:01.000000;2016-04-27T12:18:01.149774;da2da40c-c9c1-44b4-9bb9-a65d6ffdbb4e;7.68;5.91265758;BUY
2016-04-27T12:18:01.000000;2016-04-27T12:18:01.156848;88c1b6e3-f155-45d9-b21b-7fe028e77fd5;7.6841;0.61165821;BUY
2016-04-27T12:18:01.000000;2016-04-27T12:18:01.178780;d92532e5-15a0-4a02-9b4c-56f21638bb35;7.7061;3.469716;BUY
2016-04-27T12:18:01.000000;2016-04-27T12:18:01.190744;69d59e03-7855-4608-86ae-9c2e3609d921;7.7483;0.6090134;BUY
2016-04-27T12:18:01.000000;2016-04-27T12:18:01.192770;bfbecb4c-f62d-4ba6-bfb2-6e9f3866cb34;7.769;97.2642;BUY
2016-04-27T12:18:01.000000;2016-04-27T12:18:01.211777;0659e23d-97e0-4413-bdca-acb415d3e5d3;7.77;30.0;BUY
2016-04-27T12:18:01.000000;2016-04-27T12:18:01.218754;a479cac7-fc8b-4241-aec8-9e2cb902a69e;7.78;107.43107633;BUY
2016-04-27T12:29:57.000000;2016-04-27T12:29:57.312233;56380c21-a08b-492e-94c5-0207973ff264;7.696;10.0;SELL
2016-04-27T12:29:57.000000;2016-04-27T12:29:57.313240;6987b156-8b47-47ca-9f63-32861a0ade11;7.695;17.68951748;SELL
2016-04-27T12:29:57.000000;2016-04-27T12:29:57.318212;94cf0337-f2bf-4bd5-9d3d-6fc3baa3d7a3;7.695;27.39160321;SELL
2016-04-27T12:34:48.000000;2016-04-27T12:34:48.158886;17a686e0-e004-4999-a108-4974cedb2746;7.7456;0.60606061;BUY
2016-04-27T12:34:48.000000;2016-04-27T12:34:48.164878;b02ed74b-c1ee-4aba-9c39-cc4d3ea5d122;7.75;11.35196849;BUY
2016-04-27T12:34:58.000000;2016-04-27T12:34:58.221937;60c8c6af-dcd0-4b93-a9c1-4c7f647102c1;7.75;3.00606814;BUY
2016-04-27T12:34:58.000000;2016-04-27T12:34:58.376469;d30913ce-6d69-4763-899f-02954229f29f;7.75;3.00606814;BUY
2016-04-27T12:35:11.000000;2016-04-27T12:35:11.193184;ef827901-b438-4777-a308-7c5887839dbd;7.75;2.62389523;BUY
2016-04-27T12:38:08.000000;2016-04-27T12:38:08.705914;c39b8c55-a9ec-4bc1-afb0-5d1ac4fa7f80;7.721;5.0;SELL
2016-04-27T12:40:17.000000;2016-04-27T12:40:17.908844;a59e2720-71a4-4ce8-8402-65b423de41aa;7.7645;10.0;BUY
2016-04-27T12:40:17.000000;2016-04-27T12:40:17.917836;d7eb2dc7-edb9-4c1d-b633-0593e8ff0cc5;7.7655;7.38;BUY
2016-04-27T12:40:34.000000;2016-04-27T12:40:34.165478;8fdb3afc-0d53-439a-ab94-2dbcdd77b702;7.7655;0.1;BUY
2016-04-27T12:41:23.000000;2016-04-27T12:41:24.418498;a51c8349-4453-4a87-85d7-c5a8401ff6df;7.7655;15.80837064;BUY
2016-04-27T12:41:23.000000;2016-04-27T12:41:24.419499;fb135983-77c6-4813-a565-da9be59a2816;7.7655;16.19162936;BUY
2016-04-27T12:41:24.000000;2016-04-27T12:41:24.467498;5e6ed711-e562-4e53-b2a4-b7861ddeb88c;7.7655;7.02617057;BUY
2016-04-27T12:41:24.000000;2016-04-27T12:41:24.478517;cba052f3-2a7f-4f40-9a9f-5b29a0744899;7.7658;23.28837064;BUY
2016-04-27T12:41:24.000000;2016-04-27T12:41:24.481538;88b7185f-75a3-45ea-b953-14bc5692dd6d;7.7804;0.6039012;BUY
2016-04-27T12:41:24.000000;2016-04-27T12:41:24.491527;0b0295cc-2655-4212-803b-cd73bc890c51;7.7804;0.6039012;BUY
2016-04-27T12:41:50.000000;2016-04-27T12:41:50.827142;0038a42b-0c68-4f9d-a760-4da5b0682ff2;7.8081;2.3061;SELL
2016-04-27T12:42:44.000000;2016-04-27T12:42:44.176475;0d22cf49-7e64-4f47-98b1-d570e19214d2;7.8098;0.68304154;BUY
2016-04-27T12:42:44.000000;2016-04-27T12:42:44.183072;9a3081bd-d4c1-4964-a9c3-4b151a5e04e1;7.8098;5.23665183;BUY
2016-04-27T12:42:44.000000;2016-04-27T12:42:44.187473;ededdf5c-bd6d-40d8-a03a-231c63c5b88b;7.8098;2.93894726;BUY
2016-04-27T12:42:44.000000;2016-04-27T12:42:44.190474;64353572-1704-4532-852a-7489213ea78e;7.81;3.76895937;BUY
2016-04-27T12:43:45.000000;2016-04-27T12:43:45.224583;d6012a43-0809-43db-adc0-40ebd444d092;7.8099;0.68304154;BUY
2016-04-27T12:43:45.000000;2016-04-27T12:43:45.229589;32c468a0-b04b-4dbe-9cf8-cb815adc1e51;7.8099;2.93894726;BUY
2016-04-27T12:43:45.000000;2016-04-27T12:43:45.230577;44e2165b-f75b-4832-a500-bb45fd45bcf6;7.8099;5.23665183;BUY
2016-04-27T12:43:45.000000;2016-04-27T12:43:45.235619;6c62e195-7884-4fa8-9b55-42dce12978c5;7.81;96.23104063;BUY
2016-04-27T12:45:42.000000;2016-04-27T12:45:42.217311;3e6052db-8d4e-4c4e-97db-20a2a03b3f1b;7.81;6.3054;SELL
2016-04-27T12:46:12.000000;2016-04-27T12:46:12.674339;093e314e-5837-4bf1-abe5-91fff591a1c2;7.838;31.023;BUY
2016-04-27T12:47:12.000000;2016-04-27T12:47:12.265281;cb639c65-52b0-40e5-b4ef-88eb90867781;7.8107;6.32432191;SELL
2016-04-27T12:47:12.000000;2016-04-27T12:47:12.273287;1d6a8452-48ef-470c-8f90-41c421fbf951;7.81;16.21060144;SELL
2016-04-27T12:47:12.000000;2016-04-27T12:47:12.345287;be74cb42-f8c7-4a65-a9e0-3fb9f3179c05;7.81;249.08470847;SELL
2016-04-27T12:47:13.000000;2016-04-27T12:47:13.152362;b584f923-334e-4160-9c93-7e58136b7a5d;7.81;22.53492335;SELL
2016-04-27T12:47:13.000000;2016-04-27T12:47:13.994452;478b9b1a-b3d6-4ead-9597-cdfba364192d;7.81;22.53492335;SELL
2016-04-27T12:47:14.000000;2016-04-27T12:47:14.223469;aca3173e-981a-45ea-8772-b7331e8274c4;7.81;22.53492335;SELL
2016-04-27T12:47:14.000000;2016-04-27T12:47:14.365500;e52b4582-3f8f-4093-908a-012f0cd8308e;7.81;3.04194224;SELL
2016-04-27T12:47:16.000000;2016-04-27T12:47:16.597785;4dbca014-60fe-484a-a989-8e25a0182d26;7.81;8.94352682;SELL
2016-04-27T12:47:19.000000;2016-04-27T12:47:19.531007;3d0fb8f3-d020-4a04-8d28-3fd5332824c6;7.81;22.57105149;SELL
2016-04-27T12:47:19.000000;2016-04-27T12:47:19.821044;8c8e1245-3cc3-4e53-9073-19bbd55f8de1;7.81;7.5569217;SELL
2016-04-27T12:47:20.000000;2016-04-27T12:47:20.168079;45bc52ba-9c56-4f9e-863e-26fe65fd483b;7.81;13.59139653;SELL
2016-04-27T12:47:23.000000;2016-04-27T12:47:24.035452;357ed614-ff66-4f97-8723-a8d7ead69443;7.7905;0.58788948;SELL
2016-04-27T12:47:26.000000;2016-04-27T12:47:26.285681;cfbd467c-5347-4cda-8d3d-264b02afada9;7.78;0.7987154;SELL
2016-04-27T12:47:26.000000;2016-04-27T12:47:26.534757;42091cd7-5de2-4bd1-a1e5-00035d7ece91;7.78;0.7987154;SELL
2016-04-27T12:47:49.000000;2016-04-27T12:47:49.280984;c4bb5b7c-3de8-4bec-bc34-b6c6db2b0f47;7.8079;5.81927839;BUY
2016-04-27T12:47:49.000000;2016-04-27T12:47:49.289993;5a26f882-fead-417c-8f35-1de92365cf3f;7.808;74.12072161;BUY
2016-04-27T12:47:53.000000;2016-04-27T12:47:53.159778;dd0e1c08-0cb8-41ee-925c-332a876581c7;7.8078;22.53492335;BUY
2016-04-27T12:47:53.000000;2016-04-27T12:47:53.174628;c1f3410a-f8f2-4578-82b4-89c47a0460ae;7.8078;22.53492335;BUY
2016-04-27T12:47:53.000000;2016-04-27T12:47:53.189679;c1ce2e7a-3424-4db2-92ff-63f334f39ce9;7.8078;0.19992;BUY
2016-04-27T12:47:53.000000;2016-04-27T12:47:53.199434;1cd98b76-5df6-4a0b-a1d6-bba1a0f800f0;7.8078;22.53492335;BUY
2016-04-27T12:47:53.000000;2016-04-27T12:47:53.206367;dd17fa85-d8a4-498b-853d-387856ff5f9e;7.8079;5.82439417;BUY
2016-04-27T12:47:53.000000;2016-04-27T12:47:53.218053;0511e6ac-dbc5-4939-8010-6d9a6b88f98f;7.8092;0.49091578;BUY
2016-04-27T12:47:56.000000;2016-04-27T12:47:56.750461;0e7d8d80-3dd8-46f5-959c-cdec3c041f67;7.8079;5.8307858;BUY
2016-04-27T12:47:56.000000;2016-04-27T12:47:56.755723;30f44b22-2d06-421c-a707-aebc8e184f4e;7.808;68.2892142;BUY
2016-04-27T12:48:09.000000;2016-04-27T12:48:09.835042;6600a960-58e3-4f06-9a75-e060070d97ee;7.7487;0.58830451;SELL
2016-04-27T12:48:10.000000;2016-04-27T12:48:10.231068;92fd7e9b-9772-400b-9ccf-1f92be486ebd;7.7487;13.43319808;BUY
2016-04-27T12:48:10.000000;2016-04-27T12:48:10.360085;8e7ba5d7-14b2-4fe9-805e-5e7168357247;7.7488;13.43319808;SELL
2016-04-27T12:48:11.000000;2016-04-27T12:48:11.258180;5f2f37c8-8fb4-481e-81a1-b6b4b33cee2f;7.78;0.19992;BUY
2016-04-27T12:48:11.000000;2016-04-27T12:48:11.395201;e4e566d7-caa8-4d52-9071-7f2728c11bee;7.7802;13.43319808;SELL
2016-04-27T12:48:15.000000;2016-04-27T12:48:16.018653;d093aceb-ef43-4516-bbbd-9f4f21bbed99;7.78;0.34495107;SELL
2016-04-27T12:48:15.000000;2016-04-27T12:48:16.115658;d0e9472e-0c87-48c8-8bf1-c12a07f5bf3a;7.78;2.64462426;SELL
2016-04-27T12:48:16.000000;2016-04-27T12:48:16.177354;ff0cc45d-31a3-4bf1-a035-109c99d22184;7.78;10.64042467;SELL
2016-04-27T12:48:16.000000;2016-04-27T12:48:16.181670;e2f63a35-79e1-4b85-9cab-0aa7f525c393;7.779;11.93062681;SELL
2016-04-27T12:48:19.000000;2016-04-27T12:48:19.931032;e9b053ce-534e-4ea7-abc1-e8180bcc836f;7.779;17.46937319;SELL
2016-04-27T12:48:19.000000;2016-04-27T12:48:19.948035;068ae493-614c-4f0a-bd13-359daae38b5a;7.779;0.5;SELL
2016-04-27T12:48:22.000000;2016-04-27T12:48:22.979348;bf9e6c57-01cf-4098-8dd0-68800a878f71;7.8049;5.83719828;BUY
2016-04-27T12:48:22.000000;2016-04-27T12:48:22.989400;1f13c22d-5d88-478e-a3f3-a5823eca2201;7.8058;22.53492335;BUY
2016-04-27T12:48:22.000000;2016-04-27T12:48:22.999366;ecf41f2a-f08b-4559-bb58-dad9f5acffc1;7.8058;16.69787837;BUY
2016-04-27T12:48:23.000000;2016-04-27T12:48:23.630405;dd7d33a1-a0fc-4094-9dc0-a23884707279;7.8058;5.83704498;BUY
2016-04-27T12:48:23.000000;2016-04-27T12:48:23.699412;dd11cad2-4076-45e6-80ae-2cef525d902a;7.8058;17.96937319;BUY
2016-04-27T12:48:23.000000;2016-04-27T12:48:23.788436;d58f46a2-b38b-427e-a931-7cfb7b239a78;7.8059;21.26358183;SELL
2016-04-27T12:48:23.000000;2016-04-27T12:48:23.880438;d8b5e933-776f-4db7-a6df-849a5b5cc993;7.805;74.61321817;BUY
2016-04-27T12:48:23.000000;2016-04-27T12:48:23.918485;026a045e-6097-4a86-88af-0024a49ad1e3;7.8058;21.2632496;SELL
2016-04-27T12:48:24.000000;2016-04-27T12:48:24.386485;946293f9-a26b-4024-a301-6b58eead10d4;7.8058;4.56691691;SELL
2016-04-27T12:48:24.000000;2016-04-27T12:48:24.560506;8669c07e-2d84-4ab9-85ab-507a6156bc33;7.8058;3.45219271;SELL
2016-04-27T12:48:25.000000;2016-04-27T12:48:26.533757;25f7783f-e206-4646-9b3d-431c28d1ea92;7.779;17.96937319;BUY
2016-04-27T12:48:25.000000;2016-04-27T12:48:26.534708;4d3a0083-fdff-42f1-a63c-76d166c30cf7;7.8058;5.89714839;BUY
2016-04-27T12:48:29.000000;2016-04-27T12:48:31.652205;ae7d6084-249f-476d-91f2-db52325d9656;7.8058;10.64042467;SELL
2016-04-27T12:48:29.000000;2016-04-27T12:48:32.521297;ef7de6a7-7941-426e-a0c3-381a157bd81c;7.8058;12.218728;SELL
2016-04-27T12:48:30.000000;2016-04-27T12:48:32.854328;922a8f3c-3f40-473d-b063-f38fd879020f;7.8058;22.15432575;SELL
2016-04-27T12:48:30.000000;2016-04-27T12:48:32.854328;ff5fceaa-98a8-4af2-9421-c75396c207a3;7.8058;0.27636088;SELL
2016-04-27T12:48:31.000000;2016-04-27T12:48:33.387397;6188a522-4de5-42df-9f73-945ea8810b1d;7.8058;17.99818181;SELL
2016-04-27T12:48:33.000000;2016-04-27T12:48:34.420496;9009b9d5-f927-4ba3-8481-f41c23655825;7.8058;10.68473;SELL
2016-04-27T12:48:34.000000;2016-04-27T12:48:35.241588;940b9fe6-deda-47b4-8287-9cea77d6047c;7.8058;17.99818181;SELL
2016-04-27T12:48:35.000000;2016-04-27T12:48:35.818615;54a5a8ec-8731-4a66-bffb-34dd72947fef;7.8058;21.9225455;SELL
2016-04-27T12:48:35.000000;2016-04-27T12:48:35.831647;494eb805-9408-412f-a4d5-48b940c3177b;7.7602;40.6714545;SELL
2016-04-27T12:48:39.000000;2016-04-27T12:48:40.326118;ee319eaf-746f-4ef2-8658-97fb0b839351;7.805;12.9;BUY
2016-04-27T12:48:41.000000;2016-04-27T12:48:41.357174;26348878-c745-4c83-940d-d6be7fb1bccb;7.801;5.84941534;SELL
2016-04-27T12:48:41.000000;2016-04-27T12:48:41.382199;a79407c9-6585-49d4-a5cb-5308a7202044;7.801;5.83370141;SELL
2016-04-27T12:48:41.000000;2016-04-27T12:48:41.530212;5377aa6d-a5f5-4b0b-9fa8-4303dc520b4e;7.801;0.58668858;SELL
2016-04-27T12:48:44.000000;2016-04-27T12:48:44.050499;7d67b561-dde8-42d6-9a8a-f414275fefbb;7.801;5.85879316;SELL
2016-04-27T12:48:44.000000;2016-04-27T12:48:44.069487;8358c3b4-7b85-48e2-8808-1938aeaac7d3;7.801;5.84941534;SELL
2016-04-27T12:48:44.000000;2016-04-27T12:48:44.079463;995f0e42-304e-4311-a45c-97ec264048b8;7.801;8.02198617;SELL
2016-04-27T12:48:44.000000;2016-04-27T12:48:44.085482;b09bc5ed-47aa-4363-97af-65988587d114;7.801;4.29427144;SELL
2016-04-27T12:48:44.000000;2016-04-27T12:48:44.104590;b7ee12cb-0574-4f48-bdeb-01d56992b976;7.801;5.85879288;SELL
2016-04-27T12:48:45.000000;2016-04-27T12:48:45.820638;392314ce-9f21-4b1e-bb0b-5a9fee8423c8;7.8011;5.82119918;SELL
2016-04-27T12:48:46.000000;2016-04-27T12:48:46.845736;d961853e-01c6-4259-a919-a5d9c9869292;7.8011;14.98215104;SELL
2016-04-27T12:48:48.000000;2016-04-27T12:48:48.092859;cdd4ab4e-f7ce-4ef9-9f60-96d8588f85f0;7.8011;5.83370141;SELL
2016-04-27T12:48:48.000000;2016-04-27T12:48:48.424908;8a53fdf0-7b27-455b-af53-ca4a8eca67ea;7.8011;5.83370141;SELL
2016-04-27T12:48:48.000000;2016-04-27T12:48:48.804934;517a63b8-cb19-4269-806c-229c4d945b59;7.8047;22.40314018;BUY
2016-04-27T12:48:48.000000;2016-04-27T12:48:48.816357;0a81c3b6-e957-4471-8525-015e1a1944cb;7.8047;5.82436375;BUY
2016-04-27T12:48:48.000000;2016-04-27T12:48:48.822419;ac668d29-72f5-47fa-a9b9-dd3c3dc0f0fb;7.805;11.39249607;BUY
2016-04-27T12:48:49.000000;2016-04-27T12:48:49.528019;200e4beb-4c8b-443e-9ac7-849576fbff2c;7.8011;27.616046;SELL
2016-04-27T12:48:50.000000;2016-04-27T12:48:50.751147;f1badcf0-6c35-4615-8526-099161fa9896;7.805;9.21002778;BUY
2016-04-27T12:48:50.000000;2016-04-27T12:48:50.753164;c8d77bb3-e9ab-4d4a-8fb2-8c56ab7e9963;7.8398;0.58823529;BUY
2016-04-27T12:48:50.000000;2016-04-27T12:48:50.762126;1266ff33-089b-42c1-b5ce-70ae2b63815c;7.8529;3.512841;BUY
2016-04-27T12:48:50.000000;2016-04-27T12:48:50.770138;ad85e14f-3a55-4496-b6de-f1d7d542941c;7.86;20.0;BUY
2016-04-27T12:48:50.000000;2016-04-27T12:48:50.786142;fae06c9e-88ff-44b3-9f54-48caf156a84a;7.87;100.0;BUY
2016-04-27T12:48:52.000000;2016-04-27T12:48:53.045640;70a436cd-f1af-4894-854f-627ed096ec0b;7.8529;47.51;SELL
2016-04-27T12:48:53.000000;2016-04-27T12:48:53.174373;cd50204c-e932-441f-b888-db42e456d0b1;7.8529;5.82708181;SELL
2016-04-27T12:48:53.000000;2016-04-27T12:48:53.637435;18783981-8c42-4dff-a1bd-5c32d6c3869c;7.8529;3.788917;SELL
2016-04-27T12:48:53.000000;2016-04-27T12:48:53.670449;3512d2b3-484c-4291-a8d2-4befcab7361b;7.8529;37.89400119;SELL
2016-04-27T12:48:53.000000;2016-04-27T12:48:53.781469;5a94f8bc-0b09-4827-94c8-004eca043da3;7.852;7.89;BUY
2016-04-27T12:48:54.000000;2016-04-27T12:48:54.278746;e0e17d0c-5023-491c-9850-602f651e1608;7.801;21.84693568;SELL
2016-04-27T12:48:59.000000;2016-04-27T12:48:59.782042;e05ab268-79cb-4233-bee4-40b5453b8f4e;7.8009;21.84665507;BUY
2016-04-27T12:48:59.000000;2016-04-27T12:48:59.790021;c95fb67f-ccfa-40a4-b691-62d469f1b01b;7.801;8.528863;BUY
2016-04-27T12:49:08.000000;2016-04-27T12:49:08.996958;12ba7358-6c08-4afe-bf6f-fbdaf1d45132;7.8346;3.466381;BUY
2016-04-27T12:49:09.000000;2016-04-27T12:49:09.327979;9eebb5f0-848f-4c40-b287-cfd04c650124;7.8346;20.96345907;SELL
2016-04-27T12:49:10.000000;2016-04-27T12:49:10.815164;3a442fdd-075c-48bc-94e9-ec11748b7c56;7.8346;1.32015993;SELL
2016-04-27T12:49:13.000000;2016-04-27T12:49:13.499392;6e6943b7-437c-4300-8d82-1752ed36bb48;7.8346;9.894433;SELL
2016-04-27T12:49:14.000000;2016-04-27T12:49:14.568534;b3a6b2a6-25b7-4c0a-91e7-cb3e4c95d248;7.8346;5.988;SELL
2016-04-27T12:49:15.000000;2016-04-27T12:49:15.243883;43aa84ff-f181-44c7-b812-d5edac0b58e7;7.8346;9.867567;SELL
2016-04-27T12:49:15.000000;2016-04-27T12:49:15.250331;a5428256-1119-4255-a87c-3c72f7beb332;7.8346;1.42410606;SELL
2016-04-27T12:49:16.000000;2016-04-27T12:49:16.239689;9a3820fa-7d73-42a6-8469-e7ba8e68e371;7.8346;9.867567;SELL
2016-04-27T12:49:16.000000;2016-04-27T12:49:16.367705;acf19073-d4bd-4328-a974-14fb7134ddd4;7.8346;14.45832694;SELL
2016-04-27T12:49:20.000000;2016-04-27T12:49:20.429101;14b6f4ce-c86f-4b14-a7c1-a9ded0a63149;7.8101;11.29167306;SELL
2016-04-27T12:49:27.000000;2016-04-27T12:49:27.267827;ef733d4e-0e4b-432f-9caf-38c6d710a1c3;7.8338;1.32227642;BUY
2016-04-27T12:49:27.000000;2016-04-27T12:49:27.281783;5a68ed65-d8f1-4777-9be9-6dbba992cfaf;7.834;14.09305506;BUY
