time_exchange;time_coinpai;guid;price;base_amount;taker_side
2016-02-15T00:00:04.000000;2016-02-15T00:00:04.000000;932c7093-81fc-4715-abe1-5eb49f54b258;408.3;0.02684591;UNKNOWN
2016-02-15T00:00:27.000000;2016-02-15T00:00:27.000000;cec2265e-d1cc-4cd6-aa17-13282dd734ca;408.31;11.0;UNKNOWN
2016-02-15T00:00:49.000000;2016-02-15T00:00:49.000000;53614185-096c-4190-b507-4a50a7da765e;408.3;0.3769192;UNKNOWN
2016-02-15T00:01:23.000000;2016-02-15T00:01:23.000000;26aea4e0-4cf9-4f5a-bf20-5c5c9be8cebe;408.3;1.02717049;UNKNOWN
2016-02-15T00:01:27.000000;2016-02-15T00:01:27.000000;37c92293-dd7e-42c7-81ac-a315373b56e2;408.3;2.5;UNKNOWN
2016-02-15T00:01:51.000000;2016-02-15T00:01:51.000000;f4dedad7-9897-4b23-a145-9ed3c01de068;408.3;5.0;UNKNOWN
2016-02-15T00:02:02.000000;2016-02-15T00:02:02.000000;2138d79a-bf16-4d88-a88b-e764ead60532;408.3;5.0;UNKNOWN
2016-02-15T00:02:03.000000;2016-02-15T00:02:03.000000;4beb6271-24fd-4bab-a7ef-67c1b73de9ad;408.3;1.5;UNKNOWN
2016-02-15T00:02:06.000000;2016-02-15T00:02:06.000000;24f44bb3-8459-404d-83a1-aef3739beeff;408.3;1.00616822;UNKNOWN
2016-02-15T00:02:06.000000;2016-02-15T00:02:06.000000;a24987a4-412f-49bf-beda-cd6402a81151;408.3;0.91929162;UNKNOWN
2016-02-15T00:02:26.000000;2016-02-15T00:02:26.000000;9ca3a930-e416-45a0-9af7-78f69cc8c104;408.3;5.0;UNKNOWN
2016-02-15T00:02:30.000000;2016-02-15T00:02:30.000000;65acdbe6-0ca7-4f45-b7e3-56b34b27566b;408.31;0.35;UNKNOWN
2016-02-15T00:02:33.000000;2016-02-15T00:02:33.000000;1f8d9d21-df1a-422a-9859-2a0941d22b61;408.31;10.0;UNKNOWN
2016-02-15T00:02:39.000000;2016-02-15T00:02:39.000000;a2c7b83a-d368-4851-9fee-f08175a2ad65;408.3;5.0;UNKNOWN
2016-02-15T00:02:45.000000;2016-02-15T00:02:45.000000;d7e393d3-fc48-4a05-8c37-f052b6c3ca76;408.3;0.59988;UNKNOWN
2016-02-15T00:03:12.000000;2016-02-15T00:03:12.000000;a0dc76e1-3081-4998-a81c-ac790ca12ede;408.3;45.0;UNKNOWN
2016-02-15T00:03:33.000000;2016-02-15T00:03:33.000000;75fd7e8b-e392-4a2a-848f-ef09a709bbdb;408.3;1.84811;UNKNOWN
2016-02-15T00:04:11.000000;2016-02-15T00:04:11.000000;6c31d9b6-ca4d-4479-a1ed-28d85ceb1702;408.31;2.421;UNKNOWN
2016-02-15T00:04:42.000000;2016-02-15T00:04:42.000000;112f4f8b-279f-40b8-8565-3e65dd936639;408.3;10.0;UNKNOWN
2016-02-15T00:05:05.000000;2016-02-15T00:05:05.000000;1527d247-1394-4c54-9fed-331503c780eb;408.31;0.8;UNKNOWN
2016-02-15T00:05:24.000000;2016-02-15T00:05:24.000000;8cd933eb-6916-435f-841a-98b5068d6909;408.3;0.8;UNKNOWN
2016-02-15T00:05:28.000000;2016-02-15T00:05:28.000000;2d44323f-b668-4c58-9ab6-78fc81a68e16;408.3;5.0;UNKNOWN
2016-02-15T00:05:41.000000;2016-02-15T00:05:41.000000;f52bac3a-bd20-49a3-b018-e1a49811c3dc;408.3;0.33;UNKNOWN
2016-02-15T00:06:08.000000;2016-02-15T00:06:08.000000;52b2a1f2-e309-41b3-bd48-6b70360fbbf6;408.31;0.05;UNKNOWN
2016-02-15T00:06:08.000000;2016-02-15T00:06:08.000000;5ca917c1-65e2-42c5-94d1-731fd81e8c4a;408.31;0.05;UNKNOWN
2016-02-15T00:06:08.000000;2016-02-15T00:06:08.000000;3d91fc6d-008e-4b61-8808-f3aba0544b6e;408.31;0.1789209;UNKNOWN
2016-02-15T00:07:01.000000;2016-02-15T00:07:01.000000;92be8f00-bfde-43ad-945b-3a98a0cc9fd8;408.32;0.7210791;UNKNOWN
2016-02-15T00:07:05.000000;2016-02-15T00:07:05.000000;5a2cc81e-cdbd-4b93-9e40-80a8ad9cd61f;408.32;0.015;UNKNOWN
2016-02-15T00:08:15.000000;2016-02-15T00:08:15.000000;bd51efdb-2a3b-40bd-97cb-f4fbad3c97f9;408.33;2.0;UNKNOWN
2016-02-15T00:08:16.000000;2016-02-15T00:08:16.000000;8e7f11c5-a254-4f6b-87f1-f3c6bc5bcf78;408.33;1.0;UNKNOWN
2016-02-15T00:09:05.000000;2016-02-15T00:09:05.000000;eed6c3b0-f857-422d-b398-6ff811ac4ca3;408.32;0.22;UNKNOWN
2016-02-15T00:09:05.000000;2016-02-15T00:09:05.000000;a0ba5914-eb76-4e63-a54a-27304f3c21eb;408.32;0.4;UNKNOWN
2016-02-15T00:09:14.000000;2016-02-15T00:09:14.000000;7ffe237c-095e-47a8-9f66-4ca6cc78b51b;408.3;5.15808918;UNKNOWN
2016-02-15T00:09:14.000000;2016-02-15T00:09:14.000000;1ee6f742-5e62-475d-aff5-a74714544e83;408.3;1.70398782;UNKNOWN
2016-02-15T00:09:14.000000;2016-02-15T00:09:14.000000;bfc2ac72-2717-4566-8043-1a18a9553181;408.32;10.0;UNKNOWN
2016-02-15T00:09:14.000000;2016-02-15T00:09:14.000000;7c210b8a-61db-4e87-b4d4-37b13333c1fb;408.31;1.9295;UNKNOWN
2016-02-15T00:09:14.000000;2016-02-15T00:09:14.000000;7eadb2ac-f8c0-44c2-bb7f-198e74f25d4f;408.32;1.5991;UNKNOWN
2016-02-15T00:09:38.000000;2016-02-15T00:09:38.000000;a584ebef-cd9d-439a-8825-cec1db899001;408.3;0.32;UNKNOWN
2016-02-15T00:10:06.000000;2016-02-15T00:10:06.000000;193724d3-efe6-41d0-8526-0a2cb590d363;408.31;0.73;UNKNOWN
2016-02-15T00:10:06.000000;2016-02-15T00:10:06.000000;6f7ab1e1-e7b1-482d-bccc-e5ea2248c463;408.3;0.89193859;UNKNOWN
2016-02-15T00:10:15.000000;2016-02-15T00:10:15.000000;8073cce6-2017-46f0-9043-1a136d6a559c;408.33;1.5;UNKNOWN
2016-02-15T00:12:57.000000;2016-02-15T00:12:57.000000;ad5ca1e4-4daf-4c2b-8824-450b95716647;408.31;1.0;UNKNOWN
2016-02-15T00:12:57.000000;2016-02-15T00:12:57.000000;f805c3de-4f47-4472-8188-3e54746c5900;408.33;9.0;UNKNOWN
2016-02-15T00:13:05.000000;2016-02-15T00:13:05.000000;9fafdb09-9f4d-48de-8532-5bf97dd54e39;408.31;10.0;UNKNOWN
2016-02-15T00:13:15.000000;2016-02-15T00:13:15.000000;ebf86fd2-85b9-408f-b5f1-d910b3412c57;408.33;7.5;UNKNOWN
2016-02-15T00:13:15.000000;2016-02-15T00:13:15.000000;b9b7723d-8fb5-4157-a376-14f77080b04b;408.33;2.5;UNKNOWN
2016-02-15T00:13:22.000000;2016-02-15T00:13:22.000000;e6bbddf7-f46c-4b3d-9654-2a7cb6df1ea3;408.34;2.0;UNKNOWN
2016-02-15T00:13:22.000000;2016-02-15T00:13:22.000000;e6e628c2-1636-4a5b-8ca1-db9ae30fd07a;408.34;5.0;UNKNOWN
2016-02-15T00:13:22.000000;2016-02-15T00:13:22.000000;8a6f178f-c8ce-45f4-b612-f3715cf5ef00;408.33;0.5;UNKNOWN
2016-02-15T00:13:22.000000;2016-02-15T00:13:22.000000;bf6c4d8e-e50d-4cab-a3b1-ecc034c63a25;408.33;2.5;UNKNOWN
2016-02-15T00:13:32.000000;2016-02-15T00:13:32.000000;f0ae9aaa-b0f2-42fe-b88e-86fe2ac9d2a6;408.39;1.0;UNKNOWN
2016-02-15T00:13:32.000000;2016-02-15T00:13:32.000000;8b2c1fa8-68ca-40fc-a4d2-675e014d461a;408.39;1.0;UNKNOWN
2016-02-15T00:13:32.000000;2016-02-15T00:13:32.000000;0fbbe273-37b2-4be6-b0f9-5c80991b5941;408.39;1.0;UNKNOWN
2016-02-15T00:13:32.000000;2016-02-15T00:13:32.000000;64f2f219-30bd-44d0-8bb4-4f46b1eeb302;408.46;0.09700977;UNKNOWN
2016-02-15T00:13:32.000000;2016-02-15T00:13:32.000000;6fc9aaff-b3c6-400d-968a-dc7fc03cf621;408.49;0.85299023;UNKNOWN
2016-02-15T00:13:32.000000;2016-02-15T00:13:32.000000;90e316c6-694b-466f-8ed4-172a008bf3cc;408.4;0.05;UNKNOWN
2016-02-15T00:13:32.000000;2016-02-15T00:13:32.000000;cf72a145-cef3-48e2-b70b-c1be79f2d4a4;408.39;3.0;UNKNOWN
2016-02-15T00:13:32.000000;2016-02-15T00:13:32.000000;f7350cfc-c95f-42a4-b16b-99ca533ba971;408.34;3.0;UNKNOWN
2016-02-15T00:13:44.000000;2016-02-15T00:13:44.000000;0fc2c773-b6a6-4bae-8810-a4b253e8dae7;408.5;0.13593752;UNKNOWN
2016-02-15T00:13:44.000000;2016-02-15T00:13:44.000000;b110d5f7-9dad-4edc-ab13-915771c68600;408.72;6.1127;UNKNOWN
2016-02-15T00:13:44.000000;2016-02-15T00:13:44.000000;95d3523c-0d91-4a31-a89a-11c7bcd9502b;408.73;0.50136248;UNKNOWN
2016-02-15T00:13:44.000000;2016-02-15T00:13:44.000000;12fca575-106f-4020-bfee-61e01f93000b;408.5;3.0;UNKNOWN
2016-02-15T00:13:44.000000;2016-02-15T00:13:44.000000;22b63202-7831-4039-b960-74e4f5af699f;408.51;0.25;UNKNOWN
2016-02-15T00:13:52.000000;2016-02-15T00:13:52.000000;a0a4cce6-9eea-451d-aaf5-7d7ada8a57f1;408.73;4.49863752;UNKNOWN
2016-02-15T00:13:52.000000;2016-02-15T00:13:52.000000;c5707ccd-2f75-46e6-a78f-cca129c7dce7;408.78;0.11768058;UNKNOWN
2016-02-15T00:13:52.000000;2016-02-15T00:13:52.000000;9432d6f0-ba80-4094-9c4c-c5947673026d;408.81;0.2;UNKNOWN
2016-02-15T00:13:52.000000;2016-02-15T00:13:52.000000;5122b763-52f9-432c-9b32-676976f2878a;408.8;3.0;UNKNOWN
2016-02-15T00:13:52.000000;2016-02-15T00:13:52.000000;a0acde29-2bd3-4bba-860c-4d65be381c7f;408.9;1.1836819;UNKNOWN
2016-02-15T00:13:52.000000;2016-02-15T00:13:52.000000;7055642f-afa5-4152-b454-05aa0d5ea9e4;408.74;1.0;UNKNOWN
2016-02-15T00:13:58.000000;2016-02-15T00:13:58.000000;fcb69264-660f-4f3c-b80d-d1e4abcfe1b4;408.9;10.0;UNKNOWN
2016-02-15T00:13:58.000000;2016-02-15T00:13:58.000000;a03803cd-57dd-4132-8b2c-eec64912a877;408.99;1.1836819;UNKNOWN
2016-02-15T00:13:58.000000;2016-02-15T00:13:58.000000;be38229a-f09a-4f2e-b36a-0bc1c65e413b;408.9;8.8163181;UNKNOWN
2016-02-15T00:13:59.000000;2016-02-15T00:13:59.000000;2d25c640-5d28-4ea6-a5c9-24bf4a609f46;409.0;3.4436819;UNKNOWN
2016-02-15T00:13:59.000000;2016-02-15T00:13:59.000000;bc4d8f86-d4c3-4eac-91ff-4e2dffe1cfed;409.0;0.2;UNKNOWN
2016-02-15T00:13:59.000000;2016-02-15T00:13:59.000000;74ff8fdb-66d2-4e1d-b28b-59106245a856;409.0;0.49;UNKNOWN
2016-02-15T00:13:59.000000;2016-02-15T00:13:59.000000;e398dd3b-9881-4e2c-a657-3922b69960a3;409.0;0.5;UNKNOWN
2016-02-15T00:13:59.000000;2016-02-15T00:13:59.000000;04591b81-0b6d-4e0c-8cd7-54ae3b830763;408.99;3.8163181;UNKNOWN
2016-02-15T00:13:59.000000;2016-02-15T00:13:59.000000;c126e8fa-313a-4561-abb8-e0319d906152;409.0;1.2;UNKNOWN
2016-02-15T00:13:59.000000;2016-02-15T00:13:59.000000;2f57c66f-b022-4804-b908-8df67ceba96a;409.0;0.25;UNKNOWN
2016-02-15T00:13:59.000000;2016-02-15T00:13:59.000000;af47e820-83d2-48cd-9e03-03060d57cdc0;409.0;0.1;UNKNOWN
2016-02-15T00:14:07.000000;2016-02-15T00:14:07.000000;577d1149-b28c-4645-8d56-a60341338b14;408.89;0.34;UNKNOWN
2016-02-15T00:14:07.000000;2016-02-15T00:14:07.000000;bf3a2886-1a28-4f1a-843d-76d522ad869d;408.99;6.0842;UNKNOWN
2016-02-15T00:14:07.000000;2016-02-15T00:14:07.000000;eb9cf351-b85a-49f0-9312-3679624f0e9d;409.03;140.0194819;UNKNOWN
2016-02-15T00:14:07.000000;2016-02-15T00:14:07.000000;d908f2dd-f4a5-4573-976e-f351813c766d;409.0;1.5563181;UNKNOWN
2016-02-15T00:14:07.000000;2016-02-15T00:14:07.000000;fcce3bbb-eb1c-4c63-899c-eb300337faba;409.0;2.0;UNKNOWN
2016-02-15T00:14:09.000000;2016-02-15T00:14:09.000000;208f7ae3-f829-4aac-ab24-0ba1efd31c81;409.03;9.9805181;UNKNOWN
2016-02-15T00:14:09.000000;2016-02-15T00:14:09.000000;70fe5ea5-dc4e-4694-a0f7-91539b6ecf78;409.1;0.1;UNKNOWN
2016-02-15T00:14:09.000000;2016-02-15T00:14:09.000000;874360c9-6272-4d5b-aff4-8d6ef5fe49cb;409.44;0.93251235;UNKNOWN
2016-02-15T00:14:09.000000;2016-02-15T00:14:09.000000;80bee1a2-ebfb-4b43-855e-4ff91e975b77;409.4;0.78;UNKNOWN
2016-02-15T00:14:09.000000;2016-02-15T00:14:09.000000;eba8e8dc-e957-4fe3-adcb-57ab49401fc5;409.5;3.51160586;UNKNOWN
2016-02-15T00:14:09.000000;2016-02-15T00:14:09.000000;c52355e7-7582-4ff5-b930-fdee666326dc;409.4;3.0;UNKNOWN
2016-02-15T00:14:09.000000;2016-02-15T00:14:09.000000;c5b85298-6f2e-4930-99da-7a9d21fe07eb;409.3;3.0;UNKNOWN
2016-02-15T00:14:09.000000;2016-02-15T00:14:09.000000;3cd69012-2c30-4f3d-8a78-79bf5bbd2173;409.1;0.1;UNKNOWN
2016-02-15T00:14:09.000000;2016-02-15T00:14:09.000000;19d0edae-8237-4989-bbd6-9b4478c5387b;409.44;0.25;UNKNOWN
2016-02-15T00:14:09.000000;2016-02-15T00:14:09.000000;3e3cdf98-4448-49b5-97a3-94c3df1a0553;409.28;1.00175556;UNKNOWN
2016-02-15T00:14:09.000000;2016-02-15T00:14:09.000000;1292052a-815a-4e4f-95e2-94d52428bba8;409.63;3.51386806;UNKNOWN
2016-02-15T00:14:09.000000;2016-02-15T00:14:09.000000;cf41849a-fe05-41b8-953a-af98e946a9c8;409.63;3.05759977;UNKNOWN
2016-02-15T00:14:09.000000;2016-02-15T00:14:09.000000;d83afbd7-22ac-4c9f-afe0-0769c9cb431c;409.44;0.01;UNKNOWN
2016-02-15T00:14:09.000000;2016-02-15T00:14:09.000000;0a7dd143-604e-46ef-9ed1-b629b07b0730;409.57;3.5121403;UNKNOWN
2016-02-15T00:14:09.000000;2016-02-15T00:14:09.000000;9b5d124c-27d5-4183-bca7-6051b8a1ed15;409.5;0.25;UNKNOWN
2016-02-15T00:14:12.000000;2016-02-15T00:14:12.000000;b0049478-cb8e-4ded-a38c-117bccc14bc7;409.39;3.13;UNKNOWN
2016-02-15T00:14:12.000000;2016-02-15T00:14:12.000000;5f37ad2d-0580-43f5-b73c-56fe8c684cab;409.65;1.6;UNKNOWN
2016-02-15T00:14:12.000000;2016-02-15T00:14:12.000000;269afe7e-9522-4744-b678-ecac27111fdb;409.39;0.2;UNKNOWN
2016-02-15T00:14:12.000000;2016-02-15T00:14:12.000000;af3a0b8f-b072-474f-adbb-d62974fe6272;409.65;0.22509559;UNKNOWN
2016-02-15T00:14:12.000000;2016-02-15T00:14:12.000000;30cf9715-9f68-41de-998f-a9b96b4c499b;409.65;0.75;UNKNOWN
2016-02-15T00:14:12.000000;2016-02-15T00:14:12.000000;1cfe33c2-668e-41a2-9e40-536b67b55350;409.64;6.06;UNKNOWN
2016-02-15T00:14:12.000000;2016-02-15T00:14:12.000000;701871c9-2484-4db6-8a75-08e51eabd047;409.65;2.53704471;UNKNOWN
2016-02-15T00:14:12.000000;2016-02-15T00:14:12.000000;88d625d9-f886-4efd-977e-85c35993eaa2;409.66;3.51246926;UNKNOWN
2016-02-15T00:14:12.000000;2016-02-15T00:14:12.000000;72db331c-b048-46f7-9ff8-f4f67772c537;409.62;1.6;UNKNOWN
2016-02-15T00:14:12.000000;2016-02-15T00:14:12.000000;e41ae622-79d5-4005-bfdf-cd231adb5cc6;409.72;0.46048603;UNKNOWN
2016-02-15T00:14:12.000000;2016-02-15T00:14:12.000000;0c98fda0-b6bc-429a-8686-beffd89d4dd6;409.66;4.53951397;UNKNOWN
2016-02-15T00:14:12.000000;2016-02-15T00:14:12.000000;430442eb-53bc-48b1-a59d-b7647612eb44;409.66;2.35048603;UNKNOWN
2016-02-15T00:14:19.000000;2016-02-15T00:14:19.000000;c17da5ae-e1fe-43b6-9bcd-3e81f4a7f1ff;409.54;5.0;UNKNOWN
2016-02-15T00:14:21.000000;2016-02-15T00:14:21.000000;ee39b551-8562-4251-9990-cfffbd429e91;409.4;0.75002489;UNKNOWN
2016-02-15T00:14:23.000000;2016-02-15T00:14:23.000000;c9f4c425-d16e-461a-9ade-97c7b52dc5df;409.44;0.01;UNKNOWN
2016-02-15T00:14:24.000000;2016-02-15T00:14:24.000000;392dee5c-10b8-41f0-b065-7461352d5f79;409.44;0.01;UNKNOWN
2016-02-15T00:14:25.000000;2016-02-15T00:14:25.000000;a6f25a69-87ee-43d4-9847-688f5364c236;409.46;0.01;UNKNOWN
2016-02-15T00:14:26.000000;2016-02-15T00:14:26.000000;03621877-8a36-4b7e-9f8b-355c61385458;409.49;0.01;UNKNOWN
2016-02-15T00:14:27.000000;2016-02-15T00:14:27.000000;b3fb5235-3f99-4a0a-b836-6cc248762fa8;409.41;0.3;UNKNOWN
2016-02-15T00:14:27.000000;2016-02-15T00:14:27.000000;f4658423-faa9-4af9-a88c-9098a8079c28;409.51;0.08;UNKNOWN
2016-02-15T00:14:40.000000;2016-02-15T00:14:40.000000;09786dbe-de0a-4508-816d-59633869032f;409.9;0.01;UNKNOWN
2016-02-15T00:14:40.000000;2016-02-15T00:14:40.000000;7d0b8a57-b6fe-4cd2-8afa-a7fe2d177d89;409.89;6.085;UNKNOWN
2016-02-15T00:14:40.000000;2016-02-15T00:14:40.000000;f1f5739e-9068-4b56-be15-e9db62ddf393;409.88;0.24460051;UNKNOWN
2016-02-15T00:14:40.000000;2016-02-15T00:14:40.000000;ce8c5eca-bd6c-4a88-a821-36c0ee80148f;409.54;0.3994;UNKNOWN
2016-02-15T00:14:40.000000;2016-02-15T00:14:40.000000;8f8250b3-bb91-44ff-b179-fba93ce391b1;409.94;7.25099949;UNKNOWN
2016-02-15T00:14:40.000000;2016-02-15T00:14:40.000000;3f6bee7e-afec-4f33-9d76-ce24533915be;409.86;35.0;UNKNOWN
2016-02-15T00:14:40.000000;2016-02-15T00:14:40.000000;6589813b-08aa-4e4a-986d-0761192c5b07;409.79;0.01;UNKNOWN
2016-02-15T00:14:40.000000;2016-02-15T00:14:40.000000;62f9aa66-8330-4f30-86a8-c576724abf67;409.9;1.0;UNKNOWN
2016-02-15T00:14:40.000000;2016-02-15T00:14:40.000000;e4da15f1-857f-4871-8daf-3faca34b92fe;409.9;10.0;UNKNOWN
2016-02-15T00:14:46.000000;2016-02-15T00:14:46.000000;351cd7d7-7b49-4acd-b538-f82d1aa9c035;409.94;1.0;UNKNOWN
2016-02-15T00:14:46.000000;2016-02-15T00:14:46.000000;23aae9ca-5f10-4e5b-9b96-965509aaf9b8;409.8;0.3994;UNKNOWN
2016-02-15T00:14:46.000000;2016-02-15T00:14:46.000000;7f06c712-2d3b-44e3-ad16-54b44735db6b;409.94;0.01;UNKNOWN
2016-02-15T00:14:47.000000;2016-02-15T00:14:47.000000;0fb1b694-0d47-4c2e-b822-cc5444742b47;409.8;0.01;UNKNOWN
2016-02-15T00:14:47.000000;2016-02-15T00:14:47.000000;e8e7f9a2-802f-4c2b-a248-23a2ddd0210b;409.94;1.0;UNKNOWN
2016-02-15T00:14:48.000000;2016-02-15T00:14:48.000000;58290bbd-6c07-4b17-b9e1-65074e819554;409.8;0.01;UNKNOWN
2016-02-15T00:14:48.000000;2016-02-15T00:14:48.000000;a8dbe8a0-fb73-41ee-8edd-3d4bc1a246be;409.94;0.78;UNKNOWN
2016-02-15T00:14:50.000000;2016-02-15T00:14:50.000000;c72a4cf6-4533-440c-a597-a30ecefed464;409.9;0.08;UNKNOWN
2016-02-15T00:14:52.000000;2016-02-15T00:14:52.000000;8b11bb28-c511-4b82-b0e3-0a35ad1ac072;409.83;0.78539823;UNKNOWN
2016-02-15T00:14:52.000000;2016-02-15T00:14:52.000000;b8c28f49-93e0-4fcc-9236-5d6f4e9c0556;409.83;0.5;UNKNOWN
2016-02-15T00:14:53.000000;2016-02-15T00:14:53.000000;ec62ab3b-3fb1-49f9-b5a4-249074a14e56;409.83;0.02;UNKNOWN
2016-02-15T00:14:56.000000;2016-02-15T00:14:56.000000;85c28c9e-22c0-4d11-8124-647b3d5682ac;409.94;7.4270604;UNKNOWN
2016-02-15T00:14:56.000000;2016-02-15T00:14:56.000000;063a2886-14ad-401a-b406-aae725f98ef8;409.93;0.028;UNKNOWN
2016-02-15T00:14:56.000000;2016-02-15T00:14:56.000000;9c064c1e-792c-438c-bb02-d0c7e53f1c9c;409.9;2.5449396;UNKNOWN
2016-02-15T00:15:02.000000;2016-02-15T00:15:02.000000;89afa912-a48f-4510-9f45-cb9e5776de5b;409.93;7.0;UNKNOWN
2016-02-15T00:15:03.000000;2016-02-15T00:15:03.000000;fa77eb0e-a704-47cb-afeb-090b726abf32;409.86;0.5;UNKNOWN
2016-02-15T00:15:03.000000;2016-02-15T00:15:03.000000;c6a635b0-c7f0-46a3-93b6-814f3e8f9737;409.85;0.78476695;UNKNOWN
2016-02-15T00:15:05.000000;2016-02-15T00:15:05.000000;a36b0aee-9213-46d2-8a82-e3ddefebb4e4;409.86;0.05;UNKNOWN
2016-02-15T00:15:15.000000;2016-02-15T00:15:15.000000;d92ed635-77db-4a57-bca3-2622aabbbc73;409.4;1.28418198;UNKNOWN
2016-02-15T00:15:21.000000;2016-02-15T00:15:21.000000;26199210-f49c-426a-960f-7c180153d859;409.44;0.020958;UNKNOWN
2016-02-15T00:15:23.000000;2016-02-15T00:15:23.000000;ba04c846-d429-450e-b234-e2de26da1239;409.44;0.96835363;UNKNOWN
2016-02-15T00:15:29.000000;2016-02-15T00:15:29.000000;ad6b6c34-07e9-42f8-8ce9-9bc5469b700d;409.4;0.25;UNKNOWN
2016-02-15T00:15:49.000000;2016-02-15T00:15:49.000000;225ca350-3a4f-4ff9-b0b6-22edcdb57960;409.33;0.8;UNKNOWN
2016-02-15T00:15:53.000000;2016-02-15T00:15:53.000000;9a769f7e-dc94-4a9a-bfe9-660b614ae460;409.32;0.1;UNKNOWN
2016-02-15T00:16:06.000000;2016-02-15T00:16:06.000000;b38e438e-2199-4500-b102-0b5b1d0eb237;408.8;4.0;UNKNOWN
2016-02-15T00:16:12.000000;2016-02-15T00:16:12.000000;55a34283-2f44-4fa5-bda4-bbb7ae66e078;409.12;0.4;UNKNOWN
2016-02-15T00:16:14.000000;2016-02-15T00:16:14.000000;dded9745-44f3-417c-a36f-c92d9b22c956;408.98;1.83383051;UNKNOWN
2016-02-15T00:16:41.000000;2016-02-15T00:16:41.000000;8d2d0981-f037-45fe-99f5-f25721d6ef67;408.99;0.1;UNKNOWN
2016-02-15T00:16:47.000000;2016-02-15T00:16:47.000000;f279b68f-0aa0-42e4-a272-51a78841a04d;408.97;0.47;UNKNOWN
2016-02-15T00:16:51.000000;2016-02-15T00:16:51.000000;d2b043cb-e1d3-4a25-90ac-ce2f7c904145;408.97;2.78916978;UNKNOWN
2016-02-15T00:16:58.000000;2016-02-15T00:16:58.000000;61db575a-fbce-4a07-a9db-5a50d041e8dd;409.01;5.0;UNKNOWN
2016-02-15T00:17:02.000000;2016-02-15T00:17:02.000000;bc7df101-df83-4917-ad86-e02fa1c60e06;409.7;3.9186;UNKNOWN
2016-02-15T00:17:02.000000;2016-02-15T00:17:02.000000;2f9bbffd-3e81-4685-a1b1-02397ec0c292;409.69;6.0814;UNKNOWN
2016-02-15T00:17:04.000000;2016-02-15T00:17:04.000000;2af6e672-aacc-4fe4-be5b-e2634d90bdea;409.03;0.16;UNKNOWN
2016-02-15T00:17:32.000000;2016-02-15T00:17:32.000000;9b11fcde-4b80-4106-a5fe-37eeb49a3203;409.82;1.9106;UNKNOWN
2016-02-15T00:17:32.000000;2016-02-15T00:17:32.000000;28a9ced1-f503-4e9f-815d-60002f6d07df;409.81;6.0894;UNKNOWN
2016-02-15T00:17:38.000000;2016-02-15T00:17:38.000000;d0df1a89-6939-4403-93d1-423520bee8d6;409.82;0.1;UNKNOWN
2016-02-15T00:17:41.000000;2016-02-15T00:17:41.000000;89eb7228-ee34-4037-b3aa-a8907b943259;409.82;1.0;UNKNOWN
2016-02-15T00:17:48.000000;2016-02-15T00:17:48.000000;38e8f878-54c0-42e2-896a-ca8d9f589f00;409.82;5.5;UNKNOWN
2016-02-15T00:17:54.000000;2016-02-15T00:17:54.000000;b22bb1e1-8f8d-4a39-b4c6-0b043e20a385;409.93;6.049;UNKNOWN
2016-02-15T00:17:54.000000;2016-02-15T00:17:54.000000;3e96da60-ef43-4292-b678-00cff995dd74;409.9;0.1;UNKNOWN
2016-02-15T00:17:54.000000;2016-02-15T00:17:54.000000;710ba76b-d7fd-41b1-881d-2c0c21680577;409.82;1.4894;UNKNOWN
2016-02-15T00:17:54.000000;2016-02-15T00:17:54.000000;d6683690-ea5c-400a-87d0-95397d1a210b;409.94;2.3616;UNKNOWN
2016-02-15T00:17:57.000000;2016-02-15T00:17:57.000000;34f01b44-c191-4d04-b090-21ab69363d2b;409.94;0.1;UNKNOWN
2016-02-15T00:18:06.000000;2016-02-15T00:18:06.000000;2697f504-8406-466d-a798-b9a991a045d4;409.94;0.05;UNKNOWN
2016-02-15T00:18:13.000000;2016-02-15T00:18:13.000000;0c04fe2f-67be-4c13-af39-d559a58db222;409.94;25.0;UNKNOWN
2016-02-15T00:18:14.000000;2016-02-15T00:18:14.000000;9d793545-8771-4dc7-9366-9b101e549086;409.9;3.49756336;UNKNOWN
2016-02-15T00:18:14.000000;2016-02-15T00:18:14.000000;b987b2e9-1bb0-4c56-a5fd-59996e6bfafe;409.71;0.82348633;UNKNOWN
2016-02-15T00:18:14.000000;2016-02-15T00:18:14.000000;e6fa6ba2-2d8f-49fa-9bd1-1d4ad6c1197a;409.83;3.49895031;UNKNOWN
2016-02-15T00:18:14.000000;2016-02-15T00:18:14.000000;dfcab435-62c0-48a0-8c81-b366eec2bdf4;409.91;12.18;UNKNOWN
2016-02-15T00:18:15.000000;2016-02-15T00:18:15.000000;824e87be-80a7-4301-bbcf-80fb7299d7de;409.94;5.0;UNKNOWN
2016-02-15T00:18:18.000000;2016-02-15T00:18:18.000000;46fd0a3c-e853-4c37-abe8-7d5d5c2f1dda;409.94;0.0198;UNKNOWN
2016-02-15T00:18:26.000000;2016-02-15T00:18:26.000000;18e1bbff-8cdc-4a84-b4ca-a7efa709b3be;409.94;2.95;UNKNOWN
2016-02-15T00:18:26.000000;2016-02-15T00:18:26.000000;898543f6-78f0-46d9-89a4-e2731620dbb2;409.93;0.05;UNKNOWN
2016-02-15T00:18:36.000000;2016-02-15T00:18:36.000000;a048f9f0-ebcc-4b9d-b013-219085e6b182;409.91;1.0;UNKNOWN
2016-02-15T00:18:41.000000;2016-02-15T00:18:41.000000;a91236ae-2648-4a65-8481-4bc459d6a967;409.85;0.448;UNKNOWN
2016-02-15T00:18:47.000000;2016-02-15T00:18:47.000000;e5f49aff-32f7-40bf-bafc-a3196eac306b;409.91;22.68;UNKNOWN
2016-02-15T00:18:47.000000;2016-02-15T00:18:47.000000;4fc135f2-2a4b-4f85-9a43-67f6e2ca604a;409.94;17.05054011;UNKNOWN
2016-02-15T00:18:47.000000;2016-02-15T00:18:47.000000;a0ed7d56-9924-4e14-be3b-6b904179cd0e;409.94;6.0506;UNKNOWN
2016-02-15T00:19:12.000000;2016-02-15T00:19:12.000000;f22f0069-81ac-44c0-a865-f84e78211f80;409.94;0.5;UNKNOWN
2016-02-15T00:19:13.000000;2016-02-15T00:19:13.000000;498fb543-4291-4678-9905-0252fd1169fa;409.95;0.5;UNKNOWN
2016-02-15T00:19:13.000000;2016-02-15T00:19:13.000000;75f18592-f088-4582-aef9-1899fda92c38;409.95;1.0;UNKNOWN
2016-02-15T00:19:23.000000;2016-02-15T00:19:23.000000;0ed6fe07-2875-4cee-b53c-41bb770c8afa;409.95;0.103;UNKNOWN
2016-02-15T00:19:23.000000;2016-02-15T00:19:23.000000;56d039bd-5a82-4b7e-96ad-08d472ec3c0c;409.95;8.5;UNKNOWN
2016-02-15T00:19:28.000000;2016-02-15T00:19:28.000000;527392e9-5f12-4efb-9598-bc6325c76f64;409.95;0.03;UNKNOWN
2016-02-15T00:19:36.000000;2016-02-15T00:19:36.000000;805bd048-507b-4fbc-b422-93722afb72b7;409.98;0.25;UNKNOWN
2016-02-15T00:19:36.000000;2016-02-15T00:19:36.000000;151ec6dd-b78f-42c9-a37d-f91a5abceeb9;410.0;1.87878;UNKNOWN
2016-02-15T00:19:36.000000;2016-02-15T00:19:36.000000;05456f1d-8366-4b91-a5cc-dda767e1928a;410.0;0.8111;UNKNOWN
2016-02-15T00:19:36.000000;2016-02-15T00:19:36.000000;c92e731a-4555-4ebc-ad0f-1d54331042f5;409.96;0.06012;UNKNOWN
2016-02-15T00:19:45.000000;2016-02-15T00:19:45.000000;e7b49569-5336-4227-8cff-e96b03dfa0cf;410.0;0.2;UNKNOWN
2016-02-15T00:19:45.000000;2016-02-15T00:19:45.000000;fe7a322f-ac00-45e9-934f-75b6d027f724;410.0;10.0;UNKNOWN
2016-02-15T00:19:45.000000;2016-02-15T00:19:45.000000;23c08785-34d7-4360-ae2b-de30d28a03a1;410.0;2.0;UNKNOWN
2016-02-15T00:19:45.000000;2016-02-15T00:19:45.000000;9a442d38-fa24-44eb-8600-cdd7192acd5c;410.0;0.07;UNKNOWN
2016-02-15T00:20:05.000000;2016-02-15T00:20:05.000000;b28ec191-77a3-4598-872c-eb182e84b028;409.99;3.78760906;UNKNOWN
2016-02-15T00:20:08.000000;2016-02-15T00:20:08.000000;d0e63c04-aa14-4fce-9046-7428975c1a1e;410.0;10.0;UNKNOWN
2016-02-15T00:20:12.000000;2016-02-15T00:20:12.000000;d1687c66-af2c-442d-9b49-75ff704023ff;410.0;0.1186;UNKNOWN
2016-02-15T00:20:12.000000;2016-02-15T00:20:12.000000;bb8eba2c-a8dd-4696-8310-15cf99a2f719;409.99;1.0;UNKNOWN
2016-02-15T00:20:18.000000;2016-02-15T00:20:18.000000;cbe561ed-34d6-47d6-a5ee-f7a959856a16;409.99;2.4;UNKNOWN
2016-02-15T00:20:20.000000;2016-02-15T00:20:20.000000;7c05bf47-aafc-4546-b44b-f5adc3de4068;410.0;15.7;UNKNOWN
2016-02-15T00:20:21.000000;2016-02-15T00:20:21.000000;1f900668-a634-4473-b0e1-e440ac9ad3e3;410.0;1.0;UNKNOWN
2016-02-15T00:20:27.000000;2016-02-15T00:20:27.000000;76a5560e-bb0b-4ca3-ad6e-57a92c047030;409.99;0.04;UNKNOWN
2016-02-15T00:20:29.000000;2016-02-15T00:20:29.000000;6987cf95-ad2a-4cd0-9f3f-bf128a030e4a;410.0;5.0;UNKNOWN
2016-02-15T00:20:30.000000;2016-02-15T00:20:30.000000;b2904a68-9ec6-4cf6-aab3-f3ed9d8e3793;410.0;5.96738;UNKNOWN
2016-02-15T00:20:30.000000;2016-02-15T00:20:30.000000;009271a1-9a43-4867-8502-b9f930ff880c;410.0;4.03262;UNKNOWN
2016-02-15T00:20:32.000000;2016-02-15T00:20:32.000000;22853d19-8357-4ae0-a7ad-fe7cb23e75ee;410.0;1.1393;UNKNOWN
2016-02-15T00:20:33.000000;2016-02-15T00:20:33.000000;c93a0ff8-dcc7-4cd3-89fc-956be2d8ffff;410.0;7.00668;UNKNOWN
2016-02-15T00:20:33.000000;2016-02-15T00:20:33.000000;d8c6e495-ae2c-48a5-a3c1-73fc61f15b84;410.0;0.1;UNKNOWN
2016-02-15T00:20:33.000000;2016-02-15T00:20:33.000000;9428af7c-5c8f-4fd2-b942-e37e522e1efc;410.0;2.89332;UNKNOWN
2016-02-15T00:20:40.000000;2016-02-15T00:20:40.000000;78135d64-ca1f-469b-bbcb-871d6e1b0d52;410.0;17.99332;UNKNOWN
2016-02-15T00:20:40.000000;2016-02-15T00:20:40.000000;3f8e9f8c-71cd-4fbf-8a7f-214ffa3e34b5;410.0;2.0;UNKNOWN
2016-02-15T00:20:40.000000;2016-02-15T00:20:40.000000;460341bc-c986-4f4d-be29-778f3e58877a;410.0;0.5;UNKNOWN
2016-02-15T00:20:40.000000;2016-02-15T00:20:40.000000;69e04953-bc1f-4eba-b59f-bee17d676f74;410.0;1.015;UNKNOWN
2016-02-15T00:20:40.000000;2016-02-15T00:20:40.000000;6a927d43-5624-4105-81e8-bbd890bebdcf;410.0;1.0;UNKNOWN
2016-02-15T00:20:40.000000;2016-02-15T00:20:40.000000;d7ef2234-f4a2-43d6-8341-5d557cb47d58;410.0;10.0;UNKNOWN
2016-02-15T00:20:40.000000;2016-02-15T00:20:40.000000;d314ad88-003b-460b-a423-6c02671732a0;410.0;0.1;UNKNOWN
2016-02-15T00:20:40.000000;2016-02-15T00:20:40.000000;acf8ad38-2dde-42e0-aba0-1755452a189d;410.0;0.5;UNKNOWN
2016-02-15T00:20:40.000000;2016-02-15T00:20:40.000000;8acd52bb-35a5-4cfb-bdf7-a2111f14b9b5;410.0;0.5;UNKNOWN
2016-02-15T00:20:40.000000;2016-02-15T00:20:40.000000;01e41c14-0339-44f3-a146-ef41eac14d26;410.0;15.05290774;UNKNOWN
2016-02-15T00:20:40.000000;2016-02-15T00:20:40.000000;c3d8f8b5-944e-4f13-b860-b7d05fe2c288;410.0;0.5;UNKNOWN
2016-02-15T00:20:40.000000;2016-02-15T00:20:40.000000;9ef8c0a7-92af-49f1-9fb8-4d72589e2c79;410.0;0.01;UNKNOWN
2016-02-15T00:20:40.000000;2016-02-15T00:20:40.000000;bc2f0cb0-c941-4e07-b633-83b66527625a;410.0;0.1;UNKNOWN
2016-02-15T00:20:40.000000;2016-02-15T00:20:40.000000;d8ad6562-8094-4843-8a50-1a9dc6a8209e;410.0;0.4993002;UNKNOWN
2016-02-15T00:20:40.000000;2016-02-15T00:20:40.000000;c4df0a20-b07b-427a-bc86-d9f121339891;410.0;0.0111776;UNKNOWN
2016-02-15T00:20:40.000000;2016-02-15T00:20:40.000000;29f22b05-bb4c-486b-a9fe-774f78b030cc;410.0;0.1;UNKNOWN
2016-02-15T00:20:40.000000;2016-02-15T00:20:40.000000;92318094-de4c-40ce-9846-65d9dd010f0e;410.0;0.01;UNKNOWN
2016-02-15T00:20:40.000000;2016-02-15T00:20:40.000000;9b0fa82a-3c26-4090-ac72-b080e17caa24;410.0;0.10829446;UNKNOWN
2016-02-15T00:20:46.000000;2016-02-15T00:20:46.000000;e9ed0960-78ca-459f-ac68-0c2b259a3a14;410.0;2.0;UNKNOWN
2016-02-15T00:20:46.000000;2016-02-15T00:20:46.000000;3f671099-7cce-49b3-9720-0aba3c13c83c;410.0;3.55527856;UNKNOWN
2016-02-15T00:20:46.000000;2016-02-15T00:20:46.000000;ecf8ee4d-75f1-418b-8bcb-23f5f4cc44f2;410.0;0.9245735;UNKNOWN
2016-02-15T00:20:46.000000;2016-02-15T00:20:46.000000;f789e8b5-dc5f-425b-b60b-7bf874776bbe;410.0;0.25;UNKNOWN
2016-02-15T00:20:46.000000;2016-02-15T00:20:46.000000;29fa2266-bbf1-47a5-9dbc-80873bb414ca;410.0;5.0;UNKNOWN
2016-02-15T00:20:46.000000;2016-02-15T00:20:46.000000;ca7cb85f-d1a7-4c7a-97d0-f95a90fa51f4;410.0;4.89170554;UNKNOWN
2016-02-15T00:20:46.000000;2016-02-15T00:20:46.000000;1a754f67-1211-443e-b5bf-a94720a90790;410.0;0.1784424;UNKNOWN
2016-02-15T00:20:46.000000;2016-02-15T00:20:46.000000;1fd128ff-7127-4a25-92b9-94b8d6c26348;410.0;5.0;UNKNOWN
2016-02-15T00:20:46.000000;2016-02-15T00:20:46.000000;638bc387-dc9b-4749-860d-3714539cf7a0;410.0;0.1;UNKNOWN
2016-02-15T00:20:46.000000;2016-02-15T00:20:46.000000;f3b97d10-69d3-4209-8bdc-7c2272510c0e;410.0;0.1;UNKNOWN
2016-02-15T00:20:46.000000;2016-02-15T00:20:46.000000;544dba26-8332-45ef-8a5a-0832ca17c77a;410.0;3.0;UNKNOWN
2016-02-15T00:20:58.000000;2016-02-15T00:20:58.000000;f75cfb3f-41e6-4e21-bfdd-9542ca8a7315;410.0;0.44;UNKNOWN
2016-02-15T00:21:01.000000;2016-02-15T00:21:01.000000;e935f2c9-a20a-4a29-acf1-49689299ea05;410.0;0.44;UNKNOWN
2016-02-15T00:21:05.000000;2016-02-15T00:21:05.000000;87f72405-8f7c-4381-802c-2aca82671ebc;409.99;1.46600519;UNKNOWN
2016-02-15T00:21:05.000000;2016-02-15T00:21:05.000000;5126a0dd-4b22-4656-a1e5-3a861e5e92f5;410.0;1.0;UNKNOWN
2016-02-15T00:21:09.000000;2016-02-15T00:21:09.000000;6256780d-7445-49c0-9370-2be457115187;410.0;1.0;UNKNOWN
2016-02-15T00:21:10.000000;2016-02-15T00:21:10.000000;ce1eafc4-aa36-4ed3-aa3b-b07cee0d5503;410.0;1.0;UNKNOWN
2016-02-15T00:21:11.000000;2016-02-15T00:21:11.000000;682fce7c-f92d-4da0-aec4-066a675f8c1a;410.0;1.0;UNKNOWN
2016-02-15T00:21:11.000000;2016-02-15T00:21:11.000000;230b8442-29a2-4760-87f3-c98b37a7a42a;410.0;1.0;UNKNOWN
2016-02-15T00:21:14.000000;2016-02-15T00:21:14.000000;dbb9bbb4-ec51-4b1b-a80d-9ae0f2de1465;410.0;1.0;UNKNOWN
2016-02-15T00:21:23.000000;2016-02-15T00:21:23.000000;87c23e57-7361-4be5-96e5-df07c8784d86;410.0;0.44;UNKNOWN
2016-02-15T00:21:25.000000;2016-02-15T00:21:25.000000;429b650f-561f-4338-960e-8a06b964b518;410.0;1.0;UNKNOWN
2016-02-15T00:21:27.000000;2016-02-15T00:21:27.000000;070e7cc9-8647-4e7e-8609-c214d4e3c45f;410.0;0.44;UNKNOWN
2016-02-15T00:21:31.000000;2016-02-15T00:21:31.000000;72779749-bcf1-4e6c-90d5-cf764a152788;410.0;4.868;UNKNOWN
2016-02-15T00:21:35.000000;2016-02-15T00:21:35.000000;42cdeca1-26f5-4e39-9a72-241304d07c96;411.0;0.11979706;UNKNOWN
2016-02-15T00:21:35.000000;2016-02-15T00:21:35.000000;8725cb0e-966f-4d5f-a6b3-069d877d635f;410.75;0.2983;UNKNOWN
2016-02-15T00:21:35.000000;2016-02-15T00:21:35.000000;001694a8-43f9-469b-bb82-56c2fd96aa58;411.0;0.08;UNKNOWN
2016-02-15T00:21:35.000000;2016-02-15T00:21:35.000000;725460eb-0a28-45db-8bc3-e54042824f55;411.0;0.25;UNKNOWN
2016-02-15T00:21:35.000000;2016-02-15T00:21:35.000000;a3a1246b-005b-49e9-93af-89626f8fd116;410.4;0.45;UNKNOWN
2016-02-15T00:21:35.000000;2016-02-15T00:21:35.000000;d0a7a6dc-61a1-4085-b4fc-1277aa7176b2;411.13;6.0568;UNKNOWN
2016-02-15T00:21:35.000000;2016-02-15T00:21:35.000000;1f1b3f27-e4ae-4bbc-8850-b77d97b6f42d;411.13;14.6198;UNKNOWN
2016-02-15T00:21:35.000000;2016-02-15T00:21:35.000000;62abe940-c328-47d0-9449-8769bf60ec92;411.19;2.86530294;UNKNOWN
2016-02-15T00:21:35.000000;2016-02-15T00:21:35.000000;601f4e67-8190-43f2-a63a-8dab054b20d3;410.5;0.25;UNKNOWN
2016-02-15T00:21:35.000000;2016-02-15T00:21:35.000000;27f1ed31-6a27-49b1-82b6-b863ee237cf3;410.0;2.81672144;UNKNOWN
2016-02-15T00:21:35.000000;2016-02-15T00:21:35.000000;75bc5ee6-0995-474d-bec1-ece2143e8f83;410.83;0.01;UNKNOWN
2016-02-15T00:21:44.000000;2016-02-15T00:21:44.000000;7e4f2e6f-9015-4880-9647-54bc5bce8a83;410.85;0.01;UNKNOWN
2016-02-15T00:21:44.000000;2016-02-15T00:21:44.000000;5fd61fd3-9af4-4b68-bf32-cf5003fc237b;411.22;0.04;UNKNOWN
2016-02-15T00:21:45.000000;2016-02-15T00:21:45.000000;a4206082-cda3-4b87-bdc3-02a551a426cc;411.22;0.05;UNKNOWN
2016-02-15T00:21:47.000000;2016-02-15T00:21:47.000000;b572c4fa-3ef5-41d4-85e7-09e0a04046c3;411.22;0.03464287;UNKNOWN
2016-02-15T00:21:47.000000;2016-02-15T00:21:47.000000;d1a0063b-5ef2-46ce-b06b-8c0b6c3b2e8e;411.24;0.01535713;UNKNOWN
2016-02-15T00:21:48.000000;2016-02-15T00:21:48.000000;f864b8c5-17eb-4f26-a325-96a0333a815c;410.73;0.6;UNKNOWN
2016-02-15T00:21:48.000000;2016-02-15T00:21:48.000000;d9bb7d17-74f7-440d-8e3c-a3cb5d6db04e;410.74;0.01996;UNKNOWN
2016-02-15T00:21:49.000000;2016-02-15T00:21:49.000000;2d280a7e-e734-4554-a876-cb3dc87b7c74;411.24;0.05;UNKNOWN
2016-02-15T00:21:50.000000;2016-02-15T00:21:50.000000;c496a195-1543-46fa-83be-b5670ab01610;411.4;1.0;UNKNOWN
2016-02-15T00:21:50.000000;2016-02-15T00:21:50.000000;ab8e1087-0ceb-4c2a-b140-1c7286888ac6;411.57;0.25;UNKNOWN
2016-02-15T00:21:50.000000;2016-02-15T00:21:50.000000;0879b3f6-2ce1-4bd2-a18d-866f400bceff;411.5;0.25;UNKNOWN
2016-02-15T00:21:50.000000;2016-02-15T00:21:50.000000;a2467543-7b66-4b5d-acc6-c7fe04cd26f8;411.5;0.77;UNKNOWN
2016-02-15T00:21:50.000000;2016-02-15T00:21:50.000000;abce2e36-2088-4d32-a442-1d333d1e86a0;411.24;0.2;UNKNOWN
2016-02-15T00:21:50.000000;2016-02-15T00:21:50.000000;d4b42bfc-b0b1-4c91-bf68-d167c1b8cbbe;411.7;14.49535713;UNKNOWN
2016-02-15T00:21:50.000000;2016-02-15T00:21:50.000000;7ba531f2-9d6e-4db2-a695-e0aebda9b943;411.24;0.73464287;UNKNOWN
2016-02-15T00:21:51.000000;2016-02-15T00:21:51.000000;ff76ff11-64b1-4bdd-bce2-92ff27a295c8;411.7;10.0;UNKNOWN
2016-02-15T00:21:51.000000;2016-02-15T00:21:51.000000;f5571134-f9fe-447d-bbe3-30d3be81689e;411.7;1.5;UNKNOWN
2016-02-15T00:21:58.000000;2016-02-15T00:21:58.000000;23e6a826-1769-4522-859e-7bf38c9d45be;411.43;0.05;UNKNOWN
2016-02-15T00:21:59.000000;2016-02-15T00:21:59.000000;5e63bbe3-2463-4faa-b2c1-ac8c232edb02;410.98;0.01;UNKNOWN
2016-02-15T00:22:01.000000;2016-02-15T00:22:01.000000;5d4b732e-580c-415f-85e5-bbc49b77b7eb;411.42;1.0;UNKNOWN
2016-02-15T00:22:02.000000;2016-02-15T00:22:02.000000;61079e08-5734-49a1-97de-4d9bcd235edc;410.99;0.1;UNKNOWN
2016-02-15T00:22:02.000000;2016-02-15T00:22:02.000000;c6ad1c77-7737-4b08-914a-066df12a4c54;411.7;30.0;UNKNOWN
2016-02-15T00:22:02.000000;2016-02-15T00:22:02.000000;e2028a86-e461-4968-958f-ea53453bdcbc;411.7;3.9284;UNKNOWN
2016-02-15T00:22:02.000000;2016-02-15T00:22:02.000000;6435813c-a707-4692-9fcb-aa867cd24251;411.86;7.51227136;UNKNOWN
2016-02-15T00:22:02.000000;2016-02-15T00:22:02.000000;96adf727-b8ac-46e5-b33c-877936e0aeaf;411.7;10.07624287;UNKNOWN
2016-02-15T00:22:02.000000;2016-02-15T00:22:02.000000;67db9815-da1c-4553-abb2-f6236c78ec61;411.42;5.0716;UNKNOWN
2016-02-15T00:22:02.000000;2016-02-15T00:22:02.000000;256f56cc-06ad-48b7-9a61-2d84ae0b7791;411.66;1.0;UNKNOWN
2016-02-15T00:22:02.000000;2016-02-15T00:22:02.000000;2364efbd-9125-4382-bc50-4929e0a6536d;411.7;30.0;UNKNOWN
2016-02-15T00:22:05.000000;2016-02-15T00:22:05.000000;29b3ba81-3c51-4dfa-ba5f-f43e8e86ed89;411.85;1.3;UNKNOWN
2016-02-15T00:22:05.000000;2016-02-15T00:22:05.000000;1ccd341d-1123-43df-85b5-3006d59d61b2;411.74;0.2;UNKNOWN
2016-02-15T00:22:06.000000;2016-02-15T00:22:06.000000;dad803a2-b037-4d08-826c-df3e873c98da;411.86;1.0;UNKNOWN
2016-02-15T00:22:07.000000;2016-02-15T00:22:07.000000;146a343a-3b63-48ea-8ae3-e69d9ccdb1d7;411.87;2.66;UNKNOWN
2016-02-15T00:22:07.000000;2016-02-15T00:22:07.000000;f3a7e388-541e-44e7-a98a-81b4cfd8e310;411.86;1.0;UNKNOWN
2016-02-15T00:22:07.000000;2016-02-15T00:22:07.000000;96532865-2d87-48fa-916e-77bbb03b0c9c;411.86;1.0;UNKNOWN
2016-02-15T00:22:07.000000;2016-02-15T00:22:07.000000;7146730e-308d-4235-a75c-adacdb79a332;411.89;0.8;UNKNOWN
2016-02-15T00:22:07.000000;2016-02-15T00:22:07.000000;47034c9b-6fe4-467b-8831-f40f1fbef541;411.95;0.01;UNKNOWN
2016-02-15T00:22:07.000000;2016-02-15T00:22:07.000000;537e351b-30ce-4f10-afcf-41b9e8a7be7b;412.0;0.01;UNKNOWN
2016-02-15T00:22:07.000000;2016-02-15T00:22:07.000000;3a162ea9-fb91-40e7-86b1-503ebec6d727;411.9;1.0;UNKNOWN
2016-02-15T00:22:07.000000;2016-02-15T00:22:07.000000;543601d0-0a5f-40da-9049-94e8cd750dfd;412.0;0.0492507;UNKNOWN
2016-02-15T00:22:07.000000;2016-02-15T00:22:07.000000;cc9829ab-1f3e-4ca5-96a8-df352645f1aa;412.0;3.4707493;UNKNOWN
2016-02-15T00:22:08.000000;2016-02-15T00:22:08.000000;def62612-aa0b-4297-ba05-75ba8af630b0;411.12;0.01;UNKNOWN
2016-02-15T00:22:08.000000;2016-02-15T00:22:08.000000;403aeb46-39c0-4448-b5fe-357006d4372d;411.13;0.01;UNKNOWN
2016-02-15T00:22:09.000000;2016-02-15T00:22:09.000000;4bfcf526-556e-4f4c-b391-9ad15e05a24c;411.43;0.05;UNKNOWN
2016-02-15T00:22:09.000000;2016-02-15T00:22:09.000000;b6d7026a-450b-4280-92fe-f5cceb3328d8;411.43;0.05;UNKNOWN
2016-02-15T00:22:09.000000;2016-02-15T00:22:09.000000;64e748c4-a93f-42e6-b150-8825b71955f9;411.13;0.01;UNKNOWN
2016-02-15T00:22:10.000000;2016-02-15T00:22:10.000000;e2f80af3-5738-4a03-a2a2-9af348446eac;411.42;0.01;UNKNOWN
2016-02-15T00:22:10.000000;2016-02-15T00:22:10.000000;bdb930a3-db76-455c-b1ee-b15fcbd056f8;411.43;1.0;UNKNOWN
2016-02-15T00:22:10.000000;2016-02-15T00:22:10.000000;8fdff85d-2668-46c1-a3a4-2a9f1813e23b;411.43;7.99;UNKNOWN
2016-02-15T00:22:13.000000;2016-02-15T00:22:13.000000;aca4c606-bafc-48e1-b2a0-8d89b15e01b7;411.46;0.15;UNKNOWN
2016-02-15T00:22:13.000000;2016-02-15T00:22:13.000000;954721cf-adf6-48d4-bc66-afd8743ef63c;411.86;1.0;UNKNOWN
2016-02-15T00:22:13.000000;2016-02-15T00:22:13.000000;cb1ad6a7-14de-4eb2-a237-35544fdb9c6d;411.43;10.0;UNKNOWN
2016-02-15T00:22:13.000000;2016-02-15T00:22:13.000000;1dfa2650-9b0c-45d2-aa45-6e9e505aed44;411.91;3.22108415;UNKNOWN
2016-02-15T00:22:14.000000;2016-02-15T00:22:14.000000;3d7acb5a-016a-4c26-8788-5f65eeef0057;411.15;0.01;UNKNOWN
2016-02-15T00:22:15.000000;2016-02-15T00:22:15.000000;d82dc50f-a012-4f80-bb2f-338b3f139b90;412.08;14.4566;UNKNOWN
2016-02-15T00:22:15.000000;2016-02-15T00:22:15.000000;e646b623-6328-435b-8503-c1f1ca93cee6;412.39;0.25;UNKNOWN
2016-02-15T00:22:15.000000;2016-02-15T00:22:15.000000;2211474a-fbf1-4bf4-b1bc-fa72e1ae3a9c;412.25;15.9018;UNKNOWN
2016-02-15T00:22:15.000000;2016-02-15T00:22:15.000000;ddf11f0f-1a29-4cbd-a63d-ce7c8dc26812;412.12;0.01;UNKNOWN
2016-02-15T00:22:15.000000;2016-02-15T00:22:15.000000;1a011e8f-f7a1-41de-ac36-4da6ef65169b;412.0;0.25;UNKNOWN
2016-02-15T00:22:15.000000;2016-02-15T00:22:15.000000;0146e8a1-c643-450d-8453-d360a2240d47;412.0;1.1292507;UNKNOWN
2016-02-15T00:22:15.000000;2016-02-15T00:22:15.000000;4a605de8-6938-45e1-b1cf-e16103badbf0;412.48;3.0;UNKNOWN
2016-02-15T00:22:15.000000;2016-02-15T00:22:15.000000;7d32574a-34ec-4e45-8ab1-cc64a6ae289b;412.0;17.0;UNKNOWN
2016-02-15T00:22:15.000000;2016-02-15T00:22:15.000000;fff77c57-b8ed-4163-951e-61b745841fbd;412.5;7.4080493;UNKNOWN
2016-02-15T00:22:15.000000;2016-02-15T00:22:15.000000;c48146c2-4f26-4b7e-bc8e-71a3482410f7;412.0;2.0;UNKNOWN
2016-02-15T00:22:15.000000;2016-02-15T00:22:15.000000;23428b83-6a54-4436-a31f-691940e8ddad;412.45;16.0043;UNKNOWN
2016-02-15T00:22:15.000000;2016-02-15T00:22:15.000000;bb5912f4-094c-48a1-ad7c-f46492e5ec6b;411.99;12.9;UNKNOWN
2016-02-15T00:22:15.000000;2016-02-15T00:22:15.000000;93a8479f-bc52-49ec-b294-d19e5506badc;412.0;25.0;UNKNOWN
2016-02-15T00:22:15.000000;2016-02-15T00:22:15.000000;3ffda45a-e422-4ea9-b7bb-6ea7c24d3657;411.98;6.33;UNKNOWN
2016-02-15T00:22:15.000000;2016-02-15T00:22:15.000000;3fb01e83-4b84-408b-a90f-bc6d9bacb43a;412.0;0.33;UNKNOWN
2016-02-15T00:22:15.000000;2016-02-15T00:22:15.000000;381842d0-5654-47c8-a0e0-8cfc43086d24;412.0;3.03;UNKNOWN
2016-02-15T00:22:17.000000;2016-02-15T00:22:17.000000;c672b43b-99c8-44ad-9181-90066d82176a;411.28;0.019;UNKNOWN
2016-02-15T00:22:18.000000;2016-02-15T00:22:18.000000;48f49ec9-de6d-4642-96a2-69af3a58d44b;411.69;0.05;UNKNOWN
2016-02-15T00:22:20.000000;2016-02-15T00:22:20.000000;a23acb14-aa95-4418-8681-9f3fb6f6e4d5;411.29;1.49;UNKNOWN
2016-02-15T00:22:21.000000;2016-02-15T00:22:21.000000;469c09c2-61b1-4776-91f9-e6e9a756d09a;411.3;0.019;UNKNOWN
2016-02-15T00:22:25.000000;2016-02-15T00:22:25.000000;6c4b753b-00fe-4c64-9626-36e95012fda4;412.21;0.01088779;UNKNOWN
2016-02-15T00:22:25.000000;2016-02-15T00:22:25.000000;6cddebda-10d8-4735-9782-f6a80d5d2eb2;412.21;0.18911221;UNKNOWN
2016-02-15T00:22:25.000000;2016-02-15T00:22:25.000000;3e8d4819-871d-47f0-8d05-efa8b5ea9db7;412.21;5.87498779;UNKNOWN
2016-02-15T00:22:25.000000;2016-02-15T00:22:25.000000;c201bdf9-21ab-4e7a-b034-1ef4e46812dc;411.89;0.53900519;UNKNOWN
2016-02-15T00:22:25.000000;2016-02-15T00:22:25.000000;239d6f88-972d-4138-b9fd-4ce5141e1157;412.22;4.12501221;UNKNOWN
2016-02-15T00:22:26.000000;2016-02-15T00:22:26.000000;500d11ff-0d9b-49a0-a39d-bbfaae18991b;412.22;0.5;UNKNOWN
2016-02-15T00:22:26.000000;2016-02-15T00:22:26.000000;dbf8143a-6414-41ca-aaad-c1f485e70475;411.98;0.76080173;UNKNOWN
2016-02-15T00:22:27.000000;2016-02-15T00:22:27.000000;49479989-7366-4509-a887-e3ca4f3d6f70;412.26;0.097282;UNKNOWN
2016-02-15T00:22:27.000000;2016-02-15T00:22:27.000000;4228f35f-1a75-4bb5-a5f8-25255ddfcbac;412.27;0.05;UNKNOWN
2016-02-15T00:22:27.000000;2016-02-15T00:22:27.000000;01ba088d-53fa-44cf-92df-503352c90275;412.27;9.902718;UNKNOWN
2016-02-15T00:22:28.000000;2016-02-15T00:22:28.000000;fcd0718d-1040-4432-a7ec-c971809769fb;411.99;0.09657665;UNKNOWN
2016-02-15T00:22:28.000000;2016-02-15T00:22:28.000000;02fdec8e-c582-4459-83ce-aaadfd1cbb72;411.99;0.09657665;UNKNOWN
2016-02-15T00:22:30.000000;2016-02-15T00:22:30.000000;95ea5b77-e9c5-42d8-9b75-3f924f13731c;411.99;0.09657665;UNKNOWN
2016-02-15T00:22:30.000000;2016-02-15T00:22:30.000000;6d7eaa98-5590-44f5-87b9-b445b01f8958;411.99;0.09657665;UNKNOWN
2016-02-15T00:22:31.000000;2016-02-15T00:22:31.000000;c7b92074-c066-43ba-b533-f1096a30e8d4;411.99;0.01022487;UNKNOWN
2016-02-15T00:22:31.000000;2016-02-15T00:22:31.000000;33ac5608-7c1f-45c0-9091-35ec6219be88;411.99;1.0;UNKNOWN
2016-02-15T00:22:32.000000;2016-02-15T00:22:32.000000;5194899c-6360-47df-b350-3170622b41ac;411.99;0.09657665;UNKNOWN
2016-02-15T00:22:32.000000;2016-02-15T00:22:32.000000;cd0a6241-201b-43b6-b5e9-cb5c51e5002f;411.99;0.02;UNKNOWN
2016-02-15T00:22:32.000000;2016-02-15T00:22:32.000000;a708c0af-8a38-4afe-974a-0d10393bcf90;411.99;0.01;UNKNOWN
2016-02-15T00:22:33.000000;2016-02-15T00:22:33.000000;62e6da6d-9bd5-464c-aea9-5a0c0d7b7502;412.26;0.09657665;UNKNOWN
2016-02-15T00:22:33.000000;2016-02-15T00:22:33.000000;2c239a49-154c-4c68-a51e-5efa9105c46a;412.26;0.09657665;UNKNOWN
2016-02-15T00:22:33.000000;2016-02-15T00:22:33.000000;382a2e4b-6d0a-481d-8bf3-9e8c5294ea7d;412.47;0.09725241;UNKNOWN
2016-02-15T00:22:33.000000;2016-02-15T00:22:33.000000;414f4859-6042-4186-8c0a-7dceccdc3baa;411.99;0.01;UNKNOWN
2016-02-15T00:22:33.000000;2016-02-15T00:22:33.000000;fc64fb96-7e8e-4168-893a-b7307cee9020;412.47;1.70959429;UNKNOWN
2016-02-15T00:22:33.000000;2016-02-15T00:22:33.000000;53587989-3dee-4856-a541-bdaeffddc9bc;411.99;0.09657665;UNKNOWN
2016-02-15T00:22:35.000000;2016-02-15T00:22:35.000000;3288a658-2ed2-4913-af2a-8e0323b0ef6d;412.47;11.05610571;UNKNOWN
2016-02-15T00:22:35.000000;2016-02-15T00:22:35.000000;31f394cb-a32a-4b35-a664-0f930ad9d15c;412.48;15.2318;UNKNOWN
2016-02-15T00:22:35.000000;2016-02-15T00:22:35.000000;ae520888-a63b-4abb-9dbf-452608769053;412.49;3.71209429;UNKNOWN
2016-02-15T00:22:37.000000;2016-02-15T00:22:37.000000;aafccc00-89b2-450d-80ba-83ad59eb54d1;412.49;0.3169;UNKNOWN
2016-02-15T00:22:37.000000;2016-02-15T00:22:37.000000;524502cd-e366-4e84-a950-98d21ac71de8;412.49;0.05;UNKNOWN
2016-02-15T00:22:38.000000;2016-02-15T00:22:38.000000;ef23b361-8261-491d-bda1-4e45637c1bab;411.99;0.01996;UNKNOWN
2016-02-15T00:22:41.000000;2016-02-15T00:22:41.000000;ef4e920f-4027-454f-a58f-c15fa89dcf4c;411.98;0.1;UNKNOWN
2016-02-15T00:22:45.000000;2016-02-15T00:22:45.000000;6617e827-12f7-4ff3-ae8e-172f61563dc7;412.0;0.05;UNKNOWN
2016-02-15T00:22:46.000000;2016-02-15T00:22:46.000000;ead8d809-f696-4743-820b-dd058b593afb;411.98;0.01996;UNKNOWN
2016-02-15T00:22:47.000000;2016-02-15T00:22:47.000000;769e6d82-e7cf-44d1-9c71-d5cf55f271c1;411.98;0.74533302;UNKNOWN
2016-02-15T00:22:47.000000;2016-02-15T00:22:47.000000;2852569b-0651-4d42-8cf5-6a0f6cadf9ec;412.0;0.05;UNKNOWN
2016-02-15T00:22:48.000000;2016-02-15T00:22:48.000000;361f482b-e639-4982-8e3a-b16dfd7bac43;412.0;0.9;UNKNOWN
2016-02-15T00:22:48.000000;2016-02-15T00:22:48.000000;38863d6f-f3c7-4702-9015-01c9298b81a2;412.0;9.1;UNKNOWN
2016-02-15T00:22:50.000000;2016-02-15T00:22:50.000000;7ea2afc5-c196-4a33-a17c-82f90f8b4348;412.0;0.05;UNKNOWN
2016-02-15T00:22:50.000000;2016-02-15T00:22:50.000000;76a0f4e3-046f-433b-ac9b-28b5f83a864e;411.98;0.108;UNKNOWN
2016-02-15T00:22:51.000000;2016-02-15T00:22:51.000000;2b9b80fe-cc57-4ab5-a913-45328caf2627;412.0;1.0;UNKNOWN
2016-02-15T00:22:55.000000;2016-02-15T00:22:55.000000;f96c715d-8aaa-473b-91cf-b51e35c13314;411.99;8.0;UNKNOWN
2016-02-15T00:22:59.000000;2016-02-15T00:22:59.000000;afb24e1d-efb8-44e6-9d05-323df6717231;411.99;0.1;UNKNOWN
2016-02-15T00:23:00.000000;2016-02-15T00:23:00.000000;ddd09466-0887-4ba4-8dc4-e495b4d0ec68;411.98;0.162;UNKNOWN
2016-02-15T00:23:00.000000;2016-02-15T00:23:00.000000;1b10207f-bfdd-4d40-9cc8-8699da567ec8;411.99;0.2;UNKNOWN
2016-02-15T00:23:01.000000;2016-02-15T00:23:01.000000;3a73b1cf-45ab-4146-b696-4392541520fe;411.99;0.1;UNKNOWN
2016-02-15T00:23:01.000000;2016-02-15T00:23:01.000000;75800e1a-7c9f-4422-a364-d0998697e4ab;411.99;0.1;UNKNOWN
2016-02-15T00:23:02.000000;2016-02-15T00:23:02.000000;4c1bef57-78f7-4157-82bb-39be26f3f076;411.99;0.1;UNKNOWN
2016-02-15T00:23:03.000000;2016-02-15T00:23:03.000000;8030a96f-4b79-4ec8-a23c-376d41d93dc9;411.99;0.1;UNKNOWN
2016-02-15T00:23:03.000000;2016-02-15T00:23:03.000000;67161053-37bc-42a0-bf20-e6c0758bd87c;411.99;0.1;UNKNOWN
2016-02-15T00:23:04.000000;2016-02-15T00:23:04.000000;db623b21-b265-4781-aeb5-f6d8444d7849;411.99;1.8;UNKNOWN
2016-02-15T00:23:04.000000;2016-02-15T00:23:04.000000;c80db5ca-6e05-4baa-b646-8000643fb89b;411.99;0.09;UNKNOWN
2016-02-15T00:23:05.000000;2016-02-15T00:23:05.000000;5f7f9862-ca48-4e50-9747-4170fc0ad3cd;411.98;0.02;UNKNOWN
2016-02-15T00:23:05.000000;2016-02-15T00:23:05.000000;7a381731-6050-44c3-9b43-8b696e179fcf;411.98;0.05;UNKNOWN
2016-02-15T00:23:05.000000;2016-02-15T00:23:05.000000;fc8aafad-9e88-4557-8aad-c227f7013902;411.98;0.47012;UNKNOWN
2016-02-15T00:23:06.000000;2016-02-15T00:23:06.000000;8bdee4fb-6531-4292-8d0b-4d7b82e9de01;412.0;0.06587059;UNKNOWN
2016-02-15T00:23:06.000000;2016-02-15T00:23:06.000000;fb785dcb-03a7-4a33-a5e0-6efc8dec58b6;412.0;0.1;UNKNOWN
2016-02-15T00:23:09.000000;2016-02-15T00:23:09.000000;a0f0fcbc-4373-4e12-a773-5fd1d4fbfa79;412.46;5.11861347;UNKNOWN
2016-02-15T00:23:09.000000;2016-02-15T00:23:09.000000;eb99c36d-8a14-4156-930d-40a8dfacd195;411.99;1.0;UNKNOWN
2016-02-15T00:23:09.000000;2016-02-15T00:23:09.000000;ddf65efb-6914-4c8a-af40-231bdc9646f3;412.45;0.09725712;UNKNOWN
2016-02-15T00:23:09.000000;2016-02-15T00:23:09.000000;83accb99-4243-465f-a8a4-993866541c41;412.0;3.78412941;UNKNOWN
2016-02-15T00:23:09.000000;2016-02-15T00:23:09.000000;d5bbe9f0-1779-49d9-a36d-018a5df055ba;411.87;2.74989166;UNKNOWN
2016-02-15T00:23:09.000000;2016-02-15T00:23:09.000000;c5507821-415a-4e37-a5e0-f9a9bfc4f356;411.98;1.53128006;UNKNOWN
2016-02-15T00:23:19.000000;2016-02-15T00:23:19.000000;1c640950-8558-46ba-99f2-2c01ca28f65e;411.8;0.01996;UNKNOWN
2016-02-15T00:23:25.000000;2016-02-15T00:23:25.000000;e95928a5-00ed-4570-aa3e-57e5b182f6a7;411.78;3.0;UNKNOWN
2016-02-15T00:23:28.000000;2016-02-15T00:23:28.000000;d29c243e-b975-4671-9a2f-f12293a7160d;411.62;0.01996;UNKNOWN
2016-02-15T00:23:28.000000;2016-02-15T00:23:28.000000;198c1cb0-117a-4e08-b706-e11f2971e297;412.0;0.726;UNKNOWN
2016-02-15T00:23:28.000000;2016-02-15T00:23:28.000000;ccc498cc-7341-4d65-9948-8b029306e051;411.9;0.08;UNKNOWN
2016-02-15T00:23:28.000000;2016-02-15T00:23:28.000000;d43d412b-e627-4efc-85e4-b153b5ca85c7;411.99;3.0;UNKNOWN
2016-02-15T00:23:28.000000;2016-02-15T00:23:28.000000;fd864def-d96f-49b7-a61d-d1559a50cece;411.8;0.178;UNKNOWN
2016-02-15T00:23:28.000000;2016-02-15T00:23:28.000000;c0a6768e-77ad-4475-aed3-99a12c08db6e;411.76;3.0;UNKNOWN
2016-02-15T00:23:28.000000;2016-02-15T00:23:28.000000;c5a5bc9c-9923-40e1-8c3e-e4fad6a36cd1;412.0;3.0;UNKNOWN
2016-02-15T00:23:28.000000;2016-02-15T00:23:28.000000;3945135e-ccec-4e1d-910c-0eefea8fce9f;411.98;0.016;UNKNOWN
2016-02-15T00:23:29.000000;2016-02-15T00:23:29.000000;7666ecaa-31b2-48e5-b1de-ea513d07f003;411.8;0.186;UNKNOWN
2016-02-15T00:23:29.000000;2016-02-15T00:23:29.000000;3412e450-90e4-4ad0-99bb-a517728dea80;412.0;2.274;UNKNOWN
2016-02-15T00:23:29.000000;2016-02-15T00:23:29.000000;c996327b-3f0f-4a6a-acba-8ed56376d918;412.07;2.54;UNKNOWN
2016-02-15T00:23:32.000000;2016-02-15T00:23:32.000000;5b98437c-5261-4620-bbdd-625c3d569ae3;411.77;0.02;UNKNOWN
2016-02-15T00:23:32.000000;2016-02-15T00:23:32.000000;5d04356e-d71e-4512-a41c-9cc8fc8c04da;412.28;0.3;UNKNOWN
2016-02-15T00:23:42.000000;2016-02-15T00:23:42.000000;7dd46913-d185-4f15-8ff6-18f81a43a58e;411.49;0.033911;UNKNOWN
2016-02-15T00:23:53.000000;2016-02-15T00:23:53.000000;112f64de-1a93-42b2-8bf6-54ce4f289ca1;411.65;0.65;UNKNOWN
2016-02-15T00:23:53.000000;2016-02-15T00:23:53.000000;fe00b962-c8a4-413b-9e52-456b794c7b28;411.62;0.15;UNKNOWN
2016-02-15T00:23:53.000000;2016-02-15T00:23:53.000000;8534b8d4-417c-43c6-be48-357d2b7e4363;411.64;3.0;UNKNOWN
2016-02-15T00:23:53.000000;2016-02-15T00:23:53.000000;91920732-54b8-4978-b098-6d6e8fa8c019;411.65;3.0;UNKNOWN
2016-02-15T00:23:53.000000;2016-02-15T00:23:53.000000;0b86b201-5a5c-4f98-b126-118cfe3f3ce8;411.62;2.85;UNKNOWN
2016-02-15T00:23:53.000000;2016-02-15T00:23:53.000000;4f39de3b-9adc-41b6-91d6-7d738ef4fc1a;411.63;0.5;UNKNOWN
2016-02-15T00:23:54.000000;2016-02-15T00:23:54.000000;4c3b5b3b-0239-4f3c-adca-e39f3cf31501;411.65;5.35;UNKNOWN
2016-02-15T00:23:59.000000;2016-02-15T00:23:59.000000;ff43cb9f-ca67-465e-a7d3-a9b4d4e2b743;411.8;3.0;UNKNOWN
2016-02-15T00:24:00.000000;2016-02-15T00:24:00.000000;9d2b2e5b-8b32-4699-94c3-930743bcbe85;411.8;1.65;UNKNOWN
2016-02-15T00:24:01.000000;2016-02-15T00:24:01.000000;15b39f8b-2036-42e4-a040-a87cec56e809;411.81;1.56088463;UNKNOWN
2016-02-15T00:24:01.000000;2016-02-15T00:24:01.000000;d39eda84-2744-4de4-b2cd-a1696a39856c;411.8;3.0;UNKNOWN
2016-02-15T00:24:01.000000;2016-02-15T00:24:01.000000;a0e1e78f-663a-43c8-baa6-f8fcf6180def;411.8;1.51091537;UNKNOWN
2016-02-15T00:24:02.000000;2016-02-15T00:24:02.000000;dd2c9a88-39e8-46d0-9494-8e6239994e65;411.8;0.086;UNKNOWN
2016-02-15T00:24:02.000000;2016-02-15T00:24:02.000000;15e30131-a312-40a8-9a8c-82b8d6f1d183;411.99;3.82488463;UNKNOWN
2016-02-15T00:24:02.000000;2016-02-15T00:24:02.000000;4ffed92f-93e2-4a01-963d-c1762846b8d9;411.8;3.0;UNKNOWN
2016-02-15T00:24:02.000000;2016-02-15T00:24:02.000000;25ea1a73-efc6-4e90-a05a-50f2ef30a8ef;411.8;3.08911537;UNKNOWN
2016-02-15T00:24:08.000000;2016-02-15T00:24:08.000000;72a4670a-9d2c-40f5-8ec3-4ed783873286;411.29;1.5;UNKNOWN
2016-02-15T00:24:08.000000;2016-02-15T00:24:08.000000;39dab00b-6743-4bc6-b84d-cda0c7da209f;411.3;3.0;UNKNOWN
2016-02-15T00:24:08.000000;2016-02-15T00:24:08.000000;05e5f393-a802-4147-a1c7-ee64bdfb896d;411.3;0.5;UNKNOWN
2016-02-15T00:24:14.000000;2016-02-15T00:24:14.000000;7f4355a5-b3d6-4bc9-b6a8-6fcf1c1a8ab5;411.96;1.0;UNKNOWN
2016-02-15T00:24:25.000000;2016-02-15T00:24:25.000000;b9b9c8dc-bd82-4e60-85b8-17f2b57e90f3;411.99;0.5;UNKNOWN
2016-02-15T00:24:41.000000;2016-02-15T00:24:41.000000;11fb8a7f-ac5e-4392-accd-a8a22537c265;411.38;1.996;UNKNOWN
2016-02-15T00:25:05.000000;2016-02-15T00:25:05.000000;582145bc-8534-4f9c-9cb8-ca13978a0c24;411.38;0.05;UNKNOWN
2016-02-15T00:25:07.000000;2016-02-15T00:25:07.000000;6cef003b-a1b6-47ce-bfb8-0baec9b945ef;411.38;5.0;UNKNOWN
2016-02-15T00:25:23.000000;2016-02-15T00:25:23.000000;d2cf39d1-42dd-4cb2-a1d8-fe207f4e4447;411.5;0.99;UNKNOWN
2016-02-15T00:25:28.000000;2016-02-15T00:25:28.000000;a374456d-a6e5-4097-b0de-0d68448a0ad2;411.39;0.01;UNKNOWN
2016-02-15T00:25:37.000000;2016-02-15T00:25:37.000000;a8367b8d-2d47-4fe2-8b1d-01f384f9e8e9;411.45;20.0;UNKNOWN
2016-02-15T00:26:05.000000;2016-02-15T00:26:05.000000;87d6e263-ce39-4d73-8a04-a1cc33fdb413;411.37;0.09945421;UNKNOWN
2016-02-15T00:26:14.000000;2016-02-15T00:26:14.000000;7c258030-7088-4bd8-b805-c58922a88b2b;411.49;3.0;UNKNOWN
2016-02-15T00:26:29.000000;2016-02-15T00:26:29.000000;beb98116-91f2-4b9d-86f4-23100312307c;411.4;3.0;UNKNOWN
2016-02-15T00:26:29.000000;2016-02-15T00:26:29.000000;9be3c2b3-6e00-4246-afa2-296fa35b6267;411.35;1.00622508;UNKNOWN
2016-02-15T00:26:53.000000;2016-02-15T00:26:53.000000;be6ee5c5-4446-43d4-b64d-89350d94a8aa;411.4;1.0;UNKNOWN
2016-02-15T00:26:53.000000;2016-02-15T00:26:53.000000;0997533e-c480-4f2b-bf93-053d5492a6fb;411.35;1.5;UNKNOWN
2016-02-15T00:27:22.000000;2016-02-15T00:27:22.000000;39ceed97-80af-4e65-819e-38e05d9e7edf;411.51;6.0;UNKNOWN
2016-02-15T00:27:22.000000;2016-02-15T00:27:22.000000;bfb86cf4-0b82-439c-b962-99da2827f847;411.51;3.0;UNKNOWN
2016-02-15T00:27:22.000000;2016-02-15T00:27:22.000000;dc225933-1251-4b40-aa96-19e6fb335088;411.5;0.9744906;UNKNOWN
2016-02-15T00:27:22.000000;2016-02-15T00:27:22.000000;8b7683c7-8c51-45da-99d5-6cddde3120e5;411.51;0.5;UNKNOWN
2016-02-15T00:27:41.000000;2016-02-15T00:27:41.000000;fd778a79-b4c9-46d6-862d-afcf7a6871a0;411.51;1.0;UNKNOWN
2016-02-15T00:28:05.000000;2016-02-15T00:28:05.000000;067dec36-ad03-4e5c-931b-c989568d60f0;411.5;0.5;UNKNOWN
2016-02-15T00:28:05.000000;2016-02-15T00:28:05.000000;47420b9e-815a-47f9-8276-3ac4c07a0d1a;411.51;0.5;UNKNOWN
2016-02-15T00:28:16.000000;2016-02-15T00:28:16.000000;6971d188-fe91-4fc7-9c55-1c6cb73a7b9e;411.5;1.0;UNKNOWN
2016-02-15T00:28:17.000000;2016-02-15T00:28:17.000000;f44cd9f2-0310-4195-92f1-af00e5749411;411.5;2.96386;UNKNOWN
2016-02-15T00:28:18.000000;2016-02-15T00:28:18.000000;b32760df-da1c-435e-bf2d-506b3f1518e6;411.47;1.1383506;UNKNOWN
2016-02-15T00:28:18.000000;2016-02-15T00:28:18.000000;7eaa1feb-1b1a-49de-80e5-1b49e0bdc8ab;411.5;3.0616494;UNKNOWN
2016-02-15T00:28:18.000000;2016-02-15T00:28:18.000000;b5a3e015-2b29-4a23-82f7-39d5d6132a4c;411.5;0.8;UNKNOWN
2016-02-15T00:28:46.000000;2016-02-15T00:28:46.000000;e6f618b0-5823-4f75-abd3-eac5e3e2c110;411.47;0.09;UNKNOWN
2016-02-15T00:28:52.000000;2016-02-15T00:28:52.000000;cfc6ee23-5062-40ab-aa8e-ff87cf7102e0;411.61;0.5;UNKNOWN
2016-02-15T00:28:52.000000;2016-02-15T00:28:52.000000;609951c5-2a85-4dbf-9dbf-ea28f40a46c2;411.62;0.5;UNKNOWN
2016-02-15T00:29:16.000000;2016-02-15T00:29:16.000000;ee404e1c-b311-4881-9899-707392b2f49d;411.53;0.82280312;UNKNOWN
2016-02-15T00:29:25.000000;2016-02-15T00:29:25.000000;1acdba4e-11f9-4a6d-bb8a-a67544d86aab;411.55;0.82279827;UNKNOWN
2016-02-15T00:29:38.000000;2016-02-15T00:29:38.000000;52d3ea5b-1a11-435f-a4f0-00b161891797;411.55;0.82281048;UNKNOWN
2016-02-15T00:29:46.000000;2016-02-15T00:29:46.000000;bab62ed2-e6d2-4090-934d-69ec10eec5cd;411.55;0.82280235;UNKNOWN
2016-02-15T00:29:50.000000;2016-02-15T00:29:50.000000;290ecf39-111c-457c-b725-4a4936494a0a;411.59;0.1;UNKNOWN
2016-02-15T00:29:54.000000;2016-02-15T00:29:54.000000;b9375c05-0a8a-4e98-ad4e-a29a6f12ffe1;411.93;0.062662;UNKNOWN
2016-02-15T00:29:54.000000;2016-02-15T00:29:54.000000;728027f5-9875-4fac-8d0e-c0450940d51e;412.0;2.0;UNKNOWN
2016-02-15T00:29:54.000000;2016-02-15T00:29:54.000000;83d46e74-1318-40b4-8044-6a47f4250256;411.99;6.0546;UNKNOWN
2016-02-15T00:29:54.000000;2016-02-15T00:29:54.000000;556e1d86-a965-4302-ba01-9fc262d5b64c;412.26;1.882738;UNKNOWN
2016-02-15T00:29:59.000000;2016-02-15T00:29:59.000000;f03995a9-e421-4009-a206-30f95be58805;411.68;0.82279827;UNKNOWN
2016-02-15T00:30:13.000000;2016-02-15T00:30:13.000000;9a1e5c73-7601-4d07-bf89-55410deb02d8;411.83;0.82265514;UNKNOWN
2016-02-15T00:30:22.000000;2016-02-15T00:30:22.000000;eb89859c-853e-477f-b090-864b37d0aeed;412.5;6.9393;UNKNOWN
2016-02-15T00:30:22.000000;2016-02-15T00:30:22.000000;f2928320-99f1-44e1-9643-feb91ca60ce0;412.49;6.0607;UNKNOWN
2016-02-15T00:30:26.000000;2016-02-15T00:30:26.000000;1be7b7a5-b987-4a87-b565-17fda9466052;411.91;0.09;UNKNOWN
2016-02-15T00:30:26.000000;2016-02-15T00:30:26.000000;ae53a4dd-2d48-4edf-a143-9b0517761387;411.9;0.73174449;UNKNOWN
2016-02-15T00:30:30.000000;2016-02-15T00:30:30.000000;216d3650-f365-4cf6-ac34-bc69402438ed;412.5;4.0;UNKNOWN
2016-02-15T00:30:35.000000;2016-02-15T00:30:35.000000;68cbeb98-3008-4ea8-952f-b82ff7074079;412.5;10.0;UNKNOWN
2016-02-15T00:30:42.000000;2016-02-15T00:30:42.000000;3a2100db-0cac-4337-8ea0-4c96f64a8919;411.95;0.32099094;UNKNOWN
2016-02-15T00:30:42.000000;2016-02-15T00:30:42.000000;7fe33664-dbd5-4642-9f4c-59e3c561c6d7;411.98;0.5;UNKNOWN
2016-02-15T00:30:52.000000;2016-02-15T00:30:52.000000;a258539f-21b1-4459-aced-12eec94183c6;411.99;0.82098952;UNKNOWN
2016-02-15T00:30:55.000000;2016-02-15T00:30:55.000000;d4cc6e4f-b404-48af-a5a3-0096d185c12f;412.0;0.01;UNKNOWN
2016-02-15T00:30:59.000000;2016-02-15T00:30:59.000000;2f1556a9-9f1d-47ec-b2df-49feed2e6f36;412.0;0.82094539;UNKNOWN
2016-02-15T00:31:01.000000;2016-02-15T00:31:01.000000;d11763a2-c744-459d-87aa-4a0d18ca7cc0;412.02;0.05;UNKNOWN
2016-02-15T00:31:08.000000;2016-02-15T00:31:08.000000;0c215490-69c1-4fcf-a3d5-1adcf24178f7;412.07;0.72961812;UNKNOWN
2016-02-15T00:31:24.000000;2016-02-15T00:31:24.000000;f68e5885-da33-4387-8826-d59a1619164a;412.07;0.1;UNKNOWN
2016-02-15T00:31:44.000000;2016-02-15T00:31:44.000000;c1ea6926-61d9-482b-9d2c-252d266fc1b1;412.0;1.47405461;UNKNOWN
2016-02-15T00:31:44.000000;2016-02-15T00:31:44.000000;9e2f8dce-5a9c-43a6-9157-c1e838cae110;412.07;0.5;UNKNOWN
2016-02-15T00:31:44.000000;2016-02-15T00:31:44.000000;52b079c5-deb6-4bde-9443-72ec1ed98c5d;412.07;0.3;UNKNOWN
2016-02-15T00:31:45.000000;2016-02-15T00:31:45.000000;30d111fd-b506-4898-bb5b-4e9d45ebe640;411.9;0.01;UNKNOWN
2016-02-15T00:31:45.000000;2016-02-15T00:31:45.000000;18cd49ab-8faa-443e-9eb2-c3fd0c1dea30;411.9;0.01;UNKNOWN
2016-02-15T00:31:52.000000;2016-02-15T00:31:52.000000;e49e81b0-df29-4799-9896-0d254aa7a7db;411.51;15.3207;UNKNOWN
2016-02-15T00:31:52.000000;2016-02-15T00:31:52.000000;ef814980-f5bc-4309-9b67-4d66c96f430f;411.47;9.6793;UNKNOWN
2016-02-15T00:32:05.000000;2016-02-15T00:32:05.000000;3e18f44f-82df-4d5a-9607-91c06f70d3b6;411.5;5.0;UNKNOWN
2016-02-15T00:32:06.000000;2016-02-15T00:32:06.000000;f04a60bc-e5bf-4d3e-aef2-d3af66d5f797;411.27;17.8138;UNKNOWN
2016-02-15T00:32:06.000000;2016-02-15T00:32:06.000000;35932f9c-b501-48a9-9d21-7126f490c192;411.89;2.0037;UNKNOWN
2016-02-15T00:32:06.000000;2016-02-15T00:32:06.000000;dbad777f-7480-4b28-85fa-29be72dfe28f;411.5;10.0;UNKNOWN
2016-02-15T00:32:06.000000;2016-02-15T00:32:06.000000;0849f260-9221-43b8-ba67-f9a0def0de35;411.09;11.7772;UNKNOWN
2016-02-15T00:32:06.000000;2016-02-15T00:32:06.000000;2f118230-38c8-45eb-81a4-52d21f248104;411.3;25.0;UNKNOWN
2016-02-15T00:32:06.000000;2016-02-15T00:32:06.000000;64646b19-8ce2-4299-a8c4-7d362a27871f;411.46;10.409;UNKNOWN
2016-02-15T00:32:09.000000;2016-02-15T00:32:09.000000;f9f3cd23-537c-4c4a-8646-e4e3ebb6a9e1;410.9;0.035928;UNKNOWN
2016-02-15T00:32:10.000000;2016-02-15T00:32:10.000000;038c3f8e-4926-497e-9356-3993bcb4fe32;410.8;3.44589205;UNKNOWN
2016-02-15T00:32:10.000000;2016-02-15T00:32:10.000000;6e5d7a37-b47a-4bcf-94e9-fbba108a5ff7;410.9;3.45410795;UNKNOWN
2016-02-15T00:32:13.000000;2016-02-15T00:32:13.000000;4990b604-a796-43df-b875-a3aaafed53b1;411.45;5.0;UNKNOWN
2016-02-15T00:32:18.000000;2016-02-15T00:32:18.000000;da8fb708-46d9-415c-87fb-7300ebc007b6;410.37;5.5;UNKNOWN
2016-02-15T00:32:18.000000;2016-02-15T00:32:18.000000;23d68658-8b7f-4194-ac8e-abfadeb92b29;410.24;3.49300235;UNKNOWN
2016-02-15T00:32:18.000000;2016-02-15T00:32:18.000000;3773a0ae-830d-43e0-953c-a02097a6ea20;410.36;14.6091;UNKNOWN
2016-02-15T00:32:18.000000;2016-02-15T00:32:18.000000;f9f4b0b9-fa50-4e39-83ab-4f6ff859e582;410.32;3.49300235;UNKNOWN
2016-02-15T00:32:18.000000;2016-02-15T00:32:18.000000;3b9cd9f8-54cc-49f3-89a7-6e5e7af54899;410.51;3.48626412;UNKNOWN
2016-02-15T00:32:18.000000;2016-02-15T00:32:18.000000;9291f59c-53e4-475c-b771-e2f88c305df8;410.61;3.49003595;UNKNOWN
2016-02-15T00:32:18.000000;2016-02-15T00:32:18.000000;609599f7-0723-4d67-bd9b-bbf979342964;410.48;3.48995475;UNKNOWN
2016-02-15T00:32:18.000000;2016-02-15T00:32:18.000000;532f0f07-78c6-48ed-b0f7-c0e38be86c3c;410.55;16.558;UNKNOWN
2016-02-15T00:32:18.000000;2016-02-15T00:32:18.000000;24438a98-65e6-48e6-852e-ca9b9a35cd2b;410.36;3.49036079;UNKNOWN
2016-02-15T00:32:18.000000;2016-02-15T00:32:18.000000;df95514a-fe58-47d7-bc48-a9f3b1318029;410.24;0.2;UNKNOWN
2016-02-15T00:32:18.000000;2016-02-15T00:32:18.000000;22bd887d-e0b1-40c9-b3f4-2d8210b0f4c8;410.19;1.4199189;UNKNOWN
2016-02-15T00:32:18.000000;2016-02-15T00:32:18.000000;faffdd2c-4e3b-4dab-8941-9696815e849b;410.32;3.49036079;UNKNOWN
2016-02-15T00:32:18.000000;2016-02-15T00:32:18.000000;4741cec8-fb1d-4a04-ac9f-5672091c4406;410.38;7.28;UNKNOWN
2016-02-15T00:32:30.000000;2016-02-15T00:32:30.000000;0c1495da-3960-4428-ab20-648afa1ddf0b;409.99;6.96292144;UNKNOWN
2016-02-15T00:32:30.000000;2016-02-15T00:32:30.000000;c627becf-5664-401a-93f4-6297985460b0;410.0;0.5;UNKNOWN
2016-02-15T00:32:30.000000;2016-02-15T00:32:30.000000;dacaac7e-d5b1-45b7-b735-fcba1830bd4f;410.03;0.261;UNKNOWN
2016-02-15T00:32:30.000000;2016-02-15T00:32:30.000000;f62ffe4c-b29c-4a9e-9c0c-c68f7e58a466;410.03;0.0928;UNKNOWN
2016-02-15T00:32:30.000000;2016-02-15T00:32:30.000000;33317315-ccbb-4d49-8501-5f6964e1d2a6;410.0;2.18327856;UNKNOWN
2016-02-15T00:32:31.000000;2016-02-15T00:32:31.000000;7a41b617-5bd6-43f7-836e-1beada23afc0;409.99;3.49415843;UNKNOWN
2016-02-15T00:32:32.000000;2016-02-15T00:32:32.000000;dbc511a5-fe86-4aa7-b0b0-aea632f90dc6;409.99;4.54292013;UNKNOWN
2016-02-15T00:32:32.000000;2016-02-15T00:32:32.000000;68fb727d-ddf8-4bfa-ae94-2970ac41b36c;409.85;15.304;UNKNOWN
2016-02-15T00:32:32.000000;2016-02-15T00:32:32.000000;7ed8a520-dfa5-4e64-bb8c-70df5c310eff;409.53;16.9752;UNKNOWN
2016-02-15T00:32:32.000000;2016-02-15T00:32:32.000000;87a12714-1d9f-4048-938c-ca0cc4002d2f;409.51;0.35;UNKNOWN
2016-02-15T00:32:32.000000;2016-02-15T00:32:32.000000;67ba6251-a32e-440c-9c80-a0c9c1f8025a;409.63;16.1009;UNKNOWN
2016-02-15T00:32:32.000000;2016-02-15T00:32:32.000000;52fc9322-865b-4424-aa2f-5cabd731d741;409.52;18.0;UNKNOWN
2016-02-15T00:32:32.000000;2016-02-15T00:32:32.000000;9655f77f-7627-4f0e-b8f9-059bf5155959;409.52;3.49589233;UNKNOWN
2016-02-15T00:32:32.000000;2016-02-15T00:32:32.000000;bca006c3-c307-4b57-9a05-707b3bf4f74b;409.51;0.58108754;UNKNOWN
2016-02-15T00:32:32.000000;2016-02-15T00:32:32.000000;2aaec485-e324-4865-8b45-d5381666fe61;409.51;1.0;UNKNOWN
2016-02-15T00:32:34.000000;2016-02-15T00:32:34.000000;e80528ad-e82e-4e5e-9f6e-3f70bcf4a128;410.0;0.243;UNKNOWN
2016-02-15T00:32:34.000000;2016-02-15T00:32:34.000000;ef326f85-ae88-4bd6-80c6-a4b5903e22de;410.0;0.243;UNKNOWN
2016-02-15T00:32:35.000000;2016-02-15T00:32:35.000000;905d29a6-baa0-4b6d-a7fb-3201a8be62bd;409.98;0.243;UNKNOWN
2016-02-15T00:32:35.000000;2016-02-15T00:32:35.000000;758e1762-d647-41af-8c9f-6dfa256c8bb4;409.99;0.243;UNKNOWN
2016-02-15T00:32:35.000000;2016-02-15T00:32:35.000000;ed20ef91-8f68-48dc-a92a-74558967a1bd;409.99;0.242;UNKNOWN
2016-02-15T00:32:36.000000;2016-02-15T00:32:36.000000;fd984e36-dffe-4f02-9cd4-be1077cea134;409.98;0.243;UNKNOWN
2016-02-15T00:32:36.000000;2016-02-15T00:32:36.000000;63fa6bd4-374f-4951-ac9c-241894236a44;409.98;0.243;UNKNOWN
2016-02-15T00:32:39.000000;2016-02-15T00:32:39.000000;d8d7d35d-3a9e-4f4a-9404-17e431299517;409.51;0.35;UNKNOWN
2016-02-15T00:32:48.000000;2016-02-15T00:32:48.000000;5c8cf909-7177-49fb-b58d-8b577258a0c4;409.51;0.796803;UNKNOWN
2016-02-15T00:32:49.000000;2016-02-15T00:32:49.000000;10fc2f31-9cdd-4884-ab0f-f499d0d2474f;409.51;8.0;UNKNOWN
2016-02-15T00:32:53.000000;2016-02-15T00:32:53.000000;059f4bb5-4829-4579-8ae4-5238bb2729e3;409.51;5.0;UNKNOWN
2016-02-15T00:32:54.000000;2016-02-15T00:32:54.000000;ddfc4f59-5a9f-42b3-b930-7621c87b23aa;409.51;8.53946046;UNKNOWN
2016-02-15T00:32:54.000000;2016-02-15T00:32:54.000000;714ec1aa-651a-439f-b486-0541f16e6f41;409.6;0.45;UNKNOWN
2016-02-15T00:32:57.000000;2016-02-15T00:32:57.000000;d8a13cf0-3713-4a35-a874-98b840367f8f;409.32;4.1;UNKNOWN
2016-02-15T00:32:57.000000;2016-02-15T00:32:57.000000;4a83e455-7768-4ff0-907e-165e58b40250;409.5;0.45;UNKNOWN
2016-02-15T00:32:57.000000;2016-02-15T00:32:57.000000;37202b8f-5c87-4b35-b56d-d118e5ae0b43;409.51;0.382649;UNKNOWN
2016-02-15T00:32:57.000000;2016-02-15T00:32:57.000000;d82885f2-e0d8-4ff5-ab54-e4a0ed3f48a4;409.51;0.067351;UNKNOWN
2016-02-15T00:33:00.000000;2016-02-15T00:33:00.000000;0c3a333d-9e7c-4e90-b156-3f2e2538b7c7;409.4;0.45;UNKNOWN
2016-02-15T00:33:00.000000;2016-02-15T00:33:00.000000;cd4bc8c7-5435-45a3-a9af-fa17abb4ac72;409.32;21.26;UNKNOWN
2016-02-15T00:33:00.000000;2016-02-15T00:33:00.000000;958fa72d-8b70-421d-85b6-7de8f3eec814;409.16;0.1282;UNKNOWN
2016-02-15T00:33:00.000000;2016-02-15T00:33:00.000000;5bd26d24-e78c-4ba5-85f4-7d6a83895468;409.11;1.6678;UNKNOWN
2016-02-15T00:33:00.000000;2016-02-15T00:33:00.000000;20a6f888-0cc3-4193-ae14-167ed41cadcf;409.64;11.494;UNKNOWN
2016-02-15T00:33:01.000000;2016-02-15T00:33:01.000000;36cc2a64-76fb-42d9-9be9-116fe60c909f;409.0;5.0;UNKNOWN
2016-02-15T00:33:04.000000;2016-02-15T00:33:04.000000;bee6d9fe-0da0-4631-afea-355c5d15a2e8;409.0;1.0;UNKNOWN
2016-02-15T00:33:04.000000;2016-02-15T00:33:04.000000;823a2ef8-95b5-4b23-9901-10676d1830f3;408.82;3.55;UNKNOWN
2016-02-15T00:33:04.000000;2016-02-15T00:33:04.000000;68ea35ad-4442-4e5e-b325-898f7e0b3a8c;409.3;0.45;UNKNOWN
2016-02-15T00:33:04.000000;2016-02-15T00:33:04.000000;cba13de3-4062-434e-b957-1d0373a0ebbf;409.0;4.99;UNKNOWN
2016-02-15T00:33:05.000000;2016-02-15T00:33:05.000000;fb4c80ce-7e00-45ab-984c-7d27e8ebde0d;408.82;1.11241775;UNKNOWN
2016-02-15T00:33:05.000000;2016-02-15T00:33:05.000000;bb664c09-f0eb-4d17-98da-4a212b7638d1;409.0;10.0;UNKNOWN
2016-02-15T00:33:05.000000;2016-02-15T00:33:05.000000;cd35d954-a350-40eb-ab5d-db9e3c050be4;409.0;0.11631585;UNKNOWN
2016-02-15T00:33:05.000000;2016-02-15T00:33:05.000000;70f97e7c-4124-4e9e-8d4c-8ce8c130ae8b;409.0;4.37108415;UNKNOWN
2016-02-15T00:33:05.000000;2016-02-15T00:33:05.000000;47ff6b08-abdf-4852-8494-01fa56829c19;408.82;2.5;UNKNOWN
2016-02-15T00:33:09.000000;2016-02-15T00:33:09.000000;2fdfa1fc-81fb-40ed-8273-80b7666905f8;408.66;5.0;UNKNOWN
2016-02-15T00:33:11.000000;2016-02-15T00:33:11.000000;2775d13e-bfcd-4519-b30c-f99c03bcc46b;408.65;2.5;UNKNOWN
2016-02-15T00:33:15.000000;2016-02-15T00:33:15.000000;9a0061c2-6f38-4186-8a8d-0d71c2066cf7;408.65;0.04;UNKNOWN
2016-02-15T00:33:15.000000;2016-02-15T00:33:15.000000;8afa2049-9234-42de-862d-c2cfa0aed5ff;408.62;2.94074;UNKNOWN
2016-02-15T00:33:15.000000;2016-02-15T00:33:15.000000;7eb1098a-4db6-40b2-aed2-3a2a9bf3660d;408.51;14.9386;UNKNOWN
2016-02-15T00:33:19.000000;2016-02-15T00:33:19.000000;d108e5c5-8c20-44cb-8772-a0f99dfbb73c;408.34;1.26;UNKNOWN
2016-02-15T00:33:19.000000;2016-02-15T00:33:19.000000;456da4d7-8d66-41bb-b2f0-664b29e68563;408.47;0.1;UNKNOWN
2016-02-15T00:33:19.000000;2016-02-15T00:33:19.000000;a14ded11-732f-443d-a435-d71f6569461a;408.34;0.19;UNKNOWN
2016-02-15T00:33:19.000000;2016-02-15T00:33:19.000000;eb214aa5-8f38-4be2-b08c-557d81f14ee3;408.47;3.64;UNKNOWN
2016-02-15T00:33:27.000000;2016-02-15T00:33:27.000000;3925040f-6738-4946-abc6-f2eb6b70d48a;408.3;0.1;UNKNOWN
2016-02-15T00:33:30.000000;2016-02-15T00:33:30.000000;e117d994-a326-4035-be54-2d79de371b0c;407.94;5.41592641;UNKNOWN
2016-02-15T00:33:30.000000;2016-02-15T00:33:30.000000;3033df3a-93bf-463c-acba-88cae3eb1a88;408.3;0.98407359;UNKNOWN
2016-02-15T00:33:30.000000;2016-02-15T00:33:30.000000;659432f3-d978-456d-8789-4f3784215035;408.1;0.45;UNKNOWN
2016-02-15T00:33:30.000000;2016-02-15T00:33:30.000000;8de20eea-30bd-403b-b23e-8d23600353a4;408.12;0.45;UNKNOWN
2016-02-15T00:33:30.000000;2016-02-15T00:33:30.000000;d6e4e633-445b-4a21-ae13-9b1a6d65e8b8;408.0;0.7;UNKNOWN
2016-02-15T00:33:32.000000;2016-02-15T00:33:32.000000;210c0b37-5866-4e76-868d-d0600b5b99dc;408.48;0.4;UNKNOWN
2016-02-15T00:33:32.000000;2016-02-15T00:33:32.000000;00d3b71a-7cc7-4fff-a693-6c0a48790ba8;407.76;15.9685;UNKNOWN
2016-02-15T00:33:32.000000;2016-02-15T00:33:32.000000;02583af1-e8a9-4c2e-b1d4-47498622c568;407.83;0.1773;UNKNOWN
2016-02-15T00:33:32.000000;2016-02-15T00:33:32.000000;b514bb49-81d6-4272-9e9d-e7bcdba3a828;407.93;15.0;UNKNOWN
2016-02-15T00:33:32.000000;2016-02-15T00:33:32.000000;a8e0e14b-937c-4dd6-b746-c62835f3da26;407.75;15.0;UNKNOWN
2016-02-15T00:33:32.000000;2016-02-15T00:33:32.000000;6351db9a-f06d-40ca-8858-1ec3387cc26d;407.56;7.1;UNKNOWN
2016-02-15T00:33:32.000000;2016-02-15T00:33:32.000000;cffecb01-8ce5-4685-9d5f-0413e66bde8c;407.55;5.099;UNKNOWN
2016-02-15T00:33:32.000000;2016-02-15T00:33:32.000000;86312b30-6b64-413f-9417-1462e5426569;407.7;16.2552;UNKNOWN
2016-02-15T00:33:34.000000;2016-02-15T00:33:34.000000;e340000f-9c80-491b-9739-cafdc1902f3d;407.55;5.0;UNKNOWN
2016-02-15T00:33:35.000000;2016-02-15T00:33:35.000000;84c7de7b-bf3b-4072-9226-6ac377a909df;408.48;0.42;UNKNOWN
2016-02-15T00:33:35.000000;2016-02-15T00:33:35.000000;4cb5302c-edda-4e23-8f1f-e2ef99f3a80d;407.55;1.58;UNKNOWN
2016-02-15T00:33:36.000000;2016-02-15T00:33:36.000000;0505ce87-5979-4f88-a25b-b94ff34771e2;407.55;9.971;UNKNOWN
2016-02-15T00:33:36.000000;2016-02-15T00:33:36.000000;ed71aafb-6790-4745-8215-a8daa8dae8eb;407.34;15.9685;UNKNOWN
2016-02-15T00:33:36.000000;2016-02-15T00:33:36.000000;8e497df2-325c-48d5-bf8e-d3f92d9d8fb0;407.3;49.0605;UNKNOWN
2016-02-15T00:33:36.000000;2016-02-15T00:33:36.000000;32852131-1560-4717-bdab-48ff4e0af644;407.55;1.25;UNKNOWN
2016-02-15T00:33:36.000000;2016-02-15T00:33:36.000000;b05db3d0-4e68-4616-8d89-75bb28128138;407.55;1.1;UNKNOWN
2016-02-15T00:33:36.000000;2016-02-15T00:33:36.000000;ada05aa7-e52f-4fb2-ba39-c8ec1202cdfa;407.55;1.0;UNKNOWN
2016-02-15T00:33:37.000000;2016-02-15T00:33:37.000000;9af8e6d2-a201-4e66-a4d2-7503412e60e0;407.51;7.9834;UNKNOWN
2016-02-15T00:33:37.000000;2016-02-15T00:33:37.000000;b78f2d4d-a45b-48ae-b090-c3221b484615;407.3;2.0166;UNKNOWN
2016-02-15T00:33:37.000000;2016-02-15T00:33:37.000000;11dbf4bd-8ce5-486b-860d-5a35982d67a4;408.25;0.42;UNKNOWN
2016-02-15T00:33:40.000000;2016-02-15T00:33:40.000000;5a97b343-10e6-413f-8c6b-d4917a59d8da;407.32;0.42;UNKNOWN
2016-02-15T00:33:40.000000;2016-02-15T00:33:40.000000;e7843c58-280b-455a-9c8f-f5ff9b905acd;407.3;6.0622;UNKNOWN
2016-02-15T00:33:41.000000;2016-02-15T00:33:41.000000;e42815d8-c65a-4788-b5d0-30145391117b;407.3;2.5;UNKNOWN
2016-02-15T00:33:44.000000;2016-02-15T00:33:44.000000;dc6cabba-1095-48e7-b901-6a0fae5733ea;407.32;0.108;UNKNOWN
2016-02-15T00:33:44.000000;2016-02-15T00:33:44.000000;a1e680dd-2635-4dca-915c-b2faf16c15eb;407.3;0.95;UNKNOWN
2016-02-15T00:33:44.000000;2016-02-15T00:33:44.000000;cb8f516d-e639-4c49-b9cd-0ae2638d49cc;407.31;0.05;UNKNOWN
2016-02-15T00:33:44.000000;2016-02-15T00:33:44.000000;b47ba6c1-1667-4a7f-a827-59f46902bd90;407.32;0.02;UNKNOWN
2016-02-15T00:33:45.000000;2016-02-15T00:33:45.000000;b386c4cc-8af5-4eda-b8bd-171ce71d5c43;407.32;0.1965;UNKNOWN
2016-02-15T00:33:45.000000;2016-02-15T00:33:45.000000;57d981d6-416c-4ed7-ad10-9b81345772df;407.3;38.5;UNKNOWN
2016-02-15T00:33:45.000000;2016-02-15T00:33:45.000000;5d25e7a9-a0b0-4ee8-bdcc-d8439030e065;407.32;0.1457;UNKNOWN
2016-02-15T00:33:46.000000;2016-02-15T00:33:46.000000;3f29cf31-4548-4171-96d4-fbf5e0ca5f40;407.31;0.2;UNKNOWN
2016-02-15T00:33:46.000000;2016-02-15T00:33:46.000000;b0ba7e00-928e-453d-8453-ea75e1d490fc;407.3;2.0;UNKNOWN
2016-02-15T00:33:53.000000;2016-02-15T00:33:53.000000;7340d90e-e0be-48b8-95c5-1ca26b1c76f4;407.3;1.2;UNKNOWN
2016-02-15T00:33:53.000000;2016-02-15T00:33:53.000000;b10f59c0-a0ac-4d0b-963a-22af49f2df57;407.3;1.0;UNKNOWN
2016-02-15T00:33:54.000000;2016-02-15T00:33:54.000000;0188d9f7-aef2-4f9c-8267-507090474bcd;407.3;66.7107;UNKNOWN
2016-02-15T00:33:55.000000;2016-02-15T00:33:55.000000;065ea8cd-3869-4400-aed8-d63ded5dfbfb;407.3;0.02755;UNKNOWN
2016-02-15T00:33:56.000000;2016-02-15T00:33:56.000000;9eec6331-ea53-4b4b-a03c-12f9c212494d;407.12;0.45;UNKNOWN
2016-02-15T00:33:56.000000;2016-02-15T00:33:56.000000;86344f7a-be03-43f9-9dcc-ba414e5ab728;407.2;0.442;UNKNOWN
2016-02-15T00:33:56.000000;2016-02-15T00:33:56.000000;8d841532-dd8f-4a7a-8ca2-5e44dca105b8;406.9;0.5;UNKNOWN
2016-02-15T00:33:56.000000;2016-02-15T00:33:56.000000;9489eb5c-e2f1-4f86-adca-235cedbda8f5;406.9;99.008;UNKNOWN
2016-02-15T00:33:56.000000;2016-02-15T00:33:56.000000;38172d14-0ed8-4a58-9c55-dfd64802363d;407.15;0.1;UNKNOWN
2016-02-15T00:33:59.000000;2016-02-15T00:33:59.000000;4f22871a-bebc-4ee1-b0e7-d1e279b960a9;407.26;0.63;UNKNOWN
2016-02-15T00:34:02.000000;2016-02-15T00:34:02.000000;5fda96fd-7bb6-4878-9a62-0bc2ff19c4ae;407.03;0.53;UNKNOWN
2016-02-15T00:34:02.000000;2016-02-15T00:34:02.000000;722eb8c1-8160-4fc6-a003-dd76dbf55248;407.04;7.85145;UNKNOWN
2016-02-15T00:34:02.000000;2016-02-15T00:34:02.000000;1676894a-7d2f-4a71-8420-efc014262512;406.9;7.31855;UNKNOWN
2016-02-15T00:34:04.000000;2016-02-15T00:34:04.000000;9a781fcb-c002-4bcb-8c4a-fe6a3aea7334;407.19;0.42295;UNKNOWN
2016-02-15T00:34:04.000000;2016-02-15T00:34:04.000000;4fa8d30f-392b-44c4-8f41-ff408d14dcca;406.9;25.0;UNKNOWN
2016-02-15T00:34:06.000000;2016-02-15T00:34:06.000000;3a1a20e0-557c-49ae-8c34-4b6a627a0cd7;406.93;3.51860757;UNKNOWN
2016-02-15T00:34:06.000000;2016-02-15T00:34:06.000000;2cbaf5d6-b122-4b01-bbab-0f826eb0c4b8;407.03;0.37;UNKNOWN
2016-02-15T00:34:06.000000;2016-02-15T00:34:06.000000;773bf302-7152-4cab-af1e-83a3b31a7901;406.9;1.11139243;UNKNOWN
2016-02-15T00:34:07.000000;2016-02-15T00:34:07.000000;5d83b4d2-965f-4089-9aa5-dc38d479d1e6;406.9;1.0;UNKNOWN
2016-02-15T00:34:08.000000;2016-02-15T00:34:08.000000;7acdef31-b4bf-4520-b4a8-0bb5836ebef6;406.9;0.4;UNKNOWN
2016-02-15T00:34:09.000000;2016-02-15T00:34:09.000000;399d9378-ac81-4872-9f93-c889d4ebd631;406.9;0.01;UNKNOWN
2016-02-15T00:34:10.000000;2016-02-15T00:34:10.000000;517a67ae-6f8a-45c3-a378-d62b18a1f3df;406.6;0.45;UNKNOWN
2016-02-15T00:34:10.000000;2016-02-15T00:34:10.000000;dc8c0349-ce3c-43bb-a9b3-f8f0458e012b;406.9;15.65205757;UNKNOWN
2016-02-15T00:34:10.000000;2016-02-15T00:34:10.000000;98df91c3-f07d-4d77-a9c1-90ecac2fec49;406.4;0.45;UNKNOWN
2016-02-15T00:34:10.000000;2016-02-15T00:34:10.000000;2d32eb09-8a8b-440e-9962-2c272cf4bc59;406.7;0.45;UNKNOWN
2016-02-15T00:34:10.000000;2016-02-15T00:34:10.000000;017cd991-2516-4b69-ba13-0bef89b8718c;406.35;1.67;UNKNOWN
2016-02-15T00:34:10.000000;2016-02-15T00:34:10.000000;83e9911f-e050-412c-b4e6-05c27947216c;406.76;3.51877265;UNKNOWN
2016-02-15T00:34:10.000000;2016-02-15T00:34:10.000000;f1f55726-8b12-4bbd-ba8a-d98983e24a33;406.57;1.61;UNKNOWN
2016-02-15T00:34:10.000000;2016-02-15T00:34:10.000000;2e4d86c2-8b78-44f2-9a96-5f2d8971f378;406.1;3.52278065;UNKNOWN
2016-02-15T00:34:10.000000;2016-02-15T00:34:10.000000;b259842f-2795-48e4-a9b4-5d1d23a2258d;406.6;0.08;UNKNOWN
2016-02-15T00:34:10.000000;2016-02-15T00:34:10.000000;1c35fc19-36a9-4f72-a244-61926257578f;406.65;0.3;UNKNOWN
2016-02-15T00:34:10.000000;2016-02-15T00:34:10.000000;c542fb76-72fa-46c6-a374-39747a12ed3b;406.34;0.1501;UNKNOWN
2016-02-15T00:34:10.000000;2016-02-15T00:34:10.000000;e495d251-e8ba-4984-8743-74b129640b81;406.68;3.51877265;UNKNOWN
2016-02-15T00:34:10.000000;2016-02-15T00:34:10.000000;4f32af99-51e5-4eb5-b494-f82d4d2c6065;406.13;1.81;UNKNOWN
2016-02-15T00:34:10.000000;2016-02-15T00:34:10.000000;85cb9319-2eb6-4bcf-9940-ed6cb7aa980d;406.12;0.45;UNKNOWN
2016-02-15T00:34:10.000000;2016-02-15T00:34:10.000000;3d58d8dd-447b-49ee-8a43-c3b76895cb59;406.12;3.52278065;UNKNOWN
2016-02-15T00:34:10.000000;2016-02-15T00:34:10.000000;647ea836-a956-4da2-945e-2a16a11a6675;406.11;1.61;UNKNOWN
2016-02-15T00:34:10.000000;2016-02-15T00:34:10.000000;5b709e64-b05a-4a85-a35d-39ecc30cf776;406.02;2.16473583;UNKNOWN
2016-02-15T00:34:10.000000;2016-02-15T00:34:10.000000;71afc750-5bcf-4943-a189-3e806c418bf3;406.02;1.25526417;UNKNOWN
2016-02-15T00:34:10.000000;2016-02-15T00:34:10.000000;7c2b0b3d-dce8-4f49-bd95-c2d75fb0279c;405.93;0.44473583;UNKNOWN
2016-02-15T00:34:12.000000;2016-02-15T00:34:12.000000;bb3c9d85-c229-4fff-b721-c847489c5ca5;405.87;6.35;UNKNOWN
2016-02-15T00:34:12.000000;2016-02-15T00:34:12.000000;9e45b364-ef54-48ae-a253-a5b40f595787;405.93;3.07490376;UNKNOWN
2016-02-15T00:34:12.000000;2016-02-15T00:34:12.000000;57d96606-82ca-4cb5-8bea-efd5f0f94dc4;407.03;0.38;UNKNOWN
2016-02-15T00:34:12.000000;2016-02-15T00:34:12.000000;7ac126e1-f445-429c-a355-1d572b4bfc2b;405.84;0.16268337;UNKNOWN
2016-02-15T00:34:12.000000;2016-02-15T00:34:12.000000;3ed0a617-296d-448c-9e07-4e4da84a0165;405.86;0.03241287;UNKNOWN
2016-02-15T00:34:16.000000;2016-02-15T00:34:16.000000;125ef575-d39d-4915-b0da-41d894261c32;405.8;0.02;UNKNOWN
2016-02-15T00:34:16.000000;2016-02-15T00:34:16.000000;e39f772f-aa08-4d12-a842-76b182563064;405.82;0.24680055;UNKNOWN
2016-02-15T00:34:16.000000;2016-02-15T00:34:16.000000;02c1f9e6-ceec-49dc-abbc-24dd4e3245c4;405.79;0.2662;UNKNOWN
2016-02-15T00:34:16.000000;2016-02-15T00:34:16.000000;b5d93b4a-1fd8-4c90-80ed-52bbea5ba320;405.77;0.10656767;UNKNOWN
2016-02-15T00:34:16.000000;2016-02-15T00:34:16.000000;67cac994-0ac3-4ba4-a2a3-05eb44777287;405.72;2.0211142;UNKNOWN
2016-02-15T00:34:16.000000;2016-02-15T00:34:16.000000;160b843b-1eff-49f7-9f0a-ba6d1b26693c;405.94;0.4;UNKNOWN
2016-02-15T00:34:16.000000;2016-02-15T00:34:16.000000;7dbd6b94-e143-48ca-9c78-60b62c025042;405.78;0.47829967;UNKNOWN
2016-02-15T00:34:16.000000;2016-02-15T00:34:16.000000;9d1e0c80-e842-4f12-ad5a-33f4d9c4455a;405.94;0.44;UNKNOWN
2016-02-15T00:34:18.000000;2016-02-15T00:34:18.000000;893252e0-5b7a-414b-8d03-e2e78b845bbf;404.36;0.5991142;UNKNOWN
2016-02-15T00:34:18.000000;2016-02-15T00:34:18.000000;b3cc1308-73ae-427c-8be6-05226e34a326;406.0;25.0;UNKNOWN
2016-02-15T00:34:18.000000;2016-02-15T00:34:18.000000;f245cf24-bd16-450b-ba30-1449281c3413;404.63;16.6907;UNKNOWN
2016-02-15T00:34:18.000000;2016-02-15T00:34:18.000000;7fc946be-aa3c-417d-902d-feb183bb5e25;404.9;0.1;UNKNOWN
2016-02-15T00:34:18.000000;2016-02-15T00:34:18.000000;df1812b6-8846-434f-a6d5-6ec097e41c34;405.03;3.0;UNKNOWN
2016-02-15T00:34:18.000000;2016-02-15T00:34:18.000000;eb1f97b7-28c4-4366-9b40-3d3796085be3;404.64;0.01;UNKNOWN
2016-02-15T00:34:18.000000;2016-02-15T00:34:18.000000;403c4758-053b-4235-8eca-b0e8452b7885;405.0;2.0;UNKNOWN
2016-02-15T00:34:18.000000;2016-02-15T00:34:18.000000;0afd5b35-e4ce-4b94-8d47-99949bbe6d81;406.36;33.0;UNKNOWN
2016-02-15T00:34:18.000000;2016-02-15T00:34:18.000000;ee65437b-ae74-4c22-8d1d-c397aae13662;405.05;5.0;UNKNOWN
2016-02-15T00:34:18.000000;2016-02-15T00:34:18.000000;1d53cdbe-324e-4e04-b399-732637f86d41;405.72;4.5688858;UNKNOWN
2016-02-15T00:34:18.000000;2016-02-15T00:34:18.000000;cd3d6707-372a-4b85-88bc-a9070df20760;406.36;2.0;UNKNOWN
2016-02-15T00:34:18.000000;2016-02-15T00:34:18.000000;71effcda-5858-44c2-a461-b99ff625b4ff;405.55;7.5;UNKNOWN
2016-02-15T00:34:18.000000;2016-02-15T00:34:18.000000;436d8bc0-5050-41e7-9447-77a16fbf0a6c;406.1;0.45;UNKNOWN
2016-02-15T00:34:18.000000;2016-02-15T00:34:18.000000;925a40e2-225b-4c2e-a7c6-85363a91cdae;404.44;18.6155;UNKNOWN
2016-02-15T00:34:18.000000;2016-02-15T00:34:18.000000;82df84c3-200d-41a0-a31f-9d5ac76ceb57;404.45;91.97;UNKNOWN
2016-02-15T00:34:18.000000;2016-02-15T00:34:18.000000;0900164c-2255-4227-b24d-40bac1477480;405.57;14.2483;UNKNOWN
2016-02-15T00:34:18.000000;2016-02-15T00:34:18.000000;53e040c3-bc9d-4691-9b31-c97957c6377c;404.82;15.9439;UNKNOWN
2016-02-15T00:34:18.000000;2016-02-15T00:34:18.000000;21909149-1302-4c58-bd25-7ad3f2f3d902;405.2;0.02;UNKNOWN
2016-02-15T00:34:18.000000;2016-02-15T00:34:18.000000;12c19f7c-41a8-4912-a17b-c321fa31affb;405.11;25.0;UNKNOWN
2016-02-15T00:34:18.000000;2016-02-15T00:34:18.000000;da18d8b9-efd0-42ff-b503-a15fda6a8029;404.8;0.02;UNKNOWN
2016-02-15T00:34:18.000000;2016-02-15T00:34:18.000000;c2bf4228-c7ae-485c-9d77-dcdebcf32f59;405.12;59.04;UNKNOWN
2016-02-15T00:34:18.000000;2016-02-15T00:34:18.000000;efa96896-2fdf-4224-80de-b33841a840b8;405.0;1.0;UNKNOWN
2016-02-15T00:34:18.000000;2016-02-15T00:34:18.000000;1d373249-6b62-4a3f-967d-abf9e49de457;405.03;18.2383;UNKNOWN
2016-02-15T00:34:18.000000;2016-02-15T00:34:18.000000;d639043f-339c-4424-a841-ff9c977166c2;405.25;14.0974;UNKNOWN
2016-02-15T00:34:18.000000;2016-02-15T00:34:18.000000;ca4b8b65-d785-469d-b4c4-62c80e869c54;405.72;7.1;UNKNOWN
2016-02-15T00:34:18.000000;2016-02-15T00:34:18.000000;f190ef3c-cd40-409b-8f2f-6d1b1af6669a;405.25;5.0;UNKNOWN
2016-02-15T00:34:18.000000;2016-02-15T00:34:18.000000;7748190a-5c38-432b-97a5-b7607c9c5333;405.55;20.1258;UNKNOWN
2016-02-15T00:34:18.000000;2016-02-15T00:34:18.000000;09ae4050-9e97-4b11-b716-c56fe7258841;405.01;0.1;UNKNOWN
2016-02-15T00:34:18.000000;2016-02-15T00:34:18.000000;ed680185-305a-46b9-a9ef-4ba74ee3cefe;405.12;14.925;UNKNOWN
2016-02-15T00:34:18.000000;2016-02-15T00:34:18.000000;e2601dc5-e9f3-4a72-a5dc-9a3782599d71;405.4;14.6471;UNKNOWN
2016-02-15T00:34:18.000000;2016-02-15T00:34:18.000000;95153380-9c04-4dd4-809c-d78790d4ca7c;404.83;51.99;UNKNOWN
2016-02-15T00:34:18.000000;2016-02-15T00:34:18.000000;e0736afa-d95b-42df-8cc2-9a709a16dd88;405.0;10.0;UNKNOWN
2016-02-15T00:34:18.000000;2016-02-15T00:34:18.000000;b2a2353d-a560-45c4-ad40-7158d0a5f2dd;405.44;50.0;UNKNOWN
2016-02-15T00:34:20.000000;2016-02-15T00:34:20.000000;5d53247f-1af5-4e67-9b45-01404646c03e;406.29;2.5;UNKNOWN
2016-02-15T00:34:23.000000;2016-02-15T00:34:23.000000;0aed37ec-5921-4527-8055-0f7fea64fefb;406.4;0.45;UNKNOWN
2016-02-15T00:34:23.000000;2016-02-15T00:34:23.000000;bd85036b-ddc0-4272-9b91-97eee1cc9eb1;406.29;0.64842276;UNKNOWN
2016-02-15T00:34:28.000000;2016-02-15T00:34:28.000000;3b7762e3-8017-4346-b3cf-0d7bbac74a6b;405.94;3.51485612;UNKNOWN
2016-02-15T00:34:28.000000;2016-02-15T00:34:28.000000;232a39a9-bb9c-4a22-9203-0fe353412ab4;405.4;0.45;UNKNOWN
2016-02-15T00:34:28.000000;2016-02-15T00:34:28.000000;f4d15b52-3aed-4761-ab99-3bead8cf64fe;405.44;10.0;UNKNOWN
2016-02-15T00:34:28.000000;2016-02-15T00:34:28.000000;1d91e69b-b042-4e04-a314-ad908a1860a9;406.1;0.08;UNKNOWN
2016-02-15T00:34:28.000000;2016-02-15T00:34:28.000000;d7d3a1d8-c566-47fb-a448-e21aafedb39f;406.01;3.4;UNKNOWN
2016-02-15T00:34:28.000000;2016-02-15T00:34:28.000000;a6546981-69b1-498b-908b-624f442b5f27;405.94;3.51485612;UNKNOWN
2016-02-15T00:34:28.000000;2016-02-15T00:34:28.000000;7cde5ad2-bd09-4b47-96ed-3250a8e39260;406.29;6.53969724;UNKNOWN
2016-02-15T00:34:28.000000;2016-02-15T00:34:28.000000;e4ee7db5-9eef-4731-8629-30bbe4a46dc9;406.29;8.38378;UNKNOWN
2016-02-15T00:34:28.000000;2016-02-15T00:34:28.000000;478c7085-48a6-46ac-b5c2-252bdb5a67a0;405.14;7.1;UNKNOWN
2016-02-15T00:34:28.000000;2016-02-15T00:34:28.000000;788ea774-6f8c-4a25-91d6-448e439f1095;405.14;18.668;UNKNOWN
2016-02-15T00:34:28.000000;2016-02-15T00:34:28.000000;4f7a59d1-7f30-4533-9146-278c6230aa2a;405.13;20.34881052;UNKNOWN
2016-02-15T00:34:28.000000;2016-02-15T00:34:28.000000;7b3debce-fce5-4c72-9e17-ff1c1a2e85cf;405.14;18.0;UNKNOWN
2016-02-15T00:34:34.000000;2016-02-15T00:34:34.000000;38c5ca50-8768-42e7-bcda-287b68a67922;405.4;0.45;UNKNOWN
2016-02-15T00:34:34.000000;2016-02-15T00:34:34.000000;f7cb1faf-591e-495f-99fa-79bc42ff2d87;406.0;1.0;UNKNOWN
2016-02-15T00:34:34.000000;2016-02-15T00:34:34.000000;4b918347-bf48-405e-a913-3bad71599cd5;406.29;3.51485612;UNKNOWN
2016-02-15T00:34:34.000000;2016-02-15T00:34:34.000000;d6d8c911-511b-4f9f-8c7d-54b6593c2449;405.95;0.1035;UNKNOWN
2016-02-15T00:34:34.000000;2016-02-15T00:34:34.000000;b8c3b88d-12af-4fa7-88f4-d3337a4c6b54;405.26;8.06579356;UNKNOWN
2016-02-15T00:34:34.000000;2016-02-15T00:34:34.000000;b1e8ca02-c0db-4545-82d2-233ab57cad54;405.94;0.44;UNKNOWN
2016-02-15T00:34:34.000000;2016-02-15T00:34:34.000000;cafef041-d69b-4b68-b60e-9f66103cd871;405.94;3.51485612;UNKNOWN
2016-02-15T00:34:34.000000;2016-02-15T00:34:34.000000;56e3da60-71af-4dd2-8521-389902f2403f;406.3;0.4;UNKNOWN
2016-02-15T00:34:35.000000;2016-02-15T00:34:35.000000;f906f808-1c0c-4408-8007-7bea0748650f;406.41;0.12;UNKNOWN
2016-02-15T00:34:36.000000;2016-02-15T00:34:36.000000;b9a19664-e3b2-40bc-a529-29aad05559da;406.39;0.1559;UNKNOWN
2016-02-15T00:34:49.000000;2016-02-15T00:34:49.000000;d6371f38-18f6-44da-b4fa-2f1190bee3d9;406.01;3.51510323;UNKNOWN
2016-02-15T00:34:49.000000;2016-02-15T00:34:49.000000;aa7df106-7952-49e9-8f21-c1e0f77ba76b;405.86;3.51543275;UNKNOWN
2016-02-15T00:34:49.000000;2016-02-15T00:34:49.000000;a1782670-6e8d-44c2-ba2b-566df66c878f;406.29;3.51510323;UNKNOWN
2016-02-15T00:34:49.000000;2016-02-15T00:34:49.000000;2b33b6b5-a072-4177-985a-53f2b5ec4408;405.26;3.08280644;UNKNOWN
2016-02-15T00:34:49.000000;2016-02-15T00:34:49.000000;bdf4ee41-d7ef-4398-b751-b97d9a84c104;405.26;16.2594;UNKNOWN
2016-02-15T00:34:49.000000;2016-02-15T00:34:49.000000;5a48cae7-d6b3-4980-a0ac-d381315644db;405.27;6.72461158;UNKNOWN
2016-02-15T00:34:49.000000;2016-02-15T00:34:49.000000;57283c99-888e-4414-8f7b-04f4caec9b1a;405.8;0.45;UNKNOWN
2016-02-15T00:34:49.000000;2016-02-15T00:34:49.000000;c3e1f9f4-e7d4-4152-bf1b-50c0130f0c27;406.26;3.51510323;UNKNOWN
2016-02-15T00:34:49.000000;2016-02-15T00:34:49.000000;50380ccf-117f-48b8-be7a-221c0ffae140;405.26;7.23609;UNKNOWN
2016-02-15T00:34:49.000000;2016-02-15T00:34:49.000000;18dac933-ad5f-4ab6-81b9-288586881bc5;405.13;11.73158519;UNKNOWN
2016-02-15T00:34:52.000000;2016-02-15T00:34:52.000000;c281716a-3ffb-4596-9db1-dd96c0cfecd3;406.36;0.96;UNKNOWN
2016-02-15T00:34:53.000000;2016-02-15T00:34:53.000000;32b55d21-4347-4da7-9f59-ab1825859a29;405.1;1.0;UNKNOWN
2016-02-15T00:34:53.000000;2016-02-15T00:34:53.000000;c643ffb8-b74c-4be8-82cf-2ea1cbb4de83;405.1;1.0;UNKNOWN
2016-02-15T00:34:53.000000;2016-02-15T00:34:53.000000;24b2cdd7-439b-4540-b521-eccb913c3214;405.1;0.06;UNKNOWN
2016-02-15T00:34:53.000000;2016-02-15T00:34:53.000000;95ec1c0b-44d5-414a-a34e-44f4c1bd6ab4;405.1;0.06;UNKNOWN
2016-02-15T00:34:53.000000;2016-02-15T00:34:53.000000;a8d3ba60-e362-48bc-901c-6b2ba5851791;405.1;1.0;UNKNOWN
2016-02-15T00:34:53.000000;2016-02-15T00:34:53.000000;89886d30-e386-404c-bfaa-a19995512178;405.1;0.94;UNKNOWN
2016-02-15T00:35:01.000000;2016-02-15T00:35:01.000000;a2a9680b-c722-40ba-bf42-9a69e85bd884;406.26;1.5;UNKNOWN
2016-02-15T00:35:05.000000;2016-02-15T00:35:05.000000;c08bd3ef-d113-41d8-9cbf-e9300115e2f4;406.26;2.681;UNKNOWN
2016-02-15T00:35:06.000000;2016-02-15T00:35:06.000000;3fcae1d4-1a78-4dce-9c0a-a71caf30379c;404.92;1.2836097;UNKNOWN
2016-02-15T00:35:06.000000;2016-02-15T00:35:06.000000;a141e0e4-19bc-4818-94d7-9e25cd2ed1c4;405.56;3.5190203;UNKNOWN
2016-02-15T00:35:06.000000;2016-02-15T00:35:06.000000;6f98f75e-9cc0-4ea2-9e00-356cd612a35d;405.0;1.0;UNKNOWN
2016-02-15T00:35:06.000000;2016-02-15T00:35:06.000000;e57a3dfb-181a-4806-95f1-1e61e5ea10fe;406.26;3.74737;UNKNOWN
2016-02-15T00:35:06.000000;2016-02-15T00:35:06.000000;7c4b99da-4453-48f2-b01e-15e973d08d00;405.2;0.45;UNKNOWN
2016-02-15T00:35:12.000000;2016-02-15T00:35:12.000000;c9345a67-bbfc-409c-b722-8da8a37ad21a;405.0;2.75190456;UNKNOWN
2016-02-15T00:35:13.000000;2016-02-15T00:35:13.000000;940d7e16-229b-4478-862b-5379ab46b21a;405.0;0.5;UNKNOWN
2016-02-15T00:35:20.000000;2016-02-15T00:35:20.000000;e48820b5-e78c-4973-b2f3-f1e115e226d5;405.68;10.0;UNKNOWN
2016-02-15T00:35:25.000000;2016-02-15T00:35:25.000000;d7d9d11b-add7-4fe8-a4f4-48916f5ad797;405.0;27.66446;UNKNOWN
2016-02-15T00:35:25.000000;2016-02-15T00:35:25.000000;6cea97c9-cfdc-4ada-903e-b7166187a3e9;405.1;0.244;UNKNOWN
2016-02-15T00:35:25.000000;2016-02-15T00:35:25.000000;388ea40c-5411-4e0e-ae82-0afc40e4afaa;405.1;0.262;UNKNOWN
2016-02-15T00:35:25.000000;2016-02-15T00:35:25.000000;3e8e1b5a-04c1-432c-86c3-751e2350bc6f;405.11;0.4;UNKNOWN
2016-02-15T00:35:25.000000;2016-02-15T00:35:25.000000;0f982233-feca-4bc9-be13-d928e65b284a;405.27;9.18654;UNKNOWN
2016-02-15T00:35:25.000000;2016-02-15T00:35:25.000000;992cee59-3eb2-4b2f-b441-29fe8f99ceda;405.1;0.243;UNKNOWN
2016-02-15T00:35:30.000000;2016-02-15T00:35:30.000000;a2a81386-2053-423c-ab47-5c2e6f11066d;405.5;1.0;UNKNOWN
2016-02-15T00:35:31.000000;2016-02-15T00:35:31.000000;67746283-380b-4008-bf5b-9a47a87f7077;406.22;3.52311161;UNKNOWN
2016-02-15T00:35:31.000000;2016-02-15T00:35:31.000000;59e149ef-cda5-4f5a-b5ef-602ed9cd09a8;405.49;6.1668;UNKNOWN
2016-02-15T00:35:31.000000;2016-02-15T00:35:31.000000;2910b08b-3fdf-4b3d-976b-a5d99d4ccb99;406.0;20.0534;UNKNOWN
2016-02-15T00:35:31.000000;2016-02-15T00:35:31.000000;abf5dfe6-6a04-4aab-93a8-1364bd9924e6;405.49;5.57;UNKNOWN
2016-02-15T00:35:31.000000;2016-02-15T00:35:31.000000;8e5785d1-4d19-4a58-a257-a3c4f6179ef7;406.23;21.0627;UNKNOWN
2016-02-15T00:35:31.000000;2016-02-15T00:35:31.000000;10ab47df-6e5c-4508-9e63-d02cd899fa25;405.74;20.8939;UNKNOWN
2016-02-15T00:35:31.000000;2016-02-15T00:35:31.000000;b7e5a4f7-900c-48e1-ae41-51894199c0b7;406.52;2.87708839;UNKNOWN
2016-02-15T00:35:31.000000;2016-02-15T00:35:31.000000;0357dcd1-fced-49ec-8ad9-d5efebd99f73;405.5;19.853;UNKNOWN
2016-02-15T00:35:41.000000;2016-02-15T00:35:41.000000;c4db58f2-2a1f-40c5-b487-e31b0f3da0ad;405.42;2.10565;UNKNOWN
2016-02-15T00:35:41.000000;2016-02-15T00:35:41.000000;04868aea-0251-4753-8494-0207b7661072;405.42;7.25035;UNKNOWN
2016-02-15T00:35:41.000000;2016-02-15T00:35:41.000000;d8c29702-65d5-4af8-9cb3-2831b5e06882;405.42;0.244;UNKNOWN
2016-02-15T00:35:41.000000;2016-02-15T00:35:41.000000;d815c3c2-a3c2-459f-b598-6895f286229e;405.42;0.4;UNKNOWN
2016-02-15T00:35:43.000000;2016-02-15T00:35:43.000000;382ffa1c-fbc6-4c79-bc38-9c45ed7065b5;405.78;10.86549135;UNKNOWN
2016-02-15T00:35:47.000000;2016-02-15T00:35:47.000000;c3c09001-fc2c-43e5-843d-ef3e999c7c6b;405.81;3.02;UNKNOWN
2016-02-15T00:35:49.000000;2016-02-15T00:35:49.000000;288145ab-6137-4fb0-9a40-ba2d7fc90242;405.98;6.1169;UNKNOWN
2016-02-15T00:35:49.000000;2016-02-15T00:35:49.000000;ff53c8b4-9925-4b39-8140-c719d719ebe9;405.99;3.37264987;UNKNOWN
2016-02-15T00:35:49.000000;2016-02-15T00:35:49.000000;d86a4100-aff9-4011-ba90-aea386f8259b;405.81;0.51045013;UNKNOWN
2016-02-15T00:35:51.000000;2016-02-15T00:35:51.000000;f475eabc-ea29-487e-a445-0da411611559;405.81;10.0;UNKNOWN
2016-02-15T00:35:58.000000;2016-02-15T00:35:58.000000;c75fc1fe-559f-43c7-8eb9-110b89ca645f;405.9;0.5;UNKNOWN
2016-02-15T00:35:58.000000;2016-02-15T00:35:58.000000;8f76c918-16c2-4c9f-aaf9-de05bdf1185e;405.8;0.23570754;UNKNOWN
2016-02-15T00:35:58.000000;2016-02-15T00:35:58.000000;da89fa15-2409-40c9-9ab8-f738e7baf6a9;405.81;0.0443;UNKNOWN
2016-02-15T00:36:00.000000;2016-02-15T00:36:00.000000;71c2dd9b-459a-4a8a-97c1-c869698c26b8;405.8;1.71999246;UNKNOWN
2016-02-15T00:36:00.000000;2016-02-15T00:36:00.000000;0a1901c2-fe36-4a88-88e0-2e2563962a55;405.99;0.28000754;UNKNOWN
2016-02-15T00:36:01.000000;2016-02-15T00:36:01.000000;35f49fca-efca-4815-95f2-becfe898e708;405.94;4.0;UNKNOWN
2016-02-15T00:36:09.000000;2016-02-15T00:36:09.000000;da0c6015-9da0-4993-91c5-8a3bcba00a4e;406.15;5.0;UNKNOWN
2016-02-15T00:36:10.000000;2016-02-15T00:36:10.000000;45f72f29-3877-4876-9a74-321ce8d87369;406.21;10.0;UNKNOWN
2016-02-15T00:36:12.000000;2016-02-15T00:36:12.000000;2abb7614-0744-434f-919b-d8e19645ad64;406.02;2.5;UNKNOWN
2016-02-15T00:36:13.000000;2016-02-15T00:36:13.000000;79d68dc1-0090-4e65-9c91-f362cebfd91c;406.01;2.5;UNKNOWN
2016-02-15T00:36:14.000000;2016-02-15T00:36:14.000000;7b82679b-3a3b-4da2-974a-68af8e81866d;406.01;4.79078;UNKNOWN
2016-02-15T00:36:20.000000;2016-02-15T00:36:20.000000;7c52d481-55bd-4bce-b3d5-71f7ccdb8ed2;406.2;3.9244;UNKNOWN
2016-02-15T00:36:20.000000;2016-02-15T00:36:20.000000;2b319b52-1a3e-460c-a79c-f7d8591317a3;406.2;6.0756;UNKNOWN
2016-02-15T00:36:23.000000;2016-02-15T00:36:23.000000;c62dc0a6-97df-4d82-95a2-583f92fcd219;406.03;1.0;UNKNOWN
2016-02-15T00:36:24.000000;2016-02-15T00:36:24.000000;35a88f95-8842-4902-821c-4d42c350028f;406.03;0.56425719;UNKNOWN
2016-02-15T00:36:27.000000;2016-02-15T00:36:27.000000;5f0a90e5-36b4-4f3f-b29f-0dde0f69fd3a;406.2;11.5617;UNKNOWN
2016-02-15T00:36:27.000000;2016-02-15T00:36:27.000000;3357282a-666e-457c-8986-7f18d4b21d22;406.2;0.4936;UNKNOWN
2016-02-15T00:36:28.000000;2016-02-15T00:36:28.000000;b150a04b-ac81-4bbd-95e5-a38bb2290af8;406.4;0.0156;UNKNOWN
2016-02-15T00:36:28.000000;2016-02-15T00:36:28.000000;a32912d5-65db-4509-b005-5c42e36a3f38;406.01;6.1191;UNKNOWN
2016-02-15T00:36:28.000000;2016-02-15T00:36:28.000000;74c70c3f-a872-42d2-b010-26ddbd45c2b1;406.0;3.0;UNKNOWN
2016-02-15T00:36:28.000000;2016-02-15T00:36:28.000000;d83b596d-15c7-4187-ab68-9b37b5ee2f8f;406.2;0.4936;UNKNOWN
2016-02-15T00:36:29.000000;2016-02-15T00:36:29.000000;f9b40161-a61b-43f1-bb11-62a17da7da39;406.0;1.6885;UNKNOWN
2016-02-15T00:36:34.000000;2016-02-15T00:36:34.000000;ab9f38d5-277d-464b-8625-32f665e0b19d;406.0;3.6832;UNKNOWN
2016-02-15T00:36:34.000000;2016-02-15T00:36:34.000000;384f5716-38f8-4236-831b-56774708a791;406.19;5.3168;UNKNOWN
2016-02-15T00:36:34.000000;2016-02-15T00:36:34.000000;a9e8199f-08cd-42f3-85ae-6ebed8d28822;405.95;2.91;UNKNOWN
2016-02-15T00:36:36.000000;2016-02-15T00:36:36.000000;7113c151-50e1-43c6-b4c1-91e1b1c220dd;406.72;5.0;UNKNOWN
2016-02-15T00:36:40.000000;2016-02-15T00:36:40.000000;1e5d04b9-863c-4944-a719-401591760ed3;406.99;0.5833;UNKNOWN
2016-02-15T00:36:40.000000;2016-02-15T00:36:40.000000;f34aa311-662b-45d9-ac7f-7563263d09bf;406.72;14.1796;UNKNOWN
2016-02-15T00:36:40.000000;2016-02-15T00:36:40.000000;2b11ad24-045b-4f67-8454-c58490a4e1cc;406.94;21.2727;UNKNOWN
2016-02-15T00:36:40.000000;2016-02-15T00:36:40.000000;b715b037-e5eb-44d9-bbd4-74fe6baf29de;406.49;8.9644;UNKNOWN
2016-02-15T00:36:44.000000;2016-02-15T00:36:44.000000;e59bed2a-cc6e-4d49-b7e6-ffab4d200755;406.01;2.61;UNKNOWN
2016-02-15T00:36:45.000000;2016-02-15T00:36:45.000000;9df91e6a-a807-44d3-ada0-3b06012dc524;406.92;0.01;UNKNOWN
2016-02-15T00:36:45.000000;2016-02-15T00:36:45.000000;911a785b-1302-4855-aed4-475d91ec111c;406.19;0.028;UNKNOWN
2016-02-15T00:36:45.000000;2016-02-15T00:36:45.000000;16d24f0e-1d77-475d-b74a-1fe403ec787f;406.92;0.222;UNKNOWN
2016-02-15T00:36:47.000000;2016-02-15T00:36:47.000000;0b4c0e54-45ee-4aee-9d75-6a8deec25db6;406.01;2.0;UNKNOWN
2016-02-15T00:36:48.000000;2016-02-15T00:36:48.000000;2763187b-78ca-4f38-9f61-394639e544bc;406.4;0.07;UNKNOWN
2016-02-15T00:36:49.000000;2016-02-15T00:36:49.000000;ee9136b4-37f4-4c5f-a159-f2b588d20812;406.7;3.97898209;UNKNOWN
2016-02-15T00:36:52.000000;2016-02-15T00:36:52.000000;0b054be4-ed7a-4ddf-9826-03d7dbe991e9;406.45;4.8353;UNKNOWN
2016-02-15T00:36:52.000000;2016-02-15T00:36:52.000000;400fefcc-a1ca-45ad-a1bd-e528c80bb0ea;406.46;7.22;UNKNOWN
2016-02-15T00:36:56.000000;2016-02-15T00:36:56.000000;a9a97ecd-b4c9-4761-9f6c-4db2208280b2;406.98;0.5;UNKNOWN
2016-02-15T00:37:01.000000;2016-02-15T00:37:01.000000;19e0971f-ffad-4e90-a884-7a7b4b89a5a3;406.99;3.5128747;UNKNOWN
2016-02-15T00:37:07.000000;2016-02-15T00:37:07.000000;58985557-c554-4a3b-86c0-242a89ba8047;406.98;2.34;UNKNOWN
2016-02-15T00:37:10.000000;2016-02-15T00:37:10.000000;b623c058-6dfc-4c87-938c-5b095cce7e39;406.99;0.05;UNKNOWN
2016-02-15T00:37:10.000000;2016-02-15T00:37:10.000000;b59a0d8d-5740-4576-baac-04198848b712;407.0;4.95;UNKNOWN
2016-02-15T00:37:11.000000;2016-02-15T00:37:11.000000;e5ca9a82-72bd-4b41-bad4-27f435df83fc;407.0;0.5;UNKNOWN
2016-02-15T00:37:16.000000;2016-02-15T00:37:16.000000;1a867c47-c01f-4ff5-94d9-fbbceb08e353;407.09;0.42795173;UNKNOWN
2016-02-15T00:37:16.000000;2016-02-15T00:37:16.000000;c8f36d7d-d07c-4cc0-adf9-bad0589e9ce1;407.59;18.29051;UNKNOWN
2016-02-15T00:37:16.000000;2016-02-15T00:37:16.000000;aa2e0e66-3e41-40bd-b744-1ad79e435f05;407.12;2.61;UNKNOWN
2016-02-15T00:37:16.000000;2016-02-15T00:37:16.000000;f1e0bc16-6e1e-4261-b439-1801444b4911;407.33;2.98429;UNKNOWN
2016-02-15T00:37:16.000000;2016-02-15T00:37:16.000000;d899d8af-d33f-4244-98ba-d2d7f96e68f6;407.11;6.1152;UNKNOWN
2016-02-15T00:37:19.000000;2016-02-15T00:37:19.000000;0a8b4460-0c56-496c-b464-c1f30aab8653;406.98;2.0;UNKNOWN
2016-02-15T00:37:19.000000;2016-02-15T00:37:19.000000;ec391e91-f906-4e78-bd7d-29da0d91ba0a;407.0;0.1;UNKNOWN
2016-02-15T00:37:20.000000;2016-02-15T00:37:20.000000;f6f3c776-0043-472c-af88-8aba82d044c2;407.74;30.9752;UNKNOWN
2016-02-15T00:37:20.000000;2016-02-15T00:37:20.000000;d275711e-3861-494a-b577-da34fc7348fc;407.82;0.4793234;UNKNOWN
2016-02-15T00:37:26.000000;2016-02-15T00:37:26.000000;8f379e06-77db-4148-9640-7378736c5b48;407.29;1.88;UNKNOWN
2016-02-15T00:37:28.000000;2016-02-15T00:37:28.000000;2481322d-957c-437f-8097-1110226800bc;407.7;0.5;UNKNOWN
2016-02-15T00:37:28.000000;2016-02-15T00:37:28.000000;021be343-c528-40be-a159-c816ca12ac03;407.7;2.5;UNKNOWN
2016-02-15T00:37:31.000000;2016-02-15T00:37:31.000000;815b4faf-2983-4a97-bb9d-241b7df5648f;407.71;0.25;UNKNOWN
2016-02-15T00:37:33.000000;2016-02-15T00:37:33.000000;4e04c0b1-f282-4cf2-9ffc-a64f1d0f3ef0;407.71;0.5;UNKNOWN
2016-02-15T00:37:36.000000;2016-02-15T00:37:36.000000;0115a0e6-f9e1-41f0-95b6-11a56005818d;407.7;0.215;UNKNOWN
2016-02-15T00:37:39.000000;2016-02-15T00:37:39.000000;d98c3b9a-0e08-45de-9efc-51873c33f2d5;407.28;0.19;UNKNOWN
2016-02-15T00:38:05.000000;2016-02-15T00:38:05.000000;2c1186f9-44af-48f3-a041-fa5243d40972;407.55;0.04341962;UNKNOWN
2016-02-15T00:38:10.000000;2016-02-15T00:38:10.000000;56435c4c-e83f-47ca-860e-fd1a229abefd;407.55;3.95;UNKNOWN
2016-02-15T00:38:12.000000;2016-02-15T00:38:12.000000;fe226673-be85-42cb-81a0-147c05f864c1;407.64;1.0;UNKNOWN
2016-02-15T00:38:13.000000;2016-02-15T00:38:13.000000;7685f923-2554-4e7e-9c0b-fc11ad3e75bb;407.64;1.0;UNKNOWN
2016-02-15T00:38:15.000000;2016-02-15T00:38:15.000000;e9c3aa5d-dc87-4c87-ae7d-3a0c9cfdd9b6;407.55;2.0;UNKNOWN
2016-02-15T00:38:21.000000;2016-02-15T00:38:21.000000;3b339588-4864-43cf-a400-44ea6c42b321;407.64;2.0;UNKNOWN
2016-02-15T00:38:23.000000;2016-02-15T00:38:23.000000;62f6b1b5-acc6-4cb8-8ea6-5945fbe10dd2;407.64;2.0;UNKNOWN
2016-02-15T00:38:26.000000;2016-02-15T00:38:26.000000;476d7e39-b0a4-4ae0-a752-7a10d521fd9e;407.64;0.11692025;UNKNOWN
2016-02-15T00:38:27.000000;2016-02-15T00:38:27.000000;ba1c2471-d626-4aa5-9781-fb36182555f3;407.64;2.0;UNKNOWN
2016-02-15T00:38:30.000000;2016-02-15T00:38:30.000000;9a44263b-eaa0-42b5-a290-f4e899eac465;407.64;0.73446975;UNKNOWN
2016-02-15T00:38:33.000000;2016-02-15T00:38:33.000000;cef31d49-2b10-4803-8e1d-dcf82d9d58de;407.64;0.189;UNKNOWN
2016-02-15T00:38:59.000000;2016-02-15T00:38:59.000000;fbd3d8fc-0b71-49a9-84ac-b817a492973b;407.7;2.0;UNKNOWN
2016-02-15T00:39:00.000000;2016-02-15T00:39:00.000000;8a6b5a91-31c6-444f-be76-6a114df4a723;407.7;2.0;UNKNOWN
2016-02-15T00:39:02.000000;2016-02-15T00:39:02.000000;ffa0596c-fa90-42d7-98e7-5a9b832845ef;407.7;1.81;UNKNOWN
2016-02-15T00:39:02.000000;2016-02-15T00:39:02.000000;59875e25-8cfb-4acd-956e-41d116f703dd;407.7;0.19;UNKNOWN
2016-02-15T00:39:03.000000;2016-02-15T00:39:03.000000;0f5e7844-42af-4326-8ab5-134cc01f841f;407.62;1.1344266;UNKNOWN
2016-02-15T00:39:15.000000;2016-02-15T00:39:15.000000;fcf86aff-30c4-4352-8438-3ebde0e7973b;407.77;1.0;UNKNOWN
2016-02-15T00:39:28.000000;2016-02-15T00:39:28.000000;c4ea8872-4a2b-459e-8be3-f0df1aafeefb;407.77;3.02;UNKNOWN
2016-02-15T00:39:38.000000;2016-02-15T00:39:38.000000;43012377-365a-4ae0-875a-875e5402a4d0;407.66;0.242;UNKNOWN
2016-02-15T00:39:38.000000;2016-02-15T00:39:38.000000;06f32ecf-17c7-483d-b1a0-ed89f503f3b8;407.66;0.241;UNKNOWN
2016-02-15T00:39:38.000000;2016-02-15T00:39:38.000000;9aedd191-0113-490d-98b0-f854a68f099a;407.66;0.242;UNKNOWN
2016-02-15T00:39:38.000000;2016-02-15T00:39:38.000000;3e3900c0-ab99-49f2-8f02-fe386090c6d6;407.66;0.242;UNKNOWN
2016-02-15T00:39:38.000000;2016-02-15T00:39:38.000000;26a03e27-e0b4-4a46-ba54-d7aa65e2bac1;407.66;0.243;UNKNOWN
2016-02-15T00:39:38.000000;2016-02-15T00:39:38.000000;d8924cd0-0a68-4eb5-9f65-5e22bf695819;407.66;0.261;UNKNOWN
2016-02-15T00:39:38.000000;2016-02-15T00:39:38.000000;b11f9dad-7576-4f75-9ec8-bf11d011353f;407.66;0.09131794;UNKNOWN
2016-02-15T00:39:38.000000;2016-02-15T00:39:38.000000;45921a03-bb25-43d4-b0b1-0375275b65fe;407.66;9.94879;UNKNOWN
2016-02-15T00:39:38.000000;2016-02-15T00:39:38.000000;179e1768-9474-4d03-9218-864f258c9d1c;407.66;0.243;UNKNOWN
2016-02-15T00:39:38.000000;2016-02-15T00:39:38.000000;04b5a955-cec5-4d8c-b8f0-66723bb13b4b;407.66;3.24589206;UNKNOWN
2016-02-15T00:39:43.000000;2016-02-15T00:39:43.000000;9696951b-64fb-47c9-9aee-4bdc9854705f;407.77;1.0;UNKNOWN
2016-02-15T00:39:44.000000;2016-02-15T00:39:44.000000;c518d8bc-3276-4951-9e26-bf560863f597;407.77;0.94;UNKNOWN
2016-02-15T00:39:46.000000;2016-02-15T00:39:46.000000;85a20bd4-a03e-4b90-bf01-e200c1d005f8;407.97;16.58731278;UNKNOWN
2016-02-15T00:39:46.000000;2016-02-15T00:39:46.000000;ba9a2819-75e0-493b-a434-8d389b27eaf8;407.81;3.51189361;UNKNOWN
2016-02-15T00:39:46.000000;2016-02-15T00:39:46.000000;bd3a18e4-ac58-4b9c-bdcd-a81022bd6729;407.89;6.0504;UNKNOWN
2016-02-15T00:39:46.000000;2016-02-15T00:39:46.000000;47d17e51-98b8-45c0-ace1-e0866bd1e810;407.9;20.3385;UNKNOWN
2016-02-15T00:39:46.000000;2016-02-15T00:39:46.000000;eec4f30c-e59e-4916-8cbb-b7e7ffebec5d;407.91;3.51189361;UNKNOWN
2016-02-15T00:40:31.000000;2016-02-15T00:40:31.000000;e40f3a8c-fb51-4275-bac4-11f65ef4898a;407.81;5.0;UNKNOWN
2016-02-15T00:40:32.000000;2016-02-15T00:40:32.000000;eb7398b1-008d-4181-a436-9621ba2817b9;407.97;1.0;UNKNOWN
2016-02-15T00:40:33.000000;2016-02-15T00:40:33.000000;9484cbdc-5674-4cf7-a546-5a1a062b60c0;407.97;1.1314;UNKNOWN
