time_exchange;time_coinpai;guid;price;base_amount;taker_side
2016-02-15T00:00:02.333000;2016-02-15T00:00:02.367000;5c7e7822-b989-4353-95b0-f98bd411688d;406.62;0.19386;BUY
2016-02-15T00:00:25.153000;2016-02-15T00:00:25.180000;c86435d9-1832-4ef0-9854-0443c4264406;406.61;0.13;SELL
2016-02-15T00:00:32.193000;2016-02-15T00:00:32.227000;8ad8ce98-5e62-47ba-b7cd-cdd9b30f7549;406.63;0.2486;SELL
2016-02-15T00:01:03.963000;2016-02-15T00:01:03.993000;c20e8590-9efb-4d25-b0a4-51aa00e7d448;406.65;0.25;SELL
2016-02-15T00:01:03.963000;2016-02-15T00:01:04.007000;515187ec-59a0-4c33-a9ea-56121cb5fc77;406.65;1.573;SELL
2016-02-15T00:01:03.963000;2016-02-15T00:01:04.007000;c100b888-bae0-4dc3-86e4-092c03b55476;406.65;6.04849503;SELL
2016-02-15T00:01:03.963000;2016-02-15T00:01:04.007000;2dd54275-2c64-4c43-9dab-d50f1d621f67;406.64;0.015;SELL
2016-02-15T00:01:03.963000;2016-02-15T00:01:04.007000;7b1c0a01-9c81-48f9-933e-161017696e7d;406.64;0.103;SELL
2016-02-15T00:01:03.963000;2016-02-15T00:01:04.070000;4bfcf38e-8bcc-43c5-a0c2-e39980218e7a;406.63;1.32911497;SELL
2016-02-15T00:01:31.763000;2016-02-15T00:01:31.790000;778a683c-a761-4f00-a7bf-e3b2d869ec39;406.64;0.02398;SELL
2016-02-15T00:01:54.840000;2016-02-15T00:01:54.883000;a09380c8-725d-4354-af62-c729a448e8a5;406.65;0.015;BUY
2016-02-15T00:01:54.840000;2016-02-15T00:01:54.883000;0e8c1abe-b216-4324-932c-555505679173;406.65;0.7885929;BUY
2016-02-15T00:01:54.847000;2016-02-15T00:01:54.883000;b6cbc1d1-39b5-453e-8a9d-755872fb13ce;406.65;0.192;BUY
2016-02-15T00:01:54.853000;2016-02-15T00:01:54.900000;115f3f98-39f1-4ae1-b1e7-ec96a858d45e;406.65;0.1164;BUY
2016-02-15T00:01:54.873000;2016-02-15T00:01:54.913000;cc9e0884-6f22-4557-8ba8-d8c4a1e105d1;406.65;0.128;BUY
2016-02-15T00:01:54.880000;2016-02-15T00:01:54.947000;5abe908d-80d9-4a1c-8520-0fd7bedc362b;406.65;1.6128;BUY
2016-02-15T00:01:54.900000;2016-02-15T00:01:54.947000;74ef1ac5-bddf-4ddd-b910-94fcdc2559f9;406.65;0.31112692;BUY
2016-02-15T00:02:00.863000;2016-02-15T00:02:00.900000;adc11327-a1b1-4d83-a378-9c18470f6cf4;406.65;5.06162;BUY
2016-02-15T00:02:01.910000;2016-02-15T00:02:01.930000;d0801201-fffe-4b17-ade6-b9e5b1fc9f7e;406.65;0.04895;BUY
2016-02-15T00:02:36.483000;2016-02-15T00:02:36.523000;9da21820-234f-484d-93ad-0ce7c389f536;406.64;0.22602;SELL
2016-02-15T00:02:36.483000;2016-02-15T00:02:36.540000;1f7cf8ab-2510-471b-8113-c455c9ffbf49;406.64;0.366;SELL
2016-02-15T00:02:36.483000;2016-02-15T00:02:36.540000;31a88fe7-48d2-4b14-9715-3dd1a35d2201;406.64;0.26715438;SELL
2016-02-15T00:02:36.483000;2016-02-15T00:02:36.553000;0d155359-cc2a-4255-a6b9-e46ad371b311;406.64;0.12;SELL
2016-02-15T00:02:36.483000;2016-02-15T00:02:36.553000;01b0dbb9-b9b3-4acb-87d5-38561d2d7ba8;406.64;0.733;SELL
2016-02-15T00:02:36.483000;2016-02-15T00:02:36.553000;1d4b853b-927c-407f-a2e1-8202d4db9ca7;406.63;0.361;SELL
2016-02-15T00:02:36.483000;2016-02-15T00:02:36.553000;5c645e10-6e06-4b7b-91cd-7b9814f413c6;406.62;1.19;SELL
2016-02-15T00:02:36.483000;2016-02-15T00:02:36.553000;faaaccc9-7ba1-455d-9ec1-553e19ebabe3;406.62;0.375;SELL
2016-02-15T00:02:36.483000;2016-02-15T00:02:36.553000;b18f8f3b-4711-407a-aeb3-546ef8f2e1f8;406.61;0.338;SELL
2016-02-15T00:02:36.483000;2016-02-15T00:02:36.553000;206e4bc4-92a4-47dd-bf6e-cefb9d5309fe;406.58;0.01;SELL
2016-02-15T00:02:36.483000;2016-02-15T00:02:36.553000;be0f8168-edad-4689-a1b2-1d217834d357;406.57;0.01;SELL
2016-02-15T00:02:36.483000;2016-02-15T00:02:36.553000;acab0125-7029-45e5-adab-2229254c3b56;406.56;0.337;SELL
2016-02-15T00:02:36.483000;2016-02-15T00:02:36.553000;c4e8dd3d-fef2-401d-9b33-c99484d15eea;406.56;0.96;SELL
2016-02-15T00:02:36.483000;2016-02-15T00:02:36.570000;aa933b9b-4ceb-4297-849e-9f9d6e110038;406.55;0.01;SELL
2016-02-15T00:02:36.483000;2016-02-15T00:02:36.570000;20b96ec5-8a4d-4123-b57b-b230180db7ed;406.55;1.6;SELL
2016-02-15T00:02:36.483000;2016-02-15T00:02:36.570000;58aa7b36-e016-4b6a-83e5-9ea98bd3a9d4;406.55;0.8;SELL
2016-02-15T00:02:36.487000;2016-02-15T00:02:36.570000;b995cc60-bc16-47b6-ad6f-17b07203b49c;406.54;0.01;SELL
2016-02-15T00:02:36.487000;2016-02-15T00:02:36.570000;eeedf6a4-527f-4e05-8a7a-305bb92255fc;406.54;0.367;SELL
2016-02-15T00:02:36.487000;2016-02-15T00:02:36.570000;6e364f6f-8f5b-42dd-9c74-ac7e1d201a98;406.54;3.2;SELL
2016-02-15T00:02:36.487000;2016-02-15T00:02:36.570000;8f3edcd4-5a88-4dba-9ed6-ac846ea02022;406.53;0.01;SELL
2016-02-15T00:02:36.487000;2016-02-15T00:02:36.603000;e0eadb20-8ab7-4c46-bacd-766cbd88ede8;406.53;0.01;SELL
2016-02-15T00:02:36.487000;2016-02-15T00:02:36.603000;acca5794-b238-4533-827c-8e64403d9512;406.53;0.383;SELL
2016-02-15T00:02:36.487000;2016-02-15T00:02:36.603000;6321d999-a58a-4239-9b3d-c289cee6a40f;406.53;3.79255562;SELL
2016-02-15T00:03:02.507000;2016-02-15T00:03:02.540000;f2f7f892-d6be-49a0-b30d-c094f7daf815;406.64;0.15063;BUY
2016-02-15T00:03:10.103000;2016-02-15T00:03:10.133000;b0f41dc6-004a-4323-96ed-f79c2f17e69e;406.64;0.06;BUY
2016-02-15T00:03:38.327000;2016-02-15T00:03:38.353000;620af9ec-19fd-4389-83b4-56777be92ded;406.63;0.02642;SELL
2016-02-15T00:03:45.483000;2016-02-15T00:03:45.527000;5a239a5d-2b7e-480c-96a8-a552cdae3a89;406.63;0.0175;SELL
2016-02-15T00:03:45.503000;2016-02-15T00:03:45.543000;18dd6a31-c9d0-4f80-bbb2-b3bcd1ac1e70;406.63;0.01309;SELL
2016-02-15T00:03:45.510000;2016-02-15T00:03:45.560000;ec47d493-d7c9-4fc0-9b22-fc2e03526a59;406.63;0.01205562;SELL
2016-02-15T00:04:03.277000;2016-02-15T00:04:03.323000;0943273c-de9c-468c-ba4a-98ca9acd0a23;406.64;0.46359;BUY
2016-02-15T00:04:32.043000;2016-02-15T00:04:32.077000;d8c6f21a-18c3-495a-ba11-d3405a709609;406.64;1.06167;BUY
2016-02-15T00:05:02.133000;2016-02-15T00:05:02.170000;18d4240b-7e01-48fb-a6a0-0b0923dbf4db;406.63;0.18093438;SELL
2016-02-15T00:05:02.133000;2016-02-15T00:05:02.183000;d9a880a0-474d-4252-bf14-b75036bd0906;406.63;0.12;SELL
2016-02-15T00:05:02.133000;2016-02-15T00:05:02.183000;42981c56-b6a5-40fe-a081-d9d9d28699bc;406.63;1.06221562;SELL
2016-02-15T00:05:40.273000;2016-02-15T00:05:40.310000;20ae23a2-439b-4d9d-858b-8f61522e9812;406.64;0.29011;BUY
2016-02-15T00:05:40.273000;2016-02-15T00:05:40.327000;3246e62b-f73b-4b17-b170-5eaeee77ef06;406.64;0.32719;BUY
2016-02-15T00:06:01.773000;2016-02-15T00:06:01.810000;c33d8610-cb27-4939-8f69-d37ac632e90b;406.63;0.31447;SELL
2016-02-15T00:06:32.007000;2016-02-15T00:06:32.043000;cf7e4b38-97ad-47c6-a74d-b426f9b81cef;406.63;0.04797;SELL
2016-02-15T00:07:02.517000;2016-02-15T00:07:02.543000;0dc6b4cf-1fee-4f86-b0b1-584d568b386e;406.64;0.68745;BUY
2016-02-15T00:07:32.120000;2016-02-15T00:07:32.153000;743d798c-8f3f-4cf0-945e-b6ed690d5131;406.63;1.57534438;SELL
2016-02-15T00:07:32.123000;2016-02-15T00:07:32.170000;f1437d17-9023-4f6e-a4b1-9fe38036d364;406.63;0.521;SELL
2016-02-15T00:07:32.123000;2016-02-15T00:07:32.170000;8aeee6d1-2db5-4316-90d1-b6eb38e9c69f;406.63;0.5;SELL
2016-02-15T00:07:32.123000;2016-02-15T00:07:32.170000;d47c2cdb-e0a8-4bbb-aa09-f71aa3663ca6;406.63;0.115;SELL
2016-02-15T00:07:32.123000;2016-02-15T00:07:32.170000;72e848b8-541c-4fc4-8ff2-f7f6dc33abce;406.63;0.01;SELL
2016-02-15T00:07:32.123000;2016-02-15T00:07:32.263000;026c388b-8e44-41d1-9d6e-3dd15d3ad9ca;406.6;0.01;SELL
2016-02-15T00:07:32.123000;2016-02-15T00:07:32.263000;5a2d88fa-d28f-4bd7-89b6-676a1ecce750;406.58;0.117;SELL
2016-02-15T00:07:32.123000;2016-02-15T00:07:32.263000;04e14a85-cb59-4838-af69-382057da9cd7;406.55;1.92;SELL
2016-02-15T00:07:32.123000;2016-02-15T00:07:32.263000;111dedfa-6152-496d-91af-955a505f4cdd;406.54;0.8;SELL
2016-02-15T00:07:32.123000;2016-02-15T00:07:32.263000;fb173f4a-c061-40c8-afb2-fd2a64679385;406.54;1.92;SELL
2016-02-15T00:07:32.123000;2016-02-15T00:07:32.263000;30b76859-58e9-4a10-93f8-9463f8e7543d;406.53;0.136;SELL
2016-02-15T00:07:32.123000;2016-02-15T00:07:32.263000;02633c21-4af0-47f6-82fd-c952c2370a9b;406.53;2.25458562;SELL
2016-02-15T00:08:01.817000;2016-02-15T00:08:01.857000;5e64a67b-e4e6-4d64-9896-206e0c30c72f;406.64;4.52998;BUY
2016-02-15T00:08:31.997000;2016-02-15T00:08:32.027000;e961e1b7-7353-4893-92f7-70db2f42b939;406.63;0.094;SELL
2016-02-15T00:08:31.997000;2016-02-15T00:08:32.043000;9aaa29c9-6d81-4c87-b447-fcf698099e19;406.63;0.02885;SELL
2016-02-15T00:09:02.187000;2016-02-15T00:09:02.217000;828c5d46-e6c7-4afc-b06c-d3578eab3bc7;406.64;0.10483;BUY
2016-02-15T00:09:32.173000;2016-02-15T00:09:32.200000;9de3f380-da55-4cc6-b776-1bea1db758bb;406.64;0.21569;BUY
2016-02-15T00:10:02.050000;2016-02-15T00:10:02.077000;8429799c-1129-453e-9647-17dcde7306bd;406.64;0.67219;BUY
2016-02-15T00:10:11.570000;2016-02-15T00:10:11.590000;a0794667-3312-43d8-bdb4-c1aaca712473;406.63;0.012;SELL
2016-02-15T00:10:11.570000;2016-02-15T00:10:11.607000;7b99f371-0667-4b70-92e5-b86e21e831e9;406.63;0.074;SELL
2016-02-15T00:10:11.570000;2016-02-15T00:10:11.607000;c0425b06-e6b8-4a6a-a010-a56d431f3786;406.63;1.0;SELL
2016-02-15T00:10:11.570000;2016-02-15T00:10:11.607000;28a67859-7b62-4e0e-b8af-37627fc1f830;406.62;0.012;SELL
2016-02-15T00:10:11.570000;2016-02-15T00:10:11.607000;861915d4-cf09-458c-a689-6dbac2ef6a89;406.58;0.283;SELL
2016-02-15T00:10:11.570000;2016-02-15T00:10:11.623000;a111f55a-7aa5-40e7-898b-667aec946b73;406.53;0.246;SELL
2016-02-15T00:10:32.287000;2016-02-15T00:10:32.310000;a1460447-4cda-4d4f-a24f-c7f0fbcbe131;406.53;0.21197;BUY
2016-02-15T00:10:36.340000;2016-02-15T00:10:36.357000;33be1a5a-7c91-4f81-9271-5eceadf7ce64;406.52;0.01;SELL
2016-02-15T00:10:36.340000;2016-02-15T00:10:36.373000;5eb08532-f526-4c78-aaec-99505713e100;406.52;0.25;SELL
2016-02-15T00:10:36.340000;2016-02-15T00:10:36.373000;0f99cf06-77e7-419d-a95b-6b543a6bea8f;406.52;0.1;SELL
2016-02-15T00:11:02.123000;2016-02-15T00:11:02.153000;fa494a3e-d114-43a6-9585-520a3b530257;406.53;1.00245;BUY
2016-02-15T00:11:18.237000;2016-02-15T00:11:18.263000;e6151e81-630b-41c4-90d5-e6c66a83ed0e;406.53;1.0;BUY
2016-02-15T00:11:35.657000;2016-02-15T00:11:35.670000;a6138ddf-33f7-4227-90fb-5136054e9599;406.53;0.40058;BUY
2016-02-15T00:12:02.230000;2016-02-15T00:12:02.247000;a896edc6-d04a-4b13-8601-ef3a8512351b;406.53;0.38498;BUY
2016-02-15T00:12:31.867000;2016-02-15T00:12:31.903000;b9094909-d5ac-4b00-9f0d-8714337d7499;406.53;1.94939;BUY
2016-02-15T00:12:49.057000;2016-02-15T00:12:49.077000;832a2ba9-63a2-4420-b33d-d83caa53a658;406.52;0.25;SELL
2016-02-15T00:12:49.057000;2016-02-15T00:12:49.090000;ead60391-713c-427e-bbed-e554783c1be3;406.52;0.03370917;SELL
2016-02-15T00:13:02.120000;2016-02-15T00:13:02.137000;21c5f611-348c-4684-b2e6-a2d2ad9aa599;406.52;0.25;SELL
2016-02-15T00:13:02.120000;2016-02-15T00:13:02.153000;fa11a70f-16b5-494f-9c9e-caa83a901758;406.52;0.149;SELL
2016-02-15T00:13:02.120000;2016-02-15T00:13:02.153000;bd44d443-d448-4e82-a7a7-3d05d9e66c1f;406.51;0.01;SELL
2016-02-15T00:13:02.123000;2016-02-15T00:13:02.153000;128c17b1-e44b-4754-9761-95a3a436a8eb;406.51;0.01;SELL
2016-02-15T00:13:02.123000;2016-02-15T00:13:02.170000;2f63f0f4-3bde-438f-a700-64bd07409781;406.51;0.25;SELL
2016-02-15T00:13:02.123000;2016-02-15T00:13:02.247000;d90a88b9-1e5f-46ef-b364-2c02a1e866b6;406.51;1.32552;SELL
2016-02-15T00:13:31.993000;2016-02-15T00:13:32.013000;59a2f597-4cfc-4003-bb24-c236b3b28ffa;406.52;0.06153;SELL
2016-02-15T00:13:48.360000;2016-02-15T00:13:48.373000;54cd4b6e-b96f-4047-9d59-1e1222cf4e21;406.52;0.18847;SELL
2016-02-15T00:13:48.360000;2016-02-15T00:13:48.387000;05170dd9-954e-4ef1-92f4-3cdb2a1d667a;406.52;0.31153;SELL
2016-02-15T00:13:51.833000;2016-02-15T00:13:51.857000;60822015-94ae-4098-966c-c1aea09ea52a;406.51;0.25;SELL
2016-02-15T00:14:02.233000;2016-02-15T00:14:02.247000;1d7915bf-871e-488a-a409-c615ea0cb364;406.52;0.25;SELL
2016-02-15T00:14:02.233000;2016-02-15T00:14:02.263000;3e4e06f7-feea-4513-bf79-fedb82ec13c4;406.52;0.024;SELL
2016-02-15T00:14:02.233000;2016-02-15T00:14:02.263000;b5c80540-59c5-48ad-917b-2b16acd1d246;406.52;1.883;SELL
2016-02-15T00:14:02.233000;2016-02-15T00:14:02.263000;c238fbec-e2a2-4698-bb4c-a64a9af976df;406.52;0.02;SELL
2016-02-15T00:14:02.233000;2016-02-15T00:14:02.263000;2c0413b9-617d-415f-be0f-42c20b0375bb;406.52;0.01;SELL
2016-02-15T00:14:02.233000;2016-02-15T00:14:02.280000;9e2f4b88-33dd-419e-9acc-ada141b7b931;406.51;0.55016;SELL
2016-02-15T00:14:10.167000;2016-02-15T00:14:10.183000;16b06fc6-19d8-46bb-9bff-26e55fe220c0;406.53;4.439;BUY
2016-02-15T00:14:13.237000;2016-02-15T00:14:13.263000;b6b4f671-ca11-4c5a-8562-3c32fc4351d9;406.53;4.824;BUY
2016-02-15T00:14:19.737000;2016-02-15T00:14:19.747000;2ef0d9e8-1069-4970-b7c4-568b90b47955;406.53;3.702;BUY
2016-02-15T00:14:25.287000;2016-02-15T00:14:25.293000;05812360-f605-44a6-a8f8-aa6e5400ebce;406.53;4.424;BUY
2016-02-15T00:14:29.597000;2016-02-15T00:14:29.607000;591475a3-1613-4140-bdaf-42f3e114c344;406.53;4.451;BUY
2016-02-15T00:14:31.837000;2016-02-15T00:14:31.857000;40d20f3d-6292-4006-9373-649c90f8e8bf;406.53;0.45232;BUY
2016-02-15T00:14:41.690000;2016-02-15T00:14:41.700000;5a6a6870-e0e0-4056-9307-592675c34d0a;406.53;3.96;BUY
2016-02-15T00:14:46.517000;2016-02-15T00:14:46.530000;3bed68a3-b966-4c19-8e73-4d50ed0dbe7f;406.53;2.17131;BUY
2016-02-15T00:14:46.517000;2016-02-15T00:14:46.560000;0176bbb0-9fbc-48f1-a3e9-2dc89f7ff379;406.53;1.0;BUY
2016-02-15T00:14:46.517000;2016-02-15T00:14:46.560000;6cb8cdf3-b8d1-4df5-b35c-65337cf6515c;406.53;0.02;BUY
2016-02-15T00:14:46.517000;2016-02-15T00:14:46.560000;11804fcc-7c38-4089-bd98-82ada52f2b5a;406.53;0.1;BUY
2016-02-15T00:14:46.517000;2016-02-15T00:14:46.560000;8361b25a-3c7c-4385-86c9-1de12ad564fb;406.53;0.75269;BUY
2016-02-15T00:14:56.790000;2016-02-15T00:14:56.810000;5cfdaaf5-dd8a-4e41-aff2-8b8fd84668d0;406.64;0.5;BUY
2016-02-15T00:17:52.483000;2016-02-15T00:17:52.483000;1bda5def-8db2-4672-aa68-0395f20a8b76;406.64;0.2;BUY
2016-02-15T00:17:58.027000;2016-02-15T00:17:58.043000;dac5d0f8-6b2f-4016-88d4-a89541b13d9f;406.64;0.1;BUY
2016-02-15T00:18:27.693000;2016-02-15T00:18:27.700000;75f950ef-bb0b-49a4-9657-d4ff5d049c8b;406.64;0.067;BUY
2016-02-15T00:18:27.700000;2016-02-15T00:18:27.717000;fd147a61-35cf-4498-aee2-6e5f00d568f4;406.64;0.256;BUY
2016-02-15T00:18:27.703000;2016-02-15T00:18:27.733000;45e5d489-d9fd-4cba-b9d9-9bf3ddff5b51;406.64;0.5632;BUY
2016-02-15T00:18:27.730000;2016-02-15T00:18:27.733000;ebe99020-1f6d-4ff9-b255-8664cfbd9b56;406.64;0.14028;BUY
2016-02-15T00:18:39.550000;2016-02-15T00:18:39.543000;6e067371-069d-476f-9dee-6fa80810a98c;406.64;1.63619;BUY
2016-02-15T00:18:39.550000;2016-02-15T00:18:39.560000;3ea28cf7-c290-48e5-aaae-61d976e34054;406.64;0.24731;BUY
2016-02-15T00:18:47.840000;2016-02-15T00:18:47.840000;aeebd7cf-e0a1-462b-843d-b0413a28eb55;406.69;0.01;BUY
2016-02-15T00:18:47.840000;2016-02-15T00:18:47.857000;ba6f3089-151a-446c-af0c-5c801a356606;406.71;0.01;BUY
2016-02-15T00:18:47.840000;2016-02-15T00:18:47.857000;b3d8966a-cac4-4a7e-baf0-93d3cb1264a3;406.75;0.024;BUY
2016-02-15T00:18:47.840000;2016-02-15T00:18:47.873000;d9fcfb3e-34d5-4b7a-b85b-ecaf965105d5;406.78;0.01;BUY
2016-02-15T00:18:47.840000;2016-02-15T00:18:47.873000;37cd998b-91bb-4d92-8d63-6cb8917f2e0d;406.82;0.246;BUY
2016-02-15T00:18:57.767000;2016-02-15T00:18:57.780000;a15cc863-d3d1-4edf-aaf8-a2d4bed0e74a;406.82;0.054;BUY
2016-02-15T00:18:57.767000;2016-02-15T00:18:57.780000;84e11b26-c59e-4f56-b300-fe3c2a504c99;406.82;0.5;BUY
2016-02-15T00:18:57.767000;2016-02-15T00:18:57.780000;23806fa8-1535-4866-a8fa-df7c8747e9e8;406.87;0.016;BUY
2016-02-15T00:18:57.767000;2016-02-15T00:18:57.853000;14b72ef3-2d4c-4fe9-8972-cb34d6bec009;406.88;0.01;BUY
2016-02-15T00:18:57.767000;2016-02-15T00:18:57.853000;4fa2c084-5376-4455-9e27-e18cb29c920b;406.93;0.01;BUY
2016-02-15T00:18:57.770000;2016-02-15T00:18:57.853000;26e4940f-3ef5-4f30-b1cc-d4704e3953e4;406.94;0.01;BUY
2016-02-15T00:18:57.770000;2016-02-15T00:18:57.853000;720c46f5-d2ed-4eba-8f8b-985922fe9fbd;406.95;0.01;BUY
2016-02-15T00:18:57.770000;2016-02-15T00:18:57.853000;9c3ff655-894b-4d14-be02-c37b9198be21;406.95;0.01;BUY
2016-02-15T00:18:57.770000;2016-02-15T00:18:57.853000;5aa77074-18c9-4e64-804a-96633c5a0854;406.95;0.01;BUY
2016-02-15T00:18:57.770000;2016-02-15T00:18:57.853000;c58e7c03-e1f6-4276-8122-87a5231ce86c;406.97;0.01;BUY
2016-02-15T00:18:57.770000;2016-02-15T00:18:57.853000;8de58592-59b6-4e12-a3f5-f01d0c148366;406.98;0.01;BUY
2016-02-15T00:18:57.770000;2016-02-15T00:18:57.870000;c232a37e-469d-42c6-8b2d-fd5d19567b31;406.99;0.3502584;BUY
2016-02-15T00:19:04.663000;2016-02-15T00:19:04.713000;68da5a57-d80d-4757-94ee-3ef7130f7390;406.99;0.1499416;BUY
2016-02-15T00:19:04.663000;2016-02-15T00:19:04.713000;3462b08f-1852-466d-a027-3173cae44f02;407.0;0.01;BUY
2016-02-15T00:19:04.663000;2016-02-15T00:19:04.743000;ff548ef6-2bf6-486d-9c4a-b1412ff51832;407.0;0.038;BUY
2016-02-15T00:19:04.663000;2016-02-15T00:19:04.743000;1afeea93-7d73-4aab-a32c-a10a3a42ffa8;407.0;0.01;BUY
2016-02-15T00:19:04.663000;2016-02-15T00:19:04.743000;65e991ac-e6cd-45b4-a798-f1bb0e81a780;407.0;0.01;BUY
2016-02-15T00:19:04.663000;2016-02-15T00:19:04.743000;f9579d6f-5443-43db-be42-c2e97669228f;407.0;0.2;BUY
2016-02-15T00:19:04.663000;2016-02-15T00:19:04.743000;979eccb9-3b32-49bf-a267-472d9edfd119;407.01;0.0187;BUY
2016-02-15T00:19:04.663000;2016-02-15T00:19:04.743000;7e5513c8-c29b-43dc-8d25-8ac1b53d74d6;407.01;0.01;BUY
2016-02-15T00:19:04.663000;2016-02-15T00:19:04.743000;4ea1c88a-d024-42ca-930c-e5aaa1a798db;407.01;0.01;BUY
2016-02-15T00:19:04.663000;2016-02-15T00:19:04.743000;bbc35ee1-4970-41ec-b4b0-efa8776c4750;407.02;0.01;BUY
2016-02-15T00:19:04.663000;2016-02-15T00:19:04.743000;3ee8729c-c609-4f9f-84c5-a3f98edaaf16;407.03;0.01;BUY
2016-02-15T00:19:04.663000;2016-02-15T00:19:04.760000;ed613443-9b24-4c9f-87b9-b3b76b73ab28;407.04;0.01;BUY
2016-02-15T00:19:04.663000;2016-02-15T00:19:04.760000;7bd6d320-3cb3-429b-a577-6769e26756e8;407.04;0.0133584;BUY
2016-02-15T00:19:13.440000;2016-02-15T00:19:13.480000;5ab4b9ff-8554-4c6c-a87b-950392d54ef7;407.04;0.0106416;BUY
2016-02-15T00:19:13.440000;2016-02-15T00:19:13.510000;f6db0713-b99d-451b-80c6-9db2084a1b5c;407.05;0.01;BUY
2016-02-15T00:19:13.440000;2016-02-15T00:19:13.510000;85ba8247-7488-4237-b3fa-6f935b209892;407.05;0.01;BUY
2016-02-15T00:19:13.440000;2016-02-15T00:19:13.510000;d7808700-97f9-476c-bcbb-fae53ef41edf;407.06;0.01;BUY
2016-02-15T00:19:13.440000;2016-02-15T00:19:13.527000;f872011e-54d3-4626-92ea-a402217965f9;407.07;0.01;BUY
2016-02-15T00:19:13.440000;2016-02-15T00:19:13.527000;b77b6644-f43d-45cc-8d94-ba0a9ad7225c;407.07;0.01;BUY
2016-02-15T00:19:13.440000;2016-02-15T00:19:13.573000;cf2c6996-7b5d-41ce-9771-e44bbfa6fbf2;407.08;0.01;BUY
2016-02-15T00:19:13.440000;2016-02-15T00:19:13.587000;fa7333a4-02be-4bfb-82c7-2ae09cf5c340;407.08;0.01;BUY
2016-02-15T00:19:13.440000;2016-02-15T00:19:13.587000;1faaa0d4-a236-47cd-8bff-b4d19c564686;407.08;0.01;BUY
2016-02-15T00:19:13.440000;2016-02-15T00:19:13.587000;54788925-337e-4d07-b10e-06d71d4197c5;407.09;0.01;BUY
2016-02-15T00:19:13.443000;2016-02-15T00:19:13.587000;37537cbc-8850-4df4-a7ff-31a0cc728472;407.1;0.01;BUY
2016-02-15T00:19:13.443000;2016-02-15T00:19:13.587000;9a94e6ce-31ea-474a-a5a2-0b65e6c0224b;407.1;0.01;BUY
2016-02-15T00:19:13.443000;2016-02-15T00:19:13.587000;4b63846b-0577-4bbe-8743-f7bba6c5166d;407.11;0.01;BUY
2016-02-15T00:19:13.443000;2016-02-15T00:19:13.587000;f9ef4514-ad7c-4625-b384-b34092508254;407.12;0.01;BUY
2016-02-15T00:19:13.443000;2016-02-15T00:19:13.587000;280d3667-0bf5-4f2a-b5c2-1e51d84bedf1;407.12;0.01;BUY
2016-02-15T00:19:13.443000;2016-02-15T00:19:13.587000;3389c733-c0f9-4aba-bff4-84c4fb3f7f54;407.14;0.01;BUY
2016-02-15T00:19:13.443000;2016-02-15T00:19:13.587000;a4ca9ec3-2350-43c1-89f2-e6da37a035e3;407.15;0.01;BUY
2016-02-15T00:19:13.443000;2016-02-15T00:19:13.587000;f66aabb4-9a92-4127-81c7-cf8466083b42;407.15;0.10133104;BUY
2016-02-15T00:19:14.910000;2016-02-15T00:19:14.947000;e39728b3-984a-4d5a-a179-c7d6035cbd76;407.15;0.1;BUY
2016-02-15T00:19:51.547000;2016-02-15T00:19:51.603000;c2d605fc-bc17-4e5f-a595-72fed0a5a139;407.15;0.01;BUY
2016-02-15T00:19:58.307000;2016-02-15T00:19:58.353000;e3f515d1-c789-4419-aff2-a054c56028fb;407.15;0.01;BUY
2016-02-15T00:20:07.557000;2016-02-15T00:20:07.603000;2fb8e7b7-1e92-4bc0-ac7c-467c5b5414a0;407.15;0.87866896;BUY
2016-02-15T00:20:08.857000;2016-02-15T00:20:08.917000;01e76300-3b83-4b23-a62d-85eccd7a3858;407.16;0.01;BUY
2016-02-15T00:20:08.857000;2016-02-15T00:20:08.917000;f33f60be-5031-4072-b046-e1a001b78d8a;407.17;0.01;BUY
2016-02-15T00:20:08.860000;2016-02-15T00:20:08.917000;731758ce-fe14-4fa4-898d-9874f6a56e63;407.18;0.01;BUY
2016-02-15T00:20:08.860000;2016-02-15T00:20:08.917000;3994436b-1edf-4848-8dfb-9860630bd6b9;407.19;0.01;BUY
2016-02-15T00:20:08.860000;2016-02-15T00:20:08.933000;360ecf47-0025-41df-8ed7-9ef54ac4763a;407.19;0.01;BUY
2016-02-15T00:20:08.860000;2016-02-15T00:20:08.933000;a0a3896a-5a7b-4eff-9df7-40f8c059cd80;407.2;0.03;BUY
2016-02-15T00:20:08.860000;2016-02-15T00:20:08.933000;0f45e655-ec23-4eb7-bdb2-3ca8840475ab;407.2;0.01;BUY
2016-02-15T00:20:08.860000;2016-02-15T00:20:08.933000;0b849d2a-a4c7-470f-8bf5-a3557283c250;407.21;0.01;BUY
2016-02-15T00:20:08.860000;2016-02-15T00:20:08.933000;0ecfa368-270c-4512-bc02-b9053de1b544;407.21;0.02;BUY
2016-02-15T00:20:08.860000;2016-02-15T00:20:08.947000;d535a664-a9e9-4e3b-8ee2-39ef68d49cdd;407.21;0.01;BUY
2016-02-15T00:20:08.860000;2016-02-15T00:20:08.947000;141d903f-c83c-4228-b9bd-9358cc478997;407.22;0.01;BUY
2016-02-15T00:20:08.860000;2016-02-15T00:20:08.947000;35977002-7819-4c45-816a-33166176a0b4;407.23;0.01;BUY
2016-02-15T00:20:08.860000;2016-02-15T00:20:08.947000;3bf3f527-9753-4110-ad71-c750d76954e5;407.24;0.05;BUY
2016-02-15T00:20:14.477000;2016-02-15T00:20:14.527000;d0033bed-667b-483f-9ad3-47ebcb3f2997;407.24;1.048;BUY
2016-02-15T00:20:14.477000;2016-02-15T00:20:14.540000;58e8c115-7709-4e6a-8e01-1f55d2515cca;407.24;0.01;BUY
2016-02-15T00:20:14.477000;2016-02-15T00:20:14.540000;20c2adcb-10ea-4c11-86f7-950a01e5bf9b;407.25;0.01;BUY
2016-02-15T00:20:14.477000;2016-02-15T00:20:14.540000;620383b0-6dad-4f29-b2a2-e6314d65e402;407.3;0.01;BUY
2016-02-15T00:20:14.477000;2016-02-15T00:20:14.557000;48ed522e-61f0-44c4-ad9f-98961c98ede4;407.34;0.01;BUY
2016-02-15T00:20:14.477000;2016-02-15T00:20:14.557000;6f0601af-6be3-4a46-ad09-24a3d17d1b42;407.34;0.29;BUY
2016-02-15T00:20:14.477000;2016-02-15T00:20:14.557000;a1d4962c-be35-46e8-a379-96aea5651486;407.35;0.01;BUY
2016-02-15T00:20:14.477000;2016-02-15T00:20:14.557000;e251ec1b-b20c-4d97-bb3d-48f22ca69e78;407.35;0.01;BUY
2016-02-15T00:20:14.480000;2016-02-15T00:20:14.557000;ba6d2ed3-a883-41bf-ad51-64ce9e0108b0;407.36;0.02;BUY
2016-02-15T00:20:14.480000;2016-02-15T00:20:14.557000;21f25497-7e81-4e15-aafc-8db19af3b03c;407.4;0.01;BUY
2016-02-15T00:20:14.480000;2016-02-15T00:20:14.573000;07dee857-5025-4867-ac97-419aa315d750;407.41;0.01;BUY
2016-02-15T00:20:14.480000;2016-02-15T00:20:14.573000;c1c0d95e-e9a4-4a91-9bc5-f1c8af6aff01;407.46;0.01;BUY
2016-02-15T00:20:14.480000;2016-02-15T00:20:14.573000;b99b6421-dd10-4682-9fcc-44590f8ba9d2;407.5;0.03118679;BUY
2016-02-15T00:20:14.480000;2016-02-15T00:20:14.573000;90417185-98df-45b7-a732-3105c41e9a18;407.51;1.0;BUY
2016-02-15T00:20:14.480000;2016-02-15T00:20:14.620000;7f348882-5740-41ef-af68-232beba3b383;407.54;0.01;BUY
2016-02-15T00:20:14.480000;2016-02-15T00:20:14.633000;16dc753c-7741-4846-96c5-f5666810cb54;407.56;0.01;BUY
2016-02-15T00:20:14.480000;2016-02-15T00:20:14.633000;3122873d-cee2-4b1d-bbee-589d0bd135ae;407.56;0.96;BUY
2016-02-15T00:20:14.480000;2016-02-15T00:20:14.633000;34ceb7fa-3f91-4a96-8e50-678192571506;407.56;0.01329957;BUY
2016-02-15T00:20:14.480000;2016-02-15T00:20:14.633000;aaf90b0c-ed2a-4778-ac58-55aea2236b70;407.57;0.01;BUY
2016-02-15T00:20:14.480000;2016-02-15T00:20:14.633000;110df078-e87b-4d9e-b0ff-9f18ae61a441;407.57;1.6;BUY
2016-02-15T00:20:14.480000;2016-02-15T00:20:14.633000;8396d09b-e50b-420e-8029-9ea025290d1c;407.57;0.64;BUY
2016-02-15T00:20:14.480000;2016-02-15T00:20:14.633000;83dd745b-9265-404d-aee3-d7e27955b82c;407.58;0.01;BUY
2016-02-15T00:20:14.480000;2016-02-15T00:20:14.633000;4891689f-6f59-476c-bf12-b0ca7c65e5a0;407.59;0.64;BUY
2016-02-15T00:20:14.480000;2016-02-15T00:20:14.633000;e4c5a374-9a9e-4d78-8f59-cb3ae372e7ea;407.59;2.0;BUY
2016-02-15T00:20:14.483000;2016-02-15T00:20:14.633000;f050b0ed-70ef-4d34-b1a7-848befdf1aba;407.6;0.291;BUY
2016-02-15T00:20:14.483000;2016-02-15T00:20:14.633000;e0931017-d07e-4075-a757-a7da85e290c5;407.6;2.88;BUY
2016-02-15T00:20:14.483000;2016-02-15T00:20:14.633000;3ab2b003-cf30-408a-8cbc-a8b7f70769e4;407.61;0.2;BUY
2016-02-15T00:20:14.483000;2016-02-15T00:20:14.633000;cdab3fef-1d48-431d-8a5f-455244efec6a;407.62;0.26663336;BUY
2016-02-15T00:20:37.187000;2016-02-15T00:20:37.230000;533541f9-da10-4a84-97ba-b292c0b032d4;407.65;0.02640277;BUY
2016-02-15T00:21:35.373000;2016-02-15T00:21:35.417000;311ef5f8-7ae2-47be-bf55-d2923c6b0b9a;407.65;7.72031118;BUY
2016-02-15T00:21:41.630000;2016-02-15T00:21:41.697000;8388c862-7f26-412e-a3b3-590f6ec0722b;407.65;4.174;BUY
2016-02-15T00:21:45.243000;2016-02-15T00:21:45.290000;c1d276dc-671d-41d1-9503-7b7456e38f62;407.65;3.881;BUY
2016-02-15T00:21:51.080000;2016-02-15T00:21:51.120000;cee73c7d-f9cb-4618-a7cc-ea19a7c6f225;407.65;2.898;BUY
2016-02-15T00:22:01.833000;2016-02-15T00:22:01.883000;37fc6df0-d339-493b-a510-91fe2f6381ed;407.65;6.30028605;BUY
2016-02-15T00:22:01.837000;2016-02-15T00:22:01.883000;0b337b64-816f-49fe-8091-ecb09d658202;407.65;0.04;BUY
2016-02-15T00:22:01.837000;2016-02-15T00:22:01.883000;cdbdf2dc-e52f-4791-9ecf-7b5f8d45df61;407.66;0.01;BUY
2016-02-15T00:22:01.837000;2016-02-15T00:22:01.883000;0c09043d-bdef-4b74-9db9-0e8abedf9ffe;407.7;0.01;BUY
2016-02-15T00:22:01.837000;2016-02-15T00:22:01.917000;fc491c88-f5fe-42ad-9576-e31cf170dd8d;407.77;0.01;BUY
2016-02-15T00:22:01.837000;2016-02-15T00:22:01.917000;fd2b266c-1495-433e-8cbd-a2dd0ca9503e;407.77;0.1;BUY
2016-02-15T00:22:01.837000;2016-02-15T00:22:01.917000;a3bdd097-696a-4944-978c-634fb69f1eaf;407.78;0.0187;BUY
2016-02-15T00:22:01.837000;2016-02-15T00:22:01.917000;1bfe473b-835c-498a-aa39-1c7ff4807e43;407.84;0.2;BUY
2016-02-15T00:22:01.837000;2016-02-15T00:22:01.917000;9818362c-cc88-467d-a525-bd0db51b6176;407.9;6.0;BUY
2016-02-15T00:22:01.837000;2016-02-15T00:22:01.917000;4b4fbc68-be22-45cd-b85a-07c91e715c1d;407.93;0.01;BUY
2016-02-15T00:22:01.837000;2016-02-15T00:22:01.917000;69166689-30cd-4dfc-bd45-55335477ed13;407.94;0.01;BUY
2016-02-15T00:22:01.837000;2016-02-15T00:22:01.917000;8ea5d276-7362-43d6-8f95-d5fb0e91d45f;407.95;0.01;BUY
2016-02-15T00:22:01.837000;2016-02-15T00:22:01.947000;99cdce3d-b884-4f4e-9f81-2d6905ace61f;407.95;0.42804434;BUY
2016-02-15T00:22:01.837000;2016-02-15T00:22:01.947000;d9aa6a8c-7b71-47d7-87ec-195aed229b47;407.96;0.87866896;BUY
2016-02-15T00:22:01.837000;2016-02-15T00:22:01.947000;5ed70529-8340-4959-9eb2-f631ff07a6f2;407.99;0.5;BUY
2016-02-15T00:22:01.837000;2016-02-15T00:22:01.947000;1de283b5-707d-459c-bc07-f44dc3d3c6f5;408.0;0.01255612;BUY
2016-02-15T00:22:01.837000;2016-02-15T00:22:01.947000;3ac91dc8-4e28-4a08-a3ab-0df4dad5b34f;408.0;0.01;BUY
2016-02-15T00:22:01.837000;2016-02-15T00:22:01.947000;f703e3bc-a5d3-4108-b2ce-fb18fb6bf1fa;408.0;4.77632453;BUY
2016-02-15T00:22:45.880000;2016-02-15T00:22:45.917000;09e1b15f-a468-4f20-929f-0002d2a6ebc2;408.0;6.02037477;BUY
2016-02-15T00:22:54.000000;2016-02-15T00:22:54.027000;4e8a7f12-6139-4b99-95a6-65766278c17c;408.0;0.11;BUY
2016-02-15T00:22:54.857000;2016-02-15T00:22:54.900000;56abeaef-2f71-473e-9318-c366d9370007;408.0;1.0;BUY
2016-02-15T00:23:01.890000;2016-02-15T00:23:01.917000;62d53892-98d4-42ac-9723-e5fcdefdd43f;408.0;2.1342;BUY
2016-02-15T00:23:25.540000;2016-02-15T00:23:25.573000;0aab8efb-c804-4c12-acd4-916b577385af;408.0;5.9591007;BUY
2016-02-15T00:23:25.540000;2016-02-15T00:23:25.587000;330ba10f-5aa1-4cb9-af21-79f9ee1ba72b;408.0;0.02;BUY
2016-02-15T00:23:25.540000;2016-02-15T00:23:25.587000;8cf049bf-b8ae-4d9b-a950-5c4b2e500968;408.0;0.01;BUY
2016-02-15T00:23:25.540000;2016-02-15T00:23:25.587000;bff8edd0-5389-475b-89aa-407db5437f2d;408.0;3.001;BUY
2016-02-15T00:23:25.540000;2016-02-15T00:23:25.603000;ae7dcb50-ca63-4280-8962-c0745ab78af0;408.0;1.0098993;BUY
2016-02-15T00:23:35.737000;2016-02-15T00:23:35.777000;7baa8d6d-db64-4505-a414-6bc5fe5d0690;408.0;5.0;BUY
2016-02-15T00:23:38.420000;2016-02-15T00:23:38.447000;9423def3-3a00-4661-9244-88a3bcefe861;408.0;6.01319402;BUY
2016-02-15T00:23:52.680000;2016-02-15T00:23:52.713000;716d3bbf-1c56-473f-80a1-ef1094aa03c7;408.0;10.0;BUY
2016-02-15T00:24:01.360000;2016-02-15T00:24:01.383000;736b075d-a4ee-4cf2-8a0d-a97d857b99b5;407.99;0.25;SELL
2016-02-15T00:24:01.360000;2016-02-15T00:24:01.400000;d3768c6d-04be-4478-9798-92f2633a498e;407.99;5.8478;SELL
2016-02-15T00:24:31.410000;2016-02-15T00:24:31.433000;be3ba516-b1ab-4de5-8d88-703c86d9097c;408.0;1.0012;BUY
2016-02-15T00:24:52.960000;2016-02-15T00:24:52.993000;b53ab693-f84d-44ad-a536-21521367248a;408.0;0.01;BUY
2016-02-15T00:24:58.710000;2016-02-15T00:24:58.743000;96e1bf0a-f149-4809-bee0-dc4869073881;408.0;0.01;BUY
2016-02-15T00:25:01.510000;2016-02-15T00:25:01.540000;07d186c3-afd5-412a-a9db-093be734d3e3;408.0;0.49122;BUY
2016-02-15T00:25:03.910000;2016-02-15T00:25:03.947000;d1648213-e753-4242-8212-70f48a22512b;408.0;16.46448668;BUY
2016-02-15T00:25:04.963000;2016-02-15T00:25:05.010000;4ced7c14-468c-44dd-82d6-7ec381e85ba0;408.01;0.1;SELL
2016-02-15T00:25:06.153000;2016-02-15T00:25:06.197000;5a05d53d-fba3-4908-bffc-c4455974c2ca;408.06;0.01;BUY
2016-02-15T00:25:06.153000;2016-02-15T00:25:06.197000;5172afd8-7035-4a9b-9437-6f53ddb01bf7;408.09;0.01;BUY
2016-02-15T00:25:06.153000;2016-02-15T00:25:06.197000;4404530a-8122-484b-9528-ad9db5c0b871;408.16;0.37048329;BUY
2016-02-15T00:25:06.153000;2016-02-15T00:25:06.197000;ff0ee08f-5bb8-4774-b66b-5c634d5b7521;408.18;0.01;BUY
2016-02-15T00:25:06.153000;2016-02-15T00:25:06.213000;8786f7e5-5109-4ad8-bf16-a75d0a0259dd;408.21;0.01;BUY
2016-02-15T00:25:06.153000;2016-02-15T00:25:06.213000;9ff3d8c2-c6e9-4877-acba-2abdc409bd45;408.24;0.2227;BUY
2016-02-15T00:25:06.153000;2016-02-15T00:25:06.213000;6b3fd195-7d23-484c-883e-8ba6ca0a4339;408.25;2.0;BUY
2016-02-15T00:25:06.153000;2016-02-15T00:25:06.213000;357b09a0-2ffc-4097-8a77-2bd307ebca74;408.38;0.01;BUY
2016-02-15T00:25:06.153000;2016-02-15T00:25:06.213000;32e896bf-b51f-4177-924f-f60a11c08343;408.39;0.08;BUY
2016-02-15T00:25:06.153000;2016-02-15T00:25:06.230000;d2e8bb23-fe7f-48de-8148-c2ab6b01c0a2;408.4;0.27681671;BUY
2016-02-15T00:25:11.197000;2016-02-15T00:25:11.230000;92d9fe98-03be-4f8e-a963-b75736d93d0f;408.4;0.1;BUY
2016-02-15T00:25:15.973000;2016-02-15T00:25:16.010000;8a5d5bae-0bdf-4d52-a21d-7643257dd198;408.25;1.84;SELL
2016-02-15T00:25:15.973000;2016-02-15T00:25:16.027000;31a9e9ee-667f-4a40-a5eb-540dc5f84b74;408.24;7.27563;SELL
2016-02-15T00:25:15.973000;2016-02-15T00:25:16.027000;d1947568-43a0-4a46-b98e-40dd52e6dd05;408.24;10.24;SELL
2016-02-15T00:25:15.977000;2016-02-15T00:25:16.027000;0df03cff-9bda-445d-b89a-5f13e6401ab3;408.23;1.81;SELL
2016-02-15T00:25:15.977000;2016-02-15T00:25:16.027000;60316ac9-1a47-49e8-a49b-df2bb2bf40b4;408.23;0.86;SELL
2016-02-15T00:25:15.977000;2016-02-15T00:25:16.040000;83266099-ee5c-4b9f-b63e-5af6477546b6;408.21;0.02;SELL
2016-02-15T00:25:15.977000;2016-02-15T00:25:16.040000;723b4704-56f7-4460-b609-12d83d64c0e8;408.21;9.28;SELL
2016-02-15T00:25:15.977000;2016-02-15T00:25:16.040000;7f1a20e6-0269-4f16-a602-0bc6af99f4af;408.2;0.016;SELL
2016-02-15T00:25:15.977000;2016-02-15T00:25:16.040000;ccb17d57-1ade-49f5-9aa1-e31857cd0f1c;408.2;1.83;SELL
2016-02-15T00:25:15.977000;2016-02-15T00:25:16.057000;5ed616ab-6bdf-4854-9427-1685fe934fa9;408.2;0.074;SELL
2016-02-15T00:25:15.977000;2016-02-15T00:25:16.057000;3eefc457-732b-4289-b58b-979049709703;408.2;1.28;SELL
2016-02-15T00:25:15.977000;2016-02-15T00:25:16.057000;bfa174d1-edba-46a7-a825-5ddb03b5c2dd;408.19;0.016;SELL
2016-02-15T00:25:15.977000;2016-02-15T00:25:16.073000;df059dd2-94d0-472d-8579-fa655e3e4509;408.19;1.28;SELL
2016-02-15T00:25:15.977000;2016-02-15T00:25:16.073000;e301357d-4dac-43da-a80f-4d82cc2a3a9a;408.18;1.811;SELL
2016-02-15T00:25:15.977000;2016-02-15T00:25:16.073000;d70ff9e6-06cd-4791-9c9c-20ed853d2e9e;408.18;0.016;SELL
2016-02-15T00:25:15.977000;2016-02-15T00:25:16.073000;fa060dc3-02c5-4457-bbd9-b16c6f0edab8;408.16;1.6;SELL
2016-02-15T00:25:15.977000;2016-02-15T00:25:16.073000;ad162473-9ddb-4943-9543-c3a7cafa7008;408.15;1.825;SELL
2016-02-15T00:25:15.977000;2016-02-15T00:25:16.073000;06f20f5e-8dc5-41fd-ba9c-76a9d044a0bc;408.13;0.64;SELL
2016-02-15T00:25:15.977000;2016-02-15T00:25:16.073000;032db354-e9e4-4493-a117-186b39f08bb0;408.12;1.794;SELL
2016-02-15T00:25:15.977000;2016-02-15T00:25:16.087000;f2caf0a9-74df-45da-bc60-038ac4eea137;408.11;0.96;SELL
2016-02-15T00:25:15.977000;2016-02-15T00:25:16.087000;4de3e7e3-1074-4451-bf3b-dc5111f19293;408.1;0.8;SELL
2016-02-15T00:25:15.980000;2016-02-15T00:25:16.103000;16ea2564-db2e-437a-801e-646d1783b38e;408.1;0.01;SELL
2016-02-15T00:25:15.980000;2016-02-15T00:25:16.103000;2c906137-8b7c-4900-bd3e-af39a0453966;408.09;0.32;SELL
2016-02-15T00:25:15.980000;2016-02-15T00:25:16.103000;cf030f57-79d1-4994-8da7-a31a619acf01;408.08;1.825;SELL
2016-02-15T00:25:15.980000;2016-02-15T00:25:16.103000;55de3f01-b650-4e28-8da1-86fa3ad8ff94;408.06;0.67;SELL
2016-02-15T00:25:15.980000;2016-02-15T00:25:16.103000;91b4fe27-748a-418d-a1d2-f9b690ecf196;408.05;1.823;SELL
2016-02-15T00:25:15.980000;2016-02-15T00:25:16.103000;2d24f10b-6ca3-468b-964c-610acf4480c8;408.04;0.96;SELL
2016-02-15T00:25:15.980000;2016-02-15T00:25:16.103000;c253370f-6ef4-4335-890d-4f1c26337c09;408.03;1.813;SELL
2016-02-15T00:25:15.980000;2016-02-15T00:25:16.103000;80253c65-dd97-455a-95ea-eab5109b31dc;408.02;1.817;SELL
2016-02-15T00:25:15.980000;2016-02-15T00:25:16.137000;cb6db054-ed75-429b-9e2f-81a77af51060;408.0;13.2601047;SELL
2016-02-15T00:25:15.980000;2016-02-15T00:25:16.137000;6faa03fc-681a-4fea-82b5-10c470e71c31;408.0;0.01;SELL
2016-02-15T00:25:15.980000;2016-02-15T00:25:16.137000;05658136-998e-4be7-b30e-aea229115c1f;408.0;10.0;SELL
2016-02-15T00:25:15.980000;2016-02-15T00:25:16.137000;87c59628-45a4-4225-a3c3-2096f9bcc130;407.99;1.834;SELL
2016-02-15T00:25:15.980000;2016-02-15T00:25:16.137000;b1daf7ce-78df-4f5a-902d-c2f5d007d4da;407.99;14.8828854;SELL
2016-02-15T00:25:31.413000;2016-02-15T00:25:31.447000;a960f063-203c-4511-b8fa-8c7f07f15322;408.38;0.25;BUY
2016-02-15T00:25:31.417000;2016-02-15T00:25:31.447000;f902e9a8-22fb-40bc-ad09-83d6611cc1f8;408.39;0.01;BUY
2016-02-15T00:25:31.417000;2016-02-15T00:25:31.447000;1123b8ff-984c-48ce-91dd-b4d42f2aabd3;408.4;0.62318329;BUY
2016-02-15T00:25:31.417000;2016-02-15T00:25:31.447000;5113e70c-9706-4daf-910b-c4778348ac51;408.41;0.05569671;BUY
2016-02-15T00:25:34.277000;2016-02-15T00:25:34.323000;5e2aa594-7b46-41e9-bdef-ac9f1080db9a;408.4;0.048;BUY
2016-02-15T00:25:34.277000;2016-02-15T00:25:34.323000;84d0a35d-ff17-4029-80d8-7e6ba2ce4f76;408.41;0.94430329;BUY
2016-02-15T00:25:34.277000;2016-02-15T00:25:34.323000;276dfdb7-e3d0-4f7f-b29f-11fad674b079;408.45;0.01;BUY
2016-02-15T00:25:34.277000;2016-02-15T00:25:34.323000;766a8051-d969-4bcc-b90d-bd0f495fecd4;408.46;0.0187;BUY
2016-02-15T00:25:34.277000;2016-02-15T00:25:34.323000;1adc758a-8ec4-4f19-8a78-bfd0f3f866c5;408.46;0.44;BUY
2016-02-15T00:25:34.277000;2016-02-15T00:25:34.353000;2c1642c4-a56e-4701-b7ca-8bd064ce9b0d;408.49;0.01;BUY
2016-02-15T00:25:34.277000;2016-02-15T00:25:34.353000;ec13c708-74c2-40a5-95a3-ffd2e65c3391;408.5;0.01;BUY
2016-02-15T00:25:34.277000;2016-02-15T00:25:34.353000;98cfc60d-b334-49e6-8d3b-903e6fd3a0fe;408.5;0.03118679;BUY
2016-02-15T00:25:34.277000;2016-02-15T00:25:34.353000;c738d786-b329-4ec5-b329-1a7c8a76262f;408.5;0.01;BUY
2016-02-15T00:25:34.277000;2016-02-15T00:25:34.353000;fdf1c9d7-852a-4b27-84e3-b4b024bdb0d2;408.56;0.01;BUY
2016-02-15T00:25:34.277000;2016-02-15T00:25:34.370000;e518a41e-886c-42cc-bc00-3a7edce056e2;408.56;0.01762821;BUY
2016-02-15T00:25:34.277000;2016-02-15T00:25:34.370000;edab3dfb-79ae-46dd-8f8c-04e9eb3425d9;408.58;0.234;BUY
2016-02-15T00:25:34.280000;2016-02-15T00:25:34.370000;2c4c7e97-8d7b-4662-9a45-4c3ee7b700d0;408.72;0.01;BUY
2016-02-15T00:25:34.280000;2016-02-15T00:25:34.370000;cf8163c0-85a3-47e2-8845-01c56e06f534;408.72;0.0187;BUY
2016-02-15T00:25:34.280000;2016-02-15T00:25:34.370000;f607cace-22d2-43bf-a3a9-3a58e46dc784;408.73;0.01;BUY
2016-02-15T00:25:34.280000;2016-02-15T00:25:34.370000;28cbff0c-9b6a-497e-ad18-049685e49765;408.74;0.01;BUY
2016-02-15T00:25:34.280000;2016-02-15T00:25:34.387000;f0a20a45-3ba2-43c4-9ec8-a5e775bdc112;408.79;0.01;BUY
2016-02-15T00:25:34.280000;2016-02-15T00:25:34.387000;d55ea8e2-562a-4631-bc25-f9526b0ad178;408.79;0.408;BUY
2016-02-15T00:25:34.280000;2016-02-15T00:25:34.387000;7dea698c-63ea-4f61-b328-7cf8b02da5c6;408.88;0.74948171;BUY
2016-02-15T00:26:07.357000;2016-02-15T00:26:07.387000;65fca683-4baf-431a-8a0b-7f40aa0d8664;408.89;0.2;BUY
2016-02-15T00:26:07.357000;2016-02-15T00:26:07.400000;b4b3339f-cafd-4b82-ab0b-3f04a005d08b;408.89;0.276;BUY
2016-02-15T00:26:07.357000;2016-02-15T00:26:07.400000;26ca0d4a-1ae4-4315-a10a-2feaa67f4f4d;408.94;0.302;BUY
2016-02-15T00:26:07.357000;2016-02-15T00:26:07.400000;8f2810f0-f308-4fd7-b81a-b1616c11c280;408.95;0.01;BUY
2016-02-15T00:26:07.360000;2016-02-15T00:26:07.417000;04fb2885-2a85-4859-8c88-581dc9f41360;408.98;0.010025;BUY
2016-02-15T00:26:07.360000;2016-02-15T00:26:07.417000;c6325346-320c-4522-8213-97e15a84939a;408.98;0.5;BUY
2016-02-15T00:26:07.360000;2016-02-15T00:26:07.417000;adcd57e3-b9a8-46ee-a746-2b682cc0bc02;408.99;0.258915;BUY
2016-02-15T00:26:31.563000;2016-02-15T00:26:31.587000;e15f2de5-8830-400b-8842-4b7b3b07b4a0;408.99;0.25;BUY
2016-02-15T00:26:31.563000;2016-02-15T00:26:31.603000;74350d7c-137f-4b87-bcba-59787e81105b;408.99;0.12;BUY
2016-02-15T00:26:31.563000;2016-02-15T00:26:31.603000;9b47bb0e-1a19-4193-a521-abb4483ee307;409.0;0.01;BUY
2016-02-15T00:26:31.563000;2016-02-15T00:26:31.603000;02ce2a22-869d-414c-b9fd-38a9900dabfc;409.0;0.01;BUY
2016-02-15T00:26:31.563000;2016-02-15T00:26:31.603000;5192be8d-4f72-4431-8265-8bf438d6cc25;409.0;0.0625;BUY
2016-02-15T00:26:31.563000;2016-02-15T00:26:31.603000;fd205ebd-318b-4cd0-8537-ba8cb8687a48;409.0;0.01;BUY
2016-02-15T00:26:31.563000;2016-02-15T00:26:31.603000;8d396d3d-f22c-4a59-808f-2ff4ed39a4a6;409.02;0.01;BUY
2016-02-15T00:26:31.563000;2016-02-15T00:26:31.603000;d3a7c6a0-c110-447d-91c4-dcb80467ef08;409.04;0.148;BUY
2016-02-15T00:26:31.563000;2016-02-15T00:26:31.637000;129f5fd7-f42e-4f48-9463-733722137afd;409.09;0.00253;BUY
2016-02-15T00:26:41.473000;2016-02-15T00:26:41.493000;9fbddf1f-e835-4b47-801a-826f31cc3827;408.98;0.706;BUY
2016-02-15T00:26:41.473000;2016-02-15T00:26:41.527000;f3d0cb69-d553-4c20-8698-054142a1b4de;408.99;0.532;BUY
2016-02-15T00:26:41.477000;2016-02-15T00:26:41.527000;a026bb20-2976-4882-8c84-ee192bf62fe1;409.0;0.872;BUY
2016-02-15T00:27:07.577000;2016-02-15T00:27:07.603000;626f4b5c-b6d2-4ffa-8fe6-8a0435e15444;409.01;0.36894;BUY
2016-02-15T00:27:08.433000;2016-02-15T00:27:08.463000;016ebbf0-187a-415a-8e69-7951820979dc;409.0;0.1523522;SELL
2016-02-15T00:27:19.957000;2016-02-15T00:27:19.980000;7a87f767-7d46-457b-bb65-38b08f47da48;409.01;0.52492928;BUY
2016-02-15T00:27:39.563000;2016-02-15T00:27:39.587000;a348dc75-04d5-4d4a-9e6e-ad74a3e6aab7;409.01;0.43372;BUY
2016-02-15T00:28:01.510000;2016-02-15T00:28:01.540000;426bb4b3-a8ae-4eed-b50f-92137c32bdae;409.01;1.14944;BUY
2016-02-15T00:28:31.357000;2016-02-15T00:28:31.370000;fd14641c-a1c3-4292-b2e7-1f9e5d85a1fb;409.01;17.80699;BUY
2016-02-15T00:29:01.160000;2016-02-15T00:29:01.183000;b53c827b-d2ae-4402-9fee-b4e1eb3a3519;409.01;0.72742;BUY
2016-02-15T00:29:19.047000;2016-02-15T00:29:19.057000;4f29df50-271c-4ec0-aa8d-9a18616bf362;409.01;0.21949478;BUY
2016-02-15T00:29:31.467000;2016-02-15T00:29:31.480000;c3071efb-6695-4720-8b20-08e844ecfae7;409.01;9.9964;BUY
2016-02-15T00:30:14.150000;2016-02-15T00:30:14.183000;5797f910-b789-4d5a-878b-c0289bbd24be;409.01;0.28349;BUY
2016-02-15T00:30:31.870000;2016-02-15T00:30:31.887000;3297c6e3-ba98-4c36-88ee-9136fe36f52c;409.0;0.01133;SELL
2016-02-15T00:30:32.853000;2016-02-15T00:30:32.870000;97f8704e-af86-4c5b-b355-385c0a2b76f8;409.01;3.0;BUY
2016-02-15T00:30:43.913000;2016-02-15T00:30:43.933000;f488d192-5209-4a90-b7d2-5ddf5ead6168;409.01;0.85811594;BUY
2016-02-15T00:30:43.913000;2016-02-15T00:30:43.947000;f0948936-116b-4fc9-981f-99ca3cb22b7e;409.01;2.84;BUY
2016-02-15T00:30:43.913000;2016-02-15T00:30:43.947000;160dea55-d1a8-4e4f-9c0e-d88927961f4d;409.01;0.0145;BUY
2016-02-15T00:30:43.913000;2016-02-15T00:30:43.947000;3c003f3f-b19c-49a0-a59d-c25cc1d4a24e;409.01;1.28738406;BUY
2016-02-15T00:30:45.653000;2016-02-15T00:30:45.683000;5f286a7c-b2ff-4ab7-8fab-27663014c0b7;409.01;0.5;BUY
2016-02-15T00:31:01.600000;2016-02-15T00:31:01.603000;30524791-d7e9-4092-b331-67f0f607b31f;409.0;0.10376;SELL
2016-02-15T00:31:31.403000;2016-02-15T00:31:31.417000;c82a8a21-67b7-46ad-8558-8b56f481ad0a;409.0;0.60025;SELL
2016-02-15T00:32:01.613000;2016-02-15T00:32:01.637000;354626db-97ab-487d-9262-f1ca0e4a83ba;409.01;0.24367;BUY
2016-02-15T00:32:19.440000;2016-02-15T00:32:19.447000;ca0a7637-bbf7-4ab4-8b33-dbe99b376676;409.0;4.743;SELL
2016-02-15T00:32:21.673000;2016-02-15T00:32:21.683000;45bc51a7-c4b0-4451-a216-64e388e5e2ef;409.0;5.241;SELL
2016-02-15T00:32:23.963000;2016-02-15T00:32:23.980000;4e3f4ae7-f876-4f26-9baa-4cac0687f0ba;409.0;4.572;SELL
2016-02-15T00:32:26.233000;2016-02-15T00:32:26.243000;27db3c62-aa3e-4e1a-adf4-0bbdcc62f15c;409.0;2.4663078;SELL
2016-02-15T00:32:26.233000;2016-02-15T00:32:26.260000;4e0a4040-d667-4cf9-a17e-12cc7d353277;409.0;0.01;SELL
2016-02-15T00:32:26.233000;2016-02-15T00:32:26.260000;caa10a55-2314-4523-99cd-8517f166b341;409.0;0.53891522;SELL
2016-02-15T00:32:26.233000;2016-02-15T00:32:26.260000;2df1e464-72e6-421c-916c-545db9dfb9a6;409.0;1.68577955;SELL
2016-02-15T00:32:26.233000;2016-02-15T00:32:26.260000;a5f11743-6dee-4fd8-b059-14a4de71b1c0;409.0;0.13099743;SELL
2016-02-15T00:32:28.450000;2016-02-15T00:32:28.463000;d0e1f6f0-794d-4735-bd19-7f2cfcc60672;409.0;5.268;SELL
2016-02-15T00:32:31.430000;2016-02-15T00:32:31.433000;f4893d68-678a-4258-abdf-dc2a383bc1f1;409.0;5.9208;SELL
2016-02-15T00:32:31.733000;2016-02-15T00:32:31.743000;a6a9206f-8ab3-46a4-a313-da9b8381fe33;409.0;4.321;SELL
2016-02-15T00:32:34.107000;2016-02-15T00:32:34.120000;96e8799c-a43a-4489-9507-99f4e41f22c8;409.0;5.367;SELL
2016-02-15T00:32:36.360000;2016-02-15T00:32:36.370000;5b415e90-9030-49e6-a0ee-7ace1a335cfb;409.0;5.711;SELL
2016-02-15T00:32:38.560000;2016-02-15T00:32:38.573000;29047213-b921-4138-af83-9ecedbe0cfb1;409.0;0.28120257;SELL
2016-02-15T00:32:40.863000;2016-02-15T00:32:40.887000;e1e08bdf-ca73-46e2-b9b0-ffff15a176ee;408.99;0.25;SELL
2016-02-15T00:32:40.863000;2016-02-15T00:32:40.887000;9371eeae-cde3-4b61-945e-694d7bf735e0;408.95;0.0115;SELL
2016-02-15T00:32:40.863000;2016-02-15T00:32:40.887000;22254d0d-b61d-419b-a773-005561980242;408.8;0.3;SELL
2016-02-15T00:32:40.863000;2016-02-15T00:32:40.917000;cafac0f6-d3bb-4f0f-8610-f895f435b851;408.8;0.01;SELL
2016-02-15T00:32:40.863000;2016-02-15T00:32:40.917000;faff7536-0435-4c6f-84c4-0cf57db11b07;408.73;0.016;SELL
2016-02-15T00:32:40.863000;2016-02-15T00:32:40.917000;dc593ec0-08c5-4848-aaec-954d653293c2;408.72;0.016;SELL
2016-02-15T00:32:46.880000;2016-02-15T00:32:46.900000;a96756f0-ff5f-484f-8a8d-bc6756c9e9d3;408.72;0.01;SELL
2016-02-15T00:32:46.880000;2016-02-15T00:32:46.900000;26766117-11e3-4d66-8ace-4163183e7682;408.71;0.016;SELL
2016-02-15T00:32:46.883000;2016-02-15T00:32:46.900000;4af68251-7264-4e3b-8934-3ac836056e77;408.68;3.0;SELL
2016-02-15T00:32:46.883000;2016-02-15T00:32:46.900000;9168fe39-20dc-44dc-8521-90f2104bb73a;408.67;0.01;SELL
2016-02-15T00:32:46.883000;2016-02-15T00:32:46.933000;7b8b4081-299d-4b40-8679-e4a080d59806;408.66;0.016;SELL
2016-02-15T00:32:46.883000;2016-02-15T00:32:46.933000;4571bc4b-670d-4cde-b479-a4bffad63151;408.65;0.016;SELL
2016-02-15T00:32:49.170000;2016-02-15T00:32:49.183000;077a564e-7e6b-4fee-8b91-6334b4c13117;408.7;0.25;BUY
2016-02-15T00:32:49.170000;2016-02-15T00:32:49.197000;e34b7d1f-64e6-4177-97fb-0d79bc039ffc;408.7;0.056;BUY
2016-02-15T00:32:57.843000;2016-02-15T00:32:57.853000;6b89373d-782b-4a43-8348-ea0dfee53bf1;408.64;0.016;SELL
2016-02-15T00:33:00.800000;2016-02-15T00:33:00.823000;8bf5f902-e545-4876-9a90-1d99be177fe7;408.6;0.01;SELL
2016-02-15T00:33:00.803000;2016-02-15T00:33:00.823000;d72d2e4a-6a95-4344-b9d3-c9e6ab5481d6;408.58;0.016;SELL
2016-02-15T00:33:00.803000;2016-02-15T00:33:00.840000;5e186d05-cd3e-4dec-bc83-f72d412bb3ab;408.57;0.016;SELL
2016-02-15T00:33:00.803000;2016-02-15T00:33:00.840000;1c53ebd8-8397-4d4e-a298-eff37d4dfe13;408.57;0.028;SELL
2016-02-15T00:33:00.803000;2016-02-15T00:33:00.840000;70c82125-c65e-4551-b886-9f5650797d26;408.56;0.016;SELL
2016-02-15T00:33:00.803000;2016-02-15T00:33:00.840000;e53df63b-627a-43cf-a388-f17410ecca89;408.56;0.027;SELL
2016-02-15T00:33:00.803000;2016-02-15T00:33:00.853000;e24140fc-2ea1-47f3-a954-206a1a352399;408.56;0.027;SELL
2016-02-15T00:33:00.803000;2016-02-15T00:33:00.853000;f4a526a6-0746-4fac-a7d9-5c043765118a;408.55;0.028;SELL
2016-02-15T00:33:00.803000;2016-02-15T00:33:00.853000;61f96853-f457-414a-b691-a085d5c67b22;408.55;0.027;SELL
2016-02-15T00:33:00.803000;2016-02-15T00:33:00.853000;53812c61-d07e-4565-a8e1-c533a62c6bc4;408.55;0.026;SELL
2016-02-15T00:33:00.803000;2016-02-15T00:33:00.853000;5c6be2c3-6350-401d-8dd5-7d482bfe0ee8;408.54;0.027;SELL
2016-02-15T00:33:00.803000;2016-02-15T00:33:00.870000;573dbbae-6a23-4fc8-891e-9271d7c95695;408.54;0.027;SELL
2016-02-15T00:33:00.803000;2016-02-15T00:33:00.870000;833c2e3c-c5ba-4dd1-bba6-cfaccf72407f;408.54;0.026;SELL
2016-02-15T00:33:00.803000;2016-02-15T00:33:00.870000;16ba9d11-e04c-4bc8-9941-ca6f7d4c5430;408.54;0.026;SELL
2016-02-15T00:33:01.427000;2016-02-15T00:33:01.447000;9de3adbf-353d-4a39-b69d-e4aa83524e64;408.61;0.25;BUY
2016-02-15T00:33:01.427000;2016-02-15T00:33:01.447000;034763cf-424e-4c76-a7ee-83cc5b7c846d;408.61;2.642;BUY
2016-02-15T00:33:01.427000;2016-02-15T00:33:01.447000;a9360d25-138d-40b5-8596-be77c7747f73;408.61;0.79576;BUY
2016-02-15T00:33:03.670000;2016-02-15T00:33:03.683000;13233940-94fc-4441-a383-1a6be7bba2f4;408.54;0.01;SELL
2016-02-15T00:33:03.670000;2016-02-15T00:33:03.683000;9155ae84-6ce4-496d-9f0b-26f1625df33b;408.53;0.01;SELL
2016-02-15T00:33:03.670000;2016-02-15T00:33:03.697000;5199a996-1862-42a7-a131-d8064df93796;408.53;0.027;SELL
2016-02-15T00:33:03.670000;2016-02-15T00:33:03.697000;b2070c0e-b377-4b98-9b55-97d809b7eca8;408.52;0.027;SELL
2016-02-15T00:33:03.670000;2016-02-15T00:33:03.697000;b4854ce8-2473-4362-bf3d-34418bd3dc6b;408.52;0.027;SELL
2016-02-15T00:33:03.670000;2016-02-15T00:33:03.697000;db06a4a8-24dc-4140-bc78-d76bac1c8184;408.52;0.026;SELL
2016-02-15T00:33:03.670000;2016-02-15T00:33:03.697000;43da8ad8-9d6d-476b-a84c-dc610e1deb4f;408.52;0.026;SELL
2016-02-15T00:33:04.290000;2016-02-15T00:33:04.307000;f6510a99-70e0-44e3-b99e-0bb553a892ce;408.52;0.01;SELL
2016-02-15T00:33:05.660000;2016-02-15T00:33:05.683000;48b3c326-c49e-4807-aa90-8c633983f13d;408.51;0.027;SELL
2016-02-15T00:33:05.660000;2016-02-15T00:33:05.683000;c7cc37c9-3713-4dd6-9e60-9d55a15b9b2a;408.51;0.027;SELL
2016-02-15T00:33:05.660000;2016-02-15T00:33:05.683000;01cadba7-7596-4f66-922d-8402a8966176;408.51;0.026;SELL
2016-02-15T00:33:06.367000;2016-02-15T00:33:06.370000;e09c5af9-b50a-402a-a63e-820ca8c57b34;408.5;0.026;SELL
2016-02-15T00:33:06.370000;2016-02-15T00:33:06.387000;48a1c0a9-9683-46f8-a6de-1dca6ad1ed78;408.5;0.026;SELL
2016-02-15T00:33:06.370000;2016-02-15T00:33:06.387000;2fe0b920-72b3-4a20-a8f3-105b8923e467;408.5;0.01;SELL
2016-02-15T00:33:06.370000;2016-02-15T00:33:06.400000;338c39ee-7327-462c-bc81-ad6b057b1a8c;408.49;0.026;SELL
2016-02-15T00:33:06.370000;2016-02-15T00:33:06.400000;588b3934-3515-4f57-b544-b65cf0a70be8;408.46;0.023;SELL
2016-02-15T00:33:06.370000;2016-02-15T00:33:06.400000;e779d3c0-1b7e-4ba7-84f4-61bb029b2ca7;408.44;0.022;SELL
2016-02-15T00:33:06.370000;2016-02-15T00:33:06.400000;9ae81e06-3d31-4c95-b9bc-24c0e9921fb1;408.41;0.022;SELL
2016-02-15T00:33:06.370000;2016-02-15T00:33:06.400000;eb30fc36-14fc-4154-b0f6-8418438d790a;408.4;0.01;SELL
2016-02-15T00:33:08.657000;2016-02-15T00:33:08.667000;3a662d44-ee0f-4384-a482-ee9373ca0790;408.37;0.016;SELL
2016-02-15T00:33:08.657000;2016-02-15T00:33:08.683000;1c1abd82-3963-4e73-99b9-b044bb8378fb;408.36;0.016;SELL
2016-02-15T00:33:08.657000;2016-02-15T00:33:08.683000;425688f5-2353-47dd-8ac3-00c7b6511a57;408.35;0.016;SELL
2016-02-15T00:33:08.657000;2016-02-15T00:33:08.683000;aa9d98b6-5f71-40cb-9ad1-e4acc2644749;408.31;0.01;SELL
2016-02-15T00:33:10.980000;2016-02-15T00:33:10.993000;3f7e1710-59a5-48bf-b0b4-ad3eb8db4101;408.2;0.01;SELL
2016-02-15T00:33:10.980000;2016-02-15T00:33:10.993000;ef96eeaf-8271-4891-b868-2bee035cffb8;408.18;0.025;SELL
2016-02-15T00:33:10.980000;2016-02-15T00:33:10.993000;dede5bdb-47ec-47ae-a2de-91b9cbeaacdf;408.16;0.025;SELL
2016-02-15T00:33:14.297000;2016-02-15T00:33:14.307000;b75f5bd2-ea37-4100-92ca-9ebc9d9406ba;408.15;0.025;SELL
2016-02-15T00:33:14.297000;2016-02-15T00:33:14.307000;54e4d9dc-c5d8-4633-bcec-a57d7281ad97;408.14;0.025;SELL
2016-02-15T00:33:14.943000;2016-02-15T00:33:14.963000;77f34aec-aef1-43a6-a978-408789d09d35;408.13;0.025;SELL
2016-02-15T00:33:16.167000;2016-02-15T00:33:16.183000;e5f3a19b-8530-41d5-9315-bd9c8157dc86;408.12;0.01;SELL
2016-02-15T00:33:16.587000;2016-02-15T00:33:16.590000;3712adf4-e043-43a2-8f4c-df130a485a45;408.11;0.01;SELL
2016-02-15T00:33:16.587000;2016-02-15T00:33:16.620000;dc5eb9a0-d5bb-49a6-8770-4e0f17584280;408.06;1.0;SELL
2016-02-15T00:33:16.590000;2016-02-15T00:33:16.620000;95213605-9851-462c-bba9-7b54d48db5af;408.05;3.17087443;SELL
2016-02-15T00:33:16.590000;2016-02-15T00:33:16.620000;3512c480-dcbc-4f9a-8595-2d0c2cbf5f8c;408.0;0.01;SELL
2016-02-15T00:33:16.590000;2016-02-15T00:33:16.620000;714910aa-3359-4563-b815-6287e8c388e4;408.0;0.01;SELL
2016-02-15T00:33:18.997000;2016-02-15T00:33:19.010000;8682d108-d769-42d3-a555-96c3cc3b65bb;407.95;0.0115;SELL
2016-02-15T00:33:18.997000;2016-02-15T00:33:19.027000;48e9c7a8-40d0-4256-82ba-579d9d123b53;407.95;0.0085;SELL
2016-02-15T00:33:19.307000;2016-02-15T00:33:19.323000;2bafe962-6af3-4667-ab13-f8afe27751b3;407.95;0.0015;SELL
2016-02-15T00:33:19.307000;2016-02-15T00:33:19.323000;f7a3959f-30b5-4521-8a8a-88ef02302da1;407.85;0.19535002;SELL
2016-02-15T00:33:22.940000;2016-02-15T00:33:22.963000;8fd5434e-8e50-4c68-8d73-d68907757c87;407.8;0.02;SELL
2016-02-15T00:33:22.940000;2016-02-15T00:33:22.963000;ae59eec2-7d1c-443e-b450-6a0957513069;407.8;0.01;SELL
2016-02-15T00:33:23.003000;2016-02-15T00:33:23.040000;c4597b77-3d57-4ff6-94d6-ab0281c1adf7;407.66;0.01;SELL
2016-02-15T00:33:23.003000;2016-02-15T00:33:23.057000;b9736353-983c-4306-b7ca-2e2b4edb2f97;407.65;0.3;SELL
2016-02-15T00:33:23.003000;2016-02-15T00:33:23.057000;7f9e30b1-787b-40d0-b851-ff36d40228e7;407.61;0.01;SELL
2016-02-15T00:33:23.003000;2016-02-15T00:33:23.057000;9748bf1a-6db1-41b3-ba9f-ce7224a3f881;407.6;0.01;SELL
2016-02-15T00:33:23.003000;2016-02-15T00:33:23.057000;3ed7e2a6-1b97-4f67-90c0-cd43310e2ff8;407.59;0.01;SELL
2016-02-15T00:33:23.003000;2016-02-15T00:33:23.057000;e0a45cdb-4c40-426e-b3b0-d2349a37e2f9;407.57;0.01;SELL
2016-02-15T00:33:23.003000;2016-02-15T00:33:23.057000;dc1ff291-5105-4abe-abcc-045d920ec851;407.57;0.01;SELL
2016-02-15T00:33:23.003000;2016-02-15T00:33:23.057000;ddc1b449-151f-46ec-9115-226df5eeca12;407.56;0.01;SELL
2016-02-15T00:33:23.003000;2016-02-15T00:33:23.057000;24167441-1c76-4d7d-82ee-b7a972e3965c;407.49;0.01;SELL
2016-02-15T00:33:23.003000;2016-02-15T00:33:23.057000;2f22a750-ef53-472b-a862-53546c4ffa49;407.33;0.016;SELL
2016-02-15T00:33:23.003000;2016-02-15T00:33:23.073000;02aa5a21-7257-433b-9bdf-d1ef01f309c5;407.27;0.01;SELL
2016-02-15T00:33:23.003000;2016-02-15T00:33:23.073000;56ce093c-fb45-478c-99f8-5ef9f5693af1;407.23;0.01;SELL
2016-02-15T00:33:23.003000;2016-02-15T00:33:23.073000;8eeff0fd-fdc5-4bdc-a0e3-8c78f508986c;407.21;0.01;SELL
2016-02-15T00:33:23.007000;2016-02-15T00:33:23.073000;d3bb6651-6d40-4061-a957-b7386d7ecadf;407.2;0.01;SELL
2016-02-15T00:33:23.007000;2016-02-15T00:33:23.073000;5f50c38d-1221-45d6-a526-a871008036c7;407.19;0.01;SELL
2016-02-15T00:33:23.007000;2016-02-15T00:33:23.090000;757b2283-c7f4-4626-ac00-eca8b3dd2e77;407.18;0.01;SELL
2016-02-15T00:33:23.007000;2016-02-15T00:33:23.090000;0c7e7582-9ad0-42f4-856f-4fd9ac86f995;407.17;0.01;SELL
2016-02-15T00:33:23.007000;2016-02-15T00:33:23.090000;cf85db08-22ca-4e44-a72f-e7f0684c6d69;407.16;0.01;SELL
2016-02-15T00:33:23.007000;2016-02-15T00:33:23.090000;db1292d3-b8ee-4a33-a067-9243d7425417;407.15;0.01;SELL
2016-02-15T00:33:23.007000;2016-02-15T00:33:23.090000;39f56059-8529-48fa-bf04-bda9c55974b0;407.15;0.01;SELL
2016-02-15T00:33:23.007000;2016-02-15T00:33:23.103000;ae195d7f-3e86-440b-b627-8c053c6edca5;407.14;0.01;SELL
2016-02-15T00:33:23.007000;2016-02-15T00:33:23.120000;21620adc-b4b3-40bd-a064-1af4dbf622a5;407.14;0.01;SELL
2016-02-15T00:33:23.007000;2016-02-15T00:33:23.120000;2c63f204-46ff-4930-8341-4000a6f4324a;407.12;0.01;SELL
2016-02-15T00:33:23.007000;2016-02-15T00:33:23.120000;ea4f65fc-61c2-44f4-84e5-f8b3d058def9;407.1;0.01;SELL
2016-02-15T00:33:23.007000;2016-02-15T00:33:23.120000;71284812-1257-4c79-890f-0ea91567507d;407.09;0.01;SELL
2016-02-15T00:33:23.007000;2016-02-15T00:33:23.137000;e596102d-6bcd-4262-9808-c4a0be5f2d08;407.08;0.01;SELL
2016-02-15T00:33:23.007000;2016-02-15T00:33:23.137000;60a53a6d-a5a6-4a1a-86df-ef82c1784169;407.07;0.01;SELL
2016-02-15T00:33:23.007000;2016-02-15T00:33:23.137000;3e6c4cb3-2966-4fb2-b27a-12f380c6e5d1;407.06;0.01;SELL
2016-02-15T00:33:23.007000;2016-02-15T00:33:23.137000;d508d56b-b7c7-4e50-a9e6-84701b748242;407.05;0.01;SELL
2016-02-15T00:33:23.007000;2016-02-15T00:33:23.137000;bbbabf1a-a5b1-436f-bafd-86f4a2f35333;407.03;0.01;SELL
2016-02-15T00:33:23.007000;2016-02-15T00:33:23.137000;4ef8446c-8b45-4f4e-9f76-07a0301b13fc;407.01;0.01;SELL
2016-02-15T00:33:23.007000;2016-02-15T00:33:23.150000;c0ba1498-1d7d-4cfc-a60f-783af233c0c1;407.0;0.01;SELL
2016-02-15T00:33:23.007000;2016-02-15T00:33:23.150000;c719506a-515d-4feb-a565-c699a1f8ef7b;407.0;0.0115;SELL
2016-02-15T00:33:23.010000;2016-02-15T00:33:23.150000;19e87ab4-da33-41c1-8e78-5619c4ff0a5b;407.0;0.249;SELL
2016-02-15T00:33:23.010000;2016-02-15T00:33:23.150000;6373fe24-178d-4149-93bc-0e4c9dd083e1;407.0;0.01;SELL
2016-02-15T00:33:23.010000;2016-02-15T00:33:23.150000;4f5335d5-9545-48d6-a622-3284bd99948d;406.99;0.01;SELL
2016-02-15T00:33:23.010000;2016-02-15T00:33:23.167000;ee7ee88e-c7fe-495e-9084-6d14d669ddb0;406.98;0.01;SELL
2016-02-15T00:33:23.010000;2016-02-15T00:33:23.167000;198ce679-5f72-45ca-82df-42095866ec88;406.96;0.01;SELL
2016-02-15T00:33:23.010000;2016-02-15T00:33:23.167000;b7f073b9-dd8a-49d1-8722-49560ebb4702;406.95;0.01;SELL
2016-02-15T00:33:23.010000;2016-02-15T00:33:23.167000;c2419b3a-e51f-45ba-9c21-c5b7929ee6a5;406.94;0.01;SELL
2016-02-15T00:33:23.010000;2016-02-15T00:33:23.167000;66693a7f-b49d-4da1-8cf1-1df4e9a0bd81;406.93;0.01;SELL
2016-02-15T00:33:23.010000;2016-02-15T00:33:23.183000;2ed43b0f-4844-4344-92bf-109914e383be;406.9;0.01;SELL
2016-02-15T00:33:23.010000;2016-02-15T00:33:23.183000;e722103d-81a1-4f91-9527-4ccc63b22783;406.81;0.103;SELL
2016-02-15T00:33:23.010000;2016-02-15T00:33:23.183000;6a5089c5-c262-4d18-aeb5-ba2917d616f9;406.67;0.01;SELL
2016-02-15T00:33:23.010000;2016-02-15T00:33:23.183000;6fea90b8-dc36-4d1b-ad22-468f5bc78965;406.61;1.0;SELL
2016-02-15T00:33:23.010000;2016-02-15T00:33:23.183000;8527b56f-db3c-47c0-8de4-12582dd30c01;406.6;1.1665;SELL
2016-02-15T00:33:23.010000;2016-02-15T00:33:23.197000;9923e9d0-d2d4-4caa-a5e8-827482fcd4a8;406.55;0.86;SELL
2016-02-15T00:33:23.010000;2016-02-15T00:33:23.197000;eafa1c43-ddc8-4e77-80ae-a2cb4ed7181b;406.52;0.3;SELL
2016-02-15T00:33:23.010000;2016-02-15T00:33:23.197000;77b49165-d923-46c3-bd13-2012123deff0;406.5;0.01;SELL
2016-02-15T00:33:23.010000;2016-02-15T00:33:23.197000;e46df10f-677f-443b-9378-7da497eef084;406.5;0.099;SELL
2016-02-15T00:33:23.010000;2016-02-15T00:33:23.197000;1794478d-e70e-45f8-bcd2-08d07158c11d;406.49;0.01;SELL
2016-02-15T00:33:23.010000;2016-02-15T00:33:23.213000;f48b7ea0-1aa6-4783-b5b6-a443baf0c2d5;406.48;0.2;SELL
2016-02-15T00:33:23.010000;2016-02-15T00:33:23.213000;d4c922bc-e06d-4789-8659-3b66dfa77d42;406.48;0.01;SELL
2016-02-15T00:33:23.013000;2016-02-15T00:33:23.213000;dccfa2e6-ad63-4c54-853d-d34a208da601;406.42;2.0;SELL
2016-02-15T00:33:23.013000;2016-02-15T00:33:23.213000;1a28b04d-4770-49a8-bd4d-14382982b5ea;406.41;1.18;SELL
2016-02-15T00:33:23.013000;2016-02-15T00:33:23.213000;30857290-db71-4891-ae66-2f3f25a1a1db;406.4;0.01;SELL
2016-02-15T00:33:23.013000;2016-02-15T00:33:23.230000;e1f1905f-64b5-4701-b5f1-9e9a282a27e3;406.39;0.01;SELL
2016-02-15T00:33:23.013000;2016-02-15T00:33:23.230000;ca9d0fc0-b92a-4f6f-bccb-c1427cb03a22;406.38;0.01;SELL
2016-02-15T00:33:23.013000;2016-02-15T00:33:23.230000;dc6ff137-0ae6-41ff-a84f-00b47ac46264;406.37;0.01;SELL
2016-02-15T00:33:23.013000;2016-02-15T00:33:23.230000;a8182554-93e5-432d-a329-521588045b4c;406.35;0.01;SELL
2016-02-15T00:33:23.013000;2016-02-15T00:33:23.230000;db33b07a-2561-41fd-be1a-31632268d6e1;406.34;0.01;SELL
2016-02-15T00:33:23.013000;2016-02-15T00:33:23.230000;cb511bf5-01cf-4fd7-94cd-96176791a829;406.33;0.01;SELL
2016-02-15T00:33:23.013000;2016-02-15T00:33:23.243000;a0332beb-200e-4165-8166-f44f4f13ee81;406.32;0.01;SELL
2016-02-15T00:33:23.013000;2016-02-15T00:33:23.243000;5e4cb1ac-2e40-432f-8dba-97fc1d5b9c5c;406.31;0.01;SELL
2016-02-15T00:33:23.013000;2016-02-15T00:33:23.243000;cb9c6bb6-1e3b-48d7-a0a7-a434d52d9835;406.3;0.01;SELL
2016-02-15T00:33:23.013000;2016-02-15T00:33:23.243000;1aa7ef9e-2936-494f-ae6d-586176b1779a;406.3;0.01;SELL
2016-02-15T00:33:23.013000;2016-02-15T00:33:23.260000;3145085d-e744-4a7f-8220-1ee4b0476e58;406.29;0.01;SELL
2016-02-15T00:33:23.013000;2016-02-15T00:33:23.260000;c1292d7f-a113-45a6-9ac5-1c245cf9a666;406.28;0.01;SELL
2016-02-15T00:33:23.013000;2016-02-15T00:33:23.260000;33411cbb-9ccc-444f-ba13-7187f1f61663;406.27;0.01;SELL
2016-02-15T00:33:23.013000;2016-02-15T00:33:23.260000;c8990574-a518-42bb-886a-8fb52cb30f65;406.27;1.955;SELL
2016-02-15T00:33:28.053000;2016-02-15T00:33:28.073000;facb148b-4d3e-4f93-9331-c58c2704c4f4;406.95;0.01;SELL
2016-02-15T00:33:28.560000;2016-02-15T00:33:28.573000;c2224b36-a7d8-426b-ae9c-d53a82a1ff90;406.99;0.01;BUY
2016-02-15T00:33:28.560000;2016-02-15T00:33:28.590000;6151e6d1-c9b1-45eb-8ecd-2cf881b7c4af;407.06;0.01;BUY
2016-02-15T00:33:29.150000;2016-02-15T00:33:29.167000;8d6a1394-121a-48d4-9232-c40de69f6539;406.97;0.01;SELL
2016-02-15T00:33:29.387000;2016-02-15T00:33:29.400000;7ef0620d-84ae-4a17-b41c-b64e40fbaed6;406.96;0.01;SELL
2016-02-15T00:33:29.450000;2016-02-15T00:33:29.463000;4f5800b9-41e3-409f-abb1-56d36e8512ac;406.94;0.01;SELL
2016-02-15T00:33:29.550000;2016-02-15T00:33:29.557000;c8e4b2c6-9e57-427c-b92b-2ef9507c6dad;406.93;0.01;SELL
2016-02-15T00:33:29.650000;2016-02-15T00:33:29.650000;4cf84a78-f28e-42ff-bcf4-a4d3dcc55d70;406.95;0.01;SELL
2016-02-15T00:33:29.953000;2016-02-15T00:33:29.980000;c7a3eda9-5942-40b1-bd72-03ff93aeade7;406.92;0.01;SELL
2016-02-15T00:33:30.780000;2016-02-15T00:33:30.790000;1864085c-b424-4242-9789-c84abb14686d;406.91;0.01;SELL
2016-02-15T00:33:30.857000;2016-02-15T00:33:30.870000;896e7587-28ff-48d6-8cef-d02ea058a5a6;406.9;0.01;SELL
2016-02-15T00:33:31.180000;2016-02-15T00:33:31.197000;5680c0f7-5eaa-4e73-8adf-c749bc9da062;406.9;0.005;SELL
2016-02-15T00:33:31.533000;2016-02-15T00:33:31.557000;42a70204-f69f-4d05-bd26-1d8f2ebce0df;406.74;0.01;SELL
2016-02-15T00:33:31.533000;2016-02-15T00:33:31.557000;e441ac54-90bf-48be-80fe-5d0b2e8650de;406.72;0.01;SELL
2016-02-15T00:33:31.533000;2016-02-15T00:33:31.573000;fd4fb993-ae83-42eb-9269-d6a3813e9a97;406.68;0.016;SELL
2016-02-15T00:33:31.533000;2016-02-15T00:33:31.573000;4ebc6eef-dddc-49e6-b92a-8b6c1a06903b;406.51;0.01;SELL
2016-02-15T00:33:31.533000;2016-02-15T00:33:31.573000;83e7a53f-e446-4529-82ee-0eb743fb5447;406.43;0.117;SELL
2016-02-15T00:33:31.533000;2016-02-15T00:33:31.573000;e24d2821-6243-4d85-81c5-b1a4f8012fb4;406.41;0.086;SELL
2016-02-15T00:33:31.533000;2016-02-15T00:33:31.573000;194f0144-d65c-4f8e-bb77-46322cf69963;406.38;0.07414;SELL
2016-02-15T00:33:32.543000;2016-02-15T00:33:32.557000;0f8789db-f519-4410-adf1-6c7f1b4ad4aa;406.55;0.01;SELL
2016-02-15T00:33:33.727000;2016-02-15T00:33:33.760000;2aa33a90-2e35-4159-b443-23c3ef2e8175;406.59;0.02;BUY
2016-02-15T00:33:35.977000;2016-02-15T00:33:35.980000;c5a1c327-f6cc-46f0-bbf8-e02f02bceb46;406.58;0.025;SELL
2016-02-15T00:33:35.980000;2016-02-15T00:33:35.993000;0e12ca10-6a0b-48d5-90de-aaa9dc8a0c39;406.58;0.01;SELL
2016-02-15T00:33:35.980000;2016-02-15T00:33:35.993000;4672a218-d711-4c6d-97ca-13101d1bd4e1;406.57;0.025;SELL
2016-02-15T00:33:35.980000;2016-02-15T00:33:35.993000;d9e15ecb-0511-4810-bb3a-8ea1c3842b73;406.57;0.01;SELL
2016-02-15T00:33:35.980000;2016-02-15T00:33:35.993000;31809edf-1542-408a-a685-d280c255a51c;406.56;0.025;SELL
2016-02-15T00:33:35.980000;2016-02-15T00:33:36.027000;b92b4a70-b75a-43ce-9a26-1f2060963bf3;406.55;0.01;SELL
2016-02-15T00:33:35.980000;2016-02-15T00:33:36.027000;34bef0a8-83d6-451f-9df6-946514bf89a7;406.53;0.01;SELL
2016-02-15T00:33:35.980000;2016-02-15T00:33:36.027000;0aed07ca-3d23-47f5-a17e-5f9c50c127b0;406.52;0.01;SELL
2016-02-15T00:33:35.980000;2016-02-15T00:33:36.027000;cc64aca6-1a0c-4cb2-865b-5b3911b2c2bb;406.4;0.01;SELL
2016-02-15T00:33:35.980000;2016-02-15T00:33:36.027000;f1b158a2-63a8-472c-b0c9-d9fcaabf885f;406.36;0.295;SELL
2016-02-15T00:33:38.130000;2016-02-15T00:33:38.137000;dc2cec30-0d1f-4fe3-9d9c-b45a43027bc6;406.49;0.01;SELL
2016-02-15T00:33:38.130000;2016-02-15T00:33:38.137000;08a3a56b-9dfa-4950-a1f2-b9d7179ce072;406.48;0.01;SELL
2016-02-15T00:33:38.777000;2016-02-15T00:33:38.790000;3b1cec08-f7a1-4726-999f-0d3483e4cdba;406.49;0.02;BUY
2016-02-15T00:33:38.850000;2016-02-15T00:33:38.853000;e9d14e3b-699a-42cc-a4bb-dc88b97b518c;406.45;0.01;SELL
2016-02-15T00:33:39.030000;2016-02-15T00:33:39.040000;043bd2f4-8a38-47a7-862d-27cba3b41e61;406.44;0.01;SELL
2016-02-15T00:33:39.030000;2016-02-15T00:33:39.040000;69de5c0e-6a44-4d20-b291-6066768d6ed2;406.29;0.3;SELL
2016-02-15T00:33:39.030000;2016-02-15T00:33:39.057000;0e2dc42a-dde9-4700-a805-b568e88b5bfb;406.27;0.01;SELL
2016-02-15T00:33:39.030000;2016-02-15T00:33:39.057000;2fff119d-1ea9-4b12-aea1-0eb0335e0774;406.25;0.01;SELL
2016-02-15T00:33:39.030000;2016-02-15T00:33:39.057000;1f23f22e-77e3-4a60-96c0-95aacd4915e3;406.24;0.01;SELL
2016-02-15T00:33:39.030000;2016-02-15T00:33:39.057000;6cd496b4-938e-4d9c-8d5e-673eb92ac503;406.24;0.01;SELL
2016-02-15T00:33:39.030000;2016-02-15T00:33:39.057000;16cd8560-0520-4231-9a9b-41d2a32caa5d;406.22;0.01;SELL
2016-02-15T00:33:39.030000;2016-02-15T00:33:39.057000;5a3655a5-9125-49d6-8ee1-586e44955886;406.2;0.01;SELL
2016-02-15T00:33:39.030000;2016-02-15T00:33:39.073000;6c126be2-84af-4aab-99c5-2305935e7b62;406.13;0.3714095;SELL
2016-02-15T00:33:39.030000;2016-02-15T00:33:39.073000;ba20e6f8-fb42-421a-b727-67f21c3604c3;406.07;0.01;SELL
2016-02-15T00:33:39.030000;2016-02-15T00:33:39.073000;67593cbe-918e-4452-83d4-13d86e71e58e;406.0;0.0115;SELL
2016-02-15T00:33:39.030000;2016-02-15T00:33:39.073000;485ad648-ac01-47d3-a766-89861c02146c;406.0;0.01;SELL
2016-02-15T00:33:39.030000;2016-02-15T00:33:39.090000;69d8bac7-3b80-4557-aaec-5a5e95f8e2da;406.0;0.2355529;SELL
2016-02-15T00:33:39.033000;2016-02-15T00:33:39.090000;c1f6b8d4-b207-4250-9d9f-f4f516fe21a7;405.99;0.016;SELL
2016-02-15T00:33:39.033000;2016-02-15T00:33:39.090000;35724f4f-3a1e-4ed4-bd88-2b74df895140;405.98;0.2;SELL
2016-02-15T00:33:39.033000;2016-02-15T00:33:39.090000;a364a44f-680f-43b3-80b6-cadf3737fe7e;405.91;0.0055376;SELL
2016-02-15T00:33:42.113000;2016-02-15T00:33:42.120000;b1580d73-dd91-4e55-98ba-800f4dcf571d;405.94;0.01;SELL
2016-02-15T00:33:42.113000;2016-02-15T00:33:42.150000;1a6cce24-c8b2-4160-a987-613541aaa2ff;405.93;0.01;SELL
2016-02-15T00:33:42.113000;2016-02-15T00:33:42.150000;34a72c82-8c6a-4122-adb5-8440c36b749f;405.91;0.0044624;SELL
2016-02-15T00:33:42.113000;2016-02-15T00:33:42.150000;a2b28102-40b2-4de2-9e49-2c355d322c04;405.81;0.01;SELL
2016-02-15T00:33:42.113000;2016-02-15T00:33:42.150000;0980fae1-ef08-43aa-bd73-e885df92c2dc;405.73;0.3;SELL
2016-02-15T00:33:42.113000;2016-02-15T00:33:42.150000;6de8ae99-0b81-49bb-aaac-7f5864dcaed7;405.73;0.3;SELL
2016-02-15T00:33:42.113000;2016-02-15T00:33:42.150000;2ca017b6-6522-4433-a7d9-706d3b7213d4;405.69;0.01;SELL
2016-02-15T00:33:42.113000;2016-02-15T00:33:42.150000;8a17f679-15e4-41e5-8cd5-a88d62de3ede;405.55;0.01;SELL
2016-02-15T00:33:42.113000;2016-02-15T00:33:42.150000;a275fefa-153c-4d5f-8b1d-593067d551f0;405.52;0.01;SELL
2016-02-15T00:33:42.113000;2016-02-15T00:33:42.183000;dcac54f8-2f95-4860-bbc9-8abad65eb53f;405.48;0.64370906;SELL
2016-02-15T00:33:44.160000;2016-02-15T00:33:44.167000;460764b9-c172-4ce4-8c47-65181c73c59a;405.81;0.02;BUY
2016-02-15T00:33:45.307000;2016-02-15T00:33:45.323000;9695819e-6a67-44fb-94b3-fb964065cc5b;405.43;0.01;SELL
2016-02-15T00:33:45.307000;2016-02-15T00:33:45.323000;0ec05e99-538e-49d1-b0a5-ffb874e9346f;405.42;0.01;SELL
2016-02-15T00:33:45.307000;2016-02-15T00:33:45.323000;65ac9d9f-29f2-4681-9cdd-a1cc88f95401;405.41;0.01;SELL
2016-02-15T00:33:45.307000;2016-02-15T00:33:45.323000;17d55e1a-a5c6-499d-a15c-1a40eff53f9c;405.39;0.64370906;SELL
2016-02-15T00:33:45.307000;2016-02-15T00:33:45.353000;131b13d5-388b-42f1-afd4-61d9e4e478b0;405.39;0.01;SELL
2016-02-15T00:33:45.307000;2016-02-15T00:33:45.353000;f12e9f18-ed3b-4f0c-9a80-6e7b7fc94d52;405.35;0.016;SELL
2016-02-15T00:33:45.307000;2016-02-15T00:33:45.353000;33cb57e6-6a05-485e-bcaf-715c333dd823;405.35;0.01;SELL
2016-02-15T00:33:45.307000;2016-02-15T00:33:45.353000;9de011d2-fa21-4cf0-91e2-5e049a42308c;405.33;0.05;SELL
2016-02-15T00:33:45.307000;2016-02-15T00:33:45.353000;aed101b1-e54f-4faf-ba64-e6373b4a7f67;405.31;0.016;SELL
2016-02-15T00:33:45.307000;2016-02-15T00:33:45.353000;a87c4722-0055-477b-b664-c774dff9edc7;405.3;0.64370906;SELL
2016-02-15T00:33:45.307000;2016-02-15T00:33:45.370000;be02a038-0880-4f78-be01-ca39da6ffbd5;405.21;0.64370906;SELL
2016-02-15T00:33:45.307000;2016-02-15T00:33:45.370000;ab198d7a-f36c-49a4-9570-d26967096d6b;405.2;0.01;SELL
2016-02-15T00:33:45.307000;2016-02-15T00:33:45.370000;13d664a1-7f95-46ce-9c44-6fbabc692fb7;405.16;0.01;SELL
2016-02-15T00:33:45.307000;2016-02-15T00:33:45.370000;d6fef006-a8fb-4e7a-9e14-eff9e9373d16;405.13;0.05;SELL
2016-02-15T00:33:45.307000;2016-02-15T00:33:45.370000;3336beaa-8774-4480-b10d-cc1aca44b4ac;405.12;0.64370906;SELL
2016-02-15T00:33:45.307000;2016-02-15T00:33:45.370000;56d8fb54-8875-4b99-9d58-ae98a4acebe3;405.11;0.01;SELL
2016-02-15T00:33:45.310000;2016-02-15T00:33:45.387000;3d3f00c1-24b8-4a28-8f74-82daee74d7e8;405.03;0.64370906;SELL
2016-02-15T00:33:45.310000;2016-02-15T00:33:45.387000;063ccbb2-3bbf-42a1-a550-7dff404c1510;405.0;0.01;SELL
2016-02-15T00:33:45.310000;2016-02-15T00:33:45.387000;69111d43-6dab-4f9e-8159-8ab52d505c99;405.0;0.01;SELL
2016-02-15T00:33:45.310000;2016-02-15T00:33:45.387000;6232f0d4-7292-434f-b7cc-4f86398ec21c;405.0;1.0;SELL
2016-02-15T00:33:45.310000;2016-02-15T00:33:45.387000;1be88eea-241a-47e9-a4f3-42729624746e;405.0;0.09;SELL
2016-02-15T00:33:45.310000;2016-02-15T00:33:45.387000;4c8cf3fc-c324-4f58-9240-9eb90696b95f;405.0;0.0115;SELL
2016-02-15T00:33:45.310000;2016-02-15T00:33:45.387000;d69cf871-0559-4de4-b1d9-c0d7b5f960f1;405.0;0.23617435;SELL
2016-02-15T00:33:45.310000;2016-02-15T00:33:45.400000;98257b03-8a0b-4448-9107-a3dee9a644d4;405.0;0.01002;SELL
2016-02-15T00:33:45.310000;2016-02-15T00:33:45.400000;63508d7a-f978-42a8-b510-a405e1f86245;405.0;0.01;SELL
2016-02-15T00:33:45.310000;2016-02-15T00:33:45.417000;949b1e13-cd06-4556-adeb-773046137912;404.98;0.010025;SELL
2016-02-15T00:33:45.310000;2016-02-15T00:33:45.417000;b0f4bc15-f8cf-4255-b58f-c45bf82c8fc2;404.93;0.05;SELL
2016-02-15T00:33:45.310000;2016-02-15T00:33:45.417000;24f735f9-5b40-4080-931a-eacaa0a5377d;404.88;0.01;SELL
2016-02-15T00:33:45.310000;2016-02-15T00:33:45.417000;392f2582-dc5d-4b51-9128-a20940c74d03;404.81;0.17;SELL
2016-02-15T00:33:45.310000;2016-02-15T00:33:45.417000;f868d3c5-9ce3-4b20-a39c-1601f9b39091;404.8;0.01;SELL
2016-02-15T00:33:45.310000;2016-02-15T00:33:45.417000;5df7f086-e331-4b26-b131-23129fa687d3;404.75;0.01;SELL
2016-02-15T00:33:45.310000;2016-02-15T00:33:45.417000;06e2a4b9-a33d-4e47-b0a6-6b32b0b0b5fb;404.71;0.01;SELL
2016-02-15T00:33:45.310000;2016-02-15T00:33:45.417000;8bace503-8d3e-4022-828b-bf1eaf8895f8;404.63;0.05;SELL
2016-02-15T00:33:45.310000;2016-02-15T00:33:45.417000;5f2141d3-50ea-4d02-a667-425fd9a9d401;404.63;0.016;SELL
2016-02-15T00:33:45.310000;2016-02-15T00:33:45.433000;a186ab78-86bf-470d-9546-4a92c83546dd;404.6;0.01;SELL
2016-02-15T00:33:45.310000;2016-02-15T00:33:45.433000;e76f904c-9e6e-42c1-b7f8-b4b85d66d413;404.6;0.094;SELL
2016-02-15T00:33:47.447000;2016-02-15T00:33:47.463000;4af2f61f-40f2-4f73-9b95-836fb87e24e5;404.56;0.01;SELL
2016-02-15T00:33:47.447000;2016-02-15T00:33:47.480000;fc7f2f58-62fd-4431-b92d-d0bb8583765b;404.55;0.015;SELL
2016-02-15T00:33:47.447000;2016-02-15T00:33:47.480000;b1e6baf6-a1f3-4595-a723-278f0f85cf95;404.55;0.015;SELL
2016-02-15T00:33:47.447000;2016-02-15T00:33:47.493000;8e982791-de97-4410-b001-ac628acac1c6;404.54;0.015;SELL
2016-02-15T00:33:47.447000;2016-02-15T00:33:47.493000;6097797d-18f5-4e69-87e8-2c36f8abdda0;404.54;0.015;SELL
2016-02-15T00:33:47.447000;2016-02-15T00:33:47.493000;d0d8183d-cfb5-41c4-bfa5-1030b3b39eda;404.53;0.015;SELL
2016-02-15T00:33:47.447000;2016-02-15T00:33:47.493000;72fc56f0-7e5f-4d37-b414-77ace34ca288;404.53;0.01;SELL
2016-02-15T00:33:47.447000;2016-02-15T00:33:47.493000;9ac76f3a-bf6c-4321-8d1d-bc1679c3863d;404.53;0.015;SELL
2016-02-15T00:33:47.447000;2016-02-15T00:33:47.493000;11bc3bb3-38b2-4512-9e16-40b2c9c70ca5;404.51;0.01;SELL
2016-02-15T00:33:47.447000;2016-02-15T00:33:47.493000;ca67582e-79d6-498f-b1ff-973e096fe43a;404.51;0.01928952;SELL
2016-02-15T00:33:47.447000;2016-02-15T00:33:47.510000;874c36c5-04a7-4ebb-a49b-59e0ad4da8b7;404.5;0.13268312;SELL
2016-02-15T00:33:47.613000;2016-02-15T00:33:47.637000;b565f158-cd8f-4a23-bba2-cd6d5885ab40;404.56;0.015;SELL
2016-02-15T00:33:47.613000;2016-02-15T00:33:47.637000;9dfbb8f7-fef7-478f-98fa-9e37eaae198a;404.56;0.015;SELL
2016-02-15T00:33:47.613000;2016-02-15T00:33:47.637000;b16877e5-f6c7-4635-a442-d2193fa080b9;404.5;0.22731688;SELL
2016-02-15T00:33:47.613000;2016-02-15T00:33:47.637000;c7a98eed-062a-4f28-b21f-d4f711a15a7d;404.5;0.24268312;SELL
2016-02-15T00:33:48.470000;2016-02-15T00:33:48.480000;e331d94d-5f45-4749-84dc-b8782fafb4f4;404.59;0.015;SELL
2016-02-15T00:33:48.470000;2016-02-15T00:33:48.493000;50885980-05d1-4ed0-a96f-4cb4b88da9cc;404.58;0.015;SELL
2016-02-15T00:33:48.470000;2016-02-15T00:33:48.493000;ee045991-c063-4f37-8c63-944003245e8e;404.58;0.015;SELL
2016-02-15T00:33:48.470000;2016-02-15T00:33:48.493000;d15db5f4-826e-4674-aa57-8fb4d21873db;404.57;0.015;SELL
2016-02-15T00:33:48.470000;2016-02-15T00:33:48.493000;d26e67f7-493c-4bde-87af-eafa783c4beb;404.51;0.015;SELL
2016-02-15T00:33:48.470000;2016-02-15T00:33:48.510000;ad9247ac-80eb-4405-a550-32e397c3fdb4;404.51;0.01;SELL
2016-02-15T00:33:48.473000;2016-02-15T00:33:48.510000;0d0f0330-2b64-4522-903b-0173f48f0d47;404.5;2.595;SELL
2016-02-15T00:33:49.650000;2016-02-15T00:33:49.650000;f88641fe-d8ed-4fff-b5fb-133f91046bc2;405.47;0.01;BUY
2016-02-15T00:33:49.650000;2016-02-15T00:33:49.683000;1d84efc8-c8f9-4d73-bc2a-3e1bc32c78b6;405.47;0.01;BUY
2016-02-15T00:33:50.063000;2016-02-15T00:33:50.090000;2f46cf31-aacd-489e-8e06-d4cc6da97d00;404.6;0.015;SELL
2016-02-15T00:33:50.063000;2016-02-15T00:33:50.090000;35e376f8-7489-4b51-a5ae-375c64071e75;404.4;0.01;SELL
2016-02-15T00:33:50.063000;2016-02-15T00:33:50.090000;dc51dfc6-b884-4aa3-b058-1f6e568fe67b;404.34;0.975;SELL
2016-02-15T00:33:51.547000;2016-02-15T00:33:51.573000;3030f71b-3a41-420a-abcc-1de67081ab24;404.38;0.015;SELL
2016-02-15T00:33:51.547000;2016-02-15T00:33:51.573000;267039c9-1627-4cb2-b51b-b674fbce7486;404.38;0.005;SELL
2016-02-15T00:33:54.853000;2016-02-15T00:33:54.853000;e77af7f3-bc03-49cc-adbf-ca9c18204b8f;404.43;0.01;SELL
2016-02-15T00:33:54.853000;2016-02-15T00:33:54.870000;1b197f67-4249-4448-aa8e-93d36a2ab606;404.42;0.025;SELL
2016-02-15T00:33:54.853000;2016-02-15T00:33:54.870000;cc289675-c01d-4385-9cf8-903f17eb7c12;404.41;0.015;SELL
2016-02-15T00:33:54.853000;2016-02-15T00:33:54.887000;d70d1072-a231-455f-b905-9794622ece4f;404.41;0.025;SELL
2016-02-15T00:33:54.853000;2016-02-15T00:33:54.887000;2eb3a831-efad-4dc5-829d-1e7e811eec13;404.4;0.015;SELL
2016-02-15T00:33:54.853000;2016-02-15T00:33:54.887000;bc027f7d-6863-463a-8a82-371323abcf84;404.4;0.015;SELL
2016-02-15T00:33:54.853000;2016-02-15T00:33:54.900000;e6e685af-a1a8-4a8b-83cb-44b933389395;404.4;0.01;SELL
2016-02-15T00:33:54.853000;2016-02-15T00:33:54.900000;db462206-7e69-4096-ac7d-cff0c84ac190;404.4;0.025;SELL
2016-02-15T00:33:54.853000;2016-02-15T00:33:54.900000;17f79cbb-5a04-43fa-8e72-e79d8bffca00;404.39;0.015;SELL
2016-02-15T00:33:54.853000;2016-02-15T00:33:54.900000;c88f5a17-3a42-484f-b328-3444d5efe641;404.38;0.01;SELL
2016-02-15T00:33:54.853000;2016-02-15T00:33:54.900000;1db1ea35-3b70-4d7d-87f2-a47a9b1f4ee6;404.37;0.015;SELL
2016-02-15T00:33:54.853000;2016-02-15T00:33:54.900000;1585fe95-dd58-47cc-9b82-a6a3a737685b;404.36;0.015;SELL
2016-02-15T00:33:54.853000;2016-02-15T00:33:54.900000;8be99466-191f-4323-9056-26598d4dfb04;404.33;0.05;SELL
2016-02-15T00:33:54.853000;2016-02-15T00:33:54.917000;20a58b5f-8b13-40e9-9826-166264c0f680;404.27;0.05003;SELL
2016-02-15T00:33:54.853000;2016-02-15T00:33:54.917000;6315cda7-85e3-40ff-b317-c3ea3e037832;404.27;0.01;SELL
2016-02-15T00:33:54.853000;2016-02-15T00:33:54.917000;22a9278b-2c46-4b2f-a2b2-7065818bbf85;404.26;0.01;SELL
2016-02-15T00:33:54.853000;2016-02-15T00:33:54.917000;48138704-f40b-4e24-8789-fd99c33a0be3;404.2;0.01;SELL
2016-02-15T00:33:54.853000;2016-02-15T00:33:54.917000;03643c11-bec2-4b57-bb73-844a29b504fe;404.2;0.01;SELL
2016-02-15T00:33:56.993000;2016-02-15T00:33:57.010000;03a75317-d50f-4866-9fac-7cc071013ca9;405.18;0.015;BUY
2016-02-15T00:33:56.993000;2016-02-15T00:33:57.010000;28ccbd01-4b6e-4239-8632-c75f7b48ac8c;405.19;0.005;BUY
2016-02-15T00:33:57.993000;2016-02-15T00:33:58.073000;de196d2d-d402-4f2f-aca8-9bdf02f74a1d;404.29;0.015;SELL
2016-02-15T00:33:57.993000;2016-02-15T00:33:58.103000;adfe7596-1bd0-4241-8c88-2af14364978c;404.28;0.015;SELL
2016-02-15T00:33:57.993000;2016-02-15T00:33:58.137000;6c0a9aab-383b-4d56-ba79-d894ac0571ec;404.27;0.015;SELL
2016-02-15T00:33:57.993000;2016-02-15T00:33:58.183000;b8ad81e9-c184-4e55-bfa0-e19ca0f7fe8c;404.27;0.015;SELL
2016-02-15T00:33:57.993000;2016-02-15T00:33:58.213000;eb5f0105-bf1c-45df-b55b-a89960cb8603;404.26;0.01;SELL
2016-02-15T00:33:57.993000;2016-02-15T00:33:58.243000;f33081f6-c02a-4239-8cb0-59dd5bc24feb;404.26;0.015;SELL
2016-02-15T00:33:57.993000;2016-02-15T00:33:58.277000;f3e57c83-03d2-4b19-a800-664ddcd3f91a;404.25;0.015;SELL
2016-02-15T00:33:57.993000;2016-02-15T00:33:58.323000;bab9d216-8f7b-4cb8-8818-5dade15effcf;404.25;0.015;SELL
2016-02-15T00:33:57.993000;2016-02-15T00:33:58.353000;431bbed1-4a82-485e-93ba-47e788e7b74b;404.24;0.015;SELL
2016-02-15T00:33:57.997000;2016-02-15T00:33:58.387000;0f176acd-3fff-4906-b9cf-1ac4f64cc21e;404.23;0.015;SELL
2016-02-15T00:33:57.997000;2016-02-15T00:33:58.387000;7cb73fa7-fd6c-4498-9845-14777c9e18d9;404.23;0.015;SELL
2016-02-15T00:33:57.997000;2016-02-15T00:33:58.387000;276727c4-7863-4906-a2cb-40b2f158205b;404.22;0.015;SELL
2016-02-15T00:33:57.997000;2016-02-15T00:33:58.387000;d8cfda25-5f71-49f4-804f-a5719ea7f0e7;404.21;0.015;SELL
2016-02-15T00:33:57.997000;2016-02-15T00:33:58.387000;96d41fc7-e20d-4e80-bf25-2cd5affed668;404.2;0.015;SELL
2016-02-15T00:33:57.997000;2016-02-15T00:33:58.387000;a10861eb-3623-4d73-8d5d-c4a49188a802;404.19;0.015;SELL
2016-02-15T00:33:57.997000;2016-02-15T00:33:58.387000;b785c2fb-13ea-4cc0-8555-025ed7706307;404.19;0.015;SELL
2016-02-15T00:33:57.997000;2016-02-15T00:33:58.387000;56b54a8e-df8f-4bb2-b2d7-f92e919fcb48;404.13;0.05;SELL
2016-02-15T00:33:57.997000;2016-02-15T00:33:58.387000;89f1355e-abba-423b-ba07-0b12c1472557;404.13;0.1;SELL
2016-02-15T00:33:57.997000;2016-02-15T00:33:58.387000;984ae3e8-90e4-4592-a425-d6cad604cc22;404.09;0.5852;SELL
2016-02-15T00:33:57.997000;2016-02-15T00:33:58.387000;0b7346cf-1990-426b-920b-5dba7926f28d;404.06;0.0098;SELL
2016-02-15T00:34:00.980000;2016-02-15T00:34:00.993000;6b8cc042-b7e7-4a40-9cd1-ce0a2c9e4e95;404.66;5.4586;BUY
2016-02-15T00:34:01.040000;2016-02-15T00:34:01.057000;6481b193-f01a-4243-bd29-edffb39c6e8f;404.18;2.881;SELL
2016-02-15T00:34:01.040000;2016-02-15T00:34:01.057000;a0c1c8ed-67e6-41f2-b537-a37802e43722;404.08;0.01;SELL
2016-02-15T00:34:01.040000;2016-02-15T00:34:01.057000;06dc35b5-c025-47b7-971c-ca5ecfc5d494;404.07;0.015;SELL
2016-02-15T00:34:01.040000;2016-02-15T00:34:01.073000;4841201a-d617-4c3d-96d7-b6d18d0b6158;404.06;0.0002;SELL
2016-02-15T00:34:01.040000;2016-02-15T00:34:01.073000;be97fd97-deca-4fed-bdb8-59f4ee507c13;404.04;0.712;SELL
2016-02-15T00:34:01.040000;2016-02-15T00:34:01.073000;167bab6e-713d-4b4f-882c-1e191c4fac14;404.03;0.9091;SELL
2016-02-15T00:34:01.040000;2016-02-15T00:34:01.090000;774a6dab-0e04-4534-ae58-0301001bf039;404.02;2.917;SELL
2016-02-15T00:34:01.040000;2016-02-15T00:34:01.090000;54188cf7-676a-4170-9270-cfa36d434312;404.0;0.01;SELL
2016-02-15T00:34:01.040000;2016-02-15T00:34:01.090000;f099cd27-3075-474c-a9cd-2697b9f6ae2b;404.0;0.0115;SELL
2016-02-15T00:34:01.040000;2016-02-15T00:34:01.090000;b532b65e-e6ed-44ef-aeab-3e038d415448;404.0;0.01002;SELL
2016-02-15T00:34:01.040000;2016-02-15T00:34:01.090000;61d33907-0cee-4c87-b887-f3e79b5edd07;404.0;0.23525677;SELL
2016-02-15T00:34:01.040000;2016-02-15T00:34:01.090000;5f43949e-e800-4a71-9f57-d837eb14cd02;403.93;0.05;SELL
2016-02-15T00:34:01.040000;2016-02-15T00:34:01.090000;f1656239-2918-4028-a743-e428f421c2af;403.93;0.01;SELL
2016-02-15T00:34:01.040000;2016-02-15T00:34:01.120000;089450ed-7074-41ba-ab11-71500ef64b82;403.89;0.016;SELL
2016-02-15T00:34:01.043000;2016-02-15T00:34:01.120000;267ed947-f94b-42a7-991f-a04d8142b95e;403.85;2.881;SELL
2016-02-15T00:34:01.043000;2016-02-15T00:34:01.120000;e9174aad-56cb-49d5-9c64-fc7dc39be337;403.8;0.01;SELL
2016-02-15T00:34:01.043000;2016-02-15T00:34:01.120000;d4a00f80-565a-4cd1-a0b7-8451c54f0213;403.69;2.598;SELL
2016-02-15T00:34:01.043000;2016-02-15T00:34:01.120000;f00b0151-2477-48e6-bdb6-2715f11c8c21;403.68;0.01;SELL
2016-02-15T00:34:01.043000;2016-02-15T00:34:01.120000;1b5fe412-32eb-4641-aacb-2d37e3229a64;403.63;0.05;SELL
2016-02-15T00:34:01.043000;2016-02-15T00:34:01.120000;283cb383-2f62-48e7-adff-67f607d5acfd;403.57;0.093;SELL
2016-02-15T00:34:01.043000;2016-02-15T00:34:01.120000;8bcfdfbe-870f-4a5e-9cda-b52ef386fa50;403.54;2.587;SELL
2016-02-15T00:34:01.943000;2016-02-15T00:34:01.947000;fa801906-9729-4b8f-9893-a4bee623877b;404.19;0.01;SELL
2016-02-15T00:34:01.943000;2016-02-15T00:34:01.947000;498e7fc0-d2b7-4d00-9c23-9877345916da;403.5;1.01;SELL
2016-02-15T00:34:01.943000;2016-02-15T00:34:01.980000;67676b7d-f657-4ed7-aa0f-d9754d25999d;403.49;0.01;SELL
2016-02-15T00:34:01.943000;2016-02-15T00:34:01.980000;8378c26f-78aa-4921-954a-4aa6cbb74ad9;403.48;0.095;SELL
2016-02-15T00:34:01.943000;2016-02-15T00:34:01.980000;e4553a08-dbbe-4f4c-b03a-0576b6afed48;403.48;1.35322;SELL
2016-02-15T00:34:03.617000;2016-02-15T00:34:03.637000;437393b0-0eba-445a-8642-78a1e631e5fa;404.56;0.015;BUY
2016-02-15T00:34:03.617000;2016-02-15T00:34:03.637000;2aa2b43c-1309-4b17-9d38-08401fa53d94;404.57;0.005;BUY
2016-02-15T00:34:04.130000;2016-02-15T00:34:04.137000;fc43bbf6-b77d-4e5f-9b4c-92043920574c;403.7;0.778;SELL
2016-02-15T00:34:04.130000;2016-02-15T00:34:04.150000;121ac5c4-19e4-42fe-81d0-4f3e26f7f1fb;403.69;3.07;SELL
2016-02-15T00:34:04.130000;2016-02-15T00:34:04.150000;a19b53cc-642e-4b6e-8466-8d2e80d02e81;403.58;0.015;SELL
2016-02-15T00:34:04.130000;2016-02-15T00:34:04.150000;ce4287bb-9079-41b4-b772-8d2e24ad5292;403.58;0.015;SELL
2016-02-15T00:34:04.130000;2016-02-15T00:34:04.150000;948ee1b0-7674-4056-979b-fbb5e0fc0cf3;403.57;0.015;SELL
2016-02-15T00:34:04.130000;2016-02-15T00:34:04.183000;e4324a6f-7aee-4fae-96c9-cd6e7ddf9e86;403.56;0.015;SELL
2016-02-15T00:34:04.130000;2016-02-15T00:34:04.183000;7568912a-d01e-46cf-8a94-43a751c007fb;403.55;0.015;SELL
2016-02-15T00:34:04.130000;2016-02-15T00:34:04.183000;b9bf30e6-8fb0-419b-a814-5067d7028b48;403.54;0.015;SELL
2016-02-15T00:34:04.130000;2016-02-15T00:34:04.183000;f46c8bb1-ea72-4903-80a0-fe96323d2b2c;403.53;2.869;SELL
2016-02-15T00:34:04.130000;2016-02-15T00:34:04.183000;38bc9f7f-25eb-4244-9c6a-9e66d83275ae;403.49;0.01;SELL
2016-02-15T00:34:04.130000;2016-02-15T00:34:04.183000;90e1409c-ed51-47a4-bb99-fad6d034a3f9;403.4;0.01;SELL
2016-02-15T00:34:04.130000;2016-02-15T00:34:04.183000;b0d2d1cf-d3ff-4d96-a238-09bec962b431;403.4;0.01;SELL
2016-02-15T00:34:04.130000;2016-02-15T00:34:04.183000;c49010af-4334-480d-ae81-8e4be691c31d;403.38;1.088;SELL
2016-02-15T00:34:04.130000;2016-02-15T00:34:04.183000;831eb4f7-2b90-43a6-b837-5efe80aa0898;403.32;0.01;SELL
2016-02-15T00:34:04.133000;2016-02-15T00:34:04.213000;a8a5ef06-84a9-42bb-9b29-4ec33d807045;403.31;1.88057646;SELL
2016-02-15T00:34:07.287000;2016-02-15T00:34:07.290000;738f41b8-d571-439d-a997-b0db29b038f0;403.73;0.01;SELL
2016-02-15T00:34:07.287000;2016-02-15T00:34:07.323000;f7e7b445-8958-495c-bbd9-a772cc041b4e;403.73;0.126;SELL
2016-02-15T00:34:07.287000;2016-02-15T00:34:07.323000;38494ade-20cc-4bed-b3b5-4a3be089eb3f;403.72;0.01;SELL
2016-02-15T00:34:07.287000;2016-02-15T00:34:07.323000;8b5d57c6-ff4d-4ab9-8572-65343be24d3d;403.71;0.099;SELL
2016-02-15T00:34:07.287000;2016-02-15T00:34:07.323000;6a9edbd1-40c9-4892-af08-ad5e182597dc;403.56;0.01;SELL
2016-02-15T00:34:07.287000;2016-02-15T00:34:07.323000;cc86ac4b-1ff3-4b8a-b49b-e5b9db4e2d0d;403.53;2.674;SELL
2016-02-15T00:34:07.287000;2016-02-15T00:34:07.340000;5f316dd5-9a36-4343-89d3-3e05d96f47e8;403.37;2.713;SELL
2016-02-15T00:34:07.287000;2016-02-15T00:34:07.340000;ed8662a6-ba09-43b6-a1c4-fd03569885ae;403.31;0.01;SELL
2016-02-15T00:34:07.287000;2016-02-15T00:34:07.340000;5d8497df-046a-4ab6-aa3d-27b644ed96b1;403.25;0.1;SELL
2016-02-15T00:34:07.287000;2016-02-15T00:34:07.340000;978f8c83-9d2a-417d-b9ed-bbc54335fb56;403.24;0.781;SELL
2016-02-15T00:34:07.287000;2016-02-15T00:34:07.353000;2bc8f62a-4966-44fb-a020-9d34af2b46d8;403.23;0.016;SELL
2016-02-15T00:34:07.287000;2016-02-15T00:34:07.353000;f2dddac4-d4ca-4213-9476-45461f0c28f4;403.21;0.876;SELL
2016-02-15T00:34:07.287000;2016-02-15T00:34:07.353000;cb58d50d-6e8d-4ca2-9666-830098aa6ce4;403.2;0.01;SELL
2016-02-15T00:34:07.287000;2016-02-15T00:34:07.353000;eafa82a4-4321-43aa-a2d2-7f1bb0d1fa9d;403.09;0.01;SELL
2016-02-15T00:34:07.287000;2016-02-15T00:34:07.353000;6899d57d-767d-4903-ba79-437bcb6de256;403.06;2.542;SELL
2016-02-15T00:34:07.290000;2016-02-15T00:34:07.353000;77240988-3360-4755-8610-357d3abd8e7e;403.02;0.01;SELL
2016-02-15T00:34:07.290000;2016-02-15T00:34:07.370000;8f9756c1-8beb-4c90-b1a9-e0f57977a310;403.0;0.01;SELL
2016-02-15T00:34:07.290000;2016-02-15T00:34:07.370000;0647963e-8c83-490b-b2ac-8d0089578a17;403.0;0.0115;SELL
2016-02-15T00:34:07.290000;2016-02-15T00:34:07.370000;9b6c255f-2a4d-469d-a6fd-a2b9d8c33232;403.0;0.01002;SELL
2016-02-15T00:34:07.290000;2016-02-15T00:34:07.370000;a5b421bb-5124-4400-bb3d-518c8f3e8416;403.0;0.23525677;SELL
2016-02-15T00:34:07.290000;2016-02-15T00:34:07.370000;923691f5-5c61-468a-8317-bcbc88e34f57;402.94;0.01;SELL
2016-02-15T00:34:07.290000;2016-02-15T00:34:07.370000;fac409f3-caa3-4a44-81b2-8dcd8ec61e31;402.9;2.235;SELL
2016-02-15T00:34:07.290000;2016-02-15T00:34:07.387000;09588023-d75b-41cc-b10c-354765695d3c;402.81;0.89;SELL
2016-02-15T00:34:07.290000;2016-02-15T00:34:07.387000;fd893114-8988-4a52-8098-bb9826101c94;402.78;0.01;SELL
2016-02-15T00:34:07.290000;2016-02-15T00:34:07.387000;36ba006e-54f6-46f2-add0-8a66ff4c9089;402.73;2.657;SELL
2016-02-15T00:34:07.290000;2016-02-15T00:34:07.387000;56f54583-b586-4f05-8c9a-603d3259ae3f;402.71;0.45038985;SELL
2016-02-15T00:34:08.750000;2016-02-15T00:34:08.760000;e48357bd-a3af-4c30-aac2-2db9370adcbf;403.7;0.01;BUY
2016-02-15T00:34:08.753000;2016-02-15T00:34:08.760000;96c00711-1578-41a8-8705-1475462adc48;403.7;0.01;BUY
2016-02-15T00:34:10.043000;2016-02-15T00:34:10.057000;9e32940e-36dc-4d72-82c1-4004e21ed1ff;403.5;0.01;SELL
2016-02-15T00:34:10.043000;2016-02-15T00:34:10.073000;059dddc0-38dc-4f0a-bbbc-10802f5299a5;403.49;0.01;SELL
2016-02-15T00:34:10.047000;2016-02-15T00:34:10.073000;e762b9ba-1d6a-4170-a0e9-f9abd2aa53bd;403.49;0.095;SELL
2016-02-15T00:34:10.047000;2016-02-15T00:34:10.073000;c5465ef1-a383-4513-b0e0-1d5ef8163ac0;403.48;0.128;SELL
2016-02-15T00:34:10.047000;2016-02-15T00:34:10.073000;1f436397-5ef8-45ef-9125-e07dd00364ec;403.47;0.01;SELL
2016-02-15T00:34:10.047000;2016-02-15T00:34:10.073000;8cabda79-9389-48b5-bac8-e3e9d0313cd0;403.34;0.01;SELL
2016-02-15T00:34:10.047000;2016-02-15T00:34:10.073000;f2251983-c384-4ac8-895e-b030de2e7b6c;403.09;0.01;SELL
2016-02-15T00:34:10.047000;2016-02-15T00:34:10.073000;ad971790-fb31-4a32-b4e8-9b495682d5ce;402.87;0.01;SELL
2016-02-15T00:34:10.047000;2016-02-15T00:34:10.073000;28f0a7f6-a3f3-4e11-bb80-8d7bafe45832;402.73;0.0511605;SELL
2016-02-15T00:34:10.363000;2016-02-15T00:34:10.387000;018f9c45-564b-4f8f-acd1-666e1f03de68;402.9;2.32;SELL
2016-02-15T00:34:10.363000;2016-02-15T00:34:10.387000;10805d6b-d4e1-4664-ba17-1cd019675c23;402.74;0.01;SELL
2016-02-15T00:34:10.363000;2016-02-15T00:34:10.387000;1d32d8b7-7ec1-4545-83a5-bf3a30d24f88;402.73;1.0808395;SELL
2016-02-15T00:34:10.363000;2016-02-15T00:34:10.387000;0c8e60e4-87ba-451a-816e-0c92ca0870b7;402.67;0.01;SELL
2016-02-15T00:34:10.363000;2016-02-15T00:34:10.400000;dfe1475c-f19e-4afd-844c-334526bc1272;402.64;0.016;SELL
2016-02-15T00:34:10.363000;2016-02-15T00:34:10.400000;0fa50ea8-e18e-4a99-bbad-c3131fc569c2;402.62;0.01;SELL
2016-02-15T00:34:10.363000;2016-02-15T00:34:10.400000;950eeefd-95bd-4758-85f2-71b6c1e2aa31;402.57;0.1731605;SELL
2016-02-15T00:34:13.337000;2016-02-15T00:34:13.397000;6b1d0ff5-a939-4ee9-ae56-38eaecc22ee6;403.41;0.024;SELL
2016-02-15T00:34:13.337000;2016-02-15T00:34:13.397000;b875cd30-cdb1-4572-a2f8-0bb910672b4e;403.41;0.113;SELL
2016-02-15T00:34:13.337000;2016-02-15T00:34:13.397000;607fc535-fa2b-4798-bf43-00771aec8ca2;403.4;0.025;SELL
2016-02-15T00:34:13.337000;2016-02-15T00:34:13.413000;81753b71-3897-407d-945d-2ca1784f2d8c;403.39;0.025;SELL
2016-02-15T00:34:13.337000;2016-02-15T00:34:13.413000;63b53dc1-8212-4443-b747-fef99da4f418;403.14;0.01;SELL
2016-02-15T00:34:13.337000;2016-02-15T00:34:13.413000;f185b2af-08a9-4b92-87af-166a2d658ec2;403.01;0.111;SELL
2016-02-15T00:34:13.337000;2016-02-15T00:34:13.427000;66c4b9f4-aee1-4b48-b94b-436e86d454ae;403.0;0.23525677;SELL
2016-02-15T00:34:13.337000;2016-02-15T00:34:13.427000;8dc74e90-9645-4131-a4c2-081ba833f438;403.0;0.01;SELL
2016-02-15T00:34:13.337000;2016-02-15T00:34:13.427000;15450c12-f1e7-4c28-a00a-9b6e4e994b8d;402.9;0.01;SELL
2016-02-15T00:34:13.337000;2016-02-15T00:34:13.427000;4483bdf8-64ab-4a14-b77d-83f3bd97ef21;402.87;7.36642;SELL
2016-02-15T00:34:13.337000;2016-02-15T00:34:13.427000;7c9c9e8d-dbdb-4a12-880d-5022fe118b1c;402.8;0.01;SELL
2016-02-15T00:34:13.340000;2016-02-15T00:34:13.443000;5e2a640c-5c28-4a4e-bd30-a5f3851cc120;402.73;2.962;SELL
2016-02-15T00:34:13.340000;2016-02-15T00:34:13.443000;36c825df-9fec-45b7-9036-ece948abdb01;402.68;0.01;SELL
2016-02-15T00:34:13.340000;2016-02-15T00:34:13.443000;38b8ca05-8048-4520-a40e-44c8a3f4c3c6;402.58;0.015;SELL
2016-02-15T00:34:13.340000;2016-02-15T00:34:13.443000;043dc08a-f7ba-4ebc-b9d7-db3f492ea9da;402.57;2.3028395;SELL
2016-02-15T00:34:13.340000;2016-02-15T00:34:13.443000;258c35fc-23f1-4ac5-9a42-203519904c7c;402.54;0.016;SELL
2016-02-15T00:34:13.340000;2016-02-15T00:34:13.460000;4a3fb00a-318c-49d3-b8a1-07975e55321f;402.51;0.01;SELL
2016-02-15T00:34:13.340000;2016-02-15T00:34:13.460000;f1803c51-6b39-400f-be0f-bc4de7f34a68;402.42;0.0591;SELL
2016-02-15T00:34:13.340000;2016-02-15T00:34:13.460000;ce93e918-3458-4723-bdd6-60968ae83bdd;402.41;1.12538373;SELL
2016-02-15T00:34:14.113000;2016-02-15T00:34:14.163000;994646c6-0ebc-4155-8c0b-345f3d549768;403.49;0.01;BUY
2016-02-15T00:34:14.113000;2016-02-15T00:34:14.163000;3fef136d-2b3c-42cd-a552-29d6c4b1dbae;403.5;0.01;BUY
2016-02-15T00:34:16.507000;2016-02-15T00:34:16.553000;1427316d-8e6e-4648-baf7-4a865fc39cbd;402.9;0.01;SELL
2016-02-15T00:34:16.507000;2016-02-15T00:34:16.570000;bf935b53-d8fa-40cf-aace-e84e683e80a3;402.7;0.01;SELL
2016-02-15T00:34:16.507000;2016-02-15T00:34:16.570000;9fa44180-c39f-47fb-9677-e1dcb2e37f27;402.61;0.098;SELL
2016-02-15T00:34:16.507000;2016-02-15T00:34:16.570000;bff6bf3b-576a-4e54-ba11-e46be91d3571;402.53;0.01;SELL
2016-02-15T00:34:16.507000;2016-02-15T00:34:16.583000;b542b562-28d6-44f4-9251-ea7646f5b005;402.36;0.015;SELL
2016-02-15T00:34:16.507000;2016-02-15T00:34:16.583000;07188b65-1af5-4eb2-96f2-347a616f1d13;402.35;0.015;SELL
2016-02-15T00:34:16.507000;2016-02-15T00:34:16.583000;1d5bf0ba-0b32-42ba-9c9a-0f1402905326;402.34;0.01;SELL
2016-02-15T00:34:16.507000;2016-02-15T00:34:16.583000;9e13e623-7315-415f-a4d0-7ccf64c4f151;402.32;0.01;SELL
2016-02-15T00:34:16.507000;2016-02-15T00:34:16.583000;3ecca957-4617-4258-bd3a-8a99deed5638;402.2;0.01;SELL
2016-02-15T00:34:18.820000;2016-02-15T00:34:18.880000;33075f60-5925-4f96-8c68-9d1c5b74c8a9;403.28;0.015;BUY
2016-02-15T00:34:18.823000;2016-02-15T00:34:18.880000;1402250d-c842-45b8-bcb9-015299994b9a;403.29;0.015;BUY
2016-02-15T00:34:18.823000;2016-02-15T00:34:18.897000;e3de6d5c-1b71-4773-a97f-ff66f51df05f;403.29;0.2576;BUY
2016-02-15T00:34:19.187000;2016-02-15T00:34:19.240000;1a1b959f-4e19-4954-a6e1-c4819cde3dbc;403.27;0.015;BUY
2016-02-15T00:34:19.187000;2016-02-15T00:34:19.240000;77ee77eb-10c6-416b-8429-5f56a657c7f2;403.28;0.005;BUY
2016-02-15T00:34:19.610000;2016-02-15T00:34:19.663000;209752d7-6af1-4e02-8425-60949ea65165;402.13;0.015;SELL
2016-02-15T00:34:19.610000;2016-02-15T00:34:19.677000;dce0f6a2-90b1-4944-9ce5-345684debd52;402.12;0.015;SELL
2016-02-15T00:34:19.610000;2016-02-15T00:34:19.677000;28aaa58d-84da-4aa8-ba07-78e68155ba6b;402.12;0.01;SELL
2016-02-15T00:34:19.610000;2016-02-15T00:34:19.677000;75cf6e51-1d8b-4e71-8d17-4bbab55be116;402.12;0.015;SELL
2016-02-15T00:34:19.610000;2016-02-15T00:34:19.677000;a8a05374-8d4e-4fa2-896b-f1639b7cd33e;402.11;0.01;SELL
2016-02-15T00:34:19.610000;2016-02-15T00:34:19.677000;2c5d2dac-d504-4d4e-94dd-2e0b519eb9b7;402.09;0.01;SELL
2016-02-15T00:34:19.610000;2016-02-15T00:34:19.693000;20c7edd5-24e2-4167-9d41-3d2949138476;402.09;0.01;SELL
2016-02-15T00:34:19.610000;2016-02-15T00:34:19.693000;d927e3ac-20cd-4d05-bf9c-772db454675e;402.08;0.016;SELL
2016-02-15T00:34:19.610000;2016-02-15T00:34:19.693000;743edc11-3929-440b-aa6d-46e41032c45e;402.0;0.01;SELL
2016-02-15T00:34:19.610000;2016-02-15T00:34:19.693000;f0ed8e01-849c-42ad-922e-1814561d3bba;402.0;0.01002;SELL
2016-02-15T00:34:19.610000;2016-02-15T00:34:19.693000;810e2eda-4bdd-4d3b-aaec-18fa639cf7d5;402.0;0.0115;SELL
2016-02-15T00:34:19.610000;2016-02-15T00:34:19.710000;3c4fcdbe-20ab-4ae0-a360-9c95980266a7;402.0;1.0;SELL
2016-02-15T00:34:19.610000;2016-02-15T00:34:19.710000;c0213cc2-f598-4a22-bb73-d0d45778ff51;402.0;0.2;SELL
2016-02-15T00:34:19.610000;2016-02-15T00:34:19.710000;5872216d-8553-46c8-a1f6-20ec9e5c7408;402.0;0.23525677;SELL
2016-02-15T00:34:19.610000;2016-02-15T00:34:19.710000;21d1e530-a6bc-4422-b123-b145d471a9db;402.0;0.01;SELL
2016-02-15T00:34:19.610000;2016-02-15T00:34:19.710000;b4acbbce-385d-4abf-8a0d-dc131381a4b5;401.93;0.01;SELL
2016-02-15T00:34:19.610000;2016-02-15T00:34:19.723000;2fb3b2ae-ba07-4447-8d83-64e0d94cbe0d;401.9;0.01;SELL
2016-02-15T00:34:21.880000;2016-02-15T00:34:21.927000;bbcc5944-98e6-44a2-b423-6822bc315bba;403.21;0.37233802;BUY
2016-02-15T00:34:24.330000;2016-02-15T00:34:24.380000;8770d56a-baca-4daf-971f-ff7a6374ea4f;403.16;0.02;BUY
2016-02-15T00:34:27.280000;2016-02-15T00:34:27.320000;a305580b-4c73-4e61-a36f-3b38b835017a;401.86;0.01;SELL
2016-02-15T00:34:27.280000;2016-02-15T00:34:27.333000;2e8007d2-6a01-466c-aeb8-de807a1fb75c;401.85;0.01;SELL
2016-02-15T00:34:30.333000;2016-02-15T00:34:30.380000;8b587b9c-706b-40d4-8192-d863dd9054b5;402.88;0.02;SELL
2016-02-15T00:34:30.333000;2016-02-15T00:34:30.380000;fea8bb54-c62c-41ca-b773-7c02f56b3f0f;402.88;0.104;SELL
2016-02-15T00:34:30.333000;2016-02-15T00:34:30.397000;53d32333-d40d-4036-b00e-3ade934b4f79;402.67;0.01;SELL
2016-02-15T00:34:30.333000;2016-02-15T00:34:30.397000;1ad4dab0-0170-4c59-ab41-76d0ab3fb7d5;402.46;0.01;SELL
2016-02-15T00:34:30.333000;2016-02-15T00:34:30.397000;e6cdca06-33ec-4d7b-a911-eecfc7097c4e;402.42;7.3727;SELL
2016-02-15T00:34:30.333000;2016-02-15T00:34:30.397000;ac219563-098b-4ed0-81af-eb3ae2010f2d;402.32;0.01;SELL
2016-02-15T00:34:30.333000;2016-02-15T00:34:30.427000;de955997-ad17-439a-b1f8-e5c8b32737a8;402.08;0.01;SELL
2016-02-15T00:34:30.333000;2016-02-15T00:34:30.427000;435df1d5-74de-48e0-899d-0b797af8f0fb;401.91;0.01;SELL
2016-02-15T00:34:30.333000;2016-02-15T00:34:30.427000;4e2613ff-1107-4298-b4d6-5c525a58b517;401.86;0.01;SELL
2016-02-15T00:34:30.333000;2016-02-15T00:34:30.427000;bc2a3364-8981-4cfc-8247-5408f96d945d;401.85;0.0033;SELL
2016-02-15T00:34:31.440000;2016-02-15T00:34:31.507000;a305534d-42d2-4f45-a823-72a5f9470318;401.89;0.01;SELL
2016-02-15T00:34:31.440000;2016-02-15T00:34:31.507000;2f1fbb1c-296c-41e2-8ca6-2831f6848074;401.89;0.00158;SELL
2016-02-15T00:34:33.693000;2016-02-15T00:34:33.740000;c9efe330-0b85-4a66-909e-8789acf965a1;401.92;0.024;SELL
2016-02-15T00:34:33.697000;2016-02-15T00:34:33.740000;3f10c5cb-cb4c-452f-8bcc-541ea4a215ff;401.91;0.024;SELL
2016-02-15T00:34:33.697000;2016-02-15T00:34:33.773000;d9e405bd-0873-472c-93f4-6875ec49cc6f;401.9;0.024;SELL
2016-02-15T00:34:33.697000;2016-02-15T00:34:33.773000;ba4f6e28-d394-46f3-9768-c54506b8a9c7;401.88;3.0;SELL
2016-02-15T00:34:33.697000;2016-02-15T00:34:33.773000;88d102a2-187e-4b73-b05c-22732e8e8372;401.87;1.60479186;SELL
2016-02-15T00:34:33.697000;2016-02-15T00:34:33.773000;eaa9a785-7456-463b-931e-96c2f027266d;401.85;0.0027;SELL
2016-02-15T00:34:33.697000;2016-02-15T00:34:33.773000;2b8cf84e-644f-42ca-bde5-419258e35cf7;401.8;0.01;SELL
2016-02-15T00:34:33.697000;2016-02-15T00:34:33.773000;69785482-7032-47e9-b83e-ca6661aa7628;401.78;0.111;SELL
2016-02-15T00:34:33.697000;2016-02-15T00:34:33.773000;b9d44d12-6741-478b-9f6b-aba6ff8eabde;401.76;0.016;SELL
2016-02-15T00:34:33.697000;2016-02-15T00:34:33.787000;703bb15f-88fe-49de-88b3-a5925fec3371;401.72;0.762;SELL
2016-02-15T00:34:36.897000;2016-02-15T00:34:36.943000;4e148d5a-7b87-4fcc-91eb-449d83ded539;402.47;0.02;SELL
2016-02-15T00:34:36.897000;2016-02-15T00:34:36.960000;906303b4-21af-42fb-aa6a-b8a9c7aece25;402.47;0.087;SELL
2016-02-15T00:34:36.897000;2016-02-15T00:34:36.960000;e8e7a46c-8582-4750-94e2-5f7ce02254c1;402.31;0.01;SELL
2016-02-15T00:34:36.897000;2016-02-15T00:34:36.960000;c12f2d98-2e71-4c4b-afae-3efb767b1093;402.11;0.01;SELL
2016-02-15T00:34:36.897000;2016-02-15T00:34:36.960000;5379464f-e212-4606-b365-28288652f900;401.89;0.01;SELL
2016-02-15T00:34:39.923000;2016-02-15T00:34:39.973000;0e96b242-94ff-44fc-bbb8-a5b1435fab4b;401.7;0.091;SELL
2016-02-15T00:34:39.923000;2016-02-15T00:34:39.973000;9ba9cfb4-d982-4d9b-8d2a-07bb646e6ca0;401.69;0.01;SELL
2016-02-15T00:34:39.923000;2016-02-15T00:34:39.990000;02ca3e10-d2c6-49d1-997b-f84893e8b31d;401.68;0.01;SELL
2016-02-15T00:34:39.923000;2016-02-15T00:34:39.990000;c79a47fd-93c1-497f-b69d-aed7b0362cb6;401.65;0.074;SELL
2016-02-15T00:34:39.923000;2016-02-15T00:34:39.990000;d65a38d6-6411-4f0a-ba9c-a58f0079f012;401.6;0.01;SELL
2016-02-15T00:34:39.923000;2016-02-15T00:34:39.990000;7e6da80c-404d-4182-9471-78ea72c6012d;401.6;0.01;SELL
2016-02-15T00:34:39.923000;2016-02-15T00:34:40.007000;29771def-3b79-47f9-9502-108985f6982c;401.58;0.015;SELL
2016-02-15T00:34:39.923000;2016-02-15T00:34:40.007000;a95a2317-7c30-49bb-b334-0d1f191546db;401.58;0.015;SELL
2016-02-15T00:34:39.923000;2016-02-15T00:34:40.007000;70796572-217b-4534-a38c-b48864ed084f;401.52;0.015;SELL
2016-02-15T00:34:39.923000;2016-02-15T00:34:40.023000;c4e85638-8784-41d1-a6b7-a412c4edad91;401.51;0.015;SELL
2016-02-15T00:34:39.923000;2016-02-15T00:34:40.023000;59be0107-22e9-4ee8-bf51-885925a0097e;401.51;0.01;SELL
2016-02-15T00:34:39.923000;2016-02-15T00:34:40.023000;083256d9-963f-4fb8-9a94-3cbd5592153a;401.5;0.015;SELL
2016-02-15T00:34:39.923000;2016-02-15T00:34:40.023000;1270754d-fd0d-4499-bb3b-a625f0be61da;401.49;0.015;SELL
2016-02-15T00:34:39.927000;2016-02-15T00:34:40.023000;b10a8bd1-f9cc-41e6-8cac-f11b642b2a08;401.49;0.01;SELL
2016-02-15T00:34:39.927000;2016-02-15T00:34:40.023000;92823c15-51e2-4357-b2b0-b5b715e71223;401.48;0.015;SELL
2016-02-15T00:34:39.927000;2016-02-15T00:34:40.023000;6c95e967-9017-48be-9c4a-9e4110943c40;401.47;0.015;SELL
2016-02-15T00:34:39.927000;2016-02-15T00:34:40.037000;c257a9a9-6a79-4bf2-b16d-05d3541c3c1f;401.47;0.015;SELL
2016-02-15T00:34:39.927000;2016-02-15T00:34:40.037000;e49a6195-1ad0-4fec-809c-d442f196d17c;401.47;0.01;SELL
2016-02-15T00:34:40.050000;2016-02-15T00:34:40.100000;573ed80e-e268-4c58-b63b-07658877027b;401.35;0.01;SELL
2016-02-15T00:34:40.050000;2016-02-15T00:34:40.100000;615d531d-44e7-4253-9f6f-2873f90613a7;401.27;0.05041;SELL
2016-02-15T00:34:40.053000;2016-02-15T00:34:40.130000;583d2149-42a1-468a-8ba6-c6a31185bba5;401.26;0.11;SELL
2016-02-15T00:34:40.053000;2016-02-15T00:34:40.130000;29da53e7-182f-406e-8395-e81444fdbadf;401.25;0.016;SELL
2016-02-15T00:34:40.053000;2016-02-15T00:34:40.130000;d1c21d8d-4caf-4051-9ff9-a8bd317f7889;401.23;0.016;SELL
2016-02-15T00:34:40.053000;2016-02-15T00:34:40.130000;d5e4ea3d-97c7-47c9-a49d-9500fbfcedad;401.17;0.41943872;SELL
2016-02-15T00:34:41.077000;2016-02-15T00:34:41.117000;8016aa78-a274-476f-b682-c0fe403e359f;402.26;0.01;BUY
2016-02-15T00:34:41.077000;2016-02-15T00:34:41.130000;df3750b9-ee24-45e6-99cd-d47774660001;402.27;0.01;BUY
2016-02-15T00:34:41.077000;2016-02-15T00:34:41.130000;0321de49-1cb2-4d48-9d68-ec26713019fe;402.28;0.01;BUY
2016-02-15T00:34:41.077000;2016-02-15T00:34:41.130000;4848818c-947b-4186-b3a7-1a96d345954f;402.28;0.25;BUY
2016-02-15T00:34:41.077000;2016-02-15T00:34:41.130000;433f28ae-c93b-4176-ae27-a03d6362ab0d;402.29;1.17;BUY
2016-02-15T00:34:43.233000;2016-02-15T00:34:43.273000;a00633de-6a47-4e61-b470-5d11c93feb9c;402.25;0.01;SELL
2016-02-15T00:34:43.363000;2016-02-15T00:34:43.413000;b96bfeb9-d6e8-4164-8851-5745cc0224f6;402.25;0.240001;SELL
2016-02-15T00:34:43.367000;2016-02-15T00:34:43.427000;b3e6c4b4-373c-4f7d-b7ec-63a074323f93;402.25;0.099;SELL
2016-02-15T00:34:43.367000;2016-02-15T00:34:43.427000;086c6683-2ceb-44ca-80b7-f2cd9fa753f4;402.2;0.124;SELL
2016-02-15T00:34:43.367000;2016-02-15T00:34:43.443000;c4aac2ad-2002-40f8-b98d-1559adbd60db;402.2;0.01;SELL
2016-02-15T00:34:43.367000;2016-02-15T00:34:43.443000;8280009d-d5c7-4749-8ad1-cd5c2e9d751b;402.12;0.01;SELL
2016-02-15T00:34:43.367000;2016-02-15T00:34:43.443000;345a0afa-21c0-4a5b-9d15-e069ef2fe78f;402.06;0.02;SELL
2016-02-15T00:34:43.367000;2016-02-15T00:34:43.443000;e7864596-6653-4f0a-ab03-62fae2f72f32;402.0;0.01;SELL
2016-02-15T00:34:43.367000;2016-02-15T00:34:43.443000;eee65810-0220-4bcb-bc42-e6842fe2a828;401.93;0.01;SELL
2016-02-15T00:34:43.367000;2016-02-15T00:34:43.460000;60792f53-3b48-4bad-bed9-8902c984bd06;401.77;0.77;SELL
2016-02-15T00:34:43.367000;2016-02-15T00:34:43.460000;168c71cd-d950-4f21-8afe-6c4d38728700;401.68;0.01;SELL
2016-02-15T00:34:43.367000;2016-02-15T00:34:43.460000;52718183-28ec-44c7-b2af-40552ded7874;401.52;0.006999;SELL
2016-02-15T00:34:45.343000;2016-02-15T00:34:45.397000;04523ca5-0201-468b-adac-a64d872f362d;401.53;0.01;SELL
2016-02-15T00:34:45.343000;2016-02-15T00:34:45.397000;0c1bf005-e615-42c0-bb89-43d0e2d61fe4;401.53;0.091;SELL
2016-02-15T00:34:45.343000;2016-02-15T00:34:45.397000;b3a0e030-ffce-4229-a479-0d9a4c319743;401.52;0.003001;SELL
