time_exchange;time_coinpai;guid;price;base_amount;taker_side
2016-03-03T00:00:02.000000;2016-03-03T00:00:02.000000;5cb1a2c2-ea1e-4bc5-af06-b35d49dd8ff4;421.23;0.21323492;UNKNOWN
2016-03-03T00:00:02.000000;2016-03-03T00:00:02.000000;4431196d-9e19-41fb-a79d-e9e668a2e7b8;421.11;19.0;UNKNOWN
2016-03-03T00:00:02.000000;2016-03-03T00:00:02.000000;18928ba7-dec4-4699-a8bb-9a9489111dd1;421.41;3.48173251;UNKNOWN
2016-03-03T00:00:02.000000;2016-03-03T00:00:02.000000;3217c520-fbe3-4665-804c-ff6c7898b27d;421.11;285.08754842;UNKNOWN
2016-03-03T00:00:02.000000;2016-03-03T00:00:02.000000;d16f49bd-6e3e-4efc-a81d-e52d96e046f7;421.37;6.67;UNKNOWN
2016-03-03T00:00:02.000000;2016-03-03T00:00:02.000000;a64d5069-c467-4a14-bd2b-47038903736b;421.45;3.48173251;UNKNOWN
2016-03-03T00:00:02.000000;2016-03-03T00:00:02.000000;9b85cdbd-f1d4-4e43-98ad-6d563edc6df3;421.11;0.1;UNKNOWN
2016-03-03T00:00:02.000000;2016-03-03T00:00:02.000000;03dbd80f-93b4-4026-8885-7c22624250dd;421.1;25.52603395;UNKNOWN
2016-03-03T00:00:02.000000;2016-03-03T00:00:02.000000;3dccb7ba-9391-4e97-81f0-4aca7d93737d;421.24;0.47004;UNKNOWN
2016-03-03T00:00:02.000000;2016-03-03T00:00:02.000000;6251bc37-8b69-4b6e-bfd1-f91609b7e1f7;421.12;22.29397857;UNKNOWN
2016-03-03T00:00:02.000000;2016-03-03T00:00:02.000000;7a283dc5-5211-4380-bf68-a0914cb070e8;421.23;0.02651201;UNKNOWN
2016-03-03T00:00:02.000000;2016-03-03T00:00:02.000000;b5187abc-48dc-4048-82f6-ffda593c620f;421.27;3.48197498;UNKNOWN
2016-03-03T00:00:02.000000;2016-03-03T00:00:02.000000;38fce9e7-01be-4a72-a161-1a8459f170a3;421.16;15.6889;UNKNOWN
2016-03-03T00:00:02.000000;2016-03-03T00:00:02.000000;0d64ecf4-4630-41cc-bb91-5503ef3a4898;421.71;7.9197;UNKNOWN
2016-03-03T00:00:02.000000;2016-03-03T00:00:02.000000;2c817042-c52a-4c75-802e-03643194a59a;421.58;15.37;UNKNOWN
2016-03-03T00:00:02.000000;2016-03-03T00:00:02.000000;2308c5fe-908d-4182-8571-5e152d8a19b9;421.1;3.0;UNKNOWN
2016-03-03T00:00:02.000000;2016-03-03T00:00:02.000000;16bd6245-da2b-4d4b-b11f-a97cbe5bc050;421.24;0.5;UNKNOWN
2016-03-03T00:00:02.000000;2016-03-03T00:00:02.000000;583deb3e-dfdc-48ce-8148-3b1099ea1ce0;421.2;3.48197498;UNKNOWN
2016-03-03T00:00:02.000000;2016-03-03T00:00:02.000000;035944b6-64dd-4e15-8a6c-a0e2e052fdfe;421.31;3.48193456;UNKNOWN
2016-03-03T00:00:02.000000;2016-03-03T00:00:02.000000;27ad528f-1e97-4c0a-af2b-8bb75c403424;422.01;0.1;UNKNOWN
2016-03-03T00:00:02.000000;2016-03-03T00:00:02.000000;16d13e61-7a9f-48c3-8fba-7f181f06694e;421.23;0.6563829;UNKNOWN
2016-03-03T00:00:02.000000;2016-03-03T00:00:02.000000;7b7624fa-90f2-495e-8107-e036e5ced851;421.41;11.4;UNKNOWN
2016-03-03T00:00:02.000000;2016-03-03T00:00:02.000000;107ef4d8-c45f-4ff0-8bc1-e54911c4adb2;421.4;25.0;UNKNOWN
2016-03-03T00:00:02.000000;2016-03-03T00:00:02.000000;0062cfa2-a7c8-40e8-876d-532071d5d7dd;422.01;0.1;UNKNOWN
2016-03-03T00:00:02.000000;2016-03-03T00:00:02.000000;ec1637da-b78d-45dc-94fc-389d8f19fa23;421.57;3.48136887;UNKNOWN
2016-03-03T00:00:02.000000;2016-03-03T00:00:02.000000;af8eba36-c59e-4f33-bdee-c8039b9143c6;422.0;3.0;UNKNOWN
2016-03-03T00:00:02.000000;2016-03-03T00:00:02.000000;5148b460-8d40-4952-a06f-32c67b376610;421.35;3.48136887;UNKNOWN
2016-03-03T00:00:02.000000;2016-03-03T00:00:02.000000;f3b182e0-b804-41bb-9a8e-b596f2f92fe2;421.54;3.48193456;UNKNOWN
2016-03-03T00:00:02.000000;2016-03-03T00:00:02.000000;3eed87fa-f1fd-4c3a-8315-701a6a5e5b8a;422.03;25.0;UNKNOWN
2016-03-03T00:00:02.000000;2016-03-03T00:00:02.000000;11877fff-67ff-4534-bb8d-ef00b85fae70;422.04;5.8404;UNKNOWN
2016-03-03T00:00:02.000000;2016-03-03T00:00:02.000000;0550a820-6591-4580-9f1e-2ed222ddf83b;421.73;10.0;UNKNOWN
2016-03-03T00:00:02.000000;2016-03-03T00:00:02.000000;a365489e-f1d3-4a2e-b8aa-e36ca43f902a;421.7;12.30527447;UNKNOWN
2016-03-03T00:00:06.000000;2016-03-03T00:00:06.000000;aa26ef55-641e-4f79-9f3f-8c118dd47ca9;421.86;12.82435405;UNKNOWN
2016-03-03T00:00:06.000000;2016-03-03T00:00:06.000000;bd3ac8b4-d254-41af-8357-7dfab72d87a5;421.58;0.02552577;UNKNOWN
2016-03-03T00:00:07.000000;2016-03-03T00:00:07.000000;aa1e88fb-22b9-43b5-aacb-7df33c295557;421.58;0.06535882;UNKNOWN
2016-03-03T00:00:07.000000;2016-03-03T00:00:07.000000;157fcdbc-81d3-42cc-91a4-382147281ca5;421.46;0.70166775;UNKNOWN
2016-03-03T00:00:07.000000;2016-03-03T00:00:07.000000;0bde90d8-f331-4ea7-b4f5-024f5384d417;422.02;0.12;UNKNOWN
2016-03-03T00:00:08.000000;2016-03-03T00:00:08.000000;f35e8106-aebc-4bf7-97cf-c68f59d5761f;421.46;0.11298433;UNKNOWN
2016-03-03T00:00:08.000000;2016-03-03T00:00:08.000000;af89b1cd-28aa-430c-b54a-619e19f1d18e;421.46;0.0526476;UNKNOWN
2016-03-03T00:00:11.000000;2016-03-03T00:00:11.000000;9a503c44-4557-4c8a-b8d3-22f7b1c7922f;421.35;0.0758;UNKNOWN
2016-03-03T00:00:12.000000;2016-03-03T00:00:12.000000;b4820f64-5b3b-4202-8b85-8784817035e4;421.66;0.47076915;UNKNOWN
2016-03-03T00:00:12.000000;2016-03-03T00:00:12.000000;270ec861-318f-40ff-b661-9e72f0a4857e;421.35;0.02719087;UNKNOWN
2016-03-03T00:00:12.000000;2016-03-03T00:00:12.000000;80ca3fcf-a156-405a-abfc-791da4bf7f52;421.66;0.5;UNKNOWN
2016-03-03T00:00:12.000000;2016-03-03T00:00:12.000000;4490dca6-ae8c-4ce1-8c45-b1c3f0f16844;421.35;0.00203998;UNKNOWN
2016-03-03T00:00:17.000000;2016-03-03T00:00:17.000000;e41c090f-b0c7-48d6-9060-ce7fc2b1c7b8;421.34;0.05005;UNKNOWN
2016-03-03T00:00:18.000000;2016-03-03T00:00:18.000000;3f98fcd0-438d-45b6-91bf-1518eaa6770e;421.17;0.02303491;UNKNOWN
2016-03-03T00:00:22.000000;2016-03-03T00:00:22.000000;f1b22874-7599-4149-9c3d-741b8a6c944e;421.2;0.02600411;UNKNOWN
2016-03-03T00:00:22.000000;2016-03-03T00:00:22.000000;9a7a44a8-ba75-4fa0-b3fe-3fb649028d8a;421.2;0.05160514;UNKNOWN
2016-03-03T00:00:27.000000;2016-03-03T00:00:27.000000;0af8a726-03fb-43d4-b6f5-3fcee30a3f9d;421.25;0.07953706;UNKNOWN
2016-03-03T00:00:27.000000;2016-03-03T00:00:27.000000;2a793d4a-7807-4bd4-98ec-4bff194ee65f;421.25;1.22446842;UNKNOWN
2016-03-03T00:00:27.000000;2016-03-03T00:00:27.000000;55ad1fa9-10fc-4225-81ef-c5356eca3267;421.25;0.9;UNKNOWN
2016-03-03T00:00:30.000000;2016-03-03T00:00:30.000000;38d8db32-148b-4d2f-99b5-04c7cbeac71f;421.27;0.1;UNKNOWN
2016-03-03T00:00:31.000000;2016-03-03T00:00:31.000000;1b97dd4c-34d5-4228-815b-e2275ee876a5;421.28;0.05389428;UNKNOWN
2016-03-03T00:00:32.000000;2016-03-03T00:00:32.000000;ea42db58-572c-4bb3-a05e-7c7745ad8403;421.28;0.02758485;UNKNOWN
2016-03-03T00:00:33.000000;2016-03-03T00:00:33.000000;09273bb3-170a-4b6e-a6a1-452df9effd1b;421.28;0.16358549;UNKNOWN
2016-03-03T00:00:33.000000;2016-03-03T00:00:33.000000;a12d22f5-c6fd-46f3-afae-e90acdc946d4;421.28;0.25159073;UNKNOWN
2016-03-03T00:00:35.000000;2016-03-03T00:00:35.000000;4b261b27-d369-43d5-b2bd-fe675fe5d439;421.28;0.06332471;UNKNOWN
2016-03-03T00:00:36.000000;2016-03-03T00:00:36.000000;91fe11dd-c6ac-40bc-8300-5c7ba3ac07bf;421.28;0.23279747;UNKNOWN
2016-03-03T00:00:38.000000;2016-03-03T00:00:38.000000;2c52ae02-4a21-494a-af39-7412621a6db3;421.32;0.11908812;UNKNOWN
2016-03-03T00:00:38.000000;2016-03-03T00:00:38.000000;202d6206-337d-4cf0-b562-daf3dcc1f348;421.29;0.07780883;UNKNOWN
2016-03-03T00:00:38.000000;2016-03-03T00:00:38.000000;e563eb32-6a22-445a-963c-a8b2b9748791;421.31;0.56347653;UNKNOWN
2016-03-03T00:00:38.000000;2016-03-03T00:00:38.000000;7390a6e0-5c5f-4852-9564-6a160aa65245;421.28;0.31225575;UNKNOWN
2016-03-03T00:00:38.000000;2016-03-03T00:00:38.000000;60832c6e-e80d-41de-be57-137471864b89;421.28;0.24399872;UNKNOWN
2016-03-03T00:00:39.000000;2016-03-03T00:00:39.000000;d4c478bf-d6e0-4d1a-9334-572e8eb330c0;421.35;0.06727799;UNKNOWN
2016-03-03T00:00:40.000000;2016-03-03T00:00:40.000000;2bea8f66-7f2a-4219-9c17-20c886e3899d;421.4;0.42915576;UNKNOWN
2016-03-03T00:00:40.000000;2016-03-03T00:00:40.000000;9cb8ee40-5dd2-4ed8-968e-4952d85fc366;421.4;0.01909793;UNKNOWN
2016-03-03T00:00:40.000000;2016-03-03T00:00:40.000000;7e8a6898-9292-4c40-b218-e44a9685c6b9;421.4;0.56078038;UNKNOWN
2016-03-03T00:00:40.000000;2016-03-03T00:00:40.000000;74cf9922-7ee1-4078-b118-fd4797add961;421.4;0.06009986;UNKNOWN
2016-03-03T00:00:40.000000;2016-03-03T00:00:40.000000;5784abf4-7014-48ca-bbf7-49c5fe00106c;421.4;0.22874387;UNKNOWN
2016-03-03T00:00:40.000000;2016-03-03T00:00:40.000000;8e38baa4-b9db-459d-999d-0e316f273395;421.4;0.09269901;UNKNOWN
2016-03-03T00:00:40.000000;2016-03-03T00:00:40.000000;5f6e1abb-832a-4916-a3df-8ebc1c9a28e2;421.4;0.1027124;UNKNOWN
2016-03-03T00:00:40.000000;2016-03-03T00:00:40.000000;514b11c7-68b9-4a44-8d99-8397a14c97d4;421.4;0.33361785;UNKNOWN
2016-03-03T00:00:41.000000;2016-03-03T00:00:41.000000;3c34bf55-e7c3-4faa-b6bf-7ab9ec9362e8;421.41;0.02611332;UNKNOWN
2016-03-03T00:00:41.000000;2016-03-03T00:00:41.000000;9faa9745-41ba-4a14-b360-430065c17478;421.4;0.21770752;UNKNOWN
2016-03-03T00:00:41.000000;2016-03-03T00:00:41.000000;69ae7e93-bea8-404d-95e2-30b501ac9d83;421.4;0.16350578;UNKNOWN
2016-03-03T00:00:41.000000;2016-03-03T00:00:41.000000;03a9bc73-33c5-40c2-9cf0-2e751321b8f3;421.4;0.16105699;UNKNOWN
2016-03-03T00:00:41.000000;2016-03-03T00:00:41.000000;580e2b6c-b1f7-4e4a-8a68-4b68435cbaf2;421.4;0.39353488;UNKNOWN
2016-03-03T00:00:42.000000;2016-03-03T00:00:42.000000;1928351f-ffb0-4a99-94a8-bb85b8444988;421.4;0.12933211;UNKNOWN
2016-03-03T00:00:42.000000;2016-03-03T00:00:42.000000;44fa0e96-f000-48b6-a90b-dd451a3d9388;421.4;0.0497154;UNKNOWN
2016-03-03T00:00:42.000000;2016-03-03T00:00:42.000000;ff50a305-9f2f-4c55-bcab-f34ff758aca4;421.4;0.05804537;UNKNOWN
2016-03-03T00:00:45.000000;2016-03-03T00:00:45.000000;24016a22-19de-4b25-82b1-be2ed1b887fa;421.41;0.27647435;UNKNOWN
2016-03-03T00:00:45.000000;2016-03-03T00:00:45.000000;e2b6c82b-f959-46cf-aa90-d310f471fef6;421.4;0.22521626;UNKNOWN
2016-03-03T00:00:45.000000;2016-03-03T00:00:45.000000;83b31523-812d-4e39-bad6-801fafea82d6;421.41;0.115992;UNKNOWN
2016-03-03T00:00:45.000000;2016-03-03T00:00:45.000000;d7868207-8478-420e-8754-b08008b37f16;421.41;0.01473312;UNKNOWN
2016-03-03T00:00:46.000000;2016-03-03T00:00:46.000000;72951956-c25f-41cc-ba2c-e72c8eef5e49;421.4;0.07768041;UNKNOWN
2016-03-03T00:00:46.000000;2016-03-03T00:00:46.000000;e7b32997-001f-4c97-9055-70bc2993960f;421.4;0.06709174;UNKNOWN
2016-03-03T00:00:47.000000;2016-03-03T00:00:47.000000;6d3e9dff-9a22-4577-ba95-a42d78f935c1;421.43;0.05132615;UNKNOWN
2016-03-03T00:00:47.000000;2016-03-03T00:00:47.000000;527ab82a-8472-4e0a-83a0-d50c7babc05d;421.43;0.20878118;UNKNOWN
2016-03-03T00:00:47.000000;2016-03-03T00:00:47.000000;f2a7d7e6-3afa-4aa0-a635-341848471862;421.43;0.14914982;UNKNOWN
2016-03-03T00:00:47.000000;2016-03-03T00:00:47.000000;dd4352af-1475-4543-9113-d33f6983c9ed;421.43;0.12645334;UNKNOWN
2016-03-03T00:00:48.000000;2016-03-03T00:00:48.000000;148f568c-7409-4365-b1e9-ab76d4e4ec16;421.43;0.44809055;UNKNOWN
2016-03-03T00:00:48.000000;2016-03-03T00:00:48.000000;c6e57c00-df7a-4491-a3f4-2c3aebf46023;421.43;0.82329966;UNKNOWN
2016-03-03T00:00:48.000000;2016-03-03T00:00:48.000000;1a0ec4a5-08f9-4cbe-97e8-fd26969e5ac6;421.43;0.35042109;UNKNOWN
2016-03-03T00:00:48.000000;2016-03-03T00:00:48.000000;ce46434e-ec63-48ae-9a7d-2854d9049493;421.43;0.06825742;UNKNOWN
2016-03-03T00:00:48.000000;2016-03-03T00:00:48.000000;d0433c21-b207-444b-933b-1503c46bec5b;421.43;0.40747772;UNKNOWN
2016-03-03T00:00:48.000000;2016-03-03T00:00:48.000000;e10dd80c-b7ab-463a-8c65-81b125f6971c;421.43;0.31098692;UNKNOWN
2016-03-03T00:00:48.000000;2016-03-03T00:00:48.000000;5fb40d5e-7784-4bed-8095-2a9915668528;421.43;0.08102687;UNKNOWN
2016-03-03T00:00:49.000000;2016-03-03T00:00:49.000000;3c763a48-1695-4a71-8f2a-3e07e284eede;421.43;0.08438124;UNKNOWN
2016-03-03T00:00:49.000000;2016-03-03T00:00:49.000000;d84f4b4d-4252-46d0-aeea-13677492dce9;421.43;0.0474134;UNKNOWN
2016-03-03T00:00:50.000000;2016-03-03T00:00:50.000000;96cad5a8-9a2b-47ec-b8af-a0fcfc646541;421.43;0.2412699;UNKNOWN
2016-03-03T00:00:51.000000;2016-03-03T00:00:51.000000;795c083b-cde9-4b2e-89b4-3a76720e9cdf;421.43;0.54406252;UNKNOWN
2016-03-03T00:00:52.000000;2016-03-03T00:00:52.000000;547f1884-7e99-4f1d-afe2-504c435dc3e0;421.43;0.48851331;UNKNOWN
2016-03-03T00:00:52.000000;2016-03-03T00:00:52.000000;55bfd472-030a-4d4f-9bb3-e9d80770e438;421.43;0.11189346;UNKNOWN
2016-03-03T00:00:52.000000;2016-03-03T00:00:52.000000;90d00fe5-17cc-48ab-b833-b590391484c6;421.43;0.0276517;UNKNOWN
2016-03-03T00:00:52.000000;2016-03-03T00:00:52.000000;93c90e08-209e-4502-afb7-3ad0accb2da5;421.43;0.04988185;UNKNOWN
2016-03-03T00:00:53.000000;2016-03-03T00:00:53.000000;f5f533aa-98f3-4eca-b40d-aba62455f9fc;421.43;0.15014492;UNKNOWN
2016-03-03T00:00:53.000000;2016-03-03T00:00:53.000000;aabf5bcb-7b77-41b9-a56f-114d03e5f334;421.43;0.05804619;UNKNOWN
2016-03-03T00:00:54.000000;2016-03-03T00:00:54.000000;cf5f7589-0597-4a40-a1c3-d2273f959989;421.43;0.16121203;UNKNOWN
2016-03-03T00:00:54.000000;2016-03-03T00:00:54.000000;b6e07130-c070-4023-8626-7d4139f9dff0;421.43;0.07774379;UNKNOWN
2016-03-03T00:00:54.000000;2016-03-03T00:00:54.000000;6d473f9e-665f-4b70-876b-a4d475ee5e13;421.43;0.10994216;UNKNOWN
2016-03-03T00:00:54.000000;2016-03-03T00:00:54.000000;6a686047-c39b-4a72-8547-b6c2eb42dba9;421.43;0.01868646;UNKNOWN
2016-03-03T00:00:54.000000;2016-03-03T00:00:54.000000;038b3d2f-c714-4832-b484-149d5020159a;421.43;0.20949879;UNKNOWN
2016-03-03T00:00:56.000000;2016-03-03T00:00:56.000000;3333403f-d69e-42e5-94bf-a38bbcd3c109;421.44;0.0139153;UNKNOWN
2016-03-03T00:00:57.000000;2016-03-03T00:00:57.000000;1923acd5-1c8d-4c95-8043-8770fab891d7;421.44;0.23986362;UNKNOWN
2016-03-03T00:00:57.000000;2016-03-03T00:00:57.000000;1adbc032-661a-4d41-a8c8-1c37c06e53fd;421.44;0.12494305;UNKNOWN
2016-03-03T00:00:57.000000;2016-03-03T00:00:57.000000;4c030735-927e-4823-88df-c6a030f7b622;421.44;0.80138111;UNKNOWN
2016-03-03T00:00:57.000000;2016-03-03T00:00:57.000000;d369959d-8666-44a7-abe1-011fe976d1df;421.44;0.34169317;UNKNOWN
2016-03-03T00:00:57.000000;2016-03-03T00:00:57.000000;d409aa8a-b5d9-45c1-a087-1ccae125f8be;421.44;0.15574309;UNKNOWN
2016-03-03T00:00:58.000000;2016-03-03T00:00:58.000000;e57f99dc-3937-4576-b955-6e8ee258685b;421.44;0.07187321;UNKNOWN
2016-03-03T00:00:58.000000;2016-03-03T00:00:58.000000;61930bf2-4bab-4ea2-9558-72c30f53e0d3;421.45;0.06794282;UNKNOWN
2016-03-03T00:00:58.000000;2016-03-03T00:00:58.000000;17fa2726-a6d2-40a3-9d17-af3ff69e9ee0;421.45;0.23125663;UNKNOWN
2016-03-03T00:00:58.000000;2016-03-03T00:00:58.000000;3e7c6623-19ab-4de4-830a-8ff911d0d787;421.45;0.43635454;UNKNOWN
2016-03-03T00:00:58.000000;2016-03-03T00:00:58.000000;aac1ad02-41aa-480e-ba76-ae68863a53cd;421.45;0.04957112;UNKNOWN
2016-03-03T00:00:58.000000;2016-03-03T00:00:58.000000;a69a27bf-2028-4ce9-a949-7d262bf1d4c7;421.45;0.31355367;UNKNOWN
2016-03-03T00:00:59.000000;2016-03-03T00:00:59.000000;499a2172-6260-4e2b-9a8a-a8940f02ae3b;421.45;0.08000995;UNKNOWN
2016-03-03T00:00:59.000000;2016-03-03T00:00:59.000000;344354c3-e1bd-44e8-a2d5-40d6c30ead72;421.45;0.04229747;UNKNOWN
2016-03-03T00:00:59.000000;2016-03-03T00:00:59.000000;6570b238-8922-4a36-a9ec-bf76936b4f63;421.45;0.09818461;UNKNOWN
2016-03-03T00:00:59.000000;2016-03-03T00:00:59.000000;2f8d5477-677d-4ffe-9a2c-944d56f9cbe9;421.45;0.35848037;UNKNOWN
2016-03-03T00:01:00.000000;2016-03-03T00:01:00.000000;a96ec035-6a81-4bbb-98ba-ed1928362acd;421.45;0.60686076;UNKNOWN
2016-03-03T00:01:01.000000;2016-03-03T00:01:01.000000;44098519-479d-4044-b733-5cc9731191eb;421.46;0.05041805;UNKNOWN
2016-03-03T00:01:01.000000;2016-03-03T00:01:01.000000;98176a2f-fd17-447e-92bb-0e7071ab80fb;421.44;0.21479584;UNKNOWN
2016-03-03T00:01:01.000000;2016-03-03T00:01:01.000000;b5388f33-fd41-4306-8ea8-03b839d0b9e4;421.46;0.02501032;UNKNOWN
2016-03-03T00:01:02.000000;2016-03-03T00:01:02.000000;0af78d10-e906-425c-b742-d5c4a5cbca81;421.47;0.10107798;UNKNOWN
2016-03-03T00:01:02.000000;2016-03-03T00:01:02.000000;19f4537b-175a-4f49-bbd8-f22297a8785b;421.47;0.05487806;UNKNOWN
2016-03-03T00:01:02.000000;2016-03-03T00:01:02.000000;b6288a08-1bee-4ff5-bdaa-8b276969d834;421.47;0.12159671;UNKNOWN
2016-03-03T00:01:02.000000;2016-03-03T00:01:02.000000;0d20054e-3da4-4c0a-9a8c-10785bfda1a2;421.46;0.48604811;UNKNOWN
2016-03-03T00:01:03.000000;2016-03-03T00:01:03.000000;cc1f45af-e225-42aa-bc5b-5aab016cf93f;421.47;0.15027145;UNKNOWN
2016-03-03T00:01:03.000000;2016-03-03T00:01:03.000000;d803b564-8eda-4f66-95f3-7470bd9e84ed;421.47;0.1414553;UNKNOWN
2016-03-03T00:01:04.000000;2016-03-03T00:01:04.000000;11a2479c-3647-4634-b1d5-62d9c1727eeb;421.46;0.06929091;UNKNOWN
2016-03-03T00:01:06.000000;2016-03-03T00:01:06.000000;1039120a-c2c0-41dc-85e9-1430860cb1e7;421.49;0.80319786;UNKNOWN
2016-03-03T00:01:06.000000;2016-03-03T00:01:06.000000;3484f664-e8c6-4af2-a444-c982c006d808;421.49;0.01309766;UNKNOWN
2016-03-03T00:01:06.000000;2016-03-03T00:01:06.000000;4c35ae85-da4b-4b9e-b4e8-08c900f03c0c;421.49;0.11681107;UNKNOWN
2016-03-03T00:01:06.000000;2016-03-03T00:01:06.000000;943f2cde-642f-4287-bd5b-b62ca1c6fbd6;421.49;0.01791788;UNKNOWN
2016-03-03T00:01:07.000000;2016-03-03T00:01:07.000000;5697b2ae-ddbb-4e7f-88f4-5806d37c1c9c;421.49;0.13377586;UNKNOWN
2016-03-03T00:01:07.000000;2016-03-03T00:01:07.000000;1c6593f6-a31d-4779-9569-055ae86b9901;421.49;0.27718709;UNKNOWN
2016-03-03T00:01:07.000000;2016-03-03T00:01:07.000000;a1212846-8430-4e97-94b8-1a5da1ae0c2e;421.49;0.3723927;UNKNOWN
2016-03-03T00:01:07.000000;2016-03-03T00:01:07.000000;4895ef3b-73cc-46c4-969f-05f9d56366ce;421.49;0.20998578;UNKNOWN
2016-03-03T00:01:07.000000;2016-03-03T00:01:07.000000;d2901e94-2d46-400f-9123-b4c585160728;421.49;0.0673135;UNKNOWN
2016-03-03T00:01:07.000000;2016-03-03T00:01:07.000000;32fa4d96-23a4-4248-9d7c-5c5c44925d92;421.49;0.24256598;UNKNOWN
2016-03-03T00:01:08.000000;2016-03-03T00:01:08.000000;e86f4943-ac71-417a-9806-94bda67b016a;421.49;0.06646194;UNKNOWN
2016-03-03T00:01:08.000000;2016-03-03T00:01:08.000000;0aa539a8-eefe-482f-a144-69d1b1fd5260;421.49;0.30404019;UNKNOWN
2016-03-03T00:01:08.000000;2016-03-03T00:01:08.000000;bf7f630c-dd77-4cfb-bce3-050516728403;421.49;0.08796503;UNKNOWN
2016-03-03T00:01:08.000000;2016-03-03T00:01:08.000000;0416e111-9092-4cb0-a535-c5cb0325c06d;421.49;0.08520112;UNKNOWN
2016-03-03T00:01:09.000000;2016-03-03T00:01:09.000000;c082a8da-b6da-4e67-87a5-235f1868de3f;421.49;0.05171637;UNKNOWN
2016-03-03T00:01:09.000000;2016-03-03T00:01:09.000000;8a9f91c0-3f3c-4127-8bab-8ad62a1204d3;421.49;0.04601076;UNKNOWN
2016-03-03T00:01:09.000000;2016-03-03T00:01:09.000000;8f1e002c-d2fe-471a-bf57-f4ba2cf0e394;421.5;0.35339201;UNKNOWN
2016-03-03T00:01:09.000000;2016-03-03T00:01:09.000000;16c1ef4f-4387-40d3-aa56-41cc57d0a58a;421.5;0.44508153;UNKNOWN
2016-03-03T00:01:10.000000;2016-03-03T00:01:10.000000;632b18b7-cbd4-4d09-862d-39f19fd81001;421.49;0.24158841;UNKNOWN
2016-03-03T00:01:10.000000;2016-03-03T00:01:10.000000;4050dbfb-6e58-4977-80a4-e14a84c3cfd9;421.49;0.11243305;UNKNOWN
2016-03-03T00:01:10.000000;2016-03-03T00:01:10.000000;adf2d384-b47f-4004-8ec8-a5e04a251534;421.49;0.62751357;UNKNOWN
2016-03-03T00:01:11.000000;2016-03-03T00:01:11.000000;02baae38-a23a-4863-8224-9b2631f2422c;421.49;0.54951856;UNKNOWN
2016-03-03T00:01:11.000000;2016-03-03T00:01:11.000000;8aecf867-8039-42e4-bf64-8afdc37198e2;421.49;0.02649007;UNKNOWN
2016-03-03T00:01:20.000000;2016-03-03T00:01:20.000000;477302c4-6a13-4279-affb-46a133ca8673;421.45;0.09262982;UNKNOWN
2016-03-03T00:01:20.000000;2016-03-03T00:01:20.000000;cdd3d44a-f605-4210-9196-b92f10917973;421.45;0.06515407;UNKNOWN
2016-03-03T00:01:21.000000;2016-03-03T00:01:21.000000;69d08162-2d03-4f9a-8aaf-3d0fc6b9f457;421.45;0.10035005;UNKNOWN
2016-03-03T00:01:41.000000;2016-03-03T00:01:41.000000;37e8ecd4-88e5-488b-b5e9-eb11d1f0ab1e;421.46;0.17083255;UNKNOWN
2016-03-03T00:01:41.000000;2016-03-03T00:01:41.000000;fc7bc220-fb48-4330-a458-49b2336c47d6;421.46;0.12419788;UNKNOWN
2016-03-03T00:01:41.000000;2016-03-03T00:01:41.000000;0f979b1c-2c39-4242-9738-cf92fde054a6;421.49;0.74246779;UNKNOWN
2016-03-03T00:01:41.000000;2016-03-03T00:01:41.000000;aa17cd37-f309-4af8-82f7-173a63e3afd4;421.46;0.20664417;UNKNOWN
2016-03-03T00:01:41.000000;2016-03-03T00:01:41.000000;51f20440-b620-4372-8447-87f87235fab0;421.46;0.07827258;UNKNOWN
2016-03-03T00:01:41.000000;2016-03-03T00:01:41.000000;24cbde04-251d-4240-a378-7b68c8048136;421.46;0.06131414;UNKNOWN
2016-03-03T00:01:41.000000;2016-03-03T00:01:41.000000;3808f924-532b-4c2b-a673-2af184644cef;421.46;0.15005106;UNKNOWN
2016-03-03T00:01:41.000000;2016-03-03T00:01:41.000000;eb2cbd77-a75c-4e5a-8f2d-9e263c7eb167;421.45;0.04854489;UNKNOWN
2016-03-03T00:01:41.000000;2016-03-03T00:01:41.000000;d593a329-c064-4f62-837b-52a254bdfc37;421.46;0.14540805;UNKNOWN
2016-03-03T00:01:41.000000;2016-03-03T00:01:41.000000;fe7c7538-bec6-480e-8491-71df14241863;421.45;0.1114224;UNKNOWN
2016-03-03T00:01:41.000000;2016-03-03T00:01:41.000000;42042813-f096-4d03-a016-a6e4b911d918;421.45;0.08763689;UNKNOWN
2016-03-03T00:01:41.000000;2016-03-03T00:01:41.000000;30bed3ee-7c31-4b28-9af9-d2af90b56e4c;421.45;0.06343335;UNKNOWN
2016-03-03T00:01:41.000000;2016-03-03T00:01:41.000000;287cfe0e-3c3b-4f8a-8191-ca01048c9f7f;421.49;0.39752685;UNKNOWN
2016-03-03T00:01:41.000000;2016-03-03T00:01:41.000000;d038088d-e0dd-4f93-b186-2ba311bd3f8d;421.49;0.0493074;UNKNOWN
2016-03-03T00:01:41.000000;2016-03-03T00:01:41.000000;f662cda8-0961-426b-b30c-ea3911bd5844;421.46;0.33336179;UNKNOWN
2016-03-03T00:01:41.000000;2016-03-03T00:01:41.000000;066d47a8-2143-4509-80d8-9368f073554c;421.46;0.25312042;UNKNOWN
2016-03-03T00:01:41.000000;2016-03-03T00:01:41.000000;084a2dbf-bcfd-46f6-a05c-3e330a09d9a5;421.49;0.05696397;UNKNOWN
2016-03-03T00:01:41.000000;2016-03-03T00:01:41.000000;c4d8c113-291d-4feb-b9c5-1165325d4e2d;421.49;0.08357256;UNKNOWN
2016-03-03T00:01:41.000000;2016-03-03T00:01:41.000000;386f2b07-25ad-4a0b-8a01-afff34ba0318;421.49;0.24544464;UNKNOWN
2016-03-03T00:01:41.000000;2016-03-03T00:01:41.000000;e804850c-5a6e-45aa-8081-cedaef6026b1;421.49;0.38451055;UNKNOWN
2016-03-03T00:01:41.000000;2016-03-03T00:01:41.000000;357a31e8-0ef8-4abb-957c-444c50fab092;421.49;0.11020192;UNKNOWN
2016-03-03T00:01:41.000000;2016-03-03T00:01:41.000000;25d213d6-5529-4ac6-9b4c-7f5641951512;421.46;0.44452687;UNKNOWN
2016-03-03T00:01:41.000000;2016-03-03T00:01:41.000000;97d4aef1-76ea-4f65-a88a-98b4b07af069;421.49;0.01658869;UNKNOWN
2016-03-03T00:01:41.000000;2016-03-03T00:01:41.000000;23a83384-ad45-4e3f-9657-fe71ee1cc7f4;421.49;0.08244643;UNKNOWN
2016-03-03T00:01:41.000000;2016-03-03T00:01:41.000000;2f7ba355-f30f-401c-a676-1b0a11d6fb22;421.49;0.01401623;UNKNOWN
2016-03-03T00:01:41.000000;2016-03-03T00:01:41.000000;0e19b77a-d6e9-4a6c-bbb7-3aac7d00f6fe;421.49;0.32585835;UNKNOWN
2016-03-03T00:01:41.000000;2016-03-03T00:01:41.000000;81d4a3dc-d115-4977-8c9b-22722b1b8b69;421.49;0.21232758;UNKNOWN
2016-03-03T00:01:53.000000;2016-03-03T00:01:53.000000;6b1b4777-50ff-49a2-9800-935f1e22e733;421.42;0.11567661;UNKNOWN
2016-03-03T00:01:53.000000;2016-03-03T00:01:53.000000;2c7d2e3e-6317-4dbb-a9cb-6d944e4715c6;421.42;0.01850517;UNKNOWN
2016-03-03T00:01:53.000000;2016-03-03T00:01:53.000000;beb35302-1003-4da0-9535-5e8ec81ffba5;421.42;0.32714633;UNKNOWN
2016-03-03T00:01:53.000000;2016-03-03T00:01:53.000000;11bec0c9-1dd9-4cdb-ab9d-21f4b6867a22;421.42;0.01364086;UNKNOWN
2016-03-03T00:01:53.000000;2016-03-03T00:01:53.000000;7e73aa08-0bb4-4b8d-8159-8d7c610f07b7;421.42;0.07480493;UNKNOWN
2016-03-03T00:01:53.000000;2016-03-03T00:01:53.000000;f654b3b2-79b0-415f-a8d1-9ac5bb48ae09;421.42;0.04383384;UNKNOWN
2016-03-03T00:01:53.000000;2016-03-03T00:01:53.000000;0472851f-e9c9-48ae-a655-1de347508dc4;421.42;0.24846618;UNKNOWN
2016-03-03T00:01:53.000000;2016-03-03T00:01:53.000000;9df4a3be-167f-4c13-9d0f-950c47253641;421.42;0.23302387;UNKNOWN
2016-03-03T00:01:53.000000;2016-03-03T00:01:53.000000;11326c4f-428b-4da1-9efe-0fce42947de6;421.42;0.05571777;UNKNOWN
2016-03-03T00:01:53.000000;2016-03-03T00:01:53.000000;38e817a8-3193-4753-b8a0-95558200be43;421.42;0.40251577;UNKNOWN
2016-03-03T00:01:53.000000;2016-03-03T00:01:53.000000;7180705c-4e2c-44ac-84fc-3125ad0d6365;421.42;0.06237154;UNKNOWN
2016-03-03T00:01:53.000000;2016-03-03T00:01:53.000000;c8a9e1e3-7fac-436c-9a99-5b25ddcd06a3;421.42;0.05436175;UNKNOWN
2016-03-03T00:01:53.000000;2016-03-03T00:01:53.000000;546b11fc-3a9d-4b24-86ea-4559e9d357db;421.42;0.35289195;UNKNOWN
2016-03-03T00:01:53.000000;2016-03-03T00:01:53.000000;b18deb70-453a-4778-b16f-c97e5caaa558;421.42;0.20145542;UNKNOWN
2016-03-03T00:01:53.000000;2016-03-03T00:01:53.000000;d600de32-44bd-4e0c-a982-31722cc7fdc0;421.42;0.10551142;UNKNOWN
2016-03-03T00:01:53.000000;2016-03-03T00:01:53.000000;2a40339a-84d1-4847-bec4-6b3b576b86ac;421.42;0.14733313;UNKNOWN
2016-03-03T00:01:53.000000;2016-03-03T00:01:53.000000;bc5dd802-6b76-4502-8753-2e945d37770c;421.42;0.15550845;UNKNOWN
2016-03-03T00:01:53.000000;2016-03-03T00:01:53.000000;a894271e-628b-4925-9ca1-204fc555a64f;421.42;0.84797199;UNKNOWN
2016-03-03T00:01:54.000000;2016-03-03T00:01:54.000000;bc052040-b840-43c0-8929-bb6553d15826;421.43;0.01261026;UNKNOWN
2016-03-03T00:01:54.000000;2016-03-03T00:01:54.000000;627cb923-332e-4aee-9f56-23187f25e344;421.42;0.11821652;UNKNOWN
2016-03-03T00:01:54.000000;2016-03-03T00:01:54.000000;17756c82-a9f7-4d5e-a6fb-d9d784f10fea;421.43;0.23603545;UNKNOWN
2016-03-03T00:01:54.000000;2016-03-03T00:01:54.000000;43f04bab-6e08-4f33-a4a6-5717231acf18;421.43;0.07077602;UNKNOWN
2016-03-03T00:01:54.000000;2016-03-03T00:01:54.000000;df06352c-ac99-4593-a8ba-d86d4e986a6d;421.43;0.07012584;UNKNOWN
2016-03-03T00:01:54.000000;2016-03-03T00:01:54.000000;604c7982-7bbb-4eab-9fe4-44c6bafa98fb;421.43;0.41246994;UNKNOWN
2016-03-03T00:01:54.000000;2016-03-03T00:01:54.000000;5e8c3bbd-4758-4625-a903-4f91302de9d0;421.43;0.07976597;UNKNOWN
2016-03-03T00:01:57.000000;2016-03-03T00:01:57.000000;7c5eb8dc-a2ef-4cc1-a102-e522e9a2c65d;421.42;0.27945735;UNKNOWN
2016-03-03T00:01:59.000000;2016-03-03T00:01:59.000000;1d20b667-4d00-419b-9899-475607c3e356;421.42;0.06093085;UNKNOWN
2016-03-03T00:01:59.000000;2016-03-03T00:01:59.000000;fed308b5-8933-4aa2-a3b7-5a26373234f9;421.42;0.14003633;UNKNOWN
2016-03-03T00:01:59.000000;2016-03-03T00:01:59.000000;251814b3-e1d7-40f2-b2bd-5d41ef988048;421.42;0.44485825;UNKNOWN
2016-03-03T00:01:59.000000;2016-03-03T00:01:59.000000;15111c57-59af-498d-b68b-772ce5c38a38;421.42;0.07475355;UNKNOWN
2016-03-03T00:02:00.000000;2016-03-03T00:02:00.000000;8bb35117-2b01-4c9c-88c4-140de48c893f;421.42;0.04749289;UNKNOWN
2016-03-03T00:02:02.000000;2016-03-03T00:02:02.000000;c98c1d7c-06bc-419c-bdcf-5bb2b8451ca7;421.42;0.16468891;UNKNOWN
2016-03-03T00:02:02.000000;2016-03-03T00:02:02.000000;9e120332-9649-49af-88a9-7cefbf9ed0ae;421.42;0.05222692;UNKNOWN
2016-03-03T00:02:02.000000;2016-03-03T00:02:02.000000;eaab9298-c015-488f-820d-68ebc5a0726b;421.42;0.11669307;UNKNOWN
2016-03-03T00:02:03.000000;2016-03-03T00:02:03.000000;abc3dc6e-cf47-4b85-a66c-b8120af91e3e;421.42;0.0571837;UNKNOWN
2016-03-03T00:02:03.000000;2016-03-03T00:02:03.000000;02ce40e4-04bc-4a02-9e23-9af0015d7e15;421.42;0.1502384;UNKNOWN
2016-03-03T00:02:04.000000;2016-03-03T00:02:04.000000;23b2eb0d-cc75-4402-afb0-8b6975adb907;421.42;0.01715248;UNKNOWN
2016-03-03T00:02:04.000000;2016-03-03T00:02:04.000000;e41fb390-f08a-4fef-9d16-74d2cc6597c7;421.42;0.10799795;UNKNOWN
2016-03-03T00:02:05.000000;2016-03-03T00:02:05.000000;ebf6c4c9-2d8c-43a3-bde6-ef2ba507f6c1;421.42;0.8565317;UNKNOWN
2016-03-03T00:02:05.000000;2016-03-03T00:02:05.000000;9f6957b2-dcce-4297-8ee5-cbd4ea463c0f;421.42;0.01335459;UNKNOWN
2016-03-03T00:02:05.000000;2016-03-03T00:02:05.000000;e884f848-a424-467c-8398-d44e740eec65;421.42;0.22006104;UNKNOWN
2016-03-03T00:02:05.000000;2016-03-03T00:02:05.000000;10fb7066-837e-4779-8985-c631b7710887;421.42;0.07114274;UNKNOWN
2016-03-03T00:02:07.000000;2016-03-03T00:02:07.000000;8e572556-5b88-46cc-a2a6-4f3a9e6a76da;421.41;0.23963639;UNKNOWN
2016-03-03T00:02:07.000000;2016-03-03T00:02:07.000000;a9c28bb8-d55e-4200-864e-d5479a5fcf1e;421.42;0.06536861;UNKNOWN
2016-03-03T00:02:07.000000;2016-03-03T00:02:07.000000;7b890893-d34f-4cf8-9728-aec33daf7406;421.41;0.35873401;UNKNOWN
2016-03-03T00:02:07.000000;2016-03-03T00:02:07.000000;e0260c25-30d6-449e-87d0-933f212f5b30;421.42;0.13548563;UNKNOWN
2016-03-03T00:02:08.000000;2016-03-03T00:02:08.000000;7cf4d0dc-839a-4eee-b717-553c7159e3c2;421.42;0.46797853;UNKNOWN
2016-03-03T00:02:09.000000;2016-03-03T00:02:09.000000;9a84bde7-fa6a-496b-bbc2-caf1b4d58368;421.42;0.24764976;UNKNOWN
2016-03-03T00:02:11.000000;2016-03-03T00:02:11.000000;6b27e3ba-2eb0-46c7-bb47-bb4861bf3460;421.42;0.10983866;UNKNOWN
2016-03-03T00:02:11.000000;2016-03-03T00:02:11.000000;618c545e-7f50-4d5f-ae29-7c0f888bdf1a;421.42;0.04988878;UNKNOWN
2016-03-03T00:02:11.000000;2016-03-03T00:02:11.000000;6b8f385f-eb2d-411a-a69e-49057e6be36d;421.42;0.05516047;UNKNOWN
2016-03-03T00:02:13.000000;2016-03-03T00:02:13.000000;133080ef-7844-4558-a2a2-1cacc05748ae;421.42;0.05655857;UNKNOWN
2016-03-03T00:02:13.000000;2016-03-03T00:02:13.000000;bd181ad2-8204-4f57-9e36-9c840e547b8f;421.42;0.23726954;UNKNOWN
2016-03-03T00:02:13.000000;2016-03-03T00:02:13.000000;73c4586e-87cb-4804-acb0-9372a3d2eb35;421.42;0.11764629;UNKNOWN
2016-03-03T00:02:13.000000;2016-03-03T00:02:13.000000;c2d15219-fe7e-4656-be55-006cfca24345;421.42;0.16740009;UNKNOWN
2016-03-03T00:02:14.000000;2016-03-03T00:02:14.000000;a9ebf2c8-90e2-46b4-8adb-93df9022d2e5;421.42;0.0188652;UNKNOWN
2016-03-03T00:02:14.000000;2016-03-03T00:02:14.000000;2ed27ee4-4ea4-4f44-a9ac-fa3022be9356;421.42;0.16688086;UNKNOWN
2016-03-03T00:02:15.000000;2016-03-03T00:02:15.000000;9e8826e9-50ac-41e6-af41-2fed3143eda7;421.42;0.01461544;UNKNOWN
2016-03-03T00:02:16.000000;2016-03-03T00:02:16.000000;8fd4b972-9157-4ae0-8c56-50f4a318e3c9;421.42;0.13507787;UNKNOWN
2016-03-03T00:02:16.000000;2016-03-03T00:02:16.000000;024c31f9-85f8-4809-b884-16abb9c03f90;421.42;0.73190693;UNKNOWN
2016-03-03T00:02:16.000000;2016-03-03T00:02:16.000000;563f895f-0903-4e85-999b-9fc9bc7930f8;421.42;0.0730541;UNKNOWN
2016-03-03T00:02:17.000000;2016-03-03T00:02:17.000000;6c2ebb9f-71e5-477d-aec1-a7356117afc3;421.43;5.0;UNKNOWN
2016-03-03T00:02:18.000000;2016-03-03T00:02:18.000000;b03361b1-806d-4cd4-824c-37a8efd9fe5a;421.42;0.40100865;UNKNOWN
2016-03-03T00:02:18.000000;2016-03-03T00:02:18.000000;4ce7b769-7abd-46ae-ac54-ff35a1e60714;421.42;0.27981968;UNKNOWN
2016-03-03T00:02:18.000000;2016-03-03T00:02:18.000000;8d5f8877-5fc5-4cc0-abe9-e1d196442dcb;421.42;0.33606202;UNKNOWN
2016-03-03T00:02:18.000000;2016-03-03T00:02:18.000000;6abd890d-1694-423d-8d99-797375b7b1c1;421.42;0.06120772;UNKNOWN
2016-03-03T00:02:19.000000;2016-03-03T00:02:19.000000;a50e9e6f-d7e0-4303-a134-c5c778e5bc68;421.42;0.0454647;UNKNOWN
2016-03-03T00:02:21.000000;2016-03-03T00:02:21.000000;8deb3455-a479-4d7b-acaa-efc5e2a08477;421.42;0.05643456;UNKNOWN
2016-03-03T00:02:21.000000;2016-03-03T00:02:21.000000;067e6195-a07f-4c3e-a6c0-02e571a17003;421.42;0.21479197;UNKNOWN
2016-03-03T00:02:22.000000;2016-03-03T00:02:22.000000;9c0d2bcc-671b-4697-9a0c-f842d1477792;421.43;1.98738974;UNKNOWN
2016-03-03T00:02:22.000000;2016-03-03T00:02:22.000000;b6990461-df25-4d9a-8119-21e3c395ed1b;421.42;0.10777058;UNKNOWN
2016-03-03T00:02:22.000000;2016-03-03T00:02:22.000000;300b465f-dd62-4b0e-b288-bef6d3e22276;421.43;0.02545191;UNKNOWN
2016-03-03T00:02:22.000000;2016-03-03T00:02:22.000000;3ee45a6d-58bd-41cf-a9be-aa9953150f47;421.43;0.31634272;UNKNOWN
2016-03-03T00:02:22.000000;2016-03-03T00:02:22.000000;b6c93d3f-d711-475e-8611-b976522c1d27;421.43;0.61011563;UNKNOWN
2016-03-03T00:02:23.000000;2016-03-03T00:02:23.000000;63bc8db4-7e37-4c1e-8a55-db3b0063abde;421.42;0.11943364;UNKNOWN
2016-03-03T00:02:23.000000;2016-03-03T00:02:23.000000;610668e2-2be4-44ce-b623-25f43720eeb0;421.42;0.02337158;UNKNOWN
2016-03-03T00:02:23.000000;2016-03-03T00:02:23.000000;a5e6d7a7-88ef-4f90-a44f-b16d85bd046d;421.42;0.16261988;UNKNOWN
2016-03-03T00:02:23.000000;2016-03-03T00:02:23.000000;cfff2882-1c61-41a7-ba78-505681a73292;421.42;0.08947029;UNKNOWN
2016-03-03T00:02:23.000000;2016-03-03T00:02:23.000000;eec536ba-0ded-44a6-b256-4c8a16076cdd;421.42;0.16674512;UNKNOWN
2016-03-03T00:02:24.000000;2016-03-03T00:02:24.000000;514ee54e-50ed-4e70-97d8-7dda5e4061e0;421.42;0.22232836;UNKNOWN
2016-03-03T00:02:24.000000;2016-03-03T00:02:24.000000;75a95eaa-b44b-4ee3-9f53-7a6d7e66f93a;421.42;0.05248223;UNKNOWN
2016-03-03T00:02:24.000000;2016-03-03T00:02:24.000000;5b40ff75-7802-46da-beea-96f0530c5bf9;421.42;0.82714254;UNKNOWN
2016-03-03T00:02:24.000000;2016-03-03T00:02:24.000000;9e5697ee-0f93-4fcc-bc4a-4d4f87c52e6b;421.42;0.01658077;UNKNOWN
2016-03-03T00:02:25.000000;2016-03-03T00:02:25.000000;aecc3057-2be4-4a26-a579-2b5a1efaced3;421.42;0.01520417;UNKNOWN
2016-03-03T00:02:27.000000;2016-03-03T00:02:27.000000;d321b1ae-3e4f-4206-a51b-4c3db3f4079b;421.42;0.33202234;UNKNOWN
2016-03-03T00:02:27.000000;2016-03-03T00:02:27.000000;361831c8-cb58-4a27-b919-f14ccb9e5fd7;421.42;0.12751611;UNKNOWN
2016-03-03T00:02:27.000000;2016-03-03T00:02:27.000000;95661de5-9aa8-4407-a4f0-b20bf390d94a;421.42;0.57467298;UNKNOWN
2016-03-03T00:02:27.000000;2016-03-03T00:02:27.000000;67cf1dfd-15d8-4ca0-87a1-8cd4ddda2da8;421.42;0.02909006;UNKNOWN
2016-03-03T00:02:28.000000;2016-03-03T00:02:28.000000;9198c8f7-5a46-4319-8616-2a502a97862a;421.43;0.05234541;UNKNOWN
2016-03-03T00:02:28.000000;2016-03-03T00:02:28.000000;7130450d-4081-4eed-9dc7-9a000bb6ccd2;421.43;0.29410467;UNKNOWN
2016-03-03T00:02:28.000000;2016-03-03T00:02:28.000000;54095ec3-f7c3-499d-86f3-a1859af96412;421.42;0.45124464;UNKNOWN
2016-03-03T00:02:28.000000;2016-03-03T00:02:28.000000;46d867c4-f56f-420e-b05a-b59bbca34c95;421.42;0.18577586;UNKNOWN
2016-03-03T00:02:28.000000;2016-03-03T00:02:28.000000;dc40e265-e9ef-49dc-9da5-90cb4a1ab41c;421.43;0.4073141;UNKNOWN
2016-03-03T00:02:28.000000;2016-03-03T00:02:28.000000;c4a680c5-2d34-4c67-9fd8-2ddbbd076f7b;421.42;0.29778265;UNKNOWN
2016-03-03T00:02:28.000000;2016-03-03T00:02:28.000000;3253e3ea-32b0-41c9-840a-b6573f4385b3;421.42;0.07145078;UNKNOWN
2016-03-03T00:02:29.000000;2016-03-03T00:02:29.000000;b526a13a-b946-4b36-b14d-c2d52123d17a;421.5;0.07686598;UNKNOWN
2016-03-03T00:02:29.000000;2016-03-03T00:02:29.000000;bdd5deb8-486c-4ddb-8da4-78ab96131bac;421.5;0.08972007;UNKNOWN
2016-03-03T00:02:29.000000;2016-03-03T00:02:29.000000;152e828d-54f4-48ac-9abc-914a69bb4a04;421.5;0.04986691;UNKNOWN
2016-03-03T00:02:29.000000;2016-03-03T00:02:29.000000;21135e4c-3997-473d-8dd7-b688b08341e4;421.5;0.26875997;UNKNOWN
2016-03-03T00:02:30.000000;2016-03-03T00:02:30.000000;0431ca13-37e4-4c0d-8218-d2ef26a6e318;421.51;0.02902129;UNKNOWN
2016-03-03T00:02:30.000000;2016-03-03T00:02:30.000000;5042fbdc-276d-4a18-87d4-bc08f086ba36;421.51;0.22440914;UNKNOWN
2016-03-03T00:02:30.000000;2016-03-03T00:02:30.000000;0ef25cfa-36c0-4bd3-a149-24b6f7e7715b;421.5;0.08317848;UNKNOWN
2016-03-03T00:02:30.000000;2016-03-03T00:02:30.000000;f173456d-ccc4-4ab9-bbae-b0cc5eab0c5a;421.5;0.0715614;UNKNOWN
2016-03-03T00:02:30.000000;2016-03-03T00:02:30.000000;45ba9e63-1cad-4ebd-96e3-d4436b96cbe0;421.5;0.23021191;UNKNOWN
2016-03-03T00:02:31.000000;2016-03-03T00:02:31.000000;cdfbca92-540e-46c1-81f4-87906214dede;421.51;0.31152801;UNKNOWN
2016-03-03T00:02:31.000000;2016-03-03T00:02:31.000000;908b3cce-afe5-49cd-8fe1-10c2b5db2f82;421.51;0.05068488;UNKNOWN
2016-03-03T00:02:31.000000;2016-03-03T00:02:31.000000;bf17d21b-a2f6-482a-9cda-fbb45504bf81;421.51;0.60063959;UNKNOWN
2016-03-03T00:02:31.000000;2016-03-03T00:02:31.000000;0fc72235-60e3-409a-9bc6-c36c5141b804;421.51;0.11317347;UNKNOWN
2016-03-03T00:02:32.000000;2016-03-03T00:02:32.000000;fa3486e5-c876-405e-b6e2-148029bb930a;421.51;0.0555498;UNKNOWN
2016-03-03T00:02:32.000000;2016-03-03T00:02:32.000000;af4c3fa9-da16-49ae-b9b5-6fb0ab1c0cc2;421.51;0.16415279;UNKNOWN
2016-03-03T00:02:32.000000;2016-03-03T00:02:32.000000;c0662882-5f1a-4995-b702-965f601935b2;421.51;0.39144107;UNKNOWN
2016-03-03T00:02:33.000000;2016-03-03T00:02:33.000000;097f69c8-058d-4b18-92a9-0c6d558191f1;421.52;0.04606133;UNKNOWN
2016-03-03T00:02:33.000000;2016-03-03T00:02:33.000000;d09bc555-a214-437a-876f-5312126991b5;421.52;0.10729506;UNKNOWN
2016-03-03T00:02:33.000000;2016-03-03T00:02:33.000000;1f4acfa8-1d7c-476c-b70b-9ed802721eeb;421.52;0.15762244;UNKNOWN
2016-03-03T00:02:33.000000;2016-03-03T00:02:33.000000;e6130167-40f2-468a-867e-6ab5446d65e6;421.52;0.01918966;UNKNOWN
2016-03-03T00:02:34.000000;2016-03-03T00:02:34.000000;6b45f3cc-dc36-4ed4-bb40-f785d4d99719;421.52;0.35993486;UNKNOWN
2016-03-03T00:02:34.000000;2016-03-03T00:02:34.000000;ffba031a-ef63-4adc-8484-348e4e09685c;421.53;0.42257972;UNKNOWN
2016-03-03T00:02:34.000000;2016-03-03T00:02:34.000000;6f8d239a-7403-4030-8d15-35d2923bacce;421.52;0.24163447;UNKNOWN
2016-03-03T00:02:34.000000;2016-03-03T00:02:34.000000;4391ee4e-78e9-4320-8482-68d1a1005832;421.53;0.07742028;UNKNOWN
2016-03-03T00:02:35.000000;2016-03-03T00:02:35.000000;7fe239b1-245a-405b-8215-ee1743a32f43;421.53;0.01426529;UNKNOWN
2016-03-03T00:02:36.000000;2016-03-03T00:02:36.000000;6ca524d7-06bd-44a3-8f2e-c0706865dec6;421.53;0.1348048;UNKNOWN
2016-03-03T00:02:37.000000;2016-03-03T00:02:37.000000;4a43bfd2-9e03-4ea8-a576-789281a6bb2d;421.54;0.08412391;UNKNOWN
2016-03-03T00:02:37.000000;2016-03-03T00:02:37.000000;a69f494c-6a90-44cd-9ea2-38c3c1aa53f9;421.54;0.34389664;UNKNOWN
2016-03-03T00:02:38.000000;2016-03-03T00:02:38.000000;2d406b8f-3f55-4c09-9576-7188fb099fa6;421.54;0.07282665;UNKNOWN
2016-03-03T00:02:38.000000;2016-03-03T00:02:38.000000;aa5950ed-54ec-4862-b762-650070a40c33;421.55;0.09848353;UNKNOWN
2016-03-03T00:02:38.000000;2016-03-03T00:02:38.000000;a3dfdc08-43c4-4a29-a8ff-7db1771c654d;421.55;0.40248493;UNKNOWN
2016-03-03T00:02:38.000000;2016-03-03T00:02:38.000000;b819f9c6-e546-4d44-a208-a70082ddb838;421.55;0.23999787;UNKNOWN
2016-03-03T00:02:38.000000;2016-03-03T00:02:38.000000;c8991225-f1a8-4cf6-9ae9-df389860b5aa;421.54;0.28358019;UNKNOWN
2016-03-03T00:02:38.000000;2016-03-03T00:02:38.000000;da125d7d-f6db-4af4-8344-ce40fc11ab1b;421.54;0.07151425;UNKNOWN
2016-03-03T00:02:38.000000;2016-03-03T00:02:38.000000;2ab1b375-7d10-4954-9883-61003ffad0aa;421.54;0.43491282;UNKNOWN
2016-03-03T00:02:39.000000;2016-03-03T00:02:39.000000;8e714a23-5247-42aa-a63d-bb4e9ddd8fe5;421.55;0.04368894;UNKNOWN
2016-03-03T00:02:39.000000;2016-03-03T00:02:39.000000;8e3196dd-f0c9-41e9-95a0-19f96ca064f8;421.55;0.33929488;UNKNOWN
2016-03-03T00:02:40.000000;2016-03-03T00:02:40.000000;76eab83c-618f-455b-9127-bd559eafc042;421.55;0.58199957;UNKNOWN
2016-03-03T00:02:40.000000;2016-03-03T00:02:40.000000;de4ae0bc-561b-45e2-9da0-d7d6c1a5f939;421.55;0.10570134;UNKNOWN
2016-03-03T00:02:40.000000;2016-03-03T00:02:40.000000;bae99088-0056-473a-a021-0efe9e5ed714;421.55;0.25517727;UNKNOWN
2016-03-03T00:02:40.000000;2016-03-03T00:02:40.000000;beb0642b-530d-47ff-98c0-0fbd4ff0d736;421.55;0.04779364;UNKNOWN
2016-03-03T00:02:41.000000;2016-03-03T00:02:41.000000;82bf9da0-c9cf-475d-b50e-2097c8483c65;421.56;0.05896704;UNKNOWN
2016-03-03T00:02:41.000000;2016-03-03T00:02:41.000000;22413ca4-83c3-4374-bf3d-d9daa76b1d50;421.56;0.02656577;UNKNOWN
2016-03-03T00:02:41.000000;2016-03-03T00:02:41.000000;10c0f180-7820-4f53-a848-79cfcc85e5c0;421.55;0.54993209;UNKNOWN
2016-03-03T00:02:43.000000;2016-03-03T00:02:43.000000;29c70369-6ae7-4168-a7b3-04282ba0233f;421.57;0.10649605;UNKNOWN
2016-03-03T00:02:43.000000;2016-03-03T00:02:43.000000;b8f4770e-fac4-4a87-bbb1-c70585882016;421.57;0.15228877;UNKNOWN
2016-03-03T00:02:43.000000;2016-03-03T00:02:43.000000;4ee343a8-6ff7-4857-885e-9906fed48c1b;421.57;0.0515682;UNKNOWN
2016-03-03T00:02:43.000000;2016-03-03T00:02:43.000000;37a25bd0-90d9-4b3e-a3f2-b079fbb8c1c6;421.57;0.14190618;UNKNOWN
2016-03-03T00:02:44.000000;2016-03-03T00:02:44.000000;bd0d8d90-e9d7-4167-bf43-b72fc9cea2ba;421.57;0.20641816;UNKNOWN
2016-03-03T00:02:44.000000;2016-03-03T00:02:44.000000;cac68424-1856-4642-b72a-b126b9ffbd4c;421.57;0.8448737;UNKNOWN
2016-03-03T00:02:44.000000;2016-03-03T00:02:44.000000;1db68a21-3e77-4971-a1d6-4e8c93b83c15;421.57;0.01364877;UNKNOWN
2016-03-03T00:02:44.000000;2016-03-03T00:02:44.000000;02cd7231-a3c7-4d06-b642-ff2e425cefd8;421.57;0.01873837;UNKNOWN
2016-03-03T00:02:45.000000;2016-03-03T00:02:45.000000;bd50e9d6-f0e2-42a1-aacd-ee1280b592c5;421.57;0.07078416;UNKNOWN
2016-03-03T00:02:45.000000;2016-03-03T00:02:45.000000;8b29ef00-953b-4193-b242-9423cc8b453c;421.57;0.1109306;UNKNOWN
2016-03-03T00:02:47.000000;2016-03-03T00:02:47.000000;eb256132-e7d6-42f0-b4d2-ec10232f8924;421.58;0.27277891;UNKNOWN
2016-03-03T00:02:47.000000;2016-03-03T00:02:47.000000;03b5b019-c91c-4631-931e-edf00028578c;421.58;0.07645092;UNKNOWN
2016-03-03T00:02:47.000000;2016-03-03T00:02:47.000000;ddbdc6b2-6614-47b9-9f48-e339ecf2463c;421.57;0.08303273;UNKNOWN
2016-03-03T00:02:47.000000;2016-03-03T00:02:47.000000;3599ef67-cd29-4cfb-aefd-99d8e5fb5f8f;421.57;0.32748477;UNKNOWN
2016-03-03T00:02:48.000000;2016-03-03T00:02:48.000000;e1b95ee1-4ae3-47de-b672-1985095d378c;421.6;0.42908795;UNKNOWN
2016-03-03T00:02:48.000000;2016-03-03T00:02:48.000000;51814d7a-0bad-40bf-9e23-decc8e6e6c8e;421.57;0.25058115;UNKNOWN
2016-03-03T00:02:48.000000;2016-03-03T00:02:48.000000;ef1dc175-4c94-49b0-81ad-51a74f89d8d4;421.59;0.05146837;UNKNOWN
2016-03-03T00:02:48.000000;2016-03-03T00:02:48.000000;1f8ccd58-949a-4b08-8a9a-21a1064e2d44;421.6;0.38656097;UNKNOWN
2016-03-03T00:02:48.000000;2016-03-03T00:02:48.000000;2a15a8ae-4af0-4b2a-8e9e-2ee9227cfeac;421.6;0.06433965;UNKNOWN
2016-03-03T00:02:48.000000;2016-03-03T00:02:48.000000;b9b321bf-5110-4d56-81f6-ef360bf7a570;421.6;0.08563926;UNKNOWN
2016-03-03T00:02:49.000000;2016-03-03T00:02:49.000000;3d987aa4-bdb4-4584-b791-3e7f6be4129b;421.6;0.25547146;UNKNOWN
2016-03-03T00:02:49.000000;2016-03-03T00:02:49.000000;f71d503a-7fb2-47d6-a07b-67bc7b5c6e7d;421.6;0.33300025;UNKNOWN
2016-03-03T00:02:50.000000;2016-03-03T00:02:50.000000;6f5a64b4-b0a5-4bc8-b86b-1306ffa4467e;421.6;0.55097423;UNKNOWN
2016-03-03T00:02:50.000000;2016-03-03T00:02:50.000000;11fe97f1-0331-4180-a5e9-7afd32da7ee1;421.6;0.04339722;UNKNOWN
2016-03-03T00:02:51.000000;2016-03-03T00:02:51.000000;f217a881-6dbe-4154-8afd-d970e6dab6a9;421.6;0.11701675;UNKNOWN
2016-03-03T00:02:51.000000;2016-03-03T00:02:51.000000;8329ba70-d16a-469e-9ed9-b7d036f1296c;421.6;0.02908211;UNKNOWN
2016-03-03T00:02:51.000000;2016-03-03T00:02:51.000000;da67a308-ee2d-4f89-aaa6-086d24b5e53a;421.6;0.55004357;UNKNOWN
2016-03-03T00:02:52.000000;2016-03-03T00:02:52.000000;ddf9cf42-aef4-46b3-9a0f-9e484b2d2a00;421.59;0.16614117;UNKNOWN
2016-03-03T00:02:52.000000;2016-03-03T00:02:52.000000;4b7a1347-8dc3-4f0b-bb16-fad96e78a300;421.59;0.0554329;UNKNOWN
2016-03-03T00:02:52.000000;2016-03-03T00:02:52.000000;90585eb7-f8cc-47ff-88b2-a0c86f65ef22;421.59;0.10696613;UNKNOWN
2016-03-03T00:02:52.000000;2016-03-03T00:02:52.000000;74c4f796-9503-4551-a4ef-e7f8f4458e45;421.59;0.0572577;UNKNOWN
2016-03-03T00:02:52.000000;2016-03-03T00:02:52.000000;f5ee5f77-12e3-43c3-9981-b3bf8bcf73b1;421.59;0.16878034;UNKNOWN
2016-03-03T00:02:53.000000;2016-03-03T00:02:53.000000;f6001d4e-82d7-473c-abe2-76aacbaf82f8;421.59;0.07015389;UNKNOWN
2016-03-03T00:02:54.000000;2016-03-03T00:02:54.000000;db915e45-ed7e-44f5-a0be-b8aababb890d;421.59;0.84343569;UNKNOWN
2016-03-03T00:02:54.000000;2016-03-03T00:02:54.000000;df5424f3-9e29-4910-ac40-04f136d82c31;421.59;0.01574004;UNKNOWN
2016-03-03T00:02:54.000000;2016-03-03T00:02:54.000000;d47fcaeb-5c8e-429f-b9be-8cdd8d38db08;421.59;0.21220358;UNKNOWN
2016-03-03T00:02:55.000000;2016-03-03T00:02:55.000000;04dc691e-9037-44dc-b21e-b4adbfcd65a8;421.6;0.01882413;UNKNOWN
2016-03-03T00:02:57.000000;2016-03-03T00:02:57.000000;9562a204-b472-4cc6-94f8-2d2d1a71a233;421.65;0.31519237;UNKNOWN
2016-03-03T00:02:57.000000;2016-03-03T00:02:57.000000;6591aab9-565c-47aa-a809-0d80db071ba6;421.65;0.2767352;UNKNOWN
2016-03-03T00:02:57.000000;2016-03-03T00:02:57.000000;ff6cfc67-d2d8-4d9b-9c95-248d3db8fd2f;421.65;0.13103561;UNKNOWN
2016-03-03T00:02:58.000000;2016-03-03T00:02:58.000000;74070eda-ece6-4bc9-9d24-ba5009872ccb;421.65;0.06443746;UNKNOWN
2016-03-03T00:02:58.000000;2016-03-03T00:02:58.000000;92b6c913-f2be-4aff-aad4-c86f066a4ad7;421.65;0.25571307;UNKNOWN
2016-03-03T00:02:58.000000;2016-03-03T00:02:58.000000;5215f2d2-f88f-48ba-9017-4538d48bbbff;421.65;0.08015563;UNKNOWN
2016-03-03T00:02:58.000000;2016-03-03T00:02:58.000000;e1bf7323-af95-488c-aa3a-508f936f91dd;421.65;0.0899649;UNKNOWN
2016-03-03T00:02:58.000000;2016-03-03T00:02:58.000000;908373d1-8050-4e23-b9e9-d266199606a0;421.65;0.38752138;UNKNOWN
2016-03-03T00:02:59.000000;2016-03-03T00:02:59.000000;a0c47bb8-93a7-4321-a2c6-0b6db446a75d;421.65;0.04679125;UNKNOWN
2016-03-03T00:02:59.000000;2016-03-03T00:02:59.000000;786ffdc5-70d3-4e23-b257-9efe46128567;421.65;0.39836747;UNKNOWN
2016-03-03T00:02:59.000000;2016-03-03T00:02:59.000000;ecd9fdb9-ceba-4fc7-a6eb-658bc6fc9c89;421.65;0.09703556;UNKNOWN
2016-03-03T00:03:00.000000;2016-03-03T00:03:00.000000;68a1b7f6-193f-4871-a2dc-c1b61803b2a9;421.65;0.04635011;UNKNOWN
2016-03-03T00:03:00.000000;2016-03-03T00:03:00.000000;50313972-4f2b-496d-8419-c3a4bc3dac0e;421.65;0.2482411;UNKNOWN
2016-03-03T00:03:01.000000;2016-03-03T00:03:01.000000;3560056c-b06d-449a-8ba7-ea7d7923c0ad;421.65;0.10142117;UNKNOWN
2016-03-03T00:03:01.000000;2016-03-03T00:03:01.000000;b9be1274-d91c-45fb-ac83-40355abab56d;421.65;0.53806671;UNKNOWN
2016-03-03T00:03:01.000000;2016-03-03T00:03:01.000000;aad07ca9-2eef-4772-9d2a-e895de25b54a;421.65;0.56976379;UNKNOWN
2016-03-03T00:03:01.000000;2016-03-03T00:03:01.000000;59e5b1df-6635-43ae-ba63-529f29ae4274;421.65;0.3461838;UNKNOWN
2016-03-03T00:03:02.000000;2016-03-03T00:03:02.000000;6d3f2d78-18c5-4c32-9cc3-f4910c7b1d61;421.65;0.17028817;UNKNOWN
2016-03-03T00:03:02.000000;2016-03-03T00:03:02.000000;26baf7d7-d63b-48c7-83f0-d977c5fa0eae;421.65;0.05235904;UNKNOWN
2016-03-03T00:03:02.000000;2016-03-03T00:03:02.000000;095ee79d-d838-41a4-be00-98b88284dd32;421.65;0.02446356;UNKNOWN
2016-03-03T00:03:03.000000;2016-03-03T00:03:03.000000;a431deeb-b3ba-4135-a45f-37f0904d1b9a;421.65;0.12721755;UNKNOWN
2016-03-03T00:03:03.000000;2016-03-03T00:03:03.000000;370bc5bd-6f39-4e02-a92c-42dfdd2fd9ad;421.65;0.01865467;UNKNOWN
2016-03-03T00:03:03.000000;2016-03-03T00:03:03.000000;fb350cf4-79d3-4483-87b3-67fb53dbd07f;421.65;0.05463184;UNKNOWN
2016-03-03T00:03:03.000000;2016-03-03T00:03:03.000000;aec0d9d7-dd99-4de6-b7a2-20cc2b157dce;421.65;0.15657276;UNKNOWN
2016-03-03T00:03:04.000000;2016-03-03T00:03:04.000000;f86d44bb-8cea-40f9-a7f8-aeb727f4f26b;421.65;0.71834743;UNKNOWN
2016-03-03T00:03:04.000000;2016-03-03T00:03:04.000000;a1b885cc-67c0-4c6b-82b0-de4977d1c05b;421.65;0.01517736;UNKNOWN
2016-03-03T00:03:04.000000;2016-03-03T00:03:04.000000;5da4d7ef-502d-4d6e-b5bb-672ff6fcb09c;421.65;0.23942067;UNKNOWN
2016-03-03T00:03:05.000000;2016-03-03T00:03:05.000000;e1c6a192-049f-46b0-acc5-603507175c3c;421.65;0.06836858;UNKNOWN
2016-03-03T00:03:07.000000;2016-03-03T00:03:07.000000;5a8c894b-a031-409d-ba49-e145005f4617;421.7;0.32680159;UNKNOWN
2016-03-03T00:03:07.000000;2016-03-03T00:03:07.000000;1e38394d-13c4-462f-8717-eb9c13af9615;421.7;0.09469292;UNKNOWN
2016-03-03T00:03:07.000000;2016-03-03T00:03:07.000000;39b747cf-9262-46ac-aafa-ffbf8cbb5053;421.7;0.11523278;UNKNOWN
2016-03-03T00:03:08.000000;2016-03-03T00:03:08.000000;d40aa7ad-7a2e-40f5-8540-9ec667078a85;421.7;0.4550507;UNKNOWN
2016-03-03T00:03:08.000000;2016-03-03T00:03:08.000000;6c628475-24b3-4f79-b91c-af0c61de72c4;421.7;0.24587147;UNKNOWN
2016-03-03T00:03:08.000000;2016-03-03T00:03:08.000000;3ac2b28b-4e71-4290-a367-e52f8c4ae7b9;421.7;0.07073865;UNKNOWN
2016-03-03T00:03:08.000000;2016-03-03T00:03:08.000000;b1c47c0b-372a-4d37-aade-893fdeb3633b;421.7;0.0594258;UNKNOWN
2016-03-03T00:03:08.000000;2016-03-03T00:03:08.000000;f81ecd85-7c83-4290-9f81-419e649fdbd5;421.7;0.24261958;UNKNOWN
2016-03-03T00:03:09.000000;2016-03-03T00:03:09.000000;21aa86e7-24bd-4b5c-a5d7-8a38cedaca19;421.7;0.04561867;UNKNOWN
2016-03-03T00:03:09.000000;2016-03-03T00:03:09.000000;25ec1d50-a3f8-46c2-9d17-8b4e6d5899cb;421.7;0.09197781;UNKNOWN
2016-03-03T00:03:09.000000;2016-03-03T00:03:09.000000;d1be2ac7-754c-413e-945e-30739d85de20;421.7;0.41471041;UNKNOWN
2016-03-03T00:03:10.000000;2016-03-03T00:03:10.000000;31c9c43d-aff9-4e96-9deb-6220678e7c86;421.7;0.61536405;UNKNOWN
2016-03-03T00:03:10.000000;2016-03-03T00:03:10.000000;8cf46361-49be-4907-8c11-f6bbb056e529;421.7;0.3006556;UNKNOWN
2016-03-03T00:03:10.000000;2016-03-03T00:03:10.000000;ede889df-57c9-4537-9e7a-13d7f2f86860;421.7;0.21861065;UNKNOWN
2016-03-03T00:03:10.000000;2016-03-03T00:03:10.000000;1d109060-be77-4b6f-991a-a237048fcb74;421.7;0.04637296;UNKNOWN
2016-03-03T00:03:11.000000;2016-03-03T00:03:11.000000;fb057527-da08-4e84-be00-7a3faeab2fb3;421.7;0.56211059;UNKNOWN
2016-03-03T00:03:12.000000;2016-03-03T00:03:12.000000;e821bd9b-1d32-4bd3-b1e6-51a4615d4a2b;421.7;0.1138222;UNKNOWN
2016-03-03T00:03:12.000000;2016-03-03T00:03:12.000000;7250dc43-b0e0-4c04-ad43-a6b61b486628;421.7;0.05757011;UNKNOWN
2016-03-03T00:03:12.000000;2016-03-03T00:03:12.000000;5a3f3d75-859c-42bd-a76d-83062d2bea5c;421.7;0.02748529;UNKNOWN
2016-03-03T00:03:13.000000;2016-03-03T00:03:13.000000;688c9768-8c0b-4e5f-90ba-fbdf193daced;421.7;0.11813068;UNKNOWN
2016-03-03T00:03:13.000000;2016-03-03T00:03:13.000000;b79a3fcb-4084-4775-8a5f-d13568c380ac;421.7;0.15547176;UNKNOWN
2016-03-03T00:03:13.000000;2016-03-03T00:03:13.000000;c0966110-1466-4989-9b9c-35a4fd8a0320;421.7;0.07811688;UNKNOWN
2016-03-03T00:03:13.000000;2016-03-03T00:03:13.000000;c87a39b6-ebd4-44aa-9658-416c973bdab7;421.7;0.0187988;UNKNOWN
2016-03-03T00:03:13.000000;2016-03-03T00:03:13.000000;cb5fef43-36cb-4e31-a7e2-2dbc32fd34b2;421.7;0.05433945;UNKNOWN
2016-03-03T00:03:13.000000;2016-03-03T00:03:13.000000;656a54a9-0249-421f-8f21-85a1c68e89b8;421.7;0.16065204;UNKNOWN
2016-03-03T00:03:14.000000;2016-03-03T00:03:14.000000;ae239757-88ea-4675-addc-e5635e34268d;421.7;0.76378539;UNKNOWN
2016-03-03T00:03:14.000000;2016-03-03T00:03:14.000000;18cb48fd-5917-4778-80d7-b104b74814f8;421.7;0.01391583;UNKNOWN
2016-03-03T00:03:14.000000;2016-03-03T00:03:14.000000;2578d0f6-5113-4690-b9de-32f9cbd45ca5;421.7;0.23170445;UNKNOWN
2016-03-03T00:03:17.000000;2016-03-03T00:03:17.000000;a396d8b4-21c1-46c4-902e-5624b808c4fa;421.7;0.07977507;UNKNOWN
2016-03-03T00:03:17.000000;2016-03-03T00:03:17.000000;51e8c487-6e0c-4036-9681-281f5072d440;421.7;0.11120437;UNKNOWN
2016-03-03T00:03:17.000000;2016-03-03T00:03:17.000000;22aab2d2-780a-4eb2-bb8d-3ba5d5bda860;421.7;0.09320253;UNKNOWN
2016-03-03T00:03:17.000000;2016-03-03T00:03:17.000000;e99d2746-5ea8-459b-897e-096c5b1e7764;421.7;0.35344654;UNKNOWN
2016-03-03T00:03:18.000000;2016-03-03T00:03:18.000000;172f68a1-fae0-457e-8562-a63730301419;421.7;0.25037007;UNKNOWN
2016-03-03T00:03:19.000000;2016-03-03T00:03:19.000000;a13382da-28d6-4ccb-933c-bc64ea868b7a;422.07;7.24889857;UNKNOWN
2016-03-03T00:03:19.000000;2016-03-03T00:03:19.000000;b8aff15f-9af9-42cc-95aa-6d445d3a369e;421.7;0.37834801;UNKNOWN
2016-03-03T00:03:19.000000;2016-03-03T00:03:19.000000;d13b5839-9d02-4994-94d5-831d029b897a;421.7;0.24826534;UNKNOWN
2016-03-03T00:03:19.000000;2016-03-03T00:03:19.000000;df681c60-fa8c-4c63-ad98-23999d063524;421.7;0.43238303;UNKNOWN
2016-03-03T00:03:19.000000;2016-03-03T00:03:19.000000;30565bac-74f0-4406-86ad-694927b24795;421.7;0.05353266;UNKNOWN
2016-03-03T00:03:19.000000;2016-03-03T00:03:19.000000;d7ecf431-9b95-4216-9e7d-1fd1c594bae3;421.7;0.09256877;UNKNOWN
2016-03-03T00:03:19.000000;2016-03-03T00:03:19.000000;64cf0925-8892-4a1c-9c19-8c653d248d2a;421.7;0.30133513;UNKNOWN
2016-03-03T00:03:19.000000;2016-03-03T00:03:19.000000;8721c73d-8258-4b70-8f45-abe29bef8873;421.71;5.8978;UNKNOWN
2016-03-03T00:03:20.000000;2016-03-03T00:03:20.000000;fbaff337-eef5-4d56-9567-365680d46953;421.7;0.04903775;UNKNOWN
2016-03-03T00:03:21.000000;2016-03-03T00:03:21.000000;3fd89cc4-4e53-416c-be0d-264fef2955dd;421.7;0.05986259;UNKNOWN
2016-03-03T00:03:21.000000;2016-03-03T00:03:21.000000;7952b2e1-39a4-4abd-8736-8105e66310a2;421.7;0.10268472;UNKNOWN
2016-03-03T00:03:21.000000;2016-03-03T00:03:21.000000;f397909d-cf72-42cf-a01d-2a17562cf824;421.7;0.24208945;UNKNOWN
2016-03-03T00:03:21.000000;2016-03-03T00:03:21.000000;2defaf2e-689d-44da-b896-f794c97ef7c4;421.7;0.5170038;UNKNOWN
2016-03-03T00:03:21.000000;2016-03-03T00:03:21.000000;45ac44eb-c780-4cd8-ba7c-ce61513c1d29;421.7;0.58831554;UNKNOWN
2016-03-03T00:03:21.000000;2016-03-03T00:03:21.000000;61668ea0-57fc-4abc-a6a8-d004bfdb14fb;421.7;0.02728393;UNKNOWN
2016-03-03T00:03:22.000000;2016-03-03T00:03:22.000000;0e8ec351-a3bb-469f-b587-d0564c4f2649;421.7;0.15041793;UNKNOWN
2016-03-03T00:03:22.000000;2016-03-03T00:03:22.000000;1873dd55-7922-4c1a-a516-867b62c77d51;421.7;0.05442885;UNKNOWN
2016-03-03T00:03:23.000000;2016-03-03T00:03:23.000000;61cbd893-3dad-4344-8a72-30dc06758986;421.7;0.20969709;UNKNOWN
2016-03-03T00:03:23.000000;2016-03-03T00:03:23.000000;e96a0e11-d560-4aed-976e-7ed1a2b4fc3e;421.7;0.06932175;UNKNOWN
2016-03-03T00:03:23.000000;2016-03-03T00:03:23.000000;503ef169-e5c3-4178-8329-f80165c24689;421.7;0.0609507;UNKNOWN
2016-03-03T00:03:23.000000;2016-03-03T00:03:23.000000;7b719a88-199d-418d-8240-45fe5b3e2fbf;421.7;0.10911434;UNKNOWN
2016-03-03T00:03:23.000000;2016-03-03T00:03:23.000000;c9bb3aa5-0584-4f78-b799-41056d9663e0;421.7;0.15967504;UNKNOWN
2016-03-03T00:03:24.000000;2016-03-03T00:03:24.000000;dc9fca06-6a74-4d8b-944a-fcf9143c0212;422.25;0.935;UNKNOWN
2016-03-03T00:03:24.000000;2016-03-03T00:03:24.000000;e3d34e88-afcf-4d0f-97d8-68258fb50501;422.09;2.13036606;UNKNOWN
2016-03-03T00:03:24.000000;2016-03-03T00:03:24.000000;1aabde32-32bd-4f63-9bc2-d433e26ef4bd;422.35;0.935;UNKNOWN
2016-03-03T00:03:24.000000;2016-03-03T00:03:24.000000;f8b52855-6a03-4460-aed3-06eece4cb06b;422.4;0.8471962;UNKNOWN
2016-03-03T00:03:24.000000;2016-03-03T00:03:24.000000;a4ea8df0-6d86-4c25-a1ba-b34cda489f26;422.09;1.89402638;UNKNOWN
2016-03-03T00:03:24.000000;2016-03-03T00:03:24.000000;f6956dba-2171-49bc-82dc-716cbe68e058;422.05;0.935;UNKNOWN
2016-03-03T00:03:24.000000;2016-03-03T00:03:24.000000;6f820b12-f278-4396-bc9f-30625b933bce;422.15;0.935;UNKNOWN
2016-03-03T00:03:24.000000;2016-03-03T00:03:24.000000;ec805dee-e07d-4bc9-a74c-09c4ad6ca110;422.09;0.09474987;UNKNOWN
2016-03-03T00:03:24.000000;2016-03-03T00:03:24.000000;19bea677-1065-4f18-9544-b1d0fd271a54;421.7;0.01344583;UNKNOWN
2016-03-03T00:03:24.000000;2016-03-03T00:03:24.000000;6a6fe0f6-d988-491b-86d1-3652cca48797;421.7;0.01663517;UNKNOWN
2016-03-03T00:03:24.000000;2016-03-03T00:03:24.000000;e954bbba-9c8a-4663-90f8-3e1655d4b6fc;422.09;1.31429098;UNKNOWN
2016-03-03T00:03:26.000000;2016-03-03T00:03:26.000000;c642d2e2-fc43-4352-9a41-c28c1e8d73b4;422.4;0.11447054;UNKNOWN
2016-03-03T00:03:26.000000;2016-03-03T00:03:26.000000;b6d95998-43c5-4deb-a2a6-275efcc50c63;422.41;0.34979118;UNKNOWN
2016-03-03T00:03:27.000000;2016-03-03T00:03:27.000000;45c61200-6de6-4cfc-815e-d5e1e55df37a;422.41;0.29643384;UNKNOWN
2016-03-03T00:03:27.000000;2016-03-03T00:03:27.000000;fa39bb2f-bced-46ba-ac22-3bcc2e40ea66;422.4;0.08199869;UNKNOWN
2016-03-03T00:03:27.000000;2016-03-03T00:03:27.000000;f2874906-f347-43b9-bb99-c3f97b6b9560;422.4;0.08341697;UNKNOWN
2016-03-03T00:03:28.000000;2016-03-03T00:03:28.000000;a459ad11-38eb-4d68-a48d-0691f4efd592;422.4;0.04527135;UNKNOWN
2016-03-03T00:03:28.000000;2016-03-03T00:03:28.000000;1a85da9d-36b5-4984-8d4a-8fd8041c0ea3;422.41;0.06126798;UNKNOWN
2016-03-03T00:03:28.000000;2016-03-03T00:03:28.000000;206625e0-e287-44c7-b2a0-83258d5cbc76;422.4;0.3708902;UNKNOWN
2016-03-03T00:03:28.000000;2016-03-03T00:03:28.000000;56a09fc1-0b30-47b4-ac35-58778336c984;422.41;0.25974613;UNKNOWN
2016-03-03T00:03:28.000000;2016-03-03T00:03:28.000000;fc0018ab-c274-4031-8a21-7b6580ec577d;422.41;0.36309853;UNKNOWN
2016-03-03T00:03:29.000000;2016-03-03T00:03:29.000000;dc630072-8865-4bb2-ba90-488823ef798e;422.41;0.38191169;UNKNOWN
2016-03-03T00:03:29.000000;2016-03-03T00:03:29.000000;9b8c0f8b-4917-4fc7-be19-41731777f049;422.41;0.2;UNKNOWN
2016-03-03T00:03:30.000000;2016-03-03T00:03:30.000000;4b083722-7531-440f-adc1-68b47185f4af;422.41;0.22091626;UNKNOWN
2016-03-03T00:03:30.000000;2016-03-03T00:03:30.000000;fa42bd4c-ae72-4043-8fab-fb970b98b8df;422.41;0.0974553;UNKNOWN
2016-03-03T00:03:30.000000;2016-03-03T00:03:30.000000;cab43fa8-f468-46da-bdf3-1d099ac8252f;422.41;0.05069127;UNKNOWN
2016-03-03T00:03:31.000000;2016-03-03T00:03:31.000000;4c7c23ca-c6bf-4a23-99ac-0c91deb1f1d3;422.82;3.47882555;UNKNOWN
2016-03-03T00:03:31.000000;2016-03-03T00:03:31.000000;721a9a68-6f43-47c6-adc4-aa007d255d2c;422.55;0.03;UNKNOWN
2016-03-03T00:03:31.000000;2016-03-03T00:03:31.000000;895e3809-885b-4e4b-8642-32611ae209d0;422.86;2.99117445;UNKNOWN
2016-03-03T00:03:31.000000;2016-03-03T00:03:31.000000;679ff2da-63f2-44b4-b2e6-87cf8f7f9d6a;422.41;0.48081298;UNKNOWN
2016-03-03T00:03:31.000000;2016-03-03T00:03:31.000000;6d91b827-fc7c-4d3a-bd8c-4f833ee6526f;422.41;0.62330954;UNKNOWN
2016-03-03T00:03:32.000000;2016-03-03T00:03:32.000000;41e5d1c4-4a87-4bc6-8c06-acf0d18c1cdb;422.41;0.02446993;UNKNOWN
2016-03-03T00:03:32.000000;2016-03-03T00:03:32.000000;e93c0271-163e-4088-a961-608983d250d8;422.41;0.0717623;UNKNOWN
2016-03-03T00:03:32.000000;2016-03-03T00:03:32.000000;af51fd85-bbde-4cc7-a350-3a3490b090f5;422.41;0.06243065;UNKNOWN
2016-03-03T00:03:32.000000;2016-03-03T00:03:32.000000;a0de34e6-7353-4a7a-9469-378db33f0622;422.41;0.04730968;UNKNOWN
2016-03-03T00:03:32.000000;2016-03-03T00:03:32.000000;cbb702fb-e90d-4c76-bd5c-fa33e8e18759;422.41;0.10212744;UNKNOWN
2016-03-03T00:03:33.000000;2016-03-03T00:03:33.000000;ebe95f03-e5c1-4598-8ea9-4bded7c57178;422.42;0.01651369;UNKNOWN
2016-03-03T00:03:33.000000;2016-03-03T00:03:33.000000;df1d988c-6dea-4e64-b4e2-c4e9409c70fa;422.41;0.16745799;UNKNOWN
2016-03-03T00:03:33.000000;2016-03-03T00:03:33.000000;7c4048f5-9404-46a7-9dbd-cf9d718705f4;422.42;0.05787568;UNKNOWN
2016-03-03T00:03:33.000000;2016-03-03T00:03:33.000000;26bb580c-21ec-41b3-9666-9352ad945421;422.41;0.16008861;UNKNOWN
2016-03-03T00:03:34.000000;2016-03-03T00:03:34.000000;018a901e-1db1-409b-bdfb-84c7da15283f;422.42;0.01462376;UNKNOWN
2016-03-03T00:03:34.000000;2016-03-03T00:03:34.000000;369e83b4-b128-4c6e-a6d6-fd216a92a9c9;422.42;0.07968811;UNKNOWN
2016-03-03T00:03:34.000000;2016-03-03T00:03:34.000000;67491720-f246-484b-ac4c-259c2253ea79;422.42;0.77943578;UNKNOWN
2016-03-03T00:03:34.000000;2016-03-03T00:03:34.000000;32fe9d58-eab3-4e29-ae7c-d217a15802cd;422.42;0.24012302;UNKNOWN
2016-03-03T00:03:36.000000;2016-03-03T00:03:36.000000;32650fbf-b528-4b4e-9cb5-39ceb3f94050;422.98;1.0;UNKNOWN
2016-03-03T00:03:36.000000;2016-03-03T00:03:36.000000;0d1c19b4-9eb4-4ae2-a0f2-cfbcaedf6c6e;422.43;0.3454584;UNKNOWN
2016-03-03T00:03:36.000000;2016-03-03T00:03:36.000000;4513298f-890d-428d-822b-11ce9d096573;422.43;0.12609382;UNKNOWN
2016-03-03T00:03:37.000000;2016-03-03T00:03:37.000000;f46d919d-c7e7-40aa-9d64-f9af71beb846;422.43;0.2774236;UNKNOWN
2016-03-03T00:03:38.000000;2016-03-03T00:03:38.000000;5e5aa8e1-d86f-48fa-bb8d-f0b128f1d2a4;422.43;0.07351852;UNKNOWN
2016-03-03T00:03:38.000000;2016-03-03T00:03:38.000000;a19c587f-1fe2-4ad6-9f30-5dcd317822d1;422.43;0.23341575;UNKNOWN
2016-03-03T00:03:38.000000;2016-03-03T00:03:38.000000;192cec03-28ac-4194-87a6-9017680e6149;422.43;0.42402113;UNKNOWN
2016-03-03T00:03:38.000000;2016-03-03T00:03:38.000000;bd4a27a7-de4d-4e6c-bea5-87704476b5d0;422.43;0.08111929;UNKNOWN
2016-03-03T00:03:39.000000;2016-03-03T00:03:39.000000;5da7cb91-a950-47ba-8dd9-a3386b3e0eb5;422.44;0.05105134;UNKNOWN
2016-03-03T00:03:40.000000;2016-03-03T00:03:40.000000;4202a054-40ed-4139-bf96-e2e9d887065a;422.44;0.25423119;UNKNOWN
2016-03-03T00:03:40.000000;2016-03-03T00:03:40.000000;9153afa1-556d-46f5-9053-317fedd4444c;422.44;0.33110726;UNKNOWN
2016-03-03T00:03:40.000000;2016-03-03T00:03:40.000000;d283a877-8707-4ee8-b2aa-95bdedfec96c;422.44;0.06742415;UNKNOWN
2016-03-03T00:03:40.000000;2016-03-03T00:03:40.000000;1dbc2a6f-5a7f-4763-a472-a83981195807;422.44;0.05163296;UNKNOWN
2016-03-03T00:03:40.000000;2016-03-03T00:03:40.000000;7d57fc8a-6a8d-405d-8a31-5e73fbbf3eab;422.44;0.10374327;UNKNOWN
2016-03-03T00:03:40.000000;2016-03-03T00:03:40.000000;f5916b68-b2a8-461c-8e87-b0acb9007b98;422.44;0.38554575;UNKNOWN
2016-03-03T00:03:40.000000;2016-03-03T00:03:40.000000;c7b32f22-00ca-420a-8746-d6b291189af6;422.44;0.11743131;UNKNOWN
2016-03-03T00:03:40.000000;2016-03-03T00:03:40.000000;b7a988f9-7279-4294-9849-24c6d8ad6229;422.44;0.44894866;UNKNOWN
2016-03-03T00:03:41.000000;2016-03-03T00:03:41.000000;66cc37dd-31c3-4420-93ed-e2471c8d415d;422.46;0.51479314;UNKNOWN
2016-03-03T00:03:41.000000;2016-03-03T00:03:41.000000;5f154d70-d648-4026-82a6-ebfe6bb342ca;422.91;0.1;UNKNOWN
2016-03-03T00:03:42.000000;2016-03-03T00:03:42.000000;2d76cef4-e088-4654-be3b-06dc81e2186e;422.46;0.02849459;UNKNOWN
2016-03-03T00:03:42.000000;2016-03-03T00:03:42.000000;4fd05f83-ed2c-4c9e-87d2-d0b81af67a86;422.46;0.10293545;UNKNOWN
2016-03-03T00:03:42.000000;2016-03-03T00:03:42.000000;126a4436-f645-443b-9703-4a5cff2f5f9e;422.98;10.6110988;UNKNOWN
2016-03-03T00:03:42.000000;2016-03-03T00:03:42.000000;f632831e-5afa-4ebd-bcac-8bae68c69ae2;422.98;4.8326;UNKNOWN
2016-03-03T00:03:42.000000;2016-03-03T00:03:42.000000;311520f4-e6f3-49e8-90af-8af3cb403fd9;422.91;3.3783012;UNKNOWN
2016-03-03T00:03:42.000000;2016-03-03T00:03:42.000000;9a020c7f-9dec-4376-bd6b-00405d4c655e;422.97;3.0;UNKNOWN
2016-03-03T00:03:42.000000;2016-03-03T00:03:42.000000;234ed79c-d058-4c7d-8bb6-9049c779587a;422.97;0.5;UNKNOWN
2016-03-03T00:03:42.000000;2016-03-03T00:03:42.000000;2461925d-b702-4491-b080-8895c67e2170;422.46;0.05520141;UNKNOWN
2016-03-03T00:03:43.000000;2016-03-03T00:03:43.000000;49141999-f15d-4cf6-b4cd-e152483490e7;422.46;0.01991256;UNKNOWN
2016-03-03T00:03:43.000000;2016-03-03T00:03:43.000000;a52cc091-15d9-4e94-b52f-3c59efa6b698;422.46;0.0498364;UNKNOWN
2016-03-03T00:03:43.000000;2016-03-03T00:03:43.000000;5952b836-f343-4d31-ab46-7390fe523f42;422.46;0.17335186;UNKNOWN
2016-03-03T00:03:43.000000;2016-03-03T00:03:43.000000;d5a6ec9c-6e59-46e9-9d6a-94bcbdf4c77d;422.46;0.16420388;UNKNOWN
2016-03-03T00:03:44.000000;2016-03-03T00:03:44.000000;2ec00136-0c68-4895-b422-9cd695b3d0fa;422.46;0.83427238;UNKNOWN
2016-03-03T00:03:44.000000;2016-03-03T00:03:44.000000;af5ed9d2-3a6c-4e23-a3de-c405e51e651d;422.46;0.07033965;UNKNOWN
2016-03-03T00:03:44.000000;2016-03-03T00:03:44.000000;a53e6dae-8ac3-4549-abd9-c7e3ab24775d;422.46;0.11845179;UNKNOWN
2016-03-03T00:03:45.000000;2016-03-03T00:03:45.000000;f95c5335-e5cd-4123-b288-b62da72efefb;422.68;0.20908174;UNKNOWN
2016-03-03T00:03:45.000000;2016-03-03T00:03:45.000000;9920210e-f70f-4839-8343-d4cdd1d62979;422.46;0.01555434;UNKNOWN
2016-03-03T00:03:46.000000;2016-03-03T00:03:46.000000;862cb962-d4f2-48c2-b86c-91b2a22dfbe2;422.68;0.31587492;UNKNOWN
2016-03-03T00:03:46.000000;2016-03-03T00:03:46.000000;b26d8a79-90fd-43c0-8855-f03d4f1193ca;422.68;1.0;UNKNOWN
2016-03-03T00:03:46.000000;2016-03-03T00:03:46.000000;4b392a4c-f5f4-4432-a27d-283c34df29f5;422.68;0.1113977;UNKNOWN
2016-03-03T00:03:46.000000;2016-03-03T00:03:46.000000;f5c0b5a9-e65a-4dee-86d3-3d79d5478ec1;422.68;0.2906437;UNKNOWN
2016-03-03T00:03:46.000000;2016-03-03T00:03:46.000000;126352a9-fe7e-42fa-9b51-0ab604e2ac60;422.68;0.50359682;UNKNOWN
2016-03-03T00:03:47.000000;2016-03-03T00:03:47.000000;e1dfe36c-ef4d-4948-aa9d-480436dc7395;422.69;0.07575732;UNKNOWN
2016-03-03T00:03:47.000000;2016-03-03T00:03:47.000000;88e7c29b-8d6a-4f9f-8214-8acb86d237e1;422.69;0.08913325;UNKNOWN
2016-03-03T00:03:47.000000;2016-03-03T00:03:47.000000;d717b815-79b1-481c-97eb-c5c639b53a0d;422.69;0.44845957;UNKNOWN
2016-03-03T00:03:48.000000;2016-03-03T00:03:48.000000;e3ec1f83-b429-4272-af27-1e67f28d356a;422.69;0.05178378;UNKNOWN
2016-03-03T00:03:48.000000;2016-03-03T00:03:48.000000;1b3d7b6a-0879-4707-976b-6fe708eaa048;422.69;0.07294026;UNKNOWN
2016-03-03T00:03:48.000000;2016-03-03T00:03:48.000000;9aa984f1-2ff5-4171-ad45-95575eaf7dad;422.69;0.08678688;UNKNOWN
2016-03-03T00:03:48.000000;2016-03-03T00:03:48.000000;39151cf5-b79a-4506-9c01-609818fe0ef6;422.69;0.23231589;UNKNOWN
2016-03-03T00:03:49.000000;2016-03-03T00:03:49.000000;6c2a1105-8e10-4fa1-9a2c-74a530fe8448;422.69;0.42525156;UNKNOWN
2016-03-03T00:03:49.000000;2016-03-03T00:03:49.000000;6ea0479f-0b3a-4d27-84a6-c6c9d47ef248;422.69;0.34440841;UNKNOWN
2016-03-03T00:03:50.000000;2016-03-03T00:03:50.000000;8cddcb39-7d2d-450c-9425-d6e261b509cc;422.69;0.050294;UNKNOWN
2016-03-03T00:03:50.000000;2016-03-03T00:03:50.000000;d3a76a24-3bed-4bce-9db2-2d3a1e632b3c;422.69;0.24503077;UNKNOWN
2016-03-03T00:03:50.000000;2016-03-03T00:03:50.000000;69d0dbde-c9a5-46b5-90aa-7978341ba5c1;422.69;0.5801166;UNKNOWN
2016-03-03T00:03:50.000000;2016-03-03T00:03:50.000000;daabee0b-f73c-4f0c-833d-093bae8b4422;422.69;0.53800673;UNKNOWN
2016-03-03T00:03:51.000000;2016-03-03T00:03:51.000000;bf04d1f4-9da2-4ff0-bcd9-12fb7c1664be;422.68;0.11141702;UNKNOWN
2016-03-03T00:03:52.000000;2016-03-03T00:03:52.000000;d7b9a95d-3b81-4a91-8816-c234ad84ef0b;422.7;0.16800779;UNKNOWN
2016-03-03T00:03:52.000000;2016-03-03T00:03:52.000000;2432c31f-0e07-429c-838e-d852d1dbafbc;422.7;0.05949977;UNKNOWN
2016-03-03T00:03:52.000000;2016-03-03T00:03:52.000000;48fb2e79-0f26-4627-a27d-429f4ec36271;422.69;0.02712826;UNKNOWN
2016-03-03T00:03:52.000000;2016-03-03T00:03:52.000000;bc29c957-f326-4eb9-ae19-24a25bd779ee;422.7;0.14312576;UNKNOWN
2016-03-03T00:03:52.000000;2016-03-03T00:03:52.000000;16cfd5fe-273f-41c5-92fa-f498f1609dfd;422.7;0.05488519;UNKNOWN
2016-03-03T00:03:54.000000;2016-03-03T00:03:54.000000;653497b1-d496-45c9-a302-0e6f06deec7b;422.7;0.08036118;UNKNOWN
2016-03-03T00:03:54.000000;2016-03-03T00:03:54.000000;0cebbd85-b27e-47dc-816b-9ca3d24993f1;422.7;0.11178021;UNKNOWN
2016-03-03T00:03:55.000000;2016-03-03T00:03:55.000000;32479d0d-08c7-4bdc-8d49-af476ae30641;422.7;0.24385844;UNKNOWN
2016-03-03T00:03:55.000000;2016-03-03T00:03:55.000000;94283ebd-3b83-485e-bdba-835c8eff630c;422.7;0.82353438;UNKNOWN
2016-03-03T00:03:55.000000;2016-03-03T00:03:55.000000;809a3bda-447b-4f36-b4b1-95ea8d246d9d;422.7;0.01447051;UNKNOWN
2016-03-03T00:03:56.000000;2016-03-03T00:03:56.000000;eda2c86d-d992-4c07-a884-875f1c506ab9;422.7;0.01904216;UNKNOWN
2016-03-03T00:03:57.000000;2016-03-03T00:03:57.000000;73bd8269-0d95-42a0-8b06-458336d47fe0;422.7;0.32390936;UNKNOWN
2016-03-03T00:03:57.000000;2016-03-03T00:03:57.000000;64a21018-cea7-4d83-b732-e4304e93c7f0;422.7;0.1189762;UNKNOWN
2016-03-03T00:03:58.000000;2016-03-03T00:03:58.000000;017db86f-4fa6-4ea7-8a85-de6037743338;422.7;0.07379065;UNKNOWN
2016-03-03T00:03:58.000000;2016-03-03T00:03:58.000000;37d17f3c-5977-4dba-b07a-d023078bed9c;422.7;0.43128368;UNKNOWN
2016-03-03T00:03:58.000000;2016-03-03T00:03:58.000000;23d0a256-3fc6-4d9b-89d1-3d737ecc6872;422.7;0.28995205;UNKNOWN
2016-03-03T00:03:58.000000;2016-03-03T00:03:58.000000;cc874174-9678-4518-ab63-3843fe4ed239;422.96;3.0;UNKNOWN
2016-03-03T00:03:58.000000;2016-03-03T00:03:58.000000;8d1d5f99-29a0-458b-ac3b-a8380112b2d4;422.96;2.0;UNKNOWN
2016-03-03T00:03:58.000000;2016-03-03T00:03:58.000000;37ba0613-04a1-43fe-b438-52a9b19f7a57;422.7;0.10419638;UNKNOWN
2016-03-03T00:03:58.000000;2016-03-03T00:03:58.000000;112d0de1-083f-47f3-ae19-9ad3878105c6;422.7;0.04754315;UNKNOWN
2016-03-03T00:03:59.000000;2016-03-03T00:03:59.000000;7f8e0cd8-cfd9-4975-8da4-4bc9defbdf0c;422.69;0.25164531;UNKNOWN
2016-03-03T00:03:59.000000;2016-03-03T00:03:59.000000;ed83ed44-79e8-4e6a-874a-431d46b0f488;422.69;0.06923851;UNKNOWN
2016-03-03T00:03:59.000000;2016-03-03T00:03:59.000000;d210baae-3a94-4021-a4e5-6f8ba5b86896;422.69;0.38189423;UNKNOWN
2016-03-03T00:03:59.000000;2016-03-03T00:03:59.000000;9e880962-2910-4461-8978-c6c3214406eb;422.69;0.32363751;UNKNOWN
2016-03-03T00:04:00.000000;2016-03-03T00:04:00.000000;103dc1b6-bfa3-4c5d-89cf-1d78b7c518ac;422.69;0.61352059;UNKNOWN
2016-03-03T00:04:01.000000;2016-03-03T00:04:01.000000;f6093f01-8c97-4421-b5d3-934d1f02cd2b;422.69;0.11240169;UNKNOWN
2016-03-03T00:04:01.000000;2016-03-03T00:04:01.000000;efc07749-b975-4261-ad3c-9f5fc0a7c5e1;422.69;0.04516067;UNKNOWN
2016-03-03T00:04:01.000000;2016-03-03T00:04:01.000000;8f9d44d1-5659-4edd-865d-9287cc4cc63b;422.69;0.02375849;UNKNOWN
2016-03-03T00:04:01.000000;2016-03-03T00:04:01.000000;ce82d608-e541-4f8c-8fba-ff11855a69c3;422.69;0.55800025;UNKNOWN
2016-03-03T00:04:01.000000;2016-03-03T00:04:01.000000;1805bd4e-9d8c-4549-a1af-b3d3a84544de;422.69;0.05668323;UNKNOWN
2016-03-03T00:04:03.000000;2016-03-03T00:04:03.000000;4f38a0be-9cea-4a74-8b90-472b6051b18d;422.69;0.16346742;UNKNOWN
2016-03-03T00:04:04.000000;2016-03-03T00:04:04.000000;d344aa83-67c2-4810-a78d-5ec7a456ca6c;422.69;0.07427155;UNKNOWN
2016-03-03T00:04:06.000000;2016-03-03T00:04:06.000000;1eac63c8-cf08-497b-a7f5-630767beae59;422.69;0.20402655;UNKNOWN
2016-03-03T00:04:07.000000;2016-03-03T00:04:07.000000;8d5a864c-0f40-4679-8798-d8e368ac491c;422.69;0.12445286;UNKNOWN
2016-03-03T00:04:07.000000;2016-03-03T00:04:07.000000;6b0fba38-630d-4366-8cb6-fe6a5f7fa278;422.69;0.31848938;UNKNOWN
2016-03-03T00:04:10.000000;2016-03-03T00:04:10.000000;2590f7af-5a22-4550-b1c7-d108e1c53b48;422.96;1.6566;UNKNOWN
2016-03-03T00:04:10.000000;2016-03-03T00:04:10.000000;c170fc72-20a8-4cfa-9d8e-8ad91f5f22c5;422.7;0.01765461;UNKNOWN
2016-03-03T00:04:10.000000;2016-03-03T00:04:10.000000;2865c8a7-35ca-4f90-9276-95eff7b60dc9;422.7;0.11702893;UNKNOWN
2016-03-03T00:04:10.000000;2016-03-03T00:04:10.000000;8586e73b-0b5c-4c25-9168-f6098cac77b0;422.7;0.24317532;UNKNOWN
2016-03-03T00:04:10.000000;2016-03-03T00:04:10.000000;7beed227-5824-4d42-acdc-2822aab07a46;422.7;0.35261645;UNKNOWN
2016-03-03T00:04:10.000000;2016-03-03T00:04:10.000000;8183f934-94d5-4396-962d-38ed20fde28f;422.7;0.16832738;UNKNOWN
2016-03-03T00:04:10.000000;2016-03-03T00:04:10.000000;bb155f60-c3e6-462d-8f6a-3e2869a753d9;422.78;0.39907919;UNKNOWN
2016-03-03T00:04:10.000000;2016-03-03T00:04:10.000000;34244342-6dc1-4b11-833c-31041944c8a3;422.7;0.04973039;UNKNOWN
2016-03-03T00:04:10.000000;2016-03-03T00:04:10.000000;91aa8e07-f049-4693-a7b0-cb3a7ce16b87;422.7;0.37210596;UNKNOWN
2016-03-03T00:04:10.000000;2016-03-03T00:04:10.000000;b1a66c42-7159-4630-bb03-6278b9e4b1b2;422.78;0.08279249;UNKNOWN
2016-03-03T00:04:10.000000;2016-03-03T00:04:10.000000;7f355ce1-310d-4334-8853-ab6ffbafcada;422.95;5.8434;UNKNOWN
2016-03-03T00:04:10.000000;2016-03-03T00:04:10.000000;a9303993-4a63-4464-8555-224548d57078;422.69;0.2633248;UNKNOWN
2016-03-03T00:04:10.000000;2016-03-03T00:04:10.000000;219777a9-826e-46b0-8044-9fe9ee0bb6fc;422.7;0.01409711;UNKNOWN
2016-03-03T00:04:10.000000;2016-03-03T00:04:10.000000;3cd7c956-a5be-42e9-ac7d-dd7ac19115b5;422.7;0.77222491;UNKNOWN
2016-03-03T00:04:11.000000;2016-03-03T00:04:11.000000;577f95c5-76fd-4d6a-9206-b28261c58558;422.78;0.06508718;UNKNOWN
2016-03-03T00:04:12.000000;2016-03-03T00:04:12.000000;d8d7f480-3d1d-4f7b-96c9-397c65a61c83;422.78;0.24651884;UNKNOWN
2016-03-03T00:04:12.000000;2016-03-03T00:04:12.000000;65af2c94-60d1-4f85-b11c-75f2b5a3ffe2;422.78;0.09518771;UNKNOWN
2016-03-03T00:04:12.000000;2016-03-03T00:04:12.000000;98e6520a-efe3-4bc4-9110-e00c3799834b;422.78;0.58467923;UNKNOWN
2016-03-03T00:04:12.000000;2016-03-03T00:04:12.000000;bfeadae0-d809-4349-b0fc-4c3332e3b713;422.78;0.0590775;UNKNOWN
2016-03-03T00:04:13.000000;2016-03-03T00:04:13.000000;d3bbeaa6-e373-446d-93f0-1468e85be1bf;422.78;0.0246239;UNKNOWN
2016-03-03T00:04:13.000000;2016-03-03T00:04:13.000000;a4948e58-77ad-4e92-963a-d80df40cf617;422.78;0.1080563;UNKNOWN
2016-03-03T00:04:13.000000;2016-03-03T00:04:13.000000;5dcf3238-de59-47ec-96fe-e4a5661e72de;422.78;0.04601065;UNKNOWN
2016-03-03T00:04:13.000000;2016-03-03T00:04:13.000000;0fa51c5c-a762-4eaf-bc01-7efa4cf8fdad;422.78;0.05032287;UNKNOWN
2016-03-03T00:04:13.000000;2016-03-03T00:04:13.000000;6468b804-66ca-45eb-b940-af290e412646;422.78;0.48287792;UNKNOWN
2016-03-03T00:04:14.000000;2016-03-03T00:04:14.000000;1d5441f5-00cd-4ce5-b0a9-ecfa33a9d6af;422.78;0.01871991;UNKNOWN
2016-03-03T00:04:14.000000;2016-03-03T00:04:14.000000;d040a049-9743-4810-8687-93c9fc777b3c;422.78;0.15191295;UNKNOWN
2016-03-03T00:04:14.000000;2016-03-03T00:04:14.000000;ba7a7800-b1af-487c-915e-1eacebfaee57;422.78;0.01459881;UNKNOWN
2016-03-03T00:04:14.000000;2016-03-03T00:04:14.000000;bc79786e-1b62-4d6e-9b84-472a2ea214f6;422.78;0.84989035;UNKNOWN
2016-03-03T00:04:15.000000;2016-03-03T00:04:15.000000;86377adb-ff50-4293-b7af-777021216e08;422.78;0.07524463;UNKNOWN
2016-03-03T00:04:16.000000;2016-03-03T00:04:16.000000;db2157d5-e352-4143-ae34-526a50776b08;422.78;0.23403834;UNKNOWN
2016-03-03T00:04:17.000000;2016-03-03T00:04:17.000000;77fe3e24-4377-41f0-88fc-15825d96b29a;422.78;0.28049566;UNKNOWN
2016-03-03T00:04:17.000000;2016-03-03T00:04:17.000000;2a7b5912-b3d0-4b31-a739-a6a17fb02c69;422.78;0.11457324;UNKNOWN
2016-03-03T00:04:18.000000;2016-03-03T00:04:18.000000;80327663-bfdf-497f-aab2-41d5e3065b68;422.78;0.2;UNKNOWN
2016-03-03T00:04:18.000000;2016-03-03T00:04:18.000000;f3292715-88d8-41f6-b963-b271ddfd8073;422.78;0.082213;UNKNOWN
2016-03-03T00:04:18.000000;2016-03-03T00:04:18.000000;142854ae-1876-405e-810f-3eab73d5e9f7;422.78;0.04685662;UNKNOWN
2016-03-03T00:04:18.000000;2016-03-03T00:04:18.000000;e76fdc36-2f3b-4385-bb76-248f130f213e;422.78;0.38651289;UNKNOWN
2016-03-03T00:04:20.000000;2016-03-03T00:04:20.000000;3b9ec5fb-0bfe-4cf2-8b26-f7cb76afa394;422.78;0.2436165;UNKNOWN
2016-03-03T00:04:20.000000;2016-03-03T00:04:20.000000;396ab44c-955d-4480-b77e-a45c34214677;422.78;0.06913672;UNKNOWN
2016-03-03T00:04:21.000000;2016-03-03T00:04:21.000000;1a8b54e8-ff51-48d7-8199-ed481b0a4158;422.78;0.04458369;UNKNOWN
2016-03-03T00:04:21.000000;2016-03-03T00:04:21.000000;9d30464d-62a1-4806-ac20-15c7a5b0d750;422.78;0.1006884;UNKNOWN
2016-03-03T00:04:21.000000;2016-03-03T00:04:21.000000;88f3c67c-6a70-4529-8e39-e0d99131df43;422.78;0.3675552;UNKNOWN
2016-03-03T00:04:21.000000;2016-03-03T00:04:21.000000;2c347abc-fee4-4a79-b3bd-34b476e92d04;422.78;0.60043478;UNKNOWN
2016-03-03T00:04:21.000000;2016-03-03T00:04:21.000000;6b88fbf8-bbf4-4b2c-8837-5e7806af2a8c;422.78;0.5649716;UNKNOWN
2016-03-03T00:04:21.000000;2016-03-03T00:04:21.000000;c532fadb-4aeb-44aa-b998-0d709c10ff95;422.78;0.33557311;UNKNOWN
2016-03-03T00:04:23.000000;2016-03-03T00:04:23.000000;316bc5e4-6c95-4126-accf-ea10affb3f95;422.78;0.23050292;UNKNOWN
2016-03-03T00:04:24.000000;2016-03-03T00:04:24.000000;9e701c9b-5535-41a9-b3b9-1f726bd56627;422.69;0.05238442;UNKNOWN
2016-03-03T00:04:24.000000;2016-03-03T00:04:24.000000;afe73c41-2785-4c0c-bf72-9e4989a249fa;422.91;0.04761558;UNKNOWN
2016-03-03T00:04:24.000000;2016-03-03T00:04:24.000000;5f58d1ec-27ae-43d2-97f5-e1b29cc7c8fc;422.91;3.0;UNKNOWN
2016-03-03T00:04:24.000000;2016-03-03T00:04:24.000000;b412b7f7-38ba-4106-b7cf-f3ed10510887;422.78;0.02563105;UNKNOWN
2016-03-03T00:04:24.000000;2016-03-03T00:04:24.000000;b690e26b-8d33-4414-a990-f09832707b8c;422.78;0.17238366;UNKNOWN
2016-03-03T00:04:24.000000;2016-03-03T00:04:24.000000;f4d20452-be86-4dab-b2c1-0d2a7cb3d5f7;422.78;0.67827891;UNKNOWN
2016-03-03T00:04:24.000000;2016-03-03T00:04:24.000000;6ae83f32-68a5-4b4d-a878-876683d76edc;422.78;0.05471962;UNKNOWN
2016-03-03T00:04:24.000000;2016-03-03T00:04:24.000000;52d485f0-670a-4e00-aab8-82b2826e74e7;422.78;0.12213938;UNKNOWN
2016-03-03T00:04:24.000000;2016-03-03T00:04:24.000000;9c4f7963-7fbf-4c12-b077-90ebb9a4096b;422.78;0.05640744;UNKNOWN
2016-03-03T00:04:24.000000;2016-03-03T00:04:24.000000;2fd5a867-60be-4ff0-93d1-ec16b4057fa1;422.92;4.0;UNKNOWN
2016-03-03T00:04:24.000000;2016-03-03T00:04:24.000000;4685cb16-63b2-42f4-8198-9b34d17b2e10;422.78;0.11704578;UNKNOWN
2016-03-03T00:04:37.000000;2016-03-03T00:04:37.000000;3b5cc16d-45e3-4d52-83ce-b8049a05f1df;422.91;0.15520693;UNKNOWN
2016-03-03T00:04:37.000000;2016-03-03T00:04:37.000000;03bbd02f-37a6-4d43-ac35-397975c8808b;422.69;0.23566104;UNKNOWN
2016-03-03T00:04:37.000000;2016-03-03T00:04:37.000000;be53bf69-293e-4538-978d-5c10fced74bb;422.78;0.01470425;UNKNOWN
2016-03-03T00:04:37.000000;2016-03-03T00:04:37.000000;3f7fd125-2159-4c15-8f85-a219dd2ca791;422.69;0.41824558;UNKNOWN
2016-03-03T00:04:37.000000;2016-03-03T00:04:37.000000;cf9fc9e6-1cbe-4c2a-84b7-aac47240c6fd;422.69;0.10891657;UNKNOWN
2016-03-03T00:04:37.000000;2016-03-03T00:04:37.000000;e2903750-b3a9-40a4-bcc7-0e00b98a8857;422.78;0.35210644;UNKNOWN
2016-03-03T00:04:37.000000;2016-03-03T00:04:37.000000;4b072b9d-4011-4618-b342-31fefcf47f04;422.78;0.06635569;UNKNOWN
2016-03-03T00:04:37.000000;2016-03-03T00:04:37.000000;ba24b231-b2d3-45e8-b351-5f932f4c5cbd;422.78;0.23922904;UNKNOWN
2016-03-03T00:04:37.000000;2016-03-03T00:04:37.000000;786b1989-6b32-46e4-a7c4-0da26c29a395;422.69;0.32720984;UNKNOWN
2016-03-03T00:04:37.000000;2016-03-03T00:04:37.000000;4164e2a9-62cb-4ab0-ba94-5391fffe2bc4;422.78;0.05040856;UNKNOWN
2016-03-03T00:04:37.000000;2016-03-03T00:04:37.000000;277a0d67-47f1-46f8-829f-1a4eaf880728;422.78;0.14245104;UNKNOWN
2016-03-03T00:04:37.000000;2016-03-03T00:04:37.000000;ceb796ba-0681-40b4-8d2f-c05ba4a91427;422.69;0.29828191;UNKNOWN
2016-03-03T00:04:37.000000;2016-03-03T00:04:37.000000;325c27b7-c9e3-4c2f-8822-edf9124d2b5a;422.78;0.01816902;UNKNOWN
2016-03-03T00:04:37.000000;2016-03-03T00:04:37.000000;38a36a74-4d43-4829-9afa-5dfe32d82ee6;422.78;0.07037548;UNKNOWN
2016-03-03T00:04:37.000000;2016-03-03T00:04:37.000000;26563018-ddc0-4f79-b19f-402068171b0a;422.78;0.25942047;UNKNOWN
2016-03-03T00:04:37.000000;2016-03-03T00:04:37.000000;1f3df191-f418-4025-bea9-4c0acb7bc3c1;422.78;0.10028509;UNKNOWN
2016-03-03T00:04:37.000000;2016-03-03T00:04:37.000000;705923f8-2d11-4438-8716-eb3b70f0c737;422.78;0.35747472;UNKNOWN
2016-03-03T00:04:37.000000;2016-03-03T00:04:37.000000;1cbbebb5-f726-4832-b765-7c46d23b904a;422.78;0.55053823;UNKNOWN
2016-03-03T00:04:37.000000;2016-03-03T00:04:37.000000;d01c735a-5b65-4fbf-954b-d011c6ce0c63;422.78;0.06199982;UNKNOWN
2016-03-03T00:04:37.000000;2016-03-03T00:04:37.000000;d7f8bdfb-27ee-4f5b-8d29-152e2979dd65;422.69;0.07943194;UNKNOWN
2016-03-03T00:04:37.000000;2016-03-03T00:04:37.000000;edf84286-a73c-4c74-b1e7-3235d8a03391;422.78;0.04953823;UNKNOWN
2016-03-03T00:04:37.000000;2016-03-03T00:04:37.000000;207ec320-b638-4627-a37b-9226170de3f9;422.67;5.875;UNKNOWN
2016-03-03T00:04:37.000000;2016-03-03T00:04:37.000000;88d598bd-00e4-4b45-9b67-985a6d5dc4a6;422.78;0.04856698;UNKNOWN
2016-03-03T00:04:37.000000;2016-03-03T00:04:37.000000;a6f2ee64-d6ff-4088-a8ef-6e9a2dde892e;422.78;0.02477598;UNKNOWN
2016-03-03T00:04:37.000000;2016-03-03T00:04:37.000000;6651c006-79e8-4aa2-a8e5-3d15aef36342;422.78;0.58951001;UNKNOWN
2016-03-03T00:04:37.000000;2016-03-03T00:04:37.000000;eafff76a-00a7-4ea0-87b9-01c961116543;422.78;0.74854776;UNKNOWN
2016-03-03T00:04:37.000000;2016-03-03T00:04:37.000000;d6e80394-f99b-407b-9742-91b68984f142;422.78;0.12307719;UNKNOWN
2016-03-03T00:04:37.000000;2016-03-03T00:04:37.000000;59a5ec55-7aa9-46cd-b692-bbffe02326f2;422.9;2.45520693;UNKNOWN
2016-03-03T00:04:37.000000;2016-03-03T00:04:37.000000;2f942570-a20f-4a93-a7cd-f9260f1cfeb9;422.78;0.14656261;UNKNOWN
2016-03-03T00:04:37.000000;2016-03-03T00:04:37.000000;3d4f147f-6da8-43da-89de-884d1d362ee5;422.9;0.04479307;UNKNOWN
2016-03-03T00:04:37.000000;2016-03-03T00:04:37.000000;eb14d355-fa80-4c75-bd97-c84b44c684ef;422.78;0.1193363;UNKNOWN
2016-03-03T00:04:42.000000;2016-03-03T00:04:42.000000;491c3f26-7dd3-40f8-8b86-f5424e7f15e1;422.42;0.02566933;UNKNOWN
2016-03-03T00:04:42.000000;2016-03-03T00:04:42.000000;5a1c886e-b785-4fb1-baa7-f8dcd320e9be;422.43;0.04;UNKNOWN
2016-03-03T00:04:44.000000;2016-03-03T00:04:44.000000;47c8f483-e3de-4160-aa8c-6ce64293b970;422.42;0.13050839;UNKNOWN
2016-03-03T00:04:45.000000;2016-03-03T00:04:45.000000;b0a09b4a-664c-4fd2-9819-69c47a07a174;422.42;0.22371394;UNKNOWN
2016-03-03T00:04:48.000000;2016-03-03T00:04:48.000000;296d7f94-58d5-4140-bb0e-cf96f743ff4d;422.43;0.30959378;UNKNOWN
2016-03-03T00:04:48.000000;2016-03-03T00:04:48.000000;be8fb356-508f-4371-bd8c-5e4b27cfee79;422.43;0.12454044;UNKNOWN
2016-03-03T00:04:48.000000;2016-03-03T00:04:48.000000;5439bf64-e8be-449e-b3e7-00459ce33c06;422.43;0.16970372;UNKNOWN
2016-03-03T00:04:48.000000;2016-03-03T00:04:48.000000;cdd5713f-060b-4777-bc1d-077c5e672dd4;422.43;0.83306563;UNKNOWN
2016-03-03T00:04:48.000000;2016-03-03T00:04:48.000000;63d4276e-7c22-4181-a0b8-f80a1f15b288;422.42;0.06873078;UNKNOWN
2016-03-03T00:04:48.000000;2016-03-03T00:04:48.000000;543068ca-697d-4dcf-bbad-c80556ddab8a;422.43;0.15201383;UNKNOWN
2016-03-03T00:04:48.000000;2016-03-03T00:04:48.000000;aed94ccd-f824-46b9-823b-47a5b50dc4d1;422.43;0.01595933;UNKNOWN
2016-03-03T00:04:48.000000;2016-03-03T00:04:48.000000;baf1aee6-0504-42f0-a7f2-90be02ada027;422.43;0.01604978;UNKNOWN
2016-03-03T00:04:48.000000;2016-03-03T00:04:48.000000;b06a4244-4a9a-4c4a-862f-39c51922431b;422.43;0.05082542;UNKNOWN
2016-03-03T00:04:48.000000;2016-03-03T00:04:48.000000;5a17141f-04e4-494f-bc4b-a1c5609ed77b;422.43;0.07028086;UNKNOWN
2016-03-03T00:04:48.000000;2016-03-03T00:04:48.000000;56f3acd7-72d3-47ab-ae0f-0c7513af8c6c;422.43;0.24615087;UNKNOWN
2016-03-03T00:04:48.000000;2016-03-03T00:04:48.000000;12bf00a5-6551-4181-84a9-a6c033a9e252;422.67;2.94308556;UNKNOWN
2016-03-03T00:04:53.000000;2016-03-03T00:04:53.000000;53404cd2-e5ce-4b3a-8392-faab0b298ba9;422.4;0.09026158;UNKNOWN
2016-03-03T00:04:57.000000;2016-03-03T00:04:57.000000;c4219e04-9dca-4472-b2f4-ef157ed2de06;422.41;0.06894859;UNKNOWN
2016-03-03T00:04:58.000000;2016-03-03T00:04:58.000000;e062e4af-7e6e-4b86-9b22-960fb801c943;422.41;0.07242715;UNKNOWN
2016-03-03T00:05:05.000000;2016-03-03T00:05:05.000000;e6059530-5924-4618-9952-a6dda479a047;422.4;0.07121867;UNKNOWN
2016-03-03T00:05:05.000000;2016-03-03T00:05:05.000000;3d5e7027-82a7-4233-ad65-f380f7699155;422.42;0.02352997;UNKNOWN
2016-03-03T00:05:08.000000;2016-03-03T00:05:08.000000;54037cdd-4b23-4d7e-8b85-220e027c3bde;422.4;0.5;UNKNOWN
2016-03-03T00:05:11.000000;2016-03-03T00:05:11.000000;0872c29c-6d52-48e4-aa3f-9cccf3b19e28;422.41;0.07957377;UNKNOWN
2016-03-03T00:05:11.000000;2016-03-03T00:05:11.000000;b0838a6b-6aa3-4180-8baa-a66fc7089c57;422.43;0.19133946;UNKNOWN
2016-03-03T00:05:11.000000;2016-03-03T00:05:11.000000;4cdb3ef1-2df0-4054-9b54-2c27d8e00546;422.43;0.37185055;UNKNOWN
2016-03-03T00:05:11.000000;2016-03-03T00:05:11.000000;da90052b-76e0-47b4-b38f-b207e46aa41e;422.42;0.24290116;UNKNOWN
2016-03-03T00:05:11.000000;2016-03-03T00:05:11.000000;925bb9de-faa5-4872-a5da-17ede60557ff;422.42;0.28787253;UNKNOWN
2016-03-03T00:05:11.000000;2016-03-03T00:05:11.000000;a2d292a6-1bbd-4cd0-820a-e89398df1837;422.42;0.11439522;UNKNOWN
2016-03-03T00:05:11.000000;2016-03-03T00:05:11.000000;c00d9e47-37f3-409c-84f2-dc6b5fad7976;422.42;0.16246238;UNKNOWN
2016-03-03T00:05:11.000000;2016-03-03T00:05:11.000000;df45729e-a8bb-4a65-b0f9-ce244705be42;422.42;0.23748614;UNKNOWN
2016-03-03T00:05:11.000000;2016-03-03T00:05:11.000000;45ec91db-c689-427c-8510-778f245f8cc5;422.42;0.05872738;UNKNOWN
2016-03-03T00:05:11.000000;2016-03-03T00:05:11.000000;eb651d85-e9d2-4b6d-8ae3-bbc26ffad068;422.42;0.09839121;UNKNOWN
2016-03-03T00:05:11.000000;2016-03-03T00:05:11.000000;24ebb757-d921-4c92-b720-bcdcf46fbd1b;422.42;0.1550002;UNKNOWN
2016-03-03T00:05:13.000000;2016-03-03T00:05:13.000000;d7a17dc0-2a3c-4279-b98a-e2ac994ed100;422.41;0.64698855;UNKNOWN
2016-03-03T00:05:14.000000;2016-03-03T00:05:14.000000;74031043-bcb7-4207-82c2-715d37f83508;422.41;0.11862077;UNKNOWN
2016-03-03T00:05:14.000000;2016-03-03T00:05:14.000000;a609023c-1d31-4214-9d67-08d7a61b6723;422.41;0.08081347;UNKNOWN
2016-03-03T00:05:14.000000;2016-03-03T00:05:14.000000;1d40c609-a00d-48b5-9090-f033bded4b0f;422.41;0.57395469;UNKNOWN
2016-03-03T00:05:17.000000;2016-03-03T00:05:17.000000;340e7947-2348-4c46-935d-7d78291e54c6;422.42;0.12317047;UNKNOWN
2016-03-03T00:05:17.000000;2016-03-03T00:05:17.000000;2246ae94-4c0a-4b80-a2dd-403010de9ade;422.42;0.06743674;UNKNOWN
2016-03-03T00:05:18.000000;2016-03-03T00:05:18.000000;4f03021a-c871-4996-ab73-02744190c1e3;422.42;0.26750079;UNKNOWN
2016-03-03T00:05:18.000000;2016-03-03T00:05:18.000000;31345688-866a-4fb9-a1ad-46beadc937f6;422.42;0.27843921;UNKNOWN
2016-03-03T00:05:19.000000;2016-03-03T00:05:19.000000;ac9bb7e0-3f72-44b8-aa20-711a4eec01fa;422.42;0.37419146;UNKNOWN
2016-03-03T00:05:20.000000;2016-03-03T00:05:20.000000;29c64cc4-093f-46a5-8a8e-86390a60d1c3;422.42;0.62544382;UNKNOWN
2016-03-03T00:05:21.000000;2016-03-03T00:05:21.000000;58a7c98e-a550-4d17-a4e9-8033eae74603;422.42;0.1068272;UNKNOWN
2016-03-03T00:05:21.000000;2016-03-03T00:05:21.000000;c64da21a-d9da-4b81-a0b2-6dd13be31f27;422.42;0.05242127;UNKNOWN
2016-03-03T00:05:21.000000;2016-03-03T00:05:21.000000;5e228cbe-cd47-4588-8501-528c478a405a;422.42;0.09323209;UNKNOWN
2016-03-03T00:05:21.000000;2016-03-03T00:05:21.000000;39eb025d-71f5-4229-8f94-3c3a7d5c18fe;422.42;0.02070859;UNKNOWN
2016-03-03T00:05:21.000000;2016-03-03T00:05:21.000000;1cd2f0ab-6f47-4be7-8ab0-99422e0f8082;422.42;0.51191851;UNKNOWN
2016-03-03T00:05:21.000000;2016-03-03T00:05:21.000000;4359dabe-1751-441b-99c1-66ac29b065cd;422.42;0.35097785;UNKNOWN
2016-03-03T00:05:22.000000;2016-03-03T00:05:22.000000;6909c8c4-5c80-4a57-9ffa-44fcaec88135;422.42;0.05598408;UNKNOWN
2016-03-03T00:05:22.000000;2016-03-03T00:05:22.000000;ecb39792-d9f1-4aee-8b9d-2fb9818fecee;422.42;0.43133955;UNKNOWN
2016-03-03T00:05:23.000000;2016-03-03T00:05:23.000000;2dfdfecb-d1fd-4ca6-afd9-df26831b0f42;422.42;0.12032653;UNKNOWN
2016-03-03T00:05:23.000000;2016-03-03T00:05:23.000000;0dfca504-f723-48b3-8625-de3f674d3a24;422.42;0.16588911;UNKNOWN
2016-03-03T00:05:23.000000;2016-03-03T00:05:23.000000;f3c25f0a-9e84-43cd-a97a-32b303452369;422.42;0.14390528;UNKNOWN
2016-03-03T00:05:23.000000;2016-03-03T00:05:23.000000;a6e4cb21-aadc-4d6a-9e96-0418d55cb9f2;422.42;0.07967603;UNKNOWN
2016-03-03T00:05:23.000000;2016-03-03T00:05:23.000000;351b0dd2-f00f-42aa-b136-37179741a21d;422.42;0.25008057;UNKNOWN
2016-03-03T00:05:24.000000;2016-03-03T00:05:24.000000;0d981bf0-4dca-43dd-9a50-0dcea5f02ae5;422.42;0.04465269;UNKNOWN
2016-03-03T00:05:25.000000;2016-03-03T00:05:25.000000;c07870f7-50fb-48d5-bc5e-9ee7bd2f1c97;422.42;0.07583674;UNKNOWN
2016-03-03T00:05:25.000000;2016-03-03T00:05:25.000000;d27a29c0-1b37-4437-8db7-97d54d7de812;422.42;0.02459632;UNKNOWN
2016-03-03T00:05:25.000000;2016-03-03T00:05:25.000000;34d6ae5a-53f7-49b0-b55f-2037fff7b0c1;422.42;0.21031961;UNKNOWN
2016-03-03T00:05:26.000000;2016-03-03T00:05:26.000000;c63c0a88-b02c-4166-9f56-4810be806c50;422.42;0.05040663;UNKNOWN
2016-03-03T00:05:27.000000;2016-03-03T00:05:27.000000;8706dc3e-f37c-4a73-a6d8-e5b109e39d24;422.42;0.23900769;UNKNOWN
2016-03-03T00:05:27.000000;2016-03-03T00:05:27.000000;d76c3d00-0ed9-48f2-b1d0-b07f0051df0a;422.42;0.10239164;UNKNOWN
2016-03-03T00:05:27.000000;2016-03-03T00:05:27.000000;a1ecf574-d4b3-46ca-9a83-1ad624b7d2db;422.42;0.28334813;UNKNOWN
2016-03-03T00:05:27.000000;2016-03-03T00:05:27.000000;e4b3d754-d49d-4e80-aba0-511c5c0cf6b0;422.42;0.07673501;UNKNOWN
2016-03-03T00:05:29.000000;2016-03-03T00:05:29.000000;32f54556-f87e-4376-a0cf-9ec86274c4da;422.42;0.89245366;UNKNOWN
2016-03-03T00:05:29.000000;2016-03-03T00:05:29.000000;a4ac70b8-4ce9-40a6-8032-948c9d4b8315;422.42;0.01560656;UNKNOWN
2016-03-03T00:05:29.000000;2016-03-03T00:05:29.000000;ee5d328c-ab73-4528-bb1c-c67456f08087;422.42;0.32787709;UNKNOWN
2016-03-03T00:05:29.000000;2016-03-03T00:05:29.000000;1f4ea2b5-cd62-4c69-a6f5-4d87557b8ac9;422.42;0.06701446;UNKNOWN
2016-03-03T00:05:29.000000;2016-03-03T00:05:29.000000;638745f3-b721-418c-9675-e725cc7afc65;422.42;0.27152543;UNKNOWN
2016-03-03T00:05:29.000000;2016-03-03T00:05:29.000000;44d15c70-9dd6-4882-a839-2e135206647e;422.42;0.43681321;UNKNOWN
2016-03-03T00:05:30.000000;2016-03-03T00:05:30.000000;dba61dee-f499-4698-9fd2-9eb6a53ef0e4;422.42;0.09230873;UNKNOWN
2016-03-03T00:05:30.000000;2016-03-03T00:05:30.000000;ed7c7ad1-ad13-4011-9de1-f5d8e0d9f8b1;422.42;0.64006366;UNKNOWN
2016-03-03T00:05:30.000000;2016-03-03T00:05:30.000000;72a50c60-e965-4b02-8888-a31d7a87fae4;422.42;0.05030125;UNKNOWN
2016-03-03T00:05:30.000000;2016-03-03T00:05:30.000000;ad2d392c-0933-4d95-b53b-6aaa66ee69f3;422.42;0.4157743;UNKNOWN
2016-03-03T00:05:31.000000;2016-03-03T00:05:31.000000;eba91493-c6da-48a9-ac4f-3c853b34408d;422.42;0.05439157;UNKNOWN
2016-03-03T00:05:31.000000;2016-03-03T00:05:31.000000;a6dcb141-e84e-4e9b-b2ce-875ab4c4d610;422.42;0.54967697;UNKNOWN
2016-03-03T00:05:32.000000;2016-03-03T00:05:32.000000;690b5bb4-841f-4a56-847f-910ed13b0fe7;423.26;0.935;UNKNOWN
2016-03-03T00:05:32.000000;2016-03-03T00:05:32.000000;5eb0cd91-3ddd-435d-96b1-a1643766ff24;422.42;0.14299911;UNKNOWN
2016-03-03T00:05:32.000000;2016-03-03T00:05:32.000000;fed3d350-8e93-47af-a35d-f2a88890f1d9;422.42;0.11987733;UNKNOWN
2016-03-03T00:05:32.000000;2016-03-03T00:05:32.000000;d37124d6-6fa9-48bb-ba61-12a61e8353bf;423.25;14.8603;UNKNOWN
2016-03-03T00:05:32.000000;2016-03-03T00:05:32.000000;ff4d60f5-f372-4972-be4f-bb61a99448fd;424.06;12.5;UNKNOWN
2016-03-03T00:05:32.000000;2016-03-03T00:05:32.000000;4ec83ab6-24fa-4ea5-9666-d1839f5296a0;423.99;4.52;UNKNOWN
2016-03-03T00:05:32.000000;2016-03-03T00:05:32.000000;68748ee1-8803-486d-af6c-8de088780d59;424.29;3.46768694;UNKNOWN
2016-03-03T00:05:32.000000;2016-03-03T00:05:32.000000;8b5e45fb-8414-47d5-aa8e-67e6386b99b7;424.0;25.0;UNKNOWN
2016-03-03T00:05:32.000000;2016-03-03T00:05:32.000000;11a780c6-4dc8-497a-b5d3-ee6a0d4663d5;424.0;1.0;UNKNOWN
2016-03-03T00:05:32.000000;2016-03-03T00:05:32.000000;b2e80590-8e63-4e8b-a10f-caf611ae074a;423.5;3.0;UNKNOWN
2016-03-03T00:05:32.000000;2016-03-03T00:05:32.000000;f5e6c435-7304-4316-aabb-1b2c5b177221;423.7;14.6175;UNKNOWN
2016-03-03T00:05:32.000000;2016-03-03T00:05:32.000000;5cb9a264-b50e-4625-be91-cf04e6830958;423.35;14.7113;UNKNOWN
2016-03-03T00:05:32.000000;2016-03-03T00:05:32.000000;bad25f8e-6430-4390-ba09-d66d6decf47f;423.53;14.7906;UNKNOWN
2016-03-03T00:05:32.000000;2016-03-03T00:05:32.000000;2d98d6df-2f6b-45ad-9ff9-3b3daac6ad70;423.16;0.935;UNKNOWN
2016-03-03T00:05:32.000000;2016-03-03T00:05:32.000000;f218fe55-63ef-4f5b-9395-9f455eb5d3a6;424.0;3.0;UNKNOWN
2016-03-03T00:05:32.000000;2016-03-03T00:05:32.000000;de9e9236-ef9d-4674-b89a-6f966a10b6df;423.86;13.7676;UNKNOWN
2016-03-03T00:05:32.000000;2016-03-03T00:05:32.000000;95c96e17-87e6-43c9-8065-d111c8977067;423.7;2.0;UNKNOWN
2016-03-03T00:05:32.000000;2016-03-03T00:05:32.000000;5163ab49-2c3b-43d7-8728-424601cfd633;423.06;0.935;UNKNOWN
2016-03-03T00:05:32.000000;2016-03-03T00:05:32.000000;d3408c7c-f3e2-4e6d-bcdb-563ff3bc6bee;423.13;6.0;UNKNOWN
2016-03-03T00:05:32.000000;2016-03-03T00:05:32.000000;785e0e6f-4494-442d-8546-b86b99168d9b;423.67;18.0;UNKNOWN
2016-03-03T00:05:32.000000;2016-03-03T00:05:32.000000;a3e83270-84d4-4958-8de5-fbe29cfcbd91;423.36;0.935;UNKNOWN
2016-03-03T00:05:32.000000;2016-03-03T00:05:32.000000;b8e5857f-ca54-4f57-a86e-917ba2b4eed9;424.0;13.3655;UNKNOWN
2016-03-03T00:05:32.000000;2016-03-03T00:05:32.000000;691b8582-a486-4f11-9865-5cb4b2301607;424.33;11.71027737;UNKNOWN
2016-03-03T00:05:32.000000;2016-03-03T00:05:32.000000;699e0f5d-7538-40ac-8681-e08c59650cbb;424.15;14.5081;UNKNOWN
2016-03-03T00:05:32.000000;2016-03-03T00:05:32.000000;b7dc2967-3058-4b5f-941e-f73d3a681588;423.8;5.3845332;UNKNOWN
2016-03-03T00:05:32.000000;2016-03-03T00:05:32.000000;4ce728aa-6c85-4afe-af95-a00378cba347;422.42;0.05978802;UNKNOWN
2016-03-03T00:05:32.000000;2016-03-03T00:05:32.000000;ba95a507-cef8-4e87-bb8d-e10b4d0b0274;422.42;0.02561984;UNKNOWN
2016-03-03T00:05:32.000000;2016-03-03T00:05:32.000000;97253262-0d89-48f1-a31a-c849d939feb2;424.21;0.24;UNKNOWN
2016-03-03T00:05:32.000000;2016-03-03T00:05:32.000000;fb140fba-8a19-4e02-82d1-bac874c50856;423.05;0.03;UNKNOWN
2016-03-03T00:05:32.000000;2016-03-03T00:05:32.000000;1344eb83-aa27-48be-b216-085d23e4ad01;422.42;0.1550249;UNKNOWN
2016-03-03T00:05:34.000000;2016-03-03T00:05:34.000000;68d320d3-9bc6-47c4-b226-804581aea71f;422.43;0.01722261;UNKNOWN
2016-03-03T00:05:34.000000;2016-03-03T00:05:34.000000;f219d0df-9265-44dc-9371-cad363d7e2b4;422.43;0.31460527;UNKNOWN
2016-03-03T00:05:34.000000;2016-03-03T00:05:34.000000;610de50f-1620-4896-a642-5c2edc2065ad;422.43;0.48277739;UNKNOWN
2016-03-03T00:05:35.000000;2016-03-03T00:05:35.000000;c6ac2b41-58d0-449f-953f-986a76079a1e;422.43;0.08250186;UNKNOWN
2016-03-03T00:05:36.000000;2016-03-03T00:05:36.000000;c8650ae3-f67e-48a8-8b48-d3ba59400027;422.44;0.01519246;UNKNOWN
2016-03-03T00:05:36.000000;2016-03-03T00:05:36.000000;410d9d87-c7d0-4822-9eb4-a11760acfbdf;422.44;0.12326118;UNKNOWN
2016-03-03T00:05:36.000000;2016-03-03T00:05:36.000000;01a3aba1-a223-47e6-8aef-4004fb4698d1;422.44;0.24648071;UNKNOWN
2016-03-03T00:05:38.000000;2016-03-03T00:05:38.000000;754102d2-9895-4e6b-8588-eb0dc7139569;422.45;0.01;UNKNOWN
2016-03-03T00:05:38.000000;2016-03-03T00:05:38.000000;76c06999-86d4-4723-982a-54c842efb91b;422.44;0.07381548;UNKNOWN
2016-03-03T00:05:38.000000;2016-03-03T00:05:38.000000;7e65b8e4-9d4a-4883-9038-791439c1ac24;422.44;0.41979937;UNKNOWN
2016-03-03T00:05:38.000000;2016-03-03T00:05:38.000000;a8c4d19f-ce30-452b-b163-7c8a3c0d7223;422.44;0.12798961;UNKNOWN
2016-03-03T00:05:38.000000;2016-03-03T00:05:38.000000;b0bccd56-2c1a-4c1a-8ca1-634d5e12be36;422.44;0.32386334;UNKNOWN
2016-03-03T00:05:39.000000;2016-03-03T00:05:39.000000;92cce733-658a-4ace-8ef1-595f0fa6bfdb;422.44;0.25006988;UNKNOWN
2016-03-03T00:05:39.000000;2016-03-03T00:05:39.000000;24825819-a752-4c9b-9d94-0cc3bd5430ec;422.45;0.34989319;UNKNOWN
2016-03-03T00:05:39.000000;2016-03-03T00:05:39.000000;175eba08-da21-4497-bd18-d26d37ea1a93;422.44;0.05221657;UNKNOWN
2016-03-03T00:05:40.000000;2016-03-03T00:05:40.000000;1caa15ba-77cc-49b6-a314-503d40340907;422.45;0.37876579;UNKNOWN
2016-03-03T00:05:40.000000;2016-03-03T00:05:40.000000;b21cb35c-e97e-4fb6-8ba8-4c14158d35e3;422.45;0.05121409;UNKNOWN
2016-03-03T00:05:40.000000;2016-03-03T00:05:40.000000;3eef396a-34a4-480d-9a35-bde55868f718;422.45;0.61472875;UNKNOWN
2016-03-03T00:05:40.000000;2016-03-03T00:05:40.000000;430ade0c-c33b-4869-be3d-58711af2e3ea;422.45;0.25329215;UNKNOWN
2016-03-03T00:05:41.000000;2016-03-03T00:05:41.000000;c50454b5-9956-4be5-a3cc-24498b959d94;422.46;0.05482655;UNKNOWN
2016-03-03T00:05:41.000000;2016-03-03T00:05:41.000000;283297de-888a-468f-9d02-e0c1820bcf4f;422.46;0.06713488;UNKNOWN
2016-03-03T00:05:41.000000;2016-03-03T00:05:41.000000;b2e382df-1019-4e88-83f2-86636e12e0ce;422.46;0.10931184;UNKNOWN
2016-03-03T00:05:42.000000;2016-03-03T00:05:42.000000;4b96834e-ff8f-41b5-a42d-062942a93226;422.46;0.02305288;UNKNOWN
2016-03-03T00:05:42.000000;2016-03-03T00:05:42.000000;6613f008-6cd6-4102-969c-a72733ce0ed1;422.46;0.54119465;UNKNOWN
2016-03-03T00:05:42.000000;2016-03-03T00:05:42.000000;4dbc66a3-e6c5-4867-ba39-93157c5910de;423.05;0.03;UNKNOWN
2016-03-03T00:05:42.000000;2016-03-03T00:05:42.000000;874633f1-8b10-4fa4-b5d9-db06ebceb35f;423.92;14.035;UNKNOWN
2016-03-03T00:05:42.000000;2016-03-03T00:05:42.000000;8d92fede-dd99-4612-9db6-1adc692cc440;423.67;0.935;UNKNOWN
2016-03-03T00:05:43.000000;2016-03-03T00:05:43.000000;f42760ac-0046-4724-9db3-9fe22a299fed;422.65;0.16287897;UNKNOWN
2016-03-03T00:05:43.000000;2016-03-03T00:05:43.000000;187869f3-37b7-4943-900a-3bda625337fd;422.65;0.17835741;UNKNOWN
2016-03-03T00:05:43.000000;2016-03-03T00:05:43.000000;443d68da-9eff-45cd-9c6e-927c4fb7e47d;422.65;0.11670577;UNKNOWN
2016-03-03T00:05:43.000000;2016-03-03T00:05:43.000000;3dfddbaf-1560-4552-8d08-e96dc52de55e;422.65;0.05968709;UNKNOWN
2016-03-03T00:05:44.000000;2016-03-03T00:05:44.000000;27ebc68c-b41a-4423-8af0-7ecf473dce6b;422.65;0.89616794;UNKNOWN
2016-03-03T00:05:44.000000;2016-03-03T00:05:44.000000;82f7c880-e7f2-40ec-8206-52644ee2ffd9;422.65;0.01807495;UNKNOWN
2016-03-03T00:05:45.000000;2016-03-03T00:05:45.000000;18d886d5-f87f-434b-a4f5-3ebe1d4e0949;422.66;0.23743506;UNKNOWN
2016-03-03T00:05:45.000000;2016-03-03T00:05:45.000000;3393161d-983c-44a8-b738-68f6af2fa8d6;422.66;0.06853879;UNKNOWN
2016-03-03T00:05:45.000000;2016-03-03T00:05:45.000000;a9a2f591-ea95-4817-8cce-2f64ef653d3f;422.66;0.12021435;UNKNOWN
2016-03-03T00:05:46.000000;2016-03-03T00:05:46.000000;7c2f159b-5665-4ef1-9a3b-c7c1e7322da8;422.66;0.01519155;UNKNOWN
2016-03-03T00:05:46.000000;2016-03-03T00:05:46.000000;21484e2c-ab25-4c04-9972-235e8baaa145;422.66;0.6171209;UNKNOWN
2016-03-03T00:05:47.000000;2016-03-03T00:05:47.000000;43fbd4b7-b3b5-4179-944e-1561044a01dc;422.85;0.30119044;UNKNOWN
2016-03-03T00:05:47.000000;2016-03-03T00:05:47.000000;92e52690-e9d7-41ef-8464-cc8b810d1c0b;422.85;0.07239313;UNKNOWN
2016-03-03T00:05:48.000000;2016-03-03T00:05:48.000000;b3609f30-0c9e-4295-bf43-4441b53c0925;422.86;0.39463708;UNKNOWN
2016-03-03T00:05:48.000000;2016-03-03T00:05:48.000000;bb25b797-ae9c-4df6-83e9-9b7630ecf9b4;422.85;0.07665135;UNKNOWN
2016-03-03T00:05:48.000000;2016-03-03T00:05:48.000000;da7b91f5-cfd3-46d3-8d9a-3509998b1884;422.86;0.34451041;UNKNOWN
2016-03-03T00:05:48.000000;2016-03-03T00:05:48.000000;54cd7cfa-af76-4ae4-8128-25934d84d22b;422.86;0.39998347;UNKNOWN
2016-03-03T00:05:49.000000;2016-03-03T00:05:49.000000;767b7b78-9c57-4fee-a346-8085160d26f6;422.86;0.2847625;UNKNOWN
2016-03-03T00:05:49.000000;2016-03-03T00:05:49.000000;8caf1b65-bfda-4ab4-af0d-a44c2a6e6e01;422.86;0.05103379;UNKNOWN
2016-03-03T00:05:49.000000;2016-03-03T00:05:49.000000;5a105138-c7db-4f96-b426-958b47d0a752;422.86;0.09843684;UNKNOWN
2016-03-03T00:05:50.000000;2016-03-03T00:05:50.000000;6a0d2332-5b8c-426f-bde0-2a87ab69fb60;422.86;0.57854372;UNKNOWN
2016-03-03T00:05:50.000000;2016-03-03T00:05:50.000000;b8679e71-40a2-4684-8b39-73e608aacbf6;422.86;0.26852622;UNKNOWN
2016-03-03T00:05:50.000000;2016-03-03T00:05:50.000000;fa2afdd1-56bb-4c9d-9c14-c3c0754bc3c7;422.86;0.05071066;UNKNOWN
2016-03-03T00:05:52.000000;2016-03-03T00:05:52.000000;a203cecf-d533-4cbc-b2b7-edd67a9ad06b;422.86;0.58346315;UNKNOWN
2016-03-03T00:05:52.000000;2016-03-03T00:05:52.000000;491c702e-b673-4779-9aa7-4ecbeea94eef;422.86;0.06048258;UNKNOWN
2016-03-03T00:05:52.000000;2016-03-03T00:05:52.000000;c0872e14-d461-40d7-9776-8e5c69abe8bc;422.86;0.11696686;UNKNOWN
2016-03-03T00:05:52.000000;2016-03-03T00:05:52.000000;e035a4df-c01f-4bf3-a322-398bf4ee8ea2;422.86;0.02553527;UNKNOWN
2016-03-03T00:05:53.000000;2016-03-03T00:05:53.000000;fde2f4fa-7f7a-45bb-8e3f-3327ab2585a1;422.88;0.05146771;UNKNOWN
2016-03-03T00:05:53.000000;2016-03-03T00:05:53.000000;22622fc4-ad2f-4ef3-8607-6c7593cf19b8;422.88;0.15600476;UNKNOWN
2016-03-03T00:05:53.000000;2016-03-03T00:05:53.000000;055a9edb-6ffd-4e70-ae48-4d25dcb9c039;422.88;0.1291798;UNKNOWN
2016-03-03T00:05:54.000000;2016-03-03T00:05:54.000000;1c1574ec-d0d4-412e-abbc-6ecfe2d13dd8;422.88;0.07838553;UNKNOWN
2016-03-03T00:05:54.000000;2016-03-03T00:05:54.000000;3616edd4-9aab-4c04-b9a3-f01064d6074e;422.88;0.24192013;UNKNOWN
2016-03-03T00:05:54.000000;2016-03-03T00:05:54.000000;da6983d5-5042-47d4-81f8-b1d06dc0ac51;422.88;0.16505794;UNKNOWN
2016-03-03T00:05:54.000000;2016-03-03T00:05:54.000000;ba290b0a-e66b-4b93-9429-0193ce4bac76;422.88;0.01870668;UNKNOWN
2016-03-03T00:05:55.000000;2016-03-03T00:05:55.000000;826e4343-60f2-47ea-a09a-7159a823b989;423.05;0.10291805;UNKNOWN
2016-03-03T00:05:55.000000;2016-03-03T00:05:55.000000;ae1ad832-661b-4bed-ab77-8646fe7934db;423.05;0.83071972;UNKNOWN
2016-03-03T00:05:55.000000;2016-03-03T00:05:55.000000;c6381af9-2759-47e8-a27d-2ff60e1dc00c;423.05;0.01604738;UNKNOWN
2016-03-03T00:05:57.000000;2016-03-03T00:05:57.000000;983d2d39-688b-4f20-8684-2120f994207a;423.06;0.29581504;UNKNOWN
2016-03-03T00:05:58.000000;2016-03-03T00:05:58.000000;e405a153-44fb-41bd-a2ba-e1d90dc9858c;423.06;0.36149337;UNKNOWN
2016-03-03T00:05:58.000000;2016-03-03T00:05:58.000000;d2b3f04d-8d06-4678-b23c-33e0f1d27bb8;423.06;0.24529814;UNKNOWN
2016-03-03T00:05:58.000000;2016-03-03T00:05:58.000000;0b893725-fb17-4f4e-ba59-55a405ccc7a1;423.06;0.07036086;UNKNOWN
2016-03-03T00:05:58.000000;2016-03-03T00:05:58.000000;5ee10e65-3e6e-4adf-b32a-8903bd26a635;423.06;0.06591042;UNKNOWN
2016-03-03T00:05:59.000000;2016-03-03T00:05:59.000000;775f3c03-f0ec-4620-bf6e-41e3d6610acb;423.15;0.03;UNKNOWN
2016-03-03T00:05:59.000000;2016-03-03T00:05:59.000000;f727db75-0170-43c8-afec-cdda777ff3c7;424.0;3.0;UNKNOWN
2016-03-03T00:05:59.000000;2016-03-03T00:05:59.000000;ba19cdff-8647-4b19-b6f6-93c3d59eb294;423.06;0.32005438;UNKNOWN
2016-03-03T00:05:59.000000;2016-03-03T00:05:59.000000;0700df02-43e2-4f5d-9bd4-c6971661686f;423.06;0.37021524;UNKNOWN
