time_exchange;time_coinpai;guid;price;base_amount;taker_side
2016-03-03T00:00:01.783000;2016-03-03T00:00:01.840000;e895b64f-343d-4867-a8c9-16c14e599ea9;420.44;0.01;BUY
2016-03-03T00:00:01.783000;2016-03-03T00:00:01.853000;df4ef6f5-b980-4870-babd-ca963ab9d6f8;420.44;0.112;BUY
2016-03-03T00:00:01.783000;2016-03-03T00:00:01.853000;715d0c35-4f27-402c-ada5-11dfc40c67cb;420.45;0.01;BUY
2016-03-03T00:00:01.783000;2016-03-03T00:00:01.873000;68198bf1-2453-4798-af80-d0a294be2bee;420.45;0.01;BUY
2016-03-03T00:00:01.783000;2016-03-03T00:00:01.873000;d72f974b-088a-4362-a3e2-de21a34cc89c;420.49;0.01;BUY
2016-03-03T00:00:01.783000;2016-03-03T00:00:01.873000;0ae08d67-3c4d-4818-9297-4577b627ccf0;420.49;0.01;BUY
2016-03-03T00:00:01.783000;2016-03-03T00:00:01.873000;e79e8e89-3ea9-4ee2-9916-af6284a1eac1;420.49;0.082;BUY
2016-03-03T00:00:01.783000;2016-03-03T00:00:01.890000;f80b4379-a1dc-4611-b7b6-4cc939eddc7e;420.5;0.01909505;BUY
2016-03-03T00:00:01.783000;2016-03-03T00:00:01.890000;3e5b8ee5-5c2a-41cc-a83d-f8d40a183cf8;420.52;0.01;BUY
2016-03-03T00:00:01.783000;2016-03-03T00:00:01.890000;56957e82-ccf7-4e41-903b-d52ff3800392;420.52;0.2;BUY
2016-03-03T00:00:01.783000;2016-03-03T00:00:01.890000;f57fa4a8-ec03-4e74-acb6-971b2e744c7a;420.54;0.12;BUY
2016-03-03T00:00:01.783000;2016-03-03T00:00:01.890000;431b92d5-6d24-4556-bcd8-01bccdc49620;420.56;0.36799989;BUY
2016-03-03T00:00:01.783000;2016-03-03T00:00:01.907000;5f5d027d-576f-47bf-adc9-fb7381665ee4;420.56;2.64562506;BUY
2016-03-03T00:00:11.167000;2016-03-03T00:00:11.223000;55de0170-e0de-4641-bcc8-af79adc7e5c1;420.52;0.01;SELL
2016-03-03T00:00:11.170000;2016-03-03T00:00:11.240000;905a5dd1-5763-4c82-ba6c-395cddd2907a;420.52;0.01;SELL
2016-03-03T00:00:11.170000;2016-03-03T00:00:11.240000;bd2518a2-7df0-4da1-96d8-9563844edd31;420.52;0.08;SELL
2016-03-03T00:00:14.843000;2016-03-03T00:00:14.897000;fae56ee0-2a2a-4e66-b2fc-143d51b974f1;420.52;0.064;SELL
2016-03-03T00:00:14.843000;2016-03-03T00:00:14.917000;f2c95e22-d544-43d6-b351-8827490ee1d5;420.52;0.203;SELL
2016-03-03T00:00:14.843000;2016-03-03T00:00:14.917000;b254414a-0a77-4623-88eb-968a0e07a2fa;420.51;0.01;SELL
2016-03-03T00:00:14.843000;2016-03-03T00:00:14.937000;49a444cc-7117-410a-affc-fdf071997d34;420.5;0.01;SELL
2016-03-03T00:00:14.843000;2016-03-03T00:00:14.953000;c3cd009e-b6f7-47da-a3d4-6db2826f27ea;420.5;0.01;SELL
2016-03-03T00:00:14.843000;2016-03-03T00:00:14.953000;60299329-dfc7-466e-97d6-4b8b583f976d;420.5;0.0115;SELL
2016-03-03T00:00:16.077000;2016-03-03T00:00:16.130000;8c8964ab-a4ba-4141-9583-5700a0fd088c;420.52;0.04115988;BUY
2016-03-03T00:00:18.513000;2016-03-03T00:00:18.567000;fe115c89-5f8c-480b-9e0d-b20c71b3f46b;420.49;0.01;SELL
2016-03-03T00:00:18.513000;2016-03-03T00:00:18.590000;347b8568-3f16-451d-a10e-8cf109ad3e8a;420.48;0.01;SELL
2016-03-03T00:00:23.883000;2016-03-03T00:00:23.940000;0aacfd4c-dee6-446e-b9f1-89e3f6679413;420.49;0.01;SELL
2016-03-03T00:00:23.883000;2016-03-03T00:00:23.953000;7ca750d3-5320-4de3-8f87-b6dd2bcae3ee;420.48;0.01;SELL
2016-03-03T00:00:24.303000;2016-03-03T00:00:24.353000;b95542e2-5b28-47c3-be15-985644a09322;420.5;0.01;SELL
2016-03-03T00:00:26.370000;2016-03-03T00:00:26.427000;ef05a071-f0b6-4676-9951-2591c938c446;420.48;0.01;SELL
2016-03-03T00:00:26.370000;2016-03-03T00:00:26.443000;aadd4077-42a7-4f02-b7c2-ad654006d8bc;420.47;0.01;SELL
2016-03-03T00:00:26.370000;2016-03-03T00:00:26.443000;a09a063c-7ea2-4fce-9eac-dbc55b7dda34;420.47;0.28;SELL
2016-03-03T00:00:31.700000;2016-03-03T00:00:31.773000;b4379eb6-1d00-43c2-b660-874e9c8aa2a4;420.49;0.01;SELL
2016-03-03T00:00:31.700000;2016-03-03T00:00:31.773000;27434548-55da-4e79-969c-b94ccc6854bc;420.47;0.0343;SELL
2016-03-03T00:00:37.287000;2016-03-03T00:00:37.340000;87b90fc7-8378-4f56-8d39-00b1af8aefa2;420.47;1.26956686;SELL
2016-03-03T00:00:57.040000;2016-03-03T00:00:57.093000;b78424f6-b7e1-479a-97ed-33733a28891d;420.47;0.10632408;BUY
2016-03-03T00:01:01.723000;2016-03-03T00:01:01.780000;212df04e-b5e8-4076-8230-c4ac3d79e0e6;420.47;1.538;BUY
2016-03-03T00:01:01.723000;2016-03-03T00:01:01.780000;b27b176b-25bd-4544-9a1e-78198e042b65;420.47;0.09764;BUY
2016-03-03T00:01:10.563000;2016-03-03T00:01:10.637000;d1fb81ac-208f-46be-996d-93ed92152f98;420.47;0.01;SELL
2016-03-03T00:01:10.563000;2016-03-03T00:01:10.637000;10acf6b2-d0b2-4e08-9f87-da389ddef8fc;420.46;0.002;SELL
2016-03-03T00:01:23.380000;2016-03-03T00:01:23.433000;6cd372d9-d8d6-43cd-b7ad-0769658c5af5;420.48;0.01186151;BUY
2016-03-03T00:01:31.607000;2016-03-03T00:01:31.660000;c9bd1009-01b4-4006-991e-bb0c34c319cd;420.48;4.98813849;BUY
2016-03-03T00:01:31.607000;2016-03-03T00:01:31.680000;eb815097-c749-41e8-9e09-64073a1196ae;420.48;1.08084151;BUY
2016-03-03T00:01:48.477000;2016-03-03T00:01:48.527000;87bdfa99-812d-4dba-8c48-3ee43ce8dfa3;420.48;0.01;SELL
2016-03-03T00:01:48.477000;2016-03-03T00:01:48.543000;80eefbe7-cb5d-4968-8cd8-ffc8b82c122c;420.47;0.004;SELL
2016-03-03T00:02:01.447000;2016-03-03T00:02:01.493000;6bbb7b01-2063-43f9-98b3-e7cfdf67552d;420.48;0.47134;BUY
2016-03-03T00:02:22.093000;2016-03-03T00:02:22.140000;4f90ac60-fe2b-42bc-8d85-860de1e8e791;420.48;0.01186151;BUY
2016-03-03T00:02:32.263000;2016-03-03T00:02:32.310000;6492f431-60c0-4ff1-9ea5-63425620b03b;420.48;0.22704;BUY
2016-03-03T00:02:34.437000;2016-03-03T00:02:34.483000;3d44b82b-1fcf-4ab5-8fda-f7bc3305cd0b;420.47;0.006;SELL
2016-03-03T00:02:34.437000;2016-03-03T00:02:34.503000;6d4c102a-1417-414e-ad02-a281d0108004;420.47;0.006;SELL
2016-03-03T00:03:01.550000;2016-03-03T00:03:01.593000;ac031763-6fe2-458e-a0c5-6a07b776b0f1;420.48;0.01;BUY
2016-03-03T00:03:01.550000;2016-03-03T00:03:01.610000;ef30ed20-5d66-4d15-956c-2b49ef73999a;420.48;3.36604;BUY
2016-03-03T00:03:22.870000;2016-03-03T00:03:22.917000;92d4c99c-589f-4271-8006-8ffa2be63056;420.51;0.01;BUY
2016-03-03T00:03:22.870000;2016-03-03T00:03:22.937000;b537e19d-4933-4976-b7b0-c1ef421a9d8a;420.51;0.02;BUY
2016-03-03T00:03:32.353000;2016-03-03T00:03:32.417000;4f7314c0-309b-4167-a79c-f93dad22f491;420.53;0.01;SELL
2016-03-03T00:03:32.353000;2016-03-03T00:03:32.433000;f0918325-1c57-4c0d-8f59-71c7e39acc84;420.53;1.04;SELL
2016-03-03T00:03:32.353000;2016-03-03T00:03:32.433000;09bc7a9e-2a6e-4b92-afa9-8e75301899e3;420.53;3.2;SELL
2016-03-03T00:03:32.353000;2016-03-03T00:03:32.437000;85f06424-6f1e-4493-a4c5-1ab734234293;420.52;5.35;SELL
2016-03-03T00:03:32.353000;2016-03-03T00:03:32.437000;61bde8ba-8331-4818-82d9-b72c5b7232ff;420.5;0.2;SELL
2016-03-03T00:03:32.353000;2016-03-03T00:03:32.437000;b7749df2-d1bf-4b08-b892-f41730107212;420.5;0.2;SELL
2016-03-03T00:03:32.353000;2016-03-03T00:03:32.437000;609ee678-0cbd-47b7-a598-6d73d487935d;420.49;0.8;SELL
2016-03-03T00:03:32.353000;2016-03-03T00:03:32.437000;4f50fe8f-0975-4666-bd00-84a00cc20719;420.48;0.219;SELL
2016-03-03T00:03:32.353000;2016-03-03T00:03:32.457000;fb3080b2-7490-4928-a7d3-dec85d7fd89f;420.47;5.28;SELL
2016-03-03T00:03:32.357000;2016-03-03T00:03:32.457000;bd55b4d7-d678-4574-9fd8-4ffb9bae827c;420.46;0.008;SELL
2016-03-03T00:03:32.357000;2016-03-03T00:03:32.470000;d9391a79-95a6-45bf-8882-a59a42743875;420.46;0.01;SELL
2016-03-03T00:03:32.357000;2016-03-03T00:03:32.470000;69a2acb5-1706-4960-b5bf-f60090e2a030;420.46;4.48;SELL
2016-03-03T00:03:32.357000;2016-03-03T00:03:32.470000;2d6c0eda-09dd-449f-bbf7-b28a0562412f;420.45;0.01;SELL
2016-03-03T00:03:32.357000;2016-03-03T00:03:32.470000;e05787d1-c771-404a-b0a6-0b7dc8a951b9;420.45;2.56;SELL
2016-03-03T00:03:32.357000;2016-03-03T00:03:32.470000;1ef41279-b477-4784-b364-b83fa7945004;420.44;0.01;SELL
2016-03-03T00:03:32.357000;2016-03-03T00:03:32.473000;b0e26046-68c2-4663-b593-965834026b7d;420.44;0.5375;SELL
2016-03-03T00:03:48.303000;2016-03-03T00:03:48.393000;8a481381-947d-4a7a-a959-05017624deb6;420.54;0.01;BUY
2016-03-03T00:03:48.303000;2016-03-03T00:03:48.393000;12ed5506-7928-4f5a-b9db-7f7e29cdb10c;420.57;0.01;BUY
2016-03-03T00:03:48.303000;2016-03-03T00:03:48.393000;fe4c9c4f-2bde-4e40-bbf9-13c15845fa57;420.58;0.01;BUY
2016-03-03T00:03:48.303000;2016-03-03T00:03:48.393000;b6657dc1-2da0-41db-94be-91b6743242e3;420.59;0.01;BUY
2016-03-03T00:03:48.303000;2016-03-03T00:03:48.393000;b782424a-6c47-4d6f-8bbb-ebd4334ec6bb;420.6;0.01;BUY
2016-03-03T00:03:48.303000;2016-03-03T00:03:48.393000;f4d90f91-aa37-416e-af0e-92adb7f08a37;420.61;0.01;BUY
2016-03-03T00:03:48.303000;2016-03-03T00:03:48.393000;c01fba83-a52d-40c8-bb8a-8bc35deeb59c;420.61;0.01;BUY
2016-03-03T00:03:48.303000;2016-03-03T00:03:48.420000;2cebc32c-e0f8-41f3-bf46-265635ffc638;420.61;0.01;BUY
2016-03-03T00:03:48.303000;2016-03-03T00:03:48.420000;fb77e1e5-c23e-45a9-89b0-d3e33a43b0da;420.62;0.01;BUY
2016-03-03T00:03:48.303000;2016-03-03T00:03:48.420000;d84df60d-e91d-434e-a8af-a2ac00e128f3;420.62;0.01;BUY
2016-03-03T00:03:48.303000;2016-03-03T00:03:48.420000;d46a992f-cdb1-47e0-9e67-467e3f41c8c1;420.63;0.01;BUY
2016-03-03T00:03:48.303000;2016-03-03T00:03:48.420000;1d783a97-f5ca-4321-b2a1-70c8872ac289;420.63;0.01;BUY
2016-03-03T00:03:48.303000;2016-03-03T00:03:48.420000;0e705381-de32-49d3-a59e-12b8b58586ce;420.64;0.01;BUY
2016-03-03T00:03:48.303000;2016-03-03T00:03:48.420000;6e3f8fee-2347-4f0d-aa56-f84b2b0ef6a6;420.64;0.01;BUY
2016-03-03T00:03:48.303000;2016-03-03T00:03:48.420000;6ce92c98-2c55-4fdb-969f-6c83010b2127;420.64;0.2;BUY
2016-03-03T00:03:48.303000;2016-03-03T00:03:48.437000;b9fde14e-79b6-4e16-a99f-a47e7ebd7f76;420.64;0.01;BUY
2016-03-03T00:03:48.303000;2016-03-03T00:03:48.437000;b2481dca-89d3-4ef7-b73f-8a2563d4a72c;420.65;0.01;BUY
2016-03-03T00:03:48.307000;2016-03-03T00:03:48.437000;3886c2df-9a4d-4b2a-bf1e-97db415dac1c;420.65;0.01;BUY
2016-03-03T00:03:48.307000;2016-03-03T00:03:48.437000;f190c705-a987-4f79-a28a-526344a30e2b;420.65;0.118;BUY
2016-03-03T00:03:48.307000;2016-03-03T00:03:48.457000;0a3d22d5-c640-4f15-bfbf-25cbd6798296;420.66;0.01;BUY
2016-03-03T00:03:48.307000;2016-03-03T00:03:48.457000;8fe72fa6-9aba-4bf3-b3e9-572372948232;420.66;0.01;BUY
2016-03-03T00:03:48.307000;2016-03-03T00:03:48.457000;2da176b5-4c99-4d4d-a148-359889c360dd;420.67;0.01;BUY
2016-03-03T00:03:48.307000;2016-03-03T00:03:48.457000;e4cdafc9-2eb6-4ce5-95e3-b85ffab17cae;420.68;0.01;BUY
2016-03-03T00:03:48.307000;2016-03-03T00:03:48.473000;b479e20d-d987-4554-98c7-c7c669743ed4;420.7;0.01;BUY
2016-03-03T00:03:48.307000;2016-03-03T00:03:48.473000;f475857b-5d2f-4a51-b920-35dec72292e0;420.7;0.01909505;BUY
2016-03-03T00:03:48.307000;2016-03-03T00:03:48.473000;ac68b6c8-f52c-480b-9faa-e7d3b604b340;420.73;1.385;BUY
2016-03-03T00:03:48.307000;2016-03-03T00:03:48.473000;f04c824b-1dbd-43dd-a543-8a694bb68d19;420.75;0.01;BUY
2016-03-03T00:03:48.307000;2016-03-03T00:03:48.473000;65442e3e-bfb0-40cc-8a66-f0202c1f4dff;420.78;1.435;BUY
2016-03-03T00:03:48.307000;2016-03-03T00:03:48.487000;03b23a87-81be-4058-ab86-d189d4226efb;420.81;0.01;BUY
2016-03-03T00:03:48.307000;2016-03-03T00:03:48.487000;b10ccd84-08da-455d-851c-d5ec271bc943;420.81;0.32290495;BUY
2016-03-03T00:03:53.180000;2016-03-03T00:03:53.237000;2c28bebc-f0c0-40e6-9c51-b76820e89153;420.8;0.01;BUY
2016-03-03T00:03:53.180000;2016-03-03T00:03:53.237000;cf9a092c-47a6-4678-81bc-4b2db69f835d;420.81;0.02;BUY
2016-03-03T00:04:01.453000;2016-03-03T00:04:01.503000;6fd5614c-4fde-4957-b4ca-26ef305451b1;420.78;7.04;SELL
2016-03-03T00:04:01.453000;2016-03-03T00:04:01.520000;59270223-8d3d-4f56-bfdf-c5ba249f460b;420.77;0.01;SELL
2016-03-03T00:04:01.453000;2016-03-03T00:04:01.520000;7b487927-046f-4ba6-9171-e0a19929f0fc;420.77;0.96;SELL
2016-03-03T00:04:01.453000;2016-03-03T00:04:01.537000;ee13f798-2bbc-4685-9cf0-4a6e328105af;420.76;0.01;SELL
2016-03-03T00:04:01.457000;2016-03-03T00:04:01.537000;eed11fcd-6460-444d-95ce-4123be0c4ed8;420.75;1.12;SELL
2016-03-03T00:04:01.457000;2016-03-03T00:04:01.553000;9966d748-45cf-4288-83e9-e20912aa11d3;420.74;0.01;SELL
2016-03-03T00:04:01.457000;2016-03-03T00:04:01.553000;4531805f-c234-49c2-a046-a0cb3d151a62;420.73;1.28;SELL
2016-03-03T00:04:01.457000;2016-03-03T00:04:01.553000;5ac2b37d-f2b8-41f6-9140-f77f11afbb69;420.72;0.01;SELL
2016-03-03T00:04:01.457000;2016-03-03T00:04:01.570000;e8ec52b8-d1d1-4fde-867a-df675ba0099d;420.72;0.64;SELL
2016-03-03T00:04:01.457000;2016-03-03T00:04:01.570000;3e5c7344-7a48-4c64-b673-26949a69c796;420.71;0.01;SELL
2016-03-03T00:04:01.457000;2016-03-03T00:04:01.573000;cd0a7a5a-5a37-4722-945b-e15ce6bec18f;420.71;0.64;SELL
2016-03-03T00:04:01.457000;2016-03-03T00:04:01.573000;44dd3c2e-6063-4224-90e1-09035bc52bf9;420.7;0.01;SELL
2016-03-03T00:04:01.457000;2016-03-03T00:04:01.573000;f94f3d6b-e81f-49af-a006-6f34c0120c5f;420.7;0.2;SELL
2016-03-03T00:04:01.457000;2016-03-03T00:04:01.573000;22c1ebf3-e213-457a-9b40-6eb0c3ffc77d;420.69;0.96;SELL
2016-03-03T00:04:01.457000;2016-03-03T00:04:01.573000;5db0b538-91ae-43b4-b1cc-3e273a24ebbb;420.68;0.01;SELL
2016-03-03T00:04:01.457000;2016-03-03T00:04:01.573000;bab2dc97-87ac-41e2-908d-676d2597cf02;420.68;0.8;SELL
2016-03-03T00:04:01.457000;2016-03-03T00:04:01.600000;6204d76d-6db9-4994-832f-363f2f1db042;420.67;0.01;SELL
2016-03-03T00:04:01.457000;2016-03-03T00:04:01.600000;7cdcfb30-e27c-4b0c-a574-6f23fec0473f;420.66;1.28;SELL
2016-03-03T00:04:01.457000;2016-03-03T00:04:01.600000;48fd1fb9-44d2-41da-92ae-4253b59a5dca;420.65;0.01;SELL
2016-03-03T00:04:01.457000;2016-03-03T00:04:01.600000;1a642034-b1f0-4c3e-8c8e-b5270e8e4630;420.65;0.01;SELL
2016-03-03T00:04:01.457000;2016-03-03T00:04:01.600000;e180b6a5-e010-4986-998b-f0f2f75fd6e2;420.65;1.12;SELL
2016-03-03T00:04:01.457000;2016-03-03T00:04:01.633000;a89541f7-5cea-4ec3-aa0a-6d6870b14f07;420.64;0.01;SELL
2016-03-03T00:04:01.457000;2016-03-03T00:04:01.633000;f5a42670-ec66-47f4-9b44-bfb7d61d4cb1;420.63;0.8;SELL
2016-03-03T00:04:01.457000;2016-03-03T00:04:01.633000;49aa2009-c9e9-4826-9087-145c7eade990;420.62;0.01;SELL
2016-03-03T00:04:01.457000;2016-03-03T00:04:01.633000;ca237536-352b-4c87-9562-b874b532aa86;420.62;0.01;SELL
2016-03-03T00:04:01.460000;2016-03-03T00:04:01.633000;0c92be4f-3a6f-4203-9712-1d709273d4d1;420.62;0.32;SELL
2016-03-03T00:04:01.460000;2016-03-03T00:04:01.633000;98dea9b4-492d-42b2-b394-3aebf67ada16;420.61;0.01;SELL
2016-03-03T00:04:01.460000;2016-03-03T00:04:01.633000;0ec533fd-1fc0-4bda-a24e-0245f54e81db;420.61;0.16;SELL
2016-03-03T00:04:01.460000;2016-03-03T00:04:01.633000;872edb1d-ebbc-4812-89b5-03ae3442b1de;420.6;0.01;SELL
2016-03-03T00:04:01.460000;2016-03-03T00:04:01.650000;66d6d462-39e6-4d9a-af3f-1948b924438d;420.6;0.32;SELL
2016-03-03T00:04:01.460000;2016-03-03T00:04:01.650000;b41d75a2-97b2-4845-adae-0f764b1e3f35;420.59;0.01;SELL
2016-03-03T00:04:01.460000;2016-03-03T00:04:01.650000;fe62aea8-1de7-40b9-966a-df43bc57c8cf;420.58;1.08;SELL
2016-03-03T00:04:01.460000;2016-03-03T00:04:01.650000;77f57c21-4320-4682-9f59-ac4ab4ee68d1;420.57;0.01;SELL
2016-03-03T00:04:01.460000;2016-03-03T00:04:01.650000;9e31f43f-bb6f-40b4-9b87-eeb8d0ed007c;420.57;0.01;SELL
2016-03-03T00:04:01.460000;2016-03-03T00:04:01.650000;2b4fc2dc-b84b-4ca1-8d9c-e714f302b1ae;420.56;2.08;SELL
2016-03-03T00:04:01.460000;2016-03-03T00:04:01.650000;b4c28c2d-afc6-44c6-b38b-177d537c1f8d;420.55;0.01;SELL
2016-03-03T00:04:01.460000;2016-03-03T00:04:01.650000;d8a9a930-26a7-4ab3-90fb-19e540ef4dba;420.55;0.01;SELL
2016-03-03T00:04:01.460000;2016-03-03T00:04:01.663000;b1bea437-3d7f-4f13-bf70-fdc9f67a3d93;420.55;0.01;SELL
2016-03-03T00:04:01.460000;2016-03-03T00:04:01.663000;2b0089e3-83d6-4739-8050-41cb9e638593;420.55;0.70693;SELL
2016-03-03T00:04:05.613000;2016-03-03T00:04:05.657000;10c59efd-aede-4c0a-ae0c-3496bc1df7f1;420.77;0.01;BUY
2016-03-03T00:04:05.613000;2016-03-03T00:04:05.673000;af4fba02-6e1d-4eee-ab49-3bb647688c60;420.77;0.01;BUY
2016-03-03T00:04:05.613000;2016-03-03T00:04:05.710000;72f2ec34-0813-4175-867f-6694a97db86d;420.78;0.01;BUY
2016-03-03T00:04:05.613000;2016-03-03T00:04:05.710000;a4444b44-d2a3-4cd3-8ba3-372ba3ac6e89;420.78;0.01;BUY
2016-03-03T00:04:05.613000;2016-03-03T00:04:05.710000;dfb6f7df-2177-4adb-8186-85d7d92c80e2;420.78;0.01;BUY
2016-03-03T00:04:05.613000;2016-03-03T00:04:05.710000;08e8f72f-c102-4807-80bc-358fcef43aae;420.79;0.01;BUY
2016-03-03T00:04:05.613000;2016-03-03T00:04:05.710000;8865ba48-559a-454c-857d-7a16f5c21eaf;420.79;0.01;BUY
2016-03-03T00:04:05.613000;2016-03-03T00:04:05.710000;3e2bbebb-e4ac-48d5-bbbe-71095b491c83;420.79;0.01;BUY
2016-03-03T00:04:05.613000;2016-03-03T00:04:05.710000;5436c5dd-fa3e-470b-9c1d-8a42c08fc9ba;420.8;0.01;BUY
2016-03-03T00:04:05.613000;2016-03-03T00:04:05.710000;3db28342-82c6-4b9e-ab29-79efa1de9c87;420.8;0.01;BUY
2016-03-03T00:04:05.613000;2016-03-03T00:04:05.710000;287f4065-089d-4143-85be-a1c149d29dd2;420.8;0.01;BUY
2016-03-03T00:04:05.613000;2016-03-03T00:04:05.723000;e671a271-b971-466b-a69c-f36f3aa279f7;420.81;0.85239;BUY
2016-03-03T00:04:05.627000;2016-03-03T00:04:05.723000;4b880b1a-459b-48a3-a527-40dcfa99516c;420.81;0.16861;BUY
2016-03-03T00:04:05.630000;2016-03-03T00:04:05.727000;bd1bd34e-f7cb-4086-abe7-285ae7b09eaf;420.81;0.172128;BUY
2016-03-03T00:04:05.660000;2016-03-03T00:04:05.763000;7981ee35-4d26-407b-9189-06ebeb6c36cc;420.81;0.02951381;BUY
2016-03-03T00:04:05.670000;2016-03-03T00:04:05.767000;ff312da1-afaf-40a5-8e4c-d23e69bb39d0;420.81;0.21045324;BUY
2016-03-03T00:04:05.670000;2016-03-03T00:04:05.767000;ae661ea4-3886-4316-9309-438b31538378;420.81;0.01;BUY
2016-03-03T00:04:05.670000;2016-03-03T00:04:05.767000;2df733fd-ea87-43d6-a4b7-9d02e961f13b;420.81;0.122;BUY
2016-03-03T00:04:05.670000;2016-03-03T00:04:05.767000;a64e9ea4-b43e-4ecd-a12d-22407612a1e9;420.82;0.01;BUY
2016-03-03T00:04:05.670000;2016-03-03T00:04:05.767000;dbe2507d-058d-486a-9038-0e25ed6996cd;420.82;0.01;BUY
2016-03-03T00:04:05.670000;2016-03-03T00:04:05.767000;0e311371-577b-43a0-a60a-5c235b6ea015;420.83;0.01;BUY
2016-03-03T00:04:05.670000;2016-03-03T00:04:05.767000;6b47eabc-03e8-4f36-88f3-ea8c8417e4fe;420.83;0.01;BUY
2016-03-03T00:04:05.670000;2016-03-03T00:04:05.767000;560cc3ba-5f3e-45c1-8f1b-13b1ae1c44fa;420.84;0.01;BUY
2016-03-03T00:04:05.670000;2016-03-03T00:04:05.767000;3200fff7-6c4e-487c-a64f-1e951e0cc4b0;420.84;0.02;BUY
2016-03-03T00:04:05.670000;2016-03-03T00:04:05.770000;9dcace3c-ae52-48e4-abd1-35317e39a260;420.85;0.01;BUY
2016-03-03T00:04:05.670000;2016-03-03T00:04:05.793000;f8026486-bd75-4441-80a9-58728d47a39f;420.85;0.01;BUY
2016-03-03T00:04:05.670000;2016-03-03T00:04:05.793000;d626b0ff-6ca8-4c1f-8ee1-191fe2807ff2;420.85;0.01;BUY
2016-03-03T00:04:05.670000;2016-03-03T00:04:05.793000;1c3d4358-e603-48bd-b653-a760ab229ae4;420.85;0.01;BUY
2016-03-03T00:04:05.670000;2016-03-03T00:04:05.793000;fb6b7dbb-4f27-4559-b280-1cca5b7df5b2;420.85;0.44864995;BUY
2016-03-03T00:04:30.710000;2016-03-03T00:04:30.767000;b527ae5d-f529-419d-8cff-31c05d088bcc;420.88;0.01;BUY
2016-03-03T00:04:30.710000;2016-03-03T00:04:30.770000;db4bfbfa-01b8-4b59-b2e3-533f62e4d960;420.89;0.01;BUY
2016-03-03T00:04:30.710000;2016-03-03T00:04:30.790000;6ed717f0-6705-4288-8d8c-09378435032c;420.89;0.01;BUY
2016-03-03T00:04:30.710000;2016-03-03T00:04:30.790000;5ae26878-d5d4-4fbc-a1a9-1df57a81f980;420.9;0.01815207;BUY
2016-03-03T00:04:30.710000;2016-03-03T00:04:30.790000;27b55b14-5a5f-4316-811c-6c2b61190c55;420.9;0.01;BUY
2016-03-03T00:04:30.710000;2016-03-03T00:04:30.790000;3d0aa696-3910-4249-a795-96fa73bfe5c1;420.91;0.39;BUY
2016-03-03T00:04:30.710000;2016-03-03T00:04:30.790000;2968296e-dbd6-4735-acea-8d81a4d9d626;420.92;0.01;BUY
2016-03-03T00:04:30.710000;2016-03-03T00:04:30.790000;1344dc22-b24a-4835-9ed5-f224488503f6;420.92;0.9455;BUY
2016-03-03T00:04:30.710000;2016-03-03T00:04:30.803000;bac283b8-c7c3-46bd-947f-7987cc02599c;420.93;1.401;BUY
2016-03-03T00:04:30.710000;2016-03-03T00:04:30.803000;b7c4eecf-a807-4e72-b04b-66d256ceea21;420.95;0.01;BUY
2016-03-03T00:04:30.710000;2016-03-03T00:04:30.803000;e048ae23-0787-4ce6-8b3e-d0faa741ac0b;420.95;0.01;BUY
2016-03-03T00:04:30.710000;2016-03-03T00:04:30.820000;ca15b7d0-8df6-42a0-b6b5-ac15ae511161;420.95;0.2;BUY
2016-03-03T00:04:30.710000;2016-03-03T00:04:30.820000;7fe9502a-3a55-4c1e-92c3-973d27f17149;420.98;0.01;BUY
2016-03-03T00:04:30.710000;2016-03-03T00:04:30.820000;112f029d-56fb-49e5-8142-47f1402a04a3;420.98;1.405;BUY
2016-03-03T00:04:30.710000;2016-03-03T00:04:30.820000;9cfdf523-ef06-4d80-8309-efe71ed948c1;421.0;1.03990793;BUY
2016-03-03T00:04:30.773000;2016-03-03T00:04:30.967000;b11e8f7e-b8c4-4467-83e8-8628adc7e348;420.86;0.23701616;BUY
2016-03-03T00:04:31.447000;2016-03-03T00:04:31.493000;5ba535cf-c5c3-48e4-a484-1f0a311e09bc;420.99;0.30159;BUY
2016-03-03T00:05:01.623000;2016-03-03T00:05:01.670000;da375efe-f6f0-47e9-8dfa-d55a8b67d74d;420.98;0.2;SELL
2016-03-03T00:05:01.623000;2016-03-03T00:05:01.687000;5c6e0fb8-b724-49c1-bc86-2a16cd42966c;420.98;0.5914943;SELL
2016-03-03T00:05:01.623000;2016-03-03T00:05:01.703000;ee400b0f-d56d-4b51-b1d2-7a8c6c40c355;420.98;0.08235535;SELL
2016-03-03T00:05:01.623000;2016-03-03T00:05:01.703000;7670f1c2-3055-4e06-be0e-5883089ad4a4;420.98;0.03231696;SELL
2016-03-03T00:05:01.623000;2016-03-03T00:05:01.703000;18241474-41ee-4690-be28-ace91b8edce3;420.93;0.1;SELL
2016-03-03T00:05:01.623000;2016-03-03T00:05:01.783000;cbbc4702-86e3-48df-9397-01b749917bc7;420.92;0.01;SELL
2016-03-03T00:05:01.623000;2016-03-03T00:05:01.787000;1de4facb-91bc-4f27-8814-ddb208d23fa5;420.91;0.01;SELL
2016-03-03T00:05:01.623000;2016-03-03T00:05:01.787000;c605fdb0-5a40-4220-b99d-8d457c079af2;420.9;0.01;SELL
2016-03-03T00:05:01.623000;2016-03-03T00:05:01.787000;aa598977-b47d-4650-bc8f-96f2f449bfa5;420.89;0.01;SELL
2016-03-03T00:05:01.623000;2016-03-03T00:05:01.787000;c15f8b74-5936-49ab-8c9b-0f7f58b5e9b5;420.89;0.2;SELL
2016-03-03T00:05:01.623000;2016-03-03T00:05:01.787000;990a0b0d-f8bc-4859-8d3c-2bffa5a4b1e9;420.88;0.01;SELL
2016-03-03T00:05:01.623000;2016-03-03T00:05:01.787000;2515486c-180d-44fb-9dce-1cf1d9de9a71;420.87;0.01;SELL
2016-03-03T00:05:01.623000;2016-03-03T00:05:01.787000;c48e32cd-6b03-4d00-9bcc-cbcbaa9d5a6f;420.86;0.01;SELL
2016-03-03T00:05:01.623000;2016-03-03T00:05:01.787000;740dad3a-d38c-4a8f-b8df-ffff9379c9ac;420.86;0.01;SELL
2016-03-03T00:05:01.623000;2016-03-03T00:05:01.787000;927c9c1a-fee7-4a3f-9493-e5dea2d67e4b;420.85;0.01;SELL
2016-03-03T00:05:01.623000;2016-03-03T00:05:01.807000;7650202b-9188-4c9f-9cec-a168f6f697c5;420.84;0.01;SELL
2016-03-03T00:05:01.623000;2016-03-03T00:05:01.807000;b3cf094e-2c0f-41b1-ba4e-7bbc4581939c;420.83;0.01;SELL
2016-03-03T00:05:01.623000;2016-03-03T00:05:01.807000;0cd5fbb6-5583-4294-8c3e-002cee8c26ab;420.82;0.01;SELL
2016-03-03T00:05:01.627000;2016-03-03T00:05:01.807000;db942dcc-0778-4c99-bf23-1344079b53cd;420.82;0.01;SELL
2016-03-03T00:05:01.627000;2016-03-03T00:05:01.807000;22beb8ae-d05f-4b3b-a3b8-592ca245f22f;420.82;0.01;SELL
2016-03-03T00:05:01.627000;2016-03-03T00:05:01.823000;5ab9123e-7bd7-45be-acf2-b57423821aca;420.81;0.01;SELL
2016-03-03T00:05:01.627000;2016-03-03T00:05:01.823000;09ae50be-be42-4af3-a6a0-c6c65c527068;420.81;0.01;SELL
2016-03-03T00:05:01.627000;2016-03-03T00:05:01.823000;00d3fd73-dfe6-41a8-af33-b0ee04a07bb0;420.8;0.01;SELL
2016-03-03T00:05:01.627000;2016-03-03T00:05:01.823000;f0cb8c04-75a7-4f53-abbb-f18858c02f17;420.8;3.0;SELL
2016-03-03T00:05:01.627000;2016-03-03T00:05:01.823000;7bb2a1b8-ca3b-4875-8f1c-384b043e7481;420.8;0.01;SELL
2016-03-03T00:05:01.627000;2016-03-03T00:05:01.823000;2659908c-c8eb-4ab0-965a-793c8fbda3fa;420.8;0.01;SELL
2016-03-03T00:05:01.627000;2016-03-03T00:05:01.827000;6d8d713f-f15d-4af2-90dd-a547fbc29eef;420.79;0.01;SELL
2016-03-03T00:05:01.627000;2016-03-03T00:05:01.827000;a1721600-01aa-4a20-9d9d-3fd00d5a3db4;420.79;0.01;SELL
2016-03-03T00:05:01.627000;2016-03-03T00:05:01.827000;245eabf1-81fb-4381-b7ad-0d97cdf74f8c;420.79;0.01;SELL
2016-03-03T00:05:01.627000;2016-03-03T00:05:01.827000;d383d531-8ad0-4250-840c-dbe1cbcab8b3;420.78;0.01;SELL
2016-03-03T00:05:01.627000;2016-03-03T00:05:01.827000;41b9a8cc-5f4e-4d8a-920f-d245c7d10bc0;420.78;0.34;SELL
2016-03-03T00:05:01.627000;2016-03-03T00:05:01.827000;44d2d767-481b-4342-891b-da1f5d166552;420.77;0.01;SELL
2016-03-03T00:05:01.627000;2016-03-03T00:05:01.827000;87ddbdb1-363b-45d7-aab1-72662a206c84;420.76;0.01;SELL
2016-03-03T00:05:01.627000;2016-03-03T00:05:01.853000;74c15c31-854a-4038-be32-f176e806b7b5;420.76;0.01;SELL
2016-03-03T00:05:01.627000;2016-03-03T00:05:01.870000;731cb996-52f0-4511-a9a9-ba7b0778cfbf;420.76;0.231;SELL
2016-03-03T00:05:01.627000;2016-03-03T00:05:01.870000;6d7f787e-524e-479b-a0f8-ad9f22e5267d;420.72;0.01;SELL
2016-03-03T00:05:01.627000;2016-03-03T00:05:01.870000;d387d048-072e-4e2e-b611-3f0689f62469;420.71;0.01;SELL
2016-03-03T00:05:01.627000;2016-03-03T00:05:01.870000;69b3cba0-ca65-480e-b2c4-b9cae6586b62;420.71;0.01;SELL
2016-03-03T00:05:01.627000;2016-03-03T00:05:01.870000;b0148aef-fa6b-4ebd-b983-907c2fe2e6f9;420.62;1.08816339;SELL
2016-03-03T00:05:32.427000;2016-03-03T00:05:32.477000;ea177833-c80a-48d0-bac1-1a58de0cecad;420.84;5.06;BUY
2016-03-03T00:05:32.427000;2016-03-03T00:05:32.477000;101f5839-216a-41ef-88d7-96f0bbeff0c0;420.88;0.35;BUY
2016-03-03T00:05:32.427000;2016-03-03T00:05:32.493000;1dc1054f-0658-4b0b-a011-8f862ddc5b8b;420.9;1.122;BUY
2016-03-03T00:05:32.427000;2016-03-03T00:05:32.493000;91bfbc44-2afa-4681-86de-fcec0f168539;420.9;3.36;BUY
2016-03-03T00:05:32.427000;2016-03-03T00:05:32.493000;105433ac-5f5a-473c-a212-1eb9b8acfe64;420.91;0.2;BUY
2016-03-03T00:05:32.427000;2016-03-03T00:05:32.513000;2b8adee4-48a3-4275-aac4-73dd6624146f;420.93;5.03152;BUY
2016-03-03T00:05:58.523000;2016-03-03T00:05:58.567000;8faab20d-8864-4cb8-95d4-d13b6ab8e7c7;420.94;0.01;BUY
2016-03-03T00:05:58.523000;2016-03-03T00:05:58.587000;373744ad-daa4-4119-8160-95be331a5de0;420.95;0.01;BUY
2016-03-03T00:05:58.523000;2016-03-03T00:05:58.587000;0af5fe12-f68c-4d9d-86bd-0686f6814efa;420.95;0.01;BUY
2016-03-03T00:05:58.523000;2016-03-03T00:05:58.610000;f009cf24-52ba-4d7d-8bc7-81cb89a70ab8;420.95;0.01;BUY
2016-03-03T00:05:58.523000;2016-03-03T00:05:58.610000;a48ea3e7-1d75-410e-8139-a963bf5a7254;420.96;0.01;BUY
2016-03-03T00:05:58.523000;2016-03-03T00:05:58.610000;d1295158-8850-482f-9a7c-7eccf085d758;420.96;0.01;BUY
2016-03-03T00:05:58.523000;2016-03-03T00:05:58.610000;083cd40c-85b0-4ecd-9500-cf96d8a7159a;420.96;0.01;BUY
2016-03-03T00:05:58.523000;2016-03-03T00:05:58.610000;b50c5e9f-2e0a-4a69-a8f9-d6d14b9ee3a6;420.97;0.01;BUY
2016-03-03T00:05:58.523000;2016-03-03T00:05:58.610000;8ec80887-fc2f-4dbe-819c-a70ead0a166a;420.97;0.01;BUY
2016-03-03T00:05:58.523000;2016-03-03T00:05:58.610000;e0231b83-5eb8-4074-8ab8-55b256a3c13b;420.97;0.01;BUY
2016-03-03T00:05:58.523000;2016-03-03T00:05:58.610000;741055f8-8d85-4917-9280-9e5e363dd6ca;420.97;0.01;BUY
2016-03-03T00:05:58.523000;2016-03-03T00:05:58.610000;9d5bc89b-c7f4-4d86-b8b1-b8a194a27a72;420.98;0.01;BUY
2016-03-03T00:05:58.523000;2016-03-03T00:05:58.627000;834549be-4fdf-4a05-816b-70cdf042a5ed;420.98;0.01;BUY
2016-03-03T00:05:58.523000;2016-03-03T00:05:58.627000;e25d83ca-cbe4-4b7a-b266-668209c23f72;420.98;0.01;BUY
2016-03-03T00:05:58.527000;2016-03-03T00:05:58.627000;ba88a2b1-d3e9-4de2-a6f0-42185d5bfe3d;420.98;0.01;BUY
2016-03-03T00:05:58.527000;2016-03-03T00:05:58.627000;0f91b019-9120-4fa0-bf4e-b84e4aa97e2c;420.98;0.01;BUY
2016-03-03T00:05:58.527000;2016-03-03T00:05:58.653000;cbb04c66-b59d-47d4-95ef-733689aa7b97;420.98;0.01;BUY
2016-03-03T00:05:58.527000;2016-03-03T00:05:58.670000;a7aa5124-50d7-47f9-92ee-6f87ed36b6b6;420.99;0.01;BUY
2016-03-03T00:05:58.527000;2016-03-03T00:05:58.670000;0800db75-b6a9-4727-9e70-ec0f5848cdf1;420.99;0.01;BUY
2016-03-03T00:05:58.527000;2016-03-03T00:05:58.670000;419b0485-cfd4-469d-905b-19ba9e2b15ec;420.99;1.01;BUY
2016-03-03T00:05:58.527000;2016-03-03T00:05:58.673000;bc144022-4268-43b2-87b3-bcdf553dcbd3;421.0;15.689;BUY
2016-03-03T00:06:01.277000;2016-03-03T00:06:01.317000;81f9fbde-7482-47a8-b4cb-109a82f42642;421.0;3.27109207;BUY
2016-03-03T00:06:01.277000;2016-03-03T00:06:01.337000;7d05ff5f-f19f-447d-a380-92af07f4a11b;421.0;0.01;BUY
2016-03-03T00:06:01.277000;2016-03-03T00:06:01.340000;2e6b4de6-cfc1-4bd1-8664-37a57f6905af;421.0;0.01;BUY
2016-03-03T00:06:01.277000;2016-03-03T00:06:01.340000;4874a560-242e-482f-a216-b3f421b4421f;421.0;0.01;BUY
2016-03-03T00:06:01.493000;2016-03-03T00:06:01.540000;672729e7-52b6-47cb-8497-7ce4a971db0d;420.98;3.3066;SELL
2016-03-03T00:06:03.577000;2016-03-03T00:06:03.627000;076db561-19ed-4811-8b07-1f6505d191bc;421.01;0.01;BUY
2016-03-03T00:06:03.577000;2016-03-03T00:06:03.657000;f9ff32df-65a7-4521-8e66-1d0a521ab417;421.02;0.01;BUY
2016-03-03T00:06:03.577000;2016-03-03T00:06:03.657000;404a52d6-f52d-4594-ada9-c260c213f7e5;421.02;0.01;BUY
2016-03-03T00:06:03.577000;2016-03-03T00:06:03.657000;2f1831a4-ccee-4db1-9946-062267466c52;421.03;0.01;BUY
2016-03-03T00:06:03.577000;2016-03-03T00:06:03.683000;3f9bcbe3-c71b-4951-895f-2cc599c59048;421.04;0.01;BUY
2016-03-03T00:06:03.580000;2016-03-03T00:06:03.683000;e69f2aa6-957b-49e0-bcdd-e70738a6c5c9;421.04;0.01;BUY
2016-03-03T00:06:03.580000;2016-03-03T00:06:03.683000;25448bce-e2af-45bc-bf1d-a6e3228e861e;421.04;0.01;BUY
2016-03-03T00:06:03.580000;2016-03-03T00:06:03.687000;2b937f27-2b72-406d-b228-6de39f48fe7f;421.04;0.01;BUY
2016-03-03T00:06:03.580000;2016-03-03T00:06:03.687000;81d42f17-3d3c-4a89-986d-969eca2e935d;421.04;0.01;BUY
2016-03-03T00:06:03.580000;2016-03-03T00:06:03.687000;d39a38b3-44ad-48ea-971a-4e87c6fe22e0;421.05;0.01;BUY
2016-03-03T00:06:03.580000;2016-03-03T00:06:03.687000;53a0b5d7-f554-4cbd-a99f-9d1f7fd96e4a;421.06;0.01;BUY
2016-03-03T00:06:03.580000;2016-03-03T00:06:03.687000;2667dc79-5742-4049-a95d-24f7a424d0a2;421.08;0.01;BUY
2016-03-03T00:06:03.580000;2016-03-03T00:06:03.687000;84776c71-2580-4bfc-a283-881808ff8732;421.1;0.01909505;BUY
2016-03-03T00:06:03.580000;2016-03-03T00:06:03.687000;ee4bcca2-da69-477e-9759-bce79e0a81eb;421.1;0.2;BUY
2016-03-03T00:06:16.987000;2016-03-03T00:06:17.060000;17fae2c5-4eed-4333-a533-e5d291abbbfb;421.22;0.01;BUY
2016-03-03T00:06:16.987000;2016-03-03T00:06:17.060000;50365836-b05f-4459-96b8-bc7df35a5f93;421.24;0.01;BUY
2016-03-03T00:06:16.987000;2016-03-03T00:06:17.060000;0084aa48-25dc-43b9-8334-88e6c6eeab0a;421.27;0.01;BUY
2016-03-03T00:06:16.987000;2016-03-03T00:06:17.060000;20473de6-e691-4587-a94d-688d5f80ecae;421.27;0.01;BUY
2016-03-03T00:06:16.987000;2016-03-03T00:06:17.060000;fba6ec45-e583-4834-9fc1-19349338eb88;421.3;0.01909505;BUY
2016-03-03T00:06:16.987000;2016-03-03T00:06:17.060000;adc1cba8-2f26-4e9b-81b5-78fa3bf7a833;421.32;0.2;BUY
2016-03-03T00:06:16.987000;2016-03-03T00:06:17.060000;26d4cce5-c6c3-4712-aa8a-6ac2370a7d25;421.34;0.02;BUY
2016-03-03T00:06:16.987000;2016-03-03T00:06:17.060000;ee822535-3c5f-451a-bc0b-89c0587f987b;421.45;0.22090495;BUY
2016-03-03T00:06:31.450000;2016-03-03T00:06:31.503000;db2640a1-8063-4f5d-9de9-74fac8a4607a;421.31;0.01;BUY
2016-03-03T00:06:31.450000;2016-03-03T00:06:31.503000;87c8c246-cae7-4d2c-a022-c26d7a59665d;421.4;0.2;BUY
2016-03-03T00:06:31.450000;2016-03-03T00:06:31.503000;de29ae88-2717-4c83-b9b7-53275279e36c;421.45;0.21262;BUY
2016-03-03T00:06:33.297000;2016-03-03T00:06:33.347000;bcc2c599-f6f9-4574-83d5-3b702a43ed3e;421.45;0.2;BUY
2016-03-03T00:06:33.397000;2016-03-03T00:06:33.463000;20f24835-07dd-487e-94f0-92913d426ba9;421.45;0.2;BUY
2016-03-03T00:06:33.520000;2016-03-03T00:06:33.573000;b0824cf4-91b6-42c7-b398-43e15f7d8253;421.45;0.2;BUY
2016-03-03T00:06:33.810000;2016-03-03T00:06:33.860000;fb4888d3-1029-4529-a8ec-29f5bb2c0ccc;421.45;0.2;BUY
2016-03-03T00:06:34.380000;2016-03-03T00:06:34.427000;dfa9b7e4-c3b7-4f76-98c5-4417bb3bfe85;421.45;0.2;BUY
2016-03-03T00:06:34.770000;2016-03-03T00:06:34.813000;38eb4f82-0a96-4771-a673-c7636faae414;421.45;0.13127505;BUY
2016-03-03T00:07:01.473000;2016-03-03T00:07:01.517000;93976fa8-1bc0-45c4-af38-f918ce9c6c77;421.49;0.28762;SELL
2016-03-03T00:07:07.823000;2016-03-03T00:07:07.867000;3ed0b848-b68b-437d-bab0-fc4fdd64f31f;421.5;0.01;BUY
2016-03-03T00:07:31.463000;2016-03-03T00:07:31.503000;a138a48a-adcf-4437-ac3d-ab1de5cb1dba;421.49;0.198;SELL
2016-03-03T00:07:31.463000;2016-03-03T00:07:31.503000;54159853-a37e-4c87-b965-d9cb4b3d6e11;421.49;0.17;SELL
2016-03-03T00:07:31.463000;2016-03-03T00:07:31.530000;2274cefb-8118-41b4-994d-2dee00708c18;421.49;0.53860283;SELL
2016-03-03T00:07:31.463000;2016-03-03T00:07:31.530000;2a9f8880-ae8b-4d1d-9a7b-9e2d7f8bb04b;421.49;0.2;SELL
2016-03-03T00:07:31.463000;2016-03-03T00:07:31.530000;4c0c59e3-a089-4d36-8d03-040bf891ee89;421.49;1.0;SELL
2016-03-03T00:07:31.463000;2016-03-03T00:07:31.550000;742952be-e5d6-429e-aaa9-6a6684026e1a;421.49;0.53;SELL
2016-03-03T00:07:31.463000;2016-03-03T00:07:31.550000;0bca4a51-726c-4895-9d13-e8295cfed391;421.49;3.97559717;SELL
2016-03-03T00:08:01.533000;2016-03-03T00:08:01.570000;d8099ce6-f890-4b6d-9fe8-b85475d6e934;421.5;0.00909505;BUY
2016-03-03T00:08:01.533000;2016-03-03T00:08:01.593000;63431988-d916-42db-93d8-468233d729d0;421.5;0.19675872;BUY
2016-03-03T00:08:01.533000;2016-03-03T00:08:01.593000;3e1b58de-3ebb-44cd-9705-35acb6e01a59;421.5;0.01;BUY
2016-03-03T00:08:01.533000;2016-03-03T00:08:01.593000;53e39413-7557-4392-a43f-ab178d5b9070;421.5;0.01;BUY
2016-03-03T00:08:01.533000;2016-03-03T00:08:01.593000;7f47ac02-b477-4608-87cf-f7d9bf7bd884;421.66;0.02;BUY
2016-03-03T00:08:01.533000;2016-03-03T00:08:01.657000;d03077ae-34ad-4be8-a850-542f4eecd1b7;421.68;0.2;BUY
2016-03-03T00:08:01.533000;2016-03-03T00:08:01.657000;98dbdbc7-a861-4f7a-a2dc-b06b019d1fdd;421.69;0.16;BUY
2016-03-03T00:08:01.533000;2016-03-03T00:08:01.657000;1c3adb79-899c-47af-af98-8dc9641b16dd;421.7;0.01909505;BUY
2016-03-03T00:08:01.533000;2016-03-03T00:08:01.657000;6a2a54b0-483e-447e-aafa-5b05b87730dc;421.73;1.92;BUY
2016-03-03T00:08:01.533000;2016-03-03T00:08:01.677000;c3ea7f9f-8c5a-4c5b-a1d2-5eda21dc2c05;421.74;0.091;BUY
2016-03-03T00:08:01.533000;2016-03-03T00:08:01.677000;9a497c10-142f-470e-ba27-fadfdefae442;421.83;0.56411118;BUY
2016-03-03T00:08:08.107000;2016-03-03T00:08:08.140000;35683b32-1efc-4d35-ace2-559352419f98;421.63;3.0;BUY
2016-03-03T00:08:24.590000;2016-03-03T00:08:24.647000;3e764886-10a1-4a0a-a9ba-1e7f6386d0de;421.64;0.01;BUY
2016-03-03T00:08:24.593000;2016-03-03T00:08:24.647000;d152cd6b-fd20-49cb-897b-944dae1ee7bc;421.7;0.01;BUY
2016-03-03T00:08:24.593000;2016-03-03T00:08:24.647000;97a7717f-a0f1-42ed-b306-d8ab35dadf0f;421.82;0.73673271;BUY
2016-03-03T00:08:33.223000;2016-03-03T00:08:33.400000;a9646087-b855-4331-ab86-91e977de944e;421.83;0.31;BUY
2016-03-03T00:08:33.223000;2016-03-03T00:08:33.400000;ff437e12-8172-46cf-b42c-34221f890fe9;421.83;0.127;BUY
2016-03-03T00:08:33.223000;2016-03-03T00:08:33.400000;8375d73f-327d-42cc-a8ed-650f2a159acf;421.84;0.02;BUY
2016-03-03T00:08:33.223000;2016-03-03T00:08:33.400000;41546e0a-ea21-4516-8b95-642471cea8cb;421.86;0.3428;BUY
2016-03-03T00:08:33.223000;2016-03-03T00:08:33.400000;cc684b0f-2d48-48a0-8419-7c0db60f8644;421.86;0.01;BUY
2016-03-03T00:08:33.223000;2016-03-03T00:08:33.400000;816d796c-6113-493b-9751-dc41f8517730;421.87;0.01;BUY
2016-03-03T00:08:33.223000;2016-03-03T00:08:33.400000;61da0164-23a5-480b-86aa-86ac7f10884d;421.88;0.2;BUY
2016-03-03T00:08:33.223000;2016-03-03T00:08:33.467000;e22bb0fe-da90-4d01-b916-2cef48e35487;421.92;0.16;BUY
2016-03-03T00:08:33.223000;2016-03-03T00:08:33.467000;83aa5880-4031-4233-b30a-f5e0aaca7262;421.93;1.238;BUY
2016-03-03T00:08:33.223000;2016-03-03T00:08:33.467000;2ec2192d-590a-4587-99c6-b07f353d1953;421.94;2.0854;BUY
2016-03-03T00:08:33.227000;2016-03-03T00:08:33.467000;12e797a5-e7df-4d45-99e7-d59795e4bfee;421.95;0.01;BUY
2016-03-03T00:08:33.227000;2016-03-03T00:08:33.467000;e81d79d5-dc02-4bc6-9e7f-86858df5a0a8;421.98;0.21166;BUY
2016-03-03T00:09:01.543000;2016-03-03T00:09:01.583000;75e09137-4f75-4176-b9f6-f92b927c05c4;421.88;0.01;BUY
2016-03-03T00:09:01.543000;2016-03-03T00:09:01.607000;d8e46f6a-098f-47d5-95c3-b4dba840fee7;421.98;0.2;BUY
2016-03-03T00:09:01.543000;2016-03-03T00:09:01.607000;4da83358-5542-49db-86b2-85ca8f57baa9;422.09;2.3928;BUY
2016-03-03T00:09:01.543000;2016-03-03T00:09:01.607000;7667af13-427e-47e0-a25c-a86b256eb735;422.1;0.01909505;BUY
2016-03-03T00:09:01.543000;2016-03-03T00:09:01.627000;d94a1563-ef70-43a4-ae5c-5ea7f5554f20;422.16;0.01;BUY
2016-03-03T00:09:01.543000;2016-03-03T00:09:01.647000;8c991e06-be71-4cca-86dc-d929b4ea18c7;422.23;2.74877495;BUY
2016-03-03T00:09:10.883000;2016-03-03T00:09:10.917000;c33b8e34-f281-42ae-b721-43e3db422b7e;422.02;0.01;BUY
2016-03-03T00:09:10.883000;2016-03-03T00:09:10.933000;616ff3ed-707d-4861-8f85-081a1c55b79e;422.02;0.119;BUY
2016-03-03T00:09:10.883000;2016-03-03T00:09:10.950000;d3f79467-3ae6-4e96-b9da-2da6aae49367;422.03;0.01;BUY
2016-03-03T00:09:10.883000;2016-03-03T00:09:10.950000;868ca11f-916b-43f3-b305-5756c795628e;422.08;0.01;BUY
2016-03-03T00:09:10.883000;2016-03-03T00:09:10.950000;fbee525c-2066-48ee-b6d7-a6f073d0a108;422.11;0.2;BUY
2016-03-03T00:09:10.883000;2016-03-03T00:09:10.950000;f4819376-658c-4409-b001-2d230de6fa74;422.19;0.01056726;BUY
2016-03-03T00:09:10.883000;2016-03-03T00:09:11.010000;2667995f-dccf-4add-b782-11f2d3af322b;422.2;0.64043274;BUY
2016-03-03T00:09:11.473000;2016-03-03T00:09:11.527000;bd92a294-859e-4356-a7cb-7502f0afd48b;422.29;3.0;BUY
2016-03-03T00:09:31.147000;2016-03-03T00:09:31.190000;517a7003-c759-424a-a8bd-1e659516fd00;422.3;0.01;BUY
2016-03-03T00:09:44.600000;2016-03-03T00:09:44.650000;45e07afc-fe1b-4a6f-b39f-c85a7e76e73c;422.3;0.00909505;BUY
2016-03-03T00:09:44.600000;2016-03-03T00:09:44.650000;ded96f0b-6543-48f8-8559-73212c77b031;422.3;0.111;BUY
2016-03-03T00:09:44.600000;2016-03-03T00:09:44.677000;3b333ed3-e11b-4b9e-92ec-daeb46f97547;422.34;0.02;BUY
2016-03-03T00:09:44.600000;2016-03-03T00:09:44.677000;984c575d-27cb-4779-b725-20d9f382ee00;422.34;0.01;BUY
2016-03-03T00:09:44.600000;2016-03-03T00:09:44.680000;d6d92007-c3a7-4e53-8c77-f0886cd65b75;422.35;0.01;BUY
2016-03-03T00:09:44.600000;2016-03-03T00:09:44.680000;c95934c5-1823-47db-a88c-caa3acb03d5e;422.35;0.01;BUY
2016-03-03T00:09:44.600000;2016-03-03T00:09:44.680000;03c59b44-e3f4-4e29-b5cd-c753229b6d35;422.35;0.087;BUY
2016-03-03T00:09:44.600000;2016-03-03T00:09:44.680000;38ac73f5-ca27-40fa-93f3-12495ded4736;422.36;2.24290495;BUY
2016-03-03T00:10:01.730000;2016-03-03T00:10:01.770000;cbaa4b38-75e5-46b7-8d15-79fa22fd09b5;422.5;0.01909505;BUY
2016-03-03T00:10:01.730000;2016-03-03T00:10:01.790000;8fe584ef-fc5a-4b80-80db-9db5d8a67579;422.5;0.19675872;BUY
2016-03-03T00:10:01.730000;2016-03-03T00:10:01.790000;b7635fb8-bdbf-4de8-819f-136f94c85852;422.5;0.077;BUY
2016-03-03T00:10:01.730000;2016-03-03T00:10:01.790000;1649f2e3-c68e-4065-af4b-acc013e78aab;422.55;4.00414623;BUY
2016-03-03T00:10:07.300000;2016-03-03T00:10:07.357000;b8b83caa-3608-480a-8f1a-b537487869f4;422.5;1.61;BUY
2016-03-03T00:10:33.707000;2016-03-03T00:10:33.763000;1b450c56-cddd-4ed8-84c9-917c8f820bd3;422.49;1.006;BUY
2016-03-03T00:10:33.707000;2016-03-03T00:10:33.793000;13e91302-f7dc-458a-9a98-c73e99732652;422.5;6.80229;BUY
2016-03-03T00:10:47.473000;2016-03-03T00:10:47.503000;d959700b-1264-4553-8d0f-356277d69036;422.49;0.3;BUY
2016-03-03T00:10:49.293000;2016-03-03T00:10:49.333000;55037b6c-2c1a-4e97-9f50-2f0771e0efb9;422.5;0.02;BUY
2016-03-03T00:11:01.477000;2016-03-03T00:11:01.510000;388a4a4e-2dc6-4efb-821d-5bb116df6d4a;422.48;0.01;SELL
2016-03-03T00:11:01.477000;2016-03-03T00:11:01.523000;78a76494-59f3-42a0-8fe1-9d88c4629aa4;422.47;0.01;SELL
2016-03-03T00:11:01.477000;2016-03-03T00:11:01.523000;de5c8c4b-d93e-49cf-9e3c-d3eb8a529f94;422.47;3.04523;SELL
2016-03-03T00:11:35.213000;2016-03-03T00:11:35.237000;658afcc2-7b8c-4b83-82ba-13f7f8044df9;422.48;0.19883;BUY
2016-03-03T00:12:01.527000;2016-03-03T00:12:02.023000;5d3a4335-2058-4196-85e0-8080422f38ec;422.48;0.00117;BUY
2016-03-03T00:12:01.527000;2016-03-03T00:12:02.023000;a48af402-f07b-432c-8b0f-252790792849;422.48;0.182;BUY
2016-03-03T00:12:01.530000;2016-03-03T00:12:02.023000;3d6509eb-0c18-4c32-9a82-80393cfac38e;422.48;2.6979;BUY
2016-03-03T00:12:31.810000;2016-03-03T00:12:31.877000;1d67760b-2884-4470-9236-ba5c4c53a0bc;422.46;0.01;SELL
2016-03-03T00:12:31.810000;2016-03-03T00:12:31.893000;7157239b-3120-4329-a1b2-ad84af69077f;422.45;0.01;SELL
2016-03-03T00:12:31.810000;2016-03-03T00:12:31.893000;9954f279-07e5-4cad-bbf3-4127b7ce7adb;422.44;0.01;SELL
2016-03-03T00:12:31.810000;2016-03-03T00:12:31.913000;4d000bbc-923a-453a-aa69-fc5b259d6952;422.43;0.01;SELL
2016-03-03T00:12:31.810000;2016-03-03T00:12:31.913000;e6727c85-26ec-4b76-888a-524ed928bae1;422.42;0.01;SELL
2016-03-03T00:12:31.810000;2016-03-03T00:12:31.963000;550f2cff-919d-42ee-9550-5a2d45381921;422.41;0.01;SELL
2016-03-03T00:12:31.810000;2016-03-03T00:12:31.963000;b13a500b-e2cf-430e-b78f-55d30c85e74c;422.4;0.01;SELL
2016-03-03T00:12:31.813000;2016-03-03T00:12:31.963000;da1e7c6d-4f5f-409d-b277-184c6b32443e;422.4;0.01;SELL
2016-03-03T00:12:31.813000;2016-03-03T00:12:31.963000;b975ceec-c895-4414-97a1-80609746c2c2;422.38;0.01;SELL
2016-03-03T00:12:31.813000;2016-03-03T00:12:31.963000;bd2a31f5-e77e-4d5e-972c-8b0566af339e;422.37;0.01;SELL
2016-03-03T00:12:31.813000;2016-03-03T00:12:31.983000;56f8a19d-5440-442a-9d30-3e24cc25248d;422.37;0.2;SELL
2016-03-03T00:12:31.813000;2016-03-03T00:12:31.983000;05622baa-e2d5-4712-8310-f016b8a12796;422.35;0.01;SELL
2016-03-03T00:12:31.813000;2016-03-03T00:12:31.983000;349fe67c-3d9c-4d0a-9e0b-00b99edca3c1;422.35;0.8;SELL
2016-03-03T00:12:31.813000;2016-03-03T00:12:31.983000;1157b410-27ad-48b6-a271-2a531977ea4c;422.34;0.01;SELL
2016-03-03T00:12:31.813000;2016-03-03T00:12:31.983000;8829012b-78f8-4d01-aec4-ffa5a7dcb9c9;422.34;0.01;SELL
2016-03-03T00:12:31.813000;2016-03-03T00:12:31.983000;0d8c7990-2e65-4a70-ae64-803f20cf2fb4;422.34;10.0;SELL
2016-03-03T00:12:31.813000;2016-03-03T00:12:31.983000;d2740a01-c2b6-42e9-b62a-f692a5e8e1e0;422.33;0.01;SELL
2016-03-03T00:12:31.813000;2016-03-03T00:12:31.983000;a8551004-868f-4150-aa6b-54a716044aea;422.32;0.01;SELL
2016-03-03T00:12:31.813000;2016-03-03T00:12:31.983000;e7b76bea-dfc7-4319-bead-1eaae5fdaad9;422.31;0.01;SELL
2016-03-03T00:12:31.813000;2016-03-03T00:12:31.983000;1974c7c0-e551-450e-b324-4beb181b2ac4;422.3;0.01;SELL
2016-03-03T00:12:31.813000;2016-03-03T00:12:31.997000;6bdb0b2f-46b6-47dd-ad7e-42ec7764603b;422.29;0.01;SELL
2016-03-03T00:12:31.813000;2016-03-03T00:12:32.000000;361f8e10-dd0c-417e-8258-ba068056479f;422.28;0.01;SELL
2016-03-03T00:12:31.817000;2016-03-03T00:12:32.000000;6dc10ba4-581d-4805-a27f-3a6105ccaab9;422.26;0.01;SELL
2016-03-03T00:12:31.817000;2016-03-03T00:12:32.000000;4cc10b58-6769-4ef8-a7f9-6cb4b7caad01;422.26;10.0;SELL
2016-03-03T00:12:31.817000;2016-03-03T00:12:32.000000;47c47d89-2d9a-46f6-8d7f-500472c8ba69;422.25;0.01;SELL
2016-03-03T00:12:31.817000;2016-03-03T00:12:32.017000;1468205b-7eca-4c0e-a8ff-e78849417463;422.24;0.01;SELL
2016-03-03T00:12:31.817000;2016-03-03T00:12:32.017000;2711c1b6-23ae-4123-975f-6fcc5ef0f150;422.23;0.01;SELL
2016-03-03T00:12:31.817000;2016-03-03T00:12:32.017000;7776bb26-76f1-44a0-a8d6-3461d71a03bf;422.22;0.01;SELL
2016-03-03T00:12:31.817000;2016-03-03T00:12:32.017000;2a1764ed-0afe-4aea-8814-5123c8cb3af6;422.22;0.01;SELL
2016-03-03T00:12:31.817000;2016-03-03T00:12:32.017000;6080667a-05a4-42b2-992b-a76d8b07296b;422.21;0.01;SELL
2016-03-03T00:12:31.817000;2016-03-03T00:12:32.020000;d1a7f8d2-6190-4ed1-ac3f-12f97d7ebd44;422.2;0.01;SELL
2016-03-03T00:12:31.817000;2016-03-03T00:12:32.020000;85587ac8-362f-4f37-9207-280e4c5a6de7;422.19;0.01;SELL
2016-03-03T00:12:31.817000;2016-03-03T00:12:32.020000;d4102bbd-16ec-4ec3-a7e8-7f6b7397cea9;422.17;0.01;SELL
2016-03-03T00:12:31.817000;2016-03-03T00:12:32.020000;2fee1e13-4dca-472a-8ee8-d41df9c15558;422.15;0.01;SELL
2016-03-03T00:12:32.267000;2016-03-03T00:12:32.373000;4679063f-c6ae-46e1-a622-3ec665c139c7;422.14;0.2;BUY
2016-03-03T00:12:32.280000;2016-03-03T00:12:32.470000;7ae40736-8201-4a75-8547-0ccf0dd3d61a;422.14;0.2;BUY
2016-03-03T00:12:32.363000;2016-03-03T00:12:32.590000;ac6399b2-c9f3-42cb-840e-d01f2e24ca67;422.14;0.2;BUY
2016-03-03T00:12:32.373000;2016-03-03T00:12:32.717000;160a1264-4ed3-4e08-9ae6-065dbae2f1bb;422.14;0.2;BUY
2016-03-03T00:12:39.097000;2016-03-03T00:12:39.183000;d03abda2-1b54-4a70-bd76-7e51b411266c;422.12;0.01;SELL
2016-03-03T00:12:39.097000;2016-03-03T00:12:39.183000;38a471f8-f47e-4fda-adbd-7b54ad8fb901;422.11;0.01;SELL
2016-03-03T00:12:41.650000;2016-03-03T00:12:41.723000;57e2da94-2160-43bf-8fe5-e7d9271b0718;422.09;0.01;SELL
2016-03-03T00:12:41.650000;2016-03-03T00:12:41.770000;d84a6fda-8fbe-4ff8-8f6f-a0cf5c517fe7;422.08;1.0176;SELL
2016-03-03T00:12:41.650000;2016-03-03T00:12:41.770000;a29f6a60-e75d-4bc6-88ff-1adb56109e56;422.07;0.01;SELL
2016-03-03T00:12:41.650000;2016-03-03T00:12:41.770000;3c87267b-a866-4c07-ba69-99ccfe4c6f13;422.03;0.01;SELL
2016-03-03T00:12:41.650000;2016-03-03T00:12:41.770000;df6375c2-f513-4209-a48d-ccc1750f6312;422.0;0.01913735;SELL
2016-03-03T00:12:41.650000;2016-03-03T00:12:41.770000;405df6a2-9da0-4b69-aff2-8b26a8e4dbfa;422.0;2.0;SELL
2016-03-03T00:12:41.650000;2016-03-03T00:12:41.770000;429fc233-8dc1-4739-b097-8e2c4444f5e2;421.99;0.01;SELL
2016-03-03T00:12:41.650000;2016-03-03T00:12:41.773000;4e2a2e50-b44e-4afe-b472-7a39bc5fc2c2;421.98;0.01;SELL
2016-03-03T00:12:41.650000;2016-03-03T00:12:41.773000;48954c9a-e439-4e7b-bf94-06c4a01599c3;421.97;0.01;SELL
2016-03-03T00:12:41.650000;2016-03-03T00:12:41.777000;4e21657b-4abc-4b69-bfcd-7934c7bbf2b3;421.95;0.01;SELL
2016-03-03T00:12:41.650000;2016-03-03T00:12:41.777000;eea6ff9a-261d-41db-9c13-3f741e060bb8;421.93;0.01;SELL
2016-03-03T00:12:41.650000;2016-03-03T00:12:41.777000;c8e9225a-e635-41d3-8f25-222a4a5bc4ac;421.93;0.01;SELL
2016-03-03T00:12:41.650000;2016-03-03T00:12:41.777000;c110dfaf-0c4c-435e-88d9-db9033db962f;421.93;0.01;SELL
2016-03-03T00:12:41.650000;2016-03-03T00:12:41.777000;365d42cd-da0b-4c96-8480-e2b095ef63cb;421.92;0.01;SELL
2016-03-03T00:12:41.650000;2016-03-03T00:12:41.777000;42617c5a-4ae5-4510-8f39-bb487df85644;421.91;0.01;SELL
2016-03-03T00:12:41.650000;2016-03-03T00:12:41.777000;6fa81989-ff04-42ac-84f3-22494ee1d87f;421.86;0.01;SELL
2016-03-03T00:12:41.650000;2016-03-03T00:12:41.800000;5aa91278-c8be-43d8-b2e5-67911c631e30;421.85;0.01;SELL
2016-03-03T00:12:41.653000;2016-03-03T00:12:41.800000;f680ab15-c0fc-4721-a169-84774001bbf6;421.82;0.01;SELL
2016-03-03T00:12:41.653000;2016-03-03T00:12:41.800000;82ea3f67-6fd8-41c1-b925-3d28d11d80db;421.81;0.01;SELL
2016-03-03T00:12:41.653000;2016-03-03T00:12:41.800000;01665dc7-7b7a-41b9-a977-911503116575;421.8;0.01;SELL
2016-03-03T00:12:41.653000;2016-03-03T00:12:41.800000;eb3bfb5b-1393-4d32-bbbf-7739d053782e;421.8;0.01913735;SELL
2016-03-03T00:12:41.653000;2016-03-03T00:12:41.800000;b87798c5-33ad-4669-bb80-421375a47953;421.77;0.01;SELL
2016-03-03T00:12:41.653000;2016-03-03T00:12:41.800000;c6634c50-e3f3-443a-8e4e-fe3764fef151;421.75;0.01;SELL
2016-03-03T00:12:41.653000;2016-03-03T00:12:41.800000;76752cbe-b778-49b3-ba49-cef877322156;421.74;0.01;SELL
2016-03-03T00:12:41.653000;2016-03-03T00:12:41.800000;54e040df-a1d2-4cb9-9cbe-a37c763390f5;421.72;0.01;SELL
2016-03-03T00:12:41.653000;2016-03-03T00:12:41.800000;c448909e-cfb8-4715-a001-fc7e13ffc33b;421.71;0.01;SELL
2016-03-03T00:12:41.653000;2016-03-03T00:12:41.833000;1a33cba9-48fd-4673-be33-665a95fa8dd1;421.71;0.01;SELL
2016-03-03T00:12:41.653000;2016-03-03T00:12:41.833000;093f892a-da00-4f76-bda6-76c8040f1032;421.7;0.01;SELL
2016-03-03T00:12:41.653000;2016-03-03T00:12:41.833000;1fec2aa8-646e-4ff3-b645-73e59822c955;421.68;0.01;SELL
2016-03-03T00:12:41.653000;2016-03-03T00:12:41.837000;7e9676a6-3e9f-438b-9726-a029ccb9e429;421.65;0.01;SELL
2016-03-03T00:12:46.347000;2016-03-03T00:12:46.693000;b7bb0091-ce43-4fe8-b622-706cfbd065c4;421.65;0.01;SELL
2016-03-03T00:12:47.990000;2016-03-03T00:12:48.313000;28ceba1a-5050-4048-ae2a-e0d67ebcd142;421.65;0.0416;BUY
2016-03-03T00:12:56.710000;2016-03-03T00:12:56.810000;9ad0a77d-b2bd-40a0-927c-a7e1e06a2622;421.65;0.130022;BUY
2016-03-03T00:12:56.770000;2016-03-03T00:12:56.873000;7dfc451b-e9df-4f6d-a5d0-e0ffacd1f58c;421.64;0.01;SELL
2016-03-03T00:12:56.770000;2016-03-03T00:12:56.873000;12efa31d-d493-4898-a7e5-455216d45d6f;421.64;1.73648794;SELL
2016-03-03T00:12:56.770000;2016-03-03T00:12:56.873000;f6d21463-31c9-4e7e-8792-1abe874ab6b0;421.63;0.01;SELL
2016-03-03T00:12:56.770000;2016-03-03T00:12:56.873000;3442a3c3-6ea0-46fc-9384-6b654ac68f69;421.63;0.01;SELL
2016-03-03T00:12:56.770000;2016-03-03T00:12:56.873000;ac951e0a-76ab-444c-a9d4-39a9e124b68a;421.63;0.01;SELL
2016-03-03T00:12:56.770000;2016-03-03T00:12:56.873000;be0f309f-44e2-48e4-9e12-846d967012f4;421.63;0.168;SELL
2016-03-03T00:13:04.300000;2016-03-03T00:13:04.357000;dea43e0f-d125-49e9-ab11-ef7d40f68b24;421.63;0.37428;BUY
2016-03-03T00:13:31.473000;2016-03-03T00:13:31.593000;27dd34e7-1a70-451a-8970-a813b0ae94f3;421.63;6.69618;BUY
2016-03-03T00:13:31.473000;2016-03-03T00:13:31.593000;1ff34539-a8c0-45cb-bc2d-a722d206bbe9;421.63;0.8;BUY
2016-03-03T00:13:31.473000;2016-03-03T00:13:31.593000;3e1f79fa-e54b-4d71-8d47-64ce05f2fad8;421.63;0.892;BUY
2016-03-03T00:13:31.473000;2016-03-03T00:13:31.593000;e0a78462-49ba-48b3-8e8c-f7af8f8e0e43;421.63;1.0;BUY
2016-03-03T00:13:31.473000;2016-03-03T00:13:31.593000;cd24f2ee-39ba-4f71-b8f1-c8041eb9c6b0;421.63;0.07;BUY
2016-03-03T00:13:31.473000;2016-03-03T00:13:31.600000;8eb5c3af-3a2f-4757-a05a-56039b6c6e1a;421.63;0.2;BUY
2016-03-03T00:13:31.477000;2016-03-03T00:13:31.600000;53238b30-a27a-4f63-aa18-dd1ad6368d26;421.67;6.30832;BUY
2016-03-03T00:14:01.457000;2016-03-03T00:14:01.510000;eb7d02c6-4964-428f-9988-bf8fc8e6c16e;421.64;0.30095;BUY
2016-03-03T00:14:31.463000;2016-03-03T00:14:31.517000;cb010878-fd69-47e3-8e41-abfc22e9c5b5;421.64;2.8026;BUY
2016-03-03T00:15:01.547000;2016-03-03T00:15:01.600000;ad363702-9e74-4d57-90ed-61cd11abde7d;421.64;0.861;BUY
2016-03-03T00:15:01.547000;2016-03-03T00:15:01.603000;bfca1aa9-b633-4d3c-bf68-853dccbf50ea;421.64;0.43165;BUY
2016-03-03T00:15:33.473000;2016-03-03T00:15:33.530000;1efecbcb-77b9-4ee2-8c84-442fb7dc6161;421.63;0.01;SELL
2016-03-03T00:15:33.473000;2016-03-03T00:15:33.567000;505cc3df-8e28-4e91-a673-f0507a64c81b;421.63;0.10856819;SELL
2016-03-03T00:15:33.473000;2016-03-03T00:15:33.567000;eb97fb3f-d2d7-4f99-8b0d-a4d69d9407c5;421.63;0.97844654;SELL
2016-03-03T00:15:33.473000;2016-03-03T00:15:33.567000;be0d7454-db9f-492d-ad51-9da1fcc206c8;421.62;0.01;SELL
2016-03-03T00:15:33.473000;2016-03-03T00:15:33.567000;29b7af83-fee2-4ac4-b0ea-e214909c16de;421.62;0.01;SELL
2016-03-03T00:15:33.473000;2016-03-03T00:15:33.567000;23458744-9c3f-40b7-b3de-7329b865bf84;421.6;0.01;SELL
2016-03-03T00:15:33.473000;2016-03-03T00:15:33.567000;79420b3d-3bd2-4b7a-8e37-eb4f9df053fa;421.6;0.01913735;SELL
2016-03-03T00:15:33.473000;2016-03-03T00:15:33.567000;5d1b1a16-2c8d-4d88-9bc0-c1781dd32db3;421.6;0.1;SELL
2016-03-03T00:15:33.473000;2016-03-03T00:15:33.590000;718c5f1c-ca41-48eb-8912-4ffa45204dec;421.59;0.01;SELL
2016-03-03T00:15:33.473000;2016-03-03T00:15:33.590000;11d6c895-570b-42c5-ad70-9adee858d8d4;421.58;0.01;SELL
2016-03-03T00:15:33.473000;2016-03-03T00:15:33.590000;b57ef0eb-8231-4565-baed-66d04413cb42;421.58;0.01;SELL
2016-03-03T00:15:33.473000;2016-03-03T00:15:33.593000;cc900477-8405-4009-b855-cb7f108db0fe;421.58;0.01;SELL
2016-03-03T00:15:33.473000;2016-03-03T00:15:33.593000;307690f6-4fbb-4e33-88e4-b7401dad31ef;421.56;0.01;SELL
2016-03-03T00:15:33.473000;2016-03-03T00:15:33.593000;32d43be6-1a51-4792-b23a-8ff371d4c280;421.55;0.01;SELL
2016-03-03T00:15:33.473000;2016-03-03T00:15:33.593000;d099f2bf-4c76-4efd-bcdf-9740234390e1;421.54;0.01;SELL
2016-03-03T00:15:33.477000;2016-03-03T00:15:33.593000;4d55c929-73b5-40af-8851-1de694b93810;421.53;0.01;SELL
2016-03-03T00:15:33.477000;2016-03-03T00:15:33.593000;858a0e3f-c47e-475d-b3a2-9cb2e6123767;421.52;0.01;SELL
2016-03-03T00:15:33.477000;2016-03-03T00:15:33.617000;46cd4987-7093-4aaf-b16f-dffe4f84c835;421.52;0.259;SELL
2016-03-03T00:15:33.477000;2016-03-03T00:15:33.617000;fc85cf2e-8865-4c3a-90bf-b7ed77f9650b;421.51;0.01;SELL
2016-03-03T00:15:33.477000;2016-03-03T00:15:33.617000;28c4467e-e427-4eec-8715-1f7cc4adce8b;421.5;0.01;SELL
2016-03-03T00:15:33.477000;2016-03-03T00:15:33.617000;a803bd56-deff-46ac-b085-21573a9ce5dc;421.5;0.09961;SELL
2016-03-03T00:15:33.477000;2016-03-03T00:15:33.640000;a4b73be6-b603-4ceb-aa66-d194a2f9fb0d;421.5;0.0115;SELL
2016-03-03T00:15:33.477000;2016-03-03T00:15:33.640000;7fa43355-9337-4f13-a0f0-bbd8a81d032a;421.49;0.01;SELL
2016-03-03T00:15:33.477000;2016-03-03T00:15:33.640000;3bd1c449-21b4-4a7e-9339-518f0c39b459;421.45;0.64489792;SELL
2016-03-03T00:15:38.440000;2016-03-03T00:15:38.500000;4f4f36c8-f268-4e12-9951-12291dbe5bd8;421.47;0.01;SELL
2016-03-03T00:15:40.753000;2016-03-03T00:15:40.817000;f48af342-ad58-4756-a498-08574a2682f0;421.47;0.019;BUY
2016-03-03T00:16:03.650000;2016-03-03T00:16:03.723000;adebadfe-11a2-4759-8ab6-5b22332c1247;421.47;0.171;BUY
2016-03-03T00:16:03.650000;2016-03-03T00:16:03.723000;97ea1e4a-fc80-46c0-af36-1a863cb9ddea;421.47;0.06422;BUY
2016-03-03T00:16:31.497000;2016-03-03T00:16:31.553000;e98d6bef-1c83-412a-a2bd-0f855e4d7d09;421.47;1.52501;BUY
2016-03-03T00:17:01.717000;2016-03-03T00:17:01.763000;1d64efa7-3324-43ab-84ca-ac5a55ca8c57;421.46;0.01;SELL
2016-03-03T00:17:01.717000;2016-03-03T00:17:01.803000;a93b0845-7e08-4d62-a739-5b93a918abd4;421.46;0.30379966;SELL
2016-03-03T00:17:01.717000;2016-03-03T00:17:01.820000;3c737eb3-8bf6-45e7-87fe-a9eccff0a366;421.46;0.09382999;SELL
2016-03-03T00:17:01.717000;2016-03-03T00:17:01.820000;9fe4f275-bfe8-48b3-ae69-d5ba8fd1d0f8;421.45;0.04176035;SELL
2016-03-03T00:17:31.483000;2016-03-03T00:17:31.700000;6b427218-f114-4f82-a47c-33c6f19d4c06;421.45;0.01894173;SELL
2016-03-03T00:17:31.483000;2016-03-03T00:17:31.743000;a2d9cfdc-820e-4c97-a69e-9540304340f7;421.45;0.01;SELL
2016-03-03T00:17:31.483000;2016-03-03T00:17:31.760000;7b90f0ba-86db-4a8f-9630-2cec3fed77ef;421.44;0.01;SELL
2016-03-03T00:17:31.483000;2016-03-03T00:17:31.793000;4f73847c-e44d-41d5-8955-7f70021920eb;421.44;0.01;SELL
2016-03-03T00:17:31.483000;2016-03-03T00:17:31.847000;395864fa-e95a-4b4e-9fd9-27e69cf0a800;421.4;0.01913735;SELL
2016-03-03T00:17:31.483000;2016-03-03T00:17:31.880000;420a8717-b036-400a-92ab-4490d062d1cb;421.38;0.01;SELL
2016-03-03T00:17:31.483000;2016-03-03T00:17:31.900000;9c35e20c-85ba-4b8f-bbd1-7981312cf6bd;421.34;0.02;SELL
2016-03-03T00:17:31.483000;2016-03-03T00:17:31.943000;fa8daf68-2a3d-4dfe-a39a-f5b084507a9d;421.32;0.01;SELL
2016-03-03T00:17:31.483000;2016-03-03T00:17:31.943000;206a895b-c349-460d-b9b4-d3d1b435848e;421.31;0.126;SELL
2016-03-03T00:17:31.483000;2016-03-03T00:17:31.943000;95f0ced4-640e-41e7-81f7-6187a4ebea44;421.28;0.01;SELL
2016-03-03T00:17:31.483000;2016-03-03T00:17:31.943000;2461c19b-5b2e-4687-a339-32ff70666b89;421.26;0.122;SELL
2016-03-03T00:17:31.483000;2016-03-03T00:17:31.943000;0b3ef4b0-a2fd-41cb-8985-0f24c2145745;421.25;0.01;SELL
2016-03-03T00:17:31.483000;2016-03-03T00:17:31.943000;5cb78419-2944-497b-b6b4-83754057b5e9;421.23;0.01;SELL
2016-03-03T00:17:31.483000;2016-03-03T00:17:31.943000;505ee6f9-927b-40ed-aace-8dbf379697ac;421.21;0.091;SELL
2016-03-03T00:17:31.483000;2016-03-03T00:17:31.967000;a3523dfd-b5d1-403e-937f-7da83dbfca13;421.2;0.01913297;SELL
2016-03-03T00:17:31.483000;2016-03-03T00:17:31.967000;9fdae7f2-75e6-4c58-917c-b546de2c2acd;421.19;0.01;SELL
2016-03-03T00:17:31.483000;2016-03-03T00:17:31.967000;99636b1a-5e72-4385-b37e-a04584f5038c;421.18;0.01;SELL
2016-03-03T00:17:31.483000;2016-03-03T00:17:31.970000;781f4415-a40b-4b8d-8e3f-5d38093e58ca;421.17;0.01;SELL
2016-03-03T00:17:31.483000;2016-03-03T00:17:31.970000;f649ead1-dd79-4451-a287-d14626e5c79f;421.17;0.16;SELL
2016-03-03T00:17:31.487000;2016-03-03T00:17:31.970000;a09938be-1b52-491c-ae47-79b0b59ceed2;421.16;0.105;SELL
2016-03-03T00:17:31.487000;2016-03-03T00:17:31.970000;fae89374-587f-44ce-b1a8-9d91cec40309;421.16;1.6;SELL
2016-03-03T00:17:31.487000;2016-03-03T00:17:31.970000;ea4a5758-ace7-482e-9ac9-b35be2838dec;421.15;0.074;SELL
2016-03-03T00:17:31.487000;2016-03-03T00:17:31.970000;40d634b0-54fe-4106-871c-ae62beca3f98;421.15;2.88;SELL
2016-03-03T00:17:31.487000;2016-03-03T00:17:31.970000;cf3d89fb-d1f2-4397-97fc-469a2fbbec21;421.14;0.01;SELL
2016-03-03T00:17:31.487000;2016-03-03T00:17:31.970000;a54477c5-95b7-4fce-b2c8-4f11f105929e;421.13;0.71286795;SELL
2016-03-03T00:18:01.617000;2016-03-03T00:18:01.663000;81929401-0d88-41cb-b8a5-60510624afd8;421.39;0.01;SELL
2016-03-03T00:18:01.617000;2016-03-03T00:18:01.680000;911437c3-c05c-4c08-8e18-25a79d578fcb;421.39;0.23;SELL
2016-03-03T00:18:01.617000;2016-03-03T00:18:01.697000;f4724da4-56bd-4e94-8e77-42ea79bcfb9a;421.39;0.05234505;SELL
2016-03-03T00:18:01.617000;2016-03-03T00:18:01.697000;71305cc7-30dc-4828-8c0f-1babe3872ae8;421.25;4.48;SELL
2016-03-03T00:18:01.617000;2016-03-03T00:18:01.697000;34dbb05f-4897-4bd8-a37d-30736d66477a;421.24;0.70904495;SELL
2016-03-03T00:18:16.003000;2016-03-03T00:18:16.057000;9f4ec4fb-cbd4-4da1-abd9-784c64225213;421.26;20.0;BUY
2016-03-03T00:18:31.753000;2016-03-03T00:18:31.803000;c5d58247-68fe-4036-b511-bbcb772fe457;421.4;0.16709;BUY
2016-03-03T00:18:47.783000;2016-03-03T00:18:47.823000;cf08cb73-a425-4d3c-a057-2db08f410d79;421.36;0.13275;BUY
2016-03-03T00:18:47.787000;2016-03-03T00:18:47.843000;d8ab1aa4-e1aa-4a40-ba95-7dec65d2b4f2;421.36;0.10894;BUY
2016-03-03T00:18:47.797000;2016-03-03T00:18:47.873000;bc29c825-52d6-4bfb-b66b-0f090e9aef64;421.36;0.05831;BUY
2016-03-03T00:19:01.563000;2016-03-03T00:19:01.603000;0f1de202-b524-4883-9146-7ed3483d6ef6;421.36;2.46564;BUY
2016-03-03T00:19:31.423000;2016-03-03T00:19:31.497000;575e2b06-70d7-44c2-9c51-bad7d44038b1;421.36;1.11055;BUY
2016-03-03T00:20:01.537000;2016-03-03T00:20:01.580000;aa54d9e4-c063-4973-9a76-171074098d87;421.35;0.01;SELL
2016-03-03T00:20:01.537000;2016-03-03T00:20:01.593000;05afd68e-c2ad-464c-b300-116821dc9c48;421.35;3.51422939;SELL
2016-03-03T00:20:01.537000;2016-03-03T00:20:01.600000;65d5c298-365c-4160-ad4a-9899b60607e7;421.34;0.01;SELL
2016-03-03T00:20:01.537000;2016-03-03T00:20:01.613000;745d5868-a925-4322-a9f9-58cfe47c77ac;421.33;0.01;SELL
2016-03-03T00:20:01.537000;2016-03-03T00:20:01.613000;af44636a-5cd7-4ebb-a74b-7e878789abd6;421.32;0.01;SELL
2016-03-03T00:20:01.537000;2016-03-03T00:20:01.673000;781efd41-4053-4ce4-8c5e-40d97a85b1d9;421.31;0.01;SELL
2016-03-03T00:20:01.537000;2016-03-03T00:20:01.673000;171fa6d1-d42f-4d75-ac1d-daaf6166e2f9;421.3;0.01;SELL
2016-03-03T00:20:01.537000;2016-03-03T00:20:01.673000;1efe3760-ecc5-4ab0-bfd4-e18e0223601c;421.29;0.01;SELL
2016-03-03T00:20:01.537000;2016-03-03T00:20:01.673000;ab8c105a-2ac7-44d1-bafe-22f483d6cb0e;421.21;0.250001;SELL
2016-03-03T00:20:01.537000;2016-03-03T00:20:01.673000;7e0aca7e-4568-4a42-b280-8fddc7b44ca7;421.19;0.691;SELL
2016-03-03T00:20:01.537000;2016-03-03T00:20:01.687000;beda2462-5246-46d1-819f-cfd8618968aa;421.18;0.01;SELL
2016-03-03T00:20:01.537000;2016-03-03T00:20:01.687000;c3a63fda-f586-4800-a34b-0f443c9b79e4;421.14;0.01;SELL
2016-03-03T00:20:01.540000;2016-03-03T00:20:01.687000;f25ff5d1-1e96-4077-af50-047d8a115f7b;421.12;0.01;SELL
2016-03-03T00:20:01.540000;2016-03-03T00:20:01.687000;e5c7f192-117d-4f41-9bb5-840df4f31ebd;421.09;0.01;SELL
2016-03-03T00:20:01.540000;2016-03-03T00:20:01.687000;86fdec13-63c5-4ddd-8e86-9d89d413a2cd;421.08;0.113;SELL
2016-03-03T00:20:01.540000;2016-03-03T00:20:01.707000;2204ab31-7682-4c17-85ce-08ce986d897b;421.07;0.01;SELL
2016-03-03T00:20:01.540000;2016-03-03T00:20:01.707000;0f6b6fec-a785-498f-8484-e7d8d218bf3c;421.07;0.01;SELL
2016-03-03T00:20:01.540000;2016-03-03T00:20:01.707000;224f76b6-b744-4dbf-b009-0faaacd8dc6b;421.05;0.01;SELL
2016-03-03T00:20:01.540000;2016-03-03T00:20:01.707000;38d97cfd-595c-4749-8b62-d20237f84396;421.02;0.01;SELL
2016-03-03T00:20:01.540000;2016-03-03T00:20:01.707000;124d2a70-a3ff-4520-a290-df8b9b7207e1;421.0;0.01;SELL
2016-03-03T00:20:01.540000;2016-03-03T00:20:01.707000;6cfa691a-a7fb-4468-8ce0-9efd48626ae1;421.0;0.12409961;SELL
2016-03-03T00:20:28.747000;2016-03-03T00:20:28.787000;79ac08e5-8ed8-41b5-aeb7-9eeec412eb92;421.12;0.17;BUY
2016-03-03T00:20:31.890000;2016-03-03T00:20:31.927000;b72712b0-4ac0-455a-9e36-8827e4634f1f;421.12;0.99554;BUY
2016-03-03T00:21:01.517000;2016-03-03T00:21:01.560000;99053de0-87b9-4fc4-ab9a-8a5ef019a1bc;421.11;0.01;SELL
2016-03-03T00:21:01.517000;2016-03-03T00:21:01.577000;904aad80-4c3a-4019-80c9-2a22b95380db;421.11;0.092;SELL
2016-03-03T00:21:01.517000;2016-03-03T00:21:01.603000;9c0d3a90-6cf6-4957-a6e7-d9bfe0e23afa;421.11;0.18824508;SELL
2016-03-03T00:21:01.517000;2016-03-03T00:21:01.603000;ff8e42c8-ed7f-4ebe-9c0f-5cec1e4c6130;421.09;0.01;SELL
2016-03-03T00:21:01.517000;2016-03-03T00:21:01.603000;4ddd08f4-a754-492c-863f-1215c03f89d0;421.09;0.01;SELL
2016-03-03T00:21:01.517000;2016-03-03T00:21:01.643000;e75aff36-0b74-4e88-9bd0-88ec7b53d636;421.06;0.095;SELL
2016-03-03T00:21:01.517000;2016-03-03T00:21:01.647000;f629936c-ae47-4d93-8987-360e6aa8e830;421.0;0.87590039;SELL
2016-03-03T00:21:01.517000;2016-03-03T00:21:01.647000;0897e1ef-3474-42f1-924a-49518c1a25f7;421.0;0.01913297;SELL
2016-03-03T00:21:01.517000;2016-03-03T00:21:01.673000;12365ee4-5449-4d89-94dc-95ed9ef71c76;420.98;0.085;SELL
2016-03-03T00:21:01.517000;2016-03-03T00:21:01.673000;d732d6d7-b5a0-4477-aa62-5f03e89bf140;420.96;0.01;SELL
2016-03-03T00:21:01.517000;2016-03-03T00:21:01.673000;672a2a42-bdac-406c-b488-92c35dd99ff1;420.95;0.01;SELL
2016-03-03T00:21:01.517000;2016-03-03T00:21:01.673000;86b0a276-14ac-4720-92d9-c2718bb9b3bb;420.93;0.2;SELL
2016-03-03T00:21:01.517000;2016-03-03T00:21:01.673000;06e215d8-11a1-4e31-8639-873800ccdb7f;420.93;0.091;SELL
2016-03-03T00:21:01.517000;2016-03-03T00:21:01.673000;15f86d54-ba1f-487c-aa74-08472824bd92;420.91;0.24;SELL
2016-03-03T00:21:01.520000;2016-03-03T00:21:01.673000;fba7ceee-c78d-4eff-8d55-959ac2ffa7ca;420.84;0.01;SELL
2016-03-03T00:21:01.520000;2016-03-03T00:21:01.693000;c6540877-68f3-4196-9c35-4122cf3699d6;420.8;0.02;SELL
2016-03-03T00:21:01.520000;2016-03-03T00:21:01.693000;ebab10fc-530f-4c4a-b4a7-2454e4c6fd0a;420.8;0.01913297;SELL
2016-03-03T00:21:01.520000;2016-03-03T00:21:01.693000;a9815914-6ce8-42f6-8ba2-7c6321c711f0;420.79;0.10228859;SELL
2016-03-03T00:21:15.960000;2016-03-03T00:21:16.003000;37d391a1-ac33-4e7a-9c9c-412b8fadb256;420.98;0.11326;BUY
2016-03-03T00:21:15.963000;2016-03-03T00:21:16.023000;ef0a0598-26a2-4bd7-a224-d867da2f7674;420.98;0.61674;BUY
2016-03-03T00:21:23.240000;2016-03-03T00:21:23.277000;3417ff00-7e1f-49ba-a2ac-98dfde207214;420.98;0.49;BUY
2016-03-03T00:21:31.573000;2016-03-03T00:21:31.640000;bf2f3694-4207-449f-a7c3-a494dff9b125;420.87;0.01;SELL
2016-03-03T00:21:31.573000;2016-03-03T00:21:31.657000;6204ca7b-992b-4a28-9cfd-453252fa19f9;420.86;0.01;SELL
2016-03-03T00:21:31.573000;2016-03-03T00:21:31.657000;6f9b6567-c189-43b7-b15f-dcb601da6f65;420.83;0.093;SELL
2016-03-03T00:21:31.573000;2016-03-03T00:21:31.657000;11bf69f2-1208-4b6b-aeeb-458507c3ab1c;420.82;0.01;SELL
2016-03-03T00:21:31.573000;2016-03-03T00:21:31.657000;4063d9c7-5233-4da3-bec4-207d18c2ea5b;420.79;0.58411141;SELL
2016-03-03T00:21:31.577000;2016-03-03T00:21:31.677000;2719d43a-e9c6-422f-a6e7-9981c55a5dea;420.73;0.01;SELL
2016-03-03T00:21:31.577000;2016-03-03T00:21:31.693000;ce6fec70-b548-44c5-ac67-af7864424416;420.73;0.02;SELL
2016-03-03T00:21:31.577000;2016-03-03T00:21:31.693000;458da3a5-bb6f-4eca-98ad-d36d0c4a5393;420.72;0.01;SELL
2016-03-03T00:21:31.577000;2016-03-03T00:21:31.693000;3acb646d-0924-4823-8ee8-fb45ff836728;420.7;0.01;SELL
2016-03-03T00:21:31.577000;2016-03-03T00:21:31.693000;6339d57d-988e-43d3-920a-c3dfb8cc651e;420.65;0.088;SELL
2016-03-03T00:21:31.577000;2016-03-03T00:21:31.710000;06a27b7a-7137-44d8-85ea-cc06339c9da9;420.64;0.8;SELL
2016-03-03T00:21:31.577000;2016-03-03T00:21:31.710000;c1a0495f-b363-4050-9a80-ef54774e04fc;420.63;0.01;SELL
2016-03-03T00:21:31.577000;2016-03-03T00:21:31.710000;e1ddaac3-cbea-4336-b3cd-98c12bd90b5e;420.63;0.48;SELL
2016-03-03T00:21:31.577000;2016-03-03T00:21:31.710000;e49b79b6-26a1-45fb-86df-88d40ee68825;420.62;0.094;SELL
2016-03-03T00:21:31.577000;2016-03-03T00:21:31.710000;7bb2510b-d18c-4cfc-9837-0403f06a14e1;420.62;0.48;SELL
2016-03-03T00:21:31.577000;2016-03-03T00:21:31.733000;697e2878-adf6-4a5b-8467-37171020f233;420.61;0.01;SELL
2016-03-03T00:21:31.577000;2016-03-03T00:21:31.733000;13700110-1d00-44ce-ab35-177b0212484d;420.61;0.64;SELL
2016-03-03T00:21:31.577000;2016-03-03T00:21:31.733000;ba356b6b-aabb-4dad-8abe-c60b7b5657ce;420.6;1.0099;SELL
2016-03-03T00:21:31.577000;2016-03-03T00:21:31.733000;a1aae6ee-8b96-433b-890a-1476bb8f4500;420.6;0.01914058;SELL
2016-03-03T00:21:31.577000;2016-03-03T00:21:31.757000;5d6d975c-6a85-4f80-8fa9-36cec69d15ad;420.58;0.01;SELL
2016-03-03T00:21:31.580000;2016-03-03T00:21:31.757000;d4527bd3-e813-4c0a-a42b-682e6b9c574f;420.58;0.48;SELL
2016-03-03T00:21:31.580000;2016-03-03T00:21:31.790000;9f2fe2f7-48dd-41f6-a981-e7b36bb055c3;420.57;0.01;SELL
2016-03-03T00:21:31.580000;2016-03-03T00:21:31.790000;64dc9d6e-c72f-4457-894c-1843f5755d07;420.57;0.1;SELL
2016-03-03T00:21:31.580000;2016-03-03T00:21:31.790000;11977e20-6852-473f-9de4-19920c8e2927;420.55;2.72;SELL
2016-03-03T00:21:31.580000;2016-03-03T00:21:31.790000;563e20a8-1d10-445a-9858-f87ae98c07b6;420.54;0.01;SELL
2016-03-03T00:21:31.580000;2016-03-03T00:21:31.810000;080eff16-fddc-4cd9-9c8d-f4846bd7761e;420.54;0.01;SELL
2016-03-03T00:21:31.580000;2016-03-03T00:21:31.843000;837c5629-5bd3-42c6-a8b6-94eddcc038fb;420.54;0.96;SELL
2016-03-03T00:21:31.580000;2016-03-03T00:21:31.880000;32511fff-000e-43d5-8fc9-b76753771fd2;420.53;0.01;SELL
2016-03-03T00:21:31.580000;2016-03-03T00:21:31.927000;07d6a44a-7d34-4ac1-bfc8-e81ef89681da;420.53;0.8;SELL
2016-03-03T00:21:31.580000;2016-03-03T00:21:31.947000;6d521f42-87b9-4f1f-8724-70b97f058f4a;420.52;0.01;SELL
2016-03-03T00:21:31.580000;2016-03-03T00:21:31.973000;055ed885-f1b5-417a-99d3-fa7c8af9f175;420.51;1.76;SELL
2016-03-03T00:21:31.580000;2016-03-03T00:21:32.000000;bff158b6-299f-4220-86b2-b0be88e31033;420.5;0.01;SELL
2016-03-03T00:21:31.580000;2016-03-03T00:21:32.017000;bf4089c7-d176-4099-9adf-9b7992ec3019;420.5;0.25;SELL
2016-03-03T00:21:31.580000;2016-03-03T00:21:32.030000;717abea5-44b4-4105-ad56-4126ec987d10;420.5;1.0;SELL
2016-03-03T00:21:31.583000;2016-03-03T00:21:32.047000;8e5c3ed7-1058-4e62-93d1-bc36a6479811;420.5;0.75;SELL
2016-03-03T00:21:31.583000;2016-03-03T00:21:32.077000;19cd2869-8efb-42ef-9ad4-0705d1c48ff2;420.49;0.01;SELL
2016-03-03T00:21:31.583000;2016-03-03T00:21:32.080000;6714a81f-5e22-4ce6-a3d8-d54672718a31;420.49;1.61479801;SELL
2016-03-03T00:21:50.037000;2016-03-03T00:21:50.093000;850af6d5-156e-4c33-b3ce-677b05310295;420.69;0.01;SELL
2016-03-03T00:21:50.037000;2016-03-03T00:21:50.093000;257e9fe2-b41b-48d7-8d3d-06ae4b23324b;420.69;0.01;SELL
2016-03-03T00:21:50.037000;2016-03-03T00:21:50.093000;ca7743e2-2315-427f-98ac-5afef65b77f5;420.68;0.250001;SELL
2016-03-03T00:21:50.037000;2016-03-03T00:21:50.093000;06f7810a-6628-4c7f-83c6-c9aedd56d9e3;420.55;0.104;SELL
2016-03-03T00:22:01.237000;2016-03-03T00:22:01.270000;903d6c01-b4e4-4e1e-9007-023a56fda9d2;420.53;0.05793265;BUY
2016-03-03T00:22:02.703000;2016-03-03T00:22:02.747000;83da23e2-bcc3-4042-a222-1a165d09ad8e;420.53;1.64528;BUY
2016-03-03T00:22:31.593000;2016-03-03T00:22:31.633000;e6509cd9-b907-4f5c-9ca6-1f2f87752808;420.51;0.79302;BUY
2016-03-03T00:23:06.987000;2016-03-03T00:23:07.033000;031964f8-a6d7-4ab6-9564-43567c1d0c3e;420.51;0.05986;BUY
2016-03-03T00:23:31.570000;2016-03-03T00:23:31.607000;ed68f828-c7c3-4e73-bc92-8d921ade1a7c;420.51;6.41706;BUY
2016-03-03T00:23:53.133000;2016-03-03T00:23:53.163000;6d975d6a-6594-448b-aa50-fd3fe59f4c48;420.5;0.01;SELL
2016-03-03T00:23:53.133000;2016-03-03T00:23:53.193000;bd7165a5-4f26-4bd0-94db-33f1dd213a55;420.5;0.250001;SELL
2016-03-03T00:23:53.133000;2016-03-03T00:23:53.223000;dd31392e-4a3d-40ed-8738-e71de73ea40b;420.5;0.084;SELL
2016-03-03T00:23:53.133000;2016-03-03T00:23:53.257000;fd2fc460-14cc-41fd-9d4e-e5aaaf6c7179;420.5;0.250001;SELL
2016-03-03T00:23:53.133000;2016-03-03T00:23:53.293000;42fab5bb-eb4d-4748-9c6a-1d8e95482807;420.5;0.250001;SELL
2016-03-03T00:23:53.133000;2016-03-03T00:23:53.310000;b85c816a-1385-4405-b99c-29b6a88ae8cd;420.5;0.31499782;SELL
2016-03-03T00:23:53.133000;2016-03-03T00:23:53.310000;3f537557-4db1-4255-adb7-c5ebaf56c434;420.5;0.2;SELL
2016-03-03T00:23:53.133000;2016-03-03T00:23:53.310000;98d99d22-b1b1-438d-bfb7-6d42b5773884;420.5;0.35371109;SELL
2016-03-03T00:24:04.947000;2016-03-03T00:24:04.983000;6217f72c-34d1-424a-86a1-ffb1c0c9b907;420.5;0.04;BUY
2016-03-03T00:24:08.583000;2016-03-03T00:24:08.623000;bfbefeb2-9758-4899-b30d-1261ecf85f4c;420.5;0.74739;BUY
2016-03-03T00:24:28.150000;2016-03-03T00:24:28.180000;fb579fa3-5664-466f-96eb-2a84f9e29b82;420.5;0.18911105;BUY
2016-03-03T00:24:31.523000;2016-03-03T00:24:31.577000;79784c42-171b-493e-acc2-09b1eefe4aee;420.5;0.45803;BUY
2016-03-03T00:24:49.387000;2016-03-03T00:24:49.427000;11e46982-7934-4608-add0-291f567e928f;420.49;0.01;SELL
2016-03-03T00:24:49.387000;2016-03-03T00:24:49.427000;a09ba35e-5522-4671-823a-864051df8c85;420.49;0.05;SELL
2016-03-03T00:24:49.387000;2016-03-03T00:24:49.463000;047e9431-ca9e-488b-9268-b1410ce6849f;420.49;0.119;SELL
2016-03-03T00:24:49.390000;2016-03-03T00:24:49.463000;b9395ca5-87a4-424e-af4e-0a9df76d543c;420.48;0.01;SELL
2016-03-03T00:24:49.390000;2016-03-03T00:24:49.467000;3167982e-a950-4753-b3ec-7d5b279be6c6;420.4;0.01914058;SELL
2016-03-03T00:24:49.390000;2016-03-03T00:24:49.467000;9d5208c1-161a-4ed7-9825-c0b84f4210f6;420.39;7.8234;SELL
2016-03-03T00:24:49.390000;2016-03-03T00:24:49.467000;aa985d5f-ca30-4f47-bd6d-5ae8ff59b649;420.39;2.2842;SELL
2016-03-03T00:24:49.390000;2016-03-03T00:24:49.467000;e922a3fd-03e2-4ddd-a0bc-e8faba39f84c;420.39;2.3725;SELL
2016-03-03T00:24:49.390000;2016-03-03T00:24:49.467000;8627c55e-0cca-4e8e-8985-99a9de1d4947;420.37;0.01;SELL
2016-03-03T00:24:49.390000;2016-03-03T00:24:49.467000;2670c229-cf75-49ff-bcc1-155878997508;420.37;0.01;SELL
2016-03-03T00:24:49.390000;2016-03-03T00:24:49.513000;ffafe11a-2cd2-43f1-bc80-709b9e0acedc;420.36;0.01;SELL
2016-03-03T00:24:49.390000;2016-03-03T00:24:49.513000;9811300e-ac68-458b-859a-30af12314612;420.34;0.01;SELL
2016-03-03T00:24:49.390000;2016-03-03T00:24:49.513000;45394132-78b5-4980-b85f-feb17dac9ee0;420.34;0.102;SELL
2016-03-03T00:24:49.390000;2016-03-03T00:24:49.513000;536b98b9-54f4-4522-8b26-a6f8124a08a1;420.29;0.107;SELL
2016-03-03T00:24:49.393000;2016-03-03T00:24:49.513000;3f4f0081-1ae6-4868-b794-b0e61b7584e2;420.26;0.02;SELL
2016-03-03T00:24:49.393000;2016-03-03T00:24:49.533000;381f0d69-baa8-4718-9365-e44781cec6ed;420.24;0.111;SELL
2016-03-03T00:24:49.393000;2016-03-03T00:24:49.533000;ce1ca833-c170-47ac-9170-ba64d8a53b52;420.2;0.01914058;SELL
2016-03-03T00:24:49.393000;2016-03-03T00:24:49.533000;59855ada-1c31-4641-84cb-e7f85b695609;420.2;4.277;SELL
2016-03-03T00:24:49.393000;2016-03-03T00:24:49.533000;1c9148d4-b574-4319-b5b6-585b37087335;420.15;0.31;SELL
2016-03-03T00:24:49.393000;2016-03-03T00:24:49.533000;10bfd850-5c36-4940-a008-3fb4bdf4f738;420.1;0.332;SELL
2016-03-03T00:24:49.393000;2016-03-03T00:24:49.553000;0611c204-1225-4638-ad67-38f819501ec8;420.09;0.01;SELL
2016-03-03T00:24:49.393000;2016-03-03T00:24:49.553000;a6630e0b-aae9-49cf-88a8-7a58748c0cbe;420.08;0.16;SELL
2016-03-03T00:24:49.393000;2016-03-03T00:24:49.553000;f0561011-5c41-4e23-9548-ec66e1ff43bc;420.07;0.5196;SELL
2016-03-03T00:24:49.393000;2016-03-03T00:24:49.553000;ba4684e0-0d82-4569-86c1-a54a2d187b8c;420.06;0.8;SELL
2016-03-03T00:24:49.393000;2016-03-03T00:24:49.553000;9d353601-6cd2-4c5f-9477-1e35e35f981b;420.05;0.318;SELL
2016-03-03T00:24:49.397000;2016-03-03T00:24:49.557000;1c25a5ce-9e4b-433d-ad79-385bcf5f8156;420.01;1.18601884;SELL
2016-03-03T00:24:57.070000;2016-03-03T00:24:57.143000;407ef297-5f70-4819-9adb-46bd05653a64;420.22;5.38;SELL
2016-03-03T00:24:57.070000;2016-03-03T00:24:57.163000;5849f8fc-a8e8-4318-be77-010c3da9f5d9;420.21;0.01;SELL
2016-03-03T00:24:57.070000;2016-03-03T00:24:57.163000;198a2081-0864-4963-a81d-a95abd48fc26;420.19;8.441;SELL
2016-03-03T00:24:57.070000;2016-03-03T00:24:57.163000;04054245-4da5-47e4-9582-04886e4fd7d6;420.12;0.01;SELL
2016-03-03T00:24:57.070000;2016-03-03T00:24:57.163000;02a5b722-1c3b-4edc-8073-89f6085a4ff1;420.02;2.08;SELL
2016-03-03T00:24:57.070000;2016-03-03T00:24:57.163000;e5e94835-56b9-4282-9374-6aeeb98028cd;420.01;0.01;SELL
2016-03-03T00:24:57.070000;2016-03-03T00:24:57.163000;f92c4642-d631-41ba-ad80-8eca92c5e71b;420.01;0.8;SELL
2016-03-03T00:24:57.070000;2016-03-03T00:24:57.163000;a3245921-588f-481f-887d-499b80a01c46;420.0;0.01;SELL
2016-03-03T00:24:57.070000;2016-03-03T00:24:57.163000;a4037fd9-3353-4775-970f-a430840e2d82;420.0;0.19715396;SELL
2016-03-03T00:24:57.070000;2016-03-03T00:24:57.163000;a121ac04-cb3d-4090-a0ba-c2b0502f220d;420.0;2.0;SELL
2016-03-03T00:24:57.070000;2016-03-03T00:24:57.163000;5ef936b9-0e08-43de-b0db-8de61f9753e3;420.0;7.421;SELL
2016-03-03T00:24:57.070000;2016-03-03T00:24:57.163000;593c882c-30a3-48b1-bf4b-cfacb6833c4e;420.0;0.333;SELL
2016-03-03T00:24:57.070000;2016-03-03T00:24:57.163000;2f76217b-9714-4e73-8ad8-576a87e28340;419.95;0.402;SELL
2016-03-03T00:24:57.070000;2016-03-03T00:24:57.163000;dc2f2a00-e0fb-4d49-aecc-8609e79ef702;419.92;0.01;SELL
2016-03-03T00:24:57.070000;2016-03-03T00:24:57.163000;ef909c76-d8c4-430f-b91e-eaaab2c38eeb;419.9;0.399;SELL
2016-03-03T00:24:57.073000;2016-03-03T00:24:57.167000;c1f17398-e2e3-4f26-bcc2-4b40c24eecfb;419.85;0.404;SELL
2016-03-03T00:24:57.073000;2016-03-03T00:24:57.183000;f2e776c1-9f7d-4453-ad64-bfee182bbba6;419.8;2.547;SELL
2016-03-03T00:24:57.073000;2016-03-03T00:24:57.183000;7f4f8aad-a9ef-4893-a01c-454f4a7b5631;419.72;0.02;SELL
2016-03-03T00:24:57.073000;2016-03-03T00:24:57.183000;0929a87e-baec-48fe-adfd-f95697b6744e;419.71;0.01;SELL
2016-03-03T00:24:57.073000;2016-03-03T00:24:57.187000;164109f7-318f-40ad-9eee-3528dcd99d80;419.63;7.07933;SELL
2016-03-03T00:24:57.073000;2016-03-03T00:24:57.187000;5194f46c-8e12-4d94-ba8d-8ab36e936f7c;419.62;8.243;SELL
2016-03-03T00:24:57.073000;2016-03-03T00:24:57.187000;b318a8de-931b-4e96-84be-cdd55ac75b7e;419.46;0.01;SELL
2016-03-03T00:24:57.073000;2016-03-03T00:24:57.190000;2959e88f-2863-45aa-83a2-cd5d85c70175;419.44;0.18351604;SELL
2016-03-03T00:25:03.170000;2016-03-03T00:25:03.217000;3fd37838-3f10-4afa-ad50-e7cf44d25e02;420.06;1.03625;BUY
2016-03-03T00:25:05.180000;2016-03-03T00:25:05.243000;ec121604-4760-4c01-a182-3be2588b0fb5;420.05;1.672485;SELL
2016-03-03T00:25:32.533000;2016-03-03T00:25:32.560000;c1cd3e39-6faa-4250-a46a-7a6376e9f605;420.05;0.05;SELL
2016-03-03T00:25:32.533000;2016-03-03T00:25:32.580000;5c39a7af-3667-42fc-a552-c4ae9a345928;420.05;0.075;SELL
2016-03-03T00:25:32.533000;2016-03-03T00:25:32.580000;8edb4227-c76b-4491-8fc5-6f38418f0bbf;420.04;0.02699;SELL
2016-03-03T00:26:01.780000;2016-03-03T00:26:01.927000;60fceba5-5f70-4e92-967d-dc74be8a0951;420.05;0.04869;BUY
2016-03-03T00:26:04.087000;2016-03-03T00:26:04.110000;c62d9ac1-be34-44a6-acbf-5fe5bbe97c4c;420.05;0.80131;BUY
2016-03-03T00:26:04.087000;2016-03-03T00:26:04.123000;f1e835d7-58b8-4732-af56-01116ff9c6a0;420.05;0.05;BUY
2016-03-03T00:26:04.087000;2016-03-03T00:26:04.123000;7631ae18-bfa7-4a02-8385-12fade316a2e;420.05;0.14869;BUY
2016-03-03T00:26:12.773000;2016-03-03T00:26:12.800000;f99024ec-fc2d-4ed5-bafe-d92e7932849c;420.05;0.01;SELL
2016-03-03T00:26:12.773000;2016-03-03T00:26:12.817000;0e092b4f-368f-4f18-b442-c895f882b6e5;420.04;0.02301;SELL
2016-03-03T00:26:12.773000;2016-03-03T00:26:12.817000;dbd9e38d-2832-4cf5-beaa-83d7fae1d212;420.04;0.41187858;SELL
2016-03-03T00:26:12.773000;2016-03-03T00:26:12.817000;e84b8153-41ba-4ff5-aba3-d798e0253047;420.03;0.01;SELL
2016-03-03T00:26:12.773000;2016-03-03T00:26:12.843000;2a87a15f-d7ef-4e5e-965d-5badde2cf84c;420.0;0.01916737;SELL
2016-03-03T00:26:12.773000;2016-03-03T00:26:12.887000;b00dc698-4255-4a6d-9274-30b62af896cd;419.89;0.106;SELL
2016-03-03T00:26:12.773000;2016-03-03T00:26:12.887000;46901e45-9316-4935-8a0d-022f63b757e9;419.82;0.01;SELL
2016-03-03T00:26:23.140000;2016-03-03T00:26:23.163000;305c33a9-82c0-41ab-8260-ec28b25d5dcc;419.8;0.01916737;SELL
2016-03-03T00:26:29.473000;2016-03-03T00:26:29.607000;e3e5a050-26a4-4eb6-b3eb-d78158820c3f;419.73;0.01;BUY
2016-03-03T00:26:34.477000;2016-03-03T00:26:34.717000;955f5a54-41f1-432a-8781-9b57023d50c2;419.7;3.17616;BUY
2016-03-03T00:26:38.800000;2016-03-03T00:26:38.823000;98b97ccf-c032-4c15-92ed-a1b5d9983ebd;419.66;0.01;SELL
2016-03-03T00:26:38.800000;2016-03-03T00:26:38.843000;9f36a792-d507-4271-8ee3-bff96cade5c1;419.66;0.00994405;SELL
2016-03-03T00:27:01.500000;2016-03-03T00:27:01.797000;ed03f1cd-a475-474d-9235-c7e2392d9a59;419.7;0.12073;BUY
2016-03-03T00:27:18.000000;2016-03-03T00:27:18.023000;5d879380-58a3-449f-b99c-21807d8c505a;419.7;0.32;BUY
2016-03-03T00:27:36.223000;2016-03-03T00:27:36.343000;2f4ccc12-d28f-459b-bfa3-661768a687c4;419.7;0.5404;BUY
2016-03-03T00:27:46.327000;2016-03-03T00:27:46.510000;6d83aa2b-803b-4ce8-8cae-159c932d1a94;419.69;0.2;SELL
2016-03-03T00:27:46.327000;2016-03-03T00:27:46.553000;f6bee68f-6552-4369-8b80-ad58d99a5524;419.69;0.9139972;SELL
2016-03-03T00:27:46.330000;2016-03-03T00:27:46.600000;c245b427-4048-4f6b-beac-dc6ebe9938ab;419.66;0.01;SELL
2016-03-03T00:27:46.330000;2016-03-03T00:27:46.643000;6bf39a27-4825-4240-8e16-76be29055f0d;419.65;0.01;SELL
2016-03-03T00:27:46.330000;2016-03-03T00:27:46.697000;7cf54efb-f074-4b91-9862-ed8dcfb343b5;419.64;0.01;SELL
2016-03-03T00:27:46.330000;2016-03-03T00:27:46.743000;7920b00f-f57f-4a52-95cc-2a6389302bf5;419.6;0.01916737;SELL
2016-03-03T00:27:46.330000;2016-03-03T00:27:46.790000;dfb2f8f7-e1da-4c2a-9dc1-5d1b3663abc9;419.52;0.01;SELL
2016-03-03T00:27:46.330000;2016-03-03T00:27:46.807000;b37b3565-1e69-41ab-9f8f-21763543f9df;419.42;0.828;SELL
2016-03-03T00:27:46.330000;2016-03-03T00:27:46.843000;1bcbb982-86da-4110-97d1-1cbe2ae46d65;419.41;0.25983543;SELL
2016-03-03T00:27:52.943000;2016-03-03T00:27:53.003000;45de8944-fe5d-4ae9-abac-94b58604f8fc;419.43;0.01;SELL
2016-03-03T00:27:52.943000;2016-03-03T00:27:53.030000;0ff1643b-6dcc-4924-9728-f44eba4424db;419.42;0.01;SELL
2016-03-03T00:27:52.943000;2016-03-03T00:27:53.047000;4f3da735-da82-45fb-a9a4-baa4a23db98c;419.4;0.01916737;SELL
2016-03-03T00:27:55.123000;2016-03-03T00:27:55.703000;392fd0c4-f7d4-4f36-a0a7-ef1f35409e36;419.34;0.01;SELL
2016-03-03T00:27:55.203000;2016-03-03T00:27:55.747000;305840d9-fdc0-47be-a16e-d7ce012e71fc;419.33;0.04;SELL
2016-03-03T00:27:55.203000;2016-03-03T00:27:55.747000;8ce9b852-eb3a-4f61-a976-4c614429827d;419.32;0.2;SELL
2016-03-03T00:27:55.203000;2016-03-03T00:27:55.747000;7c60fd10-8b97-4ca4-a9b9-8fa7fa146faf;419.2;0.01916737;SELL
2016-03-03T00:27:55.203000;2016-03-03T00:27:55.747000;64592082-bd9a-402a-92a2-ebd525b5fdcb;419.19;0.01;SELL
2016-03-03T00:27:55.207000;2016-03-03T00:27:55.747000;e4dc0c86-af90-4d2e-834e-1b488a116fa6;419.18;0.02;SELL
2016-03-03T00:27:57.543000;2016-03-03T00:27:57.713000;9daf15de-c671-4517-af96-b92d7b0a73fa;419.03;0.01;SELL
2016-03-03T00:27:57.543000;2016-03-03T00:27:57.757000;1c2408bf-15da-488e-baf9-926144f040cc;419.01;0.01;SELL
2016-03-03T00:27:57.543000;2016-03-03T00:27:57.777000;b358e3d6-f66b-464c-a914-2356667623ca;419.0;0.01;SELL
2016-03-03T00:27:57.543000;2016-03-03T00:27:57.817000;b62c3acc-db12-4b76-819e-f59f0369d5aa;419.0;0.19715396;SELL
2016-03-03T00:27:57.543000;2016-03-03T00:27:57.860000;a3fd6f7d-2362-4527-ba45-602ba8eafdef;418.98;0.01;SELL
2016-03-03T00:27:57.543000;2016-03-03T00:27:57.900000;86390371-4f60-4cf7-b965-a507a5509a6f;418.97;0.2;SELL
2016-03-03T00:27:57.543000;2016-03-03T00:27:57.940000;441f58f1-2d6b-4446-b8ac-985e870ae6d1;418.97;0.2;SELL
2016-03-03T00:27:57.547000;2016-03-03T00:27:57.973000;79bb5da7-d561-49d7-823c-4528b7501f46;418.97;0.2;SELL
2016-03-03T00:27:57.547000;2016-03-03T00:27:58.017000;7f8c9b55-a9f5-4acb-ae8f-9b99da26ddef;418.97;0.3;SELL
2016-03-03T00:27:57.547000;2016-03-03T00:27:58.057000;9cfce6a7-d8fc-4d60-a703-28f0c4ddb7dd;418.96;0.2;SELL
2016-03-03T00:27:59.843000;2016-03-03T00:28:00.640000;b55dee79-d537-4dc1-aae7-e8ceebddba6e;418.81;0.01;SELL
2016-03-03T00:27:59.843000;2016-03-03T00:28:00.690000;e0a5d40b-a09f-49b9-a40f-d82451784bd6;418.8;0.01919922;SELL
2016-03-03T00:27:59.843000;2016-03-03T00:28:00.727000;5a3e8761-baf9-4e88-bacd-c5f298c73026;418.79;0.8424;SELL
2016-03-03T00:27:59.843000;2016-03-03T00:28:00.783000;0ac1c050-e277-485c-a82a-c438f7ffe431;418.79;0.01;SELL
2016-03-03T00:28:03.037000;2016-03-03T00:28:03.413000;89c178cc-08df-4f4d-ad06-19ba9fda55b9;418.64;0.02;SELL
2016-03-03T00:28:03.037000;2016-03-03T00:28:03.417000;5c71b811-df74-48f9-9dfd-4d5ac680cf98;418.61;2.5;SELL
2016-03-03T00:28:03.037000;2016-03-03T00:28:03.457000;32d0a547-c763-42d2-abf5-7b98020087d8;418.6;0.01919922;SELL
2016-03-03T00:28:03.037000;2016-03-03T00:28:03.457000;48c1c78b-383c-4462-be28-e6c78543c7cb;418.59;0.01;SELL
2016-03-03T00:28:03.037000;2016-03-03T00:28:03.457000;68be1d24-2771-4f8b-9135-9b9c4ff5ab0d;418.47;0.36891988;SELL
2016-03-03T00:28:04.093000;2016-03-03T00:28:04.273000;9fe74249-bfe6-4501-b8f9-24500b21fbbc;418.36;0.01;SELL
2016-03-03T00:28:04.093000;2016-03-03T00:28:04.273000;d9974aec-c3b8-42b3-b43e-a38cfd646d17;418.36;0.01;SELL
2016-03-03T00:28:04.093000;2016-03-03T00:28:04.323000;60ba9876-b12b-4826-aae4-f0504956cfcc;418.35;0.01;SELL
2016-03-03T00:28:04.097000;2016-03-03T00:28:04.327000;8923b696-6ebc-43e5-b6a9-f819c495a880;418.31;0.12;SELL
2016-03-03T00:28:04.097000;2016-03-03T00:28:04.343000;94e23903-4196-48b2-af61-77bb9fca33b0;418.27;0.0107;SELL
2016-03-03T00:28:04.097000;2016-03-03T00:28:04.387000;a277ac1f-b790-4573-b4c4-257b5548ca2b;418.21;0.05;SELL
2016-03-03T00:28:04.097000;2016-03-03T00:28:04.407000;7bcf089a-1752-4fbc-8166-19792caa485a;418.2;0.5;SELL
2016-03-03T00:28:04.097000;2016-03-03T00:28:04.467000;dccba4dc-c362-4894-ae9d-c3068dfcf162;418.18;0.02307452;SELL
2016-03-03T00:28:04.097000;2016-03-03T00:28:04.510000;56f22c3d-75c5-4162-82bb-ac922d3bbe9a;418.15;0.15;SELL
2016-03-03T00:28:04.097000;2016-03-03T00:28:04.550000;bca6ee61-e908-42dd-bee4-d6506f1d4c0d;418.14;0.7404;SELL
2016-03-03T00:28:04.097000;2016-03-03T00:28:04.587000;8d5d9e0a-275d-45b4-9947-9d01f5e7b5d7;418.1;0.04;SELL
2016-03-03T00:28:04.097000;2016-03-03T00:28:04.620000;ea24ecb1-6179-4629-ad1d-d4525ea701a1;418.07;0.01;SELL
2016-03-03T00:28:04.097000;2016-03-03T00:28:04.663000;6c5b3e1c-e123-453b-b8eb-97457dd9fb8a;418.04;0.03077548;SELL
2016-03-03T00:28:04.387000;2016-03-03T00:28:04.920000;40972d18-7869-4dd5-aae9-2443f296e811;418.37;0.01;SELL
2016-03-03T00:28:06.077000;2016-03-03T00:28:07.047000;381ba339-0519-43bc-9a09-c25dda9de32b;418.04;0.07272452;SELL
2016-03-03T00:28:06.077000;2016-03-03T00:28:07.047000;97fc10d1-465d-4a65-a7ae-e5e9a064c37b;418.01;4.0;SELL
2016-03-03T00:28:06.077000;2016-03-03T00:28:07.047000;ecc8a5a7-356b-4f27-bfa9-6111813f95fb;418.0;0.01;SELL
2016-03-03T00:28:06.077000;2016-03-03T00:28:07.047000;2bd8eb13-e108-430b-a9fd-b1ce8f7d6b51;418.0;0.01005;SELL
2016-03-03T00:28:06.077000;2016-03-03T00:28:07.047000;c716f2f8-cb13-4bb0-a75f-6e2b697e109a;418.0;0.1;SELL
2016-03-03T00:28:06.077000;2016-03-03T00:28:07.147000;8c91c40c-3c28-4df7-90b9-ed2672ec1e5f;418.0;0.03;SELL
2016-03-03T00:28:06.077000;2016-03-03T00:28:07.147000;d845af4a-6de1-4cea-98bb-87640decdf9c;418.0;8.84722548;SELL
2016-03-03T00:28:06.980000;2016-03-03T00:28:07.163000;3974fd7b-66c9-46d0-9a5b-467734188197;418.02;1.21;BUY
2016-03-03T00:28:06.980000;2016-03-03T00:28:07.163000;7f97b809-bb75-441f-86db-a57f90a64027;418.03;2.262;BUY
2016-03-03T00:28:07.417000;2016-03-03T00:28:07.737000;e1a082c3-6070-4258-82ab-e0880f9487c3;418.02;0.02;BUY
2016-03-03T00:28:09.137000;2016-03-03T00:28:09.213000;bf5a93b2-2d55-4d0d-bb8c-8ebe78f70ffa;418.01;0.01;SELL
2016-03-03T00:28:09.137000;2016-03-03T00:28:09.250000;a1edf02f-f98a-443b-860c-e2af15f7c9ec;418.0;33.50277452;SELL
2016-03-03T00:28:09.137000;2016-03-03T00:28:09.280000;17ba602f-f40b-4aa3-9967-868283e5da8e;418.0;1.0;SELL
2016-03-03T00:28:09.140000;2016-03-03T00:28:09.297000;45b711a1-0e32-41e9-9dbf-7f4cf356a54c;418.0;0.19742277;SELL
2016-03-03T00:28:09.140000;2016-03-03T00:28:09.327000;442c5dd9-01f9-4293-9505-77bf3b6875b8;418.0;0.01919922;SELL
2016-03-03T00:28:12.390000;2016-03-03T00:28:12.617000;8aabcc90-de7d-47c6-ab11-d202ea97e8b6;417.87;1.535;SELL
2016-03-03T00:28:12.390000;2016-03-03T00:28:12.617000;04c3cd87-aec9-45ef-8f2e-875b1f51b0a2;417.8;0.01919922;SELL
2016-03-03T00:28:12.390000;2016-03-03T00:28:12.617000;c25f1719-b7a4-45af-8774-bb7e95743a36;417.77;0.1;SELL
2016-03-03T00:28:12.390000;2016-03-03T00:28:12.617000;feaf9814-fcbe-4216-b448-cce913fd41be;417.71;0.00580078;SELL
2016-03-03T00:28:13.493000;2016-03-03T00:28:13.620000;3917f9ea-5c0d-4e6e-b6fe-d1c281622513;417.89;0.2;BUY
2016-03-03T00:28:13.493000;2016-03-03T00:28:13.620000;3992d352-7121-430e-b1c1-cd1682d91d83;417.9;0.57488407;BUY
2016-03-03T00:28:15.457000;2016-03-03T00:28:16.453000;31aa3c70-c0ce-44b2-9911-45e304a8d463;417.87;0.239;SELL
2016-03-03T00:28:15.457000;2016-03-03T00:28:16.453000;574248b6-7eb6-4b98-b42e-5eedf7b19074;417.81;0.250001;SELL
2016-03-03T00:28:16.473000;2016-03-03T00:28:16.673000;190b464d-c732-4379-b83d-19303b79310b;417.87;0.303;BUY
2016-03-03T00:28:16.483000;2016-03-03T00:28:16.673000;41fac485-9a15-40d0-81d2-f14c17d8bbfd;417.87;0.238;BUY
2016-03-03T00:28:16.740000;2016-03-03T00:28:17.147000;f94b7e23-7523-47cc-883b-7586d50be2ea;417.86;0.238;BUY
2016-03-03T00:28:16.840000;2016-03-03T00:28:17.230000;2d85b685-33fb-42c5-90c2-f7fba99e4c8f;417.86;0.239;BUY
2016-03-03T00:28:16.887000;2016-03-03T00:28:17.230000;3e37beb0-6985-46c2-bb9f-9e7921a44466;417.86;0.241;BUY
2016-03-03T00:28:17.137000;2016-03-03T00:28:17.283000;af89875d-3e71-4be9-9a3f-1bba4c254ae5;417.86;0.236;BUY
2016-03-03T00:28:19.077000;2016-03-03T00:28:19.150000;cd4208df-0c51-45cd-8d8d-1a0a025fd09c;417.74;0.084;SELL
2016-03-03T00:28:19.077000;2016-03-03T00:28:19.150000;ded5d22c-b54e-4464-bc87-9b4f3afb39fb;417.71;0.00419922;SELL
2016-03-03T00:28:22.103000;2016-03-03T00:28:22.477000;fb63bf2d-2039-492c-8db0-b70debd26468;417.77;0.01;SELL
2016-03-03T00:28:22.103000;2016-03-03T00:28:22.477000;dbc49e00-61f0-4fb4-b982-ff2be0e05742;417.76;0.01;SELL
2016-03-03T00:28:26.030000;2016-03-03T00:28:26.090000;be78ac52-c96e-4aa5-ba54-47e9d751b990;417.74;0.01;SELL
2016-03-03T00:28:26.030000;2016-03-03T00:28:26.110000;f7c57c91-5a1a-4eaa-871a-22de45cc6340;417.74;0.01;SELL
2016-03-03T00:28:26.030000;2016-03-03T00:28:26.110000;139eff4f-9593-4cf3-bc1f-59b141d0503c;417.74;0.447;SELL
2016-03-03T00:28:30.680000;2016-03-03T00:28:30.830000;f2e25965-74f9-4525-81d5-8bb9f74df3f3;417.6;0.01919922;SELL
2016-03-03T00:28:30.680000;2016-03-03T00:28:30.847000;2e4b6190-306d-4032-8075-d2573e585f69;417.6;0.09;SELL
2016-03-03T00:28:30.727000;2016-03-03T00:28:30.953000;2fdd64a6-b01d-4787-91e8-9b64e3f1d54e;417.7;0.25;BUY
2016-03-03T00:28:30.727000;2016-03-03T00:28:30.993000;49b4b4b0-248a-4b13-8375-53830e6d2f55;417.75;0.2;BUY
2016-03-03T00:28:30.727000;2016-03-03T00:28:31.007000;713599c1-8b6d-4a20-b875-b25a87c70f81;417.77;5.96423;BUY
2016-03-03T00:28:31.520000;2016-03-03T00:28:32.570000;2a6ab018-d7e8-4db3-aeb7-b5d903e09b5a;417.56;0.02;SELL
2016-03-03T00:28:31.520000;2016-03-03T00:28:32.593000;89803b96-360b-4bf6-af3b-59284bae82e9;417.53;0.01;SELL
2016-03-03T00:28:31.520000;2016-03-03T00:28:32.627000;8d62964c-5e48-4443-99d0-a92308ebe8c9;417.5;1.0;SELL
2016-03-03T00:28:31.520000;2016-03-03T00:28:32.627000;07f3d65b-4525-4451-9297-13ed536bd5af;417.49;0.6372;SELL
2016-03-03T00:28:31.520000;2016-03-03T00:28:32.627000;c0ff4693-2426-4ddb-bf13-6ff656318510;417.45;0.0107;SELL
2016-03-03T00:28:31.520000;2016-03-03T00:28:32.627000;18f7f111-5ab7-45d0-b5ed-0e521f25843b;417.42;0.0107;SELL
2016-03-03T00:28:31.520000;2016-03-03T00:28:32.627000;6e6b7241-5d40-4547-be08-c2d705501ca6;417.4;0.01919922;SELL
2016-03-03T00:28:31.520000;2016-03-03T00:28:32.627000;eabdff6f-ed15-4d94-8d58-0000176093f0;417.34;0.01;SELL
2016-03-03T00:28:31.520000;2016-03-03T00:28:32.627000;d7df7d03-3426-4209-ab9e-48c6966af8b5;417.32;0.13375078;SELL
2016-03-03T00:28:36.063000;2016-03-03T00:28:36.183000;41d90c4f-1adc-487d-bab3-5cc9bac87414;417.61;0.01;SELL
2016-03-03T00:28:36.063000;2016-03-03T00:28:36.183000;44785efe-31d6-4347-b065-d554b7001516;417.61;0.4;SELL
2016-03-03T00:28:36.507000;2016-03-03T00:28:36.750000;9b1323fe-d578-4bd2-8069-e1d0fe9e8c31;417.62;0.18;BUY
2016-03-03T00:28:36.637000;2016-03-03T00:28:36.973000;ca84dd19-bdcc-4d27-ab99-c4861e1aadde;417.62;0.07;BUY
2016-03-03T00:28:36.637000;2016-03-03T00:28:37.003000;db7595ea-625d-47f0-9b29-f1a417177e4f;417.7;0.1868;BUY
2016-03-03T00:28:36.657000;2016-03-03T00:28:37.060000;ad03afbe-67ef-4bb3-9d1f-09a0f50af82c;417.7;0.0232;BUY
2016-03-03T00:28:39.133000;2016-03-03T00:28:39.223000;a6544b90-2db5-4f60-ae77-58e9f3c47454;417.61;0.01;SELL
2016-03-03T00:28:39.133000;2016-03-03T00:28:39.223000;4ae9df4a-d0aa-43e8-a3ed-16e56d263aba;417.61;0.437;SELL
2016-03-03T00:28:39.133000;2016-03-03T00:28:39.223000;275aeebc-9965-4d04-a377-450c2ae54ef8;417.6;0.597;SELL
2016-03-03T00:28:39.133000;2016-03-03T00:28:39.223000;d3a136b4-b758-4bbb-b641-86047bc19c2c;417.6;0.597;SELL
2016-03-03T00:28:39.133000;2016-03-03T00:28:39.223000;89588fcf-a91a-445c-baff-1927fd1c74f2;417.6;0.597;SELL
2016-03-03T00:28:39.133000;2016-03-03T00:28:39.223000;99da985d-c571-4b86-9c7e-313c35597952;417.6;0.597;SELL
2016-03-03T00:28:39.133000;2016-03-03T00:28:39.237000;5246ea7b-58ac-4e33-b93a-5abfd7b0954d;417.6;0.242;SELL
2016-03-03T00:28:42.250000;2016-03-03T00:28:43.220000;6498e3f1-faee-4f87-9276-bfd9945d0635;417.58;0.01;SELL
2016-03-03T00:28:42.250000;2016-03-03T00:28:43.263000;6e456b8d-351c-4758-86b5-0df63527c007;417.57;0.25;SELL
2016-03-03T00:28:42.940000;2016-03-03T00:28:44.073000;3dcffc85-9f53-4d4b-b785-20ae52c50080;417.58;0.2;BUY
2016-03-03T00:28:42.997000;2016-03-03T00:28:44.123000;815397f4-f43a-4a69-ab66-653afe67c44e;417.57;1e-06;SELL
2016-03-03T00:28:47.490000;2016-03-03T00:28:47.550000;2533ca13-c779-4ad1-99b1-b3e3f51ac420;417.27;0.01;SELL
2016-03-03T00:28:47.490000;2016-03-03T00:28:47.567000;9a633e90-1d44-4056-a2b5-e7c64acd0d27;417.26;0.01;SELL
2016-03-03T00:28:47.490000;2016-03-03T00:28:47.583000;2ee80857-9bae-408f-97ff-fe111fedc3bd;417.25;0.08;SELL
2016-03-03T00:28:47.490000;2016-03-03T00:28:47.583000;f9fe49c2-3f38-49b3-8662-28dc4e57ce29;417.25;0.126;SELL
2016-03-03T00:28:47.490000;2016-03-03T00:28:47.607000;2eba3951-c2f1-4faa-abc2-9d200772dccf;417.24;0.04;SELL
2016-03-03T00:28:50.573000;2016-03-03T00:28:50.807000;2b399a9b-ef1d-4e63-88c0-c71ea20856cf;417.3;0.250001;SELL
2016-03-03T00:28:50.573000;2016-03-03T00:28:50.867000;8eef7b22-4ed2-4b02-a1a4-ba7ecec9204b;417.28;0.01;SELL
2016-03-03T00:28:50.573000;2016-03-03T00:28:50.910000;95bf9150-cd89-4574-9dac-c2e1cfd59bae;417.28;0.01;SELL
2016-03-03T00:28:50.573000;2016-03-03T00:28:50.937000;227120a4-688b-4ef1-831f-2c833988c4a7;417.27;0.238;SELL
2016-03-03T00:28:50.573000;2016-03-03T00:28:50.967000;9e61b198-809f-4a3c-a719-3bb416c49740;417.27;0.238;SELL
2016-03-03T00:28:50.573000;2016-03-03T00:28:51.003000;0958b51c-f9f6-4a08-8c56-4e047a1ba8f4;417.27;0.238;SELL
2016-03-03T00:28:50.573000;2016-03-03T00:28:51.047000;50d2a7e9-129a-4d48-be6c-2de37eb5bca3;417.27;0.238;SELL
2016-03-03T00:28:50.573000;2016-03-03T00:28:51.097000;62e4f16b-b753-4d87-b159-8468e05b85b7;417.21;0.01;SELL
2016-03-03T00:28:50.573000;2016-03-03T00:28:51.147000;801d5cd9-39d2-456d-b4c7-d027e00018eb;417.21;0.2;SELL
2016-03-03T00:28:50.573000;2016-03-03T00:28:51.183000;f9375550-f9d0-4ecf-98aa-c604d60bcbf0;417.2;0.02;SELL
2016-03-03T00:28:50.573000;2016-03-03T00:28:51.237000;3fd6c7ab-a494-4d91-9815-f33daf99e0af;417.2;0.017999;SELL
2016-03-03T00:28:52.180000;2016-03-03T00:28:53.560000;67466dac-01f0-45e7-b992-4dbd6e8cfb7f;417.26;0.238;BUY
2016-03-03T00:28:52.463000;2016-03-03T00:28:53.600000;c90154b3-9386-41f4-8242-39e4b0a037fb;417.25;0.238;BUY
2016-03-03T00:28:52.567000;2016-03-03T00:28:53.600000;fdfaa325-435a-472f-ac3c-88aaf49aaf50;417.25;0.012;BUY
2016-03-03T00:28:52.567000;2016-03-03T00:28:53.600000;7e1cd614-c63c-4b77-a35c-ecec1ba537c8;417.26;0.441;BUY
2016-03-03T00:28:52.573000;2016-03-03T00:28:53.603000;0747dfa1-c34b-4ecf-8098-a5c9a5ba3cbb;417.26;0.238;BUY
2016-03-03T00:28:52.580000;2016-03-03T00:28:53.603000;efb2145b-40de-4765-a7ad-143c7ae30ddc;417.26;0.238;BUY
2016-03-03T00:28:52.880000;2016-03-03T00:28:53.607000;bf8ba53b-484d-4b44-98ae-63568431c5ee;417.25;0.0220051;BUY
2016-03-03T00:28:53.640000;2016-03-03T00:28:53.713000;0e24ebce-68a4-46c0-a407-3ff90f878f69;417.22;0.01;SELL
2016-03-03T00:28:53.640000;2016-03-03T00:28:53.730000;c83b1b19-2a63-49af-adff-ed6a1dea96b5;417.2;0.00120022;SELL
2016-03-03T00:28:56.670000;2016-03-03T00:28:56.887000;106b106d-ced6-4b72-853b-b87141c37ac8;417.2;0.250001;SELL
2016-03-03T00:29:00.260000;2016-03-03T00:29:00.337000;ee343365-11b0-4ee5-ba2d-ea01033719f7;417.16;0.250001;SELL
2016-03-03T00:29:00.260000;2016-03-03T00:29:00.337000;6b234247-9011-4638-beb5-bd4600daba43;417.16;0.088;SELL
2016-03-03T00:29:00.730000;2016-03-03T00:29:00.853000;c41cfd6f-b6b9-46cd-a72c-e530d6b365a2;417.16;9.71506;BUY
2016-03-03T00:29:01.723000;2016-03-03T00:29:01.847000;5341d18d-0dc6-4e9b-9621-cf32b82032c5;417.04;0.01;SELL
2016-03-03T00:29:01.723000;2016-03-03T00:29:01.847000;ecfa8c25-567d-4c2b-b73b-5ea3b613bf3c;417.03;0.01;SELL
2016-03-03T00:29:01.723000;2016-03-03T00:29:01.847000;ca098fbb-6391-4835-ad0f-df7c999fd6ff;417.02;0.02;SELL
2016-03-03T00:29:01.723000;2016-03-03T00:29:01.847000;8b255c1d-d753-4462-9473-cf6d0f62d251;417.0;0.01;SELL
2016-03-03T00:29:01.723000;2016-03-03T00:29:01.847000;24a1fceb-f487-427b-a1a5-d6a03cba9d02;417.0;0.01006;SELL
2016-03-03T00:29:01.723000;2016-03-03T00:29:01.847000;7f54df26-9d7b-48b1-be75-8ce9dce1ad52;417.0;0.4057899;SELL
2016-03-03T00:29:01.727000;2016-03-03T00:29:01.847000;edd9e6ba-232b-40de-8526-d477fdd279bc;417.0;0.1321301;SELL
2016-03-03T00:29:01.737000;2016-03-03T00:29:01.847000;910ade8c-398f-47e1-b4aa-dfa74ce74d17;417.14;0.06468667;BUY
2016-03-03T00:29:03.880000;2016-03-03T00:29:03.960000;456cc0d3-bebd-4975-8527-73bac2e1a541;417.09;0.2;BUY
2016-03-03T00:29:15.803000;2016-03-03T00:29:15.880000;cc803eb9-699b-4211-90b1-f50724bfd86b;417.1;0.25;BUY
2016-03-03T00:29:30.013000;2016-03-03T00:29:30.097000;e75653c7-3c5b-4492-92ef-b83086cf1113;417.12;0.25;BUY
2016-03-03T00:29:30.013000;2016-03-03T00:29:30.130000;3aeea357-717f-45cf-b7c5-86e2cd482299;417.12;0.56935275;BUY
2016-03-03T00:29:30.013000;2016-03-03T00:29:30.147000;42c6a5d3-84f9-4640-8aa0-91c2eab2d4bb;417.15;1.83964725;BUY
2016-03-03T00:29:31.520000;2016-03-03T00:29:31.670000;b9fed447-2bd6-4b0b-8b10-7faf5f21662e;417.12;0.250001;SELL
2016-03-03T00:29:31.520000;2016-03-03T00:29:31.670000;cb9bf1fa-5355-4ea4-a243-abfcdb3ee1bd;417.12;0.123;SELL
2016-03-03T00:29:31.520000;2016-03-03T00:29:31.670000;c74d430e-cf10-43aa-9a96-58196f07a00d;417.11;0.250001;SELL
2016-03-03T00:29:31.523000;2016-03-03T00:29:31.670000;a05bf495-a780-453f-8969-db689015f68b;417.1;1e-06;SELL
2016-03-03T00:29:31.523000;2016-03-03T00:29:31.670000;337771af-e7a0-4164-88d8-ef00f966f8a9;417.1;0.250001;SELL
2016-03-03T00:29:31.523000;2016-03-03T00:29:31.670000;1a8b0457-9a7a-48d3-877f-86016ef576a1;417.1;0.144;SELL
2016-03-03T00:29:31.523000;2016-03-03T00:29:31.670000;76c190a4-6e73-4933-9a6a-aaef67b8632c;417.1;0.239;SELL
2016-03-03T00:29:31.523000;2016-03-03T00:29:31.670000;49ec5985-19fe-4da8-9a1d-3ac42b0158b5;417.1;0.239;SELL
2016-03-03T00:29:31.523000;2016-03-03T00:29:31.697000;f2d8cc59-03b8-4afa-902e-14c43c8967c9;417.1;0.598;SELL
2016-03-03T00:29:31.523000;2016-03-03T00:29:31.723000;b2a78c3f-e73b-4ff5-a73d-0a5d09188adf;417.1;0.454;SELL
2016-03-03T00:29:31.523000;2016-03-03T00:29:31.757000;871924da-4787-40bd-a74f-281ff2de9e8b;417.1;0.239;SELL
2016-03-03T00:29:31.523000;2016-03-03T00:29:31.773000;b41be3ba-35e7-46c8-82b4-028e82121c7e;417.1;0.239;SELL
2016-03-03T00:29:31.523000;2016-03-03T00:29:31.797000;a6dbe3b0-e1cb-4610-af5d-00f8c532d37f;417.1;0.598;SELL
2016-03-03T00:29:31.523000;2016-03-03T00:29:31.797000;22855819-a15b-44ba-906c-0ab83951203b;417.1;0.237;SELL
2016-03-03T00:29:31.523000;2016-03-03T00:29:31.797000;6334d97e-dfcb-4a85-8290-e82c6b26e39c;417.1;0.241;SELL
2016-03-03T00:29:31.523000;2016-03-03T00:29:31.813000;bbd7f30c-cd32-418a-be0a-f3da9852f251;417.1;0.239;SELL
2016-03-03T00:29:31.523000;2016-03-03T00:29:31.830000;1a35b348-c246-4a88-9970-521ea8716620;417.1;0.24;SELL
2016-03-03T00:29:31.523000;2016-03-03T00:29:31.830000;17a6524b-ad74-45e8-b8c6-16aaed00c5fd;417.1;0.239;SELL
2016-03-03T00:29:31.523000;2016-03-03T00:29:31.847000;c61403aa-a12c-4327-add8-fc3de3b4abc1;417.1;0.243;SELL
2016-03-03T00:29:31.523000;2016-03-03T00:29:31.847000;5108a848-eca6-49d6-8054-93e8e4b4d2ca;417.09;0.250001;SELL
2016-03-03T00:29:31.523000;2016-03-03T00:29:31.873000;241a98e4-905a-4065-9ec1-213a287cd10f;417.08;0.250001;SELL
2016-03-03T00:29:31.527000;2016-03-03T00:29:31.947000;0d3a6d77-9af9-4296-a8b3-c73e6ea8888a;417.03;0.405;SELL
2016-03-03T00:29:31.527000;2016-03-03T00:29:32.043000;f20cdc81-e7ce-43d9-9d55-948cb9f45d53;417.0;0.0678699;SELL
2016-03-03T00:29:31.527000;2016-03-03T00:29:32.097000;93115e2a-42a4-4ab3-9c4c-e66caf2d9d42;417.0;0.1128741;SELL
2016-03-03T00:29:37.260000;2016-03-03T00:29:37.317000;aaa17b07-ae4c-4336-9b4b-8bc41bde10b0;417.12;0.25;BUY
2016-03-03T00:29:46.040000;2016-03-03T00:29:46.103000;d6f44ca1-afcb-4a0d-b382-4a1d8f6f6a2d;417.14;0.25;BUY
2016-03-03T00:29:57.843000;2016-03-03T00:29:57.947000;333bfd5e-9c76-40b9-9c3e-e7249897dabd;417.15;0.250001;BUY
2016-03-03T00:30:01.600000;2016-03-03T00:30:01.743000;cd5f16f8-d8f2-48bd-8ba9-d183a0afda42;417.14;1e-06;SELL
2016-03-03T00:30:01.600000;2016-03-03T00:30:01.743000;b5fca8d2-571c-494c-8e2c-be1a5f4c2e39;417.14;0.250001;SELL
2016-03-03T00:30:01.600000;2016-03-03T00:30:01.743000;276ad217-946c-4e31-aaa5-4765092dbc8c;417.14;0.113;SELL
2016-03-03T00:30:01.603000;2016-03-03T00:30:01.743000;dc2eac13-f678-4615-b9b7-7c72fb52803c;417.14;0.24;SELL
2016-03-03T00:30:01.603000;2016-03-03T00:30:01.743000;564f4d37-15c3-4d5b-955a-dd0836b65a14;417.14;0.599;SELL
2016-03-03T00:30:01.603000;2016-03-03T00:30:01.743000;05800bc4-82be-43e7-a33b-64a5999b30cb;417.14;0.598;SELL
2016-03-03T00:30:01.603000;2016-03-03T00:30:01.743000;32c016f0-84d0-4995-ac55-fbc02e6a9e63;417.14;0.239;SELL
2016-03-03T00:30:01.603000;2016-03-03T00:30:01.743000;c3aaa337-9310-4456-8000-bb4a3cff28fb;417.14;0.239;SELL
2016-03-03T00:30:01.603000;2016-03-03T00:30:01.743000;22e10f8d-d3f7-4bc6-a19d-1dd8de1ebbd7;417.14;0.239;SELL
2016-03-03T00:30:01.603000;2016-03-03T00:30:01.743000;bcfca8fc-6d87-4f84-9e0e-b0fdfbd423d9;417.14;14.205038;SELL
2016-03-03T00:30:02.007000;2016-03-03T00:30:02.107000;186be261-f53d-4c68-9022-99f817065950;417.15;0.07555333;BUY
2016-03-03T00:30:04.567000;2016-03-03T00:30:04.627000;49c94089-35a9-4333-a7f1-75f999a5075a;417.15;0.192;BUY
2016-03-03T00:30:04.580000;2016-03-03T00:30:04.673000;869c98cf-c53b-437a-878a-5254087d3c8b;417.15;0.2112;BUY
2016-03-03T00:30:04.597000;2016-03-03T00:30:04.673000;37524ce3-27eb-4881-8d74-21aa0caea921;417.15;0.096;BUY
2016-03-03T00:30:04.800000;2016-03-03T00:30:04.860000;5338a077-fbbb-43c9-9e19-982610392e3b;417.15;0.0528;BUY
2016-03-03T00:30:04.803000;2016-03-03T00:30:04.880000;1ad5f9aa-a529-4af7-9b13-6dfcacfe1c0b;417.15;0.0832;BUY
2016-03-03T00:30:04.810000;2016-03-03T00:30:04.907000;4a59f441-8274-4b7d-8feb-34904704645b;417.15;0.192;BUY
2016-03-03T00:30:05.413000;2016-03-03T00:30:05.750000;2150c670-310c-4ab0-b48e-c555530ecbc8;417.15;0.051921;BUY
2016-03-03T00:30:08.130000;2016-03-03T00:30:08.323000;4ecccac7-7563-4739-858e-bd86dca91358;417.15;0.250001;BUY
2016-03-03T00:30:15.267000;2016-03-03T00:30:15.323000;5ee956c8-20a9-4411-a417-c8d02e8e83a3;417.15;0.250001;BUY
2016-03-03T00:30:21.223000;2016-03-03T00:30:21.803000;29642fa2-870b-4a95-a957-c213bc4ada08;417.14;1.0;SELL
2016-03-03T00:30:22.640000;2016-03-03T00:30:22.727000;0a0d3846-eada-4896-8e97-ec531a54d4d1;417.15;0.250001;BUY
2016-03-03T00:30:33.763000;2016-03-03T00:30:33.827000;34698235-ad85-4fb5-81ef-ac93b1069799;417.15;0.48;BUY
2016-03-03T00:30:33.763000;2016-03-03T00:30:33.827000;2e0f0808-1a0c-4e0e-8098-8782ce8c83e6;417.16;0.01;BUY
2016-03-03T00:30:33.763000;2016-03-03T00:30:33.843000;bd2a9c88-2ec3-410f-9296-00e4890bef10;417.21;0.48;BUY
