time_exchange;time_coinpai;guid;price;base_amount;taker_side
2016-02-27T00:00:01.653000;2016-02-27T00:00:01.667000;69b01f7b-e708-4a5c-aa97-c71275f831c9;430.84;0.18263;SELL
2016-02-27T00:00:02.190000;2016-02-27T00:00:02.213000;8c6b784d-fa9a-498a-ada7-eb871c984617;430.85;0.25017877;BUY
2016-02-27T00:00:04.463000;2016-02-27T00:00:04.480000;b5611a41-6624-4eb6-b5b7-34ef12f5e6bc;430.85;0.03491876;BUY
2016-02-27T00:00:04.467000;2016-02-27T00:00:04.493000;91170bde-0a0a-497d-90f9-c1e4075cdc42;430.85;2.0;BUY
2016-02-27T00:00:04.467000;2016-02-27T00:00:04.493000;cef6e365-c0fc-4b2a-86ca-6c139f5d6489;430.85;0.01;BUY
2016-02-27T00:00:04.467000;2016-02-27T00:00:04.510000;7febb89a-82fd-4667-b179-a38d9b038104;430.85;0.27028124;BUY
2016-02-27T00:00:04.467000;2016-02-27T00:00:04.573000;aa54ee93-42fa-48fc-887e-84aeef009730;430.85;2.2762;BUY
2016-02-27T00:00:04.470000;2016-02-27T00:00:04.590000;ed09d200-b856-4a30-9448-540d70895448;430.85;6.67057876;BUY
2016-02-27T00:00:18.557000;2016-02-27T00:00:18.573000;a65a4d27-df81-42bf-aa6d-17ae0a4b74c8;430.86;0.01;BUY
2016-02-27T00:00:26.043000;2016-02-27T00:00:26.057000;937a045c-d7d4-489f-ad4a-d7ec13fc00d1;430.86;0.01612582;BUY
2016-02-27T00:00:26.043000;2016-02-27T00:00:26.057000;a01b9d95-c90b-45c4-8142-8711abe44c6b;430.87;0.01;BUY
2016-02-27T00:00:31.670000;2016-02-27T00:00:31.683000;b4f623e5-3796-474d-b999-fc6aec690683;430.87;1.86303;SELL
2016-02-27T00:00:33.927000;2016-02-27T00:00:33.947000;7ea2e5ba-835c-4df9-ac90-848b2784880f;430.88;0.01;BUY
2016-02-27T00:00:33.927000;2016-02-27T00:00:33.963000;090a004a-090e-44a9-919f-821970d9d5f3;430.89;0.02907106;BUY
2016-02-27T00:00:33.927000;2016-02-27T00:00:33.963000;0aa9a754-c496-4060-8913-bc8279310f3a;430.9;0.01342285;BUY
2016-02-27T00:00:33.927000;2016-02-27T00:00:33.963000;27e90127-1a2c-4359-b1e0-2da660aac9f6;430.9;0.49051609;BUY
2016-02-27T00:00:33.947000;2016-02-27T00:00:33.980000;78ab0a15-e88d-40f2-b6dc-8e946883d9b6;430.9;0.46077808;BUY
2016-02-27T00:00:33.953000;2016-02-27T00:00:34.027000;093b2502-a38a-4f05-83c1-2ad25cd6894c;430.9;0.04352815;BUY
2016-02-27T00:00:33.960000;2016-02-27T00:00:34.027000;48bcc71f-b560-4870-b5e8-c890ffd94f25;430.9;0.00517768;BUY
2016-02-27T00:00:33.960000;2016-02-27T00:00:34.043000;5361fe55-ae73-486b-a9a7-dea0e230d049;430.91;0.01;BUY
2016-02-27T00:00:33.960000;2016-02-27T00:00:34.043000;c0457d12-702f-4ae9-86cf-30d2f4be0f8d;430.92;0.026723;BUY
2016-02-27T00:00:33.960000;2016-02-27T00:00:34.043000;8f077681-fa06-4af7-8527-2855252ea1c2;430.93;0.023872;BUY
2016-02-27T00:00:33.960000;2016-02-27T00:00:34.043000;ebd6d649-7229-4d4f-a944-56295f5ce951;430.94;0.01476;BUY
2016-02-27T00:00:33.960000;2016-02-27T00:00:34.043000;0193c956-d15b-43d6-ab9f-605a468b7619;430.95;0.01;BUY
2016-02-27T00:00:33.960000;2016-02-27T00:00:34.043000;80bf95e5-b8ae-4d64-9590-d96e1058e4cb;430.96;0.0242049;BUY
2016-02-27T00:00:33.960000;2016-02-27T00:00:34.043000;8175d41d-abe6-44cb-9f9c-68afec76bfa4;430.99;0.01;BUY
2016-02-27T00:00:33.960000;2016-02-27T00:00:34.043000;932aacc8-9380-4efb-bc21-b0ae2a205251;431.0;0.01001;BUY
2016-02-27T00:00:33.960000;2016-02-27T00:00:34.043000;b7b9ef47-753c-476c-bd9d-fbcd1a5f6f4c;431.0;0.02;BUY
2016-02-27T00:00:33.960000;2016-02-27T00:00:34.043000;1b293eff-26f2-45dd-8295-55cb1ef299fa;431.0;0.02;BUY
2016-02-27T00:00:33.963000;2016-02-27T00:00:34.043000;30d17e17-2719-4d92-b74c-a5e807b1d186;431.01;0.01;BUY
2016-02-27T00:00:33.963000;2016-02-27T00:00:34.043000;c2462f3e-e3b1-4d29-ac31-c6b15416678a;431.03;0.01;BUY
2016-02-27T00:00:33.963000;2016-02-27T00:00:34.043000;f8aafaa6-337d-411b-b905-1932ea548952;431.07;0.01;BUY
2016-02-27T00:00:33.963000;2016-02-27T00:00:34.043000;3053141a-c1c5-43ee-b1b3-4b7d4ce14dfa;431.11;0.01;BUY
2016-02-27T00:00:33.963000;2016-02-27T00:00:34.043000;60173a4b-dcdf-4ab9-a10d-26b71176fdbd;431.12;0.01;BUY
2016-02-27T00:00:33.963000;2016-02-27T00:00:34.043000;d01a21c5-9f92-4e14-8433-78e987deb1ac;431.18;0.19065242;BUY
2016-02-27T00:01:00.380000;2016-02-27T00:01:00.400000;5d99bb49-da3b-438d-91d4-068f1d3ac0f5;431.17;0.01;BUY
2016-02-27T00:01:00.380000;2016-02-27T00:01:00.417000;08f107db-ead1-4d95-a029-c9e691ee27d6;431.18;0.17272979;BUY
2016-02-27T00:01:00.380000;2016-02-27T00:01:00.417000;f3cfc2c3-5edc-489c-9b55-b1e9bb7cb817;431.19;0.01;BUY
2016-02-27T00:01:00.380000;2016-02-27T00:01:00.417000;5fde1b57-c462-4327-8e90-1e6d9faaa9ba;431.2;2.80727021;BUY
2016-02-27T00:01:01.593000;2016-02-27T00:01:01.620000;e0fefca0-1ae4-4d26-9fd4-873f1e879d31;431.18;0.25;SELL
2016-02-27T00:01:01.593000;2016-02-27T00:01:01.620000;d5f9380c-f97d-4cc8-a6d8-dccbe41b9e47;431.17;1.458;SELL
2016-02-27T00:01:01.593000;2016-02-27T00:01:01.620000;2b25ba64-790d-4df4-b95b-fdd4459d62da;431.16;0.02;SELL
2016-02-27T00:01:01.593000;2016-02-27T00:01:01.620000;7c66a2a4-2686-4325-8a7b-0bf39546b5ea;431.16;0.61093;SELL
2016-02-27T00:01:31.387000;2016-02-27T00:01:31.400000;824c3d35-06b9-4c22-89ac-52ababb335a7;431.2;0.77223;BUY
2016-02-27T00:01:42.000000;2016-02-27T00:01:42.010000;485ec61b-a999-46db-9690-58dbfdfcba91;431.2;0.35;BUY
2016-02-27T00:01:42.310000;2016-02-27T00:01:42.340000;d4706708-64c1-45cc-a079-b1a502515cd1;431.2;5.30251979;BUY
2016-02-27T00:01:42.313000;2016-02-27T00:01:42.353000;76b3cb7b-14e3-4a86-bead-40bcc43849b7;431.21;0.02;BUY
2016-02-27T00:01:42.313000;2016-02-27T00:01:42.353000;15ba1ad7-d063-4ae4-9d70-20ce35f6e950;431.21;3.0;BUY
2016-02-27T00:01:42.313000;2016-02-27T00:01:42.353000;e5ebee4c-f318-4417-b302-ee79df628598;431.22;0.016407;BUY
2016-02-27T00:01:42.313000;2016-02-27T00:01:42.353000;67c63ff6-4a4d-4602-ba6e-4fc4d052d0db;431.23;0.01;BUY
2016-02-27T00:01:42.313000;2016-02-27T00:01:42.353000;16cb02d5-31c6-4383-bdc0-59852a2ad8e9;431.24;0.01677129;BUY
2016-02-27T00:01:42.313000;2016-02-27T00:01:42.353000;88e6b31b-2b62-407b-b757-6a631af08204;431.25;0.022;BUY
2016-02-27T00:01:42.313000;2016-02-27T00:01:42.387000;14293ff8-1bee-4382-940a-200058c0992c;431.26;0.0242702;BUY
2016-02-27T00:01:42.313000;2016-02-27T00:01:42.387000;b2bacdf5-94ac-4848-842e-6cc2660506c1;431.27;0.01;BUY
2016-02-27T00:01:42.313000;2016-02-27T00:01:42.417000;f3334fe2-46a8-4db2-b1f6-ac0d306c7061;431.28;0.01;BUY
2016-02-27T00:01:42.313000;2016-02-27T00:01:42.433000;56e73f68-e11d-4e81-9764-eff18c5dac71;431.3;0.01342285;BUY
2016-02-27T00:01:42.313000;2016-02-27T00:01:42.433000;ac263ad1-3ce8-4089-bb98-9b3f4bae6f48;431.3;0.01;BUY
2016-02-27T00:01:42.313000;2016-02-27T00:01:42.433000;dedf31b6-6eb4-4297-80a6-5cb85dbb1620;431.31;0.0233616;BUY
2016-02-27T00:01:42.313000;2016-02-27T00:01:42.433000;6af301b3-30c0-4fe4-ad60-e8c9e6cbff1f;431.33;0.02351076;BUY
2016-02-27T00:01:42.313000;2016-02-27T00:01:42.433000;36b5c785-ae02-484d-80ed-f7cd3e5f4aef;431.34;0.02209277;BUY
2016-02-27T00:01:42.313000;2016-02-27T00:01:42.433000;59ee3f6a-1fd9-4e53-bd33-159d15a16cdf;431.37;0.01;BUY
2016-02-27T00:01:42.313000;2016-02-27T00:01:42.433000;b3a358ff-06a7-4d16-a914-d228a71a0ccb;431.48;0.01;BUY
2016-02-27T00:01:42.313000;2016-02-27T00:01:42.433000;304a8b40-ae7c-4112-8ed6-9c8bc8856afa;431.5;0.01342285;BUY
2016-02-27T00:01:42.313000;2016-02-27T00:01:42.433000;df1fc793-7c12-49fe-8b60-97d169a25343;431.5;0.13495;BUY
2016-02-27T00:01:42.317000;2016-02-27T00:01:42.433000;261efddf-6681-4e37-821b-fdb2b7b6aa9b;431.5;0.05779194;BUY
2016-02-27T00:01:42.317000;2016-02-27T00:01:42.433000;6facb229-2fdb-4857-a2fd-d8c6fd47f67e;431.52;0.31;BUY
2016-02-27T00:01:42.317000;2016-02-27T00:01:42.433000;e608260e-03ef-43ea-abf7-d341a1bb48f9;431.53;0.3;BUY
2016-02-27T00:01:42.317000;2016-02-27T00:01:42.433000;5cf15584-506c-4dbc-8499-6fb4e8e69662;431.55;0.01;BUY
2016-02-27T00:01:42.317000;2016-02-27T00:01:42.433000;0b377d84-4683-4d0f-89bd-c24b5a607ba7;431.56;0.738;BUY
2016-02-27T00:01:42.317000;2016-02-27T00:01:42.433000;85bcf71c-a135-4d1f-9449-e0b6b5332140;431.61;0.726;BUY
2016-02-27T00:01:42.317000;2016-02-27T00:01:42.447000;aa9ef569-f868-4cea-9a40-e42575e0c5db;431.65;0.027;BUY
2016-02-27T00:01:42.317000;2016-02-27T00:01:42.447000;89223a9d-eff5-40ae-9b09-d976fecebd7e;431.66;0.01;BUY
2016-02-27T00:01:42.317000;2016-02-27T00:01:42.447000;f38a855a-6f0f-446d-8f1b-613df6feba5a;431.69;2.8;BUY
2016-02-27T00:01:42.317000;2016-02-27T00:01:42.447000;2335a6ce-e7ea-452d-af88-d9a96f0675d5;431.7;0.728;BUY
2016-02-27T00:01:42.317000;2016-02-27T00:01:42.447000;22295821-f0b7-4ab7-a1d2-5cc8d8652c59;431.7;0.63026706;BUY
2016-02-27T00:02:01.510000;2016-02-27T00:02:01.527000;16a11d4a-855d-44c1-b3c0-36bb59dcbd65;431.71;2.44243;BUY
2016-02-27T00:02:31.447000;2016-02-27T00:02:31.463000;0a217d93-7e92-4841-932e-d160925340df;431.72;0.01;BUY
2016-02-27T00:02:31.447000;2016-02-27T00:02:31.480000;73d5f414-6c52-4aca-a52f-40fbeac2f9d4;431.72;0.08476;BUY
2016-02-27T00:03:01.437000;2016-02-27T00:03:01.447000;3aeb05a0-4b0e-45f0-9ef4-a01ef7288afd;431.73;0.01;BUY
2016-02-27T00:03:01.437000;2016-02-27T00:03:01.463000;e475a561-2e89-455f-8648-76288694c18e;431.73;3.56523;BUY
2016-02-27T00:03:30.170000;2016-02-27T00:03:30.183000;f12cb30c-df8c-4e6d-8a98-cef83ffe4e23;431.73;0.23;BUY
2016-02-27T00:03:31.643000;2016-02-27T00:03:31.650000;e9438bf4-7c90-4ff9-bd21-4570d145700a;431.73;0.39294;BUY
2016-02-27T00:04:01.580000;2016-02-27T00:04:01.640000;213cfbdc-5387-49b2-b5e4-6cfccf00f012;431.72;0.21047;SELL
2016-02-27T00:04:31.650000;2016-02-27T00:04:31.703000;ac9f4471-e4e7-4e77-9a49-febb1763504b;431.73;0.11546;BUY
2016-02-27T00:04:40.370000;2016-02-27T00:04:40.420000;c9798c58-09c6-435e-be4d-42ef8ef5356c;431.72;3.1;SELL
2016-02-27T00:04:40.370000;2016-02-27T00:04:40.437000;c0b4a245-2328-49b6-8455-e636f41df0b0;431.71;21.9;SELL
2016-02-27T00:05:04.380000;2016-02-27T00:05:04.453000;6c6e923c-2c46-4d75-a0b7-113dfb4c4fe6;431.72;0.37647;BUY
2016-02-27T00:05:33.143000;2016-02-27T00:05:33.203000;74e544a1-d753-44ac-8ce2-d3f523a59dbe;431.72;0.72421;BUY
2016-02-27T00:05:52.977000;2016-02-27T00:05:53.030000;80d7d30f-0c1b-414e-bf54-d6e4f3cbb336;431.71;0.5;SELL
2016-02-27T00:06:02.203000;2016-02-27T00:06:02.263000;947e804e-1de3-4371-9a46-b3d7ea519608;431.72;0.11986;BUY
2016-02-27T00:06:09.220000;2016-02-27T00:06:09.263000;9197e0e0-ea4b-4262-8b9b-d5ec66b7f3f6;431.71;0.1;SELL
2016-02-27T00:06:31.640000;2016-02-27T00:06:31.703000;c97e6a51-7cc4-4cbf-8ddf-f4ec427e0ca9;431.71;0.18;SELL
2016-02-27T00:06:31.640000;2016-02-27T00:06:31.717000;3d4f1f24-8f6a-45cc-a445-e1bed10204ac;431.71;0.06;SELL
2016-02-27T00:06:31.640000;2016-02-27T00:06:31.717000;210a71c5-b238-4eff-baf8-6e1bca0daab3;431.71;0.07;SELL
2016-02-27T00:06:31.640000;2016-02-27T00:06:31.717000;4d92afac-46b7-4e39-a249-e154224423f0;431.71;0.02;SELL
2016-02-27T00:06:31.640000;2016-02-27T00:06:31.717000;b29c2a03-d8a0-4470-827c-7da9f1b57778;431.64;0.01;SELL
2016-02-27T00:06:31.640000;2016-02-27T00:06:31.717000;601f8eab-a255-4d07-a95e-1bd96ca6b645;431.63;0.01;SELL
2016-02-27T00:06:31.640000;2016-02-27T00:06:31.717000;199c6e00-f472-4333-8944-9cacf6179301;431.62;0.05813;SELL
2016-02-27T00:06:34.320000;2016-02-27T00:06:34.373000;301ccacd-9282-49f4-ba4b-5b21a707c4d4;431.65;0.05;BUY
2016-02-27T00:06:44.963000;2016-02-27T00:06:45.030000;747ed110-c790-4a1c-a6bc-1377a1947f70;431.64;0.01;SELL
2016-02-27T00:07:02.597000;2016-02-27T00:07:02.657000;8d2a11a2-65c8-4913-b354-932c54030f9f;431.64;1.31917153;BUY
2016-02-27T00:07:02.597000;2016-02-27T00:07:02.670000;1a8f72cb-9208-4b64-b063-c46f4f2bfd84;431.64;1.21;BUY
2016-02-27T00:07:02.597000;2016-02-27T00:07:02.670000;cb404390-ab6d-48cf-a46d-b07e9afa51e6;431.64;0.43137847;BUY
2016-02-27T00:08:01.630000;2016-02-27T00:08:01.670000;91140150-d906-49a8-b461-087ee571bbf6;431.64;0.05;SELL
2016-02-27T00:08:01.630000;2016-02-27T00:08:01.703000;76c5f54c-2f69-4994-a35b-503dc70172b8;431.63;0.01;SELL
2016-02-27T00:08:01.630000;2016-02-27T00:08:01.703000;86a0a88c-cad5-4415-84ff-27df98864fd7;431.63;0.83313;SELL
2016-02-27T00:08:31.523000;2016-02-27T00:08:31.577000;74f20906-4b8f-456a-b226-aa31a3fbbc74;431.65;0.05;BUY
2016-02-27T00:08:31.523000;2016-02-27T00:08:31.577000;191edf9d-ada1-4b2b-a516-5126cc837d73;431.65;0.00914;BUY
2016-02-27T00:08:48.413000;2016-02-27T00:08:48.467000;43f0b0b7-456c-4d1e-bec5-48bde40709be;431.66;0.2;BUY
2016-02-27T00:08:48.417000;2016-02-27T00:08:48.483000;7dee63f6-8eb1-4a2f-8359-704853f60dd9;431.66;0.331;BUY
2016-02-27T00:08:48.417000;2016-02-27T00:08:48.483000;415c9373-ed70-49f4-9c39-3352a9fd0f32;431.67;0.6;BUY
2016-02-27T00:08:48.417000;2016-02-27T00:08:48.483000;b13b04fa-4f2c-4fd1-bab6-8b5c35fa63f5;431.68;0.02774406;BUY
2016-02-27T00:08:48.417000;2016-02-27T00:08:48.500000;25c05de6-13a9-44df-973b-de792c2dc0f8;431.68;0.6;BUY
2016-02-27T00:08:48.417000;2016-02-27T00:08:48.500000;9cb06a77-5b2b-47d2-b0f6-99f66b416478;431.69;0.01423245;BUY
2016-02-27T00:08:48.417000;2016-02-27T00:08:48.500000;1eac4787-ec1a-4ea8-b27e-83f70cbe4512;431.69;1.0;BUY
2016-02-27T00:08:48.417000;2016-02-27T00:08:48.513000;0e511dfb-3334-453e-a692-dee99a1c7f23;431.69;0.8;BUY
2016-02-27T00:08:48.417000;2016-02-27T00:08:48.513000;dd6accdf-34ff-41e3-8113-32ddf9562fe1;431.7;1.2;BUY
2016-02-27T00:08:48.417000;2016-02-27T00:08:48.513000;e8cf9850-7228-418c-a292-bc397d2cdb66;431.7;0.8;BUY
2016-02-27T00:08:48.417000;2016-02-27T00:08:48.513000;ebf15d39-abd0-4869-b700-9a09361c32d8;431.71;0.21047;BUY
2016-02-27T00:08:48.417000;2016-02-27T00:08:48.513000;1ec233d6-503b-46e3-9b88-4e625a8854d9;431.71;0.75;BUY
2016-02-27T00:08:48.417000;2016-02-27T00:08:48.513000;b5d247af-a531-447e-999d-7d2eafe3da3a;431.71;0.2;BUY
2016-02-27T00:08:48.417000;2016-02-27T00:08:48.530000;49ce2987-3db7-4a06-b183-fdccdd32c8a8;431.71;0.346;BUY
2016-02-27T00:08:48.417000;2016-02-27T00:08:48.530000;f2f022aa-384b-4c70-a72f-18fd4f2cf272;431.72;10.006;BUY
2016-02-27T00:08:48.417000;2016-02-27T00:08:48.563000;610cf417-45e4-414a-857b-72b1a484c8c6;431.73;0.0235;BUY
2016-02-27T00:08:48.417000;2016-02-27T00:08:48.563000;39430428-d270-4089-9281-11bce2b2eb32;431.74;0.35;BUY
2016-02-27T00:08:48.417000;2016-02-27T00:08:48.563000;9880bbc6-a873-4cb9-bce7-da8838cddac7;431.75;0.0207;BUY
2016-02-27T00:08:48.417000;2016-02-27T00:08:48.563000;954c126a-dcc7-4853-abad-eb7b99b3a3d8;431.76;0.43528145;BUY
2016-02-27T00:08:48.420000;2016-02-27T00:08:48.563000;589ed4f0-7ecc-44bf-bbbe-e8c311223049;431.76;0.2;BUY
2016-02-27T00:08:48.420000;2016-02-27T00:08:48.563000;b413bced-b86d-4df5-9c11-a91fffbcc1c7;431.76;0.354;BUY
2016-02-27T00:08:48.420000;2016-02-27T00:08:48.563000;effc852f-4918-4585-ab87-984691e58017;431.77;0.01;BUY
2016-02-27T00:08:48.420000;2016-02-27T00:08:48.563000;13588957-3423-4065-9af0-707ef2dec19d;431.78;0.05;BUY
2016-02-27T00:08:48.420000;2016-02-27T00:08:48.563000;df3286d0-7eb7-4091-bef4-486eced60ef9;431.79;0.022822;BUY
2016-02-27T00:08:48.420000;2016-02-27T00:08:48.577000;e553f4ef-eb48-466a-971d-635e224eac4c;431.79;1.62;BUY
2016-02-27T00:08:48.420000;2016-02-27T00:08:48.577000;c31d345c-543b-4dec-b919-9baf3d854165;431.8;4.82825004;BUY
2016-02-27T00:09:01.670000;2016-02-27T00:09:01.717000;9709f1ed-51f9-49b4-a95f-645db29d60bb;431.74;0.043;SELL
2016-02-27T00:09:01.670000;2016-02-27T00:09:01.717000;70411d20-af71-4c60-914d-8fa63457c226;431.74;0.25;SELL
2016-02-27T00:09:01.670000;2016-02-27T00:09:01.733000;878dd95a-ccab-4ea3-9c5c-3f8a8e1fc577;431.72;0.01;SELL
2016-02-27T00:09:01.670000;2016-02-27T00:09:01.733000;b8e1db78-785a-4260-894b-8f80358048e8;431.7;0.01;SELL
2016-02-27T00:09:01.670000;2016-02-27T00:09:01.813000;2f5a44bb-9ea3-43f5-b119-001fd900bc27;431.68;0.20395;SELL
2016-02-27T00:09:31.490000;2016-02-27T00:09:31.547000;d59a7f5f-c491-4b8e-94d8-768627913678;431.76;0.027015;BUY
2016-02-27T00:09:31.490000;2016-02-27T00:09:31.547000;fc8a703c-844b-49e7-b739-aa37a201d42c;431.76;0.116;BUY
2016-02-27T00:09:31.490000;2016-02-27T00:09:31.563000;13f3100e-3b5e-436b-84c0-f03ed70749da;431.76;0.2;BUY
2016-02-27T00:09:31.490000;2016-02-27T00:09:31.563000;ecb554b7-e9db-4273-b02a-a03a39ebc5da;431.77;0.029;BUY
2016-02-27T00:09:31.490000;2016-02-27T00:09:31.563000;9781705f-4465-46b7-8dad-eac17c839a19;431.78;0.02703;BUY
2016-02-27T00:09:31.490000;2016-02-27T00:09:31.577000;029657f1-d4f6-4119-bc34-be8bf1235e2a;431.79;0.02523761;BUY
2016-02-27T00:09:31.490000;2016-02-27T00:09:31.577000;7e1c0228-3f82-4358-92a2-be8c8ce5e04e;431.81;0.01;BUY
2016-02-27T00:09:31.490000;2016-02-27T00:09:31.577000;e2fec56e-bdab-4da4-a74c-cb1a0d8106a9;431.81;0.043;BUY
2016-02-27T00:09:31.490000;2016-02-27T00:09:31.577000;d2fb847a-0121-4572-80ac-26eb5aba7200;431.81;0.103;BUY
2016-02-27T00:09:31.490000;2016-02-27T00:09:31.577000;9a6adce5-2305-4f88-b370-d3eb4a402442;431.82;0.01;BUY
2016-02-27T00:09:31.490000;2016-02-27T00:09:31.593000;a8baf062-692c-4cad-8c57-190e36aea8b7;431.84;0.027;BUY
2016-02-27T00:09:31.490000;2016-02-27T00:09:31.593000;b2a9b90e-ba26-4ff4-82bc-4e86abc3968e;431.84;0.00326739;BUY
2016-02-27T00:10:03.977000;2016-02-27T00:10:04.013000;632607b1-33c3-4677-b795-66591f99c14f;431.85;0.01;BUY
2016-02-27T00:10:03.977000;2016-02-27T00:10:04.030000;6c8c7d7d-3dbb-4e6f-b494-ea1fc65f4db7;431.85;0.00035;BUY
2016-02-27T00:10:31.557000;2016-02-27T00:10:31.610000;9157fffb-e572-4741-9b15-3c935e048565;431.85;0.076;BUY
2016-02-27T00:10:31.593000;2016-02-27T00:10:31.640000;913b6dbf-757c-4e42-891b-159c03b675c0;431.85;0.864;SELL
2016-02-27T00:10:31.593000;2016-02-27T00:10:31.657000;c9c339e1-b3e7-4345-9bd9-cfd31b2c05e4;431.84;0.038;SELL
2016-02-27T00:10:31.593000;2016-02-27T00:10:31.657000;de7ec433-0e02-4594-b836-4af5f3f7f658;431.84;0.25;SELL
2016-02-27T00:10:31.593000;2016-02-27T00:10:31.703000;db2288b8-7c29-4458-b2ef-e88df928c838;431.83;0.038;SELL
2016-02-27T00:10:31.593000;2016-02-27T00:10:31.703000;61cd37c8-9f1f-47b3-8e86-de1404372e67;431.81;0.039;SELL
2016-02-27T00:10:31.597000;2016-02-27T00:10:31.703000;2ec1e59e-957c-4b80-b1f9-26325adb9ace;431.81;1.5;SELL
2016-02-27T00:10:31.597000;2016-02-27T00:10:31.703000;91b3d501-ee61-4726-8e1a-1fa9973b5b76;431.8;0.039;SELL
2016-02-27T00:10:31.597000;2016-02-27T00:10:31.703000;dd5b3493-1e13-450c-923f-55d7cb2ee6f3;431.79;0.04;SELL
2016-02-27T00:10:31.597000;2016-02-27T00:10:31.703000;59d6d14d-657f-41c1-af08-8ca0cbe1b9dc;431.79;0.01;SELL
2016-02-27T00:10:31.597000;2016-02-27T00:10:31.703000;50fc62d9-270a-42ab-891b-7a75fcd3354a;431.78;0.01;SELL
2016-02-27T00:10:31.597000;2016-02-27T00:10:31.703000;804d051b-0a67-41f0-b8b1-423829a3f589;431.78;0.04;SELL
2016-02-27T00:10:31.597000;2016-02-27T00:10:31.703000;3c9e093d-9d49-4a86-972b-b10b8723f7fb;431.77;0.01;SELL
2016-02-27T00:10:31.597000;2016-02-27T00:10:31.703000;5ed9959e-7137-48bf-8921-dafc1006e280;431.77;0.04;SELL
2016-02-27T00:10:31.597000;2016-02-27T00:10:31.703000;00293fd9-ce86-496d-836a-ded722f31674;431.76;0.01;SELL
2016-02-27T00:10:31.597000;2016-02-27T00:10:31.733000;92ce8c65-5508-4d65-9175-b64928e2118b;431.75;0.041;SELL
2016-02-27T00:10:31.597000;2016-02-27T00:10:31.733000;4882040b-96dd-4c1a-af89-abb0b5249ed1;431.75;0.2;SELL
2016-02-27T00:10:31.597000;2016-02-27T00:10:31.733000;25774971-3fba-47fc-8a4e-c12e60604285;431.74;0.042;SELL
2016-02-27T00:10:31.597000;2016-02-27T00:10:31.733000;7aeb653f-1fa5-44bc-8b9a-531055a40e46;431.73;0.042;SELL
2016-02-27T00:10:31.597000;2016-02-27T00:10:31.733000;bad78fa2-e2b7-4001-8ba0-cad3d1925297;431.72;0.01;SELL
2016-02-27T00:10:31.597000;2016-02-27T00:10:31.733000;0c0e09fd-160d-4b1b-9f4c-4e1071c68fba;431.71;0.01;SELL
2016-02-27T00:10:31.597000;2016-02-27T00:10:31.733000;e78748df-2ae5-4c98-b7e8-b7d3f8cd751d;431.7;0.01;SELL
2016-02-27T00:10:31.597000;2016-02-27T00:10:31.733000;3e829472-7289-4f68-bc7f-4a10a5e3615b;431.69;0.01;SELL
2016-02-27T00:10:31.597000;2016-02-27T00:10:31.750000;7b87be95-5c8c-4d21-b5e5-5c9140aa0bc1;431.67;0.01;SELL
2016-02-27T00:10:31.600000;2016-02-27T00:10:31.750000;a5c763b2-ac11-45fd-a0e1-285edbaa33e5;431.67;0.01;SELL
2016-02-27T00:10:31.600000;2016-02-27T00:10:31.750000;5558d854-af2f-4731-813e-daafb3672288;431.66;0.01;SELL
2016-02-27T00:10:31.600000;2016-02-27T00:10:31.750000;677f529d-1cf3-40cf-9646-5102aaa8fca8;431.66;0.01;SELL
2016-02-27T00:10:31.600000;2016-02-27T00:10:31.780000;288b5e38-33cf-4c5f-87b7-f37ac2a19a6d;431.65;0.6;SELL
2016-02-27T00:10:31.600000;2016-02-27T00:10:31.780000;1224980b-1bad-40b4-a5c5-df4fa1035f26;431.64;0.047;SELL
2016-02-27T00:10:31.600000;2016-02-27T00:10:31.780000;f2b27a72-79f9-47c5-aace-83d779cc3417;431.63;0.20411;SELL
2016-02-27T00:11:01.410000;2016-02-27T00:11:01.467000;b54e2700-bb6f-406a-b26c-7da46b97880a;431.82;0.075;BUY
2016-02-27T00:11:01.410000;2016-02-27T00:11:01.467000;5043174a-d9a9-4fae-a9d9-67d20a599ec0;431.82;0.075;BUY
2016-02-27T00:11:01.410000;2016-02-27T00:11:01.467000;6507a258-1840-4425-a8a8-a59ef0456dde;431.82;0.00741;BUY
2016-02-27T00:11:17.420000;2016-02-27T00:11:17.467000;95c39d5a-343e-4098-935f-832492e3af66;431.81;0.033;SELL
2016-02-27T00:11:17.420000;2016-02-27T00:11:17.467000;f1a93ff3-24de-4a8b-8d65-ceebc353d042;431.8;0.01;SELL
2016-02-27T00:11:17.420000;2016-02-27T00:11:17.467000;ba79abf6-dc3d-45c6-b5db-077f2290c153;431.79;0.01;SELL
2016-02-27T00:11:17.420000;2016-02-27T00:11:17.467000;70d1d5a2-8f04-451f-841a-d5cacb1a5f7b;431.76;0.06517509;SELL
2016-02-27T00:11:31.303000;2016-02-27T00:11:31.343000;6e6f3616-13a0-46d5-84f2-cddda798694a;431.82;0.071;BUY
2016-02-27T00:11:31.303000;2016-02-27T00:11:31.360000;47b3105a-d89a-4815-a0f4-2e09b6be2397;431.83;0.017583;BUY
2016-02-27T00:11:31.303000;2016-02-27T00:11:31.360000;73ba3c48-9f90-4406-81a5-75943df78b0b;431.84;0.01;BUY
2016-02-27T00:11:31.303000;2016-02-27T00:11:31.360000;7008826c-ee3d-4b50-8945-62a1fbd7b41c;431.84;0.01;BUY
2016-02-27T00:11:31.303000;2016-02-27T00:11:31.373000;2cdccce5-a2f3-4d60-8693-5f3c45d21895;431.85;0.01;BUY
2016-02-27T00:11:31.303000;2016-02-27T00:11:31.373000;036d16eb-909c-4260-8ca4-fb5523d7966b;431.85;0.01;BUY
2016-02-27T00:11:31.303000;2016-02-27T00:11:31.373000;642ea75c-d4d1-4ceb-a1e5-9471c81f17ee;431.85;0.01;BUY
2016-02-27T00:11:31.303000;2016-02-27T00:11:31.390000;3846b4c3-257e-4a82-a622-c0e36941eaba;431.86;0.0282492;BUY
2016-02-27T00:11:31.303000;2016-02-27T00:11:31.390000;db0f6867-63ee-4056-b36a-75f53b3bc40c;431.87;0.0290833;BUY
2016-02-27T00:11:31.303000;2016-02-27T00:11:31.390000;c3827869-886f-46c8-9629-343af061f209;431.87;0.01;BUY
2016-02-27T00:11:31.307000;2016-02-27T00:11:31.407000;c0faa646-092b-487e-bd90-14a4ef2bf49d;431.87;0.075;BUY
2016-02-27T00:11:31.307000;2016-02-27T00:11:31.407000;6342ff13-7126-4bc2-9f1d-110a0334bc43;431.87;0.075;BUY
2016-02-27T00:11:31.307000;2016-02-27T00:11:31.407000;afd69c0e-7566-473c-a358-44b76157980b;431.87;0.075;BUY
2016-02-27T00:11:31.307000;2016-02-27T00:11:31.407000;64a0eaed-4e42-4892-a8ef-fe91c14d8bd3;431.88;0.0192;BUY
2016-02-27T00:11:31.307000;2016-02-27T00:11:31.407000;d96ed9c2-9d4e-4831-af7f-e72beffd1c21;431.88;0.01;BUY
2016-02-27T00:11:31.307000;2016-02-27T00:11:31.407000;f3f67320-b2f9-4294-be7e-d13b20b84204;431.89;0.01349028;BUY
2016-02-27T00:11:31.307000;2016-02-27T00:11:31.420000;6bee664f-57ee-488f-8b88-ff04102467fb;431.89;0.2;BUY
2016-02-27T00:11:31.307000;2016-02-27T00:11:31.420000;47d5fae7-c0c4-449f-b60f-a915906e0cde;431.9;0.027;BUY
2016-02-27T00:11:31.307000;2016-02-27T00:11:31.420000;adf4f109-9ee6-4c48-8d4e-f403965d5d4d;431.9;0.01;BUY
2016-02-27T00:11:31.307000;2016-02-27T00:11:31.420000;f40b77d0-b140-4e80-bf8b-9097bbaa6ec3;431.91;0.01;BUY
2016-02-27T00:11:31.307000;2016-02-27T00:11:31.437000;708de503-bbf8-4c15-a2dc-62ec15a070ba;431.91;0.01;BUY
2016-02-27T00:11:31.307000;2016-02-27T00:11:31.437000;894b801d-3ce3-4b30-bf15-86cc847bfed6;431.91;0.088;BUY
2016-02-27T00:11:31.307000;2016-02-27T00:11:31.437000;137e7ae3-b889-4d45-a93a-9b3ddcb59f29;431.92;0.56;BUY
2016-02-27T00:11:31.307000;2016-02-27T00:11:31.437000;2d8a875e-020b-471b-8390-1ac0788661f8;431.92;0.01;BUY
2016-02-27T00:11:31.307000;2016-02-27T00:11:31.453000;032e5651-2339-4c3b-b018-969c1288e991;431.93;0.01;BUY
2016-02-27T00:11:31.307000;2016-02-27T00:11:31.453000;c4b55191-05b2-41d9-9fda-e7b43872c348;431.93;0.01;BUY
2016-02-27T00:11:31.307000;2016-02-27T00:11:31.453000;bcbd0b45-12e8-45eb-8cbc-36eddb9f8b34;431.94;0.0286799;BUY
2016-02-27T00:11:31.307000;2016-02-27T00:11:31.453000;b172acb0-511a-4d6d-8409-e3bca684a8b6;431.95;0.1;BUY
2016-02-27T00:11:31.307000;2016-02-27T00:11:31.467000;31fd91b3-9d74-41d6-a69c-85f5de33655a;431.95;0.01;BUY
2016-02-27T00:11:31.310000;2016-02-27T00:11:31.467000;3f57c854-bdcf-48a4-b5af-a226f3e106ed;431.95;0.20018971;BUY
2016-02-27T00:11:31.310000;2016-02-27T00:11:31.467000;d36bbc6e-9e2f-4375-a391-b14f1cf7f82b;431.96;0.02328;BUY
2016-02-27T00:11:31.310000;2016-02-27T00:11:31.467000;87feb1e3-a829-4f12-964f-8f386894e271;431.96;0.074;BUY
2016-02-27T00:11:31.310000;2016-02-27T00:11:31.467000;36f0b4d7-3dfd-413b-b465-6f886910672c;431.97;0.028776;BUY
2016-02-27T00:11:31.310000;2016-02-27T00:11:31.483000;202b4388-104c-4b17-a8a6-ce9a4b0298a5;431.98;0.0257029;BUY
2016-02-27T00:11:31.310000;2016-02-27T00:11:31.483000;f15b6037-3a5f-48f3-a99b-d08d5f54f6d4;431.99;0.0266;BUY
2016-02-27T00:11:31.310000;2016-02-27T00:11:31.483000;18a099b7-894d-4a43-b879-c32bff3376d4;431.99;0.50877571;BUY
2016-02-27T00:11:45.680000;2016-02-27T00:11:45.750000;47a8aba4-b5aa-46ce-af35-38f4f164da97;431.98;0.033;BUY
2016-02-27T00:11:45.680000;2016-02-27T00:11:45.750000;6161201d-e374-4eab-9715-41d67bf18f80;431.99;0.43122429;BUY
2016-02-27T00:11:45.683000;2016-02-27T00:11:45.750000;d1f551f1-62fc-4a1d-aa58-4fea0be38926;432.0;0.01440642;BUY
2016-02-27T00:11:45.683000;2016-02-27T00:11:45.750000;edc605cb-b133-435e-926d-da8841306ce7;432.0;0.01002;BUY
2016-02-27T00:11:45.683000;2016-02-27T00:11:45.767000;14633184-aeae-4e96-ada3-35b7fc116ba4;432.0;0.1;BUY
2016-02-27T00:11:45.683000;2016-02-27T00:11:45.767000;35357f9c-5a0c-47a1-8806-08403379148b;432.0;12.0;BUY
2016-02-27T00:12:00.627000;2016-02-27T00:12:00.670000;0be1e16b-dd4e-45c6-8d74-579a0d9c3a62;432.0;8.6103;SELL
2016-02-27T00:12:01.513000;2016-02-27T00:12:01.547000;5c5c342e-b802-456b-86d2-22dfc2b9c166;432.01;0.0189;BUY
2016-02-27T00:12:01.513000;2016-02-27T00:12:01.563000;c8b7283e-bf21-4f64-928e-6cfd3d64d5f8;432.02;0.02930308;BUY
2016-02-27T00:12:01.513000;2016-02-27T00:12:01.563000;692ace32-fc1a-42ee-bbb3-eeeb65994cf3;432.03;0.03;BUY
2016-02-27T00:12:01.513000;2016-02-27T00:12:01.577000;3f6a5703-7ded-4d03-8f13-39ca784e7a3e;432.04;0.0259052;BUY
2016-02-27T00:12:01.513000;2016-02-27T00:12:01.577000;6f7b4d81-ad84-4a20-a559-c9b575512b31;432.05;0.075;BUY
2016-02-27T00:12:01.513000;2016-02-27T00:12:01.577000;8cb49e70-5bc4-46e9-867b-3f4941230d7f;432.06;0.026;BUY
2016-02-27T00:12:01.513000;2016-02-27T00:12:01.577000;a74ae054-6576-4274-a8d9-b2ffc3924a59;432.09;0.01;BUY
2016-02-27T00:12:01.513000;2016-02-27T00:12:01.593000;909e8c1a-28d0-49b0-9751-eef4a4f17334;432.1;0.108;BUY
2016-02-27T00:12:01.513000;2016-02-27T00:12:01.610000;4e44d507-9e04-40fe-8a46-36d6fd62e512;432.11;0.01;BUY
2016-02-27T00:12:01.513000;2016-02-27T00:12:01.610000;0d313451-0da1-42ea-926c-9cd466815095;432.12;0.124;BUY
2016-02-27T00:12:01.513000;2016-02-27T00:12:01.610000;ed90d18c-a7bd-46f2-9d05-dcdc5a29c687;432.14;0.01;BUY
2016-02-27T00:12:01.513000;2016-02-27T00:12:01.610000;c26ec530-fd58-4205-968a-fd8d1e2bc63e;432.16;0.02;BUY
2016-02-27T00:12:01.513000;2016-02-27T00:12:01.610000;5a6e4740-f63a-48a7-bc5d-43e4ac23490b;432.17;0.01489172;BUY
2016-02-27T00:12:24.033000;2016-02-27T00:12:24.077000;3b78597f-2da1-45ac-a75c-24a5e4ee7aa0;432.18;0.01;BUY
2016-02-27T00:12:24.033000;2016-02-27T00:12:24.093000;bca66d64-cb2c-433a-9245-e8bd485b02b1;432.18;0.074;BUY
2016-02-27T00:12:24.033000;2016-02-27T00:12:24.093000;efeeb040-e008-440d-ace1-7acb51839a71;432.19;0.0201396;BUY
2016-02-27T00:12:24.033000;2016-02-27T00:12:24.093000;607f5d95-1400-4fbf-9937-178cc5b67013;432.2;0.03;BUY
2016-02-27T00:12:24.033000;2016-02-27T00:12:24.093000;900174da-4461-49a7-aabe-e8498158884e;432.21;0.02;BUY
2016-02-27T00:12:24.033000;2016-02-27T00:12:24.110000;eb8c4c37-7db6-4396-b34e-7bba96b8db22;432.22;0.0194707;BUY
2016-02-27T00:12:24.033000;2016-02-27T00:12:24.110000;a0fbe81f-15c0-4ec3-bdf8-d75842a3db04;432.23;0.107;BUY
2016-02-27T00:12:31.523000;2016-02-27T00:12:31.563000;56137c9f-f13a-4c32-8c55-91d90a0c2ae1;432.24;0.02;BUY
2016-02-27T00:12:31.523000;2016-02-27T00:12:31.577000;cb4f8b54-abfb-4748-8afd-0e1dc43bec28;432.25;0.02708095;BUY
2016-02-27T00:12:31.523000;2016-02-27T00:12:31.577000;b40da74e-2a62-429a-b889-ef892523181a;432.26;0.02;BUY
2016-02-27T00:12:31.523000;2016-02-27T00:12:31.577000;e9a5d7f9-2236-4e61-b91d-e57f0b5c996a;432.29;0.01;BUY
2016-02-27T00:12:31.523000;2016-02-27T00:12:31.577000;7497e4a2-c69c-444e-9962-987362b760e8;432.3;0.01342285;BUY
2016-02-27T00:12:31.523000;2016-02-27T00:12:31.577000;452286f4-156c-4379-a3f3-97fb077a4a2b;432.32;0.104;BUY
2016-02-27T00:12:31.523000;2016-02-27T00:12:31.593000;87436d90-e9b5-4b75-a772-64ad8af67d78;432.34;0.093;BUY
2016-02-27T00:12:31.523000;2016-02-27T00:12:31.593000;ee60c0de-0337-4540-be8d-b3b70c951039;432.36;0.01;BUY
2016-02-27T00:12:31.523000;2016-02-27T00:12:31.593000;31abc7b4-b8f0-41c3-ab30-792b0c507262;432.43;0.0844662;BUY
2016-02-27T00:12:51.257000;2016-02-27T00:12:51.313000;35261b29-a4ab-432b-b5ee-ba22a450f575;432.46;0.01;BUY
2016-02-27T00:12:51.257000;2016-02-27T00:12:51.313000;4c97ba07-270f-4af4-bb0f-19c1ede776c0;432.46;0.091;BUY
2016-02-27T00:12:51.257000;2016-02-27T00:12:51.313000;4dd587b4-fb4b-4eb6-bd84-aeac5c6454b4;432.47;0.01;BUY
2016-02-27T00:12:51.257000;2016-02-27T00:12:51.313000;f0ab4e9a-c384-4cec-83db-8766d29a41c2;432.48;0.0241402;BUY
2016-02-27T00:12:51.257000;2016-02-27T00:12:51.327000;fc2a5f30-69ee-4da1-8a3e-92d08d022ffe;432.49;0.0218041;BUY
2016-02-27T00:12:51.257000;2016-02-27T00:12:51.327000;e97ee5a4-cafa-4c13-a6ae-5dc2625a54bd;432.5;0.01342285;BUY
2016-02-27T00:12:51.257000;2016-02-27T00:12:51.327000;aa84f02c-635c-4868-94b4-788abf948147;432.5;0.06963285;BUY
2016-02-27T00:13:01.357000;2016-02-27T00:13:01.390000;9f30be7a-78f3-4321-a41c-26e7c92a282a;432.5;0.12310909;BUY
2016-02-27T00:13:01.357000;2016-02-27T00:13:01.407000;faccfe1f-32c7-44f8-b6a9-5a9fc6b80ae0;432.5;0.00722091;BUY
2016-02-27T00:13:07.443000;2016-02-27T00:13:07.483000;4e460d56-7a15-4326-b8ba-dc021caedc35;432.51;0.02229;BUY
2016-02-27T00:13:07.443000;2016-02-27T00:13:07.500000;57b31cd9-e47f-4cc6-91fd-252e9b0195d6;432.51;0.098;BUY
2016-02-27T00:13:07.443000;2016-02-27T00:13:07.500000;fc1d27e6-2c22-45ce-a678-4b3849939bb2;432.52;0.02455883;BUY
2016-02-27T00:13:16.320000;2016-02-27T00:13:16.360000;17dfc460-e148-4e8f-aa0d-75f68ff0a096;432.5;0.1;BUY
2016-02-27T00:13:16.323000;2016-02-27T00:13:16.373000;de2d38a8-b6c1-40ee-9c12-b15e9b381599;432.5;0.101;BUY
2016-02-27T00:13:28.397000;2016-02-27T00:13:28.453000;87bb6820-a256-45a5-b3b0-1a14c3725bfe;432.51;0.0289146;BUY
2016-02-27T00:13:28.397000;2016-02-27T00:13:28.453000;6a2adb1f-5ed1-4f40-9987-995c75510726;432.51;0.111;BUY
2016-02-27T00:13:28.397000;2016-02-27T00:13:28.453000;d21891ab-63fe-4296-9eae-a40eaa5a50e6;432.52;0.02545648;BUY
2016-02-27T00:13:28.397000;2016-02-27T00:13:28.453000;52362e98-b79d-4154-844c-d719b27391b9;432.53;0.0284;BUY
2016-02-27T00:13:28.397000;2016-02-27T00:13:28.453000;522881e5-53d2-4a9b-be42-60f4f95a5186;432.54;0.01;BUY
2016-02-27T00:13:28.397000;2016-02-27T00:13:28.467000;39f7b504-df98-4c1d-bdbc-2ff07e8d5e98;432.54;0.01;BUY
2016-02-27T00:13:28.397000;2016-02-27T00:13:28.467000;d1b2e125-4c7a-40b0-88f4-f84b73391654;432.56;0.107;BUY
2016-02-27T00:13:31.517000;2016-02-27T00:13:31.577000;0b763098-d1ef-4178-96b8-cc2f16b11f52;432.61;0.106;BUY
2016-02-27T00:13:31.517000;2016-02-27T00:13:31.577000;7ac90bad-bed2-4861-83ad-b1b9092dfe60;432.65;0.01;BUY
2016-02-27T00:13:31.517000;2016-02-27T00:13:31.577000;5176cb59-bdd1-47c7-aa35-d626e247da3c;432.66;0.095;BUY
2016-02-27T00:13:31.520000;2016-02-27T00:13:31.577000;847410f6-ee7f-4fe6-bd55-5b7a1e3e9f47;432.67;0.01;BUY
2016-02-27T00:13:31.520000;2016-02-27T00:13:31.577000;56a6085a-102b-4cb0-bd33-7f983e92067e;432.7;0.01342285;BUY
2016-02-27T00:13:31.520000;2016-02-27T00:13:31.577000;b4eafceb-afcb-4e05-a0cc-227b4f1255df;432.71;0.01564715;BUY
2016-02-27T00:13:53.650000;2016-02-27T00:13:53.687000;722f29f8-a714-48bd-95fd-8b4399bd47ca;432.72;0.01;BUY
2016-02-27T00:13:53.650000;2016-02-27T00:13:53.703000;416d5734-56ab-4497-96f8-b03039769895;432.72;0.073;BUY
2016-02-27T00:13:53.650000;2016-02-27T00:13:53.717000;48e75bd4-cc0c-469b-aec2-dd2b8f0fdc5f;432.72;0.34;BUY
2016-02-27T00:13:53.650000;2016-02-27T00:13:53.717000;1848f042-cf7e-4c9d-9359-a2c9a11d9440;432.73;0.02420425;BUY
2016-02-27T00:13:53.650000;2016-02-27T00:13:53.717000;5709a84a-10c2-4412-9792-ae1088bbd4cf;432.74;0.01;BUY
2016-02-27T00:13:53.650000;2016-02-27T00:13:53.717000;0c242aa8-af0b-49ec-9de2-7f8dd8ff783d;432.75;0.02543;BUY
2016-02-27T00:13:53.650000;2016-02-27T00:13:53.717000;d7747feb-e90e-42b2-a9d9-a57ac186f8ba;432.76;0.02395;BUY
2016-02-27T00:13:53.650000;2016-02-27T00:13:53.733000;ad60d133-8eaa-4c88-94c0-67cb86671657;432.77;0.097;BUY
2016-02-27T00:13:53.650000;2016-02-27T00:13:53.733000;0d932692-c1b2-48c6-ae8e-5ae10fdabb50;432.82;0.094;BUY
2016-02-27T00:13:53.650000;2016-02-27T00:13:53.733000;6eae526d-4ce0-4fcc-a97c-cecf787af90b;432.83;0.6334;BUY
2016-02-27T00:13:53.650000;2016-02-27T00:13:53.733000;0f8e2aca-b458-403c-9be4-d8941823b74f;432.87;0.104;BUY
2016-02-27T00:13:53.653000;2016-02-27T00:13:53.733000;fda17325-a7ef-4781-9521-1524536169b6;432.9;0.01342285;BUY
2016-02-27T00:13:53.653000;2016-02-27T00:13:53.750000;73a00d0e-8632-4025-9183-14c28bc33462;432.9;0.01;BUY
2016-02-27T00:13:53.653000;2016-02-27T00:13:53.750000;31231421-9ae2-4b2d-982b-3dbb37dea902;432.92;0.01;BUY
2016-02-27T00:13:53.653000;2016-02-27T00:13:53.750000;9fc6e65c-fc3d-42be-805a-d221c44a024e;432.92;0.112;BUY
2016-02-27T00:13:53.653000;2016-02-27T00:13:53.767000;bad739b1-653e-4498-a0c3-e87529d5b51a;432.92;1.4195929;BUY
2016-02-27T00:14:01.563000;2016-02-27T00:14:01.593000;66b5094e-28aa-4b42-9111-5503a3f90cd2;432.91;0.27114;BUY
2016-02-27T00:14:07.123000;2016-02-27T00:14:07.157000;82cc458c-c314-41ea-8458-d63150b4ccbd;432.92;0.02559;BUY
2016-02-27T00:14:07.123000;2016-02-27T00:14:07.170000;552557cb-fcec-4bdb-af2a-500980e88ba1;432.92;0.124;BUY
2016-02-27T00:14:07.123000;2016-02-27T00:14:07.170000;d5fcdc16-1f9c-44a7-8f0a-ab34316f5158;432.93;0.41582234;BUY
2016-02-27T00:14:07.123000;2016-02-27T00:14:07.170000;7fcbe1d0-37a4-4f33-9644-5da8269a7c7f;432.94;0.028;BUY
2016-02-27T00:14:07.123000;2016-02-27T00:14:07.170000;e0b70dbc-c454-4359-9570-fb0cd89caffa;432.95;0.01;BUY
2016-02-27T00:14:07.123000;2016-02-27T00:14:07.170000;7980476c-9907-41e6-9064-f1d9d7add60e;432.97;1.19658766;BUY
2016-02-27T00:14:31.657000;2016-02-27T00:14:31.687000;2d641644-c571-4392-a091-cf22c79f28a5;432.96;0.367;BUY
2016-02-27T00:14:31.657000;2016-02-27T00:14:31.703000;31079e49-ab97-472b-a96f-8698e8f3f4ef;432.97;0.22566;BUY
2016-02-27T00:14:52.423000;2016-02-27T00:14:52.453000;66f0642e-4a21-4a85-af13-146f66dec9d3;432.97;0.02759847;BUY
2016-02-27T00:14:52.423000;2016-02-27T00:14:52.467000;36e8a0e4-665f-4276-8c89-8bce44613c4a;432.97;0.19240153;BUY
2016-02-27T00:15:01.717000;2016-02-27T00:15:01.767000;0028e2e7-5b09-4a86-94f3-cdf44c3c3267;432.97;0.354;BUY
2016-02-27T00:15:01.717000;2016-02-27T00:15:01.767000;7d7af064-995e-404b-98b3-360a69fb7491;432.98;0.83792;BUY
2016-02-27T00:16:00.000000;2016-02-27T00:16:00.030000;418299b2-1280-406f-83bb-f9c721d5eadc;432.98;0.16208;BUY
2016-02-27T00:16:00.000000;2016-02-27T00:16:00.047000;286e2211-8237-437a-8a31-d611d3206ecb;432.98;0.1;BUY
2016-02-27T00:16:00.000000;2016-02-27T00:16:00.047000;0d1e1667-90e9-4224-864c-9be93b5edb77;432.98;0.06792;BUY
2016-02-27T00:16:01.453000;2016-02-27T00:16:01.517000;ab44b52e-9b54-4bd1-a05a-e87a57df186f;432.99;0.01;BUY
2016-02-27T00:16:01.453000;2016-02-27T00:16:01.517000;e2f5fb38-c3c2-460f-b720-882f1813852a;433.0;0.01003;BUY
2016-02-27T00:16:01.453000;2016-02-27T00:16:01.517000;2eaab8dd-40f9-458f-a9cd-e31cbd2076f2;433.0;0.41602;BUY
2016-02-27T00:16:31.910000;2016-02-27T00:16:31.937000;ed29df47-b4cd-40f2-9838-c77a832597d5;432.99;0.328;BUY
2016-02-27T00:16:31.910000;2016-02-27T00:16:31.953000;bf7e9b65-230a-4787-9ac9-694e9ea3f386;433.0;1.09091;BUY
2016-02-27T00:16:45.597000;2016-02-27T00:16:45.640000;f9c5ff06-67f0-4bf8-bb5a-02d6eb5ae729;432.99;0.317;BUY
2016-02-27T00:16:47.017000;2016-02-27T00:16:47.063000;02c11d32-2263-4ca5-8ebf-8ffd0369bf83;433.0;0.249862;BUY
2016-02-27T00:16:58.217000;2016-02-27T00:16:58.250000;6a0c03c5-a7f1-4f96-9cb4-a5e1af3d762e;432.99;0.073;SELL
2016-02-27T00:16:58.217000;2016-02-27T00:16:58.250000;b01996a7-2892-47fa-80bd-e92bed578dc4;432.99;0.127;SELL
2016-02-27T00:17:01.560000;2016-02-27T00:17:01.593000;7c881c09-32e4-4277-8cd6-e8e5f232c5c5;432.99;0.02;SELL
2016-02-27T00:17:01.560000;2016-02-27T00:17:01.610000;f746c9f6-74e5-4c7e-945a-24f3c36f390d;432.98;0.05;SELL
2016-02-27T00:17:01.560000;2016-02-27T00:17:01.610000;99451868-0000-4a9c-81e7-b6ec13af4b5e;432.96;0.021;SELL
2016-02-27T00:17:01.560000;2016-02-27T00:17:01.610000;932965aa-8a8a-4ca8-a45c-8d0a89f012ca;432.96;0.75;SELL
2016-02-27T00:17:01.560000;2016-02-27T00:17:01.610000;ee6182e1-de20-4e84-bc11-311a91129e74;432.95;0.022;SELL
2016-02-27T00:17:01.560000;2016-02-27T00:17:01.623000;de1f2d39-743e-43c4-b507-1a29c9349195;432.94;0.023;SELL
2016-02-27T00:17:01.560000;2016-02-27T00:17:01.623000;5a595d46-d746-4cbe-ad55-e8b3186e6a30;432.93;0.023;SELL
2016-02-27T00:17:01.560000;2016-02-27T00:17:01.623000;fe0f6b71-090a-454a-b667-e8752a60ba66;432.92;0.023;SELL
2016-02-27T00:17:01.560000;2016-02-27T00:17:01.623000;b210a0ee-c89b-45ba-8176-2abafb50befe;432.91;0.01;SELL
2016-02-27T00:17:01.560000;2016-02-27T00:17:01.623000;d3224d69-7b83-49df-b452-9fc7a53d643e;432.91;0.122;SELL
2016-02-27T00:17:01.560000;2016-02-27T00:17:01.640000;b42a88be-c913-4c83-92cf-2db7690ea9da;432.9;0.01;SELL
2016-02-27T00:17:01.560000;2016-02-27T00:17:01.640000;a88685fe-4112-4374-b3b7-5ae78abaebff;432.89;0.01;SELL
2016-02-27T00:17:01.563000;2016-02-27T00:17:01.640000;e08663ad-58de-4106-a5f0-7aee24d39304;432.89;0.02429;SELL
2016-02-27T00:17:18.470000;2016-02-27T00:17:18.500000;269f674d-b0db-4cab-9903-a4615a6133ac;432.99;0.075;BUY
2016-02-27T00:17:18.470000;2016-02-27T00:17:18.517000;d52496cd-d230-4935-bb9f-db7a63d5e2f1;432.99;0.012;BUY
2016-02-27T00:17:31.570000;2016-02-27T00:17:31.593000;b94d5885-888f-4867-8983-780625acf8da;433.0;1.63656;BUY
2016-02-27T00:17:36.577000;2016-02-27T00:17:36.610000;c3128b30-4249-4d0e-967c-e9906b5584b8;433.0;0.01;BUY
2016-02-27T00:18:28.423000;2016-02-27T00:18:28.453000;123f8a60-58a5-43e3-9b00-fac05975ee53;433.0;0.1;BUY
2016-02-27T00:18:35.253000;2016-02-27T00:18:35.280000;3604fc7c-894a-462e-a5e6-a6a70913a828;433.0;0.73943;BUY
2016-02-27T00:19:01.520000;2016-02-27T00:19:01.547000;3fb246ad-5ca1-4ecd-921a-b176f0a73f9a;433.0;0.04653;BUY
2016-02-27T00:19:31.617000;2016-02-27T00:19:31.613000;0d6dbdca-dab0-4361-b0f5-0838fd60e771;433.0;0.710688;BUY
2016-02-27T00:19:31.617000;2016-02-27T00:19:31.630000;776ce600-3e87-4b7a-a324-53c3c255e260;433.0;0.1;BUY
2016-02-27T00:19:31.617000;2016-02-27T00:19:31.630000;a36adb20-593e-44b2-b804-45843b4dd2d3;433.0;0.45;BUY
2016-02-27T00:19:31.617000;2016-02-27T00:19:31.630000;2d5be441-3a02-4663-a3ca-1251be7e1506;433.01;0.02305692;BUY
2016-02-27T00:19:31.617000;2016-02-27T00:19:31.643000;414e24f4-a0e7-4bb9-b52f-6f02d15b823a;433.02;0.0244;BUY
2016-02-27T00:19:31.617000;2016-02-27T00:19:31.643000;8c2baa77-0f44-4d53-9617-ef760d4893dc;433.03;0.0241834;BUY
2016-02-27T00:19:31.617000;2016-02-27T00:19:31.643000;43abe0e7-0fc7-4ebf-b5f5-1f6316d40c3c;433.03;0.01;BUY
2016-02-27T00:19:31.617000;2016-02-27T00:19:31.660000;b3f09885-6af5-4c8e-b5ed-2ef003e050bb;433.03;0.075;BUY
2016-02-27T00:19:31.617000;2016-02-27T00:19:31.677000;c7abd7ab-552c-4008-b5ce-10ea18d37774;433.04;0.0292251;BUY
2016-02-27T00:19:31.617000;2016-02-27T00:19:31.677000;906865ad-a54e-4354-a444-2b90a50adfed;433.05;0.02717;BUY
2016-02-27T00:19:31.617000;2016-02-27T00:19:31.677000;d51b832e-5e8d-427f-a309-50c725cf6320;433.06;0.026586;BUY
2016-02-27T00:19:31.617000;2016-02-27T00:19:31.677000;9493d99d-cf76-46bf-8e06-97fdf948c3ef;433.07;0.01;BUY
2016-02-27T00:19:31.617000;2016-02-27T00:19:31.693000;1f669f28-a359-4206-bb40-6372baf838f5;433.08;0.025;BUY
2016-02-27T00:19:31.617000;2016-02-27T00:19:31.693000;e0f9a8ec-0927-49f1-9d8a-b827a26956ab;433.09;0.01;BUY
2016-02-27T00:19:31.617000;2016-02-27T00:19:31.693000;f2ee289e-031d-4ca3-9e83-aa9ef283fd3c;433.1;0.01908695;BUY
2016-02-27T00:19:31.617000;2016-02-27T00:19:31.707000;5b918062-3658-4ca5-988e-0dac28e0c278;433.11;0.1;BUY
2016-02-27T00:19:31.617000;2016-02-27T00:19:31.707000;64336dad-920a-4489-8677-72d5b5256268;433.12;6.01;BUY
2016-02-27T00:19:31.617000;2016-02-27T00:19:31.707000;e6cb5dee-20cb-4b2a-88d5-514584b89f86;433.13;0.31;BUY
2016-02-27T00:19:31.617000;2016-02-27T00:19:31.723000;da0ae646-d083-47b3-a29d-8d40750abecf;433.14;0.0251801;BUY
2016-02-27T00:19:31.617000;2016-02-27T00:19:31.723000;7065c8af-b853-49d2-9811-253da3b2ffff;433.17;0.01;BUY
2016-02-27T00:19:31.617000;2016-02-27T00:19:31.723000;61385915-8d15-4595-9789-d35e524b261c;433.18;0.335;BUY
2016-02-27T00:19:31.617000;2016-02-27T00:19:31.723000;d3123d5f-43d0-40e2-930b-c5613df5acb8;433.21;0.02;BUY
2016-02-27T00:19:31.617000;2016-02-27T00:19:31.740000;f4fa26bc-69cf-4e62-8763-c1e1a1e6a31e;433.21;0.027;BUY
2016-02-27T00:19:31.617000;2016-02-27T00:19:31.740000;933bc76a-90b9-425b-99c5-9d11a7643d76;433.23;0.29;BUY
2016-02-27T00:19:31.620000;2016-02-27T00:19:31.740000;4b5656fe-1e08-41ab-9119-7f0e1481812b;433.28;0.01;BUY
2016-02-27T00:19:31.620000;2016-02-27T00:19:31.740000;3bfb06cb-64e1-4c9c-930e-52de6dd09144;433.28;0.326;BUY
2016-02-27T00:19:31.620000;2016-02-27T00:19:31.740000;33ce6c2a-befc-4593-a971-0853822c37c1;433.28;0.24;BUY
2016-02-27T00:19:31.620000;2016-02-27T00:19:31.740000;afff8a9f-f4ca-4d7e-b3ad-5c517adb06c2;433.32;0.76;BUY
2016-02-27T00:19:31.620000;2016-02-27T00:19:31.753000;d20d4de5-d392-409c-9752-ed53dbd3c252;433.33;0.1;BUY
2016-02-27T00:19:31.620000;2016-02-27T00:19:31.753000;5c792227-722c-4cf8-ae71-6efb8e1f4553;433.33;0.36247827;BUY
2016-02-27T00:19:31.620000;2016-02-27T00:19:31.753000;c4975729-37c9-46ea-88a6-c49930aef1e4;433.33;0.284;BUY
2016-02-27T00:19:31.620000;2016-02-27T00:19:31.753000;0d2325f7-fe5d-41a1-a4f2-8e68e2a8ed43;433.34;1.14;BUY
2016-02-27T00:19:31.620000;2016-02-27T00:19:31.770000;ac38c501-3acc-4fab-a8f1-5852ce4384b0;433.35;0.01;BUY
2016-02-27T00:19:31.620000;2016-02-27T00:19:31.770000;71688da3-6a04-45c7-ab3d-a3e4f0b257cb;433.36;3.99;BUY
2016-02-27T00:19:31.620000;2016-02-27T00:19:31.770000;a930a718-c0a2-4a9b-953b-f9ac092366d0;433.37;0.01;BUY
2016-02-27T00:19:31.620000;2016-02-27T00:19:31.800000;6de83120-1a56-48f2-9cc0-aa86878a49d4;433.37;3.23;BUY
2016-02-27T00:19:31.620000;2016-02-27T00:19:31.800000;8c170197-b08d-4292-94e6-039c0eb935ae;433.38;0.283;BUY
2016-02-27T00:19:31.620000;2016-02-27T00:19:31.800000;8ba61730-1b80-4fb7-9208-cc706f238b15;433.38;1.71;BUY
2016-02-27T00:19:31.620000;2016-02-27T00:19:31.800000;e713b7be-8caf-4c7e-9bbf-fed0023593ad;433.39;0.2;BUY
2016-02-27T00:19:31.620000;2016-02-27T00:19:31.800000;a29ced6c-6c7b-463e-9234-2399f538c926;433.43;0.322;BUY
2016-02-27T00:19:31.620000;2016-02-27T00:19:31.800000;9eca1efa-436b-4aac-8a15-4cf727b52978;433.47;5.51;BUY
2016-02-27T00:19:31.620000;2016-02-27T00:19:31.800000;059843be-c7ce-4874-a91c-6b65e1a41662;433.48;0.328;BUY
2016-02-27T00:19:31.620000;2016-02-27T00:19:31.800000;0a2d4bef-8fa1-4980-8a2a-bad19541b2ec;433.48;1.33;BUY
2016-02-27T00:19:31.620000;2016-02-27T00:19:31.800000;c77e269a-132f-4558-aa3f-3538eadbaaca;433.49;1.38;BUY
2016-02-27T00:19:31.620000;2016-02-27T00:19:31.817000;941b7206-0dd0-4d02-9d63-902509581e83;433.49;0.19;BUY
2016-02-27T00:19:31.620000;2016-02-27T00:19:31.817000;54b8ff02-ff78-4b85-a31c-b23c4864e409;433.5;0.01342285;BUY
2016-02-27T00:19:31.623000;2016-02-27T00:19:31.817000;903cd48a-7a6f-46e6-98b0-9f7f4a3aa942;433.5;0.19215792;BUY
2016-02-27T00:19:31.623000;2016-02-27T00:19:31.817000;8ac20ff4-c2ff-4998-bb4f-4fc5cddbafe6;433.5;1.0;BUY
2016-02-27T00:19:31.623000;2016-02-27T00:19:31.817000;5b81897a-4499-4431-b594-2fc948a6e3af;433.52;0.95;BUY
2016-02-27T00:19:31.623000;2016-02-27T00:19:31.817000;9c724968-35f6-41e4-a050-bd79e5fd3721;433.53;0.01;BUY
2016-02-27T00:19:31.623000;2016-02-27T00:19:31.833000;8fa0ee70-0db2-4e7e-8316-2127bdabc9f7;433.53;0.319;BUY
2016-02-27T00:19:31.623000;2016-02-27T00:19:31.833000;9da81af5-4b02-447f-b5f6-0dc111e4b736;433.54;1.52;BUY
2016-02-27T00:19:31.623000;2016-02-27T00:19:31.833000;5e9f42ee-828d-45e2-95ae-f8940d3377e5;433.55;0.01;BUY
2016-02-27T00:19:31.623000;2016-02-27T00:19:31.847000;5558c5fa-9c6c-4a92-9c01-82d15a217b63;433.57;2.47;BUY
2016-02-27T00:19:31.623000;2016-02-27T00:19:31.847000;0a532869-33ea-4fea-8466-04f4dd55c971;433.58;0.335;BUY
2016-02-27T00:19:31.623000;2016-02-27T00:19:31.847000;90a619f2-6285-4c75-8efa-4f71cdb4e8fb;433.58;1.71;BUY
2016-02-27T00:19:31.623000;2016-02-27T00:19:31.847000;5aa542ad-1dcf-43dc-93fa-c9f6ab4a43e5;433.59;4.95;BUY
2016-02-27T00:19:31.623000;2016-02-27T00:19:31.847000;0bb20813-2d7e-4ed3-80f2-d34486639fc8;433.62;0.01;BUY
2016-02-27T00:19:31.623000;2016-02-27T00:19:31.847000;a4778b24-7bc6-4836-ab77-c0f7b8620ada;433.63;0.342;BUY
2016-02-27T00:19:31.623000;2016-02-27T00:19:31.880000;150ff504-7719-425a-bf89-a2090f6bf592;433.64;0.19;BUY
2016-02-27T00:19:31.623000;2016-02-27T00:19:31.880000;42d807de-bb51-4037-a0e9-67b367902ef0;433.65;0.01;BUY
2016-02-27T00:19:31.623000;2016-02-27T00:19:31.880000;7021a03a-b957-4e4c-9c2d-5485fcd71285;433.67;0.38;BUY
2016-02-27T00:19:31.623000;2016-02-27T00:19:31.880000;8e4a4028-120a-4224-b33e-6a0d7da0b80c;433.68;0.302;BUY
2016-02-27T00:19:31.623000;2016-02-27T00:19:31.880000;48c48bcd-7151-4b68-89f3-bb51c9fb6997;433.69;0.76;BUY
2016-02-27T00:19:31.623000;2016-02-27T00:19:31.893000;a79162e4-57b1-4c0d-adf3-50af691b2d88;433.7;0.01339728;BUY
2016-02-27T00:19:31.623000;2016-02-27T00:19:31.893000;8c4a09bf-aa6e-47fb-a438-7ae5b2a41bcb;433.72;1.71;BUY
2016-02-27T00:19:31.623000;2016-02-27T00:19:31.893000;868ee3b2-4949-4a7b-83fa-9c45d4f9524a;433.73;0.01;BUY
2016-02-27T00:19:31.623000;2016-02-27T00:19:31.893000;217e8314-2e13-42ef-a90b-b1fbe1adb4b7;433.73;0.296;BUY
2016-02-27T00:19:31.623000;2016-02-27T00:19:31.910000;aec729b0-7ea9-432e-af10-427e65b404d5;433.77;2.08996721;BUY
2016-02-27T00:20:01.067000;2016-02-27T00:20:01.067000;b2a75f4e-0daa-43c0-a88d-cd579748a72f;433.68;0.032;SELL
2016-02-27T00:20:01.070000;2016-02-27T00:20:01.083000;f0b88411-70b3-4f04-833f-8d507684f251;433.68;0.25;SELL
2016-02-27T00:20:01.070000;2016-02-27T00:20:01.083000;c297d5cc-e25d-422e-b75f-ae80f5a2b205;433.67;0.032;SELL
2016-02-27T00:20:01.070000;2016-02-27T00:20:01.097000;c77ddbce-846f-4e56-b723-cd73f04a2549;433.66;0.032;SELL
2016-02-27T00:20:01.070000;2016-02-27T00:20:01.097000;1253b9b9-96cf-4bf5-b268-eb8ae155da8f;433.65;0.01;SELL
2016-02-27T00:20:01.070000;2016-02-27T00:20:01.113000;009b23f5-777e-47a9-981d-3efa3b990e09;433.65;0.01;SELL
2016-02-27T00:20:01.070000;2016-02-27T00:20:01.113000;9e408b57-bc7d-4f0d-91fc-c8f0f88b3360;433.64;0.01;SELL
2016-02-27T00:20:01.070000;2016-02-27T00:20:01.130000;0afc6ac8-1efe-46fa-bb3c-a010a83a4c53;433.63;0.01;SELL
2016-02-27T00:20:01.070000;2016-02-27T00:20:01.130000;82b99b28-64f1-4cbd-a1c5-e53b5d69bd08;433.62;0.01;SELL
2016-02-27T00:20:01.070000;2016-02-27T00:20:01.130000;73c100ce-6326-47d3-8034-167a62274ee1;433.62;0.19;SELL
2016-02-27T00:20:01.070000;2016-02-27T00:20:01.143000;f852308e-f720-4009-b442-41fe334237cf;433.61;0.01;SELL
2016-02-27T00:20:01.070000;2016-02-27T00:20:01.143000;9fc8f020-2e19-4545-9aa3-85e43c50af36;433.61;0.19;SELL
2016-02-27T00:20:01.070000;2016-02-27T00:20:01.143000;f95eeeb2-a9be-4383-bad8-5a4e89f752ec;433.6;0.01;SELL
2016-02-27T00:20:01.070000;2016-02-27T00:20:01.160000;21635735-dcbf-4d79-a0bf-f512373f3cf1;433.6;0.38;SELL
2016-02-27T00:20:01.070000;2016-02-27T00:20:01.160000;804b0405-74c3-4666-92a6-a614e5a783ee;433.59;0.01;SELL
2016-02-27T00:20:01.070000;2016-02-27T00:20:01.160000;cf8da728-ec2b-4546-a7e1-6b2c14e8e175;433.58;0.95;SELL
2016-02-27T00:20:01.070000;2016-02-27T00:20:01.160000;0586f525-103e-428a-b229-3f03f8b186a4;433.57;0.01;SELL
2016-02-27T00:20:01.070000;2016-02-27T00:20:01.160000;96b00089-3b0f-4ee0-8802-e56effc10e63;433.57;0.2;SELL
2016-02-27T00:20:01.070000;2016-02-27T00:20:01.177000;ec09ff6b-ef18-4286-b053-7cb181c4abc9;433.57;0.38;SELL
2016-02-27T00:20:01.070000;2016-02-27T00:20:01.177000;338ebdb4-632e-41c2-acc6-28b5a1502f8d;433.56;0.01;SELL
2016-02-27T00:20:01.070000;2016-02-27T00:20:01.177000;e6499dbe-2550-4d1f-9240-d34766d09d21;433.53;1.52;SELL
2016-02-27T00:20:01.070000;2016-02-27T00:20:01.193000;307b0bc1-0453-44bf-9429-a549889b2e63;433.52;0.01;SELL
2016-02-27T00:20:01.070000;2016-02-27T00:20:01.193000;acd5eb80-2534-4ebb-94da-0582d14c6132;433.51;0.95;SELL
2016-02-27T00:20:01.070000;2016-02-27T00:20:01.193000;0a0bd797-0bba-4677-b3cf-624dc7c47225;433.5;0.01;SELL
2016-02-27T00:20:01.073000;2016-02-27T00:20:01.207000;cc551a4a-556b-4e51-a4f9-0ccf84b68cd4;433.48;1.14;SELL
2016-02-27T00:20:01.073000;2016-02-27T00:20:01.207000;01587457-72ac-4f3f-818d-10f150af80ed;433.47;0.01;SELL
2016-02-27T00:20:01.073000;2016-02-27T00:20:01.207000;87efef9c-cc15-49f2-aa81-16886ff93014;433.47;0.01;SELL
2016-02-27T00:20:01.073000;2016-02-27T00:20:01.223000;ad8f52d4-68d2-4799-9a9f-0065653dff11;433.47;0.57;SELL
2016-02-27T00:20:01.073000;2016-02-27T00:20:01.223000;670cfdf1-02d9-4bda-8b7c-3f64e0bf731b;433.46;0.117;SELL
2016-02-27T00:20:01.073000;2016-02-27T00:20:01.223000;c7f97967-265f-4e09-811a-119cd7864791;433.46;0.19;SELL
2016-02-27T00:20:01.073000;2016-02-27T00:20:01.223000;6ec9f0b7-04c5-41b4-8e23-d64c1230ad06;433.45;0.01;SELL
2016-02-27T00:20:01.073000;2016-02-27T00:20:01.223000;a9de3a99-801b-47ed-8214-4e19661f5ad9;433.45;0.01;SELL
2016-02-27T00:20:01.073000;2016-02-27T00:20:01.240000;4b2d6098-53f4-4a08-a14b-d607c2af5205;433.44;0.76;SELL
2016-02-27T00:20:01.073000;2016-02-27T00:20:01.240000;60720019-ec85-4a09-8667-d93d4e5b54e6;433.43;0.01;SELL
2016-02-27T00:20:01.073000;2016-02-27T00:20:01.240000;bcb5b181-105b-4140-99fe-6061455f474e;433.43;0.8;SELL
2016-02-27T00:20:01.073000;2016-02-27T00:20:01.253000;53f218c5-c2db-43bb-ab47-fca4dacd7c8e;433.42;0.19;SELL
2016-02-27T00:20:01.073000;2016-02-27T00:20:01.253000;fdc3a54f-c7f5-48e7-b877-4c80b5a0acf8;433.41;0.01;SELL
2016-02-27T00:20:01.073000;2016-02-27T00:20:01.253000;1175cf80-2442-4b63-a059-4a27796a21ab;433.41;0.38;SELL
2016-02-27T00:20:01.073000;2016-02-27T00:20:01.253000;f46ce150-c551-4818-aa5f-09e4ef9d6174;433.41;0.107;SELL
2016-02-27T00:20:01.077000;2016-02-27T00:20:01.270000;ad69003f-693d-4410-a54d-06ace4eb9171;433.4;0.54;SELL
2016-02-27T00:20:01.077000;2016-02-27T00:20:01.270000;f728fd19-e27c-4843-9aea-d530badfa9d0;433.39;0.01;SELL
2016-02-27T00:20:01.077000;2016-02-27T00:20:01.270000;3cd4c5da-4e84-42b1-8758-207b0b0060df;433.39;0.75;SELL
2016-02-27T00:20:01.077000;2016-02-27T00:20:01.270000;149b170a-4bc0-4773-9371-2cab8631a54a;433.38;0.01;SELL
2016-02-27T00:20:01.077000;2016-02-27T00:20:01.270000;f0dc44b0-11b3-4cb8-859a-cc1ce0088dd9;433.33;3.23;SELL
2016-02-27T00:20:01.077000;2016-02-27T00:20:01.287000;068add48-b742-4a5d-92ca-e017aa2bc9c4;433.32;1.55892;SELL
2016-02-27T00:20:01.860000;2016-02-27T00:20:01.880000;eab92cc5-33e9-43a0-8aac-49137d0316c5;433.64;0.01;BUY
2016-02-27T00:20:01.860000;2016-02-27T00:20:01.880000;041c7907-2d18-4ed7-8886-7229916d70fb;433.65;0.01;BUY
2016-02-27T00:20:01.860000;2016-02-27T00:20:01.893000;e7ad3e08-0536-4390-983c-d27a0a73b06c;433.66;0.01;BUY
2016-02-27T00:20:01.860000;2016-02-27T00:20:01.893000;3c2c672e-66bd-4de4-8274-1a18af8ec6e3;433.67;0.01;BUY
2016-02-27T00:20:01.860000;2016-02-27T00:20:01.893000;06e26111-08e1-4257-b7cb-38dafb7bb978;433.68;0.01;BUY
2016-02-27T00:20:01.860000;2016-02-27T00:20:01.893000;e12b69a9-bfac-4219-a237-1484016a4ccf;433.68;0.68;BUY
2016-02-27T00:20:01.860000;2016-02-27T00:20:01.910000;d1dbc94a-ae18-4cde-8d15-3ca3785a5e37;433.68;0.01;BUY
2016-02-27T00:20:01.860000;2016-02-27T00:20:01.910000;50b871e8-c6b2-44e8-987b-857266514bf7;433.69;0.02469158;BUY
2016-02-27T00:20:01.860000;2016-02-27T00:20:01.910000;684a1526-ea58-4eaf-8a18-cf399a9f7d8c;433.7;0.02781692;BUY
2016-02-27T00:20:01.860000;2016-02-27T00:20:01.910000;f7469b9d-bf3b-4922-834e-8415c2822463;433.71;0.027;BUY
2016-02-27T00:20:01.860000;2016-02-27T00:20:01.910000;16e8a1f9-c4fc-41f5-9a6d-c0e0b403a58b;433.74;0.01;BUY
2016-02-27T00:20:01.860000;2016-02-27T00:20:01.927000;1fe3503c-c6f0-4aef-8a38-f0c601624cb6;433.77;0.01;BUY
2016-02-27T00:20:01.863000;2016-02-27T00:20:01.927000;f4932908-5e43-45e4-8fde-19eb74309893;433.79;0.106;BUY
2016-02-27T00:20:01.863000;2016-02-27T00:20:01.943000;9c52e629-0bb9-48f8-9699-7077926be5e1;433.79;0.01;BUY
2016-02-27T00:20:01.863000;2016-02-27T00:20:01.943000;0264b92b-db19-4bf4-a1b8-247a30083b5a;433.8;5.888;BUY
2016-02-27T00:20:01.863000;2016-02-27T00:20:01.943000;cda95ee0-116b-4b78-98f4-d8276c868be8;433.82;0.01;BUY
2016-02-27T00:20:01.863000;2016-02-27T00:20:01.943000;2db1dbd2-7706-4efb-acb2-5c3f417fa8a4;433.83;0.01;BUY
2016-02-27T00:20:01.863000;2016-02-27T00:20:01.943000;bc63cf33-170f-4731-976a-65fc7261cd18;433.84;0.123;BUY
2016-02-27T00:20:01.863000;2016-02-27T00:20:01.943000;98bbbdd3-94b4-4716-9224-3b9ee3331dd8;433.89;0.118;BUY
2016-02-27T00:20:01.863000;2016-02-27T00:20:01.957000;ae3d4ea9-6fea-4c0d-91c3-8e54f1e9e1f6;433.9;0.01339728;BUY
2016-02-27T00:20:01.863000;2016-02-27T00:20:01.957000;4dfccde1-d255-4c8b-8664-80386ef93ffb;433.91;0.01;BUY
2016-02-27T00:20:01.863000;2016-02-27T00:20:01.957000;3a42a64c-0bbb-4201-9320-cb208c4c61fe;433.91;0.24;BUY
2016-02-27T00:20:01.863000;2016-02-27T00:20:01.957000;bb99a3ae-8569-4ab3-aaf9-3d49cba75fe7;433.91;5.602;BUY
2016-02-27T00:20:01.863000;2016-02-27T00:20:01.973000;8e89f558-b249-4c02-af73-c309591c7d9d;433.93;29.29;BUY
2016-02-27T00:20:01.863000;2016-02-27T00:20:01.973000;738ebdd4-08ca-41e0-98e1-fd82b64d4e36;433.94;0.075;BUY
2016-02-27T00:20:01.863000;2016-02-27T00:20:01.973000;bf6e3fcf-fe4b-41b6-81bb-9b657d440493;433.95;0.1;BUY
2016-02-27T00:20:01.863000;2016-02-27T00:20:01.973000;f3c70a0c-4dec-4a2c-9f74-f11c71243149;433.95;0.01;BUY
2016-02-27T00:20:01.863000;2016-02-27T00:20:01.973000;3176dea8-0060-494d-8b55-2266ce6532d6;433.96;0.01;BUY
2016-02-27T00:20:01.863000;2016-02-27T00:20:01.990000;4df84685-699b-4462-a4b4-3fbf10588522;433.96;4.72;BUY
2016-02-27T00:20:01.863000;2016-02-27T00:20:01.990000;ec12c16d-6cd7-474d-8ab8-f9aaeb51b1ef;433.97;2.82509422;BUY
2016-02-27T00:20:09.333000;2016-02-27T00:20:09.333000;3f37d778-ce2d-45f2-9009-9651e28da047;433.62;0.01;BUY
2016-02-27T00:20:09.333000;2016-02-27T00:20:09.347000;7e3b452e-e0ca-4aa1-990e-d1e3dd0ebcbd;433.62;0.095;BUY
2016-02-27T00:20:09.333000;2016-02-27T00:20:09.347000;b26870d9-151e-4d9b-989d-6bc826d86c5d;433.63;0.01;BUY
2016-02-27T00:20:09.333000;2016-02-27T00:20:09.347000;c50dbed9-4b00-45dc-815b-41eb4729991f;433.64;0.01627939;BUY
2016-02-27T00:20:09.333000;2016-02-27T00:20:09.347000;ecede4ab-360b-4ab3-9117-2f44dc12bf02;433.65;0.01;BUY
2016-02-27T00:20:09.333000;2016-02-27T00:20:09.347000;70e3d0d4-a9ed-4831-aa8e-138458aa82da;433.65;0.01;BUY
2016-02-27T00:20:09.333000;2016-02-27T00:20:09.363000;12130cc0-6699-4796-b7f3-b8a32d32745d;433.67;0.102;BUY
2016-02-27T00:20:09.333000;2016-02-27T00:20:09.363000;78942e14-4dd9-41a9-8ba7-60276d4f86de;433.7;0.01;BUY
2016-02-27T00:20:09.333000;2016-02-27T00:20:09.363000;e26030ba-1747-4d2a-bb02-4a8f0a36024c;433.72;0.109;BUY
2016-02-27T00:20:09.333000;2016-02-27T00:20:09.380000;4861852c-5c26-43ee-b302-f18114dee9c4;433.73;0.01;BUY
2016-02-27T00:20:09.333000;2016-02-27T00:20:09.380000;40dd443f-2b7c-4abc-b4f9-e25cc8745d35;433.76;0.01;BUY
2016-02-27T00:20:09.333000;2016-02-27T00:20:09.380000;56dc16c2-1c17-4ce2-a989-bbe47b29a054;433.77;0.083;BUY
2016-02-27T00:20:09.333000;2016-02-27T00:20:09.380000;ebfb8a8a-824f-48d5-9af5-42599d5c36c2;433.78;0.01;BUY
2016-02-27T00:20:09.333000;2016-02-27T00:20:09.393000;8030c266-9db9-42c6-abf2-8cfde3844f94;433.8;0.01;BUY
2016-02-27T00:20:09.333000;2016-02-27T00:20:09.393000;c6822a55-52e9-4b55-b04d-d7e794508c2b;433.82;0.09;BUY
2016-02-27T00:20:09.337000;2016-02-27T00:20:09.393000;f851c6d1-f1da-41dc-8e57-51abd02e7b97;433.88;5.398;BUY
2016-02-27T00:20:09.337000;2016-02-27T00:20:09.410000;ed8b84aa-87bc-48e3-8ab0-8e36f882f83b;433.89;3.99;BUY
2016-02-27T00:20:09.337000;2016-02-27T00:20:09.410000;1385a024-bb73-4a94-8f27-452015b2fbc6;433.9;0.25;BUY
2016-02-27T00:20:09.337000;2016-02-27T00:20:09.410000;2273c1ce-b7b4-4c24-84db-d84a458f5401;433.92;11.96553224;BUY
2016-02-27T00:20:11.657000;2016-02-27T00:20:11.660000;f3b59f80-6b23-47c4-9b79-b1626ec8ddf8;433.68;0.01;SELL
2016-02-27T00:20:11.657000;2016-02-27T00:20:11.660000;b94dfcdb-bdea-4d44-97f8-4111431b2f3c;433.68;14.63;SELL
2016-02-27T00:20:11.657000;2016-02-27T00:20:11.660000;747c98fe-adb9-40da-807d-605c8f0adc2d;433.67;0.01;SELL
2016-02-27T00:20:11.657000;2016-02-27T00:20:11.677000;a3eef351-0a67-4711-9910-58e29d2715de;433.67;2.09;SELL
2016-02-27T00:20:11.657000;2016-02-27T00:20:11.677000;04e5728b-84d6-47d6-a4dc-981961c80b74;433.67;0.2;SELL
2016-02-27T00:20:11.657000;2016-02-27T00:20:11.677000;387fe966-4a8b-4dd6-92ac-4be25171671f;433.66;0.01;SELL
2016-02-27T00:20:11.657000;2016-02-27T00:20:11.693000;b618f9e9-d041-42c8-b26f-4aba28a2405a;433.66;2.09;SELL
2016-02-27T00:20:11.657000;2016-02-27T00:20:11.693000;09997d94-cf15-4a86-8dc6-a13129062c48;433.66;0.2;SELL
2016-02-27T00:20:11.657000;2016-02-27T00:20:11.693000;acc420c5-2221-4a8b-91bd-f51a3248d20b;433.65;0.01;SELL
2016-02-27T00:20:11.660000;2016-02-27T00:20:11.693000;03060dd5-5f5f-4cd5-8b69-138aeea0609a;433.64;0.01;SELL
2016-02-27T00:20:11.660000;2016-02-27T00:20:11.707000;d41faec2-050f-436a-8978-ac7295853589;433.63;0.01;SELL
2016-02-27T00:20:11.660000;2016-02-27T00:20:11.707000;85a767ea-e77b-4e9a-aa41-8eef981310e3;433.62;0.01;SELL
2016-02-27T00:20:11.660000;2016-02-27T00:20:11.707000;88211d08-01d6-437b-afb3-e8906f86f8f2;433.62;1.71;SELL
2016-02-27T00:20:11.660000;2016-02-27T00:20:11.707000;3b8a484d-da00-4411-84e9-937972553fa9;433.61;0.01;SELL
2016-02-27T00:20:11.660000;2016-02-27T00:20:11.707000;20090de0-cd70-4cf1-aa51-1edb7a49cee4;433.61;0.01;SELL
2016-02-27T00:20:11.660000;2016-02-27T00:20:11.707000;02072923-4d1d-4d5f-84a1-574161719e99;433.59;0.95;SELL
2016-02-27T00:20:11.660000;2016-02-27T00:20:11.723000;6c2c353d-abe7-43a3-be4c-ea243278f0f9;433.58;0.01;SELL
2016-02-27T00:20:11.660000;2016-02-27T00:20:11.723000;0541695f-e0d6-495a-9902-a3317f6e0a68;433.58;0.5;SELL
2016-02-27T00:20:11.660000;2016-02-27T00:20:11.723000;90beb6d1-0f7d-4a22-be35-957f1a31a560;433.57;0.01;SELL
2016-02-27T00:20:11.660000;2016-02-27T00:20:11.740000;41fe3f9c-8469-4a3c-ad22-87e5a951d0fe;433.57;0.01;SELL
2016-02-27T00:20:11.660000;2016-02-27T00:20:11.740000;9ffe68dd-b3ed-4dc4-9bbc-e1addbb26ee6;433.56;0.01;SELL
2016-02-27T00:20:11.660000;2016-02-27T00:20:11.740000;64ff0602-9165-4b63-a37e-76bc7dae1bc5;433.56;0.01;SELL
2016-02-27T00:20:11.660000;2016-02-27T00:20:11.740000;e35e3315-c9c5-4e94-9307-22c0fe8b821b;433.56;0.19;SELL
2016-02-27T00:20:11.660000;2016-02-27T00:20:11.753000;b4d9dc69-079e-4eed-9779-1e82589d6c86;433.55;0.01;SELL
2016-02-27T00:20:11.660000;2016-02-27T00:20:11.753000;3e685ee1-c5fe-4eef-9a7d-5d643d34f2cf;433.46;2.29;SELL
2016-02-27T00:20:31.513000;2016-02-27T00:20:31.503000;7c652d99-dbf0-4c24-8e6a-e6aa03440ab7;433.82;0.021;BUY
2016-02-27T00:20:31.513000;2016-02-27T00:20:31.520000;f4b3668f-c03f-464d-9fbb-ba05931c7152;433.82;0.073;BUY
2016-02-27T00:20:31.513000;2016-02-27T00:20:31.520000;af34b1ed-9242-4117-b0e1-609df918cc96;433.82;0.47;BUY
2016-02-27T00:20:31.513000;2016-02-27T00:20:31.520000;a505f583-5a2f-40f1-9b52-e686404c4303;433.83;0.075;BUY
2016-02-27T00:20:31.513000;2016-02-27T00:20:31.537000;669a8a5b-6af0-457e-af7c-fe41d03d06d9;433.84;0.01;BUY
2016-02-27T00:20:31.517000;2016-02-27T00:20:31.613000;ec2938e9-53d2-467f-9467-3de92554a811;433.84;0.01;BUY
2016-02-27T00:20:31.517000;2016-02-27T00:20:31.613000;f692ddc9-3d52-40ae-a433-897856d916a3;433.85;0.01;BUY
2016-02-27T00:20:31.517000;2016-02-27T00:20:31.613000;8e47103b-cfc7-4921-830c-3bc193c287a4;433.85;0.01;BUY
2016-02-27T00:20:31.517000;2016-02-27T00:20:31.613000;eb26b843-d4a3-46d4-9978-fc1dd0d1a189;433.85;0.01;BUY
2016-02-27T00:20:31.517000;2016-02-27T00:20:31.613000;d3b2a109-b952-4fba-b02c-36a48ea6dd5d;433.86;0.01;BUY
2016-02-27T00:20:31.517000;2016-02-27T00:20:31.613000;770074eb-5ed7-4b73-9b23-77ce769602f8;433.86;0.01;BUY
2016-02-27T00:20:31.517000;2016-02-27T00:20:31.613000;fe620fce-549c-4627-b259-77675c4bef52;433.87;0.01;BUY
2016-02-27T00:20:31.517000;2016-02-27T00:20:31.613000;b2c2798e-4203-4bbd-bd31-00820ad4c691;433.87;0.01;BUY
2016-02-27T00:20:31.517000;2016-02-27T00:20:31.613000;afa49a52-e74f-40ac-a38c-cc8a2d507e5d;433.87;0.167;BUY
2016-02-27T00:20:31.517000;2016-02-27T00:20:31.613000;2506c206-1532-4fd5-a3b9-60d19eee2d9a;433.88;0.01;BUY
2016-02-27T00:20:31.517000;2016-02-27T00:20:31.613000;5f7360c5-7de7-4b63-8ed6-58d23619faf8;433.88;0.01;BUY
2016-02-27T00:20:31.517000;2016-02-27T00:20:31.613000;4da49cd4-b167-4578-ac13-0c8e43a50de4;433.88;0.01;BUY
2016-02-27T00:20:31.517000;2016-02-27T00:20:31.613000;c9ee047f-3bef-47a7-bb58-7a2f828582a2;433.89;0.01;BUY
2016-02-27T00:20:31.517000;2016-02-27T00:20:31.613000;79e388e3-e9ba-496b-a3b8-c43028883283;433.89;0.01;BUY
2016-02-27T00:20:31.517000;2016-02-27T00:20:31.613000;226e6ef9-4a13-4526-b9c5-1f820fad65bb;433.89;0.01;BUY
2016-02-27T00:20:31.517000;2016-02-27T00:20:31.613000;8b7aa5a6-186c-44b1-abf7-6eb79c951606;433.9;0.02;BUY
2016-02-27T00:20:31.520000;2016-02-27T00:20:31.613000;b0df1ff5-c25d-4b8c-b55e-67871dcd71ce;433.9;0.25;BUY
2016-02-27T00:20:31.520000;2016-02-27T00:20:31.613000;cbf726e0-2c95-4e14-8a30-c30d1da5310e;433.91;0.8;BUY
2016-02-27T00:20:31.520000;2016-02-27T00:20:31.613000;5f91b2b1-e2df-4f40-93a5-232365ddeb32;433.92;0.124;BUY
2016-02-27T00:20:31.520000;2016-02-27T00:20:31.613000;8c5fe8ea-53e5-4a78-89bb-2f8a58a24da0;433.92;16.62684;BUY
2016-02-27T00:20:36.587000;2016-02-27T00:20:36.583000;a01b9489-8f45-484d-b73c-09572cdea19f;433.89;0.080838;SELL
2016-02-27T00:20:40.790000;2016-02-27T00:20:40.800000;149a2b7c-4819-4705-b5e1-0d237e7ba719;433.89;0.169162;SELL
2016-02-27T00:20:40.793000;2016-02-27T00:20:40.800000;3d88f610-5a09-489d-b373-d9d535689542;433.88;0.05;SELL
2016-02-27T00:20:40.793000;2016-02-27T00:20:40.800000;a85719d5-828d-4a7c-91d5-a1b9498a15ea;433.87;0.01;SELL
2016-02-27T00:20:40.793000;2016-02-27T00:20:40.817000;e1151463-34b0-4cf1-8007-d8b7f255f7be;433.87;0.01;SELL
2016-02-27T00:20:40.793000;2016-02-27T00:20:40.817000;f2b875e1-0f9f-43d2-bf6b-b16ebe250ecd;433.87;0.05;SELL
2016-02-27T00:20:40.793000;2016-02-27T00:20:40.817000;c82e5f19-6496-4372-ab69-3970053b542a;433.86;0.01;SELL
2016-02-27T00:20:40.793000;2016-02-27T00:20:40.833000;f6ef3384-a640-4141-be05-1cfdede306df;433.86;0.01;SELL
2016-02-27T00:20:40.793000;2016-02-27T00:20:40.833000;ee3d8725-9adf-4af5-ba56-308647ba2f86;433.86;0.05;SELL
2016-02-27T00:20:40.793000;2016-02-27T00:20:40.833000;051ec7d6-1cae-4f74-b6b1-73a33c60a553;433.85;0.01;SELL
2016-02-27T00:20:40.793000;2016-02-27T00:20:40.833000;9e983ffe-ad6d-438c-a295-473e0bc3be33;433.85;0.01;SELL
2016-02-27T00:20:40.793000;2016-02-27T00:20:40.880000;b2d4708f-df66-4612-b6b3-bf68dfde574d;433.85;0.05;SELL
2016-02-27T00:20:40.793000;2016-02-27T00:20:40.893000;062a9a0b-9d18-480c-b94d-98e32d265818;433.84;0.01;SELL
2016-02-27T00:20:40.793000;2016-02-27T00:20:40.893000;e156c52d-1cc7-4c39-8654-e3a0ed448542;433.84;0.01;SELL
2016-02-27T00:20:40.793000;2016-02-27T00:20:40.893000;b10e1943-b959-497a-a507-87adf3a19af7;433.84;0.05;SELL
2016-02-27T00:20:40.793000;2016-02-27T00:20:40.893000;2da0c6ea-7347-4d6f-b731-a7de0794340b;433.83;0.01;SELL
2016-02-27T00:20:40.793000;2016-02-27T00:20:40.893000;6cd269c2-48f0-4cab-8ae5-e4d4d2eeef6e;433.83;0.01;SELL
2016-02-27T00:20:40.793000;2016-02-27T00:20:40.893000;eed084e4-be86-439b-be92-f39517e17eb1;433.82;0.01;SELL
2016-02-27T00:20:40.793000;2016-02-27T00:20:40.893000;c63ef798-26cd-4b0d-80cd-afb6827ee1ab;433.82;0.01;SELL
2016-02-27T00:20:40.793000;2016-02-27T00:20:40.893000;4eb944a4-b805-4ea1-8942-037780a06d30;433.82;0.38;SELL
2016-02-27T00:20:40.797000;2016-02-27T00:20:40.893000;d619ce7a-90e0-4d20-b92d-708c02c4e9b0;433.81;1.3;SELL
2016-02-27T00:20:40.797000;2016-02-27T00:20:40.893000;2de96277-8912-4f86-83a3-fede3fdfcd89;433.77;0.01;SELL
2016-02-27T00:20:40.797000;2016-02-27T00:20:40.893000;82b044c7-51c4-4675-ac00-e7b27d819706;433.77;0.38;SELL
2016-02-27T00:20:40.797000;2016-02-27T00:20:40.893000;c2f02598-8cb2-4a8f-b40c-26511bd3357a;433.76;0.01;SELL
2016-02-27T00:20:40.797000;2016-02-27T00:20:40.893000;cc5d1fd9-5488-45d0-a061-a74b65f69008;433.76;0.02;SELL
2016-02-27T00:20:40.797000;2016-02-27T00:20:40.893000;502c53de-850b-42a6-8e90-672e2e345536;433.76;0.38;SELL
2016-02-27T00:20:40.797000;2016-02-27T00:20:40.910000;da24e69d-2516-4d2b-b985-c0689a954ef1;433.75;0.01;SELL
2016-02-27T00:20:40.797000;2016-02-27T00:20:40.910000;a92bd2b7-1654-4ff5-aedf-8a68f61aa14a;433.75;0.38;SELL
2016-02-27T00:20:40.797000;2016-02-27T00:20:40.910000;d6bdf3d1-c556-428d-8616-9ff358def552;433.74;0.01;SELL
2016-02-27T00:20:40.797000;2016-02-27T00:20:40.910000;0e994d6b-b6ed-4d7d-82a1-974c9b0d2985;433.74;0.57;SELL
2016-02-27T00:20:40.797000;2016-02-27T00:20:40.910000;98c3b638-4602-42f7-808b-84754924da2b;433.73;0.01;SELL
2016-02-27T00:20:40.797000;2016-02-27T00:20:40.927000;67b042da-864e-40c1-a4f2-e6d90b491132;433.73;0.76;SELL
2016-02-27T00:20:40.797000;2016-02-27T00:20:40.927000;26f9ec7e-4143-4d21-a03e-cd48b128c1bc;433.72;0.01;SELL
2016-02-27T00:20:40.797000;2016-02-27T00:20:40.927000;70177c91-d54b-4a9c-8b3d-eff26a2b207b;433.72;0.05;SELL
2016-02-27T00:20:40.797000;2016-02-27T00:20:40.943000;525e116a-bfb6-4335-acda-fb2d2a8ff844;433.72;0.57;SELL
2016-02-27T00:20:40.797000;2016-02-27T00:20:40.943000;6d081295-6c9a-4c91-8e81-a96eb38dc333;433.71;0.01;SELL
2016-02-27T00:20:40.797000;2016-02-27T00:20:40.943000;04039fd8-21ac-4a8c-80c4-1899de83fbdc;433.71;0.05;SELL
2016-02-27T00:20:40.797000;2016-02-27T00:20:40.973000;a6c6ec1f-2fe5-4867-95e7-52fbb9aed84f;433.71;0.92;SELL
2016-02-27T00:20:40.797000;2016-02-27T00:20:40.990000;3447017d-d8a0-4dca-b81f-ceeac17a68c3;433.7;0.01;SELL
2016-02-27T00:20:40.800000;2016-02-27T00:20:40.990000;0cc5d005-d850-4527-8bdc-d20b72c42e5a;433.7;0.05;SELL
2016-02-27T00:20:40.800000;2016-02-27T00:20:40.990000;51064a46-4db9-401e-80eb-d2631090635e;433.7;0.95;SELL
2016-02-27T00:20:40.800000;2016-02-27T00:20:40.990000;1338a295-1ac3-4bb8-9bba-ac67e2db7a97;433.69;0.01;SELL
2016-02-27T00:20:40.800000;2016-02-27T00:20:40.990000;0fdc7e04-50a6-4440-8ae4-3d6f4c417653;433.69;0.05;SELL
2016-02-27T00:20:40.800000;2016-02-27T00:20:40.990000;1252fd7f-ffdd-44b1-85e9-7e6832955ad6;433.69;0.57;SELL
2016-02-27T00:20:40.800000;2016-02-27T00:20:40.990000;94be7a29-3978-43ce-bca5-07af17debe08;433.68;0.05;SELL
2016-02-27T00:20:40.800000;2016-02-27T00:20:40.990000;3c8b18bc-54eb-4946-8fb9-836f6ba59ef8;433.64;2.85;SELL
2016-02-27T00:20:40.800000;2016-02-27T00:20:40.990000;c1b3aeac-6ee2-459f-b0fd-34018f4b35af;433.63;0.01;SELL
2016-02-27T00:20:40.800000;2016-02-27T00:20:40.990000;efe3ef45-8b7e-4265-8fc3-381050b99bb1;433.63;1.14;SELL
2016-02-27T00:20:40.803000;2016-02-27T00:20:40.990000;f5ad849a-57e9-4458-a961-2e368171433d;433.62;0.43;SELL
2016-02-27T00:20:40.803000;2016-02-27T00:20:40.990000;76097d7a-6d1b-475d-9b14-6ed7d6d83973;433.62;0.12;SELL
2016-02-27T00:20:42.723000;2016-02-27T00:20:42.723000;686310c5-6adb-43a1-aa9b-6668963c3818;433.58;1.2;BUY
2016-02-27T00:21:01.423000;2016-02-27T00:21:01.410000;58f5c4dc-e5a3-4a0d-9f3e-7c78ec01e294;433.58;0.05;SELL
2016-02-27T00:21:01.423000;2016-02-27T00:21:01.427000;407e67e9-7836-4a47-98ef-b543845c78be;433.58;0.00051;SELL
2016-02-27T00:21:31.423000;2016-02-27T00:21:31.410000;2ea6df1a-630e-442f-a48b-8d4bef6fd4d1;433.58;0.05;SELL
2016-02-27T00:21:31.423000;2016-02-27T00:21:31.427000;b7eb9b60-d062-40d5-9bba-ac0f0ba0c806;433.58;0.0496;SELL
2016-02-27T00:21:51.063000;2016-02-27T00:21:51.050000;52223d47-64d3-49a1-bc88-90d1bcf70451;433.58;0.04151483;SELL
2016-02-27T00:22:01.903000;2016-02-27T00:22:01.893000;6295db0b-166e-428e-85d6-fbb233a13552;433.59;0.02;BUY
2016-02-27T00:22:01.903000;2016-02-27T00:22:01.893000;3475f826-f6e4-44f5-8208-94e65298c789;433.59;0.1;BUY
2016-02-27T00:22:01.903000;2016-02-27T00:22:01.927000;e8e02e98-f8f6-42a8-95a2-35c6b742451b;433.59;0.039;BUY
2016-02-27T00:22:01.903000;2016-02-27T00:22:01.927000;55fbaf9f-7fe9-4d43-a8df-f4a6bf83deed;433.6;0.03;BUY
2016-02-27T00:22:01.903000;2016-02-27T00:22:01.927000;b68205fc-0538-4cb4-8cb4-5d0e0567aaaf;433.6;0.22274;BUY
2016-02-27T00:22:03.267000;2016-02-27T00:22:03.253000;0b7d5670-5f87-4073-b227-5d3590970e6e;433.6;0.080838;SELL
2016-02-27T00:22:12.983000;2016-02-27T00:22:12.973000;aa7dbe1e-8d8c-48bf-a8eb-9edeb97ea96d;433.6;0.080838;SELL
2016-02-27T00:22:22.363000;2016-02-27T00:22:22.347000;11b5fbda-8aed-49b5-8558-b0f69ff096de;433.6;0.080838;SELL
2016-02-27T00:22:31.443000;2016-02-27T00:22:31.427000;e9d6220c-7489-43b0-9f9b-5d59c3f26b17;433.6;0.169162;SELL
2016-02-27T00:22:35.323000;2016-02-27T00:22:35.317000;f8cb0e1f-095c-4121-9a7a-919962c2acbb;433.61;0.02846799;BUY
2016-02-27T00:22:35.323000;2016-02-27T00:22:35.317000;8f3b729f-fe4e-4a22-8760-817b352eb822;433.62;0.0191;BUY
2016-02-27T00:22:35.327000;2016-02-27T00:22:35.317000;1ed43d12-ecfa-4013-b86e-7aa2d8b0730f;433.63;0.0195485;BUY
2016-02-27T00:22:35.327000;2016-02-27T00:22:35.347000;c4773e8b-301d-4a08-af10-da41ebe5f1b4;433.64;0.01027351;BUY
2016-02-27T00:23:01.920000;2016-02-27T00:23:01.927000;1cf8e946-5e21-4c4a-af32-a64a506109e0;433.63;0.044;SELL
2016-02-27T00:23:01.920000;2016-02-27T00:23:01.927000;63e23c36-07d6-4c06-85fa-7f6d6dec093d;433.62;0.25;SELL
2016-02-27T00:23:01.920000;2016-02-27T00:23:01.927000;c4596e36-b264-47ad-8f0a-370481a1036f;433.61;0.75;SELL
2016-02-27T00:23:01.920000;2016-02-27T00:23:01.927000;ad6c4afb-eca8-4fc4-ad7f-01ec9967047b;433.58;0.24888517;SELL
2016-02-27T00:23:01.920000;2016-02-27T00:23:01.957000;7140ce5a-ecf3-4214-b452-914b429f18c8;433.58;0.086;SELL
2016-02-27T00:23:01.920000;2016-02-27T00:23:01.957000;ffb8073f-de63-407b-9454-1cfeb81a7666;433.58;1.28;SELL
2016-02-27T00:23:01.920000;2016-02-27T00:23:01.957000;9b05983b-cc95-437f-9155-cc99c2713e43;433.53;0.086;SELL
2016-02-27T00:23:01.920000;2016-02-27T00:23:01.957000;41dc4341-51a1-4dcb-9b83-f4847436d25b;433.52;0.01;SELL
2016-02-27T00:23:01.920000;2016-02-27T00:23:01.957000;c11be975-ce88-4b17-a02d-eb5613593e19;433.52;3.58;SELL
2016-02-27T00:23:01.920000;2016-02-27T00:23:01.957000;18edf744-1555-4189-9b69-35c4ffb4dd76;433.49;0.01;SELL
2016-02-27T00:23:01.920000;2016-02-27T00:23:01.957000;bf1d691d-7bbb-4107-9604-8443ed8fb158;433.48;0.102;SELL
2016-02-27T00:23:01.920000;2016-02-27T00:23:01.957000;f2c7d362-aca8-4862-9839-36fd1c03d249;433.47;2.12;SELL
2016-02-27T00:23:01.920000;2016-02-27T00:23:01.973000;00108060-1bc5-4c44-8664-f8fb8d9b7916;433.44;0.2;SELL
2016-02-27T00:23:01.920000;2016-02-27T00:23:01.973000;8b91af36-0af5-4005-9753-cd8831f13ea4;433.4;0.01873489;SELL
2016-02-27T00:23:01.920000;2016-02-27T00:23:01.973000;c2fc7d51-f759-4551-b0ba-3add72688e94;433.4;0.128;SELL
2016-02-27T00:23:01.920000;2016-02-27T00:23:02.003000;eed52c1a-b6d5-4355-bd03-739dd669f84a;433.39;0.8;SELL
2016-02-27T00:23:01.920000;2016-02-27T00:23:02.003000;29d1248e-277a-4ee5-8964-2e32d7453aea;433.38;1.912;SELL
2016-02-27T00:23:01.920000;2016-02-27T00:23:02.003000;5d3f3cfc-9038-4464-b369-d99ee5c5ade0;433.33;1.881;SELL
2016-02-27T00:23:01.920000;2016-02-27T00:23:02.003000;a656e607-1b86-4136-a762-c6d5d3e80c98;433.28;1.922;SELL
2016-02-27T00:23:01.923000;2016-02-27T00:23:02.003000;a1bb32e9-f661-49ed-959c-0b3ba323e4ae;433.27;0.01;SELL
2016-02-27T00:23:01.923000;2016-02-27T00:23:02.003000;41f0fd98-1565-4070-ae2d-f96e13033bcc;433.26;0.01;SELL
2016-02-27T00:23:01.923000;2016-02-27T00:23:02.020000;f93e222d-24ed-486a-be51-8fac00288801;433.23;1.897;SELL
2016-02-27T00:23:01.923000;2016-02-27T00:23:02.020000;560db801-5376-4a47-b7dc-193b89f6e7c9;433.22;0.01;SELL
2016-02-27T00:23:01.923000;2016-02-27T00:23:02.020000;766d1906-a625-45ec-8698-497ae970e695;433.2;0.01;SELL
2016-02-27T00:23:01.923000;2016-02-27T00:23:02.020000;701d35cc-43f8-4e4b-9bbe-74c9e22e6b6e;433.2;0.01873489;SELL
2016-02-27T00:23:01.923000;2016-02-27T00:23:02.020000;735a5c4e-3c1e-4543-95d3-65d7da65d678;433.19;0.01;SELL
2016-02-27T00:23:01.923000;2016-02-27T00:23:02.037000;66265bcc-c100-41f3-a46a-7cfdb5101c9b;433.18;1.874;SELL
2016-02-27T00:23:01.923000;2016-02-27T00:23:02.037000;ac115159-4d18-4ba4-8bd6-53dee500a0e3;433.17;0.01;SELL
2016-02-27T00:23:01.923000;2016-02-27T00:23:02.037000;f6ab3bc4-e918-4abb-83d0-5c71444ea334;433.16;0.01;SELL
2016-02-27T00:23:01.923000;2016-02-27T00:23:02.037000;3e5fa1f7-0b86-4bab-9213-f54c54d9ddbb;433.15;0.01;SELL
2016-02-27T00:23:01.923000;2016-02-27T00:23:02.050000;db932687-b0a3-4ea9-a6a5-9acf2327937d;433.13;1.916;SELL
2016-02-27T00:23:01.923000;2016-02-27T00:23:02.050000;caa65bf9-c86d-4d0d-bc89-d94287dabc71;433.12;0.01;SELL
2016-02-27T00:23:01.923000;2016-02-27T00:23:02.050000;053a5915-5753-4513-a7cf-d81859960efe;433.1;0.01;SELL
2016-02-27T00:23:01.923000;2016-02-27T00:23:02.067000;41bc38e8-6f85-4903-a7ef-d9a76f0e40d5;433.09;0.01;SELL
2016-02-27T00:23:01.923000;2016-02-27T00:23:02.067000;f8c8e0c9-cbc8-4283-8534-d8f8670ad12c;433.08;1.82183505;SELL
2016-02-27T00:23:14.817000;2016-02-27T00:23:14.800000;8305cfe4-0a65-45ab-be46-35bcf6ad5048;433.61;0.041;SELL
2016-02-27T00:23:14.817000;2016-02-27T00:23:14.817000;0fb2e5da-2179-48ef-b6a2-42e7e379a7c7;433.6;0.041;SELL
2016-02-27T00:23:14.817000;2016-02-27T00:23:14.817000;a952a488-37d5-40e1-b6db-ccded13b1d33;433.59;0.042;SELL
2016-02-27T00:23:14.817000;2016-02-27T00:23:14.817000;7bac0def-6b73-4be7-8a0f-1185922a83ad;433.58;0.01;SELL
2016-02-27T00:23:14.817000;2016-02-27T00:23:14.833000;4ee77b17-77c3-4f73-920a-edfb97580912;433.58;0.101;SELL
2016-02-27T00:23:35.577000;2016-02-27T00:23:35.567000;8b91dfe7-c212-4ef1-b002-b73168a54165;433.59;0.51;BUY
2016-02-27T00:23:35.577000;2016-02-27T00:23:35.583000;7a17adaa-ca77-4e09-9eb7-5527cd48f2cf;433.59;0.102;BUY
2016-02-27T00:23:35.577000;2016-02-27T00:23:35.583000;101a09ae-7b8c-4de6-b599-ba173769562f;433.62;0.01;BUY
2016-02-27T00:23:35.580000;2016-02-27T00:23:35.583000;29ad44e8-1359-44e8-a49d-ce7326a85499;433.62;0.23;BUY
2016-02-27T00:23:35.580000;2016-02-27T00:23:35.583000;294957b4-9db5-429e-bd89-07ba7eb144df;433.62;0.10932;BUY
2016-02-27T00:24:01.690000;2016-02-27T00:24:01.693000;98eac0bb-532d-44e3-be5f-3c7adb81117d;433.6;0.0271997;BUY
2016-02-27T00:24:01.690000;2016-02-27T00:24:01.707000;dbb5a012-da33-4438-8683-c13405c3df46;433.6;0.088;BUY
2016-02-27T00:24:01.690000;2016-02-27T00:24:01.723000;260d1812-12dc-42a3-8d84-1c51ef92f0cd;433.61;0.0263519;BUY
2016-02-27T00:24:01.690000;2016-02-27T00:24:01.723000;fa0eeaa2-e5c0-4bb5-ab79-0ef07dae5b3b;433.62;0.12368;BUY
2016-02-27T00:24:01.690000;2016-02-27T00:24:01.723000;204a9702-81b0-432d-b4d6-f4864358e5ef;433.62;0.233;BUY
2016-02-27T00:24:01.690000;2016-02-27T00:24:01.723000;38c705b8-41f8-4907-a3ca-2af475f59df1;433.62;0.233;BUY
2016-02-27T00:24:01.690000;2016-02-27T00:24:01.740000;13e45d8e-df58-4b3b-97ac-9c3c3435b7f4;433.62;0.234;BUY
2016-02-27T00:24:01.690000;2016-02-27T00:24:01.753000;50d9e272-6f53-4134-8b04-8dd78f95e985;433.62;0.23;BUY
2016-02-27T00:24:01.690000;2016-02-27T00:24:01.753000;2abfa4e2-19d6-4b9c-9490-35104adb976c;433.62;0.23;BUY
2016-02-27T00:24:01.690000;2016-02-27T00:24:01.753000;8470aa50-fb8f-408d-9e51-da887b809a62;433.62;0.231;BUY
2016-02-27T00:24:01.690000;2016-02-27T00:24:01.753000;a888940e-fc3d-40ac-90aa-91c28575bd01;433.62;0.232;BUY
2016-02-27T00:24:01.690000;2016-02-27T00:24:01.753000;a6d9ef5a-e954-4ef4-b50d-f941306d5b73;433.62;0.234;BUY
2016-02-27T00:24:01.690000;2016-02-27T00:24:01.753000;118db8d0-1c5e-4567-bc86-0b2e19e42738;433.62;0.1615384;BUY
2016-02-27T00:24:07.197000;2016-02-27T00:24:07.177000;cc7f93c9-dbc8-4417-879d-9e8205398b14;433.61;0.318;BUY
2016-02-27T00:24:07.197000;2016-02-27T00:24:07.193000;863a1871-1752-4a82-b3f4-db90378865e7;433.62;0.0724616;BUY
2016-02-27T00:24:07.197000;2016-02-27T00:24:07.193000;f71bfc50-e7aa-4fd2-97b3-9b33db2e613a;433.62;0.234;BUY
2016-02-27T00:24:07.197000;2016-02-27T00:24:07.207000;ab7565d1-ba0f-4a8e-a880-d4e23fcd6595;433.62;0.233;BUY
2016-02-27T00:24:07.197000;2016-02-27T00:24:07.207000;2f054022-b4e8-4e05-bda5-3d6c336e3678;433.62;0.234;BUY
2016-02-27T00:24:07.200000;2016-02-27T00:24:07.207000;37a435bb-b9b6-4df3-97dc-c3af217e4b7a;433.63;0.01;BUY
2016-02-27T00:24:07.200000;2016-02-27T00:24:07.223000;28f6b342-a58f-4b4e-8853-45b08bc7f3a3;433.64;1.90168536;BUY
2016-02-27T00:24:07.200000;2016-02-27T00:24:07.223000;304c2df4-3d9c-4a3e-8cb0-3f63719f4f67;433.64;0.01;BUY
2016-02-27T00:24:07.200000;2016-02-27T00:24:07.223000;d7a6187f-4729-47eb-8c5f-1a02b7c44ab1;433.64;0.01;BUY
2016-02-27T00:24:07.200000;2016-02-27T00:24:07.223000;3d32b0b2-79cf-4c29-a9c9-ad994ec32f4c;433.65;0.02404136;BUY
2016-02-27T00:24:07.200000;2016-02-27T00:24:07.240000;678ccfbf-373c-48a3-be1d-6d1da5b335bf;433.66;0.01;BUY
2016-02-27T00:24:07.200000;2016-02-27T00:24:07.240000;62fe8d00-443c-40c0-8ca5-8919b8d8ffbe;433.66;0.367;BUY
2016-02-27T00:24:07.200000;2016-02-27T00:24:07.240000;705af66e-d994-43e3-bb05-4a6f28c99743;433.67;0.01;BUY
2016-02-27T00:24:07.200000;2016-02-27T00:24:07.240000;832c10a7-8aeb-4dc7-88eb-b82b9927dd2c;433.68;0.05;BUY
2016-02-27T00:24:07.200000;2016-02-27T00:24:07.253000;7edfd018-99c4-4dfe-8c00-ac7d58c86dc7;433.69;0.02024765;BUY
2016-02-27T00:24:07.200000;2016-02-27T00:24:07.270000;201ecccd-59da-4099-8ec1-bcbb0e208cf3;433.7;0.01;BUY
2016-02-27T00:24:07.200000;2016-02-27T00:24:07.270000;0a186f83-6d2d-4ea3-9545-aa33cbeec9de;433.7;0.01873489;BUY
2016-02-27T00:24:07.200000;2016-02-27T00:24:07.270000;6d0c3d82-f59b-4d6c-9b90-458b0434f6db;433.71;0.02843834;BUY
2016-02-27T00:24:07.200000;2016-02-27T00:24:07.270000;5c89a3e8-731e-41a4-9c87-5f11e361b5a2;433.71;0.075;BUY
2016-02-27T00:24:07.200000;2016-02-27T00:24:07.287000;6ee805cd-85b6-409c-a01b-ca383d3c793c;433.71;0.95;BUY
2016-02-27T00:24:07.200000;2016-02-27T00:24:07.287000;9c423aac-37be-4e43-8dcf-bd3fdfec8128;433.71;0.321;BUY
2016-02-27T00:24:07.200000;2016-02-27T00:24:07.287000;eeaa682d-fd69-412a-9f63-7fd4874fc2d5;433.72;0.0245;BUY
2016-02-27T00:24:07.200000;2016-02-27T00:24:07.287000;76b1cfb9-961a-4ef9-9851-504e31a960b7;433.72;0.2;BUY
2016-02-27T00:24:07.200000;2016-02-27T00:24:07.287000;78471869-f37d-457b-a62e-3a681d72763b;433.73;0.075;BUY
2016-02-27T00:24:07.200000;2016-02-27T00:24:07.287000;37fabd41-68fc-460d-84a9-928a46376712;433.73;0.76;BUY
2016-02-27T00:24:07.203000;2016-02-27T00:24:07.287000;9d70d5f2-4681-41a1-a687-0db048c6f65b;433.73;0.8;BUY
2016-02-27T00:24:07.203000;2016-02-27T00:24:07.300000;15a09d2d-5b7f-4d8c-815b-6f0f2a4a3039;433.74;0.025;BUY
2016-02-27T00:24:07.203000;2016-02-27T00:24:07.300000;f0ff33d9-422a-4eef-96fb-f70c313cd912;433.74;0.049;BUY
2016-02-27T00:24:07.203000;2016-02-27T00:24:07.300000;982ed990-3d33-4c81-aaf6-9498a170fc2f;433.74;2.09;BUY
2016-02-27T00:24:07.203000;2016-02-27T00:24:07.300000;7ce9e23e-2a35-4274-ac28-9052a276e131;433.75;0.118;BUY
2016-02-27T00:24:07.203000;2016-02-27T00:24:07.300000;9bf326f6-6068-445d-b49e-554a75a55c89;433.75;0.4508908;BUY
2016-02-27T00:24:14.117000;2016-02-27T00:24:14.097000;948ef7d2-c176-4ec1-90a7-b46750b9991f;433.67;0.767;BUY
2016-02-27T00:24:14.117000;2016-02-27T00:24:14.113000;3e3afca9-6c9f-4d13-b3c5-4f0302db5908;433.68;0.233;BUY
2016-02-27T00:24:31.933000;2016-02-27T00:24:31.910000;ee2a6f30-0893-46ea-aee0-75b7dc15b61b;433.69;0.025;BUY
2016-02-27T00:24:32.283000;2016-02-27T00:24:32.270000;45b2a818-c21e-4d86-bdef-a1078e54cd62;433.69;0.159;BUY
2016-02-27T00:24:32.283000;2016-02-27T00:24:32.287000;b0314266-7995-4483-98f8-873074c0994b;433.7;0.0251;BUY
2016-02-27T00:24:32.283000;2016-02-27T00:24:32.287000;3e5c2072-9d4f-49f8-b5f4-2aa05b89d6dd;433.7;0.1;BUY
2016-02-27T00:24:32.283000;2016-02-27T00:24:32.287000;8fdec09c-ba2f-4ad1-8048-2dc67ef3175d;433.71;0.01693;BUY
2016-02-27T00:24:32.283000;2016-02-27T00:24:32.287000;94fb3b8b-753c-485d-ac7d-42cf3efd609b;433.71;1.90772;BUY
2016-02-27T00:25:08.767000;2016-02-27T00:25:08.753000;1932e670-5ffd-4d5c-8f9d-1c163d2cca7e;433.7;0.03051859;BUY
2016-02-27T00:25:31.560000;2016-02-27T00:25:31.537000;93edd102-e0bb-4516-9c2c-8e342642970e;433.7;0.288;BUY
2016-02-27T00:25:31.560000;2016-02-27T00:25:31.550000;60672772-4acc-45f1-b81d-7043a1dac953;433.7;0.294;BUY
2016-02-27T00:25:31.560000;2016-02-27T00:25:31.550000;0a89b969-6f1a-48f0-98f1-0cd7826f0b20;433.7;0.23;BUY
2016-02-27T00:25:31.560000;2016-02-27T00:25:31.550000;2e57a89a-1149-4c6b-b060-c7f12ebfb202;433.7;0.23;BUY
2016-02-27T00:25:31.560000;2016-02-27T00:25:31.567000;595dcda3-7f94-499c-9994-462c08785309;433.7;0.231;BUY
2016-02-27T00:25:31.560000;2016-02-27T00:25:31.647000;91b35b9d-5fdc-48be-a1ac-23c3f845a72d;433.7;0.234;BUY
2016-02-27T00:25:31.560000;2016-02-27T00:25:31.647000;9455f282-1abd-42bc-aa1c-558eca84e7b6;433.7;0.233;BUY
2016-02-27T00:25:31.560000;2016-02-27T00:25:31.647000;730bea23-48bf-4108-ae3c-b0e0fbfc0ce1;433.7;0.235;BUY
2016-02-27T00:25:31.560000;2016-02-27T00:25:31.647000;ab4985ed-c0ab-4df3-82d7-3a5f5499d29b;433.7;0.23;BUY
2016-02-27T00:25:31.560000;2016-02-27T00:25:31.647000;09287c7c-4edc-42f4-a83b-9bb166a1b727;433.7;0.232;BUY
2016-02-27T00:25:31.560000;2016-02-27T00:25:31.647000;d173c162-479e-4021-8df9-df67946935fa;433.7;0.234;BUY
2016-02-27T00:25:31.560000;2016-02-27T00:25:31.647000;33de9127-f037-4bfc-abe4-9471999f99c6;433.7;0.07475;BUY
2016-02-27T00:26:01.677000;2016-02-27T00:26:01.660000;b0574121-c5a4-4957-ac8d-e9888265e465;433.7;0.15525;BUY
2016-02-27T00:26:01.677000;2016-02-27T00:26:01.707000;d27a8e7f-fb7a-493d-b059-82937c18c5ad;433.7;0.232;BUY
2016-02-27T00:26:01.677000;2016-02-27T00:26:01.707000;62a97211-db0e-4d1b-b578-dabfeb1f4bf1;433.7;0.23;BUY
2016-02-27T00:26:01.677000;2016-02-27T00:26:01.707000;c4b71275-3b50-40e5-8712-f136338cd985;433.7;0.231;BUY
2016-02-27T00:26:01.680000;2016-02-27T00:26:01.707000;d85a818e-45eb-435b-9c01-d6b246ffe914;433.7;0.17336;BUY
2016-02-27T00:26:35.073000;2016-02-27T00:26:35.067000;a372e81e-dd72-4eff-bb32-3deebeeb3c57;433.7;0.05764;BUY
2016-02-27T00:26:35.073000;2016-02-27T00:26:35.067000;02ae2402-07fc-4066-bbab-e3f882276b54;433.7;0.231;BUY
2016-02-27T00:26:35.073000;2016-02-27T00:26:35.067000;b0e0727d-aff3-4c14-8430-a37e8fa0f7d4;433.7;0.17054;BUY
2016-02-27T00:27:01.807000;2016-02-27T00:27:01.787000;31ba494d-668b-49f6-8e2f-d4c7cbfb13ba;433.7;0.05946;BUY
2016-02-27T00:27:01.807000;2016-02-27T00:27:01.787000;9521b5f8-130a-4592-992f-6856e667d0de;433.7;0.685;BUY
2016-02-27T00:27:01.810000;2016-02-27T00:27:01.787000;89eaacce-f326-407f-bae1-af38550617cf;433.7;2.19938;BUY
2016-02-27T00:27:30.413000;2016-02-27T00:27:30.397000;3066170e-e778-4b7c-bcc0-02c584dc20db;433.69;0.02;SELL
2016-02-27T00:27:31.840000;2016-02-27T00:27:31.817000;03ba70a0-a724-404b-82d7-9aca4daac732;433.7;7.80062;BUY
2016-02-27T00:27:31.840000;2016-02-27T00:27:31.833000;e54e9ceb-0dfe-486f-bc9b-7355f5dff266;433.7;0.65;BUY
2016-02-27T00:27:31.840000;2016-02-27T00:27:31.833000;51feb341-a1bc-4e4e-91e2-3714bf1b7e3f;433.7;0.69036;BUY
2016-02-27T00:28:02.190000;2016-02-27T00:28:02.160000;16e79420-c6cb-43c3-914a-c32713fd6927;433.7;0.632;BUY
2016-02-27T00:28:02.190000;2016-02-27T00:28:02.177000;17b68dbd-c7b9-4170-97b5-0ae66694d5ac;433.71;1.09228;BUY
2016-02-27T00:28:02.190000;2016-02-27T00:28:02.177000;11c1cce0-4eaf-46c8-91bc-dd3f194d9980;433.72;0.02358366;BUY
2016-02-27T00:28:02.190000;2016-02-27T00:28:02.177000;6ffa92aa-cf94-425e-ba18-7ef7db0ab80e;433.73;0.01;BUY
2016-02-27T00:28:02.190000;2016-02-27T00:28:02.207000;bb9ceb4f-7244-44d8-a5c8-fda60f987e74;433.73;0.01;BUY
2016-02-27T00:28:02.190000;2016-02-27T00:28:02.223000;37b3c997-ecb3-4e67-8c65-9bd1d86a5014;433.74;0.01;BUY
2016-02-27T00:28:02.190000;2016-02-27T00:28:02.223000;79b15920-8c2b-4bda-b58c-9c4ed35ad4d6;433.75;0.692;BUY
2016-02-27T00:28:02.190000;2016-02-27T00:28:02.240000;44a90d89-7dcb-4253-ab52-ca4b7b2c6d33;433.76;0.01;BUY
2016-02-27T00:28:02.193000;2016-02-27T00:28:02.240000;b87db2d5-d39f-46c4-8d62-197b1fdd0d01;433.77;0.01;BUY
2016-02-27T00:28:02.193000;2016-02-27T00:28:02.240000;625e365b-bcfa-4ddd-9865-22f1df2a1b12;433.78;2.06256634;BUY
2016-02-27T00:28:15.053000;2016-02-27T00:28:15.037000;ce5a7248-96ff-4db6-9bce-1b228c059a66;433.79;0.01807;BUY
2016-02-27T00:28:15.053000;2016-02-27T00:28:15.050000;e799e394-13ba-4dde-8613-b7f68e684043;433.79;0.1;BUY
2016-02-27T00:28:15.053000;2016-02-27T00:28:15.050000;bca006cf-d7fc-4545-9099-d28289867ebb;433.8;0.075;BUY
2016-02-27T00:28:15.053000;2016-02-27T00:28:15.050000;2012d1e1-acc8-4329-b9f2-5978da640da4;433.8;0.044;BUY
2016-02-27T00:28:15.057000;2016-02-27T00:28:15.050000;bf8cb221-9857-48ee-bf50-aaead0c414f0;433.81;0.029212;BUY
2016-02-27T00:28:15.057000;2016-02-27T00:28:15.050000;08b42a43-0ca3-422a-ae54-613c6dab8e78;433.81;0.01;BUY
2016-02-27T00:28:15.057000;2016-02-27T00:28:15.050000;b6a4ca95-b238-41fc-bf70-14f9da30fd67;433.82;0.01;BUY
2016-02-27T00:28:15.057000;2016-02-27T00:28:15.067000;069f22ad-937c-4a06-af9a-bcc6084435fa;433.83;0.03;BUY
2016-02-27T00:28:32.583000;2016-02-27T00:28:32.550000;72714cf3-4c65-413f-9539-767791256ede;433.84;0.0286853;BUY
2016-02-27T00:28:32.583000;2016-02-27T00:28:32.567000;7d7fccdd-43f7-4450-9eda-20cdfc0a1477;433.84;0.101;BUY
2016-02-27T00:28:32.587000;2016-02-27T00:28:32.567000;bc8221e7-f398-4d98-9a47-fd0bab914654;433.85;0.01722;BUY
2016-02-27T00:28:32.587000;2016-02-27T00:28:32.583000;c7bec730-74c7-4f62-82d6-eae5e87b9c6f;433.86;0.075;BUY
2016-02-27T00:28:32.587000;2016-02-27T00:28:32.597000;c0407815-6e23-4f84-9834-9c6e90f50efb;433.87;0.01;BUY
2016-02-27T00:28:32.587000;2016-02-27T00:28:32.597000;b387e8d1-ee6d-4dff-a2e4-8e171c549a27;433.87;0.02;BUY
2016-02-27T00:28:32.587000;2016-02-27T00:28:32.597000;63db7bb1-cdb9-4126-8755-7ed63e255dad;433.88;0.022298;BUY
2016-02-27T00:28:32.587000;2016-02-27T00:28:32.597000;23fbfe86-31cb-4b95-8a87-0ab24023fb98;433.89;0.0193331;BUY
2016-02-27T00:28:32.587000;2016-02-27T00:28:32.597000;b2fc8f53-c482-42c3-af7b-51bbee1407b6;433.89;0.074;BUY
2016-02-27T00:28:32.587000;2016-02-27T00:28:32.660000;d310a09c-a378-4931-b512-716c21eb8d19;433.9;0.01;BUY
2016-02-27T00:28:32.587000;2016-02-27T00:28:32.660000;87fada3d-6ca8-4e4d-bd8b-275e6903078c;433.9;0.075;BUY
2016-02-27T00:28:32.587000;2016-02-27T00:28:32.660000;79038693-270f-4b9e-86eb-3bac01707c47;433.9;0.01873489;BUY
2016-02-27T00:28:32.587000;2016-02-27T00:28:32.660000;78a43261-4f77-45af-99f7-753d2d9c3b65;433.91;0.01;BUY
2016-02-27T00:28:32.587000;2016-02-27T00:28:32.660000;78bb748e-4e76-449a-b693-135b5905b2e5;433.91;0.075;BUY
2016-02-27T00:28:32.587000;2016-02-27T00:28:32.660000;b8cdf2ad-4d9b-422a-9794-f8473be9b3dc;433.92;4.603;BUY
2016-02-27T00:28:32.587000;2016-02-27T00:28:32.660000;5f63855c-66f5-4baf-b80a-a1df383acc35;433.93;0.01;BUY
2016-02-27T00:28:45.543000;2016-02-27T00:28:45.520000;90c5e790-7aba-40e9-a2b8-8119d0f723dc;433.9;0.01;SELL
2016-02-27T00:28:45.543000;2016-02-27T00:28:45.520000;e504b9d7-3de4-4094-a19b-03a1679d2445;433.88;0.1496;SELL
2016-02-27T00:28:45.547000;2016-02-27T00:28:45.520000;72b6374e-9c0e-4c3c-a5f9-0ca99e5192f8;433.88;0.0684;SELL
2016-02-27T00:28:45.557000;2016-02-27T00:28:45.550000;1e03fffe-5618-4097-aa02-60d7b010d5bd;433.88;0.114;SELL
2016-02-27T00:28:45.567000;2016-02-27T00:28:45.550000;035e8f83-36f9-49dc-83c5-47faba9491c7;433.88;0.008;SELL
2016-02-27T00:28:45.567000;2016-02-27T00:28:45.567000;32a35a9c-02f4-4eee-8146-e254f9b52045;433.83;0.106;SELL
2016-02-27T00:28:45.573000;2016-02-27T00:28:45.567000;56d87428-294e-4378-9bc3-a206cc769fef;433.83;0.0662;SELL
2016-02-27T00:29:01.853000;2016-02-27T00:29:01.817000;1fcc4bd8-0778-44ab-b0b0-0c311b4fc07b;433.94;0.094;BUY
2016-02-27T00:29:01.853000;2016-02-27T00:29:01.847000;5f66c479-fcf5-4f3c-99f8-25b22281bb9a;433.95;0.017566;BUY
2016-02-27T00:29:01.853000;2016-02-27T00:29:01.847000;26b7da97-dad6-4413-a51d-9e5e86447acc;433.96;0.075;BUY
2016-02-27T00:29:01.853000;2016-02-27T00:29:01.847000;3029db3d-75cc-4bcf-8cb7-3d56d2433d07;433.97;2.753254;BUY
2016-02-27T00:29:33.000000;2016-02-27T00:29:32.973000;13499083-0183-4d1d-869b-aaf9f29a9abf;433.97;0.01758451;BUY
2016-02-27T00:29:33.000000;2016-02-27T00:29:32.990000;9ad32359-0c8f-4f60-aedf-205ad6b6737d;433.97;0.109;BUY
2016-02-27T00:29:33.000000;2016-02-27T00:29:32.990000;b3e79b68-734f-4048-901a-6b36f863b223;433.98;0.02;BUY
2016-02-27T00:29:33.000000;2016-02-27T00:29:32.990000;29148a0f-20e5-4d3e-a5e8-be8328f9a72a;433.99;0.02;BUY
2016-02-27T00:29:33.000000;2016-02-27T00:29:33.003000;480cb7c8-abd8-4093-b428-0229f3550cc0;433.99;1.0;BUY
2016-02-27T00:29:33.000000;2016-02-27T00:29:33.050000;45c5178b-02cc-46e3-b36e-3189be4d1842;434.0;0.01004;BUY
2016-02-27T00:29:33.000000;2016-02-27T00:29:33.067000;c07c3133-c628-427f-80df-e580bcf9a2bd;434.0;0.01;BUY
2016-02-27T00:29:33.000000;2016-02-27T00:29:33.067000;f28fc6a6-5c54-488c-93aa-5d91184c933b;434.0;0.24;BUY
2016-02-27T00:29:33.000000;2016-02-27T00:29:33.067000;e5373667-d100-4de1-aaed-a0cbf6f9e48a;434.01;0.02406;BUY
2016-02-27T00:29:33.000000;2016-02-27T00:29:33.067000;63b28d80-06ff-4889-872e-f9818441cd32;434.02;0.0262426;BUY
2016-02-27T00:29:33.000000;2016-02-27T00:29:33.067000;6a2c39f9-c031-4798-84aa-d666ed302c3c;434.02;0.075;BUY
2016-02-27T00:29:33.000000;2016-02-27T00:29:33.067000;7cb13e90-c329-4d6c-81f9-13472c5d6a1b;434.02;0.10070189;BUY
2016-02-27T00:29:33.040000;2016-02-27T00:29:33.067000;c8e77d50-de8d-4b58-bc0d-6b082ec999eb;434.02;0.01129811;BUY
2016-02-27T00:29:33.040000;2016-02-27T00:29:33.067000;45411d9c-2b5a-401c-9070-4a707a6c6706;434.03;0.01;BUY
2016-02-27T00:29:33.040000;2016-02-27T00:29:33.067000;3cc5ac02-ff16-405f-bf5d-c809aad30b06;434.04;0.01;BUY
2016-02-27T00:29:33.040000;2016-02-27T00:29:33.067000;c4894f07-f3eb-4c54-8b46-a46c930a1afe;434.05;0.0187;BUY
2016-02-27T00:29:33.040000;2016-02-27T00:29:33.067000;0dff34e8-d0da-4c0f-aabe-b7bc7ad227c7;434.07;0.102;BUY
2016-02-27T00:29:33.040000;2016-02-27T00:29:33.067000;e3f78258-6a0c-4258-bbfd-52ad4041f48b;434.08;0.02531;BUY
2016-02-27T00:29:33.040000;2016-02-27T00:29:33.067000;9410b171-bfb5-44f6-a08e-aed0b59d3b51;434.09;0.027;BUY
2016-02-27T00:29:33.040000;2016-02-27T00:29:33.067000;51b91f81-2e02-4059-ad60-a37c03b1f314;434.09;0.01;BUY
2016-02-27T00:29:33.040000;2016-02-27T00:29:33.067000;8f39143f-5f52-419a-b1fd-c600bd632a9f;434.09;0.03;BUY
2016-02-27T00:29:33.040000;2016-02-27T00:29:33.067000;47461f02-3331-497e-9b9f-9862749c9e9f;434.1;0.01339728;BUY
2016-02-27T00:29:33.040000;2016-02-27T00:29:33.083000;e69c3336-949b-4aee-b222-5939444677c7;434.1;0.2;BUY
2016-02-27T00:29:33.040000;2016-02-27T00:29:33.083000;8177f30c-1d2d-4173-a690-0b78c81302af;434.12;0.01;BUY
2016-02-27T00:29:33.040000;2016-02-27T00:29:33.083000;919a896a-ae3f-4ede-9519-3cf2eec2d170;434.12;0.08;BUY
2016-02-27T00:29:33.040000;2016-02-27T00:29:33.100000;46765f0f-d7d7-405f-87b9-f5586a88634b;434.13;0.01;BUY
2016-02-27T00:29:33.040000;2016-02-27T00:29:33.147000;561ee414-be7b-4bad-a044-d1f1a582485f;434.14;0.025523;BUY
2016-02-27T00:29:33.040000;2016-02-27T00:29:33.160000;6bb4bd84-da2b-4724-9350-4ea7e76ee62b;434.15;0.39891161;BUY
2016-02-27T00:29:46.790000;2016-02-27T00:29:46.770000;24e805c8-181e-446a-b678-6181fcd01ddf;434.07;0.01;SELL
2016-02-27T00:29:46.790000;2016-02-27T00:29:46.770000;d8ea7ef7-fad2-4511-8ceb-02e136234824;434.07;0.02;SELL
2016-02-27T00:29:46.790000;2016-02-27T00:29:46.770000;ab4de7dd-51f6-4094-9dfd-9a90a9166395;434.06;0.01;SELL
2016-02-27T00:29:46.790000;2016-02-27T00:29:46.787000;7053b133-8274-4aa0-aa1f-c0fffb8c0c04;434.05;0.01;SELL
2016-02-27T00:29:46.790000;2016-02-27T00:29:46.787000;a9a4433d-d41b-48fa-810c-14e1d0ad39a2;434.04;0.01;SELL
2016-02-27T00:29:46.790000;2016-02-27T00:29:46.787000;4cd466ca-b307-4162-afb2-5bc961844aab;434.03;0.01;SELL
2016-02-27T00:29:46.790000;2016-02-27T00:29:46.787000;55a30089-5281-4631-b221-64932cf53c6a;434.02;0.01;SELL
2016-02-27T00:29:46.790000;2016-02-27T00:29:46.800000;1261a70d-1d36-4b50-9f28-508700bb0d91;434.01;0.01;SELL
2016-02-27T00:29:46.790000;2016-02-27T00:29:46.800000;cd9fdead-585d-417f-9e00-8c0a616db0aa;434.0;0.01;SELL
2016-02-27T00:29:46.790000;2016-02-27T00:29:46.800000;718c3a83-71b8-4723-a0fa-de15f8bc6d08;434.0;0.01;SELL
2016-02-27T00:29:46.790000;2016-02-27T00:29:46.800000;fbfcd589-e574-45ea-8df0-519cb60e08fb;434.0;0.01;SELL
2016-02-27T00:29:46.790000;2016-02-27T00:29:46.800000;dc3d8b31-ea33-4764-a1b2-ef8d77c9384d;433.99;0.01;SELL
2016-02-27T00:29:46.790000;2016-02-27T00:29:46.817000;7b228865-005f-4363-b9e2-01d11f0a477f;433.99;0.15646394;SELL
2016-02-27T00:30:01.607000;2016-02-27T00:30:01.567000;80435d7b-ee0b-481d-8f85-c3ebf685f252;434.06;0.021;SELL
2016-02-27T00:30:01.607000;2016-02-27T00:30:01.583000;2cb54648-9575-4d7b-a3d8-2779669cac1e;434.05;0.021;SELL
2016-02-27T00:30:01.607000;2016-02-27T00:30:01.583000;d7c0f7bd-3d47-4b4a-ad65-cc351b83538b;434.05;0.25;SELL
2016-02-27T00:30:01.607000;2016-02-27T00:30:01.600000;ef0e18c4-6b35-43a0-b79e-211ccbf55223;434.04;0.021;SELL
2016-02-27T00:30:01.610000;2016-02-27T00:30:01.600000;23a255a5-eb6c-42e5-91df-3b144d030976;434.03;0.021;SELL
2016-02-27T00:30:01.610000;2016-02-27T00:30:01.600000;830d01b0-04e3-404b-b803-bda8090b97f4;434.01;0.01;SELL
2016-02-27T00:30:01.610000;2016-02-27T00:30:01.613000;6563f56c-4294-4cf4-b30a-4e32a55efdda;434.0;0.01;SELL
2016-02-27T00:30:01.610000;2016-02-27T00:30:01.613000;dfc3d84a-7772-4476-a20e-b3a706191459;434.0;0.01;SELL
2016-02-27T00:30:01.610000;2016-02-27T00:30:01.613000;56722d34-b7ce-4ec6-a687-a7f5e14c099e;433.99;0.03353606;SELL
2016-02-27T00:30:01.610000;2016-02-27T00:30:01.613000;1301d5fb-ceea-4d74-bf62-5467b97a473b;433.98;0.01;SELL
2016-02-27T00:30:01.610000;2016-02-27T00:30:01.647000;77a3ffe5-af31-4ca5-a740-a228040c71d9;433.98;0.01;SELL
2016-02-27T00:30:01.610000;2016-02-27T00:30:01.660000;d182b277-2cd0-44fd-969e-805f53ac5948;433.98;0.01;SELL
2016-02-27T00:30:01.610000;2016-02-27T00:30:01.660000;606506ba-4c89-42a1-ad0f-245380f77fad;433.98;0.00196392;SELL
2016-02-27T00:30:02.223000;2016-02-27T00:30:02.193000;253d8a94-0d47-4f4d-9c93-d438b6121af6;434.07;0.496;BUY
2016-02-27T00:30:02.223000;2016-02-27T00:30:02.193000;90700e72-d2e4-4fe0-8230-6691cffce2a8;434.07;0.23;BUY
2016-02-27T00:30:02.223000;2016-02-27T00:30:02.193000;d84a6f77-d5b7-460a-9b4c-267cd2244805;434.08;0.0249797;BUY
2016-02-27T00:30:02.223000;2016-02-27T00:30:02.207000;6b7cee31-e24a-4e93-ab66-91aeebccb5fe;434.11;0.01;BUY
2016-02-27T00:30:02.223000;2016-02-27T00:30:02.207000;c8a38ea2-81da-46a5-9848-b8d4239d8590;434.12;0.3795203;BUY
2016-02-27T00:30:02.520000;2016-02-27T00:30:02.490000;c9f6cbf2-7de8-4a3e-817e-acd70623d8d0;434.12;0.1494797;BUY
2016-02-27T00:30:02.520000;2016-02-27T00:30:02.503000;78b76000-cbbb-421a-a2ac-796257798398;434.13;0.01;BUY
2016-02-27T00:30:02.520000;2016-02-27T00:30:02.503000;fb360240-9355-4710-a369-d2a5f2a9d3b6;434.13;0.01;BUY
2016-02-27T00:30:02.520000;2016-02-27T00:30:02.503000;56652273-53ae-4b4c-91e4-1d6703f5fb74;434.14;0.01;BUY
2016-02-27T00:30:02.520000;2016-02-27T00:30:02.503000;52aafbea-054e-4029-9339-623430aad5f3;434.14;0.01;BUY
2016-02-27T00:30:02.520000;2016-02-27T00:30:02.503000;25a534bb-def1-4e83-a8d6-9bbc0b5fcd9d;434.15;0.01;BUY
2016-02-27T00:30:02.533000;2016-02-27T00:30:02.520000;2ac60e85-5788-4fc8-aa67-a33cddd4ae52;434.15;0.03211;SELL
2016-02-27T00:30:02.733000;2016-02-27T00:30:02.707000;4b349cf3-41a6-4658-9288-2b5446191c7e;434.15;0.294;SELL
2016-02-27T00:30:03.013000;2016-02-27T00:30:02.990000;3a7a3fa3-4ae7-4de5-9f93-2994224ce8ee;434.15;0.01;SELL
2016-02-27T00:30:32.497000;2016-02-27T00:30:32.457000;8ecbf87a-96ca-4a39-b5b0-a6807d1894cd;434.16;0.01;BUY
2016-02-27T00:30:32.497000;2016-02-27T00:30:32.473000;303e7763-cb7e-43c4-9f6c-13600b33f817;434.16;0.537;BUY
2016-02-27T00:30:32.497000;2016-02-27T00:30:32.473000;2225e664-3653-4382-b9bc-68c9c4f5b0a2;434.16;0.231;BUY
2016-02-27T00:30:32.497000;2016-02-27T00:30:32.473000;5b689cfe-7944-47e6-b0ba-ba6ca2b447c7;434.16;0.23;BUY
2016-02-27T00:30:32.497000;2016-02-27T00:30:32.490000;4a631d3b-6a03-4e1e-8937-39fdc882c18c;434.16;0.231;BUY
2016-02-27T00:30:32.497000;2016-02-27T00:30:32.567000;c09ba6e1-7e36-4607-b24f-abcc91b41754;434.16;0.231;BUY
2016-02-27T00:30:32.500000;2016-02-27T00:30:32.567000;67f12bd3-a118-439a-8a63-ee349d377a6b;434.17;0.01;BUY
2016-02-27T00:30:32.500000;2016-02-27T00:30:32.567000;4b3f76f8-8a7e-44fe-846d-47562325a7d9;434.17;0.01;BUY
2016-02-27T00:30:32.500000;2016-02-27T00:30:32.567000;c681da8c-c95d-4f8d-b81a-e2418802fdf9;434.18;0.01;BUY
2016-02-27T00:30:32.500000;2016-02-27T00:30:32.567000;ae81ab6c-fc3c-404d-b757-0d6218143d77;434.18;0.01;BUY
2016-02-27T00:30:32.500000;2016-02-27T00:30:32.567000;1405ec1f-0389-48aa-93ab-2d78ee4e6e10;434.18;0.01;BUY
2016-02-27T00:30:32.500000;2016-02-27T00:30:32.567000;00e6f980-b3ab-4fa5-a607-29a9c973b74e;434.18;0.01;BUY
2016-02-27T00:30:32.500000;2016-02-27T00:30:32.567000;e49959b7-85ff-4694-a8d6-13d0c0965092;434.18;0.86484;BUY
2016-02-27T00:30:39.033000;2016-02-27T00:30:39.003000;5f19b8fb-3a85-466e-a436-084c12258d49;434.15;0.0334;SELL
2016-02-27T00:30:39.113000;2016-02-27T00:30:39.083000;2fcbfa97-e755-4dbb-ba81-80f02fedecee;434.15;0.266;SELL
2016-02-27T00:30:41.163000;2016-02-27T00:30:41.130000;dbb732af-4983-439e-9298-d884c5fc4876;434.16;0.1;BUY
2016-02-27T00:30:52.577000;2016-02-27T00:30:52.537000;e06fba83-ad3b-4379-a569-899c19399c30;434.16;0.11;BUY
2016-02-27T00:30:56.847000;2016-02-27T00:30:56.817000;1f4feaeb-eac3-4bc8-ab25-8b3c9fcfd89c;434.17;0.02507131;BUY
2016-02-27T00:30:56.847000;2016-02-27T00:30:56.833000;86e31191-cf71-4dbe-a314-0982d7532cf3;434.17;0.03492869;BUY
2016-02-27T00:31:01.920000;2016-02-27T00:31:01.897000;c2c841c5-8c56-4f5a-bb9d-665c84b8684a;434.16;1.1;SELL
2016-02-27T00:31:01.920000;2016-02-27T00:31:01.897000;256a59a6-1976-414a-b446-8ecb44679aaf;434.15;0.7855103;SELL
2016-02-27T00:31:01.920000;2016-02-27T00:31:01.897000;7ea723a1-2265-43b0-8dcf-f9824d2620b3;434.15;0.1259;SELL
2016-02-27T00:31:01.920000;2016-02-27T00:31:01.897000;f2d65667-5a0c-4f91-b090-01a6f9da48c6;434.04;0.2;SELL
2016-02-27T00:31:01.923000;2016-02-27T00:31:01.927000;593a7150-f591-401f-8190-9207c806b328;434.04;0.527;SELL
2016-02-27T00:31:01.923000;2016-02-27T00:31:01.990000;f05c47e8-05d2-4514-aea6-8176e2ecd982;434.01;0.01;SELL
2016-02-27T00:31:01.923000;2016-02-27T00:31:01.990000;4eb426dc-9d9b-477f-b81f-f55fc32e9b26;434.0;0.01;SELL
2016-02-27T00:31:01.923000;2016-02-27T00:31:01.990000;0feabacc-b179-429a-b68a-45e69d033058;434.0;0.3;SELL
2016-02-27T00:31:01.923000;2016-02-27T00:31:01.990000;4c4c48e9-feb1-421e-a007-a1bde7cab0ea;433.99;0.01;SELL
2016-02-27T00:31:01.923000;2016-02-27T00:31:01.990000;b22048b2-9157-4616-8e07-a0572c99ec2d;433.99;0.01;SELL
2016-02-27T00:31:01.923000;2016-02-27T00:31:01.990000;48bc30d7-a8e4-4fb0-b0d8-124f6c480ea3;433.99;0.491;SELL
2016-02-27T00:31:01.923000;2016-02-27T00:31:01.990000;03b46a47-9d8f-47f3-8bac-ad4e1dcbede2;433.98;0.00803608;SELL
2016-02-27T00:31:01.923000;2016-02-27T00:31:01.990000;541c9670-bb61-409b-abdd-1af3d500e632;433.98;0.01;SELL
2016-02-27T00:31:01.923000;2016-02-27T00:31:01.990000;6f4592b9-8438-4c63-a8a7-bd5191e00b30;433.97;0.01;SELL
2016-02-27T00:31:01.923000;2016-02-27T00:31:01.990000;d8e05682-9d4b-4efa-8a02-25161f3fef92;433.96;0.022;SELL
2016-02-27T00:31:01.923000;2016-02-27T00:31:01.990000;edd17b7b-ebf3-4e21-807b-ba2198c204a0;433.96;0.01;SELL
2016-02-27T00:31:01.923000;2016-02-27T00:31:01.990000;21cf625b-6f56-40ca-8353-597675469ff1;433.95;0.022;SELL
2016-02-27T00:31:01.923000;2016-02-27T00:31:01.990000;8d5cc050-f4a4-44f7-9515-c5b6f8b9a584;433.95;0.01;SELL
2016-02-27T00:31:01.923000;2016-02-27T00:31:01.990000;5f329135-b975-45d2-9302-47f211ef51f3;433.95;0.57;SELL
2016-02-27T00:31:01.923000;2016-02-27T00:31:01.990000;5d62578a-bcba-4a41-abc2-cc28dc7c317d;433.94;0.023;SELL
2016-02-27T00:31:01.923000;2016-02-27T00:31:01.990000;0ad25899-748e-49e8-b82b-4750355acaca;433.94;0.483;SELL
2016-02-27T00:31:01.923000;2016-02-27T00:31:01.990000;acafaece-ad33-4d4c-8faf-86783bb1c520;433.93;0.023;SELL
2016-02-27T00:31:01.923000;2016-02-27T00:31:01.990000;41bc4946-ae0e-4cdd-90b5-83781c6cf650;433.9;1.52;SELL
