time_exchange;time_coinpai;guid;price;base_amount;taker_side
2016-02-27T00:00:00.000000;2016-02-27T00:00:00.000000;b2602fca-9aa8-4be0-95dc-ce2409a44835;435.49;2.0;UNKNOWN
2016-02-27T00:00:02.000000;2016-02-27T00:00:02.000000;abb24c3f-726c-4d63-a48b-2228d66ed0f7;435.49;2.32394174;UNKNOWN
2016-02-27T00:00:03.000000;2016-02-27T00:00:03.000000;8d8d7c45-fb58-4ddd-9c76-ee59182df44f;435.49;0.04556333;UNKNOWN
2016-02-27T00:00:03.000000;2016-02-27T00:00:03.000000;d64ad128-5678-4010-afd3-85c93a3cbadc;435.49;0.19866126;UNKNOWN
2016-02-27T00:00:03.000000;2016-02-27T00:00:03.000000;d033beb8-c4b3-4ae6-9a85-e8612eddabdd;435.49;3.66203688;UNKNOWN
2016-02-27T00:00:03.000000;2016-02-27T00:00:03.000000;9ba32d9f-1e89-40cd-a85d-057d62078d0a;435.49;0.06879975;UNKNOWN
2016-02-27T00:00:03.000000;2016-02-27T00:00:03.000000;13c868b6-1f54-484b-9c15-0502c72294cb;435.49;0.52765095;UNKNOWN
2016-02-27T00:00:03.000000;2016-02-27T00:00:03.000000;61221600-4fed-4ce4-a4d4-d2a160f12014;435.49;0.05595612;UNKNOWN
2016-02-27T00:00:03.000000;2016-02-27T00:00:03.000000;b663be7b-073c-4020-ac31-4bef84ad6951;435.49;0.62967633;UNKNOWN
2016-02-27T00:00:03.000000;2016-02-27T00:00:03.000000;dad1db3d-725a-4029-8923-21143a096f2e;435.49;0.01648853;UNKNOWN
2016-02-27T00:00:03.000000;2016-02-27T00:00:03.000000;0da461fd-dd23-4c42-b43e-8411dc27b2cd;435.49;0.01461764;UNKNOWN
2016-02-27T00:00:04.000000;2016-02-27T00:00:04.000000;dcdd8637-d54d-4f99-829d-e23e5df30ba7;435.49;0.12742207;UNKNOWN
2016-02-27T00:00:04.000000;2016-02-27T00:00:04.000000;e126522e-2d67-47bb-a3a3-05fdc78ebf9e;435.49;0.14543642;UNKNOWN
2016-02-27T00:00:04.000000;2016-02-27T00:00:04.000000;77ea5be1-b091-44c2-8a80-ccba598b8687;435.49;0.0668907;UNKNOWN
2016-02-27T00:00:04.000000;2016-02-27T00:00:04.000000;948cb7ab-6358-4e2d-ae1b-73184c82e19f;435.49;0.96843878;UNKNOWN
2016-02-27T00:00:04.000000;2016-02-27T00:00:04.000000;ee22c7b4-4d21-4ebe-aeb8-712aa2db6d0a;435.49;0.32937302;UNKNOWN
2016-02-27T00:00:04.000000;2016-02-27T00:00:04.000000;3187f7bb-d3e7-4f33-b3cc-febed74bf64b;435.49;0.02780308;UNKNOWN
2016-02-27T00:00:04.000000;2016-02-27T00:00:04.000000;b079ac02-54a3-4c8c-9939-5e55f366ec65;435.49;0.20333593;UNKNOWN
2016-02-27T00:00:04.000000;2016-02-27T00:00:04.000000;fc3ffa01-2a34-49b5-9144-35f2fa23c38a;435.49;0.07793839;UNKNOWN
2016-02-27T00:00:04.000000;2016-02-27T00:00:04.000000;ba1a3d1b-e8da-405e-8e4d-f00f86ff731e;435.49;0.02254375;UNKNOWN
2016-02-27T00:00:04.000000;2016-02-27T00:00:04.000000;65bdc6d8-0013-4cc4-8f8f-b2e4da28c754;435.49;0.4644681;UNKNOWN
2016-02-27T00:00:05.000000;2016-02-27T00:00:05.000000;7a095c1d-c36b-4e8a-a484-041c48bba33e;435.49;0.12310974;UNKNOWN
2016-02-27T00:00:07.000000;2016-02-27T00:00:07.000000;b84eb0e5-1870-4d52-9bce-532e93c03422;435.39;0.5066536;UNKNOWN
2016-02-27T00:00:08.000000;2016-02-27T00:00:08.000000;66d074f8-471d-48f8-b9e4-69967309ec20;435.49;9.44163;UNKNOWN
2016-02-27T00:00:08.000000;2016-02-27T00:00:08.000000;845465be-ca33-40c2-b992-bc9d97e45a3b;435.4;0.2;UNKNOWN
2016-02-27T00:00:08.000000;2016-02-27T00:00:08.000000;80b8e120-cd34-4926-9f0a-164ab5cba43c;435.49;0.28365837;UNKNOWN
2016-02-27T00:00:09.000000;2016-02-27T00:00:09.000000;ae1d4911-8152-45b7-9adb-23b35e6ddd6f;435.4;0.2;UNKNOWN
2016-02-27T00:00:10.000000;2016-02-27T00:00:10.000000;59199579-c809-44c2-8049-c80c70d72ae5;435.49;0.17716971;UNKNOWN
2016-02-27T00:00:10.000000;2016-02-27T00:00:10.000000;c500d1c6-a5c8-47cd-bdf4-eb77570bea10;435.49;0.02955241;UNKNOWN
2016-02-27T00:00:10.000000;2016-02-27T00:00:10.000000;729a923b-cdaf-4c76-aaf0-0649db62990f;435.49;0.08271236;UNKNOWN
2016-02-27T00:00:10.000000;2016-02-27T00:00:10.000000;1088552a-cea8-4357-908e-5776543fed2f;435.49;1.0;UNKNOWN
2016-02-27T00:00:10.000000;2016-02-27T00:00:10.000000;f5f68a6a-bf9f-43ac-8d21-dbb829b4dd76;435.41;1.414;UNKNOWN
2016-02-27T00:00:11.000000;2016-02-27T00:00:11.000000;d3c3f72c-2623-402c-8476-b5f8269be080;435.49;0.59126918;UNKNOWN
2016-02-27T00:00:11.000000;2016-02-27T00:00:11.000000;153f6642-c6cb-48a1-a4df-8269478c9a22;435.49;0.01641336;UNKNOWN
2016-02-27T00:00:11.000000;2016-02-27T00:00:11.000000;0d173daf-8461-4211-81ef-6234480357ea;435.49;0.17888413;UNKNOWN
2016-02-27T00:00:13.000000;2016-02-27T00:00:13.000000;451c4ed3-17a1-4c3c-8138-a990e9dae7c7;435.49;0.04881303;UNKNOWN
2016-02-27T00:00:13.000000;2016-02-27T00:00:13.000000;d3624fee-a88d-4250-b505-3f8aa76dc6d5;435.49;0.05944987;UNKNOWN
2016-02-27T00:00:13.000000;2016-02-27T00:00:13.000000;1f28788f-8931-497b-a994-aa210eb94fc9;435.49;0.0598457;UNKNOWN
2016-02-27T00:00:14.000000;2016-02-27T00:00:14.000000;36d43c90-f31d-4871-b555-4cdee4ae952c;435.49;16.5325366;UNKNOWN
2016-02-27T00:00:14.000000;2016-02-27T00:00:14.000000;5340a066-f9ab-49d2-98db-81a0335ba5f3;435.49;1.02207601;UNKNOWN
2016-02-27T00:00:18.000000;2016-02-27T00:00:18.000000;a1b8ce47-543c-4e22-ad8f-c482372ff959;435.52;0.25;UNKNOWN
2016-02-27T00:00:20.000000;2016-02-27T00:00:20.000000;5b697cd7-406d-4358-af1b-4d9cc423c9c9;435.51;0.2;UNKNOWN
2016-02-27T00:00:22.000000;2016-02-27T00:00:22.000000;21da3203-e5ef-45b7-803f-56b786a06ade;435.52;0.19892271;UNKNOWN
2016-02-27T00:00:23.000000;2016-02-27T00:00:23.000000;c8ea4784-361c-4158-8d58-1f6629fe79b2;435.52;0.01166159;UNKNOWN
2016-02-27T00:00:23.000000;2016-02-27T00:00:23.000000;25c397dc-6944-4294-9f60-6ccf0a812a38;435.52;0.05107729;UNKNOWN
2016-02-27T00:00:23.000000;2016-02-27T00:00:23.000000;a960be45-d142-4b4b-8642-adbe258d3c67;435.52;0.04552874;UNKNOWN
2016-02-27T00:00:24.000000;2016-02-27T00:00:24.000000;d2ba60f2-0e3b-441f-a46c-64084928d514;435.52;0.09711035;UNKNOWN
2016-02-27T00:00:24.000000;2016-02-27T00:00:24.000000;9c50114a-d1d7-404c-af52-38e5057fe525;435.52;0.04569932;UNKNOWN
2016-02-27T00:00:30.000000;2016-02-27T00:00:30.000000;4f372b06-d27f-465e-8cab-57dba1ebd48f;435.56;0.5;UNKNOWN
2016-02-27T00:00:35.000000;2016-02-27T00:00:35.000000;f83d8f50-2b73-4fc3-92e3-dd5ecde06d64;435.59;0.18350062;UNKNOWN
2016-02-27T00:00:40.000000;2016-02-27T00:00:40.000000;5b48ebfc-491d-40ec-b3bd-0596b8713e53;435.56;1.414;UNKNOWN
2016-02-27T00:00:41.000000;2016-02-27T00:00:41.000000;3e35da50-9be6-43b8-9c34-176f3d82ad97;435.65;0.125;UNKNOWN
2016-02-27T00:00:43.000000;2016-02-27T00:00:43.000000;62a8b445-462f-4c6f-aca3-b6ca67ff1ed6;435.89;0.2;UNKNOWN
2016-02-27T00:00:43.000000;2016-02-27T00:00:43.000000;d8017566-7f9a-419d-9aba-d3aea0e59766;435.89;0.2;UNKNOWN
2016-02-27T00:00:43.000000;2016-02-27T00:00:43.000000;b0d33f33-ac98-4a46-9131-08c2e9b6532f;435.77;0.2;UNKNOWN
2016-02-27T00:00:43.000000;2016-02-27T00:00:43.000000;e5e4877b-5d7f-46b5-99d4-931118106392;435.87;1.0;UNKNOWN
2016-02-27T00:00:43.000000;2016-02-27T00:00:43.000000;9ac8f6e2-4a1b-4b48-aefd-9224e8418615;435.85;0.2;UNKNOWN
2016-02-27T00:00:43.000000;2016-02-27T00:00:43.000000;360757cd-807d-423b-82e4-ee5260fc9213;435.82;0.2;UNKNOWN
2016-02-27T00:00:43.000000;2016-02-27T00:00:43.000000;332954a8-58a1-4947-b7f9-730522cf9fcb;435.89;1.0;UNKNOWN
2016-02-27T00:00:43.000000;2016-02-27T00:00:43.000000;f007348f-1060-4f99-aaa8-3f8280778767;435.66;0.2;UNKNOWN
2016-02-27T00:00:43.000000;2016-02-27T00:00:43.000000;1ab9026b-78a6-4532-bd75-6702f46529c4;435.88;1.0;UNKNOWN
2016-02-27T00:00:43.000000;2016-02-27T00:00:43.000000;d6826856-9a4c-42ee-8161-af2617606fc2;435.71;0.2;UNKNOWN
2016-02-27T00:00:55.000000;2016-02-27T00:00:55.000000;71e8c22f-08ee-4edd-a911-ee2bb6bdc006;435.9;0.59404187;UNKNOWN
2016-02-27T00:00:55.000000;2016-02-27T00:00:55.000000;77c12529-0b12-4705-8e65-532f8ee47346;435.9;0.40595813;UNKNOWN
2016-02-27T00:00:55.000000;2016-02-27T00:00:55.000000;f40d0a67-fa95-4343-b60f-9848f1711559;435.9;0.59743886;UNKNOWN
2016-02-27T00:00:57.000000;2016-02-27T00:00:57.000000;41755321-ebca-4429-9be4-6d1d8150ecf3;435.9;0.69932896;UNKNOWN
2016-02-27T00:00:58.000000;2016-02-27T00:00:58.000000;d0e3ed87-c409-44f8-976b-6c208f96ca03;435.89;1.0;UNKNOWN
2016-02-27T00:00:58.000000;2016-02-27T00:00:58.000000;6fd26c6d-5913-4c42-ae52-0beca25c1739;435.9;0.63037842;UNKNOWN
2016-02-27T00:01:02.000000;2016-02-27T00:01:02.000000;b4311ae3-df7e-44be-801d-e6fc6db26cc8;435.9;0.59187994;UNKNOWN
2016-02-27T00:01:02.000000;2016-02-27T00:01:02.000000;8bf830dc-bdd0-4d49-b750-cc625fd02e8d;435.9;0.19365442;UNKNOWN
2016-02-27T00:01:02.000000;2016-02-27T00:01:02.000000;dfa801c4-472f-4176-a2ba-a6aa05612c71;435.89;1.0;UNKNOWN
2016-02-27T00:01:03.000000;2016-02-27T00:01:03.000000;9a1d4512-b64f-4676-8343-7482534d3369;435.9;0.09902469;UNKNOWN
2016-02-27T00:01:04.000000;2016-02-27T00:01:04.000000;53c6b28f-1f3e-465b-a467-fdd88df8842b;436.0;1.0;UNKNOWN
2016-02-27T00:01:04.000000;2016-02-27T00:01:04.000000;ffb3ffba-1793-42bd-9892-3a8b1349adcc;436.0;2.69897708;UNKNOWN
2016-02-27T00:01:04.000000;2016-02-27T00:01:04.000000;a5ea3b85-fc3f-426d-b00d-eb7aadd213ac;435.9;21.10102292;UNKNOWN
2016-02-27T00:01:04.000000;2016-02-27T00:01:04.000000;3564b9d5-e728-4e17-a3e9-eaa9c435dedc;435.95;0.2;UNKNOWN
2016-02-27T00:01:04.000000;2016-02-27T00:01:04.000000;e88256a1-75e9-4929-869a-5d5ee08b922a;435.9;1.03757323;UNKNOWN
2016-02-27T00:01:04.000000;2016-02-27T00:01:04.000000;4b5f141e-8374-412f-84cb-e6c2b7aeed5e;435.9;0.75969856;UNKNOWN
2016-02-27T00:01:05.000000;2016-02-27T00:01:05.000000;249cc55b-8f70-4dff-a02b-39acf2c40e8e;436.0;0.11526245;UNKNOWN
2016-02-27T00:01:05.000000;2016-02-27T00:01:05.000000;0be70ade-4f5c-4a81-be5e-98734c5b1c81;435.89;1.0;UNKNOWN
2016-02-27T00:01:07.000000;2016-02-27T00:01:07.000000;27cb1063-e94c-46de-8678-d0bfa2ebe760;436.0;0.1;UNKNOWN
2016-02-27T00:01:08.000000;2016-02-27T00:01:08.000000;ecb826c6-7747-4477-8ebd-9bcfa962c17a;436.0;0.11018646;UNKNOWN
2016-02-27T00:01:12.000000;2016-02-27T00:01:12.000000;0f0fc685-87a1-41ae-93cb-b0352ff1d367;435.9;0.04623188;UNKNOWN
2016-02-27T00:01:12.000000;2016-02-27T00:01:12.000000;bf45209c-8412-4353-aa27-e9c325bcf46c;435.9;0.18870173;UNKNOWN
2016-02-27T00:01:12.000000;2016-02-27T00:01:12.000000;89e630d0-35d5-46e3-8a9b-39c3122d7ed9;435.99;0.04695665;UNKNOWN
2016-02-27T00:01:12.000000;2016-02-27T00:01:12.000000;c65a5637-6d7a-48c0-a736-57f7cfbbdf41;435.9;0.06329678;UNKNOWN
2016-02-27T00:01:12.000000;2016-02-27T00:01:12.000000;72529eb1-9f91-4456-b78d-653ff73591f4;435.9;0.63017198;UNKNOWN
2016-02-27T00:01:12.000000;2016-02-27T00:01:12.000000;5934345e-6a6e-48c4-ac46-7e5489e4681b;435.9;0.43969272;UNKNOWN
2016-02-27T00:01:12.000000;2016-02-27T00:01:12.000000;c611a467-08db-433d-aa40-4d11c8252233;435.9;0.04590491;UNKNOWN
2016-02-27T00:01:17.000000;2016-02-27T00:01:17.000000;316be83c-fd4e-4723-af41-cb93d43237dc;435.99;0.48350245;UNKNOWN
2016-02-27T00:01:17.000000;2016-02-27T00:01:17.000000;fb738dbc-f798-4a9c-8cf5-93a62e4593e7;435.99;0.13021044;UNKNOWN
2016-02-27T00:01:18.000000;2016-02-27T00:01:18.000000;04ec75c9-c514-4a14-be48-74405679f924;435.98;0.2427673;UNKNOWN
2016-02-27T00:01:18.000000;2016-02-27T00:01:18.000000;b2fcb4ca-c363-4b44-8b3e-910b2600b5cd;435.98;0.01479365;UNKNOWN
2016-02-27T00:01:18.000000;2016-02-27T00:01:18.000000;a1553f0c-9fe0-4db6-b517-d47ba0a6a64f;435.98;0.38880282;UNKNOWN
2016-02-27T00:01:19.000000;2016-02-27T00:01:19.000000;eb18bca7-48f5-49fe-8ab3-23c57a349f9d;435.98;0.02314829;UNKNOWN
2016-02-27T00:01:19.000000;2016-02-27T00:01:19.000000;bb4e9831-052b-4691-9042-ff9d8257c2a1;435.98;0.0731356;UNKNOWN
2016-02-27T00:01:19.000000;2016-02-27T00:01:19.000000;9feaf942-a3d7-4bd8-841e-4edddc7a5818;435.98;0.13472434;UNKNOWN
2016-02-27T00:01:20.000000;2016-02-27T00:01:20.000000;dafd746e-99c3-4a74-b95a-e1f1bc67a7d2;435.98;0.122628;UNKNOWN
2016-02-27T00:01:20.000000;2016-02-27T00:01:20.000000;348f75bd-023e-491e-b280-1189e02931b5;435.99;0.06699141;UNKNOWN
2016-02-27T00:01:20.000000;2016-02-27T00:01:20.000000;465355ff-7d1d-4a21-80f2-0abdb035694a;435.99;0.38628711;UNKNOWN
2016-02-27T00:01:21.000000;2016-02-27T00:01:21.000000;16be011b-78ec-4e4e-93a6-82acde0286b4;435.99;0.05101347;UNKNOWN
2016-02-27T00:01:21.000000;2016-02-27T00:01:21.000000;7e28db97-f72c-48de-8161-442239885a57;435.99;0.02084635;UNKNOWN
2016-02-27T00:01:22.000000;2016-02-27T00:01:22.000000;9e9549ca-b4f2-451f-afcd-576ffca16e09;436.0;0.16155356;UNKNOWN
2016-02-27T00:01:22.000000;2016-02-27T00:01:22.000000;99259e0e-b1b6-48fd-88c5-f082f7adbaa7;436.0;0.04443005;UNKNOWN
2016-02-27T00:01:22.000000;2016-02-27T00:01:22.000000;52be5558-a705-40f4-861f-91c6890a0b63;436.0;0.01;UNKNOWN
2016-02-27T00:01:22.000000;2016-02-27T00:01:22.000000;1f901e38-d1c2-42a5-878a-f9397f10bcef;436.0;0.94556995;UNKNOWN
2016-02-27T00:01:22.000000;2016-02-27T00:01:22.000000;c4a09951-e624-43d1-a148-db6de9f99012;435.99;0.08783776;UNKNOWN
2016-02-27T00:01:23.000000;2016-02-27T00:01:23.000000;8fc69256-47d2-47c2-8f52-79f3dae2533d;435.9;5.6655;UNKNOWN
2016-02-27T00:01:23.000000;2016-02-27T00:01:23.000000;3ea852e4-3b9c-4486-845f-e7e694c4685f;435.99;0.06228173;UNKNOWN
2016-02-27T00:01:23.000000;2016-02-27T00:01:23.000000;a2ec6338-45b6-4412-a940-955409452e0c;435.99;0.02729989;UNKNOWN
2016-02-27T00:01:23.000000;2016-02-27T00:01:23.000000;693eea5f-a59d-4ed6-b0d2-593976d89e06;435.9;0.5768894;UNKNOWN
2016-02-27T00:01:23.000000;2016-02-27T00:01:23.000000;34c21e92-5701-4949-8ecb-bad7d76dc6fe;435.99;0.08629927;UNKNOWN
2016-02-27T00:01:23.000000;2016-02-27T00:01:23.000000;b8ce4c6a-234b-45b0-8deb-359aa3f28ff1;435.99;0.03673753;UNKNOWN
2016-02-27T00:01:23.000000;2016-02-27T00:01:23.000000;d16327c4-fb5b-4ebe-9be9-2d11ce94aebc;435.9;1.02773864;UNKNOWN
2016-02-27T00:01:23.000000;2016-02-27T00:01:23.000000;a94491f3-3fc7-4a22-9b6b-d98829670916;435.9;0.71269032;UNKNOWN
2016-02-27T00:01:23.000000;2016-02-27T00:01:23.000000;4d23aeb2-0168-4d59-aed9-65c0ecb2888a;435.89;11.04316322;UNKNOWN
2016-02-27T00:01:24.000000;2016-02-27T00:01:24.000000;c01e9c0f-47ad-4692-825e-1ae954bc31eb;435.99;0.0958096;UNKNOWN
2016-02-27T00:01:24.000000;2016-02-27T00:01:24.000000;76afc6e8-e9dc-4d4c-a59d-bad9641fab9a;435.99;0.04523266;UNKNOWN
2016-02-27T00:01:24.000000;2016-02-27T00:01:24.000000;262f906d-4865-43c9-87d8-bb5790617503;435.98;0.5007415;UNKNOWN
2016-02-27T00:01:25.000000;2016-02-27T00:01:25.000000;4ae15c32-0d3a-4626-a476-c5873a5ffe59;435.99;0.01574643;UNKNOWN
2016-02-27T00:01:25.000000;2016-02-27T00:01:25.000000;bdcb2d00-d521-4d38-8e9f-e43c02735499;435.98;0.12196085;UNKNOWN
2016-02-27T00:01:25.000000;2016-02-27T00:01:25.000000;271d2db1-1fd1-48be-a91b-e4b703054011;435.98;0.23625539;UNKNOWN
2016-02-27T00:01:26.000000;2016-02-27T00:01:26.000000;9a837019-ce45-42f8-be58-125fd70e6de1;435.98;0.00300955;UNKNOWN
2016-02-27T00:01:26.000000;2016-02-27T00:01:26.000000;d94ca1e1-1db0-44e8-9856-2793f38c5e65;435.98;0.00812437;UNKNOWN
2016-02-27T00:01:27.000000;2016-02-27T00:01:27.000000;36e45571-2c1e-4d2c-ac17-fbe5f12e6416;435.99;0.06020784;UNKNOWN
2016-02-27T00:01:28.000000;2016-02-27T00:01:28.000000;64f47193-74e6-496b-a264-8ca8c93638bc;435.99;0.44141346;UNKNOWN
2016-02-27T00:01:29.000000;2016-02-27T00:01:29.000000;816bca1f-38d5-4f5c-9ab2-e829b562a7b9;435.99;1.0;UNKNOWN
2016-02-27T00:01:29.000000;2016-02-27T00:01:29.000000;16660802-5158-4956-b286-9e219a25e84c;435.99;0.36393231;UNKNOWN
2016-02-27T00:01:29.000000;2016-02-27T00:01:29.000000;b653782a-fbbb-415e-800c-3d957fceb8d8;435.99;0.02595329;UNKNOWN
2016-02-27T00:01:30.000000;2016-02-27T00:01:30.000000;04c3fadb-3fdf-4d45-abd6-9792cfe7189d;435.98;0.03;UNKNOWN
2016-02-27T00:01:30.000000;2016-02-27T00:01:30.000000;e80d5c2f-8eb8-441e-9053-ae1ef201f505;435.98;0.01844839;UNKNOWN
2016-02-27T00:01:30.000000;2016-02-27T00:01:30.000000;8eb1065f-b095-45fb-8aa7-c81fcf471065;435.98;0.0266941;UNKNOWN
2016-02-27T00:01:30.000000;2016-02-27T00:01:30.000000;321ae335-d5ef-49eb-af79-eb8e37a31bb2;435.98;0.15415612;UNKNOWN
2016-02-27T00:01:30.000000;2016-02-27T00:01:30.000000;96ac1178-9b96-422e-b53e-d574d0a8bd5d;435.98;0.08633023;UNKNOWN
2016-02-27T00:01:30.000000;2016-02-27T00:01:30.000000;69a38e96-ae2d-4bc8-98e3-17c779f91b5e;435.98;0.09866233;UNKNOWN
2016-02-27T00:01:30.000000;2016-02-27T00:01:30.000000;2342212b-4bac-4db3-81bf-9e452c487f60;435.98;0.57667059;UNKNOWN
2016-02-27T00:01:30.000000;2016-02-27T00:01:30.000000;c8b8bec3-36c5-4f2e-ad9d-1eb967b96a48;435.98;0.07152279;UNKNOWN
2016-02-27T00:01:30.000000;2016-02-27T00:01:30.000000;a74df56b-0147-46b1-a1e6-630374f6869a;435.89;0.96751545;UNKNOWN
2016-02-27T00:01:31.000000;2016-02-27T00:01:31.000000;7964a1ac-cd58-44b6-b0ce-1a18f0a50374;435.98;0.19732356;UNKNOWN
2016-02-27T00:01:32.000000;2016-02-27T00:01:32.000000;ed4f6423-7b07-4fdb-ba5d-8696a80bddab;435.98;0.09251777;UNKNOWN
2016-02-27T00:01:33.000000;2016-02-27T00:01:33.000000;07465786-f173-4c68-86d8-8eb278a8ad24;435.98;0.060736;UNKNOWN
2016-02-27T00:01:33.000000;2016-02-27T00:01:33.000000;6b9db528-cbcb-44b6-9051-793acec3c79d;435.98;0.28724181;UNKNOWN
2016-02-27T00:01:33.000000;2016-02-27T00:01:33.000000;b7dff0d0-5907-4511-a279-fc6f50d9e2ff;435.98;0.0573512;UNKNOWN
2016-02-27T00:01:33.000000;2016-02-27T00:01:33.000000;416ad090-0b8e-47e6-85cc-ec8160fbd837;436.0;0.63027234;UNKNOWN
2016-02-27T00:01:33.000000;2016-02-27T00:01:33.000000;ef33255c-de47-44b8-9f69-9b64e3e97d61;435.98;0.056574;UNKNOWN
2016-02-27T00:01:33.000000;2016-02-27T00:01:33.000000;19103d1a-54e4-4777-9779-41c93f29f9af;435.98;0.30899166;UNKNOWN
2016-02-27T00:01:38.000000;2016-02-27T00:01:38.000000;50935e0b-ce41-4cf7-9902-749126b0919e;435.99;0.05204995;UNKNOWN
2016-02-27T00:01:38.000000;2016-02-27T00:01:38.000000;4bfcdd1a-add2-4818-826b-46b02f0398f3;435.99;0.04795005;UNKNOWN
2016-02-27T00:01:40.000000;2016-02-27T00:01:40.000000;7453b654-c708-478a-a2eb-f32e6c0c87da;435.99;0.96953066;UNKNOWN
2016-02-27T00:01:40.000000;2016-02-27T00:01:40.000000;471a8fd3-edb8-452b-83c9-b8cb59f51725;435.99;0.53046934;UNKNOWN
2016-02-27T00:01:41.000000;2016-02-27T00:01:41.000000;62a235da-3959-4ab7-a4dc-dc9ff7e7e12f;436.0;2.0;UNKNOWN
2016-02-27T00:01:44.000000;2016-02-27T00:01:44.000000;f5b7642f-992a-47f8-905f-c3ee038a7a81;436.0;0.05764954;UNKNOWN
2016-02-27T00:01:47.000000;2016-02-27T00:01:47.000000;1c61c892-a095-441d-98df-b09dee01b0bc;436.0;0.1;UNKNOWN
2016-02-27T00:01:51.000000;2016-02-27T00:01:51.000000;e210f07f-db80-45d8-81a7-7fa70e9cf742;435.99;0.01567125;UNKNOWN
2016-02-27T00:01:51.000000;2016-02-27T00:01:51.000000;7ab170bb-a807-4f81-b5a6-90dc524e268e;435.99;0.20115785;UNKNOWN
2016-02-27T00:01:51.000000;2016-02-27T00:01:51.000000;398dfdc0-2c45-4707-b143-0f3947b30185;435.99;0.61424046;UNKNOWN
2016-02-27T00:01:51.000000;2016-02-27T00:01:51.000000;23611e85-8c3c-4f76-863b-fb6f1a2a2dc0;435.99;0.16893044;UNKNOWN
2016-02-27T00:01:53.000000;2016-02-27T00:01:53.000000;1002f242-a72b-4ca4-b5be-104ff1f20a3b;436.0;0.06315456;UNKNOWN
2016-02-27T00:01:54.000000;2016-02-27T00:01:54.000000;c337825a-2bf7-4835-a8a5-7c00900ec577;436.0;0.76729159;UNKNOWN
2016-02-27T00:01:55.000000;2016-02-27T00:01:55.000000;fc394cb9-d94a-462e-81c5-b9c003146e28;435.99;0.18828919;UNKNOWN
2016-02-27T00:01:55.000000;2016-02-27T00:01:55.000000;336f983e-a1c8-47c9-aa7b-0c1d54d073f4;435.99;0.01394379;UNKNOWN
2016-02-27T00:01:55.000000;2016-02-27T00:01:55.000000;e4df5053-7fb1-413e-8249-783ac3e63254;435.99;0.53742376;UNKNOWN
2016-02-27T00:01:57.000000;2016-02-27T00:01:57.000000;e8d9f6ec-3263-42eb-8759-3e0e9be7b417;435.98;0.15;UNKNOWN
2016-02-27T00:01:57.000000;2016-02-27T00:01:57.000000;77e87575-23ba-4b66-9f2a-5c089225065f;435.99;0.2254;UNKNOWN
2016-02-27T00:01:58.000000;2016-02-27T00:01:58.000000;60ba1780-3165-419a-ac88-2ae263372258;435.99;0.43878667;UNKNOWN
2016-02-27T00:02:03.000000;2016-02-27T00:02:03.000000;9f0ce5b2-c3d3-494e-b074-47d7935ee67e;435.99;0.05730762;UNKNOWN
2016-02-27T00:02:03.000000;2016-02-27T00:02:03.000000;76e7a90c-ade1-4dc4-a4c4-40d12c5837ba;435.99;0.01015659;UNKNOWN
2016-02-27T00:02:04.000000;2016-02-27T00:02:04.000000;4f6f5f61-1c3d-465a-b24a-46ab49f5fc36;435.99;0.7551175;UNKNOWN
2016-02-27T00:02:04.000000;2016-02-27T00:02:04.000000;8601af59-38b2-4746-b9c0-441a4ec36b41;435.98;0.25;UNKNOWN
2016-02-27T00:02:05.000000;2016-02-27T00:02:05.000000;e6cb8aff-779c-4b77-a2db-5e5552900f47;435.99;0.18757488;UNKNOWN
2016-02-27T00:02:05.000000;2016-02-27T00:02:05.000000;e6f110ae-ab53-4a77-9d4a-d3a39400496d;435.99;0.36544052;UNKNOWN
2016-02-27T00:02:05.000000;2016-02-27T00:02:05.000000;56f2f1aa-add8-4b4d-ae0b-672f87802c9e;435.99;0.0132901;UNKNOWN
2016-02-27T00:02:06.000000;2016-02-27T00:02:06.000000;42335a1a-96a6-4147-859d-55b084bf6485;435.99;0.55005702;UNKNOWN
2016-02-27T00:02:06.000000;2016-02-27T00:02:06.000000;4cd92565-c448-424d-96d5-524ed8d77ce9;435.99;0.13560034;UNKNOWN
2016-02-27T00:02:06.000000;2016-02-27T00:02:06.000000;48b3f9ea-415c-43be-8b52-76cdb13fbcc0;436.0;0.21480098;UNKNOWN
2016-02-27T00:02:06.000000;2016-02-27T00:02:06.000000;4085dbfc-ede3-4e75-aa92-9f718c498b7b;435.99;0.17798133;UNKNOWN
2016-02-27T00:02:07.000000;2016-02-27T00:02:07.000000;7af5cae7-2afa-4f94-8371-7c8f11b82ec6;436.0;0.02360353;UNKNOWN
2016-02-27T00:02:07.000000;2016-02-27T00:02:07.000000;8ad0945f-7184-414c-bf35-e7c19c85ba80;436.0;0.13714087;UNKNOWN
2016-02-27T00:02:08.000000;2016-02-27T00:02:08.000000;22db0c31-6827-47f8-8969-eb76795376ea;435.99;0.25656283;UNKNOWN
2016-02-27T00:02:08.000000;2016-02-27T00:02:08.000000;53d29cde-83ee-413d-ada7-c9d201df24a8;435.99;0.42259145;UNKNOWN
2016-02-27T00:02:08.000000;2016-02-27T00:02:08.000000;5ac51843-becf-4620-b28b-b9aa9eadd6d9;435.99;0.08684286;UNKNOWN
2016-02-27T00:02:11.000000;2016-02-27T00:02:11.000000;6b28b131-d83a-4b99-8444-b880e04e1554;435.99;0.03148456;UNKNOWN
2016-02-27T00:02:11.000000;2016-02-27T00:02:11.000000;a56137af-3a26-4285-90c2-e5d064e6e2e0;435.99;0.17211182;UNKNOWN
2016-02-27T00:02:11.000000;2016-02-27T00:02:11.000000;c5132563-037e-4103-baa2-f7bc10cfbef6;435.99;0.03040648;UNKNOWN
2016-02-27T00:02:12.000000;2016-02-27T00:02:12.000000;e15ba9e9-04fd-4899-ab6f-0fdd29e3446e;435.99;0.06722867;UNKNOWN
2016-02-27T00:02:13.000000;2016-02-27T00:02:13.000000;2c007b9c-cb37-4bed-a81f-fb955f259db7;435.99;0.06630171;UNKNOWN
2016-02-27T00:02:13.000000;2016-02-27T00:02:13.000000;a3e3bdb4-8d5f-461f-9f4b-02d9d33a255f;435.99;0.61781672;UNKNOWN
2016-02-27T00:02:13.000000;2016-02-27T00:02:13.000000;eeee7d1c-94bb-47aa-9a49-17ad1ca254ad;435.99;0.2486529;UNKNOWN
2016-02-27T00:02:16.000000;2016-02-27T00:02:16.000000;a1a40c7f-01df-4016-a673-bb2da3f31569;435.99;0.04101988;UNKNOWN
2016-02-27T00:02:16.000000;2016-02-27T00:02:16.000000;9a9f850d-a84a-4beb-8002-8c23c6c12e8a;435.99;0.00537516;UNKNOWN
2016-02-27T00:02:16.000000;2016-02-27T00:02:16.000000;723064d5-00c3-4810-9131-2334a5ebe985;435.99;0.05804065;UNKNOWN
2016-02-27T00:02:16.000000;2016-02-27T00:02:16.000000;cbf905c7-b5d4-4de4-a3bc-1be203c6e8bc;435.99;0.67202238;UNKNOWN
2016-02-27T00:02:16.000000;2016-02-27T00:02:16.000000;2ad92142-a150-45bb-a0d4-3d6fe01a5027;435.99;0.01995531;UNKNOWN
2016-02-27T00:02:16.000000;2016-02-27T00:02:16.000000;b0999f2c-4faa-4a17-b4f5-5d9ccca19bb9;435.99;0.14308826;UNKNOWN
2016-02-27T00:02:16.000000;2016-02-27T00:02:16.000000;d8aa2424-fd36-4451-980b-e29a52dc0a75;435.99;0.1068934;UNKNOWN
2016-02-27T00:02:16.000000;2016-02-27T00:02:16.000000;741d386c-cd2d-4177-a45c-8865afc4c98c;436.0;0.5;UNKNOWN
2016-02-27T00:02:16.000000;2016-02-27T00:02:16.000000;4da65a34-e6d5-4f02-af09-8b4aee7a04b2;436.0;0.11948336;UNKNOWN
2016-02-27T00:02:16.000000;2016-02-27T00:02:16.000000;da76d214-1e7e-4f0f-b7ed-6e25f23987fe;436.0;0.06051664;UNKNOWN
2016-02-27T00:02:18.000000;2016-02-27T00:02:18.000000;0af34b11-6b9a-4c7a-9d16-446b6ef97b7f;435.99;0.21235556;UNKNOWN
2016-02-27T00:02:18.000000;2016-02-27T00:02:18.000000;1f5bdc12-d064-4343-9cbc-db4f89d8e943;435.99;0.14331359;UNKNOWN
2016-02-27T00:02:18.000000;2016-02-27T00:02:18.000000;19d1f704-7115-46c1-a409-588a21995377;435.99;0.0161772;UNKNOWN
2016-02-27T00:02:18.000000;2016-02-27T00:02:18.000000;1eb3556f-581c-405e-9f4f-0c3901f92a96;435.99;0.51339332;UNKNOWN
2016-02-27T00:02:18.000000;2016-02-27T00:02:18.000000;b6822c8d-2b79-4510-9247-658423562e69;435.99;0.38212256;UNKNOWN
2016-02-27T00:02:18.000000;2016-02-27T00:02:18.000000;9a1b7aed-c91e-4db5-b1f2-0534f31a3fd2;435.99;0.56472652;UNKNOWN
2016-02-27T00:02:18.000000;2016-02-27T00:02:18.000000;0bf549e6-f4a9-4862-8085-762cbabb8cda;435.99;0.04624211;UNKNOWN
2016-02-27T00:02:18.000000;2016-02-27T00:02:18.000000;e6cd8f93-87b3-4d59-8185-104386db81c7;435.99;0.61789501;UNKNOWN
2016-02-27T00:02:18.000000;2016-02-27T00:02:18.000000;65a7d1eb-3cff-4aaf-a9dc-b5ad7848f326;435.99;0.09055016;UNKNOWN
2016-02-27T00:02:18.000000;2016-02-27T00:02:18.000000;25e61137-ffd8-4567-9b1e-cd93df292268;435.99;0.12454007;UNKNOWN
2016-02-27T00:02:18.000000;2016-02-27T00:02:18.000000;a90542b4-9b10-4308-8873-f3bfcc7f66f4;435.99;0.51205344;UNKNOWN
2016-02-27T00:02:18.000000;2016-02-27T00:02:18.000000;ea284bdf-8b6f-4329-8a57-861463bbc4b6;435.99;0.02560356;UNKNOWN
2016-02-27T00:02:18.000000;2016-02-27T00:02:18.000000;ba6f316e-9085-4b08-bf2e-5b8c697f76ee;435.99;0.08070206;UNKNOWN
2016-02-27T00:02:18.000000;2016-02-27T00:02:18.000000;5666e3f0-5732-414c-b94a-1b34b448c34e;435.97;5.7101;UNKNOWN
2016-02-27T00:02:19.000000;2016-02-27T00:02:19.000000;0a3ca674-80b0-4343-b6a8-e31bf7ebd68f;435.8;0.0269959;UNKNOWN
2016-02-27T00:02:19.000000;2016-02-27T00:02:19.000000;9b4dec5e-8088-46a6-9216-dc56057f92d1;435.8;0.15666406;UNKNOWN
2016-02-27T00:02:20.000000;2016-02-27T00:02:20.000000;bf5e1cac-c9dd-4bb0-b785-143801069091;435.8;0.08296142;UNKNOWN
2016-02-27T00:02:20.000000;2016-02-27T00:02:20.000000;8aa81e79-8ccc-45d5-a9d5-c48e8b0d67e3;435.8;0.28535247;UNKNOWN
2016-02-27T00:02:20.000000;2016-02-27T00:02:20.000000;6426bbda-8e89-45b9-b254-ad940f2d60b0;435.8;0.36763023;UNKNOWN
2016-02-27T00:02:21.000000;2016-02-27T00:02:21.000000;22379622-0aa7-43ed-a6fc-4149c5387f8d;435.8;0.20800971;UNKNOWN
2016-02-27T00:02:21.000000;2016-02-27T00:02:21.000000;9a51827b-2fab-46b0-9e17-5dd2cc0ddfbd;435.8;0.65770855;UNKNOWN
2016-02-27T00:02:22.000000;2016-02-27T00:02:22.000000;eb757fad-3852-4d7f-b685-4046a221d575;435.8;0.05426757;UNKNOWN
2016-02-27T00:02:22.000000;2016-02-27T00:02:22.000000;b2e4976b-08f3-42f2-a5dc-b4cbfe6eb25e;435.8;0.09308779;UNKNOWN
2016-02-27T00:02:22.000000;2016-02-27T00:02:22.000000;9846792d-9371-4f74-81a9-ff949ddd0eb7;435.8;0.01807113;UNKNOWN
2016-02-27T00:02:25.000000;2016-02-27T00:02:25.000000;26caba01-ee86-4454-9399-81b0dc62e674;435.8;0.55848375;UNKNOWN
2016-02-27T00:02:25.000000;2016-02-27T00:02:25.000000;a42b5317-ac88-424f-89f0-8bc4f1379430;435.8;0.06043137;UNKNOWN
2016-02-27T00:02:25.000000;2016-02-27T00:02:25.000000;d90b69e8-68ad-4303-87ad-ffc3923872fe;435.8;0.04742269;UNKNOWN
2016-02-27T00:02:25.000000;2016-02-27T00:02:25.000000;97ffc604-d55f-4631-8d58-60e8ee105981;435.8;0.76219231;UNKNOWN
2016-02-27T00:02:26.000000;2016-02-27T00:02:26.000000;d5ae66fc-09d1-4207-b73a-90e82751e8f3;435.8;0.0774515;UNKNOWN
2016-02-27T00:02:26.000000;2016-02-27T00:02:26.000000;09039590-48b1-48a4-aa75-3804d820335f;435.8;0.25487929;UNKNOWN
2016-02-27T00:02:26.000000;2016-02-27T00:02:26.000000;d5669963-0e79-4086-ba77-dafc2514bf65;435.8;0.51797223;UNKNOWN
2016-02-27T00:02:26.000000;2016-02-27T00:02:26.000000;06ca3ad5-617b-4382-a8d3-d8690ba366f6;435.8;0.12801118;UNKNOWN
2016-02-27T00:02:27.000000;2016-02-27T00:02:27.000000;adb3b4da-27e9-47be-ae43-8b82baea3af6;435.8;0.3219131;UNKNOWN
2016-02-27T00:02:27.000000;2016-02-27T00:02:27.000000;e00e7b05-4abe-45be-b059-5079f5b68c3c;435.8;1.24975481;UNKNOWN
2016-02-27T00:02:27.000000;2016-02-27T00:02:27.000000;593c21cc-d47f-411e-bf24-e5cb4b8c6039;435.8;0.13842355;UNKNOWN
2016-02-27T00:02:27.000000;2016-02-27T00:02:27.000000;03e843cb-15e9-4780-bd52-9950ee47495f;435.8;0.0149733;UNKNOWN
2016-02-27T00:02:28.000000;2016-02-27T00:02:28.000000;cb4a47e0-17b7-4363-ae43-abd3107b9064;435.8;0.02321981;UNKNOWN
2016-02-27T00:02:29.000000;2016-02-27T00:02:29.000000;686830c8-4ba6-4200-bfbf-b1f2c2baf6b8;435.8;0.17242415;UNKNOWN
2016-02-27T00:02:29.000000;2016-02-27T00:02:29.000000;c42ab8a4-99f3-4ff2-a870-db1c23bc9aaa;435.8;0.42290817;UNKNOWN
2016-02-27T00:02:30.000000;2016-02-27T00:02:30.000000;7c78cafb-4f07-4475-ac3e-cea9c4f4fec1;435.8;0.62421186;UNKNOWN
2016-02-27T00:02:30.000000;2016-02-27T00:02:30.000000;8f7548a2-2383-4044-afa1-e3a662928d04;435.8;0.09020443;UNKNOWN
2016-02-27T00:02:30.000000;2016-02-27T00:02:30.000000;b0d4f758-db42-4360-a46c-091f92f850f4;435.8;0.25346745;UNKNOWN
2016-02-27T00:02:30.000000;2016-02-27T00:02:30.000000;b8b206a1-3e33-4b69-b3b5-da51f6f8f71e;435.8;0.02990565;UNKNOWN
2016-02-27T00:02:31.000000;2016-02-27T00:02:31.000000;353551b7-74a2-4dce-a4bd-c80655acc5a9;435.8;0.21328165;UNKNOWN
2016-02-27T00:02:31.000000;2016-02-27T00:02:31.000000;77436260-35d6-4165-bc3c-a56b6b6fbc26;435.8;0.018289;UNKNOWN
2016-02-27T00:02:32.000000;2016-02-27T00:02:32.000000;5976ad9d-1e8b-4354-92b1-a356db0e6479;435.8;0.09035586;UNKNOWN
2016-02-27T00:02:33.000000;2016-02-27T00:02:33.000000;986c818b-1733-49b6-a4bb-c616712fb843;435.8;0.06441915;UNKNOWN
2016-02-27T00:02:33.000000;2016-02-27T00:02:33.000000;90d577dd-a43b-43ac-a365-a4f32ed2f9c3;435.8;0.04435686;UNKNOWN
2016-02-27T00:02:34.000000;2016-02-27T00:02:34.000000;58348e99-8c78-48bc-883f-794380d3a074;435.8;0.53367136;UNKNOWN
2016-02-27T00:02:34.000000;2016-02-27T00:02:34.000000;8b83d0b8-9d74-4a7c-9db0-07a2bbd1b4e0;435.8;0.06096791;UNKNOWN
2016-02-27T00:02:47.000000;2016-02-27T00:02:47.000000;c08cac71-d6d7-4218-a6f1-c23482d9ba41;435.98;1.0;UNKNOWN
2016-02-27T00:02:47.000000;2016-02-27T00:02:47.000000;29412ad1-6c2c-4dea-9343-6f1cc921e9c5;435.98;0.8531;UNKNOWN
2016-02-27T00:02:47.000000;2016-02-27T00:02:47.000000;80aa8edf-612a-4d9d-bcf1-ee57205e53e3;435.99;1.414;UNKNOWN
2016-02-27T00:02:47.000000;2016-02-27T00:02:47.000000;0c5ce257-5053-4adc-90c2-4d4323f8be2d;436.0;2.7329;UNKNOWN
2016-02-27T00:02:48.000000;2016-02-27T00:02:48.000000;6ec1dea1-8ca5-4e8d-87ff-87a1eff4bb69;435.8;0.08533562;UNKNOWN
2016-02-27T00:02:48.000000;2016-02-27T00:02:48.000000;ac8f6aa4-9737-41ea-b445-0396866ad43d;435.8;0.12159334;UNKNOWN
2016-02-27T00:02:48.000000;2016-02-27T00:02:48.000000;3d486a3a-dd06-4f19-bd66-a18e43bd6c2d;435.8;0.01508728;UNKNOWN
2016-02-27T00:02:48.000000;2016-02-27T00:02:48.000000;63b238b1-4dfd-4796-a126-961c9daad711;435.65;5.0;UNKNOWN
2016-02-27T00:02:48.000000;2016-02-27T00:02:48.000000;22980feb-df5d-42ac-8c95-b0feb609dccb;435.8;0.18734218;UNKNOWN
2016-02-27T00:02:48.000000;2016-02-27T00:02:48.000000;35d7a9c5-303d-43f0-bd89-8fc93c276b98;435.8;0.02695595;UNKNOWN
2016-02-27T00:02:48.000000;2016-02-27T00:02:48.000000;e599d6d4-9924-4ee4-b798-2fde1a467730;435.66;15.0;UNKNOWN
2016-02-27T00:02:48.000000;2016-02-27T00:02:48.000000;e3b03453-849f-439e-bbd8-c7e4bd147d97;435.8;0.04807582;UNKNOWN
2016-02-27T00:02:48.000000;2016-02-27T00:02:48.000000;7ae38e61-6766-4081-a270-51f4fe714439;435.82;5.6613;UNKNOWN
2016-02-27T00:02:48.000000;2016-02-27T00:02:48.000000;daeb4a67-62e5-4807-94de-65d8ac13457d;435.8;0.23864584;UNKNOWN
2016-02-27T00:02:48.000000;2016-02-27T00:02:48.000000;92b342d3-6e72-4ca6-b2e5-6e2c25543f38;435.8;0.51760697;UNKNOWN
2016-02-27T00:02:48.000000;2016-02-27T00:02:48.000000;32caa178-4090-4cb5-88fd-3f578fcc8175;435.8;0.61246526;UNKNOWN
2016-02-27T00:02:48.000000;2016-02-27T00:02:48.000000;d10e28fa-1d07-4477-80b1-ac4b3f5f9cac;435.8;1.03422547;UNKNOWN
2016-02-27T00:02:48.000000;2016-02-27T00:02:48.000000;77e55f43-97a3-4e98-bc9b-a0d742bd56f1;435.8;0.02612354;UNKNOWN
2016-02-27T00:02:48.000000;2016-02-27T00:02:48.000000;e124b264-4c00-46d3-ad36-f93bfb09efe0;435.8;0.24630788;UNKNOWN
2016-02-27T00:02:48.000000;2016-02-27T00:02:48.000000;69512cb9-6c2c-4a29-83d1-5921d14a6bab;435.8;0.40031612;UNKNOWN
2016-02-27T00:02:48.000000;2016-02-27T00:02:48.000000;47928716-55e7-42f5-ac1b-570bf566f3d1;435.8;0.33882251;UNKNOWN
2016-02-27T00:02:48.000000;2016-02-27T00:02:48.000000;2baa838e-27ab-4ba0-8f09-1cbae6bea07a;435.8;0.05985713;UNKNOWN
2016-02-27T00:02:48.000000;2016-02-27T00:02:48.000000;784ea115-9b53-490b-bb14-2342756ca0c8;435.8;0.0578852;UNKNOWN
2016-02-27T00:02:48.000000;2016-02-27T00:02:48.000000;6729a08f-9ce3-4a4e-9a57-e7f8e1dc6cac;435.8;0.01940081;UNKNOWN
2016-02-27T00:02:48.000000;2016-02-27T00:02:48.000000;769b36ad-54f5-4f18-bf94-e202646ed7d1;435.8;0.12725823;UNKNOWN
2016-02-27T00:02:48.000000;2016-02-27T00:02:48.000000;d3ee4e66-288a-4cb8-9840-c54e4831663a;435.8;0.10016633;UNKNOWN
2016-02-27T00:02:48.000000;2016-02-27T00:02:48.000000;f666585e-0a4d-4120-a2df-9c1da846cd94;435.8;0.19107429;UNKNOWN
2016-02-27T00:02:48.000000;2016-02-27T00:02:48.000000;36f2e6ae-51a5-4ddb-a103-675a6c5e0075;435.8;0.62687491;UNKNOWN
2016-02-27T00:02:48.000000;2016-02-27T00:02:48.000000;9af538f7-bfeb-4df2-9db7-25ad772aa785;435.8;0.08969341;UNKNOWN
2016-02-27T00:02:48.000000;2016-02-27T00:02:48.000000;27f31456-3538-450d-a5e2-19c8d3b591a7;435.8;0.2820168;UNKNOWN
2016-02-27T00:02:51.000000;2016-02-27T00:02:51.000000;9a390642-dbf9-4e6a-9b0f-dc48ab2ad0fd;435.6;0.20970666;UNKNOWN
2016-02-27T00:02:51.000000;2016-02-27T00:02:51.000000;b084a43a-dad4-40d9-8c42-48fd8f72d013;435.6;0.63221558;UNKNOWN
2016-02-27T00:02:52.000000;2016-02-27T00:02:52.000000;84c216af-e898-4c3d-8647-a2a64719158a;435.6;0.06361976;UNKNOWN
2016-02-27T00:02:52.000000;2016-02-27T00:02:52.000000;fe24f2f9-3d04-471b-b79f-3926a336d007;435.6;0.01875156;UNKNOWN
2016-02-27T00:02:53.000000;2016-02-27T00:02:53.000000;48e09489-d99d-4bf1-b02f-524730bf86f1;435.6;0.06417325;UNKNOWN
2016-02-27T00:02:53.000000;2016-02-27T00:02:53.000000;a1f980bf-43ed-4570-9dd9-66fc40cb082f;435.6;0.04532184;UNKNOWN
2016-02-27T00:02:54.000000;2016-02-27T00:02:54.000000;066d9206-fc0a-423a-9125-6c75d60a6073;435.5;0.53113667;UNKNOWN
2016-02-27T00:02:54.000000;2016-02-27T00:02:54.000000;b84e77bf-0826-4fab-9e15-6271b8b141c1;435.5;0.13617837;UNKNOWN
2016-02-27T00:02:54.000000;2016-02-27T00:02:54.000000;0e3c3a07-9af5-4a1c-a574-d83ccfb0932a;435.5;0.75708739;UNKNOWN
2016-02-27T00:02:54.000000;2016-02-27T00:02:54.000000;48b0de32-1656-459e-ab90-4656264d2e7e;435.5;0.10823581;UNKNOWN
2016-02-27T00:02:54.000000;2016-02-27T00:02:54.000000;9396a586-126e-4333-9c46-1ef5ba756bf1;435.5;1.03836674;UNKNOWN
2016-02-27T00:02:55.000000;2016-02-27T00:02:55.000000;04d9bfc5-b634-4cf4-93c7-80ed7979095c;435.5;0.57668137;UNKNOWN
2016-02-27T00:02:55.000000;2016-02-27T00:02:55.000000;9db74477-ae20-49f9-9c5e-bd10264f2e5c;435.5;0.14142162;UNKNOWN
2016-02-27T00:02:55.000000;2016-02-27T00:02:55.000000;647c466c-3ce3-47bd-a1b6-865a3b300aec;435.5;0.33875277;UNKNOWN
2016-02-27T00:02:55.000000;2016-02-27T00:02:55.000000;6144e395-2815-431c-a8e9-1b32a4e626b0;435.5;0.2495206;UNKNOWN
2016-02-27T00:02:55.000000;2016-02-27T00:02:55.000000;e015c4ca-f589-46b7-a5e0-0a4f3f040eea;435.5;0.01361857;UNKNOWN
2016-02-27T00:02:56.000000;2016-02-27T00:02:56.000000;77520b5e-f309-47c3-a6e8-607d7b90ffb4;435.5;0.08293694;UNKNOWN
2016-02-27T00:02:56.000000;2016-02-27T00:02:56.000000;3d0fe301-74d5-4f78-80a5-a80bd06b3998;435.5;0.02550645;UNKNOWN
2016-02-27T00:02:58.000000;2016-02-27T00:02:58.000000;bcdbe6ff-b4ab-460c-b102-eaf4feeabb12;435.5;0.41067625;UNKNOWN
2016-02-27T00:02:59.000000;2016-02-27T00:02:59.000000;3ecf9017-1acb-4513-abb4-4a139a05eb95;435.5;0.18622459;UNKNOWN
2016-02-27T00:02:59.000000;2016-02-27T00:02:59.000000;3139de32-0e2a-484f-a08f-9d56cc304fb2;435.5;0.02834627;UNKNOWN
2016-02-27T00:03:00.000000;2016-02-27T00:03:00.000000;2a557677-981d-4508-b294-105342d374f0;435.5;0.28170352;UNKNOWN
2016-02-27T00:03:01.000000;2016-02-27T00:03:01.000000;b544adb7-dbd4-4ee9-a687-40bd368b8403;435.23;0.2;UNKNOWN
2016-02-27T00:03:01.000000;2016-02-27T00:03:01.000000;cb8548e3-a37d-4578-a277-9c5a412ddd18;435.17;0.2;UNKNOWN
2016-02-27T00:03:01.000000;2016-02-27T00:03:01.000000;07ed31d7-ff4f-4571-9e88-112dfe450ca1;435.25;0.2;UNKNOWN
2016-02-27T00:03:01.000000;2016-02-27T00:03:01.000000;c1efb988-9df0-42f1-9ae6-52033849c402;435.26;1.31654535;UNKNOWN
2016-02-27T00:03:01.000000;2016-02-27T00:03:01.000000;d49eda85-49ac-4f7f-b66c-f54fdea604db;435.26;2.18337156;UNKNOWN
2016-02-27T00:03:01.000000;2016-02-27T00:03:01.000000;e5c7b423-60ae-4d9b-a040-3fc381914412;435.17;0.2;UNKNOWN
2016-02-27T00:03:01.000000;2016-02-27T00:03:01.000000;27a376d3-65e9-439c-a233-f5595b1243f4;435.5;0.0178904;UNKNOWN
2016-02-27T00:03:01.000000;2016-02-27T00:03:01.000000;269ae7f1-8217-4011-a25b-77a832f6123c;435.13;1.75008309;UNKNOWN
2016-02-27T00:03:01.000000;2016-02-27T00:03:01.000000;55f5246f-f635-4442-9074-3d772463b4db;435.31;0.2;UNKNOWN
2016-02-27T00:03:01.000000;2016-02-27T00:03:01.000000;2e9ee32f-142e-455d-8544-aaf1f3dde69a;435.3;0.2;UNKNOWN
2016-02-27T00:03:01.000000;2016-02-27T00:03:01.000000;f178a47e-cb5d-4fee-ade4-7708a6281282;435.5;0.63171432;UNKNOWN
2016-02-27T00:03:01.000000;2016-02-27T00:03:01.000000;27425596-d1aa-47de-b98f-d7667ca7ace0;435.41;0.2;UNKNOWN
2016-02-27T00:03:01.000000;2016-02-27T00:03:01.000000;e4da1d40-8521-40e6-9bba-84d4693bce84;435.5;0.19008786;UNKNOWN
2016-02-27T00:03:01.000000;2016-02-27T00:03:01.000000;0c32fdf7-b7fb-437d-8557-bdc52900b85a;435.5;0.0880112;UNKNOWN
2016-02-27T00:03:01.000000;2016-02-27T00:03:01.000000;bbe7566b-eecc-4842-bdce-85fd47094da7;435.36;0.2;UNKNOWN
2016-02-27T00:03:02.000000;2016-02-27T00:03:02.000000;f0e3ccbc-6e55-47a0-aed7-26ff0771c6b8;435.5;0.10546804;UNKNOWN
2016-02-27T00:03:03.000000;2016-02-27T00:03:03.000000;763e5c40-4483-4458-9ec4-bc1623c581cf;435.5;0.05170161;UNKNOWN
2016-02-27T00:03:03.000000;2016-02-27T00:03:03.000000;0f063433-5aa8-4a0d-beaa-8ecf2bd33035;435.5;0.0659818;UNKNOWN
2016-02-27T00:03:03.000000;2016-02-27T00:03:03.000000;9c56c98d-4a0a-48ab-8962-8957300566ec;435.5;0.06010651;UNKNOWN
2016-02-27T00:03:03.000000;2016-02-27T00:03:03.000000;d989c626-9f3c-4e8f-a2d2-a86fe237deb2;435.5;0.11858763;UNKNOWN
2016-02-27T00:03:04.000000;2016-02-27T00:03:04.000000;323e3437-3f8b-4201-952a-54602730c30d;435.5;0.52552858;UNKNOWN
2016-02-27T00:03:04.000000;2016-02-27T00:03:04.000000;8f063106-386d-48f0-a9f2-6436e15c3adb;435.5;1.07081628;UNKNOWN
2016-02-27T00:03:05.000000;2016-02-27T00:03:05.000000;18e9e709-6913-444b-93ef-74d1dc44c362;435.5;0.81269338;UNKNOWN
2016-02-27T00:03:05.000000;2016-02-27T00:03:05.000000;263c4009-8d05-4fab-8f1b-4bab7864ef79;435.5;0.54176897;UNKNOWN
2016-02-27T00:03:05.000000;2016-02-27T00:03:05.000000;2adeb142-11fe-42de-9948-9c5032de7a9c;435.5;0.11403092;UNKNOWN
2016-02-27T00:03:05.000000;2016-02-27T00:03:05.000000;349a1fe4-bc66-4c47-899e-c15be54fbbc2;435.5;0.01593896;UNKNOWN
2016-02-27T00:03:06.000000;2016-02-27T00:03:06.000000;73893dbc-7f77-4ab3-92a1-328e72c8c34a;435.5;0.08066524;UNKNOWN
2016-02-27T00:03:06.000000;2016-02-27T00:03:06.000000;1f4ede1d-aade-4707-87f7-a9303e11c92c;435.5;0.33353249;UNKNOWN
2016-02-27T00:03:06.000000;2016-02-27T00:03:06.000000;71b1b8b3-dc53-4c5a-a71e-6f68c84da808;435.5;0.14144139;UNKNOWN
2016-02-27T00:03:06.000000;2016-02-27T00:03:06.000000;b7976d5a-a9ee-4f8d-9797-7bf18ca4bf1a;435.5;0.02490176;UNKNOWN
2016-02-27T00:03:06.000000;2016-02-27T00:03:06.000000;4bfdafd2-545d-47eb-b32d-fd26b5c882c8;435.5;0.2474715;UNKNOWN
2016-02-27T00:03:08.000000;2016-02-27T00:03:08.000000;b42d4c20-79dd-4db0-93dc-31a73f798e3a;435.16;3.0;UNKNOWN
2016-02-27T00:03:08.000000;2016-02-27T00:03:08.000000;4f67e8b4-95d9-4184-aa7d-865d94766b4e;435.43;0.2;UNKNOWN
2016-02-27T00:03:08.000000;2016-02-27T00:03:08.000000;b7c5934f-d808-4928-8bb4-3bccf3d0bc4f;435.38;0.2;UNKNOWN
2016-02-27T00:03:08.000000;2016-02-27T00:03:08.000000;b4d1c09e-50a9-4098-9d85-ce49ac01f212;435.16;0.5;UNKNOWN
2016-02-27T00:03:08.000000;2016-02-27T00:03:08.000000;dbe9e0e0-7187-45f4-b816-00e436aa41a2;435.5;0.44993297;UNKNOWN
2016-02-27T00:03:08.000000;2016-02-27T00:03:08.000000;deb329f6-64c9-4c4e-9df9-1998a746e6ce;435.15;2.95;UNKNOWN
2016-02-27T00:03:09.000000;2016-02-27T00:03:09.000000;f5a1560c-70bb-4d65-a109-e9f49056efea;435.5;0.26444146;UNKNOWN
2016-02-27T00:03:09.000000;2016-02-27T00:03:09.000000;0e01dc7f-d0e7-4539-907b-f12627233926;435.5;0.1774416;UNKNOWN
2016-02-27T00:03:09.000000;2016-02-27T00:03:09.000000;faa6d2a6-d3d8-4cbe-8e05-099b0e2affc5;435.5;0.02668248;UNKNOWN
2016-02-27T00:03:10.000000;2016-02-27T00:03:10.000000;bdb91c30-158a-4104-ae76-d8d5d9867297;435.5;0.12123505;UNKNOWN
2016-02-27T00:03:10.000000;2016-02-27T00:03:10.000000;ff7f2b4b-bdb2-43d7-b6d3-2de4085b950d;435.5;0.07820272;UNKNOWN
2016-02-27T00:03:11.000000;2016-02-27T00:03:11.000000;f3ee4e39-bdf4-48df-a7c4-bb2d491495d7;435.5;0.01894983;UNKNOWN
2016-02-27T00:03:11.000000;2016-02-27T00:03:11.000000;311394da-901e-4586-88e4-6f64433127bc;435.5;0.19265268;UNKNOWN
2016-02-27T00:03:11.000000;2016-02-27T00:03:11.000000;8ba81a68-bcaf-4f46-98ca-9745704d5ddc;435.5;0.70458465;UNKNOWN
2016-02-27T00:03:12.000000;2016-02-27T00:03:12.000000;83c42eef-6419-4d79-8d62-794f4a23fe76;435.5;0.05721496;UNKNOWN
2016-02-27T00:03:12.000000;2016-02-27T00:03:12.000000;da898289-fb3a-4763-b4d8-2d0c8fc178d7;435.5;0.09287247;UNKNOWN
2016-02-27T00:03:13.000000;2016-02-27T00:03:13.000000;184a4223-10f9-4be1-9610-8698931e7b80;435.5;0.05017338;UNKNOWN
2016-02-27T00:03:13.000000;2016-02-27T00:03:13.000000;e4ed04ee-fbe3-4fa3-83c9-223dc08103c3;435.5;0.06056034;UNKNOWN
2016-02-27T00:03:14.000000;2016-02-27T00:03:14.000000;021af816-d677-4d89-917e-8f4f36363cda;435.5;0.54132113;UNKNOWN
2016-02-27T00:03:14.000000;2016-02-27T00:03:14.000000;b226fd4b-402f-4ee5-8a27-5db4ec195de0;435.5;0.24579949;UNKNOWN
2016-02-27T00:03:14.000000;2016-02-27T00:03:14.000000;8c7f0309-a820-4e85-b1b0-d93eeecdb4d0;435.5;0.51708439;UNKNOWN
2016-02-27T00:03:15.000000;2016-02-27T00:03:15.000000;7b89de2d-9ab7-44b8-b0a7-2d73ae9c49e5;435.5;0.01557676;UNKNOWN
2016-02-27T00:03:15.000000;2016-02-27T00:03:15.000000;3fca33a2-9ed5-4c30-843f-cb3e9686ba05;435.5;0.0766265;UNKNOWN
2016-02-27T00:03:15.000000;2016-02-27T00:03:15.000000;0bb59c2e-6ede-46ca-8cd2-9e97bb31656f;435.5;0.13617736;UNKNOWN
2016-02-27T00:03:15.000000;2016-02-27T00:03:15.000000;efd734eb-e28d-42ff-bbf1-80ae91125dfc;435.5;1.2126725;UNKNOWN
2016-02-27T00:03:16.000000;2016-02-27T00:03:16.000000;d7400f7d-7b84-4eb0-9f63-1ec30e2fd5ef;435.5;0.12098538;UNKNOWN
2016-02-27T00:03:16.000000;2016-02-27T00:03:16.000000;9cf3d809-bb6d-42f8-9add-49f88cd13a0f;435.5;0.02761635;UNKNOWN
2016-02-27T00:03:16.000000;2016-02-27T00:03:16.000000;0cc805d7-88d7-4dd0-90b0-c4d1fbfd82d5;435.5;0.31579537;UNKNOWN
2016-02-27T00:03:16.000000;2016-02-27T00:03:16.000000;975a7a50-b198-4486-a8e6-88a3d2c4492a;435.5;0.73666255;UNKNOWN
2016-02-27T00:03:18.000000;2016-02-27T00:03:18.000000;493e9a05-e1e3-443a-aaa4-4eadba6b4afa;435.5;0.44651059;UNKNOWN
2016-02-27T00:03:19.000000;2016-02-27T00:03:19.000000;2a38b6f3-5f4d-4fce-8006-48397f9537c8;435.5;0.03147946;UNKNOWN
2016-02-27T00:03:19.000000;2016-02-27T00:03:19.000000;880f6ab7-09c9-472c-8151-8c240837cd11;435.5;0.16732195;UNKNOWN
2016-02-27T00:03:20.000000;2016-02-27T00:03:20.000000;30295333-d75b-42c2-b623-1169bb05a2b6;435.48;0.1346541;UNKNOWN
2016-02-27T00:03:20.000000;2016-02-27T00:03:20.000000;627cf243-ace5-4c08-a3c2-da5bf30127a1;435.5;0.29274061;UNKNOWN
2016-02-27T00:03:20.000000;2016-02-27T00:03:20.000000;8a722f84-b833-4fec-81ed-34f689d95ab0;435.48;0.0822275;UNKNOWN
2016-02-27T00:03:21.000000;2016-02-27T00:03:21.000000;65b6dda1-f8ae-4d3d-b036-db836bda35ce;435.48;0.01914057;UNKNOWN
2016-02-27T00:03:21.000000;2016-02-27T00:03:21.000000;da6d87df-e693-4771-a0ab-f03f5125acf9;435.48;0.6466622;UNKNOWN
2016-02-27T00:03:22.000000;2016-02-27T00:03:22.000000;e69119b2-52b2-47ce-b9c5-77a3e3960929;435.48;0.09924091;UNKNOWN
2016-02-27T00:03:23.000000;2016-02-27T00:03:23.000000;7856c5c2-5497-488e-946a-1e8cc1809e22;435.5;0.03469867;UNKNOWN
2016-02-27T00:03:23.000000;2016-02-27T00:03:23.000000;a104bca8-9bc2-4aee-aa06-ff5d92099be6;435.5;0.04539569;UNKNOWN
2016-02-27T00:03:23.000000;2016-02-27T00:03:23.000000;dc056201-d47e-47b2-9bb8-74697e74cca9;435.5;0.20553472;UNKNOWN
2016-02-27T00:03:23.000000;2016-02-27T00:03:23.000000;0a7371f0-5ede-44d9-97b2-4da549cb97c2;435.48;0.01807472;UNKNOWN
2016-02-27T00:03:23.000000;2016-02-27T00:03:23.000000;cc6c5fa6-4b3a-4594-b2dc-2d50af8af76b;435.5;0.05561012;UNKNOWN
2016-02-27T00:03:24.000000;2016-02-27T00:03:24.000000;89c62fac-8ec3-4e3a-896b-b875888e0ab0;435.5;0.41701509;UNKNOWN
2016-02-27T00:03:24.000000;2016-02-27T00:03:24.000000;b38bd521-298a-4ab2-b7c4-ff1d00f9bafd;435.5;1.09492661;UNKNOWN
2016-02-27T00:03:24.000000;2016-02-27T00:03:24.000000;605ec8e6-b60e-4e5c-bc13-a048c3279a38;435.5;0.72277135;UNKNOWN
2016-02-27T00:03:25.000000;2016-02-27T00:03:25.000000;412ec02b-2dfc-4012-aebb-7accf32d2eaa;435.5;0.11920844;UNKNOWN
2016-02-27T00:03:25.000000;2016-02-27T00:03:25.000000;095231a5-5af2-43b1-89f4-8c65ec578c4e;435.5;0.6087361;UNKNOWN
2016-02-27T00:03:25.000000;2016-02-27T00:03:25.000000;4666360b-e90c-4dc9-96af-79c2399fe44a;435.5;0.10385769;UNKNOWN
2016-02-27T00:03:25.000000;2016-02-27T00:03:25.000000;464d00d5-1aad-453a-9823-5477ff80d276;435.5;0.01444089;UNKNOWN
2016-02-27T00:03:25.000000;2016-02-27T00:03:25.000000;ddecd3ee-7e64-4598-96e7-0786411d40c1;435.5;0.15375688;UNKNOWN
2016-02-27T00:03:46.000000;2016-02-27T00:03:46.000000;8f2e56ab-fba1-43e3-ac7d-b0a8a696b70a;435.5;0.1323;UNKNOWN
2016-02-27T00:03:46.000000;2016-02-27T00:03:46.000000;719f9ecd-0f38-44ee-8f47-2228a9a339a7;435.5;0.06420392;UNKNOWN
2016-02-27T00:03:46.000000;2016-02-27T00:03:46.000000;cf9431ea-9cf7-43f1-bef8-25f545c8431c;435.5;0.02019608;UNKNOWN
2016-02-27T00:03:46.000000;2016-02-27T00:03:46.000000;76a37fa2-28f4-494f-b72b-91b20f99ad53;435.5;0.17459393;UNKNOWN
2016-02-27T00:03:46.000000;2016-02-27T00:03:46.000000;737dabed-8482-4937-b16f-4ba17aa36b42;435.5;0.0541;UNKNOWN
2016-02-27T00:03:46.000000;2016-02-27T00:03:46.000000;cd1db901-55f2-4a93-b5d4-f1fd8a12311e;435.5;0.02749822;UNKNOWN
2016-02-27T00:03:46.000000;2016-02-27T00:03:46.000000;384329d2-ad1b-4468-899f-73021eac0649;435.5;0.00530785;UNKNOWN
2016-02-27T00:03:46.000000;2016-02-27T00:03:46.000000;ef4d35f0-ba52-4740-9813-a61eed9fae0d;435.5;0.0346;UNKNOWN
2016-02-27T00:03:47.000000;2016-02-27T00:03:47.000000;df7a5797-9510-4cb9-8371-113ba86ed963;435.5;0.12679566;UNKNOWN
2016-02-27T00:03:47.000000;2016-02-27T00:03:47.000000;4324e268-6282-41b4-b328-70cc22e043a4;435.5;0.07395201;UNKNOWN
2016-02-27T00:03:47.000000;2016-02-27T00:03:47.000000;a29ce749-526b-4f96-89f5-f4473a8b919c;435.5;0.12585233;UNKNOWN
2016-02-27T00:03:54.000000;2016-02-27T00:03:54.000000;03d976e9-b1b9-4745-9582-c9ed87e29916;435.58;0.22988784;UNKNOWN
2016-02-27T00:03:55.000000;2016-02-27T00:03:55.000000;d269d80a-caf0-4ccd-800d-1eb5a8bb16f6;435.58;0.35903746;UNKNOWN
2016-02-27T00:03:55.000000;2016-02-27T00:03:55.000000;488a13f3-d2bc-497c-8838-0a1913c43128;435.58;0.11779812;UNKNOWN
2016-02-27T00:03:55.000000;2016-02-27T00:03:55.000000;92e3d6e0-ad50-4b4c-b123-81b2d35537a8;435.58;0.08090593;UNKNOWN
2016-02-27T00:03:56.000000;2016-02-27T00:03:56.000000;46cb7ebf-3f4a-46aa-95d9-40478d9f045d;435.58;0.02435244;UNKNOWN
2016-02-27T00:03:57.000000;2016-02-27T00:03:57.000000;0cc666d1-26ee-48fc-b425-4b5db53b4927;435.5;0.25608931;UNKNOWN
2016-02-27T00:03:57.000000;2016-02-27T00:03:57.000000;bd24a80d-c41e-4cd2-901a-2332f735eaa8;435.5;0.18218527;UNKNOWN
2016-02-27T00:03:57.000000;2016-02-27T00:03:57.000000;53fab2e3-4c6e-452a-ac40-8343bbbc858e;435.5;0.03041855;UNKNOWN
2016-02-27T00:03:57.000000;2016-02-27T00:03:57.000000;dda4ff50-9e06-44ac-9070-eca3ef928d99;435.5;0.10002139;UNKNOWN
2016-02-27T00:03:57.000000;2016-02-27T00:03:57.000000;c8945dae-addb-4943-ac41-874f2c57598c;435.5;0.27367794;UNKNOWN
2016-02-27T00:03:57.000000;2016-02-27T00:03:57.000000;d1598209-d3cc-4faf-b5da-b413df04d71a;435.5;0.01720842;UNKNOWN
2016-02-27T00:03:57.000000;2016-02-27T00:03:57.000000;8ff4c42a-5b7c-4e23-bd49-92f2d1d4d040;435.5;0.05838473;UNKNOWN
2016-02-27T00:03:57.000000;2016-02-27T00:03:57.000000;d6cadb6b-fa58-4331-ac0c-e73f372a8b50;435.5;0.184556;UNKNOWN
2016-02-27T00:03:57.000000;2016-02-27T00:03:57.000000;9cb6d43c-a6ca-43a9-8635-10815021fb78;435.5;0.00575727;UNKNOWN
2016-02-27T00:03:57.000000;2016-02-27T00:03:57.000000;9c57822b-f4fa-4d09-bf64-dbc9d01a68ce;435.5;0.05726565;UNKNOWN
2016-02-27T00:03:57.000000;2016-02-27T00:03:57.000000;c6ae154b-112a-4407-899f-728835c38924;435.5;1.1615328;UNKNOWN
2016-02-27T00:03:57.000000;2016-02-27T00:03:57.000000;2bde9251-a85d-4498-b4ee-a6d1748504b6;435.5;0.57142873;UNKNOWN
2016-02-27T00:03:57.000000;2016-02-27T00:03:57.000000;d102cd9f-47a4-4583-8077-b26af471d0fb;435.5;0.0525181;UNKNOWN
2016-02-27T00:03:57.000000;2016-02-27T00:03:57.000000;57702817-d50b-49a7-b593-fc91dffa5092;435.5;0.09011987;UNKNOWN
2016-02-27T00:03:57.000000;2016-02-27T00:03:57.000000;bb355033-deb1-47a1-8810-cf2676008a52;435.5;0.63517432;UNKNOWN
2016-02-27T00:03:57.000000;2016-02-27T00:03:57.000000;07066533-aa59-45fa-999c-33aec5429907;435.5;0.13136165;UNKNOWN
2016-02-27T00:03:57.000000;2016-02-27T00:03:57.000000;193276f7-e00f-4116-b5c6-0b795a1d4b69;435.5;1.934;UNKNOWN
2016-02-27T00:04:00.000000;2016-02-27T00:04:00.000000;42326487-d8fc-49c2-a531-ec97bd1e4780;435.51;0.39008903;UNKNOWN
2016-02-27T00:04:01.000000;2016-02-27T00:04:01.000000;fc08f983-cc1a-42be-b3bf-1dacaa96f764;435.51;0.21589407;UNKNOWN
2016-02-27T00:04:01.000000;2016-02-27T00:04:01.000000;e36e9bb6-6ca3-4d79-b8c2-71bf6b20b3bf;435.51;0.12749736;UNKNOWN
2016-02-27T00:04:01.000000;2016-02-27T00:04:01.000000;b54d7759-ea90-4ed5-ac0d-a740698332e9;435.51;0.0316287;UNKNOWN
2016-02-27T00:04:01.000000;2016-02-27T00:04:01.000000;9b2513f1-0a37-44e8-b232-ac917d54c1c6;435.51;0.07738949;UNKNOWN
2016-02-27T00:04:01.000000;2016-02-27T00:04:01.000000;5af0602a-bd49-49e8-8c88-9a47ceeae192;435.51;0.59695835;UNKNOWN
2016-02-27T00:04:02.000000;2016-02-27T00:04:02.000000;ec0f6f0a-626f-477b-8457-7e37df0e427e;435.51;0.01873988;UNKNOWN
2016-02-27T00:04:03.000000;2016-02-27T00:04:03.000000;cdd8847c-1042-44ff-8ebf-af0a67a46338;435.51;0.27933923;UNKNOWN
2016-02-27T00:04:03.000000;2016-02-27T00:04:03.000000;56cfd6bc-f1e5-4f43-ab5b-1e5a094fb62d;435.5;0.76971697;UNKNOWN
2016-02-27T00:04:03.000000;2016-02-27T00:04:03.000000;b4a12bcc-ed39-4070-9818-ce4c53f3515d;435.5;0.01421697;UNKNOWN
2016-02-27T00:04:03.000000;2016-02-27T00:04:03.000000;752968cc-c58f-49e3-b9bf-c5ea3267fe29;435.5;0.63164322;UNKNOWN
2016-02-27T00:04:03.000000;2016-02-27T00:04:03.000000;67a3adc7-3031-4fc9-a3f7-abbc7133891f;435.51;0.05513006;UNKNOWN
2016-02-27T00:04:03.000000;2016-02-27T00:04:03.000000;bc6e5519-758b-467b-984c-923b822166f4;435.5;0.06114665;UNKNOWN
2016-02-27T00:04:03.000000;2016-02-27T00:04:03.000000;81c1ccc8-c5c6-44d5-aa3e-630174f19f8e;435.5;0.1306334;UNKNOWN
2016-02-27T00:04:04.000000;2016-02-27T00:04:04.000000;6301d848-371d-4409-ba56-fccabcd7c1f0;435.5;0.70486087;UNKNOWN
2016-02-27T00:04:04.000000;2016-02-27T00:04:04.000000;e9cdbe29-60e7-4e3f-b9db-b9b49b0cf8b8;435.5;1.19554142;UNKNOWN
2016-02-27T00:04:04.000000;2016-02-27T00:04:04.000000;335d6ae4-513f-4f2a-9834-025529644168;435.5;0.09332712;UNKNOWN
2016-02-27T00:04:05.000000;2016-02-27T00:04:05.000000;eb4f1940-713c-4f87-8766-941b1edf36c2;435.59;0.50509556;UNKNOWN
2016-02-27T00:04:05.000000;2016-02-27T00:04:05.000000;06134677-2efd-4874-b2af-3272199b951d;435.5;0.21423469;UNKNOWN
2016-02-27T00:04:05.000000;2016-02-27T00:04:05.000000;c6a5afa4-b977-4de5-892d-e1ef4f7d52d9;435.5;0.49490444;UNKNOWN
2016-02-27T00:04:09.000000;2016-02-27T00:04:09.000000;ceaa5bd6-ebd9-43aa-8f45-f30f7cf596e6;435.58;0.04904396;UNKNOWN
2016-02-27T00:04:09.000000;2016-02-27T00:04:09.000000;602ae881-b712-4b43-86e9-384573a72c26;435.58;0.11985858;UNKNOWN
2016-02-27T00:04:09.000000;2016-02-27T00:04:09.000000;5720f24e-ae13-4fb1-a108-c68008a6ecf4;435.58;0.37613192;UNKNOWN
2016-02-27T00:04:09.000000;2016-02-27T00:04:09.000000;329206bc-a522-4908-9ba3-05e026a80ab4;435.58;0.01470141;UNKNOWN
2016-02-27T00:04:09.000000;2016-02-27T00:04:09.000000;e356ba53-384c-4ade-b50d-74212691c9a9;435.58;0.55021186;UNKNOWN
2016-02-27T00:04:09.000000;2016-02-27T00:04:09.000000;1765a715-e121-4d40-87ce-a4c401a29748;435.58;0.02585377;UNKNOWN
2016-02-27T00:04:09.000000;2016-02-27T00:04:09.000000;8dcfc640-f2ca-4c41-b1d2-e216b2050029;435.58;0.09011309;UNKNOWN
2016-02-27T00:04:09.000000;2016-02-27T00:04:09.000000;179c348b-9be1-4b0a-b424-f0e670cd28ce;435.58;0.18959269;UNKNOWN
2016-02-27T00:04:09.000000;2016-02-27T00:04:09.000000;445e4eaa-1e56-4ded-8da9-3491efee975c;435.58;0.78092703;UNKNOWN
2016-02-27T00:04:09.000000;2016-02-27T00:04:09.000000;09b80e45-b4ef-4dca-adb9-a9c6bc5813a2;435.58;0.11479431;UNKNOWN
2016-02-27T00:04:10.000000;2016-02-27T00:04:10.000000;759b517c-f496-4f40-8ef6-0034044ab3e8;435.52;0.25396981;UNKNOWN
2016-02-27T00:04:11.000000;2016-02-27T00:04:11.000000;912c7ea3-b45c-4b3a-b721-b6535b4cb921;435.51;0.13809324;UNKNOWN
2016-02-27T00:04:11.000000;2016-02-27T00:04:11.000000;32262cb3-7f58-4e7d-9bac-a899324ea335;435.51;0.3941909;UNKNOWN
2016-02-27T00:04:11.000000;2016-02-27T00:04:11.000000;57d308e4-7cb3-49ee-8508-8cd48b8a6b27;435.52;0.03170132;UNKNOWN
2016-02-27T00:04:11.000000;2016-02-27T00:04:11.000000;ed5b94aa-f7d4-41fa-9d0c-26f316c73439;435.5;0.07955157;UNKNOWN
2016-02-27T00:04:12.000000;2016-02-27T00:04:12.000000;0f891acf-863c-4423-a763-230db7e76355;435.5;0.64091195;UNKNOWN
2016-02-27T00:04:12.000000;2016-02-27T00:04:12.000000;5239429a-6d92-45e9-b8af-96aeabaa8d2d;435.5;0.01719704;UNKNOWN
2016-02-27T00:04:12.000000;2016-02-27T00:04:12.000000;5a9be423-89de-4c10-a413-095138f2e60d;435.5;0.18834017;UNKNOWN
2016-02-27T00:04:13.000000;2016-02-27T00:04:13.000000;9b22a44a-630f-4d69-b716-56dcbc1125a8;435.01;0.2;UNKNOWN
2016-02-27T00:04:13.000000;2016-02-27T00:04:13.000000;1de1a04c-8752-4f48-bb7d-2e8e5719842d;435.02;0.2;UNKNOWN
2016-02-27T00:04:13.000000;2016-02-27T00:04:13.000000;7901719e-b075-4815-b670-6916933437d7;435.04;6.0;UNKNOWN
2016-02-27T00:04:13.000000;2016-02-27T00:04:13.000000;ea26e38e-2eb2-4180-845c-0449740b034c;435.1;5.0;UNKNOWN
2016-02-27T00:04:13.000000;2016-02-27T00:04:13.000000;475c0b98-5bf9-431e-b60a-a389a01ff1aa;435.03;10.14;UNKNOWN
2016-02-27T00:04:13.000000;2016-02-27T00:04:13.000000;49056880-74d4-4fcb-9ed4-23ce27e67a4c;435.5;0.05992536;UNKNOWN
2016-02-27T00:04:13.000000;2016-02-27T00:04:13.000000;e434519e-53ac-4381-b26c-489985cfc151;435.01;12.0;UNKNOWN
2016-02-27T00:04:13.000000;2016-02-27T00:04:13.000000;28fd89ea-408c-4cbd-a575-6fc07026af81;435.0;39.44192835;UNKNOWN
2016-02-27T00:04:13.000000;2016-02-27T00:04:13.000000;09b3f97c-b25a-4172-b05f-2127061a389f;435.5;0.09769355;UNKNOWN
2016-02-27T00:04:13.000000;2016-02-27T00:04:13.000000;110e0d55-4127-4416-941b-c637d024482d;435.5;0.05486911;UNKNOWN
2016-02-27T00:04:13.000000;2016-02-27T00:04:13.000000;cb9657d9-341c-42b4-b584-3b9fc7f5db67;435.29;5.742;UNKNOWN
2016-02-27T00:04:13.000000;2016-02-27T00:04:13.000000;ff6e85d6-bf1b-468c-a3ec-2b459d17250c;435.5;0.05556018;UNKNOWN
2016-02-27T00:04:13.000000;2016-02-27T00:04:13.000000;e14d17d0-d710-488e-abb8-f0915ba0c7e6;435.07;0.2;UNKNOWN
2016-02-27T00:04:13.000000;2016-02-27T00:04:13.000000;a99f2b73-3070-4ef3-b1ca-da08ea6b50c3;435.08;0.2;UNKNOWN
2016-02-27T00:04:13.000000;2016-02-27T00:04:13.000000;be366b30-d457-4a12-8fdd-b4ac3df10bf3;435.13;0.2;UNKNOWN
2016-02-27T00:04:14.000000;2016-02-27T00:04:14.000000;416b19a6-e63f-4422-9440-58e44f16fec0;435.5;0.75096834;UNKNOWN
2016-02-27T00:04:14.000000;2016-02-27T00:04:14.000000;09a6dbc3-7acd-4643-9c32-74dec8fa2cfd;435.5;1.01046882;UNKNOWN
2016-02-27T00:04:14.000000;2016-02-27T00:04:14.000000;5cce3268-7627-4d01-8a39-83e443ff77f2;435.14;0.10843947;UNKNOWN
2016-02-27T00:04:17.000000;2016-02-27T00:04:17.000000;bfeca399-9612-49ce-a33b-5025087addb7;435.5;0.59643587;UNKNOWN
2016-02-27T00:04:17.000000;2016-02-27T00:04:17.000000;68c0e27e-61ef-4e07-9662-b5703c7d7bc9;435.51;0.23530101;UNKNOWN
2016-02-27T00:04:17.000000;2016-02-27T00:04:17.000000;0b46c167-d759-4e0a-8ee3-35f1addb2303;435.5;0.02564581;UNKNOWN
2016-02-27T00:04:17.000000;2016-02-27T00:04:17.000000;f8d1f734-442a-4646-8c0c-d1cb48444931;435.5;0.12405776;UNKNOWN
2016-02-27T00:04:17.000000;2016-02-27T00:04:17.000000;f43ff4bb-2599-4b48-9681-e60d4b53c2c9;435.5;0.01407712;UNKNOWN
2016-02-27T00:04:17.000000;2016-02-27T00:04:17.000000;6e13ebd0-d989-4c8e-87bc-c9475c50ab7a;435.0;0.5;UNKNOWN
2016-02-27T00:04:18.000000;2016-02-27T00:04:18.000000;b13c5933-13f7-46a1-b67c-c39aa816d4d9;435.49;0.07745978;UNKNOWN
2016-02-27T00:04:18.000000;2016-02-27T00:04:18.000000;135d61a9-eccf-40ea-b026-74f4445492a6;435.49;0.11595346;UNKNOWN
2016-02-27T00:04:19.000000;2016-02-27T00:04:19.000000;2da17874-4ab1-4493-8b99-20435a6cb5a4;435.49;0.35586438;UNKNOWN
2016-02-27T00:04:20.000000;2016-02-27T00:04:20.000000;8e732a6c-95fc-4df7-b5a5-a633077694b5;435.49;0.02909668;UNKNOWN
2016-02-27T00:04:20.000000;2016-02-27T00:04:20.000000;35a3a6ae-1501-4c42-803b-da4f50689eb7;435.49;0.09143184;UNKNOWN
2016-02-27T00:04:20.000000;2016-02-27T00:04:20.000000;b30922fe-5e13-4e38-a1d2-cb8ee906235f;435.49;0.43221568;UNKNOWN
2016-02-27T00:04:20.000000;2016-02-27T00:04:20.000000;a5194933-8b4a-4680-9b1e-f955ffe0fea1;435.49;0.16796272;UNKNOWN
2016-02-27T00:04:21.000000;2016-02-27T00:04:21.000000;269eb1fa-71ea-4a71-a937-5d51c750173a;435.49;0.12325127;UNKNOWN
2016-02-27T00:04:21.000000;2016-02-27T00:04:21.000000;de47012f-41f4-4d18-9c9b-fc6244d40f8d;435.49;0.59279027;UNKNOWN
2016-02-27T00:04:21.000000;2016-02-27T00:04:21.000000;3fb7761c-a8b5-44c3-8409-65a88dc61fe7;435.49;0.21640137;UNKNOWN
2016-02-27T00:04:21.000000;2016-02-27T00:04:21.000000;1b3676c9-3f54-4ebb-960e-7e6e8da6afae;435.49;0.01779936;UNKNOWN
2016-02-27T00:04:21.000000;2016-02-27T00:04:21.000000;aa9e1a03-40ce-431e-ab7e-fc0a3dbf6fe5;435.49;0.27224495;UNKNOWN
2016-02-27T00:04:22.000000;2016-02-27T00:04:22.000000;06d52342-e32c-41a3-9cfa-07ed84e02917;435.49;0.10222568;UNKNOWN
2016-02-27T00:04:22.000000;2016-02-27T00:04:22.000000;acb054ea-cbff-4eba-b771-249abbbbe54c;435.49;0.05582038;UNKNOWN
2016-02-27T00:04:23.000000;2016-02-27T00:04:23.000000;44dc8c00-6882-4583-9660-d6742583a580;435.47;0.05472271;UNKNOWN
2016-02-27T00:04:23.000000;2016-02-27T00:04:23.000000;1f622e90-6151-4f20-887f-19d4685ee23a;435.47;0.04530188;UNKNOWN
2016-02-27T00:04:24.000000;2016-02-27T00:04:24.000000;ff62840f-df14-498f-ac10-8c724e78c363;435.47;1.09709226;UNKNOWN
2016-02-27T00:04:24.000000;2016-02-27T00:04:24.000000;932abb68-fe7c-419a-94f3-1d79ca94bbf0;435.47;0.2624411;UNKNOWN
2016-02-27T00:04:25.000000;2016-02-27T00:04:25.000000;f0f9babc-ceff-4a57-a26b-c2178a6d894b;435.47;0.69497633;UNKNOWN
2016-02-27T00:04:25.000000;2016-02-27T00:04:25.000000;ba4cf71a-6b94-4baf-a3d4-c3bccfc97e62;435.47;0.56724446;UNKNOWN
2016-02-27T00:04:25.000000;2016-02-27T00:04:25.000000;5b7c867f-e9cb-4820-8ead-55a00ce218ee;435.47;0.13742433;UNKNOWN
2016-02-27T00:04:25.000000;2016-02-27T00:04:25.000000;13975a11-aac1-4498-9ff5-f2e1625f0e92;435.46;0.12913041;UNKNOWN
2016-02-27T00:04:25.000000;2016-02-27T00:04:25.000000;fef31e9a-2f6d-4971-aa32-c5093ed79d8b;435.46;0.01615852;UNKNOWN
2016-02-27T00:04:25.000000;2016-02-27T00:04:25.000000;cbebe4da-5b84-434b-8350-1e3927bcc6f8;435.46;0.3466315;UNKNOWN
2016-02-27T00:04:26.000000;2016-02-27T00:04:26.000000;409dd57e-d909-45bb-8f4e-a60f8f0b981c;435.46;0.0274554;UNKNOWN
2016-02-27T00:04:26.000000;2016-02-27T00:04:26.000000;b6ebd2fd-8feb-475e-a20d-34351c60fd29;435.46;0.08662929;UNKNOWN
2016-02-27T00:04:28.000000;2016-02-27T00:04:28.000000;23aab774-a07b-4b4d-851c-e1f3961ce98f;435.0;10.05807165;UNKNOWN
2016-02-27T00:04:28.000000;2016-02-27T00:04:28.000000;4212f91a-663c-42f5-954d-f59f79374d8d;435.0;5.0;UNKNOWN
2016-02-27T00:04:28.000000;2016-02-27T00:04:28.000000;6b58b55b-9cf3-4299-8a85-e7a89b7ff0e4;435.07;0.2;UNKNOWN
2016-02-27T00:04:28.000000;2016-02-27T00:04:28.000000;31d26a60-899e-4e08-98b0-818cc6c8a69b;435.01;0.2;UNKNOWN
2016-02-27T00:04:28.000000;2016-02-27T00:04:28.000000;39a90b2b-7d54-44a1-9ecf-80d9c26423ab;435.46;0.45280218;UNKNOWN
2016-02-27T00:04:29.000000;2016-02-27T00:04:29.000000;f5ecf600-352e-44ed-8c15-c3a720528c32;435.0;0.16445718;UNKNOWN
2016-02-27T00:04:29.000000;2016-02-27T00:04:29.000000;ec412d4c-10b3-46d9-bc15-a44dd4e6415c;435.0;5.7095;UNKNOWN
2016-02-27T00:04:29.000000;2016-02-27T00:04:29.000000;415ae470-be12-4dbc-a813-2a5be9ccb800;435.0;0.238032;UNKNOWN
2016-02-27T00:04:29.000000;2016-02-27T00:04:29.000000;f2154ffe-703f-4a03-926a-c4a118693798;435.0;0.02916656;UNKNOWN
2016-02-27T00:04:30.000000;2016-02-27T00:04:30.000000;99bb5a4e-0f2d-4089-861d-dc90f9c80c1e;435.0;0.12865356;UNKNOWN
2016-02-27T00:04:30.000000;2016-02-27T00:04:30.000000;5eb98118-bec2-49f9-938e-b545e8bd7957;435.0;0.08571938;UNKNOWN
2016-02-27T00:04:31.000000;2016-02-27T00:04:31.000000;59a5c987-8d05-4088-9122-f3a742d5d324;435.0;0.71732559;UNKNOWN
2016-02-27T00:04:31.000000;2016-02-27T00:04:31.000000;f7198cc7-9c84-40f6-b5e5-fff9698b91ea;435.0;0.21373512;UNKNOWN
2016-02-27T00:04:32.000000;2016-02-27T00:04:32.000000;7b0ded68-1d04-4f3e-85c7-187ea456b5f4;435.0;0.01906546;UNKNOWN
2016-02-27T00:04:32.000000;2016-02-27T00:04:32.000000;56c7505d-6d41-420b-8697-7693bef4130c;435.0;0.10295679;UNKNOWN
2016-02-27T00:04:33.000000;2016-02-27T00:04:33.000000;314b23a1-373b-46c4-8f7a-38ed64f6d6fd;435.0;0.04825734;UNKNOWN
2016-02-27T00:04:33.000000;2016-02-27T00:04:33.000000;a3e9443d-737b-4203-9bb5-1e79b6c1e3f7;435.0;0.05523997;UNKNOWN
2016-02-27T00:04:33.000000;2016-02-27T00:04:33.000000;96109dfa-ca18-4e95-8c1d-aad8ec815e8a;435.0;0.06674802;UNKNOWN
2016-02-27T00:04:34.000000;2016-02-27T00:04:34.000000;cbcdf83d-d6e3-4349-a90a-da771d024b8a;435.0;0.78348023;UNKNOWN
2016-02-27T00:04:34.000000;2016-02-27T00:04:34.000000;8ba5eebc-0205-4b76-bfe8-83f01a5260ce;435.0;1.17136181;UNKNOWN
2016-02-27T00:04:35.000000;2016-02-27T00:04:35.000000;d6b96f1d-62bf-466d-902f-01952ae430e9;434.96;0.2;UNKNOWN
2016-02-27T00:04:35.000000;2016-02-27T00:04:35.000000;ce8cce50-3a14-4e02-9128-24b04e08c70c;434.86;0.34882342;UNKNOWN
2016-02-27T00:04:35.000000;2016-02-27T00:04:35.000000;f25080bd-f7fe-40ad-b3dd-b7a619f4e345;435.0;0.25933716;UNKNOWN
2016-02-27T00:04:35.000000;2016-02-27T00:04:35.000000;094522a0-130a-4b8c-b2a6-d50bdb5c3c0c;434.9;0.2;UNKNOWN
2016-02-27T00:04:35.000000;2016-02-27T00:04:35.000000;1431f182-bb7c-4761-a90a-58b8ea606012;435.0;0.13111204;UNKNOWN
2016-02-27T00:04:35.000000;2016-02-27T00:04:35.000000;51397724-89f8-44d1-9497-838db657d207;434.9;0.2;UNKNOWN
2016-02-27T00:04:35.000000;2016-02-27T00:04:35.000000;e1e127b9-74ad-481d-a8ed-70d0ec1d4b45;434.86;0.01463518;UNKNOWN
2016-02-27T00:04:35.000000;2016-02-27T00:04:35.000000;29d9447c-3604-4e6b-8de9-e621872ec501;434.98;0.2;UNKNOWN
2016-02-27T00:04:35.000000;2016-02-27T00:04:35.000000;4414a6b4-930f-471a-92a8-022470ca3b93;434.86;0.2;UNKNOWN
2016-02-27T00:04:36.000000;2016-02-27T00:04:36.000000;68718457-e5ed-4db5-8a9a-853c7eb03c1b;435.0;0.07303308;UNKNOWN
2016-02-27T00:04:36.000000;2016-02-27T00:04:36.000000;ffaada86-545f-4ffa-b044-d434b3d29266;435.0;0.08335631;UNKNOWN
2016-02-27T00:04:36.000000;2016-02-27T00:04:36.000000;99376e16-61b7-4a78-a605-582a64af5734;435.0;0.02612151;UNKNOWN
2016-02-27T00:04:36.000000;2016-02-27T00:04:36.000000;7a0d43f0-3b52-4b0e-af2e-d958705acf05;434.86;0.0505414;UNKNOWN
2016-02-27T00:04:36.000000;2016-02-27T00:04:36.000000;30300583-11c7-47d9-954c-2f84350af954;435.0;0.63521413;UNKNOWN
2016-02-27T00:04:38.000000;2016-02-27T00:04:38.000000;aecdcf96-c6ee-4df8-8074-f6cf81e62567;435.0;0.4237116;UNKNOWN
2016-02-27T00:04:39.000000;2016-02-27T00:04:39.000000;fc50eb3c-fbe4-4531-b93f-ac0235d23cfa;435.0;0.17547988;UNKNOWN
2016-02-27T00:04:39.000000;2016-02-27T00:04:39.000000;26a2fa83-2d10-4926-89af-e1cf2ac115d4;435.0;0.0262781;UNKNOWN
2016-02-27T00:04:39.000000;2016-02-27T00:04:39.000000;9e8e4f96-b346-4540-93e6-0ff90043a279;435.0;0.0864537;UNKNOWN
2016-02-27T00:04:40.000000;2016-02-27T00:04:40.000000;3464bc81-608c-406e-9641-c6eb05930230;435.0;0.11594886;UNKNOWN
2016-02-27T00:04:40.000000;2016-02-27T00:04:40.000000;8979e55d-891e-4389-90f5-7bf9a604062a;435.0;0.2380598;UNKNOWN
2016-02-27T00:04:41.000000;2016-02-27T00:04:41.000000;9f73bd2d-be0d-44a7-9b7e-efe55a2bbf19;435.0;0.20863525;UNKNOWN
2016-02-27T00:04:41.000000;2016-02-27T00:04:41.000000;62cbf9d3-c06c-4232-a0e7-68092942dd64;435.0;0.70449948;UNKNOWN
2016-02-27T00:04:41.000000;2016-02-27T00:04:41.000000;cb89eeb1-0b33-4b54-9743-0e8a7a81ada2;435.0;0.01846287;UNKNOWN
2016-02-27T00:04:42.000000;2016-02-27T00:04:42.000000;dcdeb4a5-52d3-42b6-9cfd-15f33593fe0f;435.0;0.10837041;UNKNOWN
2016-02-27T00:04:43.000000;2016-02-27T00:04:43.000000;4d69b06d-6821-4ff0-916b-b9135b2c9a85;435.0;0.05611933;UNKNOWN
2016-02-27T00:04:43.000000;2016-02-27T00:04:43.000000;dca4f0c5-1ab9-4d09-9957-e377ee63147a;435.0;0.06106306;UNKNOWN
2016-02-27T00:04:43.000000;2016-02-27T00:04:43.000000;42d3a3cf-e726-4371-9a1b-914a303d4924;435.0;0.04898974;UNKNOWN
2016-02-27T00:04:44.000000;2016-02-27T00:04:44.000000;8b44785d-a332-478a-8005-903e71497435;435.0;0.78928502;UNKNOWN
2016-02-27T00:04:44.000000;2016-02-27T00:04:44.000000;d77755a4-681a-46e3-a24b-4803147dd5ea;435.0;1.21553095;UNKNOWN
2016-02-27T00:04:45.000000;2016-02-27T00:04:45.000000;f2a4dff5-9616-49c9-ae9f-0da0c3243680;435.0;0.567343;UNKNOWN
2016-02-27T00:04:45.000000;2016-02-27T00:04:45.000000;e88b173c-4e9f-4016-b6d8-710aff59d6c7;435.0;0.14014079;UNKNOWN
2016-02-27T00:04:45.000000;2016-02-27T00:04:45.000000;aac38969-0e7f-4f5f-b24b-1d1933b0e0ed;435.0;0.08980529;UNKNOWN
2016-02-27T00:04:45.000000;2016-02-27T00:04:45.000000;9fd94a55-1992-47be-891f-b81c9759a436;435.0;0.01649846;UNKNOWN
2016-02-27T00:04:45.000000;2016-02-27T00:04:45.000000;10c11bf4-7e9a-4b67-a5fe-f8d3513c7e76;435.0;0.23299329;UNKNOWN
2016-02-27T00:04:45.000000;2016-02-27T00:04:45.000000;976d1360-7dc0-42ba-b8bd-db005f813ec3;435.0;0.31353155;UNKNOWN
2016-02-27T00:04:45.000000;2016-02-27T00:04:45.000000;0fc26960-d46e-4492-bd85-3bda7ee0d9bc;435.0;0.11493379;UNKNOWN
2016-02-27T00:04:46.000000;2016-02-27T00:04:46.000000;e9b0801a-bb87-4622-ae1b-286b16946af4;435.0;0.02862788;UNKNOWN
2016-02-27T00:04:49.000000;2016-02-27T00:04:49.000000;1b12985d-20db-4236-8a60-4c3fc733a7db;435.0;0.0295727;UNKNOWN
2016-02-27T00:04:49.000000;2016-02-27T00:04:49.000000;9b891c70-4ed9-4f79-8ed9-b29b5a7bcadd;435.0;0.38922441;UNKNOWN
2016-02-27T00:04:49.000000;2016-02-27T00:04:49.000000;67e80726-06cb-4b2e-96d2-844191424c64;435.0;0.17635469;UNKNOWN
2016-02-27T00:04:50.000000;2016-02-27T00:04:50.000000;fe28427d-0538-4f91-aeb7-b6c34d1f3e5a;435.0;0.07742012;UNKNOWN
2016-02-27T00:04:51.000000;2016-02-27T00:04:51.000000;ba829c61-b4cf-4785-add3-190dace5f256;435.0;0.25947294;UNKNOWN
2016-02-27T00:04:51.000000;2016-02-27T00:04:51.000000;168c27d0-a1c0-47de-a9fa-8fed82a48c3f;435.0;0.11921672;UNKNOWN
2016-02-27T00:04:51.000000;2016-02-27T00:04:51.000000;f5eb281a-d085-4f30-9811-b9c328a2b355;435.0;0.63209679;UNKNOWN
2016-02-27T00:04:51.000000;2016-02-27T00:04:51.000000;0f7f1ce6-2316-4bbe-9301-984abcd25f9e;435.0;0.22017359;UNKNOWN
2016-02-27T00:04:51.000000;2016-02-27T00:04:51.000000;91dad21e-6d15-4cd7-a1cf-a1a1f5e8ded0;435.0;0.01944869;UNKNOWN
2016-02-27T00:04:52.000000;2016-02-27T00:04:52.000000;8f054288-67ed-41a8-9f7c-63aae031cae2;435.0;0.05614836;UNKNOWN
2016-02-27T00:04:52.000000;2016-02-27T00:04:52.000000;c6decf66-6dac-4d9a-8f0f-7a2124980a10;435.0;0.10557413;UNKNOWN
2016-02-27T00:04:53.000000;2016-02-27T00:04:53.000000;dd71c176-609b-4ec8-8dd5-0432269f42d0;435.0;0.06005912;UNKNOWN
2016-02-27T00:04:53.000000;2016-02-27T00:04:53.000000;c538fbd8-a256-4b72-a94e-851823c7ced4;435.0;0.05469252;UNKNOWN
2016-02-27T00:04:54.000000;2016-02-27T00:04:54.000000;3cff404b-e0e3-4421-87f5-00d178dc956d;435.0;0.81490782;UNKNOWN
2016-02-27T00:04:54.000000;2016-02-27T00:04:54.000000;7c1275b6-7f8e-4e79-8042-6119240432fc;435.0;1.28545353;UNKNOWN
2016-02-27T00:04:54.000000;2016-02-27T00:04:54.000000;fecef883-cb08-4447-b813-5c78bd91a68a;435.0;0.62177731;UNKNOWN
2016-02-27T00:04:55.000000;2016-02-27T00:04:55.000000;b9b394c1-13e8-4c36-8ead-2a9933a33785;435.0;0.25622176;UNKNOWN
2016-02-27T00:04:55.000000;2016-02-27T00:04:55.000000;c0840d71-ec85-4e79-bc82-4c01884d9b3d;435.0;0.35590073;UNKNOWN
2016-02-27T00:04:55.000000;2016-02-27T00:04:55.000000;7c484a46-37e1-4d55-96ad-e8bf3284c2a4;435.0;0.12031664;UNKNOWN
2016-02-27T00:04:55.000000;2016-02-27T00:04:55.000000;dcb0aec8-2290-4537-bf0f-ff46d6e35c4d;435.0;0.01446526;UNKNOWN
2016-02-27T00:04:55.000000;2016-02-27T00:04:55.000000;b371ae41-4026-4112-b802-b65b042db2c1;435.0;0.07787547;UNKNOWN
2016-02-27T00:04:56.000000;2016-02-27T00:04:56.000000;3fa378a0-6a3c-4ff7-bee3-cf8e0b2ad15c;435.0;0.0266796;UNKNOWN
2016-02-27T00:04:56.000000;2016-02-27T00:04:56.000000;ccb6c455-f8a7-46ef-baff-c2174f40c933;435.0;0.12783511;UNKNOWN
2016-02-27T00:04:58.000000;2016-02-27T00:04:58.000000;580e76ff-22a4-4b5b-b484-f675891774a8;435.0;0.42835022;UNKNOWN
2016-02-27T00:04:59.000000;2016-02-27T00:04:59.000000;3ab80b0b-d4c0-4fab-b376-226d5f833417;435.0;0.27234557;UNKNOWN
2016-02-27T00:04:59.000000;2016-02-27T00:04:59.000000;55c6d7dc-f2e8-4d24-b3fe-973877ae8697;435.0;0.08128559;UNKNOWN
2016-02-27T00:04:59.000000;2016-02-27T00:04:59.000000;cfa5983b-ff97-4984-a751-5f40ee6f852a;435.0;0.16484727;UNKNOWN
2016-02-27T00:04:59.000000;2016-02-27T00:04:59.000000;409bac76-7c44-4e3c-9fdd-33d0c4c8ba30;435.0;0.02871524;UNKNOWN
2016-02-27T00:05:00.000000;2016-02-27T00:05:00.000000;27ac99c1-14d8-48d4-bc71-e4a266fb1ea8;435.0;0.1209587;UNKNOWN
2016-02-27T00:05:00.000000;2016-02-27T00:05:00.000000;4da7a2fa-6e40-4359-ae8e-a7288bc8dbd8;435.0;0.63297716;UNKNOWN
2016-02-27T00:05:01.000000;2016-02-27T00:05:01.000000;23a5cd33-d7ca-472f-9e43-14de006e1d27;435.0;0.19308616;UNKNOWN
2016-02-27T00:05:03.000000;2016-02-27T00:05:03.000000;8e28e898-7aed-4569-911e-384f8b21a2ba;435.0;0.01784265;UNKNOWN
2016-02-27T00:05:03.000000;2016-02-27T00:05:03.000000;c82c9960-59f3-412a-8da1-03c3c1a10a7e;435.0;0.1082369;UNKNOWN
2016-02-27T00:05:04.000000;2016-02-27T00:05:04.000000;fcf89181-4c15-4fb5-a190-179cc1783161;434.83;0.2;UNKNOWN
2016-02-27T00:05:04.000000;2016-02-27T00:05:04.000000;ceb0e598-e54c-4d33-9dcc-9d9bfc36c29a;434.83;0.06032745;UNKNOWN
2016-02-27T00:05:04.000000;2016-02-27T00:05:04.000000;ff950800-0b7f-4ddd-9bb3-b3bfc8f2dfe9;434.83;0.06397038;UNKNOWN
2016-02-27T00:05:04.000000;2016-02-27T00:05:04.000000;ee1b8eb7-b230-4e85-a039-7977681b6fa9;434.83;0.04914792;UNKNOWN
2016-02-27T00:05:05.000000;2016-02-27T00:05:05.000000;58f6d320-53e4-485d-9df8-5e31a4099158;435.0;0.49403093;UNKNOWN
2016-02-27T00:05:05.000000;2016-02-27T00:05:05.000000;94763fb6-2828-4a77-a951-4541e33e6e3c;435.0;0.75845904;UNKNOWN
2016-02-27T00:05:05.000000;2016-02-27T00:05:05.000000;25d1b25d-28e6-4a71-9c75-539f65be6e52;435.0;0.22772743;UNKNOWN
2016-02-27T00:05:05.000000;2016-02-27T00:05:05.000000;ba2f2fd4-b4e6-4ff3-b21b-a5c449070f51;435.0;0.34631488;UNKNOWN
2016-02-27T00:05:05.000000;2016-02-27T00:05:05.000000;f0e7061f-966c-4da4-8657-5d0cce3b3df5;435.0;0.01560085;UNKNOWN
2016-02-27T00:05:05.000000;2016-02-27T00:05:05.000000;fbe4eebd-e74a-4995-ab53-757b14d999d4;435.0;0.07961646;UNKNOWN
2016-02-27T00:05:05.000000;2016-02-27T00:05:05.000000;60c54a3d-d2cf-4996-ad71-56c677534c91;434.99;0.04680444;UNKNOWN
2016-02-27T00:05:05.000000;2016-02-27T00:05:05.000000;c50ad8e6-9168-4902-a434-070ca90fc600;434.83;0.62655425;UNKNOWN
2016-02-27T00:05:05.000000;2016-02-27T00:05:05.000000;9780595f-5e2f-4246-bf48-20a4aae946b1;435.0;0.12648103;UNKNOWN
2016-02-27T00:05:06.000000;2016-02-27T00:05:06.000000;6ff7c7f8-3143-43a6-ab32-8855faf1734a;435.0;0.12967064;UNKNOWN
2016-02-27T00:05:06.000000;2016-02-27T00:05:06.000000;5338cf0d-dfad-4d50-93c8-b26cbf027068;435.0;0.53815458;UNKNOWN
2016-02-27T00:05:06.000000;2016-02-27T00:05:06.000000;4a95e25c-ddea-4a90-be54-5cd748b5f842;435.0;0.02786414;UNKNOWN
2016-02-27T00:05:08.000000;2016-02-27T00:05:08.000000;0cf001db-51b8-429c-9532-056faf4a0c96;434.98;0.43589315;UNKNOWN
2016-02-27T00:05:09.000000;2016-02-27T00:05:09.000000;e78ba89c-a5d4-4ca5-bada-d18590a2c9a7;434.98;0.16549814;UNKNOWN
2016-02-27T00:05:09.000000;2016-02-27T00:05:09.000000;6c1d2023-2133-4437-bd92-2666781a5c5a;434.98;0.07870023;UNKNOWN
2016-02-27T00:05:10.000000;2016-02-27T00:05:10.000000;28b56b91-6540-4d9f-a400-379665b282a1;434.98;0.27456204;UNKNOWN
2016-02-27T00:05:10.000000;2016-02-27T00:05:10.000000;ccab48bc-78e8-4a3f-9b31-0e10c093ec40;434.83;0.68924888;UNKNOWN
2016-02-27T00:05:10.000000;2016-02-27T00:05:10.000000;e1b60ccd-d038-4cfc-a522-90ff74e0d7c0;434.83;0.128359;UNKNOWN
2016-02-27T00:05:11.000000;2016-02-27T00:05:11.000000;08338e75-ddf3-49be-9f73-e56ba79fc8d8;434.83;0.02027873;UNKNOWN
2016-02-27T00:05:11.000000;2016-02-27T00:05:11.000000;9c8ddd03-42c0-4a72-b119-32746f04f9cd;434.98;0.02803842;UNKNOWN
2016-02-27T00:05:11.000000;2016-02-27T00:05:11.000000;4273efe4-ead8-4af4-b0be-55ac68856c04;434.83;0.09498187;UNKNOWN
2016-02-27T00:05:11.000000;2016-02-27T00:05:11.000000;34515db2-2d38-4463-972d-54c56bbc6962;434.81;0.0197;UNKNOWN
2016-02-27T00:05:11.000000;2016-02-27T00:05:11.000000;0423adc2-45f7-4d76-b3f6-7f89de5e199f;434.83;0.18239212;UNKNOWN
2016-02-27T00:05:12.000000;2016-02-27T00:05:12.000000;cbf86420-b6a8-4318-8b35-98375fc2094a;434.83;0.02716356;UNKNOWN
2016-02-27T00:05:13.000000;2016-02-27T00:05:13.000000;ac93a08c-34e3-49a3-8deb-796bc38f128e;434.83;0.06063821;UNKNOWN
2016-02-27T00:05:13.000000;2016-02-27T00:05:13.000000;1100c840-3108-4448-a8f4-7c242db4f6b1;434.83;0.05278856;UNKNOWN
2016-02-27T00:05:13.000000;2016-02-27T00:05:13.000000;448a7aff-d408-402a-a7b6-058ea74a62f3;434.83;0.0503158;UNKNOWN
2016-02-27T00:05:14.000000;2016-02-27T00:05:14.000000;08bd9fc4-ae3d-4fec-8838-d50bb3b6e9a2;434.99;0.82079971;UNKNOWN
2016-02-27T00:05:14.000000;2016-02-27T00:05:14.000000;d615e28e-21cc-4e4a-a73a-59910d2e7298;434.83;1.10783327;UNKNOWN
2016-02-27T00:05:14.000000;2016-02-27T00:05:14.000000;b0f2c8a3-6bef-446e-bfee-1e8998ae2fc4;434.99;0.13364791;UNKNOWN
2016-02-27T00:05:15.000000;2016-02-27T00:05:15.000000;4257b853-a2cb-4495-9d07-c45d0f0167f8;435.0;0.53318769;UNKNOWN
2016-02-27T00:05:15.000000;2016-02-27T00:05:15.000000;85b628c7-104c-47d0-a1b0-0b805760396b;435.0;0.01516009;UNKNOWN
2016-02-27T00:05:15.000000;2016-02-27T00:05:15.000000;0eadfe76-dc4d-450b-8a31-ac3aeba3b9d5;434.99;0.04555238;UNKNOWN
2016-02-27T00:05:16.000000;2016-02-27T00:05:16.000000;cae71389-5a30-485d-b674-33087a82c7df;435.0;0.12984171;UNKNOWN
2016-02-27T00:05:16.000000;2016-02-27T00:05:16.000000;bc8ec6fb-9930-451e-ad96-fde2c5235ba7;435.0;0.02701239;UNKNOWN
2016-02-27T00:05:18.000000;2016-02-27T00:05:18.000000;9c840394-6d3f-4d07-8526-b08fecbd1c95;434.99;0.2;UNKNOWN
2016-02-27T00:05:19.000000;2016-02-27T00:05:19.000000;1b181ac1-a10e-464b-9bc1-a8017ca0a2c1;434.99;0.02515614;UNKNOWN
2016-02-27T00:05:19.000000;2016-02-27T00:05:19.000000;ef4b8a61-74b7-4c04-b076-e40480730adf;434.99;0.08970728;UNKNOWN
2016-02-27T00:05:21.000000;2016-02-27T00:05:21.000000;a5f8706e-0ae5-45c2-b9ab-b3d78c2e88e5;434.99;0.66758727;UNKNOWN
2016-02-27T00:05:21.000000;2016-02-27T00:05:21.000000;2adda659-509d-4963-9bdc-b836637597b8;434.99;0.01973503;UNKNOWN
2016-02-27T00:05:22.000000;2016-02-27T00:05:22.000000;ac044beb-4217-4fe9-b1bc-cee16d358aab;434.99;0.11200572;UNKNOWN
2016-02-27T00:05:23.000000;2016-02-27T00:05:23.000000;f1074cb8-5475-4be3-8e14-43fdb44151ef;434.99;0.05771738;UNKNOWN
2016-02-27T00:05:24.000000;2016-02-27T00:05:24.000000;599b148b-88d5-4edf-9368-f3270d5e5132;434.99;0.05596033;UNKNOWN
2016-02-27T00:05:25.000000;2016-02-27T00:05:25.000000;b3df2275-189e-42f4-8931-498f7ae66e4b;434.99;0.01424064;UNKNOWN
2016-02-27T00:05:25.000000;2016-02-27T00:05:25.000000;a750860e-c204-4b0a-b86e-5eedee4fb2f8;434.99;0.72446496;UNKNOWN
2016-02-27T00:05:25.000000;2016-02-27T00:05:25.000000;4e76a5d1-997a-4dfe-979e-0604ea16af74;434.99;0.56922347;UNKNOWN
2016-02-27T00:05:26.000000;2016-02-27T00:05:26.000000;83bf6a20-33e6-4f11-aaa1-f24f7437eb7f;434.99;0.02518226;UNKNOWN
2016-02-27T00:05:26.000000;2016-02-27T00:05:26.000000;4be54ac5-56ad-4a4f-b5b9-6ddfeacf95f3;434.99;0.11262718;UNKNOWN
2016-02-27T00:05:27.000000;2016-02-27T00:05:27.000000;00ac8322-bd4d-4b48-9ae4-816ecc2415ce;434.98;0.35123292;UNKNOWN
2016-02-27T00:05:27.000000;2016-02-27T00:05:27.000000;83ae52fa-5ac9-4cb4-abef-884d6320ef8e;434.98;0.13354856;UNKNOWN
2016-02-27T00:05:27.000000;2016-02-27T00:05:27.000000;def536ef-9b4c-417d-9775-bb09f04a38aa;434.98;0.24962008;UNKNOWN
2016-02-27T00:05:27.000000;2016-02-27T00:05:27.000000;fce7befd-d62a-454b-9765-f2bd4a6bbd58;434.98;0.18826135;UNKNOWN
2016-02-27T00:05:27.000000;2016-02-27T00:05:27.000000;421db98b-65e7-437c-bebe-77c3c5aed9d8;434.98;0.07733709;UNKNOWN
2016-02-27T00:05:29.000000;2016-02-27T00:05:29.000000;91bf8569-1abe-45ff-a702-e670a208829f;434.99;0.07887286;UNKNOWN
2016-02-27T00:05:30.000000;2016-02-27T00:05:30.000000;f498cf5c-3d4b-478d-b81c-4b6123dfaae1;434.98;1.19326083;UNKNOWN
2016-02-27T00:05:30.000000;2016-02-27T00:05:30.000000;58c14de6-35ea-4f03-b5e0-77b28eb59012;434.98;0.1393056;UNKNOWN
2016-02-27T00:05:30.000000;2016-02-27T00:05:30.000000;f5ed581f-d340-4a86-8158-aa55fdf567e5;434.98;0.18677112;UNKNOWN
2016-02-27T00:05:30.000000;2016-02-27T00:05:30.000000;c75dd985-dc7c-43ad-8624-b782bd9ba031;434.98;0.16285009;UNKNOWN
2016-02-27T00:05:30.000000;2016-02-27T00:05:30.000000;f0e24b40-be1b-4752-8eec-7530a12afedb;434.98;0.05974587;UNKNOWN
2016-02-27T00:05:30.000000;2016-02-27T00:05:30.000000;131caf4d-e632-4490-b62e-c452f9ee1bd7;434.98;0.26796457;UNKNOWN
2016-02-27T00:05:30.000000;2016-02-27T00:05:30.000000;b61331da-b8d7-4814-a11f-bc4e85f6e1fc;434.98;0.27658775;UNKNOWN
2016-02-27T00:05:31.000000;2016-02-27T00:05:31.000000;060b0f8f-be34-42e7-ad6c-56ade8ace60c;434.99;0.01891303;UNKNOWN
2016-02-27T00:05:31.000000;2016-02-27T00:05:31.000000;0efc1f72-7a19-4f1b-a7e9-4c3182d7ef5a;434.94;0.2;UNKNOWN
2016-02-27T00:05:31.000000;2016-02-27T00:05:31.000000;6eafc767-d512-4a21-bae9-7f064804a9b9;434.97;0.2;UNKNOWN
2016-02-27T00:05:31.000000;2016-02-27T00:05:31.000000;3e4f54f2-7ce1-42c7-9f2f-a2c1737ac3cf;434.99;0.02925129;UNKNOWN
2016-02-27T00:05:31.000000;2016-02-27T00:05:31.000000;e581ae75-467b-4c94-9cb2-50065c0b077e;434.99;0.65747622;UNKNOWN
2016-02-27T00:05:33.000000;2016-02-27T00:05:33.000000;45e25655-3ac8-41da-b3d6-d7d700ca110c;434.99;0.10485401;UNKNOWN
2016-02-27T00:05:33.000000;2016-02-27T00:05:33.000000;c3546c98-1a85-4c0c-9dfd-10e76ee705b5;434.94;1.0;UNKNOWN
2016-02-27T00:05:34.000000;2016-02-27T00:05:34.000000;1eb2c91f-9760-40b6-8d44-d84ec9437cac;434.98;0.74806088;UNKNOWN
2016-02-27T00:05:34.000000;2016-02-27T00:05:34.000000;bcd00fbb-f9e5-4d09-aa74-9bcd88f246b3;434.98;0.05376025;UNKNOWN
2016-02-27T00:05:34.000000;2016-02-27T00:05:34.000000;fe2eae76-8b8c-460e-8f98-41d140de4777;434.98;1.28377414;UNKNOWN
2016-02-27T00:05:34.000000;2016-02-27T00:05:34.000000;04a91469-9d98-4d22-8374-2d2d85d3a1e3;434.98;0.05738499;UNKNOWN
2016-02-27T00:05:35.000000;2016-02-27T00:05:35.000000;96acb9c9-c10f-47ab-b16d-5457261e470e;434.98;0.01430913;UNKNOWN
2016-02-27T00:05:35.000000;2016-02-27T00:05:35.000000;99240454-8434-4a02-9295-a61aa0799bd3;434.98;0.26053396;UNKNOWN
2016-02-27T00:05:35.000000;2016-02-27T00:05:35.000000;d6191440-2470-45c4-86a0-aef2d26662c1;434.98;0.639424;UNKNOWN
2016-02-27T00:05:35.000000;2016-02-27T00:05:35.000000;a4968d9c-66ca-441a-8c8c-8acf54a085cf;434.98;0.08841351;UNKNOWN
2016-02-27T00:05:35.000000;2016-02-27T00:05:35.000000;c55c81e1-cd50-4252-8d57-3358bb627cf0;434.98;0.13262943;UNKNOWN
2016-02-27T00:05:36.000000;2016-02-27T00:05:36.000000;1999382c-71b2-445e-84de-c3b7e2c111f6;434.97;0.1281793;UNKNOWN
2016-02-27T00:05:36.000000;2016-02-27T00:05:36.000000;938f4a24-ad0a-40ce-9c33-3ec09c6bc7ef;434.97;0.024778;UNKNOWN
2016-02-27T00:05:36.000000;2016-02-27T00:05:36.000000;d9d018f6-ee9b-43e1-b02b-6c122f36684e;434.97;0.29500887;UNKNOWN
2016-02-27T00:05:38.000000;2016-02-27T00:05:38.000000;4f0c6163-e6dd-4e1b-9728-be4f67e0e4f6;434.97;0.45854675;UNKNOWN
2016-02-27T00:05:39.000000;2016-02-27T00:05:39.000000;c362756e-7210-4cf9-9228-7ceb8390339b;434.98;0.02882968;UNKNOWN
2016-02-27T00:05:39.000000;2016-02-27T00:05:39.000000;9e35f42b-fcb2-41f1-bd70-d582737abd4b;434.92;0.2;UNKNOWN
2016-02-27T00:05:39.000000;2016-02-27T00:05:39.000000;7764ca79-5ac3-4e9b-b1c2-90c379e41592;434.98;0.18402085;UNKNOWN
2016-02-27T00:05:40.000000;2016-02-27T00:05:40.000000;ee545461-5adc-4cb8-83d5-d57c5f70f246;434.91;0.12304625;UNKNOWN
2016-02-27T00:05:40.000000;2016-02-27T00:05:40.000000;26314d52-87ec-4945-974c-f28328f1df89;434.96;0.38875115;UNKNOWN
2016-02-27T00:05:40.000000;2016-02-27T00:05:40.000000;25ef4c27-9e84-489e-ad8c-c107bc566e7a;434.91;0.32380807;UNKNOWN
2016-02-27T00:05:40.000000;2016-02-27T00:05:40.000000;ab919415-f6a5-489b-b453-97ef21fe3fd3;434.91;0.07695753;UNKNOWN
2016-02-27T00:05:40.000000;2016-02-27T00:05:40.000000;80b1a22f-79b5-4672-9838-be9e4aea015d;434.91;0.27618815;UNKNOWN
2016-02-27T00:05:41.000000;2016-02-27T00:05:41.000000;0ca21b4b-8eb7-4899-a7ed-d2130ce8527e;434.96;0.01778806;UNKNOWN
2016-02-27T00:05:41.000000;2016-02-27T00:05:41.000000;47d59675-0546-4d48-92b6-ca8ee17e863e;434.96;0.1893788;UNKNOWN
2016-02-27T00:05:42.000000;2016-02-27T00:05:42.000000;8aa2dc27-e082-4e7f-b9e2-77c258660943;434.96;0.10167019;UNKNOWN
2016-02-27T00:05:43.000000;2016-02-27T00:05:43.000000;f541b6f2-a8c2-445c-a03f-ed89cba6a9dd;434.91;0.04910492;UNKNOWN
2016-02-27T00:05:43.000000;2016-02-27T00:05:43.000000;f64a64da-5c90-4438-b5e6-7427aa2b4933;434.96;0.06109624;UNKNOWN
2016-02-27T00:05:43.000000;2016-02-27T00:05:43.000000;1496a656-8693-4b64-9b4a-7fd5d4b3507b;434.96;0.04858398;UNKNOWN
2016-02-27T00:05:44.000000;2016-02-27T00:05:44.000000;85649729-baa4-43f4-a907-51826ef7a234;434.96;0.25654467;UNKNOWN
2016-02-27T00:05:44.000000;2016-02-27T00:05:44.000000;fdccda07-65b3-42b0-8700-ac2ad8cf13a0;434.91;0.95089508;UNKNOWN
2016-02-27T00:05:44.000000;2016-02-27T00:05:44.000000;78213355-1a52-4c50-804c-fc1745429304;434.96;0.74734383;UNKNOWN
2016-02-27T00:05:45.000000;2016-02-27T00:05:45.000000;4693a9df-c2dd-4bc3-8d7c-3bb73ee552bb;434.96;0.14008409;UNKNOWN
2016-02-27T00:05:45.000000;2016-02-27T00:05:45.000000;dce01db6-5584-4933-8dd6-ae1e6e6131e8;434.96;0.01516254;UNKNOWN
2016-02-27T00:05:45.000000;2016-02-27T00:05:45.000000;4983a247-e2e3-404c-bc96-9b2e88e78c10;434.96;0.5788657;UNKNOWN
2016-02-27T00:05:45.000000;2016-02-27T00:05:45.000000;ef676a02-cb83-4c55-9aab-9c5495a747ab;434.96;0.22540966;UNKNOWN
2016-02-27T00:05:46.000000;2016-02-27T00:05:46.000000;838be282-33b9-476f-9a9e-b803dcf324b8;434.98;0.07890919;UNKNOWN
2016-02-27T00:05:46.000000;2016-02-27T00:05:46.000000;e5069864-b946-4aa4-8eaf-3a946ee77fb1;434.98;0.02623536;UNKNOWN
2016-02-27T00:05:46.000000;2016-02-27T00:05:46.000000;eb503e0b-b40e-46e6-b5ad-1503a5d7ae48;434.98;0.35606385;UNKNOWN
2016-02-27T00:05:47.000000;2016-02-27T00:05:47.000000;c79170fb-e098-4be1-96c9-18df4a91a65e;434.97;0.1103558;UNKNOWN
2016-02-27T00:05:48.000000;2016-02-27T00:05:48.000000;3b06039c-18e8-42b6-b908-2e8d882d5ef7;434.97;0.39054432;UNKNOWN
2016-02-27T00:05:49.000000;2016-02-27T00:05:49.000000;802658fb-d67f-4530-88c4-99dfbac29888;434.97;0.02485173;UNKNOWN
2016-02-27T00:05:49.000000;2016-02-27T00:05:49.000000;601d951b-99fa-46bc-af3c-ea175259cacf;434.97;0.1971649;UNKNOWN
2016-02-27T00:05:49.000000;2016-02-27T00:05:49.000000;e25a1651-299f-439f-a147-c13a8f701572;434.97;0.07626579;UNKNOWN
2016-02-27T00:05:50.000000;2016-02-27T00:05:50.000000;09486e86-d4f1-4c67-b12f-dfd6d4e52709;434.91;0.65240983;UNKNOWN
2016-02-27T00:05:50.000000;2016-02-27T00:05:50.000000;1388affe-4d16-4a19-a9ab-6cc927b503e5;434.91;0.24624796;UNKNOWN
2016-02-27T00:05:51.000000;2016-02-27T00:05:51.000000;62acbd60-e9b1-4f6e-acd4-f8a8fea56d33;434.97;0.03600564;UNKNOWN
2016-02-27T00:05:51.000000;2016-02-27T00:05:51.000000;ec39e474-a569-4b0c-90de-26c5e6252f28;434.91;0.10134221;UNKNOWN
2016-02-27T00:05:51.000000;2016-02-27T00:05:51.000000;822d55d4-8607-49d4-ae76-9eae1214b6d2;434.97;0.0181767;UNKNOWN
2016-02-27T00:05:52.000000;2016-02-27T00:05:52.000000;83d9c305-2826-4c4a-993b-4a42a52fafb5;434.97;0.06729102;UNKNOWN
2016-02-27T00:05:53.000000;2016-02-27T00:05:53.000000;bc61f37c-36f5-4fda-b98a-c896fa9fdaa4;434.97;0.05047069;UNKNOWN
2016-02-27T00:05:53.000000;2016-02-27T00:05:53.000000;5fbe9a69-aa47-4a8d-9475-35f3e205fb11;434.97;0.05885072;UNKNOWN
2016-02-27T00:05:54.000000;2016-02-27T00:05:54.000000;dc8e3b52-e98c-48cb-99ac-14a0acad0e0b;434.97;1.20551993;UNKNOWN
2016-02-27T00:05:55.000000;2016-02-27T00:05:55.000000;e15c9db2-6e99-424b-92a2-651fee762d1a;435.0;2.95132429;UNKNOWN
2016-02-27T00:05:55.000000;2016-02-27T00:05:55.000000;1a24fc53-cd9b-49a8-8d09-63becc1ddc5d;434.98;1.04765078;UNKNOWN
2016-02-27T00:05:55.000000;2016-02-27T00:05:55.000000;a453a352-1bd3-42a2-8d48-b5f2bd7bb34d;434.99;1.43702493;UNKNOWN
2016-02-27T00:05:55.000000;2016-02-27T00:05:55.000000;428c89ff-70a5-4a6f-a12f-ca386232e2f9;434.98;1.414;UNKNOWN
2016-02-27T00:05:57.000000;2016-02-27T00:05:57.000000;7d7ff849-96ea-4d78-9bce-6c1eb5d9f6c4;435.0;6.85;UNKNOWN
2016-02-27T00:06:04.000000;2016-02-27T00:06:04.000000;261e9347-7588-4a93-b937-3ae178579e69;435.0;1.19206929;UNKNOWN
2016-02-27T00:06:15.000000;2016-02-27T00:06:15.000000;d1ab462c-40b6-46db-9026-38dfe1e34552;434.97;0.77586829;UNKNOWN
2016-02-27T00:06:15.000000;2016-02-27T00:06:15.000000;40ebf383-d20c-43ac-8b8d-8ce9f6a413ea;434.97;0.58405431;UNKNOWN
2016-02-27T00:06:15.000000;2016-02-27T00:06:15.000000;e3ca9092-11b0-4b69-ad90-ff18f2a2c862;434.97;0.0540774;UNKNOWN
2016-02-27T00:06:16.000000;2016-02-27T00:06:16.000000;911ae21f-9eb5-4c9f-bac6-6b842d6dd30e;435.0;1.17269818;UNKNOWN
2016-02-27T00:06:21.000000;2016-02-27T00:06:21.000000;1030bfe4-11fb-4f1d-8c96-1b46ed583a9d;434.97;0.12272201;UNKNOWN
2016-02-27T00:06:21.000000;2016-02-27T00:06:21.000000;2613b1af-0d08-43fd-8008-3390ca7a4c7a;434.97;0.0246337;UNKNOWN
2016-02-27T00:06:21.000000;2016-02-27T00:06:21.000000;23cb04e2-41f5-439c-bffe-83556f4397ec;434.97;0.09139099;UNKNOWN
2016-02-27T00:06:21.000000;2016-02-27T00:06:21.000000;36ea235d-7492-492f-97e8-e7ad5d6916ac;434.97;0.01606707;UNKNOWN
2016-02-27T00:06:21.000000;2016-02-27T00:06:21.000000;1a8cc19b-612e-4d15-8447-86a46bfa4143;434.97;0.22620731;UNKNOWN
2016-02-27T00:06:21.000000;2016-02-27T00:06:21.000000;da58ed74-68ff-407d-9de1-16e037eee546;434.97;0.34390432;UNKNOWN
2016-02-27T00:06:21.000000;2016-02-27T00:06:21.000000;ed9e9d08-619e-4421-a14f-8123b008a9f8;434.97;0.1750746;UNKNOWN
2016-02-27T00:06:23.000000;2016-02-27T00:06:23.000000;8baf0339-69bd-473e-9125-0576fffbb1ff;435.0;0.22988272;UNKNOWN
2016-02-27T00:06:24.000000;2016-02-27T00:06:24.000000;6984a34c-a5df-4800-8fe2-94e732621557;434.97;0.08397045;UNKNOWN
2016-02-27T00:06:24.000000;2016-02-27T00:06:24.000000;267ade18-e661-4967-8b18-8d31eb5e1e89;435.0;0.83145141;UNKNOWN
2016-02-27T00:06:24.000000;2016-02-27T00:06:24.000000;bcc93d65-3265-46d2-91f2-e3dcb0c7ab97;434.97;0.17820606;UNKNOWN
2016-02-27T00:06:24.000000;2016-02-27T00:06:24.000000;bd1e21c8-967d-4566-bf07-f6f956584d66;434.97;0.18734526;UNKNOWN
2016-02-27T00:06:24.000000;2016-02-27T00:06:24.000000;1e4e98bf-5c6c-4ceb-b84e-1646aebc2621;434.97;0.22454817;UNKNOWN
2016-02-27T00:06:24.000000;2016-02-27T00:06:24.000000;4cd8847a-7734-4473-80d9-47155e747817;434.97;0.32593006;UNKNOWN
2016-02-27T00:06:25.000000;2016-02-27T00:06:25.000000;4950c525-8b38-4dc6-8e56-6ef349404995;435.0;0.23220123;UNKNOWN
2016-02-27T00:06:25.000000;2016-02-27T00:06:25.000000;ec01b75b-dc8c-4816-ab60-101b23a55187;435.0;1.15617743;UNKNOWN
2016-02-27T00:06:25.000000;2016-02-27T00:06:25.000000;f3b894ae-6678-4ea3-8675-7e680121ddc2;435.0;0.34076693;UNKNOWN
2016-02-27T00:06:26.000000;2016-02-27T00:06:26.000000;c19b9474-150d-49e1-9efd-d32ebd8898cb;435.0;0.07677126;UNKNOWN
2016-02-27T00:06:26.000000;2016-02-27T00:06:26.000000;aaa64c5d-aea6-482d-9b08-6a54e8e4e5bc;435.0;0.11871833;UNKNOWN
2016-02-27T00:06:26.000000;2016-02-27T00:06:26.000000;ee3c5d69-e28a-4517-89d8-a23465753c32;435.0;0.01421612;UNKNOWN
2016-02-27T00:06:26.000000;2016-02-27T00:06:26.000000;6e64668b-7658-4b93-bd9d-eecf22c10d63;435.0;0.64463354;UNKNOWN
2016-02-27T00:06:26.000000;2016-02-27T00:06:26.000000;f7cc752c-7457-40bb-b456-45617a25bcfd;435.0;0.12463152;UNKNOWN
2016-02-27T00:06:26.000000;2016-02-27T00:06:26.000000;17de0d20-438e-4eb8-bd1d-a5cbdb3228ff;435.0;0.02889997;UNKNOWN
2016-02-27T00:06:27.000000;2016-02-27T00:06:27.000000;54afb787-2c29-4fa2-ab5b-9a1ce75c936a;434.97;0.05618744;UNKNOWN
2016-02-27T00:06:27.000000;2016-02-27T00:06:27.000000;fed504fb-fabe-44be-b013-3f2d77d10618;434.97;0.0660623;UNKNOWN
2016-02-27T00:06:27.000000;2016-02-27T00:06:27.000000;1a06096b-2aa0-4250-a7e4-f24273ae3039;434.96;0.19279336;UNKNOWN
2016-02-27T00:06:27.000000;2016-02-27T00:06:27.000000;39d9b0e1-7d37-452b-9b51-867967aa2212;434.97;0.02159628;UNKNOWN
2016-02-27T00:06:27.000000;2016-02-27T00:06:27.000000;d202b2ec-2e5e-429b-8fc5-5c884fda3c01;434.97;0.02993418;UNKNOWN
2016-02-27T00:06:27.000000;2016-02-27T00:06:27.000000;97dea659-af59-49a5-b4da-8249e384fa7a;434.97;0.04720816;UNKNOWN
2016-02-27T00:06:27.000000;2016-02-27T00:06:27.000000;679fcb5d-a563-469d-88e2-cfa51c44fff3;434.97;0.31910906;UNKNOWN
2016-02-27T00:06:27.000000;2016-02-27T00:06:27.000000;a2c951fe-634d-4ca3-ac2f-5dbed359a64c;434.96;0.13387099;UNKNOWN
2016-02-27T00:06:27.000000;2016-02-27T00:06:27.000000;de744ad3-f3dd-439e-b0a2-8d973e468ef4;434.97;0.13323823;UNKNOWN
2016-02-27T00:06:28.000000;2016-02-27T00:06:28.000000;3a0a43aa-512e-42ca-aa45-a4cad4d4b9c0;435.0;0.45621979;UNKNOWN
2016-02-27T00:06:29.000000;2016-02-27T00:06:29.000000;d0d6562c-8abd-4c42-82a3-f5a17f610f90;435.0;0.0750248;UNKNOWN
2016-02-27T00:06:30.000000;2016-02-27T00:06:30.000000;456cba60-e32c-43f5-8bde-a2216bb546e8;435.0;0.12793334;UNKNOWN
2016-02-27T00:06:30.000000;2016-02-27T00:06:30.000000;2c2ea270-3c97-4898-a102-603bdbdcfcf0;434.96;1.0;UNKNOWN
2016-02-27T00:06:30.000000;2016-02-27T00:06:30.000000;60456ce2-9c4f-41cb-8d3f-81ecccdc535e;435.0;0.18330169;UNKNOWN
2016-02-27T00:06:30.000000;2016-02-27T00:06:30.000000;91d4761b-003c-4d2e-90b6-9e6cfe9665fb;435.0;0.24838727;UNKNOWN
2016-02-27T00:06:31.000000;2016-02-27T00:06:31.000000;ed411581-0f44-46f8-ac06-3ceda389edb2;435.0;0.65881754;UNKNOWN
2016-02-27T00:06:31.000000;2016-02-27T00:06:31.000000;fc7f698f-fee3-4228-87e0-7623738e22f6;435.0;0.22089411;UNKNOWN
2016-02-27T00:06:32.000000;2016-02-27T00:06:32.000000;0567e479-0b1e-4f2a-8b92-164cfb70a0ff;435.0;0.01804072;UNKNOWN
2016-02-27T00:06:33.000000;2016-02-27T00:06:33.000000;a3c40ccd-7c44-4187-8438-2c6e63a3df41;434.97;0.05142965;UNKNOWN
2016-02-27T00:06:33.000000;2016-02-27T00:06:33.000000;28f31505-f8b0-4980-9f10-33e54fe80047;434.97;0.06119479;UNKNOWN
2016-02-27T00:06:33.000000;2016-02-27T00:06:33.000000;4aef2b76-397b-4d5c-b3d1-e7f507b39210;434.97;0.05579572;UNKNOWN
2016-02-27T00:06:34.000000;2016-02-27T00:06:34.000000;457ca11a-5ff2-496a-8056-767326a88c9b;434.97;0.57673043;UNKNOWN
2016-02-27T00:06:34.000000;2016-02-27T00:06:34.000000;3ca85b99-fd62-48d9-b617-e52374cd99e1;434.97;0.79156824;UNKNOWN
2016-02-27T00:06:34.000000;2016-02-27T00:06:34.000000;3e50480f-27ed-4bae-b49a-4040a3f48041;434.97;1.13381322;UNKNOWN
2016-02-27T00:06:35.000000;2016-02-27T00:06:35.000000;6e97efaf-8310-4ce7-a759-0ba46a69ae37;434.96;1.0;UNKNOWN
2016-02-27T00:06:35.000000;2016-02-27T00:06:35.000000;09e4ebfe-11d0-4e1b-84ef-9fe556c256ef;434.97;0.01595708;UNKNOWN
2016-02-27T00:06:35.000000;2016-02-27T00:06:35.000000;57200e37-0a68-4d7a-afdf-670a0a6666dd;434.97;0.12373943;UNKNOWN
2016-02-27T00:06:35.000000;2016-02-27T00:06:35.000000;f17495d4-3d5a-4cbe-ac68-38bfba513198;434.97;0.23681776;UNKNOWN
2016-02-27T00:06:35.000000;2016-02-27T00:06:35.000000;bf04b12b-4732-4819-a035-d45e74d56335;434.97;0.02925059;UNKNOWN
2016-02-27T00:06:35.000000;2016-02-27T00:06:35.000000;c4d62065-a8c3-4331-b84f-e40b3b1f0de4;434.97;0.09862873;UNKNOWN
2016-02-27T00:06:36.000000;2016-02-27T00:06:36.000000;f4ae681a-0667-49ef-87ac-47348fb10b50;434.97;0.02592926;UNKNOWN
2016-02-27T00:06:36.000000;2016-02-27T00:06:36.000000;fb8df5f8-1d27-4e9d-a69e-2dffcd12f0b6;434.97;0.08060615;UNKNOWN
2016-02-27T00:06:36.000000;2016-02-27T00:06:36.000000;049726ce-dc1b-47b1-8ee9-9005b87f9d87;434.97;0.12892086;UNKNOWN
2016-02-27T00:06:36.000000;2016-02-27T00:06:36.000000;7206e998-2956-4538-997e-c52b2e1904ca;434.97;0.31391649;UNKNOWN
2016-02-27T00:06:38.000000;2016-02-27T00:06:38.000000;749ff498-f2d7-4af3-8f2f-727daabbfede;434.97;0.41032675;UNKNOWN
2016-02-27T00:06:38.000000;2016-02-27T00:06:38.000000;29706346-3cbc-49a3-bd25-fec935a65059;434.96;1.0;UNKNOWN
2016-02-27T00:06:39.000000;2016-02-27T00:06:39.000000;74d517ec-816f-4b06-9e89-b5607db00edf;434.97;0.22954254;UNKNOWN
2016-02-27T00:06:40.000000;2016-02-27T00:06:40.000000;dfe3f3fa-38e3-46d2-af1c-936781d62905;434.97;0.08447329;UNKNOWN
2016-02-27T00:06:40.000000;2016-02-27T00:06:40.000000;00421ee3-f745-4547-a7cc-1f35bfcfe019;434.97;0.02731695;UNKNOWN
2016-02-27T00:06:40.000000;2016-02-27T00:06:40.000000;a7e8aa47-7ba4-4e49-b35f-aa3a0d5532ef;434.97;0.12941059;UNKNOWN
2016-02-27T00:06:40.000000;2016-02-27T00:06:40.000000;94067137-0d09-4f2e-8af1-483d7df21361;434.97;0.1835518;UNKNOWN
2016-02-27T00:06:41.000000;2016-02-27T00:06:41.000000;7d70b51a-ed6d-4f31-b621-845fe0804184;435.0;0.21077709;UNKNOWN
2016-02-27T00:06:41.000000;2016-02-27T00:06:41.000000;4dbafb64-c7e7-4236-9be1-7b71efff9b76;435.0;0.02034198;UNKNOWN
2016-02-27T00:06:41.000000;2016-02-27T00:06:41.000000;18409e6d-6640-4c97-891b-3c2a5048022b;434.97;0.21107968;UNKNOWN
2016-02-27T00:06:41.000000;2016-02-27T00:06:41.000000;d563436d-d949-41a8-a41d-0c52bb679a86;435.0;0.45589773;UNKNOWN
2016-02-27T00:06:42.000000;2016-02-27T00:06:42.000000;9b22829f-24aa-49f4-88f7-a70e0efd014d;435.0;0.10243991;UNKNOWN
2016-02-27T00:06:43.000000;2016-02-27T00:06:43.000000;f2125017-c5f5-431e-b82f-eff52b65f2d9;435.0;0.05425232;UNKNOWN
2016-02-27T00:06:43.000000;2016-02-27T00:06:43.000000;cca31a1f-8d6e-4d36-9fe1-836c5af92f65;435.0;0.04837196;UNKNOWN
2016-02-27T00:06:43.000000;2016-02-27T00:06:43.000000;6586954d-7a72-468a-a7b8-a2c7b45b05d9;435.0;0.05755515;UNKNOWN
2016-02-27T00:06:44.000000;2016-02-27T00:06:44.000000;06283930-1981-4f02-a7e0-95f786fdaef7;435.0;1.15655714;UNKNOWN
2016-02-27T00:06:44.000000;2016-02-27T00:06:44.000000;1c5473a6-88b4-4724-8896-d947cad811fe;434.99;0.24081371;UNKNOWN
2016-02-27T00:06:44.000000;2016-02-27T00:06:44.000000;204c0bfe-1498-401b-9d3b-bc8c65d2eb94;434.99;0.60302405;UNKNOWN
2016-02-27T00:06:45.000000;2016-02-27T00:06:45.000000;0b2e1e46-9280-4080-b43e-ad023358a276;434.99;0.12207989;UNKNOWN
2016-02-27T00:06:46.000000;2016-02-27T00:06:46.000000;1247bdf0-d998-4428-94be-ec1934f69220;434.99;0.02927791;UNKNOWN
2016-02-27T00:06:50.000000;2016-02-27T00:06:50.000000;dc2a883d-e2d3-4a61-b1da-10fc4ca6a495;434.99;0.26024173;UNKNOWN
2016-02-27T00:06:53.000000;2016-02-27T00:06:53.000000;a926564c-3e41-4037-ac6c-a071ddadf91a;434.99;0.71442354;UNKNOWN
2016-02-27T00:06:53.000000;2016-02-27T00:06:53.000000;9909a526-7bb5-4017-8059-7a1a5fd77016;434.99;0.05403676;UNKNOWN
2016-02-27T00:06:53.000000;2016-02-27T00:06:53.000000;4ed617b5-d3fc-44ff-8958-b1700d11fb13;434.99;0.06875534;UNKNOWN
2016-02-27T00:06:54.000000;2016-02-27T00:06:54.000000;bf40659f-02e4-4888-a0bf-86a92cae27cb;434.99;0.11133719;UNKNOWN
2016-02-27T00:06:54.000000;2016-02-27T00:06:54.000000;6fbaece0-43fb-4ca0-9d59-10491f467e11;434.99;1.10300375;UNKNOWN
2016-02-27T00:06:55.000000;2016-02-27T00:06:55.000000;06753b24-ef29-4feb-aa8a-7a19d2b75a7b;434.99;0.25421223;UNKNOWN
2016-02-27T00:06:55.000000;2016-02-27T00:06:55.000000;08863372-c090-4293-a63d-4270ffa7527d;434.99;0.61311083;UNKNOWN
2016-02-27T00:06:57.000000;2016-02-27T00:06:57.000000;8f93a2bd-0097-479b-be09-a036e2843261;434.99;1.0;UNKNOWN
2016-02-27T00:07:00.000000;2016-02-27T00:07:00.000000;dd2ec4ad-6bca-47e8-8f30-285c55e959ce;434.99;0.25749512;UNKNOWN
2016-02-27T00:07:01.000000;2016-02-27T00:07:01.000000;125a7642-f371-4dc1-a969-c2973113bf1c;434.99;0.63740882;UNKNOWN
2016-02-27T00:07:02.000000;2016-02-27T00:07:02.000000;b97c227e-840f-416f-8f49-31fd5bf61afc;434.99;0.112632;UNKNOWN
2016-02-27T00:07:03.000000;2016-02-27T00:07:03.000000;b0992a96-103b-40d3-a0ba-c34f7cfb09dc;434.99;0.04680467;UNKNOWN
2016-02-27T00:07:03.000000;2016-02-27T00:07:03.000000;bf540b83-57fa-4589-be1e-7b271beface8;434.99;0.06877136;UNKNOWN
2016-02-27T00:07:04.000000;2016-02-27T00:07:04.000000;6cd6da26-13b4-412b-9d75-4ae3154475b8;434.99;1.2587235;UNKNOWN
2016-02-27T00:07:04.000000;2016-02-27T00:07:04.000000;73b35b4a-4286-4e4e-8eb8-8e1dc7189b32;434.97;0.53117051;UNKNOWN
2016-02-27T00:07:05.000000;2016-02-27T00:07:05.000000;b574916a-d286-47a5-b73a-350de09d3b52;434.99;0.23355359;UNKNOWN
2016-02-27T00:07:05.000000;2016-02-27T00:07:05.000000;0a881dc0-319b-4353-9719-83e864bd9872;434.99;0.37098827;UNKNOWN
2016-02-27T00:07:06.000000;2016-02-27T00:07:06.000000;b262507a-c780-4ee4-9c41-b0b73f3d75b5;434.99;0.22498273;UNKNOWN
2016-02-27T00:07:10.000000;2016-02-27T00:07:10.000000;94dd87e2-8d99-414f-98f4-97ea915c3e81;434.99;0.24044864;UNKNOWN
2016-02-27T00:07:11.000000;2016-02-27T00:07:11.000000;e8c836a3-5178-44b5-8d8d-ee76ef73220f;434.97;0.01815147;UNKNOWN
2016-02-27T00:07:11.000000;2016-02-27T00:07:11.000000;bf804329-e63a-42ce-b03c-f80b648550b8;434.97;0.23654013;UNKNOWN
2016-02-27T00:07:11.000000;2016-02-27T00:07:11.000000;4d84dbcc-5bb0-4d32-b22d-3d101d374e50;434.97;0.2907174;UNKNOWN
2016-02-27T00:07:11.000000;2016-02-27T00:07:11.000000;043a9833-72d4-4f09-8f35-3a4c894646bf;434.97;0.07471327;UNKNOWN
2016-02-27T00:07:11.000000;2016-02-27T00:07:11.000000;189617f0-7d16-4a47-a096-342158bda4f8;434.97;0.05386708;UNKNOWN
2016-02-27T00:07:11.000000;2016-02-27T00:07:11.000000;ac0af222-f914-4414-8594-2e890a3cf167;434.97;0.28741218;UNKNOWN
2016-02-27T00:07:11.000000;2016-02-27T00:07:11.000000;e8849e9c-c72b-4333-beb1-07eb24de4153;434.97;0.01666972;UNKNOWN
2016-02-27T00:07:11.000000;2016-02-27T00:07:11.000000;38f1446e-a04b-4872-a6f1-f31bc88fb349;434.97;0.11839662;UNKNOWN
2016-02-27T00:07:11.000000;2016-02-27T00:07:11.000000;82f13b45-5159-4a83-b543-c3188148ff13;434.97;0.17544605;UNKNOWN
2016-02-27T00:07:11.000000;2016-02-27T00:07:11.000000;deedd053-a65f-40d1-9d28-bc17aa986129;434.97;0.02773678;UNKNOWN
2016-02-27T00:07:11.000000;2016-02-27T00:07:11.000000;f0ca5a16-0ac0-4147-9d12-55572f5ffa45;434.97;0.14205651;UNKNOWN
2016-02-27T00:07:11.000000;2016-02-27T00:07:11.000000;8bb2b3a7-1047-446a-8867-ca8b6d3e3946;434.97;0.45837418;UNKNOWN
2016-02-27T00:07:11.000000;2016-02-27T00:07:11.000000;cf5025b6-e2d6-48bd-820e-ba6ed095bc4d;434.97;0.0828484;UNKNOWN
2016-02-27T00:07:11.000000;2016-02-27T00:07:11.000000;b5899bdc-4fad-45f3-87e7-01503ffb934d;434.97;0.01707021;UNKNOWN
2016-02-27T00:07:12.000000;2016-02-27T00:07:12.000000;99bdefaf-4e82-42d0-85ba-5535493ac4e0;434.99;0.69149175;UNKNOWN
2016-02-27T00:07:12.000000;2016-02-27T00:07:12.000000;3475ca67-9c6f-4c47-9be5-ebfac901f5b5;434.99;0.11793289;UNKNOWN
2016-02-27T00:07:13.000000;2016-02-27T00:07:13.000000;99c6bef9-42a1-4c41-b1f3-9ce4defa6901;434.99;0.04957674;UNKNOWN
2016-02-27T00:07:13.000000;2016-02-27T00:07:13.000000;3bd9f85a-f369-4460-9600-a65e42246e60;434.99;0.07033254;UNKNOWN
2016-02-27T00:07:15.000000;2016-02-27T00:07:15.000000;a028581a-991f-4b30-ae59-5083932f3e98;434.99;0.14143975;UNKNOWN
2016-02-27T00:07:15.000000;2016-02-27T00:07:15.000000;e0322b39-7142-4489-a8d5-ef7c39d5702e;434.99;0.61163692;UNKNOWN
2016-02-27T00:07:15.000000;2016-02-27T00:07:15.000000;67daefef-5751-47cb-a4f1-26c3149112e7;434.99;0.01684493;UNKNOWN
2016-02-27T00:07:15.000000;2016-02-27T00:07:15.000000;a1a3b9af-987d-4dc4-a86b-6f90cbab6b6e;434.99;1.31288552;UNKNOWN
2016-02-27T00:07:15.000000;2016-02-27T00:07:15.000000;440632ba-2956-49b5-a930-07204d508250;434.99;0.28868935;UNKNOWN
2016-02-27T00:07:15.000000;2016-02-27T00:07:15.000000;f1ca7b17-0b27-4d6d-9e1e-1a5e85f26a29;434.99;0.77938912;UNKNOWN
2016-02-27T00:07:15.000000;2016-02-27T00:07:15.000000;1facb5f2-2105-4942-865c-c63c01d6c76a;434.99;0.27531833;UNKNOWN
2016-02-27T00:07:16.000000;2016-02-27T00:07:16.000000;8dc182ea-5f3b-4529-ad9c-70cd629cd074;434.99;0.08834921;UNKNOWN
2016-02-27T00:07:18.000000;2016-02-27T00:07:18.000000;5af0f6c7-d6f4-479b-af0f-bc4ac0d4ff7c;434.99;0.46499509;UNKNOWN
2016-02-27T00:07:19.000000;2016-02-27T00:07:19.000000;f168919f-47a0-4aca-8a05-e186742c96fb;434.99;0.02562941;UNKNOWN
2016-02-27T00:07:19.000000;2016-02-27T00:07:19.000000;f50c0442-06bd-40ee-bc0f-9ff427c5895f;434.99;0.17156865;UNKNOWN
2016-02-27T00:07:19.000000;2016-02-27T00:07:19.000000;0eb846ff-e057-468a-948c-4f7ec058dc1e;434.99;0.08464248;UNKNOWN
2016-02-27T00:07:20.000000;2016-02-27T00:07:20.000000;4436ddf3-8ba7-42cd-84c4-44b2e8889920;434.99;0.70382721;UNKNOWN
2016-02-27T00:07:20.000000;2016-02-27T00:07:20.000000;dca9e1df-0f7a-43bb-a981-4438e6ae1e0e;434.99;0.12202952;UNKNOWN
