time_exchange;time_coinpai;guid;price;base_amount;taker_side
2016-02-28T00:00:07.050000;2016-02-28T00:00:07.103000;b80cb105-d950-4c02-9447-016634849241;433.09;0.01;SELL
2016-02-28T00:00:07.050000;2016-02-28T00:00:07.120000;95e3f328-8d6f-4f56-8b2f-a2dd601c1367;433.09;0.19;SELL
2016-02-28T00:00:09.483000;2016-02-28T00:00:09.540000;9267fd6f-aabb-4776-a93e-e04092e87286;433.09;0.2;SELL
2016-02-28T00:00:11.850000;2016-02-28T00:00:11.900000;17852c6e-090f-41de-9ce8-8eda27b6f350;433.09;0.2;SELL
2016-02-28T00:00:14.130000;2016-02-28T00:00:14.180000;113a8599-582e-4988-a5d8-0b039462ce17;433.09;0.2;SELL
2016-02-28T00:00:16.433000;2016-02-28T00:00:16.477000;f3769167-f6a4-4ee7-a6b1-d93a6c395c52;433.08;0.2;SELL
2016-02-28T00:00:18.857000;2016-02-28T00:00:18.900000;ed48b9e1-9e3d-485b-a95e-f969808c8a12;433.08;0.2;SELL
2016-02-28T00:00:21.130000;2016-02-28T00:00:21.180000;d1d8d6ab-18c5-46c7-88af-aa9061c4f92b;433.08;0.2;SELL
2016-02-28T00:00:23.407000;2016-02-28T00:00:23.463000;6516ff02-4935-4e55-9349-028bcd7211ec;433.09;0.2;SELL
2016-02-28T00:00:25.667000;2016-02-28T00:00:25.713000;fec6183d-29a1-4824-bea2-a9ea6f3156f0;433.08;0.2;SELL
2016-02-28T00:00:27.913000;2016-02-28T00:00:27.963000;b8d8da27-0974-4521-964d-823350131d49;433.09;0.2;SELL
2016-02-28T00:00:30.213000;2016-02-28T00:00:30.260000;c204598d-3df9-4364-9088-04f1c536000f;433.08;0.2;SELL
2016-02-28T00:00:31.730000;2016-02-28T00:00:31.777000;e08b978b-622c-4164-83d9-caa9bcdb64d7;433.1;0.01;BUY
2016-02-28T00:00:31.730000;2016-02-28T00:00:31.790000;0eca5890-e211-4316-a7a6-5b493dd22a5b;433.11;0.011;BUY
2016-02-28T00:00:31.730000;2016-02-28T00:00:31.790000;6106a420-1a35-4ecd-8c2c-f3ecfd1852fb;433.11;0.011;BUY
2016-02-28T00:00:31.730000;2016-02-28T00:00:31.790000;6d919526-a894-434b-bbf5-79ed2363b34a;433.13;0.01;BUY
2016-02-28T00:00:31.730000;2016-02-28T00:00:31.807000;748aec53-b0bb-4940-b4c9-8d072d878001;433.13;0.01;BUY
2016-02-28T00:00:31.730000;2016-02-28T00:00:31.853000;ee3a25cb-1224-417c-8780-be60372c7641;433.14;0.015;BUY
2016-02-28T00:00:31.730000;2016-02-28T00:00:31.870000;69fcf60d-0644-4d7a-b967-6aade4fba8ff;433.14;0.01;BUY
2016-02-28T00:00:31.730000;2016-02-28T00:00:31.870000;e87fd217-c978-4227-88db-3557499edada;433.15;0.01;BUY
2016-02-28T00:00:31.730000;2016-02-28T00:00:31.870000;e6e4af96-d517-4d47-802c-d2fe1eeba797;433.16;0.01;BUY
2016-02-28T00:00:31.730000;2016-02-28T00:00:31.870000;42d8297a-b80a-4a4d-867e-0471cbd2b7d9;433.16;0.01;BUY
2016-02-28T00:00:31.730000;2016-02-28T00:00:31.870000;e9dfdc84-0997-426e-81fc-8040d865ef82;433.17;0.01;BUY
2016-02-28T00:00:31.730000;2016-02-28T00:00:31.870000;d501f65a-8299-4597-9a64-c793e46e4fff;433.18;0.01;BUY
2016-02-28T00:00:31.733000;2016-02-28T00:00:31.870000;c0bfda87-eaec-4091-a0a3-18ef1837598e;433.18;0.01;BUY
2016-02-28T00:00:31.733000;2016-02-28T00:00:31.870000;ce684a44-8a6c-4a7c-9ea6-ab77bbf1d982;433.18;0.22594;BUY
2016-02-28T00:00:32.577000;2016-02-28T00:00:32.633000;8b4f2015-d6bc-446c-8e30-9e5f8681e676;433.1;0.01;SELL
2016-02-28T00:00:32.577000;2016-02-28T00:00:32.650000;e9bad7d5-8ef9-4ae5-8598-ed27703d2dca;433.09;0.01;SELL
2016-02-28T00:00:32.577000;2016-02-28T00:00:32.650000;fcc7cf76-f4c6-46dc-a740-d22c2ae8cbb3;433.09;0.18;SELL
2016-02-28T00:00:34.913000;2016-02-28T00:00:34.963000;11458d23-70ae-48e3-8025-b41322a40330;433.12;0.01;SELL
2016-02-28T00:00:34.913000;2016-02-28T00:00:34.977000;a5b96aef-5894-46dd-8fe5-26730997ea68;433.11;0.01;SELL
2016-02-28T00:00:34.913000;2016-02-28T00:00:34.977000;c45082eb-223f-454d-80ec-5242a8f95629;433.1;0.01;SELL
2016-02-28T00:00:34.913000;2016-02-28T00:00:34.977000;761d5c5b-035d-4dd1-801f-780e86434319;433.1;0.01;SELL
2016-02-28T00:00:34.913000;2016-02-28T00:00:35.010000;ab340f9e-f184-4178-9021-eecb132a01f6;433.09;0.011;SELL
2016-02-28T00:00:34.913000;2016-02-28T00:00:35.057000;245306ed-35f3-44a7-bd6f-a74e4b98635b;433.09;0.01;SELL
2016-02-28T00:00:34.913000;2016-02-28T00:00:35.057000;2a433312-05a4-4c07-93c3-1d20ffc54b7a;433.08;0.139;SELL
2016-02-28T00:00:37.237000;2016-02-28T00:00:37.417000;b428a3a9-c676-4305-bfb0-39736e21290c;433.13;0.01;SELL
2016-02-28T00:00:37.237000;2016-02-28T00:00:37.417000;abaa8630-dedc-4d9c-988c-0b0b217e719c;433.1;0.19;SELL
2016-02-28T00:00:39.497000;2016-02-28T00:00:39.540000;bc5eb9ff-1b70-4a8a-9df7-3e40cc452aa0;433.1;0.2;SELL
2016-02-28T00:00:41.733000;2016-02-28T00:00:41.790000;435a8d5e-756c-4de2-b3c5-6eaff548ebc4;433.11;0.01;SELL
2016-02-28T00:00:41.733000;2016-02-28T00:00:41.790000;27205a16-8cf8-4ba6-8b55-53a723ba93bb;433.1;0.6;SELL
2016-02-28T00:00:41.733000;2016-02-28T00:00:41.807000;3188b5d6-9c7f-4869-b0b8-2819a67b8e48;433.09;0.24;SELL
2016-02-28T00:00:41.733000;2016-02-28T00:00:41.807000;ace1a0a3-c98a-4bf9-b0e6-ddff6099fe02;433.09;0.1499;SELL
2016-02-28T00:00:52.677000;2016-02-28T00:00:52.743000;e0c496a8-b9c0-4905-b94e-0e68151640e8;433.16;0.1;BUY
2016-02-28T00:01:02.637000;2016-02-28T00:01:02.697000;dcb80088-bfca-4b86-841f-9cf209667403;433.15;0.03;BUY
2016-02-28T00:01:02.637000;2016-02-28T00:01:02.697000;38db7087-7efe-4ebe-9148-77d69ac13444;433.15;0.01;BUY
2016-02-28T00:01:02.637000;2016-02-28T00:01:02.713000;e06e0134-d7ff-4c48-8242-0e73e9b83fb4;433.16;0.17;BUY
2016-02-28T00:01:02.637000;2016-02-28T00:01:02.727000;77844149-4c8f-42ed-850c-7f755428f866;433.17;0.011;BUY
2016-02-28T00:01:02.637000;2016-02-28T00:01:02.727000;70a61e6b-ab06-40d9-92ef-38f0b5f9526a;433.17;4.05699;BUY
2016-02-28T00:01:32.200000;2016-02-28T00:01:32.243000;bbc78e2d-25b2-4ab4-9200-8f870327951a;433.18;0.21044;BUY
2016-02-28T00:02:02.320000;2016-02-28T00:02:02.370000;5126a37c-73cd-4def-8945-27eb2f82385b;433.18;0.01;SELL
2016-02-28T00:02:02.320000;2016-02-28T00:02:02.383000;9e8195c3-b329-4924-a19f-6396a59a19c4;433.17;0.01;SELL
2016-02-28T00:02:02.320000;2016-02-28T00:02:02.383000;fff5a909-405d-4c68-914c-d34c35b9ffc1;433.16;0.01;SELL
2016-02-28T00:02:02.320000;2016-02-28T00:02:02.400000;98dab9ae-7a37-443b-a0ac-0dc3c31e7b92;433.15;0.01;SELL
2016-02-28T00:02:02.320000;2016-02-28T00:02:02.400000;7ae86398-2b87-4fb1-a85b-d5b7f15e24ad;433.14;0.01;SELL
2016-02-28T00:02:02.320000;2016-02-28T00:02:02.477000;bfb12333-90d0-4025-afe2-4af373f6b1f4;433.14;0.05;SELL
2016-02-28T00:02:02.320000;2016-02-28T00:02:02.477000;336b37b4-52d3-4d4e-9219-fe06202bd1f2;433.13;0.01;SELL
2016-02-28T00:02:02.320000;2016-02-28T00:02:02.477000;5600e5e2-ecf0-4f88-af25-c7176b10641b;433.13;0.126;SELL
2016-02-28T00:02:02.323000;2016-02-28T00:02:02.477000;6b206371-4f01-4a6c-bfe8-532a7f097352;433.12;0.01;SELL
2016-02-28T00:02:02.323000;2016-02-28T00:02:02.477000;f489233d-62d6-4aa1-83f4-da52b1081f78;433.11;0.12;SELL
2016-02-28T00:02:02.323000;2016-02-28T00:02:02.477000;ed473a8b-a0dc-4abd-b683-588e76159046;433.1;0.6;SELL
2016-02-28T00:02:02.323000;2016-02-28T00:02:02.477000;6ac4e9c6-ba34-4c9d-9267-f8bfb4911322;433.09;1.00907;SELL
2016-02-28T00:02:32.273000;2016-02-28T00:02:32.323000;2c7e300e-b1fc-440a-b9bb-41ffc563c2ca;433.14;0.01;SELL
2016-02-28T00:02:32.273000;2016-02-28T00:02:32.337000;c15e9e79-6e18-4653-b63b-12d2b3fb3ffd;433.13;0.01;SELL
2016-02-28T00:02:32.273000;2016-02-28T00:02:32.337000;35822e59-9ddc-441a-aded-c8a8a6a906f9;433.13;0.074;SELL
2016-02-28T00:02:32.273000;2016-02-28T00:02:32.337000;88a03352-f67d-4492-b586-3b5a0e5d7e4a;433.12;0.01;SELL
2016-02-28T00:02:32.277000;2016-02-28T00:02:32.337000;e9213e5e-629d-48eb-b70f-58cf6545e286;433.11;0.01;SELL
2016-02-28T00:02:32.277000;2016-02-28T00:02:32.353000;0a55685f-0479-46f0-b836-cbdb41c5bad5;433.1;0.4;SELL
2016-02-28T00:02:32.277000;2016-02-28T00:02:32.353000;de7c8c54-e3ff-49c4-b327-a2287d91b90b;433.09;0.011;SELL
2016-02-28T00:02:32.277000;2016-02-28T00:02:32.353000;ff9d6f3b-a266-4033-8e79-455cfd932019;433.09;0.33479;SELL
2016-02-28T00:03:31.773000;2016-02-28T00:03:31.823000;110504d7-1c35-4a1b-9999-1fdde6200463;433.18;0.011;BUY
2016-02-28T00:03:31.773000;2016-02-28T00:03:31.837000;d3c2e4b5-a28b-4405-a3d9-4e4457ef1ae1;433.19;0.075;BUY
2016-02-28T00:03:31.773000;2016-02-28T00:03:31.837000;20c9c136-832a-4657-a154-935c4e764fe7;433.19;0.01;BUY
2016-02-28T00:03:31.773000;2016-02-28T00:03:31.853000;4e2c63c2-20a5-4044-a75b-5fedd71280cc;433.19;0.01;BUY
2016-02-28T00:03:31.773000;2016-02-28T00:03:31.853000;9674e90a-11d4-4d0b-ad62-aef91bb06821;433.2;0.00837;BUY
2016-02-28T00:04:01.600000;2016-02-28T00:04:01.650000;7a0f5484-2758-4c87-b429-16eb219cd05e;433.2;0.00163;BUY
2016-02-28T00:04:01.600000;2016-02-28T00:04:01.667000;8cc4f436-a278-49be-9f1e-2dca3655eb7a;433.21;0.042;BUY
2016-02-28T00:04:01.600000;2016-02-28T00:04:01.667000;e8ddcae5-cb4c-47e5-8321-3c9d8c5b0cc4;433.21;0.01;BUY
2016-02-28T00:04:01.600000;2016-02-28T00:04:01.667000;26f5651d-9704-4f6f-808f-8fb4a8404988;433.21;0.2603;BUY
2016-02-28T00:04:01.600000;2016-02-28T00:04:01.667000;e6c1b840-4555-453b-aec7-47bccba6d9af;433.21;0.99915;BUY
2016-02-28T00:04:32.030000;2016-02-28T00:04:32.073000;488df0be-d2a7-436f-a4e5-a115d30f893a;433.2;0.07115481;BUY
2016-02-28T00:04:32.030000;2016-02-28T00:04:32.087000;f8d3eb02-983a-4f9b-8e99-c6dbf9c78b69;433.2;0.11;BUY
2016-02-28T00:04:32.030000;2016-02-28T00:04:32.087000;72bf147a-6f1d-427e-9f40-38df3ea686c7;433.21;0.02033519;BUY
2016-02-28T00:05:01.430000;2016-02-28T00:05:01.463000;582adab6-2b24-4767-b05b-fa7ff625b96d;433.19;0.01;SELL
2016-02-28T00:05:01.430000;2016-02-28T00:05:01.480000;bf70b087-9c5e-4072-9566-18f114a9f12c;433.18;0.01;SELL
2016-02-28T00:05:01.430000;2016-02-28T00:05:01.493000;ca6f0cce-fb27-4b7c-a906-c498f4c48b9f;433.17;0.01;SELL
2016-02-28T00:05:01.430000;2016-02-28T00:05:01.493000;2b4ec042-8c7f-4040-8da5-eb9dd2bf271c;433.16;0.01;SELL
2016-02-28T00:05:01.430000;2016-02-28T00:05:01.493000;fa7008f4-38ee-4aae-9bf8-71ea84d04f69;433.15;0.01;SELL
2016-02-28T00:05:01.430000;2016-02-28T00:05:01.573000;6fc8170f-15fc-4c67-8dec-d1b6a4720310;433.15;0.01963;SELL
2016-02-28T00:05:31.563000;2016-02-28T00:05:31.603000;71b7b6c8-f387-4995-adeb-bb05316067a9;433.17;0.99929;BUY
2016-02-28T00:06:15.863000;2016-02-28T00:06:15.963000;e0754588-ad02-4459-9894-2f811c76a384;433.17;0.08563;BUY
2016-02-28T00:06:32.313000;2016-02-28T00:06:32.370000;ed5fcff0-6735-440f-ac48-96c77024a980;433.16;0.011;SELL
2016-02-28T00:06:32.313000;2016-02-28T00:06:32.370000;df8ee694-90bd-425b-a5a5-6e5947e7042d;433.16;0.085;SELL
2016-02-28T00:06:32.317000;2016-02-28T00:06:32.370000;df82a4be-e1fa-429c-846f-92a874a9500a;433.15;0.011;SELL
2016-02-28T00:06:32.317000;2016-02-28T00:06:32.370000;946c5f94-5658-43be-813a-7e8e627451c8;433.14;0.012;SELL
2016-02-28T00:06:32.317000;2016-02-28T00:06:32.370000;346d2b8d-bb3e-4987-861f-08150ca91fae;433.13;0.012;SELL
2016-02-28T00:06:32.317000;2016-02-28T00:06:32.370000;fd1f24ec-1dfa-4d6d-95f3-be40b73c335e;433.12;0.012;SELL
2016-02-28T00:06:32.317000;2016-02-28T00:06:32.417000;6045ffda-c6f3-43b4-8039-127c9dfee62e;433.11;0.012;SELL
2016-02-28T00:06:32.317000;2016-02-28T00:06:32.417000;f50bc85c-bed2-4d50-bf1c-9433dcc435ee;433.11;0.09;SELL
2016-02-28T00:06:32.317000;2016-02-28T00:06:32.417000;8072e751-d77b-441b-8fb5-a200f6f37d24;433.1;0.012;SELL
2016-02-28T00:06:32.317000;2016-02-28T00:06:32.417000;411601e1-cfcc-4de6-9596-51d96531845d;433.1;0.12;SELL
2016-02-28T00:06:32.317000;2016-02-28T00:06:32.417000;bf5d6cde-479c-4e69-8dc3-07413e5a0027;433.08;4.81706;SELL
2016-02-28T00:07:01.647000;2016-02-28T00:07:01.680000;5cd3c34e-31be-43e2-b167-7f3f79bb9011;433.16;5.33873;BUY
2016-02-28T00:07:31.687000;2016-02-28T00:07:31.713000;c3750db2-0ad9-47a6-b5f9-7d5cdcdab6b7;433.16;0.19029;BUY
2016-02-28T00:08:01.710000;2016-02-28T00:08:01.743000;10d52af9-4fff-4a4d-93f3-b884c276e841;433.18;0.01;SELL
2016-02-28T00:08:01.710000;2016-02-28T00:08:01.760000;afa4d99a-5c7b-4637-b13c-7427f315ba1e;433.18;0.095;SELL
2016-02-28T00:08:01.710000;2016-02-28T00:08:01.760000;1e151727-4aa3-407a-891b-d4734ba03330;433.17;0.01;SELL
2016-02-28T00:08:01.710000;2016-02-28T00:08:01.760000;8c19b07c-63c6-4be4-b066-ebcfdb60ca43;433.16;0.01;SELL
2016-02-28T00:08:01.710000;2016-02-28T00:08:01.777000;22e13cd5-7edf-4428-8107-b0a8b3f3a349;433.15;0.01;SELL
2016-02-28T00:08:01.710000;2016-02-28T00:08:01.837000;e44bb417-bf92-4bd9-9aef-29a4e8057d7e;433.14;0.01;SELL
2016-02-28T00:08:01.710000;2016-02-28T00:08:01.837000;4a8d9449-487d-428d-beb9-9b1729657bc7;433.13;0.01;SELL
2016-02-28T00:08:01.710000;2016-02-28T00:08:01.837000;a26bb424-2761-4608-95ac-3a616e765567;433.13;0.108;SELL
2016-02-28T00:08:01.710000;2016-02-28T00:08:01.837000;b3a4514a-df27-4632-a449-4262e4445994;433.12;0.01;SELL
2016-02-28T00:08:01.710000;2016-02-28T00:08:01.837000;bfce43ec-8e89-4990-a107-409b48d85f3b;433.11;0.01;SELL
2016-02-28T00:08:01.710000;2016-02-28T00:08:01.837000;65b16587-5d88-4d05-901a-40f7a57a83ae;433.1;0.01;SELL
2016-02-28T00:08:01.710000;2016-02-28T00:08:01.837000;54cba7c5-3cef-4ccb-ae69-b9187d860bef;433.09;0.01;SELL
2016-02-28T00:08:01.710000;2016-02-28T00:08:01.837000;9dfb6210-6dba-4153-834c-181180892ce5;433.08;0.1954;SELL
2016-02-28T00:09:37.243000;2016-02-28T00:09:37.290000;4a196d9e-1603-4218-abb4-1630ca512de3;433.18;0.032;BUY
2016-02-28T00:09:37.243000;2016-02-28T00:09:37.290000;d4a7284b-46d8-475f-9a0a-50441e67c34c;433.2;0.76889;BUY
2016-02-28T00:10:40.140000;2016-02-28T00:10:40.167000;0b03c8cc-1a51-4e66-b3e7-9dfb72269556;433.22;0.01;BUY
2016-02-28T00:10:40.140000;2016-02-28T00:10:40.180000;fb7127af-1c3f-455d-b2b7-630648a904d2;433.22;0.01;BUY
2016-02-28T00:10:40.140000;2016-02-28T00:10:40.180000;6cf5b8c9-8d16-4236-bca8-9c1b67223bd3;433.22;0.075;BUY
2016-02-28T00:10:40.140000;2016-02-28T00:10:40.180000;05a894db-ce4a-45ef-8eed-cc759a82edc5;433.22;0.01;BUY
2016-02-28T00:10:40.140000;2016-02-28T00:10:40.197000;776e5369-ac81-4bda-9403-c3ab5c6eeed3;433.23;0.07;BUY
2016-02-28T00:10:40.143000;2016-02-28T00:10:40.277000;c9e1d055-3cca-476d-80fa-bc1065c5daaa;433.23;0.01;BUY
2016-02-28T00:10:40.143000;2016-02-28T00:10:40.277000;e17a6d34-5595-4d44-aa69-6035322c6dc9;433.23;0.13;BUY
2016-02-28T00:10:40.143000;2016-02-28T00:10:40.277000;3cf9ef2f-3034-4a4c-9571-e1b1fe5b2749;433.24;0.01;BUY
2016-02-28T00:10:40.143000;2016-02-28T00:10:40.277000;0c9524d5-3435-4acf-a4d3-c42caa84d5b6;433.24;0.01;BUY
2016-02-28T00:10:40.143000;2016-02-28T00:10:40.277000;173a92ee-5227-4ad4-90ba-10fc9c129b06;433.24;0.01;BUY
2016-02-28T00:10:40.143000;2016-02-28T00:10:40.277000;46b960b4-cda4-41ab-9618-6aa176823d73;433.24;0.03;BUY
2016-02-28T00:10:40.143000;2016-02-28T00:10:40.277000;4469795a-f325-4763-bfd2-ebc03f918152;433.24;0.61;BUY
2016-02-28T00:10:40.143000;2016-02-28T00:10:40.277000;0564285b-9c7c-4308-92c9-013cb0f3d9c4;433.25;0.01;BUY
2016-02-28T00:10:40.143000;2016-02-28T00:10:40.277000;2e6ef5d4-bca6-4ea4-8ba0-f0a30d485fdf;433.25;0.05;BUY
2016-02-28T00:10:40.143000;2016-02-28T00:10:40.277000;fecc45d5-592d-416b-94ea-cbd11066bb00;433.25;0.01;BUY
2016-02-28T00:10:40.143000;2016-02-28T00:10:40.290000;ef4838f3-e4ca-498e-9387-4b9592e5bda5;433.26;0.01;BUY
2016-02-28T00:10:40.143000;2016-02-28T00:10:40.290000;9df81649-485b-4151-9a54-5a685613ce9a;433.26;0.075;BUY
2016-02-28T00:10:40.143000;2016-02-28T00:10:40.290000;e1d77b02-fbfd-45bf-9cd5-9e23188f8cfd;433.26;1.36;BUY
2016-02-28T00:11:01.557000;2016-02-28T00:11:01.587000;02cb051f-9326-4868-b3db-072950d88ae4;433.23;0.017;SELL
2016-02-28T00:11:01.557000;2016-02-28T00:11:01.603000;d55fcf39-0d34-4a9f-b4ac-f592e9e6d0c4;433.22;0.017;SELL
2016-02-28T00:11:01.557000;2016-02-28T00:11:01.603000;140293f7-67c1-4368-8269-3a9189a7780c;433.21;0.016;SELL
2016-02-28T00:11:01.557000;2016-02-28T00:11:01.603000;be548f96-bfda-4309-8254-6953fcbbeadf;433.21;0.05;SELL
2016-02-28T00:11:01.560000;2016-02-28T00:11:01.620000;a92a49c5-7db0-43d1-8e51-541ade66956c;433.21;0.109;SELL
2016-02-28T00:11:01.560000;2016-02-28T00:11:01.683000;b28a65e8-5d29-43fe-883f-dca4a4a30391;433.2;0.016;SELL
2016-02-28T00:11:01.560000;2016-02-28T00:11:01.683000;785ae990-d7dd-48b0-9a4e-0c76f78c3337;433.19;0.01;SELL
2016-02-28T00:11:01.560000;2016-02-28T00:11:01.683000;41921063-defc-4606-a5da-bcd76e4937c1;433.19;0.17;SELL
2016-02-28T00:11:01.560000;2016-02-28T00:11:01.683000;f367902e-6138-46ea-9c30-ff45e731058c;433.18;0.01;SELL
2016-02-28T00:11:01.560000;2016-02-28T00:11:01.683000;9097e464-e333-4f78-97b2-694b175993a5;433.17;0.01;SELL
2016-02-28T00:11:01.560000;2016-02-28T00:11:01.683000;6e1e5a60-1516-4b7c-b4e6-1abb5e57468e;433.17;0.4;SELL
2016-02-28T00:11:01.560000;2016-02-28T00:11:01.683000;e1390b1a-8417-4ada-8b61-8c45533f62ec;433.16;0.01;SELL
2016-02-28T00:11:01.560000;2016-02-28T00:11:01.683000;b652fae0-ead2-4f16-a003-f9249d384c1b;433.16;0.105;SELL
2016-02-28T00:11:01.560000;2016-02-28T00:11:01.683000;ed797d49-5939-4bdd-875c-579fdb5cab29;433.16;1.4;SELL
2016-02-28T00:11:01.560000;2016-02-28T00:11:01.683000;b536624d-3d43-4a2b-9ca1-cb65fe612c9c;433.15;0.01;SELL
2016-02-28T00:11:01.560000;2016-02-28T00:11:01.683000;0fbe773e-eee9-4a0f-82de-7ef64bab2a0d;433.14;2.24839;SELL
2016-02-28T00:11:02.640000;2016-02-28T00:11:02.667000;8c6bfb7b-2d50-405d-9939-9b364f8abfa1;433.25;0.011;SELL
2016-02-28T00:11:05.540000;2016-02-28T00:11:05.573000;fd61b13f-d4bc-4e20-bd10-93366ebc0f50;433.26;0.05398282;BUY
2016-02-28T00:11:05.540000;2016-02-28T00:11:05.573000;f7296c89-70c5-45cf-b780-a89321f6418c;433.27;0.01;BUY
2016-02-28T00:11:05.540000;2016-02-28T00:11:05.573000;8857fbb7-d79d-4a9b-9788-a82786d204c5;433.28;0.01;BUY
2016-02-28T00:11:05.540000;2016-02-28T00:11:05.587000;ccf8498f-45bc-4509-aca2-7fb0ad371c44;433.28;0.01;BUY
2016-02-28T00:11:05.540000;2016-02-28T00:11:05.620000;a4507bb7-664f-4d8a-bb30-2c474d8974fe;433.28;0.00601718;BUY
2016-02-28T00:11:32.207000;2016-02-28T00:11:32.230000;76b068a4-0017-42c3-a65b-bff89d1f9b6f;433.27;0.075;BUY
2016-02-28T00:11:32.207000;2016-02-28T00:11:32.243000;2985a9d7-bcc6-4f37-adf5-c805bb87c6a3;433.28;0.00398282;BUY
2016-02-28T00:11:32.207000;2016-02-28T00:11:32.260000;5acc6b27-ad9f-4ec1-8864-a9c69585ac37;433.28;0.06;BUY
2016-02-28T00:11:32.207000;2016-02-28T00:11:32.260000;0325fa88-38c8-43ca-866b-cc3a639e7860;433.28;0.075;BUY
2016-02-28T00:11:32.207000;2016-02-28T00:11:32.260000;4f2deb4d-947b-4687-93fd-39b8e5a1f3a0;433.29;0.01;BUY
2016-02-28T00:11:32.207000;2016-02-28T00:11:32.337000;29723294-03fc-4f2d-a659-1308d4dfa6ab;433.29;0.01;BUY
2016-02-28T00:11:32.207000;2016-02-28T00:11:32.337000;dbc80384-f7d2-4b2d-87a8-fa5a922fe31c;433.29;0.07165;BUY
2016-02-28T00:11:32.207000;2016-02-28T00:11:32.337000;2cfa5c1a-ee94-4bbe-8726-d9ea94d52ff2;433.29;0.01;BUY
2016-02-28T00:11:32.207000;2016-02-28T00:11:32.337000;5e16a037-cb74-4892-9a76-37e4ff45adfc;433.29;0.01;BUY
2016-02-28T00:11:32.207000;2016-02-28T00:11:32.337000;0bac6f5f-c5bb-4f1c-bc77-2ab4ac81c5ed;433.29;0.01;BUY
2016-02-28T00:11:32.207000;2016-02-28T00:11:32.337000;e080f4ca-933d-4e0e-9248-965c2a41aafa;433.29;0.01;BUY
2016-02-28T00:11:32.207000;2016-02-28T00:11:32.337000;4702fa6f-31d7-4f25-8ff6-b23267e57322;433.29;0.05;BUY
2016-02-28T00:11:32.207000;2016-02-28T00:11:32.337000;5706a22e-8c28-454c-92c3-5695f14c40aa;433.29;0.17;BUY
2016-02-28T00:11:32.207000;2016-02-28T00:11:32.337000;df3c0e3c-61bb-4cc8-846f-1e312e15b887;433.3;0.01871979;BUY
2016-02-28T00:11:32.207000;2016-02-28T00:11:32.337000;d5c0f7ff-a17b-4cf6-b85c-2dc523152fe2;433.3;0.075;BUY
2016-02-28T00:11:32.207000;2016-02-28T00:11:32.370000;2dd15af7-86b4-4c89-9895-aca7af42bb21;433.3;0.01;BUY
2016-02-28T00:11:32.210000;2016-02-28T00:11:32.370000;0c8c46b3-45eb-40e0-8d3e-070a9168044b;433.31;0.01;BUY
2016-02-28T00:11:32.210000;2016-02-28T00:11:32.370000;385566f0-9623-40c1-8e21-3a04cb036690;433.31;0.01;BUY
2016-02-28T00:11:32.210000;2016-02-28T00:11:32.370000;06e1931f-b81d-4cb2-907d-5ab10297cf8b;433.31;0.01;BUY
2016-02-28T00:11:32.210000;2016-02-28T00:11:32.370000;3c7386d6-a606-4ea9-8c94-009e012816d4;433.31;0.037;BUY
2016-02-28T00:11:32.210000;2016-02-28T00:11:32.370000;cea49c20-e970-45ac-b158-8ad9ca655bab;433.31;0.01;BUY
2016-02-28T00:11:32.210000;2016-02-28T00:11:32.370000;b3eda01a-01f7-42c9-b13c-47ebc74bd46a;433.32;0.01;BUY
2016-02-28T00:11:32.210000;2016-02-28T00:11:32.370000;81f82aca-7061-4d93-848c-2f949db04cf5;433.32;0.05435;BUY
2016-02-28T00:11:32.210000;2016-02-28T00:11:32.370000;eb524db2-5447-4293-a581-161e4d8dcc87;433.32;0.01;BUY
2016-02-28T00:11:32.210000;2016-02-28T00:11:32.370000;300b15fd-213a-4471-be55-dde48a3f22c1;433.32;0.01;BUY
2016-02-28T00:11:32.210000;2016-02-28T00:11:32.370000;d06ca4a9-1239-4c33-919b-ae9da8c2f12e;433.32;0.13090739;BUY
2016-02-28T00:12:03.400000;2016-02-28T00:12:03.443000;6ab7535e-027d-4909-989d-8f163a373974;433.32;0.02;SELL
2016-02-28T00:12:03.400000;2016-02-28T00:12:03.457000;dba82d41-a59b-4211-b080-24f9c9bd9b98;433.32;0.05;SELL
2016-02-28T00:12:03.400000;2016-02-28T00:12:03.457000;6e7c54d1-2d10-40fa-9e38-f09d4f5b6a14;433.31;0.02;SELL
2016-02-28T00:12:03.400000;2016-02-28T00:12:03.457000;e0c2e126-c4d0-401c-9303-0ea51440b730;433.3;0.02;SELL
2016-02-28T00:12:03.400000;2016-02-28T00:12:03.490000;45f1014f-f8f6-4ffd-89ff-12e5bd0b98ee;433.29;0.01;SELL
2016-02-28T00:12:03.400000;2016-02-28T00:12:03.490000;0dfda038-c9bf-4c95-b3e1-9197fbd3fe4d;433.28;0.01;SELL
2016-02-28T00:12:03.400000;2016-02-28T00:12:03.490000;29097231-e12f-4fc3-9c04-abc1c1fef7ed;433.28;0.077;SELL
2016-02-28T00:12:03.400000;2016-02-28T00:12:03.553000;e72ecb91-489f-4dbb-acd6-1dc7bc1318b1;433.26;0.017;SELL
2016-02-28T00:12:03.400000;2016-02-28T00:12:03.567000;1bd6e04c-424e-4d00-a755-4fdcd06120ad;433.25;0.006;SELL
2016-02-28T00:12:03.400000;2016-02-28T00:12:03.567000;a09bff96-7550-4520-8188-32201065d232;433.25;0.0115;SELL
2016-02-28T00:12:03.403000;2016-02-28T00:12:03.567000;149b1ece-0925-42ee-a39c-e68331e02631;433.24;0.017;SELL
2016-02-28T00:12:03.403000;2016-02-28T00:12:03.567000;15fd871d-ad44-41da-9fb1-d33ad69bb96f;433.23;0.06663;SELL
2016-02-28T00:12:35.513000;2016-02-28T00:12:35.567000;f2422eb2-31f6-4d69-a586-e9fb8ee7a7fd;433.32;0.05;SELL
2016-02-28T00:12:35.513000;2016-02-28T00:12:35.583000;04b513e4-cd7a-4b00-b88c-b140a86dbc53;433.27;0.118;SELL
2016-02-28T00:12:35.513000;2016-02-28T00:12:35.583000;993e338a-7063-4924-8e30-17806e20f5ae;433.24;0.01;SELL
2016-02-28T00:12:35.517000;2016-02-28T00:12:35.583000;1e025cd7-68fb-4088-aff2-ed3e38171d40;433.23;0.49754;SELL
2016-02-28T00:13:01.930000;2016-02-28T00:13:01.973000;6bc21918-8f45-4b02-8cd6-0ba1c2e27385;433.33;0.01;BUY
2016-02-28T00:13:01.930000;2016-02-28T00:13:01.990000;709ac2a0-6704-4505-a977-3ced6b9e55d2;433.33;0.29243;BUY
2016-02-28T00:13:31.570000;2016-02-28T00:13:31.613000;702cfbaa-c322-4968-829e-88a4c9c29ea5;433.33;0.07005278;BUY
2016-02-28T00:13:31.570000;2016-02-28T00:13:31.630000;6da899d9-838f-4e9b-9986-63762ee35982;433.33;0.05;BUY
2016-02-28T00:13:31.570000;2016-02-28T00:13:31.630000;0924372f-2440-45f8-9be5-0a1dff504e29;433.33;0.01;BUY
2016-02-28T00:13:31.570000;2016-02-28T00:13:31.630000;479d0ca2-5367-425b-81d2-3777cda840a8;433.33;0.019;BUY
2016-02-28T00:13:31.570000;2016-02-28T00:13:31.647000;b1064096-e0dd-4893-b800-6644a5e63bc3;433.33;0.59979722;BUY
2016-02-28T00:14:34.920000;2016-02-28T00:14:34.957000;c81f73db-c43c-4b24-b77b-7e01cc002a58;433.33;0.015;SELL
2016-02-28T00:14:34.920000;2016-02-28T00:14:34.973000;ed01e01b-4929-42eb-a382-6af07559447f;433.33;0.05;SELL
2016-02-28T00:14:34.920000;2016-02-28T00:14:34.973000;f3ccabd3-24d1-4c9f-8740-47ee5380fcc7;433.32;0.016;SELL
2016-02-28T00:14:34.920000;2016-02-28T00:14:34.990000;ddd8cdf8-5e0f-42be-9d25-05332b6c3c29;433.32;0.025;SELL
2016-02-28T00:14:34.920000;2016-02-28T00:14:34.990000;ec74cc79-0b7e-4dd5-8ea1-d09bf745a192;433.31;0.017;SELL
2016-02-28T00:14:34.920000;2016-02-28T00:14:34.990000;ec98a9ff-80ae-4244-a1c5-6a0fd473b62c;433.3;0.017;SELL
2016-02-28T00:14:34.920000;2016-02-28T00:14:34.990000;69aba219-2512-4078-820b-a86b1b962688;433.29;0.017;SELL
2016-02-28T00:14:34.920000;2016-02-28T00:14:35.003000;f0beaa17-d7c4-491a-a2f4-301bb8b858ba;433.28;0.017;SELL
2016-02-28T00:14:34.920000;2016-02-28T00:14:35.020000;19ece841-5140-432e-a697-8412fbac9569;433.28;0.097;SELL
2016-02-28T00:14:34.920000;2016-02-28T00:14:35.020000;3c399d1c-d7b8-4dbb-82d1-e89ca557027f;433.27;0.017;SELL
2016-02-28T00:14:34.920000;2016-02-28T00:14:35.020000;0a82c88d-ff28-4e8c-9d0b-790fb10a4d2c;433.26;0.017;SELL
2016-02-28T00:14:34.920000;2016-02-28T00:14:35.020000;765b8f84-9191-465d-b840-1afe04562405;433.25;0.018;SELL
2016-02-28T00:14:34.920000;2016-02-28T00:14:35.020000;3a322627-5f6d-4abe-912f-09a0f8ab1a6d;433.25;0.01;SELL
2016-02-28T00:14:34.920000;2016-02-28T00:14:35.037000;ae8f189c-db4c-400a-8f76-64955462f0da;433.24;0.43471;SELL
2016-02-28T00:15:31.530000;2016-02-28T00:15:31.567000;a28be67d-9592-473e-8dba-767cf33afda8;433.31;0.075;BUY
2016-02-28T00:15:31.530000;2016-02-28T00:15:31.583000;db4a24de-c62c-4fc5-9726-c753f2a27b3d;433.33;0.04615;BUY
2016-02-28T00:15:53.510000;2016-02-28T00:15:53.553000;23f4369f-2720-490a-99d6-25927b0019a2;433.32;0.015;SELL
2016-02-28T00:15:53.510000;2016-02-28T00:15:53.567000;ffef2986-2f96-4475-8785-d283d55e9c34;433.31;0.015;SELL
2016-02-28T00:15:53.510000;2016-02-28T00:15:53.567000;a49f8cfd-a33f-43f0-87d0-11e8ade20ff4;433.3;0.014;SELL
2016-02-28T00:15:53.510000;2016-02-28T00:15:53.567000;8afa5794-984a-4ef8-b3f0-7735c860895a;433.29;0.014;SELL
2016-02-28T00:15:53.510000;2016-02-28T00:15:53.583000;3b74c09c-cec1-41ab-b9ea-4555aa6c346f;433.28;0.015;SELL
2016-02-28T00:15:53.510000;2016-02-28T00:15:53.660000;686bd49e-49ab-4b5d-b6f4-185058d60f21;433.27;0.014;SELL
2016-02-28T00:15:53.510000;2016-02-28T00:15:53.660000;c215508c-cddd-4944-801e-c2d4486ea57d;433.27;0.096;SELL
2016-02-28T00:15:53.513000;2016-02-28T00:15:53.660000;c9101871-12e4-4c1d-9e70-020f7a4556a1;433.26;0.014;SELL
2016-02-28T00:15:53.513000;2016-02-28T00:15:53.660000;675f402e-4d38-417c-8686-7d71b462e7f9;433.25;0.014;SELL
2016-02-28T00:15:53.513000;2016-02-28T00:15:53.660000;64affa97-7233-4f6d-ac76-31e40acb0010;433.24;0.014;SELL
2016-02-28T00:15:53.513000;2016-02-28T00:15:53.660000;3cc30ce2-725a-4c81-9221-6e33576df671;433.23;0.388479;SELL
2016-02-28T00:15:54.510000;2016-02-28T00:15:54.553000;3d7d180b-7b7e-4128-8634-79613f639faa;433.33;0.011;SELL
2016-02-28T00:16:01.727000;2016-02-28T00:16:01.770000;b1eb14b0-795b-4e06-94ba-5906f8d33eb5;433.34;0.01;BUY
2016-02-28T00:16:01.727000;2016-02-28T00:16:01.787000;24f56b22-e202-4e5e-a2a3-e2362488810c;433.34;0.09;BUY
2016-02-28T00:16:01.727000;2016-02-28T00:16:01.787000;997ae955-65af-41d3-8625-d92f55f458df;433.35;0.01;BUY
2016-02-28T00:16:01.727000;2016-02-28T00:16:01.787000;d07a9d64-93bc-4bb4-a175-8f4838919f3d;433.35;0.01881;BUY
2016-02-28T00:16:01.727000;2016-02-28T00:16:01.803000;ebf7d18e-0f89-49ac-ac13-5d1e0de6acb2;433.35;0.01619;BUY
2016-02-28T00:16:31.903000;2016-02-28T00:16:31.957000;5da21e7b-8317-42ce-b59d-ec6e6fb4c71d;433.34;0.075;BUY
2016-02-28T00:16:31.903000;2016-02-28T00:16:31.957000;76a88e49-d160-4839-95cb-0ed4cbb25473;433.34;0.591;BUY
2016-02-28T00:16:31.903000;2016-02-28T00:16:31.973000;af3947f9-e760-47b0-b7d8-ba9e2ba46f9d;433.35;0.05881;BUY
2016-02-28T00:16:31.903000;2016-02-28T00:16:31.973000;c03b02a4-c9d2-425d-83b4-a385c6e40cf8;433.35;0.075;BUY
2016-02-28T00:16:31.903000;2016-02-28T00:16:32.003000;ac2ee33d-3342-41e7-86a2-81e51b0c833c;433.35;0.01;BUY
2016-02-28T00:16:31.903000;2016-02-28T00:16:32.003000;600c7db5-13ab-4dfd-aa1d-2798aa73bb2e;433.35;0.052;BUY
2016-02-28T00:16:31.903000;2016-02-28T00:16:32.003000;f8772a52-b0d6-44a9-94d5-1f4c71e92ec4;433.35;2.78069;BUY
2016-02-28T00:17:08.953000;2016-02-28T00:17:08.990000;fc094d1c-e185-43c5-bdc7-dcb8e8caf083;433.35;0.14519;BUY
2016-02-28T00:17:31.467000;2016-02-28T00:17:31.507000;ef3f30ef-0fb3-49a1-81d1-c9e2b4f9d6cf;433.35;0.05;BUY
2016-02-28T00:17:34.600000;2016-02-28T00:17:34.630000;193b4c17-03a0-499f-9a77-d34d5a7453b2;433.35;0.22549;BUY
2016-02-28T00:18:04.043000;2016-02-28T00:18:04.100000;4bda849a-19d0-40c4-97b2-dd25378f100a;433.34;0.016;SELL
2016-02-28T00:18:04.043000;2016-02-28T00:18:04.100000;d5ab6e45-8a4e-482a-8bad-778437b08346;433.34;4.54167;SELL
2016-02-28T00:18:31.890000;2016-02-28T00:18:31.927000;eb4bb4f1-c792-4e4e-b520-8d9a26f42918;433.33;0.003;SELL
2016-02-28T00:18:31.890000;2016-02-28T00:18:31.943000;14246b93-3739-4cb6-9094-57842810e525;433.25;0.4;SELL
2016-02-28T00:18:31.890000;2016-02-28T00:18:31.943000;0dc726bb-554d-4f4a-9da4-c200abf58ede;433.24;0.011;SELL
2016-02-28T00:18:31.890000;2016-02-28T00:18:31.943000;a153fac8-f0f3-472f-bbba-38b61c0ae9c4;433.24;0.2;SELL
2016-02-28T00:18:31.890000;2016-02-28T00:18:31.943000;1b7ed5eb-2482-432a-8bf8-dfd33e570159;433.23;0.306521;SELL
2016-02-28T00:18:31.890000;2016-02-28T00:18:31.943000;0430210f-ff9f-490c-81e8-b05a6c00dc79;433.23;0.213409;SELL
2016-02-28T00:19:17.957000;2016-02-28T00:19:17.990000;ab07f5af-7b81-46ca-9d76-e38e306bd661;433.25;0.05;BUY
2016-02-28T00:19:22.200000;2016-02-28T00:19:22.223000;75482bb6-c8c2-4efa-be38-d287851f1a6b;433.24;0.011;SELL
2016-02-28T00:19:22.200000;2016-02-28T00:19:22.240000;e4f4777a-77ed-4e36-9064-62ad184fa853;433.24;0.199;SELL
2016-02-28T00:19:31.890000;2016-02-28T00:19:31.927000;4452b6b8-0095-48b9-aaa9-2daed15ec0e2;433.25;0.70138;BUY
2016-02-28T00:19:35.430000;2016-02-28T00:19:35.457000;daf4b06e-46cc-4bb6-9078-aeb9c06f5c10;433.24;0.012;SELL
2016-02-28T00:19:35.430000;2016-02-28T00:19:35.490000;08e1e69b-70d9-4cc6-8f3b-f0932c6f8491;433.24;0.04190081;SELL
2016-02-28T00:19:35.480000;2016-02-28T00:19:35.507000;ce7c6e44-2922-49c5-a580-15152aa46518;433.24;0.05389442;SELL
2016-02-28T00:20:46.933000;2016-02-28T00:20:46.957000;ed239614-3482-4bba-b345-c31d693cf22a;433.25;0.22564;BUY
2016-02-28T00:21:04.630000;2016-02-28T00:21:04.647000;d17395de-fe95-4fbf-bb05-ffe2bcb0f26e;433.25;0.62536;BUY
2016-02-28T00:21:32.100000;2016-02-28T00:21:32.113000;aa1e7f1c-aac5-4ebf-8d04-e288b1d36e1a;433.24;0.011;SELL
2016-02-28T00:21:32.100000;2016-02-28T00:21:32.130000;4433d7b3-c379-4840-9a87-350fee410802;433.24;0.73442;SELL
2016-02-28T00:22:02.467000;2016-02-28T00:22:02.490000;1b4c5384-6b71-4d44-b1ba-21ba174ab860;433.24;0.45787;BUY
2016-02-28T00:22:32.317000;2016-02-28T00:22:32.333000;ea63e909-cdb4-4b55-8b8d-cd7efb1add40;433.24;0.22025;BUY
2016-02-28T00:23:34.363000;2016-02-28T00:23:34.380000;e185d6da-9545-4e68-b6c3-ea58d9c37976;433.24;0.46007;BUY
2016-02-28T00:24:02.027000;2016-02-28T00:24:02.037000;89e5b60f-db08-4f67-b6cd-1b485bc1e357;433.23;0.5725;BUY
2016-02-28T00:24:34.000000;2016-02-28T00:24:34.020000;ac595d12-a218-45cc-ac16-0c4ac805a1eb;433.23;0.03366;BUY
2016-02-28T00:25:05.153000;2016-02-28T00:25:05.160000;88d5edd3-e498-4098-bfe8-90644e93bddd;433.22;8.95;SELL
2016-02-28T00:25:05.153000;2016-02-28T00:25:05.177000;88fd3129-084e-453a-acca-0f4b1fdfd18e;433.21;1.105;SELL
2016-02-28T00:25:05.157000;2016-02-28T00:25:05.177000;607b0b7f-6745-4ad4-95b2-88391739ba13;433.2;1.40415;SELL
2016-02-28T00:25:32.150000;2016-02-28T00:25:32.160000;b5d226ca-9458-4c4e-a6e2-0807e850aa14;433.21;0.18101;BUY
2016-02-28T00:26:02.213000;2016-02-28T00:26:02.240000;2996eed5-63a5-4584-9eb9-9dc2aac7fc6c;433.24;0.641;BUY
2016-02-28T00:26:02.213000;2016-02-28T00:26:02.240000;4a1106a2-38cb-45e2-9e10-a89d023503fa;433.24;1.18906;BUY
2016-02-28T00:26:32.350000;2016-02-28T00:26:32.363000;1e9c89b1-fb4d-4adc-939c-e1fb8da06a87;433.24;0.2362;BUY
2016-02-28T00:27:02.113000;2016-02-28T00:27:02.167000;d09d5acb-c678-4921-a8de-a8fa7e4a3c89;433.24;0.578;BUY
2016-02-28T00:28:32.093000;2016-02-28T00:28:32.150000;f38efcab-44c6-4b98-9a21-624b574e70e5;433.24;0.01524;BUY
2016-02-28T00:29:02.240000;2016-02-28T00:29:02.290000;d08f38b0-dac7-4845-bb95-cf227b6d17f9;433.24;0.49875;BUY
2016-02-28T00:30:03.000000;2016-02-28T00:30:03.087000;886d2aa3-1f38-4d6a-a34f-9cb46b0d6d4a;433.24;1.03566;BUY
2016-02-28T00:30:32.390000;2016-02-28T00:30:32.447000;97284411-c5ab-49e3-b05c-9137b9d5b0a9;433.24;0.2326;BUY
2016-02-28T00:31:36.243000;2016-02-28T00:31:36.290000;f08a40ec-4637-4862-a7db-0f95d869f374;433.24;0.18061;BUY
2016-02-28T00:32:00.317000;2016-02-28T00:32:00.370000;1f24b6ff-62bf-452e-8954-6ccb106175b9;433.23;0.011;SELL
2016-02-28T00:32:00.317000;2016-02-28T00:32:00.387000;f3feea1e-2350-49fc-85fe-bab8e0e18dff;433.22;0.012;SELL
2016-02-28T00:32:00.317000;2016-02-28T00:32:00.387000;2d2c3f4e-bde4-42d9-81a0-3dd5f75fadfb;433.22;1.0;SELL
2016-02-28T00:32:00.317000;2016-02-28T00:32:00.387000;a23157f8-586d-4c9e-b247-31d93131f713;433.21;0.012;SELL
2016-02-28T00:32:02.310000;2016-02-28T00:32:02.353000;440d4234-bb68-47ac-b0c4-7f0692436517;433.2;0.05319;SELL
2016-02-28T00:32:02.493000;2016-02-28T00:32:02.540000;30cc0438-ab38-4d22-bfcb-674e61290393;433.2;1.54266;SELL
2016-02-28T00:32:12.347000;2016-02-28T00:32:12.400000;381964af-58b4-4289-92f6-9269707e3ae9;433.16;0.01;SELL
2016-02-28T00:32:17.653000;2016-02-28T00:32:17.697000;37abb3db-b0b6-46f2-8a1d-6894e1de2509;433.15;0.011;SELL
2016-02-28T00:32:28.217000;2016-02-28T00:32:28.260000;408649ea-9735-4a3c-83fb-649f563e646c;433.1;0.01;SELL
2016-02-28T00:32:32.423000;2016-02-28T00:32:32.480000;d3a66951-6157-4e98-9639-8b759e9cf860;433.1;0.608;BUY
2016-02-28T00:32:32.423000;2016-02-28T00:32:32.493000;09b736ee-30a7-45f4-8342-482a9abec9ec;433.1;0.05;BUY
2016-02-28T00:32:32.423000;2016-02-28T00:32:32.493000;802420f4-97c4-4b32-bc52-1999ded1ffb7;433.1;0.1341;BUY
2016-02-28T00:32:32.427000;2016-02-28T00:32:32.493000;76d6b3bd-5fc5-45d9-9ecc-ed678425d94b;433.1;8.4;BUY
2016-02-28T00:32:32.427000;2016-02-28T00:32:32.510000;769a7b6a-102f-4bbe-a52a-86b5a41c5b3a;433.11;5.177;BUY
2016-02-28T00:32:32.427000;2016-02-28T00:32:32.510000;696b3e09-2332-405f-8b39-e546e6d94181;433.11;0.296;BUY
2016-02-28T00:32:32.427000;2016-02-28T00:32:32.510000;67309bbd-d8da-48c7-9d8f-5161badf852f;433.11;0.231;BUY
2016-02-28T00:32:32.427000;2016-02-28T00:32:32.527000;b7eeab15-b8e4-4922-8142-0c92275dd798;433.11;0.231;BUY
2016-02-28T00:32:32.427000;2016-02-28T00:32:32.527000;2250ff10-0c3e-4bec-a291-10fa4b4c7bd3;433.11;0.232;BUY
2016-02-28T00:32:32.427000;2016-02-28T00:32:32.527000;c7c90d63-bfe8-47a7-8206-65e0302d13b0;433.11;0.231;BUY
2016-02-28T00:32:32.427000;2016-02-28T00:32:32.540000;a52ba6bc-44d8-49a5-a550-e001d1c56666;433.11;0.232;BUY
2016-02-28T00:32:32.427000;2016-02-28T00:32:32.540000;68cc4581-e66c-479b-92be-cee6cfadc817;433.11;0.231;BUY
2016-02-28T00:32:32.427000;2016-02-28T00:32:32.540000;4ed890ea-5f21-4368-b2b5-e8c8e6591bf4;433.11;0.18572459;BUY
2016-02-28T00:32:32.427000;2016-02-28T00:32:32.540000;f8a318e4-3099-440f-b42e-6fdd895d748b;433.11;0.231;BUY
2016-02-28T00:32:32.427000;2016-02-28T00:32:32.557000;715c2fc9-af3b-422e-87f3-151c124a63c6;433.11;0.232;BUY
2016-02-28T00:32:32.427000;2016-02-28T00:32:32.557000;007f6e50-0264-4117-b7ea-69ba0fb243aa;433.15;8.4;BUY
2016-02-28T00:32:32.427000;2016-02-28T00:32:32.557000;bf3e31ee-bf87-4e42-8308-dc43daea25a4;433.15;0.63;BUY
2016-02-28T00:32:32.427000;2016-02-28T00:32:32.557000;74884f5a-8ae8-45d3-a2f4-9a678ca3958d;433.16;0.46;BUY
2016-02-28T00:32:32.427000;2016-02-28T00:32:32.573000;f812fc84-a311-458d-b38b-59e5877c9e83;433.16;0.10179541;BUY
2016-02-28T00:32:52.963000;2016-02-28T00:32:53.010000;ab214957-45ab-4fc4-a092-582c1c2ddf36;433.09;1.40757385;SELL
2016-02-28T00:32:53.950000;2016-02-28T00:32:53.993000;60feb40b-93e4-4725-8eb8-9ab143022b15;433.09;1.40757385;SELL
2016-02-28T00:32:54.930000;2016-02-28T00:32:54.980000;ff134b92-3604-4759-ab3e-5afe7a126d04;433.09;1.40757385;SELL
2016-02-28T00:32:55.240000;2016-02-28T00:32:55.290000;964cfde9-77b9-4e1c-b527-9f09df2370cf;433.09;1.40757385;SELL
2016-02-28T00:32:55.500000;2016-02-28T00:32:55.557000;6f908562-d4fc-4083-901c-5ee127da84e6;433.09;1.40757385;SELL
2016-02-28T00:33:02.773000;2016-02-28T00:33:02.823000;2122f860-a2be-4e95-9bd9-3ee96348ec77;433.1;0.014;BUY
2016-02-28T00:33:04.027000;2016-02-28T00:33:04.090000;7d263346-15ae-44ac-b73b-203a0917d326;433.1;0.386;BUY
2016-02-28T00:33:04.027000;2016-02-28T00:33:04.090000;3a1f8381-41df-49b3-9e42-449d317652be;433.1;0.529;BUY
2016-02-28T00:33:04.027000;2016-02-28T00:33:04.090000;fcbe83d4-163d-49a4-ab8c-1e3f82b8abac;433.1;0.15;BUY
2016-02-28T00:33:04.027000;2016-02-28T00:33:04.103000;ab3600a2-01cd-46d8-b9bd-eb2e34dd8293;433.11;0.60562;BUY
2016-02-28T00:33:32.783000;2016-02-28T00:33:32.823000;cafeca54-d289-4262-a4b9-b7c7c2eb62d9;433.09;1.15673;SELL
2016-02-28T00:34:02.550000;2016-02-28T00:34:02.590000;3bedf41e-7c67-4e76-af5e-786fcef7b59a;433.09;0.74540075;SELL
2016-02-28T00:34:02.550000;2016-02-28T00:34:02.603000;c8169744-f2fe-42fb-9ba8-c0abcb807453;433.07;0.01;SELL
2016-02-28T00:34:02.550000;2016-02-28T00:34:02.603000;43d12db6-e091-4b91-84be-6d77c9c72909;433.03;0.011;SELL
2016-02-28T00:34:02.550000;2016-02-28T00:34:02.603000;b718d7b7-4de5-4867-97d6-40b7ce4fdcd9;433.02;0.011;SELL
2016-02-28T00:34:02.550000;2016-02-28T00:34:02.620000;ca745e32-8ddd-4df1-98ac-366e312967f7;433.02;0.024;SELL
2016-02-28T00:34:02.550000;2016-02-28T00:34:02.697000;901d81d7-83f0-4ca9-a3c0-018520095f4c;433.02;0.179;SELL
2016-02-28T00:34:02.550000;2016-02-28T00:34:02.697000;8c76d47e-8a16-489d-9829-9e14f0ac45cf;433.01;0.023;SELL
2016-02-28T00:34:02.550000;2016-02-28T00:34:02.697000;bb3b350f-4be3-49f1-b5aa-08cdb9470f62;433.0;0.024;SELL
2016-02-28T00:34:02.550000;2016-02-28T00:34:02.697000;020830d4-32fa-456f-879e-02cb65e8d563;433.0;0.125;SELL
2016-02-28T00:34:02.550000;2016-02-28T00:34:02.697000;2306f70e-cb2a-4f84-89f7-ea142b6b10bf;432.99;0.023;SELL
2016-02-28T00:34:02.550000;2016-02-28T00:34:02.697000;8e4432e6-bdfe-4617-829b-ff8338e0b179;432.99;0.022;SELL
2016-02-28T00:34:02.550000;2016-02-28T00:34:02.697000;74478441-7e94-45db-9c3a-15c1024bdb75;432.99;0.021;SELL
2016-02-28T00:34:02.550000;2016-02-28T00:34:02.697000;a3d073bd-79d0-44c1-b497-61d3368d5d23;432.98;0.02;SELL
2016-02-28T00:34:02.550000;2016-02-28T00:34:02.697000;a26beaea-b6e7-4d42-8525-b7dd55957025;432.97;0.023;SELL
2016-02-28T00:34:02.550000;2016-02-28T00:34:02.697000;8a90b5a9-0c05-4b29-b02b-fc576485c6eb;432.97;0.022;SELL
2016-02-28T00:34:02.550000;2016-02-28T00:34:02.697000;45137683-3fa6-4b72-a408-9fd5813b5f92;432.97;0.02;SELL
2016-02-28T00:34:02.550000;2016-02-28T00:34:02.697000;11128689-c26f-495d-982c-6ad29e5352a0;432.97;0.019;SELL
2016-02-28T00:34:02.550000;2016-02-28T00:34:02.697000;e2574c43-7ae2-4a4f-a460-6cf63c56f9be;432.97;0.25095925;SELL
2016-02-28T00:34:08.580000;2016-02-28T00:34:08.620000;5c3bac62-051c-468d-b53d-c4c62a52fbea;432.99;0.01;SELL
2016-02-28T00:35:03.067000;2016-02-28T00:35:03.103000;a3d99c2e-05a5-4634-875d-c5602ff687b6;433.0;1.21186;BUY
2016-02-28T00:35:31.777000;2016-02-28T00:35:31.823000;6e2c07b2-bfef-4675-b1b7-3b46d4d0c4e2;432.99;0.01;SELL
2016-02-28T00:35:31.777000;2016-02-28T00:35:31.840000;5ce1cd56-cb34-4ad8-acd6-5b18495de9fd;432.98;0.011;SELL
2016-02-28T00:35:31.777000;2016-02-28T00:35:31.840000;c8946872-5292-4871-a4dc-9083e90a9a0d;432.97;0.07797;SELL
2016-02-28T00:36:02.383000;2016-02-28T00:36:02.417000;cda27a09-4859-4991-948a-126bd344fe50;432.99;0.0876;BUY
2016-02-28T00:36:02.383000;2016-02-28T00:36:02.433000;03a29d5c-5eee-4bf9-88fd-f6d6d1251c5a;432.99;0.232;BUY
2016-02-28T00:36:02.383000;2016-02-28T00:36:02.433000;2e0eb93f-4d6a-448a-9a36-91c86be33f4e;432.99;0.233;BUY
2016-02-28T00:36:02.383000;2016-02-28T00:36:02.447000;955b369f-6e2f-4d00-b431-417e159bda15;432.99;0.231;BUY
2016-02-28T00:36:02.383000;2016-02-28T00:36:02.447000;b6339b76-aad6-49b7-a9e7-b8f5592868ae;432.99;0.296;BUY
2016-02-28T00:36:02.383000;2016-02-28T00:36:02.447000;03988826-bd78-414a-92d0-89652abea861;432.99;0.232;BUY
2016-02-28T00:36:02.383000;2016-02-28T00:36:02.447000;7a52a81a-f251-4f36-b125-40c15bb3fc2a;433.0;1.18697;BUY
2016-02-28T00:36:32.400000;2016-02-28T00:36:32.433000;8009c93b-fae5-481a-ada9-e47690f75395;432.99;0.30107;BUY
2016-02-28T00:37:46.367000;2016-02-28T00:37:46.400000;b829ce17-2108-41f7-8e4f-bd490fc28c1b;432.99;0.1364496;BUY
2016-02-28T00:38:07.897000;2016-02-28T00:38:07.947000;0379e7db-3203-4b66-9be6-f3dc9374f455;432.99;0.97371;BUY
2016-02-28T00:38:16.907000;2016-02-28T00:38:16.933000;185d7bd7-b94e-47b9-81a0-243ce892cefd;432.98;0.01;SELL
2016-02-28T00:38:16.907000;2016-02-28T00:38:16.947000;5245b2a7-3baf-431c-b820-44c2f7406226;432.97;0.01;SELL
2016-02-28T00:38:16.907000;2016-02-28T00:38:16.947000;8742c249-bed0-4a4c-a6dd-c9596bc0d48d;432.96;0.022;SELL
2016-02-28T00:38:16.907000;2016-02-28T00:38:16.947000;a369d058-47af-4846-8150-36da52be7680;432.96;0.019;SELL
2016-02-28T00:38:16.907000;2016-02-28T00:38:16.963000;3a7ba11e-3fa1-4d06-8f71-ca07e7ac4a54;432.96;0.018;SELL
2016-02-28T00:38:16.907000;2016-02-28T00:38:17.040000;f15d7234-7727-4214-8765-c8ce9e0d453c;432.95;0.011;SELL
2016-02-28T00:38:16.907000;2016-02-28T00:38:17.040000;e7dfed01-f888-4f67-820d-523082318ead;432.95;0.023;SELL
2016-02-28T00:38:16.907000;2016-02-28T00:38:17.040000;2ceb5223-cdcc-4331-9c18-54b1de66ebf1;432.95;0.021;SELL
2016-02-28T00:38:16.907000;2016-02-28T00:38:17.040000;46b0420b-0ea1-4512-9001-6ba24bf8769c;432.95;0.02;SELL
2016-02-28T00:38:16.907000;2016-02-28T00:38:17.040000;a879da78-796b-4fce-95fd-823bf711be0c;432.95;0.019;SELL
2016-02-28T00:38:16.907000;2016-02-28T00:38:17.040000;03ce0961-06d5-47be-a447-e0a406de8bdb;432.95;0.017;SELL
2016-02-28T00:38:16.907000;2016-02-28T00:38:17.040000;865ca31e-e5e3-49d4-94db-37c4142041b1;432.94;0.011;SELL
2016-02-28T00:38:16.907000;2016-02-28T00:38:17.040000;9b07058c-7a48-4a8d-8192-7f3349e9a127;432.94;0.022;SELL
2016-02-28T00:38:16.907000;2016-02-28T00:38:17.040000;10050ae4-e46a-4a54-af12-9f21ccc72465;432.94;0.019;SELL
2016-02-28T00:38:16.907000;2016-02-28T00:38:17.040000;30dcf0cc-6a0e-4334-82b6-ce8ae947d32a;432.94;0.008;SELL
2016-02-28T00:38:30.913000;2016-02-28T00:38:30.947000;43d92ee9-df14-4a51-8375-abf227372164;432.95;0.01;SELL
2016-02-28T00:38:30.913000;2016-02-28T00:38:30.963000;fc35891a-4471-4e1b-b959-700e2eea35cf;432.95;0.01;SELL
2016-02-28T00:38:30.913000;2016-02-28T00:38:31.010000;5aad28d5-2f50-41d1-9b36-5fadafcc5185;432.94;0.01;SELL
2016-02-28T00:38:30.913000;2016-02-28T00:38:31.010000;1532a6fc-7feb-43f5-9eb0-05a23c239634;432.94;0.016;SELL
2016-02-28T00:38:30.913000;2016-02-28T00:38:31.010000;e83fa08f-1f5e-4bd1-afe6-f81c15479309;432.94;0.016;SELL
2016-02-28T00:38:30.913000;2016-02-28T00:38:31.010000;18358508-81a3-458f-ab1d-ee2f279ef390;432.93;0.01;SELL
2016-02-28T00:38:30.913000;2016-02-28T00:38:31.010000;ca441f0d-002f-4bf9-bc01-49b0725f9bde;432.93;0.023;SELL
2016-02-28T00:38:30.913000;2016-02-28T00:38:31.040000;5f975737-8383-4f8c-bec3-61b0cf67697a;432.93;0.021;SELL
2016-02-28T00:38:30.913000;2016-02-28T00:38:31.040000;f35b457a-87f6-42b2-9b59-473fbec59163;432.93;0.017;SELL
2016-02-28T00:38:33.193000;2016-02-28T00:38:33.230000;8cbc1c9a-4322-40cd-a9bf-53f5fe4a3200;432.93;0.01;SELL
2016-02-28T00:38:33.193000;2016-02-28T00:38:33.243000;7d556b20-5f3a-4222-9d09-aae53d9ad44a;432.92;0.022;SELL
2016-02-28T00:38:33.193000;2016-02-28T00:38:33.243000;91ffde0e-a10d-4cdf-afa6-b18aeb70c99c;432.92;0.02;SELL
2016-02-28T00:38:33.197000;2016-02-28T00:38:33.243000;e27ca84c-a542-4c16-9d38-69bd7c8836ab;432.92;0.019;SELL
2016-02-28T00:38:33.197000;2016-02-28T00:38:33.243000;e53ce9cc-d5b9-4386-85ec-15151f1395ef;432.92;0.018;SELL
2016-02-28T00:38:33.197000;2016-02-28T00:38:33.260000;c0d85070-98c7-428d-b8bd-5c778fecce4a;432.92;0.016;SELL
2016-02-28T00:38:33.197000;2016-02-28T00:38:33.260000;ad0b4421-68fb-46b8-8cf0-a5bc058d2406;432.92;0.015;SELL
2016-02-28T00:38:33.197000;2016-02-28T00:38:33.260000;8a3580b9-dcf5-4a5f-b83a-b869a1763a62;432.91;0.021;SELL
2016-02-28T00:38:33.197000;2016-02-28T00:38:33.277000;60868113-da2d-450c-8d2d-0dd1c5d09ba0;432.91;0.017;SELL
2016-02-28T00:38:33.197000;2016-02-28T00:38:33.277000;4617f85a-493a-4dcd-ab37-3d699137e782;432.91;0.017;SELL
2016-02-28T00:38:33.197000;2016-02-28T00:38:33.277000;9d28e673-59ed-4a0b-b07a-a387f2a7b30b;432.91;0.016;SELL
2016-02-28T00:38:33.197000;2016-02-28T00:38:33.277000;d5979486-4617-4d2b-85ca-961e4a134f57;432.91;0.014;SELL
2016-02-28T00:38:33.197000;2016-02-28T00:38:33.290000;4ce89947-3e82-41c7-b984-008538b13e68;432.9;0.011;SELL
2016-02-28T00:38:33.197000;2016-02-28T00:38:33.290000;0da5f92a-cc0e-4ef1-9f2b-cf7bb6a1ac14;432.9;0.02;SELL
2016-02-28T00:38:33.197000;2016-02-28T00:38:33.290000;6f2a3832-1e96-47d8-9db4-d685f5aed451;432.9;0.019;SELL
2016-02-28T00:38:33.197000;2016-02-28T00:38:33.323000;dbb82235-92ff-40a2-bc97-5c741f051e11;432.9;0.018;SELL
2016-02-28T00:38:33.197000;2016-02-28T00:38:33.340000;28aa6bcb-2db5-4a57-b44a-44c1be0bd0ba;432.9;0.016;SELL
2016-02-28T00:38:33.197000;2016-02-28T00:38:33.340000;36cb0834-1cc7-417d-8bb9-60779e0bf1d0;432.9;0.015;SELL
2016-02-28T00:38:33.197000;2016-02-28T00:38:33.340000;e2a6c15f-2f1d-44bd-9ff7-b827b70fbd35;432.9;0.015;SELL
2016-02-28T00:38:33.197000;2016-02-28T00:38:33.340000;3b1bf741-b90b-49a3-bb02-d7eb88e0508f;432.9;0.013;SELL
2016-02-28T00:38:33.197000;2016-02-28T00:38:33.340000;40ab2f40-778a-4661-ba87-b4623b5592fa;432.89;0.017;SELL
2016-02-28T00:38:33.197000;2016-02-28T00:38:33.340000;cd6900a2-5ca0-463d-aa5c-86f600df2289;432.89;0.015;SELL
2016-02-28T00:38:33.197000;2016-02-28T00:38:33.340000;ad12822d-020d-40ee-b671-bc55bce154e7;432.89;0.013;SELL
2016-02-28T00:38:33.370000;2016-02-28T00:38:33.400000;96d79aca-7ba7-40a9-b741-48feb9d18d8e;432.99;0.29718;BUY
2016-02-28T00:38:35.800000;2016-02-28T00:38:35.840000;1fe9fab7-cfce-4b9c-9e51-4e5f7872c58b;432.9;0.011;SELL
2016-02-28T00:38:35.800000;2016-02-28T00:38:35.853000;b2d3721a-7112-487b-bb2e-fa04c991ed8e;432.89;0.8;SELL
2016-02-28T00:38:35.800000;2016-02-28T00:38:35.853000;28aacd4d-02d5-4667-b837-93c9a377660a;432.88;0.018;SELL
2016-02-28T00:38:35.800000;2016-02-28T00:38:35.853000;70cef0e4-f878-4e70-80d0-ecffed3df923;432.88;0.017;SELL
2016-02-28T00:38:35.800000;2016-02-28T00:38:35.853000;61c3ea4b-3d3e-4b1e-af0d-6a1ff67dcb95;432.88;0.016;SELL
2016-02-28T00:38:35.800000;2016-02-28T00:38:35.853000;a85fe3d1-b1fa-4deb-ad19-606e3fb1c81a;432.88;0.015;SELL
2016-02-28T00:38:35.800000;2016-02-28T00:38:35.853000;080914c1-14f2-4bb5-9c48-1133dda71b44;432.88;0.014;SELL
2016-02-28T00:38:35.800000;2016-02-28T00:38:35.870000;aae5b022-79c5-4e8d-bcbe-6963ada68426;432.88;0.014;SELL
2016-02-28T00:38:35.800000;2016-02-28T00:38:35.870000;d3c15ec9-74de-45df-9908-4cf4c7156740;432.88;0.013;SELL
2016-02-28T00:38:35.800000;2016-02-28T00:38:35.870000;72d94704-0bd0-4b25-9f4a-ad52e90d4cbf;432.88;0.8;SELL
2016-02-28T00:38:35.800000;2016-02-28T00:38:35.870000;fd2073b1-a79a-411c-8af1-a47410b7116d;432.87;0.011;SELL
2016-02-28T00:38:35.800000;2016-02-28T00:38:35.870000;2b04327a-76be-4e53-9415-a2078797e446;432.87;0.015;SELL
2016-02-28T00:38:35.800000;2016-02-28T00:38:35.900000;59f3d6f7-0bcb-4517-8f94-4c588e24e6c8;432.87;0.013;SELL
2016-02-28T00:38:35.800000;2016-02-28T00:38:35.900000;1f49e4db-fc81-4024-80a0-ae42699e7752;432.87;0.011;SELL
2016-02-28T00:38:35.800000;2016-02-28T00:38:35.900000;7c269984-0a5a-464c-8a6f-e32da007a949;432.87;0.011;SELL
2016-02-28T00:38:35.803000;2016-02-28T00:38:35.900000;04dfe7bb-221e-4555-839e-00fde32e4aa2;432.87;0.182;SELL
2016-02-28T00:38:35.803000;2016-02-28T00:38:35.917000;033f1a9c-5674-4abe-883e-0156cf0568e8;432.87;0.394;SELL
2016-02-28T00:38:36.427000;2016-02-28T00:38:36.463000;c8bf220e-9f12-4e1a-a4c3-dd99f872d214;432.89;0.2;SELL
2016-02-28T00:38:38.583000;2016-02-28T00:38:38.620000;114fe35b-24f0-40e4-9a98-d7613874fb74;432.88;0.011;SELL
2016-02-28T00:38:38.583000;2016-02-28T00:38:38.637000;e859e48a-17ea-4bda-a9c8-aed0c2cfbf0d;432.88;0.01;SELL
2016-02-28T00:38:38.583000;2016-02-28T00:38:38.637000;78584cbf-e843-467f-bbd4-b76b26f52f3d;432.87;0.4;SELL
2016-02-28T00:38:38.583000;2016-02-28T00:38:38.637000;37e302f0-9537-4228-bc48-2ca23cd7a6be;432.86;0.015;SELL
2016-02-28T00:38:38.583000;2016-02-28T00:38:38.637000;1cd51b8b-c662-4aaa-ad26-37b93c3eabb6;432.86;0.014;SELL
2016-02-28T00:38:38.583000;2016-02-28T00:38:38.637000;6c167a06-3e1a-4c96-ba97-dabb7cf12cba;432.86;0.014;SELL
2016-02-28T00:38:38.583000;2016-02-28T00:38:38.650000;b76df641-7587-44f1-8a65-7a97b2afcdea;432.86;0.013;SELL
2016-02-28T00:38:38.583000;2016-02-28T00:38:38.650000;7500e6ec-90e6-41fe-8dab-fe943f76a30c;432.86;0.012;SELL
2016-02-28T00:38:38.583000;2016-02-28T00:38:38.650000;8bde6b18-fc54-4cd7-8990-c4e7ac075712;432.86;0.012;SELL
2016-02-28T00:38:38.583000;2016-02-28T00:38:38.650000;3ebf373b-f412-4cdd-a1f4-e888a83da5a3;432.86;0.011;SELL
2016-02-28T00:38:38.583000;2016-02-28T00:38:38.650000;f5b3932e-a91c-4271-bc57-726d036d7876;432.86;0.103;SELL
2016-02-28T00:38:38.583000;2016-02-28T00:38:38.650000;1a5dacd0-189e-4c89-8beb-3741c45a41ec;432.86;0.4;SELL
2016-02-28T00:38:41.163000;2016-02-28T00:38:41.197000;fcdffdf6-e8f5-451c-ac41-e527c44520e6;432.85;0.013;SELL
2016-02-28T00:38:41.163000;2016-02-28T00:38:41.213000;329b06a0-47c3-468b-8d6a-e026bd8e9de6;432.85;0.013;SELL
2016-02-28T00:38:41.163000;2016-02-28T00:38:41.213000;f869e567-e00e-40dc-92ee-1c2b10da2e15;432.85;0.011;SELL
2016-02-28T00:38:41.163000;2016-02-28T00:38:41.213000;61156a56-c799-473e-a61b-126d6caef2a6;432.85;0.011;SELL
2016-02-28T00:38:41.163000;2016-02-28T00:38:41.213000;fe030261-600c-4270-9bcf-9513dce212a2;432.85;8.52;SELL
2016-02-28T00:38:41.163000;2016-02-28T00:38:41.213000;5ec34bad-65a6-4ee8-9c4e-b316da29893a;432.84;0.014;SELL
2016-02-28T00:38:41.163000;2016-02-28T00:38:41.230000;f6c88c1f-7a98-4711-a86f-a875bfbdd90b;432.84;0.014;SELL
2016-02-28T00:38:41.163000;2016-02-28T00:38:41.230000;69cb3f83-46a1-4210-bd42-ac078a261334;432.84;0.013;SELL
2016-02-28T00:38:41.163000;2016-02-28T00:38:41.230000;a5289492-7edb-42dc-a8b8-a040b82f2e06;432.84;0.011;SELL
2016-02-28T00:38:41.163000;2016-02-28T00:38:41.230000;fb2c06b0-af10-43ab-a84b-ffc331185f99;432.84;0.01;SELL
2016-02-28T00:38:41.163000;2016-02-28T00:38:41.243000;19bc4d83-e7fc-43a0-8711-da615da2bc76;432.83;0.012;SELL
2016-02-28T00:38:41.163000;2016-02-28T00:38:41.243000;702346d9-bb3e-4289-9a93-fd6cfbbe8556;432.83;0.012;SELL
2016-02-28T00:38:41.163000;2016-02-28T00:38:41.243000;00d8d874-4fa1-42bd-84c5-ae9eb3747b27;432.83;0.01;SELL
2016-02-28T00:38:41.163000;2016-02-28T00:38:41.243000;2456bbf0-1941-4469-83a1-358aab15836f;432.83;0.01;SELL
2016-02-28T00:38:41.163000;2016-02-28T00:38:41.243000;78a8cf4e-4344-4330-a05b-61926d785fcb;432.82;0.012;SELL
2016-02-28T00:38:41.163000;2016-02-28T00:38:41.260000;6588c2f1-1d12-428f-9f61-2f98eca809dd;432.82;0.011;SELL
2016-02-28T00:38:41.167000;2016-02-28T00:38:41.260000;40b50571-8d38-4883-a56f-d199c558b768;432.82;0.01;SELL
2016-02-28T00:38:41.167000;2016-02-28T00:38:41.277000;d5582e07-2624-494a-83f7-06c32f532a88;432.82;0.01;SELL
2016-02-28T00:38:41.167000;2016-02-28T00:38:41.277000;fb85f56a-b7c9-4964-bf9c-fc349ce13d79;432.82;0.24;SELL
2016-02-28T00:38:43.503000;2016-02-28T00:38:43.540000;705a8313-8bf7-4125-984d-98bcd7f88d8e;432.83;1.199;SELL
2016-02-28T00:38:43.503000;2016-02-28T00:38:43.540000;93a27fe0-0eac-48ac-bb23-c0a8049fe208;432.83;0.011;SELL
2016-02-28T00:38:43.503000;2016-02-28T00:38:43.557000;8ba1be92-4282-485f-bf81-a2b43e81b9ed;432.82;6.64175;SELL
2016-02-28T00:38:43.503000;2016-02-28T00:38:43.557000;d78ca40c-9bf9-4f1a-b9ac-a47670bc1d8f;432.81;0.012;SELL
2016-02-28T00:38:43.503000;2016-02-28T00:38:43.557000;1ef3b3c2-55c4-485c-b16e-38d924c18b9f;432.81;0.011;SELL
2016-02-28T00:38:43.503000;2016-02-28T00:38:43.557000;ce5fb433-b075-4663-b419-f9feac032758;432.81;0.01;SELL
2016-02-28T00:38:43.503000;2016-02-28T00:38:43.573000;905ccacc-f97b-4b01-98e1-b7e46a22284d;432.81;0.01;SELL
2016-02-28T00:38:43.503000;2016-02-28T00:38:43.573000;8962788d-3ddb-4410-9e0d-eff1ef10a96d;432.81;0.01;SELL
2016-02-28T00:38:43.503000;2016-02-28T00:38:43.573000;9432760a-84ac-4dfe-b300-8ef16ed463bf;432.8;0.0187335;SELL
2016-02-28T00:38:43.503000;2016-02-28T00:38:43.573000;b1c523e1-c854-4904-a576-fc743492a5db;432.8;0.01;SELL
2016-02-28T00:38:43.503000;2016-02-28T00:38:43.573000;069bcae9-cc56-4709-8dab-43ce990c5e64;432.8;0.01;SELL
2016-02-28T00:38:43.503000;2016-02-28T00:38:43.590000;a1e5e27a-2885-4b7e-8bf4-3db047d150d3;432.79;0.01;SELL
2016-02-28T00:38:43.503000;2016-02-28T00:38:43.590000;a102ec92-4142-479d-b6a3-0f1cc2e6a9a3;432.79;0.01;SELL
2016-02-28T00:38:43.503000;2016-02-28T00:38:43.590000;c459162d-f64b-4916-bdb3-999a6b8e9ce0;432.79;0.01;SELL
2016-02-28T00:38:43.507000;2016-02-28T00:38:43.590000;3e2428f6-50bd-4d4f-8938-ba28c1e97604;432.78;0.01;SELL
2016-02-28T00:38:43.507000;2016-02-28T00:38:43.603000;700f2201-f37b-46b4-ad61-e4b68023e7a1;432.78;0.01;SELL
2016-02-28T00:38:43.507000;2016-02-28T00:38:43.603000;efd1c7a5-ebd3-482f-bb3c-bf68f42f4a2c;432.78;0.01;SELL
2016-02-28T00:38:43.507000;2016-02-28T00:38:43.603000;3b125802-b528-44ec-a8e8-0919a9a10c91;432.77;0.01;SELL
2016-02-28T00:38:43.507000;2016-02-28T00:38:43.603000;5b4c5d85-4afc-405a-a4fd-d2db37f7a37c;432.77;0.01;SELL
2016-02-28T00:38:43.507000;2016-02-28T00:38:43.603000;e1ef70c3-f5be-4fba-9c5d-770ed9fbacef;432.77;0.01;SELL
2016-02-28T00:38:48.527000;2016-02-28T00:38:48.557000;bea3f322-9689-4bba-9672-2e4d761bd62b;432.78;0.01;SELL
2016-02-28T00:38:48.527000;2016-02-28T00:38:48.557000;b21736c4-ea94-4631-8961-1a149d928b8d;432.77;0.011;SELL
2016-02-28T00:38:50.947000;2016-02-28T00:38:50.980000;03859aea-04e2-452d-820d-6f22c843d782;432.76;0.01;SELL
2016-02-28T00:38:50.947000;2016-02-28T00:38:50.993000;f838f090-cbf3-4c1e-b378-b2e84f21ea73;432.76;0.01;SELL
2016-02-28T00:38:50.947000;2016-02-28T00:38:50.993000;5a144aec-46c7-4241-be96-e6fa6e06570b;432.76;0.01;SELL
2016-02-28T00:38:50.947000;2016-02-28T00:38:50.993000;ad3328cf-b99d-4f14-a152-672899dbc6bd;432.76;0.01;SELL
2016-02-28T00:38:50.947000;2016-02-28T00:38:51.010000;0bbc0917-9567-4924-9570-e41c202b82ba;432.75;0.01;SELL
2016-02-28T00:38:50.947000;2016-02-28T00:38:51.090000;7c81e3c0-aba5-4e17-a997-c388ef4c520b;432.75;0.01;SELL
2016-02-28T00:38:50.947000;2016-02-28T00:38:51.090000;8e591a68-469a-45d1-ab69-ac8f18f166ee;432.74;0.01;SELL
2016-02-28T00:38:50.947000;2016-02-28T00:38:51.090000;6f83e566-ab6c-4a0b-9123-01e86bcf544b;432.74;0.01;SELL
2016-02-28T00:38:50.947000;2016-02-28T00:38:51.090000;9becabc6-daaf-4481-8666-c2e5e1053f95;432.74;0.01;SELL
2016-02-28T00:38:50.947000;2016-02-28T00:38:51.090000;fd94cb50-f743-4118-918e-cbc66c2d00d2;432.73;0.01;SELL
2016-02-28T00:38:50.947000;2016-02-28T00:38:51.090000;3467d510-ac92-490b-a08f-561b68ada890;432.73;0.01;SELL
2016-02-28T00:38:50.947000;2016-02-28T00:38:51.090000;22c70475-784b-4097-a2f7-5d2bea63263e;432.73;0.01;SELL
2016-02-28T00:38:50.947000;2016-02-28T00:38:51.090000;ffbfc9f2-be5b-4d20-b15a-ad0cc888a778;432.72;0.01;SELL
2016-02-28T00:38:50.947000;2016-02-28T00:38:51.090000;5f8a4db3-b8eb-4ccf-8fd8-0b7f9f00bde3;432.71;0.01;SELL
2016-02-28T00:38:50.947000;2016-02-28T00:38:51.090000;8a578d77-7057-4fd6-b351-a0aed3ee7ece;432.71;0.01;SELL
2016-02-28T00:38:50.950000;2016-02-28T00:38:51.090000;0d4d4210-07fc-4749-aa6e-3023f5759e45;432.71;0.01;SELL
2016-02-28T00:38:50.950000;2016-02-28T00:38:51.090000;553f2243-4cbf-4572-8626-a15af1c60f93;432.71;0.11;SELL
2016-02-28T00:38:50.950000;2016-02-28T00:38:51.090000;d2cd4066-3d0f-4099-a2e3-037db8bd876d;432.69;0.01;SELL
2016-02-28T00:38:50.950000;2016-02-28T00:38:51.090000;214c4d69-8e89-43cc-a59d-0c70dc1f9547;432.69;0.01;SELL
2016-02-28T00:38:53.420000;2016-02-28T00:38:53.463000;2287acf3-5a12-4c52-82b1-5286f76c53f6;432.7;0.01;SELL
2016-02-28T00:38:53.420000;2016-02-28T00:38:53.463000;366138c8-087a-4032-93e3-dd33819770a0;432.7;0.01;SELL
2016-02-28T00:38:53.420000;2016-02-28T00:38:53.463000;a1d1cf44-5b4a-4bf6-bc1f-85fd96d77509;432.69;0.01;SELL
2016-02-28T00:38:53.420000;2016-02-28T00:38:53.463000;dbcafd4b-5d11-468d-b125-b84ab8c1c244;432.69;0.01;SELL
2016-02-28T00:38:53.420000;2016-02-28T00:38:53.463000;b153982e-e3f7-4729-9a26-bfdba3b94d98;432.68;0.011;SELL
2016-02-28T00:38:53.420000;2016-02-28T00:38:53.463000;51279ade-8a69-4cf1-9d0e-fbd8563fd715;432.67;0.01;SELL
2016-02-28T00:38:53.420000;2016-02-28T00:38:53.480000;756c7990-ec55-4979-8868-77c6153f11df;432.62;0.01;SELL
2016-02-28T00:38:53.420000;2016-02-28T00:38:53.480000;de19e37f-08f9-46b5-94a4-d1023469163c;432.62;0.01;SELL
2016-02-28T00:38:53.420000;2016-02-28T00:38:53.480000;50951e25-c074-4c67-8eec-fad972148a5c;432.62;0.01;SELL
2016-02-28T00:38:53.420000;2016-02-28T00:38:53.510000;538419b3-d85f-410c-9144-bbf795f73749;432.62;0.01;SELL
2016-02-28T00:38:53.420000;2016-02-28T00:38:53.510000;e107248d-7db8-40d1-925d-cc45f1a92df1;432.6;0.01874083;SELL
2016-02-28T00:38:53.420000;2016-02-28T00:38:53.510000;9f9a26b9-704b-4490-9ec9-a02171f70528;432.6;0.01;SELL
2016-02-28T00:38:53.420000;2016-02-28T00:38:53.510000;88fe3310-a39a-44bd-a8d0-968dcef3c2ef;432.6;0.01;SELL
2016-02-28T00:38:53.420000;2016-02-28T00:38:53.510000;396aa727-a1ca-4607-bc19-62fc87c4ab30;432.6;0.01;SELL
2016-02-28T00:38:53.420000;2016-02-28T00:38:53.510000;fd50eaf9-3474-4145-b90e-0582c5d5b4dc;432.6;0.01;SELL
2016-02-28T00:38:53.420000;2016-02-28T00:38:53.510000;b6d96347-f23b-420d-9613-0384e998e742;432.6;0.111;SELL
2016-02-28T00:38:53.420000;2016-02-28T00:38:53.527000;162a4776-de1f-4c41-bfa1-16ff67126401;432.59;0.01;SELL
2016-02-28T00:38:53.420000;2016-02-28T00:38:53.527000;4b8ba613-bf91-45ff-aca4-181cd5beb517;432.57;0.01;SELL
2016-02-28T00:38:53.420000;2016-02-28T00:38:53.527000;3b0d80df-7642-423e-85af-fa8a1878c976;432.55;0.02;SELL
2016-02-28T00:38:53.420000;2016-02-28T00:38:53.527000;ef30e37f-a691-4c21-bd04-9e8017b7bb5a;432.55;0.01;SELL
2016-02-28T00:38:53.420000;2016-02-28T00:38:53.540000;32bd5681-f4a4-41c9-a7a1-471e0d0ce166;432.53;8.31;SELL
2016-02-28T00:38:55.240000;2016-02-28T00:38:55.290000;97064ada-a969-49e5-ad1f-b7942781a35d;432.71;0.01;SELL
2016-02-28T00:38:57.480000;2016-02-28T00:38:57.527000;5e9104f6-5033-47fc-9f35-2dd113b1d93d;432.61;0.011;SELL
2016-02-28T00:38:57.480000;2016-02-28T00:38:57.527000;5e0d2a5f-489a-4029-b164-68df65a2f110;432.6;0.01873948;SELL
2016-02-28T00:38:59.683000;2016-02-28T00:38:59.730000;8b832479-e7b0-429e-a55b-f64c6cd60e7e;432.55;0.01;SELL
2016-02-28T00:38:59.683000;2016-02-28T00:38:59.743000;88fe2024-0ba2-488a-9588-f6153962a530;432.54;0.01;SELL
2016-02-28T00:38:59.683000;2016-02-28T00:38:59.743000;1f4edb5d-f642-4014-bc8d-1d384b60e5f5;432.54;0.011;SELL
2016-02-28T00:38:59.683000;2016-02-28T00:38:59.743000;f534a095-b4f3-44a3-9aab-1a38c7d01cd1;432.53;0.011;SELL
2016-02-28T00:38:59.683000;2016-02-28T00:38:59.760000;ae22028f-8a18-48de-81f7-6228448583c4;432.5;0.01;SELL
2016-02-28T00:38:59.683000;2016-02-28T00:38:59.760000;4c5fe47c-88c3-46fa-a3a3-d09575b4e7e4;432.48;0.2758;SELL
2016-02-28T00:38:59.683000;2016-02-28T00:38:59.760000;f5ea2f55-c4a1-464f-9c57-2ef4a73e3ffe;432.48;0.01;SELL
2016-02-28T00:38:59.683000;2016-02-28T00:38:59.760000;0f016cea-718a-4713-8678-a2c369c13ee5;432.42;0.01;SELL
2016-02-28T00:38:59.683000;2016-02-28T00:38:59.760000;e8040749-60bc-41e7-bee8-e8aa3aa1df9b;432.42;6.91186;SELL
2016-02-28T00:38:59.683000;2016-02-28T00:38:59.760000;d3fb4e5c-16bd-4c31-b1d3-3b0bc8609903;432.41;0.01;SELL
2016-02-28T00:38:59.683000;2016-02-28T00:38:59.760000;c6a109f2-408c-462d-96bf-f5507e044baf;432.41;0.01;SELL
2016-02-28T00:38:59.687000;2016-02-28T00:38:59.760000;88ed0492-d895-46cd-a79b-c7fc5770bd3e;432.41;0.01;SELL
2016-02-28T00:38:59.687000;2016-02-28T00:38:59.760000;d37a128b-faea-4084-b7f7-23309ee1e9c2;432.4;0.01;SELL
2016-02-28T00:38:59.687000;2016-02-28T00:38:59.760000;5ef684e6-a18c-419f-9e07-1cfe4f4dbfd9;432.4;0.01;SELL
2016-02-28T00:38:59.687000;2016-02-28T00:38:59.777000;fe888e56-ff11-441c-a46c-d148146ee3f3;432.4;0.01;SELL
2016-02-28T00:38:59.687000;2016-02-28T00:38:59.777000;8a533fed-381b-491a-9df0-322b83249759;432.4;0.01;SELL
2016-02-28T00:38:59.687000;2016-02-28T00:38:59.777000;82b70f95-a9f8-4ea3-aa7f-e40d3544e8e1;432.4;0.01;SELL
2016-02-28T00:38:59.687000;2016-02-28T00:38:59.777000;d4c47cea-39e5-437f-bc99-dbc7244976cf;432.4;0.01873948;SELL
2016-02-28T00:38:59.687000;2016-02-28T00:38:59.790000;fb293ccb-7609-44be-b8a7-e2cfac48550b;432.4;0.089;SELL
2016-02-28T00:38:59.687000;2016-02-28T00:38:59.790000;c46e3799-a724-4489-8779-b4fbb4730190;432.39;0.01;SELL
2016-02-28T00:38:59.687000;2016-02-28T00:38:59.790000;0fab5f0e-b88f-4c05-a7f9-60d3cee07b28;432.39;0.01;SELL
2016-02-28T00:38:59.687000;2016-02-28T00:38:59.807000;5df3028a-55c4-4bc9-a2b4-d0cc2048b510;432.38;0.01;SELL
2016-02-28T00:38:59.687000;2016-02-28T00:38:59.807000;83608f49-658b-481a-829d-3cb05555cb0c;432.38;0.01;SELL
2016-02-28T00:38:59.687000;2016-02-28T00:38:59.807000;66eff359-2afd-41fd-869a-e432ee8788c3;432.38;0.01;SELL
2016-02-28T00:38:59.687000;2016-02-28T00:38:59.807000;921f9d6d-069f-4fdd-a1e5-a50cbd161d41;432.38;0.01;SELL
2016-02-28T00:38:59.687000;2016-02-28T00:38:59.807000;8f8f9ce0-05ea-41b9-a471-e9f3bfef83c6;432.38;0.01;SELL
2016-02-28T00:38:59.687000;2016-02-28T00:38:59.823000;b37876b1-6ac6-4f69-8faa-cef857693895;432.38;0.01;SELL
2016-02-28T00:38:59.687000;2016-02-28T00:38:59.823000;5522ad24-666b-4a0c-851a-57f5b2523ace;432.37;0.077;SELL
2016-02-28T00:38:59.687000;2016-02-28T00:38:59.823000;092cd433-b0dd-4d74-9d68-032cd607b847;432.36;0.1;SELL
2016-02-28T00:38:59.687000;2016-02-28T00:38:59.823000;f185e1e0-3b32-4498-b4e0-4124c1471599;432.32;0.081;SELL
2016-02-28T00:38:59.687000;2016-02-28T00:38:59.840000;70ee1017-9816-4733-b1dd-d300e026d3d2;432.3;0.023;SELL
2016-02-28T00:38:59.687000;2016-02-28T00:38:59.840000;7d278e16-5f68-4977-a037-7cf91e5a7691;432.27;0.01;SELL
2016-02-28T00:38:59.690000;2016-02-28T00:38:59.840000;e1e1ca50-6f3a-4408-8c99-2fd571afbf12;432.27;0.09160052;SELL
2016-02-28T00:39:02.180000;2016-02-28T00:39:02.213000;16b230e7-c22a-4e4c-a18f-07c8f679be1b;432.48;7.6332;BUY
2016-02-28T00:39:02.227000;2016-02-28T00:39:02.260000;f2f7cfe6-9f99-43b1-9a8d-02681a375118;432.43;0.01;SELL
2016-02-28T00:39:02.227000;2016-02-28T00:39:02.277000;d8a438d3-9189-4937-916f-802cc4f979bb;432.42;0.01;SELL
2016-02-28T00:39:02.227000;2016-02-28T00:39:02.277000;d4f3dbc1-d71c-4a4f-869d-09d024246b25;432.35;0.01;SELL
2016-02-28T00:39:02.227000;2016-02-28T00:39:02.277000;40a3fbcf-8743-445e-993e-1441f64fa714;432.33;0.097;SELL
2016-02-28T00:39:02.227000;2016-02-28T00:39:02.293000;eb18d66f-06be-4b65-8b15-fb851e8b866c;432.28;0.011;SELL
2016-02-28T00:39:02.227000;2016-02-28T00:39:02.293000;5f31fb3d-6cb4-441c-8b6d-9096486bbdca;432.24;0.015;SELL
2016-02-28T00:39:02.227000;2016-02-28T00:39:02.307000;afa5582f-3bf0-4366-955c-406239106e4b;432.17;0.106;SELL
2016-02-28T00:39:02.717000;2016-02-28T00:39:02.743000;b9bad53f-dab9-4f30-ac3b-7657d670b5fb;432.44;0.01;SELL
2016-02-28T00:39:04.550000;2016-02-28T00:39:04.573000;8ef74df3-b08d-4506-ac2d-4d25b87fbd81;432.13;0.011;SELL
2016-02-28T00:39:05.063000;2016-02-28T00:39:05.103000;305bc9c5-3fcc-4e43-bc8a-a484e4512a60;432.16;0.01;SELL
2016-02-28T00:39:05.063000;2016-02-28T00:39:05.103000;80f495f7-d1e8-4812-8cfa-40d7e75a6880;432.15;0.011;SELL
2016-02-28T00:39:05.957000;2016-02-28T00:39:05.980000;39e79750-af9a-47b7-bb61-d1886f9dcca1;432.16;0.011;SELL
2016-02-28T00:39:08.137000;2016-02-28T00:39:08.167000;018fe23f-69b1-4405-966c-3afdfe4b3ddd;432.18;0.011;SELL
2016-02-28T00:39:08.137000;2016-02-28T00:39:08.183000;d9eea92d-4425-4707-a52d-8786e08491ff;432.17;0.011;SELL
2016-02-28T00:39:08.137000;2016-02-28T00:39:08.183000;6ea73bf2-874e-4155-937a-91d9ab17a117;432.14;0.01;SELL
2016-02-28T00:39:08.137000;2016-02-28T00:39:08.183000;c8a2ef23-a84a-49c2-afd4-ebe7fee09775;432.1;8.961;SELL
2016-02-28T00:39:08.580000;2016-02-28T00:39:08.620000;2ac2148f-20e2-4c68-ae01-6887d1cc4e3e;432.16;0.011;BUY
2016-02-28T00:39:12.013000;2016-02-28T00:39:12.043000;c97e7390-0af1-4d87-90c8-3b000f7077ef;432.12;0.01;SELL
2016-02-28T00:39:12.013000;2016-02-28T00:39:12.057000;cb6e52ca-f83e-4a85-b749-cbb1ade5de78;432.12;0.01;SELL
2016-02-28T00:39:12.013000;2016-02-28T00:39:12.057000;be7471d2-2285-48fe-b4a6-584f7ad262fd;432.11;0.01;SELL
2016-02-28T00:39:12.013000;2016-02-28T00:39:12.057000;bcaa2a13-30f0-410d-ba27-65c078030152;432.1;7.819;SELL
2016-02-28T00:39:15.853000;2016-02-28T00:39:15.887000;28a278b3-3503-48e8-a6ce-6757a236ff55;432.09;0.02;SELL
2016-02-28T00:39:15.853000;2016-02-28T00:39:15.933000;e2055f27-8f84-4263-b76e-01b251c9c1eb;432.07;0.01;SELL
2016-02-28T00:39:19.483000;2016-02-28T00:39:19.527000;54e65ad1-ea03-447b-8723-c2b059c3104d;432.03;0.01;SELL
2016-02-28T00:39:19.483000;2016-02-28T00:39:19.527000;0db6af13-f418-48f2-a1a8-565fe94024c7;432.02;0.01;SELL
2016-02-28T00:39:19.483000;2016-02-28T00:39:19.527000;839419bc-515a-46ee-870b-70635e65aa92;432.01;0.011;SELL
2016-02-28T00:39:19.483000;2016-02-28T00:39:19.527000;2e01714b-23fb-4695-8175-0dc1bf993d33;432.0;0.01;SELL
2016-02-28T00:39:19.483000;2016-02-28T00:39:19.543000;db773914-589f-4b98-b792-cc589e77038b;432.0;0.01873948;SELL
2016-02-28T00:39:24.353000;2016-02-28T00:39:24.387000;b28fb8b3-0dc1-4997-8830-ea706b3ba5e0;431.99;0.01;SELL
2016-02-28T00:39:26.540000;2016-02-28T00:39:26.573000;96887479-460c-4320-b59d-b996d91ed39b;431.98;0.06197;SELL
2016-02-28T00:39:26.540000;2016-02-28T00:39:26.573000;97b31f76-aa89-4298-b722-243a0dbd04f7;431.92;0.1;SELL
2016-02-28T00:39:26.540000;2016-02-28T00:39:26.573000;92ef5993-1f05-40e1-9fb7-9c7ab113916d;431.9;0.25;SELL
2016-02-28T00:39:26.543000;2016-02-28T00:39:26.590000;d789f0f0-6334-4e43-b977-380f5f8e9a52;431.86;0.01;SELL
2016-02-28T00:39:26.543000;2016-02-28T00:39:26.620000;5ba316ad-b342-4f8c-abd0-3a4aca1697f1;431.8;0.01;SELL
2016-02-28T00:39:26.543000;2016-02-28T00:39:26.620000;72e34e1b-730e-4a90-907a-21b695761ccc;431.8;0.01873948;SELL
2016-02-28T00:39:26.543000;2016-02-28T00:39:26.620000;91fbc58c-0492-4411-9588-92578daaad38;431.71;0.01;SELL
2016-02-28T00:39:32.910000;2016-02-28T00:39:32.947000;efedb1f6-4af4-433f-96a4-2bcda31f2dab;431.71;0.01;SELL
2016-02-28T00:39:32.910000;2016-02-28T00:39:32.963000;ab1b7c09-1de7-4f98-8a98-5790fc3aabb1;431.7;0.01;SELL
2016-02-28T00:39:32.910000;2016-02-28T00:39:32.963000;65512fb4-2e0a-4449-84b3-128fd6ebad5f;431.7;0.011;SELL
2016-02-28T00:39:32.910000;2016-02-28T00:39:32.963000;ddcdd841-cf18-4699-8b9f-95a87a3cf0f1;431.7;0.01;SELL
2016-02-28T00:39:32.910000;2016-02-28T00:39:32.963000;2096419d-0e60-406c-bce3-d4084c36622b;431.69;0.01;SELL
2016-02-28T00:39:32.910000;2016-02-28T00:39:32.963000;c1568c42-1b22-4cbe-8e97-3dce3ee6ed1b;431.68;0.011;SELL
2016-02-28T00:39:32.913000;2016-02-28T00:39:32.963000;61a13c81-dbbb-4de7-9c24-09416ba9c17c;431.67;0.011;SELL
2016-02-28T00:39:32.913000;2016-02-28T00:39:32.963000;25e546ef-2fad-47dd-bb42-76790d515359;431.66;0.8;SELL
2016-02-28T00:39:35.113000;2016-02-28T00:39:35.150000;bafc320f-4559-42eb-8ee4-4c809d3e9105;431.66;0.01;SELL
2016-02-28T00:39:35.113000;2016-02-28T00:39:35.167000;3614a824-c79a-475f-aacd-54305c661619;431.65;0.01;SELL
2016-02-28T00:39:35.113000;2016-02-28T00:39:35.167000;888dc9d7-7bcc-479a-97fd-3168b7ae4de2;431.65;0.01;SELL
2016-02-28T00:39:35.113000;2016-02-28T00:39:35.167000;12624f43-5d35-472b-88be-bcfaf3ae165e;431.64;0.114;SELL
2016-02-28T00:39:35.113000;2016-02-28T00:39:35.167000;0f7156bb-6508-4045-a194-fe454f36bd9f;431.63;0.02;SELL
2016-02-28T00:39:35.113000;2016-02-28T00:39:35.167000;61690073-934b-4613-a19b-1cb4321f1639;431.6;0.01;SELL
2016-02-28T00:39:35.113000;2016-02-28T00:39:35.167000;4cf7a635-f9e4-4433-a31c-5442b7d776dd;431.6;0.01873948;SELL
2016-02-28T00:39:35.113000;2016-02-28T00:39:35.167000;1654f710-81a1-4b42-af62-d9757eedb3e4;431.56;0.1;SELL
2016-02-28T00:39:35.117000;2016-02-28T00:39:35.167000;84f8e908-9c05-4a3f-9122-2cec7eb60257;431.5;2.0;SELL
2016-02-28T00:39:35.117000;2016-02-28T00:39:35.197000;c37938eb-2c0a-4b63-88ba-5dee8a53657c;431.49;6.31226052;SELL
2016-02-28T00:39:36.557000;2016-02-28T00:39:36.603000;4a4d643c-377b-4e51-a725-635fa3437976;431.51;0.01;SELL
2016-02-28T00:39:38.750000;2016-02-28T00:39:38.793000;27614081-604c-4823-ad2b-3408fe76f277;431.52;0.01;SELL
2016-02-28T00:39:38.803000;2016-02-28T00:39:38.840000;83b602d4-9b6d-40ed-872e-3dfbdce41eb9;431.52;0.001;SELL
2016-02-28T00:39:38.803000;2016-02-28T00:39:38.840000;d6135079-d573-41ae-9b90-86dabbbda857;431.51;0.01;SELL
2016-02-28T00:39:38.803000;2016-02-28T00:39:38.870000;d2b471cd-fda8-4ea2-ac5a-12e0b9e99b99;431.51;0.011;SELL
2016-02-28T00:39:38.803000;2016-02-28T00:39:38.900000;ba73162b-28ef-415b-8d62-20ceb11d10c9;431.5;0.011;SELL
2016-02-28T00:39:38.803000;2016-02-28T00:39:38.900000;8eac65d9-d5e5-44b4-adae-39e92cef9ed6;431.47;0.01;SELL
2016-02-28T00:39:42.250000;2016-02-28T00:39:42.277000;a130686a-08b6-416f-8e6f-ab58dd069b20;431.42;0.01;SELL
2016-02-28T00:39:42.250000;2016-02-28T00:39:42.293000;3d2c4cd7-2c31-482d-91c1-fb13d9f14176;431.41;0.01;SELL
2016-02-28T00:39:42.250000;2016-02-28T00:39:42.293000;70d21b6c-c291-4c8d-871e-a4592af8a1c6;431.41;0.011;SELL
2016-02-28T00:39:44.693000;2016-02-28T00:39:44.730000;281b6b9f-7dd9-4cd6-b50f-484604f522e7;431.4;0.01;SELL
2016-02-28T00:39:44.693000;2016-02-28T00:39:44.730000;1933d501-9cb3-4c4c-9349-d6759d0e079e;431.4;0.01873948;SELL
2016-02-28T00:39:44.693000;2016-02-28T00:39:44.743000;e1bf0f29-3356-4196-8729-82652924450c;431.3;0.01;SELL
2016-02-28T00:39:44.693000;2016-02-28T00:39:44.743000;af87f473-019d-4f80-9279-dc9c97e7bfaf;431.25;0.01;SELL
2016-02-28T00:39:44.693000;2016-02-28T00:39:44.743000;02fe002e-212f-4304-b2a4-c018b4f79bf5;431.24;0.01;SELL
2016-02-28T00:39:44.693000;2016-02-28T00:39:44.743000;a3f4de88-7b60-4156-86f8-e996756cfdd5;431.23;0.01;SELL
2016-02-28T00:39:44.693000;2016-02-28T00:39:44.760000;efc38743-ebc6-4777-aa04-0b284ff32ca9;431.22;0.01;SELL
2016-02-28T00:39:44.693000;2016-02-28T00:39:44.760000;1494b712-6d64-4e00-85a5-81dc476d488b;431.2;0.02;SELL
2016-02-28T00:39:44.693000;2016-02-28T00:39:44.760000;99a801de-b260-4bb3-8f25-934f3541d36c;431.2;0.01873948;SELL
2016-02-28T00:39:44.693000;2016-02-28T00:39:44.760000;3b0fb06d-45ae-4540-a911-592695e8f26a;431.18;0.36338899;SELL
2016-02-28T00:39:44.693000;2016-02-28T00:39:44.777000;0254bc87-97a5-4051-892d-99e0bab25e7a;431.17;0.02;SELL
2016-02-28T00:39:44.693000;2016-02-28T00:39:44.777000;c0f9c975-7812-4eb5-9bf9-107618a5525e;431.12;0.01;SELL
2016-02-28T00:39:44.697000;2016-02-28T00:39:44.777000;deb178e6-58d6-4d1f-a04c-3fe3efa26b2a;431.1;0.01;SELL
2016-02-28T00:39:44.697000;2016-02-28T00:39:44.777000;c2db5865-d691-4865-b97f-6d033e58ee03;431.08;8.98;SELL
2016-02-28T00:39:44.697000;2016-02-28T00:39:44.777000;02eececa-7880-4cbc-8958-2c06ad6b085e;431.04;0.01;SELL
2016-02-28T00:39:44.697000;2016-02-28T00:39:44.777000;c5c0e417-d2a2-4606-863c-5ff5841c4d10;431.0;0.1;SELL
2016-02-28T00:39:44.697000;2016-02-28T00:39:44.777000;4993733f-0366-4790-a513-7ece97db0644;431.0;1.37713205;SELL
2016-02-28T00:39:46.170000;2016-02-28T00:39:46.213000;1ba93eef-8648-4913-8a0e-124218d692e9;431.04;0.01;SELL
2016-02-28T00:39:46.170000;2016-02-28T00:39:46.213000;696b631d-a70f-463b-9daa-5d147ad4b824;431.03;0.01;SELL
2016-02-28T00:39:48.007000;2016-02-28T00:39:48.043000;7a7b1528-bf02-4f1b-90bf-148f3a3ca2eb;431.05;0.01;SELL
2016-02-28T00:39:48.683000;2016-02-28T00:39:48.713000;4ccda1e7-90e9-4902-812d-77b672e3781c;431.07;0.01;SELL
2016-02-28T00:39:48.683000;2016-02-28T00:39:48.730000;e2053926-bf37-4ab7-b077-28b7c6d2d41c;431.07;0.01;SELL
2016-02-28T00:39:48.683000;2016-02-28T00:39:48.730000;055edf03-56d4-42bf-9cbd-cc6311d7eda0;431.06;0.01;SELL
2016-02-28T00:39:48.683000;2016-02-28T00:39:48.730000;41c677eb-6f07-4e5c-8d8a-e886ff28959e;431.05;0.011;SELL
2016-02-28T00:39:48.683000;2016-02-28T00:39:48.730000;01aba6ca-c10c-4014-acc4-adf4ba6420ec;431.04;0.011;SELL
2016-02-28T00:39:48.683000;2016-02-28T00:39:48.743000;0546d93b-9e46-44cc-ae69-b379c18741c3;431.04;0.011;SELL
2016-02-28T00:39:48.683000;2016-02-28T00:39:48.743000;f78df04f-665b-4c26-8e20-641d62183820;431.03;0.01;SELL
2016-02-28T00:39:48.683000;2016-02-28T00:39:48.743000;08f165e7-53c4-4206-b5ec-f14ede2b1d33;431.03;0.01;SELL
2016-02-28T00:39:48.683000;2016-02-28T00:39:48.743000;252d5a97-f43e-460c-acf3-857f5d7f811a;431.01;0.011;SELL
2016-02-28T00:39:48.683000;2016-02-28T00:39:48.743000;12444c4d-e06d-4026-9861-92b062f5f4f1;431.0;1.62286795;SELL
2016-02-28T00:39:48.683000;2016-02-28T00:39:48.743000;6ceb20ca-4538-4587-97f2-a1d699c919f5;430.99;0.01;SELL
2016-02-28T00:39:48.683000;2016-02-28T00:39:48.777000;0639889c-2900-4def-ab60-e60a344bfc99;430.99;0.01;SELL
2016-02-28T00:39:48.683000;2016-02-28T00:39:48.777000;a7ba9172-e59b-4145-9f0a-929f14f3cd57;430.98;0.01;SELL
2016-02-28T00:39:48.683000;2016-02-28T00:39:48.777000;cb67ef5a-9c90-4e0c-9011-e32697115e68;430.98;0.01;SELL
2016-02-28T00:39:48.683000;2016-02-28T00:39:48.777000;a5b19d45-1a24-4a49-aea4-ed1b24666107;430.98;0.01;SELL
2016-02-28T00:39:48.683000;2016-02-28T00:39:48.793000;fe89ca76-8d8a-4adb-bf38-1f9be8af08d9;430.98;0.01;SELL
2016-02-28T00:39:48.683000;2016-02-28T00:39:48.793000;fdaa5b74-36fe-441d-a855-d49c3f00a7bb;430.98;0.01;SELL
2016-02-28T00:39:48.683000;2016-02-28T00:39:48.793000;7cddbadf-d91c-4afd-a5b1-6645d3727372;430.98;0.01;SELL
2016-02-28T00:39:48.683000;2016-02-28T00:39:48.793000;80987ac6-fc01-47c3-a150-5485c681218e;430.98;0.01;SELL
2016-02-28T00:39:48.687000;2016-02-28T00:39:48.793000;12204946-0eb1-45fe-b532-6ff54d37480e;430.97;0.01;SELL
2016-02-28T00:39:48.687000;2016-02-28T00:39:48.793000;697f623e-1995-4ead-a456-ed7590e6b189;430.97;0.01;SELL
2016-02-28T00:39:48.687000;2016-02-28T00:39:48.793000;97df512c-2b97-4cc2-a173-3d2ae5e9f196;430.97;0.01;SELL
2016-02-28T00:39:48.687000;2016-02-28T00:39:48.823000;0edceb57-b69f-45d5-a343-dcdafb3f1cd9;430.97;0.01;SELL
2016-02-28T00:39:48.687000;2016-02-28T00:39:48.823000;2af6d851-c4a2-440b-8fbb-01aa8a09db53;430.97;0.01;SELL
2016-02-28T00:39:48.687000;2016-02-28T00:39:48.823000;5c486b5e-791f-4d03-bfd3-e5cbfa24ecdc;430.97;0.01;SELL
2016-02-28T00:39:48.687000;2016-02-28T00:39:48.823000;e63c1d0d-554c-41e7-8f22-bc998fcf5caf;430.97;0.01;SELL
2016-02-28T00:39:48.687000;2016-02-28T00:39:48.823000;a51aedb5-aebf-46cf-9d9e-d83e921b3848;430.97;0.01;SELL
2016-02-28T00:39:48.687000;2016-02-28T00:39:48.823000;4c31b718-5aaa-419b-805f-f70dc5dbb46f;430.97;0.01;SELL
2016-02-28T00:39:48.687000;2016-02-28T00:39:48.823000;a54b8a34-8553-4d38-b69e-f84a209b6356;430.96;0.01;SELL
2016-02-28T00:39:48.687000;2016-02-28T00:39:48.840000;56f56519-09be-407e-a267-03340111ca8f;430.96;0.01;SELL
2016-02-28T00:39:48.687000;2016-02-28T00:39:48.840000;a44084d0-a387-47fa-a0a9-3aaaf296813d;430.96;0.01;SELL
2016-02-28T00:39:48.687000;2016-02-28T00:39:48.840000;739f7567-fd4b-4d77-aa9d-94d82308c9f9;430.95;0.01;SELL
2016-02-28T00:39:48.687000;2016-02-28T00:39:48.840000;9da90b55-77e3-4287-96d9-e77ee7ecd6a0;430.95;0.01;SELL
2016-02-28T00:39:48.687000;2016-02-28T00:39:48.840000;f0579301-babf-41ef-83f2-86e54e84a482;430.95;0.00313205;SELL
2016-02-28T00:39:50.367000;2016-02-28T00:39:50.400000;f2eaad96-ab2c-4175-b7d7-8237a7fdb196;430.96;0.011;SELL
2016-02-28T00:39:50.367000;2016-02-28T00:39:50.400000;b83a8f51-cead-447f-8fca-37e843f03eab;430.95;0.00686795;SELL
2016-02-28T00:39:51.593000;2016-02-28T00:39:51.620000;2b6e3f4b-f4aa-4189-8bf4-2c8e1907de65;430.98;0.01;SELL
2016-02-28T00:39:51.593000;2016-02-28T00:39:51.620000;bbd6bcfc-f356-4fc4-b519-1323b4fb168d;430.97;0.011;SELL
2016-02-28T00:39:51.840000;2016-02-28T00:39:51.870000;534544ec-5564-4595-899d-cd7acbe50311;430.99;0.01;SELL
2016-02-28T00:39:51.840000;2016-02-28T00:39:51.887000;5ca5b9c4-d094-474e-b110-435c03fd3e1d;430.98;0.011;SELL
2016-02-28T00:39:51.840000;2016-02-28T00:39:51.887000;1ba1d2ad-6471-4db4-8519-642eed3bcb59;430.88;0.009;SELL
2016-02-28T00:39:54.073000;2016-02-28T00:39:54.103000;ddab8874-6208-4ee3-8428-b5624b66e0dc;430.9;0.011;SELL
2016-02-28T00:39:54.073000;2016-02-28T00:39:54.103000;27fadf2e-7c6d-4fea-8b1b-9161efb05578;430.89;0.011;SELL
2016-02-28T00:39:54.073000;2016-02-28T00:39:54.103000;8b22102b-fc3d-4be9-8ab3-9978a0b8a171;430.88;0.001;SELL
2016-02-28T00:39:54.073000;2016-02-28T00:39:54.137000;6b51c558-a98a-48e8-84a1-0fbd44a3db14;430.87;0.01;SELL
2016-02-28T00:39:54.073000;2016-02-28T00:39:54.137000;c4d98484-f391-4a5e-825a-327222f1cd25;430.74;0.01;SELL
2016-02-28T00:39:54.073000;2016-02-28T00:39:54.137000;411fd4d8-d1de-4dbe-ad86-7d1cb81b52e3;430.71;0.02;SELL
2016-02-28T00:39:54.073000;2016-02-28T00:39:54.150000;771c6b79-dbef-4c89-8bab-1973033e6071;430.66;1.0;SELL
2016-02-28T00:39:54.073000;2016-02-28T00:39:54.167000;a7af65c4-58b7-4640-9d63-63cec78f9aa7;430.66;2.0;SELL
2016-02-28T00:39:54.073000;2016-02-28T00:39:54.167000;7c36e896-dd3a-4d8b-ab36-c7392b329efc;430.65;5.406;SELL
2016-02-28T00:39:54.917000;2016-02-28T00:39:54.947000;8cc08de8-0986-4e5c-bba1-eb565ad1e564;430.91;0.011;SELL
2016-02-28T00:39:54.917000;2016-02-28T00:39:54.963000;e10ea692-1be3-42df-aff8-7071dec618f6;430.66;0.01;SELL
2016-02-28T00:39:54.917000;2016-02-28T00:39:54.963000;b7933b1b-44cc-4990-856d-5b3193f0ff55;430.65;0.15384426;SELL
2016-02-28T00:39:56.670000;2016-02-28T00:39:56.713000;6be450f9-442a-41fc-8ecb-8d645b11dc7f;430.67;0.01;SELL
2016-02-28T00:39:56.670000;2016-02-28T00:39:56.713000;01da6562-aed5-43da-ba72-84f33eabcc96;430.65;7.854;SELL
2016-02-28T00:39:58.037000;2016-02-28T00:39:58.073000;cc7441ed-9ee8-47ea-87c7-b6db8b9d2e0b;430.66;0.01;SELL
2016-02-28T00:39:58.037000;2016-02-28T00:39:58.073000;e509e729-d005-4fc4-bf26-baf4b6159e6c;430.65;3.30615574;SELL
2016-02-28T00:39:58.037000;2016-02-28T00:39:58.090000;b17814fd-6477-49dc-822b-4f99f50baac0;430.62;0.01;SELL
2016-02-28T00:39:58.037000;2016-02-28T00:39:58.090000;3a694f42-8971-4c51-ad42-d83c660f69d8;430.61;0.01;SELL
2016-02-28T00:39:58.037000;2016-02-28T00:39:58.090000;02632944-dc8a-4105-9c82-47fbd47a823b;430.6;0.01873948;SELL
2016-02-28T00:39:58.037000;2016-02-28T00:39:58.090000;88301e1d-062a-492f-8ec6-24311ad22ce3;430.5;0.1;SELL
2016-02-28T00:39:58.037000;2016-02-28T00:39:58.103000;2909d09c-a5e5-46fc-b6f3-bc3896c6467d;430.5;1.0;SELL
2016-02-28T00:39:58.037000;2016-02-28T00:39:58.103000;a3cef165-ad68-4794-bd3f-94bc2341aea6;430.47;0.01;SELL
2016-02-28T00:39:58.037000;2016-02-28T00:39:58.103000;d83c846b-113b-41ff-8dba-a4b712a0e577;430.45;0.01;SELL
2016-02-28T00:39:58.037000;2016-02-28T00:39:58.103000;115fa191-00d7-4b8a-8554-9a502fb2acd3;430.41;0.1;SELL
2016-02-28T00:39:58.037000;2016-02-28T00:39:58.120000;83a4e882-b90b-4707-8d79-18a23dea75fc;430.4;0.01873948;SELL
2016-02-28T00:39:58.037000;2016-02-28T00:39:58.120000;f6bfb306-ea28-4358-b546-1f48d72ddc6b;430.28;0.01;SELL
2016-02-28T00:39:58.037000;2016-02-28T00:39:58.120000;71ff4829-c4dc-4421-9d3e-18a04dd16f9f;430.15;1.0;SELL
2016-02-28T00:39:58.037000;2016-02-28T00:39:58.120000;06307312-c6a8-4203-9793-fca04a743dfa;430.12;0.01;SELL
2016-02-28T00:39:58.037000;2016-02-28T00:39:58.120000;f55502a5-be91-415f-9013-9abf6263c18d;430.11;0.13518;SELL
2016-02-28T00:39:58.867000;2016-02-28T00:39:58.900000;2a35e416-debd-47a2-9d39-5d97f9182a58;430.67;0.01;SELL
2016-02-28T00:39:58.867000;2016-02-28T00:39:58.900000;d8f6bf58-e725-455b-a46b-1bb8e24d8d83;430.25;0.02;SELL
2016-02-28T00:39:58.867000;2016-02-28T00:39:58.900000;83bc6405-39c4-4f8d-88c4-b7adf85a424a;430.03;0.01;SELL
2016-02-28T00:39:58.867000;2016-02-28T00:39:58.917000;02b82383-eb7d-4585-89d4-7275a3109a3a;430.02;0.01;SELL
2016-02-28T00:39:58.867000;2016-02-28T00:39:58.917000;9524dd2b-8a12-4fa2-8b38-35f1fe7cdf61;430.01;0.01;SELL
2016-02-28T00:39:58.867000;2016-02-28T00:39:58.917000;a0565546-a227-4934-b55d-c170a382245d;430.01;0.1;SELL
2016-02-28T00:39:58.867000;2016-02-28T00:39:58.933000;7b9afa22-3cc0-451a-a3cd-850ddeeac61d;430.0;0.01;SELL
2016-02-28T00:39:58.867000;2016-02-28T00:39:58.933000;ecb2a867-749d-49c7-9f40-3b58f9c68ba5;430.0;0.1;SELL
2016-02-28T00:39:58.867000;2016-02-28T00:39:58.933000;c70f6865-de88-4dce-85a4-8d0911a5a690;430.0;1.7588;SELL
2016-02-28T00:39:58.867000;2016-02-28T00:39:58.933000;de5b5034-edc1-42f2-99dc-8196728d9bbd;430.0;0.19328617;SELL
2016-02-28T00:39:58.867000;2016-02-28T00:39:58.933000;34660235-c42e-4324-91b7-cb49474b24b0;430.0;0.15;SELL
2016-02-28T00:39:58.867000;2016-02-28T00:39:58.933000;ef90e908-212d-459c-ad54-4eddc268d9ad;430.0;0.2;SELL
2016-02-28T00:39:58.870000;2016-02-28T00:39:58.933000;fa2b2e28-cd6a-454b-a092-35e5e4cff56b;430.0;1.0;SELL
2016-02-28T00:39:58.870000;2016-02-28T00:39:58.947000;1d57525d-7619-4edb-adde-3d547b315b84;430.0;4.65191383;SELL
2016-02-28T00:40:01.093000;2016-02-28T00:40:01.120000;83651fc7-944f-42e9-b64a-8f784c6321f3;430.04;0.01;SELL
2016-02-28T00:40:01.093000;2016-02-28T00:40:01.137000;79f040b7-a91e-4f12-9a5e-40953aaec33e;430.03;0.01;SELL
2016-02-28T00:40:01.093000;2016-02-28T00:40:01.137000;10a2ae1a-1e82-4cc4-98d8-976c88d2f3bb;430.02;0.01;SELL
2016-02-28T00:40:01.093000;2016-02-28T00:40:01.137000;6dd69710-129c-4412-af6b-896a60580b94;430.01;0.01;SELL
2016-02-28T00:40:01.093000;2016-02-28T00:40:01.137000;8f1f3ff8-bc67-455f-943f-944f073c8385;430.0;2.50308617;SELL
2016-02-28T00:40:01.093000;2016-02-28T00:40:01.137000;c1f12658-3ec0-49b6-833a-fb7f4929717f;430.0;0.19377575;SELL
2016-02-28T00:40:01.093000;2016-02-28T00:40:01.137000;70df4273-5731-4add-b6c3-1bf803a5c4cc;430.0;0.19378806;SELL
2016-02-28T00:40:01.093000;2016-02-28T00:40:01.150000;ffeb1cb2-925b-4ba4-98b3-c40dd3ccc8aa;430.0;0.19373267;SELL
2016-02-28T00:40:01.093000;2016-02-28T00:40:01.150000;b6df312c-2fc9-42ce-bcdb-f9c4e9a0c4a2;430.0;0.19360973;SELL
2016-02-28T00:40:01.093000;2016-02-28T00:40:01.150000;1b6af3cf-ce5d-477b-a556-f0304ede8753;430.0;0.0431;SELL
2016-02-28T00:40:01.093000;2016-02-28T00:40:01.150000;46a201f7-5f09-4ed3-ad30-f488131966d7;429.95;0.1;SELL
2016-02-28T00:40:01.093000;2016-02-28T00:40:01.167000;d981c93b-e748-4d1e-9f04-7a9dcde28e00;429.94;0.01;SELL
2016-02-28T00:40:01.203000;2016-02-28T00:40:01.230000;ac627171-970b-4b05-ab43-080513d60f2e;430.05;0.01;SELL
2016-02-28T00:40:01.203000;2016-02-28T00:40:01.230000;e4f60803-de4f-4eb9-80c7-d7fedb450be8;430.01;8.16;SELL
2016-02-28T00:40:01.203000;2016-02-28T00:40:01.260000;aa5db2d0-2b1e-4c75-a911-bf656426abc0;429.79;0.777;SELL
2016-02-28T00:40:01.870000;2016-02-28T00:40:01.917000;ab7efb9d-fca5-4b42-b5ff-01361a689f53;429.97;0.01;SELL
2016-02-28T00:40:01.870000;2016-02-28T00:40:01.917000;d03681e9-8fd9-457f-b71a-cf4a607101bd;429.96;0.01;SELL
2016-02-28T00:40:01.873000;2016-02-28T00:40:01.917000;6ba554ca-1b75-4728-a6b0-e56d4c3ae093;429.92;6.98562;SELL
2016-02-28T00:40:01.873000;2016-02-28T00:40:01.917000;00c0cda6-4b7f-4619-9774-fefea2c571f4;429.8;0.01;SELL
2016-02-28T00:40:01.873000;2016-02-28T00:40:01.917000;5471a2b7-53be-4a46-aa11-dba87f649434;429.79;0.7001;SELL
2016-02-28T00:40:01.873000;2016-02-28T00:40:01.917000;43413ac5-fbc5-4580-a369-b60d0d873636;429.77;1.4326;SELL
2016-02-28T00:40:03.487000;2016-02-28T00:40:03.527000;b324d3fc-a71f-4bfc-96cd-db78e175a87d;429.8;0.01;SELL
2016-02-28T00:40:03.487000;2016-02-28T00:40:03.527000;7c20e614-f880-46d6-8b8b-c1cd2488e915;429.79;0.01;SELL
2016-02-28T00:40:03.487000;2016-02-28T00:40:03.527000;2b02c87d-6423-4df4-8fc0-82b3cd5bf4d4;429.77;8.715;SELL
2016-02-28T00:40:04.157000;2016-02-28T00:40:04.197000;57ad7550-5a55-4e4f-a431-ee1e9715deeb;429.82;0.01;SELL
2016-02-28T00:40:04.157000;2016-02-28T00:40:04.197000;1445b0fe-1c26-4eed-bb30-4320efde0d35;429.82;0.01;SELL
2016-02-28T00:40:04.157000;2016-02-28T00:40:04.197000;627ea384-7028-41f3-9080-ed9c98539d37;429.81;0.01;SELL
2016-02-28T00:40:04.157000;2016-02-28T00:40:04.197000;26738ab9-7493-4013-86b1-55e19db8965a;429.77;11.0;SELL
2016-02-28T00:40:06.243000;2016-02-28T00:40:06.293000;e6e22106-365d-40dd-9c42-48d7649c16a7;429.8;0.01873948;SELL
2016-02-28T00:40:06.243000;2016-02-28T00:40:06.293000;822f962b-0169-4cf0-864d-10947f678c5b;429.79;0.02;SELL
2016-02-28T00:40:06.243000;2016-02-28T00:40:06.293000;987b5fca-af2a-43c1-9c67-0061f90e6a52;429.71;0.01;SELL
2016-02-28T00:40:06.243000;2016-02-28T00:40:06.293000;0f829aab-8159-4b8b-9f71-ce2b7be96d6b;429.69;0.111;SELL
2016-02-28T00:40:06.243000;2016-02-28T00:40:06.293000;f8ee1e82-2bd7-4f7e-9dca-7c187cb0d16d;429.6;0.01873948;SELL
2016-02-28T00:40:06.243000;2016-02-28T00:40:06.293000;3ffb0b6f-09ae-4eb5-a55b-768eb5c94f19;429.58;0.01;SELL
2016-02-28T00:40:06.243000;2016-02-28T00:40:06.307000;944e2c2b-ad05-4cde-8d4a-f5df428ca02c;429.58;8.87952104;SELL
2016-02-28T00:40:08.313000;2016-02-28T00:40:08.340000;4f628b5e-aa41-4e94-b603-83f5fbb507ba;429.61;0.01;SELL
2016-02-28T00:40:08.540000;2016-02-28T00:40:08.573000;9a721e51-a2c3-445c-a2d4-40815c3078a8;429.62;0.01;SELL
2016-02-28T00:40:08.540000;2016-02-28T00:40:08.590000;e18036d0-e3c3-4e46-bc4c-407cbf104ab6;429.6;0.01;SELL
2016-02-28T00:40:08.540000;2016-02-28T00:40:08.590000;9ac9e731-b32f-4411-bd4a-2a751c4160d9;429.59;1.05;SELL
2016-02-28T00:40:08.540000;2016-02-28T00:40:08.590000;d3c5dfdc-6d3a-49f8-8e81-c64139e94229;429.58;7.93047896;SELL
2016-02-28T00:40:11.427000;2016-02-28T00:40:11.463000;70ff53df-0ec4-461e-a5aa-4d912f1092a0;429.55;0.01;SELL
2016-02-28T00:40:11.427000;2016-02-28T00:40:11.463000;fe5d1300-6a6c-43b5-9613-7504adc1615c;429.54;0.01;SELL
2016-02-28T00:40:11.427000;2016-02-28T00:40:11.480000;018b3dd2-3cf8-4dcd-bf4a-fea9c4a12ebe;429.53;0.01;SELL
2016-02-28T00:40:11.427000;2016-02-28T00:40:11.480000;87c400dd-d5d5-436d-90e4-19ef00f514dc;429.52;0.01;SELL
2016-02-28T00:40:11.427000;2016-02-28T00:40:11.480000;ad6734ee-588f-467a-bae9-bc6c92904ef2;429.5;0.01;SELL
2016-02-28T00:40:11.427000;2016-02-28T00:40:11.480000;cf17b26f-25cd-4e2c-9ec8-04ea55e62732;429.5;1.0;SELL
2016-02-28T00:40:11.427000;2016-02-28T00:40:11.480000;89c0e866-ef9d-4be8-b68c-cc334f14e808;429.46;0.01;SELL
2016-02-28T00:40:11.427000;2016-02-28T00:40:11.510000;390a7a2b-7ce2-432d-9bf3-9710d8cd82f8;429.33;0.02;SELL
2016-02-28T00:40:11.427000;2016-02-28T00:40:11.510000;2b47c3aa-3a7b-4350-ba4f-2db76fdf92d9;429.28;0.01;SELL
2016-02-28T00:40:11.427000;2016-02-28T00:40:11.510000;86202bf2-fa93-41f3-a143-19629bb1706e;429.21;0.2234;SELL
2016-02-28T00:40:11.427000;2016-02-28T00:40:11.510000;c50d666f-b028-4e7d-b5fc-058c0e9e0510;429.11;0.0116;SELL
2016-02-28T00:40:11.427000;2016-02-28T00:40:11.510000;c6599b2a-aadf-4c90-a302-0ea5ce614321;429.1;0.01;SELL
2016-02-28T00:40:11.427000;2016-02-28T00:40:11.510000;094ea995-06b4-453c-92a2-472c70d63204;429.03;0.0116;SELL
2016-02-28T00:40:11.427000;2016-02-28T00:40:11.527000;5f602e3c-1d7a-4f77-929c-b586b68cedc4;429.03;0.36429746;SELL
2016-02-28T00:40:11.427000;2016-02-28T00:40:11.527000;004664a0-2029-4172-bbda-5f1acafbeb50;429.02;0.07271025;SELL
2016-02-28T00:40:11.430000;2016-02-28T00:40:11.527000;200046b6-d959-4500-adc1-3fb8885f84a9;429.0;0.01;SELL
2016-02-28T00:40:11.430000;2016-02-28T00:40:11.527000;7574f390-a833-4104-8549-0c7e59b223c7;429.0;0.01075312;SELL
2016-02-28T00:40:11.430000;2016-02-28T00:40:11.527000;5f282d3e-fce9-4cfc-b947-723021119f67;429.0;0.01006;SELL
2016-02-28T00:40:11.430000;2016-02-28T00:40:11.543000;a0bd5846-f6df-4b04-8a10-d1b0117519ec;429.0;0.19341045;SELL
2016-02-28T00:40:13.970000;2016-02-28T00:40:13.993000;92a30e5b-aac5-46f8-8a28-5fb6f99c2965;429.56;0.01;SELL
2016-02-28T00:40:13.970000;2016-02-28T00:40:14.010000;64805c26-f4e1-4e31-87ad-c86e3504ef02;429.47;0.05180371;SELL
2016-02-28T00:40:14.570000;2016-02-28T00:40:14.590000;e43dcbc9-bf9d-419a-b649-9a64f7b4bbff;429.48;0.01;SELL
2016-02-28T00:40:14.570000;2016-02-28T00:40:14.603000;f30a1e76-ab9a-48a6-af9f-00d2af0cf4af;429.48;0.01;SELL
2016-02-28T00:40:14.570000;2016-02-28T00:40:14.603000;038ac315-5e64-4926-9ddd-22bebda1adce;429.32;0.01;SELL
2016-02-28T00:40:14.570000;2016-02-28T00:40:14.603000;c8cd6618-5aa4-4e7e-9910-8de3bc95dbb5;429.2;0.01;SELL
2016-02-28T00:40:18.190000;2016-02-28T00:40:18.213000;e293059e-1928-4528-b624-bda42aa678b7;429.5;0.01;SELL
2016-02-28T00:40:18.190000;2016-02-28T00:40:18.230000;4e2146c5-d708-447c-b10a-f2cf9b09e140;429.49;0.01;SELL
2016-02-28T00:40:18.190000;2016-02-28T00:40:18.230000;c616462b-44ea-496d-a61f-8194e620ad43;429.28;0.01;SELL
2016-02-28T00:40:18.190000;2016-02-28T00:40:18.230000;dce494c2-4724-4aca-a667-0e028fe1a63f;429.2;0.00873948;SELL
2016-02-28T00:40:18.190000;2016-02-28T00:40:18.230000;290df5e2-70f2-4bd5-8eba-3e67e8a27f99;429.11;0.01;SELL
2016-02-28T00:40:21.033000;2016-02-28T00:40:21.057000;c822413f-5fc2-4b8e-9f95-e80ff4459dc3;429.26;0.077;BUY
2016-02-28T00:40:21.217000;2016-02-28T00:40:21.243000;a46f2e2e-55e5-4813-a0b7-1c27a4038a5b;429.05;0.01;SELL
2016-02-28T00:40:21.217000;2016-02-28T00:40:21.260000;401f6c1c-14db-40d4-b7c7-c6c762f64149;429.04;0.01;SELL
2016-02-28T00:40:21.217000;2016-02-28T00:40:21.260000;e6150be7-3922-4f0c-a1c2-10db5cafb161;429.03;0.01;SELL
2016-02-28T00:40:21.217000;2016-02-28T00:40:21.260000;88066c9a-54c6-4e55-b00d-5f5037103024;429.02;0.01;SELL
2016-02-28T00:40:21.217000;2016-02-28T00:40:21.277000;96659f61-03b7-44c3-af6e-5a80628fb3fd;429.02;0.01;SELL
2016-02-28T00:40:21.217000;2016-02-28T00:40:21.277000;a09f355e-9b3a-45af-945a-b0106082eb2d;429.01;0.01;SELL
2016-02-28T00:40:21.217000;2016-02-28T00:40:21.277000;ab6519f6-c7a5-4c5e-b3bf-f8f95c1ec2a1;429.0;0.01873948;SELL
2016-02-28T00:40:21.217000;2016-02-28T00:40:21.277000;0b5d77cf-ca61-4587-b8aa-17d14cd03380;429.0;0.19317819;SELL
2016-02-28T00:40:21.217000;2016-02-28T00:40:21.293000;11591920-f427-48be-82bc-37f4f9011fae;428.95;0.0116;SELL
2016-02-28T00:40:21.220000;2016-02-28T00:40:21.293000;a45ea87e-ef78-4719-9800-447ac61d5d4b;428.92;0.01;SELL
2016-02-28T00:40:21.220000;2016-02-28T00:40:21.293000;237e7286-5189-4fbb-8645-a6c08867d426;428.87;0.02;SELL
2016-02-28T00:40:21.220000;2016-02-28T00:40:21.293000;942beff3-fca7-426a-b707-a9d6a93e3b1c;428.81;0.010025;SELL
2016-02-28T00:40:21.220000;2016-02-28T00:40:21.293000;8a68061b-cfb3-4995-9919-061d2b2a4e77;428.76;0.5142;SELL
2016-02-28T00:40:21.220000;2016-02-28T00:40:21.293000;143c1928-8ef0-4ef1-97b1-4a2c2621213c;428.72;0.01;SELL
2016-02-28T00:40:21.220000;2016-02-28T00:40:21.293000;6f91b3c0-fe56-4268-8733-6441c0d7a357;428.71;0.49209438;SELL
2016-02-28T00:40:21.220000;2016-02-28T00:40:21.307000;0f208c7c-9338-4d60-9e34-6c2a14499618;428.7;1.68094238;SELL
2016-02-28T00:40:21.220000;2016-02-28T00:40:21.307000;6adc67af-133b-4a91-a421-55c85bdd3c13;428.67;2.0;SELL
2016-02-28T00:40:21.220000;2016-02-28T00:40:21.307000;96fa7599-f20c-4bb1-814f-91910ac17015;428.67;1.5;SELL
2016-02-28T00:40:21.220000;2016-02-28T00:40:21.323000;2d5a3436-bd69-422a-a1e5-4a59fc413d73;428.52;0.01;SELL
2016-02-28T00:40:21.220000;2016-02-28T00:40:21.323000;8794801f-c868-4ed4-9c0b-da9835db7a09;428.47;0.113;SELL
2016-02-28T00:40:21.220000;2016-02-28T00:40:21.323000;128bc8b9-34ea-4990-b133-fa454e6f11c7;428.43;0.09622057;SELL
2016-02-28T00:40:24.520000;2016-02-28T00:40:24.543000;a2e1a176-571d-4d90-acdb-46f732567d80;428.49;0.01;SELL
2016-02-28T00:40:24.520000;2016-02-28T00:40:24.557000;ce2e3d16-dd7d-48cf-bab9-2947b07852b3;428.48;0.01;SELL
2016-02-28T00:40:24.520000;2016-02-28T00:40:24.557000;b547c0e9-1291-495a-86f5-9032ea7d5e9a;428.47;0.01;SELL
2016-02-28T00:40:24.520000;2016-02-28T00:40:24.557000;593bcacf-89c9-4919-88eb-ef428e58f916;428.46;0.01;SELL
2016-02-28T00:40:24.520000;2016-02-28T00:40:24.573000;071c9dac-b5e1-43cc-ab4b-142843075cfd;428.45;0.01;SELL
2016-02-28T00:40:24.520000;2016-02-28T00:40:24.573000;ee6c896b-05df-4ed4-8cf9-7189a73b491e;428.44;0.01;SELL
2016-02-28T00:40:24.520000;2016-02-28T00:40:24.573000;d42cba3d-3912-4bf0-94a2-c04e864b36c4;428.43;0.00377943;SELL
2016-02-28T00:40:24.520000;2016-02-28T00:40:24.573000;c95d3bdc-a831-4c06-a2c1-9607aa8e11b8;428.4;0.01873948;SELL
2016-02-28T00:40:24.520000;2016-02-28T00:40:24.573000;8a4cf5eb-c774-4b52-9981-747cf789de76;428.35;0.9795;SELL
2016-02-28T00:40:24.520000;2016-02-28T00:40:24.573000;170559a8-8f5c-4559-ab6f-a1a08c9134e5;428.33;0.01;SELL
2016-02-28T00:40:24.520000;2016-02-28T00:40:24.590000;147e1023-ed4b-45a5-9027-70f8e8d6b285;428.29;0.99798109;SELL
2016-02-28T00:40:27.803000;2016-02-28T00:40:27.823000;d6b0b6bf-3b0e-43f7-8326-39d4da98fd4e;428.42;0.01;SELL
2016-02-28T00:40:27.803000;2016-02-28T00:40:27.840000;bb4efd09-d5ec-45ea-b3a0-30ec3687c230;428.41;0.02;SELL
2016-02-28T00:40:27.803000;2016-02-28T00:40:27.840000;dc1e2204-a19e-4cca-88a6-9c346bb09703;428.3;0.01;SELL
2016-02-28T00:40:30.967000;2016-02-28T00:40:30.993000;2b712e8c-95f0-4a21-a131-3dada5cd846a;428.24;0.01;SELL
2016-02-28T00:40:30.967000;2016-02-28T00:40:31.010000;387acf62-b674-4af7-b3af-365ec9f84279;428.23;0.01;SELL
2016-02-28T00:40:30.967000;2016-02-28T00:40:31.010000;1d5fff09-d203-4a5b-8816-193f648375c3;428.22;0.118;SELL
2016-02-28T00:40:30.967000;2016-02-28T00:40:31.010000;d53431ce-a747-41e2-a843-9a903c047d32;428.21;0.2;SELL
2016-02-28T00:40:30.967000;2016-02-28T00:40:31.027000;4d4ab24a-da67-48d5-a570-b71d261f03b3;428.2;0.012;SELL
2016-02-28T00:40:34.400000;2016-02-28T00:40:34.447000;459c6eae-b416-4ce5-8d26-42cdfbc942ea;428.22;0.01;SELL
2016-02-28T00:40:34.403000;2016-02-28T00:40:34.447000;78d746bf-aeb7-4e39-9acf-28187d38c753;428.21;0.01;SELL
2016-02-28T00:40:34.403000;2016-02-28T00:40:34.447000;99ec66bc-09aa-42bf-9fc5-9c0cc16bcc2f;428.2;0.00673948;SELL
2016-02-28T00:40:34.403000;2016-02-28T00:40:34.447000;f0ddd310-aa3f-4470-a5a0-d2659c699ac4;428.2;0.47890617;SELL
2016-02-28T00:40:34.417000;2016-02-28T00:40:34.480000;3cbab689-17e3-4381-b6bf-506757a8c3fa;428.2;0.19435435;SELL
2016-02-28T00:40:34.447000;2016-02-28T00:40:34.480000;bef2bf12-e92c-4eb4-850a-8cfa4afd6f5b;428.2;0.32773948;SELL
2016-02-28T00:40:34.447000;2016-02-28T00:40:34.480000;f5d45345-5c92-47a1-9dfc-340811d7c97a;428.16;4.031;SELL
2016-02-28T00:40:34.450000;2016-02-28T00:40:34.510000;d1322eb6-e891-4abe-aeaa-44361b0f31ee;428.15;1.0;SELL
2016-02-28T00:40:34.450000;2016-02-28T00:40:34.510000;bba7d6c4-9ec0-4abe-8106-ebfaf6b249f9;428.15;1.0;SELL
2016-02-28T00:40:34.450000;2016-02-28T00:40:34.510000;21758d45-9fda-4d95-ab4d-c20b43641ed2;428.15;1.0;SELL
2016-02-28T00:40:34.450000;2016-02-28T00:40:34.510000;d991dacc-74e6-4896-a7d0-fe08393a09cd;428.12;0.01;SELL
2016-02-28T00:40:34.450000;2016-02-28T00:40:34.510000;fa210f5d-d2de-45be-83e4-91a0b2cc0320;428.1;0.0116;SELL
2016-02-28T00:40:35.083000;2016-02-28T00:40:35.120000;bcd5c971-17ee-419b-8892-bd2bd6d42436;428.09;0.01;SELL
2016-02-28T00:40:35.087000;2016-02-28T00:40:35.120000;184dc3c7-ba01-42d1-ae41-4b000ec7970f;428.09;0.01;SELL
2016-02-28T00:40:35.087000;2016-02-28T00:40:35.120000;d11c659f-3e62-48db-87d3-44288a7a3155;428.08;0.68704;SELL
2016-02-28T00:40:37.567000;2016-02-28T00:40:37.603000;b724b831-d9f6-415b-89f4-20f6724f6ac0;428.25;0.01;SELL
2016-02-28T00:40:37.567000;2016-02-28T00:40:37.603000;16b2c780-50ec-4b3f-9531-931840fc2ac6;428.24;0.01;SELL
2016-02-28T00:40:37.567000;2016-02-28T00:40:37.620000;4232b142-5f9f-4036-930d-ef751f64bd59;428.24;0.128;SELL
2016-02-28T00:40:37.567000;2016-02-28T00:40:37.620000;9c2d15b7-b42e-4d87-944c-3ff86ef9a82d;428.23;0.01;SELL
2016-02-28T00:40:37.567000;2016-02-28T00:40:37.620000;06d93e3f-3a3c-410e-8c90-1e8f814112f1;428.13;0.01;SELL
2016-02-28T00:40:37.567000;2016-02-28T00:40:37.650000;271a536c-b64f-48ff-9316-2db6bb2932cd;428.07;0.0116;SELL
2016-02-28T00:40:37.567000;2016-02-28T00:40:37.650000;bc60022c-d29c-4457-9b16-fb6ace920f92;428.0;0.01;SELL
2016-02-28T00:40:37.567000;2016-02-28T00:40:37.667000;a69dfd05-3b38-4329-b129-1f28f0a979a9;428.0;0.01005;SELL
2016-02-28T00:40:37.570000;2016-02-28T00:40:37.667000;42f87104-30aa-45e1-a248-177589b07979;428.0;0.19317819;SELL
2016-02-28T00:40:37.570000;2016-02-28T00:40:37.667000;bb84f2a6-3d0d-4dcf-af25-df34c456b716;428.0;0.01717181;SELL
2016-02-28T00:40:40.867000;2016-02-28T00:40:40.900000;4a0e5d9a-e688-4b47-b699-c675a98f5a0f;428.16;0.01;SELL
2016-02-28T00:40:40.867000;2016-02-28T00:40:40.917000;59bd6d34-74dc-4946-be03-037266f88c4c;428.15;0.01;SELL
2016-02-28T00:40:40.867000;2016-02-28T00:40:40.917000;c7fe3a5a-e2b5-4407-9c76-9cb602af927d;428.15;0.08;SELL
2016-02-28T00:40:40.867000;2016-02-28T00:40:40.917000;8a596d26-65b7-46c7-a79a-10b65b614d52;428.0;0.00156767;SELL
2016-02-28T00:40:40.867000;2016-02-28T00:40:40.917000;65ab78c9-3067-47d9-bca9-4ed2fde4d709;427.95;0.02;SELL
2016-02-28T00:40:40.867000;2016-02-28T00:40:40.917000;5519adfd-dfca-4d42-8d63-386395e8ece4;427.93;0.00843233;SELL
2016-02-28T00:40:43.903000;2016-02-28T00:40:43.947000;83c66da2-a48d-4fd9-a807-cb9f5ad6aff5;428.18;0.01;SELL
2016-02-28T00:40:43.907000;2016-02-28T00:40:43.947000;ab64db79-93d8-44de-afef-7349ff1a2829;428.17;0.099;SELL
2016-02-28T00:40:43.907000;2016-02-28T00:40:43.947000;c6aa39d0-8667-49d0-ae1d-512756cf631f;428.17;0.05;SELL
2016-02-28T00:40:43.907000;2016-02-28T00:40:43.963000;a494f26b-b3f1-4041-a1da-dca35e909c47;427.93;0.001;SELL
2016-02-28T00:40:46.917000;2016-02-28T00:40:46.947000;e9301569-1354-47dc-a963-abf1cdbdb6dd;428.17;0.05;SELL
2016-02-28T00:40:46.917000;2016-02-28T00:40:46.963000;2d2c71d8-9147-44a5-8800-1badc4ea8d22;428.17;0.117;SELL
2016-02-28T00:40:46.917000;2016-02-28T00:40:46.963000;d45c8420-ef6c-4b47-ac82-f9a95f2ea16a;427.95;0.01;SELL
2016-02-28T00:40:46.917000;2016-02-28T00:40:46.963000;785dbf83-96d6-4407-9709-9135abe0ea91;427.93;0.00056767;SELL
2016-02-28T00:40:46.917000;2016-02-28T00:40:46.963000;9e9a238b-2735-4846-a70b-dcb9956958cd;427.8;0.01873948;SELL
2016-02-28T00:40:46.917000;2016-02-28T00:40:46.963000;b35ac9f5-75df-40f5-88c0-6b7479dbd9a2;427.76;0.01;SELL
2016-02-28T00:40:50.127000;2016-02-28T00:40:50.167000;22a05b09-dd04-4fce-8648-b998d48f4a38;428.17;0.05;SELL
2016-02-28T00:40:50.127000;2016-02-28T00:40:50.167000;b1393e7b-e61e-4830-8d95-9c824028fbd2;427.93;0.01;SELL
2016-02-28T00:40:50.127000;2016-02-28T00:40:50.167000;8ebe5b83-02fe-4fbd-ba88-d1f424265843;427.74;0.01;SELL
2016-02-28T00:40:52.880000;2016-02-28T00:40:52.900000;9ee5a1e7-77ca-4d8c-953e-c44ec789e189;427.68;0.01;SELL
2016-02-28T00:40:52.880000;2016-02-28T00:40:52.933000;c9b9d6a7-a51f-4c98-b2e9-7e22fd902b20;427.67;0.01;SELL
2016-02-28T00:40:52.880000;2016-02-28T00:40:52.933000;8a1ef28e-c3c1-498b-afdb-08bc3f02b19c;427.66;0.01;SELL
2016-02-28T00:40:52.880000;2016-02-28T00:40:52.933000;28a1a141-4675-42b9-8ba9-87181cc51ff5;427.66;0.05;SELL
2016-02-28T00:40:52.880000;2016-02-28T00:40:52.933000;4551e99a-efd8-476e-b781-cbd93d729742;427.65;0.01;SELL
2016-02-28T00:40:52.880000;2016-02-28T00:40:52.933000;6263704e-f4c9-480a-bd61-8a411fd55352;427.64;0.01;SELL
2016-02-28T00:40:52.880000;2016-02-28T00:40:52.947000;b10b3401-42b5-48a1-8ed7-0fe3b9eef1b3;427.63;0.01;SELL
2016-02-28T00:40:52.880000;2016-02-28T00:40:52.947000;7290e54b-df80-4ba9-aadb-1c54fda5d69e;427.63;0.116;SELL
2016-02-28T00:40:52.880000;2016-02-28T00:40:52.947000;a1ef3294-b60a-4403-945d-6e455ffec47a;427.6;0.01873948;SELL
2016-02-28T00:40:52.880000;2016-02-28T00:40:52.947000;bb634985-ad3f-411e-b5a6-11befa6e4844;427.52;0.01;SELL
2016-02-28T00:40:52.880000;2016-02-28T00:40:52.963000;9465f0c7-1bb8-493c-937c-ee950f606629;427.49;0.02;SELL
2016-02-28T00:40:52.880000;2016-02-28T00:40:52.963000;83cf0023-8e7b-4dca-b5fa-91ca08963ad9;427.48;0.43745786;SELL
2016-02-28T00:40:52.880000;2016-02-28T00:40:52.963000;9b2abe9b-967b-4a9a-a235-3ae5a9a89a43;427.47;0.64322342;SELL
2016-02-28T00:40:52.880000;2016-02-28T00:40:52.963000;ec81d915-e27a-457f-b410-7d5919b34eaa;427.47;0.0951191;SELL
2016-02-28T00:40:52.883000;2016-02-28T00:40:52.963000;ed76b7a8-81c7-4a1f-9b74-0e2b59762111;427.46;0.01406643;SELL
2016-02-28T00:40:52.883000;2016-02-28T00:40:52.980000;96dcf111-1a3d-4e82-9ff2-e576860002ba;427.34;0.01;SELL
2016-02-28T00:40:52.883000;2016-02-28T00:40:52.980000;b52eaedb-c516-41fa-b5e0-ea5d82aac1d4;427.3;0.0116;SELL
2016-02-28T00:40:52.883000;2016-02-28T00:40:52.980000;b62610d6-898e-4767-9b42-526c1c08ba53;427.27;0.0818;SELL
2016-02-28T00:40:52.883000;2016-02-28T00:40:52.980000;6c7c3150-60b5-4119-bb7e-7a256ef12678;427.27;5.475;SELL
2016-02-28T00:40:52.883000;2016-02-28T00:40:52.980000;0bb6d585-d26e-40df-85c4-fe859034b4f6;427.24;4.36;SELL
2016-02-28T00:40:52.883000;2016-02-28T00:40:52.980000;b9c3258f-3732-4f8b-ae5b-c873354f5eb1;427.21;0.3;SELL
2016-02-28T00:40:52.883000;2016-02-28T00:40:53.010000;3f92bed5-c628-445c-8484-dbd71c8e4ea0;427.2;0.01;SELL
2016-02-28T00:40:52.883000;2016-02-28T00:40:53.010000;0d468e14-7491-42e8-b300-6c4a17f74cbd;427.2;0.2;SELL
2016-02-28T00:40:52.883000;2016-02-28T00:40:53.010000;6b9ee55c-c1c0-4276-a684-970ecbe32972;427.15;1.0;SELL
2016-02-28T00:40:52.883000;2016-02-28T00:40:53.010000;42e89785-5043-4e86-acc2-e9324464a29c;427.07;0.01;SELL
2016-02-28T00:40:52.883000;2016-02-28T00:40:53.010000;5511c8cb-6ae1-433a-9dfb-f61193d38901;427.06;5.429;SELL
2016-02-28T00:40:52.883000;2016-02-28T00:40:53.010000;0cda4503-0fad-4bf0-b426-971c49bc1f32;427.0;1.64799371;SELL
2016-02-28T00:40:53.503000;2016-02-28T00:40:53.527000;ef6b253d-ca5e-41c1-9c5c-28661fd74b56;427.68;0.01;SELL
2016-02-28T00:40:56.600000;2016-02-28T00:40:56.637000;5c6ec798-75e1-4ba4-9779-d983891223c9;427.68;0.01;SELL
2016-02-28T00:40:56.600000;2016-02-28T00:40:56.637000;a47312bd-b7a6-465c-8847-13e71693674f;427.68;0.05;SELL
2016-02-28T00:40:59.663000;2016-02-28T00:40:59.683000;03af743b-4f8f-40db-94c3-b8a20ed63062;427.7;0.01;SELL
2016-02-28T00:40:59.663000;2016-02-28T00:40:59.697000;6de5eac7-419c-4de4-bb3d-d6b86f6e47fc;427.69;0.01;SELL
