time_exchange;time_coinpai;guid;price;base_amount;taker_side
2016-02-28T00:00:02.000000;2016-02-28T00:00:02.000000;45de61ed-9ad9-49c4-8014-284be71f39b8;434.03;3.15755249;UNKNOWN
2016-02-28T00:00:02.000000;2016-02-28T00:00:02.000000;af867f1d-009d-4e3f-8ae3-e3c678b7a619;434.3;0.79557978;UNKNOWN
2016-02-28T00:01:22.000000;2016-02-28T00:01:22.000000;7fdfb038-2395-4bdd-bfd3-72c1c9645561;434.11;0.05767064;UNKNOWN
2016-02-28T00:02:12.000000;2016-02-28T00:02:12.000000;8c73fc15-f8e7-40a8-9001-f67dfefe4119;434.11;0.45724737;UNKNOWN
2016-02-28T00:02:20.000000;2016-02-28T00:02:20.000000;e5f0cf77-f694-4dc7-a439-e823941b7e7c;434.11;0.0339;UNKNOWN
2016-02-28T00:02:21.000000;2016-02-28T00:02:21.000000;ccaa1970-0b84-44f1-a22d-f121285b1f56;434.29;2.3024;UNKNOWN
2016-02-28T00:04:33.000000;2016-02-28T00:04:33.000000;aa5b604a-aaf9-453b-b17e-1f762492d508;434.21;0.8070543;UNKNOWN
2016-02-28T00:05:37.000000;2016-02-28T00:05:37.000000;c8d084cf-3a84-4d4a-a2bc-86629b71fbe8;434.21;0.01;UNKNOWN
2016-02-28T00:07:42.000000;2016-02-28T00:07:42.000000;45aa68f1-7917-4459-95c7-2f255e4f6cef;434.21;0.06224413;UNKNOWN
2016-02-28T00:07:48.000000;2016-02-28T00:07:48.000000;69f2689e-9bee-4ab4-ae5d-724a4fad6b7d;434.27;0.0337;UNKNOWN
2016-02-28T00:07:59.000000;2016-02-28T00:07:59.000000;81da309d-3932-408a-bc0a-1f1c84bb689d;434.36;2.5;UNKNOWN
2016-02-28T00:08:31.000000;2016-02-28T00:08:31.000000;789e366b-e08d-4a39-a24c-970032aab82d;434.39;2.62;UNKNOWN
2016-02-28T00:10:10.000000;2016-02-28T00:10:10.000000;e4b6326d-e0be-4ac6-90d6-fcb0f390c769;434.36;0.69649076;UNKNOWN
2016-02-28T00:12:01.000000;2016-02-28T00:12:01.000000;4b43ab9d-34ec-4c8b-a7e4-1b0485d589c6;434.36;0.11034954;UNKNOWN
2016-02-28T00:14:12.000000;2016-02-28T00:14:12.000000;572f7cf8-68f8-4d31-9c4e-0127214d83a3;434.36;0.31095561;UNKNOWN
2016-02-28T00:15:02.000000;2016-02-28T00:15:02.000000;3a42ca6f-6eb8-42f4-8351-b5aa5e1d3324;434.36;0.0921817;UNKNOWN
2016-02-28T00:16:04.000000;2016-02-28T00:16:04.000000;06b3d140-bf00-4391-930c-67c13b5ff7e9;434.36;0.1;UNKNOWN
2016-02-28T00:16:14.000000;2016-02-28T00:16:14.000000;fb62d2ba-6f39-4b2b-bcfc-17e6f85d4c17;434.36;2.69002239;UNKNOWN
2016-02-28T00:16:14.000000;2016-02-28T00:16:14.000000;d585fa3b-9c6a-4447-a18e-ddeb4a3856d6;434.36;24.53080785;UNKNOWN
2016-02-28T00:17:22.000000;2016-02-28T00:17:22.000000;4af8f987-9e98-46fe-900f-44a5893275bb;434.36;0.69136275;UNKNOWN
2016-02-28T00:23:12.000000;2016-02-28T00:23:12.000000;36260dda-4646-4cd2-b1b7-134cba571208;434.27;0.40038986;UNKNOWN
2016-02-28T00:24:01.000000;2016-02-28T00:24:01.000000;6439823c-453b-4f5c-93fa-4acfc668c320;434.27;3.56591014;UNKNOWN
2016-02-28T00:24:01.000000;2016-02-28T00:24:01.000000;6583530c-8714-42cb-927a-9163ecb63fb4;434.11;4.69858986;UNKNOWN
2016-02-28T00:24:32.000000;2016-02-28T00:24:32.000000;9ce321b4-499b-4f78-8d75-ffa1397e6f66;434.11;0.11121721;UNKNOWN
2016-02-28T00:25:01.000000;2016-02-28T00:25:01.000000;d84f4058-f718-444b-b1e5-d804c4ef6269;434.11;1.4260422;UNKNOWN
2016-02-28T00:26:10.000000;2016-02-28T00:26:10.000000;2e0a6070-2f39-4061-8575-a9961885e0ab;434.26;0.5;UNKNOWN
2016-02-28T00:26:10.000000;2016-02-28T00:26:10.000000;52cc4fa6-74fd-4061-a816-717a8664a4de;434.26;3.0;UNKNOWN
2016-02-28T00:26:13.000000;2016-02-28T00:26:13.000000;d1cd2410-29f2-4d0a-98ab-d4fb0034370c;434.26;0.2283835;UNKNOWN
2016-02-28T00:26:15.000000;2016-02-28T00:26:15.000000;62709ae7-5f8b-40db-8b08-01027ef55a7d;434.26;0.0577;UNKNOWN
2016-02-28T00:26:47.000000;2016-02-28T00:26:47.000000;72c431fc-7b68-4c8b-9650-bab80dbec106;434.26;1.65;UNKNOWN
2016-02-28T00:26:53.000000;2016-02-28T00:26:53.000000;9ac14095-658c-4f30-a0b4-d3514bdf5a1c;434.26;3.0;UNKNOWN
2016-02-28T00:28:12.000000;2016-02-28T00:28:12.000000;6aaefd66-325f-48d7-8fd7-309df83ada19;434.22;0.06456434;UNKNOWN
2016-02-28T00:28:12.000000;2016-02-28T00:28:12.000000;12876586-5142-43e2-b09a-ae39305d829c;434.22;0.1;UNKNOWN
2016-02-28T00:29:22.000000;2016-02-28T00:29:22.000000;4063d7ea-32eb-4e9f-a7ed-ee9e6c4d92c0;433.62;1.2;UNKNOWN
2016-02-28T00:29:22.000000;2016-02-28T00:29:22.000000;439b6012-f02a-4676-b5df-a6b1deb6e03f;433.59;1.2;UNKNOWN
2016-02-28T00:29:22.000000;2016-02-28T00:29:22.000000;65610484-8975-4041-a3b0-65b535e8743d;433.66;0.2;UNKNOWN
2016-02-28T00:29:22.000000;2016-02-28T00:29:22.000000;75061c2b-f038-4f99-ae13-dd7b3b2ae5c4;433.51;0.20252894;UNKNOWN
2016-02-28T00:29:22.000000;2016-02-28T00:29:22.000000;7f351df4-d5a7-47a9-a826-f1b2c4ae4f86;433.6;0.03;UNKNOWN
2016-02-28T00:29:22.000000;2016-02-28T00:29:22.000000;b2ce4144-544c-4bc0-b177-f6dbea40cd19;433.75;1.2;UNKNOWN
2016-02-28T00:29:22.000000;2016-02-28T00:29:22.000000;80af9f25-3ccb-447d-96c7-cb33dfbdb55c;433.8;1.2;UNKNOWN
2016-02-28T00:29:22.000000;2016-02-28T00:29:22.000000;d67868fd-6ee7-48b2-893c-713d207137ed;434.22;25.0;UNKNOWN
2016-02-28T00:29:22.000000;2016-02-28T00:29:22.000000;b700593a-8c91-481a-97bc-18b8a33c9999;433.66;0.2;UNKNOWN
2016-02-28T00:29:22.000000;2016-02-28T00:29:22.000000;e00823ac-e41d-48d7-a680-9996f797c8f4;433.81;0.2;UNKNOWN
2016-02-28T00:29:22.000000;2016-02-28T00:29:22.000000;dd36390f-e49e-4072-a75d-0da0470c16ca;433.66;1.2;UNKNOWN
2016-02-28T00:29:22.000000;2016-02-28T00:29:22.000000;0965e7c1-90b3-4afb-8ac3-7c6df6da269e;434.12;5.7498;UNKNOWN
2016-02-28T00:29:22.000000;2016-02-28T00:29:22.000000;e78dc0fc-ccfd-4ce9-99c7-987abc3c0841;433.64;0.2;UNKNOWN
2016-02-28T00:29:22.000000;2016-02-28T00:29:22.000000;4bd4b485-4e69-4964-99a4-84717468432b;434.0;0.25;UNKNOWN
2016-02-28T00:29:22.000000;2016-02-28T00:29:22.000000;69f34e21-6eb0-426e-998d-d1917c8ba350;434.22;3.83543566;UNKNOWN
2016-02-28T00:29:22.000000;2016-02-28T00:29:22.000000;f437c4f3-609b-417e-9025-3e1f622f5b8a;434.1;4.0;UNKNOWN
2016-02-28T00:29:22.000000;2016-02-28T00:29:22.000000;62018240-4003-419a-908f-ca8f6823b96c;434.0;4.0;UNKNOWN
2016-02-28T00:30:07.000000;2016-02-28T00:30:07.000000;7147460e-88d0-4f13-ad6e-4eda51a6dff0;433.83;0.5;UNKNOWN
2016-02-28T00:30:07.000000;2016-02-28T00:30:07.000000;b306f709-5564-41e0-92e4-08247ae7ecad;433.81;0.5;UNKNOWN
2016-02-28T00:30:07.000000;2016-02-28T00:30:07.000000;084c1984-9592-4825-86d5-838b2f3b4a73;433.82;3.0;UNKNOWN
2016-02-28T00:32:29.000000;2016-02-28T00:32:29.000000;19d360a0-db3b-4ee8-af35-1c8354dfc569;433.82;0.2;UNKNOWN
2016-02-28T00:33:12.000000;2016-02-28T00:33:12.000000;1c3d1a84-c677-43c9-b46d-27645b174ee0;433.81;1.17683381;UNKNOWN
2016-02-28T00:34:05.000000;2016-02-28T00:34:05.000000;f7e5bf1a-8ec0-4ca8-b90a-3802429ae280;433.82;0.673;UNKNOWN
2016-02-28T00:34:18.000000;2016-02-28T00:34:18.000000;8817dad8-a1c1-4422-89f9-d4a2c83e945f;433.82;0.3;UNKNOWN
2016-02-28T00:34:34.000000;2016-02-28T00:34:34.000000;66dbb045-33a9-43f6-b6e8-72793371b692;433.82;2.0;UNKNOWN
2016-02-28T00:34:52.000000;2016-02-28T00:34:52.000000;c519b848-8b57-49bb-b901-eab4c43d85bc;433.81;0.06974;UNKNOWN
2016-02-28T00:35:12.000000;2016-02-28T00:35:12.000000;205efe6d-ab28-46d4-b2ab-4aa4b50a4b9c;433.81;0.22842001;UNKNOWN
2016-02-28T00:35:34.000000;2016-02-28T00:35:34.000000;e53d3ab4-c873-47df-bc61-d8d6c37a5d41;433.82;3.38856697;UNKNOWN
2016-02-28T00:35:34.000000;2016-02-28T00:35:34.000000;df24cd43-aab2-4a21-9e9f-a2897bb38890;433.82;3.38856697;UNKNOWN
2016-02-28T00:35:34.000000;2016-02-28T00:35:34.000000;6aabf7cd-00ee-4365-ae13-e3865eb60ad9;433.82;0.21506948;UNKNOWN
2016-02-28T00:35:34.000000;2016-02-28T00:35:34.000000;64a92709-bcda-40f7-aa14-81c9e1ad4fde;433.82;1.06844352;UNKNOWN
2016-02-28T00:35:34.000000;2016-02-28T00:35:34.000000;46288235-9728-4d2a-a40f-2b1c7d33ee09;433.82;3.38745737;UNKNOWN
2016-02-28T00:35:34.000000;2016-02-28T00:35:34.000000;b87dafa7-3eb5-4b07-9d74-e304a96ff29e;433.82;3.38730438;UNKNOWN
2016-02-28T00:35:34.000000;2016-02-28T00:35:34.000000;3cb40b76-75e6-4b2f-bd5c-97f63d05dc9c;433.82;3.38856697;UNKNOWN
2016-02-28T00:35:34.000000;2016-02-28T00:35:34.000000;e4c45de0-0577-47c2-9d8f-89405c59ef44;433.82;3.38745737;UNKNOWN
2016-02-28T00:35:34.000000;2016-02-28T00:35:34.000000;7eeb6ba6-b4df-42ff-b84a-7b29f84cadc4;433.82;3.38856697;UNKNOWN
2016-02-28T00:38:31.000000;2016-02-28T00:38:31.000000;422d9b88-f8c9-4c9f-aea0-b793caa4f164;433.81;0.3;UNKNOWN
2016-02-28T00:38:31.000000;2016-02-28T00:38:31.000000;8bc1c082-d66e-49c3-b1d8-d8b6c6e507ec;433.81;0.3;UNKNOWN
2016-02-28T00:38:31.000000;2016-02-28T00:38:31.000000;1d09781b-fe49-421d-880b-41387b77cb7b;433.81;4.0;UNKNOWN
2016-02-28T00:38:31.000000;2016-02-28T00:38:31.000000;697efa9a-7ccf-442d-9dc8-0e3e2be76648;433.81;0.3;UNKNOWN
2016-02-28T00:38:31.000000;2016-02-28T00:38:31.000000;32719be7-5fb0-40f5-87fb-31724f05f029;433.81;1.0;UNKNOWN
2016-02-28T00:38:31.000000;2016-02-28T00:38:31.000000;31f8ec34-c075-4da9-ba08-2662bdda8a0c;433.81;23.52500618;UNKNOWN
2016-02-28T00:38:31.000000;2016-02-28T00:38:31.000000;2c729724-b284-4ce2-9643-9179736f773e;433.81;0.3;UNKNOWN
2016-02-28T00:38:34.000000;2016-02-28T00:38:34.000000;6f3e6fdc-87a9-43b7-ba2f-115e33774640;433.8;4.0;UNKNOWN
2016-02-28T00:38:37.000000;2016-02-28T00:38:37.000000;2ad898c0-823d-4eb1-83d4-b582b12cfb76;433.78;0.2;UNKNOWN
2016-02-28T00:38:39.000000;2016-02-28T00:38:39.000000;d6760e29-6dc7-43ff-b281-90b840a31d53;433.67;0.2;UNKNOWN
2016-02-28T00:38:39.000000;2016-02-28T00:38:39.000000;286a5197-daa5-4f39-9ad3-2001d25ebf25;433.25;4.41350829;UNKNOWN
2016-02-28T00:38:39.000000;2016-02-28T00:38:39.000000;0fa7c31c-922d-427d-a718-ee206ae2ca27;433.64;0.2;UNKNOWN
2016-02-28T00:38:39.000000;2016-02-28T00:38:39.000000;760fade0-6baf-41a7-94a8-065556fd2e81;433.49;0.50669171;UNKNOWN
2016-02-28T00:38:39.000000;2016-02-28T00:38:39.000000;fbbf70ce-eac3-4092-9385-ee804e704205;433.52;0.2;UNKNOWN
2016-02-28T00:38:39.000000;2016-02-28T00:38:39.000000;0eb356be-3622-4168-a94b-73b4edd5bf27;433.4;2.7;UNKNOWN
2016-02-28T00:38:39.000000;2016-02-28T00:38:39.000000;00faf807-d32c-4bb5-ae8e-85c6af91198c;433.37;0.2;UNKNOWN
2016-02-28T00:38:39.000000;2016-02-28T00:38:39.000000;83012538-0831-496d-a200-adc4e9591c50;433.32;0.2;UNKNOWN
2016-02-28T00:38:39.000000;2016-02-28T00:38:39.000000;be23d627-f6a5-4a75-9f17-8426ab1d0cdb;433.32;0.2;UNKNOWN
2016-02-28T00:38:39.000000;2016-02-28T00:38:39.000000;70444f27-b949-45e5-be31-794ce842cad8;433.41;5.7369;UNKNOWN
2016-02-28T00:38:39.000000;2016-02-28T00:38:39.000000;386c213d-7c0b-4aea-9b92-7f0c72dd11dd;433.53;0.2;UNKNOWN
2016-02-28T00:38:39.000000;2016-02-28T00:38:39.000000;a6b3d96c-7762-42b8-af3e-8094eb17bf88;433.6;0.03;UNKNOWN
2016-02-28T00:38:39.000000;2016-02-28T00:38:39.000000;9fe6e280-4fab-4db4-bd09-5f57ecfd6212;433.48;0.2;UNKNOWN
2016-02-28T00:38:39.000000;2016-02-28T00:38:39.000000;6f283451-1cd6-4e16-a83a-a21c2d880e18;433.49;0.0129;UNKNOWN
2016-02-28T00:38:41.000000;2016-02-28T00:38:41.000000;ce2ee993-6334-49c7-b906-d1f46fbdfac3;433.63;0.2;UNKNOWN
2016-02-28T00:38:48.000000;2016-02-28T00:38:48.000000;7727664d-6f12-4f35-b801-ccb1810fb02b;433.35;0.2;UNKNOWN
2016-02-28T00:38:51.000000;2016-02-28T00:38:51.000000;eeae3c39-459f-44f2-bce4-4a935644a29d;433.0;0.25;UNKNOWN
2016-02-28T00:38:51.000000;2016-02-28T00:38:51.000000;3113e689-7485-4913-8a47-7e9944ee0a7b;433.02;0.2;UNKNOWN
2016-02-28T00:38:51.000000;2016-02-28T00:38:51.000000;1a9cbb1c-6380-4a37-ab07-61960a40ecfe;432.89;0.2;UNKNOWN
2016-02-28T00:38:51.000000;2016-02-28T00:38:51.000000;258bf84b-8214-4ce7-b6ce-ad6f5d431a7f;433.18;0.2;UNKNOWN
2016-02-28T00:38:51.000000;2016-02-28T00:38:51.000000;5817118c-74f7-4bbb-bccd-5e48178270d3;432.89;0.2;UNKNOWN
2016-02-28T00:38:51.000000;2016-02-28T00:38:51.000000;69ea1ac2-264a-4d9d-8570-43933b5d6116;432.1;0.02;UNKNOWN
2016-02-28T00:38:51.000000;2016-02-28T00:38:51.000000;c6a6032e-5ea9-40ad-ab53-3d7f7ab10ea1;433.16;0.2;UNKNOWN
2016-02-28T00:38:51.000000;2016-02-28T00:38:51.000000;ef7f5a5f-4aeb-461f-bc83-93b8cbc4c844;433.25;6.58649171;UNKNOWN
2016-02-28T00:38:51.000000;2016-02-28T00:38:51.000000;7d07b97a-7cfc-464d-9267-3d248aa5601c;433.21;0.2;UNKNOWN
2016-02-28T00:38:51.000000;2016-02-28T00:38:51.000000;aa81154f-0c60-4c84-97d3-da953c9c01c9;432.99;0.2;UNKNOWN
2016-02-28T00:38:51.000000;2016-02-28T00:38:51.000000;5247df56-33ab-4aaf-92bb-e4f724dfcc20;433.0;0.2;UNKNOWN
2016-02-28T00:38:51.000000;2016-02-28T00:38:51.000000;591be7ac-0754-4cb5-b3d1-789830114074;433.2;0.03;UNKNOWN
2016-02-28T00:38:51.000000;2016-02-28T00:38:51.000000;77052908-c4dc-4de4-a323-9f110fed2803;433.05;0.2;UNKNOWN
2016-02-28T00:38:51.000000;2016-02-28T00:38:51.000000;37bd5fad-1a5c-424a-8184-8a3f92d394ca;433.25;0.0264;UNKNOWN
2016-02-28T00:38:51.000000;2016-02-28T00:38:51.000000;b6a2434c-1ab1-40a8-be1d-d219633aaf0e;432.25;0.2;UNKNOWN
2016-02-28T00:38:51.000000;2016-02-28T00:38:51.000000;be3a6f58-2a53-4861-85ea-4fe4d0817a53;432.39;0.19;UNKNOWN
2016-02-28T00:38:51.000000;2016-02-28T00:38:51.000000;d06a8bb8-fb9b-4b1d-8376-602a7a02e40d;432.85;0.2;UNKNOWN
2016-02-28T00:38:51.000000;2016-02-28T00:38:51.000000;95edfe59-0aaf-4d55-8e9a-95cdb19482b8;432.07;1.37840829;UNKNOWN
2016-02-28T00:38:51.000000;2016-02-28T00:38:51.000000;6fbf532b-c5d1-4f37-84ae-2d1d66a3f566;432.38;0.05;UNKNOWN
2016-02-28T00:38:51.000000;2016-02-28T00:38:51.000000;b41a0fef-b0d1-48ab-b383-1fca575c46c7;432.74;0.2;UNKNOWN
2016-02-28T00:38:51.000000;2016-02-28T00:38:51.000000;f05803fb-3941-4b74-849d-26ab1d2cecb4;432.71;0.2;UNKNOWN
2016-02-28T00:38:51.000000;2016-02-28T00:38:51.000000;1930cbdc-60a8-43f9-bf83-364a392a0232;432.3;0.02;UNKNOWN
2016-02-28T00:38:51.000000;2016-02-28T00:38:51.000000;d8613c2c-1c04-4ef9-81c7-338724ac6778;432.7;0.2;UNKNOWN
2016-02-28T00:38:51.000000;2016-02-28T00:38:51.000000;17e3d38c-9ea2-4059-9c66-83961d745f79;432.86;0.2;UNKNOWN
2016-02-28T00:38:51.000000;2016-02-28T00:38:51.000000;094bfeb6-8b16-4e6f-a3d7-c9f4f3771e2f;432.74;0.2;UNKNOWN
2016-02-28T00:38:51.000000;2016-02-28T00:38:51.000000;0e0514a4-7108-4bad-aaa9-4280f0f4013f;432.6;0.2;UNKNOWN
2016-02-28T00:38:51.000000;2016-02-28T00:38:51.000000;7f85d179-c002-41ab-a499-a7b5e570c226;432.11;0.2;UNKNOWN
2016-02-28T00:38:51.000000;2016-02-28T00:38:51.000000;72dda368-a282-4041-afa2-25dff16342ca;432.4;0.02;UNKNOWN
2016-02-28T00:38:51.000000;2016-02-28T00:38:51.000000;23ed212e-e89a-4d82-baf5-69fa28a1a1aa;432.52;0.0379;UNKNOWN
2016-02-28T00:38:51.000000;2016-02-28T00:38:51.000000;1818fc7b-85ac-4d96-bba9-ebe4b1eab00f;432.54;0.2;UNKNOWN
2016-02-28T00:38:51.000000;2016-02-28T00:38:51.000000;685be95e-45d0-4370-bf27-c3efb465ebd4;432.44;0.2;UNKNOWN
2016-02-28T00:38:51.000000;2016-02-28T00:38:51.000000;f837e0c2-899c-4c22-8194-5b235fc6c6e0;432.32;0.2;UNKNOWN
2016-02-28T00:38:51.000000;2016-02-28T00:38:51.000000;b9d9c0a9-b00e-47e3-be06-4b8d952de53a;432.57;0.2;UNKNOWN
2016-02-28T00:38:51.000000;2016-02-28T00:38:51.000000;3bd597a8-f40a-42d9-a3a6-dba5a3471df7;432.2;0.02;UNKNOWN
2016-02-28T00:38:51.000000;2016-02-28T00:38:51.000000;6d4b1b5f-05ba-469f-9059-711c43d86f41;432.54;1.0;UNKNOWN
2016-02-28T00:38:51.000000;2016-02-28T00:38:51.000000;a6769ea6-a06d-4064-8612-fce4a2a8852c;432.54;0.2;UNKNOWN
2016-02-28T00:38:51.000000;2016-02-28T00:38:51.000000;be1fe406-69c9-45e4-9058-1b4c910063c3;432.46;0.2;UNKNOWN
2016-02-28T00:38:51.000000;2016-02-28T00:38:51.000000;731baf85-6990-40a6-a319-541229cf9a8e;432.5;0.02;UNKNOWN
2016-02-28T00:38:51.000000;2016-02-28T00:38:51.000000;767eb592-6738-4873-aa5a-c6456da06b91;432.39;0.2;UNKNOWN
2016-02-28T00:38:51.000000;2016-02-28T00:38:51.000000;cb05d886-a4d5-42db-8a29-ef3ff1499ea1;432.39;0.2;UNKNOWN
2016-02-28T00:38:55.000000;2016-02-28T00:38:55.000000;5c662267-cb85-4bd8-9460-00d4759d7c5d;433.14;0.2;UNKNOWN
2016-02-28T00:38:57.000000;2016-02-28T00:38:57.000000;653f90be-ac35-4093-9277-6b1d4d8ba92a;432.55;0.2;UNKNOWN
2016-02-28T00:38:57.000000;2016-02-28T00:38:57.000000;afbb98aa-8899-4aa5-a744-e88d4d06240b;432.42;0.2;UNKNOWN
2016-02-28T00:38:57.000000;2016-02-28T00:38:57.000000;d6b26afb-30ad-4bae-928b-6f90880950be;432.7;0.03;UNKNOWN
2016-02-28T00:38:58.000000;2016-02-28T00:38:58.000000;1feed832-b4b5-433f-ba61-67d690679641;432.26;0.01;UNKNOWN
2016-02-28T00:39:06.000000;2016-02-28T00:39:06.000000;83996263-2a5f-494d-a51a-47188fd01da5;432.38;0.01133737;UNKNOWN
2016-02-28T00:39:06.000000;2016-02-28T00:39:06.000000;f6f41a2a-02cc-451d-8fa2-281ae125800c;432.37;0.5;UNKNOWN
2016-02-28T00:39:11.000000;2016-02-28T00:39:11.000000;17a96df0-fb75-4703-84a6-ed34d3001229;431.95;0.2;UNKNOWN
2016-02-28T00:39:11.000000;2016-02-28T00:39:11.000000;5b8398b6-0877-4048-ac21-a39c791b69ba;431.91;0.25;UNKNOWN
2016-02-28T00:39:11.000000;2016-02-28T00:39:11.000000;8a408386-8364-4425-bf28-2389d133e9bf;431.82;0.2;UNKNOWN
2016-02-28T00:39:11.000000;2016-02-28T00:39:11.000000;d95810da-60e5-46ba-a3c8-bb0190671f43;432.12;0.14;UNKNOWN
2016-02-28T00:39:11.000000;2016-02-28T00:39:11.000000;7bb043b9-6e12-4bee-9cf4-67b32b828f5f;431.9;0.02;UNKNOWN
2016-02-28T00:39:11.000000;2016-02-28T00:39:11.000000;6027e348-9bc9-4252-8bc6-546e3fca9b3f;431.85;0.2;UNKNOWN
2016-02-28T00:39:11.000000;2016-02-28T00:39:11.000000;ef2f014b-24c9-4279-b582-7f7022c45f47;431.81;13.6292;UNKNOWN
2016-02-28T00:39:11.000000;2016-02-28T00:39:11.000000;a8839c76-3bbe-4053-b1ca-3e5a2502623b;432.0;0.02;UNKNOWN
2016-02-28T00:39:11.000000;2016-02-28T00:39:11.000000;49301a0b-124d-4ecc-9941-f205f1137436;432.26;0.19;UNKNOWN
2016-02-28T00:39:17.000000;2016-02-28T00:39:17.000000;1f34d077-e3ad-45c6-85e4-ded0d22b3d27;431.81;9.4771684;UNKNOWN
2016-02-28T00:39:17.000000;2016-02-28T00:39:17.000000;72856c85-5d1e-4c0c-88bd-9e51ce3c5cd3;431.8;0.23464567;UNKNOWN
2016-02-28T00:39:17.000000;2016-02-28T00:39:17.000000;e6dd3a5e-68c4-4460-97a4-d828d1535789;431.81;25.58278;UNKNOWN
2016-02-28T00:39:17.000000;2016-02-28T00:39:17.000000;60980e33-8421-43e3-a6a3-c4beb098e830;431.79;0.01818593;UNKNOWN
2016-02-28T00:39:17.000000;2016-02-28T00:39:17.000000;06addf7b-8146-41af-ab28-d603cbdebc0c;431.81;0.25;UNKNOWN
2016-02-28T00:39:17.000000;2016-02-28T00:39:17.000000;37844e08-4df5-4202-8f5c-19da142a9048;431.8;0.02;UNKNOWN
2016-02-28T00:39:17.000000;2016-02-28T00:39:17.000000;2b65bdfd-7333-4d52-9f4a-61dcf4d73882;431.83;0.2;UNKNOWN
2016-02-28T00:39:22.000000;2016-02-28T00:39:22.000000;9bb81689-121c-4580-8d63-9cd1de472fe4;431.49;0.2;UNKNOWN
2016-02-28T00:39:22.000000;2016-02-28T00:39:22.000000;3c71f0f7-8183-450e-99c5-71a9b36bfbae;431.5;0.02;UNKNOWN
2016-02-28T00:39:22.000000;2016-02-28T00:39:22.000000;286d4287-b709-477c-9711-9cac7f581758;431.5;49.0;UNKNOWN
2016-02-28T00:39:22.000000;2016-02-28T00:39:22.000000;3316d2f6-a397-4e0d-913a-fbf949d2e742;431.4;0.02;UNKNOWN
2016-02-28T00:39:22.000000;2016-02-28T00:39:22.000000;bdd7d175-c72f-4f4a-99e7-f15c6650f3f9;431.0;0.04;UNKNOWN
2016-02-28T00:39:22.000000;2016-02-28T00:39:22.000000;37944400-06e2-461b-a78c-400c2730c5a4;431.6;0.01;UNKNOWN
2016-02-28T00:39:22.000000;2016-02-28T00:39:22.000000;b2a66279-b8ed-44b8-8b26-2712fc5a8303;431.6;0.2;UNKNOWN
2016-02-28T00:39:22.000000;2016-02-28T00:39:22.000000;7e6312e5-733e-4419-a24f-77975f5e49a6;431.7;0.2;UNKNOWN
2016-02-28T00:39:22.000000;2016-02-28T00:39:22.000000;5465c824-af23-4e39-8e03-cfdbcd6c8812;431.51;0.05;UNKNOWN
2016-02-28T00:39:22.000000;2016-02-28T00:39:22.000000;c52b733e-8de3-4a1b-aefb-2ccdfdfe4398;431.06;9.221;UNKNOWN
2016-02-28T00:39:22.000000;2016-02-28T00:39:22.000000;59fa2da4-d759-40f7-abfd-0ce5d26ed609;431.01;5.0;UNKNOWN
2016-02-28T00:39:22.000000;2016-02-28T00:39:22.000000;ae9b4a19-70bf-4630-b2ae-4abcc22a3f46;431.1;0.02;UNKNOWN
2016-02-28T00:39:22.000000;2016-02-28T00:39:22.000000;0114ff2c-4bbe-4cc3-9570-41c700948714;431.13;5.0;UNKNOWN
2016-02-28T00:39:22.000000;2016-02-28T00:39:22.000000;4fdd6c5c-4e0f-494b-99e7-45536ceb8c5e;431.5;0.5;UNKNOWN
2016-02-28T00:39:22.000000;2016-02-28T00:39:22.000000;93fdcfd4-9b7e-4e11-9801-6a333decaeca;430.9;0.02;UNKNOWN
2016-02-28T00:39:22.000000;2016-02-28T00:39:22.000000;4a100e94-d1ff-4b80-8e48-9b630e17f6ad;430.84;8.74519474;UNKNOWN
2016-02-28T00:39:22.000000;2016-02-28T00:39:22.000000;7c48552d-c871-405a-92ae-b29294c10ad2;431.14;0.0144102;UNKNOWN
2016-02-28T00:39:22.000000;2016-02-28T00:39:22.000000;0e35d091-0812-43b2-84c9-7483e898cec6;431.35;0.03;UNKNOWN
2016-02-28T00:39:22.000000;2016-02-28T00:39:22.000000;5aee13dd-5fc6-47cf-b6f8-561d1882b0b4;431.37;27.3546;UNKNOWN
2016-02-28T00:39:22.000000;2016-02-28T00:39:22.000000;84cd8cf1-3bbe-4584-8124-0c1f82467fc7;431.2;0.02;UNKNOWN
2016-02-28T00:39:22.000000;2016-02-28T00:39:22.000000;448a6dc2-973e-46ec-93d6-428963a6ce31;431.35;2.42;UNKNOWN
2016-02-28T00:39:22.000000;2016-02-28T00:39:22.000000;e4b03dda-ae75-4419-963e-f9acaa8fb8f8;431.18;5.4093;UNKNOWN
2016-02-28T00:39:22.000000;2016-02-28T00:39:22.000000;bc21b1a3-daf9-49d0-8a13-edf94de46047;431.57;4.09671;UNKNOWN
2016-02-28T00:39:22.000000;2016-02-28T00:39:22.000000;9b9453c2-283e-4613-a29b-9f8d9b9fd841;431.4;0.0209;UNKNOWN
2016-02-28T00:39:22.000000;2016-02-28T00:39:22.000000;85aa9ac4-5819-4c85-9537-6e46cbc823d1;431.51;0.2;UNKNOWN
2016-02-28T00:39:22.000000;2016-02-28T00:39:22.000000;73d7bdd9-9662-4b49-b81a-e1679a1a1f0b;431.65;0.2;UNKNOWN
2016-02-28T00:39:22.000000;2016-02-28T00:39:22.000000;8688ccb2-8566-44b7-9dce-42548d9fd66c;431.04;13.385;UNKNOWN
2016-02-28T00:39:22.000000;2016-02-28T00:39:22.000000;416e98f5-cb9f-4dca-aa47-aa5e1cdda6ff;431.01;0.01;UNKNOWN
2016-02-28T00:39:22.000000;2016-02-28T00:39:22.000000;fce07cfd-0f7e-4e2e-b78f-3b42ee124793;430.85;0.03;UNKNOWN
2016-02-28T00:39:22.000000;2016-02-28T00:39:22.000000;99d532c0-49e4-4a71-bf64-e813cc1e01c5;431.05;0.03;UNKNOWN
2016-02-28T00:39:22.000000;2016-02-28T00:39:22.000000;b56c6208-1fef-4eac-abe1-048225d6db64;431.49;0.2;UNKNOWN
2016-02-28T00:39:22.000000;2016-02-28T00:39:22.000000;de43ac89-9765-49ae-ab19-960a3b22a155;431.66;0.23918506;UNKNOWN
2016-02-28T00:39:22.000000;2016-02-28T00:39:22.000000;37d4db20-d08c-4f62-9418-76a14977e136;431.21;13.4441;UNKNOWN
2016-02-28T00:39:22.000000;2016-02-28T00:39:22.000000;010a66b2-ab5e-4d2f-9788-da6cd07c040c;431.3;0.02;UNKNOWN
2016-02-28T00:39:22.000000;2016-02-28T00:39:22.000000;c4da71f4-1031-45b0-b9f1-98ade92891fe;431.01;0.075;UNKNOWN
2016-02-28T00:39:22.000000;2016-02-28T00:39:22.000000;1a05dd04-4965-4fdf-84dd-f0ce521eb0d5;431.17;0.2;UNKNOWN
2016-02-28T00:39:22.000000;2016-02-28T00:39:22.000000;841e7d13-2e62-4bf8-bdac-bac658fd9947;431.71;0.0589;UNKNOWN
2016-02-28T00:39:22.000000;2016-02-28T00:39:22.000000;cb26139d-fe27-4a2e-a912-4661b79a693a;431.25;0.03;UNKNOWN
2016-02-28T00:39:22.000000;2016-02-28T00:39:22.000000;e1116711-c1b4-4210-9277-dd60666c2adf;431.71;9.35;UNKNOWN
2016-02-28T00:39:22.000000;2016-02-28T00:39:22.000000;a9062dfe-b9a6-4da7-8daf-4575b9217d01;431.71;1.0803;UNKNOWN
2016-02-28T00:39:22.000000;2016-02-28T00:39:22.000000;b99512c5-799d-40aa-beb2-a4f8fcde3dba;431.7;1.0;UNKNOWN
2016-02-28T00:39:22.000000;2016-02-28T00:39:22.000000;f0ac67f1-c498-4a87-9449-6f7d3b714c50;431.32;0.3;UNKNOWN
2016-02-28T00:39:22.000000;2016-02-28T00:39:22.000000;649a61de-1f76-4ca8-9511-2e66fef0e1ff;431.71;0.4697;UNKNOWN
2016-02-28T00:39:22.000000;2016-02-28T00:39:22.000000;ad13d666-22f9-430a-9a14-c543bf8f9ee4;431.32;50.0;UNKNOWN
2016-02-28T00:39:22.000000;2016-02-28T00:39:22.000000;f7217acb-1557-49c3-953e-ca69b728874a;431.7;0.02;UNKNOWN
2016-02-28T00:39:22.000000;2016-02-28T00:39:22.000000;7bec7c9b-4727-47d0-8fbf-978ee3a62367;431.71;0.0914;UNKNOWN
2016-02-28T00:39:22.000000;2016-02-28T00:39:22.000000;c6d5fec3-0870-4d3a-990e-6904ec4cafb3;431.75;0.03;UNKNOWN
2016-02-28T00:39:22.000000;2016-02-28T00:39:22.000000;33125bc8-132f-49dd-9332-157b97ad941c;431.0;0.4;UNKNOWN
2016-02-28T00:39:22.000000;2016-02-28T00:39:22.000000;249f547e-7d96-4f18-a98d-f273bccff20e;431.0;1.0;UNKNOWN
2016-02-28T00:39:22.000000;2016-02-28T00:39:22.000000;e7a058d9-4bcc-42a7-ac91-837de242eea9;431.0;0.5;UNKNOWN
2016-02-28T00:39:22.000000;2016-02-28T00:39:22.000000;91b24abb-2c8b-4651-9efd-ead66e9d6d60;431.61;0.2;UNKNOWN
2016-02-28T00:39:22.000000;2016-02-28T00:39:22.000000;ead4384e-1e86-4be3-96ce-8329bf437b90;431.0;0.02;UNKNOWN
2016-02-28T00:39:22.000000;2016-02-28T00:39:22.000000;18a563bc-ab4b-478d-a247-c1a441e0b2f4;431.0;49.0;UNKNOWN
2016-02-28T00:39:22.000000;2016-02-28T00:39:22.000000;05429ec7-0a84-42a1-8e97-2380f09ebd22;431.6;0.02;UNKNOWN
2016-02-28T00:39:22.000000;2016-02-28T00:39:22.000000;3689e7c5-b69f-482f-b989-8a68831d8305;431.65;0.03;UNKNOWN
2016-02-28T00:39:22.000000;2016-02-28T00:39:22.000000;7f0137dd-4e5d-43cc-a472-a6fea95c186c;431.64;0.7543;UNKNOWN
2016-02-28T00:39:26.000000;2016-02-28T00:39:26.000000;11edfc6f-3e4f-43d9-8952-9fb339cfa191;431.96;0.2;UNKNOWN
2016-02-28T00:39:27.000000;2016-02-28T00:39:27.000000;68957601-84f7-488a-8e0f-80c989836c60;431.96;0.2;UNKNOWN
2016-02-28T00:39:32.000000;2016-02-28T00:39:32.000000;acd7a0cf-b7c3-4f35-b19f-83ef42919ad8;430.84;8.17660526;UNKNOWN
2016-02-28T00:39:32.000000;2016-02-28T00:39:32.000000;5b412724-9f76-4437-9461-59ddb72391f9;431.37;0.2;UNKNOWN
2016-02-28T00:39:32.000000;2016-02-28T00:39:32.000000;2cbbccce-271c-45ef-ab9e-453b69317ac6;430.77;1.25;UNKNOWN
2016-02-28T00:39:32.000000;2016-02-28T00:39:32.000000;d3e3b7b0-79a2-498b-9835-93423ec0ddcf;430.77;16.80339474;UNKNOWN
2016-02-28T00:39:32.000000;2016-02-28T00:39:32.000000;44d9d30d-1b17-4cbe-8d23-32941329d7f7;430.77;1.0;UNKNOWN
2016-02-28T00:39:32.000000;2016-02-28T00:39:32.000000;c40cc0ab-7903-4a85-a3b6-77dfd9ba1c60;431.41;0.2;UNKNOWN
2016-02-28T00:39:32.000000;2016-02-28T00:39:32.000000;121c742e-e918-4972-999f-340320a799a1;430.87;13.9998;UNKNOWN
2016-02-28T00:39:32.000000;2016-02-28T00:39:32.000000;62b0156a-59ba-4fb6-ac0b-8fadbe7ecc10;431.01;0.3;UNKNOWN
2016-02-28T00:39:32.000000;2016-02-28T00:39:32.000000;b2c51ca1-1a82-454b-b119-e84f6ad5cee1;430.84;3.75480526;UNKNOWN
2016-02-28T00:39:32.000000;2016-02-28T00:39:32.000000;a31b6818-e0d9-4a9e-9711-16ab9420eaab;431.61;0.2;UNKNOWN
2016-02-28T00:39:32.000000;2016-02-28T00:39:32.000000;67ad1a10-f285-4982-b6ec-d333ecbb9f80;431.6;0.2;UNKNOWN
2016-02-28T00:39:32.000000;2016-02-28T00:39:32.000000;b361f57c-34a3-4a96-8eee-f04de5a787ed;431.27;0.2;UNKNOWN
2016-02-28T00:39:32.000000;2016-02-28T00:39:32.000000;ff078288-4e89-4077-b2c1-b63069dc2201;430.8;0.02;UNKNOWN
2016-02-28T00:39:32.000000;2016-02-28T00:39:32.000000;e1dc91ef-7102-4099-91bf-86bb0df0fb32;430.77;2.6;UNKNOWN
2016-02-28T00:39:32.000000;2016-02-28T00:39:32.000000;fe70d411-4cbe-4991-92ac-88fdce37fd65;430.84;5.94539474;UNKNOWN
2016-02-28T00:39:32.000000;2016-02-28T00:39:32.000000;c6e8cf2f-ee26-4459-b177-7ed2310c5f27;430.77;0.42;UNKNOWN
2016-02-28T00:39:32.000000;2016-02-28T00:39:32.000000;3fdf296c-7da0-49d1-830c-7b28854ba5d2;430.77;0.5;UNKNOWN
2016-02-28T00:39:43.000000;2016-02-28T00:39:43.000000;8e1a38d8-32c4-4a42-93b4-10f90df77dff;430.0;5.0;UNKNOWN
2016-02-28T00:39:43.000000;2016-02-28T00:39:43.000000;c12dee9b-654c-4c6e-a6ae-50e3d02d3820;430.4;0.02;UNKNOWN
2016-02-28T00:39:43.000000;2016-02-28T00:39:43.000000;9c68d5d2-e0dc-4db1-b33d-090367be0d28;430.3;14.7388;UNKNOWN
2016-02-28T00:39:43.000000;2016-02-28T00:39:43.000000;66d87722-01e8-41e9-89f9-b048a84bb61a;430.24;0.36251313;UNKNOWN
2016-02-28T00:39:43.000000;2016-02-28T00:39:43.000000;41db0995-f6a1-40f5-856c-67740993a9a3;430.0;43.51961373;UNKNOWN
2016-02-28T00:39:43.000000;2016-02-28T00:39:43.000000;82b2299c-1cae-4e3c-8ef1-6f057bd76885;430.0;0.9;UNKNOWN
2016-02-28T00:39:43.000000;2016-02-28T00:39:43.000000;fe338eef-7173-4515-9d74-ecf077a7ee30;430.2;0.02;UNKNOWN
2016-02-28T00:39:43.000000;2016-02-28T00:39:43.000000;2e6b60c8-a63c-4ab1-9f33-7d9d8c63cbc2;430.35;0.03;UNKNOWN
2016-02-28T00:39:43.000000;2016-02-28T00:39:43.000000;2d819f28-46bc-43e4-a6f5-2da068e6f17a;430.0;1.5;UNKNOWN
2016-02-28T00:39:43.000000;2016-02-28T00:39:43.000000;62ab770b-582e-4d2d-9349-dcb86f4ee6d6;430.0;8.0;UNKNOWN
2016-02-28T00:39:43.000000;2016-02-28T00:39:43.000000;d688847e-8645-44a8-be20-14b434b6e0da;430.47;33.33;UNKNOWN
2016-02-28T00:39:43.000000;2016-02-28T00:39:43.000000;749c05b2-537f-438a-8e84-68f2b11909e5;430.55;0.03;UNKNOWN
2016-02-28T00:39:43.000000;2016-02-28T00:39:43.000000;27373458-91c6-4db7-b0f3-6fa4d13198d5;430.0;3.4103;UNKNOWN
2016-02-28T00:39:43.000000;2016-02-28T00:39:43.000000;069b6496-63dc-4790-9945-dea99325d091;430.01;1.0131;UNKNOWN
2016-02-28T00:39:43.000000;2016-02-28T00:39:43.000000;cdeda9c4-d03d-4c38-bbdb-1d929d146dd4;430.01;0.15;UNKNOWN
2016-02-28T00:39:43.000000;2016-02-28T00:39:43.000000;195e4849-4969-466a-a31e-5b04211f1203;430.47;100.0;UNKNOWN
2016-02-28T00:39:43.000000;2016-02-28T00:39:43.000000;1f80d1f1-eea2-4074-8daa-69f9de9435c7;430.45;0.03;UNKNOWN
2016-02-28T00:39:43.000000;2016-02-28T00:39:43.000000;a4b51a23-2b0c-4040-ac4e-36208f9593a1;430.0;0.02;UNKNOWN
2016-02-28T00:39:43.000000;2016-02-28T00:39:43.000000;e81816f8-68d0-4f05-b3d6-413fee8d8946;430.01;0.05044;UNKNOWN
2016-02-28T00:39:43.000000;2016-02-28T00:39:43.000000;66e367a5-3806-4187-8049-b1039e073d99;430.01;17.76122989;UNKNOWN
2016-02-28T00:39:43.000000;2016-02-28T00:39:43.000000;421c4c02-d228-4d80-9d33-485e79b05260;430.41;0.01768456;UNKNOWN
2016-02-28T00:39:43.000000;2016-02-28T00:39:43.000000;2e40f968-108f-45bf-bc6f-4867a60cdcc7;430.5;13.5716;UNKNOWN
2016-02-28T00:39:43.000000;2016-02-28T00:39:43.000000;be1288ae-550c-4a2a-9701-7f269bc1b975;430.59;0.3;UNKNOWN
2016-02-28T00:39:43.000000;2016-02-28T00:39:43.000000;fda84a4f-d05e-49e1-b5bf-6682e357ced4;430.17;3.0;UNKNOWN
2016-02-28T00:39:43.000000;2016-02-28T00:39:43.000000;ca98ce75-9351-4369-a0ce-3a37fdb760de;430.15;2.0;UNKNOWN
2016-02-28T00:39:43.000000;2016-02-28T00:39:43.000000;66a71625-f3fa-446b-8265-0592b205e0c0;430.5;0.02;UNKNOWN
2016-02-28T00:39:43.000000;2016-02-28T00:39:43.000000;f4b4daab-aeff-4e7d-830c-d55f24bc8119;430.3;0.02;UNKNOWN
2016-02-28T00:39:43.000000;2016-02-28T00:39:43.000000;570f0652-9d29-4263-85fd-08ec00b0a1d9;430.77;10.75660526;UNKNOWN
2016-02-28T00:39:43.000000;2016-02-28T00:39:43.000000;34615231-24de-44bf-8adc-1e1f4ab3a062;430.31;12.5;UNKNOWN
2016-02-28T00:39:43.000000;2016-02-28T00:39:43.000000;48828c58-0417-46d7-88bf-6211350be382;430.02;15.1355;UNKNOWN
2016-02-28T00:39:43.000000;2016-02-28T00:39:43.000000;897a5126-3534-41dc-b975-a142250aa84c;430.5;0.1;UNKNOWN
2016-02-28T00:39:43.000000;2016-02-28T00:39:43.000000;80e19fb5-269f-49d5-a648-05435aaf3ef3;430.55;8.53;UNKNOWN
2016-02-28T00:39:43.000000;2016-02-28T00:39:43.000000;3ed99238-7d56-43f6-8fb1-fb4222ab7d16;430.36;13.8426;UNKNOWN
2016-02-28T00:39:43.000000;2016-02-28T00:39:43.000000;cf4752e0-ced9-4c5e-8da0-e7c84546c8b6;430.7;0.02;UNKNOWN
2016-02-28T00:39:43.000000;2016-02-28T00:39:43.000000;db02a9be-fefb-441a-ae79-ebf452696deb;430.67;0.21;UNKNOWN
2016-02-28T00:39:43.000000;2016-02-28T00:39:43.000000;754b2d43-1dc2-4bb8-8c10-a91520850d7a;430.5;49.0;UNKNOWN
2016-02-28T00:39:43.000000;2016-02-28T00:39:43.000000;8464b3ee-a42e-4e36-ae63-a1ae89bce4cc;430.01;5.0;UNKNOWN
2016-02-28T00:39:43.000000;2016-02-28T00:39:43.000000;0f017c6a-92ef-42f7-ba91-0de346c37aee;430.35;15.0189;UNKNOWN
2016-02-28T00:39:43.000000;2016-02-28T00:39:43.000000;7262c536-9e98-4d7a-8828-37c2d359e4a7;430.36;6.54;UNKNOWN
2016-02-28T00:39:43.000000;2016-02-28T00:39:43.000000;7ede0a31-9996-4c30-ade8-ca5472319769;430.11;60.02721343;UNKNOWN
2016-02-28T00:39:43.000000;2016-02-28T00:39:43.000000;164287ea-0c1e-4edf-88c3-1b6ed8e3f1fd;430.1;0.02;UNKNOWN
2016-02-28T00:39:43.000000;2016-02-28T00:39:43.000000;89730328-051d-44a7-9eaa-3970b42d4b20;430.71;1.0;UNKNOWN
2016-02-28T00:39:43.000000;2016-02-28T00:39:43.000000;f44549f1-a066-4f76-aa8b-cef5ba549cca;430.65;2.0;UNKNOWN
2016-02-28T00:39:43.000000;2016-02-28T00:39:43.000000;c5f61d37-c458-41b8-86d9-ee6c508dfd81;430.6;0.02;UNKNOWN
2016-02-28T00:39:43.000000;2016-02-28T00:39:43.000000;05803a47-ee1c-4205-ac2d-b9102afb5eac;431.39;0.2;UNKNOWN
2016-02-28T00:39:43.000000;2016-02-28T00:39:43.000000;43e388e5-33f5-4fab-8532-f394a6dc8cc2;430.69;0.2;UNKNOWN
2016-02-28T00:39:43.000000;2016-02-28T00:39:43.000000;b12fdfb3-9ec1-47c2-bec3-3cc94e38fc5b;430.14;0.1;UNKNOWN
2016-02-28T00:39:43.000000;2016-02-28T00:39:43.000000;c94c2e0a-4328-44e2-884b-5606b5432240;430.17;33.33;UNKNOWN
2016-02-28T00:39:43.000000;2016-02-28T00:39:43.000000;9724a0f0-8c4f-4800-9bfe-58ebac99835e;430.11;0.5;UNKNOWN
2016-02-28T00:39:43.000000;2016-02-28T00:39:43.000000;7ec1b29d-5fb6-4747-89ba-e8eb8d52fbfc;430.51;0.1;UNKNOWN
2016-02-28T00:39:43.000000;2016-02-28T00:39:43.000000;9bf7a555-cc11-4d72-ac2f-05d4fcd62ff0;430.11;2.25;UNKNOWN
2016-02-28T00:39:43.000000;2016-02-28T00:39:43.000000;c91fa00d-1e1a-4df5-b3c3-b42ffccc1fb9;431.31;0.2;UNKNOWN
2016-02-28T00:39:43.000000;2016-02-28T00:39:43.000000;67daec8c-72bf-47d2-a747-6aff2f4a5840;430.18;14.5839;UNKNOWN
2016-02-28T00:39:44.000000;2016-02-28T00:39:44.000000;dc983dba-b448-478c-8a8a-d5da50278562;430.6;0.2;UNKNOWN
2016-02-28T00:39:44.000000;2016-02-28T00:39:44.000000;bbb2a7db-2ca0-4797-ae84-59f49c037313;430.0;50.0;UNKNOWN
2016-02-28T00:39:46.000000;2016-02-28T00:39:46.000000;7badb208-70fd-48e3-900d-16e2b730991e;430.57;0.2;UNKNOWN
2016-02-28T00:39:47.000000;2016-02-28T00:39:47.000000;3b068ed5-09d5-4945-a9fc-263a59760e6e;430.0;17.96799576;UNKNOWN
2016-02-28T00:39:48.000000;2016-02-28T00:39:48.000000;2b58eef7-0162-4bdd-a5b7-dec03baab446;430.2;20.0;UNKNOWN
2016-02-28T00:39:48.000000;2016-02-28T00:39:48.000000;c5b7628f-a001-4ca6-8909-5fd689b0cf28;430.57;0.2;UNKNOWN
2016-02-28T00:39:49.000000;2016-02-28T00:39:49.000000;69b5a3fe-76e4-4dfb-afc1-afb87a4bb5cc;430.57;0.2;UNKNOWN
2016-02-28T00:39:50.000000;2016-02-28T00:39:50.000000;78d13785-2e89-4731-9042-0b8611713904;429.8;0.02;UNKNOWN
2016-02-28T00:39:50.000000;2016-02-28T00:39:50.000000;3a6cb3a3-9d2c-497e-92ba-b01f8dd4a7eb;426.0;14.5995;UNKNOWN
2016-02-28T00:39:50.000000;2016-02-28T00:39:50.000000;3ca45197-291e-41bd-b4e8-8babcdb7d0dd;427.77;5.0;UNKNOWN
2016-02-28T00:39:50.000000;2016-02-28T00:39:50.000000;7d998be5-9da5-47b9-9175-f382fd9b2ed6;426.0;4.0;UNKNOWN
2016-02-28T00:39:50.000000;2016-02-28T00:39:50.000000;c6029df3-d4c8-45bc-8043-55a9a3acb112;429.7;0.02;UNKNOWN
2016-02-28T00:39:50.000000;2016-02-28T00:39:50.000000;358ac80e-7e3c-4391-941d-90cd05a02a6c;429.0;0.01;UNKNOWN
2016-02-28T00:39:50.000000;2016-02-28T00:39:50.000000;76e2bdbb-e3a9-43af-bfa1-13a857ff5087;426.6;0.115;UNKNOWN
2016-02-28T00:39:50.000000;2016-02-28T00:39:50.000000;9516b336-fe04-4fd1-babe-5c1a2edbecf2;429.0;0.01;UNKNOWN
2016-02-28T00:39:50.000000;2016-02-28T00:39:50.000000;2b3c8369-8f2c-424d-b9e9-1c89da170441;429.13;0.7813;UNKNOWN
2016-02-28T00:39:50.000000;2016-02-28T00:39:50.000000;ece270f6-f882-4a4a-9b48-cd5e518164f3;429.07;15.3862;UNKNOWN
2016-02-28T00:39:50.000000;2016-02-28T00:39:50.000000;d1fe93d3-c98b-4b74-b11a-db69f8f927a7;429.61;5.0;UNKNOWN
2016-02-28T00:39:50.000000;2016-02-28T00:39:50.000000;9b937be3-036e-4416-a93b-775abaf9d49a;427.77;0.05;UNKNOWN
2016-02-28T00:39:50.000000;2016-02-28T00:39:50.000000;20ffb660-a834-45f7-a8cb-7406ff0cd117;429.78;0.38152679;UNKNOWN
2016-02-28T00:39:50.000000;2016-02-28T00:39:50.000000;70c4632d-8645-4337-9cf7-6175d9657056;429.19;2.43;UNKNOWN
2016-02-28T00:39:50.000000;2016-02-28T00:39:50.000000;e289fef2-f536-4742-82cc-b6a0068281ec;429.83;1.0;UNKNOWN
2016-02-28T00:39:50.000000;2016-02-28T00:39:50.000000;31e38941-f81f-44ab-bf39-1d7cdf28b799;429.3;0.02;UNKNOWN
2016-02-28T00:39:50.000000;2016-02-28T00:39:50.000000;887d6ae1-8523-4f60-88f8-c6c698899a47;426.66;10.0;UNKNOWN
2016-02-28T00:39:50.000000;2016-02-28T00:39:50.000000;33147615-ab61-48b8-84d4-056f02d95a5e;427.0;0.78774329;UNKNOWN
2016-02-28T00:39:50.000000;2016-02-28T00:39:50.000000;5608a51d-a254-454a-97d6-68b75472239e;428.28;0.25;UNKNOWN
2016-02-28T00:39:50.000000;2016-02-28T00:39:50.000000;9bc5ac26-3499-478c-9ce5-a2b294d86ffb;427.76;3.42067456;UNKNOWN
2016-02-28T00:39:50.000000;2016-02-28T00:39:50.000000;2027ddfd-866a-4397-a3dd-4e589ffd6430;430.03;9.35;UNKNOWN
2016-02-28T00:39:50.000000;2016-02-28T00:39:50.000000;493dd033-fd71-4833-ac0a-92033c76f79c;429.77;1.15502989;UNKNOWN
2016-02-28T00:39:50.000000;2016-02-28T00:39:50.000000;56c73213-e3f7-472d-8e6b-a9638903d764;430.04;1.05;UNKNOWN
2016-02-28T00:39:50.000000;2016-02-28T00:39:50.000000;c5000aa0-6d89-448a-88ff-28ed6f1f48b4;429.0;2.0;UNKNOWN
2016-02-28T00:39:50.000000;2016-02-28T00:39:50.000000;ff72c3ac-7598-4d87-ad92-362916fc0255;428.9;0.02;UNKNOWN
2016-02-28T00:39:50.000000;2016-02-28T00:39:50.000000;5f273187-13e4-4beb-b0d7-ff30e245ca6d;429.1;0.02;UNKNOWN
2016-02-28T00:39:50.000000;2016-02-28T00:39:50.000000;12009dd1-14e1-4699-b1a9-aab0dca8fb80;428.36;13.5936;UNKNOWN
2016-02-28T00:39:50.000000;2016-02-28T00:39:50.000000;4a732788-a59e-41f2-af0e-f40e5ce4d7f2;425.77;5.0;UNKNOWN
2016-02-28T00:39:50.000000;2016-02-28T00:39:50.000000;10cd2de4-f8d7-4a95-98e2-09b3f7b34d1f;425.5;25.0;UNKNOWN
2016-02-28T00:39:50.000000;2016-02-28T00:39:50.000000;15f06495-769e-44aa-8d65-dee7b65f4430;429.77;3.84497011;UNKNOWN
2016-02-28T00:39:50.000000;2016-02-28T00:39:50.000000;ac049fdd-2242-4e47-b82f-7adebab7c270;429.96;0.1427;UNKNOWN
2016-02-28T00:39:50.000000;2016-02-28T00:39:50.000000;35ac341b-11be-4980-a2bd-b698196f0ffa;425.81;14.0008;UNKNOWN
2016-02-28T00:39:50.000000;2016-02-28T00:39:50.000000;7d2e7724-e241-42d8-8e59-559f19f745a0;425.62;13.8601;UNKNOWN
2016-02-28T00:39:50.000000;2016-02-28T00:39:50.000000;9dc39ec0-71d2-4776-9851-74eee9307123;430.0;0.01;UNKNOWN
2016-02-28T00:39:50.000000;2016-02-28T00:39:50.000000;b7cb80f0-c3bf-44b9-ab99-609f5506338c;429.75;2.0;UNKNOWN
2016-02-28T00:39:50.000000;2016-02-28T00:39:50.000000;54cc2022-82b3-4a04-89c2-40a0039f7ff1;425.99;3.43300491;UNKNOWN
2016-02-28T00:39:50.000000;2016-02-28T00:39:50.000000;7bed2b68-fd1f-46a6-9b3e-4146fbb7cefb;427.9;4.62;UNKNOWN
2016-02-28T00:39:50.000000;2016-02-28T00:39:50.000000;1586c945-083e-4272-9668-71c19f69ed3c;426.61;10.0;UNKNOWN
2016-02-28T00:39:50.000000;2016-02-28T00:39:50.000000;28e44bb0-521b-4d73-aef2-d278b82127e8;430.55;0.5;UNKNOWN
2016-02-28T00:39:50.000000;2016-02-28T00:39:50.000000;e539e47b-3e2e-42dc-b559-cb5183bda07a;426.0;11.0;UNKNOWN
2016-02-28T00:39:50.000000;2016-02-28T00:39:50.000000;f6a3fbe5-38ca-4567-8697-1327055633ab;429.83;13.3608;UNKNOWN
2016-02-28T00:39:50.000000;2016-02-28T00:39:50.000000;a8de33de-6d94-48ac-a07f-cceb7b557f9a;426.36;13.3389;UNKNOWN
2016-02-28T00:39:50.000000;2016-02-28T00:39:50.000000;a1e13baf-a5f2-4783-8ba3-79a7ad76b9a5;426.66;0.05;UNKNOWN
2016-02-28T00:39:50.000000;2016-02-28T00:39:50.000000;2a2d80aa-3adc-4494-b925-7749120b6bbb;426.27;3.43300491;UNKNOWN
2016-02-28T00:39:50.000000;2016-02-28T00:39:50.000000;d608f6b1-153f-4907-b262-a449b2805a91;426.0;3.33;UNKNOWN
2016-02-28T00:39:50.000000;2016-02-28T00:39:50.000000;b0b2258e-b941-48e6-96b3-cb35adfcc6f7;426.0;0.5;UNKNOWN
2016-02-28T00:39:50.000000;2016-02-28T00:39:50.000000;d94c9648-7d7d-468e-aee0-ae5d66f75716;426.54;13.5074;UNKNOWN
2016-02-28T00:39:50.000000;2016-02-28T00:39:50.000000;f852131f-d789-4758-9030-251da9c0bae1;426.5;0.22;UNKNOWN
2016-02-28T00:39:50.000000;2016-02-28T00:39:50.000000;07783cf5-0f8d-4714-92a0-58cb4a4cccef;429.44;6.29730519;UNKNOWN
2016-02-28T00:39:50.000000;2016-02-28T00:39:50.000000;e840a58e-a7de-4a00-bb89-63edb89abc96;426.77;0.21686;UNKNOWN
2016-02-28T00:39:50.000000;2016-02-28T00:39:50.000000;052d01b1-d5e6-4f0e-95ad-b6e8d569ccf1;429.2;0.02;UNKNOWN
2016-02-28T00:39:50.000000;2016-02-28T00:39:50.000000;3c99a102-c54a-4b61-91ca-9ec8842fa600;429.48;0.062528;UNKNOWN
2016-02-28T00:39:50.000000;2016-02-28T00:39:50.000000;50f68ca7-48a3-47a9-b1f7-0f62b9c9c5e0;429.45;2.0;UNKNOWN
2016-02-28T00:39:50.000000;2016-02-28T00:39:50.000000;860a1c31-9497-44fd-a1a8-d1cb482a7fbd;429.01;4.52;UNKNOWN
2016-02-28T00:39:50.000000;2016-02-28T00:39:50.000000;7f0f4181-92bf-49e2-bbda-7cd657bc5bd6;429.24;15.0809;UNKNOWN
2016-02-28T00:39:50.000000;2016-02-28T00:39:50.000000;d3b24ce4-a09b-4a49-aff6-2f9e0ef2bb64;429.4;0.02;UNKNOWN
2016-02-28T00:39:50.000000;2016-02-28T00:39:50.000000;19d33bae-4d6e-4cee-bd37-a543a5e3c5c2;425.75;9.475;UNKNOWN
2016-02-28T00:39:50.000000;2016-02-28T00:39:50.000000;9b375fc1-74c0-4957-b1ad-c2845ea23588;429.02;12.0;UNKNOWN
2016-02-28T00:39:50.000000;2016-02-28T00:39:50.000000;094af1a1-5336-4bb9-88e3-9fe47ce86a25;428.59;0.01522073;UNKNOWN
2016-02-28T00:39:50.000000;2016-02-28T00:39:50.000000;f5b9b320-d79e-4f9d-ab50-19a3d3651255;426.89;14.7843;UNKNOWN
2016-02-28T00:39:50.000000;2016-02-28T00:39:50.000000;ee05f8c1-df0f-4a1c-9eb4-f6897f4122d4;426.73;13.406;UNKNOWN
2016-02-28T00:39:50.000000;2016-02-28T00:39:50.000000;d3717e45-82e3-49e7-b811-672178bbb52c;425.5;2.0;UNKNOWN
2016-02-28T00:39:50.000000;2016-02-28T00:39:50.000000;a9aed9a7-aa40-4ddf-ad42-c5d81d23551c;426.89;1.5925;UNKNOWN
2016-02-28T00:39:50.000000;2016-02-28T00:39:50.000000;7caac770-7b27-4fe7-a2c2-ec600c6fedf6;428.5;14.0209;UNKNOWN
2016-02-28T00:39:50.000000;2016-02-28T00:39:50.000000;9b7e95fe-af31-46c3-813d-8b6472031ea8;429.0;0.1;UNKNOWN
2016-02-28T00:39:50.000000;2016-02-28T00:39:50.000000;7cde5cae-1d00-4460-943a-bc5900df6d5a;429.0;2.0;UNKNOWN
2016-02-28T00:39:50.000000;2016-02-28T00:39:50.000000;14500389-4e43-4941-99bf-572d1416e2be;428.6;0.02;UNKNOWN
2016-02-28T00:39:50.000000;2016-02-28T00:39:50.000000;8f12e357-c681-449f-8540-4d6e2be5210b;427.0;1.0;UNKNOWN
2016-02-28T00:39:50.000000;2016-02-28T00:39:50.000000;f5d670f0-8ea6-4d2c-9fe1-2769c7df40df;428.5;0.02;UNKNOWN
2016-02-28T00:39:50.000000;2016-02-28T00:39:50.000000;daa9e3d2-e74a-434c-bc38-56b06b785c95;429.63;10.83;UNKNOWN
2016-02-28T00:39:50.000000;2016-02-28T00:39:50.000000;0ce1679a-71ea-464e-a57d-2c1e8e7c86e2;425.61;0.25;UNKNOWN
2016-02-28T00:39:50.000000;2016-02-28T00:39:50.000000;1e28d854-d806-4b2e-9f3d-1bc242149b84;429.3;90.0;UNKNOWN
2016-02-28T00:39:50.000000;2016-02-28T00:39:50.000000;9c130fb5-0fe2-4427-84ae-483736216f51;429.59;0.02244411;UNKNOWN
2016-02-28T00:39:50.000000;2016-02-28T00:39:50.000000;4f27d3a7-c5ab-4073-b8ab-9317f6c5149e;429.51;0.2;UNKNOWN
2016-02-28T00:39:50.000000;2016-02-28T00:39:50.000000;77a98603-b7b4-4c25-9eb3-cee18b202722;429.6;0.02;UNKNOWN
2016-02-28T00:39:50.000000;2016-02-28T00:39:50.000000;af655fd6-18e2-41e3-b02a-e1e497864613;425.55;0.05;UNKNOWN
2016-02-28T00:39:50.000000;2016-02-28T00:39:50.000000;c3c2280a-c46a-46bc-8d1a-61ec18ff0d42;429.01;5.0;UNKNOWN
2016-02-28T00:39:50.000000;2016-02-28T00:39:50.000000;384dd176-a32c-42b9-9a0a-21e047a6793d;429.26;0.04680301;UNKNOWN
2016-02-28T00:39:50.000000;2016-02-28T00:39:50.000000;1bf4ba97-447f-4e23-abba-09880bd8c8de;425.5;1.0;UNKNOWN
2016-02-28T00:39:50.000000;2016-02-28T00:39:50.000000;ccc280f2-4d8a-4043-84f6-b8fd3e4b7ef4;425.5;15.0;UNKNOWN
2016-02-28T00:39:50.000000;2016-02-28T00:39:50.000000;866f5ff7-6c22-47bf-b063-cad2ce0e8ec5;429.49;0.22229281;UNKNOWN
2016-02-28T00:39:50.000000;2016-02-28T00:39:50.000000;2afed8d5-1e86-42ed-8e06-1cc66b421426;429.62;8.15542989;UNKNOWN
2016-02-28T00:39:50.000000;2016-02-28T00:39:50.000000;5b1aa936-6864-48e7-a8b4-90988720c908;429.51;1.0;UNKNOWN
2016-02-28T00:39:50.000000;2016-02-28T00:39:50.000000;9bab7612-7d40-4ce8-a682-a969e1d06008;426.84;0.15226;UNKNOWN
2016-02-28T00:39:50.000000;2016-02-28T00:39:50.000000;c6ac7838-a6c1-4751-a6ac-c6157148af3f;429.7;2.5;UNKNOWN
2016-02-28T00:39:50.000000;2016-02-28T00:39:50.000000;afbd27c6-d381-4f96-baf7-7a91af7dd26a;429.0;0.02;UNKNOWN
2016-02-28T00:39:50.000000;2016-02-28T00:39:50.000000;ecce52f2-b8c6-475e-ab1b-42babbb9f04b;429.44;9.80189481;UNKNOWN
2016-02-28T00:39:50.000000;2016-02-28T00:39:50.000000;2f18660e-fc0f-4bb2-b811-cb51ca5fb89e;425.48;14.9086;UNKNOWN
2016-02-28T00:39:50.000000;2016-02-28T00:39:50.000000;5e349941-5a83-45f3-8362-c183eac56f52;429.62;7.44497011;UNKNOWN
2016-02-28T00:39:50.000000;2016-02-28T00:39:50.000000;ebc5b606-7349-4a08-b768-3cab5f30d851;429.6;2.0;UNKNOWN
2016-02-28T00:39:50.000000;2016-02-28T00:39:50.000000;8e1a774c-25c0-40ba-bf93-13f1e0e02463;429.5;0.02;UNKNOWN
2016-02-28T00:39:50.000000;2016-02-28T00:39:50.000000;20e4704c-3b3b-4d3b-b9e8-caf0256a8952;428.38;9.725;UNKNOWN
2016-02-28T00:39:50.000000;2016-02-28T00:39:50.000000;c5a9dec7-01c1-45ac-b3ca-bd73cc4260ea;427.9;0.23;UNKNOWN
2016-02-28T00:39:50.000000;2016-02-28T00:39:50.000000;bdf07bac-9e51-4143-937c-371ca5a3b3c2;428.37;9.641;UNKNOWN
2016-02-28T00:39:50.000000;2016-02-28T00:39:50.000000;29479bb9-a6b6-41c5-8003-603e8918fa3a;428.76;7.0;UNKNOWN
2016-02-28T00:39:50.000000;2016-02-28T00:39:50.000000;2a5c9ca7-7271-4814-a84d-9020b7c5646d;425.13;5.0;UNKNOWN
2016-02-28T00:39:50.000000;2016-02-28T00:39:50.000000;6fe73036-d08d-49e3-9a36-4f69e9c3bece;425.16;0.09013;UNKNOWN
2016-02-28T00:39:50.000000;2016-02-28T00:39:50.000000;82fdb78a-2e02-417d-afc4-6ea84c5eb5d4;428.77;16.45;UNKNOWN
2016-02-28T00:39:50.000000;2016-02-28T00:39:50.000000;694d44c2-d0ff-40c6-83d0-0f1d262bd578;425.14;0.1;UNKNOWN
2016-02-28T00:39:50.000000;2016-02-28T00:39:50.000000;9fae673d-3e14-4705-af28-16a2587c6eca;425.11;3.91412742;UNKNOWN
2016-02-28T00:39:50.000000;2016-02-28T00:39:50.000000;555a2546-27c0-43de-8ad2-a5957239eefd;427.77;5.0;UNKNOWN
2016-02-28T00:39:50.000000;2016-02-28T00:39:50.000000;7ef018c4-97cf-4ad9-89c1-4c1d101418e0;425.2;10.0;UNKNOWN
2016-02-28T00:39:50.000000;2016-02-28T00:39:50.000000;3c7f0f8f-b3cb-4f13-a0f1-6821800598b8;430.0;0.5;UNKNOWN
2016-02-28T00:39:50.000000;2016-02-28T00:39:50.000000;0116e8b2-9c4c-43b7-ac3c-76ec3eff34df;425.25;9.617;UNKNOWN
2016-02-28T00:39:50.000000;2016-02-28T00:39:50.000000;7904a8d7-71c9-405e-9d4e-ba990f2d50a9;425.3;14.2905;UNKNOWN
2016-02-28T00:39:50.000000;2016-02-28T00:39:50.000000;61870900-87f2-4a3f-8ccf-355603fdec31;425.19;0.501;UNKNOWN
2016-02-28T00:39:50.000000;2016-02-28T00:39:50.000000;f5bf1ce7-5236-4c5e-9b98-62d939ef899a;425.46;0.38440203;UNKNOWN
2016-02-28T00:39:50.000000;2016-02-28T00:39:50.000000;5ae92fd9-7080-4b18-bc8c-d02cff2613b1;426.37;22.66;UNKNOWN
2016-02-28T00:39:50.000000;2016-02-28T00:39:50.000000;27f5e98f-7df7-4613-9c0f-b8def83e1186;425.22;1.1109;UNKNOWN
2016-02-28T00:39:50.000000;2016-02-28T00:39:50.000000;10f3205e-e85f-4755-a980-5f6f52297a49;425.12;15.0117;UNKNOWN
2016-02-28T00:39:50.000000;2016-02-28T00:39:50.000000;da4b6e1f-a22f-4f17-9cbf-0d8e88514a6b;430.0;4.99881259;UNKNOWN
2016-02-28T00:39:50.000000;2016-02-28T00:39:50.000000;efda43b0-35a2-4647-a61e-7c799dc2c174;428.4;0.02;UNKNOWN
2016-02-28T00:39:50.000000;2016-02-28T00:39:50.000000;e52da492-a218-44cc-ab34-7c4272aa514d;425.11;3.0;UNKNOWN
2016-02-28T00:39:50.000000;2016-02-28T00:39:50.000000;74b24d3b-349f-4905-a4e6-93f953e052e3;428.63;0.017418;UNKNOWN
2016-02-28T00:39:50.000000;2016-02-28T00:39:50.000000;fef5cf40-787f-4115-94b0-9d2800c12398;428.66;0.25;UNKNOWN
2016-02-28T00:39:50.000000;2016-02-28T00:39:50.000000;7d4a85f2-b1e9-4502-b02e-b24b44986551;428.7;0.02;UNKNOWN
2016-02-28T00:39:50.000000;2016-02-28T00:39:50.000000;bc7431ba-c9f0-4392-90d9-65db45c8e585;429.0;1.0;UNKNOWN
2016-02-28T00:39:50.000000;2016-02-28T00:39:50.000000;c2d40a2b-564a-4737-921a-42566d420b2c;428.8;0.02;UNKNOWN
2016-02-28T00:39:50.000000;2016-02-28T00:39:50.000000;9ce69b50-4631-4b90-8945-679864dd81b6;430.0;0.0202;UNKNOWN
2016-02-28T00:39:50.000000;2016-02-28T00:39:50.000000;257e8ffa-2349-42e0-917d-9ddbf7cf026b;428.88;15.2591;UNKNOWN
2016-02-28T00:39:50.000000;2016-02-28T00:39:50.000000;28e8fcb1-56df-49c7-b5d5-947cd8e64686;428.71;13.7233;UNKNOWN
2016-02-28T00:39:50.000000;2016-02-28T00:39:50.000000;637ea0da-3a53-4360-b891-96af6d49daff;428.9;50.0;UNKNOWN
2016-02-28T00:39:50.000000;2016-02-28T00:39:50.000000;40fdb387-1214-4f4a-bb22-956a5c4ff530;428.87;2.0;UNKNOWN
2016-02-28T00:39:50.000000;2016-02-28T00:39:50.000000;bcad6d36-75c3-4caa-8e41-ec00d17d6808;430.0;0.06;UNKNOWN
2016-02-28T00:39:50.000000;2016-02-28T00:39:50.000000;24d1737a-1357-40b0-b9f9-1b4eb885ee92;429.0;0.5;UNKNOWN
2016-02-28T00:39:50.000000;2016-02-28T00:39:50.000000;05443fd4-7b86-46d0-aecb-c37c42c90aa1;429.0;45.6882;UNKNOWN
2016-02-28T00:39:50.000000;2016-02-28T00:39:50.000000;6b6de6c3-73e7-4ff2-b14b-0f22398dd659;428.3;0.02;UNKNOWN
2016-02-28T00:39:50.000000;2016-02-28T00:39:50.000000;8a503e8b-61dd-4606-babc-8df6fb939144;430.04;25.0;UNKNOWN
2016-02-28T00:39:50.000000;2016-02-28T00:39:50.000000;9dffcee7-6716-43a9-afd0-bdddfd332c18;428.23;2.0;UNKNOWN
2016-02-28T00:39:50.000000;2016-02-28T00:39:50.000000;6888864e-f684-40b3-b37b-da5381919590;426.28;3.43300491;UNKNOWN
2016-02-28T00:39:50.000000;2016-02-28T00:39:50.000000;3cdd8053-83ae-41c1-b48c-f50bcc928f44;426.33;6.93240901;UNKNOWN
2016-02-28T00:39:50.000000;2016-02-28T00:39:50.000000;d734108c-b9b1-4dae-b37d-63f6c38c7faf;427.89;60.0;UNKNOWN
2016-02-28T00:39:50.000000;2016-02-28T00:39:50.000000;c799af8a-8a58-4ee1-9cb7-e8b3a6e0c0c1;428.0;0.02;UNKNOWN
2016-02-28T00:39:50.000000;2016-02-28T00:39:50.000000;5b449a68-fff7-40d2-9b90-553e60cec7c1;427.84;3.42067456;UNKNOWN
2016-02-28T00:39:50.000000;2016-02-28T00:39:50.000000;77152e35-f429-44b6-b715-00f4bec47608;430.0;0.1;UNKNOWN
2016-02-28T00:39:50.000000;2016-02-28T00:39:50.000000;244305a5-eded-477b-8773-3cad72b80d12;429.9;0.02;UNKNOWN
2016-02-28T00:39:50.000000;2016-02-28T00:39:50.000000;2a7c0b10-cc4f-4000-8bc4-0868f36094e4;426.23;3.43300491;UNKNOWN
2016-02-28T00:39:50.000000;2016-02-28T00:39:50.000000;2dd7e380-a279-4de7-812e-f93ade6e08a9;428.0;3.33;UNKNOWN
2016-02-28T00:39:50.000000;2016-02-28T00:39:50.000000;1d99add3-2cfc-44a4-8ad5-2888d801c738;428.23;0.23918917;UNKNOWN
2016-02-28T00:39:50.000000;2016-02-28T00:39:50.000000;2c9bb01b-bfbc-4785-a3a7-4618a36a6f39;428.2;0.02;UNKNOWN
2016-02-28T00:39:50.000000;2016-02-28T00:39:50.000000;66231684-a3ff-47f2-a557-e5df96a7b3bf;427.01;2.21225671;UNKNOWN
2016-02-28T00:39:50.000000;2016-02-28T00:39:50.000000;adda2040-5bd5-4b9b-bf6c-528427f080e2;427.8;0.1;UNKNOWN
2016-02-28T00:39:50.000000;2016-02-28T00:39:50.000000;7d57e78c-f32c-4e4c-9d87-d0591d24be9b;427.8;0.02;UNKNOWN
2016-02-28T00:39:50.000000;2016-02-28T00:39:50.000000;b448c409-c207-4095-a2b5-687fbc3cd0dd;426.0;0.01;UNKNOWN
2016-02-28T00:39:50.000000;2016-02-28T00:39:50.000000;48399e59-a9f5-4a5f-8ab8-4a8dc77addc9;426.17;14.979;UNKNOWN
2016-02-28T00:39:50.000000;2016-02-28T00:39:50.000000;2b2ea878-b805-4a2b-b283-0e5f8608ac35;427.0;0.5;UNKNOWN
2016-02-28T00:39:50.000000;2016-02-28T00:39:50.000000;7a23749f-1c7a-4f1e-834d-d0a6ed7fc761;426.35;0.2235;UNKNOWN
2016-02-28T00:39:50.000000;2016-02-28T00:39:50.000000;c7de3e4a-165c-447a-bd94-c9df15c1cf0b;427.0;9.03;UNKNOWN
2016-02-28T00:39:50.000000;2016-02-28T00:39:50.000000;647d3a8d-a296-4a93-bb47-0b427298b0c9;427.0;0.41774329;UNKNOWN
2016-02-28T00:39:50.000000;2016-02-28T00:39:50.000000;3378c0d5-4842-4293-8b2a-07b45198a32c;427.0;9.58225671;UNKNOWN
2016-02-28T00:39:50.000000;2016-02-28T00:39:50.000000;60a5b793-76f0-485b-b819-01f38ecc7d06;428.1;0.02;UNKNOWN
2016-02-28T00:39:50.000000;2016-02-28T00:39:50.000000;5b93572f-2802-421b-9110-bdbc72c15381;428.17;15.0079;UNKNOWN
2016-02-28T00:39:50.000000;2016-02-28T00:39:50.000000;fe5d865f-c19e-4b1f-b663-444a36264aa5;428.18;18.7;UNKNOWN
2016-02-28T00:39:50.000000;2016-02-28T00:39:50.000000;0f2f7859-0d3c-4bff-90c0-a62813e1d7e2;426.11;2.0;UNKNOWN
2016-02-28T00:39:50.000000;2016-02-28T00:39:50.000000;9b4a6629-fc7b-4971-a369-f822d3cf5f5f;430.0;3.13760949;UNKNOWN
2016-02-28T00:39:50.000000;2016-02-28T00:39:50.000000;95eaed92-a8bd-4724-affe-d3ed432f51b7;430.0;0.05;UNKNOWN
2016-02-28T00:39:50.000000;2016-02-28T00:39:50.000000;7fd125d1-98ab-4e0d-a6b1-e0588ca66f1b;430.0;0.49099051;UNKNOWN
2016-02-28T00:39:50.000000;2016-02-28T00:39:50.000000;c9126c64-4f73-40e6-bd8a-3e4caf376449;430.0;15.65;UNKNOWN
2016-02-28T00:39:50.000000;2016-02-28T00:39:50.000000;87622234-2d43-4145-a971-ae80b8e10f49;427.98;13.2392;UNKNOWN
2016-02-28T00:39:50.000000;2016-02-28T00:39:50.000000;5fce87f8-d0f9-4b10-a6ce-6644e586353a;426.2;27.252;UNKNOWN
2016-02-28T00:39:50.000000;2016-02-28T00:39:50.000000;b9bcdd9f-0d68-430b-aa1a-e7d2745f8936;427.81;15.006;UNKNOWN
2016-02-28T00:39:50.000000;2016-02-28T00:39:50.000000;3fbcf329-26ad-4cc1-aa4c-d90d24b71b1b;428.0;10.0;UNKNOWN
2016-02-28T00:39:50.000000;2016-02-28T00:39:50.000000;7ee8f159-a0bb-42ef-9efa-6547e2c54bbe;430.55;0.5;UNKNOWN
2016-02-28T00:39:50.000000;2016-02-28T00:39:50.000000;59dcedaf-527b-45c1-836a-a2d027c0ed1c;428.1;10.0;UNKNOWN
2016-02-28T00:39:50.000000;2016-02-28T00:39:50.000000;0a244b38-31f1-4916-877f-dba5b2282321;428.13;20.0;UNKNOWN
2016-02-28T00:39:50.000000;2016-02-28T00:39:50.000000;fbf906ae-16bf-4c19-9029-b9cf0e514837;428.11;22.4193;UNKNOWN
2016-02-28T00:39:50.000000;2016-02-28T00:39:50.000000;18bf093d-ddee-49c8-aec5-18a70111ea55;430.0;21.86239051;UNKNOWN
2016-02-28T00:39:50.000000;2016-02-28T00:39:50.000000;f7cc8b1a-f0b2-4c92-bf41-f9eecb671bcf;430.57;0.2;UNKNOWN
2016-02-28T00:39:50.000000;2016-02-28T00:39:50.000000;027f63d9-acdc-4ad0-8e0a-723f3e43c41e;426.0;15.0;UNKNOWN
2016-02-28T00:39:50.000000;2016-02-28T00:39:50.000000;e30a5dbd-1e4f-4402-b9a0-ee1f228007f5;428.01;0.0597;UNKNOWN
2016-02-28T00:39:50.000000;2016-02-28T00:39:50.000000;be7537c1-bf25-493c-8573-f71f478d169e;427.34;3.41689541;UNKNOWN
2016-02-28T00:39:50.000000;2016-02-28T00:39:50.000000;fabd0724-b1d6-402c-9df6-78b7f27d0308;427.71;3.42254774;UNKNOWN
2016-02-28T00:39:50.000000;2016-02-28T00:39:50.000000;de82efa1-8575-4433-bc84-06ef51162468;427.63;14.1229;UNKNOWN
2016-02-28T00:39:50.000000;2016-02-28T00:39:50.000000;09327d88-6c53-4af6-83c6-f156a6ba5949;427.0;0.01;UNKNOWN
2016-02-28T00:39:50.000000;2016-02-28T00:39:50.000000;7163b1c3-dc29-4c0c-9289-c7d12e58be03;427.55;3.42008961;UNKNOWN
2016-02-28T00:39:50.000000;2016-02-28T00:39:50.000000;324ee380-b8d1-4efc-8cb9-b6c948ff2dcc;426.0;7.56323564;UNKNOWN
2016-02-28T00:39:50.000000;2016-02-28T00:39:50.000000;148496ea-b9aa-45f7-9a62-797cbdd8b39f;427.0;1.58225671;UNKNOWN
2016-02-28T00:39:50.000000;2016-02-28T00:39:50.000000;cd3381fb-59f3-4656-ae0f-d633d5a94ade;427.6;0.02;UNKNOWN
2016-02-28T00:39:50.000000;2016-02-28T00:39:50.000000;c42901af-1331-449d-9f8b-d22c08d568fe;427.47;13.7731;UNKNOWN
2016-02-28T00:39:50.000000;2016-02-28T00:39:50.000000;4b4a35b3-1753-4200-b376-91bf02506f98;427.37;0.01780818;UNKNOWN
2016-02-28T00:39:50.000000;2016-02-28T00:39:50.000000;a57aa36a-8915-4278-89c7-16e726eccbdc;427.35;0.19656241;UNKNOWN
2016-02-28T00:39:50.000000;2016-02-28T00:39:50.000000;05fda216-1e60-448a-b42c-eaa738db1dd8;427.7;0.02;UNKNOWN
2016-02-28T00:39:50.000000;2016-02-28T00:39:50.000000;c678b44e-c155-438e-9940-9bc6a47dc751;426.0;0.43224186;UNKNOWN
2016-02-28T00:39:50.000000;2016-02-28T00:39:50.000000;2793886f-dfa4-47c0-9d47-68199916897e;427.9;0.02;UNKNOWN
2016-02-28T00:39:50.000000;2016-02-28T00:39:50.000000;5ce76d9a-6347-4c48-a06e-b2c04853861b;426.21;10.098;UNKNOWN
2016-02-28T00:39:50.000000;2016-02-28T00:39:50.000000;8a7c0d85-557d-4b11-9f84-80fd6ec043f6;428.0;0.5;UNKNOWN
2016-02-28T00:39:50.000000;2016-02-28T00:39:50.000000;660fb3cb-dcdd-4669-8fde-459ce700eda9;426.05;0.01607705;UNKNOWN
2016-02-28T00:39:50.000000;2016-02-28T00:39:50.000000;ac1dc951-3fb5-4115-b38a-d343a16860c1;428.0;0.1;UNKNOWN
2016-02-28T00:39:50.000000;2016-02-28T00:39:50.000000;1ab3e027-fc09-4c58-a68b-6877ea2a2671;427.58;3.41966077;UNKNOWN
2016-02-28T00:39:50.000000;2016-02-28T00:39:50.000000;d3bea7be-3f80-49f4-954f-38a23c365f8a;427.52;0.5;UNKNOWN
2016-02-28T00:39:50.000000;2016-02-28T00:39:50.000000;0d8310ce-99e8-465e-8888-bb7dcd30d6ed;427.5;2.36261775;UNKNOWN
2016-02-28T00:39:50.000000;2016-02-28T00:39:50.000000;d6f1cd5a-f6b2-425a-b8b9-e84d74b3a6c0;427.56;2.8147;UNKNOWN
2016-02-28T00:39:50.000000;2016-02-28T00:39:50.000000;9752c8a6-e03b-48ba-a173-5effd87217c2;427.13;0.0105;UNKNOWN
2016-02-28T00:39:50.000000;2016-02-28T00:39:50.000000;b5cf4dfd-332b-40e1-9fe9-1622e627492c;427.01;6.0;UNKNOWN
2016-02-28T00:39:50.000000;2016-02-28T00:39:50.000000;19f2d806-f49d-4848-a1cd-2bca459a0f05;427.0;0.1;UNKNOWN
2016-02-28T00:39:50.000000;2016-02-28T00:39:50.000000;cfcac5c5-dec8-464f-8e5e-0e5557b20a9e;427.01;2.0;UNKNOWN
2016-02-28T00:39:50.000000;2016-02-28T00:39:50.000000;2624d0de-f62e-46cf-8350-1185e5687257;427.0;0.05;UNKNOWN
2016-02-28T00:39:50.000000;2016-02-28T00:39:50.000000;3ac3b0eb-b146-46b8-882b-c40ab45fc2e0;427.28;15.4419;UNKNOWN
2016-02-28T00:39:50.000000;2016-02-28T00:39:50.000000;7accba6e-56e6-44bd-bfa3-11261a1ede9b;427.01;29.78774329;UNKNOWN
2016-02-28T00:39:50.000000;2016-02-28T00:39:50.000000;0a6e1335-8d01-48f5-9490-b3cbf1f58863;427.1;13.8595;UNKNOWN
2016-02-28T00:39:50.000000;2016-02-28T00:39:50.000000;20550681-cfd4-49a8-8c09-51c7a9612ac2;427.0;15.0;UNKNOWN
2016-02-28T00:39:50.000000;2016-02-28T00:39:50.000000;9be7a850-1afb-4693-908d-e525c5bddf45;427.0;0.01;UNKNOWN
2016-02-28T00:39:50.000000;2016-02-28T00:39:50.000000;2fd6558f-89ab-427a-9b6f-83e7e617f2ff;427.1;2.5;UNKNOWN
2016-02-28T00:39:50.000000;2016-02-28T00:39:50.000000;ffaa8fe5-15cd-4833-a3b9-ad40b9927b3f;430.56;0.2;UNKNOWN
2016-02-28T00:39:50.000000;2016-02-28T00:39:50.000000;89bbd302-6f13-473e-abd4-9973926d6a59;427.02;9.9;UNKNOWN
2016-02-28T00:39:50.000000;2016-02-28T00:39:50.000000;0ff05f7e-bae5-460e-9796-89012bd84695;426.05;30.0;UNKNOWN
2016-02-28T00:39:50.000000;2016-02-28T00:39:50.000000;c820686e-ccbb-449b-b9a7-e71dce99b793;427.03;9.9;UNKNOWN
2016-02-28T00:39:50.000000;2016-02-28T00:39:50.000000;a63d2a45-61bd-4a14-a6c5-d48c85292ace;426.0;2.0045225;UNKNOWN
2016-02-28T00:39:50.000000;2016-02-28T00:39:50.000000;fa01b18e-7733-4428-9117-da616c6218fb;427.27;0.01;UNKNOWN
2016-02-28T00:39:50.000000;2016-02-28T00:39:50.000000;4d76acd9-724f-44e3-9811-eb17a920edb1;427.0;70.0;UNKNOWN
2016-02-28T00:39:51.000000;2016-02-28T00:39:51.000000;33b58143-ab1e-4625-8fcf-dd02ab25f372;430.56;0.176;UNKNOWN
2016-02-28T00:39:51.000000;2016-02-28T00:39:51.000000;4be953f5-4d50-4bfd-9898-f2e95410b3dc;429.8;0.5;UNKNOWN
2016-02-28T00:39:55.000000;2016-02-28T00:39:55.000000;d94381a8-ce03-4e8b-a727-88d6994fbb2b;430.55;0.2;UNKNOWN
2016-02-28T00:39:56.000000;2016-02-28T00:39:56.000000;abcd9540-c95a-4d72-b62d-adaea614729a;430.55;0.2;UNKNOWN
2016-02-28T00:39:56.000000;2016-02-28T00:39:56.000000;c33debbd-e8ca-44fc-ae44-414ee9981efd;429.84;4.45;UNKNOWN
2016-02-28T00:39:56.000000;2016-02-28T00:39:56.000000;96721fe5-221b-4ab6-a7d0-7bd33c94d357;430.2;0.2;UNKNOWN
2016-02-28T00:39:57.000000;2016-02-28T00:39:57.000000;e5cbcb92-4aa0-44c7-9cd5-ae5baf4a51fa;428.87;0.5;UNKNOWN
2016-02-28T00:39:57.000000;2016-02-28T00:39:57.000000;bb6d7bb3-eb69-4d11-9f90-79c083f7a076;428.87;6.4395447;UNKNOWN
2016-02-28T00:39:58.000000;2016-02-28T00:39:58.000000;54321bbf-2ac0-4230-a7f2-1978bd7ba12a;428.87;0.5;UNKNOWN
2016-02-28T00:39:59.000000;2016-02-28T00:39:59.000000;d12cea68-9488-4a95-b5cf-e11c90a37693;425.14;1.0;UNKNOWN
2016-02-28T00:39:59.000000;2016-02-28T00:39:59.000000;88bbfe8a-5510-46ae-83ea-1411ca1e378b;425.14;0.5;UNKNOWN
2016-02-28T00:39:59.000000;2016-02-28T00:39:59.000000;e645692e-613c-49ce-876b-6e9d4e392920;425.14;1.0;UNKNOWN
2016-02-28T00:39:59.000000;2016-02-28T00:39:59.000000;64e6339e-6faf-42eb-a5f0-0133be60d61b;425.14;20.96613769;UNKNOWN
2016-02-28T00:39:59.000000;2016-02-28T00:39:59.000000;6f412d68-d59f-4cce-afc6-fae83e497875;425.14;14.2433;UNKNOWN
2016-02-28T00:39:59.000000;2016-02-28T00:39:59.000000;ad1403a5-ceea-4378-ac0b-6761f137d9af;428.84;10.7567;UNKNOWN
2016-02-28T00:39:59.000000;2016-02-28T00:39:59.000000;a2f96ec9-e4a6-4ee9-99b9-af6c02c835eb;425.14;6.08943769;UNKNOWN
2016-02-28T00:39:59.000000;2016-02-28T00:39:59.000000;6a1d5420-174f-4465-81d6-9033b988c1cd;425.14;18.91056231;UNKNOWN
2016-02-28T00:39:59.000000;2016-02-28T00:39:59.000000;78a38518-815d-4173-92ad-24b9652adeda;426.38;0.21;UNKNOWN
2016-02-28T00:39:59.000000;2016-02-28T00:39:59.000000;84a5ee98-1f45-4c4b-8aa7-32ab4f4adc63;426.38;0.17465505;UNKNOWN
2016-02-28T00:39:59.000000;2016-02-28T00:39:59.000000;e20e7caf-0abb-4ccf-b057-7bcf46bfa1f7;426.38;22.48534495;UNKNOWN
2016-02-28T00:39:59.000000;2016-02-28T00:39:59.000000;8dc5918d-8631-41f0-9d34-20667a5e7367;427.91;0.4;UNKNOWN
2016-02-28T00:39:59.000000;2016-02-28T00:39:59.000000;f96dadbf-48b7-4513-a99a-df0271d02123;428.03;3.41969975;UNKNOWN
2016-02-28T00:39:59.000000;2016-02-28T00:39:59.000000;4a1200cd-58bf-4224-94c9-70a53c7918f3;427.13;0.01;UNKNOWN
2016-02-28T00:39:59.000000;2016-02-28T00:39:59.000000;4c132ca4-3612-418c-84c4-e61c3986dfc2;426.28;0.08814165;UNKNOWN
2016-02-28T00:39:59.000000;2016-02-28T00:39:59.000000;64bd9e4a-e652-4171-8ad2-322534542286;425.51;3.77106561;UNKNOWN
2016-02-28T00:39:59.000000;2016-02-28T00:39:59.000000;4340b484-2bb7-4bcc-b60f-7037743abfd5;428.87;5.1849553;UNKNOWN
2016-02-28T00:39:59.000000;2016-02-28T00:39:59.000000;8d4e583c-c467-44b9-ab68-0e2b799851f1;427.51;3.0;UNKNOWN
2016-02-28T00:39:59.000000;2016-02-28T00:39:59.000000;55207669-d37f-4ed8-bfbb-e5231b70635d;425.14;25.0;UNKNOWN
2016-02-28T00:39:59.000000;2016-02-28T00:39:59.000000;38000d5e-50a1-4abb-bb68-37fc7b6a4f07;425.14;0.05693928;UNKNOWN
2016-02-28T00:40:00.000000;2016-02-28T00:40:00.000000;b9ff9124-af8f-4c76-9168-e9bf3a71eb14;425.14;10.0;UNKNOWN
2016-02-28T00:40:00.000000;2016-02-28T00:40:00.000000;d621abfe-92eb-416a-8641-9abcf4b6218a;427.92;35.0;UNKNOWN
2016-02-28T00:40:00.000000;2016-02-28T00:40:00.000000;36b7c932-a0b0-4902-8c3f-576ab1f44c88;425.14;5.0;UNKNOWN
2016-02-28T00:40:00.000000;2016-02-28T00:40:00.000000;77298b5a-986c-4f1e-8d09-fd910f99de43;425.14;0.14;UNKNOWN
2016-02-28T00:40:01.000000;2016-02-28T00:40:01.000000;bb029253-6915-4fcd-bc7e-060f37db82d2;425.14;0.11018646;UNKNOWN
2016-02-28T00:40:01.000000;2016-02-28T00:40:01.000000;5ca0764d-2471-4e06-a60d-d7f80fb1a52b;428.84;4.15;UNKNOWN
2016-02-28T00:40:01.000000;2016-02-28T00:40:01.000000;fcec918b-3e20-4b3f-8db9-123aa186b9eb;428.84;2.0;UNKNOWN
2016-02-28T00:40:01.000000;2016-02-28T00:40:01.000000;0a778d7f-1442-4c4a-9ae1-8b6ff4fe2701;428.84;1.75;UNKNOWN
2016-02-28T00:40:02.000000;2016-02-28T00:40:02.000000;1035e93b-e92f-468c-870f-b92dbca7db81;425.27;13.3037;UNKNOWN
2016-02-28T00:40:02.000000;2016-02-28T00:40:02.000000;1f7beaa3-b39f-4b50-80bb-984f4ba88390;425.14;20.75343657;UNKNOWN
2016-02-28T00:40:02.000000;2016-02-28T00:40:02.000000;b010d463-df89-41d6-98da-42830afd1bdc;425.15;9.249;UNKNOWN
2016-02-28T00:40:02.000000;2016-02-28T00:40:02.000000;3aace843-eb8b-4507-87d5-7821465598af;425.43;14.1044;UNKNOWN
2016-02-28T00:40:02.000000;2016-02-28T00:40:02.000000;b3dc0d4e-e69a-4ef2-8645-3c6dbecde927;427.34;3.421767;UNKNOWN
2016-02-28T00:40:02.000000;2016-02-28T00:40:02.000000;80dc024a-57f7-4e47-9bad-89e2d60ec322;425.61;13.8101;UNKNOWN
2016-02-28T00:40:02.000000;2016-02-28T00:40:02.000000;d4ebf60a-e835-4676-9f4e-ad882be54962;425.12;28.83237488;UNKNOWN
2016-02-28T00:40:02.000000;2016-02-28T00:40:02.000000;638cd02d-a94e-452e-af60-c3467762d8ab;425.14;0.38940155;UNKNOWN
2016-02-28T00:40:02.000000;2016-02-28T00:40:02.000000;e5f56a92-e7f5-412f-ae6b-da93c1790ad0;425.77;14.4114;UNKNOWN
2016-02-28T00:40:02.000000;2016-02-28T00:40:02.000000;cc4f52ff-91dd-4aca-a457-ec612f6c41c1;428.84;9.3143;UNKNOWN
2016-02-28T00:40:02.000000;2016-02-28T00:40:02.000000;462a9838-a98e-4f53-82e8-a22bf1728cd8;428.0;0.1677;UNKNOWN
2016-02-28T00:40:02.000000;2016-02-28T00:40:02.000000;35efd6fb-b895-409f-9eed-001dc2aa681d;428.59;3.0;UNKNOWN
2016-02-28T00:40:02.000000;2016-02-28T00:40:02.000000;7756b073-3974-45ca-864d-ddc4d15906b3;430.56;0.2;UNKNOWN
2016-02-28T00:40:02.000000;2016-02-28T00:40:02.000000;8ae934b9-698a-4004-bbd8-5028eace67be;428.84;1.04242;UNKNOWN
2016-02-28T00:40:02.000000;2016-02-28T00:40:02.000000;d80daebc-a6b7-40ca-bfe5-1895f77a3a13;430.55;0.2;UNKNOWN
2016-02-28T00:40:02.000000;2016-02-28T00:40:02.000000;34b06e74-6ba2-4be4-8d16-ac5b9c93f7c5;430.56;0.1002;UNKNOWN
2016-02-28T00:40:02.000000;2016-02-28T00:40:02.000000;d0454f89-a174-4d5a-9869-a87fdfbad896;426.21;18.0;UNKNOWN
2016-02-28T00:40:05.000000;2016-02-28T00:40:05.000000;6c837965-b793-42c2-ae9b-21e0ab569f56;430.12;0.2;UNKNOWN
2016-02-28T00:40:05.000000;2016-02-28T00:40:05.000000;9f2130ac-eadd-4275-8cfa-9f0cbe4256f9;430.29;0.01105345;UNKNOWN
2016-02-28T00:40:05.000000;2016-02-28T00:40:05.000000;38040ef0-25a3-41b5-b1a7-1c59d2b19dd0;427.38;0.0111273;UNKNOWN
2016-02-28T00:40:05.000000;2016-02-28T00:40:05.000000;6e402efc-21a9-4c2e-a4ff-052206bc1792;427.04;2.31;UNKNOWN
2016-02-28T00:40:05.000000;2016-02-28T00:40:05.000000;b7041ea8-b01c-4039-bf52-44d8cb9bfa79;427.73;0.01;UNKNOWN
2016-02-28T00:40:05.000000;2016-02-28T00:40:05.000000;9e48b943-18b4-4901-adc3-1b44edb1c412;430.12;0.264;UNKNOWN
2016-02-28T00:40:05.000000;2016-02-28T00:40:05.000000;ff1456ea-6da9-4551-a1ba-3dd93b3b534d;426.45;3.63730609;UNKNOWN
2016-02-28T00:40:05.000000;2016-02-28T00:40:05.000000;26daa73f-5058-4796-b51e-a19a382f7966;427.52;0.04343837;UNKNOWN
2016-02-28T00:40:13.000000;2016-02-28T00:40:13.000000;6a70b2d6-6f75-42cb-8698-e194ceda8c6f;430.09;0.2;UNKNOWN
2016-02-28T00:40:13.000000;2016-02-28T00:40:13.000000;4a10c83d-23c9-4dfc-b240-bd5f5bd8f596;430.08;0.176;UNKNOWN
2016-02-28T00:40:14.000000;2016-02-28T00:40:14.000000;f3b1f1eb-b54f-4bb4-aa2e-908b456955fd;430.07;0.2;UNKNOWN
2016-02-28T00:40:15.000000;2016-02-28T00:40:15.000000;f84b8b09-fe2f-4380-8e94-1063dde72aa5;429.76;0.2;UNKNOWN
2016-02-28T00:40:16.000000;2016-02-28T00:40:16.000000;952cc8fc-5ebe-4a00-8daa-27bbd82c45be;429.75;0.2;UNKNOWN
2016-02-28T00:40:16.000000;2016-02-28T00:40:16.000000;544d43df-6221-4789-aff0-ba77bb8b2dc2;429.76;0.264;UNKNOWN
2016-02-28T00:40:18.000000;2016-02-28T00:40:18.000000;509a81f3-9dae-4057-8c7d-55bf82c02ba6;429.94;0.2;UNKNOWN
2016-02-28T00:40:19.000000;2016-02-28T00:40:19.000000;3e38a52c-2aa9-460c-98a9-821ff0cc9353;429.77;0.2;UNKNOWN
2016-02-28T00:40:22.000000;2016-02-28T00:40:22.000000;2c771610-b93f-4c66-a137-e1c67c9dc655;428.33;2.4139624;UNKNOWN
2016-02-28T00:40:25.000000;2016-02-28T00:40:25.000000;c6f47ff2-77b2-49b3-bd27-e457c3fbf72f;428.33;2.1;UNKNOWN
2016-02-28T00:40:25.000000;2016-02-28T00:40:25.000000;cf33db89-6173-4a26-bb75-7ebddd09b0b1;428.33;0.5;UNKNOWN
2016-02-28T00:40:28.000000;2016-02-28T00:40:28.000000;a6b73f60-2598-4b43-90c2-4258a011b2e2;429.43;0.2;UNKNOWN
2016-02-28T00:40:29.000000;2016-02-28T00:40:29.000000;b755ca57-fad8-4ea9-ba31-a5d59aa02111;429.24;0.2;UNKNOWN
2016-02-28T00:40:29.000000;2016-02-28T00:40:29.000000;0d2c7af0-b309-4c80-81c3-f3ad08d147ad;429.25;0.2;UNKNOWN
2016-02-28T00:40:29.000000;2016-02-28T00:40:29.000000;6438f31e-dd40-44d9-80ed-8e8cd22f305f;429.25;0.264;UNKNOWN
2016-02-28T00:40:30.000000;2016-02-28T00:40:30.000000;0bb6a80f-1e15-479e-9f49-85fa9bd23a60;429.24;0.2;UNKNOWN
2016-02-28T00:40:32.000000;2016-02-28T00:40:32.000000;7f90f502-f1ac-4dcd-9953-2880de769f12;429.24;0.2;UNKNOWN
2016-02-28T00:40:35.000000;2016-02-28T00:40:35.000000;f9837c7f-b075-4579-ab5a-498005a1461d;429.08;0.2;UNKNOWN
2016-02-28T00:40:39.000000;2016-02-28T00:40:39.000000;54ccd04e-df8a-47f2-8f17-8c5003bca511;428.86;0.2;UNKNOWN
2016-02-28T00:40:41.000000;2016-02-28T00:40:41.000000;24098d4b-24a7-4cc6-9a5a-31bfce34e4af;428.86;0.2;UNKNOWN
2016-02-28T00:40:41.000000;2016-02-28T00:40:41.000000;eec03920-bd85-48f9-b893-50afba2483bf;428.86;0.10982426;UNKNOWN
2016-02-28T00:40:43.000000;2016-02-28T00:40:43.000000;b6b65e7c-9fb9-4079-8946-3ab72f2c99e0;428.83;1.4;UNKNOWN
2016-02-28T00:40:43.000000;2016-02-28T00:40:43.000000;08ed0344-a2ce-4716-adb2-f9bc25dcc497;428.84;0.176;UNKNOWN
2016-02-28T00:40:43.000000;2016-02-28T00:40:43.000000;2d91ad2c-ed0c-4903-897d-6a61293fb168;428.83;0.2;UNKNOWN
2016-02-28T00:40:44.000000;2016-02-28T00:40:44.000000;affed5db-ba5a-494e-8893-45ef9ff592b1;428.81;0.12098216;UNKNOWN
2016-02-28T00:40:44.000000;2016-02-28T00:40:44.000000;50e06078-15d1-47b7-8ba5-0dcb4294f555;428.81;0.263;UNKNOWN
2016-02-28T00:40:45.000000;2016-02-28T00:40:45.000000;37f857f5-7baa-4578-9aa0-33c8fa40f92b;427.53;0.5;UNKNOWN
2016-02-28T00:40:45.000000;2016-02-28T00:40:45.000000;c8ae54dd-1810-4a55-9edd-1aadda48023a;428.33;19.9860376;UNKNOWN
2016-02-28T00:40:45.000000;2016-02-28T00:40:45.000000;5c87a966-2cdb-498e-a364-17bcf1739d0c;428.34;0.546299;UNKNOWN
2016-02-28T00:40:45.000000;2016-02-28T00:40:45.000000;a69e4b35-8843-41a3-ad1a-ae6b6044355e;427.49;14.3928992;UNKNOWN
2016-02-28T00:40:45.000000;2016-02-28T00:40:45.000000;1181b1ac-b5c0-4592-8b23-f23eadcd5575;428.38;0.013701;UNKNOWN
2016-02-28T00:40:45.000000;2016-02-28T00:40:45.000000;536bc481-3544-4eb6-b3a3-f591e3e28a76;428.32;2.32;UNKNOWN
2016-02-28T00:40:45.000000;2016-02-28T00:40:45.000000;8c2e23b8-9ec8-4d0a-b249-27160b000630;428.34;8.563701;UNKNOWN
2016-02-28T00:40:47.000000;2016-02-28T00:40:47.000000;17e1ace0-5931-4491-adb1-31e96f3f6174;428.78;0.176;UNKNOWN
2016-02-28T00:40:49.000000;2016-02-28T00:40:49.000000;3bfb8e21-8a07-4267-80ac-8161a5eb052c;428.63;0.2;UNKNOWN
2016-02-28T00:40:49.000000;2016-02-28T00:40:49.000000;b96eb105-5549-44b8-b0bd-f5ac0656773d;428.64;0.12243842;UNKNOWN
2016-02-28T00:40:51.000000;2016-02-28T00:40:51.000000;fa3869c5-3658-4120-8dcc-9420ad7aa2fa;428.61;3.0;UNKNOWN
2016-02-28T00:40:52.000000;2016-02-28T00:40:52.000000;af519d8d-95c5-4bb0-bf07-05fcfbab6222;428.42;0.2;UNKNOWN
2016-02-28T00:40:53.000000;2016-02-28T00:40:53.000000;14581ea4-2fe3-4c2a-a58b-49388883593d;428.42;0.12389489;UNKNOWN
2016-02-28T00:40:56.000000;2016-02-28T00:40:56.000000;53c51622-58c0-4c30-a895-9de2190013ea;428.38;0.13166614;UNKNOWN
2016-02-28T00:40:57.000000;2016-02-28T00:40:57.000000;09899e08-de43-4c48-bbe1-2c05058d2b9c;427.51;0.5;UNKNOWN
2016-02-28T00:40:57.000000;2016-02-28T00:40:57.000000;1d6de0b6-e26a-42b8-aaa8-10a3a68139d7;426.79;14.4672;UNKNOWN
2016-02-28T00:40:57.000000;2016-02-28T00:40:57.000000;ca7de2a0-20d2-4c1c-a563-d487cc1f6048;427.0;0.0105;UNKNOWN
2016-02-28T00:40:57.000000;2016-02-28T00:40:57.000000;a868c65c-cbd9-41f4-8fe0-df45eec4a54d;427.51;0.73432351;UNKNOWN
2016-02-28T00:40:57.000000;2016-02-28T00:40:57.000000;7390b910-3a41-41b3-a388-2c5660d87283;427.0;2.42342464;UNKNOWN
2016-02-28T00:40:57.000000;2016-02-28T00:40:57.000000;6956ee40-4a97-49db-b289-067f46d2098a;427.33;6.98;UNKNOWN
2016-02-28T00:40:57.000000;2016-02-28T00:40:57.000000;084a8244-f72e-4af4-b586-5477624e6abb;426.61;14.75520378;UNKNOWN
2016-02-28T00:40:57.000000;2016-02-28T00:40:57.000000;839ba56c-1da7-4785-977c-3e2d94c823ff;426.98;3.0;UNKNOWN
2016-02-28T00:40:57.000000;2016-02-28T00:40:57.000000;6e35a937-2ad1-4c6b-9896-38a006bddb4b;427.16;9.16;UNKNOWN
2016-02-28T00:40:57.000000;2016-02-28T00:40:57.000000;c524ff62-944b-4021-ba61-2ca4b0f394dd;427.51;0.5;UNKNOWN
2016-02-28T00:40:57.000000;2016-02-28T00:40:57.000000;3205ba02-d3ce-484b-a4a6-d94ab09b7f6a;427.51;4.09337649;UNKNOWN
2016-02-28T00:40:57.000000;2016-02-28T00:40:57.000000;4e4030ce-0afd-444a-a7f7-e04f774d36e4;427.0;27.57657536;UNKNOWN
2016-02-28T00:40:57.000000;2016-02-28T00:40:57.000000;95dd6460-b3c4-4139-9876-e143ba67471e;427.06;0.5;UNKNOWN
2016-02-28T00:40:57.000000;2016-02-28T00:40:57.000000;d63cd9d4-25ba-493e-8386-d5c74a896ce3;426.98;8.63052464;UNKNOWN
2016-02-28T00:40:57.000000;2016-02-28T00:40:57.000000;ed68cba7-cf28-4175-85d2-64e790c2b77a;426.98;1.57657536;UNKNOWN
2016-02-28T00:40:57.000000;2016-02-28T00:40:57.000000;a16cfaf1-24a6-4394-aa85-94510a6e3d80;426.8;9.3383;UNKNOWN
2016-02-28T00:40:58.000000;2016-02-28T00:40:58.000000;e12c70b7-abec-487d-b85d-dbc11b1e06df;428.17;0.2;UNKNOWN
2016-02-28T00:41:00.000000;2016-02-28T00:41:00.000000;ff7ce1a7-7f00-4191-b30e-e266b34f328e;427.77;0.2;UNKNOWN
2016-02-28T00:41:03.000000;2016-02-28T00:41:03.000000;b4cfc108-2f7c-4963-8278-801dc0033002;427.76;0.131;UNKNOWN
2016-02-28T00:41:04.000000;2016-02-28T00:41:04.000000;619a0d9a-f335-4779-af26-29cfce623939;427.76;0.05;UNKNOWN
2016-02-28T00:41:05.000000;2016-02-28T00:41:05.000000;2dec715a-aa68-4d2b-9f70-601ed6340fab;427.51;0.52;UNKNOWN
2016-02-28T00:41:08.000000;2016-02-28T00:41:08.000000;3df0f8bb-274d-428b-8ace-c38d229bcf28;427.74;0.11297942;UNKNOWN
2016-02-28T00:41:08.000000;2016-02-28T00:41:08.000000;f923416c-fb39-4fc4-940d-40e3b7fb6c43;426.5;8.23169374;UNKNOWN
2016-02-28T00:41:08.000000;2016-02-28T00:41:08.000000;2645330a-579b-4e01-9421-f17cd4905e10;427.75;0.2;UNKNOWN
2016-02-28T00:41:08.000000;2016-02-28T00:41:08.000000;c9aefe46-347b-4bb5-83b5-688f4d5c128c;427.24;0.5;UNKNOWN
2016-02-28T00:41:13.000000;2016-02-28T00:41:13.000000;0414d4c0-ee68-4ef9-a6c5-b256922a7670;427.24;0.11493874;UNKNOWN
2016-02-28T00:41:14.000000;2016-02-28T00:41:14.000000;86aaa80d-4b85-49ff-af9e-f2bf0bdb35bc;427.23;0.177;UNKNOWN
2016-02-28T00:41:14.000000;2016-02-28T00:41:14.000000;71a59e16-92ec-4b7e-9509-db735cfd2846;426.5;0.5;UNKNOWN
2016-02-28T00:41:14.000000;2016-02-28T00:41:14.000000;3a8cc39a-2fef-44b2-bf51-bbf5db05b149;426.5;3.0;UNKNOWN
2016-02-28T00:41:14.000000;2016-02-28T00:41:14.000000;5aee2992-33c1-4611-b4e3-2b3ac0002bbc;426.29;13.9113;UNKNOWN
2016-02-28T00:41:14.000000;2016-02-28T00:41:14.000000;b2c44fa8-7c99-4e73-8c6d-1f4cfd97a585;426.46;0.57;UNKNOWN
2016-02-28T00:41:14.000000;2016-02-28T00:41:14.000000;1f146be8-f3cc-47bd-9913-0fd40271d71c;426.1;0.23;UNKNOWN
2016-02-28T00:41:14.000000;2016-02-28T00:41:14.000000;baf4651d-1ff0-4399-9e1e-bb93d0c816c7;426.45;10.37689391;UNKNOWN
2016-02-28T00:41:14.000000;2016-02-28T00:41:14.000000;01296020-3a4a-4729-9a16-7425cd575979;426.11;13.2987;UNKNOWN
2016-02-28T00:41:14.000000;2016-02-28T00:41:14.000000;bfacbb17-62fe-4d39-936c-f8c4a270b803;426.5;187.76830626;UNKNOWN
2016-02-28T00:41:14.000000;2016-02-28T00:41:14.000000;07a0dec3-169e-4c71-96da-538959831ecd;426.3;6.34;UNKNOWN
2016-02-28T00:41:14.000000;2016-02-28T00:41:14.000000;c8258def-d11f-4c63-8ee8-67f250292be3;426.48;0.01790205;UNKNOWN
2016-02-28T00:41:14.000000;2016-02-28T00:41:14.000000;d5388b65-4f7f-4211-be82-4592c58a6caf;426.3;16.921;UNKNOWN
2016-02-28T00:41:14.000000;2016-02-28T00:41:14.000000;b3bee94a-8f2c-4458-affb-81202c273ff8;426.31;1.47;UNKNOWN
2016-02-28T00:41:14.000000;2016-02-28T00:41:14.000000;b0015209-f754-4739-adc7-1b7d7e1e7416;426.5;0.5;UNKNOWN
2016-02-28T00:41:14.000000;2016-02-28T00:41:14.000000;7ddf4bba-3fc9-4b88-88e7-2b8cd4790d70;426.0;16.99179778;UNKNOWN
2016-02-28T00:41:16.000000;2016-02-28T00:41:16.000000;5e568594-0a65-45e5-8cd0-045b310b471d;425.94;10.17592782;UNKNOWN
2016-02-28T00:41:16.000000;2016-02-28T00:41:16.000000;d95fc7cc-af87-4500-b2a3-115a276bce24;426.48;0.01790205;UNKNOWN
2016-02-28T00:41:16.000000;2016-02-28T00:41:16.000000;ebf37997-7871-44a5-b9a8-57b87426d2bc;425.94;0.033433;UNKNOWN
2016-02-28T00:41:16.000000;2016-02-28T00:41:16.000000;e0c4b868-1b8d-4f92-9e15-fc26e83e0c15;425.56;0.01;UNKNOWN
2016-02-28T00:41:16.000000;2016-02-28T00:41:16.000000;7f8c370a-2640-466c-8cd1-5435800c0e3e;425.94;4.81063918;UNKNOWN
2016-02-28T00:41:16.000000;2016-02-28T00:41:16.000000;478b9cb8-cfd5-4b8e-bd6a-b7008bd06191;425.55;2.0;UNKNOWN
2016-02-28T00:41:16.000000;2016-02-28T00:41:16.000000;10a776eb-6f59-418a-90fc-af0cf71764f4;425.22;17.79617013;UNKNOWN
2016-02-28T00:41:16.000000;2016-02-28T00:41:16.000000;ec7ee1a4-c7be-4e8c-a16f-4750c4869f5b;427.23;0.2;UNKNOWN
2016-02-28T00:41:16.000000;2016-02-28T00:41:16.000000;a0692cf8-c859-40c9-bd6e-dd28be5d21aa;427.23;0.2;UNKNOWN
2016-02-28T00:41:16.000000;2016-02-28T00:41:16.000000;6f06f82e-d91c-4a18-8dc8-9a139f36d688;425.96;2.26;UNKNOWN
2016-02-28T00:41:16.000000;2016-02-28T00:41:16.000000;7d9cd15d-dd05-4a01-82d4-66e09560c05e;426.0;13.00820222;UNKNOWN
2016-02-28T00:41:17.000000;2016-02-28T00:41:17.000000;08878bbd-97ab-4942-a2b9-1c27503a2e79;425.57;0.5;UNKNOWN
2016-02-28T00:41:17.000000;2016-02-28T00:41:17.000000;4f9b686b-b146-4a4e-b034-2ecc1b4f1c41;427.24;0.11542868;UNKNOWN
2016-02-28T00:41:21.000000;2016-02-28T00:41:21.000000;2ab992b3-7103-47ac-b4e9-4231fea0ed37;427.21;0.2;UNKNOWN
2016-02-28T00:41:21.000000;2016-02-28T00:41:21.000000;1076e881-66a5-4c4e-977e-e440c2fcbf9a;427.21;0.2;UNKNOWN
2016-02-28T00:41:21.000000;2016-02-28T00:41:21.000000;7b115729-b070-45c8-8704-4b4443c179f4;427.22;0.13815043;UNKNOWN
2016-02-28T00:41:22.000000;2016-02-28T00:41:22.000000;9b29624a-bbd2-4d95-b20e-6ebcff978f69;425.74;19.4724;UNKNOWN
2016-02-28T00:41:22.000000;2016-02-28T00:41:22.000000;6dbeda82-4200-4db1-9914-ebc0abb0bc94;425.1;20.6;UNKNOWN
2016-02-28T00:41:22.000000;2016-02-28T00:41:22.000000;43f42ea3-2176-4c56-8bfa-b43a15bbc63f;425.09;0.01;UNKNOWN
2016-02-28T00:41:22.000000;2016-02-28T00:41:22.000000;ff3a282f-94e2-4180-a6c9-a1914aeef748;425.05;25.0;UNKNOWN
2016-02-28T00:41:22.000000;2016-02-28T00:41:22.000000;c1728b04-bb47-4ea7-96dd-0d24e15bd079;426.0;16.7146;UNKNOWN
2016-02-28T00:41:22.000000;2016-02-28T00:41:22.000000;2da6a7a2-af67-4f97-91d0-031f9885e32d;425.03;33.29680737;UNKNOWN
2016-02-28T00:41:22.000000;2016-02-28T00:41:22.000000;edbb65ee-efff-4e6c-8959-f9ad7227a356;425.16;1.2667;UNKNOWN
2016-02-28T00:41:22.000000;2016-02-28T00:41:22.000000;e2ba0619-abcc-4084-b3ff-11607d607841;425.55;18.0524;UNKNOWN
2016-02-28T00:41:22.000000;2016-02-28T00:41:22.000000;7fcc8f90-1c3e-4e45-8dc1-93819a761da2;426.0;0.08794092;UNKNOWN
2016-02-28T00:41:22.000000;2016-02-28T00:41:22.000000;4b5200a4-4696-4cf3-852e-1d032b7dd02f;425.98;16.8804;UNKNOWN
2016-02-28T00:41:22.000000;2016-02-28T00:41:22.000000;5b066e83-2b29-4d08-b48c-d5388ce5dfec;426.21;19.0236;UNKNOWN
2016-02-28T00:41:22.000000;2016-02-28T00:41:22.000000;dd8feedb-27ff-4e23-9441-853582b8f6ae;425.31;17.1421;UNKNOWN
2016-02-28T00:41:22.000000;2016-02-28T00:41:22.000000;e97188f4-0cab-4ad9-aa85-23f1a2d21d14;426.0;1.0;UNKNOWN
2016-02-28T00:41:22.000000;2016-02-28T00:41:22.000000;bed7c6d8-33fd-461e-9cc6-f4b47ddd235a;425.08;14.8403;UNKNOWN
2016-02-28T00:41:22.000000;2016-02-28T00:41:22.000000;abfd66b2-df4d-42dc-aa12-4f83fd3f74ab;425.25;25.0;UNKNOWN
2016-02-28T00:41:22.000000;2016-02-28T00:41:22.000000;0e381838-f29c-487f-bbdb-9f97c4f731d5;425.39;0.24;UNKNOWN
2016-02-28T00:41:22.000000;2016-02-28T00:41:22.000000;95c738a1-2b18-4c62-934d-bfffc0d404ea;425.11;21.37275171;UNKNOWN
2016-02-28T00:41:25.000000;2016-02-28T00:41:25.000000;c3a3c518-cf80-41bc-a694-dd671effff24;426.46;0.07;UNKNOWN
2016-02-28T00:41:25.000000;2016-02-28T00:41:25.000000;e162c563-c06f-4afa-be98-8c6cf16768f9;426.46;0.01790246;UNKNOWN
2016-02-28T00:41:25.000000;2016-02-28T00:41:25.000000;b61b1a51-14c7-4bc2-a28e-e87e7eedc3af;426.46;0.13949202;UNKNOWN
2016-02-28T00:41:27.000000;2016-02-28T00:41:27.000000;efb1d039-10f4-4179-8ddb-d64d86330e3e;426.3;1.995501;UNKNOWN
2016-02-28T00:41:27.000000;2016-02-28T00:41:27.000000;bc9f1816-908f-4482-b3b2-94bca9378c8e;426.01;5.4566742;UNKNOWN
2016-02-28T00:41:27.000000;2016-02-28T00:41:27.000000;41ec861b-a16c-484b-b3a8-2f174313b199;426.3;3.2133258;UNKNOWN
2016-02-28T00:41:27.000000;2016-02-28T00:41:27.000000;239e375a-5522-4f14-93b8-13f75771b941;426.3;1.1111732;UNKNOWN
2016-02-28T00:41:28.000000;2016-02-28T00:41:28.000000;baed0484-62f7-4b8a-b391-87b0103ecdae;426.01;8.2233258;UNKNOWN
2016-02-28T00:41:28.000000;2016-02-28T00:41:28.000000;9044a6dd-308d-4ae0-a85f-0bcff79e7f40;425.2;30.0;UNKNOWN
2016-02-28T00:41:28.000000;2016-02-28T00:41:28.000000;00b8031f-b6f8-4c78-89c2-8156d0188080;425.03;2.4015376;UNKNOWN
2016-02-28T00:41:29.000000;2016-02-28T00:41:29.000000;4b9c6604-a9e7-4839-8e81-9d416a82de9f;426.45;0.17625413;UNKNOWN
2016-02-28T00:41:30.000000;2016-02-28T00:41:30.000000;141fce84-f48b-492a-814c-35597aa28d8b;426.45;0.01403;UNKNOWN
2016-02-28T00:41:31.000000;2016-02-28T00:41:31.000000;85e93b30-f49a-475c-8055-852eb6eb6125;426.45;0.30971587;UNKNOWN
2016-02-28T00:41:31.000000;2016-02-28T00:41:31.000000;2ef63aeb-6af4-4511-9f35-83c45ec00af5;426.46;0.08344653;UNKNOWN
2016-02-28T00:41:31.000000;2016-02-28T00:41:31.000000;2392562e-0dd4-415f-ab65-bd0db330c8fa;426.46;0.2;UNKNOWN
2016-02-28T00:41:32.000000;2016-02-28T00:41:32.000000;fa916c35-07cf-4d73-8368-9088a631793d;426.45;0.17674355;UNKNOWN
2016-02-28T00:41:32.000000;2016-02-28T00:41:32.000000;e21258fb-a0d5-4828-a2e0-701391989687;426.45;0.15274355;UNKNOWN
2016-02-28T00:41:32.000000;2016-02-28T00:41:32.000000;64dd5183-506c-4635-aca3-67617e98c59c;426.45;0.02425645;UNKNOWN
2016-02-28T00:41:35.000000;2016-02-28T00:41:35.000000;be86657d-27d1-40f7-b111-5b4cd4097d1f;426.45;0.17625413;UNKNOWN
2016-02-28T00:41:36.000000;2016-02-28T00:41:36.000000;da1585e9-a2e9-4825-a5c4-023a5d16f834;426.07;0.5;UNKNOWN
2016-02-28T00:41:38.000000;2016-02-28T00:41:38.000000;4101509e-f7d5-4731-a53b-bdf80b7a1ad4;426.07;0.88;UNKNOWN
2016-02-28T00:41:39.000000;2016-02-28T00:41:39.000000;b58d6740-204d-4f0c-b959-9a3834d47355;426.07;0.2;UNKNOWN
2016-02-28T00:41:40.000000;2016-02-28T00:41:40.000000;198d9bb5-5f16-46f5-a235-123dc2c5c4a6;426.07;0.17674355;UNKNOWN
2016-02-28T00:41:40.000000;2016-02-28T00:41:40.000000;385f7393-292b-4564-a25e-68728fbb1436;426.07;0.08798759;UNKNOWN
2016-02-28T00:41:41.000000;2016-02-28T00:41:41.000000;e995e621-dd01-46e5-8d7e-1aa3f0fa6d37;426.07;0.04515262;UNKNOWN
2016-02-28T00:41:42.000000;2016-02-28T00:41:42.000000;2c614146-8194-47a0-8c41-ebe8f1ac673a;426.07;0.04519893;UNKNOWN
2016-02-28T00:41:42.000000;2016-02-28T00:41:42.000000;77701475-adca-4ad5-afa3-f43069ecb1d7;426.07;0.31942;UNKNOWN
2016-02-28T00:41:43.000000;2016-02-28T00:41:43.000000;2ba95737-91fa-40a3-a40c-04ed0c03b9a8;426.07;0.2;UNKNOWN
2016-02-28T00:41:43.000000;2016-02-28T00:41:43.000000;65ef6588-2242-4b34-85ae-7e97687b51dc;426.07;0.1953583;UNKNOWN
2016-02-28T00:41:43.000000;2016-02-28T00:41:43.000000;ab4c741b-425d-41c1-92a7-da0bd7f21e91;426.07;0.04524422;UNKNOWN
2016-02-28T00:41:44.000000;2016-02-28T00:41:44.000000;a78dc510-7c89-4150-8f34-515bde5448f4;426.07;0.177;UNKNOWN
2016-02-28T00:41:45.000000;2016-02-28T00:41:45.000000;710144b7-4c6f-4441-869d-de50db71ff51;426.07;0.2;UNKNOWN
2016-02-28T00:41:46.000000;2016-02-28T00:41:46.000000;6863251e-8b0f-44ff-b6ff-847a9b461567;426.07;0.38265057;UNKNOWN
2016-02-28T00:41:46.000000;2016-02-28T00:41:46.000000;d6370dd4-b13d-4aa0-b51c-ee416e396af0;426.07;0.04524422;UNKNOWN
2016-02-28T00:41:46.000000;2016-02-28T00:41:46.000000;eaf3be33-a2fa-4752-b6ad-09c9e9ab6127;426.3;1.44919943;UNKNOWN
2016-02-28T00:41:47.000000;2016-02-28T00:41:47.000000;b4addb06-ed8d-4e53-aef7-ac14e2bc6a28;425.94;0.5;UNKNOWN
2016-02-28T00:41:47.000000;2016-02-28T00:41:47.000000;b7e24667-1961-4ccc-8c2e-d9cea25ca895;426.06;0.03974104;UNKNOWN
2016-02-28T00:41:47.000000;2016-02-28T00:41:47.000000;d4d33be1-be5b-4eb3-998c-3863bdcb833f;426.07;0.1953583;UNKNOWN
2016-02-28T00:41:47.000000;2016-02-28T00:41:47.000000;58aed14d-6b81-45f6-a988-1884f353cf76;425.89;9.8728373;UNKNOWN
2016-02-28T00:41:48.000000;2016-02-28T00:41:48.000000;d4b7d38f-1fad-4a17-b1dc-34cf529bc3b7;426.3;0.04524422;UNKNOWN
2016-02-28T00:41:49.000000;2016-02-28T00:41:49.000000;306223dc-dcd7-4d08-a0fc-7a333a34c281;425.61;16.9301;UNKNOWN
2016-02-28T00:41:49.000000;2016-02-28T00:41:49.000000;9abb2ace-7210-4142-a898-84a378f66ca8;426.3;0.2;UNKNOWN
2016-02-28T00:41:49.000000;2016-02-28T00:41:49.000000;0415db94-f245-4950-ae49-28f1ee8a98f5;426.3;0.2;UNKNOWN
2016-02-28T00:41:49.000000;2016-02-28T00:41:49.000000;9568baa1-aa48-4e85-90fc-ed5344792b38;425.84;0.49;UNKNOWN
2016-02-28T00:41:49.000000;2016-02-28T00:41:49.000000;f49fd9d5-020f-41d9-9576-e4cc64e546cd;425.5;12.49196036;UNKNOWN
2016-02-28T00:41:49.000000;2016-02-28T00:41:49.000000;7495731d-662d-4af7-a3c6-9599cad82b1c;426.06;0.08793964;UNKNOWN
2016-02-28T00:41:50.000000;2016-02-28T00:41:50.000000;7433fc96-0524-4b58-9c0b-4cd563f1a9fc;426.45;3.0;UNKNOWN
2016-02-28T00:41:50.000000;2016-02-28T00:41:50.000000;4e5e1467-2834-4529-b3a7-5f265e14eb10;426.3;0.10555635;UNKNOWN
2016-02-28T00:41:50.000000;2016-02-28T00:41:50.000000;89a78aae-a98b-4828-ac34-f83544977e5b;426.46;3.4620844;UNKNOWN
2016-02-28T00:41:50.000000;2016-02-28T00:41:50.000000;1dd5acd6-a658-4529-893f-f8b826ccbcba;426.46;3.4620844;UNKNOWN
2016-02-28T00:41:50.000000;2016-02-28T00:41:50.000000;730b0a96-3e44-49e4-a75f-52e43cd6c354;426.45;0.3;UNKNOWN
2016-02-28T00:41:50.000000;2016-02-28T00:41:50.000000;15cfd93b-073f-4ce7-88e3-49f3175f85a1;426.46;3.4507747;UNKNOWN
2016-02-28T00:41:52.000000;2016-02-28T00:41:52.000000;6c8bb27c-133a-4df3-b1f1-8c055d0b7da3;426.46;0.04524422;UNKNOWN
2016-02-28T00:41:52.000000;2016-02-28T00:41:52.000000;f028ec2c-a5f9-40e7-8282-909079613417;425.84;0.47;UNKNOWN
2016-02-28T00:41:52.000000;2016-02-28T00:41:52.000000;698b5c4c-063b-4ad5-9cfc-c26771c0b4e9;425.62;3.99;UNKNOWN
2016-02-28T00:41:52.000000;2016-02-28T00:41:52.000000;84c4ee55-1de0-42e7-a543-fca18352c84b;426.5;3.0;UNKNOWN
2016-02-28T00:41:52.000000;2016-02-28T00:41:52.000000;e504e96b-689b-49ba-ba09-c2a2827773fc;426.07;0.1953583;UNKNOWN
2016-02-28T00:41:52.000000;2016-02-28T00:41:52.000000;da50c6bb-c1e6-46d2-9584-40e67567b7a7;425.5;3.70590046;UNKNOWN
2016-02-28T00:41:52.000000;2016-02-28T00:41:52.000000;7af6189c-f97c-496c-89fc-5dd3ac452917;426.07;0.177;UNKNOWN
2016-02-28T00:41:52.000000;2016-02-28T00:41:52.000000;365ababf-d0e4-406a-9bce-7150c92825ce;425.5;1.0;UNKNOWN
2016-02-28T00:41:52.000000;2016-02-28T00:41:52.000000;d6227f77-02c1-4124-b756-79d467e30bc8;426.5;1.31683175;UNKNOWN
2016-02-28T00:41:52.000000;2016-02-28T00:41:52.000000;1aca34b8-93e6-4b4d-9fe9-aa16ddf75f27;426.45;0.04524422;UNKNOWN
2016-02-28T00:41:52.000000;2016-02-28T00:41:52.000000;af25722f-a604-42a6-8726-bd4723fc7b03;425.85;7.89;UNKNOWN
2016-02-28T00:41:53.000000;2016-02-28T00:41:53.000000;616446e7-5286-4164-9c5d-c68a7f7ecbb2;426.29;0.17674355;UNKNOWN
2016-02-28T00:41:54.000000;2016-02-28T00:41:54.000000;3e0e8044-589e-4151-a9dd-7b9d355579cb;426.29;0.2;UNKNOWN
2016-02-28T00:41:55.000000;2016-02-28T00:41:55.000000;d7ebf514-3b5e-411a-a738-17c848ce26fc;426.29;0.03276801;UNKNOWN
2016-02-28T00:41:55.000000;2016-02-28T00:41:55.000000;a474812b-a889-498d-a7e8-22c0370ae956;426.29;0.04524422;UNKNOWN
2016-02-28T00:41:55.000000;2016-02-28T00:41:55.000000;4077aaf4-bc2a-4e22-8b03-e2c9e53edbfb;426.45;0.23223199;UNKNOWN
2016-02-28T00:41:55.000000;2016-02-28T00:41:55.000000;3b066472-0a8e-4a23-9372-b057bf4b768f;426.29;0.04524422;UNKNOWN
2016-02-28T00:42:00.000000;2016-02-28T00:42:00.000000;fa22f5be-ad09-450c-b26a-b65a59f1fafe;426.45;0.177;UNKNOWN
2016-02-28T00:42:02.000000;2016-02-28T00:42:02.000000;6b58cc08-e856-41e1-8530-6581d516e320;425.84;0.47;UNKNOWN
2016-02-28T00:42:02.000000;2016-02-28T00:42:02.000000;dac1f096-63ff-4ff0-91f4-dd058d5ccf1a;426.44;0.2;UNKNOWN
2016-02-28T00:42:02.000000;2016-02-28T00:42:02.000000;60dc7e32-cdd7-4c21-8549-ce88dca7706b;425.5;27.5075;UNKNOWN
2016-02-28T00:42:02.000000;2016-02-28T00:42:02.000000;c31d40e3-0b5f-4c5d-9010-32e45a7554e3;426.29;0.18457729;UNKNOWN
2016-02-28T00:42:02.000000;2016-02-28T00:42:02.000000;8504299d-4640-463d-a80a-61555ea4ff5d;426.11;0.04524422;UNKNOWN
2016-02-28T00:42:02.000000;2016-02-28T00:42:02.000000;5ae30936-8eb2-4ac7-b3d3-b269ab52be12;425.62;22.0225;UNKNOWN
2016-02-28T00:42:03.000000;2016-02-28T00:42:03.000000;49737cc1-da76-49f8-9452-010f0f55c5f8;426.1;0.05;UNKNOWN
2016-02-28T00:42:04.000000;2016-02-28T00:42:04.000000;fa933950-a9f7-40d1-996d-20ab1e7bb0e4;426.1;0.17752887;UNKNOWN
2016-02-28T00:42:05.000000;2016-02-28T00:42:05.000000;82c2668f-de69-440e-b332-db7db82ea863;426.1;0.2;UNKNOWN
2016-02-28T00:42:06.000000;2016-02-28T00:42:06.000000;8e1fd995-d4a5-4d47-b5d3-a7cb3bcde46f;426.1;0.2;UNKNOWN
2016-02-28T00:42:07.000000;2016-02-28T00:42:07.000000;19332d4c-d39a-4702-a06d-0dae8bb14884;426.09;0.19490897;UNKNOWN
2016-02-28T00:42:12.000000;2016-02-28T00:42:12.000000;08c70bba-15a5-4a52-9994-1309cde08a10;426.08;0.19437775;UNKNOWN
2016-02-28T00:42:13.000000;2016-02-28T00:42:13.000000;e54151ef-5f46-40e8-8412-7dad7c8d7d51;425.5;30.0;UNKNOWN
2016-02-28T00:42:13.000000;2016-02-28T00:42:13.000000;e6b37fdf-a86b-4d17-9e71-6c7a8ec49d54;425.5;0.5;UNKNOWN
2016-02-28T00:42:15.000000;2016-02-28T00:42:15.000000;8736ecb9-2907-4888-8263-02087236ee0e;426.07;0.2;UNKNOWN
2016-02-28T00:42:21.000000;2016-02-28T00:42:21.000000;ca10e318-b6a7-4f50-ac2f-36a836ec4389;425.5;1.0;UNKNOWN
2016-02-28T00:42:22.000000;2016-02-28T00:42:22.000000;3b9e9986-d15f-4151-a960-e6aa8b9ae6c4;425.81;0.2;UNKNOWN
2016-02-28T00:42:23.000000;2016-02-28T00:42:23.000000;f94d4604-7904-4c93-bfd3-0d27f72b46af;425.81;0.501;UNKNOWN
2016-02-28T00:42:24.000000;2016-02-28T00:42:24.000000;fa3af09a-2d9e-4ec7-b482-ddaf46079ddb;425.81;0.177;UNKNOWN
2016-02-28T00:42:25.000000;2016-02-28T00:42:25.000000;50c0260e-3f01-4654-9264-f62d634af6e5;425.79;0.2;UNKNOWN
2016-02-28T00:42:26.000000;2016-02-28T00:42:26.000000;c2501974-5931-411d-bbc5-2025597234c6;425.79;0.01689702;UNKNOWN
2016-02-28T00:42:27.000000;2016-02-28T00:42:27.000000;be295b80-b0a5-466c-9931-afa3a3bea250;425.79;0.2;UNKNOWN
2016-02-28T00:42:27.000000;2016-02-28T00:42:27.000000;cc10410b-9c4f-415e-aee5-dd72bfff4197;425.79;0.25740961;UNKNOWN
2016-02-28T00:42:28.000000;2016-02-28T00:42:28.000000;17c47df9-0cb6-44f1-8361-12a04626869b;425.79;0.01689702;UNKNOWN
2016-02-28T00:42:29.000000;2016-02-28T00:42:29.000000;e84ddd60-2ef6-453f-935f-173d133ec99a;425.79;0.30780952;UNKNOWN
2016-02-28T00:42:29.000000;2016-02-28T00:42:29.000000;c05937f2-8d88-4066-b20d-c6a6fcc2f923;425.79;0.05039991;UNKNOWN
2016-02-28T00:42:29.000000;2016-02-28T00:42:29.000000;c7140678-614f-4967-8527-17f36974e156;425.79;0.05039991;UNKNOWN
2016-02-28T00:42:29.000000;2016-02-28T00:42:29.000000;0750ee85-a6e3-44d0-a0b1-2dffcbdd645b;425.79;0.2;UNKNOWN
2016-02-28T00:42:29.000000;2016-02-28T00:42:29.000000;081980be-73d4-4d27-90d0-587c6cca9de2;425.79;0.25740961;UNKNOWN
2016-02-28T00:42:30.000000;2016-02-28T00:42:30.000000;63a7f4d4-7cbd-486d-b9dd-563b9a903931;425.79;0.05039991;UNKNOWN
2016-02-28T00:42:32.000000;2016-02-28T00:42:32.000000;74e01357-d9af-4924-bfd9-884a79fb5d62;425.78;0.2;UNKNOWN
2016-02-28T00:42:33.000000;2016-02-28T00:42:33.000000;645bfa3f-0b47-464c-bec2-6841826756fc;425.78;0.2;UNKNOWN
2016-02-28T00:42:34.000000;2016-02-28T00:42:34.000000;408042e6-e8d2-4b1f-a025-8fa448de4f56;425.79;0.04;UNKNOWN
2016-02-28T00:42:34.000000;2016-02-28T00:42:34.000000;aab32e88-21cf-4a2b-a75a-2ca1155fc409;425.81;0.5392;UNKNOWN
2016-02-28T00:42:37.000000;2016-02-28T00:42:37.000000;280f0f0b-2977-49a2-95f4-d33e3c83a936;425.77;0.13970638;UNKNOWN
2016-02-28T00:42:37.000000;2016-02-28T00:42:37.000000;19e5b872-0e92-4124-b5ce-039a54926cc7;425.77;0.2;UNKNOWN
2016-02-28T00:42:38.000000;2016-02-28T00:42:38.000000;8675bea0-0873-445b-b433-7c25b995fd03;425.77;0.2;UNKNOWN
2016-02-28T00:42:39.000000;2016-02-28T00:42:39.000000;9e0fa9bd-6455-4dc4-9434-f8ce2475e88a;425.77;0.13970638;UNKNOWN
2016-02-28T00:42:39.000000;2016-02-28T00:42:39.000000;5449f029-2996-4a18-bf19-b6cc7aae32d1;425.51;0.22671713;UNKNOWN
2016-02-28T00:42:40.000000;2016-02-28T00:42:40.000000;2f0b9389-269e-42ab-be4f-6dfa9965b449;425.77;0.36059153;UNKNOWN
2016-02-28T00:42:40.000000;2016-02-28T00:42:40.000000;3cd2d22e-8cb5-45d7-ac1d-04e937306cb4;425.77;1.5;UNKNOWN
2016-02-28T00:42:42.000000;2016-02-28T00:42:42.000000;5fa0b170-6842-4b42-82e4-5cb60b639da4;425.78;0.2;UNKNOWN
2016-02-28T00:42:43.000000;2016-02-28T00:42:43.000000;fb3b2ec4-bc9c-49ba-8029-39d2e911ede1;425.78;1.0;UNKNOWN
2016-02-28T00:42:47.000000;2016-02-28T00:42:47.000000;4cc42b67-771b-41e9-b51e-c47b66d55e7b;425.81;3.4565796;UNKNOWN
2016-02-28T00:42:47.000000;2016-02-28T00:42:47.000000;ddbcfb13-18fa-48bd-bdef-063d0a6fd026;425.76;5.8563;UNKNOWN
2016-02-28T00:42:47.000000;2016-02-28T00:42:47.000000;2839080b-4aa0-404a-b600-571120f19b16;425.78;2.25180702;UNKNOWN
2016-02-28T00:42:47.000000;2016-02-28T00:42:47.000000;16f8ce44-b34a-4012-8b00-bc89afa3c309;425.81;1.0;UNKNOWN
2016-02-28T00:42:48.000000;2016-02-28T00:42:48.000000;b8a57cd2-97c5-4010-8a89-c298f5c16683;425.81;2.43531338;UNKNOWN
2016-02-28T00:42:48.000000;2016-02-28T00:42:48.000000;1d97318a-8103-4e7e-aea5-13242c81a453;425.77;0.177;UNKNOWN
2016-02-28T00:42:48.000000;2016-02-28T00:42:48.000000;8ff6c550-d905-4415-b117-fdcc90c60837;425.77;3.0;UNKNOWN
2016-02-28T00:42:49.000000;2016-02-28T00:42:49.000000;fb22f13d-93d7-4682-87d8-6c49bf058a59;425.72;2.0042;UNKNOWN
2016-02-28T00:42:49.000000;2016-02-28T00:42:49.000000;0b654e4b-6661-4b80-bccd-de75c78c16ec;425.72;0.21134807;UNKNOWN
2016-02-28T00:42:49.000000;2016-02-28T00:42:49.000000;7cb1f467-c39a-4736-9457-94ad3c706ce1;425.72;0.11643122;UNKNOWN
2016-02-28T00:42:49.000000;2016-02-28T00:42:49.000000;e3b19192-baac-41ca-91ff-fd902d1ea158;425.72;0.3;UNKNOWN
2016-02-28T00:42:49.000000;2016-02-28T00:42:49.000000;ee4ac107-ff1f-42cd-8cf2-bf95aea2ad1c;425.72;0.11771823;UNKNOWN
2016-02-28T00:42:50.000000;2016-02-28T00:42:50.000000;31465668-bcb2-4aaa-b779-15611ef42d09;425.72;0.01;UNKNOWN
2016-02-28T00:42:52.000000;2016-02-28T00:42:52.000000;4e843b9b-c0b0-492b-914e-43b423bb1433;425.72;0.265;UNKNOWN
2016-02-28T00:42:52.000000;2016-02-28T00:42:52.000000;14c5b332-6193-4a40-a3c1-583556afd3a1;425.72;1.0;UNKNOWN
2016-02-28T00:42:52.000000;2016-02-28T00:42:52.000000;3b7b1546-6813-4106-b519-84f604822b76;425.72;0.2;UNKNOWN
2016-02-28T00:42:52.000000;2016-02-28T00:42:52.000000;6bbb9ef0-126c-4e93-8225-3b9d6bd428af;425.72;0.6;UNKNOWN
2016-02-28T00:42:53.000000;2016-02-28T00:42:53.000000;039a6ccc-3d13-4358-81b0-fd4c0335ad16;425.63;0.16;UNKNOWN
2016-02-28T00:42:53.000000;2016-02-28T00:42:53.000000;46356b8a-d70a-48a7-a904-2c47996d9475;425.63;0.21084917;UNKNOWN
2016-02-28T00:42:54.000000;2016-02-28T00:42:54.000000;27ed7524-abf5-4a43-a733-56371e53bad0;425.63;0.10096493;UNKNOWN
2016-02-28T00:42:54.000000;2016-02-28T00:42:54.000000;5fbb45c6-ff4e-4443-968f-bc71e313204a;425.63;0.01531917;UNKNOWN
2016-02-28T00:42:55.000000;2016-02-28T00:42:55.000000;02e463aa-4e84-4565-b7c4-bfc5d5c7676f;425.63;0.11726051;UNKNOWN
2016-02-28T00:42:56.000000;2016-02-28T00:42:56.000000;7498b370-ce03-4940-9c87-813795e1b699;425.63;0.19560622;UNKNOWN
2016-02-28T00:42:56.000000;2016-02-28T00:42:56.000000;f886e35d-1098-451f-9a86-94967f9df379;425.63;0.2;UNKNOWN
2016-02-28T00:42:59.000000;2016-02-28T00:42:59.000000;973dd87b-622c-4de8-963f-60e8d0f73b8f;425.72;1.0;UNKNOWN
2016-02-28T00:42:59.000000;2016-02-28T00:42:59.000000;fad0542c-b764-468e-81a7-4055f8c73e9b;425.72;0.2;UNKNOWN
2016-02-28T00:43:01.000000;2016-02-28T00:43:01.000000;122c9901-fca5-4562-a338-52ef001ac3ed;425.71;0.2;UNKNOWN
2016-02-28T00:43:01.000000;2016-02-28T00:43:01.000000;863fd496-fcc3-4e7b-b701-7d7bc307a7e5;425.7;0.8;UNKNOWN
2016-02-28T00:43:01.000000;2016-02-28T00:43:01.000000;5a36089b-35c5-4eab-83b5-6f4daddd7cb8;425.72;0.5;UNKNOWN
2016-02-28T00:43:02.000000;2016-02-28T00:43:02.000000;af030235-a055-4081-9dc8-eb73ea0f90d7;425.72;0.0129891;UNKNOWN
2016-02-28T00:43:04.000000;2016-02-28T00:43:04.000000;12bba9cc-11fa-4234-9a35-794bc090d11d;426.02;0.05;UNKNOWN
2016-02-28T00:43:04.000000;2016-02-28T00:43:04.000000;80222fa7-8936-4b07-a499-e82dab53998a;426.01;0.1002;UNKNOWN
2016-02-28T00:43:05.000000;2016-02-28T00:43:05.000000;42362daa-f77d-426d-ad7c-c68e0eb0ed3c;425.81;1.0;UNKNOWN
2016-02-28T00:43:07.000000;2016-02-28T00:43:07.000000;ee1c6168-ce07-4bc7-b6ae-819a70ac6844;426.01;5.7156;UNKNOWN
2016-02-28T00:43:08.000000;2016-02-28T00:43:08.000000;ade23e64-b708-49a9-aa6e-6edac4f5c550;425.93;0.5597;UNKNOWN
2016-02-28T00:43:12.000000;2016-02-28T00:43:12.000000;43144f1b-dd15-482c-8cf3-a567d08522ce;425.88;0.01531517;UNKNOWN
2016-02-28T00:43:14.000000;2016-02-28T00:43:14.000000;2583744f-f224-445c-9a25-f4ee931fa196;425.91;3.44510795;UNKNOWN
2016-02-28T00:43:14.000000;2016-02-28T00:43:14.000000;e54eb452-484d-40cc-b898-8a5a12fe1462;426.3;2.18479927;UNKNOWN
2016-02-28T00:43:14.000000;2016-02-28T00:43:14.000000;50281735-7e31-45fe-83a2-49e921e9e909;425.88;2.37009278;UNKNOWN
2016-02-28T00:43:14.000000;2016-02-28T00:43:14.000000;22b7eb71-929c-4676-bc18-419e04408c66;425.88;0.5;UNKNOWN
2016-02-28T00:43:15.000000;2016-02-28T00:43:15.000000;566b13f0-b598-475b-8636-af6416b20739;425.87;3.70803049;UNKNOWN
2016-02-28T00:43:17.000000;2016-02-28T00:43:17.000000;1b05ad65-083d-4598-8c5c-50c89df9e6f4;426.02;0.01531517;UNKNOWN
2016-02-28T00:43:18.000000;2016-02-28T00:43:18.000000;bf9bbd4b-e843-4b92-888c-52a70cf79188;426.01;0.0424;UNKNOWN
2016-02-28T00:43:18.000000;2016-02-28T00:43:18.000000;5abe03c5-7020-4248-9959-5e42e70f9dfe;426.01;0.16899702;UNKNOWN
2016-02-28T00:43:20.000000;2016-02-28T00:43:20.000000;5fa88758-0aca-4bfb-96b2-699ed81fa3b5;426.01;1.0;UNKNOWN
2016-02-28T00:43:21.000000;2016-02-28T00:43:21.000000;da06f31c-a5ef-4597-8115-d18bab3634a3;426.01;0.01533519;UNKNOWN
2016-02-28T00:43:22.000000;2016-02-28T00:43:22.000000;360d4bae-fe88-4a0f-a435-4bdc95d217aa;426.01;0.01531517;UNKNOWN
2016-02-28T00:43:22.000000;2016-02-28T00:43:22.000000;b116b638-bce2-4c0a-9bb9-9f37e58bc680;426.01;0.1520848;UNKNOWN
2016-02-28T00:43:26.000000;2016-02-28T00:43:26.000000;0626f7de-7839-4714-9e17-662332f24eae;426.01;1.10888204;UNKNOWN
2016-02-28T00:43:26.000000;2016-02-28T00:43:26.000000;c8b5715d-e1a2-4257-8ab4-bd241010aa6a;426.01;0.265;UNKNOWN
2016-02-28T00:43:26.000000;2016-02-28T00:43:26.000000;75f5861c-d6c8-4a35-be66-f7acd9f32a27;426.01;3.44514751;UNKNOWN
2016-02-28T00:43:26.000000;2016-02-28T00:43:26.000000;9464d566-f408-4c19-b195-6c95e70498cb;426.01;0.501;UNKNOWN
2016-02-28T00:43:26.000000;2016-02-28T00:43:26.000000;7d6c5860-110a-4b19-8626-be8347e19360;426.01;0.16081812;UNKNOWN
2016-02-28T00:43:28.000000;2016-02-28T00:43:28.000000;b85e7ed1-acc2-4b93-977b-1c575ff767a8;426.0;2.11020433;UNKNOWN
2016-02-28T00:43:28.000000;2016-02-28T00:43:28.000000;19276d57-d2a8-4016-9c9b-db5a2d3910df;426.0;0.2;UNKNOWN
2016-02-28T00:43:28.000000;2016-02-28T00:43:28.000000;07ee5dba-5c3f-42f0-96f6-482e46d82a28;426.01;0.01531517;UNKNOWN
2016-02-28T00:43:28.000000;2016-02-28T00:43:28.000000;21fab1d5-9e85-48ce-8361-4c5c8ab2303c;426.01;0.177;UNKNOWN
2016-02-28T00:43:28.000000;2016-02-28T00:43:28.000000;4c0af303-c417-4854-850b-70a1d1a80350;426.01;0.01533519;UNKNOWN
2016-02-28T00:43:28.000000;2016-02-28T00:43:28.000000;5b36d4df-a7fb-4886-aa6e-eb72c28a6cdb;426.01;0.92681812;UNKNOWN
2016-02-28T00:43:33.000000;2016-02-28T00:43:33.000000;277bed40-0e4c-4a37-ad93-8d5efeb15085;426.55;0.02988012;UNKNOWN
2016-02-28T00:43:34.000000;2016-02-28T00:43:34.000000;8184b180-aef2-4254-9f45-98fc188a4fc5;426.55;0.00011988;UNKNOWN
2016-02-28T00:43:34.000000;2016-02-28T00:43:34.000000;b3ab002c-18ff-4dbb-b9cf-6b7c7c3e11ef;426.55;0.26488012;UNKNOWN
2016-02-28T00:43:35.000000;2016-02-28T00:43:35.000000;8325b134-c3ed-43dd-a3ad-51b6e5fe0089;426.54;0.03;UNKNOWN
2016-02-28T00:43:35.000000;2016-02-28T00:43:35.000000;4d63de4d-868a-4612-90af-47bef218a30e;426.54;0.2;UNKNOWN
2016-02-28T00:43:37.000000;2016-02-28T00:43:37.000000;a650b19c-4d1e-4aad-a63a-384388730975;426.54;0.10870589;UNKNOWN
2016-02-28T00:43:37.000000;2016-02-28T00:43:37.000000;257bc659-29fc-4412-9966-0d9ada2e1170;426.54;0.2;UNKNOWN
2016-02-28T00:43:39.000000;2016-02-28T00:43:39.000000;3d718b10-b496-406c-9e95-14741f7d9708;426.54;0.2;UNKNOWN
2016-02-28T00:43:41.000000;2016-02-28T00:43:41.000000;dff6049d-9b0d-4859-896f-e8b833fa2fc5;426.54;5.05779411;UNKNOWN
2016-02-28T00:43:42.000000;2016-02-28T00:43:42.000000;2ea740bb-ada7-4a39-9cf6-96954f4ade9f;426.55;3.0;UNKNOWN
2016-02-28T00:43:45.000000;2016-02-28T00:43:45.000000;20bcd259-b6ed-4111-96b5-29c924d22f59;426.55;3.44530577;UNKNOWN
2016-02-28T00:43:45.000000;2016-02-28T00:43:45.000000;77250c24-4103-4aa4-84f4-f3df5e03bd0f;426.55;0.17995091;UNKNOWN
2016-02-28T00:43:45.000000;2016-02-28T00:43:45.000000;575a8756-1621-4dd2-925b-4e3dd523d47f;426.55;3.44483103;UNKNOWN
2016-02-28T00:43:50.000000;2016-02-28T00:43:50.000000;b1c58e92-c742-4bd2-bfcf-9f6bad8c9dd5;426.55;0.048;UNKNOWN
2016-02-28T00:43:51.000000;2016-02-28T00:43:51.000000;d10f2c62-e1c1-432d-9122-c1d27b75119e;426.55;1.0;UNKNOWN
2016-02-28T00:43:53.000000;2016-02-28T00:43:53.000000;814ead2c-d84e-4011-9527-6a3f807babce;426.55;0.265;UNKNOWN
2016-02-28T00:43:55.000000;2016-02-28T00:43:55.000000;6a6b710f-d45d-454e-9a2a-d663aa141aea;426.55;0.047;UNKNOWN
2016-02-28T00:43:56.000000;2016-02-28T00:43:56.000000;322e1558-93f6-4c0a-92cf-1b302a491380;426.55;0.1265;UNKNOWN
2016-02-28T00:43:59.000000;2016-02-28T00:43:59.000000;1c429b11-022d-48e8-825b-095fe6bfcb1f;427.0;0.08601193;UNKNOWN
2016-02-28T00:43:59.000000;2016-02-28T00:43:59.000000;4d9f1ac0-81b2-4b0b-8fdc-ffabeb1a49f3;426.55;1.95540636;UNKNOWN
2016-02-28T00:43:59.000000;2016-02-28T00:43:59.000000;be160c66-288f-4afc-b53d-d14c4932703a;427.24;0.05963258;UNKNOWN
2016-02-28T00:43:59.000000;2016-02-28T00:43:59.000000;091e87d4-6832-4adc-8a22-30d2c26554f6;427.29;1.72594913;UNKNOWN
2016-02-28T00:43:59.000000;2016-02-28T00:43:59.000000;efae85c1-36dd-4c2c-babe-3c178765eb73;427.29;3.899;UNKNOWN
2016-02-28T00:43:59.000000;2016-02-28T00:43:59.000000;0cd598cd-0342-4bc1-9ae7-152f50f7ef5c;426.65;0.03;UNKNOWN
2016-02-28T00:44:00.000000;2016-02-28T00:44:00.000000;9b8ce1cf-43d3-472f-9e27-49eed2d9cf91;427.29;0.265;UNKNOWN
2016-02-28T00:44:04.000000;2016-02-28T00:44:04.000000;fb197e2a-abc2-40c5-af9f-380b7964977e;427.71;0.25;UNKNOWN
2016-02-28T00:44:04.000000;2016-02-28T00:44:04.000000;3632a0a3-ecf2-4404-b243-099e631063c6;426.55;3.44415871;UNKNOWN
2016-02-28T00:44:05.000000;2016-02-28T00:44:05.000000;d81f6ec1-ea6a-41a6-92fb-ace4da8f4d14;427.73;0.2;UNKNOWN
2016-02-28T00:44:05.000000;2016-02-28T00:44:05.000000;5b6b5493-f51e-4ffb-a6e5-a4b6170699a6;427.71;0.05;UNKNOWN
