time_exchange;time_coinpai;guid;price;base_amount;taker_side
2016-04-26T00:00:00.000000;2016-04-26T00:00:00.116005;7e06115e-dc2d-4b04-a3f9-b637e1ee4459;461.77;0.45;BUY
2016-04-26T00:00:00.000000;2016-04-26T00:00:00.116005;0fc5ebf1-8546-468d-ac56-73916279a9de;461.77;0.45;BUY
2016-04-26T00:00:01.000000;2016-04-26T00:00:01.241720;8095fb23-0542-4a87-b620-a0bfa76711f5;461.77;17.02492039;BUY
2016-04-26T00:00:07.000000;2016-04-26T00:00:07.936787;2950f61f-01c7-47fa-96f6-47ac0edba36f;462.01;0.05414932;BUY
2016-04-26T00:00:07.000000;2016-04-26T00:00:07.946799;10230d3a-8731-446b-af79-b91a3f6375ad;462.4;6.4421;BUY
2016-04-26T00:00:07.000000;2016-04-26T00:00:07.972850;eb498ad8-6edd-4be4-a80c-5d7411b82f18;462.41;5.099;BUY
2016-04-26T00:00:07.000000;2016-04-26T00:00:07.972850;14ce249a-36cc-4928-9e65-15219314371c;462.46;0.21170243;BUY
2016-04-26T00:00:07.000000;2016-04-26T00:00:07.972850;79189647-e5c8-486d-b7a2-9da8eb411d0f;462.62;4.11382967;BUY
2016-04-26T00:00:07.000000;2016-04-26T00:00:07.972850;14a12704-e338-462d-8133-60c02e7531fd;462.81;8.14;BUY
2016-04-26T00:00:07.000000;2016-04-26T00:00:07.973800;3273cbc1-200e-4686-90d4-3d369e656c89;462.97;7.61046558;BUY
2016-04-26T00:00:09.000000;2016-04-26T00:00:09.629029;74f9cef8-5d76-48b4-a93e-654a41dbcde0;462.09;2.05746648;SELL
2016-04-26T00:00:11.000000;2016-04-26T00:00:11.106104;f9298285-1cd4-40ec-8b64-9594d7690fe8;462.41;0.107;SELL
2016-04-26T00:00:11.000000;2016-04-26T00:00:11.171125;ab8b8b5c-8400-490b-a97c-2144ee093929;462.41;0.113;SELL
2016-04-26T00:00:11.000000;2016-04-26T00:00:11.180123;9d77a2ca-b2af-4726-9e82-ed370680824d;462.31;0.299;SELL
2016-04-26T00:00:11.000000;2016-04-26T00:00:11.784197;34c60e81-53b1-4d6d-9db8-82dbc597661b;462.64;0.1;BUY
2016-04-26T00:00:16.000000;2016-04-26T00:00:16.113616;681adaa5-ce7b-4648-9b0d-c3f4f7c98acf;462.7;5.0;BUY
2016-04-26T00:00:26.000000;2016-04-26T00:00:26.746683;f28f89a3-9e17-4ea2-819f-2af9de0ac865;462.63;0.06483683;BUY
2016-04-26T00:00:30.000000;2016-04-26T00:00:31.024136;7276eb28-d14b-47a7-aee5-90e35ccb4711;462.63;7.5;BUY
2016-04-26T00:00:32.000000;2016-04-26T00:00:32.403250;47f6a995-685c-4bc0-9dca-9eedb1822da1;462.63;9.90120914;BUY
2016-04-26T00:00:32.000000;2016-04-26T00:00:32.409247;55cb2be1-3d48-4706-857a-21be57d9e320;462.64;0.323;BUY
2016-04-26T00:00:32.000000;2016-04-26T00:00:32.418253;5ae62947-3ae0-421b-ac71-e70d78c0b1d4;462.68;0.107;BUY
2016-04-26T00:00:32.000000;2016-04-26T00:00:32.445258;08f7182c-1315-40f4-b846-96cf581bf2ea;462.78;6.4267;BUY
2016-04-26T00:00:32.000000;2016-04-26T00:00:32.446247;fff70eff-3bd8-4d72-bf9f-b81908de1592;462.98;4.11412585;BUY
2016-04-26T00:00:32.000000;2016-04-26T00:00:32.448253;bef283aa-dc79-48ec-a1ae-412a9011539f;462.99;12.49;BUY
2016-04-26T00:00:32.000000;2016-04-26T00:00:32.485247;c2ba77dc-8ed5-4111-b8fd-58750b530ffd;463.04;4.11412585;BUY
2016-04-26T00:00:32.000000;2016-04-26T00:00:32.496244;ff7a9d0d-9c9a-4c45-b15c-6708cde5dd24;463.08;4.11382967;BUY
2016-04-26T00:00:32.000000;2016-04-26T00:00:32.539256;33fa8488-2567-4339-ba80-418f367bafe5;463.08;0.28612257;BUY
2016-04-26T00:00:35.000000;2016-04-26T00:00:35.990598;5b35af44-b74d-44c1-a512-8de077634f62;463.08;0.02;BUY
2016-04-26T00:00:41.000000;2016-04-26T00:00:41.475150;0063c763-e2fd-44b0-b647-136915cecbfb;463.09;0.0201;BUY
2016-04-26T00:00:43.000000;2016-04-26T00:00:43.488361;edf4ef2d-26ad-49e4-8da8-58f792bddf1e;463.08;4.11382967;BUY
2016-04-26T00:00:43.000000;2016-04-26T00:00:43.497349;3ba4632d-2551-4c99-bcb6-e40f6c68d468;463.09;1.9799;BUY
2016-04-26T00:00:43.000000;2016-04-26T00:00:43.509383;d64e190b-998d-470e-982e-75d62e49f4bb;463.22;12.4967;BUY
2016-04-26T00:00:43.000000;2016-04-26T00:00:43.533370;f0945545-9f68-415f-8c70-340832fd481d;463.24;4.1117153;BUY
2016-04-26T00:00:43.000000;2016-04-26T00:00:43.533370;52092c4e-4243-4989-a592-44dce1e4bf91;463.27;4.11175757;BUY
2016-04-26T00:00:43.000000;2016-04-26T00:00:43.541385;28ff881d-6681-4565-9137-7c3b81223904;463.3;4.1117153;BUY
2016-04-26T00:00:43.000000;2016-04-26T00:00:43.569348;f82fe569-0667-44c0-aa18-b1c4e98e8e9a;463.33;4.1117153;BUY
2016-04-26T00:00:43.000000;2016-04-26T00:00:43.569348;1e9dd8bc-307c-4b48-9b46-9088963daca9;463.97;14.96266686;BUY
2016-04-26T00:00:45.000000;2016-04-26T00:00:45.515552;c25b4ca6-cd72-4506-920f-53cebb3fb7a9;462.72;0.412;SELL
2016-04-26T00:01:15.000000;2016-04-26T00:01:15.237538;b547e304-aaf7-40dd-95d6-80a339348536;462.94;1.6;SELL
2016-04-26T00:01:23.000000;2016-04-26T00:01:23.942401;f62972ab-8f1c-484d-820d-1593b45aab28;463.79;0.02;BUY
2016-04-26T00:01:26.000000;2016-04-26T00:01:26.212640;2646ee63-53d1-4db4-96ab-e5f7dae0915c;463.78;3.0;BUY
2016-04-26T00:01:26.000000;2016-04-26T00:01:26.223661;777004f7-a897-4486-b5fa-c021d1ea9407;463.78;6.4448;BUY
2016-04-26T00:01:26.000000;2016-04-26T00:01:26.289638;0382e5cf-36c9-4c82-b85a-c9593d8df12f;463.78;0.5;BUY
2016-04-26T00:01:26.000000;2016-04-26T00:01:26.291659;a9224e3b-4eea-4e33-bbe9-5fc1df7b7f14;463.79;0.0552;BUY
2016-04-26T00:01:34.000000;2016-04-26T00:01:34.435441;4184f093-b55c-49b3-bc33-98d6612204ea;463.77;0.5;BUY
2016-04-26T00:01:34.000000;2016-04-26T00:01:34.443450;9e41915b-0ea0-410f-97cf-1d6546a0a27f;463.78;0.5;BUY
2016-04-26T00:01:46.000000;2016-04-26T00:01:46.810715;86affb90-05c3-48a2-a397-85b04102fa26;463.76;0.5;BUY
2016-04-26T00:01:46.000000;2016-04-26T00:01:46.834673;058ca7a5-9e4e-4267-b7f7-93f83047ea97;463.77;0.323;BUY
2016-04-26T00:01:46.000000;2016-04-26T00:01:46.872736;fade18c7-e9e6-44cb-b4dd-32e5cdbe6dcc;463.77;3.0;BUY
2016-04-26T00:01:46.000000;2016-04-26T00:01:46.889730;36825a3e-4ac0-4403-a444-a4d84abb4c79;463.78;4.11319513;BUY
2016-04-26T00:01:46.000000;2016-04-26T00:01:46.892714;cab8b37b-dbc7-40b1-abee-733a2731aa5e;463.78;4.11319513;BUY
2016-04-26T00:01:46.000000;2016-04-26T00:01:46.925764;21266de4-7ce9-443e-93b0-824f441b776d;463.78;4.11302595;BUY
2016-04-26T00:01:46.000000;2016-04-26T00:01:46.925764;4091f554-9034-4cdb-a4f0-7ddef32193d6;463.78;0.107;BUY
2016-04-26T00:01:46.000000;2016-04-26T00:01:46.925764;90dadd36-7c1d-480d-99bb-3108a04fb4ed;463.78;4.11061669;BUY
2016-04-26T00:01:46.000000;2016-04-26T00:01:46.925764;eae87175-2e41-4547-aa0a-05bb99020cd0;463.79;4.11306825;BUY
2016-04-26T00:01:46.000000;2016-04-26T00:01:46.961734;e8f2218f-b8d2-4016-9b6c-2826a2424189;463.79;4.11306825;BUY
2016-04-26T00:01:46.000000;2016-04-26T00:01:47.004698;b0ba0ab7-aada-4598-b4a5-c2cbfcc45d95;463.79;4.11319513;BUY
2016-04-26T00:01:46.000000;2016-04-26T00:01:47.005701;69584000-0ded-4b67-b0e8-554d9b19a02c;463.84;6.0;BUY
2016-04-26T00:01:46.000000;2016-04-26T00:01:47.010704;c6793304-96e0-4f65-a487-10240f95522c;463.86;4.11091242;BUY
2016-04-26T00:01:46.000000;2016-04-26T00:01:47.041707;2d462724-2118-4503-92aa-944a95371405;463.86;4.11091242;BUY
2016-04-26T00:01:46.000000;2016-04-26T00:01:47.041707;68fef62a-88d0-46a3-82e5-a5d350fb4466;463.86;3.05881063;BUY
2016-04-26T00:01:48.000000;2016-04-26T00:01:48.200834;4b10fcc5-96ab-477f-8e73-2cf0fdbe4c74;463.76;0.5;BUY
2016-04-26T00:01:48.000000;2016-04-26T00:01:48.207822;33d10e9d-b601-4a9d-89bf-c6ba7d6354d2;463.77;0.5;BUY
2016-04-26T00:02:04.000000;2016-04-26T00:02:04.878479;034486a6-3b2b-445b-ad7b-41ad461fa673;463.77;0.02;SELL
2016-04-26T00:02:07.000000;2016-04-26T00:02:07.614776;8bd3fbfa-aee8-422d-8283-4c101999b015;463.77;0.011;SELL
2016-04-26T00:02:17.000000;2016-04-26T00:02:17.213752;b7baa4df-46e3-451d-aa2a-f4d9399569a0;463.77;0.011;SELL
2016-04-26T00:02:18.000000;2016-04-26T00:02:18.819410;ba73916c-452f-42b3-acfb-8c7d0a462ef4;463.8;3.0;BUY
2016-04-26T00:02:18.000000;2016-04-26T00:02:18.820888;3d2ddd15-1c43-4f20-aefe-90702514fcb6;463.8;0.107;BUY
2016-04-26T00:02:18.000000;2016-04-26T00:02:18.832880;f44e6a60-1636-45f2-a69b-701c79ad5094;463.81;1.893;BUY
2016-04-26T00:02:24.000000;2016-04-26T00:02:24.221457;cda55f4a-4b68-4696-a277-550b8af651fe;463.8;0.01;BUY
2016-04-26T00:02:57.000000;2016-04-26T00:02:57.924800;2a3321d7-7bfa-4614-b76d-afee3bd1c818;463.77;0.011;SELL
2016-04-26T00:03:01.000000;2016-04-26T00:03:01.332133;aab3dd2d-f1c6-48a4-918f-526db59335af;463.78;2.0;BUY
2016-04-26T00:03:01.000000;2016-04-26T00:03:01.792178;26c35f23-74bf-423d-a785-5647eb5869eb;463.77;0.147;SELL
2016-04-26T00:03:01.000000;2016-04-26T00:03:01.814182;4eff331a-0d4b-4a1e-9160-3db31167ba99;463.36;6.4404;SELL
2016-04-26T00:03:01.000000;2016-04-26T00:03:01.826654;0cdc12a0-7d5c-46d5-840b-4462200a7b47;463.35;34.734;SELL
2016-04-26T00:03:01.000000;2016-04-26T00:03:01.851623;ee3fefd3-72c3-4c9c-8f2d-fc99ef149488;463.34;8.24;SELL
2016-04-26T00:03:01.000000;2016-04-26T00:03:01.851623;6dfc3fbf-03b9-43f0-a120-5444a03cd517;463.33;0.4386;SELL
2016-04-26T00:03:33.000000;2016-04-26T00:03:33.827416;2af729e0-2770-4b96-9ca1-4847817637cc;463.46;0.21;SELL
2016-04-26T00:03:33.000000;2016-04-26T00:03:33.841948;c3d6f916-9f52-4ed5-a47f-f84535621805;463.46;0.21;SELL
2016-04-26T00:03:33.000000;2016-04-26T00:03:33.847653;dbd12c2d-27de-4994-94de-209f3b722463;463.46;0.211;SELL
2016-04-26T00:03:33.000000;2016-04-26T00:03:33.877406;814c5705-cacc-4958-8950-a606e83203a8;463.46;0.211;SELL
2016-04-26T00:03:33.000000;2016-04-26T00:03:33.877406;013bdfc0-ad82-4f6b-a12e-1a3b6805b1f8;463.46;0.21;SELL
2016-04-26T00:03:33.000000;2016-04-26T00:03:33.877406;dd2e91d6-0382-43ba-a25f-d6eb7e91fe21;463.46;0.211;SELL
2016-04-26T00:03:33.000000;2016-04-26T00:03:33.878392;ce10d200-034f-4c8e-9ac3-d5fd294d12ca;463.46;0.209;SELL
2016-04-26T00:03:33.000000;2016-04-26T00:03:33.878392;44daaeef-8ea2-47a1-92a4-57746fb2631c;463.46;0.211;SELL
2016-04-26T00:03:33.000000;2016-04-26T00:03:33.913401;b9b08e31-ae92-491b-a8da-ea0ced13b3f2;463.46;0.211;SELL
2016-04-26T00:03:33.000000;2016-04-26T00:03:33.913401;2bc22ca8-2003-4d50-b53b-f47da952fb86;463.46;0.211;SELL
2016-04-26T00:03:33.000000;2016-04-26T00:03:33.914483;05786a87-83a2-469e-8c76-813d7bd41f78;463.46;0.21;SELL
2016-04-26T00:03:33.000000;2016-04-26T00:03:33.948409;dbef22eb-8087-4afb-825b-b002a62db29d;463.46;0.21;SELL
2016-04-26T00:03:33.000000;2016-04-26T00:03:33.949395;54d3649d-d46e-4a44-852d-cea8736babaa;463.46;0.21;SELL
2016-04-26T00:03:33.000000;2016-04-26T00:03:33.949395;dbc3a537-3c4c-4b62-8241-7487cc6cd149;463.46;0.211;SELL
2016-04-26T00:03:33.000000;2016-04-26T00:03:33.951402;57bdab10-7714-4342-8f65-5d34df593d34;463.46;0.21;SELL
2016-04-26T00:03:33.000000;2016-04-26T00:03:33.984404;6205669d-c0c3-4548-8612-6c369f800317;463.46;0.21;SELL
2016-04-26T00:03:33.000000;2016-04-26T00:03:33.985401;fb50d090-4122-434f-901d-5a309f11cc6b;463.46;0.21;SELL
2016-04-26T00:03:33.000000;2016-04-26T00:03:34.020472;827ee537-9b69-474b-8eaf-54d655434c4e;463.46;0.21;SELL
2016-04-26T00:03:33.000000;2016-04-26T00:03:34.020472;e5f19fbf-5837-4f9c-8e2c-d14e1ec8d2f2;463.46;0.211;SELL
2016-04-26T00:03:33.000000;2016-04-26T00:03:34.020472;b73f5a80-f131-4f21-9771-44ae7f5fa087;462.97;6.4443;SELL
2016-04-26T00:03:33.000000;2016-04-26T00:03:34.020472;c4e173ac-2bb5-4bd4-b0c3-7765b9c87eb4;462.97;21.2021;SELL
2016-04-26T00:03:33.000000;2016-04-26T00:03:34.049415;1fbad27c-fdfb-481b-b3d5-4346ace7aa81;462.92;8.3566;SELL
2016-04-26T00:04:06.000000;2016-04-26T00:04:06.755713;49041811-70f2-405e-b1c0-b6d8e54a07e8;463.57;0.323;BUY
2016-04-26T00:04:06.000000;2016-04-26T00:04:06.758689;29aba6f9-6917-43c9-a107-33072e68c8ea;463.58;0.107;BUY
2016-04-26T00:04:06.000000;2016-04-26T00:04:06.759671;73dd83c7-1cb4-4a38-8a46-c9872bd35695;463.61;0.411;BUY
2016-04-26T00:04:06.000000;2016-04-26T00:04:06.795679;cbf6b991-652b-48e8-b8ba-7e9b84e65b13;463.66;1.159;BUY
2016-04-26T00:04:22.000000;2016-04-26T00:04:22.621268;e36bb25b-ba82-47f9-a595-78569c79e57b;463.2;0.02;SELL
2016-04-26T00:06:05.000000;2016-04-26T00:06:05.670309;0861a672-d988-4c98-bffa-e53efc19020b;463.69;0.107;BUY
2016-04-26T00:06:05.000000;2016-04-26T00:06:05.677324;f23124d1-477f-44fb-b2a6-94f121d1d213;463.7;0.393;BUY
2016-04-26T00:06:52.000000;2016-04-26T00:06:52.450004;4d103e02-1eff-487e-8987-46bb1f41a661;463.77;0.5;BUY
2016-04-26T00:06:52.000000;2016-04-26T00:06:52.466003;31e3edb6-de15-4017-a5d8-ef6bbeb7c80e;463.86;0.9658;BUY
2016-04-26T00:06:54.000000;2016-04-26T00:06:54.294270;31d4d412-15a6-46f7-94be-8e8d937088b3;463.89;4.11120818;BUY
2016-04-26T00:06:54.000000;2016-04-26T00:06:54.301224;04d38476-d7a5-47bb-a962-6be36ef2d7ee;463.89;4.11120818;BUY
2016-04-26T00:06:54.000000;2016-04-26T00:06:54.311179;c6fb0f8a-30b3-4e59-bbe0-e1173677219f;463.91;1.125;BUY
2016-04-26T00:06:54.000000;2016-04-26T00:06:54.337188;3eb2b60b-2e92-4e50-88fc-f9f4c252033e;463.93;4.11120818;BUY
2016-04-26T00:06:54.000000;2016-04-26T00:06:54.337188;b5b41aac-9f90-438d-a2e1-14de6db2618e;463.97;1.54137546;BUY
2016-04-26T00:06:54.000000;2016-04-26T00:06:54.361174;15c0ba0e-0d1b-4a74-87bd-5d68a0df2ec6;463.86;0.5;BUY
2016-04-26T00:07:04.000000;2016-04-26T00:07:04.590207;14b87980-6b4a-4212-82f0-321dee1b1e11;463.7;0.08727049;SELL
2016-04-26T00:08:07.000000;2016-04-26T00:08:07.458490;18dfbadd-018c-49ad-9cfe-b4222937e0fc;463.72;0.2;BUY
2016-04-26T00:08:08.000000;2016-04-26T00:08:08.496615;fa1dd79b-f5a9-4e8c-b79c-572c60274e73;463.7;0.0529835;SELL
2016-04-26T00:09:04.000000;2016-04-26T00:09:04.748265;8340b445-0fe4-4fb1-b290-78c2e89fa33f;463.7;0.10974601;SELL
2016-04-26T00:09:04.000000;2016-04-26T00:09:04.756267;a6a12bc1-9609-4e49-882d-44824597c0a1;463.7;0.21;SELL
2016-04-26T00:09:04.000000;2016-04-26T00:09:04.759276;f9e896e1-6a5d-46eb-a80f-c5752fcd60b8;463.7;0.21;SELL
2016-04-26T00:09:04.000000;2016-04-26T00:09:04.792224;a00751f1-348a-4e4f-85fe-b1ff6b086475;463.7;0.211;SELL
2016-04-26T00:09:04.000000;2016-04-26T00:09:04.792224;12ce06f9-6efc-48ea-a4dd-8b2661870500;463.7;0.211;SELL
2016-04-26T00:09:04.000000;2016-04-26T00:09:04.792224;8ef43de7-449f-4f11-bf3f-67a11b49b386;463.7;0.211;SELL
2016-04-26T00:09:04.000000;2016-04-26T00:09:04.792224;1223113d-8f2b-4762-bc68-3c2d6aa2d0c6;463.7;0.21;SELL
2016-04-26T00:09:04.000000;2016-04-26T00:09:04.837275;4604ac4f-f2d9-4bd2-a477-eb758adcd352;463.7;0.21;SELL
2016-04-26T00:09:04.000000;2016-04-26T00:09:04.839234;2793b360-db60-49aa-b5f5-a996848b5a5d;463.7;0.21;SELL
2016-04-26T00:09:04.000000;2016-04-26T00:09:04.846275;74c25845-9c53-40c5-be1c-5fd09691e17d;463.7;0.21;SELL
2016-04-26T00:09:04.000000;2016-04-26T00:09:04.875272;016cda8e-c56c-47ca-a670-7e22e0b28b0e;463.7;0.211;SELL
2016-04-26T00:09:04.000000;2016-04-26T00:09:04.875272;208512a4-40b8-43b2-b630-49a82da6d46d;463.7;0.211;SELL
2016-04-26T00:09:04.000000;2016-04-26T00:09:04.906258;ec3754e9-ef1f-447e-a3f6-bd7e0f7d457a;463.7;0.211;SELL
2016-04-26T00:09:04.000000;2016-04-26T00:09:04.916262;b55a19ed-9a15-4fb8-9a4b-4bd0260b3a95;463.7;0.21;SELL
2016-04-26T00:09:04.000000;2016-04-26T00:09:04.956292;8eb31313-5f1d-435c-8f47-86627897cf9b;463.7;0.209;SELL
2016-04-26T00:09:04.000000;2016-04-26T00:09:04.957260;b10cdf8c-3958-4004-ab59-625020556452;463.7;0.211;SELL
2016-04-26T00:09:04.000000;2016-04-26T00:09:04.959289;85f62966-124c-4b0a-9e50-1a384b0f6735;463.7;0.21;SELL
2016-04-26T00:09:04.000000;2016-04-26T00:09:04.993243;e9059c62-f9e5-49c4-ad50-25ce2cedf4d9;463.7;0.21;SELL
2016-04-26T00:09:04.000000;2016-04-26T00:09:04.993243;7bd8316c-b20d-438b-bc47-d9de41a9e6d1;463.7;0.21;SELL
2016-04-26T00:09:04.000000;2016-04-26T00:09:04.993243;f297ef12-70ae-4a93-8183-f42dc12a1d49;463.7;0.211;SELL
2016-04-26T00:09:04.000000;2016-04-26T00:09:05.006282;5f4d5fc9-8f56-4768-9bbe-6aaedcda0f94;463.7;2.0;SELL
2016-04-26T00:09:04.000000;2016-04-26T00:09:05.028263;71c97767-2ebb-4574-bda5-451b308ee985;463.26;0.22;SELL
2016-04-26T00:09:04.000000;2016-04-26T00:09:05.028263;7977a7d7-b6ae-4f6b-807d-f62bfc4f6bf5;462.91;6.4246;SELL
2016-04-26T00:09:04.000000;2016-04-26T00:09:05.080262;0354bbb6-ac39-4a04-82b3-5257adcfc358;462.91;12.24865399;SELL
2016-04-26T00:09:17.000000;2016-04-26T00:09:17.292487;7ddef439-9a21-48b7-9c54-17264531b5cb;462.91;5.0;SELL
2016-04-26T00:09:23.000000;2016-04-26T00:09:23.116053;380e8d4b-7d68-433a-8930-bbddd4c5fb5f;462.9;0.011;SELL
2016-04-26T00:11:36.000000;2016-04-26T00:11:36.000000;62a3f3e1-b1bc-42fe-8abf-b668aa0b017b;462.91;0.05;UNKNOWN
2016-04-26T00:12:48.000000;2016-04-26T00:12:48.000000;fc9594cf-5847-4e28-9a6a-f70cac5fd00e;462.9;0.02164623;UNKNOWN
2016-04-26T00:12:53.000000;2016-04-26T00:12:53.000000;9caf6028-2e82-457f-8291-73b572c72b4c;462.91;0.01;UNKNOWN
2016-04-26T00:13:02.000000;2016-04-26T00:13:02.000000;b6b2f0a5-1416-4904-a1b1-a67089153777;462.91;0.01;UNKNOWN
2016-04-26T00:13:32.000000;2016-04-26T00:13:32.000000;a652db13-7c58-4d1c-bdbf-ad252855c683;462.91;1.51858454;UNKNOWN
2016-04-26T00:14:40.000000;2016-04-26T00:14:40.000000;5c84777e-fadb-45fe-8bd3-ff8307f0a9fe;463.65;0.323;UNKNOWN
2016-04-26T00:14:40.000000;2016-04-26T00:14:40.000000;ee995c00-7fab-4fe0-95ec-a408560eeac3;463.65;6.5742;UNKNOWN
2016-04-26T00:16:16.000000;2016-04-26T00:16:16.000000;962f28ae-e1a0-4df1-8bcf-79df610603df;463.89;0.1;UNKNOWN
2016-04-26T00:16:21.000000;2016-04-26T00:16:21.000000;c0ae1128-75b5-4cbc-b706-208322323f7e;463.9;0.107;UNKNOWN
2016-04-26T00:16:21.000000;2016-04-26T00:16:21.000000;c87257bb-7b3e-42bb-a6dc-b0d384b034ca;463.97;2.634;UNKNOWN
2016-04-26T00:16:21.000000;2016-04-26T00:16:21.000000;ee876973-d5f8-412b-ac59-d9e36da2d9fc;463.92;3.0;UNKNOWN
2016-04-26T00:16:21.000000;2016-04-26T00:16:21.000000;3809a731-ae77-44af-81be-4c79a6a42c25;463.9;0.5;UNKNOWN
2016-04-26T00:16:21.000000;2016-04-26T00:16:21.000000;405c1dd3-77e1-4b6c-8473-4da678908c2a;463.91;0.411;UNKNOWN
2016-04-26T00:16:21.000000;2016-04-26T00:16:21.000000;8097dd9b-c13b-4fbc-bed5-762ad377cf08;463.89;0.223;UNKNOWN
2016-04-26T00:16:21.000000;2016-04-26T00:16:21.000000;e99a3828-57fe-4e87-94af-1abb25093eb4;463.91;1.125;UNKNOWN
2016-04-26T00:16:26.000000;2016-04-26T00:16:26.000000;c1d30050-f909-4e60-867e-dec53113f7f1;463.74;0.08715784;UNKNOWN
2016-04-26T00:16:48.000000;2016-04-26T00:16:48.000000;cea7a0ba-13c5-49f7-91a8-4a3070b6b408;463.98;1.177;UNKNOWN
2016-04-26T00:16:48.000000;2016-04-26T00:16:48.000000;61ee14ae-7f1d-4898-8b4d-abf4b20a1d23;463.98;3.0;UNKNOWN
2016-04-26T00:16:48.000000;2016-04-26T00:16:48.000000;891e4bd7-b177-4899-8b98-c36206dca590;463.98;0.5;UNKNOWN
2016-04-26T00:16:48.000000;2016-04-26T00:16:48.000000;2decaf29-50ca-41a7-b602-f074a652f9f7;463.98;0.323;UNKNOWN
2016-04-26T00:16:56.000000;2016-04-26T00:16:56.000000;f3f760a9-19ab-44c0-82e1-508ab0287274;463.74;0.19481607;UNKNOWN
2016-04-26T00:17:28.000000;2016-04-26T00:17:28.000000;e0f421a0-7c44-4595-a0c8-559ff3d0ff41;463.74;0.01518393;UNKNOWN
2016-04-26T00:17:28.000000;2016-04-26T00:17:28.000000;a0e25ab8-2dd6-48c7-805e-c43485145547;463.74;0.21;UNKNOWN
2016-04-26T00:17:28.000000;2016-04-26T00:17:28.000000;8605f2ae-5e35-425a-9185-a3c716de3b36;463.74;0.21;UNKNOWN
2016-04-26T00:17:28.000000;2016-04-26T00:17:28.000000;19ae9dcb-2022-4d1f-92d6-eec7d2aad205;463.74;0.21;UNKNOWN
2016-04-26T00:17:28.000000;2016-04-26T00:17:28.000000;ce4447fc-194a-4cf4-b364-8a27cf3ec390;463.74;0.209;UNKNOWN
2016-04-26T00:17:28.000000;2016-04-26T00:17:28.000000;e2e11df9-b290-443f-9857-7c623bab4094;463.74;0.21;UNKNOWN
2016-04-26T00:17:28.000000;2016-04-26T00:17:28.000000;62954303-1ae4-4127-af62-806d57c806f9;463.74;0.21;UNKNOWN
2016-04-26T00:17:28.000000;2016-04-26T00:17:28.000000;39d5891b-be68-4106-bdcd-da22f3650833;463.74;0.209;UNKNOWN
2016-04-26T00:17:28.000000;2016-04-26T00:17:28.000000;0fc8c04b-f8ee-47e9-a3d1-b7e26998dc0b;463.74;0.209;UNKNOWN
2016-04-26T00:17:28.000000;2016-04-26T00:17:28.000000;8d15cc7f-9037-400d-a30f-8ee9a525efef;463.74;0.209;UNKNOWN
2016-04-26T00:17:28.000000;2016-04-26T00:17:28.000000;92b288bd-a3da-439d-8bca-3d4eea396f65;463.74;0.209;UNKNOWN
2016-04-26T00:17:28.000000;2016-04-26T00:17:28.000000;75192cf4-76f4-489b-ae73-1cfbfcd17bbf;463.74;0.17981607;UNKNOWN
2016-04-26T00:17:28.000000;2016-04-26T00:17:28.000000;cdda054a-0ac9-43ae-944f-5b53e6cd8777;463.74;0.21;UNKNOWN
2016-04-26T00:22:17.000000;2016-04-26T00:22:17.000000;cbac26c5-49b8-4848-b812-2e72466e7445;463.96;0.5;UNKNOWN
2016-04-26T00:22:17.000000;2016-04-26T00:22:17.000000;1da38710-bc50-4fff-b3ce-a795da066f59;463.95;0.323;UNKNOWN
2016-04-26T00:22:17.000000;2016-04-26T00:22:17.000000;6375f427-9cf3-43bd-9db4-406749889e9d;463.97;0.36;UNKNOWN
2016-04-26T00:22:17.000000;2016-04-26T00:22:17.000000;120b6582-6db2-42d5-8796-4296fe85f427;463.96;0.107;UNKNOWN
2016-04-26T00:22:21.000000;2016-04-26T00:22:21.000000;d72eb4b1-57dd-461f-8c1f-645f441341ef;463.98;0.411;UNKNOWN
2016-04-26T00:22:21.000000;2016-04-26T00:22:21.000000;505cae6b-3ae6-473e-a9bd-bdfc6b396de7;463.99;0.839;UNKNOWN
2016-04-26T00:23:34.000000;2016-04-26T00:23:34.000000;846ae28a-2055-487b-afb5-59c5005ca014;463.97;0.323;UNKNOWN
2016-04-26T00:23:34.000000;2016-04-26T00:23:34.000000;df2c13f6-2459-495b-92ab-8da9155519d1;463.97;0.5;UNKNOWN
2016-04-26T00:23:34.000000;2016-04-26T00:23:34.000000;c3a2f51f-2ce4-48c2-81f3-f37e73fd4b9d;463.98;3.0;UNKNOWN
2016-04-26T00:23:34.000000;2016-04-26T00:23:34.000000;7fa59a65-57f8-4097-bd2b-b6f7254d56df;464.0;4.526;UNKNOWN
2016-04-26T00:23:34.000000;2016-04-26T00:23:34.000000;d0d13b13-92ae-429e-ae1f-2514063d06fb;463.99;11.651;UNKNOWN
2016-04-26T00:24:08.000000;2016-04-26T00:24:08.000000;cc840f16-509a-4480-bab3-7730ec7d2d12;463.99;0.323;UNKNOWN
2016-04-26T00:24:08.000000;2016-04-26T00:24:08.000000;38fb823e-5a9b-4aff-b564-c87e9240d562;464.0;16.9955;UNKNOWN
2016-04-26T00:24:18.000000;2016-04-26T00:24:18.000000;4fe9fc65-5832-4213-b479-54da2e226ab2;463.99;0.0419;UNKNOWN
2016-04-26T00:24:26.000000;2016-04-26T00:24:26.000000;91fb8ddd-cdd6-4283-9eee-f0cae22ac803;464.0;3.4685;UNKNOWN
2016-04-26T00:24:26.000000;2016-04-26T00:24:26.000000;5fb0e341-2e10-4bb5-8fd8-1b9107e97d2f;463.99;0.5;UNKNOWN
2016-04-26T00:24:26.000000;2016-04-26T00:24:26.000000;b0297536-3383-4b9f-8ca6-608f6a468388;464.0;0.411;UNKNOWN
2016-04-26T00:24:41.000000;2016-04-26T00:24:41.000000;f2179b77-3b9e-4e66-a968-5b5732f19618;464.37;6.0;UNKNOWN
2016-04-26T00:24:41.000000;2016-04-26T00:24:41.000000;5edb7824-7982-43a3-b6e0-32377d67d00a;464.36;4.10909651;UNKNOWN
2016-04-26T00:24:41.000000;2016-04-26T00:24:41.000000;8afd8eff-bc1b-4ab9-9c02-c4607c394613;464.08;0.0107;UNKNOWN
2016-04-26T00:24:41.000000;2016-04-26T00:24:41.000000;26ab1aab-37f3-45f5-b566-08a05d8e6bb4;464.4;1.0;UNKNOWN
2016-04-26T00:24:41.000000;2016-04-26T00:24:41.000000;9a458396-c763-478a-9ada-2a603519d427;464.41;4.10896988;UNKNOWN
2016-04-26T00:24:41.000000;2016-04-26T00:24:41.000000;9e4459ca-be7d-4f1b-9d72-95c85b0174e5;464.1;1.0;UNKNOWN
2016-04-26T00:24:41.000000;2016-04-26T00:24:41.000000;627a2c5c-9380-4c8f-afc1-e7b7542b612b;464.21;4.10930758;UNKNOWN
2016-04-26T00:24:41.000000;2016-04-26T00:24:41.000000;2d214466-1d2b-4f29-990e-484d4f5b073f;464.24;4.10930758;UNKNOWN
2016-04-26T00:24:41.000000;2016-04-26T00:24:41.000000;36c43d04-6f10-42d2-b7d3-be68f444fe34;464.35;4.10896988;UNKNOWN
2016-04-26T00:24:41.000000;2016-04-26T00:24:41.000000;89c2195a-0e7e-4805-90f6-50089ab45316;464.31;4.10896988;UNKNOWN
2016-04-26T00:24:41.000000;2016-04-26T00:24:41.000000;84a2cf8f-9f8b-4316-9703-214287730f61;464.42;2.49137111;UNKNOWN
2016-04-26T00:24:41.000000;2016-04-26T00:24:41.000000;0056c194-65bc-4744-be6c-2649c636ab43;464.17;4.10930758;UNKNOWN
2016-04-26T00:24:41.000000;2016-04-26T00:24:41.000000;f1e323a5-ca3e-4dfb-8c87-52c0279fd4d5;464.08;0.411;UNKNOWN
2016-04-26T00:24:41.000000;2016-04-26T00:24:41.000000;809d30ac-226e-4ede-8c86-e422bd8f1dc0;464.07;0.323;UNKNOWN
2016-04-26T00:25:21.000000;2016-04-26T00:25:21.000000;fccae978-5061-4a8f-97fe-0f9464d6e20b;464.1;0.011;UNKNOWN
2016-04-26T00:25:55.000000;2016-04-26T00:25:55.000000;0fd48f17-6114-4bce-9ac1-d76d485e2fba;464.18;0.323;UNKNOWN
2016-04-26T00:25:55.000000;2016-04-26T00:25:55.000000;f176e0cd-a7ec-4cbf-af62-9cf4adc85a64;464.19;0.411;UNKNOWN
2016-04-26T00:25:55.000000;2016-04-26T00:25:55.000000;c9e4a88e-d484-43b1-9b2b-fb8dac8bdc97;464.2;0.266;UNKNOWN
2016-04-26T00:26:00.000000;2016-04-26T00:26:00.000000;dcb57481-0554-4081-baf7-961f403baa0d;464.2;15.0;UNKNOWN
2016-04-26T00:26:41.000000;2016-04-26T00:26:41.000000;82b9a57e-65d6-4f30-b722-a674c8256dbb;464.19;0.323;UNKNOWN
2016-04-26T00:26:41.000000;2016-04-26T00:26:41.000000;14ecbbae-09a2-435a-b923-381cdb706226;464.2;4.6059;UNKNOWN
2016-04-26T00:27:00.000000;2016-04-26T00:27:00.000000;3e61016d-05d6-481e-b94f-65025f332b97;464.2;0.493;UNKNOWN
2016-04-26T00:27:00.000000;2016-04-26T00:27:00.000000;a3ea5035-8169-42cf-b034-f322b6587a01;464.19;0.107;UNKNOWN
2016-04-26T00:27:12.000000;2016-04-26T00:27:12.000000;135fc164-3818-438c-9010-ee4458a6719c;464.2;0.25;UNKNOWN
2016-04-26T00:27:43.000000;2016-04-26T00:27:43.000000;54de6708-fc50-4844-b8d8-d95da56b8426;464.19;0.02;UNKNOWN
2016-04-26T00:27:45.000000;2016-04-26T00:27:45.000000;91ea822e-59b5-4165-a7aa-76da06a131e4;464.19;0.02;UNKNOWN
2016-04-26T00:28:33.000000;2016-04-26T00:28:33.000000;7ded76f8-803f-4f9d-abd6-480f1a34b3a7;464.15;0.04317773;UNKNOWN
2016-04-26T00:28:43.000000;2016-04-26T00:28:43.000000;fd9cf98d-1230-41bd-b002-12863f4990eb;464.15;0.21;UNKNOWN
2016-04-26T00:28:43.000000;2016-04-26T00:28:43.000000;83cb7d79-348e-43ac-96a5-46a1a605fd46;464.15;0.16682227;UNKNOWN
2016-04-26T00:28:43.000000;2016-04-26T00:28:43.000000;d8cabe8d-22c6-41e3-ba86-f1e3162e9c0a;464.15;0.09416176;UNKNOWN
2016-04-26T00:28:49.000000;2016-04-26T00:28:49.000000;0c08ca93-87cb-4ac4-9251-1167545484e1;464.2;1.0;UNKNOWN
2016-04-26T00:29:00.000000;2016-04-26T00:29:00.000000;3f479a84-bf13-416d-8274-29d55b727b84;464.19;0.323;UNKNOWN
2016-04-26T00:29:00.000000;2016-04-26T00:29:00.000000;a9bcb0b7-b396-439c-9a07-b2cdb54c36e8;464.2;0.677;UNKNOWN
2016-04-26T00:29:04.000000;2016-04-26T00:29:04.000000;20089b8a-c269-4ead-97ec-09da96371fa2;464.2;1.0;UNKNOWN
2016-04-26T00:29:31.000000;2016-04-26T00:29:31.000000;add470b4-f8b1-40b0-9db3-ab16a3e1ba36;464.16;0.011;UNKNOWN
2016-04-26T00:30:09.000000;2016-04-26T00:30:09.000000;20bc65d3-f1be-4ef3-ab0c-f78e8e0c0dfa;464.18;3.0;UNKNOWN
2016-04-26T00:30:12.000000;2016-04-26T00:30:12.000000;018b5552-fd95-4faa-a234-619aa11d7f7e;464.18;2.4808;UNKNOWN
2016-04-26T00:30:12.000000;2016-04-26T00:30:12.000000;2ee813ea-1970-491c-ac7a-a9ef2a69e9cd;464.19;0.5192;UNKNOWN
2016-04-26T00:30:28.000000;2016-04-26T00:30:28.000000;c26ea060-604d-4c71-ae6d-9174b70ed5bf;464.19;0.209;UNKNOWN
2016-04-26T00:30:28.000000;2016-04-26T00:30:28.000000;5d87dafb-8d76-4218-be2b-3db0cf026382;464.19;0.209;UNKNOWN
2016-04-26T00:30:28.000000;2016-04-26T00:30:28.000000;43fa8cb0-5e5e-4708-bf32-224b3a89e66d;464.19;0.21;UNKNOWN
2016-04-26T00:30:28.000000;2016-04-26T00:30:28.000000;20884f38-2859-4159-af13-6cba494c8cbd;464.19;0.209;UNKNOWN
2016-04-26T00:30:28.000000;2016-04-26T00:30:28.000000;61a9dd4d-a09e-4362-bf92-26e4379037d5;464.19;0.21;UNKNOWN
2016-04-26T00:30:28.000000;2016-04-26T00:30:28.000000;6ca10f4e-5f4b-421a-adef-ed6db6e0db89;464.19;0.209;UNKNOWN
2016-04-26T00:30:28.000000;2016-04-26T00:30:28.000000;55ab6662-8ba7-4acc-852b-47a8a0b1fc8f;464.19;0.209;UNKNOWN
2016-04-26T00:30:28.000000;2016-04-26T00:30:28.000000;899e38bd-068d-4799-a021-4821c0a04162;464.19;0.21;UNKNOWN
2016-04-26T00:30:28.000000;2016-04-26T00:30:28.000000;5b65a9d2-4cc1-4c6b-928e-737e24e2d871;464.19;0.21;UNKNOWN
2016-04-26T00:30:28.000000;2016-04-26T00:30:28.000000;b71a8237-8137-41ab-8ae1-92edcca6355f;464.19;0.21;UNKNOWN
2016-04-26T00:30:28.000000;2016-04-26T00:30:28.000000;511b1f7f-e2e3-4ff1-aedc-72b926dd087d;464.19;0.209;UNKNOWN
2016-04-26T00:30:28.000000;2016-04-26T00:30:28.000000;9b7510e4-3815-4b81-81e9-53fa2c254522;464.19;0.209;UNKNOWN
2016-04-26T00:30:28.000000;2016-04-26T00:30:28.000000;61c306b4-55cf-453c-90a5-b2e2e69e1ec8;464.19;0.209;UNKNOWN
2016-04-26T00:30:28.000000;2016-04-26T00:30:28.000000;92195b40-d687-4490-a00f-6828380e90d6;464.19;0.069;UNKNOWN
2016-04-26T00:30:28.000000;2016-04-26T00:30:28.000000;23eaa0ad-465d-4e2f-a9a0-088b585f8b70;464.19;0.209;UNKNOWN
2016-04-26T00:30:46.000000;2016-04-26T00:30:46.000000;1795ce87-070f-476d-aa8e-d7e963636965;464.2;3.28407206;UNKNOWN
2016-04-26T00:30:46.000000;2016-04-26T00:30:46.000000;0afaf43e-cd0b-42e8-9632-a6cc11adf7f6;464.2;0.323;UNKNOWN
2016-04-26T00:30:46.000000;2016-04-26T00:30:46.000000;c62403a7-28f0-4c7c-b917-1641db9345c0;464.58;4.25642794;UNKNOWN
2016-04-26T00:30:46.000000;2016-04-26T00:30:46.000000;4701ea30-a91b-45ac-93fb-4b9de73aba90;464.47;0.0115;UNKNOWN
2016-04-26T00:30:46.000000;2016-04-26T00:30:46.000000;ef6ecdb3-6a1c-42fe-be49-4ed0ac39a449;464.46;1.125;UNKNOWN
2016-04-26T00:30:46.000000;2016-04-26T00:30:46.000000;d92c4bc1-c413-4583-80c8-25080c8ada49;464.5;2.0;UNKNOWN
2016-04-26T00:30:57.000000;2016-04-26T00:30:57.000000;f5d05ddd-f313-402c-85b7-459959971885;464.84;0.02;UNKNOWN
2016-04-26T00:34:35.000000;2016-04-26T00:34:35.000000;587bdf02-d87b-49c0-b9a4-02d30eb16920;464.76;3.0;UNKNOWN
2016-04-26T00:34:35.000000;2016-04-26T00:34:35.000000;90a538ac-a105-4edf-9dba-ded87df2fcdc;464.51;3.0;UNKNOWN
2016-04-26T00:34:49.000000;2016-04-26T00:34:49.000000;64062fc4-e955-4dfe-8ace-d1e9385b4f8b;464.78;3.0;UNKNOWN
2016-04-26T00:35:12.000000;2016-04-26T00:35:12.000000;d0f5ffc7-bc41-4b3c-9513-b132ecdb7307;464.8;1.0;UNKNOWN
2016-04-26T00:35:28.000000;2016-04-26T00:35:28.000000;f76ebcd4-5aba-4868-aaf7-dbdb94a3162c;464.8;1.0;UNKNOWN
2016-04-26T00:35:30.000000;2016-04-26T00:35:30.000000;56e50ee6-b93b-4d11-9f60-fcd22083f1f1;464.84;0.0805;UNKNOWN
2016-04-26T00:37:18.000000;2016-04-26T00:37:18.000000;0af55f9e-f9aa-491b-b87e-43a49c757512;464.9;0.01;UNKNOWN
2016-04-26T00:37:18.000000;2016-04-26T00:37:18.000000;1221eafd-0a61-4320-8672-df1c52deebe4;464.9;0.02331494;UNKNOWN
2016-04-26T00:37:18.000000;2016-04-26T00:37:18.000000;661604ea-e6e8-4126-aa63-62571dccb4f2;464.9;0.05;UNKNOWN
2016-04-26T00:37:18.000000;2016-04-26T00:37:18.000000;c9257f7e-3bc5-4c0a-a7c7-b4236fbd183c;464.86;0.0113;UNKNOWN
2016-04-26T00:38:00.000000;2016-04-26T00:38:00.000000;d5628c4d-5fed-4e05-9f51-293b186db645;464.9;0.1;UNKNOWN
2016-04-26T00:38:05.000000;2016-04-26T00:38:05.000000;d5879c88-741b-48b3-a10c-9d9adcac1ba9;464.9;0.1;UNKNOWN
2016-04-26T00:38:12.000000;2016-04-26T00:38:12.000000;a0b97d3d-d516-4bb7-b331-235bcf903d7e;464.9;0.1;UNKNOWN
2016-04-26T00:38:14.000000;2016-04-26T00:38:14.000000;f37e33ea-83d8-4bbf-a7bf-e78c5b0b82c3;464.9;0.1;UNKNOWN
2016-04-26T00:38:17.000000;2016-04-26T00:38:17.000000;d2de4b46-d9e7-4a90-a701-66c3f398af1e;464.9;0.1;UNKNOWN
2016-04-26T00:38:19.000000;2016-04-26T00:38:19.000000;64861f84-0aa7-45eb-b11e-3d920ee4e661;464.9;0.1;UNKNOWN
2016-04-26T00:40:23.000000;2016-04-26T00:40:23.000000;89933d46-e421-4695-a53c-8b79573c0b14;464.9;1.37668506;UNKNOWN
2016-04-26T00:40:23.000000;2016-04-26T00:40:23.000000;7c29c459-7448-460e-acc2-673eb51854be;464.9;23.62331494;UNKNOWN
2016-04-26T00:41:02.000000;2016-04-26T00:41:02.000000;9dc6cd70-8668-4523-983e-73162eeddd5b;464.9;4.0;UNKNOWN
2016-04-26T00:41:05.000000;2016-04-26T00:41:05.000000;3eeb2295-36c5-459a-be41-fe169a6fee77;464.89;0.01;UNKNOWN
2016-04-26T00:42:28.000000;2016-04-26T00:42:28.000000;ebe56459-04bb-4db7-828a-9e75f291cfdd;464.9;3.197;UNKNOWN
2016-04-26T00:43:21.000000;2016-04-26T00:43:21.000000;806e91d4-db93-49a0-8f8a-35a333d3741e;464.89;3.0;UNKNOWN
2016-04-26T00:43:21.000000;2016-04-26T00:43:21.000000;c6b5cfd5-a174-4d59-b00e-e6beaa466176;464.9;0.3465242;UNKNOWN
2016-04-26T00:43:22.000000;2016-04-26T00:43:22.000000;81dc009c-8473-4b99-ae41-4d86df02a3d5;464.9;0.3465152;UNKNOWN
2016-04-26T00:43:23.000000;2016-04-26T00:43:23.000000;1a4da4b0-77c6-4c1b-a040-56009c97e321;464.9;0.34651521;UNKNOWN
2016-04-26T00:43:25.000000;2016-04-26T00:43:25.000000;3aca2166-f8aa-4db4-9ec6-cc298eda285a;464.9;0.34651521;UNKNOWN
2016-04-26T00:43:32.000000;2016-04-26T00:43:32.000000;b8dc38c7-55c2-47b5-82c7-c8e7f472e716;464.9;0.09209738;UNKNOWN
2016-04-26T00:43:36.000000;2016-04-26T00:43:36.000000;d92a5d0f-0980-4508-bc1f-50d7ed63de34;464.9;0.17699309;UNKNOWN
2016-04-26T00:43:43.000000;2016-04-26T00:43:43.000000;e3563b00-d2c6-497f-9582-3ab9918ddb8a;464.9;0.014;UNKNOWN
2016-04-26T00:43:52.000000;2016-04-26T00:43:52.000000;db71356d-19ed-4468-aa2d-504663f73594;464.9;0.17699308;UNKNOWN
2016-04-26T00:44:19.000000;2016-04-26T00:44:19.000000;1c39d443-146d-4375-8f6f-9323600e2689;464.9;1.33353169;UNKNOWN
2016-04-26T00:44:45.000000;2016-04-26T00:44:45.000000;d9ffa1c6-04ed-4192-a19f-2f1b9061d633;464.9;0.45847753;UNKNOWN
2016-04-26T00:44:50.000000;2016-04-26T00:44:50.000000;c38b8b1d-91d8-41fe-bc00-d5a21614a6a9;464.91;0.0167;UNKNOWN
2016-04-26T00:45:35.000000;2016-04-26T00:45:35.000000;87616b41-02b6-4e1e-9777-827dea110d6c;464.92;0.41;UNKNOWN
2016-04-26T00:45:35.000000;2016-04-26T00:45:35.000000;122291fb-090f-43cb-b620-0419e2609185;464.91;1.1083;UNKNOWN
2016-04-26T00:45:35.000000;2016-04-26T00:45:35.000000;5f432f2f-ab63-42a7-97c6-d217c46c5f86;464.99;3.4705;UNKNOWN
2016-04-26T00:45:35.000000;2016-04-26T00:45:35.000000;8dc69181-82b9-4286-85f8-cd54d182d704;464.92;0.0112;UNKNOWN
2016-04-26T00:46:08.000000;2016-04-26T00:46:08.000000;b35b332c-f314-4528-a699-8172f2196f15;464.98;0.02;UNKNOWN
2016-04-26T00:46:12.000000;2016-04-26T00:46:12.000000;22bf7629-df89-448d-927b-ddac195b510a;464.98;0.0199;UNKNOWN
2016-04-26T00:47:05.000000;2016-04-26T00:47:05.000000;cfea8691-037d-40e8-a729-c8196aa25eb4;464.99;0.25;UNKNOWN
2016-04-26T00:47:14.000000;2016-04-26T00:47:14.000000;84a4bf80-fbb8-4809-bf72-93d5785aa3ef;464.98;0.208;UNKNOWN
2016-04-26T00:47:14.000000;2016-04-26T00:47:14.000000;a11ced8f-6904-4ad0-8827-5b1a4894be11;464.98;0.209;UNKNOWN
2016-04-26T00:47:14.000000;2016-04-26T00:47:14.000000;0a6f9e69-4950-4302-ab4a-6baa52415745;464.98;0.083;UNKNOWN
2016-04-26T00:47:37.000000;2016-04-26T00:47:37.000000;43af1e34-a147-410d-bead-da705859247d;464.99;0.222;UNKNOWN
2016-04-26T00:47:39.000000;2016-04-26T00:47:39.000000;bac43489-794a-4aca-a3b4-6ef9a31ed74e;464.98;0.12;UNKNOWN
2016-04-26T00:48:51.000000;2016-04-26T00:48:51.000000;ee16b5c0-7e57-4be3-a21c-75589daeebd8;464.98;0.209;UNKNOWN
2016-04-26T00:48:51.000000;2016-04-26T00:48:51.000000;61056d1a-4d00-424b-98d4-f01a476f124e;464.98;0.209;UNKNOWN
2016-04-26T00:48:51.000000;2016-04-26T00:48:51.000000;b8e6ea1c-794f-452a-ad30-d0b257d9d67d;464.98;0.209;UNKNOWN
2016-04-26T00:48:51.000000;2016-04-26T00:48:51.000000;dde09a7c-b6d3-4848-9298-c35576bd1f6b;464.98;0.209;UNKNOWN
2016-04-26T00:48:51.000000;2016-04-26T00:48:51.000000;c4eb3a1e-60c2-43bf-b347-078ee51f6041;464.98;0.208;UNKNOWN
2016-04-26T00:48:51.000000;2016-04-26T00:48:51.000000;27bbbbbe-8dfa-4fef-be42-ce297c667b0d;464.98;0.209;UNKNOWN
2016-04-26T00:48:51.000000;2016-04-26T00:48:51.000000;46af0e55-ef9b-401a-b189-01474e0cdcd4;464.98;0.209;UNKNOWN
2016-04-26T00:48:51.000000;2016-04-26T00:48:51.000000;d36898ae-51f8-4f0a-b3e1-526a7889e135;464.98;0.209;UNKNOWN
2016-04-26T00:48:51.000000;2016-04-26T00:48:51.000000;031c1b2a-df09-4405-851b-493b6e3d28a8;464.98;0.21;UNKNOWN
2016-04-26T00:48:51.000000;2016-04-26T00:48:51.000000;63e70703-d34f-494b-9aca-17f987e77907;464.98;0.209;UNKNOWN
2016-04-26T00:48:51.000000;2016-04-26T00:48:51.000000;9cdb22ca-7810-45ef-9142-5799c28e1e35;464.98;0.209;UNKNOWN
2016-04-26T00:48:51.000000;2016-04-26T00:48:51.000000;b3123b3c-35b0-4624-8370-3ac80ec7624d;464.98;0.209;UNKNOWN
2016-04-26T00:48:51.000000;2016-04-26T00:48:51.000000;335475b3-962f-43c5-a3c9-dbd87da2368e;464.98;0.209;UNKNOWN
2016-04-26T00:48:51.000000;2016-04-26T00:48:51.000000;2681ca6b-5d74-469f-90b8-07a5d894b962;464.98;0.209;UNKNOWN
2016-04-26T00:48:51.000000;2016-04-26T00:48:51.000000;7a011aaf-f898-40a6-b1a8-f3e475eef1d4;464.98;0.209;UNKNOWN
2016-04-26T00:48:51.000000;2016-04-26T00:48:51.000000;7b10fd2a-6142-4891-a2c4-dbc6443d4ce9;464.98;0.21;UNKNOWN
2016-04-26T00:48:51.000000;2016-04-26T00:48:51.000000;842b0abe-a53a-4d60-af64-2460a2ed4f31;464.98;0.209;UNKNOWN
2016-04-26T00:48:51.000000;2016-04-26T00:48:51.000000;a3d78c7c-218e-4b6e-a179-fd551339c454;464.98;0.209;UNKNOWN
2016-04-26T00:48:51.000000;2016-04-26T00:48:51.000000;48b23c43-e648-4155-8ffa-c2d410411110;464.98;0.006;UNKNOWN
2016-04-26T00:49:06.000000;2016-04-26T00:49:06.000000;58137a51-a3af-4877-8600-db41c67ba089;464.93;12.6231;UNKNOWN
2016-04-26T00:49:06.000000;2016-04-26T00:49:06.000000;0e33332d-c886-47e8-8dfe-53eb2a67ffbc;464.92;0.5;UNKNOWN
2016-04-26T00:49:06.000000;2016-04-26T00:49:06.000000;4e13dff4-4527-48a1-94ba-f37da5a22bd6;464.92;3.0;UNKNOWN
2016-04-26T00:49:09.000000;2016-04-26T00:49:09.000000;eea8aee3-3e92-4bf0-b394-f0f10a5fe010;464.94;0.0111;UNKNOWN
2016-04-26T00:50:05.000000;2016-04-26T00:50:05.000000;58fe2e1c-9c90-4c4d-9493-4cd0fd7a2ecc;464.96;4.39;UNKNOWN
2016-04-26T00:50:28.000000;2016-04-26T00:50:28.000000;56638494-4b4f-4c36-82cf-47ff0d545c30;464.96;7.5;UNKNOWN
2016-04-26T00:51:06.000000;2016-04-26T00:51:06.000000;242353ad-29f9-4734-a982-4dc540d92474;464.94;4.0;UNKNOWN
2016-04-26T00:51:09.000000;2016-04-26T00:51:09.000000;81611865-9066-4275-b383-fdc94cb81b8f;464.96;0.33093495;UNKNOWN
2016-04-26T00:51:18.000000;2016-04-26T00:51:18.000000;56827f98-8aa4-4e08-b108-537d1dec06d7;464.94;0.209;UNKNOWN
2016-04-26T00:51:18.000000;2016-04-26T00:51:18.000000;45eb5ac5-8d56-4b08-a8a5-e96a52a4139f;464.94;0.209;UNKNOWN
2016-04-26T00:51:18.000000;2016-04-26T00:51:18.000000;39abcfa3-30d3-489b-b1bd-6aba9977004c;464.94;0.209;UNKNOWN
2016-04-26T00:51:18.000000;2016-04-26T00:51:18.000000;a89ac943-5f80-4f5b-8dd0-44491c082c50;464.94;0.8658;UNKNOWN
2016-04-26T00:51:18.000000;2016-04-26T00:51:18.000000;8f174932-258e-4195-9b47-978ebae69085;464.94;0.208;UNKNOWN
2016-04-26T00:51:18.000000;2016-04-26T00:51:18.000000;d07bc0fd-0b53-44b4-8a16-283ba254e8c9;464.94;0.209;UNKNOWN
2016-04-26T00:51:18.000000;2016-04-26T00:51:18.000000;41182249-a159-4974-9e4e-184d3de724ad;464.9;2.0902;UNKNOWN
2016-04-26T00:51:20.000000;2016-04-26T00:51:20.000000;19c6d8b1-a533-47f7-a2bb-af0b92a50bad;464.93;0.33079069;UNKNOWN
2016-04-26T00:51:24.000000;2016-04-26T00:51:24.000000;af089538-2b5a-4521-b502-2cf1cc07a2ad;464.9;0.011;UNKNOWN
2016-04-26T00:51:30.000000;2016-04-26T00:51:30.000000;cbab5613-ba92-4a7b-bf6f-a4a8868a8c38;464.9;0.011;UNKNOWN
2016-04-26T00:52:39.000000;2016-04-26T00:52:39.000000;eff883f9-ab24-42d2-a65a-cbd175e672c3;464.9;0.107;UNKNOWN
2016-04-26T00:53:17.000000;2016-04-26T00:53:17.000000;11a5fe03-b941-4b34-b10e-32e39400f69c;464.9;0.323;UNKNOWN
2016-04-26T00:53:25.000000;2016-04-26T00:53:25.000000;4c55f79d-2699-4544-b92a-dde95ec3c4fe;464.9;0.411;UNKNOWN
2016-04-26T00:53:39.000000;2016-04-26T00:53:39.000000;ad00ce32-4a94-48fc-8a9b-9a84d6cd04e3;464.9;0.323;UNKNOWN
2016-04-26T00:53:54.000000;2016-04-26T00:53:54.000000;5a9be496-4f24-4781-9b37-66f541563841;464.9;0.107;UNKNOWN
2016-04-26T00:54:10.000000;2016-04-26T00:54:10.000000;2fa472c6-5a76-4d5c-bac8-99a931ed9e63;464.91;2.0;UNKNOWN
2016-04-26T00:54:11.000000;2016-04-26T00:54:11.000000;cebc7d86-b8e0-4eb5-8f68-ba40cead4137;464.91;0.2709338;UNKNOWN
2016-04-26T00:54:17.000000;2016-04-26T00:54:17.000000;215a018f-5c99-4131-9872-8b67898c41d0;464.9;0.323;UNKNOWN
2016-04-26T00:54:35.000000;2016-04-26T00:54:35.000000;67119c2a-1e3f-4b16-acdf-bcc3620c56ea;464.91;1.83769844;UNKNOWN
2016-04-26T00:54:35.000000;2016-04-26T00:54:35.000000;44a53d2c-dcc0-4981-9ee9-b3ee557bc792;464.91;4.05366932;UNKNOWN
2016-04-26T00:54:35.000000;2016-04-26T00:54:35.000000;a8362f8a-8a0e-43e4-9dd1-bfde5ca51a83;464.91;4.10863224;UNKNOWN
2016-04-26T00:54:55.000000;2016-04-26T00:54:55.000000;c5c4cc34-5218-48b2-8e03-eeb60303082d;464.9;0.323;UNKNOWN
2016-04-26T00:55:17.000000;2016-04-26T00:55:17.000000;86981cb0-2c83-4b0b-a369-c3a9f5cfe970;464.9;0.411;UNKNOWN
2016-04-26T00:55:39.000000;2016-04-26T00:55:39.000000;fa810357-2de1-4322-a29a-2c56d92bd60e;464.9;0.411;UNKNOWN
2016-04-26T00:55:50.000000;2016-04-26T00:55:50.000000;903cf2b7-0f9e-4395-9d3c-c24e2384aa5a;464.91;0.94419287;UNKNOWN
2016-04-26T00:55:50.000000;2016-04-26T00:55:50.000000;ef50b816-fe9f-478c-af2b-fbc1cb17a16b;464.91;0.05580713;UNKNOWN
2016-04-26T00:55:56.000000;2016-04-26T00:55:56.000000;ae3bfb7d-09b0-4765-8755-5dbbbe21660e;464.9;0.411;UNKNOWN
2016-04-26T00:56:17.000000;2016-04-26T00:56:17.000000;db338500-f9f1-40fe-90ad-79dcde10850a;464.9;0.411;UNKNOWN
2016-04-26T00:56:42.000000;2016-04-26T00:56:42.000000;2638c635-e68d-43e5-9fba-534c26936757;464.9;0.05;UNKNOWN
2016-04-26T00:58:24.000000;2016-04-26T00:58:24.000000;67fcf40a-03cb-4abb-ae49-113c120476da;464.94;0.3315689;UNKNOWN
2016-04-26T00:58:25.000000;2016-04-26T00:58:25.000000;02ee4489-efc6-4d6c-b472-8ca94b3f7052;464.94;0.33094918;UNKNOWN
2016-04-26T00:58:25.000000;2016-04-26T00:58:25.000000;6f4af112-ae1a-4047-b14d-ba5baa33b023;464.94;0.33092857;UNKNOWN
2016-04-26T00:58:38.000000;2016-04-26T00:58:38.000000;9bfa545e-2f7e-4644-9fab-9f4aea161835;464.94;0.07566925;UNKNOWN
2016-04-26T01:02:04.000000;2016-04-26T01:02:04.000000;a4007f5d-c78a-4a13-be7d-a75e1b404a52;464.91;0.5325;UNKNOWN
2016-04-26T01:02:41.000000;2016-04-26T01:02:41.000000;441011e3-8ef1-438f-b288-9c59ecefa86e;464.91;0.209;UNKNOWN
2016-04-26T01:02:41.000000;2016-04-26T01:02:41.000000;7ff536f8-a623-4aed-963a-94274fd876ee;464.91;0.209;UNKNOWN
2016-04-26T01:02:41.000000;2016-04-26T01:02:41.000000;3344423b-c306-46e1-b443-d284d85e203a;464.91;0.209;UNKNOWN
2016-04-26T01:02:41.000000;2016-04-26T01:02:41.000000;c9d2171f-f300-451b-8253-a7061c6b2a16;464.91;0.209;UNKNOWN
2016-04-26T01:02:41.000000;2016-04-26T01:02:41.000000;96a377ec-7b61-4ed0-926d-c458a6d7c450;464.91;0.209;UNKNOWN
2016-04-26T01:02:41.000000;2016-04-26T01:02:41.000000;bbcd31dc-466c-4c01-8247-4abf562ee0ac;464.91;0.21;UNKNOWN
2016-04-26T01:02:41.000000;2016-04-26T01:02:41.000000;fcdd4a46-3ec2-43a4-bc03-34debd2a764a;464.91;0.209;UNKNOWN
2016-04-26T01:02:41.000000;2016-04-26T01:02:41.000000;b66b499d-1bb3-4f09-b0dc-3c376ec5f31c;464.91;0.209;UNKNOWN
2016-04-26T01:02:41.000000;2016-04-26T01:02:41.000000;92ec92e1-b10e-47e5-9752-0a97ef76cceb;464.91;0.209;UNKNOWN
2016-04-26T01:02:41.000000;2016-04-26T01:02:41.000000;2bd4e61c-32de-4ac8-801d-aa0493b2ff1c;464.91;0.209;UNKNOWN
2016-04-26T01:02:41.000000;2016-04-26T01:02:41.000000;d82deec1-f69e-4366-9612-e4a992bacf4d;464.91;0.209;UNKNOWN
2016-04-26T01:02:41.000000;2016-04-26T01:02:41.000000;adc5c635-69a8-4c01-947c-c5a3655e9396;464.91;0.209;UNKNOWN
2016-04-26T01:02:41.000000;2016-04-26T01:02:41.000000;a2604bdd-df1d-47a1-aa95-89274274c162;464.91;0.057283;UNKNOWN
2016-04-26T01:02:41.000000;2016-04-26T01:02:41.000000;2fab02e2-83d5-417f-a087-139c6adaf43e;464.91;0.209;UNKNOWN
2016-04-26T01:02:41.000000;2016-04-26T01:02:41.000000;3038edff-78ad-4d94-bfa4-583a9a9a41b1;464.91;0.209;UNKNOWN
2016-04-26T01:02:41.000000;2016-04-26T01:02:41.000000;27896e7f-5c13-4929-a403-02bc105e30ce;464.91;0.209;UNKNOWN
2016-04-26T01:02:41.000000;2016-04-26T01:02:41.000000;fbbbc8a1-e814-4f9a-a3d5-fcf6312daefc;464.91;0.208;UNKNOWN
2016-04-26T01:02:41.000000;2016-04-26T01:02:41.000000;42b5b8a0-4f13-4eab-b45b-be6077c451c5;464.91;0.209;UNKNOWN
2016-04-26T01:02:41.000000;2016-04-26T01:02:41.000000;611c18c6-5c24-499c-85cc-d3125a16b545;464.91;0.209;UNKNOWN
2016-04-26T01:02:41.000000;2016-04-26T01:02:41.000000;689df5a8-fd72-40e6-a876-1e6c8a92cca3;464.91;0.209;UNKNOWN
2016-04-26T01:02:41.000000;2016-04-26T01:02:41.000000;0e432807-355d-43de-a3e2-bdf14a928938;464.91;1.1715;UNKNOWN
2016-04-26T01:02:54.000000;2016-04-26T01:02:54.000000;22b81cb9-789f-4786-a9d8-b1bf4d0e26f9;464.91;0.49648816;UNKNOWN
2016-04-26T01:03:17.000000;2016-04-26T01:03:17.000000;30a9335f-2fdd-48e9-bfd2-85ed12f16ee6;464.91;0.04322098;UNKNOWN
2016-04-26T01:03:37.000000;2016-04-26T01:03:37.000000;f9e6c400-b6e6-4bba-92df-f2061221360b;464.91;0.0581017;UNKNOWN
2016-04-26T01:03:38.000000;2016-04-26T01:03:38.000000;6c023380-8ef6-4310-92c1-3bdd585784d1;464.91;0.05809795;UNKNOWN
2016-04-26T01:03:38.000000;2016-04-26T01:03:38.000000;8507dccc-05f8-4373-abbe-6ff210d2e83c;464.91;0.0581017;UNKNOWN
2016-04-26T01:03:39.000000;2016-04-26T01:03:39.000000;454b03fe-df91-4410-96d8-f64416278d0d;464.91;0.05809795;UNKNOWN
2016-04-26T01:03:39.000000;2016-04-26T01:03:39.000000;632076c2-92ad-46a0-b8b6-acbcc61b72c1;464.91;0.0581017;UNKNOWN
2016-04-26T01:03:39.000000;2016-04-26T01:03:39.000000;f6839cd2-165f-452a-b28e-f0b264c4e206;464.91;0.05809795;UNKNOWN
2016-04-26T01:04:52.000000;2016-04-26T01:04:52.000000;96f45887-4c11-4c45-9e9c-1f31b3a91d91;464.91;0.32225577;UNKNOWN
2016-04-26T01:06:05.000000;2016-04-26T01:06:05.000000;5bfa3fd6-bb81-4c5f-8d71-c46ac7d3d3d4;464.91;0.1;UNKNOWN
2016-04-26T01:06:28.000000;2016-04-26T01:06:28.000000;2889462b-7838-456f-a3ac-d9296d1ad918;464.91;0.2024;UNKNOWN
2016-04-26T01:06:59.000000;2016-04-26T01:06:59.000000;1a210509-6c89-4535-8330-6fedc6bf1656;464.9;0.25;UNKNOWN
2016-04-26T01:07:21.000000;2016-04-26T01:07:21.000000;a1bc3500-f5d5-4855-a439-82f8b4d39d0e;464.91;0.36;UNKNOWN
2016-04-26T01:07:23.000000;2016-04-26T01:07:23.000000;7ee8397a-b91f-461f-8635-9b7d7f9e4d00;464.91;0.21226781;UNKNOWN
2016-04-26T01:07:23.000000;2016-04-26T01:07:23.000000;85c2ca67-4d3d-4d00-81c7-a324ddb20ac4;464.91;0.058034;UNKNOWN
2016-04-26T01:07:24.000000;2016-04-26T01:07:24.000000;9bc462e1-ecac-4ecd-b7ad-a74c92105157;464.91;0.07032183;UNKNOWN
2016-04-26T01:07:25.000000;2016-04-26T01:07:25.000000;9a902aed-85a3-45e4-b579-f8f7c35fec37;464.91;0.10354138;UNKNOWN
2016-04-26T01:07:25.000000;2016-04-26T01:07:25.000000;f03a6513-3d80-4b18-a15e-1720e515ca2c;464.91;0.30215453;UNKNOWN
2016-04-26T01:07:30.000000;2016-04-26T01:07:30.000000;f37b1928-dcef-4491-9aa9-2a29abf27323;464.91;0.08450762;UNKNOWN
2016-04-26T01:07:33.000000;2016-04-26T01:07:33.000000;4c13442e-eaaa-43f7-a54d-003e8b69eb93;464.91;0.08230588;UNKNOWN
2016-04-26T01:07:40.000000;2016-04-26T01:07:40.000000;35e6d82b-565a-4eaf-8a4f-99a7490d9d16;464.91;0.24512009;UNKNOWN
2016-04-26T01:07:40.000000;2016-04-26T01:07:40.000000;41d5f73b-7363-4793-bc51-cd898b6da1bf;464.91;0.08715338;UNKNOWN
2016-04-26T01:07:51.000000;2016-04-26T01:07:51.000000;342fb1e6-bf11-4b21-a04d-62d96b6424bf;464.91;0.33227347;UNKNOWN
2016-04-26T01:07:51.000000;2016-04-26T01:07:51.000000;6c5bbb35-ba72-4d03-8d3b-3753d10d2ad5;464.91;0.0531958;UNKNOWN
2016-04-26T01:07:52.000000;2016-04-26T01:07:52.000000;3f507ccd-55c2-4c56-a9fb-eb8bacb4e90c;464.91;0.33227347;UNKNOWN
2016-04-26T01:07:54.000000;2016-04-26T01:07:54.000000;7be665ca-0500-4634-bbd8-4964043e2063;464.91;0.0531958;UNKNOWN
2016-04-26T01:07:56.000000;2016-04-26T01:07:56.000000;09cf3802-b4c8-4fab-8a65-19521d33a02e;464.91;0.33280617;UNKNOWN
2016-04-26T01:07:56.000000;2016-04-26T01:07:56.000000;3b8ac5b8-5921-4ff3-8121-8248c0645aac;464.91;0.08425634;UNKNOWN
2016-04-26T01:07:56.000000;2016-04-26T01:07:56.000000;f3f35285-645a-40d3-abb5-73672858d9ad;464.91;0.33227347;UNKNOWN
2016-04-26T01:07:56.000000;2016-04-26T01:07:56.000000;5680c29f-d011-47d7-b0fc-af064b6e4a99;464.91;0.05211134;UNKNOWN
2016-04-26T01:07:58.000000;2016-04-26T01:07:58.000000;c1fccc63-2cb1-42ea-99f0-55215f7639c3;464.91;0.07718706;UNKNOWN
2016-04-26T01:07:58.000000;2016-04-26T01:07:58.000000;7919c613-9070-4ea5-ba4e-c4bec4c289f7;464.91;0.05208489;UNKNOWN
2016-04-26T01:07:59.000000;2016-04-26T01:07:59.000000;889eb690-bd2f-4934-b083-0972bae74c47;464.91;0.09030967;UNKNOWN
2016-04-26T01:08:00.000000;2016-04-26T01:08:00.000000;2eae97a7-7599-452d-914b-4667f709df9b;464.91;0.051995;UNKNOWN
2016-04-26T01:08:07.000000;2016-04-26T01:08:07.000000;7c40ab0b-1347-4b3b-b7bc-1c7cab781917;464.91;0.35;UNKNOWN
2016-04-26T01:08:43.000000;2016-04-26T01:08:43.000000;4a772fc7-341f-4543-9e47-1aaf2bb1cc36;464.91;0.34488894;UNKNOWN
2016-04-26T01:08:47.000000;2016-04-26T01:08:47.000000;cd3b8f75-055e-4867-9bdb-ebe300e043be;464.91;0.30421974;UNKNOWN
2016-04-26T01:10:13.000000;2016-04-26T01:10:13.000000;e0668209-1738-4d31-8dab-7393c2762102;464.91;1.17646731;UNKNOWN
2016-04-26T01:10:13.000000;2016-04-26T01:10:13.000000;30e396da-10c6-409a-be44-4439975234e4;464.91;0.49318722;UNKNOWN
2016-04-26T01:10:45.000000;2016-04-26T01:10:45.000000;4edd74fc-64d0-4d01-a20d-4a4fe629d244;464.91;0.025;UNKNOWN
2016-04-26T01:11:13.000000;2016-04-26T01:11:13.000000;92312dce-edb9-462e-b00f-7bb384c8df5c;464.91;0.09;UNKNOWN
2016-04-26T01:11:24.000000;2016-04-26T01:11:24.000000;f42997b8-f899-4e29-86f5-c72d57d34e45;464.91;0.33080857;UNKNOWN
2016-04-26T01:12:03.000000;2016-04-26T01:12:03.000000;fde10af7-e813-48c9-a2ed-3f3c21a27f7a;464.9;0.208;UNKNOWN
2016-04-26T01:12:03.000000;2016-04-26T01:12:03.000000;26860102-e007-45b6-9049-d495e3669bb2;464.9;0.209;UNKNOWN
2016-04-26T01:12:03.000000;2016-04-26T01:12:03.000000;dc084343-24b3-4758-a56a-6c394ea1a01b;464.9;0.209;UNKNOWN
2016-04-26T01:12:03.000000;2016-04-26T01:12:03.000000;1d18ae04-2fcb-4655-b75b-d4dbc0d072a7;464.9;0.209;UNKNOWN
2016-04-26T01:12:03.000000;2016-04-26T01:12:03.000000;2edf5c8f-eeae-48ab-b2da-7605b7eb5878;464.9;0.208;UNKNOWN
2016-04-26T01:12:03.000000;2016-04-26T01:12:03.000000;8b9a3fd0-62ce-4798-828c-83ed296a86e2;464.9;0.209;UNKNOWN
2016-04-26T01:12:03.000000;2016-04-26T01:12:03.000000;509ff08f-2cfa-4d61-b490-d87ebef5a5ac;464.9;0.209;UNKNOWN
2016-04-26T01:12:03.000000;2016-04-26T01:12:03.000000;62fc7a63-1212-48ef-81b5-95ce34ef35a9;464.9;0.208;UNKNOWN
2016-04-26T01:12:03.000000;2016-04-26T01:12:03.000000;8efbe65e-54e6-4c24-bd2c-b4aca5d94aed;464.9;0.209;UNKNOWN
2016-04-26T01:12:03.000000;2016-04-26T01:12:03.000000;82eaeb16-af3d-4a31-aef5-6d41e78dcef2;464.9;2.23479078;UNKNOWN
2016-04-26T01:12:03.000000;2016-04-26T01:12:03.000000;225e1318-00e0-4691-a0f8-30f6ead2254f;464.9;0.209;UNKNOWN
2016-04-26T01:12:03.000000;2016-04-26T01:12:03.000000;12ffcc77-471c-479b-9f03-d6b0952f1b99;464.9;0.208;UNKNOWN
2016-04-26T01:12:03.000000;2016-04-26T01:12:03.000000;fc1ab100-6d4a-48db-91ca-3c0a61b24834;464.9;0.058138;UNKNOWN
2016-04-26T01:12:03.000000;2016-04-26T01:12:03.000000;7710a2b9-1108-4af0-bd20-c775c7b04fb3;464.9;0.209;UNKNOWN
2016-04-26T01:12:03.000000;2016-04-26T01:12:03.000000;78ea27ff-4781-4dd4-8f84-188f20d14302;464.9;0.209;UNKNOWN
2016-04-26T01:12:03.000000;2016-04-26T01:12:03.000000;ee6b884f-9e83-44c4-ac17-d60deb1ae6a7;464.9;0.209;UNKNOWN
2016-04-26T01:12:03.000000;2016-04-26T01:12:03.000000;b2162c9c-e73f-419a-9995-31b12aa4baf7;464.9;0.209;UNKNOWN
2016-04-26T01:12:03.000000;2016-04-26T01:12:03.000000;90d44609-f38f-4379-a068-9cbf8910197d;464.9;0.07219008;UNKNOWN
2016-04-26T01:12:03.000000;2016-04-26T01:12:03.000000;3c9b3a3f-643b-407a-9e16-80d2c27254e0;464.9;0.209;UNKNOWN
2016-04-26T01:12:09.000000;2016-04-26T01:12:09.000000;bd4de26e-ba8c-4056-ae84-84b666c84c13;464.91;0.99;UNKNOWN
2016-04-26T01:12:13.000000;2016-04-26T01:12:13.000000;d136cc3d-444d-439a-af2c-b837bccd9e41;464.9;0.13580992;UNKNOWN
2016-04-26T01:12:13.000000;2016-04-26T01:12:13.000000;c6c14230-bfa8-4d52-a3d4-13043f72f494;464.9;0.209;UNKNOWN
2016-04-26T01:12:49.000000;2016-04-26T01:12:49.000000;186926c6-fefe-4d98-b2f4-a9045c1c4269;464.9;0.2792;UNKNOWN
2016-04-26T01:14:01.000000;2016-04-26T01:14:01.000000;8b8677ae-74af-4070-9e0a-3ebca3a2d0e8;464.9;0.1061;UNKNOWN
2016-04-26T01:14:25.000000;2016-04-26T01:14:25.000000;1d35e8aa-3c1b-4b28-94d7-999d8bffdd66;464.9;1.0;UNKNOWN
2016-04-26T01:14:25.000000;2016-04-26T01:14:25.000000;7974de06-12ea-494b-9a4b-756e5d402c64;464.9;0.06;UNKNOWN
2016-04-26T01:14:33.000000;2016-04-26T01:14:33.000000;fad1e257-2166-41c7-af57-a23a6499278f;464.9;0.33164164;UNKNOWN
2016-04-26T01:14:39.000000;2016-04-26T01:14:39.000000;34b970a3-2cfd-4176-99c7-8085a1be2486;464.9;0.698;UNKNOWN
2016-04-26T01:15:01.000000;2016-04-26T01:15:01.000000;86cd05a3-4fab-4aa0-8701-4274b89b1b97;464.9;0.855;UNKNOWN
2016-04-26T01:15:56.000000;2016-04-26T01:15:56.000000;9a8dbb33-7d34-44d3-b0ea-69ea69e50cc0;464.9;0.02412376;UNKNOWN
2016-04-26T01:16:04.000000;2016-04-26T01:16:04.000000;8ec55834-3b94-4f03-a413-5f0512791811;464.9;0.01778321;UNKNOWN
2016-04-26T01:16:05.000000;2016-04-26T01:16:05.000000;74fa2577-090f-429b-b4bd-60ce04ef3722;464.9;0.16629656;UNKNOWN
2016-04-26T01:16:06.000000;2016-04-26T01:16:06.000000;d50350a6-823f-4974-893e-8de5cd055cf0;464.9;0.5806008;UNKNOWN
2016-04-26T01:16:09.000000;2016-04-26T01:16:09.000000;340b4740-fb41-4e2e-affb-1929ff0e860e;464.9;0.33162094;UNKNOWN
2016-04-26T01:16:22.000000;2016-04-26T01:16:22.000000;4a38d8b0-1acf-4915-9e42-b8275fe53b98;464.9;0.02454487;UNKNOWN
2016-04-26T01:16:39.000000;2016-04-26T01:16:39.000000;ef46efd2-0a5f-4e48-9efc-1c9e4566c735;464.9;0.33184877;UNKNOWN
2016-04-26T01:16:56.000000;2016-04-26T01:16:56.000000;3db76d33-c6e3-433a-91f6-5c1d5c38f319;464.9;0.29521334;UNKNOWN
2016-04-26T01:16:57.000000;2016-04-26T01:16:57.000000;524d67e6-8c0b-42d6-ab44-86927227f56c;464.9;0.33196076;UNKNOWN
2016-04-26T01:16:57.000000;2016-04-26T01:16:57.000000;8de10462-2fbe-46a3-84ac-c81377b5cdf2;464.9;0.33228062;UNKNOWN
2016-04-26T01:16:57.000000;2016-04-26T01:16:57.000000;efabdbd0-4c3f-47ac-ac97-199f99bbb178;464.9;0.53741925;UNKNOWN
2016-04-26T01:16:57.000000;2016-04-26T01:16:57.000000;9d0cb5dd-34cd-4b49-96b6-b9949f8836ec;464.9;0.42277235;UNKNOWN
2016-04-26T01:16:58.000000;2016-04-26T01:16:58.000000;9207e81f-ea85-4283-a6b0-f02cd696b09e;464.9;0.08146991;UNKNOWN
2016-04-26T01:16:58.000000;2016-04-26T01:16:58.000000;f60fb368-a2a1-4f4c-82f2-ea168b9d47de;464.9;0.00016326;UNKNOWN
2016-04-26T01:17:00.000000;2016-04-26T01:17:00.000000;47b247f5-1183-4a59-8a55-2d964b0e99b4;464.9;0.15481762;UNKNOWN
2016-04-26T01:17:02.000000;2016-04-26T01:17:02.000000;0dc32f70-650f-4931-b7df-03dcb8d5a173;464.9;0.07639827;UNKNOWN
2016-04-26T01:17:04.000000;2016-04-26T01:17:04.000000;c293f5b8-5815-4c81-afae-3d9195667b3b;464.9;0.33281333;UNKNOWN
2016-04-26T01:17:04.000000;2016-04-26T01:17:04.000000;948900a0-0a77-4145-a1d2-12cc114bf040;464.9;0.33268027;UNKNOWN
2016-04-26T01:17:04.000000;2016-04-26T01:17:04.000000;b42ad2f7-44ef-4898-9552-717a2bf788d3;464.9;0.32155033;UNKNOWN
2016-04-26T01:17:04.000000;2016-04-26T01:17:04.000000;f1ee8089-1d60-4739-9ed1-142bf811d9a4;464.9;0.04911225;UNKNOWN
2016-04-26T01:17:05.000000;2016-04-26T01:17:05.000000;4765808f-9bfd-42d7-8eeb-384ad37ade78;464.9;0.33281333;UNKNOWN
2016-04-26T01:17:05.000000;2016-04-26T01:17:05.000000;7c8c3620-2a63-4002-968b-3050ecbc71ff;464.9;0.08208872;UNKNOWN
2016-04-26T01:17:05.000000;2016-04-26T01:17:05.000000;b10a4ff0-7dfd-4e81-8550-d37e4322b8cb;464.9;0.25010025;UNKNOWN
2016-04-26T01:17:06.000000;2016-04-26T01:17:06.000000;05a09852-3e58-4e2e-94d4-fd1b9b4fa77c;464.9;0.4962611;UNKNOWN
2016-04-26T01:17:06.000000;2016-04-26T01:17:06.000000;bbb147fe-8684-4ebc-b9e4-ebf86dd3b4f5;464.9;0.32103564;UNKNOWN
2016-04-26T01:17:06.000000;2016-04-26T01:17:06.000000;10f4aa97-566f-4622-8f97-a9b4acbce768;464.9;0.4962611;UNKNOWN
2016-04-26T01:17:06.000000;2016-04-26T01:17:06.000000;da526d3d-0dd1-4daa-b438-eecdec681059;464.9;0.4962611;UNKNOWN
2016-04-26T01:17:06.000000;2016-04-26T01:17:06.000000;a9521080-32df-4bb5-bbba-619ca493d4ad;464.9;0.43399594;UNKNOWN
2016-04-26T01:17:06.000000;2016-04-26T01:17:06.000000;e3fe7cdf-c072-4eba-bcf2-6fdb0946466c;464.9;0.33218897;UNKNOWN
2016-04-26T01:17:07.000000;2016-04-26T01:17:07.000000;b041d5ce-0dff-4c67-b167-8eb31ea79b02;464.9;0.12840987;UNKNOWN
2016-04-26T01:17:09.000000;2016-04-26T01:17:09.000000;f238452d-a2e4-418c-a09d-3f258956e64f;464.9;0.07000676;UNKNOWN
2016-04-26T01:17:09.000000;2016-04-26T01:17:09.000000;4a2e3a79-81b7-467c-8264-a92b872014fa;464.9;0.33216821;UNKNOWN
2016-04-26T01:17:10.000000;2016-04-26T01:17:10.000000;dc1cde6f-8f20-4f1d-aadc-02aaf262c2da;464.9;0.2268807;UNKNOWN
2016-04-26T01:17:11.000000;2016-04-26T01:17:11.000000;079e3644-a91d-46a0-aec7-4ac837576425;464.9;0.33203542;UNKNOWN
2016-04-26T01:17:12.000000;2016-04-26T01:17:12.000000;e0587c40-cbd5-45f1-a647-cb70e06230e1;464.9;0.13243436;UNKNOWN
2016-04-26T01:17:12.000000;2016-04-26T01:17:12.000000;dfbf8282-892f-481a-8269-a2ee4a153512;464.9;0.22873096;UNKNOWN
2016-04-26T01:17:12.000000;2016-04-26T01:17:12.000000;881219cb-aa25-4acd-ad40-4b326da2893d;464.9;0.36412926;UNKNOWN
2016-04-26T01:17:15.000000;2016-04-26T01:17:15.000000;0db95e00-ea42-4295-a406-af0e3ce87658;464.9;0.11387404;UNKNOWN
2016-04-26T01:17:16.000000;2016-04-26T01:17:16.000000;ec0258a0-4916-4521-a2f2-a1267833a029;464.9;0.04903143;UNKNOWN
2016-04-26T01:17:17.000000;2016-04-26T01:17:17.000000;a686af82-8ca9-4d1e-ad0b-b9ba458fbf3b;464.9;0.25833159;UNKNOWN
2016-04-26T01:17:17.000000;2016-04-26T01:17:17.000000;ffcbfa8f-88c9-45b5-85f7-22bca72901bd;464.9;0.04903143;UNKNOWN
2016-04-26T01:17:17.000000;2016-04-26T01:17:17.000000;41a3221a-73fa-4cce-a6e5-93ad1d8851a4;464.9;0.04911004;UNKNOWN
2016-04-26T01:17:20.000000;2016-04-26T01:17:20.000000;c5c50178-962c-4275-b85d-3f87a51f30bc;464.9;0.26051205;UNKNOWN
2016-04-26T01:17:23.000000;2016-04-26T01:17:23.000000;cf0c84bf-f5bc-43fe-8f3a-d1f8cfcedf0f;464.9;0.26051205;UNKNOWN
2016-04-26T01:17:23.000000;2016-04-26T01:17:23.000000;27174648-8f1e-4488-a283-a283cc3dd383;464.9;0.1659154;UNKNOWN
2016-04-26T01:17:23.000000;2016-04-26T01:17:23.000000;5b94792a-08ef-4fe2-880b-d5039402ac8d;464.9;0.06665987;UNKNOWN
2016-04-26T01:17:24.000000;2016-04-26T01:17:24.000000;e8855bbe-5db9-4156-bfa8-363b9610d766;464.9;0.16618139;UNKNOWN
2016-04-26T01:17:24.000000;2016-04-26T01:17:24.000000;13f0a64f-f031-48f6-a159-06a025a1fcb0;464.9;0.2323096;UNKNOWN
2016-04-26T01:17:25.000000;2016-04-26T01:17:25.000000;8e15e686-653a-484a-ab20-34a34d53a9c7;464.9;0.098801;UNKNOWN
2016-04-26T01:17:25.000000;2016-04-26T01:17:25.000000;50f309dc-dcaa-4b83-94f9-809a89acbb42;464.9;0.33309703;UNKNOWN
2016-04-26T01:17:26.000000;2016-04-26T01:17:26.000000;c1affc0d-400e-49d0-bee0-e3480ee29ce5;464.9;0.33162094;UNKNOWN
2016-04-26T01:17:26.000000;2016-04-26T01:17:26.000000;eef52393-4259-4941-8300-eec2e6717973;464.9;0.09876785;UNKNOWN
2016-04-26T01:17:27.000000;2016-04-26T01:17:27.000000;83e9bcde-5b26-46da-ba67-2b0f1f6998d7;464.9;0.27453361;UNKNOWN
2016-04-26T01:17:28.000000;2016-04-26T01:17:28.000000;b2f25660-865a-4077-b0e7-0dc0a8501923;464.9;0.33162094;UNKNOWN
2016-04-26T01:17:29.000000;2016-04-26T01:17:29.000000;bd141ab0-6dac-467e-91af-669604573cab;464.9;0.23270345;UNKNOWN
2016-04-26T01:17:30.000000;2016-04-26T01:17:30.000000;26be83eb-fcd4-4de6-b9bb-668961bce0c5;464.9;0.26051205;UNKNOWN
2016-04-26T01:17:33.000000;2016-04-26T01:17:33.000000;a8de3b06-e5e0-4464-b1cb-2ca979bc9c25;464.9;0.04266569;UNKNOWN
2016-04-26T01:17:33.000000;2016-04-26T01:17:33.000000;63eb0076-8ab2-463f-9d57-621b53f067ea;464.9;0.33160025;UNKNOWN
2016-04-26T01:17:33.000000;2016-04-26T01:17:33.000000;2d5f68b5-d3bc-4077-bce9-760c02689ba8;464.9;0.33157641;UNKNOWN
2016-04-26T01:17:33.000000;2016-04-26T01:17:33.000000;358f0658-b32d-4dfc-bdc7-3427c0a5a20c;464.9;0.33109004;UNKNOWN
2016-04-26T01:17:34.000000;2016-04-26T01:17:34.000000;521737fe-e69f-4186-95f7-92ede7c6f9d5;464.9;0.15067962;UNKNOWN
2016-04-26T01:17:34.000000;2016-04-26T01:17:34.000000;adb83372-3aef-42ab-bd88-3fdfff4c60a9;464.9;0.10983243;UNKNOWN
2016-04-26T01:17:35.000000;2016-04-26T01:17:35.000000;3b2dc896-53c4-420a-8bce-ba14149cd49e;464.9;0.33104558;UNKNOWN
2016-04-26T01:17:37.000000;2016-04-26T01:17:37.000000;a5c45406-977c-46be-9e94-ae4b8de3e39b;464.9;0.33121198;UNKNOWN
2016-04-26T01:17:37.000000;2016-04-26T01:17:37.000000;e87811ab-bd3d-4269-b1ff-51511794787b;464.9;0.33157641;UNKNOWN
2016-04-26T01:17:37.000000;2016-04-26T01:17:37.000000;f69ff46e-a02e-49e9-b47c-75674f99dc2a;464.9;0.54754976;UNKNOWN
2016-04-26T01:17:37.000000;2016-04-26T01:17:37.000000;8a018973-eae5-4300-860e-246d3704bb5c;464.9;0.26051205;UNKNOWN
2016-04-26T01:17:38.000000;2016-04-26T01:17:38.000000;d87d3cd4-9fe8-4c84-9d19-6a440e17bd0e;464.9;0.87925692;UNKNOWN
2016-04-26T01:17:38.000000;2016-04-26T01:17:38.000000;d3fdd8a3-b89c-4786-b286-3d7227f38b8a;464.9;0.33160025;UNKNOWN
2016-04-26T01:17:39.000000;2016-04-26T01:17:39.000000;91b7ce0b-3ccf-4d08-bf23-da55fea62f68;464.9;0.87963591;UNKNOWN
2016-04-26T01:17:40.000000;2016-04-26T01:17:40.000000;3e29603e-9a7e-4682-896f-745ff44f6c75;464.9;0.06408721;UNKNOWN
2016-04-26T01:17:41.000000;2016-04-26T01:17:41.000000;0d06772a-ee4f-4c4a-9f48-47f507708f78;464.91;0.39128852;UNKNOWN
2016-04-26T01:17:42.000000;2016-04-26T01:17:42.000000;fb4c6b1b-f540-4e92-a61c-30f458d2bb38;464.91;0.04266569;UNKNOWN
2016-04-26T01:17:43.000000;2016-04-26T01:17:43.000000;3435d5dd-86a4-423f-abce-b564fb943352;464.91;0.01613618;UNKNOWN
2016-04-26T01:17:44.000000;2016-04-26T01:17:44.000000;8ea98c0b-1041-4b72-b917-bd07ce1e1446;464.91;0.03220571;UNKNOWN
2016-04-26T01:17:44.000000;2016-04-26T01:17:44.000000;5a3bb052-7e4e-4e01-921e-217c01f485e0;464.91;0.01606999;UNKNOWN
2016-04-26T01:17:44.000000;2016-04-26T01:17:44.000000;60946562-d7f4-47b3-9704-efba4001f7f2;464.91;0.01616183;UNKNOWN
2016-04-26T01:17:46.000000;2016-04-26T01:17:46.000000;49daa4a9-666a-4e62-8cf4-24c1778a81e0;464.91;0.01613618;UNKNOWN
2016-04-26T01:17:57.000000;2016-04-26T01:17:57.000000;bea870f1-bec2-4166-ac68-7304c0801ea3;465.05;4.10715569;UNKNOWN
2016-04-26T01:17:57.000000;2016-04-26T01:17:57.000000;6feea776-203d-446d-9919-2a144dc57442;464.91;0.4693359;UNKNOWN
2016-04-26T01:17:57.000000;2016-04-26T01:17:57.000000;6a903612-a391-40b2-8461-bb18410d1953;464.99;8.5475;UNKNOWN
2016-04-26T01:17:57.000000;2016-04-26T01:17:57.000000;65414933-9efe-4615-a4b9-e11dfcac91f0;465.01;4.10664969;UNKNOWN
2016-04-26T01:17:57.000000;2016-04-26T01:17:57.000000;1f9c0ad4-d32a-4f8e-9223-e82c9a222970;464.96;0.0109;UNKNOWN
2016-04-26T01:17:57.000000;2016-04-26T01:17:57.000000;33ebbf8f-9631-4893-9512-352fc39ee15b;464.98;4.10715569;UNKNOWN
2016-04-26T01:17:57.000000;2016-04-26T01:17:57.000000;d98e70bb-4935-425c-84ed-d68c18221d68;465.0;4.39;UNKNOWN
2016-04-26T01:17:57.000000;2016-04-26T01:17:57.000000;aa1475f0-8681-460b-9cb4-f18c01a42346;465.0;2.0;UNKNOWN
2016-04-26T01:17:57.000000;2016-04-26T01:17:57.000000;e23f8429-a808-4be9-af2a-89f73ab0787e;465.0;0.3;UNKNOWN
2016-04-26T01:17:57.000000;2016-04-26T01:17:57.000000;429b36b2-dc70-4781-b3c4-6a8b24e10021;464.92;0.411;UNKNOWN
2016-04-26T01:17:57.000000;2016-04-26T01:17:57.000000;70361212-ca56-41e7-b6ff-a63bdb660b86;465.02;4.10715569;UNKNOWN
2016-04-26T01:17:57.000000;2016-04-26T01:17:57.000000;b21c824b-2804-4ce4-93ed-f26bc9edbf9a;465.04;4.10664969;UNKNOWN
2016-04-26T01:17:57.000000;2016-04-26T01:17:57.000000;815be5fe-b5a8-425b-9402-2697a13e4cd5;465.11;4.10728221;UNKNOWN
2016-04-26T01:17:57.000000;2016-04-26T01:17:57.000000;8fca3025-d094-4142-bfb9-752428767cd0;465.15;3.90621544;UNKNOWN
2016-04-26T01:17:57.000000;2016-04-26T01:17:57.000000;216e4106-4fa2-4710-b6a4-86310b80b55f;465.11;0.323;UNKNOWN
2016-04-26T01:18:15.000000;2016-04-26T01:18:15.000000;aefc7508-3a01-4265-bdc9-1353ea7b0d16;465.36;0.01;UNKNOWN
2016-04-26T01:18:17.000000;2016-04-26T01:18:17.000000;5fce743a-e7db-43ba-929e-c14b2b62cf2f;465.36;0.0057;UNKNOWN
2016-04-26T01:18:18.000000;2016-04-26T01:18:18.000000;b070872a-f96a-4ad4-ad39-399a69a51078;465.39;0.323;UNKNOWN
2016-04-26T01:18:23.000000;2016-04-26T01:18:23.000000;f4d4d771-5abe-4584-91a1-55348265c210;465.4;0.01;UNKNOWN
2016-04-26T01:18:37.000000;2016-04-26T01:18:37.000000;23b40b0b-fc88-4f04-a46f-5cb01d0befcd;465.4;1.3327;UNKNOWN
2016-04-26T01:18:43.000000;2016-04-26T01:18:43.000000;c3e97450-b360-466b-a995-62be29feeb51;465.57;3.5077;UNKNOWN
2016-04-26T01:18:43.000000;2016-04-26T01:18:43.000000;993a80fb-6056-4931-94e0-38b33dbefc8d;465.41;0.323;UNKNOWN
2016-04-26T01:18:43.000000;2016-04-26T01:18:43.000000;96589a73-fd7c-42b2-8ac2-a08fab197c3d;465.42;0.411;UNKNOWN
2016-04-26T01:18:43.000000;2016-04-26T01:18:43.000000;f0c7da3f-28e8-4d45-870c-64ea2083019e;465.45;0.107;UNKNOWN
2016-04-26T01:18:43.000000;2016-04-26T01:18:43.000000;e2d7e896-3923-44f0-bc58-16672741802d;465.4;0.6513;UNKNOWN
2016-04-26T01:18:44.000000;2016-04-26T01:18:44.000000;24dd8ef6-ac71-46ba-a15b-3d5267e38c7c;465.17;0.08177402;UNKNOWN
2016-04-26T01:18:44.000000;2016-04-26T01:18:44.000000;5d3facf2-152f-4c27-b3c0-7d03383e0e05;465.39;0.3685;UNKNOWN
2016-04-26T01:21:44.000000;2016-04-26T01:21:44.000000;655fc550-0738-47e3-bae5-b06ed9cfdf32;465.4;0.1394;UNKNOWN
2016-04-26T01:23:34.000000;2016-04-26T01:23:34.000000;125ad18e-90ee-4fb7-aa7c-ee5d83774a58;465.4;0.0223;UNKNOWN
2016-04-26T01:24:48.000000;2016-04-26T01:24:48.000000;6eb6dba7-ef8c-4d38-8df4-9dc751c10501;465.41;0.37923422;UNKNOWN
2016-04-26T01:24:48.000000;2016-04-26T01:24:48.000000;15dbad5d-e347-4a43-9c52-351d546dc77e;465.4;0.03906578;UNKNOWN
2016-04-26T01:29:23.000000;2016-04-26T01:29:23.000000;0d09c420-28a2-4048-87b8-7aceb1f9620a;465.49;0.00908533;UNKNOWN
2016-04-26T01:29:23.000000;2016-04-26T01:29:23.000000;3122dc40-e064-4377-b1d1-e422dc1d5230;465.43;0.0106;UNKNOWN
2016-04-26T01:29:23.000000;2016-04-26T01:29:23.000000;2194b50f-eb19-4e28-b305-bd33a5c781bc;465.44;0.0153;UNKNOWN
2016-04-26T01:29:44.000000;2016-04-26T01:29:44.000000;62c0a4d3-364b-42da-bdfa-99281ffd3b57;465.49;1.24091467;UNKNOWN
2016-04-26T01:29:44.000000;2016-04-26T01:29:44.000000;f3247137-40de-4d3e-b6f3-789dda7359c1;465.5;0.75908533;UNKNOWN
2016-04-26T01:30:06.000000;2016-04-26T01:30:06.000000;04fbdd00-fe67-4abb-a9b6-c5cb38f1f2d0;465.63;1.99187879;UNKNOWN
2016-04-26T01:30:06.000000;2016-04-26T01:30:06.000000;29c00659-5109-4b3c-bc50-51feb8dc971e;465.5;1.24091467;UNKNOWN
2016-04-26T01:30:15.000000;2016-04-26T01:30:15.000000;eb443b10-eac9-4e6f-93e9-35ad1d438121;465.63;0.13551825;UNKNOWN
2016-04-26T01:30:15.000000;2016-04-26T01:30:15.000000;bd53ed6c-9de4-4e22-8a7a-328445dd0e44;465.63;0.34682571;UNKNOWN
2016-04-26T01:30:15.000000;2016-04-26T01:30:15.000000;e0ec8a3b-65d2-43be-b681-6ad19641969d;465.63;0.34682571;UNKNOWN
2016-04-26T01:30:16.000000;2016-04-26T01:30:16.000000;8c631c52-7a99-4c1b-8cb5-38666509f7ba;465.63;0.34633176;UNKNOWN
2016-04-26T01:30:41.000000;2016-04-26T01:30:41.000000;9cdb6f98-f642-4f6f-8693-46bd38d2acc0;465.7;7.15738022;UNKNOWN
2016-04-26T01:30:41.000000;2016-04-26T01:30:41.000000;78aff8a9-99ce-4003-bb88-469775492c7d;465.63;2.83261978;UNKNOWN
2016-04-26T01:30:41.000000;2016-04-26T01:30:41.000000;5f48e8fb-80b1-4848-8d72-90f713e946f6;465.68;0.01;UNKNOWN
2016-04-26T01:31:50.000000;2016-04-26T01:31:50.000000;e2877e4a-57f5-41c2-8070-f244b0c8669f;465.75;1.0;UNKNOWN
2016-04-26T01:31:51.000000;2016-04-26T01:31:51.000000;a395b0dc-10fe-4219-9f36-c14223580822;465.75;0.25;UNKNOWN
2016-04-26T01:31:51.000000;2016-04-26T01:31:51.000000;abdd9a95-8fb3-47eb-903f-01736ebbe95e;465.8;0.25;UNKNOWN
2016-04-26T01:31:52.000000;2016-04-26T01:31:52.000000;990cf963-7ab4-43c6-bee9-1cfc779c5a39;465.8;1.0;UNKNOWN
2016-04-26T01:31:57.000000;2016-04-26T01:31:57.000000;e83fd530-d84b-42ce-951b-28f05f4b7d61;465.79;0.01605397;UNKNOWN
2016-04-26T01:32:11.000000;2016-04-26T01:32:11.000000;aed61b4a-0f28-4aec-a90f-df81a5675f6a;465.8;0.16405;UNKNOWN
2016-04-26T01:32:24.000000;2016-04-26T01:32:24.000000;9365a715-92dc-4114-89bb-b51148b70e6c;465.8;0.58595;UNKNOWN
2016-04-26T01:32:24.000000;2016-04-26T01:32:24.000000;9a92dcd0-7f39-4ca7-95ff-be827e976dca;465.9;0.41405;UNKNOWN
2016-04-26T01:32:29.000000;2016-04-26T01:32:29.000000;f55f9f9f-53d5-438f-8865-fffb7716b628;465.8;0.01;UNKNOWN
2016-04-26T01:33:10.000000;2016-04-26T01:33:10.000000;de59cc2a-3223-4835-b00c-d9db4da32560;465.9;0.3379;UNKNOWN
2016-04-26T01:33:43.000000;2016-04-26T01:33:43.000000;e6cd1f0a-f137-4a81-945d-d149cfd79405;465.89;1.0;UNKNOWN
2016-04-26T01:33:49.000000;2016-04-26T01:33:49.000000;115e1a97-1942-4fad-bbfa-dd41dc174d8a;465.89;2.0;UNKNOWN
2016-04-26T01:33:56.000000;2016-04-26T01:33:56.000000;0b53170f-69af-4951-b9c1-66afb9653997;465.89;0.208;UNKNOWN
2016-04-26T01:33:56.000000;2016-04-26T01:33:56.000000;74481495-316c-439e-aa5e-768f41e08e03;465.89;0.168;UNKNOWN
2016-04-26T01:33:56.000000;2016-04-26T01:33:56.000000;670f8819-3cbc-4d4c-b331-b13c9a4c8e71;465.89;0.208;UNKNOWN
2016-04-26T01:33:56.000000;2016-04-26T01:33:56.000000;666ecee0-969c-4621-bc18-2cac4a898fbe;465.89;0.208;UNKNOWN
2016-04-26T01:33:56.000000;2016-04-26T01:33:56.000000;eddce231-1e1e-4453-b2e1-45cd9558d89e;465.89;0.208;UNKNOWN
2016-04-26T01:34:01.000000;2016-04-26T01:34:01.000000;44f51932-2b04-41f7-a04a-a5fed6be22b7;465.89;0.752;UNKNOWN
2016-04-26T01:34:01.000000;2016-04-26T01:34:01.000000;e822a9dd-aef8-4183-a6d3-0a5f56c3d2c1;465.89;0.208;UNKNOWN
2016-04-26T01:34:01.000000;2016-04-26T01:34:01.000000;8e7800c9-e327-4153-b1e2-69a8c65a9e1e;465.89;0.04;UNKNOWN
2016-04-26T01:34:07.000000;2016-04-26T01:34:07.000000;11bd5c7e-a1f1-4336-bf37-b4f5c85d9fa3;465.89;0.084;UNKNOWN
2016-04-26T01:34:07.000000;2016-04-26T01:34:07.000000;6c4bccea-4d0e-45d4-b739-0c3b39d87c08;465.89;0.876;UNKNOWN
2016-04-26T01:34:07.000000;2016-04-26T01:34:07.000000;def7ae3e-f0b2-4e5e-b9b4-17e89daef625;465.89;0.124;UNKNOWN
2016-04-26T01:34:07.000000;2016-04-26T01:34:07.000000;c27a6c88-a118-4ec7-b924-2df895e7c2fc;465.89;0.208;UNKNOWN
2016-04-26T01:34:07.000000;2016-04-26T01:34:07.000000;de10232d-40ae-420e-a9b0-dbbfeb3c4cda;465.89;0.208;UNKNOWN
2016-04-26T01:34:10.000000;2016-04-26T01:34:10.000000;26170dd2-8f38-4846-94bc-b8d11a5143f7;465.89;1.0;UNKNOWN
2016-04-26T01:34:14.000000;2016-04-26T01:34:14.000000;3a63ed87-7546-454f-941b-6678946b89e2;465.89;5.0;UNKNOWN
2016-04-26T01:34:19.000000;2016-04-26T01:34:19.000000;875fb74d-7fa5-46f7-8b43-9a71f2ecc658;465.89;0.208;UNKNOWN
2016-04-26T01:34:19.000000;2016-04-26T01:34:19.000000;e2047d4f-9802-4f49-927c-56408863567f;465.89;0.128;UNKNOWN
2016-04-26T01:34:19.000000;2016-04-26T01:34:19.000000;b2855d02-1962-4a69-9f95-8bb51180f5ff;465.89;0.208;UNKNOWN
2016-04-26T01:34:19.000000;2016-04-26T01:34:19.000000;77befcd7-a9d0-405b-90cb-91425372a6cf;465.89;0.209;UNKNOWN
2016-04-26T01:34:19.000000;2016-04-26T01:34:19.000000;fc805fce-b140-4a8e-bbe7-16dd3457e56b;465.89;0.208;UNKNOWN
2016-04-26T01:34:19.000000;2016-04-26T01:34:19.000000;0f880b00-a6c2-4e9f-92fe-c03dcea2b053;465.89;0.208;UNKNOWN
2016-04-26T01:34:19.000000;2016-04-26T01:34:19.000000;b01b1525-6b5c-43ba-bdf0-985b53106fae;465.89;0.208;UNKNOWN
2016-04-26T01:34:19.000000;2016-04-26T01:34:19.000000;07aab6f0-31cd-4e8f-bcf2-a22029082f33;465.89;0.208;UNKNOWN
2016-04-26T01:34:19.000000;2016-04-26T01:34:19.000000;16b7b301-13a4-4313-81a1-9a997f0e76b9;465.89;0.208;UNKNOWN
2016-04-26T01:34:19.000000;2016-04-26T01:34:19.000000;477edf96-e67f-4a56-bf79-8666863b45f8;465.89;0.207;UNKNOWN
2016-04-26T01:34:22.000000;2016-04-26T01:34:22.000000;ddd74b55-46f4-40af-89b6-cfc0f6707044;465.89;0.08;UNKNOWN
2016-04-26T01:34:22.000000;2016-04-26T01:34:22.000000;a1161b94-779f-4153-958f-4e2eef3665a1;465.89;1.92;UNKNOWN
2016-04-26T01:34:30.000000;2016-04-26T01:34:30.000000;4431e1bd-4451-43d1-97a4-9e2c30935624;465.89;1.0;UNKNOWN
2016-04-26T01:34:40.000000;2016-04-26T01:34:40.000000;7d15a447-56e3-407c-930e-d3e42c2e6929;465.99;0.81095893;UNKNOWN
2016-04-26T01:34:40.000000;2016-04-26T01:34:40.000000;a48d1bfc-5e23-4840-a87d-d5e90962e8f6;465.9;0.24805;UNKNOWN
2016-04-26T01:34:40.000000;2016-04-26T01:34:40.000000;60d8a198-a39f-4af3-8b3d-9c12676f5ba1;465.91;1.125;UNKNOWN
2016-04-26T01:34:40.000000;2016-04-26T01:34:40.000000;55349d21-c805-43ba-be82-07fa5eed7e82;465.91;0.0103;UNKNOWN
2016-04-26T01:34:40.000000;2016-04-26T01:34:40.000000;88711ed8-cf7c-4576-898b-56dc2b604d4b;465.91;0.14949107;UNKNOWN
2016-04-26T01:34:40.000000;2016-04-26T01:34:40.000000;235771b9-a961-4757-8cbe-d71a91108600;465.92;0.0148;UNKNOWN
2016-04-26T01:34:44.000000;2016-04-26T01:34:44.000000;f6e72fe8-ff4f-427b-b0cc-d3dc7ab23dfc;465.89;1.0;UNKNOWN
2016-04-26T01:34:49.000000;2016-04-26T01:34:49.000000;294e4df5-ba68-407a-904b-5b7b510e8f78;465.89;2.0;UNKNOWN
2016-04-26T01:34:55.000000;2016-04-26T01:34:55.000000;a061c18e-a1bf-446c-a80e-522cae4a649a;465.89;1.0;UNKNOWN
2016-04-26T01:35:01.000000;2016-04-26T01:35:01.000000;f2eea0cb-7f74-4eac-ae3a-c3fce3eae106;465.89;1.0;UNKNOWN
2016-04-26T01:35:08.000000;2016-04-26T01:35:08.000000;81bbadcd-e703-439e-b735-fa747da0ade4;465.98;1.0;UNKNOWN
2016-04-26T01:35:20.000000;2016-04-26T01:35:20.000000;583e3fc0-2924-47bd-84fb-aa2e1464718b;465.99;0.32;UNKNOWN
2016-04-26T01:36:17.000000;2016-04-26T01:36:17.000000;59114f88-c470-4919-bc2e-6d73d78f1db2;465.98;1.0;UNKNOWN
2016-04-26T01:36:22.000000;2016-04-26T01:36:22.000000;6221759c-9960-4ba1-9ab9-f4120c0cb51a;465.98;1.0;UNKNOWN
2016-04-26T01:36:24.000000;2016-04-26T01:36:24.000000;56ca7834-ff4e-4588-b60d-46e579515a7a;465.96;0.2914346;UNKNOWN
2016-04-26T01:36:24.000000;2016-04-26T01:36:24.000000;5782376b-3af3-4dbf-b3e0-3350f3a4041d;465.98;4.7085654;UNKNOWN
2016-04-26T01:36:27.000000;2016-04-26T01:36:27.000000;997031f3-9224-4dcd-928c-5564ae9052d7;465.96;0.01;UNKNOWN
2016-04-26T01:36:42.000000;2016-04-26T01:36:42.000000;cbfca194-cfd4-40b1-a92a-8ac2ab7edc6b;465.99;10.0;UNKNOWN
2016-04-26T01:36:57.000000;2016-04-26T01:36:57.000000;60e3bd6b-11e1-4c2d-a0ce-fa6fadda055b;465.99;1.35904107;UNKNOWN
2016-04-26T01:36:57.000000;2016-04-26T01:36:57.000000;59206205-b9a5-4503-8d74-2a0e67a7b871;465.99;0.64095893;UNKNOWN
2016-04-26T01:37:36.000000;2016-04-26T01:37:36.000000;2ad62833-0590-4627-83a6-5ec89789f57e;465.99;0.2793;UNKNOWN
2016-04-26T01:38:28.000000;2016-04-26T01:38:28.000000;57225818-24d2-4891-b8a8-41a9e1c6e4e8;465.99;0.06091432;UNKNOWN
2016-04-26T01:38:30.000000;2016-04-26T01:38:30.000000;866981eb-4d10-471a-bc71-ebedfab5a5f2;465.99;0.06147573;UNKNOWN
2016-04-26T01:38:34.000000;2016-04-26T01:38:34.000000;05e97aba-7a08-45fc-a6fb-12ac04f9b611;465.99;0.06147573;UNKNOWN
2016-04-26T01:38:38.000000;2016-04-26T01:38:38.000000;ed577805-f8b6-4916-a1ae-3258bc6cd091;465.99;0.06147573;UNKNOWN
2016-04-26T01:38:41.000000;2016-04-26T01:38:41.000000;2abb9831-dd11-46f8-8866-19b46f08a9b0;465.99;0.06147573;UNKNOWN
2016-04-26T01:38:42.000000;2016-04-26T01:38:42.000000;2f870c9d-37ff-489e-8a17-5ecb845c2417;465.99;0.12468337;UNKNOWN
2016-04-26T01:38:43.000000;2016-04-26T01:38:43.000000;35edc991-f19c-4c29-b8bc-63f1041e0835;465.99;0.06147573;UNKNOWN
2016-04-26T01:38:44.000000;2016-04-26T01:38:44.000000;6a6e0ead-2c92-48a9-896d-710b23e024c5;465.99;0.11234566;UNKNOWN
2016-04-26T01:38:47.000000;2016-04-26T01:38:47.000000;efa3b7f3-3172-4d08-960c-378fafbeaa0d;465.99;0.03441907;UNKNOWN
2016-04-26T01:38:47.000000;2016-04-26T01:38:47.000000;de91aa5f-0824-4f14-adef-8ba972025e2d;465.99;0.01;UNKNOWN
2016-04-26T01:38:47.000000;2016-04-26T01:38:47.000000;0755d6ec-11f3-4d37-b196-0f4eeda0d2e0;465.99;0.07792659;UNKNOWN
2016-04-26T01:38:56.000000;2016-04-26T01:38:56.000000;2ee66a62-f59d-4fda-858d-6b7e9d31f40e;465.99;0.29558117;UNKNOWN
2016-04-26T01:38:57.000000;2016-04-26T01:38:57.000000;e047de0a-842e-4d00-958f-b5cbb3176771;465.99;0.09274135;UNKNOWN
2016-04-26T01:39:07.000000;2016-04-26T01:39:07.000000;9b56037c-4725-4950-bb89-b0f1cb16cf2e;465.99;0.04019322;UNKNOWN
2016-04-26T01:39:14.000000;2016-04-26T01:39:14.000000;cded32b2-0c0c-4511-a0c6-63686ea6588f;465.99;0.029;UNKNOWN
2016-04-26T01:39:56.000000;2016-04-26T01:39:56.000000;9f419b75-ca0e-4733-a0d0-0a37b822dc6e;465.99;0.5631;UNKNOWN
2016-04-26T01:40:25.000000;2016-04-26T01:40:25.000000;b91a5dd3-490f-4632-b5f3-d0564ce4c354;465.99;0.86325051;UNKNOWN
2016-04-26T01:40:25.000000;2016-04-26T01:40:25.000000;951f29be-2cad-4f43-9d8a-03212de026b0;465.99;0.49720025;UNKNOWN
2016-04-26T01:40:26.000000;2016-04-26T01:40:26.000000;5dc13817-8133-4999-a2dc-73c308f0dd64;465.99;0.64431474;UNKNOWN
2016-04-26T01:40:26.000000;2016-04-26T01:40:26.000000;3e7eeeb4-0844-481e-b1b9-3a1df9378077;465.99;0.49725507;UNKNOWN
2016-04-26T01:40:27.000000;2016-04-26T01:40:27.000000;7454a9f0-6a27-47d1-bfbc-64ba6b5a5233;465.99;0.13002525;UNKNOWN
2016-04-26T01:40:27.000000;2016-04-26T01:40:27.000000;e3d82b24-5de2-4e18-ab3b-5bf252359cc7;465.99;0.01695981;UNKNOWN
2016-04-26T01:40:27.000000;2016-04-26T01:40:27.000000;21ca5fe5-e91e-444f-bd3b-16572c45524e;465.99;0.016987;UNKNOWN
2016-04-26T01:40:27.000000;2016-04-26T01:40:27.000000;ccd9f45a-0768-4412-8835-e6b5c5cdca7c;465.99;0.31442544;UNKNOWN
2016-04-26T01:40:29.000000;2016-04-26T01:40:29.000000;83980518-001f-4564-99a7-31444cbcd4d9;465.99;0.32239028;UNKNOWN
2016-04-26T01:40:30.000000;2016-04-26T01:40:30.000000;e718c448-8252-426b-88dc-6cdd30985cf6;465.99;0.32262994;UNKNOWN
2016-04-26T01:40:31.000000;2016-04-26T01:40:31.000000;21256ad6-6188-427c-8e87-5c5978d93211;465.99;1.11246454;UNKNOWN
2016-04-26T01:40:31.000000;2016-04-26T01:40:31.000000;b1c9461a-29b0-4cef-a079-16f2c286b012;465.99;0.26601938;UNKNOWN
2016-04-26T01:40:32.000000;2016-04-26T01:40:32.000000;7b9c281d-aeec-4b70-8354-4d2a271f7c8e;465.99;1.37848392;UNKNOWN
2016-04-26T01:40:33.000000;2016-04-26T01:40:33.000000;196f5c71-bec2-47df-af25-6d3bebe62624;465.99;0.47227149;UNKNOWN
2016-04-26T01:40:35.000000;2016-04-26T01:40:35.000000;b603c7f2-8e94-43da-a7a2-dcb2e268c45e;465.99;0.15074074;UNKNOWN
2016-04-26T01:40:40.000000;2016-04-26T01:40:40.000000;a6f73030-e1da-4f2c-9726-5e5c55be4244;465.98;0.054668;UNKNOWN
2016-04-26T01:40:40.000000;2016-04-26T01:40:40.000000;5df9696c-01c7-4e13-bf23-c69fde44e1df;465.98;0.0281;UNKNOWN
2016-04-26T01:40:40.000000;2016-04-26T01:40:40.000000;bc655ab9-251b-4b3d-9f7c-d039228dfd57;465.98;0.47710093;UNKNOWN
2016-04-26T01:40:53.000000;2016-04-26T01:40:53.000000;dc59e43e-a010-4e4a-984e-bfdd9614d7f2;465.97;0.277459;UNKNOWN
2016-04-26T01:41:00.000000;2016-04-26T01:41:00.000000;8906f288-95bd-4319-b8fd-8499e02658f2;465.99;0.05142629;UNKNOWN
2016-04-26T01:41:08.000000;2016-04-26T01:41:08.000000;579d1fda-0aa2-420e-85b3-88e901a6e215;466.0;0.88032094;UNKNOWN
2016-04-26T01:41:15.000000;2016-04-26T01:41:15.000000;9d69952a-c865-438a-831d-840f6f5f7e0f;465.99;0.06431699;UNKNOWN
2016-04-26T01:41:17.000000;2016-04-26T01:41:17.000000;41dfe234-2a11-4c4d-adb1-fe7830b2ecc9;465.98;0.88032094;UNKNOWN
2016-04-26T01:41:24.000000;2016-04-26T01:41:24.000000;606db09b-48cb-4d46-b495-e98de03cc0cd;465.97;0.08944515;UNKNOWN
2016-04-26T01:41:25.000000;2016-04-26T01:41:25.000000;014f6dfb-67e6-439c-ac40-b76397332739;465.97;0.7;UNKNOWN
2016-04-26T01:41:25.000000;2016-04-26T01:41:25.000000;fb7ae4ef-95c9-4731-bade-884bd71e95d3;465.97;0.38159551;UNKNOWN
2016-04-26T01:41:40.000000;2016-04-26T01:41:40.000000;906136f6-5676-44ae-b9d4-88825d1f4e56;465.94;0.01608365;UNKNOWN
2016-04-26T01:42:23.000000;2016-04-26T01:42:23.000000;c33e7a4f-d3ba-4dbb-b8de-76f2e49d0c9c;465.94;0.1;UNKNOWN
2016-04-26T01:43:03.000000;2016-04-26T01:43:03.000000;c9b377b2-1556-4707-94e1-adc79f49bdac;465.9;0.2;UNKNOWN
2016-04-26T01:43:16.000000;2016-04-26T01:43:16.000000;b05b4473-b197-4eb7-a700-4838b42016ef;465.92;0.01;UNKNOWN
2016-04-26T01:43:17.000000;2016-04-26T01:43:17.000000;ee8708f2-bb33-44a4-8e23-038f435ab501;465.99;0.04367435;UNKNOWN
2016-04-26T01:43:17.000000;2016-04-26T01:43:17.000000;941141fd-a88c-498c-ba0b-12e8c59460aa;465.98;0.2180285;UNKNOWN
2016-04-26T01:43:18.000000;2016-04-26T01:43:18.000000;61f5ffbe-06e2-451e-abab-3fbd8f25a8b4;465.92;0.97037457;UNKNOWN
2016-04-26T01:43:27.000000;2016-04-26T01:43:27.000000;bdd36fc2-45a9-4d65-a821-4c9124e677e2;465.91;0.479754;UNKNOWN
2016-04-26T01:43:31.000000;2016-04-26T01:43:31.000000;ce72c6c3-aeb4-4ecb-9608-9e32cc17ad67;465.91;0.08984617;UNKNOWN
2016-04-26T01:43:43.000000;2016-04-26T01:43:43.000000;9191977a-b115-4c5a-bdd3-3a1719ae727e;465.95;1.0;UNKNOWN
2016-04-26T01:44:22.000000;2016-04-26T01:44:22.000000;8ce81412-e2ee-4f72-b142-a854a80dbf19;465.97;0.02;UNKNOWN
2016-04-26T01:44:23.000000;2016-04-26T01:44:23.000000;77873a65-ea14-4ba8-b76f-3eadb4b3a732;465.97;0.02;UNKNOWN
2016-04-26T01:44:30.000000;2016-04-26T01:44:30.000000;601515af-6c0b-4b0d-ac62-1f5977dd6135;465.97;4.0;UNKNOWN
2016-04-26T01:44:49.000000;2016-04-26T01:44:49.000000;9f62f4d1-b678-457e-930a-936d909a200b;465.93;10.0;UNKNOWN
2016-04-26T01:45:39.000000;2016-04-26T01:45:39.000000;8fcbab43-c5de-4258-a642-858bc931b1e2;465.96;10.40457;UNKNOWN
2016-04-26T01:46:05.000000;2016-04-26T01:46:05.000000;0be5d7d6-2ebd-4a8c-bf78-d4c5551f42f3;465.8;0.09;UNKNOWN
2016-04-26T01:46:05.000000;2016-04-26T01:46:05.000000;3556ffe0-adeb-401f-83ed-d59826525543;465.9;0.05;UNKNOWN
2016-04-26T01:46:13.000000;2016-04-26T01:46:13.000000;71e9fabf-c018-4eb1-92b7-9d384eb40021;465.8;0.04;UNKNOWN
2016-04-26T01:46:30.000000;2016-04-26T01:46:30.000000;366ba09d-cbe0-454b-aa37-ab4b9d45ff10;465.92;0.1;UNKNOWN
2016-04-26T01:47:01.000000;2016-04-26T01:47:01.000000;8418d775-7d3b-4d84-afb5-2079f0ecd7d7;465.96;0.01;UNKNOWN
2016-04-26T01:47:01.000000;2016-04-26T01:47:01.000000;ab403972-8676-418d-b4f0-fc18d3313acc;465.98;0.0902;UNKNOWN
2016-04-26T01:47:34.000000;2016-04-26T01:47:34.000000;68477601-ce7a-449f-ace4-0272f7193fb5;466.0;0.02497512;UNKNOWN
2016-04-26T01:47:58.000000;2016-04-26T01:47:58.000000;1c0e1eff-b992-4e98-b2e3-927618cd834e;466.0;0.2815;UNKNOWN
2016-04-26T01:48:38.000000;2016-04-26T01:48:38.000000;82ca248b-c355-4df5-989e-a0c2b7eb1360;465.99;0.124894;UNKNOWN
2016-04-26T01:48:45.000000;2016-04-26T01:48:45.000000;a3eb4a1f-ee4d-44ff-99ba-813f0fb69b61;465.99;0.207;UNKNOWN
2016-04-26T01:48:45.000000;2016-04-26T01:48:45.000000;d68b7da2-b385-490a-b8ce-87d3274eb524;465.99;0.22354992;UNKNOWN
2016-04-26T01:48:54.000000;2016-04-26T01:48:54.000000;ad12f93a-2331-494c-9f12-e6294b98f757;465.99;1.1;UNKNOWN
2016-04-26T01:49:23.000000;2016-04-26T01:49:23.000000;949cd286-bb95-4e01-a1b2-2a94cb402d4c;466.35;2.39;UNKNOWN
2016-04-26T01:49:23.000000;2016-04-26T01:49:23.000000;42322407-cc5e-4272-af5e-a9f87b858ea3;466.02;0.0144;UNKNOWN
2016-04-26T01:49:23.000000;2016-04-26T01:49:23.000000;7ed4fb3d-35e7-4f1c-9af7-e7dbc05d84b2;466.15;2.5;UNKNOWN
2016-04-26T01:49:23.000000;2016-04-26T01:49:23.000000;422ad72c-4a71-46bf-837b-de1faae4f994;466.35;28.22637818;UNKNOWN
2016-04-26T01:49:23.000000;2016-04-26T01:49:23.000000;ef75370a-decb-4c7a-8f9d-6a09b786c681;466.34;0.02495;UNKNOWN
2016-04-26T01:49:23.000000;2016-04-26T01:49:23.000000;b0ef67bf-a3e7-479d-87a5-299d468a6e7c;466.32;0.407032;UNKNOWN
2016-04-26T01:49:23.000000;2016-04-26T01:49:23.000000;8abb5eee-7021-4c07-9023-c08ce7f3fb0f;466.01;0.01;UNKNOWN
2016-04-26T01:49:23.000000;2016-04-26T01:49:23.000000;e9fb707b-1e15-4a71-8032-a390220a55da;466.1;0.01;UNKNOWN
2016-04-26T01:49:23.000000;2016-04-26T01:49:23.000000;1e885ea1-09c1-4a67-b01e-c7fece364325;466.34;0.02495;UNKNOWN
2016-04-26T01:49:23.000000;2016-04-26T01:49:23.000000;344957c3-55e0-4917-a9f1-c25edec3d62c;466.0;0.01;UNKNOWN
2016-04-26T01:49:23.000000;2016-04-26T01:49:23.000000;661b0663-1733-4c9a-818c-7e2071ab4bf4;466.0;10.0;UNKNOWN
2016-04-26T01:49:23.000000;2016-04-26T01:49:23.000000;8e226aec-7b4e-437d-bd4d-de9425da65f8;466.0;1.0;UNKNOWN
2016-04-26T01:49:23.000000;2016-04-26T01:49:23.000000;38e5cc95-7c23-45fb-8083-f7419430d209;466.0;23.80320394;UNKNOWN
2016-04-26T01:49:23.000000;2016-04-26T01:49:23.000000;b96c153d-a7f2-406b-ad5b-046d2c677638;466.19;0.01;UNKNOWN
2016-04-26T01:49:23.000000;2016-04-26T01:49:23.000000;7ef67a55-5097-4b63-9102-649bc06cbfb2;466.16;1.5;UNKNOWN
2016-04-26T01:49:30.000000;2016-04-26T01:49:30.000000;77d5e6bd-f0a6-451a-9491-ae6d892538d6;466.34;0.5;UNKNOWN
2016-04-26T01:49:38.000000;2016-04-26T01:49:38.000000;53997045-0734-4c18-9aca-a621a3569e15;466.55;0.1;UNKNOWN
2016-04-26T01:49:51.000000;2016-04-26T01:49:51.000000;481eed1b-e34a-432d-bde7-89969a1c8673;466.54;5.0;UNKNOWN
2016-04-26T01:49:57.000000;2016-04-26T01:49:57.000000;a1c91dcd-9cd9-4114-b0a7-4d9c53d75bda;466.54;5.0;UNKNOWN
2016-04-26T01:50:02.000000;2016-04-26T01:50:02.000000;94f29133-c267-49d4-bfb1-1b462bc1d193;466.54;2.4883;UNKNOWN
2016-04-26T01:50:08.000000;2016-04-26T01:50:08.000000;4710de8c-436e-42ae-9af9-fa90413e7d58;466.55;0.5;UNKNOWN
2016-04-26T01:50:28.000000;2016-04-26T01:50:28.000000;d7f3516e-73ec-4487-af45-01e74d4eb2ed;466.55;0.0562;UNKNOWN
2016-04-26T01:51:28.000000;2016-04-26T01:51:28.000000;a03c0b02-da3f-4432-af64-95e253ab2a10;466.55;0.2818;UNKNOWN
2016-04-26T01:53:21.000000;2016-04-26T01:53:21.000000;2e4430c5-86e0-4c39-b430-16f0bec4ff48;466.55;0.0555;UNKNOWN
2016-04-26T01:53:48.000000;2016-04-26T01:53:48.000000;a74e007b-528c-48fa-8cb3-df9882bcd1db;466.55;0.3506;UNKNOWN
2016-04-26T01:54:10.000000;2016-04-26T01:54:10.000000;8da686a6-f363-4e78-99ab-0f675472d1b2;466.55;0.05;UNKNOWN
2016-04-26T01:54:19.000000;2016-04-26T01:54:19.000000;e868e87b-aeb7-4aec-a431-8db45ce0e1c8;466.55;0.1;UNKNOWN
2016-04-26T01:55:22.000000;2016-04-26T01:55:22.000000;cdd2677d-0e4f-4b67-88d4-a127006443fb;466.55;0.10432782;UNKNOWN
2016-04-26T01:58:55.000000;2016-04-26T01:58:55.000000;e5aee5de-6246-44c5-9553-413bd488229a;466.55;0.1;UNKNOWN
2016-04-26T01:58:58.000000;2016-04-26T01:58:58.000000;537ef64b-a666-4b45-9ab5-1be31ac07d48;466.55;0.5;UNKNOWN
2016-04-26T01:59:49.000000;2016-04-26T01:59:49.000000;04dc56d1-fe8e-404e-9772-4b237da81ba2;466.55;0.02996451;UNKNOWN
2016-04-26T02:00:11.000000;2016-04-26T02:00:11.000000;139b6efe-8284-45fe-8884-f3fdd97399b8;466.55;0.33081932;UNKNOWN
2016-04-26T02:00:12.000000;2016-04-26T02:00:12.000000;13b212b0-e640-4fd4-810e-bef117e4a2d1;466.55;0.3307984;UNKNOWN
2016-04-26T02:00:13.000000;2016-04-26T02:00:13.000000;8fbd91d2-c21e-4c07-a4f7-bb712f7150e6;466.55;8.80758995;UNKNOWN
2016-04-26T02:00:44.000000;2016-04-26T02:00:44.000000;e401b867-9b2d-41dd-b295-7ae05bb9595f;466.57;1.0;UNKNOWN
2016-04-26T02:01:23.000000;2016-04-26T02:01:23.000000;a24cb6e1-0452-4ad5-9264-aa5181755d31;466.58;0.01;UNKNOWN
2016-04-26T02:01:37.000000;2016-04-26T02:01:37.000000;8d22a5b6-6bda-4d93-94de-27f989397a9c;466.58;0.004;UNKNOWN
2016-04-26T02:01:51.000000;2016-04-26T02:01:51.000000;75e7f0d5-6e0a-474b-8131-86b0195e628c;466.59;0.01;UNKNOWN
2016-04-26T02:02:21.000000;2016-04-26T02:02:21.000000;352bb432-b603-4d48-91ec-4ca3914847a6;466.59;0.01;UNKNOWN
2016-04-26T02:02:32.000000;2016-04-26T02:02:32.000000;8646579c-62ce-4401-a04e-3b313ea3a1d9;466.59;0.01;UNKNOWN
2016-04-26T02:03:20.000000;2016-04-26T02:03:20.000000;7f64486b-7daa-4887-8eee-1e6b7588d760;466.59;0.01;UNKNOWN
2016-04-26T02:03:36.000000;2016-04-26T02:03:36.000000;47fac2c9-ab6b-412d-b5f1-0398460bf9e8;466.59;0.13926065;UNKNOWN
2016-04-26T02:03:37.000000;2016-04-26T02:03:37.000000;64cf725e-089b-40f1-bab2-49719f99c3cf;466.59;0.19169498;UNKNOWN
2016-04-26T02:03:39.000000;2016-04-26T02:03:39.000000;6774117b-96ed-46ab-ab7b-9ff9bd8b7ff0;466.59;0.06543817;UNKNOWN
2016-04-26T02:03:55.000000;2016-04-26T02:03:55.000000;e71e86d2-0e84-4688-9621-097cf94c6652;466.59;0.01;UNKNOWN
2016-04-26T02:04:10.000000;2016-04-26T02:04:10.000000;ffd174e3-7520-4984-9ec4-8a1a04667fa4;466.59;0.01;UNKNOWN
2016-04-26T02:04:28.000000;2016-04-26T02:04:28.000000;cbb30428-f13a-40cc-ae6d-a64ea0370b5b;466.59;0.09678917;UNKNOWN
2016-04-26T02:04:57.000000;2016-04-26T02:04:57.000000;c49d02f3-4ef3-45ba-89d9-d1432dc94bf4;466.59;0.061788;UNKNOWN
2016-04-26T02:05:02.000000;2016-04-26T02:05:02.000000;4bc52ccc-08fb-4d52-b0c2-b357cb88ff9e;466.59;0.01;UNKNOWN
2016-04-26T02:07:04.000000;2016-04-26T02:07:04.000000;949116f3-ed9e-49c2-8f3a-76471c072821;466.59;0.01;UNKNOWN
2016-04-26T02:07:44.000000;2016-04-26T02:07:44.000000;d689487d-6ac4-42d3-8fb9-853497de0f95;466.58;0.994;UNKNOWN
2016-04-26T02:07:44.000000;2016-04-26T02:07:44.000000;8be3b6a0-a2e8-4f22-b1a7-3954c190858f;466.58;0.006;UNKNOWN
2016-04-26T02:07:46.000000;2016-04-26T02:07:46.000000;e2b600da-78c2-4808-8869-391595b1234a;466.58;1.0;UNKNOWN
2016-04-26T02:08:08.000000;2016-04-26T02:08:08.000000;fd0e9d55-71e9-478d-bd84-0f65cd218213;466.58;0.2;UNKNOWN
2016-04-26T02:09:17.000000;2016-04-26T02:09:17.000000;f685b008-673e-4b72-9a54-ca21231c3a1d;466.58;2.44;UNKNOWN
2016-04-26T02:10:06.000000;2016-04-26T02:10:06.000000;e57a1cc6-c806-45fe-9361-a7e441614545;466.58;0.03605;UNKNOWN
2016-04-26T02:11:00.000000;2016-04-26T02:11:00.000000;0ef016ff-dc9b-46de-9f71-cfe6b9697b43;466.59;0.01;UNKNOWN
2016-04-26T02:11:10.000000;2016-04-26T02:11:10.000000;acd52d36-6fb1-4181-b86f-f7b8073c001d;466.56;1.0;UNKNOWN
2016-04-26T02:11:10.000000;2016-04-26T02:11:10.000000;db634789-f4a6-4ee9-8f55-a46f96adff17;466.58;27.0003453;UNKNOWN
2016-04-26T02:11:10.000000;2016-04-26T02:11:10.000000;5acf2afe-5426-432a-8e17-fd29d1f26e9d;466.51;1.822;UNKNOWN
2016-04-26T02:11:15.000000;2016-04-26T02:11:15.000000;51e89abf-d5c2-4f73-ba3d-2ae8217c7315;465.9;20.0;UNKNOWN
2016-04-26T02:11:15.000000;2016-04-26T02:11:15.000000;5bf0174b-6bc6-4d4d-ac9f-efb978d9407c;465.75;7.8267;UNKNOWN
2016-04-26T02:11:15.000000;2016-04-26T02:11:15.000000;5bd60c27-9479-46d3-843f-da63b30d1c60;465.98;38.8933;UNKNOWN
2016-04-26T02:11:15.000000;2016-04-26T02:11:15.000000;9a2ef6fc-f435-4819-a429-13f940ec4f2b;465.76;8.21;UNKNOWN
2016-04-26T02:11:15.000000;2016-04-26T02:11:15.000000;440f3b89-7d5d-4656-b6ae-e918d6b557d7;465.93;0.07;UNKNOWN
2016-04-26T02:11:36.000000;2016-04-26T02:11:36.000000;9e40200d-842d-4487-92ad-08d932247e51;465.75;1.0;UNKNOWN
2016-04-26T02:11:36.000000;2016-04-26T02:11:36.000000;03fccbd1-e8cd-4391-b065-d6c2c63cb2a2;465.75;1.0;UNKNOWN
2016-04-26T02:11:42.000000;2016-04-26T02:11:42.000000;4be31fb2-0221-4abd-92f6-10140c49859a;465.75;1.0;UNKNOWN
2016-04-26T02:11:43.000000;2016-04-26T02:11:43.000000;fd9069c3-abca-49e6-92cd-ff7e36469178;465.75;1.0;UNKNOWN
2016-04-26T02:11:44.000000;2016-04-26T02:11:44.000000;cc820033-8be2-459d-999a-636bef3df2c3;465.75;1.0;UNKNOWN
2016-04-26T02:11:46.000000;2016-04-26T02:11:46.000000;5f0054f9-5bf0-430c-9b18-4b47c5c70b11;465.75;0.207;UNKNOWN
2016-04-26T02:11:46.000000;2016-04-26T02:11:46.000000;ae5dc628-8592-4150-9363-256a22171511;465.75;0.208;UNKNOWN
2016-04-26T02:11:46.000000;2016-04-26T02:11:46.000000;7b9064d3-caa7-466b-9ee9-13b1aca76645;465.75;0.1733;UNKNOWN
2016-04-26T02:11:46.000000;2016-04-26T02:11:46.000000;9c0729ab-20eb-49bc-8e2a-5c0748232b10;465.75;0.208;UNKNOWN
2016-04-26T02:11:46.000000;2016-04-26T02:11:46.000000;b3bc32dd-e3ec-4b12-92ea-6e9089671722;465.75;0.2057;UNKNOWN
2016-04-26T02:11:46.000000;2016-04-26T02:11:46.000000;6523dd18-b076-4502-9038-c8fc5c3e661c;465.75;0.207;UNKNOWN
2016-04-26T02:11:46.000000;2016-04-26T02:11:46.000000;ba4d9f91-e404-4201-aafa-86047e3d2684;465.75;0.207;UNKNOWN
2016-04-26T02:11:46.000000;2016-04-26T02:11:46.000000;eeaf77ff-67b6-4acc-b3fc-904c7b468c06;465.75;0.207;UNKNOWN
2016-04-26T02:11:46.000000;2016-04-26T02:11:46.000000;5467fb38-111d-4f89-a0c6-6a1187ace5e8;465.75;0.207;UNKNOWN
2016-04-26T02:11:46.000000;2016-04-26T02:11:46.000000;1fbd6a9d-ef39-45f5-8834-af7c0a6f3adb;465.75;0.0013;UNKNOWN
2016-04-26T02:11:46.000000;2016-04-26T02:11:46.000000;3b828416-4228-4168-837b-debfc7d5e93a;465.75;0.1687;UNKNOWN
2016-04-26T02:11:47.000000;2016-04-26T02:11:47.000000;824e0c6e-2be7-4cff-ac72-4f702dad3bdc;465.75;0.011;UNKNOWN
2016-04-26T02:11:49.000000;2016-04-26T02:11:49.000000;59c5961c-4e86-4101-a442-780e49680005;465.75;0.208;UNKNOWN
2016-04-26T02:11:49.000000;2016-04-26T02:11:49.000000;01b99a2f-779a-404a-86db-2ec089b486c6;465.75;0.208;UNKNOWN
2016-04-26T02:11:49.000000;2016-04-26T02:11:49.000000;24edef6c-6f8e-4504-b4ef-9e7e68f100f8;465.75;0.207;UNKNOWN
2016-04-26T02:11:49.000000;2016-04-26T02:11:49.000000;19493d79-a8a6-4e31-ad93-41a426f6b41b;465.75;0.1407;UNKNOWN
2016-04-26T02:11:49.000000;2016-04-26T02:11:49.000000;a70b2dbb-1692-43a8-81f1-fbb4823df518;465.75;0.208;UNKNOWN
2016-04-26T02:11:49.000000;2016-04-26T02:11:49.000000;19437021-f562-4bc7-a9f0-de0b94663cc6;465.75;0.0283;UNKNOWN
2016-04-26T02:11:54.000000;2016-04-26T02:11:54.000000;8b37c4c1-6a08-480c-9b8b-e766c88beba2;465.75;0.208;UNKNOWN
2016-04-26T02:11:54.000000;2016-04-26T02:11:54.000000;caca52f1-4b95-4506-8288-60739c847a81;465.38;0.1037;UNKNOWN
2016-04-26T02:11:54.000000;2016-04-26T02:11:54.000000;f9e285d5-8f5b-4cff-8ef1-a2885293f7f2;465.75;0.207;UNKNOWN
2016-04-26T02:11:54.000000;2016-04-26T02:11:54.000000;ece75bc2-29c7-4d9e-b5d2-f55c02cd6c47;465.75;0.0673;UNKNOWN
2016-04-26T02:11:54.000000;2016-04-26T02:11:54.000000;bf6f6fe4-9479-4de4-91f3-f67afb8597d3;465.75;0.207;UNKNOWN
2016-04-26T02:11:54.000000;2016-04-26T02:11:54.000000;dc82a0a7-745c-4cb8-8541-1fa53d40b644;465.75;0.207;UNKNOWN
2016-04-26T02:11:58.000000;2016-04-26T02:11:58.000000;fd7093dc-7bce-446e-a2cb-bd662a259089;465.01;5.0;UNKNOWN
2016-04-26T02:11:58.000000;2016-04-26T02:11:58.000000;80bd17f2-f1ad-41e2-94f7-c37032e0d9db;465.3;50.0;UNKNOWN
2016-04-26T02:11:58.000000;2016-04-26T02:11:58.000000;5707a290-d669-4344-a357-33482e3bd528;465.37;20.0;UNKNOWN
2016-04-26T02:12:23.000000;2016-04-26T02:12:23.000000;88a51d9d-a0c8-45f7-b058-85f2939eaac3;465.39;0.33151556;UNKNOWN
2016-04-26T02:12:24.000000;2016-04-26T02:12:24.000000;30a48d5e-0f09-4b13-b8ea-fed7ffe6b121;465.39;0.01032756;UNKNOWN
2016-04-26T02:12:26.000000;2016-04-26T02:12:26.000000;4d031d7a-9d06-475a-b625-456f302ecd8c;465.38;0.15277;UNKNOWN
2016-04-26T02:12:30.000000;2016-04-26T02:12:30.000000;f5a59be5-1402-44a6-8207-2575471b2fff;465.71;0.33151556;UNKNOWN
2016-04-26T02:12:33.000000;2016-04-26T02:12:33.000000;5fc852d9-7958-44e5-88e1-648d4ff36ded;465.89;0.11849118;UNKNOWN
2016-04-26T02:12:35.000000;2016-04-26T02:12:35.000000;1f80d585-78e3-41ae-b7c3-961453188749;465.89;0.23574695;UNKNOWN
2016-04-26T02:12:45.000000;2016-04-26T02:12:45.000000;b72a6c4d-300e-4b58-9474-48ee2996a443;465.91;0.48745911;UNKNOWN
2016-04-26T02:12:49.000000;2016-04-26T02:12:49.000000;bd278069-f17d-423d-b783-713a2056cfbd;465.92;0.13572711;UNKNOWN
2016-04-26T02:12:49.000000;2016-04-26T02:12:49.000000;fa55af60-176e-4f38-aa7d-d09cd35710ae;465.92;0.65971544;UNKNOWN
2016-04-26T02:12:51.000000;2016-04-26T02:12:51.000000;b58172fb-7e6a-4872-9831-a57cc1055a79;465.92;0.22500553;UNKNOWN
2016-04-26T02:12:51.000000;2016-04-26T02:12:51.000000;87db174c-4653-44b5-acf8-0ad88e48180a;465.92;0.47920341;UNKNOWN
2016-04-26T02:13:09.000000;2016-04-26T02:13:09.000000;0ba0ffc1-72fa-46b8-ae3d-6f07ff10be62;465.92;1.0;UNKNOWN
2016-04-26T02:13:09.000000;2016-04-26T02:13:09.000000;26cb3b09-d8f3-41bd-8a88-6a70c29f12f8;465.92;1.0;UNKNOWN
2016-04-26T02:13:44.000000;2016-04-26T02:13:44.000000;362bf4ed-e276-4c7c-b23f-e0563a95960f;465.96;0.0315;UNKNOWN
2016-04-26T02:14:13.000000;2016-04-26T02:14:13.000000;482cc620-9220-4025-8cf4-a9a3791a4402;465.99;0.01;UNKNOWN
2016-04-26T02:14:13.000000;2016-04-26T02:14:13.000000;5530e285-3860-455e-b22b-8a08953f74ae;465.99;0.10481017;UNKNOWN
2016-04-26T02:14:16.000000;2016-04-26T02:14:16.000000;fb649232-0f92-44c6-96ab-256f9756cd23;465.99;0.12940697;UNKNOWN
2016-04-26T02:14:19.000000;2016-04-26T02:14:19.000000;f3d0183e-e1fd-423d-97c1-cfad5180afc1;465.99;0.12940697;UNKNOWN
2016-04-26T02:14:19.000000;2016-04-26T02:14:19.000000;36187ac7-a3ff-47ca-afe1-b0231df342c3;465.99;0.78462325;UNKNOWN
2016-04-26T02:14:19.000000;2016-04-26T02:14:19.000000;1db71147-6998-499a-813d-191cd7f8ac3a;465.99;0.37025752;UNKNOWN
2016-04-26T02:14:19.000000;2016-04-26T02:14:19.000000;11872ad1-6eb7-4bb7-b61a-8b9a3e0a34de;465.99;0.05789256;UNKNOWN
2016-04-26T02:14:20.000000;2016-04-26T02:14:20.000000;9c514448-1ac9-49c1-92d2-70732bd98c30;465.99;0.05790255;UNKNOWN
2016-04-26T02:14:21.000000;2016-04-26T02:14:21.000000;f66bdd3b-f347-4edb-8ba7-4f99672b6939;465.99;0.58251504;UNKNOWN
2016-04-26T02:14:22.000000;2016-04-26T02:14:22.000000;6fbe76b9-3fc0-4421-ae8d-b0551c1e1a91;465.99;0.24269016;UNKNOWN
2016-04-26T02:14:24.000000;2016-04-26T02:14:24.000000;b7f48141-b819-4cb9-9ebe-2d2937e4eb52;465.99;0.12940697;UNKNOWN
2016-04-26T02:14:24.000000;2016-04-26T02:14:24.000000;f4898d5d-8899-4fd0-a105-3bd913e8f641;465.99;0.05234086;UNKNOWN
2016-04-26T02:14:29.000000;2016-04-26T02:14:29.000000;b6ba240a-f37e-4e27-b5d2-42a9e3b96de9;465.99;0.33144193;UNKNOWN
2016-04-26T02:15:22.000000;2016-04-26T02:15:22.000000;bbd22b53-7c00-4fa0-8104-3bce4e99a1e6;465.99;1.12205762;UNKNOWN
2016-04-26T02:15:22.000000;2016-04-26T02:15:22.000000;eb1a89b3-716b-4985-bce5-bf06dee50c5b;465.99;4.09878061;UNKNOWN
2016-04-26T02:15:22.000000;2016-04-26T02:15:22.000000;9b67651a-339e-44c1-b1b1-4a9ab8077a05;465.99;4.09773088;UNKNOWN
2016-04-26T02:15:22.000000;2016-04-26T02:15:22.000000;61ee732c-6070-42d0-9c36-6ddda9a40027;465.99;4.09869661;UNKNOWN
2016-04-26T02:15:22.000000;2016-04-26T02:15:22.000000;caa82125-e7f7-43fa-a9cb-30c3b5027bca;465.99;4.09873861;UNKNOWN
2016-04-26T02:15:22.000000;2016-04-26T02:15:22.000000;168f92f6-c356-4332-8ad8-0d4ab796187e;465.99;4.09873861;UNKNOWN
2016-04-26T02:15:22.000000;2016-04-26T02:15:22.000000;4530d316-aa61-4ae2-8026-1ada58652a56;466.18;15.98216723;UNKNOWN
2016-04-26T02:15:22.000000;2016-04-26T02:15:22.000000;1f83065c-c30c-48f3-ae5e-05de5714c1d9;465.99;4.09869661;UNKNOWN
2016-04-26T02:15:22.000000;2016-04-26T02:15:22.000000;1f162bf3-b5df-40bc-be99-326664258e40;465.99;4.09869661;UNKNOWN
2016-04-26T02:15:22.000000;2016-04-26T02:15:22.000000;0ddf78bf-7cee-418c-ba43-531b7f01e834;466.02;0.107;UNKNOWN
2016-04-26T02:15:22.000000;2016-04-26T02:15:22.000000;722c1eb1-9d6e-4ba1-af96-7faf3ba94be6;465.99;4.09869661;UNKNOWN
2016-04-26T02:15:22.000000;2016-04-26T02:15:22.000000;78f32088-93b3-43b0-a44c-c674ebae2c83;466.0;25.0;UNKNOWN
2016-04-26T02:17:11.000000;2016-04-26T02:17:11.000000;06530ad7-f978-4c4e-be92-37768765260d;466.35;2.80084585;UNKNOWN
2016-04-26T02:19:42.000000;2016-04-26T02:19:42.000000;1b4a696e-5b85-42c6-b86b-b6c6fca43628;466.36;0.06483683;UNKNOWN
2016-04-26T02:19:42.000000;2016-04-26T02:19:42.000000;7a6c2d3f-3689-4cbf-910b-19abbdcbb0a1;466.36;0.12313981;UNKNOWN
2016-04-26T02:19:43.000000;2016-04-26T02:19:43.000000;e9fec7db-ac68-4291-bc6f-cd0021da6f2f;466.36;0.37395665;UNKNOWN
2016-04-26T02:19:43.000000;2016-04-26T02:19:43.000000;85ae70e1-a9f3-454d-a5bb-7b0fa335692a;466.36;0.26809441;UNKNOWN
2016-04-26T02:22:04.000000;2016-04-26T02:22:04.000000;710b4a97-5f2a-4150-93a0-1f6e763e1894;466.35;1.9;UNKNOWN
2016-04-26T02:22:04.000000;2016-04-26T02:22:04.000000;a8294935-a5d4-4f86-b9bb-5bb465fd7750;466.35;1.0;UNKNOWN
2016-04-26T02:22:27.000000;2016-04-26T02:22:27.000000;df494c8c-df76-4784-b707-5eb9da0c8897;466.35;4.0;UNKNOWN
2016-04-26T02:22:28.000000;2016-04-26T02:22:28.000000;5a90c5e9-3c40-44d2-bef1-56068e2d52c8;466.35;7.38211748;UNKNOWN
2016-04-26T02:22:37.000000;2016-04-26T02:22:37.000000;95f1a16b-5ea9-4b90-a8db-5b3b9c37603c;466.21;7.0;UNKNOWN
2016-04-26T02:22:37.000000;2016-04-26T02:22:37.000000;21f64cb6-a4eb-4b76-acff-f7fbfca18880;465.98;0.3;UNKNOWN
2016-04-26T02:23:39.000000;2016-04-26T02:23:39.000000;5d511144-f6c2-4347-bea3-82388bacb67d;466.15;7.4624;UNKNOWN
2016-04-26T02:23:39.000000;2016-04-26T02:23:39.000000;2771d76c-89b6-4f34-96f4-a5990c2289b7;466.09;12.5376;UNKNOWN
2016-04-26T02:23:44.000000;2016-04-26T02:23:44.000000;fb02dc3c-c66b-4bcc-ae35-d05d8f088d24;465.94;0.207;UNKNOWN
2016-04-26T02:23:44.000000;2016-04-26T02:23:44.000000;56399bd4-9e39-4420-a2f5-7e13faf78440;465.94;0.207;UNKNOWN
2016-04-26T02:23:44.000000;2016-04-26T02:23:44.000000;805171fa-1335-41a2-b2dd-f8420a6c3c5a;465.94;0.207;UNKNOWN
2016-04-26T02:23:44.000000;2016-04-26T02:23:44.000000;d676445e-7bec-4b95-820d-2e5af2bf5995;465.94;0.208;UNKNOWN
2016-04-26T02:23:44.000000;2016-04-26T02:23:44.000000;393e2459-9d45-4d65-8031-e41a91f7784c;465.94;0.208;UNKNOWN
2016-04-26T02:23:44.000000;2016-04-26T02:23:44.000000;035ebceb-9d51-4814-a99c-0f1512f96961;465.94;0.207;UNKNOWN
2016-04-26T02:23:44.000000;2016-04-26T02:23:44.000000;ed1754b2-cfab-4250-8148-a008d25d92ef;465.94;0.207;UNKNOWN
2016-04-26T02:23:44.000000;2016-04-26T02:23:44.000000;7c508d75-2873-47cd-9cf4-20317e348cfc;465.94;0.208;UNKNOWN
2016-04-26T02:23:44.000000;2016-04-26T02:23:44.000000;06dcff1e-e216-433e-a79f-12d3e8670601;465.94;0.208;UNKNOWN
2016-04-26T02:23:44.000000;2016-04-26T02:23:44.000000;5de8fdae-0096-41e5-8c6d-fb569eccfa00;465.94;0.206;UNKNOWN
2016-04-26T02:23:44.000000;2016-04-26T02:23:44.000000;365546be-f199-46a6-b700-6c9e028edd04;465.94;0.208;UNKNOWN
2016-04-26T02:23:44.000000;2016-04-26T02:23:44.000000;3e48d58f-6241-42de-a02a-e8cac9ed6d80;465.94;0.207;UNKNOWN
2016-04-26T02:23:44.000000;2016-04-26T02:23:44.000000;bfb78c5b-7d3c-48cd-b901-b2ab438699b9;465.94;0.208;UNKNOWN
2016-04-26T02:23:44.000000;2016-04-26T02:23:44.000000;e0e5e791-1114-43f4-b5e6-7cea2cd48c17;465.94;0.207;UNKNOWN
2016-04-26T02:23:44.000000;2016-04-26T02:23:44.000000;0779f008-3076-4be2-9ac6-abadca1729e6;465.94;0.208;UNKNOWN
2016-04-26T02:23:44.000000;2016-04-26T02:23:44.000000;6f0e2ebe-b821-4912-ac89-330a999c3db4;465.94;0.207;UNKNOWN
2016-04-26T02:23:44.000000;2016-04-26T02:23:44.000000;bf489ba1-ec79-4e0e-882e-b483205aecbd;465.94;0.207;UNKNOWN
2016-04-26T02:23:44.000000;2016-04-26T02:23:44.000000;0e8412fd-d944-4c44-b876-d0a19f6f0403;465.94;0.207;UNKNOWN
2016-04-26T02:24:25.000000;2016-04-26T02:24:25.000000;946dfdac-f218-472e-b508-1874cc87cf52;465.9;0.3496;UNKNOWN
2016-04-26T02:25:59.000000;2016-04-26T02:25:59.000000;880322d9-494b-4211-806c-3f8326359b0a;465.88;0.13933947;UNKNOWN
2016-04-26T02:25:59.000000;2016-04-26T02:25:59.000000;0c534ade-4897-47ab-97dd-16fcf0faabb3;465.89;0.13843632;UNKNOWN
2016-04-26T02:25:59.000000;2016-04-26T02:25:59.000000;caa48320-a390-4400-a96c-3f22c61aabaa;465.6;0.2578;UNKNOWN
2016-04-26T02:27:05.000000;2016-04-26T02:27:05.000000;06dbe681-9fc7-4036-9048-b0b83347514d;465.6;0.1027726;UNKNOWN
2016-04-26T02:27:52.000000;2016-04-26T02:27:52.000000;abcf4af9-7c2f-4bbd-bccc-eb1a602c8db2;465.32;1.33628252;UNKNOWN
