time_exchange;time_coinpai;guid;price;base_amount;taker_side
2016-04-26T00:00:01.712294;2016-04-26T00:00:01.733671;910debcc-0617-48e3-a18d-df9a3f674f7f;466.17;2.33628;BUY
2016-04-26T00:00:03.922139;2016-04-26T00:00:03.936814;ede51548-d3a8-401b-a5d3-e03e45cb433d;466.17;0.02327333;BUY
2016-04-26T00:00:11.279162;2016-04-26T00:00:11.296197;52a67087-7bc9-4099-971a-244a70f13bc1;466.16;0.02;SELL
2016-04-26T00:00:11.279375;2016-04-26T00:00:11.311815;c5e712f9-c935-4a56-abe4-e796d0088ba4;466.16;0.05;SELL
2016-04-26T00:00:11.279552;2016-04-26T00:00:11.311815;89a1eba7-a68d-40ff-a314-2b4fc222a00d;466.15;0.0101;SELL
2016-04-26T00:00:11.279743;2016-04-26T00:00:11.327439;d2bc9df3-1838-4d7c-b13a-20ca3a4126ad;466.11;0.01;SELL
2016-04-26T00:00:11.279900;2016-04-26T00:00:11.327439;07109fa0-79c8-4289-957e-cb6e6bcf80a5;466.06;0.01;SELL
2016-04-26T00:00:11.280076;2016-04-26T00:00:11.405572;a6a3e238-938f-4b3d-9a87-41f343f4db07;466.06;0.3208;SELL
2016-04-26T00:00:11.280237;2016-04-26T00:00:11.405572;0fa7f828-1c3b-47eb-b055-c85ad2ce1abd;466.03;0.01;SELL
2016-04-26T00:00:11.280394;2016-04-26T00:00:11.405572;ebd7df13-6010-4e13-9bb8-119f27e9ce26;466.01;0.01;SELL
2016-04-26T00:00:11.280549;2016-04-26T00:00:11.405572;6f06a0aa-e998-40b6-81fe-1c2687d8b757;465.99;0.5;SELL
2016-04-26T00:00:11.280689;2016-04-26T00:00:11.405572;1fb5d60a-5aa0-488c-80de-838df9b34f6f;465.89;0.0591;SELL
2016-04-26T00:00:32.754018;2016-04-26T00:00:32.764953;dc5dbfb4-0286-4184-8e67-3d80930d3d3a;465.9;2.86635;BUY
2016-04-26T00:00:42.787046;2016-04-26T00:00:42.796215;97387015-a55d-4f50-aa4f-c675e43ef085;465.89;0.01091;SELL
2016-04-26T00:00:42.787215;2016-04-26T00:00:42.827457;b7ca03e0-585b-435a-adcc-fc6ac7fbff10;465.89;0.0572;SELL
2016-04-26T00:00:42.787359;2016-04-26T00:00:42.827457;37bbefed-7a6f-4374-a29d-174bc4a1d365;465.89;1.93189;SELL
2016-04-26T00:01:01.820750;2016-04-26T00:01:01.843097;26d27f40-c023-4c94-bf15-3edf7bc0e039;465.89;0.06811;SELL
2016-04-26T00:01:01.821003;2016-04-26T00:01:01.874346;b7717873-d4ec-4057-bed5-7040d02619c7;465.89;0.083;SELL
2016-04-26T00:01:01.821196;2016-04-26T00:01:01.874346;64c0d102-98af-41fb-b98a-fa4e09fa743c;465.89;0.0788;SELL
2016-04-26T00:01:01.821347;2016-04-26T00:01:01.889967;ed80ec02-748e-4e3b-8a2c-2d0ea6e732db;465.84;0.01;SELL
2016-04-26T00:01:01.821503;2016-04-26T00:01:01.889967;bf912579-b010-487c-a198-dd276cd7eaaa;465.84;0.092;SELL
2016-04-26T00:01:01.821648;2016-04-26T00:01:01.889967;405ee5b0-5a30-48ee-b3f4-bac0190a381c;465.79;0.01;SELL
2016-04-26T00:01:01.821824;2016-04-26T00:01:01.889967;e56b2201-751f-4ee3-bd62-41ec7285bafa;465.79;0.122;SELL
2016-04-26T00:01:01.822013;2016-04-26T00:01:01.889967;f44893c4-65e0-4ca7-9732-221c0dff26ef;465.75;0.22;SELL
2016-04-26T00:01:01.822162;2016-04-26T00:01:01.905546;3d961bda-f571-4c62-a33a-0d1cad462a4e;465.74;0.112;SELL
2016-04-26T00:01:01.822357;2016-04-26T00:01:01.905546;bcf9ee0f-aa1a-4d8f-91cc-dd13066601cd;465.74;0.01;SELL
2016-04-26T00:01:01.822517;2016-04-26T00:01:01.905546;ac26d077-254d-4afb-a0ea-78467942e3a7;465.7;1.37;SELL
2016-04-26T00:01:01.822672;2016-04-26T00:01:01.905546;ffdaab5e-963a-410e-9bb3-c64538258e33;465.69;0.107;SELL
2016-04-26T00:01:01.822844;2016-04-26T00:01:01.905546;9ed697c7-4a67-43e4-bb90-79d612481368;465.67;1.07;SELL
2016-04-26T00:01:01.823035;2016-04-26T00:01:01.952465;6b854e0d-28de-42f8-a12b-f1e665faa91e;465.66;0.02;SELL
2016-04-26T00:01:01.823195;2016-04-26T00:01:01.952465;6f67da3f-a341-4b89-b2c5-806b1ff7b9da;465.65;1.15;SELL
2016-04-26T00:01:01.823349;2016-04-26T00:01:01.952465;60843638-5ab3-4b27-b05d-6fbc36ce0e91;465.64;0.075;SELL
2016-04-26T00:01:01.823511;2016-04-26T00:01:01.952465;b2d2ab1b-f830-46cb-83e0-e694582030bf;465.61;0.64733;SELL
2016-04-26T00:01:02.813310;2016-04-26T00:01:02.963102;2e7042e7-97cc-4822-892c-97efd81f2fd9;465.89;0.01;BUY
2016-04-26T00:01:23.394470;2016-04-26T00:01:23.541230;ce4ebbf9-cf97-469e-92af-c4bf3e13a481;465.9;0.02798;BUY
2016-04-26T00:01:31.670211;2016-04-26T00:01:31.806858;cb7dc0f5-c78a-4eee-9906-4facc8efa491;465.89;0.01;BUY
2016-04-26T00:01:31.670391;2016-04-26T00:01:31.838104;ab2d61eb-62ed-4113-b29e-d6b7f27d9a7c;465.9;0.0325;BUY
2016-04-26T00:02:01.685191;2016-04-26T00:02:01.822502;4f41e0be-1917-4554-ad09-127a83654cca;465.88;0.01;BUY
2016-04-26T00:02:01.685444;2016-04-26T00:02:01.838130;b331e52f-af9b-4845-97fd-e7fca2c26ba4;465.88;1.45635;BUY
2016-04-26T00:02:02.928527;2016-04-26T00:02:03.056875;9a9cba31-69f1-463b-84e3-dfee153ab2af;465.88;0.02644;BUY
2016-04-26T00:02:31.670307;2016-04-26T00:02:31.822516;34c1510c-5a01-4312-b2d3-eab15cbc750c;465.87;0.03;SELL
2016-04-26T00:03:02.079930;2016-04-26T00:03:02.213157;f69e238d-d2cc-415a-90ad-d7d7886f8a63;465.88;0.16694;BUY
2016-04-26T00:03:02.171472;2016-04-26T00:03:02.306864;e462e057-4348-4b14-a5ac-bc3e7ff3bfa5;465.88;0.02564;BUY
2016-04-26T00:03:31.656657;2016-04-26T00:03:31.791297;ff4d2808-b839-42bd-8b69-c4a15ad73ceb;465.88;1.80742;BUY
2016-04-26T00:03:31.656878;2016-04-26T00:03:31.806921;841cef54-604d-4221-abab-53ab0cbf1985;465.88;0.71294;BUY
2016-04-26T00:03:36.177885;2016-04-26T00:03:36.306929;447dff19-2586-420e-b21c-90e89dac360b;465.87;0.45;SELL
2016-04-26T00:04:01.579886;2016-04-26T00:04:01.713191;5043551b-f2f1-462c-94ba-bba69c115929;465.88;0.85032;BUY
2016-04-26T00:04:13.053834;2016-04-26T00:04:13.181950;09f048df-4da2-4a1b-b91e-b3eebd9ccdbf;465.88;0.02433333;BUY
2016-04-26T00:04:32.738768;2016-04-26T00:04:32.869454;462d77e9-2c77-4ca2-bfe6-da91c7112b71;465.87;0.05;SELL
2016-04-26T00:04:33.833039;2016-04-26T00:04:33.963208;98bf2600-dea9-49e9-ab1b-f0a15c76fe9b;465.88;0.02114;BUY
2016-04-26T00:05:01.627120;2016-04-26T00:05:01.760100;449c4afa-5cfe-4a11-8cef-8f037bf0ea87;465.87;0.0478;SELL
2016-04-26T00:05:02.865712;2016-04-26T00:05:02.994465;f71e0ae1-58d3-4390-96c1-cf9b627d6ce2;465.88;0.02308;BUY
2016-04-26T00:05:31.665837;2016-04-26T00:05:31.791359;2c72cc99-26ed-428a-b308-57195c5cf6c1;465.88;3.36818667;BUY
2016-04-26T00:05:31.666116;2016-04-26T00:05:31.806978;a78e7348-83b2-4cea-a265-3d0e6a3e0150;465.88;1.30958333;BUY
2016-04-26T00:06:01.681258;2016-04-26T00:06:01.806993;55d37776-d212-40ea-aa7d-fc53d4037c08;465.87;0.06754;SELL
2016-04-26T00:06:03.491467;2016-04-26T00:06:03.619496;9a776ae4-b6dd-4931-987e-81bbd477310a;465.88;0.02185333;BUY
2016-04-26T00:06:31.705115;2016-04-26T00:06:31.822640;cc6abaa2-69a3-4475-9446-8edd7fb3b3ab;465.88;0.01169;BUY
2016-04-26T00:07:02.328776;2016-04-26T00:07:02.447653;6b5ecbfd-4b65-4cd3-8f9b-15f4955dc2af;465.88;1.4694;BUY
2016-04-26T00:07:04.607927;2016-04-26T00:07:04.728908;4829fc5c-c4ea-4396-bf62-5748c1ccbb11;465.88;0.02052;BUY
2016-04-26T00:07:38.040151;2016-04-26T00:07:38.166424;1754a17a-525f-4152-b456-c0be8f517722;465.88;0.43542;BUY
2016-04-26T00:08:02.774728;2016-04-26T00:08:02.885186;56bd48f2-7d9a-46a7-a82e-53326bbb4bdb;465.88;0.73153334;BUY
2016-04-26T00:08:02.774958;2016-04-26T00:08:02.916432;4949cc39-0240-42a3-82b1-04cb02b0a2f8;465.88;0.46781666;BUY
2016-04-26T00:08:31.534916;2016-04-26T00:08:31.650824;d9e7fc3e-e98f-4649-b094-62096e3bea69;465.87;0.10845;SELL
2016-04-26T00:09:01.682067;2016-04-26T00:09:01.791466;383d46da-13e1-43a0-aaee-6aa0cbfbeb1a;465.88;2.53218334;BUY
2016-04-26T00:09:01.682301;2016-04-26T00:09:01.822717;fe3c7255-9e5a-44c3-9225-44382e9ec325;465.88;1.0;BUY
2016-04-26T00:09:01.682487;2016-04-26T00:09:01.822717;a7ca8761-de1d-4a38-86e0-2a4226a21eaa;465.88;0.12174666;BUY
2016-04-26T00:09:31.590945;2016-04-26T00:09:31.697732;8bda97c8-3c0b-45fb-a5ac-4ffefc5312e7;465.87;0.24919;SELL
2016-04-26T00:09:34.162765;2016-04-26T00:09:34.275852;4a5f2679-5734-4508-a49b-a026e0dd231c;465.88;0.0101;BUY
2016-04-26T00:10:01.747221;2016-04-26T00:10:01.853996;febec533-8ff5-4c0f-b156-9cbb0766d20c;465.88;1.11067;BUY
2016-04-26T00:10:31.708008;2016-04-26T00:10:31.822762;293540de-7a42-4f6e-8c28-809f21521485;465.88;0.09539;BUY
2016-04-26T00:11:00.601002;2016-04-26T00:11:00.713408;d97f431c-dfdf-4ad4-a10e-98ce9982fccc;465.87;0.12063;SELL
2016-04-26T00:11:30.575414;2016-04-26T00:11:30.682191;142a0ea0-54f9-4b05-ab4b-9bf7b0356715;465.87;0.87639;SELL
2016-04-26T00:11:30.575644;2016-04-26T00:11:30.697797;3b6c3122-ee98-4b40-b452-d5ab0c03b81e;465.87;0.0404;SELL
2016-04-26T00:11:30.575829;2016-04-26T00:11:30.697797;f00f66b4-5a9d-40c9-8ffd-0d6cbd63e5ac;465.87;0.05;SELL
2016-04-26T00:11:30.576016;2016-04-26T00:11:30.713415;4febe096-ac3e-45f6-9e77-383d7828d1ca;465.84;0.01;SELL
2016-04-26T00:11:30.576176;2016-04-26T00:11:30.713415;5aeb9a87-226e-4aed-bb63-d52b9ef999d1;465.82;0.01;SELL
2016-04-26T00:11:30.576333;2016-04-26T00:11:30.791544;f2aa069c-fe22-4c8c-be8c-cda11a512669;465.81;0.01;SELL
2016-04-26T00:11:30.576503;2016-04-26T00:11:30.791544;c950c8fb-815f-44f2-a103-4015dc4735c6;465.79;0.01;SELL
2016-04-26T00:11:30.576673;2016-04-26T00:11:30.791544;812426e5-67b0-4a5f-987e-a04a1b7e8d1c;465.77;0.01;SELL
2016-04-26T00:11:30.576840;2016-04-26T00:11:30.791544;84f98440-e6f6-47b6-8ed0-039b33268e96;465.76;0.215;SELL
2016-04-26T00:11:30.577019;2016-04-26T00:11:30.791544;683d931c-e304-4e3a-851a-a956614e3d39;465.72;0.01;SELL
2016-04-26T00:11:30.577178;2016-04-26T00:11:30.791544;3fb803dd-d4cc-44a4-b951-fa73e57c8522;465.71;0.235;SELL
2016-04-26T00:11:30.577338;2016-04-26T00:11:30.791544;4516a5db-bf28-4cc6-b855-4f16a0d7241a;465.7;0.01;SELL
2016-04-26T00:11:30.577498;2016-04-26T00:11:30.791544;6aae78ca-afeb-47d8-9031-03a894035227;465.67;0.01;SELL
2016-04-26T00:11:30.577663;2016-04-26T00:11:30.791544;6abc4cce-fa1f-4314-ac4f-2b34738b5238;465.67;1.0;SELL
2016-04-26T00:11:30.577811;2016-04-26T00:11:30.791544;08ae68f5-71cc-42da-894b-83421648d280;465.66;0.01;SELL
2016-04-26T00:11:30.577961;2016-04-26T00:11:30.807163;79d59aa7-9acd-4bc5-874b-e7d3f109aaad;465.66;0.01;SELL
2016-04-26T00:11:30.578114;2016-04-26T00:11:30.807163;1d1acfc9-9988-4758-b924-58460bf99d45;465.66;1.61622;SELL
2016-04-26T00:12:00.759256;2016-04-26T00:12:00.869633;09f93a11-7932-43df-9694-4839b0caafcf;465.67;0.0616;BUY
2016-04-26T00:12:00.759460;2016-04-26T00:12:00.885303;627395ef-8c95-40dd-9cde-e4c52741c362;465.67;1.47443;BUY
2016-04-26T00:12:03.220475;2016-04-26T00:12:03.322810;c970113e-6723-4786-94fa-28f609ac5ec6;465.68;0.01;BUY
2016-04-26T00:12:26.474811;2016-04-26T00:12:26.572825;495b2124-2db4-4734-85d3-3c06471552f7;465.67;3.89431643;BUY
2016-04-26T00:12:34.372358;2016-04-26T00:12:34.479078;3ab7a0c9-01f0-487b-a75d-3d0c0b894a5c;465.67;0.76330649;BUY
2016-04-26T00:12:34.372586;2016-04-26T00:12:34.494695;4302c1e7-ce96-4dfc-84ae-f10fb5991cc5;465.67;0.0337;BUY
2016-04-26T00:12:34.372763;2016-04-26T00:12:34.494695;cd064567-5ea4-4afa-a151-36cdfc256b2d;465.67;1.16963351;BUY
2016-04-26T00:13:02.479539;2016-04-26T00:13:02.588459;bf9a1b04-bfed-4116-8683-59b54e97fb91;465.7;0.01;BUY
2016-04-26T00:13:13.375296;2016-04-26T00:13:13.479096;8251f458-54b0-4dcf-8c2d-e04da5d6d4ba;465.7;0.9415;BUY
2016-04-26T00:13:13.375521;2016-04-26T00:13:13.494720;33a0647f-b493-46b8-94d1-34dde9ef5307;465.73;0.01;BUY
2016-04-26T00:13:13.375683;2016-04-26T00:13:13.494720;cbc13ebe-acbd-4caf-b51d-e2116c95d45a;465.75;0.025;BUY
2016-04-26T00:13:30.692166;2016-04-26T00:13:30.807223;6e0459b6-3434-47e9-b13b-7888eb95c825;465.68;0.1031;SELL
2016-04-26T00:13:30.692491;2016-04-26T00:13:30.807223;43aea79d-e6c5-4b22-8ccf-74991c6f0717;465.68;0.108;SELL
2016-04-26T00:13:30.692775;2016-04-26T00:13:30.822850;da811c0f-036d-4cd4-a8b9-91f1311ca1f6;465.66;0.38378;SELL
2016-04-26T00:13:30.692965;2016-04-26T00:13:30.822850;4288b238-14c1-4be7-b68b-61b41a146e2c;465.66;0.02;SELL
2016-04-26T00:13:30.693138;2016-04-26T00:13:30.822850;2586f020-8f3c-4b58-b8af-0abcfa328ede;465.65;0.45882;SELL
2016-04-26T00:14:00.448610;2016-04-26T00:14:00.541623;0c1bb2c6-13a4-44ca-b24d-d75aef23202d;465.66;0.191;SELL
2016-04-26T00:14:00.448781;2016-04-26T00:14:00.572871;c3c82766-34c3-4ca2-b426-dce36a62c58a;465.65;0.020649;SELL
2016-04-26T00:14:00.702848;2016-04-26T00:14:00.807239;fae364e1-041d-422b-aa08-7e7d7c92a688;465.68;0.0409;SELL
2016-04-26T00:14:00.703051;2016-04-26T00:14:00.822865;011eae3f-5b25-44ed-bf81-85277f444684;465.68;0.124;SELL
2016-04-26T00:14:00.703197;2016-04-26T00:14:00.838490;b6427405-b117-4200-ba6d-d9fc364de6c9;465.65;0.09087;SELL
2016-04-26T00:14:35.896296;2016-04-26T00:14:36.010383;b6e823f3-e08a-4aa9-ba9b-b90fd4481b99;465.79;0.01;BUY
2016-04-26T00:14:35.896523;2016-04-26T00:14:36.026006;187cf07c-369d-4eaf-bb16-f30079d01923;465.8;0.01;BUY
2016-04-26T00:14:35.896713;2016-04-26T00:14:36.026006;dbeea4d1-0e99-4f85-ba63-cd20b5553efb;465.81;0.01;BUY
2016-04-26T00:14:35.896871;2016-04-26T00:14:36.026006;c9f2d0b5-f7a1-4800-a93f-7df5a226a4b0;465.85;0.02;BUY
2016-04-26T00:14:35.897028;2016-04-26T00:14:36.026006;a24fb40c-27b9-4daa-945b-9c2a6a472224;465.87;0.01;BUY
2016-04-26T00:14:35.897181;2016-04-26T00:14:36.026006;cb11acfc-f5f9-4a9d-ba89-8ef497f67a83;465.87;0.05;BUY
2016-04-26T00:14:35.897338;2016-04-26T00:14:36.041633;b89e0bea-1527-495d-94f9-f2f29ac477c2;465.87;1.0;BUY
2016-04-26T00:14:35.897492;2016-04-26T00:14:36.041633;77cb6d28-fcf4-4ef6-a857-8aa5921bc199;465.9;0.01001735;BUY
2016-04-26T00:14:35.897650;2016-04-26T00:14:36.041633;09af81b3-7ad7-4992-8ce8-cc8b4075e724;465.9;0.01;BUY
2016-04-26T00:14:35.897806;2016-04-26T00:14:36.057255;1ee0ea0f-a5ec-4438-a999-eb94e2d9d60e;465.97;0.01;BUY
2016-04-26T00:14:35.897960;2016-04-26T00:14:36.057255;b830ca16-aca8-488b-b109-f4487fe2e0ea;466.0;0.03;BUY
2016-04-26T00:14:35.898142;2016-04-26T00:14:36.057255;59b4ccf8-ae4c-4ab5-b8f8-d5ee6d84c424;466.05;0.01;BUY
2016-04-26T00:14:35.898296;2016-04-26T00:14:36.088506;2bd18306-032a-44df-8455-6735aef0c411;466.12;0.01;BUY
2016-04-26T00:14:35.898455;2016-04-26T00:14:36.088506;7a419d90-b298-461f-8262-8ab7094fe8f9;466.14;0.2;BUY
2016-04-26T00:14:35.898603;2016-04-26T00:14:36.088506;af1f8f9c-5720-41f3-be7b-716aa0883b36;466.15;0.103;BUY
2016-04-26T00:14:35.898754;2016-04-26T00:14:36.088506;7d0573e9-4b4f-42b0-8d62-2c04e10bb427;466.15;0.21;BUY
2016-04-26T00:14:35.898908;2016-04-26T00:14:36.088506;08b38d87-38b7-4e05-878b-48807c8f1ecb;466.18;0.05;BUY
2016-04-26T00:14:35.899072;2016-04-26T00:14:36.088506;ebb92dc3-665b-4f79-a8f3-def15e0dbe87;466.19;0.05;BUY
2016-04-26T00:14:35.899221;2016-04-26T00:14:36.104133;46c55979-0cf1-4509-ac1b-a311e868ab17;466.2;0.05;BUY
2016-04-26T00:14:35.899366;2016-04-26T00:14:36.104133;1c2b3e80-10a7-4b80-80d3-a6776cd64e1a;466.2;0.01;BUY
2016-04-26T00:14:35.899524;2016-04-26T00:14:36.104133;a2c0f312-aad1-422c-8e04-c5a570a1e95b;466.2;0.128;BUY
2016-04-26T00:14:35.899680;2016-04-26T00:14:36.104133;e4e8bbfe-3af3-4736-86a3-93e4ec1b0941;466.21;0.024;BUY
2016-04-26T00:14:35.899841;2016-04-26T00:14:36.104133;5421e1c4-de0e-4b51-87da-88086f80c512;466.24;0.04;BUY
2016-04-26T00:14:35.899998;2016-04-26T00:14:36.104133;5ef6229c-8650-48fe-837e-80288f7f92c3;466.25;0.01;BUY
2016-04-26T00:14:35.900152;2016-04-26T00:14:36.104133;85ff44ca-60cd-4ecf-ba80-513b29cad6f3;466.25;0.085;BUY
2016-04-26T00:14:35.900312;2016-04-26T00:14:36.119758;ada51457-6241-4f33-be75-efcf62a6afe5;466.26;0.5;BUY
2016-04-26T00:14:35.900466;2016-04-26T00:14:36.119758;ed5662a2-c59f-425e-bd90-e35ae352d060;466.27;0.61;BUY
2016-04-26T00:14:35.900604;2016-04-26T00:14:36.151011;93a2dbf0-6d59-4b6c-9399-52163d5f3541;466.32;0.22352265;BUY
2016-04-26T00:14:35.901152;2016-04-26T00:14:36.151011;0317e635-3a70-4696-a021-2c3b3f5796e6;466.32;2.35647735;BUY
2016-04-26T00:14:35.901318;2016-04-26T00:14:36.151011;ad9b3976-7ee9-4e75-880f-caa4da1c5061;466.33;0.268;BUY
2016-04-26T00:14:35.901466;2016-04-26T00:14:36.151011;197ec6fd-6993-409e-bed6-b1adaf5db4df;466.34;0.3976665;BUY
2016-04-26T00:15:00.845513;2016-04-26T00:15:00.947902;bf3d4d45-fd32-4e65-add1-2d69fc869de1;465.89;2.16748;SELL
2016-04-26T00:15:02.990284;2016-04-26T00:15:03.088524;0599fabe-e5ad-4b07-a57d-b0550d62ee84;466.13;0.01;BUY
2016-04-26T00:15:30.883013;2016-04-26T00:15:30.994786;f465fdbf-a975-486e-9d3f-ba598787d0cd;466.17;0.01;BUY
2016-04-26T00:15:30.883239;2016-04-26T00:15:31.010411;9a98e284-fb17-4ab5-ae46-f2430511fac0;466.18;0.01;BUY
2016-04-26T00:15:30.883415;2016-04-26T00:15:31.010411;d89ed693-7395-424d-8d1e-8eae5f8212a4;466.35;0.05;BUY
2016-04-26T00:15:30.883567;2016-04-26T00:15:31.010411;40b6d809-c764-4557-9b21-8e032a8ce4df;466.36;0.01;BUY
2016-04-26T00:15:30.883727;2016-04-26T00:15:31.010411;0b12d622-c92d-4108-b395-794bcea024ab;466.4;0.01;BUY
2016-04-26T00:15:30.883874;2016-04-26T00:15:31.010411;40e8cfc1-79da-459c-95d6-86f12c37e1ae;466.43;0.01;BUY
2016-04-26T00:15:30.884051;2016-04-26T00:15:31.026041;4554e147-fc5b-4b9a-9313-7cd19e45c109;466.43;0.12;BUY
2016-04-26T00:15:30.884207;2016-04-26T00:15:31.026041;3ca054bb-4818-419e-9cf0-4c6aa1171689;466.5;0.2;BUY
2016-04-26T00:15:30.884356;2016-04-26T00:15:31.026041;cef7b962-83e3-4dc8-8236-fcefc42920ba;466.57;0.01;BUY
2016-04-26T00:15:30.884495;2016-04-26T00:15:31.057286;59823804-02d0-404d-8319-692d41b4df46;466.59;0.62;BUY
2016-04-26T00:15:30.884642;2016-04-26T00:15:31.057286;bc69efee-6342-40e8-9d0a-91594c809505;466.59;0.5;BUY
2016-04-26T00:15:30.885494;2016-04-26T00:15:31.057286;4a4d1636-f634-4a60-a118-883160480d3d;466.6;0.01;BUY
2016-04-26T00:15:30.885677;2016-04-26T00:15:31.057286;2d97cbd9-ecef-42ec-9bd5-9cb357a23b3b;466.6;0.4;BUY
2016-04-26T00:15:30.885841;2016-04-26T00:15:31.057286;2b5e4c3b-2b9f-480b-b409-a065aca33df5;466.61;0.01;BUY
2016-04-26T00:15:30.886020;2016-04-26T00:15:31.057286;5e03028b-f549-44f5-bdbe-1bc5b7d9d4dd;466.61;0.094;BUY
2016-04-26T00:15:30.886172;2016-04-26T00:15:31.072912;ad3abd7a-1d56-4e5a-8b99-6716c0a01594;466.65;1.35;BUY
2016-04-26T00:15:30.886313;2016-04-26T00:15:31.072912;b2f5d6a6-8cb6-4cd6-8d61-a90c828bae29;466.66;0.02;BUY
2016-04-26T00:15:30.886456;2016-04-26T00:15:31.072912;9b7fe152-a48a-4fd3-87a8-3ac656a98074;466.66;0.61;BUY
2016-04-26T00:15:30.886613;2016-04-26T00:15:31.072912;08d0842b-df2a-485d-94e2-f228b4203414;466.66;0.096;BUY
2016-04-26T00:15:30.886764;2016-04-26T00:15:31.088536;24ced067-ed0e-48c5-9212-5c1fcfe616aa;466.67;0.05;BUY
2016-04-26T00:15:30.886918;2016-04-26T00:15:31.088536;47841a7e-c690-47d7-ba1f-fec15cb4d805;466.67;0.19;BUY
2016-04-26T00:15:30.887084;2016-04-26T00:15:31.088536;b8a00b9f-edef-4b14-9973-f4b243ff0700;466.68;0.01;BUY
2016-04-26T00:15:30.887225;2016-04-26T00:15:31.088536;c3250e7b-db7c-423d-9711-8f4d5c7d6f3b;466.68;0.05;BUY
2016-04-26T00:15:30.887363;2016-04-26T00:15:31.088536;c810faf8-640d-4651-aec5-7c5d3a939086;466.68;0.01572;BUY
2016-04-26T00:16:01.038228;2016-04-26T00:16:01.135440;643478b2-92b7-4bdd-8f00-4b3ddaae2a28;466.47;0.01;BUY
2016-04-26T00:16:01.038406;2016-04-26T00:16:01.151055;8a241581-bf48-4b1d-a5d3-d8bf15036a39;466.48;0.0425;BUY
2016-04-26T00:16:01.038567;2016-04-26T00:16:01.151055;dd314034-c150-4f59-83df-d616f73583ec;466.58;0.111;BUY
2016-04-26T00:16:01.038737;2016-04-26T00:16:01.182305;15aa046d-49b3-46de-a9d9-125fc4c1fd49;466.69;0.05;BUY
2016-04-26T00:16:01.038905;2016-04-26T00:16:01.182305;185f34df-19b9-4b29-b7e3-d6264260968c;466.74;0.01;BUY
2016-04-26T00:16:01.039083;2016-04-26T00:16:01.182305;0911b2ef-d747-4978-9aab-0cde9eeb0b31;466.75;0.05;BUY
2016-04-26T00:16:01.039223;2016-04-26T00:16:01.197926;38c0a7b4-dd5f-4c72-99bd-998d70cc2732;466.79;0.39329;BUY
2016-04-26T00:16:30.749625;2016-04-26T00:16:30.785264;13307518-be25-4479-8cdf-d0296ee07bbe;466.69;0.051;BUY
2016-04-26T00:16:30.749910;2016-04-26T00:16:30.785264;3f199fe8-3105-4961-83d0-cca81ea6e7c5;466.7;0.79;BUY
2016-04-26T00:16:30.750127;2016-04-26T00:16:30.785264;cfb522d8-e7d7-456d-8331-4584e17bacd0;466.71;0.01;BUY
2016-04-26T00:16:30.750316;2016-04-26T00:16:30.800846;0542d5dc-ccb0-47f8-9d81-77633beed546;466.73;0.49992;BUY
2016-04-26T00:17:00.924769;2016-04-26T00:17:00.972780;6107650e-dbc0-47c9-b503-eab92de03faa;466.7;0.41224392;BUY
2016-04-26T00:17:00.924951;2016-04-26T00:17:00.972780;c813e958-bc12-4d89-9266-7c944a637d1e;466.7;0.117;BUY
2016-04-26T00:17:00.925159;2016-04-26T00:17:00.972780;cb259b40-f80a-4768-a5ac-d9b65862dbc8;466.75;0.114;BUY
2016-04-26T00:17:00.925328;2016-04-26T00:17:00.972780;87b2eb04-dcb0-4583-9e07-0718723b212b;466.8;0.01;BUY
2016-04-26T00:17:00.925480;2016-04-26T00:17:00.988407;85e8995b-2ea3-45f5-a34e-dae46712a0b4;466.81;0.05;BUY
2016-04-26T00:17:00.925638;2016-04-26T00:17:01.004030;2c153f0b-23ed-4923-95d7-64147fb0db00;466.81;0.097;BUY
2016-04-26T00:17:00.925806;2016-04-26T00:17:01.004030;23901d4a-25d6-4a1d-a4ea-22b0ae629e28;466.83;0.5;BUY
2016-04-26T00:17:00.925966;2016-04-26T00:17:01.004030;02466c95-8924-426e-91c2-b63f9bac3c81;466.85;0.01;BUY
2016-04-26T00:17:00.926126;2016-04-26T00:17:01.004030;2343deca-d8a7-4db6-be13-6c79c4f0749a;466.89;0.06228608;BUY
2016-04-26T00:17:31.345229;2016-04-26T00:17:31.379047;fa7cab23-ca9b-4a5e-a666-296a2e016aae;466.88;0.25726;BUY
2016-04-26T00:18:01.361528;2016-04-26T00:18:01.379076;de30e480-6960-4922-bf0e-dfa768df382f;466.53;0.01;SELL
2016-04-26T00:18:01.361762;2016-04-26T00:18:01.410321;3a018631-2888-48a7-8c83-1a1c2814ebfe;466.53;0.092;SELL
2016-04-26T00:18:01.361964;2016-04-26T00:18:01.410321;a3773623-ec6f-4b66-a72f-5fc6ee98b2b3;466.5;0.0115;SELL
2016-04-26T00:18:01.362197;2016-04-26T00:18:01.425939;fee4d26d-f0a9-4f4b-ac1f-fe9b204f3568;466.49;0.011;SELL
2016-04-26T00:18:01.362349;2016-04-26T00:18:01.425939;ff0185e3-5e60-4a0a-b212-1668cb9ded8e;466.48;0.114;SELL
2016-04-26T00:18:01.362510;2016-04-26T00:18:01.504070;d25baf3b-bed0-4e06-ab6d-988efab9b926;466.48;0.01;SELL
2016-04-26T00:18:01.362672;2016-04-26T00:18:01.504070;bfe1d93d-7b64-4b3c-8112-43279f72f3ac;466.45;0.01;SELL
2016-04-26T00:18:01.362829;2016-04-26T00:18:01.504070;6b2f8ba8-213d-4950-b009-ea40f6f3ab34;466.44;0.01;SELL
2016-04-26T00:18:01.363001;2016-04-26T00:18:01.504070;0c713f95-a829-45d4-aaa0-eba18ea32b6b;466.43;0.077;SELL
2016-04-26T00:18:01.363165;2016-04-26T00:18:01.504070;dbeb840d-6098-4009-b58e-8d6a03a77fcf;466.43;0.01;SELL
2016-04-26T00:18:01.363329;2016-04-26T00:18:01.504070;6e0240a7-f7cb-4928-91d6-59e89f4d7fb0;466.4;0.01;SELL
2016-04-26T00:18:01.363479;2016-04-26T00:18:01.504070;38be7575-9f0d-4ba5-841f-765aac77610c;466.38;0.092;SELL
2016-04-26T00:18:01.363637;2016-04-26T00:18:01.504070;5a32b893-3a22-474e-8903-5d89f7b51a8b;466.38;0.01;SELL
2016-04-26T00:18:01.363791;2016-04-26T00:18:01.504070;dee46cac-4318-4a8a-b789-7bc9845b1dd3;466.34;0.01;SELL
2016-04-26T00:18:01.363950;2016-04-26T00:18:01.504070;1f3ce1d9-d261-4da0-81e9-101f4bd08271;466.33;0.097;SELL
2016-04-26T00:18:01.364129;2016-04-26T00:18:01.519693;7b8ab797-e6e5-4ecf-b92d-f3beb3479ad5;466.33;0.01;SELL
2016-04-26T00:18:01.364291;2016-04-26T00:18:01.519693;2666d463-b248-43ac-9d2f-43599349de38;466.31;0.01;SELL
2016-04-26T00:18:01.364456;2016-04-26T00:18:01.519693;a073d902-2fc2-4f85-885d-e9bb147eb056;466.3;0.5;SELL
2016-04-26T00:18:01.364615;2016-04-26T00:18:01.519693;d186371e-600c-498c-83a3-e824f7a7df5d;466.29;0.01;SELL
2016-04-26T00:18:01.364767;2016-04-26T00:18:01.519693;91c8f62c-4dc8-4f1e-90f8-0fff9a94b2a2;466.29;0.011;SELL
2016-04-26T00:18:01.364939;2016-04-26T00:18:01.519693;a9bb5923-22ac-49db-8446-c7ca75e09480;466.29;0.2;SELL
2016-04-26T00:18:01.365094;2016-04-26T00:18:01.519693;940235ed-e9ce-4269-9cf9-bd62c8e61aa7;466.28;0.011;SELL
2016-04-26T00:18:01.365247;2016-04-26T00:18:01.519693;8ce0cd78-1dcb-4db6-bde3-e37d99f6d11c;466.28;0.084;SELL
2016-04-26T00:18:01.365411;2016-04-26T00:18:01.519693;d1fa5c7c-2822-4a3d-9ca8-0c2bbc2b155e;466.28;0.2;SELL
2016-04-26T00:18:01.365572;2016-04-26T00:18:01.519693;093565ee-59f1-48a2-b831-230dc3ab0e6f;466.26;0.83;SELL
2016-04-26T00:18:01.365732;2016-04-26T00:18:01.519693;bfe94769-dccf-414b-ab53-5b23d3b4d816;466.25;0.01;SELL
2016-04-26T00:18:01.365897;2016-04-26T00:18:01.519693;f1a85664-9c24-4564-bcdc-6232f95d4d08;466.24;0.01;SELL
2016-04-26T00:18:01.366065;2016-04-26T00:18:01.519693;d280fc47-cf4f-4c0d-a837-ddb92cef26a3;466.24;0.21;SELL
2016-04-26T00:18:01.366212;2016-04-26T00:18:01.582199;6d598178-8d65-436f-86dd-06c5f655e101;466.23;0.011;SELL
2016-04-26T00:18:01.366381;2016-04-26T00:18:01.597820;9bd3fe53-27b7-4910-9d8a-ebacfd9bf9a4;466.23;0.084;SELL
2016-04-26T00:18:01.366543;2016-04-26T00:18:01.597820;7f75cf3b-c86b-4514-949f-e3e0fabca089;466.21;0.61;SELL
2016-04-26T00:18:01.366702;2016-04-26T00:18:01.597820;2d388a79-7da9-47e1-8e40-7a8de5229c73;466.2;0.01;SELL
2016-04-26T00:18:01.366859;2016-04-26T00:18:01.597820;5fce5d43-53f7-462a-8da6-e35c54c252ab;466.11;2.58023;SELL
2016-04-26T00:18:31.088673;2016-04-26T00:18:31.113451;404f6c03-6660-43a0-9dbb-f2b83fbc3f88;466.18;0.01;SELL
2016-04-26T00:18:31.088883;2016-04-26T00:18:31.113451;f0a04886-9ab2-4bc9-9e8b-e701626159f0;466.14;0.18636;SELL
2016-04-26T00:19:00.769776;2016-04-26T00:19:00.800972;d3a99d6c-3a86-4493-a334-36f6f56b3aab;466.26;0.22;SELL
2016-04-26T00:19:00.770030;2016-04-26T00:19:00.816593;271a2013-289b-4baf-9da1-140feea38bce;466.26;0.128;SELL
2016-04-26T00:19:00.770214;2016-04-26T00:19:00.816593;56c2f49c-2a30-4d76-b3fd-61d8b5c5d3b0;466.23;0.01;SELL
2016-04-26T00:19:00.770377;2016-04-26T00:19:00.816593;f326a381-2077-4f4e-81b0-84daed3401e0;466.21;0.123;SELL
2016-04-26T00:19:00.770533;2016-04-26T00:19:00.832218;9d441c23-e31c-406d-9b6d-25ac67e4b67a;466.18;0.01;SELL
2016-04-26T00:19:00.770682;2016-04-26T00:19:00.832218;68315afa-bf33-4279-86d7-93ae0e65e47c;466.13;0.01;SELL
2016-04-26T00:19:00.770860;2016-04-26T00:19:00.832218;c9292c9c-8495-451f-a2db-5279daca77f8;466.13;0.157;SELL
2016-04-26T00:19:00.771040;2016-04-26T00:19:00.832218;40c413d3-5629-4ceb-aee2-246f73e7252d;466.1;0.01;SELL
2016-04-26T00:19:00.771198;2016-04-26T00:19:00.847842;57ebee47-45e1-4136-9c03-81972020abe1;466.09;0.01;SELL
2016-04-26T00:19:00.771343;2016-04-26T00:19:00.863467;6dabe1d7-0909-4da2-aab0-771c2c90b270;466.08;0.01;SELL
2016-04-26T00:19:00.771487;2016-04-26T00:19:00.863467;15e55188-6b08-4fdd-b3b0-9e8ea9ab247c;466.08;0.01;SELL
2016-04-26T00:19:00.771637;2016-04-26T00:19:00.863467;f9e0d764-f171-4cbe-b30c-7fbe0e7c6ba5;466.08;0.112;SELL
2016-04-26T00:19:00.771804;2016-04-26T00:19:00.863467;db8e28a8-1a1d-4a18-800f-6363570d5cf5;466.07;0.01;SELL
2016-04-26T00:19:00.771958;2016-04-26T00:19:00.863467;282ab505-60e2-4674-af2c-0d9026f13e36;466.03;0.01;SELL
2016-04-26T00:19:00.772133;2016-04-26T00:19:00.863467;82b13ce2-faeb-49f7-a2b6-ba9a76742b12;466.03;0.092;SELL
2016-04-26T00:19:00.772289;2016-04-26T00:19:00.879100;4558f9d4-a97a-485d-bb8f-4957251ce112;466.01;0.01;SELL
2016-04-26T00:19:00.772444;2016-04-26T00:19:00.879100;f134fed7-1598-4482-9dfe-58593fbbd553;466.0;0.4;SELL
2016-04-26T00:19:00.772585;2016-04-26T00:19:00.879100;cd64adbd-ae4e-4361-8a2b-b399dd37819c;465.99;0.01;SELL
2016-04-26T00:19:00.772746;2016-04-26T00:19:00.910353;6e0f9f07-4ef8-44de-9809-baadf2b3e579;465.99;0.2;SELL
2016-04-26T00:19:00.772920;2016-04-26T00:19:00.910353;33bc126e-077b-4824-9c1d-02ad3b05777f;465.95;0.01;SELL
2016-04-26T00:19:00.773083;2016-04-26T00:19:00.910353;3e9bd913-8166-4255-b8d3-a6baa52b728f;465.92;0.01;SELL
2016-04-26T00:19:00.773237;2016-04-26T00:19:00.925976;7bd53d2a-0caa-4992-9219-59ff29f291e4;465.92;0.01;SELL
2016-04-26T00:19:00.773378;2016-04-26T00:19:00.925976;54dd02d0-fb8e-4eb8-91ce-2ebf1a577260;465.86;0.19795;SELL
2016-04-26T00:19:31.107769;2016-04-26T00:19:31.129114;eff08d32-e8a8-4edb-bf79-45fcb41640eb;466.33;0.01;BUY
2016-04-26T00:19:31.108093;2016-04-26T00:19:31.144734;dd1ed8fa-85fa-4cb1-b18c-f9fdb7756519;466.34;0.01;BUY
2016-04-26T00:19:31.108278;2016-04-26T00:19:31.144734;0ba21864-2873-4ad4-a6ca-aab0a9a882fd;466.35;0.01;BUY
2016-04-26T00:19:31.108451;2016-04-26T00:19:31.160363;ab0d2c53-fea4-4fa8-ab3c-5144f81f01b9;466.36;0.01;BUY
2016-04-26T00:19:31.108748;2016-04-26T00:19:31.160363;46bd2e1f-c46e-44f6-a267-4b96ac3ec5d3;466.41;0.02;BUY
2016-04-26T00:19:31.108927;2016-04-26T00:19:31.160363;89e8d88c-0a11-4700-a35f-874da391cd5b;466.42;0.05;BUY
2016-04-26T00:19:31.109124;2016-04-26T00:19:31.160363;1fec35b8-e914-4766-8290-e469c929794b;466.43;0.01;BUY
2016-04-26T00:19:31.109292;2016-04-26T00:19:31.160363;c6699b13-ce6e-43ad-9796-b4e6529ab587;466.48;0.01;BUY
2016-04-26T00:19:31.109467;2016-04-26T00:19:31.160363;3b7ce661-1eee-4d8f-88c4-bb648bd89012;466.5;0.19;BUY
2016-04-26T00:19:31.109934;2016-04-26T00:19:31.175984;5babdc7b-f7ab-4dd6-8f0b-0665eb616497;466.51;0.01;BUY
2016-04-26T00:19:31.110135;2016-04-26T00:19:31.175984;4e0f13f3-516b-45d8-92bb-535086db0f48;466.54;0.4718;BUY
2016-04-26T00:20:01.008097;2016-04-26T00:20:01.019757;4f4e1630-570d-4cdd-bb25-bc8f1ba3f0f4;466.52;0.01;BUY
2016-04-26T00:20:01.008340;2016-04-26T00:20:01.051002;a0862749-77ea-4dc7-a94c-3a8155d55a28;466.55;0.01;BUY
2016-04-26T00:20:01.008526;2016-04-26T00:20:01.051002;9455899a-01ee-4b27-a7e4-7fbc5e77eb7b;466.6;5.36;BUY
2016-04-26T00:20:01.008678;2016-04-26T00:20:01.051002;78b6ee34-44b3-400f-99e9-60335c70f3b1;466.61;0.35;BUY
2016-04-26T00:20:01.008834;2016-04-26T00:20:01.066629;c268e37c-e38d-4707-8434-00a55ed253f0;466.61;0.21;BUY
2016-04-26T00:20:01.009017;2016-04-26T00:20:01.129123;4b84b9e0-40e4-4277-b091-39dbf87159da;466.62;0.01;BUY
2016-04-26T00:20:01.009152;2016-04-26T00:20:01.129123;fff7fad3-c7ed-49d5-8b03-bc67ece4bce6;466.71;7.45045;BUY
2016-04-26T00:20:02.317844;2016-04-26T00:20:02.347873;817cbf06-c49c-49b8-a8fc-d3ffe904f678;466.52;0.054;BUY
2016-04-26T00:20:02.330858;2016-04-26T00:20:02.363499;5a593db0-ae3a-415a-9377-53b7ba00d9b2;466.52;0.0495;BUY
2016-04-26T00:20:02.333369;2016-04-26T00:20:02.363499;6ac6d4c1-9086-4cc2-a743-5466f4345a0a;466.52;0.1565;BUY
2016-04-26T00:20:30.911230;2016-04-26T00:20:30.926018;801e8d71-814f-41ab-9381-623104732c81;466.3;0.0342;SELL
2016-04-26T00:20:30.911413;2016-04-26T00:20:30.941625;3337f93e-9eae-4637-aaa0-b72a22d2a365;466.28;0.01;SELL
2016-04-26T00:20:30.911587;2016-04-26T00:20:30.941625;9bcf6c3c-2fa5-4621-9471-94e480e4f476;466.28;0.085;SELL
2016-04-26T00:20:30.911765;2016-04-26T00:20:30.957273;82da6992-345a-4a84-82e5-c1ada96baa47;466.27;0.01;SELL
2016-04-26T00:20:30.911928;2016-04-26T00:20:30.957273;97964d1a-abb0-4aee-8225-85202566501c;466.26;0.01;SELL
2016-04-26T00:20:30.912104;2016-04-26T00:20:30.957273;4c6324ab-52d2-4709-93ae-1947afca4be2;466.25;0.01;SELL
2016-04-26T00:20:30.912248;2016-04-26T00:20:30.957273;f4cce1ed-dec5-4ccd-85f5-47326c08c916;466.23;0.01;SELL
2016-04-26T00:20:30.912404;2016-04-26T00:20:30.988517;9754aeeb-478d-481b-8368-0d3ca3caf677;466.23;0.21;SELL
2016-04-26T00:20:30.912569;2016-04-26T00:20:30.988517;35a151f0-8cfe-4759-ac5b-ac15f123f82f;466.23;0.072;SELL
2016-04-26T00:20:30.912735;2016-04-26T00:20:30.988517;824db804-cceb-412a-9b1c-96d6c1a31324;466.21;0.01;SELL
2016-04-26T00:20:30.912898;2016-04-26T00:20:30.988517;691324c4-8054-4972-8c5b-e6cb2209ef6c;466.2;0.01;SELL
2016-04-26T00:20:30.913060;2016-04-26T00:20:31.004140;c06dd658-f311-4768-8c24-4d90a076778e;466.18;0.01;SELL
2016-04-26T00:20:30.913218;2016-04-26T00:20:31.004140;e689011f-02a5-4bb5-a7ee-55f0cc681989;466.18;0.121;SELL
2016-04-26T00:20:30.913380;2016-04-26T00:20:31.004140;0aedffa4-1b37-4562-964e-88a3bd043a1f;466.17;0.01;SELL
2016-04-26T00:20:30.913541;2016-04-26T00:20:31.004140;939c9b80-ec97-466d-a1df-a6d60f5cf8bf;466.16;0.01;SELL
2016-04-26T00:20:30.913705;2016-04-26T00:20:31.004140;003beac5-c4cf-4eba-9bc5-58f7a5c7a7fa;466.16;0.01;SELL
2016-04-26T00:20:30.913866;2016-04-26T00:20:31.019764;49fb30f5-52ba-4976-ba51-863e17d8f5ae;466.15;0.01;SELL
2016-04-26T00:20:30.914031;2016-04-26T00:20:31.019764;86c202e3-289f-4684-9760-472d37f90615;466.13;0.111;SELL
2016-04-26T00:20:30.914177;2016-04-26T00:20:31.019764;169827d1-ab05-431f-9199-b9defa344c3a;466.13;0.01;SELL
2016-04-26T00:20:30.914334;2016-04-26T00:20:31.035388;e52cda4c-f11c-4cab-b03e-f104ce5e2192;466.13;0.01;SELL
2016-04-26T00:20:30.914504;2016-04-26T00:20:31.035388;9d86299a-c9c9-45cf-8350-5d7017db940b;466.12;0.5;SELL
2016-04-26T00:20:30.914672;2016-04-26T00:20:31.035388;e58f26df-08f6-47ae-96b8-9b8785e8c059;466.09;0.39;SELL
2016-04-26T00:20:30.914828;2016-04-26T00:20:31.035388;720c8c78-d195-4186-9cf4-c0e6e7dbd9fa;466.08;0.082;SELL
2016-04-26T00:20:30.915003;2016-04-26T00:20:31.035388;17a228a4-7570-4dbc-a201-65d1c2d2b22b;466.08;0.01;SELL
2016-04-26T00:20:30.915145;2016-04-26T00:20:31.051017;e8ba505d-b982-4cab-95e5-550e604b39f9;466.04;0.26256;SELL
2016-04-26T00:20:39.658132;2016-04-26T00:20:39.676017;39b1236a-26df-451b-8a62-98e6c43b03c8;466.1;0.19311744;SELL
2016-04-26T00:20:44.246090;2016-04-26T00:20:44.285401;f9d6053c-816d-4d16-ac2a-130a661f06cf;466.46;1.0;BUY
2016-04-26T00:21:01.068164;2016-04-26T00:21:01.082293;c49eb43a-05fb-4a0f-812d-877512227a25;466.36;0.01;BUY
2016-04-26T00:21:01.068347;2016-04-26T00:21:01.097905;40522265-c1fb-4261-ae88-df72aaf9e038;466.37;1.72429;BUY
2016-04-26T00:21:04.875683;2016-04-26T00:21:04.894780;8553f2b6-72ba-4a88-9bfb-013e7a901432;466.35;0.01;BUY
2016-04-26T00:21:04.876050;2016-04-26T00:21:04.894780;8498eb5f-7415-44f4-bbd9-00583f9632b9;466.36;0.01;BUY
2016-04-26T00:21:04.876311;2016-04-26T00:21:04.894780;9653e1fc-a120-4992-9b0c-1d54b3a2a24f;466.39;0.13916426;BUY
2016-04-26T00:21:04.971706;2016-04-26T00:21:05.004158;d84a7f91-8233-434b-9c65-a171cb0d13e8;466.39;0.0798;BUY
2016-04-26T00:21:31.109469;2016-04-26T00:21:31.129173;e7b6e77a-728b-4de4-b700-68f4bcf462c6;466.1;0.0337;SELL
2016-04-26T00:21:31.109695;2016-04-26T00:21:31.144802;e643763a-cb3e-4680-b1ef-cc2bab0b733e;466.1;0.083;SELL
2016-04-26T00:21:31.109888;2016-04-26T00:21:31.144802;4c2e093d-9b98-4cc0-bdab-dfb6aaee6d22;466.08;0.01;SELL
2016-04-26T00:21:31.110071;2016-04-26T00:21:31.176044;01d98696-19fc-49bf-8945-4162a60322e0;466.07;0.01;SELL
2016-04-26T00:21:31.110238;2016-04-26T00:21:31.176044;2fbb5c0f-860f-4acb-b99e-16bd0af0c35f;466.06;0.01;SELL
2016-04-26T00:21:31.110384;2016-04-26T00:21:31.176044;c782d9a6-cf78-47c0-93c1-27e7130b5b30;466.03;0.01;SELL
2016-04-26T00:21:31.110527;2016-04-26T00:21:31.176044;5345acc6-7ba3-42e6-bb2b-c32f55cfcddf;466.03;0.092;SELL
2016-04-26T00:21:31.110697;2016-04-26T00:21:31.176044;9b99f900-0852-4205-8e79-7a56afcea274;466.03;0.21;SELL
2016-04-26T00:21:31.110863;2016-04-26T00:21:31.176044;1ff9ced0-841e-4bfc-bdfc-ee986d8272d8;466.01;0.01;SELL
2016-04-26T00:21:31.111033;2016-04-26T00:21:31.191680;17abb6cb-7d59-40d7-8411-73f013f330aa;466.0;0.01;SELL
2016-04-26T00:21:31.111197;2016-04-26T00:21:31.191680;70adcdb7-aa73-4347-9346-c5ce4db9dc13;465.98;0.01;SELL
2016-04-26T00:21:31.111353;2016-04-26T00:21:31.191680;22f255ef-7e08-4f55-93f8-8ff68e2a99a4;465.96;0.61;SELL
2016-04-26T00:21:31.111494;2016-04-26T00:21:31.191680;9f67abac-278f-4436-8c52-e37e0f58bf3e;465.95;0.01;SELL
2016-04-26T00:21:31.111652;2016-04-26T00:21:31.191680;17cc21d2-1f9c-4e6c-ab3d-e81b2aea532d;465.95;0.108;SELL
2016-04-26T00:21:31.111811;2016-04-26T00:21:31.207300;16624fd5-b6d6-4a63-a27e-15aef3d1d1fd;465.94;0.06218;SELL
2016-04-26T00:22:31.056724;2016-04-26T00:22:31.082324;a6178b5a-9f46-4659-9800-8615a40ca491;466.09;0.01;BUY
2016-04-26T00:22:31.057022;2016-04-26T00:22:31.097951;a4146cae-ee4b-41af-a9b4-429c672cb0de;466.25;0.0115;BUY
2016-04-26T00:22:31.057169;2016-04-26T00:22:31.097951;cfc8b801-1359-4562-bb7a-d4d1cf880b24;466.37;0.774;BUY
2016-04-26T00:23:01.228819;2016-04-26T00:23:01.238593;ac076bcb-7e69-4462-b48e-0061fa6dd09b;466.33;0.01;BUY
2016-04-26T00:23:01.229059;2016-04-26T00:23:01.254220;e03ec2d9-6dc8-48a0-a737-983f3989b7c3;466.34;0.01;BUY
2016-04-26T00:23:01.229263;2016-04-26T00:23:01.254220;6d2891d1-357f-489a-b44b-5ce581f78ba9;466.38;0.05;BUY
2016-04-26T00:23:01.229425;2016-04-26T00:23:01.269843;018314ac-adcc-4720-866f-527d91d2310d;466.4;0.01;BUY
2016-04-26T00:23:01.229579;2016-04-26T00:23:01.269843;8d02a438-2393-42b0-ac22-027d29bc634e;466.41;0.01;BUY
2016-04-26T00:23:01.229737;2016-04-26T00:23:01.269843;e89708ca-be5a-4e1d-b0bc-a9ed68f2fef8;466.42;0.01;BUY
2016-04-26T00:23:01.229879;2016-04-26T00:23:01.269843;cf2434b7-b158-4234-a0d1-344314255d4d;466.51;0.21845;BUY
2016-04-26T00:23:35.366945;2016-04-26T00:23:35.394858;aa427498-0ef1-4f03-be34-08f3d1d483fb;466.51;1.63711;BUY
2016-04-26T00:24:31.241333;2016-04-26T00:24:31.254266;d1b646a0-03c4-4dc4-bf9a-0ba3cd8c92e8;466.3;0.0125;SELL
2016-04-26T00:24:31.241564;2016-04-26T00:24:31.269885;64c65e18-11c0-4111-89fe-6e4014331909;466.3;0.119;SELL
2016-04-26T00:24:31.241741;2016-04-26T00:24:31.269885;91e982da-07d3-4b96-9375-011d43dfbef0;466.25;0.084;SELL
2016-04-26T00:24:31.241908;2016-04-26T00:24:31.269885;885b2eaa-8da6-42f1-b947-b115a340d823;466.25;0.01;SELL
2016-04-26T00:24:31.242089;2016-04-26T00:24:31.285523;b85914db-d1b3-45c9-8005-341aaa5fbe9e;466.2;0.122;SELL
2016-04-26T00:24:31.242266;2016-04-26T00:24:31.285523;5b9cb906-69c8-466b-870e-5b2b117fb5d1;466.2;0.01;SELL
2016-04-26T00:24:31.242430;2016-04-26T00:24:31.285523;14a5166e-37b7-49e7-93f4-2d99db78b9c5;466.18;0.01;SELL
2016-04-26T00:24:31.242594;2016-04-26T00:24:31.332394;cea466f1-f494-403e-b768-a4bbbbdc1f01;466.17;0.01;SELL
2016-04-26T00:24:31.242758;2016-04-26T00:24:31.363637;baaa58c0-0bf0-41e9-b9cb-8507864cffb5;466.16;0.01;SELL
2016-04-26T00:24:31.242910;2016-04-26T00:24:31.363637;f51927e7-2425-4596-8f1a-30c6b1cf5b6c;466.15;0.01;SELL
2016-04-26T00:24:31.243102;2016-04-26T00:24:31.363637;3e2a545a-a20b-47ec-b4e7-00ec81db89dc;466.15;0.115;SELL
2016-04-26T00:24:31.243274;2016-04-26T00:24:31.363637;b5d06c5a-113d-4386-a8a4-29e6b60dd1d9;466.13;0.01;SELL
2016-04-26T00:24:31.243436;2016-04-26T00:24:31.363637;1cb7a62d-d292-490d-a79f-ae34a7f69df6;466.1;0.118;SELL
2016-04-26T00:24:31.243598;2016-04-26T00:24:31.363637;323bde2e-9713-41ee-beb0-75ad3133e538;466.09;0.38;SELL
2016-04-26T00:24:31.243761;2016-04-26T00:24:31.363637;a9b4b245-3b3d-4286-9b66-014336212b55;466.08;0.01;SELL
2016-04-26T00:24:31.243913;2016-04-26T00:24:31.363637;e281293b-a11e-4289-8633-de388334e1cb;466.07;0.05522813;SELL
2016-04-26T00:24:31.244092;2016-04-26T00:24:31.363637;41f67052-e3c8-4653-8bb6-9b2f7aa76c58;466.07;0.05522813;SELL
2016-04-26T00:24:31.244250;2016-04-26T00:24:31.363637;303d5192-3fc9-4c9d-99e8-aa616d6e8bae;466.06;0.4;SELL
2016-04-26T00:24:31.244425;2016-04-26T00:24:31.363637;2e30dfc0-39a8-4dc8-94db-5b02bdb99b7d;466.05;0.126;SELL
2016-04-26T00:24:31.244566;2016-04-26T00:24:31.363637;d4589754-9c61-4199-8869-61ecb97f4763;466.03;0.27810374;SELL
2016-04-26T00:25:01.125162;2016-04-26T00:25:01.144901;8b1311b2-03d2-475a-9a67-53365947dd94;466.4;0.01;BUY
2016-04-26T00:25:01.125401;2016-04-26T00:25:01.144901;4d45c049-20ad-4daf-9b5c-2be73cd38eca;466.42;0.01;BUY
2016-04-26T00:25:01.125569;2016-04-26T00:25:01.144901;d6f7b1cf-a961-449c-8d6d-fd3b8d90b0c7;466.47;0.17;BUY
2016-04-26T00:25:01.125725;2016-04-26T00:25:01.176151;eb0bb485-dced-4107-9832-320e3bcbec14;466.48;0.04;BUY
2016-04-26T00:25:01.125881;2016-04-26T00:25:01.176151;feba283d-99f5-480e-88a5-f0d86e94bd5c;466.48;0.21;BUY
2016-04-26T00:25:01.126067;2016-04-26T00:25:01.176151;770c4c32-c951-4986-a1bb-fae4daeee9d1;466.52;0.01;BUY
2016-04-26T00:25:01.126201;2016-04-26T00:25:01.176151;78a13ba7-fc71-487a-a30f-a2f503875782;466.55;0.06785;BUY
2016-04-26T00:25:30.881012;2016-04-26T00:25:30.894925;eb944a4c-7ab3-40bb-88d3-c89c6b8e7433;466.27;0.01;BUY
2016-04-26T00:25:30.881207;2016-04-26T00:25:30.894925;d387e55c-d460-496c-9782-3b763011c3a4;466.28;0.0323;BUY
2016-04-26T00:25:30.881364;2016-04-26T00:25:30.894925;e06026ef-4abc-4474-9167-ae636613c035;466.3;0.05522813;BUY
2016-04-26T00:25:30.881527;2016-04-26T00:25:30.926170;c994c13e-23da-44cf-969c-29ed3dae9469;466.3;0.05522813;BUY
2016-04-26T00:25:30.881687;2016-04-26T00:25:30.926170;6ea1350a-dc66-410f-a6f0-4be15691a5a6;466.33;0.01;BUY
2016-04-26T00:25:30.882325;2016-04-26T00:25:30.926170;de40c420-0289-4932-9e33-8332a74d51f6;466.47;0.114;BUY
2016-04-26T00:25:30.882498;2016-04-26T00:25:30.926170;e5a2963b-64d1-425f-bbf6-dff19f3f182c;466.52;0.05518858;BUY
2016-04-26T00:25:30.882653;2016-04-26T00:25:30.941801;ba66458f-ff09-4aa5-aadd-13d33985db0f;466.52;0.05518858;BUY
2016-04-26T00:25:30.882805;2016-04-26T00:25:30.941801;1e651362-4889-402f-a0a2-d3b7ed32c8a3;466.52;0.086;BUY
2016-04-26T00:25:30.882965;2016-04-26T00:25:30.941801;b519457d-a469-4084-95ba-d4fef2647765;466.52;0.21;BUY
2016-04-26T00:25:30.883436;2016-04-26T00:25:30.957416;310fea8c-b5b2-4e1f-adbe-5c479e746a3b;466.56;0.05;BUY
2016-04-26T00:25:30.883610;2016-04-26T00:25:30.957416;dc091ec9-f32c-473f-acb0-2bb1ded2fa81;466.57;0.05518858;BUY
2016-04-26T00:25:30.883884;2016-04-26T00:25:30.957416;d0da0e75-5f5f-4576-a349-bc025e369b41;466.62;0.043598;BUY
2016-04-26T00:26:03.135126;2016-04-26T00:26:03.144941;5414c897-2e43-42ec-86b0-0119dc6e88e0;466.21;0.34538;SELL
2016-04-26T00:26:32.195135;2016-04-26T00:26:32.207447;23d32970-f5cd-4e2f-8e74-6220a11eb081;466.29;0.05522314;SELL
2016-04-26T00:26:32.195353;2016-04-26T00:26:32.207447;7d9886d5-5177-4868-952f-8d0ed1f4615b;466.29;0.05522314;SELL
2016-04-26T00:26:32.195542;2016-04-26T00:26:32.207447;dd83e091-e0ee-4a5a-9cfa-9ddf6d184a69;466.29;0.05522314;SELL
2016-04-26T00:26:32.195690;2016-04-26T00:26:32.223075;5c3ff448-6daf-450b-93eb-8338b9ab56cd;466.29;0.03803058;SELL
2016-04-26T00:27:00.974316;2016-04-26T00:27:00.973094;932fd36e-d255-41d0-851b-516b889cab30;466.6;0.01;BUY
2016-04-26T00:27:00.974519;2016-04-26T00:27:00.988713;37ea43d3-f329-406f-bd4f-63a17deb40bf;466.61;0.49679;BUY
2016-04-26T00:27:34.208390;2016-04-26T00:27:34.207487;7d5312fd-fc70-492f-a650-5616b69c428a;466.61;0.37;BUY
2016-04-26T00:27:34.208631;2016-04-26T00:27:34.223104;b2ec694d-ff77-4e4b-8ea5-af037c3b7718;466.61;0.076;BUY
2016-04-26T00:27:34.208837;2016-04-26T00:27:34.223104;d117872b-8c19-4724-8e94-46c433452aa3;466.62;0.01159058;BUY
2016-04-26T00:27:34.209028;2016-04-26T00:27:34.223104;acb97477-8c56-49a7-9814-aa7dfeca6ed0;466.63;0.14318942;BUY
2016-04-26T00:28:00.888411;2016-04-26T00:28:00.894992;195416c7-59f3-49b9-98b2-b3f79452ef22;466.62;0.0288;BUY
2016-04-26T00:28:00.888644;2016-04-26T00:28:00.910623;10483ef0-784f-4a62-a0a1-ab6abe467803;466.64;0.01;BUY
2016-04-26T00:28:00.888835;2016-04-26T00:28:00.910623;91d628c6-2852-40fc-8f26-60db67e964c7;466.66;0.05518858;BUY
2016-04-26T00:28:00.889014;2016-04-26T00:28:00.910623;c21deb0a-183b-433d-a44c-1d1ba0ab1ea7;466.7;0.18;BUY
2016-04-26T00:28:00.889160;2016-04-26T00:28:00.910623;15f1351e-f52b-48cb-9eaf-b1ffe2708f42;466.71;0.05518858;BUY
2016-04-26T00:28:00.889312;2016-04-26T00:28:00.926248;58bd8941-dd5c-42d2-837e-bf0205eebb8e;466.71;0.21;BUY
2016-04-26T00:28:00.889468;2016-04-26T00:28:00.926248;89f575fb-1182-4920-8c08-454768a914dd;466.72;0.01;BUY
2016-04-26T00:28:00.889631;2016-04-26T00:28:00.926248;5dc454e1-4c02-4d31-8f75-e3b3d597963b;466.72;0.4;BUY
2016-04-26T00:28:00.889778;2016-04-26T00:28:00.926248;07974094-22b6-4708-a135-133faedbedc1;466.73;0.044;BUY
2016-04-26T00:28:00.889919;2016-04-26T00:28:00.941870;5271f107-6c0d-4a19-b447-5f663eed6509;466.73;0.77177284;BUY
2016-04-26T00:28:31.996500;2016-04-26T00:28:31.988760;145d5434-6735-47be-9604-d042a2bf0078;466.42;0.02574;SELL
2016-04-26T00:29:02.174338;2016-04-26T00:29:02.191903;4e77b952-4322-4f69-824a-ebfd59a7364d;466.45;0.471;SELL
2016-04-26T00:29:02.174549;2016-04-26T00:29:02.191903;795fb671-1a04-4809-8fdc-3b286c8ac957;466.44;0.48867;SELL
2016-04-26T00:29:31.057601;2016-04-26T00:29:31.051290;1146c4de-e6ae-4053-8273-ec46b245040a;466.73;0.01;BUY
2016-04-26T00:29:31.057815;2016-04-26T00:29:31.066913;c8907f57-a481-4da5-8448-927c5da6144b;466.74;0.05;BUY
2016-04-26T00:29:31.058114;2016-04-26T00:29:31.066913;85126234-5096-4216-a11a-1493712d72b1;466.75;0.02153;BUY
2016-04-26T00:30:01.626455;2016-04-26T00:30:01.629431;48e17074-c61f-497f-a842-1c8c1a7d0206;466.75;0.02847;BUY
2016-04-26T00:30:01.626677;2016-04-26T00:30:01.629431;f2381c76-d8e7-4505-894b-739623e1f0ab;466.75;0.077;BUY
2016-04-26T00:30:01.626893;2016-04-26T00:30:01.645054;1c15b61b-5f39-4f8e-9ced-e927689c61a8;466.76;0.05518858;BUY
2016-04-26T00:30:01.627054;2016-04-26T00:30:01.645054;5640d707-da52-401e-a735-3dfaa3866e1e;466.8;0.04580142;BUY
2016-04-26T00:30:33.501328;2016-04-26T00:30:33.488828;80e65ff4-6463-4f3e-8f9f-7ece8dc79e54;466.8;0.00938716;BUY
2016-04-26T00:30:33.501559;2016-04-26T00:30:33.520079;f17f00ab-9e26-4e45-bed4-ef09d0cb344f;466.85;0.05518858;BUY
2016-04-26T00:30:33.501757;2016-04-26T00:30:33.520079;aa6b262f-aab3-4195-b571-23a2235c3441;466.86;0.01;BUY
2016-04-26T00:30:33.501903;2016-04-26T00:30:33.535705;91f46e6d-c957-4511-8f5c-d5b2453b6332;466.9;0.01229426;BUY
2016-04-26T00:31:00.905497;2016-04-26T00:31:00.895097;da14b954-60be-46ac-bd9d-8c7071101900;466.89;0.18;BUY
2016-04-26T00:31:00.905731;2016-04-26T00:31:00.910717;23d20920-8c25-4989-a6b2-5d263932acaf;466.9;0.04289432;BUY
2016-04-26T00:31:00.905918;2016-04-26T00:31:00.910717;065ae352-8f7f-47e1-a5b0-a6b7fff6fb65;466.93;1.8;BUY
2016-04-26T00:31:00.906083;2016-04-26T00:31:00.910717;d6798331-77e6-4656-a27c-192ca4c23276;466.94;0.05518858;BUY
2016-04-26T00:31:00.906248;2016-04-26T00:31:00.926336;c0c1f8a9-1ad8-4f3d-90d3-4e4d18df9743;466.94;0.17;BUY
2016-04-26T00:31:00.906398;2016-04-26T00:31:00.941962;a6177188-6bbf-4a2e-9cfe-992d248a5ee6;466.95;0.01;BUY
2016-04-26T00:31:00.906532;2016-04-26T00:31:00.941962;8cece3a2-401b-4239-b3ce-46c8ba8928fa;466.96;1.1105371;BUY
2016-04-26T00:31:31.172795;2016-04-26T00:31:31.208203;00b6fcc6-6d06-4ace-bf3b-e89c1e80a3c6;466.97;0.0461;BUY
2016-04-26T00:31:31.173023;2016-04-26T00:31:31.208203;4066e613-294b-4317-b29c-3e04865873fa;466.97;0.05522314;BUY
2016-04-26T00:31:31.173214;2016-04-26T00:31:31.239454;8a0d7e13-41f4-4bd9-8f37-e07d5f46cb21;466.97;0.05522314;BUY
2016-04-26T00:31:31.173375;2016-04-26T00:31:31.239454;72fdd3b1-42af-4585-9349-2e0d3d4dedf4;466.99;0.05518858;BUY
2016-04-26T00:31:31.173540;2016-04-26T00:31:31.255077;65a3fb7e-5ffa-4e71-82c4-5581b4fb6f84;467.0;0.05;BUY
2016-04-26T00:31:31.173686;2016-04-26T00:31:31.255077;b43948c6-978d-465e-bb9b-283ab4eb4751;467.0;0.04403514;BUY
2016-04-26T00:32:01.170619;2016-04-26T00:32:01.208219;bd4725b3-3553-4f09-8e3f-23d2bb95eeb4;466.76;0.01;SELL
2016-04-26T00:32:01.170851;2016-04-26T00:32:01.208219;449f3e3a-b9d2-4053-96de-5f642b1a2951;466.76;0.073;SELL
2016-04-26T00:32:01.171070;2016-04-26T00:32:01.223844;b579b2d1-6ceb-422a-9511-eba44767499c;466.71;0.01;SELL
2016-04-26T00:32:01.171223;2016-04-26T00:32:01.223844;e0d382c7-b568-431f-a125-a9687370a916;466.69;0.25806;SELL
2016-04-26T00:33:01.097102;2016-04-26T00:33:01.130133;5d286611-421c-4f52-872b-57f16ae1141f;466.76;0.1618;SELL
2016-04-26T00:33:01.097357;2016-04-26T00:33:01.145749;35547f06-91ce-497f-8572-598bea511b67;466.76;0.077;SELL
2016-04-26T00:33:01.097540;2016-04-26T00:33:01.145749;ac7d2d31-5c13-41bb-8045-1a49cc2be14c;466.74;0.0552556;SELL
2016-04-26T00:33:01.097690;2016-04-26T00:33:01.145749;4b455bf3-3424-4fc5-8fa4-1b36dbc2223a;466.74;0.0538044;SELL
2016-04-26T00:33:31.344719;2016-04-26T00:33:31.380145;d5d492a6-d442-4203-9325-8b6f9c23665e;466.85;0.01;BUY
2016-04-26T00:33:31.344894;2016-04-26T00:33:31.395764;139cfad9-3409-40c8-965e-d4d4f7269bf9;466.99;0.02;BUY
2016-04-26T00:33:31.345079;2016-04-26T00:33:31.395764;097aa02c-4f42-4bca-b018-4a2485fca266;467.0;0.27463486;BUY
2016-04-26T00:33:31.345236;2016-04-26T00:33:31.411390;b1add663-fbbb-4f81-bed6-95218975e3a4;467.0;0.01;BUY
2016-04-26T00:33:31.345385;2016-04-26T00:33:31.411390;674e8ece-3b1c-41d0-9049-0ea8ff1d4f5a;467.02;0.05518858;BUY
2016-04-26T00:33:31.345541;2016-04-26T00:33:31.411390;1dda7dcd-0eee-4c8f-9b7e-eb2581cbbaa3;467.02;0.05522314;BUY
2016-04-26T00:33:31.345701;2016-04-26T00:33:31.411390;64900aec-6a6b-4775-be86-8036adb36a59;467.04;0.05;BUY
2016-04-26T00:33:31.345862;2016-04-26T00:33:31.411390;f36eb22f-ae66-4ffa-8a3a-11b09729531b;467.05;0.01;BUY
2016-04-26T00:33:31.346026;2016-04-26T00:33:31.427015;31536ca9-99b8-4357-8b60-45d518c873ea;467.06;0.0469;BUY
2016-04-26T00:33:31.346192;2016-04-26T00:33:31.427015;78ccc312-51d4-4000-84ee-9621e7faee2b;467.06;0.05518858;BUY
2016-04-26T00:33:31.346332;2016-04-26T00:33:31.427015;fe4a578d-2f3b-40ed-b47d-5519949efc06;467.09;0.04887484;BUY
2016-04-26T00:34:01.267826;2016-04-26T00:34:01.317663;aaf272c9-2a44-4918-8164-6a9e944f2dc2;466.92;0.0938;SELL
2016-04-26T00:34:01.268211;2016-04-26T00:34:01.317663;a727928c-b8d0-45e4-ab34-ec942b52c1f7;466.92;0.072;SELL
2016-04-26T00:34:01.268404;2016-04-26T00:34:01.333289;23de14c5-7863-4f35-adaa-6dcd45225fe7;466.9;0.0125;SELL
2016-04-26T00:34:01.268569;2016-04-26T00:34:01.333289;7b7bb71e-eb52-47f8-9f0d-d849450db071;466.87;0.098;SELL
2016-04-26T00:34:01.268724;2016-04-26T00:34:01.333289;caaa5cf7-a253-475c-9c49-2832721c7f17;466.77;0.01;SELL
2016-04-26T00:34:01.268879;2016-04-26T00:34:01.333289;0ca4fa6b-d98e-42e4-ac78-cdceb03d266f;466.77;0.109;SELL
2016-04-26T00:34:01.269066;2016-04-26T00:34:01.333289;2358be16-a936-4922-8b0f-40ee839be41b;466.74;0.0014512;SELL
2016-04-26T00:34:01.269217;2016-04-26T00:34:01.333289;2373acdf-572a-4113-8c37-d6db81895aed;466.72;0.011;SELL
2016-04-26T00:34:01.269354;2016-04-26T00:34:01.348912;d02e0954-c1c7-4f38-98d5-72ed57686955;466.72;0.1901388;SELL
2016-04-26T00:34:10.245493;2016-04-26T00:34:10.286415;d74761e7-9409-4a4b-a52d-bd546655f5ee;466.74;0.1124;SELL
2016-04-26T00:34:10.245714;2016-04-26T00:34:10.286415;4e1ae830-1df1-4b68-9436-a51acf08f25a;466.74;0.13;SELL
2016-04-26T00:34:10.245892;2016-04-26T00:34:10.286415;0ac0fe58-9b05-4603-af8e-1e759a2ae8f3;466.71;0.01;SELL
2016-04-26T00:34:10.246065;2016-04-26T00:34:10.286415;ea91d2c1-a747-4956-b642-ecb58dcd67d1;466.7;0.05411555;SELL
2016-04-26T00:34:10.558706;2016-04-26T00:34:10.583288;5d4f648f-8a46-4d37-87a7-1be16f7d08d4;466.7;0.30651555;SELL
2016-04-26T00:34:10.833227;2016-04-26T00:34:10.864535;b4a32e0e-8a7d-42a5-9b9d-e860dbeaeb89;466.72;0.0914;SELL
2016-04-26T00:34:10.833383;2016-04-26T00:34:10.895789;2b18cac6-8093-485e-98e3-41fb28abfafc;466.7;0.21511555;SELL
2016-04-26T00:34:12.286286;2016-04-26T00:34:12.317651;c6dcd9b8-b2a1-4b54-8590-efa4aa869a3b;466.7;0.04986095;SELL
2016-04-26T00:34:32.746326;2016-04-26T00:34:32.770800;c493ed13-c26d-49d3-9e64-6eb98814f898;466.72;0.0584;SELL
2016-04-26T00:34:32.746524;2016-04-26T00:34:32.786421;3a57504e-21bf-432d-8f8d-c73a6c7df939;466.72;0.119;SELL
2016-04-26T00:34:32.746694;2016-04-26T00:34:32.786421;e049ef96-74c7-4e36-a0f5-f1bd5ab30cda;466.7;0.3743924;SELL
2016-04-26T00:34:32.746865;2016-04-26T00:34:32.786421;c8db77a7-34c7-4208-a0f1-8539b2eaeb98;466.7;0.05526034;SELL
2016-04-26T00:34:32.747048;2016-04-26T00:34:32.817672;f109af2d-5ea1-44c5-8a97-36cba8bf4b24;466.69;0.01;SELL
2016-04-26T00:34:32.747218;2016-04-26T00:34:32.895801;ed0831a3-0e42-4b73-bfb5-dcf40e6e27f1;466.68;0.011;SELL
2016-04-26T00:34:32.747395;2016-04-26T00:34:32.895801;37b49604-20ed-458d-afc5-e9a6e0bbc563;466.67;0.011;SELL
2016-04-26T00:34:32.747560;2016-04-26T00:34:32.895801;bb1812e6-f0e7-4667-86f6-539ae73eed5e;466.66;0.01;SELL
2016-04-26T00:34:32.747721;2016-04-26T00:34:32.895801;82a3d0db-578c-4aca-961c-baf374c91312;466.65;0.01;SELL
2016-04-26T00:34:32.747885;2016-04-26T00:34:32.895801;864f7902-9e62-434f-8b58-ac05d482365b;466.65;0.099;SELL
2016-04-26T00:34:32.748058;2016-04-26T00:34:32.895801;0ecdbb17-45f8-4ebf-8d42-8fe05dcaf8c8;466.64;0.01;SELL
2016-04-26T00:34:32.748221;2016-04-26T00:34:32.895801;c393d784-eccd-4bce-bc0a-9698805850a6;466.63;0.01;SELL
2016-04-26T00:34:32.748391;2016-04-26T00:34:32.895801;017061b2-451a-4d67-a369-03b47286be41;466.61;0.01;SELL
2016-04-26T00:34:32.748543;2016-04-26T00:34:32.895801;8c6216c1-c3a5-4c6a-9f2c-46e132612178;466.6;0.01;SELL
2016-04-26T00:34:32.748712;2016-04-26T00:34:32.895801;649af960-a2c2-49fa-86da-1738778e7d59;466.6;0.102;SELL
2016-04-26T00:34:32.748874;2016-04-26T00:34:32.895801;7469f7c2-4d1d-4a90-b192-01f0435af110;466.57;0.118;SELL
2016-04-26T00:34:32.749033;2016-04-26T00:34:32.895801;54a92fa5-d11c-467c-b998-4ce751827d75;466.56;0.01;SELL
2016-04-26T00:34:32.749194;2016-04-26T00:34:32.895801;ef2acc32-8a0a-4ca0-8f90-f4b0dc601687;466.56;0.01;SELL
2016-04-26T00:34:32.749356;2016-04-26T00:34:32.895801;e74af10e-4437-4a25-9e5d-e83cb916add3;466.55;0.011;SELL
2016-04-26T00:34:32.749522;2016-04-26T00:34:32.895801;f29bdbc1-0047-44cf-97b8-8dc8000705bb;466.54;0.01;SELL
2016-04-26T00:34:32.749690;2016-04-26T00:34:32.895801;3b7f6a5b-14a9-4c8f-af82-d4befd70b429;466.54;0.01;SELL
2016-04-26T00:34:32.749831;2016-04-26T00:34:32.895801;3645447c-3a80-4fdf-907e-2272393355da;466.53;0.01730726;SELL
2016-04-26T00:34:38.874932;2016-04-26T00:34:38.895799;5d120c44-9770-4ac8-af09-27635d97c669;466.75;0.01;BUY
2016-04-26T00:34:38.875131;2016-04-26T00:34:38.911432;ec3621d0-3f3b-4c39-8ca6-ba9543ca030b;466.76;0.1;BUY
2016-04-26T00:34:53.690506;2016-04-26T00:34:53.739556;4f331c5c-85dc-4d82-ab68-35bd9c33068e;466.76;0.20651555;BUY
2016-04-26T00:34:53.690732;2016-04-26T00:34:53.755183;825d23c9-f309-4aac-b0ac-2b9fc13750f4;466.82;0.021;BUY
2016-04-26T00:34:53.690937;2016-04-26T00:34:53.755183;6b05ed77-c76f-4e0b-92d0-168ce30f6581;466.84;0.01;BUY
2016-04-26T00:34:53.691142;2016-04-26T00:34:53.770812;c27ffba1-0b5c-4f9f-bb56-ca6df7c9c727;466.85;0.30651555;BUY
2016-04-26T00:34:53.691323;2016-04-26T00:34:53.770812;b7ce3d71-2df8-46ed-a348-37db723c3932;466.89;0.093;BUY
2016-04-26T00:34:53.691474;2016-04-26T00:34:53.770812;de093b47-78e4-4217-94b0-e2521207ba33;466.94;0.30651555;BUY
2016-04-26T00:34:53.691630;2016-04-26T00:34:53.770812;39651d64-02c1-4ab7-9491-8dd4d8e43f80;466.94;0.21;BUY
2016-04-26T00:34:53.691787;2016-04-26T00:34:53.786434;48933a6f-2a8e-4d6f-80a4-13502b47fd5a;466.94;0.1;BUY
2016-04-26T00:34:53.691941;2016-04-26T00:34:53.786434;c3626056-9eae-4e06-8b9e-da292c0ff5ed;466.95;0.21;BUY
2016-04-26T00:34:53.692118;2016-04-26T00:34:53.817696;31cc84c3-e94d-4c27-a870-79bc0689b2f4;466.96;0.01;BUY
2016-04-26T00:34:53.692280;2016-04-26T00:34:53.817696;6b1b008d-5dfb-4b74-ad06-74ad59b1ebd9;466.98;0.59;BUY
2016-04-26T00:34:53.692435;2016-04-26T00:34:53.817696;c8dcff1f-364f-424b-bbd3-176297d6bc1c;466.99;0.0552556;BUY
2016-04-26T00:34:53.692597;2016-04-26T00:34:53.833306;f77f0a1f-acf0-43a0-b8e3-de55d13da24f;467.02;1.52;BUY
2016-04-26T00:34:53.692746;2016-04-26T00:34:53.833306;79b68e3e-6cf8-4356-8ac7-61baa619b933;467.03;0.30651555;BUY
2016-04-26T00:34:53.692900;2016-04-26T00:34:53.833306;4361a5c6-c02d-4771-b7db-7c557612f2b0;467.04;1.16;BUY
2016-04-26T00:34:53.693065;2016-04-26T00:34:53.833306;65dfd88e-2156-4ee9-9447-610637a66d2d;467.05;0.01;BUY
2016-04-26T00:34:53.693227;2016-04-26T00:34:53.848938;6b819ce1-d020-459b-b84b-f9ab2f958499;467.06;0.083;BUY
2016-04-26T00:34:53.693384;2016-04-26T00:34:53.848938;a5431481-658a-46fc-a4be-5ed8596093b5;467.08;1.78;BUY
2016-04-26T00:34:53.693535;2016-04-26T00:34:53.864537;984f215f-f612-4d59-ade8-84d1e5fed9ba;467.09;0.00112516;BUY
2016-04-26T00:34:53.693688;2016-04-26T00:34:53.864537;66caecc7-62ff-459d-ab70-e8c89a85c08e;467.09;0.2;BUY
2016-04-26T00:34:53.693840;2016-04-26T00:34:53.864537;41e69d86-dee2-4b97-af40-109cbd17bf81;467.1;1.55;BUY
2016-04-26T00:34:53.693996;2016-04-26T00:34:53.864537;bb6e8e55-a8e9-4bad-a143-85f011b5ae52;467.11;0.014;BUY
2016-04-26T00:34:53.694160;2016-04-26T00:34:53.864537;3c59c25d-eeb6-4a4c-93b6-49fd997a2fce;467.11;1.57;BUY
2016-04-26T00:34:53.694315;2016-04-26T00:34:53.864537;027452a8-185d-429a-aec7-f219da95590c;467.12;0.30651555;BUY
2016-04-26T00:34:53.694530;2016-04-26T00:34:53.864537;4f17e583-6c37-41ef-ac09-0f5f3194269a;467.13;1.88;BUY
2016-04-26T00:34:53.694714;2016-04-26T00:34:53.880191;29b91cd5-2e7f-46e4-904a-4a8ba2447a09;467.14;0.035;BUY
2016-04-26T00:34:53.694866;2016-04-26T00:34:53.880191;99e58049-31e4-471e-8fb8-42c4394f2202;467.14;0.05518858;BUY
2016-04-26T00:34:53.695030;2016-04-26T00:34:53.880191;1a4395f5-d4a1-4500-9d10-068677fceae0;467.14;3.04;BUY
2016-04-26T00:34:53.695190;2016-04-26T00:34:53.880191;2f4bd560-7609-4575-a48d-c0eae095dbc7;467.15;1.0;BUY
2016-04-26T00:34:53.695348;2016-04-26T00:34:53.880191;8a87e64e-17b9-47e4-8ac0-628c2972f1e4;467.15;0.113;BUY
2016-04-26T00:34:53.695501;2016-04-26T00:34:53.911441;4cf50267-4bb4-41c2-91f9-8e0907d3e92e;467.16;0.02;BUY
2016-04-26T00:34:53.695644;2016-04-26T00:34:53.911441;15baf779-0164-4a1d-a90c-11fcc10402cc;467.16;0.01;BUY
2016-04-26T00:34:53.695796;2016-04-26T00:34:53.911441;9deaf232-8c15-4307-a95d-05f3e031ead2;467.16;0.21;BUY
2016-04-26T00:34:53.695948;2016-04-26T00:34:53.911441;89de2929-7b91-46ca-95bb-06b72c39ace0;467.17;0.05;BUY
2016-04-26T00:34:53.696105;2016-04-26T00:34:53.911441;1d58e73f-be44-4de2-897c-756736434ee7;467.2;0.01000342;BUY
2016-04-26T00:34:53.696255;2016-04-26T00:34:53.927056;9b38e373-d17d-49c7-a670-3c4a64b7f0b8;467.2;0.104;BUY
2016-04-26T00:34:53.696417;2016-04-26T00:34:53.927056;7ae90f1d-5cec-47d4-88bc-b34fdcd47468;467.2;1.55;BUY
2016-04-26T00:34:53.696561;2016-04-26T00:34:53.927056;03ee06f7-2430-4ec4-903d-f170e3dc26cb;467.21;0.05;BUY
2016-04-26T00:34:53.696707;2016-04-26T00:34:53.942688;96dca94c-51e8-4c92-be0b-24f4d9a00322;467.21;0.30651555;BUY
2016-04-26T00:34:53.696860;2016-04-26T00:34:53.942688;1a49291a-0d84-4c14-9d6c-8985b7f73711;467.21;0.43;BUY
2016-04-26T00:34:53.697025;2016-04-26T00:34:53.942688;b4386424-2476-4f40-9756-8f5785e9ac54;467.22;1.30773096;BUY
2016-04-26T00:34:53.697174;2016-04-26T00:34:53.942688;6a27be4b-83d8-494f-9f71-a75db121b06b;467.24;0.4699;BUY
2016-04-26T00:34:53.697335;2016-04-26T00:34:53.958306;cf2abb81-ea5f-482e-b721-d79323e91c7d;467.25;0.05;BUY
2016-04-26T00:34:53.697505;2016-04-26T00:34:53.958306;8af5b6ee-a632-4877-97f4-80489278fa14;467.25;0.01;BUY
2016-04-26T00:34:53.697666;2016-04-26T00:34:53.958306;43c183b1-087b-4a4b-9ee3-e0546693ad57;467.28;0.035;BUY
2016-04-26T00:34:53.697815;2016-04-26T00:34:53.958306;cb62f18f-b2c6-4631-b6d6-3125808f8d65;467.28;0.41;BUY
2016-04-26T00:34:53.697955;2016-04-26T00:34:53.958306;ee5416d6-1f55-4e64-80af-c45e5576c51b;467.29;0.05;BUY
2016-04-26T00:34:53.698118;2016-04-26T00:34:53.958306;c2bd6466-8614-4298-bac1-a89fed1d7171;467.29;0.41;BUY
2016-04-26T00:34:53.698282;2016-04-26T00:34:53.958306;3ad9989e-6a69-4e7d-b5ec-42dccb6aba57;467.3;0.30651555;BUY
2016-04-26T00:34:53.698435;2016-04-26T00:34:53.973939;23f5955a-51c7-49dd-83f9-1ee13825140f;467.31;0.019;BUY
2016-04-26T00:34:53.698591;2016-04-26T00:34:53.973939;a9b9deab-a6c9-45ee-954f-7dede07cca7b;467.31;0.17;BUY
2016-04-26T00:34:53.698736;2016-04-26T00:34:53.989527;1dfe97d6-fbd3-4d40-bada-a1483b27940f;467.32;0.05;BUY
2016-04-26T00:34:53.698887;2016-04-26T00:34:54.005183;7acc71ab-1436-40e4-b59c-a58b5d663d92;467.32;0.2;BUY
2016-04-26T00:34:53.699043;2016-04-26T00:34:54.005183;eb2f0faa-afa0-4e12-8ab3-5376180a2e3e;467.33;0.017;BUY
2016-04-26T00:34:53.699183;2016-04-26T00:34:54.005183;690c9210-6862-4c41-9356-2c5d0417758d;467.33;0.01;BUY
2016-04-26T00:34:53.699346;2016-04-26T00:34:54.005183;987295ef-92a1-4d81-92a0-7b836f4900d3;467.33;0.2;BUY
2016-04-26T00:34:53.699498;2016-04-26T00:34:54.005183;6d686ac7-ac69-4ada-9143-966f72853ca8;467.34;0.015;BUY
2016-04-26T00:34:53.699651;2016-04-26T00:34:54.020814;801e9b42-6e41-4912-85fd-5dd451cc1488;467.36;0.73;BUY
2016-04-26T00:34:53.699806;2016-04-26T00:34:54.020814;fe3d8ca3-c8b9-465e-a75f-54065aeed96c;467.37;0.05;BUY
2016-04-26T00:34:53.699955;2016-04-26T00:34:54.020814;0cc2b542-bf3f-402b-a527-ff35db5ac5c8;467.39;0.97;BUY
2016-04-26T00:34:53.700114;2016-04-26T00:34:54.020814;fdf326d6-c01a-425c-b9cc-c3dc9d73a49e;467.4;0.05;BUY
2016-04-26T00:34:53.700262;2016-04-26T00:34:54.020814;96f4a97f-b46a-4a41-a096-393d1430ff61;467.4;0.01000749;BUY
2016-04-26T00:34:53.700419;2016-04-26T00:34:54.036431;953c84dd-0c9e-4c99-8756-1d58c00fc968;467.41;0.63;BUY
2016-04-26T00:34:53.700563;2016-04-26T00:34:54.036431;c284a69e-a92f-45bd-aab3-f400afcebfe7;467.42;0.05;BUY
2016-04-26T00:34:53.700715;2016-04-26T00:34:54.036431;6a8b7b14-ac6a-4316-8530-081817f0b16e;467.42;0.01;BUY
2016-04-26T00:34:53.700867;2016-04-26T00:34:54.036431;0df522e8-9fe3-4ef9-88b6-9ee6fb58f6b4;467.43;0.52;BUY
2016-04-26T00:34:53.701032;2016-04-26T00:34:54.052060;7dc1aef6-e310-4b10-a384-157ecaf2c3fa;467.44;1.0;BUY
2016-04-26T00:34:53.701180;2016-04-26T00:34:54.052060;e3b3480e-7d28-45f9-84bc-9fe3d4a26af8;467.45;0.05;BUY
2016-04-26T00:34:53.701334;2016-04-26T00:34:54.052060;179572d1-f633-4125-aca3-f8a6b6739f5e;467.48;1.0;BUY
2016-04-26T00:34:53.701486;2016-04-26T00:34:54.067685;605411a6-2146-45ca-b7b5-28bf15a434a1;467.49;0.05;BUY
2016-04-26T00:34:53.701636;2016-04-26T00:34:54.067685;a0cf9369-a19d-4749-ad70-82241ad68e99;467.49;0.23;BUY
2016-04-26T00:34:53.701787;2016-04-26T00:34:54.067685;4b5fb19b-1b74-4e79-9579-d9c53066f2db;467.5;0.01000663;BUY
2016-04-26T00:34:53.701945;2016-04-26T00:34:54.067685;1965b0f7-5b5b-4402-82a4-90c107c09552;467.51;0.96;BUY
2016-04-26T00:34:53.702108;2016-04-26T00:34:54.083315;9f874efe-16f2-4fdf-9de3-5108c19dbf77;467.52;0.01;BUY
2016-04-26T00:34:53.702256;2016-04-26T00:34:54.083315;a25f5712-97d6-45ea-ae50-0bd207a197f4;467.55;1.67;BUY
2016-04-26T00:34:53.702408;2016-04-26T00:34:54.083315;eab324aa-5b33-45bd-82cb-ca873b63ab25;467.56;0.05;BUY
2016-04-26T00:34:53.702561;2016-04-26T00:34:54.083315;b5ba5643-74d0-400c-b1bd-90148ca0c228;467.58;1.57;BUY
2016-04-26T00:34:53.702712;2016-04-26T00:34:54.083315;8ceee6d6-11bb-455a-9a10-0a2152405e3f;467.59;0.05;BUY
2016-04-26T00:34:53.702865;2016-04-26T00:34:54.083315;7f210705-33ea-4231-bc3e-f86d97854ec5;467.62;2.39;BUY
2016-04-26T00:34:53.703022;2016-04-26T00:34:54.098933;28c24db6-fae7-47ed-9467-f529771ce95a;467.63;0.05;BUY
2016-04-26T00:34:53.703169;2016-04-26T00:34:54.098933;e23ddc07-d51c-47e6-b23a-320491084a80;467.63;1.51;BUY
2016-04-26T00:34:53.703312;2016-04-26T00:34:54.114561;6f578575-fd49-4413-9d5e-4cecc53d2a48;467.64;0.017;BUY
2016-04-26T00:34:53.703467;2016-04-26T00:34:54.114561;4bb3d92a-549d-47e0-9ed2-020498775514;467.65;1.4;BUY
2016-04-26T00:34:53.703610;2016-04-26T00:34:54.114561;85c2aa5a-9d1a-43af-8945-80fd66c39b38;467.66;0.05;BUY
2016-04-26T00:34:53.703763;2016-04-26T00:34:54.114561;a6cf070e-a682-440c-ba71-12e2e85e370f;467.66;0.02;BUY
2016-04-26T00:34:53.703918;2016-04-26T00:34:54.114561;f2f1a7cf-4dce-41fe-ad93-d86c03dc5847;467.66;0.01;BUY
2016-04-26T00:34:53.704081;2016-04-26T00:34:54.114561;1d701904-dd95-43bd-a895-ec25b2601925;467.67;0.57;BUY
2016-04-26T00:34:53.704216;2016-04-26T00:34:54.114561;00fcb2d2-70a8-4709-9be4-48952b68cbb9;467.68;0.03;BUY
2016-04-26T00:34:53.704362;2016-04-26T00:34:54.130183;4852ed0a-4ba9-4651-b068-1be4ae02c3e7;467.68;0.41;BUY
2016-04-26T00:34:53.704514;2016-04-26T00:34:54.130183;fec9b87e-e55a-4e22-8e3a-ab9676b5cb60;467.69;0.05;BUY
2016-04-26T00:34:53.704670;2016-04-26T00:34:54.130183;77cf6c3c-4bbf-429d-bd36-09f470f04818;467.71;0.35;BUY
2016-04-26T00:34:53.704813;2016-04-26T00:34:54.130183;1abf4291-ba72-4860-af64-60968e14f465;467.72;0.05;BUY
2016-04-26T00:34:53.704960;2016-04-26T00:34:54.145814;8138011e-f500-4a2b-b6bb-a9ce318118c0;467.72;0.25;BUY
2016-04-26T00:34:53.705123;2016-04-26T00:34:54.145814;19cb843a-ae9f-488e-8615-c0435873ccb6;467.72;0.21;BUY
2016-04-26T00:34:53.705269;2016-04-26T00:34:54.161435;0f2d264e-14c7-4fc3-b721-e9ded4a081ed;467.73;0.01;BUY
2016-04-26T00:34:53.705412;2016-04-26T00:34:54.161435;093187a1-9f84-4e92-b5eb-4d4cda869b2c;467.74;0.19;BUY
2016-04-26T00:34:53.705571;2016-04-26T00:34:54.161435;b04d93b6-a26a-42ce-b737-b06cebf0aeb9;467.75;0.024;BUY
2016-04-26T00:34:53.705726;2016-04-26T00:34:54.177061;6b8d9bfc-0898-49a2-833c-76ec610562b8;467.79;0.78;BUY
2016-04-26T00:34:53.705875;2016-04-26T00:34:54.177061;aadf6dc7-e175-4585-ae3f-a41e1abb6a1e;467.8;0.05;BUY
2016-04-26T00:34:53.706034;2016-04-26T00:34:54.177061;280ff425-0194-4521-8ccb-7d18b936ed8c;467.8;0.39;BUY
2016-04-26T00:34:53.706180;2016-04-26T00:34:54.192689;5d3f5359-fafc-4813-bccb-ff2d98a3b644;467.81;0.5;BUY
2016-04-26T00:34:53.706328;2016-04-26T00:34:54.192689;e1540a3a-7ae3-475c-8297-7742954cff93;467.82;0.37;BUY
2016-04-26T00:34:53.706480;2016-04-26T00:34:54.192689;a832b099-5670-4ae5-911c-d17c1b90da58;467.83;0.05;BUY
2016-04-26T00:34:53.706637;2016-04-26T00:34:54.192689;73a9397f-d95c-4d8a-a23a-38629615d7c5;467.83;0.38;BUY
2016-04-26T00:34:53.706790;2016-04-26T00:34:54.208320;88bcbcd6-cd36-47d0-aad7-0d67d50c7062;467.84;0.01;BUY
2016-04-26T00:34:53.706945;2016-04-26T00:34:54.208320;8e6a82b9-80ce-449e-b59c-512aa3465b9c;467.92;1.2;BUY
2016-04-26T00:34:53.707099;2016-04-26T00:34:54.208320;8850d047-c4d3-4510-94e9-f3aa2303e264;467.93;0.036;BUY
2016-04-26T00:34:53.707247;2016-04-26T00:34:54.208320;106e1d24-25d3-46b5-a897-50cef5fda5b6;467.94;0.84;BUY
2016-04-26T00:34:53.707395;2016-04-26T00:34:54.208320;f7f4b15a-5a65-4f1e-907d-73cfd138e664;467.95;0.01;BUY
2016-04-26T00:34:53.707549;2016-04-26T00:34:54.223943;9c425929-c844-49c4-ae1a-f7e3d9cc6a02;467.95;0.59;BUY
2016-04-26T00:34:53.707703;2016-04-26T00:34:54.223943;b9fa3a62-bd26-4171-ac1d-2deda084ce9c;467.96;0.01;BUY
2016-04-26T00:34:53.707853;2016-04-26T00:34:54.223943;da95ad24-eb58-4aad-90e4-8e46a8bddac2;467.99;0.21;BUY
2016-04-26T00:34:53.708006;2016-04-26T00:34:54.223943;023744b6-1f03-4666-86f0-154e42d21ec8;468.0;0.05;BUY
2016-04-26T00:34:53.708148;2016-04-26T00:34:54.223943;e5ed3c47-a568-49e1-bb54-044ccbb19715;468.0;0.31799;BUY
2016-04-26T00:34:53.708292;2016-04-26T00:34:54.239563;2be492d2-dd1e-449b-a2ce-c5a4f8e1eeab;468.0;10.0;BUY
2016-04-26T00:34:53.708435;2016-04-26T00:34:54.239563;88a20bec-7a32-4f7e-8891-8913deb1ba16;468.0;0.308;BUY
2016-04-26T00:34:53.708594;2016-04-26T00:34:54.239563;8b71f403-c034-4713-800d-c6c430720334;468.02;0.05;BUY
2016-04-26T00:34:53.708752;2016-04-26T00:34:54.239563;43af4d22-a777-40ba-9ba5-b179e2e90e20;468.02;0.01;BUY
2016-04-26T00:34:53.708905;2016-04-26T00:34:54.255191;c9eb3af7-d9a1-422a-b5fe-44cc72faf2d4;468.04;0.05;BUY
2016-04-26T00:34:53.709064;2016-04-26T00:34:54.255191;4e4c2db6-999a-42d9-bb06-06626bdf8ed2;468.12;0.01;BUY
2016-04-26T00:34:53.709202;2016-04-26T00:34:54.255191;1f52fc05-30c3-4410-b34b-df77ebc0bbad;468.16;0.02;BUY
2016-04-26T00:34:53.709349;2016-04-26T00:34:54.255191;1ebbdfa1-467f-4c4a-91d6-82b896992d75;468.16;0.25;BUY
2016-04-26T00:34:53.709499;2016-04-26T00:34:54.255191;60e8e4ec-be14-4df7-99cc-7b6fd8c01bc8;468.21;0.021;BUY
2016-04-26T00:34:53.709669;2016-04-26T00:34:54.286433;4f864eed-436d-45d9-95e2-8a9b91020bf3;468.22;0.05;BUY
2016-04-26T00:34:53.709820;2016-04-26T00:34:54.286433;2b7ce283-6efb-4acf-b13c-96bcb9794555;468.23;0.05;BUY
2016-04-26T00:34:53.709962;2016-04-26T00:34:54.286433;370b1491-3313-474d-8ee1-53d836b3e0e1;468.24;0.05;BUY
2016-04-26T00:34:53.710148;2016-04-26T00:34:54.286433;d515e71f-8646-4baa-ad91-b3c062c94dbc;468.24;1.86218331;BUY
2016-04-26T00:34:55.845163;2016-04-26T00:34:55.880193;2dde4b7e-d7cd-4080-b6d7-771dcc2b5a80;466.74;0.023;BUY
2016-04-26T00:34:55.845326;2016-04-26T00:34:55.880193;e1b3cbfe-3919-419b-8a9e-a55f6f0a44b6;466.75;0.05;BUY
2016-04-26T00:34:55.845484;2016-04-26T00:34:55.895817;f1a54806-e1d4-45e6-bace-74001799849a;466.87;0.05;BUY
2016-04-26T00:34:55.845681;2016-04-26T00:34:55.895817;46bb3a71-4297-4b4f-8064-8f014f325f8f;466.9;0.119;BUY
2016-04-26T00:35:00.972012;2016-04-26T00:35:00.989562;1c29abc1-5a26-4581-8a08-24d59fb3d740;467.08;0.01;BUY
2016-04-26T00:35:01.226882;2016-04-26T00:35:01.270814;2c822f43-7fec-4bc5-ad82-e4942dc0b965;467.02;0.0556;SELL
2016-04-26T00:35:01.227082;2016-04-26T00:35:01.270814;e41be523-8387-4cc4-a271-f8e60fe66f86;467.02;0.108;SELL
2016-04-26T00:35:01.227241;2016-04-26T00:35:01.270814;9e60c1be-c695-4f20-ad88-a8fb8cb74634;467.0;0.07599;SELL
2016-04-26T00:35:01.227412;2016-04-26T00:35:01.270814;4930f434-f001-438a-b905-de15cc3643b3;466.77;0.01;SELL
2016-04-26T00:35:01.227581;2016-04-26T00:35:01.270814;4c0c6345-c19c-4cb1-a722-75328d19e063;466.76;0.01;SELL
2016-04-26T00:35:01.227742;2016-04-26T00:35:01.286437;eaa5a547-2e79-4dca-aebc-2321fa97f3fc;466.75;0.01;SELL
2016-04-26T00:35:01.227921;2016-04-26T00:35:01.286437;9c717495-37d7-4c9e-8ef0-b811fba4a1f3;466.74;0.01;SELL
2016-04-26T00:35:01.228135;2016-04-26T00:35:01.286437;ebb8a16a-5309-40d6-8193-445260251fa4;466.73;0.01;SELL
2016-04-26T00:35:01.228346;2016-04-26T00:35:01.286437;b8543ccd-c945-4696-a053-3c4570179c4e;466.72;0.01;SELL
2016-04-26T00:35:01.228499;2016-04-26T00:35:01.302058;83799a98-10a3-4eb6-91cf-30b2aaa50555;466.72;0.6025;SELL
2016-04-26T00:35:31.744298;2016-04-26T00:35:31.770826;b1704729-9302-45e3-ad79-e375610b6b4c;467.27;0.01;BUY
2016-04-26T00:35:31.744505;2016-04-26T00:35:31.786451;afd1e956-c75d-4d00-8c75-1043bbb5cc86;467.27;0.05566;BUY
2016-04-26T00:35:55.255367;2016-04-26T00:35:55.286464;09e712d6-dc30-4ae2-a828-fb4ca58d5188;467.27;0.03;SELL
2016-04-26T00:36:01.006352;2016-04-26T00:36:01.036466;6d0b9771-e63c-4eb5-b39b-44a32cfb1ee9;467.28;0.01;BUY
2016-04-26T00:36:01.006564;2016-04-26T00:36:01.052097;882301d1-8398-4e45-9286-7133c78b9556;467.32;0.117;BUY
2016-04-26T00:36:01.006754;2016-04-26T00:36:01.052097;853118f5-915d-4d22-b911-74ed2af8ff15;467.38;0.117;BUY
2016-04-26T00:36:01.006913;2016-04-26T00:36:01.052097;fabb3f6b-55ea-4ac8-a70d-0137d508ecfb;467.43;0.127;BUY
2016-04-26T00:36:01.007088;2016-04-26T00:36:01.083348;b4570100-36c4-4e29-b68e-eb03caa92661;467.45;0.05;BUY
2016-04-26T00:36:01.007239;2016-04-26T00:36:01.083348;4164e5be-5b8e-444d-8077-ba744a30007f;467.48;0.101;BUY
2016-04-26T00:36:01.007397;2016-04-26T00:36:01.083348;d1399f66-abff-4870-b855-b122c3cdbf6e;467.51;0.0552556;BUY
2016-04-26T00:36:01.007545;2016-04-26T00:36:01.098969;833595f9-1184-49be-ae57-54b0e306f06f;467.53;0.107;BUY
2016-04-26T00:36:01.007737;2016-04-26T00:36:01.098969;fa1e30eb-6fef-47fa-91be-61ac3e2ee821;467.64;0.01;BUY
2016-04-26T00:36:01.007879;2016-04-26T00:36:01.098969;b4a589fb-44a1-4098-99c9-ce237a2fcb99;467.71;0.1435644;BUY
2016-04-26T00:36:34.423578;2016-04-26T00:36:34.458365;028f5562-b3fa-4b91-be08-90ca7049d162;467.52;0.0921;SELL
2016-04-26T00:36:34.423758;2016-04-26T00:36:34.458365;328cdf09-b740-4271-889c-79e5df474218;467.5;0.0115;SELL
2016-04-26T00:36:34.423906;2016-04-26T00:36:34.473985;6c5b0529-82b0-45b1-8cee-c56c449d57eb;467.41;0.26654;SELL
2016-04-26T00:37:01.769703;2016-04-26T00:37:01.786509;31f5812f-c599-42dc-b457-9f97e4a0e770;467.62;0.01;BUY
2016-04-26T00:37:01.769938;2016-04-26T00:37:01.802124;539bd248-bd58-4f32-9c41-6b58be20cfb5;467.62;0.103;BUY
2016-04-26T00:37:01.770137;2016-04-26T00:37:01.802124;4fab06b3-c6ea-45c9-bb3b-c578c48e8637;467.7;0.02;BUY
2016-04-26T00:37:01.770304;2016-04-26T00:37:01.802124;dd68857f-db8b-4a3b-98a7-aeb8475cd211;467.74;0.01;BUY
2016-04-26T00:37:01.770461;2016-04-26T00:37:01.833378;8d821289-e68d-4008-a8cb-f6c805c6d912;467.84;0.01;BUY
2016-04-26T00:37:01.770619;2016-04-26T00:37:01.895871;8dab0b6f-c2a6-4c51-b7e2-caec021f18b6;467.92;0.05526034;BUY
2016-04-26T00:37:01.770768;2016-04-26T00:37:01.895871;d851444a-2b42-4e1b-804d-32dbe7656e31;467.95;0.01;BUY
2016-04-26T00:37:01.770912;2016-04-26T00:37:01.895871;a275339d-98db-4b5e-bd45-551f6893e8ab;467.98;0.62358966;BUY
2016-04-26T00:37:31.699925;2016-04-26T00:37:31.724013;033b762c-bffa-451e-867a-831334457d02;467.65;0.10738;BUY
2016-04-26T00:38:01.168784;2016-04-26T00:38:01.192782;dc194cf2-a84d-49dc-a030-7e6bf2286893;467.65;0.31198;BUY
2016-04-26T00:38:31.317676;2016-04-26T00:38:31.333421;87cb0649-3a64-4a35-8c07-e8dbb3808075;467.65;1.97506;BUY
2016-04-26T00:39:01.560228;2016-04-26T00:39:01.567812;edf69e1e-8a9b-4d31-8b69-cad90863d545;467.64;0.024;SELL
2016-04-26T00:39:01.560462;2016-04-26T00:39:01.599059;a80e68a7-5d9d-4bef-a9e6-b7dccac94ad4;467.64;0.3311;SELL
2016-04-26T00:39:01.560894;2016-04-26T00:39:01.599059;50233268-08ec-46b7-b6c9-336980c22482;467.64;1.0;SELL
2016-04-26T00:39:01.561075;2016-04-26T00:39:01.614684;0a5d57f7-fc69-47c1-bf3a-8e92afd77903;467.63;0.024;SELL
2016-04-26T00:39:01.561233;2016-04-26T00:39:01.630318;9488f586-dc7d-4705-adc1-71a30733a0af;467.62;0.025;SELL
2016-04-26T00:39:01.561380;2016-04-26T00:39:01.630318;c690783d-f7c8-4653-891e-2fdedf89f676;467.6;0.01;SELL
2016-04-26T00:39:01.561527;2016-04-26T00:39:01.630318;35f40639-1b85-40f8-b08a-d3276f74dbf3;467.6;0.4922;SELL
2016-04-26T00:39:31.127104;2016-04-26T00:39:31.145948;c1dbb2a8-c354-4ff4-9634-e387214cf4d4;467.62;1.71508;BUY
2016-04-26T00:40:01.169344;2016-04-26T00:40:01.177224;d65ddfa9-c34e-426b-b2ad-191e8825a392;467.62;0.0465;SELL
2016-04-26T00:40:01.169588;2016-04-26T00:40:01.192841;508ac66a-62eb-4592-887e-41fc5c5d18fd;467.6;0.5078;SELL
2016-04-26T00:40:01.169798;2016-04-26T00:40:01.192841;2ea4b386-3c35-4bf4-9c85-61fa04218d12;467.6;0.0125;SELL
2016-04-26T00:40:01.169966;2016-04-26T00:40:01.192841;681210b9-b3ee-46a3-a83d-4a2720424470;467.59;0.01;SELL
2016-04-26T00:40:01.170162;2016-04-26T00:40:01.224095;dc7deabc-ee5a-46ff-a8d9-9158e790479a;467.59;0.05530486;SELL
2016-04-26T00:40:01.170515;2016-04-26T00:40:01.302213;2656eeca-ec43-47b5-a005-08e26945bbeb;467.58;0.025;SELL
2016-04-26T00:40:01.170686;2016-04-26T00:40:01.302213;cd2ddad8-c129-40b1-8add-cab4721159da;467.57;0.026;SELL
2016-04-26T00:40:01.170934;2016-04-26T00:40:01.302213;add0f54c-b2af-4be1-b51d-209aceb87cdc;467.57;0.132;SELL
2016-04-26T00:40:01.171132;2016-04-26T00:40:01.302213;35c88219-4162-43e3-9bfc-ed3c4d104e0a;467.56;0.027;SELL
2016-04-26T00:40:01.171313;2016-04-26T00:40:01.302213;bdaf9ed8-645e-4ee9-a5d3-f164da670902;467.55;0.027;SELL
2016-04-26T00:40:01.171485;2016-04-26T00:40:01.302213;f06d6e8f-5b08-46d4-a72b-f8526d5705c7;467.54;0.028;SELL
2016-04-26T00:40:01.171795;2016-04-26T00:40:01.302213;5729e8dd-dddc-4750-b89a-494baf7d1ab7;467.53;0.028;SELL
2016-04-26T00:40:01.171969;2016-04-26T00:40:01.302213;dc6d63bc-3d59-442b-8777-2d0c1cf390e8;467.52;0.029;SELL
2016-04-26T00:40:01.172134;2016-04-26T00:40:01.302213;0405a96a-a517-4a8d-a5e0-a11f084df2c4;467.52;0.02210514;SELL
2016-04-26T00:40:31.039053;2016-04-26T00:40:31.067859;cf14eb75-09f9-476c-b40f-1472e39759cd;467.58;0.0849;SELL
2016-04-26T00:40:31.039283;2016-04-26T00:40:31.083480;2f0251b5-3fbc-4765-8cdf-f325e49e0642;467.58;1.0;SELL
2016-04-26T00:40:31.039474;2016-04-26T00:40:31.083480;88bf1c3f-479f-44de-9f28-69e98a9607b3;467.56;0.015;SELL
2016-04-26T00:40:31.039640;2016-04-26T00:40:31.099111;d165e1bb-7efe-4b33-874c-0d2043868e9b;467.55;0.015;SELL
2016-04-26T00:40:31.039808;2016-04-26T00:40:31.099111;2ffba413-f862-49a2-921d-0849c9f9506a;467.55;0.25;SELL
2016-04-26T00:40:31.039969;2016-04-26T00:40:31.099111;4baba853-5ede-4f86-ab2d-ecfa9247119a;467.52;0.23;SELL
2016-04-26T00:40:31.040140;2016-04-26T00:40:31.099111;24f01536-6cc1-4aab-84ae-aea71dcacad8;467.51;0.029;SELL
2016-04-26T00:40:31.040288;2016-04-26T00:40:31.130363;fe035cd1-c527-421f-8406-949466d363c7;467.51;0.01;SELL
2016-04-26T00:40:31.040453;2016-04-26T00:40:31.130363;6a557a9e-a15e-4fde-9183-eba6f5de1e5a;467.51;0.35;SELL
2016-04-26T00:40:31.040613;2016-04-26T00:40:31.130363;3b13f6e6-c2ea-457c-b044-456fa6719371;467.5;1.0;SELL
2016-04-26T00:40:31.040772;2016-04-26T00:40:31.130363;954fb9db-2b71-426b-ba7d-48040f7f39b3;467.49;0.017;SELL
2016-04-26T00:40:31.040919;2016-04-26T00:40:31.130363;86df0ed4-1fc5-4a10-bd58-a2446fc2ab1f;467.48;0.016;SELL
2016-04-26T00:40:31.041088;2016-04-26T00:40:31.130363;eaf423bf-722c-4ccb-826c-8473f47fe3d2;467.48;1.0;SELL
2016-04-26T00:40:31.041253;2016-04-26T00:40:31.145981;db4ade5a-afd9-47bb-8177-e389ed8c428d;467.46;0.024;SELL
2016-04-26T00:40:31.041416;2016-04-26T00:40:31.161609;b60eb544-387a-417f-bc3a-69b2af4502b6;467.44;0.01;SELL
2016-04-26T00:40:31.041568;2016-04-26T00:40:31.161609;f8665270-d7ec-499f-b701-ec64076a05a8;467.43;0.017;SELL
2016-04-26T00:40:31.041717;2016-04-26T00:40:31.161609;75b23da2-90a5-4551-8050-5a8e85a94a08;467.43;0.4;SELL
2016-04-26T00:40:31.041875;2016-04-26T00:40:31.161609;a8c120cd-994e-4a44-b0b6-d713b00d257e;467.43;0.49000031;SELL
2016-04-26T00:40:31.042033;2016-04-26T00:40:31.161609;ee7cb11a-17bf-42e6-8c6c-b9c65652879c;467.42;0.016;SELL
2016-04-26T00:40:31.042193;2016-04-26T00:40:31.161609;74a43e78-2bda-4962-a49e-b59cd497f9bd;467.42;0.158;SELL
2016-04-26T00:40:31.042343;2016-04-26T00:40:31.161609;01d674c3-c5ea-4285-b461-879cc75f3565;467.42;0.42;SELL
2016-04-26T00:40:31.042519;2016-04-26T00:40:31.161609;566777ce-175d-40a7-9c75-8fbf5e258988;467.42;0.49000063;SELL
2016-04-26T00:40:31.042673;2016-04-26T00:40:31.177231;aa43ae63-415b-4c94-a433-3b4285550355;467.41;0.05509127;SELL
2016-04-26T00:40:31.042822;2016-04-26T00:40:31.177231;e392c05f-4f9c-44f4-b72c-ff410924c92d;467.41;0.41;SELL
2016-04-26T00:40:31.042995;2016-04-26T00:40:31.177231;8dd8bd0b-6c17-4e72-847d-86aea37b8b99;467.41;0.49000129;SELL
2016-04-26T00:40:31.043143;2016-04-26T00:40:31.177231;c5d7e641-adc7-4063-9ee8-1591332e6f23;467.4;0.03;SELL
2016-04-26T00:40:31.043305;2016-04-26T00:40:31.208486;7b23e389-4d10-4ee7-84b2-b45c00932921;467.4;0.0100077;SELL
2016-04-26T00:40:31.043463;2016-04-26T00:40:31.208486;802bb0a0-9bc3-47ab-9c29-701f0668e397;467.4;0.43;SELL
2016-04-26T00:40:31.043616;2016-04-26T00:40:31.208486;320ae98e-a549-4e98-bfac-c182443f5e69;467.39;0.031;SELL
2016-04-26T00:40:31.043778;2016-04-26T00:40:31.224112;e101abe3-d4c6-4b2b-bdcb-9f6925d692b4;467.39;0.34;SELL
2016-04-26T00:40:31.043929;2016-04-26T00:40:31.224112;37717ec6-0f89-4ffb-969b-585d3f2065dc;467.38;0.031;SELL
2016-04-26T00:40:31.044096;2016-04-26T00:40:31.224112;ffbcd386-648b-48cd-a332-9030efa913d9;467.38;0.4;SELL
2016-04-26T00:40:31.044258;2016-04-26T00:40:31.224112;f733a0b7-bc42-4c48-863e-37e11283e9e4;467.37;0.032;SELL
2016-04-26T00:40:31.044429;2016-04-26T00:40:31.224112;7f425733-769b-45f7-bfa1-5093069781a0;467.37;0.23;SELL
2016-04-26T00:40:31.044583;2016-04-26T00:40:31.224112;3d3ab32e-82d2-4016-b9c4-892d44dd6bcc;467.36;0.05507539;SELL
2016-04-26T00:40:31.044742;2016-04-26T00:40:31.239736;525761b4-0b8c-4b99-a075-eb3f05b96f20;467.36;0.016;SELL
2016-04-26T00:40:31.044902;2016-04-26T00:40:31.239736;7d7e032b-a202-4935-9c03-290fde75d7f0;467.35;0.83;SELL
2016-04-26T00:40:31.045061;2016-04-26T00:40:31.255355;73485d09-9907-487e-91be-09da603761a8;467.34;0.023;SELL
2016-04-26T00:40:31.045216;2016-04-26T00:40:31.255355;d1d2803e-8371-430f-adfb-9ffee9f4afbc;467.34;0.128;SELL
2016-04-26T00:40:31.045381;2016-04-26T00:40:31.255355;0791bf9e-0864-4a52-8036-4c02e6570a6e;467.32;2.78;SELL
2016-04-26T00:40:31.045532;2016-04-26T00:40:31.255355;8798cc0e-e91c-477f-a2ba-e3646ac199b5;467.31;0.0550809;SELL
2016-04-26T00:40:31.045680;2016-04-26T00:40:31.255355;e0319467-7667-4c91-9118-104e9e8668c3;467.31;0.017;SELL
2016-04-26T00:40:31.045837;2016-04-26T00:40:31.255355;fc91016a-320c-4837-8d73-74093e14c472;467.31;1.35;SELL
2016-04-26T00:40:31.045995;2016-04-26T00:40:31.270987;71f5fb01-c118-4a69-9325-fd830486ffff;467.3;0.01000856;SELL
2016-04-26T00:40:31.046138;2016-04-26T00:40:31.270987;92cc539c-0bbb-4b15-8aeb-895372596b79;467.3;0.3312;SELL
2016-04-26T00:40:31.046284;2016-04-26T00:40:31.270987;55d445a6-2dae-470f-adaa-7cfa852f7b0e;467.3;0.015;SELL
2016-04-26T00:40:31.046453;2016-04-26T00:40:31.270987;49663f54-b531-493a-914d-491519a0c46c;467.3;0.39;SELL
2016-04-26T00:40:31.046607;2016-04-26T00:40:31.270987;41466fbb-a38c-4d01-a7d1-05ec1f136a16;467.29;0.15;SELL
2016-04-26T00:40:31.046766;2016-04-26T00:40:31.302236;525cc485-9cad-4d2f-9ac8-f558bfb708e4;467.29;0.36;SELL
2016-04-26T00:40:31.046914;2016-04-26T00:40:31.302236;149ee62d-a14e-462d-af1f-0a128d519fa2;467.28;0.01;SELL
2016-04-26T00:40:31.047072;2016-04-26T00:40:31.317861;0583cfed-3ae6-48b1-940c-3758eb2a9e75;467.28;0.05527735;SELL
2016-04-26T00:40:31.047216;2016-04-26T00:40:31.317861;4cbdbd53-f693-4e48-ac50-08859adc6484;467.28;0.023;SELL
2016-04-26T00:40:31.047377;2016-04-26T00:40:31.317861;88dcdd70-1994-44c8-9f24-587fa88251d3;467.28;0.42;SELL
2016-04-26T00:40:31.047539;2016-04-26T00:40:31.317861;1a49d9d0-84ca-4efb-8a50-e501fac93173;467.27;0.05508641;SELL
2016-04-26T00:40:31.047695;2016-04-26T00:40:31.317861;c5ab29fb-65ad-43a9-9d65-2b2aa736d9bc;467.26;0.036;SELL
2016-04-26T00:40:31.047854;2016-04-26T00:40:31.317861;31ba2e00-1892-4608-b527-017c45fffcf4;467.25;0.037;SELL
2016-04-26T00:40:31.048018;2016-04-26T00:40:31.333480;cf928f62-209f-467b-8491-c92b2e088a95;467.24;0.038;SELL
2016-04-26T00:40:31.048174;2016-04-26T00:40:31.333480;32346189-123d-49cc-b9b2-8eae79c93fc7;467.24;0.2;SELL
2016-04-26T00:40:31.048318;2016-04-26T00:40:31.333480;b5a4e0a8-96f5-44db-a608-119e3fa14520;467.22;0.05509192;SELL
2016-04-26T00:40:31.048490;2016-04-26T00:40:31.349105;7968cc2d-98a1-44b9-9309-cdd93540e1d7;467.22;0.022;SELL
2016-04-26T00:40:31.048639;2016-04-26T00:40:31.349105;45a5a118-da23-4ed1-b9f6-66ec471bfbec;467.21;0.039;SELL
2016-04-26T00:40:31.048793;2016-04-26T00:40:31.349105;91a296db-10c3-4652-a3ba-e6570d0565d4;467.21;0.61;SELL
2016-04-26T00:40:31.048949;2016-04-26T00:40:31.349105;347629ba-bf22-4391-af00-a78d1a7944be;467.2;0.039;SELL
2016-04-26T00:40:31.049105;2016-04-26T00:40:31.349105;fd69f1b7-d89f-4185-8563-398cdd7194a0;467.19;0.04;SELL
2016-04-26T00:40:31.049255;2016-04-26T00:40:31.364730;d2db0c98-e8d5-4e8e-a064-69b1a4774489;467.19;0.363;SELL
2016-04-26T00:40:31.049427;2016-04-26T00:40:31.364730;f335f7ac-b0e4-4942-8d7a-8d7a63aa63ff;467.18;0.041;SELL
2016-04-26T00:40:31.049578;2016-04-26T00:40:31.364730;36d75f75-0a58-4492-ad93-b9883924453d;467.17;0.042;SELL
2016-04-26T00:40:31.049734;2016-04-26T00:40:31.364730;288b95e9-efd9-45fa-8003-4240d91818c1;467.17;0.05509744;SELL
2016-04-26T00:40:31.049885;2016-04-26T00:40:31.364730;72529f21-7b52-4274-924d-4fcb7857110f;467.16;0.02;SELL
2016-04-26T00:40:31.050052;2016-04-26T00:40:31.380361;9936e6f4-bebb-4d9e-b742-ec0a80e01351;467.16;0.022;SELL
2016-04-26T00:40:31.050186;2016-04-26T00:40:31.380361;7c178115-ecf4-43cf-999c-673ec6b7209f;467.15;0.08269083;SELL
2016-04-26T00:41:01.164419;2016-04-26T00:41:01.177245;e9e5efeb-6368-45db-8ae7-45248159f2b2;467.45;0.05;BUY
2016-04-26T00:41:01.164647;2016-04-26T00:41:01.208496;942f1e84-4f29-4ccb-9f04-67387e9d091b;467.46;0.05;BUY
2016-04-26T00:41:01.164993;2016-04-26T00:41:01.208496;f12b26bb-499c-483c-81d7-d679e4e1e7c4;467.46;0.102;BUY
2016-04-26T00:41:01.165171;2016-04-26T00:41:01.208496;11c2e869-7c0e-4a29-8495-6053122b4d67;467.47;0.05;BUY
2016-04-26T00:41:01.165335;2016-04-26T00:41:01.208496;c3689b39-cb54-4c47-a3b8-c8816c04e5f2;467.48;0.01;BUY
2016-04-26T00:41:01.165492;2016-04-26T00:41:01.224119;e498e4cb-5f66-487e-814c-dd42a76d50c7;467.48;0.05;BUY
2016-04-26T00:41:01.165642;2016-04-26T00:41:01.224119;5be056a8-7d1a-42eb-821a-2b6d296282ec;467.49;0.05;BUY
2016-04-26T00:41:01.166047;2016-04-26T00:41:01.224119;db879a41-5a81-4657-9fdd-f4f4463abfda;467.49;0.21;BUY
2016-04-26T00:41:01.166210;2016-04-26T00:41:01.239745;336cf6a0-7bc7-45a6-a759-a1f08726a36a;467.5;0.0100077;BUY
2016-04-26T00:41:01.166378;2016-04-26T00:41:01.239745;1290cc37-8e72-46ae-a0fa-926736476b59;467.5;0.05;BUY
2016-04-26T00:41:01.166529;2016-04-26T00:41:01.239745;8679fea8-b886-4aea-8818-4cb9e7f30215;467.51;0.102;BUY
2016-04-26T00:41:01.166691;2016-04-26T00:41:01.239745;ad88d4c3-33f9-48d1-8a5d-8cdb38c52784;467.51;0.05;BUY
2016-04-26T00:41:01.167389;2016-04-26T00:41:01.255370;78d9be00-a4f3-44fe-a1e6-13d8400eb16c;467.52;0.05;BUY
2016-04-26T00:41:01.167549;2016-04-26T00:41:01.255370;34932309-5d7f-4c9f-90a5-e315fc26d0e6;467.53;0.011;BUY
2016-04-26T00:41:01.167862;2016-04-26T00:41:01.270995;37daad3c-11cc-442a-8600-1ab12b04efba;467.56;0.101;BUY
2016-04-26T00:41:01.168048;2016-04-26T00:41:01.270995;7b8ae977-d0d0-4015-9827-5e50273e5e63;467.63;0.012;BUY
2016-04-26T00:41:01.168203;2016-04-26T00:41:01.286620;92911e52-cd6a-4d80-ae65-6a3e9d9f036c;467.64;0.05;BUY
2016-04-26T00:41:01.168456;2016-04-26T00:41:01.286620;c244e142-8874-4d5a-9abf-66e771a1f814;467.64;0.097;BUY
2016-04-26T00:41:01.168614;2016-04-26T00:41:01.286620;9081966c-e5df-47df-9d48-f6518a1ccd30;467.64;0.05509127;BUY
2016-04-26T00:41:01.168892;2016-04-26T00:41:01.286620;2e7b79a3-929a-44e4-8ea9-a16833426468;467.64;0.05507539;BUY
2016-04-26T00:41:01.169077;2016-04-26T00:41:01.286620;a40ca094-c3d8-46fc-9e4a-b574b092f286;467.64;0.0550809;BUY
2016-04-26T00:41:01.169246;2016-04-26T00:41:01.286620;3b34c6ee-ccb2-42c2-ac4d-923ac4bf1873;467.64;0.05508641;BUY
2016-04-26T00:41:01.169514;2016-04-26T00:41:01.286620;0bde3f86-b06b-4be9-9269-41dd502be200;467.65;0.05;BUY
2016-04-26T00:41:01.169680;2016-04-26T00:41:01.302247;d98b6987-665e-407d-bbf7-d34cf7670fc9;467.65;0.3312;BUY
2016-04-26T00:41:01.169950;2016-04-26T00:41:01.302247;8353e16a-b795-4d3e-a1ce-84b2a554a567;467.66;0.05;BUY
2016-04-26T00:41:01.170126;2016-04-26T00:41:01.302247;4f43fdc3-2ba1-4aa9-a0af-9d9d128c5074;467.67;0.05;BUY
2016-04-26T00:41:01.170402;2016-04-26T00:41:01.302247;4683b74a-d5d6-4e06-b83b-685a89394501;467.68;0.05;BUY
2016-04-26T00:41:01.170565;2016-04-26T00:41:01.317871;51d3831f-53c6-4485-9432-889186dda3d4;467.69;0.01;BUY
2016-04-26T00:41:01.170726;2016-04-26T00:41:01.317871;772b0d0c-cd4d-423a-b474-d9de215966e4;467.69;0.05;BUY
2016-04-26T00:41:01.170899;2016-04-26T00:41:01.317871;d99d3fcb-3566-4fbb-80a2-72c91b2fe9a5;467.71;0.04;BUY
2016-04-26T00:41:01.171076;2016-04-26T00:41:01.317871;e0d76d48-561d-47e2-8764-edd2281c2191;467.72;0.05;BUY
2016-04-26T00:41:01.171473;2016-04-26T00:41:01.333496;b673f370-eb61-4fd7-9a4e-6e52d44f8c97;467.73;0.05;BUY
2016-04-26T00:41:01.171653;2016-04-26T00:41:01.333496;a47c32d8-01c7-449c-900f-e0a2a4e5c954;467.74;0.05;BUY
2016-04-26T00:41:01.171829;2016-04-26T00:41:01.333496;05d4f2cc-de4f-4064-8232-3892de722566;467.75;0.01;BUY
2016-04-26T00:41:01.172002;2016-04-26T00:41:01.333496;e9cf7726-e6ef-4d7b-b06a-b9754a5c70a7;467.76;0.074;BUY
2016-04-26T00:41:01.172337;2016-04-26T00:41:01.333496;e8eeb6b1-b11c-464f-947a-f214f4393b47;467.76;0.01;BUY
2016-04-26T00:41:01.172508;2016-04-26T00:41:01.333496;8335de67-13dd-4e9a-bf9e-ddafe284cf21;467.77;0.023;BUY
2016-04-26T00:41:01.172671;2016-04-26T00:41:01.333496;a1613646-efd3-484c-a4ba-7873c2bdde7b;467.79;0.05;BUY
2016-04-26T00:41:01.172968;2016-04-26T00:41:01.364747;6ba2072d-530c-4508-ba02-0d8a008c354f;467.81;0.098;BUY
2016-04-26T00:41:01.173156;2016-04-26T00:41:01.380368;125a37ac-3f07-4c84-94f9-1ddebf3e49c1;467.85;0.01;BUY
2016-04-26T00:41:01.173410;2016-04-26T00:41:01.380368;fd4cd353-0d2b-4cc1-96e8-97b10ab90a6c;467.86;0.115;BUY
2016-04-26T00:41:01.173577;2016-04-26T00:41:01.380368;9291eb1c-15bf-4187-9c9f-7cb6531af501;467.86;0.2;BUY
2016-04-26T00:41:01.173734;2016-04-26T00:41:01.380368;b78e7968-98b0-4461-abdf-20a56bace24c;467.91;0.118;BUY
2016-04-26T00:41:01.174016;2016-04-26T00:41:01.380368;8b7c809f-9082-40c7-8d7e-20a8a25b3de7;467.94;1.73;BUY
2016-04-26T00:41:01.174169;2016-04-26T00:41:01.380368;e37c447e-d837-416b-9993-fefd58654503;467.95;0.01;BUY
2016-04-26T00:41:01.174340;2016-04-26T00:41:01.380368;bf11d91a-7812-4a20-a9fa-95ac1166bb4d;467.95;0.128;BUY
2016-04-26T00:41:01.174500;2016-04-26T00:41:01.395996;b4e6a38e-d2fb-4d9c-afb5-690abd7453f5;467.98;3.3;BUY
2016-04-26T00:41:01.174654;2016-04-26T00:41:01.395996;0172d222-d09f-43aa-914b-1f5cf8d74c85;467.99;0.3311;BUY
2016-04-26T00:41:01.175017;2016-04-26T00:41:01.395996;014c2ed1-5857-47b2-b6c4-e28a22992075;467.99;1.34;BUY
2016-04-26T00:41:01.175182;2016-04-26T00:41:01.395996;28efd6ee-842c-46d1-8153-d5e4d8a26a0e;468.0;0.31799;BUY
2016-04-26T00:41:01.175414;2016-04-26T00:41:01.395996;a6150d6b-521e-4265-9f4f-e7b41a996ed6;468.0;1.11035833;BUY
2016-04-26T00:41:22.861705;2016-04-26T00:41:22.880386;d298cddf-2185-4061-b5d6-1f07c15e7a3f;467.55;0.0125;SELL
2016-04-26T00:41:22.861934;2016-04-26T00:41:22.880386;db9a8a82-5c1c-4af1-9270-cd7b047f5115;467.54;0.031;SELL
2016-04-26T00:41:22.862151;2016-04-26T00:41:22.896008;1a5f54b1-fdfc-4cbf-b58b-0a849013cbf9;467.53;0.032;SELL
2016-04-26T00:41:22.862299;2016-04-26T00:41:22.896008;777e0d4e-4399-4fd3-b4bc-354a8f08ffd9;467.52;0.0268;SELL
2016-04-26T00:41:22.868325;2016-04-26T00:41:22.911630;f59b164f-52df-4ad6-99c3-455ed3f88090;467.52;0.0052;SELL
2016-04-26T00:41:22.868510;2016-04-26T00:41:22.911630;92a5b8be-68f7-47a3-b0cf-6347ad93a4b6;467.51;0.033;SELL
2016-04-26T00:41:22.868658;2016-04-26T00:41:22.911630;3bcdee37-2619-43e0-a1f9-9f0121d8f4a1;467.5;0.173;SELL
2016-04-26T00:41:23.015361;2016-04-26T00:41:23.036631;1f12e5f4-1c7c-4df8-9b14-2fb3c7eabe20;467.56;0.0531;SELL
2016-04-26T00:41:23.015552;2016-04-26T00:41:23.036631;2311bae2-eea1-4088-937d-5854c306738f;467.5;0.1582;SELL
2016-04-26T00:41:23.015718;2016-04-26T00:41:23.052276;5c353703-dc97-4d2e-b3bc-6ea6a73f74b6;467.47;0.01;SELL
2016-04-26T00:41:23.015942;2016-04-26T00:41:23.052276;37625349-687b-4139-b69a-be841141311d;467.46;0.01;SELL
2016-04-26T00:41:23.016188;2016-04-26T00:41:23.052276;1ec8619c-ed77-40fa-9166-7b9f011868e8;467.46;0.01;SELL
2016-04-26T00:41:23.016433;2016-04-26T00:41:23.052276;e8e3cda0-443a-4be2-ace2-55f67feaed81;467.46;0.1363;SELL
2016-04-26T00:41:23.068141;2016-04-26T00:41:23.083507;02030f65-8b9f-4505-9613-cf6e61a7416b;467.45;0.01;SELL
2016-04-26T00:41:23.068311;2016-04-26T00:41:23.083507;648b57d5-b967-46b4-991f-285064527992;467.45;0.124;SELL
2016-04-26T00:41:23.068451;2016-04-26T00:41:23.114744;f2882b91-321a-4356-b094-a5cbf8d22757;467.44;0.1494;SELL
2016-04-26T00:41:23.091655;2016-04-26T00:41:23.114744;224637c8-c7fd-43e6-93b0-961b56f1a67e;467.44;0.2976;SELL
2016-04-26T00:41:23.145296;2016-04-26T00:41:23.161631;003bfb3e-b02d-424c-bd9f-7470df1fc515;467.44;0.053;SELL
2016-04-26T00:41:23.145465;2016-04-26T00:41:23.177254;3c3dcc56-bfd2-4fc4-a536-023e4f17b34c;467.43;0.014;SELL
2016-04-26T00:41:23.145630;2016-04-26T00:41:23.177254;2da09d00-3682-49ca-91af-0d71a66c871a;467.42;0.014;SELL
2016-04-26T00:41:23.145768;2016-04-26T00:41:23.177254;8c629cf9-d66a-4056-99ce-e6e4a88fb094;467.4;0.0686;SELL
2016-04-26T00:41:23.188304;2016-04-26T00:41:23.208505;ee3c221c-9920-455a-95c9-2fc4feb14294;467.4;0.3029;SELL
2016-04-26T00:41:23.200533;2016-04-26T00:41:23.224131;bea4cb13-a123-40c0-9322-da0bcbe70956;467.4;0.11850265;SELL
2016-04-26T00:41:23.200762;2016-04-26T00:41:23.224131;c4e04d62-cb4f-412c-b282-e3a85263f7f6;467.4;0.21469735;SELL
2016-04-26T00:41:23.273692;2016-04-26T00:41:23.286631;f8b8e7c7-2709-4e8d-8696-e78fec812c21;467.45;0.0617;SELL
2016-04-26T00:41:23.273896;2016-04-26T00:41:23.302257;36a1bfa5-23d1-4d83-af58-e3a0031867fc;467.4;0.0824;SELL
2016-04-26T00:41:23.288868;2016-04-26T00:41:23.333512;2b17a6f7-3f87-41ef-a8ca-7c55631a9931;467.4;0.204;SELL
2016-04-26T00:41:23.307527;2016-04-26T00:41:23.333512;06fd200a-e76f-4cfd-87d9-13fde0ec6da1;467.4;0.208;SELL
2016-04-26T00:41:23.634868;2016-04-26T00:41:23.661634;9c768e57-ee3b-46ea-bd39-2587d31be4fc;467.4;0.2574;SELL
2016-04-26T00:41:23.705887;2016-04-26T00:41:23.739765;c1a07d94-e046-49dd-8848-b4fa8d64a8c1;467.42;0.0629;SELL
2016-04-26T00:41:23.706210;2016-04-26T00:41:23.739765;704d06bf-2a7c-4438-80f9-108d665fa684;467.4;0.03350265;SELL
2016-04-26T00:41:23.706496;2016-04-26T00:41:23.739765;ba95003f-9db2-4672-8143-cd1057d71f57;467.4;0.06089735;SELL
2016-04-26T00:41:23.919330;2016-04-26T00:41:23.942889;6ee10ff7-5238-485f-a6a7-1d293909f088;467.4;0.05210265;SELL
2016-04-26T00:41:23.919499;2016-04-26T00:41:23.942889;efa1a178-c2fc-4a96-ada6-b64ff660352d;467.4;0.01000877;SELL
2016-04-26T00:41:23.919673;2016-04-26T00:41:23.958514;289ce809-7f27-46ec-824d-bffe315c1708;467.39;0.11208858;SELL
2016-04-26T00:41:23.923701;2016-04-26T00:41:23.958514;fb4ca2ee-1eb2-459e-a825-3bc51d02c92e;467.39;0.0715;SELL
2016-04-26T00:41:24.008548;2016-04-26T00:41:24.021007;de8a766b-d92d-43d7-acd8-645690bd4705;467.39;0.06;SELL
2016-04-26T00:41:24.014492;2016-04-26T00:41:24.036632;9fc5bb2b-ce27-4c8f-8511-9bbca33add37;467.39;0.072;SELL
2016-04-26T00:41:24.017846;2016-04-26T00:41:24.036632;60690f5e-1230-4233-8ce4-6cd7734c935b;467.39;0.054;SELL
2016-04-26T00:41:30.980741;2016-04-26T00:41:30.989764;e5b850e9-2a72-4a04-829d-066caa7bbd06;467.63;0.01;BUY
2016-04-26T00:41:30.981213;2016-04-26T00:41:31.021009;ccb7468c-edfc-4075-b913-b6beeae95a7d;467.64;0.05509192;BUY
2016-04-26T00:41:30.981481;2016-04-26T00:41:31.021009;78d9d931-6fee-4da2-9b12-fffc3a7fbf3d;467.64;0.05509744;BUY
2016-04-26T00:41:30.981675;2016-04-26T00:41:31.021009;e66cd990-4a7d-4f29-9387-9bfece6ee702;467.67;0.114;BUY
2016-04-26T00:41:30.981843;2016-04-26T00:41:31.036641;d67ba30e-c12d-41e9-9054-bb7806a74641;467.73;0.115;BUY
2016-04-26T00:41:30.982024;2016-04-26T00:41:31.036641;9abfaedc-051d-4164-be8b-b58c2c40d726;467.74;0.01;BUY
2016-04-26T00:41:30.982181;2016-04-26T00:41:31.052265;63f091b3-76a1-49db-a688-2506cda3dc3e;467.78;0.126;BUY
2016-04-26T00:41:30.982343;2016-04-26T00:41:31.052265;87808278-7572-4341-8b40-8a0e507942ee;467.83;0.081;BUY
2016-04-26T00:41:30.982511;2016-04-26T00:41:31.052265;e6490672-4883-42df-8830-1969fb4597b1;467.84;0.01;BUY
2016-04-26T00:41:30.982676;2016-04-26T00:41:31.052265;12ac471c-bd31-4458-b160-516e90d37029;467.87;0.99;BUY
2016-04-26T00:41:30.982844;2016-04-26T00:41:31.067886;4b1af9cc-4dc1-43b7-82fb-0528e3d50cab;467.88;0.09;BUY
2016-04-26T00:41:30.983025;2016-04-26T00:41:31.067886;242eb5a9-2ffb-4371-8248-8726b6e7069c;467.91;0.84;BUY
2016-04-26T00:41:30.983190;2016-04-26T00:41:31.067886;638a542b-272a-4df2-82b5-1b911305ad3c;467.92;0.01;BUY
2016-04-26T00:41:30.983354;2016-04-26T00:41:31.067886;b9a71524-4372-43fe-a1b3-b0cf29d2937d;467.98;1.86;BUY
2016-04-26T00:41:30.983505;2016-04-26T00:41:31.099141;5f877968-71a4-4aa4-b429-cb1389c49b22;467.99;0.425;BUY
2016-04-26T00:41:30.983658;2016-04-26T00:41:31.099141;6b22dbf1-d14e-4008-a09e-f5a93b684772;467.99;0.21;BUY
2016-04-26T00:41:30.983810;2016-04-26T00:41:31.099141;84da743d-ff42-4cad-91f4-7fa0e66638a3;468.0;8.88964167;BUY
2016-04-26T00:41:30.983968;2016-04-26T00:41:31.099141;27d206bb-33bc-41e5-a84d-80d088d995e5;468.0;0.126;BUY
2016-04-26T00:41:30.984145;2016-04-26T00:41:31.099141;21d0b0a4-749a-4be0-aa90-60418bd3cfbb;468.02;0.01;BUY
2016-04-26T00:41:30.984299;2016-04-26T00:41:31.099141;87cc6aaa-227c-49d5-a3ff-f60c2ae955b7;468.05;0.106;BUY
2016-04-26T00:41:30.984465;2016-04-26T00:41:31.099141;923d6477-0c64-4a18-a63b-3c17cc6637a7;468.14;0.01;BUY
2016-04-26T00:41:30.984633;2016-04-26T00:41:31.114760;ba7868a6-4206-48d4-b511-b51fccd9696b;468.15;0.356;BUY
2016-04-26T00:41:30.984805;2016-04-26T00:41:31.130390;d58fbe2f-93dc-4d61-88d1-f88c4353fd4f;468.16;0.02;BUY
2016-04-26T00:41:30.985000;2016-04-26T00:41:31.130390;c6d92bfb-e167-4dd5-a242-c62d80dad05c;468.2;0.375;BUY
2016-04-26T00:41:30.985173;2016-04-26T00:41:31.130390;dfea813c-1469-4e65-af47-b08647cb96df;468.24;0.81;BUY
2016-04-26T00:41:30.985326;2016-04-26T00:41:31.130390;3ca0692f-eab2-4419-8194-ff9fb5c2ff0a;468.25;0.05;BUY
2016-04-26T00:41:30.985494;2016-04-26T00:41:31.130390;b6b0fe03-ea58-4ba6-bc19-abe4c89051d3;468.25;0.379;BUY
2016-04-26T00:41:30.985654;2016-04-26T00:41:31.130390;5417dabc-559b-4f04-9213-3b6412beda88;468.26;0.05;BUY
2016-04-26T00:41:30.985811;2016-04-26T00:41:31.161635;3064bb30-7205-4074-b603-f7e7fe20c048;468.26;0.01;BUY
2016-04-26T00:41:30.985985;2016-04-26T00:41:31.161635;afb0600a-dda3-4089-a536-f07e2593740e;468.26;0.38;BUY
2016-04-26T00:41:30.986140;2016-04-26T00:41:31.161635;cf79dc9b-b318-4dbb-897d-ac747f4ccb13;468.27;0.05;BUY
2016-04-26T00:41:30.986296;2016-04-26T00:41:31.161635;e94cf921-79d4-433b-a7a3-ef672b9e1457;468.27;0.21;BUY
2016-04-26T00:41:30.986452;2016-04-26T00:41:31.161635;bb3a4449-1388-496e-b0fb-118783b41659;468.28;0.05;BUY
2016-04-26T00:41:30.986620;2016-04-26T00:41:31.161635;c432d8d1-3a02-4441-a1db-8fc8feb45a18;468.28;0.17;BUY
2016-04-26T00:41:30.986777;2016-04-26T00:41:31.177261;7ea86923-2e5d-480d-b30c-95a33d9fe664;468.29;0.05;BUY
2016-04-26T00:41:30.986945;2016-04-26T00:41:31.192885;95f0de2a-02c7-4e0c-b855-c91e5c5d9cc1;468.29;0.39;BUY
2016-04-26T00:41:30.987115;2016-04-26T00:41:31.192885;99faba1d-19e5-4eb8-9a98-69be592f7897;468.3;0.05;BUY
2016-04-26T00:41:30.987264;2016-04-26T00:41:31.192885;ed4e836b-c947-4fc1-8fe7-4b16d06a1072;468.3;0.404;BUY
2016-04-26T00:41:30.987430;2016-04-26T00:41:31.192885;30a14f17-ef85-4e49-b55e-43ee1410df7c;468.3;0.4;BUY
2016-04-26T00:41:30.987591;2016-04-26T00:41:31.192885;207c2480-008c-4c80-ba5e-99ae4e2d703d;468.31;0.05;BUY
2016-04-26T00:41:30.987755;2016-04-26T00:41:31.192885;abcad676-1a76-480d-b9bf-d3f4163e8995;468.32;0.6;BUY
2016-04-26T00:41:30.987911;2016-04-26T00:41:31.208511;c4b30ee4-225b-448b-bf6c-9c273af8c26a;468.33;0.05;BUY
2016-04-26T00:41:30.988088;2016-04-26T00:41:31.208511;2f89c4d6-29e5-4cba-841c-7764554d1b5f;468.33;0.42;BUY
2016-04-26T00:41:30.988240;2016-04-26T00:41:31.208511;789b00ac-a275-4a88-80d5-cc64ab1b4843;468.34;0.05;BUY
2016-04-26T00:41:30.988390;2016-04-26T00:41:31.208511;e12876d8-0a37-4795-9e61-39750783dc1a;468.34;0.01;BUY
2016-04-26T00:41:30.988561;2016-04-26T00:41:31.208511;06f81a7e-7b12-4dad-a38b-d8ee03cf05ed;468.34;0.33;BUY
2016-04-26T00:41:30.988722;2016-04-26T00:41:31.224135;bd5450f4-cfd6-46f0-84bb-b6b091bb637c;468.35;0.383;BUY
2016-04-26T00:41:30.988878;2016-04-26T00:41:31.224135;58f90a04-f801-4331-9c40-50052d1f87aa;468.35;0.19;BUY
2016-04-26T00:41:30.989050;2016-04-26T00:41:31.224135;0a02b4e3-b45b-4135-96cc-6483da50b17f;468.36;0.05;BUY
2016-04-26T00:41:30.989193;2016-04-26T00:41:31.224135;2114cd77-26a5-40ee-aec6-dfd111c2e063;468.37;0.48923897;BUY
2016-04-26T00:41:45.172698;2016-04-26T00:41:45.192898;1fe3e42d-8772-4c9e-9537-e48576d2362e;467.61;0.633;SELL
2016-04-26T00:41:45.172940;2016-04-26T00:41:45.208519;6f37797d-cb76-49bc-b5dc-bf1e73125ea6;467.6;11.13;SELL
2016-04-26T00:41:45.173143;2016-04-26T00:41:45.208519;4a66b8e0-e13f-40a9-9c2f-d3a09fd1ebc1;467.59;0.0115;SELL
2016-04-26T00:41:45.173321;2016-04-26T00:41:45.208519;726ee861-6968-4c7f-bc3b-3664f264a4c4;467.58;2.94;SELL
2016-04-26T00:41:45.173470;2016-04-26T00:41:45.208519;0466cf78-b028-4040-98b0-fc9f6bf4566c;467.57;0.0415;SELL
2016-04-26T00:41:47.526208;2016-04-26T00:41:47.536644;320dd0fa-abe7-4f9c-aab3-bfe96265792d;467.59;0.55;SELL
2016-04-26T00:41:47.526482;2016-04-26T00:41:47.552269;150cceb5-10af-4a1f-a9c1-9e9620bae069;467.58;6.82;SELL
2016-04-26T00:41:47.526678;2016-04-26T00:41:47.567898;3bf17aa4-060b-4310-93c8-6fc880086082;467.57;0.44850031;SELL
2016-04-26T00:41:47.526922;2016-04-26T00:41:47.583524;e1406f1d-e79b-4e7f-95cd-98be867fc4ec;467.57;0.96;SELL
2016-04-26T00:41:47.527145;2016-04-26T00:41:47.583524;a58dd3fe-c480-4696-a7d2-2ba68221abfd;467.56;0.49000063;SELL
2016-04-26T00:41:47.527337;2016-04-26T00:41:47.583524;80431c10-e70f-4a64-b995-f22e3dbb8641;467.56;0.61;SELL
2016-04-26T00:41:47.527550;2016-04-26T00:41:47.599142;8bbdf1f6-8981-41ab-8367-9db31ec63d08;467.55;0.49000129;SELL
2016-04-26T00:41:47.527802;2016-04-26T00:41:47.599142;d53e2bd5-4d39-4277-9a36-ef1af15dff86;467.55;0.77;SELL
2016-04-26T00:41:47.528047;2016-04-26T00:41:47.599142;98319ef3-b6af-4322-908a-285fe77f5c13;467.54;0.49000265;SELL
2016-04-26T00:41:47.528240;2016-04-26T00:41:47.599142;06668bc6-d589-4517-956f-72bd9886df45;467.53;0.49000541;SELL
2016-04-26T00:41:47.528458;2016-04-26T00:41:47.599142;07ed1421-235d-4685-8ae1-355c1d495060;467.53;0.24;SELL
2016-04-26T00:41:47.528825;2016-04-26T00:41:47.599142;d832846d-2cf5-468a-850a-b0277a221a68;467.52;0.01;SELL
2016-04-26T00:41:47.529437;2016-04-26T00:41:47.599142;b5b41c72-d610-4aeb-98ff-4755487fb4d0;467.52;0.49001104;SELL
2016-04-26T00:41:47.529758;2016-04-26T00:41:47.630395;e50481da-39f0-4ae5-b592-ea2e60f947e9;467.51;0.01;SELL
2016-04-26T00:41:47.530219;2016-04-26T00:41:47.630395;3fd2da6b-e5bc-40b1-949d-3181b3da2672;467.51;0.49002253;SELL
2016-04-26T00:41:47.530465;2016-04-26T00:41:47.646019;e769ec84-8552-41bb-b674-77ff484dce99;467.51;0.35;SELL
2016-04-26T00:42:01.304387;2016-04-26T00:42:01.317903;8f59a8b6-2221-4d65-9642-133c7499c531;467.58;0.426;SELL
2016-04-26T00:42:01.304572;2016-04-26T00:42:01.333532;74a1eb41-b4f8-4920-8c43-bd13c70e1b4e;467.56;0.035;SELL
2016-04-26T00:42:01.304731;2016-04-26T00:42:01.333532;73b9b620-4a4d-470b-b5c5-7d87067de7f6;467.55;0.036;SELL
2016-04-26T00:42:01.304890;2016-04-26T00:42:01.349157;ad319610-c873-4260-aac2-05234e05c010;467.55;0.50561;SELL
2016-04-26T00:42:28.938882;2016-04-26T00:42:28.942923;58be4dce-b3e5-484f-82e5-91d1b28ec529;467.59;0.032;SELL
2016-04-26T00:42:31.115597;2016-04-26T00:42:31.146050;b2b7e692-4a11-4cb6-adda-65b1ef67dd94;467.58;0.033;SELL
2016-04-26T00:42:31.115806;2016-04-26T00:42:31.161675;279096c7-25b2-437c-ad3b-42cc5c72adb4;467.57;0.034;SELL
2016-04-26T00:42:31.116016;2016-04-26T00:42:31.161675;9813a986-43f6-4e86-9821-f0860c064c25;467.56;0.035;SELL
2016-04-26T00:42:31.116200;2016-04-26T00:42:31.161675;5386db62-e666-4dbc-9ab7-c49dcb8addc1;467.55;0.49439;SELL
2016-04-26T00:42:31.116372;2016-04-26T00:42:31.161675;c8443868-d55a-4c99-8179-da42ecd9c9bc;467.54;0.037;SELL
2016-04-26T00:42:31.116542;2016-04-26T00:42:31.161675;4b46a600-4167-4cd0-a42f-ee77c4aade29;467.53;0.037;SELL
2016-04-26T00:42:31.116702;2016-04-26T00:42:31.161675;5a3815ce-4188-45a2-8fba-5a79d316bf6c;467.53;9.97;SELL
2016-04-26T00:42:31.116871;2016-04-26T00:42:31.161675;c28c7bb4-417b-44c1-a1e4-41ffa71edb84;467.53;0.012;SELL
2016-04-26T00:42:31.190940;2016-04-26T00:42:31.224167;467dbae7-e449-4199-9e61-e8778f34eec2;467.6;0.027;BUY
2016-04-26T00:42:31.191106;2016-04-26T00:42:31.239791;3c6fd3f9-0d0b-4fa8-8ea2-354b7b9fac5f;467.6;0.17819;BUY
