time_exchange;time_coinpai;guid;price;base_amount;taker_side
2016-04-26T00:11:45.000000;2016-04-26T00:11:45.939338;c13c6c4f-3e35-47a8-b530-a5736e263199;7.56;2.918693;BUY
2016-04-26T00:11:45.000000;2016-04-26T00:11:45.939338;6580a339-bc06-4a52-b215-d761e7362204;7.56;2.918693;BUY
2016-04-26T00:16:29.000000;2016-04-26T00:16:29.438728;fec87724-7bc9-40d4-8045-0933984dd3f0;7.56;5.33568036;BUY
2016-04-26T00:34:17.000000;2016-04-26T00:34:17.781122;ffd0c432-85e2-4083-9023-e970359dcc03;7.5297;5.7954858;SELL
2016-04-26T00:38:11.000000;2016-04-26T00:38:11.571707;68ce7307-4e99-4f88-94fd-b464753c6396;7.522;3.629143;SELL
2016-04-26T00:38:11.000000;2016-04-26T00:38:11.586727;fa2082cb-b746-46ac-bb08-9d6060eb5f9b;7.52;3.03;SELL
2016-04-26T00:51:06.000000;2016-04-26T00:51:06.830644;aac8e3e7-e523-4523-adef-387897ad064e;7.5;20.55731673;SELL
2016-04-26T00:51:19.000000;2016-04-26T00:51:19.249887;cba71836-c578-405b-a78b-0f14c22c9d3e;7.5;20.54835539;SELL
2016-04-26T00:57:22.000000;2016-04-26T00:57:22.797209;2c6b6cc0-99d4-4126-ad9c-c5b9eeea2d1a;7.5;30.1430288;SELL
2016-04-26T00:58:22.000000;2016-04-26T00:58:22.403161;4275c50e-a816-438c-846d-163a8d456a65;7.5;20.55731673;SELL
2016-04-26T00:58:24.000000;2016-04-26T00:58:24.262365;bec2d7b4-7469-476f-a87e-ca7f5005fb17;7.5;8.19398235;SELL
2016-04-26T00:58:24.000000;2016-04-26T00:58:24.278351;ec0d776e-78b2-4fc6-9dc1-12bde7436a1a;7.5;12.40182883;SELL
2016-04-26T00:58:38.000000;2016-04-26T00:58:38.040735;7644e992-d3d6-4a20-8838-e11616183f9d;7.5;4.70970812;SELL
2016-04-26T01:02:24.000000;2016-04-26T01:02:24.048326;c2a64420-9851-4e03-aceb-46a23990dade;7.5075;7.1;BUY
2016-04-26T01:02:24.000000;2016-04-26T01:02:24.051373;729b114d-ea8b-4387-a095-8cfd68140e72;7.5075;7.3;BUY
2016-04-26T01:02:24.000000;2016-04-26T01:02:24.055354;355ad6a2-ede7-4cdf-9508-b1c62ea1aa4b;7.5085;30.75213127;BUY
2016-04-26T01:02:24.000000;2016-04-26T01:02:24.083434;326eccb9-e6c6-4a2b-8cd9-941b022e2aad;7.5086;3.603229;BUY
2016-04-26T01:02:24.000000;2016-04-26T01:02:24.083434;799d358b-54b6-4304-9420-9aa1e4922214;7.509;81.02222585;BUY
2016-04-26T01:02:53.000000;2016-04-26T01:02:53.670733;258a57d6-bff1-4972-8d48-0f01ed710e80;7.5089;30.75213127;BUY
2016-04-26T01:02:53.000000;2016-04-26T01:02:53.674295;94cc217e-cd58-40e5-b36e-a8ac561d9b84;7.509;41.41753144;BUY
2016-04-26T01:03:05.000000;2016-04-26T01:03:05.664501;a94271af-5944-47ff-a5c0-191d7e458c87;7.501;21.46736585;SELL
2016-04-26T01:03:16.000000;2016-04-26T01:03:16.766600;81fdd045-324a-4351-9215-daaaad34bed8;7.5089;3.604021;BUY
2016-04-26T01:03:16.000000;2016-04-26T01:03:16.772616;5d13cbb6-022a-4cc5-a2e2-89214aeb84d7;7.5089;2.67707749;BUY
2016-04-26T01:03:16.000000;2016-04-26T01:03:16.776602;8654ba3b-ce90-4c79-9a68-cc109fc03715;7.509;77.80619087;BUY
2016-04-26T01:03:35.000000;2016-04-26T01:03:35.578521;3c194173-3991-4dcb-aaa9-be9ce324aebd;7.509;65.50970435;BUY
2016-04-26T01:03:37.000000;2016-04-26T01:03:37.353668;cbd69f1e-8d4e-47cb-bd13-64509c92aed2;7.51;3.604021;SELL
2016-04-26T01:04:21.000000;2016-04-26T01:04:21.639106;c0ac54bc-7515-45f9-94fe-e3aba6198771;7.5016;3.604021;BUY
2016-04-26T01:04:21.000000;2016-04-26T01:04:21.647095;b1c0b47d-8642-43e4-a345-31cf8cae95b3;7.5016;3.604021;BUY
2016-04-26T01:04:21.000000;2016-04-26T01:04:21.651086;f5e2f8d9-856c-4805-ab09-9170fa7487f3;7.5017;2.04468726;BUY
2016-04-26T01:04:21.000000;2016-04-26T01:04:21.679142;0ac07caf-097e-4a08-9f3c-b7fe6c84e75f;7.502;42.09827032;BUY
2016-04-26T01:04:49.000000;2016-04-26T01:04:49.801914;24a1cb31-0310-433d-af0a-4adb3ec55832;7.51;19.98937027;SELL
2016-04-26T01:06:41.000000;2016-04-26T01:06:41.319147;e2d766f3-ccbf-4719-89fb-97e593af79b2;7.5114;0.1925;BUY
2016-04-26T01:06:52.000000;2016-04-26T01:06:52.655318;3b4defb0-99c8-445e-a571-420274f3cca0;7.5114;0.76096848;BUY
2016-04-26T01:07:23.000000;2016-04-26T01:07:23.209364;308b4f9a-7143-4b21-b370-1783fd21b3e3;7.51;3.5998215;SELL
2016-04-26T01:07:23.000000;2016-04-26T01:07:23.435401;a601d1a7-7dee-4869-9b0b-537368a4de17;7.51;13.16687023;SELL
2016-04-26T01:07:24.000000;2016-04-26T01:07:24.587472;51da7cb5-243b-427f-9780-76556d1057d5;7.51;4.3620295;SELL
2016-04-26T01:07:24.000000;2016-04-26T01:07:24.757494;698e531e-0425-412d-80ce-9c859480d94e;7.51;18.7425;SELL
2016-04-26T01:07:26.000000;2016-04-26T01:07:26.027629;87d6f118-f9ed-46fc-8785-87dc0090ce83;7.51;6.43032806;SELL
2016-04-26T01:07:29.000000;2016-04-26T01:07:29.107977;9e9df147-9e31-426b-b612-25e74565c8fb;7.51;18.7425;SELL
2016-04-26T01:07:29.000000;2016-04-26T01:07:29.120936;5898e7ff-b77c-4889-a159-9373f3743dc3;7.51;3.5998215;SELL
2016-04-26T01:07:30.000000;2016-04-26T01:07:30.130022;d00ec14b-dc1d-41b5-9a76-24c45acd2435;7.51;5.25247173;SELL
2016-04-26T01:07:33.000000;2016-04-26T01:07:33.255337;df344500-ec8b-4caa-99c1-18702bd33a30;7.51;5.11562559;SELL
2016-04-26T01:07:41.000000;2016-04-26T01:07:41.269160;75ce1973-aa66-4809-8e47-7db4faa07558;7.51;0.99866162;SELL
2016-04-26T01:07:41.000000;2016-04-26T01:07:41.279152;a9aaa9fa-a769-4649-afc4-18d3c5ab3de8;7.51;19.61210171;SELL
2016-04-26T01:07:51.000000;2016-04-26T01:07:51.329174;42f309af-1353-4674-bd81-cd6a869f428d;7.51;3.30632229;SELL
2016-04-26T01:07:52.000000;2016-04-26T01:07:52.288254;4225f9f0-45b1-457f-8789-f331c3786f44;7.51;20.61076333;SELL
2016-04-26T01:07:53.000000;2016-04-26T01:07:53.611395;622d8ffd-3a26-4cbb-ab27-dd0847e58d9d;7.51;5.21801506;SELL
2016-04-26T01:07:53.000000;2016-04-26T01:07:53.689430;0e5c754d-52b9-4a42-bef2-29d85dd93bc6;7.51;20.64380663;SELL
2016-04-26T01:07:54.000000;2016-04-26T01:07:54.181449;f24d1a16-b894-44c4-8135-40951751bee1;7.51;3.30632229;SELL
2016-04-26T01:07:56.000000;2016-04-26T01:07:56.265664;9c2d2d2d-518b-47b8-a977-3c61b356f6dd;7.51;5.22638061;SELL
2016-04-26T01:07:56.000000;2016-04-26T01:07:56.294657;dad0cd24-ac50-46d3-9e96-78fa07cec052;7.51;3.23891927;SELL
2016-04-26T01:07:57.000000;2016-04-26T01:07:57.610773;c5f1dc09-d2e8-403e-a0d5-203c5d817b71;7.51;5.21801506;SELL
2016-04-26T01:07:57.000000;2016-04-26T01:07:57.671812;27f11aec-1f87-463d-95ac-e3269cd92a51;7.51;4.78021259;SELL
2016-04-26T01:07:58.000000;2016-04-26T01:07:58.518886;a5a6063d-f2ca-45fc-88cd-8c7b0676164c;7.51;3.23727538;SELL
2016-04-26T01:08:00.000000;2016-04-26T01:08:00.512070;7766cfb7-379f-4403-a1b2-25ba74ff1713;7.51;5.60186578;SELL
2016-04-26T01:11:21.000000;2016-04-26T01:11:21.369166;ef5a7698-dba5-416e-9492-3e3806f7de96;7.501;20.54451721;SELL
2016-04-26T01:14:32.000000;2016-04-26T01:14:33.046327;b5407068-d843-4c46-a27d-470891254e79;7.501;20.59581118;SELL
2016-04-26T01:15:56.000000;2016-04-26T01:15:56.418660;a23aa4ee-55d9-48be-abde-c665d2c0b86c;7.501;1.498149;SELL
2016-04-26T01:16:04.000000;2016-04-26T01:16:04.378445;dd789c1b-3c02-40f7-ae63-363095ffe778;7.501;1.10659665;SELL
2016-04-26T01:16:06.000000;2016-04-26T01:16:06.617742;597dae5e-d32a-4ded-81ff-161be0b62861;7.501;20.59452571;SELL
2016-04-26T01:16:06.000000;2016-04-26T01:16:06.905698;d1f65d09-e7a9-44d9-8c5b-1d7ff6838faf;7.501;36.05682395;SELL
2016-04-26T01:16:08.000000;2016-04-26T01:16:08.072843;4e912479-c6f9-4db3-8810-2f207316d2e6;7.501;10.338701;SELL
2016-04-26T01:16:22.000000;2016-04-26T01:16:22.565286;a478a275-e933-4e3e-aeed-da2eff4eb52c;7.501;1.52735489;SELL
2016-04-26T01:16:36.000000;2016-04-26T01:16:36.348667;61a839a6-98a8-4782-b0e5-c495875f2f79;7.501;20.60867472;SELL
2016-04-26T01:16:56.000000;2016-04-26T01:16:56.246700;71ca8d91-0b59-4768-b6e3-05562ea0f1fb;7.504;20.60867472;SELL
2016-04-26T01:16:56.000000;2016-04-26T01:16:56.652713;ee2c219b-4529-44c0-b9aa-5a3798148998;7.504;26.24476906;SELL
2016-04-26T01:16:57.000000;2016-04-26T01:16:57.071755;f5c5e755-a944-42f9-b72e-7d65de2dc497;7.504;20.60738764;SELL
2016-04-26T01:16:57.000000;2016-04-26T01:16:57.944811;7c9c2f0b-5761-4a92-9f1f-10095a5d3a54;7.504;33.42865144;SELL
2016-04-26T01:16:58.000000;2016-04-26T01:16:58.307841;dfa635fc-bda1-44da-81da-9f0723d86fe0;7.504;5.05747127;SELL
2016-04-26T01:16:59.000000;2016-04-26T01:16:59.558973;830004ab-9408-436a-a07d-cbd4f0a9bc9d;7.504;45.10244323;SELL
2016-04-26T01:17:00.000000;2016-04-26T01:17:00.184067;1753c423-6da5-4b49-9ebf-7eec7fb4249a;7.504;5.04937608;SELL
2016-04-26T01:17:00.000000;2016-04-26T01:17:00.495056;13222100-283d-438e-87db-19a95eaded44;7.504;9.61073421;SELL
2016-04-26T01:17:00.000000;2016-04-26T01:17:00.743087;448a23b0-3c87-4324-86af-0c2d6a5d893d;7.504;20.66031305;SELL
2016-04-26T01:17:00.000000;2016-04-26T01:17:01.170125;28d9bb23-3d9d-44f4-a068-f7ac807b9d81;7.504;30.84619209;SELL
2016-04-26T01:17:01.000000;2016-04-26T01:17:01.570226;d89cc514-066c-48da-b35a-734b3daa8ab2;7.504;24.67942561;SELL
2016-04-26T01:17:01.000000;2016-04-26T01:17:01.963178;346029d3-be18-4260-aae1-b32e08a665dd;7.504;20.66031305;SELL
2016-04-26T01:17:01.000000;2016-04-26T01:17:02.086230;4e13ed47-3d50-4f8f-8da2-96410ece8e24;7.504;5.04937608;SELL
2016-04-26T01:17:02.000000;2016-04-26T01:17:02.104240;e97b4c4f-2564-4553-a9af-aaccfc35c2e9;7.504;20.62155434;SELL
2016-04-26T01:17:02.000000;2016-04-26T01:17:02.119256;dfa501ea-8a2d-437f-9ed0-1e9ec1cae670;7.504;30.84619209;SELL
2016-04-26T01:17:02.000000;2016-04-26T01:17:02.198268;94994dde-e751-4121-bb2f-f615fe70c16c;7.504;20.62724332;SELL
2016-04-26T01:17:02.000000;2016-04-26T01:17:02.364680;938f084b-7c5b-4057-940c-287096dcffd6;7.504;20.66031305;SELL
2016-04-26T01:17:02.000000;2016-04-26T01:17:02.868313;89042d5c-64e0-4575-a7fc-03aa93fcd68c;7.504;4.74263502;SELL
2016-04-26T01:17:03.000000;2016-04-26T01:17:03.048350;d5bf0820-1b40-417a-8c70-a70f58986bb6;7.504;20.62155434;SELL
2016-04-26T01:17:03.000000;2016-04-26T01:17:03.123356;b4f2f872-561f-4db9-b47e-ae3186bd326b;7.504;30.84619209;SELL
2016-04-26T01:17:03.000000;2016-04-26T01:17:03.277348;eb270655-871c-4a55-930b-8f149388d320;7.504;19.92918032;SELL
2016-04-26T01:17:04.000000;2016-04-26T01:17:04.287460;f7bb379a-d055-4597-90ff-79b0dd814b12;7.504;5.04937608;SELL
2016-04-26T01:17:04.000000;2016-04-26T01:17:04.620485;e57084bd-637c-4710-8265-3ca5b131e9c6;7.504;20.62155434;SELL
2016-04-26T01:17:04.000000;2016-04-26T01:17:04.746489;5f1435f9-3a97-4ba1-abe4-d2165d1d359a;7.504;19.92918032;SELL
2016-04-26T01:17:04.000000;2016-04-26T01:17:04.878517;9e61f383-bd6b-45b1-a505-5dbd8176ca76;7.504;3.04878;SELL
2016-04-26T01:17:07.000000;2016-04-26T01:17:07.220741;ad434b1c-e488-402d-bb97-bba2bcc5aad1;7.504;7.9713997;SELL
2016-04-26T01:17:09.000000;2016-04-26T01:17:09.615981;9a305684-4177-4a32-8fd9-b4b0f213a17f;7.504;4.34586427;SELL
2016-04-26T01:17:10.000000;2016-04-26T01:17:10.584104;398e92ce-17da-4768-a4b9-c408ed2eb994;7.504;14.11247515;SELL
2016-04-26T01:17:11.000000;2016-04-26T01:17:11.053156;f75b8fc7-7a6c-4056-aa4b-6c31ca748f76;7.504;20.62026565;SELL
2016-04-26T01:17:11.000000;2016-04-26T01:17:11.266182;ff76d7a9-c0cd-4ff4-b374-b58756f2a5d0;7.504;18.26832173;SELL
2016-04-26T01:17:11.000000;2016-04-26T01:17:11.271147;3a59be8f-5abb-427d-a2fe-098a314dd06b;7.501;12.52021393;SELL
2016-04-26T01:17:11.000000;2016-04-26T01:17:11.309139;144d5067-52e3-4bdc-ae35-e76a5d786134;7.501;30.78853566;SELL
2016-04-26T01:17:12.000000;2016-04-26T01:17:12.816308;3dd1c213-94f5-4b80-8a9f-d9cc1b2a3c12;7.501;30.83789604;SELL
2016-04-26T01:17:13.000000;2016-04-26T01:17:13.793391;d86efe92-2f5c-4980-bf44-e3f613101028;7.501;12.70767236;SELL
2016-04-26T01:17:13.000000;2016-04-26T01:17:13.850410;dd8a5f11-de3d-41b7-ab0d-3052510c7810;7.501;9.3180062;SELL
2016-04-26T01:17:14.000000;2016-04-26T01:17:14.072423;9792c823-7e69-40ab-9107-ea171089d1d1;7.501;30.78853566;SELL
2016-04-26T01:17:15.000000;2016-04-26T01:17:15.823611;482efae3-8f89-443a-8a7a-a74d8996650c;7.501;37.3;SELL
2016-04-26T01:17:16.000000;2016-04-26T01:17:16.826690;e8582105-11ab-4939-b918-214e80325e25;7.501;20.62026565;SELL
2016-04-26T01:17:17.000000;2016-04-26T01:17:17.044728;09674ab0-332a-4645-a371-c0909653c0aa;7.501;3.04498021;SELL
2016-04-26T01:17:17.000000;2016-04-26T01:17:17.138735;3f7f0905-3709-4a24-8f81-7993ac260ea3;7.501;3.04498021;SELL
2016-04-26T01:17:17.000000;2016-04-26T01:17:17.720800;c7c226e4-85f0-474e-9e78-0b5ed48f3e04;7.501;16.07521601;SELL
2016-04-26T01:17:20.000000;2016-04-26T01:17:20.193041;cf30d70c-4f83-417b-96c8-4d381c5c0ab2;7.501;3.04498021;SELL
2016-04-26T01:17:20.000000;2016-04-26T01:17:20.642072;9d160d8f-2a85-4aa4-a2cd-c814d8a43092;7.501;16.21089943;SELL
2016-04-26T01:17:23.000000;2016-04-26T01:17:23.486396;a1602e83-d2c2-4855-b065-78bdfcf91f48;7.501;16.21089943;SELL
2016-04-26T01:17:23.000000;2016-04-26T01:17:23.691375;a22519bb-db8e-469e-be28-c254b47ec7ec;7.501;4.13975179;SELL
2016-04-26T01:17:23.000000;2016-04-26T01:17:23.789405;a1b1600e-d49b-4ea2-8680-2b19331353dd;7.501;10.30377912;SELL
2016-04-26T01:17:25.000000;2016-04-26T01:17:25.064523;a3e18429-aad7-4fe0-ae40-f7b632a28e4c;7.501;20.68619465;SELL
2016-04-26T01:17:25.000000;2016-04-26T01:17:25.193529;e9454076-ac06-408f-b217-a5a31a0b77ac;7.501;6.13579979;SELL
2016-04-26T01:17:25.000000;2016-04-26T01:17:25.717577;32e9e9aa-a6b5-4b58-9241-5a945ce9a056;7.501;14.42703205;SELL
2016-04-26T01:17:26.000000;2016-04-26T01:17:26.320671;f6eb95dc-c845-4490-ba78-ad7c7ccca38a;7.501;10.30377912;SELL
2016-04-26T01:17:26.000000;2016-04-26T01:17:26.711690;8f546e65-2934-4967-a96d-badc5b5b3ea6;7.501;20.59452571;SELL
2016-04-26T01:17:27.000000;2016-04-26T01:17:27.550757;82305eef-a19a-4c14-9db8-0271182ef31d;7.501;16.55753661;SELL
2016-04-26T01:17:27.000000;2016-04-26T01:17:27.558800;b55bf6d6-a30f-4115-86b2-e4bc3115ab78;7.501;0.52588337;SELL
2016-04-26T01:17:28.000000;2016-04-26T01:17:28.653893;fdda5ba2-7897-4d86-93b7-8b309ae2b7b5;7.501;20.59452571;SELL
2016-04-26T01:17:28.000000;2016-04-26T01:17:28.925898;0fbeb961-4c55-4d81-8af1-1389ebc6e22c;7.501;14.45149116;SELL
2016-04-26T01:17:30.000000;2016-04-26T01:17:30.284057;5d2b4f7e-2b8d-421d-985c-73ce97b3e15f;7.501;16.21089943;SELL
2016-04-26T01:17:33.000000;2016-04-26T01:17:33.401353;3468fdfe-55d8-4de0-b1bd-037919b92d01;7.501;20.561555;SELL
2016-04-26T01:17:33.000000;2016-04-26T01:17:33.567363;8fecbb37-2a5c-405b-ba55-c7a16a94f022;7.501;20.5932404;SELL
2016-04-26T01:17:33.000000;2016-04-26T01:17:33.976450;8f14fa56-de49-4887-8205-213281af729a;7.501;20.59176;SELL
2016-04-26T01:17:34.000000;2016-04-26T01:17:34.269433;65e16509-28e4-4552-914b-ff86209b9847;7.501;16.21089943;SELL
2016-04-26T01:17:36.000000;2016-04-26T01:17:36.046613;4f303635-6b1a-4dea-a897-04b10ed18f32;7.501;20.55879392;SELL
2016-04-26T01:17:36.000000;2016-04-26T01:17:36.775694;a830134d-0245-4b76-8afa-40dbc43a1163;7.501;34.00426816;SELL
2016-04-26T01:17:37.000000;2016-04-26T01:17:37.192743;dba3744d-c4a7-4079-8b28-4ee6fd573e16;7.501;19.395733;SELL
2016-04-26T01:17:37.000000;2016-04-26T01:17:37.519761;d768cc1b-1d98-43ef-98a0-abe4254f604c;7.501;20.59176;SELL
2016-04-26T01:17:37.000000;2016-04-26T01:17:37.667791;b1eead55-5879-4710-9a54-6c9e79143e82;7.501;16.21089943;SELL
2016-04-26T01:17:37.000000;2016-04-26T01:17:37.853857;f477b1d4-76de-4d6d-bc92-804b7f0c5415;7.501;1.1733948;SELL
2016-04-26T01:17:38.000000;2016-04-26T01:17:38.726918;add0c75a-2ae8-4071-a8a4-a38f5ea196f1;7.501;20.5932404;SELL
2016-04-26T01:17:38.000000;2016-04-26T01:17:38.763927;6263794b-2839-465d-8fa6-369704bac1c6;7.501;37.73165579;SELL
2016-04-26T01:17:39.000000;2016-04-26T01:17:39.897012;4ddd7755-2be8-4310-9324-f447519c5aad;7.5;54.604148;SELL
2016-04-26T01:17:41.000000;2016-04-26T01:17:41.258184;205f26d9-4afd-4d40-8038-7cb8c6977396;7.5;28.28431394;SELL
2016-04-26T01:17:43.000000;2016-04-26T01:17:43.962412;f87e55da-265a-4463-8b83-0eecea3a880b;7.4901;1.00200401;SELL
2016-04-26T01:17:43.000000;2016-04-26T01:17:43.971413;121c8add-a622-4b03-8bf0-70cce1f955f4;7.49;0.00157509;SELL
2016-04-26T01:17:45.000000;2016-04-26T01:17:45.954606;ce1ef120-7ec7-4f2d-82d3-7930808b2daa;7.471;1.00200296;BUY
2016-04-26T01:17:46.000000;2016-04-26T01:17:46.635697;f85b757f-650e-4dad-8b0e-c83cc8bf48b2;7.471;1.00200401;BUY
2016-04-26T01:31:57.000000;2016-04-26T01:31:57.780065;c129cc36-c300-49d9-bb21-d45fbc0a5b6d;7.4479;1.00200401;BUY
2016-04-26T01:37:03.000000;2016-04-26T01:37:03.133791;14c11050-4244-415e-837d-16adda6c6663;7.465;15.541713;BUY
2016-04-26T01:37:29.000000;2016-04-26T01:37:29.948464;176d85c7-aded-40fc-bb8b-4c048e846881;7.455;6.739634;SELL
2016-04-26T01:37:49.000000;2016-04-26T01:37:49.918462;747cf2c7-c58e-45a6-b831-7bc2d5f7430d;7.4643;6.54913685;BUY
2016-04-26T01:38:06.000000;2016-04-26T01:38:06.197094;1be4de1d-c82c-4e97-b751-690d0f8983fb;7.4703;1.0035791;BUY
2016-04-26T01:38:06.000000;2016-04-26T01:38:06.201089;e0288b22-ec11-4f9c-865c-a1a13ba3ee6c;7.4706;1.0035791;BUY
2016-04-26T01:38:18.000000;2016-04-26T01:38:18.213284;6ad1fb4f-e83a-4a59-bfea-b4ecdf4ebd9f;7.4808;1.0035791;BUY
2016-04-26T01:38:27.000000;2016-04-26T01:38:27.381198;5465e54a-0886-4fb8-9d51-a98351364694;7.4809;3.601262;BUY
2016-04-26T01:38:27.000000;2016-04-26T01:38:28.001328;204a5934-7c2c-4090-946f-647cc6cf833f;7.4809;3.80966569;SELL
2016-04-26T01:38:30.000000;2016-04-26T01:38:30.344531;5095631a-2ad1-4d69-92f3-aba12122f594;7.4809;3.84472598;SELL
2016-04-26T01:38:34.000000;2016-04-26T01:38:34.081895;3515e3cd-aef0-4857-bd69-af3a1e3b0b50;7.4809;3.84472598;SELL
2016-04-26T01:38:38.000000;2016-04-26T01:38:38.338327;985f63a3-661a-4477-9b36-0ac3253eef2c;7.4809;3.84472598;SELL
2016-04-26T01:38:41.000000;2016-04-26T01:38:41.132588;5341789d-fdff-4623-9a9b-d040c2a8071d;7.4809;3.84472598;SELL
2016-04-26T01:38:41.000000;2016-04-26T01:38:41.955682;0761c2a0-c6a5-4f3b-8336-842788ea63d0;7.4967;7.76649398;SELL
2016-04-26T01:38:43.000000;2016-04-26T01:38:43.376810;55e1faae-8f1a-4db1-b257-727fe9f9697e;7.4971;3.84472598;SELL
2016-04-26T01:38:44.000000;2016-04-26T01:38:44.878958;fc61ab4e-39b8-4ebf-bffa-532c032d8b83;7.4971;6.99660102;SELL
2016-04-26T01:38:44.000000;2016-04-26T01:38:44.962983;dbdc701a-477e-47cd-a3a2-1f41ff1e365e;7.4967;0.00035402;SELL
2016-04-26T01:38:49.000000;2016-04-26T01:38:49.974459;7e162de7-40a6-403e-9d28-56d102163dfd;7.497;9.808881;BUY
2016-04-26T01:38:55.000000;2016-04-26T01:38:55.270989;2fca1631-be32-43ad-b8fe-347127b0d440;7.4969;18.409777;BUY
2016-04-26T01:39:06.000000;2016-04-26T01:39:06.290086;4a86e263-4342-493c-9ec4-8fead46cbad9;7.4969;4.78021259;BUY
2016-04-26T01:39:06.000000;2016-04-26T01:39:06.300099;1dc2744f-c5ec-422f-ba34-b2b4470815db;7.4969;13.92062341;BUY
2016-04-26T01:39:12.000000;2016-04-26T01:39:12.682732;b19d92cc-7531-481b-9597-9ecfa9f24a8e;7.4968;1.08827414;BUY
2016-04-26T01:39:12.000000;2016-04-26T01:39:12.686744;90c3298d-1729-40c2-ba4f-355f44dc32df;7.4968;6.99695504;BUY
2016-04-26T01:39:12.000000;2016-04-26T01:39:12.692765;0a7e689e-3a5b-4ab1-99e0-f2ec4388c2ca;7.4968;5.60186578;BUY
2016-04-26T01:39:12.000000;2016-04-26T01:39:12.718737;2de37433-5de1-415e-b7e2-10eacaad8469;7.4969;1.80652604;BUY
2016-04-26T01:40:24.000000;2016-04-26T01:40:24.530914;dec4dc14-a8a7-4364-a595-1b781af76a01;7.4968;3.628704;BUY
2016-04-26T01:40:24.000000;2016-04-26T01:40:24.535938;be9b1fcf-39d3-4f75-ace3-d137b91574e0;7.4968;30.91759978;BUY
2016-04-26T01:40:24.000000;2016-04-26T01:40:24.799944;40b93b31-266e-4119-99f1-e55c2446c3d9;7.4968;53.77164484;SELL
2016-04-26T01:40:26.000000;2016-04-26T01:40:26.250112;02f5a1c6-ca37-4160-a3b8-f1cb408914fd;7.4968;40.13419391;SELL
2016-04-26T01:40:26.000000;2016-04-26T01:40:26.381099;9f8a3ad3-08d3-46ea-b734-6167f4dce4cc;7.4968;19.58338729;SELL
2016-04-26T01:40:26.000000;2016-04-26T01:40:26.403119;33afa44a-3420-41e9-a2a1-9a5bada802ff;7.4968;30.97058085;SELL
2016-04-26T01:40:26.000000;2016-04-26T01:40:26.417100;04f11339-625a-4268-b8a3-844c91c0c81e;7.4968;1.0563097;SELL
2016-04-26T01:40:26.000000;2016-04-26T01:40:26.485109;526d2b16-1237-488f-a614-f176198e5e53;7.4968;8.09837436;SELL
2016-04-26T01:40:27.000000;2016-04-26T01:40:27.761240;42fb0259-4331-417b-addc-ea772c777d34;7.4968;1.05800318;SELL
2016-04-26T01:40:29.000000;2016-04-26T01:40:29.420426;6e37ec21-acc9-4265-9975-4833b04f51d8;7.4968;20.08160486;SELL
2016-04-26T01:40:30.000000;2016-04-26T01:40:30.632535;2f5d8c30-494f-4f4e-9148-c75b70108f08;7.4968;20.09653322;SELL
2016-04-26T01:40:32.000000;2016-04-26T01:40:32.100674;c4149cd1-3bf0-4a19-8583-a120fa8f1f59;7.4968;53.803943;SELL
2016-04-26T01:40:32.000000;2016-04-26T01:40:32.784735;f9e409ed-124f-453b-bd63-319bb9b83e13;7.4968;20.111468;SELL
2016-04-26T01:40:32.000000;2016-04-26T01:40:33.024767;cb3aaed4-d035-48b2-ad82-734d4174b2a3;7.4968;12.013333;SELL
2016-04-26T01:40:33.000000;2016-04-26T01:40:33.147789;1d4ff3ff-c7cb-4895-baba-1def1e61a9b8;7.4968;4.56922;SELL
2016-04-26T01:40:33.000000;2016-04-26T01:40:33.544827;dcab23cf-c1e5-486d-adbd-01e5abc4957c;7.4968;24.86475101;SELL
2016-04-26T01:40:50.000000;2016-04-26T01:40:50.575566;c35bd584-b0bd-41af-ac8c-751870c8775f;7.496;28.53006065;BUY
2016-04-26T01:40:50.000000;2016-04-26T01:40:50.580557;a9bcef9d-52a2-4271-8400-d62b5eab1579;7.496;29.43397101;BUY
2016-04-26T01:40:50.000000;2016-04-26T01:40:50.582551;26646f9e-48f6-409d-83e2-3fd88acb57c3;7.496;56.49514999;BUY
2016-04-26T01:40:50.000000;2016-04-26T01:40:50.612518;46308b2c-29c7-456f-9ef2-76194b7e210d;7.4968;9.40741368;BUY
2016-04-26T01:40:50.000000;2016-04-26T01:40:50.612518;9fb45618-40b5-48ba-bd36-29761d6ee323;7.4968;9.40597425;BUY
2016-04-26T01:40:57.000000;2016-04-26T01:40:57.318203;013d4f76-91bb-4fe8-9486-216858601fbf;7.496;3.628899;BUY
2016-04-26T01:40:57.000000;2016-04-26T01:40:57.337209;07fb17a6-da6b-4092-ac33-0dfb309fc71f;7.5;3.97255252;BUY
2016-04-26T01:40:57.000000;2016-04-26T01:40:57.339243;b3b6f641-9fff-426c-a2ba-1a0bcfa364a6;7.5;15.66695443;BUY
2016-04-26T01:40:57.000000;2016-04-26T01:40:57.368223;22114ab2-c65d-4c8e-ae4a-1bb9d486b85a;7.5;21.49110605;BUY
2016-04-26T01:40:57.000000;2016-04-26T01:40:57.368223;4d84e7f9-49f7-40ca-bbb2-d183d0dda886;7.501;16.55977647;BUY
2016-04-26T01:40:57.000000;2016-04-26T01:40:57.368223;fe5dd465-3074-4b88-be1c-63c2c23d36c6;7.504;7.08321419;BUY
2016-04-26T01:40:57.000000;2016-04-26T01:40:57.386662;1070e9d8-3a2e-4f61-b7bf-7ae8f13e386d;7.51;3.23168794;BUY
2016-04-26T01:40:57.000000;2016-04-26T01:40:57.685458;e75dda76-1544-4d1d-afeb-49e2a95196b9;7.5599;53.2;SELL
2016-04-26T01:40:58.000000;2016-04-26T01:40:58.127308;fa0acea0-d828-4b47-93de-aee0a6b66883;7.5599;1.214015;SELL
2016-04-26T01:40:58.000000;2016-04-26T01:40:58.227280;9527f109-2e50-4206-a1f4-1699cbce661a;7.5599;5.58169567;SELL
2016-04-26T01:40:58.000000;2016-04-26T01:40:58.318306;e6c2f571-e0ed-43a5-b79a-04af5a765c70;7.5599;19.32681528;SELL
2016-04-26T01:40:58.000000;2016-04-26T01:40:58.424347;900393fb-2b98-4bb7-90aa-4077af7f8d68;7.5599;23.96525094;SELL
2016-04-26T01:40:58.000000;2016-04-26T01:40:58.835441;0a2ae12f-6f09-4744-9f4b-cb3e69d4f026;7.5599;18.07235706;SELL
2016-04-26T01:40:59.000000;2016-04-26T01:40:59.511417;f66d5d08-8a56-40d5-a723-8852b584585d;7.5599;3.17123803;SELL
2016-04-26T01:41:00.000000;2016-04-26T01:41:00.987582;85de6468-9e06-49d9-b451-6b52fb73f2d0;7.5599;166.86831842;SELL
2016-04-26T01:42:56.000000;2016-04-26T01:42:56.073085;dc02c60a-906e-4715-b4fd-92b7db9acfac;7.543;33.140675;BUY
2016-04-26T01:43:15.000000;2016-04-26T01:43:15.441033;c36b90f6-1cfc-4abc-a94a-66841e2e9b5e;7.4892;61.11516928;SELL
2016-04-26T01:43:17.000000;2016-04-26T01:43:17.620222;187741ea-abf9-4318-809f-0f5525f0fdd4;7.4892;16.31634626;SELL
2016-04-26T01:43:27.000000;2016-04-26T01:43:27.426205;479256c2-8f39-4017-81ad-2d2050eed0c7;7.5032;29.85074324;SELL
2016-04-26T01:43:27.000000;2016-04-26T01:43:27.549236;c1c118bd-70d8-47ff-8824-76a820fdb0f2;7.5032;6.41470676;SELL
2016-04-26T01:43:28.000000;2016-04-26T01:43:28.097280;27d89d4b-61df-48f9-ab2c-dbc8bc3ab048;7.5032;6.204297;SELL
2016-04-26T01:43:35.000000;2016-04-26T01:43:35.539014;c7006a02-d883-46a6-b589-26d0c82c9dce;7.5;5.891961;BUY
2016-04-26T01:49:07.000000;2016-04-26T01:49:07.880240;a84152b5-d144-4bb8-a702-225431ab78ef;7.458;40.0;BUY
2016-04-26T01:55:22.000000;2016-04-26T01:55:22.438184;f58d5f85-ac3b-4b3e-9fdd-a5bdc2391d97;7.4136;6.57867842;SELL
2016-04-26T02:00:11.000000;2016-04-26T02:00:12.036137;0004b86a-e40d-4936-9417-6beb20de1113;7.411;20.86804268;SELL
2016-04-26T02:00:12.000000;2016-04-26T02:00:12.759279;ea01254b-aaa5-422d-b96b-8f663eeb2417;7.411;20.86672301;SELL
2016-04-26T02:00:22.000000;2016-04-26T02:00:22.775208;d99a35ee-00c0-4f26-8b21-f2fc03d27f3e;7.411;20.86672301;SELL
2016-04-26T02:03:36.000000;2016-04-26T02:03:37.007620;fc377dc8-df2b-4f43-8c93-43ffb32e6f46;7.41;8.786484;SELL
2016-04-26T02:03:37.000000;2016-04-26T02:03:37.744697;74bd222a-dc72-4b5d-b045-739dda7f5b33;7.41;12.09476464;SELL
2016-04-26T02:04:28.000000;2016-04-26T02:04:28.130199;c79221e9-4ab4-4972-9444-3691c3f1b350;7.41;6.1067968;SELL
2016-04-26T02:04:57.000000;2016-04-26T02:04:57.696688;9237dad6-db37-481f-9320-d9b5ea1459be;7.41;3.89844;SELL
2016-04-26T02:11:58.000000;2016-04-26T02:11:58.853132;651872e3-62f3-4bd3-aa95-8a43af7d2db5;7.4592;3.613241;BUY
2016-04-26T02:12:08.000000;2016-04-26T02:12:08.536136;4496f833-a459-4e08-8f35-4209cd5d71b2;7.4592;3.633238;SELL
2016-04-26T02:12:23.000000;2016-04-26T02:12:23.304580;3475eb7f-32a5-4480-a27a-be117074c10e;7.4592;20.72517372;SELL
2016-04-26T02:12:28.000000;2016-04-26T02:12:28.815141;89d12fc0-b3b5-4758-ac12-f286fe99ee6b;7.4592;20.72517372;SELL
2016-04-26T02:12:33.000000;2016-04-26T02:12:33.179605;3ccaa308-8dc3-4497-bdc4-71ce6de82313;7.4676;1.99605038;SELL
2016-04-26T02:12:33.000000;2016-04-26T02:12:33.738652;a65f85ab-9ee0-4379-95e6-a86b684c3089;7.4676;1.99605038;SELL
2016-04-26T02:12:34.000000;2016-04-26T02:12:34.279177;14ca10e1-e2e9-44f6-b244-cf40b5ba3c66;7.4676;1.99605038;SELL
2016-04-26T02:12:35.000000;2016-04-26T02:12:36.291883;1fe2a4ae-f01c-4372-b2fe-3690935fb208;7.493;14.66383266;SELL
2016-04-26T02:12:41.000000;2016-04-26T02:12:41.959461;dfdf6fce-d2dd-4c96-bc36-1ed8e78facea;7.493;14.68734181;SELL
2016-04-26T02:12:43.000000;2016-04-26T02:12:43.370600;eebc1aac-1c1d-4048-806d-9ff1bc737f70;7.493;8.64204675;SELL
2016-04-26T02:12:46.000000;2016-04-26T02:12:46.356899;ecc3865e-2a82-4c13-97dd-833487b24615;7.493;8.69824011;SELL
2016-04-26T02:12:48.000000;2016-04-26T02:12:48.398135;1cb28267-fef9-413d-982b-841daf514b1f;7.494;101.2272;BUY
2016-04-26T02:12:48.000000;2016-04-26T02:12:48.412091;c63a03a6-add4-44a8-9f83-64709cf0c7dd;7.496;3.617203;BUY
2016-04-26T02:12:48.000000;2016-04-26T02:12:48.416111;78065bf9-ab38-46e8-b117-712c3f7ea836;7.4968;3.17123803;BUY
2016-04-26T02:12:48.000000;2016-04-26T02:12:48.443097;1f0b6d33-ed44-44a3-be60-2103162ceabe;7.4972;6.57209974;BUY
2016-04-26T02:12:48.000000;2016-04-26T02:12:48.443097;6ca5bf22-144d-408e-a91f-3d81a623bf1f;7.5032;5.60136641;BUY
2016-04-26T02:12:48.000000;2016-04-26T02:12:48.622120;ef4dae6a-3702-4886-8bf7-644c4dc1f48a;7.5089;29.84574159;SELL
2016-04-26T02:12:48.000000;2016-04-26T02:12:48.910147;83f1a4a5-ab53-4daf-8375-2e23ea2da556;7.5089;41.02165677;SELL
2016-04-26T02:12:48.000000;2016-04-26T02:12:48.956156;26cf1218-8b9f-4aed-bbc5-4832e311f2f5;7.5089;0.00035046;SELL
2016-04-26T02:13:49.000000;2016-04-26T02:13:49.936256;0e0d1be1-0be2-474d-b5a5-fd3cf5fcb59f;7.4752;10.98970566;SELL
2016-04-26T02:14:09.000000;2016-04-26T02:14:09.751272;ad643f12-f412-4a78-be15-68cd6d97e0c0;7.493;8.47346667;BUY
2016-04-26T02:14:09.000000;2016-04-26T02:14:09.758231;51020b65-fd6e-4a21-9a01-7e205785718a;7.493;3.624838;BUY
2016-04-26T02:14:13.000000;2016-04-26T02:14:13.572642;2eb8fe8e-14a6-4b9c-a2fc-023d6d8c58f7;7.493;7.17118421;SELL
2016-04-26T02:14:16.000000;2016-04-26T02:14:16.336898;31da267c-aac7-46be-bd05-0fe6fd0cc701;7.493;8.08011315;SELL
2016-04-26T02:14:18.000000;2016-04-26T02:14:18.365118;b7a317dc-4dd9-4d1e-b0d2-0e0c95ea9e7e;7.5089;14.01738924;BUY
2016-04-26T02:14:18.000000;2016-04-26T02:14:18.380090;43bb9269-5131-4e89-904d-6115280d3c2b;7.5089;23.02399448;BUY
2016-04-26T02:14:18.000000;2016-04-26T02:14:18.385089;6f362953-1da0-4886-b1a1-b2ee84674de1;7.5089;3.93284884;BUY
2016-04-26T02:14:19.000000;2016-04-26T02:14:19.174184;8053e50d-87c2-467e-95f3-becf17373a19;7.5089;3.6075564;SELL
2016-04-26T02:14:19.000000;2016-04-26T02:14:19.278336;f15780ac-dcfd-47f0-b796-e8d0be7ac981;7.5089;48.79585867;SELL
2016-04-26T02:14:19.000000;2016-04-26T02:14:19.820251;961f3ff9-6ae1-4802-9ca1-f944c7363909;7.5089;8.08011315;SELL
2016-04-26T02:14:20.000000;2016-04-26T02:14:20.675322;8d07af43-ff2f-4e48-a357-1d2226a4f248;7.5089;36.22671335;SELL
2016-04-26T02:14:20.000000;2016-04-26T02:14:20.803334;c14a8c99-34b9-44fa-b891-ebeef5eaf893;7.5089;3.60817888;SELL
2016-04-26T02:14:20.000000;2016-04-26T02:14:20.927346;cf01bbfc-5b77-43ca-a593-0cefa1f257a1;7.5089;3.93284884;SELL
2016-04-26T02:14:23.000000;2016-04-26T02:14:23.953648;db497f5f-3c11-44f5-bbdc-b4872aeb2eef;7.5089;8.08011315;SELL
2016-04-26T02:14:24.000000;2016-04-26T02:14:24.627737;594ee607-a339-406f-b735-f1093b1d316a;7.5089;3.2546976;SELL
2016-04-26T02:15:32.000000;2016-04-26T02:15:32.482509;db063cd8-fd00-42e3-90c4-d97b270ff925;7.5079;20.60996196;BUY
2016-04-26T02:15:32.000000;2016-04-26T02:15:32.488489;3a5c14a9-9685-429f-9c8c-7d7f08efbbd0;7.5079;3.607025;BUY
2016-04-26T02:15:32.000000;2016-04-26T02:15:32.489504;a0da7492-7d8e-4ee8-a13d-617ed581bdfb;7.508;15.09294397;BUY
2016-04-26T02:41:32.000000;2016-04-26T02:41:32.994085;fddb7c4a-7ad5-4ebb-abd5-cec4d414258e;7.43;9.21602916;SELL
2016-04-26T02:41:33.000000;2016-04-26T02:41:33.291203;81d26979-cca5-47b6-bdf1-d584433e8e77;7.43;31.15817015;SELL
2016-04-26T02:41:34.000000;2016-04-26T02:41:34.125209;7d02e017-38c5-469c-98a9-37991690d52c;7.43;9.62580069;SELL
2016-04-26T02:41:34.000000;2016-04-26T02:41:34.290215;581a9481-3d70-46c4-b829-14be38071952;7.42;11.54006302;SELL
2016-04-26T02:41:37.000000;2016-04-26T02:41:37.346518;f3fbcae1-794c-4c0c-84c6-7fb4be50d28c;7.42;7.7712362;SELL
2016-04-26T02:41:38.000000;2016-04-26T02:41:38.230615;b5565161-fd1e-47b3-9de2-69e76c6a1595;7.42;7.7912949;SELL
2016-04-26T02:41:38.000000;2016-04-26T02:41:38.288609;87479019-2e6a-4352-af8f-38f8825381e6;7.42;12.37440949;SELL
2016-04-26T02:41:38.000000;2016-04-26T02:41:38.424623;35779b3b-6cca-4d45-9de0-5f7f0b286f6c;7.42;9.21602916;SELL
2016-04-26T02:41:38.000000;2016-04-26T02:41:38.460656;9c6c64ad-d3f6-4b63-8262-d578efc65af3;7.42;30.00694698;SELL
2016-04-26T02:41:38.000000;2016-04-26T02:41:38.720956;d08e7d0d-9117-44d8-9db6-bc6da1fcb98e;7.42;9.87352697;SELL
2016-04-26T02:41:38.000000;2016-04-26T02:41:38.736688;bc9d42f4-d665-4bb3-847f-562f09210bdd;7.42;21.58428149;SELL
2016-04-26T02:41:39.000000;2016-04-26T02:41:40.026804;898ce04f-0956-43a7-9016-11e2d35029b8;7.42;12.37440949;SELL
2016-04-26T02:41:40.000000;2016-04-26T02:41:40.047839;34068542-dc97-4ea9-ad36-30ff2cb4c2f8;7.42;7.7912949;SELL
2016-04-26T02:46:12.000000;2016-04-26T02:46:12.707056;4e2fd133-4fab-4818-80c5-138b9a1b6598;7.429;101.548;BUY
2016-04-26T02:46:12.000000;2016-04-26T02:46:12.714061;4b2eba4b-9bd6-4c43-8be6-f12df6b557ca;7.429;3.58596;BUY
2016-04-26T02:46:14.000000;2016-04-26T02:46:14.225259;f61425cf-b9fd-418d-b74d-1dd4d2845564;7.429;1.4471;SELL
2016-04-26T02:46:14.000000;2016-04-26T02:46:14.869301;4ff9b4d2-d60c-42d6-ab44-78abf972d217;7.429;1.4471;SELL
2016-04-26T02:46:16.000000;2016-04-26T02:46:16.628434;b8183e6e-fa63-495a-901b-58544edc5644;7.429;1.4471;SELL
2016-04-26T02:46:17.000000;2016-04-26T02:46:17.655582;b816404b-5844-4840-84d0-6245b30877f4;7.429;3.643074;SELL
2016-04-26T02:46:28.000000;2016-04-26T02:46:28.689679;63e097b7-f34d-4b97-818f-5dad1010db1a;7.4309;45.69687797;BUY
2016-04-26T02:46:41.000000;2016-04-26T02:46:41.872993;7ac3281e-89d9-4395-9d47-f8a46055423a;7.468;101.1194;BUY
2016-04-26T02:46:41.000000;2016-04-26T02:46:41.875989;b7bf3aaa-2ed9-4a68-b8b1-fc6745b4bba5;7.47;100.0;BUY
2016-04-26T02:46:42.000000;2016-04-26T02:46:42.136998;7cbf2658-177c-42f7-a1a2-8ea81aa60a09;7.5089;2.59399749;SELL
2016-04-26T02:46:42.000000;2016-04-26T02:46:42.309062;b674a499-e5a0-47be-99f8-c80a3d894ca2;7.5089;48.0;SELL
2016-04-26T02:46:42.000000;2016-04-26T02:46:42.388014;d16ed5a2-a9ca-4e25-914e-266e94828ca5;7.5089;73.78846229;SELL
2016-04-26T02:46:42.000000;2016-04-26T02:46:42.403022;4ff2aeb5-ed8c-48a8-8aa9-ac8683e86581;7.5089;1.25538027;SELL
2016-04-26T02:46:42.000000;2016-04-26T02:46:42.443022;ff5e005a-9a0e-441b-b7e5-f430d0e06d83;7.5089;9.62458203;SELL
2016-04-26T02:46:42.000000;2016-04-26T02:46:42.519047;172fc13d-26bb-49c8-9f0c-dd60c156a159;7.5089;0.16374525;SELL
2016-04-26T02:46:42.000000;2016-04-26T02:46:42.561056;2906b655-f98c-4767-b41b-50e18395adad;7.5089;45.14424978;SELL
2016-04-26T02:46:42.000000;2016-04-26T02:46:42.727068;5a2c4201-4ac0-4f10-bd78-510290607f0d;7.5089;9.62458203;SELL
2016-04-26T02:46:42.000000;2016-04-26T02:46:42.733066;668458ab-ebae-4d0a-855a-c07d1f0d307d;7.5089;1.25538027;SELL
2016-04-26T02:46:42.000000;2016-04-26T02:46:42.758065;2bba0d56-e39d-454a-afe5-09724a784e2f;7.5089;0.16374525;SELL
2016-04-26T02:46:43.000000;2016-04-26T02:46:43.465123;43a82e91-502d-4a13-8769-4c27a663dcb4;7.5089;1.25538027;SELL
2016-04-26T02:46:44.000000;2016-04-26T02:46:44.777262;5901adcc-aeb8-4315-8f40-6eb099306c95;7.5089;2.10535759;SELL
2016-04-26T02:46:44.000000;2016-04-26T02:46:45.040292;dc3677a0-134a-419c-a3dd-48ff788e1a8f;7.5089;29.33489548;SELL
2016-04-26T02:46:47.000000;2016-04-26T02:46:48.331809;72c4ad6f-a7da-413f-a6d1-c4cf2cff13f7;7.42;16.28669894;SELL
2016-04-26T02:47:40.000000;2016-04-26T02:47:40.954880;40f85b09-772e-4722-baa3-2e20524a88b2;7.4696;2.10535759;BUY
2016-04-26T02:47:40.000000;2016-04-26T02:47:41.003886;f65cb255-8942-4af0-a01f-58ca8b44436a;7.4696;0.41854684;BUY
2016-04-26T02:47:40.000000;2016-04-26T02:47:41.013894;d15e4a61-5c7a-41ba-9b86-de34ab9f280f;7.4696;0.57945316;BUY
2016-04-26T02:47:40.000000;2016-04-26T02:47:41.059885;fbee026c-ce03-4631-bdb0-37a7c1bdc75e;7.4696;10.795936;BUY
2016-04-26T02:47:40.000000;2016-04-26T02:47:41.061919;dbc1665a-235b-4650-88a9-443b6a3cd52e;7.4696;1.40816557;BUY
2016-04-26T02:47:42.000000;2016-04-26T02:47:42.604043;352bbb1b-bbb2-4674-bd2b-bc1b3f9f9214;7.4696;37.50439257;SELL
2016-04-26T02:47:46.000000;2016-04-26T02:47:46.687501;9d585762-beed-4b80-95ae-694fc030f279;7.4696;6.49608726;SELL
2016-04-26T02:47:48.000000;2016-04-26T02:47:48.922663;cef7cd92-2209-4602-b7ad-8c3b6619a020;7.4696;6.32697907;SELL
2016-04-26T02:47:50.000000;2016-04-26T02:47:51.132912;8e3cb162-087a-40c1-bde1-63b530db76c2;7.4696;6.32697907;SELL
2016-04-26T02:47:53.000000;2016-04-26T02:47:53.953181;b68220dd-6264-498f-82b0-5009ee01b160;7.4697;6.32697907;SELL
2016-04-26T02:47:56.000000;2016-04-26T02:47:56.169565;2709a2e0-0f9c-43c7-995e-274f6044fdf4;7.4697;6.32697907;SELL
2016-04-26T02:47:58.000000;2016-04-26T02:47:58.238614;76f4f043-305c-48ba-bfd0-11d2825cdfc7;7.4697;6.36217325;SELL
2016-04-26T02:47:59.000000;2016-04-26T02:47:59.706753;bc56fbcc-59ca-4eab-bb33-ac0adf6b2d44;7.4697;2.77443426;SELL
2016-04-26T02:48:00.000000;2016-04-26T02:48:00.422832;9447bfdc-0af0-4c57-a1d3-90bacc08d4b5;7.4697;6.30580461;SELL
2016-04-26T02:48:02.000000;2016-04-26T02:48:02.826067;8624021c-49e8-4bb1-b094-24f154872590;7.4697;6.30580461;SELL
2016-04-26T02:48:05.000000;2016-04-26T02:48:05.100291;79627969-872a-420d-9227-b2125f6e6a04;7.4697;6.36217325;SELL
2016-04-26T02:48:06.000000;2016-04-26T02:48:06.303415;1a750964-6fe3-4fb4-a1ca-174bad09627d;7.4698;0.38630138;BUY
2016-04-26T02:48:06.000000;2016-04-26T02:48:06.305440;180f38a9-7735-4096-a672-89ec11797c8c;7.4699;13.0292021;BUY
2016-04-26T02:48:06.000000;2016-04-26T02:48:06.313430;91a1230b-36ad-4a70-a356-1c9291db5a90;7.4909;8.03615686;BUY
2016-04-26T02:48:06.000000;2016-04-26T02:48:06.337422;37abe513-63a9-4f19-9c8c-6f9a98dec702;7.491;3.630312;BUY
2016-04-26T02:48:06.000000;2016-04-26T02:48:06.337422;7f1dd636-e586-453a-951d-f4d888010d85;7.508;31.44025211;BUY
2016-04-26T02:48:06.000000;2016-04-26T02:48:06.804460;86700030-62fa-4760-b55e-449d13841c11;7.5089;9.76959411;SELL
2016-04-26T02:48:06.000000;2016-04-26T02:48:06.970497;980db3ce-2d54-4cfa-9a0c-2d8fed11d242;7.5089;9.04557924;SELL
2016-04-26T02:48:06.000000;2016-04-26T02:48:07.046491;b9a24b32-56be-4b0f-97e6-f05607087b22;7.5089;7.3745992;SELL
2016-04-26T02:48:06.000000;2016-04-26T02:48:07.070528;85c3ff37-0b3d-4802-a9ec-d7565fafab01;7.4697;19.3254008;SELL
2016-04-26T02:48:41.000000;2016-04-26T02:48:41.667957;ead5f015-791c-4f60-987f-f8d5cec7c987;7.4697;6.30580461;BUY
2016-04-26T02:48:44.000000;2016-04-26T02:48:44.107191;1cba732c-eec1-469f-b971-da436b6366c2;7.4697;6.3804468;SELL
2016-04-26T02:48:56.000000;2016-04-26T02:48:56.327411;cf8eed84-4cc6-40a8-87f4-185b80ef66a0;7.4912;2.9616439;BUY
2016-04-26T02:48:56.000000;2016-04-26T02:48:56.337413;3bcfa09e-8e8a-46ac-ab9d-ce1588c17d23;7.4913;2.12435203;BUY
2016-04-26T02:48:56.000000;2016-04-26T02:48:56.369410;2f7273ec-45fd-4548-a6fa-a4193ff10eec;7.4914;12.08275787;BUY
2016-04-26T02:48:56.000000;2016-04-26T02:48:56.480427;a691ea04-f2ba-4852-b137-91d8882f218c;7.4916;2.15589595;SELL
2016-04-26T02:48:56.000000;2016-04-26T02:48:56.692467;54e7bad6-ce5c-47e4-9f73-39af08e01ab6;7.4916;11.24740572;SELL
2016-04-26T02:48:57.000000;2016-04-26T02:48:57.371594;0527a23c-28f5-4bea-9e10-851cb576f644;7.4916;7.984;SELL
2016-04-26T02:48:59.000000;2016-04-26T02:48:59.226693;c3d3066f-f4c7-41ac-8517-7b96ed34e2c8;7.4916;11.5567954;SELL
2016-04-26T02:48:59.000000;2016-04-26T02:48:59.701258;09b58dd4-f275-4598-a79f-11f7a6b127ef;7.4916;0.91755276;SELL
2016-04-26T02:48:59.000000;2016-04-26T02:48:59.908781;438db2a3-7695-4241-b054-d26f8bd9abd3;7.4916;10.1690681;SELL
2016-04-26T02:48:59.000000;2016-04-26T02:48:59.920870;09fbb064-f419-4aab-a4ae-8cda5f456f74;7.4916;1.32640018;SELL
2016-04-26T02:48:59.000000;2016-04-26T02:48:59.997768;24f7c9f0-174d-4080-8fc5-184a5eda4c2f;7.4916;7.03457112;SELL
2016-04-26T02:49:00.000000;2016-04-26T02:49:00.311806;a4284cf0-e83b-46c3-ae1b-a42a00577f58;7.4916;3.633116;SELL
2016-04-26T02:49:00.000000;2016-04-26T02:49:00.809853;0beaa651-c6b1-497a-b996-2074230ec544;7.4916;31.85676778;SELL
2016-04-26T02:49:01.000000;2016-04-26T02:49:01.101882;c5139aa4-735a-4250-aa73-4cd146c4690b;7.4916;6.85346578;SELL
2016-04-26T02:49:02.000000;2016-04-26T02:49:02.187986;f453c4b8-1965-4ed8-b1ee-e10ee064a16b;7.4916;0.12967195;SELL
2016-04-26T02:49:03.000000;2016-04-26T02:49:03.626202;8f1cca44-2144-4783-b9e2-890f82db6cd1;7.4917;8.01023141;SELL
2016-04-26T02:49:05.000000;2016-04-26T02:49:05.243291;4a7da0bf-4417-47b5-94df-9e06b020ef46;7.4917;8.01023141;SELL
2016-04-26T02:49:07.000000;2016-04-26T02:49:07.643575;9f73687e-2c63-4d22-8f59-31c70ea569ab;7.4917;15.58420818;SELL
2016-04-26T02:49:15.000000;2016-04-26T02:49:15.501363;4b45f6fa-a55f-4bd4-8504-23eb81307cbb;7.4916;15.58420818;BUY
2016-04-26T02:49:15.000000;2016-04-26T02:49:15.504334;f409d2f1-997a-497d-9150-c35324e882df;7.4916;15.58420818;BUY
2016-04-26T02:49:15.000000;2016-04-26T02:49:15.505333;0393f0a3-d0a4-48bb-8a64-b6f1fa4edce9;7.4916;7.45809582;BUY
2016-04-26T02:49:15.000000;2016-04-26T02:49:15.535348;4ea1b96c-fcc9-41fc-854c-f941ffcf75fe;7.4917;6.04108782;BUY
2016-04-26T02:51:16.000000;2016-04-26T02:51:16.538439;52f1a6bf-e9b2-41ca-97f6-a481f0424c13;7.4836;0.44910764;BUY
2016-04-26T02:51:16.000000;2016-04-26T02:51:16.543436;f86ad11a-6ee5-4a2d-be41-191c51971c2a;7.4836;26.39754928;BUY
2016-04-26T02:51:16.000000;2016-04-26T02:51:16.569438;c1ad7a8a-8f39-404c-bf8e-96595e2f7568;7.4836;6.17905842;BUY
2016-04-26T02:51:16.000000;2016-04-26T02:51:16.569438;db6eb2e1-eb79-418a-945d-c16cf20aafa8;7.4836;0.80596414;BUY
2016-04-26T02:51:16.000000;2016-04-26T02:51:16.569438;f747ee60-d398-4aaa-bfc9-137e87d8e9ca;7.4836;0.10512576;BUY
2016-04-26T02:51:16.000000;2016-04-26T02:51:16.572436;fe99b9ad-1556-4b2f-9c34-26f61398e467;7.4836;3.4431586;BUY
2016-04-26T02:51:16.000000;2016-04-26T02:51:16.600495;87121f5a-0679-4e0d-bef6-483294a0cc84;7.4837;11.56139091;BUY
2016-04-26T02:51:16.000000;2016-04-26T02:51:16.600495;041e0120-b61b-4722-b8a2-a77de2c30fbf;7.4915;7.17803586;BUY
2016-04-26T02:51:16.000000;2016-04-26T02:51:16.601438;a560a608-38d0-4ed9-9279-6c95666f9de2;7.4916;3.627609;BUY
2016-04-26T02:51:18.000000;2016-04-26T02:51:18.116621;eadeb146-69a3-4173-9531-b0ddaaf9d211;7.4916;7.984;SELL
2016-04-26T02:51:19.000000;2016-04-26T02:51:19.059704;c6853315-2681-40e3-8b5d-8ed6ae612619;7.4916;12.44136444;SELL
2016-04-26T02:51:19.000000;2016-04-26T02:51:19.958805;0b3d05a8-b2fc-4932-b349-f30a976e38b2;7.4916;5.42023028;SELL
2016-04-26T02:51:19.000000;2016-04-26T02:51:20.026804;7d898924-87b0-487b-babc-95f9ae78efc7;7.4916;1.04511057;SELL
2016-04-26T02:51:20.000000;2016-04-26T02:51:20.107793;a35944c1-1594-4af1-a214-3705d18cd881;7.4916;0.13631877;SELL
2016-04-26T02:51:20.000000;2016-04-26T02:51:20.122801;0b7b8f73-6c15-4563-8a5a-d3a18ae6841b;7.4916;8.01251433;SELL
2016-04-26T02:51:24.000000;2016-04-26T02:51:24.751248;7e1aa9d1-574a-4163-a6ba-0f2f157ad2b4;7.4916;10.39973346;BUY
2016-04-26T02:51:24.000000;2016-04-26T02:51:24.760268;b1531586-a29f-4009-a135-cae5e6a5b3b6;7.4916;1.35648697;BUY
2016-04-26T02:51:24.000000;2016-04-26T02:51:24.769259;15fff4c9-0251-45d6-89bb-9229b217cf84;7.4917;7.98476109;BUY
2016-04-26T02:51:25.000000;2016-04-26T02:51:25.174306;d744ade2-7c91-4cef-a86c-edf1a02bc081;7.4917;0.80596414;SELL
2016-04-26T02:51:26.000000;2016-04-26T02:51:26.069384;635fe50d-222f-4eec-beae-4ad4c3b719c8;7.4917;1.4499245;SELL
2016-04-26T02:51:26.000000;2016-04-26T02:51:26.089432;242a1d69-6447-4d97-b37d-45cb6a51f6d7;7.4917;11.11608787;SELL
2016-04-26T02:51:26.000000;2016-04-26T02:51:26.803454;a6cc7b37-9fce-494e-9f7a-f9d5bd615b9d;7.4917;1.00432913;SELL
2016-04-26T02:51:28.000000;2016-04-26T02:51:28.586635;f2644dea-5af0-4f76-9710-a99bccaeb45b;7.4917;10.14582793;SELL
2016-04-26T02:51:28.000000;2016-04-26T02:51:28.744678;cddb2358-6ff8-4ca0-8cbb-981927497330;7.4917;1.32336886;SELL
2016-04-26T02:51:29.000000;2016-04-26T02:51:29.489787;2dc5d5f9-a760-4e9a-bfc5-0a05c442afa0;7.4917;12.00209531;SELL
2016-04-26T02:51:29.000000;2016-04-26T02:51:29.722791;cf563966-d2af-42d9-9e9d-aebbea436e60;7.4917;7.69985667;SELL
2016-04-26T02:51:29.000000;2016-04-26T02:51:29.970771;ac4b3186-b2e1-4880-96db-47f4dc37c64d;7.4917;1.29212826;SELL
2016-04-26T02:51:30.000000;2016-04-26T02:51:30.202797;c0ae12ce-615d-4175-84b3-0d3f8213776f;7.4917;9.90631667;SELL
2016-04-26T02:51:30.000000;2016-04-26T02:51:30.329799;8ccaadbe-9a8e-48f4-8553-1b9efff2ae0c;7.4917;4.58972069;SELL
2016-04-26T02:53:15.000000;2016-04-26T02:53:15.153638;f907bbcc-ff68-4805-820e-6082fd54ad4c;7.4915;1.08339697;SELL
2016-04-26T02:53:16.000000;2016-04-26T02:53:16.102719;94035b9a-d999-494e-9db9-b0f83f0a57f3;7.4915;14.33283992;SELL
2016-04-26T02:53:16.000000;2016-04-26T02:53:16.801830;1b212134-7cf3-4e03-ae39-77f2706b2ffb;7.4917;5.90198535;BUY
2016-04-26T02:53:26.000000;2016-04-26T02:53:27.103821;9739ff1f-0770-4fb0-b1ea-ae16fba1f6ea;7.5089;0.78663253;SELL
2016-04-26T02:53:29.000000;2016-04-26T02:53:29.249037;9d54b14b-e9f2-46ba-8727-bf312a60ab57;7.5089;0.78663253;SELL
2016-04-26T02:53:32.000000;2016-04-26T02:53:32.696460;73220584-a5a5-40b5-a7e9-90af4d4a9556;7.5089;9.55857764;SELL
2016-04-26T02:55:57.000000;2016-04-26T02:55:57.380846;aa4e46bf-2e7e-4f85-90b4-9788f30b7f05;7.5088;2.89033;BUY
2016-04-26T02:56:31.000000;2016-04-26T02:56:31.231591;14f7a413-679f-497f-831e-3317660119c2;7.4929;1.696971;SELL
2016-04-26T02:56:37.000000;2016-04-26T02:56:37.670893;e70ba291-f122-467d-b9c9-92e5ea758920;7.4929;1.696971;BUY
2016-04-26T02:56:37.000000;2016-04-26T02:56:37.680876;72ce0d34-4292-4ee9-954a-bb243b4e489e;7.493;0.926086;BUY
2016-04-26T02:56:54.000000;2016-04-26T02:56:54.061529;df9bbdf8-d39b-4ff0-89a6-304e749e86bd;7.493;2.21347598;BUY
2016-04-26T02:56:54.000000;2016-04-26T02:56:54.062518;4a979308-495f-4361-b9e9-af8f94de5c6e;7.5087;3.623187;BUY
2016-04-26T02:56:54.000000;2016-04-26T02:56:54.063513;0fc1db05-1124-4496-9e4a-cf1b69c23361;7.5088;0.736769;BUY
2016-04-26T02:56:54.000000;2016-04-26T02:56:54.095025;499c30fc-3047-4751-a72c-792bdf26bb8c;7.5089;9.55857764;BUY
2016-04-26T02:56:56.000000;2016-04-26T02:56:56.113731;82c0a4d8-a328-4b97-bada-0bc553d23908;7.5089;0.28674926;SELL
2016-04-26T02:57:29.000000;2016-04-26T02:57:29.215065;8a2dfd78-ad4b-44ff-9624-94f9583cd0f2;7.493;0.7829;SELL
2016-04-26T02:58:40.000000;2016-04-26T02:58:40.373153;5987901d-a367-41ad-abce-b51e39012e77;7.493;0.7829;BUY
2016-04-26T02:58:40.000000;2016-04-26T02:58:40.377169;2705ea53-49a9-47c6-80cb-9e32ef877ec9;7.493;1.28944171;BUY
2016-04-26T02:58:40.000000;2016-04-26T02:58:40.384155;281ba162-db12-492b-bd0c-c75a44ab8492;7.5054;3.627269;BUY
2016-04-26T02:58:40.000000;2016-04-26T02:58:40.408143;b3fc5b81-1c12-49cb-a7dd-b0fbc6e590fd;7.5088;0.28674926;BUY
2016-04-26T02:58:40.000000;2016-04-26T02:58:40.421160;a0eba854-138d-41e0-af9e-aed40b5aa6ef;7.5089;1.17449484;BUY
2016-04-26T02:58:42.000000;2016-04-26T02:58:42.366366;4917d933-1d5a-423e-a40c-ee5ddda09e94;7.5089;0.55952076;SELL
2016-04-26T02:58:42.000000;2016-04-26T02:58:42.378349;7d108680-fe97-4387-9f30-3d1b33502826;7.5089;4.28965911;SELL
2016-04-26T02:58:42.000000;2016-04-26T02:58:42.596385;08d39b7a-09bc-4515-9c86-a88c1cfeac97;7.5089;0.55952076;SELL
2016-04-26T02:58:42.000000;2016-04-26T02:58:42.620407;c0a28b9c-a24b-403c-abf6-acd69627a45f;7.5089;4.28965911;SELL
2016-04-26T02:58:43.000000;2016-04-26T02:58:43.670489;7208d4ac-ab4e-4dad-8a5c-105572e16329;7.5089;0.31213062;SELL
2016-04-26T02:58:43.000000;2016-04-26T02:58:43.671483;fa6a3389-3e1d-4324-931f-225a098ee086;7.5089;0.39900412;SELL
2016-04-26T02:58:45.000000;2016-04-26T02:58:45.138630;e544cebf-ccd9-4ef4-9ed8-16580452f3b0;7.5089;0.39365758;SELL
2016-04-26T02:59:35.000000;2016-04-26T02:59:35.685708;bedb5643-db49-4568-a31e-e17d4e65140a;7.4207;6.63312042;SELL
2016-04-26T02:59:35.000000;2016-04-26T02:59:35.693681;1c4c6fa3-e6bf-4a7c-bbd2-d5f7c608d7d3;7.42;3.36687958;SELL
2016-04-26T03:00:03.000000;2016-04-26T03:00:03.433475;924a720f-d191-4028-9134-be343bf06429;7.491;0.76747173;SELL
2016-04-26T03:00:09.000000;2016-04-26T03:00:09.048031;b7c7a347-42e4-459a-b8c8-e10e99402c02;7.5049;0.228693;SELL
2016-04-26T03:00:14.000000;2016-04-26T03:00:14.244548;c4aad452-e2d4-49c2-9b68-b474d7a1cf39;7.4959;0.878843;SELL
2016-04-26T03:00:22.000000;2016-04-26T03:00:22.254330;ab60ddee-c209-4b81-9c7d-723ef77fbcec;7.4958;0.228693;BUY
2016-04-26T03:00:22.000000;2016-04-26T03:00:22.256887;55f846f4-2f24-466a-b350-c66f3898538b;7.4958;0.99876231;BUY
2016-04-26T03:00:22.000000;2016-04-26T03:00:22.256887;e7d00e83-03a8-4d7c-af7c-01cae3010925;7.4958;0.65080557;BUY
2016-04-26T03:00:22.000000;2016-04-26T03:00:22.288332;b5d9b88f-6db0-4e62-881b-4e75f3061914;7.4958;0.2030355;BUY
2016-04-26T03:00:22.000000;2016-04-26T03:00:22.288332;6e12600f-b90a-4b5c-adf6-0bb5404ecbfa;7.4958;0.70975462;BUY
2016-04-26T03:05:35.000000;2016-04-26T03:05:35.500729;712b3a52-c1ea-42f0-b6d8-a84644f0ce99;7.4919;6.6264873;BUY
2016-04-26T03:05:35.000000;2016-04-26T03:05:35.509689;d739d79e-d65e-42f8-8382-2e90529a6792;7.4926;2.39300138;BUY
2016-04-26T03:05:35.000000;2016-04-26T03:05:35.510654;d5ae8d3e-78ef-42b9-8211-54cf74a7bfc8;7.4934;2.349277;BUY
2016-04-26T03:05:35.000000;2016-04-26T03:05:35.541667;54a1203b-4a02-4fa7-9841-369728d3adb7;7.4949;0.228693;BUY
2016-04-26T03:05:35.000000;2016-04-26T03:05:35.541667;204443b7-d14c-4fd5-9cc1-c7a58d0a1c4a;7.4959;0.878843;BUY
2016-04-26T03:06:34.000000;2016-04-26T03:06:34.450618;cbdfa513-c5a9-4bf0-9677-9f156687f26d;7.5047;0.591277;SELL
2016-04-26T03:07:09.000000;2016-04-26T03:07:09.239774;85e9a8b4-d6d5-4d38-b412-72a3387e0cb6;7.5009;0.34942;SELL
2016-04-26T03:08:10.000000;2016-04-26T03:08:10.315854;2e8e26b2-8f33-4b54-a087-6e7729efb444;7.4994;0.158685;SELL
2016-04-26T03:08:18.000000;2016-04-26T03:08:18.810714;84dbfd2a-71e1-4106-934e-cf38e1e18bf9;7.5014;0.564163;SELL
2016-04-26T03:08:23.000000;2016-04-26T03:08:23.284130;83b02d46-b16f-4588-8221-aee99c715b1c;7.5027;0.341254;SELL
2016-04-26T03:08:33.000000;2016-04-26T03:08:33.665172;83c605ba-4305-41cc-8d8b-282dffbcdffa;7.5062;0.398972;SELL
2016-04-26T03:11:07.000000;2016-04-26T03:11:07.639577;90afed41-d601-48a3-b5ed-7bdf1e91c4d6;7.439;1.0;SELL
2016-04-26T03:26:37.000000;2016-04-26T03:26:37.445513;3bd903b5-945a-4add-8ab4-731c57e2f574;7.4273;3.44041344;SELL
2016-04-26T03:26:37.000000;2016-04-26T03:26:37.445513;47acd582-485e-4faf-a66c-577031f92878;7.42;50.22292888;SELL
2016-04-26T03:26:37.000000;2016-04-26T03:26:37.446488;13b111bb-bef5-4985-a00d-a55aebb4d523;7.4123;246.33665768;SELL
2016-04-26T03:26:40.000000;2016-04-26T03:26:40.313776;ec5316bd-4eef-49dc-a677-1fc4a389c07e;7.4123;98.75334232;SELL
2016-04-26T03:26:40.000000;2016-04-26T03:26:40.320795;52c94607-1e66-40d8-a0ef-bd7f50620997;7.41;69.11351456;SELL
2016-04-26T03:26:40.000000;2016-04-26T03:26:40.327781;52d9b7c1-dd15-43af-bb8f-43bfbc86fd21;7.4023;5.1106;SELL
2016-04-26T03:26:40.000000;2016-04-26T03:26:40.351821;7e75d2a4-f569-4674-b7c0-44d706efbcc7;7.4;19.12714996;SELL
2016-04-26T03:26:40.000000;2016-04-26T03:26:40.351821;fad278dd-3651-448c-92fc-5f682dc0aded;7.4;0.5;SELL
2016-04-26T03:26:40.000000;2016-04-26T03:26:40.351821;f224c62d-93c2-4986-9795-4e7c97c3b515;7.4;100.0;SELL
2016-04-26T03:26:40.000000;2016-04-26T03:26:40.351821;dedbf65b-6486-441f-9c03-0feaac77d70d;7.3768;1.233444;SELL
2016-04-26T03:26:40.000000;2016-04-26T03:26:40.356814;37749315-a111-4776-b216-d85e6c671309;7.361;6.16194916;SELL
2016-04-26T03:26:46.000000;2016-04-26T03:26:46.342377;524c8e4e-59d1-4aae-af16-ca1bd10d4433;7.4133;0.9;SELL
2016-04-26T03:26:46.000000;2016-04-26T03:26:46.356382;e4d9abe7-47f2-4311-864a-f2074f31c443;7.4011;299.1;SELL
2016-04-26T03:27:21.000000;2016-04-26T03:27:21.241861;4f771c3e-561e-4db1-80f3-60f75bbbd814;7.363;300.0;SELL
2016-04-26T03:27:29.000000;2016-04-26T03:27:30.001752;ca2ca27d-1ba7-44ff-af66-9860eb9745d9;7.371;300.0;SELL
2016-04-26T03:28:46.000000;2016-04-26T03:28:46.440384;0008f99b-956e-4737-b726-acec179aa0e7;7.3791;27.16528545;SELL
2016-04-26T03:29:00.000000;2016-04-26T03:29:00.452788;4db6e307-4bf8-4a9f-a7b8-d5a64db4e807;7.409;0.28120507;BUY
2016-04-26T03:29:05.000000;2016-04-26T03:29:05.517296;23ea1b88-bd27-4f6b-8d57-eefb316cf3db;7.4;10.0;BUY
2016-04-26T03:29:35.000000;2016-04-26T03:29:36.011334;0665a16a-b822-4d30-bcf7-b2527fb5f179;7.409;9.27;BUY
2016-04-26T03:29:41.000000;2016-04-26T03:29:41.655945;1bf024a2-b6fc-48b6-b823-d704f975770e;7.409;31.98;BUY
2016-04-26T03:29:44.000000;2016-04-26T03:29:44.132148;7c6cea25-702d-4bff-b17d-d3220c30bbbb;7.409;12.06;BUY
2016-04-26T03:29:44.000000;2016-04-26T03:29:44.584200;1ceb3447-0b40-4e76-996d-d95c41f9a17b;7.409;12.75;BUY
2016-04-26T03:29:49.000000;2016-04-26T03:29:49.816751;ac2bd6de-835d-4d2a-8b37-20a59094a1e8;7.409;32.77;BUY
2016-04-26T03:29:51.000000;2016-04-26T03:29:51.880948;7467a890-6589-40d7-b704-ce4f2073eda0;7.409;30.16;BUY
2016-04-26T03:29:52.000000;2016-04-26T03:29:52.377983;5082e59a-9a2a-46e5-9243-8c5fb694fb66;7.409;37.5421;BUY
2016-04-26T03:29:52.000000;2016-04-26T03:29:52.666003;6ed143e6-67f3-4ba9-bb52-3c73f87a25e4;7.409;0.9;SELL
2016-04-26T03:30:02.000000;2016-04-26T03:30:02.463983;e8ac47f5-6cb1-46f6-a60b-84effbf29403;7.41;10.0;BUY
2016-04-26T03:30:47.000000;2016-04-26T03:30:47.997549;e49699ad-cb1c-4e26-a094-e344caa0566f;7.42;10.0;BUY
2016-04-26T03:31:05.000000;2016-04-26T03:31:05.877326;6d394e39-519a-4e18-8b02-ea0c7ea9be27;7.43;3.3787;BUY
2016-04-26T03:32:30.000000;2016-04-26T03:32:30.525781;66189d23-e1a5-4eb8-b91c-b168e68a5bd8;7.43;6.62;BUY
2016-04-26T03:32:31.000000;2016-04-26T03:32:31.190847;c9cfd22c-efbc-4f1b-83c7-f37c2c9e6354;7.43;0.0013;BUY
2016-04-26T03:32:32.000000;2016-04-26T03:32:32.075960;4d5dca47-3633-4384-961c-3bfc25007b76;7.44;10.0;BUY
2016-04-26T03:32:33.000000;2016-04-26T03:32:33.773096;4ad28ac6-833d-4a87-9b30-7bfe63ab55f4;7.44;0.67394546;SELL
2016-04-26T03:32:33.000000;2016-04-26T03:32:33.904162;0bb9b191-b217-49d6-af1e-56d1405576be;7.44;5.16691438;SELL
2016-04-26T03:32:33.000000;2016-04-26T03:32:33.972433;f0796c83-25cd-474b-84fb-1323021a3965;7.44;4.15914016;SELL
2016-04-26T03:32:35.000000;2016-04-26T03:32:36.026372;338f75cb-436c-40f4-816d-6178403721ca;7.441;6.42334573;SELL
2016-04-26T03:32:36.000000;2016-04-26T03:32:36.248355;621cfa82-5f74-48bc-a20c-ec1b8f69ee22;7.441;3.07665427;SELL
2016-04-26T03:32:36.000000;2016-04-26T03:32:36.926421;42d99067-8518-4ca9-823e-7eb8f13a20fa;7.4499;12.24;BUY
2016-04-26T03:32:36.000000;2016-04-26T03:32:36.941418;410f4bcf-8459-4f27-92b4-1c02f17e06e2;7.4311;6.42334573;SELL
2016-04-26T03:32:38.000000;2016-04-26T03:32:38.345576;335cfc16-6078-42f2-8afa-ac7804ca0198;7.432;20.12510541;SELL
2016-04-26T03:33:02.000000;2016-04-26T03:33:02.204982;f137193f-5c57-4e87-a025-7a9774c4c24a;7.4499;6.42334573;BUY
2016-04-26T03:33:02.000000;2016-04-26T03:33:02.214969;177aabf3-ca64-432d-960c-a4ca877004df;7.45;9.99665427;BUY
2016-04-26T03:34:01.000000;2016-04-26T03:34:01.963190;8faa1625-df58-4e25-9bc7-9f89564a81ff;7.45;0.00334573;BUY
2016-04-26T03:36:34.000000;2016-04-26T03:36:35.180715;f2200e3f-bb8a-4bfd-aa79-51c215869d4a;7.446;99.0869;BUY
2016-04-26T03:36:37.000000;2016-04-26T03:36:37.728497;2b510e4e-2d8c-42d8-bdb7-8cf723dea330;7.446;0.91;BUY
2016-04-26T03:38:41.000000;2016-04-26T03:38:41.918637;891e3f20-18e2-43fa-bf29-58a6c3dd2538;7.4355;2.50501002;BUY
2016-04-26T03:38:43.000000;2016-04-26T03:38:43.291811;7ebe92c0-1f9f-4385-a0bd-8ff392c1113e;7.4355;2.50501002;BUY
2016-04-26T03:39:18.000000;2016-04-26T03:39:18.598313;f27a9063-7343-44a4-bf59-3be58890e272;7.4355;5.02004008;BUY
2016-04-26T03:39:40.000000;2016-04-26T03:39:40.595493;96940b7a-8d51-4598-a60c-5a31df82399e;7.4355;5.02004008;BUY
2016-04-26T03:39:41.000000;2016-04-26T03:39:41.563581;c388b0f1-4601-467d-9066-aad3aeb0fffb;7.4355;5.02004008;BUY
2016-04-26T03:40:13.000000;2016-04-26T03:40:13.535791;123d8502-315d-435b-b1d4-049109ffd9b2;7.4355;3.87872745;BUY
2016-04-26T03:40:30.000000;2016-04-26T03:40:30.429479;17477636-1b48-4795-a1ce-2a9fb2ef69bc;7.4355;2.50501002;BUY
2016-04-26T03:40:39.000000;2016-04-26T03:40:39.290366;03c5d3be-d158-47d5-8833-b2804b0fb3ee;7.4355;3.01641735;BUY
2016-04-26T03:40:58.000000;2016-04-26T03:40:58.344265;15cecefa-2150-4076-b7f0-bcc5c618406e;7.4355;6.3;BUY
2016-04-26T03:41:02.000000;2016-04-26T03:41:02.564723;5fd778be-d081-492d-a1a0-84bcfa0e734a;7.4355;0.9;BUY
2016-04-26T03:41:04.000000;2016-04-26T03:41:04.769908;ceaea053-6507-4854-b969-a0a3375312bd;7.4355;13.3297049;BUY
2016-04-26T03:41:12.000000;2016-04-26T03:41:13.038742;7cffb5af-9612-4560-8583-7da8d2b121cb;7.446;0.0031;BUY
2016-04-26T03:41:12.000000;2016-04-26T03:41:13.039735;0e075428-739e-4ff2-bacf-bc1e24947696;7.446;1.5456517;BUY
2016-04-26T03:42:06.000000;2016-04-26T03:42:06.327070;835f6a49-ee0e-44f2-bc77-458830d838c8;7.446;7.83;BUY
2016-04-26T03:42:07.000000;2016-04-26T03:42:07.867221;595ff6b9-f69c-4688-8ba2-4e7cbbe775bc;7.446;6.8;BUY
2016-04-26T03:42:17.000000;2016-04-26T03:42:18.028266;3a89c4ba-ffeb-4b82-ab10-54777128ea37;7.446;4.06;BUY
2016-04-26T03:42:21.000000;2016-04-26T03:42:21.972712;5361c926-0ef0-4376-9968-cdcbc009e31e;7.446;56.3;BUY
2016-04-26T03:42:22.000000;2016-04-26T03:42:22.278667;5f5b60db-5a62-441c-af1f-4c4854d012c9;7.446;8.29;BUY
2016-04-26T03:42:24.000000;2016-04-26T03:42:24.424907;95444342-a39c-4ea4-86ce-5e9566d8dacc;7.446;5.69;BUY
2016-04-26T03:42:26.000000;2016-04-26T03:42:26.644084;a8b18287-c716-40d0-b640-a38760fa3471;7.446;9.4843483;BUY
2016-04-26T03:42:26.000000;2016-04-26T03:42:26.657088;8ddb4dbc-a464-4706-9a87-7fd7abd18137;7.446;13.2956517;BUY
2016-04-26T03:42:27.000000;2016-04-26T03:42:27.430182;b9326dba-a88c-4bd9-a929-8cd322e2fc6e;7.446;42.57;BUY
2016-04-26T03:42:28.000000;2016-04-26T03:42:28.594287;c437b98b-f71a-4a44-93ca-5fb377a16e97;7.446;44.1343483;BUY
2016-04-26T03:42:28.000000;2016-04-26T03:42:28.598276;66a8d62f-e43a-4a7a-b8e7-b3cfacad1c84;7.446;100.0;BUY
2016-04-26T03:42:28.000000;2016-04-26T03:42:28.609280;597ba400-cae1-4bd6-903e-cef1c8214a63;7.446;47.1656517;BUY
2016-04-26T03:42:29.000000;2016-04-26T03:42:29.711438;4ccf7dbd-ff76-4279-9d30-a4faf4c27bb0;7.446;52.8343483;BUY
2016-04-26T03:52:14.000000;2016-04-26T03:52:14.937168;6f4f3bbc-f715-433a-8d7a-2163d96daa2b;7.5075;1.0;BUY
2016-04-26T04:08:52.000000;2016-04-26T04:08:52.430587;48c830b5-be6f-4c07-a119-a2e830e6721a;7.441;14.84124779;SELL
2016-04-26T05:02:20.000000;2016-04-26T05:02:20.483667;0558fcd6-5706-42fb-bb5b-12b26bcad8bc;7.4799;2.1910366;BUY
2016-04-26T05:02:20.000000;2016-04-26T05:02:20.490649;8aab47ff-b06a-475b-b296-1ecd636b4642;7.4846;1.29361938;BUY
2016-04-26T05:02:20.000000;2016-04-26T05:02:20.494666;50c1a3a6-8d38-40de-b69e-3e8a4d5776a7;7.4919;1.950305;BUY
2016-04-26T05:02:20.000000;2016-04-26T05:02:20.521648;14d79ee3-b52e-402d-a8cc-87c9d64dc83d;7.4949;0.228693;BUY
2016-04-26T05:02:20.000000;2016-04-26T05:02:20.522631;43e9d1d4-193e-44e3-91ed-29801b931bf4;7.4982;16.2;BUY
2016-04-26T05:04:19.000000;2016-04-26T05:04:19.493526;6ffae762-d614-4413-9556-93644cc688ff;7.5086;3.23395234;BUY
2016-04-26T05:04:19.000000;2016-04-26T05:04:19.499526;bc6d0b92-7f72-4ef7-bf5d-6ebdee4ea21f;7.5096;1.950305;BUY
2016-04-26T05:04:19.000000;2016-04-26T05:04:19.508562;bb4a3826-f876-48be-af0c-64539644531a;7.5096;1.29361938;BUY
2016-04-26T05:04:19.000000;2016-04-26T05:04:19.530551;d3a421de-12c3-4d5b-8add-90b372e8e4ee;7.5099;6.37426241;BUY
2016-04-26T05:04:19.000000;2016-04-26T05:04:19.530551;e3a2c066-23e6-47e0-ba66-add54183e308;7.5281;3.623721;BUY
2016-04-26T05:04:19.000000;2016-04-26T05:04:19.531534;e4b193b6-2969-4ea3-b041-4c2489a22d2d;7.5822;5.106;BUY
2016-04-26T05:04:19.000000;2016-04-26T05:04:19.539559;5052c8a9-3972-490e-b0a8-2964ba2f5dcd;7.5982;182.76;BUY
2016-04-26T05:04:19.000000;2016-04-26T05:04:19.561566;0ba6ff07-b604-4f76-a03e-508506259a9b;7.599;31.23;BUY
2016-04-26T05:04:19.000000;2016-04-26T05:04:19.571564;d004eab0-c07b-4ded-b0dd-9c2e05112cc6;7.599;506.376279;BUY
2016-04-26T05:24:35.000000;2016-04-26T05:24:35.741964;f64a913c-0fdb-4f07-8e43-cb5daf5ec665;7.52;0.17452;BUY
2016-04-26T05:24:45.000000;2016-04-26T05:24:45.453946;fd57860f-2ef2-4da6-9232-45da18d0185d;7.52;6.59443613;BUY
2016-04-26T05:28:18.000000;2016-04-26T05:28:18.805258;e1d33836-b217-478c-ab38-7de28b63a6a4;7.52;1.57749287;BUY
2016-04-26T05:46:12.000000;2016-04-26T05:46:12.249587;533762bd-6ec4-44c6-bb95-17674923d738;7.5;0.6219826;SELL
2016-04-26T05:46:25.000000;2016-04-26T05:46:25.939992;00b526b8-84d5-4330-8df5-163f5e083103;7.5;1.66667838;SELL
2016-04-26T05:46:26.000000;2016-04-26T05:46:26.812018;a1f80ec2-eea1-498d-8c0f-65564cf1752e;7.5;1.66667838;SELL
2016-04-26T05:46:30.000000;2016-04-26T05:46:30.120362;4b51a699-6b88-4720-a66c-e729afe76321;7.5;2.93863353;SELL
2016-04-26T05:46:34.000000;2016-04-26T05:46:34.197753;e853b73e-5a35-4458-8d51-6d537269d239;7.5;2.7039164;SELL
2016-04-26T05:46:38.000000;2016-04-26T05:46:38.645194;5b04ce95-bde3-48db-8510-b48efc8adede;7.5;2.75069484;SELL
2016-04-26T05:46:43.000000;2016-04-26T05:46:43.061638;a26f3a4b-6cc0-4a56-81ba-9d5dda505cba;7.5;2.29358708;SELL
2016-04-26T05:46:43.000000;2016-04-26T05:46:44.333763;1569cbe7-498c-4e52-900f-ebc36beafecf;7.5;2.29358708;SELL
2016-04-26T05:46:47.000000;2016-04-26T05:46:47.534086;92463776-b33c-45ac-902c-a7c079b71c95;7.5;1.64518629;SELL
2016-04-26T05:46:50.000000;2016-04-26T05:46:50.352380;46865149-515d-478e-b19c-efa3c45ea745;7.5;2.71711916;SELL
2016-04-26T05:46:52.000000;2016-04-26T05:46:52.516585;77da1f82-0ed1-421a-81fe-deee8f95a916;7.5;2.71711916;SELL
2016-04-26T05:47:25.000000;2016-04-26T05:47:25.895955;efa649c7-e303-4622-99b1-973eeff88dfa;7.5;1.33999138;SELL
2016-04-26T05:47:26.000000;2016-04-26T05:47:26.574000;6bc6e6c3-6977-40b7-9d73-32da9757cbab;7.5;1.72578133;SELL
2016-04-26T05:47:27.000000;2016-04-26T05:47:27.485091;a018534f-fc35-4957-8d3a-90f1eb69eed6;7.5;2.70454233;SELL
2016-04-26T05:47:28.000000;2016-04-26T05:47:28.172685;8f2c5adc-f098-4d95-b45a-d3fd2ea609a1;7.5;2.70887827;SELL
2016-04-26T05:47:28.000000;2016-04-26T05:47:28.641211;8f3840e0-af74-4a8e-abd8-d3ba79115d58;7.5;1.2738963;SELL
2016-04-26T05:47:28.000000;2016-04-26T05:47:29.110233;b7fafdf2-cba4-411e-b89c-8e1f0dc6514c;7.5;1.27593862;SELL
2016-04-26T05:47:30.000000;2016-04-26T05:47:30.989867;a86e411b-66c6-4c4e-ba47-aba926a55650;7.5;2.70887827;SELL
2016-04-26T05:47:31.000000;2016-04-26T05:47:31.411475;6546d657-18ec-487c-9274-3b84f40d13e9;7.5;2.70887827;SELL
2016-04-26T05:47:31.000000;2016-04-26T05:47:32.169565;ea87071f-b903-4d3e-bce6-e2f524cd2452;7.5;1.27593862;SELL
2016-04-26T05:47:34.000000;2016-04-26T05:47:34.331778;20bf1434-d917-44ce-9536-e4ebda8ff9dd;7.5;0.29123658;SELL
2016-04-26T05:47:34.000000;2016-04-26T05:47:34.407763;c12415a4-548e-4cb0-a441-bd97e086451e;7.5;2.23281069;SELL
2016-04-26T05:47:37.000000;2016-04-26T05:47:37.463111;7afcc969-7da3-430f-80e2-ef5573fe9e9f;7.5;2.7089361;SELL
2016-04-26T05:47:39.000000;2016-04-26T05:47:39.141238;33480738-cb43-460c-bf65-49e252971772;7.5;2.7089361;SELL
2016-04-26T05:47:39.000000;2016-04-26T05:47:39.191290;933db95f-1be6-463f-8dcd-d0ef42f41b3e;7.5;0.11291541;SELL
2016-04-26T05:47:39.000000;2016-04-26T05:47:39.201276;5732ddbf-644e-4e63-b961-2ea811be271b;7.5;6.63689686;SELL
2016-04-26T05:47:39.000000;2016-04-26T05:47:39.230291;499eb184-3e80-4628-9ebc-4541222936fe;7.5;0.86568214;SELL
2016-04-26T05:47:40.000000;2016-04-26T05:47:40.102673;818c0a18-2922-4cb0-9d18-7a0b2314f29c;7.5;3.69825;SELL
2016-04-26T05:47:40.000000;2016-04-26T05:47:41.251799;1e746cb5-e014-4b99-80ef-f09600a8046f;7.5;6.97793219;SELL
2016-04-26T05:47:42.000000;2016-04-26T05:47:42.110616;5cbf85f3-854b-4008-bb51-76279b09f472;7.5;2.338813;SELL
2016-04-26T05:47:42.000000;2016-04-26T05:47:42.141533;519065a9-58cb-4b52-b3ff-85bd42d32b8b;7.5;0.30506218;SELL
2016-04-26T05:47:42.000000;2016-04-26T05:47:42.577604;1157359d-e7fa-4e7e-9b6d-ce83339c965e;7.5;2.71327908;SELL
2016-04-26T05:47:42.000000;2016-04-26T05:47:42.739620;c325c4cb-4769-4ab1-91fc-47d2fa8c998d;7.5;1.05437562;SELL
2016-04-26T05:47:42.000000;2016-04-26T05:47:42.841615;7b2f3265-08a6-42c7-9295-80f6091f02a2;7.5;6.97793219;SELL
2016-04-26T05:47:43.000000;2016-04-26T05:47:43.699733;c36a4e65-9580-4831-9780-b1a00cd3bc61;7.5;6.97793219;SELL
2016-04-26T05:47:43.000000;2016-04-26T05:47:43.721110;b4e81347-c79f-4651-b35c-f9fb4465ddb5;7.5;1.36161727;SELL
2016-04-26T05:47:43.000000;2016-04-26T05:47:43.878732;d99803dc-79de-47c2-a75c-ad8ec57ba9b5;7.5;0.55485124;SELL
2016-04-26T05:47:43.000000;2016-04-26T05:47:44.321779;cd521df2-8159-43b2-9f01-1e8476eabc5f;7.5;1.05437562;SELL
2016-04-26T05:47:43.000000;2016-04-26T05:47:44.365769;ca3bab15-dc25-4d40-ac8f-8bccdba8f6fc;7.5;0.17605479;SELL
2016-04-26T05:47:43.000000;2016-04-26T05:47:44.419816;5d8909b4-a406-4acb-8495-7446cfa504a5;7.5;4.2538585;SELL
2016-04-26T05:47:44.000000;2016-04-26T05:47:44.467821;373a1608-b00c-41f6-9388-1d562e355847;7.5;1.3497545;SELL
2016-04-26T05:47:44.000000;2016-04-26T05:47:44.686969;26ef81cb-60de-48f6-8f73-2be3184de2cb;7.5;1.35191844;SELL
2016-04-26T05:47:45.000000;2016-04-26T05:47:45.776912;43a7f3be-8d35-4531-b06b-a56f696a7b25;7.5;0.73207783;SELL
2016-04-26T05:47:45.000000;2016-04-26T05:47:45.833905;7fbd904b-f467-4126-b670-7906056111cb;7.5;1.15946357;SELL
2016-04-26T05:47:45.000000;2016-04-26T05:47:45.876916;6d8bce6b-bf1f-4461-9e09-81e69e838f7e;7.5;1.36161727;SELL
2016-04-26T05:47:45.000000;2016-04-26T05:47:45.903920;c71b2d76-8fb2-41f7-a607-1a4b11cc0d23;7.5;0.15123438;SELL
2016-04-26T05:47:45.000000;2016-04-26T05:47:46.005927;e3df4194-d071-4688-b623-640a92be4d4b;7.5;1.05437562;SELL
2016-04-26T05:47:46.000000;2016-04-26T05:47:47.085102;4d369c9f-6ced-4dd2-a8e3-7872d0c5917e;7.5;4.2538585;SELL
2016-04-26T05:47:46.000000;2016-04-26T05:47:47.133026;2339c639-8c34-4db4-b475-a1ed42b8a3b5;7.5;1.35191844;SELL
2016-04-26T05:47:46.000000;2016-04-26T05:47:47.331102;7d3b9472-6015-4850-8dd9-19cd57e12c6a;7.5;1.05437562;SELL
2016-04-26T05:47:47.000000;2016-04-26T05:47:47.485069;ad6f9518-dd3d-459b-8ef4-8784fb73e0f0;7.5;0.29767437;SELL
2016-04-26T05:47:47.000000;2016-04-26T05:47:47.743096;03946ada-b747-46c5-937e-f5f9c032da02;7.5;1.61485947;SELL
2016-04-26T05:47:47.000000;2016-04-26T05:47:47.751103;a7c8b0a7-bca5-4335-8e96-52a8b6de0300;7.5;2.28216684;SELL
2016-04-26T05:47:47.000000;2016-04-26T05:47:48.248170;5c2d711c-0ee7-4517-9d58-e8046ab72741;7.5;1.35191844;SELL
2016-04-26T05:47:47.000000;2016-04-26T05:47:48.294147;037be3a8-38d4-401e-9237-839bab174fab;7.5;4.2538585;SELL
2016-04-26T05:47:47.000000;2016-04-26T05:47:48.328207;c2cff440-f4c6-4983-9a4b-b1194bd2156c;7.5;1.05437562;SELL
2016-04-26T05:47:48.000000;2016-04-26T05:47:48.698238;01bd8ee4-800f-4c11-b7f4-7602f3c7b2d5;7.5;1.35113507;SELL
2016-04-26T05:47:48.000000;2016-04-26T05:47:48.765214;257c3ab9-18c7-4737-8bab-4c18d623ee23;7.5;0.68465602;SELL
2016-04-26T05:47:50.000000;2016-04-26T05:47:50.284395;c2afbc68-fbf3-49e0-853d-c38cb0b38c87;7.5;1.61485947;SELL
2016-04-26T05:47:50.000000;2016-04-26T05:47:50.301362;9821b847-7a58-45be-b575-aff1705f70a3;7.5;1.35191844;SELL
2016-04-26T05:47:50.000000;2016-04-26T05:47:50.322374;192fcbec-84ff-4019-bed6-c97d5987be93;7.5;1.05437562;SELL
2016-04-26T05:47:50.000000;2016-04-26T05:47:50.368362;07deb859-4baf-4927-9607-c2f4a9349255;7.5;4.2538585;SELL
2016-04-26T05:47:57.000000;2016-04-26T05:47:57.597088;3aee74d4-fca7-497f-8d31-6cad939f0ffe;7.5;1.3497545;SELL
2016-04-26T05:47:57.000000;2016-04-26T05:47:57.611083;0e42f4b0-57c9-4217-b884-deecc54ecb90;7.5;0.68465602;SELL
2016-04-26T05:47:57.000000;2016-04-26T05:47:57.665103;add6eeb3-cc0e-4662-9b07-b9a29fbaa8a9;7.5;0.29767437;SELL
2016-04-26T05:47:57.000000;2016-04-26T05:47:57.678147;0d2ceba6-0365-4e3c-ac63-f461f4f4aa35;7.5;1.2738963;SELL
2016-04-26T05:47:57.000000;2016-04-26T05:47:57.690097;0b906443-fc90-40a5-8dee-7f7278f593a2;7.5;1.35113507;SELL
2016-04-26T05:47:57.000000;2016-04-26T05:47:57.865105;6d166ad9-dc16-456c-84bd-b35f321ca3c8;7.5;2.28216684;SELL
2016-04-26T05:47:57.000000;2016-04-26T05:47:57.891126;a1a14685-35ff-41fd-ab95-f3f4440c082e;7.5;0.17605479;SELL
2016-04-26T05:50:20.000000;2016-04-26T05:50:20.662426;16cbfdc0-0b8c-49b4-a894-2cbbc98ed746;7.5;7.88026313;SELL
2016-04-26T05:50:22.000000;2016-04-26T05:50:22.284562;e82e0e1a-f0f7-4238-9801-6587f37af872;7.5;0.1416886;SELL
2016-04-26T05:50:22.000000;2016-04-26T05:50:22.353572;71c1f067-e126-4b0a-8f8a-e29e43c2259e;7.5;1.08628035;SELL
2016-04-26T05:50:22.000000;2016-04-26T05:50:22.442605;8cd26379-89f5-4cc1-a98d-024ade0bca98;7.5;0.7765089;SELL
2016-04-26T05:50:22.000000;2016-04-26T05:50:22.592602;3247cef5-00a6-496f-855b-b39565792657;7.5;8.32814751;SELL
2016-04-26T05:50:23.000000;2016-04-26T05:50:23.508722;e5c55349-a067-4c12-986e-7c2e91c24daf;7.5;8.9615016;SELL
2016-04-26T05:50:23.000000;2016-04-26T05:50:23.715933;982486d6-2500-4d7d-9993-321db4698566;7.5;1.36585358;SELL
2016-04-26T05:50:23.000000;2016-04-26T05:50:23.737713;c2aa3343-4282-4ac5-8025-a0f1a70b71aa;7.5;0.17815452;SELL
2016-04-26T05:50:25.000000;2016-04-26T05:50:25.091840;5f435b47-132c-49fb-862a-67cd742fd71b;7.5;5.59732004;SELL
2016-04-26T05:50:25.000000;2016-04-26T05:50:25.213848;04604671-60fc-41d6-995a-230db6285802;7.5;0.45673413;SELL
2016-04-26T05:50:25.000000;2016-04-26T05:50:25.223859;398b45b8-a5f2-4f1c-a1be-299a4cb6728a;7.5;0.73008524;SELL
2016-04-26T05:50:33.000000;2016-04-26T05:50:33.980744;b4a77478-5640-4ec9-b439-fe0b33504133;7.5;2.33304694;SELL
2016-04-26T05:50:37.000000;2016-04-26T05:50:37.051042;47bfd69c-3d94-41d1-9ed4-b9341cc3b0ae;7.5;2.5766606;SELL
2016-04-26T05:50:37.000000;2016-04-26T05:50:37.850103;c1482599-3c49-439b-9f34-4e74cae27356;7.5;0.71529375;SELL
2016-04-26T05:50:38.000000;2016-04-26T05:50:38.179147;e7dbe60c-bd1e-4667-a353-fdde15c04af9;7.5;1.14907588;SELL
2016-04-26T05:50:40.000000;2016-04-26T05:50:40.245378;7d29f719-22f8-4e05-9392-037cad44128e;7.5;0.71644051;SELL
2016-04-26T05:50:42.000000;2016-04-26T05:50:42.425600;b7bc6849-b553-47fe-85cf-91eed824c439;7.5;3.57906519;SELL
2016-04-26T05:50:43.000000;2016-04-26T05:50:44.111755;9a8dbf1e-cf58-4ba7-be48-dd92e2e02daf;7.5;3.57906472;SELL
2016-04-26T05:50:44.000000;2016-04-26T05:50:44.489353;3e4a406b-9ea6-487e-99c3-af3598acfefb;7.5;1.01648881;SELL
2016-04-26T05:50:48.000000;2016-04-26T05:50:48.102208;f8e6f34c-3cb6-4b81-b230-c7a3a226ccde;7.5;0.37112377;SELL
2016-04-26T05:50:48.000000;2016-04-26T05:50:48.457178;ecdea3d0-302e-4833-83c0-b60b10a4ebe0;7.5;2.62213418;SELL
2016-04-26T05:50:48.000000;2016-04-26T05:50:48.656222;01685efc-6d5c-46e3-8f0e-7cbc3fda07e8;7.5;2.0694679;SELL
2016-04-26T05:50:50.000000;2016-04-26T05:50:50.223337;8a09f46c-fa0c-4b2c-a381-4b3da77d430d;7.5;2.06946769;SELL
2016-04-26T05:50:50.000000;2016-04-26T05:50:50.236630;e5033fa2-f07c-4b13-bd18-da82cd92b8bb;7.5;1.5606362;SELL
2016-04-26T05:50:51.000000;2016-04-26T05:50:51.189480;4e6cbf86-bea3-443f-a4eb-163e0b5b1ba5;7.5;0.32644155;SELL
2016-04-26T05:50:53.000000;2016-04-26T05:50:53.925735;cffad1c4-1a89-40fe-b8d0-b67a3f61c9b3;7.5;1.23419503;SELL
2016-04-26T05:51:04.000000;2016-04-26T05:51:04.534791;9bb4b707-53b1-4b0b-b53a-4eec7b296567;7.5;3.4469369;SELL
2016-04-26T05:51:05.000000;2016-04-26T05:51:05.899430;b0e87643-ea86-4abf-bdee-887280769dfd;7.5;0.25970103;SELL
2016-04-26T05:51:05.000000;2016-04-26T05:51:05.927920;5efca69c-0feb-48bc-b635-821f8f387479;7.5;1.99104082;SELL
2016-04-26T05:51:06.000000;2016-04-26T05:51:06.760077;bec4774b-e540-4bbe-b46e-b2e0f9a7e137;7.5;0.17616225;SELL
2016-04-26T05:51:06.000000;2016-04-26T05:51:06.839349;81e1e6d6-ee4d-4329-9aa9-076bb4c07d33;7.5;1.35057789;SELL
2016-04-26T05:51:07.000000;2016-04-26T05:51:08.028210;4092b05f-3c33-4ec5-9a2e-8b286c25c969;7.5;1.83493299;SELL
2016-04-26T05:51:08.000000;2016-04-26T05:51:08.158137;f2c15639-935b-48e0-b323-a75355eb3576;7.5;1.83787477;SELL
2016-04-26T05:51:08.000000;2016-04-26T05:51:08.259159;c2ccd9b5-20c1-4b06-b301-3580b3843d69;7.5;0.18449515;SELL
2016-04-26T05:51:08.000000;2016-04-26T05:51:08.324165;44624535-cdb7-4a32-94c7-f7399d52f48b;7.5;1.41446242;SELL
2016-04-26T05:51:09.000000;2016-04-26T05:51:09.403270;0e0e2f54-0d6c-4528-9bff-308bc3b59d33;7.5;2.49352538;SELL
2016-04-26T05:51:09.000000;2016-04-26T05:51:09.430273;12bea433-83b2-43c2-a89d-ceb3cf16a76d;7.5;1.77248238;SELL
2016-04-26T05:51:09.000000;2016-04-26T05:51:09.454291;13ebfd03-c254-4235-9405-83c584b73868;7.5;1.83493299;SELL
2016-04-26T05:51:09.000000;2016-04-26T05:51:09.938321;53ab34c9-a1c6-47a6-833b-308fa345cd66;7.5;1.83787477;SELL
2016-04-26T05:51:09.000000;2016-04-26T05:51:10.008340;be48553d-0308-4c8f-887a-84cef6caf833;7.5;1.77248176;SELL
2016-04-26T05:51:09.000000;2016-04-26T05:51:10.064399;437ec2b1-4535-4328-9d6f-0f2fc15e1622;7.5;1.20324208;SELL
2016-04-26T05:51:11.000000;2016-04-26T05:51:11.877504;172069cd-a45b-41b6-b472-11be77d6f67a;7.5;2.19676829;SELL
2016-04-26T05:51:11.000000;2016-04-26T05:51:11.970540;c5d1e49e-97c1-43ff-b576-c97b60aa5338;7.5;1.20324197;SELL
2016-04-26T05:51:12.000000;2016-04-26T05:51:12.723702;c01ed6c9-351f-478e-b617-312e28719b89;7.5;2.19676782;SELL
2016-04-26T05:51:12.000000;2016-04-26T05:51:12.738612;2360dfa7-aa3d-4c44-a3a7-df400327f8e3;7.5;2.43037432;SELL
2016-04-26T05:51:15.000000;2016-04-26T05:51:15.222874;0ad48e6b-74d1-4fd1-a2dc-ff0c32cb9121;7.5;2.43037407;SELL
2016-04-26T05:51:15.000000;2016-04-26T05:51:16.067933;3b18a480-aee3-4e54-bebd-f7e8a637f4d7;7.5;3.35888948;SELL
2016-04-26T05:51:17.000000;2016-04-26T05:51:17.521110;2a7feb2c-969b-46c2-b286-a766ffe98f80;7.5;3.69818492;SELL
2016-04-26T05:51:17.000000;2016-04-26T05:51:17.535077;c8d60f96-c2e6-4ef3-8eb8-cb3d617e180d;7.5;5.410156;SELL
2016-04-26T05:51:17.000000;2016-04-26T05:51:17.745111;c381a88a-74b8-4341-85f2-04cee57a3d4e;7.5;3.35888948;SELL
2016-04-26T05:51:17.000000;2016-04-26T05:51:18.018141;32d5ee66-c937-4143-b810-d500b1529ff9;7.5;3.35888948;SELL
2016-04-26T05:51:18.000000;2016-04-26T05:51:18.261227;57ba5392-e76e-4b68-832c-b697e19e7d71;7.5;3.70411387;SELL
2016-04-26T05:51:20.000000;2016-04-26T05:51:20.294084;6413fc16-1d6c-4c88-a141-19eadcf9a8e9;7.5;5.41015573;SELL
2016-04-26T05:51:20.000000;2016-04-26T05:51:20.432387;568012de-6234-4797-8ec8-1a1ca71ecf90;7.5;4.80532761;SELL
2016-04-26T05:51:21.000000;2016-04-26T05:51:21.764526;d9a3a1c3-b766-40d6-b6d2-24ce0329842a;7.5;2.50058068;SELL
2016-04-26T05:51:58.000000;2016-04-26T05:51:58.189176;6829bada-3d37-4d77-92b2-4380a30be8f8;7.5;6.58124726;SELL
2016-04-26T05:53:35.000000;2016-04-26T05:53:35.171642;a9fc7b52-233c-466c-a8bc-1928c539ac32;7.5;4.09032759;SELL
2016-04-26T05:53:36.000000;2016-04-26T05:53:36.130723;61c674b2-7646-406f-9b47-5ad09e4b34fc;7.5;2.53162218;SELL
2016-04-26T05:53:36.000000;2016-04-26T05:53:36.788788;15417839-4cd4-4646-b662-d3f3ee695187;7.5;2.7056222;SELL
2016-04-26T05:53:37.000000;2016-04-26T05:53:37.221857;5345a33c-0955-4f30-b0fa-49a26cff71fd;7.5;1.56346132;SELL
2016-04-26T05:53:39.000000;2016-04-26T05:53:39.085682;565972f0-2cdb-4d91-81e3-85bde56fa293;7.5;0.68380402;SELL
2016-04-26T05:53:40.000000;2016-04-26T05:53:40.338141;900ed1e7-edcf-449c-9fe2-5b84dc7b8454;7.5;1.10874319;SELL
2016-04-26T05:53:40.000000;2016-04-26T05:53:40.886207;34f2b861-1adf-423b-876c-7285b47886c3;7.5;2.72509241;SELL
2016-04-26T05:53:41.000000;2016-04-26T05:53:41.516268;9c61c142-75ba-4554-925b-e6dae04570af;7.5;1.01943312;SELL
2016-04-26T05:53:41.000000;2016-04-26T05:53:42.052310;a50e91da-a3a0-48b4-80e7-c27f52edbb6e;7.5;0.85136144;SELL
2016-04-26T05:53:42.000000;2016-04-26T05:53:42.387356;4eee7b84-de3e-4ea5-a28d-94760df0f0b5;7.5;1.87433602;SELL
2016-04-26T05:53:43.000000;2016-04-26T05:53:43.807010;ce06c930-b762-4144-8a8d-55b33618715d;7.5;2.78987798;SELL
2016-04-26T05:53:44.000000;2016-04-26T05:53:44.290570;c5ca3e36-45b2-457f-9275-50839047abf4;7.5;1.13782584;SELL
2016-04-26T05:53:45.000000;2016-04-26T05:53:45.240673;cf96c35a-bd1e-462b-8630-065e34643971;7.5;1.30142535;SELL
2016-04-26T06:04:42.000000;2016-04-26T06:04:42.642377;8b382025-b21d-4a85-a5e4-44f079f5f57e;7.49;0.65859594;SELL
2016-04-26T06:05:52.000000;2016-04-26T06:05:52.852394;afe1bccd-35e4-4894-83fa-3503dff8cace;7.4953;3.582778;BUY
2016-04-26T06:05:54.000000;2016-04-26T06:05:54.466563;e72058f0-c584-4e4e-9740-3182d268ed95;7.496;2.97963496;SELL
2016-04-26T06:05:56.000000;2016-04-26T06:05:56.577761;61bbe076-ddc1-4bf3-aa5d-68fb128bc3b4;7.49;2.97963496;SELL
2016-04-26T06:06:32.000000;2016-04-26T06:06:32.491393;13793f13-42e8-4604-abe7-972307315585;7.5;2.97963496;SELL
2016-04-26T06:06:32.000000;2016-04-26T06:06:32.498364;57677a5e-99b0-4121-b3ae-902c2355da7b;7.5;2.97963496;SELL
2016-04-26T06:06:32.000000;2016-04-26T06:06:32.520371;d62c0367-efab-4ee3-bb9d-15f2cdc09bcd;7.5;30.42823542;SELL
2016-04-26T06:06:36.000000;2016-04-26T06:06:36.781824;b4d1522d-6a22-4ce2-b43c-5c910445b7c5;7.5;30.42823542;SELL
2016-04-26T06:06:58.000000;2016-04-26T06:06:58.673990;7f52e3df-602b-4c39-80ee-0c81702bd87f;7.5;600.0;SELL
2016-04-26T06:07:32.000000;2016-04-26T06:07:32.225360;db7bb5c5-a246-49ed-803b-fb8a62cc2639;7.5;6.05836;SELL
2016-04-26T06:09:17.000000;2016-04-26T06:09:17.920415;d2b7ede8-081e-448c-a6de-2d5e61eec6d0;7.5;0.989604;SELL
2016-04-26T06:12:30.000000;2016-04-26T06:12:30.551693;a91abf76-6d62-4f2b-b7cc-0e9dbe3b9876;7.5171;2.9394;BUY
2016-04-26T06:38:11.000000;2016-04-26T06:38:11.643463;5de32af9-9211-4ad9-9503-ec948fb6c6ce;7.44;1.0;SELL
2016-04-26T06:38:11.000000;2016-04-26T06:38:11.651505;421b04d4-56e5-44ef-b827-caa916721c69;7.44;1.01;SELL
2016-04-26T06:38:11.000000;2016-04-26T06:38:11.652459;ff6debfe-2f0a-4e67-89f6-e3765a39b096;7.4261;9.02005518;SELL
2016-04-26T06:38:12.000000;2016-04-26T06:38:12.990596;6bc165ae-5a97-48cd-b977-20d01700b460;7.4261;2.50818372;SELL
2016-04-26T06:45:30.000000;2016-04-26T06:45:30.785377;d941f850-926b-491f-b5eb-676a7081523e;7.384;3.00524757;SELL
2016-04-26T06:45:30.000000;2016-04-26T06:45:30.795404;198d2706-74f2-4cca-9de7-d26ee09a740f;7.3833;0.00176768;SELL
2016-04-26T06:45:34.000000;2016-04-26T06:45:34.810779;bec9c020-d2b0-458a-ae0c-b2269fe8712c;7.3833;1.08981969;SELL
2016-04-26T06:45:35.000000;2016-04-26T06:45:35.762869;d31e3a58-2285-4e8a-a785-c714a98d7931;7.3833;4.41631263;SELL
2016-04-26T06:45:38.000000;2016-04-26T06:45:38.758165;74bfdc8e-13dd-4da4-9363-4f7e9c74f7ad;7.3801;0.95019887;SELL
2016-04-26T06:45:38.000000;2016-04-26T06:45:38.769172;bc7990a5-b0d7-49d3-b389-3b3b5a9a2dbe;7.384;10.59652217;BUY
2016-04-26T06:45:38.000000;2016-04-26T06:45:39.080203;2bec135b-3529-4d11-8cbf-223574973082;7.38;8.55024703;SELL
2016-04-26T06:45:38.000000;2016-04-26T06:45:39.093192;d1f66186-b8be-44fe-88d9-96009cfa2ef6;7.384;0.95019887;BUY
2016-04-26T06:45:39.000000;2016-04-26T06:45:39.872283;8f66dcdc-51c3-4e74-9608-bbeef7aef85f;7.38;1.61397718;SELL
2016-04-26T06:45:40.000000;2016-04-26T06:45:41.031031;045bc643-5509-474f-b943-e7831133c770;7.38;5.23695975;SELL
2016-04-26T06:45:44.000000;2016-04-26T06:45:45.000789;5b41be8f-b735-485b-807b-de57c8011c02;7.38;5.31102663;SELL
2016-04-26T06:45:48.000000;2016-04-26T06:45:48.676186;ffe04d72-4ae0-4379-a560-b8bb31e19e11;7.38;5.59759975;SELL
2016-04-26T06:45:52.000000;2016-04-26T06:45:52.785576;10118964-6716-4b01-a76d-8a8a944e8753;7.38;6.19386085;SELL
2016-04-26T06:46:28.000000;2016-04-26T06:46:28.250118;9a596378-ced5-46cb-b185-bf0ed74cb5ff;7.38;3.16500916;SELL
2016-04-26T06:46:31.000000;2016-04-26T06:46:31.652448;046301d9-9202-4f62-a2b5-4c9890f995a3;7.38;1.65750439;SELL
2016-04-26T06:46:36.000000;2016-04-26T06:46:36.585939;7f9e6be6-fb59-4124-98b2-1182a83ebcae;7.38;14.11136115;SELL
2016-04-26T06:46:36.000000;2016-04-26T06:46:36.627949;b2c24a70-284f-4a04-9aa2-472ed074ecb8;7.38;0.24007947;SELL
2016-04-26T06:46:36.000000;2016-04-26T06:46:36.731992;2a0699d6-61c6-4147-93d3-292e27eb6ea6;7.38;1.84061287;SELL
2016-04-26T06:46:36.000000;2016-04-26T06:46:37.012983;693a2fa3-f990-497e-b83b-91a5a7e533bd;7.38;3.14008431;SELL
2016-04-26T06:46:36.000000;2016-04-26T06:46:37.027010;10813186-f764-4a2c-b4e6-0d6adc3f907e;7.38;0.40957619;SELL
2016-04-26T06:46:37.000000;2016-04-26T06:46:37.452063;2a4018d9-cbd3-434a-a7a1-aed64aadfda8;7.38;0.16782715;SELL
2016-04-26T06:46:38.000000;2016-04-26T06:46:38.559152;914e6592-ee04-49bf-ba5e-b64639c15e0d;7.38;6.12738886;SELL
2016-04-26T06:46:39.000000;2016-04-26T06:46:39.780304;35415e4b-8203-40a9-8158-70de9270c825;7.38;6.12738886;SELL
2016-04-26T06:46:40.000000;2016-04-26T06:46:40.237330;f637a609-64d5-49d1-a842-04048f1ececc;7.38;30.5094964;SELL
2016-04-26T06:46:48.000000;2016-04-26T06:46:48.815201;4d3ef8c4-1543-4be9-8185-55b98e3f1a0c;7.36;1.0;SELL
2016-04-26T06:46:48.000000;2016-04-26T06:46:48.824172;163d9b26-aba2-485d-bf37-4caf719722eb;7.36;0.43923448;SELL
2016-04-26T06:46:50.000000;2016-04-26T06:46:50.363321;79da7d6d-778c-43aa-bc1a-1dc8c1608004;7.36;1.90306103;SELL
2016-04-26T06:46:50.000000;2016-04-26T06:46:50.597448;753d72bf-78b5-405b-a114-473427e09de0;7.36;0.90955777;SELL
2016-04-26T06:46:51.000000;2016-04-26T06:46:51.809470;71445c7a-d84c-4fb3-ae33-52cae798e1f9;7.36;1.90306103;SELL
2016-04-26T06:46:52.000000;2016-04-26T06:46:52.181503;51b78230-dbf9-4c3c-adac-34acd625d4f7;7.36;53.91320325;SELL
2016-04-26T06:46:52.000000;2016-04-26T06:46:53.049628;85284b38-b72a-4ef7-b321-b4b94d511892;7.36;1.4438668;SELL
2016-04-26T06:46:54.000000;2016-04-26T06:46:54.069744;43ddff22-841b-4a69-ae7a-73bc1678fbd2;7.36;1.4438668;SELL
2016-04-26T06:46:54.000000;2016-04-26T06:46:54.949777;b90218cd-d39c-4285-bd36-c9cb869e49d1;7.36;1.4438668;SELL
2016-04-26T06:46:56.000000;2016-04-26T06:46:56.622941;e4a019ca-e1ac-401b-b734-6658b39dc9fb;7.36;1.03353666;SELL
2016-04-26T06:46:56.000000;2016-04-26T06:46:56.782976;414ce820-6385-43ab-8228-130ff13e389a;7.36;12.81254298;SELL
2016-04-26T06:46:57.000000;2016-04-26T06:46:57.515049;562322e5-75fb-474b-8200-b87c6215a818;7.36;0.73814864;SELL
2016-04-26T06:46:58.000000;2016-04-26T06:46:58.881205;970a559a-338a-4773-9970-de689b8d78e1;7.36;0.73814864;SELL
2016-04-26T06:47:00.000000;2016-04-26T06:47:00.509339;1cf13df0-76be-403c-b9b8-e3cb572d7573;7.36;1.77168515;SELL
2016-04-26T06:47:01.000000;2016-04-26T06:47:01.431443;ee5fd54f-caf7-4018-9fed-d9228160a02f;7.36;1.77168515;SELL
2016-04-26T06:47:09.000000;2016-04-26T06:47:10.034309;d7c925b9-fa80-4c6f-95a7-05c9155dd665;7.36;12.81397076;SELL
2016-04-26T06:47:33.000000;2016-04-26T06:47:34.009690;a6ac5765-5634-440a-9eed-7ce4fce9fe97;7.36;4.92056406;SELL
2016-04-26T06:47:33.000000;2016-04-26T06:47:34.014694;b13b9248-cb49-421b-b006-3796651dfc5a;7.35;7.92012179;SELL
2016-04-26T06:47:35.000000;2016-04-26T06:47:35.924873;6da3cff6-0bea-47db-80be-2c9996554657;7.35;2.17851616;SELL
2016-04-26T06:47:40.000000;2016-04-26T06:47:40.104291;12082681-cb3a-4897-9b59-85509067c3fa;7.35;7.2953802;SELL
2016-04-26T06:47:42.000000;2016-04-26T06:47:42.773558;9ef04269-3997-4f08-b1c8-e24a1bc906dd;7.35;2.18006576;SELL
2016-04-26T06:47:47.000000;2016-04-26T06:47:47.052007;b939968f-5350-4d0e-8162-ef216616d11e;7.35;6.78639421;SELL
2016-04-26T06:47:53.000000;2016-04-26T06:47:53.455642;00805e92-c3a0-4001-b7ea-a34efa082c77;7.35;3.6783932;SELL
2016-04-26T06:47:54.000000;2016-04-26T06:47:54.177703;19bce9c8-c648-40dd-88ee-56a204cf7111;7.35;4.83583421;SELL
2016-04-26T06:48:03.000000;2016-04-26T06:48:03.251611;e90562f2-ff06-4e66-a8b9-5967f6fcddc6;7.35;30.0;SELL
2016-04-26T06:48:06.000000;2016-04-26T06:48:06.456955;080541fe-8099-4666-890a-1d2f135c5bad;7.35;4.83583421;SELL
2016-04-26T06:48:06.000000;2016-04-26T06:48:06.691981;f5621449-9d8f-44d6-b1ac-32959412b8f3;7.35;12.91503182;SELL
2016-04-26T06:49:06.000000;2016-04-26T06:49:06.423922;ad415ae2-d4d3-4569-a77c-05a4b89e9f89;7.35;1.2828669;SELL
2016-04-26T06:49:19.000000;2016-04-26T06:49:19.567236;cd894853-e51b-4435-be22-0a7ad8128378;7.35;11.66544171;SELL
2016-04-26T06:50:32.000000;2016-04-26T06:50:32.182539;13dce91d-e16a-46a6-927d-88ca8866aa7c;7.35;1.94401;SELL
2016-04-26T06:50:47.000000;2016-04-26T06:50:47.641056;d955d302-5ded-42b6-a8fa-1f92b3ffe9f5;7.35;2.48210983;SELL
2016-04-26T06:50:47.000000;2016-04-26T06:50:47.652122;96e5033b-6d39-43a5-a8d3-8461bfbeaac8;7.35;10.25172803;SELL
2016-04-26T06:50:50.000000;2016-04-26T06:50:50.645362;598e81cc-cf2f-414d-8db6-bd866dfde2af;7.35;2.02136545;SELL
2016-04-26T06:50:51.000000;2016-04-26T06:50:51.869527;de228781-6db2-4539-93e3-f9a9b8fbbb1e;7.35;12.79589175;SELL
2016-04-26T06:50:52.000000;2016-04-26T06:50:52.157511;7a4e8b01-d20d-4c20-8461-904c64ed23d5;7.35;8.1621462;SELL
2016-04-26T06:50:53.000000;2016-04-26T06:50:53.291614;bd625ab0-3040-4ac4-b785-9a3883b54d1c;7.35;3.44309399;SELL
2016-04-26T06:50:53.000000;2016-04-26T06:50:53.705655;0d1b5bc1-eb29-4532-a0ef-72c93900babf;7.35;1.07677321;SELL
2016-04-26T06:50:55.000000;2016-04-26T06:50:55.222811;ac2e9817-66a3-48d9-b744-b3c67df436e3;7.35;1.08781368;SELL
2016-04-26T06:50:56.000000;2016-04-26T06:50:57.052986;1fd99d84-0bfe-4653-9659-c175ae585eaa;7.35;61.16118769;SELL
2016-04-26T06:53:53.000000;2016-04-26T06:53:53.561085;f4267256-1547-4cfe-aeb1-6768ea691739;7.3218;30.0;SELL
2016-04-26T06:54:03.000000;2016-04-26T06:54:03.578142;8c2db951-6983-4faf-9791-aa48c7c783e5;7.3218;0.93888238;SELL
2016-04-26T06:54:06.000000;2016-04-26T06:54:06.166362;361746d2-455d-4835-8b3f-d123ec91b5b1;7.3218;1.009049;SELL
2016-04-26T06:54:16.000000;2016-04-26T06:54:16.541388;ebd333cc-1d94-4f42-aa8a-0da24e48bc1d;7.3218;2.01807852;SELL
2016-04-26T06:54:18.000000;2016-04-26T06:54:18.534611;204db3b3-d349-4f75-acee-1b1767fab3bf;7.3218;3.10146983;SELL
2016-04-26T06:54:18.000000;2016-04-26T06:54:18.551589;a903c642-c536-4bab-9ad4-db893eed87ac;7.32;0.1;SELL
2016-04-26T06:54:18.000000;2016-04-26T06:54:18.562623;19e44fc6-26c7-4d33-80dc-07e5fc6c1771;7.32;1.8;SELL
2016-04-26T06:54:18.000000;2016-04-26T06:54:18.581596;cbc47da2-1527-4473-a00a-4ccfa9f2da28;7.32;24.99853017;SELL
2016-04-26T06:54:29.000000;2016-04-26T06:54:29.479691;58e16afd-a168-4fc1-88c4-a4f0fb8ec489;7.32;3.23503849;SELL
2016-04-26T06:54:38.000000;2016-04-26T06:54:38.671592;04028653-328b-4cc6-a6a3-f796253357ff;7.32;30.0;SELL
2016-04-26T06:54:53.000000;2016-04-26T06:54:53.692098;9664da51-ee24-4314-8f42-15a61ce4de46;7.32;30.0;SELL
2016-04-26T06:54:58.000000;2016-04-26T06:54:58.362573;18ac5a5d-0247-404b-bd95-e2ac4b104c8f;7.32;9.18159387;SELL
2016-04-26T06:55:13.000000;2016-04-26T06:55:14.134151;04dcf5a5-1d30-4088-9ac0-e93160f1ef25;7.32;2.58483747;SELL
2016-04-26T06:55:32.000000;2016-04-26T06:55:32.669015;7fc926ab-0689-4faf-b8ab-241bcaed96f3;7.31;0.1;SELL
2016-04-26T06:55:32.000000;2016-04-26T06:55:32.689995;34857e16-9d76-40bb-805f-c52400afaa18;7.31;100.0;SELL
2016-04-26T06:55:32.000000;2016-04-26T06:55:32.701014;8c1c711f-f223-415d-a8e0-d13587a8e972;7.3;1.0;SELL
2016-04-26T06:55:32.000000;2016-04-26T06:55:32.720997;da609fa9-d4c7-4474-9e52-ad0f5eeb2cb7;7.3;1.0;SELL
2016-04-26T06:55:32.000000;2016-04-26T06:55:32.727046;3acb0259-0eeb-4726-b805-cf04d265ac39;7.3;0.1;SELL
2016-04-26T06:55:32.000000;2016-04-26T06:55:32.752019;786c8f3a-f49e-4f20-97ac-54962c6a2b76;7.3;100.0;SELL
2016-04-26T06:55:32.000000;2016-04-26T06:55:32.752019;4f1f2c37-7810-4855-ad0c-3030fc80d112;7.3;100.0;SELL
2016-04-26T06:55:32.000000;2016-04-26T06:55:32.754007;82b599a1-390a-4670-806c-a28ebfa658e4;7.3;100.0;SELL
2016-04-26T06:55:39.000000;2016-04-26T06:55:39.116689;9438d398-e2f8-4d43-ba7e-49962316520b;7.299;3.48169324;BUY
2016-04-26T06:55:39.000000;2016-04-26T06:55:39.756742;69c73669-bd0f-458a-a270-3669961c5080;7.2901;3.48169324;SELL
2016-04-26T06:55:39.000000;2016-04-26T06:55:39.765724;7e19f3fe-ea9f-4f57-84ca-a4157bffb9ca;7.29;0.1;SELL
2016-04-26T06:55:39.000000;2016-04-26T06:55:39.773740;e14c5b8a-1dd0-49f2-bfcf-fefc4dbdd445;7.29;9.28570665;SELL
2016-04-26T06:55:43.000000;2016-04-26T06:55:43.660096;ec057c47-2292-449d-ac6e-56c2c6df24d8;7.29;1.67301974;SELL
2016-04-26T06:56:34.000000;2016-04-26T06:56:34.718207;a4673c72-d351-4af7-b312-845f4f74155b;7.2979;100.0;BUY
2016-04-26T06:56:47.000000;2016-04-26T06:56:47.720502;8a9fd6eb-8c91-4d86-8304-c6b48c5d6be4;7.297;103.3253;BUY
2016-04-26T06:56:47.000000;2016-04-26T06:56:47.795524;14b1e675-cca5-4ac6-a1b5-d3d74cfee545;7.2979;200.0;BUY
2016-04-26T06:56:47.000000;2016-04-26T06:56:47.826529;f5043c6a-2181-4e95-99d9-bae2fce1c737;7.2979;3.604021;BUY
2016-04-26T06:56:47.000000;2016-04-26T06:56:47.838539;dc5dfa4e-34b2-4ae5-a6ee-1fb35cee857b;7.3;890.3247;BUY
2016-04-26T06:56:55.000000;2016-04-26T06:56:55.469272;33e69617-c415-4324-93a7-4a37d13718c8;7.2999;300.0;BUY
2016-04-26T06:56:55.000000;2016-04-26T06:56:55.481311;bad97e1c-3605-43f5-8280-869033533691;7.3;3.3253;BUY
2016-04-26T06:57:00.000000;2016-04-26T06:57:00.093786;5ed51aa3-3cfd-478d-82d0-c9119e6f3164;7.3;300.0;BUY
2016-04-26T06:57:13.000000;2016-04-26T06:57:13.962163;de2a2242-5da6-4dd4-9457-caba4f508470;7.3;41.42377674;SELL
2016-04-26T06:57:17.000000;2016-04-26T06:57:17.498481;5c5aacc7-65ec-4444-9e28-258eed7d9502;7.3;41.42377674;SELL
2016-04-26T06:58:35.000000;2016-04-26T06:58:35.132836;8a5b73db-b8c2-40a9-9b9f-5e91813444c1;7.3;3.47696395;SELL
2016-04-26T06:58:39.000000;2016-04-26T06:58:39.730723;b0849f41-ce46-46d4-8d6c-db21d47c349c;7.3;2.74262992;SELL
2016-04-26T06:58:40.000000;2016-04-26T06:58:40.358760;8b574f93-a58e-40d7-8cd7-47807123fb9b;7.3;41.44375213;SELL
2016-04-26T06:58:41.000000;2016-04-26T06:58:41.297908;8b076cd9-33a8-44be-baf8-f698ec4b9b21;7.3;11.18285564;SELL
2016-04-26T06:58:41.000000;2016-04-26T06:58:41.940966;df94431a-37c9-4b38-bdb1-2917ad12dcae;7.3;29.97094191;SELL
2016-04-26T06:58:42.000000;2016-04-26T06:58:42.632992;bd745bcc-b1ca-4be5-b6fd-4c2175b4f144;7.3;11.18285564;SELL
2016-04-26T06:59:14.000000;2016-04-26T06:59:14.595190;ee3f5bbf-5b5c-4d08-a16c-8d6763668e0e;7.29;11.26868985;SELL
2016-04-26T06:59:17.000000;2016-04-26T06:59:18.074567;30b71498-a834-4080-8465-aa6e9d652e79;7.29;77.77258376;SELL
2016-04-26T06:59:17.000000;2016-04-26T06:59:18.081548;e8864a42-96cb-4256-87b4-80c87c789c58;7.29;36.11370812;SELL
2016-04-26T06:59:18.000000;2016-04-26T06:59:18.794611;5f10ec2e-7b13-472a-a56a-e12e953cfb73;7.29;11.31041479;SELL
2016-04-26T06:59:20.000000;2016-04-26T06:59:20.515791;46aff556-e603-46a8-a6cc-33110b2cf10b;7.29;22.29497516;SELL
2016-04-26T06:59:20.000000;2016-04-26T06:59:20.931817;12beba46-2763-4908-8a9c-bb70a2c512f6;7.29;30.28090193;SELL
2016-04-26T06:59:23.000000;2016-04-26T06:59:23.050045;577cbfa2-d4db-48de-b5b3-6a80e5de6a5e;7.28;0.1;SELL
2016-04-26T06:59:23.000000;2016-04-26T06:59:23.061110;a6ac2d1f-e349-4479-8348-e69ed53f9401;7.28;11.25232284;SELL
2016-04-26T06:59:27.000000;2016-04-26T06:59:27.562656;25a4f3c2-399e-4c91-81fc-7fbfee9a4457;7.28;11.37876764;SELL
2016-04-26T06:59:32.000000;2016-04-26T06:59:32.047953;353fc583-2da5-4e71-b712-54365d142565;7.28;11.40527586;SELL
2016-04-26T06:59:36.000000;2016-04-26T06:59:36.816409;d9e0ba4a-0f8e-4e62-9424-b811a7fdcf9c;7.28;11.43178473;SELL
2016-04-26T06:59:45.000000;2016-04-26T06:59:45.389261;45cd66d9-3c46-4000-a550-ae14d491519b;7.28;11.45842172;SELL
2016-04-26T06:59:49.000000;2016-04-26T06:59:49.614704;d400c8e3-b7d6-4fa7-86c6-c2454d50a2f4;7.28;11.48512277;SELL
2016-04-26T06:59:53.000000;2016-04-26T06:59:54.060147;7b38be63-0e91-4e45-9065-95296e19d8c5;7.28;11.51182575;SELL
2016-04-26T06:59:58.000000;2016-04-26T06:59:58.412566;2381b03d-8080-47b2-b2ab-02e21157c627;7.28;11.53865621;SELL
2016-04-26T07:00:01.000000;2016-04-26T07:00:01.469888;a26385af-54fe-4f99-b9ac-84f4fe0a4bb8;7.28;8.53782248;SELL
2016-04-26T07:00:01.000000;2016-04-26T07:00:01.477865;434e45c8-f430-4234-8132-196f587a6936;7.27;0.1;SELL
2016-04-26T07:00:01.000000;2016-04-26T07:00:01.510245;5a2e7c85-7e1b-4318-85ba-6c8d40321e6a;7.27;79.46588564;SELL
2016-04-26T07:00:02.000000;2016-04-26T07:00:02.796036;dd7a61ca-3e10-4304-9df7-5df256d44f62;7.27;8.53781461;SELL
2016-04-26T07:00:06.000000;2016-04-26T07:00:06.933629;265cf23c-7e6b-4b7f-b441-25aa407e6e49;7.27;3.02769982;SELL
2016-04-26T07:00:11.000000;2016-04-26T07:00:11.534908;459e09bc-255c-46b5-802f-03676257fd9d;7.27;5.94089273;SELL
2016-04-26T07:00:15.000000;2016-04-26T07:00:15.728348;025ff3e5-cad2-4709-acc6-5e02e88e4180;7.27;3.0277072;SELL
2016-04-26T07:00:20.000000;2016-04-26T07:00:20.720793;7784c275-3316-42b6-aa93-5bb810bfdf1d;7.26;0.1;SELL
2016-04-26T07:00:20.000000;2016-04-26T07:00:20.730819;4840b9f0-8b8e-4039-b060-ae65dd7ef6b2;7.26;100.0;SELL
2016-04-26T07:00:35.000000;2016-04-26T07:00:35.154234;ca1bd350-9087-4ccd-b83a-549ad65da88e;7.25;10.0;SELL
2016-04-26T07:00:35.000000;2016-04-26T07:00:35.160285;271b86fb-4266-42b0-b3c2-442babd66457;7.25;1.18994951;SELL
2016-04-26T07:00:37.000000;2016-04-26T07:00:37.676512;dffe40e1-2875-4343-bfa1-c68b3f4b775d;7.25;8.81005049;SELL
2016-04-26T07:00:37.000000;2016-04-26T07:00:37.683536;254323d0-d3dd-44c3-85b8-6af501b36e1c;7.25;2.37767756;SELL
2016-04-26T07:00:38.000000;2016-04-26T07:00:38.332571;7448feac-0193-47d8-9571-a0d38d7d11ab;7.25;8.60984464;SELL
2016-04-26T07:00:41.000000;2016-04-26T07:00:41.371867;ae3c3a80-3d8e-4959-aa03-00ad8d87f4e2;7.25;11.00591795;SELL
2016-04-26T07:00:44.000000;2016-04-26T07:00:44.370646;e220fd38-c554-4289-8bfd-b1c6e76ac03c;7.25;11.18772805;SELL
2016-04-26T07:00:48.000000;2016-04-26T07:00:48.867613;71184383-dbce-4e65-bfd4-f6018f13d8b0;7.25;7.78238012;SELL
2016-04-26T07:00:53.000000;2016-04-26T07:00:53.406079;46c9e8d5-e929-4a52-8d5a-3abaa4cc894e;7.25;6.73325226;SELL
2016-04-26T07:01:04.000000;2016-04-26T07:01:04.152163;96641251-7bd9-416d-a832-cd23bf778703;7.25;11.1855066;SELL
2016-04-26T07:01:18.000000;2016-04-26T07:01:18.509596;6e693acb-be32-416c-b516-bee6e03d9a3f;7.25;1.99604105;SELL
2016-04-26T07:01:18.000000;2016-04-26T07:01:18.757638;5d9a896b-5072-47f9-83d3-724ba223d636;7.25;1.99604105;SELL
2016-04-26T07:01:20.000000;2016-04-26T07:01:20.814824;d66d48b0-4861-496d-9804-04f46db39b61;7.25;1.14289045;SELL
2016-04-26T07:01:21.000000;2016-04-26T07:01:21.458879;4c2fb8c2-9227-4184-a485-b907e952e473;7.25;0.8531511;SELL
2016-04-26T07:01:21.000000;2016-04-26T07:01:21.915943;be370620-49c2-476e-ad89-12ba3e67ae00;7.25;1.14630745;SELL
2016-04-26T07:01:23.000000;2016-04-26T07:01:23.290055;3934fd1b-4d3b-48c4-a7c6-e81b1597f184;7.25;1.15154259;SELL
2016-04-26T07:01:31.000000;2016-04-26T07:01:31.408863;1722a826-de4d-41d4-b306-4ae5207f6cde;7.25;7.82161066;SELL
2016-04-26T07:01:39.000000;2016-04-26T07:01:39.184681;5ec64711-5435-4f98-8f15-38726b8fa892;7.25;1.14630125;SELL
2016-04-26T07:01:42.000000;2016-04-26T07:01:42.714996;9616b692-96b7-4390-b4ff-bd7c27a00903;7.25;7.62813813;SELL
2016-04-26T07:01:43.000000;2016-04-26T07:01:43.839165;628611c0-4dc2-41ff-b3ee-135b758696e7;7.25;5.3112817;SELL
2016-04-26T07:01:46.000000;2016-04-26T07:01:46.594397;07dc2b94-5e28-4611-b4cb-9d09c024e283;7.2699;3.700162;BUY
2016-04-26T07:01:46.000000;2016-04-26T07:01:46.622425;111a9063-531f-4e80-9fd8-8bd15e1928d8;7.2699;104.14545902;BUY
2016-04-26T07:01:48.000000;2016-04-26T07:01:48.178656;fe75fbd1-7731-41c0-8130-25d6d36e99ae;7.25;39.91999377;SELL
2016-04-26T07:01:50.000000;2016-04-26T07:01:50.503780;5c4391de-cc65-48cd-93ea-88164afbfe67;7.25;4.72105897;SELL
2016-04-26T07:01:52.000000;2016-04-26T07:01:52.541986;efb19e4f-cdd2-439e-bfd1-922516237289;7.2699;119.96444748;BUY
2016-04-26T07:01:54.000000;2016-04-26T07:01:54.028128;6e7993e4-61c7-4d1a-97c0-4f6ea513d29d;7.25;8.80724965;SELL
2016-04-26T07:01:56.000000;2016-04-26T07:01:56.844412;326831c1-d78e-46f5-b2ba-234e4ca29bff;7.2699;75.8900935;BUY
2016-04-26T07:01:56.000000;2016-04-26T07:01:56.852424;87007a23-85f7-43b8-84da-71fb1b3b8bf6;7.2699;21.52396008;BUY
2016-04-26T07:01:56.000000;2016-04-26T07:01:56.857410;0cf32c59-2df6-40d4-8839-ee13e435eef2;7.27;0.4593874;BUY
2016-04-26T07:01:56.000000;2016-04-26T07:01:56.883448;51abe45e-5f2b-4193-9ab9-50ae820cb0b7;7.27;22.0910065;BUY
2016-04-26T07:01:57.000000;2016-04-26T07:01:57.436480;f97453d9-02d5-4fe1-82a8-8f74134eaf5b;7.25;0.98873892;SELL
2016-04-26T07:02:01.000000;2016-04-26T07:02:02.052940;22880857-13ca-488d-bf4a-35c3f3ed0d5e;7.2699;21.54931626;BUY
2016-04-26T07:02:01.000000;2016-04-26T07:02:02.058964;1213c131-77db-48d0-8d3b-59019357931b;7.27;75.8900935;BUY
2016-04-26T07:05:31.000000;2016-04-26T07:05:31.416910;489557a4-80e5-4ca1-91f3-2096f22aeb86;7.25;41.85203062;SELL
2016-04-26T07:05:31.000000;2016-04-26T07:05:31.665929;c8cc778f-2436-4542-a6af-568db4505494;7.25;8.91185363;SELL
2016-04-26T07:05:32.000000;2016-04-26T07:05:33.240050;c778d0b2-e7eb-4cd5-b1f7-318ce3900415;7.25;5.72346183;SELL
2016-04-26T07:05:32.000000;2016-04-26T07:05:33.245068;57da3a14-0141-4e61-9593-0980dab20b9c;7.25;3.21815812;SELL
2016-04-26T07:05:33.000000;2016-04-26T07:05:33.981140;cf1c035a-1e8f-46a2-a1dd-2b1ce525d7c1;7.25;41.99207503;SELL
2016-04-26T07:05:34.000000;2016-04-26T07:05:34.595195;36a33dbc-6e8c-4d42-a224-c98e5fd99be2;7.25;4.78976685;SELL
2016-04-26T07:05:34.000000;2016-04-26T07:05:34.602187;dd6cbee7-15e4-4dcf-94d9-4cd08af447dd;7.25;0.1;SELL
2016-04-26T07:05:34.000000;2016-04-26T07:05:34.607188;b980b3d4-8a9c-4e33-9b2c-a85417f77c1b;7.25;4.08172835;SELL
2016-04-26T07:05:35.000000;2016-04-26T07:05:35.235263;ded5c31b-5b71-4ebe-a1ba-60baf7e89b3c;7.25;35.91827072;SELL
2016-04-26T07:05:35.000000;2016-04-26T07:05:35.289376;7b965ae1-3785-4b7e-995f-d12e9f1bcd8b;7.24;0.1;SELL
2016-04-26T07:05:35.000000;2016-04-26T07:05:35.295851;8d60c1e4-d6fe-4435-860c-42cc64926cb4;7.24;6.11430208;SELL
2016-04-26T07:05:42.000000;2016-04-26T07:05:42.996037;7a16eace-5103-481b-bd29-4dff4d20b2b4;7.24;57.715894;SELL
2016-04-26T07:05:43.000000;2016-04-26T07:05:44.108143;948b16ae-8bd7-46cb-b0cd-a2c11c9db53b;7.24;36.16980392;SELL
2016-04-26T07:05:44.000000;2016-04-26T07:05:44.342158;32d27389-7cab-440d-bc06-5667261775fa;7.23;5.0;SELL
2016-04-26T07:05:44.000000;2016-04-26T07:05:44.348213;21847744-7908-4337-9faf-f142f18ee381;7.23;0.1;SELL
2016-04-26T07:05:44.000000;2016-04-26T07:05:44.362161;2fcb54dc-31d5-4718-b9c1-6a1f461ebf53;7.23;9.996613;SELL
2016-04-26T07:05:44.000000;2016-04-26T07:05:44.879207;4a7d5e34-0951-464b-a831-0243727e4cce;7.23;74.906774;SELL
2016-04-26T07:05:45.000000;2016-04-26T07:05:45.072234;a77918a9-cd6b-494b-9630-952d8478bb1c;7.23;15.096613;SELL
2016-04-26T07:06:29.000000;2016-04-26T07:06:30.039757;00ca6ec6-0cb4-4e9d-a659-7fe1578a492e;7.226;0.15740339;SELL
2016-04-26T07:06:31.000000;2016-04-26T07:06:31.945085;9a9d8b18-9575-48b0-926a-6d47ee254ac1;7.226;0.1582964;SELL
2016-04-26T07:07:12.000000;2016-04-26T07:07:12.510985;1a19b752-1df4-4b59-9822-2e4886eca12f;7.2269;60.27614732;BUY
2016-04-26T07:07:12.000000;2016-04-26T07:07:12.516994;651e25ea-ce3e-4673-99ad-804c17d59bf3;7.227;103.372;BUY
2016-04-26T07:07:12.000000;2016-04-26T07:07:12.527992;58968a09-6ca1-4b9e-b9ea-b6cdb401168f;7.2279;3.718143;BUY
2016-04-26T07:08:24.000000;2016-04-26T07:08:24.065388;eb9f8400-c5d7-4abc-b1fb-5a45bfc2ddfc;7.226;4.58429276;SELL
2016-04-26T07:08:56.000000;2016-04-26T07:08:56.420609;de0009d0-f6ea-47dd-8e14-d1efde91134b;7.2248;0.00256054;SELL
2016-04-26T07:10:40.000000;2016-04-26T07:10:41.446102;6dc504c9-ce10-482f-a048-030064b68a81;7.2248;0.84743946;SELL
2016-04-26T07:10:40.000000;2016-04-26T07:10:41.456097;1ef58491-1c95-4fd2-a728-dc6944040ddd;7.222;5.0;SELL
2016-04-26T07:10:40.000000;2016-04-26T07:10:41.461097;3b211fb5-e939-49d9-8a70-fb8b4d011fc3;7.222;39.72895136;SELL
2016-04-26T07:10:43.000000;2016-04-26T07:10:44.016389;28c05f26-5d45-4ea4-acd3-b3b29ccb3bc5;7.222;4.999999;SELL
2016-04-26T07:10:49.000000;2016-04-26T07:10:49.887056;bef62230-907e-4ce5-8c3c-6d25f1a0d9ba;7.222;14.713074;SELL
2016-04-26T07:10:54.000000;2016-04-26T07:10:54.741440;c8ce3cee-e2ba-40a6-845a-f14f32ed4ece;7.222;15.05609157;SELL
2016-04-26T07:10:55.000000;2016-04-26T07:10:56.588666;f863fc91-4642-4d97-b7ed-24872caef39b;7.222;7.75577408;SELL
2016-04-26T07:11:29.000000;2016-04-26T07:11:29.184857;73bacb5b-cd11-4442-9f20-db17029f1c3e;7.222;17.74610999;SELL
2016-04-26T07:11:29.000000;2016-04-26T07:11:29.188339;9bfe8c52-a2aa-4ff5-bdeb-9a4d0990dfed;7.22;0.1;SELL
2016-04-26T07:11:29.000000;2016-04-26T07:11:29.202156;ec438218-bc07-422c-ad90-258192a8157e;7.22;9.23451301;SELL
2016-04-26T07:11:30.000000;2016-04-26T07:11:30.719643;ccefcf9c-e2a3-479f-b15b-df0bf14e94b7;7.22;62.716164;SELL
2016-04-26T07:14:08.000000;2016-04-26T07:14:08.326778;5dd2cc70-d888-476a-a35f-4f218d10aafd;7.224;103.4544;BUY
2016-04-26T07:14:08.000000;2016-04-26T07:14:08.359794;2ac9f0a2-b9a8-475f-8e06-88338c4c46a4;7.224;0.84743864;BUY
2016-04-26T07:14:08.000000;2016-04-26T07:14:08.371785;c667888b-4705-4234-bd32-32543fb20608;7.224;3.729036;BUY
2016-04-26T07:14:08.000000;2016-04-26T07:14:08.392791;70238182-4491-40c9-980f-f6fd9cd2f913;7.2299;45.994413;BUY
2016-04-26T07:14:09.000000;2016-04-26T07:14:09.086880;3259e700-2d9a-45cd-afc9-780337c33336;7.25;54.24247235;SELL
2016-04-26T07:14:10.000000;2016-04-26T07:14:10.177014;af31f82a-9330-4f4f-b8a7-9afd45867e87;7.25;50.27433964;SELL
2016-04-26T07:14:11.000000;2016-04-26T07:14:11.385109;edd31052-b26e-4631-bc36-0c8794bf62f0;7.25;26.206217;SELL
2016-04-26T07:14:11.000000;2016-04-26T07:14:11.633153;7406f117-bad5-4911-8492-4e3310278450;7.25;24.22764198;SELL
2016-04-26T07:14:12.000000;2016-04-26T07:14:12.589222;745fb2e8-8182-43d6-b510-669468674672;7.25;50.43437668;SELL
2016-04-26T07:14:13.000000;2016-04-26T07:14:13.678321;ac59431e-6dde-411f-b7f8-6a41a133db50;7.25;50.59438083;SELL
2016-04-26T07:14:14.000000;2016-04-26T07:14:14.865449;b77c5eef-81d8-4812-b559-4a78ab088339;7.25;50.81880636;SELL
2016-04-26T07:14:16.000000;2016-04-26T07:14:16.202590;298be702-6d86-4fd2-9bf0-05209ad3acbc;7.25;7.20646066;SELL
2016-04-26T07:14:18.000000;2016-04-26T07:14:18.176780;31d2ed19-8c84-49d4-8ed2-08cec3355662;7.25;51.002913;SELL
2016-04-26T07:14:18.000000;2016-04-26T07:14:18.841844;b3616f14-05f3-4f6d-ac94-75bf1541e03b;7.25;54.340481;SELL
2016-04-26T07:14:19.000000;2016-04-26T07:14:19.631929;25770b28-f26e-4ba3-bb73-a74e2b4e74f4;7.25;26.755078;SELL
2016-04-26T07:14:19.000000;2016-04-26T07:14:19.938958;aba66da9-35e0-49b6-ba17-92c0cc5ae294;7.25;51.164739;SELL
2016-04-26T07:14:20.000000;2016-04-26T07:14:20.150992;79bc148b-2c7a-4ad7-971c-f2abb8c0142b;7.25;9.70883338;SELL
2016-04-26T07:14:20.000000;2016-04-26T07:14:20.377984;d0380b7c-4977-4f3e-8ac9-40bea17e8298;7.25;51.148131;SELL
2016-04-26T07:14:20.000000;2016-04-26T07:14:20.596030;75784f68-3edd-4423-ac5b-9af2b0b4ef7b;7.25;7.252191;SELL
2016-04-26T07:14:20.000000;2016-04-26T07:14:20.631037;e7302960-b123-41f6-9db5-5c159645a2f6;7.25;10.342654;SELL
2016-04-26T07:14:21.000000;2016-04-26T07:14:21.227127;fc6db89d-46b2-4e90-b2c9-d743fcf4dd08;7.25;19.60478;SELL
2016-04-26T07:14:21.000000;2016-04-26T07:14:21.483097;40a5d9d8-a431-4b06-b353-88428e302c1e;7.25;22.310758;SELL
2016-04-26T07:14:21.000000;2016-04-26T07:14:21.659132;bcd2cfa5-c204-452a-b875-7cd1ab98ea63;7.25;2.777781;SELL
2016-04-26T07:14:21.000000;2016-04-26T07:14:22.177193;d247acda-d9cc-4a98-b551-6d1ad5ed7cec;7.25;0.63147775;SELL
2016-04-26T07:14:21.000000;2016-04-26T07:14:22.190222;53f79aa5-0003-43b8-8ddc-c52cc4cea071;7.25;15.156274;SELL
2016-04-26T07:14:22.000000;2016-04-26T07:14:22.393210;05456120-de06-4755-be47-fb08ba6a4cd0;7.25;32.725214;SELL
2016-04-26T07:14:22.000000;2016-04-26T07:14:23.091261;3869d0cc-66fd-4ca8-a5df-fc1d1f9d27c0;7.25;5.26825705;SELL
