time_exchange;time_coinpai;guid;price;base_amount;taker_side
2016-03-07T00:00:01.053000;2016-03-07T00:00:01.077000;4e5c33cb-ae97-420f-991b-562d39daed75;403.24;2.77573;BUY
2016-03-07T00:00:31.103000;2016-03-07T00:00:31.123000;4024a873-46dc-4c99-90fb-c72b5d294257;403.31;0.27735;BUY
2016-03-07T00:01:01.147000;2016-03-07T00:01:01.163000;1d4802c7-1d69-4b7f-8991-1bade233be1e;403.31;0.20374;BUY
2016-03-07T00:01:31.180000;2016-03-07T00:01:31.247000;4e84e3a1-1f27-4d81-8f3c-ad82fe4385c2;403.37;0.06969925;SELL
2016-03-07T00:01:31.180000;2016-03-07T00:01:31.267000;b984be55-badf-48cb-ab30-0781b2bd4b91;403.37;0.05;SELL
2016-03-07T00:01:31.180000;2016-03-07T00:01:31.267000;4d8b9df5-680a-42cb-b815-c2fdf6ab38ad;403.35;0.01;SELL
2016-03-07T00:01:31.180000;2016-03-07T00:01:31.283000;5bc5f5bd-6f92-40e2-8fe7-7a9ba54211ea;403.11;1.17635075;SELL
2016-03-07T00:02:31.187000;2016-03-07T00:02:31.250000;52ecbbbc-7976-4a95-b38d-02ede258122c;403.44;0.01;BUY
2016-03-07T00:02:31.187000;2016-03-07T00:02:31.267000;2988abf6-a8da-4fba-9b9c-21fab54ff7a5;403.46;0.01;BUY
2016-03-07T00:02:31.187000;2016-03-07T00:02:31.267000;1116f333-bb04-45ef-8b6d-21a9e80a783f;403.48;0.01;BUY
2016-03-07T00:02:31.187000;2016-03-07T00:02:31.307000;d312b596-e738-4e37-8437-d80fe35dc8be;403.5;0.01;BUY
2016-03-07T00:02:31.187000;2016-03-07T00:02:31.307000;79d2e84b-25c0-49fc-b6ab-a54b82857dfa;403.51;0.96;BUY
2016-03-07T00:02:31.187000;2016-03-07T00:02:31.307000;b4f1af66-c59f-4f6d-8b3f-8a1c1b6b20cc;403.52;0.01;BUY
2016-03-07T00:02:31.187000;2016-03-07T00:02:31.307000;a89ebee8-cdec-4228-b191-3474428510ac;403.52;0.24;BUY
2016-03-07T00:02:31.187000;2016-03-07T00:02:31.307000;fe307bf4-d12c-4728-a727-1f433fe4dbd5;403.53;0.01;BUY
2016-03-07T00:02:31.187000;2016-03-07T00:02:31.307000;d971f95f-eaa3-4b1b-a9dc-a46b6c9c32ee;403.53;0.01;BUY
2016-03-07T00:02:31.187000;2016-03-07T00:02:31.307000;ccfcb445-cc08-4cb4-815b-fab83554d46d;403.53;0.96845;BUY
2016-03-07T00:02:33.737000;2016-03-07T00:02:33.817000;ad997f1f-9980-4bbb-89da-05319c56727c;403.54;0.01;BUY
2016-03-07T00:02:33.737000;2016-03-07T00:02:33.817000;ed12949a-f19e-4c8d-97c4-5f26962dfa1d;403.55;0.0259;BUY
2016-03-07T00:03:01.063000;2016-03-07T00:03:01.123000;c33eab2f-7043-484a-849c-e561263d798b;403.52;0.24633;SELL
2016-03-07T00:03:31.020000;2016-03-07T00:03:31.083000;625b2c30-f373-4c4c-a6e4-625be22c233a;403.52;0.01367;SELL
2016-03-07T00:03:31.020000;2016-03-07T00:03:31.100000;3c278870-8c25-4a90-af4e-ba29f7d8e8fe;403.52;0.05;SELL
2016-03-07T00:03:31.020000;2016-03-07T00:03:31.117000;be8e0afc-5b5b-4f6a-9ed1-3baea8929563;403.5;0.0115;SELL
2016-03-07T00:03:31.020000;2016-03-07T00:03:31.117000;d2732851-9d18-4459-9e57-7657a9dca818;403.49;0.01;SELL
2016-03-07T00:03:31.020000;2016-03-07T00:03:31.117000;b82f4390-906d-4831-9c7b-ebbaefea703e;403.47;0.01;SELL
2016-03-07T00:03:31.020000;2016-03-07T00:03:31.190000;1fc18d72-ccd2-4fbc-a1f1-97d6898c95ea;403.47;0.083;SELL
2016-03-07T00:03:31.023000;2016-03-07T00:03:31.190000;53ca334e-570f-4bb0-ad9e-5393bd00ab92;403.45;0.01;SELL
2016-03-07T00:03:31.023000;2016-03-07T00:03:31.190000;e106b0c4-e5a1-4798-85c3-a151a107a642;403.43;0.03101241;SELL
2016-03-07T00:03:31.023000;2016-03-07T00:03:31.190000;430b6a04-93aa-4ffa-a60c-9073fcfe9dcf;403.43;0.01;SELL
2016-03-07T00:03:31.023000;2016-03-07T00:03:31.190000;6002084f-75a7-481a-b251-e0a3b0622a5b;403.42;0.124;SELL
2016-03-07T00:03:31.023000;2016-03-07T00:03:31.190000;4c397831-0287-43c7-b63b-47cf61593e0b;403.41;0.01;SELL
2016-03-07T00:03:31.023000;2016-03-07T00:03:31.190000;ddd55f87-8e88-48fd-9957-23fe2f3fdccd;403.39;0.01;SELL
2016-03-07T00:03:31.023000;2016-03-07T00:03:31.190000;cb33c695-d633-4eec-9866-8f7d3c6d42a5;403.37;0.125;SELL
2016-03-07T00:03:31.023000;2016-03-07T00:03:31.190000;41c97ae4-8581-4102-b91e-f9dc91acd80b;403.36;0.01;SELL
2016-03-07T00:03:31.023000;2016-03-07T00:03:31.190000;f3c1d874-4d26-435a-9e29-8af229955e65;403.32;0.12;SELL
2016-03-07T00:03:31.023000;2016-03-07T00:03:31.207000;850c26e2-5c3a-410f-b4a7-122138911b35;403.27;0.097;SELL
2016-03-07T00:03:31.023000;2016-03-07T00:03:31.207000;d4372755-088e-4cf3-9879-cc8336bf493a;403.17;2.25014759;SELL
2016-03-07T00:04:01.037000;2016-03-07T00:04:01.097000;dc5e2779-9f7e-4061-ad57-48b105040418;403.52;0.05;SELL
2016-03-07T00:04:01.037000;2016-03-07T00:04:01.113000;8b3fd812-7871-4539-b4c0-60233779a99c;403.52;0.26;SELL
2016-03-07T00:04:01.037000;2016-03-07T00:04:01.113000;c3682cbc-d6dd-4f79-8e60-5be23ec0fce4;403.52;0.02835;SELL
2016-03-07T00:05:01.143000;2016-03-07T00:05:01.207000;c83645df-25fe-4973-955d-34f003ed12bf;403.53;6.929;BUY
2016-03-07T00:05:01.143000;2016-03-07T00:05:01.227000;cca2557f-09c6-46ee-b442-9fb68c52cf05;403.53;0.01;BUY
2016-03-07T00:05:01.143000;2016-03-07T00:05:01.243000;12a80fab-b5b8-4b20-8662-d223245102b7;403.53;0.01;BUY
2016-03-07T00:05:01.143000;2016-03-07T00:05:01.243000;4797f988-301d-4837-b8a8-a94f405922ad;403.53;0.01;BUY
2016-03-07T00:05:01.147000;2016-03-07T00:05:01.287000;4404368a-db0f-458d-bab5-cc9b61e73a32;403.53;0.01;BUY
2016-03-07T00:05:01.147000;2016-03-07T00:05:01.310000;88f8e26e-4c9f-4ddc-80d4-f1176da2332d;403.53;0.2184;BUY
2016-03-07T00:05:03.727000;2016-03-07T00:05:03.797000;a1e7695d-9e0d-44c3-81c8-c4d322b2271e;403.53;0.01;BUY
2016-03-07T00:05:03.727000;2016-03-07T00:05:03.813000;21ed67d7-0152-4bad-a2cb-acd73095c58c;403.53;0.09;BUY
2016-03-07T00:05:29.000000;2016-03-07T00:05:29.077000;edaa9de1-d358-4109-943b-e904a2f7d70f;403.54;0.01;BUY
2016-03-07T00:05:29.003000;2016-03-07T00:05:29.097000;697c2fd3-0a75-45d0-84e5-21322336a4fe;403.56;0.01;BUY
2016-03-07T00:05:29.003000;2016-03-07T00:05:29.097000;f2afc8ca-3160-4725-8032-1b2a32a4f598;403.58;0.01;BUY
2016-03-07T00:05:29.003000;2016-03-07T00:05:29.117000;a83b3e5c-9be0-40cb-9d58-a2393baa6178;403.59;0.01;BUY
2016-03-07T00:05:29.003000;2016-03-07T00:05:29.117000;4816665e-9556-44fd-8caa-bdd735275d13;403.6;0.01;BUY
2016-03-07T00:05:29.003000;2016-03-07T00:05:29.117000;5f1ffc10-5f67-44d9-a1c5-434819922a0c;403.6;0.01;BUY
2016-03-07T00:05:29.003000;2016-03-07T00:05:29.117000;dedc6025-eb6f-4756-8cff-7651f5727e01;403.61;0.01;BUY
2016-03-07T00:05:29.003000;2016-03-07T00:05:29.117000;4433c4b3-3258-4d57-8f2d-da3fd08876d8;403.61;0.1;BUY
2016-03-07T00:05:31.040000;2016-03-07T00:05:31.097000;9f733081-9288-48fa-bf99-d18086d4d9b4;403.62;0.01;BUY
2016-03-07T00:05:31.040000;2016-03-07T00:05:31.113000;9833606f-0f09-4970-ba9e-34cc0638722f;403.62;0.01972172;BUY
2016-03-07T00:05:31.040000;2016-03-07T00:05:31.130000;6021ccb8-bc57-4d52-82ff-d7683b30eeba;403.62;0.01;BUY
2016-03-07T00:05:31.040000;2016-03-07T00:05:31.130000;54663577-deb0-47df-85ca-85701da0f7a9;403.64;0.01;BUY
2016-03-07T00:05:31.040000;2016-03-07T00:05:31.130000;37d62e11-d6ab-4478-aaed-e1f1060abd93;403.65;0.01;BUY
2016-03-07T00:05:31.040000;2016-03-07T00:05:31.130000;9f13ffd1-778f-4c4b-85af-8c216c837abc;403.66;0.24;BUY
2016-03-07T00:05:31.040000;2016-03-07T00:05:31.130000;72b9d40f-cdbb-48a4-880d-d0260766682e;403.67;1.0;BUY
2016-03-07T00:05:31.040000;2016-03-07T00:05:31.150000;cc52c926-5067-49f2-92e2-c21ef30253ce;403.68;0.01;BUY
2016-03-07T00:05:31.040000;2016-03-07T00:05:31.153000;7b598292-78d0-46ea-a17f-fd9af1229ccf;403.68;0.40519828;BUY
2016-03-07T00:06:01.230000;2016-03-07T00:06:01.283000;e12512c6-33a0-4d47-a857-cbf00302f3da;403.7;0.01;BUY
2016-03-07T00:06:01.230000;2016-03-07T00:06:01.300000;d32e9038-59f9-4cc2-92ef-5c1e8802ba6e;403.7;0.01968996;BUY
2016-03-07T00:06:01.230000;2016-03-07T00:06:01.317000;63fbf4b9-f678-49e1-ac25-1d03c0553294;403.72;0.01;BUY
2016-03-07T00:06:01.230000;2016-03-07T00:06:01.317000;4a28d8b7-80e6-4591-9f18-4dc6a8556cd7;403.73;1.0;BUY
2016-03-07T00:06:01.230000;2016-03-07T00:06:01.317000;56b1a89d-72ad-483e-91ec-d53fe20503b5;403.75;0.01;BUY
2016-03-07T00:06:01.230000;2016-03-07T00:06:01.393000;11767767-1399-438f-bcc3-d64cf3ad285e;403.75;0.01;BUY
2016-03-07T00:06:01.230000;2016-03-07T00:06:01.393000;3e815002-c2a7-42a8-8997-f8bd1208f2e2;403.76;0.01;BUY
2016-03-07T00:06:01.230000;2016-03-07T00:06:01.393000;b3bad8a8-95f6-4e40-be94-e3e49aa516ab;403.77;0.01;BUY
2016-03-07T00:06:01.230000;2016-03-07T00:06:01.393000;bb140272-b888-4bd5-913b-0f95832f1e50;403.79;0.72762004;BUY
2016-03-07T00:06:31.070000;2016-03-07T00:06:31.120000;1f12e995-d691-45a0-abe5-f04f0d7b7ea3;403.8;0.01;BUY
2016-03-07T00:06:31.070000;2016-03-07T00:06:31.137000;8861dbc2-7830-4634-b9ad-55cf0627487f;403.81;1.17350172;BUY
2016-03-07T00:06:31.070000;2016-03-07T00:06:31.153000;e061f941-48cb-49f6-8955-1929aab36ad6;403.82;0.01;BUY
2016-03-07T00:06:31.070000;2016-03-07T00:06:31.153000;e38431a9-b894-4601-a0d5-e72c195b55f9;403.82;0.09855828;BUY
2016-03-07T00:07:01.040000;2016-03-07T00:07:01.100000;841d2343-9729-42f5-a65d-d781556fbdd0;403.76;0.05;SELL
2016-03-07T00:07:01.040000;2016-03-07T00:07:01.117000;bb06c152-994f-4e5c-8ce7-238c5289e384;403.75;0.01;SELL
2016-03-07T00:07:01.040000;2016-03-07T00:07:01.133000;47e0b6bd-6b96-4372-9510-2a244cb5c9a8;403.73;0.01;SELL
2016-03-07T00:07:01.040000;2016-03-07T00:07:01.133000;271d25f2-7853-4fd5-b58a-b94b9c8ff8cb;403.71;0.01;SELL
2016-03-07T00:07:01.043000;2016-03-07T00:07:01.133000;7477e2e4-9120-4c41-9ef1-fdf22a20b7e1;403.69;0.01;SELL
2016-03-07T00:07:01.043000;2016-03-07T00:07:01.203000;24c4c2ee-bccd-41be-b86f-1f91fc381774;403.67;0.01;SELL
2016-03-07T00:07:01.043000;2016-03-07T00:07:01.203000;3b3dfda7-6cc9-4c2e-8127-6cf1832fba25;403.65;0.01;SELL
2016-03-07T00:07:01.043000;2016-03-07T00:07:01.203000;1f826bab-055d-4b7c-913f-45be67edfd63;403.63;1.0;SELL
2016-03-07T00:07:01.043000;2016-03-07T00:07:01.203000;1c86d149-ceab-4c27-8cf8-6697b3acd843;403.63;0.01;SELL
2016-03-07T00:07:01.043000;2016-03-07T00:07:01.203000;f6cf01d1-a208-44f9-b3c7-06af29635558;403.61;0.01;SELL
2016-03-07T00:07:01.043000;2016-03-07T00:07:01.203000;99c11e0e-b9af-4b04-bf6e-cceeb5c4166e;403.59;0.01;SELL
2016-03-07T00:07:01.043000;2016-03-07T00:07:01.203000;d5382c06-4d91-4bbf-a73e-f4bbe2a9e334;403.57;0.01;SELL
2016-03-07T00:07:01.043000;2016-03-07T00:07:01.207000;407c159a-f218-40c5-95ec-ced46a2b800e;403.55;0.01;SELL
2016-03-07T00:07:01.043000;2016-03-07T00:07:01.207000;1731e233-9e71-47d5-abaf-d4d990552e37;403.55;0.03038098;SELL
2016-03-07T00:07:01.043000;2016-03-07T00:07:01.207000;4fd9c50e-7e85-49c7-b71d-64df350d17c3;403.53;0.01;SELL
2016-03-07T00:07:01.043000;2016-03-07T00:07:01.220000;4d956c08-7fd1-4bb2-a8ae-b9ba73b26e6f;403.53;0.25;SELL
2016-03-07T00:07:01.043000;2016-03-07T00:07:01.220000;92527185-f509-4014-ac8e-97e96ec87295;403.52;0.01;SELL
2016-03-07T00:07:01.043000;2016-03-07T00:07:01.220000;b7168168-228b-49c6-95d2-705a3c0a9f9f;403.51;0.01;SELL
2016-03-07T00:07:01.043000;2016-03-07T00:07:01.223000;1f8d6d7a-5fb5-47b4-8444-1e7fd84266bf;403.5;0.0115;SELL
2016-03-07T00:07:01.043000;2016-03-07T00:07:01.223000;06e7cced-1ecd-4b51-902a-d4ceea6a77d3;403.49;0.01;SELL
2016-03-07T00:07:01.043000;2016-03-07T00:07:01.223000;046ef6a0-1ef4-4f65-b3d7-a816dc6c1eea;403.47;0.01;SELL
2016-03-07T00:07:01.043000;2016-03-07T00:07:01.223000;4f97c332-6eed-452f-a07a-bbfb78df2df3;403.45;0.01;SELL
2016-03-07T00:07:01.043000;2016-03-07T00:07:01.223000;33a4cc76-8f52-4b15-aa7b-433ad94b76b2;403.43;0.01;SELL
2016-03-07T00:07:01.047000;2016-03-07T00:07:01.223000;cecf3e0b-c19b-48c4-9681-8dac67288d88;403.41;0.01;SELL
2016-03-07T00:07:01.047000;2016-03-07T00:07:01.223000;181d1192-9fa4-4f89-987b-41074ac3cb20;403.39;0.01;SELL
2016-03-07T00:07:01.047000;2016-03-07T00:07:01.223000;da220d87-f16f-47fe-a544-9cbdaad24421;403.39;0.2;SELL
2016-03-07T00:07:01.047000;2016-03-07T00:07:01.223000;e02fd35e-16f8-4045-a2ed-ff8d842d6a2a;403.37;0.48;SELL
2016-03-07T00:07:01.047000;2016-03-07T00:07:01.243000;69bf2ea1-ab18-43d1-9e1a-ba657d8bebf3;403.36;0.01;SELL
2016-03-07T00:07:01.047000;2016-03-07T00:07:01.263000;9d4ae7ef-7134-4736-a71f-486cfe70b3f9;403.26;2.72892902;SELL
2016-03-07T00:07:12.433000;2016-03-07T00:07:12.487000;a24e6163-2414-4f4e-b616-720ed81d7cb7;403.77;0.01;BUY
2016-03-07T00:07:12.433000;2016-03-07T00:07:12.503000;d0b66122-215c-4b1c-a822-860bdff711c2;403.77;0.33;BUY
2016-03-07T00:07:56.513000;2016-03-07T00:07:56.560000;f986b1ad-6438-41a1-9323-5f5590f08870;403.77;0.02038113;BUY
2016-03-07T00:07:56.517000;2016-03-07T00:07:56.580000;b75eb16f-0164-43dc-bc01-13832cc38f25;403.77;0.927;BUY
2016-03-07T00:07:56.523000;2016-03-07T00:07:56.600000;d0687318-9bd9-4f99-b565-16bcde57d045;403.77;0.16757119;BUY
2016-03-07T00:08:01.080000;2016-03-07T00:08:01.133000;04c55da9-04d9-4a3e-ad0c-effddf4dfcd8;403.77;0.29821;BUY
2016-03-07T00:08:07.090000;2016-03-07T00:08:07.140000;b02168b9-96c2-4f3e-8174-f8aa6cf18a18;403.77;0.07;BUY
2016-03-07T00:08:31.063000;2016-03-07T00:08:31.110000;e2769be6-a012-4fbd-8b60-9c6ff4ecea0c;403.77;0.01738;BUY
2016-03-07T00:08:40.620000;2016-03-07T00:08:40.667000;6d02383b-28cd-4009-aede-c315ba650df8;403.76;0.05;SELL
2016-03-07T00:08:40.620000;2016-03-07T00:08:40.683000;1ed66875-3ca5-46b0-ad05-d31181f19856;403.76;0.03784145;SELL
2016-03-07T00:09:01.227000;2016-03-07T00:09:01.277000;f868caf1-ebf8-4103-9d43-68832ef6e666;403.73;0.77478;SELL
2016-03-07T00:09:29.260000;2016-03-07T00:09:29.330000;addb5f27-e14a-496e-8833-cd16dfab56e8;403.77;0.01;BUY
2016-03-07T00:09:29.260000;2016-03-07T00:09:29.330000;c9325671-9253-44e3-af1a-c7659f7dd8c2;403.78;0.01;BUY
2016-03-07T00:09:29.260000;2016-03-07T00:09:29.330000;bf8e5313-4a75-451f-a558-b63955bf3626;403.78;0.01;BUY
2016-03-07T00:09:29.260000;2016-03-07T00:09:29.330000;73d0005d-293c-4655-b0fe-872968c0f518;403.78;0.01;BUY
2016-03-07T00:09:29.260000;2016-03-07T00:09:29.330000;ceb6de80-50f2-4fe3-b00d-9fcecf3a13ab;403.78;0.01;BUY
2016-03-07T00:09:29.263000;2016-03-07T00:09:29.330000;c75aee23-c613-4fea-8072-b66cbfbf4530;403.78;0.01;BUY
2016-03-07T00:09:29.263000;2016-03-07T00:09:29.330000;08a1d7da-f710-41d3-8cd6-b7fa8a778e22;403.78;0.01;BUY
2016-03-07T00:09:29.263000;2016-03-07T00:09:29.347000;ee2fdbec-fa7e-44e4-9ab2-8526c5d243df;403.78;0.01;BUY
2016-03-07T00:09:31.163000;2016-03-07T00:09:31.210000;07a5e6bb-6615-4a15-9f4f-651a4a984d5e;403.78;0.01;BUY
2016-03-07T00:09:31.163000;2016-03-07T00:09:31.227000;a8bf61ed-3bad-4acd-9232-3c4d218682e7;403.78;0.01;BUY
2016-03-07T00:09:31.163000;2016-03-07T00:09:31.247000;69f7b3f9-0401-4b14-88bf-b6d598d94483;403.78;0.01;BUY
2016-03-07T00:09:31.163000;2016-03-07T00:09:31.247000;517366a8-46f2-4e02-bb3d-2203aae33406;403.78;0.01;BUY
2016-03-07T00:09:31.167000;2016-03-07T00:09:31.247000;eef73849-3bf7-43b9-8c18-cf0ade4bd566;403.78;0.01;BUY
2016-03-07T00:09:31.167000;2016-03-07T00:09:31.247000;ebb0fe30-40b5-428d-98b1-08bf478fce3a;403.78;0.01;BUY
2016-03-07T00:09:31.167000;2016-03-07T00:09:31.247000;ca58f2fe-53b9-45f8-848e-9730b765d035;403.78;0.01;BUY
2016-03-07T00:09:31.167000;2016-03-07T00:09:31.313000;c6e2be76-c2cf-43d3-8894-321ae50365ae;403.78;0.01;BUY
2016-03-07T00:09:31.167000;2016-03-07T00:09:31.313000;ab0787e1-2122-411e-ad2a-38439b2674b9;403.78;0.01;BUY
2016-03-07T00:09:31.167000;2016-03-07T00:09:31.313000;eea12150-26b6-4773-a266-e393005dbca8;403.78;0.01;BUY
2016-03-07T00:09:31.167000;2016-03-07T00:09:31.313000;e37174ed-d352-4bbd-b7e8-527b5bf0fcec;403.78;0.01;BUY
2016-03-07T00:09:31.167000;2016-03-07T00:09:31.313000;efd3aace-160e-4381-a969-8486c8606033;403.8;0.01;BUY
2016-03-07T00:09:31.167000;2016-03-07T00:09:31.313000;58c69dbf-f49c-46ef-82db-7a90e68752c3;403.83;0.10149;BUY
2016-03-07T00:10:02.283000;2016-03-07T00:10:02.327000;f1a97136-3741-407a-a7ce-6f24fd430407;403.78;0.08;BUY
2016-03-07T00:10:31.093000;2016-03-07T00:10:31.133000;25611624-8ce3-44a8-b4fb-74e8637690d1;403.78;0.4;BUY
2016-03-07T00:10:31.093000;2016-03-07T00:10:31.153000;0f925eef-1684-41e6-b437-fc0ab1feac1a;403.78;1.19963;BUY
2016-03-07T00:11:01.010000;2016-03-07T00:11:01.053000;2f8f3793-1cc5-4a79-8c96-6c0d30cf61dd;403.77;0.01;SELL
2016-03-07T00:11:01.010000;2016-03-07T00:11:01.070000;6eb7a552-3079-49c1-bea6-b5a367b998f0;403.75;0.01;SELL
2016-03-07T00:11:01.010000;2016-03-07T00:11:01.087000;15d800e8-1277-41fe-8b49-41ae89e9adeb;403.73;0.01;SELL
2016-03-07T00:11:01.010000;2016-03-07T00:11:01.087000;8f71847b-371a-4b9e-8d5e-60fe1126d5c5;403.73;0.0774;SELL
2016-03-07T00:11:17.667000;2016-03-07T00:11:17.750000;86cae81c-7771-4484-b730-7655b4c567b2;403.73;0.9226;SELL
2016-03-07T00:11:17.667000;2016-03-07T00:11:17.750000;d457c1b8-ce3d-43f6-885a-b98cb5057074;403.72;0.2;SELL
2016-03-07T00:11:17.670000;2016-03-07T00:11:17.750000;31b7a575-6245-4740-b7ad-9637d6a71daf;403.71;0.01;SELL
2016-03-07T00:11:17.670000;2016-03-07T00:11:17.753000;b3008967-e3b4-42ba-abfd-8a6e7e794609;403.69;0.01;SELL
2016-03-07T00:11:17.670000;2016-03-07T00:11:17.753000;34ab0cf8-2c9a-44d8-ada1-0c3fc4a8a37c;403.67;0.01;SELL
2016-03-07T00:11:17.670000;2016-03-07T00:11:17.753000;e278504c-bdc6-41e1-a48f-6cd1df2953d6;403.65;0.01;SELL
2016-03-07T00:11:17.670000;2016-03-07T00:11:17.770000;8098f920-4adf-4dae-994c-0d673a33e816;403.63;0.01;SELL
2016-03-07T00:11:17.670000;2016-03-07T00:11:17.770000;5f5641ac-6c57-4188-903d-facd7b0b95fa;403.61;0.01;SELL
2016-03-07T00:11:17.670000;2016-03-07T00:11:17.787000;5746b15f-a7d5-431c-bb8c-1b3db46c9286;403.59;0.01;SELL
2016-03-07T00:11:17.670000;2016-03-07T00:11:17.787000;c3c7a132-13f8-4d97-bd00-849d8e9d00e5;403.57;0.01;SELL
2016-03-07T00:11:17.670000;2016-03-07T00:11:17.787000;15b5dfb3-5a8a-4a54-892e-6e7934bc18ed;403.55;0.01;SELL
2016-03-07T00:11:17.670000;2016-03-07T00:11:17.813000;a0c4580b-aa21-432b-9541-c56504873ff5;403.53;0.01;SELL
2016-03-07T00:11:17.670000;2016-03-07T00:11:17.813000;a4113c33-89f0-43ee-8a75-ddc8838ae0a5;403.53;0.25;SELL
2016-03-07T00:11:17.670000;2016-03-07T00:11:17.813000;c7da648e-9898-4bb5-9d49-01092c2bf09a;403.51;0.01;SELL
2016-03-07T00:11:17.670000;2016-03-07T00:11:17.813000;76069bb8-1299-40d7-9ef3-117263c2082e;403.49;0.01;SELL
2016-03-07T00:11:17.670000;2016-03-07T00:11:17.813000;f7587e72-f4c9-4178-a13f-ea10b4ed299a;403.48;0.01;SELL
2016-03-07T00:11:17.670000;2016-03-07T00:11:17.813000;8a5ab2a2-0e1d-4c6b-9649-bc436b61ea07;403.47;0.01;SELL
2016-03-07T00:11:17.673000;2016-03-07T00:11:17.813000;ac3fd555-5c1c-4148-ac94-4e4399ce96e6;403.45;0.01;SELL
2016-03-07T00:11:17.673000;2016-03-07T00:11:17.830000;21a32aec-c66a-4bb8-bd9d-1a364d667d0b;403.43;0.01;SELL
2016-03-07T00:11:17.673000;2016-03-07T00:11:17.830000;85510f37-bf01-4616-ac2a-e25eef1bae69;403.41;0.01;SELL
2016-03-07T00:11:17.673000;2016-03-07T00:11:17.830000;0c34a3df-c9c3-4210-835b-e5cf49fbb8f0;403.39;0.01;SELL
2016-03-07T00:11:17.673000;2016-03-07T00:11:17.830000;15a7aaaa-9a07-4736-a83b-56d1d5acb297;403.34;2.64;SELL
2016-03-07T00:11:17.673000;2016-03-07T00:11:17.830000;373f6ffb-4e59-4718-808d-fa16a7f4b6a3;403.33;0.01;SELL
2016-03-07T00:11:17.673000;2016-03-07T00:11:17.830000;47eb85be-e346-48a4-901f-8168161d9cc1;403.3;2.16;SELL
2016-03-07T00:11:17.673000;2016-03-07T00:11:17.830000;a9d4d3b0-059f-4277-afb7-a46fbed0ffc8;403.29;0.8;SELL
2016-03-07T00:11:17.673000;2016-03-07T00:11:17.830000;690b95b8-682d-426a-a419-5c0d9cb431eb;403.28;7.3851;SELL
2016-03-07T00:11:17.673000;2016-03-07T00:11:17.847000;a3544991-352c-4b0a-a750-35f3355dcfba;403.27;0.01;SELL
2016-03-07T00:11:17.673000;2016-03-07T00:11:17.847000;758c5f4e-41b6-427d-af48-f75714e68222;403.27;0.01;SELL
2016-03-07T00:11:17.673000;2016-03-07T00:11:17.847000;9a7018c8-6cf8-40f3-923d-222a7fadaa5e;403.23;0.01;SELL
2016-03-07T00:11:17.673000;2016-03-07T00:11:17.850000;fef1d648-3480-4683-a74a-0b033bbba692;403.21;0.79;SELL
2016-03-07T00:11:17.673000;2016-03-07T00:11:17.870000;3c50fd91-f874-43b0-a693-ec5d0fb9fa86;403.2;0.01969908;SELL
2016-03-07T00:11:17.673000;2016-03-07T00:11:17.870000;f5f996f1-51da-478c-9c51-8fd858f26800;403.18;0.1;SELL
2016-03-07T00:11:17.673000;2016-03-07T00:11:17.870000;60582391-0e3f-4eb0-8113-3f84b83d3c56;403.18;0.1;SELL
2016-03-07T00:11:17.677000;2016-03-07T00:11:17.870000;e2bf3f58-7fb2-4aa7-8724-7f49d00ee163;403.16;3.6;SELL
2016-03-07T00:11:17.677000;2016-03-07T00:11:17.870000;fa3f26c6-58c8-4b10-8c6d-ff8bf1fa5497;403.15;0.29;SELL
2016-03-07T00:11:17.677000;2016-03-07T00:11:17.870000;b444866a-2550-4e02-a433-ae1803ee3ff5;403.1;4.32;SELL
2016-03-07T00:11:17.677000;2016-03-07T00:11:17.870000;f5aea9d7-4a4e-428b-8889-e6d2b3f13449;403.09;0.01;SELL
2016-03-07T00:11:17.677000;2016-03-07T00:11:17.887000;eecc2b6d-1ae7-4bd0-a8ac-16dd25fd7858;403.01;4.56;SELL
2016-03-07T00:11:17.677000;2016-03-07T00:11:17.903000;73824b71-f546-4066-b41b-753fc9b29ecb;403.0;0.01969693;SELL
2016-03-07T00:11:17.677000;2016-03-07T00:11:17.903000;b12ba1bb-e514-4c48-8dce-0e8f1bcce6d0;403.0;8.51;SELL
2016-03-07T00:11:17.677000;2016-03-07T00:11:17.903000;94bc6031-aa6b-4938-a3ca-bc92f8226dd6;402.97;0.01;SELL
2016-03-07T00:11:17.677000;2016-03-07T00:11:17.903000;36255865-b8d5-46fb-9c24-cc7b50280f4f;402.97;0.125;SELL
2016-03-07T00:11:17.677000;2016-03-07T00:11:17.903000;5171770a-25fd-4c2c-8186-ce8e8c72aece;402.92;0.01;SELL
2016-03-07T00:11:17.677000;2016-03-07T00:11:17.903000;9af1dbaf-9da6-4cb7-a394-caa619ec156d;402.92;8.363;SELL
2016-03-07T00:11:17.677000;2016-03-07T00:11:17.903000;1053dd3a-ffe8-47de-90aa-9a9c25d58402;402.86;14.31;SELL
2016-03-07T00:11:17.677000;2016-03-07T00:11:17.927000;6ca09cd5-2ed2-49ee-856f-4636944cae8d;402.8;0.28490399;SELL
2016-03-07T00:11:30.990000;2016-03-07T00:11:31.030000;e8e09128-3292-45ba-b892-7f21586a8068;403.29;0.01;SELL
2016-03-07T00:11:30.990000;2016-03-07T00:11:31.047000;3a45f59f-1561-44ad-b701-2f0770b98a53;403.28;0.01;SELL
2016-03-07T00:11:30.990000;2016-03-07T00:11:31.047000;52399e21-18d4-4f6b-a338-5a6aa78e4162;403.2;0.01969351;SELL
2016-03-07T00:11:30.990000;2016-03-07T00:11:31.070000;a873e6b9-a5bb-48de-a1cd-ff03ad304302;403.15;0.17458649;SELL
2016-03-07T00:11:35.010000;2016-03-07T00:11:35.053000;eaf9d16a-843a-4c6f-a6c6-8e779dac16ce;403.29;0.05;SELL
2016-03-07T00:11:35.010000;2016-03-07T00:11:35.070000;7df2540a-4e77-4b12-b925-1f2dce69f551;403.15;0.41541351;SELL
2016-03-07T00:11:35.013000;2016-03-07T00:11:35.070000;1a4a3cf5-cd2d-444c-ad9a-e0cabcbfc132;403.13;0.01;SELL
2016-03-07T00:11:35.013000;2016-03-07T00:11:35.093000;e8445859-968d-4e97-8b64-c5651ff22ebb;403.0;8.1;SELL
2016-03-07T00:11:35.013000;2016-03-07T00:11:35.097000;2970f8a3-776a-42b2-97b5-a8624b67b4ba;402.99;0.04;SELL
2016-03-07T00:11:35.013000;2016-03-07T00:11:35.097000;34d1335e-6ab2-4668-a3c1-7159f41d24ff;402.96;0.8;SELL
2016-03-07T00:11:35.013000;2016-03-07T00:11:35.097000;e14c3c7e-1478-45b4-98b7-002dbd48d41e;402.95;5.81;SELL
2016-03-07T00:11:35.013000;2016-03-07T00:11:35.097000;7d3aa146-22a7-4a7b-bc3d-f0a7e8e0bf39;402.91;7.077;SELL
2016-03-07T00:11:35.013000;2016-03-07T00:11:35.097000;3df4be43-8fed-4738-985d-c4f1c901ec10;402.89;0.01;SELL
2016-03-07T00:11:35.013000;2016-03-07T00:11:35.097000;d138d87d-bcfd-40ec-9eb4-efd01a9fd705;402.86;8.49;SELL
2016-03-07T00:11:35.013000;2016-03-07T00:11:35.097000;ef7d01c2-5172-420a-b214-7b77e54a3b9f;402.8;0.01589601;SELL
2016-03-07T00:11:35.013000;2016-03-07T00:11:35.113000;19beb273-bf7c-4933-96b1-d13d56676bce;402.8;0.01969351;SELL
2016-03-07T00:11:35.013000;2016-03-07T00:11:35.137000;279726ed-9a61-4c59-9cea-01d0e3a3187c;402.78;1.44;SELL
2016-03-07T00:11:35.013000;2016-03-07T00:11:35.160000;868c3436-dc13-4fda-a87a-e1a17abbe803;402.77;13.08;SELL
2016-03-07T00:11:35.013000;2016-03-07T00:11:35.160000;63e2b9af-4e16-4df8-8d79-d2d2f747e927;402.75;7.207;SELL
2016-03-07T00:11:35.013000;2016-03-07T00:11:35.160000;18d79796-b634-4c54-acc2-0eca31700ceb;402.75;7.43499697;SELL
2016-03-07T00:11:45.050000;2016-03-07T00:11:45.110000;a48875c1-133e-4c80-b9c4-43d4f0d4c9e3;403.29;0.05;SELL
2016-03-07T00:11:45.050000;2016-03-07T00:11:45.113000;3c0949f1-9217-492c-bd9d-c476d3f6159b;403.15;0.01;SELL
2016-03-07T00:11:45.050000;2016-03-07T00:11:45.113000;56898d83-178a-42cb-8698-a61c70e4e1d9;402.92;0.01;SELL
2016-03-07T00:11:45.050000;2016-03-07T00:11:45.160000;e11bbaca-7cdd-4f7a-a285-0ac307bf0a13;402.8;0.01;SELL
2016-03-07T00:11:45.050000;2016-03-07T00:11:45.180000;eb7b1a8d-dea3-40b2-8b80-bddd16dc0970;402.8;0.01969351;SELL
2016-03-07T00:11:45.050000;2016-03-07T00:11:45.180000;cd94c050-962d-4d11-8a98-b614f3735e33;402.76;8.375;SELL
2016-03-07T00:11:45.050000;2016-03-07T00:11:45.180000;897bc355-9a8e-47df-9b15-e0ec2e91a977;402.76;8.547;SELL
2016-03-07T00:11:45.050000;2016-03-07T00:11:45.180000;abe3dda3-4035-4f12-bb36-08cc4801d0d9;402.75;1.42500303;SELL
2016-03-07T00:11:45.050000;2016-03-07T00:11:45.180000;f762ad17-6690-499a-b21e-7ca9b236aaea;402.72;0.5837;SELL
2016-03-07T00:11:45.050000;2016-03-07T00:11:45.180000;716ee669-d1f3-4a67-b3ab-29487bc8af4f;402.68;7.39108;SELL
2016-03-07T00:11:45.050000;2016-03-07T00:11:45.180000;d6ed441a-a68c-482b-9625-fe5fbb529911;402.66;0.01;SELL
2016-03-07T00:11:45.053000;2016-03-07T00:11:45.180000;1f3bdf6c-9b3e-4eb8-ab4c-7af10b76fdc7;402.64;5.52;SELL
2016-03-07T00:11:45.053000;2016-03-07T00:11:45.180000;cb7cbf5d-892f-4a91-8625-046e55d26949;402.61;3.84;SELL
2016-03-07T00:11:45.053000;2016-03-07T00:11:45.180000;a9b93148-aad2-4c1f-ac03-9b5bd9ac292c;402.6;24.20852346;SELL
2016-03-07T00:11:45.590000;2016-03-07T00:11:45.653000;1799c0a4-f22b-4322-bdcd-deff3df2a132;403.29;0.05;SELL
2016-03-07T00:11:54.707000;2016-03-07T00:11:54.747000;19e2ff79-1de0-47c4-8eb2-d318339e3a4a;403.27;0.07819571;SELL
2016-03-07T00:11:54.707000;2016-03-07T00:11:54.770000;40151a7e-aa49-48fc-9f11-8ad1e013cec3;403.07;0.01;SELL
2016-03-07T00:11:54.707000;2016-03-07T00:11:54.770000;3730a4df-2b73-48d6-a4b5-b199630915a6;402.88;0.01;SELL
2016-03-07T00:11:54.707000;2016-03-07T00:11:54.770000;331ac9e3-6301-44ba-b02a-0f4d38c1f0f6;402.87;0.01;SELL
2016-03-07T00:11:54.707000;2016-03-07T00:11:54.787000;e4ec8af9-cccf-420b-83ac-e13e77d3f899;402.87;0.05;SELL
2016-03-07T00:11:54.707000;2016-03-07T00:11:54.787000;21341ff8-623e-48c3-b7b0-d6fa2f7528cb;402.75;0.01;SELL
2016-03-07T00:11:54.707000;2016-03-07T00:11:54.787000;9c5927c3-8b20-4cd3-bada-d2cb91fcd354;402.63;7.248;SELL
2016-03-07T00:11:54.710000;2016-03-07T00:11:54.787000;dc1c9f52-7b88-4916-ae7c-3ac7cbc903c4;402.6;0.01969351;SELL
2016-03-07T00:11:54.710000;2016-03-07T00:11:54.807000;3ec61973-5b06-40ec-9bd6-4850af203cc4;402.6;0.01;SELL
2016-03-07T00:11:54.710000;2016-03-07T00:11:54.807000;557cd20f-5db8-4f37-9f22-92c6dd716721;402.59;7.521;SELL
2016-03-07T00:11:54.710000;2016-03-07T00:11:54.807000;9dcc1bb5-007f-4d9e-91f3-b0c4560d9286;402.53;0.01;SELL
2016-03-07T00:11:54.710000;2016-03-07T00:11:54.837000;7441bb50-57c4-476c-a245-24190a19d8ca;402.5;0.0115;SELL
2016-03-07T00:11:54.710000;2016-03-07T00:11:54.837000;f2401646-b896-4245-9082-171eb7b663ab;402.49;4.8;SELL
2016-03-07T00:11:54.710000;2016-03-07T00:11:54.837000;a7475679-1f1f-46e3-9f84-58b11a851814;402.44;0.02;SELL
2016-03-07T00:11:54.710000;2016-03-07T00:11:54.837000;f8ad0fa4-df08-4004-aa9e-664f16306857;402.43;8.068;SELL
2016-03-07T00:11:54.710000;2016-03-07T00:11:54.867000;633ed223-18f1-41a7-ab77-9ba05af13e0c;402.4;0.01969351;SELL
2016-03-07T00:11:54.710000;2016-03-07T00:11:54.867000;ecfaf593-660c-4151-be02-cb743bb34490;402.36;1.2533798;SELL
2016-03-07T00:11:54.710000;2016-03-07T00:11:54.867000;201ea260-8eab-4ca3-817b-07b2af910f45;402.31;0.1231;SELL
2016-03-07T00:11:54.710000;2016-03-07T00:11:54.867000;2bc503d2-ea37-4a16-b3c6-59a518b11a92;402.28;8.431;SELL
2016-03-07T00:11:54.710000;2016-03-07T00:11:54.867000;14a0f3f1-c0de-4402-af13-3c3ddf96ad81;402.28;0.01;SELL
2016-03-07T00:11:54.710000;2016-03-07T00:11:54.867000;e3f2e951-fad3-4c39-b4cf-324e99aa7b44;402.21;0.01;SELL
2016-03-07T00:11:54.710000;2016-03-07T00:11:54.867000;50fc84fe-b42d-4435-9bee-63eda22879a8;402.11;2.27643747;SELL
2016-03-07T00:12:01.060000;2016-03-07T00:12:01.097000;cf83e930-1660-4268-bfda-45172128611d;403.11;0.27;BUY
2016-03-07T00:12:01.127000;2016-03-07T00:12:01.183000;b2a24680-de85-4e95-b53d-ba22073f59fe;403.1;0.1102;BUY
2016-03-07T00:12:06.467000;2016-03-07T00:12:06.523000;d25c3cfe-9f2c-4f95-92ed-3fdcdf3a6074;402.87;0.05;SELL
2016-03-07T00:12:06.467000;2016-03-07T00:12:06.523000;9f43107c-bbfe-4eaa-867a-6afdbae6efe5;402.75;0.01;SELL
2016-03-07T00:12:06.467000;2016-03-07T00:12:06.527000;cf52f696-645f-4434-b099-7d3ecf2620e3;402.6;0.01969351;SELL
2016-03-07T00:12:06.467000;2016-03-07T00:12:06.527000;f02875fe-c9a2-4a3a-90db-ff534898912a;402.55;0.01;SELL
2016-03-07T00:12:06.467000;2016-03-07T00:12:06.550000;1bb7759f-5493-40b2-9513-5b50352ce989;402.44;0.01;SELL
2016-03-07T00:12:06.467000;2016-03-07T00:12:06.550000;284f4e68-57cd-4223-a6db-30783c43a2da;402.4;0.01969351;SELL
2016-03-07T00:12:06.467000;2016-03-07T00:12:06.550000;1369ad2e-b080-4596-9652-39d079e2fc36;402.37;1.25;SELL
2016-03-07T00:12:06.470000;2016-03-07T00:12:06.550000;f03406fc-b516-412a-af24-fc7f08e42a3f;402.36;0.01;SELL
2016-03-07T00:12:06.470000;2016-03-07T00:12:06.570000;06f24c01-46e0-48e0-8633-11de968ca451;402.32;20.59;SELL
2016-03-07T00:12:06.470000;2016-03-07T00:12:06.570000;8209159e-c2a0-4bd6-80cc-1af0225d8ab2;402.3;0.01;SELL
2016-03-07T00:12:06.470000;2016-03-07T00:12:06.570000;fb8c4b8a-49f3-4fdd-a8e7-c7a8be7bb1e4;402.29;7.4;SELL
2016-03-07T00:12:06.470000;2016-03-07T00:12:06.570000;14a046f1-da1a-450b-8fa8-05ece34b4359;402.28;0.01;SELL
2016-03-07T00:12:06.470000;2016-03-07T00:12:06.593000;e2eee2d2-f09a-417d-93b8-c8d33d13d0dc;402.27;8.004;SELL
2016-03-07T00:12:06.470000;2016-03-07T00:12:06.593000;1f986497-ea1c-44b5-a02d-27d0b6e86cd7;402.11;0.67756253;SELL
2016-03-07T00:12:06.470000;2016-03-07T00:12:06.593000;7fe871c6-49b5-4afa-882d-429170c47ebd;402.1;0.26;SELL
2016-03-07T00:12:06.470000;2016-03-07T00:12:06.593000;cff769f6-2016-4368-9a72-8db91720f711;402.07;0.01;SELL
2016-03-07T00:12:06.470000;2016-03-07T00:12:06.593000;f1cf3ae3-87be-471e-a1f1-36484b227442;402.02;0.02;SELL
2016-03-07T00:12:06.470000;2016-03-07T00:12:06.593000;f370de05-fb63-4e6f-9a2e-f775d43ebb4f;402.0;0.035;SELL
2016-03-07T00:12:06.470000;2016-03-07T00:12:06.627000;da2d7cf6-0fd6-449f-ad20-48a4e7b0c43d;402.0;0.01;SELL
2016-03-07T00:12:06.470000;2016-03-07T00:12:06.627000;b6cc7f38-ed6c-4403-a741-f464138f74c8;401.95;0.125;SELL
2016-03-07T00:12:06.470000;2016-03-07T00:12:06.627000;335503ed-6a30-4d6e-8fcb-8b1fe39509f8;401.89;1.46905045;SELL
2016-03-07T00:12:07.527000;2016-03-07T00:12:07.583000;fa140625-01e3-4544-bb1c-7fafdf9f046f;402.87;0.05;SELL
2016-03-07T00:12:13.540000;2016-03-07T00:12:13.593000;93a66bf2-f72b-4eae-96d0-f2e1e394cdf8;402.76;0.07;SELL
2016-03-07T00:12:32.193000;2016-03-07T00:12:32.243000;3bae2a77-cee3-4c29-bc30-63a0630b7507;402.94;0.07;BUY
2016-03-07T00:13:01.397000;2016-03-07T00:13:01.433000;5a58de83-7437-47af-be37-4b8b63180d68;402.93;0.2;SELL
2016-03-07T00:13:01.397000;2016-03-07T00:13:01.453000;04a27592-39c2-4183-b767-40764205a1f3;402.93;0.05;SELL
2016-03-07T00:13:01.397000;2016-03-07T00:13:01.453000;eb43ff54-94f4-497d-9217-ff92caa33a14;402.83;0.01;SELL
2016-03-07T00:13:01.397000;2016-03-07T00:13:01.470000;ba555630-1ae4-4a89-8395-f692e1ab3d75;402.76;0.00172861;SELL
2016-03-07T00:13:01.397000;2016-03-07T00:13:01.473000;9c768edf-9510-48d7-912a-2bb7a5304d8f;402.7;0.01;SELL
2016-03-07T00:13:01.397000;2016-03-07T00:13:01.473000;4a6640fb-c310-4a69-8af2-df5b5335327c;402.48;0.01;SELL
2016-03-07T00:13:01.397000;2016-03-07T00:13:01.473000;fda17dd4-b612-41ed-8674-9015a3445c6a;402.4;0.01969351;SELL
2016-03-07T00:13:01.397000;2016-03-07T00:13:01.473000;dcc6afce-2ca2-4729-a35b-119c50f4104b;402.37;2.16370788;SELL
2016-03-07T00:13:01.913000;2016-03-07T00:13:01.967000;173d3704-4f09-4cad-ad4a-5fcfc1820718;402.93;0.05;SELL
2016-03-07T00:14:01.080000;2016-03-07T00:14:01.113000;3b8f0d6b-3886-471a-a41f-91e6d8286683;402.55;0.01;SELL
2016-03-07T00:14:01.080000;2016-03-07T00:14:01.137000;0f3c092a-a67d-4600-9961-a57c69c830d6;402.4;0.01971309;SELL
2016-03-07T00:14:01.080000;2016-03-07T00:14:01.137000;2aa22b49-32f9-4033-8bf8-a1ec879477f4;402.32;0.01;SELL
2016-03-07T00:14:01.080000;2016-03-07T00:14:01.137000;a14a6016-3dcb-4bdf-b40b-712c6d3a3f1f;402.22;0.69896691;SELL
2016-03-07T00:14:31.150000;2016-03-07T00:14:31.183000;f144486e-5805-4246-86e9-f3cb3d22c3be;402.83;8.2892;BUY
2016-03-07T00:15:01.157000;2016-03-07T00:15:01.190000;91a0c360-e30b-4782-b1ec-ed250140a7b9;402.56;0.05;SELL
2016-03-07T00:15:01.157000;2016-03-07T00:15:01.207000;dc25476c-e0fb-4c10-8eba-66464bb3c1b3;402.28;0.01;SELL
2016-03-07T00:15:01.157000;2016-03-07T00:15:01.207000;442c2203-7e9f-4a0f-95f6-90b3fecbeef2;402.22;8.083;SELL
2016-03-07T00:15:01.160000;2016-03-07T00:15:01.207000;4f58febd-f910-45be-b09a-92266f1746ed;402.2;0.01969351;SELL
2016-03-07T00:15:01.160000;2016-03-07T00:15:01.223000;b7f26802-bd5b-4cb4-8f64-be9f0d287729;402.1;0.01;SELL
2016-03-07T00:15:01.160000;2016-03-07T00:15:01.287000;d5f4b76c-4eb2-4830-a78a-d6fbd4d9b202;402.06;1.67423649;SELL
2016-03-07T00:15:01.723000;2016-03-07T00:15:01.767000;e6fc9b74-1fcb-456a-baa9-f8b9a313df22;402.72;0.01091333;BUY
2016-03-07T00:15:14.007000;2016-03-07T00:15:14.037000;adbfc25a-d78d-43f7-8972-7498a3018fdd;402.54;0.2;BUY
2016-03-07T00:15:31.083000;2016-03-07T00:15:31.117000;4fdacd92-9390-4fbb-9166-226877041381;402.09;0.04917;BUY
2016-03-07T00:16:02.400000;2016-03-07T00:16:02.423000;d819eff2-82c7-4341-9aec-3c437e0f31d3;402.09;0.24623;BUY
2016-03-07T00:16:31.173000;2016-03-07T00:16:31.143000;c644acbe-a522-4a93-95a7-b4b64da3c1ea;402.08;0.152;SELL
2016-03-07T00:16:31.173000;2016-03-07T00:16:31.160000;4ba3dec8-0e7d-4a49-a01b-b8cc1d80a241;402.07;0.01;SELL
2016-03-07T00:16:31.173000;2016-03-07T00:16:31.173000;4adbda33-9297-4169-a1ab-4c71a60716cf;402.0;0.01971309;SELL
2016-03-07T00:16:31.173000;2016-03-07T00:16:31.177000;38779f21-2875-4486-96c1-d4589083ffe5;401.89;0.50268691;SELL
2016-03-07T00:17:01.090000;2016-03-07T00:17:01.083000;5adb299e-6ee2-454d-a1b9-e14c78db11b8;402.05;0.47387;BUY
2016-03-07T00:17:01.863000;2016-03-07T00:17:01.857000;ce7ae71f-4578-4854-9051-1a54ea6d93ea;402.05;0.01129;BUY
2016-03-07T00:17:40.350000;2016-03-07T00:17:40.317000;caf7a15d-1077-499b-945c-74c1e7f0b70e;402.04;0.01;BUY
2016-03-07T00:18:01.827000;2016-03-07T00:18:01.800000;f24bb5e9-55f7-4267-bb8b-731c421e5729;402.04;0.01113;BUY
2016-03-07T00:19:01.670000;2016-03-07T00:19:01.630000;4585e427-5060-405c-a070-0068654364b1;402.04;0.01069667;BUY
2016-03-07T00:19:06.987000;2016-03-07T00:19:06.953000;aee4a300-b548-4efe-842a-d4e53762d360;402.04;0.1243;BUY
2016-03-07T00:22:07.603000;2016-03-07T00:22:07.557000;b43daa65-848a-49bf-b700-1b3b758212cf;402.03;0.02;SELL
2016-03-07T00:24:26.810000;2016-03-07T00:24:26.763000;25824dc8-a50a-49cf-9961-c96a73fb1083;402.01;0.01;SELL
2016-03-07T00:24:26.810000;2016-03-07T00:24:26.783000;b8a987ee-6893-4422-a1d5-81084f999824;402.0;0.01;SELL
2016-03-07T00:24:26.810000;2016-03-07T00:24:26.783000;e646128d-bdf4-4bd0-9da6-46fce5d48368;402.0;0.25;SELL
2016-03-07T00:24:26.810000;2016-03-07T00:24:26.800000;08d24e39-14b4-4eb5-885c-7ee84ed324a3;401.86;0.01;SELL
2016-03-07T00:24:26.810000;2016-03-07T00:24:26.800000;cf8d7f62-ef3c-4f01-95b5-edc8e6b7154e;401.8;0.01971309;SELL
2016-03-07T00:24:26.813000;2016-03-07T00:24:26.850000;5554fb47-32e9-48bc-9cc5-69f80b99a7ae;401.71;0.01;SELL
2016-03-07T00:24:26.813000;2016-03-07T00:24:26.867000;ea709adf-972e-4067-9962-bd1a2096a5f3;401.6;0.02;SELL
2016-03-07T00:24:26.813000;2016-03-07T00:24:26.867000;64984ea5-c23d-464b-b505-ffd84f72a240;401.6;0.01971309;SELL
2016-03-07T00:24:26.813000;2016-03-07T00:24:26.867000;5f49f0d3-7d1d-4a4f-bed1-cc6155946d21;401.53;0.01;SELL
2016-03-07T00:24:26.813000;2016-03-07T00:24:26.867000;a310c4c5-a690-48ba-8da1-a212724010f6;401.51;0.01;SELL
2016-03-07T00:24:26.813000;2016-03-07T00:24:26.867000;17da7c31-0f8a-4168-9798-c118b672b09a;401.51;0.01;SELL
2016-03-07T00:24:26.813000;2016-03-07T00:24:26.867000;f6dc227b-773a-4500-8f62-3fde2da69b36;401.45;0.25;SELL
2016-03-07T00:24:26.813000;2016-03-07T00:24:26.867000;9ff00dff-7ce3-4f4c-85f7-34d5f3190bd7;401.27;0.01;SELL
2016-03-07T00:24:26.813000;2016-03-07T00:24:26.867000;97a6592f-ba17-45f3-a8d0-55d5f8e596f3;401.2;0.27;SELL
2016-03-07T00:24:26.813000;2016-03-07T00:24:26.867000;82ab3d43-a350-40a8-921b-7a21f5955ba4;401.15;0.395;SELL
2016-03-07T00:24:26.813000;2016-03-07T00:24:26.867000;1df949b5-9cc8-4c30-94d9-890dec4a64d4;401.12;0.3;SELL
2016-03-07T00:24:26.813000;2016-03-07T00:24:26.867000;99057512-e5b4-4311-b371-17f42b780e64;401.12;0.24;SELL
2016-03-07T00:24:26.813000;2016-03-07T00:24:26.867000;4ab19a0b-9b79-4979-9ab4-9f4dc95e6c20;401.11;1.0;SELL
2016-03-07T00:24:26.813000;2016-03-07T00:24:26.867000;a0e15f91-4cd0-4cfe-8801-ef6998f033b6;401.1;1.15557382;SELL
2016-03-07T00:24:31.333000;2016-03-07T00:24:31.303000;c8030d7d-1fdf-4a30-af51-d0268d6ba928;401.72;0.2;BUY
2016-03-07T00:24:31.333000;2016-03-07T00:24:31.303000;6917789e-3e52-45d7-8471-0b55983f273b;401.73;6.68442;BUY
2016-03-07T00:25:02.173000;2016-03-07T00:25:02.133000;d46d10d0-b59b-4d91-9d74-770c11fb4d8f;401.54;0.01778333;BUY
2016-03-07T00:25:03.407000;2016-03-07T00:25:03.357000;efebeecc-0cd8-488f-8dd0-faf69f7c0cf6;401.54;0.39177;BUY
2016-03-07T00:25:31.207000;2016-03-07T00:25:31.150000;3ed8873b-3ae6-42ee-bec4-2995a8cc340f;401.58;0.05;BUY
2016-03-07T00:25:31.207000;2016-03-07T00:25:31.167000;e760e0a6-40d7-4e7e-8b19-490fec46778d;401.74;0.16822;BUY
2016-03-07T00:26:01.360000;2016-03-07T00:26:01.313000;44c6bcb7-841c-4f76-8d3f-90b52b378590;401.56;0.05;BUY
2016-03-07T00:26:01.360000;2016-03-07T00:26:01.317000;25b59d04-6260-42be-b2d6-c28c879e0f1e;401.69;0.29;BUY
2016-03-07T00:26:01.363000;2016-03-07T00:26:01.333000;1a3c4b5c-a783-4a2a-ba89-a109149db35e;401.73;1.0;BUY
2016-03-07T00:26:01.363000;2016-03-07T00:26:01.347000;3790c787-c6c7-4bd0-b563-c141f3673290;401.74;0.10567;BUY
2016-03-07T00:26:31.287000;2016-03-07T00:26:31.233000;927ee402-bd20-46e1-9af8-4e556d10003e;401.6;0.01;SELL
2016-03-07T00:26:31.287000;2016-03-07T00:26:31.250000;3d720638-bbd7-4013-ab73-03e93f16b5df;401.59;0.01;SELL
2016-03-07T00:26:31.287000;2016-03-07T00:26:31.263000;e4092c75-2367-4531-8e88-b533ba9cb8d5;401.47;0.01;SELL
2016-03-07T00:26:31.287000;2016-03-07T00:26:31.263000;73a5c527-131c-4c57-bbfd-74e2a837574e;401.4;0.01973368;SELL
2016-03-07T00:26:31.287000;2016-03-07T00:26:31.263000;557f8627-f5c4-4a3e-91b9-c5d7b1a96d5f;401.37;0.00502632;SELL
2016-03-07T00:27:01.480000;2016-03-07T00:27:01.423000;d8366d6e-fb1a-4aa2-8702-304c501cd657;401.35;0.01;SELL
2016-03-07T00:27:01.480000;2016-03-07T00:27:01.437000;44fc2558-5335-48f6-9523-55fec72968c6;401.34;0.01;SELL
2016-03-07T00:27:01.480000;2016-03-07T00:27:01.460000;56fec61b-afa4-43a3-aad7-08996113a38e;401.31;0.01;SELL
2016-03-07T00:27:01.480000;2016-03-07T00:27:01.460000;64922202-340d-46cf-b6c2-ee6cbf8377f7;401.2;0.01973368;SELL
2016-03-07T00:27:01.480000;2016-03-07T00:27:01.460000;6991ced6-979c-46e8-9ac5-35901947d6ea;401.18;0.02;SELL
2016-03-07T00:27:01.480000;2016-03-07T00:27:01.523000;0193e820-f50a-461d-a2cd-9d0b01719e96;401.16;0.53;SELL
2016-03-07T00:27:01.480000;2016-03-07T00:27:01.523000;e4b3cdc0-a65b-4afb-a33e-6adebdee3e16;401.11;0.2;SELL
2016-03-07T00:27:01.480000;2016-03-07T00:27:01.523000;0249df7d-11d4-4750-8f55-94798794f6c3;401.07;0.01;SELL
2016-03-07T00:27:01.480000;2016-03-07T00:27:01.523000;2d0c4337-dc2d-4a5e-9783-b94914c1bb12;401.0;0.01008;SELL
2016-03-07T00:27:01.480000;2016-03-07T00:27:01.523000;b5d9826c-17b1-4072-85e2-bbc4e3ad4e09;401.0;0.01;SELL
2016-03-07T00:27:01.480000;2016-03-07T00:27:01.523000;05840daf-b54b-45d0-b265-99c3808fc5ec;401.0;0.01;SELL
2016-03-07T00:27:01.480000;2016-03-07T00:27:01.523000;1d612835-3f51-4c63-bbfc-967366e6a2f2;401.0;0.2038113;SELL
2016-03-07T00:27:01.480000;2016-03-07T00:27:01.523000;e24c97ec-226b-437e-a429-c305b2ffcd95;401.0;0.05;SELL
2016-03-07T00:27:01.480000;2016-03-07T00:27:01.523000;9edd50b9-181c-4a31-85d1-a1f5a8fbbb98;401.0;1.0;SELL
2016-03-07T00:27:01.483000;2016-03-07T00:27:01.523000;52a679ac-15bd-4ee4-bd14-84f2810e741a;401.0;0.01973368;SELL
2016-03-07T00:27:01.483000;2016-03-07T00:27:01.543000;935880af-c865-44f3-9b15-f15b4bc5fd98;400.92;0.0243;SELL
2016-03-07T00:27:01.483000;2016-03-07T00:27:01.543000;78ae69e0-b899-4d2f-a9d3-cfc654369c46;400.87;0.01;SELL
2016-03-07T00:27:01.483000;2016-03-07T00:27:01.543000;7186d5c9-c79a-4905-812b-3ade94e11d95;400.68;0.01;SELL
2016-03-07T00:27:01.483000;2016-03-07T00:27:01.543000;a0f0cbb5-26b5-44c0-a49f-bd625572dc83;400.67;0.63445134;SELL
2016-03-07T00:27:25.013000;2016-03-07T00:27:24.960000;60e51412-a93d-460a-aa80-aa39647dbb48;400.87;0.01;SELL
2016-03-07T00:27:25.013000;2016-03-07T00:27:24.960000;4b0576b8-622a-4379-af24-cf04bf34eded;400.86;0.01;SELL
2016-03-07T00:27:25.013000;2016-03-07T00:27:24.977000;d781065c-5078-45bc-9503-471a0fe77b15;400.8;0.01973368;SELL
2016-03-07T00:27:25.013000;2016-03-07T00:27:24.977000;7f11fc4e-a4ad-40c5-9b73-e5df70b565bc;400.76;0.02;SELL
2016-03-07T00:27:25.013000;2016-03-07T00:27:24.993000;1ed669b4-82f1-466b-8d33-c89272c7dee1;400.68;0.01;SELL
2016-03-07T00:27:25.013000;2016-03-07T00:27:24.993000;78dbc64a-aa6d-4376-84d9-b2f4a52dc208;400.67;2.30026632;SELL
2016-03-07T00:27:28.357000;2016-03-07T00:27:28.293000;ddce3d23-083a-4612-a63a-e17399346629;401.13;0.22;BUY
2016-03-07T00:27:31.127000;2016-03-07T00:27:31.083000;415c26ef-6b7c-4ea9-884f-e8b5147942f6;401.11;0.139;BUY
2016-03-07T00:28:01.123000;2016-03-07T00:28:01.083000;7d7ffb97-b8da-4045-84de-52c10348a8f3;400.71;0.02957;SELL
2016-03-07T00:28:31.163000;2016-03-07T00:28:31.107000;0685f4a8-0104-4c14-beec-ac6e06137d6e;401.06;0.06175;BUY
2016-03-07T00:28:38.363000;2016-03-07T00:28:38.307000;3058e6ae-87a3-4730-a086-2ec23f5f8be1;401.08;0.14;BUY
2016-03-07T00:29:01.263000;2016-03-07T00:29:01.217000;99cef286-5414-42cb-b402-5b4a47df7298;401.09;0.33;BUY
2016-03-07T00:29:01.267000;2016-03-07T00:29:01.217000;05cffc63-8edb-4979-a31b-0581bb13b5ff;401.16;0.95019;BUY
2016-03-07T00:29:01.580000;2016-03-07T00:29:01.533000;d1ee3165-f3a7-4082-ac26-32826feab7f7;401.08;0.01894333;BUY
2016-03-07T00:29:13.920000;2016-03-07T00:29:13.857000;08ff16d7-aff0-49dd-91e7-28c73082fb21;401.1;0.14237401;BUY
2016-03-07T00:29:50.000000;2016-03-07T00:29:49.957000;3e596c21-3239-4cb3-885c-97cecc3e30b3;400.96;6.05;SELL
2016-03-07T00:29:50.000000;2016-03-07T00:29:49.957000;6d57fc07-34b7-46a5-a80a-2cfb61d0de2e;400.95;0.01;SELL
2016-03-07T00:29:50.000000;2016-03-07T00:29:49.983000;0cd7d293-872b-4549-8d5a-af1ba4044165;400.93;0.393;SELL
2016-03-07T00:29:50.000000;2016-03-07T00:29:49.983000;5d7c990c-2bc6-4c65-a652-b2f0b3a3ce25;400.92;0.01;SELL
2016-03-07T00:29:50.000000;2016-03-07T00:29:49.983000;bc0d7764-ebf6-4292-8fa5-aa3339db4953;400.91;0.26;SELL
2016-03-07T00:29:50.000000;2016-03-07T00:29:49.983000;afa3b580-743c-4eb4-83ec-9988d956e92d;400.86;0.125;SELL
2016-03-07T00:29:50.000000;2016-03-07T00:29:49.983000;c4077165-fed7-4437-8dce-d30789ee8858;400.85;4.793;SELL
2016-03-07T00:29:50.000000;2016-03-07T00:29:49.983000;98ec4f8f-f265-4f5d-9cda-e47b05e68321;400.68;0.01;SELL
2016-03-07T00:29:50.000000;2016-03-07T00:29:49.983000;e168b118-5797-44ff-990c-39b8be945b76;400.67;6.09428234;SELL
2016-03-07T00:29:50.000000;2016-03-07T00:29:49.983000;75bc29fa-974c-4ebc-b1d4-4404e720e305;400.6;0.01973368;SELL
2016-03-07T00:29:50.000000;2016-03-07T00:29:50.000000;edae6663-47fe-4a0f-aa34-b9bde122d142;400.56;0.125;SELL
2016-03-07T00:29:50.003000;2016-03-07T00:29:50.000000;51dd9967-76dd-44a3-8747-e8cf0f6ca2fe;400.52;0.72;SELL
2016-03-07T00:29:50.003000;2016-03-07T00:29:50.000000;1f592bcd-8c7c-4578-b908-cb303b5c5a31;400.51;0.01;SELL
2016-03-07T00:29:50.003000;2016-03-07T00:29:50.000000;a50f99d8-5e89-4bc0-b7df-6db4a0fe93d3;400.51;1.0001;SELL
2016-03-07T00:29:50.003000;2016-03-07T00:29:50.000000;0b25c1f6-d66e-4dfa-9def-692d50d799a4;400.51;2.16;SELL
2016-03-07T00:29:50.003000;2016-03-07T00:29:50.023000;d4c923d1-18fc-4d7c-b673-0e12be3fea53;400.5;45.0;SELL
2016-03-07T00:29:50.003000;2016-03-07T00:29:50.023000;7124007f-ba69-4385-a634-1d88a13453f2;400.5;8.94;SELL
2016-03-07T00:29:50.003000;2016-03-07T00:29:50.023000;67c7b514-97ca-43da-89bc-83ea8b9f930f;400.5;0.48;SELL
2016-03-07T00:29:50.003000;2016-03-07T00:29:50.023000;82674560-599d-444c-b6ec-1c1cb9b83288;400.4;0.01973368;SELL
2016-03-07T00:29:50.003000;2016-03-07T00:29:50.023000;6136e1ae-9f16-4452-b5c5-8b33fbbd60f1;400.4;7.39783;SELL
2016-03-07T00:29:50.003000;2016-03-07T00:29:50.023000;41ff42a4-b54f-4d68-a37b-8ea561974fe3;400.34;0.02;SELL
2016-03-07T00:29:50.003000;2016-03-07T00:29:50.040000;72bb60dc-e102-48bc-a5e1-22d86ddb95db;400.33;8.383;SELL
2016-03-07T00:29:50.003000;2016-03-07T00:29:50.043000;01fe102e-cdd7-44c3-bc83-eb7b0ed8cb37;400.29;0.01;SELL
2016-03-07T00:29:50.003000;2016-03-07T00:29:50.043000;142d312d-d1c8-4cbf-9b64-c0b989d7277f;400.27;0.26;SELL
2016-03-07T00:29:50.003000;2016-03-07T00:29:50.043000;68e185bc-7dc2-40a3-aa5b-0c8fbadb411a;400.17;7.188;SELL
2016-03-07T00:29:50.007000;2016-03-07T00:29:50.043000;ca9dc427-232d-4e05-b9e9-f800f30a4533;400.11;0.01;SELL
2016-03-07T00:29:50.007000;2016-03-07T00:29:50.057000;716a6549-3cb3-4d75-9e70-148a1465f3f5;400.1;0.38035849;SELL
2016-03-07T00:29:50.007000;2016-03-07T00:29:50.057000;91c8d6d3-ced5-4706-8c4f-e840b40dd5b1;400.08;0.01;SELL
2016-03-07T00:29:50.007000;2016-03-07T00:29:50.060000;4c6fa4e3-f2d4-4caf-a808-a232d9ad8a98;400.07;0.12096181;SELL
2016-03-07T00:29:54.313000;2016-03-07T00:29:54.323000;477bb3c8-1305-4cd1-bbc6-20149f69f68d;400.86;0.04969;BUY
2016-03-07T00:30:01.247000;2016-03-07T00:30:01.200000;d07b7f00-5fd3-4ae6-8516-803b7942ac6a;400.81;0.04502;BUY
2016-03-07T00:30:10.810000;2016-03-07T00:30:10.770000;f5ad25a2-bab8-49e0-bb6d-b26090532140;400.5;4.862;SELL
2016-03-07T00:30:10.813000;2016-03-07T00:30:10.770000;2a39714f-dff0-47a8-86b7-eb0b588099d1;400.4;0.01976211;SELL
2016-03-07T00:30:10.813000;2016-03-07T00:30:10.770000;e24794fd-d938-49d7-9eda-95af527b9c32;400.33;2.42;SELL
2016-03-07T00:30:10.813000;2016-03-07T00:30:10.770000;08c5c8a6-6b33-484a-ac6a-3d2e7038cd30;400.26;0.01;SELL
2016-03-07T00:30:10.813000;2016-03-07T00:30:10.783000;e3c7432c-674c-4b53-9a38-2e51e28213f2;400.2;0.01976211;SELL
2016-03-07T00:30:10.813000;2016-03-07T00:30:10.783000;abb93e85-14cc-477d-961e-8679c5a78927;400.16;2.836;SELL
2016-03-07T00:30:10.813000;2016-03-07T00:30:10.793000;4f260928-d025-436c-b715-a4bf286aa83d;400.09;1.92;SELL
2016-03-07T00:30:10.813000;2016-03-07T00:30:10.810000;8fcf7f0f-5dc5-4823-9f0a-889d076d5805;400.08;0.01;SELL
2016-03-07T00:30:10.813000;2016-03-07T00:30:10.810000;aae6db92-98f0-41d0-8d50-816232e887c5;400.08;1.2;SELL
2016-03-07T00:30:10.813000;2016-03-07T00:30:10.810000;eed62d43-742c-45b1-bddc-84990abf29c8;400.07;7.05673819;SELL
2016-03-07T00:30:10.813000;2016-03-07T00:30:10.810000;86fc5d3c-8a9b-4e12-beb2-9acf69b40763;400.03;0.5;SELL
2016-03-07T00:30:10.813000;2016-03-07T00:30:10.810000;fc9f2f4d-ceae-4537-bce5-9e6e50213aa0;400.02;0.01;SELL
2016-03-07T00:30:10.813000;2016-03-07T00:30:10.827000;d2904db6-bc07-4ee7-900b-8dd693bbb4a4;400.01;0.03;SELL
2016-03-07T00:30:10.813000;2016-03-07T00:30:10.827000;5de9a929-1e4f-4470-87d4-9009bc844ba9;400.01;4.45;SELL
2016-03-07T00:30:10.813000;2016-03-07T00:30:10.827000;e189619d-e482-4874-9730-7c8bfc3c28ae;400.0;0.01007;SELL
2016-03-07T00:30:10.813000;2016-03-07T00:30:10.847000;f4b07362-6cac-4596-b203-5a40efe9e3c6;400.0;0.01;SELL
2016-03-07T00:30:10.813000;2016-03-07T00:30:10.847000;723372fe-cb94-4a9f-8591-06f55618ebe1;400.0;1.0;SELL
2016-03-07T00:30:10.817000;2016-03-07T00:30:10.847000;8f074266-babf-4d4a-8fd3-382166a72810;400.0;0.01;SELL
2016-03-07T00:30:10.817000;2016-03-07T00:30:10.867000;9fd3bc13-636e-43cc-abb4-2ec9e33b8e49;400.0;0.2038113;SELL
2016-03-07T00:30:10.817000;2016-03-07T00:30:10.867000;f813601a-63fa-4971-ace3-b692029551fb;400.0;0.05;SELL
2016-03-07T00:30:10.817000;2016-03-07T00:30:10.867000;fd347672-e25a-4a41-8211-1655cc854553;400.0;2.49;SELL
2016-03-07T00:30:10.817000;2016-03-07T00:30:10.867000;5701cd0e-5804-4801-9545-03b8c9ceef3e;399.99;7.707;SELL
2016-03-07T00:30:10.817000;2016-03-07T00:30:10.867000;51cbabfe-3601-4386-aded-9733d4170ca0;399.97;0.43;SELL
2016-03-07T00:30:10.817000;2016-03-07T00:30:10.867000;71ce78b2-61c6-4313-baf0-7641e9f0c498;399.96;0.43313081;SELL
2016-03-07T00:30:10.817000;2016-03-07T00:30:10.867000;2714f270-df70-4657-ab62-5443fb7d20bc;399.93;0.2;SELL
2016-03-07T00:30:10.817000;2016-03-07T00:30:10.867000;cf7aeb93-c28b-4779-8893-517c98f7f42f;399.92;0.02;SELL
2016-03-07T00:30:10.817000;2016-03-07T00:30:10.887000;b35e88b5-156a-4b9f-9bc8-2d53e89502a1;399.87;0.01;SELL
2016-03-07T00:30:10.817000;2016-03-07T00:30:10.887000;0fa722dd-668f-4b43-bb53-d38c2cae3cd0;399.84;8.689;SELL
2016-03-07T00:30:10.817000;2016-03-07T00:30:10.887000;f0a394b0-d019-4e3c-88b6-ac16ae09bfd2;399.7;13.18;SELL
2016-03-07T00:30:10.817000;2016-03-07T00:30:10.887000;bb28c505-ecf8-4113-ac21-f638efee5d15;399.68;0.2555;SELL
2016-03-07T00:30:10.817000;2016-03-07T00:30:10.887000;c878a8b6-b857-4f01-b286-a2d244c53a66;399.68;3.001;SELL
2016-03-07T00:30:10.817000;2016-03-07T00:30:10.890000;6a28fdc0-58b2-4dcc-8da5-40db3405b243;399.68;0.01;SELL
2016-03-07T00:30:10.817000;2016-03-07T00:30:10.890000;357682d5-2a4e-44b1-9a83-0716007a8b08;399.61;7.41694;SELL
2016-03-07T00:30:10.817000;2016-03-07T00:30:10.903000;716a4c0b-1333-488e-a0d8-85100144a619;399.53;5.63;SELL
2016-03-07T00:30:10.817000;2016-03-07T00:30:10.927000;2ebf19d4-b238-417f-a602-f9e1c64ecc33;399.52;7.08;SELL
2016-03-07T00:30:10.817000;2016-03-07T00:30:10.927000;c8d2af30-3493-4b65-a8cf-c90e97513e8e;399.52;8.2214;SELL
2016-03-07T00:30:10.817000;2016-03-07T00:30:10.927000;f5c28099-14b8-4868-be78-f860623b88e6;399.51;7.087;SELL
2016-03-07T00:30:10.817000;2016-03-07T00:30:10.927000;6aee91dd-7b25-46f7-a13b-d65fd24bb45b;399.5;0.01373653;SELL
2016-03-07T00:30:10.820000;2016-03-07T00:30:10.927000;fb948ea9-3a8a-4a94-98f0-50b5cf54c340;399.36;7.76;SELL
2016-03-07T00:30:10.820000;2016-03-07T00:30:10.927000;95c40d80-8374-47bc-83ce-fccf13b62654;399.35;7.737;SELL
2016-03-07T00:30:10.820000;2016-03-07T00:30:10.927000;8628b32b-f210-45fe-ab7c-23d0b54546ad;399.26;0.01;SELL
2016-03-07T00:30:10.820000;2016-03-07T00:30:10.927000;1efd67db-2944-48c3-a023-b50dd6c17f51;399.22;32.0;SELL
2016-03-07T00:30:10.820000;2016-03-07T00:30:10.927000;0a77a674-c22e-41e8-97da-9e5f56eb8ff5;399.2;8.729;SELL
2016-03-07T00:30:10.820000;2016-03-07T00:30:10.947000;4da9fb48-4079-4101-a5cf-63fa56da1e1a;399.11;0.01;SELL
2016-03-07T00:30:10.820000;2016-03-07T00:30:10.947000;ac1af95b-f673-467f-8cfc-02626ac4261f;399.03;8.023;SELL
2016-03-07T00:30:10.820000;2016-03-07T00:30:10.947000;80d03f6b-740b-45f1-a9ff-7b005d29eef9;399.0;0.01006;SELL
2016-03-07T00:30:10.820000;2016-03-07T00:30:10.947000;7030f4eb-3c54-4cd6-b5b9-25a8a0350d19;399.0;0.01;SELL
2016-03-07T00:30:10.820000;2016-03-07T00:30:10.947000;847d427d-2186-4c49-bb5a-6ba031f141a2;399.0;0.1;SELL
2016-03-07T00:30:10.820000;2016-03-07T00:30:10.947000;aca4866c-b738-4f7f-b0f0-f938a4516494;399.0;0.01;SELL
2016-03-07T00:30:10.820000;2016-03-07T00:30:10.963000;31b66d63-faae-49c5-b396-95789a40ac77;399.0;0.20446111;SELL
2016-03-07T00:30:10.820000;2016-03-07T00:30:10.963000;a136af38-cd39-4dcd-807e-25307ae69090;398.96;0.015;SELL
2016-03-07T00:30:10.820000;2016-03-07T00:30:10.963000;b689e9a8-3917-41d3-af1a-c5cbae9f3c32;398.88;7.316;SELL
2016-03-07T00:30:10.820000;2016-03-07T00:30:10.963000;b4531b01-5741-4bb1-aea9-756184a12220;398.86;0.01;SELL
2016-03-07T00:30:10.820000;2016-03-07T00:30:10.963000;8c9650d8-f927-460e-b5ee-1d07f358d5d5;398.73;29.55262784;SELL
2016-03-07T00:30:24.583000;2016-03-07T00:30:24.513000;80ccacfe-f423-49a5-805d-344f639e9625;400.35;0.01;SELL
2016-03-07T00:30:24.583000;2016-03-07T00:30:24.533000;8f64ae9f-5738-4743-b194-dc873c69e03f;400.34;0.01;SELL
2016-03-07T00:30:24.583000;2016-03-07T00:30:24.533000;695fe542-aa3e-47a3-ada2-9e7e685c3bdd;400.31;0.01;SELL
2016-03-07T00:30:24.583000;2016-03-07T00:30:24.533000;bf058071-1d54-483b-a437-4f6cf6c7143f;400.08;0.01;SELL
2016-03-07T00:30:24.583000;2016-03-07T00:30:24.557000;ed9762af-994a-4f90-888c-8a519be62e67;400.0;0.01976211;SELL
2016-03-07T00:30:24.583000;2016-03-07T00:30:24.557000;30464f0a-d37a-4634-a16f-e5936390de47;399.91;0.64023789;SELL
2016-03-07T00:30:31.197000;2016-03-07T00:30:31.137000;02696ed6-2b39-43d9-b45e-1851fb70d907;400.13;0.10134;BUY
2016-03-07T00:30:50.287000;2016-03-07T00:30:50.227000;35938fac-91e1-431b-a7f2-053c2ea9f23b;399.99;0.01;SELL
2016-03-07T00:30:50.287000;2016-03-07T00:30:50.243000;3c270f4e-667c-4317-9740-d24ac775a877;399.98;0.01;SELL
2016-03-07T00:30:50.287000;2016-03-07T00:30:50.243000;8b1b43dc-f599-4968-8aba-c0a18f2729de;399.91;7.84276211;SELL
2016-03-07T00:30:50.287000;2016-03-07T00:30:50.243000;cb0dd760-15ac-43ad-adab-b7988cb9f8fc;399.88;0.01;SELL
2016-03-07T00:30:50.290000;2016-03-07T00:30:50.257000;8afdb3a2-4895-4d59-ac2c-3682228730e8;399.83;0.01;SELL
2016-03-07T00:30:50.290000;2016-03-07T00:30:50.327000;4d10cc81-ed08-42fc-8dfc-e44e77e9beae;399.8;0.01976211;SELL
2016-03-07T00:30:50.290000;2016-03-07T00:30:50.327000;fa194825-c191-4045-929f-89013c7572ec;399.74;3.02;SELL
2016-03-07T00:30:50.290000;2016-03-07T00:30:50.327000;e3e521e0-305a-4dee-9aa6-af8e823795a5;399.71;0.01;SELL
2016-03-07T00:30:50.290000;2016-03-07T00:30:50.327000;7226a805-5207-4578-ac15-d6116f06e475;399.6;0.01976211;SELL
2016-03-07T00:30:50.290000;2016-03-07T00:30:50.327000;668475b6-0dae-4682-a695-adec1c6839d1;399.56;7.773;SELL
2016-03-07T00:30:50.290000;2016-03-07T00:30:50.327000;02812611-508f-4899-8a3b-c5fc2c78cc12;399.5;0.02;SELL
2016-03-07T00:30:50.290000;2016-03-07T00:30:50.327000;1c977e4b-cebc-4bdc-8830-dab859f4f4ff;399.48;0.01;SELL
2016-03-07T00:30:50.290000;2016-03-07T00:30:50.327000;84c530bb-f2bf-43bc-89cf-6e7d0b524340;399.4;7.91;SELL
2016-03-07T00:30:50.290000;2016-03-07T00:30:50.327000;78739a48-43b4-47fe-b354-30a7c82ac664;399.3;0.01;SELL
2016-03-07T00:30:50.290000;2016-03-07T00:30:50.327000;7707b767-e966-405b-84e9-e02fd1951418;399.23;2.688;SELL
2016-03-07T00:30:50.290000;2016-03-07T00:30:50.327000;924136a6-a839-4b8e-a3b0-80974a2736dd;399.14;3.7;SELL
2016-03-07T00:30:50.290000;2016-03-07T00:30:50.327000;41f39aa1-cc56-41e8-b1d2-8dddad32104e;399.14;7.41485;SELL
2016-03-07T00:30:50.290000;2016-03-07T00:30:50.327000;18eafbbe-8c56-4da7-b97f-00cf2e4c2de4;399.13;3.71;SELL
2016-03-07T00:30:50.290000;2016-03-07T00:30:50.327000;f6807b29-4d5c-469a-bd9d-6c51344175fc;399.13;7.41;SELL
2016-03-07T00:30:50.293000;2016-03-07T00:30:50.327000;efd004ea-a602-4343-b4f0-c12d799677a2;399.09;3.59;SELL
2016-03-07T00:30:50.293000;2016-03-07T00:30:50.330000;a54a97c4-c19f-405f-8c31-57fb380e8191;399.08;3.6;SELL
2016-03-07T00:30:50.293000;2016-03-07T00:30:50.330000;0412aabf-8341-4d08-a417-d3e8f4d3513f;399.08;3.6;SELL
2016-03-07T00:30:50.293000;2016-03-07T00:30:50.330000;7c3ba733-8e9a-45ef-9583-4b513ba6d974;399.07;0.01;SELL
2016-03-07T00:30:50.293000;2016-03-07T00:30:50.330000;ad527205-0ed4-407a-93ac-240e01bdc6c9;399.07;3.6;SELL
2016-03-07T00:30:50.293000;2016-03-07T00:30:50.330000;72536e92-12ba-454a-806a-d7edde703846;399.07;5.44;SELL
2016-03-07T00:30:50.293000;2016-03-07T00:30:50.347000;c28203c2-da09-4795-81f2-33317df8fb68;399.06;7.751;SELL
2016-03-07T00:30:51.313000;2016-03-07T00:30:51.250000;b9ea0395-ef58-4079-9457-5ac30f57c0da;398.97;0.25;BUY
2016-03-07T00:30:51.313000;2016-03-07T00:30:51.270000;09539e1d-37f7-4e59-afa9-46e5d987e459;398.99;17.089;BUY
2016-03-07T00:30:53.903000;2016-03-07T00:30:53.833000;c32e71ec-b886-4e67-93fa-d7b40adc1654;398.92;5.89;BUY
2016-03-07T00:30:53.903000;2016-03-07T00:30:53.857000;9d22e74d-c477-4e36-9b48-b0e8869d9a62;398.93;0.25;BUY
2016-03-07T00:30:53.903000;2016-03-07T00:30:53.857000;e21a5d3b-642e-43da-a3ba-473def35dbe7;398.93;9.639;BUY
2016-03-07T00:30:54.360000;2016-03-07T00:30:54.313000;1075c1e5-1dc2-43ab-b597-56a5547b81a0;398.92;0.02;BUY
2016-03-07T00:30:56.177000;2016-03-07T00:30:56.110000;abd9bcd2-22f1-4a3c-b273-e3690064a335;398.92;0.23;BUY
2016-03-07T00:30:56.177000;2016-03-07T00:30:56.133000;46f309e7-47ab-4ab2-9afb-ec7ddd5e652e;398.92;0.05;BUY
2016-03-07T00:30:56.177000;2016-03-07T00:30:56.133000;6d52aa97-dcd0-4071-9d7e-67840085a258;398.99;19.876;BUY
2016-03-07T00:30:57.120000;2016-03-07T00:30:57.073000;07f02ed1-ae6e-484a-b1bb-5e10bbd599b6;398.97;11.04;BUY
2016-03-07T00:31:01.203000;2016-03-07T00:31:01.147000;5622f1d8-6a76-4872-aaa3-2494e7add2d0;398.94;0.25;BUY
2016-03-07T00:31:01.203000;2016-03-07T00:31:01.147000;339a7c42-142d-48c3-b858-b0acc94d8b9e;398.94;0.05;BUY
2016-03-07T00:31:01.203000;2016-03-07T00:31:01.147000;9c9f127a-0964-4a44-9565-415ebd18c00a;398.99;4.05822;BUY
2016-03-07T00:31:02.457000;2016-03-07T00:31:02.390000;d0812e30-4b8f-4d23-9045-9cae0f30d25f;398.93;0.03775;BUY
2016-03-07T00:31:17.253000;2016-03-07T00:31:17.323000;905233e1-ce1e-421e-9c0b-d542e5b9db45;398.93;0.2;BUY
2016-03-07T00:31:30.447000;2016-03-07T00:31:30.507000;4fc8c7e1-e277-420c-a515-183038b51d4b;398.93;0.01225;BUY
2016-03-07T00:31:30.447000;2016-03-07T00:31:30.530000;8eb35ce4-f3d7-445e-be90-9d19ea3aebb0;398.93;0.05;BUY
2016-03-07T00:31:30.553000;2016-03-07T00:31:30.620000;299a74ff-0c17-4c76-b8ee-4381d851cfe4;399.18;6.10542;BUY
2016-03-07T00:31:31.253000;2016-03-07T00:31:31.330000;01f17d2a-ca3e-40ce-85f0-f7ba58dbf7c7;398.93;0.2;BUY
2016-03-07T00:31:31.253000;2016-03-07T00:31:31.347000;a2d1d9f6-77c4-417c-be1d-39b62c8b4f48;399.18;0.2;BUY
2016-03-07T00:31:31.253000;2016-03-07T00:31:31.347000;5ea4f9c9-1558-457d-94f1-9a1d63eac83e;399.29;1.2694;BUY
2016-03-07T00:31:45.913000;2016-03-07T00:31:45.977000;d66c6719-b8f5-41f2-9477-67d04dc80e05;399.26;0.25;BUY
2016-03-07T00:31:45.913000;2016-03-07T00:31:46.000000;98ef9cff-31cb-4cbf-b89f-2377da82c806;399.3;0.01;BUY
2016-03-07T00:31:52.140000;2016-03-07T00:31:52.217000;a533430a-e3bd-4260-9c17-fb469f3056a0;399.4;7.6;SELL
2016-03-07T00:31:52.140000;2016-03-07T00:31:52.217000;3ca4da9d-d20d-4e69-90ec-1ee86d09eadb;399.4;0.05;SELL
2016-03-07T00:31:52.143000;2016-03-07T00:31:52.217000;11e662d5-235b-4250-96e9-fcfa06a58a06;399.4;0.01976211;SELL
2016-03-07T00:31:52.143000;2016-03-07T00:31:52.233000;d375f673-066a-4b43-aef6-f6744d5373f4;399.27;0.01;SELL
2016-03-07T00:31:52.143000;2016-03-07T00:31:52.233000;1f23fcc3-bcaa-4b4b-899a-a64c8117eb09;399.26;0.01;SELL
2016-03-07T00:31:52.143000;2016-03-07T00:31:52.233000;d152d02a-663d-4487-bc55-5e53efd234ba;399.26;2.16;SELL
2016-03-07T00:31:52.143000;2016-03-07T00:31:52.250000;49e4e965-46ac-4113-b7eb-30286c32f93f;399.25;0.01;SELL
2016-03-07T00:31:52.143000;2016-03-07T00:31:52.250000;790d7495-9f53-4798-899a-a1cf6775d570;399.25;2.4;SELL
2016-03-07T00:31:52.143000;2016-03-07T00:31:52.250000;b2f98560-10f8-44a3-893d-f3d90b03585c;399.24;0.01;SELL
2016-03-07T00:31:52.143000;2016-03-07T00:31:52.250000;3c323fe3-6b0e-43f6-82b7-73fb8be74f36;399.24;1.92;SELL
2016-03-07T00:31:52.143000;2016-03-07T00:31:52.277000;40ce66ee-5112-4851-ad38-120073dbd301;399.23;8.404;SELL
2016-03-07T00:31:52.143000;2016-03-07T00:31:52.277000;1e34f090-0fd7-4d32-80da-61b2c2120d32;399.2;0.01976211;SELL
2016-03-07T00:31:52.143000;2016-03-07T00:31:52.277000;313fb050-8463-42e0-850b-3640a50c3719;399.19;0.2;SELL
2016-03-07T00:31:52.143000;2016-03-07T00:31:52.277000;259666f3-a661-4910-a823-1bca81394ac0;399.16;0.2;SELL
2016-03-07T00:31:52.143000;2016-03-07T00:31:52.277000;2ba50415-8efe-40e1-90a5-f24306fadf39;399.12;1.68;SELL
2016-03-07T00:31:52.143000;2016-03-07T00:31:52.277000;4447e667-342c-4042-8084-96f430ad6edb;399.11;0.01;SELL
2016-03-07T00:31:52.143000;2016-03-07T00:31:52.297000;17ce84ee-4a8b-415f-be85-9ea5f418729b;399.07;2.4;SELL
2016-03-07T00:31:52.143000;2016-03-07T00:31:52.297000;a664ed3e-ac8c-4139-a8e7-b8ecb8bb4d72;399.06;3.156;SELL
2016-03-07T00:31:52.147000;2016-03-07T00:31:52.297000;b64abed3-6675-4019-b550-b733b7d54ad1;398.95;0.01;SELL
2016-03-07T00:31:52.147000;2016-03-07T00:31:52.297000;ab3e4dc6-8307-4bda-8735-6e983b199460;398.95;5.04;SELL
2016-03-07T00:31:52.147000;2016-03-07T00:31:52.317000;78c79aad-3741-43b6-bf7f-c20a46ff4c91;398.94;0.01;SELL
2016-03-07T00:31:52.147000;2016-03-07T00:31:52.317000;253e2ac8-8bd1-435d-8e3e-11c8d7771555;398.89;11.76;SELL
2016-03-07T00:31:52.147000;2016-03-07T00:31:52.317000;08ad4228-43a2-4e8a-bfb2-9cc5aeca44b4;398.88;8.016;SELL
2016-03-07T00:31:52.147000;2016-03-07T00:31:52.317000;b10a4fde-160d-40c1-9d8d-03fb73cb5fa2;398.88;0.01;SELL
2016-03-07T00:31:52.147000;2016-03-07T00:31:52.317000;b9e370e3-a414-4a5a-97ca-9cdf1dde1323;398.73;2.16;SELL
2016-03-07T00:31:52.147000;2016-03-07T00:31:52.340000;2e6844a3-eb5f-4522-b9d4-4549007e3b78;398.72;8.947;SELL
2016-03-07T00:31:52.147000;2016-03-07T00:31:52.340000;f0383033-9f32-49f6-a15f-17cba06e22c2;398.72;0.45566005;SELL
2016-03-07T00:31:52.147000;2016-03-07T00:31:52.340000;93c76505-c30e-4444-a74c-0860d020355d;398.67;0.01;SELL
2016-03-07T00:31:52.147000;2016-03-07T00:31:52.340000;916500e9-37b7-45bb-8c28-ea0d402a71bb;398.66;0.02;SELL
2016-03-07T00:31:52.147000;2016-03-07T00:31:52.340000;14e857a4-4134-47ee-b9d4-3b239ffdfa3b;398.62;0.26;SELL
2016-03-07T00:31:52.147000;2016-03-07T00:31:52.357000;9c183d19-eab8-4171-807c-7430b40d2cda;398.55;8.211;SELL
2016-03-07T00:31:52.147000;2016-03-07T00:31:52.357000;60ac8e74-091d-4063-b28f-af8ff6e17b75;398.5;7.43016;SELL
2016-03-07T00:31:52.147000;2016-03-07T00:31:52.357000;d378172b-b08e-4eec-82f8-b8b9a7386b49;398.46;0.01;SELL
2016-03-07T00:31:52.147000;2016-03-07T00:31:52.373000;4f13b26f-720b-4734-9503-a48d620f3a2d;398.41;0.76;SELL
2016-03-07T00:31:52.147000;2016-03-07T00:31:52.373000;31d1d0eb-660f-4463-aa0b-bf4d5cf17cc1;398.4;1.65;SELL
2016-03-07T00:31:52.147000;2016-03-07T00:31:52.377000;b54dd31a-8f82-4f7f-9652-ce5e6bfcc72e;398.39;8.599;SELL
2016-03-07T00:31:52.147000;2016-03-07T00:31:52.377000;0a8fe785-3eb8-4d90-bd44-54d15854cfcf;398.32;0.01;SELL
2016-03-07T00:31:52.147000;2016-03-07T00:31:52.377000;1d7bf149-0eac-4960-ba46-b52258544ae4;398.11;0.38130939;SELL
2016-03-07T00:31:52.150000;2016-03-07T00:31:52.377000;b9288254-abee-42ad-bbe8-351f2715f570;398.06;0.01;SELL
2016-03-07T00:31:52.150000;2016-03-07T00:31:52.377000;67423220-efbc-4270-b1db-7caa06b212fb;398.0;0.01006;SELL
2016-03-07T00:31:52.150000;2016-03-07T00:31:52.377000;88e73f6a-3636-4def-a1ba-92f02a7d4021;398.0;0.1;SELL
2016-03-07T00:31:52.150000;2016-03-07T00:31:52.407000;da654e3d-eaf8-4718-8f8e-017064a55b34;398.0;0.01;SELL
2016-03-07T00:31:52.150000;2016-03-07T00:31:52.407000;d374138d-9a67-46f3-b570-0b223b68d486;398.0;0.20469734;SELL
2016-03-07T00:31:52.150000;2016-03-07T00:31:52.407000;2a95c1f6-7580-449c-84e7-e323bf70ac3c;398.0;1.0;SELL
2016-03-07T00:31:52.327000;2016-03-07T00:31:52.423000;08e2573e-e7a8-4084-8d9b-34e1681fd176;398.0;0.2;BUY
2016-03-07T00:31:52.380000;2016-03-07T00:31:52.440000;91d76fdf-fa6a-4a8f-b90c-d9bc4e6b0f9f;398.0;0.27;BUY
2016-03-07T00:31:52.560000;2016-03-07T00:31:52.633000;73576afc-eb96-442f-8335-d1af89de626f;398.0;0.2;BUY
2016-03-07T00:31:52.647000;2016-03-07T00:31:52.720000;d2122dcb-b979-42ad-9944-7700bf798f6b;398.0;0.2;BUY
2016-03-07T00:31:52.720000;2016-03-07T00:31:52.810000;1da0fb38-70bf-414e-ab0c-ea56db3d6aae;398.0;0.2;BUY
2016-03-07T00:31:52.727000;2016-03-07T00:31:52.810000;fd5d2c8e-815d-4540-b87b-ad8dd4b8125f;398.0;0.2;BUY
2016-03-07T00:31:52.737000;2016-03-07T00:31:52.810000;83622356-dc65-450b-ab87-b9c0bcb85875;398.0;0.2;BUY
2016-03-07T00:31:52.743000;2016-03-07T00:31:52.833000;046cfe0e-eb3f-4b06-a809-ca0a63c18ff5;398.0;0.2;BUY
2016-03-07T00:31:52.800000;2016-03-07T00:31:52.883000;0a1561cd-0965-46ff-822b-9485ce027cb4;398.0;0.2;BUY
2016-03-07T00:31:52.823000;2016-03-07T00:31:52.887000;28398dc7-5a44-4ef4-9be8-f2806f3533ca;398.0;0.2;BUY
2016-03-07T00:31:52.867000;2016-03-07T00:31:52.933000;cfd0a723-b19e-4e93-95dd-f4bf25bebad4;398.0;0.2;BUY
2016-03-07T00:31:53.283000;2016-03-07T00:31:53.350000;d6226679-dcd2-410a-8858-668e6de57dd3;398.0;0.846;BUY
2016-03-07T00:31:57.857000;2016-03-07T00:31:57.917000;47f17305-3d4e-49c2-a7b0-cc51721e28d1;397.96;0.02;BUY
2016-03-07T00:32:01.253000;2016-03-07T00:32:01.320000;eb1feefe-2c89-4b38-a2ca-82ab5a6cd047;397.99;5.76;BUY
2016-03-07T00:32:01.253000;2016-03-07T00:32:01.320000;319f12a6-352f-4c34-a559-67d25e908234;398.0;5.45352;BUY
2016-03-07T00:32:02.270000;2016-03-07T00:32:02.357000;dd8a3158-38e8-4c9d-8bdb-c8c8ae381194;397.98;0.06701333;BUY
2016-03-07T00:32:07.790000;2016-03-07T00:32:07.857000;c3e1fd51-0ceb-41e8-89b2-10f092c60c1d;397.95;0.2;BUY
2016-03-07T00:32:13.040000;2016-03-07T00:32:13.103000;3b164ab7-4fee-4e31-8089-2e9841e9e030;397.93;0.25;BUY
2016-03-07T00:32:13.040000;2016-03-07T00:32:13.103000;58fcd097-dcca-4727-9c3a-0b401751f683;397.93;0.05;BUY
2016-03-07T00:32:25.220000;2016-03-07T00:32:25.280000;2ab111ca-a87a-435a-b8fa-4b05a31df2bd;397.96;0.2;BUY
2016-03-07T00:32:32.013000;2016-03-07T00:32:32.073000;2580c69f-5252-4671-bdbe-b85ad8640045;397.96;0.05;BUY
2016-03-07T00:32:32.013000;2016-03-07T00:32:32.090000;a2d0aac3-add3-429c-99fa-35716076f3d7;397.99;1.01112;BUY
2016-03-07T00:33:01.633000;2016-03-07T00:33:01.687000;44b203e2-a3a3-4494-a155-cc02b22eec00;397.96;0.09926;BUY
2016-03-07T00:33:01.810000;2016-03-07T00:33:01.870000;0109eea0-f2ec-408c-8d62-399d25fa16a9;397.96;0.103725;BUY
2016-03-07T00:33:11.403000;2016-03-07T00:33:11.460000;ffb68a47-1d75-47f6-8406-e798d37f9da8;397.96;0.047015;BUY
2016-03-07T00:33:11.403000;2016-03-07T00:33:11.477000;36dbd63f-1cc1-4d60-b94c-7c9d2f740acf;397.96;1.0;BUY
2016-03-07T00:33:11.403000;2016-03-07T00:33:11.477000;bcddf90a-9ee9-4772-9c95-de5caa302c2d;398.0;0.65398;BUY
2016-03-07T00:33:13.650000;2016-03-07T00:33:13.713000;f9e1ae64-b398-4153-81e2-369bbdc62ea7;398.2;0.25;BUY
2016-03-07T00:33:14.620000;2016-03-07T00:33:14.707000;96590a81-9a96-4a63-b15c-d552ac242258;398.29;0.01;BUY
2016-03-07T00:33:20.767000;2016-03-07T00:33:20.850000;b43800ae-b2db-481c-8d1e-031fc5b748d6;398.37;0.01;SELL
2016-03-07T00:33:20.767000;2016-03-07T00:33:20.850000;79c80ee7-836b-488b-bc9a-79222a5be306;398.36;0.01;SELL
2016-03-07T00:33:20.767000;2016-03-07T00:33:20.853000;1eeee07a-ad19-4a0c-ba72-43f006509bce;398.35;1.7164169;SELL
2016-03-07T00:33:20.767000;2016-03-07T00:33:20.880000;be29df5a-a51b-4099-8d9a-f07d33a22073;398.26;1.4764169;SELL
2016-03-07T00:33:20.767000;2016-03-07T00:33:20.880000;b1aa09e2-a768-404d-9c1e-85f3410df4ad;398.26;0.02;SELL
2016-03-07T00:33:20.767000;2016-03-07T00:33:20.880000;6f811303-9e52-4bee-9594-e230f3e4b0a5;398.18;1.7264169;SELL
2016-03-07T00:33:20.770000;2016-03-07T00:33:20.880000;043909a2-219e-4aed-b508-a7bf952600ab;398.12;0.01;SELL
2016-03-07T00:33:20.770000;2016-03-07T00:33:20.880000;5b801a2c-6819-456f-9264-e1ea992c1c4c;398.1;0.72;SELL
2016-03-07T00:33:20.770000;2016-03-07T00:33:20.880000;bd32027f-935c-42a4-a0fa-b478937d0b1a;398.09;1.7264169;SELL
2016-03-07T00:33:20.770000;2016-03-07T00:33:20.880000;3a11693f-6905-460e-9751-ce31c59522c9;398.07;0.48126507;SELL
2016-03-07T00:33:29.840000;2016-03-07T00:33:29.923000;605d2082-4d31-4144-a0a3-4320c4681ab2;398.51;0.17;BUY
2016-03-07T00:33:31.187000;2016-03-07T00:33:31.253000;d42068b1-0d66-4edd-93ed-49dcf7a9394d;398.51;0.08;BUY
2016-03-07T00:33:31.187000;2016-03-07T00:33:31.277000;28ed0221-1624-41ac-92a7-edd8e8bee084;398.52;1.7409;BUY
2016-03-07T00:33:47.173000;2016-03-07T00:33:47.260000;1cfba1d9-9722-4eaa-b246-4da3e061d608;398.51;0.17;BUY
2016-03-07T00:33:58.470000;2016-03-07T00:33:58.557000;56894f53-3d5f-4e53-887b-3bdbd5fc812b;398.51;0.0266;BUY
2016-03-07T00:34:01.307000;2016-03-07T00:34:01.363000;ff5d68fc-688d-4b57-a645-1317c1bc5e94;398.51;0.0534;BUY
2016-03-07T00:34:01.307000;2016-03-07T00:34:01.387000;7f9d8acb-f659-42b6-ad7f-b59027768dd8;398.51;0.444;BUY
2016-03-07T00:34:01.307000;2016-03-07T00:34:01.387000;2687f7bc-0e2a-442f-8b51-38cc319fcff7;398.52;1.68;BUY
2016-03-07T00:34:01.307000;2016-03-07T00:34:01.387000;4f800a98-69fe-47a5-b782-642764787c54;398.53;0.01;BUY
2016-03-07T00:34:01.307000;2016-03-07T00:34:01.407000;b33e89de-1d19-462d-8e36-d6ad8b2941b7;398.53;0.72;BUY
2016-03-07T00:34:01.307000;2016-03-07T00:34:01.407000;470bab9a-d88c-42d8-8080-9109cd2f4125;398.54;0.01;BUY
2016-03-07T00:34:01.307000;2016-03-07T00:34:01.407000;91a929b2-5fa9-4395-914a-5a0be5bd6294;398.54;0.48;BUY
2016-03-07T00:34:01.307000;2016-03-07T00:34:01.407000;45114edf-84ca-44b5-837a-ff66ee7628c3;398.55;0.01;BUY
2016-03-07T00:34:01.307000;2016-03-07T00:34:01.407000;aa3f9608-1734-402d-afc0-923955115efe;398.55;0.01;BUY
2016-03-07T00:34:01.307000;2016-03-07T00:34:01.407000;1f76bd47-56f2-47d9-9dc5-4aad816b0ad5;398.57;0.2;BUY
2016-03-07T00:34:01.307000;2016-03-07T00:34:01.407000;8aa45724-3b20-4b11-b663-4f5d0431750d;398.68;0.72;BUY
2016-03-07T00:34:01.310000;2016-03-07T00:34:01.427000;b2ffd0e4-3aea-4a98-8da4-5bb3b85c54c0;398.69;0.01;BUY
2016-03-07T00:34:01.310000;2016-03-07T00:34:01.427000;f08370fc-a524-4ae3-91fe-5668f0e5bf80;398.89;1.92;BUY
2016-03-07T00:34:01.310000;2016-03-07T00:34:01.427000;66ba7675-bcd1-4ed4-956c-570ebb8602f2;398.9;0.01;BUY
2016-03-07T00:34:01.310000;2016-03-07T00:34:01.427000;fbddb111-285a-4baa-a4a0-9cfbba708e01;398.94;1.2;BUY
2016-03-07T00:34:01.310000;2016-03-07T00:34:01.427000;3dceb278-2f90-429d-9cae-251442194796;398.95;0.01;BUY
2016-03-07T00:34:01.310000;2016-03-07T00:34:01.450000;f56cb66e-0b28-45c7-891d-e6ff8c029996;399.1;2.16;BUY
2016-03-07T00:34:01.310000;2016-03-07T00:34:01.450000;be1c48cc-ed4f-4989-8fa6-03cd19993eb9;399.11;0.01;BUY
2016-03-07T00:34:01.310000;2016-03-07T00:34:01.450000;d6a02cec-354a-4217-9388-364eec3ad170;399.11;0.48;BUY
2016-03-07T00:34:01.310000;2016-03-07T00:34:01.450000;4eab245b-ee6b-4ec4-bd51-ccb65f9cc6fd;399.12;0.01;BUY
2016-03-07T00:34:01.310000;2016-03-07T00:34:01.450000;9370db2a-d30a-415b-9dfe-5c5ae704f451;399.12;0.24;BUY
2016-03-07T00:34:01.310000;2016-03-07T00:34:01.467000;457bfa39-6366-48b8-bd20-3dbcb3e42267;399.13;0.01;BUY
2016-03-07T00:34:01.310000;2016-03-07T00:34:01.467000;00a0c514-d6d9-4f10-a45e-c7f31ee20507;399.33;1.78878;BUY
2016-03-07T00:34:28.843000;2016-03-07T00:34:28.900000;2bdf908d-e8ec-42d4-9463-7ebee1d7171f;399.3;0.0702;BUY
2016-03-07T00:34:28.897000;2016-03-07T00:34:28.967000;b18fd290-897d-42f7-b990-1ddba108f89c;399.3;0.0998;BUY
2016-03-07T00:34:31.243000;2016-03-07T00:34:31.317000;da073694-169f-482e-87a8-467a0767e1a4;399.32;0.2;BUY
2016-03-07T00:34:31.243000;2016-03-07T00:34:31.317000;a375546f-3767-48d8-a659-c8fc55421305;399.33;0.96;BUY
2016-03-07T00:34:31.243000;2016-03-07T00:34:31.317000;8d54a33c-9033-406d-acaa-c23354e7f0ab;399.34;0.01;BUY
2016-03-07T00:34:31.243000;2016-03-07T00:34:31.317000;525bcfc4-170f-43a5-a3e3-b8777815a000;399.42;0.01;BUY
2016-03-07T00:34:31.243000;2016-03-07T00:34:31.347000;407ce316-545a-44d2-abfd-6e76e2831adf;399.43;0.01;BUY
2016-03-07T00:34:31.243000;2016-03-07T00:34:31.347000;2eefc169-fc82-4c5e-abd0-86967912c284;399.43;0.57;BUY
2016-03-07T00:34:31.243000;2016-03-07T00:34:31.347000;8d176a0f-bd51-4ae2-a602-87c9f6e16fd7;399.44;0.01;BUY
2016-03-07T00:34:31.243000;2016-03-07T00:34:31.347000;70fcf249-f3d5-4a9e-aa7c-7b0e5e8cd4e4;399.45;0.01;BUY
2016-03-07T00:34:31.243000;2016-03-07T00:34:31.347000;2a867dc9-853c-4fde-bfc8-2d86fc889f6e;399.51;0.03499;BUY
2016-03-07T00:34:46.450000;2016-03-07T00:34:46.517000;59d1ef96-1ad8-4d33-867b-b0ed22af74a3;399.51;0.2;BUY
2016-03-07T00:34:46.450000;2016-03-07T00:34:46.517000;6ee75255-97cd-4c60-8a09-e3e8be36bc1f;399.51;0.462;BUY
2016-03-07T00:34:46.450000;2016-03-07T00:34:46.550000;2895f555-135e-48b9-9906-19a37f87ffd1;399.52;0.338;BUY
2016-03-07T00:35:01.177000;2016-03-07T00:35:01.227000;54e4d98e-2b6d-4a41-b51b-34a22ea15424;399.53;0.01;BUY
2016-03-07T00:35:01.177000;2016-03-07T00:35:01.250000;5a07c9b9-1164-466d-8ad0-d08c1fa3497f;399.65;0.00715;BUY
2016-03-07T00:35:34.133000;2016-03-07T00:35:34.200000;76a56d10-943d-4893-b183-8d70aec80505;399.64;0.25;BUY
2016-03-07T00:35:34.133000;2016-03-07T00:35:34.200000;760719cb-b221-4028-b0e4-1ea7188644d6;399.66;0.02;BUY
2016-03-07T00:35:34.133000;2016-03-07T00:35:34.217000;348540dd-9827-4204-b6e4-34cc32bfe12f;399.7;0.01976211;BUY
2016-03-07T00:35:34.133000;2016-03-07T00:35:34.217000;d26a3c68-9a73-4e78-9aaa-2263c1b62145;399.71;0.01;BUY
2016-03-07T00:35:34.133000;2016-03-07T00:35:34.217000;012fc99f-4f30-4ecd-ac3c-dcc591083d58;399.89;0.2;BUY
2016-03-07T00:35:34.133000;2016-03-07T00:35:34.217000;3ebcd42f-c9e1-4621-8c4d-d430279ed21e;399.9;0.01976211;BUY
2016-03-07T00:35:34.133000;2016-03-07T00:35:34.217000;12781c36-0f05-444d-b22d-c2fbd73fb6f8;399.94;0.01;BUY
2016-03-07T00:35:34.137000;2016-03-07T00:35:34.217000;0fab18d2-7ed0-4a64-a066-3615c8e96c5c;400.1;0.01976211;BUY
2016-03-07T00:35:34.137000;2016-03-07T00:35:34.237000;06d8f78b-3313-441b-bfd1-f749a519da6d;400.1;0.23088367;BUY
2016-03-07T00:35:49.603000;2016-03-07T00:35:49.670000;dfcbeb65-eb57-4453-a85c-97ce4b57e299;400.09;0.25;BUY
2016-03-07T00:35:49.603000;2016-03-07T00:35:49.670000;ea5a26a6-9159-419a-842b-56749b1aa58e;400.1;0.14947719;BUY
2016-03-07T00:35:49.603000;2016-03-07T00:35:49.670000;45c14956-3b1f-40d5-bfa5-792e5bd05ef5;400.11;0.01;BUY
2016-03-07T00:35:49.603000;2016-03-07T00:35:49.670000;60e0c2a1-77e1-41cf-9988-4eb6a92759ca;400.16;0.01;BUY
2016-03-07T00:35:49.607000;2016-03-07T00:35:49.687000;a4e8a174-7236-46e1-8e92-1d46c4ae7e73;400.17;0.01;BUY
2016-03-07T00:35:49.607000;2016-03-07T00:35:49.687000;975ca95d-31b4-4750-a8ae-8f55073724e0;400.19;0.07052281;BUY
2016-03-07T00:36:01.233000;2016-03-07T00:36:01.297000;2f6cba51-d398-4d12-aabc-49a8f6d23912;400.23;0.02;BUY
2016-03-07T00:36:01.237000;2016-03-07T00:36:01.297000;4f35933a-2cfa-4cdd-8326-42b1f08fc773;400.3;0.01976211;BUY
2016-03-07T00:36:01.237000;2016-03-07T00:36:01.297000;13957e18-148f-4afd-80b0-339c794e4bc1;400.32;0.21013789;BUY
2016-03-07T00:36:31.170000;2016-03-07T00:36:31.230000;4d52c67c-9389-4c93-ba49-0aa8ccc47417;400.35;0.01;BUY
2016-03-07T00:36:31.170000;2016-03-07T00:36:31.230000;1b7e7431-3875-483b-bd2e-5fdee637bd29;400.46;0.25;BUY
2016-03-07T00:36:31.170000;2016-03-07T00:36:31.257000;ecd6b264-d7ba-43e2-b4da-aa907e4a02cf;400.49;0.48;BUY
2016-03-07T00:36:31.170000;2016-03-07T00:36:31.257000;519e7309-9426-4ca1-a98c-5f4bcc881ca3;400.5;0.01976211;BUY
2016-03-07T00:36:31.170000;2016-03-07T00:36:31.257000;457a74a6-bdd5-4e1c-9584-1a6f630719f1;400.5;0.02;BUY
2016-03-07T00:36:31.170000;2016-03-07T00:36:31.257000;5f82244c-2d63-4d59-bf5f-d350eac7a22e;400.5;0.20469734;BUY
2016-03-07T00:36:31.170000;2016-03-07T00:36:31.257000;a7cae71c-96ce-4a0d-874d-ea2035a1f9b1;400.51;0.96;BUY
2016-03-07T00:36:31.170000;2016-03-07T00:36:31.257000;42875c80-dca5-4a91-ae75-183603c44be3;400.52;0.01;BUY
2016-03-07T00:36:31.170000;2016-03-07T00:36:31.273000;81183ad8-6030-4c6d-952b-b03050fce5e2;400.52;1.44;BUY
2016-03-07T00:36:31.170000;2016-03-07T00:36:31.273000;7ce19dda-10c2-4f58-8ef6-1a560a94fb67;400.53;0.01;BUY
2016-03-07T00:36:31.170000;2016-03-07T00:36:31.273000;5f136db2-5ef5-43dd-9c7c-f615ad7cd161;400.53;0.60080055;BUY
2016-03-07T00:37:01.063000;2016-03-07T00:37:01.113000;ab9d55f7-8825-4bc5-8042-ba01e76a42bc;400.5;0.16218;BUY
2016-03-07T00:37:31.187000;2016-03-07T00:37:31.243000;576407ca-3b42-421e-8ec5-5459e5fcd23e;400.44;0.20641;BUY
2016-03-07T00:38:01.230000;2016-03-07T00:38:01.277000;7e257b59-6721-4a48-8e6f-0d28d9ca70a3;400.44;0.04359;BUY
2016-03-07T00:38:01.230000;2016-03-07T00:38:01.293000;d8cc2930-6029-4762-b817-cda6f198bb73;400.45;0.10475;BUY
2016-03-07T00:38:31.077000;2016-03-07T00:38:31.120000;9323b7bd-3a23-4e2c-b2a2-4ebaf5aeb6d7;400.45;0.03525;BUY
2016-03-07T00:38:31.077000;2016-03-07T00:38:31.137000;98af2829-544c-4c78-988d-76bb8b6c9e46;400.54;0.01;BUY
2016-03-07T00:38:31.077000;2016-03-07T00:38:31.137000;be907f5f-084f-4cdd-a056-5aa2d001cfc4;400.65;0.25;BUY
2016-03-07T00:38:31.077000;2016-03-07T00:38:31.137000;516d3a57-75b6-47d6-a835-6af9e8af3483;400.66;0.06566;BUY
2016-03-07T00:39:01.153000;2016-03-07T00:39:01.197000;11836820-469c-47dd-813d-74667d432f88;400.64;0.2;SELL
2016-03-07T00:39:01.153000;2016-03-07T00:39:01.213000;28dec952-5976-4c13-bf68-545bc35cebcb;400.64;0.59;SELL
2016-03-07T00:39:01.153000;2016-03-07T00:39:01.213000;5e647426-27d3-434b-b6f7-3945bc6d9664;400.64;0.3;SELL
2016-03-07T00:39:01.153000;2016-03-07T00:39:01.213000;3ad56cfa-91aa-4743-97e7-f78d4148cf0a;400.64;0.2;SELL
2016-03-07T00:39:01.153000;2016-03-07T00:39:01.230000;b27f358e-aaa6-4240-acd3-b25f29b02212;400.64;0.2;SELL
2016-03-07T00:39:01.153000;2016-03-07T00:39:01.297000;c7b1e77e-fda2-41fd-acf3-b0f85be16c3d;400.52;0.01;SELL
2016-03-07T00:39:01.153000;2016-03-07T00:39:01.297000;cd125856-6914-4f21-892f-739927749afe;400.47;0.72;SELL
2016-03-07T00:39:01.157000;2016-03-07T00:39:01.297000;af3d2380-0435-4298-93b6-e52629ca4021;400.46;0.01;SELL
2016-03-07T00:39:01.157000;2016-03-07T00:39:01.297000;2e088cf8-8a36-4224-93c7-b515ae41330c;400.46;0.48;SELL
2016-03-07T00:39:01.157000;2016-03-07T00:39:01.297000;7bdff15c-65e9-4588-b5f5-94ac36d8725a;400.45;0.01;SELL
2016-03-07T00:39:01.157000;2016-03-07T00:39:01.297000;72de0e45-d1b2-4dd3-ab2f-ad2f348147a4;400.32;4.84623;SELL
2016-03-07T00:39:35.677000;2016-03-07T00:39:35.747000;f5b7c842-28ff-4392-8e41-e47b1dd70c04;400.31;0.01;SELL
2016-03-07T00:39:35.677000;2016-03-07T00:39:35.747000;a0e46eaa-c421-4cb1-b51c-d5552516f91b;400.09;1.44;SELL
2016-03-07T00:39:35.677000;2016-03-07T00:39:35.747000;66cf4980-3a8d-4329-a12f-ded5ed0911c6;400.08;0.01;SELL
2016-03-07T00:39:35.677000;2016-03-07T00:39:35.747000;cf301de8-c36f-4a5c-994c-fd6205762eb4;400.01;1.2;SELL
2016-03-07T00:39:35.677000;2016-03-07T00:39:35.747000;da39d9bb-fdad-4bac-8d6a-bd898b8d148b;400.0;0.01982002;SELL
2016-03-07T00:39:35.677000;2016-03-07T00:39:35.747000;8361997d-65b0-4105-bc19-4ea9febb484e;399.95;1.44;SELL
2016-03-07T00:39:35.677000;2016-03-07T00:39:35.750000;68ac369d-3bad-4df5-9b98-9782b031a7eb;399.94;0.01;SELL
2016-03-07T00:39:35.677000;2016-03-07T00:39:35.773000;88760395-6831-4d95-addf-94f098eb4025;399.93;0.48;SELL
2016-03-07T00:39:35.677000;2016-03-07T00:39:35.777000;01fdbb58-01b9-484e-bbe6-309c9dd6d7ce;399.92;0.01;SELL
2016-03-07T00:39:35.677000;2016-03-07T00:39:35.777000;c02e568e-e390-461c-a092-558909765138;399.83;0.24491894;SELL
2016-03-07T00:39:50.160000;2016-03-07T00:39:50.213000;63e9b679-7382-4155-bc3c-173576f81707;400.0;0.149;BUY
2016-03-07T00:39:55.030000;2016-03-07T00:39:55.087000;812f85ab-09f6-4690-942c-f64ee7142351;399.98;0.25;BUY
2016-03-07T00:40:01.650000;2016-03-07T00:40:01.687000;4cf5103d-cf04-4d65-9a55-0dd684505cf6;399.98;0.25;BUY
2016-03-07T00:40:01.650000;2016-03-07T00:40:01.703000;d072a1d8-307e-4b39-a363-49efaa2104a6;399.99;0.43707;BUY
2016-03-07T00:40:01.877000;2016-03-07T00:40:01.913000;b6b7dae7-9b6a-4319-b8dd-71b9cfb4d023;399.98;0.25;BUY
2016-03-07T00:40:01.877000;2016-03-07T00:40:01.930000;edf112e1-e1ea-47c3-8cd9-3efd8d658564;399.99;0.21;BUY
2016-03-07T00:40:31.160000;2016-03-07T00:40:31.203000;4776de88-b3d8-4df1-ae7f-0dda07b98198;399.98;0.25;BUY
2016-03-07T00:40:31.160000;2016-03-07T00:40:31.220000;3802babe-81b5-4a57-bfea-3d568d47c140;399.99;0.87623;BUY
2016-03-07T00:41:31.173000;2016-03-07T00:41:31.207000;17308327-54d9-4a19-8d79-07d0d9ef5a8b;399.96;0.25;BUY
2016-03-07T00:41:31.173000;2016-03-07T00:41:31.223000;3e6ac0f2-8012-4621-9ac7-d973ba22eb1a;399.99;0.02724;BUY
2016-03-07T00:42:01.880000;2016-03-07T00:42:01.937000;61bffe78-ce4d-4f79-b294-4eb97f4d29ba;399.99;0.25;BUY
2016-03-07T00:42:21.970000;2016-03-07T00:42:22.010000;081ec9dd-338a-4846-bd54-0f2c60400400;400.39;0.13;BUY
2016-03-07T00:42:31.203000;2016-03-07T00:42:31.237000;e91f200c-a9f0-4ee8-935f-40fb6e877339;400.39;0.0378;BUY
2016-03-07T00:43:01.233000;2016-03-07T00:43:01.270000;5d3cd8ea-c255-405c-9f38-f3389453593a;400.48;0.01;BUY
2016-03-07T00:43:01.233000;2016-03-07T00:43:01.287000;21df9dfb-1825-4463-9c31-dfdb77a3a46d;400.49;0.01;BUY
2016-03-07T00:43:01.233000;2016-03-07T00:43:01.310000;2e323690-9377-462f-92cb-8ab146e5394d;400.5;0.01982002;BUY
2016-03-07T00:43:01.233000;2016-03-07T00:43:01.310000;a06b0d59-fc73-49df-a5ae-ba711de48dd1;400.54;0.01;BUY
2016-03-07T00:43:01.233000;2016-03-07T00:43:01.310000;1f886b11-1be3-4957-92f5-e208bd7535d4;400.6;1.92783998;BUY
2016-03-07T00:43:31.203000;2016-03-07T00:43:31.240000;995355ce-968a-4914-8aa7-bc29d710228e;400.51;0.50921;BUY
2016-03-07T00:44:14.570000;2016-03-07T00:44:14.620000;21feea98-8f64-4ac1-ba68-c95aa220768b;400.37;0.048975;BUY
2016-03-07T00:44:14.577000;2016-03-07T00:44:14.623000;91e45a68-da8e-4892-a81f-1658225b31df;400.37;0.1868188;BUY
2016-03-07T00:44:14.600000;2016-03-07T00:44:14.657000;319c096c-c0d4-4e99-b0b2-ad4ad801d55b;400.37;0.0864;BUY
2016-03-07T00:44:14.617000;2016-03-07T00:44:14.657000;92916e35-2a69-4d48-9311-e5024c43e11c;400.37;0.072;BUY
2016-03-07T00:44:14.643000;2016-03-07T00:44:14.683000;cb194e19-6f5d-4c57-b982-7eb44a132e51;400.37;0.1246;BUY
2016-03-07T00:44:14.653000;2016-03-07T00:44:14.703000;7e90a0c0-c23f-4422-95ce-8c2715b4d45e;400.37;0.0851149;BUY
2016-03-07T00:44:14.657000;2016-03-07T00:44:14.703000;d9441af3-6396-4e20-b6a9-cce72fa01ad9;400.37;0.024;BUY
2016-03-07T00:44:32.843000;2016-03-07T00:44:32.883000;af9e6e2d-9717-4d75-9c26-5ffb4e1043d6;400.31;0.35;BUY
2016-03-07T00:44:32.843000;2016-03-07T00:44:32.887000;45922247-1997-4a3a-bfdd-b4b744bad515;400.44;0.07376;BUY
2016-03-07T00:45:01.293000;2016-03-07T00:45:01.350000;997dc00d-7770-4c29-9c8a-a04b8d5c8a12;400.5;0.3324;BUY
2016-03-07T00:45:04.477000;2016-03-07T00:45:04.530000;25f01cc3-c132-4627-a1fd-9927f1bc86dc;400.49;0.1721;BUY
2016-03-07T00:45:04.490000;2016-03-07T00:45:04.553000;8d5a863a-4f8f-481c-ab1d-d51d83ab79eb;400.49;0.0979;BUY
2016-03-07T00:45:10.623000;2016-03-07T00:45:10.670000;c0ddeb9d-2319-4182-ae1d-69ed4215ff69;400.48;13.2;BUY
2016-03-07T00:45:10.623000;2016-03-07T00:45:10.670000;1cc768b6-ca9e-4128-90e7-7cdf863eb3a6;400.49;0.04946;BUY
2016-03-07T00:45:10.623000;2016-03-07T00:45:10.670000;d44761d8-634c-4104-b1bb-4772ab6c87b8;400.55;0.2;BUY
2016-03-07T00:45:10.623000;2016-03-07T00:45:10.670000;24b003a9-7678-485c-ac9a-f0ec5dd8deb6;400.56;9.36;BUY
2016-03-07T00:45:10.623000;2016-03-07T00:45:10.670000;fa355e2f-dc69-449d-9318-49cf63c112a4;400.57;2.19400373;BUY
2016-03-07T00:45:31.680000;2016-03-07T00:45:31.717000;e6a14304-d229-450b-89fb-c48d30f48947;400.56;8.6944;BUY
2016-03-07T00:46:01.233000;2016-03-07T00:46:01.263000;f8f4e9dd-a2b4-416c-be57-855d1247c2fe;400.25;0.01;SELL
2016-03-07T00:46:01.233000;2016-03-07T00:46:01.280000;eca8c6e2-6bb7-4887-a199-6c6aa357b42f;400.24;0.12334;SELL
2016-03-07T00:46:31.607000;2016-03-07T00:46:31.677000;c47fb392-b90b-4aa1-aa17-ea081d2ff2ee;400.44;0.495;BUY
2016-03-07T00:46:31.607000;2016-03-07T00:46:31.677000;ce179b35-911d-4513-9640-399f7d2b5ae2;400.45;0.51853;BUY
2016-03-07T00:47:01.253000;2016-03-07T00:47:01.320000;1f05320b-e68d-4074-81e8-a00d4c1df766;400.46;0.66756;BUY
2016-03-07T00:47:31.163000;2016-03-07T00:47:31.220000;38c99db5-807f-4041-9c0e-c37fdb86c67a;400.46;0.1085;BUY
2016-03-07T00:48:20.217000;2016-03-07T00:48:20.293000;348eb80a-01ed-401f-a515-8af846158aee;400.47;0.01;BUY
2016-03-07T00:48:20.217000;2016-03-07T00:48:20.293000;4ec21c93-a816-472c-b744-df21db7520e6;400.5;0.01;BUY
2016-03-07T00:48:20.217000;2016-03-07T00:48:20.293000;9f94c4a5-f32b-4635-b25e-1e63fae5c557;400.57;0.05599627;BUY
2016-03-07T00:48:20.217000;2016-03-07T00:48:20.293000;ab31fb35-23c5-47e5-8e2a-5d4e9fe50652;400.61;0.02400373;BUY
2016-03-07T00:48:31.267000;2016-03-07T00:48:31.327000;5a13ee7e-9b8f-480d-af96-22e33ff66c84;400.61;0.91803627;BUY
2016-03-07T00:48:31.267000;2016-03-07T00:48:31.327000;f7ca4077-d6a6-4717-b1c8-1fa2a7875d5a;400.64;0.01;BUY
2016-03-07T00:48:31.267000;2016-03-07T00:48:31.350000;27864994-472b-42d8-b6f9-41082e9dccd3;400.64;0.01;BUY
2016-03-07T00:48:31.267000;2016-03-07T00:48:31.350000;a613975f-1e8f-47ab-8878-7c25adcd205f;400.69;0.01;BUY
2016-03-07T00:48:31.267000;2016-03-07T00:48:31.350000;3ca9eec0-ca3b-4164-9a10-b397647e3e4b;400.7;0.01;BUY
2016-03-07T00:48:31.267000;2016-03-07T00:48:31.350000;345bdefe-ee1b-468a-9f79-8953dfb25728;400.7;0.01976211;BUY
2016-03-07T00:48:31.267000;2016-03-07T00:48:31.367000;51633c20-0e5e-4ff7-9b2f-b259bdb55a48;400.71;0.01;BUY
2016-03-07T00:48:31.267000;2016-03-07T00:48:31.367000;c5cb401b-4c82-46e5-911c-57e37c504c80;400.72;0.01;BUY
2016-03-07T00:48:31.267000;2016-03-07T00:48:31.367000;e35a3b7c-f924-430f-a734-360d41a0bb9d;400.73;0.01;BUY
2016-03-07T00:48:31.267000;2016-03-07T00:48:31.367000;4f62b654-3ba5-4682-8569-f90223a50dc8;400.74;0.01;BUY
2016-03-07T00:48:31.267000;2016-03-07T00:48:31.367000;5d490d69-e770-4cbf-83c5-04081c681da9;400.75;0.01;BUY
2016-03-07T00:48:31.267000;2016-03-07T00:48:31.383000;d092a900-8632-40ee-8c0b-d530019850aa;400.75;0.01;BUY
2016-03-07T00:48:31.267000;2016-03-07T00:48:31.383000;eed2a679-1a3a-4172-90d6-aed4bfff1a8d;400.79;0.222;BUY
2016-03-07T00:48:31.267000;2016-03-07T00:48:31.383000;aba86286-48a1-4922-b0e3-fcbcda86fcad;400.88;0.2;BUY
2016-03-07T00:48:31.267000;2016-03-07T00:48:31.383000;a3da078a-064b-4745-a67a-43bed47c3524;400.89;0.33130162;BUY
2016-03-07T00:49:01.297000;2016-03-07T00:49:01.350000;27416d10-4eb8-4969-b663-12af06a53518;400.9;0.01976211;BUY
2016-03-07T00:49:01.297000;2016-03-07T00:49:01.363000;4057903a-3a77-43ed-89a3-fd6212daadeb;400.92;0.01973368;BUY
2016-03-07T00:49:01.297000;2016-03-07T00:49:01.367000;22b8994c-fe34-423e-9d72-232656ac90c4;400.92;0.02;BUY
2016-03-07T00:49:01.297000;2016-03-07T00:49:01.367000;3f5d25ba-951a-47ac-b980-8a2bf55693c3;400.94;0.01;BUY
2016-03-07T00:49:01.297000;2016-03-07T00:49:01.383000;49033134-69ae-4744-a984-654f31df7ce6;400.95;0.01;BUY
2016-03-07T00:49:01.297000;2016-03-07T00:49:01.383000;94b7212a-5109-4ee7-a4a2-c00e1a17f9a3;400.95;0.01;BUY
2016-03-07T00:49:01.297000;2016-03-07T00:49:01.383000;e9a934e0-05ce-4fdc-9abd-826eceaa8362;400.96;0.01;BUY
2016-03-07T00:49:01.297000;2016-03-07T00:49:01.383000;2e35afa1-6843-4cef-9fe7-0595fad58cbd;400.97;0.01;BUY
2016-03-07T00:49:01.297000;2016-03-07T00:49:01.397000;a04bf9c4-040a-41a5-972c-dd7eead4414a;400.99;0.0363;BUY
2016-03-07T00:49:01.297000;2016-03-07T00:49:01.403000;1f24ff63-cb0b-4929-81ea-5cdc6ad5ea96;400.99;0.28690421;BUY
2016-03-07T00:49:12.007000;2016-03-07T00:49:12.063000;7077f1f7-7480-4487-be35-c8a88f89e88c;400.99;0.03959579;BUY
2016-03-07T00:49:12.007000;2016-03-07T00:49:12.080000;595ec093-9cd1-44b1-8439-fe88b5d04778;401.08;0.02;BUY
2016-03-07T00:49:12.007000;2016-03-07T00:49:12.080000;fc2898f5-f16a-458e-b78c-cee7021fee76;401.1;0.01973368;BUY
2016-03-07T00:49:12.010000;2016-03-07T00:49:12.080000;baff92fc-39e5-4e1e-a170-1c3731f7d3c4;401.11;0.02067053;BUY
2016-03-07T00:49:31.293000;2016-03-07T00:49:31.347000;164a41bd-10a8-4611-a5a3-564a024558d1;400.82;0.2499;SELL
2016-03-07T00:50:01.283000;2016-03-07T00:50:01.347000;997f2f03-1478-4e0d-847e-a2486ed45a73;401.08;0.25;BUY
2016-03-07T00:50:01.287000;2016-03-07T00:50:01.350000;25c13a64-a834-476c-ac03-0d3e1b4491ca;401.08;0.29;BUY
2016-03-07T00:50:01.287000;2016-03-07T00:50:01.350000;ee92ccf3-726c-4802-a4ea-6817a5e8ce9e;401.11;0.07753;BUY
2016-03-07T00:50:31.220000;2016-03-07T00:50:31.273000;5bf6d25e-1af7-4a98-b684-d7a2cacf94a6;401.11;0.37027;BUY
2016-03-07T00:51:02.770000;2016-03-07T00:51:02.827000;3c6b01ac-1000-4948-95ee-a5012d3c7b6e;401.05;0.025;SELL
2016-03-07T00:51:02.770000;2016-03-07T00:51:02.827000;eb10a2a0-e6b2-49c6-bc86-103c9aa338cd;401.05;0.02119;SELL
2016-03-07T00:52:03.513000;2016-03-07T00:52:03.573000;e9ef47fb-0a8c-4abb-ae93-692cd1761544;401.11;0.42152947;BUY
2016-03-07T00:52:03.513000;2016-03-07T00:52:03.573000;7289feb6-f8a3-4108-afc8-0951f58f0ed1;401.13;0.01;BUY
2016-03-07T00:52:03.513000;2016-03-07T00:52:03.573000;4d48fac3-1548-4371-afc6-ea6e2b37f3b7;401.15;0.01;BUY
2016-03-07T00:52:03.513000;2016-03-07T00:52:03.600000;3734d267-4ecb-474f-a499-171e3075cf59;401.17;0.01;BUY
2016-03-07T00:52:03.517000;2016-03-07T00:52:03.600000;8dac5b3b-fa5c-4e64-9be6-2b51d0f220c1;401.18;0.01;BUY
2016-03-07T00:52:03.517000;2016-03-07T00:52:03.600000;7168ec1f-6870-4433-a5a6-6b9bdc8dba53;401.18;0.01;BUY
2016-03-07T00:52:03.517000;2016-03-07T00:52:03.600000;dcfc2c3f-7c89-49bd-9e3a-0e00f60c30b8;401.19;0.104;BUY
2016-03-07T00:52:03.517000;2016-03-07T00:52:03.600000;babe40af-e3f0-4053-ae6c-400fd9da88b0;401.3;0.01973368;BUY
2016-03-07T00:52:03.517000;2016-03-07T00:52:03.600000;5725c9e3-0fe7-4d42-9059-2fd1b972851f;401.33;0.01;BUY
2016-03-07T00:52:03.517000;2016-03-07T00:52:03.600000;e456b6d8-10fa-418a-b731-cbf5b3adbf9d;401.34;0.01;BUY
2016-03-07T00:52:03.517000;2016-03-07T00:52:03.600000;87a2e57d-0c26-4240-afb9-6d36020f5a20;401.34;0.02;BUY
2016-03-07T00:52:03.517000;2016-03-07T00:52:03.617000;faa89373-964b-44fb-91bb-4dbef8f46fdc;401.34;0.01666668;BUY
2016-03-07T00:52:03.517000;2016-03-07T00:52:03.620000;4bdad4a2-5e9b-46db-b12c-036c011adb4a;401.35;0.01;BUY
2016-03-07T00:52:03.517000;2016-03-07T00:52:03.620000;daa9d397-800b-4a82-a00c-782350300af7;401.36;0.19458017;BUY
2016-03-07T00:52:33.083000;2016-03-07T00:52:33.157000;06a7c2a0-1a89-4edb-aeb2-5368a3745513;401.49;0.25;BUY
2016-03-07T00:52:33.087000;2016-03-07T00:52:33.157000;45cf0300-4abe-4b13-8cd9-99a14079412c;401.5;0.01973368;BUY
2016-03-07T00:52:33.087000;2016-03-07T00:52:33.157000;693c2b7e-5589-40d5-a7b9-5eee79ce4a4e;401.5;0.20446111;BUY
2016-03-07T00:52:33.087000;2016-03-07T00:52:33.157000;83238544-2bd4-4f6a-b5f0-8992da831c60;401.52;0.01;BUY
2016-03-07T00:52:33.087000;2016-03-07T00:52:33.157000;1699abf3-9c21-47c1-9e81-6d8709e004de;401.53;0.01;BUY
2016-03-07T00:52:33.087000;2016-03-07T00:52:33.183000;f97d781e-14ae-47b9-9dc8-87bfc20dc1f8;401.54;0.01;BUY
2016-03-07T00:52:33.087000;2016-03-07T00:52:33.183000;a5f4b61b-5dba-48b0-9945-cac1e7e7fa98;401.61;0.2;BUY
2016-03-07T00:52:33.087000;2016-03-07T00:52:33.183000;6af20f23-deb1-4625-8a98-a74705f55eb7;401.62;0.04;BUY
2016-03-07T00:52:33.087000;2016-03-07T00:52:33.183000;acdfc1ff-e9d8-43ec-a3ad-464087df2806;401.69;0.77801521;BUY
2016-03-07T00:53:01.173000;2016-03-07T00:53:01.213000;e695062f-de06-432d-82e3-b7e3df69ccc2;401.4;0.41;SELL
2016-03-07T00:53:01.173000;2016-03-07T00:53:01.227000;cf943cc5-bccc-4783-b7a4-6554dcca5fb0;401.36;0.01;SELL
2016-03-07T00:53:01.173000;2016-03-07T00:53:01.230000;80697075-f26b-4aa5-9ec0-4d19a635aa9d;401.11;0.26447;SELL
2016-03-07T00:53:31.120000;2016-03-07T00:53:31.170000;6b2c3c60-7808-4983-adea-85029f335757;401.51;0.12322;BUY
2016-03-07T00:54:31.327000;2016-03-07T00:54:31.363000;4b63543f-13ca-45eb-b7f5-eaba60f43bf5;401.4;0.04932;BUY
2016-03-07T00:55:31.287000;2016-03-07T00:55:31.333000;f6ee54bd-333c-442f-8c40-d8a60590a4b7;401.4;0.09866;BUY
2016-03-07T00:55:46.477000;2016-03-07T00:55:46.513000;ddc50866-c4a0-434c-afe4-fb008031e5bd;401.39;0.3;BUY
2016-03-07T00:55:47.590000;2016-03-07T00:55:47.630000;07f7a35b-e530-4a9d-a067-263910c01a3a;401.39;0.97;BUY
2016-03-07T00:55:47.590000;2016-03-07T00:55:47.630000;13dbc697-45c0-42b4-8936-88fcb2878912;401.39;0.04291908;BUY
2016-03-07T00:55:47.593000;2016-03-07T00:55:47.650000;317eb866-dca9-4689-b5dc-f8fa0126e1b2;401.39;0.01536;BUY
2016-03-07T00:56:31.270000;2016-03-07T00:56:31.320000;4bd4c27e-1360-424b-a02f-ba7225a9ec96;401.4;0.07787;BUY
2016-03-07T00:57:01.297000;2016-03-07T00:57:01.353000;2122c56f-675b-4291-aae9-d49460290a4b;401.64;0.67834;BUY
2016-03-07T00:57:31.200000;2016-03-07T00:57:31.247000;c24e82f5-3fb5-4426-a185-3240545f588b;401.68;0.97877;BUY
2016-03-07T00:58:31.390000;2016-03-07T00:58:31.433000;8951e5bc-58f2-471c-8d79-d52565c90b09;401.69;0.01;BUY
2016-03-07T00:58:31.390000;2016-03-07T00:58:31.433000;d22bb402-9a0d-46f5-8ec7-2bbc7a05dc63;401.7;0.01;BUY
2016-03-07T00:58:31.390000;2016-03-07T00:58:31.470000;21f88f63-039d-4236-b142-d013f83e27f8;401.7;0.01973368;BUY
2016-03-07T00:58:31.390000;2016-03-07T00:58:31.470000;9ffd9a62-c2ef-40d1-b05e-64125c8be6ef;401.74;0.099;BUY
2016-03-07T00:58:31.390000;2016-03-07T00:58:31.470000;777b2200-3efe-458b-9dbc-8e60ea6a0a8f;401.75;0.03666632;BUY
2016-03-07T00:59:04.297000;2016-03-07T00:59:04.323000;fd40143f-c407-4276-b5b0-4ca97a9a0732;401.55;0.279;SELL
2016-03-07T00:59:04.297000;2016-03-07T00:59:04.340000;791f4dd3-6db0-4746-8a3a-260d71fdb3c0;401.54;0.23856;SELL
2016-03-07T00:59:31.287000;2016-03-07T00:59:31.330000;5ce5437c-d5c9-4251-9e2e-e9e94ba899af;401.55;0.58;SELL
2016-03-07T00:59:31.287000;2016-03-07T00:59:31.330000;4f08cb33-bebf-4847-96c2-45bfa616f9f7;401.55;0.382;SELL
2016-03-07T00:59:31.287000;2016-03-07T00:59:31.347000;ec83cab1-ee83-4097-8a48-9159d2e140f0;401.5;0.352;SELL
2016-03-07T00:59:31.287000;2016-03-07T00:59:31.347000;6298e81a-c0d7-4484-8957-153f165f1109;401.4;4.32;SELL
2016-03-07T00:59:31.287000;2016-03-07T00:59:31.347000;28d13d92-350d-4393-a3ae-8b6b5da97f6e;401.39;0.372;SELL
2016-03-07T00:59:31.287000;2016-03-07T00:59:31.347000;085d5e64-80c5-4352-8b99-5ef53a44c2db;401.35;2.4;SELL
2016-03-07T00:59:31.287000;2016-03-07T00:59:31.347000;249ea787-4b4b-495c-8cb5-7937570df3d4;401.34;0.394;SELL
2016-03-07T00:59:31.287000;2016-03-07T00:59:31.367000;7d539b3b-b085-48e6-84dc-7a5c50dee007;401.3;3.12;SELL
2016-03-07T00:59:31.287000;2016-03-07T00:59:31.370000;e9b21c91-e40c-4d10-9b9c-f22ffe7f594e;401.29;0.414;SELL
2016-03-07T00:59:31.287000;2016-03-07T00:59:31.403000;b3dc9eb4-b6ce-46ef-aaa5-5b4e6e9be4d9;401.28;1.2;SELL
2016-03-07T00:59:31.290000;2016-03-07T00:59:31.417000;4d3ca45e-6d32-4464-b8af-2b7982232cb1;401.27;0.01;SELL
2016-03-07T00:59:31.290000;2016-03-07T00:59:31.417000;47dfe9cb-37b0-4e37-877c-a5c1826112db;401.25;1.68;SELL
2016-03-07T00:59:31.290000;2016-03-07T00:59:31.417000;56412eac-b049-4d52-8256-e4a0c5e141b6;401.24;0.386;SELL
2016-03-07T00:59:31.290000;2016-03-07T00:59:31.417000;dbd8ee50-51c0-42bf-b03e-81ac1f8dc7db;401.21;1.68;SELL
2016-03-07T00:59:31.290000;2016-03-07T00:59:31.417000;08775a6f-5499-4612-8a1b-f7fde79e27da;401.2;0.01974586;SELL
2016-03-07T00:59:31.290000;2016-03-07T00:59:31.417000;8f132a5f-7bf5-464d-aa0d-cac81a6d0c7c;401.11;3.36;SELL
2016-03-07T00:59:31.290000;2016-03-07T00:59:31.417000;4fc08766-3546-4800-a79f-97849dc981c1;401.1;0.3;SELL
2016-03-07T00:59:31.290000;2016-03-07T00:59:31.417000;3252bd18-0650-4481-b94f-00c476d7ebc4;401.1;0.48;SELL
2016-03-07T00:59:31.290000;2016-03-07T00:59:31.417000;c2822dad-d5a0-484b-82bf-ec925f68b64c;401.09;0.01;SELL
2016-03-07T00:59:31.290000;2016-03-07T00:59:31.417000;df5f0c95-0ba1-4ee9-8afb-1d2de6ba879b;401.06;0.54025414;SELL
2016-03-07T01:00:01.517000;2016-03-07T01:00:01.540000;777ea551-6ef4-463e-826a-863cf96901cd;401.29;0.01;SELL
2016-03-07T01:00:01.517000;2016-03-07T01:00:01.647000;40169e42-0cc0-4cc6-963d-fd66a6873c00;401.28;0.01;SELL
2016-03-07T01:00:01.517000;2016-03-07T01:00:01.687000;54e83190-965e-4458-aef2-3b423aa6f8de;401.21;0.48;SELL
2016-03-07T01:00:01.517000;2016-03-07T01:00:01.687000;8182f53f-2825-4a3c-8345-90d152d46a36;401.2;0.01974586;SELL
2016-03-07T01:00:01.517000;2016-03-07T01:00:01.687000;71fbec37-53f7-4dcb-9507-d56a131088c2;401.16;1.2;SELL
2016-03-07T01:00:01.517000;2016-03-07T01:00:01.687000;c99ce035-fbb6-47cb-beb2-84dec84c68d8;401.15;0.01;SELL
2016-03-07T01:00:01.517000;2016-03-07T01:00:01.687000;9ee5b3c2-c667-4896-85fd-26199de5679a;401.06;0.08320414;SELL
2016-03-07T01:00:31.327000;2016-03-07T01:00:31.347000;97d972f6-a600-4fe9-807c-1438f698f676;401.02;0.01;SELL
2016-03-07T01:00:31.327000;2016-03-07T01:00:31.363000;0037421b-09a5-401e-82d3-5ffa3a4e6606;401.01;0.24;SELL
2016-03-07T01:00:31.327000;2016-03-07T01:00:31.367000;a13e0318-5b68-45a7-8685-bfb212204f9e;401.0;0.01977295;SELL
2016-03-07T01:00:31.327000;2016-03-07T01:00:31.367000;d1f09cb3-dd53-4c38-90a3-7816e39a8fbf;400.95;1.44;SELL
2016-03-07T01:00:31.327000;2016-03-07T01:00:31.367000;312e23fb-b28c-44f0-8332-a097744c7010;400.94;0.01;SELL
2016-03-07T01:00:31.327000;2016-03-07T01:00:31.367000;6e619422-afeb-4dcb-b033-c110723fda81;400.81;4.51662705;SELL
2016-03-07T01:00:43.530000;2016-03-07T01:00:43.550000;30e39a71-084d-48ac-8d41-b2190f0ccb00;401.29;0.3;BUY
2016-03-07T01:01:01.293000;2016-03-07T01:01:01.313000;65b0d099-80e3-439f-9810-822b9bc9a690;401.28;0.01;SELL
2016-03-07T01:01:01.293000;2016-03-07T01:01:01.330000;40e61f2a-1e1e-469e-aae1-03a0b56df0c2;401.28;0.291;SELL
2016-03-07T01:01:01.293000;2016-03-07T01:01:01.330000;de967ade-09b9-41c5-86c7-26322bf01c00;401.08;0.38283;SELL
2016-03-07T01:01:17.220000;2016-03-07T01:01:17.250000;e5a9f13b-301d-4d46-b13d-fce40f3877eb;401.34;0.156;BUY
2016-03-07T01:01:17.227000;2016-03-07T01:01:17.267000;e29ae219-b115-4d7b-9d32-9ab27c82f6f8;401.34;0.0936;BUY
2016-03-07T01:01:17.263000;2016-03-07T01:01:17.300000;1f725b23-cd9e-4a31-9b9f-cd255abceb11;401.34;0.1228;BUY
2016-03-07T01:01:25.870000;2016-03-07T01:01:25.950000;825afe97-017d-4023-ad55-31d7fdf3e6f5;401.32;0.277;BUY
2016-03-07T01:01:31.370000;2016-03-07T01:01:31.453000;a519acb6-41e1-4922-a207-0053fbc32338;401.33;0.518;BUY
2016-03-07T01:01:31.370000;2016-03-07T01:01:31.453000;f90451cc-8189-4323-a5c5-f09f38e6361b;401.34;1.806;BUY
2016-03-07T01:02:01.480000;2016-03-07T01:02:01.563000;377597b7-95a2-40e0-8486-1c5b7e83f83f;401.35;0.01;BUY
2016-03-07T01:02:01.480000;2016-03-07T01:02:01.563000;22be8442-4a4f-4271-b2c2-35b8b70a3df7;401.36;0.01;BUY
2016-03-07T01:02:01.480000;2016-03-07T01:02:01.563000;04815db1-78d7-497a-a577-8397a6ae0e13;401.43;0.09;BUY
2016-03-07T01:02:01.480000;2016-03-07T01:02:01.563000;b71420f5-fbee-45b4-9da2-bf8c797f8bda;401.45;0.31;BUY
2016-03-07T01:02:01.480000;2016-03-07T01:02:01.563000;5b5c9a84-76a9-4f96-8bae-54760a9955a6;401.5;0.01977295;BUY
2016-03-07T01:02:01.480000;2016-03-07T01:02:01.583000;f47a7dea-1154-45bc-8518-9b795711a832;401.5;0.05355705;BUY
2016-03-07T01:02:31.363000;2016-03-07T01:02:31.417000;2086254b-ad0c-478f-b3e6-af3afdddaa76;401.51;0.01;BUY
2016-03-07T01:02:31.363000;2016-03-07T01:02:31.433000;222b7d81-7dd1-48e2-b71e-a0891edf6797;401.52;0.01;BUY
2016-03-07T01:02:31.363000;2016-03-07T01:02:31.433000;456bb82e-7dbf-4038-b42c-8f23471ffb3c;401.52;0.01032;BUY
2016-03-07T01:03:01.343000;2016-03-07T01:03:01.400000;91c292a2-c207-4ccb-951d-c80b4f5fed00;401.52;0.2;SELL
2016-03-07T01:03:01.347000;2016-03-07T01:03:01.417000;b06d22f7-e02e-4911-82a4-4433a6658078;401.52;0.2;SELL
2016-03-07T01:03:01.347000;2016-03-07T01:03:01.417000;b379a510-2ed7-4294-bb66-66a776dac9a6;401.48;0.02572;SELL
2016-03-07T01:03:32.053000;2016-03-07T01:03:32.107000;cfe04944-d1db-43d8-b838-4fa798fa98d4;401.52;0.06164;BUY
2016-03-07T01:04:02.297000;2016-03-07T01:04:02.370000;3da3d845-00f4-4b05-9ad0-3cff244d025f;401.34;0.01;SELL
2016-03-07T01:04:02.297000;2016-03-07T01:04:02.397000;465175cb-42c5-432c-b020-3500483bd100;401.34;0.33;SELL
2016-03-07T01:04:02.297000;2016-03-07T01:04:02.420000;00f81a9e-4d8f-495e-9d8c-984bb59611a7;401.25;0.0115;SELL
2016-03-07T01:04:02.297000;2016-03-07T01:04:02.420000;144c2eaf-bc8f-4953-8eed-b65f9a679319;401.22;0.103;SELL
2016-03-07T01:04:02.297000;2016-03-07T01:04:02.420000;776a3e9c-8fc0-46e6-a956-bee8283060cc;401.15;0.122;SELL
2016-03-07T01:04:02.297000;2016-03-07T01:04:02.420000;29ffbfe3-9b7b-46a1-953c-f776e551dc97;401.08;2.16;SELL
2016-03-07T01:04:02.297000;2016-03-07T01:04:02.420000;1548af7e-a667-4750-92f5-ff2d4ec91ef3;401.07;0.01;SELL
2016-03-07T01:04:02.297000;2016-03-07T01:04:02.420000;98059e55-0c44-45db-a96d-7c88ead95c6b;401.03;2.16;SELL
2016-03-07T01:04:02.300000;2016-03-07T01:04:02.420000;49fd32f0-0568-4e6c-8915-d251caff3956;401.02;0.01;SELL
2016-03-07T01:04:02.300000;2016-03-07T01:04:02.420000;c4a76fa2-8c91-4c5a-a411-cf98903ca05b;401.01;0.96;SELL
2016-03-07T01:04:02.300000;2016-03-07T01:04:02.420000;cc805e7e-c0ef-446a-b85d-f3d7352282cc;401.0;0.01974586;SELL
2016-03-07T01:04:02.300000;2016-03-07T01:04:02.447000;d7c157e9-576d-4000-9499-0e5b01c23734;400.91;0.8;SELL
2016-03-07T01:04:02.300000;2016-03-07T01:04:02.447000;47fba2fd-ccc4-4f25-bfc0-0851b5662898;400.89;0.01;SELL
2016-03-07T01:04:02.300000;2016-03-07T01:04:02.447000;3996a668-90c6-4fa5-ae94-84f6335758c2;400.88;0.01;SELL
2016-03-07T01:04:02.300000;2016-03-07T01:04:02.447000;a371f4cd-6a41-41ff-a93a-dcd0193eeae7;400.81;3.0;SELL
2016-03-07T01:04:02.300000;2016-03-07T01:04:02.447000;59359526-ab17-4410-9b70-039c6177e6a6;400.8;0.01974586;SELL
2016-03-07T01:04:02.300000;2016-03-07T01:04:02.447000;22c03358-03f0-4b39-b69b-30aba64e482e;400.75;0.09;SELL
2016-03-07T01:04:02.300000;2016-03-07T01:04:02.480000;00d01be3-89db-424e-8bc5-e841ecbf73bd;400.74;0.18;SELL
2016-03-07T01:04:02.300000;2016-03-07T01:04:02.480000;785517c5-dc42-40f7-a536-329da7085ee3;400.73;0.19;SELL
2016-03-07T01:04:02.300000;2016-03-07T01:04:02.480000;41f3f644-a477-4544-973c-30d2bfdfd9c2;400.7;0.72;SELL
2016-03-07T01:04:02.300000;2016-03-07T01:04:02.480000;eae26363-a22a-4595-aeb3-7c7a0cc1cf7a;400.69;0.05;SELL
2016-03-07T01:04:02.300000;2016-03-07T01:04:02.513000;5e61d695-523a-4e17-8502-94b6f7573252;400.68;0.72;SELL
2016-03-07T01:04:02.303000;2016-03-07T01:04:02.513000;254675d4-e92d-4d23-94d0-13ef961f6a00;400.67;0.01;SELL
2016-03-07T01:04:02.303000;2016-03-07T01:04:02.513000;acd850f1-9890-4c2b-a997-49eb6770ce09;400.58;2.64;SELL
2016-03-07T01:04:02.303000;2016-03-07T01:04:02.513000;3308f775-a5b0-4294-8b06-33ee58ba82eb;400.57;0.086;SELL
