time_exchange;time_coinpai;guid;price;base_amount;taker_side
2016-03-07T00:03:58.000000;2016-03-07T00:03:58.000000;b0d03ac3-131d-4212-89d0-93c1f4d7e16c;403.77;0.7;UNKNOWN
2016-03-07T00:04:50.000000;2016-03-07T00:04:50.000000;7406c2b0-8630-4000-818e-21213464d27c;403.78;0.01;UNKNOWN
2016-03-07T00:04:56.000000;2016-03-07T00:04:56.000000;e24f6125-2926-4f06-a182-5fca892b3f45;403.82;0.01;UNKNOWN
2016-03-07T00:09:47.000000;2016-03-07T00:09:47.000000;583165cb-0bc4-4eda-8c48-5c966b5783c3;403.87;0.091809;UNKNOWN
2016-03-07T00:10:06.000000;2016-03-07T00:10:06.000000;613e1a56-b0ad-4207-a355-3a07ddd3127a;403.92;0.62;UNKNOWN
2016-03-07T00:11:36.000000;2016-03-07T00:11:36.000000;41e7bac0-ccd8-4c23-93d2-31de3eab071b;403.92;0.047;UNKNOWN
2016-03-07T00:12:48.000000;2016-03-07T00:12:48.000000;90be5bcf-9a05-4f97-b85f-6be04265c2b7;403.76;0.2483;UNKNOWN
2016-03-07T00:13:32.000000;2016-03-07T00:13:32.000000;290132db-a997-40f9-895a-325b8e779de7;403.83;2.3;UNKNOWN
2016-03-07T00:14:15.000000;2016-03-07T00:14:15.000000;c4562888-2385-4262-972f-4457c15764ea;403.83;2.0;UNKNOWN
2016-03-07T00:14:36.000000;2016-03-07T00:14:36.000000;0b9eecd0-9401-4a37-b2af-4a2fc8d6702c;403.76;1.229;UNKNOWN
2016-03-07T00:16:04.000000;2016-03-07T00:16:04.000000;e371faac-b829-4f7b-a251-8ef54337573b;403.78;0.1;UNKNOWN
2016-03-07T00:16:44.000000;2016-03-07T00:16:44.000000;bc3e9a37-b360-4e08-a488-874e84c0b787;403.78;0.095;UNKNOWN
2016-03-07T00:18:00.000000;2016-03-07T00:18:00.000000;5ac621b8-d505-4419-86e1-7d1183058ed7;403.78;0.1;UNKNOWN
2016-03-07T00:18:15.000000;2016-03-07T00:18:15.000000;81bd1d9a-cb90-42ef-817e-4a009fb2a885;403.77;1.76;UNKNOWN
2016-03-07T00:18:23.000000;2016-03-07T00:18:23.000000;ef67b1c4-75e3-485a-bc7a-dc07accc4dc3;403.78;0.11669267;UNKNOWN
2016-03-07T00:18:40.000000;2016-03-07T00:18:40.000000;6b337b3b-722a-4729-be4a-fb9afe69db25;403.77;10.0;UNKNOWN
2016-03-07T00:18:53.000000;2016-03-07T00:18:53.000000;62d15247-3c0e-4b79-bb13-c7c4c42af9f3;403.5;9.9;UNKNOWN
2016-03-07T00:18:53.000000;2016-03-07T00:18:53.000000;05dd226f-997f-4837-9554-af588a7a9950;403.6;0.1;UNKNOWN
2016-03-07T00:18:56.000000;2016-03-07T00:18:56.000000;24bbe686-c8cf-4a4c-9cbe-a4f78e660d38;403.51;12.66;UNKNOWN
2016-03-07T00:19:05.000000;2016-03-07T00:19:05.000000;ebe8499b-f820-4d52-9a5b-62664f87ce18;403.37;9.0;UNKNOWN
2016-03-07T00:19:05.000000;2016-03-07T00:19:05.000000;3f174ef7-10a6-427a-88fa-fb8dc53f4fae;403.47;1.0;UNKNOWN
2016-03-07T00:19:08.000000;2016-03-07T00:19:08.000000;d981920e-8850-4477-9dad-6b9ec0d32946;403.38;0.04958273;UNKNOWN
2016-03-07T00:19:13.000000;2016-03-07T00:19:13.000000;66de8938-0de0-473a-87c0-9ef4117b464d;403.39;13.7123;UNKNOWN
2016-03-07T00:19:13.000000;2016-03-07T00:19:13.000000;12a00e89-9958-437a-b1df-051860c3d2e9;403.39;1.2877;UNKNOWN
2016-03-07T00:19:14.000000;2016-03-07T00:19:14.000000;91efbc60-5310-4543-a3e8-4487a2ebe797;403.38;1.25;UNKNOWN
2016-03-07T00:19:31.000000;2016-03-07T00:19:31.000000;efd0ba49-f6b5-4797-89cf-b632d724b07c;403.47;6.1831;UNKNOWN
2016-03-07T00:19:31.000000;2016-03-07T00:19:31.000000;b1321ca9-a067-434c-8ec8-f7a5b6d1c23e;403.47;0.076;UNKNOWN
2016-03-07T00:19:31.000000;2016-03-07T00:19:31.000000;40fdf9bf-daf8-45c8-8fa8-9b342c95419c;403.52;3.7409;UNKNOWN
2016-03-07T00:20:44.000000;2016-03-07T00:20:44.000000;b00910a6-91bc-4dba-b1ce-9f1a951e3902;403.29;0.5593;UNKNOWN
2016-03-07T00:20:44.000000;2016-03-07T00:20:44.000000;a8e78422-fc6c-4c49-85ac-924a07b0ae56;403.42;0.05;UNKNOWN
2016-03-07T00:20:44.000000;2016-03-07T00:20:44.000000;7c838733-b3d7-4dfc-b6dc-84fb64965030;403.01;0.2477;UNKNOWN
2016-03-07T00:20:44.000000;2016-03-07T00:20:44.000000;a2543987-8076-42da-bd6f-037c02442c54;403.3;3.0;UNKNOWN
2016-03-07T00:20:44.000000;2016-03-07T00:20:44.000000;fa3899c3-9cc6-4488-9782-34f1545d9c25;403.06;6.143;UNKNOWN
2016-03-07T00:20:52.000000;2016-03-07T00:20:52.000000;c6558ed1-f399-4e24-8481-be9bdc89e69e;403.01;4.58240119;UNKNOWN
2016-03-07T00:20:53.000000;2016-03-07T00:20:53.000000;60aa3738-d15d-4bc5-9fb4-256616bca2a8;403.35;1.5762;UNKNOWN
2016-03-07T00:20:54.000000;2016-03-07T00:20:54.000000;b8bf16e2-7dca-4f1b-8bba-5d3626494685;402.8;0.01;UNKNOWN
2016-03-07T00:20:54.000000;2016-03-07T00:20:54.000000;542261de-1f96-4ac3-b554-629de9d0251f;402.77;3.707;UNKNOWN
2016-03-07T00:20:54.000000;2016-03-07T00:20:54.000000;4ecc3851-ae5a-4a59-8cb1-e74b834f9d21;403.0;0.01;UNKNOWN
2016-03-07T00:20:54.000000;2016-03-07T00:20:54.000000;7f468a05-e56c-4373-b8d1-18dfeb1426f2;402.78;6.163;UNKNOWN
2016-03-07T00:20:54.000000;2016-03-07T00:20:54.000000;80677388-7911-4885-84b1-e50a0a8e554f;403.0;0.1;UNKNOWN
2016-03-07T00:20:54.000000;2016-03-07T00:20:54.000000;19329550-4538-4460-8170-4b68a58375f6;402.9;0.01;UNKNOWN
2016-03-07T00:21:03.000000;2016-03-07T00:21:03.000000;3fb5921c-d1b3-4fcc-b174-23cd5f6062f9;402.83;0.12;UNKNOWN
2016-03-07T00:21:08.000000;2016-03-07T00:21:08.000000;bfef241e-1cdc-43c9-9c75-4639b3cc6fc9;402.6;0.01;UNKNOWN
2016-03-07T00:21:08.000000;2016-03-07T00:21:08.000000;39654423-7224-4bfb-bc25-1142e77b5260;402.6;0.01331;UNKNOWN
2016-03-07T00:21:08.000000;2016-03-07T00:21:08.000000;693487cc-a0d8-48b5-8e78-b5da70487559;402.83;9.46669;UNKNOWN
2016-03-07T00:21:08.000000;2016-03-07T00:21:08.000000;feec9afd-08d3-4b58-9859-0cabc3e769c5;402.7;0.01;UNKNOWN
2016-03-07T00:21:08.000000;2016-03-07T00:21:08.000000;668e4a50-c4d2-4d44-930f-bec82919b34f;402.6;0.5;UNKNOWN
2016-03-07T00:21:15.000000;2016-03-07T00:21:15.000000;f8633d20-9520-457a-81fb-cf13ba6d1ac9;402.61;0.1;UNKNOWN
2016-03-07T00:21:19.000000;2016-03-07T00:21:19.000000;f404dce4-3e8d-45f6-bad9-23ed4a735ee4;402.95;0.5;UNKNOWN
2016-03-07T00:21:19.000000;2016-03-07T00:21:19.000000;19e403c2-767e-4b4c-9e43-fc9067798760;402.95;3.0;UNKNOWN
2016-03-07T00:21:19.000000;2016-03-07T00:21:19.000000;e3178a32-9f3c-4764-aad2-c3850d461bad;402.97;0.92373;UNKNOWN
2016-03-07T00:21:19.000000;2016-03-07T00:21:19.000000;b9c42f17-6a27-4fec-b626-54598ee6eb40;403.1;4.57627;UNKNOWN
2016-03-07T00:21:19.000000;2016-03-07T00:21:19.000000;76ba9e28-ca08-428a-86f8-fd39d6ae4acf;402.96;6.0;UNKNOWN
2016-03-07T00:21:22.000000;2016-03-07T00:21:22.000000;45e54803-41c5-4336-abe6-8d23d7716b6c;402.63;10.0;UNKNOWN
2016-03-07T00:21:35.000000;2016-03-07T00:21:35.000000;5fb35b25-5d57-46ca-bae3-57cc39c6a0da;402.69;1.0;UNKNOWN
2016-03-07T00:21:37.000000;2016-03-07T00:21:37.000000;6183635c-b5d3-44d1-8ec4-299a4324be93;403.14;1.0377;UNKNOWN
2016-03-07T00:21:37.000000;2016-03-07T00:21:37.000000;601890ef-72c2-4d1c-941e-4a217b9b7875;403.12;13.9623;UNKNOWN
2016-03-07T00:21:45.000000;2016-03-07T00:21:45.000000;852ad115-3985-4327-bed8-d3d7b1461f78;403.14;2.0;UNKNOWN
2016-03-07T00:22:33.000000;2016-03-07T00:22:33.000000;f5bbced2-8b73-4031-bdd3-4be26ba6ac6f;402.64;12.0;UNKNOWN
2016-03-07T00:22:33.000000;2016-03-07T00:22:33.000000;5ac809c1-8e91-4708-8456-069c26eb63cf;402.74;12.358;UNKNOWN
2016-03-07T00:22:33.000000;2016-03-07T00:22:33.000000;c03d3f94-99b4-44af-92f4-6109c122db7c;402.6;0.08669;UNKNOWN
2016-03-07T00:22:33.000000;2016-03-07T00:22:33.000000;13aa8d78-82cc-4d91-bf5a-4e24b87b8c64;403.01;6.1969;UNKNOWN
2016-03-07T00:22:33.000000;2016-03-07T00:22:33.000000;57b96c3c-4c2b-4395-b150-e16a2d6bd0e4;403.0;0.9019;UNKNOWN
2016-03-07T00:22:33.000000;2016-03-07T00:22:33.000000;2a8624c1-0276-4d98-81dc-e7e96718c098;402.5;0.01;UNKNOWN
2016-03-07T00:22:33.000000;2016-03-07T00:22:33.000000;5cd4559c-a4e8-423f-a7b5-3bc5a685351d;402.58;13.8606;UNKNOWN
2016-03-07T00:22:34.000000;2016-03-07T00:22:34.000000;6ce7e53d-c826-487f-bb5d-5bc7cc554cfb;402.5;0.01;UNKNOWN
2016-03-07T00:22:36.000000;2016-03-07T00:22:36.000000;a70e76d6-4f6e-4971-bba1-a043c77104f3;402.49;0.5;UNKNOWN
2016-03-07T00:22:36.000000;2016-03-07T00:22:36.000000;190a60a9-0584-4338-ad34-db5d76a7360e;402.5;11.5;UNKNOWN
2016-03-07T00:22:36.000000;2016-03-07T00:22:36.000000;fb195494-cc4d-4241-9772-59050addd07f;402.49;3.0;UNKNOWN
2016-03-07T00:22:37.000000;2016-03-07T00:22:37.000000;5aacfdd5-3a4c-4959-9e77-1d367def82e1;402.5;1.0;UNKNOWN
2016-03-07T00:22:39.000000;2016-03-07T00:22:39.000000;2c1dd646-be0d-44bf-b9aa-e88948b038a5;402.5;1.34091542;UNKNOWN
2016-03-07T00:22:39.000000;2016-03-07T00:22:39.000000;dd43146f-d8f4-48ee-aa7d-d9ca6a394c39;402.48;0.5;UNKNOWN
2016-03-07T00:22:39.000000;2016-03-07T00:22:39.000000;0fb8e6bb-0858-4ce8-a185-339bc35c3b17;402.49;3.0;UNKNOWN
2016-03-07T00:22:44.000000;2016-03-07T00:22:44.000000;5aa4cc38-500f-4f97-a439-25491c700495;402.5;12.0;UNKNOWN
2016-03-07T00:22:44.000000;2016-03-07T00:22:44.000000;d6bf6a45-dc24-4d34-8c22-19a69c14a2e3;402.49;3.0;UNKNOWN
2016-03-07T00:22:51.000000;2016-03-07T00:22:51.000000;61d12be8-0c1c-4fcb-b7c2-05c10861437e;402.5;15.0;UNKNOWN
2016-03-07T00:23:00.000000;2016-03-07T00:23:00.000000;1acb25cd-f8c9-4cb5-b4a1-d41d5c3ecba2;402.5;10.0;UNKNOWN
2016-03-07T00:23:08.000000;2016-03-07T00:23:08.000000;d5db3684-5030-48e8-8138-f38deb09e45e;402.48;1.96;UNKNOWN
2016-03-07T00:23:14.000000;2016-03-07T00:23:14.000000;cdc1ce12-3042-418a-a44f-2d8fa6fda0eb;402.5;3.73499458;UNKNOWN
2016-03-07T00:23:14.000000;2016-03-07T00:23:14.000000;0ac1e0c1-b62a-4bee-8a0e-5c18f88f1d1e;402.97;1.26500542;UNKNOWN
2016-03-07T00:23:54.000000;2016-03-07T00:23:54.000000;d83a7844-a804-4919-8353-f89c242b7a45;403.03;0.747;UNKNOWN
2016-03-07T00:24:01.000000;2016-03-07T00:24:01.000000;9ac1143a-7c68-40d8-9951-fa7c4f9a54ba;402.66;3.0;UNKNOWN
2016-03-07T00:24:01.000000;2016-03-07T00:24:01.000000;a5116609-89ea-4aa6-9ba8-c0328d8eebec;402.67;0.01;UNKNOWN
2016-03-07T00:24:01.000000;2016-03-07T00:24:01.000000;288f1b48-f0cb-4484-af62-d978703aecec;402.67;0.5;UNKNOWN
2016-03-07T00:24:01.000000;2016-03-07T00:24:01.000000;221eb537-089a-4311-9495-4575c8c7b487;402.65;0.85080846;UNKNOWN
2016-03-07T00:24:17.000000;2016-03-07T00:24:17.000000;43899576-5cdf-45ad-88cf-6e8b9e7ddbc7;402.4;0.01;UNKNOWN
2016-03-07T00:24:17.000000;2016-03-07T00:24:17.000000;fd7819f6-bc20-49b4-87df-428cbcaa99ff;402.34;0.017;UNKNOWN
2016-03-07T00:24:17.000000;2016-03-07T00:24:17.000000;1f4d5e87-e238-4a82-adb7-7062d9e1542d;402.59;0.01;UNKNOWN
2016-03-07T00:24:56.000000;2016-03-07T00:24:56.000000;0bdfa958-8870-483d-8065-fcc38aa20369;402.73;2.91;UNKNOWN
2016-03-07T00:25:43.000000;2016-03-07T00:25:43.000000;ce7653d2-d71d-495e-a191-0ecadc7cd16a;402.97;0.1279;UNKNOWN
2016-03-07T00:25:54.000000;2016-03-07T00:25:54.000000;835ad88c-9519-488f-af37-f5a474778638;402.61;0.1;UNKNOWN
2016-03-07T00:26:20.000000;2016-03-07T00:26:20.000000;0dc775ea-4da3-487f-ac2b-6f4f61fabafb;402.3;5.47;UNKNOWN
2016-03-07T00:26:20.000000;2016-03-07T00:26:20.000000;dfd117a0-e723-45d5-aa75-206bcbeb6ced;402.45;6.0;UNKNOWN
2016-03-07T00:26:20.000000;2016-03-07T00:26:20.000000;326c0036-f491-4bb7-8941-7fa258ace77b;402.3;0.01;UNKNOWN
2016-03-07T00:26:20.000000;2016-03-07T00:26:20.000000;579af08a-3478-4edf-a61c-a7506d2dec38;402.46;3.0;UNKNOWN
2016-03-07T00:26:20.000000;2016-03-07T00:26:20.000000;4935d7f4-dd95-477b-a1ab-96b62296c7e4;402.41;12.3357;UNKNOWN
2016-03-07T00:26:20.000000;2016-03-07T00:26:20.000000;588f2dba-9a56-4e0c-a155-f472e71985dd;402.3;10.8941;UNKNOWN
2016-03-07T00:26:20.000000;2016-03-07T00:26:20.000000;fc0c7bce-629e-4f6e-bffe-619ba9d444df;402.61;0.9;UNKNOWN
2016-03-07T00:26:25.000000;2016-03-07T00:26:25.000000;6ad9ef52-9603-4ce9-aae7-2492b3bbc5c7;402.3;10.0;UNKNOWN
2016-03-07T00:26:26.000000;2016-03-07T00:26:26.000000;7de8424c-2470-4d4c-886a-1f8ba712c7f1;401.98;15.7259;UNKNOWN
2016-03-07T00:26:26.000000;2016-03-07T00:26:26.000000;db65f2c5-f319-408a-b672-f3995b6d722e;402.1;0.01;UNKNOWN
2016-03-07T00:26:26.000000;2016-03-07T00:26:26.000000;53f6ca81-347a-4e2b-8ae4-3b459f9999bb;401.88;0.6841;UNKNOWN
2016-03-07T00:26:26.000000;2016-03-07T00:26:26.000000;85658bb3-1a03-4e60-bd7e-3061f7fc7cd2;401.88;0.1304386;UNKNOWN
2016-03-07T00:26:26.000000;2016-03-07T00:26:26.000000;5ee3d068-5dcf-42ee-8561-9c4b7cd62772;402.16;0.85;UNKNOWN
2016-03-07T00:26:26.000000;2016-03-07T00:26:26.000000;deb4f1bd-25fe-4918-8395-17f0b7749d55;402.2;10.0;UNKNOWN
2016-03-07T00:26:26.000000;2016-03-07T00:26:26.000000;8c4f001a-d3d6-4675-b32d-fe14d2b5a8e1;402.2;0.01;UNKNOWN
2016-03-07T00:26:34.000000;2016-03-07T00:26:34.000000;94994b19-fe4c-49b8-8a3a-f2a87dcc71c4;402.29;2.5;UNKNOWN
2016-03-07T00:26:41.000000;2016-03-07T00:26:41.000000;b44f9cb6-c9a9-471d-a499-291d942db8ab;401.89;3.06423;UNKNOWN
2016-03-07T00:26:41.000000;2016-03-07T00:26:41.000000;1facf797-2742-4af8-8a36-bfd292ff9872;401.89;0.7;UNKNOWN
2016-03-07T00:26:41.000000;2016-03-07T00:26:41.000000;aea97229-e9f5-485a-a477-59317d28a514;401.89;6.91;UNKNOWN
2016-03-07T00:26:42.000000;2016-03-07T00:26:42.000000;780b6129-b958-4197-bcd3-14873298c312;402.0;1.0;UNKNOWN
2016-03-07T00:26:44.000000;2016-03-07T00:26:44.000000;57b815e4-82a6-4e49-9a19-219c185f551c;402.0;10.0;UNKNOWN
2016-03-07T00:26:52.000000;2016-03-07T00:26:52.000000;17e38694-7004-4b79-9207-04b6e2585b7a;402.29;6.2029;UNKNOWN
2016-03-07T00:26:52.000000;2016-03-07T00:26:52.000000;b116896e-3c71-4c5a-94ba-2a63e02520c8;402.3;0.199;UNKNOWN
2016-03-07T00:26:52.000000;2016-03-07T00:26:52.000000;7533e29c-2483-46dc-84a0-eb6415b66510;402.54;2.7079;UNKNOWN
2016-03-07T00:26:52.000000;2016-03-07T00:26:52.000000;b6ece431-de01-4322-99de-f5dcc1ddfdac;402.3;1.8902;UNKNOWN
2016-03-07T00:26:52.000000;2016-03-07T00:26:52.000000;e538fd5a-a533-45b1-952b-b1f732958715;402.0;4.0;UNKNOWN
2016-03-07T00:26:54.000000;2016-03-07T00:26:54.000000;4d1a9e04-b946-4da3-be72-4674f2a50a9e;401.88;4.0335349;UNKNOWN
2016-03-07T00:26:54.000000;2016-03-07T00:26:54.000000;2120e960-5ee7-45ff-acd8-35310e53d428;401.88;10.28120934;UNKNOWN
2016-03-07T00:26:54.000000;2016-03-07T00:26:54.000000;15161738-0c4b-46d9-8e54-d1460e01725a;401.91;13.943;UNKNOWN
2016-03-07T00:28:03.000000;2016-03-07T00:28:03.000000;d3f23bbf-e0ab-4cbe-97ad-c03821175267;402.42;0.025;UNKNOWN
2016-03-07T00:28:05.000000;2016-03-07T00:28:05.000000;43a4f220-1bee-4d61-b6f7-8b8a917b8538;402.42;1.0;UNKNOWN
2016-03-07T00:29:29.000000;2016-03-07T00:29:29.000000;265ce315-1eb8-49af-9e2a-6016693ab548;402.09;0.1469021;UNKNOWN
2016-03-07T00:29:54.000000;2016-03-07T00:29:54.000000;7e67584a-87a2-48fe-93f2-d6cefd10098c;402.09;1.1;UNKNOWN
2016-03-07T00:30:29.000000;2016-03-07T00:30:29.000000;ebb99502-5d22-46f8-a5a7-0835587ff87e;402.13;2.5;UNKNOWN
2016-03-07T00:30:39.000000;2016-03-07T00:30:39.000000;d3934531-59ba-42aa-896f-fb3d1e08b4a4;402.12;5.0;UNKNOWN
2016-03-07T00:30:57.000000;2016-03-07T00:30:57.000000;f5e10c24-c64d-4e0c-9356-6b03497b6b30;402.0;1.0;UNKNOWN
2016-03-07T00:30:57.000000;2016-03-07T00:30:57.000000;8beafb62-bf9b-4363-8929-bca28b4d01a3;401.99;1.5;UNKNOWN
2016-03-07T00:30:57.000000;2016-03-07T00:30:57.000000;d1f19de2-3eb5-4abf-bb29-edea9e53566a;402.03;0.5;UNKNOWN
2016-03-07T00:31:12.000000;2016-03-07T00:31:12.000000;dc5dc47c-6e2b-4489-afc0-25327c98c905;402.0;1.0;UNKNOWN
2016-03-07T00:31:21.000000;2016-03-07T00:31:21.000000;7a2af873-6c50-45d9-a46e-ada49f2ed17c;401.85;0.11;UNKNOWN
2016-03-07T00:31:21.000000;2016-03-07T00:31:21.000000;b20144ac-0863-482e-92b4-a71ce0973f2d;401.6;0.027035;UNKNOWN
2016-03-07T00:31:21.000000;2016-03-07T00:31:21.000000;9cd0869c-e229-4d40-a059-0d4051b6d39c;401.62;0.015965;UNKNOWN
2016-03-07T00:31:28.000000;2016-03-07T00:31:28.000000;b9c081a1-3a0d-4aba-a450-47ce29750e75;402.04;0.2;UNKNOWN
2016-03-07T00:31:28.000000;2016-03-07T00:31:28.000000;8560bf52-f23f-445c-b4ad-74d688c42ac0;402.05;6.2048;UNKNOWN
2016-03-07T00:31:28.000000;2016-03-07T00:31:28.000000;ea2aa393-ea78-41ee-9118-4143e1a1841b;402.05;36.7219;UNKNOWN
2016-03-07T00:31:28.000000;2016-03-07T00:31:28.000000;c9d1e677-6024-4392-a408-31ac50241e3f;402.03;0.01619;UNKNOWN
2016-03-07T00:31:28.000000;2016-03-07T00:31:28.000000;29eccbc4-76ec-4b43-925e-bfa7ef72b30f;402.07;4.65552658;UNKNOWN
2016-03-07T00:31:40.000000;2016-03-07T00:31:40.000000;4d4f01ca-6ea2-405c-8d4e-3cd75d4ff8ce;401.51;0.127035;UNKNOWN
2016-03-07T00:31:40.000000;2016-03-07T00:31:40.000000;27dfd281-1c7d-4d6c-8757-830645fe26ea;401.6;0.072965;UNKNOWN
2016-03-07T00:31:45.000000;2016-03-07T00:31:45.000000;98c088af-78c8-4ccc-b735-ccb39c2617bf;402.36;1.82;UNKNOWN
2016-03-07T00:32:02.000000;2016-03-07T00:32:02.000000;61800644-a3d5-4de6-9242-27cb6949bf3b;401.85;0.01623;UNKNOWN
2016-03-07T00:32:09.000000;2016-03-07T00:32:09.000000;bb78c87e-cf61-4b3b-b000-935d8f94ce68;401.86;0.2;UNKNOWN
2016-03-07T00:32:11.000000;2016-03-07T00:32:11.000000;bd74104b-a175-40a8-8d26-07dd5a2cc185;402.33;1.0;UNKNOWN
2016-03-07T00:32:31.000000;2016-03-07T00:32:31.000000;8d56e541-b5f0-4f50-a4f5-ecaca8622bf2;401.91;0.2;UNKNOWN
2016-03-07T00:32:31.000000;2016-03-07T00:32:31.000000;326a880d-0ba0-49eb-be5b-ea1f860cfe5b;402.21;0.8;UNKNOWN
2016-03-07T00:32:31.000000;2016-03-07T00:32:31.000000;7f9e2188-f1bf-4b46-a05d-17e2b1dbecc7;401.91;0.3;UNKNOWN
2016-03-07T00:32:31.000000;2016-03-07T00:32:31.000000;419283ab-8117-483a-b7de-e66c4d51d46f;401.91;0.2;UNKNOWN
2016-03-07T00:32:39.000000;2016-03-07T00:32:39.000000;f9678420-b123-4785-8457-5f40fda3aa0d;402.39;8.7933;UNKNOWN
2016-03-07T00:32:39.000000;2016-03-07T00:32:39.000000;ffa50f5d-3e80-4385-be16-6450bab9c0a3;402.19;6.2067;UNKNOWN
2016-03-07T00:32:51.000000;2016-03-07T00:32:51.000000;73517baf-9b52-4e7d-bddd-de904ee5a801;401.94;0.2;UNKNOWN
2016-03-07T00:33:03.000000;2016-03-07T00:33:03.000000;ea1bc459-e7b9-4631-a8b3-b60462eb460a;402.14;0.01623;UNKNOWN
2016-03-07T00:33:07.000000;2016-03-07T00:33:07.000000;0763485b-fb5a-4f11-b0cb-7725d14f6ce7;402.14;0.2;UNKNOWN
2016-03-07T00:33:29.000000;2016-03-07T00:33:29.000000;c872b119-82ba-45a3-850d-a62d88de5450;402.14;0.01;UNKNOWN
2016-03-07T00:33:41.000000;2016-03-07T00:33:41.000000;489838cf-1fc3-4b71-847a-d8660fbe8800;402.14;0.01;UNKNOWN
2016-03-07T00:34:03.000000;2016-03-07T00:34:03.000000;a07f4b83-075f-4a34-b467-b2748759f869;402.01;0.01617;UNKNOWN
2016-03-07T00:34:08.000000;2016-03-07T00:34:08.000000;e807ef28-0b4c-4ba4-b5a5-fbbc047a89b0;402.01;0.0486843;UNKNOWN
2016-03-07T00:34:28.000000;2016-03-07T00:34:28.000000;23a01af6-02b1-4bb2-b60f-5168701b4535;402.49;2.25974174;UNKNOWN
2016-03-07T00:34:28.000000;2016-03-07T00:34:28.000000;ff517ca1-73c9-47f4-9480-c52eed91c180;402.02;0.2;UNKNOWN
2016-03-07T00:34:33.000000;2016-03-07T00:34:33.000000;83fd4c24-819b-41b9-b697-ee98ed07b588;402.02;0.01;UNKNOWN
2016-03-07T00:34:46.000000;2016-03-07T00:34:46.000000;796fc764-276e-4702-81c0-dde9084c41d0;402.69;3.78580346;UNKNOWN
2016-03-07T00:34:46.000000;2016-03-07T00:34:46.000000;6d86e1e8-3ca7-4117-85ba-472f667e7992;402.52;14.5561;UNKNOWN
2016-03-07T00:34:46.000000;2016-03-07T00:34:46.000000;6ae3fae0-b8df-4a2b-bf12-1f380cf83ac5;402.02;0.29;UNKNOWN
2016-03-07T00:34:46.000000;2016-03-07T00:34:46.000000;58093162-8f8c-4302-b93d-91b9343edabb;402.51;6.2001;UNKNOWN
2016-03-07T00:34:46.000000;2016-03-07T00:34:46.000000;9380c22e-1aee-406f-9af7-785ea86c93ce;402.51;24.883;UNKNOWN
2016-03-07T00:35:03.000000;2016-03-07T00:35:03.000000;dd5d4688-7851-4670-902a-798428b56e45;402.22;0.01616;UNKNOWN
2016-03-07T00:35:04.000000;2016-03-07T00:35:04.000000;43649303-701b-4317-b98e-66d13d0fd386;402.94;4.99;UNKNOWN
2016-03-07T00:35:04.000000;2016-03-07T00:35:04.000000;21a86f47-2c93-484b-95ab-82490c3c9e50;402.77;0.01;UNKNOWN
2016-03-07T00:35:17.000000;2016-03-07T00:35:17.000000;62dea29b-2e3f-4b00-8cdd-58c3ad24861e;402.26;0.2;UNKNOWN
2016-03-07T00:35:22.000000;2016-03-07T00:35:22.000000;e29e4b94-61c0-4776-9c41-4e70d653e630;402.26;0.3;UNKNOWN
2016-03-07T00:35:50.000000;2016-03-07T00:35:50.000000;e50bec09-fadc-4bee-8242-fe58e6949f19;402.26;0.01;UNKNOWN
2016-03-07T00:35:51.000000;2016-03-07T00:35:51.000000;5d98c8d5-c33b-412c-ac28-cbd9d63a2f0f;402.26;5.35;UNKNOWN
2016-03-07T00:35:58.000000;2016-03-07T00:35:58.000000;951d7767-1197-4de4-8067-a0847d2a8a29;402.61;4.0;UNKNOWN
2016-03-07T00:36:19.000000;2016-03-07T00:36:19.000000;ef3cb93f-7ade-449a-a872-02ed2d5a572b;402.14;0.2499;UNKNOWN
2016-03-07T00:37:06.000000;2016-03-07T00:37:06.000000;136370d5-dc75-404f-abbe-444a83229395;402.68;0.01721993;UNKNOWN
2016-03-07T00:37:11.000000;2016-03-07T00:37:11.000000;ff02ea8c-bd1e-44ba-b08c-2e39863ba286;402.68;0.01721993;UNKNOWN
2016-03-07T00:38:02.000000;2016-03-07T00:38:02.000000;ad15e7a1-45fb-4233-982b-7b64c606061a;402.93;0.01211297;UNKNOWN
2016-03-07T00:39:33.000000;2016-03-07T00:39:33.000000;3982422a-c7e2-4333-8956-4fb2913c8685;402.88;0.02371586;UNKNOWN
2016-03-07T00:40:03.000000;2016-03-07T00:40:03.000000;c807b9f9-1c64-4e6c-9b0c-645f41a9cfb2;402.87;0.01615;UNKNOWN
2016-03-07T00:40:07.000000;2016-03-07T00:40:07.000000;d9bb3e93-8593-4ec2-9121-98ab540737a3;402.87;0.06187489;UNKNOWN
2016-03-07T00:40:07.000000;2016-03-07T00:40:07.000000;eb39ffdb-0d3d-40c6-8178-cd11b522797b;402.85;1.35812511;UNKNOWN
2016-03-07T00:40:17.000000;2016-03-07T00:40:17.000000;43f045ad-149f-4a72-81c7-404b9f088005;402.85;0.64187489;UNKNOWN
2016-03-07T00:40:17.000000;2016-03-07T00:40:17.000000;80f75be4-0d6f-4d05-88cb-9fa70938cb5e;402.68;0.01212049;UNKNOWN
2016-03-07T00:40:17.000000;2016-03-07T00:40:17.000000;6088e82a-7a38-4f18-8f00-e484d69bc8f5;402.59;0.69600462;UNKNOWN
2016-03-07T00:41:02.000000;2016-03-07T00:41:02.000000;f4a20275-f3a8-443d-9bb1-ef7490252055;402.59;0.01615;UNKNOWN
2016-03-07T00:41:11.000000;2016-03-07T00:41:11.000000;f76c1108-efd8-4174-ab4b-beb307464d56;402.8;0.8454;UNKNOWN
2016-03-07T00:42:02.000000;2016-03-07T00:42:02.000000;cc7d68e6-4ece-4e23-a0e1-bf3e6fda3efd;402.61;0.01615;UNKNOWN
2016-03-07T00:43:06.000000;2016-03-07T00:43:06.000000;4a69d32c-3d23-47f0-86bc-46b477a70308;402.8;1.23110258;UNKNOWN
2016-03-07T00:44:02.000000;2016-03-07T00:44:02.000000;eb0dbd9f-340b-43e5-a9ae-7cff0fc6e9fb;402.7;0.01613;UNKNOWN
2016-03-07T00:45:03.000000;2016-03-07T00:45:03.000000;76efa182-2950-4265-b56c-b5060fad9cb5;402.7;0.039;UNKNOWN
2016-03-07T00:45:14.000000;2016-03-07T00:45:14.000000;b4475b30-9a5f-4af6-86d2-fe98324ec4d1;402.93;0.00401703;UNKNOWN
2016-03-07T00:45:14.000000;2016-03-07T00:45:14.000000;c8804539-7755-45e1-86b3-7b881d604431;402.94;0.2;UNKNOWN
2016-03-07T00:45:14.000000;2016-03-07T00:45:14.000000;d6743110-a2cd-4857-9eac-903cfa2ae1bd;403.0;0.45759881;UNKNOWN
2016-03-07T00:45:14.000000;2016-03-07T00:45:14.000000;b9e33019-42dd-4ad2-97ab-03c7b1e363fb;402.73;6.1563;UNKNOWN
2016-03-07T00:45:14.000000;2016-03-07T00:45:14.000000;7319b162-fae8-494c-8781-a8a0d58ea740;402.94;0.2;UNKNOWN
2016-03-07T00:45:14.000000;2016-03-07T00:45:14.000000;f1a9da14-22cd-4e78-bc31-1f5463ed0eea;402.94;0.3;UNKNOWN
2016-03-07T00:45:14.000000;2016-03-07T00:45:14.000000;47feb853-508e-4934-8a21-d1fade7fe733;403.06;0.50580016;UNKNOWN
2016-03-07T00:45:14.000000;2016-03-07T00:45:14.000000;4abdbc87-069b-46b1-9002-9bcbc0eb4723;402.94;0.176284;UNKNOWN
2016-03-07T00:45:14.000000;2016-03-07T00:45:14.000000;8053b9d7-370a-445a-99dc-000588cb6eb4;402.8;2.0;UNKNOWN
2016-03-07T00:45:23.000000;2016-03-07T00:45:23.000000;9ac25c7e-4cfd-4960-a16e-e700cd859049;402.69;14.9395;UNKNOWN
2016-03-07T00:45:23.000000;2016-03-07T00:45:23.000000;f939e944-d86e-427e-86d9-41ddc009af63;402.57;1.4;UNKNOWN
2016-03-07T00:45:23.000000;2016-03-07T00:45:23.000000;f9934755-9dff-4f82-ac3b-986f2f80d7f4;402.56;11.5371;UNKNOWN
2016-03-07T00:45:23.000000;2016-03-07T00:45:23.000000;e3c3d353-12dd-4c5c-b0a8-3cdfdf68fcee;402.6;13.7102;UNKNOWN
2016-03-07T00:45:23.000000;2016-03-07T00:45:23.000000;82c58c01-9972-4279-bd85-9f0ed3e07b1a;402.72;6.2032;UNKNOWN
2016-03-07T00:45:23.000000;2016-03-07T00:45:23.000000;51f8a7c5-9440-4139-9f47-3c55494f23e3;402.7;2.21;UNKNOWN
2016-03-07T00:45:46.000000;2016-03-07T00:45:46.000000;2dc15a63-0268-4342-a1c6-4dc81e7e7d7b;402.13;0.55443801;UNKNOWN
2016-03-07T00:46:20.000000;2016-03-07T00:46:20.000000;f64c24ed-f22b-4cfe-95c3-32f0bb73f0e9;402.75;0.0172055;UNKNOWN
2016-03-07T00:46:25.000000;2016-03-07T00:46:25.000000;226654b4-871b-4ad7-b77b-2bfc794a5df1;402.75;0.0172055;UNKNOWN
2016-03-07T00:46:28.000000;2016-03-07T00:46:28.000000;81713a77-1ac2-47f8-b604-9ee292acc0c9;402.74;0.01718317;UNKNOWN
2016-03-07T00:47:12.000000;2016-03-07T00:47:12.000000;327b8204-4a7b-40f9-a565-d10d8a2f8ef8;402.7;1.0;UNKNOWN
2016-03-07T00:47:41.000000;2016-03-07T00:47:41.000000;8d95c550-357d-4e63-b85d-dbf55108d5c6;402.7;1.0;UNKNOWN
2016-03-07T00:48:12.000000;2016-03-07T00:48:12.000000;06df8346-37a8-4162-886b-9dc91a1c1580;402.74;1.0;UNKNOWN
2016-03-07T00:49:27.000000;2016-03-07T00:49:27.000000;4a829f27-c3e2-4820-9ee1-a2f7dcd91b91;403.06;0.01299;UNKNOWN
2016-03-07T00:49:48.000000;2016-03-07T00:49:48.000000;7ba6f569-581f-46b9-9b3b-6072ba610a8c;403.06;4.9204;UNKNOWN
2016-03-07T00:50:06.000000;2016-03-07T00:50:06.000000;c767fd81-aaaf-4009-8ce6-b67ccbbdf3cf;403.31;6.09;UNKNOWN
2016-03-07T00:50:06.000000;2016-03-07T00:50:06.000000;abc13d10-1eb6-41c6-b616-75708afb2a2f;403.31;1.91;UNKNOWN
2016-03-07T00:50:18.000000;2016-03-07T00:50:18.000000;79631d5e-01f2-4c1f-8da4-0065508e96c5;403.01;0.04694323;UNKNOWN
2016-03-07T00:50:18.000000;2016-03-07T00:50:18.000000;948de509-f5d3-4c44-8670-5afd2b3bd28c;403.3;0.05;UNKNOWN
2016-03-07T00:51:00.000000;2016-03-07T00:51:00.000000;053fe643-3bda-4332-a862-93b9bacb37a4;403.41;4.0;UNKNOWN
2016-03-07T00:51:02.000000;2016-03-07T00:51:02.000000;f5bdc31c-39a7-4ed4-9a1a-f649cd81ab6f;403.4;0.0161;UNKNOWN
2016-03-07T00:51:47.000000;2016-03-07T00:51:47.000000;418f6346-bbab-483f-9dd2-18338fb884bb;403.41;2.0;UNKNOWN
2016-03-07T00:51:49.000000;2016-03-07T00:51:49.000000;b76da2d0-0886-41b6-95d0-aa817952e5b1;403.41;2.0;UNKNOWN
2016-03-07T00:51:50.000000;2016-03-07T00:51:50.000000;a486c6bd-8d59-4ff9-ac69-a96db0a9fd5a;403.41;2.0;UNKNOWN
2016-03-07T00:51:51.000000;2016-03-07T00:51:51.000000;a1106720-b4be-4900-ace8-b6967730c1a4;403.41;0.3;UNKNOWN
2016-03-07T00:51:51.000000;2016-03-07T00:51:51.000000;bcc90def-7f14-4a27-b90c-0a3cc8ea6013;403.41;0.4;UNKNOWN
2016-03-07T00:51:51.000000;2016-03-07T00:51:51.000000;4048c579-d4c0-40cc-b618-b6d8e6c8f8d1;403.42;1.3;UNKNOWN
2016-03-07T00:51:51.000000;2016-03-07T00:51:51.000000;cf1d5872-dac1-4fd1-a3c5-39d71b96fcce;403.41;2.0;UNKNOWN
2016-03-07T00:52:03.000000;2016-03-07T00:52:03.000000;01442a0f-f18e-4911-baa5-8f2fe94a9b0a;403.4;0.0161;UNKNOWN
2016-03-07T00:54:38.000000;2016-03-07T00:54:38.000000;40b9ad8e-b8d5-4511-a402-568fd9e831e8;403.5;0.104622;UNKNOWN
2016-03-07T00:55:20.000000;2016-03-07T00:55:20.000000;ed215bb2-ec06-46f7-8de0-391c59f394fc;403.58;0.5;UNKNOWN
2016-03-07T00:55:20.000000;2016-03-07T00:55:20.000000;4ff7dae6-da2b-4c1d-83dd-8a8169760385;403.57;0.5;UNKNOWN
2016-03-07T00:55:22.000000;2016-03-07T00:55:22.000000;d3f1edf2-e178-4cb5-89ca-9e817dd7aaa1;403.58;1.5;UNKNOWN
2016-03-07T00:55:22.000000;2016-03-07T00:55:22.000000;1958178e-6c49-485b-aeb3-86448bdafa6a;403.67;1.91;UNKNOWN
2016-03-07T00:55:38.000000;2016-03-07T00:55:38.000000;da4974e8-f525-4c36-920d-b0dc29003fad;403.71;6.1286;UNKNOWN
2016-03-07T00:55:38.000000;2016-03-07T00:55:38.000000;bd51da12-a307-41b9-b473-e5b4365f973d;403.34;4.8956;UNKNOWN
2016-03-07T00:55:43.000000;2016-03-07T00:55:43.000000;fc81f465-2d59-4b82-9e6e-a2e153e2c3ff;403.3;10.953178;UNKNOWN
2016-03-07T00:55:43.000000;2016-03-07T00:55:43.000000;1c0960a3-c225-4bca-badd-3da28c33ea45;403.29;3.0;UNKNOWN
2016-03-07T00:55:43.000000;2016-03-07T00:55:43.000000;31e72b35-d515-4125-b084-6142501c31d6;403.29;0.546822;UNKNOWN
2016-03-07T00:55:43.000000;2016-03-07T00:55:43.000000;b3a81f72-3886-4204-9046-7535f6651c27;403.29;0.5;UNKNOWN
2016-03-07T00:55:43.000000;2016-03-07T00:55:43.000000;121c983b-1088-4f98-b942-e6bbd21a0671;403.29;5.453178;UNKNOWN
2016-03-07T00:57:00.000000;2016-03-07T00:57:00.000000;7e2983d2-fb80-4f3f-9303-391b7f24897b;403.3;5.0;UNKNOWN
2016-03-07T00:57:58.000000;2016-03-07T00:57:58.000000;0cfd91fc-4cb2-4433-9064-e93e7de04061;403.29;0.36558453;UNKNOWN
2016-03-07T01:00:03.000000;2016-03-07T01:00:03.000000;cac5cd8a-08aa-4054-b9ee-c17c095ef4d9;403.71;0.01230276;UNKNOWN
2016-03-07T01:00:20.000000;2016-03-07T01:00:20.000000;c81b21b4-cfe2-4061-9038-b34d64883c6a;403.71;0.01;UNKNOWN
2016-03-07T01:00:24.000000;2016-03-07T01:00:24.000000;0e4559ba-cdb0-4a98-92df-c2e6bcb9190b;403.82;4.21230276;UNKNOWN
2016-03-07T01:00:24.000000;2016-03-07T01:00:24.000000;12075b03-5888-4bdd-a5e7-81afd03dd076;403.71;0.27769724;UNKNOWN
2016-03-07T01:00:24.000000;2016-03-07T01:00:24.000000;b9079347-2674-423b-a9fa-3c89e98999b9;403.77;0.01;UNKNOWN
2016-03-07T01:00:24.000000;2016-03-07T01:00:24.000000;b5d6a3c6-1bfc-493f-b5e8-a295091efeb8;403.73;0.5;UNKNOWN
2016-03-07T01:00:24.000000;2016-03-07T01:00:24.000000;b770a3f5-21a3-41a5-963a-0aa284cd5573;403.74;3.0;UNKNOWN
2016-03-07T01:00:31.000000;2016-03-07T01:00:31.000000;dc787444-3128-4378-9ec2-52032aa30688;403.91;0.22;UNKNOWN
2016-03-07T01:00:35.000000;2016-03-07T01:00:35.000000;3585408a-ee03-4345-8701-05fed42ea4c9;403.92;0.04842035;UNKNOWN
2016-03-07T01:00:43.000000;2016-03-07T01:00:43.000000;55e15f21-dbff-4010-9f10-d2f0adc9d876;403.54;0.3;UNKNOWN
2016-03-07T01:00:49.000000;2016-03-07T01:00:49.000000;2a6894e4-3aa6-4e21-a814-3e7190734a70;403.91;0.5;UNKNOWN
2016-03-07T01:00:49.000000;2016-03-07T01:00:49.000000;88f8b113-3bd5-4f64-b207-0fa338d87f15;403.91;3.0;UNKNOWN
2016-03-07T01:00:49.000000;2016-03-07T01:00:49.000000;258f7add-c2f0-44f1-996d-5a0b95d5ad92;403.92;4.5;UNKNOWN
2016-03-07T01:01:02.000000;2016-03-07T01:01:02.000000;55e29728-539c-4f1a-9697-96e89c8e1f72;403.67;0.01609;UNKNOWN
2016-03-07T01:01:23.000000;2016-03-07T01:01:23.000000;b0224b67-e252-4834-a1da-3f86b83d29c4;403.65;1.27;UNKNOWN
2016-03-07T01:01:26.000000;2016-03-07T01:01:26.000000;2a5abb47-6ab3-4e57-b61a-cc47914d851e;403.67;0.277;UNKNOWN
2016-03-07T01:01:36.000000;2016-03-07T01:01:36.000000;050eb971-ec0d-4990-9179-0f32663e1923;403.72;0.2;UNKNOWN
2016-03-07T01:01:57.000000;2016-03-07T01:01:57.000000;5f9f7a99-4781-4ff5-a4a1-b66741ba9289;403.75;1.0;UNKNOWN
2016-03-07T01:02:00.000000;2016-03-07T01:02:00.000000;1e5ea294-7f0a-402f-b6f0-326003da1799;403.77;0.01719572;UNKNOWN
2016-03-07T01:02:43.000000;2016-03-07T01:02:43.000000;6695d016-d80f-4eb9-b44a-ec6dc1c6c597;403.32;0.01;UNKNOWN
2016-03-07T01:02:45.000000;2016-03-07T01:02:45.000000;5076055c-98e4-48b0-a62a-8d8660d0387a;403.52;2.2958668;UNKNOWN
2016-03-07T01:02:46.000000;2016-03-07T01:02:46.000000;3d050dcd-7d89-40be-b0ae-61c7bbf8b1c1;403.53;0.01;UNKNOWN
2016-03-07T01:03:46.000000;2016-03-07T01:03:46.000000;09469a2b-3598-4986-b961-3c90be882ae2;403.76;3.37355427;UNKNOWN
2016-03-07T01:03:49.000000;2016-03-07T01:03:49.000000;e0c2cf93-0883-4ef3-a0fc-35defc86bf16;403.77;0.18280428;UNKNOWN
2016-03-07T01:03:49.000000;2016-03-07T01:03:49.000000;b6dd6ae3-0345-41c8-8f1f-fc8b6a383211;403.77;0.01609;UNKNOWN
2016-03-07T01:04:06.000000;2016-03-07T01:04:06.000000;0fc5777b-f3ac-4706-8067-632da64c4cb6;403.79;0.49183553;UNKNOWN
2016-03-07T01:05:06.000000;2016-03-07T01:05:06.000000;ae043228-e2c3-46d2-96a5-74f089cf7785;403.78;0.52065465;UNKNOWN
2016-03-07T01:05:06.000000;2016-03-07T01:05:06.000000;9cd22427-a4e0-4dc2-b5c1-84b8bb7dd700;403.77;0.01614;UNKNOWN
2016-03-07T01:05:06.000000;2016-03-07T01:05:06.000000;41214bf6-0e47-4858-be6c-aadd91bc5db0;403.78;0.25;UNKNOWN
2016-03-07T01:05:08.000000;2016-03-07T01:05:08.000000;a002fd30-58b7-427c-abb9-389e1b962ea3;403.77;0.26;UNKNOWN
2016-03-07T01:06:02.000000;2016-03-07T01:06:02.000000;cde96447-d2ea-4871-913e-d5d930ead72c;403.77;0.01613;UNKNOWN
2016-03-07T01:06:08.000000;2016-03-07T01:06:08.000000;ef5e6d5d-8878-4481-a8f7-3a07cc95eec1;403.77;0.10883572;UNKNOWN
2016-03-07T01:06:19.000000;2016-03-07T01:06:19.000000;b18a3e21-af08-40bd-adca-8dd517a5ce67;403.23;0.11320259;UNKNOWN
2016-03-07T01:06:23.000000;2016-03-07T01:06:23.000000;3be0ec87-2b71-46b7-ac97-ad4c295702b2;403.23;0.02640518;UNKNOWN
2016-03-07T01:06:23.000000;2016-03-07T01:06:23.000000;957f5ae7-cac6-41b2-a00e-5636533a22b9;403.23;0.08679741;UNKNOWN
2016-03-07T01:06:27.000000;2016-03-07T01:06:27.000000;eb3242dd-b899-42f9-a569-bad713ef7a1d;403.23;0.11320259;UNKNOWN
2016-03-07T01:06:29.000000;2016-03-07T01:06:29.000000;c032b6f2-7c18-4503-9409-376fb844b170;403.23;0.01881065;UNKNOWN
2016-03-07T01:06:33.000000;2016-03-07T01:06:33.000000;894aa90c-defb-4fda-8c4a-d751b97246fe;403.23;0.1085938;UNKNOWN
2016-03-07T01:06:36.000000;2016-03-07T01:06:36.000000;ab833474-f814-488f-a5a6-a00c4c6874bd;403.23;0.1085938;UNKNOWN
2016-03-07T01:06:56.000000;2016-03-07T01:06:56.000000;8ff28b77-e99b-46b9-a6ca-c9e6a4db8041;403.23;1.2399;UNKNOWN
2016-03-07T01:08:44.000000;2016-03-07T01:08:44.000000;218f3105-f661-4aad-8ef0-e344b50cd591;402.87;0.072;UNKNOWN
2016-03-07T01:09:02.000000;2016-03-07T01:09:02.000000;1b4365ff-5664-4784-87b1-afb0073b0077;402.85;0.01622;UNKNOWN
2016-03-07T01:10:00.000000;2016-03-07T01:10:00.000000;a5b10d37-72f3-475f-a508-a31576443680;402.36;0.98280489;UNKNOWN
2016-03-07T01:10:00.000000;2016-03-07T01:10:00.000000;6a9d33e6-31f8-4f92-8d5d-2853c77bbba0;402.7;0.01719511;UNKNOWN
2016-03-07T01:10:07.000000;2016-03-07T01:10:07.000000;807bb0a6-f3c2-4295-a0af-cfef3be763c1;402.22;5.0;UNKNOWN
2016-03-07T01:10:17.000000;2016-03-07T01:10:17.000000;563fd4aa-e5d2-4ae6-80fe-9b06dc8b9127;402.22;5.0;UNKNOWN
2016-03-07T01:10:36.000000;2016-03-07T01:10:36.000000;d93c6f87-bdbe-455c-9852-99ab73238f16;402.72;0.5;UNKNOWN
2016-03-07T01:10:36.000000;2016-03-07T01:10:36.000000;8117809c-bf5a-48b0-94cc-879ea8324019;402.72;4.48378;UNKNOWN
2016-03-07T01:10:36.000000;2016-03-07T01:10:36.000000;915d7ce1-db6d-4724-8d90-6b15ef8cf35f;402.7;0.01622;UNKNOWN
2016-03-07T01:10:46.000000;2016-03-07T01:10:46.000000;4674c77e-5e4e-44e1-bd40-85ba6cfece73;402.34;0.025;UNKNOWN
2016-03-07T01:10:47.000000;2016-03-07T01:10:47.000000;bf66f38c-4020-43a6-bdab-29acac696a5a;402.34;0.025;UNKNOWN
2016-03-07T01:10:50.000000;2016-03-07T01:10:50.000000;7cbefb32-aa8e-4756-bb05-a12391841748;402.69;5.0;UNKNOWN
2016-03-07T01:11:01.000000;2016-03-07T01:11:01.000000;acb9152f-87b7-4224-8554-e4b6dd03b1c7;402.93;5.0;UNKNOWN
2016-03-07T01:11:03.000000;2016-03-07T01:11:03.000000;23135f62-5256-47f9-890a-222fa160c343;402.37;0.01623;UNKNOWN
2016-03-07T01:11:13.000000;2016-03-07T01:11:13.000000;d77187dd-f439-47bc-bbfd-b605590fb83c;402.97;5.0;UNKNOWN
2016-03-07T01:11:28.000000;2016-03-07T01:11:28.000000;9381c274-f8c0-4507-94a7-6242485f9d84;402.98;5.0;UNKNOWN
2016-03-07T01:11:30.000000;2016-03-07T01:11:30.000000;d6f80e20-96ec-4fbf-84df-3b1a1f829b58;402.43;0.22208247;UNKNOWN
2016-03-07T01:11:48.000000;2016-03-07T01:11:48.000000;94fbdea6-210b-4117-8ff9-133321c8465d;402.95;5.0;UNKNOWN
2016-03-07T01:12:03.000000;2016-03-07T01:12:03.000000;5dc11c71-d176-44bf-8d2e-aa9f702d2cae;402.59;0.01617;UNKNOWN
2016-03-07T01:12:26.000000;2016-03-07T01:12:26.000000;982d3c19-1521-444e-84c0-7523d2007e85;402.69;1.29;UNKNOWN
2016-03-07T01:12:34.000000;2016-03-07T01:12:34.000000;efa41b89-d23d-45e5-aee3-63e9acdacdd5;402.97;1.0;UNKNOWN
2016-03-07T01:13:03.000000;2016-03-07T01:13:03.000000;ca651931-37dd-47d7-b195-5ee4fdce5f28;402.81;0.01616;UNKNOWN
2016-03-07T01:13:37.000000;2016-03-07T01:13:37.000000;dcb896b7-1fd2-437b-800e-0c956a281a8f;402.93;0.2;UNKNOWN
2016-03-07T01:14:03.000000;2016-03-07T01:14:03.000000;1006fd71-cb85-4b3b-baf8-8db088f2b1c2;402.98;0.01616;UNKNOWN
2016-03-07T01:15:03.000000;2016-03-07T01:15:03.000000;1f36a54e-97f7-4b0c-8acb-8ee2ad17f083;402.98;0.01616;UNKNOWN
2016-03-07T01:15:26.000000;2016-03-07T01:15:26.000000;84b4cd10-45ca-4da5-aec5-bd78cf80e1c4;403.0;0.25;UNKNOWN
2016-03-07T01:16:02.000000;2016-03-07T01:16:02.000000;bfbda35b-866e-4fdf-b195-4563cb431f83;402.98;0.01615;UNKNOWN
2016-03-07T01:16:04.000000;2016-03-07T01:16:04.000000;f88d2ac9-b8c2-4727-9c1c-f1165aa650f0;403.0;0.1;UNKNOWN
2016-03-07T01:17:02.000000;2016-03-07T01:17:02.000000;424ba380-6b11-492f-a830-fec6273e3d26;402.98;0.01614;UNKNOWN
2016-03-07T01:17:28.000000;2016-03-07T01:17:28.000000;b235b69a-e2d6-4d35-a399-88129589ff3a;403.0;0.02;UNKNOWN
2016-03-07T01:17:37.000000;2016-03-07T01:17:37.000000;96fbdfc4-7129-4e90-8d61-8694641acf85;403.0;2.5;UNKNOWN
2016-03-07T01:18:02.000000;2016-03-07T01:18:02.000000;8abd2149-2310-4d43-a712-1981f9c2225e;402.99;0.01615;UNKNOWN
2016-03-07T01:18:31.000000;2016-03-07T01:18:31.000000;ca09d74e-833f-467a-b82e-09d57164d759;403.0;1.176;UNKNOWN
2016-03-07T01:19:02.000000;2016-03-07T01:19:02.000000;76971cbe-bfa0-4020-af9a-44839982d0d5;403.03;0.01615;UNKNOWN
2016-03-07T01:19:07.000000;2016-03-07T01:19:07.000000;b159544e-7377-45a5-848c-424f90397d92;403.07;0.08055198;UNKNOWN
2016-03-07T01:20:03.000000;2016-03-07T01:20:03.000000;e1ffe79e-1d73-4aea-a7b3-7bec20c2c0dc;403.06;0.01615;UNKNOWN
2016-03-07T01:21:02.000000;2016-03-07T01:21:02.000000;6c1116f4-0b90-4c11-908b-bacf7ca5c640;403.08;0.01622;UNKNOWN
2016-03-07T01:21:36.000000;2016-03-07T01:21:36.000000;f4007ab2-dd32-49f2-9e3b-7362ebb86d07;403.09;0.01622;UNKNOWN
2016-03-07T01:21:36.000000;2016-03-07T01:21:36.000000;3b52a1eb-3f69-49e6-abf6-01676a77adcb;403.09;0.00099384;UNKNOWN
2016-03-07T01:21:45.000000;2016-03-07T01:21:45.000000;cdd7c99c-45a9-4b51-a72e-54cccdc6a8b8;403.09;4.88971056;UNKNOWN
2016-03-07T01:21:59.000000;2016-03-07T01:21:59.000000;4790d392-a202-4e00-bc96-8362ad78fe73;403.22;0.01619;UNKNOWN
2016-03-07T01:21:59.000000;2016-03-07T01:21:59.000000;79d0ed17-730c-4376-817f-ffa144e443a5;403.23;0.14481;UNKNOWN
2016-03-07T01:21:59.000000;2016-03-07T01:21:59.000000;57080ba2-2d44-4ad5-9e15-a6167906b979;403.23;0.169;UNKNOWN
2016-03-07T01:22:17.000000;2016-03-07T01:22:17.000000;8fe89278-90ff-45b3-9d2f-a5603c8a59a2;403.16;0.01622;UNKNOWN
2016-03-07T01:22:17.000000;2016-03-07T01:22:17.000000;a766c35b-4eac-41c7-9759-57a20031f4ab;403.23;0.25519;UNKNOWN
2016-03-07T01:22:37.000000;2016-03-07T01:22:37.000000;52cb8ea0-77c5-40cb-94bd-544671577480;403.34;0.02;UNKNOWN
2016-03-07T01:28:07.000000;2016-03-07T01:28:07.000000;5ec5e26b-d9f1-4804-8f2e-8b242954a16f;403.09;4.86606562;UNKNOWN
2016-03-07T01:29:01.000000;2016-03-07T01:29:01.000000;2426cafb-3900-460c-b0c4-a6d77f2753a6;403.09;1.0;UNKNOWN
2016-03-07T01:29:25.000000;2016-03-07T01:29:25.000000;a4656a52-edd0-44c4-8177-4b6aaec6c79b;403.08;0.0264;UNKNOWN
2016-03-07T01:33:06.000000;2016-03-07T01:33:06.000000;858851ef-c452-448c-ae9d-7eb69531f201;403.3;1.3;UNKNOWN
2016-03-07T01:33:06.000000;2016-03-07T01:33:06.000000;07ccbf4c-39c3-4db6-80b2-66cd44c0869a;403.31;0.2;UNKNOWN
2016-03-07T01:34:06.000000;2016-03-07T01:34:06.000000;1556268d-11e2-4fe1-8633-688a00aa17b8;403.31;0.06;UNKNOWN
2016-03-07T01:34:25.000000;2016-03-07T01:34:25.000000;edbb1558-fcf5-447c-9cdd-9603087c94be;403.6;0.01;UNKNOWN
2016-03-07T01:36:41.000000;2016-03-07T01:36:41.000000;4cde0679-3b7b-40d0-8030-91cbc3771b30;403.69;0.01;UNKNOWN
2016-03-07T01:36:44.000000;2016-03-07T01:36:44.000000;46b5fc69-1050-4362-9af9-c2845346b0b5;403.69;0.24;UNKNOWN
2016-03-07T01:36:44.000000;2016-03-07T01:36:44.000000;674dd2f5-70ab-4fa8-816b-f6c1a4a0dc9e;403.7;0.19363037;UNKNOWN
2016-03-07T01:37:32.000000;2016-03-07T01:37:32.000000;39d29ed5-ff40-49f0-b49d-658b36d0bda2;403.7;0.53;UNKNOWN
2016-03-07T01:40:28.000000;2016-03-07T01:40:28.000000;d2c2fe04-ec7f-4fb8-8ae5-885fd39473ec;403.69;0.2158;UNKNOWN
2016-03-07T01:43:05.000000;2016-03-07T01:43:05.000000;cbb857ff-21ed-44ec-8e9a-f5ddc235ff8f;403.69;0.66325117;UNKNOWN
2016-03-07T01:43:16.000000;2016-03-07T01:43:16.000000;addc2ff1-996d-4b74-9586-be2bb49d40b2;403.7;0.01;UNKNOWN
2016-03-07T01:44:06.000000;2016-03-07T01:44:06.000000;c222a474-94b6-4053-86ef-bcfacaff4a65;403.64;0.46849745;UNKNOWN
2016-03-07T01:46:06.000000;2016-03-07T01:46:06.000000;6a4e76e0-3ace-4ca4-96cc-585c851a6e52;403.7;2.0;UNKNOWN
2016-03-07T01:49:09.000000;2016-03-07T01:49:09.000000;389c0251-3475-45ee-bb9b-d813eb1fa8ae;403.64;0.25;UNKNOWN
2016-03-07T01:49:09.000000;2016-03-07T01:49:09.000000;6ac8aa2b-0cf2-41e5-8fd4-9009520f76c4;403.64;0.249;UNKNOWN
2016-03-07T01:49:09.000000;2016-03-07T01:49:09.000000;bf110dcc-7ec4-4da6-adca-49f5bb661906;403.64;0.249;UNKNOWN
2016-03-07T01:49:09.000000;2016-03-07T01:49:09.000000;1322a5cc-84bc-42c3-8a24-2934c0df2101;403.64;0.249;UNKNOWN
2016-03-07T01:49:09.000000;2016-03-07T01:49:09.000000;0470c55b-aa49-4308-94c7-9e6df83ed30e;403.64;0.249;UNKNOWN
2016-03-07T01:49:09.000000;2016-03-07T01:49:09.000000;3e1083ef-44ff-46a2-a6aa-bcbbd99cfc0d;403.64;0.251;UNKNOWN
2016-03-07T01:49:09.000000;2016-03-07T01:49:09.000000;62674684-b2de-46af-8907-bf4ee13d56d4;403.64;0.248;UNKNOWN
2016-03-07T01:49:09.000000;2016-03-07T01:49:09.000000;60f2d213-ddc5-479e-9fcb-605fbe569fb9;403.64;0.251;UNKNOWN
2016-03-07T01:49:09.000000;2016-03-07T01:49:09.000000;a4a11c1b-8f37-4a1b-a829-8717a28f1e08;403.64;0.251;UNKNOWN
2016-03-07T01:49:09.000000;2016-03-07T01:49:09.000000;1d2965c5-cabc-4bd0-819e-4fcaac0faa63;403.64;0.251;UNKNOWN
2016-03-07T01:49:09.000000;2016-03-07T01:49:09.000000;3bfc0628-1c3f-4070-b775-08bd75e8547f;403.64;0.1725592;UNKNOWN
2016-03-07T01:49:09.000000;2016-03-07T01:49:09.000000;0b041dac-ac60-4dd4-b74f-91dd40bd53de;403.64;0.254;UNKNOWN
2016-03-07T01:49:09.000000;2016-03-07T01:49:09.000000;3ae18a92-99ac-4e10-801d-74f81d4ca289;403.64;0.417;UNKNOWN
2016-03-07T01:49:09.000000;2016-03-07T01:49:09.000000;3d1087b7-dd0a-41c5-9018-9e5721aa219e;403.64;0.323;UNKNOWN
2016-03-07T01:49:09.000000;2016-03-07T01:49:09.000000;113662e1-0bc4-40aa-ad6a-476ea4d38c04;403.64;0.251;UNKNOWN
2016-03-07T01:49:09.000000;2016-03-07T01:49:09.000000;a3305ff3-43fc-49e1-ac2f-e4c7444be2b2;403.64;0.249;UNKNOWN
2016-03-07T01:49:09.000000;2016-03-07T01:49:09.000000;328e862b-a3c6-467e-8bdd-dba45541c9cd;403.64;0.248;UNKNOWN
2016-03-07T01:49:09.000000;2016-03-07T01:49:09.000000;9924d553-3afc-4504-b70e-c21cac689e72;403.64;0.249;UNKNOWN
2016-03-07T01:49:09.000000;2016-03-07T01:49:09.000000;3ae6b0cb-bc7a-446d-affd-7958e5ac4af1;403.64;0.249;UNKNOWN
2016-03-07T01:50:26.000000;2016-03-07T01:50:26.000000;23e5033c-a599-4fa2-a117-06624fe992b9;403.7;3.1926;UNKNOWN
2016-03-07T01:53:03.000000;2016-03-07T01:53:03.000000;3475701b-1086-4294-9b06-ff7b4e780c17;403.69;0.025;UNKNOWN
2016-03-07T01:53:06.000000;2016-03-07T01:53:06.000000;7050602e-1029-42de-bba7-0f36ad4f5321;403.7;9.95536198;UNKNOWN
2016-03-07T01:53:17.000000;2016-03-07T01:53:17.000000;1b049298-9f07-46b9-85b7-3b4cd18a68fc;403.7;0.01;UNKNOWN
2016-03-07T01:53:17.000000;2016-03-07T01:53:17.000000;8dd81955-9d5c-4cfb-9aa3-b8f48ec67a2b;403.7;14.26252205;UNKNOWN
2016-03-07T01:53:17.000000;2016-03-07T01:53:17.000000;bb3014ca-02f8-4cfc-bb64-ff8c6cda6ab9;403.7;4.8429668;UNKNOWN
2016-03-07T01:53:17.000000;2016-03-07T01:53:17.000000;d018aac8-9b4d-4c7d-a64b-0aabc5ffa42a;403.7;0.80051115;UNKNOWN
2016-03-07T01:53:45.000000;2016-03-07T01:53:45.000000;d1af5718-8635-4db8-bfb5-c34b3ad361fe;403.69;0.02505;UNKNOWN
2016-03-07T01:53:45.000000;2016-03-07T01:53:45.000000;b30b5639-5df6-4aa8-b170-824bb21940ff;403.69;6.80835664;UNKNOWN
2016-03-07T01:54:18.000000;2016-03-07T01:54:18.000000;563b6291-045e-4505-8cea-463914d32c80;403.78;0.2;UNKNOWN
2016-03-07T01:54:18.000000;2016-03-07T01:54:18.000000;e8d47f8a-c774-4cdf-9d7a-e5c202a58b4b;403.8;0.01;UNKNOWN
2016-03-07T01:54:18.000000;2016-03-07T01:54:18.000000;13230dae-5f69-4963-acd4-60e839decf10;403.8;3.58540193;UNKNOWN
2016-03-07T01:54:18.000000;2016-03-07T01:54:18.000000;0ef1a6ca-e372-4348-ab28-d0a4ecf0bd3e;403.78;0.2;UNKNOWN
2016-03-07T01:54:47.000000;2016-03-07T01:54:47.000000;33dd4ce3-8b42-4b39-86ca-6c477accce8f;403.73;0.01034871;UNKNOWN
2016-03-07T01:54:47.000000;2016-03-07T01:54:47.000000;48aabf10-28e3-41af-8a55-58cf68b843bf;403.73;0.251;UNKNOWN
2016-03-07T01:54:47.000000;2016-03-07T01:54:47.000000;9a709fe0-4e3d-4dcc-b5ea-8479334654a6;403.73;0.249;UNKNOWN
2016-03-07T01:54:47.000000;2016-03-07T01:54:47.000000;5997e40a-c1df-4889-9df1-75ad7fb40c5b;403.73;0.251;UNKNOWN
2016-03-07T01:56:23.000000;2016-03-07T01:56:23.000000;cfb2c0d1-7dc2-4b6b-a4d3-1ce8c3585313;403.88;1.30026733;UNKNOWN
2016-03-07T01:58:35.000000;2016-03-07T01:58:35.000000;a15b24db-d5f5-468f-9432-4b3fea925f15;403.9;0.7711;UNKNOWN
2016-03-07T01:58:35.000000;2016-03-07T01:58:35.000000;497140e9-1170-4b67-997f-5351ca805671;403.9;0.01;UNKNOWN
2016-03-07T02:01:05.000000;2016-03-07T02:01:05.000000;efd30568-bba7-4c0e-aa02-38e67abd4c4d;403.92;2.41934692;UNKNOWN
2016-03-07T02:03:03.000000;2016-03-07T02:03:03.000000;138cf988-7e49-4b66-95fd-fa8773f41de1;403.88;0.25;UNKNOWN
2016-03-07T02:03:03.000000;2016-03-07T02:03:03.000000;f599bc75-b8c6-45b2-809e-925eb83b32f5;403.62;11.913;UNKNOWN
2016-03-07T02:03:03.000000;2016-03-07T02:03:03.000000;c0a98357-0586-408b-b4b5-b4ecdf006452;403.19;5.50752708;UNKNOWN
2016-03-07T02:03:03.000000;2016-03-07T02:03:03.000000;34dd73b8-fdd3-467b-8a0e-fbf92ef606c2;403.88;0.252;UNKNOWN
2016-03-07T02:03:03.000000;2016-03-07T02:03:03.000000;5ba3a581-5c49-48a0-962c-cc6525bb19b1;403.86;0.249;UNKNOWN
2016-03-07T02:03:03.000000;2016-03-07T02:03:03.000000;133948b6-7e0a-4e82-be8e-7ae465c5d244;403.47;13.4307;UNKNOWN
2016-03-07T02:03:03.000000;2016-03-07T02:03:03.000000;47e65e5a-44ed-4e04-bd12-b96a3df7dbdd;403.32;13.39;UNKNOWN
2016-03-07T02:03:03.000000;2016-03-07T02:03:03.000000;5849e77a-32f2-4532-82a6-f28e597ef5f7;403.88;0.25;UNKNOWN
2016-03-07T02:03:03.000000;2016-03-07T02:03:03.000000;63182bac-60bd-4f18-a9c0-0e1bdfe38a6c;403.22;1.0;UNKNOWN
2016-03-07T02:03:03.000000;2016-03-07T02:03:03.000000;669a5f85-b974-4d56-aee9-a70fea657e08;403.73;1.05277638;UNKNOWN
2016-03-07T02:03:03.000000;2016-03-07T02:03:03.000000;57ae2bb5-2d36-4b37-813b-61c1b2dd99c1;403.72;0.1;UNKNOWN
2016-03-07T02:03:03.000000;2016-03-07T02:03:03.000000;74e54e4e-f90b-47cd-b4e9-9c27d929c6ed;403.88;0.249;UNKNOWN
2016-03-07T02:03:03.000000;2016-03-07T02:03:03.000000;b10946fc-c907-4716-afd6-5d13815ab531;403.88;1.0;UNKNOWN
2016-03-07T02:03:03.000000;2016-03-07T02:03:03.000000;24bec50e-b6df-4131-867c-003151b09357;403.88;0.241;UNKNOWN
2016-03-07T02:03:03.000000;2016-03-07T02:03:03.000000;56a5c744-a14a-48ca-9b56-f84b33ed9ea1;403.88;0.323;UNKNOWN
2016-03-07T02:03:03.000000;2016-03-07T02:03:03.000000;c4dd7f1b-76bb-4ae8-8246-f36075be0a60;403.88;0.249;UNKNOWN
2016-03-07T02:03:03.000000;2016-03-07T02:03:03.000000;235eaf5b-6915-49bd-ab68-ad2817b7bbd6;403.62;0.01;UNKNOWN
2016-03-07T02:03:03.000000;2016-03-07T02:03:03.000000;58abb520-790d-4e05-bd99-07dcbd35b31a;403.88;0.248;UNKNOWN
2016-03-07T02:03:06.000000;2016-03-07T02:03:06.000000;e6fbe126-467c-4b0f-ae36-760415302b0b;403.98;0.5;UNKNOWN
2016-03-07T02:03:06.000000;2016-03-07T02:03:06.000000;0d580dc4-2f8d-4472-a986-e6bf503dd493;403.98;0.33756134;UNKNOWN
2016-03-07T02:03:06.000000;2016-03-07T02:03:06.000000;2e52f2dd-8752-452e-ac0a-b52533d56f4b;403.92;0.16243866;UNKNOWN
2016-03-07T02:03:18.000000;2016-03-07T02:03:18.000000;f727a7d2-5bb4-44a7-bfce-23d4a7bcf656;402.92;30.80723287;UNKNOWN
2016-03-07T02:03:18.000000;2016-03-07T02:03:18.000000;c15e1176-e876-4cb6-abb0-2153d43e0882;403.88;0.25;UNKNOWN
2016-03-07T02:03:18.000000;2016-03-07T02:03:18.000000;d096e44b-2f82-4441-9e53-b2ec7237b075;402.93;13.9452;UNKNOWN
2016-03-07T02:03:18.000000;2016-03-07T02:03:18.000000;f83fbc12-b520-4511-8e89-02122b4b40b4;403.88;0.252;UNKNOWN
2016-03-07T02:03:18.000000;2016-03-07T02:03:18.000000;4e820882-ce9e-4534-a6e9-b175517a109e;403.76;0.5;UNKNOWN
2016-03-07T02:03:18.000000;2016-03-07T02:03:18.000000;14fd7f91-93e7-45da-9546-8a72e3563b80;403.08;0.00743;UNKNOWN
2016-03-07T02:03:18.000000;2016-03-07T02:03:18.000000;f989c972-beae-450f-a637-78a17309f7eb;403.66;6.0;UNKNOWN
2016-03-07T02:03:18.000000;2016-03-07T02:03:18.000000;58d66e75-68a1-43a6-b68e-2fd157a4ff87;403.19;7.51937292;UNKNOWN
2016-03-07T02:03:18.000000;2016-03-07T02:03:18.000000;a61930bf-afd6-4970-9438-f5db36e52919;402.93;18.0;UNKNOWN
2016-03-07T02:03:18.000000;2016-03-07T02:03:18.000000;0865a06b-afe4-4753-b520-aa80820449fe;403.75;3.0;UNKNOWN
2016-03-07T02:03:18.000000;2016-03-07T02:03:18.000000;668fc799-6096-40ef-80d5-d288296a333c;403.33;12.2419;UNKNOWN
2016-03-07T02:03:18.000000;2016-03-07T02:03:18.000000;ed610472-8827-4967-b60a-a9df5eec663d;403.07;12.581;UNKNOWN
2016-03-07T02:03:18.000000;2016-03-07T02:03:18.000000;b9a8495d-5ab1-4bc7-a91e-98b1fdd5cc30;403.88;0.249;UNKNOWN
2016-03-07T02:03:18.000000;2016-03-07T02:03:18.000000;a3217ed2-f018-4b0a-99c4-70e12e5124d9;403.34;37.5384;UNKNOWN
2016-03-07T02:03:18.000000;2016-03-07T02:03:18.000000;30cc29e2-a94d-478f-a236-6c1dde539bce;403.88;0.25;UNKNOWN
2016-03-07T02:04:38.000000;2016-03-07T02:04:38.000000;b1c5ef64-aa19-4441-99ec-7901cfded862;402.97;0.01;UNKNOWN
2016-03-07T02:04:43.000000;2016-03-07T02:04:43.000000;2e41ca8c-2227-411d-9b49-9012d087f677;402.97;0.01;UNKNOWN
2016-03-07T02:05:53.000000;2016-03-07T02:05:53.000000;0a34e3e4-c615-4f00-aa53-9f60fcf5cd1a;402.77;7.54001;UNKNOWN
2016-03-07T02:06:05.000000;2016-03-07T02:06:05.000000;bb346c38-71e1-4595-bdbd-57e37f96c28b;402.64;0.5;UNKNOWN
2016-03-07T02:06:05.000000;2016-03-07T02:06:05.000000;47506151-c3e4-4de7-82e2-ec1941562da5;402.64;1.0;UNKNOWN
2016-03-07T02:06:05.000000;2016-03-07T02:06:05.000000;c462c47b-248c-41cf-8ef8-34c6633d52e8;402.84;2.0;UNKNOWN
2016-03-07T02:06:44.000000;2016-03-07T02:06:44.000000;96bd5713-5f78-4210-8c0f-d3a9e6bcc21f;402.11;0.13101212;UNKNOWN
2016-03-07T02:06:44.000000;2016-03-07T02:06:44.000000;da5db123-c84e-4004-ad45-9acdb8e55a3a;402.65;0.249;UNKNOWN
2016-03-07T02:06:44.000000;2016-03-07T02:06:44.000000;329e4d33-8e36-429d-9291-1c099ca231f1;402.64;0.25;UNKNOWN
2016-03-07T02:06:44.000000;2016-03-07T02:06:44.000000;fdc54cc1-2600-4809-8153-04e64cb5695e;402.3;0.01;UNKNOWN
2016-03-07T02:06:44.000000;2016-03-07T02:06:44.000000;571933c5-96be-4209-bfe5-f668e61ad53f;402.2;0.01;UNKNOWN
2016-03-07T02:06:44.000000;2016-03-07T02:06:44.000000;f11a68dd-a5f3-4871-b8f4-fbcfaccd54dc;402.65;0.252;UNKNOWN
2016-03-07T02:06:44.000000;2016-03-07T02:06:44.000000;8d20188c-6760-4b7f-bf74-5eaad2a07234;402.65;0.25;UNKNOWN
2016-03-07T02:06:44.000000;2016-03-07T02:06:44.000000;b65c8ada-1ff6-4697-920d-45298655a609;402.64;3.33798788;UNKNOWN
2016-03-07T02:06:44.000000;2016-03-07T02:06:44.000000;a0f2fc99-508c-4b54-8060-0b84f9d235ed;402.4;0.01;UNKNOWN
2016-03-07T02:06:44.000000;2016-03-07T02:06:44.000000;af044887-b72b-42a1-b883-e1c19fd38544;402.5;3.5;UNKNOWN
2016-03-07T02:07:55.000000;2016-03-07T02:07:55.000000;48518dbf-5163-49a3-bd37-1d9a90835ac6;402.34;3.0;UNKNOWN
2016-03-07T02:08:27.000000;2016-03-07T02:08:27.000000;b68c4254-9359-4026-89cd-3879dc333ade;402.17;1.45;UNKNOWN
2016-03-07T02:08:27.000000;2016-03-07T02:08:27.000000;73e8f6b6-d25c-48fe-923f-0faeb8a24c9f;402.18;18.55;UNKNOWN
2016-03-07T02:08:36.000000;2016-03-07T02:08:36.000000;c1ffab2b-8a95-4d99-8fba-4ffc48f6db8e;402.11;0.5;UNKNOWN
2016-03-07T02:08:42.000000;2016-03-07T02:08:42.000000;994810c5-974b-4c3f-b69b-fa71010b0e49;402.11;6.0;UNKNOWN
2016-03-07T02:09:04.000000;2016-03-07T02:09:04.000000;7f2d14ce-61a4-4187-9acf-b46bd074db6b;402.18;0.4;UNKNOWN
2016-03-07T02:10:27.000000;2016-03-07T02:10:27.000000;d3342f5b-4253-4d21-959d-5c6fffc08770;402.17;0.2;UNKNOWN
2016-03-07T02:11:06.000000;2016-03-07T02:11:06.000000;ca74b2d2-2ae2-4d5f-b8d2-4c59d799bd18;402.19;0.34;UNKNOWN
2016-03-07T02:11:28.000000;2016-03-07T02:11:28.000000;01103b0a-0a48-4fac-8e69-9e6dd9899332;402.21;0.2;UNKNOWN
2016-03-07T02:13:06.000000;2016-03-07T02:13:06.000000;e26339a9-a143-4196-beed-85f89864ec9e;402.2;0.81229657;UNKNOWN
2016-03-07T02:14:03.000000;2016-03-07T02:14:03.000000;21dd309d-a845-4501-9c47-1909f5ab7ed3;402.1;3.5;UNKNOWN
2016-03-07T02:15:05.000000;2016-03-07T02:15:05.000000;6f67aa76-e4a5-47eb-af82-48ddfdc72988;402.15;0.25;UNKNOWN
2016-03-07T02:16:05.000000;2016-03-07T02:16:05.000000;a2965769-5c49-4a73-8c6a-ba099744c4c4;402.15;0.1;UNKNOWN
2016-03-07T02:18:05.000000;2016-03-07T02:18:05.000000;067d1e7c-b3bc-4be0-8a6b-b39099b449cb;402.15;0.02218633;UNKNOWN
2016-03-07T02:18:07.000000;2016-03-07T02:18:07.000000;ac7a243c-ac4b-489c-823d-f5f8a3580a68;402.15;0.074;UNKNOWN
2016-03-07T02:18:41.000000;2016-03-07T02:18:41.000000;9348caaa-5784-43dc-b635-109645eccfea;402.48;1.25;UNKNOWN
2016-03-07T02:19:40.000000;2016-03-07T02:19:40.000000;eab74fab-d2f2-4671-823c-030a5ba7dcb8;402.5;1.0;UNKNOWN
2016-03-07T02:19:46.000000;2016-03-07T02:19:46.000000;dd1e34cb-e867-42f1-87e4-0e39dddacb2d;402.42;0.0621901;UNKNOWN
2016-03-07T02:20:02.000000;2016-03-07T02:20:02.000000;fa581ce9-9670-447d-bd20-9524c819d2e7;402.5;2.5;UNKNOWN
2016-03-07T02:22:21.000000;2016-03-07T02:22:21.000000;6562c418-e598-445e-97df-f5cc71864b3a;402.64;3.5;UNKNOWN
2016-03-07T02:22:22.000000;2016-03-07T02:22:22.000000;e44a10b9-70b9-43f0-b0d1-2bf00af490b9;402.91;0.01;UNKNOWN
2016-03-07T02:22:44.000000;2016-03-07T02:22:44.000000;bee36f37-2fa7-4ee6-8d77-4aaa79dc303a;402.79;1.0;UNKNOWN
2016-03-07T02:23:06.000000;2016-03-07T02:23:06.000000;470458f7-72c6-44cf-8995-35d62c2f26d9;402.79;0.27024826;UNKNOWN
2016-03-07T02:23:22.000000;2016-03-07T02:23:22.000000;3da69118-d05c-4161-b109-d18cf379a9c7;402.77;6.1676;UNKNOWN
2016-03-07T02:23:31.000000;2016-03-07T02:23:31.000000;1741642e-ea16-4f99-9307-f5b7fd614aeb;402.79;0.02;UNKNOWN
2016-03-07T02:23:35.000000;2016-03-07T02:23:35.000000;4fa63475-9e75-40d2-9fa4-429b5696d155;402.63;1.0;UNKNOWN
2016-03-07T02:24:36.000000;2016-03-07T02:24:36.000000;9b2f93ab-601b-4201-ab1f-0622386d1e79;402.78;1.0;UNKNOWN
2016-03-07T02:24:51.000000;2016-03-07T02:24:51.000000;ad7d804f-13a8-4617-a772-2a691fb68aec;402.8;5.0;UNKNOWN
2016-03-07T02:25:06.000000;2016-03-07T02:25:06.000000;471b1f06-7766-4226-97c8-dfd926d37dd3;403.05;0.0519;UNKNOWN
2016-03-07T02:25:06.000000;2016-03-07T02:25:06.000000;b36ea4dc-96bd-4a4f-9b15-c5e69f835445;403.0;0.01;UNKNOWN
2016-03-07T02:25:20.000000;2016-03-07T02:25:20.000000;4b91849b-8e36-4a43-8b18-8e1e483d2d69;403.05;4.27;UNKNOWN
2016-03-07T02:26:22.000000;2016-03-07T02:26:22.000000;0f38c5bc-15e2-45e8-bd48-41be408f7390;403.05;6.6556614;UNKNOWN
2016-03-07T02:28:06.000000;2016-03-07T02:28:06.000000;61945e67-5033-45cc-ada9-dd5d85d12a8e;403.18;0.14788644;UNKNOWN
2016-03-07T02:33:05.000000;2016-03-07T02:33:05.000000;0d3cc0a4-eb6c-4bc4-98a3-828e4cdd1bab;403.28;0.1;UNKNOWN
2016-03-07T02:34:33.000000;2016-03-07T02:34:33.000000;d6839854-bbed-4a87-bca4-a4fe7ebdaf23;403.41;1.0;UNKNOWN
2016-03-07T02:36:06.000000;2016-03-07T02:36:06.000000;0406fbdb-7cbe-4758-95f6-30d151611810;403.46;0.15;UNKNOWN
2016-03-07T02:38:39.000000;2016-03-07T02:38:39.000000;1da533c9-4ebf-430b-bb6b-b3cadb21aea6;402.96;0.2;UNKNOWN
2016-03-07T02:41:57.000000;2016-03-07T02:41:57.000000;eeab6d68-bebb-4800-b204-4420d2fe2ac0;402.95;0.0779;UNKNOWN
2016-03-07T02:43:33.000000;2016-03-07T02:43:33.000000;18dcd760-ccb0-4075-b6de-9319b402c151;402.96;0.7536464;UNKNOWN
2016-03-07T02:43:51.000000;2016-03-07T02:43:51.000000;6384d78c-3374-40bd-a1ba-a5ceadf1fbc5;403.1;5.0;UNKNOWN
2016-03-07T02:46:06.000000;2016-03-07T02:46:06.000000;aa1504ed-50f7-473a-b89a-f7daf1e76377;403.5;0.60384954;UNKNOWN
2016-03-07T02:46:51.000000;2016-03-07T02:46:51.000000;7a727213-95bb-4931-8240-f964a36fc7b7;403.5;0.29416064;UNKNOWN
2016-03-07T02:47:28.000000;2016-03-07T02:47:28.000000;582d7a65-daac-4942-a3f3-6761f02b95ef;403.7;0.01;UNKNOWN
2016-03-07T02:48:06.000000;2016-03-07T02:48:06.000000;29fa68e3-3570-4f1b-ba00-0ec59adffb88;403.79;4.0;UNKNOWN
2016-03-07T02:48:20.000000;2016-03-07T02:48:20.000000;88048383-69af-4334-8be1-5444c822479c;403.93;0.5;UNKNOWN
2016-03-07T02:48:20.000000;2016-03-07T02:48:20.000000;2edca1e7-8fc6-49a7-ab48-f0839ec04364;403.93;0.0477;UNKNOWN
2016-03-07T02:48:20.000000;2016-03-07T02:48:20.000000;9c8ab671-4685-4a0c-9b8a-f93dd30db7fe;403.8;0.01;UNKNOWN
2016-03-07T02:48:20.000000;2016-03-07T02:48:20.000000;84380774-8871-450f-84cc-f062abec323e;403.9;0.01;UNKNOWN
2016-03-07T02:48:22.000000;2016-03-07T02:48:22.000000;6a0c4be6-125e-4bf2-aea8-22efe6f0a52a;403.92;1.0;UNKNOWN
2016-03-07T02:51:05.000000;2016-03-07T02:51:05.000000;5320e8d2-8773-4119-bfb5-f540313783d1;404.0;0.01;UNKNOWN
2016-03-07T02:51:05.000000;2016-03-07T02:51:05.000000;a76f516d-f2f1-4b1a-ae85-cb1ddbfdc231;404.1;0.01;UNKNOWN
2016-03-07T02:51:05.000000;2016-03-07T02:51:05.000000;0e7b74a7-4c71-4b0a-a2b3-0091ae311917;404.12;0.13096239;UNKNOWN
2016-03-07T02:51:06.000000;2016-03-07T02:51:06.000000;79583239-24cf-4006-8459-8cd745fa7118;404.12;0.73672586;UNKNOWN
2016-03-07T02:51:11.000000;2016-03-07T02:51:11.000000;bc48be73-7313-4dbf-be04-81795a5609a4;404.2;0.01;UNKNOWN
2016-03-07T02:51:11.000000;2016-03-07T02:51:11.000000;c2be5a4e-f2c5-4cd0-bf31-395ab20778a0;404.27;3.46;UNKNOWN
2016-03-07T02:51:36.000000;2016-03-07T02:51:36.000000;522fd44d-3c5a-4b67-9ab9-967da4d1d7f5;404.48;0.50077995;UNKNOWN
2016-03-07T02:51:36.000000;2016-03-07T02:51:36.000000;a26e22b3-0dcc-4c0c-a5fd-b0d08af82f5b;404.3;0.01;UNKNOWN
2016-03-07T02:51:36.000000;2016-03-07T02:51:36.000000;d6561b32-edd7-4880-baf5-972351b5a039;404.4;0.01;UNKNOWN
2016-03-07T02:51:36.000000;2016-03-07T02:51:36.000000;164b0d72-99c3-4d2e-97ff-0e51b4a8d8ed;404.4;1.91;UNKNOWN
2016-03-07T02:51:36.000000;2016-03-07T02:51:36.000000;6255be72-05bc-4fef-9b78-45a51d19fbd3;404.39;6.0999;UNKNOWN
2016-03-07T02:51:36.000000;2016-03-07T02:51:36.000000;1e165892-c0a3-42e6-8047-235dfc959696;404.44;0.00933005;UNKNOWN
2016-03-07T02:51:52.000000;2016-03-07T02:51:52.000000;2ef1e328-0ae7-4115-a499-715f4f0dd9b8;404.5;4.0;UNKNOWN
2016-03-07T02:51:52.000000;2016-03-07T02:51:52.000000;1e2aa4b8-2342-4407-90aa-6f50381bd24d;404.48;1.49922005;UNKNOWN
2016-03-07T02:51:52.000000;2016-03-07T02:51:52.000000;f0217d15-aca6-426e-b46c-bee10d73a766;404.5;0.01;UNKNOWN
2016-03-07T02:52:07.000000;2016-03-07T02:52:07.000000;c439e4ad-ddf1-4e41-8fb0-bd629d469f63;404.6;0.01;UNKNOWN
2016-03-07T02:52:16.000000;2016-03-07T02:52:16.000000;a7a35725-3a73-4a17-9a56-791445b7a579;404.74;0.99;UNKNOWN
2016-03-07T02:52:16.000000;2016-03-07T02:52:16.000000;05c3cc1a-ad6d-4c9e-a1d9-2ed3d89ad92d;404.7;0.01;UNKNOWN
2016-03-07T02:52:20.000000;2016-03-07T02:52:20.000000;9535da3d-8d32-4009-b459-46679db84d85;405.0;0.01;UNKNOWN
2016-03-07T02:52:20.000000;2016-03-07T02:52:20.000000;e61a58d5-4fec-4271-87dc-0899ea25cc37;405.22;0.20917221;UNKNOWN
2016-03-07T02:52:20.000000;2016-03-07T02:52:20.000000;d9a39d06-72ef-4c36-847e-d6cd432c51d1;405.26;4.8238685;UNKNOWN
2016-03-07T02:52:20.000000;2016-03-07T02:52:20.000000;5d174753-e27a-4872-a6f4-242d4a4ccee9;405.25;12.0;UNKNOWN
2016-03-07T02:52:20.000000;2016-03-07T02:52:20.000000;7e093a6a-4af1-4a80-8065-b63762b6e81a;405.2;0.01;UNKNOWN
2016-03-07T02:52:20.000000;2016-03-07T02:52:20.000000;4dcfe5e0-5945-4c54-832f-dd431acc2c68;405.0;1.0;UNKNOWN
2016-03-07T02:52:20.000000;2016-03-07T02:52:20.000000;c5600ec0-c6d4-476f-8fbf-d1fe17e11db5;405.1;0.01;UNKNOWN
2016-03-07T02:52:20.000000;2016-03-07T02:52:20.000000;e3fe8756-4ca2-4701-bf6b-fd38aee0e891;404.9;0.01;UNKNOWN
2016-03-07T02:52:20.000000;2016-03-07T02:52:20.000000;0778b691-dfbc-4bb1-a594-58b0ca663e41;405.01;1.91;UNKNOWN
2016-03-07T02:52:20.000000;2016-03-07T02:52:20.000000;a2fb50d7-721a-4d44-a57d-19b748439145;405.0;8.0;UNKNOWN
2016-03-07T02:52:20.000000;2016-03-07T02:52:20.000000;77096399-1ebb-45c2-a713-6c8bac8538e8;404.88;1.91;UNKNOWN
2016-03-07T02:52:20.000000;2016-03-07T02:52:20.000000;bc57a9e9-d79c-443d-a81e-be4568e0cb7f;404.9;2.5;UNKNOWN
2016-03-07T02:52:20.000000;2016-03-07T02:52:20.000000;70089496-5f94-4b5b-ac5a-60b458a53fce;404.9;0.23101798;UNKNOWN
2016-03-07T02:52:20.000000;2016-03-07T02:52:20.000000;daa972b7-1be4-4054-afe6-e4db785fcd7b;405.1;0.75;UNKNOWN
2016-03-07T02:52:20.000000;2016-03-07T02:52:20.000000;18485f96-6768-4933-af0d-9752b2cee753;404.87;6.1138;UNKNOWN
2016-03-07T02:52:20.000000;2016-03-07T02:52:20.000000;37f0eba0-24eb-4c64-b062-3179ebf57338;404.88;3.82;UNKNOWN
2016-03-07T02:52:20.000000;2016-03-07T02:52:20.000000;1000303e-413c-423f-b51b-eb7edc02f21b;404.8;0.01;UNKNOWN
2016-03-07T02:52:20.000000;2016-03-07T02:52:20.000000;cde253b3-9eb1-4944-99e7-1b528841dba3;405.29;0.87225571;UNKNOWN
2016-03-07T02:52:27.000000;2016-03-07T02:52:27.000000;1044032b-428d-4c85-8617-a2f7f199d88f;405.13;6.0856;UNKNOWN
2016-03-07T02:52:27.000000;2016-03-07T02:52:27.000000;d8419d11-4c2b-45a9-94a0-99e1da5fd19a;405.2;1.0;UNKNOWN
2016-03-07T02:52:27.000000;2016-03-07T02:52:27.000000;fbf7be71-7f56-4171-b93a-f62e5bdbf887;405.12;2.9204;UNKNOWN
2016-03-07T02:52:28.000000;2016-03-07T02:52:28.000000;968a7913-b87b-48fb-9377-ba0ab21f942d;405.25;0.08;UNKNOWN
2016-03-07T02:52:46.000000;2016-03-07T02:52:46.000000;2fb0a96c-93ec-4be8-bce5-679ce24768f8;404.97;0.54273479;UNKNOWN
2016-03-07T02:53:40.000000;2016-03-07T02:53:40.000000;f887fcb2-5d51-44d1-800e-f5fca9f42682;404.86;0.8908;UNKNOWN
2016-03-07T02:53:46.000000;2016-03-07T02:53:46.000000;70ecd5a3-479f-4d34-9274-d5972d73e59a;404.58;5.51922005;UNKNOWN
2016-03-07T02:55:20.000000;2016-03-07T02:55:20.000000;54c310cf-afcd-4e62-bc13-ef8a288d1bdc;404.29;0.5;UNKNOWN
2016-03-07T02:55:20.000000;2016-03-07T02:55:20.000000;fc5a96bc-d599-41c1-afac-330c22ffbc4b;404.3;0.5;UNKNOWN
2016-03-07T02:55:20.000000;2016-03-07T02:55:20.000000;00b15670-9864-4668-9281-76ab83852ce9;404.3;3.0;UNKNOWN
2016-03-07T02:55:46.000000;2016-03-07T02:55:46.000000;1d6271c4-acb0-44b0-91c3-a0d7be23264f;404.3;0.067296;UNKNOWN
2016-03-07T02:59:06.000000;2016-03-07T02:59:06.000000;99b5e8bd-c3e6-4012-8229-9434fb2cdf2c;404.3;5.605404;UNKNOWN
2016-03-07T03:03:06.000000;2016-03-07T03:03:06.000000;79b2dfca-968c-4ef4-a4c0-61b9a49ed522;404.85;0.52711852;UNKNOWN
2016-03-07T03:03:06.000000;2016-03-07T03:03:06.000000;5576a87e-f8e3-45e3-8e17-887ea3d5fff1;405.0;0.25;UNKNOWN
2016-03-07T03:03:20.000000;2016-03-07T03:03:20.000000;ceb3d069-60fb-4c86-9441-35e37faaa0c5;404.86;0.1;UNKNOWN
2016-03-07T03:04:06.000000;2016-03-07T03:04:06.000000;29beb951-5c0b-4232-8f4f-ef8c083e21ca;404.81;9.83249882;UNKNOWN
2016-03-07T03:06:20.000000;2016-03-07T03:06:20.000000;81f49b01-e91c-4c27-9ef0-db27be0e98ae;404.81;1.9144784;UNKNOWN
2016-03-07T03:06:26.000000;2016-03-07T03:06:26.000000;f8e3166b-5bab-45f9-8254-3df43195437c;404.8;0.06563754;UNKNOWN
2016-03-07T03:09:05.000000;2016-03-07T03:09:05.000000;17288702-92cc-486d-9abd-f03cdedf898d;404.51;0.73531087;UNKNOWN
2016-03-07T03:09:33.000000;2016-03-07T03:09:33.000000;4e1ca497-4f09-46ba-8ed4-4c482549c6e2;404.51;0.49926034;UNKNOWN
2016-03-07T03:11:06.000000;2016-03-07T03:11:06.000000;d47193e2-6bd6-41cd-8b45-ad5174ba1d88;404.5;0.1;UNKNOWN
2016-03-07T03:11:06.000000;2016-03-07T03:11:06.000000;63848cfb-02b5-4d6b-993f-9232dbbe807a;404.5;0.369962;UNKNOWN
2016-03-07T03:11:59.000000;2016-03-07T03:11:59.000000;9bae6738-aae3-4c09-a2dd-a84d4d6c7d68;404.5;9.630038;UNKNOWN
2016-03-07T03:12:16.000000;2016-03-07T03:12:16.000000;6b25b8c4-2134-4bea-8cb2-149347f6ef38;404.3;6.1155;UNKNOWN
2016-03-07T03:12:48.000000;2016-03-07T03:12:48.000000;f73270b6-b03b-4f55-a8b7-4df768afbab7;404.3;6.1242;UNKNOWN
2016-03-07T03:12:58.000000;2016-03-07T03:12:58.000000;2477985a-a6bc-45c7-a279-6d6d0a9804bc;404.31;6.0;UNKNOWN
2016-03-07T03:13:21.000000;2016-03-07T03:13:21.000000;f0654c60-fb2f-4763-b21d-afade85f321c;404.47;6.1325;UNKNOWN
2016-03-07T03:13:36.000000;2016-03-07T03:13:36.000000;62036c06-f3bc-4851-a65c-2c0273fd2ebf;404.47;6.1669;UNKNOWN
2016-03-07T03:13:52.000000;2016-03-07T03:13:52.000000;52f4e025-6003-4717-9be7-c1ed5a5672a4;404.47;6.1187;UNKNOWN
2016-03-07T03:14:06.000000;2016-03-07T03:14:06.000000;8c0e3c98-43e5-40b4-a4f9-6dc0a054f9cf;404.48;0.08012824;UNKNOWN
2016-03-07T03:14:08.000000;2016-03-07T03:14:08.000000;63ff4704-d6f1-46a8-9466-28cf75c42bad;404.47;6.1482;UNKNOWN
2016-03-07T03:15:12.000000;2016-03-07T03:15:12.000000;a407657e-96dd-4be9-8501-e8a2134357bd;404.48;0.04945;UNKNOWN
2016-03-07T03:15:45.000000;2016-03-07T03:15:45.000000;72243cca-f2b5-4ce1-846a-9ec5ad8871a6;404.48;0.5;UNKNOWN
2016-03-07T03:16:04.000000;2016-03-07T03:16:04.000000;1a7e248b-80f8-4620-b17a-3d2f729ba833;404.48;0.1;UNKNOWN
2016-03-07T03:16:28.000000;2016-03-07T03:16:28.000000;75873dfd-31ef-493b-be04-f566be967b22;404.48;0.5;UNKNOWN
2016-03-07T03:17:30.000000;2016-03-07T03:17:30.000000;d726fafe-3149-45b3-b751-6d672eceb973;404.48;5.0;UNKNOWN
2016-03-07T03:17:42.000000;2016-03-07T03:17:42.000000;e3abb77f-fcdb-4284-83ca-9fe5d6c32e4b;404.48;5.0;UNKNOWN
2016-03-07T03:17:55.000000;2016-03-07T03:17:55.000000;6c7baf51-1124-487c-8dcd-17180d03ec9f;404.5;1.45957824;UNKNOWN
2016-03-07T03:17:55.000000;2016-03-07T03:17:55.000000;ee4eeadc-64d2-44c1-a87c-6a240e8b6457;404.48;3.54042176;UNKNOWN
2016-03-07T03:18:06.000000;2016-03-07T03:18:06.000000;d1e30a2b-06b7-48d1-bb41-a295e4c5d1b8;404.49;0.29388715;UNKNOWN
2016-03-07T03:18:08.000000;2016-03-07T03:18:08.000000;bfac74c0-b5a3-4a46-8d10-0e0eade66dd6;404.49;5.0;UNKNOWN
2016-03-07T03:18:20.000000;2016-03-07T03:18:20.000000;9143eee8-15d6-4002-8933-3edb6559672c;404.5;5.0;UNKNOWN
2016-03-07T03:18:30.000000;2016-03-07T03:18:30.000000;66c8a840-8b5b-4499-80d6-eb515a97485b;404.56;1.08961624;UNKNOWN
2016-03-07T03:18:30.000000;2016-03-07T03:18:30.000000;8bd70783-3ede-4145-8e46-2a8ec798cf5b;404.5;3.91038376;UNKNOWN
2016-03-07T03:18:47.000000;2016-03-07T03:18:47.000000;b5e5ba41-1170-47d8-b10e-18e5dec250a9;404.57;5.0;UNKNOWN
2016-03-07T03:18:51.000000;2016-03-07T03:18:51.000000;46176f57-b315-4b9c-93fd-3002222d9182;404.47;0.026;UNKNOWN
2016-03-07T03:18:58.000000;2016-03-07T03:18:58.000000;a8cc9815-a29e-4fca-a4d0-f5aaa4912219;404.47;0.14;UNKNOWN
2016-03-07T03:19:00.000000;2016-03-07T03:19:00.000000;26006c78-d6b2-4e81-b20f-e669760b3482;404.57;5.0;UNKNOWN
2016-03-07T03:19:14.000000;2016-03-07T03:19:14.000000;06436f82-2d58-445c-a7de-34e2bc956116;404.58;1.41;UNKNOWN
2016-03-07T03:19:14.000000;2016-03-07T03:19:14.000000;04fef3f5-bd39-4217-a01f-41bc8242464f;404.57;3.59;UNKNOWN
2016-03-07T03:19:26.000000;2016-03-07T03:19:26.000000;8724a8c7-1221-46d8-b12f-dc0786351201;404.58;1.4;UNKNOWN
2016-03-07T03:19:26.000000;2016-03-07T03:19:26.000000;68ace540-1002-4225-90eb-201e584455f8;404.58;1.59;UNKNOWN
2016-03-07T03:19:26.000000;2016-03-07T03:19:26.000000;f8b4e311-7911-428b-978b-ab80120209ae;404.7;1.65;UNKNOWN
2016-03-07T03:19:26.000000;2016-03-07T03:19:26.000000;5121cefc-b8e0-4515-abc7-020e5c6e7b70;404.69;0.36;UNKNOWN
2016-03-07T03:19:37.000000;2016-03-07T03:19:37.000000;8f38268a-6d0d-42f5-b4a7-b50f696979cb;404.59;0.5;UNKNOWN
2016-03-07T03:19:37.000000;2016-03-07T03:19:37.000000;f9abbc25-60f5-4909-8579-b12bee86a713;404.59;3.0;UNKNOWN
2016-03-07T03:19:37.000000;2016-03-07T03:19:37.000000;a93a6e52-70e8-433b-b793-bc392895a44b;404.6;1.5;UNKNOWN
2016-03-07T03:19:49.000000;2016-03-07T03:19:49.000000;86c6dbd7-eceb-4c19-8918-82f2b78804c0;404.6;5.0;UNKNOWN
2016-03-07T03:20:01.000000;2016-03-07T03:20:01.000000;acfadb0c-36fb-4a52-9fe5-937bcaae7517;404.69;2.87754;UNKNOWN
2016-03-07T03:20:01.000000;2016-03-07T03:20:01.000000;ae27a79a-7d1a-42c3-bc5b-b9ddfb622fad;404.6;2.12246;UNKNOWN
2016-03-07T03:20:12.000000;2016-03-07T03:20:12.000000;2ba2d93a-b0ef-4307-af54-7b8893b9ea72;404.69;1.95;UNKNOWN
2016-03-07T03:20:28.000000;2016-03-07T03:20:28.000000;2807482a-c510-454c-8389-d7f8fc586502;404.69;0.00384467;UNKNOWN
2016-03-07T03:20:28.000000;2016-03-07T03:20:28.000000;1e85c2df-efe7-446e-a40f-69e989b32853;404.47;0.04949692;UNKNOWN
2016-03-07T03:20:28.000000;2016-03-07T03:20:28.000000;e46c05f6-93fb-4f0b-a9ed-20d8c49b3969;404.73;1.82615533;UNKNOWN
2016-03-07T03:20:40.000000;2016-03-07T03:20:40.000000;d5769049-bcb0-4722-8fff-b304f27d10b2;404.69;4.83;UNKNOWN
2016-03-07T03:20:51.000000;2016-03-07T03:20:51.000000;b9ab63d7-80b3-49d5-9831-564a9d254615;404.76;1.83;UNKNOWN
2016-03-07T03:20:57.000000;2016-03-07T03:20:57.000000;a466b834-eef2-4ac4-a773-413a6f5cca9b;404.68;0.01;UNKNOWN
2016-03-07T03:20:58.000000;2016-03-07T03:20:58.000000;6c872f3b-d7a0-43b3-827d-344649bc1042;404.48;0.0142;UNKNOWN
2016-03-07T03:20:58.000000;2016-03-07T03:20:58.000000;0b2367e3-74e8-4e70-bce3-523e1d9216aa;404.68;0.04;UNKNOWN
2016-03-07T03:21:13.000000;2016-03-07T03:21:13.000000;0233dd58-e159-472b-b5ea-85621485a1c0;404.65;4.37;UNKNOWN
2016-03-07T03:21:25.000000;2016-03-07T03:21:25.000000;f100a2d3-aae8-4b0a-88d3-cbf25357ac17;404.65;4.81;UNKNOWN
2016-03-07T03:21:35.000000;2016-03-07T03:21:35.000000;19c06c4c-b00d-4921-b155-dff8d33b7cee;404.65;0.00421;UNKNOWN
2016-03-07T03:21:35.000000;2016-03-07T03:21:35.000000;cc90e065-3db9-4c5d-bc53-f34bff4830c2;404.76;0.33579;UNKNOWN
2016-03-07T03:21:58.000000;2016-03-07T03:21:58.000000;20ab6565-b616-4a0d-839d-8ef0d53b4845;404.76;0.14;UNKNOWN
2016-03-07T03:22:21.000000;2016-03-07T03:22:21.000000;6edf3ea4-5a05-443d-aec7-500ad8ab1f34;404.76;2.57;UNKNOWN
2016-03-07T03:22:37.000000;2016-03-07T03:22:37.000000;fbb71437-20d2-4deb-9eba-3e74fec8fcbb;404.76;0.82;UNKNOWN
2016-03-07T03:22:49.000000;2016-03-07T03:22:49.000000;1b5724f8-de4b-4cf5-97f6-86e003082e4a;404.8;4.83190993;UNKNOWN
2016-03-07T03:22:49.000000;2016-03-07T03:22:49.000000;3637a6b7-ff36-47c0-a8ec-6a77d4dfc4ab;404.84;2.36341014;UNKNOWN
2016-03-07T03:22:49.000000;2016-03-07T03:22:49.000000;7e49c523-7f29-4bff-8faa-52e668fe3cbe;404.74;1.83126;UNKNOWN
2016-03-07T03:22:49.000000;2016-03-07T03:22:49.000000;4c22c929-476e-4eff-b0f6-63f5eb6c8ba1;404.76;0.96611993;UNKNOWN
2016-03-07T03:22:53.000000;2016-03-07T03:22:53.000000;14867b2e-20b8-4b65-8199-4a28b00a5f3f;404.84;1.83;UNKNOWN
2016-03-07T03:23:06.000000;2016-03-07T03:23:06.000000;c2ac0343-5b47-49e1-a915-e18fc4220cb3;404.89;1.61;UNKNOWN
2016-03-07T03:23:06.000000;2016-03-07T03:23:06.000000;457885b0-d2d4-455e-bf9e-b79d3d82b9f9;404.89;2.2056553;UNKNOWN
2016-03-07T03:23:08.000000;2016-03-07T03:23:08.000000;895b9662-8f33-413e-be8d-09c36bff68cf;404.93;0.02452483;UNKNOWN
2016-03-07T03:23:17.000000;2016-03-07T03:23:17.000000;48ba1d79-1ea5-442a-842b-86c5614983d1;405.02;0.8;UNKNOWN
2016-03-07T03:23:28.000000;2016-03-07T03:23:28.000000;7ba79689-1553-4268-a891-a8e024fdf5f1;405.05;0.64;UNKNOWN
2016-03-07T03:23:48.000000;2016-03-07T03:23:48.000000;f7001c55-6451-4770-9603-6bf6911e619d;405.05;0.43;UNKNOWN
2016-03-07T03:24:00.000000;2016-03-07T03:24:00.000000;f0649ebd-1972-43c0-96bd-8ee2e5a3ce90;405.05;0.43;UNKNOWN
2016-03-07T03:24:05.000000;2016-03-07T03:24:05.000000;64fc5286-5ccf-4a93-8846-7f3f535a321e;404.68;0.1341;UNKNOWN
2016-03-07T03:24:14.000000;2016-03-07T03:24:14.000000;1e343f22-afc2-44b2-8d60-6175ddc6ad7b;405.01;0.43;UNKNOWN
2016-03-07T03:24:24.000000;2016-03-07T03:24:24.000000;21d635d9-0b28-40e6-9830-b505bda14791;404.91;1.03;UNKNOWN
2016-03-07T03:24:37.000000;2016-03-07T03:24:37.000000;6ff63eb7-8ae6-42b7-9e9e-f0fa9b3cbec7;404.91;1.66;UNKNOWN
2016-03-07T03:24:49.000000;2016-03-07T03:24:49.000000;52947abc-b0dd-4826-967e-f9c662760a56;404.91;0.84;UNKNOWN
2016-03-07T03:24:59.000000;2016-03-07T03:24:59.000000;81c2acf2-fe69-42af-8008-5abfe6111349;404.91;1.06;UNKNOWN
2016-03-07T03:25:09.000000;2016-03-07T03:25:09.000000;021186ee-2712-442e-851d-999ed2371e2d;404.91;0.11;UNKNOWN
2016-03-07T03:25:22.000000;2016-03-07T03:25:22.000000;336f7aa5-8388-41ce-a632-4514b7fc9868;405.14;1.16;UNKNOWN
2016-03-07T03:25:34.000000;2016-03-07T03:25:34.000000;6989d163-7783-4eec-b39b-5cd1ed1439a3;404.99;2.26;UNKNOWN
2016-03-07T03:25:46.000000;2016-03-07T03:25:46.000000;cebc6e0d-89e6-46e6-b11c-f304893479f6;404.99;1.12;UNKNOWN
2016-03-07T03:25:51.000000;2016-03-07T03:25:51.000000;6e0bc2a0-26bf-45e0-807d-870995a014f1;404.98;5.0;UNKNOWN
2016-03-07T03:25:59.000000;2016-03-07T03:25:59.000000;b1374751-be96-402d-8159-9d723f5f58b5;404.98;0.1;UNKNOWN
2016-03-07T03:26:00.000000;2016-03-07T03:26:00.000000;49c8ef04-b8ad-4040-9206-b97bb90437f1;404.76;0.0228;UNKNOWN
2016-03-07T03:26:11.000000;2016-03-07T03:26:11.000000;253fcd5c-40ac-4405-a866-22117e6130cc;404.98;0.5;UNKNOWN
2016-03-07T03:26:16.000000;2016-03-07T03:26:16.000000;338f6396-694f-4fa3-95b4-d9e4fd05c7a3;404.76;0.1417;UNKNOWN
2016-03-07T03:26:31.000000;2016-03-07T03:26:31.000000;b6301829-da9c-4be2-ae8b-49e5de45b231;405.01;0.5;UNKNOWN
2016-03-07T03:26:41.000000;2016-03-07T03:26:41.000000;9c059e53-95a5-42f6-9bdc-1e3f34ff2c09;405.01;1.31;UNKNOWN
2016-03-07T03:26:54.000000;2016-03-07T03:26:54.000000;fe9d6f6e-8fae-40de-8dad-97a28c4233d0;405.14;0.34;UNKNOWN
2016-03-07T03:27:13.000000;2016-03-07T03:27:13.000000;b9d45f9d-ebeb-4e17-aa3c-cb612276a7e0;405.01;0.07;UNKNOWN
2016-03-07T03:27:24.000000;2016-03-07T03:27:24.000000;867c366e-b154-463d-bdfb-dadd99abba2c;405.0;0.54;UNKNOWN
2016-03-07T03:27:33.000000;2016-03-07T03:27:33.000000;9de539c7-7c0f-4b51-bf61-92bd09fe3ec1;404.84;0.6;UNKNOWN
2016-03-07T03:27:34.000000;2016-03-07T03:27:34.000000;a762bd95-29c6-48e3-befd-2a64f3fd1ccf;405.0;0.56;UNKNOWN
2016-03-07T03:27:51.000000;2016-03-07T03:27:51.000000;48f56c3b-ce80-449d-bccc-b2a6a5ab0973;405.01;0.46;UNKNOWN
2016-03-07T03:28:01.000000;2016-03-07T03:28:01.000000;a4965a5e-0427-4968-9790-ea784174e952;405.01;1.09;UNKNOWN
2016-03-07T03:28:02.000000;2016-03-07T03:28:02.000000;7e59c0d1-0f9c-4e85-a74d-022ae8aa633b;405.09;4.0;UNKNOWN
2016-03-07T03:28:13.000000;2016-03-07T03:28:13.000000;5de286cf-aadf-40bc-9229-9caf3f7b062e;405.16;2.81;UNKNOWN
2016-03-07T03:28:23.000000;2016-03-07T03:28:23.000000;75d19d15-b7d5-427d-b01a-638b99b57a6f;405.24;0.11;UNKNOWN
2016-03-07T03:28:32.000000;2016-03-07T03:28:32.000000;aa676633-dca1-4298-acae-962cf5ca5b2b;405.2;0.5;UNKNOWN
2016-03-07T03:28:43.000000;2016-03-07T03:28:43.000000;b1f01aa7-cfe4-4f70-9c53-9bd2657a48cc;405.2;0.5;UNKNOWN
2016-03-07T03:28:55.000000;2016-03-07T03:28:55.000000;704fcb2d-4036-4837-8e09-31613077f2c0;405.2;0.99;UNKNOWN
2016-03-07T03:28:57.000000;2016-03-07T03:28:57.000000;cf029aa2-c426-47f8-b575-15aa2993aa97;405.45;2.554738;UNKNOWN
2016-03-07T03:28:57.000000;2016-03-07T03:28:57.000000;abcc602b-2f32-46f8-9507-99ec18d1039a;405.44;8.21;UNKNOWN
2016-03-07T03:28:57.000000;2016-03-07T03:28:57.000000;c8c9eb86-fce0-4c39-bc9d-77c673503f32;405.4;4.82672072;UNKNOWN
2016-03-07T03:28:57.000000;2016-03-07T03:28:57.000000;3fe5ba94-b87d-48d6-82e0-1e97a4933407;405.4;0.01;UNKNOWN
2016-03-07T03:28:57.000000;2016-03-07T03:28:57.000000;0d264b5a-75df-49e4-81a6-05963409a46c;405.43;4.82672072;UNKNOWN
2016-03-07T03:28:57.000000;2016-03-07T03:28:57.000000;c1c7bccf-d0b9-42a5-b05d-80fea8618554;405.39;15.9779;UNKNOWN
2016-03-07T03:28:57.000000;2016-03-07T03:28:57.000000;eb189f1f-1670-488e-96d5-1d57a883d4d2;405.3;0.01;UNKNOWN
2016-03-07T03:28:57.000000;2016-03-07T03:28:57.000000;3ee93977-a35e-4bb2-ac2c-56b7ab4398e1;405.2;8.4228;UNKNOWN
2016-03-07T03:29:05.000000;2016-03-07T03:29:05.000000;3ba1764c-7a09-4187-8340-88716cdd66ef;405.51;0.57815745;UNKNOWN
2016-03-07T03:29:05.000000;2016-03-07T03:29:05.000000;4911add7-a9a3-4132-877a-65ff291b5896;405.5;0.01;UNKNOWN
2016-03-07T03:29:08.000000;2016-03-07T03:29:08.000000;eecc1871-08c4-4a99-9eff-ac842c594fa9;405.51;0.26;UNKNOWN
2016-03-07T03:29:19.000000;2016-03-07T03:29:19.000000;1ccc18e0-bb36-424c-97b3-a0d5e06a1532;405.48;0.03763157;UNKNOWN
2016-03-07T03:29:25.000000;2016-03-07T03:29:25.000000;70988f6f-6edd-4bac-bb51-f132a76936ab;405.48;0.25;UNKNOWN
2016-03-07T03:29:37.000000;2016-03-07T03:29:37.000000;b89c5849-686e-42c6-8b51-6ed66e51a2c7;405.48;0.74;UNKNOWN
2016-03-07T03:29:46.000000;2016-03-07T03:29:46.000000;cb077c23-d940-4584-b3b2-380f1ba97c08;405.28;0.52680335;UNKNOWN
2016-03-07T03:29:52.000000;2016-03-07T03:29:52.000000;6a02b7c2-1e49-4e0a-a20b-5884df45a3a9;405.28;0.2;UNKNOWN
2016-03-07T03:29:55.000000;2016-03-07T03:29:55.000000;098decc2-0a18-49b8-a38c-329517adca2b;405.48;1.48;UNKNOWN
2016-03-07T03:30:05.000000;2016-03-07T03:30:05.000000;d69b4c21-97b1-4f2f-bbfd-b4011446c648;405.52;0.02;UNKNOWN
2016-03-07T03:30:15.000000;2016-03-07T03:30:15.000000;edb2e95f-b41d-45ab-a4fa-8297c8865927;405.52;0.12480727;UNKNOWN
2016-03-07T03:30:15.000000;2016-03-07T03:30:15.000000;7d27d412-5475-4e2c-818f-0dc8eafe1533;405.57;0.12519273;UNKNOWN
2016-03-07T03:30:18.000000;2016-03-07T03:30:18.000000;5526b5ce-0b45-4114-918d-39b4ebe76b67;405.28;5.42699665;UNKNOWN
2016-03-07T03:30:18.000000;2016-03-07T03:30:18.000000;a86c1f6c-1f93-4480-bdef-07b19b29bd6d;405.28;0.027;UNKNOWN
2016-03-07T03:30:30.000000;2016-03-07T03:30:30.000000;6fa996cf-8113-4be3-8c25-491fdb102873;405.27;5.0;UNKNOWN
2016-03-07T03:30:45.000000;2016-03-07T03:30:45.000000;f3caf941-8a6f-4bea-84e9-bfbfccfece42;405.06;0.5;UNKNOWN
2016-03-07T03:30:58.000000;2016-03-07T03:30:58.000000;e9dc9db5-7d8d-4868-b26a-baf2a05b5021;405.06;0.5;UNKNOWN
2016-03-07T03:31:11.000000;2016-03-07T03:31:11.000000;a15890b6-6724-4db4-8079-5227d6f3df9e;405.18;0.5;UNKNOWN
2016-03-07T03:31:21.000000;2016-03-07T03:31:21.000000;3567ad8d-4242-4614-a241-fa420d0db00b;405.18;0.5;UNKNOWN
2016-03-07T03:31:44.000000;2016-03-07T03:31:44.000000;95505791-ec41-4ee7-adc4-dbd375556bae;405.18;0.3;UNKNOWN
2016-03-07T03:32:04.000000;2016-03-07T03:32:04.000000;d0d13981-4d9a-4ae9-ad51-fc53bfb108f5;405.18;0.46;UNKNOWN
2016-03-07T03:32:06.000000;2016-03-07T03:32:06.000000;f3da2c67-16d1-4843-a429-30d1a1943a05;405.1;0.10301565;UNKNOWN
2016-03-07T03:32:08.000000;2016-03-07T03:32:08.000000;c5a2e5d0-3332-4010-9ee0-261c8104456c;405.1;2.0;UNKNOWN
2016-03-07T03:32:13.000000;2016-03-07T03:32:13.000000;999927bd-9131-4aa3-a911-8181fc8dbc42;405.01;0.83;UNKNOWN
2016-03-07T03:32:26.000000;2016-03-07T03:32:26.000000;e6baae19-5c6f-4793-b2ad-abfc717142e9;405.03;3.37;UNKNOWN
2016-03-07T03:32:37.000000;2016-03-07T03:32:37.000000;424ccdb7-4cef-4966-b227-466064e124a0;405.03;0.5;UNKNOWN
2016-03-07T03:32:49.000000;2016-03-07T03:32:49.000000;02379517-70c3-4383-ba0c-96a7aaa85067;405.03;0.5;UNKNOWN
2016-03-07T03:33:02.000000;2016-03-07T03:33:02.000000;03a9d7fa-1e43-4579-b1a0-cfa6adfc832d;405.03;0.1;UNKNOWN
2016-03-07T03:33:12.000000;2016-03-07T03:33:12.000000;a6aadba8-51cb-42de-bf4b-acb866c94e18;405.01;0.5;UNKNOWN
2016-03-07T03:33:23.000000;2016-03-07T03:33:23.000000;f0df27ba-4da6-4ed6-9eb1-284fea205b1e;405.0;1.0;UNKNOWN
2016-03-07T03:33:25.000000;2016-03-07T03:33:25.000000;a2fef2df-3911-4df5-9542-01053a868ec1;405.01;0.48;UNKNOWN
2016-03-07T03:33:27.000000;2016-03-07T03:33:27.000000;ee05f3e6-eacc-48fb-bb9d-642330add811;405.07;5.98;UNKNOWN
2016-03-07T03:33:27.000000;2016-03-07T03:33:27.000000;f1cbbe8b-dce6-435f-8f48-b71b8e940b1f;405.01;0.02;UNKNOWN
2016-03-07T03:33:40.000000;2016-03-07T03:33:40.000000;bd9cd5b3-0ad9-421e-a891-c5ad437ad2d9;405.01;0.36;UNKNOWN
2016-03-07T03:33:52.000000;2016-03-07T03:33:52.000000;fffdce6e-97eb-44aa-8cdf-6c8da6a6a811;405.01;1.48;UNKNOWN
2016-03-07T03:34:15.000000;2016-03-07T03:34:15.000000;72f1a2d5-fb3a-4cd9-b160-9d21c151473d;405.01;0.5;UNKNOWN
2016-03-07T03:34:28.000000;2016-03-07T03:34:28.000000;7296bf53-e26c-4fa6-88d6-25e797022184;405.01;0.58;UNKNOWN
2016-03-07T03:34:40.000000;2016-03-07T03:34:40.000000;a1926637-a3ba-4ec1-a852-b499d180cb25;405.01;1.57;UNKNOWN
2016-03-07T03:34:47.000000;2016-03-07T03:34:47.000000;4699b542-0413-4a32-adb4-5149b1c4df9b;405.0;0.017;UNKNOWN
2016-03-07T03:34:51.000000;2016-03-07T03:34:51.000000;a479e083-4ca4-47f9-bc52-95d3e6530b9d;405.01;1.21;UNKNOWN
2016-03-07T03:35:08.000000;2016-03-07T03:35:08.000000;41cbe7fc-9293-4379-b146-336e6e4569c5;405.0;0.1334668;UNKNOWN
2016-03-07T03:35:10.000000;2016-03-07T03:35:10.000000;08421db5-67db-4690-8468-a556285c44df;405.01;5.0;UNKNOWN
2016-03-07T03:35:30.000000;2016-03-07T03:35:30.000000;203b098d-976a-473c-9c69-5f017c6601d1;405.08;0.5;UNKNOWN
2016-03-07T03:35:41.000000;2016-03-07T03:35:41.000000;96765407-ad7f-4208-bde6-719b27554366;405.08;0.49758309;UNKNOWN
2016-03-07T03:35:41.000000;2016-03-07T03:35:41.000000;e4454b16-1b7b-4250-95c3-f3822b800b58;405.22;0.00241691;UNKNOWN
2016-03-07T03:35:48.000000;2016-03-07T03:35:48.000000;7ba3e362-2166-4237-8b5c-b92c7b4dbdd9;405.16;2.72684625;UNKNOWN
2016-03-07T03:35:58.000000;2016-03-07T03:35:58.000000;c6823ae7-30b2-43dc-b045-acdfe384705e;405.0;0.2;UNKNOWN
2016-03-07T03:37:08.000000;2016-03-07T03:37:08.000000;7bfc4fc3-6683-4cbb-b098-feca32f87e9a;405.0;0.02498537;UNKNOWN
2016-03-07T03:37:09.000000;2016-03-07T03:37:09.000000;bb208784-94b0-47d4-b3e6-b40d5164f52d;405.04;0.51;UNKNOWN
2016-03-07T03:37:19.000000;2016-03-07T03:37:19.000000;acd6b12b-71b4-4824-aa6d-c0370fdf5b86;405.04;0.49;UNKNOWN
2016-03-07T03:37:28.000000;2016-03-07T03:37:28.000000;ddfd6916-7944-479a-860a-2a8ef0a4b5e9;405.16;0.35;UNKNOWN
2016-03-07T03:37:41.000000;2016-03-07T03:37:41.000000;929d8c37-dcc3-405d-83d1-74ea551df30b;405.17;0.5;UNKNOWN
2016-03-07T03:37:53.000000;2016-03-07T03:37:53.000000;1e1c1283-ef29-443d-ae9a-bc8a5fca5587;405.16;0.97;UNKNOWN
2016-03-07T03:38:06.000000;2016-03-07T03:38:06.000000;594ed834-c39d-4215-8b2e-01b20b81dc80;405.16;0.25034625;UNKNOWN
2016-03-07T03:38:07.000000;2016-03-07T03:38:07.000000;bf406870-ce1c-4fc1-9a7a-3860e3f60af5;405.16;1.2;UNKNOWN
2016-03-07T03:39:15.000000;2016-03-07T03:39:15.000000;0e939093-e543-47af-8d82-c8a68f969212;405.26;0.5;UNKNOWN
2016-03-07T03:39:37.000000;2016-03-07T03:39:37.000000;ae28c39c-ef0f-4ae0-b1d5-a1cbfc61a81f;405.26;0.25;UNKNOWN
2016-03-07T03:39:48.000000;2016-03-07T03:39:48.000000;0ef9f577-3a2e-4ec0-bd9c-d2a8442f3a6b;405.28;1.15;UNKNOWN
2016-03-07T03:40:00.000000;2016-03-07T03:40:00.000000;aee93394-5c52-433a-a651-c0f04e497fb9;405.27;5.0;UNKNOWN
2016-03-07T03:40:12.000000;2016-03-07T03:40:12.000000;2e0717f6-3322-4fd0-9110-551a00332454;405.27;0.01;UNKNOWN
2016-03-07T03:40:18.000000;2016-03-07T03:40:18.000000;2c3d1974-71d9-46ec-90f9-bab220981362;405.13;0.12357731;UNKNOWN
2016-03-07T03:40:41.000000;2016-03-07T03:40:41.000000;d4f3cd97-0fb3-4120-ad12-85247f79cfc8;405.27;0.25;UNKNOWN
2016-03-07T03:40:53.000000;2016-03-07T03:40:53.000000;c4ac6e36-403c-4f91-8f06-618ebde0483a;405.27;5.0;UNKNOWN
2016-03-07T03:40:54.000000;2016-03-07T03:40:54.000000;25c183f7-9066-4816-96a7-4ebc1096d95d;405.27;19.89226266;UNKNOWN
2016-03-07T03:41:05.000000;2016-03-07T03:41:05.000000;22a427b0-ae3c-4956-9ae8-9e5d4f0faf7e;405.28;0.01105848;UNKNOWN
2016-03-07T03:41:06.000000;2016-03-07T03:41:06.000000;38fde5f2-943d-43c9-a66d-0c469bb29bbf;405.28;1.06;UNKNOWN
2016-03-07T03:41:27.000000;2016-03-07T03:41:27.000000;2c6c80da-8ff5-4e33-b76f-6be940a7854c;405.28;0.5;UNKNOWN
2016-03-07T03:41:37.000000;2016-03-07T03:41:37.000000;09e9e025-359a-4513-bcbe-dab5c504a388;405.28;0.26332961;UNKNOWN
2016-03-07T03:41:37.000000;2016-03-07T03:41:37.000000;51599019-8640-49f1-9453-cc7222b920c9;405.43;0.80667039;UNKNOWN
2016-03-07T03:41:49.000000;2016-03-07T03:41:49.000000;ff2f15fa-2216-436e-b57e-7406bc967eb8;405.42;0.5;UNKNOWN
2016-03-07T03:42:00.000000;2016-03-07T03:42:00.000000;b15390e0-cc2a-437c-9168-94965a8a60b6;405.58;0.10587994;UNKNOWN
2016-03-07T03:42:00.000000;2016-03-07T03:42:00.000000;2730c745-b066-4d51-aa4a-35c6ea98a6c2;405.58;0.05139433;UNKNOWN
2016-03-07T03:42:00.000000;2016-03-07T03:42:00.000000;c61cb2aa-3676-46ab-a128-1f0506449112;405.58;0.25;UNKNOWN
2016-03-07T03:42:13.000000;2016-03-07T03:42:13.000000;257cb431-82ce-42c6-b3ea-d15b5f022da2;405.56;0.5;UNKNOWN
2016-03-07T03:42:17.000000;2016-03-07T03:42:17.000000;c6d6d2eb-0418-4b87-b65e-0665f46cc341;405.4;1.0;UNKNOWN
2016-03-07T03:42:28.000000;2016-03-07T03:42:28.000000;864a0f08-5d6a-419e-bd7e-51f558bec4d9;405.42;3.31;UNKNOWN
2016-03-07T03:42:41.000000;2016-03-07T03:42:41.000000;080978ff-791f-4172-bd6d-8c374e0e5878;405.4;1.0;UNKNOWN
2016-03-07T03:42:51.000000;2016-03-07T03:42:51.000000;c9b00f77-97e2-41ec-b01a-abd8cf0292de;405.42;0.43;UNKNOWN
2016-03-07T03:42:56.000000;2016-03-07T03:42:56.000000;7421ca8a-4847-470f-84cb-585726125ef0;405.25;0.1352;UNKNOWN
2016-03-07T03:43:03.000000;2016-03-07T03:43:03.000000;1bb09595-60b8-4928-8621-39f140726c01;405.42;0.85;UNKNOWN
2016-03-07T03:43:14.000000;2016-03-07T03:43:14.000000;8493b4d7-9ea6-4070-bc92-a48d9e089b09;405.42;2.15;UNKNOWN
2016-03-07T03:43:25.000000;2016-03-07T03:43:25.000000;e2eb0a9c-adbc-420e-ac88-e8045f630419;405.6;0.01;UNKNOWN
2016-03-07T03:43:25.000000;2016-03-07T03:43:25.000000;7db2e613-673f-4ec2-bad7-8225cb58ee76;405.7;0.51096528;UNKNOWN
2016-03-07T03:43:25.000000;2016-03-07T03:43:25.000000;67a25489-689a-4102-b2b9-2c0a6039debd;405.7;4.82445031;UNKNOWN
2016-03-07T03:43:25.000000;2016-03-07T03:43:25.000000;17eac2b8-40e8-4942-aeaf-e89c0ae79d92;405.57;12.9775;UNKNOWN
2016-03-07T03:43:25.000000;2016-03-07T03:43:25.000000;6887edfc-5162-4485-a755-8f57d5b03178;405.7;0.01;UNKNOWN
2016-03-07T03:43:26.000000;2016-03-07T03:43:26.000000;ce0dc194-456d-474a-bf11-3e7c6f62d4ad;405.7;2.77;UNKNOWN
2016-03-07T03:43:36.000000;2016-03-07T03:43:36.000000;45655979-a2c7-4706-86bb-a39b540a50e3;405.7;0.77;UNKNOWN
2016-03-07T03:43:46.000000;2016-03-07T03:43:46.000000;04ab6a52-9d1d-4799-a64b-84637ca5cf1f;405.7;0.5;UNKNOWN
2016-03-07T03:43:57.000000;2016-03-07T03:43:57.000000;4fc7bd9d-d95c-4e0a-93af-0b8f160a2e28;405.7;0.5;UNKNOWN
2016-03-07T03:44:10.000000;2016-03-07T03:44:10.000000;e9823769-35fe-4e69-814a-1082618581fd;405.7;1.34;UNKNOWN
2016-03-07T03:44:15.000000;2016-03-07T03:44:15.000000;e569d629-f774-4fb9-a757-db8adeb3bb52;405.57;0.0841;UNKNOWN
2016-03-07T03:44:19.000000;2016-03-07T03:44:19.000000;a25f9a32-2e66-4ac7-aca5-409f60dafb49;405.56;0.5;UNKNOWN
2016-03-07T03:44:27.000000;2016-03-07T03:44:27.000000;b0242443-5889-45e3-ac42-f15cfa0c3468;405.7;0.5;UNKNOWN
2016-03-07T03:44:38.000000;2016-03-07T03:44:38.000000;9b8f7552-1492-48df-9c68-7c248f6fd805;405.72;0.5;UNKNOWN
2016-03-07T03:44:51.000000;2016-03-07T03:44:51.000000;8737a60b-4446-42fc-89e0-c0b25d7e5e4c;405.72;0.33;UNKNOWN
2016-03-07T03:45:06.000000;2016-03-07T03:45:06.000000;5bd6d700-7d6d-4839-a17e-5930702dd287;405.72;0.5;UNKNOWN
2016-03-07T03:45:17.000000;2016-03-07T03:45:17.000000;e77978e1-51ee-414c-85ff-13393ac426ca;405.72;0.5;UNKNOWN
2016-03-07T03:45:26.000000;2016-03-07T03:45:26.000000;42389453-053f-4836-8abc-d9b87c9a613a;405.72;0.5;UNKNOWN
2016-03-07T03:45:38.000000;2016-03-07T03:45:38.000000;aa110a7a-283d-4469-96b6-4815753fd16c;405.72;0.6;UNKNOWN
2016-03-07T03:45:50.000000;2016-03-07T03:45:50.000000;1b027449-a8ec-46d7-9751-b11061c668f5;405.72;0.01;UNKNOWN
2016-03-07T03:46:02.000000;2016-03-07T03:46:02.000000;42677574-2f40-4361-ad82-1d7a72dd36fb;405.72;0.24;UNKNOWN
2016-03-07T03:46:05.000000;2016-03-07T03:46:05.000000;1fefd9c2-c98e-4812-bf45-66dc832a94f1;405.72;1.10540802;UNKNOWN
2016-03-07T03:46:13.000000;2016-03-07T03:46:13.000000;95be2edb-3ca6-45cc-8ba6-d60b62cc12d1;405.71;0.52;UNKNOWN
2016-03-07T03:46:14.000000;2016-03-07T03:46:14.000000;52442f13-f74d-4855-9134-0328f55c7fb3;405.61;0.0232;UNKNOWN
2016-03-07T03:46:28.000000;2016-03-07T03:46:28.000000;a33bf1fc-6357-42cc-a461-e6c5175e8f2f;405.72;0.52;UNKNOWN
2016-03-07T03:46:42.000000;2016-03-07T03:46:42.000000;9c1c40e0-9690-4841-ba8c-8e5db7d06203;405.72;0.1;UNKNOWN
2016-03-07T03:46:58.000000;2016-03-07T03:46:58.000000;9bb1395c-e77a-443a-8841-cdb831ee36bf;405.72;0.25;UNKNOWN
2016-03-07T03:48:01.000000;2016-03-07T03:48:01.000000;f6a7cb36-bae0-4a6c-bde5-d33963b75704;405.72;0.23;UNKNOWN
2016-03-07T03:48:13.000000;2016-03-07T03:48:13.000000;ea42ffc5-e0e8-4374-9752-95d69dcd5d7b;405.72;0.75;UNKNOWN
2016-03-07T03:48:24.000000;2016-03-07T03:48:24.000000;56871c69-77b5-4d6f-b227-2f8ed93b97eb;405.72;0.1;UNKNOWN
2016-03-07T03:48:35.000000;2016-03-07T03:48:35.000000;e9c16516-c624-4815-b6db-7c185c495611;405.72;1.09;UNKNOWN
2016-03-07T03:48:46.000000;2016-03-07T03:48:46.000000;0f0dfc57-10cf-477e-af8a-b42726869e3b;405.72;5.0;UNKNOWN
2016-03-07T03:49:01.000000;2016-03-07T03:49:01.000000;a1a18320-6c31-4812-82b4-f5b8cced10bc;405.76;4.82427575;UNKNOWN
2016-03-07T03:49:01.000000;2016-03-07T03:49:01.000000;cc8bad88-5a81-4ed1-9910-866e3ce17712;405.76;0.17572425;UNKNOWN
2016-03-07T03:49:13.000000;2016-03-07T03:49:13.000000;443abff2-4c58-4178-8ea7-5fab603b0075;405.7;5.0;UNKNOWN
2016-03-07T03:49:24.000000;2016-03-07T03:49:24.000000;28936c9c-d3dc-4c31-b13d-793a6e7c30c7;405.71;5.0;UNKNOWN
2016-03-07T03:49:36.000000;2016-03-07T03:49:36.000000;5bec8c34-9f84-4b54-89f2-2b6434081d04;405.71;4.68;UNKNOWN
2016-03-07T03:50:06.000000;2016-03-07T03:50:06.000000;5da36c0a-2840-4732-a4bc-c755e64b3884;405.71;0.5;UNKNOWN
2016-03-07T03:50:21.000000;2016-03-07T03:50:21.000000;10c00110-dcda-45a7-9ab5-dbd0c18928f7;405.66;1.0;UNKNOWN
2016-03-07T03:50:27.000000;2016-03-07T03:50:27.000000;9db64983-5bcf-4ac0-bb39-c304359cd512;405.74;0.25;UNKNOWN
2016-03-07T03:50:32.000000;2016-03-07T03:50:32.000000;742b684a-3451-4b18-b3a1-b5981d90b339;405.74;1.0;UNKNOWN
2016-03-07T03:50:40.000000;2016-03-07T03:50:40.000000;b8a31d96-5bd8-4079-9a93-37f7e6921d54;405.74;1.25;UNKNOWN
2016-03-07T03:50:51.000000;2016-03-07T03:50:51.000000;413352e5-b932-49b6-89a0-52313724b8a1;405.77;0.46;UNKNOWN
2016-03-07T03:51:00.000000;2016-03-07T03:51:00.000000;38e3430f-d7b3-4e5d-8a32-5237e8ee6af9;405.74;0.01;UNKNOWN
2016-03-07T03:51:00.000000;2016-03-07T03:51:00.000000;4cba8891-1dc5-4f17-aa30-904656396692;405.77;0.42;UNKNOWN
2016-03-07T03:51:06.000000;2016-03-07T03:51:06.000000;a5abd016-b29c-4b73-a8cc-d6f46dde8a19;405.77;0.25;UNKNOWN
2016-03-07T03:51:17.000000;2016-03-07T03:51:17.000000;3571ba4c-c86d-4cad-b7c6-65e9a2a289f8;405.77;0.86;UNKNOWN
2016-03-07T03:51:27.000000;2016-03-07T03:51:27.000000;3b5cf541-10ed-419e-ac78-1a0ac4111cc1;405.77;0.71;UNKNOWN
2016-03-07T03:51:33.000000;2016-03-07T03:51:33.000000;58cf97cc-6895-4032-809f-f5e2e83abc10;405.68;0.0546;UNKNOWN
2016-03-07T03:51:33.000000;2016-03-07T03:51:33.000000;1e2f6859-cbdc-4546-88e4-75288487ebfe;405.73;0.05;UNKNOWN
2016-03-07T03:51:33.000000;2016-03-07T03:51:33.000000;d59d2a5a-feb3-41b4-b02f-8aebfab5cd04;405.73;0.02;UNKNOWN
2016-03-07T03:51:38.000000;2016-03-07T03:51:38.000000;6050842f-85ca-4ed4-b3f5-960d514a9c2a;405.77;0.82;UNKNOWN
2016-03-07T03:51:39.000000;2016-03-07T03:51:39.000000;475850d9-c4df-4e27-adff-c24d9fc7a2c0;405.68;0.4454;UNKNOWN
2016-03-07T03:51:39.000000;2016-03-07T03:51:39.000000;ebeaa6c6-795b-4172-bb02-1fdc26ed4822;405.35;2.687698;UNKNOWN
2016-03-07T03:51:39.000000;2016-03-07T03:51:39.000000;8833e557-e4e4-4b55-95f2-be7194615606;405.67;3.0;UNKNOWN
2016-03-07T03:51:39.000000;2016-03-07T03:51:39.000000;0fd0d98c-834f-4035-abc1-8391e47667bf;405.73;0.066902;UNKNOWN
2016-03-07T03:51:41.000000;2016-03-07T03:51:41.000000;89c81ed8-c6e3-4027-8a59-12c131ca2225;405.35;0.2536464;UNKNOWN
2016-03-07T03:51:41.000000;2016-03-07T03:51:41.000000;fd8230e5-3118-4f1f-b41d-e83c678105ee;405.68;0.5;UNKNOWN
2016-03-07T03:51:50.000000;2016-03-07T03:51:50.000000;4a5b0b46-e5ac-4776-95b6-30d3d3e43fe2;405.76;0.63;UNKNOWN
2016-03-07T03:52:08.000000;2016-03-07T03:52:08.000000;608a82fb-0010-4bfc-8cae-04d97873a6f9;405.76;0.9;UNKNOWN
2016-03-07T03:52:21.000000;2016-03-07T03:52:21.000000;dd02fc50-9672-4862-bb5f-9988b2654cb2;405.77;0.5;UNKNOWN
2016-03-07T03:52:30.000000;2016-03-07T03:52:30.000000;6ae731b0-726c-4b3b-8347-b050d0bb4745;405.77;0.49;UNKNOWN
2016-03-07T03:52:43.000000;2016-03-07T03:52:43.000000;b902d86f-fbe6-4f79-ac56-786cd6e1a83c;405.77;0.01;UNKNOWN
2016-03-07T03:52:55.000000;2016-03-07T03:52:55.000000;438b79ea-b9a4-4886-981e-d864b8655efe;405.77;0.1;UNKNOWN
2016-03-07T03:53:07.000000;2016-03-07T03:53:07.000000;74ca3448-f152-4f23-9db8-44ac1689a708;405.77;0.38;UNKNOWN
2016-03-07T03:53:16.000000;2016-03-07T03:53:16.000000;863b4d77-4c4a-4c0f-a62c-c4876019723b;405.79;4.49;UNKNOWN
2016-03-07T03:53:26.000000;2016-03-07T03:53:26.000000;1bf10332-fabe-4d7c-a955-0230dfd8808c;405.79;0.07;UNKNOWN
2016-03-07T03:53:45.000000;2016-03-07T03:53:45.000000;afca9c74-e361-4e5c-b647-ad2482e78c1d;405.8;0.01;UNKNOWN
2016-03-07T03:53:45.000000;2016-03-07T03:53:45.000000;46167021-1454-46e8-b8b2-b66c1f096049;405.9;0.01;UNKNOWN
2016-03-07T03:53:45.000000;2016-03-07T03:53:45.000000;9aaa4029-2d6e-4ca7-9665-2763de7da923;405.79;0.44;UNKNOWN
2016-03-07T03:53:50.000000;2016-03-07T03:53:50.000000;5083a78b-ddf6-4493-a040-3a3fe1bd3b93;405.97;0.11;UNKNOWN
2016-03-07T03:54:44.000000;2016-03-07T03:54:44.000000;d6758960-2287-4d64-a85b-e24ba40ef427;405.97;0.5;UNKNOWN
2016-03-07T03:54:55.000000;2016-03-07T03:54:55.000000;5d34f869-6aee-493a-ad09-33c444808624;405.97;0.66;UNKNOWN
2016-03-07T03:55:04.000000;2016-03-07T03:55:04.000000;897811c5-0a29-42ef-a85c-9507e85d7007;405.97;0.5;UNKNOWN
2016-03-07T03:55:13.000000;2016-03-07T03:55:13.000000;577a7ccf-b275-4ef3-90fc-108fa90f55fb;405.97;1.05;UNKNOWN
2016-03-07T03:55:28.000000;2016-03-07T03:55:28.000000;74175c59-e6a4-4330-9a36-e4ce8f3c41d1;405.97;0.43;UNKNOWN
2016-03-07T03:55:37.000000;2016-03-07T03:55:37.000000;45508024-6468-4586-90e6-1241f7d187e8;405.97;0.49;UNKNOWN
2016-03-07T03:55:47.000000;2016-03-07T03:55:47.000000;c806dd1e-f998-4981-8c61-b8c5528b3fc6;405.97;0.13;UNKNOWN
2016-03-07T03:55:58.000000;2016-03-07T03:55:58.000000;53921d55-6fb6-4efa-b026-570bbaeb1af3;405.97;0.89;UNKNOWN
2016-03-07T03:56:06.000000;2016-03-07T03:56:06.000000;1abfac34-90ee-4599-91fd-e503cbea7634;405.97;0.14689321;UNKNOWN
2016-03-07T03:56:12.000000;2016-03-07T03:56:12.000000;51cb2123-3c2a-4e5b-a695-f3cafced5dec;405.98;0.81689321;UNKNOWN
2016-03-07T03:56:12.000000;2016-03-07T03:56:12.000000;d4b7cc5f-4e6e-41ab-9c6d-a76feb114919;405.97;0.09310679;UNKNOWN
2016-03-07T03:56:13.000000;2016-03-07T03:56:13.000000;e72b69f3-50a4-40a2-88f3-0564b82dae5f;405.98;4.18310679;UNKNOWN
2016-03-07T03:56:19.000000;2016-03-07T03:56:19.000000;154a2829-665c-4787-b0c0-dac9e2c7e875;406.4;6.1194;UNKNOWN
2016-03-07T03:56:19.000000;2016-03-07T03:56:19.000000;e62cfe57-387d-4077-86d5-36afc0ee856e;406.22;0.24367671;UNKNOWN
2016-03-07T03:56:19.000000;2016-03-07T03:56:19.000000;495f53b7-2bef-45b1-9fb7-9cbf72f058d8;406.4;0.01;UNKNOWN
2016-03-07T03:56:19.000000;2016-03-07T03:56:19.000000;94109a52-ac03-43f6-82f9-a2c46ab2b568;406.0;1.31594171;UNKNOWN
2016-03-07T03:56:19.000000;2016-03-07T03:56:19.000000;85a3c837-2ba9-49e8-8c4a-3fa20a8dcbaa;406.1;0.01;UNKNOWN
2016-03-07T03:56:19.000000;2016-03-07T03:56:19.000000;ded1ed63-b3af-4e25-b850-72cf8d76c616;406.0;0.01;UNKNOWN
2016-03-07T03:56:19.000000;2016-03-07T03:56:19.000000;0ccfaeb0-3885-4022-a017-33b9ad20e940;406.4;2.27098158;UNKNOWN
2016-03-07T03:56:19.000000;2016-03-07T03:56:19.000000;410c9c38-2e84-447c-a748-500d04dc7fc2;406.2;0.01;UNKNOWN
2016-03-07T03:56:19.000000;2016-03-07T03:56:19.000000;cb0634ab-72e6-4ead-a6d4-2bdd7dc678e2;406.3;0.01;UNKNOWN
2016-03-07T03:56:19.000000;2016-03-07T03:56:19.000000;f531fb1b-8d99-464d-88bc-da4ab041b4ef;406.0;5.0;UNKNOWN
2016-03-07T03:56:22.000000;2016-03-07T03:56:22.000000;556be19d-e387-4732-a634-bbc93a4cb04c;406.41;3.63;UNKNOWN
2016-03-07T03:56:27.000000;2016-03-07T03:56:27.000000;a0c73f90-db0c-4d07-98da-8e4ac1e9fbe7;406.6;0.5;UNKNOWN
2016-03-07T03:56:27.000000;2016-03-07T03:56:27.000000;bb447008-662b-4ad8-bc62-a88b469d8530;406.6;0.01;UNKNOWN
2016-03-07T03:56:27.000000;2016-03-07T03:56:27.000000;778374b4-386c-4021-ac0d-9acca32725b7;406.5;0.01;UNKNOWN
2016-03-07T03:56:27.000000;2016-03-07T03:56:27.000000;f4fface1-315d-43f8-9917-c4737f36e0b6;406.7;0.01;UNKNOWN
2016-03-07T03:56:27.000000;2016-03-07T03:56:27.000000;73f35325-3b4b-4177-8848-f7dd6efce7ee;406.71;12.6959;UNKNOWN
2016-03-07T03:56:27.000000;2016-03-07T03:56:27.000000;65935d10-d1d8-4fc3-8087-fbe6fc795d23;406.75;1.7741;UNKNOWN
2016-03-07T03:56:41.000000;2016-03-07T03:56:41.000000;8adb3720-d2ee-42f0-b6f6-5d5dd5491e54;406.82;0.49;UNKNOWN
2016-03-07T03:56:41.000000;2016-03-07T03:56:41.000000;3f31be21-ee28-4647-8766-73bf3091b0f2;406.8;0.01;UNKNOWN
2016-03-07T03:56:53.000000;2016-03-07T03:56:53.000000;f6cdd28f-0b75-4949-a708-3ad4a7dc9d73;406.69;0.12;UNKNOWN
2016-03-07T03:57:03.000000;2016-03-07T03:57:03.000000;1eb4e409-083e-437f-940e-fc4a5b7ec9f9;406.69;0.0015;UNKNOWN
2016-03-07T03:57:03.000000;2016-03-07T03:57:03.000000;a4585527-da6c-4fd5-9fbb-cc230e23cf72;406.96;0.4185;UNKNOWN
2016-03-07T03:57:03.000000;2016-03-07T03:57:03.000000;e146c564-3bb1-4ce9-bde8-1b6749d08bd2;406.9;0.01;UNKNOWN
2016-03-07T03:57:10.000000;2016-03-07T03:57:10.000000;4b6fff60-8439-418d-9ca6-8ca425a167bc;406.99;0.5;UNKNOWN
2016-03-07T03:57:10.000000;2016-03-07T03:57:10.000000;9f216b72-9baa-4a8e-b27e-31430d622720;406.99;2.0;UNKNOWN
2016-03-07T03:57:11.000000;2016-03-07T03:57:11.000000;8c9b1e68-8fb5-4582-aa19-cdc4861e0034;406.44;0.7;UNKNOWN
2016-03-07T03:57:12.000000;2016-03-07T03:57:12.000000;533ca201-bb9f-4d31-a47b-ba284be4019a;406.99;0.01;UNKNOWN
2016-03-07T03:57:16.000000;2016-03-07T03:57:16.000000;f472b0d4-bd31-4f28-b314-573fdd1dcb2c;407.0;0.22012;UNKNOWN
2016-03-07T03:57:16.000000;2016-03-07T03:57:16.000000;ddbdfe64-0350-4af5-a8d8-c79afc5eaedb;407.0;0.01;UNKNOWN
2016-03-07T03:57:16.000000;2016-03-07T03:57:16.000000;4ba6f5e4-1aac-4d2d-b689-ed921aeba822;407.0;12.0211668;UNKNOWN
2016-03-07T03:57:16.000000;2016-03-07T03:57:16.000000;5c0a6c32-869f-4538-a2a2-513273ed8672;407.0;0.2;UNKNOWN
2016-03-07T03:57:16.000000;2016-03-07T03:57:16.000000;ee7774bc-81a7-412c-ac9d-8e7fdcb4987a;407.0;2.5487132;UNKNOWN
2016-03-07T03:57:20.000000;2016-03-07T03:57:20.000000;f3d2d3af-f324-40e8-8ea4-16d72a5474f5;407.11;0.41;UNKNOWN
2016-03-07T03:57:20.000000;2016-03-07T03:57:20.000000;367c5066-b26f-4e9d-93df-c2f5562d5f55;407.1;0.01;UNKNOWN
2016-03-07T03:57:31.000000;2016-03-07T03:57:31.000000;24ad4b9e-30b1-4dc7-af5c-e4d437f2df6f;407.1;0.98;UNKNOWN
2016-03-07T03:58:06.000000;2016-03-07T03:58:06.000000;ef52a831-50c1-42e9-ae9f-d3f4f54fe2cf;406.9;2.2;UNKNOWN
2016-03-07T03:58:07.000000;2016-03-07T03:58:07.000000;03694071-f841-4142-8743-ab2ae03860c7;406.9;0.02449359;UNKNOWN
2016-03-07T04:02:06.000000;2016-03-07T04:02:06.000000;a0e51649-405c-4149-b462-9a9e23713cfb;406.97;0.02570673;UNKNOWN
2016-03-07T04:02:59.000000;2016-03-07T04:02:59.000000;75665d40-b066-4299-9795-68d05ff2dfca;406.88;0.61;UNKNOWN
2016-03-07T04:04:27.000000;2016-03-07T04:04:27.000000;dc9a8ee1-f893-4bc5-9f8d-1d14f462e252;406.76;0.066666;UNKNOWN
2016-03-07T04:04:41.000000;2016-03-07T04:04:41.000000;e6db5252-550f-41ee-a880-732dc9f335d4;406.74;0.5;UNKNOWN
2016-03-07T04:04:54.000000;2016-03-07T04:04:54.000000;3d16281b-e39b-4e3a-910e-e1bf2a435036;406.74;0.5;UNKNOWN
2016-03-07T04:05:47.000000;2016-03-07T04:05:47.000000;e024522d-fe48-49d3-b42d-808a7b9702d9;406.76;0.433334;UNKNOWN
2016-03-07T04:05:47.000000;2016-03-07T04:05:47.000000;c218468b-c706-4663-99d9-0a494333257c;406.74;0.5;UNKNOWN
2016-03-07T04:05:47.000000;2016-03-07T04:05:47.000000;be55deab-1af6-4caf-a9da-a42397931120;406.76;4.054102;UNKNOWN
2016-03-07T04:05:55.000000;2016-03-07T04:05:55.000000;8eb32ccc-e078-4321-bc23-e2135d8bbb6d;406.74;6.1357;UNKNOWN
2016-03-07T04:05:56.000000;2016-03-07T04:05:56.000000;3199708c-8576-4913-bbfa-65aef6971022;406.74;0.066498;UNKNOWN
2016-03-07T04:05:56.000000;2016-03-07T04:05:56.000000;3c275821-f011-4d84-941a-85e665983935;406.74;4.9043;UNKNOWN
2016-03-07T04:06:01.000000;2016-03-07T04:06:01.000000;8d2a713a-f0b7-463f-9a56-eee838c5f11b;406.69;0.066498;UNKNOWN
2016-03-07T04:06:14.000000;2016-03-07T04:06:14.000000;d723dbc3-1853-4a5a-995a-8d222962dc94;406.64;0.2;UNKNOWN
2016-03-07T04:06:43.000000;2016-03-07T04:06:43.000000;c42245ae-3587-457e-87cc-813f684da77c;406.6;0.1;UNKNOWN
2016-03-07T04:07:11.000000;2016-03-07T04:07:11.000000;c8a4152f-855e-4224-8a2b-81c0720c55bf;406.6;0.066519;UNKNOWN
2016-03-07T04:07:11.000000;2016-03-07T04:07:11.000000;631c1158-97f6-4fa3-b82d-fcdcfcf45d94;406.6;0.146161;UNKNOWN
2016-03-07T04:07:11.000000;2016-03-07T04:07:11.000000;700dd1b5-1cca-44b7-9e7a-eee637cfb9f6;406.6;0.9;UNKNOWN
2016-03-07T04:07:42.000000;2016-03-07T04:07:42.000000;4346b8a0-6b63-4bad-ada2-c9096a4dbcea;406.6;0.066522;UNKNOWN
2016-03-07T04:07:42.000000;2016-03-07T04:07:42.000000;e4be8d40-8df1-4403-b38b-8ead4fd5557f;406.6;0.58556488;UNKNOWN
2016-03-07T04:07:42.000000;2016-03-07T04:07:42.000000;2ce05348-d3a1-4c5e-aa79-657ac0374047;406.5;0.33030612;UNKNOWN
2016-03-07T04:07:48.000000;2016-03-07T04:07:48.000000;200b2a49-452f-4d37-b217-48de2cfb7711;406.53;0.01;UNKNOWN
2016-03-07T04:08:03.000000;2016-03-07T04:08:03.000000;fabe341d-5195-47dc-a02b-9c78e1ae7b5a;406.5;0.58279388;UNKNOWN
2016-03-07T04:08:05.000000;2016-03-07T04:08:05.000000;fc5d4253-7662-43b5-87bf-9248461a544e;406.53;1.46961138;UNKNOWN
2016-03-07T04:08:12.000000;2016-03-07T04:08:12.000000;cec1cba9-4509-40ab-814d-9222a1cbb37c;406.27;0.37;UNKNOWN
2016-03-07T04:08:19.000000;2016-03-07T04:08:19.000000;ddb71209-d6e7-44b2-8dc7-1463e2685cee;406.27;0.83;UNKNOWN
2016-03-07T04:08:34.000000;2016-03-07T04:08:34.000000;2f70cc8a-53ef-461c-9be4-6092c946acfe;406.27;0.5;UNKNOWN
2016-03-07T04:08:38.000000;2016-03-07T04:08:38.000000;fc079db4-7f23-4b82-91db-a107fa0e08cd;406.2;3.47;UNKNOWN
2016-03-07T04:08:41.000000;2016-03-07T04:08:41.000000;da7f2f33-cb03-45f4-bc03-1c5ffbecda4a;406.11;0.066582;UNKNOWN
2016-03-07T04:08:42.000000;2016-03-07T04:08:42.000000;256a0e66-e719-44f6-a03f-929ccbdd136b;406.11;0.5;UNKNOWN
2016-03-07T04:08:50.000000;2016-03-07T04:08:50.000000;3760be5b-2f53-4e84-a66b-e29d7e5194f1;406.12;1.45;UNKNOWN
2016-03-07T04:08:58.000000;2016-03-07T04:08:58.000000;59ee3493-239e-4fc7-9aeb-6ed7e127e3f3;406.12;0.1;UNKNOWN
2016-03-07T04:09:07.000000;2016-03-07T04:09:07.000000;b043892e-38fa-440b-b1cd-ca30f8a20031;406.12;1.92;UNKNOWN
2016-03-07T04:09:15.000000;2016-03-07T04:09:15.000000;565f0f61-dd9a-40d3-ad65-9e5daf9fb123;406.12;0.71;UNKNOWN
2016-03-07T04:09:22.000000;2016-03-07T04:09:22.000000;0378a2e3-dda7-4e21-a708-3735798499b2;406.12;0.81;UNKNOWN
2016-03-07T04:09:28.000000;2016-03-07T04:09:28.000000;e53769fe-dc6f-46db-88d9-edd51b8211f7;406.12;2.46;UNKNOWN
