time_exchange;time_coinpai;guid;price;base_amount;taker_side
2016-03-17T00:00:17.000000;2016-03-17T00:00:18.037000;ccdcd419-1cf1-4fe8-a968-a1a00c75d868;12.548;1.0;BUY
2016-03-17T00:02:05.000000;2016-03-17T00:02:05.890000;b604e853-6d71-46b7-80f3-d1f4aba6bae0;12.542;2.0;BUY
2016-03-17T00:02:05.000000;2016-03-17T00:02:05.897000;0fd82753-d4d5-4b53-9e12-cef03f45456f;12.544;2.0;BUY
2016-03-17T00:02:10.000000;2016-03-17T00:02:10.997000;9baaa21b-8e07-4284-b354-218ae04738ac;12.559;1.0;BUY
2016-03-17T00:02:23.000000;2016-03-17T00:02:23.687000;097c12ea-6085-4358-8fcc-fac52c13c19c;12.559;1.0;BUY
2016-03-17T00:02:42.000000;2016-03-17T00:02:42.850000;53c946ca-d1e4-4bc9-bb1e-baae172cc249;12.559;1.0;BUY
2016-03-17T00:03:23.000000;2016-03-17T00:03:23.070000;1251d9c3-4fe5-4d4c-8559-a4867eae01c1;12.559;18.6119;BUY
2016-03-17T00:04:43.000000;2016-03-17T00:04:43.310000;792b41e8-6088-4907-a515-c3c329fec66b;12.565;3.8014273;BUY
2016-03-17T00:04:44.000000;2016-03-17T00:04:45.013000;520e32e1-fe96-4100-81b2-144dafa6f22b;12.565;7.92365363;SELL
2016-03-17T00:05:06.000000;2016-03-17T00:05:06.093000;0a991fbc-95db-4f75-9578-caf541779beb;12.563;5.24795095;BUY
2016-03-17T00:05:36.000000;2016-03-17T00:05:36.357000;82d972a6-e90e-4a4f-aec8-644165dab682;12.568;2.176989;BUY
2016-03-17T00:08:11.000000;2016-03-17T00:08:12.220000;7fb70ca8-1ba6-4fc0-9a6b-d7716576506c;12.62;1.0;SELL
2016-03-17T00:09:35.000000;2016-03-17T00:09:35.487000;ae2d8783-178b-4ce5-9c6b-bc2dccdae021;12.609;0.76599124;BUY
2016-03-17T00:09:35.000000;2016-03-17T00:09:35.500000;d63edcf0-845b-4223-8d93-ce9dae4a219b;12.609;1.0;BUY
2016-03-17T00:09:38.000000;2016-03-17T00:09:38.480000;8ac7cee0-65ed-4695-b59a-c645df265ec5;12.581;0.41099776;BUY
2016-03-17T00:09:38.000000;2016-03-17T00:09:38.980000;1c70f4c9-039d-4fa2-8275-7a87da02f4d5;12.61;31.3;BUY
2016-03-17T00:10:37.000000;2016-03-17T00:10:37.377000;842bde6d-10ef-4afe-9014-53dc7bfa189c;12.59;1.0;SELL
2016-03-17T00:10:42.000000;2016-03-17T00:10:42.587000;4edb15e6-9919-4455-9280-35de847b51de;12.583;1.0;BUY
2016-03-17T00:12:26.000000;2016-03-17T00:12:27.473000;56f22c3b-33c8-4ffe-b367-4bc0ed36c117;12.59;1.0;SELL
2016-03-17T00:12:26.000000;2016-03-17T00:12:27.497000;13accaaf-43c0-4909-bf2e-0f1af7a92579;12.59;1.0;SELL
2016-03-17T00:12:59.000000;2016-03-17T00:12:59.593000;21e28cde-49aa-4c51-82d4-7a2fc5ad735e;12.581;38.8808;SELL
2016-03-17T00:13:10.000000;2016-03-17T00:13:10.643000;f5b46c1d-6e05-4c2d-b432-76d54c92f34a;12.579;1.3098;BUY
2016-03-17T00:14:25.000000;2016-03-17T00:14:25.960000;74d322e2-5e4f-4b3b-816f-167a12267bc3;12.578;1.0;BUY
2016-03-17T00:14:44.000000;2016-03-17T00:14:44.423000;9f53c5d2-1fa5-4115-a7a4-5e5f95c25517;12.578;1.0;BUY
2016-03-17T00:14:47.000000;2016-03-17T00:14:47.350000;9cffaa02-5ce8-4295-bc0c-b622f0c2ac15;12.577;1.0;BUY
2016-03-17T00:14:58.000000;2016-03-17T00:14:58.403000;901f090f-b276-4dd9-bf06-4eae6a55b7af;12.578;1.0;BUY
2016-03-17T00:16:07.000000;2016-03-17T00:16:07.350000;d8b1c861-bf17-4adc-8fdc-1afd0d5424fd;12.57;1.0;SELL
2016-03-17T00:20:19.000000;2016-03-17T00:20:19.173000;b94eae6c-850d-4049-86c6-18953e4c46fa;12.583;1.0;BUY
2016-03-17T00:20:27.000000;2016-03-17T00:20:28.023000;82ae6375-3ea2-4af3-838f-6976495399f9;12.605;1.0;BUY
2016-03-17T00:20:31.000000;2016-03-17T00:20:32.720000;497b4a7d-4756-422b-b060-9857a41fb0cf;12.604;1.0;BUY
2016-03-17T00:20:38.000000;2016-03-17T00:20:38.140000;cf630eb3-c058-444c-8e5c-1c90ba17d1a5;12.587;1.0;BUY
2016-03-17T00:20:43.000000;2016-03-17T00:20:43.163000;b5e87ad5-3a7b-4b50-965e-9a4ae97b65fb;12.587;1.0;BUY
2016-03-17T00:29:32.000000;2016-03-17T00:29:32.777000;5faf048e-2fb3-46fc-93f2-a586e4a852c0;12.6;1.0;SELL
2016-03-17T00:29:33.000000;2016-03-17T00:29:33.753000;b19c2034-e22d-4e3f-921a-53f7c5050fb8;12.59;1.0;BUY
2016-03-17T00:29:47.000000;2016-03-17T00:29:47.553000;f6f2597e-638b-424e-8d98-660324beb394;12.59;1.0;SELL
2016-03-17T00:30:01.000000;2016-03-17T00:30:01.480000;70d6f633-263b-4ed9-a184-33cd28962b1e;12.59;1.0;SELL
2016-03-17T00:30:07.000000;2016-03-17T00:30:07.467000;43823943-3d7b-44a9-b43b-f9376496e6e7;12.572;0.51;BUY
2016-03-17T00:30:10.000000;2016-03-17T00:30:11.487000;d729d1d5-cc04-4a74-93f6-be3e47a6ab91;12.59;0.49;SELL
2016-03-17T00:30:17.000000;2016-03-17T00:30:17.953000;b5a075d6-332f-4723-9530-ad8df83987cb;12.564;0.49;BUY
2016-03-17T00:30:21.000000;2016-03-17T00:30:21.557000;a4d8f372-6fd4-452e-915b-598678277b6a;12.58;0.51;SELL
2016-03-17T00:32:12.000000;2016-03-17T00:32:13.297000;a6dc7204-280a-459e-a251-0616f6d96524;12.585;1.0;BUY
2016-03-17T00:32:50.000000;2016-03-17T00:32:50.560000;e406fc0d-64be-4e43-b85f-d670a76e4e82;12.58;1.0;SELL
2016-03-17T00:32:50.000000;2016-03-17T00:32:50.563000;f6cec650-1409-4119-99df-cdcf2e985fd4;12.58;1.0;SELL
2016-03-17T00:33:29.000000;2016-03-17T00:33:29.143000;0dcb9e11-6b20-4537-9254-51719651157c;12.578;1.0;BUY
2016-03-17T00:34:20.000000;2016-03-17T00:34:21.797000;3bf10491-8f32-4fff-9acb-9080904711f9;12.57;1.0;SELL
2016-03-17T00:34:20.000000;2016-03-17T00:34:21.817000;91d347fa-dd0a-4114-835c-efa279738a9f;12.57;0.66;SELL
2016-03-17T00:34:23.000000;2016-03-17T00:34:23.547000;372c9fa7-6ef2-4d77-9180-e2be2da07760;12.57;0.34;SELL
2016-03-17T00:39:19.000000;2016-03-17T00:39:19.790000;d41c3a93-3db6-4bab-8317-5669cc7a7309;12.575;0.25;BUY
2016-03-17T00:40:04.000000;2016-03-17T00:40:04.557000;cc52e1a6-e8ae-4536-a9dc-96635f0f8991;12.575;0.5;BUY
2016-03-17T00:40:19.000000;2016-03-17T00:40:19.833000;3c92564d-80b4-43a7-a0e9-3e7f2f1131e5;12.57;5.83610695;SELL
2016-03-17T00:42:42.000000;2016-03-17T00:42:42.557000;358450f8-7865-4d30-9611-2c7926512bcd;12.572;0.25;SELL
2016-03-17T00:42:42.000000;2016-03-17T00:42:42.567000;516fb44f-f3bc-4f07-a274-2c95a0c1b900;12.57;5.76860981;SELL
2016-03-17T00:43:09.000000;2016-03-17T00:43:09.210000;988b942e-8e8f-442b-8403-aa0777392682;12.573;1.0;BUY
2016-03-17T00:44:27.000000;2016-03-17T00:44:27.600000;f41fc24f-f21a-4397-8c3d-e30d83ecfbb3;12.572;0.5;SELL
2016-03-17T00:44:54.000000;2016-03-17T00:44:54.943000;53349cf6-b772-4e57-ae42-720a29836ab1;12.574;1.0;BUY
2016-03-17T00:44:58.000000;2016-03-17T00:44:58.687000;85163601-05ca-47e0-ab9e-46f9d3368617;12.574;1.0;BUY
2016-03-17T00:46:30.000000;2016-03-17T00:46:30.833000;18d6e41d-7f01-41cc-a2a1-a34141a5d075;12.572;0.5;SELL
2016-03-17T00:48:32.000000;2016-03-17T00:48:32.110000;5dc7bbc6-9d85-4a50-a250-593e91c95703;12.57;10.34655895;SELL
2016-03-17T00:48:33.000000;2016-03-17T00:48:33.573000;3d6518bf-903e-463a-b322-27023f8e1dbd;12.57;4.77058664;SELL
2016-03-17T00:48:33.000000;2016-03-17T00:48:33.607000;ca5c241a-5ae8-4ab9-911f-0859a727cd82;12.57;36.57449655;SELL
2016-03-17T00:48:33.000000;2016-03-17T00:48:33.650000;d4ffb927-7f08-4927-939b-e1d0cba6265e;12.57;0.62225046;SELL
2016-03-17T00:48:34.000000;2016-03-17T00:48:35.033000;907a41ee-fd6c-46a7-8a1f-8490c958a988;12.57;4.77523764;SELL
2016-03-17T00:48:34.000000;2016-03-17T00:48:35.060000;5b570f2f-ee69-4bc9-9419-11dd01ff4d4a;12.57;36.61015586;SELL
2016-03-17T00:48:35.000000;2016-03-17T00:48:35.140000;d1b75af2-1066-4f9a-9a7b-0164bff79384;12.57;0.62285718;SELL
2016-03-17T00:50:32.000000;2016-03-17T00:50:33.587000;3041ad23-d1a6-4fd4-9426-4afc5b888006;12.585;0.18140811;BUY
2016-03-17T00:50:36.000000;2016-03-17T00:50:36.953000;52645f96-af32-40f2-84e2-acd51bbb85b6;12.571;0.5;SELL
2016-03-17T00:50:37.000000;2016-03-17T00:50:38.077000;f8228c4b-6146-4e2f-9e0a-9b2c1ef8bf77;12.591;39.7191;BUY
2016-03-17T00:51:35.000000;2016-03-17T00:51:35.963000;e6b531df-9f65-41cd-aae2-e13ce15f62be;12.591;8.8772;BUY
2016-03-17T00:52:40.000000;2016-03-17T00:52:40.937000;b287bab0-69a5-43c6-9295-daee4c8bc4b3;12.57;35.10920883;SELL
2016-03-17T00:52:49.000000;2016-03-17T00:52:50.330000;bd78894b-a321-413d-900c-097155408a3a;12.57;0.83524;SELL
2016-03-17T00:53:35.000000;2016-03-17T00:53:35.343000;6cae591c-5bdb-4cee-afc9-7e4b5ac81504;12.57;1.765965;SELL
2016-03-17T00:55:42.000000;2016-03-17T00:55:42.280000;8d84aec2-a969-4dc9-9a23-0d55bb6b33f8;12.571;38.9376;SELL
2016-03-17T00:55:42.000000;2016-03-17T00:55:42.293000;f2996737-fd2c-47d4-a68b-500cdb811f1b;12.57;6.39171579;SELL
2016-03-17T00:55:42.000000;2016-03-17T00:55:43.027000;41468602-25f8-42b2-8d18-683e52836286;12.57;9.08;SELL
2016-03-17T00:55:43.000000;2016-03-17T00:55:43.797000;8421e397-0bc0-42c9-91b6-4334779640fc;12.57;29.8576;BUY
2016-03-17T00:55:43.000000;2016-03-17T00:55:43.800000;d12b48c8-8f35-4ffc-ae36-247e9b9d6dec;12.571;9.2981;BUY
2016-03-17T00:55:43.000000;2016-03-17T00:55:43.850000;cc90675e-3e87-462a-806e-4be4ed85006a;12.569;0.5;SELL
2016-03-17T00:55:47.000000;2016-03-17T00:55:48.023000;7b58c455-e463-4ddf-9d9d-888cb20c5a41;12.55;0.5;SELL
2016-03-17T00:55:51.000000;2016-03-17T00:55:51.063000;abc013ed-566c-4667-9dd8-6685678eeadc;12.478;1.50835756;SELL
2016-03-17T01:01:15.000000;2016-03-17T01:01:15.577000;d1619a13-84b9-460a-86fd-71aecdcf880d;12.52;1.0;SELL
2016-03-17T01:01:20.000000;2016-03-17T01:01:20.953000;5f8336e6-465f-4761-841f-9b98c8549176;12.51;1.0;SELL
2016-03-17T01:01:47.000000;2016-03-17T01:01:48.017000;32081378-7315-4db6-981b-39a268522d6e;12.5;1.0;SELL
2016-03-17T01:01:47.000000;2016-03-17T01:01:48.017000;07b688a5-6fda-409b-b62f-17707cf620d1;12.5;1.0;SELL
2016-03-17T01:01:47.000000;2016-03-17T01:01:48.020000;8ec53e4a-5727-4bfb-8a3d-a1c4fcd609ac;12.5;0.24647177;SELL
2016-03-17T01:02:03.000000;2016-03-17T01:02:03.733000;2773a9ec-d10f-47a9-b0b1-ed4a1d1d1f2a;12.5;0.75352823;SELL
2016-03-17T01:02:43.000000;2016-03-17T01:02:43.977000;8b4e6788-b224-4639-af9f-caac12984700;12.409;45.75995111;SELL
2016-03-17T01:02:43.000000;2016-03-17T01:02:43.987000;316296a3-b470-4c57-b17f-2e371b047205;12.4;300.0;SELL
2016-03-17T01:02:43.000000;2016-03-17T01:02:43.990000;1e748a6c-2020-4700-a3ca-1e1995e0ec3f;12.4;44.7435;SELL
2016-03-17T01:02:43.000000;2016-03-17T01:02:44.027000;6e91e48e-153c-45b4-9a87-50e55af78f67;12.392;2.149823;SELL
2016-03-17T01:02:46.000000;2016-03-17T01:02:46.237000;ac2e8a04-1019-44f9-8018-cbfae43f87b4;12.366;1.131098;SELL
2016-03-17T01:02:46.000000;2016-03-17T01:02:46.247000;68897abc-2203-4db0-9b3a-72dd75d75b19;12.366;92.180346;SELL
2016-03-17T01:02:53.000000;2016-03-17T01:02:53.520000;1b836d9d-93c0-4113-9904-fe5043840029;12.252;15.02095271;SELL
2016-03-17T01:02:53.000000;2016-03-17T01:02:53.527000;d7f3745d-b987-4fc9-ab30-b394f1981489;12.25;10.6569;SELL
2016-03-17T01:02:53.000000;2016-03-17T01:02:53.533000;012a1bff-545d-4fdb-9782-1cbd70bdd1c1;12.25;258.403049;SELL
2016-03-17T01:02:53.000000;2016-03-17T01:02:53.563000;f55811c9-8e80-4f22-bb7f-4fb359d6b85f;12.25;74.525737;SELL
2016-03-17T01:02:53.000000;2016-03-17T01:02:53.563000;4f261338-a316-41ed-bc6d-614a44cf3c48;12.22;5.0;SELL
2016-03-17T01:02:53.000000;2016-03-17T01:02:53.563000;85276f52-8646-4c24-807a-eee78a569b50;12.22;1.201792;SELL
2016-03-17T01:02:53.000000;2016-03-17T01:02:53.563000;925c84cc-1376-43c4-8b4a-d2cd40ade87e;12.2;0.25;SELL
2016-03-17T01:02:53.000000;2016-03-17T01:02:53.567000;61e037c1-76d5-4a0f-b5c7-4d4e4ea2794e;12.19;9.94156929;SELL
2016-03-17T01:05:28.000000;2016-03-17T01:05:28.083000;928c6526-2106-4264-b348-4011c42cd934;12.19;388.84713071;SELL
2016-03-17T01:05:28.000000;2016-03-17T01:05:28.790000;36a19db4-c5e4-44b8-bb90-830ab7ddff39;12.19;209.9929;SELL
2016-03-17T01:05:28.000000;2016-03-17T01:05:28.793000;141e362b-2471-48ca-b2c9-3bb7c7e6c973;12.19;18.5671;SELL
2016-03-17T01:05:29.000000;2016-03-17T01:05:29.180000;09dac93d-174a-4883-bba4-2b6b50277973;12.188;32.2;BUY
2016-03-17T01:05:33.000000;2016-03-17T01:05:33.320000;96747c2b-8525-4c62-9818-5900b5bdb5ff;12.187;32.2;BUY
2016-03-17T01:05:43.000000;2016-03-17T01:05:43.977000;6f14e4c9-988e-474d-bd0d-409aa96a9c5f;12.185;2.202158;SELL
2016-03-17T01:06:02.000000;2016-03-17T01:06:02.450000;8e554c86-cda3-4bf9-9f0d-422ef650c2e0;12.17;14.00363593;SELL
2016-03-17T01:06:03.000000;2016-03-17T01:06:03.930000;409ec820-4820-4120-9920-c4c3e920b538;12.17;0.53257756;SELL
2016-03-17T01:06:06.000000;2016-03-17T01:06:06.963000;7cada0b5-1640-418d-adf3-2b6ee7dc3a61;12.17;0.5;SELL
2016-03-17T01:06:11.000000;2016-03-17T01:06:11.210000;d3ab1141-61cd-4e11-9ef7-fb56bbb25d33;12.17;6.20346581;SELL
2016-03-17T01:06:12.000000;2016-03-17T01:06:12.183000;111ea78f-f22c-43ca-818e-f30efbe6febf;12.17;1.33784855;SELL
2016-03-17T01:06:18.000000;2016-03-17T01:06:18.523000;be31b24a-1ee7-492d-9066-8a2adbf903e8;12.17;2.42247215;SELL
2016-03-17T01:17:26.000000;2016-03-17T01:17:26.153000;12c17a7a-1632-4524-8be3-8265940dc45f;12.277;45.0;BUY
2016-03-17T01:17:40.000000;2016-03-17T01:17:40.287000;5c5427df-0e6f-4b2f-8609-02aeaa3a8d1f;12.277;6.78656261;SELL
2016-03-17T01:18:59.000000;2016-03-17T01:19:00.123000;65985c59-6ff3-4ab1-b5fd-01f9ca1e9b55;12.277;6.78656261;SELL
2016-03-17T01:19:07.000000;2016-03-17T01:19:08.053000;afc638b1-bafb-48b6-ae02-fc968df19544;12.277;1.79817203;SELL
2016-03-17T01:19:10.000000;2016-03-17T01:19:10.347000;3db1e071-1c0d-469c-b1a0-faa5e1e6fb4b;12.277;1.79817203;SELL
2016-03-17T01:19:10.000000;2016-03-17T01:19:11.000000;360f4367-ee9f-4a0a-a4da-084a11788250;12.277;1.79817203;SELL
2016-03-17T01:19:18.000000;2016-03-17T01:19:18.377000;a70965c4-00c8-4a63-aafd-e053a48895e8;12.277;6.08131211;SELL
2016-03-17T01:19:23.000000;2016-03-17T01:19:23.813000;c7180a4b-974e-49db-be6e-ef4e32f84d52;12.277;5.83778585;SELL
2016-03-17T01:19:28.000000;2016-03-17T01:19:28.587000;c7a509e4-07a9-4107-a4f2-13009ad27e45;12.277;0.99496713;SELL
2016-03-17T01:19:33.000000;2016-03-17T01:19:34.037000;b90671e1-8720-4036-bce0-7b90613d6088;12.277;3.62232027;SELL
2016-03-17T01:20:56.000000;2016-03-17T01:20:56.290000;c965e948-98e0-4a6c-b70b-07bf35ba81c0;12.277;3.88505031;SELL
2016-03-17T01:20:59.000000;2016-03-17T01:20:59.933000;0d9bb095-146b-470e-903e-58b50a0e865b;12.277;3.07242201;SELL
2016-03-17T01:21:03.000000;2016-03-17T01:21:03.550000;1b757b23-c140-46ae-9bfe-d36000ea7c20;12.277;1.35992614;SELL
2016-03-17T01:21:08.000000;2016-03-17T01:21:08.220000;3a604877-6834-48c2-840b-ac621720a750;12.277;3.07792991;SELL
2016-03-17T01:21:54.000000;2016-03-17T01:21:54.870000;01d14230-f4c4-4026-a275-ae337b1be610;12.277;0.83929691;SELL
2016-03-17T01:22:02.000000;2016-03-17T01:22:02.190000;e8177c28-58ce-4a56-89e1-84ae0e1be425;12.277;0.83929691;SELL
2016-03-17T01:22:06.000000;2016-03-17T01:22:06.697000;ea17bf0f-d25c-4b81-861b-284dd9090a4d;12.277;3.73074259;SELL
2016-03-17T01:26:05.000000;2016-03-17T01:26:05.850000;3ef9da5c-985d-42ba-956b-e5cc89c1a5f7;12.31;6.09064554;BUY
2016-03-17T01:26:11.000000;2016-03-17T01:26:11.423000;8f568e26-8369-46ba-8b74-5a644e313c1d;12.31;8.81770512;BUY
2016-03-17T01:26:27.000000;2016-03-17T01:26:27.567000;758beec4-1ce8-4168-a659-3d4d3bf0f17e;12.31;7.77741685;BUY
2016-03-17T01:26:59.000000;2016-03-17T01:26:59.780000;c3e12f25-900c-486d-b53a-d573413f24a6;12.31;1.97650415;BUY
2016-03-17T01:26:59.000000;2016-03-17T01:26:59.903000;659917d7-9fe9-4e65-810d-6fd6dbfb04b9;12.31;15.15319852;BUY
2016-03-17T01:27:03.000000;2016-03-17T01:27:03.973000;caf4a668-2a27-4ed0-9283-aed0f80da35c;12.31;5.18452982;BUY
2016-03-17T01:27:03.000000;2016-03-17T01:27:03.980000;c0ac1bbd-9cf7-47ee-8682-44c3356013d7;12.31;1.530019;BUY
2016-03-17T01:33:21.000000;2016-03-17T01:33:21.393000;cc0e405f-5a43-4201-95f9-9c7621fe734f;12.33;33.94309233;SELL
2016-03-17T01:33:21.000000;2016-03-17T01:33:21.470000;b5aa92e8-49cc-46dd-8cfd-84c86ee964d9;12.33;4.42735987;SELL
2016-03-17T01:33:21.000000;2016-03-17T01:33:21.487000;b09c2126-acd8-4233-bb3f-546a89e9461b;12.33;0.3635996;SELL
2016-03-17T01:33:22.000000;2016-03-17T01:33:22.320000;fdba2b5a-6a35-48b3-9cd2-2e8d3714700e;12.33;2.69816498;SELL
2016-03-17T01:33:22.000000;2016-03-17T01:33:22.327000;3f1ce4f9-ab3e-442e-bb0b-140cb65b011d;12.33;8.56778322;SELL
2016-03-17T01:33:29.000000;2016-03-17T01:33:29.660000;31105713-e5b2-414a-a806-ac263de3ea6e;12.324;2.217867;SELL
2016-03-17T01:33:38.000000;2016-03-17T01:33:38.217000;395a7620-c4c0-404c-a1fc-7378c0323b1d;12.322;0.93467511;BUY
2016-03-17T01:33:38.000000;2016-03-17T01:33:38.223000;d282bd6f-229a-436c-9e62-a44c893905ae;12.322;2.217867;BUY
2016-03-17T01:33:38.000000;2016-03-17T01:33:38.230000;dfef496b-420c-4fa6-8042-23289387a50a;12.322;1.99458474;BUY
2016-03-17T01:33:38.000000;2016-03-17T01:33:38.260000;073c1348-b904-427f-b537-88bcf4717b74;12.323;1.56742197;BUY
2016-03-17T01:33:46.000000;2016-03-17T01:33:46.213000;2f6faf33-2be9-40fa-ae8e-7aa24cd5e35d;12.319;0.93321153;BUY
2016-03-17T01:34:02.000000;2016-03-17T01:34:03.100000;05377966-fa8b-476d-8cea-38b58def2170;12.311;6.71454882;BUY
2016-03-17T01:34:07.000000;2016-03-17T01:34:07.170000;001b0ce7-a970-4f88-80ef-965c72d2712b;12.29;0.1;SELL
2016-03-17T01:34:13.000000;2016-03-17T01:34:13.223000;47848d5e-438f-4069-b2a4-78661dd8a931;12.289;2.16547959;BUY
2016-03-17T01:34:13.000000;2016-03-17T01:34:13.247000;6efba532-ab44-45a2-b453-8dfba8a9121d;12.307;3.88881796;BUY
2016-03-17T01:34:13.000000;2016-03-17T01:34:13.257000;81e0c584-1ce9-4b62-b5f6-0c152a3d7d6d;12.307;0.50723712;BUY
2016-03-17T01:34:13.000000;2016-03-17T01:34:13.287000;5eb7ca38-421d-4eef-bd42-c7f387cdc996;12.307;3.43846533;BUY
2016-03-17T01:37:19.000000;2016-03-17T01:37:20.027000;d4292385-6e1c-420d-8249-7a01a8916870;12.294;0.1;BUY
2016-03-17T01:40:36.000000;2016-03-17T01:40:36.497000;e8b154d5-55dc-44b4-ad9f-ccaeb9ac19e4;12.277;5.38492151;SELL
2016-03-17T01:40:41.000000;2016-03-17T01:40:41.137000;4f9f68d6-fa66-4409-aaea-4555b46849a0;12.277;5.32072423;SELL
2016-03-17T01:40:55.000000;2016-03-17T01:40:56.483000;29db91e7-db63-4984-84f5-4417857b95b5;12.277;6.13042501;SELL
2016-03-17T01:41:00.000000;2016-03-17T01:41:00.867000;44e2fce3-29c0-483e-ae86-a01b76c6f625;12.277;2.26202377;SELL
2016-03-17T01:41:13.000000;2016-03-17T01:41:13.073000;e185a1e8-7a0f-4572-a3a0-38b79f4081be;12.277;1.89667031;SELL
2016-03-17T01:41:18.000000;2016-03-17T01:41:18.570000;f27c356f-f108-491f-b2d9-137afa0e4196;12.277;1.58023751;SELL
2016-03-17T01:41:25.000000;2016-03-17T01:41:26.020000;d284ee6d-664b-4135-ac5d-b2447ddda684;12.277;4.73072225;SELL
2016-03-17T01:41:27.000000;2016-03-17T01:41:27.837000;a22c7163-04d2-443d-8ae3-456f6d227772;12.277;7.23351312;SELL
2016-03-17T01:41:34.000000;2016-03-17T01:41:34.927000;a348b872-d2d7-46fb-9605-eefdf30583ad;12.277;7.2353903;SELL
2016-03-17T01:41:37.000000;2016-03-17T01:41:37.447000;7f8b93c5-52de-40f2-9f36-4fdf8aeabf02;12.277;4.22406089;SELL
2016-03-17T01:41:38.000000;2016-03-17T01:41:38.913000;22066ec3-f973-4a48-915e-6a03605fb1d2;12.277;4.22406076;SELL
2016-03-17T01:41:39.000000;2016-03-17T01:41:39.263000;b44f9a9f-0729-4ac4-818b-ea692dba96df;12.277;6.73584152;SELL
2016-03-17T01:41:39.000000;2016-03-17T01:41:39.977000;61eb8ee7-5cb4-4353-8710-d155a5c3932e;12.277;2.85611152;SELL
2016-03-17T01:41:43.000000;2016-03-17T01:41:43.230000;ebca2bd9-97f0-4efb-b7ec-e9970369792a;12.277;4.73747695;SELL
2016-03-17T01:41:46.000000;2016-03-17T01:41:46.997000;2fba4f76-acd2-449f-a8fa-75d43ecc857b;12.277;4.54114176;SELL
2016-03-17T01:41:48.000000;2016-03-17T01:41:49.003000;a672226f-d302-40d5-b175-78d89b702954;12.277;2.47742887;SELL
2016-03-17T01:41:54.000000;2016-03-17T01:41:54.327000;f18c7580-0531-47a7-a292-65a6453ebb5e;12.277;6.86580353;SELL
2016-03-17T01:41:58.000000;2016-03-17T01:41:58.763000;a0e51002-d63c-41a9-82bd-7565d971f26e;12.277;4.57718014;SELL
2016-03-17T01:44:34.000000;2016-03-17T01:44:34.190000;021a026a-4e7e-481d-9089-a48668d1ca8a;12.294;3.05474893;BUY
2016-03-17T01:44:34.000000;2016-03-17T01:44:34.363000;1028e81b-2cab-414b-87d4-64ce869cf475;12.294;0.39844551;BUY
2016-03-17T01:44:34.000000;2016-03-17T01:44:34.680000;dcaea82a-5709-4fff-9303-8bcc39e1300a;12.277;2.14885154;SELL
2016-03-17T01:44:47.000000;2016-03-17T01:44:47.057000;09228b88-2b38-45cc-b3b1-c2794782ad61;12.298;6.83724185;BUY
2016-03-17T01:44:54.000000;2016-03-17T01:44:55.063000;8e6fea10-170c-494c-995e-3b6ce2077b8d;12.298;5.39309152;BUY
2016-03-17T01:45:11.000000;2016-03-17T01:45:12.027000;11c468ed-dc95-4272-a115-914fe95cb29f;12.3;0.35193447;BUY
2016-03-17T01:45:11.000000;2016-03-17T01:45:12.027000;367c5e7f-1816-419b-bd35-8fac1ae2f1d1;12.3;5.39309152;BUY
2016-03-17T01:45:11.000000;2016-03-17T01:45:12.037000;e8ed1642-d949-4fd7-82de-935daf5d8f9a;12.301;1.8658276;BUY
2016-03-17T01:45:11.000000;2016-03-17T01:45:12.063000;31057ed5-3e5e-43db-81df-49b885efeae1;12.301;2.39915643;BUY
2016-03-17T01:45:17.000000;2016-03-17T01:45:17.147000;88a24a4d-d098-4065-9f25-8f93dc6e14a5;12.309;8.00966887;BUY
2016-03-17T01:47:55.000000;2016-03-17T01:47:55.697000;fa01b431-dbe2-440a-9cf7-02149a5c1083;12.309;5.41942877;BUY
2016-03-17T01:47:55.000000;2016-03-17T01:47:55.710000;d29be17f-c230-492c-99f7-980b002a00d5;12.31;0.4455013;BUY
2016-03-17T01:47:55.000000;2016-03-17T01:47:55.717000;cc01c3a4-d2ab-4184-b5c8-f9b8549cde93;12.31;0.95749272;BUY
2016-03-17T01:49:30.000000;2016-03-17T01:49:30.463000;a7dcf626-5e4b-4c4a-a7a3-c5013dfbabef;12.386;3.41550998;BUY
2016-03-17T01:49:30.000000;2016-03-17T01:49:30.477000;3c67f7c2-7a79-483f-be45-418645aaac06;12.386;0.4455013;BUY
2016-03-17T01:49:30.000000;2016-03-17T01:49:30.493000;6f9a1b1d-41ff-44b4-83b3-8888a38fc9de;12.387;4.13898872;BUY
2016-03-17T01:58:24.000000;2016-03-17T01:58:24.250000;95a483be-d0ef-4564-b8e2-d3684f55f564;12.387;5.63678336;BUY
2016-03-17T01:58:45.000000;2016-03-17T01:58:45.250000;aeeaeecc-0075-4f56-8cd4-5cfb6fc672eb;12.387;3.18826947;BUY
2016-03-17T01:59:38.000000;2016-03-17T01:59:39.020000;2f7357cf-7d80-49c0-83d5-3147ae0b8eb4;12.387;0.5253146;BUY
2016-03-17T01:59:45.000000;2016-03-17T01:59:45.983000;93d80322-b016-4490-9ebe-d5d57a4653ab;12.387;8.94907171;BUY
2016-03-17T01:59:50.000000;2016-03-17T01:59:50.760000;b520b55d-f9e9-49c1-8507-c513161719af;12.387;3.54771155;BUY
2016-03-17T02:00:30.000000;2016-03-17T02:00:30.737000;ceee65b4-1a33-4ba7-ade6-d2883b263efa;12.387;6.71632448;BUY
2016-03-17T02:00:48.000000;2016-03-17T02:00:48.797000;c016e3d9-c7e9-4eec-88e7-7e64294dca73;12.387;2.94185406;BUY
2016-03-17T02:00:57.000000;2016-03-17T02:00:57.443000;f24de45c-b0e7-43e4-b992-eecbb7df2e89;12.387;7.37697561;BUY
2016-03-17T02:00:57.000000;2016-03-17T02:00:57.507000;4d88560a-f688-4c48-bb50-6b4f3f30fa09;12.387;1.56388235;BUY
2016-03-17T02:00:58.000000;2016-03-17T02:00:58.757000;d8f7fa27-3962-4083-9cee-9342cb4c9046;12.387;13.51590561;BUY
2016-03-17T02:01:00.000000;2016-03-17T02:01:00.187000;c2b99d52-9224-4ac2-bcb9-f15cb8898abe;12.387;7.37697561;BUY
2016-03-17T02:01:11.000000;2016-03-17T02:01:11.667000;da29aae5-770a-4338-a6e6-fc9439ec125a;12.387;11.02401349;BUY
2016-03-17T02:01:11.000000;2016-03-17T02:01:11.917000;1b4065e1-3882-4db2-ac82-1ca3fd172a07;12.387;1.22162299;BUY
2016-03-17T02:01:12.000000;2016-03-17T02:01:12.807000;c8353098-7052-4742-a7eb-f933082f3d72;12.387;1.22162299;BUY
2016-03-17T02:01:13.000000;2016-03-17T02:01:13.717000;ea9fc63b-b52a-425b-afce-66f2846c2c2a;12.387;1.22162299;BUY
2016-03-17T02:01:13.000000;2016-03-17T02:01:13.850000;0758f127-cc8e-4e35-a146-cb21bf51f4c2;12.387;1.22162299;BUY
2016-03-17T02:01:14.000000;2016-03-17T02:01:14.090000;cd312d81-e884-443c-a5f6-97c06f763457;12.387;1.22162299;BUY
2016-03-17T02:02:25.000000;2016-03-17T02:02:26.090000;576d6390-5aab-4a6d-970e-262670ba2293;12.387;10.01001001;BUY
2016-03-17T02:02:45.000000;2016-03-17T02:02:46.000000;eb2f17a3-36fe-4d2a-a2c1-890aac547f2b;12.387;7.45522526;BUY
2016-03-17T02:03:22.000000;2016-03-17T02:03:22.123000;d98d7d07-3ca0-4191-8928-1820d87ae44c;12.387;9.07733793;BUY
2016-03-17T02:03:28.000000;2016-03-17T02:03:28.283000;f4ba5729-1342-4ba1-bccd-f4f3323afaec;12.387;8.69529632;BUY
2016-03-17T02:03:46.000000;2016-03-17T02:03:46.467000;c4596cad-f2a1-4a8f-91e8-ff5377454160;12.387;8.42116767;BUY
2016-03-17T02:04:13.000000;2016-03-17T02:04:13.633000;880af39c-ff09-4b1d-aa4e-de979da42d93;12.387;8.63063458;BUY
2016-03-17T02:04:14.000000;2016-03-17T02:04:14.123000;42f8e1b4-1432-48f3-823b-51368cf8be29;12.387;0.4537877;BUY
2016-03-17T02:04:34.000000;2016-03-17T02:04:34.513000;a7e048b9-07ae-472e-9b63-23bfb283d1bb;12.387;4.4044044;BUY
2016-03-17T02:04:40.000000;2016-03-17T02:04:40.527000;d0337b87-9ee4-477b-a5b1-3b395fb2b317;12.387;7.81760761;BUY
2016-03-17T02:05:43.000000;2016-03-17T02:05:43.203000;ee9550af-921c-45c1-8f4f-c71e95d3013d;12.387;7.44239703;BUY
2016-03-17T02:05:51.000000;2016-03-17T02:05:51.117000;6d1677a9-cd83-4c16-9da4-e74a74db9ba5;12.387;6.34689142;BUY
2016-03-17T02:06:25.000000;2016-03-17T02:06:25.557000;c35c6ecf-b262-4ad1-b7a8-d658e75b775f;12.387;6.947177;BUY
2016-03-17T02:06:39.000000;2016-03-17T02:06:40.683000;ced7c730-3e71-4091-bb5e-f4fbe2596b7e;12.387;6.59260216;BUY
2016-03-17T02:06:43.000000;2016-03-17T02:06:43.803000;64c41a6f-6b0d-47f2-9182-0e11e871dcaf;12.387;1.51979089;BUY
2016-03-17T02:06:44.000000;2016-03-17T02:06:44.447000;f61ae2b7-e1aa-4baf-900f-07c5e2dd874b;12.387;1.00060315;BUY
2016-03-17T02:06:44.000000;2016-03-17T02:06:44.540000;7845bcb1-5cc4-481b-9740-8d7ce62875ab;12.387;4.65344955;BUY
2016-03-17T02:06:48.000000;2016-03-17T02:06:48.517000;607d059d-2613-4905-9991-5814a5d418e4;12.387;1.63661596;BUY
2016-03-17T02:06:48.000000;2016-03-17T02:06:48.560000;c1355146-16f7-4ec9-bb6a-9fffb3771c86;12.387;1.43670512;BUY
2016-03-17T02:06:48.000000;2016-03-17T02:06:48.630000;173c297c-8c45-4c81-b285-fa664d764d05;12.387;3.35285641;BUY
2016-03-17T02:06:51.000000;2016-03-17T02:06:52.073000;c927efec-1d80-4951-9a24-faa5bdedcba7;12.387;1.52852832;BUY
2016-03-17T02:06:51.000000;2016-03-17T02:06:52.107000;42840fdd-b159-4b96-9f2f-e85b68600ada;12.387;11.71871711;BUY
2016-03-17T02:06:53.000000;2016-03-17T02:06:53.377000;528033c0-531b-4c8e-82f8-e30906eda191;12.387;1.52818123;BUY
2016-03-17T02:06:53.000000;2016-03-17T02:06:53.490000;6379a34b-52d7-456c-8ea6-4ce360d418d0;12.387;5.95876516;BUY
2016-03-17T02:06:53.000000;2016-03-17T02:06:53.820000;63b39941-c3a9-40ad-ad46-582055011c78;12.387;11.71605613;BUY
2016-03-17T02:06:54.000000;2016-03-17T02:06:55.313000;54b82580-a5b9-4540-8290-29828165a1f1;12.387;8.0231826;BUY
2016-03-17T02:06:55.000000;2016-03-17T02:06:55.403000;0b5d33b8-3b5b-459a-b6d5-1515af896b47;12.387;8.98532385;BUY
2016-03-17T02:06:55.000000;2016-03-17T02:06:56.200000;6e4cfd1a-bef3-45f2-ab41-56e05c8b09fb;12.387;1.17199876;BUY
2016-03-17T02:06:55.000000;2016-03-17T02:06:56.213000;1870e4ca-f2b1-45b2-abc4-fd359810868d;12.387;1.04650208;BUY
2016-03-17T02:09:19.000000;2016-03-17T02:09:19.857000;82d115f2-36d4-4959-9dbc-512b405381f9;12.387;0.79179179;BUY
2016-03-17T02:09:30.000000;2016-03-17T02:09:31.737000;b0d8f173-c1c8-42ea-8382-8505b677ecfc;12.387;3.2;BUY
2016-03-17T02:09:33.000000;2016-03-17T02:09:33.830000;0b24c623-516b-47bf-9bfc-6f3ee71374ea;12.387;4.56204683;BUY
2016-03-17T02:09:35.000000;2016-03-17T02:09:35.810000;8d9e2e24-010c-4ea6-9394-8fdd80692042;12.387;2.87239986;BUY
2016-03-17T02:09:36.000000;2016-03-17T02:09:36.350000;7fc77e8f-bd84-4da7-a1ee-639da475610b;12.387;7.13761015;BUY
2016-03-17T02:09:39.000000;2016-03-17T02:09:39.693000;5d94f1e9-10dc-4f43-9615-250b80b73117;12.387;0.7732603;BUY
2016-03-17T02:09:39.000000;2016-03-17T02:09:39.770000;c244d07c-3af9-4f7f-a488-57153aa553bc;12.387;5.92832899;BUY
2016-03-17T02:09:41.000000;2016-03-17T02:09:41.827000;4c07b828-83a4-4799-9443-ec7672603ce9;12.387;7.13761015;BUY
2016-03-17T02:12:50.000000;2016-03-17T02:12:50.460000;2d80362f-b330-42f2-ac28-e13295953d77;12.387;16.3795858;BUY
2016-03-17T02:13:06.000000;2016-03-17T02:13:06.557000;aa72a282-d958-452f-aabe-96661345eb1d;12.387;1.06960241;BUY
2016-03-17T02:13:19.000000;2016-03-17T02:13:20.010000;0f37514b-f609-4b6f-820a-299f1a2f41be;12.387;31.8;BUY
2016-03-17T02:13:37.000000;2016-03-17T02:13:37.453000;862f1bb0-d545-4b1e-afce-46a5271fd6a2;12.387;31.8;BUY
2016-03-17T02:14:03.000000;2016-03-17T02:14:03.590000;40c52f1f-7dfb-4058-b421-01ee3e8ef89e;12.387;22.2;BUY
2016-03-17T02:15:02.000000;2016-03-17T02:15:04.110000;e9936380-238b-4d5d-956e-36e4e3d9e18d;12.387;8.98560097;BUY
2016-03-17T02:15:05.000000;2016-03-17T02:15:05.827000;7daaeb34-0e70-4cc3-a3e6-8343c3bce397;12.387;7.83343588;BUY
2016-03-17T02:15:48.000000;2016-03-17T02:15:48.647000;0fcbb90c-cf12-4135-9de1-db5a76543cd1;12.409;5.2422042;BUY
2016-03-17T02:17:55.000000;2016-03-17T02:17:55.883000;33317e11-510b-4705-9d5a-de2906996750;12.409;2.18645109;BUY
2016-03-17T02:18:53.000000;2016-03-17T02:18:53.833000;95e7bfb3-285d-4ed2-8738-1ddb19278ff6;12.51;0.1027;BUY
2016-03-17T02:23:32.000000;2016-03-17T02:23:32.880000;7a2dcc0f-d85f-49b1-84d0-7ae21f52c4da;12.51;0.8973;BUY
2016-03-17T02:24:53.000000;2016-03-17T02:24:53.490000;19d0cddf-f01c-4c16-a556-34d349bcab40;12.54;7.71537389;BUY
2016-03-17T02:24:53.000000;2016-03-17T02:24:53.500000;4401ac66-1f31-4ac4-bb3d-49db3283484f;12.542;2.200456;BUY
2016-03-17T02:24:54.000000;2016-03-17T02:24:54.080000;c56e6da7-ddb5-48e2-b760-e9b2272ba7f7;12.56;9.24647921;SELL
2016-03-17T02:24:56.000000;2016-03-17T02:24:56.703000;fc7197bd-39fd-448f-9411-2d72be71f1df;12.56;6.8376909;SELL
2016-03-17T02:25:23.000000;2016-03-17T02:25:24.367000;b530faea-6b7c-4111-9e02-cc356ff0ae09;12.402;1.66704638;SELL
2016-03-17T02:25:23.000000;2016-03-17T02:25:24.373000;08b9f28c-89d9-4292-8d6f-62fb8045ae5a;12.401;0.74174193;SELL
2016-03-17T02:31:50.000000;2016-03-17T02:31:50.793000;b0b5ab8f-f4f0-4346-b4fa-91860b105fa0;12.538;20.0;BUY
2016-03-17T02:42:08.000000;2016-03-17T02:42:08.957000;851db3d5-e5ab-4eb6-966e-ecb31f448e7a;12.42;2.198667;SELL
2016-03-17T02:43:21.000000;2016-03-17T02:43:21.400000;3a54bb3d-a34f-42b6-96c3-d166935fc02c;12.41;1.073;SELL
2016-03-17T02:43:24.000000;2016-03-17T02:43:24.130000;9886b373-4e4b-42af-a964-6d7f87174788;12.4;1.125667;SELL
2016-03-17T02:48:52.000000;2016-03-17T02:48:52.350000;c83e10ca-b836-416e-8cd3-abcefa326405;12.4;3.7;SELL
2016-03-17T02:49:34.000000;2016-03-17T02:49:34.437000;c710aa5c-b3a7-46df-a9e0-7b6324228616;12.4;1.92548885;SELL
2016-03-17T02:49:34.000000;2016-03-17T02:49:34.450000;d22fcb42-58ed-465e-9eab-230dcea7ba1e;12.4;14.76208121;SELL
2016-03-17T02:49:36.000000;2016-03-17T02:49:36.870000;f3ec3462-a45e-4da5-b62d-48ff03e815d3;12.4;24.780098;SELL
2016-03-17T02:49:38.000000;2016-03-17T02:49:38.517000;37cb4c8e-ed9c-420c-a482-6152e7c77c09;12.4;3.70666494;SELL
2016-03-17T02:55:10.000000;2016-03-17T02:55:10.973000;64df982f-01c7-4f19-b978-4bbe357de769;12.43;4.91858047;BUY
2016-03-17T02:55:29.000000;2016-03-17T02:55:29.963000;31e1c322-235d-4409-a63e-3c0d32e5c097;12.43;9.71285089;BUY
2016-03-17T02:55:29.000000;2016-03-17T02:55:29.963000;4a45dcad-2afd-47e1-ad4d-12c8968c6207;12.431;0.7159027;BUY
2016-03-17T03:17:58.000000;2016-03-17T03:17:58.203000;02ee0e31-bedb-428a-ae13-92c97c23089b;12.458;1.71445737;BUY
2016-03-17T03:17:59.000000;2016-03-17T03:17:59.543000;7288fdab-6f2e-4fe4-adea-a2962bb5a958;12.458;2.89172379;BUY
2016-03-17T03:17:59.000000;2016-03-17T03:17:59.623000;34a1d691-0860-4195-a25d-4698979155da;12.458;22.16988239;BUY
2016-03-17T03:17:59.000000;2016-03-17T03:17:59.650000;f94c5a3f-6b7e-493b-8add-5cc5d663b553;12.458;0.37718136;BUY
2016-03-17T03:18:01.000000;2016-03-17T03:18:01.073000;f1528a24-1fbb-44e6-8844-557436f6bbc5;12.458;2.17587035;BUY
2016-03-17T03:30:46.000000;2016-03-17T03:30:46.173000;d6e73063-90b7-4b50-b74c-15b33ba56921;12.5;3.64586967;BUY
2016-03-17T03:37:23.000000;2016-03-17T03:37:23.823000;b032c79f-232b-4a34-a4b1-cfe3f421703b;12.5;2.00700701;BUY
2016-03-17T03:41:15.000000;2016-03-17T03:41:15.347000;1453dafd-a086-4686-99a7-628f02a33872;12.5;0.55969465;BUY
2016-03-17T03:41:15.000000;2016-03-17T03:41:15.367000;dca8f0c9-418f-495d-8b96-89c6ccc66835;12.5;33.58752867;BUY
2016-03-17T03:45:34.000000;2016-03-17T03:45:34.497000;82647688-5f43-43a7-9a43-1bac286a96c5;12.537;1.47683553;BUY
2016-03-17T03:45:47.000000;2016-03-17T03:45:47.480000;13e932b3-a9f6-4fb4-90b5-905b6afd0eac;12.533;6.7825;BUY
2016-03-17T03:45:48.000000;2016-03-17T03:45:48.653000;c11745dd-130b-456b-ab27-2c80b491384d;12.533;14.05421344;SELL
2016-03-17T03:45:49.000000;2016-03-17T03:45:49.293000;87de26bf-bc05-428d-a7a7-255ea5dca76a;12.533;13.31050988;SELL
2016-03-17T04:08:07.000000;2016-03-17T04:08:07.693000;8e9532eb-b799-4bd5-ae6f-a9710f6e7fe5;12.442;3.38417185;SELL
2016-03-17T04:08:07.000000;2016-03-17T04:08:07.707000;967e4cc8-9881-485d-93d0-cb34c116108c;12.441;13.60434455;SELL
2016-03-17T04:11:45.000000;2016-03-17T04:11:45.073000;0bbcad7c-f2b4-45ed-ac40-2a6dd40ae940;12.441;14.16930006;SELL
2016-03-17T04:12:38.000000;2016-03-17T04:12:38.613000;aa4761b9-47bb-495f-9ba2-794d21f46d96;12.441;14.16930003;SELL
2016-03-17T04:37:12.000000;2016-03-17T04:37:13.003000;f113dceb-f0e6-4993-a785-79a078125c30;12.48;14.11089602;BUY
2016-03-17T04:38:37.000000;2016-03-17T04:38:37.803000;a2be20ab-ae84-470f-b7c7-9e03d1a2c647;12.48;5.88910398;BUY
2016-03-17T04:38:37.000000;2016-03-17T04:38:37.813000;bf5d6a4d-692f-4ec4-b173-b2a334b3821f;12.48;20.0;BUY
2016-03-17T04:38:37.000000;2016-03-17T04:38:37.817000;f64cee8c-cb38-44ca-9ba4-4cb1c2018bfd;12.49;6.75661799;BUY
2016-03-17T04:38:37.000000;2016-03-17T04:38:37.867000;174e310e-3664-49b3-8d6f-7f942bea4073;12.49;0.55505661;BUY
2016-03-17T04:38:37.000000;2016-03-17T04:38:38.027000;ba74b6e9-bbed-45c0-8f0b-cc0bb99c797a;12.49;4.25543401;BUY
2016-03-17T04:38:38.000000;2016-03-17T04:38:38.913000;17d234f2-09dc-402c-8429-1b751122ad87;12.49;8.42753463;BUY
2016-03-17T04:38:41.000000;2016-03-17T04:38:41.853000;608b2eb8-b3f9-4354-b6fa-3526f06468f8;12.49;0.00535676;BUY
2016-03-17T04:38:41.000000;2016-03-17T04:38:41.857000;3342492d-3590-44c0-8ede-cb33e99003c7;12.5;20.0;BUY
2016-03-17T04:38:41.000000;2016-03-17T04:38:41.867000;8f431b1b-c85a-4834-9f4a-d2779a849494;12.5;39.6844;BUY
2016-03-17T04:38:41.000000;2016-03-17T04:38:41.893000;654d2fbd-440e-45ce-a471-4231a96ceb10;12.5;4.92134208;BUY
2016-03-17T04:39:38.000000;2016-03-17T04:39:38.470000;7771c51e-1eb9-4dc2-9ceb-911fe06ce65c;12.5;14.08831858;BUY
2016-03-17T04:39:38.000000;2016-03-17T04:39:38.780000;82dd877d-fd35-4151-988f-30fa73a360df;12.5;1.10777041;BUY
2016-03-17T04:57:32.000000;2016-03-17T04:57:32.883000;9c192354-84a0-4dc4-93e9-423e064223d7;12.49;14.09959826;BUY
2016-03-17T05:02:12.000000;2016-03-17T05:02:12.520000;ebdaa7fc-64d6-443a-8e85-4a48e152ea2b;12.49;5.90040159;BUY
2016-03-17T05:03:24.000000;2016-03-17T05:03:24.210000;d5725597-d583-44b0-8427-66d18ca647bf;12.5;4.80391101;BUY
2016-03-17T05:05:12.000000;2016-03-17T05:05:13.030000;a354e5f7-e90f-442d-a7ae-9d4af5dde432;12.502;9.39070987;BUY
2016-03-17T05:05:15.000000;2016-03-17T05:05:15.557000;e6c89f63-f4f8-43a3-8406-62f9c8de62d7;12.502;9.39070987;BUY
2016-03-17T05:05:18.000000;2016-03-17T05:05:18.830000;9ce8dcdb-4c77-474e-b107-00ed38c1fa99;12.502;1.21858026;BUY
2016-03-17T05:05:29.000000;2016-03-17T05:05:29.637000;81731758-ee70-438d-b5db-52f6dbc7cc70;12.504;9.38920784;BUY
2016-03-17T05:05:30.000000;2016-03-17T05:05:30.443000;d68c0be4-e341-43b0-ac66-d966abee4ace;12.504;9.38920784;BUY
2016-03-17T05:06:14.000000;2016-03-17T05:06:14.150000;e0ab223e-f282-4420-ad74-c5b6d8babd48;12.504;1.22158432;BUY
2016-03-17T05:06:21.000000;2016-03-17T05:06:21.770000;58095719-78b9-4404-b37f-2dd98c3a1a5f;12.506;9.38770629;BUY
2016-03-17T05:06:24.000000;2016-03-17T05:06:24.790000;812e062d-d242-4153-890e-a5bd95d2db35;12.506;9.38770629;BUY
2016-03-17T05:06:25.000000;2016-03-17T05:06:25.613000;d1350639-77e8-453f-ba1c-2c820590f661;12.506;1.22458742;BUY
2016-03-17T05:12:13.000000;2016-03-17T05:12:13.130000;1ad1c0b3-d9da-4b90-b333-38b3abd92992;12.508;14.07930763;BUY
2016-03-17T05:12:13.000000;2016-03-17T05:12:13.797000;a3bfe2cf-1865-46de-9dcc-0cb4a0b51dea;12.508;5.92069231;BUY
2016-03-17T05:12:18.000000;2016-03-17T05:12:18.510000;f817f073-aa2c-4914-a2d8-c0cf8ad9e556;12.51;1.45553159;BUY
2016-03-17T05:12:18.000000;2016-03-17T05:12:18.530000;f1c308d1-ee30-47b0-83f4-2584bf7704f3;12.51;14.07705694;BUY
2016-03-17T05:12:18.000000;2016-03-17T05:12:18.557000;2ad4fca8-4e23-4b2b-8ea1-04d209d5c342;12.51;4.46741147;BUY
2016-03-17T05:12:25.000000;2016-03-17T05:12:25.753000;540685e4-1a97-4c71-9813-c18fc42a562f;12.52;14.07930763;BUY
2016-03-17T05:21:48.000000;2016-03-17T05:21:48.100000;4298ed47-9347-4f75-9214-012e3a9e019e;12.509;39.031;SELL
2016-03-17T05:21:48.000000;2016-03-17T05:21:48.117000;d31eadeb-238a-4d4a-9d56-ce95a3f80733;12.509;1.00328647;SELL
2016-03-17T05:21:48.000000;2016-03-17T05:21:48.127000;5db620dc-bca7-4a45-8f98-b64ad8690d3e;12.503;4.0;SELL
2016-03-17T05:21:48.000000;2016-03-17T05:21:48.153000;80847c6f-8966-4c3b-8ac0-5c39ee0de8b4;12.503;92.01583;SELL
2016-03-17T05:21:48.000000;2016-03-17T05:21:48.153000;043c0ae4-a317-4b4d-a442-c162a50993a5;12.498;1.17712453;SELL
2016-03-17T05:21:48.000000;2016-03-17T05:21:48.647000;97b9b3c2-da11-4410-ad5e-b898bba9c054;12.498;1.00328647;SELL
2016-03-17T05:21:48.000000;2016-03-17T05:21:48.657000;ac0a721c-cade-4bd7-ae98-2b4e1a0d9fc9;12.489;200.0;SELL
2016-03-17T05:21:48.000000;2016-03-17T05:21:48.660000;211f26be-35f1-4c96-be0e-fff4e82d8138;12.489;25.0262;SELL
2016-03-17T05:22:06.000000;2016-03-17T05:22:06.797000;bdbaf67f-3e43-4b3c-a2bd-b6c3aa5f0d19;12.451;9.42917475;SELL
2016-03-17T05:22:06.000000;2016-03-17T05:22:06.817000;4359a9b7-1aef-4a7f-b5f9-d836b965cba2;12.45;25.0;SELL
2016-03-17T05:22:06.000000;2016-03-17T05:22:06.827000;de69fc6d-e8f1-46b4-a927-d3cd0f54b5ad;12.45;115.390727;SELL
2016-03-17T05:22:08.000000;2016-03-17T05:22:08.980000;2e6a533b-7dc3-4cc6-8527-913b575b215c;12.447;9.42841751;BUY
2016-03-17T05:22:10.000000;2016-03-17T05:22:10.310000;15257017-6695-4873-82d6-126752d26826;12.444;9.42841751;BUY
2016-03-17T05:22:11.000000;2016-03-17T05:22:11.777000;00d1650b-2085-43fc-bc11-3eb37855d51f;12.444;7.19665749;BUY
2016-03-17T05:25:52.000000;2016-03-17T05:25:53.040000;e8ee3c7b-b058-45c2-a7af-a8fc596a4ed7;12.392;1.40624505;SELL
2016-03-17T05:26:27.000000;2016-03-17T05:26:27.787000;4b207c20-98cc-4ff9-8adf-d268d434099f;12.392;13.48189679;SELL
2016-03-17T05:26:27.000000;2016-03-17T05:26:27.987000;14bb2ee1-a47c-4c42-835c-e3174c02e8de;12.392;0.74343081;SELL
2016-03-17T05:26:36.000000;2016-03-17T05:26:37.250000;ade0d17b-8ea5-4d26-b5b6-a7cbac7c0ee1;12.392;1.01014407;SELL
2016-03-17T05:26:36.000000;2016-03-17T05:26:37.260000;7da23dcc-a55e-4f9a-b122-3a428ae8f1dd;12.391;1.21985593;SELL
2016-03-17T05:26:41.000000;2016-03-17T05:26:41.263000;2574f78d-e5c4-441f-9bac-01bcb6cc3afb;12.392;1.01014407;BUY
2016-03-17T05:27:13.000000;2016-03-17T05:27:13.360000;217d39aa-8c4a-43a9-924f-c8fcd570ccd2;12.331;2.0;SELL
2016-03-17T05:27:13.000000;2016-03-17T05:27:13.600000;802b4748-e1f6-4305-a9e2-2521e12cfd6c;12.331;5.20386135;SELL
2016-03-17T05:27:13.000000;2016-03-17T05:27:13.620000;3a065a7a-05ed-4ed3-bce4-3f197536e18c;12.33;9.09235793;SELL
2016-03-17T05:27:15.000000;2016-03-17T05:27:16.283000;3e1a7922-28c1-4f84-a561-1a92d1377200;12.33;14.29680328;SELL
2016-03-17T05:27:20.000000;2016-03-17T05:27:20.053000;823d9965-bbca-427f-ad11-43fedc4054f2;12.33;2.64703879;SELL
2016-03-17T05:29:46.000000;2016-03-17T05:29:46.757000;19de6f28-30e4-4364-8182-6ae8bdd23541;12.277;7.44219505;SELL
2016-03-17T05:30:28.000000;2016-03-17T05:30:28.573000;e8bf3207-e36a-4f68-a950-8ad5400840b7;12.277;2.8489;SELL
2016-03-17T05:38:19.000000;2016-03-17T05:38:19.470000;aeba8519-3b33-4ec6-95a3-813433f087d9;12.277;10.87042801;SELL
2016-03-17T05:38:44.000000;2016-03-17T05:38:44.613000;95c43fa6-dc1a-4463-9978-02086decd372;12.246;2.177252;SELL
2016-03-17T05:38:44.000000;2016-03-17T05:38:44.620000;6f91c943-1236-4017-83b6-4a8e3d3ec150;12.246;2.15643375;SELL
2016-03-17T05:50:52.000000;2016-03-17T05:50:52.880000;9015649f-7d0c-48d3-956b-da3879371ed9;12.392;0.47738237;BUY
2016-03-17T05:50:52.000000;2016-03-17T05:50:52.887000;ef93f4e4-5cff-4577-9a32-7b04e73668cc;12.403;0.51346047;BUY
2016-03-17T05:51:43.000000;2016-03-17T05:51:44.423000;bf71d8c5-6e0f-4bca-a275-19fa28ec4153;12.403;10.79612994;BUY
2016-03-17T05:51:44.000000;2016-03-17T05:51:44.753000;5ae0a9b6-c0d6-436a-8dcc-ffbb99939ff6;12.403;14.19849894;BUY
2016-03-17T05:51:45.000000;2016-03-17T05:51:45.487000;aee7e5a4-b39c-4da8-8a6c-e50034c60d6a;12.403;8.33273153;BUY
2016-03-17T05:51:45.000000;2016-03-17T05:51:45.503000;cc5d2e13-ae9e-4f70-9c77-f5472cc2e6a6;12.403;1.08687802;BUY
2016-03-17T05:56:21.000000;2016-03-17T05:56:22.010000;e0410d30-a75c-4047-a6a3-ce8597fbbcbb;12.518;6.45;BUY
2016-03-17T05:56:21.000000;2016-03-17T05:56:22.090000;c544ec38-4d30-49e7-b39c-ab32920908e9;12.52;7.61581328;BUY
2016-03-17T05:56:22.000000;2016-03-17T05:56:22.557000;3ff852cc-fa00-42e8-947c-2141cc0f1fd9;12.52;14.06581328;BUY
2016-03-17T05:56:26.000000;2016-03-17T05:56:27.053000;981f8fd4-44d0-46e0-929b-fe6bc39bfe04;12.52;14.06581328;BUY
2016-03-17T06:06:44.000000;2016-03-17T06:06:44.423000;f80cbe2e-2896-49eb-9ca4-9380261e24fd;12.439;1.37652039;SELL
2016-03-17T06:09:58.000000;2016-03-17T06:09:59.793000;47a5a305-2834-4b60-8867-dea2af5718e7;12.337;3.7399688;SELL
2016-03-17T06:09:58.000000;2016-03-17T06:09:59.810000;99fb232d-b4b4-4471-b94b-d25dfde23c54;12.337;28.67309417;SELL
2016-03-17T06:10:04.000000;2016-03-17T06:10:04.250000;4a091293-c9cd-420b-bf1f-8404e7796505;12.337;3.56828071;BUY
2016-03-17T06:10:05.000000;2016-03-17T06:10:05.870000;e14e3430-1c63-4ab9-bfba-1e592131278d;12.331;7.06884317;SELL
2016-03-17T06:10:06.000000;2016-03-17T06:10:06.550000;6f8c58d5-e98e-45a9-916e-a164e0f83efb;12.331;0.92202302;SELL
2016-03-17T06:10:08.000000;2016-03-17T06:10:08.560000;01bb5125-3c8e-495e-b29c-8efa5647a663;12.331;6.40811901;SELL
2016-03-17T06:10:08.000000;2016-03-17T06:10:08.640000;e2e6c763-8ce1-46a2-b6f3-796369cd1a5e;12.331;0.83584161;SELL
2016-03-17T06:10:11.000000;2016-03-17T06:10:11.327000;f0b2764a-ec4e-4e16-82b0-414ceb5d8a25;12.331;24.71607319;SELL
2016-03-17T06:10:11.000000;2016-03-17T06:10:11.860000;a4c7cd67-879a-408b-816e-a8e379d90644;12.33;2.206649;SELL
2016-03-17T06:10:20.000000;2016-03-17T06:10:20.813000;9b45b477-def2-4f33-b446-a2bdacd5a213;12.25;7.43149778;SELL
2016-03-17T06:10:54.000000;2016-03-17T06:10:54.300000;969f0987-e7a5-4448-8281-2828b5256e1a;12.314;13.2164;BUY
2016-03-17T06:15:36.000000;2016-03-17T06:15:37.767000;7f829472-3010-4f25-86b8-f1470f0d6114;12.25;14.39022518;SELL
2016-03-17T06:15:38.000000;2016-03-17T06:15:38.437000;3ed2ae57-ca5a-493d-a20f-8e10cc989de3;12.25;1.16764113;SELL
2016-03-17T06:15:39.000000;2016-03-17T06:15:39.927000;2f45b51e-6465-41cf-905a-4f69182943ad;12.25;14.39022518;SELL
2016-03-17T06:15:42.000000;2016-03-17T06:15:42.600000;e2d4dc53-7920-4536-babe-978946b685da;12.25;5.31265305;SELL
2016-03-17T06:15:42.000000;2016-03-17T06:15:42.637000;7cae5e84-7f8b-4cd2-bd1c-c5744c07af8d;12.25;0.69295474;SELL
2016-03-17T06:15:44.000000;2016-03-17T06:15:44.360000;7f8e1494-4947-4e64-ba7a-54165f78a695;12.25;0.50962082;SELL
2016-03-17T06:15:44.000000;2016-03-17T06:15:44.510000;bbca108e-4c3a-42dc-88ec-e2bc23a5275d;12.25;3.90709298;SELL
2016-03-17T06:15:44.000000;2016-03-17T06:15:44.707000;28997ab5-a02d-4900-af9d-6e792ba9d1db;12.25;1.46415202;SELL
2016-03-17T06:15:50.000000;2016-03-17T06:15:51.130000;e794dfa6-bd78-41cd-b3e7-42ea170ec65f;12.25;2.10833712;SELL
2016-03-17T06:16:22.000000;2016-03-17T06:16:24.503000;d704eb6e-646c-49d0-a9c8-a73aeee7a5f6;12.273;0.75;BUY
2016-03-17T06:16:58.000000;2016-03-17T06:16:58.497000;096afb00-a64a-4abe-be32-7e0ad0b253ad;12.167;19.4;BUY
2016-03-17T06:17:03.000000;2016-03-17T06:17:03.660000;af7146d4-52f0-4bca-b699-28e7c215d7a8;12.167;2.5677978;BUY
2016-03-17T06:17:04.000000;2016-03-17T06:17:04.570000;cbfac0f7-c9a6-4879-810e-bd8e9f547aa3;12.167;0.79429492;BUY
2016-03-17T06:17:17.000000;2016-03-17T06:17:17.260000;04fe40b0-20c4-4b2b-8c4c-a37f485872d0;12.167;3.8209665;BUY
2016-03-17T06:17:21.000000;2016-03-17T06:17:21.470000;d48f43ea-46e4-4174-83be-1c3713d0d3de;12.167;3.84412995;BUY
2016-03-17T06:17:26.000000;2016-03-17T06:17:26.870000;00c3ab7c-89cd-45c4-b228-9f1f35ebc91e;12.167;3.84412995;BUY
2016-03-17T06:17:30.000000;2016-03-17T06:17:30.420000;485e28c4-9e20-4cc4-b7dc-39e690b8adbd;12.167;3.84412995;BUY
2016-03-17T06:17:36.000000;2016-03-17T06:17:36.067000;6f71064f-4775-4947-9dc1-432396f487a5;12.167;3.84412995;BUY
2016-03-17T06:17:37.000000;2016-03-17T06:17:37.210000;bb013132-c602-46b1-aaa6-878d7638c37e;12.167;54.03301998;BUY
2016-03-17T06:17:42.000000;2016-03-17T06:17:42.103000;395fe6ae-3497-4c64-9b02-d94de328fd04;12.172;16.55019619;SELL
2016-03-17T06:19:50.000000;2016-03-17T06:19:50.860000;f99bb2af-01c4-4596-a921-092f750f75b8;12.271;1.35833712;BUY
2016-03-17T06:21:39.000000;2016-03-17T06:21:39.450000;01906212-758c-450d-bb33-307b63f09785;12.271;10.79548287;SELL
2016-03-17T06:21:41.000000;2016-03-17T06:21:41.640000;23eb977e-4387-4ac5-a92c-60a5fdf09b7f;12.271;8.84618001;SELL
2016-03-17T06:21:41.000000;2016-03-17T06:21:41.653000;67c092db-df89-403b-a376-4e51537402a4;12.271;0.2081;SELL
2016-03-17T06:27:42.000000;2016-03-17T06:27:43.050000;778c6028-90bf-4d06-b381-232bf66c7d11;12.264;2.157391;BUY
2016-03-17T06:27:49.000000;2016-03-17T06:27:49.870000;98647bb4-3bc8-4e58-95f1-4550d7cad753;12.278;1.98651243;BUY
2016-03-17T06:27:49.000000;2016-03-17T06:27:49.880000;7dcf6ff2-f6fc-4bfc-a6a9-50bb74be6db3;12.279;0.83584161;BUY
2016-03-17T06:27:49.000000;2016-03-17T06:27:49.900000;d1251713-bc2c-41ea-a7df-e4c18418589a;12.279;9.3096447;BUY
2016-03-17T06:27:50.000000;2016-03-17T06:27:50.753000;09a2e08d-0044-47ca-99be-fce4c28e461d;12.29;0.83584161;BUY
2016-03-17T06:27:50.000000;2016-03-17T06:27:50.787000;f7a9e790-40cf-41ae-a4dc-3ed7635292eb;12.29;20.04990963;BUY
2016-03-17T06:27:50.000000;2016-03-17T06:27:50.787000;36594780-3783-49e2-bbd1-97e322dd41ee;12.291;2.6152056;BUY
2016-03-17T06:27:50.000000;2016-03-17T06:27:50.790000;08a58abe-8b1f-457c-ad16-23e0cd5247e3;12.292;0.34183354;BUY
2016-03-17T06:27:50.000000;2016-03-17T06:27:50.827000;46aa7d8d-127e-4afd-90c7-57f7a499f2f3;12.296;95.149352;BUY
2016-03-17T06:27:55.000000;2016-03-17T06:27:56.147000;65e93236-be9f-4acc-b92d-2ac3b1647409;12.304;2.20988434;BUY
2016-03-17T06:27:56.000000;2016-03-17T06:27:56.193000;c3ecc8f3-d725-4fc1-90e8-0f006a62112c;12.304;2.21572673;BUY
2016-03-17T06:27:56.000000;2016-03-17T06:27:56.257000;31f0310b-8286-45b7-a2c3-b2f2c0732da2;12.304;3.79612166;BUY
2016-03-17T06:27:57.000000;2016-03-17T06:27:57.437000;5fed9e14-9974-4854-9851-7b2aae401d3d;12.304;1.79922923;BUY
2016-03-17T06:30:19.000000;2016-03-17T06:30:19.583000;8f5becaf-b344-4d9a-9fc9-07c01748e98f;12.507;23.1231322;BUY
2016-03-17T06:30:19.000000;2016-03-17T06:30:20.190000;ffd6037d-47f2-4bfa-ab70-42fbdbfa658f;12.507;16.0;BUY
2016-03-17T06:31:34.000000;2016-03-17T06:31:34.483000;c55c2cc9-e38e-4cbf-8c0a-745e493c996a;12.496;33.7816;BUY
2016-03-17T06:31:34.000000;2016-03-17T06:31:34.497000;8b3caec7-5c3f-4b0b-beb4-2a235af1a4ad;12.519;0.54693409;BUY
2016-03-17T06:31:34.000000;2016-03-17T06:31:34.500000;e2dfda07-f044-4e83-868c-39ab41b5600a;12.519;1.31788137;BUY
2016-03-17T06:31:34.000000;2016-03-17T06:31:34.537000;bd3db6b2-650e-46ea-9de6-5310d381efd4;12.52;0.17325253;BUY
2016-03-17T06:31:34.000000;2016-03-17T06:31:34.537000;3d5f1dbd-cc57-4bd4-90e8-acbfe3386509;12.52;8.97463201;BUY
2016-03-17T06:35:12.000000;2016-03-17T06:35:12.470000;77e68012-e9fb-4d21-99e3-eb96b51c8e90;12.519;1.78778043;BUY
2016-03-17T06:35:12.000000;2016-03-17T06:35:12.483000;d5912e41-76d7-4dc8-b438-aece93d4b2a9;12.52;12.27803285;BUY
2016-03-17T06:37:08.000000;2016-03-17T06:37:08.073000;77ac189f-7234-4bb9-8961-806872f62c09;12.52;37.72196715;BUY
2016-03-17T06:38:14.000000;2016-03-17T06:38:14.943000;d3007053-d28c-45ca-8326-275d3b4f8b18;12.53;0.59616919;BUY
2016-03-17T06:41:41.000000;2016-03-17T06:41:41.333000;1c381996-a2b4-4573-b392-a3a525d9d21a;12.53;42.1165;BUY
2016-03-17T07:01:55.000000;2016-03-17T07:01:55.283000;529648dd-510c-4ad3-baaf-60cc906510ed;12.52;14.06581326;BUY
2016-03-17T07:01:55.000000;2016-03-17T07:01:55.753000;1937f12c-6a03-46f6-b6f2-3c61e9b68c92;12.52;14.06687284;SELL
2016-03-17T07:01:56.000000;2016-03-17T07:01:56.703000;3f55dc59-32a8-48e4-b96a-7056dbcd0375;12.52;14.06687284;SELL
2016-03-17T07:01:57.000000;2016-03-17T07:01:57.467000;d788167a-1227-4c60-9c86-bdbf8bec1b58;12.52;7.80044106;SELL
2016-03-17T07:03:19.000000;2016-03-17T07:03:19.303000;46e47c61-968d-4cae-a5f6-204ed82c2eb8;12.498;0.669;BUY
2016-03-17T07:05:08.000000;2016-03-17T07:05:09.327000;7330f9e2-2ae4-4e7f-bf0d-8c3f04f4adda;12.47;14.12221171;BUY
2016-03-17T07:05:08.000000;2016-03-17T07:05:09.343000;be5335c3-1c3f-4fb6-826e-7543656a0f26;12.47;1.70721488;BUY
2016-03-17T07:05:08.000000;2016-03-17T07:05:09.347000;f927faf4-d2d3-452b-a443-ce6fb4aa065c;12.471;30.64;BUY
2016-03-17T07:05:08.000000;2016-03-17T07:05:09.380000;46270816-9aa3-4c76-8e82-ea6a3a84660a;12.471;13.53057341;BUY
2016-03-17T07:05:18.000000;2016-03-17T07:05:18.187000;cee47dbb-3c0a-4a1d-b261-a790f5ed288b;12.324;2.202337;SELL
2016-03-17T07:13:38.000000;2016-03-17T07:13:39.320000;37e03c89-5c20-4973-8fc0-1ccc31df3271;12.265;39.8124;SELL
2016-03-17T07:14:25.000000;2016-03-17T07:14:26.353000;3c7f1978-cf65-4afc-a9a5-d73517077c56;12.265;0.40975132;BUY
2016-03-17T07:14:48.000000;2016-03-17T07:14:48.100000;9ee4e13c-8a74-488b-b75f-d3ff33b96e84;12.265;9.77784868;BUY
2016-03-17T07:16:16.000000;2016-03-17T07:16:16.747000;cd958c5e-bc38-4820-9536-919caad8fb2f;12.265;3.613962;SELL
2016-03-17T07:16:17.000000;2016-03-17T07:16:17.820000;11c3cda6-416b-4ab5-85ca-c78c16c19d23;12.265;14.37262636;SELL
2016-03-17T07:16:18.000000;2016-03-17T07:16:18.550000;6b9eda62-5798-4c20-a882-26ac4c45c244;12.265;2.23556296;SELL
2016-03-17T07:16:29.000000;2016-03-17T07:16:29.283000;36c87cbf-f2c1-404e-9f97-6a4ce8c8306a;12.205;2.199471;SELL
2016-03-17T07:19:34.000000;2016-03-17T07:19:34.333000;b6b8ff20-6944-4ef7-a9d3-ebf4a80d128a;12.185;14.46698907;SELL
2016-03-17T07:19:34.000000;2016-03-17T07:19:34.597000;472b313b-60db-4905-a9f5-61dbe60da45f;12.185;10.53301093;SELL
2016-03-17T07:19:50.000000;2016-03-17T07:19:51.000000;0356f9cf-dd7b-4a86-9c8a-2de342d06a70;12.167;3.84412995;SELL
2016-03-17T07:20:20.000000;2016-03-17T07:20:20.263000;a1d4affe-69b5-4b48-a735-bee19a55bbce;12.227;0.63532298;BUY
2016-03-17T07:20:39.000000;2016-03-17T07:20:39.223000;354146bb-1c0c-40a7-b043-0db3599f6a34;12.165;14.49077368;SELL
2016-03-17T07:20:40.000000;2016-03-17T07:20:40.597000;37880926-d38d-4da7-978e-3db0e188c7f8;12.165;14.49077368;SELL
2016-03-17T07:20:42.000000;2016-03-17T07:20:42.360000;0ce9a0b2-3f56-40ee-829b-24f7c278ccec;12.165;5.61173418;SELL
2016-03-17T07:20:48.000000;2016-03-17T07:20:48.710000;5807d6fe-640e-4c6e-a40a-6829f6046c42;12.165;6.87285223;SELL
2016-03-17T07:22:22.000000;2016-03-17T07:22:22.750000;9a6c8a1b-3ac1-46eb-9038-e72f3444b6fa;12.165;8.53386623;SELL
2016-03-17T07:22:22.000000;2016-03-17T07:22:22.770000;9c9ebee7-9ea6-49bb-ab12-dbe07b5417eb;12.165;2.72613377;SELL
2016-03-17T07:22:27.000000;2016-03-17T07:22:28.407000;84ae48de-23a1-48ac-9380-c990fbab8cd9;12.165;2.51;SELL
2016-03-17T07:22:28.000000;2016-03-17T07:22:28.443000;c7a6501c-ca09-4100-9dea-1a909237bb10;12.165;11.98077356;SELL
2016-03-17T07:22:29.000000;2016-03-17T07:22:30.267000;a302bdc8-d0ac-44b5-b7d1-372c8387e415;12.165;6.75792458;SELL
2016-03-17T07:22:29.000000;2016-03-17T07:22:30.300000;ede31e64-bab4-41d0-a334-c0a346c58822;12.165;0.88146851;SELL
2016-03-17T07:22:30.000000;2016-03-17T07:22:30.370000;18a06da8-c79f-42e0-b7be-d11db16ce769;12.165;14.49077356;SELL
2016-03-17T07:22:30.000000;2016-03-17T07:22:30.453000;e80063cc-c155-48ec-a1f0-65c23dd93801;12.165;10.65292602;SELL
2016-03-17T07:22:30.000000;2016-03-17T07:22:30.453000;b80f2d0a-fb7f-4647-bf3c-698289d15e13;12.16;41.15783066;SELL
2016-03-17T07:22:32.000000;2016-03-17T07:22:33.197000;7b9c4678-d31e-4398-8769-4050d5227915;12.16;4.22706067;SELL
2016-03-17T07:22:33.000000;2016-03-17T07:22:33.363000;8498fbae-0a27-439a-b0c2-7f80cd6c148d;12.165;0.5513557;SELL
2016-03-17T07:22:33.000000;2016-03-17T07:22:33.400000;507ee1d3-086e-4063-8aa7-138c87caf7d9;12.165;32.40746494;SELL
2016-03-17T07:22:33.000000;2016-03-17T07:22:33.873000;893daaa6-be6f-48a2-bd42-3d54fecebac7;12.165;1.622633;SELL
2016-03-17T07:22:34.000000;2016-03-17T07:22:34.630000;d48a958a-e944-414f-b563-e1961d01985b;12.165;15.41854636;SELL
2016-03-17T07:22:34.000000;2016-03-17T07:22:34.660000;10f41fe3-8cd8-4329-a1ab-5ea65f722d88;12.16;4.61510867;SELL
2016-03-17T07:22:34.000000;2016-03-17T07:22:34.660000;19fa27ea-6ef9-4d77-9a60-c1bef8e4ead1;12.152;25.01839073;SELL
2016-03-17T07:22:34.000000;2016-03-17T07:22:34.683000;fe1746ec-c2e4-4586-a703-6575d409a027;12.152;3.53006032;SELL
2016-03-17T07:22:35.000000;2016-03-17T07:22:35.340000;7486018b-b559-4b23-92e5-1d266e7da2af;12.152;3.59413102;SELL
2016-03-17T07:22:35.000000;2016-03-17T07:22:35.387000;06075439-a63f-4036-aaeb-3be1bc1bd8aa;12.152;2.92922644;SELL
2016-03-17T07:22:35.000000;2016-03-17T07:22:35.457000;59b26d9d-7ba6-44cc-a466-ba2d8abeeaa8;12.152;0.46879969;SELL
2016-03-17T07:22:35.000000;2016-03-17T07:22:35.867000;fef23966-f229-422f-9abf-86844a6f47c7;12.152;11.98077356;SELL
2016-03-17T07:22:42.000000;2016-03-17T07:22:43.023000;f30741e7-9d00-4a17-86ad-78f80eedc39f;12.152;0.38104705;SELL
2016-03-17T07:22:46.000000;2016-03-17T07:22:46.987000;980d07c2-1920-4448-83b2-ad446f0ae80d;12.155;5.11175256;SELL
2016-03-17T07:22:46.000000;2016-03-17T07:22:47.003000;d690a38a-ba0d-425b-b33a-be74c2951963;12.155;44.88824744;SELL
2016-03-17T07:22:48.000000;2016-03-17T07:22:48.237000;904dec6d-8663-44fd-82d3-160ec3373b12;12.152;2.91844015;SELL
2016-03-17T07:22:48.000000;2016-03-17T07:22:48.260000;94d04756-ed68-403d-9b85-3a3cf885d042;12.152;0.380666;SELL
2016-03-17T07:22:58.000000;2016-03-17T07:22:58.350000;42cdc8ec-5dbe-45b6-bae6-a29bb3f3a516;12.153;4.78687707;BUY
2016-03-17T07:22:58.000000;2016-03-17T07:22:58.373000;0422c179-2b94-418f-851e-fd4d47df8558;12.153;45.21312293;BUY
2016-03-17T07:23:28.000000;2016-03-17T07:23:28.703000;260696ca-ec1e-46fd-b730-39985f3872a4;12.153;32.7;SELL
2016-03-17T07:23:30.000000;2016-03-17T07:23:31.033000;da3bdbf7-76ec-4060-90c7-85f5dd807ab5;12.153;14.5026952;SELL
2016-03-17T07:23:31.000000;2016-03-17T07:23:31.730000;814e47b0-6081-4352-b73e-0c404c63fce2;12.153;2.7973048;SELL
2016-03-17T07:23:32.000000;2016-03-17T07:23:32.693000;141edce8-c343-4a1a-ab5a-901648e52b59;12.152;32.7;SELL
2016-03-17T07:23:36.000000;2016-03-17T07:23:36.517000;d6c88785-cb34-4395-b404-d31ac1bd91e6;12.152;12.20956504;SELL
2016-03-17T07:23:42.000000;2016-03-17T07:23:42.247000;10990ab0-ec1f-4072-94f9-913a7b6dc14b;12.15;9.052;SELL
2016-03-17T07:23:42.000000;2016-03-17T07:23:42.543000;72a5fc04-1c47-4968-bbb8-c2102289505e;12.076;9.72198202;SELL
2016-03-17T07:23:42.000000;2016-03-17T07:23:42.560000;bcb4345a-b4f8-4e4f-8867-c4e675355b5d;12.076;9.72198202;SELL
2016-03-17T07:23:42.000000;2016-03-17T07:23:42.567000;300bd9a8-2745-4543-ac49-b44c6e6a1bed;12.075;1.0;SELL
2016-03-17T07:23:42.000000;2016-03-17T07:23:42.597000;fb4b302b-9044-4ac3-8874-0b3821d75da2;12.075;1.277085;SELL
2016-03-17T07:23:42.000000;2016-03-17T07:23:42.597000;20ef1b8e-2504-495f-874a-49096b19ecbe;12.075;2.213964;SELL
2016-03-17T07:23:42.000000;2016-03-17T07:23:42.597000;a9203bfb-7b1b-4f7b-9998-376e2535a1a0;12.05;2.16498696;SELL
2016-03-17T07:23:46.000000;2016-03-17T07:23:46.930000;ae42c9d1-fa83-44c8-b612-c08f06837050;12.077;9.72117702;SELL
2016-03-17T07:23:46.000000;2016-03-17T07:23:46.937000;88a8c660-18a0-45ae-b832-258f85c1531d;12.05;0.07882298;SELL
2016-03-17T07:23:53.000000;2016-03-17T07:23:53.967000;55cf22ee-5750-4cae-849b-5edc260ad341;12.05;22.75619006;SELL
2016-03-17T07:23:53.000000;2016-03-17T07:23:53.967000;88d4cec6-ac2e-41ab-bba7-2bf954e92520;12.05;6.64380994;SELL
2016-03-17T07:23:57.000000;2016-03-17T07:23:57.140000;8d5412e7-7db2-4d2f-8847-4dfd6ed4ec68;12.05;59.43259006;SELL
2016-03-17T07:23:57.000000;2016-03-17T07:23:57.153000;352aaad8-5117-4b62-b439-c7e36ad7a638;12.05;8.5500001;SELL
2016-03-17T07:24:09.000000;2016-03-17T07:24:10.723000;492e68f9-5019-4481-921b-1505e9d89a45;12.05;0.93;SELL
2016-03-17T07:24:12.000000;2016-03-17T07:24:12.813000;2275c03e-ad60-4590-8417-9f5e163da7ff;12.05;16.5199999;SELL
2016-03-17T07:25:04.000000;2016-03-17T07:25:05.373000;03380564-bd46-4c1d-865d-6d42ba6475a4;12.01;14.67779028;SELL
2016-03-17T07:25:41.000000;2016-03-17T07:25:42.010000;3f3a578a-071b-4219-9d7a-019be453f2e8;12.01;0.34927516;SELL
2016-03-17T07:26:03.000000;2016-03-17T07:26:03.400000;12c1c394-b953-4670-ba84-25330c56a800;12.01;14.67777401;SELL
2016-03-17T07:26:03.000000;2016-03-17T07:26:03.623000;3e12cfa5-6898-4bd9-914a-e2769db94e47;12.01;0.35;SELL
2016-03-17T07:26:03.000000;2016-03-17T07:26:03.923000;2946005d-f94b-4d7d-9daf-2fadef88d00d;12.01;43.84503997;SELL
2016-03-17T07:26:04.000000;2016-03-17T07:26:04.213000;cee03a2b-dd2f-4255-bcfe-b72dbedfc390;12.01;23.684588;SELL
2016-03-17T07:26:04.000000;2016-03-17T07:26:04.313000;84ee21a2-4f76-4abe-93cc-814076b36e68;12.01;2.41553258;SELL
2016-03-17T07:26:04.000000;2016-03-17T07:26:04.320000;da8c14c4-2bac-41f5-a339-86725ed7593e;12.0;2.166;SELL
2016-03-17T07:26:04.000000;2016-03-17T07:26:04.353000;53e9eed9-fffe-4c10-8170-560391186386;12.0;1.13738567;SELL
2016-03-17T07:26:04.000000;2016-03-17T07:26:04.363000;f86778d4-c7b5-4f4d-84b4-476252fb24bf;12.0;0.6543516;SELL
2016-03-17T07:26:04.000000;2016-03-17T07:26:04.607000;19c385d5-22b4-4f1a-9010-6b800bd3417f;12.0;12.69031224;SELL
2016-03-17T07:26:04.000000;2016-03-17T07:26:04.623000;80f0e0ec-e193-401d-b14d-a0f162aa60e4;12.0;0.51795049;SELL
2016-03-17T07:26:04.000000;2016-03-17T07:26:04.660000;be2bcaa4-48ba-416b-a82a-215c37867caa;12.0;1.0;SELL
2016-03-17T07:26:04.000000;2016-03-17T07:26:04.660000;610f5dab-e782-4280-b299-645395c14a58;12.0;0.13730762;SELL
2016-03-17T07:26:04.000000;2016-03-17T07:26:04.763000;71287da7-c0f3-4ed4-b094-d25edeb3290e;12.0;0.21590323;SELL
2016-03-17T07:26:04.000000;2016-03-17T07:26:04.777000;ebe7cd5f-1cbb-4fde-85a2-94e574586ac0;12.0;14.67779032;SELL
2016-03-17T07:26:04.000000;2016-03-17T07:26:04.933000;b2294adf-6d18-489c-85c7-8e4a5e6c1d88;12.0;4.31007223;SELL
2016-03-17T07:26:05.000000;2016-03-17T07:26:05.837000;227552f6-f899-41ef-8eb5-b3e5307b9dc8;12.0;0.6589266;SELL
2016-03-17T07:26:05.000000;2016-03-17T07:26:05.850000;6c00a73d-5c41-4623-89e2-686cb72d1fcd;12.0;4.35776906;SELL
2016-03-17T07:26:08.000000;2016-03-17T07:26:08.543000;3a416020-d6b7-4339-8ee5-7753a4c296a2;12.0;17.71090476;SELL
2016-03-17T07:26:08.000000;2016-03-17T07:26:08.600000;4ab52a5c-a860-42fb-9653-216e89a5df37;12.0;1.104058;SELL
2016-03-17T07:26:08.000000;2016-03-17T07:26:08.737000;5442b931-009a-400d-878b-53333552fe50;12.0;0.82726818;SELL
2016-03-17T07:26:08.000000;2016-03-17T07:26:08.753000;cc127b40-198c-4c9a-942e-2aeb803d1e6a;12.0;1.48284983;SELL
2016-03-17T07:26:08.000000;2016-03-17T07:26:08.833000;b34acaf8-0d9c-45de-bdf0-10710708f397;12.0;0.30131974;SELL
2016-03-17T07:26:10.000000;2016-03-17T07:26:10.460000;ec63275c-1800-4983-b381-88b0bbc88891;12.0;3.82814899;SELL
2016-03-17T07:26:10.000000;2016-03-17T07:26:10.820000;a0fed5a4-55ac-4da9-8d47-59b9ceb65af3;12.0;15.88948059;SELL
2016-03-17T07:26:11.000000;2016-03-17T07:26:11.463000;a94f3b19-5fba-484c-9510-4a3c3ff19315;12.0;25.7526859;SELL
2016-03-17T07:26:11.000000;2016-03-17T07:26:12.427000;2dae60b3-69ad-4c7d-b197-af77411afa1d;12.0;3.35904598;SELL
2016-03-17T07:26:11.000000;2016-03-17T07:26:12.517000;2b69d8b0-1105-4b52-840a-f97dd3c2398d;12.0;5.933319;SELL
2016-03-17T07:26:14.000000;2016-03-17T07:26:15.793000;559fa3f3-9fdc-4158-8a37-e806331e5b0b;12.0;1.044635;SELL
2016-03-17T07:26:21.000000;2016-03-17T07:26:21.230000;7fe08ac3-e8c6-4117-a7bc-fed56f9e7590;12.0;3.52225362;SELL
2016-03-17T07:26:23.000000;2016-03-17T07:26:23.767000;e040ed37-bd48-4bd1-9b81-e6ca27582386;12.0;0.15566681;SELL
2016-03-17T07:26:24.000000;2016-03-17T07:26:24.460000;5f4e21d6-2183-4a0a-80c5-92c1fa9cad3a;12.0;1.19344554;SELL
2016-03-17T07:26:24.000000;2016-03-17T07:26:24.480000;d0105896-69cb-4e65-9070-72bb3cb59245;12.0;1.68520802;SELL
2016-03-17T07:26:24.000000;2016-03-17T07:26:24.523000;d3aee8a2-d70c-4180-9d89-db2f83c1806a;12.0;0.21980974;SELL
2016-03-17T07:26:24.000000;2016-03-17T07:26:25.423000;1c2f48fc-114e-4bcd-810a-f8727bec1211;12.0;3.52470341;SELL
2016-03-17T07:26:24.000000;2016-03-17T07:26:25.457000;50b50afe-5a86-4400-9f15-b45388ead6ca;12.0;9.14974916;SELL
2016-03-17T07:26:24.000000;2016-03-17T07:26:25.463000;1d58acf7-b21f-4d72-9d3d-e8cd59a7b675;12.0;6.291012;SELL
2016-03-17T07:26:30.000000;2016-03-17T07:26:30.663000;9f5b18e3-9fb8-4df4-a7ee-0c5200efa6a0;11.929;1.357292;SELL
2016-03-17T07:26:36.000000;2016-03-17T07:26:36.403000;bae6743f-fce6-4379-b4a5-39d8493fd70c;11.891;3.53925649;SELL
2016-03-17T07:26:41.000000;2016-03-17T07:26:41.683000;a077245b-30af-4df5-bc13-d01386f8a5ed;11.89;1.73236768;SELL
2016-03-17T07:27:18.000000;2016-03-17T07:27:18.413000;ce2d3df5-1c3a-4c8b-9e6e-19ee181447da;11.89;3.26763232;SELL
2016-03-17T07:27:27.000000;2016-03-17T07:27:27.563000;952ba44d-a780-48ad-8d64-f679de8e2d41;11.885;2.248379;SELL
2016-03-17T07:27:53.000000;2016-03-17T07:27:54.063000;33903828-7568-449f-9e07-b3ed312e3b9b;11.851;2.265516;SELL
2016-03-17T07:29:29.000000;2016-03-17T07:29:29.393000;aa7243a7-320c-49c4-ba4f-5381ba1ab25f;11.793;9.95528321;SELL
2016-03-17T07:29:43.000000;2016-03-17T07:29:44.403000;30105426-3779-422e-bdb9-d13cf81d6ab1;11.793;9.95528321;SELL
2016-03-17T07:30:58.000000;2016-03-17T07:30:58.523000;15921c34-463e-4e35-9ea5-dd790be36769;11.807;1.0;SELL
2016-03-17T07:31:58.000000;2016-03-17T07:31:58.913000;74f3161b-ca7a-465f-9e45-0825c8d1951a;11.814;9.93758717;SELL
2016-03-17T07:32:37.000000;2016-03-17T07:32:37.657000;7e0d3200-3eca-4c4e-b1f4-c8b3a2ec0854;11.814;9.93758717;SELL
2016-03-17T07:33:18.000000;2016-03-17T07:33:19.407000;6f7a1040-883d-49e2-8e03-35d93047f412;11.992;100.0;BUY
2016-03-17T07:33:45.000000;2016-03-17T07:33:45.297000;098c917f-3331-4614-83fe-8a9a563823a3;11.837;9.91911582;SELL
2016-03-17T07:33:47.000000;2016-03-17T07:33:47.950000;d6b6c7c1-cdd6-4b2d-8a9a-72a96f7abbe6;11.992;5.3886;BUY
2016-03-17T07:34:51.000000;2016-03-17T07:34:51.800000;f87ded29-a1d5-41b7-8610-6790c803a4e3;12.011;14.66189179;BUY
2016-03-17T07:34:51.000000;2016-03-17T07:34:51.863000;ef4c1d8d-cf26-4657-ad2f-540dd04d4f06;12.011;6.96096665;BUY
2016-03-17T07:34:54.000000;2016-03-17T07:34:54.130000;421d5ee9-bc8a-4639-9faa-fc947a92e6fd;12.011;10.65846837;BUY
2016-03-17T07:35:06.000000;2016-03-17T07:35:06.597000;56204c8c-16aa-4c02-8a61-88c12ebcbf7b;12.011;9.93437544;BUY
2016-03-17T07:35:32.000000;2016-03-17T07:35:32.400000;c1e7cda8-0e5d-493c-a0c2-0ce232aa16e3;12.011;5.00500501;BUY
2016-03-17T07:35:38.000000;2016-03-17T07:35:38.357000;897c4458-b8c1-403d-835c-619a830823df;12.011;8.68868869;BUY
2016-03-17T07:35:49.000000;2016-03-17T07:35:49.723000;5bedb4b8-8852-4982-a833-5a1e6e141f07;12.011;2.23453705;BUY
2016-03-17T07:35:53.000000;2016-03-17T07:35:53.043000;5ea1e7f8-8905-49e5-b3af-7ab7a665cf6b;12.011;3.14441294;BUY
2016-03-17T07:35:53.000000;2016-03-17T07:35:53.053000;23a781a5-df7a-4c99-8736-cc8857217b85;12.011;3.82052584;BUY
2016-03-17T07:36:05.000000;2016-03-17T07:36:05.293000;3ab50c0a-691d-4c9d-a076-3ed9651f03b3;12.081;0.5005005;BUY
2016-03-17T07:36:12.000000;2016-03-17T07:36:12.427000;b76580f5-6f33-407c-9305-57c435905a39;12.081;3.57752373;BUY
2016-03-17T07:36:15.000000;2016-03-17T07:36:15.437000;f59b64b5-8226-4e4c-84d3-e551c2c7b2cd;12.081;7.88871992;BUY
2016-03-17T07:36:15.000000;2016-03-17T07:36:15.480000;f9bc9f06-fbea-4bf6-bd06-94f119fd25a8;12.081;0.96808535;BUY
2016-03-17T07:36:15.000000;2016-03-17T07:36:15.483000;33504bef-b59f-42f1-b3e4-6fbac4fe39a9;12.082;2.173752;BUY
2016-03-17T07:36:31.000000;2016-03-17T07:36:32.240000;08c3a74c-4090-40e2-af1c-e5141cae7b99;12.098;7.88871992;BUY
2016-03-17T07:44:58.000000;2016-03-17T07:44:58.830000;75360709-5ba9-483d-ac5e-f417817694f1;12.069;1.38095842;BUY
2016-03-17T07:44:58.000000;2016-03-17T07:44:58.837000;b8f72e69-cd00-4f46-ac18-d592bbdeede7;12.07;2.25053;BUY
2016-03-17T07:44:58.000000;2016-03-17T07:44:58.840000;efed3d86-db56-4528-8842-d30a050fd820;12.07;31.8644;BUY
2016-03-17T07:45:01.000000;2016-03-17T07:45:01.557000;a7b354fb-268b-45fc-b21d-7dfecfb4822d;12.07;0.60812694;SELL
2016-03-17T07:50:51.000000;2016-03-17T07:50:51.870000;71fd0795-c2d3-41cf-aa26-f6f2cd4378cf;11.978;6.2298;SELL
2016-03-17T08:11:55.000000;2016-03-17T08:11:55.727000;55c96a3d-1be4-4cb4-ad11-0b54aa0a65f3;12.054;0.67891158;BUY
2016-03-17T08:11:55.000000;2016-03-17T08:11:55.740000;2be3da06-2ad0-471c-bc2c-81c26855aa92;12.055;7.2026952;BUY
2016-03-17T08:11:55.000000;2016-03-17T08:11:55.747000;967c4943-3c72-4f39-a99b-9415e3e99b35;12.127;0.11839322;BUY
2016-03-17T08:12:34.000000;2016-03-17T08:12:34.827000;4eb96b03-7ffe-4758-a7d3-245223208d01;12.127;2.12895878;BUY
2016-03-17T08:12:34.000000;2016-03-17T08:12:34.833000;72966b5f-5ff7-4816-b28c-9e427b64e243;12.145;1.87104122;BUY
2016-03-17T08:15:15.000000;2016-03-17T08:15:16.193000;e23f738b-8685-4936-9fa4-47de4a0d3113;12.145;0.37007278;BUY
2016-03-17T08:15:15.000000;2016-03-17T08:15:16.203000;434ac1ac-7a8c-4880-bcf8-e4b030506a94;12.198;2.23861;BUY
2016-03-17T08:15:15.000000;2016-03-17T08:15:16.210000;0bb149c7-16d6-484f-b590-8ce60f502629;12.227;2.92219181;BUY
2016-03-17T08:15:15.000000;2016-03-17T08:15:16.243000;7ca1ce2f-b278-45f8-b7b9-0b23b9c6d426;12.228;2.97863902;BUY
2016-03-17T08:15:15.000000;2016-03-17T08:15:16.243000;e9a2f503-b79a-4dcc-ac39-220940373042;12.239;1.81796621;BUY
2016-03-17T08:15:15.000000;2016-03-17T08:15:16.243000;25120cff-00c7-4380-94d5-5319522df848;12.239;76.27559544;BUY
2016-03-17T08:20:14.000000;2016-03-17T08:20:14.177000;ffa6f5fa-072f-4ac1-9dae-260021382ea0;12.141;14.51941852;SELL
2016-03-17T08:20:15.000000;2016-03-17T08:20:15.927000;0d86b444-202b-4e05-bac8-3d4f85a135e3;12.141;14.51941852;SELL
2016-03-17T08:20:16.000000;2016-03-17T08:20:16.830000;77967e28-887e-4287-9218-f0fd62948939;12.141;10.94626296;SELL
2016-03-17T08:20:19.000000;2016-03-17T08:20:20.043000;332fbd91-2b2a-46e3-a127-aab435e1153d;12.14;14.51971292;SELL
2016-03-17T08:20:20.000000;2016-03-17T08:20:20.803000;581827a0-e361-421b-9ada-aa6f429b566b;12.14;14.52061452;SELL
2016-03-17T08:20:27.000000;2016-03-17T08:20:28.030000;8735759e-6ee4-4467-9549-a5e22632aee4;12.14;3.57315556;SELL
2016-03-17T08:20:27.000000;2016-03-17T08:20:28.050000;3d0f59d3-4464-43f0-8917-b3bd6d0a3dae;12.14;9.67961223;SELL
2016-03-17T08:20:28.000000;2016-03-17T08:20:28.390000;6cf33e51-2907-4cf8-a6e5-5561256a5ba6;12.14;14.52061452;SELL
2016-03-17T08:20:34.000000;2016-03-17T08:20:34.980000;a8a8d57f-a2a4-42b1-b23e-62b1ec238d72;12.14;5.99;SELL
2016-03-17T08:20:35.000000;2016-03-17T08:20:35.617000;f5afb595-f722-4960-9566-7686c26c2118;12.14;14.51941852;SELL
2016-03-17T08:21:56.000000;2016-03-17T08:21:56.623000;db2d3ca5-bada-4dfb-b0f4-c944dd533618;11.993;5.3778228;SELL
2016-03-17T08:26:20.000000;2016-03-17T08:26:20.793000;4ef4c0b1-399e-4610-ba23-71e186cc3089;11.963;0.1;SELL
2016-03-17T08:26:51.000000;2016-03-17T08:26:51.283000;55c8d6f6-e131-4f7f-bf2b-31eea13e3936;12.094;0.1;BUY
2016-03-17T08:31:55.000000;2016-03-17T08:31:55.703000;8058f80a-2c5d-49f8-8d24-6d03b43fc92f;12.091;14.56488129;BUY
2016-03-17T08:31:55.000000;2016-03-17T08:31:55.707000;7bb9db17-d021-4b42-b61d-336910232aaa;12.092;177.45639294;BUY
2016-03-17T08:31:55.000000;2016-03-17T08:31:55.713000;75b67e4d-5f2b-4261-84ff-07e2feb85adc;12.092;2.21793649;BUY
2016-03-17T08:32:47.000000;2016-03-17T08:32:47.243000;a55237ea-96b1-46b7-91df-e09ee80fbf73;12.0;1.00956283;SELL
2016-03-17T08:33:07.000000;2016-03-17T08:33:07.593000;7a5c5caa-ec2a-4e13-b03d-8a58116a4ebd;12.0;14.69002184;SELL
2016-03-17T08:33:07.000000;2016-03-17T08:33:07.723000;a49ae58d-69bd-419c-834a-ce166d42f3cc;12.0;3.65777456;SELL
2016-03-17T08:33:09.000000;2016-03-17T08:33:09.210000;a1d3b8b5-08c3-411c-9177-40927b3fa739;12.0;1.8317694;SELL
2016-03-17T08:33:09.000000;2016-03-17T08:33:09.927000;35ffe567-9361-4ef0-a2ab-b4677fa2a13d;12.0;1.82992929;SELL
2016-03-17T08:33:09.000000;2016-03-17T08:33:09.933000;1192f53c-544f-499e-8085-591e634f3553;12.0;1.8317694;SELL
2016-03-17T08:33:09.000000;2016-03-17T08:33:10.060000;6b9ca4df-34bd-40a5-9dc9-d01e620c40ef;12.0;3.65777456;SELL
2016-03-17T08:33:10.000000;2016-03-17T08:33:10.520000;415b6ebd-6f57-482a-947e-c7ef090a7e65;12.0;1.830718;SELL
2016-03-17T08:33:10.000000;2016-03-17T08:33:10.980000;32703ca6-868c-42a7-aab8-9a556a757efa;12.0;7.11606025;SELL
2016-03-17T08:33:10.000000;2016-03-17T08:33:10.993000;cd5ee724-018f-4ea7-a115-d1f62c4ea875;12.0;12.85917198;SELL
2016-03-17T08:33:11.000000;2016-03-17T08:33:11.793000;964433cc-9ea7-4464-b4d9-d3798f064745;12.0;3.65777456;SELL
2016-03-17T08:33:12.000000;2016-03-17T08:33:12.127000;ff9341c4-37ec-4b91-8dfa-f04b603008d5;12.0;1.8317694;SELL
2016-03-17T08:33:12.000000;2016-03-17T08:33:12.303000;b11622aa-8e6c-46ff-875d-2ea419f73d6c;12.0;24.836625;SELL
2016-03-17T08:33:13.000000;2016-03-17T08:33:13.407000;edd0bbab-8456-4a00-8d49-7a1e16df2989;12.0;3.0;SELL
2016-03-17T08:33:14.000000;2016-03-17T08:33:14.920000;70d4a3c3-7d20-46b8-8ff9-2e7a00433118;12.0;7.09858722;SELL
2016-03-17T08:33:20.000000;2016-03-17T08:33:20.310000;e8230bfa-8a30-4dcc-a25d-0a567a89ae28;12.0;5.994;SELL
2016-03-17T08:33:20.000000;2016-03-17T08:33:21.103000;2d67c1df-6354-4601-8875-fd433bdbf5c9;12.0;3.26669171;SELL
2016-03-17T08:33:55.000000;2016-03-17T08:33:56.163000;f976d2bf-94b0-4c47-a1a5-683f454d84b3;12.0;30.69209133;SELL
2016-03-17T08:33:56.000000;2016-03-17T08:33:56.217000;5098d9c7-6e15-4a97-822e-e94da88670b1;12.0;0.96698702;SELL
2016-03-17T08:41:36.000000;2016-03-17T08:41:36.380000;c5274b48-3de0-41ba-b112-d29ae3a955df;11.82;12.35101334;SELL
2016-03-17T08:41:37.000000;2016-03-17T08:41:37.663000;1a1551cb-584f-4aee-8d6a-c68e4d15d404;11.82;14.9137277;SELL
2016-03-17T08:41:39.000000;2016-03-17T08:41:39.867000;24f262f3-f65e-409e-a617-d05389208a3f;11.82;3.46668;SELL
2016-03-17T08:42:09.000000;2016-03-17T08:42:10.090000;d5fb213c-1c43-40cb-ae21-549082cdfe83;11.82;2.21098854;SELL
2016-03-17T08:43:01.000000;2016-03-17T08:43:01.193000;ed79294e-5b3b-4030-a592-25601d3b6e01;11.801;14.93773929;SELL
2016-03-17T08:48:21.000000;2016-03-17T08:48:21.510000;c9b15411-b3d5-41dc-96d6-ac98b220053d;11.8;7.89420419;SELL
2016-03-17T08:48:21.000000;2016-03-17T08:48:21.683000;da5c2904-a457-4d7f-a2f6-405ce1af82e2;11.8;3.91465655;SELL
2016-03-17T08:48:21.000000;2016-03-17T08:48:21.747000;52b73a99-7821-4923-9236-c371ef0ab465;11.8;1.13235029;SELL
2016-03-17T08:48:22.000000;2016-03-17T08:48:22.783000;dbe1ba21-16f4-490e-949b-341fcd0e2700;11.8;3.91857513;SELL
2016-03-17T08:48:56.000000;2016-03-17T08:48:56.420000;ff13efce-0dd3-4f0a-9290-171e82e79338;11.8;14.93900518;SELL
2016-03-17T08:48:56.000000;2016-03-17T08:48:56.430000;bf566ab0-395e-429e-a96e-e4dba0395137;11.8;3.91857513;SELL
2016-03-17T08:48:56.000000;2016-03-17T08:48:56.993000;f25a4dc5-2e34-4e63-a2ab-bc67289265de;11.8;9.95933679;SELL
2016-03-17T08:48:57.000000;2016-03-17T08:48:57.667000;d613ae0e-8325-4cc8-bb13-3025b541e359;11.8;9.95933679;SELL
2016-03-17T08:48:58.000000;2016-03-17T08:48:58.873000;28ae8a12-d9c1-426e-9757-773bc2d0f9d1;11.8;9.95933679;SELL
2016-03-17T08:48:59.000000;2016-03-17T08:48:59.410000;2ed8b2cc-e615-4754-8413-e55b1f52861e;11.8;9.95933679;SELL
2016-03-17T08:49:02.000000;2016-03-17T08:49:02.453000;71ec34fc-f307-4b86-ae68-bc4fd81f7c1e;11.8;9.95933679;SELL
2016-03-17T08:49:03.000000;2016-03-17T08:49:03.213000;90d406ed-4936-4b2e-a7ba-4186463a06f6;11.8;9.95933679;SELL
2016-03-17T08:49:03.000000;2016-03-17T08:49:04.263000;66216011-0972-4043-9570-9882dae14451;11.8;9.95933679;SELL
2016-03-17T08:49:05.000000;2016-03-17T08:49:05.423000;87660c77-7002-47cb-ae60-b7eb9529ef8d;11.8;6.43516871;SELL
2016-03-17T08:49:11.000000;2016-03-17T08:49:11.380000;cd411633-781b-41ae-b176-a5ace86a5298;11.8;3.5092279;SELL
2016-03-17T08:49:16.000000;2016-03-17T08:49:16.760000;03fc8ce1-ae9b-416a-b759-25f55959f236;11.8;4.62287939;SELL
2016-03-17T08:49:22.000000;2016-03-17T08:49:22.650000;7be7857a-5417-43df-a29f-d456eef924f8;11.784;1.442751;SELL
2016-03-17T08:49:22.000000;2016-03-17T08:49:22.660000;cc7ac1ba-3a0f-4698-9c55-d5cc454fcdfd;11.737;2.265516;SELL
2016-03-17T08:49:22.000000;2016-03-17T08:49:22.677000;d183a664-d65c-4c7e-8383-bcb274ea6e56;11.714;10.0224223;SELL
2016-03-17T08:49:22.000000;2016-03-17T08:49:22.700000;c031a0c6-0bb6-4d20-8a29-fc3f9048b787;11.713;75.755736;SELL
2016-03-17T08:49:22.000000;2016-03-17T08:49:22.700000;b8bbaace-9dcc-43a3-9c86-104e8bdf6a77;11.712;5.0;SELL
2016-03-17T08:49:22.000000;2016-03-17T08:49:22.700000;7db6e7b6-2a32-4ff4-8383-84ef33270390;11.711;4.91691324;SELL
2016-03-17T08:49:22.000000;2016-03-17T08:49:22.717000;49c39a4b-397f-472e-b12a-6b3bbf060149;11.71;25.0;SELL
2016-03-17T08:49:22.000000;2016-03-17T08:49:22.737000;65a0d21a-614c-4cb9-8e20-588dbb5d224d;11.642;20.58166146;SELL
2016-03-17T08:53:28.000000;2016-03-17T08:53:28.103000;56878941-34f0-408d-8be6-a4cb23f6a8b7;11.743;0.10328;SELL
2016-03-17T08:53:28.000000;2016-03-17T08:53:28.913000;8943eab6-9457-411a-ba9d-c4919240f537;11.638;1.533825;SELL
2016-03-17T08:53:28.000000;2016-03-17T08:53:28.927000;ce00971e-fe2c-487e-a995-a58cf722d2d4;11.551;7.07056251;SELL
2016-03-17T08:53:28.000000;2016-03-17T08:53:28.930000;9d7c064f-4ec2-41fd-b033-b4b747532851;11.55;77.320653;SELL
2016-03-17T08:53:30.000000;2016-03-17T08:53:30.243000;d85f9ef3-286d-4752-b160-6b3754c55127;11.54;7.07056251;BUY
2016-03-17T08:53:36.000000;2016-03-17T08:53:36.953000;35292ea1-f4d4-4eeb-b817-041d71de0fcb;11.551;13.72792327;SELL
2016-03-17T08:53:50.000000;2016-03-17T08:53:50.737000;d8097510-a5fe-4bc9-9dd2-67fbd0fae3e8;11.551;94.07987973;SELL
2016-03-17T08:53:50.000000;2016-03-17T08:53:50.743000;95afccdd-19e0-4de1-ab5a-202a520cf145;11.523;1.81355262;SELL
2016-03-17T08:53:50.000000;2016-03-17T08:53:50.780000;6e314b2e-3aae-493b-960c-41c9cdd087b3;11.501;10.20803885;SELL
2016-03-17T08:53:50.000000;2016-03-17T08:53:50.780000;380dc972-d259-46bc-ba53-340f60dbb8a2;11.5;5.0;SELL
2016-03-17T08:53:50.000000;2016-03-17T08:53:50.780000;a1cc9325-39b3-4f01-ba3f-6c20d74fd10e;11.5;317.246918;SELL
2016-03-17T08:53:51.000000;2016-03-17T08:53:51.587000;014b7eb7-e5be-4e56-9619-270ede12ba23;11.5;22.36469859;BUY
2016-03-17T08:53:57.000000;2016-03-17T08:53:57.260000;a126642f-165e-4e8e-90f0-04df98dcc5b7;11.502;0.96250944;SELL
2016-03-17T08:53:59.000000;2016-03-17T08:53:59.803000;adaff10a-8e09-40f5-8dcd-bcb09963d023;11.503;4.08111577;SELL
2016-03-17T08:54:01.000000;2016-03-17T08:54:01.687000;e2265663-d177-4986-8b6c-0890866a3ead;11.503;0.02726136;SELL
2016-03-17T08:54:01.000000;2016-03-17T08:54:01.690000;f81d35c0-e24c-44cc-8bd3-b5f05183aac1;11.503;0.53587527;SELL
2016-03-17T08:54:01.000000;2016-03-17T08:54:01.710000;ae38eb7a-6008-4b93-af45-87baf9fe66c9;11.503;9.05193042;SELL
2016-03-17T08:54:01.000000;2016-03-17T08:54:01.730000;a25a8e00-af0c-4cf0-9f66-3179f8fb7045;11.502;0.65347951;SELL
2016-03-17T08:54:02.000000;2016-03-17T08:54:02.603000;ae84c6f8-49c8-4e38-9cb7-314436db4c1f;11.502;4.26854656;SELL
2016-03-17T08:54:10.000000;2016-03-17T08:54:10.440000;58a35017-e457-4de1-8655-bf8aed1ae5c8;11.493;1.630903;SELL
2016-03-17T08:55:14.000000;2016-03-17T08:55:14.233000;2f0cfdfc-7101-4aa5-ae6e-5f7fa974d827;11.476;0.5;SELL
2016-03-17T08:55:14.000000;2016-03-17T08:55:14.237000;4587fd37-c4bd-46e7-b4eb-40f237ff67c3;11.443;2.307062;SELL
2016-03-17T08:57:00.000000;2016-03-17T08:57:00.233000;417aa772-dee5-4a10-bbf7-a804f332446f;11.41;5.28393664;SELL
2016-03-17T08:57:41.000000;2016-03-17T08:57:41.117000;71c26cb3-07c3-4027-bd62-dd3725865c87;11.41;4.940181;SELL
2016-03-17T08:58:03.000000;2016-03-17T08:58:03.150000;827db9c6-a9d1-493a-af94-c55fc3d0ccf5;11.41;5.87;SELL
2016-03-17T09:10:16.000000;2016-03-17T09:10:17.433000;d61957d5-2bab-4a0c-97bd-615ef06892ed;11.58;0.94302197;BUY
2016-03-17T09:10:35.000000;2016-03-17T09:10:35.443000;9848f0fd-ac15-416a-bdeb-b8f07ff6d9d8;11.58;1.64951331;BUY
2016-03-17T09:21:20.000000;2016-03-17T09:21:20.963000;1daa6f72-aec3-45db-889f-5868a572400b;11.5;5.50893054;SELL
2016-03-17T09:21:47.000000;2016-03-17T09:21:47.650000;19934484-e1a1-461f-a36e-582dd9158e0c;11.5;15.32871821;SELL
2016-03-17T09:21:47.000000;2016-03-17T09:21:47.673000;5593cbe1-c0fa-4ac1-b9ad-ede273979887;11.5;20.68138659;SELL
2016-03-17T09:21:47.000000;2016-03-17T09:21:47.703000;34c26148-d06a-4c04-81b5-f98dac92f9d2;11.5;2.69757235;SELL
2016-03-17T09:21:49.000000;2016-03-17T09:21:49.890000;ad3d450a-bf07-490f-b8f1-85cae5dc5729;11.5;1.78315585;SELL
2016-03-17T09:21:50.000000;2016-03-17T09:21:50.673000;b869dc8a-3610-4772-9546-d08c2f1524c1;11.5;14.47374571;SELL
2016-03-17T09:21:50.000000;2016-03-17T09:21:50.733000;71c75482-6517-466d-a009-09efa3d66ad3;11.5;1.88787993;SELL
2016-03-17T09:21:51.000000;2016-03-17T09:21:51.477000;17c7a336-e7ab-4c60-aa52-9313dd77de90;11.5;25.88779723;SELL
2016-03-17T09:21:51.000000;2016-03-17T09:21:51.493000;bc8b2a2c-248a-4409-950f-4a6ea8d545a5;11.5;3.3766692;SELL
2016-03-17T09:21:51.000000;2016-03-17T09:21:51.683000;0d528486-9cfa-4e11-9db9-0223b384ea25;11.5;0.44043511;SELL
2016-03-17T09:21:53.000000;2016-03-17T09:21:53.140000;80f8862c-fdce-400b-a1a9-f43e7ca0e922;11.5;2.88143513;SELL
2016-03-17T09:21:53.000000;2016-03-17T09:21:53.177000;4a53ea1f-3e8b-4391-9492-6c76ccbf9e5c;11.5;22.09100272;SELL
2016-03-17T09:21:53.000000;2016-03-17T09:21:53.190000;d8e515cb-2fc6-4451-953b-10b9419b8abb;11.5;0.37583936;SELL
2016-03-17T09:21:55.000000;2016-03-17T09:21:56.047000;2bd599ea-6eb7-4eb6-9fc2-5a9b47ace7ef;11.5;2.88432708;SELL
2016-03-17T09:21:57.000000;2016-03-17T09:21:59.987000;1bd80b7c-1a69-4f7b-8e58-f518361fd88b;11.5;0.37621657;SELL
2016-03-17T09:22:03.000000;2016-03-17T09:22:04.030000;1fea5bad-7d3a-4347-ab56-442554991f98;11.5;24.69326554;SELL
2016-03-17T09:22:04.000000;2016-03-17T09:22:04.433000;9588ecd2-9c7b-49ee-8d54-b088e109d5c3;11.5;3.22086072;SELL
2016-03-17T09:22:10.000000;2016-03-17T09:22:11.270000;f2f23cb7-ce9b-46bb-be4b-052f242f9db0;11.5;0.68735502;SELL
2016-03-17T09:22:11.000000;2016-03-17T09:22:11.927000;d56f7e84-1fcd-471c-a8f8-514de2a52658;11.5;12.8021139;SELL
2016-03-17T09:22:11.000000;2016-03-17T09:22:11.953000;2a6790a2-b0a4-4448-bdf1-0c9b16291a33;11.5;1.66984089;SELL
2016-03-17T09:22:12.000000;2016-03-17T09:22:12.917000;eb60850c-7f34-4c71-9199-5417a88b13df;11.5;2.88432708;SELL
2016-03-17T09:22:13.000000;2016-03-17T09:22:13.257000;abf05b9b-f712-4586-bca4-afee2398b8f1;11.5;0.38294726;SELL
2016-03-17T09:22:13.000000;2016-03-17T09:22:13.383000;b94137d6-ac12-4f62-8c7a-aa0ef47bd106;11.5;2.93592904;SELL
2016-03-17T09:22:13.000000;2016-03-17T09:22:13.673000;2e7da3d6-0f02-491c-b76a-2b1a9d5a63e9;11.5;4.90507108;SELL
2016-03-17T09:22:13.000000;2016-03-17T09:22:13.697000;1677a6cf-d38e-490d-bc48-129e58a36f9a;11.5;0.63979188;SELL
2016-03-17T09:22:15.000000;2016-03-17T09:22:15.083000;07d569a1-1407-4a72-967c-a26989c9f055;11.5;0.64689078;SELL
2016-03-17T09:22:15.000000;2016-03-17T09:22:15.247000;5907f1fb-c887-412b-85e1-f2b34b94e1ab;11.5;1.47670734;SELL
2016-03-17T09:22:15.000000;2016-03-17T09:22:15.327000;f2d82931-b1cf-4c7f-9f30-a16b81570478;11.5;4.95949721;SELL
2016-03-17T09:22:15.000000;2016-03-17T09:22:16.417000;744d2085-b6d4-4b4a-9f0e-34d8b43a5f08;11.5;3.17862641;SELL
2016-03-17T09:22:15.000000;2016-03-17T09:22:16.673000;d4fb9420-a476-4eb9-b9da-a64f21cfa43f;11.5;0.41460344;SELL
2016-03-17T09:22:19.000000;2016-03-17T09:22:19.387000;ad5dc176-5533-4cc9-a1a6-a1f1b1cad7ea;11.5;1.34066112;SELL
2016-03-17T09:22:25.000000;2016-03-17T09:22:25.347000;6e3fb4bc-b910-4a96-bbac-ff67bf263c16;11.5;10.61147368;SELL
2016-03-17T09:22:25.000000;2016-03-17T09:22:25.363000;8bed8386-3dff-42bd-abbc-63372124378f;11.5;1.38410526;SELL
2016-03-17T09:22:25.000000;2016-03-17T09:22:25.513000;370e6b60-9714-4251-982a-63da40f153be;11.5;7.41312226;SELL
2016-03-17T09:22:26.000000;2016-03-17T09:22:27.473000;274b26cd-6972-455e-be7e-47037eea79ca;11.5;2.30509851;SELL
2016-03-17T09:22:52.000000;2016-03-17T09:22:52.323000;60a496f8-07db-4626-a236-b2af6363d40c;11.492;1.37759721;BUY
2016-03-17T09:22:52.000000;2016-03-17T09:22:52.333000;38728143-3d95-41e4-b1b9-8d5a20377bd8;11.492;0.32750279;BUY
2016-03-17T09:24:03.000000;2016-03-17T09:24:04.017000;df292672-529c-4463-afe5-d6cb175ad7bb;11.41;8.90588236;SELL
2016-03-17T09:24:03.000000;2016-03-17T09:24:04.023000;0ef0adec-9efa-4e02-8758-9f42942ca6fa;11.41;700.8277464;SELL
2016-03-17T09:25:05.000000;2016-03-17T09:25:05.763000;1b0c149c-aa4d-4de0-94f4-cd9ab20916d3;11.55;265.52486767;SELL
2016-03-17T09:27:04.000000;2016-03-17T09:27:04.583000;053bc03d-edfd-48ec-8c04-103b206d112c;11.41;11.0618536;SELL
2016-03-17T09:29:15.000000;2016-03-17T09:29:15.613000;6f9a3c8e-705f-4647-8a6d-19cf27490345;11.347;1.734402;SELL
2016-03-17T09:29:15.000000;2016-03-17T09:29:15.640000;6f9dbc10-e25f-40c1-af01-6e745c6d772f;11.308;81.544809;SELL
2016-03-17T09:29:15.000000;2016-03-17T09:29:15.650000;d82ea282-6bec-4b04-aaf2-eb74615f091f;11.303;2.360003;SELL
2016-03-17T09:29:15.000000;2016-03-17T09:29:15.677000;34659fdc-b9f0-4327-b74c-eaeeed4487f8;11.279;10.40895956;SELL
2016-03-17T09:29:15.000000;2016-03-17T09:29:15.677000;fa76c5c1-dcb4-490d-9987-aa89098297a2;11.27;3.95182644;SELL
2016-03-17T09:33:58.000000;2016-03-17T09:33:58.140000;6c33dcbe-f7aa-4c62-86dc-0ff95c6242bb;11.404;1.87689189;BUY
2016-03-17T09:33:59.000000;2016-03-17T09:33:59.667000;b9ded875-011c-49b5-97d5-7afa76e02fe2;11.404;15.4422994;BUY
2016-03-17T09:33:59.000000;2016-03-17T09:33:59.870000;74601749-dafe-4455-a0b7-fe4d41a772e6;11.404;7.84600209;BUY
2016-03-17T09:34:01.000000;2016-03-17T09:34:01.123000;6ea2cefc-9ecb-4f5f-90f1-89559136dc48;11.404;2.24307193;BUY
2016-03-17T09:34:03.000000;2016-03-17T09:34:03.877000;0e1803c8-67da-44e4-bf29-205ddd3d6c55;11.404;3.74166124;BUY
2016-03-17T09:34:04.000000;2016-03-17T09:34:04.287000;976dd5c6-d9f7-474c-b91d-c8174dbb7e14;11.404;5.00500501;BUY
2016-03-17T09:34:04.000000;2016-03-17T09:34:04.763000;2b12894d-5dbe-4d72-84ec-0f36ab0b205a;11.404;4.45256122;BUY
2016-03-17T09:35:07.000000;2016-03-17T09:35:07.303000;1dd7a989-911e-4a82-abd1-ad51c1131ddd;11.418;2.33086036;BUY
2016-03-17T09:38:32.000000;2016-03-17T09:38:32.853000;b5f3b57b-d240-4285-98fa-e219a5dc26c1;11.549;1.84778576;BUY
2016-03-17T09:40:45.000000;2016-03-17T09:40:45.907000;e33ffad0-1163-4b53-9b41-8cdd23d17cc7;11.45;0.52919193;BUY
2016-03-17T09:40:48.000000;2016-03-17T09:40:48.890000;fb5bcfe0-c506-4c39-8b90-379ef12ad04b;11.45;0.52919193;SELL
2016-03-17T09:40:50.000000;2016-03-17T09:40:50.560000;d0e51faa-10fa-49aa-99ef-7314cc560979;11.45;10.83524321;BUY
2016-03-17T09:40:50.000000;2016-03-17T09:40:50.823000;68286a1c-21f5-442f-ae3a-d78e9d9687f2;11.45;1.41329259;BUY
2016-03-17T09:40:51.000000;2016-03-17T09:40:51.500000;1e92d892-c503-4601-b0eb-07a40f6c4d94;11.45;5.09220307;BUY
2016-03-17T09:40:56.000000;2016-03-17T09:40:56.543000;a0ab63f0-4b07-4160-9d22-26d2bfea01eb;11.549;3.24950995;BUY
2016-03-17T09:40:59.000000;2016-03-17T09:40:59.787000;83e9a954-b1d1-4dd8-9edc-7a1948c4a22d;11.549;3.00900901;BUY
2016-03-17T09:40:59.000000;2016-03-17T09:41:00.030000;6e79fe50-4f4b-488c-b2b9-457bb699bffd;11.451;5.13678018;SELL
2016-03-17T09:46:36.000000;2016-03-17T09:46:36.950000;870f515b-f2e0-4777-9d9e-6943bc1e7408;11.55;0.35;BUY
2016-03-17T09:46:36.000000;2016-03-17T09:46:36.963000;17e8d963-265d-4f13-a84a-238db89d4d0d;11.607;1.52629724;BUY
2016-03-17T09:46:41.000000;2016-03-17T09:46:41.970000;1da17769-24e3-4df0-baed-ed9c15e0d58e;11.607;0.00752776;BUY
2016-03-17T09:46:41.000000;2016-03-17T09:46:41.983000;0eb74bb4-15ca-4793-bf90-1c589f3e16cf;11.608;0.89446997;BUY
2016-03-17T09:55:48.000000;2016-03-17T09:55:48.363000;2931e5da-9f80-4db5-9844-6e2a0308279d;11.7;1.1099;BUY
2016-03-17T09:55:53.000000;2016-03-17T09:55:53.733000;b55f1621-56d5-4a0e-b232-9196c3e21caf;11.587;0.423925;SELL
2016-03-17T09:57:17.000000;2016-03-17T09:57:18.047000;c6bc248c-7f3c-4b3e-8b15-77aa1d599d34;11.617;0.63935503;SELL
2016-03-17T09:58:29.000000;2016-03-17T09:58:29.123000;a3aa704e-dd51-43d7-a086-3596e019bb18;11.743;0.24672;BUY
2016-03-17T09:58:29.000000;2016-03-17T09:58:29.133000;77ba77ac-87b0-42b2-ae06-dc4ab2220630;11.743;14.74978705;BUY
2016-03-17T09:58:32.000000;2016-03-17T09:58:32.183000;b61904d1-4aea-48a0-8a8c-0bd417357502;11.743;14.99650705;BUY
2016-03-17T09:58:33.000000;2016-03-17T09:58:33.213000;b4a612c2-add8-4a61-aa35-3a1592033514;11.743;3.59704923;BUY
2016-03-17T09:58:42.000000;2016-03-17T09:58:42.103000;df8250fc-6137-41f2-9fbd-b49d0150041d;11.743;0.5005005;BUY
2016-03-17T09:58:42.000000;2016-03-17T09:58:42.203000;bb046c2a-665e-4e05-aa51-f3f879b5dbc5;11.743;11.15615617;BUY
2016-03-17T09:58:59.000000;2016-03-17T09:58:59.083000;96736ff8-91b7-4310-8701-291a6ca7a335;11.824;1.442751;BUY
2016-03-17T10:00:26.000000;2016-03-17T10:00:26.287000;ebe21a15-92f4-4e59-b2ea-830fd987be61;11.834;0.19696;BUY
2016-03-17T10:04:40.000000;2016-03-17T10:04:40.833000;63e2feef-5d78-4bbe-981b-306b487d9267;11.776;0.22653;SELL
2016-03-17T10:04:51.000000;2016-03-17T10:04:51.757000;8811bdb6-4448-4875-9040-c1dbde7568eb;11.787;0.19898;SELL
2016-03-17T10:04:51.000000;2016-03-17T10:04:51.760000;f2294e23-cec4-483d-b104-4d5991de2815;11.775;0.22653;SELL
2016-03-17T10:04:57.000000;2016-03-17T10:04:57.223000;bcd79aa6-ab37-401f-978e-68a7679d10f9;11.743;0.593751;SELL
2016-03-17T10:06:34.000000;2016-03-17T10:06:35.837000;7531dff0-9929-45f4-98bc-957b0f63494a;11.83;0.35;BUY
2016-03-17T10:10:08.000000;2016-03-17T10:10:08.753000;4b4bcd4d-c7ca-4930-bfcd-b4442a7a08b1;11.75;5.4414;SELL
2016-03-17T10:10:08.000000;2016-03-17T10:10:08.767000;05ab38cc-6e19-4c9c-957c-0ce9c4bd7c2e;11.75;38.2584;SELL
2016-03-17T10:10:31.000000;2016-03-17T10:10:31.367000;da71f566-88a8-4d11-91dc-ac17300e9e79;11.815;4.65;BUY
2016-03-17T10:10:31.000000;2016-03-17T10:10:31.370000;582c4e5c-7534-4f30-b495-680938e3ab68;11.816;14.90385765;BUY
2016-03-17T10:10:31.000000;2016-03-17T10:10:31.373000;3c46f147-23cf-413f-a322-ee9eab62f4b9;11.817;1.45404235;BUY
2016-03-17T10:10:33.000000;2016-03-17T10:10:33.190000;5e6f1c9a-aa15-42f8-9e34-2bd6b52af335;11.75;1.4569548;SELL
2016-03-17T10:10:33.000000;2016-03-17T10:10:33.193000;27ac7737-06d7-483c-88bf-8c7f093f26ea;11.743;5.86785016;SELL
2016-03-17T10:11:02.000000;2016-03-17T10:11:03.020000;a6c96229-5543-444d-918d-8ab8027109c4;11.704;2.323013;SELL
2016-03-17T10:11:04.000000;2016-03-17T10:11:04.980000;cbbcc680-dd3c-49bd-918d-fc62dfd83da9;11.7;9.00900901;BUY
2016-03-17T10:11:06.000000;2016-03-17T10:11:06.817000;cc77dee5-1c89-42f2-b7c2-6736757f2957;11.7;9.00900901;BUY
2016-03-17T10:11:14.000000;2016-03-17T10:11:14.730000;217df246-0af4-4967-95c2-4006e9fb350e;11.7;9.00900901;BUY
2016-03-17T10:11:39.000000;2016-03-17T10:11:39.060000;af0cf1c1-60f7-4ddf-9939-42e95b7d40f7;11.62;5.2228345;BUY
2016-03-17T10:11:40.000000;2016-03-17T10:11:40.140000;4580689c-b849-4368-9ad4-733e6ead6f17;11.62;25.69363262;BUY
2016-03-17T10:11:41.000000;2016-03-17T10:11:41.100000;111f64da-a016-4959-90b8-59e3f7735171;11.62;25.69363262;BUY
2016-03-17T10:11:41.000000;2016-03-17T10:11:41.297000;c6984b5b-5fc2-4261-9c1c-67094f0b38fe;11.62;4.91859898;BUY
2016-03-17T10:11:41.000000;2016-03-17T10:11:42.240000;6fedde9c-393b-458c-86e7-dfe5c0d383d4;11.62;1.5871066;BUY
2016-03-17T10:11:41.000000;2016-03-17T10:11:42.257000;b32bb0c9-25f4-4f73-ae51-b78006d74123;11.62;12.16781657;BUY
2016-03-17T10:11:44.000000;2016-03-17T10:11:44.797000;705133b8-acaf-4d98-9d05-1f699e698340;11.62;6.00600601;BUY
2016-03-17T10:11:44.000000;2016-03-17T10:11:44.820000;014b1261-dd90-483f-84f4-62191cb09db2;11.62;5.67643468;BUY
2016-03-17T10:11:45.000000;2016-03-17T10:11:45.747000;14f62fbd-eaf9-4cd2-a8f8-f32d69d69f14;11.62;6.00600601;BUY
2016-03-17T10:11:46.000000;2016-03-17T10:11:46.930000;1373daff-b00d-4e93-b1a4-3a3a5c8a5bfc;11.62;6.00600601;BUY
2016-03-17T10:11:47.000000;2016-03-17T10:11:47.213000;cd9fef15-88cd-4c99-bb4f-5e596ffbb38f;11.62;1.78083016;BUY
2016-03-17T10:11:47.000000;2016-03-17T10:11:47.773000;26a53ae6-3335-4cc6-9961-74819ade9f35;11.62;2.72226195;BUY
2016-03-17T10:11:47.000000;2016-03-17T10:11:48.543000;00b672bc-3580-4534-91d3-34cbd4d795d4;11.62;20.87067492;BUY
2016-03-17T10:11:49.000000;2016-03-17T10:11:50.017000;11fe481b-0d8a-40a1-8d38-4895d281bda3;11.62;60.79838105;BUY
2016-03-17T10:18:35.000000;2016-03-17T10:18:35.753000;b991ec09-902e-4738-b8f3-c6eebda4b487;11.672;1.858833;SELL
2016-03-17T10:18:52.000000;2016-03-17T10:18:52.840000;9970d6c8-83e1-4cf5-89ab-63d466a05d49;11.662;3.70866688;SELL
2016-03-17T10:32:10.000000;2016-03-17T10:32:10.510000;e4ebe5de-6319-43db-b63f-8e440f65fe60;11.832;0.11278;BUY
2016-03-17T10:35:02.000000;2016-03-17T10:35:02.507000;1652815b-b7d6-4380-90be-9b88c128d728;11.832;2.132613;BUY
2016-03-17T10:42:46.000000;2016-03-17T10:42:48.373000;b7ed70bc-5b3c-4498-94d5-39026b0ceda8;11.921;14.77258471;BUY
2016-03-17T10:42:51.000000;2016-03-17T10:42:51.080000;df805050-abfb-486f-abea-5bcec17df088;11.921;14.77258471;BUY
2016-03-17T10:43:58.000000;2016-03-17T10:43:59.213000;323c1a8b-0f08-4dc5-ae09-ac975663ee92;11.921;0.57853616;BUY
2016-03-17T10:43:58.000000;2016-03-17T10:43:59.220000;f0fe4625-fa61-41b0-a641-8b1cff40c3a8;11.921;34.00507023;BUY
2016-03-17T10:43:58.000000;2016-03-17T10:43:59.290000;0851f323-d504-41f5-a6bf-168b4ffcaeb1;11.921;4.43544394;BUY
2016-03-17T10:44:00.000000;2016-03-17T10:44:01.120000;a4a2b765-73fd-4955-9bfb-0cf9b80fb909;11.921;4.43544394;BUY
2016-03-17T10:44:00.000000;2016-03-17T10:44:01.157000;971dc416-5496-401a-b4cf-1b5aa22bc260;11.921;14.7725845;BUY
2016-03-17T10:44:00.000000;2016-03-17T10:44:01.230000;68df5437-0162-41a0-a321-846d944851c1;11.921;34.00507023;BUY
2016-03-17T10:44:04.000000;2016-03-17T10:44:04.310000;741fe895-98df-47ec-9751-e53e5a5551e9;11.921;2.56476716;BUY
2016-03-17T10:44:07.000000;2016-03-17T10:44:07.710000;de4f1531-925c-4023-bd15-65132762e2ac;11.921;8.07357092;BUY
2016-03-17T10:48:15.000000;2016-03-17T10:48:15.180000;39d227d2-6deb-4fef-83c5-c99c851a1461;11.838;2.308342;SELL
2016-03-17T10:48:15.000000;2016-03-17T10:48:15.207000;dbeab41c-cd79-48ee-870a-9c2358232676;11.837;2.26020294;SELL
2016-03-17T10:48:16.000000;2016-03-17T10:48:16.227000;3bfd8047-0e1c-422c-8308-f87b9fc8dd7c;11.837;1.84406309;SELL
2016-03-17T10:48:17.000000;2016-03-17T10:48:17.300000;c9547da2-23a4-4167-891c-d7c95b9cd125;11.837;6.0;SELL
2016-03-17T10:48:19.000000;2016-03-17T10:48:19.037000;b1fc91ee-25e6-4738-8a94-7d14d385cfd5;11.837;4.60365153;SELL
2016-03-17T10:48:19.000000;2016-03-17T10:48:19.157000;ee402862-da9b-4d8d-85d4-8aec4339fb65;11.837;11.5696498;SELL
2016-03-17T10:48:19.000000;2016-03-17T10:48:19.237000;4d1bdf81-2089-4ace-9a0f-5b780cb321be;11.837;1.50908465;SELL
2016-03-17T10:48:20.000000;2016-03-17T10:48:20.250000;d7e7c3af-5ce5-4cb7-b780-56f095ca7f33;11.837;1.14818255;SELL
2016-03-17T10:48:20.000000;2016-03-17T10:48:20.547000;b6417116-9d9e-475f-a338-d74cee7f52cc;11.837;8.80273363;SELL
2016-03-17T10:48:20.000000;2016-03-17T10:48:20.630000;2c05bca6-bc08-4220-b11e-539312456eb6;11.837;7.26243181;SELL
2016-03-17T10:48:26.000000;2016-03-17T10:48:26.050000;c786dbe4-a64a-4200-aac4-b219feb893c2;11.78;2.66577423;SELL
2016-03-17T10:54:00.000000;2016-03-17T10:54:01.393000;c5280704-2a7b-41a1-b73b-9399fdd32a10;11.915;0.51471471;BUY
2016-03-17T10:55:54.000000;2016-03-17T10:55:54.753000;e67f87dd-f023-4ed0-9ff7-bfec8c94b16f;11.915;0.51371371;BUY
2016-03-17T10:57:12.000000;2016-03-17T10:57:12.677000;6106ddde-c4a8-4570-b341-9615a5fc5dae;11.915;1.0;BUY
2016-03-17T11:09:26.000000;2016-03-17T11:09:27.790000;20398c6f-b335-401b-a145-0c11e3813daf;11.915;3.96557158;BUY
2016-03-17T11:09:26.000000;2016-03-17T11:09:27.803000;12a4c17e-3056-4519-a298-7dffa8153657;11.92;1.9378773;BUY
2016-03-17T11:09:26.000000;2016-03-17T11:09:27.810000;615acf1c-152c-4f9d-a33b-816717ebb282;11.92;3.96557158;BUY
2016-03-17T11:09:26.000000;2016-03-17T11:09:27.840000;7db40fea-2b3f-4c30-8a6a-d494c4a2ec01;11.921;4.90356425;BUY
2016-03-17T11:09:42.000000;2016-03-17T11:09:42.650000;857544df-2244-4ac6-84c3-e2fc9df13056;11.921;14.77258458;BUY
2016-03-17T11:09:46.000000;2016-03-17T11:09:46.570000;88b24034-254f-4d13-9f0f-c50aef119abc;11.921;14.77258471;BUY
2016-03-17T11:09:58.000000;2016-03-17T11:09:59.370000;dc4789e3-26c0-47b3-a51d-9a30baf027c1;11.921;14.77258471;BUY
2016-03-17T11:12:50.000000;2016-03-17T11:12:50.877000;361d78c6-5ed8-4664-af50-c7b78a8f7dbd;11.921;6.70296356;BUY
2016-03-17T11:12:53.000000;2016-03-17T11:12:53.730000;b1cc6958-da29-484a-90ad-4c97a35552af;11.921;3.63429695;BUY
2016-03-17T11:12:55.000000;2016-03-17T11:12:55.397000;ebcb0b09-e867-4df6-9450-86d55e00c575;11.921;3.02576474;BUY
2016-03-17T11:12:55.000000;2016-03-17T11:12:55.440000;03ff0fc1-ab28-45f6-a65d-474455b782d1;11.959;1.83703604;BUY
2016-03-17T11:13:05.000000;2016-03-17T11:13:05.990000;bf4e4a78-410e-4df6-a823-28c0d7af7d59;11.959;3.60436396;BUY
2016-03-17T11:14:54.000000;2016-03-17T11:14:54.337000;b55e26bc-4455-4ad5-8488-aec61d827a10;12.069;2.282146;BUY
2016-03-17T11:14:54.000000;2016-03-17T11:14:54.347000;998d0826-f7d5-41fb-9024-b2b83700eb4b;12.084;4.083054;BUY
2016-03-17T11:16:52.000000;2016-03-17T11:16:52.707000;67b350f7-8f4b-4002-8666-3ce437de5b4f;12.054;4.319051;SELL
2016-03-17T11:17:06.000000;2016-03-17T11:17:06.953000;7d3e4b9f-dd82-4063-90ae-997316260a45;11.941;3.91301446;BUY
2016-03-17T11:17:10.000000;2016-03-17T11:17:10.320000;308e1172-430b-4b94-9327-88a9e7d2b4c7;11.94;2.292689;SELL
2016-03-17T11:17:14.000000;2016-03-17T11:17:14.357000;38a63b88-8ca4-46f5-9ea7-0e834ef1ab80;11.928;1.62032546;SELL
2016-03-17T11:17:21.000000;2016-03-17T11:17:21.633000;1075f3f7-5a33-451d-b089-3ebc7410e69b;11.941;0.5;SELL
2016-03-17T11:17:41.000000;2016-03-17T11:17:41.943000;41a9aafb-b6db-464b-98d6-1dde539df2e1;11.928;1.3156;SELL
2016-03-17T11:17:49.000000;2016-03-17T11:17:49.900000;0207afcd-fab1-4e6e-8248-82590b0fdeff;11.927;4.583248;SELL
2016-03-17T11:18:05.000000;2016-03-17T11:18:05.847000;908de169-a23a-4efc-b59f-8028a42226e0;11.804;9.946006;SELL
2016-03-17T11:18:05.000000;2016-03-17T11:18:05.850000;e182849a-6d39-4719-b6a4-e93c734507e0;11.801;45.0;SELL
2016-03-17T11:18:05.000000;2016-03-17T11:18:05.860000;40813c17-2fe0-458f-a282-734ddb1cceca;11.8;4.864157;SELL
2016-03-17T11:18:06.000000;2016-03-17T11:18:06.610000;59c59dab-9cb6-4c58-9432-8226c5a44d5f;11.785;0.00084267;BUY
2016-03-17T11:18:06.000000;2016-03-17T11:18:06.833000;20417caf-1826-46f1-9902-a80f0d1b61e1;11.803;9.946006;SELL
2016-03-17T11:18:08.000000;2016-03-17T11:18:08.237000;2fd79f2e-839d-4fe2-90b6-996f3113c96e;11.785;30.08028719;BUY
2016-03-17T11:18:08.000000;2016-03-17T11:18:08.240000;eca2a03f-6107-4804-a1d6-808655e2e9a3;11.785;3.92351572;BUY
2016-03-17T11:18:11.000000;2016-03-17T11:18:11.520000;d16036a2-091a-4cda-946d-a668b0703d53;11.784;2.280126;BUY
2016-03-17T11:18:13.000000;2016-03-17T11:18:13.140000;a72cb202-fbbe-45c2-9ee3-2bb3a6aa367a;11.751;90.443487;SELL
2016-03-17T11:18:17.000000;2016-03-17T11:18:17.890000;19a322e2-7fcd-47de-89bc-fe33bc9cd705;11.674;0.39395631;SELL
2016-03-17T11:18:18.000000;2016-03-17T11:18:19.037000;ec8987b6-8191-47eb-97c0-a3da92bdf316;11.674;0.68765942;SELL
2016-03-17T11:18:20.000000;2016-03-17T11:18:20.343000;c2007c45-692c-4a07-ad68-aa7d56898528;11.699;0.82742651;BUY
2016-03-17T11:18:20.000000;2016-03-17T11:18:20.487000;68a567fe-e59e-4a70-8c62-811a4158f990;11.699;8.80987947;BUY
2016-03-17T11:18:20.000000;2016-03-17T11:18:20.500000;29232bf0-60c1-4dbc-bba4-fda37734672f;11.699;4.98974343;BUY
2016-03-17T11:18:20.000000;2016-03-17T11:18:20.513000;7fa68be9-8f5a-4b4c-b368-c68a82cc136b;11.699;0.65083605;BUY
2016-03-17T11:18:20.000000;2016-03-17T11:18:20.537000;495e3c9b-e83d-4ffa-8bc5-500ea1a6b788;11.7;0.53583858;BUY
2016-03-17T11:18:20.000000;2016-03-17T11:18:20.547000;0d96d731-3624-40d9-94b6-d9a169d48a2e;11.7;0.29158793;BUY
2016-03-17T11:18:20.000000;2016-03-17T11:18:20.573000;c32ae885-c423-4b04-9a9a-0dc919e16755;11.751;0.35;BUY
2016-03-17T11:18:20.000000;2016-03-17T11:18:20.573000;5fc2dca6-f877-4595-98f4-2826ba65062f;11.751;0.55500366;BUY
2016-03-17T11:18:20.000000;2016-03-17T11:18:21.150000;b56ea53a-47dd-4b3a-974a-332586c6b79c;11.751;14.98629753;BUY
2016-03-17T11:18:21.000000;2016-03-17T11:18:21.717000;9a184d3e-c3a0-4ac9-90bd-eee53170066a;11.675;2.280126;SELL
2016-03-17T11:18:21.000000;2016-03-17T11:18:21.793000;877d8a8b-42c8-4c35-8566-65c55a0c8a04;11.674;2.70961743;BUY
2016-03-17T11:18:21.000000;2016-03-17T11:18:21.807000;9a13432f-d8a0-4428-99f2-35abea80cd59;11.674;0.65083605;BUY
2016-03-17T11:18:24.000000;2016-03-17T11:18:24.887000;db05028a-e8b8-4189-8db4-9c76c5075c57;11.673;5.16288;SELL
2016-03-17T11:18:30.000000;2016-03-17T11:18:30.570000;92267d3f-bd87-4b46-bfa3-6d54c168f58c;11.661;0.82876434;SELL
2016-03-17T11:18:31.000000;2016-03-17T11:18:31.827000;51d9c923-881b-486a-857d-764f66a64f42;11.661;0.57156054;SELL
2016-03-17T11:18:31.000000;2016-03-17T11:18:31.837000;0d04ac0e-c1f8-4a6d-ad6a-08b37e044572;11.661;5.42843946;SELL
2016-03-17T11:18:32.000000;2016-03-17T11:18:32.073000;2b978008-8d64-42ac-b183-6c924023bc92;11.661;0.68092951;SELL
2016-03-17T11:18:32.000000;2016-03-17T11:18:32.260000;3ca5b7f0-7747-4394-9be2-d8c134b6b2f3;11.661;22.07380452;SELL
2016-03-17T11:18:38.000000;2016-03-17T11:18:38.077000;48ce731a-a7e2-48c1-aa3f-6b108954eb18;11.635;0.73965769;SELL
2016-03-17T11:18:47.000000;2016-03-17T11:18:48.373000;c17a9921-5068-415b-8753-351a7c6961fd;11.637;13.75492316;SELL
2016-03-17T11:18:47.000000;2016-03-17T11:18:48.387000;29623fe6-f712-45ed-b25d-099d18d1984f;11.636;28.24615265;SELL
2016-03-17T11:18:47.000000;2016-03-17T11:18:48.390000;36abf877-ec36-4d92-9b98-325c1681b589;11.632;84.59738;SELL
2016-03-17T11:18:47.000000;2016-03-17T11:18:48.427000;823b76eb-a800-42d6-a463-866cd161ea4a;11.631;6.01201794;SELL
2016-03-17T11:18:47.000000;2016-03-17T11:18:48.427000;e48b954e-c368-491e-914e-0b79e606055f;11.631;15.15524775;SELL
2016-03-17T11:18:47.000000;2016-03-17T11:18:48.427000;03b8dc25-caf1-4752-9ff4-a7f41ffe28df;11.62;5.64002346;SELL
2016-03-17T11:18:47.000000;2016-03-17T11:18:48.427000;4a6898ec-1799-477a-95c3-0160a1adec14;11.62;4.98353811;SELL
2016-03-17T11:18:51.000000;2016-03-17T11:18:52.193000;cbe2cf72-60ea-4db0-8971-5a8d02c058a1;11.637;7.18984793;BUY
2016-03-17T11:18:51.000000;2016-03-17T11:18:52.213000;9a32c63f-ada2-4ddf-a21b-7da84aa3cf9e;11.637;13.26374495;BUY
2016-03-17T11:19:04.000000;2016-03-17T11:19:04.927000;9a8e8f3d-cc22-4398-97d9-ec97ee16a4c8;11.62;0.65648535;SELL
2016-03-17T11:19:04.000000;2016-03-17T11:19:04.937000;a212a3ca-a6ea-4f9c-b380-b3ce1e48ac20;11.6;1.0;SELL
2016-03-17T11:19:04.000000;2016-03-17T11:19:04.940000;192f3684-4228-4ad0-b0a0-3b0b41256b1a;11.583;2.314366;SELL
2016-03-17T11:19:10.000000;2016-03-17T11:19:10.890000;2896407d-80c8-4cfe-92a7-85b15d4f2fc4;11.547;10.1673729;SELL
2016-03-17T11:19:10.000000;2016-03-17T11:19:11.163000;55c09b86-85b9-444f-9cc4-0507a6e10f2a;11.546;5.480595;SELL
2016-03-17T11:19:26.000000;2016-03-17T11:19:26.237000;73378fc7-a2bf-4a8b-9bc9-f6d4833f9629;11.45;15.58550021;SELL
2016-03-17T11:19:26.000000;2016-03-17T11:19:26.243000;e9ea4aee-8f50-443c-85a7-ff0b5f13bb75;11.419;5.818565;SELL
2016-03-17T11:19:26.000000;2016-03-17T11:19:26.280000;bf934eee-6fe0-42ca-8f25-30a7949232ec;11.419;10.78505108;SELL
2016-03-17T11:19:37.000000;2016-03-17T11:19:37.277000;0531fe3e-1c47-4292-a3a2-f81d369f42e7;11.45;101.42346192;SELL
2016-03-17T11:19:43.000000;2016-03-17T11:19:43.850000;8eedd973-739d-4c7b-8dfd-6cdc855fc2a2;11.45;25.13104308;SELL
2016-03-17T11:19:43.000000;2016-03-17T11:19:43.857000;2f3be342-085a-4996-a5ca-2d8fb301b259;11.45;21.00641572;SELL
2016-03-17T11:20:22.000000;2016-03-17T11:20:22.170000;79a007e6-7b4f-4399-99c4-a0a4346c3330;11.295;6.65057097;BUY
2016-03-17T11:20:32.000000;2016-03-17T11:20:32.460000;11d6684a-3702-4079-bac0-f046b385b804;11.295;0.35;SELL
2016-03-17T11:20:32.000000;2016-03-17T11:20:32.473000;2aaae4b6-42f4-4ecd-a6cc-b9d363cf6cc0;11.295;6.30057097;SELL
2016-03-17T11:20:33.000000;2016-03-17T11:20:33.520000;c3b833c7-9623-48fb-a0de-aece05ba0501;11.296;6.65057097;SELL
2016-03-17T11:20:34.000000;2016-03-17T11:20:34.043000;bd90f580-1c2e-46fa-9efa-cc3eed0f32ec;11.296;6.65057097;SELL
2016-03-17T11:20:34.000000;2016-03-17T11:20:34.723000;f3538e6f-15fd-4249-88d0-cdc147c011d3;11.296;3.74272355;SELL
2016-03-17T11:24:32.000000;2016-03-17T11:24:33.000000;a5f934b1-d9fa-4b9e-8a0a-6557168b84e1;11.513;45.0;BUY
2016-03-17T11:25:21.000000;2016-03-17T11:25:21.233000;d38db772-ef5c-4465-a123-af28c5762eca;11.54;3.631938;SELL
2016-03-17T11:25:23.000000;2016-03-17T11:25:23.550000;b8099e45-4a75-4fbd-887a-48909a333392;11.54;15.27558588;SELL
2016-03-17T11:25:34.000000;2016-03-17T11:25:34.070000;7760888d-9d15-4312-9ba9-fcdea34e957a;11.59;15.19447634;SELL
2016-03-17T11:25:35.000000;2016-03-17T11:25:35.597000;ea146feb-0a43-4edc-b082-1ce6ad95f125;11.59;15.19447634;SELL
2016-03-17T11:25:36.000000;2016-03-17T11:25:36.310000;322db51f-5053-4355-857c-bd7d38d19a87;11.59;4.00318395;SELL
