time_exchange;time_coinpai;guid;price;base_amount;taker_side
2016-03-17T00:00:01.127000;2016-03-17T00:00:01.170000;cad7b5cd-488e-4af3-9a31-8df08ad85818;416.06;1.61796;SELL
2016-03-17T00:00:01.130000;2016-03-17T00:00:01.220000;fd0b0b1e-f227-4762-9482-7624bc013f6e;416.06;0.01;SELL
2016-03-17T00:00:01.130000;2016-03-17T00:00:01.220000;a6830bc5-6fc7-4f67-b85a-79c9fa9c32cf;416.06;0.063;SELL
2016-03-17T00:00:01.130000;2016-03-17T00:00:01.220000;dd9ef268-033d-47fa-aafd-a0683cab7676;416.06;0.106;SELL
2016-03-17T00:00:01.130000;2016-03-17T00:00:01.220000;e00525df-ab57-41f9-b45f-0e2e6107b66f;416.0;0.0115;SELL
2016-03-17T00:00:01.130000;2016-03-17T00:00:01.243000;0db9803b-1695-492c-9ff2-3e2467e2897a;415.96;1.0;SELL
2016-03-17T00:00:01.130000;2016-03-17T00:00:01.243000;1ff0014a-fdb9-4b1d-8be8-c3da45f1f60f;415.96;0.337;SELL
2016-03-17T00:00:01.130000;2016-03-17T00:00:01.243000;0fc6d5a0-63f4-4623-86fe-e142290cdf0e;415.95;0.25;SELL
2016-03-17T00:00:01.130000;2016-03-17T00:00:01.243000;235fd9ea-155a-4bb8-b241-e9843a83b539;415.95;0.23039;SELL
2016-03-17T00:00:21.310000;2016-03-17T00:00:21.350000;207d8980-8b5e-4f4e-8e06-e31a387ac047;416.05;0.03449132;BUY
2016-03-17T00:01:03.623000;2016-03-17T00:01:03.650000;8a604803-fa8a-4030-82ee-366d0f4932a1;415.96;0.11527;SELL
2016-03-17T00:01:30.867000;2016-03-17T00:01:30.890000;1a4a2db9-5cec-410c-a1a9-737f84b739d8;415.97;1.9758;BUY
2016-03-17T00:01:43.350000;2016-03-17T00:01:43.377000;5b36b754-7fb7-432a-925e-5b7c41606b6d;415.97;0.0242;BUY
2016-03-17T00:01:43.350000;2016-03-17T00:01:43.393000;e26f5e88-262d-4c71-8ed9-1eba30a11ca3;416.03;0.0124;BUY
2016-03-17T00:01:43.357000;2016-03-17T00:01:43.410000;37aecaa2-40eb-4f69-a2d6-eba781731fb7;416.03;0.06359;BUY
2016-03-17T00:01:56.137000;2016-03-17T00:01:56.167000;817193fa-4493-4c40-a26a-0a9fec3be92f;416.05;0.1;BUY
2016-03-17T00:01:58.703000;2016-03-17T00:01:58.727000;f8629313-6f76-4c13-8274-b1597dbe8172;416.05;0.03;BUY
2016-03-17T00:02:00.863000;2016-03-17T00:02:00.883000;5cb7e1d0-0583-462e-9de6-6f7d6ceeef8d;416.06;1.61883;BUY
2016-03-17T00:02:33.327000;2016-03-17T00:02:33.350000;33f112bd-9b26-4c82-9be4-e3e9865eb94e;415.97;0.74483;BUY
2016-03-17T00:02:56.767000;2016-03-17T00:02:56.790000;f268d3cf-b4b1-40ef-9d6e-3b99b7da528d;415.97;0.47960489;BUY
2016-03-17T00:03:01.177000;2016-03-17T00:03:01.200000;201b537e-b1b0-485d-92f1-6b88f47380a7;415.96;0.13473;SELL
2016-03-17T00:03:01.177000;2016-03-17T00:03:01.217000;3c54373f-2212-40e9-8e58-5807189bd40f;415.96;0.12305;SELL
2016-03-17T00:03:30.857000;2016-03-17T00:03:30.880000;9fa223cc-c102-44f2-be87-5fb08581f7f4;415.97;0.48592;BUY
2016-03-17T00:04:01.000000;2016-03-17T00:04:01.020000;66681b9f-d5a7-49cb-8dcb-e9e145729380;415.97;0.28964511;BUY
2016-03-17T00:04:01.000000;2016-03-17T00:04:01.037000;97b7e7ad-9db8-41e1-8a1b-8b636114520a;416.03;0.301;BUY
2016-03-17T00:04:01.000000;2016-03-17T00:04:01.077000;897829a9-d926-4b93-929d-2d0340547de7;416.06;0.38117;BUY
2016-03-17T00:04:01.000000;2016-03-17T00:04:01.077000;58c79e67-5b1e-424d-b7a4-c10b33fc894e;416.06;0.05;BUY
2016-03-17T00:04:01.000000;2016-03-17T00:04:01.077000;824674e5-fc65-441c-aa63-57ed2681a1a9;416.06;1.0;BUY
2016-03-17T00:04:01.000000;2016-03-17T00:04:01.077000;01a286f8-79f7-491e-958b-866e5259856b;416.07;0.08724489;BUY
2016-03-17T00:04:30.893000;2016-03-17T00:04:30.910000;04682608-5514-4838-81af-f084f0b1b932;415.96;0.12132;SELL
2016-03-17T00:04:34.910000;2016-03-17T00:04:34.930000;96378c3a-6726-4c77-9242-35df348d8ef3;415.99;2.0;BUY
2016-03-17T00:04:34.910000;2016-03-17T00:04:34.947000;86a1ca07-6f07-4ca1-bdaa-6b2574d1b34f;416.02;0.296;BUY
2016-03-17T00:04:34.910000;2016-03-17T00:04:34.970000;dca42e70-11f8-4cbe-ad92-2356a7adcb52;416.04;0.25;BUY
2016-03-17T00:04:34.910000;2016-03-17T00:04:34.970000;f73ea575-2144-4f02-9f23-3958dd215654;416.04;0.17;BUY
2016-03-17T00:04:34.910000;2016-03-17T00:04:34.970000;27dc2ad8-1eb7-4052-9918-b5bf1b19337a;416.07;3.35580394;BUY
2016-03-17T00:05:01.377000;2016-03-17T00:05:01.393000;fd8c0c36-9c3b-4078-8420-c9890d680c10;416.06;0.309;BUY
2016-03-17T00:05:01.377000;2016-03-17T00:05:01.410000;e362af07-de46-49a5-82fb-8460547f909d;416.07;7.22436;BUY
2016-03-17T00:05:04.213000;2016-03-17T00:05:04.227000;a5e66d5b-cd47-47cb-bd1b-df091867799e;416.06;0.289;BUY
2016-03-17T00:05:04.213000;2016-03-17T00:05:04.257000;fdc3b913-bb6f-4e74-ab91-ad645724d404;416.07;0.231;BUY
2016-03-17T00:05:30.460000;2016-03-17T00:05:30.477000;f3aae660-66b6-42ae-8582-6fa104246fdd;415.98;0.25;SELL
2016-03-17T00:05:30.460000;2016-03-17T00:05:30.507000;e778c748-8db3-41e7-8a46-5ceac9f11eac;415.98;0.32;SELL
2016-03-17T00:05:30.460000;2016-03-17T00:05:30.520000;e832ed76-bc16-467f-bd1e-7ba7ac841301;415.98;0.078;SELL
2016-03-17T00:05:30.460000;2016-03-17T00:05:30.523000;14f74767-c463-4995-bc47-63ee8e15954c;415.98;0.179;SELL
2016-03-17T00:05:30.460000;2016-03-17T00:05:30.523000;f23fc46c-352d-4eed-b82a-b360ea2edd78;415.96;0.044;SELL
2016-03-17T00:05:30.460000;2016-03-17T00:05:30.523000;d8aa0e84-3d36-4805-b73d-c6049080eadb;415.96;0.26;SELL
2016-03-17T00:05:30.460000;2016-03-17T00:05:30.570000;073f715f-00bf-48cb-8700-df64e0b06141;415.95;0.01961;SELL
2016-03-17T00:05:30.460000;2016-03-17T00:05:30.587000;10617e77-d803-4f45-8e38-e9190ff44bce;415.95;0.25;SELL
2016-03-17T00:05:30.463000;2016-03-17T00:05:30.587000;b77b7574-9ec0-4117-b262-b73b38eba287;415.95;0.25;SELL
2016-03-17T00:05:30.463000;2016-03-17T00:05:30.587000;6597e967-2a95-41fc-8c96-e6d75fe7e731;415.95;0.25;SELL
2016-03-17T00:05:30.463000;2016-03-17T00:05:30.587000;621c2129-f9b1-44e0-9f04-eedeb36096ef;415.95;0.09939;SELL
2016-03-17T00:05:30.910000;2016-03-17T00:05:30.937000;a323704c-28a9-4160-a3ee-40057b4299f2;416.07;2.71976;BUY
2016-03-17T00:06:00.970000;2016-03-17T00:06:01.040000;3e3fd64a-8571-4521-84fd-26aceb611b5a;416.06;0.256;BUY
2016-03-17T00:06:00.970000;2016-03-17T00:06:01.057000;df44d87b-0d9c-41ee-a0a9-f534d2c37370;416.07;5.22905;BUY
2016-03-17T00:07:00.893000;2016-03-17T00:07:00.953000;4bab974b-76c1-4bb8-bf72-c6a6e9bb1dac;416.0;0.20227;BUY
2016-03-17T00:07:30.957000;2016-03-17T00:07:31.017000;a50437e0-4911-4de4-ae41-9a0c334d1ead;416.0;1.79773;BUY
2016-03-17T00:07:30.957000;2016-03-17T00:07:31.033000;0d05638e-9af7-4fe7-bbac-12eade9498db;416.0;0.25;BUY
2016-03-17T00:07:30.957000;2016-03-17T00:07:31.053000;1977aed9-93a8-41d3-8bbb-2a62f7c43bc1;416.05;0.219;BUY
2016-03-17T00:07:30.957000;2016-03-17T00:07:31.070000;3e56e4d6-38f1-4df6-aaa2-27de37c86db6;416.06;1.19565;BUY
2016-03-17T00:08:00.930000;2016-03-17T00:08:00.990000;8e8a7d3b-5140-47bb-88bf-1e10ba34b41a;416.06;0.80435;BUY
2016-03-17T00:08:00.930000;2016-03-17T00:08:01.007000;b44bb478-3a96-4907-af8e-f9fbf2850c3b;416.06;0.229;BUY
2016-03-17T00:08:00.930000;2016-03-17T00:08:01.030000;94e3fc9f-b644-4164-8f51-3ff69099b439;416.07;0.54472;BUY
2016-03-17T00:08:14.467000;2016-03-17T00:08:14.530000;7941b174-3f23-4bc3-b6a7-8d994f5ad9f3;415.96;0.25;SELL
2016-03-17T00:08:14.467000;2016-03-17T00:08:14.530000;3c0d74e1-2742-46d4-a232-0ebca6eb40ad;415.96;0.081;SELL
2016-03-17T00:08:14.467000;2016-03-17T00:08:14.563000;cc6b34ab-ca29-4c70-a4b8-6add2fbc62a5;415.96;0.14860489;SELL
2016-03-17T00:08:30.857000;2016-03-17T00:08:30.917000;9f8f6153-a125-467b-aa39-5d0688a0e68a;416.06;0.222;BUY
2016-03-17T00:08:30.857000;2016-03-17T00:08:30.933000;bdb7a142-9de3-455b-9905-aaa86d14ba70;416.06;0.25;BUY
2016-03-17T00:08:30.857000;2016-03-17T00:08:30.950000;0149900f-f92b-4864-81ef-0608a07bf45b;416.07;0.131;BUY
2016-03-17T00:09:00.987000;2016-03-17T00:09:01.047000;893d3a8a-9aa1-4f78-887e-5eb5136f6120;416.06;0.2;BUY
2016-03-17T00:09:00.987000;2016-03-17T00:09:01.070000;d88b8f7c-1e53-4930-a3ea-1168c8983bef;416.06;0.03122;BUY
2016-03-17T00:10:00.887000;2016-03-17T00:10:00.940000;9d8ebec4-ec0a-4fcc-9e50-3966aca4fbbd;416.07;0.01903;BUY
2016-03-17T00:10:30.843000;2016-03-17T00:10:30.900000;f2e3f225-5012-4bd8-b3ac-899ae423eac2;416.06;0.22;BUY
2016-03-17T00:10:30.843000;2016-03-17T00:10:30.913000;b224360d-7a73-4d73-8362-4682e5014959;416.07;0.92469;BUY
2016-03-17T00:11:00.887000;2016-03-17T00:11:00.940000;b34bffe2-a4a9-416e-ae09-841ccf0fc2d4;415.96;0.25;SELL
2016-03-17T00:11:00.887000;2016-03-17T00:11:00.963000;79ab9953-89cd-45bc-9c4a-be1a974aaf9f;415.96;0.14;SELL
2016-03-17T00:11:00.887000;2016-03-17T00:11:00.963000;3cdf5064-d549-4772-97d3-a702e2e9f238;415.95;0.15061;SELL
2016-03-17T00:11:00.887000;2016-03-17T00:11:00.977000;2e02fa20-caab-4cb9-b21e-c00bac79e743;415.95;0.18558;SELL
2016-03-17T00:11:30.880000;2016-03-17T00:11:30.933000;743f5b7d-44d0-46c8-8ad9-615a3dfc3095;416.07;1.23223;BUY
2016-03-17T00:12:01.207000;2016-03-17T00:12:01.257000;dbe24c61-a33b-4767-a004-1a6718603c9e;416.07;0.20424;BUY
2016-03-17T00:12:30.843000;2016-03-17T00:12:30.893000;7d3d892e-0745-4161-8fc0-19aa202de9ed;416.07;2.49861;BUY
2016-03-17T00:13:00.863000;2016-03-17T00:13:00.917000;097abfc6-a6ec-4851-ac4b-1645547b59f2;415.96;0.25;SELL
2016-03-17T00:13:00.863000;2016-03-17T00:13:00.933000;bde4f1f0-4668-444b-9313-57a22dc90866;415.96;0.111;SELL
2016-03-17T00:13:00.863000;2016-03-17T00:13:00.933000;ab35256d-9b99-4712-aa89-110d2065aca4;415.95;0.06442;SELL
2016-03-17T00:13:00.863000;2016-03-17T00:13:00.950000;533f73ba-7944-44b7-b110-218eb8fa9b8c;415.95;1.049;SELL
2016-03-17T00:13:00.863000;2016-03-17T00:13:00.950000;71addacf-a01a-4a04-b8d7-0dbad165a0e8;415.94;0.25;SELL
2016-03-17T00:13:00.863000;2016-03-17T00:13:00.950000;68fa8a1f-16c7-4a03-b4cd-3e68e24955f3;415.93;0.01;SELL
2016-03-17T00:13:00.863000;2016-03-17T00:13:00.950000;cd426336-ca5b-48c8-bbc9-2c14ce60a067;415.92;0.12504;SELL
2016-03-17T00:13:00.863000;2016-03-17T00:13:00.950000;ff45f050-8b27-46cb-bb78-26b712a88388;415.92;0.01;SELL
2016-03-17T00:13:00.863000;2016-03-17T00:13:00.950000;0e1a36ef-890a-44c3-a756-ec4a0669c3a0;415.92;1.0;SELL
2016-03-17T00:13:00.863000;2016-03-17T00:13:00.953000;23c19b72-42e6-4ac4-9402-e0de606d4e45;415.91;0.25;SELL
2016-03-17T00:13:00.863000;2016-03-17T00:13:01.013000;a485286a-c9a8-45ac-afa8-df5a58647015;415.91;0.326;SELL
2016-03-17T00:13:00.863000;2016-03-17T00:13:01.013000;ae3cdad5-b9ed-48ac-8505-231539d0b205;415.89;0.52;SELL
2016-03-17T00:13:00.863000;2016-03-17T00:13:01.013000;64b4198f-f5f9-4cf9-88c9-06c7940f3816;415.89;0.05;SELL
2016-03-17T00:13:00.863000;2016-03-17T00:13:01.013000;fc12263b-be99-449b-9540-32c6516e1ec8;415.88;0.69536;SELL
2016-03-17T00:14:01.087000;2016-03-17T00:14:01.133000;804d743e-1129-45db-b670-d51361778708;416.05;0.246;BUY
2016-03-17T00:14:01.087000;2016-03-17T00:14:01.150000;deaaebae-06a4-4783-ba27-417ad89eb1cd;416.05;0.01;BUY
2016-03-17T00:14:01.087000;2016-03-17T00:14:01.170000;82b6d8fd-22c5-434f-9fe9-a061a44884ae;416.06;0.74583;BUY
2016-03-17T00:14:22.770000;2016-03-17T00:14:22.813000;d69b3854-7b82-4fd1-be19-c8bb33612d9d;416.07;0.02715;BUY
2016-03-17T00:14:22.797000;2016-03-17T00:14:22.847000;a2fe53bc-2e43-4a16-97ab-16c387eec900;416.07;0.05285;BUY
2016-03-17T00:14:30.917000;2016-03-17T00:14:30.960000;46c1d616-4793-45ac-8fa7-2d44d48ab4a2;415.95;0.25;SELL
2016-03-17T00:14:30.917000;2016-03-17T00:14:30.977000;975fc5aa-a3ad-46f2-92b8-5491b92ecf22;415.95;0.136;SELL
2016-03-17T00:14:30.917000;2016-03-17T00:14:30.993000;53ea6fbc-b560-4d97-9a0a-db9e71e027fd;415.94;0.25;SELL
2016-03-17T00:14:30.917000;2016-03-17T00:14:31.010000;6a6c0765-2d5c-4b5d-aee4-81e3b6b5dd4a;415.9;0.12;SELL
2016-03-17T00:14:30.917000;2016-03-17T00:14:31.010000;02d5c14f-5bea-4a2b-a93e-915df5326a62;415.87;0.02;SELL
2016-03-17T00:14:30.917000;2016-03-17T00:14:31.010000;9462e4eb-b171-468b-b522-bcb03c7f1b9b;415.85;0.25;SELL
2016-03-17T00:14:30.917000;2016-03-17T00:14:31.010000;71453250-cfaf-46f6-979b-477a98ff7d5b;415.85;0.41836;SELL
2016-03-17T00:15:01.457000;2016-03-17T00:15:01.500000;dc738a83-13dd-4e1d-98a9-20d082c6f63f;416.01;0.01495156;BUY
2016-03-17T00:15:01.457000;2016-03-17T00:15:01.517000;6c480017-ab87-41b1-a2be-b7c1f1dce447;416.02;0.0149512;BUY
2016-03-17T00:15:01.457000;2016-03-17T00:15:01.540000;8c86f791-0ce1-4e90-abe6-ce56c5c3d86c;416.04;1.77140724;BUY
2016-03-17T00:15:31.003000;2016-03-17T00:15:31.043000;af82c395-fb81-4c92-8e2e-e5bbfd8587d9;416.04;0.315;BUY
2016-03-17T00:16:00.940000;2016-03-17T00:16:00.980000;1e189cc8-303f-417b-a05b-a3030c7427b2;416.02;0.83286;BUY
2016-03-17T00:16:30.937000;2016-03-17T00:16:30.980000;6272e0fb-ef14-4ea6-a5c0-152fe3aa1226;415.88;0.25;SELL
2016-03-17T00:16:30.937000;2016-03-17T00:16:30.997000;393392cc-ae07-4162-8a9a-2d5c0508c851;415.88;0.09;SELL
2016-03-17T00:16:30.937000;2016-03-17T00:16:31.020000;ec6fcfc8-ed51-4f28-8733-b433bc4b3c3c;415.87;0.02;SELL
2016-03-17T00:16:30.937000;2016-03-17T00:16:31.020000;a77c4c5f-adbe-419f-87ce-94e1f4087483;415.83;0.25;SELL
2016-03-17T00:16:30.937000;2016-03-17T00:16:31.020000;feb19887-24ae-4e3b-8f14-b7b5bf7850da;415.83;0.109;SELL
2016-03-17T00:16:30.937000;2016-03-17T00:16:31.020000;62486a6b-f7e8-4d76-9a18-9bb75a4efe19;415.81;0.01;SELL
2016-03-17T00:16:30.940000;2016-03-17T00:16:31.067000;0f7137d9-272f-448f-b505-9b2acc5ed749;415.8;0.25;SELL
2016-03-17T00:16:30.940000;2016-03-17T00:16:31.083000;7c91d0a3-0b33-4b00-b4fa-8118a6269db3;415.79;0.25;SELL
2016-03-17T00:16:30.940000;2016-03-17T00:16:31.083000;8083b7c2-9892-4dd6-b557-5bc1808a3ec9;415.79;0.25;SELL
2016-03-17T00:16:30.940000;2016-03-17T00:16:31.083000;3267d142-5e42-4d8c-9c60-cb47d73100a2;415.78;0.25;SELL
2016-03-17T00:16:30.940000;2016-03-17T00:16:31.083000;a82950f0-6406-42e2-a726-3242cc661581;415.78;0.25;SELL
2016-03-17T00:16:30.940000;2016-03-17T00:16:31.083000;4c67059c-8b03-4044-9c20-8cad220206ea;415.78;0.112;SELL
2016-03-17T00:16:30.940000;2016-03-17T00:16:31.083000;ce2ff024-8a63-4103-8eb3-f3823045c8a4;415.78;1.0;SELL
2016-03-17T00:16:30.940000;2016-03-17T00:16:31.083000;1387d6ac-53b8-4c70-a74c-6b38f03a1376;415.78;0.05;SELL
2016-03-17T00:16:30.940000;2016-03-17T00:16:31.083000;c4684c16-4088-45e3-854d-414c9c2e14ea;415.77;1.3;SELL
2016-03-17T00:16:30.940000;2016-03-17T00:16:31.083000;34ec712c-6cc7-44cd-b18a-f18c06aa2c16;415.76;2.0;SELL
2016-03-17T00:16:30.943000;2016-03-17T00:16:31.103000;315efa2d-611e-40b0-a638-f7ffbf9f782a;415.75;2.34;SELL
2016-03-17T00:16:30.943000;2016-03-17T00:16:31.103000;c17cad86-6457-48d2-ab17-2b73c4edb1be;415.74;0.01;SELL
2016-03-17T00:16:30.943000;2016-03-17T00:16:31.103000;d4698bfd-2c07-4106-91aa-db3f3cc643b0;415.74;2.34;SELL
2016-03-17T00:16:30.943000;2016-03-17T00:16:31.103000;a2b83e18-63bb-419b-9774-40b7e246a2db;415.73;0.25;SELL
2016-03-17T00:16:30.943000;2016-03-17T00:16:31.103000;a67778d5-3af6-4686-9cb1-252ed5523527;415.73;0.118;SELL
2016-03-17T00:16:30.943000;2016-03-17T00:16:31.103000;5ebde7d0-0779-4d5f-a679-b220cabf2287;415.73;0.92892;SELL
2016-03-17T00:16:36.290000;2016-03-17T00:16:36.333000;71e1a43d-c2ea-4e63-878e-641e1a1570e0;415.94;0.01;BUY
2016-03-17T00:16:36.290000;2016-03-17T00:16:36.363000;fc616365-c58f-46cb-b158-003807e48ad3;415.94;0.002;BUY
2016-03-17T00:16:36.297000;2016-03-17T00:16:36.363000;e8601e3e-4908-42d9-9591-7e38401e2790;415.94;0.01991;BUY
2016-03-17T00:16:36.647000;2016-03-17T00:16:36.717000;c038b851-d764-41e0-8686-e3bf2684537f;415.94;0.055;BUY
2016-03-17T00:16:36.817000;2016-03-17T00:16:36.853000;ae2d4e9f-3e71-40b9-95ba-052448e5b464;415.94;0.14909;BUY
2016-03-17T00:16:36.817000;2016-03-17T00:16:36.867000;e766d860-a040-42f2-a912-ff90afb1361f;415.97;0.31261;BUY
2016-03-17T00:16:37.133000;2016-03-17T00:16:37.180000;2277f96a-e3a1-4f11-86d4-eecfe34d3308;415.97;0.456;BUY
2016-03-17T00:16:37.157000;2016-03-17T00:16:37.203000;55389430-0584-45f0-9279-217da0280d70;415.97;0.02745;BUY
2016-03-17T00:16:37.513000;2016-03-17T00:16:37.557000;97fd4852-04b1-4f6c-8a4e-bd240d9bfb38;415.97;0.01131979;BUY
2016-03-17T00:16:37.517000;2016-03-17T00:16:37.587000;c2b58418-4f26-49ff-a26b-177e14c573d3;415.97;0.01662021;BUY
2016-03-17T00:17:01.577000;2016-03-17T00:17:01.623000;b70168a0-9050-46d8-8ea8-c1b9bdc5e21a;415.95;0.26;BUY
2016-03-17T00:17:01.577000;2016-03-17T00:17:01.623000;bc7c7f9f-19aa-47da-b7b4-344820c0c62d;415.96;0.22;BUY
2016-03-17T00:17:01.577000;2016-03-17T00:17:01.653000;1502ca65-294f-447f-abbf-35db78d42360;415.97;0.71479;BUY
2016-03-17T00:17:31.140000;2016-03-17T00:17:31.183000;3e2f68fe-c6af-42e0-9937-6c0f29a73e08;415.88;2.6771;BUY
2016-03-17T00:18:31.090000;2016-03-17T00:18:31.123000;99dd4360-4660-45b2-9f60-a97fee4e30b9;415.86;0.02;SELL
2016-03-17T00:18:31.093000;2016-03-17T00:18:31.153000;59e12384-c133-4120-a1e8-1d556480113c;415.85;0.25;SELL
2016-03-17T00:18:31.093000;2016-03-17T00:18:31.170000;efb828dd-9d5e-43a0-962f-8eec6b859f7b;415.8;0.098;SELL
2016-03-17T00:18:31.093000;2016-03-17T00:18:31.170000;47122ecd-ae33-476d-8201-be5490d8e36f;415.79;0.27;SELL
2016-03-17T00:18:31.093000;2016-03-17T00:18:31.170000;27aeeba9-8a9d-4baf-b1df-0c627412605b;415.78;0.129;SELL
2016-03-17T00:18:31.093000;2016-03-17T00:18:31.230000;48192186-d97d-44b1-8dcd-1ae6d0112007;415.78;0.05;SELL
2016-03-17T00:18:31.093000;2016-03-17T00:18:31.230000;7d9ce7c1-fcb9-44c6-a007-63a9ff82fe4b;415.73;0.102;SELL
2016-03-17T00:18:31.093000;2016-03-17T00:18:31.230000;59dda55f-f373-4ad6-8f26-7516f46355c2;415.72;0.06255;SELL
2016-03-17T00:18:31.093000;2016-03-17T00:18:31.230000;13042368-9ea5-4634-8bda-314298b9864f;415.72;0.01;SELL
2016-03-17T00:18:31.093000;2016-03-17T00:18:31.230000;8d7adb42-548c-4c51-b84b-9fb4c62a6e90;415.71;1.0;SELL
2016-03-17T00:18:31.093000;2016-03-17T00:18:31.230000;515fcb05-4a81-4fb1-85c2-e7fd1216ccf6;415.7;1.44894;SELL
2016-03-17T00:19:10.837000;2016-03-17T00:19:10.873000;ab7ab415-8867-4985-b943-53daecee378d;415.87;0.01;BUY
2016-03-17T00:19:10.837000;2016-03-17T00:19:10.890000;f155d3d3-b542-48f6-91b6-e9e14b7b1a44;415.87;0.11609;BUY
2016-03-17T00:19:32.127000;2016-03-17T00:19:32.167000;242b65b7-609c-4a27-9883-d9cdf2849ae9;415.88;2.3229;BUY
2016-03-17T00:19:32.127000;2016-03-17T00:19:32.193000;55139225-bcfe-40c1-811a-173c688b6ec4;415.97;0.07688;BUY
2016-03-17T00:19:37.987000;2016-03-17T00:19:38.017000;9a51ca3e-972a-4c66-af2b-4bdb36e7d837;415.97;0.01;BUY
2016-03-17T00:20:01.540000;2016-03-17T00:20:01.567000;012817ff-d8c6-40e7-b548-0071ba7d23cb;415.97;0.91312;BUY
2016-03-17T00:20:01.540000;2016-03-17T00:20:01.587000;ba00f0f7-a023-491a-9d89-1be54b54ca04;415.98;0.01;BUY
2016-03-17T00:20:01.540000;2016-03-17T00:20:01.603000;8490e7ac-2491-4407-8576-f5d140938fe1;415.99;0.17603;BUY
2016-03-17T00:20:31.087000;2016-03-17T00:20:31.140000;0dad6ec2-28a5-4f07-9c93-c271c8ea8fd0;416.0;0.01;BUY
2016-03-17T00:20:31.087000;2016-03-17T00:20:31.140000;5d9fe014-752f-4bb4-ad99-b984d03afd3f;416.02;0.92017;BUY
2016-03-17T00:21:01.003000;2016-03-17T00:21:01.070000;0cf3bf94-fd81-4dea-8c11-c393b974aff9;415.95;0.45726;SELL
2016-03-17T00:21:31.157000;2016-03-17T00:21:31.220000;136bc3c7-58d5-496c-b540-0b826d4ebfa0;416.02;0.74968;BUY
2016-03-17T00:21:39.360000;2016-03-17T00:21:39.427000;8a292cb5-39e6-4cac-b5aa-23c46fd0eae4;416.02;0.03055;BUY
2016-03-17T00:21:39.437000;2016-03-17T00:21:39.510000;ab6f5fee-6573-463f-bb80-ffc5bfcf998f;416.02;0.02353;BUY
2016-03-17T00:21:39.457000;2016-03-17T00:21:39.550000;56ef1f07-79a7-4ad1-9e36-3d3cf3d40f58;416.02;0.3952;BUY
2016-03-17T00:21:39.677000;2016-03-17T00:21:39.740000;113a36e9-359b-4229-964a-8975b9ce6af5;416.02;0.01662021;BUY
2016-03-17T00:21:39.780000;2016-03-17T00:21:39.847000;6ee521fa-b9ad-4734-96cf-68e775d7ecf8;416.02;1.18641979;BUY
2016-03-17T00:21:39.787000;2016-03-17T00:21:39.870000;b1fbdc41-15c8-4484-b751-6a009e47a819;416.02;0.02013;BUY
2016-03-17T00:22:01.403000;2016-03-17T00:22:01.470000;8a537a4a-e421-4f5d-9c27-4604a9e09c93;416.02;0.82484;BUY
2016-03-17T00:22:01.403000;2016-03-17T00:22:01.493000;1d282831-cbce-4843-9ceb-c343e23e101d;416.03;0.02;BUY
2016-03-17T00:22:01.403000;2016-03-17T00:22:01.493000;7a1c76a5-3239-4d34-ab52-4ea8adeb5a90;416.05;1.13004;BUY
2016-03-17T00:22:31.867000;2016-03-17T00:22:31.933000;56fcf403-dfb2-4a73-8b97-f24f1ba46310;415.96;0.52;BUY
2016-03-17T00:22:31.867000;2016-03-17T00:22:31.950000;f06d1daa-259b-40de-af47-5e0616c7c045;415.97;0.233;BUY
2016-03-17T00:22:31.867000;2016-03-17T00:22:31.950000;80de6bf6-a272-4ea6-a770-bd37dabbd510;416.05;0.4462;BUY
2016-03-17T00:22:56.917000;2016-03-17T00:22:56.980000;cfecbded-d4ea-43a7-ab6b-3271a3e33ec1;415.99;0.01;BUY
2016-03-17T00:23:31.050000;2016-03-17T00:23:31.110000;9e048afa-e033-4213-9d44-d90ee8929446;416.05;2.08;BUY
2016-03-17T00:23:31.050000;2016-03-17T00:23:31.127000;97e155d2-0455-40f0-ac3f-74888ebbfdc4;416.06;2.57438;BUY
2016-03-17T00:23:32.763000;2016-03-17T00:23:32.830000;2a025fdb-40ee-4591-9129-0cdb8699bd56;416.06;0.01991;BUY
2016-03-17T00:23:32.767000;2016-03-17T00:23:32.830000;3f0480b4-41dd-4822-abc8-11576432f0e4;416.06;0.02009;BUY
2016-03-17T00:24:02.437000;2016-03-17T00:24:02.497000;dad96742-ce70-4fb2-90cf-ab2da0690871;416.05;0.209;BUY
2016-03-17T00:24:02.437000;2016-03-17T00:24:02.517000;f7f40d74-3228-4da1-a7b2-ddfc48e38d8f;416.06;0.16984;BUY
2016-03-17T00:24:28.283000;2016-03-17T00:24:28.347000;f3bbf356-643e-4bab-a4b7-600b60614bb3;416.05;0.04;BUY
2016-03-17T00:25:01.080000;2016-03-17T00:25:01.137000;bec4bb47-d850-4ccc-ada9-1b2d0eb04b40;416.05;0.5;BUY
2016-03-17T00:25:01.080000;2016-03-17T00:25:01.160000;45cd72c0-0cc3-4a65-bc57-49530feaa61a;416.06;1.21578;BUY
2016-03-17T00:25:01.080000;2016-03-17T00:25:01.160000;af63a0f2-b8cc-4df1-bdb5-6d8f52c0f010;416.06;0.194;BUY
2016-03-17T00:25:01.080000;2016-03-17T00:25:01.177000;74e22bb3-1568-4a9b-a9f0-fd02a1f33444;416.07;10.01202;BUY
2016-03-17T00:25:31.167000;2016-03-17T00:25:31.220000;20f7f509-b010-4822-983b-fd1eb8936055;416.06;0.237;BUY
2016-03-17T00:25:31.167000;2016-03-17T00:25:31.237000;3d37f949-7a2a-4529-aa90-013845b30141;416.07;0.86097;BUY
2016-03-17T00:25:35.813000;2016-03-17T00:25:35.870000;1d0d9824-02df-4daa-ad54-bbf343dc03fe;416.06;0.01392;BUY
2016-03-17T00:25:42.113000;2016-03-17T00:25:42.170000;409b1d04-0830-476f-81c9-e50ff59a70d1;416.06;0.222;BUY
2016-03-17T00:25:42.117000;2016-03-17T00:25:42.210000;56639c06-cdb9-4305-a68e-ea6bef34995f;416.06;0.1124;BUY
2016-03-17T00:25:42.137000;2016-03-17T00:25:42.237000;4430c4e4-61c3-4492-baf8-78798fb8e9e2;416.06;0.02365;BUY
2016-03-17T00:25:42.163000;2016-03-17T00:25:42.263000;b278db9f-5351-4fc3-842a-fd77ebc40f4f;416.06;0.01395;BUY
2016-03-17T00:25:42.163000;2016-03-17T00:25:42.303000;048a8e40-3547-4b51-b294-959b072a2eae;416.07;0.11021088;BUY
2016-03-17T00:26:05.330000;2016-03-17T00:26:05.383000;1ef210ee-b9d5-4edc-bd6b-738c957430af;416.06;0.188;BUY
2016-03-17T00:26:05.330000;2016-03-17T00:26:05.400000;a045afa3-53fc-4ff2-81f5-f9c0de317bd8;416.07;0.1814;BUY
2016-03-17T00:26:31.137000;2016-03-17T00:26:31.190000;537321b1-d8a7-472e-ad53-4d552e4a71a4;416.07;0.59842;BUY
2016-03-17T00:27:01.403000;2016-03-17T00:27:01.463000;58a63aab-cd6b-4482-a89e-34ad2e8e861d;415.95;0.05767;SELL
2016-03-17T00:28:01.493000;2016-03-17T00:28:01.543000;8f4efc2a-2260-4c4b-a1cf-5ac211c3a0aa;416.07;0.17834;BUY
2016-03-17T00:28:04.313000;2016-03-17T00:28:04.357000;9dfd8b5b-f6a0-40d3-9b0c-f7f74afea755;416.07;0.01844088;BUY
2016-03-17T00:28:32.197000;2016-03-17T00:28:32.243000;c9ffcc1e-1e58-4472-b56c-0fb0fa473f96;416.06;0.18759;BUY
2016-03-17T00:28:32.197000;2016-03-17T00:28:32.260000;7c303375-c8f0-4a55-bfcf-5a0b49db2bcf;416.07;1.24185;BUY
2016-03-17T00:29:31.143000;2016-03-17T00:29:31.197000;db409aca-d68c-4a3e-8040-048c73b82f40;415.97;0.25;SELL
2016-03-17T00:29:31.143000;2016-03-17T00:29:31.197000;563452b8-b540-48c8-b271-a58f947067f1;415.97;0.112;SELL
2016-03-17T00:29:31.143000;2016-03-17T00:29:31.213000;b5e08297-f605-42f9-a236-327c07781c77;415.97;0.25;SELL
2016-03-17T00:29:31.143000;2016-03-17T00:29:31.213000;67006dfe-d39d-485a-9a0a-75dfc8cdbb84;415.95;0.25;SELL
2016-03-17T00:29:31.143000;2016-03-17T00:29:31.213000;f167210f-d019-4eb3-9423-6601dfb59d53;415.94;0.25;SELL
2016-03-17T00:29:31.143000;2016-03-17T00:29:31.217000;f537a711-6d7c-41e5-afaa-99586d26b92b;415.94;0.40879999;SELL
2016-03-17T00:29:31.143000;2016-03-17T00:29:31.217000;2948f50e-bca7-455d-944b-04d7ad83195e;415.94;0.01;SELL
2016-03-17T00:29:31.143000;2016-03-17T00:29:31.230000;9ef786d5-cf3c-42ea-a64c-2790d15fb936;415.92;1.0;SELL
2016-03-17T00:29:31.143000;2016-03-17T00:29:31.230000;69eb2f6b-3e76-4650-bdec-2229f120e407;415.92;0.168;SELL
2016-03-17T00:29:31.143000;2016-03-17T00:29:31.230000;bb197f07-63f0-49e8-b81d-eb0f3e1f0c6a;415.9;0.25;SELL
2016-03-17T00:29:31.143000;2016-03-17T00:29:31.230000;a6448ff6-aefc-4dcb-b1b0-94673f0e68fb;415.9;0.0115;SELL
2016-03-17T00:29:31.143000;2016-03-17T00:29:31.247000;ef5ce226-2829-45eb-809a-2235b8ba3ee0;415.9;0.05;SELL
2016-03-17T00:29:31.143000;2016-03-17T00:29:31.247000;0f792834-b519-4698-a15d-2f0b659e63ef;415.9;0.18766;SELL
2016-03-17T00:29:31.143000;2016-03-17T00:29:31.247000;112b8c1f-fdb3-4197-8ddf-c5fd2bc0b093;415.87;0.149;SELL
2016-03-17T00:29:31.143000;2016-03-17T00:29:31.250000;c554acff-a39a-4a2a-b5b4-74e61ac3b005;415.86;1.41975001;SELL
2016-03-17T00:30:01.477000;2016-03-17T00:30:01.530000;8079cc7a-d9a2-4772-9e45-ee230aea14c8;415.97;0.3;BUY
2016-03-17T00:30:01.477000;2016-03-17T00:30:01.547000;71d32ba1-b184-412a-9226-f3a94df9ec16;415.97;0.52;BUY
2016-03-17T00:30:01.477000;2016-03-17T00:30:01.547000;c786177b-9f13-4347-a7b0-17184b98486c;415.98;0.25;BUY
2016-03-17T00:30:01.477000;2016-03-17T00:30:01.553000;17063ff5-592b-4b52-b347-e907b31dda09;415.98;1.0;BUY
2016-03-17T00:30:01.477000;2016-03-17T00:30:01.553000;25a91a4c-36bf-4faf-b644-eca0dd9934c9;415.99;0.2068;BUY
2016-03-17T00:30:31.327000;2016-03-17T00:30:31.377000;27622f05-8064-4e8e-abbc-53df5f570695;416.0;0.01;BUY
2016-03-17T00:30:31.327000;2016-03-17T00:30:31.377000;c5a77af1-3908-4c87-b872-4185ec48a1f4;416.04;0.01;BUY
2016-03-17T00:30:31.327000;2016-03-17T00:30:31.390000;66226e81-7de3-4967-8fbd-a490f1fafc11;416.05;0.14587;BUY
2016-03-17T00:31:01.573000;2016-03-17T00:31:01.613000;02f81425-2717-45b1-b2f2-5c0eeb04ffd6;415.9;0.25;SELL
2016-03-17T00:31:01.573000;2016-03-17T00:31:01.630000;ec89d291-e31f-466f-b02b-11690cd96934;415.9;0.117;SELL
2016-03-17T00:31:01.573000;2016-03-17T00:31:01.630000;00a9cc4e-a44a-442a-9131-0bd8073c11e5;415.9;0.02782;SELL
2016-03-17T00:31:26.570000;2016-03-17T00:31:26.610000;f5b92a6a-f949-4907-8a2d-5b2761f26aab;416.05;0.01;BUY
2016-03-17T00:31:26.573000;2016-03-17T00:31:26.630000;a2bbacca-15e7-42db-a86f-5606c2e5f05e;416.05;0.01408;BUY
2016-03-17T00:31:27.053000;2016-03-17T00:31:27.107000;58111151-0f72-4b02-95b8-d25620c5fede;416.05;0.06115061;BUY
2016-03-17T00:31:27.053000;2016-03-17T00:31:27.107000;36ec6484-39d2-4fd6-a0aa-ca3b003c9bcd;416.06;0.30364939;BUY
2016-03-17T00:31:27.057000;2016-03-17T00:31:27.110000;1582bda1-6613-4c54-b969-753f1150dc98;416.06;0.0221;BUY
2016-03-17T00:31:27.060000;2016-03-17T00:31:27.127000;8b28d3f7-482c-4f12-abfc-a8eca9819aea;416.06;0.64638;BUY
2016-03-17T00:31:27.063000;2016-03-17T00:31:27.127000;1ed81d71-0eea-4665-87b0-20adf3b587b3;416.06;0.01896;BUY
2016-03-17T00:31:27.080000;2016-03-17T00:31:27.143000;b3432e00-a117-4771-b5a8-9faaf64fb0aa;416.06;0.01385018;BUY
2016-03-17T00:31:27.393000;2016-03-17T00:31:27.443000;70b9782d-5a35-41c8-ad4f-5149e26eaa3d;416.06;0.71459987;BUY
2016-03-17T00:31:31.987000;2016-03-17T00:31:32.037000;8644ee5b-4086-4ee3-8b14-ed3045b40aeb;416.05;0.223;BUY
2016-03-17T00:31:31.987000;2016-03-17T00:31:32.037000;4595f788-5bce-44d0-8c2d-71ba02773c24;416.06;2.28046056;BUY
2016-03-17T00:31:31.987000;2016-03-17T00:31:32.037000;03614f6a-9bd3-4ce9-9610-2f83619dbac0;416.07;0.13932944;BUY
2016-03-17T00:32:31.347000;2016-03-17T00:32:31.383000;0f98e254-5830-457e-8818-dbb8a8d710f7;416.05;0.18766;BUY
2016-03-17T00:32:31.347000;2016-03-17T00:32:31.403000;d01c1126-07db-439d-96ca-853450456298;416.05;0.02652;BUY
2016-03-17T00:32:52.533000;2016-03-17T00:32:52.570000;b0f43b44-2efb-4fbe-abd3-b911995dc725;416.05;0.62048;BUY
2016-03-17T00:32:52.557000;2016-03-17T00:32:52.610000;6514baf3-90ff-436d-8d1d-d1a23c3fa2ef;416.05;0.015;BUY
2016-03-17T00:32:52.560000;2016-03-17T00:32:52.610000;03987670-291f-4187-8ec9-c51c3b81b2e9;416.05;1.44452;BUY
2016-03-17T00:32:52.560000;2016-03-17T00:32:52.610000;70b7d6e0-64d6-436e-8641-718b7c3a2d0e;416.05;0.206;BUY
2016-03-17T00:32:52.560000;2016-03-17T00:32:52.610000;312730c9-30ed-42c3-bb37-fcffd76e8bd0;416.06;0.17171521;BUY
2016-03-17T00:32:52.570000;2016-03-17T00:32:52.630000;68a55121-9d41-47f2-b821-37133acc3953;416.06;0.0278443;BUY
2016-03-17T00:32:52.590000;2016-03-17T00:32:52.657000;cbed3560-4d8d-44db-983d-014e50517d66;416.06;0.30089547;BUY
2016-03-17T00:32:52.597000;2016-03-17T00:32:52.657000;8d8afa4f-7e2a-42ec-b038-82da987a1acb;416.06;0.53068673;BUY
2016-03-17T00:33:02.393000;2016-03-17T00:33:02.430000;1242bd02-a0e0-4fb7-85f1-3e277ca44ca5;416.06;0.06663;BUY
2016-03-17T00:33:25.317000;2016-03-17T00:33:25.350000;3df0e5c7-2d6e-4f84-bbef-b0403d93d508;416.07;0.19938734;BUY
2016-03-17T00:33:26.323000;2016-03-17T00:33:26.353000;c8be337a-d53b-4dcc-99e8-e9f7a9d8cced;416.07;0.19938734;BUY
2016-03-17T00:33:26.617000;2016-03-17T00:33:26.667000;9e8850ff-9ba0-4e8a-b005-a93a696f2d80;416.07;0.19938734;BUY
2016-03-17T00:33:27.580000;2016-03-17T00:33:27.613000;940f4c39-97e7-4613-a0aa-e34afd60ea90;416.07;0.19938734;BUY
2016-03-17T00:34:01.453000;2016-03-17T00:34:01.483000;62b78784-cdda-42af-b10b-4f9cebbfc17e;416.07;0.89207;BUY
2016-03-17T00:34:31.130000;2016-03-17T00:34:31.167000;91f5b3c6-1aaa-409f-8f43-c544936236d1;416.07;0.09518;BUY
2016-03-17T00:34:49.287000;2016-03-17T00:34:49.317000;95578987-c32a-4e90-8655-3229e8a1d4a0;416.07;0.04;BUY
2016-03-17T00:35:03.780000;2016-03-17T00:35:03.830000;00b7b491-f350-4ff0-b7c2-0f1bfb65982a;416.07;0.89811;BUY
2016-03-17T00:35:31.770000;2016-03-17T00:35:31.800000;92ee7c4f-0d8f-4051-8eef-8eac781538c1;416.07;1.4492;BUY
2016-03-17T00:36:00.307000;2016-03-17T00:36:00.370000;eaf0f3b3-1dd0-4c59-ad54-72e6a8e9c73d;416.07;3.811;BUY
2016-03-17T00:36:01.993000;2016-03-17T00:36:02.057000;df13fce1-df62-40bd-a60f-dbd3fa4aa900;416.06;0.25;SELL
2016-03-17T00:36:01.993000;2016-03-17T00:36:02.080000;cf6c2fa8-4896-4a62-ae37-1318eca0f154;416.05;0.19938734;SELL
2016-03-17T00:36:01.993000;2016-03-17T00:36:02.080000;dd0c47a6-3b72-422a-894b-a255c492e007;416.05;0.137;SELL
2016-03-17T00:36:01.993000;2016-03-17T00:36:02.080000;76eebda6-39ae-4af0-b1a7-6addef343491;416.0;0.126;SELL
2016-03-17T00:36:01.993000;2016-03-17T00:36:02.080000;cdce32d4-c204-4ff1-811d-04aaf20d6c2e;415.96;0.02081266;SELL
2016-03-17T00:36:31.737000;2016-03-17T00:36:31.797000;cb4588b0-d6b6-424e-914b-e9b175f4a57e;416.06;2.09982;BUY
2016-03-17T00:36:36.383000;2016-03-17T00:36:36.443000;7f158780-ac0d-43f5-b08a-39efc67ef3ce;416.06;0.01;BUY
2016-03-17T00:37:00.797000;2016-03-17T00:37:00.853000;652503f0-5be3-4daa-80a2-37a623c312c1;416.05;0.0232;BUY
2016-03-17T00:37:01.453000;2016-03-17T00:37:01.510000;0d8abaf3-4680-4f8d-a3be-be7a2025b194;415.97;0.24134;SELL
2016-03-17T00:37:31.387000;2016-03-17T00:37:31.447000;12b4ca31-4132-48d6-8463-732a57f13bbb;416.05;0.04807;BUY
2016-03-17T00:38:01.400000;2016-03-17T00:38:01.457000;439cc4a3-f345-4160-83ee-b3fc2c63adbe;416.05;0.176;BUY
2016-03-17T00:38:01.400000;2016-03-17T00:38:01.473000;2e999928-bad1-472e-8691-6be6ff08fee7;416.06;0.05;BUY
2016-03-17T00:38:01.400000;2016-03-17T00:38:01.473000;85776335-4317-4f73-8711-2d1494c44731;416.06;0.34513;BUY
2016-03-17T00:38:31.227000;2016-03-17T00:38:31.283000;8d8445f7-e413-4c56-b690-b7a0f4e58f45;416.05;0.178;BUY
2016-03-17T00:38:31.227000;2016-03-17T00:38:31.300000;28e1797d-e1c7-4eb9-9fd8-a80b3f2768f1;416.06;1.13206;BUY
2016-03-17T00:39:01.270000;2016-03-17T00:39:01.323000;49ffa6bf-5f07-4a3f-8a07-3381b281c4f1;416.0;0.0115;SELL
2016-03-17T00:39:01.270000;2016-03-17T00:39:01.343000;841e068b-48bd-4757-8fc5-6d4a6f4e4732;416.0;0.25;SELL
2016-03-17T00:39:01.270000;2016-03-17T00:39:01.343000;2c54dba3-6738-4c05-99f8-531d877a9a00;415.98;0.093;SELL
2016-03-17T00:39:01.270000;2016-03-17T00:39:01.343000;83822555-3ffb-4351-92c0-d2597a44bebe;415.96;0.17857468;SELL
2016-03-17T00:39:01.270000;2016-03-17T00:39:01.343000;ab54b18f-9992-4276-8555-4f8aa75ba649;415.95;0.01;SELL
2016-03-17T00:39:01.270000;2016-03-17T00:39:01.410000;2160c442-a8c2-4843-86a6-a7d700f3069e;415.94;0.25;SELL
2016-03-17T00:39:01.270000;2016-03-17T00:39:01.410000;6b20dcec-ed51-4c7c-9cbc-a68ea76d1135;415.93;0.106;SELL
2016-03-17T00:39:01.270000;2016-03-17T00:39:01.410000;e9c44d28-25b2-48da-89cf-d6c733530555;415.93;0.05;SELL
2016-03-17T00:39:01.270000;2016-03-17T00:39:01.410000;fc6654e5-59ca-41b0-8c2e-9ddb832fd4c6;415.88;0.01;SELL
2016-03-17T00:39:01.270000;2016-03-17T00:39:01.413000;ed79e2e8-f19e-4b34-afb0-336b835973d0;415.88;0.112;SELL
2016-03-17T00:39:01.270000;2016-03-17T00:39:01.427000;7991a24c-a2a3-49b8-bf84-afc7c7a28617;415.87;0.19938734;SELL
2016-03-17T00:39:01.270000;2016-03-17T00:39:01.427000;6114b8b7-18b0-4976-b224-99a4f8799c83;415.87;0.18774;SELL
2016-03-17T00:39:01.270000;2016-03-17T00:39:01.427000;1410bd3e-603c-4c7e-9515-f74cf31ff211;415.87;0.06255;SELL
2016-03-17T00:39:01.270000;2016-03-17T00:39:01.430000;57c2e588-666f-488e-9a43-757b95bd7de4;415.85;1.0;SELL
2016-03-17T00:39:01.270000;2016-03-17T00:39:01.430000;02ec8297-5972-48ba-982a-900890ab45a3;415.84;0.25;SELL
2016-03-17T00:39:01.270000;2016-03-17T00:39:01.430000;afecf84c-7530-4677-8c52-96d02d785c28;415.83;0.1;SELL
2016-03-17T00:39:01.270000;2016-03-17T00:39:01.430000;d7abd560-11fc-4602-ac0c-c386848e2afa;415.83;0.51848798;SELL
2016-03-17T00:39:31.210000;2016-03-17T00:39:31.260000;f7470101-905f-4016-b725-2fffb95e9de7;415.95;0.25;BUY
2016-03-17T00:39:31.210000;2016-03-17T00:39:31.277000;bccef77f-e19b-417c-991b-1b00a77ea3ba;415.97;0.01;BUY
2016-03-17T00:39:31.210000;2016-03-17T00:39:31.277000;ea72e527-dbea-4c88-90f2-0640b624f12e;415.98;1.47272;BUY
2016-03-17T00:40:01.520000;2016-03-17T00:40:01.570000;fddd0bf3-1b47-4638-828f-c4f32f5a076d;416.02;0.28564;BUY
2016-03-17T00:40:32.323000;2016-03-17T00:40:32.377000;8864405d-21cc-4e9f-9647-2e4a53366248;415.86;0.17641;SELL
2016-03-17T00:41:01.210000;2016-03-17T00:41:01.270000;0d278707-06a6-4a89-9fcd-4f94b4d8f24d;416.04;0.09;BUY
2016-03-17T00:41:01.697000;2016-03-17T00:41:01.743000;32c16c00-8f0e-4914-b6c4-88372451841b;416.04;3.0701;BUY
2016-03-17T00:41:31.550000;2016-03-17T00:41:31.597000;11df1601-8ee5-4da7-891a-d59ea9e6c24a;416.02;0.26;BUY
2016-03-17T00:41:31.550000;2016-03-17T00:41:31.613000;3890ae28-8d7f-450a-99cd-f39183a62ef1;416.03;0.25029;BUY
2016-03-17T00:41:31.550000;2016-03-17T00:41:31.613000;3161fc95-10ce-4461-a34f-ec7c33b7e90a;416.03;0.167;BUY
2016-03-17T00:41:31.550000;2016-03-17T00:41:31.613000;e199975c-6ca7-4c4c-b2a5-6844c3fdbd6b;416.04;2.28564;BUY
2016-03-17T00:42:04.870000;2016-03-17T00:42:04.917000;31fbe186-aa44-46a3-9181-275957479885;416.05;0.01;BUY
2016-03-17T00:42:04.870000;2016-03-17T00:42:04.940000;2917415a-cdb0-4a2c-b72e-f8dcf3fe02f7;416.05;0.197;BUY
2016-03-17T00:42:04.870000;2016-03-17T00:42:04.940000;3b147c3c-e763-4666-82be-79b0bbbc41f9;416.05;1.3;BUY
2016-03-17T00:42:04.873000;2016-03-17T00:42:04.940000;41601872-cb8e-462c-b2a7-59b4d30b6703;416.06;0.27784;BUY
2016-03-17T00:43:01.313000;2016-03-17T00:43:01.357000;783d8ca9-779b-447b-a73e-dfdcbdd2dee5;416.05;0.02;BUY
2016-03-17T00:44:01.640000;2016-03-17T00:44:01.683000;44bdcd3b-05b5-472b-b158-2dfd4d666054;416.05;0.166;BUY
2016-03-17T00:44:01.640000;2016-03-17T00:44:01.697000;26a2bb1e-2c93-4893-b109-bd598f1b4d9e;416.06;1.66049;BUY
2016-03-17T00:44:31.347000;2016-03-17T00:44:31.387000;5106e9fc-8c67-4dbe-b1ef-2be34677bddf;416.06;0.61607;BUY
2016-03-17T00:44:31.347000;2016-03-17T00:44:31.403000;62e0a9b5-329e-411f-a34e-2a4e2f2b401b;416.06;0.05;BUY
2016-03-17T00:44:31.347000;2016-03-17T00:44:31.403000;69ab0656-907a-4291-985c-28ddf91281d1;416.07;0.28581;BUY
2016-03-17T00:44:37.873000;2016-03-17T00:44:37.917000;5e217b32-f849-434b-8dfb-f113c2ca9f31;416.07;0.24804;BUY
2016-03-17T00:44:37.887000;2016-03-17T00:44:37.933000;ba771790-8d28-4a45-a3f4-91e4de915426;416.07;0.05196;BUY
2016-03-17T00:45:01.420000;2016-03-17T00:45:01.457000;70435575-b43f-4605-8cd9-20e9184c025c;416.07;0.79846;BUY
2016-03-17T00:45:31.500000;2016-03-17T00:45:31.540000;bcbf7329-c270-4b21-8b18-bf5300033269;416.07;9.36879;BUY
2016-03-17T00:46:01.343000;2016-03-17T00:46:01.380000;0d1ce33a-e50b-4109-8438-7f65a124dccc;416.07;0.23142;BUY
2016-03-17T00:46:31.347000;2016-03-17T00:46:31.380000;7c566007-e7ac-429c-8374-d68647c73af3;416.07;1.35694;BUY
2016-03-17T00:46:36.230000;2016-03-17T00:46:36.267000;a8d20fb7-9505-4b70-a8bf-6d72aa9b4fc4;416.07;0.0687;BUY
2016-03-17T00:47:02.357000;2016-03-17T00:47:02.390000;f2bc3f99-7b4d-4f30-a998-9ae0283ff26d;416.07;0.09517;BUY
2016-03-17T00:47:32.223000;2016-03-17T00:47:32.257000;8ead2772-ca38-47f9-a529-5646246694cb;416.07;0.29032;BUY
2016-03-17T00:48:01.300000;2016-03-17T00:48:01.330000;4d850150-5917-4b07-a674-c5b85de9fddc;415.95;0.16591;SELL
2016-03-17T00:49:02.213000;2016-03-17T00:49:02.263000;80027e90-35bb-492e-a6ce-8cfefe4148c0;415.95;0.08409;SELL
2016-03-17T00:49:02.213000;2016-03-17T00:49:02.263000;3fef1dc0-eb3c-4641-a46c-aaa1eb353ca3;415.95;0.0115;SELL
2016-03-17T00:49:02.217000;2016-03-17T00:49:02.263000;bfd5d5be-3cb4-4d35-a56e-a504f7045c97;415.95;0.13007;SELL
2016-03-17T00:49:03.803000;2016-03-17T00:49:03.843000;dc83f0dd-c5f1-458f-a7ac-56622fa5e12a;416.07;0.18;BUY
2016-03-17T00:49:32.133000;2016-03-17T00:49:32.157000;c137073e-cec1-4cf4-876e-8860ac07888a;416.05;0.01;BUY
2016-03-17T00:49:32.133000;2016-03-17T00:49:32.173000;9dfd677b-970f-4163-ad54-ee1ab864eb29;416.07;2.42837;BUY
2016-03-17T00:49:53.883000;2016-03-17T00:49:53.910000;47de296e-c782-4c33-a35a-c571cc36d1a5;416.07;0.01707;BUY
2016-03-17T00:49:53.897000;2016-03-17T00:49:53.930000;bf9afd55-730f-4099-96d0-43d3ab3d0275;416.07;0.01771;BUY
2016-03-17T00:50:25.593000;2016-03-17T00:50:25.637000;cb1ece95-3ce0-425a-ae37-1959a09588d0;416.07;0.33;BUY
2016-03-17T00:50:31.313000;2016-03-17T00:50:31.337000;08f133a0-db8f-432a-94e9-7f43178ea767;415.96;0.25;SELL
2016-03-17T00:50:31.313000;2016-03-17T00:50:31.353000;a999e878-0037-46b7-9f24-01f98f41201d;415.96;0.01634;SELL
2016-03-17T00:50:33.517000;2016-03-17T00:50:33.557000;bfa4b8e6-45d7-4421-9f63-e82273a46878;416.07;0.05659;BUY
2016-03-17T00:51:12.207000;2016-03-17T00:51:12.270000;c88e0262-b09e-4f25-be42-19fb936953a5;416.07;0.11459;BUY
2016-03-17T00:51:31.367000;2016-03-17T00:51:31.430000;8becdefe-e132-4d92-9b4f-4466d40b5342;416.07;0.13927;BUY
2016-03-17T00:53:01.410000;2016-03-17T00:53:01.467000;1dcdd72c-63a4-47be-96b0-1c95337cc27c;416.07;0.42049;BUY
2016-03-17T00:53:31.330000;2016-03-17T00:53:31.387000;9716dc04-3c0a-4272-9942-2948134d4b86;416.07;2.3548;BUY
2016-03-17T00:54:01.440000;2016-03-17T00:54:01.497000;a2cb71eb-887f-40bc-869b-ab3fa3eb930a;416.07;1.04227;BUY
2016-03-17T00:54:17.247000;2016-03-17T00:54:17.300000;8acc01a9-f001-49e3-9152-9f570853d8c4;416.07;10.0;BUY
2016-03-17T00:54:32.967000;2016-03-17T00:54:33.027000;10d879c2-dd15-45e8-8a8c-660cc73e4f0e;416.07;0.22607;BUY
2016-03-17T00:55:01.613000;2016-03-17T00:55:01.667000;40900f9d-d18f-423d-bfbd-9b3aac5c53d4;415.97;0.25;SELL
2016-03-17T00:55:01.613000;2016-03-17T00:55:01.687000;96c7902f-7426-4a3d-aa5d-337ac3886766;415.97;0.122;SELL
2016-03-17T00:55:01.613000;2016-03-17T00:55:01.687000;bf3795c9-31b9-4c95-8b2c-fe239bede410;415.96;0.1;SELL
2016-03-17T00:55:01.613000;2016-03-17T00:55:01.687000;7beb8a19-2016-4108-a5a8-d60c4806505c;415.96;0.19;SELL
2016-03-17T00:55:01.613000;2016-03-17T00:55:01.687000;0add53de-dc52-4834-9240-da7fa1d71590;415.95;0.25;SELL
2016-03-17T00:55:01.613000;2016-03-17T00:55:01.753000;66c51976-4dd0-4f29-9c69-8b515eeef025;415.95;0.0115;SELL
2016-03-17T00:55:01.613000;2016-03-17T00:55:01.787000;e9982a30-055a-4514-965d-8b9a1338e204;415.95;0.25;SELL
2016-03-17T00:55:01.613000;2016-03-17T00:55:01.787000;6c3ec400-a1c2-4bc8-b6e4-bdf2f5a27b83;415.95;0.25;SELL
2016-03-17T00:55:01.613000;2016-03-17T00:55:01.787000;8846e799-2bfb-484c-b835-99b0d8aa6487;415.95;0.1;SELL
2016-03-17T00:55:01.613000;2016-03-17T00:55:01.787000;13eb8cf3-d280-47da-aa74-9d5defdeebc5;415.94;0.25;SELL
2016-03-17T00:55:01.617000;2016-03-17T00:55:01.787000;c3445e51-e277-4355-981f-76563965bc03;415.94;0.01;SELL
2016-03-17T00:55:01.617000;2016-03-17T00:55:01.787000;696d91a6-9b4c-428c-ac23-aa8a71b1a729;415.93;0.25035;SELL
2016-03-17T00:55:01.617000;2016-03-17T00:55:01.787000;065744f2-5fd4-4c96-b5f9-05ec9e1e57b8;415.93;0.05;SELL
2016-03-17T00:55:01.617000;2016-03-17T00:55:01.787000;888f4fcf-ce20-43a9-ac82-b7fb274c7143;415.92;0.134;SELL
2016-03-17T00:55:01.617000;2016-03-17T00:55:01.787000;81f8e92d-0652-4b30-8f64-1867a9c43e37;415.89;0.02;SELL
2016-03-17T00:55:01.617000;2016-03-17T00:55:01.790000;cf10104f-2cd0-4415-b823-568b0b502153;415.87;0.134;SELL
2016-03-17T00:55:01.617000;2016-03-17T00:55:01.790000;5eeb11cb-25e6-49fc-b1f8-5d6e74e5da8e;415.86;1.0;SELL
2016-03-17T00:55:01.617000;2016-03-17T00:55:01.790000;80005b35-98db-433f-88b4-db0205230342;415.85;0.52;SELL
2016-03-17T00:55:01.617000;2016-03-17T00:55:01.790000;bc6c6738-4818-4304-80a4-b98ca840ea0f;415.84;0.53611;SELL
2016-03-17T00:55:31.847000;2016-03-17T00:55:31.897000;8c850709-1e57-4c34-b666-64c2c8f75803;415.9;0.06648;SELL
2016-03-17T00:56:01.840000;2016-03-17T00:56:01.890000;55300f38-a41d-49eb-905e-f6a41fe0ef1c;416.03;0.1;BUY
2016-03-17T00:56:01.840000;2016-03-17T00:56:01.907000;c2b15a9e-8889-409a-b9b0-1e6320caa6f1;416.03;0.19;BUY
2016-03-17T00:56:01.840000;2016-03-17T00:56:01.907000;8557436d-a8bc-43a0-a22b-61f9b85fe1e3;416.05;0.01;BUY
2016-03-17T00:56:01.840000;2016-03-17T00:56:01.907000;72a68248-02f7-4ba6-bc94-34ef7ad3164a;416.06;0.65002;BUY
2016-03-17T00:56:31.467000;2016-03-17T00:56:31.517000;54b7435b-b708-44c9-8656-70b70d26e188;415.9;0.18352;SELL
2016-03-17T00:56:31.467000;2016-03-17T00:56:31.533000;6aa71cc7-bfac-436f-8ba9-b95f70a2b2a8;415.9;0.091;SELL
2016-03-17T00:56:31.467000;2016-03-17T00:56:31.533000;f38ed1a2-aff3-49b3-8bfb-87e6b7bb03a7;415.9;0.1;SELL
2016-03-17T00:56:31.467000;2016-03-17T00:56:31.533000;650a726e-2eb3-4830-ad01-0bb66f3184b4;415.89;0.02;SELL
2016-03-17T00:56:31.467000;2016-03-17T00:56:31.533000;abb85308-83b3-465d-8276-8e354bf3a985;415.87;0.01;SELL
2016-03-17T00:56:31.467000;2016-03-17T00:56:31.620000;47fabc78-5133-4d52-b175-51425909eeb8;415.86;1.0;SELL
2016-03-17T00:56:31.467000;2016-03-17T00:56:31.620000;becc89bf-5e42-4990-863f-a1a417503703;415.85;0.113;SELL
2016-03-17T00:56:31.467000;2016-03-17T00:56:31.620000;a05261e7-1aa3-42fe-9f33-99c22cce75fe;415.85;1.3;SELL
2016-03-17T00:56:31.467000;2016-03-17T00:56:31.620000;0c4fec80-e703-48da-b8e6-74616d862185;415.84;0.61092;SELL
2016-03-17T00:57:01.380000;2016-03-17T00:57:01.427000;581d1dff-afae-4f55-b00b-7d4ead1dd908;415.88;0.10288;SELL
2016-03-17T00:57:32.487000;2016-03-17T00:57:32.537000;40c7db04-98d7-4d16-9761-c2c962d3b8a1;416.03;0.1;BUY
2016-03-17T00:57:32.487000;2016-03-17T00:57:32.557000;a7938c49-c815-4afb-90aa-24b8915761dd;416.03;0.01;BUY
2016-03-17T00:57:32.487000;2016-03-17T00:57:32.560000;9a38b7b7-145b-4bba-9e50-1006540fb844;416.04;0.25;BUY
2016-03-17T00:58:01.717000;2016-03-17T00:58:01.770000;bf849d05-7350-4440-820d-817208ff61dd;416.05;0.33798;BUY
2016-03-17T00:59:02.010000;2016-03-17T00:59:02.057000;0487062c-b929-4876-93ec-41cf1f68b3fa;416.04;0.23808;BUY
2016-03-17T01:00:31.850000;2016-03-17T01:00:31.887000;881e69fe-6ca4-4b3d-99ae-8609bcbde6f6;416.04;0.01227;BUY
2016-03-17T01:00:31.850000;2016-03-17T01:00:31.913000;4d866b5e-9206-4740-94da-3972d66d95d3;416.05;1.38659;BUY
2016-03-17T01:01:02.177000;2016-03-17T01:01:02.223000;021ca083-cdce-4b70-9423-f9bc1f69f64d;416.05;0.27543;BUY
2016-03-17T01:01:02.177000;2016-03-17T01:01:02.223000;5f79666f-b8d6-4809-956c-d92c4110d455;416.05;0.01;BUY
2016-03-17T01:01:02.177000;2016-03-17T01:01:02.223000;a8b26ca8-34c4-4b2b-b160-36a2ed090adb;416.05;0.02;BUY
2016-03-17T01:01:02.177000;2016-03-17T01:01:02.247000;3180db85-25ae-4d24-a288-8f89fc8e74af;416.05;0.15862;BUY
2016-03-17T01:01:27.583000;2016-03-17T01:01:27.620000;2c0d85a6-aa13-4464-a431-521618260fae;416.05;0.02;BUY
2016-03-17T01:01:27.583000;2016-03-17T01:01:27.640000;19514a8f-2d7d-416c-b083-91dc2eccaa88;416.05;0.0222;BUY
2016-03-17T01:01:27.587000;2016-03-17T01:01:27.640000;e2eb5c50-8b35-436e-8064-fc3141cf435e;416.05;0.1438;BUY
2016-03-17T01:01:27.587000;2016-03-17T01:01:27.640000;0b071153-2983-4bfa-aecd-eae584c69a04;416.07;0.521;BUY
2016-03-17T01:01:27.600000;2016-03-17T01:01:27.657000;2b94d319-9feb-47f4-a755-1ac718a146a5;416.07;0.013;BUY
2016-03-17T01:01:31.920000;2016-03-17T01:01:31.957000;ccfe0df4-9a25-470c-a163-8c44da3fac4b;416.05;0.02;BUY
2016-03-17T01:01:31.920000;2016-03-17T01:01:31.973000;2ff16667-2f19-4bf7-b994-ceaed9fd6150;416.05;0.195;BUY
2016-03-17T01:01:31.920000;2016-03-17T01:01:31.973000;11daecb5-38bf-45bb-9810-f12ae8d21750;416.07;2.68473;BUY
2016-03-17T01:02:01.607000;2016-03-17T01:02:01.640000;6788a2fc-b572-4bae-b49d-20bfd150476f;416.05;0.02;BUY
2016-03-17T01:02:01.607000;2016-03-17T01:02:01.663000;3f2e7e64-cbc0-4202-8040-b7233227beab;416.07;5.06144;BUY
2016-03-17T01:02:33.527000;2016-03-17T01:02:33.557000;724ee3c3-7b3e-420f-bdd3-47aff1001536;416.05;0.02;BUY
2016-03-17T01:02:33.527000;2016-03-17T01:02:33.580000;c43a330a-d1d6-42f6-896b-6561c1cc22e1;416.06;0.169;BUY
2016-03-17T01:02:33.527000;2016-03-17T01:02:33.580000;504720e4-3a54-4b67-93a5-483da1ab0c4d;416.07;1.34111;BUY
2016-03-17T01:03:10.920000;2016-03-17T01:03:10.950000;fd0b17b6-c906-4f1c-9647-d30d512fb006;416.07;0.11;BUY
2016-03-17T01:03:11.140000;2016-03-17T01:03:11.180000;f5a5e80b-4512-479d-97af-ee2d8668431a;416.07;0.018;BUY
2016-03-17T01:03:11.147000;2016-03-17T01:03:11.183000;2ee13190-8c8d-42c4-bf8b-adbcff1d77f3;416.07;0.202;BUY
2016-03-17T01:04:03.400000;2016-03-17T01:04:03.430000;3e075ac9-182a-48ad-ab1d-bf0845635c5b;416.06;0.25;SELL
2016-03-17T01:04:03.400000;2016-03-17T01:04:03.447000;5eeb8e0e-a28c-4d38-9998-326faf5c9a42;416.05;0.072;SELL
2016-03-17T01:04:03.400000;2016-03-17T01:04:03.447000;777bba0b-89eb-4b28-856d-7c2c3b85bd4c;416.0;0.52;SELL
2016-03-17T01:04:03.400000;2016-03-17T01:04:03.447000;9aedabab-dbad-4f4e-af7c-bac432a3db31;416.0;0.05;SELL
2016-03-17T01:04:03.403000;2016-03-17T01:04:03.447000;b40b7201-1e0e-46f4-8e1b-b4ff17423137;415.99;1.27964;SELL
2016-03-17T01:04:35.653000;2016-03-17T01:04:35.683000;c6bf222b-942d-4617-858c-98efd84f3847;416.07;6.18771;BUY
2016-03-17T01:05:01.520000;2016-03-17T01:05:01.557000;7f9b78a8-3eb3-40d1-b5b1-5a89bb941f00;416.07;0.36883;BUY
2016-03-17T01:05:31.500000;2016-03-17T01:05:31.523000;b17bee2e-3c91-41d7-b20f-a6a6cc9ffa5a;416.07;0.04009;BUY
2016-03-17T01:06:01.377000;2016-03-17T01:06:01.440000;c09963e6-e80c-48c3-a1ef-3d4eb11e8f1f;416.07;0.71131;BUY
2016-03-17T01:06:30.570000;2016-03-17T01:06:30.637000;46849c52-b111-458f-b5ef-4294c752ba57;416.07;0.35313;BUY
2016-03-17T01:07:02.347000;2016-03-17T01:07:02.407000;9fdf07cb-99a3-49ff-a6bd-cabfc9ffd374;416.06;0.10895;SELL
2016-03-17T01:07:09.000000;2016-03-17T01:07:09.063000;90e04efb-dcd6-4e47-a7a9-c63edc64d379;416.07;0.03455584;BUY
2016-03-17T01:07:30.693000;2016-03-17T01:07:30.750000;78c8cebd-c70a-4018-9c4a-0df160513df5;416.07;3.31484;BUY
2016-03-17T01:07:40.437000;2016-03-17T01:07:40.493000;e1880963-e90b-4277-865c-8b4fceeac8c8;416.07;0.02212;BUY
2016-03-17T01:07:40.663000;2016-03-17T01:07:40.750000;f37b5585-69e8-43f9-9fa2-c2a021929b6a;416.07;0.02052;BUY
2016-03-17T01:07:40.743000;2016-03-17T01:07:40.800000;39e6bfc7-8977-40e1-b76e-fbc2a76d4b31;416.07;0.0197;BUY
2016-03-17T01:07:40.747000;2016-03-17T01:07:40.820000;3ae6bb16-1213-46f8-ae2d-4ce380faf011;416.07;0.02119;BUY
2016-03-17T01:07:40.847000;2016-03-17T01:07:40.907000;9e3e0d6d-7583-4bf2-88ce-34e82fe65e8d;416.07;0.0978;BUY
2016-03-17T01:07:40.860000;2016-03-17T01:07:40.927000;d2c8abf1-f20c-4452-8215-9abd78273e5b;416.07;0.48752;BUY
2016-03-17T01:07:41.010000;2016-03-17T01:07:41.070000;cab4d2be-c499-4bd3-ad77-406c479cc34d;416.07;0.01836;BUY
2016-03-17T01:07:41.123000;2016-03-17T01:07:41.187000;6478c0fa-42df-4fd5-9561-7d10d1f13b2d;416.07;0.26659;BUY
2016-03-17T01:08:00.747000;2016-03-17T01:08:00.803000;73435fce-58ee-4a8d-9fa3-d347d41e16eb;416.06;0.14105;SELL
2016-03-17T01:08:00.747000;2016-03-17T01:08:00.827000;913f343f-2753-4cd9-a38c-c85a5e173209;416.06;0.088;SELL
2016-03-17T01:08:00.747000;2016-03-17T01:08:00.827000;e8322144-084a-4ad0-99d6-bcc678590b09;416.0;0.0115;SELL
2016-03-17T01:08:00.747000;2016-03-17T01:08:00.827000;2cd61f11-f788-4f1c-a729-6bc289305ef1;415.99;0.30001;SELL
2016-03-17T01:08:30.820000;2016-03-17T01:08:30.903000;65c039a4-31f3-495a-8d92-a54c2adc1e8d;416.06;0.01118;SELL
2016-03-17T01:09:01.143000;2016-03-17T01:09:01.213000;49cfc74e-7dc8-4719-8eb4-9db6f21e82a3;416.07;0.50876;BUY
2016-03-17T01:09:31.283000;2016-03-17T01:09:31.353000;9b1584a5-c924-4736-9e9e-b311a14ee65f;416.06;0.01747;SELL
2016-03-17T01:10:01.250000;2016-03-17T01:10:01.303000;6a748f8d-26a4-4daa-8927-6a191f4330e7;416.07;0.2481;BUY
2016-03-17T01:10:11.453000;2016-03-17T01:10:11.503000;f2744d80-7501-4ff0-b008-e316a8eeddad;416.07;0.0237;BUY
2016-03-17T01:10:11.457000;2016-03-17T01:10:11.523000;8e35190e-e00d-4693-9233-516b62596343;416.07;0.07064;BUY
2016-03-17T01:10:16.520000;2016-03-17T01:10:16.603000;f4f450c3-af17-4b8a-b71f-fdd429a2b9d1;416.07;0.01848;BUY
2016-03-17T01:10:16.733000;2016-03-17T01:10:16.807000;0ad05385-77df-4a4b-83e4-97931749eb23;416.07;0.0237;BUY
2016-03-17T01:10:16.743000;2016-03-17T01:10:16.807000;7509e257-6727-49ef-b385-e78fb3d395fb;416.07;0.02366;BUY
2016-03-17T01:10:17.223000;2016-03-17T01:10:17.310000;43dcee4f-352a-460f-abfb-6b315b10913d;416.07;0.012;BUY
2016-03-17T01:10:17.347000;2016-03-17T01:10:17.417000;7a65bfcf-bfa7-4b18-a1fa-796cf18ee7a0;416.07;0.12;BUY
2016-03-17T01:10:17.830000;2016-03-17T01:10:17.883000;21262b83-5316-4e04-b182-93514a2cc6d2;416.07;0.07679088;BUY
2016-03-17T01:10:31.063000;2016-03-17T01:10:31.120000;7ab2a9dc-a56a-4f67-97bf-a921d1033610;416.07;0.18117;BUY
2016-03-17T01:11:02.947000;2016-03-17T01:11:03.030000;4616661b-9927-4025-bd7a-91511044ff41;416.07;0.47593;BUY
2016-03-17T01:11:30.970000;2016-03-17T01:11:31.030000;76723f9a-f1b4-46d8-8066-a1f3acd2bab7;416.06;0.06352;SELL
2016-03-17T01:12:31.520000;2016-03-17T01:12:31.567000;b02aabdf-2302-47fd-ba9a-0ae2b88e8318;416.07;0.11183;BUY
2016-03-17T01:13:01.263000;2016-03-17T01:13:01.330000;029ae0aa-9183-4f62-a971-05ab8ba244f3;416.07;0.49482;BUY
2016-03-17T01:13:31.470000;2016-03-17T01:13:31.517000;ec2111b4-adad-4cbf-90cd-29d7f4c3ea40;416.07;4.7217;BUY
2016-03-17T01:14:01.107000;2016-03-17T01:14:01.177000;5f73f881-b405-45db-8997-d5c4884ff325;416.07;0.01516249;BUY
2016-03-17T01:14:01.107000;2016-03-17T01:14:01.177000;09ceac20-d8b7-41e6-bfd7-0c1ca5ba51f7;416.07;0.03242751;BUY
2016-03-17T01:14:31.800000;2016-03-17T01:14:31.853000;34307780-fbe8-4ccb-85d3-0d534f474c6d;416.06;0.15783;SELL
2016-03-17T01:14:31.800000;2016-03-17T01:14:31.870000;6bbb5b0c-daf6-40e7-88ee-0a1ab12d69ed;416.06;0.129;SELL
2016-03-17T01:14:31.800000;2016-03-17T01:14:31.870000;f3c1a49a-786d-469c-9b46-1e3ba187b3b1;416.06;0.250338;SELL
2016-03-17T01:14:31.800000;2016-03-17T01:14:31.870000;d35d3d5f-c045-4588-8598-802092a379cb;416.06;0.28;SELL
2016-03-17T01:14:31.800000;2016-03-17T01:14:31.870000;73431425-f282-478c-b2a4-7c05d5a79e41;416.06;0.21;SELL
2016-03-17T01:14:31.800000;2016-03-17T01:14:31.887000;5ab59c0f-97b9-4ab5-9fca-efa41d31555d;416.01;0.01;SELL
2016-03-17T01:14:31.803000;2016-03-17T01:14:31.890000;5e60ed7a-517a-497c-9490-411a00f62249;416.0;0.8;SELL
2016-03-17T01:14:31.803000;2016-03-17T01:14:31.890000;d49807ac-5442-48a7-ad11-bf13229ec846;416.0;0.05;SELL
2016-03-17T01:14:31.803000;2016-03-17T01:14:31.890000;fed34cba-ff0e-463e-a701-c9c678777770;415.99;1.289632;SELL
2016-03-17T01:15:01.470000;2016-03-17T01:15:01.527000;c8501ee5-f1be-42fc-9950-643a1c217af3;416.07;0.21757249;BUY
2016-03-17T01:15:01.470000;2016-03-17T01:15:01.527000;b69f9f32-cab3-4ced-a20a-41e26d1a219e;416.07;0.25;BUY
2016-03-17T01:15:01.470000;2016-03-17T01:15:01.527000;5a33d7a8-dde8-4ce3-b44d-360372a795c4;416.08;0.25;BUY
2016-03-17T01:15:01.470000;2016-03-17T01:15:01.527000;cc1be18a-e0da-4bcd-96b6-dafee3df0b75;416.09;0.01998751;BUY
2016-03-17T01:15:31.663000;2016-03-17T01:15:31.707000;a835fde9-68be-4d3c-9108-7261562d7e3a;416.09;0.23001249;BUY
2016-03-17T01:15:31.663000;2016-03-17T01:15:31.727000;718361af-7d09-4f1d-b895-baf2a19fc16a;416.09;0.25;BUY
2016-03-17T01:15:31.663000;2016-03-17T01:15:31.727000;ea155e0a-855d-41e4-aeea-b24b404204b3;416.1;0.01;BUY
2016-03-17T01:15:31.663000;2016-03-17T01:15:31.727000;4d984fc8-43cd-4d43-bb8e-377e133a5c93;416.11;0.25;BUY
2016-03-17T01:15:31.663000;2016-03-17T01:15:31.743000;57661e4e-3f44-45f7-bbde-0a2e58055e75;416.12;0.01;BUY
2016-03-17T01:15:31.663000;2016-03-17T01:15:31.743000;180edec5-7889-4ede-bb39-8c2b2158e259;416.14;0.25;BUY
2016-03-17T01:15:31.663000;2016-03-17T01:15:31.743000;2a7744c0-b52d-4d2b-8cdf-1432cabb36fe;416.14;0.01;BUY
2016-03-17T01:15:31.663000;2016-03-17T01:15:31.747000;6a51868b-7187-4520-b7a2-4c9b56c714cd;416.15;0.25;BUY
2016-03-17T01:15:31.663000;2016-03-17T01:15:31.747000;a866412d-ae54-4b12-82d3-efefed9b3f9b;416.16;0.01;BUY
2016-03-17T01:15:31.663000;2016-03-17T01:15:31.747000;0c316b4e-e91f-483c-b961-a1e315f6de54;416.16;0.13094751;BUY
2016-03-17T01:15:44.930000;2016-03-17T01:15:44.963000;3f6c8264-6ab4-4c00-9d86-cbef051b034e;416.06;0.01;SELL
2016-03-17T01:15:52.037000;2016-03-17T01:15:52.170000;83163384-3433-4f3a-bb46-5704e7d34f98;416.16;0.0515;BUY
2016-03-17T01:16:01.890000;2016-03-17T01:16:01.933000;45076adc-a135-4d9c-8ce6-5b857926f25a;416.16;0.06755249;BUY
2016-03-17T01:16:01.890000;2016-03-17T01:16:01.957000;1f359802-3e8f-44a3-a007-32267a7d5071;416.17;0.25;BUY
2016-03-17T01:16:01.890000;2016-03-17T01:16:01.957000;85ad39de-a9c6-4d9a-bce8-46fa07195d1c;416.17;0.02;BUY
2016-03-17T01:16:01.890000;2016-03-17T01:16:01.957000;c2d313ea-176c-48b6-bfbf-aca585a97419;416.18;0.25;BUY
2016-03-17T01:16:01.890000;2016-03-17T01:16:01.957000;80791466-d2f8-45a9-8a3c-c78a005b8dc9;416.18;0.25;BUY
2016-03-17T01:16:01.890000;2016-03-17T01:16:01.957000;b115d1b6-a8ad-4783-9800-1a106d0f9306;416.18;0.25;BUY
2016-03-17T01:16:01.890000;2016-03-17T01:16:01.957000;93af24f6-50d9-4321-9752-80eaaf367d78;416.18;0.25;BUY
2016-03-17T01:16:01.890000;2016-03-17T01:16:01.973000;a4bc1c7f-513c-4229-a854-af88cf79d8aa;416.18;0.01;BUY
2016-03-17T01:16:01.890000;2016-03-17T01:16:01.973000;eeae8194-5e33-45a0-a6de-48f3d48e09c7;416.18;0.25;BUY
2016-03-17T01:16:01.890000;2016-03-17T01:16:01.973000;edb5460f-5963-4a13-89cf-9ef24ebea8e8;416.19;0.25;BUY
2016-03-17T01:16:01.890000;2016-03-17T01:16:01.990000;fbe64c94-f2b0-4dce-b366-176989086ad9;416.19;0.25;BUY
2016-03-17T01:16:01.890000;2016-03-17T01:16:02.010000;230251d8-0466-41bc-a046-f28b98f86a56;416.19;0.25;BUY
2016-03-17T01:16:01.893000;2016-03-17T01:16:02.010000;5568962e-cf3c-4a59-8b2b-c1bf48cd5550;416.19;0.25;BUY
2016-03-17T01:16:01.893000;2016-03-17T01:16:02.010000;f63ad31b-614e-4a3c-9403-5571b77afd18;416.19;0.25;BUY
2016-03-17T01:16:01.893000;2016-03-17T01:16:02.010000;cef70756-1482-4929-ab1e-5e81b9c582a6;416.19;0.25;BUY
2016-03-17T01:16:01.893000;2016-03-17T01:16:02.010000;40611f26-ea6c-49b5-ba42-8a9e754c6309;416.19;0.02724751;BUY
2016-03-17T01:16:31.430000;2016-03-17T01:16:31.463000;0f3abc7f-d10f-48af-929a-bb4d4ab2a59b;416.19;0.22275249;BUY
2016-03-17T01:16:31.430000;2016-03-17T01:16:31.480000;e746f181-5c6f-4327-9091-c477c2d346f4;416.19;0.22012751;BUY
2016-03-17T01:16:36.937000;2016-03-17T01:16:36.990000;6ef2552d-5800-47d8-9b41-18303d5ed23c;416.12;0.07;SELL
2016-03-17T01:17:01.300000;2016-03-17T01:17:01.333000;29f63c67-1a4d-4039-b328-615be24b9a09;416.19;0.02987249;BUY
2016-03-17T01:17:01.300000;2016-03-17T01:17:01.350000;a99a39e1-2021-4d3f-a784-50891b21775b;416.19;0.20667751;BUY
2016-03-17T01:17:31.300000;2016-03-17T01:17:31.330000;84574f4c-d4d1-4628-a379-eb3a78cf2a0d;416.19;0.04332249;BUY
2016-03-17T01:17:31.300000;2016-03-17T01:17:31.350000;242731e7-a293-4ccb-9389-cbc2251ece09;416.19;0.00424751;BUY
2016-03-17T01:17:50.143000;2016-03-17T01:17:50.180000;e9d1085b-998c-45b1-b1a2-32241a9745a4;416.19;0.05285024;BUY
2016-03-17T01:18:02.267000;2016-03-17T01:18:02.303000;ab3642b2-2332-421b-bb6c-72b1cd4d000d;416.19;0.19290225;BUY
2016-03-17T01:18:02.267000;2016-03-17T01:18:02.323000;63168b37-a445-4c69-a544-83527416720d;416.19;0.25;BUY
2016-03-17T01:18:02.267000;2016-03-17T01:18:02.323000;4dfa36ea-2848-4d6d-8dc5-01338c940ef0;416.19;0.25;BUY
2016-03-17T01:18:02.270000;2016-03-17T01:18:02.340000;34a9fc03-ddc3-4538-b1c1-388dcfa8ce24;416.19;0.25;BUY
2016-03-17T01:18:02.270000;2016-03-17T01:18:02.340000;15baa7bb-7525-4f47-b582-41e975635e4e;416.19;0.25;BUY
2016-03-17T01:18:02.270000;2016-03-17T01:18:02.387000;9042bbc3-ccf3-4333-962c-cd32c1b1f9aa;416.19;0.25;BUY
2016-03-17T01:18:02.270000;2016-03-17T01:18:02.403000;a2d8408a-e6cf-4669-a0a0-9d231eb6a02c;416.19;0.25;BUY
2016-03-17T01:18:02.270000;2016-03-17T01:18:02.403000;182d30db-876f-4dd9-bcf0-42d78377eaad;416.2;0.25;BUY
2016-03-17T01:18:02.270000;2016-03-17T01:18:02.403000;29f8f826-4b6d-47a5-be56-25f866d4c88b;416.2;0.25;BUY
2016-03-17T01:18:02.270000;2016-03-17T01:18:02.403000;4bc87793-c9ea-4ae9-a540-1c3f3a5ed8e6;416.2;0.02;BUY
2016-03-17T01:18:02.270000;2016-03-17T01:18:02.403000;b1362ea1-1315-431c-bc6d-d3dbf90873b8;416.22;0.15;BUY
2016-03-17T01:18:02.270000;2016-03-17T01:18:02.403000;5a08cc3c-a6ec-4a15-a1fb-c2b7fae6bdd4;416.23;0.8;BUY
2016-03-17T01:18:02.270000;2016-03-17T01:18:02.403000;234c9109-0249-41e7-b03e-6a85ad6c6053;416.23;0.05;BUY
2016-03-17T01:18:02.270000;2016-03-17T01:18:02.403000;6684838e-dae2-4128-92dd-b2b701799f7f;416.23;0.15;BUY
2016-03-17T01:18:02.270000;2016-03-17T01:18:02.403000;30c63b89-e153-48cb-aaeb-fe3501735762;416.24;0.25;BUY
2016-03-17T01:18:02.270000;2016-03-17T01:18:02.403000;1ebc8c92-878f-4601-8207-21a539778c6a;416.24;1.13992775;BUY
2016-03-17T01:18:31.447000;2016-03-17T01:18:31.480000;a5ba3c02-0baa-444f-a50c-ea8a17734da2;416.24;0.25;BUY
2016-03-17T01:18:31.447000;2016-03-17T01:18:31.497000;c6eb7368-94eb-4442-9aa5-0447c6ead9f1;416.24;0.45;BUY
2016-03-17T01:19:13.257000;2016-03-17T01:19:13.287000;804c5fb0-5512-484e-bc9a-701b14a83351;416.26;0.25;SELL
2016-03-17T01:19:13.257000;2016-03-17T01:19:13.303000;05b22819-f160-4c14-8d07-6010e5547240;416.26;0.05;SELL
2016-03-17T01:19:13.257000;2016-03-17T01:19:13.303000;fabd9ed8-e287-41c2-8062-c6a69701b2b6;416.26;0.076;SELL
2016-03-17T01:19:13.257000;2016-03-17T01:19:13.327000;ab6b317e-234c-42d3-9eb7-84b6c49db8a5;416.26;0.1;SELL
2016-03-17T01:19:13.260000;2016-03-17T01:19:13.327000;1cf326fc-af18-4c94-87f9-a818dcff7166;416.26;0.29;SELL
2016-03-17T01:19:31.533000;2016-03-17T01:19:31.560000;91618511-c304-491a-9987-d6f840b0676b;416.22;0.25;SELL
2016-03-17T01:19:31.533000;2016-03-17T01:19:31.587000;9bc32067-9132-4c77-bf0f-827a52146e15;416.22;0.088;SELL
2016-03-17T01:19:31.533000;2016-03-17T01:19:31.587000;7b259313-dcb5-4ef8-a39a-f8f349fc3718;416.22;0.05;SELL
2016-03-17T01:19:31.533000;2016-03-17T01:19:31.603000;1dfd777b-be03-4bd1-98cd-c9dc4ea3091f;416.2;0.0115;SELL
2016-03-17T01:19:31.533000;2016-03-17T01:19:31.603000;49c63f4d-2802-4cca-8805-df9bb8d43c9e;416.19;0.0845;SELL
2016-03-17T01:20:36.370000;2016-03-17T01:20:36.413000;9631370b-6c6e-493e-a3f3-7ac80b90d5ed;416.3;0.01;BUY
2016-03-17T01:20:36.370000;2016-03-17T01:20:36.413000;eed38bc6-6838-4496-9d0b-fd3286db6688;416.3;0.01;BUY
2016-03-17T01:20:36.370000;2016-03-17T01:20:36.430000;f795ead2-7e23-4be2-9a86-13d030e1bda0;416.3;0.1;BUY
2016-03-17T01:20:36.370000;2016-03-17T01:20:36.430000;c05e7b80-db41-45d6-afff-4eb4d814d7c7;416.31;0.25;BUY
2016-03-17T01:20:36.370000;2016-03-17T01:20:36.430000;15b12205-1002-4ed8-a400-ca72be7324bc;416.36;0.01;BUY
2016-03-17T01:20:36.370000;2016-03-17T01:20:36.430000;0d0cf4be-d97a-4b51-8b01-31fa13a4c28a;416.36;0.93159;BUY
2016-03-17T01:21:01.483000;2016-03-17T01:21:01.547000;ea6ce518-b30c-4d9e-a362-b117c0ab147c;416.26;2.06892;BUY
2016-03-17T01:22:01.330000;2016-03-17T01:22:01.390000;77b85619-0aaa-46e5-b3cc-3b96ab4733b4;416.3;0.23777;BUY
2016-03-17T01:22:31.303000;2016-03-17T01:22:31.363000;90924043-8579-4da0-84fc-0b78834338e5;416.39;0.02126;BUY
2016-03-17T01:22:33.207000;2016-03-17T01:22:33.263000;0c3b5337-c8ef-44d0-ad38-f0223bef12c9;416.3;0.25;SELL
2016-03-17T01:22:33.207000;2016-03-17T01:22:33.283000;ee5dddd7-dc0f-423f-8930-185ac5918643;416.3;0.465;SELL
2016-03-17T01:22:33.207000;2016-03-17T01:22:33.297000;20a215a6-e812-47a9-9336-a492f708c50f;416.3;0.1;SELL
2016-03-17T01:22:33.207000;2016-03-17T01:22:33.297000;4bbd7e5e-7ca7-4ad7-b9fa-08dbb169a859;416.3;0.05;SELL
2016-03-17T01:22:33.207000;2016-03-17T01:22:33.297000;21928444-dde7-43cd-b8ba-3d0a75e3c190;416.29;7.0;SELL
2016-03-17T01:22:33.207000;2016-03-17T01:22:33.370000;28bcc6db-bbaa-4522-9b0a-4d0690c81232;416.28;0.01;SELL
2016-03-17T01:22:33.207000;2016-03-17T01:22:33.370000;a7b4a4ee-b6f4-4fee-8dc0-5c046d34a260;416.27;0.8;SELL
2016-03-17T01:22:33.207000;2016-03-17T01:22:33.370000;252fc4af-2d57-4861-a2c4-1106630c75de;416.26;8.37;SELL
2016-03-17T01:22:33.207000;2016-03-17T01:22:33.370000;56bbce13-20eb-475e-8298-808b13887a10;416.23;0.456;SELL
2016-03-17T01:22:33.207000;2016-03-17T01:22:33.370000;7d715fc1-1405-4c0b-9225-cc802ddb404f;416.18;0.469;SELL
2016-03-17T01:22:33.207000;2016-03-17T01:22:33.370000;f04c05ff-5f75-4918-983b-37c07606cd0f;416.16;0.05;SELL
2016-03-17T01:22:33.207000;2016-03-17T01:22:33.370000;4d1475da-452b-4cbb-b279-cccc2882500f;416.15;0.01;SELL
2016-03-17T01:22:33.260000;2016-03-17T01:22:33.387000;158c8396-893b-4f59-8af6-77d60051f7f6;416.15;0.05;BUY
2016-03-17T01:23:01.403000;2016-03-17T01:23:01.460000;ae7f231c-3ee0-42f3-8518-52d3257fd75b;416.27;0.25;BUY
2016-03-17T01:23:01.403000;2016-03-17T01:23:01.477000;ef8c28cd-4885-4fb7-9a56-bbe056b462dc;416.3;0.1;BUY
2016-03-17T01:23:01.403000;2016-03-17T01:23:01.500000;55aa8121-1134-4eb6-8687-92c05e560b9a;416.38;0.01;BUY
2016-03-17T01:23:01.403000;2016-03-17T01:23:01.500000;2ebc88f8-97d6-445f-bcaa-a28e40176d55;416.38;0.08;BUY
2016-03-17T01:23:01.403000;2016-03-17T01:23:01.500000;a9a74771-cf8c-4237-9951-d183ae2f396b;416.39;0.10874;BUY
2016-03-17T01:23:01.403000;2016-03-17T01:23:01.563000;d0cc4c07-ae88-4054-8d9e-24edd81951a4;416.39;0.81893;BUY
2016-03-17T01:23:28.743000;2016-03-17T01:23:28.807000;c92a2573-3c17-4f56-9772-e41cea6c515b;416.39;0.08;BUY
2016-03-17T01:23:31.267000;2016-03-17T01:23:31.323000;82d084bf-9fff-4406-889b-7f75dec34136;416.39;0.10107;BUY
2016-03-17T01:23:31.267000;2016-03-17T01:23:31.337000;5112ae8c-959d-41aa-b2d2-059a00affd0e;416.39;0.282;BUY
2016-03-17T01:23:31.267000;2016-03-17T01:23:31.353000;e6b455e3-577e-4415-9bd6-a7d039efacda;416.4;0.01299;BUY
2016-03-17T01:24:32.037000;2016-03-17T01:24:32.090000;c9278bc2-d908-490d-bf91-144da177a0ff;416.31;0.25;SELL
2016-03-17T01:24:32.037000;2016-03-17T01:24:32.107000;c70c89cb-f821-46a9-a8fd-6b596ef19b04;416.31;0.1;SELL
2016-03-17T01:24:32.037000;2016-03-17T01:24:32.120000;ebb37135-8c1e-4e3e-a78d-ba3ef2932081;416.31;0.05;SELL
2016-03-17T01:24:32.037000;2016-03-17T01:24:32.120000;d07d06ae-5377-487b-bde8-d235522a1cca;416.31;0.423;SELL
2016-03-17T01:24:32.037000;2016-03-17T01:24:32.150000;60abf026-fe01-4b07-a569-f6dd94185df8;416.3;4.96104;SELL
2016-03-17T01:25:01.363000;2016-03-17T01:25:01.417000;65e73737-3119-4aa2-b496-b507050d517c;416.4;0.71337;BUY
2016-03-17T01:25:31.343000;2016-03-17T01:25:31.393000;c2a23726-b746-46e2-9283-b5fd1e9b2b75;416.4;0.17834;BUY
2016-03-17T01:26:31.227000;2016-03-17T01:26:31.273000;8d0373c6-a5a3-4392-8809-0e22ab11406c;416.4;0.17358;BUY
2016-03-17T01:27:02.033000;2016-03-17T01:27:02.080000;f936436c-16f2-499c-827d-e6e939c07906;416.32;0.25;SELL
2016-03-17T01:27:02.033000;2016-03-17T01:27:02.097000;9de2cf79-92f3-43f3-9c48-bfdf8cfb1bf7;416.32;0.05;SELL
2016-03-17T01:27:02.033000;2016-03-17T01:27:02.097000;159649a6-765a-48cd-941e-212b6bdc1595;416.32;0.1;SELL
2016-03-17T01:27:02.033000;2016-03-17T01:27:02.113000;f54c0314-5db3-4eb4-bf9f-c9ed55bef27a;416.31;0.1028;SELL
2016-03-17T01:27:31.360000;2016-03-17T01:27:31.407000;3462a0f6-b75d-44c8-a8f3-a4bd79283078;416.39;0.1;BUY
2016-03-17T01:27:31.360000;2016-03-17T01:27:31.423000;39ae8e0b-81ca-4631-af55-85201724af85;416.39;0.54145;BUY
2016-03-17T01:27:37.337000;2016-03-17T01:27:37.383000;7d0dadf1-b33e-4cbb-9262-c69263c26ad2;416.31;0.272;SELL
2016-03-17T01:27:37.337000;2016-03-17T01:27:37.400000;b5c5eb69-a089-4f10-be8b-2a1620c79103;416.31;0.05;SELL
2016-03-17T01:27:37.337000;2016-03-17T01:27:37.423000;15a7cfce-2aa9-4fae-a899-2cf65e4d54cf;416.31;0.1;SELL
2016-03-17T01:27:37.337000;2016-03-17T01:27:37.423000;2ef18401-fd01-464b-954d-628b799da2b9;416.3;1.0005;SELL
2016-03-17T01:28:02.397000;2016-03-17T01:28:02.443000;29b9ed33-af93-416c-9074-4eb736304dc3;416.39;0.3233;BUY
2016-03-17T01:29:04.513000;2016-03-17T01:29:04.557000;e3816182-e1d5-4662-b781-664081fd734b;416.31;0.25;SELL
2016-03-17T01:29:04.513000;2016-03-17T01:29:04.573000;c352f2ea-0930-4758-9dc7-34c944fbb1f3;416.31;0.05;SELL
2016-03-17T01:29:04.513000;2016-03-17T01:29:04.590000;1c22ddab-44be-4b5e-8618-9d9dc0faf788;416.31;0.0665;SELL
2016-03-17T01:29:31.517000;2016-03-17T01:29:31.557000;6fc2c6ec-a11d-44b2-bef7-d200cf4ecf9f;416.39;0.25;BUY
2016-03-17T01:29:31.517000;2016-03-17T01:29:31.577000;114fad16-b568-4b05-b105-6e9c5d77a45c;416.39;0.1;BUY
2016-03-17T01:29:31.517000;2016-03-17T01:29:31.590000;5a7bf741-e9d4-486e-8fcc-3581c3de010c;416.39;0.83889;BUY
2016-03-17T01:30:02.160000;2016-03-17T01:30:02.200000;f31a8591-b72e-415a-befd-5224f854b5e1;416.4;0.18047;BUY
2016-03-17T01:30:02.770000;2016-03-17T01:30:02.817000;24d3c720-c099-48f1-88ea-d866c4276a22;416.31;0.1;SELL
2016-03-17T01:30:02.770000;2016-03-17T01:30:02.840000;71d744e9-2bfe-4db2-be50-b80f61ddacea;416.31;0.05;SELL
2016-03-17T01:30:02.770000;2016-03-17T01:30:02.840000;37317541-7d7f-4f9e-ba9a-1d46f54991dc;416.31;0.05;SELL
2016-03-17T01:30:05.143000;2016-03-17T01:30:05.193000;afb19a86-725f-4bfb-89aa-4e3efe2ed17f;416.34;0.2;SELL
2016-03-17T01:30:07.503000;2016-03-17T01:30:07.543000;a4a3dc97-7f27-4668-81b6-802219e285e0;416.35;0.2;SELL
2016-03-17T01:30:09.870000;2016-03-17T01:30:09.913000;34e26d0b-a908-40ba-bfce-6cfab233d4a2;416.35;0.05;SELL
2016-03-17T01:30:09.870000;2016-03-17T01:30:09.927000;559a76f3-e408-4020-88b7-c896fa4e8f65;416.35;0.13;SELL
2016-03-17T01:30:09.870000;2016-03-17T01:30:09.930000;e23794e7-516a-4e37-8fa8-deb89fa2daba;416.34;0.02;SELL
2016-03-17T01:30:12.003000;2016-03-17T01:30:12.047000;871d5b19-0709-4792-b6a3-b2c7433be676;416.34;0.2;SELL
2016-03-17T01:30:14.143000;2016-03-17T01:30:14.180000;4670152e-28f3-4213-a631-49bb973f287b;416.33;0.2;SELL
2016-03-17T01:30:16.277000;2016-03-17T01:30:16.327000;f4e2e065-24ff-4bfc-bbc0-5c8092c3da33;416.34;0.2;SELL
2016-03-17T01:30:18.667000;2016-03-17T01:30:18.707000;dc3e48ba-e92d-4bff-af3c-4da8cbeeee77;416.34;0.2;SELL
2016-03-17T01:30:20.800000;2016-03-17T01:30:20.837000;c2437a68-9bf0-427b-b113-e0c6d959946c;416.34;0.2;SELL
2016-03-17T01:30:22.947000;2016-03-17T01:30:22.990000;d3122fdd-8207-4a65-aee4-872566b64552;416.34;0.05;SELL
2016-03-17T01:30:22.947000;2016-03-17T01:30:22.990000;6874e313-5e68-4fc6-93e8-5e9194623b15;416.33;0.15;SELL
2016-03-17T01:30:25.323000;2016-03-17T01:30:25.383000;b99c9953-a029-40d9-b731-1435365686f3;416.34;0.2;SELL
2016-03-17T01:30:27.703000;2016-03-17T01:30:27.740000;2b0e1920-ecf0-41c3-b948-f7ae6f080ccf;416.33;0.2;SELL
2016-03-17T01:30:29.837000;2016-03-17T01:30:29.880000;b6647d7e-9840-4cb7-a52c-0b00f99ca60a;416.33;0.2;SELL
2016-03-17T01:30:31.367000;2016-03-17T01:30:31.407000;da416c3a-2c50-4c7d-a71d-8dfb9acc264a;416.4;0.01189;BUY
2016-03-17T01:30:31.967000;2016-03-17T01:30:32.003000;23fb0c20-e58f-47fa-81ee-f64789b5c58f;416.33;0.2;SELL
2016-03-17T01:30:34.127000;2016-03-17T01:30:34.183000;24c75eb2-035c-42f7-a9a6-45beb8a1cb09;416.33;0.2;SELL
2016-03-17T01:30:36.330000;2016-03-17T01:30:36.383000;a5c0dc71-efb1-49c2-9f3e-384cddb0c8c6;416.33;0.2;SELL
2016-03-17T01:30:38.467000;2016-03-17T01:30:38.530000;8a578f7b-731f-4584-b734-5adde4246943;416.33;0.2;SELL
2016-03-17T01:30:40.590000;2016-03-17T01:30:40.630000;d4f6bbd5-1084-42c6-a2b5-4f79e69f53f5;416.33;0.2;SELL
2016-03-17T01:30:42.840000;2016-03-17T01:30:42.877000;9885826d-f3fe-4525-906b-0af48c1b75a3;416.33;0.2;SELL
2016-03-17T01:30:45.023000;2016-03-17T01:30:45.060000;7645f338-3cc2-424d-a8e7-0aad3aa0e19f;416.33;0.2;SELL
2016-03-17T01:30:47.167000;2016-03-17T01:30:47.200000;4af29d5d-5785-423a-b3f7-e93041afe7d4;416.33;0.0999;SELL
2016-03-17T01:31:31.343000;2016-03-17T01:31:31.393000;34fb495b-d4f6-42b2-bff6-824e7afe70fb;416.39;0.13051;BUY
2016-03-17T01:32:04.800000;2016-03-17T01:32:04.830000;b47e1503-8396-4adb-bc8d-d4bdd97f72cb;416.39;0.05944;BUY
2016-03-17T01:32:07.377000;2016-03-17T01:32:07.410000;f690315c-ad5f-4dbf-9a42-69d85eb75049;416.4;0.11655589;BUY
2016-03-17T01:32:07.377000;2016-03-17T01:32:07.427000;307e5a9d-a7de-4f2a-b02b-4d26eb866c72;416.4;0.02444411;BUY
2016-03-17T01:32:31.410000;2016-03-17T01:32:31.440000;4466a9d9-9049-4371-a02d-c6b5209dd994;416.39;0.313;BUY
2016-03-17T01:32:31.410000;2016-03-17T01:32:31.457000;ea4a30e1-38f5-4c6e-8200-c3cb4c93a041;416.39;0.15;BUY
2016-03-17T01:32:31.410000;2016-03-17T01:32:31.473000;9cf9ca31-2fa5-4c4c-83e7-d2907a3aa0e1;416.4;0.0346571;BUY
2016-03-17T01:32:31.410000;2016-03-17T01:32:31.473000;a727c6a0-7ce1-403a-b06c-06e36755cc2c;416.4;0.0147753;BUY
2016-03-17T01:32:31.410000;2016-03-17T01:32:31.473000;be24bbbe-666e-4be6-8ee6-8de2e575386f;416.4;0.0147753;BUY
2016-03-17T01:32:31.410000;2016-03-17T01:32:31.543000;209b04f9-c6c1-465c-a94b-bcda50edceee;416.4;0.1727923;BUY
2016-03-17T01:32:58.890000;2016-03-17T01:32:58.920000;2d3440ab-fe9a-4c62-804c-0a6abd2a62bd;416.4;0.02;BUY
2016-03-17T01:33:01.377000;2016-03-17T01:33:01.417000;a9d8b2df-9ceb-4592-ada6-6894d8b75d83;416.4;0.12216818;BUY
2016-03-17T01:33:01.377000;2016-03-17T01:33:01.437000;0277220d-0900-4ed1-8cde-c8e2f6ba8ad1;416.4;0.06637608;BUY
2016-03-17T01:33:01.377000;2016-03-17T01:33:01.437000;d1978e5e-e34b-4d62-af25-2dbc23fcd7cd;416.4;0.16514382;BUY
2016-03-17T01:33:01.377000;2016-03-17T01:33:01.437000;eca715e6-12dc-4c27-a739-c502c6a56293;416.4;0.04128596;BUY
2016-03-17T01:33:01.377000;2016-03-17T01:33:01.437000;02c504cf-696f-4200-a7c6-571471cd82e7;416.4;0.01032149;BUY
2016-03-17T01:33:01.377000;2016-03-17T01:33:01.517000;38d341eb-2cff-4cde-893d-f1fdc9abbd02;416.4;0.125;BUY
2016-03-17T01:33:01.380000;2016-03-17T01:33:01.517000;099ed310-8d2f-4003-8001-21c15a49fba8;416.4;0.63949447;BUY
2016-03-17T01:33:23.420000;2016-03-17T01:33:23.473000;a89b81e6-2d41-4d0c-a416-2fcb830847fe;416.4;0.44912788;BUY
2016-03-17T01:33:24.383000;2016-03-17T01:33:24.413000;2dd480b0-9e2c-47ea-b4e5-2adb4a36d9b8;416.4;0.44912788;BUY
2016-03-17T01:33:24.650000;2016-03-17T01:33:24.683000;e972883a-00ad-4ca0-abdb-6dd5ffa794de;416.4;0.44912788;BUY
2016-03-17T01:33:25.637000;2016-03-17T01:33:25.667000;c37a00b1-fb47-4469-999f-06ea6c19038f;416.4;0.44912788;BUY
2016-03-17T01:33:26.597000;2016-03-17T01:33:26.627000;71b6ad53-2750-4f8a-8aa9-ab6d4f00a5c8;416.4;0.44912788;BUY
2016-03-17T01:33:31.393000;2016-03-17T01:33:31.427000;0a3a8199-9baa-45b6-a070-36089a9782cb;416.4;0.95111;BUY
2016-03-17T01:34:01.467000;2016-03-17T01:34:01.497000;46c85485-88b8-42f6-b3d8-43edc24138f9;416.36;0.25;SELL
2016-03-17T01:34:01.467000;2016-03-17T01:34:01.510000;5bf259c2-f6e4-4ab9-a6d8-33745126eb30;416.35;0.50118;SELL
2016-03-17T01:34:52.383000;2016-03-17T01:34:52.410000;bd70db06-70bc-4242-b244-e69c3ddf5a3a;416.4;0.04890711;BUY
2016-03-17T01:35:31.583000;2016-03-17T01:35:31.607000;3974e722-2fa7-45a8-bd26-187070928766;416.4;0.41484902;BUY
2016-03-17T01:35:31.583000;2016-03-17T01:35:31.627000;46caa38b-336f-4c52-a095-044a6d2a2979;416.4;0.1;BUY
2016-03-17T01:35:31.583000;2016-03-17T01:35:31.643000;163a33a1-6cee-4087-9faf-f3bb80ad4dca;416.41;0.48515098;BUY
2016-03-17T01:36:11.157000;2016-03-17T01:36:11.213000;a82d1a1f-2a4a-4d30-b0f5-23b16877c190;416.41;0.01484902;BUY
2016-03-17T01:36:11.157000;2016-03-17T01:36:11.233000;bba39e63-6a26-4cbe-8cf7-348e43cd4539;416.41;0.05177659;BUY
2016-03-17T01:36:11.157000;2016-03-17T01:36:11.247000;8c93e61f-e7ef-4221-82ec-7ea5a0c4319b;416.41;0.05318887;BUY
2016-03-17T01:36:16.453000;2016-03-17T01:36:16.510000;886036dc-b059-4999-a3a6-9b893b731a00;416.42;0.03124;BUY
2016-03-17T01:36:16.470000;2016-03-17T01:36:16.547000;0911b1a6-242b-4daa-8d75-e8c06b870e4b;416.42;0.03252;BUY
2016-03-17T01:36:16.473000;2016-03-17T01:36:16.547000;1072c6e0-7896-4788-a285-0c6514d94907;416.42;0.02624;BUY
2016-03-17T01:36:31.467000;2016-03-17T01:36:31.523000;e8e73e65-6371-4c41-9928-bfa67065d0d5;416.42;0.1686944;BUY
2016-03-17T01:36:31.467000;2016-03-17T01:36:31.543000;a0054cb3-02ed-4558-a88c-3ca09cb3f5d3;416.42;0.01648539;BUY
2016-03-17T01:36:31.467000;2016-03-17T01:36:31.557000;c3a2a062-3830-4f37-b08f-a22d699be09b;416.43;0.01620277;BUY
2016-03-17T01:36:31.467000;2016-03-17T01:36:31.557000;ee37358d-f41a-4295-8642-a0ea40fff7b4;416.43;0.01;BUY
2016-03-17T01:36:31.467000;2016-03-17T01:36:31.560000;997b1457-2dec-476b-b41d-0a4ec4c4b6f5;416.43;0.25;BUY
2016-03-17T01:36:31.467000;2016-03-17T01:36:31.627000;306ca052-9321-4041-8c44-e0f7b1d984ad;416.44;0.23640483;BUY
2016-03-17T01:36:31.467000;2016-03-17T01:36:31.627000;79ec621d-037f-4942-9cc5-8f68a2352fbd;416.44;0.06637608;BUY
2016-03-17T01:36:31.467000;2016-03-17T01:36:31.627000;4138aea1-97c0-4a3c-b703-ce6b4d46feee;416.44;0.01294415;BUY
2016-03-17T01:36:31.467000;2016-03-17T01:36:31.627000;d70b992c-040d-4383-9985-e8d6198913c5;416.44;0.04918238;BUY
2016-03-17T01:36:58.280000;2016-03-17T01:36:58.333000;869c0809-ba29-4582-8c8c-5c4cd47383fd;416.42;5.0;SELL
2016-03-17T01:37:01.470000;2016-03-17T01:37:01.530000;63b619ea-782b-4501-811c-e2181c34cd45;416.42;1.02083;BUY
2016-03-17T01:37:32.890000;2016-03-17T01:37:32.950000;efd9b5d7-8356-4a20-a9c0-535ca5a02ec3;416.45;0.01204903;BUY
2016-03-17T01:37:32.893000;2016-03-17T01:37:32.973000;ea075399-dee0-43ab-9c33-aa053334d9f5;416.45;0.01244097;BUY
2016-03-17T01:38:01.563000;2016-03-17T01:38:01.617000;f7dbc82c-8e4b-4c18-a8c1-106a3e5e8f03;416.45;0.23755903;BUY
2016-03-17T01:38:01.567000;2016-03-17T01:38:01.643000;540ec7b0-a349-4546-bb4a-8e271889716c;416.45;0.03748097;BUY
2016-03-17T01:38:35.873000;2016-03-17T01:38:35.927000;480c6aba-a206-4ecc-b3a7-059768c3fb2d;416.45;0.21251903;BUY
2016-03-17T01:38:35.873000;2016-03-17T01:38:35.943000;3247ab49-bcf8-4cfa-a372-4774ce2c420b;416.46;0.1;BUY
2016-03-17T01:38:35.873000;2016-03-17T01:38:35.973000;32e7ef28-1d14-410a-9230-333bbb2d3ec8;416.46;0.14383097;BUY
2016-03-17T01:38:39.663000;2016-03-17T01:38:39.713000;1de3771d-4932-43de-a2c0-09dba14319fa;416.46;0.02321;BUY
2016-03-17T01:39:02.530000;2016-03-17T01:39:02.583000;168d5fac-7bbb-42bd-b75c-160d027e722a;416.46;0.08295903;BUY
2016-03-17T01:39:02.530000;2016-03-17T01:39:02.607000;74fc2003-c9fa-4774-a2f4-d34c2ae8b63b;416.47;0.05;BUY
2016-03-17T01:39:02.530000;2016-03-17T01:39:02.607000;f5450b4d-42db-411d-819a-6269b22f49b8;416.47;0.06594154;BUY
2016-03-17T01:39:02.530000;2016-03-17T01:39:02.640000;ae5933ee-1f6c-45aa-a86c-6207acb7b10f;416.48;0.123;BUY
2016-03-17T01:39:02.530000;2016-03-17T01:39:02.657000;e28f09cd-313d-41ca-8cfb-ac5e5d2e6a16;416.49;0.125;BUY
2016-03-17T01:39:02.530000;2016-03-17T01:39:02.657000;85acb47a-c21b-484d-9d8c-68f0ae389eb7;416.5;0.26194087;BUY
2016-03-17T01:39:02.530000;2016-03-17T01:39:02.657000;1a3d3f85-ab74-47f0-89b4-0ad264979ce7;416.5;0.01778737;BUY
2016-03-17T01:39:02.530000;2016-03-17T01:39:02.657000;0a94cf79-81cf-4de2-b26d-6ea8d19d2958;416.5;0.05;BUY
2016-03-17T01:39:02.530000;2016-03-17T01:39:02.657000;d3567b7c-1dfb-46b0-a4e1-fb7e406c6053;416.5;0.05;BUY
2016-03-17T01:39:02.530000;2016-03-17T01:39:02.657000;4bf2fe5f-a80b-4a70-8c7b-b244556201d0;416.5;1.3;BUY
2016-03-17T01:39:02.530000;2016-03-17T01:39:02.657000;6816be38-adf1-4eb8-9895-321fd719f594;416.5;0.01;BUY
2016-03-17T01:39:02.530000;2016-03-17T01:39:02.657000;57c7a6e8-e1f8-403d-b186-b5ea333e5305;416.51;0.01;BUY
2016-03-17T01:39:02.530000;2016-03-17T01:39:02.657000;3f7356ee-4da1-4e4a-916f-b8fe5e1c41f4;416.51;0.010025;BUY
2016-03-17T01:39:02.530000;2016-03-17T01:39:02.680000;b164e3b5-f95f-4144-92c2-925ae9dbc9af;416.51;0.010025;BUY
2016-03-17T01:39:02.530000;2016-03-17T01:39:02.680000;c7865c75-637c-4c1a-8eee-469564cf001d;416.51;0.010025;BUY
2016-03-17T01:39:02.530000;2016-03-17T01:39:02.680000;b8ab023d-da72-4b17-8f17-ee37a8378dc9;416.51;0.48581619;BUY
2016-03-17T01:39:31.577000;2016-03-17T01:39:31.627000;6a1c917e-3e4e-4ad1-8588-d803e250fd6b;416.5;0.05;BUY
2016-03-17T01:39:31.577000;2016-03-17T01:39:31.643000;309c210f-ae7a-433f-9472-53130d83d954;416.5;0.127;BUY
2016-03-17T01:39:31.577000;2016-03-17T01:39:31.643000;891b71c6-3507-4203-bb5d-9c4ec423e6e9;416.5;0.05;BUY
2016-03-17T01:39:31.577000;2016-03-17T01:39:31.663000;6efdb4a2-6957-43a7-a52b-f79b863f7dc7;416.5;0.4;BUY
2016-03-17T01:39:31.577000;2016-03-17T01:39:31.663000;1f298e5a-0245-4446-8457-2801029fea36;416.51;0.41698381;BUY
2016-03-17T01:39:31.577000;2016-03-17T01:39:31.663000;7dc11e32-e1b2-4db4-bd94-c73d1ecc7324;416.52;0.78773364;BUY
2016-03-17T01:39:31.577000;2016-03-17T01:39:31.677000;67eebe00-8ea2-4101-8f3b-e0581767a211;416.52;0.25;BUY
2016-03-17T01:39:31.577000;2016-03-17T01:39:31.680000;52c4c620-dc80-42d7-b3f8-2cfaf8672fda;416.52;0.01935255;BUY
2016-03-17T01:40:01.517000;2016-03-17T01:40:01.567000;f5f202ad-37c7-4765-8ec7-79bdd8cdaa52;416.51;0.299;BUY
2016-03-17T01:40:01.517000;2016-03-17T01:40:01.583000;7d782f07-74f8-4680-b29d-704e2d1584ed;416.52;0.23064745;BUY
2016-03-17T01:40:01.517000;2016-03-17T01:40:01.583000;8a3f4a35-f49b-4628-8e9c-9235da0f592d;416.52;0.25;BUY
2016-03-17T01:40:01.517000;2016-03-17T01:40:01.607000;80bf2308-5f0a-43b6-9ddc-e9e941ada531;416.52;11.08979255;BUY
2016-03-17T01:40:31.463000;2016-03-17T01:40:31.507000;d6ae6f8a-7ddc-4547-9d3f-68ae5c6ac19f;416.52;0.05;BUY
2016-03-17T01:40:31.463000;2016-03-17T01:40:31.523000;38fc7cb7-f653-4f8a-bb01-2c85fc2f8ce0;416.53;0.01;BUY
2016-03-17T01:40:31.463000;2016-03-17T01:40:31.523000;6345c4db-c034-45dd-89d1-53b8cd8686af;416.53;0.03507;BUY
2016-03-17T01:41:01.300000;2016-03-17T01:41:01.343000;bbf33713-e25f-4c36-981b-652f5e2b4000;416.52;0.282;BUY
2016-03-17T01:41:01.300000;2016-03-17T01:41:01.367000;c07064da-79bb-4b45-befd-ca0bbb0f920c;416.53;0.07323;BUY
2016-03-17T01:41:31.500000;2016-03-17T01:41:31.540000;8cbb02c8-3913-473a-b3a6-a32bd3bc803c;416.45;0.68455;BUY
2016-03-17T01:42:01.380000;2016-03-17T01:42:01.423000;072c6c47-2c7e-4444-9f5d-62f59d670b13;416.45;0.21779;BUY
2016-03-17T01:42:31.607000;2016-03-17T01:42:31.647000;51cf7219-fe3b-4953-869c-a009e86f2d88;416.48;0.24903;BUY
2016-03-17T01:43:01.463000;2016-03-17T01:43:01.503000;e67c2837-febb-40fb-a3ce-2e7e48dd0db5;416.43;0.25;SELL
2016-03-17T01:43:01.463000;2016-03-17T01:43:01.520000;d522dbd5-b758-4e6e-a1a2-b55b7c823db9;416.41;0.412;SELL
2016-03-17T01:43:01.463000;2016-03-17T01:43:01.520000;b29d4943-71db-477b-ab6e-75fb6396ffc1;416.4;1.25;SELL
2016-03-17T01:43:01.463000;2016-03-17T01:43:01.537000;f5ef5392-b7c5-44a4-bc60-e344e35dd38d;416.39;0.1;SELL
2016-03-17T01:43:01.463000;2016-03-17T01:43:01.537000;895d709e-c977-4f03-8304-37c3fb24cc3e;416.39;0.05;SELL
2016-03-17T01:43:01.467000;2016-03-17T01:43:01.607000;a5101964-6ac3-410e-91a8-d2952a1a5ad6;416.39;0.8;SELL
2016-03-17T01:43:01.467000;2016-03-17T01:43:01.607000;5f3a49cc-335f-4951-b125-5f528d191db8;416.39;0.01;SELL
2016-03-17T01:43:01.467000;2016-03-17T01:43:01.607000;50f81869-c752-4e93-b1e3-19ef4db0b778;416.39;1.75;SELL
2016-03-17T01:43:01.467000;2016-03-17T01:43:01.607000;f6b371e5-afe2-4aea-9b57-3c279bcbf567;416.38;2.51857;SELL
2016-03-17T01:43:31.390000;2016-03-17T01:43:31.427000;1a5a31c0-ea03-49bd-adc0-4a149c50e9fd;416.51;0.20056;BUY
2016-03-17T01:44:01.520000;2016-03-17T01:44:01.557000;7a0b4ed5-0cc7-46ff-9378-b935dd67a6cd;416.51;0.04754;BUY
2016-03-17T01:44:31.453000;2016-03-17T01:44:31.487000;0ad079ad-bbfd-476a-a039-15a7fc1680c8;416.45;0.03516;BUY
2016-03-17T01:46:00.240000;2016-03-17T01:46:00.273000;5844a46a-ea65-4b71-8f6d-b50b506962cf;416.45;0.03376;BUY
2016-03-17T01:46:00.253000;2016-03-17T01:46:00.297000;0cc08586-5472-4149-9b40-76b180303042;416.45;0.02938;BUY
2016-03-17T01:47:57.623000;2016-03-17T01:47:57.653000;9959280c-94cc-419f-90a4-b176b32e9025;416.45;0.02;BUY
2016-03-17T01:49:46.470000;2016-03-17T01:49:46.493000;2864e4b8-509c-4b95-b058-aeb96436cee9;416.44;0.05;SELL
2016-03-17T01:49:46.470000;2016-03-17T01:49:46.510000;cbefea8e-18cf-424e-95a5-56e8f70c886f;416.34;0.15;SELL
2016-03-17T01:49:48.633000;2016-03-17T01:49:48.653000;58c68c13-526d-41e9-8fe4-1a6abb664bb7;416.34;0.2;SELL
2016-03-17T01:49:50.770000;2016-03-17T01:49:50.817000;28548f92-5256-4e1b-80b8-900a364d2618;416.34;0.05;SELL
2016-03-17T01:49:50.770000;2016-03-17T01:49:50.817000;bb9f326c-f765-4044-9af4-cb0c58e98747;416.34;0.05;SELL
2016-03-17T01:49:50.770000;2016-03-17T01:49:50.817000;ecc07e6b-4be8-401e-8cb5-904380673d82;416.33;0.1;SELL
2016-03-17T01:49:52.903000;2016-03-17T01:49:52.937000;aeca2fdf-6a0a-4bc3-abf6-2ce6da560d3a;416.35;0.05;SELL
2016-03-17T01:49:52.903000;2016-03-17T01:49:52.953000;d5e760d0-5b66-4594-a7db-075f047baa81;416.33;0.15;SELL
2016-03-17T01:49:55.263000;2016-03-17T01:49:55.287000;c0c7fe26-4a97-469f-833f-8d61d67371e0;416.37;0.2;SELL
2016-03-17T01:49:57.767000;2016-03-17T01:49:57.790000;a0e28890-9f76-4d69-be45-9114d6d46259;416.38;0.05;SELL
2016-03-17T01:49:57.767000;2016-03-17T01:49:57.810000;2899420f-ed83-4c93-b812-cc2bcc415c6f;416.33;0.15;SELL
2016-03-17T01:49:59.913000;2016-03-17T01:49:59.950000;f498d134-14df-4e2e-a86f-8e65a6ec196b;416.36;0.2;SELL
2016-03-17T01:50:02.317000;2016-03-17T01:50:02.337000;d8262d35-2743-4d03-8441-131d22f4b0d0;416.38;0.2;SELL
2016-03-17T01:50:04.467000;2016-03-17T01:50:04.493000;78eb318d-3cc9-4f5b-bb0b-32c432b8caf6;416.38;0.05;SELL
2016-03-17T01:50:04.467000;2016-03-17T01:50:04.513000;c0c2d756-92c3-4d84-a437-19f140336c80;416.38;0.05;SELL
2016-03-17T01:50:04.467000;2016-03-17T01:50:04.513000;407c2d30-a1ef-4274-aea3-8b7ae2bddd9c;416.38;0.1;SELL
2016-03-17T01:50:06.847000;2016-03-17T01:50:06.867000;5b5fa912-6d76-44f4-aa65-f396dc82399f;416.35;0.2;SELL
2016-03-17T01:50:08.977000;2016-03-17T01:50:09.000000;4abfc128-ab47-41e8-9876-6730dbbb7430;416.35;0.05;SELL
2016-03-17T01:50:08.977000;2016-03-17T01:50:09.017000;8e670869-d364-4b6c-8fc0-92b0d5da09f5;416.35;0.05;SELL
2016-03-17T01:50:08.977000;2016-03-17T01:50:09.017000;5aaa08c1-c452-419f-b891-6438e34943f3;416.33;0.04912788;SELL
2016-03-17T01:50:08.977000;2016-03-17T01:50:09.037000;87cbf317-52a8-4b55-93b4-d5a95c7d593e;416.33;0.05087212;SELL
2016-03-17T01:50:11.137000;2016-03-17T01:50:11.153000;70c877d4-b3bd-498c-a5f6-39ee4eecbee5;416.36;0.2;SELL
2016-03-17T01:50:13.527000;2016-03-17T01:50:13.547000;e4cfc747-fa69-4e84-839d-c3b3349af29c;416.36;0.05;SELL
2016-03-17T01:50:13.527000;2016-03-17T01:50:13.563000;c2d198ba-0eb7-4f2e-8339-8ccd20551230;416.36;0.05;SELL
2016-03-17T01:50:13.527000;2016-03-17T01:50:13.580000;bb1796c5-6ef8-4dae-8d90-1e02ec867a80;416.33;0.1;SELL
2016-03-17T01:50:15.690000;2016-03-17T01:50:15.727000;593f2aeb-9ac9-494f-b852-46d9cbb39624;416.37;0.2;SELL
2016-03-17T01:50:17.910000;2016-03-17T01:50:17.930000;4e2c2f31-97ed-44b3-992e-f6d24e51f0b3;416.37;0.05;SELL
2016-03-17T01:50:17.910000;2016-03-17T01:50:17.950000;68d28120-042d-422f-b922-acf4c8282185;416.37;0.05;SELL
2016-03-17T01:50:17.910000;2016-03-17T01:50:17.953000;834d3901-8ff0-485b-8f4a-4f3e4011f393;416.33;0.09912788;SELL
2016-03-17T01:50:17.910000;2016-03-17T01:50:17.967000;997188d5-7f82-47d5-9a4f-65bad0c3de7a;416.33;0.00087212;SELL
2016-03-17T01:50:20.070000;2016-03-17T01:50:20.090000;ef062836-e0cd-4524-a1aa-9a1bfcd9b99c;416.34;0.2;SELL
2016-03-17T01:50:22.230000;2016-03-17T01:50:22.250000;3e158702-6f96-4a92-b8fe-d274ac3d1029;416.34;0.05;SELL
2016-03-17T01:50:22.230000;2016-03-17T01:50:22.267000;3016fcb5-9dbc-4c1d-a272-b7fb356b2b99;416.34;0.05;SELL
2016-03-17T01:50:22.230000;2016-03-17T01:50:22.267000;0c3d6b85-c358-4e81-a1bc-47e009a7807a;416.33;0.1;SELL
2016-03-17T01:50:23.173000;2016-03-17T01:50:23.193000;bb616592-89c1-479a-94fa-cbaf45d6de14;416.34;0.01;SELL
2016-03-17T01:50:24.587000;2016-03-17T01:50:24.627000;71f40fd5-8d44-4632-a20c-e8ba40ba611a;416.34;0.2;SELL
2016-03-17T01:50:26.713000;2016-03-17T01:50:26.743000;3008dff2-b59b-45ac-90be-d77bb2e782b5;416.34;0.04;SELL
2016-03-17T01:50:26.713000;2016-03-17T01:50:26.743000;063643b5-cd36-4d61-846c-b0c15c43c2d5;416.33;0.14912788;SELL
2016-03-17T01:50:26.713000;2016-03-17T01:50:26.760000;1a3986b9-c24a-4230-8ae7-ee377d9fcd0d;416.33;0.01087212;SELL
2016-03-17T01:50:28.870000;2016-03-17T01:50:28.903000;d44cb2f4-1ab1-4e94-9418-18a0b304d99a;416.34;0.2;SELL
2016-03-17T01:50:31.017000;2016-03-17T01:50:31.033000;6e37eb7d-75c6-4ebd-a48e-1302b0bd6b21;416.34;0.05;SELL
2016-03-17T01:50:31.017000;2016-03-17T01:50:31.053000;c2ca6538-5ed7-41fa-a3d7-7c732dcc96ac;416.33;0.0609;SELL
2016-03-17T01:50:57.940000;2016-03-17T01:50:58.003000;746b07b8-adf2-43d7-970b-50bcb8ce7edd;416.42;2.0;BUY
2016-03-17T01:50:57.940000;2016-03-17T01:50:58.020000;24683d54-d1e0-4ec7-b84e-55efe09bf3aa;416.42;0.11;BUY
2016-03-17T01:50:57.940000;2016-03-17T01:50:58.020000;4eaae6ad-354f-4fa6-a316-1509773713a8;416.43;3.411;BUY
2016-03-17T01:52:01.580000;2016-03-17T01:52:01.663000;415fe34f-abac-4ad6-82cf-7450ff40cfc3;416.44;0.261;BUY
2016-03-17T01:52:01.580000;2016-03-17T01:52:01.663000;13918e17-b924-4411-91d0-806909364bd1;416.45;0.25;BUY
2016-03-17T01:52:01.580000;2016-03-17T01:52:01.663000;f1ed7815-52b9-482d-a28a-5397890c5332;416.45;4.849;BUY
2016-03-17T01:52:01.580000;2016-03-17T01:52:01.663000;caff5945-23bd-4288-9b8c-c90465367baa;416.45;0.01;BUY
2016-03-17T01:52:01.580000;2016-03-17T01:52:01.710000;d319b06c-3f8d-4866-b536-6601ca8a7bd4;416.47;4.614;BUY
2016-03-17T01:52:01.580000;2016-03-17T01:52:01.727000;3c0ded76-5195-44a2-853b-9b7b660f4890;416.48;7.17601;BUY
2016-03-17T01:52:01.580000;2016-03-17T01:52:01.727000;470cbd11-9ea8-4508-9bed-77c4a76dd472;416.49;0.264;BUY
2016-03-17T01:52:01.580000;2016-03-17T01:52:01.730000;1e6e9d7f-7a38-4307-bf4c-afe2a8308109;416.54;0.01;BUY
2016-03-17T01:52:01.580000;2016-03-17T01:52:01.730000;92790375-5e8d-4db0-b7a9-4eaeb0c147fb;416.54;0.79100364;BUY
2016-03-17T01:52:01.580000;2016-03-17T01:52:01.730000;75d27d03-6ae1-44f2-8e18-875b797fc8b9;416.54;0.21646075;BUY
2016-03-17T01:52:01.580000;2016-03-17T01:52:01.730000;4a6e8a50-2f5a-4cf8-aff7-b52039dc2bd9;416.54;0.05411519;BUY
2016-03-17T01:52:01.580000;2016-03-17T01:52:01.730000;7a01ace7-7904-46d8-97b9-2dab408f61f3;416.54;0.0135288;BUY
2016-03-17T01:52:01.580000;2016-03-17T01:52:01.730000;5ea01c7a-00f3-4d8d-8595-a4abf0f0531d;416.54;1.36902162;BUY
2016-03-17T01:52:31.177000;2016-03-17T01:52:31.230000;6fa48783-8aa7-43dd-8b64-48d893fd7dfb;416.54;0.19859;BUY
2016-03-17T01:52:31.257000;2016-03-17T01:52:31.347000;84879341-3e11-4270-b38e-6857f5243a86;416.54;0.04009;BUY
2016-03-17T01:52:31.610000;2016-03-17T01:52:31.670000;05a89f28-3947-462a-8846-841a664f3e10;416.54;0.0524;BUY
2016-03-17T01:52:31.617000;2016-03-17T01:52:31.687000;629b5d23-7aa2-405e-9ec8-4031bc84c3c3;416.54;0.03892;BUY
2016-03-17T01:52:33.423000;2016-03-17T01:52:33.480000;b327a9d7-e191-4ef2-b624-a4b595c72e87;416.53;0.258;BUY
2016-03-17T01:52:33.423000;2016-03-17T01:52:33.497000;40ec0096-ebb7-461c-b362-82a73c9fd863;416.54;0.65553;BUY
2016-03-17T01:53:02.260000;2016-03-17T01:53:02.317000;64616f57-5eca-47f8-aec4-0b6d3b69793f;416.54;0.68544838;BUY
2016-03-17T01:53:02.260000;2016-03-17T01:53:02.333000;a7302978-ac1c-410f-9658-9d15301f90b5;416.54;0.71960162;BUY
2016-03-17T01:53:31.623000;2016-03-17T01:53:31.677000;9820f01f-4a5d-4450-944a-9b2cb94095d8;416.38;0.25;SELL
2016-03-17T01:53:31.623000;2016-03-17T01:53:31.700000;2aadbc37-1db4-45dc-a253-c2c0f029f229;416.33;0.01448;SELL
2016-03-17T01:54:01.380000;2016-03-17T01:54:01.430000;a9cefbf2-074f-4e11-8943-8505cb3956d1;416.33;0.16374788;SELL
2016-03-17T01:54:01.380000;2016-03-17T01:54:01.447000;13657de3-8c76-4345-9ae1-5f1808632701;416.33;0.06495212;SELL
2016-03-17T01:54:31.430000;2016-03-17T01:54:31.480000;210457ae-b730-4ac3-83c0-0b3b0d6ac932;416.41;0.243;BUY
2016-03-17T01:54:31.430000;2016-03-17T01:54:31.507000;dee0afe0-6e8a-4f8f-8f5f-5b0726228acd;416.41;0.23;BUY
2016-03-17T01:54:31.430000;2016-03-17T01:54:31.507000;eb90ea2b-ef79-4922-9441-5a62d4d8ef5d;416.42;0.41178;BUY
2016-03-17T01:54:44.957000;2016-03-17T01:54:45.007000;8e13112d-0a19-4fe9-bbad-09a6697db6dc;416.42;0.01;BUY
2016-03-17T01:56:01.597000;2016-03-17T01:56:01.647000;c86ca97e-ad9f-457b-8ae8-5931a5d2e71d;416.45;0.25;BUY
2016-03-17T01:56:01.600000;2016-03-17T01:56:01.663000;fe9879a8-2094-45ce-8564-fd7a03c99dc6;416.45;0.0899;BUY
2016-03-17T01:57:01.430000;2016-03-17T01:57:01.477000;e46ee87f-e87b-415e-99f1-ca55e3bb3416;416.34;0.05;SELL
2016-03-17T01:57:01.430000;2016-03-17T01:57:01.510000;c203fd7e-c663-4033-bf53-24ab782460d1;416.33;0.18504788;SELL
2016-03-17T01:57:01.430000;2016-03-17T01:57:01.510000;179a9fff-2724-4254-ab13-a5a7753d9b1c;416.31;0.02668212;SELL
2016-03-17T01:57:31.837000;2016-03-17T01:57:31.890000;6fd5ae4a-8f96-40ba-b437-808451a4c62c;416.36;1.2;BUY
2016-03-17T01:58:00.357000;2016-03-17T01:58:00.397000;eeae106c-74f3-4e32-bde8-41470112ddaa;416.36;0.03;BUY
2016-03-17T01:58:01.717000;2016-03-17T01:58:01.760000;7c214a72-28e8-48fc-8b3c-33d30927dd48;416.36;1.00316;BUY
2016-03-17T01:58:31.417000;2016-03-17T01:58:31.457000;b9c27dee-7577-4d80-821a-7717824f6f07;416.36;1.30109;BUY
2016-03-17T01:59:01.540000;2016-03-17T01:59:01.577000;06a365c8-d3e5-42b3-ab33-67b9ba203ec2;416.36;0.46975;BUY
2016-03-17T01:59:01.540000;2016-03-17T01:59:01.593000;82ee052a-f425-4018-9466-24b8f891937d;416.43;0.25;BUY
2016-03-17T01:59:01.540000;2016-03-17T01:59:01.593000;45ea0164-1025-4cbe-b33d-66ad4288f8ff;416.44;1.0;BUY
2016-03-17T01:59:01.540000;2016-03-17T01:59:01.610000;e8b961e1-dafb-47f2-a4ef-bd770643fad0;416.44;0.158;BUY
2016-03-17T01:59:01.540000;2016-03-17T01:59:01.610000;07e599cd-70d9-4ffb-83fc-0bc8921ac512;416.46;4.06638;BUY
2016-03-17T02:00:31.527000;2016-03-17T02:00:31.580000;274d669d-cba1-4685-a44b-fc92d3ac3380;416.49;0.25;SELL
2016-03-17T02:00:31.527000;2016-03-17T02:00:31.580000;5cb43789-b6ac-41f7-9245-707f514e5ec2;416.49;0.37052;SELL
2016-03-17T02:01:31.497000;2016-03-17T02:01:31.533000;e457b986-eccc-42f6-907a-c2369b3fc2fe;416.53;0.20696;BUY
2016-03-17T02:02:32.163000;2016-03-17T02:02:32.217000;a05fc71c-c8aa-4a44-b152-7f7a3aec1535;416.52;0.215;BUY
2016-03-17T02:02:32.163000;2016-03-17T02:02:32.233000;9a26e760-d5e3-4db6-9148-889f2523d447;416.53;0.12214;BUY
2016-03-17T02:03:01.427000;2016-03-17T02:03:01.457000;9e1d0b50-2551-4415-8398-5d7bb96a3892;416.53;1.33714;BUY
2016-03-17T02:03:31.433000;2016-03-17T02:03:31.463000;401c2859-88a7-48c1-bd12-4682430ede4a;416.55;0.01;BUY
2016-03-17T02:03:31.433000;2016-03-17T02:03:31.503000;33cd1491-611e-456f-9ca6-4f91c920430a;416.57;0.05;BUY
2016-03-17T02:03:31.433000;2016-03-17T02:03:31.503000;d0c7954f-6857-4513-946d-4837a86ad678;416.57;0.02;BUY
2016-03-17T02:03:31.433000;2016-03-17T02:03:31.503000;7aa1a85a-cb26-4130-864f-2af0f85d263d;416.57;0.01;BUY
2016-03-17T02:03:31.433000;2016-03-17T02:03:31.520000;d333da33-ff60-41c3-bada-c85902ac885f;416.57;0.25;BUY
2016-03-17T02:03:31.433000;2016-03-17T02:03:31.520000;6242aa79-7b7b-4d4f-92fd-fa53f6c1ab7c;416.57;0.25;BUY
2016-03-17T02:03:31.433000;2016-03-17T02:03:31.520000;37fde074-0b65-4fe2-ac8f-f96f892bba77;416.57;0.25;BUY
2016-03-17T02:03:31.433000;2016-03-17T02:03:31.520000;a3593d57-a510-4b74-8cc2-d20ce404bae3;416.57;0.25;BUY
2016-03-17T02:03:31.433000;2016-03-17T02:03:31.520000;91976b49-b311-4420-9c69-a28d40fbd8d8;416.57;0.24714;BUY
2016-03-17T02:04:02.043000;2016-03-17T02:04:02.090000;e91cbd50-8cf5-41d8-82b7-4fe6d625c31a;416.51;0.0549;SELL
2016-03-17T02:04:31.753000;2016-03-17T02:04:31.790000;afdddfd6-154a-4c96-b829-e19a9eb01db5;416.57;0.07687;BUY
2016-03-17T02:05:01.920000;2016-03-17T02:05:02.030000;e6d9e943-f679-4f29-8ef6-6974b846201e;416.52;0.0485;SELL
2016-03-17T02:05:03.833000;2016-03-17T02:05:03.870000;2d9bee68-db88-4db8-b459-8c448500dfd5;416.54;0.05;SELL
2016-03-17T02:06:09.263000;2016-03-17T02:06:09.327000;2c6bcb3d-2d85-46a8-b606-a64168bb8cb0;416.57;0.23768;BUY
2016-03-17T02:06:33.433000;2016-03-17T02:06:33.510000;5580d5c7-066e-4969-b0fe-8d1e3e653314;416.56;0.417;SELL
2016-03-17T02:06:33.433000;2016-03-17T02:06:33.527000;3610adf8-e56e-4680-845d-aa7ef0d744a6;416.55;0.18;SELL
2016-03-17T02:06:33.433000;2016-03-17T02:06:33.527000;79f5198c-e15c-491b-9f75-51d4fa5b9834;416.5;0.0115;SELL
2016-03-17T02:06:33.433000;2016-03-17T02:06:33.527000;4f935268-98a7-47fb-9990-e9d098d89344;416.5;0.428;SELL
2016-03-17T02:06:33.433000;2016-03-17T02:06:33.527000;f6240e76-f35e-4823-b5f7-7cdae2bf7dc2;416.49;0.02242176;SELL
2016-03-17T02:06:33.433000;2016-03-17T02:06:33.527000;f9e6941c-2c5d-4d74-86e1-eece51befeaa;416.45;0.447;SELL
2016-03-17T02:06:33.433000;2016-03-17T02:06:33.527000;37dadc5b-dd81-4fe9-8c58-0701495cd461;416.45;0.01064824;SELL
2016-03-17T02:07:01.710000;2016-03-17T02:07:01.780000;01f82105-47c9-4cfc-a254-c18a70e1deaf;416.56;0.269;BUY
2016-03-17T02:07:01.710000;2016-03-17T02:07:01.780000;eee67474-f2a5-4138-9717-b2b6d2942479;416.57;0.23831;BUY
2016-03-17T02:07:01.710000;2016-03-17T02:07:01.797000;34a9035c-a94c-4065-9770-dbf06723856a;416.57;0.52191;BUY
2016-03-17T02:07:31.487000;2016-03-17T02:07:31.543000;cceba812-9d61-4414-8813-4d623ce60241;416.57;0.98397;BUY
2016-03-17T02:08:01.767000;2016-03-17T02:08:01.860000;7b0d0a62-16e3-49f2-b77e-9e4bbfcfc14e;416.57;0.4045;BUY
2016-03-17T02:08:31.543000;2016-03-17T02:08:31.597000;631813a6-6af7-4d1c-a6cf-3744bcc28e08;416.57;0.08962;BUY
2016-03-17T02:08:31.543000;2016-03-17T02:08:31.613000;38b825ff-da23-4e45-aa7d-85b3fea07a08;416.58;0.01;BUY
2016-03-17T02:08:31.543000;2016-03-17T02:08:31.640000;1374a09c-7262-4ecb-9d65-d100afbbe515;416.58;0.31538;BUY
2016-03-17T02:09:01.590000;2016-03-17T02:09:01.643000;84bdeb2c-bd09-4b08-ae7e-f5db9c5ae75e;416.57;0.368;SELL
2016-03-17T02:09:01.590000;2016-03-17T02:09:01.660000;1bfb0b66-3611-4b6e-bf9a-1fe337e27b49;416.56;3.14995;SELL
2016-03-17T02:09:31.550000;2016-03-17T02:09:31.600000;1ed22b79-5f48-4e08-8cb5-d55e1f4e2af7;416.58;0.21124;BUY
2016-03-17T02:10:03.510000;2016-03-17T02:10:03.577000;ea0495e5-33c5-4cb8-a5e6-58d3c8286b4f;416.58;0.03876;BUY
2016-03-17T02:10:03.510000;2016-03-17T02:10:03.580000;bcfaefd9-9ae9-4c16-8cbe-bc725c346d06;416.59;0.01;BUY
2016-03-17T02:10:03.510000;2016-03-17T02:10:03.580000;7c0a942d-c2de-450b-8747-e50b3f99caea;416.6;0.01;BUY
2016-03-17T02:10:03.510000;2016-03-17T02:10:03.600000;0e03c469-8a2e-446b-9f53-5b679eb38093;416.6;0.01;BUY
2016-03-17T02:10:03.510000;2016-03-17T02:10:03.600000;22a743cb-743b-4ac9-b6a8-c361a1d9a85c;416.6;0.29891;BUY
2016-03-17T02:10:31.710000;2016-03-17T02:10:31.767000;a0e7e7f8-96a6-4d58-8648-87402b24af86;416.61;0.07501895;BUY
2016-03-17T02:10:31.710000;2016-03-17T02:10:31.783000;f62c055f-3d16-43f3-9947-7bb88160d780;416.62;0.01;BUY
2016-03-17T02:10:31.713000;2016-03-17T02:10:31.783000;cc856007-4bde-4e3c-9cc8-36edef0aa2c5;416.63;0.01;BUY
2016-03-17T02:10:31.713000;2016-03-17T02:10:31.800000;81766647-941a-4e06-af18-35c23f2be02f;416.64;0.01;BUY
2016-03-17T02:10:31.713000;2016-03-17T02:10:31.800000;4e1514aa-150d-49e4-923e-564c9d7bbc8e;416.64;0.14022235;BUY
2016-03-17T02:10:31.713000;2016-03-17T02:10:31.800000;27dc0c99-39b2-4305-a650-6a02f192134e;416.65;0.25;BUY
2016-03-17T02:10:31.713000;2016-03-17T02:10:31.800000;67def6ad-e808-4ea8-8962-0c5beddae31b;416.66;0.01835884;BUY
2016-03-17T02:10:31.713000;2016-03-17T02:10:31.800000;380e4d86-7cf4-4800-8e86-76ecd40b561a;416.66;0.01;BUY
2016-03-17T02:10:31.713000;2016-03-17T02:10:31.800000;4ef7936d-23e8-4a33-8692-caa481ea58d2;416.67;0.05;BUY
2016-03-17T02:10:31.713000;2016-03-17T02:10:31.800000;e4fa3d9b-356c-4f4c-92bc-1922909fb9c5;416.67;0.01;BUY
2016-03-17T02:10:31.713000;2016-03-17T02:10:31.817000;4b1c182a-3244-475c-9edf-395b9bde87b0;416.68;0.01;BUY
2016-03-17T02:10:31.713000;2016-03-17T02:10:31.840000;f664f8d1-b479-4bab-9059-bf049f585904;416.69;0.25;BUY
2016-03-17T02:10:31.713000;2016-03-17T02:10:31.840000;37daf32b-3a02-409f-a5b9-e50f76e2509d;416.7;0.01;BUY
2016-03-17T02:10:31.713000;2016-03-17T02:10:31.840000;b280f804-e5e7-41c6-98ef-791f6bfea950;416.7;0.01607393;BUY
2016-03-17T02:10:31.713000;2016-03-17T02:10:31.840000;1c3d3475-8b9f-4fc2-8ca9-4ea60f1d8b61;416.7;0.25;BUY
2016-03-17T02:10:31.713000;2016-03-17T02:10:31.840000;666c7887-d600-41e5-941d-30663f7a3f63;416.72;0.25656479;BUY
2016-03-17T02:10:31.713000;2016-03-17T02:10:31.840000;d4ec5af1-b780-4201-8579-784b27a3613a;416.72;0.01;BUY
2016-03-17T02:10:31.713000;2016-03-17T02:10:31.840000;36ffe3f1-fe18-4bbc-b249-cab197c898f4;416.72;0.01;BUY
2016-03-17T02:10:31.713000;2016-03-17T02:10:31.840000;4599e329-c3b4-4bc3-a36b-12a344cddfec;416.73;0.07343537;BUY
2016-03-17T02:10:31.717000;2016-03-17T02:10:31.840000;1e0662d9-8921-4dff-8cb6-97172b4a95fa;416.75;0.01;BUY
2016-03-17T02:10:31.717000;2016-03-17T02:10:31.840000;b55abe60-ac4d-43ab-bd82-56cc3f4c29fb;416.75;0.084;BUY
2016-03-17T02:10:31.717000;2016-03-17T02:10:31.857000;2378ee48-8d7b-4f8a-8a37-95efba1e9274;416.76;0.02517157;BUY
2016-03-17T02:10:31.717000;2016-03-17T02:10:31.857000;6f913709-6db0-456c-9f03-118b5a934af5;416.76;1.8243142;BUY
2016-03-17T02:10:42.380000;2016-03-17T02:10:42.427000;a43ccdca-6711-4934-b1e7-84da6e6bc7a3;416.76;0.0285;BUY
2016-03-17T02:10:42.383000;2016-03-17T02:10:42.443000;3a8dbdad-3e7a-40ec-938d-0b7e45034cce;416.76;0.015;BUY
2016-03-17T02:10:48.860000;2016-03-17T02:10:48.917000;8cff99c6-1e4b-43b3-85d7-3961d8892f74;416.63;0.25;SELL
2016-03-17T02:10:48.860000;2016-03-17T02:10:48.917000;eee14228-a7cb-4f5d-8024-a7292f96c3ca;416.63;2.74;SELL
2016-03-17T02:11:33.070000;2016-03-17T02:11:33.117000;1b223aae-a59f-422a-866b-f2891abdffb4;416.75;0.311;BUY
2016-03-17T02:11:33.070000;2016-03-17T02:11:33.140000;7e2a5be2-fc8f-4ca2-8b84-8f995435f36f;416.76;0.30139;BUY
2016-03-17T02:12:02.790000;2016-03-17T02:12:02.837000;df16df0b-90b3-45d6-930b-3fcc0606415b;416.65;0.302;BUY
2016-03-17T02:12:02.790000;2016-03-17T02:12:02.853000;b2410a67-2287-4a56-a64b-992e3419877c;416.65;0.05;BUY
2016-03-17T02:12:02.790000;2016-03-17T02:12:02.870000;057e6eb1-d638-46f6-8db0-c5682be48d2f;416.66;0.2158;BUY
2016-03-17T02:12:14.573000;2016-03-17T02:12:14.620000;9485658c-a5f0-4e26-8108-ad384c22ddd1;416.63;0.015;BUY
2016-03-17T02:12:14.597000;2016-03-17T02:12:14.657000;23faa338-8ada-467e-aac3-6e1e4335ce73;416.63;0.02110317;BUY
2016-03-17T02:12:14.600000;2016-03-17T02:12:14.657000;8ac1366b-704d-4fdb-bfa0-9abc2ef4148c;416.63;0.05207888;BUY
2016-03-17T02:12:14.603000;2016-03-17T02:12:14.677000;f6eba81f-897f-4449-b99c-07f999550df9;416.63;0.013;BUY
2016-03-17T02:12:14.627000;2016-03-17T02:12:14.707000;72520df5-e640-4e53-92aa-f7b249770f60;416.63;0.74681795;BUY
2016-03-17T02:12:18.993000;2016-03-17T02:12:19.047000;51a9ce2f-9be3-4ded-99df-9ac705d64183;416.64;0.25;SELL
2016-03-17T02:13:00.987000;2016-03-17T02:13:01.027000;f9166cf1-a52c-4ab2-9eba-92f710149317;416.59;0.04479224;SELL
2016-03-17T02:13:00.987000;2016-03-17T02:13:01.043000;69a0e833-984c-4ffe-ae0b-e3036b4a9544;416.58;0.25;SELL
2016-03-17T02:13:00.987000;2016-03-17T02:13:01.047000;a5d62a57-b69f-45b5-b1ee-6c15c9238146;416.57;0.03619776;SELL
2016-03-17T02:13:31.637000;2016-03-17T02:13:31.683000;1a3a27f3-455a-41ca-b144-593787957737;416.64;0.48716;BUY
2016-03-17T02:14:03.520000;2016-03-17T02:14:03.590000;c6df4989-7e76-494b-b50b-fa474fb0a4be;416.65;0.229;BUY
2016-03-17T02:14:03.520000;2016-03-17T02:14:03.590000;9d1b3168-7d8a-4d1d-a87c-de1e615c5092;416.66;0.50768;BUY
2016-03-17T02:14:32.147000;2016-03-17T02:14:32.187000;37409ed4-874f-4735-ab6e-b80916609668;416.71;0.247;BUY
2016-03-17T02:14:32.147000;2016-03-17T02:14:32.203000;fa95f58b-4fa7-4d13-b8cd-40ddb1f0bc5c;416.71;2.0;BUY
2016-03-17T02:14:32.147000;2016-03-17T02:14:32.203000;f3994b43-3454-49e6-8244-3b7807afe05d;416.71;0.25;BUY
2016-03-17T02:14:32.147000;2016-03-17T02:14:32.230000;6978ca73-3ec0-43ad-aa86-28cddd4ad0d9;416.74;3.10319;BUY
2016-03-17T02:15:01.083000;2016-03-17T02:15:01.120000;fdfa3bf3-4e6c-42c5-8e06-d66c002fbfd4;416.6;0.07091;SELL
2016-03-17T02:15:32.117000;2016-03-17T02:15:32.153000;08df48c4-5be1-4699-9e59-c51506c4c6e0;416.65;0.01764;SELL
2016-03-17T02:16:02.037000;2016-03-17T02:16:02.070000;e64f1424-af47-49e7-a39b-0452a489eca4;416.65;0.0132;SELL
2016-03-17T02:16:31.007000;2016-03-17T02:16:31.040000;1afd9cb5-fd62-41ca-a63a-7eaf2001f489;416.65;0.0132;SELL
