time_exchange;time_coinpai;guid;price;base_amount;taker_side
2016-03-17T00:00:10.000000;2016-03-17T00:00:10.000000;efca0ea6-9790-45e6-9b23-95557b98b9ed;417.28;0.847;UNKNOWN
2016-03-17T00:00:24.000000;2016-03-17T00:00:24.000000;951e199c-11d4-4eb7-ba36-e923d3eb9c58;417.5;3.0;UNKNOWN
2016-03-17T00:00:24.000000;2016-03-17T00:00:24.000000;fa54449c-380d-482c-b3e2-50839300330c;417.51;5.8989;UNKNOWN
2016-03-17T00:03:02.000000;2016-03-17T00:03:02.000000;f858a478-0633-4e35-afc2-9adcc145dbb5;417.64;0.12;UNKNOWN
2016-03-17T00:04:11.000000;2016-03-17T00:04:11.000000;eeb94137-3bde-49b2-b808-aaa31e5001a8;417.53;0.74044189;UNKNOWN
2016-03-17T00:04:44.000000;2016-03-17T00:04:44.000000;c6f512cc-8c20-4915-bb2f-b8562cb10bd8;417.71;0.11434951;UNKNOWN
2016-03-17T00:04:46.000000;2016-03-17T00:04:46.000000;d543b1f8-990e-4ef5-bccc-8e0c3a5127de;417.71;0.2383299;UNKNOWN
2016-03-17T00:04:59.000000;2016-03-17T00:04:59.000000;277ee082-95ae-4bad-a740-e6ef9084b668;417.67;2.4;UNKNOWN
2016-03-17T00:04:59.000000;2016-03-17T00:04:59.000000;fc696bca-8a31-49b5-bf37-5b35828a0144;417.72;4.0676;UNKNOWN
2016-03-17T00:04:59.000000;2016-03-17T00:04:59.000000;8d2e0d21-b05c-4a79-bb75-37c84bfe7194;417.68;5.9024;UNKNOWN
2016-03-17T00:04:59.000000;2016-03-17T00:04:59.000000;d00d77d3-31c1-45d5-9d73-435d950d8d03;417.7;3.63;UNKNOWN
2016-03-17T00:05:17.000000;2016-03-17T00:05:17.000000;01529de7-8258-40cb-96dc-f2fc5034b882;417.77;0.15783301;UNKNOWN
2016-03-17T00:05:36.000000;2016-03-17T00:05:36.000000;e2a9c046-f09a-4c3d-aab2-677b4709b27e;417.55;0.04158185;UNKNOWN
2016-03-17T00:05:36.000000;2016-03-17T00:05:36.000000;f36c88d2-63a2-4869-845e-5311ee1dc08f;417.72;0.024;UNKNOWN
2016-03-17T00:05:37.000000;2016-03-17T00:05:37.000000;75f27f91-83ec-463a-ae64-680790540adf;417.55;0.06559163;UNKNOWN
2016-03-17T00:08:15.000000;2016-03-17T00:08:15.000000;fb524828-9a50-40c4-8b0b-d2472c3ed4e0;417.67;0.0301843;UNKNOWN
2016-03-17T00:08:16.000000;2016-03-17T00:08:16.000000;a9a74361-a8c9-4fdd-97de-3402ff8dbda5;417.67;0.03018574;UNKNOWN
2016-03-17T00:08:17.000000;2016-03-17T00:08:17.000000;3e07fd66-294e-4091-a792-bc962223fbc6;417.67;0.02312201;UNKNOWN
2016-03-17T00:08:24.000000;2016-03-17T00:08:24.000000;42412639-0ea8-4310-bab7-b605a6b94434;417.51;8.22;UNKNOWN
2016-03-17T00:08:27.000000;2016-03-17T00:08:27.000000;b7d505ea-0195-4f11-9ce5-f08fcfcf3b40;417.51;6.72;UNKNOWN
2016-03-17T00:08:59.000000;2016-03-17T00:08:59.000000;f76a4ec6-4904-41fc-93e4-ca280e2f83db;417.51;1.52;UNKNOWN
2016-03-17T00:09:03.000000;2016-03-17T00:09:03.000000;1bbcca4e-cb1a-4661-8bd0-7d923185e3fb;417.51;3.79;UNKNOWN
2016-03-17T00:09:15.000000;2016-03-17T00:09:15.000000;73d7bd0d-8752-4453-bf81-75aef8e06445;417.51;0.237897;UNKNOWN
2016-03-17T00:09:29.000000;2016-03-17T00:09:29.000000;acd57ea1-f83c-4689-8f85-b61c7488a4b2;417.51;1.04;UNKNOWN
2016-03-17T00:09:34.000000;2016-03-17T00:09:34.000000;971cf07b-373b-4718-8d71-b2236c3d56f6;417.51;0.86;UNKNOWN
2016-03-17T00:09:43.000000;2016-03-17T00:09:43.000000;9560cb3a-36bb-4f47-8348-a1a2bffc0f95;417.62;0.01235918;UNKNOWN
2016-03-17T00:10:34.000000;2016-03-17T00:10:34.000000;f85606d6-ed17-44d8-a19a-001c3f17c1f4;417.51;0.26;UNKNOWN
2016-03-17T00:10:38.000000;2016-03-17T00:10:38.000000;b01b8d9d-29f4-4317-9d03-6b11cbfedddd;417.51;0.79;UNKNOWN
2016-03-17T00:12:12.000000;2016-03-17T00:12:12.000000;eab3686d-015f-4afa-83ad-7627b030d599;417.52;0.1749;UNKNOWN
2016-03-17T00:12:13.000000;2016-03-17T00:12:13.000000;e8183f5e-c1f5-475e-9b04-436e88e30643;417.52;0.255;UNKNOWN
2016-03-17T00:14:11.000000;2016-03-17T00:14:11.000000;0adcc711-9153-41f6-9c02-e10e380582c0;417.51;0.71280918;UNKNOWN
2016-03-17T00:14:26.000000;2016-03-17T00:14:26.000000;0b70980b-2170-496e-8645-5cfe4002d051;417.59;0.03012045;UNKNOWN
2016-03-17T00:14:45.000000;2016-03-17T00:14:45.000000;f064ce80-1416-4b03-bf7c-69269a2461f7;417.59;0.03012045;UNKNOWN
2016-03-17T00:14:49.000000;2016-03-17T00:14:49.000000;eb3d71ab-3453-41a7-a347-627b0a92cba8;417.58;0.03011805;UNKNOWN
2016-03-17T00:14:56.000000;2016-03-17T00:14:56.000000;2c859411-4b0a-4ca1-bd5c-a866ea3d420a;417.51;2.25;UNKNOWN
2016-03-17T00:14:58.000000;2016-03-17T00:14:58.000000;5a979a6d-9ab8-4c73-bb62-fef81f30d8a6;417.56;0.03012117;UNKNOWN
2016-03-17T00:14:59.000000;2016-03-17T00:14:59.000000;4f978caf-7284-45aa-be62-1aee328e516e;417.51;3.84;UNKNOWN
2016-03-17T00:15:03.000000;2016-03-17T00:15:03.000000;515fa938-4fbd-46c1-b798-2d780d854847;417.51;0.046835;UNKNOWN
2016-03-17T00:15:06.000000;2016-03-17T00:15:06.000000;4b4e04e3-5bf4-439a-949c-08805ed743ed;417.51;0.30084;UNKNOWN
2016-03-17T00:16:04.000000;2016-03-17T00:16:04.000000;3d0273a5-1e35-4876-83d4-c69b84ae0968;417.52;0.03007623;UNKNOWN
2016-03-17T00:16:05.000000;2016-03-17T00:16:05.000000;095035c7-ce1b-4f01-b79b-78cf0e7f0566;417.52;0.03007623;UNKNOWN
2016-03-17T00:16:08.000000;2016-03-17T00:16:08.000000;b835270b-2c06-459e-b1d0-1f353f7d5c6d;417.51;0.51271882;UNKNOWN
2016-03-17T00:16:08.000000;2016-03-17T00:16:08.000000;ce2c98d1-9c26-4cc4-b773-c1258d646589;417.5;0.1;UNKNOWN
2016-03-17T00:16:09.000000;2016-03-17T00:16:09.000000;04cc0333-9822-4564-a4fc-796750181890;417.23;0.03007623;UNKNOWN
2016-03-17T00:16:09.000000;2016-03-17T00:16:09.000000;6ac3d28e-56d3-4449-9940-710986a975e3;417.23;0.941;UNKNOWN
2016-03-17T00:16:21.000000;2016-03-17T00:16:21.000000;6458d5de-0359-4b81-b0f7-2004cbf735d2;417.19;2.64;UNKNOWN
2016-03-17T00:17:40.000000;2016-03-17T00:17:40.000000;48f245c2-581b-4a69-b163-bf7e0c6a8186;417.06;0.218256;UNKNOWN
2016-03-17T00:17:43.000000;2016-03-17T00:17:43.000000;893ec573-fcd5-4226-a0d6-7978083ee87f;417.18;0.21739727;UNKNOWN
2016-03-17T00:17:59.000000;2016-03-17T00:17:59.000000;50b08a34-fdc1-47e8-8816-2dd30032dab2;417.01;0.132303;UNKNOWN
2016-03-17T00:18:12.000000;2016-03-17T00:18:12.000000;dac6926b-6dce-4d1c-a1d6-1f88778143b2;417.1;0.0426;UNKNOWN
2016-03-17T00:19:10.000000;2016-03-17T00:19:10.000000;88f0f031-785d-445b-8a49-000af74d125f;417.26;3.0;UNKNOWN
2016-03-17T00:19:10.000000;2016-03-17T00:19:10.000000;aeaaa870-1514-4515-9354-940ab4c8d88f;417.26;1.54;UNKNOWN
2016-03-17T00:19:10.000000;2016-03-17T00:19:10.000000;eb57c68f-662e-4e0c-a227-9eb5781bb582;417.51;12.0;UNKNOWN
2016-03-17T00:19:10.000000;2016-03-17T00:19:10.000000;620f23d0-9816-432a-aa3c-07909d946bcc;417.25;5.9484;UNKNOWN
2016-03-17T00:19:10.000000;2016-03-17T00:19:10.000000;361479d5-cdd2-4c76-8d5a-539b85bc69bc;417.52;3.47490404;UNKNOWN
2016-03-17T00:19:10.000000;2016-03-17T00:19:10.000000;37b0b71f-9001-47aa-8052-bfe981d1eef0;417.26;0.5;UNKNOWN
2016-03-17T00:19:10.000000;2016-03-17T00:19:10.000000;db53e113-f39d-42c2-9c59-7bfa913b86fc;417.3;4.29;UNKNOWN
2016-03-17T00:19:10.000000;2016-03-17T00:19:10.000000;61ff95aa-6738-4adf-93f0-eb60c359fc15;417.31;4.5;UNKNOWN
2016-03-17T00:19:11.000000;2016-03-17T00:19:11.000000;93aa1219-ef78-4e27-bd97-16f8ad0e4cbe;416.99;0.077345;UNKNOWN
2016-03-17T00:19:30.000000;2016-03-17T00:19:30.000000;01c03e75-1b7b-4d41-bd8c-c3919a4ebd18;417.48;0.847;UNKNOWN
2016-03-17T00:19:36.000000;2016-03-17T00:19:36.000000;562bbaba-5e8a-4b55-b8c2-3fb1101646bc;417.47;0.941;UNKNOWN
2016-03-17T00:19:42.000000;2016-03-17T00:19:42.000000;26bc7048-9265-4372-9cb7-236bf7c2035e;417.49;0.752;UNKNOWN
2016-03-17T00:20:28.000000;2016-03-17T00:20:28.000000;bbc05da4-2bc5-4c8f-8042-c298068fd36d;417.36;0.03020029;UNKNOWN
2016-03-17T00:20:38.000000;2016-03-17T00:20:38.000000;b76f07ea-b769-4803-b67a-5a3406badc5a;417.35;8.831;UNKNOWN
2016-03-17T00:20:38.000000;2016-03-17T00:20:38.000000;0c42194e-ca9e-4771-aae8-9e752b00ee19;417.35;0.5;UNKNOWN
2016-03-17T00:20:38.000000;2016-03-17T00:20:38.000000;0ba53ca9-c608-402f-a483-ff4972628fc8;417.35;9.443;UNKNOWN
2016-03-17T00:20:47.000000;2016-03-17T00:20:47.000000;e6dd58ff-35a4-46a6-bb0a-ac6dbfcb190c;417.35;0.018904;UNKNOWN
2016-03-17T00:21:53.000000;2016-03-17T00:21:53.000000;1281b730-db89-4ccd-b4a5-99f9eefc21c5;417.57;2.85;UNKNOWN
2016-03-17T00:21:57.000000;2016-03-17T00:21:57.000000;5c46f9bc-5d80-4082-a51d-063be66aa58d;417.31;5.1444;UNKNOWN
2016-03-17T00:21:57.000000;2016-03-17T00:21:57.000000;74d368cc-619b-46a3-b771-5ce2ca0b1551;417.55;0.2856;UNKNOWN
2016-03-17T00:22:04.000000;2016-03-17T00:22:04.000000;b6567438-2257-416c-b4ce-89fd55e13b1f;417.33;5.9314;UNKNOWN
2016-03-17T00:22:21.000000;2016-03-17T00:22:21.000000;dc45f583-d1ce-4d05-b31f-60a60eea215a;416.79;3.54;UNKNOWN
2016-03-17T00:22:27.000000;2016-03-17T00:22:27.000000;e00ca6ce-a034-4851-86aa-eb4c080a5438;416.77;0.129174;UNKNOWN
2016-03-17T00:24:22.000000;2016-03-17T00:24:22.000000;1fedd491-15d0-4d92-a36d-c2843db330e6;417.15;0.03949747;UNKNOWN
2016-03-17T00:24:24.000000;2016-03-17T00:24:24.000000;032ae53b-1021-4b8f-b995-853e8f71a9e8;417.14;3.0;UNKNOWN
2016-03-17T00:24:24.000000;2016-03-17T00:24:24.000000;f9850fc6-fcab-49af-9c2a-ec2701f93b1b;417.11;0.2822;UNKNOWN
2016-03-17T00:24:24.000000;2016-03-17T00:24:24.000000;f7725394-f240-43ed-a8d6-743e840521e3;417.15;5.89590253;UNKNOWN
2016-03-17T00:24:25.000000;2016-03-17T00:24:25.000000;5401609b-9163-4717-af92-f51f4abeff72;417.1;3.82189747;UNKNOWN
2016-03-17T00:27:56.000000;2016-03-17T00:27:56.000000;33ac6f64-5ee2-4cb9-9df3-a2c45d0ef80d;417.22;0.09844983;UNKNOWN
2016-03-17T00:28:00.000000;2016-03-17T00:28:00.000000;41af478d-5a2a-45d1-8fc8-5fa95969e806;417.23;0.01387274;UNKNOWN
2016-03-17T00:29:04.000000;2016-03-17T00:29:04.000000;f7e62367-9f2b-4151-a96f-0f10624bcec8;417.21;0.0787;UNKNOWN
2016-03-17T00:29:04.000000;2016-03-17T00:29:04.000000;d59cafd2-e53d-4e00-828c-c7ff7af20660;417.16;1.1213;UNKNOWN
2016-03-17T00:29:04.000000;2016-03-17T00:29:04.000000;06b6f9e6-1597-40d0-8dc6-dcae0cc36ab5;417.22;1.08;UNKNOWN
2016-03-17T00:29:07.000000;2016-03-17T00:29:07.000000;6aa9dceb-7c5f-405d-815e-42604bebebd6;417.22;3.63;UNKNOWN
2016-03-17T00:33:55.000000;2016-03-17T00:33:55.000000;ddd0a8d2-e62c-48ce-bb06-4c7f034b21d0;417.18;1.07052014;UNKNOWN
2016-03-17T00:34:05.000000;2016-03-17T00:34:05.000000;cf7d58b5-24ad-488e-a4f1-2747221e79fe;417.53;0.98;UNKNOWN
2016-03-17T00:34:05.000000;2016-03-17T00:34:05.000000;492c9d94-6e51-41df-856c-88701d520a76;417.38;0.01;UNKNOWN
2016-03-17T00:34:05.000000;2016-03-17T00:34:05.000000;2ce81b59-898e-4ab1-8119-1ab77449633e;417.29;0.01;UNKNOWN
2016-03-17T00:37:23.000000;2016-03-17T00:37:23.000000;d1f216ae-dfd8-4f7a-b8b4-bd80bc6a2666;416.95;0.06001781;UNKNOWN
2016-03-17T00:38:04.000000;2016-03-17T00:38:04.000000;84f724af-c462-48ee-8417-7638e0db2d57;416.93;5.9514;UNKNOWN
2016-03-17T00:38:04.000000;2016-03-17T00:38:04.000000;9a203cb8-a0c5-4898-8755-6cb963df1c5f;416.86;4.0486;UNKNOWN
2016-03-17T00:40:20.000000;2016-03-17T00:40:20.000000;ed3324a9-4d61-40bc-8e0e-a51b896e2cc7;416.92;0.1757723;UNKNOWN
2016-03-17T00:42:42.000000;2016-03-17T00:42:42.000000;ec7ba47d-b9b4-4315-ab77-93272c896e43;416.9;0.18128751;UNKNOWN
2016-03-17T00:44:27.000000;2016-03-17T00:44:27.000000;da4422d0-3ada-4c08-9c0f-4a9e437358a4;416.85;0.01137973;UNKNOWN
2016-03-17T00:44:55.000000;2016-03-17T00:44:55.000000;4fe72b64-cdbd-4ba6-bf2b-74d8f256fca4;416.9;0.03016071;UNKNOWN
2016-03-17T00:44:59.000000;2016-03-17T00:44:59.000000;55746e4a-80df-428b-8813-94944d655b4a;416.9;0.61152288;UNKNOWN
2016-03-17T00:48:11.000000;2016-03-17T00:48:11.000000;8922d488-4bfe-44fb-90e8-afb74f4dda15;416.85;0.07722833;UNKNOWN
2016-03-17T00:48:32.000000;2016-03-17T00:48:32.000000;e1c7bb14-bde0-4c54-9de2-4fe8393d3cc9;416.9;0.31164833;UNKNOWN
2016-03-17T00:48:33.000000;2016-03-17T00:48:33.000000;79e7afa9-a729-4199-b300-1841ad48df90;416.9;1.1016591;UNKNOWN
2016-03-17T00:48:33.000000;2016-03-17T00:48:33.000000;b7cff20d-32f1-4fdd-a940-6604c35feaa2;416.9;0.01874278;UNKNOWN
2016-03-17T00:48:33.000000;2016-03-17T00:48:33.000000;32715540-e5c3-4cd9-88d5-98fea364ce4e;416.9;0.14369466;UNKNOWN
2016-03-17T00:48:34.000000;2016-03-17T00:48:34.000000;0de43ffc-3496-4983-a6f7-8e18e5ae67a7;416.9;1.10273319;UNKNOWN
2016-03-17T00:48:35.000000;2016-03-17T00:48:35.000000;0eec718e-96a2-48d2-9935-a0efeaf38497;416.9;0.01876105;UNKNOWN
2016-03-17T00:48:35.000000;2016-03-17T00:48:35.000000;b7fa69b6-7a42-4e8a-a8c3-cdfe78f382e4;416.9;0.14383476;UNKNOWN
2016-03-17T00:48:54.000000;2016-03-17T00:48:54.000000;aa1d6e3b-dec5-48af-bd08-66e212a2ef82;416.9;0.62365503;UNKNOWN
2016-03-17T00:48:54.000000;2016-03-17T00:48:54.000000;1a96c9bc-d52d-4fb4-9387-40a0f3f8c1e7;416.9;0.08864497;UNKNOWN
2016-03-17T00:48:54.000000;2016-03-17T00:48:54.000000;9ab0b3b3-8374-46ba-9387-b0129e278766;416.9;0.7123;UNKNOWN
2016-03-17T00:48:55.000000;2016-03-17T00:48:55.000000;4b8ad7b5-1503-4116-a688-7f484a2b2ccc;417.0;0.25512916;UNKNOWN
2016-03-17T00:48:55.000000;2016-03-17T00:48:55.000000;e1c5f53f-fa25-4a75-968d-e4e34953f8c9;416.9;0.45717084;UNKNOWN
2016-03-17T00:48:59.000000;2016-03-17T00:48:59.000000;513043f5-3f43-440e-878d-70acac782f8d;417.0;0.7123;UNKNOWN
2016-03-17T00:49:00.000000;2016-03-17T00:49:00.000000;a676780c-21fa-40d3-939f-eaadd3490115;417.0;0.7123;UNKNOWN
2016-03-17T00:49:04.000000;2016-03-17T00:49:04.000000;95d89502-e763-46ef-a8be-43ef231f845b;417.0;0.7123;UNKNOWN
2016-03-17T00:49:04.000000;2016-03-17T00:49:04.000000;4d8bbfc9-892c-4be3-8b43-225fdcd7e352;417.0;0.7123;UNKNOWN
2016-03-17T00:49:07.000000;2016-03-17T00:49:07.000000;e750d4d0-8b86-4956-bef7-5576412e44d3;416.88;0.24013455;UNKNOWN
2016-03-17T00:49:08.000000;2016-03-17T00:49:08.000000;93214736-a243-474a-99a1-f3b0cba6a627;417.0;0.7123;UNKNOWN
2016-03-17T00:49:09.000000;2016-03-17T00:49:09.000000;39a07504-b92e-4a23-bba7-58a0896a8acc;417.0;0.7123;UNKNOWN
2016-03-17T00:53:34.000000;2016-03-17T00:53:34.000000;6f9fdb4b-7bef-4b2d-8510-18a117ae00b4;417.0;0.05317981;UNKNOWN
2016-03-17T00:53:47.000000;2016-03-17T00:53:47.000000;ea1fe217-82db-415f-9120-734f2c0f8c7d;417.0;0.29440897;UNKNOWN
2016-03-17T00:53:47.000000;2016-03-17T00:53:47.000000;481fc77b-ed93-4e1a-b1c0-35765b745cdf;417.0;0.41789103;UNKNOWN
2016-03-17T00:54:26.000000;2016-03-17T00:54:26.000000;76c7e03c-3a2e-4082-88d9-ef48ffbb8305;416.97;0.916;UNKNOWN
2016-03-17T00:54:26.000000;2016-03-17T00:54:26.000000;70aeaacd-c68d-4ae4-ade8-9dce639b530d;416.85;3.1046;UNKNOWN
2016-03-17T00:54:26.000000;2016-03-17T00:54:26.000000;2c552369-02f7-4396-b27a-499e0eeade2b;416.97;5.9794;UNKNOWN
2016-03-17T00:55:42.000000;2016-03-17T00:55:42.000000;3841caa4-ed17-45c8-b8b1-fc69fec536ac;416.96;0.34053948;UNKNOWN
2016-03-17T00:55:46.000000;2016-03-17T00:55:46.000000;e5c2a46b-9a56-43a7-8f30-d4d00fad9abb;416.95;0.13964691;UNKNOWN
2016-03-17T00:55:52.000000;2016-03-17T00:55:52.000000;1d201806-5ada-429d-a525-432661020d22;416.81;0.04520075;UNKNOWN
2016-03-17T00:55:58.000000;2016-03-17T00:55:58.000000;b08bf2dd-4eee-406f-925c-4ba11e71461e;416.81;0.04520075;UNKNOWN
2016-03-17T00:56:11.000000;2016-03-17T00:56:11.000000;a2e67b92-c0bf-43a2-bc3c-1bfb060d3175;416.81;0.12046033;UNKNOWN
2016-03-17T00:58:18.000000;2016-03-17T00:58:18.000000;d2d04058-1b7b-45aa-ae5e-89ffaf5aca9a;416.81;0.2859;UNKNOWN
2016-03-17T00:58:18.000000;2016-03-17T00:58:18.000000;74c509a9-a26d-45ed-bdf6-aac2dcaea5f6;416.81;0.045208;UNKNOWN
2016-03-17T00:59:57.000000;2016-03-17T00:59:57.000000;f9f0ae7c-bb95-4885-ba7c-c504050c4fd8;416.8;0.41581;UNKNOWN
2016-03-17T01:00:01.000000;2016-03-17T01:00:01.000000;af61c03c-17a8-4a11-a42d-8965a8113935;416.8;0.23012;UNKNOWN
2016-03-17T01:01:15.000000;2016-03-17T01:01:15.000000;9e6920f2-aade-49e2-a280-d7c4788ba3e6;416.82;0.02991692;UNKNOWN
2016-03-17T01:01:20.000000;2016-03-17T01:01:20.000000;a20357f3-f6f6-4d2e-8a8d-cd03cc5d93c0;416.82;0.02989302;UNKNOWN
2016-03-17T01:01:25.000000;2016-03-17T01:01:25.000000;aff8c7e1-400e-40ff-8780-9faca8cac6df;416.82;0.02989302;UNKNOWN
2016-03-17T01:01:37.000000;2016-03-17T01:01:37.000000;8e9bce6d-6ca0-406c-b425-49ae03b776a5;416.81;0.406535;UNKNOWN
2016-03-17T01:01:48.000000;2016-03-17T01:01:48.000000;373a2b05-686a-4061-a7c5-75ec8b659e10;416.82;0.06730199;UNKNOWN
2016-03-17T01:02:02.000000;2016-03-17T01:02:02.000000;6d083b61-762a-4451-b003-cca8a53a8c04;416.82;0.02257493;UNKNOWN
2016-03-17T01:02:04.000000;2016-03-17T01:02:04.000000;5be457c1-0054-4c68-8b1a-7f5c00eb8ee3;416.82;0.02257493;UNKNOWN
2016-03-17T01:02:08.000000;2016-03-17T01:02:08.000000;59960ba5-fabd-4bb4-8540-3aa48f2824cf;416.82;0.02257493;UNKNOWN
2016-03-17T01:02:11.000000;2016-03-17T01:02:11.000000;4665917b-b94b-49b4-b14c-3bc2b09483fc;416.81;0.4755564;UNKNOWN
2016-03-17T01:02:47.000000;2016-03-17T01:02:47.000000;7a4482c7-c028-412c-8bb5-41de62334ea7;416.82;0.22027212;UNKNOWN
2016-03-17T01:02:49.000000;2016-03-17T01:02:49.000000;a0c865da-146f-44d9-a310-e99af90899a6;416.81;0.12263503;UNKNOWN
2016-03-17T01:02:52.000000;2016-03-17T01:02:52.000000;0def2314-e9e5-4ce7-9375-b2a3b7b6302e;416.81;1.7186432;UNKNOWN
2016-03-17T01:02:54.000000;2016-03-17T01:02:54.000000;d20a339a-4dd4-4256-84b9-84a4c8436711;416.81;0.44197819;UNKNOWN
2016-03-17T01:03:09.000000;2016-03-17T01:03:09.000000;cd166051-827a-4d12-8544-363bc724e4ec;416.82;0.0127893;UNKNOWN
2016-03-17T01:03:20.000000;2016-03-17T01:03:20.000000;204c928e-7842-44cd-91a2-72ac5e77ac16;416.82;0.03133963;UNKNOWN
2016-03-17T01:03:21.000000;2016-03-17T01:03:21.000000;677521ba-690d-4d3f-afef-4d519dc77dc2;416.82;0.02747426;UNKNOWN
2016-03-17T01:03:23.000000;2016-03-17T01:03:23.000000;365b812a-2932-4a10-a16d-d0c9f87bfa33;416.82;0.02129259;UNKNOWN
2016-03-17T01:03:23.000000;2016-03-17T01:03:23.000000;2d329529-4073-4bd1-b2dc-b1795550ae5d;416.81;0.244542;UNKNOWN
2016-03-17T01:03:25.000000;2016-03-17T01:03:25.000000;2cd699e4-1302-4eaa-afaf-7e761a7f012d;416.82;0.01650196;UNKNOWN
2016-03-17T01:04:58.000000;2016-03-17T01:04:58.000000;01b6b423-782e-41be-bf06-fdf1e86c50d3;416.81;0.182168;UNKNOWN
2016-03-17T01:04:59.000000;2016-03-17T01:04:59.000000;38e5538c-4598-41fd-aba6-94156ad5a07d;416.81;0.05463576;UNKNOWN
2016-03-17T01:05:30.000000;2016-03-17T01:05:30.000000;18624669-7171-4b05-a42b-2cd8785cde3d;416.81;0.26366931;UNKNOWN
2016-03-17T01:05:39.000000;2016-03-17T01:05:39.000000;a24d05b1-a2d4-4b49-beb5-91c15643a60c;416.81;0.193316;UNKNOWN
2016-03-17T01:05:47.000000;2016-03-17T01:05:47.000000;2ea6cf1a-6c63-412c-a04c-d7747b68ac0a;416.81;0.12007881;UNKNOWN
2016-03-17T01:06:03.000000;2016-03-17T01:06:03.000000;b6ddbffa-7356-4cd8-ab99-788b2e967ecb;416.82;0.01553425;UNKNOWN
2016-03-17T01:06:05.000000;2016-03-17T01:06:05.000000;5698bf78-728a-4621-84fa-a0c5f6151e2e;416.82;0.01458402;UNKNOWN
2016-03-17T01:06:11.000000;2016-03-17T01:06:11.000000;98fa9edc-5ac7-4f70-bae0-b3fcd2290ef7;416.82;0.1804004;UNKNOWN
2016-03-17T01:06:12.000000;2016-03-17T01:06:12.000000;835558f1-5260-4ec6-9062-57a21a22b355;416.82;0.03902244;UNKNOWN
2016-03-17T01:06:12.000000;2016-03-17T01:06:12.000000;8b3c309d-03a3-4e8d-bcc0-2be491180d9a;416.81;0.36;UNKNOWN
2016-03-17T01:06:18.000000;2016-03-17T01:06:18.000000;81daaa47-dada-45a3-88d7-b5c269fe6db0;416.82;0.0704469;UNKNOWN
2016-03-17T01:09:08.000000;2016-03-17T01:09:08.000000;52403fed-b9fe-45d5-8053-3f2249915169;416.82;0.0299;UNKNOWN
2016-03-17T01:09:45.000000;2016-03-17T01:09:45.000000;04139a82-5cce-44dd-9156-4281339f30b9;416.82;5.0;UNKNOWN
2016-03-17T01:09:45.000000;2016-03-17T01:09:45.000000;1ac30624-5d8c-4140-91e6-fcc5004a9684;416.82;4.09571239;UNKNOWN
2016-03-17T01:09:54.000000;2016-03-17T01:09:54.000000;e2fe34a1-e963-4c8f-aef6-46d46ea662b4;416.87;1.5;UNKNOWN
2016-03-17T01:09:54.000000;2016-03-17T01:09:54.000000;ffa3039e-1a56-4e96-a1fe-a833f26c52de;416.88;3.0;UNKNOWN
2016-03-17T01:09:54.000000;2016-03-17T01:09:54.000000;955a43c3-60d5-4f2f-8191-637949334439;416.88;0.5;UNKNOWN
2016-03-17T01:09:55.000000;2016-03-17T01:09:55.000000;589f8a2a-beeb-4996-bbe6-99f6cc331e35;417.0;4.70559103;UNKNOWN
2016-03-17T01:09:55.000000;2016-03-17T01:09:55.000000;6688b70c-ed68-4c01-b006-fb0fb41611b4;417.0;5.0;UNKNOWN
2016-03-17T01:10:52.000000;2016-03-17T01:10:52.000000;0e78083e-fdfc-4a21-b4de-63c816109356;417.47;0.4715;UNKNOWN
2016-03-17T01:11:52.000000;2016-03-17T01:11:52.000000;6e19ba99-37e0-4552-bc40-d1d8a1e18157;417.43;3.2749;UNKNOWN
2016-03-17T01:11:52.000000;2016-03-17T01:11:52.000000;2047b07e-23e0-4ea6-9f18-95a587485c19;417.43;9.432;UNKNOWN
2016-03-17T01:12:06.000000;2016-03-17T01:12:06.000000;ce93e48e-df50-4e69-bc23-4fce370fc2b5;417.48;0.0721832;UNKNOWN
2016-03-17T01:12:11.000000;2016-03-17T01:12:11.000000;867d4688-2fc1-4264-a474-85cffd3f5dfc;417.48;0.2618;UNKNOWN
2016-03-17T01:12:27.000000;2016-03-17T01:12:27.000000;4b9b9522-c40c-4661-9897-1badab45f385;417.37;0.5;UNKNOWN
2016-03-17T01:12:27.000000;2016-03-17T01:12:27.000000;2f5ebd82-6116-49cd-b0d0-cc5a6c378f86;417.38;2.1451;UNKNOWN
2016-03-17T01:12:35.000000;2016-03-17T01:12:35.000000;30d479fe-0c49-465c-9856-1583ee741454;417.4;5.0;UNKNOWN
2016-03-17T01:12:35.000000;2016-03-17T01:12:35.000000;21bc3fc6-ed03-4739-984b-9fb010f1e85a;417.49;1.1958;UNKNOWN
2016-03-17T01:12:35.000000;2016-03-17T01:12:35.000000;224070df-d9fc-4b29-997a-9dabb260289a;417.3;5.0;UNKNOWN
2016-03-17T01:12:35.000000;2016-03-17T01:12:35.000000;5eca308b-73e7-4acc-90d2-7453a99218c1;417.49;1.9583;UNKNOWN
2016-03-17T01:12:44.000000;2016-03-17T01:12:44.000000;8d3eb4b7-98cb-4427-8ef6-5b34d96c5ec4;417.18;0.38075324;UNKNOWN
2016-03-17T01:12:45.000000;2016-03-17T01:12:45.000000;0f0a4bdc-7950-4d19-b492-80ec15f2fb31;417.47;1.6075;UNKNOWN
2016-03-17T01:16:03.000000;2016-03-17T01:16:03.000000;936608a5-ba3e-4533-ace7-f31047de00ab;417.3;5.0;UNKNOWN
2016-03-17T01:16:03.000000;2016-03-17T01:16:03.000000;9f9c421c-1b9a-480d-802a-2fdd9091b006;417.4;1.9667;UNKNOWN
2016-03-17T01:16:03.000000;2016-03-17T01:16:03.000000;df7a9345-2a80-42d0-b672-dd0cb82ad422;417.2;5.0;UNKNOWN
2016-03-17T01:16:29.000000;2016-03-17T01:16:29.000000;bfb6d611-76c7-48fc-8a6e-2b2e9060748c;417.3;1.7352;UNKNOWN
2016-03-17T01:16:35.000000;2016-03-17T01:16:35.000000;09447f96-424e-4ee5-a7d1-75dda06fa267;417.3;3.2648;UNKNOWN
2016-03-17T01:16:35.000000;2016-03-17T01:16:35.000000;73fad959-82e3-4d85-8e6d-ce3df010642f;417.4;0.2056;UNKNOWN
2016-03-17T01:17:15.000000;2016-03-17T01:17:15.000000;ed1a544f-fdf2-4a90-b601-ace6bf860fc6;417.15;0.5;UNKNOWN
2016-03-17T01:17:15.000000;2016-03-17T01:17:15.000000;614ebe54-2645-40f7-83e8-a6d22e8a7c22;417.15;0.14203167;UNKNOWN
2016-03-17T01:17:40.000000;2016-03-17T01:17:40.000000;5401bc28-113d-48ad-9294-a1b1a2067141;417.3;0.19946156;UNKNOWN
2016-03-17T01:18:59.000000;2016-03-17T01:18:59.000000;ba5a5ee8-6fbb-402f-aca9-e2200e5e0733;417.3;4.80053844;UNKNOWN
2016-03-17T01:18:59.000000;2016-03-17T01:18:59.000000;5e7734f2-429f-4a3e-8c1a-1bf367d0410b;417.3;5.0;UNKNOWN
2016-03-17T01:19:06.000000;2016-03-17T01:19:06.000000;96260c09-5aab-48c4-b9d6-c1c13261e56a;417.35;0.64334732;UNKNOWN
2016-03-17T01:19:07.000000;2016-03-17T01:19:07.000000;7f1f49e0-b505-45ff-90f2-0cb0e6721e99;417.35;0.19946156;UNKNOWN
2016-03-17T01:19:07.000000;2016-03-17T01:19:07.000000;cae36526-e7b2-47ae-b0c7-df2b539a7624;417.35;0.05284313;UNKNOWN
2016-03-17T01:19:10.000000;2016-03-17T01:19:10.000000;11f2fe11-7faa-436f-863e-beaac253b9ec;417.35;0.05284313;UNKNOWN
2016-03-17T01:19:11.000000;2016-03-17T01:19:11.000000;0cb288a9-1c98-4179-a1d8-ec8ea318f34b;417.35;0.05283806;UNKNOWN
2016-03-17T01:19:15.000000;2016-03-17T01:19:15.000000;9a4cd13c-9576-46db-b236-90cf990d4458;417.32;0.11888062;UNKNOWN
2016-03-17T01:19:18.000000;2016-03-17T01:19:18.000000;88248c55-8d20-4871-8f67-383789336792;417.35;0.17817641;UNKNOWN
2016-03-17T01:19:23.000000;2016-03-17T01:19:23.000000;599a28e6-b392-452d-9bf0-9e2960f87c1b;417.35;0.17104134;UNKNOWN
2016-03-17T01:19:28.000000;2016-03-17T01:19:28.000000;891c5a5d-0715-45d8-8ee6-d376b5f77758;417.35;0.02915155;UNKNOWN
2016-03-17T01:19:34.000000;2016-03-17T01:19:34.000000;474bfd59-011a-45e8-b724-b48136bd448e;417.35;0.10613039;UNKNOWN
2016-03-17T01:20:25.000000;2016-03-17T01:20:25.000000;f598d89e-2f74-4bd1-8652-1270c4c095ad;417.31;0.03207;UNKNOWN
2016-03-17T01:20:56.000000;2016-03-17T01:20:56.000000;7d8289e2-25c4-4b07-bfa2-d0008875892d;417.34;0.11383085;UNKNOWN
2016-03-17T01:21:03.000000;2016-03-17T01:21:03.000000;204ffb5a-8546-4288-a088-f4cae456f8b2;417.35;0.03984449;UNKNOWN
2016-03-17T01:21:08.000000;2016-03-17T01:21:08.000000;fb05aa53-652e-4a06-8ee5-f09131a0056b;417.35;0.09018029;UNKNOWN
2016-03-17T01:21:13.000000;2016-03-17T01:21:13.000000;9222bf12-8963-4f45-97a9-8d485553fc1b;417.34;0.09002107;UNKNOWN
2016-03-17T01:21:13.000000;2016-03-17T01:21:13.000000;62ef062f-4f68-478e-a8f7-b5542856b20a;417.34;2.05;UNKNOWN
2016-03-17T01:21:54.000000;2016-03-17T01:21:54.000000;38d1df46-d97d-4e29-87a4-323d609fd4bd;417.32;0.02459233;UNKNOWN
2016-03-17T01:22:02.000000;2016-03-17T01:22:02.000000;8ad10e2f-27c2-44ae-8787-58dccda64935;417.32;9.867e-05;UNKNOWN
2016-03-17T01:22:06.000000;2016-03-17T01:22:06.000000;42f563e5-c753-4f10-ab35-01a3c35d518a;417.33;0.1093123;UNKNOWN
2016-03-17T01:23:15.000000;2016-03-17T01:23:15.000000;c5ca675c-16cc-4ba0-ba8e-3c1e6e44d004;417.32;0.02449366;UNKNOWN
2016-03-17T01:23:15.000000;2016-03-17T01:23:15.000000;189a413a-8a4a-4dbb-b090-cfa65eddca75;417.3;0.07063119;UNKNOWN
2016-03-17T01:25:04.000000;2016-03-17T01:25:04.000000;d27edce9-7ae7-46d6-b952-c486b862dd03;417.3;3.5;UNKNOWN
2016-03-17T01:25:08.000000;2016-03-17T01:25:08.000000;3e9e152d-e6ec-4e3a-bcec-720e8e6e868d;417.33;0.75156943;UNKNOWN
2016-03-17T01:25:22.000000;2016-03-17T01:25:22.000000;3ea9e67b-7cff-4046-b01d-0a31b9a0f5ac;417.3;0.010178;UNKNOWN
2016-03-17T01:26:05.000000;2016-03-17T01:26:05.000000;11a00c49-c852-42e8-bf0d-80d71f9748b1;417.3;0.17984878;UNKNOWN
2016-03-17T01:26:10.000000;2016-03-17T01:26:10.000000;9a178249-1d5e-41b3-a7d4-714afe75a20c;417.3;0.26037528;UNKNOWN
2016-03-17T01:26:11.000000;2016-03-17T01:26:11.000000;b20101d9-1b43-4816-bc2a-d0655bc33591;417.3;0.37180722;UNKNOWN
2016-03-17T01:26:27.000000;2016-03-17T01:26:27.000000;c1ab7e3d-2b43-4f86-89a8-cac7cea9d5a3;417.3;0.22965693;UNKNOWN
2016-03-17T01:26:49.000000;2016-03-17T01:26:49.000000;7128f496-e39e-45f2-abd5-078e00143d5f;417.3;3.5;UNKNOWN
2016-03-17T01:26:59.000000;2016-03-17T01:26:59.000000;c1172453-cf02-4353-9de2-10b0ff9e667f;417.3;0.05836357;UNKNOWN
2016-03-17T01:26:59.000000;2016-03-17T01:26:59.000000;34fa84b7-28ce-4cc6-a4a4-8ca3b0010016;417.3;0.4474541;UNKNOWN
2016-03-17T01:27:01.000000;2016-03-17T01:27:01.000000;d4c3929e-81ac-4df4-a13c-3ca1522cbbf7;417.3;0.19827183;UNKNOWN
2016-03-17T01:27:04.000000;2016-03-17T01:27:04.000000;6ca1cae5-65ea-4730-9834-28377e562ccb;417.3;0.023043;UNKNOWN
2016-03-17T01:27:04.000000;2016-03-17T01:27:04.000000;5c85e071-51be-4514-a6a9-6b0b411f4d1e;417.3;0.19827183;UNKNOWN
2016-03-17T01:27:08.000000;2016-03-17T01:27:08.000000;0a5765e8-ea18-4d54-8fa5-3aa97d960fc4;417.3;0.19827183;UNKNOWN
2016-03-17T01:27:15.000000;2016-03-17T01:27:15.000000;6394698c-a755-4e2b-8e56-42ef795e8626;417.3;1.26328199;UNKNOWN
2016-03-17T01:27:38.000000;2016-03-17T01:27:38.000000;93e9948c-b510-41e6-9e76-f233d5d21a7b;417.3;0.47977041;UNKNOWN
2016-03-17T01:28:07.000000;2016-03-17T01:28:07.000000;0313602f-e6ba-4e60-9fe7-7b10c3b0813c;417.3;0.15800127;UNKNOWN
2016-03-17T01:29:20.000000;2016-03-17T01:29:20.000000;e7a7ac98-0ecd-4106-91d6-673747b74727;417.3;0.19715867;UNKNOWN
2016-03-17T01:31:15.000000;2016-03-17T01:31:15.000000;1dd919ef-abb5-4676-b6b6-6537fd22d011;417.3;11.5;UNKNOWN
2016-03-17T01:32:03.000000;2016-03-17T01:32:03.000000;7a70c996-c580-4863-82b7-7bce72ea8218;417.31;0.0998;UNKNOWN
2016-03-17T01:32:36.000000;2016-03-17T01:32:36.000000;0b0a9fcc-1a56-40bf-95a8-7d99d6e27de2;417.31;0.7123;UNKNOWN
2016-03-17T01:32:37.000000;2016-03-17T01:32:37.000000;8118d361-da69-434f-a435-be92acba9f31;417.31;0.7123;UNKNOWN
2016-03-17T01:32:38.000000;2016-03-17T01:32:38.000000;f9b097a6-b5c8-47f5-8e49-8689bf0b07da;417.31;0.7123;UNKNOWN
2016-03-17T01:33:21.000000;2016-03-17T01:33:21.000000;472039ce-0e97-45c9-8e7f-590f35133d4d;417.31;1.00189262;UNKNOWN
2016-03-17T01:33:21.000000;2016-03-17T01:33:21.000000;52fe394f-dd26-4a96-a35f-d8321ed10dc4;417.31;0.0107323;UNKNOWN
2016-03-17T01:33:21.000000;2016-03-17T01:33:21.000000;bc29d378-e3b7-4ee6-9651-7d631ea91aa1;417.31;0.13068164;UNKNOWN
2016-03-17T01:33:22.000000;2016-03-17T01:33:22.000000;2588eb20-064f-4be7-bee6-2f2745224678;417.31;0.07964128;UNKNOWN
2016-03-17T01:33:22.000000;2016-03-17T01:33:22.000000;5a351e55-9912-4cdf-a05d-1ce322253e8e;417.31;0.61058323;UNKNOWN
2016-03-17T01:33:22.000000;2016-03-17T01:33:22.000000;58ac7245-0959-4655-bef6-3e11f9e32178;417.31;0.01038799;UNKNOWN
2016-03-17T01:33:24.000000;2016-03-17T01:33:24.000000;d1983347-61a8-485f-9909-57259beefc10;417.31;0.01314978;UNKNOWN
2016-03-17T01:33:24.000000;2016-03-17T01:33:24.000000;7e7fd006-560a-4829-8275-add89c9219cf;417.31;0.10081504;UNKNOWN
2016-03-17T01:33:24.000000;2016-03-17T01:33:24.000000;df32337f-061e-410f-89c7-6acadcbcae56;417.31;0.49003878;UNKNOWN
2016-03-17T01:33:24.000000;2016-03-17T01:33:24.000000;7f8ad410-21e5-4041-aa6e-aab5f916b524;417.31;0.0639181;UNKNOWN
2016-03-17T01:33:29.000000;2016-03-17T01:33:29.000000;0fb72a43-7011-44de-9d32-aaedc54a45b9;417.31;0.25145924;UNKNOWN
2016-03-17T01:33:30.000000;2016-03-17T01:33:30.000000;615947bd-ca12-49a7-834c-07036c10168c;417.33;0.02757481;UNKNOWN
2016-03-17T01:33:32.000000;2016-03-17T01:33:32.000000;072d9774-11d3-47cc-9984-8f4c24d5662e;417.35;0.05884431;UNKNOWN
2016-03-17T01:33:32.000000;2016-03-17T01:33:32.000000;b6b58108-6ca7-4f5f-b2ef-221e54b67655;417.35;0.01496452;UNKNOWN
2016-03-17T01:33:32.000000;2016-03-17T01:33:32.000000;a6c9e3fb-46be-47bf-be9f-915cdf96b968;417.35;0.06542628;UNKNOWN
2016-03-17T01:33:33.000000;2016-03-17T01:33:33.000000;efc40752-a695-498e-a9a5-4c61dd74db5d;417.35;0.11472805;UNKNOWN
2016-03-17T01:33:45.000000;2016-03-17T01:33:45.000000;fb935f11-bbc2-4efb-abd0-8893922f40b3;417.35;0.18264834;UNKNOWN
2016-03-17T01:33:45.000000;2016-03-17T01:33:45.000000;1539769d-9883-47bc-8f44-319044878ecf;417.34;0.02754868;UNKNOWN
2016-03-17T01:33:49.000000;2016-03-17T01:33:49.000000;e0b25a80-4ecf-457a-932d-fceb29bb32f9;417.3;0.26813616;UNKNOWN
2016-03-17T01:35:16.000000;2016-03-17T01:35:16.000000;d58ba4a9-8ebb-44ff-bc40-3eafbf9c55ef;417.3;0.12352424;UNKNOWN
2016-03-17T01:36:11.000000;2016-03-17T01:36:11.000000;4a4ba41c-1076-4cd8-ba38-14a49f72b726;417.3;0.71265678;UNKNOWN
2016-03-17T01:37:11.000000;2016-03-17T01:37:11.000000;3b3db278-6017-4191-a2dd-3457a41c43ff;417.31;0.11435904;UNKNOWN
2016-03-17T01:39:15.000000;2016-03-17T01:39:15.000000;2c7cbd28-0581-4d83-98c5-659fb429e487;417.31;0.04751835;UNKNOWN
2016-03-17T01:39:15.000000;2016-03-17T01:39:15.000000;292d13aa-023f-4542-9c90-e9edef00bb59;417.31;0.22;UNKNOWN
2016-03-17T01:39:46.000000;2016-03-17T01:39:46.000000;1ef416c8-232f-48f1-acc4-2fe738a54402;417.31;0.138253;UNKNOWN
2016-03-17T01:40:35.000000;2016-03-17T01:40:35.000000;767d98c7-2cc9-4b32-ab97-599337e3fc05;417.31;0.31908223;UNKNOWN
2016-03-17T01:40:35.000000;2016-03-17T01:40:35.000000;cd04a842-edc3-4fe8-86c5-a3e4e62dbf95;417.32;0.15825882;UNKNOWN
2016-03-17T01:40:38.000000;2016-03-17T01:40:38.000000;25d720e7-e7d3-43f1-a1bd-3072e016806b;417.31;0.65301186;UNKNOWN
2016-03-17T01:40:38.000000;2016-03-17T01:40:38.000000;eb73cd5a-abce-4c29-a0c2-61d5f02395a5;417.32;0.15637211;UNKNOWN
2016-03-17T01:40:55.000000;2016-03-17T01:40:55.000000;8cc66d74-a057-4e7d-829a-71c695671f0f;417.35;0.18015565;UNKNOWN
2016-03-17T01:40:58.000000;2016-03-17T01:40:58.000000;2a3760dd-1cf4-47fe-a767-0df428ac6ac0;417.35;0.06647441;UNKNOWN
2016-03-17T01:41:15.000000;2016-03-17T01:41:15.000000;b5144bfb-abfe-4013-870d-59a9f31a49ce;417.33;0.05579618;UNKNOWN
2016-03-17T01:41:18.000000;2016-03-17T01:41:18.000000;05de7b3e-2dfe-4a99-8305-a2307db7ac24;417.32;0.046442;UNKNOWN
2016-03-17T01:41:27.000000;2016-03-17T01:41:27.000000;49a64602-3037-441f-827b-ef91cd6cf70b;417.35;0.13916155;UNKNOWN
2016-03-17T01:41:34.000000;2016-03-17T01:41:34.000000;d2802947-fdcb-4549-b13c-c6e894fcc9b1;417.35;0.21262742;UNKNOWN
2016-03-17T01:41:35.000000;2016-03-17T01:41:35.000000;9ca62e7b-105f-4080-92c9-d3acc7c34e38;417.35;0.21278504;UNKNOWN
2016-03-17T01:41:37.000000;2016-03-17T01:41:37.000000;e48703f1-ebae-4f56-91fa-30bfd9da3f1e;417.35;0.12413306;UNKNOWN
2016-03-17T01:41:38.000000;2016-03-17T01:41:38.000000;c6a2413d-6b69-4f9c-81da-06417ab43ae4;417.32;0.12414199;UNKNOWN
2016-03-17T01:41:38.000000;2016-03-17T01:41:38.000000;e33f1487-699f-4e0d-996f-5974dcc799c3;417.3;2.34388251;UNKNOWN
2016-03-17T01:41:38.000000;2016-03-17T01:41:38.000000;a88eee95-f534-4098-8427-f621f3c53c8a;417.31;0.2969;UNKNOWN
2016-03-17T01:41:38.000000;2016-03-17T01:41:38.000000;517c4ad0-10b5-487f-838e-64695bdffe87;417.31;4.47087552;UNKNOWN
2016-03-17T01:41:38.000000;2016-03-17T01:41:38.000000;477c6407-87d3-466b-b091-60dec71ae88f;417.35;0.19794711;UNKNOWN
2016-03-17T01:41:38.000000;2016-03-17T01:41:38.000000;c69395d0-428a-4bdf-8a32-5157a05e1ff8;417.31;0.4967;UNKNOWN
2016-03-17T01:41:39.000000;2016-03-17T01:41:39.000000;8c598551-e4d9-4e5a-8f50-dca712dd683c;417.35;0.08393294;UNKNOWN
2016-03-17T01:41:43.000000;2016-03-17T01:41:43.000000;a4bf3827-9f36-4959-9f28-dd1f107afcb3;417.35;0.13922089;UNKNOWN
2016-03-17T01:41:46.000000;2016-03-17T01:41:46.000000;902b3bfd-ecca-4dd8-bee5-cdb5fd43e604;417.35;0.13345116;UNKNOWN
2016-03-17T01:41:48.000000;2016-03-17T01:41:48.000000;7628c6d4-9629-4abe-bd1e-bb880733b026;417.35;0.07280454;UNKNOWN
2016-03-17T01:41:57.000000;2016-03-17T01:41:57.000000;aab26ee9-1a82-4ee2-ade0-070be9438c4e;417.35;0.05942677;UNKNOWN
2016-03-17T01:41:57.000000;2016-03-17T01:41:57.000000;7cc691b9-fb08-4161-8fc1-945255fe5e66;417.35;0.18882244;UNKNOWN
2016-03-17T01:43:03.000000;2016-03-17T01:43:03.000000;d2e3add0-343e-4ef4-9f2a-36ce5b261e57;417.31;0.096719;UNKNOWN
2016-03-17T01:43:27.000000;2016-03-17T01:43:27.000000;1dd601bb-f728-418d-b835-c197018d9ac4;417.31;0.3471;UNKNOWN
2016-03-17T01:44:34.000000;2016-03-17T01:44:34.000000;e74e365e-ed72-443d-8d67-bbaed5c3bf5d;417.3;0.01175028;UNKNOWN
2016-03-17T01:44:34.000000;2016-03-17T01:44:34.000000;e7274520-f4cf-4a9b-b2cb-3578d16239c1;417.3;0.09008549;UNKNOWN
2016-03-17T01:44:41.000000;2016-03-17T01:44:41.000000;d9661a5d-756f-4486-a0de-404451b1d801;417.3;0.105691;UNKNOWN
2016-03-17T01:44:47.000000;2016-03-17T01:44:47.000000;2d3838cf-dddc-4f06-a87b-db98b598cd64;417.3;0.20169798;UNKNOWN
2016-03-17T01:44:54.000000;2016-03-17T01:44:54.000000;53b8f75f-c198-45bb-a291-8c9f108c6182;417.3;0.15909568;UNKNOWN
2016-03-17T01:45:11.000000;2016-03-17T01:45:11.000000;8978f170-f4ed-4039-962c-15b4ad313674;417.3;0.22456044;UNKNOWN
2016-03-17T01:45:11.000000;2016-03-17T01:45:11.000000;f68458ab-7362-462f-a1e0-5fab647b773c;417.3;0.07079215;UNKNOWN
2016-03-17T01:45:17.000000;2016-03-17T01:45:17.000000;05d687f2-fa09-441a-9dc4-7536298802e9;417.3;0.23649581;UNKNOWN
2016-03-17T01:46:00.000000;2016-03-17T01:46:00.000000;60455e83-24ab-4824-ae6f-2ae970d46ced;417.3;10.0;UNKNOWN
2016-03-17T01:46:03.000000;2016-03-17T01:46:03.000000;1b7218ed-eaf6-4044-afad-30ca5a78debf;417.3;0.11993781;UNKNOWN
2016-03-17T01:46:31.000000;2016-03-17T01:46:31.000000;67a95efa-fde9-49dc-a982-4a1246c9a113;417.3;0.014622;UNKNOWN
2016-03-17T01:47:07.000000;2016-03-17T01:47:07.000000;fc7ccdcb-1f12-4bc5-aeb9-81e1188378b3;417.3;0.083369;UNKNOWN
2016-03-17T01:47:41.000000;2016-03-17T01:47:41.000000;2a9aa141-28a8-4c65-b588-96cd6d051bf3;417.3;0.49579453;UNKNOWN
2016-03-17T01:47:55.000000;2016-03-17T01:47:55.000000;5c6f47f5-257d-4bb0-8966-378753f6fe7c;417.3;0.2014442;UNKNOWN
2016-03-17T01:47:55.000000;2016-03-17T01:47:55.000000;e6e230b1-6d4b-4d78-8b98-c79a848961e8;417.3;0.6;UNKNOWN
2016-03-17T01:48:05.000000;2016-03-17T01:48:05.000000;7f7a7012-f0ac-45af-9475-f43a13ef9689;417.3;0.07625351;UNKNOWN
2016-03-17T01:48:51.000000;2016-03-17T01:48:51.000000;ff287897-8937-4417-b2ec-81ce8d679f63;417.3;0.07955;UNKNOWN
2016-03-17T01:49:48.000000;2016-03-17T01:49:48.000000;b372474a-0688-4ccd-9efd-8b4a9cfc7fc8;417.32;0.01608;UNKNOWN
2016-03-17T01:52:43.000000;2016-03-17T01:52:43.000000;70c68288-19b6-455f-b30c-63083c699245;417.32;0.2;UNKNOWN
2016-03-17T01:53:12.000000;2016-03-17T01:53:12.000000;d56ca001-1a69-4f24-ac70-233f6ffbed9a;417.29;0.3;UNKNOWN
2016-03-17T01:53:12.000000;2016-03-17T01:53:12.000000;9e4f510e-2898-480b-879d-46699636f2dc;417.3;1.13573609;UNKNOWN
2016-03-17T01:53:12.000000;2016-03-17T01:53:12.000000;ec5c035a-df7c-48b9-bba6-6718fac7d9f4;417.02;3.56426391;UNKNOWN
2016-03-17T01:53:12.000000;2016-03-17T01:53:12.000000;cfc8abef-9514-4ad3-b005-6d126f690a1e;417.29;50.0;UNKNOWN
2016-03-17T01:54:27.000000;2016-03-17T01:54:27.000000;78a8e987-91b3-445a-8fa1-1db93d7b33d5;416.91;0.04804;UNKNOWN
2016-03-17T01:56:51.000000;2016-03-17T01:56:51.000000;08ba69b1-a19b-4a57-ac2f-627a6a1883e0;416.8;1.5;UNKNOWN
2016-03-17T01:57:23.000000;2016-03-17T01:57:23.000000;79f21210-b4fb-4323-9662-852808b680d8;416.8;0.04802;UNKNOWN
2016-03-17T01:57:59.000000;2016-03-17T01:57:59.000000;46cc9baf-00d8-4e43-bf9e-592109e75119;416.8;0.4639;UNKNOWN
2016-03-17T01:58:05.000000;2016-03-17T01:58:05.000000;261fb145-260e-4620-87e6-e5fc4d403852;416.67;1.15113215;UNKNOWN
2016-03-17T01:58:05.000000;2016-03-17T01:58:05.000000;dddc0854-1c1f-4762-a29c-6c07502e6fed;416.8;0.34886785;UNKNOWN
2016-03-17T01:58:24.000000;2016-03-17T01:58:24.000000;95ea8cee-a8f6-43fb-8c9f-384f1616a74f;416.69;0.16773315;UNKNOWN
2016-03-17T01:58:45.000000;2016-03-17T01:58:45.000000;01594320-7a4a-4638-8af6-ab8933c4576a;416.67;0.09487754;UNKNOWN
2016-03-17T01:59:37.000000;2016-03-17T01:59:37.000000;b802c018-2a24-4307-b87d-58f580e5868a;417.12;0.0156;UNKNOWN
2016-03-17T01:59:45.000000;2016-03-17T01:59:45.000000;d365bd4f-65d2-4b5f-a307-975014dbd7d8;416.91;0.21617399;UNKNOWN
2016-03-17T01:59:45.000000;2016-03-17T01:59:45.000000;46a7314f-4a48-409f-9960-bbb86485256a;416.91;0.05;UNKNOWN
2016-03-17T01:59:50.000000;2016-03-17T01:59:50.000000;cdfd95bb-f865-4338-96af-ab388f5a5d4c;416.92;0.10551316;UNKNOWN
2016-03-17T02:00:30.000000;2016-03-17T02:00:30.000000;f6b8dc11-3053-41a8-9812-0f3ba7bb85a3;417.02;0.19970836;UNKNOWN
2016-03-17T02:00:48.000000;2016-03-17T02:00:48.000000;0d57f909-1718-4f02-8b76-a62bf9db8642;417.02;0.08752153;UNKNOWN
2016-03-17T02:00:57.000000;2016-03-17T02:00:57.000000;edee2940-793c-459d-832e-fe761590375f;416.84;0.21936776;UNKNOWN
2016-03-17T02:00:58.000000;2016-03-17T02:00:58.000000;59787390-ffbb-4741-91a4-57693916d88d;416.84;0.28063224;UNKNOWN
2016-03-17T02:00:58.000000;2016-03-17T02:00:58.000000;97ce4262-720d-4d47-ad9f-ec0715a1a7dc;416.84;0.12151085;UNKNOWN
2016-03-17T02:01:00.000000;2016-03-17T02:01:00.000000;07713e97-6216-41d6-9f07-1f8d7470aecd;416.84;0.21943687;UNKNOWN
2016-03-17T02:01:10.000000;2016-03-17T02:01:10.000000;de15f222-201e-4534-9267-09848c911985;416.72;0.32792451;UNKNOWN
2016-03-17T02:01:11.000000;2016-03-17T02:01:11.000000;e50102a0-4abf-4222-a57f-3c0e196afd4a;416.81;0.03634123;UNKNOWN
2016-03-17T02:01:12.000000;2016-03-17T02:01:12.000000;3704ec73-070e-458c-a15d-047d98f80c12;416.83;0.03634123;UNKNOWN
2016-03-17T02:01:13.000000;2016-03-17T02:01:13.000000;1c8ecd71-11cc-410e-bfb3-583bd5cccea3;416.83;0.03634123;UNKNOWN
2016-03-17T02:01:13.000000;2016-03-17T02:01:13.000000;26bf55a7-654c-4401-b82b-be9806000f74;416.83;0.03634123;UNKNOWN
2016-03-17T02:01:14.000000;2016-03-17T02:01:14.000000;c0f748a3-2659-449b-ad4a-be628fc2791a;416.83;0.03634123;UNKNOWN
2016-03-17T02:01:14.000000;2016-03-17T02:01:14.000000;347c5b63-ee9e-4611-894d-146072efcd5a;416.83;0.04649945;UNKNOWN
2016-03-17T02:02:11.000000;2016-03-17T02:02:11.000000;102f6434-84c2-4306-aa86-e4b196516366;416.82;2.22464427;UNKNOWN
2016-03-17T02:02:26.000000;2016-03-17T02:02:26.000000;fae02e77-3623-4208-9285-7c29ba7f0f55;416.82;0.29777388;UNKNOWN
2016-03-17T02:02:28.000000;2016-03-17T02:02:28.000000;45b20b80-5245-4f76-944c-bebee309c28f;416.83;0.19939781;UNKNOWN
2016-03-17T02:02:43.000000;2016-03-17T02:02:43.000000;c57cf7a9-d218-482e-a1b0-5825b1e6389e;416.85;0.48029217;UNKNOWN
2016-03-17T02:02:45.000000;2016-03-17T02:02:45.000000;7b83fa51-e632-49df-b078-6a0048525caa;416.86;0.22175918;UNKNOWN
2016-03-17T02:03:21.000000;2016-03-17T02:03:21.000000;f5822e95-ffe1-4e8a-8f34-01ef45ef7fd9;416.82;0.27002912;UNKNOWN
2016-03-17T02:03:28.000000;2016-03-17T02:03:28.000000;c14c3d3f-0074-434e-99ac-d082db9d4a84;416.82;0.25866429;UNKNOWN
2016-03-17T02:03:46.000000;2016-03-17T02:03:46.000000;e158c525-2688-46e0-9caf-f12236d89e1f;416.82;0.25050962;UNKNOWN
2016-03-17T02:03:47.000000;2016-03-17T02:03:47.000000;17ff9e68-f74b-4c6e-8414-4276809fde65;416.82;0.72043825;UNKNOWN
2016-03-17T02:04:10.000000;2016-03-17T02:04:10.000000;0103ebdb-fceb-4228-868f-2aaa03d04b6c;417.17;0.064916;UNKNOWN
2016-03-17T02:04:10.000000;2016-03-17T02:04:10.000000;fbaf930c-bd8b-45fb-b67c-4a7dca891306;417.34;0.18263903;UNKNOWN
2016-03-17T02:04:10.000000;2016-03-17T02:04:10.000000;15ef339a-c999-47ca-a25c-ca3ef3fb23fa;417.33;0.25617058;UNKNOWN
2016-03-17T02:04:14.000000;2016-03-17T02:04:14.000000;d34a30eb-df06-49a5-b880-53468250fb12;416.89;0.01349748;UNKNOWN
2016-03-17T02:04:34.000000;2016-03-17T02:04:34.000000;6b9b7edf-6ab6-440e-b7a1-35d7d1c86edb;416.94;0.13101108;UNKNOWN
2016-03-17T02:04:40.000000;2016-03-17T02:04:40.000000;87f4fc3e-6cd7-43fa-ad19-86750fd8211d;416.87;0.23250193;UNKNOWN
2016-03-17T02:05:43.000000;2016-03-17T02:05:43.000000;d8d7811d-24e3-4aa8-81d5-14e82e3955d5;416.98;0.22131389;UNKNOWN
2016-03-17T02:05:51.000000;2016-03-17T02:05:51.000000;813a2435-0e56-4a7e-adad-65c5272fc840;417.02;0.18871431;UNKNOWN
2016-03-17T02:06:25.000000;2016-03-17T02:06:25.000000;efd9eece-a6ca-45c3-9d7a-74e2b08e1a11;416.99;0.20658262;UNKNOWN
2016-03-17T02:06:35.000000;2016-03-17T02:06:35.000000;ce56e9a7-dbe4-4414-9e82-bdbc76d3567a;417.03;0.12005289;UNKNOWN
2016-03-17T02:06:39.000000;2016-03-17T02:06:39.000000;28604bae-3c66-4ea1-b38d-170848b8f2dc;417.04;0.19601541;UNKNOWN
2016-03-17T02:06:43.000000;2016-03-17T02:06:43.000000;5f8d3e28-5e03-461a-8bb1-78f7492aa1ba;417.05;0.04518629;UNKNOWN
2016-03-17T02:06:44.000000;2016-03-17T02:06:44.000000;7cfa1294-9c07-44bf-b536-6e3938974e4c;417.06;0.13835598;UNKNOWN
2016-03-17T02:06:44.000000;2016-03-17T02:06:44.000000;17a504f2-3866-4a0d-8102-3ea424a5d5e3;417.06;0.02974985;UNKNOWN
2016-03-17T02:06:48.000000;2016-03-17T02:06:48.000000;22987503-537f-47c1-935c-1b865523dcc4;417.08;0.09968207;UNKNOWN
2016-03-17T02:06:48.000000;2016-03-17T02:06:48.000000;ebfd22bc-757a-4eda-bf12-cee2fb34c216;417.08;0.04271395;UNKNOWN
2016-03-17T02:06:48.000000;2016-03-17T02:06:48.000000;f8467c3f-ed6a-4edc-81a9-c27298b03b87;417.08;0.04870499;UNKNOWN
2016-03-17T02:06:51.000000;2016-03-17T02:06:51.000000;92279df9-3472-4eb0-bc2a-789cc8aacf3f;417.09;0.04544172;UNKNOWN
2016-03-17T02:06:51.000000;2016-03-17T02:06:51.000000;da8bd4ff-eac2-4f4d-adb7-330db433abdf;417.09;0.34838652;UNKNOWN
2016-03-17T02:06:53.000000;2016-03-17T02:06:53.000000;3d23f043-b0ec-4d4b-a7a1-b06dcee597a0;417.1;0.0454314;UNKNOWN
2016-03-17T02:06:53.000000;2016-03-17T02:06:53.000000;eb1b79cc-e362-47f8-8c1b-bd40e0ba3e92;417.1;0.34830742;UNKNOWN
2016-03-17T02:06:53.000000;2016-03-17T02:06:53.000000;15b79632-fab3-48f0-8115-c0503723984b;417.1;0.17714853;UNKNOWN
2016-03-17T02:06:54.000000;2016-03-17T02:06:54.000000;ffe943a7-0992-403e-876c-5c815bd42b34;417.1;0.03111153;UNKNOWN
2016-03-17T02:06:54.000000;2016-03-17T02:06:54.000000;0f0e4847-3bcb-4837-abd1-7ef90ab01d06;417.1;0.23852173;UNKNOWN
2016-03-17T02:06:55.000000;2016-03-17T02:06:55.000000;718a48e1-24c4-4cf2-808e-9902f0c4b1dd;417.11;0.26712529;UNKNOWN
2016-03-17T02:06:55.000000;2016-03-17T02:06:55.000000;74155d01-fe8d-43e9-98fc-7c027a38925c;417.1;0.03484243;UNKNOWN
2016-03-17T02:07:14.000000;2016-03-17T02:07:14.000000;ff1a8c8e-4717-4209-8009-4e17d2994bce;417.1;0.030994;UNKNOWN
2016-03-17T02:08:43.000000;2016-03-17T02:08:43.000000;0970ee74-edb4-4b09-8c90-99bb433d646f;417.13;0.47038167;UNKNOWN
2016-03-17T02:09:19.000000;2016-03-17T02:09:19.000000;57e917aa-f8b3-4b6a-9c76-8202c2e22785;417.1;0.02353866;UNKNOWN
2016-03-17T02:09:33.000000;2016-03-17T02:09:33.000000;a325d360-9cb7-4bb8-bdb9-442c804e5c96;417.09;0.13562214;UNKNOWN
2016-03-17T02:09:40.000000;2016-03-17T02:09:40.000000;63190c86-53e2-4c54-9ba5-89814cecd491;417.07;0.17624791;UNKNOWN
2016-03-17T02:09:40.000000;2016-03-17T02:09:40.000000;79aae256-a74a-4b73-89df-466af55fc64e;417.07;0.02298885;UNKNOWN
2016-03-17T02:09:41.000000;2016-03-17T02:09:41.000000;1973d45c-d384-4fd3-88a6-95452756a4bb;417.07;0.10076324;UNKNOWN
2016-03-17T02:09:41.000000;2016-03-17T02:09:41.000000;bae0540d-ed5c-442b-9a1e-d26d3dd763c5;417.06;0.11144651;UNKNOWN
2016-03-17T02:09:54.000000;2016-03-17T02:09:54.000000;10feeb45-3c08-4dfc-9141-2d04c785714c;417.06;0.21256626;UNKNOWN
2016-03-17T02:09:54.000000;2016-03-17T02:09:54.000000;4923079f-a29f-448c-b28f-5f6dffa09772;417.06;0.08539172;UNKNOWN
2016-03-17T02:11:08.000000;2016-03-17T02:11:08.000000;97f2fcd9-ee75-4ccf-a83d-dc4f9b3b552e;417.11;0.03052426;UNKNOWN
2016-03-17T02:12:03.000000;2016-03-17T02:12:03.000000;169c6be4-828a-4070-8259-6ef2cd8db871;417.11;0.04799812;UNKNOWN
2016-03-17T02:12:50.000000;2016-03-17T02:12:50.000000;a1e4dff8-316b-44e2-a49c-d5f6e596860d;417.04;0.021;UNKNOWN
2016-03-17T02:12:50.000000;2016-03-17T02:12:50.000000;438a55b1-57b1-4d20-ad40-5246bcd34f9e;417.04;0.46599651;UNKNOWN
2016-03-17T02:13:06.000000;2016-03-17T02:13:06.000000;a885b934-7d07-467a-861f-24e58d68c3ad;417.09;0.03179828;UNKNOWN
2016-03-17T02:14:51.000000;2016-03-17T02:14:51.000000;204533a6-9516-4fba-b8ad-4671d48e334f;417.2;0.1;UNKNOWN
2016-03-17T02:14:51.000000;2016-03-17T02:14:51.000000;7eaef036-7fd8-43c7-8790-f51b7687847e;417.35;0.6123;UNKNOWN
2016-03-17T02:15:03.000000;2016-03-17T02:15:03.000000;4e688c38-ced4-4cfb-b1d7-2cde1587cee3;417.1;0.26713353;UNKNOWN
2016-03-17T02:15:05.000000;2016-03-17T02:15:05.000000;b95105df-0892-4231-b26a-f4429c737e7d;417.1;0.23288074;UNKNOWN
2016-03-17T02:15:55.000000;2016-03-17T02:15:55.000000;547a8e97-7c87-413c-8ce8-07b44ee268a4;416.93;0.15611888;UNKNOWN
2016-03-17T02:16:11.000000;2016-03-17T02:16:11.000000;7fc34ad1-2f21-4fb4-adba-dabb280417a1;416.93;0.11864293;UNKNOWN
2016-03-17T02:16:11.000000;2016-03-17T02:16:11.000000;5abc06bd-c8e8-4704-b08a-dcf51f2a646e;416.93;0.0249963;UNKNOWN
2016-03-17T02:17:55.000000;2016-03-17T02:17:55.000000;5d783904-7879-4d7c-b9aa-8310f25f837b;416.98;0.06513221;UNKNOWN
2016-03-17T02:19:07.000000;2016-03-17T02:19:07.000000;06624654-b1a1-42ce-b723-a122ac0ec601;417.1;0.01;UNKNOWN
2016-03-17T02:19:08.000000;2016-03-17T02:19:08.000000;2133d8a5-310f-4f3f-8d36-7270b3a18c3d;417.1;0.25;UNKNOWN
2016-03-17T02:22:07.000000;2016-03-17T02:22:07.000000;24501e72-5b06-4d4f-a6ff-d7a64c35a715;416.97;0.102031;UNKNOWN
2016-03-17T02:22:11.000000;2016-03-17T02:22:11.000000;f020afc9-0cbb-4e70-9feb-68cbd93eb2b6;416.97;0.671683;UNKNOWN
2016-03-17T02:22:27.000000;2016-03-17T02:22:27.000000;d57c4acd-96e3-4c7c-9ca1-8214f629d865;416.97;0.032;UNKNOWN
2016-03-17T02:22:37.000000;2016-03-17T02:22:37.000000;8a079287-1ecd-4213-a852-4afaecd8e663;417.1;2.0;UNKNOWN
2016-03-17T02:22:37.000000;2016-03-17T02:22:37.000000;d7f89eae-dce3-42f2-8b1c-1297c62c0ec6;417.09;2.0;UNKNOWN
2016-03-17T02:23:47.000000;2016-03-17T02:23:47.000000;abe25b8e-850e-4870-a8c6-962f936345fb;417.02;0.086863;UNKNOWN
2016-03-17T02:23:51.000000;2016-03-17T02:23:51.000000;802df783-60d9-4297-bc34-fd82e8aeac0d;417.02;0.28215;UNKNOWN
2016-03-17T02:24:54.000000;2016-03-17T02:24:54.000000;56053a45-9581-4038-a60a-7c87f44e9879;417.1;0.27815785;UNKNOWN
2016-03-17T02:24:55.000000;2016-03-17T02:24:55.000000;4ac45a4d-ea21-498a-9071-87533171d0f9;417.1;0.27815785;UNKNOWN
2016-03-17T02:24:57.000000;2016-03-17T02:24:57.000000;2cafcec3-4df2-48f2-a7e4-bfa6fbee6c01;417.1;0.48385317;UNKNOWN
2016-03-17T02:24:58.000000;2016-03-17T02:24:58.000000;1b2093ee-6619-4cf2-a60a-fbfdd3bca857;417.1;0.19098699;UNKNOWN
2016-03-17T02:24:58.000000;2016-03-17T02:24:58.000000;f8bec147-bedb-4194-b00d-bc58dd0781ab;417.1;0.01470831;UNKNOWN
2016-03-17T02:24:59.000000;2016-03-17T02:24:59.000000;1abb6f03-7417-47de-a012-35cdfd67cf99;417.1;0.01043304;UNKNOWN
2016-03-17T02:24:59.000000;2016-03-17T02:24:59.000000;175fb991-76a1-4a56-835e-ba803cd4a784;417.1;0.20569531;UNKNOWN
2016-03-17T02:24:59.000000;2016-03-17T02:24:59.000000;8fc47d8f-9432-4070-bfa5-d3234fa3e964;417.1;0.07998666;UNKNOWN
2016-03-17T02:25:00.000000;2016-03-17T02:25:00.000000;16d6bd64-fb5e-439a-9d31-6a4a0876226f;417.1;0.1152756;UNKNOWN
2016-03-17T02:25:27.000000;2016-03-17T02:25:27.000000;16317197-42ab-48d7-b6fe-991f76ba91a6;417.01;0.04962807;UNKNOWN
2016-03-17T02:27:03.000000;2016-03-17T02:27:03.000000;80cc8c09-9ad5-4978-89fd-98e803852c76;417.02;0.158234;UNKNOWN
2016-03-17T02:27:03.000000;2016-03-17T02:27:03.000000;34c84a38-a463-4a8f-a573-c9fb4d3ecfcf;417.1;0.2768473;UNKNOWN
2016-03-17T02:27:05.000000;2016-03-17T02:27:05.000000;1ee316fe-4004-44ee-bb4a-ea812741dbc6;417.01;0.084525;UNKNOWN
2016-03-17T02:27:12.000000;2016-03-17T02:27:12.000000;36199f85-dd2e-4e07-b224-c977217ea1dc;417.1;0.01;UNKNOWN
2016-03-17T02:28:35.000000;2016-03-17T02:28:35.000000;7d94ab24-16f5-4e73-8593-7fbd4ae2b50e;416.98;0.06481145;UNKNOWN
2016-03-17T02:28:43.000000;2016-03-17T02:28:43.000000;13c5a35c-390f-454d-bf35-7a1115dcf9bf;416.98;0.058903;UNKNOWN
2016-03-17T02:28:48.000000;2016-03-17T02:28:48.000000;5d198c32-6652-4705-9fdd-60c642bcf3af;416.97;0.040074;UNKNOWN
2016-03-17T02:28:54.000000;2016-03-17T02:28:54.000000;d237c0d5-24f2-458a-ba56-cea0fecb5e59;416.97;0.183044;UNKNOWN
2016-03-17T02:29:05.000000;2016-03-17T02:29:05.000000;83e9d211-e223-4c8b-a541-f30bc4cd710b;416.97;0.025;UNKNOWN
2016-03-17T02:29:08.000000;2016-03-17T02:29:08.000000;477f2222-5d8c-44d8-baeb-3caa42edcef8;417.1;0.07200354;UNKNOWN
2016-03-17T02:29:26.000000;2016-03-17T02:29:26.000000;6a15ebba-9cf7-49c4-9255-acdadb082e76;416.86;0.100139;UNKNOWN
2016-03-17T02:33:00.000000;2016-03-17T02:33:00.000000;e9d16879-40a7-4a66-a1c4-befd00f89fe1;416.98;0.1197;UNKNOWN
2016-03-17T02:33:59.000000;2016-03-17T02:33:59.000000;128ece46-78b7-4d0a-b16a-64423e76543a;416.98;0.0002;UNKNOWN
2016-03-17T02:34:11.000000;2016-03-17T02:34:11.000000;1c7bfc55-052e-4f8f-ace0-d708e4abc58b;417.1;0.3967;UNKNOWN
2016-03-17T02:36:11.000000;2016-03-17T02:36:11.000000;bc1d4c7c-5410-4df6-aa76-71654d4c9ca0;417.08;0.47535294;UNKNOWN
2016-03-17T02:36:12.000000;2016-03-17T02:36:12.000000;73bc8e44-e4ad-43f1-a9e1-40868ce46f23;417.1;0.13;UNKNOWN
2016-03-17T02:42:03.000000;2016-03-17T02:42:03.000000;c394c2a6-c222-4bd6-abcd-4eec15de1a84;417.08;0.75658;UNKNOWN
2016-03-17T02:42:12.000000;2016-03-17T02:42:12.000000;32b86ec7-e7ad-4616-9354-666b9efd4753;417.1;0.0654043;UNKNOWN
2016-03-17T02:42:16.000000;2016-03-17T02:42:16.000000;9267dd82-4aaf-4c39-88f9-174f84840715;417.1;0.06540744;UNKNOWN
2016-03-17T02:42:20.000000;2016-03-17T02:42:20.000000;ea19204c-158e-46f5-adef-3a116e00f90e;417.1;0.064736;UNKNOWN
2016-03-17T02:43:15.000000;2016-03-17T02:43:15.000000;92dd349c-0292-4be5-aa92-cd3f05953059;417.0;0.26405302;UNKNOWN
2016-03-17T02:45:15.000000;2016-03-17T02:45:15.000000;b6a250c1-c1f5-4483-8299-6a87891a18ae;417.09;0.19259118;UNKNOWN
2016-03-17T02:46:04.000000;2016-03-17T02:46:04.000000;87cdebf9-3fb8-4dd1-8b34-d4fd153ae254;417.05;0.09600086;UNKNOWN
2016-03-17T02:47:06.000000;2016-03-17T02:47:06.000000;5c126dd9-95f1-466a-8198-7c955fd33bc9;417.23;0.5;UNKNOWN
2016-03-17T02:47:06.000000;2016-03-17T02:47:06.000000;738038ca-9e8d-41c0-9961-065238a96a4c;417.1;0.00164664;UNKNOWN
2016-03-17T02:47:06.000000;2016-03-17T02:47:06.000000;09a9b642-ec35-410c-9d1d-29541dbe0331;417.24;0.93800082;UNKNOWN
2016-03-17T02:48:11.000000;2016-03-17T02:48:11.000000;c49f8f19-691f-4bd2-b214-934e1352cb6e;417.05;0.20399914;UNKNOWN
2016-03-17T02:48:39.000000;2016-03-17T02:48:39.000000;96fd050c-4d4f-41b8-a423-74a777d672a2;416.96;0.75;UNKNOWN
2016-03-17T02:48:39.000000;2016-03-17T02:48:39.000000;314495b8-6637-40d9-a671-e464ca90786d;416.95;0.5;UNKNOWN
2016-03-17T02:48:52.000000;2016-03-17T02:48:52.000000;be1dfd51-df1a-474e-9273-3316664e28df;416.95;0.10992713;UNKNOWN
2016-03-17T02:49:06.000000;2016-03-17T02:49:06.000000;0658e0b4-fa1c-47ae-9f10-7be33127c85c;416.95;1.72;UNKNOWN
2016-03-17T02:49:15.000000;2016-03-17T02:49:15.000000;878d8a76-b950-4e81-aff0-55f88d46929f;416.9;0.5;UNKNOWN
2016-03-17T02:49:15.000000;2016-03-17T02:49:15.000000;defee8db-b746-47be-b58c-caa22f2da662;416.89;0.21291081;UNKNOWN
2016-03-17T02:49:34.000000;2016-03-17T02:49:34.000000;472ac6dd-5840-4a21-9760-b43bf3924aa4;416.95;0.05720634;UNKNOWN
2016-03-17T02:49:34.000000;2016-03-17T02:49:34.000000;565dfe52-a7e1-45e0-b6a0-44668ffdf0ad;416.95;0.43858198;UNKNOWN
2016-03-17T02:49:36.000000;2016-03-17T02:49:36.000000;37e023da-65e5-40cf-b0dc-b44de0b34ac4;416.95;0.39051387;UNKNOWN
2016-03-17T02:49:36.000000;2016-03-17T02:49:36.000000;ce4e4b01-9a0f-4523-be70-cf38f40e5c89;416.95;0.98283409;UNKNOWN
2016-03-17T02:49:36.000000;2016-03-17T02:49:36.000000;db433f22-84c6-4086-8630-f7c24a594803;416.95;0.05093659;UNKNOWN
2016-03-17T02:49:43.000000;2016-03-17T02:49:43.000000;78333292-9668-4326-aa7f-af238e51533a;416.89;0.07407373;UNKNOWN
2016-03-17T02:49:43.000000;2016-03-17T02:49:43.000000;ca42c7fe-9710-433c-8ac3-8f6507823edf;416.9;0.5;UNKNOWN
2016-03-17T02:50:53.000000;2016-03-17T02:50:53.000000;324e2bdd-e994-470e-b2fc-6baebe591b1c;416.88;4.70307326;UNKNOWN
2016-03-17T02:50:53.000000;2016-03-17T02:50:53.000000;7b5e499b-7e9a-43d1-af83-614007cf3788;416.89;0.29692674;UNKNOWN
2016-03-17T02:51:25.000000;2016-03-17T02:51:25.000000;0ecd725c-3715-4972-bade-11294ab97287;416.88;5.0;UNKNOWN
2016-03-17T02:52:06.000000;2016-03-17T02:52:06.000000;ff20a7c5-0fe4-4467-b794-3b7ff678504d;416.89;1.0;UNKNOWN
2016-03-17T02:52:49.000000;2016-03-17T02:52:49.000000;74943b24-142e-4e4b-8acd-318603c1f877;416.88;5.7805137;UNKNOWN
2016-03-17T02:55:10.000000;2016-03-17T02:55:10.000000;b542805d-b78e-4432-ba87-1113e3ebd1b2;416.88;0.1468028;UNKNOWN
2016-03-17T02:55:29.000000;2016-03-17T02:55:29.000000;46bd3d93-9697-4053-832b-339b398a8da6;416.88;0.31126434;UNKNOWN
2016-03-17T02:58:06.000000;2016-03-17T02:58:06.000000;638e796f-f6e5-42ab-8b46-1b4355241076;416.8;0.22;UNKNOWN
2016-03-17T02:58:06.000000;2016-03-17T02:58:06.000000;55d20cac-4596-4352-a0ca-2e65394fe53a;416.81;0.38;UNKNOWN
2016-03-17T02:59:24.000000;2016-03-17T02:59:24.000000;b9141033-dc7e-489b-867c-6288fe81c18c;416.81;0.34;UNKNOWN
2016-03-17T02:59:24.000000;2016-03-17T02:59:24.000000;dd93b80e-2aaa-4dba-9a6d-e28445ac83d8;416.8;0.66;UNKNOWN
2016-03-17T03:02:43.000000;2016-03-17T03:02:43.000000;135249c5-cb07-424c-924d-4b48a4cd53ab;416.81;0.15370087;UNKNOWN
2016-03-17T03:03:15.000000;2016-03-17T03:03:15.000000;d3485bc8-7ff9-47d4-b852-c64c6cc16244;416.88;0.1559532;UNKNOWN
2016-03-17T03:03:20.000000;2016-03-17T03:03:20.000000;5c2b9d02-f46f-43ef-ad8d-4e8375626fca;416.88;0.638;UNKNOWN
2016-03-17T03:04:11.000000;2016-03-17T03:04:11.000000;18df2a9d-df1c-45dd-bb39-7040ce0f55fb;416.88;0.04803152;UNKNOWN
2016-03-17T03:06:03.000000;2016-03-17T03:06:03.000000;c6fe4e04-3290-49b5-8e26-f6f386dc9acc;416.88;0.02401173;UNKNOWN
2016-03-17T03:10:26.000000;2016-03-17T03:10:26.000000;839ed6c9-0d9a-4d78-a730-64915ffb3bf6;416.89;4.0;UNKNOWN
2016-03-17T03:10:26.000000;2016-03-17T03:10:26.000000;73fca49b-db2a-48d6-b69e-53f3ce836ba9;416.89;5.0;UNKNOWN
2016-03-17T03:10:26.000000;2016-03-17T03:10:26.000000;870febe6-4cc8-472f-810a-e1eb2a0d2cca;416.89;1.0;UNKNOWN
2016-03-17T03:14:27.000000;2016-03-17T03:14:27.000000;5cebbdd0-fd51-4097-b455-b81e36f3a2a9;416.89;4.0;UNKNOWN
2016-03-17T03:14:27.000000;2016-03-17T03:14:27.000000;16d71ecd-eb40-4487-9ad4-3a72f9646611;416.89;4.11;UNKNOWN
2016-03-17T03:14:44.000000;2016-03-17T03:14:44.000000;30a4ef40-8878-4c60-a403-56cc42ca3fde;416.89;0.89;UNKNOWN
2016-03-17T03:16:54.000000;2016-03-17T03:16:54.000000;28e31b86-30fd-472a-8003-f5801a66c481;416.95;5.0;UNKNOWN
2016-03-17T03:17:16.000000;2016-03-17T03:17:16.000000;9aa0663b-a28b-476f-9924-600dfedee4c7;416.97;14.40530922;UNKNOWN
2016-03-17T03:17:55.000000;2016-03-17T03:17:55.000000;cfbbecd1-84e7-48c1-a67a-ebd68ef1b79f;416.98;0.462606;UNKNOWN
2016-03-17T03:17:55.000000;2016-03-17T03:17:55.000000;04094b6c-38f6-4e5b-81e4-6705aeb3c17e;416.98;0.25;UNKNOWN
2016-03-17T03:17:57.000000;2016-03-17T03:17:57.000000;e29dda72-a2ff-4834-86fd-7bc7c734635c;416.98;0.05127777;UNKNOWN
2016-03-17T03:17:59.000000;2016-03-17T03:17:59.000000;9756c5e7-b96a-4db0-a3e5-9e8ab3d2f618;417.0;0.7687;UNKNOWN
2016-03-17T03:17:59.000000;2016-03-17T03:17:59.000000;4b4207c4-7b1b-4e4a-b64d-21eb8fb257b0;416.98;0.66302667;UNKNOWN
2016-03-17T03:17:59.000000;2016-03-17T03:17:59.000000;34162b38-afb7-467a-bfbe-1229b0b8532c;416.98;0.01128022;UNKNOWN
2016-03-17T03:17:59.000000;2016-03-17T03:17:59.000000;41af185e-629b-4bac-95c7-cee282a5e8c7;416.98;0.08648174;UNKNOWN
2016-03-17T03:18:00.000000;2016-03-17T03:18:00.000000;f68b53ff-f701-4a99-96d5-e16c7f8c84b6;416.98;0.06507297;UNKNOWN
2016-03-17T03:19:03.000000;2016-03-17T03:19:03.000000;2279794a-58d7-435e-8714-17bd656ec84a;417.53;44.0;UNKNOWN
2016-03-17T03:19:03.000000;2016-03-17T03:19:03.000000;8c902a23-c7ba-48d8-be5c-f6582b1c9bce;417.48;12.0;UNKNOWN
2016-03-17T03:19:03.000000;2016-03-17T03:19:03.000000;223f6cfc-84b9-44e9-969e-8d8aa604dee4;417.4;5.0;UNKNOWN
2016-03-17T03:19:03.000000;2016-03-17T03:19:03.000000;1ed49b10-abd3-4dea-9703-3ade9eb40d15;417.43;15.9158;UNKNOWN
2016-03-17T03:19:03.000000;2016-03-17T03:19:03.000000;2f159b48-80d9-4ed6-b241-98e1e89ca2ab;417.6;5.0;UNKNOWN
2016-03-17T03:19:03.000000;2016-03-17T03:19:03.000000;4f358b3a-b4c9-4d47-9daa-7a23b7cbc52b;417.5;5.0;UNKNOWN
2016-03-17T03:19:03.000000;2016-03-17T03:19:03.000000;afc089e0-176f-48ce-985a-b1d3df1d3044;417.35;5.0;UNKNOWN
2016-03-17T03:19:03.000000;2016-03-17T03:19:03.000000;584ff126-9b98-423c-a2b5-39fc1a67e3fe;417.35;0.52428785;UNKNOWN
2016-03-17T03:19:03.000000;2016-03-17T03:19:03.000000;2a6f4b29-94db-4e8f-a99e-f3b0a3167d3a;417.4;5.0;UNKNOWN
2016-03-17T03:19:03.000000;2016-03-17T03:19:03.000000;6a82214e-5296-480d-b8c2-7ed949fd2e03;417.35;5.0;UNKNOWN
2016-03-17T03:19:03.000000;2016-03-17T03:19:03.000000;711893f8-9e76-4fb1-bf83-c05a9bb9bfe5;417.4;2.8277;UNKNOWN
2016-03-17T03:19:03.000000;2016-03-17T03:19:03.000000;7d2fdfcb-418a-4870-bde5-84e6382f4b35;417.44;6.0;UNKNOWN
2016-03-17T03:19:03.000000;2016-03-17T03:19:03.000000;732f43fb-1bde-4311-bed3-5bf6332ddd1c;417.1;5.0;UNKNOWN
2016-03-17T03:19:03.000000;2016-03-17T03:19:03.000000;dbd042d5-74f5-4bce-a8a7-14d365958b78;417.0;4.02730086;UNKNOWN
2016-03-17T03:19:03.000000;2016-03-17T03:19:03.000000;a6a1c819-2bbc-4467-9f27-4cb30262db31;417.2;5.0;UNKNOWN
2016-03-17T03:19:03.000000;2016-03-17T03:19:03.000000;83fbdcc9-6cf3-4498-bafd-db66e17abae7;417.35;5.0;UNKNOWN
2016-03-17T03:20:53.000000;2016-03-17T03:20:53.000000;17dee9c8-830e-422e-a4c8-0cd65221fe69;417.6;5.0;UNKNOWN
2016-03-17T03:21:00.000000;2016-03-17T03:21:00.000000;260446ee-e059-427f-a239-aead90b3e00d;417.6;5.0;UNKNOWN
2016-03-17T03:21:04.000000;2016-03-17T03:21:04.000000;aa7f9551-821c-4b96-8db2-fce3aadfc30f;417.7;1.0;UNKNOWN
2016-03-17T03:21:22.000000;2016-03-17T03:21:22.000000;73cdacc6-1b29-46b4-9b8f-a792a25ae72d;417.67;1.0;UNKNOWN
2016-03-17T03:21:33.000000;2016-03-17T03:21:33.000000;55ed2bb1-1b54-4056-a31c-e3dcb622753a;417.6;5.0;UNKNOWN
2016-03-17T03:21:36.000000;2016-03-17T03:21:36.000000;99b9ceec-bad7-4efc-a3c5-49a759436e35;417.6;5.0;UNKNOWN
2016-03-17T03:21:40.000000;2016-03-17T03:21:40.000000;27d4be8d-75d3-42c3-a2f1-a7f3acf1f181;417.6;0.51804095;UNKNOWN
2016-03-17T03:21:47.000000;2016-03-17T03:21:47.000000;19750d91-d74b-481e-86ea-37773c2efcb5;417.65;1.0;UNKNOWN
2016-03-17T03:22:00.000000;2016-03-17T03:22:00.000000;b969172d-50d5-40ab-b298-3ba3cbe4fb71;417.61;1.0;UNKNOWN
2016-03-17T03:22:05.000000;2016-03-17T03:22:05.000000;21a6996d-0104-49c9-8e4c-09a027c4bb29;417.6;0.06583162;UNKNOWN
2016-03-17T03:22:10.000000;2016-03-17T03:22:10.000000;dc8362ef-2611-4139-b423-4e2b0f660a44;417.6;1.5;UNKNOWN
2016-03-17T03:22:17.000000;2016-03-17T03:22:17.000000;f0ec2050-2f73-4ecb-b42d-54da506d2abb;417.6;5.0;UNKNOWN
2016-03-17T03:22:22.000000;2016-03-17T03:22:22.000000;8127001e-e125-4fde-80cb-e124f8af0557;417.61;1.0;UNKNOWN
2016-03-17T03:22:23.000000;2016-03-17T03:22:23.000000;c7b33294-c0e1-465c-b884-5c2b3f99bada;417.6;5.0;UNKNOWN
2016-03-17T03:22:29.000000;2016-03-17T03:22:29.000000;cf7ae8e8-2315-4888-9005-e9a30c3f6372;417.6;5.0;UNKNOWN
2016-03-17T03:22:37.000000;2016-03-17T03:22:37.000000;b8cf0d1c-d723-402f-bdd5-79c9fb18d0cb;417.6;0.0106829;UNKNOWN
2016-03-17T03:22:40.000000;2016-03-17T03:22:40.000000;31c754db-549f-452e-9790-018a661f5e7a;417.6;5.0;UNKNOWN
2016-03-17T03:22:44.000000;2016-03-17T03:22:44.000000;08e2824a-cb5c-419f-b43c-80dbc85bb0cf;417.61;1.0;UNKNOWN
2016-03-17T03:23:00.000000;2016-03-17T03:23:00.000000;6f6bc54a-315b-4313-ae1b-575fba18abbf;417.61;1.0;UNKNOWN
2016-03-17T03:23:26.000000;2016-03-17T03:23:26.000000;2ee98777-7ab4-4749-a57e-5b2ebbf9d5db;417.61;1.0;UNKNOWN
2016-03-17T03:23:41.000000;2016-03-17T03:23:41.000000;fa350841-6e37-44ca-9ff7-30a27336946e;417.61;1.0;UNKNOWN
2016-03-17T03:23:43.000000;2016-03-17T03:23:43.000000;078a70d6-8f44-478d-8a01-05c7d12a78c9;417.6;5.0;UNKNOWN
2016-03-17T03:24:03.000000;2016-03-17T03:24:03.000000;fc26ed89-4791-4632-88db-a9e1e8b7e69b;417.6;0.06951395;UNKNOWN
2016-03-17T03:24:04.000000;2016-03-17T03:24:04.000000;49e7fb20-e844-4243-8864-df99d1b37a62;417.61;1.0;UNKNOWN
2016-03-17T03:24:20.000000;2016-03-17T03:24:20.000000;63a3eff7-75f3-4607-a941-56169c44b38b;417.61;1.0;UNKNOWN
2016-03-17T03:24:31.000000;2016-03-17T03:24:31.000000;72a5d55f-534f-4c16-8bf7-6ca14f8d798f;417.6;0.010452;UNKNOWN
2016-03-17T03:24:35.000000;2016-03-17T03:24:35.000000;08de26ea-bc5c-4215-b23b-cfcf4325eec7;417.6;0.010694;UNKNOWN
2016-03-17T03:24:38.000000;2016-03-17T03:24:38.000000;6a177b5b-0ad7-4f9e-8f7f-f6c56ae06d34;417.6;5.0;UNKNOWN
2016-03-17T03:24:40.000000;2016-03-17T03:24:40.000000;9aa4886a-598b-4535-bc8b-89bebcba297b;417.6;0.010092;UNKNOWN
2016-03-17T03:24:41.000000;2016-03-17T03:24:41.000000;643a3561-58ce-4ca9-91e6-dd46f63cbee7;417.61;1.0;UNKNOWN
2016-03-17T03:24:43.000000;2016-03-17T03:24:43.000000;3b2ded26-fdd1-4419-a85d-877da2c656c2;417.6;5.0;UNKNOWN
2016-03-17T03:24:44.000000;2016-03-17T03:24:44.000000;e74160f7-6c03-4e83-b261-f7d457658899;417.6;0.011652;UNKNOWN
2016-03-17T03:25:04.000000;2016-03-17T03:25:04.000000;cb8ada6b-149d-4ab7-8eea-488ae2a0e3e3;417.6;5.0;UNKNOWN
2016-03-17T03:25:07.000000;2016-03-17T03:25:07.000000;c00ff566-61cc-40f7-bf2c-380a23447234;417.61;1.0;UNKNOWN
2016-03-17T03:25:08.000000;2016-03-17T03:25:08.000000;bb688521-46c7-48a8-bf29-a4dcc850263a;417.6;5.0;UNKNOWN
2016-03-17T03:25:20.000000;2016-03-17T03:25:20.000000;7628aba7-247d-45fb-8f57-a585e501ca90;417.65;1.0;UNKNOWN
2016-03-17T03:25:29.000000;2016-03-17T03:25:29.000000;3542c566-5ff0-42da-9767-089bc3cb0318;417.6;0.02230977;UNKNOWN
2016-03-17T03:25:43.000000;2016-03-17T03:25:43.000000;745df81b-9086-4b79-8bf3-74a154b0d370;417.65;1.0;UNKNOWN
2016-03-17T03:26:00.000000;2016-03-17T03:26:00.000000;d2d44914-a806-4751-9fb6-1cb50d969645;417.65;1.0;UNKNOWN
2016-03-17T03:26:03.000000;2016-03-17T03:26:03.000000;0f966c31-f234-4801-9f15-30ef6cf9089f;417.6;0.12464571;UNKNOWN
2016-03-17T03:26:20.000000;2016-03-17T03:26:20.000000;17b8206c-f708-4b23-8471-76dab8365ee4;417.6;0.05;UNKNOWN
2016-03-17T03:26:26.000000;2016-03-17T03:26:26.000000;9bcae599-d95b-488b-9b8f-0d3211690f4a;417.65;1.0;UNKNOWN
2016-03-17T03:26:40.000000;2016-03-17T03:26:40.000000;8c722a31-4a78-4d68-a964-35b1e626f439;417.64;1.0;UNKNOWN
2016-03-17T03:27:21.000000;2016-03-17T03:27:21.000000;e3bac757-0714-4989-b118-154a18a518dc;417.64;1.0;UNKNOWN
2016-03-17T03:27:31.000000;2016-03-17T03:27:31.000000;2e607585-2fdf-4f3d-a95f-17184432a887;417.64;1.0;UNKNOWN
2016-03-17T03:27:40.000000;2016-03-17T03:27:40.000000;c411ea0a-2cb0-4d8e-9b6e-48003c5618bf;417.64;1.0;UNKNOWN
2016-03-17T03:27:59.000000;2016-03-17T03:27:59.000000;22eb972a-7f47-4bda-87b8-eebc8b2b17b0;417.64;1.0;UNKNOWN
2016-03-17T03:28:40.000000;2016-03-17T03:28:40.000000;f87d184d-2b18-44f4-84bb-cd855f90275a;417.64;1.0;UNKNOWN
2016-03-17T03:29:00.000000;2016-03-17T03:29:00.000000;34b40553-9081-40de-8cda-9f661f491c5a;417.64;1.0;UNKNOWN
2016-03-17T03:29:13.000000;2016-03-17T03:29:13.000000;57b90edc-8477-4c84-9c81-526863664ac2;417.6;0.02016172;UNKNOWN
2016-03-17T03:29:15.000000;2016-03-17T03:29:15.000000;37f98487-d113-4abe-a7e6-5f76101a0e8d;417.6;0.2826939;UNKNOWN
2016-03-17T03:29:21.000000;2016-03-17T03:29:21.000000;035fca82-2943-484d-814f-0e60547b2b78;417.64;1.0;UNKNOWN
2016-03-17T03:29:39.000000;2016-03-17T03:29:39.000000;1221298a-ed36-4d76-b122-c9739cd61827;417.64;1.0;UNKNOWN
2016-03-17T03:30:12.000000;2016-03-17T03:30:12.000000;63495eb7-415c-479d-94e4-fde22e1c79ad;417.64;1.0;UNKNOWN
2016-03-17T03:30:21.000000;2016-03-17T03:30:21.000000;d6b5f64d-d4db-4a8a-87e0-5a4da8e9fde8;417.64;1.0;UNKNOWN
2016-03-17T03:30:46.000000;2016-03-17T03:30:46.000000;198d9f1b-1914-4303-a149-09de6560de2d;417.6;0.1095826;UNKNOWN
2016-03-17T03:30:47.000000;2016-03-17T03:30:47.000000;5f195bf7-aeff-4432-a5af-5ac890b9c06a;417.64;1.0;UNKNOWN
2016-03-17T03:31:05.000000;2016-03-17T03:31:05.000000;9c037b13-8a37-4a3a-b1d8-545bb9a8be2d;417.64;1.0;UNKNOWN
2016-03-17T03:31:20.000000;2016-03-17T03:31:20.000000;c562f73d-c66f-459a-8a75-c355a4145bfc;417.64;1.0;UNKNOWN
2016-03-17T03:31:47.000000;2016-03-17T03:31:47.000000;881138b0-7e2f-4c72-9693-5689db7137ad;417.64;1.0;UNKNOWN
2016-03-17T03:32:25.000000;2016-03-17T03:32:25.000000;13f03760-e97f-4b49-9065-aa7ffe495172;417.64;1.0;UNKNOWN
2016-03-17T03:32:53.000000;2016-03-17T03:32:53.000000;ab06fabf-8e47-4073-98d9-40321949860f;417.64;1.0;UNKNOWN
2016-03-17T03:33:03.000000;2016-03-17T03:33:03.000000;dd414451-9240-4d87-bbe6-6bdb913c232b;417.64;1.0;UNKNOWN
2016-03-17T03:33:09.000000;2016-03-17T03:33:09.000000;04050c30-4bb4-4df0-b197-8e5d94490b6e;417.63;0.01496433;UNKNOWN
2016-03-17T03:33:17.000000;2016-03-17T03:33:17.000000;cbbb9b2d-60d6-4d23-b7f6-22d203a99b3e;417.63;0.01291948;UNKNOWN
2016-03-17T03:33:33.000000;2016-03-17T03:33:33.000000;7a776513-9986-4641-8b75-0b7e2d9d6cdd;417.63;0.17211619;UNKNOWN
2016-03-17T03:33:33.000000;2016-03-17T03:33:33.000000;ec4875a4-05b3-4508-9d8a-0df7894e25a9;417.64;1.0;UNKNOWN
2016-03-17T03:36:46.000000;2016-03-17T03:36:46.000000;647507a5-e87e-497f-a51a-c6bfd32df81d;417.63;1.0;UNKNOWN
2016-03-17T03:37:07.000000;2016-03-17T03:37:07.000000;6a1b9014-b675-48e3-bef6-ef557632a5a3;417.63;1.0;UNKNOWN
2016-03-17T03:37:23.000000;2016-03-17T03:37:23.000000;1034863c-697b-4e01-a273-3ad24ffcb04f;417.6;0.06013577;UNKNOWN
2016-03-17T03:37:28.000000;2016-03-17T03:37:28.000000;e2ef9da5-27d7-40e9-8efd-53f15e745be9;417.63;1.0;UNKNOWN
2016-03-17T03:37:45.000000;2016-03-17T03:37:45.000000;475122b5-8929-42b9-994f-8b7ef62e8483;417.63;1.0;UNKNOWN
2016-03-17T03:38:09.000000;2016-03-17T03:38:09.000000;cb38db10-1ddd-4c7a-8c53-8d2dd7816baf;417.6;0.01721405;UNKNOWN
2016-03-17T03:38:11.000000;2016-03-17T03:38:11.000000;05004de9-ecad-48f8-8693-abe1f65b3cef;417.6;0.23727044;UNKNOWN
2016-03-17T03:38:13.000000;2016-03-17T03:38:13.000000;38756ce6-1504-45ca-8ee9-48d283f19f06;417.6;0.01553669;UNKNOWN
2016-03-17T03:38:16.000000;2016-03-17T03:38:16.000000;b2626be5-778a-4dd4-998b-0196d3c074e0;417.63;0.82788381;UNKNOWN
2016-03-17T03:38:16.000000;2016-03-17T03:38:16.000000;d8e21581-d977-4bc5-9308-96c4aa43804f;417.63;0.17211619;UNKNOWN
2016-03-17T03:38:36.000000;2016-03-17T03:38:36.000000;b87575ea-e821-4109-83e1-a0fa7443b79b;417.63;0.17211619;UNKNOWN
2016-03-17T03:38:36.000000;2016-03-17T03:38:36.000000;7e132de1-ce3c-4496-8214-68e7b883570d;417.63;0.82788381;UNKNOWN
2016-03-17T03:38:47.000000;2016-03-17T03:38:47.000000;3944c4bf-bef2-4ef6-9a8c-5ce395b66cf1;417.63;0.17211619;UNKNOWN
2016-03-17T03:38:47.000000;2016-03-17T03:38:47.000000;0b97901b-53d7-48a8-9833-872249c93538;417.63;0.82788381;UNKNOWN
2016-03-17T03:39:16.000000;2016-03-17T03:39:16.000000;10f1bccd-3843-4404-a9a1-99a47321e266;417.6;0.998;UNKNOWN
2016-03-17T03:39:16.000000;2016-03-17T03:39:16.000000;f2301110-8dbf-432a-b9ff-4d17fcb34285;417.64;0.17211619;UNKNOWN
2016-03-17T03:39:16.000000;2016-03-17T03:39:16.000000;3321cd52-8bcb-4916-891c-4a3c3031bb1b;417.6;1.55840122;UNKNOWN
2016-03-17T03:39:16.000000;2016-03-17T03:39:16.000000;b631f89a-ab46-4c7d-8235-ce3f1e1b25c5;417.63;0.82788381;UNKNOWN
2016-03-17T03:39:16.000000;2016-03-17T03:39:16.000000;deabe41a-f882-42fa-a669-ed1e7ac5cbe5;417.6;1.5;UNKNOWN
2016-03-17T03:39:16.000000;2016-03-17T03:39:16.000000;01290fb8-2005-4b74-817f-893f958ef140;417.6;2.00860521;UNKNOWN
2016-03-17T03:39:25.000000;2016-03-17T03:39:25.000000;7bbed855-9954-4f4f-89a5-53635331d052;417.64;0.82788381;UNKNOWN
2016-03-17T03:39:25.000000;2016-03-17T03:39:25.000000;a6b7e371-736a-47a7-a316-b148e27c2d54;417.64;0.17211619;UNKNOWN
2016-03-17T03:39:46.000000;2016-03-17T03:39:46.000000;5c3246f9-5959-47ae-9f0d-5c9df6392c9c;417.64;1.0;UNKNOWN
2016-03-17T03:40:08.000000;2016-03-17T03:40:08.000000;cfb6e2e7-831f-4ed7-b144-3e1f29476909;417.64;1.0;UNKNOWN
2016-03-17T03:40:27.000000;2016-03-17T03:40:27.000000;febba3e7-f630-4f48-a8c4-cb40bf919e2b;417.64;1.0;UNKNOWN
2016-03-17T03:40:32.000000;2016-03-17T03:40:32.000000;30179440-1bee-469d-bca4-08ecb5ed0279;417.61;0.4315;UNKNOWN
2016-03-17T03:40:32.000000;2016-03-17T03:40:32.000000;b9658e2c-d0f8-405c-b898-2e015ff152a3;417.5;9.5685;UNKNOWN
2016-03-17T03:40:44.000000;2016-03-17T03:40:44.000000;ec08321e-7dd5-44ac-a7b7-d80b1db807e3;417.64;1.0;UNKNOWN
2016-03-17T03:41:05.000000;2016-03-17T03:41:05.000000;8de9869f-397b-49e8-9fd4-a1c7bd6f0760;417.65;0.17211619;UNKNOWN
2016-03-17T03:41:05.000000;2016-03-17T03:41:05.000000;4f29a3fb-4e6e-4fd0-a9d6-69ff81566cc8;417.64;0.82788381;UNKNOWN
2016-03-17T03:41:15.000000;2016-03-17T03:41:15.000000;9ac75b74-6cb6-4a5f-b2f7-1a8185a6933e;417.5;0.0167749;UNKNOWN
2016-03-17T03:41:15.000000;2016-03-17T03:41:15.000000;217e6c86-ab14-4f5c-bded-38bb11bf19e4;417.5;1.00665749;UNKNOWN
2016-03-17T03:41:16.000000;2016-03-17T03:41:16.000000;e5389007-e8a4-44b2-a727-b7e204910138;417.5;1.02376317;UNKNOWN
2016-03-17T03:41:17.000000;2016-03-17T03:41:17.000000;4f563630-6d9f-4e4a-9b23-82cff5695b51;417.5;1.00665749;UNKNOWN
2016-03-17T03:41:17.000000;2016-03-17T03:41:17.000000;52aeaf0f-1e64-46a5-9434-d0b9e696a64a;417.5;0.31654189;UNKNOWN
2016-03-17T03:41:17.000000;2016-03-17T03:41:17.000000;49456dfe-84b6-477f-9252-186b41161ce6;417.5;0.0442768;UNKNOWN
2016-03-17T03:41:17.000000;2016-03-17T03:41:17.000000;edec7d33-d177-4bc7-9439-fb16c913beee;417.5;0.04128807;UNKNOWN
2016-03-17T03:41:17.000000;2016-03-17T03:41:17.000000;4526dba4-6f0a-450e-ad54-ddbb0c92a219;417.5;0.33945547;UNKNOWN
2016-03-17T03:41:19.000000;2016-03-17T03:41:19.000000;5f79186c-4555-4048-8997-088cebf52e2f;417.5;0.0442768;UNKNOWN
2016-03-17T03:41:32.000000;2016-03-17T03:41:32.000000;01d384aa-460c-46f8-9a08-86b687ce2f83;417.65;0.82788381;UNKNOWN
2016-03-17T03:41:32.000000;2016-03-17T03:41:32.000000;22c04248-83cc-456c-9b4f-70a6bc2be748;417.65;0.17211619;UNKNOWN
2016-03-17T03:41:44.000000;2016-03-17T03:41:44.000000;80e2ebb2-0f0a-4381-bd48-05f28c291da1;417.65;0.82788381;UNKNOWN
2016-03-17T03:41:44.000000;2016-03-17T03:41:44.000000;adac1d73-621b-4c0c-aa62-497bee0f69d6;417.65;0.17211619;UNKNOWN
2016-03-17T03:42:05.000000;2016-03-17T03:42:05.000000;3e47cc30-ec84-4e61-8392-be7389ea5cd6;417.65;0.82788381;UNKNOWN
2016-03-17T03:42:05.000000;2016-03-17T03:42:05.000000;051ef9b5-6c16-429c-9c15-1ffa96b180ad;417.7;0.17211619;UNKNOWN
2016-03-17T03:42:20.000000;2016-03-17T03:42:20.000000;d114202e-6cb0-4273-aa47-ce6164741a7b;417.66;0.253;UNKNOWN
2016-03-17T03:42:28.000000;2016-03-17T03:42:28.000000;53b4c211-844d-4013-96ab-d37e25ffe247;417.7;1.0;UNKNOWN
2016-03-17T03:42:46.000000;2016-03-17T03:42:46.000000;360647ad-dec3-40e3-832f-0da723fd72d3;417.7;1.0;UNKNOWN
2016-03-17T03:43:22.000000;2016-03-17T03:43:22.000000;227d8073-bc31-4069-bf20-19a7dee8d4c3;417.7;1.0;UNKNOWN
2016-03-17T03:44:04.000000;2016-03-17T03:44:04.000000;27ed9271-8e2e-45c8-8358-cd44f973c17f;417.7;1.0;UNKNOWN
2016-03-17T03:44:43.000000;2016-03-17T03:44:43.000000;89b0c640-ad27-4c3b-80c9-67bf5fa4c40f;417.7;1.0;UNKNOWN
2016-03-17T03:45:03.000000;2016-03-17T03:45:03.000000;0368e148-00fb-4490-9f5c-6a645fb43dc9;417.7;1.0;UNKNOWN
2016-03-17T03:45:22.000000;2016-03-17T03:45:22.000000;2d1e5eb1-94d2-419b-9503-0fbd25ee95df;417.7;1.0;UNKNOWN
2016-03-17T03:45:43.000000;2016-03-17T03:45:43.000000;3d89d2bc-833c-4910-b42b-82d25484756d;417.7;1.0;UNKNOWN
2016-03-17T03:45:49.000000;2016-03-17T03:45:49.000000;86bb483e-737b-4ee0-a84f-25263cd0979e;417.7;0.57833996;UNKNOWN
2016-03-17T03:45:49.000000;2016-03-17T03:45:49.000000;b36f5676-59e5-478e-8eed-58fc1927d62a;417.75;0.39929936;UNKNOWN
2016-03-17T03:45:49.000000;2016-03-17T03:45:49.000000;98761eba-6c5d-4613-804b-b611ec0d0373;417.7;0.42166004;UNKNOWN
2016-03-17T03:45:49.000000;2016-03-17T03:45:49.000000;94944718-369e-469f-be2f-1ffd4433cfaf;417.75;0.24188273;UNKNOWN
2016-03-17T03:45:52.000000;2016-03-17T03:45:52.000000;274db695-562f-4eeb-b58d-108668c0684c;417.75;0.82022269;UNKNOWN
2016-03-17T03:46:06.000000;2016-03-17T03:46:06.000000;eaaef3bf-193d-498d-a8df-e1ba7ab3e926;417.75;1.0;UNKNOWN
2016-03-17T03:46:24.000000;2016-03-17T03:46:24.000000;1f19150f-7316-40a3-b8d5-39de1ebbe277;417.75;1.0;UNKNOWN
2016-03-17T03:46:52.000000;2016-03-17T03:46:52.000000;0169f35b-343d-4cad-b033-ed3fecea2bf1;417.75;0.98311;UNKNOWN
2016-03-17T03:46:52.000000;2016-03-17T03:46:52.000000;87730aaa-ba3c-422e-886e-1b429b76b20d;417.7;0.01689;UNKNOWN
2016-03-17T03:46:57.000000;2016-03-17T03:46:57.000000;5e7c3c3e-3d60-49fc-8022-64ef8691a3d4;417.65;0.070918;UNKNOWN
2016-03-17T03:47:06.000000;2016-03-17T03:47:06.000000;e58d149c-ee07-474c-93e0-7637e94c4b84;417.65;0.1;UNKNOWN
2016-03-17T03:47:08.000000;2016-03-17T03:47:08.000000;84caff04-1a80-4fbf-b396-bb9e1c3dd84e;417.75;0.35973921;UNKNOWN
2016-03-17T03:47:09.000000;2016-03-17T03:47:09.000000;ad1a407f-6b0c-4639-b901-82a310b1d978;417.8;0.80425399;UNKNOWN
2016-03-17T03:47:09.000000;2016-03-17T03:47:09.000000;27793f04-df80-4158-bc38-41ccaa4befe8;417.75;0.19574601;UNKNOWN
2016-03-17T03:47:25.000000;2016-03-17T03:47:25.000000;601ae0d5-d85a-4a66-9c35-adea35b540cd;417.8;1.0;UNKNOWN
2016-03-17T03:47:39.000000;2016-03-17T03:47:39.000000;1536eff4-c719-4050-8fe8-f1b3d7b056bb;417.67;0.01005786;UNKNOWN
2016-03-17T03:47:45.000000;2016-03-17T03:47:45.000000;398143d4-bc90-4d71-bb83-9e1ea5847ca9;417.8;1.0;UNKNOWN
2016-03-17T03:48:05.000000;2016-03-17T03:48:05.000000;1cd34bab-ed0a-4e8f-8802-2c9085c1f653;417.8;1.0;UNKNOWN
2016-03-17T03:48:25.000000;2016-03-17T03:48:25.000000;2853da27-a346-4e9b-b255-0182a843f851;417.69;0.050882;UNKNOWN
2016-03-17T03:48:25.000000;2016-03-17T03:48:25.000000;63eb775c-dd09-4499-8908-5f569dcc3f31;417.8;0.949118;UNKNOWN
2016-03-17T03:48:31.000000;2016-03-17T03:48:31.000000;e18ec9f0-dea0-41b0-8876-f8f5da919c12;417.66;0.022792;UNKNOWN
2016-03-17T03:48:45.000000;2016-03-17T03:48:45.000000;15e53268-6c26-4c68-800a-ee517e542be2;417.85;0.75337199;UNKNOWN
2016-03-17T03:48:45.000000;2016-03-17T03:48:45.000000;08434d37-9c79-4b08-ab3c-37d80d53a13a;417.8;0.24662801;UNKNOWN
2016-03-17T03:49:05.000000;2016-03-17T03:49:05.000000;040eea71-9dea-4d3f-860e-961058c65b44;417.85;0.12;UNKNOWN
2016-03-17T03:49:05.000000;2016-03-17T03:49:05.000000;c37cad38-112c-488b-87c5-d66ab82451f0;417.85;1.0;UNKNOWN
2016-03-17T03:49:22.000000;2016-03-17T03:49:22.000000;da07c2e3-ce8e-46d2-bc5b-7947dcd84688;417.85;1.0;UNKNOWN
2016-03-17T03:49:43.000000;2016-03-17T03:49:43.000000;b95dc019-bb6e-4aa6-ac72-3ade39d5c4c7;417.85;1.0;UNKNOWN
2016-03-17T03:49:52.000000;2016-03-17T03:49:52.000000;a26bbbb5-fc15-4109-9263-7184704e9498;417.8;0.01027623;UNKNOWN
2016-03-17T03:50:05.000000;2016-03-17T03:50:05.000000;91f47da7-7fd9-4b68-83db-8549882cf178;417.85;1.0;UNKNOWN
2016-03-17T03:50:20.000000;2016-03-17T03:50:20.000000;d481e2a0-3254-400d-afe3-1e927f48e1f9;417.82;0.01017478;UNKNOWN
2016-03-17T03:50:43.000000;2016-03-17T03:50:43.000000;a4c72963-3e86-45f7-b649-0522896ecbab;417.89;0.87337199;UNKNOWN
2016-03-17T03:50:43.000000;2016-03-17T03:50:43.000000;4691aad8-bb8c-4af0-9b1c-258f938c2e3f;417.85;0.12662801;UNKNOWN
2016-03-17T03:51:03.000000;2016-03-17T03:51:03.000000;89914df7-a5a6-4c27-8b42-47af53889d18;417.89;1.0;UNKNOWN
2016-03-17T03:51:49.000000;2016-03-17T03:51:49.000000;cd987c08-6361-453f-be97-89bbb3bbdd41;417.8;0.02727;UNKNOWN
2016-03-17T03:51:55.000000;2016-03-17T03:51:55.000000;b94034a6-79c5-455a-8768-f031305c3910;417.82;0.05749987;UNKNOWN
2016-03-17T03:52:03.000000;2016-03-17T03:52:03.000000;c493fc27-380f-4e23-b0aa-13fc159ce95c;417.89;1.0;UNKNOWN
2016-03-17T03:52:23.000000;2016-03-17T03:52:23.000000;981f1233-452e-4f63-81cc-f553760471a1;417.89;1.0;UNKNOWN
2016-03-17T03:52:43.000000;2016-03-17T03:52:43.000000;0301b1bc-1337-4b8d-877a-345b8cee84b8;417.89;1.0;UNKNOWN
2016-03-17T03:53:04.000000;2016-03-17T03:53:04.000000;67b3c296-9c1c-4600-bc47-8da7a2890df0;417.89;0.983752;UNKNOWN
2016-03-17T03:53:04.000000;2016-03-17T03:53:04.000000;e9d92b96-29dc-4a11-aedf-4bc3e7f3bf37;417.88;0.016248;UNKNOWN
2016-03-17T03:53:15.000000;2016-03-17T03:53:15.000000;97b14185-9fab-47fd-a7ae-b7ba08991583;417.84;0.125;UNKNOWN
2016-03-17T03:53:23.000000;2016-03-17T03:53:23.000000;b9aade1e-89dd-4c32-b820-23b017518803;417.85;1.0;UNKNOWN
2016-03-17T03:53:29.000000;2016-03-17T03:53:29.000000;c1b690ec-99d1-4c29-be79-4f5d18bfca5f;417.83;0.010213;UNKNOWN
2016-03-17T03:54:02.000000;2016-03-17T03:54:02.000000;d998cc83-671e-4d29-a17e-525ac2ee1459;417.85;1.0;UNKNOWN
2016-03-17T03:54:06.000000;2016-03-17T03:54:06.000000;5feb42c3-6406-480b-aa55-a6dfdf9fde69;417.85;0.36004924;UNKNOWN
2016-03-17T03:54:23.000000;2016-03-17T03:54:23.000000;cf2b5c53-d25e-4b61-82fa-888ad976749e;417.84;1.0;UNKNOWN
2016-03-17T03:54:30.000000;2016-03-17T03:54:30.000000;d255412e-b3db-493d-8d22-804525a874a2;417.83;0.011742;UNKNOWN
2016-03-17T03:54:44.000000;2016-03-17T03:54:44.000000;3adb125e-0bda-43e5-bea5-95d482871900;417.84;1.0;UNKNOWN
2016-03-17T03:55:04.000000;2016-03-17T03:55:04.000000;3b30ac3d-d486-40df-975b-ff1451c44abc;417.84;1.0;UNKNOWN
2016-03-17T03:55:22.000000;2016-03-17T03:55:22.000000;1cd57afb-ac6b-42a6-be95-622d024db77b;417.84;1.0;UNKNOWN
2016-03-17T03:55:44.000000;2016-03-17T03:55:44.000000;5f3c07d0-3605-4e2e-a9cb-1a46e7786bd3;417.84;1.0;UNKNOWN
2016-03-17T03:55:52.000000;2016-03-17T03:55:52.000000;c7d75894-66b7-425a-ba8b-d4d31c31ac84;417.89;0.5;UNKNOWN
2016-03-17T03:55:52.000000;2016-03-17T03:55:52.000000;98d0b2fd-7ac0-43da-b59c-d71b79c01670;417.86;3.5;UNKNOWN
2016-03-17T03:55:57.000000;2016-03-17T03:55:57.000000;f2a11d26-2ef9-44cb-b6f8-fe946bfedf7d;417.89;3.516248;UNKNOWN
2016-03-17T03:55:57.000000;2016-03-17T03:55:57.000000;20c2d32a-7078-41a1-a1fd-357c5cb207fb;417.89;0.483752;UNKNOWN
2016-03-17T03:56:02.000000;2016-03-17T03:56:02.000000;3820a606-29f5-4efd-a777-b171077327bf;417.9;1.0;UNKNOWN
2016-03-17T03:56:02.000000;2016-03-17T03:56:02.000000;7b7f1bbc-d337-4556-aaff-b4f42914d956;417.9;5.0;UNKNOWN
2016-03-17T03:56:24.000000;2016-03-17T03:56:24.000000;0e3a3c09-b504-4fc8-94c1-b6ced4a8c366;417.9;3.5;UNKNOWN
2016-03-17T03:56:26.000000;2016-03-17T03:56:26.000000;dad1d13d-ac28-40c4-abc8-dd54c2be368f;417.9;1.0;UNKNOWN
2016-03-17T03:56:44.000000;2016-03-17T03:56:44.000000;99b1af21-b531-4054-9e57-da346a8fe606;417.9;1.0;UNKNOWN
2016-03-17T03:57:05.000000;2016-03-17T03:57:05.000000;3754e244-8b10-4d9a-824c-040f3260bdfb;417.9;1.0;UNKNOWN
2016-03-17T03:57:23.000000;2016-03-17T03:57:23.000000;51fea4ba-51ea-405f-b8c3-24b9adbf1ca0;417.9;1.0;UNKNOWN
2016-03-17T03:58:03.000000;2016-03-17T03:58:03.000000;9345cb93-779b-4358-a010-8c971c247d29;417.9;1.0;UNKNOWN
2016-03-17T03:58:22.000000;2016-03-17T03:58:22.000000;d96dd992-986b-4e20-829a-63d3adb47e05;417.9;3.0;UNKNOWN
2016-03-17T03:58:43.000000;2016-03-17T03:58:43.000000;0d79a7fc-0505-45f3-b341-de1f13dc3cae;417.9;1.0;UNKNOWN
2016-03-17T03:59:03.000000;2016-03-17T03:59:03.000000;176efe2f-5cb9-4135-afd5-3584fb60967a;417.9;1.0;UNKNOWN
2016-03-17T03:59:22.000000;2016-03-17T03:59:22.000000;9bba9afa-15c2-402e-82ae-8b5758369485;417.9;1.0;UNKNOWN
2016-03-17T04:00:03.000000;2016-03-17T04:00:03.000000;f655d9d3-123a-438c-b9f7-3e0179974ff4;417.9;1.0;UNKNOWN
2016-03-17T04:00:22.000000;2016-03-17T04:00:22.000000;fb34d446-6ac8-4ad0-8a22-c1d8a1904c30;417.89;1.0;UNKNOWN
2016-03-17T04:00:43.000000;2016-03-17T04:00:43.000000;6275b390-75ee-4a3b-92b0-24becb4ce6fe;417.89;1.0;UNKNOWN
2016-03-17T04:01:04.000000;2016-03-17T04:01:04.000000;44a91d07-894f-4dc0-ad44-d50651e66cf5;417.89;1.0;UNKNOWN
2016-03-17T04:01:25.000000;2016-03-17T04:01:25.000000;ae919d30-1809-40fe-8c5e-6ee9deab9af7;417.89;1.0;UNKNOWN
2016-03-17T04:01:46.000000;2016-03-17T04:01:46.000000;6cfe2b4a-d584-4878-9646-8c13949b135a;417.89;1.0;UNKNOWN
2016-03-17T04:02:05.000000;2016-03-17T04:02:05.000000;ecd6b41f-4633-418e-bf22-68ee20858b7b;417.89;0.2;UNKNOWN
2016-03-17T04:02:05.000000;2016-03-17T04:02:05.000000;508ba190-b604-4701-a79e-dcd950e48789;417.89;0.8;UNKNOWN
2016-03-17T04:02:43.000000;2016-03-17T04:02:43.000000;c9de49cd-b32f-44a3-8fd6-0489c4fb6a39;417.89;1.0;UNKNOWN
2016-03-17T04:03:03.000000;2016-03-17T04:03:03.000000;6cc1abce-2e85-4ab6-afdc-187d6c066c9b;417.89;1.0;UNKNOWN
2016-03-17T04:03:15.000000;2016-03-17T04:03:15.000000;764613a3-993f-4c12-93ff-4eb4ab864f62;417.84;0.13049564;UNKNOWN
2016-03-17T04:03:22.000000;2016-03-17T04:03:22.000000;5ace7a18-b1ed-4950-b861-3d50591d7015;417.89;1.0;UNKNOWN
2016-03-17T04:03:46.000000;2016-03-17T04:03:46.000000;f71f8c67-c524-4bec-b3b2-5bf163610e8a;417.89;1.0;UNKNOWN
2016-03-17T04:04:04.000000;2016-03-17T04:04:04.000000;f025a010-1565-4754-9911-c76d6c22c549;417.89;0.2;UNKNOWN
2016-03-17T04:04:04.000000;2016-03-17T04:04:04.000000;a4788f33-4ff7-43ec-a81e-12bd47a6d11b;417.89;0.8;UNKNOWN
2016-03-17T04:04:21.000000;2016-03-17T04:04:21.000000;38c2a5ad-67b5-4d6f-a22a-def0e527d9c9;417.84;0.01040671;UNKNOWN
2016-03-17T04:04:27.000000;2016-03-17T04:04:27.000000;22814fcc-f1f1-485e-9ec4-239dc598f8a6;417.84;0.01003441;UNKNOWN
2016-03-17T04:04:43.000000;2016-03-17T04:04:43.000000;73307330-27b8-4bca-a46f-68c25fb93da0;417.89;1.0;UNKNOWN
2016-03-17T04:05:23.000000;2016-03-17T04:05:23.000000;bd2ac068-db6c-4c61-87e0-7c517e78b42f;417.89;1.0;UNKNOWN
2016-03-17T04:05:36.000000;2016-03-17T04:05:36.000000;fc88d0ed-cf10-4582-bf01-1958f2838bd6;417.84;0.5;UNKNOWN
2016-03-17T04:05:43.000000;2016-03-17T04:05:43.000000;e34f2937-46ef-442c-9894-5c88b55103ef;417.89;1.0;UNKNOWN
2016-03-17T04:06:03.000000;2016-03-17T04:06:03.000000;2b8c9a1d-397a-4a50-933c-fe658df96dc6;417.89;1.0;UNKNOWN
2016-03-17T04:06:19.000000;2016-03-17T04:06:19.000000;46854102-bdf6-4f89-9631-24628497b566;417.89;0.1;UNKNOWN
2016-03-17T04:06:23.000000;2016-03-17T04:06:23.000000;207476a5-d7a3-497b-a65f-e07bff118fbd;417.89;0.1;UNKNOWN
2016-03-17T04:06:23.000000;2016-03-17T04:06:23.000000;caab4eb9-2e23-48f8-9fe8-54cc965478e0;417.9;0.9;UNKNOWN
2016-03-17T04:06:45.000000;2016-03-17T04:06:45.000000;77d793e1-1c20-425f-a84d-dcb6ab7748b3;417.9;1.0;UNKNOWN
2016-03-17T04:07:04.000000;2016-03-17T04:07:04.000000;daf48bd9-7bc8-445a-9491-d7a3bcaabbc4;417.9;1.0;UNKNOWN
2016-03-17T04:07:24.000000;2016-03-17T04:07:24.000000;26e4920c-43f5-42bb-9846-55277f450164;417.9;1.0;UNKNOWN
2016-03-17T04:07:44.000000;2016-03-17T04:07:44.000000;0e7a42bc-e4d1-4be3-8168-a207468e33fe;417.9;1.0;UNKNOWN
2016-03-17T04:07:48.000000;2016-03-17T04:07:48.000000;107d9249-8d7f-4da0-88e5-088095e14c4e;417.86;1.71;UNKNOWN
2016-03-17T04:08:06.000000;2016-03-17T04:08:06.000000;09757ed0-d8df-4205-9b61-c1a3f0e3b4f2;417.9;0.50524713;UNKNOWN
2016-03-17T04:08:23.000000;2016-03-17T04:08:23.000000;57bd4a83-469f-4a23-af61-913362dbdcdf;417.9;1.0;UNKNOWN
2016-03-17T04:08:49.000000;2016-03-17T04:08:49.000000;e8fd83e9-7e3a-4d7a-8100-dd4912a17775;417.9;1.0;UNKNOWN
2016-03-17T04:09:08.000000;2016-03-17T04:09:08.000000;05d81917-752e-4b3f-9b20-dd880b285a7f;417.9;0.883212;UNKNOWN
2016-03-17T04:09:08.000000;2016-03-17T04:09:08.000000;af8ca659-461a-457b-a5f5-c76e6ae6bdb7;417.89;0.116788;UNKNOWN
2016-03-17T04:09:09.000000;2016-03-17T04:09:09.000000;91bbc1e4-6db9-4fb0-b60e-f576f3890391;417.86;0.119;UNKNOWN
2016-03-17T04:09:24.000000;2016-03-17T04:09:24.000000;c0d41d37-df13-44ae-acd0-5a8b07df3cf7;417.87;0.499142;UNKNOWN
2016-03-17T04:09:24.000000;2016-03-17T04:09:24.000000;fd845d18-80a2-4ee8-883f-670c56813aad;417.84;0.415263;UNKNOWN
2016-03-17T04:09:24.000000;2016-03-17T04:09:24.000000;6d1e6b25-6b06-4fda-87b3-eadb3288db74;417.9;0.005595;UNKNOWN
2016-03-17T04:09:27.000000;2016-03-17T04:09:27.000000;f15e22c6-0575-45d7-990f-8d1df19567b9;417.83;1.18592;UNKNOWN
2016-03-17T04:09:27.000000;2016-03-17T04:09:27.000000;04b18b1c-b667-4484-bfb5-e4e42105060a;417.83;0.228045;UNKNOWN
2016-03-17T04:09:48.000000;2016-03-17T04:09:48.000000;32e87f97-c3c3-4840-8bf0-749e27c736ff;417.9;1.0;UNKNOWN
2016-03-17T04:09:59.000000;2016-03-17T04:09:59.000000;cc8818e1-d358-4e87-995c-f6b4744317ac;417.83;0.8;UNKNOWN
2016-03-17T04:10:04.000000;2016-03-17T04:10:04.000000;ed7d29ad-9b8d-453b-8c12-056debd53f76;417.9;1.0;UNKNOWN
2016-03-17T04:10:23.000000;2016-03-17T04:10:23.000000;3cc8e5b5-edf5-4837-b778-15f3393386b1;417.9;1.0;UNKNOWN
2016-03-17T04:10:46.000000;2016-03-17T04:10:46.000000;28c1e5ad-9871-4238-9ab4-039bc46da43f;417.86;0.158792;UNKNOWN
2016-03-17T04:10:46.000000;2016-03-17T04:10:46.000000;e4abac0d-5904-40ab-a970-0b1a61aacb59;417.9;0.841208;UNKNOWN
2016-03-17T04:11:05.000000;2016-03-17T04:11:05.000000;98593cb5-a401-493f-a67c-dfb18c633a03;417.84;0.037166;UNKNOWN
2016-03-17T04:11:05.000000;2016-03-17T04:11:05.000000;56c39e1e-a73f-4292-b6a2-20cdcedbdf3d;417.89;0.962834;UNKNOWN
2016-03-17T04:11:15.000000;2016-03-17T04:11:15.000000;709b4886-b0c4-49fa-957d-e0eaf3266090;417.83;0.732534;UNKNOWN
2016-03-17T04:11:34.000000;2016-03-17T04:11:34.000000;a954e519-b441-4020-825e-3000ae0081d1;417.9;1.0;UNKNOWN
2016-03-17T04:11:39.000000;2016-03-17T04:11:39.000000;65339567-908e-4ebf-b2b4-1ada0e6525b8;417.89;2.2;UNKNOWN
2016-03-17T04:11:43.000000;2016-03-17T04:11:43.000000;2469d9e9-49bd-4d6c-a5e0-142c9b17b930;417.89;1.0;UNKNOWN
2016-03-17T04:11:45.000000;2016-03-17T04:11:45.000000;1ae87ca7-ead4-4b99-bce1-892d9f10a390;417.89;0.42141228;UNKNOWN
2016-03-17T04:12:07.000000;2016-03-17T04:12:07.000000;6e639327-e1a1-4869-9a72-c2dcd93d4b1b;417.89;1.0;UNKNOWN
2016-03-17T04:12:24.000000;2016-03-17T04:12:24.000000;6a408703-3145-4859-8517-13ef22e0fe6d;417.86;1.0;UNKNOWN
2016-03-17T04:12:30.000000;2016-03-17T04:12:30.000000;a743f42a-672b-4ede-9251-454959c10d2a;417.84;0.236919;UNKNOWN
2016-03-17T04:12:38.000000;2016-03-17T04:12:38.000000;6a354f73-f351-4baa-bcf3-7f444aaa29dd;417.85;0.42145262;UNKNOWN
2016-03-17T04:12:44.000000;2016-03-17T04:12:44.000000;86426d2d-7e0c-4f4b-9a2b-00c332147889;417.85;0.273734;UNKNOWN
2016-03-17T04:12:44.000000;2016-03-17T04:12:44.000000;feabbd7b-d6f9-4bfc-8649-9e1e0ea64567;417.84;0.726266;UNKNOWN
2016-03-17T04:13:18.000000;2016-03-17T04:13:18.000000;a4901dfb-6a28-4681-8d45-9e5c096e93a3;418.0;0.016;UNKNOWN
2016-03-17T04:13:18.000000;2016-03-17T04:13:18.000000;6f4ac3ab-01be-4662-85d7-64338565896d;418.08;4.83146171;UNKNOWN
2016-03-17T04:13:18.000000;2016-03-17T04:13:18.000000;7fe453d2-2460-492f-a9e8-8030b4b2bc3b;418.0;2.0;UNKNOWN
2016-03-17T04:13:18.000000;2016-03-17T04:13:18.000000;b873ecb3-0639-427d-ae5d-cf7c0005ce7e;418.0;1.0;UNKNOWN
2016-03-17T04:13:18.000000;2016-03-17T04:13:18.000000;73e009a5-2239-4ff7-9baf-efcf25ea00c8;417.9;2.12939597;UNKNOWN
2016-03-17T04:13:18.000000;2016-03-17T04:13:18.000000;9f4c0235-05a2-40ce-9b35-175b5b97e705;418.02;2.0;UNKNOWN
2016-03-17T04:13:20.000000;2016-03-17T04:13:20.000000;5b131150-f6d3-4d75-b3e8-b77283b30e6c;417.83;3.0;UNKNOWN
2016-03-17T04:13:23.000000;2016-03-17T04:13:23.000000;163a482e-0e8a-43f1-8edf-59eeb87e6195;418.08;1.0;UNKNOWN
2016-03-17T04:13:25.000000;2016-03-17T04:13:25.000000;0f45550c-61cd-40e1-affd-a3fe511d2758;418.04;0.05;UNKNOWN
2016-03-17T04:13:25.000000;2016-03-17T04:13:25.000000;92c5e9fa-d4be-4240-9b61-4ecb23310f67;418.04;5.0;UNKNOWN
2016-03-17T04:13:35.000000;2016-03-17T04:13:35.000000;2220aa79-b577-4d2d-9ec2-bd334777ded6;417.88;0.01;UNKNOWN
2016-03-17T04:13:41.000000;2016-03-17T04:13:41.000000;94a1e040-2d6c-465a-9b58-71977b0002a1;417.9;0.54807544;UNKNOWN
2016-03-17T04:13:43.000000;2016-03-17T04:13:43.000000;f7df4676-b764-4530-8dfd-4761fe64cb44;418.08;1.0;UNKNOWN
2016-03-17T04:13:47.000000;2016-03-17T04:13:47.000000;1d929359-7e07-40a0-8b8d-637649ecfb28;417.91;3.0;UNKNOWN
2016-03-17T04:13:47.000000;2016-03-17T04:13:47.000000;62fc28c0-f4f7-4c1e-900d-ec78b533c3af;417.91;0.5;UNKNOWN
2016-03-17T04:13:47.000000;2016-03-17T04:13:47.000000;8c981a25-80b4-41e0-844a-83dd7bd86445;417.9;1.2604936;UNKNOWN
2016-03-17T04:13:56.000000;2016-03-17T04:13:56.000000;e92c16cc-b87b-443c-be5f-287a3c1fa83d;418.1;0.238483;UNKNOWN
2016-03-17T04:13:56.000000;2016-03-17T04:13:56.000000;03b1451e-964c-4315-8760-7d23a675f9e0;418.12;11.114883;UNKNOWN
2016-03-17T04:13:56.000000;2016-03-17T04:13:56.000000;f6ef7c03-90ea-47ef-9bd0-6480ab5e5aa8;418.19;4.385117;UNKNOWN
2016-03-17T04:13:56.000000;2016-03-17T04:13:56.000000;e1814219-a51d-4e2f-b8a4-f7c1085e55cf;418.18;1.0;UNKNOWN
2016-03-17T04:13:56.000000;2016-03-17T04:13:56.000000;c5b516c2-d5f5-4f50-b42e-39d48eabc4f4;418.1;0.25;UNKNOWN
2016-03-17T04:13:56.000000;2016-03-17T04:13:56.000000;8c3c8633-a06b-4034-839b-ece5f5d4b262;418.12;0.611517;UNKNOWN
2016-03-17T04:13:56.000000;2016-03-17T04:13:56.000000;4db8fb56-5177-44c0-ba94-be3d01c29e01;418.11;0.9;UNKNOWN
2016-03-17T04:14:03.000000;2016-03-17T04:14:03.000000;b294d3d7-16b6-4029-91c4-84d5033a29fb;418.1;0.870222;UNKNOWN
2016-03-17T04:14:03.000000;2016-03-17T04:14:03.000000;411d9978-9bf2-43f8-9b29-16a30c1f1c5b;418.04;0.129778;UNKNOWN
2016-03-17T04:14:16.000000;2016-03-17T04:14:16.000000;4495ae42-16d7-48ad-aadb-7dd584a20875;417.71;0.217178;UNKNOWN
2016-03-17T04:14:19.000000;2016-03-17T04:14:19.000000;065a92e5-fb99-4cf1-9927-fdc705ed0a46;417.73;0.179593;UNKNOWN
2016-03-17T04:14:23.000000;2016-03-17T04:14:23.000000;03e1d953-1a6b-435c-aaeb-ed9372a53a7f;418.16;1.0;UNKNOWN
2016-03-17T04:14:46.000000;2016-03-17T04:14:46.000000;7689449f-9b95-4010-b51a-8aea294fe66c;418.11;1.0;UNKNOWN
2016-03-17T04:15:16.000000;2016-03-17T04:15:16.000000;21fe4c0b-aafa-4f83-bd2b-e98241c4360b;417.75;0.46221741;UNKNOWN
2016-03-17T04:15:18.000000;2016-03-17T04:15:18.000000;3de37afe-3e42-4b9d-bb77-6ce79abf02e4;418.13;0.067321;UNKNOWN
2016-03-17T04:15:18.000000;2016-03-17T04:15:18.000000;820aee51-e543-4b9c-a9d7-f5b4e5fd1942;418.16;0.8688;UNKNOWN
2016-03-17T04:15:18.000000;2016-03-17T04:15:18.000000;a52dada2-6895-410d-a087-01ed82a69000;418.15;0.063879;UNKNOWN
2016-03-17T04:15:21.000000;2016-03-17T04:15:21.000000;f11a67ae-6d44-4131-bc6c-c35c40ab9aeb;417.78;0.185854;UNKNOWN
2016-03-17T04:15:34.000000;2016-03-17T04:15:34.000000;c3ba7623-1456-4742-a463-898d76feea58;417.82;1.26221;UNKNOWN
2016-03-17T04:15:35.000000;2016-03-17T04:15:35.000000;b84581d8-6b0e-4de4-9df1-4771287531bb;418.16;1.0;UNKNOWN
2016-03-17T04:15:44.000000;2016-03-17T04:15:44.000000;81d87104-ae70-408d-8f80-c373f15d36af;417.71;0.026409;UNKNOWN
2016-03-17T04:15:46.000000;2016-03-17T04:15:46.000000;a877961f-ac86-4d9a-8efa-e78754b56fe9;418.16;1.0;UNKNOWN
2016-03-17T04:15:51.000000;2016-03-17T04:15:51.000000;f02c39ec-8d11-468c-86d1-3d1e7aba63ad;417.73;0.061501;UNKNOWN
2016-03-17T04:15:54.000000;2016-03-17T04:15:54.000000;08926f46-7be6-44b6-a7a1-f70ee493c08a;417.75;0.051856;UNKNOWN
2016-03-17T04:16:06.000000;2016-03-17T04:16:06.000000;59890972-59e6-4993-bfd8-643278226b7f;418.14;0.50150667;UNKNOWN
2016-03-17T04:16:07.000000;2016-03-17T04:16:07.000000;53ccfd41-6e29-4646-a72d-f0057b9e014b;418.15;1.0;UNKNOWN
2016-03-17T04:16:41.000000;2016-03-17T04:16:41.000000;6e253f68-0cdd-47eb-a97a-ed57312f7888;418.16;1.0;UNKNOWN
2016-03-17T04:16:47.000000;2016-03-17T04:16:47.000000;c350e112-9b8d-4fa1-abaa-f465ec94c351;418.16;1.0;UNKNOWN
2016-03-17T04:16:48.000000;2016-03-17T04:16:48.000000;17ed7d39-19d9-41a2-9c26-5539cc832f10;417.98;0.013;UNKNOWN
2016-03-17T04:16:52.000000;2016-03-17T04:16:52.000000;8d80cb98-8ae2-42e2-ac07-f303dab02e02;418.01;0.158;UNKNOWN
2016-03-17T04:16:58.000000;2016-03-17T04:16:58.000000;99510356-786e-49bd-8c7f-d9df4997e368;418.03;0.147;UNKNOWN
2016-03-17T04:17:02.000000;2016-03-17T04:17:02.000000;391586df-0154-490e-afa2-489cfdc6819f;418.04;0.068;UNKNOWN
2016-03-17T04:17:07.000000;2016-03-17T04:17:07.000000;f86e2bc0-e5f4-40ca-8149-2942e449a560;418.2;0.01;UNKNOWN
2016-03-17T04:17:07.000000;2016-03-17T04:17:07.000000;d87f5ef2-e9de-4eaf-8927-c441b77c7bd0;418.24;0.243917;UNKNOWN
2016-03-17T04:17:07.000000;2016-03-17T04:17:07.000000;8f19c0ea-c0e0-475e-ad25-e389faa79c72;418.19;0.614883;UNKNOWN
2016-03-17T04:17:07.000000;2016-03-17T04:17:07.000000;92a07f77-f809-4483-a4c5-d694959c0e4e;418.16;0.1312;UNKNOWN
2016-03-17T04:17:08.000000;2016-03-17T04:17:08.000000;d29d2b12-dbdb-4349-bbe5-5a8ad3b2c45a;418.05;0.365;UNKNOWN
2016-03-17T04:17:12.000000;2016-03-17T04:17:12.000000;3da8e60e-c08f-46a2-ba5e-16efc1905f3c;418.05;0.5;UNKNOWN
2016-03-17T04:17:12.000000;2016-03-17T04:17:12.000000;f08d42ec-e873-4c91-853d-c620d36a93fb;418.04;0.5;UNKNOWN
2016-03-17T04:17:17.000000;2016-03-17T04:17:17.000000;be1ad9a7-f567-40eb-8595-0761a7b2d929;418.05;1.0;UNKNOWN
2016-03-17T04:17:20.000000;2016-03-17T04:17:20.000000;677ee4e0-e3f7-4b9c-8e46-cc907fd62277;418.07;1.0;UNKNOWN
2016-03-17T04:17:24.000000;2016-03-17T04:17:24.000000;27e77457-164c-40f9-a9a5-94d368d629d6;418.07;0.063;UNKNOWN
2016-03-17T04:17:26.000000;2016-03-17T04:17:26.000000;73289ba3-fee7-4704-a100-d6053716ea5a;418.23;1.0;UNKNOWN
2016-03-17T04:17:28.000000;2016-03-17T04:17:28.000000;950a6edb-5ba8-4d8b-9f37-999feee3ac04;418.08;0.238;UNKNOWN
2016-03-17T04:17:32.000000;2016-03-17T04:17:32.000000;793bc1e5-cbb0-4f04-adad-2bf48baa21b7;418.07;0.632;UNKNOWN
2016-03-17T04:17:35.000000;2016-03-17T04:17:35.000000;0fe1fb0e-aa31-479f-b8be-876e78349160;418.07;0.108;UNKNOWN
2016-03-17T04:17:39.000000;2016-03-17T04:17:39.000000;4a43a31b-39ab-4385-bda0-0b048ba3c95d;418.07;0.749;UNKNOWN
2016-03-17T04:17:49.000000;2016-03-17T04:17:49.000000;e8691e1e-dbaa-47a2-a91e-84709fa1eef0;418.24;1.0;UNKNOWN
2016-03-17T04:18:11.000000;2016-03-17T04:18:11.000000;f468773a-eb22-4ed7-99a0-66c3ea620789;418.24;1.0;UNKNOWN
2016-03-17T04:18:24.000000;2016-03-17T04:18:24.000000;e0cd7f98-a7ef-4c9e-bd6e-cc4676dacd8c;418.24;1.0;UNKNOWN
2016-03-17T04:18:45.000000;2016-03-17T04:18:45.000000;60273e9a-e907-4efd-b372-d3b406c71d8c;418.24;1.0;UNKNOWN
2016-03-17T04:19:04.000000;2016-03-17T04:19:04.000000;28894c42-2594-4065-9f06-45ca3d2e4148;418.24;1.0;UNKNOWN
2016-03-17T04:20:23.000000;2016-03-17T04:20:23.000000;78821d17-ad66-4eba-97da-687555fa5a36;418.24;1.0;UNKNOWN
2016-03-17T04:20:38.000000;2016-03-17T04:20:38.000000;35e70440-4b88-4016-b617-64ed0a2efe1f;418.11;0.5;UNKNOWN
2016-03-17T04:20:43.000000;2016-03-17T04:20:43.000000;28bfb1cf-8f6e-407a-b0c2-52d15e6d12d5;418.11;1.0;UNKNOWN
2016-03-17T04:21:04.000000;2016-03-17T04:21:04.000000;3f4c86c5-f647-4964-9a83-427acf8082f4;418.11;1.0;UNKNOWN
2016-03-17T04:21:21.000000;2016-03-17T04:21:21.000000;efacbfb2-4dd1-436b-8508-779e6e23f54d;418.11;1.0;UNKNOWN
2016-03-17T04:21:23.000000;2016-03-17T04:21:23.000000;304242d3-3ec3-4e69-a4fd-c4195fc9e1d5;418.09;0.02394166;UNKNOWN
2016-03-17T04:21:35.000000;2016-03-17T04:21:35.000000;b785bf90-07b0-4551-a8fe-aa3beb879f41;418.11;0.1;UNKNOWN
2016-03-17T04:23:43.000000;2016-03-17T04:23:43.000000;304d459f-04ac-41c7-bb1d-7acfd0454a18;419.0;0.5;UNKNOWN
2016-03-17T04:23:43.000000;2016-03-17T04:23:43.000000;86dbc573-ff2d-4ad5-8bf6-5fd0f36c9706;418.68;12.6684;UNKNOWN
2016-03-17T04:23:43.000000;2016-03-17T04:23:43.000000;99f7a220-bb5e-43a1-9db0-32b1afe8793c;419.0;0.3;UNKNOWN
2016-03-17T04:23:43.000000;2016-03-17T04:23:43.000000;f40cf95d-2bf2-4dc6-952a-466f3c82b510;418.6;0.01;UNKNOWN
2016-03-17T04:23:43.000000;2016-03-17T04:23:43.000000;9a1542e9-88d4-476b-877c-c8b8f6f572d7;418.5;1.0;UNKNOWN
2016-03-17T04:23:43.000000;2016-03-17T04:23:43.000000;f5f14c2d-5589-4247-ac19-8eb62cc29e2a;418.5;10.0;UNKNOWN
2016-03-17T04:23:43.000000;2016-03-17T04:23:43.000000;8783bd96-ccf3-412d-8b62-9d1ea44ece4d;418.54;13.5218;UNKNOWN
2016-03-17T04:23:43.000000;2016-03-17T04:23:43.000000;3cf29a05-6a9b-43ae-a874-90cecc56f089;418.11;17.4567726;UNKNOWN
2016-03-17T04:23:43.000000;2016-03-17T04:23:43.000000;48921331-57ea-4dd0-a567-01a4d74f5c7b;418.6;0.01;UNKNOWN
2016-03-17T04:23:43.000000;2016-03-17T04:23:43.000000;f8721ade-469e-4d57-9e19-9a709618afb7;418.6;10.0;UNKNOWN
2016-03-17T04:23:43.000000;2016-03-17T04:23:43.000000;a8d87085-bb2e-4e52-9f8b-cd4c2e5888d2;418.97;12.6833;UNKNOWN
2016-03-17T04:23:43.000000;2016-03-17T04:23:43.000000;4d427b57-9828-47cf-88b9-e022d2942553;419.0;0.2;UNKNOWN
2016-03-17T04:23:43.000000;2016-03-17T04:23:43.000000;3d2ec662-f8a9-42fa-994b-65851cc66378;418.46;20.5903;UNKNOWN
2016-03-17T04:23:43.000000;2016-03-17T04:23:43.000000;bf24ab57-a4f9-4934-a6b7-9b44de3385c2;418.35;7.9319;UNKNOWN
2016-03-17T04:23:43.000000;2016-03-17T04:23:43.000000;3b3ecc9d-0d33-442b-b7c2-14dd7bf518ad;419.0;0.1;UNKNOWN
2016-03-17T04:23:43.000000;2016-03-17T04:23:43.000000;0b27b9b8-25e4-4e59-b0e1-dc5974a7b7c6;418.49;0.01;UNKNOWN
2016-03-17T04:23:43.000000;2016-03-17T04:23:43.000000;d4432544-b03f-4eb9-b0a4-fc5ce3e3ac8f;419.0;0.02;UNKNOWN
2016-03-17T04:23:43.000000;2016-03-17T04:23:43.000000;e809ec1f-435a-44f6-8e79-4ffac2a6f474;419.0;0.01;UNKNOWN
2016-03-17T04:23:43.000000;2016-03-17T04:23:43.000000;d1afbcbc-5885-46c7-b57f-591c5eb9c469;418.97;1.0;UNKNOWN
2016-03-17T04:23:43.000000;2016-03-17T04:23:43.000000;150cd048-c2fa-45e8-aa33-d0a74595d974;419.0;0.05;UNKNOWN
2016-03-17T04:23:43.000000;2016-03-17T04:23:43.000000;1f3c8d05-87e4-40f2-90e1-b9a9c87117a4;419.0;0.137;UNKNOWN
2016-03-17T04:23:43.000000;2016-03-17T04:23:43.000000;50023868-0977-436b-8e9e-8797192037e5;418.48;1.0;UNKNOWN
2016-03-17T04:23:43.000000;2016-03-17T04:23:43.000000;cf6d1c12-b712-44ae-9325-0f0fc4ab289a;418.25;5.0;UNKNOWN
2016-03-17T04:23:43.000000;2016-03-17T04:23:43.000000;d686a775-6134-484f-bde6-36b4a872171c;419.0;0.01;UNKNOWN
2016-03-17T04:23:43.000000;2016-03-17T04:23:43.000000;ad7dc549-237f-4867-b13c-534ee16877cd;418.26;5.0;UNKNOWN
2016-03-17T04:23:43.000000;2016-03-17T04:23:43.000000;c2698278-2ec8-447f-b11e-370899f74efd;418.3;2.0;UNKNOWN
2016-03-17T04:23:43.000000;2016-03-17T04:23:43.000000;267f59c8-585a-41bb-b092-f07df9e8ab2c;418.5;3.0;UNKNOWN
2016-03-17T04:23:43.000000;2016-03-17T04:23:43.000000;9a2bc896-ce48-415e-9cf0-7f8bf1e43b57;418.27;3.0;UNKNOWN
2016-03-17T04:23:43.000000;2016-03-17T04:23:43.000000;9e8fb1b2-2ff5-46be-9207-28768672163e;418.59;0.01;UNKNOWN
2016-03-17T04:23:43.000000;2016-03-17T04:23:43.000000;1f8922cb-8765-4d8c-9316-580f2d66a87f;418.36;2.0;UNKNOWN
2016-03-17T04:23:43.000000;2016-03-17T04:23:43.000000;95c4b32e-c33e-4605-9c72-529f4f388ba1;418.86;1.0;UNKNOWN
2016-03-17T04:23:43.000000;2016-03-17T04:23:43.000000;476e77ec-263a-407e-b957-d328471a229f;418.4;0.01;UNKNOWN
2016-03-17T04:23:43.000000;2016-03-17T04:23:43.000000;9661cfb3-d0e5-4804-a46a-077070eb15ab;418.7;0.69;UNKNOWN
2016-03-17T04:23:43.000000;2016-03-17T04:23:43.000000;10fb76de-35b2-4266-afe5-2ceb17b0248e;418.86;5.0;UNKNOWN
2016-03-17T04:23:43.000000;2016-03-17T04:23:43.000000;63348505-91a4-4f58-bd6b-4b0e4d844410;418.69;18.0;UNKNOWN
2016-03-17T04:23:43.000000;2016-03-17T04:23:43.000000;e5d1936d-e511-4419-97f5-b2900c343ddb;418.7;0.01;UNKNOWN
2016-03-17T04:23:43.000000;2016-03-17T04:23:43.000000;bf462ea3-31f0-41a2-9e88-2d42ba935b80;418.9;0.01;UNKNOWN
2016-03-17T04:23:43.000000;2016-03-17T04:23:43.000000;69dcea3d-c227-4c8a-901f-895d58b07fbe;418.83;50.0;UNKNOWN
2016-03-17T04:23:43.000000;2016-03-17T04:23:43.000000;00e035f4-6dae-424a-be08-effb6c86c4d2;418.81;0.2;UNKNOWN
2016-03-17T04:23:43.000000;2016-03-17T04:23:43.000000;c7022166-b421-4ac5-b577-5c8d0013ccd7;418.8;0.01;UNKNOWN
2016-03-17T04:23:43.000000;2016-03-17T04:23:43.000000;053cb67f-4bf6-4694-abea-402adb4a868e;418.82;2.79;UNKNOWN
2016-03-17T04:23:43.000000;2016-03-17T04:23:43.000000;baf458f6-385d-451a-927d-a12cabf3b817;418.8;1.08396715;UNKNOWN
2016-03-17T04:23:43.000000;2016-03-17T04:23:43.000000;116626aa-d2fd-46a9-8de3-e99f13345675;418.84;11.6548;UNKNOWN
2016-03-17T04:23:47.000000;2016-03-17T04:23:47.000000;02e1ec47-3b2f-4d78-83a0-6f12c1b70367;419.0;0.1;UNKNOWN
2016-03-17T04:23:48.000000;2016-03-17T04:23:48.000000;bc6ccdb5-8176-4af6-98f9-212e916eb327;419.0;0.22176025;UNKNOWN
2016-03-17T04:24:03.000000;2016-03-17T04:24:03.000000;0effdd96-cd66-4565-ad3f-70e090798139;418.92;0.56163369;UNKNOWN
2016-03-17T04:25:37.000000;2016-03-17T04:25:37.000000;b8ddfbb8-fb6f-4e2c-b98a-7502e2fdcee6;418.62;2.0;UNKNOWN
2016-03-17T04:26:10.000000;2016-03-17T04:26:10.000000;4d1eb470-9831-4dde-b9ae-2439a761b176;418.83;13.503;UNKNOWN
