time_exchange;time_coinpai;guid;price;base_amount;taker_side
2016-01-29T00:00:01.453000;2016-01-29T00:00:01.510000;81c98f88-d432-45dc-8434-9de07f9dc4fd;379.63;0.01;BUY
2016-01-29T00:00:01.453000;2016-01-29T00:00:01.510000;2eaa0b14-9868-40d2-a9a6-bf38d977e1dd;379.64;0.01;BUY
2016-01-29T00:00:01.453000;2016-01-29T00:00:01.527000;8bdf3d73-5a2c-480d-aee7-62a138889601;379.66;0.01;BUY
2016-01-29T00:00:01.453000;2016-01-29T00:00:01.527000;210ad862-51e4-4489-bfd7-f354d68c3a7f;379.67;0.01;BUY
2016-01-29T00:00:01.457000;2016-01-29T00:00:01.527000;c06987e6-50a3-48a9-aec4-bd113ff866dd;379.67;0.12;BUY
2016-01-29T00:00:01.457000;2016-01-29T00:00:01.527000;0cce4e55-c132-4805-a8fc-1dfad9f1be1e;379.68;0.01;BUY
2016-01-29T00:00:01.457000;2016-01-29T00:00:01.527000;1e829f5b-1549-44f8-afc4-833acc644770;379.69;0.24;BUY
2016-01-29T00:00:01.457000;2016-01-29T00:00:01.543000;8088f400-8bdd-4ea4-aeb6-5eb58d42f62b;379.7;0.01;BUY
2016-01-29T00:00:01.457000;2016-01-29T00:00:01.543000;71467053-2734-4ff6-8eeb-2f4ed0afa4a6;379.7;0.28;BUY
2016-01-29T00:00:01.457000;2016-01-29T00:00:01.543000;864cb848-b987-4873-b167-7764bdfd93ab;379.72;0.01;BUY
2016-01-29T00:00:01.457000;2016-01-29T00:00:01.543000;be696226-4de1-407a-9813-bc16e9522207;379.72;0.01;BUY
2016-01-29T00:00:01.457000;2016-01-29T00:00:01.543000;3453229c-3c66-4bf2-9a71-cc75c13aa05b;379.74;0.01;BUY
2016-01-29T00:00:01.457000;2016-01-29T00:00:01.543000;5b61d7f9-d2b6-4210-a37f-74017f153dbe;379.74;0.079;BUY
2016-01-29T00:00:01.457000;2016-01-29T00:00:01.543000;911de711-e3a3-4f31-a553-b109635f1408;379.76;0.01;BUY
2016-01-29T00:00:01.457000;2016-01-29T00:00:01.543000;40b6276b-5c8a-45f1-a3e0-255c83a59a9d;379.76;0.01;BUY
2016-01-29T00:00:01.457000;2016-01-29T00:00:01.543000;48f08940-3f5d-45fc-a33d-3dd0d0daa274;379.77;0.092;BUY
2016-01-29T00:00:01.457000;2016-01-29T00:00:01.560000;491bc573-c8c4-4d1f-9308-38c80a5c4cde;379.78;0.01;BUY
2016-01-29T00:00:01.457000;2016-01-29T00:00:01.560000;ae171607-681e-428b-9375-789436f71247;379.78;0.01;BUY
2016-01-29T00:00:01.457000;2016-01-29T00:00:01.560000;c392f7cf-3c91-4f21-b599-bd64ad273e37;379.8;0.01;BUY
2016-01-29T00:00:01.457000;2016-01-29T00:00:01.560000;91373c06-c62e-44ab-af50-9127fd80d19a;379.8;0.01;BUY
2016-01-29T00:00:01.457000;2016-01-29T00:00:01.560000;b8392ccf-13e0-455f-8906-cb84a10e6742;379.8;0.08367;BUY
2016-01-29T00:00:04.363000;2016-01-29T00:00:04.403000;7bfe1abb-5dc9-4570-899b-8dea4f8c7e2f;379.63;0.119;SELL
2016-01-29T00:00:04.370000;2016-01-29T00:00:04.417000;9db00030-d121-4205-8b51-8c3526c5b652;379.63;0.251;SELL
2016-01-29T00:00:04.370000;2016-01-29T00:00:04.417000;5d629c24-de76-434a-b4d7-b41fa0a4f2c3;379.63;0.32;SELL
2016-01-29T00:00:04.370000;2016-01-29T00:00:04.417000;918b5ef1-f889-4705-81c6-7f86e07af006;379.62;0.2885;SELL
2016-01-29T00:00:31.507000;2016-01-29T00:00:31.560000;00bdb5f2-1611-4916-9f4f-80f5ed615359;379.69;0.03776;BUY
2016-01-29T00:01:01.737000;2016-01-29T00:01:01.777000;451e036b-4fe1-4154-a419-a2004b0d3a71;379.69;3.0275;BUY
2016-01-29T00:01:27.210000;2016-01-29T00:01:27.247000;e2ec9fcd-9e1e-48a7-9289-19140f2e0e01;379.69;0.05704;BUY
2016-01-29T00:01:31.413000;2016-01-29T00:01:31.463000;8866b6af-e64f-402c-b644-94caaa7255ce;379.69;0.65639;BUY
2016-01-29T00:02:01.383000;2016-01-29T00:02:01.417000;41e75aea-afa6-4913-8391-68c714c9b024;379.69;1.589;BUY
2016-01-29T00:02:01.383000;2016-01-29T00:02:01.433000;6206433b-4c5b-4b99-aa09-b6548e400a3c;379.69;0.14018;BUY
2016-01-29T00:02:32.150000;2016-01-29T00:02:32.183000;e026ea4c-fe4d-40c6-933a-327df622c360;379.69;0.37;BUY
2016-01-29T00:02:32.150000;2016-01-29T00:02:32.200000;cb536814-0685-41f8-a669-e74e4bfcebe1;379.69;1.504;BUY
2016-01-29T00:02:32.150000;2016-01-29T00:02:32.200000;285138d4-42aa-43ae-b788-887fae03b3b2;379.69;1.93323;BUY
2016-01-29T00:02:38.637000;2016-01-29T00:02:38.667000;b82e158b-5c94-4f28-a38c-de4e4dae2b72;379.69;0.01233063;BUY
2016-01-29T00:02:39.963000;2016-01-29T00:02:39.997000;427e286c-3854-4d4b-8160-484b70f2eec1;379.68;0.01;SELL
2016-01-29T00:02:39.967000;2016-01-29T00:02:40.010000;e7120c68-c1aa-4784-8b27-23285e2ea0f4;379.68;0.33;SELL
2016-01-29T00:02:39.967000;2016-01-29T00:02:40.027000;87d126e7-6d24-49ba-9d32-b26ff55b41d7;379.68;0.37;SELL
2016-01-29T00:02:39.967000;2016-01-29T00:02:40.027000;403fc62c-6364-4d38-8061-4055719ef2e8;379.67;0.01;SELL
2016-01-29T00:02:39.967000;2016-01-29T00:02:40.043000;93ed8f5e-9887-41f3-bd67-00da9e436aa9;379.67;0.01;SELL
2016-01-29T00:02:39.967000;2016-01-29T00:02:40.073000;849f637d-0db4-4af8-b9f9-3acf0733474e;379.67;0.01;SELL
2016-01-29T00:02:39.967000;2016-01-29T00:02:40.073000;29590ade-b94e-4e48-bfb2-8fc628b96f45;379.67;0.1;SELL
2016-01-29T00:03:01.353000;2016-01-29T00:03:01.387000;66397b87-1b95-4552-a72d-cf6b537f7769;379.67;0.53173;BUY
2016-01-29T00:03:31.447000;2016-01-29T00:03:31.497000;72fdbd4f-4ef3-4569-a0b3-507bc0369a61;379.67;0.2214;BUY
2016-01-29T00:03:53.883000;2016-01-29T00:03:53.933000;da5ab99e-3c68-4ac2-960a-0ce5d42461cf;379.66;0.01;SELL
2016-01-29T00:03:53.883000;2016-01-29T00:03:53.950000;99262084-f61f-44f5-9bfc-cf4f2b21ae21;379.66;0.01;SELL
2016-01-29T00:03:53.883000;2016-01-29T00:03:53.950000;1a9e49f1-e8ac-4b66-b7ee-19aa9ffcdf1e;379.66;0.01;SELL
2016-01-29T00:03:53.883000;2016-01-29T00:03:53.950000;f431db17-632d-4e07-b2e4-41403c5ff7ab;379.66;0.01;SELL
2016-01-29T00:03:53.883000;2016-01-29T00:03:53.950000;aae92201-2ac8-444a-abaa-f72fa6c9559f;379.66;0.01;SELL
2016-01-29T00:03:53.883000;2016-01-29T00:03:53.950000;1f681c7c-dbaf-4125-bfe2-6419f5f804d7;379.66;0.01;SELL
2016-01-29T00:03:53.883000;2016-01-29T00:03:53.963000;e97d8ad3-d6c9-46a1-bc35-da302ff558da;379.66;0.01;SELL
2016-01-29T00:03:53.883000;2016-01-29T00:03:53.963000;2aaf3967-0db9-48b9-a988-f6feb0ffa428;379.66;0.01;SELL
2016-01-29T00:03:53.883000;2016-01-29T00:03:53.963000;78640250-7b26-4def-b83f-3aa2483034e4;379.66;0.01;SELL
2016-01-29T00:03:53.883000;2016-01-29T00:03:53.963000;0364a9df-8a8d-4eb4-8baf-97f870975dc0;379.66;0.01;SELL
2016-01-29T00:03:53.883000;2016-01-29T00:03:53.963000;77233a24-bb55-4027-9d31-a23633c98ae7;379.66;0.01;SELL
2016-01-29T00:03:53.887000;2016-01-29T00:03:53.980000;352f0d65-ab3c-4175-8319-1c8b67d767eb;379.66;0.01;SELL
2016-01-29T00:03:53.887000;2016-01-29T00:03:53.980000;f03616ea-b575-450c-b156-90e9e8947e20;379.66;0.01;SELL
2016-01-29T00:03:53.887000;2016-01-29T00:03:53.980000;abb87c15-84c3-4413-be3c-7818db191abf;379.66;0.01;SELL
2016-01-29T00:03:53.887000;2016-01-29T00:03:53.980000;307fc037-da4b-4f2a-96d8-d7e32c745f43;379.66;0.01;SELL
2016-01-29T00:03:53.887000;2016-01-29T00:03:53.980000;b15980d1-0171-40cb-87e5-5becd6c45807;379.66;0.01;SELL
2016-01-29T00:03:53.887000;2016-01-29T00:03:53.980000;45e9858a-2fda-49bb-96ab-2ad1c5b9bea2;379.66;0.01;SELL
2016-01-29T00:03:53.887000;2016-01-29T00:03:53.997000;c03612e8-fb6f-4bf3-bae2-7a3db6bba426;379.66;0.01;SELL
2016-01-29T00:03:53.887000;2016-01-29T00:03:53.997000;c28e5cd4-07cd-42fb-ae37-fc30b781937b;379.66;0.01;SELL
2016-01-29T00:03:53.887000;2016-01-29T00:03:53.997000;9758bf8d-16a5-41dd-8e7d-4d1de82c8df3;379.66;0.01;SELL
2016-01-29T00:03:53.887000;2016-01-29T00:03:54.027000;2f359701-caec-4886-8aa1-96f23b6223c9;379.66;0.01;SELL
2016-01-29T00:03:53.887000;2016-01-29T00:03:54.027000;83ac4d63-157b-4b08-800f-073fd25c3b6e;379.66;0.01;SELL
2016-01-29T00:03:53.887000;2016-01-29T00:03:54.027000;e0532d68-8b7d-4c21-8608-96e61d3d73dc;379.66;0.01;SELL
2016-01-29T00:03:53.887000;2016-01-29T00:03:54.043000;77467fbc-b694-4fae-9bce-f1258558a256;379.66;0.01;SELL
2016-01-29T00:03:53.887000;2016-01-29T00:03:54.043000;14103513-9e8e-4a91-b3f3-69221c20519e;379.66;0.01;SELL
2016-01-29T00:03:53.887000;2016-01-29T00:03:54.043000;b2bb8d3a-6d93-45f1-8e45-a42b3c253085;379.66;0.01;SELL
2016-01-29T00:03:53.887000;2016-01-29T00:03:54.043000;83e0529b-91c0-429c-b4d0-379f475822dd;379.66;0.01;SELL
2016-01-29T00:03:53.887000;2016-01-29T00:03:54.043000;516e296e-2f3e-4954-adc2-3e3a6ffe3e89;379.66;0.01;SELL
2016-01-29T00:03:53.887000;2016-01-29T00:03:54.043000;bc2e3ae9-c4ce-44c5-a3e5-51beab10f7ba;379.66;0.37;SELL
2016-01-29T00:03:53.887000;2016-01-29T00:03:54.043000;bd272d2f-69db-4442-ac94-ac15fd5bf44a;379.66;0.03;SELL
2016-01-29T00:03:53.887000;2016-01-29T00:03:54.043000;34f13b8f-6336-466d-98da-566b9fb640e1;379.66;0.34;SELL
2016-01-29T00:03:53.887000;2016-01-29T00:03:54.043000;f7a6b551-63cf-4dd8-96ce-286b30065106;379.65;0.01;SELL
2016-01-29T00:03:53.890000;2016-01-29T00:03:54.043000;8612f8ab-e94b-48b6-becf-f5ce1fcadab5;379.65;0.01;SELL
2016-01-29T00:03:53.890000;2016-01-29T00:03:54.073000;f651c827-920b-4170-8e73-dea9f3230940;379.65;0.01;SELL
2016-01-29T00:03:53.890000;2016-01-29T00:03:54.090000;585d3ce2-8d5d-406b-8a00-7b87f66893e6;379.65;0.01;SELL
2016-01-29T00:03:53.890000;2016-01-29T00:03:54.090000;3e9900c5-dfec-413e-9c1c-1c5eb115b348;379.65;0.01;SELL
2016-01-29T00:03:53.890000;2016-01-29T00:03:54.090000;6c006d9b-723d-4e88-8749-2a25ea4fe285;379.65;0.01;SELL
2016-01-29T00:03:53.890000;2016-01-29T00:03:54.090000;aadf296b-ecc9-4c33-aee9-7af81eaf8c88;379.65;0.01;SELL
2016-01-29T00:03:53.890000;2016-01-29T00:03:54.090000;30ed9e6b-361a-40ef-9801-85b9b24174a8;379.65;0.01;SELL
2016-01-29T00:03:53.890000;2016-01-29T00:03:54.090000;69fdd2d2-6782-43f2-884b-85716501824d;379.65;0.01;SELL
2016-01-29T00:03:53.890000;2016-01-29T00:03:54.090000;39e15871-9af0-4d67-9217-b2982ec7a976;379.65;0.01;SELL
2016-01-29T00:03:53.890000;2016-01-29T00:03:54.090000;f6c9dcc9-cd61-4a98-982b-1f178924022a;379.65;0.01;SELL
2016-01-29T00:03:53.890000;2016-01-29T00:03:54.090000;abdf81f9-18ee-4d90-ba80-e3e375fc827c;379.65;0.01;SELL
2016-01-29T00:03:53.890000;2016-01-29T00:03:54.090000;123c0aa2-0181-4315-8abd-6ec7df0b80af;379.65;0.01;SELL
2016-01-29T00:03:53.890000;2016-01-29T00:03:54.090000;5bce9a8f-dbaa-4704-b1d5-2b6b51edcd0a;379.65;0.01;SELL
2016-01-29T00:03:53.890000;2016-01-29T00:03:54.090000;c2b2c23e-1d5f-4480-b801-043be9334355;379.65;0.01;SELL
2016-01-29T00:03:53.890000;2016-01-29T00:03:54.090000;e9dc6a16-5638-4a5c-97bb-b66047b2d0e3;379.64;0.01;SELL
2016-01-29T00:03:53.890000;2016-01-29T00:03:54.090000;73133ef8-20bc-474b-b7ad-80db86c38421;379.64;0.01;SELL
2016-01-29T00:03:53.890000;2016-01-29T00:03:54.090000;611fda28-a631-4074-b87e-c06c4fcf08a8;379.64;0.01;SELL
2016-01-29T00:03:53.890000;2016-01-29T00:03:54.090000;0424b20e-d770-4499-b26e-944da3ea35fc;379.64;0.01;SELL
2016-01-29T00:03:53.890000;2016-01-29T00:03:54.090000;85206775-8f24-4f62-9d5c-5ae395cef00f;379.64;0.01;SELL
2016-01-29T00:03:53.890000;2016-01-29T00:03:54.107000;6b0ca98a-3e40-4908-ac00-c376eb830bca;379.64;0.01;SELL
2016-01-29T00:03:53.890000;2016-01-29T00:03:54.107000;b16905d8-3876-43b0-9854-2c7bcdea0c37;379.64;0.01;SELL
2016-01-29T00:03:53.890000;2016-01-29T00:03:54.107000;a5a23af5-f523-4c9f-9459-ee4e9ccbe8cc;379.64;0.01;SELL
2016-01-29T00:03:53.890000;2016-01-29T00:03:54.120000;af5c6308-e119-44d5-acfe-6e7377df2be4;379.64;0.01;SELL
2016-01-29T00:03:53.890000;2016-01-29T00:03:54.120000;4ee25284-7e43-40e8-973c-23bf726ddf2e;379.64;0.01;SELL
2016-01-29T00:03:53.890000;2016-01-29T00:03:54.120000;d43af490-57c0-4455-b237-e7f6a80c25e4;379.64;0.01;SELL
2016-01-29T00:03:53.893000;2016-01-29T00:03:54.120000;ae99582b-9eed-4d17-ae19-81168dbbb2b9;379.64;0.01;SELL
2016-01-29T00:03:53.893000;2016-01-29T00:03:54.120000;54452e94-6b5a-4857-98f0-94bc3a4bdf99;379.64;0.01;SELL
2016-01-29T00:03:53.893000;2016-01-29T00:03:54.120000;c3cee1b2-7c5b-4412-9773-cdb6a53d085d;379.63;0.01;SELL
2016-01-29T00:03:53.893000;2016-01-29T00:03:54.120000;ccbdde30-11b0-4f2d-b00d-eb6650a9d562;379.63;0.01;SELL
2016-01-29T00:03:53.893000;2016-01-29T00:03:54.120000;eb8e34a8-5775-4a6a-9c45-bd55351176c1;379.63;0.01;SELL
2016-01-29T00:03:53.893000;2016-01-29T00:03:54.120000;b8d2eb0c-971f-46b5-bd91-1d26aa865641;379.61;0.01;SELL
2016-01-29T00:03:53.893000;2016-01-29T00:03:54.120000;a6660276-cd6a-482b-9001-f7a44a54bfe4;379.61;0.01;SELL
2016-01-29T00:03:53.893000;2016-01-29T00:03:54.120000;7365acac-afab-4ff5-8497-566c5df9e32d;379.6;0.04221;SELL
2016-01-29T00:03:53.893000;2016-01-29T00:03:54.120000;a30636e1-1ecd-46de-986c-50008fc0030c;379.6;0.015;SELL
2016-01-29T00:03:53.893000;2016-01-29T00:03:54.120000;cda5f88f-8d92-497e-b8cc-a3bab4cd7623;379.59;0.11524498;SELL
2016-01-29T00:03:53.893000;2016-01-29T00:03:54.137000;9571cf37-1def-432a-9d24-0808ed46f70a;379.58;0.0656695;SELL
2016-01-29T00:03:53.893000;2016-01-29T00:03:54.137000;34fe6da1-930f-4ad5-a021-19afbe007162;379.53;0.01;SELL
2016-01-29T00:03:53.893000;2016-01-29T00:03:54.137000;8cae2a68-8080-4016-9d46-47a775c72fce;379.53;0.01;SELL
2016-01-29T00:03:53.893000;2016-01-29T00:03:54.137000;fb2e6829-8a08-4632-81a6-5073797bb88f;379.53;0.01;SELL
2016-01-29T00:03:53.893000;2016-01-29T00:03:54.137000;88bdddab-b53e-460f-8ca3-f5e5ef72b75b;379.53;0.381;SELL
2016-01-29T00:03:53.893000;2016-01-29T00:03:54.137000;c9cfc8c4-3b58-49e0-9834-f19442cefbd1;379.52;0.01;SELL
2016-01-29T00:03:53.893000;2016-01-29T00:03:54.153000;bede1e9d-110f-4ab0-b8b8-88f5588cbda4;379.52;0.01;SELL
2016-01-29T00:03:53.893000;2016-01-29T00:03:54.153000;21f294a8-db43-4168-b8a4-dd230623e561;379.52;0.01;SELL
2016-01-29T00:03:53.893000;2016-01-29T00:03:54.153000;d9d1e20a-5ee8-4422-8426-7e13641becf1;379.52;0.01;SELL
2016-01-29T00:03:53.893000;2016-01-29T00:03:54.153000;a00d2b33-20a0-4bdc-b58a-ec38bb08b538;379.52;0.01;SELL
2016-01-29T00:03:53.893000;2016-01-29T00:03:54.153000;fdf5e34f-30b5-4770-a7f5-bed9518e4651;379.52;0.01;SELL
2016-01-29T00:03:53.893000;2016-01-29T00:03:54.153000;324e7d74-67ab-483d-aea8-3d4c64a6710d;379.51;0.01;SELL
2016-01-29T00:03:53.893000;2016-01-29T00:03:54.153000;e33f11ea-1034-4abd-ba98-5fbd9f0cdeee;379.51;0.01;SELL
2016-01-29T00:03:53.897000;2016-01-29T00:03:54.153000;d7f90ba2-fecf-438d-a568-f3f11a86ac8e;379.51;0.01;SELL
2016-01-29T00:03:53.897000;2016-01-29T00:03:54.183000;40588b18-0a71-42e6-9c80-9ecdecebfd22;379.51;0.01;SELL
2016-01-29T00:03:53.897000;2016-01-29T00:03:54.183000;ef7e925c-3179-451b-8fe8-3e3e16236e09;379.51;0.01;SELL
2016-01-29T00:03:53.897000;2016-01-29T00:03:54.183000;c288b747-dc2e-4f37-89d3-6f3e6052d73b;379.5;0.01;SELL
2016-01-29T00:03:53.897000;2016-01-29T00:03:54.183000;ac0cf9b3-0291-4910-9480-0adb836119fe;379.5;0.01;SELL
2016-01-29T00:03:53.897000;2016-01-29T00:03:54.183000;23357c17-3e9e-44da-978e-cbe692f82917;379.5;0.01;SELL
2016-01-29T00:03:53.897000;2016-01-29T00:03:54.183000;4f21fc94-b1f4-430e-98ad-8dbf2f9bc2b7;379.5;0.01;SELL
2016-01-29T00:03:53.897000;2016-01-29T00:03:54.183000;c8a3f98f-0c66-4875-b396-a885f64bb8ae;379.5;0.01;SELL
2016-01-29T00:03:53.897000;2016-01-29T00:03:54.183000;6e82faaa-a1da-4265-8b33-03fa6c252df4;379.5;0.01;SELL
2016-01-29T00:03:53.897000;2016-01-29T00:03:54.183000;df6ed0a5-4298-437f-991d-77056f09ad35;379.49;0.01;SELL
2016-01-29T00:03:53.897000;2016-01-29T00:03:54.183000;92765157-28a1-4972-927f-051117848337;379.49;0.01;SELL
2016-01-29T00:03:53.897000;2016-01-29T00:03:54.183000;0da08fb5-739c-4938-908a-d803eddd9704;379.49;0.01;SELL
2016-01-29T00:03:53.897000;2016-01-29T00:03:54.183000;d3de3f3c-492d-4255-84be-1bd93fc42348;379.49;0.01;SELL
2016-01-29T00:03:53.897000;2016-01-29T00:03:54.200000;0e5807e3-4962-4d99-b32a-4abb94cf4376;379.49;0.01;SELL
2016-01-29T00:03:53.897000;2016-01-29T00:03:54.200000;2ab4f14f-9eca-4648-a69c-26ed9cf6d310;379.49;0.01;SELL
2016-01-29T00:03:53.897000;2016-01-29T00:03:54.200000;2153df23-0104-469e-87ab-bd27dc304544;379.49;0.01;SELL
2016-01-29T00:03:53.897000;2016-01-29T00:03:54.200000;b2c031db-897d-42c1-bbe1-85f3f1b16dc8;379.49;0.01;SELL
2016-01-29T00:03:53.897000;2016-01-29T00:03:54.200000;a5e261e9-ccf4-4428-bafc-40b29d8e09dc;379.49;0.01;SELL
2016-01-29T00:03:53.897000;2016-01-29T00:03:54.200000;ba2a53ed-89a3-484d-8b40-05bdcef6b751;379.49;0.319;SELL
2016-01-29T00:03:53.897000;2016-01-29T00:03:54.200000;e79a68a1-d40c-4729-be59-1eb8d2e92534;379.48;0.01;SELL
2016-01-29T00:03:53.897000;2016-01-29T00:03:54.213000;39cc0a7a-b058-46a9-b953-e6eaf3972a20;379.48;0.0331;SELL
2016-01-29T00:03:53.897000;2016-01-29T00:03:54.213000;8fa5159d-b5ff-4d8b-91a5-829118dcff39;379.48;0.01;SELL
2016-01-29T00:03:53.897000;2016-01-29T00:03:54.213000;2c52de64-02fb-4d21-bc01-be3ce22628fb;379.48;0.01;SELL
2016-01-29T00:03:53.897000;2016-01-29T00:03:54.213000;2eed231f-5e57-451b-8cbd-517ceb3122fa;379.48;0.01;SELL
2016-01-29T00:03:53.897000;2016-01-29T00:03:54.213000;b8320f2c-d55f-4a6f-a109-b58c72f2bfc3;379.47;0.13502;SELL
2016-01-29T00:03:53.900000;2016-01-29T00:03:54.213000;6ae76508-1176-4a2b-a353-fc6fa4341245;379.46;0.115842;SELL
2016-01-29T00:03:53.900000;2016-01-29T00:03:54.230000;d9d1f9ad-e256-4e28-b8b4-917220caf45b;379.44;0.292;SELL
2016-01-29T00:03:53.900000;2016-01-29T00:03:54.247000;9ea99598-8d98-4900-9ade-1e603cc920bb;379.39;0.226;SELL
2016-01-29T00:03:53.900000;2016-01-29T00:03:54.247000;bd2061b1-8edc-41b3-80f1-568f8910b812;379.34;0.163;SELL
2016-01-29T00:03:54.157000;2016-01-29T00:03:54.247000;b13530ec-81ed-483d-b94c-b18fe01c7047;379.33;0.19;BUY
2016-01-29T00:04:01.397000;2016-01-29T00:04:01.433000;14c245a5-0355-47be-bd60-c7ffa9437a0a;379.32;0.0782;SELL
2016-01-29T00:04:48.840000;2016-01-29T00:04:48.870000;dfee0323-caf9-426f-bab5-c6dbc33f2682;379.36;2e-08;BUY
2016-01-29T00:05:01.387000;2016-01-29T00:05:01.433000;ae124029-08fc-4fdb-8894-85296f5b9524;379.36;1.46095;BUY
2016-01-29T00:05:31.387000;2016-01-29T00:05:31.417000;ccbc48fa-c0aa-46a0-8ca4-1c1b0d14c3fc;379.35;0.5083;BUY
2016-01-29T00:05:49.010000;2016-01-29T00:05:49.043000;4fd2d02d-6471-4d20-be12-b6a0c3682ac0;379.35;0.14615097;BUY
2016-01-29T00:06:01.360000;2016-01-29T00:06:01.387000;e395c6ed-859a-4eaa-a25d-b882dd5d58e1;379.34;0.01;SELL
2016-01-29T00:06:01.360000;2016-01-29T00:06:01.403000;7909e160-b7fa-4d6c-ae31-365d2a0d3f0e;379.34;0.3756823;SELL
2016-01-29T00:06:01.360000;2016-01-29T00:06:01.403000;f7e33678-0fd8-4f7e-a96c-806f3c94022c;379.34;0.3153577;SELL
2016-01-29T00:06:31.607000;2016-01-29T00:06:31.637000;2f7699db-b7a5-4c85-95c1-3b32774f2cb2;379.35;1.64554903;BUY
2016-01-29T00:06:31.610000;2016-01-29T00:06:31.653000;b7459ef1-8b7a-46c0-896d-2ffe0c66cb66;379.35;1.494;BUY
2016-01-29T00:06:31.610000;2016-01-29T00:06:31.653000;5bf9d2a9-9378-4ff3-87e8-34f26e6cd9af;379.35;40.56;BUY
2016-01-29T00:06:31.610000;2016-01-29T00:06:31.653000;7805fef1-62c5-4445-bf94-6a7a072cf75c;379.36;1.49;BUY
2016-01-29T00:06:31.610000;2016-01-29T00:06:31.653000;cd0b9371-d08b-4b98-a5d9-1666edf056c9;379.37;0.54836097;BUY
2016-01-29T00:07:01.363000;2016-01-29T00:07:01.387000;1d947d89-dbad-4b26-ba67-0a65926e6e14;379.35;0.614;BUY
2016-01-29T00:07:01.363000;2016-01-29T00:07:01.403000;b3954b10-f639-4f28-ab17-0a1357a6cd8d;379.35;0.24;BUY
2016-01-29T00:07:01.363000;2016-01-29T00:07:01.403000;bd868f05-5657-4917-9838-21e7121592e6;379.36;0.967;BUY
2016-01-29T00:07:01.363000;2016-01-29T00:07:01.403000;3fe51ea7-7ee0-4a06-bdfa-f846ce717526;379.37;0.6;BUY
2016-01-29T00:07:01.363000;2016-01-29T00:07:01.403000;9ae8fccb-bd96-42f9-8a5e-bd79cd71d340;379.38;0.01;BUY
2016-01-29T00:07:01.363000;2016-01-29T00:07:01.433000;f8cc5fd4-5ed5-45e4-97c2-b7593f3c1101;379.38;1.364;BUY
2016-01-29T00:07:01.367000;2016-01-29T00:07:01.433000;0a5a63d0-af8b-4e34-88f6-81a73bd80b4f;379.39;0.01;BUY
2016-01-29T00:07:01.367000;2016-01-29T00:07:01.433000;6ea75708-0176-4f29-8df6-ed5c1d7cfd96;379.39;0.84;BUY
2016-01-29T00:07:01.367000;2016-01-29T00:07:01.433000;2e591834-855d-4362-b2b6-80ad4218a73c;379.4;0.01;BUY
2016-01-29T00:07:01.367000;2016-01-29T00:07:01.450000;f3295c12-c99f-40e4-a4dd-c6fd981d4d19;379.41;1.504;BUY
2016-01-29T00:07:01.367000;2016-01-29T00:07:01.463000;afb1107d-2221-48de-bd69-66f239c03138;379.43;5.52;BUY
2016-01-29T00:07:01.367000;2016-01-29T00:07:01.463000;ba3ffbc1-c96d-4ebb-94ad-d386fe36e21a;379.44;1.506;BUY
2016-01-29T00:07:01.367000;2016-01-29T00:07:01.463000;7f9e03fa-cd9b-4f80-8464-c32f0b8f4cfc;379.44;1.80445;BUY
2016-01-29T00:07:31.420000;2016-01-29T00:07:31.450000;6458e9fe-2129-4d29-91cf-1c930f69301d;379.35;0.01;SELL
2016-01-29T00:07:31.420000;2016-01-29T00:07:31.463000;7896a703-b483-498d-98a8-34a3266106ed;379.34;0.04818;SELL
2016-01-29T00:08:01.340000;2016-01-29T00:08:01.370000;91749cb9-be22-480c-a139-00735ba43431;379.38;0.01;BUY
2016-01-29T00:08:01.340000;2016-01-29T00:08:01.387000;2a0d50e9-497b-47c0-961d-b8210d9241b0;379.38;0.01;BUY
2016-01-29T00:08:01.340000;2016-01-29T00:08:01.403000;e4c56c5a-e459-4f11-af22-c3aff28c3f90;379.38;0.076;BUY
2016-01-29T00:08:01.340000;2016-01-29T00:08:01.417000;e1c841db-4107-4837-bb84-cf6cc7160e76;379.39;0.01;BUY
2016-01-29T00:08:01.340000;2016-01-29T00:08:01.417000;3dd1b83e-ac1f-4a87-9e52-419891d4b33e;379.4;0.01;BUY
2016-01-29T00:08:01.340000;2016-01-29T00:08:01.417000;5c63da52-1c79-4c04-8586-7fc33ab46d3c;379.4;0.01;BUY
2016-01-29T00:08:01.343000;2016-01-29T00:08:01.417000;c60116ac-b22d-49b6-875a-19393b169c59;379.41;0.01;BUY
2016-01-29T00:08:01.343000;2016-01-29T00:08:01.433000;82db77a4-3f02-4b66-9fc5-5122fcb65fe2;379.41;0.01;BUY
2016-01-29T00:08:01.343000;2016-01-29T00:08:01.433000;cba19f75-f8b5-4e81-bfc5-1f28e7fff0f0;379.41;0.079;BUY
2016-01-29T00:08:01.343000;2016-01-29T00:08:01.433000;d07b6081-a9dd-45d9-a0c9-d7df6ec851f7;379.43;0.01;BUY
2016-01-29T00:08:01.343000;2016-01-29T00:08:01.433000;900e5159-72b4-4be1-9d42-d00af62f7d4c;379.43;0.07935;BUY
2016-01-29T00:08:23.840000;2016-01-29T00:08:23.870000;60caa385-9110-445d-b769-bf54706f575e;379.34;0.01;SELL
2016-01-29T00:08:23.840000;2016-01-29T00:08:23.870000;68b1b8a3-2fc8-49e9-b17d-d6b57a0959ce;379.34;0.01;SELL
2016-01-29T00:08:23.840000;2016-01-29T00:08:23.887000;8034e7b2-a9f4-476d-beb2-61c76402d71b;379.34;0.22365661;SELL
2016-01-29T00:08:23.840000;2016-01-29T00:08:23.887000;e7ceac02-973d-43a3-90a3-a2c39f4ac0b0;379.34;0.37;SELL
2016-01-29T00:08:23.843000;2016-01-29T00:08:23.887000;08a2a17c-5009-4161-bd6b-b0835ac91e0a;379.34;0.18;SELL
2016-01-29T00:08:32.343000;2016-01-29T00:08:32.370000;f9ecda11-127c-445f-aa38-40c9e3d5e420;379.34;0.37;SELL
2016-01-29T00:08:32.343000;2016-01-29T00:08:32.387000;01b7545a-9773-4fc4-ab84-e7b189888dd1;379.33;0.01;SELL
2016-01-29T00:08:32.343000;2016-01-29T00:08:32.387000;5cd87344-d86f-4e97-984c-654af94fa85b;379.33;0.01;SELL
2016-01-29T00:08:32.343000;2016-01-29T00:08:32.387000;ee6efa1e-60f1-4cc3-a695-0a659da602f5;379.33;0.01;SELL
2016-01-29T00:08:32.343000;2016-01-29T00:08:32.387000;b7164ef2-1c5e-4c14-91c8-06fd625a23d2;379.33;0.01;SELL
2016-01-29T00:08:32.347000;2016-01-29T00:08:32.480000;08744267-62c7-4e99-aa8c-c9058bcf1920;379.33;0.01;SELL
2016-01-29T00:08:32.347000;2016-01-29T00:08:32.480000;581ce24d-f772-42cd-ad1e-9f21d201229a;379.33;0.01;SELL
2016-01-29T00:08:32.347000;2016-01-29T00:08:32.480000;c477d3be-f082-4fa9-9e03-5d71fb281a60;379.33;0.01;SELL
2016-01-29T00:08:32.347000;2016-01-29T00:08:32.480000;b1809dcf-c6b5-4014-8d9c-55d83ee0c12c;379.33;0.01;SELL
2016-01-29T00:08:32.347000;2016-01-29T00:08:32.480000;aaa7a8fc-312c-481a-b281-cda4de9aaf0f;379.33;0.01;SELL
2016-01-29T00:08:32.347000;2016-01-29T00:08:32.480000;48743724-9ffd-44fd-a4dd-36b3122109f8;379.33;0.01;SELL
2016-01-29T00:08:32.347000;2016-01-29T00:08:32.480000;b3d29c95-6278-4ac7-8780-6e7d02aa85e6;379.33;0.01;SELL
2016-01-29T00:08:32.347000;2016-01-29T00:08:32.480000;35c403b6-6878-4be6-be2b-721040655856;379.32;0.01;SELL
2016-01-29T00:08:32.347000;2016-01-29T00:08:32.480000;ad5fc433-a1b7-450e-8669-5fac8ff20d5c;379.32;0.01;SELL
2016-01-29T00:08:32.347000;2016-01-29T00:08:32.480000;3490f77d-61da-465a-8e79-860e42983d68;379.31;0.01;SELL
2016-01-29T00:08:32.347000;2016-01-29T00:08:32.480000;b0d1f393-5893-4058-8970-ef506ab6d1c2;379.3;0.1;SELL
2016-01-29T00:08:32.347000;2016-01-29T00:08:32.480000;ad9e5a0c-66ec-46a7-b944-dd1db7211a6f;379.29;0.033;SELL
2016-01-29T00:08:32.347000;2016-01-29T00:08:32.480000;e671b66c-0ae9-443e-b701-e96b7f738bb9;379.21;0.0105;SELL
2016-01-29T00:08:32.347000;2016-01-29T00:08:32.480000;46f7bcbf-cb56-4355-b6b6-bb8e9763ce91;379.2;0.1;SELL
2016-01-29T00:08:32.347000;2016-01-29T00:08:32.480000;1d110aa1-b98c-4449-a063-bfe3077c7b66;379.2;0.02;SELL
2016-01-29T00:08:32.347000;2016-01-29T00:08:32.480000;7a0c2e9c-2760-4ff6-910a-0b709856a2c6;379.12;0.02;SELL
2016-01-29T00:08:32.347000;2016-01-29T00:08:32.480000;16abd30d-5bb7-4bc1-a20a-670779232cf8;379.1;0.1;SELL
2016-01-29T00:08:32.347000;2016-01-29T00:08:32.480000;09c446b5-3a78-46ad-9b38-fa2238a2e836;379.09;0.1019;SELL
2016-01-29T00:08:51.740000;2016-01-29T00:08:51.763000;5a9cc124-2d89-46c5-a9c6-2db1141fe240;379.12;0.37;SELL
2016-01-29T00:08:51.740000;2016-01-29T00:08:51.777000;e5f4ce92-130a-4151-b741-d313222c3baf;379.12;5.36;SELL
2016-01-29T00:09:01.367000;2016-01-29T00:09:01.387000;0d9938a4-eafa-46a3-ae83-c805324f1400;379.11;1.065;BUY
2016-01-29T00:09:01.367000;2016-01-29T00:09:01.403000;8e404129-b59b-4a49-9918-e53be5b6a6e3;379.13;0.099;BUY
2016-01-29T00:09:01.367000;2016-01-29T00:09:01.403000;73567635-d42f-41d2-ba84-b1e8aa91f1ce;379.15;0.01;BUY
2016-01-29T00:09:01.367000;2016-01-29T00:09:01.403000;42621c9d-b76b-4f0d-a856-fa5d2d792f19;379.16;0.01;BUY
2016-01-29T00:09:01.367000;2016-01-29T00:09:01.403000;48b1d523-348d-4d70-9ed0-e3ce0a8caf07;379.16;0.079;BUY
2016-01-29T00:09:01.367000;2016-01-29T00:09:01.403000;4e61caa2-2df3-44a9-b1ec-c701b30f2626;379.17;0.01;BUY
2016-01-29T00:09:01.367000;2016-01-29T00:09:01.417000;bed8ec77-8a14-457a-90b1-9f8d9d24fb9b;379.17;0.01;BUY
2016-01-29T00:09:01.367000;2016-01-29T00:09:01.417000;df1bcdc1-4516-4280-9578-8e9efafe72a4;379.19;0.01;BUY
2016-01-29T00:09:01.367000;2016-01-29T00:09:01.417000;05fda10e-3a2c-4c15-8ea1-24f1211ba1d1;379.19;0.01;BUY
2016-01-29T00:09:01.367000;2016-01-29T00:09:01.417000;2b9698fa-c31d-43ab-8d57-f8c04cb4dd9d;379.2;0.01;BUY
2016-01-29T00:09:01.367000;2016-01-29T00:09:01.417000;9ff5dfad-a0d9-44e4-9a83-6dab0d6dd414;379.2;0.46429;BUY
2016-01-29T00:09:10.923000;2016-01-29T00:09:10.950000;2898e566-5c72-42ab-a1c1-6c76dd47d160;379.13;0.964;SELL
2016-01-29T00:09:16.063000;2016-01-29T00:09:16.090000;e1a15c0d-144f-462c-b219-4f5d7d15af7b;379.14;0.09381624;BUY
2016-01-29T00:09:31.393000;2016-01-29T00:09:31.417000;3860f6ca-d86e-467c-a392-0bd92c03ebbc;379.14;0.126;BUY
2016-01-29T00:09:31.397000;2016-01-29T00:09:31.433000;b1239185-08bb-4b24-a108-de98bf2da2e6;379.15;0.01;BUY
2016-01-29T00:09:31.397000;2016-01-29T00:09:31.433000;2e5e9302-da4a-4c8b-96ef-56bb42b56008;379.15;0.01;BUY
2016-01-29T00:09:31.397000;2016-01-29T00:09:31.433000;4f14e85b-fe4e-4ed8-bdca-5f16e8b41db5;379.16;0.01;BUY
2016-01-29T00:09:31.397000;2016-01-29T00:09:31.433000;05dad2da-dead-4a19-9040-7cfa0d81f351;379.16;0.01;BUY
2016-01-29T00:09:31.397000;2016-01-29T00:09:31.527000;bd94e26b-2827-4c4e-8119-46f6bb9c0975;379.17;0.01;BUY
2016-01-29T00:09:31.397000;2016-01-29T00:09:31.527000;70e2d5d9-03e1-4ace-857d-4da5c7d94dc9;379.17;0.01;BUY
2016-01-29T00:09:31.397000;2016-01-29T00:09:31.527000;1b18670a-5d31-4bd3-8289-0a687ab5d1a8;379.17;0.072;BUY
2016-01-29T00:09:31.397000;2016-01-29T00:09:31.527000;7df3a333-a623-4fd9-89bd-755316aa095b;379.19;0.01;BUY
2016-01-29T00:09:31.397000;2016-01-29T00:09:31.527000;6c2522a7-f6bd-417b-92ef-84cfa88cb4c5;379.19;0.01;BUY
2016-01-29T00:09:31.397000;2016-01-29T00:09:31.527000;3be09abb-101f-4527-8930-baf3d034d7c0;379.19;0.24;BUY
2016-01-29T00:09:31.397000;2016-01-29T00:09:31.527000;bd847257-1e77-41f9-b83e-b10c38d454a7;379.2;0.04;BUY
2016-01-29T00:09:31.397000;2016-01-29T00:09:31.527000;21863775-4b68-426a-a05a-bc242c5282bc;379.2;0.107;BUY
2016-01-29T00:09:31.397000;2016-01-29T00:09:31.527000;4e696d9b-b1de-474c-8bb1-0f2ec077a07c;379.2;9.56683;BUY
2016-01-29T00:09:55.813000;2016-01-29T00:09:55.823000;9bb39416-ce67-4b6c-9500-66714abfd417;379.15;0.13642145;SELL
2016-01-29T00:10:01.533000;2016-01-29T00:10:01.560000;34008d4f-fa91-4f46-99c1-32cea507b168;379.16;0.894;BUY
2016-01-29T00:10:01.533000;2016-01-29T00:10:01.573000;8b5a37fb-ef46-4534-aed0-ccc1f387fec1;379.18;0.6;BUY
2016-01-29T00:10:01.533000;2016-01-29T00:10:01.573000;c4ead163-210c-49db-8595-09b3197c0918;379.19;0.41597;BUY
2016-01-29T00:10:31.360000;2016-01-29T00:10:31.387000;8d496018-6e1c-4078-b627-ad57c88a095e;379.16;0.96;BUY
2016-01-29T00:10:31.360000;2016-01-29T00:10:31.387000;31d716c4-3d39-4bf2-8b9e-ea3c10412eb5;379.16;0.829;BUY
2016-01-29T00:10:31.360000;2016-01-29T00:10:31.387000;f5ffaca4-3936-4764-9aec-05b091c92d8c;379.18;0.24;BUY
2016-01-29T00:10:31.360000;2016-01-29T00:10:31.403000;ce69ffb1-0956-44b7-a8ee-0ddf400c0134;379.19;0.834;BUY
2016-01-29T00:10:31.360000;2016-01-29T00:10:31.417000;788c6a13-b065-47ea-a6ce-f76cd8d06caf;379.2;0.6999;BUY
2016-01-29T00:10:45.667000;2016-01-29T00:10:45.683000;9f699e0d-5de8-4632-8e82-7a881612392b;379.19;0.37;BUY
2016-01-29T00:11:01.413000;2016-01-29T00:11:01.470000;d11e0026-9acc-46f8-b640-4b1783ac795f;379.2;0.711;BUY
2016-01-29T00:11:01.413000;2016-01-29T00:11:01.487000;4a5cdfea-a4c1-487b-8e99-63135802e746;379.2;0.091;BUY
2016-01-29T00:11:01.413000;2016-01-29T00:11:01.487000;1b42f4cc-9d75-4996-a622-871734940be6;379.22;0.97271;BUY
2016-01-29T00:11:25.777000;2016-01-29T00:11:25.830000;237da83c-47cf-4be3-a74b-a22c9f27334b;379.2;8e-08;BUY
2016-01-29T00:11:32.113000;2016-01-29T00:11:32.173000;d04facaf-8795-4dc1-9f32-f2e986c94f3b;379.2;0.2627;BUY
2016-01-29T00:11:43.480000;2016-01-29T00:11:43.533000;c3bf0f23-0888-482e-a527-bcfbbd65a4f0;379.19;0.37;SELL
2016-01-29T00:11:43.480000;2016-01-29T00:11:43.550000;ba025e09-f13f-42e9-a1f0-a68afca69d71;379.19;3.51338222;SELL
2016-01-29T00:11:43.480000;2016-01-29T00:11:43.550000;8be412e4-d523-4a80-beb0-4ba5ba4fbb30;379.19;0.37;SELL
2016-01-29T00:11:43.480000;2016-01-29T00:11:43.550000;985995c3-d876-4bc4-beb4-5b9e6a90ee06;379.19;0.37;SELL
2016-01-29T00:11:43.480000;2016-01-29T00:11:43.563000;b5a282e1-e16c-4a2b-b120-9d9c1476dbdd;379.19;4.08;SELL
2016-01-29T00:11:43.480000;2016-01-29T00:11:43.563000;8a916363-7849-42e4-9a7d-db6263761185;379.18;0.3;SELL
2016-01-29T00:11:43.480000;2016-01-29T00:11:43.563000;50b92ef1-9698-4623-9bd0-c0e514971c87;379.18;0.37;SELL
2016-01-29T00:11:43.480000;2016-01-29T00:11:43.563000;f5aae0da-e09c-4cd2-8c2d-b231a3ac6aef;379.1;0.01;SELL
2016-01-29T00:11:43.480000;2016-01-29T00:11:43.563000;6f6a9e3f-9363-46e3-8647-3c65adb31ba7;379.1;0.01;SELL
2016-01-29T00:11:43.480000;2016-01-29T00:11:43.563000;b5ffa76e-eab9-4d5b-93e0-bda0f4999f53;379.1;0.01;SELL
2016-01-29T00:11:43.480000;2016-01-29T00:11:43.563000;c1720826-d094-415c-8c3c-0f1d17685dd4;379.1;0.01;SELL
2016-01-29T00:11:43.480000;2016-01-29T00:11:43.563000;51dfc01f-c717-4cdd-9ad4-003f894d0a21;379.1;0.01;SELL
2016-01-29T00:11:43.480000;2016-01-29T00:11:43.563000;45b0354c-7ef1-4b35-8448-6bfb09d53fa4;379.1;0.01;SELL
2016-01-29T00:11:43.480000;2016-01-29T00:11:43.563000;c5887f02-cf4b-4de5-9b32-4a2ff04435c2;379.1;0.0123403;SELL
2016-01-29T00:11:43.480000;2016-01-29T00:11:43.580000;39b91ed8-125c-48cb-ab8e-df5d0c30a455;379.09;0.37;SELL
2016-01-29T00:11:43.480000;2016-01-29T00:11:43.580000;7dd06070-4fcf-4c91-a80a-613ffaf40c47;379.09;0.01;SELL
2016-01-29T00:11:43.480000;2016-01-29T00:11:43.597000;3eafda6f-a3a7-495d-86ba-23f3c24098d0;379.08;0.01;SELL
2016-01-29T00:11:43.483000;2016-01-29T00:11:43.610000;5123d260-ebe3-4635-8f9b-88cf84ae6fcc;379.08;0.01;SELL
2016-01-29T00:11:43.483000;2016-01-29T00:11:43.610000;e18b5073-b69c-473b-905d-30ca4e15a677;379.08;0.01;SELL
2016-01-29T00:11:43.483000;2016-01-29T00:11:43.610000;cf3c02fe-fbc2-47c3-b12f-0bb9317efb8a;379.08;0.01;SELL
2016-01-29T00:11:43.483000;2016-01-29T00:11:43.610000;1937ea6c-3944-4f65-b004-43c02b86fcac;379.07;0.01;SELL
2016-01-29T00:12:01.503000;2016-01-29T00:12:01.563000;0caa6e87-685b-4276-9840-f64a5b44c057;379.03;0.08321;BUY
2016-01-29T00:12:10.337000;2016-01-29T00:12:10.393000;a003c79c-1c3e-46c8-966c-2ba125dd7f76;379.02;0.01;SELL
2016-01-29T00:12:10.337000;2016-01-29T00:12:10.407000;bd2b900f-21d1-421b-81ac-1d81e20702de;379.02;0.023;SELL
2016-01-29T00:12:10.343000;2016-01-29T00:12:10.407000;df08df31-4bc6-457f-a77f-5e6ebcfd229f;379.02;0.013;SELL
2016-01-29T00:12:10.350000;2016-01-29T00:12:10.407000;2287de78-0216-4704-b2f4-cc27ca0d765a;379.02;0.055;SELL
2016-01-29T00:12:10.353000;2016-01-29T00:12:10.423000;156fa752-157e-4efd-8946-b69d448eb0c1;379.02;0.013;SELL
2016-01-29T00:12:10.363000;2016-01-29T00:12:10.423000;3e396dc6-515f-47fa-ab9a-c2f5b12e1555;379.02;0.07283465;SELL
2016-01-29T00:12:10.363000;2016-01-29T00:12:10.423000;d3dbe35d-8ace-42eb-98fb-d3eaa46df95c;379.02;0.16016535;SELL
2016-01-29T00:12:10.407000;2016-01-29T00:12:10.453000;f9a55f02-f897-47f7-a4eb-d5b8f077e5b5;379.02;0.20983465;SELL
2016-01-29T00:12:10.407000;2016-01-29T00:12:10.487000;665c2c7e-149c-45e8-94a9-d8c1d2b5dd0a;379.02;0.37;SELL
2016-01-29T00:12:10.407000;2016-01-29T00:12:10.487000;1bf27ebc-2bd4-414b-8d1c-1d40cbf6cdc1;379.02;0.37;SELL
2016-01-29T00:12:10.407000;2016-01-29T00:12:10.487000;81f4aaa0-7167-410d-8b14-96af3832b6b0;379.01;0.01;SELL
2016-01-29T00:12:10.407000;2016-01-29T00:12:10.487000;af5f85c6-d1f8-4357-86fc-299f661de4ca;379.0;0.01002;SELL
2016-01-29T00:12:10.407000;2016-01-29T00:12:10.487000;50e13f2d-3c20-4a63-8e25-ecc0354337ee;379.0;0.01;SELL
2016-01-29T00:12:10.407000;2016-01-29T00:12:10.487000;f828fbc7-2f07-4a52-95a9-f80d6f85dc95;379.0;0.1;SELL
2016-01-29T00:12:10.407000;2016-01-29T00:12:10.503000;c883b2fe-8fe7-4c0d-92e3-511f50d3fc21;379.0;0.1;SELL
2016-01-29T00:12:10.407000;2016-01-29T00:12:10.503000;8f404339-c0d8-4fb5-b680-d4337749fb29;379.0;0.02;SELL
2016-01-29T00:12:10.407000;2016-01-29T00:12:10.503000;3e3d0c11-cda1-4e2b-8ef8-cd462a31e9cc;379.0;0.01;SELL
2016-01-29T00:12:10.407000;2016-01-29T00:12:10.503000;3a392321-92f1-49ac-b328-980e227bd8a9;379.0;0.03434123;SELL
2016-01-29T00:12:10.407000;2016-01-29T00:12:10.503000;4302b5f7-e7d0-4b25-b2d4-507a82e42599;379.0;0.1198;SELL
2016-01-29T00:12:10.407000;2016-01-29T00:12:10.503000;b19f78a5-ebb2-4620-85c0-866f08d7b852;378.94;0.4;SELL
2016-01-29T00:12:10.410000;2016-01-29T00:12:10.503000;193df0ff-585e-4ab4-8f27-e97239fe0c77;378.9;0.1;SELL
2016-01-29T00:12:10.410000;2016-01-29T00:12:10.503000;d84dfb11-7a5e-4eb6-8c83-ec7e7cd62e79;378.89;1.45337131;SELL
2016-01-29T00:12:27.670000;2016-01-29T00:12:27.720000;9276d21e-eabe-4da4-add1-34c403b57d54;378.9;0.016;SELL
2016-01-29T00:12:27.670000;2016-01-29T00:12:27.720000;aac98000-2120-441e-97fc-86a1c5a7fc40;378.9;2.009;SELL
2016-01-29T00:12:27.670000;2016-01-29T00:12:27.720000;526f3d6d-7c13-4174-ba47-9cb922466ebb;378.89;13.54662869;SELL
2016-01-29T00:12:27.670000;2016-01-29T00:12:27.753000;558707c4-60c5-4d50-8917-1bd1f1fd3ea6;378.89;0.1;SELL
2016-01-29T00:12:27.670000;2016-01-29T00:12:27.753000;db2d5354-26aa-4b29-ad1a-461f821024c1;378.89;0.01;SELL
2016-01-29T00:12:27.670000;2016-01-29T00:12:27.753000;594929be-d020-45d4-a4ef-a007d5861cff;378.89;0.01;SELL
2016-01-29T00:12:27.670000;2016-01-29T00:12:27.753000;5f5fa15c-c3f8-4943-9119-c674fe75c982;378.89;0.01;SELL
2016-01-29T00:12:27.670000;2016-01-29T00:12:27.753000;883ffd46-b637-4391-a598-c25d0c969019;378.89;0.01;SELL
2016-01-29T00:12:27.670000;2016-01-29T00:12:27.753000;d1a359bb-9cf6-406c-9710-ce8c7adace77;378.89;0.01;SELL
2016-01-29T00:12:27.670000;2016-01-29T00:12:27.767000;233726d7-744a-4bee-9376-10bf5ee8f752;378.89;0.01;SELL
2016-01-29T00:12:27.670000;2016-01-29T00:12:27.767000;aabf0f66-1e78-4797-859f-c29163e75dda;378.88;0.01;SELL
2016-01-29T00:12:27.670000;2016-01-29T00:12:27.767000;4d14da28-e912-4f04-a561-05508780888d;378.88;0.01;SELL
2016-01-29T00:12:27.670000;2016-01-29T00:12:27.767000;0316d36b-ca37-4bb6-b788-47a7e644439a;378.87;0.25;SELL
2016-01-29T00:12:27.670000;2016-01-29T00:12:27.767000;67330d8a-6901-43c3-9bc1-3415b010b774;378.87;2.023;SELL
2016-01-29T00:12:30.547000;2016-01-29T00:12:30.597000;2664a3ab-2806-4d5f-8249-51b866b7cc10;378.81;0.01;SELL
2016-01-29T00:12:30.547000;2016-01-29T00:12:30.610000;6ddddcb2-1db1-43c7-a3ed-e5dd1c404dc0;378.81;0.37;SELL
2016-01-29T00:12:30.547000;2016-01-29T00:12:30.627000;ed9f2218-aaac-4e5a-aaa7-2720571e2265;378.8;0.1;SELL
2016-01-29T00:12:30.547000;2016-01-29T00:12:30.627000;e4b6189d-f51b-42c5-b0f3-608e58c6a8b5;378.8;0.02;SELL
2016-01-29T00:12:30.547000;2016-01-29T00:12:30.627000;77333124-180e-4b60-b3b3-c1aa66459c48;378.76;2.011;SELL
2016-01-29T00:12:30.547000;2016-01-29T00:12:30.627000;7fba46b6-1cc3-41b4-95ff-5b2103dff1a5;378.74;0.3843281;SELL
2016-01-29T00:12:30.547000;2016-01-29T00:12:30.643000;af53077e-ae39-4487-844b-11e33e69d50a;378.71;0.255;SELL
2016-01-29T00:12:30.547000;2016-01-29T00:12:30.643000;fd9f42fe-5e7e-4018-bd73-5eddd0b9d717;378.7;0.1;SELL
2016-01-29T00:12:30.547000;2016-01-29T00:12:30.643000;ec10f70d-8d28-4377-be7e-fc41ac177ca5;378.64;0.02;SELL
2016-01-29T00:12:30.550000;2016-01-29T00:12:30.643000;d0815830-f8dc-4478-9062-6ead3c6c56c8;378.64;0.36;SELL
2016-01-29T00:12:30.550000;2016-01-29T00:12:30.643000;261d8e9c-1dac-4253-8989-f0aac6044acc;378.6;0.1;SELL
2016-01-29T00:12:30.550000;2016-01-29T00:12:30.643000;b7883700-9900-40e9-9335-9af24bf3fe62;378.6;0.02;SELL
2016-01-29T00:12:30.550000;2016-01-29T00:12:30.657000;a6548a62-ed6c-4702-a587-a657d3fa3315;378.6;2.0;SELL
2016-01-29T00:12:30.550000;2016-01-29T00:12:30.657000;4517b86a-9399-4fc4-9e32-e2952819b317;378.55;0.01034;SELL
2016-01-29T00:12:30.550000;2016-01-29T00:12:30.657000;32269f4b-5de4-4d5c-9f7f-88d8246ce36e;378.53;0.2655519;SELL
2016-01-29T00:13:01.363000;2016-01-29T00:13:01.407000;07b02b7c-df36-4629-8158-a09ec0417edc;378.55;0.52;BUY
2016-01-29T00:13:01.363000;2016-01-29T00:13:01.407000;b4d848ce-a80d-4ed0-94c6-ec8660cd0831;378.55;6.98326;BUY
2016-01-29T00:13:09.770000;2016-01-29T00:13:09.813000;b21db3b2-8cb2-491d-b2fe-6f45bf5d5d8b;378.54;0.01;SELL
2016-01-29T00:13:09.770000;2016-01-29T00:13:09.830000;a82ff17a-c8b9-4fe4-948d-c4a56a52079d;378.54;0.33;SELL
2016-01-29T00:13:27.473000;2016-01-29T00:13:27.517000;ba9410d3-fa04-43b0-bf4a-43531f34e266;378.54;0.78;SELL
2016-01-29T00:13:27.473000;2016-01-29T00:13:27.533000;fd373223-4795-493b-baeb-a052b5c639a9;378.53;9.4764481;SELL
2016-01-29T00:13:27.473000;2016-01-29T00:13:27.533000;d6f69fdd-16e6-4510-b4da-e44341190b7e;378.5;0.1;SELL
2016-01-29T00:13:27.473000;2016-01-29T00:13:27.533000;56ddc6de-170b-47c9-b7b6-e27d0460c2ff;378.46;0.07;SELL
2016-01-29T00:13:31.440000;2016-01-29T00:13:31.487000;511b01b3-bb40-40d6-a343-151ccbd90359;378.41;0.01;SELL
2016-01-29T00:13:31.440000;2016-01-29T00:13:31.517000;97f75c0c-917e-4bb2-b11c-5d267719354a;378.4;0.1;SELL
2016-01-29T00:13:31.440000;2016-01-29T00:13:31.517000;93087009-857d-4b6b-877c-7df008c5178e;378.4;0.02;SELL
2016-01-29T00:13:31.440000;2016-01-29T00:13:31.517000;17b73435-3fac-42a3-86e6-f2a222a6f50b;378.3;0.1;SELL
2016-01-29T00:13:31.440000;2016-01-29T00:13:31.533000;d7cb679c-42b6-4096-b389-183a1d8dda53;378.27;0.01;SELL
2016-01-29T00:13:31.440000;2016-01-29T00:13:31.533000;a8cd75da-4ee0-4b89-838e-f783c31bf471;378.22;0.44;SELL
2016-01-29T00:13:31.440000;2016-01-29T00:13:31.533000;345d51a5-95a2-408e-a4a9-d09530675fd5;378.21;0.0105;SELL
2016-01-29T00:13:31.440000;2016-01-29T00:13:31.533000;0bcaec32-f420-4677-8175-240dd1b3f455;378.2;0.1;SELL
2016-01-29T00:13:31.440000;2016-01-29T00:13:31.533000;e2165061-9a40-4239-96cd-186dff65e3a7;378.2;0.02;SELL
2016-01-29T00:13:31.440000;2016-01-29T00:13:31.533000;22a31075-d4f3-4b69-aae0-e3dced3d00e8;378.16;0.02;SELL
2016-01-29T00:13:31.440000;2016-01-29T00:13:31.533000;2c4ffbb8-9f35-492b-b286-9d703ca67873;378.1;0.1;SELL
2016-01-29T00:13:31.440000;2016-01-29T00:13:31.533000;d9223517-d247-4c7f-925f-ceea3225836f;378.03;0.01;SELL
2016-01-29T00:13:31.440000;2016-01-29T00:13:31.533000;e6695863-8c96-4e6c-be2e-42acab1cdb09;378.01;0.01;SELL
2016-01-29T00:13:31.440000;2016-01-29T00:13:31.550000;52881ecb-9bb4-4bac-85a1-a19154f5ab24;378.0;0.01002;SELL
2016-01-29T00:13:31.440000;2016-01-29T00:13:31.550000;457b1aa5-b649-4a14-bfbb-9f4e9191b759;378.0;0.01;SELL
2016-01-29T00:13:31.443000;2016-01-29T00:13:31.550000;d2c139ad-d5a6-41e6-8321-9de1993cccbf;378.0;0.1;SELL
2016-01-29T00:13:31.443000;2016-01-29T00:13:31.550000;72cc653c-ad51-40b2-b71d-0b40c774cb32;378.0;0.03637;SELL
2016-01-29T00:13:32.310000;2016-01-29T00:13:32.360000;f25f9f13-a2b9-4f22-b899-07d8bdee0be0;378.41;0.01;BUY
2016-01-29T00:13:32.310000;2016-01-29T00:13:32.377000;fc5a3f8d-4438-49fb-afeb-f52560fa2bdf;378.42;0.01;BUY
2016-01-29T00:13:32.310000;2016-01-29T00:13:32.377000;1dacf0cc-b6ee-4599-bb5a-80851f33cd65;378.42;0.182;BUY
2016-01-29T00:13:40.057000;2016-01-29T00:13:40.127000;448cddf8-2d7b-49ee-b264-4b06e4628f41;378.1;0.37;BUY
2016-01-29T00:13:40.420000;2016-01-29T00:13:40.470000;4da9c27f-d7f8-43cd-9214-fc0f3fb5c639;378.1;0.37;BUY
2016-01-29T00:13:43.250000;2016-01-29T00:13:43.300000;39a992e6-d256-4f90-8c14-a136155a295f;378.1;0.069;BUY
2016-01-29T00:13:43.250000;2016-01-29T00:13:43.300000;d8f3766d-f539-4e94-ae57-f4497c2d5eee;378.12;0.01;BUY
2016-01-29T00:13:43.250000;2016-01-29T00:13:43.300000;e871c3da-a753-4c10-ac65-86753a2ca2f2;378.17;0.01;BUY
2016-01-29T00:13:43.250000;2016-01-29T00:13:43.313000;931f33ac-c7e0-4241-a74b-b534ef43b7ec;378.2;0.01;BUY
2016-01-29T00:13:43.250000;2016-01-29T00:13:43.313000;5a4c91d5-3023-49e6-ab03-c41d7bccd05f;378.23;0.01;BUY
2016-01-29T00:13:43.250000;2016-01-29T00:13:43.313000;dab87953-9010-4252-8190-63834ad6c65a;378.25;0.001;BUY
2016-01-29T00:13:44.533000;2016-01-29T00:13:44.580000;5fe641bc-d905-4550-a971-a2b0cea380e0;378.22;0.14;BUY
2016-01-29T00:13:47.623000;2016-01-29T00:13:47.673000;393d6fa3-f888-4f9f-9eb5-b8e2ab922930;378.13;0.32949;BUY
2016-01-29T00:14:01.340000;2016-01-29T00:14:01.393000;c68520fc-e3b1-4b40-bc9c-6d258dee4917;378.13;0.2181;BUY
2016-01-29T00:14:01.820000;2016-01-29T00:14:01.860000;1d233536-8bc2-4d39-ba24-8b56ca3fb0cc;378.13;0.01;BUY
2016-01-29T00:14:17.677000;2016-01-29T00:14:17.737000;0752206e-0e54-4be8-825b-b5e5b8164836;378.11;0.01;SELL
2016-01-29T00:14:17.677000;2016-01-29T00:14:17.753000;323d798c-2c0e-42a5-a650-a2a4cb37e02d;378.09;0.01;SELL
2016-01-29T00:14:17.677000;2016-01-29T00:14:17.753000;75178eac-9c53-4c05-8650-0d07ae3e330f;378.08;0.01;SELL
2016-01-29T00:14:17.677000;2016-01-29T00:14:17.753000;a3531247-a016-4036-8023-25a7a52d1d54;378.08;0.01;SELL
2016-01-29T00:14:17.677000;2016-01-29T00:14:17.753000;557f07e6-ab57-443e-a2d9-14057e9f8b62;378.08;0.01;SELL
2016-01-29T00:14:17.677000;2016-01-29T00:14:17.830000;0e205efc-62a7-4130-a79a-eabc0a4426a4;378.05;0.086;SELL
2016-01-29T00:14:17.677000;2016-01-29T00:14:17.830000;9d4ab58e-fd3d-448f-9474-09b83aa3d48d;378.04;0.083;SELL
2016-01-29T00:14:17.677000;2016-01-29T00:14:17.830000;9f6183ec-df17-4265-827a-d0f8c6040126;378.01;0.085;SELL
2016-01-29T00:14:17.677000;2016-01-29T00:14:17.830000;09b4a5b6-b900-4ace-8569-3cd065624d3a;378.0;0.06363;SELL
2016-01-29T00:14:17.677000;2016-01-29T00:14:17.830000;cc3ec6f1-8f9a-433b-a734-fe66cdaf7784;378.0;0.02;SELL
2016-01-29T00:14:17.677000;2016-01-29T00:14:17.830000;9dd92e25-bed6-4dae-94fc-78e46f947325;378.0;0.25;SELL
2016-01-29T00:14:17.677000;2016-01-29T00:14:17.830000;48ffffc8-3558-4552-b64c-8159199cb53d;378.0;0.03436076;SELL
2016-01-29T00:14:17.677000;2016-01-29T00:14:17.830000;af6fef07-a3b1-4290-adb2-892a9b915feb;378.0;0.01;SELL
2016-01-29T00:14:17.677000;2016-01-29T00:14:17.830000;8c14c10d-4073-410f-af31-6468eaf7a11c;378.0;0.01;SELL
2016-01-29T00:14:17.677000;2016-01-29T00:14:17.830000;ecdf5222-57f5-4b51-ac1e-38a52d0a0c09;377.98;0.01;SELL
2016-01-29T00:14:17.677000;2016-01-29T00:14:17.830000;7fc14fb7-e7fc-4d39-9451-4b2ff4946494;377.9;0.1;SELL
2016-01-29T00:14:17.680000;2016-01-29T00:14:17.830000;2ed6f37a-ad0a-4dd3-8484-fa54f5887e07;377.86;0.2;SELL
2016-01-29T00:14:17.680000;2016-01-29T00:14:17.830000;3f1aa1c0-11cb-42c9-8339-3283aa1eeb7f;377.82;0.1;SELL
2016-01-29T00:14:17.680000;2016-01-29T00:14:17.830000;d3f55524-6dd2-4f7a-9695-c59ebdb51b3c;377.8;0.1;SELL
2016-01-29T00:14:17.680000;2016-01-29T00:14:17.830000;cd8a8fb2-72a2-49f6-bd65-b6afa97d2b76;377.8;0.02;SELL
2016-01-29T00:14:17.680000;2016-01-29T00:14:17.830000;54e0e87f-2243-4bb4-aa20-b2a3a597a2c5;377.7;0.1;SELL
2016-01-29T00:14:17.680000;2016-01-29T00:14:17.830000;d4db5e82-5fa0-4cd0-b706-d157631c34f7;377.69;0.89819122;SELL
2016-01-29T00:14:23.197000;2016-01-29T00:14:23.237000;20b0d6d4-c8ce-40e2-b50a-70aaea014b6a;377.9;0.01;BUY
2016-01-29T00:14:23.197000;2016-01-29T00:14:23.253000;a6ba8522-9bb3-4e25-a196-d0cdd8163807;377.91;0.01;BUY
2016-01-29T00:14:23.197000;2016-01-29T00:14:23.253000;bd57865b-b456-41d1-a76a-65e7a6591258;377.92;0.01;BUY
2016-01-29T00:14:23.197000;2016-01-29T00:14:23.253000;ffad8293-8ca1-4fc9-a060-b2a641a16d34;377.92;0.064;BUY
2016-01-29T00:14:31.403000;2016-01-29T00:14:31.453000;30ff5dde-2d16-4aaa-9c8a-5db49fc56ae9;377.75;0.01;SELL
2016-01-29T00:14:31.403000;2016-01-29T00:14:31.470000;26d95767-d01e-49d0-a61f-042f129d71cd;377.71;0.01;SELL
2016-01-29T00:14:31.407000;2016-01-29T00:14:31.470000;ec97bef0-36b0-4319-8606-19498ef64e22;377.71;0.01;SELL
2016-01-29T00:14:31.407000;2016-01-29T00:14:31.470000;8fdbcfc9-32ab-412e-bd97-8dd5f49415b6;377.71;0.01;SELL
2016-01-29T00:14:31.407000;2016-01-29T00:14:31.470000;2b6240e2-c897-471e-b4d4-718c9051410d;377.68;0.02;SELL
2016-01-29T00:14:31.407000;2016-01-29T00:14:31.470000;70354ab2-f46e-4dbd-bc44-7428dfe27488;377.61;0.1;SELL
2016-01-29T00:14:31.407000;2016-01-29T00:14:31.550000;01457a25-7ae6-420e-bd97-3ea77d6f8fff;377.6;0.1;SELL
2016-01-29T00:14:31.407000;2016-01-29T00:14:31.550000;12d91ce7-d5dd-4487-bc9d-e844e16fcc3d;377.6;0.02;SELL
2016-01-29T00:14:31.407000;2016-01-29T00:14:31.550000;72263980-e301-4966-b770-92cccb0787a8;377.5;0.1056;SELL
2016-01-29T00:14:31.407000;2016-01-29T00:14:31.550000;af4f3b23-c45a-43d3-ab15-6022d04c658b;377.5;0.00693;SELL
2016-01-29T00:14:34.880000;2016-01-29T00:14:34.923000;492d7dd0-d857-4e73-ad19-a0f0f0913679;377.71;0.034;BUY
2016-01-29T00:14:34.880000;2016-01-29T00:14:34.940000;66c77cba-3948-4b60-a8d7-d039edc408ec;377.71;0.01132;BUY
2016-01-29T00:14:51.730000;2016-01-29T00:14:51.767000;fb451241-a15a-4aec-9344-30661c6b16e8;377.66;0.04;BUY
2016-01-29T00:15:00.187000;2016-01-29T00:15:00.220000;f5108661-8116-487e-9e7a-0feae827e8b0;377.55;2.54;BUY
2016-01-29T00:15:00.187000;2016-01-29T00:15:00.237000;5e3c16ec-ab43-4715-8f96-9e802386bd9d;377.55;1.25;BUY
2016-01-29T00:15:00.187000;2016-01-29T00:15:00.237000;902b18a4-fc4d-46ad-a292-81d69b5e3119;377.55;2.08973;BUY
2016-01-29T00:15:02.547000;2016-01-29T00:15:02.580000;a7bf2254-8d2f-4afb-99a5-6a58284803f4;377.55;0.01;BUY
2016-01-29T00:15:02.833000;2016-01-29T00:15:02.893000;b502b694-57aa-4662-ba07-375e4aa1cf3e;377.55;0.005;BUY
2016-01-29T00:15:02.833000;2016-01-29T00:15:02.893000;83d6a98b-dcf9-4dad-9f13-fc20874678a5;377.59;5.18885;BUY
2016-01-29T00:15:04.037000;2016-01-29T00:15:04.080000;293b8bb3-7212-4b11-8c4b-774a1c0d3c04;377.54;0.01;SELL
2016-01-29T00:15:04.037000;2016-01-29T00:15:04.097000;b4786330-aaba-46d7-9d26-5086b04b839d;377.51;0.37;SELL
2016-01-29T00:15:04.037000;2016-01-29T00:15:04.097000;d930dc58-6e1c-44e2-8c15-30b3968ac565;377.51;0.37;SELL
2016-01-29T00:15:04.037000;2016-01-29T00:15:04.097000;2710b055-0be8-48d8-8ffb-d3e0c156af4f;377.5;0.09307;SELL
2016-01-29T00:15:04.037000;2016-01-29T00:15:04.097000;dd49aeb7-f1ce-4ff2-ab97-09ca50526250;377.47;0.01;SELL
2016-01-29T00:15:04.037000;2016-01-29T00:15:04.110000;4df83d07-73f6-45ec-8c48-4d7a894f3dd3;377.43;0.423;SELL
2016-01-29T00:15:04.037000;2016-01-29T00:15:04.110000;1235376f-e56b-41e2-928d-370aab87cfc3;377.42;1.71042528;SELL
2016-01-29T00:15:04.037000;2016-01-29T00:15:04.110000;952e2303-4b7d-443e-b3e6-c59d1b9a5e88;377.4;0.1;SELL
2016-01-29T00:15:04.037000;2016-01-29T00:15:04.110000;ed642fc2-48fa-4db4-b21b-e24b3bc1fd86;377.4;0.02;SELL
2016-01-29T00:15:07.333000;2016-01-29T00:15:07.377000;40f202a9-3c35-462d-be09-07d0ece6c369;377.32;0.01;SELL
2016-01-29T00:15:07.333000;2016-01-29T00:15:07.393000;b88f27ec-7be3-40b7-94d3-6a97f7d7ee65;377.3;0.1;SELL
2016-01-29T00:15:08.887000;2016-01-29T00:15:08.923000;49fd138e-5446-46c2-b10f-69ab908a3b7d;377.33;0.081;BUY
2016-01-29T00:15:09.630000;2016-01-29T00:15:09.673000;00fd20af-8155-4ae1-a2c1-fd54ceae2d67;377.23;0.01;SELL
2016-01-29T00:15:09.630000;2016-01-29T00:15:09.690000;29bf42a1-98b5-4b1e-aa45-f3c3d93b64f8;377.21;0.0105;SELL
2016-01-29T00:15:09.630000;2016-01-29T00:15:09.690000;0be17dbc-5036-497f-8f10-543982cb5308;377.21;0.14;SELL
2016-01-29T00:15:09.630000;2016-01-29T00:15:09.690000;e9af024b-5545-47e0-974b-42d947420008;377.2;0.1;SELL
2016-01-29T00:15:09.630000;2016-01-29T00:15:09.690000;6ba6dec7-6a12-48fe-b94f-b70c5c45fc71;377.2;0.02;SELL
2016-01-29T00:15:09.633000;2016-01-29T00:15:09.690000;63725a0c-7498-4d33-92eb-eb5c97c90d1f;377.2;0.01;SELL
2016-01-29T00:15:09.633000;2016-01-29T00:15:09.690000;61eaa69f-a269-4f65-beb4-eaaca233f2fe;377.2;0.02;SELL
2016-01-29T00:15:09.633000;2016-01-29T00:15:09.703000;03ea9840-675c-4d4b-90b5-adaee73788eb;377.11;2.77;SELL
2016-01-29T00:15:09.633000;2016-01-29T00:15:09.703000;06752dce-087c-4e7a-968c-8d8221fb7983;377.1;0.1;SELL
2016-01-29T00:15:09.633000;2016-01-29T00:15:09.703000;6d70f95d-f0c6-4323-add2-ddcc5ddcefb6;377.01;0.7;SELL
2016-01-29T00:15:09.633000;2016-01-29T00:15:09.703000;39b1c372-73c7-4658-8e86-4851771853ab;377.01;0.02;SELL
2016-01-29T00:15:09.633000;2016-01-29T00:15:09.703000;ffc79081-b1f2-4aa2-ba2a-b92ec3f99142;377.0;0.01;SELL
2016-01-29T00:15:09.633000;2016-01-29T00:15:09.737000;44acfd31-36b8-4b98-ad39-34d7d95235e7;377.0;0.01;SELL
2016-01-29T00:15:09.633000;2016-01-29T00:15:09.737000;efa3c52c-7726-4bce-9714-4246953ba4ca;377.0;0.1;SELL
2016-01-29T00:15:09.633000;2016-01-29T00:15:09.737000;dcf0d1ad-7fa1-49b3-9f7d-1c0dc9a6b4cc;377.0;0.4145;SELL
2016-01-29T00:15:10.643000;2016-01-29T00:15:10.690000;42382252-5679-4be1-a220-aa68bd49e738;377.24;0.01;SELL
2016-01-29T00:15:12.910000;2016-01-29T00:15:12.953000;709466d9-b33b-4dc6-8ea2-410fe984524e;377.01;0.37;SELL
2016-01-29T00:15:12.910000;2016-01-29T00:15:12.970000;654e8b36-8294-4bcd-950c-cba55ed1e5e0;377.0;0.0855;SELL
2016-01-29T00:15:12.910000;2016-01-29T00:15:12.970000;9e1d60cf-38e5-48d6-9757-e8d58d252000;377.0;0.02;SELL
2016-01-29T00:15:12.910000;2016-01-29T00:15:12.987000;353673c8-4c31-4fa8-8e50-ba23b042df7b;377.0;0.03436918;SELL
2016-01-29T00:15:16.687000;2016-01-29T00:15:16.737000;1afbe854-75ae-40c2-8fcc-85899dc9b309;376.99;0.113;BUY
2016-01-29T00:15:18.503000;2016-01-29T00:15:18.550000;70e69fc4-871e-4597-8107-6a4fb07abea1;376.9;0.1;SELL
2016-01-29T00:15:18.503000;2016-01-29T00:15:18.563000;cae77e84-5e87-4780-8b18-c95e609bdbf1;376.89;0.44494458;SELL
2016-01-29T00:15:18.503000;2016-01-29T00:15:18.563000;8edce571-6ecc-4c2e-891e-de87c8669a56;376.88;0.3;SELL
2016-01-29T00:15:18.503000;2016-01-29T00:15:18.563000;428d3674-8c39-4003-abf8-886d88c1b953;376.85;0.38528892;SELL
2016-01-29T00:15:18.503000;2016-01-29T00:15:18.563000;e05bd6a6-f405-45cb-ae9f-c0f9b53134f2;376.84;0.25;SELL
2016-01-29T00:15:18.503000;2016-01-29T00:15:18.580000;1f2b4be2-8956-42d6-8229-50066d9e4345;376.8;0.1;SELL
2016-01-29T00:15:18.507000;2016-01-29T00:15:18.597000;582bc008-8ad2-4957-b565-ac9793ad09e1;376.8;0.02;SELL
2016-01-29T00:15:20.430000;2016-01-29T00:15:20.470000;6ee21271-24df-4781-b18b-ebea064bd3a2;376.91;0.37;SELL
2016-01-29T00:15:24.277000;2016-01-29T00:15:24.313000;f2e9c664-4731-4671-8d3e-6a5232b2f728;376.75;0.01;SELL
2016-01-29T00:15:24.763000;2016-01-29T00:15:24.813000;0797cdcd-175a-4379-bb8f-042a5e7329e8;376.78;0.126;BUY
2016-01-29T00:15:26.533000;2016-01-29T00:15:26.580000;054a810d-44ff-42bd-b4cb-7985c2ca5b45;376.73;0.01;SELL
2016-01-29T00:15:26.533000;2016-01-29T00:15:26.597000;dcd2f504-d70a-4b3f-934f-13333d209383;376.72;0.02;SELL
2016-01-29T00:15:26.533000;2016-01-29T00:15:26.597000;123d7f9c-88ae-435c-a944-5e25a2a9b4ca;376.71;0.37;SELL
2016-01-29T00:15:26.533000;2016-01-29T00:15:26.597000;89053a24-7d30-4c1f-b71a-2464661a95ac;376.7;0.1;SELL
2016-01-29T00:15:26.533000;2016-01-29T00:15:26.597000;5f0c8787-3cfe-41a2-b35f-199881e0e855;376.67;0.01;SELL
2016-01-29T00:15:31.570000;2016-01-29T00:15:31.610000;f2be50b8-4aeb-4024-ac85-8f045b68c65a;376.71;0.20859;BUY
2016-01-29T00:15:37.633000;2016-01-29T00:15:37.673000;19175abe-ba97-4f40-95d3-1e455ed72ab1;376.62;0.01;SELL
2016-01-29T00:15:37.633000;2016-01-29T00:15:37.690000;a2a280ff-a790-40c4-8aa3-0e59c211bdd1;376.61;0.37;SELL
2016-01-29T00:15:37.633000;2016-01-29T00:15:37.690000;5b09f831-da80-4b35-b87a-05728408f309;376.61;0.12;SELL
2016-01-29T00:16:01.400000;2016-01-29T00:16:01.440000;8ff7a8a9-696b-4145-b6c1-14b9633b8991;376.7;2.54978;SELL
2016-01-29T00:16:02.200000;2016-01-29T00:16:02.237000;ba34bba6-dfc1-4970-9a92-96fdee011344;376.76;0.01;BUY
2016-01-29T00:16:03.047000;2016-01-29T00:16:03.097000;a7b1bf20-c99a-412f-a6e4-1d28733ff1bf;376.74;1.038;SELL
2016-01-29T00:16:07.310000;2016-01-29T00:16:07.347000;7bda4824-45ad-4861-942c-6bcf972cd0c0;376.76;1.047;SELL
2016-01-29T00:16:09.633000;2016-01-29T00:16:09.673000;f81dd2f3-e5d7-44e3-b644-a52f68f49682;376.76;1.005;SELL
2016-01-29T00:16:18.177000;2016-01-29T00:16:18.220000;ec9af764-8f0b-4d20-9982-9a4e79f7495a;376.78;0.37;BUY
2016-01-29T00:16:22.267000;2016-01-29T00:16:22.313000;f0d3a3ce-8389-45f1-8ae6-909f7a4903e5;376.78;0.068;SELL
2016-01-29T00:16:31.390000;2016-01-29T00:16:31.440000;86cc629a-782b-4e43-95f6-0fcb700c8008;376.79;0.815;BUY
2016-01-29T00:16:31.390000;2016-01-29T00:16:31.453000;4a110e85-ebc8-4ecb-b3ea-b5910ea1011f;376.79;0.037;BUY
2016-01-29T00:16:31.390000;2016-01-29T00:16:31.487000;59e9dbfe-3db9-4f23-9f22-78ac66e11442;376.79;31.78;BUY
2016-01-29T00:16:31.390000;2016-01-29T00:16:31.487000;63002f39-dd66-403f-a625-595842bd3581;376.8;0.01;BUY
2016-01-29T00:16:31.390000;2016-01-29T00:16:31.487000;bbf78d59-e167-4fb3-9bd1-72ccb9f4454b;376.81;0.36;BUY
2016-01-29T00:16:31.390000;2016-01-29T00:16:31.487000;3bcb0a31-713b-4a66-afa1-287fa2f35b3d;376.82;0.908;BUY
2016-01-29T00:16:31.390000;2016-01-29T00:16:31.487000;79a6cc8e-28f6-4abf-ac30-f40456f3a7c3;376.85;0.899;BUY
2016-01-29T00:16:31.390000;2016-01-29T00:16:31.503000;86af454a-e780-4183-8f5c-a552438d7db3;376.88;0.89;BUY
2016-01-29T00:16:31.390000;2016-01-29T00:16:31.503000;c32b353d-6244-48f0-ab9d-2686099bba8e;376.9;1.56;BUY
2016-01-29T00:16:31.390000;2016-01-29T00:16:31.503000;27abcb6d-7019-4ffd-bfea-4dda069c3ca0;376.91;0.01;BUY
2016-01-29T00:16:31.393000;2016-01-29T00:16:31.503000;ea057d3e-9336-40ce-a5b3-19eee0b4b216;376.93;0.01;BUY
2016-01-29T00:16:31.393000;2016-01-29T00:16:31.503000;3009a3d4-89d3-44a4-a5ab-1ee578425a04;376.93;0.72;BUY
2016-01-29T00:16:31.393000;2016-01-29T00:16:31.517000;d632adc8-250b-45dc-bbbd-91f85c5a6efc;376.94;1.079;BUY
2016-01-29T00:16:31.393000;2016-01-29T00:16:31.517000;d43028e2-df8e-4970-b180-88f01ace2978;376.97;1.32;BUY
2016-01-29T00:16:31.393000;2016-01-29T00:16:31.517000;85a99aaf-e708-4bdd-9b4f-9038d5b0cb3b;376.98;1.061;BUY
2016-01-29T00:16:31.393000;2016-01-29T00:16:31.517000;0fc2af0e-621a-4a33-828a-dfe91b2c608d;377.02;0.951;BUY
2016-01-29T00:16:31.393000;2016-01-29T00:16:31.517000;4067b0e5-8efc-45b3-b32f-fa8dee244de1;377.03;3.788;BUY
2016-01-29T00:16:31.393000;2016-01-29T00:16:31.517000;3440f51d-eb90-4b2a-81fb-ea56ffb1e9f0;377.17;3.802;BUY
2016-01-29T00:16:33.543000;2016-01-29T00:16:33.580000;78c01507-1d9d-4c75-b5a3-0bcc87a13197;376.83;0.026;SELL
2016-01-29T00:16:37.280000;2016-01-29T00:16:37.330000;21bd38e4-c99b-4aec-848c-7f2a61b19258;376.96;0.018;SELL
2016-01-29T00:16:37.363000;2016-01-29T00:16:37.407000;0e61eb15-7a1d-467b-8ca7-9381a5389716;376.97;1.03909173;SELL
2016-01-29T00:16:39.637000;2016-01-29T00:16:39.673000;ce100513-98cf-4cb3-b82a-c384214e9825;377.0;0.572;BUY
2016-01-29T00:17:01.397000;2016-01-29T00:17:01.453000;a7fa116d-5611-48cd-9207-b3451b1a353e;377.01;0.53;BUY
2016-01-29T00:17:01.400000;2016-01-29T00:17:01.453000;ae45a98b-0dc1-40d3-b1e4-17c7c1563bb6;377.01;6.77;BUY
2016-01-29T00:17:01.400000;2016-01-29T00:17:01.470000;784fe82e-b778-4dc6-9eb1-ca5fd916d1f9;377.02;2.371;BUY
2016-01-29T00:17:01.400000;2016-01-29T00:17:01.470000;2198bb9e-abe4-4120-bbb8-f47d5702cff7;377.04;0.537;BUY
2016-01-29T00:17:01.400000;2016-01-29T00:17:01.470000;325d3685-23cf-462a-a332-09fcb9c77171;377.18;13.92;BUY
2016-01-29T00:17:01.400000;2016-01-29T00:17:01.470000;1808c816-79ca-4c00-9771-1d249d8256ba;377.19;25.0;BUY
2016-01-29T00:17:01.400000;2016-01-29T00:17:01.470000;86b3d2f1-fec8-4de3-a7e0-a245c0c96c10;377.21;0.01;BUY
2016-01-29T00:17:01.400000;2016-01-29T00:17:01.470000;b4cce88f-7a60-4744-b688-e24a7c0a2df4;377.22;0.01;BUY
2016-01-29T00:17:01.400000;2016-01-29T00:17:01.487000;d0e28de4-0dde-4abe-9fad-80ad7e203e8e;377.22;0.01;BUY
2016-01-29T00:17:01.400000;2016-01-29T00:17:01.487000;fdb8f5a8-001e-40bf-bf0f-c0a1e7ffa722;377.23;0.01;BUY
2016-01-29T00:17:01.400000;2016-01-29T00:17:01.487000;597fb047-3d9b-4167-a481-ac324c0b59cb;377.25;0.832;BUY
2016-01-29T00:17:01.690000;2016-01-29T00:17:01.720000;5141ca00-5b50-44a2-b579-c14e7d6ba867;377.25;0.01;BUY
2016-01-29T00:17:09.430000;2016-01-29T00:17:09.487000;2bde97da-3c81-4519-933e-667a9326b4b1;377.01;0.37;BUY
2016-01-29T00:17:30.187000;2016-01-29T00:17:30.220000;77a679fb-dac5-4f96-98cc-7e14341865a7;377.0;0.4;SELL
2016-01-29T00:17:30.187000;2016-01-29T00:17:30.237000;42815594-f66f-49f3-a646-0a6704d88074;377.0;0.021;SELL
2016-01-29T00:17:31.833000;2016-01-29T00:17:31.877000;18a904d6-220f-42af-b17d-eaabed6f9e43;377.01;0.479;BUY
2016-01-29T00:17:31.833000;2016-01-29T00:17:31.893000;f130a85d-767f-463f-95c4-153fa1ac1554;377.01;12.9414555;BUY
2016-01-29T00:17:31.833000;2016-01-29T00:17:31.893000;cfade7fa-2c84-4ec6-9302-1fd97379fc83;377.02;1.859;BUY
2016-01-29T00:17:31.833000;2016-01-29T00:17:31.893000;cab38068-94ad-4d0c-903d-815d89ec9781;377.04;0.459;BUY
2016-01-29T00:17:31.833000;2016-01-29T00:17:31.893000;cea3f0c1-8eb9-4ef1-8c1d-0941e8298a58;377.07;0.54;BUY
2016-01-29T00:17:31.833000;2016-01-29T00:17:31.893000;171b25a4-340f-4eba-a627-9f6e0e6c2765;377.1;0.48;BUY
2016-01-29T00:17:31.833000;2016-01-29T00:17:31.923000;b880a4de-8b8f-460a-9b18-eda7969ec260;377.13;0.457;BUY
2016-01-29T00:17:31.833000;2016-01-29T00:17:31.923000;809cb4ec-70ca-4e3d-bf7a-dbf8c3863e98;377.14;9.34678;BUY
2016-01-29T00:17:31.833000;2016-01-29T00:17:31.923000;603c64ab-7d84-4797-858d-f55ced55f660;377.24;1.22;BUY
2016-01-29T00:17:31.833000;2016-01-29T00:17:31.923000;d7a44306-4271-4657-b5a0-3e50315a9541;377.24;2.01;BUY
2016-01-29T00:17:31.833000;2016-01-29T00:17:31.923000;ecb08f7a-79bd-43f1-9f61-3051be0ee7f8;377.25;2.199;BUY
2016-01-29T00:17:31.833000;2016-01-29T00:17:31.923000;f7fcd91a-c6b9-40cb-8b56-9a281f81bbaa;377.25;1.03;BUY
2016-01-29T00:17:31.833000;2016-01-29T00:17:31.923000;310f528c-e11f-4371-abf6-5fa385aaa1ea;377.31;0.01;BUY
2016-01-29T00:17:31.833000;2016-01-29T00:17:31.923000;d2cef198-485e-4089-93ca-de480d7d3032;377.31;0.01;BUY
2016-01-29T00:17:31.837000;2016-01-29T00:17:31.923000;66fc30e9-ad4d-4d1f-a391-c703b637a223;377.32;0.01;BUY
2016-01-29T00:17:31.837000;2016-01-29T00:17:31.923000;c744b686-1d03-4ec9-9217-3981e0c0fc5e;377.32;0.01;BUY
2016-01-29T00:17:31.837000;2016-01-29T00:17:31.923000;71b71966-325e-4f42-8e1b-6b1c719fca57;377.33;0.01;BUY
2016-01-29T00:17:31.837000;2016-01-29T00:17:31.923000;a99d45c4-7563-4401-8cca-94e70185803e;377.36;0.01;BUY
2016-01-29T00:17:31.837000;2016-01-29T00:17:31.970000;80d3dca2-0a55-4869-a740-ac8a93906880;377.37;0.01;BUY
2016-01-29T00:17:31.837000;2016-01-29T00:17:31.970000;27217d4f-3af2-4a28-88cd-089b065e7b63;377.37;0.115;BUY
2016-01-29T00:17:31.837000;2016-01-29T00:17:31.970000;3e289331-a27a-4752-9110-860eb7fc93bf;377.38;0.01;BUY
2016-01-29T00:17:31.837000;2016-01-29T00:17:31.970000;6f9380f1-5535-4235-aa62-02c8aeb397fc;377.38;0.01;BUY
2016-01-29T00:17:31.837000;2016-01-29T00:17:31.970000;3cf2763b-cae5-417e-ad38-a5b431071996;377.39;0.01;BUY
2016-01-29T00:17:31.837000;2016-01-29T00:17:31.970000;84bef295-a1ed-4590-93db-51b807cf6c3a;377.39;0.01;BUY
2016-01-29T00:17:31.837000;2016-01-29T00:17:31.970000;28b4da37-6c16-4787-9e06-9802a9513e99;377.41;0.01;BUY
2016-01-29T00:17:31.837000;2016-01-29T00:17:31.970000;ef591a6c-2377-4e91-945b-1846a031b63c;377.42;0.01;BUY
2016-01-29T00:17:31.837000;2016-01-29T00:17:31.970000;578bf47b-14af-40c1-99f5-d861e67be0e3;377.47;2.28;BUY
2016-01-29T00:17:31.837000;2016-01-29T00:17:31.970000;8daf053b-28ad-40f4-b408-2b55f099a505;377.48;2.043;BUY
2016-01-29T00:17:31.837000;2016-01-29T00:17:31.970000;b1789463-f711-4677-af9c-f17c8d291d77;377.5;0.01;BUY
2016-01-29T00:17:31.837000;2016-01-29T00:17:31.970000;b8f65d77-c6cf-4f0b-971c-de4ca4a88bad;377.54;1.07;BUY
2016-01-29T00:17:31.837000;2016-01-29T00:17:31.970000;3db87362-71a8-4616-bde8-084df32b2360;377.55;1.064;BUY
2016-01-29T00:17:31.837000;2016-01-29T00:17:31.970000;b8b60d04-c998-4da2-8e70-afc888708c4b;377.63;3.4796745;BUY
2016-01-29T00:17:34.727000;2016-01-29T00:17:34.767000;6257e0a5-ec44-45cd-9d60-7c166d5cb5cb;377.09;0.64;SELL
2016-01-29T00:17:34.727000;2016-01-29T00:17:34.767000;5a167b01-ace4-409f-9a95-917129bc6219;377.08;0.01;SELL
2016-01-29T00:17:35.610000;2016-01-29T00:17:35.657000;7505b992-d3b9-4f1a-b24a-38d39e74bb27;377.14;4.57;SELL
2016-01-29T00:17:38.113000;2016-01-29T00:17:38.143000;6052d626-cd4f-440f-b7a3-f1acc18f7725;377.13;0.01;SELL
2016-01-29T00:17:38.743000;2016-01-29T00:17:38.783000;ea62d124-c5fb-473f-b980-b5afaa5fded0;377.14;0.01;SELL
2016-01-29T00:17:40.863000;2016-01-29T00:17:40.893000;7f10211e-4393-465c-b95e-b644fe441353;377.14;0.014;SELL
2016-01-29T00:17:40.863000;2016-01-29T00:17:40.923000;33c5e25a-6e61-441b-aec9-79dbcfb6db10;377.12;0.01;SELL
2016-01-29T00:17:40.863000;2016-01-29T00:17:40.923000;bcc80f5c-52cc-43b0-9d98-1de3d39e3e62;377.12;0.01;SELL
2016-01-29T00:17:40.863000;2016-01-29T00:17:40.923000;6b1c378d-f5f0-4cf4-bf8d-e132e7231023;377.12;1.44;SELL
2016-01-29T00:17:40.863000;2016-01-29T00:17:40.923000;d4d36698-87c0-4088-9aa0-cdec950531e8;377.11;0.01;SELL
2016-01-29T00:17:40.863000;2016-01-29T00:17:41.003000;dca98cd6-2d29-4d2e-85b3-57b89a566ad3;377.11;0.01;SELL
2016-01-29T00:17:40.863000;2016-01-29T00:17:41.003000;b9a42430-86b9-49ee-89f4-4495a73f2a52;377.11;0.01;SELL
2016-01-29T00:17:40.863000;2016-01-29T00:17:41.003000;7b790584-a1ac-448e-9e97-6187c6309014;377.11;0.01;SELL
2016-01-29T00:17:40.863000;2016-01-29T00:17:41.003000;68b09323-9efc-4f9c-b15e-a8cacbef77f7;377.11;0.01;SELL
2016-01-29T00:17:40.863000;2016-01-29T00:17:41.003000;91bd4bbb-ccc1-49a2-a470-43893df5fe97;377.11;0.01;SELL
2016-01-29T00:17:40.863000;2016-01-29T00:17:41.003000;51add97e-5205-4737-84af-6b09a24ad5de;377.11;0.12;SELL
2016-01-29T00:17:45.923000;2016-01-29T00:17:45.953000;36501400-ff7d-48a8-881d-ff8cba3ada9c;377.13;0.1;BUY
2016-01-29T00:17:46.997000;2016-01-29T00:17:47.033000;bb8c2136-7581-4535-a445-d94782317789;377.04;0.01;SELL
2016-01-29T00:17:46.997000;2016-01-29T00:17:47.050000;2f34e653-c94a-4457-906a-90d7e25d10fc;377.02;0.01;SELL
2016-01-29T00:17:46.997000;2016-01-29T00:17:47.050000;bca50aef-9ddf-4090-b358-2245745d6125;377.01;0.01;SELL
2016-01-29T00:17:46.997000;2016-01-29T00:17:47.050000;d3fa9ee0-6d00-4e4c-868b-1e3d504081ee;377.0;0.01;SELL
2016-01-29T00:17:46.997000;2016-01-29T00:17:47.050000;f378161f-c910-456e-b02a-213d9471f874;376.98;0.01;SELL
2016-01-29T00:17:46.997000;2016-01-29T00:17:47.050000;25ade3a3-0c47-41d3-a1b2-b0a951e9fcb9;376.97;0.01;SELL
2016-01-29T00:17:46.997000;2016-01-29T00:17:47.063000;3c6ac4c4-59cd-438d-ad6d-7bdbddec8340;376.97;0.01;SELL
2016-01-29T00:17:46.997000;2016-01-29T00:17:47.063000;a18ae968-0d62-485c-91e1-c7dc81b8f545;376.96;0.01;SELL
2016-01-29T00:17:49.353000;2016-01-29T00:17:49.393000;f5ef9c38-6ffe-488c-aa6b-5656b7e8ffbf;376.83;0.48;SELL
2016-01-29T00:17:51.780000;2016-01-29T00:17:51.830000;967504db-8cde-46fd-8450-2ee5d2d67428;376.82;0.106;SELL
2016-01-29T00:17:51.780000;2016-01-29T00:17:51.830000;ce38b8f2-2301-4d33-9113-5a0ec21f4e04;376.81;0.14;SELL
2016-01-29T00:17:54.503000;2016-01-29T00:17:54.550000;a92f0c9e-f53f-4f0f-9649-9acc47a74396;376.73;0.01;SELL
2016-01-29T00:17:54.503000;2016-01-29T00:17:54.563000;41d41d98-ddc1-4038-bb4b-e9138fa97442;376.72;0.115;SELL
2016-01-29T00:17:54.503000;2016-01-29T00:17:54.563000;916e5032-62f9-4f08-b229-2fb997cca85e;376.71;0.154;SELL
2016-01-29T00:17:54.503000;2016-01-29T00:17:54.563000;a5ec525a-7b65-4621-8d03-1f077fba3384;376.65;1.458;SELL
2016-01-29T00:17:54.503000;2016-01-29T00:17:54.563000;a9c36df1-ba43-4c4c-b47b-0a9ef174c815;376.6;0.1;SELL
2016-01-29T00:17:54.503000;2016-01-29T00:17:54.597000;d6c5fc82-aa86-493e-a928-a3ece28ebbf5;376.6;0.02;SELL
2016-01-29T00:17:54.503000;2016-01-29T00:17:54.597000;55252659-860d-4fdb-8529-7f988769764d;376.56;0.1;SELL
2016-01-29T00:17:55.507000;2016-01-29T00:17:55.550000;bdd9719d-aab3-4752-8096-e6fdbf81fa19;376.73;0.72;BUY
2016-01-29T00:17:55.507000;2016-01-29T00:17:55.563000;02241cf9-33df-4782-9961-b78bc0640522;376.74;1.334;BUY
2016-01-29T00:17:57.760000;2016-01-29T00:17:57.800000;44dbaf8c-072c-4c45-b818-cce29376a472;376.6;0.2;SELL
2016-01-29T00:17:57.760000;2016-01-29T00:17:57.800000;92e49367-bf0a-4de8-bc08-bc70c8efe348;376.52;0.01;SELL
2016-01-29T00:17:57.760000;2016-01-29T00:17:57.813000;29a2f1ba-5bfd-4041-86b3-629e134eaf13;376.51;0.101;SELL
2016-01-29T00:17:57.760000;2016-01-29T00:17:57.813000;50c8e520-db6e-44d9-ac8a-3f582a2238d5;376.5;0.1;SELL
2016-01-29T00:17:57.760000;2016-01-29T00:17:57.813000;4a6847e6-be9c-4777-8f7f-6cd1c0960040;376.5;0.01;SELL
2016-01-29T00:17:59.357000;2016-01-29T00:17:59.407000;242c7f0f-eed0-4139-b610-769cab7222dc;376.45;0.01;SELL
2016-01-29T00:17:59.357000;2016-01-29T00:17:59.407000;85047a12-9dd0-460a-83dc-6090722a56da;376.43;0.082;SELL
2016-01-29T00:17:59.357000;2016-01-29T00:17:59.407000;dc80edc5-822a-4702-8ac9-8a2c1c513e27;376.41;0.01;SELL
2016-01-29T00:17:59.357000;2016-01-29T00:17:59.407000;d9b3edc9-ea89-4672-a6dd-3d3a1ef10279;376.4;0.1;SELL
2016-01-29T00:17:59.357000;2016-01-29T00:17:59.407000;56c7fde8-11c9-49a4-b0b9-71f747ca1438;376.4;0.02;SELL
2016-01-29T00:17:59.357000;2016-01-29T00:17:59.407000;324c796b-d05a-4d0a-a148-00651ed9e3aa;376.38;0.5855;SELL
2016-01-29T00:17:59.357000;2016-01-29T00:17:59.407000;ee75c04d-06a1-47be-bb66-7d3bfc541b2b;376.32;0.01544403;SELL
2016-01-29T00:17:59.357000;2016-01-29T00:17:59.423000;05fbb252-88d7-4e1e-8704-1ab5bbb6d454;376.3;0.1;SELL
2016-01-29T00:17:59.357000;2016-01-29T00:17:59.423000;09233b77-0d83-4281-8cae-0fd6571a3b4f;376.24;0.02;SELL
2016-01-29T00:17:59.357000;2016-01-29T00:17:59.440000;30785502-d140-4e59-83d7-d1bb12fe8bc4;376.21;0.0105;SELL
2016-01-29T00:17:59.357000;2016-01-29T00:17:59.440000;8add5d4b-a194-4e01-a17a-24b63c469fc3;376.2;0.1;SELL
2016-01-29T00:17:59.357000;2016-01-29T00:17:59.440000;e4dd6ac1-c0ee-46b3-b721-57b13cd86121;376.2;0.02;SELL
2016-01-29T00:17:59.357000;2016-01-29T00:17:59.440000;07f81e6f-a595-45a6-a34d-3865a3a7beeb;376.19;0.0182;SELL
2016-01-29T00:17:59.357000;2016-01-29T00:17:59.440000;90085aaf-fc3e-4f6e-aa3d-f8980d76da14;376.18;0.3;SELL
2016-01-29T00:17:59.357000;2016-01-29T00:17:59.440000;3724d7b9-314a-4dd9-8025-5a8f115e23ed;376.13;0.1;SELL
2016-01-29T00:17:59.360000;2016-01-29T00:17:59.453000;d60bc797-dc98-4cce-9011-424af040f2cb;376.12;0.14;SELL
2016-01-29T00:17:59.360000;2016-01-29T00:17:59.453000;2ed3bf8b-16e7-4a2b-88d2-ca2e63181a73;376.1;0.1;SELL
2016-01-29T00:17:59.360000;2016-01-29T00:17:59.453000;46136b37-e1af-4655-8288-c668db4232a4;376.01;0.01;SELL
2016-01-29T00:17:59.360000;2016-01-29T00:17:59.470000;c8bf0730-f912-45e7-b4f3-1e9ae5cb00fe;376.0;0.01;SELL
2016-01-29T00:17:59.360000;2016-01-29T00:17:59.470000;543099a7-8520-40ed-b3bf-4ae444869488;376.0;0.01;SELL
2016-01-29T00:17:59.360000;2016-01-29T00:17:59.470000;4ede8785-d4fd-4f39-9e7f-b6cd4e9f289e;376.0;0.1;SELL
2016-01-29T00:17:59.360000;2016-01-29T00:17:59.470000;c57f0c7b-e381-4cd1-a07e-c0791757a4a1;376.0;0.02;SELL
2016-01-29T00:17:59.360000;2016-01-29T00:17:59.470000;4da43e7b-f207-406c-bbb4-2f99523ff83d;376.0;0.1;SELL
2016-01-29T00:17:59.360000;2016-01-29T00:17:59.470000;f4ee5d56-1ddc-498c-a920-26f57c9a9341;376.0;0.03436918;SELL
2016-01-29T00:17:59.360000;2016-01-29T00:17:59.470000;5bd10547-8957-484e-af1b-305ea880e28f;375.99;4.56;SELL
2016-01-29T00:17:59.360000;2016-01-29T00:17:59.470000;b1cd7fa3-35a8-49d0-8dcb-3b3e2ca6d233;375.98;0.1;SELL
2016-01-29T00:17:59.360000;2016-01-29T00:17:59.470000;4b2a4d7f-b3cc-40bd-9770-b277ec6e71b8;375.95;0.3;SELL
2016-01-29T00:17:59.360000;2016-01-29T00:17:59.470000;5abb2321-e61a-419f-a819-1342d70d3e29;375.9;0.1;SELL
2016-01-29T00:17:59.360000;2016-01-29T00:17:59.470000;424a46de-6087-4c27-b2f0-1a5f3cff539a;375.88;1.0;SELL
2016-01-29T00:17:59.360000;2016-01-29T00:17:59.470000;6598e168-efde-450c-b7b8-cdc48b40f054;375.87;0.01;SELL
2016-01-29T00:17:59.360000;2016-01-29T00:17:59.470000;a1bc01e8-c60a-4ad3-8037-90131f1681df;375.85;0.501;SELL
2016-01-29T00:17:59.360000;2016-01-29T00:17:59.503000;d78af842-b3ed-4e43-bd41-43cd9df157b1;375.8;0.1;SELL
2016-01-29T00:17:59.360000;2016-01-29T00:17:59.503000;8b796937-9abb-4756-adc5-7ebfd7e1a1ed;375.8;0.02;SELL
2016-01-29T00:17:59.360000;2016-01-29T00:17:59.503000;b88f46a9-6d40-4fcb-b474-1813a21149cc;375.7;0.1;SELL
2016-01-29T00:17:59.360000;2016-01-29T00:17:59.503000;45eb1e17-ebff-4580-b256-2c75dc283018;375.68;7.92;SELL
2016-01-29T00:17:59.360000;2016-01-29T00:17:59.503000;da3db6d0-3a6c-48ba-8cd5-76260617f29e;375.67;6.27298679;SELL
2016-01-29T00:18:00.537000;2016-01-29T00:18:00.580000;b0010822-e941-402a-a46b-f60956e1c906;376.25;5.758;BUY
2016-01-29T00:18:00.537000;2016-01-29T00:18:00.610000;bb338ad3-ad41-4042-b249-51b9a7382773;376.5;0.46585;BUY
2016-01-29T00:18:01.543000;2016-01-29T00:18:01.580000;af39fcae-4f7c-45b4-8f00-deeacc757d87;376.24;0.08058;BUY
2016-01-29T00:18:02.027000;2016-01-29T00:18:02.063000;86635bd9-55ad-4341-b8e2-7f7680c209d1;376.22;0.01;BUY
2016-01-29T00:18:11.353000;2016-01-29T00:18:11.393000;866014b1-fdf5-400f-9c0d-342154687c72;376.1;0.113;BUY
2016-01-29T00:18:13.227000;2016-01-29T00:18:13.253000;38f88061-d09d-4b57-8c3b-0bcbfc91bf53;376.1;0.0744;BUY
2016-01-29T00:18:30.540000;2016-01-29T00:18:30.580000;566c362f-ef0b-4cd8-95c5-0058f827b14b;376.1;4.2726;BUY
2016-01-29T00:18:30.540000;2016-01-29T00:18:30.597000;9c3a760f-0f34-4a0d-9f63-2baae2cea47e;376.1;0.068;BUY
2016-01-29T00:18:30.540000;2016-01-29T00:18:30.597000;5b54b2b6-08c4-4026-8a13-38c7b8845219;376.1;1.34305;BUY
2016-01-29T00:18:31.390000;2016-01-29T00:18:31.423000;9efcb452-292f-4d1f-a3a4-458730a04335;376.19;1.53109;BUY
2016-01-29T00:18:32.500000;2016-01-29T00:18:32.533000;0197f2fd-1e3e-4c0b-a1e0-3e5f8963c9a7;376.08;0.011;BUY
2016-01-29T00:18:34.257000;2016-01-29T00:18:34.300000;7b08cfbe-f690-4b13-a817-2b6c02e31808;376.04;0.01;SELL
2016-01-29T00:18:34.257000;2016-01-29T00:18:34.313000;3b8fc241-7214-4786-bbb8-37225cfd1855;376.03;0.01;SELL
2016-01-29T00:18:34.257000;2016-01-29T00:18:34.313000;bb74a532-e1bb-46e4-b155-1ed8a87ca512;375.99;2.216;SELL
2016-01-29T00:18:34.257000;2016-01-29T00:18:34.313000;b8b0fc86-299c-4829-aefa-06bb8eee94f7;375.76;0.02;SELL
2016-01-29T00:18:34.257000;2016-01-29T00:18:34.330000;aad53688-2a79-42d8-a26b-48ef1d0d9dc3;375.63;0.01;SELL
2016-01-29T00:18:34.257000;2016-01-29T00:18:34.330000;9b8b43e2-cac6-4686-92b3-9f0fa7964130;375.61;0.4658958;SELL
2016-01-29T00:18:34.257000;2016-01-29T00:18:34.330000;a0aad267-a91f-4060-b79d-de2c0bc99968;375.6;5.33;SELL
2016-01-29T00:18:34.257000;2016-01-29T00:18:34.330000;165f2745-836e-433d-8a9b-b33da291a8de;375.6;0.1;SELL
2016-01-29T00:18:34.257000;2016-01-29T00:18:34.330000;1f600cd3-2edc-4e31-8520-771d5672dd17;375.6;0.02;SELL
2016-01-29T00:18:34.257000;2016-01-29T00:18:34.330000;2658f513-d838-40c8-8656-95ccbd19bd2a;375.54;0.1;SELL
2016-01-29T00:18:34.257000;2016-01-29T00:18:34.330000;396d80e0-e8d5-4569-8136-3f7d6889a4d4;375.5;0.1;SELL
2016-01-29T00:18:34.257000;2016-01-29T00:18:34.330000;f3fb0515-b523-40b4-810b-27e5afcd45bf;375.5;1.6181042;SELL
2016-01-29T00:18:35.570000;2016-01-29T00:18:35.610000;189af7db-910e-4032-9fbd-8e12d6c94cf1;375.73;2.229;BUY
2016-01-29T00:18:36.117000;2016-01-29T00:18:36.157000;ee0bb5ef-7e23-4974-a7b2-12a64874d0e4;375.66;0.1;SELL
2016-01-29T00:18:36.117000;2016-01-29T00:18:36.157000;5344cb66-7c2c-4c95-b2fd-7f925da92299;375.51;0.37;SELL
2016-01-29T00:18:36.117000;2016-01-29T00:18:36.157000;fd916aa8-b71c-4348-bd21-7e8ab2ddb6a7;375.5;0.3818958;SELL
2016-01-29T00:18:36.117000;2016-01-29T00:18:36.173000;6f6882e6-1339-410b-a343-29ac49040a3e;375.43;0.16671493;SELL
2016-01-29T00:18:43.530000;2016-01-29T00:18:43.563000;0464b3c8-f06a-46e4-bd87-ab74c8fce33c;375.64;0.573;BUY
2016-01-29T00:18:48.360000;2016-01-29T00:18:48.393000;b5e345fb-deb6-45c6-a9c3-c67e3d63ebe3;375.63;0.25;BUY
2016-01-29T00:18:48.360000;2016-01-29T00:18:48.393000;d7a42f4f-5d5e-4115-8b59-dd9b3b577577;375.63;0.066;BUY
2016-01-29T00:18:48.360000;2016-01-29T00:18:48.423000;7fbcd8a0-d7dd-4de4-a00b-e2fb1f46fed3;375.72;0.53917;BUY
2016-01-29T00:18:51.310000;2016-01-29T00:18:51.347000;4825087b-e446-454c-a51c-343ae2a0fca2;375.7;0.074;BUY
2016-01-29T00:18:55.397000;2016-01-29T00:18:55.440000;9f692671-1cf2-46d9-b1ed-daee05b3058c;375.7;10.23;SELL
2016-01-29T00:18:55.397000;2016-01-29T00:18:55.457000;5b26db81-7ffa-4c9d-ac22-ab855c2b7ce9;375.7;0.37;SELL
2016-01-29T00:18:55.400000;2016-01-29T00:18:55.457000;96d112da-1f0a-4ff3-81dd-4c090a773f55;375.7;0.64;SELL
2016-01-29T00:18:55.400000;2016-01-29T00:18:55.457000;82e96ed5-b99a-4455-8a17-c89fd921c104;375.69;0.37;SELL
2016-01-29T00:18:55.400000;2016-01-29T00:18:55.457000;91a8f0f2-41d3-4134-9f07-85f3c3d24dd8;375.68;0.37;SELL
2016-01-29T00:18:55.400000;2016-01-29T00:18:55.457000;8bef5707-5ae7-4733-ab03-3189ca6f2aff;375.64;0.01;SELL
2016-01-29T00:18:55.400000;2016-01-29T00:18:55.487000;2138a5a1-b61d-48e6-a808-06a985e1d489;375.42;0.5;SELL
2016-01-29T00:18:55.400000;2016-01-29T00:18:55.487000;f1a014a9-8ca0-4956-8251-113b2009461f;375.42;25.0;SELL
2016-01-29T00:18:55.400000;2016-01-29T00:18:55.487000;efa69370-f0da-4fd0-ae3d-f7168d761b01;375.4;0.1;SELL
2016-01-29T00:18:55.400000;2016-01-29T00:18:55.487000;ce382514-4e01-4a0c-b70a-7bfc9641de0c;375.4;0.02;SELL
2016-01-29T00:18:55.400000;2016-01-29T00:18:55.487000;2cc9ab7b-7860-4a09-adde-2eb9ddfbdb48;375.3;0.1;SELL
2016-01-29T00:18:55.400000;2016-01-29T00:18:55.487000;836d9c33-dffc-4881-b878-b28c31cca37d;375.28;0.02;SELL
2016-01-29T00:18:55.400000;2016-01-29T00:18:55.487000;a58c3963-233a-4d0f-85ae-8c8a6740be32;375.21;0.0105;SELL
2016-01-29T00:18:55.400000;2016-01-29T00:18:55.487000;e8ed4ce7-4b92-4abb-8892-bc34209ce208;375.2;0.5;SELL
2016-01-29T00:18:55.400000;2016-01-29T00:18:55.487000;b4ba2ecc-1d03-4245-b888-fb32062629b3;375.2;0.1;SELL
2016-01-29T00:18:55.400000;2016-01-29T00:18:55.487000;78edca3b-0d6e-42b8-98c4-44d037b52616;375.2;0.02;SELL
2016-01-29T00:18:55.400000;2016-01-29T00:18:55.487000;5fe6adb7-6abd-4534-b4cb-0a21c1e07c0c;375.15;1.6485;SELL
2016-01-29T00:19:01.510000;2016-01-29T00:19:01.550000;c6f5a6f0-b5d3-4ddc-bd08-69d180c9123f;375.46;0.088;SELL
2016-01-29T00:19:01.510000;2016-01-29T00:19:01.550000;1c6a63ff-acb6-4f90-8288-5b4bad5bb0f6;375.46;0.84;SELL
2016-01-29T00:19:01.510000;2016-01-29T00:19:01.550000;e7509e3c-2d1c-4f3d-8c2d-9a9cfbc9fa0b;375.46;0.06;SELL
2016-01-29T00:19:01.510000;2016-01-29T00:19:01.580000;ca6c9160-04b3-4457-bbe7-66a12bd71aa9;375.46;0.02;SELL
2016-01-29T00:19:01.510000;2016-01-29T00:19:01.580000;263af649-620f-4ca1-a2cf-32a556fd6877;375.15;4.34227;SELL
2016-01-29T00:19:02.373000;2016-01-29T00:19:02.407000;d1dfc84d-7be4-4ac8-8e66-3f158161f170;375.64;0.01;BUY
2016-01-29T00:19:06.127000;2016-01-29T00:19:06.173000;82926b49-00b5-42f0-90e9-486d11879d36;375.21;0.01;SELL
2016-01-29T00:19:06.127000;2016-01-29T00:19:06.173000;c85d2774-1a5c-4b95-90e0-0ff72a59394e;375.2;0.01;SELL
2016-01-29T00:19:06.127000;2016-01-29T00:19:06.207000;d8720c6a-c4fd-4ab4-b9a6-86ac7263ed13;375.14;0.01;SELL
2016-01-29T00:19:06.127000;2016-01-29T00:19:06.207000;879c7832-cfec-41a6-a1c6-bf0c57241f63;375.12;0.05;SELL
2016-01-29T00:19:06.127000;2016-01-29T00:19:06.207000;d5312f1d-fc09-4821-85ce-d5fa84090a4e;375.1;0.1;SELL
2016-01-29T00:19:06.127000;2016-01-29T00:19:06.207000;2f0d2502-a064-4b1d-88bf-428fb1ecf4f0;375.1;0.3;SELL
2016-01-29T00:19:06.130000;2016-01-29T00:19:06.207000;36747979-f1ef-4ad6-8ce4-7a91d962b054;375.07;0.01;SELL
2016-01-29T00:19:06.130000;2016-01-29T00:19:06.207000;ae0cebcd-50c8-4a40-96d1-31272c6cf4dc;375.06;0.09366497;SELL
2016-01-29T00:19:06.130000;2016-01-29T00:19:06.207000;00e92fea-c038-4676-b032-28839eff28e8;375.05;2.777;SELL
2016-01-29T00:19:06.130000;2016-01-29T00:19:06.207000;bf2bedd3-7f81-4596-993d-b34e007bd3e3;375.04;0.104;SELL
2016-01-29T00:19:06.130000;2016-01-29T00:19:06.207000;306e8c57-e25e-479c-acfe-4263956bd5fd;375.03;0.127;SELL
2016-01-29T00:19:06.130000;2016-01-29T00:19:06.207000;8e313072-e209-4634-aed3-f00f1e378ee5;375.01;4.8;SELL
2016-01-29T00:19:06.130000;2016-01-29T00:19:06.220000;e2b9de64-6e83-44ab-be27-768eef66b342;375.0;1.0;SELL
2016-01-29T00:19:06.130000;2016-01-29T00:19:06.220000;51574087-1202-4f9a-8182-0e2240f2d249;375.0;5.0;SELL
2016-01-29T00:19:06.130000;2016-01-29T00:19:06.220000;db60a4a1-3519-4415-be5e-b84f79c9f7b7;375.0;0.05066667;SELL
2016-01-29T00:19:06.130000;2016-01-29T00:19:06.220000;68d53872-b458-44c0-91f8-1c51669c8ec9;375.0;0.01003;SELL
2016-01-29T00:19:06.130000;2016-01-29T00:19:06.220000;fdc45a92-1bb6-4bda-957a-7c79a59475c6;375.0;0.303;SELL
2016-01-29T00:19:06.130000;2016-01-29T00:19:06.220000;ae11b8c9-9201-437e-8f2e-610e234b2145;375.0;0.04;SELL
2016-01-29T00:19:06.130000;2016-01-29T00:19:06.237000;b99c90f9-8c1b-402f-ba90-932a1dc928fd;375.0;15.83;SELL
2016-01-29T00:19:06.130000;2016-01-29T00:19:06.237000;b16368aa-5bb3-421e-a223-f58a5ebaf656;375.0;0.5;SELL
2016-01-29T00:19:06.130000;2016-01-29T00:19:06.237000;4a88422f-4293-4917-80cd-5bc25475973c;375.0;2.0;SELL
2016-01-29T00:19:06.130000;2016-01-29T00:19:06.253000;ffad7506-ba53-40de-9cad-547353aae894;375.0;6.6;SELL
2016-01-29T00:19:06.130000;2016-01-29T00:19:06.253000;2501551e-1ee2-49e5-b1ee-a9a0a9133475;375.0;1.0;SELL
2016-01-29T00:19:06.130000;2016-01-29T00:19:06.253000;3a03d075-84d7-4797-a183-db51daf97aa8;375.0;1.1;SELL
2016-01-29T00:19:06.130000;2016-01-29T00:19:06.253000;1ad05668-8d58-421d-a2ad-dde14822c79c;375.0;0.01;SELL
2016-01-29T00:19:06.130000;2016-01-29T00:19:06.253000;21a54cc7-2466-4065-bfe7-e855138b2c12;375.0;0.1;SELL
2016-01-29T00:19:06.130000;2016-01-29T00:19:06.253000;5fb8de76-8a26-4177-8915-f2a9b3cb1873;375.0;1.0;SELL
2016-01-29T00:19:06.130000;2016-01-29T00:19:06.253000;25461595-0f3c-4215-9072-1a66b4089b16;375.0;0.05;SELL
2016-01-29T00:19:06.130000;2016-01-29T00:19:06.253000;4544ac5b-2d70-4260-9742-48062754dbaf;375.0;0.02;SELL
2016-01-29T00:19:06.130000;2016-01-29T00:19:06.253000;6b5217ea-d5dd-4168-b078-5aedaa0bfc5b;375.0;0.267;SELL
2016-01-29T00:19:06.133000;2016-01-29T00:19:06.267000;104888bd-21d3-4561-8589-c3b88788e15b;375.0;0.1;SELL
2016-01-29T00:19:06.133000;2016-01-29T00:19:06.267000;c24750b8-d674-47f8-b81c-4c64ca5b44ce;375.0;0.0343966;SELL
2016-01-29T00:19:06.133000;2016-01-29T00:19:06.267000;b3cf4a63-67cd-4d25-abdf-d46925b0f79f;374.99;0.219;SELL
2016-01-29T00:19:06.133000;2016-01-29T00:19:06.267000;76d4c2c6-d27e-4309-89cb-e5538434426b;374.98;0.38625215;SELL
2016-01-29T00:19:06.133000;2016-01-29T00:19:06.267000;f7024fb6-cad3-4104-8cae-f32096de6b9c;374.98;0.65;SELL
2016-01-29T00:19:06.133000;2016-01-29T00:19:06.267000;e9697c8d-0e03-48b2-aee7-a3c4b1b6c024;374.91;0.01;SELL
2016-01-29T00:19:06.133000;2016-01-29T00:19:06.267000;c336ee43-5983-4123-97f5-78efa27aae50;374.8;0.02;SELL
2016-01-29T00:19:06.133000;2016-01-29T00:19:06.267000;b18bd5aa-3fc9-4ec9-94a2-60813b8a423e;374.8;0.02;SELL
2016-01-29T00:19:06.133000;2016-01-29T00:19:06.283000;72544c09-5a3c-4ba8-960b-b982b1d70915;374.75;2.0;SELL
2016-01-29T00:19:06.133000;2016-01-29T00:19:06.283000;179aede6-5fcf-484b-b450-9ed03e20d661;374.6;0.02;SELL
2016-01-29T00:19:06.133000;2016-01-29T00:19:06.283000;1b92e7a5-6c31-4b5a-8342-acad3adabf99;374.4;0.02;SELL
2016-01-29T00:19:06.133000;2016-01-29T00:19:06.283000;3810acc6-56f9-4c99-992b-2fbc44b79577;374.4;4.67;SELL
2016-01-29T00:19:06.133000;2016-01-29T00:19:06.313000;7b8ce2c0-9d36-493c-939b-7d773fcd5275;374.4;54.26;SELL
2016-01-29T00:19:06.133000;2016-01-29T00:19:06.313000;8aa7de67-8dfd-4d77-801a-0c58fa8ae0f9;374.39;4.2885794;SELL
2016-01-29T00:19:06.510000;2016-01-29T00:19:06.550000;a3adceda-ca5a-472a-87bd-19058c72f98c;375.52;0.01;BUY
2016-01-29T00:19:06.510000;2016-01-29T00:19:06.563000;fc3a9333-e3c9-4690-88b7-e4fb1c5c1099;375.53;0.01;BUY
2016-01-29T00:19:06.510000;2016-01-29T00:19:06.563000;e4ec9c9a-e809-426b-b4d9-ec4e24695cd4;375.53;1.26;BUY
2016-01-29T00:19:06.510000;2016-01-29T00:19:06.563000;46528e11-79f8-4c52-b34c-58b84dc1b3c0;375.54;0.712;BUY
2016-01-29T00:19:07.650000;2016-01-29T00:19:07.690000;4f4a8c7f-1c3e-4e4f-9b4a-a7a12623de34;375.23;0.01;SELL
2016-01-29T00:19:07.650000;2016-01-29T00:19:07.690000;5db954e3-4ad2-4d6b-825e-4292c4d8dcf9;375.22;0.01;SELL
2016-01-29T00:19:07.650000;2016-01-29T00:19:07.707000;c0210c4a-7a35-4bf0-9ef3-edc8c5f9b88d;375.22;0.66;SELL
2016-01-29T00:19:07.650000;2016-01-29T00:19:07.707000;f428bbed-980b-41c6-aa36-ba6edc60f6f1;375.19;0.24491249;SELL
2016-01-29T00:19:14.517000;2016-01-29T00:19:14.563000;6901e8f7-101d-4e4c-9942-0e72a75dbe7b;374.91;0.25;BUY
2016-01-29T00:19:14.517000;2016-01-29T00:19:14.563000;6e9d9d78-1ccb-4868-816d-db02abb961e0;374.93;0.097;BUY
2016-01-29T00:19:14.890000;2016-01-29T00:19:14.923000;6074444f-5619-4b56-a3b4-18f1cf0fdce0;374.91;0.106;BUY
2016-01-29T00:19:16.733000;2016-01-29T00:19:16.767000;44c6f0ee-add8-4998-a8b6-bda34c8ab8fe;374.7;0.01;SELL
2016-01-29T00:19:16.733000;2016-01-29T00:19:16.767000;6217c177-43da-4ef7-842f-742bd9049f24;374.69;0.01;SELL
2016-01-29T00:19:16.733000;2016-01-29T00:19:16.767000;ac9d2ede-664d-476c-af87-35f0760e0d2d;374.63;2.0;SELL
2016-01-29T00:19:16.733000;2016-01-29T00:19:16.767000;1d9f29d8-87a3-4090-96aa-66ae898ac032;374.4;0.24;SELL
2016-01-29T00:19:16.733000;2016-01-29T00:19:16.800000;f2d87e1e-ce4a-4fdf-8d76-15962e670ec1;374.37;1.85;SELL
2016-01-29T00:19:16.733000;2016-01-29T00:19:16.800000;5f865226-9314-440e-9ed0-688a6adafecf;374.36;0.12;SELL
2016-01-29T00:19:18.120000;2016-01-29T00:19:18.157000;e7f9c535-45df-4834-bce6-51916e9dbc03;374.8;0.18;BUY
2016-01-29T00:19:18.333000;2016-01-29T00:19:18.377000;482de8de-7f99-463d-83be-6e1944faf45e;374.79;0.25;BUY
2016-01-29T00:19:18.333000;2016-01-29T00:19:18.377000;eab67202-87a4-48f8-9f3e-3cf9b9cd9d76;374.79;0.03;BUY
2016-01-29T00:19:22.870000;2016-01-29T00:19:22.907000;58c95631-02d5-46e7-b2a7-07706ed1aa91;374.76;1.867;BUY
2016-01-29T00:19:24.030000;2016-01-29T00:19:24.063000;17a45e0c-47fd-4c61-b9dc-dc24e393aa1d;374.73;10.05;BUY
2016-01-29T00:19:24.030000;2016-01-29T00:19:24.063000;998bc638-8def-4fa3-8e96-53894726ed24;374.74;4.56;BUY
2016-01-29T00:19:24.030000;2016-01-29T00:19:24.063000;e7732a2d-fd6e-48c5-8b1b-3e1ae0b1e7cc;374.76;0.091;BUY
2016-01-29T00:19:24.030000;2016-01-29T00:19:24.080000;ebbaad5f-1976-49bc-8231-16ef2b6ee28d;374.86;2.64;BUY
2016-01-29T00:19:24.030000;2016-01-29T00:19:24.080000;45897218-3e09-4624-a4d2-6d4fd310bbcf;374.87;0.01;BUY
2016-01-29T00:19:24.030000;2016-01-29T00:19:24.080000;98428436-edc6-4af6-a583-cf058eb5bf11;374.87;2.64;BUY
2016-01-29T00:19:24.030000;2016-01-29T00:19:24.080000;40c541b9-6d73-411d-af5e-b7abd0ff172c;374.88;0.01;BUY
2016-01-29T00:19:24.030000;2016-01-29T00:19:24.097000;69cb9c4b-d584-40c3-8f79-aa2f7f758ca2;374.88;4.999;BUY
2016-01-29T00:19:24.767000;2016-01-29T00:19:24.800000;7a3ec666-9b69-4ac7-ae1e-5ddcd4233d83;374.6;0.5;SELL
2016-01-29T00:19:30.657000;2016-01-29T00:19:30.690000;51aff660-3cd2-43c6-ab06-58df6c69d506;374.95;0.198;BUY
2016-01-29T00:19:31.433000;2016-01-29T00:19:31.470000;ee2e1696-da05-4abe-b717-d5b4f24e8864;374.94;1.77952;BUY
2016-01-29T00:19:35.133000;2016-01-29T00:19:35.157000;44e0397c-c5c2-4c74-852a-6ac80c3616f0;374.83;0.103;SELL
2016-01-29T00:19:36.383000;2016-01-29T00:19:36.423000;80273dd9-55c3-408e-bb57-a91a8b2c6c2d;374.97;0.02;BUY
2016-01-29T00:19:36.437000;2016-01-29T00:19:36.470000;0306d4a6-c491-4907-909e-041ddfb97653;374.97;0.23;BUY
2016-01-29T00:19:36.437000;2016-01-29T00:19:36.487000;6ce0065b-fa03-497b-b125-29f839235b99;374.99;0.05;BUY
2016-01-29T00:19:36.837000;2016-01-29T00:19:36.877000;d2d8e39a-d093-414f-b9c7-274acd986821;374.99;0.02885998;BUY
2016-01-29T00:19:38.280000;2016-01-29T00:19:38.313000;dd02f942-ac41-4401-bb4e-4e88ecf585c7;374.98;0.223;BUY
2016-01-29T00:19:43.337000;2016-01-29T00:19:43.393000;9875359f-0924-4ce6-b0fa-d188b0d23f5a;374.98;0.25;BUY
2016-01-29T00:19:46.123000;2016-01-29T00:19:46.157000;5978615a-c45d-4fb0-ad5f-d1b2af88995a;374.99;0.113;BUY
2016-01-29T00:19:51.887000;2016-01-29T00:19:51.907000;f0d19aa1-f2c8-44c0-a76a-a0e26864ff88;374.98;0.12;SELL
2016-01-29T00:19:51.887000;2016-01-29T00:19:51.940000;9e41936a-e28a-47f4-be41-1e7aea3c50df;374.98;0.08;SELL
2016-01-29T00:19:52.360000;2016-01-29T00:19:52.393000;a5661dbe-d3fe-436e-b3cf-7fc423a204bc;374.99;0.13290063;BUY
2016-01-29T00:19:58.730000;2016-01-29T00:19:58.767000;fac6008a-1ba3-434e-8013-fa6262ff6d3a;374.99;0.00409937;BUY
2016-01-29T00:19:58.730000;2016-01-29T00:19:58.767000;e7682f0f-b83f-4f72-80d9-b0b48d92e6e0;374.99;0.96;BUY
2016-01-29T00:19:58.730000;2016-01-29T00:19:58.767000;4d369cff-807e-41af-86f4-3d72896c1ba6;375.0;9.07508751;BUY
2016-01-29T00:19:58.730000;2016-01-29T00:19:58.767000;38840a2b-f915-4117-b0bd-5c03f447f8c4;375.22;0.963;BUY
2016-01-29T00:19:58.730000;2016-01-29T00:19:58.767000;0b5ffa96-6acf-4fa8-bb2a-89e1d93ecf78;375.49;0.01;BUY
2016-01-29T00:19:58.730000;2016-01-29T00:19:58.783000;fcd54a07-e242-471e-b4f4-a750d8771313;375.5;0.01;BUY
2016-01-29T00:19:58.730000;2016-01-29T00:19:58.783000;346106d8-1688-49d8-b37c-84d52d95e0a5;375.5;0.94;BUY
2016-01-29T00:19:58.730000;2016-01-29T00:19:58.783000;fb2670d6-2ea0-4829-85f3-7bf03270f539;375.55;1.06496546;BUY
2016-01-29T00:19:58.733000;2016-01-29T00:19:58.783000;5896f397-f3fc-48f8-ac25-f1a07239d4a8;375.62;0.01;BUY
2016-01-29T00:19:58.733000;2016-01-29T00:19:58.783000;f0e7f9c4-c994-4836-826b-990c2fc8d6a1;375.67;0.964;BUY
2016-01-29T00:19:58.733000;2016-01-29T00:19:58.783000;6a2085e7-bc45-4b14-8fa0-94ee84ea7cd7;375.71;0.94;BUY
2016-01-29T00:19:58.733000;2016-01-29T00:19:58.800000;61b0f157-16d5-400e-87bc-102db213cf33;375.8;0.02;BUY
2016-01-29T00:19:58.733000;2016-01-29T00:19:58.800000;84115b42-96ad-4662-9456-7f781b0b2a43;375.82;0.01;BUY
2016-01-29T00:19:58.733000;2016-01-29T00:19:58.800000;3469a29b-47bc-4ec3-8652-946530f3bf82;375.95;0.01;BUY
2016-01-29T00:20:01.477000;2016-01-29T00:20:01.503000;400b1327-47e9-4db6-b336-6379a50974b7;376.04;0.23647;SELL
2016-01-29T00:20:02.873000;2016-01-29T00:20:02.907000;541afb07-3e96-42ba-8702-952e4d6c94ea;376.06;0.01;BUY
2016-01-29T00:20:16.913000;2016-01-29T00:20:16.940000;f010f850-17b0-4628-85c8-2e5ade37612e;376.06;0.24;BUY
2016-01-29T00:20:16.913000;2016-01-29T00:20:16.957000;a5bed016-0751-4bab-854e-a2c251eae5f6;376.21;0.01;BUY
2016-01-29T00:20:16.913000;2016-01-29T00:20:16.957000;72d51584-7eb8-4c87-be1b-1537467425d6;376.22;0.01;BUY
2016-01-29T00:20:16.913000;2016-01-29T00:20:16.957000;5cfc1b8e-09ac-44f2-8830-2b1af4c277f4;376.28;0.02;BUY
2016-01-29T00:20:16.913000;2016-01-29T00:20:16.957000;1f8e4375-76a0-4749-8e1a-19b5f9f24cea;376.28;0.4515;BUY
2016-01-29T00:20:16.913000;2016-01-29T00:20:16.957000;ec4e5626-ad78-4b67-b7a3-8dffc12a7cd9;376.61;0.28106704;BUY
2016-01-29T00:20:30.127000;2016-01-29T00:20:30.173000;62fdb00d-64c5-4e3e-934d-17c440d30f19;376.63;0.01;BUY
2016-01-29T00:20:30.127000;2016-01-29T00:20:30.173000;ce0fc854-8973-444c-9e2b-756ade59a32d;376.7;0.01;BUY
2016-01-29T00:20:30.127000;2016-01-29T00:20:30.173000;dd0599c3-8bd8-4808-b3fd-0d8b8f4e09bc;376.72;0.14920192;BUY
2016-01-29T00:20:31.473000;2016-01-29T00:20:31.503000;38ebe6d2-3900-479f-bfa3-75301b865604;376.72;2.28679808;BUY
2016-01-29T00:20:31.473000;2016-01-29T00:20:31.503000;03bc63bb-5f8e-442a-aba3-0e5693538149;376.73;0.67240192;BUY
2016-01-29T00:20:37.233000;2016-01-29T00:20:37.283000;54ef3fdc-f550-44ad-b211-cc72e9314e90;376.66;0.711;SELL
2016-01-29T00:20:44.737000;2016-01-29T00:20:44.767000;42ee293e-c56e-44a7-ab43-8150756898e8;376.7;0.704;SELL
2016-01-29T00:21:02.040000;2016-01-29T00:21:02.080000;ccfb5664-d3a9-42a7-9d3a-abc40413eef4;376.71;0.01;BUY
2016-01-29T00:21:05.060000;2016-01-29T00:21:05.080000;1ddc1f7d-7728-4558-af18-3b5cdfdba488;376.7;0.272;SELL
2016-01-29T00:21:06.473000;2016-01-29T00:21:06.517000;42546b32-3603-449d-a35c-292fec2e95a6;376.71;0.24;BUY
2016-01-29T00:21:06.473000;2016-01-29T00:21:06.517000;734e71bc-0914-410f-8641-c9b834939ae5;376.76;0.01;BUY
2016-01-29T00:21:06.820000;2016-01-29T00:21:06.847000;18150f44-4c23-4011-8326-890a8c7d162f;376.71;5.74;SELL
2016-01-29T00:21:07.763000;2016-01-29T00:21:07.800000;3eba78f1-5f2e-4359-87b7-95d10b12cbad;376.73;0.072;SELL
2016-01-29T00:21:17.280000;2016-01-29T00:21:17.313000;a7a9cfd8-8406-407e-8c7a-e1f1aadfd945;376.75;0.618;SELL
2016-01-29T00:21:20.163000;2016-01-29T00:21:20.190000;56621d88-1587-4307-af6e-dca1493447ec;376.76;0.01;BUY
2016-01-29T00:21:24.463000;2016-01-29T00:21:24.517000;758842fa-7de2-4b9c-ad92-9860c0182f3c;376.75;0.102;SELL
2016-01-29T00:21:31.520000;2016-01-29T00:21:31.550000;40bba2bf-60c3-4ddd-b53b-6de6ed64a738;376.76;0.047;BUY
2016-01-29T00:21:31.520000;2016-01-29T00:21:31.563000;fb311994-6869-4fe6-953a-404ddef3485b;376.79;0.25;BUY
2016-01-29T00:21:31.520000;2016-01-29T00:21:31.563000;94dec3b4-930f-4af9-8e79-23e0ebeb2e34;376.8;0.01;BUY
2016-01-29T00:21:31.520000;2016-01-29T00:21:31.563000;68004d8c-0b8a-48f1-a33b-e49abf6c912b;376.8;0.01;BUY
2016-01-29T00:21:31.523000;2016-01-29T00:21:31.563000;50956a02-f4b8-49fc-8db0-b84b02bc96ea;376.84;0.01;BUY
2016-01-29T00:21:31.523000;2016-01-29T00:21:31.563000;1cba21ce-191e-4bf0-957d-39b8eb6d0a0f;376.85;0.38529132;BUY
2016-01-29T00:21:31.523000;2016-01-29T00:21:31.563000;32e0e287-3b07-4d02-a527-a64837a8c73a;376.91;0.01;BUY
2016-01-29T00:21:31.523000;2016-01-29T00:21:31.580000;b12e063d-5f5e-45a7-85ce-c2b750a1a4b3;376.92;0.01;BUY
2016-01-29T00:21:31.523000;2016-01-29T00:21:31.580000;9248d90b-7402-4499-aa1c-dad76ab1c636;376.92;0.01;BUY
2016-01-29T00:21:31.523000;2016-01-29T00:21:31.580000;46bdac24-fca6-487c-a848-c368704e802e;376.92;0.116;BUY
2016-01-29T00:21:31.523000;2016-01-29T00:21:31.580000;ba9a8781-dd63-462b-8f57-1451975455a5;376.92;2.72490868;BUY
2016-01-29T00:21:32.060000;2016-01-29T00:21:32.097000;96bb3437-2497-49fe-bff8-f9a0f433cd54;376.75;0.02;SELL
2016-01-29T00:21:32.060000;2016-01-29T00:21:32.110000;d280fb99-7453-433f-9d83-0e1d70c493f8;376.75;0.37;SELL
2016-01-29T00:21:32.060000;2016-01-29T00:21:32.110000;79adfd27-bf1e-4c77-a676-8b5cdb0b32db;376.72;0.01;SELL
2016-01-29T00:21:32.060000;2016-01-29T00:21:32.110000;248660c1-8155-4173-b103-27348ca35b11;376.71;0.01;SELL
2016-01-29T00:21:32.063000;2016-01-29T00:21:32.110000;5ace90e3-5907-4a54-80a6-ed03ca5f2f58;376.7;0.185;SELL
2016-01-29T00:21:39.283000;2016-01-29T00:21:39.313000;65de86b9-7b38-4e35-83fb-79ecf03997e3;376.76;0.37;SELL
2016-01-29T00:21:39.283000;2016-01-29T00:21:39.330000;f831364f-e4b5-4be2-873a-eea8809e2069;376.71;0.01;SELL
2016-01-29T00:21:41.030000;2016-01-29T00:21:41.050000;7039dd33-913b-4d4d-8c04-fa762826c3ec;376.71;0.08549368;BUY
2016-01-29T00:21:47.823000;2016-01-29T00:21:47.847000;6a47cf9f-d8f3-4c48-8f78-b3e2a413fefb;376.71;0.02325;BUY
2016-01-29T00:22:01.903000;2016-01-29T00:22:01.923000;17038293-513d-4ded-aa61-af19c362d7af;376.71;0.26044;BUY
2016-01-29T00:22:02.080000;2016-01-29T00:22:02.110000;4973ef22-cd5d-4b92-8828-859062c9fda1;376.71;0.01;BUY
2016-01-29T00:22:03.807000;2016-01-29T00:22:03.830000;427b60ed-a2a7-4dbd-a436-2c522616e7d2;376.71;0.27656;BUY
2016-01-29T00:22:03.807000;2016-01-29T00:22:03.847000;9aa79894-522e-4e17-b1b4-106a4620826e;376.71;0.74;BUY
2016-01-29T00:22:03.807000;2016-01-29T00:22:03.847000;917d08da-917d-48ef-9c80-cf71464474e1;376.71;0.03;BUY
2016-01-29T00:22:09.860000;2016-01-29T00:22:09.877000;04cca541-135b-48a9-8a3c-6d3ccd45eac8;376.72;0.089;SELL
2016-01-29T00:22:31.613000;2016-01-29T00:22:31.643000;1cc08a35-3123-46cb-bdb8-05d39542c067;376.72;4.13596;SELL
2016-01-29T00:22:33.220000;2016-01-29T00:22:33.237000;a48bd16f-069b-42bd-84e2-0a08724b3fa2;376.72;0.49353239;SELL
2016-01-29T00:22:52.433000;2016-01-29T00:22:52.457000;23f47774-5d02-4b96-90a3-a657131647a9;376.73;0.02483854;BUY
2016-01-29T00:22:57.107000;2016-01-29T00:22:57.127000;da499925-8cdd-46b7-a38f-802c77406a4f;376.72;0.311;SELL
2016-01-29T00:23:01.480000;2016-01-29T00:23:01.517000;a64a652a-1d96-4701-b260-41f64862f9e2;376.73;0.22516146;BUY
2016-01-29T00:23:01.480000;2016-01-29T00:23:01.517000;3f233250-859c-4229-af89-7d5d8889c875;376.73;0.01;BUY
2016-01-29T00:23:01.480000;2016-01-29T00:23:01.517000;17eacdf0-ef3f-42c3-9d82-008c837ee9ad;376.79;0.01;BUY
2016-01-29T00:23:01.480000;2016-01-29T00:23:01.533000;bdd816dc-8f88-4662-946a-f0922f5a93de;376.79;0.01;BUY
2016-01-29T00:23:01.480000;2016-01-29T00:23:01.533000;1167c096-7f33-4db8-ac41-5eaa9c74e5a9;376.79;0.116;BUY
2016-01-29T00:23:01.480000;2016-01-29T00:23:01.533000;6a216916-3fd3-4d56-bed7-a3f5bcd0e060;376.8;0.01;BUY
2016-01-29T00:23:01.480000;2016-01-29T00:23:01.533000;4e6a714a-13b8-4164-93cd-e41444efea22;376.82;0.101;BUY
2016-01-29T00:23:01.480000;2016-01-29T00:23:01.533000;8c71940f-317a-4f0e-9508-1e79113e18a2;376.91;0.41622854;BUY
2016-01-29T00:23:01.943000;2016-01-29T00:23:01.970000;309b9efe-9b7d-40ab-8325-32892b9a9188;376.79;0.01;BUY
2016-01-29T00:23:04.017000;2016-01-29T00:23:04.050000;0f26aaff-2770-4835-8e69-e49f31f774a0;376.79;0.228;SELL
2016-01-29T00:23:10.047000;2016-01-29T00:23:10.063000;b9b10b89-22f4-4fbd-817e-cb7cd56b5c59;376.85;0.459;SELL
2016-01-29T00:23:13.233000;2016-01-29T00:23:13.253000;566e7d6b-60e5-4995-97b4-ae5e1a54289b;376.85;0.156;SELL
2016-01-29T00:23:19.437000;2016-01-29T00:23:19.457000;3f37d55c-7f52-479c-91c0-a1d8b4ea7b84;376.85;0.127;SELL
2016-01-29T00:23:26.043000;2016-01-29T00:23:26.063000;d84f0efc-ff4a-41f0-bbdf-51d2939c9501;376.85;0.095;SELL
2016-01-29T00:23:30.500000;2016-01-29T00:23:30.533000;16715950-ce2a-44e7-8099-c051f2d43509;376.85;0.125;SELL
2016-01-29T00:23:31.500000;2016-01-29T00:23:31.517000;d70b3a7e-2e31-4c2c-92d9-2a5802f28e08;376.86;0.25;BUY
2016-01-29T00:23:31.500000;2016-01-29T00:23:31.550000;b7aa2647-dcee-463a-acba-f3f9dccf571c;376.91;0.84;BUY
2016-01-29T00:23:31.500000;2016-01-29T00:23:31.550000;f9dd5b1e-ffdd-494d-b35f-65710bf07143;376.92;3.54807811;BUY
2016-01-29T00:23:31.500000;2016-01-29T00:23:31.550000;ce858bb6-a333-4ab4-b5d7-bd580f0e32a7;376.93;1.95953189;BUY
2016-01-29T00:23:34.280000;2016-01-29T00:23:34.300000;3c459813-bd99-47ac-b21b-37d62b5c3195;376.87;0.158;SELL
2016-01-29T00:23:40.567000;2016-01-29T00:23:40.580000;1b251f72-5e05-44d2-a455-6275ca38f744;376.87;0.082;SELL
2016-01-29T00:23:57.677000;2016-01-29T00:23:57.690000;db6753c9-867b-434d-8f93-1ba47ce7c0a0;376.86;0.01;SELL
2016-01-29T00:24:01.463000;2016-01-29T00:24:01.503000;c0e82e64-3668-4123-b808-f89aaa022042;376.85;0.25;BUY
2016-01-29T00:24:01.463000;2016-01-29T00:24:01.503000;98ed59b5-c637-4ce1-8da6-4e8377ab4288;376.86;0.298;BUY
2016-01-29T00:24:01.463000;2016-01-29T00:24:01.503000;09609516-e7e0-4904-8079-e5a43064a809;376.9;0.429;BUY
2016-01-29T00:24:01.463000;2016-01-29T00:24:01.503000;b1b1610b-6620-46c7-b55d-3358bcab420e;376.93;4.40946811;BUY
2016-01-29T00:24:01.463000;2016-01-29T00:24:01.503000;94fae3ec-ad01-430e-98f7-d8b6f8f94871;376.94;0.01;BUY
2016-01-29T00:24:01.463000;2016-01-29T00:24:01.517000;78652d18-2b5e-4da1-9bd4-484951fe76fd;376.95;0.01;BUY
2016-01-29T00:24:01.463000;2016-01-29T00:24:01.517000;97fa7ddb-2114-4c49-a745-29d9d1cfab5b;376.95;0.01;BUY
2016-01-29T00:24:01.463000;2016-01-29T00:24:01.517000;4e78f9f7-c560-4ad7-8a7a-7bfa9b7a8a03;376.95;0.01;BUY
2016-01-29T00:24:01.463000;2016-01-29T00:24:01.517000;3574a152-8704-4be5-99cc-85f1f5d11139;377.03;0.01;BUY
2016-01-29T00:24:01.463000;2016-01-29T00:24:01.517000;abea40c3-54a0-4fa3-ac1a-cf3a7ac21284;377.04;0.01;BUY
2016-01-29T00:24:01.463000;2016-01-29T00:24:01.517000;c3ecdf32-62cb-4608-b961-239b9b930fd7;377.04;1.55305189;BUY
2016-01-29T00:24:01.817000;2016-01-29T00:24:01.847000;ba192456-e719-474d-a4d7-423eafee4c59;377.05;0.01;BUY
2016-01-29T00:24:13.790000;2016-01-29T00:24:13.800000;28c585d5-7767-4522-be8c-e5d838fda154;376.89;0.01;SELL
2016-01-29T00:24:13.790000;2016-01-29T00:24:13.813000;90601378-7917-43e3-bc7a-1e83ae4bc2a7;376.87;0.01;SELL
2016-01-29T00:24:20.607000;2016-01-29T00:24:20.627000;dd1cbe59-3153-48fd-9a16-6ad15d1dfc78;376.88;0.25883588;SELL
2016-01-29T00:24:20.873000;2016-01-29T00:24:20.907000;fddb6a19-f7be-44e2-a867-bf7d1a9ba2a3;376.88;0.376;SELL
2016-01-29T00:24:32.440000;2016-01-29T00:24:32.457000;7f8560ca-d0c4-4498-b179-4a90890d6f8c;376.89;0.25;BUY
2016-01-29T00:24:32.440000;2016-01-29T00:24:32.470000;e2008886-b375-4816-bc45-c46f57f88945;376.93;1.36424;BUY
2016-01-29T00:24:43.223000;2016-01-29T00:24:43.237000;470fa58e-c5a6-4c7b-b8d1-05ca078d2c45;376.9;0.27;SELL
2016-01-29T00:24:50.587000;2016-01-29T00:24:50.597000;ae6a34d3-deb6-4bd9-87a1-1a3cc6f259d7;376.89;0.01;SELL
2016-01-29T00:24:50.587000;2016-01-29T00:24:50.610000;8ae5616f-8038-46d7-818b-f959c69f3be9;376.89;0.338;SELL
2016-01-29T00:25:01.600000;2016-01-29T00:25:01.610000;08822b6d-b8e8-4dea-854e-df3071acae5d;376.9;0.25;BUY
2016-01-29T00:25:01.600000;2016-01-29T00:25:01.627000;1fd8a820-3435-4309-9ee1-bc7550210f46;376.91;0.03356;BUY
2016-01-29T00:25:02.130000;2016-01-29T00:25:02.157000;c3626c5b-1428-4371-aa98-8f5098db56db;376.9;0.01;BUY
2016-01-29T00:25:03.090000;2016-01-29T00:25:03.110000;f34892fd-0302-45e6-aa52-a7344380c5d5;376.9;0.1911;BUY
2016-01-29T00:25:03.123000;2016-01-29T00:25:03.143000;04d9c11a-ccdf-475b-b765-18814bd7d799;376.9;0.0589;BUY
2016-01-29T00:25:03.123000;2016-01-29T00:25:03.143000;269caf00-9fed-4528-9fbd-b2ea23e4eb8c;376.91;0.2531;BUY
2016-01-29T00:25:21.810000;2016-01-29T00:25:21.830000;1f144c82-175d-49f1-8933-a6dfb2fb893d;376.91;0.162;BUY
2016-01-29T00:25:26.497000;2016-01-29T00:25:26.517000;938e0db4-0a88-4682-9093-d3e8e1d8ffa7;376.9;0.195;SELL
2016-01-29T00:25:30.467000;2016-01-29T00:25:30.503000;41bcad62-a2c0-48ab-a921-55124684a997;376.91;0.088;BUY
2016-01-29T00:25:30.467000;2016-01-29T00:25:30.503000;48568479-8395-445a-9a65-2c86af819e24;376.91;0.14;BUY
2016-01-29T00:25:30.467000;2016-01-29T00:25:30.503000;fa73e89f-d867-4276-b352-a8bc96786884;376.91;0.3;BUY
2016-01-29T00:25:30.467000;2016-01-29T00:25:30.503000;face7757-5440-413b-8366-7beb512acc9f;376.94;0.322;BUY
2016-01-29T00:25:30.467000;2016-01-29T00:25:30.503000;fdcaf90c-ed58-45d7-a0ae-2a64d115f745;376.95;0.01;BUY
2016-01-29T00:25:30.467000;2016-01-29T00:25:30.503000;f26476d0-ea39-40d2-ad1e-b1ea6b083735;376.97;0.01;BUY
2016-01-29T00:25:30.467000;2016-01-29T00:25:30.517000;f761e27c-71c1-4377-8d26-009513deda7a;376.97;0.01;BUY
2016-01-29T00:25:30.467000;2016-01-29T00:25:30.533000;dff30e97-4e49-4733-8f03-102b5f26e283;376.97;0.315;BUY
2016-01-29T00:25:30.467000;2016-01-29T00:25:30.533000;6b6e30f6-10f4-40c6-9413-9d19ff9ac250;377.0;5.0;BUY
2016-01-29T00:25:30.467000;2016-01-29T00:25:30.533000;f09f7ac3-1fdb-4680-a5ef-a1f276a0ea44;377.05;0.184;BUY
2016-01-29T00:25:30.467000;2016-01-29T00:25:30.533000;3214fd36-eaab-44f0-90b6-c6b1d04b628a;377.07;0.01;BUY
2016-01-29T00:25:30.467000;2016-01-29T00:25:30.533000;3f19581c-95bb-4a59-9d17-292a203420cc;377.09;0.01;BUY
2016-01-29T00:25:30.470000;2016-01-29T00:25:30.533000;3874959e-5cdf-4956-a4ea-6bcf7f637158;377.1;0.01;BUY
2016-01-29T00:25:30.470000;2016-01-29T00:25:30.533000;6684ae1f-4af4-462f-adec-d38081d3c2d3;377.1;0.01;BUY
2016-01-29T00:25:30.470000;2016-01-29T00:25:30.533000;d98d0f0f-035d-4691-9caa-bbb127d5ecef;377.12;0.155;BUY
2016-01-29T00:25:30.470000;2016-01-29T00:25:30.533000;18e2d14b-bafd-48a9-9261-23f4fbb2f268;377.13;1.1911;BUY
2016-01-29T00:25:31.813000;2016-01-29T00:25:31.830000;db6dd0ce-6cd0-4b22-a33e-984376da44ad;377.11;0.01;BUY
2016-01-29T00:25:31.813000;2016-01-29T00:25:31.830000;be2e1f02-d84d-4777-b412-e6c41a4c20c7;377.11;0.24;BUY
2016-01-29T00:25:31.813000;2016-01-29T00:25:31.830000;e01c4f4e-2e56-4c5f-801e-ea04bdbbe717;377.12;0.36;BUY
2016-01-29T00:25:31.813000;2016-01-29T00:25:31.830000;2b0c1862-d5f8-4a3c-88e6-5b0eded2ae39;377.13;0.21835;BUY
2016-01-29T00:25:32.263000;2016-01-29T00:25:32.283000;f85019ab-4b22-48c8-bae4-7653c7bd7f45;376.96;0.209;SELL
2016-01-29T00:25:35.617000;2016-01-29T00:25:35.643000;b46c8576-f523-4135-b7d6-14828b68ff8d;377.0;0.302;SELL
2016-01-29T00:25:40.933000;2016-01-29T00:25:40.957000;d55b5d76-188b-477a-a0c4-103ba38e0107;377.07;0.01;SELL
2016-01-29T00:25:40.933000;2016-01-29T00:25:40.957000;e2ea7494-7d29-4b51-8438-169203819143;377.05;0.01;SELL
2016-01-29T00:25:40.933000;2016-01-29T00:25:40.957000;d01f50d5-c7d6-4d73-91b2-40a418dc3ac7;377.03;0.01;SELL
