time_exchange;time_coinpai;guid;price;base_amount;taker_side
2016-01-29T00:00:24.000000;2016-01-29T00:00:24.000000;d46cc9ea-8718-4fa7-ab3a-0fb4e48bafc3;378.15;3.0;UNKNOWN
2016-01-29T00:00:38.000000;2016-01-29T00:00:38.000000;4916cac7-0f6d-4dc8-9cef-34a3cb836fac;378.15;0.0275;UNKNOWN
2016-01-29T00:00:38.000000;2016-01-29T00:00:38.000000;5a7e782d-7ab3-4305-9a6e-a19cb9b49f78;378.15;0.0452;UNKNOWN
2016-01-29T00:00:38.000000;2016-01-29T00:00:38.000000;350c8eb2-ae34-4f1e-be13-983845a69dab;378.15;0.0106;UNKNOWN
2016-01-29T00:00:38.000000;2016-01-29T00:00:38.000000;eff4767b-b918-4158-b597-8a88587d33d8;378.15;0.017;UNKNOWN
2016-01-29T00:00:54.000000;2016-01-29T00:00:54.000000;943a83cd-1713-434c-942a-b969dc7e0ca8;377.78;1.43838614;UNKNOWN
2016-01-29T00:00:54.000000;2016-01-29T00:00:54.000000;96f80bfd-2a62-4b6c-905a-b0fb0340089d;378.14;0.8753;UNKNOWN
2016-01-29T00:00:54.000000;2016-01-29T00:00:54.000000;3f134814-2f16-4292-9e19-767a8192bbd0;378.03;6.5403;UNKNOWN
2016-01-29T00:00:54.000000;2016-01-29T00:00:54.000000;f7f1111a-7267-4e98-9a4d-597cf0ae32cb;377.61;13.27230486;UNKNOWN
2016-01-29T00:00:54.000000;2016-01-29T00:00:54.000000;e6cf2e83-4b94-433b-a665-7bb25fc99618;378.04;0.01;UNKNOWN
2016-01-29T00:00:54.000000;2016-01-29T00:00:54.000000;77eb9678-2fd3-40e0-9b7d-ee92b45c5e76;378.02;2.75;UNKNOWN
2016-01-29T00:01:56.000000;2016-01-29T00:01:56.000000;3582656f-8f74-4a6f-89b9-917dbae60942;377.98;0.0373;UNKNOWN
2016-01-29T00:02:05.000000;2016-01-29T00:02:05.000000;3e6f423e-24af-40c5-a496-f55c7fdf453b;377.85;0.01543438;UNKNOWN
2016-01-29T00:02:06.000000;2016-01-29T00:02:06.000000;174722cf-7f0b-48cb-8c70-a471017ab865;377.53;6.5749;UNKNOWN
2016-01-29T00:02:06.000000;2016-01-29T00:02:06.000000;f13a35b1-a75b-4216-b1a2-c11f17057f01;377.85;0.03594;UNKNOWN
2016-01-29T00:02:06.000000;2016-01-29T00:02:06.000000;96aca246-b445-4bde-a683-a251625f7e02;377.85;0.09671562;UNKNOWN
2016-01-29T00:02:06.000000;2016-01-29T00:02:06.000000;263778f5-4f44-434a-af0a-b3685aa86799;377.51;3.28244438;UNKNOWN
2016-01-29T00:02:06.000000;2016-01-29T00:02:06.000000;38cec2e0-9fd3-442c-a52b-1d65865683cd;377.85;0.01;UNKNOWN
2016-01-29T00:02:12.000000;2016-01-29T00:02:12.000000;27d59348-3b49-43ac-a8b4-98abebc69149;377.78;0.11215;UNKNOWN
2016-01-29T00:02:19.000000;2016-01-29T00:02:19.000000;6d34d8b1-4a1c-445d-a8a6-b084ae765fd4;377.97;0.0501;UNKNOWN
2016-01-29T00:02:21.000000;2016-01-29T00:02:21.000000;3323f794-e6a7-48d2-92d0-5b730d25fe7d;377.94;0.0501;UNKNOWN
2016-01-29T00:02:23.000000;2016-01-29T00:02:23.000000;9aa411f0-13e8-4172-bf27-6e7a3879292b;377.93;0.0501;UNKNOWN
2016-01-29T00:02:59.000000;2016-01-29T00:02:59.000000;9e7bd57e-db21-40f8-ac86-793041ca94f0;377.92;0.0602;UNKNOWN
2016-01-29T00:03:00.000000;2016-01-29T00:03:00.000000;6e22cfb9-6f01-4ed3-8373-50f91ec3a8f2;377.94;0.25;UNKNOWN
2016-01-29T00:03:15.000000;2016-01-29T00:03:15.000000;bbf4125f-2d46-4d22-ab40-c915d70450f7;377.9;5.0;UNKNOWN
2016-01-29T00:04:06.000000;2016-01-29T00:04:06.000000;d6a2f5ae-5042-4533-810d-0b76c742b5a9;377.82;2.23001799;UNKNOWN
2016-01-29T00:04:21.000000;2016-01-29T00:04:21.000000;9ed4a735-d231-449b-9ac9-a2d55c95374a;377.42;18.7353;UNKNOWN
2016-01-29T00:04:21.000000;2016-01-29T00:04:21.000000;63e26e29-4ffb-4b88-92a9-0bb6401a8aa9;377.41;0.2642;UNKNOWN
2016-01-29T00:04:21.000000;2016-01-29T00:04:21.000000;786cfae8-f36b-4506-bdd4-7bbf44750992;377.43;0.05112988;UNKNOWN
2016-01-29T00:04:21.000000;2016-01-29T00:04:21.000000;4d3255e5-6cca-404b-b6ef-bab4adcf5370;377.29;0.25937646;UNKNOWN
2016-01-29T00:04:21.000000;2016-01-29T00:04:21.000000;627a9805-10a6-4c28-a1c1-9cafde6618cf;377.8;0.0501;UNKNOWN
2016-01-29T00:04:21.000000;2016-01-29T00:04:21.000000;e9ea630c-23ca-41fb-a7ef-70b673578cbe;377.23;8.85926166;UNKNOWN
2016-01-29T00:04:21.000000;2016-01-29T00:04:21.000000;68ff4482-6f74-4582-9283-aac284082800;377.53;0.01;UNKNOWN
2016-01-29T00:04:21.000000;2016-01-29T00:04:21.000000;e96e55a7-b678-4b3a-8283-983b1f68e8fc;377.43;6.5555;UNKNOWN
2016-01-29T00:04:21.000000;2016-01-29T00:04:21.000000;912df0a7-f356-4257-9ef1-af42e4b90789;377.81;0.16638;UNKNOWN
2016-01-29T00:04:46.000000;2016-01-29T00:04:46.000000;fe0c5566-6a40-48d1-8799-950945adeb38;377.82;0.015;UNKNOWN
2016-01-29T00:04:54.000000;2016-01-29T00:04:54.000000;8ffeea3a-20f8-45a0-8641-d8ed22805d20;377.81;0.015;UNKNOWN
2016-01-29T00:05:03.000000;2016-01-29T00:05:03.000000;6301a89b-cf2b-442d-a5a7-85265a0b511f;377.8;0.015;UNKNOWN
2016-01-29T00:05:07.000000;2016-01-29T00:05:07.000000;03bfebe5-82bf-4f88-971f-87840f31a693;377.76;0.015;UNKNOWN
2016-01-29T00:05:18.000000;2016-01-29T00:05:18.000000;ed637f2d-0657-48ff-8382-69a18e91dc6d;377.52;0.2;UNKNOWN
2016-01-29T00:05:53.000000;2016-01-29T00:05:53.000000;cb7d2ab1-b745-49e7-8e5b-ae2b262e1a4c;377.43;0.0281;UNKNOWN
2016-01-29T00:05:53.000000;2016-01-29T00:05:53.000000;1660f35b-41a4-4d10-990d-e1831662251a;377.42;0.0108;UNKNOWN
2016-01-29T00:05:53.000000;2016-01-29T00:05:53.000000;b8678ff7-aabe-4bb7-9d46-450c6229fa18;377.16;0.01;UNKNOWN
2016-01-29T00:05:53.000000;2016-01-29T00:05:53.000000;4f5754c7-8bd6-45e6-9572-7da3516a7915;377.1;0.02077412;UNKNOWN
2016-01-29T00:05:53.000000;2016-01-29T00:05:53.000000;c4cb0ae7-c578-4f77-9d1b-63a2c6022083;377.43;0.0174;UNKNOWN
2016-01-29T00:05:53.000000;2016-01-29T00:05:53.000000;234d6b1d-11ef-4781-8380-1fa177887948;377.44;0.0454;UNKNOWN
2016-01-29T00:06:25.000000;2016-01-29T00:06:25.000000;9cb3530d-c62c-48ba-bbc1-83f796e0f551;377.7;0.1;UNKNOWN
2016-01-29T00:06:25.000000;2016-01-29T00:06:25.000000;7e619958-5047-46e4-9c48-e759c0d123a9;377.68;0.1;UNKNOWN
2016-01-29T00:06:25.000000;2016-01-29T00:06:25.000000;e7383c55-501d-423b-9cd0-3e1097363c26;377.66;0.1;UNKNOWN
2016-01-29T00:06:25.000000;2016-01-29T00:06:25.000000;7a6dcace-08f0-4dfe-b37d-6f1c1217a328;377.65;0.1;UNKNOWN
2016-01-29T00:06:25.000000;2016-01-29T00:06:25.000000;612a3d38-2598-4852-bdb0-36b5aa668b32;377.69;0.1;UNKNOWN
2016-01-29T00:06:25.000000;2016-01-29T00:06:25.000000;c6d332c9-c44f-45ba-bf07-1056bfd8420b;377.67;0.1;UNKNOWN
2016-01-29T00:06:25.000000;2016-01-29T00:06:25.000000;d75ed1bd-7439-4dcf-a7f1-8e868a63e10b;377.75;1.30052259;UNKNOWN
2016-01-29T00:06:25.000000;2016-01-29T00:06:25.000000;77374f30-a6a0-48a6-b11e-91862e1abaa6;377.75;0.5;UNKNOWN
2016-01-29T00:06:25.000000;2016-01-29T00:06:25.000000;e35bb175-96a5-4126-94a0-928e4143f6de;377.7;0.25947741;UNKNOWN
2016-01-29T00:06:51.000000;2016-01-29T00:06:51.000000;f4de0416-ff39-499d-a91f-0ecbb43dff01;377.44;0.03533522;UNKNOWN
2016-01-29T00:06:51.000000;2016-01-29T00:06:51.000000;956ee102-ff01-4669-adea-31c7b4b246d6;377.44;0.03533522;UNKNOWN
2016-01-29T00:07:08.000000;2016-01-29T00:07:08.000000;f81bc4a1-d197-4aa2-a5d0-ed2894199299;377.31;6.5634;UNKNOWN
2016-01-29T00:07:08.000000;2016-01-29T00:07:08.000000;9c7cbfd7-fa07-4408-b444-b53bda9bf853;377.31;0.03533522;UNKNOWN
2016-01-29T00:07:08.000000;2016-01-29T00:07:08.000000;081c76c0-76f5-4633-83c7-7a28cee8833e;377.31;5.18;UNKNOWN
2016-01-29T00:07:13.000000;2016-01-29T00:07:13.000000;b29cc3bd-8e4a-4e0a-b326-8c86eba9d61b;377.31;0.03533522;UNKNOWN
2016-01-29T00:07:13.000000;2016-01-29T00:07:13.000000;727b24db-53fc-4684-9338-4858b14da9a5;377.31;0.03533522;UNKNOWN
2016-01-29T00:07:13.000000;2016-01-29T00:07:13.000000;96e2a86b-5873-4cb0-9d8c-59823080c3db;377.31;0.03533522;UNKNOWN
2016-01-29T00:07:52.000000;2016-01-29T00:07:52.000000;33f05d6f-d2aa-4698-9637-e41d74672e0b;377.25;0.03533522;UNKNOWN
2016-01-29T00:07:52.000000;2016-01-29T00:07:52.000000;a05efcd8-db18-42bc-a713-c68196ed2cb2;377.0;0.01;UNKNOWN
2016-01-29T00:07:52.000000;2016-01-29T00:07:52.000000;d82da8d8-614d-4223-98e5-81ced79095fc;376.95;0.25959192;UNKNOWN
2016-01-29T00:07:52.000000;2016-01-29T00:07:52.000000;2b3ef063-d825-4217-b860-7f18250e75a9;377.03;0.25959192;UNKNOWN
2016-01-29T00:07:52.000000;2016-01-29T00:07:52.000000;38a1819e-3e8a-46a1-87df-16f548b16064;377.11;6.5747;UNKNOWN
2016-01-29T00:07:52.000000;2016-01-29T00:07:52.000000;693cfb8f-6578-4825-b744-07095fdcdc9e;377.3;0.03533522;UNKNOWN
2016-01-29T00:07:52.000000;2016-01-29T00:07:52.000000;5e6a8e92-5582-47e4-bce2-2e45f6558680;377.1;21.9;UNKNOWN
2016-01-29T00:07:52.000000;2016-01-29T00:07:52.000000;6218c5ad-a522-44ee-aca2-16356ed2f73f;377.3;0.03533522;UNKNOWN
2016-01-29T00:07:52.000000;2016-01-29T00:07:52.000000;11734eb1-1af1-4c17-be5a-1d910fb705d2;377.09;0.2607;UNKNOWN
2016-01-29T00:07:52.000000;2016-01-29T00:07:52.000000;d5161a9e-a7d2-4c03-ba8f-4ad127e30bc1;377.09;0.5;UNKNOWN
2016-01-29T00:07:52.000000;2016-01-29T00:07:52.000000;e965c277-13c7-45f1-af45-168535aa6ed4;377.11;0.25959192;UNKNOWN
2016-01-29T00:07:52.000000;2016-01-29T00:07:52.000000;7fda172b-4365-4de3-913d-cff8ea2db485;377.29;6.7176;UNKNOWN
2016-01-29T00:07:52.000000;2016-01-29T00:07:52.000000;b9572bef-f037-47f3-bfbc-53f7753a2aa2;376.9;5.0;UNKNOWN
2016-01-29T00:07:52.000000;2016-01-29T00:07:52.000000;58114b92-a680-4803-95cf-e3dee0c3a7a7;376.89;10.78575858;UNKNOWN
2016-01-29T00:07:57.000000;2016-01-29T00:07:57.000000;b4ae7816-99fd-4860-a769-54e42a092e34;376.72;7.40950642;UNKNOWN
2016-01-29T00:07:57.000000;2016-01-29T00:07:57.000000;db6dc08d-f038-449e-9810-f1bd0d7283c9;376.86;0.25953129;UNKNOWN
2016-01-29T00:07:57.000000;2016-01-29T00:07:57.000000;38492e8d-ebe8-45c6-ac16-1ba7cad1d591;376.87;0.071431;UNKNOWN
2016-01-29T00:07:57.000000;2016-01-29T00:07:57.000000;3ba50714-2587-4980-9ea0-af01067c9f5f;376.78;0.25953129;UNKNOWN
2016-01-29T00:07:57.000000;2016-01-29T00:07:57.000000;078bfe98-2052-4e9b-bd6e-ce628390017a;376.77;3.0;UNKNOWN
2016-01-29T00:08:14.000000;2016-01-29T00:08:14.000000;459304d6-c5b7-4156-9166-de3c1d6c8c59;376.71;0.5;UNKNOWN
2016-01-29T00:08:16.000000;2016-01-29T00:08:16.000000;ae518e71-d01e-4c07-99b8-4aeaa9252982;376.71;0.6740115;UNKNOWN
2016-01-29T00:08:23.000000;2016-01-29T00:08:23.000000;8051290e-1fbc-4c63-8aee-808be638134f;377.22;1.06;UNKNOWN
2016-01-29T00:08:23.000000;2016-01-29T00:08:23.000000;3cf9ade5-fdb7-4a48-bf93-ab7523ca3343;376.7;0.94;UNKNOWN
2016-01-29T00:08:53.000000;2016-01-29T00:08:53.000000;ef890a3f-142e-4bce-a8bb-c929fb10bbc6;376.7;0.2;UNKNOWN
2016-01-29T00:09:05.000000;2016-01-29T00:09:05.000000;d29e32c4-7286-402f-b395-a71cf781cd27;376.75;0.29007;UNKNOWN
2016-01-29T00:09:09.000000;2016-01-29T00:09:09.000000;5d2275d2-7485-478f-96a3-aa69310ddcc8;376.75;0.1;UNKNOWN
2016-01-29T00:09:12.000000;2016-01-29T00:09:12.000000;f36c768f-0f10-45e0-8ad6-0ed25387a87e;376.75;0.1;UNKNOWN
2016-01-29T00:09:13.000000;2016-01-29T00:09:13.000000;81738033-2566-4a98-a28a-95fc61a0426e;376.75;0.1;UNKNOWN
2016-01-29T00:09:16.000000;2016-01-29T00:09:16.000000;85c938e6-0631-4582-9062-b13b415095f3;376.75;0.501;UNKNOWN
2016-01-29T00:09:16.000000;2016-01-29T00:09:16.000000;8dcead39-3151-4d63-8252-35c0d65d1b59;376.75;0.1;UNKNOWN
2016-01-29T00:09:17.000000;2016-01-29T00:09:17.000000;66ea5024-69ac-4f46-8833-8a8760c97507;376.75;0.071687;UNKNOWN
2016-01-29T00:09:18.000000;2016-01-29T00:09:18.000000;92b954a3-99fb-4c46-a151-e528c67d2fa2;376.75;0.1;UNKNOWN
2016-01-29T00:09:19.000000;2016-01-29T00:09:19.000000;3c0e5d2c-5159-4c7c-abee-ceffc0b6f09f;376.75;0.1;UNKNOWN
2016-01-29T00:09:20.000000;2016-01-29T00:09:20.000000;c1a981cc-11c0-4698-8213-97560a7b52a0;376.75;0.502;UNKNOWN
2016-01-29T00:09:21.000000;2016-01-29T00:09:21.000000;cce75d40-b1a3-4dd9-94f8-7527345ebbe8;376.75;0.1;UNKNOWN
2016-01-29T00:09:24.000000;2016-01-29T00:09:24.000000;06981df9-6e9a-4b6c-811c-005a885a4996;376.75;0.1;UNKNOWN
2016-01-29T00:09:26.000000;2016-01-29T00:09:26.000000;7b16ee6f-1a18-4964-a7cd-9c86742ad793;376.75;0.1;UNKNOWN
2016-01-29T00:09:28.000000;2016-01-29T00:09:28.000000;bbce8a61-f505-4612-9f53-22067e4689c8;376.75;0.1;UNKNOWN
2016-01-29T00:09:29.000000;2016-01-29T00:09:29.000000;ebd7d91e-f10e-4fb2-bc21-3062cda371f2;376.75;0.1;UNKNOWN
2016-01-29T00:09:31.000000;2016-01-29T00:09:31.000000;f7373005-1531-4041-96ea-b1bb7cf73750;376.75;0.1;UNKNOWN
2016-01-29T00:09:32.000000;2016-01-29T00:09:32.000000;52db8ab3-99f4-4a89-a009-bd68ad9176e2;376.75;0.502;UNKNOWN
2016-01-29T00:09:32.000000;2016-01-29T00:09:32.000000;1f045ef4-ad76-42a3-acd8-ae14a4a535be;376.75;0.501;UNKNOWN
2016-01-29T00:09:33.000000;2016-01-29T00:09:33.000000;4fb731c2-106c-4348-984b-8b6001eeff15;376.75;0.1;UNKNOWN
2016-01-29T00:09:35.000000;2016-01-29T00:09:35.000000;f2512c5e-4080-4fef-bb47-760184676c4b;376.75;0.1;UNKNOWN
2016-01-29T00:09:38.000000;2016-01-29T00:09:38.000000;89e3fdf0-d217-4fa9-9043-de54bc69db5f;376.75;0.1;UNKNOWN
2016-01-29T00:09:39.000000;2016-01-29T00:09:39.000000;87e4a40a-c4cb-4673-8bde-8660d9cf74c1;376.75;0.1;UNKNOWN
2016-01-29T00:09:41.000000;2016-01-29T00:09:41.000000;556fd2e5-ad08-4424-9392-43ffa6fe5416;376.75;0.1;UNKNOWN
2016-01-29T00:09:42.000000;2016-01-29T00:09:42.000000;c019c564-d86d-4b7d-80d8-131745a0eda6;376.75;0.501;UNKNOWN
2016-01-29T00:09:42.000000;2016-01-29T00:09:42.000000;bb775ba5-5eb9-493a-93a2-9d29e1d9eff0;376.75;0.0501;UNKNOWN
2016-01-29T00:09:42.000000;2016-01-29T00:09:42.000000;0d3184ba-0513-42d2-904d-23bcfb5fb270;376.75;0.333;UNKNOWN
2016-01-29T00:09:43.000000;2016-01-29T00:09:43.000000;bd13251a-a64f-49b6-84a4-0272814e6869;376.75;0.333;UNKNOWN
2016-01-29T00:09:43.000000;2016-01-29T00:09:43.000000;eca37625-5dfe-4469-95f5-6f91d931ffb4;376.75;0.1;UNKNOWN
2016-01-29T00:09:44.000000;2016-01-29T00:09:44.000000;bd1bc490-81a9-4718-a694-3111d683181b;376.75;0.1;UNKNOWN
2016-01-29T00:09:45.000000;2016-01-29T00:09:45.000000;b9ea68f3-6186-4b78-9685-60bf08fbec2c;376.75;0.333;UNKNOWN
2016-01-29T00:09:47.000000;2016-01-29T00:09:47.000000;a2d6e992-5013-42ed-b585-5f592436d682;376.75;0.1;UNKNOWN
2016-01-29T00:09:49.000000;2016-01-29T00:09:49.000000;f0604944-f876-4916-b87f-761737c95786;376.75;0.502;UNKNOWN
2016-01-29T00:09:50.000000;2016-01-29T00:09:50.000000;07c08cf7-e3d5-4b74-904d-8111d785425b;376.7;3.6;UNKNOWN
2016-01-29T00:09:52.000000;2016-01-29T00:09:52.000000;90961849-32d0-4b4c-a2a5-fed74cb45417;376.75;0.501;UNKNOWN
2016-01-29T00:10:00.000000;2016-01-29T00:10:00.000000;cd270134-883f-4775-9b0d-7cda488e0afb;376.75;0.066;UNKNOWN
2016-01-29T00:10:01.000000;2016-01-29T00:10:01.000000;0b9c5e39-03ab-4074-a278-021940d51b5a;376.75;0.501;UNKNOWN
2016-01-29T00:10:03.000000;2016-01-29T00:10:03.000000;aff65a16-adf7-4d51-b598-cc8ae3829320;376.75;0.066;UNKNOWN
2016-01-29T00:10:04.000000;2016-01-29T00:10:04.000000;1a41ab93-53a4-4b21-bf87-2b9ac768ec68;376.75;0.066;UNKNOWN
2016-01-29T00:10:05.000000;2016-01-29T00:10:05.000000;8291d0c1-f5e4-46d5-be85-929ef63ce698;376.7;0.29;UNKNOWN
2016-01-29T00:10:05.000000;2016-01-29T00:10:05.000000;e36b90a8-c280-436b-8d59-c30f1ab7e9e1;376.75;0.066;UNKNOWN
2016-01-29T00:10:06.000000;2016-01-29T00:10:06.000000;17befefc-6fa7-440c-a429-bccfbd0616ad;376.7;0.427902;UNKNOWN
2016-01-29T00:10:06.000000;2016-01-29T00:10:06.000000;d692008c-0db2-43a4-8ec7-7f74ed0c6894;376.71;0.071798;UNKNOWN
2016-01-29T00:10:08.000000;2016-01-29T00:10:08.000000;0b8e3d0c-b681-4b73-840b-b26711735301;376.75;0.066;UNKNOWN
2016-01-29T00:10:10.000000;2016-01-29T00:10:10.000000;95334df0-d46a-42c1-a7e7-bc726cf2e2f0;376.75;0.502;UNKNOWN
2016-01-29T00:10:12.000000;2016-01-29T00:10:12.000000;ffebdb4c-7d22-4c9e-b6ba-86f07c701376;376.75;0.501;UNKNOWN
2016-01-29T00:10:14.000000;2016-01-29T00:10:14.000000;d8c040f7-98b8-46f4-ab32-6aa6a1def9c4;376.75;4.0;UNKNOWN
2016-01-29T00:10:19.000000;2016-01-29T00:10:19.000000;91f54b21-db27-456f-ab3d-063eb7860b8a;376.75;0.502;UNKNOWN
2016-01-29T00:10:21.000000;2016-01-29T00:10:21.000000;1b963311-1282-4248-a0a4-c7e50d3ce55d;376.75;0.0501;UNKNOWN
2016-01-29T00:10:21.000000;2016-01-29T00:10:21.000000;35fa12e2-8a64-4408-9ae6-2b90372f420a;376.75;0.501;UNKNOWN
2016-01-29T00:10:27.000000;2016-01-29T00:10:27.000000;14d137b1-d778-4046-8fdd-d083e9d5e255;376.75;0.066;UNKNOWN
2016-01-29T00:10:28.000000;2016-01-29T00:10:28.000000;75c2f23c-bc7d-4f2e-8f02-c9edfce37359;376.7;3.4;UNKNOWN
2016-01-29T00:10:34.000000;2016-01-29T00:10:34.000000;076790c7-91ac-4339-95ee-3304b887a35d;376.75;4.0;UNKNOWN
2016-01-29T00:10:36.000000;2016-01-29T00:10:36.000000;3d03b22d-b506-418b-8be5-a3a9debe296c;376.73;0.5;UNKNOWN
2016-01-29T00:10:36.000000;2016-01-29T00:10:36.000000;c5d2da86-fd62-4366-88aa-76525563d67b;376.75;0.0111111;UNKNOWN
2016-01-29T00:10:36.000000;2016-01-29T00:10:36.000000;a1614e89-2dc8-4191-85fd-013c9fbca24c;376.74;0.001;UNKNOWN
2016-01-29T00:10:38.000000;2016-01-29T00:10:38.000000;94357b82-e960-497f-a42d-9c6eea68b715;376.7;0.2;UNKNOWN
2016-01-29T00:10:38.000000;2016-01-29T00:10:38.000000;9b151582-4b51-42ea-97cc-dcded635ff9e;376.75;0.502;UNKNOWN
2016-01-29T00:10:38.000000;2016-01-29T00:10:38.000000;7116d835-b47d-4646-9a59-d0dfd999676d;376.73;0.0111111;UNKNOWN
2016-01-29T00:10:42.000000;2016-01-29T00:10:42.000000;763f5057-8e04-4eb9-9111-13c2955ad641;376.75;0.2594;UNKNOWN
2016-01-29T00:10:44.000000;2016-01-29T00:10:44.000000;83b92f19-e525-401c-8e97-23017056995c;376.75;5.0;UNKNOWN
2016-01-29T00:10:47.000000;2016-01-29T00:10:47.000000;fd56210e-1443-43a0-92e7-6acef2c9908a;376.73;0.091;UNKNOWN
2016-01-29T00:10:47.000000;2016-01-29T00:10:47.000000;eef8c6f3-36d7-49b7-a9a1-bb1b26f54023;376.75;0.41;UNKNOWN
2016-01-29T00:10:51.000000;2016-01-29T00:10:51.000000;ca5759d2-7a0f-44a4-9ab0-7c45c4fdaf69;376.73;0.502;UNKNOWN
2016-01-29T00:11:07.000000;2016-01-29T00:11:07.000000;e98e619a-1e9a-43ce-ab7c-1664307734f8;376.71;0.0501;UNKNOWN
2016-01-29T00:11:10.000000;2016-01-29T00:11:10.000000;27d8b42f-f28f-43a1-87e0-bd46d835b093;376.66;0.0107;UNKNOWN
2016-01-29T00:11:10.000000;2016-01-29T00:11:10.000000;fd1946cb-7a10-4f1e-b8ab-9b2e3708eaf5;376.7;0.6;UNKNOWN
2016-01-29T00:11:10.000000;2016-01-29T00:11:10.000000;59b75c83-7983-4c76-bd16-630f58e93b03;376.7;0.071798;UNKNOWN
2016-01-29T00:11:10.000000;2016-01-29T00:11:10.000000;9e29769d-25d0-4905-984b-4545d39a8426;376.69;8.8259;UNKNOWN
2016-01-29T00:11:10.000000;2016-01-29T00:11:10.000000;37ef020c-488a-418a-94d2-60a04d6dbaa8;376.7;2.082098;UNKNOWN
2016-01-29T00:11:10.000000;2016-01-29T00:11:10.000000;a4f16747-758e-42b8-b7cd-70d60c45a420;376.69;0.2627;UNKNOWN
2016-01-29T00:11:10.000000;2016-01-29T00:11:10.000000;de260b69-c22b-4e38-8260-30dab78008c7;376.65;18.096804;UNKNOWN
2016-01-29T00:11:10.000000;2016-01-29T00:11:10.000000;bf46d72c-8f00-41f8-ac65-2a0480526f46;376.7;0.05;UNKNOWN
2016-01-29T00:11:14.000000;2016-01-29T00:11:14.000000;943b3939-d19e-468e-9b79-978cfc07634f;376.69;8.8259;UNKNOWN
2016-01-29T00:11:18.000000;2016-01-29T00:11:18.000000;73c36c8a-c233-4b89-b1f6-cd5cf8f21a11;376.68;1.58;UNKNOWN
2016-01-29T00:11:21.000000;2016-01-29T00:11:21.000000;c1be4d37-bf8d-48d8-a9a5-65184780717b;376.68;8.42;UNKNOWN
2016-01-29T00:11:21.000000;2016-01-29T00:11:21.000000;0f7592bd-4d57-41bf-a400-fe9743c48272;376.66;6.5589;UNKNOWN
2016-01-29T00:11:23.000000;2016-01-29T00:11:23.000000;d9d8a772-cd11-4cf8-8f79-5b976b31f947;376.65;0.0281;UNKNOWN
2016-01-29T00:11:23.000000;2016-01-29T00:11:23.000000;7523eca7-419c-428e-9282-1af6cabfdce3;376.65;0.0174;UNKNOWN
2016-01-29T00:11:23.000000;2016-01-29T00:11:23.000000;51166ea3-9158-4a1e-af67-3ab901609fe3;376.65;1.975696;UNKNOWN
2016-01-29T00:11:23.000000;2016-01-29T00:11:23.000000;870df314-697e-4569-9904-e6d8384ef769;376.64;4.381804;UNKNOWN
2016-01-29T00:11:23.000000;2016-01-29T00:11:23.000000;2880790c-56fb-4a60-8b57-32870fe32357;376.65;0.0454;UNKNOWN
2016-01-29T00:11:25.000000;2016-01-29T00:11:25.000000;f5beb0ca-929d-4197-b99a-fbb5ecd3546b;376.66;0.501;UNKNOWN
2016-01-29T00:11:26.000000;2016-01-29T00:11:26.000000;cd06dce6-69fd-486a-81e4-9159c1a10ced;376.66;1.1741;UNKNOWN
2016-01-29T00:11:30.000000;2016-01-29T00:11:30.000000;a886be9e-6324-4d2b-870b-f5a3fee00207;376.64;10.0;UNKNOWN
2016-01-29T00:11:30.000000;2016-01-29T00:11:30.000000;8fd50158-7d24-4fe3-9dab-dfadbfcc08f6;376.63;0.5;UNKNOWN
2016-01-29T00:11:30.000000;2016-01-29T00:11:30.000000;a71f1f55-44d8-45e6-98bf-dcb18e96bb0b;376.55;0.2595616;UNKNOWN
2016-01-29T00:11:30.000000;2016-01-29T00:11:30.000000;6c3847b5-b866-45d1-906d-86328946e12c;376.6;0.05;UNKNOWN
2016-01-29T00:11:30.000000;2016-01-29T00:11:30.000000;e7bfaae0-9628-490b-9fcf-477a930c7da9;376.61;0.25;UNKNOWN
2016-01-29T00:11:30.000000;2016-01-29T00:11:30.000000;285d6089-0d52-4465-8606-99330029ec28;376.56;1.0;UNKNOWN
2016-01-29T00:11:30.000000;2016-01-29T00:11:30.000000;708e3cbf-030a-4d8e-91e8-23860638cd62;376.6;0.5;UNKNOWN
2016-01-29T00:11:30.000000;2016-01-29T00:11:30.000000;96883396-749f-48f0-9309-b70da642073a;376.63;0.25988539;UNKNOWN
2016-01-29T00:11:30.000000;2016-01-29T00:11:30.000000;03d4d488-4b9a-4f96-b3b3-f2d566e4ec73;376.5;2.0;UNKNOWN
2016-01-29T00:11:30.000000;2016-01-29T00:11:30.000000;56eb1ee6-4f66-40fe-acb5-47a2f0df92af;376.49;21.58104001;UNKNOWN
2016-01-29T00:11:30.000000;2016-01-29T00:11:30.000000;a244bf0b-01ee-4642-bd66-7945065e52f1;376.64;8.118196;UNKNOWN
2016-01-29T00:11:30.000000;2016-01-29T00:11:30.000000;889740c2-2b45-4743-acca-f9efa257e317;376.51;0.5;UNKNOWN
2016-01-29T00:11:30.000000;2016-01-29T00:11:30.000000;18581433-82b2-4904-9bb2-db9ee6677367;376.5;0.05;UNKNOWN
2016-01-29T00:11:31.000000;2016-01-29T00:11:31.000000;58a585bb-221d-47c9-9a15-2518d15dacdb;376.6;8.0;UNKNOWN
2016-01-29T00:11:32.000000;2016-01-29T00:11:32.000000;73efde26-421e-43b1-a38b-c97c14b4f13a;376.63;1.0;UNKNOWN
2016-01-29T00:11:35.000000;2016-01-29T00:11:35.000000;27289752-c115-4749-9034-d2f1dc950eae;376.75;0.4425319;UNKNOWN
2016-01-29T00:11:35.000000;2016-01-29T00:11:35.000000;c3e85aba-1679-429a-8dd5-41c88f4bbb1a;377.0;2.29766036;UNKNOWN
2016-01-29T00:11:35.000000;2016-01-29T00:11:35.000000;52a130f1-7de0-4170-b5f0-d61b61de3380;376.92;0.25980774;UNKNOWN
2016-01-29T00:11:35.000000;2016-01-29T00:11:35.000000;33128171-d92c-4392-8dca-99580bdfacd0;376.75;0.501;UNKNOWN
2016-01-29T00:11:36.000000;2016-01-29T00:11:36.000000;5687e16f-10d2-4b97-a0e6-c8b52c94e60e;377.0;0.25;UNKNOWN
2016-01-29T00:11:43.000000;2016-01-29T00:11:43.000000;e16baaf0-88e3-48f0-b0d4-be92c9fdd0fa;376.49;0.06908953;UNKNOWN
2016-01-29T00:11:55.000000;2016-01-29T00:11:55.000000;120a8b97-163b-47d6-a530-a5c31bc2aa8f;376.49;1.4;UNKNOWN
2016-01-29T00:11:58.000000;2016-01-29T00:11:58.000000;be7f9638-55bd-4047-9130-6bceb0345b4c;376.49;1.43914;UNKNOWN
2016-01-29T00:12:10.000000;2016-01-29T00:12:10.000000;1f2f3eb1-1b42-42f1-a121-d3bb9c89de72;376.67;0.0501;UNKNOWN
2016-01-29T00:12:13.000000;2016-01-29T00:12:13.000000;1082febb-4ed9-45e8-b1f4-0c737204b59f;376.5;7.18;UNKNOWN
2016-01-29T00:12:20.000000;2016-01-29T00:12:20.000000;d4bc626b-31a9-4820-9ccd-c97f4945cc7d;376.5;1.0;UNKNOWN
2016-01-29T00:12:21.000000;2016-01-29T00:12:21.000000;6449cdbb-cc63-4bc3-95da-e880e79cf6dc;376.68;2.0;UNKNOWN
2016-01-29T00:12:21.000000;2016-01-29T00:12:21.000000;c962c128-f1c1-4068-b127-59c1230d3907;376.67;0.5;UNKNOWN
2016-01-29T00:12:25.000000;2016-01-29T00:12:25.000000;a1e69de8-6085-4f63-9337-9d2706c106e9;376.5;1.0;UNKNOWN
2016-01-29T00:12:29.000000;2016-01-29T00:12:29.000000;19a5b420-5352-4ee9-bed2-a5fb39add57b;376.5;0.071824;UNKNOWN
2016-01-29T00:12:29.000000;2016-01-29T00:12:29.000000;3051096e-3eec-4236-b839-1ed7649577f1;376.5;0.01;UNKNOWN
2016-01-29T00:12:29.000000;2016-01-29T00:12:29.000000;c30de16e-c7ee-4af8-b8ed-fb822f712254;376.49;0.918176;UNKNOWN
2016-01-29T00:12:30.000000;2016-01-29T00:12:30.000000;7da69644-c984-45bb-8386-f780c411d768;376.49;0.09773984;UNKNOWN
2016-01-29T00:12:33.000000;2016-01-29T00:12:33.000000;65dc6587-a451-47a9-a9c4-8b7b706b355c;376.49;2.84;UNKNOWN
2016-01-29T00:12:37.000000;2016-01-29T00:12:37.000000;fa63fe8f-12cc-48d6-9e0f-c3d79ee421ef;376.49;1.26;UNKNOWN
2016-01-29T00:12:40.000000;2016-01-29T00:12:40.000000;cca6fb73-763f-4006-8afa-f0c80f3d8d05;376.49;0.56;UNKNOWN
2016-01-29T00:12:42.000000;2016-01-29T00:12:42.000000;b18f49a8-ee8c-40a7-a691-778ea7375a97;376.49;11.83481462;UNKNOWN
2016-01-29T00:12:42.000000;2016-01-29T00:12:42.000000;6c2c41c2-0bb2-42fb-a1ac-f9f985b547ee;376.49;0.071827;UNKNOWN
2016-01-29T00:12:50.000000;2016-01-29T00:12:50.000000;5f156841-d494-4c4c-b78f-b952cc86b7a2;376.44;0.071831;UNKNOWN
2016-01-29T00:12:55.000000;2016-01-29T00:12:55.000000;6f72b68e-b47c-41cf-b797-b93c17e3f344;376.26;10.0;UNKNOWN
2016-01-29T00:13:05.000000;2016-01-29T00:13:05.000000;2642ace0-ecac-4054-a066-0b1c90669c24;376.2;0.5;UNKNOWN
2016-01-29T00:13:05.000000;2016-01-29T00:13:05.000000;a4e51143-36b4-4ebc-965b-c56ebb94193c;376.22;0.02454058;UNKNOWN
2016-01-29T00:13:13.000000;2016-01-29T00:13:13.000000;1781228e-709b-46be-b9a7-0d43813bc749;376.21;0.02454123;UNKNOWN
2016-01-29T00:13:20.000000;2016-01-29T00:13:20.000000;8c8a2544-d2fe-41eb-937b-52e26cade621;376.2;0.2;UNKNOWN
2016-01-29T00:13:21.000000;2016-01-29T00:13:21.000000;0dce8ad9-5eee-4f5f-8cb4-bbde30833834;376.21;1.0;UNKNOWN
2016-01-29T00:13:21.000000;2016-01-29T00:13:21.000000;fde033aa-ebb5-4f81-b3a6-5f016d31503c;376.2;1.0;UNKNOWN
2016-01-29T00:13:25.000000;2016-01-29T00:13:25.000000;1f3461ef-9f29-40ba-aca7-11a56bf211fb;376.2;1.0;UNKNOWN
2016-01-29T00:13:27.000000;2016-01-29T00:13:27.000000;49258434-fd10-41fe-8d0f-834efbc4b046;376.21;1.0;UNKNOWN
2016-01-29T00:13:42.000000;2016-01-29T00:13:42.000000;1937876b-8ceb-4aae-8115-b3f2fe2b2c44;376.2;0.15420466;UNKNOWN
2016-01-29T00:13:44.000000;2016-01-29T00:13:44.000000;f6790872-9a52-4807-a6a6-3617003e6ebe;376.2;0.071887;UNKNOWN
2016-01-29T00:13:44.000000;2016-01-29T00:13:44.000000;155bb616-c347-425d-9ce0-f6552a822ebd;376.2;2.03;UNKNOWN
2016-01-29T00:13:44.000000;2016-01-29T00:13:44.000000;ed6de32e-eed8-455a-bc85-af3660f53d68;376.15;2.898113;UNKNOWN
2016-01-29T00:14:06.000000;2016-01-29T00:14:06.000000;eabe2bb4-de72-483c-b009-9063746099cd;376.15;0.05013367;UNKNOWN
2016-01-29T00:14:20.000000;2016-01-29T00:14:20.000000;8898bf27-d0aa-46fe-9c51-82677c424473;376.13;6.82;UNKNOWN
2016-01-29T00:14:23.000000;2016-01-29T00:14:23.000000;60dc3deb-480a-4640-b34c-81a53692b303;376.11;0.5;UNKNOWN
2016-01-29T00:14:23.000000;2016-01-29T00:14:23.000000;80a2b8fc-a6a6-4ec6-a637-aa97b0c02b6d;376.1;0.07;UNKNOWN
2016-01-29T00:14:23.000000;2016-01-29T00:14:23.000000;eda02b6f-0ca7-457a-81de-3c3e485cc105;376.13;1.0;UNKNOWN
2016-01-29T00:14:23.000000;2016-01-29T00:14:23.000000;151fa8e6-53ca-4c82-bde6-5e60a500cf13;376.13;2.50415085;UNKNOWN
2016-01-29T00:14:27.000000;2016-01-29T00:14:27.000000;7c4381df-4ac0-4e35-87cd-4a46c8186817;376.05;0.5;UNKNOWN
2016-01-29T00:14:27.000000;2016-01-29T00:14:27.000000;f5bbdafe-9c78-48d8-b11d-f77138c006c0;376.03;0.9322;UNKNOWN
2016-01-29T00:14:33.000000;2016-01-29T00:14:33.000000;e15966af-0b0e-4df4-90ff-65eb5e516036;375.56;0.1;UNKNOWN
2016-01-29T00:14:33.000000;2016-01-29T00:14:33.000000;4377e92a-0eca-4867-8277-adda778a0304;375.49;15.8807;UNKNOWN
2016-01-29T00:14:33.000000;2016-01-29T00:14:33.000000;0d6337f7-cadc-4ab3-af53-e621a8d24ad4;375.4;3.5;UNKNOWN
2016-01-29T00:14:33.000000;2016-01-29T00:14:33.000000;4a3daf60-48a4-4018-bf03-71b08eb88297;375.88;6.5886;UNKNOWN
2016-01-29T00:14:33.000000;2016-01-29T00:14:33.000000;96c982f1-789b-4f72-a7be-043389f7c462;375.88;0.05;UNKNOWN
2016-01-29T00:14:33.000000;2016-01-29T00:14:33.000000;46f93e8f-651b-4ca1-87fb-8c8253469b2c;375.33;15.0;UNKNOWN
2016-01-29T00:14:33.000000;2016-01-29T00:14:33.000000;4c0bd9c5-344d-45d7-9530-6ce0f3b3fd30;375.14;19.99976887;UNKNOWN
2016-01-29T00:14:33.000000;2016-01-29T00:14:33.000000;295d8891-4d41-485d-af03-578f791f7ab5;376.0;0.1;UNKNOWN
2016-01-29T00:14:33.000000;2016-01-29T00:14:33.000000;7aa5eb23-8efe-4eb2-9d34-f8b8c1eec4c1;375.61;0.25;UNKNOWN
2016-01-29T00:14:33.000000;2016-01-29T00:14:33.000000;cc7b31bd-368a-4d20-8c14-5ac5a6f8201a;375.11;5.0;UNKNOWN
2016-01-29T00:14:33.000000;2016-01-29T00:14:33.000000;14b3134e-a0b2-4540-9aff-e3d01796555d;375.01;5.0;UNKNOWN
2016-01-29T00:14:33.000000;2016-01-29T00:14:33.000000;8b4f009a-7437-437f-bece-1daa1e3f5d91;376.0;0.05;UNKNOWN
2016-01-29T00:14:33.000000;2016-01-29T00:14:33.000000;011a4422-b9b7-41e5-a56e-e233d66ffaf7;376.0;0.1;UNKNOWN
2016-01-29T00:14:33.000000;2016-01-29T00:14:33.000000;4f280b5a-65c6-4e59-8467-5b2158b905c2;375.1;6.2;UNKNOWN
2016-01-29T00:14:33.000000;2016-01-29T00:14:33.000000;bc5ff582-0308-4705-bf0d-86fe16f4bb7c;375.0;10.0;UNKNOWN
2016-01-29T00:14:33.000000;2016-01-29T00:14:33.000000;ae5b32b1-62df-4672-b988-37438fb3424c;375.6;0.01;UNKNOWN
2016-01-29T00:14:33.000000;2016-01-29T00:14:33.000000;9c82689c-d47a-4741-ab2a-96208893a741;375.0;383.76121046;UNKNOWN
2016-01-29T00:14:33.000000;2016-01-29T00:14:33.000000;71094e9f-67fe-46e9-b395-cc7633eda940;376.0;0.1;UNKNOWN
2016-01-29T00:14:33.000000;2016-01-29T00:14:33.000000;e155cf67-8881-406f-93da-8974264d83c5;375.0;0.8;UNKNOWN
2016-01-29T00:14:33.000000;2016-01-29T00:14:33.000000;518569c7-eb22-4ebc-b7fe-fef42876c9ef;375.57;0.07314924;UNKNOWN
2016-01-29T00:14:33.000000;2016-01-29T00:14:33.000000;59d41df4-7541-4368-9d6d-838562763ef1;376.0;0.5;UNKNOWN
2016-01-29T00:14:33.000000;2016-01-29T00:14:33.000000;ef8672fc-5fb1-4488-8b0f-3b559ae80a4b;375.9;0.0234;UNKNOWN
2016-01-29T00:14:33.000000;2016-01-29T00:14:33.000000;f7519fc0-a696-437e-9e9e-e1525e609d95;376.0;0.1;UNKNOWN
2016-01-29T00:14:33.000000;2016-01-29T00:14:33.000000;b2fa4bde-73ec-461a-917d-420812b9084c;376.0;0.1;UNKNOWN
2016-01-29T00:14:33.000000;2016-01-29T00:14:33.000000;48178542-c8a3-409e-bed4-1c7ea622d93b;375.0;0.1;UNKNOWN
2016-01-29T00:14:33.000000;2016-01-29T00:14:33.000000;f0aa58f5-eb64-42db-b1bd-85dd725b2a45;376.0;10.0;UNKNOWN
2016-01-29T00:14:33.000000;2016-01-29T00:14:33.000000;44579501-d7bd-4d19-935c-4ea8b37bc9d7;375.22;20.0;UNKNOWN
2016-01-29T00:14:33.000000;2016-01-29T00:14:33.000000;97dcd36c-c5b1-47e6-b232-7d9c8f1c51ac;375.15;0.06857143;UNKNOWN
2016-01-29T00:14:33.000000;2016-01-29T00:14:33.000000;3c8654cc-854b-4846-8383-3b09e6c8fce6;375.67;0.15;UNKNOWN
2016-01-29T00:14:33.000000;2016-01-29T00:14:33.000000;8c50ac41-7244-46c5-b5e7-e1c3dd453527;375.87;25.0;UNKNOWN
2016-01-29T00:14:33.000000;2016-01-29T00:14:33.000000;7758de49-f993-4127-82dc-70758f246518;375.14;1.0;UNKNOWN
2016-01-29T00:14:33.000000;2016-01-29T00:14:33.000000;b7ba3d71-4a60-4bdb-93db-434af88b473f;375.75;2.5;UNKNOWN
2016-01-29T00:14:33.000000;2016-01-29T00:14:33.000000;505fe8fa-a457-4c9b-91c7-31d89efcd047;375.1;5.0;UNKNOWN
2016-01-29T00:14:33.000000;2016-01-29T00:14:33.000000;9904b6e4-78e4-4eae-ae2a-dd6b11203453;375.12;0.2;UNKNOWN
2016-01-29T00:14:33.000000;2016-01-29T00:14:33.000000;a741197f-cba5-47ef-a30b-6cd7d2598952;375.67;15.1967;UNKNOWN
2016-01-29T00:14:33.000000;2016-01-29T00:14:33.000000;7af22287-9d3b-4170-88d9-b69391d3872a;375.63;0.5;UNKNOWN
2016-01-29T00:14:33.000000;2016-01-29T00:14:33.000000;9e3604e2-6475-49d1-9d1e-26ebf29a613a;375.82;0.5;UNKNOWN
2016-01-29T00:14:33.000000;2016-01-29T00:14:33.000000;04a32469-e9f5-4264-b291-aacb5f1daf98;375.15;17.2843;UNKNOWN
2016-01-29T00:14:33.000000;2016-01-29T00:14:33.000000;29473270-0bca-418a-95ee-48663dae4c2c;375.0;12.0;UNKNOWN
2016-01-29T00:14:33.000000;2016-01-29T00:14:33.000000;99b27675-46c4-4851-94db-f38bad36adc7;375.56;1.0;UNKNOWN
2016-01-29T00:14:33.000000;2016-01-29T00:14:33.000000;53a4eda4-a1d6-4505-bf4a-53ae1eb679f2;375.39;1.0;UNKNOWN
2016-01-29T00:14:33.000000;2016-01-29T00:14:33.000000;cf16c703-f36a-467a-af4d-22c7bd73d3c5;375.23;10.6241;UNKNOWN
2016-01-29T00:14:33.000000;2016-01-29T00:14:33.000000;e7ed1428-5204-4005-b5d1-9d85b8f23f51;375.0;3.10178464;UNKNOWN
2016-01-29T00:14:33.000000;2016-01-29T00:14:33.000000;9e48830e-2951-4978-abe4-85cb38d03303;375.31;1.0;UNKNOWN
2016-01-29T00:14:33.000000;2016-01-29T00:14:33.000000;fe031c48-1cc5-41fb-b16b-cdcf6000aec5;375.32;16.2895;UNKNOWN
2016-01-29T00:14:33.000000;2016-01-29T00:14:33.000000;9c405ce2-4c5b-4585-aa2a-b231eb63c63d;375.0;0.1;UNKNOWN
2016-01-29T00:14:41.000000;2016-01-29T00:14:41.000000;092c07cf-a979-4154-9d9b-363f02ca27e1;375.38;0.01332802;UNKNOWN
2016-01-29T00:14:41.000000;2016-01-29T00:14:41.000000;8cc1fdc9-1c2f-471a-aa79-f68b75d392c4;375.0;2.81916328;UNKNOWN
2016-01-29T00:14:41.000000;2016-01-29T00:14:41.000000;9437bf5f-64b6-4155-882c-d2db8301a329;375.47;1.0;UNKNOWN
2016-01-29T00:14:41.000000;2016-01-29T00:14:41.000000;0c2c7cca-b4d8-40c5-95b2-cc17ca33f16a;375.03;35.0;UNKNOWN
2016-01-29T00:14:41.000000;2016-01-29T00:14:41.000000;fe26f5ed-4e05-47cf-ac72-4706ff242ce5;375.2;8.1577;UNKNOWN
2016-01-29T00:14:52.000000;2016-01-29T00:14:52.000000;260e5c9d-e139-42e4-83b8-0a895be27754;375.05;0.01403;UNKNOWN
2016-01-29T00:14:52.000000;2016-01-29T00:14:52.000000;625c1e97-57cb-479a-ad0d-345bc8984ad9;375.0;1.0;UNKNOWN
2016-01-29T00:14:52.000000;2016-01-29T00:14:52.000000;397bd643-2e39-4830-b2bb-bebc3b38b92e;375.0;5.0;UNKNOWN
2016-01-29T00:14:54.000000;2016-01-29T00:14:54.000000;2d2f3b1a-dc71-4ea6-9c4c-a7d17e957cb4;375.0;1.21635108;UNKNOWN
2016-01-29T00:14:55.000000;2016-01-29T00:14:55.000000;2b9783bd-f4ce-4e17-ab7f-0242aa60f2be;375.0;1.0;UNKNOWN
2016-01-29T00:14:55.000000;2016-01-29T00:14:55.000000;59ba0d6c-740f-4a65-9190-272337be4f91;375.0;33.0;UNKNOWN
2016-01-29T00:14:55.000000;2016-01-29T00:14:55.000000;ec2344d7-e108-4ea1-b792-bf9b77ea1e0f;375.0;5.0;UNKNOWN
2016-01-29T00:14:56.000000;2016-01-29T00:14:56.000000;df7d697f-7026-44ad-832c-0e68bea951e3;375.0;4.70339054;UNKNOWN
2016-01-29T00:14:56.000000;2016-01-29T00:14:56.000000;bb44b061-c7e3-4161-8e8d-36e731ff0068;375.0;0.05149054;UNKNOWN
2016-01-29T00:14:56.000000;2016-01-29T00:14:56.000000;3dd3ccb0-9994-4925-a805-68ff3ee4a459;375.0;0.075;UNKNOWN
2016-01-29T00:14:56.000000;2016-01-29T00:14:56.000000;03cb91d2-9231-4ec3-bb46-537e782f74da;375.0;2.6269;UNKNOWN
2016-01-29T00:14:56.000000;2016-01-29T00:14:56.000000;c137ab8e-902d-4397-abcf-b35ca6eab508;375.0;0.25;UNKNOWN
2016-01-29T00:14:56.000000;2016-01-29T00:14:56.000000;6db50980-99bb-48b4-a3a8-3ab49054ba4d;375.0;9.03640946;UNKNOWN
2016-01-29T00:14:56.000000;2016-01-29T00:14:56.000000;3e019df7-ac48-4ef5-9cc0-12c29539cdca;375.0;0.25;UNKNOWN
2016-01-29T00:14:56.000000;2016-01-29T00:14:56.000000;acf146c5-ec4a-481e-9e7b-5f33cd1ad45b;375.0;0.2;UNKNOWN
2016-01-29T00:14:56.000000;2016-01-29T00:14:56.000000;ae849a5e-4dbe-4f7e-917a-870666a61494;375.0;0.7;UNKNOWN
2016-01-29T00:14:56.000000;2016-01-29T00:14:56.000000;3e100f74-f477-4e90-b117-66d19069ce52;375.0;3.0;UNKNOWN
2016-01-29T00:14:56.000000;2016-01-29T00:14:56.000000;aa08c0b8-a0e9-430f-982a-45f46d738f7d;375.0;25.0;UNKNOWN
2016-01-29T00:14:56.000000;2016-01-29T00:14:56.000000;1a3cb93c-0384-4be7-a029-fd7ba0daeadf;375.0;0.15;UNKNOWN
2016-01-29T00:14:56.000000;2016-01-29T00:14:56.000000;38a4e77e-22e7-48a3-b344-de21e736c1a0;375.0;0.29660946;UNKNOWN
2016-01-29T00:14:56.000000;2016-01-29T00:14:56.000000;daad71a4-6c9f-4534-8b07-13515be83ed8;375.0;1.0;UNKNOWN
2016-01-29T00:14:56.000000;2016-01-29T00:14:56.000000;19ad5434-1850-4bee-a9ed-756c22e3080d;375.0;5.0;UNKNOWN
2016-01-29T00:14:56.000000;2016-01-29T00:14:56.000000;f04c6747-ccad-4849-80af-23fe9ef66da0;375.0;0.0102;UNKNOWN
2016-01-29T00:14:56.000000;2016-01-29T00:14:56.000000;5fc6a57e-f29e-4813-b301-e93ace14df57;375.0;20.0;UNKNOWN
2016-01-29T00:14:56.000000;2016-01-29T00:14:56.000000;c90b97c4-9dc1-4b5c-a97c-cfe5aaf83c33;375.0;0.3;UNKNOWN
2016-01-29T00:14:56.000000;2016-01-29T00:14:56.000000;05ff6f5a-afe8-42df-95af-d896e6b7c8bb;375.0;0.1;UNKNOWN
2016-01-29T00:14:57.000000;2016-01-29T00:14:57.000000;324eaa90-f731-4f48-b664-ecde5ccb2f3f;375.01;1.7;UNKNOWN
2016-01-29T00:14:57.000000;2016-01-29T00:14:57.000000;035268d7-e7ca-41bd-bff8-6d7fb3304301;375.0;55.0;UNKNOWN
2016-01-29T00:14:57.000000;2016-01-29T00:14:57.000000;ed7556fc-0a53-41ff-950e-4fad01e74612;375.01;0.3;UNKNOWN
2016-01-29T00:15:01.000000;2016-01-29T00:15:01.000000;88d38a1a-8dc2-4c1d-b51c-35c8a02ab61c;375.0;11.0;UNKNOWN
2016-01-29T00:15:01.000000;2016-01-29T00:15:01.000000;2cf3a19b-d073-4058-8acb-1520107ead0c;375.0;0.55189054;UNKNOWN
2016-01-29T00:15:01.000000;2016-01-29T00:15:01.000000;3707f45b-6eb9-48b0-91e2-7537bb7981bb;375.01;0.01375676;UNKNOWN
2016-01-29T00:15:01.000000;2016-01-29T00:15:01.000000;5371af2c-4810-4d0d-bd95-96956964f61d;375.0;0.1;UNKNOWN
2016-01-29T00:15:01.000000;2016-01-29T00:15:01.000000;13f457b5-f660-4dac-9574-77797f99e642;375.0;0.01;UNKNOWN
2016-01-29T00:15:01.000000;2016-01-29T00:15:01.000000;f0cc1c39-7e6b-48cd-afca-2a910e23ab9f;375.0;0.01376867;UNKNOWN
2016-01-29T00:15:01.000000;2016-01-29T00:15:01.000000;11bf1e49-864a-4147-8b33-1eb90fdb150c;375.0;1.0;UNKNOWN
2016-01-29T00:15:01.000000;2016-01-29T00:15:01.000000;9bc82082-d7f2-4b36-a16e-a1eba0f31ced;375.0;0.05;UNKNOWN
2016-01-29T00:15:01.000000;2016-01-29T00:15:01.000000;e9f682a4-c7e7-4ea0-9951-731d15575af4;375.0;1.0;UNKNOWN
2016-01-29T00:15:01.000000;2016-01-29T00:15:01.000000;e116e715-f24f-4781-81a8-04e0bf3060b6;375.0;0.01375676;UNKNOWN
2016-01-29T00:15:04.000000;2016-01-29T00:15:04.000000;5a6551e9-053b-4f58-8e30-653534b8c5b0;374.46;16.8866;UNKNOWN
2016-01-29T00:15:04.000000;2016-01-29T00:15:04.000000;db878abc-5f23-4c16-b387-7b3bd62a4a74;374.49;7.0;UNKNOWN
2016-01-29T00:15:04.000000;2016-01-29T00:15:04.000000;fa23d850-9f75-4d47-ab18-9c7b44ea8d83;374.8;0.01;UNKNOWN
2016-01-29T00:15:04.000000;2016-01-29T00:15:04.000000;374d2811-191c-4b3a-ac55-f567d4623286;374.33;10.0;UNKNOWN
2016-01-29T00:15:04.000000;2016-01-29T00:15:04.000000;afdb75f7-a650-43f3-bc5d-1533c577de25;374.77;0.926978;UNKNOWN
2016-01-29T00:15:04.000000;2016-01-29T00:15:04.000000;e2592055-bca2-40f6-bbf8-1807fc566868;374.79;0.58211366;UNKNOWN
2016-01-29T00:15:04.000000;2016-01-29T00:15:04.000000;0425e584-4a61-49ff-a29d-bc03998a5c41;374.34;0.26134908;UNKNOWN
2016-01-29T00:15:04.000000;2016-01-29T00:15:04.000000;99fa5bb3-a9da-45e6-b110-ecb8c4c50bba;374.6;0.01;UNKNOWN
2016-01-29T00:15:04.000000;2016-01-29T00:15:04.000000;da2a6a9e-45e0-4adc-9370-e090e44a509e;374.29;4.28076868;UNKNOWN
2016-01-29T00:15:04.000000;2016-01-29T00:15:04.000000;0b1aff27-1242-4fe6-8f34-ae8392e73be8;374.61;0.25;UNKNOWN
2016-01-29T00:15:04.000000;2016-01-29T00:15:04.000000;0464ad52-82d6-4c50-9562-e8c0d977cb7d;374.39;0.02911366;UNKNOWN
2016-01-29T00:15:04.000000;2016-01-29T00:15:04.000000;dbbbe499-0849-4d26-b385-56f9bd81af3c;374.5;0.05;UNKNOWN
2016-01-29T00:15:04.000000;2016-01-29T00:15:04.000000;0f07c14a-8d2f-4ff0-8051-9d375bba6d70;374.79;16.34608634;UNKNOWN
2016-01-29T00:15:04.000000;2016-01-29T00:15:04.000000;b62b86d5-129f-4872-94d7-424df48d34b4;374.65;17.6921;UNKNOWN
2016-01-29T00:15:04.000000;2016-01-29T00:15:04.000000;ced8ff6e-f9ee-4467-a196-72c8be873fa8;374.73;1.0;UNKNOWN
2016-01-29T00:15:04.000000;2016-01-29T00:15:04.000000;c4969ec5-3470-4dde-8191-db08c5acc826;374.4;0.01;UNKNOWN
2016-01-29T00:15:04.000000;2016-01-29T00:15:04.000000;814648f0-af71-41f9-8cb0-4f895a3b3dd0;374.77;0.25700424;UNKNOWN
2016-01-29T00:15:04.000000;2016-01-29T00:15:04.000000;89c89333-d03c-4725-9228-94e4cd6258d7;374.85;0.03;UNKNOWN
2016-01-29T00:15:07.000000;2016-01-29T00:15:07.000000;31233408-4ada-4567-a3bf-afc29acecd67;374.29;1.0;UNKNOWN
2016-01-29T00:15:07.000000;2016-01-29T00:15:07.000000;83b73c40-45f8-49ae-bd9a-2515de945b92;374.29;8.0;UNKNOWN
2016-01-29T00:15:08.000000;2016-01-29T00:15:08.000000;7a112485-7e99-4141-bf0c-75594369dcef;374.2;4.0128196;UNKNOWN
2016-01-29T00:15:08.000000;2016-01-29T00:15:08.000000;f78fcbe7-4037-412e-bc56-94879bd979f6;374.25;0.1;UNKNOWN
2016-01-29T00:15:08.000000;2016-01-29T00:15:08.000000;56744633-9e73-47a0-9264-86b57f88dd03;374.25;0.26134908;UNKNOWN
2016-01-29T00:15:08.000000;2016-01-29T00:15:08.000000;63c243a5-0620-412c-b4cf-a55b993b2137;374.2;0.01;UNKNOWN
2016-01-29T00:15:08.000000;2016-01-29T00:15:08.000000;ad41671e-903d-46f6-97a2-7a1118f6db55;374.25;5.0;UNKNOWN
2016-01-29T00:15:08.000000;2016-01-29T00:15:08.000000;6d37753e-961c-44c2-98f8-4113657139b4;374.25;4.0;UNKNOWN
2016-01-29T00:15:08.000000;2016-01-29T00:15:08.000000;898a11ba-9ba2-43ca-b3a0-185608313404;374.25;0.71583132;UNKNOWN
2016-01-29T00:15:08.000000;2016-01-29T00:15:08.000000;8d7f2ae6-ceb0-432b-bab0-dcc9291e241a;374.25;21.44826868;UNKNOWN
2016-01-29T00:15:08.000000;2016-01-29T00:15:08.000000;acd3b4a3-9e4a-4348-8328-a96cc81f3771;374.29;3.55173132;UNKNOWN
2016-01-29T00:15:10.000000;2016-01-29T00:15:10.000000;3bed3b06-dfa1-42a2-9779-086eca53210a;374.2;2.0;UNKNOWN
2016-01-29T00:15:10.000000;2016-01-29T00:15:10.000000;a915fe8b-7546-44d2-a338-5628c234c5e6;374.65;7.0;UNKNOWN
2016-01-29T00:15:13.000000;2016-01-29T00:15:13.000000;834463ec-6226-47ef-926d-9a85ee1f9871;374.03;0.1;UNKNOWN
2016-01-29T00:15:13.000000;2016-01-29T00:15:13.000000;52f578dc-6355-4f79-9cb7-e31df54ecdc2;374.1;0.01;UNKNOWN
2016-01-29T00:15:13.000000;2016-01-29T00:15:13.000000;64375733-9c24-425a-a474-ed7d5939df02;374.0;0.27079131;UNKNOWN
2016-01-29T00:15:13.000000;2016-01-29T00:15:13.000000;26bfff66-6a3e-4b2c-863d-f327aa64b401;374.1;0.1;UNKNOWN
2016-01-29T00:15:14.000000;2016-01-29T00:15:14.000000;877a208f-c587-453b-8d1a-c4b300af4ef4;374.0;27.02511232;UNKNOWN
2016-01-29T00:15:14.000000;2016-01-29T00:15:14.000000;ac9ca44b-3a91-4d47-83ff-67b32697beb1;374.25;0.1;UNKNOWN
2016-01-29T00:15:14.000000;2016-01-29T00:15:14.000000;e014c195-0066-4174-99ec-61cd6e9e11d0;374.0;5.0;UNKNOWN
2016-01-29T00:15:14.000000;2016-01-29T00:15:14.000000;22a6ccad-5b87-4944-bf07-c300d0623826;374.0;5.0;UNKNOWN
2016-01-29T00:15:14.000000;2016-01-29T00:15:14.000000;426c2f1a-d44f-4000-838a-cc3147c9780f;374.0;4.0;UNKNOWN
2016-01-29T00:15:14.000000;2016-01-29T00:15:14.000000;d4f1e476-be73-49f2-b44b-45a9212abbec;374.0;5.0;UNKNOWN
2016-01-29T00:15:15.000000;2016-01-29T00:15:15.000000;a5028164-684d-4050-b9da-91afcf76ae69;374.0;0.01;UNKNOWN
2016-01-29T00:15:15.000000;2016-01-29T00:15:15.000000;3d18fff8-84b5-4d56-9f8f-e04c6a1128e2;374.0;0.35;UNKNOWN
2016-01-29T00:15:15.000000;2016-01-29T00:15:15.000000;0b3fd568-bc04-423f-a9e6-9e5e1fc5297d;374.0;33.45147319;UNKNOWN
2016-01-29T00:15:15.000000;2016-01-29T00:15:15.000000;8f489459-5ef4-444b-8956-9014c551ad0c;374.0;2.11007642;UNKNOWN
2016-01-29T00:15:15.000000;2016-01-29T00:15:15.000000;327622ec-3a4e-4c6a-8bde-556927df2afc;374.0;0.15;UNKNOWN
2016-01-29T00:15:15.000000;2016-01-29T00:15:15.000000;c6d9d489-3cc1-4ff9-98de-b01355cb85c6;374.0;10.0;UNKNOWN
2016-01-29T00:15:15.000000;2016-01-29T00:15:15.000000;e8c55a04-9415-4948-b594-6b975b79c167;374.0;2.6;UNKNOWN
2016-01-29T00:15:15.000000;2016-01-29T00:15:15.000000;eb55d2dd-aad5-4fe2-84ca-6fc8d53ebd4f;374.24;0.074;UNKNOWN
2016-01-29T00:15:15.000000;2016-01-29T00:15:15.000000;d179942e-333c-4ef9-8b4c-fc6649b0a5df;374.0;1.79939861;UNKNOWN
2016-01-29T00:15:15.000000;2016-01-29T00:15:15.000000;43ba343b-c59d-489c-b134-2ef859cd5fac;374.0;0.1;UNKNOWN
2016-01-29T00:15:15.000000;2016-01-29T00:15:15.000000;2c99d95f-2094-4fa1-bd6e-95b061fdca5c;374.0;1.0;UNKNOWN
2016-01-29T00:15:15.000000;2016-01-29T00:15:15.000000;8e49d463-4564-4a0d-af8d-fd24b17ecc52;373.95;12.0;UNKNOWN
2016-01-29T00:15:15.000000;2016-01-29T00:15:15.000000;9c0ce4ce-409d-4a0e-a772-a24b0c2ac047;374.0;0.1;UNKNOWN
2016-01-29T00:15:15.000000;2016-01-29T00:15:15.000000;6a3c1ae2-eaa8-499f-a4e7-446eac53be16;373.96;16.1527;UNKNOWN
2016-01-29T00:15:15.000000;2016-01-29T00:15:15.000000;f8d35132-b98b-44b5-a910-1989a0afdfc6;373.97;0.26165339;UNKNOWN
2016-01-29T00:15:15.000000;2016-01-29T00:15:15.000000;636b16cf-69ce-4daf-8123-78ff341e345e;373.97;0.26163969;UNKNOWN
2016-01-29T00:15:15.000000;2016-01-29T00:15:15.000000;d814c5b1-3cc8-4c25-89ee-2eb6bd9d1a4e;373.78;12.44089404;UNKNOWN
2016-01-29T00:15:15.000000;2016-01-29T00:15:15.000000;299d24dd-153d-4e5e-a811-51a64e4a11aa;373.79;1.8;UNKNOWN
2016-01-29T00:15:15.000000;2016-01-29T00:15:15.000000;1062b9f4-a825-43aa-a07f-88f8e417b7b0;373.8;0.01;UNKNOWN
2016-01-29T00:15:15.000000;2016-01-29T00:15:15.000000;a8471eec-401c-4463-8211-2cb4a3ff7b49;373.86;0.26163969;UNKNOWN
2016-01-29T00:15:17.000000;2016-01-29T00:15:17.000000;392421bf-00b9-485e-af18-b77fd8d126bf;373.66;0.01;UNKNOWN
2016-01-29T00:15:17.000000;2016-01-29T00:15:17.000000;ec89ef67-dd91-4761-9344-e028de7da4ce;373.75;0.05;UNKNOWN
2016-01-29T00:15:17.000000;2016-01-29T00:15:17.000000;f688793a-5114-499d-a216-c723c38e4d4d;373.74;0.26163969;UNKNOWN
2016-01-29T00:15:17.000000;2016-01-29T00:15:17.000000;7d3ff641-ccc6-47ec-ae13-9cc8e567de23;373.64;5.59605435;UNKNOWN
2016-01-29T00:15:17.000000;2016-01-29T00:15:17.000000;e5f21603-c057-4f6f-9320-32127adbaad3;373.64;2.0;UNKNOWN
2016-01-29T00:15:17.000000;2016-01-29T00:15:17.000000;865100f9-71a4-4fa7-a964-fd38101e1a62;373.64;1.12;UNKNOWN
2016-01-29T00:15:17.000000;2016-01-29T00:15:17.000000;18a754aa-df68-4262-b6e5-1ff943c5e3b4;373.78;4.08230596;UNKNOWN
2016-01-29T00:15:18.000000;2016-01-29T00:15:18.000000;49453be7-9186-4148-b6a4-fcf7f6d326ff;373.64;3.0;UNKNOWN
2016-01-29T00:15:18.000000;2016-01-29T00:15:18.000000;87fbe541-29f5-4c35-ba40-4afa9aca0980;374.21;0.207351;UNKNOWN
2016-01-29T00:15:18.000000;2016-01-29T00:15:18.000000;52b9e135-5318-477f-886e-dfa5e8fa26d4;373.64;1.0;UNKNOWN
2016-01-29T00:15:20.000000;2016-01-29T00:15:20.000000;f65614fd-9825-4a85-886e-567215b1cda8;374.08;0.70276471;UNKNOWN
2016-01-29T00:15:22.000000;2016-01-29T00:15:22.000000;25731613-5599-42f1-8d38-12016c2a8bf8;374.19;3.0;UNKNOWN
2016-01-29T00:15:23.000000;2016-01-29T00:15:23.000000;9a8dcc12-c0e0-4089-85d5-810416b23a03;373.86;0.26165339;UNKNOWN
2016-01-29T00:15:23.000000;2016-01-29T00:15:23.000000;33d1f7fb-276b-428a-9e67-f916516e6e5b;374.2;0.1;UNKNOWN
2016-01-29T00:15:23.000000;2016-01-29T00:15:23.000000;230e6e70-fc0b-47a6-99eb-da72f708fe66;374.2;0.501;UNKNOWN
2016-01-29T00:15:23.000000;2016-01-29T00:15:23.000000;6fc3f158-c675-4b1f-bb60-083adba4488b;373.57;0.26165339;UNKNOWN
2016-01-29T00:15:23.000000;2016-01-29T00:15:23.000000;0ad6d28c-034a-48f2-a133-d1dadc907041;373.64;0.12188014;UNKNOWN
2016-01-29T00:15:23.000000;2016-01-29T00:15:23.000000;de86f32e-e4a0-4b21-a4e6-48b733cdc948;374.08;2.29723529;UNKNOWN
2016-01-29T00:15:23.000000;2016-01-29T00:15:23.000000;cbd67483-de6d-418c-bc4b-36f4efc01a95;373.8;15.423;UNKNOWN
2016-01-29T00:15:23.000000;2016-01-29T00:15:23.000000;75f7b76a-f6ac-48d0-9853-582ca3a16057;373.64;16.37630693;UNKNOWN
2016-01-29T00:15:23.000000;2016-01-29T00:15:23.000000;ab317935-2ef6-4ea8-9bb6-a0c6626362b2;373.63;17.6105;UNKNOWN
2016-01-29T00:15:23.000000;2016-01-29T00:15:23.000000;8c2ad5e0-bb03-4a95-a2be-fe1a3435a28a;373.73;0.26165339;UNKNOWN
2016-01-29T00:15:23.000000;2016-01-29T00:15:23.000000;e133cea7-71bc-48b9-b8da-2cb949165917;373.61;0.25;UNKNOWN
2016-01-29T00:15:23.000000;2016-01-29T00:15:23.000000;8d435a54-2791-43cf-91e5-e71533f87a95;373.6;0.01;UNKNOWN
2016-01-29T00:15:23.000000;2016-01-29T00:15:23.000000;e2df12cb-046a-41b3-84fd-e77fc45fd832;373.55;2.08596647;UNKNOWN
2016-01-29T00:15:24.000000;2016-01-29T00:15:24.000000;9a0fadd3-1954-44f7-937d-38c2ab59eb5d;374.19;0.1829;UNKNOWN
2016-01-29T00:15:25.000000;2016-01-29T00:15:25.000000;93e9235d-fcc1-43c0-8520-451b3d38d7ae;373.65;0.3;UNKNOWN
2016-01-29T00:15:27.000000;2016-01-29T00:15:27.000000;6c4fc96c-2240-4814-a771-fe0903534ea3;374.17;0.1;UNKNOWN
2016-01-29T00:15:27.000000;2016-01-29T00:15:27.000000;d2a3fe72-3fe2-4cb2-8b54-0ee288534acd;374.17;0.074;UNKNOWN
2016-01-29T00:15:29.000000;2016-01-29T00:15:29.000000;289d2438-cc8a-4d03-a4d8-437bab89aa5b;374.03;0.502;UNKNOWN
2016-01-29T00:15:34.000000;2016-01-29T00:15:34.000000;f79d7039-688e-4f66-b5bc-1c5554964f7f;373.64;3.78560254;UNKNOWN
2016-01-29T00:15:34.000000;2016-01-29T00:15:34.000000;3ad85507-b5b2-43ef-a339-12ae10d7df67;373.85;1.0;UNKNOWN
2016-01-29T00:15:34.000000;2016-01-29T00:15:34.000000;3dc23b3a-d3aa-41da-a7da-e1451b5c635f;374.01;0.02;UNKNOWN
2016-01-29T00:15:34.000000;2016-01-29T00:15:34.000000;9d282c3d-803d-4e53-82c6-0e91ce913bfa;373.65;2.64;UNKNOWN
2016-01-29T00:15:34.000000;2016-01-29T00:15:34.000000;34798023-d7ed-4fef-b9d0-5ee34eac62eb;374.01;0.0501;UNKNOWN
2016-01-29T00:15:35.000000;2016-01-29T00:15:35.000000;8c43645a-9f8b-45f0-9dc3-e9e94e961425;374.0;0.25;UNKNOWN
2016-01-29T00:15:36.000000;2016-01-29T00:15:36.000000;b8e0249d-ee0d-4326-a1d9-282c3c98bbc9;373.98;0.501;UNKNOWN
2016-01-29T00:15:37.000000;2016-01-29T00:15:37.000000;c8376029-c931-4732-a2dc-c06240b20351;373.98;0.279;UNKNOWN
2016-01-29T00:15:37.000000;2016-01-29T00:15:37.000000;cfc23c02-df75-46d7-88c4-17551236f19c;373.85;0.26190694;UNKNOWN
2016-01-29T00:15:37.000000;2016-01-29T00:15:37.000000;9d5e5962-77a4-4ea6-8783-9d919acd903c;373.85;0.5;UNKNOWN
2016-01-29T00:15:38.000000;2016-01-29T00:15:38.000000;8721326d-79ae-4da8-bce6-50e96336fc02;373.98;0.044;UNKNOWN
2016-01-29T00:15:39.000000;2016-01-29T00:15:39.000000;3f6941ea-b7e7-4d29-8f2b-87b3d7d2b614;373.85;1.0;UNKNOWN
2016-01-29T00:15:45.000000;2016-01-29T00:15:45.000000;93656453-6950-44b8-9b76-b45555b7356d;374.03;0.0501;UNKNOWN
2016-01-29T00:15:46.000000;2016-01-29T00:15:46.000000;90cdfba8-da59-4826-b37f-bcd49784dd2c;374.18;0.4251;UNKNOWN
2016-01-29T00:15:46.000000;2016-01-29T00:15:46.000000;252db24e-1cdc-4373-94f7-f387ed1b6cdf;374.03;0.0769;UNKNOWN
2016-01-29T00:15:47.000000;2016-01-29T00:15:47.000000;0d114d20-03c4-4647-b97f-c9d4af6af648;374.16;0.501;UNKNOWN
2016-01-29T00:15:47.000000;2016-01-29T00:15:47.000000;3a75ec50-62f5-4746-a1a5-c487be901e88;373.85;0.0130869;UNKNOWN
2016-01-29T00:15:49.000000;2016-01-29T00:15:49.000000;fb421f00-faaf-4c2b-a8e8-99201477983b;374.16;0.0635;UNKNOWN
2016-01-29T00:15:52.000000;2016-01-29T00:15:52.000000;5053ef54-c139-4ef3-9239-2a55a3165c69;374.13;0.25;UNKNOWN
2016-01-29T00:15:52.000000;2016-01-29T00:15:52.000000;02f90f35-3eac-4738-ad16-8638dc60bc69;374.13;0.0501;UNKNOWN
2016-01-29T00:15:53.000000;2016-01-29T00:15:53.000000;3b77131e-347f-418e-ac6e-5c0fba3cba42;374.13;0.17056864;UNKNOWN
2016-01-29T00:15:57.000000;2016-01-29T00:15:57.000000;ef93684b-c55a-4d91-9514-ff65d427906d;374.03;0.25;UNKNOWN
2016-01-29T00:15:57.000000;2016-01-29T00:15:57.000000;1e3d0b9c-549d-49ab-bd76-e69a519bf53b;374.05;0.75;UNKNOWN
2016-01-29T00:15:58.000000;2016-01-29T00:15:58.000000;279566e8-9826-4412-aa2f-b59801f686ec;374.19;3.0;UNKNOWN
2016-01-29T00:15:59.000000;2016-01-29T00:15:59.000000;2a4f1ddc-15fb-4e71-9f93-539aa23294af;374.2;0.0719;UNKNOWN
2016-01-29T00:15:59.000000;2016-01-29T00:15:59.000000;bc55e608-8177-4490-9a4a-bb7c72b1e10a;374.03;1.0;UNKNOWN
2016-01-29T00:16:01.000000;2016-01-29T00:16:01.000000;55980db8-37b7-4d0a-bca2-337685080d7f;374.2;0.1002;UNKNOWN
2016-01-29T00:16:01.000000;2016-01-29T00:16:01.000000;9e57766b-db6b-41a4-ba88-4b9966db3f57;374.2;0.501;UNKNOWN
2016-01-29T00:16:02.000000;2016-01-29T00:16:02.000000;67163025-4040-4846-944b-d7920b2feffe;374.72;0.1751;UNKNOWN
2016-01-29T00:16:02.000000;2016-01-29T00:16:02.000000;c703eaf3-e436-4a3d-a7d8-8d6bb3911459;374.2;0.3269;UNKNOWN
2016-01-29T00:16:12.000000;2016-01-29T00:16:12.000000;52858124-3836-44db-9f44-fcf57d8e4f3a;374.68;1.0;UNKNOWN
2016-01-29T00:16:13.000000;2016-01-29T00:16:13.000000;094e7c32-e19d-426f-a8ed-fb340a45ba34;374.24;0.93885595;UNKNOWN
2016-01-29T00:16:22.000000;2016-01-29T00:16:22.000000;24b01238-a643-4284-bc47-e1a8aca095e1;374.99;0.501;UNKNOWN
2016-01-29T00:16:22.000000;2016-01-29T00:16:22.000000;5db9eb84-92e9-4ebe-aabd-325114e3b62b;374.65;0.25;UNKNOWN
2016-01-29T00:16:28.000000;2016-01-29T00:16:28.000000;750f637d-abbd-4c2a-9d91-acea3ef39855;374.25;6.653;UNKNOWN
2016-01-29T00:16:28.000000;2016-01-29T00:16:28.000000;01c85a5d-587f-4c1a-93ba-ec9f0a29d754;374.24;0.347;UNKNOWN
2016-01-29T00:16:31.000000;2016-01-29T00:16:31.000000;56068e1a-72f1-4d42-85f5-474a0e84c41c;374.22;7.0;UNKNOWN
2016-01-29T00:16:31.000000;2016-01-29T00:16:31.000000;878508b1-98d4-4741-a38a-b97003ef2dcd;374.22;1.7006;UNKNOWN
2016-01-29T00:16:31.000000;2016-01-29T00:16:31.000000;aff037f1-20f6-4b83-868b-e56cb2beaf42;374.23;11.2994;UNKNOWN
2016-01-29T00:16:33.000000;2016-01-29T00:16:33.000000;4cac5767-31f1-4ae7-91af-fdd6facf745b;374.25;0.1;UNKNOWN
2016-01-29T00:16:33.000000;2016-01-29T00:16:33.000000;aba532eb-670a-45b3-9e0b-ede3a515e5c3;374.25;1.09862719;UNKNOWN
2016-01-29T00:17:12.000000;2016-01-29T00:17:12.000000;a11c115e-8f88-4ff4-a61b-6192ab7fa0ba;374.39;0.4;UNKNOWN
2016-01-29T00:17:35.000000;2016-01-29T00:17:35.000000;7856c90d-d9c2-47e2-8d1e-a5f9155e8158;374.33;2.76395655;UNKNOWN
2016-01-29T00:17:37.000000;2016-01-29T00:17:37.000000;9c4aba1a-96d1-475b-bc8f-c345e6e78c05;374.3;0.04;UNKNOWN
2016-01-29T00:17:44.000000;2016-01-29T00:17:44.000000;c1f594c0-d890-4e7a-9b11-1382a98ab533;374.31;5.0;UNKNOWN
2016-01-29T00:17:45.000000;2016-01-29T00:17:45.000000;227dfb1d-08f9-4ce3-9ba6-77b75aaa633d;374.3;0.56;UNKNOWN
2016-01-29T00:17:45.000000;2016-01-29T00:17:45.000000;0a3c19b8-96f6-4d5b-822b-b913cb9036be;374.0;1.0;UNKNOWN
2016-01-29T00:17:45.000000;2016-01-29T00:17:45.000000;99f41762-fa6c-4d7d-b6a8-b5d2e46bf58c;374.2;0.0501;UNKNOWN
2016-01-29T00:17:45.000000;2016-01-29T00:17:45.000000;86904d73-21a8-4fc4-8589-469713ba7bf3;373.85;13.84170616;UNKNOWN
2016-01-29T00:17:45.000000;2016-01-29T00:17:45.000000;a691778e-1231-4ccf-b8a6-786ca985239d;374.2;0.02;UNKNOWN
2016-01-29T00:17:45.000000;2016-01-29T00:17:45.000000;651700b8-7986-45df-be73-8ff40c0bf7be;374.2;1.0;UNKNOWN
2016-01-29T00:17:45.000000;2016-01-29T00:17:45.000000;030a078f-4956-4a86-ba75-f02311fb5fb1;373.8;1.0;UNKNOWN
2016-01-29T00:17:45.000000;2016-01-29T00:17:45.000000;dea4c040-9985-4c27-869a-5be4863c80d2;374.3;0.014;UNKNOWN
2016-01-29T00:17:45.000000;2016-01-29T00:17:45.000000;89808978-9eae-4ce8-b119-71d06141230d;373.51;6.81859638;UNKNOWN
2016-01-29T00:17:45.000000;2016-01-29T00:17:45.000000;9094d8d8-7634-4a27-9b87-5f639f3e7283;373.52;0.1;UNKNOWN
2016-01-29T00:17:45.000000;2016-01-29T00:17:45.000000;0ec79f7c-8011-49cd-873e-636452595780;373.6;12.5;UNKNOWN
2016-01-29T00:17:45.000000;2016-01-29T00:17:45.000000;43d4ac0c-4344-4aa2-aad8-9ff2a714db9d;373.64;11.59559746;UNKNOWN
2016-01-29T00:17:45.000000;2016-01-29T00:17:45.000000;8ed7f312-3f36-4c62-b668-4edc3e11612d;373.64;6.5;UNKNOWN
2016-01-29T00:17:56.000000;2016-01-29T00:17:56.000000;10d7fa34-3148-400d-8c5b-0c5e8de4374b;373.1;0.01;UNKNOWN
2016-01-29T00:17:56.000000;2016-01-29T00:17:56.000000;9e6f968b-92b5-41dc-a49d-3bd1ac101b23;373.1;6.14004123;UNKNOWN
2016-01-29T00:17:56.000000;2016-01-29T00:17:56.000000;d19dd3cc-3f67-40eb-aee3-70fc2b52f998;373.4;0.01;UNKNOWN
2016-01-29T00:17:56.000000;2016-01-29T00:17:56.000000;c5ad5156-811e-448a-82d9-3f208266f452;373.15;2.0;UNKNOWN
2016-01-29T00:17:56.000000;2016-01-29T00:17:56.000000;df960ef9-e7da-4172-a17e-01682bb5fee0;373.15;0.08571429;UNKNOWN
2016-01-29T00:17:56.000000;2016-01-29T00:17:56.000000;308890f9-d290-45b4-b60f-34f85686f578;373.23;0.5;UNKNOWN
2016-01-29T00:17:56.000000;2016-01-29T00:17:56.000000;232bd974-c389-4697-8fe0-097200bdb259;373.26;0.1808;UNKNOWN
2016-01-29T00:17:56.000000;2016-01-29T00:17:56.000000;839b99f5-8e03-478c-9241-3015567bef5b;373.11;1.0;UNKNOWN
2016-01-29T00:17:56.000000;2016-01-29T00:17:56.000000;28031c51-6ad3-4e3a-a51e-110f2b84434e;373.2;0.01;UNKNOWN
2016-01-29T00:17:56.000000;2016-01-29T00:17:56.000000;996de6f4-3cfd-4898-aadb-2029541dda82;373.29;0.06344448;UNKNOWN
2016-01-29T00:17:59.000000;2016-01-29T00:17:59.000000;f6cc5853-a222-472d-a5c7-748e58705725;373.24;0.06345298;UNKNOWN
2016-01-29T00:17:59.000000;2016-01-29T00:17:59.000000;df38b23b-7994-44df-8b2c-8b99e5e2feac;373.06;0.15;UNKNOWN
2016-01-29T00:17:59.000000;2016-01-29T00:17:59.000000;64c0ca1d-bec1-4272-b492-ff2003aafdd0;373.0;25.84104537;UNKNOWN
2016-01-29T00:17:59.000000;2016-01-29T00:17:59.000000;1835268b-9be1-4288-a446-f104c5f8529d;373.03;0.84104537;UNKNOWN
2016-01-29T00:17:59.000000;2016-01-29T00:17:59.000000;7aec550b-6c8d-4fe6-af35-dc82c481e02c;373.03;34.15895463;UNKNOWN
2016-01-29T00:18:04.000000;2016-01-29T00:18:04.000000;5627db0d-b795-44ad-b3b0-e7d3e2edcd68;373.0;5.12412125;UNKNOWN
2016-01-29T00:18:06.000000;2016-01-29T00:18:06.000000;6b94ce31-555b-4946-a126-6ac6fe16f16f;373.02;2.0439796;UNKNOWN
2016-01-29T00:18:06.000000;2016-01-29T00:18:06.000000;132ba44c-fc92-4538-a3a9-73e3d2b18e3b;373.02;0.05;UNKNOWN
2016-01-29T00:18:10.000000;2016-01-29T00:18:10.000000;36f45a6b-c93d-41fb-ab98-bb0602803097;373.0;1.0;UNKNOWN
2016-01-29T00:18:11.000000;2016-01-29T00:18:11.000000;1377c3f7-aa2a-455b-9cd4-3f68d4b34bfe;373.0;34.5;UNKNOWN
2016-01-29T00:18:12.000000;2016-01-29T00:18:12.000000;664d5753-1604-46ea-80a1-ddcd555decc3;373.0;25.0;UNKNOWN
2016-01-29T00:18:15.000000;2016-01-29T00:18:15.000000;74fdddca-b17a-4d9e-bd39-6a52534861a0;373.0;0.01;UNKNOWN
2016-01-29T00:18:15.000000;2016-01-29T00:18:15.000000;9eadf5d8-2290-4d48-9976-174cca80a1c3;373.0;1.0;UNKNOWN
2016-01-29T00:18:15.000000;2016-01-29T00:18:15.000000;919fd4db-c6f6-4af5-ab51-a71a262555da;373.0;4.40277768;UNKNOWN
2016-01-29T00:18:15.000000;2016-01-29T00:18:15.000000;878de867-871a-49c1-aa55-a9b9cb0cf095;373.0;0.1;UNKNOWN
2016-01-29T00:18:15.000000;2016-01-29T00:18:15.000000;2e101c7a-25da-4910-a5c9-046efb1c3803;373.0;2.65170776;UNKNOWN
2016-01-29T00:18:15.000000;2016-01-29T00:18:15.000000;a1e04b03-f5b6-41d2-b289-e5885c4e3b7a;373.0;1.83551456;UNKNOWN
2016-01-29T00:18:18.000000;2016-01-29T00:18:18.000000;7e62789a-f4dc-4e68-aa4d-310dae59eae7;373.08;0.501;UNKNOWN
2016-01-29T00:18:20.000000;2016-01-29T00:18:20.000000;807c8688-c0c4-4576-9205-6ffca288b427;373.0;2.22522726;UNKNOWN
2016-01-29T00:18:22.000000;2016-01-29T00:18:22.000000;9ffd773b-246e-4909-a8a0-d1d231c9de5e;372.9;0.01;UNKNOWN
2016-01-29T00:18:22.000000;2016-01-29T00:18:22.000000;6212ecc1-3823-4f1d-9814-5b4fd13e8dc5;373.0;5.12306498;UNKNOWN
2016-01-29T00:18:22.000000;2016-01-29T00:18:22.000000;0cbdfad4-26f1-482e-8d87-0af250e400cd;372.91;0.05;UNKNOWN
2016-01-29T00:18:22.000000;2016-01-29T00:18:22.000000;9627966f-168b-45eb-be4c-a2d012ed1038;372.85;0.1359;UNKNOWN
2016-01-29T00:18:22.000000;2016-01-29T00:18:22.000000;c67666e1-db26-425c-a3ee-00d477e267d8;372.74;6.6976;UNKNOWN
2016-01-29T00:18:22.000000;2016-01-29T00:18:22.000000;813ad6dc-f6af-442d-994e-ce4ea756e2c8;372.87;0.4884;UNKNOWN
2016-01-29T00:18:22.000000;2016-01-29T00:18:22.000000;a99add1f-4724-4f56-a9b2-b891ff8973bf;372.73;7.49503502;UNKNOWN
2016-01-29T00:18:29.000000;2016-01-29T00:18:29.000000;1e402a30-1784-4918-87e0-c1e390711c93;373.0;0.5;UNKNOWN
2016-01-29T00:18:31.000000;2016-01-29T00:18:31.000000;38160bce-d6b2-4dad-8a61-480b8e1115d0;373.0;0.501;UNKNOWN
2016-01-29T00:18:32.000000;2016-01-29T00:18:32.000000;3944c118-d5a1-4cc1-8b00-3b1c5585d0cb;372.72;0.2183024;UNKNOWN
2016-01-29T00:18:33.000000;2016-01-29T00:18:33.000000;0deb950a-fb7b-4f05-ba73-8689f2f187ec;372.74;30.0;UNKNOWN
2016-01-29T00:18:34.000000;2016-01-29T00:18:34.000000;2b39113e-6dd5-4e58-befd-b13767ed3a21;372.88;0.5;UNKNOWN
2016-01-29T00:18:34.000000;2016-01-29T00:18:34.000000;e27e27a3-de5d-45aa-8928-783cd3b60831;372.72;1.7816976;UNKNOWN
2016-01-29T00:18:34.000000;2016-01-29T00:18:34.000000;ea4d3622-0652-4fff-b6a7-7dc09cff0413;372.74;20.0;UNKNOWN
2016-01-29T00:18:34.000000;2016-01-29T00:18:34.000000;66c57443-73c1-4c40-86a1-5b5b38583ac8;372.88;0.0399;UNKNOWN
2016-01-29T00:18:34.000000;2016-01-29T00:18:34.000000;7b353a6f-7261-4af9-8cbf-f6b6b0a7867c;372.7;3.2183024;UNKNOWN
2016-01-29T00:18:38.000000;2016-01-29T00:18:38.000000;5c45455a-a0a0-4387-9e5d-ee3901d057cd;372.75;1.4808;UNKNOWN
2016-01-29T00:18:40.000000;2016-01-29T00:18:40.000000;8843a13c-2f7e-4b3c-8fad-652d48b06b50;372.74;0.501;UNKNOWN
2016-01-29T00:18:41.000000;2016-01-29T00:18:41.000000;d4550524-18f8-4fe4-9b74-1e397a6b1b27;372.78;1.4808;UNKNOWN
2016-01-29T00:18:42.000000;2016-01-29T00:18:42.000000;e6e65515-48b0-4346-bd26-6bbc4f443b67;372.7;1.0;UNKNOWN
2016-01-29T00:18:42.000000;2016-01-29T00:18:42.000000;b020b7f0-3e46-4d7c-a31b-59ae92ccf4ff;372.71;3.1;UNKNOWN
2016-01-29T00:18:43.000000;2016-01-29T00:18:43.000000;07863b81-a6ae-474e-ae87-79439f9e77ec;372.71;3.822815;UNKNOWN
2016-01-29T00:18:43.000000;2016-01-29T00:18:43.000000;abcdca37-988f-4361-8f21-659a316322c9;372.7;5.0;UNKNOWN
2016-01-29T00:18:44.000000;2016-01-29T00:18:44.000000;23ebcdbb-8b72-42fc-bf70-609afb8ec31d;373.0;0.25;UNKNOWN
2016-01-29T00:18:45.000000;2016-01-29T00:18:45.000000;02a71678-98b7-4952-8a0a-caa7638b5774;372.78;0.066;UNKNOWN
2016-01-29T00:18:49.000000;2016-01-29T00:18:49.000000;3ac2c830-04fc-405a-b10a-cd1d99d4fafb;372.7;0.05104749;UNKNOWN
2016-01-29T00:18:49.000000;2016-01-29T00:18:49.000000;9ba9c59d-a989-4844-952e-980f4e51c233;372.69;0.32118377;UNKNOWN
2016-01-29T00:18:49.000000;2016-01-29T00:18:49.000000;bc9aaf03-ebcf-4971-a812-d4ad9995d939;372.69;0.8;UNKNOWN
2016-01-29T00:18:49.000000;2016-01-29T00:18:49.000000;3c3c45e5-b8bb-4759-a140-1349de6fbbe3;372.71;0.05103461;UNKNOWN
2016-01-29T00:18:49.000000;2016-01-29T00:18:49.000000;164915c3-fa44-48b1-8809-dcc572beb989;372.78;0.434;UNKNOWN
2016-01-29T00:18:49.000000;2016-01-29T00:18:49.000000;7eb73194-27e8-40e2-9af1-f998011297e0;372.7;0.7816976;UNKNOWN
2016-01-29T00:18:49.000000;2016-01-29T00:18:49.000000;cf1eda89-19cf-4c6a-bf20-792f4818c3e4;372.71;0.05103653;UNKNOWN
2016-01-29T00:18:49.000000;2016-01-29T00:18:49.000000;fef3e6c6-f281-44da-a277-8175bd06ce3a;372.7;0.01;UNKNOWN
2016-01-29T00:18:49.000000;2016-01-29T00:18:49.000000;bd2dd9ab-75f5-4b24-b721-87d58b8f54d1;373.0;1.58212;UNKNOWN
2016-01-29T00:18:49.000000;2016-01-29T00:18:49.000000;f606ba33-3c6c-4762-a6cd-2fc39ab3e028;372.7;1.0;UNKNOWN
2016-01-29T00:18:51.000000;2016-01-29T00:18:51.000000;c2762db0-760a-4b07-8a59-9d24fd844c10;373.0;0.501;UNKNOWN
2016-01-29T00:18:55.000000;2016-01-29T00:18:55.000000;21ac27aa-b977-494e-a165-79706411bb96;372.95;0.05105421;UNKNOWN
2016-01-29T00:19:01.000000;2016-01-29T00:19:01.000000;257faaf4-4d92-4437-a8f2-2963d9b9fa9f;372.81;1.6087;UNKNOWN
2016-01-29T00:19:01.000000;2016-01-29T00:19:01.000000;791e3766-e93a-49f5-aaf6-996dc80c0a68;372.81;4.3752;UNKNOWN
2016-01-29T00:19:02.000000;2016-01-29T00:19:02.000000;bad54370-2f76-4344-aec6-6fd866368e62;373.0;0.501;UNKNOWN
2016-01-29T00:19:02.000000;2016-01-29T00:19:02.000000;ab271d58-5e57-457e-a505-af0949e87f63;372.99;0.2;UNKNOWN
2016-01-29T00:19:06.000000;2016-01-29T00:19:06.000000;99de1444-ffe1-40ba-a546-4b3f6efa6c46;372.95;0.141;UNKNOWN
2016-01-29T00:19:06.000000;2016-01-29T00:19:06.000000;f595198f-614e-489d-905d-bc071b101c6f;373.0;1.29814;UNKNOWN
2016-01-29T00:19:12.000000;2016-01-29T00:19:12.000000;26c92e24-8e10-41c1-b72f-c8bbb831feaa;372.76;5.0;UNKNOWN
2016-01-29T00:19:13.000000;2016-01-29T00:19:13.000000;414d0545-25e2-4c5a-a7ca-8ccc0f969d7d;372.81;0.5;UNKNOWN
2016-01-29T00:19:14.000000;2016-01-29T00:19:14.000000;4eedafaf-8c68-4027-9368-206b782db3d3;372.81;0.501;UNKNOWN
2016-01-29T00:19:26.000000;2016-01-29T00:19:26.000000;9c889c85-543b-4184-b626-630725c13ae5;372.8;0.041;UNKNOWN
2016-01-29T00:19:26.000000;2016-01-29T00:19:26.000000;0ccbb909-37d3-4cef-a285-4d5991a2611d;372.88;0.46;UNKNOWN
2016-01-29T00:19:26.000000;2016-01-29T00:19:26.000000;c1eaa7c8-39bd-4e88-81ba-36e464f2fa2b;372.8;0.05;UNKNOWN
2016-01-29T00:19:27.000000;2016-01-29T00:19:27.000000;d9ad3baf-e927-462d-96fb-95d2162148a9;373.0;4.86774;UNKNOWN
2016-01-29T00:19:27.000000;2016-01-29T00:19:27.000000;a7611706-5379-4ccb-8821-b7132b6d18d1;373.0;1.0;UNKNOWN
2016-01-29T00:19:27.000000;2016-01-29T00:19:27.000000;5082cfab-ce3e-4547-b402-c4f4786b1889;372.99;6.6679;UNKNOWN
2016-01-29T00:19:28.000000;2016-01-29T00:19:28.000000;0597817b-6be5-4a12-a180-bd59b94a9a2f;373.0;3.91436;UNKNOWN
2016-01-29T00:19:28.000000;2016-01-29T00:19:28.000000;a69986ab-cd31-4eef-b3ef-13352fdef1fa;373.1;0.25;UNKNOWN
2016-01-29T00:19:28.000000;2016-01-29T00:19:28.000000;a0eaf726-f8c3-4a42-892c-a850f9bd547e;372.65;0.08564;UNKNOWN
2016-01-29T00:19:37.000000;2016-01-29T00:19:37.000000;32583eac-e6ce-4635-b445-e70cf07d2470;373.1;0.501;UNKNOWN
2016-01-29T00:19:42.000000;2016-01-29T00:19:42.000000;f4bca078-a1a1-49ac-826d-f4366f2ab3d9;373.1;0.2;UNKNOWN
2016-01-29T00:19:46.000000;2016-01-29T00:19:46.000000;dd68bc5e-f4bf-4e36-883c-dbbb1c7bd513;373.09;6.6143;UNKNOWN
2016-01-29T00:19:46.000000;2016-01-29T00:19:46.000000;4af336ef-a8b3-4e38-b01f-3a77a71f98e2;373.1;30.8582;UNKNOWN
2016-01-29T00:19:47.000000;2016-01-29T00:19:47.000000;9e4d1342-4d6a-44b6-bdef-120699810ed8;373.95;19.0183;UNKNOWN
2016-01-29T00:19:47.000000;2016-01-29T00:19:47.000000;b93d6000-d7d0-454c-be66-9f3a41ef25c9;373.1;46.71622936;UNKNOWN
2016-01-29T00:19:47.000000;2016-01-29T00:19:47.000000;442f3a23-5e69-4afa-903e-b1b97b1fb498;373.96;13.04417064;UNKNOWN
2016-01-29T00:19:47.000000;2016-01-29T00:19:47.000000;7b1b3358-fa1b-4746-826e-98b07e247c31;373.63;0.5;UNKNOWN
2016-01-29T00:19:47.000000;2016-01-29T00:19:47.000000;a1a9cc5f-d143-4afa-bf77-ccaa3197f5b0;373.95;10.7213;UNKNOWN
2016-01-29T00:19:50.000000;2016-01-29T00:19:50.000000;4e7c69e6-0185-47de-9996-28fc431bfe53;374.59;0.4227;UNKNOWN
2016-01-29T00:19:50.000000;2016-01-29T00:19:50.000000;c1fb5de9-ba00-446d-9765-a9752867f311;374.42;0.0223;UNKNOWN
2016-01-29T00:19:50.000000;2016-01-29T00:19:50.000000;2c118ba2-dd29-4d31-b1e7-996d6d7397a8;374.42;0.25;UNKNOWN
2016-01-29T00:19:51.000000;2016-01-29T00:19:51.000000;fe7da789-e5b5-4b8e-83ed-5b3249efe2e8;373.1;0.02;UNKNOWN
2016-01-29T00:19:52.000000;2016-01-29T00:19:52.000000;7d48c1ba-aab2-472f-84bb-9212f0ec5b98;373.1;0.082;UNKNOWN
2016-01-29T00:19:52.000000;2016-01-29T00:19:52.000000;5b9fb30b-bca1-4947-a5e6-7e4dcf2fd6bc;374.57;2.918;UNKNOWN
2016-01-29T00:19:53.000000;2016-01-29T00:19:53.000000;66eb411c-48cd-4348-ac65-534843460505;372.94;3.48;UNKNOWN
2016-01-29T00:19:53.000000;2016-01-29T00:19:53.000000;57268c8a-4def-42ef-bc75-bb198ad7ae1c;372.94;4.52;UNKNOWN
2016-01-29T00:19:57.000000;2016-01-29T00:19:57.000000;04225b56-7164-43d5-95fd-ee69069b102c;374.56;2.5;UNKNOWN
2016-01-29T00:20:00.000000;2016-01-29T00:20:00.000000;27bf34aa-f658-48ed-a098-3775a94a0cbc;374.54;0.2;UNKNOWN
2016-01-29T00:20:10.000000;2016-01-29T00:20:10.000000;db800d33-8826-4734-a60b-2575a7d61585;374.52;0.5;UNKNOWN
2016-01-29T00:20:10.000000;2016-01-29T00:20:10.000000;a5b2c77f-507a-4300-a9f3-9b30944b44a0;374.52;1.5;UNKNOWN
2016-01-29T00:20:28.000000;2016-01-29T00:20:28.000000;69381bf5-ec18-4451-8bfa-3ebfe187c5a7;374.25;0.0501;UNKNOWN
2016-01-29T00:20:30.000000;2016-01-29T00:20:30.000000;a354ef8b-70c8-48cf-bcfd-2073677a815a;374.24;0.0501;UNKNOWN
2016-01-29T00:20:32.000000;2016-01-29T00:20:32.000000;51ee1d10-3291-44f0-9803-0a9f5151b6a0;374.24;0.0501;UNKNOWN
2016-01-29T00:20:35.000000;2016-01-29T00:20:35.000000;b2b10777-853f-4bda-b1bd-2a6b44dbcca4;374.23;0.0501;UNKNOWN
2016-01-29T00:20:55.000000;2016-01-29T00:20:55.000000;137568e3-2407-44f2-9055-a18c78d1eaf6;374.23;0.1;UNKNOWN
2016-01-29T00:20:56.000000;2016-01-29T00:20:56.000000;e89a0502-95df-4fa5-a2c0-50ebb9d768cd;374.23;0.25;UNKNOWN
2016-01-29T00:21:03.000000;2016-01-29T00:21:03.000000;8d1f7c22-7376-43f1-a19c-c6923db8e4f5;374.01;0.83740579;UNKNOWN
2016-01-29T00:21:03.000000;2016-01-29T00:21:03.000000;91f8bc56-d7ac-41a3-8e73-32c40fcdfa9f;374.22;0.67;UNKNOWN
2016-01-29T00:21:05.000000;2016-01-29T00:21:05.000000;3cfccb4d-f8cd-4558-a8bc-de4e3f6ca353;373.86;10.0;UNKNOWN
2016-01-29T00:21:11.000000;2016-01-29T00:21:11.000000;3630738c-09cd-46e8-9f72-f947e0990476;374.22;0.022;UNKNOWN
2016-01-29T00:21:13.000000;2016-01-29T00:21:13.000000;8db0fdd7-9c98-4c6c-ad46-bccd6e36913b;374.0;1.0;UNKNOWN
2016-01-29T00:21:14.000000;2016-01-29T00:21:14.000000;232d7531-f769-41af-8db6-90106b137b9b;373.76;2.8389838;UNKNOWN
2016-01-29T00:21:14.000000;2016-01-29T00:21:14.000000;603b9274-90b3-4d77-a7d3-4f6d19ae78c0;373.9;1.4715;UNKNOWN
2016-01-29T00:21:20.000000;2016-01-29T00:21:20.000000;79a08dde-52b1-456a-ac3d-2c56bb3150bd;373.63;12.3059;UNKNOWN
2016-01-29T00:21:20.000000;2016-01-29T00:21:20.000000;e6a5b079-4c8a-49f7-a797-04fedea9a6ab;373.59;0.1;UNKNOWN
2016-01-29T00:21:20.000000;2016-01-29T00:21:20.000000;ba95fded-8851-4fe3-a4f2-72e03211bc19;373.67;10.0;UNKNOWN
2016-01-29T00:21:20.000000;2016-01-29T00:21:20.000000;669dd236-c9c6-4b19-9626-01caef58c973;373.59;2.6941;UNKNOWN
2016-01-29T00:21:21.000000;2016-01-29T00:21:21.000000;a6421c85-3e02-4cde-9081-76736c14fc3c;374.0;0.2;UNKNOWN
2016-01-29T00:21:22.000000;2016-01-29T00:21:22.000000;267f2c18-6f13-4301-919f-a6268ed41c82;374.18;6.4;UNKNOWN
2016-01-29T00:21:22.000000;2016-01-29T00:21:22.000000;db3f67dc-2c3f-4758-8160-bb908255658f;374.0;0.8;UNKNOWN
2016-01-29T00:21:25.000000;2016-01-29T00:21:25.000000;a829c742-42c0-4178-9c4f-04a490c72b81;373.58;0.2746;UNKNOWN
2016-01-29T00:21:25.000000;2016-01-29T00:21:25.000000;4e8419eb-6162-4cba-a81f-3c4786ac13e4;373.42;2.7254;UNKNOWN
2016-01-29T00:21:26.000000;2016-01-29T00:21:26.000000;5ee7ecdd-07e8-4643-b1a2-770bcd272c92;374.01;17.0;UNKNOWN
2016-01-29T00:21:26.000000;2016-01-29T00:21:26.000000;5fc71c81-b25f-4fe8-a23f-354b9b37599b;374.0;3.0;UNKNOWN
2016-01-29T00:21:36.000000;2016-01-29T00:21:36.000000;e8c75142-a9be-47cc-9c3e-89832a09778d;373.44;3.0;UNKNOWN
2016-01-29T00:21:36.000000;2016-01-29T00:21:36.000000;badbc56d-30e7-472f-91ae-5e95251a09b1;373.44;0.5;UNKNOWN
2016-01-29T00:21:36.000000;2016-01-29T00:21:36.000000;99ae7b1c-3bd7-485b-a7d5-89c464fe5b02;373.44;6.0;UNKNOWN
2016-01-29T00:21:37.000000;2016-01-29T00:21:37.000000;5981e5da-691f-4948-b35c-374b9f742a6e;373.44;20.0;UNKNOWN
2016-01-29T00:21:39.000000;2016-01-29T00:21:39.000000;4e82cd2b-1cc0-42bd-b666-ece70cff5b88;373.41;2.3227;UNKNOWN
2016-01-29T00:21:39.000000;2016-01-29T00:21:39.000000;bac0ad5f-d9c3-4350-a6e7-7cc852f62746;373.43;6.6773;UNKNOWN
2016-01-29T00:21:47.000000;2016-01-29T00:21:47.000000;f179e58f-93ea-48d3-a1ae-4339a33bcbbd;373.41;1.45628;UNKNOWN
2016-01-29T00:21:52.000000;2016-01-29T00:21:52.000000;ea379ac0-44e8-4e56-bbb4-93d7049d7a45;373.42;4.340525;UNKNOWN
2016-01-29T00:21:52.000000;2016-01-29T00:21:52.000000;18b989e8-21f0-482a-8de5-96f2d4d4af05;373.44;0.041;UNKNOWN
2016-01-29T00:21:53.000000;2016-01-29T00:21:53.000000;9b1369f7-6489-4218-b55f-1112b4534d85;373.51;2.0;UNKNOWN
2016-01-29T00:21:55.000000;2016-01-29T00:21:55.000000;2ce86755-3ee4-4df3-b28a-69086002f5b7;373.5;7.321511;UNKNOWN
2016-01-29T00:21:55.000000;2016-01-29T00:21:55.000000;82914af4-7a07-4594-ac9d-c3a143f26962;373.5;1.77;UNKNOWN
2016-01-29T00:21:55.000000;2016-01-29T00:21:55.000000;95e09af4-2357-4e0b-ac05-82f6c3ecdf14;374.15;0.0501;UNKNOWN
2016-01-29T00:21:55.000000;2016-01-29T00:21:55.000000;b1c23dc9-a64a-40b5-82d0-1527dbf65015;373.51;3.0;UNKNOWN
2016-01-29T00:22:08.000000;2016-01-29T00:22:08.000000;58ee9a2c-d517-485c-8415-344b17d4fc54;373.41;20.758221;UNKNOWN
2016-01-29T00:22:08.000000;2016-01-29T00:22:08.000000;cb4fd8b7-89b8-4054-a37a-0ab9d7751895;373.51;5.0;UNKNOWN
2016-01-29T00:22:08.000000;2016-01-29T00:22:08.000000;cf9770ae-fa03-4999-a30d-2923ff4d1ef1;373.5;10.867489;UNKNOWN
2016-01-29T00:22:08.000000;2016-01-29T00:22:08.000000;f377d0d5-3a5e-474b-b5ac-ebd636df7377;373.5;1.4091;UNKNOWN
2016-01-29T00:22:08.000000;2016-01-29T00:22:08.000000;b2bda2cf-63f5-44fe-9e23-e7cf6e82839a;373.43;0.5;UNKNOWN
2016-01-29T00:22:08.000000;2016-01-29T00:22:08.000000;4bca8e18-45fe-42bb-9fcc-0b552534bc42;373.45;2.0;UNKNOWN
2016-01-29T00:22:08.000000;2016-01-29T00:22:08.000000;cb87cb7d-9ac2-4f1f-901c-556a76b7f669;373.51;6.5983;UNKNOWN
2016-01-29T00:22:09.000000;2016-01-29T00:22:09.000000;907e9fd8-9b6a-48d7-95c8-41f519b06320;374.66;6.6402;UNKNOWN
2016-01-29T00:22:09.000000;2016-01-29T00:22:09.000000;7dc19ab5-bb9f-47b1-a5c0-44fb80b85bc8;374.0;0.5;UNKNOWN
2016-01-29T00:22:09.000000;2016-01-29T00:22:09.000000;05567ed5-f991-460f-9bb6-8706aee3157f;373.9;0.6;UNKNOWN
2016-01-29T00:22:09.000000;2016-01-29T00:22:09.000000;22d35702-aab0-4f0d-868e-6152f00956e9;374.67;1.0;UNKNOWN
2016-01-29T00:22:09.000000;2016-01-29T00:22:09.000000;632a86f9-290a-431d-bca8-7725f61b508a;374.23;0.2;UNKNOWN
2016-01-29T00:22:09.000000;2016-01-29T00:22:09.000000;af0b2527-b355-4c95-b946-142f77e12d45;374.68;11.0598;UNKNOWN
2016-01-29T00:22:17.000000;2016-01-29T00:22:17.000000;67e607f8-80bb-402f-b4a0-8f4e81ec1815;373.67;0.59547986;UNKNOWN
2016-01-29T00:22:20.000000;2016-01-29T00:22:20.000000;23e944d8-4c39-4d44-b5df-368ded603e02;374.63;0.0295;UNKNOWN
2016-01-29T00:22:20.000000;2016-01-29T00:22:20.000000;9aafc974-5f1e-4ee2-a31b-1b8f572f0a16;374.63;0.5;UNKNOWN
2016-01-29T00:22:24.000000;2016-01-29T00:22:24.000000;8e174803-6bdb-4e39-94c9-a62f1bf911fb;373.67;0.23520802;UNKNOWN
2016-01-29T00:22:27.000000;2016-01-29T00:22:27.000000;2f52ecea-e7d7-4372-b8c8-32c53bbf695c;373.51;0.0602;UNKNOWN
2016-01-29T00:22:35.000000;2016-01-29T00:22:35.000000;43b48460-5cb0-4750-ad6e-399fbceb53cb;373.68;6.1159;UNKNOWN
2016-01-29T00:22:35.000000;2016-01-29T00:22:35.000000;91aa5c90-bb91-47df-a406-e96cb20aa479;373.68;0.5;UNKNOWN
2016-01-29T00:22:35.000000;2016-01-29T00:22:35.000000;3191a2a2-07d6-4df9-b1d7-58b4300dd7bf;373.66;3.818002;UNKNOWN
2016-01-29T00:22:43.000000;2016-01-29T00:22:43.000000;b6ed3109-2e6d-4d93-bd60-d8fb5f81461b;373.51;0.0398;UNKNOWN
2016-01-29T00:22:53.000000;2016-01-29T00:22:53.000000;3ccffcb9-31b6-42ee-a92d-8a3c396a20fa;373.51;1.0;UNKNOWN
2016-01-29T00:22:53.000000;2016-01-29T00:22:53.000000;c6d562da-992c-4ca0-822d-43d2f4df89de;373.5;3.9602;UNKNOWN
2016-01-29T00:22:53.000000;2016-01-29T00:22:53.000000;f52d7b86-b2e0-4cbe-965f-5be51b8f597d;373.51;0.0398;UNKNOWN
2016-01-29T00:22:54.000000;2016-01-29T00:22:54.000000;602979ab-c828-4c0e-9465-3baae69e0258;373.43;1.0;UNKNOWN
2016-01-29T00:23:02.000000;2016-01-29T00:23:02.000000;c32159a5-e1b3-41e1-970f-a1ff9fd3d17e;373.5;4.0;UNKNOWN
2016-01-29T00:23:02.000000;2016-01-29T00:23:02.000000;c294daca-5e8b-405b-a018-e938a0a5d07c;373.43;1.0;UNKNOWN
2016-01-29T00:23:03.000000;2016-01-29T00:23:03.000000;92c12251-77dc-4b68-9a0f-e90556c885fd;373.51;0.7343;UNKNOWN
2016-01-29T00:23:07.000000;2016-01-29T00:23:07.000000;b002d506-3c77-4b12-aa14-c59e06610202;373.41;0.00529881;UNKNOWN
2016-01-29T00:23:17.000000;2016-01-29T00:23:17.000000;197dff44-d11e-44b8-86e5-7823ff2d4f79;373.51;0.2259;UNKNOWN
2016-01-29T00:23:17.000000;2016-01-29T00:23:17.000000;6a531e65-cea7-46d6-8415-ccc22eccce8a;373.99;0.0241;UNKNOWN
2016-01-29T00:23:35.000000;2016-01-29T00:23:35.000000;eed440df-98d3-48ea-bc97-5e9b315e8fee;373.69;0.59656184;UNKNOWN
2016-01-29T00:23:47.000000;2016-01-29T00:23:47.000000;43fba3e5-e7f6-4302-a863-d0cd9ed06134;373.41;0.25680119;UNKNOWN
2016-01-29T00:23:47.000000;2016-01-29T00:23:47.000000;5a1dc2fe-8092-43ec-8e8b-184745d64233;373.43;9.27;UNKNOWN
2016-01-29T00:23:47.000000;2016-01-29T00:23:47.000000;28488bd2-fdd0-4383-85f5-0e9b521ab2bf;373.26;5.0;UNKNOWN
2016-01-29T00:23:47.000000;2016-01-29T00:23:47.000000;3293186d-7025-4499-bb47-522fa2fbec30;373.44;4.56;UNKNOWN
2016-01-29T00:23:47.000000;2016-01-29T00:23:47.000000;d2c0a309-05b0-4862-8431-12ac70e57669;373.68;10.0;UNKNOWN
2016-01-29T00:23:47.000000;2016-01-29T00:23:47.000000;e34a28db-27d3-45d8-bd07-6981aacf7c18;373.68;0.5037;UNKNOWN
2016-01-29T00:23:47.000000;2016-01-29T00:23:47.000000;dd421ec3-2754-40af-897e-a1b1b184c2fd;373.68;16.0445;UNKNOWN
2016-01-29T00:23:47.000000;2016-01-29T00:23:47.000000;e40f5535-d396-4761-aac7-4aa6e1aac6d4;373.5;6.0;UNKNOWN
2016-01-29T00:23:47.000000;2016-01-29T00:23:47.000000;df834066-d8ec-40ea-a6ff-7f61aebcfbb8;373.42;20.3269;UNKNOWN
2016-01-29T00:23:47.000000;2016-01-29T00:23:47.000000;28c9681c-1516-4fc6-b415-44465447ea84;373.43;10.0;UNKNOWN
2016-01-29T00:23:47.000000;2016-01-29T00:23:47.000000;b9076d27-523d-4925-b744-6e308b8936ca;373.41;1.0;UNKNOWN
2016-01-29T00:23:47.000000;2016-01-29T00:23:47.000000;d465d0bf-306c-4593-b175-59f659d5af0f;373.35;10.0;UNKNOWN
2016-01-29T00:23:47.000000;2016-01-29T00:23:47.000000;32e131ce-76d9-4305-8aaf-665bc98c821b;373.2;17.45376065;UNKNOWN
2016-01-29T00:23:47.000000;2016-01-29T00:23:47.000000;254c4806-4e4d-4cd1-af31-a9f9813200f8;373.69;6.02633816;UNKNOWN
2016-01-29T00:23:47.000000;2016-01-29T00:23:47.000000;dcc45921-a83d-4168-abe2-762e2c1aa813;373.36;4.56;UNKNOWN
2016-01-29T00:23:47.000000;2016-01-29T00:23:47.000000;0bcf85b8-9adf-4166-b994-3f339fb72807;373.4;1.0;UNKNOWN
2016-01-29T00:23:47.000000;2016-01-29T00:23:47.000000;c64de0dd-96a2-4167-9f46-f690ce677152;373.4;2.998;UNKNOWN
2016-01-29T00:23:47.000000;2016-01-29T00:23:47.000000;f4642b09-6b87-45cf-8e60-ff40a77ab9e5;373.25;125.0;UNKNOWN
2016-01-29T00:24:08.000000;2016-01-29T00:24:08.000000;4c0b3c80-583d-4f03-859a-1a28c5792c61;373.83;5.0;UNKNOWN
2016-01-29T00:24:09.000000;2016-01-29T00:24:09.000000;ceab4c98-4b95-4098-9ab8-d643870db98b;373.5;1.5;UNKNOWN
2016-01-29T00:24:14.000000;2016-01-29T00:24:14.000000;66a06eba-16ed-4330-9c2b-7cc88f8b576d;373.79;5.0;UNKNOWN
2016-01-29T00:24:18.000000;2016-01-29T00:24:18.000000;d4261771-a253-4482-8e35-8feffd116918;373.78;0.1;UNKNOWN
2016-01-29T00:24:26.000000;2016-01-29T00:24:26.000000;80ca047b-0adc-4d94-9048-fa760fcd8c86;373.69;5.0;UNKNOWN
2016-01-29T00:24:39.000000;2016-01-29T00:24:39.000000;02c06779-5748-453c-98e8-4465cac93a0a;373.6;0.4;UNKNOWN
2016-01-29T00:24:52.000000;2016-01-29T00:24:52.000000;aed79a91-5081-4cdd-9ac1-2e5299fa6931;373.6;5.0;UNKNOWN
2016-01-29T00:25:06.000000;2016-01-29T00:25:06.000000;4dda288b-52ee-42e2-9406-ff7be7da94da;374.62;23.238;UNKNOWN
2016-01-29T00:25:06.000000;2016-01-29T00:25:06.000000;62ee426e-2f58-4655-ad2b-41eec1475993;374.99;1.0;UNKNOWN
2016-01-29T00:25:06.000000;2016-01-29T00:25:06.000000;4cf370e6-0b68-4c86-99ea-7362a9c6e0f0;374.0;25.0;UNKNOWN
2016-01-29T00:25:06.000000;2016-01-29T00:25:06.000000;e88f7e90-2e5d-4bc0-bc00-3a9a181024ce;375.0;13.79428037;UNKNOWN
2016-01-29T00:25:06.000000;2016-01-29T00:25:06.000000;4c6e67fc-f2f4-44a4-9211-9905071861e1;374.74;0.5;UNKNOWN
2016-01-29T00:25:06.000000;2016-01-29T00:25:06.000000;871df366-d604-4cf8-bd21-1f98bcd98384;374.75;23.4639;UNKNOWN
2016-01-29T00:25:06.000000;2016-01-29T00:25:06.000000;beb20236-67ce-4ead-8d08-2cd0d79f4c59;374.91;0.05;UNKNOWN
2016-01-29T00:25:06.000000;2016-01-29T00:25:06.000000;5136e1ae-3882-4c84-a7a3-2caa8df14341;374.99;10.0;UNKNOWN
2016-01-29T00:25:06.000000;2016-01-29T00:25:06.000000;c7288fcc-bee5-4f34-816c-d903163a9ffc;375.0;0.28973222;UNKNOWN
2016-01-29T00:25:06.000000;2016-01-29T00:25:06.000000;622137cd-fd45-4c43-9976-7e6dd1358d5f;374.63;0.5;UNKNOWN
2016-01-29T00:25:06.000000;2016-01-29T00:25:06.000000;8c17f3db-8d30-487f-b5eb-87b6158f784b;374.99;22.6592;UNKNOWN
2016-01-29T00:25:06.000000;2016-01-29T00:25:06.000000;962fca0d-d6db-4ae7-ac65-7275573af703;374.58;1.0;UNKNOWN
2016-01-29T00:25:06.000000;2016-01-29T00:25:06.000000;8151a6ff-3a38-40a8-94b7-a0f452d2a4d8;373.95;23.3;UNKNOWN
2016-01-29T00:25:06.000000;2016-01-29T00:25:06.000000;1efcbee0-3d9c-4133-8211-c7e0796dc78a;375.0;5.0;UNKNOWN
2016-01-29T00:25:06.000000;2016-01-29T00:25:06.000000;c6d3176b-f617-4cda-b036-feb757180ac8;373.63;7.561858;UNKNOWN
2016-01-29T00:25:06.000000;2016-01-29T00:25:06.000000;9e36c193-625d-4e61-b715-1532bfaa6f70;375.0;2.0;UNKNOWN
2016-01-29T00:25:06.000000;2016-01-29T00:25:06.000000;651418a0-57a2-48ac-870c-dcf27e17045e;373.76;6.5937;UNKNOWN
2016-01-29T00:25:06.000000;2016-01-29T00:25:06.000000;c75ac21c-fafe-40bb-9891-792b4bfb70f7;374.0;0.5;UNKNOWN
2016-01-29T00:25:07.000000;2016-01-29T00:25:07.000000;618e6f44-ff79-4163-b0a4-911d309a80a1;375.0;33.54932941;UNKNOWN
2016-01-29T00:25:14.000000;2016-01-29T00:25:14.000000;cc91f4e3-3a5d-4069-a686-bb9932a45eb3;373.79;15.0;UNKNOWN
2016-01-29T00:25:18.000000;2016-01-29T00:25:18.000000;d3ff202e-47b4-4fbe-9dea-846914c2dd3c;373.67;2.83930169;UNKNOWN
2016-01-29T00:25:19.000000;2016-01-29T00:25:19.000000;c76ed9e4-1727-4f14-987c-c28be2c884d4;373.7;4.0;UNKNOWN
2016-01-29T00:25:24.000000;2016-01-29T00:25:24.000000;4f255f04-870b-4a2c-99eb-4538df250d44;373.6;0.07042272;UNKNOWN
2016-01-29T00:25:24.000000;2016-01-29T00:25:24.000000;3833ae30-f72d-4b6f-9d19-6a10848d76d2;373.7;1.0;UNKNOWN
2016-01-29T00:25:27.000000;2016-01-29T00:25:27.000000;9b934449-0a36-4294-bbab-76903b192168;373.61;6.5974;UNKNOWN
2016-01-29T00:25:28.000000;2016-01-29T00:25:28.000000;afde69b8-4b9f-45eb-930b-76fe6e903c5a;373.61;1.0;UNKNOWN
2016-01-29T00:25:34.000000;2016-01-29T00:25:34.000000;235330fb-0a1c-414e-86db-eac8fc979db6;373.61;1.0;UNKNOWN
2016-01-29T00:25:36.000000;2016-01-29T00:25:36.000000;855062bb-2147-4e93-8915-d52def5ec09b;373.61;1.0;UNKNOWN
2016-01-29T00:25:37.000000;2016-01-29T00:25:37.000000;a4b8c1cd-5199-49ac-97c1-719a5fa99eba;373.61;1.0;UNKNOWN
2016-01-29T00:25:38.000000;2016-01-29T00:25:38.000000;ef0e61d1-c6ad-4b0c-8c47-ef1d831f6eba;373.61;1.0;UNKNOWN
2016-01-29T00:25:38.000000;2016-01-29T00:25:38.000000;adab8fc7-7f68-46c9-8fc7-1869e7734bc9;373.61;0.1;UNKNOWN
2016-01-29T00:25:39.000000;2016-01-29T00:25:39.000000;8f00f3fc-1614-4cb4-a8b5-398fabcddd4f;373.6;15.0;UNKNOWN
2016-01-29T00:25:44.000000;2016-01-29T00:25:44.000000;466f2194-7976-4d97-b77e-ff62dfae6d31;373.61;0.7;UNKNOWN
2016-01-29T00:25:53.000000;2016-01-29T00:25:53.000000;1dc339aa-5a8f-46df-9b89-87832f5c6ff0;373.61;0.5;UNKNOWN
2016-01-29T00:25:56.000000;2016-01-29T00:25:56.000000;1e4b2a52-bb98-4cef-8ecb-4ab2e39e465d;373.6;0.05;UNKNOWN
2016-01-29T00:25:58.000000;2016-01-29T00:25:58.000000;2f47da11-599b-4339-adf8-2e40383f14f8;373.5;18.5;UNKNOWN
2016-01-29T00:25:58.000000;2016-01-29T00:25:58.000000;cd633520-8ba9-4471-b44f-05b54eb047ce;373.58;0.5591;UNKNOWN
2016-01-29T00:25:58.000000;2016-01-29T00:25:58.000000;3f776fb1-057f-4b67-a5bc-74ad23728895;373.5;24.35184072;UNKNOWN
2016-01-29T00:25:58.000000;2016-01-29T00:25:58.000000;b10e53f6-8763-410e-bea6-ed0d895db7f6;373.53;0.05;UNKNOWN
2016-01-29T00:25:58.000000;2016-01-29T00:25:58.000000;ab27bc14-674c-46b9-aa5b-fcfa31a60a02;373.6;0.053;UNKNOWN
2016-01-29T00:25:58.000000;2016-01-29T00:25:58.000000;c55be487-693d-46c6-b5ca-c1e7df3fa4e2;373.6;1.82307728;UNKNOWN
2016-01-29T00:26:01.000000;2016-01-29T00:26:01.000000;0c86d06d-2ea7-4894-99ee-cf42a357b717;373.61;0.2;UNKNOWN
2016-01-29T00:26:05.000000;2016-01-29T00:26:05.000000;ccdf65ba-f1c0-4a21-a0ca-f4f747fb3594;373.62;0.1;UNKNOWN
2016-01-29T00:26:47.000000;2016-01-29T00:26:47.000000;3265384c-34fb-42ad-b18b-56dd9ecfe271;374.12;1.42;UNKNOWN
2016-01-29T00:26:59.000000;2016-01-29T00:26:59.000000;dcdb04b0-b87e-4c25-bfc9-776dffa2dd0a;374.07;0.1;UNKNOWN
2016-01-29T00:27:02.000000;2016-01-29T00:27:02.000000;ff5e9cb8-b5ca-4198-9271-01651697b3fe;374.0;0.12860826;UNKNOWN
2016-01-29T00:27:23.000000;2016-01-29T00:27:23.000000;d8433204-9d78-4652-9dc6-1a2d0a4a37ea;374.03;3.0;UNKNOWN
2016-01-29T00:27:32.000000;2016-01-29T00:27:32.000000;c3d9436e-8f61-4969-a3dd-3d681e16077d;374.0;0.87139174;UNKNOWN
2016-01-29T00:27:32.000000;2016-01-29T00:27:32.000000;b064d8c5-ae71-47b9-b6eb-8e5a0c8a1a49;374.0;1.12860826;UNKNOWN
2016-01-29T00:27:33.000000;2016-01-29T00:27:33.000000;90d41fa5-0767-43b4-8d41-ba5d93e10ced;374.03;0.5;UNKNOWN
2016-01-29T00:27:33.000000;2016-01-29T00:27:33.000000;fd9513fd-8822-4b55-9131-138b78f11b15;374.05;6.6541;UNKNOWN
2016-01-29T00:27:33.000000;2016-01-29T00:27:33.000000;172c0792-e3c6-4411-8b4f-a6f42d321910;374.04;3.0;UNKNOWN
2016-01-29T00:27:33.000000;2016-01-29T00:27:33.000000;756e0e3d-b573-4fb7-a7d0-d9536b0d72cc;374.06;9.8459;UNKNOWN
2016-01-29T00:27:36.000000;2016-01-29T00:27:36.000000;2788e9be-d948-444a-bbf1-152b4d2aa153;374.0;0.4;UNKNOWN
2016-01-29T00:27:38.000000;2016-01-29T00:27:38.000000;bebf1c8c-60a6-4381-a28b-dc713dbaea93;374.0;2.57139174;UNKNOWN
2016-01-29T00:27:38.000000;2016-01-29T00:27:38.000000;4bb261e9-fd5f-4277-aea6-fbbee2b8ae89;374.0;5.0;UNKNOWN
2016-01-29T00:27:48.000000;2016-01-29T00:27:48.000000;8fa6d5f0-1042-4150-8f91-76c0310f6ef6;373.69;0.25;UNKNOWN
2016-01-29T00:27:54.000000;2016-01-29T00:27:54.000000;20fa0701-9c40-45ea-abeb-65fa0a4bd6e0;373.69;5.1044;UNKNOWN
2016-01-29T00:27:55.000000;2016-01-29T00:27:55.000000;be7f763b-fe9a-43c6-b9cb-35dfbb3edc2e;373.5;3.3831;UNKNOWN
2016-01-29T00:27:55.000000;2016-01-29T00:27:55.000000;2d0be476-8f60-4e55-93bc-824b523929a9;373.51;6.6169;UNKNOWN
2016-01-29T00:27:57.000000;2016-01-29T00:27:57.000000;d082d3ae-276f-44d0-bde9-ff86b87f3c19;373.5;10.5;UNKNOWN
2016-01-29T00:27:57.000000;2016-01-29T00:27:57.000000;c37f63e4-98ce-46ae-86eb-54b2b34509c5;373.2;70.73494072;UNKNOWN
2016-01-29T00:27:57.000000;2016-01-29T00:27:57.000000;f1ad1d82-6b03-432c-96da-7a0632aaeb67;373.5;10.5;UNKNOWN
2016-01-29T00:27:57.000000;2016-01-29T00:27:57.000000;f2dd67e6-8448-4c39-8f0d-3c20567d7455;373.3;5.0;UNKNOWN
2016-01-29T00:27:57.000000;2016-01-29T00:27:57.000000;f9f0e16f-17e0-4d68-a28b-12b404b88746;373.5;1.0;UNKNOWN
2016-01-29T00:27:57.000000;2016-01-29T00:27:57.000000;b800ded3-bc0f-4791-b299-847dd255dd11;373.5;2.26505928;UNKNOWN
2016-01-29T00:28:00.000000;2016-01-29T00:28:00.000000;b5e3f5c0-62d6-4887-9f2b-ed2ffe4173a4;373.2;10.0;UNKNOWN
2016-01-29T00:28:05.000000;2016-01-29T00:28:05.000000;cbd9d6aa-e7ac-41df-ac44-6283df707ea1;373.2;0.1;UNKNOWN
2016-01-29T00:28:05.000000;2016-01-29T00:28:05.000000;5b5b4fb5-444c-4b5c-9bd9-39912935cd6f;373.0;3.08870137;UNKNOWN
2016-01-29T00:28:05.000000;2016-01-29T00:28:05.000000;30d61229-a2f2-4738-bc7d-8661d9173d35;373.2;1.81129863;UNKNOWN
2016-01-29T00:28:08.000000;2016-01-29T00:28:08.000000;c435fc5d-3683-4c91-a970-dc43cc6c3875;373.0;1.55;UNKNOWN
2016-01-29T00:28:10.000000;2016-01-29T00:28:10.000000;284cce01-d109-47d2-888c-2731392fc812;373.0;6.68910109;UNKNOWN
2016-01-29T00:28:10.000000;2016-01-29T00:28:10.000000;761dc147-962f-4991-be3d-f93bf804af29;373.0;5.0;UNKNOWN
2016-01-29T00:28:10.000000;2016-01-29T00:28:10.000000;f6db7f2c-9129-428d-ae3c-2b67b4d64539;373.0;0.1;UNKNOWN
2016-01-29T00:28:10.000000;2016-01-29T00:28:10.000000;f27e87b2-ff8d-402c-93f8-fdf42ae34395;373.0;0.36129863;UNKNOWN
2016-01-29T00:28:13.000000;2016-01-29T00:28:13.000000;1c7fd5a6-2fae-4f6f-8bd0-7db43341ca8a;373.02;6.6759;UNKNOWN
2016-01-29T00:28:13.000000;2016-01-29T00:28:13.000000;e684166e-7d9d-404a-9242-fe316b0f2509;373.0;13.3241;UNKNOWN
2016-01-29T00:28:18.000000;2016-01-29T00:28:18.000000;5feaa528-210e-4c50-88e0-72a44163a7d1;373.0;0.6833686;UNKNOWN
2016-01-29T00:28:18.000000;2016-01-29T00:28:18.000000;b6ad2982-5372-4d10-8d71-54c911a8fe86;373.0;1.0;UNKNOWN
2016-01-29T00:28:23.000000;2016-01-29T00:28:23.000000;bb15a5c6-579e-47e9-873b-3c3665151080;373.0;0.02624947;UNKNOWN
2016-01-29T00:28:30.000000;2016-01-29T00:28:30.000000;8d83c1b1-54c2-4f7c-ba48-ac6c472c2306;373.0;8.27718084;UNKNOWN
2016-01-29T00:28:30.000000;2016-01-29T00:28:30.000000;6560e32f-7ea5-4568-bd16-f23e9fab2424;373.0;11.72281916;UNKNOWN
2016-01-29T00:28:43.000000;2016-01-29T00:28:43.000000;437f4b1d-8b06-49d7-816d-1f16364d2e0a;373.1;0.1;UNKNOWN
2016-01-29T00:29:01.000000;2016-01-29T00:29:01.000000;2c48e66d-2089-450f-81bd-927de63a480c;373.01;6.6954;UNKNOWN
2016-01-29T00:29:02.000000;2016-01-29T00:29:02.000000;29d7911e-cac1-4491-98ce-f0f2881e6709;373.13;0.1;UNKNOWN
2016-01-29T00:29:06.000000;2016-01-29T00:29:06.000000;19fa9b23-feb5-4fbb-8bb4-646b4754eab6;373.0;38.65447118;UNKNOWN
2016-01-29T00:29:12.000000;2016-01-29T00:29:12.000000;d498e977-ba19-4837-9b9e-df9bbb17d3fe;373.0;20.0;UNKNOWN
2016-01-29T00:29:15.000000;2016-01-29T00:29:15.000000;0aaed26c-f864-4643-b540-8ec9df17ac25;373.01;3.0;UNKNOWN
2016-01-29T00:29:22.000000;2016-01-29T00:29:22.000000;b5789569-ce81-4f15-8c2a-896ee946873c;373.01;0.1;UNKNOWN
2016-01-29T00:29:25.000000;2016-01-29T00:29:25.000000;2a1502cf-c796-4bcc-aac4-f2384de2e486;373.01;0.25;UNKNOWN
2016-01-29T00:29:27.000000;2016-01-29T00:29:27.000000;359310c4-0744-4931-ad58-e270529894d4;373.0;6.6285;UNKNOWN
2016-01-29T00:29:27.000000;2016-01-29T00:29:27.000000;7fdd18af-bb81-486b-8f06-d0091c8cd372;373.0;8.10640966;UNKNOWN
2016-01-29T00:29:29.000000;2016-01-29T00:29:29.000000;1dd58973-505d-4dc5-b406-bc0375d7ffd4;373.0;3.7;UNKNOWN
2016-01-29T00:29:38.000000;2016-01-29T00:29:38.000000;ef74ccd1-5904-4b4c-afd2-f035c0ef8bde;372.99;2.0;UNKNOWN
2016-01-29T00:29:39.000000;2016-01-29T00:29:39.000000;0406c971-d5b2-4328-9dc8-914980a38279;373.0;81.56509034;UNKNOWN
2016-01-29T00:29:39.000000;2016-01-29T00:29:39.000000;a0f49ae8-f351-4b20-bd0a-7a858b6b8d15;372.99;4.555477;UNKNOWN
2016-01-29T00:29:47.000000;2016-01-29T00:29:47.000000;cff974f0-70a6-443a-93b1-a1495384f81b;373.0;12.642959;UNKNOWN
2016-01-29T00:29:47.000000;2016-01-29T00:29:47.000000;a333c9eb-6aaf-4890-9501-754f3fc582f1;373.02;10.0;UNKNOWN
2016-01-29T00:29:47.000000;2016-01-29T00:29:47.000000;91a9d992-028e-4650-b7a8-e7e57729f844;373.02;1.0;UNKNOWN
2016-01-29T00:29:55.000000;2016-01-29T00:29:55.000000;9f626d05-b15f-45e7-bd46-6ece26e0a3ec;373.02;0.5;UNKNOWN
2016-01-29T00:29:57.000000;2016-01-29T00:29:57.000000;4e9530ed-1021-4567-85c5-58578e7c1e44;373.0;25.0;UNKNOWN
2016-01-29T00:30:08.000000;2016-01-29T00:30:08.000000;70d00f0a-0609-48f4-9b9d-15d9eba53e73;373.02;0.1;UNKNOWN
2016-01-29T00:30:17.000000;2016-01-29T00:30:17.000000;b95c88ad-6ba9-410b-95ad-e4c8defb90e7;373.0;42.0;UNKNOWN
2016-01-29T00:30:22.000000;2016-01-29T00:30:22.000000;ea644c1a-0609-401b-9e7b-5833460f8031;373.0;0.06526899;UNKNOWN
2016-01-29T00:30:24.000000;2016-01-29T00:30:24.000000;3375fa5d-75c2-4e4b-985b-245a362ceba8;373.02;3.46;UNKNOWN
2016-01-29T00:30:25.000000;2016-01-29T00:30:25.000000;19e77887-bbde-48ba-bda0-8bfa95a5ba9e;373.98;0.23;UNKNOWN
2016-01-29T00:30:40.000000;2016-01-29T00:30:40.000000;68180123-5718-48c4-af8a-488a46f8ffe4;374.0;0.23;UNKNOWN
2016-01-29T00:30:51.000000;2016-01-29T00:30:51.000000;f499c79d-5c50-41f4-9ff7-84ac8c8c98b9;373.49;0.21;UNKNOWN
2016-01-29T00:30:59.000000;2016-01-29T00:30:59.000000;b068cf4f-9437-472f-89cc-8df95a3ef89a;373.47;4.0487;UNKNOWN
2016-01-29T00:30:59.000000;2016-01-29T00:30:59.000000;d102da38-5cb2-48cf-8c30-4a4a1fd4aca4;373.49;6.4513;UNKNOWN
2016-01-29T00:31:04.000000;2016-01-29T00:31:04.000000;af77023a-939b-43d6-8d39-34ba58641e25;373.97;0.1;UNKNOWN
2016-01-29T00:31:40.000000;2016-01-29T00:31:40.000000;b662510f-f559-48e3-a8f2-57a31a3ab742;373.83;0.4;UNKNOWN
2016-01-29T00:31:45.000000;2016-01-29T00:31:45.000000;e4421dce-2257-441f-85ab-8df0e615beef;373.48;1.0;UNKNOWN
2016-01-29T00:31:45.000000;2016-01-29T00:31:45.000000;9d11afc3-2bd8-4d80-92e7-21704a999746;373.79;0.25;UNKNOWN
2016-01-29T00:31:56.000000;2016-01-29T00:31:56.000000;342ff408-d533-4114-81a3-7503dba12128;373.99;0.866;UNKNOWN
2016-01-29T00:31:56.000000;2016-01-29T00:31:56.000000;72b12b9c-a386-4c0a-8b13-0e9536827eb9;373.86;0.134;UNKNOWN
2016-01-29T00:31:57.000000;2016-01-29T00:31:57.000000;507c8698-b9d8-4e58-bef9-4a230eb7c5fb;373.99;0.25;UNKNOWN
2016-01-29T00:32:05.000000;2016-01-29T00:32:05.000000;b4e36b16-2c5d-4b02-af48-e2864c65cfd4;373.48;6.24353368;UNKNOWN
2016-01-29T00:32:06.000000;2016-01-29T00:32:06.000000;17cd7141-813f-4325-81fc-c0d644890de9;373.47;0.0412;UNKNOWN
2016-01-29T00:32:15.000000;2016-01-29T00:32:15.000000;d378ac88-08b7-4bfd-a7ca-032d86c2e28b;373.59;3.0;UNKNOWN
2016-01-29T00:32:15.000000;2016-01-29T00:32:15.000000;5efa70b9-3f5c-4e7c-8a9e-cb116a8182ae;373.59;0.5;UNKNOWN
2016-01-29T00:32:15.000000;2016-01-29T00:32:15.000000;b2b0e5a2-3798-46a3-a0c8-00fc4ade0714;373.59;1.5;UNKNOWN
2016-01-29T00:32:21.000000;2016-01-29T00:32:21.000000;ae253252-7b3c-4b3f-9fda-5e9834f35672;373.6;0.2;UNKNOWN
2016-01-29T00:32:24.000000;2016-01-29T00:32:24.000000;067904a3-93a8-472f-a83d-733536cfe0d3;374.85;10.6308;UNKNOWN
2016-01-29T00:32:24.000000;2016-01-29T00:32:24.000000;3f088a69-0185-43e7-afd8-68bf500462f2;373.98;6.5897;UNKNOWN
2016-01-29T00:32:24.000000;2016-01-29T00:32:24.000000;ea9ad637-d186-4ad5-8b64-a1d8ae2d16d1;374.0;4.77;UNKNOWN
2016-01-29T00:32:24.000000;2016-01-29T00:32:24.000000;9198848d-ef09-449c-a984-a07b42441a39;375.1;11.08199547;UNKNOWN
2016-01-29T00:32:24.000000;2016-01-29T00:32:24.000000;a0ca3f18-4266-482d-bf99-8f4ab2e1b36e;373.6;24.8;UNKNOWN
2016-01-29T00:32:24.000000;2016-01-29T00:32:24.000000;d48f81e1-b94e-48c7-a4f5-91743e77f7a2;374.37;0.2649;UNKNOWN
2016-01-29T00:32:24.000000;2016-01-29T00:32:24.000000;e6d1c9fc-d8e2-4580-92c3-f390c1ed7085;373.65;11.745188;UNKNOWN
2016-01-29T00:32:24.000000;2016-01-29T00:32:24.000000;18243ac2-ceb6-4c15-8fb3-6aa7fa7556ac;374.86;0.51;UNKNOWN
2016-01-29T00:32:25.000000;2016-01-29T00:32:25.000000;40af7ed8-53ab-4cc8-ab5a-8c0299fcf9af;375.1;0.25;UNKNOWN
2016-01-29T00:32:31.000000;2016-01-29T00:32:31.000000;6b4f943e-022e-42e4-8fef-e71fe29af25a;374.06;5.0;UNKNOWN
2016-01-29T00:33:00.000000;2016-01-29T00:33:00.000000;9cbcf234-7f1e-4bfd-b934-bde5274ae393;373.73;0.09;UNKNOWN
2016-01-29T00:33:05.000000;2016-01-29T00:33:05.000000;a791557d-df32-434e-8e4c-d36123ddfca7;374.0;5.45145237;UNKNOWN
2016-01-29T00:33:08.000000;2016-01-29T00:33:08.000000;6700e664-7a29-4890-b324-6347abb05a53;374.0;1.0;UNKNOWN
2016-01-29T00:33:38.000000;2016-01-29T00:33:38.000000;743ab81e-748b-4fb4-b53b-64e8c673fab9;374.07;0.1739;UNKNOWN
2016-01-29T00:33:38.000000;2016-01-29T00:33:38.000000;7664fc9d-684e-48fa-9d5e-2efd15b9e7d2;374.99;0.8261;UNKNOWN
2016-01-29T00:33:45.000000;2016-01-29T00:33:45.000000;10b5eb1d-69f5-4fc0-9236-3c4b98a4ff20;374.28;3.0;UNKNOWN
2016-01-29T00:33:45.000000;2016-01-29T00:33:45.000000;b5d0a63e-8ba5-49f3-9c11-56fbeca38d12;373.98;12.0;UNKNOWN
2016-01-29T00:33:45.000000;2016-01-29T00:33:45.000000;d6f616cc-af84-4a33-b1f0-cea6ef72a6f2;374.3;6.6365;UNKNOWN
2016-01-29T00:33:45.000000;2016-01-29T00:33:45.000000;9821efae-7e5b-40ce-b4bf-760634a42a4a;373.97;1.916547;UNKNOWN
2016-01-29T00:33:45.000000;2016-01-29T00:33:45.000000;497cedb7-6cc6-4fb0-9d0b-ff041108a536;374.28;0.5;UNKNOWN
2016-01-29T00:33:45.000000;2016-01-29T00:33:45.000000;2e9f6d09-2352-41eb-8b0a-c4f6e6b1f2b6;374.26;7.1786;UNKNOWN
2016-01-29T00:33:59.000000;2016-01-29T00:33:59.000000;5c6ec886-c670-475e-9f26-2dc0008fec72;374.78;0.11;UNKNOWN
2016-01-29T00:34:00.000000;2016-01-29T00:34:00.000000;c96d0316-008b-4afc-bcac-5881a8ad195e;374.79;0.11;UNKNOWN
2016-01-29T00:34:05.000000;2016-01-29T00:34:05.000000;1ecb9643-ebd2-4e16-bbc9-b6bf4e50484e;374.74;0.3096681;UNKNOWN
2016-01-29T00:34:07.000000;2016-01-29T00:34:07.000000;5ed8661a-47fe-4f67-b62f-1011403e680c;373.98;0.11;UNKNOWN
2016-01-29T00:34:07.000000;2016-01-29T00:34:07.000000;50362bc2-332a-4648-946d-c073d6f4e5de;373.98;1.1471887;UNKNOWN
2016-01-29T00:34:15.000000;2016-01-29T00:34:15.000000;9224a95c-7a5f-4432-88ad-79ae76fb6459;374.68;0.059489;UNKNOWN
2016-01-29T00:34:26.000000;2016-01-29T00:34:26.000000;2385151e-3316-4994-86f9-ae3477284e1a;373.99;0.11;UNKNOWN
2016-01-29T00:34:26.000000;2016-01-29T00:34:26.000000;b7b8f761-d3e3-4e5d-a87e-efd2193a1211;373.99;0.789;UNKNOWN
2016-01-29T00:34:26.000000;2016-01-29T00:34:26.000000;adee6b42-3271-4ddb-ab3f-24c085518e81;374.0;0.11;UNKNOWN
2016-01-29T00:34:26.000000;2016-01-29T00:34:26.000000;9de021eb-7786-44fc-bd81-1c5af5b69f80;373.99;0.072347;UNKNOWN
2016-01-29T00:34:26.000000;2016-01-29T00:34:26.000000;57241fd4-87bf-4536-bef4-b98ed079f108;374.0;0.11;UNKNOWN
2016-01-29T00:34:26.000000;2016-01-29T00:34:26.000000;7ba36f17-a3a2-4ddd-ae28-51ca3b4b7d45;374.0;0.11;UNKNOWN
2016-01-29T00:34:27.000000;2016-01-29T00:34:27.000000;b4980010-1a5a-4569-ab56-de747b453580;373.99;0.11;UNKNOWN
2016-01-29T00:34:45.000000;2016-01-29T00:34:45.000000;e6b6e0f4-ee12-43ec-88fb-2d658a5a5a90;373.72;2.83;UNKNOWN
2016-01-29T00:34:45.000000;2016-01-29T00:34:45.000000;778aa626-706a-4d15-882c-ee69b51920ad;373.73;0.06;UNKNOWN
2016-01-29T00:34:45.000000;2016-01-29T00:34:45.000000;fa8e2439-7d7c-42ce-a41d-9c7e6335b415;373.74;0.11;UNKNOWN
2016-01-29T00:35:05.000000;2016-01-29T00:35:05.000000;d87947f5-030c-4aa0-abbc-1e2451acd865;373.74;0.01;UNKNOWN
2016-01-29T00:35:05.000000;2016-01-29T00:35:05.000000;e4b0c1ef-e2e2-4102-ac4d-e970322ed41b;373.74;0.01;UNKNOWN
2016-01-29T00:35:05.000000;2016-01-29T00:35:05.000000;22b0e537-ae36-4a11-afa7-83130272a884;373.75;0.04;UNKNOWN
2016-01-29T00:35:05.000000;2016-01-29T00:35:05.000000;4d2d7e2a-7adb-4e6e-a8b4-f433cc180436;373.72;5.3609;UNKNOWN
2016-01-29T00:35:05.000000;2016-01-29T00:35:05.000000;32f4bb49-4904-43c0-a74f-3ef79e4e66b7;373.72;2.94;UNKNOWN
2016-01-29T00:35:07.000000;2016-01-29T00:35:07.000000;099e97a2-bad5-4093-a002-a06da909f4b3;373.74;2.0;UNKNOWN
2016-01-29T00:35:14.000000;2016-01-29T00:35:14.000000;07ca9408-2996-4cc1-b534-d166283e5da5;373.72;1.0;UNKNOWN
2016-01-29T00:35:14.000000;2016-01-29T00:35:14.000000;23439038-c195-4c82-9bdb-a001d4d25714;373.73;2.0;UNKNOWN
2016-01-29T00:35:33.000000;2016-01-29T00:35:33.000000;dc0c8b70-e0a3-4847-958f-0cbcc35a1c55;373.7;0.1;UNKNOWN
2016-01-29T00:35:39.000000;2016-01-29T00:35:39.000000;6629672a-23ce-4175-b078-4b5e75cbd09c;373.73;3.2;UNKNOWN
2016-01-29T00:35:45.000000;2016-01-29T00:35:45.000000;868d0f51-bff5-457b-aceb-ca7621f0cfbc;373.7;0.0001;UNKNOWN
2016-01-29T00:35:45.000000;2016-01-29T00:35:45.000000;a7d89156-4d3a-4e3f-82d4-48049e2686ed;373.5;10.0;UNKNOWN
2016-01-29T00:35:45.000000;2016-01-29T00:35:45.000000;a86b560c-7cbc-405e-983c-2df00ab23241;373.47;13.588553;UNKNOWN
2016-01-29T00:36:32.000000;2016-01-29T00:36:32.000000;7f24f743-5972-49c7-8178-55843f509e1d;373.7;0.072374;UNKNOWN
2016-01-29T00:36:32.000000;2016-01-29T00:36:32.000000;a062d79d-ae62-4431-80ae-d8920aadaa9b;373.48;0.859826;UNKNOWN
2016-01-29T00:36:41.000000;2016-01-29T00:36:41.000000;37a6a49b-c45f-4aae-a3f5-ee6e54cca990;373.21;5.0;UNKNOWN
2016-01-29T00:36:47.000000;2016-01-29T00:36:47.000000;afd79de3-3ae6-45fe-b242-9d655b60a2eb;373.21;1.5322;UNKNOWN
2016-01-29T00:36:55.000000;2016-01-29T00:36:55.000000;26a48bde-76de-4759-998d-6a7ff77fe57b;373.21;0.2;UNKNOWN
2016-01-29T00:37:06.000000;2016-01-29T00:37:06.000000;b4293f0e-6815-4983-8755-126c47f199d2;373.21;0.09920195;UNKNOWN
2016-01-29T00:37:14.000000;2016-01-29T00:37:14.000000;6d79e488-2b8e-4e68-b244-ff54ab2f3b33;373.03;1.83140195;UNKNOWN
2016-01-29T00:37:14.000000;2016-01-29T00:37:14.000000;8c62e77d-0e09-4a6f-84d5-56dd4a02541b;373.22;0.04;UNKNOWN
2016-01-29T00:37:14.000000;2016-01-29T00:37:14.000000;faac5757-d2ae-4ae9-96cc-5082f5f5f41b;373.21;3.16859805;UNKNOWN
2016-01-29T00:37:15.000000;2016-01-29T00:37:15.000000;b57ee8e9-96cf-4fc0-a9cd-844f1ec3236d;373.22;0.04;UNKNOWN
2016-01-29T00:37:17.000000;2016-01-29T00:37:17.000000;5b5d61c8-4f79-43ae-bf78-7688e2ee7473;373.21;0.04;UNKNOWN
2016-01-29T00:37:18.000000;2016-01-29T00:37:18.000000;56ecdcc8-ed1c-4ca8-aa0b-2a107682ae18;373.21;0.54;UNKNOWN
2016-01-29T00:37:18.000000;2016-01-29T00:37:18.000000;cc961db7-a8fd-473c-affc-f1d4669db5e5;373.21;5.96;UNKNOWN
2016-01-29T00:37:18.000000;2016-01-29T00:37:18.000000;f7eb238a-4d88-4277-9b1e-f5a8c40d5b46;373.21;0.5;UNKNOWN
2016-01-29T00:37:18.000000;2016-01-29T00:37:18.000000;9c1c873a-8ead-4f5c-b536-66edcaccd48a;373.21;3.0;UNKNOWN
2016-01-29T00:37:19.000000;2016-01-29T00:37:19.000000;fcdc7499-275a-4aa9-811c-65fc5c650e3a;373.0;0.11;UNKNOWN
2016-01-29T00:37:19.000000;2016-01-29T00:37:19.000000;34dfc5df-263c-4211-9619-7c8f951e7ff4;373.01;0.09349332;UNKNOWN
2016-01-29T00:37:19.000000;2016-01-29T00:37:19.000000;384a8236-6e5e-4f8f-b8f9-8680b530d244;373.0;34.17120467;UNKNOWN
2016-01-29T00:37:19.000000;2016-01-29T00:37:19.000000;b955e078-71b8-4522-8773-65067b768d8a;373.02;4.8;UNKNOWN
2016-01-29T00:37:19.000000;2016-01-29T00:37:19.000000;cef57835-42cc-478e-9eea-f9756e77afac;373.0;0.0637;UNKNOWN
2016-01-29T00:37:19.000000;2016-01-29T00:37:19.000000;0fedb790-fd0e-469b-87ea-b1845f4a0e1d;373.0;30.0;UNKNOWN
2016-01-29T00:37:19.000000;2016-01-29T00:37:19.000000;73ce01ea-7a32-44f6-bff0-e9e52caca4ef;373.04;0.04;UNKNOWN
2016-01-29T00:37:20.000000;2016-01-29T00:37:20.000000;c03640f4-6b1b-4d06-a877-13d63a34404f;373.0;0.04;UNKNOWN
2016-01-29T00:37:20.000000;2016-01-29T00:37:20.000000;f8fd3d31-65ca-40df-a3ef-b684e5402fa1;373.0;0.09349332;UNKNOWN
2016-01-29T00:37:22.000000;2016-01-29T00:37:22.000000;c18d7413-1f90-43e4-9acf-8d1b944f22e1;373.0;0.09349332;UNKNOWN
2016-01-29T00:37:23.000000;2016-01-29T00:37:23.000000;e174fbb9-17b4-4a22-b0a2-6c5031b9c9ed;373.0;0.09358951;UNKNOWN
2016-01-29T00:37:25.000000;2016-01-29T00:37:25.000000;b338516c-f59b-4bd1-90b5-3d9c7054ff6f;373.0;0.09358951;UNKNOWN
2016-01-29T00:37:41.000000;2016-01-29T00:37:41.000000;b656b460-d7d9-4063-964f-c4ddc0bf67fb;372.98;0.04;UNKNOWN
2016-01-29T00:37:41.000000;2016-01-29T00:37:41.000000;f357d2d2-fb71-443d-ba66-3922c71a2d6a;372.98;0.04;UNKNOWN
2016-01-29T00:37:41.000000;2016-01-29T00:37:41.000000;12ccfd4d-26e3-4160-9781-73f09b97efcd;372.98;0.04;UNKNOWN
2016-01-29T00:37:41.000000;2016-01-29T00:37:41.000000;08eb0a16-bbab-48ba-9041-59ccdd7900f2;372.98;0.04;UNKNOWN
2016-01-29T00:37:45.000000;2016-01-29T00:37:45.000000;b412a945-ed30-45ca-9a8f-3269db2d0d47;372.51;0.25;UNKNOWN
2016-01-29T00:37:45.000000;2016-01-29T00:37:45.000000;244f92cb-c9eb-4b1e-8ca5-f68d1de94b19;372.56;0.1;UNKNOWN
2016-01-29T00:37:45.000000;2016-01-29T00:37:45.000000;86e7af1f-4dd9-4778-8253-d0a8bd961fd6;372.61;0.25;UNKNOWN
2016-01-29T00:37:45.000000;2016-01-29T00:37:45.000000;155927a5-2892-47a6-b9d0-330bca11564a;372.47;5.8087611;UNKNOWN
2016-01-29T00:37:45.000000;2016-01-29T00:37:45.000000;44d5e68a-db96-455d-b3a3-bf65b7aec827;372.5;0.01;UNKNOWN
2016-01-29T00:37:45.000000;2016-01-29T00:37:45.000000;95ed7870-7c6e-42cf-8f26-5186c46e1dc1;372.59;0.12920089;UNKNOWN
2016-01-29T00:37:45.000000;2016-01-29T00:37:45.000000;984fc5b2-4172-4e7b-8f7e-91ffd5e55557;372.9;0.09346901;UNKNOWN
2016-01-29T00:37:45.000000;2016-01-29T00:37:45.000000;24561bc6-b8f8-448a-8dce-ebb8170caafc;372.89;0.5;UNKNOWN
