time_exchange;time_coinpai;guid;price;base_amount;taker_side
2016-02-25T00:00:10.000000;2016-02-25T00:00:10.000000;09f9bbce-fe22-444c-8132-d010de84860c;426.36;0.091;UNKNOWN
2016-02-25T00:00:55.000000;2016-02-25T00:00:55.000000;3635f591-b692-44c4-bd86-0704c67f3acb;426.37;5.8257;UNKNOWN
2016-02-25T00:00:55.000000;2016-02-25T00:00:55.000000;9a5f30aa-8a5d-467c-9f0a-011261816f6c;426.37;2.04;UNKNOWN
2016-02-25T00:01:04.000000;2016-02-25T00:01:04.000000;640da19c-ed40-4ff7-9f99-c2b1ea44b455;426.37;0.01;UNKNOWN
2016-02-25T00:01:13.000000;2016-02-25T00:01:13.000000;cb94bf6b-fba0-464e-b92c-646c43ec8da0;426.38;0.2179543;UNKNOWN
2016-02-25T00:01:20.000000;2016-02-25T00:01:20.000000;f529b29b-28de-4bd5-87cd-61f2d1b5f910;426.38;3.0;UNKNOWN
2016-02-25T00:01:38.000000;2016-02-25T00:01:38.000000;bb66dac4-fcc4-48a4-b31c-81ebfc8da65d;426.38;20.5149;UNKNOWN
2016-02-25T00:02:04.000000;2016-02-25T00:02:04.000000;41e9d8e2-aece-4c05-8d40-0ff8be11f259;426.37;0.05;UNKNOWN
2016-02-25T00:02:15.000000;2016-02-25T00:02:15.000000;6d3e7c09-ad60-4984-ae84-45008e59ffe3;426.38;0.883144;UNKNOWN
2016-02-25T00:02:59.000000;2016-02-25T00:02:59.000000;ec0899f4-8484-4575-b389-71419dbffd0a;426.38;19.4140017;UNKNOWN
2016-02-25T00:03:01.000000;2016-02-25T00:03:01.000000;684fd264-0424-405e-9d15-7b8c43210da5;426.39;2.0;UNKNOWN
2016-02-25T00:03:03.000000;2016-02-25T00:03:03.000000;074dda97-0cb5-49d7-980b-1a5f3a530183;426.39;2.0;UNKNOWN
2016-02-25T00:03:04.000000;2016-02-25T00:03:04.000000;84d0cade-a9f1-40db-960e-b29dcddb8ac1;426.39;2.0;UNKNOWN
2016-02-25T00:03:18.000000;2016-02-25T00:03:18.000000;d8bb333f-8b30-4c23-aa7d-5c6aa10bde27;426.39;0.56345487;UNKNOWN
2016-02-25T00:03:30.000000;2016-02-25T00:03:30.000000;7e647571-3aed-44c7-bce8-8db298841368;426.39;0.0545;UNKNOWN
2016-02-25T00:03:30.000000;2016-02-25T00:03:30.000000;5345421f-6860-4992-96f9-1cba852656f3;426.39;0.035;UNKNOWN
2016-02-25T00:03:30.000000;2016-02-25T00:03:30.000000;ff2ce600-6221-4978-9d64-daeebd683771;426.39;0.0855;UNKNOWN
2016-02-25T00:03:31.000000;2016-02-25T00:03:31.000000;2d3b1104-5b8a-45bf-b9f7-07414575ee43;426.39;0.1343;UNKNOWN
2016-02-25T00:03:31.000000;2016-02-25T00:03:31.000000;2d11ee00-b56a-4872-95bd-c85c23d1de7f;426.39;0.2097;UNKNOWN
2016-02-25T00:03:44.000000;2016-02-25T00:03:44.000000;28ef1861-823b-4e96-be8c-e195fdf1310f;426.4;0.03;UNKNOWN
2016-02-25T00:03:44.000000;2016-02-25T00:03:44.000000;3063feb6-221f-475d-aac3-d53954832ca5;426.4;0.2;UNKNOWN
2016-02-25T00:03:44.000000;2016-02-25T00:03:44.000000;22008f57-240e-40d5-9e0d-1554b07dd4c6;426.4;0.02;UNKNOWN
2016-02-25T00:03:59.000000;2016-02-25T00:03:59.000000;8e310c1e-bdf8-49c8-9971-b46a0316937c;426.39;5.3171775;UNKNOWN
2016-02-25T00:04:51.000000;2016-02-25T00:04:51.000000;a37d9599-7c00-4b96-8bab-8ed8a4f9d9c3;426.4;5.8297;UNKNOWN
2016-02-25T00:04:51.000000;2016-02-25T00:04:51.000000;38c42656-ea8d-4ca2-a162-c60b1f2e436e;426.4;9.8;UNKNOWN
2016-02-25T00:04:56.000000;2016-02-25T00:04:56.000000;5f30548b-9899-4e8f-b810-0de4aaed3427;426.4;0.01;UNKNOWN
2016-02-25T00:05:00.000000;2016-02-25T00:05:00.000000;d1e865a0-0987-41d7-9fff-2e0d5cf81ee6;426.4;0.02347728;UNKNOWN
2016-02-25T00:06:09.000000;2016-02-25T00:06:09.000000;3f11a642-55f6-4d1c-a783-9ca6f6caff7d;426.41;0.01;UNKNOWN
2016-02-25T00:06:50.000000;2016-02-25T00:06:50.000000;d9bc4a94-b318-49c8-99d5-c0c8261da8d6;426.5;0.02;UNKNOWN
2016-02-25T00:06:50.000000;2016-02-25T00:06:50.000000;b08dcdf9-71f0-4aee-b492-2dd3e7c66cd1;426.41;9.99;UNKNOWN
2016-02-25T00:06:50.000000;2016-02-25T00:06:50.000000;61364c1e-2ad6-4b16-a66b-856efd7e6499;426.43;0.2;UNKNOWN
2016-02-25T00:06:56.000000;2016-02-25T00:06:56.000000;4e24332a-02ce-4b26-997f-e942d2f73c13;426.51;0.01;UNKNOWN
2016-02-25T00:06:56.000000;2016-02-25T00:06:56.000000;2225a7a6-74dd-4afa-95b4-4789c4a03369;426.51;0.01;UNKNOWN
2016-02-25T00:07:10.000000;2016-02-25T00:07:10.000000;a40f66d5-bc85-4513-9cb7-9897ffd6120a;426.52;1.86;UNKNOWN
2016-02-25T00:07:28.000000;2016-02-25T00:07:28.000000;ea112978-9999-489b-a80d-75fad2a7c1a5;426.52;0.01;UNKNOWN
2016-02-25T00:07:38.000000;2016-02-25T00:07:38.000000;0dcbddad-ed59-4a10-993e-9754f5dc3588;426.9;5.0;UNKNOWN
2016-02-25T00:07:38.000000;2016-02-25T00:07:38.000000;e57d32f8-406c-4fc4-8c24-49b9117c415d;426.9;0.03;UNKNOWN
2016-02-25T00:07:38.000000;2016-02-25T00:07:38.000000;e344e462-c02f-4baf-aaeb-b2cb49cd7a33;426.8;2.0;UNKNOWN
2016-02-25T00:07:38.000000;2016-02-25T00:07:38.000000;ff280a29-e9b6-44fd-ab63-80fe3d8b7099;426.7;0.03;UNKNOWN
2016-02-25T00:07:38.000000;2016-02-25T00:07:38.000000;ad5b4fab-bd77-4ec5-b3c0-819319efce37;426.8;0.02;UNKNOWN
2016-02-25T00:07:38.000000;2016-02-25T00:07:38.000000;90c3fe36-7764-410d-8fe0-98d26f53debb;426.97;3.925;UNKNOWN
2016-02-25T00:07:38.000000;2016-02-25T00:07:38.000000;66160bca-0ef4-4092-a626-54bd91ebe859;426.79;5.8586;UNKNOWN
2016-02-25T00:07:38.000000;2016-02-25T00:07:38.000000;59bf2889-5c47-43a8-af1c-8b40c6c74a10;426.6;0.02;UNKNOWN
2016-02-25T00:07:38.000000;2016-02-25T00:07:38.000000;6855ffc6-d86a-4859-aa16-5150373cccca;426.8;0.03;UNKNOWN
2016-02-25T00:07:38.000000;2016-02-25T00:07:38.000000;986cf368-f791-4598-9374-9b40480653fe;426.89;3.925;UNKNOWN
2016-02-25T00:07:38.000000;2016-02-25T00:07:38.000000;5aecaa4e-978c-4746-b345-a7431c956fe2;426.84;0.2;UNKNOWN
2016-02-25T00:07:38.000000;2016-02-25T00:07:38.000000;6ec192be-e6d0-4ffc-b861-1c5b8277b265;426.71;0.2;UNKNOWN
2016-02-25T00:07:38.000000;2016-02-25T00:07:38.000000;1c324ebc-ba0c-4387-a86e-e95b13044a71;426.52;8.13;UNKNOWN
2016-02-25T00:07:38.000000;2016-02-25T00:07:38.000000;b7e0624b-41a2-44fc-adc0-4006106b85b6;426.9;0.02;UNKNOWN
2016-02-25T00:07:38.000000;2016-02-25T00:07:38.000000;d4047d49-9485-4c70-8334-db0c68195ddc;426.96;0.2;UNKNOWN
2016-02-25T00:07:38.000000;2016-02-25T00:07:38.000000;9440191f-b487-4501-8baa-88e22cba58a0;426.6;0.03;UNKNOWN
2016-02-25T00:07:38.000000;2016-02-25T00:07:38.000000;91f327f2-5590-4f09-8465-2ea488b897a4;426.84;1.0;UNKNOWN
2016-02-25T00:07:38.000000;2016-02-25T00:07:38.000000;8692d8b2-acda-469a-a71a-6abcfddce7b8;426.68;0.08;UNKNOWN
2016-02-25T00:07:38.000000;2016-02-25T00:07:38.000000;6de51c81-6fb0-411a-957a-5d31667f0d48;426.7;0.02;UNKNOWN
2016-02-25T00:07:38.000000;2016-02-25T00:07:38.000000;49e7512a-45e2-408f-993c-c509fca04952;426.98;6.6318;UNKNOWN
2016-02-25T00:07:38.000000;2016-02-25T00:07:38.000000;12b9b4c8-3eb8-4511-a5a9-8e9afaece0ad;426.97;9.461;UNKNOWN
2016-02-25T00:07:40.000000;2016-02-25T00:07:40.000000;764d0929-be6c-432f-a062-3d6f150e1e1d;426.97;0.25;UNKNOWN
2016-02-25T00:07:50.000000;2016-02-25T00:07:50.000000;6463f755-060d-495f-a23c-a2762a74aab1;426.64;10.0;UNKNOWN
2016-02-25T00:08:07.000000;2016-02-25T00:08:07.000000;75bb8407-9691-4e50-bcdb-c356ec422d32;426.63;0.57182804;UNKNOWN
2016-02-25T00:08:31.000000;2016-02-25T00:08:31.000000;54ad7e64-4cde-41c3-b9b4-083c792cc363;426.7;0.1322;UNKNOWN
2016-02-25T00:08:31.000000;2016-02-25T00:08:31.000000;b93c0b32-bfb3-45e5-9598-3568c543c729;426.7;0.0541;UNKNOWN
2016-02-25T00:08:31.000000;2016-02-25T00:08:31.000000;0568784c-faed-4619-b98f-35a808375dcf;426.7;0.0843;UNKNOWN
2016-02-25T00:09:04.000000;2016-02-25T00:09:04.000000;5d5b93ec-2e83-4c33-bc96-9cc5867ee80b;426.98;91.3682;UNKNOWN
2016-02-25T00:09:04.000000;2016-02-25T00:09:04.000000;6c748cd2-a4d6-47b5-b917-8d91829a1fea;426.72;0.0347;UNKNOWN
2016-02-25T00:09:04.000000;2016-02-25T00:09:04.000000;34fb409a-a280-4f17-96fd-2a020370ef2a;426.8;2.0;UNKNOWN
2016-02-25T00:09:04.000000;2016-02-25T00:09:04.000000;ee82373e-1e78-4896-943e-4a5fb627d59e;426.97;9.414;UNKNOWN
2016-02-25T00:09:04.000000;2016-02-25T00:09:04.000000;70b3d57f-4cf9-4be3-9615-99348fe79087;426.72;0.2075;UNKNOWN
2016-02-25T00:09:04.000000;2016-02-25T00:09:04.000000;4c3d8bf4-ba5b-4c73-b46d-53825f2a9553;427.0;0.5085;UNKNOWN
2016-02-25T00:09:04.000000;2016-02-25T00:09:04.000000;c58176ec-42b7-41b6-863d-d8b4275f8a8a;426.97;6.26580202;UNKNOWN
2016-02-25T00:09:04.000000;2016-02-25T00:09:04.000000;908b955f-6f16-4952-8fa8-9776e73a50ee;426.72;10.0;UNKNOWN
2016-02-25T00:09:04.000000;2016-02-25T00:09:04.000000;39d24764-3aa5-4aaf-874e-bc260a37b6e6;427.0;0.05567;UNKNOWN
2016-02-25T00:09:04.000000;2016-02-25T00:09:04.000000;aa1ef7dd-ae78-4d44-b357-b8ce7c57dfa6;427.0;2.0;UNKNOWN
2016-02-25T00:09:04.000000;2016-02-25T00:09:04.000000;a5c0bc33-8e38-47e2-9ebe-1e4411eb59b3;427.0;0.02;UNKNOWN
2016-02-25T00:09:04.000000;2016-02-25T00:09:04.000000;4af25acd-066d-435c-9392-b7ec4dee6648;427.0;0.05;UNKNOWN
2016-02-25T00:09:08.000000;2016-02-25T00:09:08.000000;8063adec-11a8-4b84-b027-b072072df3dc;427.0;0.12670096;UNKNOWN
2016-02-25T00:09:17.000000;2016-02-25T00:09:17.000000;9f668122-801a-4721-a974-be1d9b880233;427.09;0.2;UNKNOWN
2016-02-25T00:09:17.000000;2016-02-25T00:09:17.000000;0011c685-4f0a-43ad-b2f7-b71c9b712e3e;427.2;0.02;UNKNOWN
2016-02-25T00:09:17.000000;2016-02-25T00:09:17.000000;e979ebc9-3ffe-47e8-b953-ee018117cba6;427.2;0.01;UNKNOWN
2016-02-25T00:09:17.000000;2016-02-25T00:09:17.000000;90bb4560-b4c6-4185-9286-8d9f2a942ff6;427.1;0.02;UNKNOWN
2016-02-25T00:09:25.000000;2016-02-25T00:09:25.000000;83404f6c-dcd4-4b11-9805-09407f3c30a8;427.01;0.25;UNKNOWN
2016-02-25T00:09:48.000000;2016-02-25T00:09:48.000000;89a00928-0dfd-4b18-a8c0-3babfedadc65;426.77;3.79280096;UNKNOWN
2016-02-25T00:09:48.000000;2016-02-25T00:09:48.000000;608ce28d-4e75-4902-9776-ce9670071270;427.0;0.30429904;UNKNOWN
2016-02-25T00:09:48.000000;2016-02-25T00:09:48.000000;c8101d16-696f-4eb8-8cc0-cce2cd05dd58;427.0;0.1;UNKNOWN
2016-02-25T00:09:48.000000;2016-02-25T00:09:48.000000;0c9e5f7d-209a-4d28-94a5-6a4cde53fd02;426.78;5.8029;UNKNOWN
2016-02-25T00:09:58.000000;2016-02-25T00:09:58.000000;92cc7de3-7c12-415e-9b54-bad24417c5ec;426.99;1.0;UNKNOWN
2016-02-25T00:09:59.000000;2016-02-25T00:09:59.000000;9b5c04a1-49a9-4324-a57d-c5dbf0d3311c;426.99;4.8183;UNKNOWN
2016-02-25T00:09:59.000000;2016-02-25T00:09:59.000000;dd504f59-4264-4d53-8e5d-6b92b9878a31;427.0;10.0;UNKNOWN
2016-02-25T00:09:59.000000;2016-02-25T00:09:59.000000;b96a12e8-2dc8-4025-8d7f-40867b1b5a99;427.0;25.0;UNKNOWN
2016-02-25T00:10:00.000000;2016-02-25T00:10:00.000000;04438649-fbb2-48f4-8c20-5d312f5f76ae;427.0;10.0;UNKNOWN
2016-02-25T00:10:18.000000;2016-02-25T00:10:18.000000;47509cb8-b4eb-4170-b3fc-d366b40ae555;427.01;9.75;UNKNOWN
2016-02-25T00:10:18.000000;2016-02-25T00:10:18.000000;5f4e67b9-472e-427c-b1b0-fcfa86a496b7;427.01;10.25;UNKNOWN
2016-02-25T00:10:22.000000;2016-02-25T00:10:22.000000;c3cf7d47-d3d6-4681-aaba-ed2dacf5de3e;427.0;0.1817;UNKNOWN
2016-02-25T00:10:24.000000;2016-02-25T00:10:24.000000;f2279269-493e-4258-b6ac-cc7a0a3568c7;427.0;3.42137676;UNKNOWN
2016-02-25T00:10:25.000000;2016-02-25T00:10:25.000000;52899d0b-e7e6-4c6e-9769-df8f8e33ba55;427.0;3.42137676;UNKNOWN
2016-02-25T00:10:33.000000;2016-02-25T00:10:33.000000;cadc2fa3-0838-4d13-acb6-0aba6098e19a;426.99;9.5796;UNKNOWN
2016-02-25T00:10:38.000000;2016-02-25T00:10:38.000000;8d01bbf5-1f6c-4cdd-8095-7f9ec9555eed;426.99;1.0;UNKNOWN
2016-02-25T00:10:43.000000;2016-02-25T00:10:43.000000;b3745696-18b3-4d46-b63c-ad7a883b7a59;427.0;8.61366823;UNKNOWN
2016-02-25T00:10:43.000000;2016-02-25T00:10:43.000000;4b8324b2-d780-4330-a622-17fa5995fa6c;426.99;1.5904;UNKNOWN
2016-02-25T00:10:43.000000;2016-02-25T00:10:43.000000;75147e46-880e-44e7-bd7f-352272c54670;427.0;12.97554648;UNKNOWN
2016-02-25T00:10:46.000000;2016-02-25T00:10:46.000000;57427b9a-e968-4800-b4cc-230f91905264;426.98;10.0;UNKNOWN
2016-02-25T00:11:26.000000;2016-02-25T00:11:26.000000;f414a43f-93be-4da9-ace1-c0a7acd31e39;427.0;1.0;UNKNOWN
2016-02-25T00:11:29.000000;2016-02-25T00:11:29.000000;02802c28-014e-4dc1-bb68-afb1683fe42f;427.0;10.0;UNKNOWN
2016-02-25T00:11:29.000000;2016-02-25T00:11:29.000000;2409b582-2a3c-4716-87a1-945f7de81d46;427.0;0.38633177;UNKNOWN
2016-02-25T00:12:01.000000;2016-02-25T00:12:01.000000;97350047-af70-407d-96cf-045438ab9892;427.13;0.42252402;UNKNOWN
2016-02-25T00:12:04.000000;2016-02-25T00:12:04.000000;7b5c6fda-ee33-4e0c-85dc-7d1990b60416;427.14;2.25;UNKNOWN
2016-02-25T00:12:09.000000;2016-02-25T00:12:09.000000;535e5b40-846d-4d7a-b33d-1eeb3f6328f1;427.14;1.09831674;UNKNOWN
2016-02-25T00:12:19.000000;2016-02-25T00:12:19.000000;292b58d9-d1e5-4155-86bf-44e786204b5a;427.14;6.35168326;UNKNOWN
2016-02-25T00:12:19.000000;2016-02-25T00:12:19.000000;d64a5de3-3525-4fd5-afcc-fc7364e490a6;427.14;0.3;UNKNOWN
2016-02-25T00:12:19.000000;2016-02-25T00:12:19.000000;46df1beb-2042-408f-8ce7-3ba6472ffc92;427.14;10.0;UNKNOWN
2016-02-25T00:12:28.000000;2016-02-25T00:12:28.000000;b702febb-da8b-431f-bb1c-76fbff0a68d0;427.15;2.0;UNKNOWN
2016-02-25T00:12:35.000000;2016-02-25T00:12:35.000000;61e13c84-d712-4953-825a-22bc554465fd;427.15;0.3;UNKNOWN
2016-02-25T00:12:43.000000;2016-02-25T00:12:43.000000;85cae7fc-0625-490d-860f-10b759a7a27e;427.2;0.2;UNKNOWN
2016-02-25T00:12:43.000000;2016-02-25T00:12:43.000000;4474d98c-0ec7-47c0-8da1-464f8042e446;427.19;20.0;UNKNOWN
2016-02-25T00:12:43.000000;2016-02-25T00:12:43.000000;5545838b-dc0b-4bd5-ad74-e5796a1e1005;427.15;7.4;UNKNOWN
2016-02-25T00:12:43.000000;2016-02-25T00:12:43.000000;d565c1e1-6e2d-403a-a55e-75331b31fc77;427.15;0.3;UNKNOWN
2016-02-25T00:12:51.000000;2016-02-25T00:12:51.000000;8920da70-ff4e-4eb1-8382-9bcfbd6f2431;427.2;0.03;UNKNOWN
2016-02-25T00:12:52.000000;2016-02-25T00:12:52.000000;a4aefa3d-f88c-4ddb-b532-3b0aa276da72;427.4;2.0;UNKNOWN
2016-02-25T00:12:52.000000;2016-02-25T00:12:52.000000;876049bf-35bd-4016-a3e7-fb7e654be07a;427.49;9.47675447;UNKNOWN
2016-02-25T00:12:52.000000;2016-02-25T00:12:52.000000;e5f4e90c-a2c0-4aee-b510-e973f388954a;427.48;1.0;UNKNOWN
2016-02-25T00:12:52.000000;2016-02-25T00:12:52.000000;9abf483e-25e3-4485-99ae-0376a7d26ca1;427.4;0.02;UNKNOWN
2016-02-25T00:12:52.000000;2016-02-25T00:12:52.000000;81c4dff4-2f90-4fd8-a108-2cd3680c9074;427.28;0.2;UNKNOWN
2016-02-25T00:12:52.000000;2016-02-25T00:12:52.000000;6f504e86-13cf-48c4-b835-737bb0dc32ea;427.39;0.2;UNKNOWN
2016-02-25T00:12:52.000000;2016-02-25T00:12:52.000000;da6210bc-29a3-4487-ad31-5b4d2f7fcd9a;427.4;0.03;UNKNOWN
2016-02-25T00:12:52.000000;2016-02-25T00:12:52.000000;1b6d1546-bcce-4cd8-b45f-53a05f9f7eaa;427.32;7.04324553;UNKNOWN
2016-02-25T00:12:52.000000;2016-02-25T00:12:52.000000;3915415d-b99c-41d0-8870-7658d7532949;427.21;0.01;UNKNOWN
2016-02-25T00:12:52.000000;2016-02-25T00:12:52.000000;23518993-4099-4dd8-9429-2cf984f7d429;427.3;0.02;UNKNOWN
2016-02-25T00:12:57.000000;2016-02-25T00:12:57.000000;4d6edb8e-64ce-4f3b-9ddf-e6222a7e8799;427.49;0.0336;UNKNOWN
2016-02-25T00:12:59.000000;2016-02-25T00:12:59.000000;b558fb00-6b77-4493-8ad7-27ffe0c8d752;427.4;20.0;UNKNOWN
2016-02-25T00:12:59.000000;2016-02-25T00:12:59.000000;314dcb7c-3f0a-4893-859b-bfb9de8b3184;427.3;0.2;UNKNOWN
2016-02-25T00:13:01.000000;2016-02-25T00:13:01.000000;90eb6093-d603-401c-8714-aab68302db0e;427.49;2.0;UNKNOWN
2016-02-25T00:13:05.000000;2016-02-25T00:13:05.000000;89e4da15-7156-4104-b3af-5566c9273dc5;427.49;0.5;UNKNOWN
2016-02-25T00:13:07.000000;2016-02-25T00:13:07.000000;ed7d8d6d-f127-415d-9934-2df24397ead8;427.49;0.05;UNKNOWN
2016-02-25T00:13:18.000000;2016-02-25T00:13:18.000000;58997348-b4bd-42fa-b6d8-b6afa1524c7b;427.31;0.01;UNKNOWN
2016-02-25T00:13:31.000000;2016-02-25T00:13:31.000000;5f528994-dc8e-4502-89a5-843f5277f4e7;427.39;0.2072;UNKNOWN
2016-02-25T00:13:31.000000;2016-02-25T00:13:31.000000;ee4f5155-726a-4612-a765-6969f9081978;427.37;0.1319;UNKNOWN
2016-02-25T00:13:31.000000;2016-02-25T00:13:31.000000;31da25ab-e360-416a-9686-014c2f81995c;427.35;0.054;UNKNOWN
2016-02-25T00:13:31.000000;2016-02-25T00:13:31.000000;78e5f2bf-12eb-49e8-bc69-d4bfc2815a01;427.38;0.0843;UNKNOWN
2016-02-25T00:13:31.000000;2016-02-25T00:13:31.000000;a22cd644-6a84-4e50-9fcb-9d5d756dd7f9;427.4;0.0346;UNKNOWN
2016-02-25T00:13:31.000000;2016-02-25T00:13:31.000000;3d743ecf-3ee6-433c-a1dc-50a5157db49e;427.48;4.488;UNKNOWN
2016-02-25T00:13:38.000000;2016-02-25T00:13:38.000000;6a8655f3-9e2d-4c71-b7c1-d12693bc10f1;427.48;2.0;UNKNOWN
2016-02-25T00:13:43.000000;2016-02-25T00:13:43.000000;bf7689fc-1898-440e-bdd8-628517e347da;427.48;3.2;UNKNOWN
2016-02-25T00:13:45.000000;2016-02-25T00:13:45.000000;9c5af4e9-fa31-42c8-a8d4-7cfa000fed64;427.48;3.0;UNKNOWN
2016-02-25T00:13:45.000000;2016-02-25T00:13:45.000000;f6ba289f-58b2-4d45-88d8-bad07d5fe98d;427.35;0.0499;UNKNOWN
2016-02-25T00:13:47.000000;2016-02-25T00:13:47.000000;926d2696-16e7-4bde-82c2-b497e71e7cc6;427.48;0.1;UNKNOWN
2016-02-25T00:13:53.000000;2016-02-25T00:13:53.000000;2e440bd9-a07a-4947-9ece-0070f4b7f329;427.48;0.1;UNKNOWN
2016-02-25T00:13:56.000000;2016-02-25T00:13:56.000000;4551dac4-e9e3-4756-9326-5d4aa21830d8;427.48;0.1;UNKNOWN
2016-02-25T00:14:54.000000;2016-02-25T00:14:54.000000;4fd49162-cd0f-4381-984f-862c44e54980;427.41;1.3;UNKNOWN
2016-02-25T00:15:03.000000;2016-02-25T00:15:03.000000;6e35d6e7-9ad8-4be5-91bb-ff2ba30d545f;427.4;0.05;UNKNOWN
2016-02-25T00:15:08.000000;2016-02-25T00:15:08.000000;9acc35f7-12e8-4016-8271-9744d40c9ccf;427.4;0.05;UNKNOWN
2016-02-25T00:15:08.000000;2016-02-25T00:15:08.000000;a848ae75-f499-4ea1-a328-af17f1aa8253;427.4;1.835;UNKNOWN
2016-02-25T00:15:25.000000;2016-02-25T00:15:25.000000;08bf78e6-46ca-41c1-9379-3f87a85b65c7;427.41;7.9067;UNKNOWN
2016-02-25T00:15:35.000000;2016-02-25T00:15:35.000000;b69c76f4-4a4f-4abd-81d6-00c80b7232ac;427.41;25.0;UNKNOWN
2016-02-25T00:16:03.000000;2016-02-25T00:16:03.000000;d374eb21-0517-4547-a684-9009f446d826;427.4;0.1;UNKNOWN
2016-02-25T00:16:32.000000;2016-02-25T00:16:32.000000;7d8188dc-e10e-4f0a-a9da-334101129a9b;427.4;1.48232355;UNKNOWN
2016-02-25T00:16:32.000000;2016-02-25T00:16:32.000000;25508370-4db8-431c-a22e-1a092fbb83b8;427.4;3.41545608;UNKNOWN
2016-02-25T00:17:11.000000;2016-02-25T00:17:11.000000;c9dc661a-ad92-46c0-9f0a-0de29572222e;427.37;1.5;UNKNOWN
2016-02-25T00:17:43.000000;2016-02-25T00:17:43.000000;8b373394-c4c3-4fa9-8ea3-1ab21a636c65;427.36;1.4836;UNKNOWN
2016-02-25T00:17:47.000000;2016-02-25T00:17:47.000000;301d8c7a-5dcb-4564-ab5f-a3e55bdd5f13;427.22;3.0;UNKNOWN
2016-02-25T00:18:14.000000;2016-02-25T00:18:14.000000;8b13506d-0d85-4da3-a41b-f041e1113fcf;427.18;1.394206;UNKNOWN
2016-02-25T00:18:21.000000;2016-02-25T00:18:21.000000;4bbf271f-22f9-4736-a026-d1426f3c9015;427.3;0.7863;UNKNOWN
2016-02-25T00:18:43.000000;2016-02-25T00:18:43.000000;76c9526e-5470-49a4-ad0c-66c28e7fdb81;427.15;4.7;UNKNOWN
2016-02-25T00:18:43.000000;2016-02-25T00:18:43.000000;6ffb4ef9-8063-43c3-ab9d-6c287fd9fb5d;427.17;0.3;UNKNOWN
2016-02-25T00:18:49.000000;2016-02-25T00:18:49.000000;5ca6ec2a-9cdf-447d-ba0d-16b9aeaaff58;426.98;0.04142134;UNKNOWN
2016-02-25T00:18:49.000000;2016-02-25T00:18:49.000000;620855ae-218e-4672-8513-7f99d944359f;427.0;0.1;UNKNOWN
2016-02-25T00:18:49.000000;2016-02-25T00:18:49.000000;26ae1eb8-6cbf-41a3-85fb-a851f5cc8b98;426.99;5.8118;UNKNOWN
2016-02-25T00:18:49.000000;2016-02-25T00:18:49.000000;f7854ad6-ccd3-4fd3-85be-ef6c9fa5d7bc;427.15;0.1;UNKNOWN
2016-02-25T00:18:49.000000;2016-02-25T00:18:49.000000;d391be66-2e89-45a1-9940-d2b9bcdb7a17;427.08;3.41677866;UNKNOWN
2016-02-25T00:18:49.000000;2016-02-25T00:18:49.000000;92da3469-5552-4c5c-8eb4-be5d2b0c056a;427.14;10.53;UNKNOWN
2016-02-25T00:18:59.000000;2016-02-25T00:18:59.000000;f9636b53-1551-4efc-9bac-719517c1eb70;426.98;0.05857866;UNKNOWN
2016-02-25T00:18:59.000000;2016-02-25T00:18:59.000000;9e458128-ffe6-412d-94aa-6dee87661cbc;426.97;0.1;UNKNOWN
2016-02-25T00:18:59.000000;2016-02-25T00:18:59.000000;6dc19929-4280-4699-82c4-1e7890fda1af;426.97;1.02142134;UNKNOWN
2016-02-25T00:19:02.000000;2016-02-25T00:19:02.000000;5beec356-a5cb-4ef6-acef-2e342e5f2d9e;426.87;1.37639568;UNKNOWN
2016-02-25T00:19:02.000000;2016-02-25T00:19:02.000000;4f422e15-e7b5-4197-ac71-f54454686d82;426.97;2.39535732;UNKNOWN
2016-02-25T00:19:05.000000;2016-02-25T00:19:05.000000;ecbe4860-df0e-4f15-9d9f-20ae7727c4e2;427.25;0.013833;UNKNOWN
2016-02-25T00:19:30.000000;2016-02-25T00:19:30.000000;a0761930-06d4-48ce-b4e8-334d0104b8b6;427.19;2.0;UNKNOWN
2016-02-25T00:19:40.000000;2016-02-25T00:19:40.000000;ca8a7dfb-c5ba-446b-817f-0a11830a4ca7;427.2;4.2286;UNKNOWN
2016-02-25T00:19:40.000000;2016-02-25T00:19:40.000000;9c23452b-8475-4763-aa6c-8dbb26e6f823;427.19;5.7714;UNKNOWN
2016-02-25T00:21:25.000000;2016-02-25T00:21:25.000000;ed8b7d2d-eee8-4a0e-812a-46619dd4338e;427.15;0.02;UNKNOWN
2016-02-25T00:21:25.000000;2016-02-25T00:21:25.000000;2fc2eb0b-e138-4a2e-bc5b-8dffa44e368a;427.2;10.60280578;UNKNOWN
2016-02-25T00:21:28.000000;2016-02-25T00:21:28.000000;a8cfc7c1-a55e-4fa3-a60c-63542d27a53f;427.15;4.736;UNKNOWN
2016-02-25T00:21:28.000000;2016-02-25T00:21:28.000000;cd492ee9-5a0d-4075-a192-3ec5b4b6c960;427.15;0.264;UNKNOWN
2016-02-25T00:21:38.000000;2016-02-25T00:21:38.000000;9a18e464-c1cc-4de9-9505-28c9332cc02a;427.2;2.62;UNKNOWN
2016-02-25T00:21:41.000000;2016-02-25T00:21:41.000000;3b74ffc6-e436-4688-b9e9-46f24a154ca6;427.2;2.86;UNKNOWN
2016-02-25T00:21:45.000000;2016-02-25T00:21:45.000000;8f85aa65-d771-410b-98fa-ff0e3601bf39;427.37;0.1318;UNKNOWN
2016-02-25T00:21:45.000000;2016-02-25T00:21:45.000000;fe5895a9-610d-41fa-9b95-e87bdd68970d;427.35;0.0539;UNKNOWN
2016-02-25T00:21:45.000000;2016-02-25T00:21:45.000000;731f3997-04fd-4a99-8c42-62ba94252efc;427.2;1.70759422;UNKNOWN
2016-02-25T00:21:45.000000;2016-02-25T00:21:45.000000;9d1ad336-2373-45c0-bb5f-231dba554f7d;427.4;0.10222037;UNKNOWN
2016-02-25T00:21:45.000000;2016-02-25T00:21:45.000000;790bb5a9-bb48-43f4-b963-b41c49ede3fc;427.39;0.207;UNKNOWN
2016-02-25T00:21:45.000000;2016-02-25T00:21:45.000000;e3b0162b-3a45-47e4-be57-530a564e4ff5;427.4;0.0346;UNKNOWN
2016-02-25T00:21:45.000000;2016-02-25T00:21:45.000000;c3358f50-d655-4086-bb51-a1c204fba516;427.26;0.027;UNKNOWN
2016-02-25T00:21:45.000000;2016-02-25T00:21:45.000000;a7f39a59-c9d1-4f40-97bf-07663247fec8;427.38;0.0842;UNKNOWN
2016-02-25T00:21:47.000000;2016-02-25T00:21:47.000000;43561af4-cc16-4576-9f0d-6d5a7ba5757b;427.48;0.46347904;UNKNOWN
2016-02-25T00:21:52.000000;2016-02-25T00:21:52.000000;5dbfeb47-a2d4-47ad-92ed-a6ef16a2e624;427.49;4.25;UNKNOWN
2016-02-25T00:21:56.000000;2016-02-25T00:21:56.000000;7cdba9a7-ef2a-4dd0-aee3-f373e3bcb408;427.5;0.2;UNKNOWN
2016-02-25T00:21:56.000000;2016-02-25T00:21:56.000000;a0715115-bc58-4a2f-b1f8-73a342031f88;427.5;5.67855447;UNKNOWN
2016-02-25T00:21:56.000000;2016-02-25T00:21:56.000000;e465f97c-bc7c-4b22-a141-34f211bd615a;427.5;0.02;UNKNOWN
2016-02-25T00:21:56.000000;2016-02-25T00:21:56.000000;fd368bf3-80c9-4921-9323-f8b1eb52900a;427.49;4.08144553;UNKNOWN
2016-02-25T00:21:59.000000;2016-02-25T00:21:59.000000;0568666b-41a9-4022-adf0-7fab9ef7b6fd;427.5;20.0;UNKNOWN
2016-02-25T00:22:01.000000;2016-02-25T00:22:01.000000;ae05c26e-7398-4c98-902e-add92c496c25;427.49;0.01;UNKNOWN
2016-02-25T00:22:01.000000;2016-02-25T00:22:01.000000;9953ef7a-83c5-40f1-b22e-04b267ac5571;427.5;8.54;UNKNOWN
2016-02-25T00:22:02.000000;2016-02-25T00:22:02.000000;e5e7a376-a281-407a-a3b1-7d7d4e9cabd2;427.5;0.25;UNKNOWN
2016-02-25T00:22:13.000000;2016-02-25T00:22:13.000000;0850aeec-4b0c-4687-818a-556cb9d02367;428.5;10.04012839;UNKNOWN
2016-02-25T00:22:13.000000;2016-02-25T00:22:13.000000;52dd916e-d1f5-4315-9c1f-a0162236c11e;428.0;0.03;UNKNOWN
2016-02-25T00:22:13.000000;2016-02-25T00:22:13.000000;205eea5a-597c-436f-ba57-fc7dd79ba766;427.5;0.03;UNKNOWN
2016-02-25T00:22:13.000000;2016-02-25T00:22:13.000000;a617197d-e77b-4c20-84bc-87047c47c1dd;427.96;0.2;UNKNOWN
2016-02-25T00:22:13.000000;2016-02-25T00:22:13.000000;ed71b183-0184-4ea2-87e0-d8dd24130a06;427.86;0.2;UNKNOWN
2016-02-25T00:22:13.000000;2016-02-25T00:22:13.000000;11a30ddf-5e87-4c94-bb2c-6bf200ce87e1;427.7;0.03;UNKNOWN
2016-02-25T00:22:13.000000;2016-02-25T00:22:13.000000;7103be12-2c86-4a60-8614-a9070638c5a6;427.9;0.02;UNKNOWN
2016-02-25T00:22:13.000000;2016-02-25T00:22:13.000000;9fc72c83-4192-475e-a547-4da0118e9592;427.6;0.02;UNKNOWN
2016-02-25T00:22:13.000000;2016-02-25T00:22:13.000000;867d6bd8-3816-4a25-8e10-2d2bce7383d0;427.6;0.03;UNKNOWN
2016-02-25T00:22:13.000000;2016-02-25T00:22:13.000000;c055c516-0e40-45f8-bc6b-29d70824a905;428.0;3.6;UNKNOWN
2016-02-25T00:22:13.000000;2016-02-25T00:22:13.000000;15b5c915-631e-49f2-9ae8-03a880f2e2d7;427.76;0.2;UNKNOWN
2016-02-25T00:22:13.000000;2016-02-25T00:22:13.000000;b44c048c-c685-4040-b3c2-f83adcdd342d;427.5;15.53144553;UNKNOWN
2016-02-25T00:22:13.000000;2016-02-25T00:22:13.000000;095a9960-436b-4927-8744-2f0eb411bdf2;427.83;0.5;UNKNOWN
2016-02-25T00:22:13.000000;2016-02-25T00:22:13.000000;7f66f041-2983-48a1-a317-c7f58feb5aaa;427.7;0.02;UNKNOWN
2016-02-25T00:22:13.000000;2016-02-25T00:22:13.000000;11cebc9e-586f-47e6-9df8-433194e2d010;427.8;0.03;UNKNOWN
2016-02-25T00:22:13.000000;2016-02-25T00:22:13.000000;d538d9f4-7b25-4190-84a0-564dbf3c4415;427.54;9.0;UNKNOWN
2016-02-25T00:22:13.000000;2016-02-25T00:22:13.000000;0a8de3fb-8c1e-42a2-922d-892f3188d8a1;427.99;5.8482;UNKNOWN
2016-02-25T00:22:13.000000;2016-02-25T00:22:13.000000;b2c8d0c1-4d2f-4ccf-a7ac-dd8ef84268fe;427.8;0.02;UNKNOWN
2016-02-25T00:22:13.000000;2016-02-25T00:22:13.000000;254b9747-c67d-4a83-a745-81b170c00f26;427.9;0.03;UNKNOWN
2016-02-25T00:22:13.000000;2016-02-25T00:22:13.000000;9452a3fc-a5db-402e-bea4-fc075c21366f;428.0;0.01;UNKNOWN
2016-02-25T00:22:13.000000;2016-02-25T00:22:13.000000;6c416e0e-bd0f-4da9-8ec7-602542098a5a;428.36;0.2;UNKNOWN
2016-02-25T00:22:13.000000;2016-02-25T00:22:13.000000;3910c20d-8b44-41be-89fc-65e58f48787b;428.1;0.02;UNKNOWN
2016-02-25T00:22:13.000000;2016-02-25T00:22:13.000000;8cf23fff-a8e5-4638-9406-ede62516e0d4;428.0;0.02;UNKNOWN
2016-02-25T00:22:13.000000;2016-02-25T00:22:13.000000;32ea1b33-6766-4e31-b44b-ad7b9b9d1d3e;428.0;5.0;UNKNOWN
2016-02-25T00:22:13.000000;2016-02-25T00:22:13.000000;24357ad7-74d5-4956-bd34-62f0d250dc35;428.0;0.05;UNKNOWN
2016-02-25T00:22:13.000000;2016-02-25T00:22:13.000000;b2044155-3171-4766-8a83-1f70a86b4475;428.18;7.85;UNKNOWN
2016-02-25T00:22:13.000000;2016-02-25T00:22:13.000000;fa4c388c-b75c-4e41-993f-69ce7c84f140;428.14;0.2;UNKNOWN
2016-02-25T00:22:13.000000;2016-02-25T00:22:13.000000;856fc707-9d8c-4d81-a752-58f24e24aea1;428.5;0.2;UNKNOWN
2016-02-25T00:22:13.000000;2016-02-25T00:22:13.000000;a93ab7f6-8b5d-4a9e-b7f7-cf5a0ebb9caa;428.0;0.2;UNKNOWN
2016-02-25T00:22:13.000000;2016-02-25T00:22:13.000000;81725fbb-d0eb-494a-ae49-dd69dca51201;428.1;0.03;UNKNOWN
2016-02-25T00:22:13.000000;2016-02-25T00:22:13.000000;de13fd9a-38d3-4d1c-8713-982a16a8e687;428.0;0.1;UNKNOWN
2016-02-25T00:22:13.000000;2016-02-25T00:22:13.000000;79721632-138d-403c-9e87-3a36cc9d8797;428.05;0.2;UNKNOWN
2016-02-25T00:22:13.000000;2016-02-25T00:22:13.000000;b2e65a37-7d24-4e5d-abb6-a52b2a318896;428.0;1.0;UNKNOWN
2016-02-25T00:22:13.000000;2016-02-25T00:22:13.000000;e88f5718-d0c2-4758-84d5-20f2596a431a;428.14;1.0;UNKNOWN
2016-02-25T00:22:13.000000;2016-02-25T00:22:13.000000;5e7533f0-7a73-49e0-831c-2dccacd97ef6;428.18;3.925;UNKNOWN
2016-02-25T00:22:13.000000;2016-02-25T00:22:13.000000;a4e596e8-7cc3-4f15-b552-674d99fa73a5;428.09;0.2;UNKNOWN
2016-02-25T00:22:13.000000;2016-02-25T00:22:13.000000;d50972c8-7fa4-4afa-a8ae-578ac86bc786;428.24;0.01;UNKNOWN
2016-02-25T00:22:13.000000;2016-02-25T00:22:13.000000;de3b8d43-bbca-4edd-b635-f8568576ceed;428.2;0.02;UNKNOWN
2016-02-25T00:22:13.000000;2016-02-25T00:22:13.000000;47d8aa1a-007a-4c6f-81b1-d1fc9cb41a50;428.23;0.23752608;UNKNOWN
2016-02-25T00:22:13.000000;2016-02-25T00:22:13.000000;5801c2b5-eb92-446c-aade-928c45eb44a5;428.23;25.0;UNKNOWN
2016-02-25T00:22:13.000000;2016-02-25T00:22:13.000000;0e7e123f-eda0-40b9-ac1a-66caf38e4343;428.23;0.2;UNKNOWN
2016-02-25T00:22:13.000000;2016-02-25T00:22:13.000000;f4dc9885-3954-436a-a20f-2f565dc75228;428.2;0.3257;UNKNOWN
2016-02-25T00:22:13.000000;2016-02-25T00:22:13.000000;5cbd5adf-3049-43c0-a1b2-41e30a5fdc9f;428.29;5.0;UNKNOWN
2016-02-25T00:22:13.000000;2016-02-25T00:22:13.000000;18222d4c-a8f5-401e-acf7-557b9b460911;428.4;0.02;UNKNOWN
2016-02-25T00:22:13.000000;2016-02-25T00:22:13.000000;0da4becc-a2eb-4826-96dc-79a0ed3df2bf;428.28;0.2;UNKNOWN
2016-02-25T00:22:13.000000;2016-02-25T00:22:13.000000;8a12efcc-66dc-4779-938c-7a8bf8f04cae;428.44;0.2;UNKNOWN
2016-02-25T00:22:13.000000;2016-02-25T00:22:13.000000;e9c187db-d329-445a-ba13-0f618dddcf91;428.35;0.01;UNKNOWN
2016-02-25T00:22:13.000000;2016-02-25T00:22:13.000000;1c6f7998-4064-4408-9f4b-70ef89fffac2;428.3;0.02;UNKNOWN
2016-02-25T00:22:13.000000;2016-02-25T00:22:13.000000;2d7cf21e-f495-401b-b126-a0dfe10ec0c0;428.33;15.122;UNKNOWN
2016-02-25T00:22:13.000000;2016-02-25T00:22:13.000000;0bac59df-9e94-4c6a-9499-8c68a037c00b;428.4;0.03;UNKNOWN
2016-02-25T00:22:13.000000;2016-02-25T00:22:13.000000;9e5e3cc5-1cb9-4227-933c-f67eff073474;428.5;0.02;UNKNOWN
2016-02-25T00:22:15.000000;2016-02-25T00:22:15.000000;188afbf7-3882-4145-8b1e-1ed31712de0f;428.32;0.2;UNKNOWN
2016-02-25T00:22:15.000000;2016-02-25T00:22:15.000000;ac6b7be3-f02a-4275-894e-0e3e46f00e02;428.6;1.88312839;UNKNOWN
2016-02-25T00:22:15.000000;2016-02-25T00:22:15.000000;399b1641-0a25-40da-b855-6335fc749065;428.5;4.49687161;UNKNOWN
2016-02-25T00:22:15.000000;2016-02-25T00:22:15.000000;ca42b2ec-a7eb-4e07-b906-3114027d283f;428.6;0.02;UNKNOWN
2016-02-25T00:22:15.000000;2016-02-25T00:22:15.000000;318560ca-f7d9-425f-8a4e-2809c20b1b91;428.6;0.2;UNKNOWN
2016-02-25T00:22:15.000000;2016-02-25T00:22:15.000000;a5080518-bde4-4685-bc6a-91a194f11763;428.56;1.0;UNKNOWN
2016-02-25T00:22:15.000000;2016-02-25T00:22:15.000000;3bd7bcd9-44a7-4aa3-81e7-62a40679a06a;428.52;0.2;UNKNOWN
2016-02-25T00:22:21.000000;2016-02-25T00:22:21.000000;2f4db2d3-be71-4cec-9798-5c472b77e4a7;428.58;6.0;UNKNOWN
2016-02-25T00:22:22.000000;2016-02-25T00:22:22.000000;774ea931-5372-47e4-9499-8a86f53f41ed;428.58;2.0;UNKNOWN
2016-02-25T00:22:22.000000;2016-02-25T00:22:22.000000;d35ef0d4-e71c-4798-99b7-ddad7b292bd8;428.58;0.5;UNKNOWN
2016-02-25T00:22:22.000000;2016-02-25T00:22:22.000000;f062f5b6-46af-48fc-b468-0099bca76f6e;428.63;0.1;UNKNOWN
2016-02-25T00:22:22.000000;2016-02-25T00:22:22.000000;80440f91-44e8-4dac-8486-1b59d9c03a58;428.63;1.0;UNKNOWN
2016-02-25T00:22:22.000000;2016-02-25T00:22:22.000000;e72ca1f3-c4d2-40d6-8f73-b1484e311c86;428.63;0.05;UNKNOWN
2016-02-25T00:22:22.000000;2016-02-25T00:22:22.000000;003bc3bb-079f-4457-9a67-a71e3c6767bc;428.59;7.85;UNKNOWN
2016-02-25T00:22:22.000000;2016-02-25T00:22:22.000000;fe6fd13a-e75f-44f2-8850-3b4d000b1bee;428.58;2.1;UNKNOWN
2016-02-25T00:22:23.000000;2016-02-25T00:22:23.000000;2c141d30-cefd-4554-b849-3a252852380a;429.18;0.2;UNKNOWN
2016-02-25T00:22:23.000000;2016-02-25T00:22:23.000000;06f0d99f-a2af-49ef-acd7-127f8b91b8a5;429.04;3.2185;UNKNOWN
2016-02-25T00:22:23.000000;2016-02-25T00:22:23.000000;9b9f82cd-15e5-40d8-8b91-0b654fb9315c;429.11;0.2;UNKNOWN
2016-02-25T00:22:23.000000;2016-02-25T00:22:23.000000;ec528151-1999-4f00-9bbb-f07b2340cf9c;429.0;0.05;UNKNOWN
2016-02-25T00:22:23.000000;2016-02-25T00:22:23.000000;67307be3-8455-48fa-b782-dcc9372a7173;429.05;0.2;UNKNOWN
2016-02-25T00:22:23.000000;2016-02-25T00:22:23.000000;bf058c74-026c-4b1f-bb10-48619262e143;429.05;14.2549;UNKNOWN
2016-02-25T00:22:23.000000;2016-02-25T00:22:23.000000;7fea07fa-104b-4c32-b6b5-714001132440;429.19;6.73698908;UNKNOWN
2016-02-25T00:22:23.000000;2016-02-25T00:22:23.000000;ed3e5992-05b1-4704-8f4f-d259b5184051;429.0;5.0;UNKNOWN
2016-02-25T00:22:23.000000;2016-02-25T00:22:23.000000;68032881-ed69-494b-a1d8-3d4f125f93c8;429.0;2.0;UNKNOWN
2016-02-25T00:22:23.000000;2016-02-25T00:22:23.000000;1907f312-e240-4768-815c-b098a7797654;429.0;1.05;UNKNOWN
2016-02-25T00:22:23.000000;2016-02-25T00:22:23.000000;62abd017-b2e6-4782-af2c-f3d81129f98e;429.1;0.2;UNKNOWN
2016-02-25T00:22:23.000000;2016-02-25T00:22:23.000000;251b6d70-8c7a-4fd5-a81e-af24f0ecf879;428.67;0.06031103;UNKNOWN
2016-02-25T00:22:23.000000;2016-02-25T00:22:23.000000;019e36d6-ee74-4e0e-9354-57e33452af7c;429.0;5.0;UNKNOWN
2016-02-25T00:22:23.000000;2016-02-25T00:22:23.000000;31d0b6d4-9a3d-46b5-9d05-4d9498acf7a0;429.0;0.2;UNKNOWN
2016-02-25T00:22:23.000000;2016-02-25T00:22:23.000000;c2ce13dc-131d-4b7e-8c5f-5361c6ea2c56;429.0;0.2;UNKNOWN
2016-02-25T00:22:23.000000;2016-02-25T00:22:23.000000;c4eebbea-31ea-46c1-9d03-444f017cdd41;429.1;0.02;UNKNOWN
2016-02-25T00:22:23.000000;2016-02-25T00:22:23.000000;bfc7680e-e34b-43d7-9a56-720990817cc6;429.19;2.79007594;UNKNOWN
2016-02-25T00:22:23.000000;2016-02-25T00:22:23.000000;40d1449a-5a3e-4dc7-84f5-e1ce91a04e5c;429.09;0.2;UNKNOWN
2016-02-25T00:22:23.000000;2016-02-25T00:22:23.000000;7bc29dab-7f0a-4863-a7aa-a32d5ac79230;429.2;0.18992406;UNKNOWN
2016-02-25T00:22:23.000000;2016-02-25T00:22:23.000000;28315c89-91eb-4e68-8fb5-ee9d1f6020f7;429.19;1.2;UNKNOWN
2016-02-25T00:22:23.000000;2016-02-25T00:22:23.000000;b416b78b-68da-49b2-b790-b7bdcdf61e6e;429.19;2.72293498;UNKNOWN
2016-02-25T00:22:23.000000;2016-02-25T00:22:23.000000;b6d601c4-9ea7-4cde-bd98-9fdc20499607;429.0;0.01;UNKNOWN
2016-02-25T00:22:23.000000;2016-02-25T00:22:23.000000;97353889-b83f-4ec5-b2f8-a27e729bd3ef;429.0;0.02;UNKNOWN
2016-02-25T00:22:23.000000;2016-02-25T00:22:23.000000;67344250-037a-4998-bc17-7473a2fcbd59;428.98;0.268;UNKNOWN
2016-02-25T00:22:23.000000;2016-02-25T00:22:23.000000;1b7a73f2-1ffa-4984-8df3-580fe783c15b;428.65;0.063349;UNKNOWN
2016-02-25T00:22:23.000000;2016-02-25T00:22:23.000000;f06d14c6-cdfa-461a-b2d2-33f6d394779e;428.82;0.33366003;UNKNOWN
2016-02-25T00:22:23.000000;2016-02-25T00:22:23.000000;0a0e662b-793d-4ebb-b834-d8765e5b46c2;429.19;0.34;UNKNOWN
2016-02-25T00:22:23.000000;2016-02-25T00:22:23.000000;af47bfae-7c53-4788-b7f3-3dd650a7f839;429.0;0.01;UNKNOWN
2016-02-25T00:22:23.000000;2016-02-25T00:22:23.000000;f7074b28-435b-49d1-8316-99ced90f0fef;428.68;0.2;UNKNOWN
2016-02-25T00:22:23.000000;2016-02-25T00:22:23.000000;609c610b-3e47-4e5e-ae34-7c81fab3522a;428.67;0.23;UNKNOWN
2016-02-25T00:22:23.000000;2016-02-25T00:22:23.000000;e881bf6d-bcbe-4449-9d75-c82eb1322219;428.63;2.775;UNKNOWN
2016-02-25T00:22:23.000000;2016-02-25T00:22:23.000000;bd5314fd-9d5e-4bdc-89de-89487102bc41;428.76;0.2;UNKNOWN
2016-02-25T00:22:23.000000;2016-02-25T00:22:23.000000;56b3eb8b-1f93-4541-a43e-278da1221cd8;428.82;1.9;UNKNOWN
2016-02-25T00:22:23.000000;2016-02-25T00:22:23.000000;9df5ff57-6f8d-4196-97d6-8dbd05fb8a96;428.82;0.50633997;UNKNOWN
2016-02-25T00:22:23.000000;2016-02-25T00:22:23.000000;5ad9e959-a7e7-472d-8fbf-4121ef3c010f;428.8;2.0;UNKNOWN
2016-02-25T00:22:23.000000;2016-02-25T00:22:23.000000;a17016e4-d3d2-4143-a993-f7b168e297a1;428.81;3.925;UNKNOWN
2016-02-25T00:22:23.000000;2016-02-25T00:22:23.000000;17b1eb07-e92f-458c-b782-a98501020343;429.2;0.02;UNKNOWN
2016-02-25T00:22:23.000000;2016-02-25T00:22:23.000000;061c463d-8f7b-4160-9306-a5b91d0e61e7;428.8;0.02;UNKNOWN
2016-02-25T00:22:23.000000;2016-02-25T00:22:23.000000;6887e80c-f7c1-44f4-8871-894dc36edd52;428.7;0.02;UNKNOWN
2016-02-25T00:22:23.000000;2016-02-25T00:22:23.000000;d9c1d3c9-0d84-4ca4-a0b9-f8369ec9def1;428.83;0.2;UNKNOWN
2016-02-25T00:22:23.000000;2016-02-25T00:22:23.000000;72beb578-5abe-471b-8862-9341f456fda4;428.97;0.2;UNKNOWN
2016-02-25T00:22:23.000000;2016-02-25T00:22:23.000000;e4c20c43-d683-46d7-93ad-96998ab641de;428.94;9.91171092;UNKNOWN
2016-02-25T00:22:23.000000;2016-02-25T00:22:23.000000;c543654b-c251-418f-bbd2-d080ff5a91e0;428.94;0.04011106;UNKNOWN
2016-02-25T00:22:23.000000;2016-02-25T00:22:23.000000;9f9036bd-666a-43c3-a930-79440bdb6e58;428.83;5.0;UNKNOWN
2016-02-25T00:22:23.000000;2016-02-25T00:22:23.000000;b4044487-8837-42c2-a37e-5b8742ed91d7;428.9;0.02;UNKNOWN
2016-02-25T00:22:23.000000;2016-02-25T00:22:23.000000;0f41a416-1da8-4bc5-b492-2f8d6a1d96f4;428.86;0.19880945;UNKNOWN
2016-02-25T00:22:23.000000;2016-02-25T00:22:23.000000;fb232798-9edf-4a69-9415-a8d942968cc3;428.94;1.0;UNKNOWN
2016-02-25T00:22:23.000000;2016-02-25T00:22:23.000000;b5cbea2d-cef1-446a-898a-149de44fe59f;428.94;1.0;UNKNOWN
2016-02-25T00:22:23.000000;2016-02-25T00:22:23.000000;7af7caf1-30de-4ff4-adc9-c9451b1e832e;428.94;2.04753052;UNKNOWN
2016-02-25T00:22:23.000000;2016-02-25T00:22:23.000000;db5d567f-8dd5-4c8b-9dbb-f82d9eb06527;428.94;0.05;UNKNOWN
2016-02-25T00:22:23.000000;2016-02-25T00:22:23.000000;a86207fe-09c3-429d-baec-4ae345c23c12;428.94;0.025;UNKNOWN
2016-02-25T00:22:23.000000;2016-02-25T00:22:23.000000;7b43fafd-5121-488c-8612-99eb3d01329a;428.9;0.2;UNKNOWN
2016-02-25T00:22:23.000000;2016-02-25T00:22:23.000000;29f11308-d8be-4e9f-a767-c13dd2cbfa4e;428.94;0.99;UNKNOWN
2016-02-25T00:22:23.000000;2016-02-25T00:22:23.000000;f90e8b80-95d2-4abe-b73a-d28c9e0b3485;428.94;0.9328475;UNKNOWN
2016-02-25T00:22:24.000000;2016-02-25T00:22:24.000000;f218193a-6829-4279-b436-2ac776f5a33c;429.2;0.01;UNKNOWN
2016-02-25T00:22:26.000000;2016-02-25T00:22:26.000000;0c779113-b248-4145-b46b-309d430c8e75;428.74;5.0;UNKNOWN
2016-02-25T00:22:26.000000;2016-02-25T00:22:26.000000;f60978bc-4781-4ee1-a253-548bbbf9d318;428.74;6.3;UNKNOWN
2016-02-25T00:22:29.000000;2016-02-25T00:22:29.000000;dc2dae9b-cc59-4f75-9c9d-f8c151819949;428.17;0.37144412;UNKNOWN
2016-02-25T00:22:37.000000;2016-02-25T00:22:37.000000;5e2e7e99-b842-40b2-8eb2-6c4e214236e5;429.0;0.5;UNKNOWN
2016-02-25T00:22:37.000000;2016-02-25T00:22:37.000000;de70c824-2784-4d08-9297-0032e3f2d6d9;429.0;1.0;UNKNOWN
2016-02-25T00:22:38.000000;2016-02-25T00:22:38.000000;fda67201-1d91-4f3d-87a3-1f4419a364f9;429.0;0.1;UNKNOWN
2016-02-25T00:22:38.000000;2016-02-25T00:22:38.000000;9353d118-a472-49a6-9196-9dd4f20060ce;428.61;0.1269;UNKNOWN
2016-02-25T00:22:38.000000;2016-02-25T00:22:38.000000;8e6c2dcc-bb1a-4365-b7fd-b9ec1d75fe80;429.0;0.6;UNKNOWN
2016-02-25T00:22:44.000000;2016-02-25T00:22:44.000000;b9bb6e3b-42c3-43bd-a85e-be572f412d1a;429.0;50.0;UNKNOWN
2016-02-25T00:22:51.000000;2016-02-25T00:22:51.000000;d2dcfc6f-0326-4ada-8af2-6ee40362b368;428.47;0.8;UNKNOWN
2016-02-25T00:22:51.000000;2016-02-25T00:22:51.000000;66bf6059-120a-4717-99e7-49b142f23053;428.99;1.0;UNKNOWN
2016-02-25T00:22:51.000000;2016-02-25T00:22:51.000000;fee5e2cf-b50c-4bf4-9941-78e7e45cd5bc;428.53;0.2;UNKNOWN
2016-02-25T00:23:02.000000;2016-02-25T00:23:02.000000;7fa6830e-d250-403e-a83f-6bb0822f40ce;428.4;0.03;UNKNOWN
2016-02-25T00:23:02.000000;2016-02-25T00:23:02.000000;6945c9d6-8b21-494b-a7cf-6a99df8eb228;428.4;0.02;UNKNOWN
2016-02-25T00:23:04.000000;2016-02-25T00:23:04.000000;884c25f4-957b-46f5-835e-db287d2a2a27;428.33;0.2;UNKNOWN
2016-02-25T00:23:04.000000;2016-02-25T00:23:04.000000;1c1d0751-b636-4fe1-991b-a426c7144ca5;428.4;0.18;UNKNOWN
2016-02-25T00:23:04.000000;2016-02-25T00:23:04.000000;3470e000-cc62-4d1c-96dd-d45bb2609c12;428.27;0.45996957;UNKNOWN
2016-02-25T00:23:05.000000;2016-02-25T00:23:05.000000;18eb6668-c2db-46b1-a40a-1be7e22da406;428.99;0.0272;UNKNOWN
2016-02-25T00:23:26.000000;2016-02-25T00:23:26.000000;aed26a2b-8d37-48f1-84a7-23a9483cd8f2;428.27;0.11;UNKNOWN
2016-02-25T00:23:26.000000;2016-02-25T00:23:26.000000;acf01389-7500-417e-96d6-c39d7b70c192;428.34;0.2;UNKNOWN
2016-02-25T00:23:26.000000;2016-02-25T00:23:26.000000;9bcd412b-5f13-4262-bc19-ef3e1f8f871f;428.4;0.03;UNKNOWN
2016-02-25T00:23:30.000000;2016-02-25T00:23:30.000000;55705ecf-8628-457d-989a-62f0346a6202;428.99;0.387;UNKNOWN
2016-02-25T00:23:34.000000;2016-02-25T00:23:34.000000;de4de5b8-8ee0-49f2-84fc-b642b5ed4123;428.27;0.146;UNKNOWN
2016-02-25T00:23:34.000000;2016-02-25T00:23:34.000000;04b6f778-6469-46bd-a5e7-0749e5667e32;428.3;0.03;UNKNOWN
2016-02-25T00:23:42.000000;2016-02-25T00:23:42.000000;7a57c568-9998-4e4b-8d02-b1f66c27029d;428.28;0.176;UNKNOWN
2016-02-25T00:23:42.000000;2016-02-25T00:23:42.000000;01358ddc-42e0-4fdf-903e-b33ebafe40cd;428.28;0.05403269;UNKNOWN
2016-02-25T00:23:46.000000;2016-02-25T00:23:46.000000;a6478240-bd34-427c-a890-082114571388;428.29;0.01;UNKNOWN
2016-02-25T00:23:59.000000;2016-02-25T00:23:59.000000;25f2bf53-b57f-4027-a3b9-614f6d71a71b;428.68;1.76;UNKNOWN
2016-02-25T00:23:59.000000;2016-02-25T00:23:59.000000;63436a9d-d79e-4349-9c3f-34b4e2783417;428.65;0.24;UNKNOWN
2016-02-25T00:24:08.000000;2016-02-25T00:24:08.000000;1e0c7d75-838f-498e-aabe-654f3fff526b;428.29;0.01;UNKNOWN
2016-02-25T00:24:46.000000;2016-02-25T00:24:46.000000;f5876d7b-1071-42d1-8cef-bd9b0abd467d;428.85;1.76;UNKNOWN
2016-02-25T00:24:58.000000;2016-02-25T00:24:58.000000;63d66a91-829f-449d-9d78-fa37823a6aa1;428.31;0.04509712;UNKNOWN
2016-02-25T00:24:58.000000;2016-02-25T00:24:58.000000;061b5fff-c975-4090-abdf-3626c6f1ecb5;428.31;0.032;UNKNOWN
2016-02-25T00:25:04.000000;2016-02-25T00:25:04.000000;6a5cd531-0714-4890-aa53-1f41636a7848;428.27;33.20751587;UNKNOWN
2016-02-25T00:25:04.000000;2016-02-25T00:25:04.000000;04e582cf-5c5b-4f6f-b81f-f0b615d4129c;428.3;21.0;UNKNOWN
2016-02-25T00:25:04.000000;2016-02-25T00:25:04.000000;4584f4a5-5891-49be-bcd1-78b837e0a061;428.3;48.0856;UNKNOWN
2016-02-25T00:25:04.000000;2016-02-25T00:25:04.000000;901c48ab-7c4d-4028-b424-c79187c64ea3;428.31;5.74550288;UNKNOWN
2016-02-25T00:25:04.000000;2016-02-25T00:25:04.000000;2f98a7cb-1584-45d0-ad10-a9144055c211;428.3;1.0;UNKNOWN
2016-02-25T00:25:04.000000;2016-02-25T00:25:04.000000;e8dac068-b78d-4208-a0fa-e9526a5a4dcc;428.31;60.0;UNKNOWN
2016-02-25T00:25:04.000000;2016-02-25T00:25:04.000000;760b265b-efea-47b1-89a2-133635cd6346;428.3;0.2;UNKNOWN
2016-02-25T00:25:06.000000;2016-02-25T00:25:06.000000;019c48a4-2e94-48e4-8480-0fee78d75899;428.85;1.2;UNKNOWN
2016-02-25T00:25:08.000000;2016-02-25T00:25:08.000000;3c6d61d0-e23b-46d7-8ab4-037f41bfb850;428.84;0.00689332;UNKNOWN
2016-02-25T00:25:31.000000;2016-02-25T00:25:31.000000;943a5778-7ff0-4098-a99b-c1bce8510e6d;428.27;0.011;UNKNOWN
2016-02-25T00:25:33.000000;2016-02-25T00:25:33.000000;22bd3456-6355-4b5c-bd4e-b17b20f43691;428.27;0.5;UNKNOWN
2016-02-25T00:26:19.000000;2016-02-25T00:26:19.000000;846a8328-fc21-4f7c-b22b-cf8cbc18a5b8;428.27;0.04274483;UNKNOWN
2016-02-25T00:26:28.000000;2016-02-25T00:26:28.000000;db610bc8-ff22-4ab4-843f-6eac0eba57d3;428.26;0.07011611;UNKNOWN
2016-02-25T00:26:31.000000;2016-02-25T00:26:31.000000;543e40a8-383d-44e0-9531-5f0f77406919;428.27;0.5;UNKNOWN
2016-02-25T00:26:45.000000;2016-02-25T00:26:45.000000;bf68fdac-1027-4d57-8b8a-dff33696ec38;428.27;0.94625517;UNKNOWN
2016-02-25T00:26:56.000000;2016-02-25T00:26:56.000000;5f90a5f7-7e6d-4636-9399-d9b1b5c74b2b;428.84;2.0;UNKNOWN
2016-02-25T00:26:57.000000;2016-02-25T00:26:57.000000;603c1c67-1188-4213-aab8-39a1f3e6fd15;428.84;0.5;UNKNOWN
2016-02-25T00:27:26.000000;2016-02-25T00:27:26.000000;92448310-2639-41c5-886a-655c7654e740;428.3;25.0;UNKNOWN
2016-02-25T00:27:26.000000;2016-02-25T00:27:26.000000;5a8e36fd-afaa-4c23-8489-5d2e536aba37;428.17;6.79785517;UNKNOWN
2016-02-25T00:27:26.000000;2016-02-25T00:27:26.000000;945848e4-75a3-47f0-a7b7-e86770c9c39f;428.25;0.1202;UNKNOWN
2016-02-25T00:27:26.000000;2016-02-25T00:27:26.000000;bab3d9cb-2527-4eb3-b06a-7d91af60c125;428.35;25.88;UNKNOWN
2016-02-25T00:27:26.000000;2016-02-25T00:27:26.000000;30e7a65c-7c0a-4939-a730-641b099d4915;428.35;15.7482;UNKNOWN
2016-02-25T00:27:26.000000;2016-02-25T00:27:26.000000;661ccd1a-5848-4b64-a62f-473c3f65866f;428.26;2.0;UNKNOWN
2016-02-25T00:27:26.000000;2016-02-25T00:27:26.000000;e8327e15-e268-4a36-914a-015b24754313;428.23;0.2;UNKNOWN
2016-02-25T00:27:26.000000;2016-02-25T00:27:26.000000;6ba611aa-87da-45e4-8b77-0432b34874f1;428.27;24.05374483;UNKNOWN
2016-02-25T00:27:26.000000;2016-02-25T00:27:26.000000;02a799b7-2c47-4929-81a3-db1971062691;428.3;0.2;UNKNOWN
2016-02-25T00:27:37.000000;2016-02-25T00:27:37.000000;a324c3fa-08d5-4702-9e64-0c874f894338;428.98;0.677;UNKNOWN
2016-02-25T00:28:04.000000;2016-02-25T00:28:04.000000;76559766-a5f5-4ace-a439-05c2e946772c;428.31;0.32;UNKNOWN
2016-02-25T00:28:04.000000;2016-02-25T00:28:04.000000;5fcd2440-dca6-4d4c-86ff-cc010391ec9f;428.32;0.68;UNKNOWN
2016-02-25T00:28:17.000000;2016-02-25T00:28:17.000000;d801eba6-0e12-4c58-bb13-34afe8ac7b20;428.99;0.02;UNKNOWN
2016-02-25T00:28:25.000000;2016-02-25T00:28:25.000000;1fcc9df1-7bd1-4057-bf70-c25b9153adcc;429.16;0.2;UNKNOWN
2016-02-25T00:28:25.000000;2016-02-25T00:28:25.000000;c71cd6e3-ff86-4da8-936f-18d8901c7d79;429.0;0.05;UNKNOWN
2016-02-25T00:28:25.000000;2016-02-25T00:28:25.000000;29db73de-f982-4a2f-8eed-0802153cbd0b;429.18;5.81;UNKNOWN
2016-02-25T00:28:25.000000;2016-02-25T00:28:25.000000;2b799547-cc13-4825-9608-8d185afd8d84;429.18;22.0406;UNKNOWN
2016-02-25T00:28:25.000000;2016-02-25T00:28:25.000000;b087f695-8d71-4dfe-83e0-5a85c96d75fb;428.99;0.008;UNKNOWN
2016-02-25T00:28:25.000000;2016-02-25T00:28:25.000000;3e998184-f68d-4265-8d00-31146897de86;429.03;0.2;UNKNOWN
2016-02-25T00:28:25.000000;2016-02-25T00:28:25.000000;f646ceaa-467f-4d33-b41c-523ea2ec3d1b;429.1;0.2;UNKNOWN
2016-02-25T00:28:30.000000;2016-02-25T00:28:30.000000;212d4335-df31-41d1-b136-6ff16aa07c13;429.22;0.71059914;UNKNOWN
2016-02-25T00:28:30.000000;2016-02-25T00:28:30.000000;c84ff0a0-3376-4be7-95e7-a42888417a87;429.22;5.11;UNKNOWN
2016-02-25T00:28:30.000000;2016-02-25T00:28:30.000000;672817f4-e36c-4678-818b-941b554babd6;429.21;1.0;UNKNOWN
2016-02-25T00:28:30.000000;2016-02-25T00:28:30.000000;ec6f3741-71a9-44bb-afb1-4e3b81234d51;429.22;0.3;UNKNOWN
2016-02-25T00:28:30.000000;2016-02-25T00:28:30.000000;030321de-878e-416e-9d4b-d2ef6ac3a58b;429.18;0.2;UNKNOWN
2016-02-25T00:28:30.000000;2016-02-25T00:28:30.000000;956eab0c-341f-4e89-8260-c1586b4e703f;429.21;24.89;UNKNOWN
2016-02-25T00:28:32.000000;2016-02-25T00:28:32.000000;db0e5fbf-0fc2-45d1-963e-504a85fbb1ca;429.18;0.063094;UNKNOWN
2016-02-25T00:28:41.000000;2016-02-25T00:28:41.000000;78536c0c-5898-47e1-b19a-2892df5c4f63;429.22;2.0;UNKNOWN
2016-02-25T00:28:50.000000;2016-02-25T00:28:50.000000;edf6638a-5909-4643-a1d0-34b06de8c7d9;429.22;1.0;UNKNOWN
2016-02-25T00:28:56.000000;2016-02-25T00:28:56.000000;6b97e4a7-68a1-4386-b679-84981646126b;429.22;0.7;UNKNOWN
2016-02-25T00:29:02.000000;2016-02-25T00:29:02.000000;a32c454e-6a0a-4263-9929-7f0fd812423b;429.22;1.0;UNKNOWN
2016-02-25T00:29:06.000000;2016-02-25T00:29:06.000000;a5a585ba-f97b-4778-9f4c-23c4a15ae53c;429.23;25.0;UNKNOWN
2016-02-25T00:29:06.000000;2016-02-25T00:29:06.000000;b231e68b-1e80-4ca9-9add-9e072a99a846;429.22;29.17940086;UNKNOWN
2016-02-25T00:29:07.000000;2016-02-25T00:29:07.000000;f8b79b2e-de2f-4c29-83ff-6f8061564b9c;429.32;0.2;UNKNOWN
2016-02-25T00:29:07.000000;2016-02-25T00:29:07.000000;7c10b9cf-67f4-4f50-90df-580d0502373f;429.37;0.08;UNKNOWN
2016-02-25T00:29:07.000000;2016-02-25T00:29:07.000000;76b0c9b3-6e8f-4345-a306-d8d2107c8716;429.37;0.8;UNKNOWN
2016-02-25T00:29:07.000000;2016-02-25T00:29:07.000000;def80b94-92c7-4401-be10-c5cd4a132e0d;429.21;0.175;UNKNOWN
2016-02-25T00:29:08.000000;2016-02-25T00:29:08.000000;78cbfacf-3d35-4c86-abae-42cf9b49d904;429.21;0.54287666;UNKNOWN
2016-02-25T00:29:14.000000;2016-02-25T00:29:14.000000;5e7665ee-9433-48ba-a5e1-5ab0f4b456e8;429.46;1.0;UNKNOWN
2016-02-25T00:29:14.000000;2016-02-25T00:29:14.000000;d7e41db8-1bf7-44b2-817f-6482463489a6;429.37;0.176;UNKNOWN
2016-02-25T00:29:14.000000;2016-02-25T00:29:14.000000;2ae00273-a352-471e-90b7-74c18b44c2c3;429.42;0.3;UNKNOWN
2016-02-25T00:29:14.000000;2016-02-25T00:29:14.000000;e0a5d6e0-cd63-4da6-ace2-868176f34c9b;429.37;0.12;UNKNOWN
2016-02-25T00:29:14.000000;2016-02-25T00:29:14.000000;726f40be-0520-45ec-82ea-b6a9449ad226;429.46;0.15029117;UNKNOWN
2016-02-25T00:29:14.000000;2016-02-25T00:29:14.000000;e2e1b576-d0a9-4fb2-a85b-57e75f10e786;429.39;0.2;UNKNOWN
2016-02-25T00:29:16.000000;2016-02-25T00:29:16.000000;ce287bf1-c630-4095-a459-e0ad08a1314c;429.37;0.2;UNKNOWN
2016-02-25T00:29:24.000000;2016-02-25T00:29:24.000000;62fb7ee7-3734-4382-8e79-86be83e0c96b;429.19;0.89701284;UNKNOWN
2016-02-25T00:29:24.000000;2016-02-25T00:29:24.000000;3daead11-b6b0-485a-a3c8-b12b03b49d6b;429.37;0.004;UNKNOWN
2016-02-25T00:29:34.000000;2016-02-25T00:29:34.000000;f6d212ad-b1e3-403f-ace2-84ff45ac330b;429.18;3.13151284;UNKNOWN
2016-02-25T00:29:34.000000;2016-02-25T00:29:34.000000;5ef0b943-398e-4c45-bf23-4c2881b99b91;429.19;4.86848716;UNKNOWN
2016-02-25T00:29:37.000000;2016-02-25T00:29:37.000000;5d25e8df-5417-43a5-bc5b-3d936df84040;429.53;0.16;UNKNOWN
2016-02-25T00:29:37.000000;2016-02-25T00:29:37.000000;dc6ee3ee-b668-48ab-8493-55a184579c31;429.5;0.2;UNKNOWN
2016-02-25T00:29:44.000000;2016-02-25T00:29:44.000000;5651d09e-4bd3-44e9-9f15-8edf6f7b366a;429.18;20.0;UNKNOWN
2016-02-25T00:29:45.000000;2016-02-25T00:29:45.000000;ea2cfd41-7f5f-4f06-8995-b2bd180b8096;429.58;0.55;UNKNOWN
2016-02-25T00:29:45.000000;2016-02-25T00:29:45.000000;8b53ae63-a041-46a3-98d8-51a9f503ed7b;429.58;0.25;UNKNOWN
2016-02-25T00:29:45.000000;2016-02-25T00:29:45.000000;69c93aac-2d0d-42df-b83d-91945a66879f;429.58;0.2;UNKNOWN
2016-02-25T00:29:49.000000;2016-02-25T00:29:49.000000;04368cb9-8125-4ae1-92a6-65b8563b64af;429.18;0.079;UNKNOWN
2016-02-25T00:30:09.000000;2016-02-25T00:30:09.000000;34a3dcfb-1b0e-4401-8f42-84cf9c2c9459;429.58;0.01;UNKNOWN
2016-02-25T00:30:17.000000;2016-02-25T00:30:17.000000;5634d25f-4a85-4095-945d-3f3f37975a1f;429.58;3.40700025;UNKNOWN
2016-02-25T00:30:17.000000;2016-02-25T00:30:17.000000;6f346b8d-520e-4fcd-9107-caa973349fdb;429.6;0.01;UNKNOWN
2016-02-25T00:30:17.000000;2016-02-25T00:30:17.000000;06645100-54e2-4b36-b7d2-127236be1fb2;429.58;5.1992;UNKNOWN
2016-02-25T00:30:17.000000;2016-02-25T00:30:17.000000;ebf39eaa-6def-462e-b4c3-2082959c3558;429.59;20.0;UNKNOWN
2016-02-25T00:30:17.000000;2016-02-25T00:30:17.000000;c4289f21-67b1-4e21-9bf2-0140a011229c;429.59;2.0;UNKNOWN
2016-02-25T00:30:17.000000;2016-02-25T00:30:17.000000;b4078ea4-05dc-4d5a-8340-15456339e4bc;429.6;15.0;UNKNOWN
2016-02-25T00:30:17.000000;2016-02-25T00:30:17.000000;8a142664-49d5-442e-b2b6-472de59e7e65;429.59;0.0517;UNKNOWN
2016-02-25T00:30:17.000000;2016-02-25T00:30:17.000000;45f2332c-dd90-47c6-a361-aa615cd757f7;429.6;100.0;UNKNOWN
2016-02-25T00:30:19.000000;2016-02-25T00:30:19.000000;e4653b86-2eb9-426b-b0b6-260293202525;429.66;3.40711633;UNKNOWN
2016-02-25T00:30:19.000000;2016-02-25T00:30:19.000000;60b67a31-2793-4b00-8a69-31c26540308f;429.69;11.62288367;UNKNOWN
2016-02-25T00:30:36.000000;2016-02-25T00:30:36.000000;2789dd76-5059-4433-b60c-2de1de78a092;429.65;4.33209975;UNKNOWN
2016-02-25T00:30:41.000000;2016-02-25T00:30:41.000000;1d35be3c-e651-4b71-9a8a-3817f0bf5a9b;429.85;4.73112186;UNKNOWN
2016-02-25T00:30:41.000000;2016-02-25T00:30:41.000000;63b040ba-fca4-4338-ac2e-ecf2078fbcf8;429.8;0.1169;UNKNOWN
2016-02-25T00:30:41.000000;2016-02-25T00:30:41.000000;ffe4310b-f02c-4c24-882b-b7f080feb2dc;429.84;1.0;UNKNOWN
2016-02-25T00:30:41.000000;2016-02-25T00:30:41.000000;806177db-33d4-407a-bdff-82fc03656ad2;429.6;1.16790025;UNKNOWN
2016-02-25T00:30:41.000000;2016-02-25T00:30:41.000000;e57bcbee-e5c3-4b20-95f5-3ff7069617d4;429.81;0.2;UNKNOWN
2016-02-25T00:30:41.000000;2016-02-25T00:30:41.000000;110292a3-7ca1-42cc-84af-472874cf2898;429.8;3.40696156;UNKNOWN
2016-02-25T00:30:41.000000;2016-02-25T00:30:41.000000;59e21cb0-9277-41bb-a5ec-d310f9643636;429.84;0.2;UNKNOWN
2016-02-25T00:30:41.000000;2016-02-25T00:30:41.000000;7310b259-8a12-4cb3-92f5-36c725f7222f;429.84;0.2;UNKNOWN
2016-02-25T00:30:41.000000;2016-02-25T00:30:41.000000;bb946988-d68b-43f2-b9f0-914914c4916b;429.77;0.2;UNKNOWN
2016-02-25T00:30:41.000000;2016-02-25T00:30:41.000000;236782d1-5bb3-4315-8274-260359c9eb22;429.69;88.37711633;UNKNOWN
2016-02-25T00:30:41.000000;2016-02-25T00:30:41.000000;28b0eac3-9aa7-478e-bc5e-3d863edcf6fd;429.78;0.2;UNKNOWN
2016-02-25T00:30:41.000000;2016-02-25T00:30:41.000000;a3173d1f-9901-4473-bc6e-d295a8e41428;429.7;0.2;UNKNOWN
2016-02-25T00:30:43.000000;2016-02-25T00:30:43.000000;0e30f2ac-a416-4f88-8426-b24e3b202cca;429.89;3.40738721;UNKNOWN
2016-02-25T00:30:43.000000;2016-02-25T00:30:43.000000;86c5208c-803a-48f5-add2-762a11051d85;429.9;0.21339319;UNKNOWN
2016-02-25T00:30:43.000000;2016-02-25T00:30:43.000000;89341e3c-d876-4341-b94d-debd19a1a507;429.89;1.1792196;UNKNOWN
2016-02-25T00:30:43.000000;2016-02-25T00:30:43.000000;8c665f16-5d78-462a-ae97-b9ce0d400e12;429.88;0.2;UNKNOWN
2016-02-25T00:31:02.000000;2016-02-25T00:31:02.000000;8583f803-0e72-4266-9c5a-68052e81a23c;429.58;0.05;UNKNOWN
2016-02-25T00:31:05.000000;2016-02-25T00:31:05.000000;8203f720-275b-43e7-bb49-2c71914d06c5;429.9;0.8;UNKNOWN
2016-02-25T00:31:05.000000;2016-02-25T00:31:05.000000;c50c8ebb-d276-426e-a143-e4b72a49459e;429.79;0.2;UNKNOWN
2016-02-25T00:31:12.000000;2016-02-25T00:31:12.000000;7ca55e3e-131b-4217-9959-8557ebff5b5c;429.58;0.06;UNKNOWN
2016-02-25T00:31:12.000000;2016-02-25T00:31:12.000000;dbaea028-e822-4db0-bc1a-8da90151817d;429.9;9.94;UNKNOWN
2016-02-25T00:31:13.000000;2016-02-25T00:31:13.000000;154f9dd1-82df-49df-ac49-82ca0d74f962;429.9;30.2457;UNKNOWN
2016-02-25T00:31:15.000000;2016-02-25T00:31:15.000000;84d631d3-de2d-4008-befa-dc30e1146742;429.35;3.5409;UNKNOWN
2016-02-25T00:31:15.000000;2016-02-25T00:31:15.000000;259b63ae-7a29-44ef-91ee-7ddbce07a5aa;429.58;0.1877;UNKNOWN
2016-02-25T00:31:15.000000;2016-02-25T00:31:15.000000;ad6701f1-42fe-4db4-8006-ec205e4416f8;429.36;5.7714;UNKNOWN
2016-02-25T00:31:15.000000;2016-02-25T00:31:15.000000;00a85146-28c0-413a-bfad-4570151995a9;429.46;0.5;UNKNOWN
2016-02-25T00:31:39.000000;2016-02-25T00:31:39.000000;d1d6fe9e-7177-45d8-b06f-fe6e549f3c6a;429.87;0.01;UNKNOWN
2016-02-25T00:32:20.000000;2016-02-25T00:32:20.000000;e7ba789b-b719-4f14-a32c-0f304e059128;429.42;22.0;UNKNOWN
2016-02-25T00:32:21.000000;2016-02-25T00:32:21.000000;d7db7e1b-1ddc-450b-a8d9-abbc203f6430;429.86;0.9;UNKNOWN
2016-02-25T00:32:25.000000;2016-02-25T00:32:25.000000;ebacbcca-bed2-41bf-bb9b-55c98c14c8e9;429.41;0.2;UNKNOWN
2016-02-25T00:32:25.000000;2016-02-25T00:32:25.000000;38ad17ec-ed39-4b49-a905-f40094f43409;429.85;0.15;UNKNOWN
2016-02-25T00:32:25.000000;2016-02-25T00:32:25.000000;9f3b3704-2be8-4951-8b91-f6ab150ada1d;429.38;0.65;UNKNOWN
2016-02-25T00:32:33.000000;2016-02-25T00:32:33.000000;9c5eb0b6-8910-46fc-9b73-2cbe72b3eeed;429.44;1.0;UNKNOWN
2016-02-25T00:33:24.000000;2016-02-25T00:33:24.000000;1e200049-2a8d-47d2-b4d1-6a5378468727;429.43;1.1;UNKNOWN
2016-02-25T00:33:36.000000;2016-02-25T00:33:36.000000;65507b7a-fb1b-48de-ba2d-a7a028a44b55;429.43;0.6;UNKNOWN
2016-02-25T00:34:05.000000;2016-02-25T00:34:05.000000;2b965b39-0daf-4ea0-91af-1da7f649a0f2;429.43;0.2375123;UNKNOWN
2016-02-25T00:34:05.000000;2016-02-25T00:34:05.000000;29b93a28-2cec-4fd1-8b15-52941e17ee7a;429.86;4.7624877;UNKNOWN
2016-02-25T00:34:06.000000;2016-02-25T00:34:06.000000;07301be4-e2f9-4ada-b6de-340bac9ecd2b;429.85;1.27184512;UNKNOWN
2016-02-25T00:34:20.000000;2016-02-25T00:34:20.000000;30a34288-0b22-44e4-95b9-a70b5697f62f;429.49;2.1886;UNKNOWN
2016-02-25T00:34:20.000000;2016-02-25T00:34:20.000000;fcd4ed75-6efb-4a95-89c3-910c1cb97938;429.51;5.8114;UNKNOWN
2016-02-25T00:34:25.000000;2016-02-25T00:34:25.000000;e780e519-9cfc-49cf-aae0-53315f1c8fdd;429.35;33.4981;UNKNOWN
2016-02-25T00:34:25.000000;2016-02-25T00:34:25.000000;7e7b0b47-efc6-44ce-996c-00b6b8321d3f;429.4;0.2;UNKNOWN
2016-02-25T00:34:25.000000;2016-02-25T00:34:25.000000;ad6bca47-f6ca-46a1-b94c-7ad6f6e0d73f;429.47;1.26;UNKNOWN
2016-02-25T00:34:25.000000;2016-02-25T00:34:25.000000;0f31bc12-9169-4b56-ac8f-324448b7f6c2;429.46;0.2;UNKNOWN
2016-02-25T00:34:33.000000;2016-02-25T00:34:33.000000;ea172b5c-c4a9-41da-97cc-85c048a1af43;429.9;54.14069487;UNKNOWN
2016-02-25T00:34:33.000000;2016-02-25T00:34:33.000000;1dd6a523-372a-421c-9edf-c7e5b1c1b5f1;429.87;0.49;UNKNOWN
2016-02-25T00:34:33.000000;2016-02-25T00:34:33.000000;fa05b378-0dbb-4626-97c0-b8d96f0e71bf;429.87;0.35418555;UNKNOWN
2016-02-25T00:34:33.000000;2016-02-25T00:34:33.000000;2812a9af-a50a-4b14-b238-b1c1daf62ed2;429.86;5.7395;UNKNOWN
2016-02-25T00:34:45.000000;2016-02-25T00:34:45.000000;713f5bd3-7417-4d5a-86d4-1797cf9558e9;429.35;37.0677;UNKNOWN
2016-02-25T00:34:45.000000;2016-02-25T00:34:45.000000;9745f15d-38a9-4914-bf38-53bca8c846c6;429.43;5.7823;UNKNOWN
2016-02-25T00:34:45.000000;2016-02-25T00:34:45.000000;7f5b517a-16aa-4d93-9127-27f413dd6df2;429.43;4.15;UNKNOWN
2016-02-25T00:34:45.000000;2016-02-25T00:34:45.000000;13db6595-5952-402d-81fe-e3f639fbe962;429.42;53.0;UNKNOWN
2016-02-25T00:35:58.000000;2016-02-25T00:35:58.000000;c729ce16-41e3-4d20-be3e-2cae710e402c;429.46;2.5;UNKNOWN
2016-02-25T00:35:59.000000;2016-02-25T00:35:59.000000;70a20887-6ac7-4f64-93eb-bb852d851f33;429.66;25.0;UNKNOWN
2016-02-25T00:36:01.000000;2016-02-25T00:36:01.000000;788edd5a-ddb5-4e0c-9878-a8ec5d375196;429.45;1.0;UNKNOWN
2016-02-25T00:36:02.000000;2016-02-25T00:36:02.000000;5dc9eecf-d4e0-412d-90eb-6a75b3fbb1f9;429.45;1.7;UNKNOWN
2016-02-25T00:36:06.000000;2016-02-25T00:36:06.000000;adcd0ad2-5620-4d63-96cc-092fe0eb8701;429.95;0.01;UNKNOWN
2016-02-25T00:36:06.000000;2016-02-25T00:36:06.000000;b9d4576b-dc06-4326-820d-dbe6e1164c9d;429.74;0.26;UNKNOWN
2016-02-25T00:36:06.000000;2016-02-25T00:36:06.000000;c6d985e0-e7ba-44d4-8996-d4b6107bff1a;429.96;0.9586;UNKNOWN
2016-02-25T00:36:06.000000;2016-02-25T00:36:06.000000;1967e0c8-f782-4c19-9e7f-d9811ae489ae;429.95;0.1;UNKNOWN
2016-02-25T00:36:06.000000;2016-02-25T00:36:06.000000;e02a4833-0afe-41aa-9eac-35e0ed883de4;429.62;0.87;UNKNOWN
2016-02-25T00:36:06.000000;2016-02-25T00:36:06.000000;53e338de-463a-4c81-a522-1fadd7ffba8f;429.95;5.8014;UNKNOWN
2016-02-25T00:36:06.000000;2016-02-25T00:36:06.000000;f7967f08-f6c5-4833-bac4-808f582b743a;429.63;2.0;UNKNOWN
2016-02-25T00:36:14.000000;2016-02-25T00:36:14.000000;01341453-866f-41b3-928d-255aa744d0eb;429.45;10.0;UNKNOWN
2016-02-25T00:36:21.000000;2016-02-25T00:36:21.000000;14adb897-80d0-4e65-86cf-a3e32ae18e03;430.0;3.2565;UNKNOWN
2016-02-25T00:36:21.000000;2016-02-25T00:36:21.000000;a2f6410f-8fab-4f7b-858a-3b8d76b952df;429.99;0.175;UNKNOWN
2016-02-25T00:36:21.000000;2016-02-25T00:36:21.000000;f1ebf5db-bc41-4285-a337-d31072011416;429.98;0.0905;UNKNOWN
2016-02-25T00:36:21.000000;2016-02-25T00:36:21.000000;fe7a4fb2-9237-482d-843a-8418299c2079;429.99;38.378;UNKNOWN
2016-02-25T00:36:21.000000;2016-02-25T00:36:21.000000;1f0a64f9-9390-4354-b74c-60f9733440b5;429.99;8.0;UNKNOWN
2016-02-25T00:36:21.000000;2016-02-25T00:36:21.000000;0ae62674-faab-470d-af2b-fa9560a5521e;429.99;0.1;UNKNOWN
2016-02-25T00:36:22.000000;2016-02-25T00:36:22.000000;a9e9c5ca-6eed-428c-9f46-32de4a683de4;429.45;10.0;UNKNOWN
2016-02-25T00:36:41.000000;2016-02-25T00:36:41.000000;4fad6c80-ee87-41e1-b38b-66dfe190e1d9;429.41;0.2;UNKNOWN
2016-02-25T00:36:41.000000;2016-02-25T00:36:41.000000;3ba41fb2-4f2f-450f-a0cc-28533b90863e;429.35;25.8933;UNKNOWN
2016-02-25T00:36:41.000000;2016-02-25T00:36:41.000000;cf427d47-413b-411c-b49a-930c914f8937;429.36;5.7333;UNKNOWN
2016-02-25T00:36:41.000000;2016-02-25T00:36:41.000000;26faaa41-73f1-4c45-9e8f-85bb2c3eb2b9;429.29;0.2;UNKNOWN
2016-02-25T00:36:41.000000;2016-02-25T00:36:41.000000;6ee64d55-6a79-4b45-836d-9a11c543b1d7;429.35;0.2;UNKNOWN
2016-02-25T00:36:41.000000;2016-02-25T00:36:41.000000;12ed7ae5-bc9a-4a10-a2d9-b3d32bd502b9;429.23;0.2;UNKNOWN
2016-02-25T00:36:41.000000;2016-02-25T00:36:41.000000;5e8a68c9-16a6-4e9e-b01c-6ceaba059830;429.2;3.194093;UNKNOWN
2016-02-25T00:36:41.000000;2016-02-25T00:36:41.000000;083158a4-29a3-42d7-ad06-e7dacf813116;429.34;0.179307;UNKNOWN
2016-02-25T00:36:41.000000;2016-02-25T00:36:41.000000;5d0feb43-31ce-4f4e-ae6c-54b5b6b76238;429.37;4.15;UNKNOWN
2016-02-25T00:36:41.000000;2016-02-25T00:36:41.000000;af6f84d8-d56e-4998-8b06-de39486dced8;429.72;0.05;UNKNOWN
2016-02-25T00:37:03.000000;2016-02-25T00:37:03.000000;87aa6330-609a-427c-b73c-4ffac2fa8c2b;429.2;4.2611;UNKNOWN
2016-02-25T00:37:03.000000;2016-02-25T00:37:03.000000;c01846a7-8a5a-4777-90a8-889d0bf5d82b;429.21;5.7389;UNKNOWN
2016-02-25T00:37:23.000000;2016-02-25T00:37:23.000000;df09b568-7232-43df-aa93-992696727d32;429.22;3.9;UNKNOWN
2016-02-25T00:37:23.000000;2016-02-25T00:37:23.000000;b7e6baec-9b13-4360-beb3-75788e291b57;429.2;6.1;UNKNOWN
2016-02-25T00:37:24.000000;2016-02-25T00:37:24.000000;d3e26318-9e12-4409-9cee-8857a7778f03;429.2;0.5;UNKNOWN
2016-02-25T00:37:33.000000;2016-02-25T00:37:33.000000;bf85ac03-2eb1-4d32-ab02-2d5eb5b030b1;429.49;3.0;UNKNOWN
2016-02-25T00:37:43.000000;2016-02-25T00:37:43.000000;c530a7f0-b7c7-4ead-8006-6581a3bbdbf2;429.49;1.5;UNKNOWN
2016-02-25T00:37:46.000000;2016-02-25T00:37:46.000000;3af16776-8ff4-4755-aef5-802e3a0b1588;429.23;10.0;UNKNOWN
2016-02-25T00:38:01.000000;2016-02-25T00:38:01.000000;7160fd6c-32a9-4d2f-89d7-d9fde7347819;429.5;1.0;UNKNOWN
2016-02-25T00:38:01.000000;2016-02-25T00:38:01.000000;8d5ab246-9880-4c20-ba58-b8570de694d9;429.25;5.7454;UNKNOWN
2016-02-25T00:38:01.000000;2016-02-25T00:38:01.000000;37295d85-3692-4c83-a7eb-09b994bb86c0;429.49;5.7443;UNKNOWN
2016-02-25T00:38:01.000000;2016-02-25T00:38:01.000000;77353eee-8564-4a2f-a771-dbc7a93ce395;429.2;28.3646;UNKNOWN
2016-02-25T00:38:01.000000;2016-02-25T00:38:01.000000;dc0fb5a1-12ee-4e16-8e93-136753e9e329;429.25;15.89;UNKNOWN
2016-02-25T00:38:09.000000;2016-02-25T00:38:09.000000;8285d2e4-2e13-4e76-aa4b-aaaccbcd4482;429.51;0.33;UNKNOWN
2016-02-25T00:38:10.000000;2016-02-25T00:38:10.000000;c487f15b-d132-4393-acb6-76de5d61264f;429.51;1.5;UNKNOWN
2016-02-25T00:38:13.000000;2016-02-25T00:38:13.000000;ebda6382-10af-4108-af94-4ddde7ca287e;429.69;0.01;UNKNOWN
2016-02-25T00:38:15.000000;2016-02-25T00:38:15.000000;ffb9329b-b297-46db-95fc-2f5dd3b5b277;429.5;43.2557;UNKNOWN
2016-02-25T00:38:15.000000;2016-02-25T00:38:15.000000;7d76d426-c090-4d57-a887-9cc8461ede81;429.2;6.7443;UNKNOWN
2016-02-25T00:38:20.000000;2016-02-25T00:38:20.000000;7a3932ee-5186-4d8d-9e08-05c7e72cc76e;429.2;10.0;UNKNOWN
2016-02-25T00:38:24.000000;2016-02-25T00:38:24.000000;df0283a4-0a0b-4e2c-8407-9dcac818c268;428.94;0.2;UNKNOWN
2016-02-25T00:38:24.000000;2016-02-25T00:38:24.000000;7f9c27dc-f6aa-4dfc-ae35-7ec89a590a72;429.2;40.835907;UNKNOWN
2016-02-25T00:38:24.000000;2016-02-25T00:38:24.000000;e307c5db-8809-4b44-ab9b-677370c221ee;428.73;0.2;UNKNOWN
2016-02-25T00:38:24.000000;2016-02-25T00:38:24.000000;d8e8ad57-5679-4998-816a-71c1556cf0d1;428.61;2.15775039;UNKNOWN
2016-02-25T00:38:24.000000;2016-02-25T00:38:24.000000;b1952302-f8e1-4d35-a6d8-04c91dc0b481;428.79;0.2;UNKNOWN
2016-02-25T00:38:24.000000;2016-02-25T00:38:24.000000;95ccf5ee-04b7-4c43-93bd-1cc1d48a3186;428.7;3.40634261;UNKNOWN
2016-02-25T00:38:24.000000;2016-02-25T00:38:24.000000;3d5dcfcc-1cd4-4f8b-95e3-139e46fd25c4;428.75;1.0;UNKNOWN
2016-02-25T00:38:24.000000;2016-02-25T00:38:24.000000;5b8e7ae3-88ba-4d97-b18f-7b963a1b0864;428.66;0.2;UNKNOWN
2016-02-25T00:38:24.000000;2016-02-25T00:38:24.000000;69f9c968-16d2-4ed4-8a7f-9d2e8bde171c;428.87;0.2;UNKNOWN
2016-02-25T00:38:24.000000;2016-02-25T00:38:24.000000;0dc106ab-689c-46a2-8d78-eaf4ff040d27;429.0;0.2;UNKNOWN
2016-02-25T00:38:24.000000;2016-02-25T00:38:24.000000;985cf700-70a0-4366-b949-95348d992946;429.07;0.2;UNKNOWN
2016-02-25T00:38:24.000000;2016-02-25T00:38:24.000000;b5a6b6d8-a6be-4892-b42f-900d3dbb8685;429.1;1.0;UNKNOWN
2016-02-25T00:38:24.000000;2016-02-25T00:38:24.000000;36b4eca6-6daf-435c-a907-94cb1955ec99;429.13;0.2;UNKNOWN
2016-02-25T00:38:35.000000;2016-02-25T00:38:35.000000;3b39d621-8e48-4e9c-b95d-25ce60a520b7;428.59;0.2;UNKNOWN
2016-02-25T00:38:35.000000;2016-02-25T00:38:35.000000;ebd127dd-7c70-41b3-af90-86d35c3f0c71;428.23;3.40649732;UNKNOWN
2016-02-25T00:38:35.000000;2016-02-25T00:38:35.000000;de8b7261-0a24-4ca6-be60-c2b295eb5d10;428.37;0.2;UNKNOWN
2016-02-25T00:38:35.000000;2016-02-25T00:38:35.000000;f9324f04-60f5-414c-b023-e7b7a3b80a0f;428.3;0.2;UNKNOWN
2016-02-25T00:38:35.000000;2016-02-25T00:38:35.000000;f5c6a90c-c0dd-43db-9758-df0eba801d7e;428.38;0.2;UNKNOWN
2016-02-25T00:38:35.000000;2016-02-25T00:38:35.000000;e5504e31-4639-41b2-ac8b-7b64e1cdf9bf;429.16;0.2;UNKNOWN
2016-02-25T00:38:35.000000;2016-02-25T00:38:35.000000;73d0bc07-ab1b-4fc6-859d-f2f358e48579;428.3;0.03;UNKNOWN
2016-02-25T00:38:35.000000;2016-02-25T00:38:35.000000;b5fac9be-4eb6-429b-ba22-4798ebd3e10c;428.32;3.40734851;UNKNOWN
2016-02-25T00:38:35.000000;2016-02-25T00:38:35.000000;251be73f-fb4a-471d-a4ef-9e3d0dff11d4;428.36;0.35;UNKNOWN
2016-02-25T00:38:35.000000;2016-02-25T00:38:35.000000;9e3e9bee-c7fd-41c9-a963-419e9216e17e;428.35;16.0159;UNKNOWN
2016-02-25T00:38:35.000000;2016-02-25T00:38:35.000000;c2f5c7df-36bd-4d88-b468-3b1f4747052a;428.45;0.2;UNKNOWN
2016-02-25T00:38:35.000000;2016-02-25T00:38:35.000000;cb43e5b9-1ad7-421a-bfca-8c44a141baa9;428.23;5.58290566;UNKNOWN
2016-02-25T00:38:35.000000;2016-02-25T00:38:35.000000;b32b5bbd-d2c8-4120-afdc-1655bebd0576;428.44;7.8;UNKNOWN
2016-02-25T00:38:35.000000;2016-02-25T00:38:35.000000;85c9a29d-d637-4cee-a024-d920ee340db7;428.63;7.8;UNKNOWN
2016-02-25T00:38:35.000000;2016-02-25T00:38:35.000000;2692d5d0-33b3-4714-9722-e4f9ce52d0ac;428.52;0.2;UNKNOWN
2016-02-25T00:38:35.000000;2016-02-25T00:38:35.000000;cfc0081b-4b29-4794-ba2d-c3335f993a7f;428.52;0.2;UNKNOWN
2016-02-25T00:38:35.000000;2016-02-25T00:38:35.000000;f54d564e-df31-482b-862c-2231ee4d7340;428.44;3.40734851;UNKNOWN
2016-02-25T00:38:35.000000;2016-02-25T00:38:35.000000;8a5ed87b-e072-421a-8007-991003a0cabc;429.23;0.2;UNKNOWN
2016-02-25T00:38:35.000000;2016-02-25T00:38:35.000000;d932dbb9-084a-416d-b1a1-af9f9cf73657;428.45;0.2;UNKNOWN
2016-02-25T00:38:35.000000;2016-02-25T00:38:35.000000;c1652648-e787-4e49-b909-9dfa4b477e4a;428.52;0.2;UNKNOWN
2016-02-25T00:38:44.000000;2016-02-25T00:38:44.000000;d4db1ad7-998e-4379-b4a9-32fed058f74d;428.81;0.5;UNKNOWN
2016-02-25T00:38:46.000000;2016-02-25T00:38:46.000000;7091ba1f-2f77-4ab8-a828-96158b500340;428.81;0.5;UNKNOWN
2016-02-25T00:38:47.000000;2016-02-25T00:38:47.000000;317d8d12-a587-4425-b642-0c8bfe4e1db5;428.81;0.2;UNKNOWN
2016-02-25T00:38:47.000000;2016-02-25T00:38:47.000000;41b13e93-53e0-4b1b-b0ae-60977afd0cee;428.81;0.2;UNKNOWN
2016-02-25T00:39:03.000000;2016-02-25T00:39:03.000000;87a21114-55f7-4b58-877e-fcb1e993b71e;428.83;1.0;UNKNOWN
2016-02-25T00:39:07.000000;2016-02-25T00:39:07.000000;cefad6f0-60fd-4ed2-a0fa-86c32b939924;428.83;1.2;UNKNOWN
2016-02-25T00:39:08.000000;2016-02-25T00:39:08.000000;ef12e221-bfb2-4296-b445-e46b5dce58e6;428.83;0.05;UNKNOWN
2016-02-25T00:39:10.000000;2016-02-25T00:39:10.000000;a1b26f74-ac13-49e7-8ed0-f5074bf74cd3;428.4;0.5;UNKNOWN
2016-02-25T00:39:12.000000;2016-02-25T00:39:12.000000;6f7f465f-080e-412a-9bb6-6fbd05b05013;429.41;8.0583;UNKNOWN
2016-02-25T00:39:12.000000;2016-02-25T00:39:12.000000;44b157f8-1162-4e7e-a3fb-4a683ec9c536;429.21;16.5417;UNKNOWN
2016-02-25T00:39:12.000000;2016-02-25T00:39:12.000000;85e7ce45-35e8-441b-b179-6cfcae453132;429.01;0.2;UNKNOWN
2016-02-25T00:39:12.000000;2016-02-25T00:39:12.000000;d0429092-eeef-4721-95e5-5765ebf5c56c;429.09;0.2;UNKNOWN
2016-02-25T00:40:13.000000;2016-02-25T00:40:13.000000;708993de-f6bb-4fc4-9568-b2e91fff0b21;428.4;1.5;UNKNOWN
2016-02-25T00:40:13.000000;2016-02-25T00:40:13.000000;ab4dce29-940d-461c-abf9-e41285ecd9a3;428.0;0.1;UNKNOWN
2016-02-25T00:40:13.000000;2016-02-25T00:40:13.000000;40b0bf4b-c45a-42a0-aac4-6c9b1b44edcd;428.12;0.36;UNKNOWN
2016-02-25T00:40:13.000000;2016-02-25T00:40:13.000000;8e244327-cd46-427c-94f4-55ff471e7390;428.43;1.0;UNKNOWN
2016-02-25T00:40:13.000000;2016-02-25T00:40:13.000000;69cdae94-eb67-423f-978c-8874a422faaf;428.2;2.0;UNKNOWN
2016-02-25T00:40:13.000000;2016-02-25T00:40:13.000000;75b64d5e-9c9e-4b50-b28e-b86b43d8cb00;428.09;0.2;UNKNOWN
2016-02-25T00:40:13.000000;2016-02-25T00:40:13.000000;e44e155e-e30d-4a80-8af6-c5e0f44c43e6;428.0;3.9;UNKNOWN
2016-02-25T00:40:13.000000;2016-02-25T00:40:13.000000;0976de23-4eed-4797-a687-f687a5029aaa;428.3;0.03;UNKNOWN
2016-02-25T00:40:13.000000;2016-02-25T00:40:13.000000;b6d0661b-9c57-45fc-b461-0eedb02bb225;428.17;0.2;UNKNOWN
2016-02-25T00:40:13.000000;2016-02-25T00:40:13.000000;65136ffd-aba0-4972-8ebf-39acb3aa9241;428.0;6.71;UNKNOWN
2016-02-25T00:40:39.000000;2016-02-25T00:40:39.000000;05aef5b0-f519-4f90-ad6c-c68393e030b7;427.98;0.04;UNKNOWN
2016-02-25T00:40:39.000000;2016-02-25T00:40:39.000000;8431d211-1dc4-452e-b01c-da193d8b5d1e;427.86;7.8;UNKNOWN
2016-02-25T00:40:39.000000;2016-02-25T00:40:39.000000;80d6522e-929f-4f59-9552-660260d53056;428.2;0.03;UNKNOWN
2016-02-25T00:40:39.000000;2016-02-25T00:40:39.000000;5eed31e3-82c1-4af1-a756-bd440650262c;428.0;0.5;UNKNOWN
2016-02-25T00:40:39.000000;2016-02-25T00:40:39.000000;386c87a5-49c1-4cbf-aae6-e049c1ad0592;427.85;25.0;UNKNOWN
2016-02-25T00:40:39.000000;2016-02-25T00:40:39.000000;39a72293-6b5a-44b3-9926-fe99526e3acf;427.92;0.2;UNKNOWN
2016-02-25T00:40:39.000000;2016-02-25T00:40:39.000000;bd128eec-f190-4c5a-9819-681fe5ba2213;427.83;15.23;UNKNOWN
2016-02-25T00:40:39.000000;2016-02-25T00:40:39.000000;4bcff2d3-c4be-411d-90ff-037d6b534d88;428.01;1.0;UNKNOWN
2016-02-25T00:40:39.000000;2016-02-25T00:40:39.000000;536e3675-a393-49e4-99e8-dc049acc6447;428.01;0.2;UNKNOWN
2016-02-25T00:40:42.000000;2016-02-25T00:40:42.000000;5376e3f6-fa8b-454c-93f9-f02b685ab201;427.83;0.17;UNKNOWN
2016-02-25T00:40:42.000000;2016-02-25T00:40:42.000000;eae73eb4-ede1-4170-9324-83ed796cf5dd;428.07;0.33;UNKNOWN
2016-02-25T00:40:44.000000;2016-02-25T00:40:44.000000;2b3680c4-59af-4284-8fc9-7968a12191d4;427.73;0.2;UNKNOWN
2016-02-25T00:40:44.000000;2016-02-25T00:40:44.000000;4aaa64a4-3f3d-41d8-bf89-ff2c05e689d1;427.82;0.2;UNKNOWN
2016-02-25T00:40:44.000000;2016-02-25T00:40:44.000000;3974b79f-ea8d-4e69-9c37-10895b10299c;427.66;3.9402;UNKNOWN
2016-02-25T00:40:44.000000;2016-02-25T00:40:44.000000;185f3267-e08d-41ae-8269-ffbbb9ebaa7a;427.84;0.01;UNKNOWN
2016-02-25T00:40:44.000000;2016-02-25T00:40:44.000000;a130a589-dd2e-4067-844f-b9f183173d80;427.83;0.9389;UNKNOWN
2016-02-25T00:40:44.000000;2016-02-25T00:40:44.000000;2a16fb84-b724-4730-b796-7c41f54d3a35;427.7;0.02;UNKNOWN
2016-02-25T00:40:44.000000;2016-02-25T00:40:44.000000;7aa1f66e-9054-4407-9611-2858280ee041;427.66;4.6909;UNKNOWN
2016-02-25T00:40:50.000000;2016-02-25T00:40:50.000000;e98a3ff1-f9f2-4ea6-9dd2-96c60fbf9ad3;427.67;14.5782;UNKNOWN
2016-02-25T00:40:50.000000;2016-02-25T00:40:50.000000;91453b71-7b82-484c-afc3-246256d0d46c;427.66;3.1091;UNKNOWN
2016-02-25T00:40:50.000000;2016-02-25T00:40:50.000000;b73c63d0-a1ea-4760-a7af-d5d38cabb072;427.65;25.0;UNKNOWN
2016-02-25T00:40:50.000000;2016-02-25T00:40:50.000000;d4639a19-aa7e-4714-9b8a-3521c150a6fb;427.63;7.3127;UNKNOWN
2016-02-25T00:40:51.000000;2016-02-25T00:40:51.000000;88556c1a-05bc-4707-b579-682644238e91;427.6;1.1174;UNKNOWN
2016-02-25T00:40:51.000000;2016-02-25T00:40:51.000000;49179497-3089-4da6-ab4f-22f43c06ffc4;427.6;0.02;UNKNOWN
2016-02-25T00:40:51.000000;2016-02-25T00:40:51.000000;c65b5ccf-1418-4902-9be9-3b60a301d3ab;427.63;0.2;UNKNOWN
2016-02-25T00:40:51.000000;2016-02-25T00:40:51.000000;1c79a3f9-e07a-4171-ae7e-c295e9c1d2c2;427.63;8.6626;UNKNOWN
2016-02-25T00:40:56.000000;2016-02-25T00:40:56.000000;1257ecd4-da9e-462b-8453-213eaaa0b425;427.6;16.0691;UNKNOWN
2016-02-25T00:40:56.000000;2016-02-25T00:40:56.000000;f91586f7-5479-48c4-9554-79c4156f7b11;427.65;0.34;UNKNOWN
2016-02-25T00:40:56.000000;2016-02-25T00:40:56.000000;d47cc4ec-ad32-4b6a-9a72-3f5d7bf4ac1c;427.66;8.5909;UNKNOWN
2016-02-25T00:40:56.000000;2016-02-25T00:40:56.000000;b7057580-684c-478e-be03-e8269e4dd67d;428.0;25.0;UNKNOWN
2016-02-25T00:40:59.000000;2016-02-25T00:40:59.000000;cc3dd321-70a7-40fb-a788-8c412f6ab699;427.6;42.1865;UNKNOWN
2016-02-25T00:40:59.000000;2016-02-25T00:40:59.000000;d834d9f5-d412-42f7-85ec-bef155d1130a;427.6;7.8135;UNKNOWN
2016-02-25T00:41:01.000000;2016-02-25T00:41:01.000000;5ff61fe0-c9c6-467b-8da4-fb78af120c04;427.6;25.7198;UNKNOWN
2016-02-25T00:41:01.000000;2016-02-25T00:41:01.000000;31ae1787-b368-4ee0-aa91-c044452ef02f;427.67;3.9402;UNKNOWN
2016-02-25T00:41:01.000000;2016-02-25T00:41:01.000000;b1f0bccd-af72-46fc-ab16-8f2a785da37c;427.65;0.34;UNKNOWN
2016-02-25T00:41:06.000000;2016-02-25T00:41:06.000000;32013f1d-9f7b-40a0-a773-7f04880a376f;427.95;0.34;UNKNOWN
2016-02-25T00:41:06.000000;2016-02-25T00:41:06.000000;4c75adee-b675-402c-9edb-2c3ba9ed0a73;427.68;3.9;UNKNOWN
2016-02-25T00:41:06.000000;2016-02-25T00:41:06.000000;9ab5e0d9-16a1-47dd-bc9e-23883ded532a;427.6;13.51;UNKNOWN
2016-02-25T00:41:21.000000;2016-02-25T00:41:21.000000;c327a262-97c5-4ad3-ae5b-eb85b677d4b6;427.6;5.0;UNKNOWN
2016-02-25T00:41:25.000000;2016-02-25T00:41:25.000000;7c03764e-18de-4e52-8bbc-8ae5f921223d;427.61;0.37;UNKNOWN
2016-02-25T00:41:25.000000;2016-02-25T00:41:25.000000;843db15e-1c8c-4df9-804c-b84eb8dd583a;427.6;2.39;UNKNOWN
2016-02-25T00:41:34.000000;2016-02-25T00:41:34.000000;f6e7dca7-3063-4189-adf9-1d3770ef539b;427.6;0.05;UNKNOWN
2016-02-25T00:41:41.000000;2016-02-25T00:41:41.000000;73224847-14e3-4d0a-8b95-ea7ab2748f86;427.6;0.32;UNKNOWN
2016-02-25T00:41:54.000000;2016-02-25T00:41:54.000000;1b1bff3c-195d-42c4-8551-55a74f96b9e6;427.6;10.0;UNKNOWN
2016-02-25T00:42:02.000000;2016-02-25T00:42:02.000000;301ecb79-d8a9-4ee1-9844-3da76365ee4a;427.6;0.05;UNKNOWN
2016-02-25T00:43:27.000000;2016-02-25T00:43:27.000000;08a14d6d-b959-44da-b2c8-10f97fb1cde0;427.57;0.2;UNKNOWN
2016-02-25T00:43:27.000000;2016-02-25T00:43:27.000000;79f6340e-c285-417d-8887-f9288fdd14ec;427.5;0.02;UNKNOWN
2016-02-25T00:43:27.000000;2016-02-25T00:43:27.000000;70e5468a-0eba-4979-ae1d-e1625917c8d2;427.47;0.2;UNKNOWN
2016-02-25T00:43:27.000000;2016-02-25T00:43:27.000000;7d06a0f6-5cd2-4767-984b-eb5aecb38fbe;427.39;0.51910911;UNKNOWN
2016-02-25T00:43:27.000000;2016-02-25T00:43:27.000000;9e004e82-6fe6-4837-9632-1f58b07d3669;427.56;1.0;UNKNOWN
2016-02-25T00:43:27.000000;2016-02-25T00:43:27.000000;0f31749b-beaa-4430-abef-8c3d188c9dc7;427.4;0.03;UNKNOWN
2016-02-25T00:43:27.000000;2016-02-25T00:43:27.000000;9fbef101-947c-4d96-9859-569c90702b74;427.6;0.7737;UNKNOWN
2016-02-25T00:43:27.000000;2016-02-25T00:43:27.000000;837d0ab8-bc9c-49f4-aa48-997c8a684331;427.4;0.02;UNKNOWN
2016-02-25T00:43:28.000000;2016-02-25T00:43:28.000000;da81b425-d5ef-4d7f-9468-1a2eda738596;427.39;1.0;UNKNOWN
2016-02-25T00:43:28.000000;2016-02-25T00:43:28.000000;128a4b42-453b-479b-a0eb-c9d845b7288e;427.39;0.5;UNKNOWN
2016-02-25T00:44:15.000000;2016-02-25T00:44:15.000000;72d832e7-02fe-436d-bbb0-b6c43958832f;427.37;0.2;UNKNOWN
2016-02-25T00:44:15.000000;2016-02-25T00:44:15.000000;b8db2dd3-4830-4409-a0c5-8c0d2cee7c51;427.3;0.02;UNKNOWN
2016-02-25T00:44:15.000000;2016-02-25T00:44:15.000000;c032e815-fb73-4ae4-a2a3-614ff9df5630;427.3;0.28;UNKNOWN
2016-02-25T00:44:23.000000;2016-02-25T00:44:23.000000;1b622441-8e87-4e20-872b-04d9b38d704b;427.3;20.0;UNKNOWN
2016-02-25T00:44:39.000000;2016-02-25T00:44:39.000000;0ec9ae4d-2a43-45ba-99ff-5e3c480c7dab;427.3;1.0;UNKNOWN
2016-02-25T00:44:55.000000;2016-02-25T00:44:55.000000;705c43e8-eb51-4af7-a0c7-9f5038ac1a23;427.77;1.0;UNKNOWN
2016-02-25T00:44:57.000000;2016-02-25T00:44:57.000000;4a486c4d-71b0-40bb-bac3-f7e586c61f88;427.76;1.0;UNKNOWN
2016-02-25T00:44:58.000000;2016-02-25T00:44:58.000000;4bc73c87-2a96-415b-ad5b-7ec4e2706992;427.69;1.0;UNKNOWN
2016-02-25T00:45:02.000000;2016-02-25T00:45:02.000000;711580ab-3f9d-4fc2-a77d-15bbe3feb795;427.75;1.0;UNKNOWN
2016-02-25T00:45:07.000000;2016-02-25T00:45:07.000000;8cbe6be2-6700-4ea9-b589-fa81ea1c4394;427.69;1.0;UNKNOWN
2016-02-25T00:45:08.000000;2016-02-25T00:45:08.000000;ae856b50-c658-4ea7-b79b-4f59714d1d92;427.3;0.120003;UNKNOWN
2016-02-25T00:46:09.000000;2016-02-25T00:46:09.000000;741ae471-5e59-4541-8419-2ffefff24b6b;427.31;0.0272;UNKNOWN
2016-02-25T00:46:58.000000;2016-02-25T00:46:58.000000;12e7683a-6ea1-4e2f-8f1a-7ea1416b8a55;427.83;3.0;UNKNOWN
2016-02-25T00:47:14.000000;2016-02-25T00:47:14.000000;893fe2fb-68bf-4389-bd17-162377ac60c9;427.5;0.35;UNKNOWN
2016-02-25T00:47:26.000000;2016-02-25T00:47:26.000000;6a2bcecf-ecd6-47cf-8bc6-2c1cba136e14;427.73;2.0;UNKNOWN
2016-02-25T00:47:45.000000;2016-02-25T00:47:45.000000;ac192c77-21ed-4b63-ba20-0ba5fbe0d954;427.78;3.0;UNKNOWN
2016-02-25T00:48:29.000000;2016-02-25T00:48:29.000000;8245ccb5-caff-4e9c-8616-a79629f20c6e;427.51;0.01;UNKNOWN
2016-02-25T00:48:29.000000;2016-02-25T00:48:29.000000;795d38ce-538f-467c-b42c-5a1eab7df68e;427.51;0.46849082;UNKNOWN
2016-02-25T00:49:39.000000;2016-02-25T00:49:39.000000;81b83ac9-b776-4c78-a3e7-18abaef2adb7;427.7;2.6247;UNKNOWN
2016-02-25T00:50:28.000000;2016-02-25T00:50:28.000000;11f17f03-dd8d-4bf6-b30e-35d972b0f01c;427.34;0.117611;UNKNOWN
2016-02-25T00:51:02.000000;2016-02-25T00:51:02.000000;afa8db9a-9fa2-4092-9112-fe26d5d80981;426.8;0.02;UNKNOWN
2016-02-25T00:51:02.000000;2016-02-25T00:51:02.000000;e2d0afd1-70aa-4313-8c32-9b9321901f08;426.82;0.2;UNKNOWN
2016-02-25T00:51:02.000000;2016-02-25T00:51:02.000000;fbe94e68-bb33-46c0-9a9b-ee69faf1986e;426.8;2.0;UNKNOWN
2016-02-25T00:51:02.000000;2016-02-25T00:51:02.000000;1c9fb346-f4f0-4726-8d29-76b44ae71edb;426.77;2.0;UNKNOWN
2016-02-25T00:51:02.000000;2016-02-25T00:51:02.000000;0e544038-3360-435c-a855-b28e2f5f516e;426.81;3.41611724;UNKNOWN
2016-02-25T00:51:02.000000;2016-02-25T00:51:02.000000;8f4b62cb-532f-4656-bbd8-dbac60e90651;426.74;2.0;UNKNOWN
2016-02-25T00:51:02.000000;2016-02-25T00:51:02.000000;637012f2-81e1-4734-bb89-82c4b6c57271;427.32;0.2;UNKNOWN
2016-02-25T00:51:02.000000;2016-02-25T00:51:02.000000;23aaa123-13ee-437f-b242-386e8bc3892b;427.2;0.02;UNKNOWN
2016-02-25T00:51:02.000000;2016-02-25T00:51:02.000000;7816b523-4381-44aa-9911-0dc84490a9a8;427.32;25.0;UNKNOWN
2016-02-25T00:51:02.000000;2016-02-25T00:51:02.000000;13c66916-8e88-438d-be38-6606c0ffc9ec;427.2;0.2;UNKNOWN
2016-02-25T00:51:02.000000;2016-02-25T00:51:02.000000;24dbfbf3-74ab-422f-a662-0d73cc6540fe;427.2;0.02;UNKNOWN
2016-02-25T00:51:02.000000;2016-02-25T00:51:02.000000;f6f8a5e0-90ba-4843-aff6-a0ec5ee6de5e;427.3;0.02;UNKNOWN
2016-02-25T00:51:02.000000;2016-02-25T00:51:02.000000;9b6a4a53-4f46-431d-8259-7a727cadac3a;427.32;0.1;UNKNOWN
2016-02-25T00:51:02.000000;2016-02-25T00:51:02.000000;97391d19-29ac-482c-a7b9-d1687010a169;427.32;0.24;UNKNOWN
2016-02-25T00:51:02.000000;2016-02-25T00:51:02.000000;5bb383cf-684f-4a7a-972d-72f2a5e03028;426.9;3.41611724;UNKNOWN
2016-02-25T00:51:02.000000;2016-02-25T00:51:02.000000;6c600d32-852d-4e7f-9094-f763364baec9;427.1;0.02;UNKNOWN
2016-02-25T00:51:02.000000;2016-02-25T00:51:02.000000;20872874-fd21-4aca-a286-407836d023b2;426.95;0.2;UNKNOWN
2016-02-25T00:51:02.000000;2016-02-25T00:51:02.000000;ede816e0-fd91-4af2-95e5-838f2bf88c11;427.08;1.0;UNKNOWN
2016-02-25T00:51:02.000000;2016-02-25T00:51:02.000000;ea917159-dab8-4d4c-b5b5-a99384b0db3b;427.0;0.1;UNKNOWN
2016-02-25T00:51:02.000000;2016-02-25T00:51:02.000000;ac3bee3a-4fdd-4069-a53e-40058e7773bc;427.09;5.8302;UNKNOWN
2016-02-25T00:51:02.000000;2016-02-25T00:51:02.000000;20cc0228-a152-47cc-8a72-9551824c635f;427.08;0.2;UNKNOWN
2016-02-25T00:51:02.000000;2016-02-25T00:51:02.000000;0a8c28c0-5e83-4eb5-b62b-d85df39f3c78;426.83;3.41611724;UNKNOWN
2016-02-25T00:51:02.000000;2016-02-25T00:51:02.000000;2c8e290a-3e5f-4f57-a78d-fb9ba905e633;426.73;1.31144828;UNKNOWN
2016-02-25T00:51:02.000000;2016-02-25T00:51:02.000000;174e4411-d72f-497b-80fd-f1e1348da8e9;426.75;2.0;UNKNOWN
2016-02-25T00:51:02.000000;2016-02-25T00:51:02.000000;7ed99016-55a4-4235-82c3-75003fc0d69b;426.9;0.02;UNKNOWN
2016-02-25T00:51:02.000000;2016-02-25T00:51:02.000000;9c9dd305-8606-4e65-b199-860ec20a81c6;427.0;0.03;UNKNOWN
2016-02-25T00:51:02.000000;2016-02-25T00:51:02.000000;e6c25a1d-3ff6-48d2-b2e9-e3486a3e19b5;427.0;0.02;UNKNOWN
2016-02-25T00:51:10.000000;2016-02-25T00:51:10.000000;4d38d095-d253-47da-95e0-cce7e1ed4eb0;426.71;1.0;UNKNOWN
2016-02-25T00:51:15.000000;2016-02-25T00:51:15.000000;25f0d034-93c1-40f4-9135-e96674a36eb5;426.71;0.5;UNKNOWN
2016-02-25T00:51:39.000000;2016-02-25T00:51:39.000000;5c5ec010-1664-4945-a2fb-f7589a6f6092;426.56;0.991;UNKNOWN
2016-02-25T00:51:39.000000;2016-02-25T00:51:39.000000;230d8916-20e1-43cf-8fa0-d7383165b364;426.63;0.1;UNKNOWN
2016-02-25T00:51:39.000000;2016-02-25T00:51:39.000000;4f65a2e9-3432-4e61-8ea8-c4659c9f5bd1;426.7;0.02;UNKNOWN
2016-02-25T00:51:39.000000;2016-02-25T00:51:39.000000;7a300133-1ff1-45a1-a9aa-51f97d3cbd97;426.62;17.48;UNKNOWN
2016-02-25T00:51:39.000000;2016-02-25T00:51:39.000000;7f7c0d9f-a936-4936-b255-ed75a75dd1f7;426.69;0.2;UNKNOWN
2016-02-25T00:51:39.000000;2016-02-25T00:51:39.000000;10f2cc53-56fb-427b-a9a7-27b27e3c81f1;426.71;0.26;UNKNOWN
2016-02-25T00:51:39.000000;2016-02-25T00:51:39.000000;ab2370b4-688e-4847-9557-8eb73c78a52c;426.59;0.069;UNKNOWN
2016-02-25T00:51:39.000000;2016-02-25T00:51:39.000000;5c695fc4-a89a-4b95-8904-a28becc76a76;426.6;0.02;UNKNOWN
2016-02-25T00:51:39.000000;2016-02-25T00:51:39.000000;6a47fed4-c456-447c-9822-ed66244ad998;426.71;0.86;UNKNOWN
2016-02-25T00:51:47.000000;2016-02-25T00:51:47.000000;e313f93c-5a3c-414f-a2a4-acab648d6fa5;426.51;0.3;UNKNOWN
2016-02-25T00:51:47.000000;2016-02-25T00:51:47.000000;a6430308-7309-46eb-bc70-5d2d73510779;426.55;0.2;UNKNOWN
2016-02-25T00:51:52.000000;2016-02-25T00:51:52.000000;bf6f7902-9a64-458a-9603-26cee9ccef75;426.88;1.0;UNKNOWN
2016-02-25T00:52:03.000000;2016-02-25T00:52:03.000000;ba368ca7-de52-4dd7-ab2c-45578a9de073;426.88;3.9341;UNKNOWN
2016-02-25T00:52:03.000000;2016-02-25T00:52:03.000000;f8a850dd-345e-4c3b-aabe-be7b9d4dffa5;426.89;0.18036896;UNKNOWN
2016-02-25T00:52:05.000000;2016-02-25T00:52:05.000000;0c8f5152-34b6-43a5-8b30-9d666ddbfbf2;427.29;0.1;UNKNOWN
2016-02-25T00:52:22.000000;2016-02-25T00:52:22.000000;f32001c3-8790-4c97-8211-c3def8c86ab3;426.91;0.01;UNKNOWN
2016-02-25T00:52:42.000000;2016-02-25T00:52:42.000000;ef8b314f-0701-416c-8034-3290ab814849;427.28;0.0663;UNKNOWN
2016-02-25T00:53:06.000000;2016-02-25T00:53:06.000000;4dce5fb4-efdf-4ec9-8729-23e465342069;427.0;0.96106059;UNKNOWN
2016-02-25T00:53:09.000000;2016-02-25T00:53:09.000000;009b7c1a-0f75-482c-9bfb-2a7841f6058e;426.9;5.0;UNKNOWN
2016-02-25T00:53:52.000000;2016-02-25T00:53:52.000000;2fcdc4a7-b2b5-4a50-8071-84e9a6c1fe82;426.9;30.0;UNKNOWN
2016-02-25T00:53:55.000000;2016-02-25T00:53:55.000000;cd758335-4fa3-4593-97cd-621cb517767e;427.0;1.40220135;UNKNOWN
2016-02-25T00:53:55.000000;2016-02-25T00:53:55.000000;8bbee135-daca-43f5-a80a-0c879a079734;427.53;0.2;UNKNOWN
2016-02-25T00:53:55.000000;2016-02-25T00:53:55.000000;32e113c9-0e90-4eb5-b460-e3d22f6db049;427.29;4.98;UNKNOWN
2016-02-25T00:53:55.000000;2016-02-25T00:53:55.000000;91ce5fe4-d731-4d16-b1a5-f76b95bf13c7;427.33;0.2;UNKNOWN
2016-02-25T00:53:55.000000;2016-02-25T00:53:55.000000;737a036f-e9ec-442d-87c1-620d74f11837;426.91;0.186;UNKNOWN
2016-02-25T00:53:55.000000;2016-02-25T00:53:55.000000;41d63d8c-1eeb-4175-a1d3-8cb19a4fb1c4;427.66;0.2;UNKNOWN
2016-02-25T00:53:55.000000;2016-02-25T00:53:55.000000;b9a6e7dc-f69b-49fe-81b8-ede2ca1aa6fc;427.79;0.2;UNKNOWN
2016-02-25T00:53:55.000000;2016-02-25T00:53:55.000000;16f75a9f-4205-4e5a-98d1-b34137d477a3;427.83;0.5;UNKNOWN
2016-02-25T00:53:55.000000;2016-02-25T00:53:55.000000;205ce0d5-1338-4dbe-b9c3-997e798c9265;427.35;0.03;UNKNOWN
2016-02-25T00:53:55.000000;2016-02-25T00:53:55.000000;bb83701d-3d78-406c-9481-c58a364b257b;427.79;15.4118;UNKNOWN
2016-02-25T00:53:55.000000;2016-02-25T00:53:55.000000;55556a03-a0a9-4a40-9ee1-381e8266ba30;427.89;0.56499865;UNKNOWN
2016-02-25T00:53:55.000000;2016-02-25T00:53:55.000000;ab1d5102-f094-4ee8-90f5-25de1c27f501;427.87;3.925;UNKNOWN
2016-02-25T00:53:55.000000;2016-02-25T00:53:55.000000;f7743da1-e0be-4816-964d-24b862911f05;427.4;0.2;UNKNOWN
2016-02-25T00:54:07.000000;2016-02-25T00:54:07.000000;d70626a6-637f-4ceb-abf6-80c17a6239b6;427.26;4.59;UNKNOWN
2016-02-25T00:54:07.000000;2016-02-25T00:54:07.000000;ae1619df-dbe9-4131-8f10-86a187c1f228;427.28;4.5642;UNKNOWN
2016-02-25T00:54:07.000000;2016-02-25T00:54:07.000000;5057f3ab-7090-48a7-a95b-6afaf6df02f9;427.25;5.8458;UNKNOWN
2016-02-25T00:54:35.000000;2016-02-25T00:54:35.000000;89cf91c4-77a2-45d2-96cb-b505e0deefb9;426.97;0.2;UNKNOWN
2016-02-25T00:54:35.000000;2016-02-25T00:54:35.000000;82bcff29-7cba-42d9-895a-aacf19014be1;426.91;4.8;UNKNOWN
2016-02-25T00:56:49.000000;2016-02-25T00:56:49.000000;fdbdd57a-cc3e-4373-9665-a9926dbec3d8;426.85;0.04427008;UNKNOWN
2016-02-25T00:56:50.000000;2016-02-25T00:56:50.000000;f79fb218-d9d1-4afc-a74c-07ee75921f5a;426.82;0.31331161;UNKNOWN
2016-02-25T00:56:50.000000;2016-02-25T00:56:50.000000;8f5e81fb-0aee-411a-beb1-e2656eb73fe6;426.85;0.15572992;UNKNOWN
2016-02-25T00:56:50.000000;2016-02-25T00:56:50.000000;d8aedd9e-611f-4c1e-a41c-d700826b46a6;426.85;0.031;UNKNOWN
2016-02-25T00:58:09.000000;2016-02-25T00:58:09.000000;d956bbcd-059d-40d0-9f92-6231bd9b3cfa;426.82;0.02345253;UNKNOWN
2016-02-25T00:58:49.000000;2016-02-25T00:58:49.000000;a6aa64d8-24f2-4e8d-b03f-775ff0da35b1;426.85;0.12664367;UNKNOWN
2016-02-25T00:58:54.000000;2016-02-25T00:58:54.000000;31024bbd-525c-4b6d-be2f-3d17f3fe7332;427.45;0.0204;UNKNOWN
2016-02-25T00:58:58.000000;2016-02-25T00:58:58.000000;c25cfd7e-d6ea-4dfc-a447-083e7823bf6a;427.61;0.0107;UNKNOWN
2016-02-25T00:58:58.000000;2016-02-25T00:58:58.000000;868e0d52-4f79-47f6-bdd4-a4199ff49085;427.45;0.0096;UNKNOWN
2016-02-25T01:00:08.000000;2016-02-25T01:00:08.000000;eca4c3d9-1b39-47e7-8139-57b0fe1e6789;427.02;0.2603231;UNKNOWN
2016-02-25T01:02:06.000000;2016-02-25T01:02:06.000000;ebc147a1-1e63-4e1d-94d5-7fcdf62d6bda;427.03;0.1;UNKNOWN
2016-02-25T01:02:07.000000;2016-02-25T01:02:07.000000;baba110d-2775-4e86-b3fc-77c106309b5e;427.03;3.6744164;UNKNOWN
2016-02-25T01:02:54.000000;2016-02-25T01:02:54.000000;2f7c0ffa-b3ff-43c5-b47f-1290c248c0f1;427.59;1.97;UNKNOWN
2016-02-25T01:02:54.000000;2016-02-25T01:02:54.000000;37bf4d47-f66c-48bb-b1db-0fcf3633ca41;427.45;0.03;UNKNOWN
2016-02-25T01:03:49.000000;2016-02-25T01:03:49.000000;edd18fad-9486-46ab-8301-11cdbd3dd08b;427.61;4.39;UNKNOWN
2016-02-25T01:03:49.000000;2016-02-25T01:03:49.000000;780ea149-a570-4cd9-91c5-c51dc476239c;427.85;0.2;UNKNOWN
2016-02-25T01:03:49.000000;2016-02-25T01:03:49.000000;65ba89da-99f2-4837-904c-d1daaaf5dd0b;427.73;0.2;UNKNOWN
2016-02-25T01:03:49.000000;2016-02-25T01:03:49.000000;57264369-6f00-4f55-a25e-f1ccce3c68c7;427.97;0.2;UNKNOWN
2016-02-25T01:03:49.000000;2016-02-25T01:03:49.000000;f3301fca-5bad-4417-a6d6-f9bcc46b7917;428.0;3.40671073;UNKNOWN
2016-02-25T01:03:49.000000;2016-02-25T01:03:49.000000;db063516-1a28-45d2-965a-5cb88d147433;428.0;0.05;UNKNOWN
2016-02-25T01:03:49.000000;2016-02-25T01:03:49.000000;6247741e-3646-46b1-ab9f-53fb7345d106;427.6;0.844;UNKNOWN
2016-02-25T01:03:49.000000;2016-02-25T01:03:49.000000;2fceed34-02fc-44e5-931e-ea48cb7b4719;427.65;0.03;UNKNOWN
2016-02-25T01:03:59.000000;2016-02-25T01:03:59.000000;ac32b1f3-f226-497c-9193-cee2a66f82eb;428.05;0.3;UNKNOWN
2016-02-25T01:05:05.000000;2016-02-25T01:05:05.000000;127f85c9-a8be-4e1c-b013-3e19951e21d3;428.02;0.10721965;UNKNOWN
2016-02-25T01:05:08.000000;2016-02-25T01:05:08.000000;8dc40778-639d-43d9-98b6-f519877994b3;428.02;0.19278035;UNKNOWN
2016-02-25T01:05:08.000000;2016-02-25T01:05:08.000000;90e18708-d089-4ef9-8ed6-289ab75b7d53;428.02;0.30721965;UNKNOWN
2016-02-25T01:05:55.000000;2016-02-25T01:05:55.000000;9df72829-8e8a-46a2-9b81-796da2f25abd;428.02;2.0;UNKNOWN
2016-02-25T01:06:38.000000;2016-02-25T01:06:38.000000;b3c125f4-e557-4152-a6a7-705501d55926;428.04;4.59;UNKNOWN
2016-02-25T01:06:42.000000;2016-02-25T01:06:42.000000;984d300c-0ca3-465c-9110-7b5fb015f6b7;428.1;0.02;UNKNOWN
2016-02-25T01:06:42.000000;2016-02-25T01:06:42.000000;3b921a5c-a893-4551-b9f3-c93c151c1386;428.1;0.06;UNKNOWN
2016-02-25T01:07:06.000000;2016-02-25T01:07:06.000000;abd1fcea-9a64-45cd-a778-eb7ddab1cf67;428.02;0.8566;UNKNOWN
2016-02-25T01:07:27.000000;2016-02-25T01:07:27.000000;81cb1fc9-7e86-4d34-82cc-e9df1871427b;428.05;0.8566;UNKNOWN
2016-02-25T01:07:48.000000;2016-02-25T01:07:48.000000;9689fc10-8af5-46b3-bc0c-b9689c4027c2;428.05;0.8566;UNKNOWN
2016-02-25T01:08:24.000000;2016-02-25T01:08:24.000000;df6d1f4f-7f61-4612-9055-c20cfdcd82a3;428.11;0.3;UNKNOWN
2016-02-25T01:08:24.000000;2016-02-25T01:08:24.000000;f9d7d6e5-b917-45df-80a5-a56b2bd451a5;428.32;1.0062411;UNKNOWN
2016-02-25T01:08:24.000000;2016-02-25T01:08:24.000000;b841db53-bb28-490a-b45f-2b46fb8c60b1;428.26;0.2;UNKNOWN
2016-02-25T01:08:24.000000;2016-02-25T01:08:24.000000;455ffb38-b18e-48d3-af49-0cf8093d738e;428.18;0.8563;UNKNOWN
2016-02-25T01:08:24.000000;2016-02-25T01:08:24.000000;3f8bd272-dc29-4c54-8b5b-2c72b482cd3a;428.3;0.02;UNKNOWN
2016-02-25T01:08:24.000000;2016-02-25T01:08:24.000000;b53d5dbf-46a4-4727-96c2-f144eb0dfed1;428.2;0.02;UNKNOWN
2016-02-25T01:09:17.000000;2016-02-25T01:09:17.000000;d9552b5c-0d44-4d15-b96f-f3e4ce680558;428.18;0.85;UNKNOWN
2016-02-25T01:10:36.000000;2016-02-25T01:10:36.000000;7add20db-5404-48a5-bc88-cda5aac1deb7;428.61;2.74;UNKNOWN
2016-02-25T01:10:36.000000;2016-02-25T01:10:36.000000;be6dea64-0da5-44bf-8646-1f0ea9c4989c;428.18;0.0063;UNKNOWN
2016-02-25T01:10:36.000000;2016-02-25T01:10:36.000000;36eeffa7-94e7-4646-b34d-1e6c76105e91;428.6;0.2;UNKNOWN
2016-02-25T01:10:36.000000;2016-02-25T01:10:36.000000;5cb9c9b8-d047-4f3f-8f91-f47bedb6e4b2;428.68;4.5406;UNKNOWN
2016-02-25T01:10:36.000000;2016-02-25T01:10:36.000000;4b9dd13a-bc90-4c66-a1b7-38aa0657a77b;428.4;0.02;UNKNOWN
2016-02-25T01:10:36.000000;2016-02-25T01:10:36.000000;acb0bfdc-25cf-4fc9-82f8-392460523868;428.6;0.02;UNKNOWN
2016-02-25T01:10:36.000000;2016-02-25T01:10:36.000000;5d476921-264c-48cd-9670-25f9555b2431;428.5;0.2;UNKNOWN
2016-02-25T01:10:36.000000;2016-02-25T01:10:36.000000;23dfe8eb-5c60-4299-af89-71e01e4ce208;428.68;3.925;UNKNOWN
2016-02-25T01:10:36.000000;2016-02-25T01:10:36.000000;06b161db-0c78-4a44-ba28-caee640b9bdd;428.15;0.5;UNKNOWN
2016-02-25T01:10:36.000000;2016-02-25T01:10:36.000000;73c19cc0-f9f2-4524-8077-d4531bfa5357;428.5;1.0;UNKNOWN
2016-02-25T01:10:36.000000;2016-02-25T01:10:36.000000;a875b34e-d5b0-4cc1-9388-35bf5504bee5;428.5;0.02;UNKNOWN
2016-02-25T01:10:36.000000;2016-02-25T01:10:36.000000;b7c38d16-ec0a-41e6-a5dd-b295624b17b9;428.33;4.81;UNKNOWN
2016-02-25T01:10:36.000000;2016-02-25T01:10:36.000000;6036dca0-d764-49f4-af32-9b9de2e6620a;428.39;0.2;UNKNOWN
2016-02-25T01:10:36.000000;2016-02-25T01:10:36.000000;6f6d09d7-a966-4f99-9b7c-f101e1739abc;428.32;5.8181;UNKNOWN
2016-02-25T01:11:18.000000;2016-02-25T01:11:18.000000;f0b4d48a-3b8c-4cb6-9a79-ca1fcc3961a3;428.15;0.04677027;UNKNOWN
2016-02-25T01:11:35.000000;2016-02-25T01:11:35.000000;5915ba5c-fdda-4c6f-9d02-df6309f07eaf;428.28;0.0429;UNKNOWN
2016-02-25T01:11:35.000000;2016-02-25T01:11:35.000000;a4cc90af-4a48-4cbf-840f-441bc0379f60;428.64;0.8571;UNKNOWN
2016-02-25T01:11:35.000000;2016-02-25T01:11:35.000000;8dd52488-6d0c-4cc1-85a5-e4471077b2d1;428.64;1.5;UNKNOWN
2016-02-25T01:11:35.000000;2016-02-25T01:11:35.000000;858be131-d02f-49cf-92e1-8d8bc2faf553;428.6;0.1;UNKNOWN
2016-02-25T01:11:57.000000;2016-02-25T01:11:57.000000;488b9cc1-a090-4474-8753-42bbd40c3449;428.63;0.05;UNKNOWN
2016-02-25T01:12:14.000000;2016-02-25T01:12:14.000000;efbbcba8-4428-46ca-8e59-2afc0ad62dd0;428.63;0.05;UNKNOWN
2016-02-25T01:12:25.000000;2016-02-25T01:12:25.000000;c732b52d-069f-4309-8e25-fe6edb52c2c4;428.21;0.05;UNKNOWN
2016-02-25T01:12:29.000000;2016-02-25T01:12:29.000000;a7714540-3e2f-49b6-93ee-89d132f03ee7;428.63;5.69;UNKNOWN
2016-02-25T01:12:35.000000;2016-02-25T01:12:35.000000;a057e277-13ed-4dfb-bb33-cb8d0b439cc3;428.64;0.3184;UNKNOWN
2016-02-25T01:12:41.000000;2016-02-25T01:12:41.000000;57b2657b-ce8a-4d54-abe4-7624263e504a;428.63;2.0;UNKNOWN
2016-02-25T01:13:10.000000;2016-02-25T01:13:10.000000;ed9d251c-1fb3-4799-8b5b-a7a02b323b9d;428.63;0.3435;UNKNOWN
2016-02-25T01:13:11.000000;2016-02-25T01:13:11.000000;62e7f51b-74bc-4dd7-bd7a-7484f8c07de2;428.62;0.045;UNKNOWN
2016-02-25T01:13:39.000000;2016-02-25T01:13:39.000000;064e016c-202a-49af-8faa-47258fd1dfd3;428.6;0.0522;UNKNOWN
2016-02-25T01:14:03.000000;2016-02-25T01:14:03.000000;86df3d8a-68b4-46c3-987e-ef45d8e69eb9;428.6;5.7;UNKNOWN
2016-02-25T01:14:06.000000;2016-02-25T01:14:06.000000;d2335ab8-485d-481c-8b11-6fb930df1d6c;428.27;0.05;UNKNOWN
2016-02-25T01:14:06.000000;2016-02-25T01:14:06.000000;98ed3e0d-cfef-49c5-9bcf-c29f2076aa8a;428.21;0.37;UNKNOWN
2016-02-25T01:14:07.000000;2016-02-25T01:14:07.000000;e448078c-3ab7-4585-9e80-45209c3461b5;428.21;2.01873997;UNKNOWN
2016-02-25T01:14:07.000000;2016-02-25T01:14:07.000000;fafad436-b94d-4af9-97d6-d28444403917;428.61;2.0;UNKNOWN
2016-02-25T01:14:44.000000;2016-02-25T01:14:44.000000;96f9a2e5-c0d2-45e0-a4d0-701d31fc7cf5;428.6;2.0;UNKNOWN
2016-02-25T01:15:35.000000;2016-02-25T01:15:35.000000;81baa574-6a4e-4cb9-84bc-92bc8669418d;428.6;0.5;UNKNOWN
2016-02-25T01:15:44.000000;2016-02-25T01:15:44.000000;d540b07a-ab4e-429e-980b-ccc9c18dc18c;428.26;2.5;UNKNOWN
2016-02-25T01:16:03.000000;2016-02-25T01:16:03.000000;819f97c1-badd-49b7-80b7-3b8f93c61fcf;428.26;0.1;UNKNOWN
2016-02-25T01:18:01.000000;2016-02-25T01:18:01.000000;17fdf56f-555a-4e7b-b02b-0f8777139dfb;428.31;2.0;UNKNOWN
2016-02-25T01:18:08.000000;2016-02-25T01:18:08.000000;5994d7a7-eec2-407d-879e-75792be002e1;428.26;0.10518398;UNKNOWN
2016-02-25T01:20:14.000000;2016-02-25T01:20:14.000000;dc5ae9d7-a963-4dcf-b23d-36fbfc396d55;428.26;0.0305;UNKNOWN
2016-02-25T01:23:06.000000;2016-02-25T01:23:06.000000;5ea5ec7f-468f-49f4-8677-bf765f9d1745;428.26;0.95131602;UNKNOWN
2016-02-25T01:23:06.000000;2016-02-25T01:23:06.000000;b20c2e48-6819-4f39-8b94-22e2b6e447e1;428.25;0.56749199;UNKNOWN
2016-02-25T01:23:52.000000;2016-02-25T01:23:52.000000;f0232bb8-54fd-46bf-99c9-0f7a599015c6;428.0;0.3;UNKNOWN
2016-02-25T01:23:52.000000;2016-02-25T01:23:52.000000;6bd20d8c-de19-4b08-8151-eacf4fa8beda;427.91;5.08669617;UNKNOWN
2016-02-25T01:23:52.000000;2016-02-25T01:23:52.000000;d0ba373d-1b27-4d86-a6c2-f6c59a3e4dee;428.25;4.43250801;UNKNOWN
2016-02-25T01:23:52.000000;2016-02-25T01:23:52.000000;765a73ea-fb80-47cb-ba6f-94e9a3168717;427.92;0.2;UNKNOWN
2016-02-25T01:23:59.000000;2016-02-25T01:23:59.000000;f4cae7b3-41c3-480c-ac32-729e9c93dbd6;427.83;1.0;UNKNOWN
2016-02-25T01:24:18.000000;2016-02-25T01:24:18.000000;610e3c20-27e4-4395-9f83-63a1910d91f8;427.92;0.11686838;UNKNOWN
2016-02-25T01:24:58.000000;2016-02-25T01:24:58.000000;dc6193d7-32c6-45d9-b2f8-560c156b05a4;427.81;0.2;UNKNOWN
2016-02-25T01:24:58.000000;2016-02-25T01:24:58.000000;73050e85-6a6d-40f8-829f-91522780dcde;427.7;0.2;UNKNOWN
2016-02-25T01:24:59.000000;2016-02-25T01:24:59.000000;a4251b2c-2e3e-4b7e-8169-13d00aa847dc;427.58;0.2;UNKNOWN
2016-02-25T01:24:59.000000;2016-02-25T01:24:59.000000;36ee4725-5c94-482b-a4c2-3ab544c741e5;427.47;1.86626422;UNKNOWN
2016-02-25T01:25:00.000000;2016-02-25T01:25:00.000000;c78b0832-61da-4a5f-b48d-b61e3c8edd4d;427.6;2.0;UNKNOWN
2016-02-25T01:25:04.000000;2016-02-25T01:25:04.000000;a5598b74-00ba-4bd3-94a5-064cb9f29a3a;427.46;0.5;UNKNOWN
2016-02-25T01:25:09.000000;2016-02-25T01:25:09.000000;0ca4a3be-0b0a-4f64-8b54-476ae61f1d12;427.46;0.05792803;UNKNOWN
2016-02-25T01:25:09.000000;2016-02-25T01:25:09.000000;aa9082a0-6234-4673-b623-f2b1c5ba623e;427.58;2.0;UNKNOWN
2016-02-25T01:25:29.000000;2016-02-25T01:25:29.000000;f898fdc9-1b47-46d5-8865-8a01310bec30;427.49;0.06626422;UNKNOWN
2016-02-25T01:25:29.000000;2016-02-25T01:25:29.000000;f1a12d88-877c-40cf-9fb7-b3d9e44bf7b0;427.5;2.0;UNKNOWN
2016-02-25T01:25:37.000000;2016-02-25T01:25:37.000000;322d21ca-2d77-4d65-b915-b5a34308663f;427.24;5.8134;UNKNOWN
2016-02-25T01:25:37.000000;2016-02-25T01:25:37.000000;de8b0dd2-0a7e-4f3c-93f5-c92a0292fbde;427.1;0.02;UNKNOWN
2016-02-25T01:25:37.000000;2016-02-25T01:25:37.000000;a5ec6d69-35e9-464c-9387-d7e0983dc064;427.03;7.8449;UNKNOWN
2016-02-25T01:25:37.000000;2016-02-25T01:25:37.000000;284e338c-5831-491a-92e2-636d6f940877;427.06;14.2496;UNKNOWN
2016-02-25T01:25:37.000000;2016-02-25T01:25:37.000000;c112f067-6fff-4373-991d-0b7df357fee4;427.06;0.2;UNKNOWN
2016-02-25T01:25:37.000000;2016-02-25T01:25:37.000000;26487ef2-e8cf-4308-826a-ba7c8b1df6f0;427.46;0.2;UNKNOWN
2016-02-25T01:25:37.000000;2016-02-25T01:25:37.000000;fb79e4fd-c6e0-413a-8d09-a1a919f2d0ea;427.1;0.03;UNKNOWN
2016-02-25T01:25:37.000000;2016-02-25T01:25:37.000000;6f4ce258-3d4e-406c-9b03-62a65cb4df8b;427.06;0.2;UNKNOWN
2016-02-25T01:25:37.000000;2016-02-25T01:25:37.000000;3636c26d-7af7-4367-a4e6-212276e9599a;427.2;0.2;UNKNOWN
2016-02-25T01:25:37.000000;2016-02-25T01:25:37.000000;a25c507c-846f-4bc1-8a92-05e2442f7216;427.18;15.8921;UNKNOWN
2016-02-25T01:25:37.000000;2016-02-25T01:25:37.000000;c1f9b8e0-76a3-438b-8ae5-239f6bfda34f;427.34;0.2;UNKNOWN
2016-02-25T01:25:37.000000;2016-02-25T01:25:37.000000;507e7626-486b-42be-99e0-100a6f6c2c79;427.24;1.75;UNKNOWN
2016-02-25T01:25:37.000000;2016-02-25T01:25:37.000000;fd5219a4-9cec-4c7b-a23b-1b2c238290a6;427.47;1.0;UNKNOWN
2016-02-25T01:25:43.000000;2016-02-25T01:25:43.000000;c523005d-b26d-49d5-aed4-f5167f9f178f;427.07;0.5;UNKNOWN
2016-02-25T01:25:50.000000;2016-02-25T01:25:50.000000;99f2a1a4-8c1d-453f-987c-31a2d8f54f88;427.07;0.055;UNKNOWN
2016-02-25T01:25:58.000000;2016-02-25T01:25:58.000000;cf99556e-2465-4b4a-96a1-424fe9913437;427.05;2.06626422;UNKNOWN
2016-02-25T01:26:28.000000;2016-02-25T01:26:28.000000;30fa8cad-cd9e-42b3-85b5-365271daf7a4;427.05;1.33401493;UNKNOWN
2016-02-25T01:26:30.000000;2016-02-25T01:26:30.000000;9de4f367-3392-4a1f-be7d-a767193223f7;427.27;0.0419;UNKNOWN
2016-02-25T01:26:30.000000;2016-02-25T01:26:30.000000;61f7bb6f-552e-42a3-a534-5b57194f8634;427.28;1.9581;UNKNOWN
2016-02-25T01:26:42.000000;2016-02-25T01:26:42.000000;160911e6-7417-476d-a194-6ea14553ce10;427.03;0.1;UNKNOWN
2016-02-25T01:26:42.000000;2016-02-25T01:26:42.000000;03e50854-ea37-4392-8774-6663e1e9d508;427.03;0.1;UNKNOWN
2016-02-25T01:26:42.000000;2016-02-25T01:26:42.000000;9c723ac3-3ac6-4ea0-ab5f-d52bc1fb4475;427.03;0.1;UNKNOWN
2016-02-25T01:26:43.000000;2016-02-25T01:26:43.000000;02b561c7-b7f4-4b47-9bf6-83528643238e;427.03;0.02;UNKNOWN
2016-02-25T01:26:43.000000;2016-02-25T01:26:43.000000;b5bc480a-70f1-4f99-a997-53543096610c;427.03;0.1;UNKNOWN
2016-02-25T01:27:04.000000;2016-02-25T01:27:04.000000;3cc884bb-3c0e-4654-a5ad-b0cca2af5e5a;427.06;0.13002524;UNKNOWN
2016-02-25T01:27:04.000000;2016-02-25T01:27:04.000000;09399c54-8834-48e8-9092-fd98fed0992c;427.03;0.34016129;UNKNOWN
2016-02-25T01:27:06.000000;2016-02-25T01:27:06.000000;6c4e6b9a-1f52-4ea3-b0f5-abdf722ef565;427.03;0.72380719;UNKNOWN
2016-02-25T01:27:07.000000;2016-02-25T01:27:07.000000;746c9d8e-ce14-4b17-8232-d902a10c755a;427.12;2.0;UNKNOWN
2016-02-25T01:27:43.000000;2016-02-25T01:27:43.000000;f042fbdb-6dc1-45ee-92e2-86c95181dcb8;427.09;3.375;UNKNOWN
2016-02-25T01:27:43.000000;2016-02-25T01:27:43.000000;3ed95c9a-b3cf-42bf-a7fd-1362df5602dd;427.09;3.054;UNKNOWN
2016-02-25T01:28:26.000000;2016-02-25T01:28:26.000000;fe389f70-beb9-419b-8f54-c21647afa614;427.0;8.0;UNKNOWN
2016-02-25T01:29:17.000000;2016-02-25T01:29:17.000000;70d134fd-6d9f-46aa-a0e9-7610a7f50154;427.01;5.8045;UNKNOWN
2016-02-25T01:29:17.000000;2016-02-25T01:29:17.000000;64a24574-91ab-43e4-96f2-95069602d6e0;427.0;7.99878682;UNKNOWN
2016-02-25T01:29:17.000000;2016-02-25T01:29:17.000000;9d8e5055-3c0e-43af-99ad-567e08407612;427.01;5.0;UNKNOWN
2016-02-25T01:30:57.000000;2016-02-25T01:30:57.000000;adec495d-aad1-411c-a49e-8c6fa25e365b;427.06;0.6029;UNKNOWN
2016-02-25T01:31:22.000000;2016-02-25T01:31:22.000000;9c2fedf6-e8c3-496b-ab54-efd2ea4f357c;427.0;0.05;UNKNOWN
2016-02-25T01:31:22.000000;2016-02-25T01:31:22.000000;840bb9e0-36c8-40d0-8cb9-5b8cda9f3dbf;427.0;0.02;UNKNOWN
2016-02-25T01:31:22.000000;2016-02-25T01:31:22.000000;6ce6a86d-2044-4430-8ab4-11cbb7104b1c;427.0;0.1;UNKNOWN
2016-02-25T01:31:23.000000;2016-02-25T01:31:23.000000;fc7416e9-5827-413f-9227-83956fb18070;427.0;0.1;UNKNOWN
2016-02-25T01:31:57.000000;2016-02-25T01:31:57.000000;94ed88a5-cec2-49e6-95ee-e190b77409b8;426.9;0.02;UNKNOWN
2016-02-25T01:31:57.000000;2016-02-25T01:31:57.000000;231249c7-22c8-4adb-805e-92fd4f88829d;426.91;5.0;UNKNOWN
2016-02-25T01:31:57.000000;2016-02-25T01:31:57.000000;12101910-3777-4663-a1cf-dad310eff424;427.0;0.02;UNKNOWN
2016-02-25T01:33:06.000000;2016-02-25T01:33:06.000000;8e33d917-6aff-4b7e-bc1f-7a1499e7cf6c;426.85;0.5;UNKNOWN
2016-02-25T01:33:07.000000;2016-02-25T01:33:07.000000;78c6fe7a-f421-41f6-8893-1a41a760f6b9;426.5;1.0;UNKNOWN
2016-02-25T01:33:07.000000;2016-02-25T01:33:07.000000;8b9f8770-4211-4146-b266-fd78d5d2c12c;426.6;0.02;UNKNOWN
2016-02-25T01:33:07.000000;2016-02-25T01:33:07.000000;1503c1d0-a55a-41d1-9970-7db7a695f92f;426.5;0.02;UNKNOWN
2016-02-25T01:33:07.000000;2016-02-25T01:33:07.000000;ca22286d-d5b2-4738-93e9-1328588579e7;426.8;0.03;UNKNOWN
2016-02-25T01:33:07.000000;2016-02-25T01:33:07.000000;257d6dec-2803-401f-99e2-b2c87284a8cf;426.5;7.421;UNKNOWN
2016-02-25T01:33:07.000000;2016-02-25T01:33:07.000000;9d4b543e-2dfa-412f-ac16-e95db26f396f;426.8;0.02;UNKNOWN
2016-02-25T01:33:07.000000;2016-02-25T01:33:07.000000;49fc8188-a5ef-4777-917c-1b6920e94796;426.79;1.0;UNKNOWN
2016-02-25T01:33:07.000000;2016-02-25T01:33:07.000000;3b100451-5ed2-4d53-9270-b7d3574bafa0;426.59;0.069;UNKNOWN
2016-02-25T01:33:07.000000;2016-02-25T01:33:07.000000;85b356bf-17b1-465f-802f-87d99eb1234e;426.63;0.2;UNKNOWN
