time_exchange;time_coinpai;guid;price;base_amount;taker_side
2016-02-25T00:00:02.947000;2016-02-25T00:00:02.943000;be8e1040-f1af-42c8-8164-a443fc542202;423.87;0.01;SELL
2016-02-25T00:00:02.947000;2016-02-25T00:00:02.957000;e1b817ef-7fab-43f4-a939-79c16b030c19;423.85;0.01;SELL
2016-02-25T00:00:02.947000;2016-02-25T00:00:02.957000;c7dcc5a8-8992-4dfa-8fad-4b6ba5d8ff4e;423.84;0.01;SELL
2016-02-25T00:00:02.947000;2016-02-25T00:00:02.957000;7dd5c809-df6a-4d85-84d8-45551e33e818;423.84;0.05793;SELL
2016-02-25T00:00:32.533000;2016-02-25T00:00:32.537000;c611a379-9444-44da-8cb1-41d4ba0b82d9;423.9;0.03;BUY
2016-02-25T00:00:32.533000;2016-02-25T00:00:32.550000;77f7fed9-6714-4a8b-95d3-e880f6b2f1c1;423.91;0.34589;BUY
2016-02-25T00:01:02.610000;2016-02-25T00:01:02.600000;122f646d-80cc-40f8-84a7-38b36f3d8525;423.92;0.11234;BUY
2016-02-25T00:01:24.663000;2016-02-25T00:01:24.660000;bf1c7001-7079-4027-a407-fe4fc1d67753;423.92;0.07;BUY
2016-02-25T00:01:33.333000;2016-02-25T00:01:33.333000;5c7b0fb9-d149-4c50-8792-cab097148e54;423.89;0.01;SELL
2016-02-25T00:01:33.333000;2016-02-25T00:01:33.350000;09c48715-2849-4ea0-911e-5ac198e1f482;423.89;0.091;SELL
2016-02-25T00:01:33.333000;2016-02-25T00:01:33.350000;a119403f-8525-481d-a7e5-c67d967c2455;423.88;0.01;SELL
2016-02-25T00:01:33.333000;2016-02-25T00:01:33.350000;103dbe7c-d762-427b-8290-9955f5d849d2;423.87;0.01;SELL
2016-02-25T00:01:33.333000;2016-02-25T00:01:33.350000;c383e39f-9adf-4762-926d-c984f0c5f683;423.86;0.01;SELL
2016-02-25T00:01:33.333000;2016-02-25T00:01:33.410000;70e3b0b6-a2f8-4e7d-8521-657c37b08e39;423.85;0.01;SELL
2016-02-25T00:01:33.333000;2016-02-25T00:01:33.410000;792e6331-fc39-4c26-9915-ca320e0c3433;423.84;0.101;SELL
2016-02-25T00:01:33.333000;2016-02-25T00:01:33.410000;4c755f2a-70d9-4acc-b240-efadd54a3a07;423.83;0.01;SELL
2016-02-25T00:01:33.333000;2016-02-25T00:01:33.410000;b42b8f6c-0e6a-4f14-b0f9-ba13c2c976ec;423.83;0.99008;SELL
2016-02-25T00:02:32.083000;2016-02-25T00:02:32.083000;6eb509f4-6085-488c-a3ae-ddd0fdd72900;423.91;0.05;BUY
2016-02-25T00:02:32.083000;2016-02-25T00:02:32.100000;d591fd46-216b-47b7-acda-037f5115bd63;423.92;0.81766;BUY
2016-02-25T00:02:32.083000;2016-02-25T00:02:32.100000;a50e1522-56de-441a-bac4-4c5877ec46bd;423.92;0.3;BUY
2016-02-25T00:02:32.083000;2016-02-25T00:02:32.100000;0828acab-1408-452e-8a52-95c344cb53da;423.95;0.54;BUY
2016-02-25T00:02:32.083000;2016-02-25T00:02:32.100000;8ac2d8ad-7a2f-43d7-8ae8-0a70e177a7c5;423.96;0.26;BUY
2016-02-25T00:02:32.083000;2016-02-25T00:02:32.177000;daa6eb3d-0eb6-4fe5-944a-237d6f2da4cd;423.98;2.32408;BUY
2016-02-25T00:03:02.683000;2016-02-25T00:03:02.677000;bc80f3d3-271f-4e11-8658-ad03f0d62260;423.98;0.23596;BUY
2016-02-25T00:03:14.233000;2016-02-25T00:03:14.223000;a7e2d5aa-20d0-44ad-b52d-38551329dac9;423.98;0.25;BUY
2016-02-25T00:03:29.910000;2016-02-25T00:03:29.897000;51600480-8b77-4a17-abc1-98214f1feb98;423.97;0.11;BUY
2016-02-25T00:03:34.973000;2016-02-25T00:03:34.957000;a2f802ca-9a46-463c-b07f-32264263606f;423.98;0.04891;BUY
2016-02-25T00:04:03.603000;2016-02-25T00:04:03.650000;9070420e-c3b2-4a5f-bb64-c9847379b55c;423.98;0.31009;BUY
2016-02-25T00:04:03.603000;2016-02-25T00:04:03.663000;6fe5ec25-7980-49f8-be85-540ce28c85cf;423.99;0.05;BUY
2016-02-25T00:04:03.603000;2016-02-25T00:04:03.663000;8f8894d4-d1ed-4c6c-8a89-15e8a6d3859c;423.99;0.01968304;BUY
2016-02-25T00:04:03.603000;2016-02-25T00:04:03.663000;6dfeec56-6df7-4aa8-8b4b-d29dcd484093;423.99;0.01288534;BUY
2016-02-25T00:04:03.603000;2016-02-25T00:04:03.663000;742bcd1d-5143-4d68-9c28-661397466a2e;423.99;1.65887162;BUY
2016-02-25T00:05:01.903000;2016-02-25T00:05:01.930000;9d625e20-12f7-469b-8890-4dc5deb01ac4;424.0;0.24205;BUY
2016-02-25T00:05:32.930000;2016-02-25T00:05:32.960000;1a592872-07bd-4b9a-bb9a-747981b2ff30;424.0;1.14309;BUY
2016-02-25T00:06:32.177000;2016-02-25T00:06:32.210000;ec29c37e-c284-46e1-bcb2-4cef9ffc148d;424.0;0.76660648;BUY
2016-02-25T00:06:32.177000;2016-02-25T00:06:32.227000;562eccbd-d09c-4e85-a42f-8bf172c5a49d;424.0;0.32597352;BUY
2016-02-25T00:06:47.953000;2016-02-25T00:06:47.993000;61ca70fa-df0a-4a5b-8958-ae1dffd3b44b;424.0;0.09061605;BUY
2016-02-25T00:07:02.447000;2016-02-25T00:07:02.477000;310c296b-1e4d-45ef-8b0c-d6a5ba7899c0;424.0;0.21226;BUY
2016-02-25T00:07:36.223000;2016-02-25T00:07:36.260000;0f2299a8-81ed-485d-aed3-7afbfd4f636b;424.0;0.03973;BUY
2016-02-25T00:09:01.997000;2016-02-25T00:09:02.023000;235a64e5-eafb-44bb-886c-1879aeda695b;424.0;0.54513;BUY
2016-02-25T00:09:18.593000;2016-02-25T00:09:18.617000;4fa7799a-375f-4428-8f54-c5750368d22f;424.0;9.02;BUY
2016-02-25T00:09:32.033000;2016-02-25T00:09:32.057000;ba7b21b3-5d64-4a7d-8316-8a94e9e998fe;424.0;0.36747;BUY
2016-02-25T00:10:03.133000;2016-02-25T00:10:03.163000;a5cd957a-7200-4d75-8677-87d583cf5afe;424.0;0.38854;BUY
2016-02-25T00:10:20.247000;2016-02-25T00:10:20.273000;06e0a1e5-977e-449a-bba9-7001083352ac;424.0;0.32;BUY
2016-02-25T00:10:35.027000;2016-02-25T00:10:35.040000;0b1256af-2ebb-48ac-8630-307372afe8ec;424.0;0.55899;BUY
2016-02-25T00:10:43.257000;2016-02-25T00:10:43.273000;fa38be4b-d0cc-4791-aa0c-db47cfb1b19e;424.0;8.13129043;BUY
2016-02-25T00:10:43.257000;2016-02-25T00:10:43.290000;01c84cd4-607b-42d5-bca3-dbfe8cfc26bc;424.0;0.01;BUY
2016-02-25T00:10:43.257000;2016-02-25T00:10:43.290000;907c9ae6-fe7a-4663-8422-a984ea046ad2;424.0;0.01;BUY
2016-02-25T00:10:43.257000;2016-02-25T00:10:43.290000;6a935291-4476-440a-83f4-dba4360e0417;424.0;1.60170957;BUY
2016-02-25T00:11:00.953000;2016-02-25T00:11:00.977000;0e8cba4a-37b3-47da-92ba-f53bd746fefc;424.0;10.459;BUY
2016-02-25T00:11:02.357000;2016-02-25T00:11:02.383000;b61f2234-1b6d-4210-aa17-62844cd9be78;423.99;0.01;SELL
2016-02-25T00:11:02.357000;2016-02-25T00:11:02.383000;179f6e08-c2ae-4aa9-ba65-700c52228546;423.99;0.855;SELL
2016-02-25T00:11:02.357000;2016-02-25T00:11:02.383000;6f2df581-14eb-4886-b827-fb3c8a95f4cc;423.99;6.78488832;SELL
2016-02-25T00:11:02.357000;2016-02-25T00:11:02.383000;f7601590-f804-499a-be98-59641c25cbe0;423.99;0.69661566;SELL
2016-02-25T00:11:02.357000;2016-02-25T00:11:02.400000;f2d1f041-ed5d-4277-bbf2-d1e6aef3c533;423.99;0.48386828;SELL
2016-02-25T00:11:02.357000;2016-02-25T00:11:02.400000;7b823eec-bc91-4718-9e12-587aa79c5b7e;423.99;0.39580446;SELL
2016-02-25T00:11:02.357000;2016-02-25T00:11:02.400000;470ae0f2-8c78-4abc-adcc-f1d8c04480fe;423.99;0.21769245;SELL
2016-02-25T00:11:02.357000;2016-02-25T00:11:02.400000;e4f4e789-f141-48c2-8ab3-00a7a7f318fa;423.99;1.29109222;SELL
2016-02-25T00:11:02.357000;2016-02-25T00:11:02.400000;fdbf46cf-fd76-4754-b31d-b375513b35ab;423.99;0.99999999;SELL
2016-02-25T00:11:02.357000;2016-02-25T00:11:02.430000;c0ccdfea-01c8-464e-9111-c57f90406ca5;423.99;0.64866266;SELL
2016-02-25T00:11:02.357000;2016-02-25T00:11:02.430000;5f80ba95-605a-4896-bef1-bdeceae36541;423.99;0.53613978;SELL
2016-02-25T00:11:02.357000;2016-02-25T00:11:02.430000;58079deb-b50c-404c-be09-7d3c3a81a02d;423.99;5.02;SELL
2016-02-25T00:11:02.357000;2016-02-25T00:11:02.430000;c31153fd-26c0-4f3b-8382-02b820d9dcc5;423.98;1.71839618;SELL
2016-02-25T00:11:31.940000;2016-02-25T00:11:31.960000;d7d7b524-44be-4c87-b55e-07f0de570d92;423.99;5.02;BUY
2016-02-25T00:11:31.940000;2016-02-25T00:11:31.977000;235277c6-a498-4187-b6be-4c352e61e920;424.0;2.22089;BUY
2016-02-25T00:11:39.187000;2016-02-25T00:11:39.210000;40247cae-a807-4a68-b8d1-0725b22aba80;424.0;5.71840043;BUY
2016-02-25T00:11:39.187000;2016-02-25T00:11:39.227000;50fccbb6-92f2-4a17-87c9-d0562c436717;424.0;4.61859957;BUY
2016-02-25T00:12:18.520000;2016-02-25T00:12:18.540000;87f941dd-0597-4c40-ac1d-6477da8a877b;424.0;8.896;BUY
2016-02-25T00:12:30.140000;2016-02-25T00:12:30.150000;b3556411-20d9-4577-bd35-68287f763b0f;424.0;1.05400372;BUY
2016-02-25T00:12:31.163000;2016-02-25T00:12:31.180000;bd37e319-ad4b-44c0-af36-caba351d288f;424.0;0.43139671;BUY
2016-02-25T00:12:31.163000;2016-02-25T00:12:31.180000;6fd4cbb2-a048-44bd-ac85-f9ee1cfc9e58;424.0;9.58360329;BUY
2016-02-25T00:12:31.957000;2016-02-25T00:12:31.977000;6e703b5e-0df8-47b0-aafa-11e818012b92;424.0;0.25016;BUY
2016-02-25T00:13:02.093000;2016-02-25T00:13:02.103000;429cb61c-aa25-4c7a-af72-040fbe7e6076;424.0;0.49178;BUY
2016-02-25T00:13:08.603000;2016-02-25T00:13:08.617000;77aebf94-07dc-4070-92d5-4e466bd2c351;424.0;0.02;BUY
2016-02-25T00:13:32.130000;2016-02-25T00:13:32.150000;22a94b38-1747-44a6-a195-a6b0090f91d4;423.99;0.49;SELL
2016-02-25T00:13:32.130000;2016-02-25T00:13:32.163000;46e73c66-c747-4242-9b10-63f0621028fd;423.99;0.01;SELL
2016-02-25T00:13:32.130000;2016-02-25T00:13:32.163000;a000aae8-9815-4422-ada2-adedb2cb74c5;423.99;0.25;SELL
2016-02-25T00:13:32.130000;2016-02-25T00:13:32.163000;3ce68829-584a-441c-beb9-1df90e0856cc;423.99;0.70076;SELL
2016-02-25T00:13:49.657000;2016-02-25T00:13:49.680000;de0ea44a-68c6-4e78-ac76-f0fd0849ad6d;424.0;0.01;BUY
2016-02-25T00:14:02.010000;2016-02-25T00:14:02.023000;720e14ad-5ab4-48e1-9cca-016e584b4d7c;424.0;0.58446;BUY
2016-02-25T00:14:32.907000;2016-02-25T00:14:32.913000;0e074061-4611-4959-9a4f-9c68a103a2c1;424.0;0.72529;BUY
2016-02-25T00:15:32.223000;2016-02-25T00:15:32.227000;10bc629b-9284-4511-8b9f-7c42d932b83a;424.0;2.64519;BUY
2016-02-25T00:15:45.563000;2016-02-25T00:15:45.570000;ec1d5609-6043-4411-857e-cf8786aa00ef;424.0;5.68951671;BUY
2016-02-25T00:15:45.563000;2016-02-25T00:15:45.587000;f948cc10-7286-4d2d-8f13-53d35c12e4f9;424.0;4.87134528;BUY
2016-02-25T00:16:02.077000;2016-02-25T00:16:02.087000;ff3542eb-5e43-4554-be64-4797218913b7;423.99;0.08634;SELL
2016-02-25T00:16:32.070000;2016-02-25T00:16:32.087000;187f1f22-fd9f-4529-a8c0-ae69135e7c0e;423.99;2.2129;SELL
2016-02-25T00:16:32.070000;2016-02-25T00:16:32.103000;780dc066-1d2e-4f19-b8aa-c2e1e03f81ae;423.99;1.012;SELL
2016-02-25T00:16:32.070000;2016-02-25T00:16:32.103000;033edf87-2d64-42aa-9d7b-ae05f4a7497d;423.99;0.3;SELL
2016-02-25T00:16:32.070000;2016-02-25T00:16:32.103000;b1b18ab3-cf24-4736-8d17-ef483a4291a6;423.99;0.15306499;SELL
2016-02-25T00:16:32.070000;2016-02-25T00:16:32.103000;d5c637cb-f6da-499e-a748-bd57780fd1e6;423.99;0.2;SELL
2016-02-25T00:16:32.070000;2016-02-25T00:16:32.163000;d9e49ada-e690-45d8-8c87-96fb5fcd5ae1;423.99;0.2;SELL
2016-02-25T00:16:32.070000;2016-02-25T00:16:32.180000;d81a23cf-9f6e-4c13-92a4-8b3cb1da5841;423.98;1.64760382;SELL
2016-02-25T00:16:32.070000;2016-02-25T00:16:32.180000;b5b42277-78c1-4b36-9671-d7094dbf73eb;423.96;0.01;SELL
2016-02-25T00:16:32.070000;2016-02-25T00:16:32.180000;c095713e-15f3-4e71-9167-0d55aad201a1;423.95;0.01;SELL
2016-02-25T00:16:32.070000;2016-02-25T00:16:32.180000;b5cf406f-234c-4974-8ff4-4a1981394bbd;423.94;0.01;SELL
2016-02-25T00:16:32.070000;2016-02-25T00:16:32.180000;d099ac7d-beb9-41a3-9a19-eb138920c96a;423.94;0.52;SELL
2016-02-25T00:16:32.070000;2016-02-25T00:16:32.180000;50689697-9b83-46e8-a867-55fe68378117;423.93;0.01;SELL
2016-02-25T00:16:32.070000;2016-02-25T00:16:32.180000;30da8b1d-9378-4fe5-a5b9-fc4fc24e7cfa;423.92;0.01;SELL
2016-02-25T00:16:32.070000;2016-02-25T00:16:32.180000;4b90a433-53a4-49b3-87e1-9f0d4b6b1458;423.91;0.01;SELL
2016-02-25T00:16:32.070000;2016-02-25T00:16:32.180000;4d8f274f-764f-4377-9a33-669878371fe7;423.9;0.01;SELL
2016-02-25T00:16:32.070000;2016-02-25T00:16:32.180000;1bef2e69-275b-4aa1-89f4-c072e4d8a979;423.89;0.389;SELL
2016-02-25T00:16:32.070000;2016-02-25T00:16:32.180000;eb1d7102-cf14-4b23-979f-46bba3a99cf7;423.84;0.486;SELL
2016-02-25T00:16:32.073000;2016-02-25T00:16:32.180000;4e78f6f4-c8ff-4812-9111-4eb87a085516;423.84;0.8;SELL
2016-02-25T00:16:32.073000;2016-02-25T00:16:32.180000;8488fac1-eadd-42bc-972e-bb5f9ddba689;423.83;3.36492;SELL
2016-02-25T00:16:32.073000;2016-02-25T00:16:32.180000;c65501a1-c4a8-4993-85b3-41d4c439b70e;423.82;0.01;SELL
2016-02-25T00:16:32.073000;2016-02-25T00:16:32.180000;17bad1dc-047c-4c33-b777-46c4533d9c33;423.81;0.01;SELL
2016-02-25T00:16:32.073000;2016-02-25T00:16:32.180000;7fb49610-2d75-4288-a1a2-6d977db7c7eb;423.8;0.01;SELL
2016-02-25T00:16:32.073000;2016-02-25T00:16:32.180000;ebb77901-7686-4a30-ac4e-a0b21520405f;423.79;0.01;SELL
2016-02-25T00:16:32.073000;2016-02-25T00:16:32.180000;ef830c87-ba35-4094-a42b-e2478d3b2fc2;423.79;0.5;SELL
2016-02-25T00:16:32.073000;2016-02-25T00:16:32.180000;c40bfb06-839e-4eaf-83d6-843de5bd87b7;423.78;0.01;SELL
2016-02-25T00:16:32.073000;2016-02-25T00:16:32.180000;152e24f7-82d8-40d8-9e1b-4ba72bf72436;423.77;0.01;SELL
2016-02-25T00:16:32.073000;2016-02-25T00:16:32.180000;62113571-4673-4be5-9c6d-e3faba3bfb75;423.76;0.01;SELL
2016-02-25T00:16:32.073000;2016-02-25T00:16:32.180000;44966dba-f75c-4921-bbf1-5fefa076f038;423.75;0.01;SELL
2016-02-25T00:16:32.073000;2016-02-25T00:16:32.180000;bd6e542e-780f-4e59-8d46-97dfd0b27541;423.75;0.0115;SELL
2016-02-25T00:16:32.073000;2016-02-25T00:16:32.180000;8d354468-8114-4396-b74f-a1f3fff8d00f;423.74;0.507;SELL
2016-02-25T00:16:32.073000;2016-02-25T00:16:32.197000;62eaf96d-9618-42b9-9043-952efc1702b2;423.73;0.01;SELL
2016-02-25T00:16:32.073000;2016-02-25T00:16:32.197000;8acd9f43-6702-4b36-b638-7ec51ec58ebd;423.71;0.01;SELL
2016-02-25T00:16:32.073000;2016-02-25T00:16:32.197000;020403aa-e913-4147-8385-2d27c38d067b;423.69;0.015;SELL
2016-02-25T00:16:32.073000;2016-02-25T00:16:32.273000;b1235351-d39c-4913-b080-eca199b9c41e;423.69;0.461;SELL
2016-02-25T00:16:32.077000;2016-02-25T00:16:32.273000;f656c5de-4aab-4d1f-b301-8527d8bf5d46;423.68;0.015;SELL
2016-02-25T00:16:32.077000;2016-02-25T00:16:32.273000;6d999070-94b5-462d-a8bc-231c92113682;423.66;1.492;SELL
2016-02-25T00:16:32.077000;2016-02-25T00:16:32.273000;dd00cb34-d290-4849-91b1-371ce9efd989;423.64;0.513;SELL
2016-02-25T00:16:32.077000;2016-02-25T00:16:32.273000;525e1c50-956b-43d8-8e37-14ae5b81f74f;423.59;0.429;SELL
2016-02-25T00:16:32.077000;2016-02-25T00:16:32.273000;b6ffc049-8805-4ac9-8af5-3647d57d1749;423.54;0.427;SELL
2016-02-25T00:16:32.077000;2016-02-25T00:16:32.273000;3c68cc9d-8efc-4c8b-8bda-b65444131346;423.53;0.26;SELL
2016-02-25T00:16:32.077000;2016-02-25T00:16:32.273000;ba7989d1-b94b-4eb4-9e27-9095750633bc;423.5;0.0115;SELL
2016-02-25T00:16:32.077000;2016-02-25T00:16:32.273000;449044df-d7fc-495e-a829-57f12387f7ea;423.49;0.398;SELL
2016-02-25T00:16:32.077000;2016-02-25T00:16:32.273000;4a5d8f5a-06ff-4831-9f8e-bebae703d3fd;423.49;4.451;SELL
2016-02-25T00:16:32.077000;2016-02-25T00:16:32.273000;cbc9b4b4-a3af-43fd-8952-39ee3d24c631;423.48;0.01;SELL
2016-02-25T00:16:32.077000;2016-02-25T00:16:32.273000;301a0fe2-190b-45ed-8a76-f03edcdb9a43;423.44;0.386;SELL
2016-02-25T00:16:32.077000;2016-02-25T00:16:32.273000;47df399e-df21-466d-aed8-fa12bad21917;423.4;0.01367685;SELL
2016-02-25T00:16:32.077000;2016-02-25T00:16:32.273000;f0cb4b93-120d-4e58-8003-e2712b00ba44;423.39;0.394;SELL
2016-02-25T00:16:32.077000;2016-02-25T00:16:32.273000;f1192eed-9442-4c5b-958a-c47c803057ae;423.39;2.03948434;SELL
2016-02-25T00:17:00.467000;2016-02-25T00:17:00.477000;3bbbf289-4cb8-46cd-8514-757025e9c567;423.86;2.52;BUY
2016-02-25T00:17:00.467000;2016-02-25T00:17:00.477000;740ed302-e7f9-4137-9e53-ecac1ccbafe0;423.87;0.01;BUY
2016-02-25T00:17:00.467000;2016-02-25T00:17:00.477000;b02415d5-a207-481d-b6e3-24cb22fdf1e4;423.87;3.06;BUY
2016-02-25T00:17:00.467000;2016-02-25T00:17:00.477000;8ee42a5b-b5b9-4bb8-9f9d-606fbced337c;423.88;0.075;BUY
2016-02-25T00:17:00.467000;2016-02-25T00:17:00.477000;e37e727d-0c9f-4eba-a97f-a17c1b5f544f;423.89;2.49327;BUY
2016-02-25T00:17:02.227000;2016-02-25T00:17:02.227000;05fb02cd-774b-4110-a736-4b89d440619a;423.73;0.114;SELL
2016-02-25T00:17:02.227000;2016-02-25T00:17:02.260000;f1b92b4e-9d26-45ac-8fdd-6802fe3c2b7e;423.72;0.12;SELL
2016-02-25T00:17:02.227000;2016-02-25T00:17:02.260000;d6f75ab1-0180-4aa0-8c77-65f4bc218535;423.71;0.103;SELL
2016-02-25T00:17:02.227000;2016-02-25T00:17:02.260000;816b84f8-976a-4fd7-adf9-3cb7cd9153d9;423.7;0.097;SELL
2016-02-25T00:17:02.227000;2016-02-25T00:17:02.260000;12ae5086-10f3-48fe-a240-fd9c652eeebf;423.69;0.015;SELL
2016-02-25T00:17:02.227000;2016-02-25T00:17:02.260000;7f943e8e-7edd-4ad4-b503-77153addce02;423.69;0.072;SELL
2016-02-25T00:17:02.227000;2016-02-25T00:17:02.260000;111a1add-848f-4c79-bc12-b46dececda73;423.67;0.079;SELL
2016-02-25T00:17:02.227000;2016-02-25T00:17:02.273000;03d5eb15-c2bf-4e76-97b9-78d73a6c132d;423.66;0.13;SELL
2016-02-25T00:17:02.227000;2016-02-25T00:17:02.273000;6298e1f6-9a25-4ce2-8ce2-69cf5ebdbe08;423.64;0.015;SELL
2016-02-25T00:17:02.227000;2016-02-25T00:17:02.273000;c81904c8-9e9f-4c3c-88f3-aa3b970f3dff;423.61;0.04382;SELL
2016-02-25T00:17:32.537000;2016-02-25T00:17:32.540000;340fce26-73c1-4bcd-85ae-85b6ca4ec18a;423.88;0.015;BUY
2016-02-25T00:17:32.537000;2016-02-25T00:17:32.557000;dd822a08-b177-4ce5-a130-66fda5ebd7c6;423.9;0.015;BUY
2016-02-25T00:17:32.537000;2016-02-25T00:17:32.557000;0506789f-60f0-4bb7-80ff-1e3b12aa3403;423.91;0.18;BUY
2016-02-25T00:17:32.537000;2016-02-25T00:17:32.570000;ec9c220e-5f34-4527-ac38-ffe0ce3341b6;423.92;0.015;BUY
2016-02-25T00:17:32.537000;2016-02-25T00:17:32.570000;ab5ec7a1-01bb-4321-b99f-09c99555af59;423.92;0.54;BUY
2016-02-25T00:17:32.537000;2016-02-25T00:17:32.570000;3913e62e-c569-44d2-a6dc-e3e2f16fd5fb;423.93;0.01367685;BUY
2016-02-25T00:17:32.537000;2016-02-25T00:17:32.570000;f6e28f73-17d3-4c1b-a2e2-47242db8d9b3;423.97;0.57298315;BUY
2016-02-25T00:18:06.297000;2016-02-25T00:18:06.307000;a4924026-f607-441a-88eb-2af4d1c711de;423.97;0.20748;SELL
2016-02-25T00:18:32.397000;2016-02-25T00:18:32.400000;58cc84b0-16a7-4c2c-baf7-fcc02bf29dfa;423.98;0.01;BUY
2016-02-25T00:18:32.397000;2016-02-25T00:18:32.413000;67d68594-9083-49f4-9671-e3769f6b9e94;424.0;0.22431;BUY
2016-02-25T00:19:06.300000;2016-02-25T00:19:06.307000;b446de8f-b4af-4a8f-a168-663b45beae4b;424.0;1.88121;BUY
2016-02-25T00:19:32.237000;2016-02-25T00:19:32.280000;a602ddc4-aae7-4c0d-b465-36e3ac79f3f4;423.99;0.175;SELL
2016-02-25T00:19:32.237000;2016-02-25T00:19:32.297000;1df59478-b50e-4ffb-8a2f-9778eafaed26;423.99;0.1;SELL
2016-02-25T00:19:32.237000;2016-02-25T00:19:32.297000;53dd8220-79a7-4bd6-8ddb-420c3a2672ec;423.95;0.117;SELL
2016-02-25T00:19:32.237000;2016-02-25T00:19:32.297000;9f3de766-80e7-4fa4-9213-3ec62e248291;423.9;0.106;SELL
2016-02-25T00:19:32.237000;2016-02-25T00:19:32.297000;6c495d14-86eb-403b-950e-a55cf37070cd;423.85;0.089;SELL
2016-02-25T00:19:32.237000;2016-02-25T00:19:32.313000;da0bf08f-33a8-4423-8e2c-177425cb26bb;423.8;0.125;SELL
2016-02-25T00:19:32.237000;2016-02-25T00:19:32.313000;a2dbb5bc-a79c-467c-88e7-4872d1276e16;423.77;0.01;SELL
2016-02-25T00:19:32.237000;2016-02-25T00:19:32.313000;e7b87358-0df1-46f2-8e10-870d954ece80;423.75;0.091;SELL
2016-02-25T00:19:32.237000;2016-02-25T00:19:32.313000;4c9e0b32-719d-48e2-ad85-95985e31cb5f;423.7;0.01;SELL
2016-02-25T00:19:32.240000;2016-02-25T00:19:32.330000;5d64135a-dda7-458e-8e7b-2758b5680ae5;423.7;0.077;SELL
2016-02-25T00:19:32.240000;2016-02-25T00:19:32.330000;5f322706-e903-4926-a92f-7457112c5a3e;423.65;0.118;SELL
2016-02-25T00:19:32.240000;2016-02-25T00:19:32.330000;758e613a-5db3-48e7-b382-b0ab6e3ab0ff;423.6;0.015;SELL
2016-02-25T00:19:32.240000;2016-02-25T00:19:32.330000;f744b0ca-5ff0-4d67-a3aa-ab4e1d898cd2;423.6;0.084;SELL
2016-02-25T00:19:32.240000;2016-02-25T00:19:32.330000;ece7f383-a443-4a20-8dad-4a9132c586d2;423.59;0.015;SELL
2016-02-25T00:19:32.240000;2016-02-25T00:19:32.330000;f4f79fa6-2744-42cf-b08e-f9c8130282c5;423.58;0.015;SELL
2016-02-25T00:19:32.240000;2016-02-25T00:19:32.330000;c10d73f1-9d2e-4e78-87f8-37718f08a818;423.56;0.015;SELL
2016-02-25T00:19:32.240000;2016-02-25T00:19:32.330000;6c4be11b-ebdb-4480-ac8d-740948ee35b3;423.55;0.107;SELL
2016-02-25T00:19:32.240000;2016-02-25T00:19:32.360000;96c7d336-db4c-477d-9d12-f0420320bc81;423.54;0.015;SELL
2016-02-25T00:19:32.240000;2016-02-25T00:19:32.360000;ef69a434-3b70-4f9e-9d14-b238523c9bce;423.51;0.25;SELL
2016-02-25T00:19:32.240000;2016-02-25T00:19:32.360000;0ac0f853-d870-496b-9d54-a89a3694587d;423.5;0.096;SELL
2016-02-25T00:19:32.240000;2016-02-25T00:19:32.360000;a0b8982c-b510-4558-a88c-9d13007813bb;423.45;0.08;SELL
2016-02-25T00:19:32.240000;2016-02-25T00:19:32.360000;c1ccaf1f-fb29-46c9-9caa-abe1d1dc899c;423.4;0.01365042;SELL
2016-02-25T00:19:32.240000;2016-02-25T00:19:32.377000;14358ebe-2f8c-4ae8-911a-af3360779dcd;423.4;0.06871958;SELL
2016-02-25T00:20:22.453000;2016-02-25T00:20:22.483000;8feac990-27bf-4e01-af46-ab2aa4ae7884;423.8;0.1239;BUY
2016-02-25T00:20:22.460000;2016-02-25T00:20:22.500000;e748f30e-8244-4147-923a-eb8e5ca9dbb0;423.8;0.0396;BUY
2016-02-25T00:20:32.143000;2016-02-25T00:20:32.173000;4514cb0e-47f4-4a6e-a12c-28217d961c8c;423.8;0.35934;BUY
2016-02-25T00:21:02.497000;2016-02-25T00:21:02.533000;d60be139-b69b-4f29-bc6b-8e23dcbb74f5;423.79;0.52904;SELL
2016-02-25T00:21:13.157000;2016-02-25T00:21:13.187000;c349f392-72f9-4003-aabb-ec0ecd9caad8;423.8;0.01664;BUY
2016-02-25T00:21:13.173000;2016-02-25T00:21:13.220000;a51c1a14-f6e8-4e08-87f1-94663cbf58f9;423.8;0.01625;BUY
2016-02-25T00:21:13.173000;2016-02-25T00:21:13.220000;b5f26db8-0f34-4588-8a60-15c04e6cce9f;423.8;0.05711;BUY
2016-02-25T00:21:32.117000;2016-02-25T00:21:32.140000;acd8fbd4-ad00-41be-b017-232d6c3c3b28;423.8;0.38716;BUY
2016-02-25T00:21:32.117000;2016-02-25T00:21:32.157000;49f6b1ea-b16b-4144-a7da-48df6e90fdcd;423.89;0.015;BUY
2016-02-25T00:21:32.117000;2016-02-25T00:21:32.157000;4dfd8266-05ba-45c3-bd84-69fc98579a07;423.92;0.015;BUY
2016-02-25T00:21:32.117000;2016-02-25T00:21:32.157000;9cdbfcac-0c1b-4a09-abb0-e327b7b65f8f;423.93;0.015;BUY
2016-02-25T00:21:32.117000;2016-02-25T00:21:32.173000;755cfee6-68b5-4e73-a602-1ae36778e2cc;423.95;0.015;BUY
2016-02-25T00:21:32.117000;2016-02-25T00:21:32.173000;590ac5d7-fdc8-486d-bab1-92037553b55e;423.96;1.0267;BUY
2016-02-25T00:21:46.060000;2016-02-25T00:21:46.093000;786d2db7-9498-4389-9e69-f93e314371fa;423.97;0.015;BUY
2016-02-25T00:21:46.060000;2016-02-25T00:21:46.110000;668e8b7c-e8fe-43bd-948a-e7c0b579506f;423.99;0.015;BUY
2016-02-25T00:21:46.060000;2016-02-25T00:21:46.110000;73ea48f9-b5a1-4689-9da4-acf4cd9282fd;423.99;0.01;BUY
2016-02-25T00:21:46.060000;2016-02-25T00:21:46.110000;34479dc5-c904-4a3d-ba94-4bba093be1c6;423.99;0.01365042;BUY
2016-02-25T00:21:46.060000;2016-02-25T00:21:46.110000;503c473c-0fad-46e2-a620-3c13d34399c3;423.99;1.0;BUY
2016-02-25T00:22:02.323000;2016-02-25T00:22:02.360000;a2927842-b413-4906-80ff-93644b5ba408;424.0;0.01;BUY
2016-02-25T00:22:02.323000;2016-02-25T00:22:02.360000;b9d18511-1432-473c-abbd-38aad8836c8b;424.0;2.37305;BUY
2016-02-25T00:22:14.210000;2016-02-25T00:22:14.233000;117bb1b8-85df-4370-be0b-3bd45bda8a97;424.0;2.763;BUY
2016-02-25T00:22:41.753000;2016-02-25T00:22:41.797000;28b9fdb0-7d7c-4bc3-8082-734fab9d8975;424.0;0.32;BUY
2016-02-25T00:22:44.253000;2016-02-25T00:22:44.283000;cde404f4-5e0b-4374-a430-0c35f6780325;424.0;1.01020407;BUY
2016-02-25T00:23:20.197000;2016-02-25T00:23:20.233000;d1e09b09-a0d4-4dee-9d54-130e8ba1319c;424.0;1.4612956;BUY
2016-02-25T00:23:20.213000;2016-02-25T00:23:20.250000;aa355cb4-d7d9-4722-bffa-b3af1e50917e;424.0;0.1287044;BUY
2016-02-25T00:23:34.200000;2016-02-25T00:23:34.233000;57fb0ce7-fcac-4c6f-8fbf-9bf5bfe41d84;423.99;0.239;SELL
2016-02-25T00:23:34.200000;2016-02-25T00:23:34.233000;71a91b97-268e-4d7f-a029-af57a81a4232;423.99;0.05;SELL
2016-02-25T00:23:34.200000;2016-02-25T00:23:34.250000;7dc656d2-e8fd-4e45-8070-b91b17f99712;423.99;0.30584517;SELL
2016-02-25T00:23:34.200000;2016-02-25T00:23:34.250000;2c1d6811-3d22-4ce7-9af5-29aed92f192a;423.99;0.69714483;SELL
2016-02-25T00:23:40.997000;2016-02-25T00:23:41.017000;44aab0ba-a5c2-4861-aa3a-07ec3199eb01;424.0;0.01;BUY
2016-02-25T00:23:44.450000;2016-02-25T00:23:44.470000;227d886b-9480-415c-b9e5-3549623f6a15;424.0;0.29656013;BUY
2016-02-25T00:24:02.677000;2016-02-25T00:24:02.703000;184af30e-fc1b-40f8-8956-85f968e717c1;424.0;1.9066;BUY
2016-02-25T00:24:32.597000;2016-02-25T00:24:32.627000;1d617cef-164f-46de-ad38-199956b6fa22;423.99;0.50416;SELL
2016-02-25T00:24:33.310000;2016-02-25T00:24:33.343000;12821b66-561c-42e4-9a7e-911b3203e55e;423.99;1.0;SELL
2016-02-25T00:25:02.347000;2016-02-25T00:25:02.360000;6a92baa9-e4da-455a-9af2-ec56f8d78cbc;424.0;6.2508;BUY
2016-02-25T00:25:36.327000;2016-02-25T00:25:36.343000;b283097f-67a1-4933-889f-d73b7cb44a1b;424.0;1.56045;BUY
2016-02-25T00:25:51.440000;2016-02-25T00:25:51.453000;4c547408-89ca-4fa9-b427-455c27b8765e;424.0;0.46715816;BUY
2016-02-25T00:26:02.303000;2016-02-25T00:26:02.330000;750da762-351f-4afc-80bb-8e29130af954;423.99;0.58483;SELL
2016-02-25T00:26:31.707000;2016-02-25T00:26:31.750000;2940eb44-5977-43e9-bca1-4f9ea65698b2;424.0;4.95217764;BUY
2016-02-25T00:26:31.707000;2016-02-25T00:26:31.767000;dcf9d794-ebc7-415d-ae6a-409082be8415;424.0;0.06;BUY
2016-02-25T00:26:31.707000;2016-02-25T00:26:31.767000;9aee4be5-dea6-4ad8-b0bf-8ea0aedff8de;424.02;0.03;BUY
2016-02-25T00:26:31.707000;2016-02-25T00:26:31.783000;1003807a-2ac5-42d4-9773-5bab9bb71e07;424.02;0.075;BUY
2016-02-25T00:26:31.707000;2016-02-25T00:26:31.783000;16366e76-facc-4d0d-8271-506926674ac5;424.02;0.122;BUY
2016-02-25T00:26:31.707000;2016-02-25T00:26:31.797000;e5e80ee7-94ed-49b7-8d91-35d4739e44b9;424.03;0.01;BUY
2016-02-25T00:26:31.707000;2016-02-25T00:26:31.797000;6d31eb55-465e-4d0d-8915-dc74fead1c7d;424.04;0.075;BUY
2016-02-25T00:26:31.707000;2016-02-25T00:26:31.797000;df491f13-1da0-4f84-b619-d29447430746;424.05;0.075;BUY
2016-02-25T00:26:31.707000;2016-02-25T00:26:31.797000;46d3cbed-2bf9-4c5a-b185-d1f8f87ae521;424.07;0.02;BUY
2016-02-25T00:26:31.707000;2016-02-25T00:26:31.830000;f4350261-92ce-495e-b213-3f5692be1491;424.08;0.01;BUY
2016-02-25T00:26:31.707000;2016-02-25T00:26:31.843000;1fbc9e3f-2abc-4616-9888-52b96bf61e8d;424.08;0.02;BUY
2016-02-25T00:26:31.707000;2016-02-25T00:26:31.843000;dd10b7de-8935-46c3-9d79-d76ce37b8625;424.08;0.13;BUY
2016-02-25T00:26:31.707000;2016-02-25T00:26:31.843000;e1afbaf6-cb37-4b87-8952-953036a0acd1;424.09;0.03;BUY
2016-02-25T00:26:31.707000;2016-02-25T00:26:31.843000;5576d265-217e-4431-93f2-1655aec967df;424.1;0.01363823;BUY
2016-02-25T00:26:31.710000;2016-02-25T00:26:31.860000;ce15cdc4-5fb2-4254-9292-14842a4960b2;424.1;0.01363823;BUY
2016-02-25T00:26:31.710000;2016-02-25T00:26:31.860000;e9cfc298-6b01-43bc-8b08-625b1f27478a;424.1;0.01;BUY
2016-02-25T00:26:31.710000;2016-02-25T00:26:31.860000;48e12e4d-fa5e-4596-9b03-fab895bb568f;424.11;0.06;BUY
2016-02-25T00:26:31.710000;2016-02-25T00:26:31.860000;dd23c71e-004e-4258-acb2-37ff018382fd;424.12;0.045;BUY
2016-02-25T00:26:31.710000;2016-02-25T00:26:31.860000;0b851973-49f8-4a0d-88e5-59c196d9f476;424.12;0.01;BUY
2016-02-25T00:26:31.710000;2016-02-25T00:26:31.860000;ebb2b8fe-36b7-49e1-bd26-180492a1edb4;424.12;0.01;BUY
2016-02-25T00:26:31.710000;2016-02-25T00:26:31.860000;93f31550-779a-49a9-8236-3c16d6ee1c10;424.13;0.01;BUY
2016-02-25T00:26:31.710000;2016-02-25T00:26:31.860000;a55ba833-c88c-4a6f-9d53-d0d3320afa73;424.13;0.01;BUY
2016-02-25T00:26:31.710000;2016-02-25T00:26:31.860000;bad3960d-792d-460b-9fb9-903cf47401ee;424.14;0.01;BUY
2016-02-25T00:26:31.710000;2016-02-25T00:26:31.860000;a9d5762c-c21a-43ad-abfa-b45e59116c93;424.15;0.09307306;BUY
2016-02-25T00:26:31.710000;2016-02-25T00:26:31.860000;e1782067-684a-4f8e-bf55-16e2e9faafc3;424.16;0.02;BUY
2016-02-25T00:26:31.710000;2016-02-25T00:26:31.860000;cfec2f3d-d3a4-476b-806e-ae6b9dfd44a0;424.16;0.04;BUY
2016-02-25T00:26:31.710000;2016-02-25T00:26:31.860000;feb7084a-58a7-4204-a789-0aa1ef9d4224;424.16;0.075;BUY
2016-02-25T00:26:31.710000;2016-02-25T00:26:31.860000;ece13ad1-c221-42df-b3d1-a2fd126b0a68;424.17;0.02;BUY
2016-02-25T00:26:31.710000;2016-02-25T00:26:31.860000;efae1e1e-033d-4e7e-b6e7-59b47857f820;424.17;0.54;BUY
2016-02-25T00:26:31.710000;2016-02-25T00:26:31.877000;b6ad243d-88c0-4d7d-9a83-0d209f5aec44;424.18;0.01;BUY
2016-02-25T00:26:31.710000;2016-02-25T00:26:31.877000;bd5587ce-5cce-40ba-93cc-ea0532e6be8e;424.18;0.18;BUY
2016-02-25T00:26:31.710000;2016-02-25T00:26:31.877000;63eff14c-2371-4fa0-85e7-7ddf798b119e;424.19;0.03;BUY
2016-02-25T00:26:31.713000;2016-02-25T00:26:31.877000;f3466cf0-b321-411b-b62b-3e6b66e26de5;424.19;0.075;BUY
2016-02-25T00:26:31.713000;2016-02-25T00:26:31.877000;1ef893e5-cfb9-433b-a40a-d968b29da980;424.19;0.075;BUY
2016-02-25T00:26:31.713000;2016-02-25T00:26:31.937000;fc2c8297-dbf8-4215-849d-f5e4155f9a29;424.19;0.54;BUY
2016-02-25T00:26:31.713000;2016-02-25T00:26:31.937000;00bf070e-cc27-42f0-aa8f-496b5ce49b98;424.19;0.8;BUY
2016-02-25T00:26:31.713000;2016-02-25T00:26:31.937000;7e38b291-4f21-496f-8ca0-fef81e36b7a8;424.2;0.075;BUY
2016-02-25T00:26:31.713000;2016-02-25T00:26:31.937000;3eb3c456-bd28-4f27-9880-11bf0af50140;424.2;0.02232;BUY
2016-02-25T00:26:31.713000;2016-02-25T00:26:31.937000;1e1b9d3e-c354-4017-a94d-8af4ede03234;424.2;0.0182;BUY
2016-02-25T00:26:31.713000;2016-02-25T00:26:31.937000;9345c4d3-d130-494a-b226-209cef02868b;424.2;2.0;BUY
2016-02-25T00:26:31.713000;2016-02-25T00:26:31.937000;f336eeee-d08d-440b-9f68-70abc6a7e1e0;424.2;1.317;BUY
2016-02-25T00:26:31.713000;2016-02-25T00:26:31.937000;36866420-9129-4211-8c6f-8a6965b367b0;424.21;0.075;BUY
2016-02-25T00:26:31.713000;2016-02-25T00:26:31.937000;0f737aec-d480-4f7b-8be0-4d579d955974;424.21;0.0125793;BUY
2016-02-25T00:26:31.713000;2016-02-25T00:26:31.937000;522b2645-d472-4225-948b-608491cd2990;424.21;0.075;BUY
2016-02-25T00:26:31.713000;2016-02-25T00:26:31.937000;7d0b8781-4f9f-4c95-8110-5f5bff0bc335;424.21;0.01;BUY
2016-02-25T00:26:31.713000;2016-02-25T00:26:31.937000;394c1d6b-375e-4fb7-8eeb-2ca23dbd5564;424.21;0.063043;BUY
2016-02-25T00:26:31.713000;2016-02-25T00:26:31.937000;31937d63-b36d-4c77-acd0-ed94d35eba19;424.22;0.075;BUY
2016-02-25T00:26:31.713000;2016-02-25T00:26:31.937000;b9cf48b4-cc72-4e0a-8fad-7a1b3883875b;424.22;0.03;BUY
2016-02-25T00:26:31.713000;2016-02-25T00:26:31.953000;1682009b-4a04-4e11-96dc-f115f2808ae0;424.22;0.0218;BUY
2016-02-25T00:26:31.713000;2016-02-25T00:26:31.953000;8bdde08d-cf7f-4d04-862e-1f93d499b11f;424.22;0.075;BUY
2016-02-25T00:26:31.717000;2016-02-25T00:26:31.953000;9e999b62-f563-49b7-bd28-028ba973e3d5;424.22;0.01;BUY
2016-02-25T00:26:31.717000;2016-02-25T00:26:31.953000;4beee08d-76fb-48bb-a696-8a7b698d4938;424.22;0.01;BUY
2016-02-25T00:26:31.717000;2016-02-25T00:26:31.970000;8ef84a86-0bc3-49eb-88fe-34e2a192371e;424.23;0.075;BUY
2016-02-25T00:26:31.717000;2016-02-25T00:26:31.970000;1752c484-d67f-4c1d-be86-a6f79947bf39;424.23;0.02;BUY
2016-02-25T00:26:31.717000;2016-02-25T00:26:31.970000;ac981e40-82a0-4007-9782-24abc6ad51f9;424.23;0.075;BUY
2016-02-25T00:26:31.717000;2016-02-25T00:26:31.983000;c30a2b33-63f3-4eae-829b-3cb20c2a5479;424.24;0.075;BUY
2016-02-25T00:26:31.717000;2016-02-25T00:26:31.983000;61901cbc-2f89-4070-924d-eb32bfca5b81;424.25;0.038;BUY
2016-02-25T00:26:31.717000;2016-02-25T00:26:31.983000;2eb4b49a-fb66-45ea-abee-5708ab30f5d2;424.25;0.025;BUY
2016-02-25T00:26:31.717000;2016-02-25T00:26:32.000000;9e6c6194-4ec0-4093-9b2a-871c94fc9089;424.26;0.01;BUY
2016-02-25T00:26:31.717000;2016-02-25T00:26:32.033000;0f384158-2077-4bd1-8497-76e8bcb14738;424.26;0.01;BUY
2016-02-25T00:26:31.717000;2016-02-25T00:26:32.033000;a210f956-d615-443b-a52b-9b46bfde6dfd;424.26;1.306;BUY
2016-02-25T00:26:31.717000;2016-02-25T00:26:32.033000;f45df3e3-2777-4696-a582-f0be9c7d6975;424.27;0.056;BUY
2016-02-25T00:26:31.717000;2016-02-25T00:26:32.033000;dcb2b29f-f316-4101-a3c9-ba88163574e5;424.27;0.02;BUY
2016-02-25T00:26:31.717000;2016-02-25T00:26:32.033000;bee1f87c-f695-4f6d-90d2-dcd028cccf33;424.28;0.01;BUY
2016-02-25T00:26:31.717000;2016-02-25T00:26:32.033000;82eaef10-0b0f-4dfb-9549-6b493f53cd72;424.28;0.075;BUY
2016-02-25T00:26:31.717000;2016-02-25T00:26:32.033000;ac3b4f6a-1647-4a31-a577-56cc331b47cc;424.28;0.075;BUY
2016-02-25T00:26:31.720000;2016-02-25T00:26:32.033000;6eedd593-4cf8-4081-b10d-b63190eef462;424.29;0.011;BUY
2016-02-25T00:26:31.720000;2016-02-25T00:26:32.033000;62fff614-c117-4372-8518-2951c325634c;424.3;0.01363823;BUY
2016-02-25T00:26:31.720000;2016-02-25T00:26:32.033000;9021a1f9-f70a-4415-b105-6904367be051;424.3;0.075;BUY
2016-02-25T00:26:31.720000;2016-02-25T00:26:32.033000;034f1fd0-fae8-4cdd-b099-0ac4f4ac9cdc;424.3;0.075;BUY
2016-02-25T00:26:31.720000;2016-02-25T00:26:32.033000;18494ced-be23-43c6-922d-0198daeb26c1;424.3;0.01;BUY
2016-02-25T00:26:31.720000;2016-02-25T00:26:32.033000;e23e43ea-4f47-4a8f-a552-80f69097d511;424.31;0.075;BUY
2016-02-25T00:26:31.720000;2016-02-25T00:26:32.047000;066ed86c-3977-46cc-a1de-0b44625cb002;424.31;0.01527;BUY
2016-02-25T00:26:31.720000;2016-02-25T00:26:32.047000;d44be6b0-73e8-463c-8cf1-8bd3c193c40c;424.31;0.01;BUY
2016-02-25T00:26:31.720000;2016-02-25T00:26:32.047000;b6438024-f077-4ecb-b490-648afb99cbf8;424.31;1.284;BUY
2016-02-25T00:26:31.720000;2016-02-25T00:26:32.047000;6cc3df17-94fb-48a9-aade-023f86307275;424.32;0.075;BUY
2016-02-25T00:26:31.720000;2016-02-25T00:26:32.047000;15e9515e-dec6-4c86-9cfc-2e3559c18c7a;424.33;0.075;BUY
2016-02-25T00:26:31.720000;2016-02-25T00:26:32.063000;9600aa0d-77af-486d-a4e0-d181ad1bd760;424.34;0.016;BUY
2016-02-25T00:26:31.720000;2016-02-25T00:26:32.063000;3e25744d-004b-4a10-aa57-d91553831f4c;424.35;0.075;BUY
2016-02-25T00:26:31.720000;2016-02-25T00:26:32.063000;1f42fcfd-ae3c-402e-9b40-f77965081120;424.36;0.075;BUY
2016-02-25T00:26:31.720000;2016-02-25T00:26:32.063000;ce816a68-7cc5-473c-b0a2-beaecb053a39;424.36;1.289;BUY
2016-02-25T00:26:31.720000;2016-02-25T00:26:32.063000;9e2e6818-dedc-47ac-92c3-f2ef675b5de6;424.37;0.02;BUY
2016-02-25T00:26:31.720000;2016-02-25T00:26:32.080000;1b772d54-80f6-4762-916d-eddb778686d1;424.38;0.01;BUY
2016-02-25T00:26:31.720000;2016-02-25T00:26:32.080000;3aef94b0-6795-4a6e-bb0e-610e095fe15e;424.38;0.012579;BUY
2016-02-25T00:26:31.723000;2016-02-25T00:26:32.080000;b2e37c20-36ca-47a0-ad4e-de390f79a067;424.38;0.034;BUY
2016-02-25T00:26:31.723000;2016-02-25T00:26:32.080000;1715d902-e38e-4d71-845c-18d40777fb96;424.39;0.012579;BUY
2016-02-25T00:26:31.723000;2016-02-25T00:26:32.093000;3de98b9f-078e-425b-889f-630fe4953650;424.39;0.044;BUY
2016-02-25T00:26:31.723000;2016-02-25T00:26:32.110000;bc96f9cd-7f84-4671-8377-d996472f7586;424.4;0.075;BUY
2016-02-25T00:26:31.723000;2016-02-25T00:26:32.110000;0680b939-845d-477a-a043-1596c9dace2c;424.4;0.012;BUY
2016-02-25T00:26:31.723000;2016-02-25T00:26:32.110000;149cb324-ae16-4697-b005-66f6a540efa2;424.4;0.039;BUY
2016-02-25T00:26:31.723000;2016-02-25T00:26:32.110000;55dc6f2a-3af9-4a4a-a270-542ce2718883;424.41;0.074;BUY
2016-02-25T00:26:31.723000;2016-02-25T00:26:32.110000;79c43e5c-adc7-4511-bb71-7d52cccaa8a5;424.41;0.075;BUY
2016-02-25T00:26:31.723000;2016-02-25T00:26:32.110000;5cdec07f-dd10-42b6-8e88-0c37d537e6ef;424.41;0.075;BUY
2016-02-25T00:26:31.723000;2016-02-25T00:26:32.127000;6c828f61-3abb-4bc0-9972-ff92b603540e;424.41;0.018842;BUY
2016-02-25T00:26:31.723000;2016-02-25T00:26:32.127000;d95604ef-9dfb-45e2-8e7e-311e8bac6703;424.41;0.03173;BUY
2016-02-25T00:26:31.723000;2016-02-25T00:26:32.127000;513f5ed8-ce47-40b9-8707-9dbc4da65fdf;424.41;0.01;BUY
2016-02-25T00:26:31.723000;2016-02-25T00:26:32.127000;1c4c9601-6f51-49ee-be94-179124a4564a;424.41;0.1;BUY
2016-02-25T00:26:31.723000;2016-02-25T00:26:32.127000;4e1b0618-e878-4a76-a893-ca136d99d07d;424.41;1.294;BUY
2016-02-25T00:26:31.723000;2016-02-25T00:26:32.127000;7d405fa1-bd8f-434e-83c2-2293ae560cf5;424.42;0.075;BUY
2016-02-25T00:26:31.723000;2016-02-25T00:26:32.127000;c23a87ef-6971-4d5e-905d-ff0b6da463e4;424.42;0.068;BUY
2016-02-25T00:26:31.723000;2016-02-25T00:26:32.140000;0a6bac66-5db7-4853-9362-ebf4d8a383ca;424.43;0.073;BUY
2016-02-25T00:26:31.723000;2016-02-25T00:26:32.140000;03bb8e57-4e27-4fee-8228-783cf9035ca9;424.43;0.075;BUY
2016-02-25T00:26:31.727000;2016-02-25T00:26:32.140000;8d39d6d1-e422-4848-af9d-1ee8e7662df6;424.46;1.322;BUY
2016-02-25T00:26:31.727000;2016-02-25T00:26:32.140000;050cc86c-ec6f-4e55-be60-6f2b393d22f6;424.47;0.02;BUY
2016-02-25T00:26:31.727000;2016-02-25T00:26:32.140000;d769172a-46ef-492d-acb8-95d947edc727;424.47;0.01;BUY
2016-02-25T00:26:31.727000;2016-02-25T00:26:32.140000;2ace019b-f3a4-4bb7-8274-71cd79420fd3;424.48;0.01;BUY
2016-02-25T00:26:31.727000;2016-02-25T00:26:32.157000;1a0398fb-c9c5-45ab-a20f-3703264f6f75;424.48;0.075;BUY
2016-02-25T00:26:31.727000;2016-02-25T00:26:32.157000;d8886b4d-1aa4-475c-9874-ae46d2a6aeb5;424.49;0.54;BUY
2016-02-25T00:26:31.727000;2016-02-25T00:26:32.157000;06c279dd-f7a2-402e-a9ce-020b850a3b9a;424.5;0.01363245;BUY
2016-02-25T00:26:31.727000;2016-02-25T00:26:32.157000;27e45370-4b66-4b38-bea9-d1b3e81f7368;424.5;0.125;BUY
2016-02-25T00:26:31.727000;2016-02-25T00:26:32.173000;0133ae4f-6776-414c-9ed5-6b232de14bef;424.5;0.128;BUY
2016-02-25T00:26:31.727000;2016-02-25T00:26:32.173000;30d238fc-6f19-4c1b-8161-ee940c04f531;424.5;0.19546731;BUY
2016-02-25T00:26:31.727000;2016-02-25T00:26:32.173000;1c5487f9-c9cb-44e6-86b5-43ea97543758;424.5;0.19564667;BUY
2016-02-25T00:26:31.727000;2016-02-25T00:26:32.187000;3a1ac4c5-3a49-4a44-8c1c-d4095247125d;424.5;0.1954866;BUY
2016-02-25T00:26:31.727000;2016-02-25T00:26:32.187000;b40c67ca-b967-4db9-98b8-e964c3ed02d4;424.5;0.1955721;BUY
2016-02-25T00:26:31.727000;2016-02-25T00:26:32.187000;2a97a676-e836-4bb4-a4d3-49ff425e5d89;424.5;0.19539298;BUY
2016-02-25T00:26:31.727000;2016-02-25T00:26:32.203000;4e33dcb9-e8e5-4d89-8008-21f065eb8353;424.5;0.19528576;BUY
2016-02-25T00:26:31.727000;2016-02-25T00:26:32.203000;e0adaa2e-238a-454e-98da-cc882a54e9c5;424.5;0.1954205;BUY
2016-02-25T00:26:31.727000;2016-02-25T00:26:32.203000;54f741be-7f46-4db4-b77c-0c2e034ea2c3;424.5;0.19559695;BUY
2016-02-25T00:26:31.727000;2016-02-25T00:26:32.203000;c7207642-7fb0-401d-bb83-ee6ac685eb09;424.5;0.01;BUY
2016-02-25T00:26:31.730000;2016-02-25T00:26:32.220000;d246af77-66a4-4eb9-9b9b-04341ff6a066;424.51;1.296;BUY
2016-02-25T00:26:31.730000;2016-02-25T00:26:32.220000;6ffd0775-f440-4369-aa64-d099581e630e;424.52;0.075;BUY
2016-02-25T00:26:31.730000;2016-02-25T00:26:32.220000;608799de-aa97-468b-a291-0d04359629c7;424.52;1.288;BUY
2016-02-25T00:26:31.730000;2016-02-25T00:26:32.220000;033c3660-b353-4194-a145-72361b98710d;424.55;0.01;BUY
2016-02-25T00:26:31.730000;2016-02-25T00:26:32.233000;89b5189c-d5ab-4f05-9e98-5c00fcc3e2bb;424.55;0.075;BUY
2016-02-25T00:26:31.730000;2016-02-25T00:26:32.233000;37022aaa-c082-4148-8626-be113362b48c;424.55;0.05;BUY
2016-02-25T00:26:31.730000;2016-02-25T00:26:32.233000;7499c9f5-c2b4-43fd-8cb3-053794cbb289;424.56;0.01;BUY
2016-02-25T00:26:31.730000;2016-02-25T00:26:32.233000;dabe9489-616c-4694-adfd-8334c72be8cc;424.57;0.02;BUY
2016-02-25T00:26:31.730000;2016-02-25T00:26:32.250000;df8bf019-b3f9-4394-a5c6-225c5c8354f5;424.57;1.265;BUY
2016-02-25T00:26:31.730000;2016-02-25T00:26:32.250000;06103718-2076-4823-ad16-96a27371e3ed;424.58;0.075;BUY
2016-02-25T00:26:31.730000;2016-02-25T00:26:32.267000;e6911c50-f3f2-43bd-945f-9d0fa10f5c18;424.59;0.01;BUY
2016-02-25T00:26:31.730000;2016-02-25T00:26:32.267000;74c7103f-98ac-4e2b-bb25-2cec56202e6c;424.6;0.02;BUY
2016-02-25T00:26:31.730000;2016-02-25T00:26:32.283000;ecea16d8-afa8-4bfe-9480-5050f83bb892;424.61;0.03;BUY
2016-02-25T00:26:31.730000;2016-02-25T00:26:32.283000;ea96af58-fd49-46bc-955b-40594b6e2c12;424.62;1.305;BUY
2016-02-25T00:26:31.730000;2016-02-25T00:26:32.283000;cc3b0947-8187-4a77-94e6-29c79422de23;424.66;0.075;BUY
2016-02-25T00:26:31.730000;2016-02-25T00:26:32.283000;1f296efa-0583-4d3c-86f7-106f5b6bfc94;424.67;0.075;BUY
2016-02-25T00:26:31.730000;2016-02-25T00:26:32.283000;99440cbb-bb26-4d91-867e-a75fc729e97e;424.67;0.02;BUY
2016-02-25T00:26:31.730000;2016-02-25T00:26:32.297000;7d847987-a248-486f-a88b-51023b013a57;424.68;0.043;BUY
2016-02-25T00:26:31.730000;2016-02-25T00:26:32.297000;d567c1cc-3782-49ca-9c94-6e5f5ebc0a27;424.68;1.01882099;BUY
2016-02-25T00:27:02.477000;2016-02-25T00:27:02.500000;9b4558a7-ffb1-43ac-a197-446b6258ed24;424.69;0.01;BUY
2016-02-25T00:27:02.477000;2016-02-25T00:27:02.517000;b2301288-b07f-4303-8019-63654dbf7e53;424.69;0.075;BUY
2016-02-25T00:27:02.477000;2016-02-25T00:27:02.517000;f8c5456a-6d3e-4425-a8fd-d5812695f2e5;424.7;0.01363668;BUY
2016-02-25T00:27:02.477000;2016-02-25T00:27:02.517000;02a2df53-751b-4587-8c07-8ed11f7f3149;424.71;0.052;BUY
2016-02-25T00:27:02.477000;2016-02-25T00:27:02.533000;f2bfe482-9a74-4ec8-b9e9-fdba02c7a96e;424.71;0.041;BUY
2016-02-25T00:27:02.480000;2016-02-25T00:27:02.533000;8f18731b-5e50-41d2-bd32-7ede39408c08;424.72;0.075;BUY
2016-02-25T00:27:02.480000;2016-02-25T00:27:02.533000;5a1b3fc4-73ae-439f-879e-a9ad2e94c1d0;424.75;0.075;BUY
2016-02-25T00:27:02.480000;2016-02-25T00:27:02.533000;02619a30-1595-4348-a20c-ae2604635350;424.76;0.01;BUY
2016-02-25T00:27:02.480000;2016-02-25T00:27:02.533000;2c5a6159-306d-460a-8a7f-69108e073425;424.77;0.075;BUY
2016-02-25T00:27:02.480000;2016-02-25T00:27:02.533000;72276c6c-74df-4d22-948f-d2f40b683660;424.77;0.02;BUY
2016-02-25T00:27:02.480000;2016-02-25T00:27:02.547000;44bbaa70-5c12-4937-bcf0-5c95308ce6b8;424.77;0.11891332;BUY
2016-02-25T00:27:32.240000;2016-02-25T00:27:32.250000;6b06e38f-03b8-4bcc-93c1-c7c63133892f;424.76;0.36474;SELL
2016-02-25T00:27:44.390000;2016-02-25T00:27:44.407000;f5af2d8f-e35f-41b3-be07-3cb2ac13a659;424.77;0.24626536;BUY
2016-02-25T00:27:44.393000;2016-02-25T00:27:44.423000;df89eb93-e06e-4cff-86ca-4ad4aa4cde1a;424.79;0.01;BUY
2016-02-25T00:27:44.393000;2016-02-25T00:27:44.423000;e931dc6d-6b8b-4fa1-b0fe-190a0dcccc43;424.81;0.03373464;BUY
2016-02-25T00:28:02.847000;2016-02-25T00:28:02.877000;5c9eecc0-a750-44cd-b7d7-dbb30e1651a5;424.81;0.01754;BUY
2016-02-25T00:28:32.880000;2016-02-25T00:28:32.890000;781e80ae-b52c-4b81-a266-5ada79bb3c49;424.81;0.02372536;BUY
2016-02-25T00:28:32.880000;2016-02-25T00:28:32.907000;f6478fe7-c373-4907-ab0b-b6d92fffcde5;424.81;0.01;BUY
2016-02-25T00:28:32.880000;2016-02-25T00:28:32.907000;9ebb3bec-3166-4aec-993c-ac4ef8be98cc;424.82;0.075;BUY
2016-02-25T00:28:32.880000;2016-02-25T00:28:32.907000;503f80d6-bb81-4f75-b6b6-a09546f89a86;424.83;0.075;BUY
2016-02-25T00:28:32.880000;2016-02-25T00:28:32.907000;e07e3903-88d1-40ba-bc7d-7b0ec732e050;424.83;0.1;BUY
2016-02-25T00:28:32.880000;2016-02-25T00:28:32.953000;d14efac1-71ef-4f28-a2aa-e351d1889841;424.85;0.00293464;BUY
2016-02-25T00:29:02.087000;2016-02-25T00:29:02.093000;67f4daf1-1a14-473c-81e6-cb036567df08;424.85;0.00706536;BUY
2016-02-25T00:29:02.087000;2016-02-25T00:29:02.093000;2cb95c96-464a-49ca-9a9f-885faee06575;424.85;0.075;BUY
2016-02-25T00:29:02.087000;2016-02-25T00:29:02.110000;0a419b99-7f72-45b7-a993-f0fd70dfe585;424.85;0.01962;BUY
2016-02-25T00:29:02.950000;2016-02-25T00:29:02.970000;9577109f-9910-400f-92be-3a9f7a28468c;424.86;0.075;BUY
2016-02-25T00:29:02.950000;2016-02-25T00:29:02.970000;e82caac3-1ce1-48bc-9952-4d64942e3bba;424.87;0.075;BUY
2016-02-25T00:29:02.950000;2016-02-25T00:29:02.970000;abc58b1d-8347-4fab-b76f-697e93c2740b;424.87;0.02;BUY
2016-02-25T00:29:02.950000;2016-02-25T00:29:02.970000;fe8d941f-33de-4f2e-a4ae-cb167709447c;424.88;0.075;BUY
2016-02-25T00:29:02.953000;2016-02-25T00:29:02.987000;b2cdf30d-28f2-43fc-9bbe-8eb16f05b6a6;424.89;0.075;BUY
2016-02-25T00:29:02.953000;2016-02-25T00:29:03.000000;92a18763-a815-41d8-9840-1f2ee64b0974;424.89;0.075;BUY
2016-02-25T00:29:02.953000;2016-02-25T00:29:03.017000;1ae381f5-9f05-413f-9721-727cf797e978;424.9;0.075;BUY
2016-02-25T00:29:02.953000;2016-02-25T00:29:03.017000;2bb33a3e-da64-4143-a3f4-9884a2338f9e;424.9;0.02545;BUY
2016-02-25T00:29:20.367000;2016-02-25T00:29:20.377000;29cda0df-7eb0-4f16-a3e8-5d3e745d296e;424.9;0.04955;BUY
2016-02-25T00:29:20.367000;2016-02-25T00:29:20.390000;fe9eb6e1-3c7f-4c92-9862-33f87794cd14;424.9;0.01363354;BUY
2016-02-25T00:29:20.367000;2016-02-25T00:29:20.390000;c9009d4b-2a71-4b6a-9318-4fceb1d52947;424.92;0.075;BUY
2016-02-25T00:29:20.367000;2016-02-25T00:29:20.407000;682f77d6-cf14-4114-a765-9b8423f8800c;424.92;0.02181646;BUY
2016-02-25T00:29:32.483000;2016-02-25T00:29:32.500000;e03c3a13-d970-4adf-bc50-17177a7b1e03;424.92;0.04318354;BUY
2016-02-25T00:29:32.483000;2016-02-25T00:29:32.517000;4f99fe58-d323-4ba4-bc25-e6b006ca678e;424.92;0.04;BUY
2016-02-25T00:29:32.483000;2016-02-25T00:29:32.517000;0c2bda4d-fcc5-483e-a68e-4b6841676ca2;424.93;0.03;BUY
2016-02-25T00:29:32.483000;2016-02-25T00:29:32.517000;7fa4e96f-5106-48f8-8211-5be04ae67183;424.93;0.075;BUY
2016-02-25T00:29:32.483000;2016-02-25T00:29:32.517000;1fca4c06-58ef-422c-b217-91f33688150f;424.93;0.043;BUY
2016-02-25T00:29:32.483000;2016-02-25T00:29:32.593000;c2fe014c-7488-4af1-8860-09ab2b81ab8e;424.95;0.01;BUY
2016-02-25T00:29:32.487000;2016-02-25T00:29:32.593000;4bcaa1f6-2d40-4ddb-8a02-3c83aeee7abb;424.95;0.075;BUY
2016-02-25T00:29:32.487000;2016-02-25T00:29:32.593000;33e4f336-9f34-4ecf-ac00-d827aa93f7e7;424.95;0.075;BUY
2016-02-25T00:29:32.487000;2016-02-25T00:29:32.593000;d0286e0a-9358-4641-92e6-80751d5bba79;424.95;0.075;BUY
2016-02-25T00:29:32.487000;2016-02-25T00:29:32.593000;94e3d237-31a9-48b0-a181-a9db8c2188a5;424.95;0.075;BUY
2016-02-25T00:29:32.487000;2016-02-25T00:29:32.593000;4a41eb07-60bc-42d9-8d59-6559a77677de;424.95;0.038;BUY
2016-02-25T00:29:32.487000;2016-02-25T00:29:32.593000;3785c431-e84d-47e0-bd17-fad1ab221aeb;424.97;0.01;BUY
2016-02-25T00:29:32.487000;2016-02-25T00:29:32.593000;a5d4055d-f8ab-4e97-96a4-c88405603554;424.97;0.02;BUY
2016-02-25T00:29:32.487000;2016-02-25T00:29:32.593000;844b95a5-11cd-4a2f-b0c2-9ef87eabe1a4;424.97;0.01901646;BUY
2016-02-25T00:29:38.647000;2016-02-25T00:29:38.657000;f3553e78-d5ad-4ce9-9264-04e6f39f91e2;424.97;0.01398354;BUY
2016-02-25T00:29:38.647000;2016-02-25T00:29:38.673000;f17d35e9-5730-47cd-9664-e6a0e7214531;424.99;0.01;BUY
2016-02-25T00:29:38.650000;2016-02-25T00:29:38.673000;96e41db6-d47d-4af0-b856-5e38450f2d35;425.0;0.01004;BUY
2016-02-25T00:29:38.650000;2016-02-25T00:29:38.673000;a6ac662c-f5c8-4f91-af39-7aeb9edede78;425.0;1.0;BUY
2016-02-25T00:29:38.650000;2016-02-25T00:29:38.687000;f99818f6-8f07-4709-aec4-2c30817d5986;425.0;0.1;BUY
2016-02-25T00:29:38.650000;2016-02-25T00:29:38.767000;1ae11def-6161-486b-a010-026dd9f91463;425.0;0.1;BUY
2016-02-25T00:29:38.650000;2016-02-25T00:29:38.767000;dea67922-8813-4b15-809f-24e923d78eb9;425.0;0.25;BUY
2016-02-25T00:29:38.650000;2016-02-25T00:29:38.767000;5e30c417-da18-4704-b730-a7cad16c2bad;425.0;0.15;BUY
2016-02-25T00:29:38.650000;2016-02-25T00:29:38.767000;618528dc-e709-48fa-9f4e-57f2ff80da79;425.0;0.00892912;BUY
2016-02-25T00:29:40.257000;2016-02-25T00:29:40.267000;e7a68bd8-5369-4125-a254-cb93cb4948e2;425.0;0.09265528;BUY
2016-02-25T00:30:02.880000;2016-02-25T00:30:02.890000;90c15cdd-f0ef-4237-b0f8-73b121caceb9;424.99;0.19242;SELL
2016-02-25T00:30:02.883000;2016-02-25T00:30:02.907000;9b8da89c-d730-4e4a-bf26-087d6c23338f;424.99;0.05758;SELL
2016-02-25T00:30:02.883000;2016-02-25T00:30:02.907000;f173e159-38b1-4625-901e-23d84fd6a6f9;424.99;0.3948053;SELL
2016-02-25T00:30:32.693000;2016-02-25T00:30:32.703000;550b0b71-bc7d-42a7-9c13-1b1f34ae98cb;424.99;0.40465;SELL
2016-02-25T00:31:02.853000;2016-02-25T00:31:02.860000;9fe0c618-2b3b-488f-ae99-fea6c92919d9;425.0;0.0484156;BUY
2016-02-25T00:31:02.853000;2016-02-25T00:31:02.877000;d84e1b71-6b77-4940-b3a0-46e4db7d6321;425.0;1.0;BUY
2016-02-25T00:31:02.853000;2016-02-25T00:31:02.877000;e0ecfc45-5624-4778-ace0-35bf43a565d8;425.0;0.0474244;BUY
2016-02-25T00:31:14.057000;2016-02-25T00:31:14.063000;d12fccc6-f696-4a7a-b737-b964d09fe0a2;425.0;0.14;BUY
2016-02-25T00:31:36.170000;2016-02-25T00:31:36.187000;afe11f69-8a39-4907-ad18-8de41a9995ee;425.0;0.2925756;BUY
2016-02-25T00:31:36.170000;2016-02-25T00:31:36.203000;771791fd-a8e0-43e1-880b-e2316c25a0ba;425.0;0.01;BUY
2016-02-25T00:31:36.170000;2016-02-25T00:31:36.203000;d708fee0-281f-4cd9-89d6-9dbc0c375030;425.01;0.01;BUY
2016-02-25T00:31:36.170000;2016-02-25T00:31:36.203000;0b0c8c04-3a5e-407b-a467-3be00cef0829;425.02;0.01780551;BUY
2016-02-25T00:31:36.170000;2016-02-25T00:31:36.203000;16f1a852-278a-4027-85c8-085c1aed59f6;425.03;0.01;BUY
2016-02-25T00:31:36.170000;2016-02-25T00:31:36.283000;456f7950-e0e7-4779-afe4-e4b75cf6d19a;425.04;0.02;BUY
2016-02-25T00:31:36.170000;2016-02-25T00:31:36.283000;3623694c-31ea-4a4b-ab5a-5ef61e8bb5b5;425.05;0.02236132;BUY
2016-02-25T00:31:36.170000;2016-02-25T00:31:36.283000;8d26afd1-42f3-424d-84e3-557cac9c9588;425.06;0.01;BUY
2016-02-25T00:31:36.170000;2016-02-25T00:31:36.283000;5dc1aff2-24a9-4af9-afa9-441608d85693;425.07;0.02;BUY
2016-02-25T00:31:36.170000;2016-02-25T00:31:36.283000;615d9abb-031a-4cf4-9b39-ace2f823d826;425.08;0.01;BUY
2016-02-25T00:31:36.170000;2016-02-25T00:31:36.283000;1164beb0-c50f-44a7-986a-3119ca2bf3f7;425.09;0.02137439;BUY
2016-02-25T00:31:36.170000;2016-02-25T00:31:36.283000;e257c8b0-e43d-49c1-98c5-2c11b0cb394a;425.1;0.01;BUY
2016-02-25T00:31:36.170000;2016-02-25T00:31:36.283000;20df7a67-147b-4253-97af-be440090da7d;425.1;0.01;BUY
2016-02-25T00:31:36.170000;2016-02-25T00:31:36.283000;a81bad99-59d4-468d-88cf-8beeb7f82d83;425.1;0.01362231;BUY
2016-02-25T00:31:36.173000;2016-02-25T00:31:36.283000;e3bba1e7-583a-4a6e-8410-9c110ac7c81f;425.11;0.0190847;BUY
2016-02-25T00:31:36.173000;2016-02-25T00:31:36.283000;33826ac6-681b-4587-90dc-c1faab0e905c;425.12;0.01;BUY
2016-02-25T00:31:36.173000;2016-02-25T00:31:36.283000;c3871ad2-19ce-4077-87aa-14a9156e7c9c;425.13;0.02385926;BUY
2016-02-25T00:31:36.173000;2016-02-25T00:31:36.283000;e3794a13-ebfc-4cbe-b07c-deaadc1ad0f5;425.14;0.01;BUY
2016-02-25T00:31:36.173000;2016-02-25T00:31:36.283000;74efcb1b-7fcd-48a0-a896-2c35818a64a0;425.15;0.01;BUY
2016-02-25T00:31:36.173000;2016-02-25T00:31:36.283000;cfc5e33d-3686-40b5-90e8-b60f7ff9d7f2;425.16;0.01;BUY
2016-02-25T00:31:36.173000;2016-02-25T00:31:36.283000;18c9d58b-3b84-4920-a66a-101d7d5472e2;425.16;0.0168;BUY
2016-02-25T00:31:36.173000;2016-02-25T00:31:36.283000;12159c1d-3c97-4637-95a4-50c3dcf5f79e;425.17;0.02;BUY
2016-02-25T00:31:36.173000;2016-02-25T00:31:36.283000;82612f92-fa5c-4c9d-8b6d-d1ce87a8a5dd;425.18;0.01;BUY
2016-02-25T00:31:36.173000;2016-02-25T00:31:36.283000;e93d2185-1a63-402c-9ee0-9d2dc0d76f71;425.19;0.0255801;BUY
2016-02-25T00:31:36.173000;2016-02-25T00:31:36.283000;2ab255a4-a877-4db5-a4e7-57951091318f;425.2;0.01;BUY
2016-02-25T00:31:36.173000;2016-02-25T00:31:36.283000;ea242039-d8c2-49e6-96fa-e657186d618d;425.21;0.01;BUY
2016-02-25T00:31:36.173000;2016-02-25T00:31:36.297000;56975f24-fa70-46fd-be30-de7d3ebd9588;425.21;0.01;BUY
2016-02-25T00:31:36.173000;2016-02-25T00:31:36.297000;448ff696-311e-477e-b1ac-db89664c10c8;425.21;0.07;BUY
2016-02-25T00:31:36.173000;2016-02-25T00:31:36.297000;a9dde57e-b75d-41fd-a63c-66483ad19bf7;425.22;0.01;BUY
2016-02-25T00:31:36.173000;2016-02-25T00:31:36.360000;f306dfd0-70b3-4cdd-bea8-f9fdf651118d;425.22;0.21;BUY
2016-02-25T00:31:36.173000;2016-02-25T00:31:36.377000;6e2ccae8-bd9b-4c45-8c80-77ba36081156;425.23;0.024953;BUY
2016-02-25T00:31:36.177000;2016-02-25T00:31:36.377000;a00e116c-11ea-453e-a5be-1b25d72622f1;425.24;0.01;BUY
2016-02-25T00:31:36.177000;2016-02-25T00:31:36.377000;fae021c2-31c4-4d87-9926-db6963366299;425.24;0.01;BUY
2016-02-25T00:31:36.177000;2016-02-25T00:31:36.377000;f21c5114-28e2-47b4-890f-31b1671960d3;425.25;0.11163753;BUY
2016-02-25T00:31:36.177000;2016-02-25T00:31:36.377000;d6bf8dbc-1496-4184-8505-0533320ae6d3;425.25;0.08825231;BUY
2016-02-25T00:31:36.177000;2016-02-25T00:31:36.377000;4b8bf1eb-4a41-4d43-ad8c-259161e05fbd;425.26;0.01;BUY
2016-02-25T00:31:36.177000;2016-02-25T00:31:36.377000;e7e7ee5f-83f6-4087-b2bb-94a644d6daae;425.27;0.02;BUY
2016-02-25T00:31:36.177000;2016-02-25T00:31:36.377000;2fb8f91e-49f4-496f-8faf-926f879922a3;425.28;0.01;BUY
2016-02-25T00:31:36.177000;2016-02-25T00:31:36.377000;ec44a041-d17d-4750-b895-8131051b0eb7;425.29;0.02422036;BUY
2016-02-25T00:31:36.177000;2016-02-25T00:31:36.377000;ad80b347-b31e-4dfd-835b-32fd920dad6e;425.3;0.01362619;BUY
2016-02-25T00:31:36.177000;2016-02-25T00:31:36.377000;7958ac44-5b7e-4067-83e5-4e18fbcb01f0;425.3;0.1;BUY
2016-02-25T00:31:36.177000;2016-02-25T00:31:36.377000;d69f990f-a126-4ae1-b873-ed4962c08fb8;425.31;0.18052742;BUY
2016-02-25T00:31:42.140000;2016-02-25T00:31:42.157000;54677e7f-6307-4d6a-9f77-2fa58649bbd9;425.31;0.01947258;BUY
2016-02-25T00:31:42.140000;2016-02-25T00:31:42.173000;6109d6ed-cc36-4249-a075-2599f082b6f8;425.31;0.01;BUY
2016-02-25T00:31:42.140000;2016-02-25T00:31:42.173000;c6089cdf-0925-4a90-8ffc-64318d6b466a;425.32;0.02;BUY
2016-02-25T00:31:42.140000;2016-02-25T00:31:42.173000;d269d5ea-bbe1-4df5-a08d-b37e0d5b55b9;425.33;0.01;BUY
2016-02-25T00:31:42.140000;2016-02-25T00:31:42.173000;56182131-54a5-44ee-aacf-87875bf7503e;425.33;0.01;BUY
2016-02-25T00:31:42.140000;2016-02-25T00:31:42.187000;0a7508e0-e370-4242-8ca1-54bf482fa2d7;425.34;0.0141172;BUY
2016-02-25T00:31:42.143000;2016-02-25T00:31:42.187000;6e02591b-a7df-4ba7-9384-c5119bc077c2;425.35;0.01;BUY
2016-02-25T00:31:42.143000;2016-02-25T00:31:42.187000;c3a106d9-ec59-4ac5-b1b5-b298d854b843;425.35;0.1;BUY
2016-02-25T00:31:42.143000;2016-02-25T00:31:42.187000;60c0fd88-c8d3-432f-86f8-e53319de6b96;425.35;0.01;BUY
2016-02-25T00:31:42.143000;2016-02-25T00:31:42.187000;04806689-9053-4b36-b279-2b6d28e736de;425.37;0.02;BUY
2016-02-25T00:31:42.143000;2016-02-25T00:31:42.187000;26f3f4a8-b4f5-4de9-922e-f10974e4abda;425.37;0.01;BUY
2016-02-25T00:31:42.143000;2016-02-25T00:31:42.187000;7526dcdc-6802-4dc7-97fa-22fa1ab226ca;425.39;0.01;BUY
2016-02-25T00:31:42.143000;2016-02-25T00:31:42.187000;30778e01-a036-463e-9443-3cd6305ce126;425.39;0.01;BUY
2016-02-25T00:31:42.143000;2016-02-25T00:31:42.220000;d95e815d-be0d-48d6-b0c3-ec4a9e13c188;425.41;0.01;BUY
2016-02-25T00:31:42.143000;2016-02-25T00:31:42.220000;70858453-e840-4522-b1de-f8b459bd5a43;425.43;0.05;BUY
2016-02-25T00:31:42.143000;2016-02-25T00:31:42.220000;4c74da73-025e-4243-87ba-71a14d80b57e;425.43;0.01;BUY
2016-02-25T00:31:42.143000;2016-02-25T00:31:42.220000;fb7628c2-70bf-4cdf-98af-f697c0c71e21;425.44;1.47641022;BUY
2016-02-25T00:31:52.407000;2016-02-25T00:31:52.423000;e37e9a4a-8a14-4bdf-9b3c-10aafece6468;425.44;0.6;BUY
2016-02-25T00:31:52.407000;2016-02-25T00:31:52.423000;f86abcf6-69f5-481c-9803-3b1b7b4518bf;425.45;0.1;BUY
2016-02-25T00:31:52.407000;2016-02-25T00:31:52.423000;6dd99689-acc5-46e2-9278-9fa03c80e576;425.45;0.01;BUY
2016-02-25T00:31:52.410000;2016-02-25T00:31:52.423000;d68d45a3-6e93-427a-9da2-6c55ce9ee884;425.46;0.01;BUY
2016-02-25T00:31:52.410000;2016-02-25T00:31:52.437000;e85ff277-fc0a-4f25-a4a0-29bdd9ab69ce;425.46;0.4;BUY
2016-02-25T00:31:52.410000;2016-02-25T00:31:52.437000;9173293d-0339-4878-846b-97be6fa5babd;425.46;0.172;BUY
2016-02-25T00:31:52.410000;2016-02-25T00:31:52.437000;00181fae-44ec-4e56-b4e4-89e0a4b21337;425.47;0.02;BUY
2016-02-25T00:31:52.410000;2016-02-25T00:31:52.453000;3f2bf41c-6a84-4376-9d8f-9345cc87f76f;425.47;0.1;BUY
2016-02-25T00:31:52.410000;2016-02-25T00:31:52.453000;bfb060c5-6fe2-47f3-8a91-bf805ffaf48f;425.47;0.02;BUY
2016-02-25T00:31:52.410000;2016-02-25T00:31:52.453000;12e83934-a41e-49d1-8793-53290dfed2b2;425.47;0.01;BUY
2016-02-25T00:31:52.410000;2016-02-25T00:31:52.453000;c5a5b527-a556-4f89-aad8-aa2574c298ed;425.48;0.02;BUY
2016-02-25T00:31:52.410000;2016-02-25T00:31:52.470000;ca48cae4-8a89-444a-a9da-f3efc4e7ab04;425.49;0.01;BUY
2016-02-25T00:31:52.410000;2016-02-25T00:31:52.487000;7501f780-abe5-41ad-8584-d8124cc0515d;425.5;0.03;BUY
2016-02-25T00:31:52.410000;2016-02-25T00:31:52.487000;65669b52-ca8f-4889-a204-85008f515bce;425.5;0.01362619;BUY
2016-02-25T00:31:52.410000;2016-02-25T00:31:52.487000;9d38677b-cc68-4bf2-a4ab-b82a419131ba;425.5;0.19521724;BUY
2016-02-25T00:31:52.410000;2016-02-25T00:31:52.487000;1e1d404f-7c0c-434f-ae9e-21289d490f4a;425.5;4.60115657;BUY
2016-02-25T00:32:02.817000;2016-02-25T00:32:02.830000;bd687ea4-5a0b-4c97-a90b-24778945bd6a;425.51;0.01;BUY
2016-02-25T00:32:02.817000;2016-02-25T00:32:02.843000;359153f8-fdd6-476b-a1aa-e425948cd5be;425.52;0.01;BUY
2016-02-25T00:32:02.817000;2016-02-25T00:32:02.843000;0c73bc9b-623a-4757-b4e9-c96879004cb6;425.53;0.01;BUY
2016-02-25T00:32:02.817000;2016-02-25T00:32:02.843000;ad1b653b-ca0a-4f20-94bc-a32c20bac7b5;425.54;0.0255388;BUY
2016-02-25T00:32:02.820000;2016-02-25T00:32:02.860000;d01a6bad-732b-4eec-8e07-137e74c992c5;425.55;0.01;BUY
2016-02-25T00:32:02.820000;2016-02-25T00:32:02.860000;9a0b3ac6-7930-409c-abe7-87d85ce8d1d8;425.55;0.1;BUY
2016-02-25T00:32:02.820000;2016-02-25T00:32:02.860000;54c0bccf-b7f0-4503-8652-140c3209e629;425.56;0.01;BUY
2016-02-25T00:32:02.820000;2016-02-25T00:32:02.860000;421b2357-2acc-4279-a349-f24fb10787be;425.57;0.02;BUY
2016-02-25T00:32:02.820000;2016-02-25T00:32:02.860000;00397634-ab09-4d80-aff5-bf59d7ab522d;425.58;0.01;BUY
2016-02-25T00:32:02.820000;2016-02-25T00:32:02.877000;0066df92-37de-4d3d-9f97-e3b85abded66;425.58;0.01;BUY
2016-02-25T00:32:02.820000;2016-02-25T00:32:02.890000;db67d5f1-ad3f-4aa2-ba45-ddafb7c8bc4e;425.58;0.079;BUY
2016-02-25T00:32:02.820000;2016-02-25T00:32:02.890000;197ea608-5315-4d73-99aa-f065107b4da3;425.6;0.01;BUY
2016-02-25T00:32:02.820000;2016-02-25T00:32:02.890000;4ce83498-3c33-4d67-b528-959aff762673;425.6;0.12;BUY
2016-02-25T00:32:02.820000;2016-02-25T00:32:02.890000;cc0a90f9-3d9a-4a88-952b-428b90f1a288;425.62;0.01;BUY
2016-02-25T00:32:02.820000;2016-02-25T00:32:02.890000;1a762bb2-af61-45f9-b5a2-b86a4fd23e18;425.64;0.01;BUY
2016-02-25T00:32:02.820000;2016-02-25T00:32:02.890000;8a2f45a9-098f-4449-a8ed-9437dddd2212;425.64;0.01;BUY
2016-02-25T00:32:02.820000;2016-02-25T00:32:02.907000;1507a8d4-365a-45a4-ae38-54d7ce9adfd6;425.65;0.1;BUY
2016-02-25T00:32:02.820000;2016-02-25T00:32:02.907000;91f35f7c-1f26-4132-94ed-010411b23058;425.65;0.082;BUY
2016-02-25T00:32:02.820000;2016-02-25T00:32:02.907000;b750a9bf-cb83-4a2a-a581-a918c8c51e96;425.66;0.01;BUY
2016-02-25T00:32:02.820000;2016-02-25T00:32:02.907000;215e888e-5fa3-4b26-a5b2-8b63091c0e71;425.67;0.02;BUY
2016-02-25T00:32:02.820000;2016-02-25T00:32:02.923000;94e312bb-ca2c-4769-9b12-3d10b2bb44b2;425.68;0.01;BUY
2016-02-25T00:32:02.820000;2016-02-25T00:32:02.923000;cee6cbc1-5d83-46bb-96d4-8689ac08006a;425.68;0.01;BUY
2016-02-25T00:32:02.820000;2016-02-25T00:32:02.923000;17411391-c48f-4b76-8901-17b559b1f4fe;425.7;0.01354229;BUY
2016-02-25T00:32:02.820000;2016-02-25T00:32:02.923000;af81aaf0-7ec3-4986-bc32-da6015336f32;425.7;0.01;BUY
2016-02-25T00:32:02.820000;2016-02-25T00:32:02.937000;8998c860-a494-4c2d-a2f3-ebf3a0e3ab7c;425.71;0.01;BUY
2016-02-25T00:32:02.820000;2016-02-25T00:32:02.937000;9d7c30d3-c7e5-4aec-81c0-78c260637ec0;425.72;0.01;BUY
2016-02-25T00:32:02.820000;2016-02-25T00:32:02.937000;2c6a059e-cea5-4c81-8328-ecd0b485cadf;425.72;0.01;BUY
2016-02-25T00:32:02.820000;2016-02-25T00:32:02.937000;64c7ddf1-03e1-4956-ba54-2fd1202efeeb;425.74;0.01;BUY
2016-02-25T00:32:02.823000;2016-02-25T00:32:02.937000;2d567bfa-d94b-4f86-ac92-3a3e801538b4;425.76;0.01;BUY
2016-02-25T00:32:02.823000;2016-02-25T00:32:02.937000;0ce0479d-5b67-40b6-a911-64b2766feeb2;425.77;0.01;BUY
2016-02-25T00:32:02.823000;2016-02-25T00:32:02.937000;10203e05-72ed-44f4-a551-c3fd6f4de548;425.78;0.01;BUY
2016-02-25T00:32:02.823000;2016-02-25T00:32:02.953000;f536d484-93c7-4c64-82a0-33637017843d;425.78;0.01;BUY
2016-02-25T00:32:02.823000;2016-02-25T00:32:02.953000;ebb2fba4-04b3-4c1d-b7a7-281b41d5a1ed;425.81;0.01;BUY
2016-02-25T00:32:02.823000;2016-02-25T00:32:02.970000;c65da661-d082-416e-82d1-2d53d5e6e8d8;425.81;0.01;BUY
2016-02-25T00:32:02.823000;2016-02-25T00:32:02.970000;95218f0f-9901-45d5-891c-21efb2ec9f0a;425.81;0.01;BUY
2016-02-25T00:32:02.823000;2016-02-25T00:32:02.970000;abac1fae-9b05-4e48-9449-fe121b2535a6;425.82;0.01;BUY
2016-02-25T00:32:02.823000;2016-02-25T00:32:02.970000;79bfeb9a-2e9d-4294-b8b9-63148ca7028c;425.82;0.122;BUY
2016-02-25T00:32:02.823000;2016-02-25T00:32:02.970000;2fda7f7d-f757-44f0-bc19-4b93fc210db2;425.84;1.08;BUY
2016-02-25T00:32:02.823000;2016-02-25T00:32:02.970000;79a9ecc6-e101-4849-9141-35d3654858dc;425.85;0.01;BUY
2016-02-25T00:32:02.823000;2016-02-25T00:32:02.987000;a576e745-eeba-4c95-b526-66f2c56ca5de;425.89;0.51668891;BUY
2016-02-25T00:32:34.027000;2016-02-25T00:32:34.033000;7ab82679-8a87-43f4-aa3c-2aad2e569583;425.87;0.84369;SELL
2016-02-25T00:33:02.273000;2016-02-25T00:33:02.283000;04e35834-6b08-4616-b344-00d5a4da4a87;425.9;0.01354229;BUY
2016-02-25T00:33:02.273000;2016-02-25T00:33:02.343000;833b655a-18f5-469d-bec2-3787a5bca171;425.9;0.01;BUY
2016-02-25T00:33:02.273000;2016-02-25T00:33:02.343000;2f7ea178-e6cc-451b-b5b8-611e8e853e0b;425.9;0.092;BUY
2016-02-25T00:33:02.273000;2016-02-25T00:33:02.343000;7c079038-82c8-4b8f-a6d6-11ffff7763f9;425.9;0.05;BUY
2016-02-25T00:33:02.273000;2016-02-25T00:33:02.343000;ccd495dc-689e-4173-9167-7caffc852f8d;425.91;0.022071;BUY
2016-02-25T00:33:02.273000;2016-02-25T00:33:02.343000;aa6fca97-2c4d-4275-85f7-071f168f2398;425.92;0.02;BUY
2016-02-25T00:33:02.273000;2016-02-25T00:33:02.343000;99927a52-6f5a-44dd-8425-f1e2520b9f01;425.93;0.01;BUY
2016-02-25T00:33:02.273000;2016-02-25T00:33:02.343000;05699320-7a85-4461-999f-47bf629d95db;425.94;0.019007;BUY
2016-02-25T00:33:02.273000;2016-02-25T00:33:02.343000;0ea6ef1c-a1df-4b74-b858-dc41cd626054;425.95;0.01;BUY
2016-02-25T00:33:02.273000;2016-02-25T00:33:02.343000;348d998d-fbec-4e92-bda7-8499b39d8071;425.95;0.04439971;BUY
2016-02-25T00:33:48.353000;2016-02-25T00:33:48.360000;966ca9ff-e6f6-40ff-908d-fb5fa95f2401;425.96;0.089;BUY
2016-02-25T00:34:04.660000;2016-02-25T00:34:04.657000;444b95a1-579c-471e-bbc7-1686ffc6ea8b;425.97;0.01;BUY
2016-02-25T00:34:04.660000;2016-02-25T00:34:04.673000;f8c22b04-4460-4a1e-b5eb-f3a935a0f5dc;425.97;0.091;BUY
2016-02-25T00:34:04.660000;2016-02-25T00:34:04.673000;7599201c-f750-4fa4-a3dc-c0fb87058d47;425.98;0.02996135;BUY
2016-02-25T00:34:04.660000;2016-02-25T00:34:04.673000;28a518ce-ed5a-40ce-b987-c6d99e8e19b9;425.99;2.92727865;BUY
2016-02-25T00:34:26.743000;2016-02-25T00:34:26.910000;3fb17e92-dff3-41db-889c-1845d1b2960b;425.97;0.555;BUY
2016-02-25T00:34:26.743000;2016-02-25T00:34:26.910000;b471a8f7-d389-40af-bcf6-d635d7d4504a;425.98;0.585;BUY
2016-02-25T00:34:32.797000;2016-02-25T00:34:32.943000;5bb2a776-08c9-4a01-9974-d0642c369593;425.99;0.45736;BUY
2016-02-25T00:35:03.560000;2016-02-25T00:35:03.707000;f11f3a32-6e50-4edb-8741-dc60363c6b24;425.99;3.09379;BUY
2016-02-25T00:35:36.150000;2016-02-25T00:35:36.287000;fc9d9c98-29db-4262-8ce0-5d3cc41e521a;425.99;0.0663;BUY
2016-02-25T00:36:01.837000;2016-02-25T00:36:01.990000;10dcd7ef-b877-4ba7-9ebd-7d963be7acd5;425.99;9.97747;BUY
2016-02-25T00:37:03.103000;2016-02-25T00:37:03.240000;de835d02-f040-46d9-8a58-aaa4df233df2;425.98;0.02;SELL
2016-02-25T00:37:03.103000;2016-02-25T00:37:03.253000;0b2f3c61-28eb-47fd-a55f-222c1caccdec;425.98;0.01231;SELL
2016-02-25T00:37:32.090000;2016-02-25T00:37:32.240000;08c37473-9bdf-401b-a963-dc35604257b4;425.99;1.04358;BUY
2016-02-25T00:37:39.663000;2016-02-25T00:37:39.800000;b47ed519-1eac-42c0-9d81-622d1ae8511b;425.99;0.0809947;BUY
2016-02-25T00:37:39.673000;2016-02-25T00:37:39.817000;664600fc-7865-4844-b3d9-44f82107b09f;425.99;0.65484;BUY
2016-02-25T00:37:39.677000;2016-02-25T00:37:39.817000;dc0eded6-b941-4bf0-bb90-222b98b9e734;425.99;0.02134376;BUY
2016-02-25T00:38:02.703000;2016-02-25T00:38:02.833000;7928338c-186c-4624-acd6-ed2d85e19b26;425.99;0.11367;BUY
2016-02-25T00:38:30.557000;2016-02-25T00:38:30.693000;ea86551d-891d-4a2e-92d7-9c66ba20dda3;425.98;21.28769;SELL
2016-02-25T00:38:30.557000;2016-02-25T00:38:30.707000;79220779-b0ce-4475-943d-9871d48cf212;425.95;0.024;SELL
2016-02-25T00:38:30.557000;2016-02-25T00:38:30.707000;53d773da-1448-4cdd-b552-fa0e74a84ad9;425.95;0.0115;SELL
2016-02-25T00:38:30.557000;2016-02-25T00:38:30.707000;11ebc388-a83f-4ab8-ba68-0d23d23c16d9;425.94;0.024;SELL
2016-02-25T00:38:30.557000;2016-02-25T00:38:30.770000;209e19c4-734b-412e-a0f9-4ef509e897c2;425.93;0.024;SELL
2016-02-25T00:38:30.557000;2016-02-25T00:38:30.770000;a9b29123-f32a-4d12-8ba7-6e8b01b86216;425.92;0.025;SELL
2016-02-25T00:38:30.557000;2016-02-25T00:38:30.770000;a2153fb7-f90b-47c1-8faa-4b7d5d97a87d;425.91;0.01;SELL
2016-02-25T00:38:30.557000;2016-02-25T00:38:30.770000;177b6bf4-4649-40c9-8989-cf2a9f84b38a;425.9;0.01;SELL
2016-02-25T00:38:30.557000;2016-02-25T00:38:30.770000;8cbb5752-a30b-4aae-ac18-7462b72fb74a;425.89;0.027;SELL
2016-02-25T00:38:30.557000;2016-02-25T00:38:30.770000;784ceab0-1423-4018-9f7a-d56a7fe5a03e;425.88;0.027;SELL
2016-02-25T00:38:30.560000;2016-02-25T00:38:30.770000;c70edf7c-3f1b-481c-bd43-be82a7a42a23;425.88;0.3;SELL
2016-02-25T00:38:30.560000;2016-02-25T00:38:30.770000;199b87cf-fa76-4701-bac1-0bc6d1574f34;425.87;0.027;SELL
2016-02-25T00:38:30.560000;2016-02-25T00:38:30.770000;6d1e5bf8-2ef6-43ed-b8b4-20bbfaa31503;425.84;0.01;SELL
2016-02-25T00:38:31.810000;2016-02-25T00:38:31.943000;ec1c71ff-422b-4991-b54e-d70a35023d5c;425.78;0.01;SELL
2016-02-25T00:38:31.810000;2016-02-25T00:38:31.957000;cd855206-cb56-4802-831e-0afcd7fa2abf;425.77;0.02;SELL
2016-02-25T00:38:31.810000;2016-02-25T00:38:31.957000;cba41d0a-a52e-481c-9203-24b0a07d8eac;425.77;0.06265528;SELL
2016-02-25T00:38:33.440000;2016-02-25T00:38:33.567000;49f5894b-45dc-41a0-91c9-07d34b2dfaf4;425.76;0.05146;SELL
2016-02-25T00:39:02.447000;2016-02-25T00:39:02.583000;3266c2d5-2e2d-4159-ad56-ca8ff6364b04;425.76;0.53;BUY
2016-02-25T00:39:02.447000;2016-02-25T00:39:02.583000;242a0e6c-68fd-4ec4-897d-2f55f5a608f1;425.76;0.10159;BUY
2016-02-25T00:39:30.120000;2016-02-25T00:39:30.253000;28aef47d-a44d-4ca2-b373-462662881bc9;425.75;0.01;SELL
2016-02-25T00:39:30.120000;2016-02-25T00:39:30.270000;300f717c-d8c7-4fa3-a981-850a6d1a8dec;425.75;0.0115;SELL
2016-02-25T00:39:32.210000;2016-02-25T00:39:32.347000;97242127-58fa-4a75-b5cd-3cbc3fe2a2b3;425.75;0.5118;BUY
2016-02-25T00:39:32.217000;2016-02-25T00:39:32.347000;e2b65eb7-1d05-4f23-a248-442c3aa485fb;425.75;0.05136;BUY
2016-02-25T00:39:32.240000;2016-02-25T00:39:32.393000;876c84e4-accb-4565-9225-7d4e420425a3;425.75;0.05294148;BUY
2016-02-25T00:41:15.140000;2016-02-25T00:41:15.270000;7ee62d6a-364f-43dc-bade-2dcc136ae760;425.74;0.01;SELL
2016-02-25T00:41:15.140000;2016-02-25T00:41:15.287000;97ee929f-b761-4f8a-8b4e-b18269b0443c;425.74;2.0;SELL
2016-02-25T00:41:15.140000;2016-02-25T00:41:15.287000;b8b0c305-83e9-4cbc-9105-9f2e4eca3e56;425.74;10.0;SELL
2016-02-25T00:41:15.140000;2016-02-25T00:41:15.287000;3f62c787-c268-4931-b421-6be19e7eeee4;425.71;0.027;SELL
2016-02-25T00:41:15.140000;2016-02-25T00:41:15.300000;36b0b983-44c9-4993-a1fd-6694f5740d7a;425.7;0.028;SELL
2016-02-25T00:41:15.140000;2016-02-25T00:41:15.300000;1d062637-a6f9-4d1a-8af5-c88039d20e00;425.69;0.028;SELL
2016-02-25T00:41:15.140000;2016-02-25T00:41:15.300000;ad849d2d-6e2a-462b-8845-dc63971f0d4b;425.68;0.028;SELL
2016-02-25T00:41:15.140000;2016-02-25T00:41:15.300000;11d1c3bc-3a77-48ef-83a7-d1c5640b0fb1;425.67;0.01;SELL
2016-02-25T00:41:15.140000;2016-02-25T00:41:15.300000;9a2ef208-7a95-4052-8d4a-e5c292659009;425.67;0.029;SELL
2016-02-25T00:41:15.140000;2016-02-25T00:41:15.300000;6b57dda9-933d-4b48-bcac-8ce57ebc9693;425.67;0.02;SELL
2016-02-25T00:41:15.140000;2016-02-25T00:41:15.317000;440a44c9-8e69-49b6-b071-3f5a4d9a02b9;425.64;0.01;SELL
2016-02-25T00:41:22.903000;2016-02-25T00:41:23.050000;c4bf137a-08e4-4089-b8cf-22d02f2c0f1f;425.62;0.01;SELL
2016-02-25T00:41:22.903000;2016-02-25T00:41:23.050000;850cf585-5da4-4752-89be-f8841fcc33b0;425.59;0.01;SELL
2016-02-25T00:41:22.903000;2016-02-25T00:41:23.083000;62c72aaf-061a-46a3-b3fe-4edcd65adbd7;425.59;0.01;SELL
2016-02-25T00:41:22.903000;2016-02-25T00:41:23.083000;0c775d53-5f3f-4b02-b611-ac95f44d06d0;425.58;0.01;SELL
2016-02-25T00:41:22.903000;2016-02-25T00:41:23.083000;370a0fb3-7208-4f25-81f9-1bcb65cbe200;425.57;0.02;SELL
2016-02-25T00:41:22.903000;2016-02-25T00:41:23.083000;9ac18c56-a287-40b4-8f8a-78e447e663d9;425.56;0.01;SELL
2016-02-25T00:41:22.907000;2016-02-25T00:41:23.083000;d65cc385-1986-4bc7-a50a-50ee63dd06ad;425.55;0.01;SELL
2016-02-25T00:41:22.907000;2016-02-25T00:41:23.083000;5061d5d3-ffad-4e76-b40b-a6f4413269b1;425.54;0.02;SELL
2016-02-25T00:41:22.907000;2016-02-25T00:41:23.083000;651c3265-71f1-4eec-ba40-60b3a3e81133;425.53;0.01;SELL
2016-02-25T00:41:22.907000;2016-02-25T00:41:23.083000;0698c27b-7d5d-4a01-889f-cf386b5e533f;425.53;0.01;SELL
2016-02-25T00:41:22.907000;2016-02-25T00:41:23.083000;b1719d57-a057-4b55-843b-3ecf15233a5b;425.48;0.05;SELL
2016-02-25T00:41:22.907000;2016-02-25T00:41:23.083000;0a11a512-2214-4cae-9139-17fd06b57288;425.47;0.02;SELL
2016-02-25T00:41:22.907000;2016-02-25T00:41:23.083000;fd1b312d-bbdb-4a30-8ca7-4940979a7bd0;425.46;0.05;SELL
2016-02-25T00:41:22.907000;2016-02-25T00:41:23.083000;c7d5121a-578b-401d-84c7-710de3959428;425.46;0.05;SELL
2016-02-25T00:41:22.907000;2016-02-25T00:41:23.113000;cc45ce23-6148-4415-bc95-be54fd119dca;425.44;0.01;SELL
2016-02-25T00:41:22.907000;2016-02-25T00:41:23.113000;93a78272-c071-4d6a-9116-9d4d3ac3328a;425.44;0.05;SELL
2016-02-25T00:41:22.907000;2016-02-25T00:41:23.113000;15b3d5c2-d547-465b-9596-df13aa84c2d7;425.44;0.05;SELL
2016-02-25T00:41:22.907000;2016-02-25T00:41:23.113000;54c6f371-f684-4ffa-9beb-ff188c66f01f;425.43;0.03;SELL
2016-02-25T00:41:22.907000;2016-02-25T00:41:23.113000;826adbcf-e17a-4cd4-a669-6b77c0e344ed;425.43;0.05;SELL
2016-02-25T00:41:22.907000;2016-02-25T00:41:23.113000;61b339f8-18d1-4338-8d70-d10defa90392;425.42;0.03;SELL
2016-02-25T00:41:22.907000;2016-02-25T00:41:23.113000;5cf4be22-5124-437f-bc1b-05459449d0b8;425.41;0.05;SELL
2016-02-25T00:41:22.907000;2016-02-25T00:41:23.113000;d2a0777f-36a5-4fff-8f85-efc3da9e5129;425.41;0.05;SELL
2016-02-25T00:41:22.907000;2016-02-25T00:41:23.130000;50ef4b0a-69ce-47a3-ab70-257a1009dc41;425.41;0.05;SELL
2016-02-25T00:41:22.907000;2016-02-25T00:41:23.130000;83295fe9-a829-42b6-9343-8b20f74f9678;425.41;0.05;SELL
2016-02-25T00:41:22.907000;2016-02-25T00:41:23.130000;48257edb-87a5-46dd-9ef3-2a041e3bdac5;425.4;0.01363039;SELL
2016-02-25T00:41:22.907000;2016-02-25T00:41:23.130000;f45a5601-c1fc-4f85-8cb2-ff9020eb424c;425.39;0.05;SELL
2016-02-25T00:41:22.907000;2016-02-25T00:41:23.147000;a25de5ad-1b6d-41c3-b368-533c11ad5665;425.39;0.05;SELL
2016-02-25T00:41:22.907000;2016-02-25T00:41:23.147000;6d95c311-4126-4ef0-b7b0-80408af4add3;425.39;0.05;SELL
2016-02-25T00:41:22.907000;2016-02-25T00:41:23.147000;4ee48deb-bfd4-450b-9022-f404c595d666;425.39;0.05;SELL
2016-02-25T00:41:22.910000;2016-02-25T00:41:23.147000;e02d26b7-d251-413b-8cb0-9b344842dd02;425.38;0.05;SELL
2016-02-25T00:41:22.910000;2016-02-25T00:41:23.147000;3a392f77-71fa-4812-aea0-422ce57d2995;425.37;0.02;SELL
2016-02-25T00:41:22.910000;2016-02-25T00:41:23.160000;501d1a2c-25b0-414a-bea8-0b70e01fc8c7;425.36;0.00636961;SELL
2016-02-25T00:41:29.357000;2016-02-25T00:41:29.490000;72220c49-86fc-47f7-9294-6073bf8cf3c3;425.42;0.01;SELL
2016-02-25T00:41:29.357000;2016-02-25T00:41:29.503000;a7caef2f-eab4-42b8-b0f4-258e37a1e2e1;425.36;0.04363039;SELL
2016-02-25T00:41:29.357000;2016-02-25T00:41:29.503000;6b051504-aa4b-437e-b664-bf49d03e356a;425.36;0.05;SELL
2016-02-25T00:41:29.357000;2016-02-25T00:41:29.503000;e64c04df-a588-45f4-b522-7900793bf9a6;425.36;0.05;SELL
2016-02-25T00:41:29.357000;2016-02-25T00:41:29.503000;7c49e9a2-ac87-4f3b-b174-32d5c474f2c0;425.36;0.05;SELL
2016-02-25T00:41:29.357000;2016-02-25T00:41:29.503000;c45889bf-94f9-46b8-8d8d-b12c26b8edf0;425.36;0.05;SELL
2016-02-25T00:41:29.357000;2016-02-25T00:41:29.503000;0579d8c0-a294-4bf6-b6f6-b6465496a5b1;425.35;0.01;SELL
2016-02-25T00:41:29.357000;2016-02-25T00:41:29.520000;aef1cfa8-1a8d-43df-a08e-605c44e604ed;425.34;0.05;SELL
2016-02-25T00:41:29.357000;2016-02-25T00:41:29.520000;de2f48b0-a8dd-473f-a632-68bb8d57d85c;425.34;0.05;SELL
2016-02-25T00:41:29.357000;2016-02-25T00:41:29.520000;41e6cf35-9ead-4cbd-a58d-e341741ca5a0;425.34;0.05;SELL
2016-02-25T00:41:29.357000;2016-02-25T00:41:29.520000;86f84c72-14e8-4198-b3fe-6f325e446328;425.33;0.05;SELL
2016-02-25T00:41:29.357000;2016-02-25T00:41:29.537000;2e4b3ab8-823f-44b0-a907-416395108536;425.33;0.048;SELL
2016-02-25T00:41:29.357000;2016-02-25T00:41:29.537000;5ec193d1-5864-445b-900b-76a825af27f2;425.31;0.05;SELL
2016-02-25T00:41:29.357000;2016-02-25T00:41:29.537000;5e04c1a5-6f10-40e3-ab0b-56324cbc95a7;425.31;0.05;SELL
2016-02-25T00:41:29.360000;2016-02-25T00:41:29.537000;6b23ca1a-bea1-4ae7-84d6-abb49958d2ef;425.31;0.05;SELL
2016-02-25T00:41:29.360000;2016-02-25T00:41:29.537000;729ec044-1871-4558-9e99-7a2c4d180baa;425.3;0.048;SELL
2016-02-25T00:41:29.360000;2016-02-25T00:41:29.550000;7504a507-d4ca-4882-8d22-a8894947fb76;425.29;0.05;SELL
2016-02-25T00:41:29.360000;2016-02-25T00:41:29.550000;cd0f03e9-041d-4bdb-89ec-9c704a66642e;425.29;0.046;SELL
2016-02-25T00:41:29.360000;2016-02-25T00:41:29.550000;70c9ae0b-d762-4676-9f0f-d0353c3c952c;425.28;0.049;SELL
2016-02-25T00:41:29.360000;2016-02-25T00:41:29.550000;a66f19fd-49e6-4514-bdfd-d1bdb8af7c25;425.27;0.02;SELL
2016-02-25T00:41:29.360000;2016-02-25T00:41:29.567000;be0e7c09-89e1-4326-903d-e51a9154d3f6;425.27;0.047;SELL
2016-02-25T00:41:29.360000;2016-02-25T00:41:29.567000;bb1b9c74-ce29-42e9-af55-fcb3dcff4d26;425.27;0.046;SELL
2016-02-25T00:41:29.360000;2016-02-25T00:41:29.567000;b0617a55-9140-403b-85fa-9209b3ab8310;425.26;0.044;SELL
2016-02-25T00:41:29.360000;2016-02-25T00:41:29.583000;e3d52a54-c7c2-41ae-9f22-407080d75a64;425.25;0.049;SELL
2016-02-25T00:41:29.360000;2016-02-25T00:41:29.583000;0ab927d6-7a16-4ac8-8b41-69acc3fbfc90;425.25;0.047;SELL
2016-02-25T00:41:29.360000;2016-02-25T00:41:29.583000;ca7bab7d-9a7b-4d6b-955f-2d32d23027ea;425.24;0.01862262;SELL
2016-02-25T00:41:35.200000;2016-02-25T00:41:35.333000;68f3fd1c-a12d-4c8a-93ef-a2f479fe93a8;425.32;0.026;SELL
2016-02-25T00:44:24.050000;2016-02-25T00:44:24.160000;c3ed5182-6f6c-42f7-97b8-f92622df34be;425.31;0.027;SELL
2016-02-25T00:44:24.050000;2016-02-25T00:44:24.177000;1ec1c809-9aa2-47e0-85bc-72d7b80905fe;425.31;5.0;SELL
2016-02-25T00:44:24.050000;2016-02-25T00:44:24.193000;3abcc95f-7c03-4d8f-b991-6b90e34c6cce;425.31;5.0;SELL
2016-02-25T00:44:24.050000;2016-02-25T00:44:24.193000;7d0b16bd-9a9c-4f98-a36a-f9152b64501a;425.3;0.027;SELL
2016-02-25T00:44:24.050000;2016-02-25T00:44:24.193000;75b46b64-10f5-4eb4-a396-5d9aa2416381;425.29;0.01;SELL
2016-02-25T00:44:24.050000;2016-02-25T00:44:24.270000;b0346a00-3f83-4f62-b89b-03faeade55a9;425.29;0.027;SELL
2016-02-25T00:44:24.053000;2016-02-25T00:44:24.270000;f4779d31-8045-498a-ac25-e5eb168ccaff;425.28;0.01;SELL
2016-02-25T00:44:24.053000;2016-02-25T00:44:24.270000;d4ed2f51-2ef1-4aac-bc51-7d383cd59407;425.27;0.01;SELL
2016-02-25T00:44:24.053000;2016-02-25T00:44:24.270000;13ce6bb6-17cf-4ae2-a372-04cd284d9d1a;425.27;0.01;SELL
2016-02-25T00:44:24.053000;2016-02-25T00:44:24.270000;a9a2405c-a583-4bce-a726-aee105db5d3e;425.24;0.02637738;SELL
2016-02-25T00:44:24.053000;2016-02-25T00:44:24.270000;292bd0f0-2181-4d2d-b59e-ca51bd4a4d50;425.24;0.043;SELL
2016-02-25T00:44:24.053000;2016-02-25T00:44:24.270000;3f2e628c-500f-4a49-ae5e-30d296d3b40d;425.22;0.01;SELL
2016-02-25T00:44:24.053000;2016-02-25T00:44:24.270000;86015001-c246-433c-a92d-9967bc4a7a11;425.22;0.047;SELL
2016-02-25T00:44:24.053000;2016-02-25T00:44:24.270000;77bb7faf-42a7-46ee-a7e7-b6e301bd0d71;425.22;0.01;SELL
2016-02-25T00:44:24.053000;2016-02-25T00:44:24.270000;007b8afa-9a7c-4a2e-af7e-85ea5057c62c;425.21;0.045;SELL
2016-02-25T00:44:24.053000;2016-02-25T00:44:24.270000;b99d2971-96aa-49e3-816b-6f0d63a454cc;425.21;0.043;SELL
2016-02-25T00:44:54.300000;2016-02-25T00:44:54.427000;0e4f00c1-7c35-4b56-9ea3-2648e943bb98;425.2;0.01;SELL
2016-02-25T00:44:54.300000;2016-02-25T00:44:54.427000;5f9f86ed-d143-4776-a8e8-042dc6133d80;425.2;0.01363039;SELL
2016-02-25T00:44:54.300000;2016-02-25T00:44:54.427000;88746e3f-d10e-4dd7-8a7f-a25c3fb27bd5;425.19;0.044;SELL
2016-02-25T00:44:54.300000;2016-02-25T00:44:54.427000;4bfa2979-00b7-455a-8476-11478a1ce808;425.18;0.042;SELL
2016-02-25T00:45:08.647000;2016-02-25T00:45:08.770000;d22e5478-4df0-40e9-9c08-610357c82108;425.17;0.02;SELL
2016-02-25T00:45:08.647000;2016-02-25T00:45:08.770000;9935cdf9-8d02-41a0-a35b-168fcc3e865a;425.15;0.042;SELL
2016-02-25T00:45:08.647000;2016-02-25T00:45:08.770000;dd529590-cce0-4e48-9958-861e6c473957;425.12;0.01;SELL
2016-02-25T00:45:08.647000;2016-02-25T00:45:08.770000;51e1f89d-3e29-4fe9-93e9-05f6171b5de1;425.1;0.02;SELL
2016-02-25T00:45:08.647000;2016-02-25T00:45:08.787000;4e3800c2-9f2d-42a2-aee2-c4081e520093;425.07;0.02;SELL
2016-02-25T00:45:23.303000;2016-02-25T00:45:23.427000;35692b66-8cc2-418f-a7fd-f565c116230a;425.03;0.041;SELL
2016-02-25T00:45:23.303000;2016-02-25T00:45:23.427000;f0eceeea-b5f0-4516-8b2d-88dfee80b1f3;425.0;0.04;SELL
2016-02-25T00:45:23.303000;2016-02-25T00:45:23.427000;b7fcc207-22a3-4a9a-bb92-489d79331c7d;425.0;0.01361184;SELL
2016-02-25T00:45:23.303000;2016-02-25T00:45:23.443000;088c1a2c-ec2c-4233-911b-be064d13b5cc;424.99;0.4;SELL
2016-02-25T00:45:23.303000;2016-02-25T00:45:23.443000;51a5a587-adea-4b1a-9ef4-d968629ce641;424.99;0.01;SELL
2016-02-25T00:45:23.303000;2016-02-25T00:45:23.443000;43c94b89-315a-4156-823c-153dd4aa1a59;424.98;0.04;SELL
2016-02-25T00:45:23.307000;2016-02-25T00:45:23.457000;05702918-35fd-4d32-907e-05209202babe;424.97;0.01;SELL
2016-02-25T00:45:23.307000;2016-02-25T00:45:23.457000;a8fa3bb3-df14-40ac-ad11-84cebaaa9991;424.97;0.02;SELL
2016-02-25T00:45:23.307000;2016-02-25T00:45:23.457000;0f4d62a7-1cea-4f44-b725-b7988b110f5d;424.97;0.04;SELL
2016-02-25T00:45:23.307000;2016-02-25T00:45:23.473000;8a2509bd-755a-44d9-9f5b-d7ad25a5545d;424.95;0.04;SELL
2016-02-25T00:45:23.307000;2016-02-25T00:45:23.473000;fa46a6de-7f1a-49ed-b07c-31f2a84b0557;424.94;0.01;SELL
2016-02-25T00:45:23.307000;2016-02-25T00:45:23.490000;2d5a363f-1eb5-4b0c-b403-17df53d98c7c;424.94;0.038;SELL
2016-02-25T00:45:23.307000;2016-02-25T00:45:23.490000;0ee8a9ed-186b-43de-8d56-213b89c7b34b;424.92;0.04;SELL
2016-02-25T00:45:23.307000;2016-02-25T00:45:23.490000;ff9c5989-73b6-4128-979f-7854ad1d2aca;424.91;0.038;SELL
2016-02-25T00:45:23.307000;2016-02-25T00:45:23.490000;885011df-2333-4ab7-b1bf-6bcfc95d028f;424.89;0.039;SELL
2016-02-25T00:45:32.527000;2016-02-25T00:45:32.647000;7297d4f4-303a-4393-ad56-28e6f40cd2a6;424.88;0.038;SELL
2016-02-25T00:45:32.527000;2016-02-25T00:45:32.660000;926a6757-118e-488c-80af-c4bf5b85d343;424.88;0.2305367;SELL
2016-02-25T00:45:32.527000;2016-02-25T00:45:32.660000;c117bb6b-b34e-4dd9-aed0-1913ec8ee0ce;424.88;1.4014633;SELL
2016-02-25T00:46:32.440000;2016-02-25T00:46:32.567000;d8a6fb77-1d8e-4dca-9739-116f8f0659cb;424.87;0.02;SELL
2016-02-25T00:46:32.440000;2016-02-25T00:46:32.567000;e55fc2c0-5fd4-4678-b5bc-c56870746b8e;424.87;0.039;SELL
2016-02-25T00:46:32.440000;2016-02-25T00:46:32.583000;9539bcf3-de6b-4c2a-ae23-4e4e854db456;424.87;0.5;SELL
2016-02-25T00:46:32.440000;2016-02-25T00:46:32.583000;7a1c435f-9f06-4067-af33-6f8bafdcd33a;424.86;0.037;SELL
2016-02-25T00:46:32.440000;2016-02-25T00:46:32.583000;9c9a1455-82f7-46a6-baba-b9d7ebaa76fc;424.86;0.5;SELL
2016-02-25T00:46:32.440000;2016-02-25T00:46:32.583000;ff463afd-c698-4fd7-aeb1-cde968634f12;424.85;0.037;SELL
2016-02-25T00:46:32.440000;2016-02-25T00:46:32.613000;26a3e573-d39f-451d-9d18-b595e7bbc5a7;424.83;0.036;SELL
2016-02-25T00:46:32.440000;2016-02-25T00:46:32.613000;e6604e95-8c2b-45ca-8586-549bc4299156;424.82;0.037;SELL
2016-02-25T00:46:32.440000;2016-02-25T00:46:32.613000;b704bc4f-1013-45bb-848d-3c112998b52f;424.82;0.298;SELL
2016-02-25T00:46:32.440000;2016-02-25T00:46:32.613000;bde3935b-5d3b-4202-a7d8-05e9b9e16f69;424.81;0.035;SELL
2016-02-25T00:46:32.443000;2016-02-25T00:46:32.613000;3912b98b-45b0-4d83-9d1d-268aef10c827;424.8;0.036;SELL
2016-02-25T00:46:32.443000;2016-02-25T00:46:32.630000;d294f951-1139-4eb9-a0a8-75dc42069bb3;424.8;0.01362165;SELL
2016-02-25T00:46:32.443000;2016-02-25T00:46:32.630000;2a54e4c0-c8dc-4fcf-a6f4-220ddf6e0373;424.78;0.034;SELL
2016-02-25T00:46:32.443000;2016-02-25T00:46:32.630000;a8debe75-a6ab-4f62-a45c-0539735130f5;424.77;0.02;SELL
2016-02-25T00:46:32.443000;2016-02-25T00:46:32.630000;9bf4bc57-3c4f-44f5-bead-44184906f40a;424.77;0.036;SELL
2016-02-25T00:46:32.443000;2016-02-25T00:46:32.630000;ee9ef3e1-7f6e-4ea8-98ba-94757c1ab0ce;424.77;0.033;SELL
2016-02-25T00:46:32.443000;2016-02-25T00:46:32.630000;0a2d3810-489f-469b-9e76-b2d160e1ca67;424.76;0.034;SELL
2016-02-25T00:46:32.443000;2016-02-25T00:46:32.647000;33c2cdff-6842-41ec-b5fd-843c4e40848f;424.75;0.01;SELL
2016-02-25T00:46:32.443000;2016-02-25T00:46:32.647000;a75dd949-7da3-4bd1-91f7-a34b96279aac;424.75;0.03;SELL
2016-02-25T00:46:32.443000;2016-02-25T00:46:32.647000;e94157f3-cd24-4ca4-9dde-1e8ddbd2b60c;424.75;0.241;SELL
2016-02-25T00:46:32.443000;2016-02-25T00:46:32.660000;28201866-048e-4ec0-9d47-cfd2adecd922;424.74;0.035;SELL
2016-02-25T00:46:32.443000;2016-02-25T00:46:32.660000;d496f6a0-2c17-49f9-8c7e-5131560477ce;424.74;0.033;SELL
2016-02-25T00:46:32.443000;2016-02-25T00:46:32.660000;8823dead-7571-4ab7-8630-b331d0b29974;424.73;0.034;SELL
2016-02-25T00:46:32.443000;2016-02-25T00:46:32.660000;95d0646a-0fd0-43c8-b8f3-19da1b1f35ca;424.72;0.031;SELL
2016-02-25T00:46:32.443000;2016-02-25T00:46:32.660000;6ea2ab36-7032-4f2d-b173-fd57cdf65830;424.72;0.03;SELL
2016-02-25T00:46:32.443000;2016-02-25T00:46:32.660000;f1250336-eeaa-4f28-9ef5-93f67eef817f;424.71;0.032;SELL
2016-02-25T00:46:32.443000;2016-02-25T00:46:32.677000;0df18fa8-0848-4875-9422-edd022f1d5eb;424.7;0.033;SELL
2016-02-25T00:46:32.443000;2016-02-25T00:46:32.677000;6fc1cc0e-a905-41d6-b497-1d615df0d18b;424.7;0.028;SELL
2016-02-25T00:46:32.443000;2016-02-25T00:46:32.677000;240e98a3-af0f-4898-87d5-aa9b84ba9e85;424.69;0.031;SELL
2016-02-25T00:46:32.443000;2016-02-25T00:46:32.677000;ec125de9-3996-4803-9156-9fbb7d288337;424.69;0.029;SELL
2016-02-25T00:46:32.443000;2016-02-25T00:46:32.677000;a8b7c059-5b21-43c1-bf81-c8d7e6544f75;424.68;0.032;SELL
2016-02-25T00:46:32.443000;2016-02-25T00:46:32.693000;f1435bb8-0fa2-4076-bbc5-3f8aa1e88f12;424.67;0.02;SELL
2016-02-25T00:46:32.447000;2016-02-25T00:46:32.693000;dbb4eaa3-5a7e-4b74-8472-7a772da9d788;424.67;0.028;SELL
2016-02-25T00:46:32.447000;2016-02-25T00:46:32.693000;90f0f08c-4efa-43a0-9bd5-627f420c030d;424.67;0.254;SELL
2016-02-25T00:46:32.447000;2016-02-25T00:46:32.693000;97f5c7cf-a3e8-4c81-8c9f-d9eadbd537e4;424.66;0.031;SELL
2016-02-25T00:46:32.447000;2016-02-25T00:46:32.707000;e5ea8a6c-a941-45a9-b040-8d591cd63551;424.66;0.029;SELL
2016-02-25T00:46:32.447000;2016-02-25T00:46:32.707000;33886864-68be-4bde-8f9c-b037945ec523;424.66;0.02;SELL
2016-02-25T00:46:32.447000;2016-02-25T00:46:32.723000;8542f924-ee82-4441-8039-e179c5a9e0eb;424.65;0.032;SELL
2016-02-25T00:46:32.447000;2016-02-25T00:46:32.723000;0d7b451a-5241-4cf9-bad9-331d4145d23f;424.64;0.028;SELL
2016-02-25T00:46:32.447000;2016-02-25T00:46:32.723000;25f48b75-50c6-453e-ac39-649471a62439;424.63;0.031;SELL
2016-02-25T00:46:32.447000;2016-02-25T00:46:32.723000;dfad7abc-5465-46e8-a25d-22425649b460;424.63;0.029;SELL
2016-02-25T00:46:32.447000;2016-02-25T00:46:32.723000;0199eea1-37b9-48b7-acdc-b8a271a2fb2b;424.62;0.257;SELL
2016-02-25T00:46:32.447000;2016-02-25T00:46:32.723000;221c6865-e0b8-40ff-b2a1-ada7a5f7faff;424.61;0.028;SELL
2016-02-25T00:46:32.447000;2016-02-25T00:46:32.723000;bb340e20-4479-4110-9450-ea8b7ea8082a;424.6;0.03;SELL
2016-02-25T00:46:32.447000;2016-02-25T00:46:32.740000;99e9d8e1-1ae7-4037-934a-3181f4a93191;424.6;0.01362165;SELL
2016-02-25T00:46:32.447000;2016-02-25T00:46:32.740000;b5d1ccec-43a9-41fc-a95f-30d46d35dca6;424.58;0.027;SELL
2016-02-25T00:46:32.447000;2016-02-25T00:46:32.740000;db829844-dc39-4fc2-8b2c-f7bc1598607a;424.57;0.02;SELL
2016-02-25T00:46:32.447000;2016-02-25T00:46:32.753000;3718eb1c-e786-4bd0-a652-8310858907e4;424.51;1.66;SELL
2016-02-25T00:46:32.447000;2016-02-25T00:46:32.753000;a56b2a74-9e65-4e12-ab43-01659d442fff;424.48;1.673;SELL
2016-02-25T00:46:32.447000;2016-02-25T00:46:32.753000;997fbed1-f848-401b-8177-9205d44e01a4;424.47;0.015;SELL
2016-02-25T00:46:32.447000;2016-02-25T00:46:32.753000;bc0be7a0-7fbd-44d1-b686-ba569dc7780b;424.47;0.01;SELL
2016-02-25T00:46:32.447000;2016-02-25T00:46:32.753000;0b2e3b5a-0134-42b8-9a31-c900d2fc9ad2;424.47;0.02;SELL
2016-02-25T00:46:32.447000;2016-02-25T00:46:32.753000;3892773a-e843-4813-b0cb-1137789c3f57;424.44;0.56;SELL
2016-02-25T00:46:32.447000;2016-02-25T00:46:32.770000;dee1992e-5c67-4d07-866a-06237ca8c597;424.43;1.66;SELL
2016-02-25T00:46:32.450000;2016-02-25T00:46:32.770000;8ae05f0d-8155-4575-870f-36ce95937520;424.38;1.669;SELL
2016-02-25T00:46:32.450000;2016-02-25T00:46:32.770000;bcc44fe3-0232-4aaa-bff5-31454c1e8d26;424.38;0.01;SELL
2016-02-25T00:46:32.450000;2016-02-25T00:46:32.770000;2f7ffc2d-3a89-431d-b796-983ddc6af4ac;424.37;0.02;SELL
2016-02-25T00:46:32.450000;2016-02-25T00:46:32.770000;bd837e15-9c35-4b50-8943-4caadd50536b;424.33;1.628;SELL
2016-02-25T00:46:32.450000;2016-02-25T00:46:32.770000;c8d87a00-1b8a-4495-8323-7fef28f9813c;424.28;1.63;SELL
2016-02-25T00:46:32.450000;2016-02-25T00:46:32.787000;00d102c0-91bb-47e2-a25c-8e7095df736d;424.27;0.01;SELL
2016-02-25T00:46:32.450000;2016-02-25T00:46:32.787000;4753ae2a-84af-4522-a508-1d2846b83841;424.27;0.02;SELL
2016-02-25T00:46:32.450000;2016-02-25T00:46:32.787000;b1043ce6-233f-4d9f-b65d-381e194081e8;424.25;0.015;SELL
2016-02-25T00:46:32.450000;2016-02-25T00:46:32.787000;43f4598e-c4a9-4ca7-917d-7bad4fd6f9ee;424.23;1.64;SELL
2016-02-25T00:46:32.450000;2016-02-25T00:46:32.787000;b03e16d3-bfb6-4c6e-ada9-243f28a73f49;424.17;0.02;SELL
2016-02-25T00:46:32.450000;2016-02-25T00:46:32.800000;1e8aff74-ac61-468b-8b82-e328f36c2504;424.12;0.015;SELL
2016-02-25T00:46:32.450000;2016-02-25T00:46:32.800000;f0c87376-dc8d-4320-99da-e3a53287a0a8;424.11;0.01;SELL
2016-02-25T00:46:32.450000;2016-02-25T00:46:32.800000;c29757da-367f-4a28-b425-90447872a516;424.07;0.02;SELL
2016-02-25T00:46:32.450000;2016-02-25T00:46:32.817000;1f784da1-6ab9-431e-bc20-a3abaefad45d;424.07;0.04;SELL
2016-02-25T00:46:32.450000;2016-02-25T00:46:32.817000;99543cb1-45e4-48c1-b374-0198ca78c903;424.02;0.54;SELL
2016-02-25T00:46:32.450000;2016-02-25T00:46:32.817000;8625b69b-0d59-44c1-8e1b-13c89d7cf5dd;424.01;0.015;SELL
2016-02-25T00:46:32.450000;2016-02-25T00:46:32.833000;15f6f7d4-f9bd-4434-bcb9-d56078c0d0fb;424.01;0.72;SELL
2016-02-25T00:46:32.450000;2016-02-25T00:46:32.833000;a8a56477-3c0c-4e7c-b253-e62181586c49;424.0;0.0115;SELL
2016-02-25T00:46:32.450000;2016-02-25T00:46:32.833000;e574365a-d00c-48d0-a2dc-48efec99f1a4;424.0;0.023;SELL
2016-02-25T00:46:32.450000;2016-02-25T00:46:32.833000;85dd5b69-4e8e-4953-8347-0a1756fe3ede;424.0;2.08;SELL
2016-02-25T00:46:32.450000;2016-02-25T00:46:32.847000;9a092914-bc37-49b2-8fe8-2c42ec4c0696;423.99;0.0988967;SELL
2016-02-25T00:46:50.553000;2016-02-25T00:46:50.660000;0382efbe-ff22-4740-81be-35891533c520;424.46;1.0;BUY
2016-02-25T00:46:50.553000;2016-02-25T00:46:50.677000;0054d92d-bbcf-444b-b7a1-c9c6cf002321;424.58;0.385;BUY
2016-02-25T00:46:50.553000;2016-02-25T00:46:50.677000;52c705d9-1ff9-4904-8104-3bf50fc8dbcd;424.62;0.18;BUY
2016-02-25T00:46:50.557000;2016-02-25T00:46:50.677000;0c351fb0-245d-433c-b77f-d2a4a88c316e;424.63;0.47;BUY
2016-02-25T00:46:50.557000;2016-02-25T00:46:50.693000;8c8e1759-a2c3-4408-b7e6-74f1d20462d6;424.67;0.72;BUY
2016-02-25T00:46:50.557000;2016-02-25T00:46:50.693000;53e68d65-345b-408e-958d-bace3073b73c;424.68;0.01;BUY
2016-02-25T00:46:50.557000;2016-02-25T00:46:50.693000;8e5d9851-1029-46f1-82e5-1191a983e94c;424.68;0.9;BUY
2016-02-25T00:46:57.410000;2016-02-25T00:46:57.520000;261a58ee-fb5d-4d85-b1df-aa5471788ce4;424.64;0.01;SELL
2016-02-25T00:47:07.457000;2016-02-25T00:47:07.567000;dfb931a0-5900-490a-a9a6-52d1816e27d9;424.66;0.39879;BUY
2016-02-25T00:47:13.090000;2016-02-25T00:47:13.207000;860134a0-c8f9-4a57-adf9-005fed302c07;424.66;0.10121;BUY
2016-02-25T00:47:13.090000;2016-02-25T00:47:13.207000;496a5ab4-c9b3-43d4-b45a-cc8386e4fc3c;424.66;0.113;BUY
2016-02-25T00:47:13.090000;2016-02-25T00:47:13.207000;f8724e02-cb13-4e3b-907b-bedb2d90d67e;424.68;0.01;BUY
2016-02-25T00:47:13.090000;2016-02-25T00:47:13.223000;d990c07a-da5a-4171-b482-31b15735b44a;424.68;0.096;BUY
2016-02-25T00:47:13.090000;2016-02-25T00:47:13.223000;fc33857c-5f48-49dd-b221-b776760e3b86;424.69;0.01;BUY
2016-02-25T00:47:13.090000;2016-02-25T00:47:13.223000;9040891a-bc5e-4989-85d4-22afa931fc31;424.7;0.01;BUY
2016-02-25T00:47:13.090000;2016-02-25T00:47:13.223000;dbcf1ead-0b48-4a1a-b101-ff5f025939b5;424.71;0.01;BUY
2016-02-25T00:47:13.090000;2016-02-25T00:47:13.223000;781c92e3-ed81-4093-8f68-5d792c69e4fa;424.71;0.01;BUY
2016-02-25T00:47:13.090000;2016-02-25T00:47:13.240000;d20ceed3-d30b-4898-a3cc-f369937aaea4;424.71;0.096;BUY
2016-02-25T00:47:13.090000;2016-02-25T00:47:13.240000;3b7fe8a3-927c-4ea5-bc03-40cd23de8e45;424.72;0.01;BUY
2016-02-25T00:47:13.090000;2016-02-25T00:47:13.240000;91a3cda6-0207-4df4-aea6-2c97c75cbdc0;424.72;0.12;BUY
2016-02-25T00:47:13.090000;2016-02-25T00:47:13.240000;53926c34-84a9-4370-b0fa-e921fb54563b;424.73;0.01;BUY
2016-02-25T00:47:13.090000;2016-02-25T00:47:13.253000;6157e4ac-927a-4e21-9e42-6f2b552125c2;424.73;0.01;BUY
2016-02-25T00:47:13.090000;2016-02-25T00:47:13.253000;e71abca7-3993-4c48-b5f9-ead5038a7c67;424.74;0.01;BUY
2016-02-25T00:47:13.090000;2016-02-25T00:47:13.253000;11c22f1c-0d60-43fe-9c1d-8b9d730966fc;424.75;0.01;BUY
2016-02-25T00:47:13.090000;2016-02-25T00:47:13.253000;70ae7a3d-5a31-46ab-8e5c-3328d23622d6;424.75;0.01;BUY
2016-02-25T00:47:13.090000;2016-02-25T00:47:13.270000;45c0d609-8c92-441a-9af2-84c5e13cc89d;424.76;0.01;BUY
2016-02-25T00:47:13.090000;2016-02-25T00:47:13.300000;0662354a-d04b-45bd-b19a-d3a482f01569;424.76;0.122;BUY
2016-02-25T00:47:13.090000;2016-02-25T00:47:13.300000;0b59cc47-f932-4bf4-a0b0-aade0317b6af;424.77;0.01;BUY
2016-02-25T00:47:13.090000;2016-02-25T00:47:13.300000;c7441e0c-8d6a-442f-a67a-55254f7cabe0;424.78;0.01;BUY
2016-02-25T00:47:13.090000;2016-02-25T00:47:13.300000;9f6d356e-f191-4f40-8224-21e5a794c2c3;424.78;0.01;BUY
2016-02-25T00:47:13.093000;2016-02-25T00:47:13.300000;111dfa1e-bde4-42dc-b8d2-2dddabf4b90d;424.79;0.01;BUY
2016-02-25T00:47:13.093000;2016-02-25T00:47:13.300000;f6c2588d-5e92-453e-932d-a72af88463e4;424.8;0.01;BUY
2016-02-25T00:47:13.093000;2016-02-25T00:47:13.300000;fc1cb5ff-44ee-4e02-8156-0deb89730fd4;424.8;0.18;BUY
2016-02-25T00:47:13.093000;2016-02-25T00:47:13.300000;6bbf82ab-9b5c-48f9-a163-0a8f4655f891;424.81;0.01;BUY
2016-02-25T00:47:13.093000;2016-02-25T00:47:13.300000;165160da-b472-41cb-93b3-4d80fc82f136;424.81;0.01;BUY
2016-02-25T00:47:13.093000;2016-02-25T00:47:13.300000;1a2c35ef-f7b8-4f99-aad0-7eca84f2e8d7;424.81;0.115;BUY
2016-02-25T00:47:13.093000;2016-02-25T00:47:13.300000;b6ca9f01-7f08-43f8-bedf-528a3ce47672;424.81;0.36;BUY
2016-02-25T00:47:13.093000;2016-02-25T00:47:13.300000;e6d8cce8-e826-4317-acf5-8b65d1df7b0a;424.82;0.01;BUY
2016-02-25T00:47:13.093000;2016-02-25T00:47:13.317000;f7e1d236-8de9-4b04-a2f8-4bfeb3f2df58;424.82;0.54;BUY
2016-02-25T00:47:13.093000;2016-02-25T00:47:13.317000;9255462a-e6f5-4450-8442-c94c3be10c0c;424.83;0.01;BUY
2016-02-25T00:47:13.093000;2016-02-25T00:47:13.317000;763307ed-f647-4ffa-aece-d95156167eba;424.83;0.9;BUY
2016-02-25T00:47:13.093000;2016-02-25T00:47:13.317000;3d2cdfec-db93-4c3e-9b5d-dc74c62b41e8;424.84;0.01;BUY
2016-02-25T00:47:13.093000;2016-02-25T00:47:13.317000;e6096843-d0f2-4d3d-b698-4a03b04da316;424.84;1.08;BUY
2016-02-25T00:47:13.093000;2016-02-25T00:47:13.333000;daa0f21b-9773-42b8-9d7f-05d9a2da1070;424.85;0.01;BUY
2016-02-25T00:47:13.093000;2016-02-25T00:47:13.333000;faca8233-9a7b-4d46-9a2d-ab3fe3ad26e9;424.85;1.44;BUY
2016-02-25T00:47:13.093000;2016-02-25T00:47:13.333000;6e52ecba-1849-47fd-9090-9bf31342cd4e;424.86;0.01;BUY
2016-02-25T00:47:13.093000;2016-02-25T00:47:13.333000;46b9876c-07f7-458f-ac7a-079e52fcef19;424.86;0.01;BUY
2016-02-25T00:47:13.093000;2016-02-25T00:47:13.333000;78923eee-9210-4182-857e-84868d95fbf0;424.86;0.12;BUY
2016-02-25T00:47:13.093000;2016-02-25T00:47:13.347000;1e8784c2-4187-40f5-96ad-fd89654c90a3;424.86;1.62;BUY
2016-02-25T00:47:13.093000;2016-02-25T00:47:13.347000;5f8bd2ad-77d0-46b4-91ee-c568713cf6c4;424.87;0.01;BUY
2016-02-25T00:47:13.093000;2016-02-25T00:47:13.347000;c0126b1a-4d97-4ea2-b4ec-2f2a6bfda6c5;424.87;0.01;BUY
2016-02-25T00:47:13.093000;2016-02-25T00:47:13.347000;8832262f-c863-4893-a527-5fc3b5a36720;424.89;2.7;BUY
2016-02-25T00:47:13.093000;2016-02-25T00:47:13.347000;b0eed1ad-29c4-4e6c-bae8-9d49d044092f;424.9;0.468;BUY
2016-02-25T00:47:13.093000;2016-02-25T00:47:13.363000;8df92d6f-0726-4484-ace4-181348b0acd7;424.9;0.01;BUY
2016-02-25T00:47:13.097000;2016-02-25T00:47:13.363000;32f20e43-fc78-4dc7-996a-6a2920ad872e;424.92;3.24;BUY
2016-02-25T00:47:13.097000;2016-02-25T00:47:13.363000;ce2963ea-95ba-44db-a2ac-3aa13b985084;424.93;0.01;BUY
2016-02-25T00:47:13.097000;2016-02-25T00:47:13.397000;b50e12f4-d402-454c-8ada-3a7b267167b9;424.94;3.78;BUY
2016-02-25T00:47:13.097000;2016-02-25T00:47:13.397000;a7914325-2ee8-488f-8a73-dba79536035e;424.95;0.465;BUY
2016-02-25T00:47:13.360000;2016-02-25T00:47:13.490000;a5d812fb-3e64-41c7-a1c3-99ba20bbfc69;424.96;0.01;SELL
2016-02-25T00:47:32.347000;2016-02-25T00:47:32.473000;2e17c834-1846-4ab9-93e4-52ed8d8f8a49;424.82;0.01;SELL
2016-02-25T00:47:32.347000;2016-02-25T00:47:32.473000;7343e544-6382-47c0-b9d4-ef3f7105a0ef;424.82;0.08591;SELL
2016-02-25T00:48:02.643000;2016-02-25T00:48:02.753000;e0eab92e-f836-48d1-b965-cd518cb69cd3;424.84;0.075;BUY
2016-02-25T00:48:02.643000;2016-02-25T00:48:02.770000;0c75c492-e8d8-4277-b3c9-78bf41bc84ba;424.84;0.121;BUY
2016-02-25T00:48:02.643000;2016-02-25T00:48:02.770000;681cd0da-da14-467c-b6f9-1f06f681eb1e;424.84;0.038;BUY
2016-02-25T00:48:02.643000;2016-02-25T00:48:02.770000;2ab6a547-a8db-4fce-ac7a-bdae073d5141;424.85;0.01;BUY
2016-02-25T00:48:02.643000;2016-02-25T00:48:02.770000;9680469f-248c-4af2-8262-aea00d5cbc7d;424.85;0.075;BUY
2016-02-25T00:48:02.643000;2016-02-25T00:48:02.833000;00bb4437-875b-400a-bc6d-d4ef225cc9b5;424.86;0.01;BUY
2016-02-25T00:48:02.643000;2016-02-25T00:48:02.850000;492a9640-e318-4d9b-9d17-132eedc657c5;424.87;0.01;BUY
2016-02-25T00:48:02.643000;2016-02-25T00:48:02.850000;ae5bbb8d-9c93-40d3-ae93-f00909fda5d3;424.87;0.075;BUY
2016-02-25T00:48:02.643000;2016-02-25T00:48:02.850000;ad6ddbfd-7163-4d91-876d-ca11d39e0b53;424.88;0.01;BUY
2016-02-25T00:48:02.647000;2016-02-25T00:48:02.850000;5fe06b3f-c6d5-4e14-a103-dede32a696f6;424.88;0.19644;BUY
2016-02-25T00:48:31.980000;2016-02-25T00:48:32.100000;eab5e623-e736-4aa4-84ec-5471e68b43ee;424.83;0.01079;SELL
2016-02-25T00:48:37.927000;2016-02-25T00:48:38.037000;73fa92d0-8f8d-4b87-97ef-cff909bc0ba0;424.84;0.013;BUY
2016-02-25T00:48:37.937000;2016-02-25T00:48:38.050000;2ecda459-40e7-4693-ad2c-e728a7a3d84e;424.84;0.047;BUY
2016-02-25T00:49:14.457000;2016-02-25T00:49:14.567000;116b6d54-c502-4adc-8b32-1a794ee3efa8;424.87;0.01;BUY
2016-02-25T00:49:14.457000;2016-02-25T00:49:14.583000;39ed1836-cbbf-49ac-85c9-330f26f8a0c0;424.87;0.074;BUY
2016-02-25T00:49:14.457000;2016-02-25T00:49:14.583000;66342693-1803-4fce-84cd-1c9f369451a1;424.89;0.01;BUY
2016-02-25T00:49:14.457000;2016-02-25T00:49:14.583000;9baf3bc6-f40e-4625-83db-b55f397ed3c5;424.9;0.01;BUY
2016-02-25T00:49:14.457000;2016-02-25T00:49:14.583000;ce91300f-4a71-4ae9-af3c-02d2c7125656;424.91;0.01;BUY
2016-02-25T00:49:14.457000;2016-02-25T00:49:14.583000;661b3ff3-295d-4ccc-9e1e-4c72e8926c6d;424.92;0.01;BUY
2016-02-25T00:49:14.457000;2016-02-25T00:49:14.583000;ca08dffb-c5f1-41b2-82bf-a0c2f386d21b;424.92;0.056;BUY
2016-02-25T00:49:33.783000;2016-02-25T00:49:33.897000;bc6f25c8-ca1e-4908-9605-3f628e54cb28;424.86;0.018;SELL
2016-02-25T00:49:33.783000;2016-02-25T00:49:33.910000;e337bfb7-6bcd-4d1e-98b1-eef6bfd0ae7a;424.86;0.18;SELL
2016-02-25T00:49:33.783000;2016-02-25T00:49:33.910000;d5a44102-848a-4479-b36b-b0e675c24f07;424.85;0.018;SELL
2016-02-25T00:49:33.783000;2016-02-25T00:49:33.910000;701a0184-e23d-4bdd-aabc-ae58bf1d6e84;424.84;0.018;SELL
2016-02-25T00:49:33.783000;2016-02-25T00:49:33.910000;3efbfd23-e9f5-44f0-94af-25f44e804e48;424.84;0.01;SELL
2016-02-25T00:49:33.783000;2016-02-25T00:49:33.927000;610a5803-2eb7-45af-9899-2183e5698b03;424.83;0.00821;SELL
2016-02-25T00:49:33.783000;2016-02-25T00:49:33.927000;65d040e6-5da8-4d8f-945c-3e1a2e6d694a;424.79;0.01;SELL
2016-02-25T00:49:33.783000;2016-02-25T00:49:33.927000;778a404a-8ed7-4344-85c6-e097b90d9b83;424.79;0.01;SELL
2016-02-25T00:49:33.783000;2016-02-25T00:49:33.943000;e7b31a40-886b-46d0-a38e-9aebb6aef6c4;424.79;0.01;SELL
2016-02-25T00:49:33.783000;2016-02-25T00:49:33.957000;c345428d-84ae-4f33-bfa7-138354096c82;424.79;0.01;SELL
2016-02-25T00:49:33.783000;2016-02-25T00:49:33.957000;ffe4c51a-fe11-496f-9e6f-8d0837253c7c;424.78;0.01;SELL
2016-02-25T00:49:33.783000;2016-02-25T00:49:33.957000;d6da7af3-6a2e-47b5-b794-de8a538b6ada;424.78;0.01;SELL
2016-02-25T00:49:33.787000;2016-02-25T00:49:33.957000;de109c10-f8c3-41bf-a3f8-d179e7222ee8;424.77;0.01;SELL
2016-02-25T00:49:33.787000;2016-02-25T00:49:33.957000;ab262d56-99a5-4e8b-ae78-1c23fd5b62b3;424.76;0.01;SELL
2016-02-25T00:49:33.787000;2016-02-25T00:49:33.957000;76f7fc6e-27bb-4392-a083-953a73238b54;424.75;0.01;SELL
2016-02-25T00:49:33.787000;2016-02-25T00:49:33.990000;344915e1-2f6c-490d-803b-6743c6343679;424.72;0.01;SELL
2016-02-25T00:49:33.787000;2016-02-25T00:49:33.990000;3ec71af9-d375-462b-a2e9-7c446c6b843b;424.72;0.36;SELL
2016-02-25T00:49:33.787000;2016-02-25T00:49:33.990000;82c12bcb-81ce-47d9-a397-9dba9e0df2bf;424.71;0.01;SELL
2016-02-25T00:49:33.787000;2016-02-25T00:49:33.990000;513dd916-d469-4492-a9ad-45d1ebcdcb79;424.7;1.8;SELL
2016-02-25T00:49:33.787000;2016-02-25T00:49:33.990000;67047a2d-2f5b-4077-b044-d563245101dd;424.69;0.01;SELL
2016-02-25T00:49:33.787000;2016-02-25T00:49:33.990000;a8a01cce-b86e-4c17-a9e4-642b4e09a8d5;424.69;2.62998;SELL
2016-02-25T00:50:18.863000;2016-02-25T00:50:18.943000;c1aa40eb-babb-4404-abbb-a5a98524ead1;424.88;0.017;SELL
2016-02-25T00:50:18.863000;2016-02-25T00:50:18.943000;811e5c07-3b78-447c-98ba-719eb4bd16c5;424.87;0.017;SELL
2016-02-25T00:50:18.863000;2016-02-25T00:50:18.960000;e99d091c-19ed-4e96-bd3c-18effb70d141;424.76;0.16;SELL
2016-02-25T00:50:18.863000;2016-02-25T00:50:18.960000;a5cba19c-664e-4dfa-9c89-2a0f14f89dcf;424.74;0.01;SELL
2016-02-25T00:50:18.863000;2016-02-25T00:50:18.960000;fd528ff4-4e48-4f32-a647-55c1c74b69aa;424.68;0.01;SELL
2016-02-25T00:50:18.867000;2016-02-25T00:50:18.960000;0632bc27-5d12-4cad-878d-aa49c645859e;424.66;0.01;SELL
2016-02-25T00:50:18.867000;2016-02-25T00:50:18.960000;ea69c8e6-3dc5-4bd3-912d-bfa1daa756df;424.66;0.01;SELL
2016-02-25T00:50:18.867000;2016-02-25T00:50:18.960000;259806ff-cadf-4c8f-a4dd-912f1ec8273b;424.64;0.18;SELL
2016-02-25T00:50:18.867000;2016-02-25T00:50:18.977000;3ca6182d-1d8a-41b5-b6d1-dda49bc3b9cc;424.63;0.01;SELL
2016-02-25T00:50:18.867000;2016-02-25T00:50:18.977000;d8cc083a-1f42-4735-bbd9-fb44c8438078;424.63;0.01;SELL
2016-02-25T00:50:18.867000;2016-02-25T00:50:18.977000;c17785f9-4a27-4010-8e8a-6962f4225ddc;424.63;0.36;SELL
2016-02-25T00:50:18.867000;2016-02-25T00:50:18.977000;91e4e8dd-f4c1-4c1d-ae80-4a047c39a300;424.61;0.9;SELL
2016-02-25T00:50:18.867000;2016-02-25T00:50:18.977000;5c53c708-26a5-461a-af8b-924d8d1c17ca;424.6;0.01;SELL
2016-02-25T00:50:18.867000;2016-02-25T00:50:18.990000;94bf11fc-695b-4f53-88a8-7fb3b487f99f;424.59;0.01;SELL
2016-02-25T00:50:18.867000;2016-02-25T00:50:18.990000;76242cc3-ac4f-4605-898a-061f184f08a2;424.58;0.72108;SELL
2016-02-25T00:50:32.607000;2016-02-25T00:50:32.663000;dde8d068-7b87-4c3c-80c1-ecac86ce8adf;424.66;0.01;BUY
2016-02-25T00:50:32.607000;2016-02-25T00:50:32.677000;b1e0deaf-f459-492d-b184-87d47df81e98;424.67;0.01;BUY
2016-02-25T00:50:32.607000;2016-02-25T00:50:32.677000;ac777158-e668-4f66-94c2-220e7f066d02;424.67;0.38;BUY
2016-02-25T00:50:32.607000;2016-02-25T00:50:32.677000;b6ef7f9a-dadd-4e04-881e-0327dd49418f;424.68;0.01;BUY
2016-02-25T00:50:32.607000;2016-02-25T00:50:32.693000;72dc2b68-3e7b-414a-b830-1b9acca27821;424.69;0.01;BUY
2016-02-25T00:50:32.607000;2016-02-25T00:50:32.693000;43b8a040-b1b9-47d1-ad44-ac008f89b706;424.7;0.01;BUY
2016-02-25T00:50:32.610000;2016-02-25T00:50:32.693000;80dfbc18-62bb-4947-b5bf-e293d80c674d;424.71;0.01;BUY
2016-02-25T00:50:32.610000;2016-02-25T00:50:32.693000;74be9085-4cd0-4c95-a306-37c12b421bfb;424.71;0.36;BUY
2016-02-25T00:50:32.610000;2016-02-25T00:50:32.693000;a05a2c96-c52d-4c0c-b9d8-af20ca633329;424.72;0.01;BUY
2016-02-25T00:50:32.610000;2016-02-25T00:50:32.727000;4a6084c7-60f1-4dfc-ba76-dbb67c3a5d13;424.72;0.45456;BUY
2016-02-25T00:51:02.853000;2016-02-25T00:51:02.913000;4848b445-e1af-4ffe-a292-a81e13775c99;424.65;0.01;BUY
