time_exchange;time_coinpai;guid;price;base_amount;taker_side
2016-03-28T00:00:01.547000;2016-03-28T00:00:01.567000;56d435cb-77be-4ee6-a9e3-f42198f1acea;425.29;0.098;BUY
2016-03-28T00:00:01.547000;2016-03-28T00:00:01.567000;753ee6db-795a-4f1a-9479-f7448c1c2941;425.29;0.117;BUY
2016-03-28T00:00:01.547000;2016-03-28T00:00:01.583000;a4d5b81d-415f-4662-acc0-f53a67de5365;425.3;0.87718;BUY
2016-03-28T00:00:10.010000;2016-03-28T00:00:10.037000;3ddb8022-ebdb-4b8b-a1a4-ca6c6f37877d;425.32;0.25;BUY
2016-03-28T00:00:10.010000;2016-03-28T00:00:10.053000;56796caa-115a-48d8-8a4c-fc3202db8ff9;425.32;0.146;BUY
2016-03-28T00:00:10.010000;2016-03-28T00:00:10.053000;3ae4d00f-093d-40f8-88d2-3fe47e84bf66;425.33;0.01;BUY
2016-03-28T00:00:10.010000;2016-03-28T00:00:10.053000;870d072e-ce21-45dd-b7d1-e0627e04f873;425.33;0.25;BUY
2016-03-28T00:00:10.010000;2016-03-28T00:00:10.053000;c2eeee72-6672-4fd2-bb92-0270bdbbb9d7;425.36;0.1060556;BUY
2016-03-28T00:00:30.320000;2016-03-28T00:00:30.350000;5f929ce1-436a-4470-9ca6-397e84270e4b;425.32;0.01;SELL
2016-03-28T00:00:30.320000;2016-03-28T00:00:30.350000;48173829-eaec-4e69-a442-f2ce96d9e5fc;425.32;0.01;SELL
2016-03-28T00:00:30.320000;2016-03-28T00:00:30.350000;460274ea-3267-4f59-8221-22aef99b68c4;425.31;0.01;SELL
2016-03-28T00:00:30.320000;2016-03-28T00:00:30.363000;7792fbdf-7c02-414a-9eaf-60935dd46481;425.3;0.01;SELL
2016-03-28T00:00:30.320000;2016-03-28T00:00:30.380000;80e31344-f28a-47d1-b99a-f5a73b48966b;425.29;0.01;SELL
2016-03-28T00:00:30.320000;2016-03-28T00:00:30.380000;ed4333a6-fbc1-4786-be50-c441e56d05d8;425.28;0.01;SELL
2016-03-28T00:00:30.320000;2016-03-28T00:00:30.443000;97b84559-4c3e-40bb-8db9-3450500271ec;425.27;0.01;SELL
2016-03-28T00:00:30.320000;2016-03-28T00:00:30.443000;6e2512e0-c33d-4d50-8f4e-37ab9c0d5377;425.26;0.01;SELL
2016-03-28T00:00:30.323000;2016-03-28T00:00:30.443000;c79c6ba7-f271-4a7e-aedc-d43f4c788c3f;425.24;0.25;SELL
2016-03-28T00:00:30.323000;2016-03-28T00:00:30.443000;c1381daa-1ec0-4344-a6c8-0706ab8f2d97;425.22;0.01;SELL
2016-03-28T00:00:30.323000;2016-03-28T00:00:30.443000;2d977c51-f5be-4425-a8c1-9aa0ab2eb3a9;425.21;0.01;SELL
2016-03-28T00:00:30.323000;2016-03-28T00:00:30.443000;ed8cf1eb-f607-4ccc-9938-eafa8daed5af;425.2;0.01;SELL
2016-03-28T00:00:30.323000;2016-03-28T00:00:30.443000;bf3dcdf3-aed8-4a85-8338-003ba2cccafe;425.19;0.01;SELL
2016-03-28T00:00:30.323000;2016-03-28T00:00:30.443000;db88ade6-bb16-446b-89eb-cdb9ee61da5b;425.18;0.25;SELL
2016-03-28T00:00:30.323000;2016-03-28T00:00:30.443000;2c8dddb0-e36c-4fd5-8e55-10ff2e9f5f43;425.16;0.09;SELL
2016-03-28T00:00:30.323000;2016-03-28T00:00:30.443000;567a3446-ed6c-4524-9196-a0783ea9f2ec;425.15;0.25;SELL
2016-03-28T00:00:30.323000;2016-03-28T00:00:30.443000;34b4f5ac-8348-4830-ac80-fa20aa606fd0;425.15;0.2;SELL
2016-03-28T00:00:30.323000;2016-03-28T00:00:30.443000;0efc293a-b5a0-4295-84e6-cd3b54c2dca3;425.14;0.01;SELL
2016-03-28T00:00:30.323000;2016-03-28T00:00:30.443000;8632e858-69e1-49e3-83c3-b3090f81db13;425.14;0.35;SELL
2016-03-28T00:00:30.323000;2016-03-28T00:00:30.443000;9890b60e-b15d-418e-b294-683ad7d3e99d;425.13;0.01;SELL
2016-03-28T00:00:30.323000;2016-03-28T00:00:30.443000;6e6437eb-3e24-4bc9-bdab-386707cfcb13;425.11;1.0;SELL
2016-03-28T00:00:30.323000;2016-03-28T00:00:30.443000;55d577ef-65c4-46d3-a39c-9bec57f0c45e;425.11;0.118;SELL
2016-03-28T00:00:30.323000;2016-03-28T00:00:30.443000;011360b0-e164-4439-8a54-fcc95d532401;425.09;0.25;SELL
2016-03-28T00:00:30.323000;2016-03-28T00:00:30.443000;aedf915a-6f18-4540-ab88-332b68a5bad2;425.09;0.01;SELL
2016-03-28T00:00:30.323000;2016-03-28T00:00:30.443000;82737e3f-1bfe-479e-8ea2-7b92203a154f;425.08;0.25;SELL
2016-03-28T00:00:30.323000;2016-03-28T00:00:30.443000;b3adedc5-546c-403b-87ed-5a5e73a91a5d;425.06;0.105;SELL
2016-03-28T00:00:30.323000;2016-03-28T00:00:30.443000;f7986775-c52d-4a65-93d5-874ca5b432c9;425.01;0.113;SELL
2016-03-28T00:00:30.323000;2016-03-28T00:00:30.443000;ada26fc8-cc00-410a-9e18-abbe69e05aea;424.95;0.076;SELL
2016-03-28T00:00:30.323000;2016-03-28T00:00:30.443000;2a7dc23e-d95d-4f75-a587-82f9621eaba7;424.93;0.01;SELL
2016-03-28T00:00:30.323000;2016-03-28T00:00:30.443000;6d796ebb-0ace-4006-8066-24282de3391f;424.9;0.127;SELL
2016-03-28T00:00:30.327000;2016-03-28T00:00:30.443000;92087f22-0e8a-4340-af1d-ac94ffdfa646;424.89;0.1004;SELL
2016-03-28T00:00:30.327000;2016-03-28T00:00:30.473000;4b3dce29-beb2-43b2-8ba1-574b2fe3d954;424.89;0.0981;SELL
2016-03-28T00:00:30.327000;2016-03-28T00:00:30.473000;443fb3b1-3c1f-407b-a796-48cc5f863421;424.86;0.5;SELL
2016-03-28T00:00:30.327000;2016-03-28T00:00:30.473000;fb5a49a3-6c68-4dae-881d-4bba68ff800b;424.85;3.38348;SELL
2016-03-28T00:00:32.550000;2016-03-28T00:00:32.583000;23bdec59-64bc-43fa-a07e-a3d7c5549b3c;425.14;0.94261;BUY
2016-03-28T00:01:01.543000;2016-03-28T00:01:01.567000;02061daf-dac3-4e4c-9b12-66ca3bb755b0;424.94;0.4;BUY
2016-03-28T00:01:01.543000;2016-03-28T00:01:01.583000;e3884e73-bc14-417f-b676-d545f5370ee8;424.94;0.2;BUY
2016-03-28T00:01:01.543000;2016-03-28T00:01:01.583000;e468803f-4079-4a04-9f4a-2a34c9f0660e;424.95;3.12;BUY
2016-03-28T00:01:01.547000;2016-03-28T00:01:01.583000;9c85788d-eb6c-4d84-9d1f-4aea4034b959;424.99;0.369;BUY
2016-03-28T00:01:01.547000;2016-03-28T00:01:01.583000;e4617a2d-5985-400c-b4d8-a1d636a8b631;425.0;2.72497;BUY
2016-03-28T00:01:31.437000;2016-03-28T00:01:31.457000;935a0fdc-73b0-4ecc-ac22-1cba8f6886a7;424.97;0.378;BUY
2016-03-28T00:01:31.437000;2016-03-28T00:01:31.457000;b0cb46f2-d191-449b-b41f-1ab232aa2dba;424.97;2.2;BUY
2016-03-28T00:01:31.437000;2016-03-28T00:01:31.457000;68aaa19a-2bfd-4e86-9b78-0f26227989ae;424.99;0.422;BUY
2016-03-28T00:02:05.157000;2016-03-28T00:02:05.177000;fe908a06-62a7-4ada-ae65-a4087a637f47;424.98;0.01;SELL
2016-03-28T00:02:05.157000;2016-03-28T00:02:05.193000;158a7d04-8d5e-4705-b0f9-aeca7f6ad826;424.98;0.01;SELL
2016-03-28T00:02:05.157000;2016-03-28T00:02:05.193000;7b495329-10a1-4897-9206-5d0b5090a17a;424.98;0.04871;SELL
2016-03-28T00:02:11.283000;2016-03-28T00:02:11.303000;517ccd8c-e7c9-4183-be5e-8f506a759fa8;424.98;0.01;SELL
2016-03-28T00:02:31.117000;2016-03-28T00:02:31.130000;d5f7c2b3-645c-42b8-8d97-2ad5641b2e6b;424.98;0.01;SELL
2016-03-28T00:02:31.120000;2016-03-28T00:02:31.147000;7d139f05-2109-4d94-861f-9881da6fae1e;424.98;0.01;SELL
2016-03-28T00:02:31.123000;2016-03-28T00:02:31.147000;b6af0475-4e8f-4363-aa57-4f24eef0d622;424.98;0.01;SELL
2016-03-28T00:02:31.130000;2016-03-28T00:02:31.160000;22b55686-c23b-4a93-9c8e-d5aaf34e4f5e;424.98;0.01;SELL
2016-03-28T00:02:31.177000;2016-03-28T00:02:31.207000;906a3953-b604-48b5-aaea-5f9f83ccb1a2;424.98;0.01;SELL
2016-03-28T00:02:31.183000;2016-03-28T00:02:31.223000;be591261-a9c6-4144-9328-6f76ff2b0df0;424.98;0.01;SELL
2016-03-28T00:02:31.183000;2016-03-28T00:02:31.223000;c8d0fa24-2fda-4a50-8ed1-0d07942340bb;424.98;0.01;SELL
2016-03-28T00:02:31.203000;2016-03-28T00:02:31.223000;fbd3da3f-34c8-4d6d-8d1c-52f91055beff;424.98;0.01;SELL
2016-03-28T00:02:31.207000;2016-03-28T00:02:31.223000;3ad28453-49fd-4b4c-bc65-9cca1b715d90;424.98;0.01;SELL
2016-03-28T00:02:31.223000;2016-03-28T00:02:31.257000;d6846829-f6dd-4b03-aa7d-1df4dcd21d82;424.98;0.01;SELL
2016-03-28T00:02:31.270000;2016-03-28T00:02:31.287000;b2ec69c1-75e9-4a91-853a-28d1dce3138e;424.98;0.01;SELL
2016-03-28T00:02:31.290000;2016-03-28T00:02:31.303000;8f916c37-7b13-4ce0-b542-34c63b996ef6;424.98;0.01;SELL
2016-03-28T00:02:31.293000;2016-03-28T00:02:31.317000;bd00127c-e658-4c23-a319-3fca4b16f0ac;424.98;0.01;SELL
2016-03-28T00:02:31.303000;2016-03-28T00:02:31.317000;ac3ddee6-43f5-4a91-865a-148dfbdbfbbb;424.98;0.01;SELL
2016-03-28T00:02:31.360000;2016-03-28T00:02:31.363000;d7e2bd36-1c0e-4619-a6bc-9e2123489f14;424.98;0.01;SELL
2016-03-28T00:02:31.443000;2016-03-28T00:02:31.457000;db52700f-6670-47c4-ad4c-89ec1f72ea47;424.99;0.01;BUY
2016-03-28T00:02:31.443000;2016-03-28T00:02:31.473000;ad04cbd4-d2e5-462c-839f-33f974a5642b;424.99;0.077;BUY
2016-03-28T00:02:31.443000;2016-03-28T00:02:31.473000;9be1ee89-3339-40fe-b4a8-315743aeece6;424.99;0.84489;BUY
2016-03-28T00:02:36.087000;2016-03-28T00:02:36.100000;a2a57920-1317-4fba-b6c7-241fd97a2419;424.98;0.01;SELL
2016-03-28T00:02:36.123000;2016-03-28T00:02:36.130000;b392a061-7049-4c41-98c4-48b79b36098b;424.98;0.01;SELL
2016-03-28T00:02:36.130000;2016-03-28T00:02:36.160000;e13e8437-ce10-49d2-a96f-3b873a1cf068;424.98;0.01;SELL
2016-03-28T00:02:36.157000;2016-03-28T00:02:36.177000;64316ca3-74cc-45da-97b7-f69930ca569f;424.98;0.01;SELL
2016-03-28T00:02:36.190000;2016-03-28T00:02:36.207000;d15c0c67-f67a-4bec-99ed-87900eea3270;424.98;0.01;SELL
2016-03-28T00:03:02.817000;2016-03-28T00:03:02.833000;f4d63176-3430-40d3-9d25-0f4dfd9f0efd;424.99;0.06211;BUY
2016-03-28T00:03:31.383000;2016-03-28T00:03:31.397000;5e506113-19f6-4a72-a081-0161707cda75;424.98;4.19184;SELL
2016-03-28T00:04:31.413000;2016-03-28T00:04:31.427000;ea55ef04-c9e7-4091-8b29-0e6dd56fe7fc;424.99;0.34945;BUY
2016-03-28T00:05:01.497000;2016-03-28T00:05:01.507000;ea5603dc-292e-427e-883b-8ca28f7326af;424.99;0.18638;BUY
2016-03-28T00:05:31.450000;2016-03-28T00:05:31.457000;905eeeef-079a-4ebb-a211-3cbed750e85f;424.98;0.01;SELL
2016-03-28T00:05:31.450000;2016-03-28T00:05:31.473000;56410395-efa8-422d-9c47-4752d8ed3180;424.98;0.01;SELL
2016-03-28T00:05:31.450000;2016-03-28T00:05:31.473000;fc354806-0b46-451b-8968-53dcd4b48dab;424.97;0.01;SELL
2016-03-28T00:05:31.450000;2016-03-28T00:05:31.473000;407ab68f-a987-4254-bd26-6197ff8f0af0;424.96;0.01;SELL
2016-03-28T00:05:31.450000;2016-03-28T00:05:31.473000;9762beeb-079b-409d-9642-508cd8ab9ce9;424.95;0.01;SELL
2016-03-28T00:05:31.450000;2016-03-28T00:05:31.553000;ca612b4e-6093-46e9-9a87-df48bb3a81e4;424.94;0.01;SELL
2016-03-28T00:05:31.450000;2016-03-28T00:05:31.567000;90017e37-a991-406b-a6be-1252f0a2f0c8;424.92;0.01;SELL
2016-03-28T00:05:31.450000;2016-03-28T00:05:31.567000;a856e213-09b4-49c2-9160-799bfe7e1969;424.88;0.01;SELL
2016-03-28T00:05:31.453000;2016-03-28T00:05:31.567000;5cc51cd6-0a06-43c4-8490-6738d3b8e2e3;424.88;0.25;SELL
2016-03-28T00:05:31.453000;2016-03-28T00:05:31.567000;d2903d49-92b8-4f1e-987f-4ec9e3f467f5;424.88;0.05548;SELL
2016-03-28T00:06:00.883000;2016-03-28T00:06:00.880000;0ae717b3-4b0d-4c24-9b9a-b26fa304766a;424.93;0.01;SELL
2016-03-28T00:06:00.883000;2016-03-28T00:06:00.897000;0f6a6c0c-ef7b-4b77-bfba-99506875d89a;424.92;0.01;SELL
2016-03-28T00:06:00.883000;2016-03-28T00:06:00.897000;4d4427dc-095a-4d6c-9aac-d19f1aad0ce0;424.9;0.00550076;SELL
2016-03-28T00:06:01.933000;2016-03-28T00:06:01.927000;91953cbc-ab5d-4988-b716-a2bbf9f2636e;424.97;0.231;BUY
2016-03-28T00:06:01.933000;2016-03-28T00:06:01.943000;68709b1f-a414-4244-94b0-08f98fa339dd;424.97;0.14175;BUY
2016-03-28T00:06:15.353000;2016-03-28T00:06:15.363000;5804e8a7-9bc9-4d97-b325-b4f26f9eb9e8;424.97;0.08925;BUY
2016-03-28T00:06:15.353000;2016-03-28T00:06:15.363000;f8d81ee6-726d-4d85-881a-edefbad5f884;424.97;0.231;BUY
2016-03-28T00:06:15.357000;2016-03-28T00:06:15.363000;f155a05c-2b2f-4af0-ab95-fc185a148d26;424.97;0.111;BUY
2016-03-28T00:06:15.357000;2016-03-28T00:06:15.363000;f4856a1c-5cc4-4ac6-9039-a8595e8a8974;424.98;0.04;BUY
2016-03-28T00:06:15.357000;2016-03-28T00:06:15.380000;ddf302c0-cf95-44bb-a15f-ee2fbe1cd9c0;424.99;2.47472291;BUY
2016-03-28T00:06:34.150000;2016-03-28T00:06:34.160000;e46576d4-7421-4e0e-9f12-2e49a4c3f46f;424.98;0.359;BUY
2016-03-28T00:06:34.150000;2016-03-28T00:06:34.160000;894fa3e2-4d7e-4ab0-b31b-6206b00f815e;424.99;4.30043;BUY
2016-03-28T00:07:31.450000;2016-03-28T00:07:31.473000;f683350b-7da3-4149-8a11-bf3e35c7ba7f;424.98;0.26232;BUY
2016-03-28T00:08:01.580000;2016-03-28T00:08:01.613000;4ae8eb51-6c5b-4bed-abde-b1244de2f5a8;424.98;0.323;BUY
2016-03-28T00:08:01.580000;2016-03-28T00:08:01.613000;84bda582-6b90-4297-b515-a6245469a4d4;424.99;0.08471;BUY
2016-03-28T00:08:31.577000;2016-03-28T00:08:31.613000;8c34ec4c-39ab-4185-90bd-9c3714e40b56;424.97;0.01;SELL
2016-03-28T00:08:31.577000;2016-03-28T00:08:31.630000;51e092af-aae2-4065-af17-4647d00019c3;424.97;0.01;SELL
2016-03-28T00:08:31.580000;2016-03-28T00:08:31.630000;c06d25f3-129b-4556-b328-da5c8e32db42;424.96;0.01;SELL
2016-03-28T00:08:31.580000;2016-03-28T00:08:31.630000;be0499ba-fdfc-404d-bcf9-00b7e8b7d82d;424.95;0.01;SELL
2016-03-28T00:08:31.580000;2016-03-28T00:08:31.660000;9fe808d5-882a-45e6-bad6-87bb2ca20e8b;424.94;0.01;SELL
2016-03-28T00:08:31.580000;2016-03-28T00:08:31.677000;63c3749b-c459-4b6c-aad9-d8d63e8e7d1d;424.91;0.089;SELL
2016-03-28T00:08:31.580000;2016-03-28T00:08:31.677000;48beb761-0981-4058-aa9d-9dea56fe6b6e;424.91;0.35;SELL
2016-03-28T00:08:31.580000;2016-03-28T00:08:31.677000;3976a5db-2fad-491f-a3d7-1a270675263e;424.87;0.25;SELL
2016-03-28T00:08:31.580000;2016-03-28T00:08:31.677000;5d881ae8-8889-4fe0-abf4-5a76cb22b9b9;424.87;0.25;SELL
2016-03-28T00:08:31.580000;2016-03-28T00:08:31.677000;7389b2d6-444c-4b3a-9cad-42bc6a5c3994;424.87;0.25;SELL
2016-03-28T00:08:31.580000;2016-03-28T00:08:31.677000;87ae2ee8-b9b4-4a6e-b03b-1466086e25ed;424.87;0.25;SELL
2016-03-28T00:08:31.580000;2016-03-28T00:08:31.677000;5ab3d88b-8e4c-480a-a0cc-839b1a5c857e;424.87;0.25;SELL
2016-03-28T00:08:31.580000;2016-03-28T00:08:31.677000;5ede753f-bfae-4252-8583-4573a0355bf8;424.87;0.25;SELL
2016-03-28T00:08:31.580000;2016-03-28T00:08:31.690000;598fff02-2d9d-4254-989f-fbbe654dbe26;424.86;0.25;SELL
2016-03-28T00:08:31.580000;2016-03-28T00:08:31.707000;ba256fa6-bb5f-4b32-8419-806790ecd29e;424.86;0.25;SELL
2016-03-28T00:08:31.580000;2016-03-28T00:08:31.707000;1f5f82e2-81bc-4c76-81f4-812732b96eab;424.86;0.25;SELL
2016-03-28T00:08:31.580000;2016-03-28T00:08:31.707000;d60e4241-d40b-4f7a-a375-2d94e8d95e92;424.86;0.25;SELL
2016-03-28T00:08:31.580000;2016-03-28T00:08:31.707000;698d024b-91f0-4a22-96aa-2f66a661466c;424.86;0.2;SELL
2016-03-28T00:08:31.580000;2016-03-28T00:08:31.707000;a2a5f3b6-d280-4f41-8285-4e72606f4bcc;424.86;0.25;SELL
2016-03-28T00:08:31.580000;2016-03-28T00:08:31.707000;e8dbfabe-166d-4422-9bf4-51c3a7591ed2;424.86;0.096;SELL
2016-03-28T00:08:31.580000;2016-03-28T00:08:31.707000;fbf1dd97-b131-4adb-bd30-c3b56ce2588d;424.83;0.14279;SELL
2016-03-28T00:09:01.540000;2016-03-28T00:09:01.580000;48789def-7961-45e2-a4fb-c31452a34caf;424.94;0.01;SELL
2016-03-28T00:09:01.543000;2016-03-28T00:09:01.580000;04ed3165-0e9f-4f69-ba3e-efbaf2480d5d;424.93;0.01;SELL
2016-03-28T00:09:01.543000;2016-03-28T00:09:01.580000;76209e41-5373-4813-b539-5304935155e6;424.89;0.124;SELL
2016-03-28T00:09:01.543000;2016-03-28T00:09:01.613000;2e4f911e-4cef-4c41-83b1-2bf9cd68e1fe;424.83;0.04617;SELL
2016-03-28T00:10:01.493000;2016-03-28T00:10:01.520000;31c24c6e-2ceb-4344-a13b-2707e13c5da9;424.95;0.25;BUY
2016-03-28T00:10:01.493000;2016-03-28T00:10:01.533000;a9012765-9c3f-4122-9b82-fa3e57da6c62;424.95;0.142;BUY
2016-03-28T00:10:01.493000;2016-03-28T00:10:01.533000;c02b7020-2a8d-4b5c-a53a-e2c840033d00;424.95;0.25;BUY
2016-03-28T00:10:01.493000;2016-03-28T00:10:01.533000;e3fc7d32-7498-474e-a1c1-3fb345a357cb;424.95;0.232;BUY
2016-03-28T00:10:01.493000;2016-03-28T00:10:01.533000;8067f415-527e-4468-9353-6dcd9ffcaac9;424.95;0.231;BUY
2016-03-28T00:10:01.497000;2016-03-28T00:10:01.580000;bd3faa51-b6a5-4080-bf00-8d23a985a60d;424.95;0.232;BUY
2016-03-28T00:10:01.497000;2016-03-28T00:10:01.597000;171a9d24-1f7f-43f0-b01c-75076a8b3317;424.95;0.231;BUY
2016-03-28T00:10:01.497000;2016-03-28T00:10:01.597000;22098fb3-6fb0-4bbc-a5b2-bdeefe9587bc;424.95;0.23;BUY
2016-03-28T00:10:01.497000;2016-03-28T00:10:01.597000;b2841073-6c92-4b05-bbe8-9af6c4ec1fbb;424.95;0.0912;BUY
2016-03-28T00:10:31.527000;2016-03-28T00:10:31.550000;c62aa02c-144c-4c75-b450-c8de73b07232;424.93;0.04;SELL
2016-03-28T00:10:31.527000;2016-03-28T00:10:31.567000;b5dfd4ec-ba51-4b30-a183-d22b6793a797;424.93;0.01;SELL
2016-03-28T00:10:31.527000;2016-03-28T00:10:31.567000;74304bf4-78cc-48d2-a48a-1cd94d202835;424.91;0.01;SELL
2016-03-28T00:10:31.527000;2016-03-28T00:10:31.567000;c5a3abe2-3a03-4689-8b89-250ab5e446c7;424.9;0.01;SELL
2016-03-28T00:10:31.527000;2016-03-28T00:10:31.567000;201c1089-6360-46c5-b697-ea3bdeb5818e;424.89;0.119;SELL
2016-03-28T00:10:31.527000;2016-03-28T00:10:31.643000;d0549fb6-7a2b-47c6-902b-41964e57a5ef;424.86;1.0;SELL
2016-03-28T00:10:31.527000;2016-03-28T00:10:31.643000;9f0f1edb-e6aa-433a-91e6-382e82d73e00;424.84;0.116;SELL
2016-03-28T00:10:31.527000;2016-03-28T00:10:31.643000;cd230d49-9e3c-474f-803c-16a6d1e43602;424.83;0.81104;SELL
2016-03-28T00:10:31.527000;2016-03-28T00:10:31.643000;071e42b6-ef82-4be6-bdef-566316311e44;424.83;1.87529;SELL
2016-03-28T00:11:05.017000;2016-03-28T00:11:05.033000;b624b2d9-b290-464f-a698-8ed04d50eca6;424.94;0.04802;BUY
2016-03-28T00:11:31.437000;2016-03-28T00:11:31.457000;bc473e20-d42b-41b0-ac38-0bb4d1aa16a1;424.91;0.01;SELL
2016-03-28T00:11:31.437000;2016-03-28T00:11:31.473000;89d20100-d212-4bd3-8713-238191756a1d;424.9;0.01;SELL
2016-03-28T00:11:31.437000;2016-03-28T00:11:31.473000;ab99d80a-6542-435e-ad04-f3b441d2a824;424.9;0.087;SELL
2016-03-28T00:11:31.437000;2016-03-28T00:11:31.473000;fc809982-482e-4f37-9c5d-344fa6a78ad6;424.86;0.012;SELL
2016-03-28T00:11:31.437000;2016-03-28T00:11:31.487000;8be2bb1d-855f-4eb8-9c41-90fcdf63bd81;424.85;0.092;SELL
2016-03-28T00:11:31.437000;2016-03-28T00:11:31.533000;7bf8b7d4-5869-4317-91ab-a542b5f21ddd;424.83;0.46944;SELL
2016-03-28T00:12:01.467000;2016-03-28T00:12:01.487000;be96ae02-820c-4faa-adc1-e83144b8d36d;424.95;0.1398;BUY
2016-03-28T00:12:01.467000;2016-03-28T00:12:01.503000;ae8ffa99-0fc4-4f03-bed3-d5f0349fd2cd;424.95;0.08473;BUY
2016-03-28T00:12:31.383000;2016-03-28T00:12:31.393000;7bd75e05-ccc4-4c40-855b-b2cf517f524e;424.95;0.14727;BUY
2016-03-28T00:12:31.383000;2016-03-28T00:12:31.410000;eeba1712-5f83-4a16-82a2-df70d11a0cd0;424.95;0.232;BUY
2016-03-28T00:12:31.387000;2016-03-28T00:12:31.410000;52ba6a21-70ca-47af-ba8e-96be63897e54;424.95;0.232;BUY
2016-03-28T00:12:31.387000;2016-03-28T00:12:31.410000;bd0cb0b3-9494-47ed-8861-508034703deb;424.95;0.25;BUY
2016-03-28T00:12:31.387000;2016-03-28T00:12:31.410000;14f3d090-4862-46bf-b6a9-2537d8d4c512;424.95;0.25;BUY
2016-03-28T00:12:31.387000;2016-03-28T00:12:31.503000;51bd311e-dad5-4a8d-97a5-2db555c03ac4;424.96;0.282;BUY
2016-03-28T00:12:31.387000;2016-03-28T00:12:31.503000;552853eb-b0ed-460c-aee5-8540e1885f8f;424.97;0.2;BUY
2016-03-28T00:12:31.387000;2016-03-28T00:12:31.503000;06c46fd2-de6a-4da9-ba3a-b7d35dd98e5b;424.98;0.14279;BUY
2016-03-28T00:12:31.387000;2016-03-28T00:12:31.503000;45df2692-83b2-4b01-b7a6-40c3e79deaed;424.98;0.0119;BUY
2016-03-28T00:13:01.390000;2016-03-28T00:13:01.410000;624e8d0d-d857-4cf7-b70b-bf841c9cdc74;424.98;0.0181;BUY
2016-03-28T00:13:01.390000;2016-03-28T00:13:01.427000;7894f081-d6c9-4549-bb03-2e40c2a350a8;424.98;0.04617;BUY
2016-03-28T00:13:01.390000;2016-03-28T00:13:01.427000;c4e88c3b-f10f-4e9c-aa90-f5a2251e6ecc;424.98;0.81104;BUY
2016-03-28T00:13:01.390000;2016-03-28T00:13:01.427000;775f69d9-59b9-43c3-8ddf-e475dbd0b24f;424.99;2.02532;BUY
2016-03-28T00:13:31.377000;2016-03-28T00:13:31.393000;2fbda0b7-53aa-487f-bdb2-062e81043f71;424.99;1.98024;BUY
2016-03-28T00:14:01.413000;2016-03-28T00:14:01.427000;6ee728e5-fb44-4158-9823-67c6e4b6c740;424.97;0.01;SELL
2016-03-28T00:14:01.413000;2016-03-28T00:14:01.440000;8cf8d24c-9770-4930-adeb-23c2e8b60781;424.97;0.01;SELL
2016-03-28T00:14:01.413000;2016-03-28T00:14:01.440000;e2387c72-b78e-4bfe-bd29-6a5ec6dae44d;424.96;0.01;SELL
2016-03-28T00:14:01.413000;2016-03-28T00:14:01.440000;e7b342b0-6cce-4295-af8b-793d5ea128ec;424.95;0.01;SELL
2016-03-28T00:14:01.413000;2016-03-28T00:14:01.440000;3c4f225e-274f-4678-8663-66ea7b80f435;424.94;0.01;SELL
2016-03-28T00:14:01.413000;2016-03-28T00:14:01.533000;82d16206-cdc3-4f73-9cbf-a9b809453d96;424.94;0.102;SELL
2016-03-28T00:14:01.413000;2016-03-28T00:14:01.533000;5901fdf5-47da-42e3-a439-ecc121b04555;424.93;0.01;SELL
2016-03-28T00:14:01.413000;2016-03-28T00:14:01.533000;a4cdecc9-bb8d-45f3-9ec8-2c659c635ddb;424.89;0.108;SELL
2016-03-28T00:14:01.413000;2016-03-28T00:14:01.533000;98df866c-6ab4-4bf2-a553-0562c7a524c8;424.87;0.25;SELL
2016-03-28T00:14:01.413000;2016-03-28T00:14:01.533000;a6d22bcd-82b5-4d4d-977e-e38dc50b514a;424.86;0.25;SELL
2016-03-28T00:14:01.413000;2016-03-28T00:14:01.533000;1dabbde9-edaa-406e-959d-ff7a577b6ae5;424.85;0.41849;SELL
2016-03-28T00:15:01.480000;2016-03-28T00:15:01.487000;e5ed0db7-b874-4a80-aa47-8be627e8ce74;424.95;0.01;BUY
2016-03-28T00:15:01.480000;2016-03-28T00:15:01.503000;171aceaa-ebec-4e35-9b36-43f6edb91378;424.97;0.25;BUY
2016-03-28T00:15:01.480000;2016-03-28T00:15:01.503000;f7afb753-d782-4456-ba41-77077533002a;424.98;0.10596;BUY
2016-03-28T00:15:31.470000;2016-03-28T00:15:31.487000;9a94f992-8e30-4c28-b8eb-8325ec0d5c92;424.94;0.01;SELL
2016-03-28T00:15:31.470000;2016-03-28T00:15:31.487000;efab1e4d-ee53-4f26-b115-92875c9f2744;424.93;0.49;SELL
2016-03-28T00:16:03.313000;2016-03-28T00:16:03.317000;48da5523-55c0-4435-bdce-f053b68c6951;424.94;0.01;SELL
2016-03-28T00:16:03.313000;2016-03-28T00:16:03.333000;632c8f9d-ab09-4d62-93ec-4bdc920a106c;424.94;0.01;SELL
2016-03-28T00:16:03.313000;2016-03-28T00:16:03.333000;9aefe266-d2e6-4f67-bfec-3f9250cd57c7;424.93;0.00043;SELL
2016-03-28T00:16:31.393000;2016-03-28T00:16:31.393000;e34db881-20c8-4e34-af02-3df51c599d32;424.98;0.31253;BUY
2016-03-28T00:16:31.393000;2016-03-28T00:16:31.427000;5084b843-4077-484e-9c2d-7a706006163b;424.98;0.295;BUY
2016-03-28T00:16:31.393000;2016-03-28T00:16:31.427000;2dfcbabc-4093-4de3-adb7-4f673f17265e;424.98;0.35;BUY
2016-03-28T00:16:31.393000;2016-03-28T00:16:31.427000;57867d8b-4275-4ad9-958d-655a5d77c8c8;424.98;0.232;BUY
2016-03-28T00:16:31.393000;2016-03-28T00:16:31.427000;9e275907-1bdc-4a62-88a7-604fffca3a88;424.98;0.231;BUY
2016-03-28T00:16:31.393000;2016-03-28T00:16:31.427000;3333e635-db68-4a0d-9c95-b9e95b05daa1;424.98;0.232;BUY
2016-03-28T00:16:31.393000;2016-03-28T00:16:31.427000;22d8278c-4649-468e-8f38-8f656cc74ef7;424.98;0.34747;BUY
2016-03-28T00:17:02.013000;2016-03-28T00:17:02.020000;7d91a554-74c6-4ec7-95a2-f3833973f60a;424.98;0.12489;BUY
2016-03-28T00:17:31.470000;2016-03-28T00:17:31.473000;abb1b27f-1822-42bc-9e51-f6ea0e553e9d;424.98;0.23298;BUY
2016-03-28T00:18:01.483000;2016-03-28T00:18:01.487000;06047760-a2a4-44ac-9a42-8e4487de5fa8;424.94;0.01;SELL
2016-03-28T00:18:01.483000;2016-03-28T00:18:01.503000;822ddc48-06e7-41e8-950d-02193d79156a;424.94;0.38819999;SELL
2016-03-28T00:18:01.483000;2016-03-28T00:18:01.503000;b98fb008-4fa6-4310-b6a6-b54933c62846;424.93;0.50957;SELL
2016-03-28T00:18:01.483000;2016-03-28T00:18:01.503000;6a80a1f8-62ca-420c-a1f3-4fde0d11de1f;424.93;0.05;SELL
2016-03-28T00:18:01.483000;2016-03-28T00:18:01.503000;30e43c0a-dd77-487f-b718-d6a7265ea543;424.93;0.244;SELL
2016-03-28T00:18:01.483000;2016-03-28T00:18:01.597000;8c880328-bff7-4875-b01e-91f1b89683a3;424.9;0.0125;SELL
2016-03-28T00:18:01.483000;2016-03-28T00:18:01.597000;66d56f1c-cbfd-4690-88bd-200d923ef914;424.88;0.213;SELL
2016-03-28T00:18:01.483000;2016-03-28T00:18:01.597000;6307e3da-5ed4-4ad8-a8b9-958849b1fe1f;424.88;0.2;SELL
2016-03-28T00:18:01.487000;2016-03-28T00:18:01.597000;c319b222-6719-40c5-bf32-77eaa4192c46;424.87;0.25;SELL
2016-03-28T00:18:01.487000;2016-03-28T00:18:01.597000;466af12c-1af1-4efa-ae2a-e4bd3583af99;424.86;0.25;SELL
2016-03-28T00:18:01.487000;2016-03-28T00:18:01.597000;adfbcabf-19fc-4480-86ee-092275ed921e;424.86;1.0;SELL
2016-03-28T00:18:01.487000;2016-03-28T00:18:01.597000;cf5b2240-5898-4b21-94d7-324fef3f22a2;424.86;0.25;SELL
2016-03-28T00:18:01.487000;2016-03-28T00:18:01.597000;91b05f9e-5884-48c8-bf88-ff1621b673ca;424.86;0.25;SELL
2016-03-28T00:18:01.487000;2016-03-28T00:18:01.597000;53b901b3-7c13-4d53-9423-f4932a7a2e07;424.86;0.35;SELL
2016-03-28T00:18:01.487000;2016-03-28T00:18:01.597000;ac2ad768-defe-4c8c-b21d-1d19bf7f2e05;424.85;0.58151;SELL
2016-03-28T00:18:01.487000;2016-03-28T00:18:01.597000;d5fa7bd4-970b-4900-8742-f3f0078ff64a;424.85;0.41849;SELL
2016-03-28T00:18:01.487000;2016-03-28T00:18:01.597000;4ec56586-9bc0-4107-a22d-42421c94cbe9;424.84;3.23385001;SELL
2016-03-28T00:18:31.400000;2016-03-28T00:18:31.393000;10ce14f7-8195-4f10-8452-7c8af2100759;424.96;0.2;BUY
2016-03-28T00:18:31.400000;2016-03-28T00:18:31.410000;700b3a5a-20ec-47a2-89c1-809b26c5d67c;424.96;0.23335;BUY
2016-03-28T00:19:01.503000;2016-03-28T00:19:01.503000;1d092a67-6daa-4166-9422-2a248def7d3f;424.91;0.01;SELL
2016-03-28T00:19:01.503000;2016-03-28T00:19:01.550000;ff9a1f22-6363-4105-acb6-29fb11374681;424.91;0.05;SELL
2016-03-28T00:19:01.503000;2016-03-28T00:19:01.567000;c1a1ee84-a0e2-4715-b032-d9263a6a4d8c;424.91;0.1;SELL
2016-03-28T00:19:01.503000;2016-03-28T00:19:01.597000;29aaffb3-58be-4dc7-9040-c1dfa2fc982b;424.91;0.01;SELL
2016-03-28T00:19:01.503000;2016-03-28T00:19:01.643000;6d9c5737-0f6e-4dac-acdb-2ea7d2a41146;424.9;0.01;SELL
2016-03-28T00:19:01.503000;2016-03-28T00:19:01.643000;e4182dbf-a115-4620-aa95-032db87cd423;424.86;0.094;SELL
2016-03-28T00:19:01.503000;2016-03-28T00:19:01.643000;68cdf891-062e-48f9-91c7-3ab836cb73bb;424.84;0.25;SELL
2016-03-28T00:19:01.503000;2016-03-28T00:19:01.643000;060c57ee-d0ad-4e58-a39e-b70a523c183a;424.83;0.25;SELL
2016-03-28T00:19:01.503000;2016-03-28T00:19:01.643000;c84f758c-4efa-49a5-9ad7-d1bddb45b193;424.83;0.25;SELL
2016-03-28T00:19:01.503000;2016-03-28T00:19:01.643000;a2303a8c-50ac-413d-bc76-103ade1b3d5c;424.83;0.1;SELL
2016-03-28T00:19:01.503000;2016-03-28T00:19:01.643000;3f60fbfa-97f8-46c6-b530-97e722d5fcc9;424.83;0.2;SELL
2016-03-28T00:19:01.503000;2016-03-28T00:19:01.643000;bbf4b2ee-66a3-4286-a5af-44d2e662a09f;424.82;0.25383;SELL
2016-03-28T00:19:34.143000;2016-03-28T00:19:34.143000;30d32a53-be2f-4a7c-8126-4abb3f7a922e;424.85;0.01;SELL
2016-03-28T00:19:34.143000;2016-03-28T00:19:34.160000;5995ba15-87fd-416c-b1ca-510545e73d70;424.85;0.01;SELL
2016-03-28T00:19:34.143000;2016-03-28T00:19:34.160000;dd5f083f-efc4-4d34-86fe-f51542ce4a7d;424.84;0.012;SELL
2016-03-28T00:19:34.143000;2016-03-28T00:19:34.160000;9e83c57c-88a5-4f94-9a5a-00e40dc0fc9e;424.84;0.102;SELL
2016-03-28T00:19:34.143000;2016-03-28T00:19:34.207000;3707f4d4-88a4-4e18-b321-389fe9280d49;424.82;4.62048;SELL
2016-03-28T00:20:01.590000;2016-03-28T00:20:01.583000;6889fe60-984a-46aa-a3cc-808d1699893e;424.92;0.026;BUY
2016-03-28T00:20:01.590000;2016-03-28T00:20:01.597000;9b9b7442-db2c-41bf-8af1-8ffc1696c9f3;424.92;0.231;BUY
2016-03-28T00:20:01.590000;2016-03-28T00:20:01.597000;a5ff9a10-c30d-4863-99f2-bf6350b50eca;424.92;0.232;BUY
2016-03-28T00:20:01.590000;2016-03-28T00:20:01.597000;2e532a7a-2140-4a21-96a0-14e234a53286;424.92;0.232;BUY
2016-03-28T00:20:01.590000;2016-03-28T00:20:01.597000;02e787f0-3511-43df-8b38-06bd90d44b21;424.94;0.25;BUY
2016-03-28T00:20:01.590000;2016-03-28T00:20:01.690000;0f227470-159e-4ee7-9cf6-250b08fc924f;424.94;0.255;BUY
2016-03-28T00:20:01.590000;2016-03-28T00:20:01.690000;dc2d3ee1-5ce4-47ac-a9c2-d3a04dd1609a;424.96;0.25;BUY
2016-03-28T00:20:01.590000;2016-03-28T00:20:01.690000;2791618a-8ffd-4b91-82d5-47406bac284a;424.96;0.2;BUY
2016-03-28T00:20:01.590000;2016-03-28T00:20:01.690000;472dfdd0-2622-4fd4-b27c-84ffbc1967be;424.97;0.1985;BUY
2016-03-28T00:20:01.590000;2016-03-28T00:20:01.690000;d0621176-fd6c-492b-b1ee-0236bb63f6ad;424.97;0.89827;BUY
2016-03-28T00:20:31.503000;2016-03-28T00:20:31.503000;4d46821b-0768-4422-8bde-e36c10fc9cae;424.97;0.10173;BUY
2016-03-28T00:20:31.503000;2016-03-28T00:20:31.520000;3e03e366-63f5-4f12-9e26-313453fecab8;424.97;0.1;BUY
2016-03-28T00:20:31.507000;2016-03-28T00:20:31.520000;a23ca100-86ed-4650-a6d9-0d7484b9833d;424.97;0.96315;BUY
2016-03-28T00:21:01.587000;2016-03-28T00:21:01.583000;5be80d91-bd96-4152-82af-3637f3342b8f;424.98;2.29466;BUY
2016-03-28T00:21:01.587000;2016-03-28T00:21:01.597000;a742a837-0020-4c87-9c63-56730c300c7d;424.98;0.01;BUY
2016-03-28T00:21:01.587000;2016-03-28T00:21:01.597000;a6b450f7-a6f7-4dc4-8ed7-a5ec7e5598fb;424.98;0.05932;BUY
2016-03-28T00:21:33.740000;2016-03-28T00:21:33.737000;8264d3fd-70c6-4b19-ba4e-e9f1184428ac;424.97;0.01;SELL
2016-03-28T00:21:33.740000;2016-03-28T00:21:33.753000;84679f12-57ea-4cf7-9c26-8d3b2c493763;424.97;0.01;SELL
2016-03-28T00:21:33.740000;2016-03-28T00:21:33.753000;bdd9e11f-8e26-4ec7-99d3-7fe629d45551;424.97;0.02;SELL
2016-03-28T00:21:33.740000;2016-03-28T00:21:33.753000;901472c8-0b5c-40de-bb88-32e134dbec4c;424.96;0.01;SELL
2016-03-28T00:21:33.740000;2016-03-28T00:21:33.753000;bfe50bfa-e00d-4d7f-b7e8-c3109c1390bb;424.95;0.01;SELL
2016-03-28T00:21:33.740000;2016-03-28T00:21:33.833000;a0d23a83-97ad-4390-a4d1-3586b58ee476;424.94;0.01;SELL
2016-03-28T00:21:33.740000;2016-03-28T00:21:33.833000;4ecbe0cc-593d-40aa-9b91-a094f33abeb0;424.93;0.01;SELL
2016-03-28T00:21:33.740000;2016-03-28T00:21:33.833000;7bcfc2d8-c725-4bc9-b82d-70fb3e1ad078;424.93;0.116;SELL
2016-03-28T00:21:33.740000;2016-03-28T00:21:33.833000;1ca63332-7a65-472c-b590-430b87de925f;424.92;0.01;SELL
2016-03-28T00:21:33.740000;2016-03-28T00:21:33.833000;633b0222-1a9d-4175-bba4-398708d65a75;424.88;0.07357;SELL
2016-03-28T00:22:02.757000;2016-03-28T00:22:02.810000;0c9c1284-9d41-414e-ac28-c3d287350503;424.95;0.336;BUY
2016-03-28T00:22:02.757000;2016-03-28T00:22:02.810000;88f9c4a0-518e-48b5-a3b3-8aaefbc6fde3;424.96;0.26846;BUY
2016-03-28T00:22:31.720000;2016-03-28T00:22:31.763000;c26ebf47-6450-47ea-9ff4-c11e7cbf9f30;424.93;0.01;SELL
2016-03-28T00:22:31.720000;2016-03-28T00:22:31.777000;25932403-ef5e-4284-b592-8eb9b972a9bc;424.92;0.01;SELL
2016-03-28T00:22:31.720000;2016-03-28T00:22:31.777000;9683ab0b-5ede-4b4d-9e46-cf9d61e10401;424.91;0.01;SELL
2016-03-28T00:22:31.720000;2016-03-28T00:22:31.793000;700617d7-67b0-4c9d-9a5d-9af7c995c936;424.9;0.093;SELL
2016-03-28T00:22:31.720000;2016-03-28T00:22:31.793000;dd95409e-1aae-4827-be14-356d9505475e;424.89;0.01;SELL
2016-03-28T00:22:31.720000;2016-03-28T00:22:31.857000;e6ea05d1-1c76-4175-8813-db3d4e6e2349;424.88;0.01;SELL
2016-03-28T00:22:31.723000;2016-03-28T00:22:31.873000;c9767c7f-b497-4427-a7e7-cc9c864b9b4f;424.88;1.0;SELL
2016-03-28T00:22:31.723000;2016-03-28T00:22:31.873000;886118c3-3fd1-4bff-b451-f892d05f8c07;424.87;0.35;SELL
2016-03-28T00:22:31.723000;2016-03-28T00:22:31.873000;68753830-b3a7-47c1-b1d5-9f0e5f679710;424.86;0.25;SELL
2016-03-28T00:22:31.723000;2016-03-28T00:22:31.873000;b1a67da5-d316-46c7-b989-2b8c3ff37815;424.85;0.05;SELL
2016-03-28T00:22:31.723000;2016-03-28T00:22:31.873000;e470ef15-85b7-4f0e-bcc4-8ffb63acc9d7;424.85;0.25;SELL
2016-03-28T00:22:31.723000;2016-03-28T00:22:31.873000;8465b4d6-5f01-4e83-9371-29c12ce88257;424.85;0.25;SELL
2016-03-28T00:22:31.723000;2016-03-28T00:22:31.873000;33ecd257-6f5d-43a4-b65f-918eb379ef37;424.85;0.2;SELL
2016-03-28T00:22:31.723000;2016-03-28T00:22:31.873000;db980e60-390d-47a8-9a88-f27dd0b1216f;424.85;0.102;SELL
2016-03-28T00:22:31.723000;2016-03-28T00:22:31.873000;87a8bbc7-8d70-47f2-b692-416e69ee0c10;424.84;0.5;SELL
2016-03-28T00:22:31.723000;2016-03-28T00:22:31.873000;2b099536-aded-409c-9cba-8746ecbd24af;424.83;0.1985;SELL
2016-03-28T00:22:31.723000;2016-03-28T00:22:31.873000;132ccee9-6b6c-4ff4-b122-4fe275dd4352;424.83;0.5;SELL
2016-03-28T00:22:31.723000;2016-03-28T00:22:31.873000;97774383-e076-44b4-8d50-c1d64f8dfad6;424.82;3.92569;SELL
2016-03-28T00:22:31.723000;2016-03-28T00:22:31.873000;fab31a4d-e59f-4060-9d09-d505a985e589;424.81;0.25;SELL
2016-03-28T00:22:31.723000;2016-03-28T00:22:31.873000;219619b4-6188-4a11-adcd-94712fec2f3b;424.81;0.25;SELL
2016-03-28T00:22:31.723000;2016-03-28T00:22:31.873000;a46d812c-046e-4ba1-b540-f59950b8541e;424.8;4.47886;SELL
2016-03-28T00:23:01.467000;2016-03-28T00:23:01.513000;b2046669-ff39-4252-ac97-187dd4b9f9b4;424.92;0.05824;BUY
2016-03-28T00:23:02.900000;2016-03-28T00:23:02.950000;9abf9d22-6a92-4b13-9285-c6475e74e97f;424.88;0.01;SELL
2016-03-28T00:23:02.900000;2016-03-28T00:23:02.950000;035d7a25-3e8e-4afb-b56d-075a2844677a;424.87;0.01;SELL
2016-03-28T00:23:02.900000;2016-03-28T00:23:02.950000;e18ed448-2f3d-4b85-abae-ef8f5cb54ab5;424.86;0.06;SELL
2016-03-28T00:23:02.940000;2016-03-28T00:23:02.980000;a1c3785f-3726-4dcf-9475-bef34db24e96;424.86;0.03;SELL
2016-03-28T00:23:02.940000;2016-03-28T00:23:02.997000;a9df8d61-4e1b-4c25-b433-f56dab894883;424.84;0.01;SELL
2016-03-28T00:23:02.940000;2016-03-28T00:23:02.997000;26dc14f9-11bb-4982-a691-1ea59a6668e3;424.83;0.01;SELL
2016-03-28T00:23:02.940000;2016-03-28T00:23:02.997000;8932fedb-29eb-4476-ad5c-162584398b3f;424.81;0.091;SELL
2016-03-28T00:23:02.940000;2016-03-28T00:23:02.997000;4733250b-dee4-404a-b4bb-926e442976ff;424.8;0.009;SELL
2016-03-28T00:23:31.873000;2016-03-28T00:23:31.920000;d1630e82-898f-4ae4-bf60-6ae47ab7d829;424.9;0.01166;BUY
2016-03-28T00:24:01.517000;2016-03-28T00:24:01.560000;262b10be-afb7-441e-be1a-785808d093a7;424.88;0.01;SELL
2016-03-28T00:24:01.517000;2016-03-28T00:24:01.577000;3db292cc-7105-424f-9253-82803bf3bff3;424.87;0.01;SELL
2016-03-28T00:24:01.517000;2016-03-28T00:24:01.577000;ad076a83-a4bb-49d6-8546-d8de0ceb903f;424.86;0.01;SELL
2016-03-28T00:24:01.517000;2016-03-28T00:24:01.577000;2cad99e0-6f66-4595-a3d8-0aba85ab824b;424.86;0.123;SELL
2016-03-28T00:24:01.517000;2016-03-28T00:24:01.577000;8d83477f-7060-473e-a4a4-0dac490b7882;424.85;0.01;SELL
2016-03-28T00:24:01.517000;2016-03-28T00:24:01.670000;b6d4b599-9e7c-4533-9fb4-44cf1ce6c3b4;424.84;0.00017;SELL
2016-03-28T00:25:01.457000;2016-03-28T00:25:01.497000;221c2e87-d500-4bd1-b7bd-95a2a8582cdf;424.9;0.69874;BUY
2016-03-28T00:25:31.463000;2016-03-28T00:25:31.513000;57450421-40e0-4f99-9b68-3141452216d4;424.9;0.30126;BUY
2016-03-28T00:25:31.463000;2016-03-28T00:25:31.513000;1114a94d-bc9a-4f90-bc38-a1bbd1589e31;424.9;0.15546;BUY
2016-03-28T00:26:01.463000;2016-03-28T00:26:01.497000;81b30003-f1d0-4c3d-8c8a-d49a04bb63a3;424.9;0.07554;BUY
2016-03-28T00:26:01.463000;2016-03-28T00:26:01.513000;e4e5f6ef-87b2-48ba-ac79-413dc3946a85;424.9;0.20175;BUY
2016-03-28T00:26:31.523000;2016-03-28T00:26:31.560000;fdb45597-0d76-4850-9a41-ac6d111abb18;424.9;0.02925;BUY
2016-03-28T00:26:31.523000;2016-03-28T00:26:31.577000;88fe4c51-ebe7-4148-b0b9-661a7f29d86a;424.9;0.231;BUY
2016-03-28T00:26:31.523000;2016-03-28T00:26:31.577000;75d1f623-5629-4809-a903-7c8fa34df534;424.9;0.232;BUY
2016-03-28T00:26:31.523000;2016-03-28T00:26:31.577000;ffda33e2-21b2-4c36-a449-af3f74210f34;424.9;0.231;BUY
2016-03-28T00:26:31.523000;2016-03-28T00:26:31.637000;a0b5c941-e445-4ed3-81ca-7a0d406e9cf0;424.9;0.232;BUY
2016-03-28T00:26:31.523000;2016-03-28T00:26:31.637000;5c1d8947-3e6e-433d-ac6d-59e23b1fec99;424.9;0.231;BUY
2016-03-28T00:26:31.523000;2016-03-28T00:26:31.637000;a3ea8683-21ee-4f50-b707-5ed2b6a32ab3;424.9;0.232;BUY
2016-03-28T00:26:31.523000;2016-03-28T00:26:31.637000;d766893d-7795-436a-8dd5-3ffd8701826c;424.9;0.232;BUY
2016-03-28T00:26:31.523000;2016-03-28T00:26:31.653000;dd6c61fa-c634-4105-9caa-cea0191fba27;424.9;0.231;BUY
2016-03-28T00:26:31.523000;2016-03-28T00:26:31.653000;78265ce2-6fe2-469a-a820-17ba06972fe5;424.9;0.232;BUY
2016-03-28T00:26:31.523000;2016-03-28T00:26:31.653000;bc3cc900-36f2-4345-a3ce-d3d8ecc9e8fa;424.9;0.231;BUY
2016-03-28T00:26:31.523000;2016-03-28T00:26:31.653000;6d87ba29-a5d1-4b43-9cdf-e345396a5243;424.9;0.231;BUY
2016-03-28T00:26:31.523000;2016-03-28T00:26:31.653000;016ef86b-363a-4145-ab67-e340c07699d5;424.9;0.231;BUY
2016-03-28T00:26:31.523000;2016-03-28T00:26:31.653000;14b00d9e-a1bf-4192-9672-582a8360fdf6;424.9;0.00227;BUY
2016-03-28T00:27:01.643000;2016-03-28T00:27:01.683000;b5b94a6f-fbe2-4166-bae8-b4bd614887eb;424.9;0.22973;BUY
2016-03-28T00:27:01.643000;2016-03-28T00:27:01.700000;9bd64e33-6bd7-441c-89e1-cfad558420f6;424.9;0.09494;BUY
2016-03-28T00:27:31.470000;2016-03-28T00:27:31.497000;c3af352f-ce6c-489c-8aad-6e3cf663a65e;424.89;0.01;SELL
2016-03-28T00:27:31.470000;2016-03-28T00:27:31.527000;f3b485c3-7f7d-447a-8c64-54cf5957e076;424.89;0.05529;SELL
2016-03-28T00:28:32.247000;2016-03-28T00:28:32.277000;84d06001-9771-46b2-b9f8-d80d5ada81fe;424.9;0.13606;BUY
2016-03-28T00:28:32.247000;2016-03-28T00:28:32.293000;62692ce4-bd6a-4050-9677-aa7c32596827;424.9;0.231;BUY
2016-03-28T00:28:32.247000;2016-03-28T00:28:32.293000;9402271b-e66b-417c-b0ae-19c361e0a571;424.9;0.232;BUY
2016-03-28T00:28:32.247000;2016-03-28T00:28:32.293000;580154af-8ecd-44a4-8239-9801d780b4f2;424.9;0.19785;BUY
2016-03-28T00:29:01.537000;2016-03-28T00:29:01.560000;37995b0b-03d4-4347-aea1-f5db08564881;424.89;0.50811;SELL
2016-03-28T00:29:31.480000;2016-03-28T00:29:31.513000;94584952-6894-4ee8-a28a-6b0fdebeade7;424.89;0.4366;SELL
2016-03-28T00:29:31.480000;2016-03-28T00:29:31.513000;9b04dbc8-0a52-4a8c-b357-96d6b716b8a4;424.88;0.01;SELL
2016-03-28T00:29:31.480000;2016-03-28T00:29:31.530000;48bf400b-6eec-4df9-a8c8-2777d9404dee;424.87;0.01;SELL
2016-03-28T00:29:31.480000;2016-03-28T00:29:31.530000;cdf55913-19a4-4631-b2a1-1cb866eb3375;424.86;0.01;SELL
2016-03-28T00:29:31.480000;2016-03-28T00:29:31.530000;b71a9e67-1af4-483a-8b9d-c9948ac1fc1f;424.85;0.01;SELL
2016-03-28T00:29:31.480000;2016-03-28T00:29:31.607000;e3411704-638e-48b3-ad80-7b4dec6a8ce1;424.84;0.00983;SELL
2016-03-28T00:29:31.480000;2016-03-28T00:29:31.607000;c6db4d90-3bad-4719-99df-db6cfbd8337f;424.84;0.11541;SELL
2016-03-28T00:30:01.513000;2016-03-28T00:30:01.543000;feea5f7c-2807-44e2-bbd6-78b069b61b75;424.89;0.314;BUY
2016-03-28T00:30:01.513000;2016-03-28T00:30:01.560000;38dcc94a-1595-40c6-a71a-38745401a88e;424.9;0.15;BUY
2016-03-28T00:30:01.513000;2016-03-28T00:30:01.560000;031f6341-5f0b-414c-ba72-149c83615301;424.9;0.231;BUY
2016-03-28T00:30:01.513000;2016-03-28T00:30:01.560000;e4cac3c3-2567-469b-9a27-ae711a34072c;424.9;0.232;BUY
2016-03-28T00:30:01.513000;2016-03-28T00:30:01.560000;86be3c37-bae1-4f29-86cc-be94a255cebf;424.9;0.231;BUY
2016-03-28T00:30:01.513000;2016-03-28T00:30:01.637000;6e23a3b6-9a0b-42cd-b52f-3a48208decfe;424.9;0.369;BUY
2016-03-28T00:30:01.513000;2016-03-28T00:30:01.637000;4a491fbe-2de4-4088-b718-7573263af270;424.9;0.231;BUY
2016-03-28T00:30:01.513000;2016-03-28T00:30:01.637000;d61ddcaf-96ec-4661-83dc-9c9cc3d062e1;424.9;0.23;BUY
2016-03-28T00:30:01.513000;2016-03-28T00:30:01.637000;60be772e-db42-40a0-b7f3-fbd95bc857e6;424.9;0.10918;BUY
2016-03-28T00:30:20.670000;2016-03-28T00:30:20.717000;7c3fef15-12f6-4df5-ac77-d3490c628e50;424.88;0.01;SELL
2016-03-28T00:30:20.670000;2016-03-28T00:30:20.730000;4a5a7705-5c62-40ab-ac32-202fb2550ebc;424.87;0.01;SELL
2016-03-28T00:30:20.670000;2016-03-28T00:30:20.730000;a130976d-5596-4017-a57e-f110676ac656;424.86;0.01;SELL
2016-03-28T00:30:20.670000;2016-03-28T00:30:20.730000;39935608-2856-4abd-84d8-d0e009bfe45a;424.85;0.01;SELL
2016-03-28T00:30:20.670000;2016-03-28T00:30:20.730000;1ed74485-e87a-4a81-baa7-3f93823f1b20;424.84;0.38459;SELL
2016-03-28T00:30:20.670000;2016-03-28T00:30:20.747000;42c17193-dcd5-4396-b70e-6ee4ba80edef;424.83;0.01;SELL
2016-03-28T00:30:20.673000;2016-03-28T00:30:20.747000;f119eaf4-b813-41ce-b563-c8ae34a30e9c;424.83;0.5;SELL
2016-03-28T00:30:20.673000;2016-03-28T00:30:20.780000;9496fb6c-19a0-4dad-b1f3-714471cb59f3;424.83;0.106;SELL
2016-03-28T00:30:20.673000;2016-03-28T00:30:20.780000;1e91b351-ef45-495b-bd2c-19fa9929c4ea;424.82;0.01;SELL
2016-03-28T00:30:20.673000;2016-03-28T00:30:20.780000;ce4d12f3-e7f2-43f4-b270-4c616f6248f0;424.81;8.2;SELL
2016-03-28T00:30:20.673000;2016-03-28T00:30:20.780000;4cdbcd4c-6532-4006-a542-3fc84aeff285;424.8;4.91214;SELL
2016-03-28T00:30:20.673000;2016-03-28T00:30:20.780000;6a209318-3eed-4db7-9971-6ce00f65dc41;424.78;0.25;SELL
2016-03-28T00:30:20.673000;2016-03-28T00:30:20.780000;1e2e9e76-a941-43fc-b200-0394efaffb76;424.78;0.25;SELL
2016-03-28T00:30:20.673000;2016-03-28T00:30:20.780000;20d5455b-147b-4209-8e65-02330605b3ad;424.78;0.123;SELL
2016-03-28T00:30:20.673000;2016-03-28T00:30:20.780000;d12c32eb-c63c-4cab-842b-42ef27edcadf;424.76;0.25;SELL
2016-03-28T00:30:20.673000;2016-03-28T00:30:20.780000;297bfd00-9822-46f4-a002-eae752de5ac7;424.76;0.25;SELL
2016-03-28T00:30:20.673000;2016-03-28T00:30:20.780000;2f4a3644-9dd6-4a8f-b2bc-b42fb68fdf71;424.73;0.25;SELL
2016-03-28T00:30:20.673000;2016-03-28T00:30:20.810000;5984a167-6242-4513-b8dd-a7faa8252765;424.72;0.25;SELL
2016-03-28T00:30:20.673000;2016-03-28T00:30:20.827000;9b726dbf-9c13-4bfa-86eb-ddcdf7fee7a8;424.72;0.25;SELL
2016-03-28T00:30:20.673000;2016-03-28T00:30:20.827000;4f8d48d1-c8b8-4c64-a265-0944eabb96b2;424.72;1.0;SELL
2016-03-28T00:30:20.673000;2016-03-28T00:30:20.827000;d30fa3af-851f-4878-9b52-ae4aa87674d2;424.72;0.121;SELL
2016-03-28T00:30:20.673000;2016-03-28T00:30:20.827000;afb03b64-7340-418d-9403-0d421ed67def;424.71;0.25;SELL
2016-03-28T00:30:20.673000;2016-03-28T00:30:20.827000;4d1c5232-039a-4d80-b937-b19981311937;424.71;0.25;SELL
2016-03-28T00:30:20.673000;2016-03-28T00:30:20.827000;c8b3306b-b78f-4a00-96e2-bbf1f4138dd7;424.71;0.25;SELL
2016-03-28T00:30:20.673000;2016-03-28T00:30:20.827000;35848b94-1754-4b34-8231-7f0eb64624ee;424.71;0.25;SELL
2016-03-28T00:30:20.673000;2016-03-28T00:30:20.827000;bd7366b1-3e1e-4eb9-9b8d-e737c7850f9c;424.7;0.25;SELL
2016-03-28T00:30:20.673000;2016-03-28T00:30:20.827000;0708309d-2810-4a39-9a6f-b0487b070fbe;424.69;0.01;SELL
2016-03-28T00:30:20.673000;2016-03-28T00:30:20.827000;edfd79b7-219e-4488-8709-fc3777334399;424.68;0.25;SELL
2016-03-28T00:30:20.677000;2016-03-28T00:30:20.827000;225e1c44-e382-4a72-afe7-761f64467112;424.68;0.25;SELL
2016-03-28T00:30:20.677000;2016-03-28T00:30:20.827000;0486bc6f-809b-4f9a-ab55-c83c5bf1c9b0;424.66;2.557;SELL
2016-03-28T00:30:20.677000;2016-03-28T00:30:20.827000;2367c734-ab11-474a-a3d8-121d0cc0630b;424.66;0.125;SELL
2016-03-28T00:30:20.677000;2016-03-28T00:30:20.827000;10450ae2-756e-4d70-8919-0bbca7ef57e0;424.65;0.122;SELL
2016-03-28T00:30:20.677000;2016-03-28T00:30:20.827000;13ef5fb2-8ca2-4654-a023-669d5ab5bbc3;424.6;0.01;SELL
2016-03-28T00:30:20.677000;2016-03-28T00:30:20.827000;6f680686-e57b-431d-8d21-cc5c8a5ca155;424.6;0.083;SELL
2016-03-28T00:30:20.677000;2016-03-28T00:30:20.827000;d16593b6-0ad1-4a24-909a-c01e2faae889;424.55;0.02;SELL
2016-03-28T00:30:20.677000;2016-03-28T00:30:20.827000;5a22b6f1-51fe-4b22-a625-401a720c43a1;424.55;0.117;SELL
2016-03-28T00:30:20.677000;2016-03-28T00:30:20.827000;cc1b1530-474a-4441-b0ca-17b3a9c68d4e;424.54;0.05;SELL
2016-03-28T00:30:20.677000;2016-03-28T00:30:20.827000;8e200914-6e5f-4375-951a-1e00894d5cd1;424.54;0.25;SELL
2016-03-28T00:30:20.677000;2016-03-28T00:30:20.827000;b7096e62-499f-4e6b-9a3b-8cf8201a8af6;424.53;0.2;SELL
2016-03-28T00:30:20.677000;2016-03-28T00:30:20.840000;aeaec76c-3ff7-47e0-94a9-e88cdb70570b;424.52;0.01;SELL
2016-03-28T00:30:20.677000;2016-03-28T00:30:20.840000;1d298c0d-3f67-4625-97e1-0dc22f542fb2;424.52;1.16;SELL
2016-03-28T00:30:20.677000;2016-03-28T00:30:20.840000;08b06ba5-1399-4e0e-88b2-16a225fe60ff;424.51;0.05;SELL
2016-03-28T00:30:20.677000;2016-03-28T00:30:20.840000;462ba7fe-2248-4917-b54e-8f87fa3adc27;424.5;0.128;SELL
2016-03-28T00:30:20.677000;2016-03-28T00:30:20.857000;478a78ab-a86f-4919-b603-cf38f14d0778;424.48;0.05;SELL
2016-03-28T00:30:20.677000;2016-03-28T00:30:20.873000;636f2402-93b3-4d40-9d15-6bbb22768eb9;424.45;0.05;SELL
2016-03-28T00:30:20.677000;2016-03-28T00:30:20.873000;bc3ce999-97d8-4bb9-92ed-4ff3c799facb;424.45;1.85;SELL
2016-03-28T00:30:20.677000;2016-03-28T00:30:20.873000;0df8b61f-35be-4315-89d5-9f605e5d74e0;424.43;0.121;SELL
2016-03-28T00:30:20.677000;2016-03-28T00:30:20.873000;aa1bf64a-53d7-4be3-92f3-64946e0862f6;424.42;0.05;SELL
2016-03-28T00:30:20.677000;2016-03-28T00:30:20.873000;2a11d2f1-c668-479c-bb2e-0f6d0f7435ca;424.4;0.01;SELL
2016-03-28T00:30:20.680000;2016-03-28T00:30:20.873000;adae4e5b-18cd-4ebe-ae88-eed222243061;424.4;0.5;SELL
2016-03-28T00:30:20.680000;2016-03-28T00:30:20.873000;407ad488-4f78-47ef-ae6b-2c613847ce56;424.39;0.05;SELL
2016-03-28T00:30:20.680000;2016-03-28T00:30:20.873000;83628bcc-824e-4625-9c8a-d6f48eb8bfeb;424.39;2.401;SELL
2016-03-28T00:30:20.680000;2016-03-28T00:30:20.873000;4bb4fdf0-5207-46c0-b14d-69c8c639cca0;424.39;16.97;SELL
2016-03-28T00:30:20.680000;2016-03-28T00:30:20.873000;b3505ae7-0ea6-4661-a716-908508d942b4;424.37;0.01;SELL
2016-03-28T00:30:20.680000;2016-03-28T00:30:20.920000;e8fd7516-790f-4199-bae2-23edb45f8edc;424.36;0.05;SELL
2016-03-28T00:30:20.680000;2016-03-28T00:30:20.920000;a574a9e7-0aa1-4270-a2f0-7ba64647bc55;424.36;0.01;SELL
2016-03-28T00:30:20.680000;2016-03-28T00:30:20.920000;a8ddabba-137c-48f7-b5cf-3b8c72d86bac;424.33;0.05;SELL
2016-03-28T00:30:20.680000;2016-03-28T00:30:20.920000;eeab6497-6536-4baf-94fa-f2bcc3770496;424.33;0.258;SELL
2016-03-28T00:30:20.680000;2016-03-28T00:30:20.920000;72600c39-556c-4961-a513-e93a3a07e489;424.3;0.01;SELL
2016-03-28T00:30:20.680000;2016-03-28T00:30:20.920000;0503d61a-508a-4004-bbfb-ad16f6c2bc24;424.3;0.05;SELL
2016-03-28T00:30:20.680000;2016-03-28T00:30:20.920000;080ed9c7-c00f-4c2b-be1c-6a7c399d4ced;424.3;0.0201051;SELL
2016-03-28T00:30:20.680000;2016-03-28T00:30:20.920000;8b736850-ea80-4353-9fca-d20587ae7b60;424.28;0.01;SELL
2016-03-28T00:30:20.680000;2016-03-28T00:30:20.920000;61153590-9025-4c3d-af3f-25215dadf80d;424.28;0.241;SELL
2016-03-28T00:30:20.680000;2016-03-28T00:30:20.920000;4705c30c-1d03-40dc-9a20-b3e89acceb52;424.27;0.05;SELL
2016-03-28T00:30:20.680000;2016-03-28T00:30:20.920000;b36f53b1-3420-4c99-a193-7cb2f61b600b;424.27;0.01;SELL
2016-03-28T00:30:20.680000;2016-03-28T00:30:20.920000;23034008-39d5-434c-9c34-a4b00cb58ce8;424.24;0.05;SELL
2016-03-28T00:30:20.680000;2016-03-28T00:30:20.920000;4fa6f3bd-3175-4d72-892c-5cb270b7ace5;424.24;2.625;SELL
2016-03-28T00:30:20.680000;2016-03-28T00:30:20.920000;9cc1b6f2-0b31-4805-b28f-320b972569f2;424.23;0.22;SELL
2016-03-28T00:30:20.680000;2016-03-28T00:30:20.920000;fd938d15-5266-4729-9f4c-4c9c281210b3;424.21;0.02;SELL
2016-03-28T00:30:20.680000;2016-03-28T00:30:20.920000;e63566bb-5f9b-4dcf-94e8-3750659d1ed8;424.21;0.03;SELL
2016-03-28T00:30:20.680000;2016-03-28T00:30:20.920000;fb09c7a7-01b7-4226-aff4-94bc7d372863;424.2;0.02009446;SELL
2016-03-28T00:30:20.683000;2016-03-28T00:30:20.920000;d94dccee-2c30-44e8-85f1-d5bfd6902ea4;424.2;0.01;SELL
2016-03-28T00:30:20.683000;2016-03-28T00:30:20.933000;8c5389c2-e7cd-4321-a609-1a8a63452ef8;424.19;0.05;SELL
2016-03-28T00:30:20.683000;2016-03-28T00:30:20.933000;1d2fd1a1-edc5-4ddb-86ba-c480ae082be0;424.18;0.237;SELL
2016-03-28T00:30:20.683000;2016-03-28T00:30:20.933000;bb825598-6e7a-41da-80fa-13c3a7029a44;424.16;0.05;SELL
2016-03-28T00:30:20.683000;2016-03-28T00:30:20.933000;ce14d1c2-14e5-48aa-809d-dd3d15686fdc;424.15;0.17449;SELL
2016-03-28T00:30:20.683000;2016-03-28T00:30:20.933000;5e24612a-e8dc-4019-9bf6-887aeb8c0e1b;424.15;0.01;SELL
2016-03-28T00:30:20.683000;2016-03-28T00:30:20.933000;d07372d3-494e-4313-9699-0852b1ddc03f;424.13;0.05;SELL
2016-03-28T00:30:20.683000;2016-03-28T00:30:20.933000;8595049a-5a10-4b38-9d40-5d626ea4ced1;424.13;0.227;SELL
2016-03-28T00:30:20.683000;2016-03-28T00:30:20.933000;7788b99c-25ec-4e66-8dc9-9804b2d2e8f5;424.11;1.0;SELL
2016-03-28T00:30:20.683000;2016-03-28T00:30:20.933000;2c0fa52d-5764-480c-90e5-848e95b80787;424.1;0.02007177;SELL
2016-03-28T00:30:20.683000;2016-03-28T00:30:20.933000;c648b61b-b199-4abe-a73c-3246af62dd4b;424.1;0.05;SELL
2016-03-28T00:30:20.683000;2016-03-28T00:30:20.950000;f0ac527e-181f-415c-b7ce-0d464f07aafc;424.09;3.132;SELL
2016-03-28T00:30:20.683000;2016-03-28T00:30:20.950000;0d89ea17-2f44-47da-bac7-a4561932cd11;424.08;0.225;SELL
2016-03-28T00:30:20.683000;2016-03-28T00:30:20.950000;b51d1091-117f-4c0d-a522-f54dd81e5500;424.07;0.05;SELL
2016-03-28T00:30:20.683000;2016-03-28T00:30:20.950000;cdb07ff3-9746-42de-be6e-2983d85c0845;424.04;0.05;SELL
2016-03-28T00:30:20.683000;2016-03-28T00:30:20.950000;3e79192a-e7ef-440e-bf19-14e5c0b7d1d9;424.03;0.252;SELL
2016-03-28T00:30:20.683000;2016-03-28T00:30:20.967000;6a646221-32f1-499d-86d4-37bf89c0c0a5;424.0;0.04;SELL
2016-03-28T00:30:20.683000;2016-03-28T00:30:20.980000;8e9a9c7a-aa99-4ad5-b3c9-f6c8c2fd722d;424.0;0.01;SELL
2016-03-28T00:30:20.683000;2016-03-28T00:30:20.980000;d91ca971-ff52-4b0b-afb7-481ecdf3141a;424.0;0.01;SELL
2016-03-28T00:30:20.687000;2016-03-28T00:30:20.980000;f03008c4-663a-4ca7-8649-9d321ea7256b;424.0;0.1;SELL
2016-03-28T00:30:20.687000;2016-03-28T00:30:20.980000;6d534eed-1e15-4b6e-9992-412c27765e5a;424.0;0.02009498;SELL
2016-03-28T00:30:20.687000;2016-03-28T00:30:21.013000;478da566-4e7e-4bc7-9503-408e0c8076b7;424.0;0.08881843;SELL
2016-03-28T00:30:20.687000;2016-03-28T00:30:21.013000;9d2e0ec7-cba0-4afa-9fe6-f792d65bc826;424.0;0.1;SELL
2016-03-28T00:30:20.687000;2016-03-28T00:30:21.013000;5e89797d-737f-442f-8ddf-d9f72fee1607;424.0;3.7;SELL
2016-03-28T00:30:20.687000;2016-03-28T00:30:21.013000;6364eafe-27e7-4dc8-a929-a966cb87e8d4;423.98;0.237;SELL
2016-03-28T00:30:20.687000;2016-03-28T00:30:21.013000;6dcbfe4e-c4e0-4408-919d-8e6edc3bcc97;423.97;0.05;SELL
2016-03-28T00:30:20.687000;2016-03-28T00:30:21.013000;899fef57-c571-41d0-984f-0efb0967e744;423.96;3.138;SELL
2016-03-28T00:30:20.687000;2016-03-28T00:30:21.013000;849c902c-009a-44b2-a1c1-b2f191aa2896;423.94;0.05;SELL
2016-03-28T00:30:20.687000;2016-03-28T00:30:21.013000;c086e405-aa77-4434-8fc7-b551a8ed1500;423.93;0.232;SELL
2016-03-28T00:30:20.687000;2016-03-28T00:30:21.013000;8637b733-bfdb-40dc-a4ce-b436e6b701ef;423.91;0.05;SELL
2016-03-28T00:30:20.687000;2016-03-28T00:30:21.013000;9689f3ca-2dd5-4c3f-a2fd-38a9f5d5a272;423.9;0.02009524;SELL
2016-03-28T00:30:20.687000;2016-03-28T00:30:21.013000;0cd578f4-560f-4c32-88da-d62893be582a;423.89;0.01;SELL
2016-03-28T00:30:20.687000;2016-03-28T00:30:21.013000;f14bb5f2-8df8-402c-bd04-ef7c883b02a4;423.88;0.01;SELL
2016-03-28T00:30:20.687000;2016-03-28T00:30:21.013000;b5d75235-8f74-4b50-9ce4-bd979880c931;423.88;0.05;SELL
2016-03-28T00:30:20.687000;2016-03-28T00:30:21.030000;a8a33ed9-b83d-4a01-9ff3-e9586340dd2e;423.88;0.225;SELL
2016-03-28T00:30:20.687000;2016-03-28T00:30:21.030000;f8b3d635-b15f-4497-acfe-4c99e67118ae;423.85;0.37401695;SELL
2016-03-28T00:30:26.287000;2016-03-28T00:30:26.327000;d75a021a-6c9f-4b4e-8eff-3e3378a7a1f7;424.1;0.02;BUY
2016-03-28T00:30:31.670000;2016-03-28T00:30:31.700000;0fac2ff9-a55e-435b-a57b-9cae8b0a65ff;424.01;0.05;BUY
2016-03-28T00:30:31.670000;2016-03-28T00:30:31.700000;f34d4a66-7806-4788-9b73-8ad7f1ab49de;424.04;0.05;BUY
2016-03-28T00:30:31.670000;2016-03-28T00:30:31.700000;b3bffb44-1d9f-4c78-94b4-1c01e065699b;424.07;0.05;BUY
2016-03-28T00:30:31.670000;2016-03-28T00:30:31.717000;e1d0ccbf-fb32-4ecc-ab21-ff6f94884c13;424.1;0.02;BUY
2016-03-28T00:30:31.670000;2016-03-28T00:30:31.717000;f8411a6c-9791-4b70-9e8c-f5014da0eef7;424.1;0.01;BUY
2016-03-28T00:30:31.670000;2016-03-28T00:30:31.717000;99e8fca2-6e87-4f7b-9364-4e91d40b003c;424.11;0.05;BUY
2016-03-28T00:30:31.670000;2016-03-28T00:30:31.717000;b883730e-295c-444e-9d25-59cf3d63be05;424.14;0.05;BUY
2016-03-28T00:30:31.670000;2016-03-28T00:30:31.730000;acf6ccd1-1d92-4f57-8d0c-2848a0ea8b5d;424.16;0.012;BUY
2016-03-28T00:30:31.670000;2016-03-28T00:30:31.730000;661d4d66-bd9e-46de-92ba-8371de00004b;424.17;0.05;BUY
2016-03-28T00:30:31.670000;2016-03-28T00:30:31.730000;a58f91b3-b9d0-4d0f-bc11-6e0216e2b495;424.19;0.98621;BUY
2016-03-28T00:31:01.500000;2016-03-28T00:31:01.530000;37256971-2978-4ac8-8719-5e4aad8cf505;424.2;0.05;BUY
2016-03-28T00:31:01.500000;2016-03-28T00:31:01.530000;770818db-9ec9-4eee-9f84-c0dc62c68d22;424.23;0.05;BUY
2016-03-28T00:31:01.500000;2016-03-28T00:31:01.543000;b7261a4e-92d4-4cdc-94f4-fb85fbcdb223;424.25;0.01;BUY
2016-03-28T00:31:01.503000;2016-03-28T00:31:01.543000;b201d1d7-3ee6-41eb-b3be-e0da8250a065;424.25;0.2;BUY
2016-03-28T00:31:01.503000;2016-03-28T00:31:01.543000;0ad5fd8b-f9ba-477b-b0a6-ada48787ad42;424.26;0.05;BUY
2016-03-28T00:31:01.503000;2016-03-28T00:31:01.560000;1770096b-31eb-4b83-8b26-584148ee93e0;424.27;0.67265;BUY
2016-03-28T00:32:01.487000;2016-03-28T00:32:01.513000;a05d1f1f-1dd4-4790-a1d3-e8dc251538d5;424.28;0.1985;BUY
2016-03-28T00:32:01.487000;2016-03-28T00:32:01.530000;4f084cd0-ead0-43e0-b3e0-4dc6ea5e084c;424.28;0.03019;BUY
2016-03-28T00:32:31.520000;2016-03-28T00:32:31.543000;9c493cb5-cc45-49b9-816e-e110bd8be84e;424.28;0.55883;BUY
2016-03-28T00:33:01.457000;2016-03-28T00:33:01.480000;6246ebb1-58ef-4b44-8c6a-0340b7c56c7a;424.29;0.05;BUY
2016-03-28T00:33:01.457000;2016-03-28T00:33:01.480000;bf4206e3-aff4-4f8c-a7e9-8c1f71c23fed;424.29;0.18336;BUY
2016-03-28T00:33:31.497000;2016-03-28T00:33:31.513000;52716a41-c036-4ee4-9500-d8b1e29d1ccc;424.31;0.03;BUY
2016-03-28T00:33:31.497000;2016-03-28T00:33:31.530000;54973b0e-d0eb-44cf-9c14-7a6bae55b5d0;424.31;0.02;BUY
2016-03-28T00:33:31.497000;2016-03-28T00:33:31.530000;a4cbd5ab-0567-4573-81c5-1cbd1e514da2;424.31;0.25;BUY
2016-03-28T00:33:31.497000;2016-03-28T00:33:31.530000;8bcd3bb8-ce8b-45db-963f-8567d50b9e08;424.31;0.079;BUY
2016-03-28T00:33:31.497000;2016-03-28T00:33:31.530000;3a646350-585c-4ad2-a602-c4f44746f9e5;424.34;0.05;BUY
2016-03-28T00:33:31.497000;2016-03-28T00:33:31.543000;3eadb2fe-9378-40c8-82d2-3065b0508881;424.36;0.01;BUY
2016-03-28T00:33:31.497000;2016-03-28T00:33:31.543000;690908c4-31c4-4c88-8ff4-761a79d4bc53;424.36;0.078;BUY
2016-03-28T00:33:31.497000;2016-03-28T00:33:31.560000;054b5ae3-c74e-4d79-ad5a-5e5347397b39;424.37;0.05;BUY
2016-03-28T00:33:31.497000;2016-03-28T00:33:31.607000;5477e8f0-a066-443a-a47e-8aa6211c908a;424.38;1.0;BUY
2016-03-28T00:33:31.497000;2016-03-28T00:33:31.623000;84096351-4856-4856-86b1-d49344ca3ffb;424.39;0.25;BUY
2016-03-28T00:33:31.500000;2016-03-28T00:33:31.623000;4487021e-21d0-4b61-a5c3-111b97ff4856;424.39;0.25;BUY
2016-03-28T00:33:31.500000;2016-03-28T00:33:31.623000;5cd42734-5b3e-4fde-a27a-7c35994c9067;424.39;0.01751;BUY
2016-03-28T00:34:01.547000;2016-03-28T00:34:01.560000;1b395d6e-6833-4ae4-b51e-aad76c9c71fa;424.33;0.01;SELL
2016-03-28T00:34:01.547000;2016-03-28T00:34:01.577000;3c019913-9c86-4b7e-a327-95a8a4092750;424.32;0.01;SELL
2016-03-28T00:34:01.547000;2016-03-28T00:34:01.577000;c7fada2b-c1d9-4c59-9362-dfc30ee1ec29;424.3;0.01;SELL
2016-03-28T00:34:01.547000;2016-03-28T00:34:01.577000;dd3d15c9-ab87-4e0c-81aa-a67f36b7ac8a;424.29;0.01;SELL
2016-03-28T00:34:01.547000;2016-03-28T00:34:01.590000;4df3b168-e4ab-44de-ad07-cb5090ed15ca;424.29;0.01;SELL
2016-03-28T00:34:01.547000;2016-03-28T00:34:01.590000;df65944f-8692-4e33-bc69-75e7f83e104a;424.28;0.01;SELL
2016-03-28T00:34:01.547000;2016-03-28T00:34:01.590000;2a1b5cf2-77c7-4ca6-a35a-bb5dc36441e4;424.27;0.01;SELL
2016-03-28T00:34:01.547000;2016-03-28T00:34:01.590000;93d8dba1-a68c-4730-ad9d-ae91fb670a75;424.27;1.5329;SELL
2016-03-28T00:34:31.417000;2016-03-28T00:34:31.433000;4bc21d0e-e992-408f-bfc2-8cfb4ca4fa6b;424.31;0.01;SELL
2016-03-28T00:34:31.417000;2016-03-28T00:34:31.433000;dfcb2140-b655-4029-9647-bdeffb7dac65;424.3;0.01;SELL
2016-03-28T00:34:31.417000;2016-03-28T00:34:31.433000;83567a34-7d52-463f-92dc-14a607cf2dbd;424.29;0.01;SELL
2016-03-28T00:34:31.417000;2016-03-28T00:34:31.450000;a34bfe30-f498-4298-802f-05b7ea97e6d7;424.27;7.99438;SELL
2016-03-28T00:35:01.467000;2016-03-28T00:35:01.480000;955bbfca-0390-42f3-8910-64b04015588d;424.32;0.01;BUY
2016-03-28T00:35:01.467000;2016-03-28T00:35:01.497000;09865f53-6045-48db-b068-c90650b2c2bb;424.34;5.22153;BUY
2016-03-28T00:35:31.490000;2016-03-28T00:35:31.497000;73abeb5b-5e75-48ba-a15d-6ef6477fd0bd;424.32;0.01;SELL
2016-03-28T00:35:31.490000;2016-03-28T00:35:31.530000;ae5ed62f-704a-4004-a123-e8063e2a756d;424.31;0.01;SELL
2016-03-28T00:35:31.490000;2016-03-28T00:35:31.530000;422c9efe-701c-41f6-a44e-7ecdbd3667d0;424.3;0.01;SELL
2016-03-28T00:35:31.490000;2016-03-28T00:35:31.530000;4b9f7136-6b9f-40ea-929f-8f3ca3631917;424.29;0.01;SELL
2016-03-28T00:35:31.490000;2016-03-28T00:35:31.530000;205ebdda-9eea-4408-a35c-159ec3a35812;424.28;0.01;SELL
2016-03-28T00:35:31.493000;2016-03-28T00:35:31.530000;2538a38e-be10-4de1-a398-444e46ce0371;424.28;0.1988;SELL
2016-03-28T00:35:31.493000;2016-03-28T00:35:31.530000;dc2b5218-f76c-4bb4-b062-5f59d39f39d0;424.27;0.25691;SELL
2016-03-28T00:35:52.783000;2016-03-28T00:35:52.793000;0f353cb0-9fb9-4f25-817b-3b1480a55cce;424.29;0.01;SELL
2016-03-28T00:35:52.783000;2016-03-28T00:35:52.810000;6dc7360c-dc78-418d-8422-ee6c11fab847;424.27;5.18099829;SELL
2016-03-28T00:36:01.523000;2016-03-28T00:36:01.543000;7bcc6adb-9989-4a23-8b6e-198a46034084;424.33;0.1;BUY
2016-03-28T00:36:01.527000;2016-03-28T00:36:01.577000;8008d39b-d221-47b3-8b34-7a0cf85028fc;424.33;0.119;BUY
2016-03-28T00:36:01.527000;2016-03-28T00:36:01.577000;91f049ae-8e91-4909-96d6-7ba805d93fe3;424.35;0.01876;BUY
2016-03-28T00:36:33.240000;2016-03-28T00:36:33.247000;ce3c7025-5657-46e6-bb2c-0cdb465bf493;424.34;0.01;BUY
2016-03-28T00:36:33.240000;2016-03-28T00:36:33.263000;aea64c3f-30ca-4df0-ad28-b36ef4f2b669;424.34;0.091;BUY
2016-03-28T00:36:33.240000;2016-03-28T00:36:33.263000;78853a90-da2f-458f-a90d-8c9072454233;424.35;0.01124;BUY
2016-03-28T00:36:33.243000;2016-03-28T00:36:33.263000;0532bc10-0217-481b-9c51-a02c6134fab5;424.35;0.1988;BUY
2016-03-28T00:36:33.243000;2016-03-28T00:36:33.263000;6450a69a-1c9b-429f-960f-c109c1be1250;424.35;0.01;BUY
2016-03-28T00:36:33.243000;2016-03-28T00:36:33.357000;fca2b347-6bde-44ec-a681-4ce55c8cd8f1;424.37;0.49499;BUY
2016-03-28T00:37:01.480000;2016-03-28T00:37:01.497000;8b9ccc1c-08d5-4735-91c2-6f8d8d325b97;424.37;0.02288;BUY
2016-03-28T00:37:31.493000;2016-03-28T00:37:31.533000;98aecb54-febc-4fa5-a5f2-194929452800;424.37;0.445;BUY
2016-03-28T00:37:31.493000;2016-03-28T00:37:31.547000;7f43c179-f447-4dd6-8dca-ef0b5d040ea1;424.37;0.01;BUY
2016-03-28T00:37:31.493000;2016-03-28T00:37:31.547000;c2b0bb2b-5a47-4828-a138-e43cb5dc76bb;424.37;1.82412;BUY
2016-03-28T00:38:01.520000;2016-03-28T00:38:01.563000;4bacaf8f-4580-4194-81df-5daf7653b79b;424.37;0.01;SELL
2016-03-28T00:38:01.520000;2016-03-28T00:38:01.580000;d1422f1c-6b2d-4665-98eb-cd761c63396c;424.37;0.01;SELL
2016-03-28T00:38:01.520000;2016-03-28T00:38:01.580000;556e8f3f-8ae2-483d-99e3-d9ba3bdefe35;424.33;0.01;SELL
2016-03-28T00:38:01.520000;2016-03-28T00:38:01.580000;05a041c5-8229-44a0-a9c4-e6fe17713efd;424.32;0.01;SELL
2016-03-28T00:38:01.520000;2016-03-28T00:38:01.580000;95e908ec-463c-416f-9f9e-77325787c8da;424.31;0.44072;SELL
2016-03-28T00:38:31.443000;2016-03-28T00:38:31.487000;cfea06b6-b3a5-4f28-b4b3-5495ddf312f2;424.37;0.41372;BUY
2016-03-28T00:40:01.573000;2016-03-28T00:40:01.610000;0622a084-0507-4264-b86f-14c9f2faf77e;424.37;0.388;BUY
2016-03-28T00:40:01.573000;2016-03-28T00:40:01.627000;1236483a-5492-44f8-b2f1-c5e0602aa74f;424.37;0.55665;BUY
2016-03-28T00:40:31.567000;2016-03-28T00:40:31.593000;4f4efc8a-a538-4cd2-a35a-2c2a27c6fc44;424.37;0.373;BUY
2016-03-28T00:40:31.567000;2016-03-28T00:40:31.627000;0148ba0e-f6cc-4ac1-999a-71e5f2dc960c;424.38;0.08172;BUY
2016-03-28T00:40:33.033000;2016-03-28T00:40:33.063000;26f56c44-59fc-4d9e-a65a-fd13653bca6d;424.37;0.01;SELL
2016-03-28T00:41:01.520000;2016-03-28T00:41:01.547000;c97c2da4-3414-46a2-8fe2-7f4f30fbb361;424.38;0.04;BUY
2016-03-28T00:41:01.520000;2016-03-28T00:41:01.563000;216cc6df-c595-4839-b8ba-4d1057ccd3df;424.38;0.182;BUY
2016-03-28T00:41:01.520000;2016-03-28T00:41:01.563000;bda51e5b-aed5-49e6-8d74-10abf58c7898;424.39;0.25;BUY
2016-03-28T00:41:01.520000;2016-03-28T00:41:01.563000;3224f3a6-af8e-4492-9d4b-4e9d81e94db2;424.39;0.15327;BUY
2016-03-28T00:41:33.730000;2016-03-28T00:41:33.767000;c59b559b-9a27-47ca-b3a8-a1fbb6964e83;424.38;0.01;SELL
2016-03-28T00:41:33.733000;2016-03-28T00:41:33.783000;11ac1e17-f74f-47c1-bf5a-7ba62c1b27c6;424.38;0.01;SELL
2016-03-28T00:41:33.733000;2016-03-28T00:41:33.783000;08ba1b97-9f32-4df2-bfc8-eb9f1c4779cc;424.37;0.01;SELL
2016-03-28T00:41:33.733000;2016-03-28T00:41:33.783000;748993b2-6d2d-49d4-ac9b-61718bf39bb4;424.35;0.01;SELL
2016-03-28T00:41:33.733000;2016-03-28T00:41:33.783000;4928fb15-2f81-40e4-a8c0-127c1c01f020;424.34;0.01;SELL
2016-03-28T00:41:33.733000;2016-03-28T00:41:33.877000;eb778e9d-8569-4cea-904e-7198d01673f2;424.33;0.01;SELL
2016-03-28T00:41:33.733000;2016-03-28T00:41:33.877000;2ede6e31-93bb-45d6-9f09-b3e360385ad3;424.32;0.01;SELL
2016-03-28T00:41:33.733000;2016-03-28T00:41:33.877000;c05db181-adfb-4fa7-8d92-f950ee20de9b;424.32;0.11;SELL
2016-03-28T00:41:33.733000;2016-03-28T00:41:33.877000;df036097-41f8-4f1f-96bb-0edd20b0f975;424.31;0.55928;SELL
2016-03-28T00:41:33.733000;2016-03-28T00:41:33.877000;c5b5042f-3d28-473d-b554-2a1266dcd1dd;424.3;0.01;SELL
2016-03-28T00:41:33.733000;2016-03-28T00:41:33.877000;8490e291-1ee0-4fc1-a497-49796f643a08;424.28;0.1988;SELL
2016-03-28T00:41:33.733000;2016-03-28T00:41:33.877000;3149ec2b-5fcf-4c21-a9e5-bf8a59356bea;424.27;9.03481171;SELL
2016-03-28T00:41:33.733000;2016-03-28T00:41:33.877000;98e63deb-3db2-47d4-a25f-70274f8073d0;424.27;0.05;SELL
2016-03-28T00:41:33.733000;2016-03-28T00:41:33.877000;14fa2d9f-c40b-4f5b-b8c6-cba862e79f4f;424.27;0.25;SELL
2016-03-28T00:41:33.733000;2016-03-28T00:41:33.877000;71f58bfa-7d05-4211-b677-5c7f29a74aff;424.27;0.08;SELL
2016-03-28T00:41:33.737000;2016-03-28T00:41:33.877000;a8bcf28c-551f-4da4-b296-ca9bb594353a;424.27;0.25;SELL
2016-03-28T00:41:33.737000;2016-03-28T00:41:33.877000;230d9414-9f25-4921-9a63-f3d7ef1b713c;424.24;0.05;SELL
2016-03-28T00:41:33.737000;2016-03-28T00:41:33.877000;bd3426d1-d912-4255-8b32-a7a6b5371a30;424.22;0.11;SELL
2016-03-28T00:41:33.737000;2016-03-28T00:41:33.877000;37875ec5-0827-4a92-967b-fb616c14d689;424.21;0.03;SELL
2016-03-28T00:41:33.737000;2016-03-28T00:41:33.877000;9ccdf5f0-bbd7-4312-a02c-e6b4563a4ba4;424.21;0.02;SELL
2016-03-28T00:41:33.737000;2016-03-28T00:41:33.877000;314008ac-da8a-4c29-8430-349260804e5d;424.19;0.01;SELL
2016-03-28T00:41:33.737000;2016-03-28T00:41:33.877000;7b35fe98-9cd7-47e5-9794-e02e7ada3bf9;424.19;0.05;SELL
2016-03-28T00:41:33.737000;2016-03-28T00:41:33.877000;44fe0c8a-20d6-4c21-bba9-fc14195792f6;424.17;0.104;SELL
2016-03-28T00:41:33.737000;2016-03-28T00:41:33.877000;c63ce54f-e422-4603-8c83-5976bfd4c133;424.16;0.05;SELL
2016-03-28T00:41:33.737000;2016-03-28T00:41:33.877000;f9bfcca5-141d-4ccc-a79c-ebaec8304beb;424.15;0.01;SELL
2016-03-28T00:41:33.737000;2016-03-28T00:41:33.890000;04b94514-97f5-4333-9a3e-9680328c480f;424.15;0.25;SELL
2016-03-28T00:41:33.737000;2016-03-28T00:41:33.890000;7b44d727-8d02-46ba-8f0e-dd7a12ad5a29;424.15;0.10518829;SELL
2016-03-28T00:42:01.677000;2016-03-28T00:42:01.703000;15ab8858-74bc-4b6e-8688-af10c711b22f;424.26;0.05;BUY
2016-03-28T00:42:01.677000;2016-03-28T00:42:01.720000;b2cc81a3-2fdc-4174-a952-5e5c61f3e6a5;424.29;0.05;BUY
2016-03-28T00:42:01.677000;2016-03-28T00:42:01.720000;c37eabc6-5715-43fd-8fcc-d8bd4ea59cce;424.29;0.118;BUY
2016-03-28T00:42:01.677000;2016-03-28T00:42:01.720000;51803d86-77ab-4d0e-abb1-3638a5576111;424.31;0.02;BUY
2016-03-28T00:42:01.677000;2016-03-28T00:42:01.720000;b996dcd4-bd71-4a23-b1c0-412a58c5cc10;424.31;0.03;BUY
2016-03-28T00:42:01.677000;2016-03-28T00:42:01.813000;dcfa1139-19fc-434b-9162-d7444a4da8de;424.34;0.05;BUY
2016-03-28T00:42:01.677000;2016-03-28T00:42:01.813000;b912fbb7-23b6-44df-9312-00646bb1d1d3;424.34;0.076;BUY
2016-03-28T00:42:01.677000;2016-03-28T00:42:01.813000;78d4b4ca-8cca-4376-8065-60e284c74a97;424.37;0.05;BUY
2016-03-28T00:42:01.677000;2016-03-28T00:42:01.813000;2b65bb5e-7b7e-44ed-a409-5c56a355122a;424.38;0.01;BUY
2016-03-28T00:42:01.677000;2016-03-28T00:42:01.813000;a39df20b-a327-4c11-862d-03542c5bf848;424.38;0.2;BUY
2016-03-28T00:42:01.677000;2016-03-28T00:42:01.813000;18a50013-cff7-4492-b342-01241764cc4c;424.39;0.09673;BUY
2016-03-28T00:42:01.677000;2016-03-28T00:42:01.813000;01a9444a-c6f0-4c31-8900-572c967335d7;424.39;0.07775;BUY
2016-03-28T00:42:31.617000;2016-03-28T00:42:31.657000;fe9c1675-fa62-4980-8491-f35f4662b3cb;424.37;0.035;BUY
2016-03-28T00:43:01.413000;2016-03-28T00:43:01.440000;9158e87b-1a90-4135-9300-1817c68df5cd;424.39;0.17225;BUY
2016-03-28T00:43:01.413000;2016-03-28T00:43:01.453000;ec2fd7d8-a761-46ae-8d09-ef31d2793189;424.39;0.216;BUY
2016-03-28T00:43:01.413000;2016-03-28T00:43:01.453000;f36f9513-7b61-4d14-8171-17383458a0e9;424.39;0.2;BUY
2016-03-28T00:43:01.413000;2016-03-28T00:43:01.453000;55349891-446f-4a1b-9dd2-04d69e073e48;424.4;0.05;BUY
2016-03-28T00:43:01.413000;2016-03-28T00:43:01.487000;0d2b10a8-f617-4def-b1f6-cdd6f8069baa;424.4;0.25;BUY
2016-03-28T00:43:01.413000;2016-03-28T00:43:01.547000;750daa0b-98d9-4e9b-8d60-06836b16f4b4;424.4;0.25;BUY
2016-03-28T00:43:01.413000;2016-03-28T00:43:01.547000;11250c8d-6acb-45e4-9eb1-0304bbc0e330;424.41;0.01;BUY
2016-03-28T00:43:01.413000;2016-03-28T00:43:01.547000;c5ac5788-6747-469d-b5b4-81981f00951f;424.42;0.01;BUY
2016-03-28T00:43:01.413000;2016-03-28T00:43:01.547000;a9f823bd-0f2f-4441-8cb3-187efdca21fa;424.42;0.01;BUY
2016-03-28T00:43:01.413000;2016-03-28T00:43:01.547000;756cd022-0f3c-436a-918a-24df6691d69d;424.43;0.05;BUY
2016-03-28T00:43:01.413000;2016-03-28T00:43:01.547000;913fe2cf-d284-42e4-ba68-9def0cac20a1;424.43;0.01;BUY
2016-03-28T00:43:01.413000;2016-03-28T00:43:01.547000;319945de-9dec-41eb-8461-92e1ded62ce0;424.43;0.01;BUY
2016-03-28T00:43:01.413000;2016-03-28T00:43:01.547000;cb832bcc-8b6e-4885-955a-6b1e2f2760ff;424.43;0.25;BUY
2016-03-28T00:43:01.413000;2016-03-28T00:43:01.547000;72b6a281-6c90-4193-8466-7bd7d9186b4b;424.43;0.1988;BUY
2016-03-28T00:43:01.413000;2016-03-28T00:43:01.547000;d260905e-3048-4909-8d17-c46a797ed116;424.44;0.01;BUY
2016-03-28T00:43:01.413000;2016-03-28T00:43:01.547000;b9f4db4d-048e-4fc6-a6d1-5fe543e5e097;424.44;0.43729;BUY
2016-03-28T00:43:31.537000;2016-03-28T00:43:31.563000;5433835f-155d-4e5e-a6c3-3f204a152fc1;424.4;0.01;SELL
2016-03-28T00:43:31.537000;2016-03-28T00:43:31.580000;09cf9080-1d21-42af-8dbf-77d6ac4bd0a0;424.39;0.01;SELL
2016-03-28T00:43:31.537000;2016-03-28T00:43:31.580000;912974e7-0c68-41f6-840c-f1e0005bbb32;424.38;0.01;SELL
2016-03-28T00:43:31.537000;2016-03-28T00:43:31.580000;1a274bb5-cc21-474f-a5a6-5e2efcaa4b0e;424.37;0.01;SELL
2016-03-28T00:43:31.537000;2016-03-28T00:43:31.580000;7066b64b-2802-4975-a269-5892ecc4cc21;424.36;0.01;SELL
2016-03-28T00:43:31.537000;2016-03-28T00:43:31.580000;722770a8-9ca1-449b-8ea1-136f4b223dda;424.35;0.01;SELL
2016-03-28T00:43:31.537000;2016-03-28T00:43:31.580000;212bc97a-0c57-4992-8618-b7aaf392cc02;424.34;0.01;SELL
2016-03-28T00:43:31.537000;2016-03-28T00:43:31.580000;d59de578-d626-4b66-b7f6-0e536e4abb6d;424.33;0.05;SELL
2016-03-28T00:43:31.537000;2016-03-28T00:43:31.593000;08bc9799-68a4-4543-9928-6dd8ed0cc034;424.32;0.101;SELL
2016-03-28T00:43:31.537000;2016-03-28T00:43:31.643000;96b317ee-a0d8-4620-b74e-f3b8711e5029;424.32;0.25;SELL
2016-03-28T00:43:31.537000;2016-03-28T00:43:31.657000;c12d2708-5df2-4409-9f22-57c396463340;424.3;0.01;SELL
2016-03-28T00:43:31.537000;2016-03-28T00:43:31.657000;6441b395-588c-4a1e-b657-3e3e48a5a30e;424.3;0.01463;SELL
2016-03-28T00:44:01.717000;2016-03-28T00:44:01.750000;a4e934e3-7cd2-4008-a977-6d581ffb0a73;424.31;1.22026;BUY
2016-03-28T00:44:31.497000;2016-03-28T00:44:31.517000;1404d4ed-fa0f-489b-bfbd-b20bb07a289a;424.31;0.35;BUY
2016-03-28T00:45:01.637000;2016-03-28T00:45:01.673000;a9f66ac3-f858-449e-81d1-aa739de1bd38;424.35;0.343;BUY
2016-03-28T00:45:01.637000;2016-03-28T00:45:01.673000;9449669f-5a04-4fd3-9007-86dbc476312c;424.36;0.39203;BUY
2016-03-28T00:45:31.523000;2016-03-28T00:45:31.547000;d5695f95-a74c-4961-9fcc-0c4a5e105688;424.35;0.345;BUY
2016-03-28T00:45:31.523000;2016-03-28T00:45:31.563000;81e712e2-271e-443f-99d7-8a773bf96143;424.36;2.68297;BUY
2016-03-28T00:45:31.523000;2016-03-28T00:45:31.563000;34c109e0-0950-4288-aafd-4d7e1c1d90b6;424.38;0.93788;BUY
2016-03-28T00:46:01.607000;2016-03-28T00:46:01.643000;68ed0e58-b575-4a58-bcd9-6ebba940b59d;424.4;0.01463;BUY
2016-03-28T00:46:01.607000;2016-03-28T00:46:01.643000;12aef4c4-3ed2-493b-8203-b61c84dd0bf9;424.4;0.095;BUY
2016-03-28T00:46:01.607000;2016-03-28T00:46:01.657000;9565f8cf-1fab-4180-9d6d-b74127ee6fbe;424.42;0.14657;BUY
2016-03-28T00:46:31.710000;2016-03-28T00:46:31.720000;4009790a-b8da-44cc-8b5c-d45892b744d0;424.38;0.01;SELL
2016-03-28T00:46:31.710000;2016-03-28T00:46:31.737000;b466dd9e-d78e-4a8c-abe3-1a89e8f92057;424.38;0.01;SELL
2016-03-28T00:46:31.710000;2016-03-28T00:46:31.737000;2f15aaa6-cced-4271-bd29-73a5542e823b;424.37;0.01;SELL
2016-03-28T00:46:31.710000;2016-03-28T00:46:31.737000;fdee2e21-6315-441d-97c8-48b5ccbe70fa;424.35;0.01;SELL
2016-03-28T00:46:31.710000;2016-03-28T00:46:31.737000;316480ec-d185-4a0c-9f62-672fd953d72a;424.34;0.01;SELL
2016-03-28T00:46:31.710000;2016-03-28T00:46:31.737000;9a87b9c6-bfff-46a7-81d9-ec10f5407eb6;424.33;0.01;SELL
2016-03-28T00:46:31.710000;2016-03-28T00:46:31.750000;4bfad8d9-1404-416d-9d4c-90cc7978bc75;424.32;0.01;SELL
2016-03-28T00:46:31.710000;2016-03-28T00:46:31.750000;312daddb-f7b1-44e8-94cb-d1d03f902818;424.3;0.03537;SELL
2016-03-28T00:46:31.710000;2016-03-28T00:46:31.750000;7c327a25-78fc-4a92-99e3-883f1673ee2b;424.3;0.01884;SELL
2016-03-28T00:47:31.750000;2016-03-28T00:47:31.767000;1dbf5548-5140-4bf0-b888-cb43f549e5dc;424.37;0.03;BUY
2016-03-28T00:47:31.750000;2016-03-28T00:47:31.783000;b10cb1c8-e554-462a-960e-48180918b821;424.37;0.099;BUY
2016-03-28T00:47:31.750000;2016-03-28T00:47:31.783000;56f25cc3-32d2-42cf-b11c-66290a320f69;424.4;0.03537;BUY
2016-03-28T00:47:31.750000;2016-03-28T00:47:31.813000;ff9cae74-5f9a-4f0e-94bd-771ae6833ed7;424.42;0.10343;BUY
2016-03-28T00:47:31.750000;2016-03-28T00:47:31.813000;206ebfe7-1995-4b9e-8a8f-d5b80a4bd0e4;424.42;0.25;BUY
2016-03-28T00:47:31.750000;2016-03-28T00:47:31.813000;26c1ee44-27f3-43b0-8544-018db6b57390;424.42;0.116;BUY
2016-03-28T00:47:31.750000;2016-03-28T00:47:31.813000;5e1adf00-9dfe-406b-9e46-b2c68e42e7b4;424.43;0.05;BUY
2016-03-28T00:47:31.753000;2016-03-28T00:47:31.813000;21cceff5-2d0e-404a-a4dd-6e2be4c8164b;424.43;0.25;BUY
2016-03-28T00:47:31.753000;2016-03-28T00:47:31.813000;4c2c85b7-291e-4507-b950-48d8738c4bc3;424.43;0.94134;BUY
2016-03-28T00:48:01.857000;2016-03-28T00:48:01.877000;456591a0-049d-4cdc-aac3-0b900053b755;424.42;0.343;BUY
2016-03-28T00:48:01.857000;2016-03-28T00:48:01.893000;e52b7513-d271-4dc7-bb40-963719bc8080;424.42;3.32621;BUY
2016-03-28T00:48:31.550000;2016-03-28T00:48:31.563000;40c22f80-7b09-4a20-b999-878b77d07ac9;424.43;0.293;BUY
2016-03-28T00:48:31.550000;2016-03-28T00:48:31.580000;cac94704-fc6b-4c89-b473-301b710a1087;424.44;0.54797;BUY
2016-03-28T00:49:03.937000;2016-03-28T00:49:03.953000;1589613d-3932-45a9-965b-c01e89850f95;424.45;0.01;BUY
2016-03-28T00:49:03.937000;2016-03-28T00:49:03.953000;3799f624-f189-4075-9c70-fe94184614c6;424.45;0.0342;BUY
2016-03-28T00:49:31.990000;2016-03-28T00:49:32.000000;d2f161be-f0c9-4247-a02e-868f99249f30;424.44;0.02293273;BUY
2016-03-28T00:49:32.040000;2016-03-28T00:49:32.047000;3fe6e650-3101-475c-8188-6055d65492ba;424.44;0.0776;BUY
2016-03-28T00:50:01.603000;2016-03-28T00:50:01.610000;edcef32f-5c71-4cce-9528-ce93e97361f8;424.44;3.30232;BUY
2016-03-28T00:50:31.660000;2016-03-28T00:50:31.673000;07fe169b-c185-45c5-bc30-bfed569f66f4;424.45;0.01871;SELL
2016-03-28T00:51:03.463000;2016-03-28T00:51:03.487000;f89b541c-02ae-4820-b62d-959d824735d9;424.46;0.05;BUY
2016-03-28T00:51:03.463000;2016-03-28T00:51:03.487000;8977d624-b23c-48d5-b701-48a0fa660186;424.46;0.25;BUY
2016-03-28T00:51:03.463000;2016-03-28T00:51:03.487000;e9b20b0e-1ddd-43c7-8f16-28ac13f560fd;424.46;0.01;BUY
2016-03-28T00:51:03.463000;2016-03-28T00:51:03.500000;f96ab3cb-1803-4def-a6b2-913fc1cb900e;424.46;0.231;BUY
2016-03-28T00:51:03.467000;2016-03-28T00:51:03.500000;2a3db486-6bd1-408d-972b-5c6a87f66cd0;424.46;0.232;BUY
2016-03-28T00:51:03.467000;2016-03-28T00:51:03.500000;eb4bd1ac-6fbb-45f5-bac9-668d15b588ec;424.46;0.231;BUY
2016-03-28T00:51:03.467000;2016-03-28T00:51:03.500000;107b0411-877e-4806-9792-3f7c3ea0398d;424.46;0.232;BUY
2016-03-28T00:51:03.467000;2016-03-28T00:51:03.500000;fa5053ca-a043-4bd9-8717-3b3233defcad;424.46;0.0959;BUY
2016-03-28T00:51:03.467000;2016-03-28T00:51:03.547000;ac04fec9-b857-456e-898b-2f64651e2e17;424.46;0.62784;BUY
2016-03-28T00:51:20.763000;2016-03-28T00:51:20.767000;6b858606-c365-4b65-99cf-a7b72c414a9a;424.47;0.01;BUY
2016-03-28T00:51:20.763000;2016-03-28T00:51:20.783000;4f753a38-e403-45c5-8d1c-40531c4403f4;424.47;0.014;BUY
2016-03-28T00:51:34.827000;2016-03-28T00:51:34.830000;bb7fcada-1d87-4f4c-87a4-c115284abe68;424.47;0.01437;BUY
2016-03-28T00:52:04.240000;2016-03-28T00:52:04.250000;97c8534d-35b9-4b8f-998c-d8ba41822c58;424.45;0.01;SELL
2016-03-28T00:52:04.240000;2016-03-28T00:52:04.267000;eb5f7aca-0aff-4559-99e0-bb15f98da360;424.42;0.01;SELL
2016-03-28T00:52:04.240000;2016-03-28T00:52:04.267000;9629813a-41f2-4903-82f4-94c2db605c65;424.41;0.01;SELL
2016-03-28T00:52:04.240000;2016-03-28T00:52:04.267000;8e893187-38fa-4512-af82-40785a166eea;424.4;0.01;SELL
2016-03-28T00:52:04.243000;2016-03-28T00:52:04.283000;57908799-ebfc-4652-aa9f-d7f400a9e396;424.39;0.01;SELL
2016-03-28T00:52:04.243000;2016-03-28T00:52:04.347000;c356aa56-420e-4711-a8d3-40e438a648fb;424.39;0.089;SELL
2016-03-28T00:52:04.243000;2016-03-28T00:52:04.347000;a5e3f2c2-727f-402c-b480-79fea66c9ff9;424.36;0.05;SELL
2016-03-28T00:52:04.243000;2016-03-28T00:52:04.347000;d4d1e370-01d3-48c9-8bbf-366c2871b580;424.34;0.01;SELL
2016-03-28T00:52:04.243000;2016-03-28T00:52:04.347000;643101ec-cc1f-4c53-b397-91256d576661;424.34;0.01;SELL
2016-03-28T00:52:04.243000;2016-03-28T00:52:04.347000;89cd5e20-841c-45d1-830f-de3a668f5c7d;424.34;0.25;SELL
2016-03-28T00:52:04.243000;2016-03-28T00:52:04.347000;1e83e9a6-3ee3-43d0-95f4-0c01e7ced062;424.34;0.096;SELL
2016-03-28T00:52:04.243000;2016-03-28T00:52:04.347000;1144db32-c5af-440b-b848-1274df5f0078;424.33;0.05;SELL
2016-03-28T00:52:04.243000;2016-03-28T00:52:04.347000;b6b9aeb2-75e5-414c-9ade-301cb4c8e90d;424.33;0.2;SELL
2016-03-28T00:52:04.243000;2016-03-28T00:52:04.347000;4503c5c8-42d4-4fa1-a344-6b39f9e8bfea;424.32;1.07603;SELL
2016-03-28T00:52:31.767000;2016-03-28T00:52:31.823000;bba304c2-f110-4250-9ce8-60a661901d5d;424.39;0.01;SELL
2016-03-28T00:52:31.767000;2016-03-28T00:52:31.823000;3262e859-641a-4350-b82d-392a87f7bdb3;424.38;0.01;SELL
2016-03-28T00:52:31.770000;2016-03-28T00:52:31.823000;4b69ff48-902e-445b-a628-070a56aa47f7;424.35;0.1;SELL
2016-03-28T00:52:31.770000;2016-03-28T00:52:31.823000;10576495-6c82-4026-bda1-5d9ec3eb66a5;424.32;0.60063;SELL
2016-03-28T00:53:03.093000;2016-03-28T00:53:03.137000;11db542e-c8c0-4a81-a350-93ff58128d87;424.43;0.05;BUY
2016-03-28T00:53:03.093000;2016-03-28T00:53:03.150000;b42ad2db-1c67-4065-bd54-2ad0863b4b14;424.43;0.088;BUY
2016-03-28T00:53:03.093000;2016-03-28T00:53:03.150000;87abaf12-fdb9-45b1-8922-dbe888b8a64c;424.44;0.18363;BUY
2016-03-28T00:54:01.537000;2016-03-28T00:54:01.573000;c847419c-5964-4514-8b7d-1d2806fdd3f0;424.44;0.06637;BUY
2016-03-28T00:54:01.537000;2016-03-28T00:54:01.590000;2e788571-48ab-4f52-b274-dd98cc74ff4f;424.44;0.121;BUY
2016-03-28T00:54:01.540000;2016-03-28T00:54:01.590000;5208039c-795d-4c0d-b9ef-2c175973cd70;424.44;0.232;BUY
2016-03-28T00:54:01.540000;2016-03-28T00:54:01.590000;5c2a759d-e4c1-4c8e-bd03-e78964d36ce5;424.44;0.231;BUY
2016-03-28T00:54:01.540000;2016-03-28T00:54:01.603000;8599ffc9-41d3-4b70-ab96-c6392792ac6c;424.44;0.231;BUY
2016-03-28T00:54:01.540000;2016-03-28T00:54:01.667000;ff74db15-ceda-409a-89e2-a32b857a2244;424.44;0.11868;BUY
2016-03-28T00:54:31.517000;2016-03-28T00:54:31.557000;eb967256-899e-4fd2-987e-270f54ec225c;424.44;0.11332;BUY
2016-03-28T00:54:31.517000;2016-03-28T00:54:31.573000;033e66de-501e-4c68-b70d-35556947433a;424.44;0.232;BUY
2016-03-28T00:54:31.517000;2016-03-28T00:54:31.573000;fd965627-6731-4576-9f92-77f864920e37;424.44;0.232;BUY
2016-03-28T00:54:31.517000;2016-03-28T00:54:31.573000;31f5a90e-9dd8-41bb-ad68-9cf8f7ebd554;424.44;0.231;BUY
2016-03-28T00:54:31.517000;2016-03-28T00:54:31.590000;f71b2121-3808-406f-a15f-4828f404bf46;424.44;0.231;BUY
2016-03-28T00:54:31.517000;2016-03-28T00:54:31.590000;71e8512d-9c37-42f3-9cc9-ac22c64c91ca;424.44;0.231;BUY
2016-03-28T00:54:31.517000;2016-03-28T00:54:31.590000;91175887-e698-445b-918f-a30e7bc32d1c;424.44;0.232;BUY
2016-03-28T00:54:31.517000;2016-03-28T00:54:31.590000;e37eb3ca-7a58-4c96-9526-6422d766bcd9;424.44;0.231;BUY
2016-03-28T00:54:31.517000;2016-03-28T00:54:31.590000;1647ad52-36ba-424a-a715-d5f825b4efb9;424.44;0.232;BUY
2016-03-28T00:54:31.517000;2016-03-28T00:54:31.650000;0ef006b7-8c88-4ddd-b41a-6a60a9c68642;424.44;0.231;BUY
2016-03-28T00:54:31.517000;2016-03-28T00:54:31.667000;aacd9d22-ff05-42cb-b0d0-b61dde5123e0;424.44;0.1364;BUY
2016-03-28T00:55:01.467000;2016-03-28T00:55:01.493000;424c5727-9c08-4323-bae8-e26be05b5114;424.4;0.01;SELL
2016-03-28T00:55:01.467000;2016-03-28T00:55:01.527000;f9a98c2f-0635-4ede-8935-afcf5e0212d9;424.39;0.01;SELL
2016-03-28T00:55:01.467000;2016-03-28T00:55:01.527000;3eddb04f-f294-4183-9d9d-dd534d2c0411;424.39;0.01;SELL
2016-03-28T00:55:01.467000;2016-03-28T00:55:01.527000;3967e66e-1c6b-4e05-a819-6479699ba4fa;424.37;0.093;SELL
2016-03-28T00:55:01.467000;2016-03-28T00:55:01.557000;4b0abfd5-df45-4a7c-997e-9750003ca41f;424.33;0.05;SELL
2016-03-28T00:55:01.467000;2016-03-28T00:55:01.557000;e3e6999d-9ec4-4bd2-bcb9-55a96d7e92a8;424.33;0.25;SELL
2016-03-28T00:55:01.467000;2016-03-28T00:55:01.557000;38901781-6992-4c6a-aeb0-3d74c891dcb9;424.32;0.62108;SELL
2016-03-28T00:55:31.713000;2016-03-28T00:55:31.743000;50439bcc-1dc6-4223-910e-c049036030cd;424.35;0.01;SELL
2016-03-28T00:55:31.713000;2016-03-28T00:55:31.760000;ee1f941f-f5ba-4fae-a2a3-9f0dfbd233c5;424.33;0.1992;SELL
2016-03-28T00:55:31.713000;2016-03-28T00:55:31.760000;b8e5026f-aaaa-4f76-a3ad-9199dd9223e5;424.33;0.096;SELL
2016-03-28T00:55:31.713000;2016-03-28T00:55:31.760000;f17944ee-6443-4e90-b998-538959540c46;424.32;0.6947;SELL
2016-03-28T00:56:01.450000;2016-03-28T00:56:01.493000;6afbc954-c09e-479f-b69e-a463da78aee7;424.39;0.01;SELL
2016-03-28T00:56:01.450000;2016-03-28T00:56:01.493000;d91a8c3c-b130-445a-8ce9-accc32577749;424.38;0.01;SELL
2016-03-28T00:56:01.450000;2016-03-28T00:56:01.510000;78819921-ea06-4968-97bc-a35ab54bad0f;424.36;0.104;SELL
2016-03-28T00:56:01.450000;2016-03-28T00:56:01.510000;e674faf0-703f-4db1-b00a-59335ac3846a;424.32;0.48318;SELL
2016-03-28T00:56:31.800000;2016-03-28T00:56:31.853000;abc98ebd-9f4e-4f35-aeb0-75ff26a7157c;424.43;0.05;BUY
2016-03-28T00:56:31.800000;2016-03-28T00:56:31.853000;d9851894-bf60-413a-ac90-5c1c196d0e52;424.43;0.0966;BUY
2016-03-28T00:56:31.800000;2016-03-28T00:56:31.853000;a1f99adf-f940-4eb4-a045-ca5e98687656;424.43;0.231;BUY
2016-03-28T00:56:31.800000;2016-03-28T00:56:31.853000;d75c6222-b735-480d-b01b-5c6488e25c5c;424.43;0.08889405;BUY
2016-03-28T00:56:31.800000;2016-03-28T00:56:31.870000;6ce3eaba-42c3-4c41-8c70-8f7963ebe03e;424.43;0.11819151;BUY
2016-03-28T00:56:31.800000;2016-03-28T00:56:31.870000;e15b5cea-6066-4134-8290-01a93b09969e;424.44;0.19678444;BUY
2016-03-28T00:57:00.490000;2016-03-28T00:57:00.527000;b27a5069-01aa-48ac-9df0-a314a331d4b1;424.44;0.05321556;BUY
2016-03-28T00:57:00.490000;2016-03-28T00:57:00.543000;ec1244c3-8a22-475f-a42e-bb47e5bf0982;424.44;0.25;BUY
2016-03-28T00:57:00.493000;2016-03-28T00:57:00.543000;1363079c-8d32-4e4f-9d28-4f6be81aa34b;424.44;0.139;BUY
2016-03-28T00:57:00.493000;2016-03-28T00:57:00.543000;a6ee413f-9ee3-419e-afd3-b5e4cd8c9944;424.46;0.05;BUY
2016-03-28T00:57:00.493000;2016-03-28T00:57:00.557000;c1dbd6af-7238-45b4-bf38-2ba1552ab81c;424.48;0.01;BUY
2016-03-28T00:57:00.493000;2016-03-28T00:57:00.637000;895af7de-09ec-49dc-9b48-8f0da7103414;424.48;0.25;BUY
2016-03-28T00:57:00.493000;2016-03-28T00:57:00.637000;4a204114-9965-4d69-a383-f2e3f3a57f4b;424.48;0.01;BUY
2016-03-28T00:57:00.493000;2016-03-28T00:57:00.637000;651c4df0-7fef-4596-b695-c4c974c5d606;424.48;0.01;BUY
2016-03-28T00:57:00.493000;2016-03-28T00:57:00.637000;699d2d13-415f-4e7c-988a-605ea1c98bf2;424.48;0.1992;BUY
2016-03-28T00:57:00.493000;2016-03-28T00:57:00.637000;bc57231d-cd29-4558-aebf-de37d801a104;424.48;0.13112444;BUY
2016-03-28T00:58:30.527000;2016-03-28T00:58:30.557000;c858b3bb-0c6e-4ee3-9fe0-33055e0ba416;424.44;0.01;SELL
2016-03-28T00:58:30.527000;2016-03-28T00:58:30.573000;c8f13523-5709-4003-8b2b-3e27bf3ef6ba;424.43;0.01;SELL
2016-03-28T00:58:30.527000;2016-03-28T00:58:30.573000;4a534df4-78e9-49b5-89d1-0e4b0642b8c3;424.42;0.01;SELL
2016-03-28T00:58:30.527000;2016-03-28T00:58:30.573000;9e0b0e50-dbe5-4b7a-b47f-a30a7cba4396;424.41;0.01;SELL
2016-03-28T00:58:30.527000;2016-03-28T00:58:30.573000;3e54d7b6-dbaa-405a-a850-8ef76f28282d;424.39;0.099;SELL
2016-03-28T00:58:30.527000;2016-03-28T00:58:30.667000;d5a7e9ea-ab81-4049-abb5-b411ee9c936b;424.36;0.05;SELL
2016-03-28T00:58:30.527000;2016-03-28T00:58:30.667000;aa14fd32-254c-4263-8bd2-b85d95b582dc;424.36;0.25;SELL
2016-03-28T00:58:30.527000;2016-03-28T00:58:30.667000;1e042454-38f4-4231-a23d-3ed16732ca73;424.36;0.25;SELL
2016-03-28T00:58:30.527000;2016-03-28T00:58:30.667000;b9d173e5-a744-455b-9e5e-00a710167a96;424.34;0.083;SELL
2016-03-28T00:58:30.527000;2016-03-28T00:58:30.667000;6be54a8f-3ae0-4d0a-a1f8-99159bf8c44d;424.33;0.05;SELL
2016-03-28T00:58:30.527000;2016-03-28T00:58:30.667000;fe2904d9-9364-40a4-a064-3ba47cacde57;424.33;0.1992;SELL
2016-03-28T00:58:30.527000;2016-03-28T00:58:30.667000;b315122c-ab05-4b4e-802c-86f81761db81;424.32;2.77121;SELL
2016-03-28T00:59:00.673000;2016-03-28T00:59:00.713000;232efc5a-ee65-48ad-a2aa-ea3244ac1744;424.43;0.05;BUY
2016-03-28T00:59:00.673000;2016-03-28T00:59:00.713000;c455fe55-cef9-4ab9-bfd7-142665bf8631;424.43;0.1133;BUY
2016-03-28T01:00:00.770000;2016-03-28T01:00:00.807000;1a725d3e-4858-4962-bf1c-890ef5ebf56e;424.43;0.1177;BUY
2016-03-28T01:00:00.770000;2016-03-28T01:00:00.823000;fde15ad9-b04f-465e-b3c5-f0289dde05b8;424.43;0.232;BUY
2016-03-28T01:00:00.770000;2016-03-28T01:00:00.823000;b6d236eb-c2c8-4bf3-9b7c-33b6797dd794;424.43;0.231;BUY
2016-03-28T01:00:00.773000;2016-03-28T01:00:00.823000;c110fa02-d80e-4494-99b3-e0169e57452c;424.44;0.25;BUY
2016-03-28T01:00:00.773000;2016-03-28T01:00:00.823000;363cb923-dfd6-4a1c-839b-045ac3c2ee7a;424.44;0.35;BUY
2016-03-28T01:00:00.773000;2016-03-28T01:00:00.823000;405d0dfc-e6b3-468f-bc70-44467ae336d3;424.44;0.27973;BUY
2016-03-28T01:00:30.607000;2016-03-28T01:00:30.620000;0712ce25-2af6-4d67-89a1-ccf250396ed5;424.46;0.05;BUY
2016-03-28T01:00:30.607000;2016-03-28T01:00:30.637000;06e031c4-a0ee-4b72-a602-a06e05d28144;424.47;0.126;BUY
2016-03-28T01:00:30.607000;2016-03-28T01:00:30.637000;5825e6e1-be4a-4019-8524-771586e0a917;424.48;0.00496;BUY
2016-03-28T01:01:00.537000;2016-03-28T01:01:00.557000;c693d69a-26f0-410f-bda4-33ecd5a16067;424.48;0.01143;BUY
2016-03-28T01:01:30.667000;2016-03-28T01:01:30.683000;6111d9a7-08bf-43a7-9c9b-08a9377b0433;424.44;0.01;SELL
2016-03-28T01:01:30.667000;2016-03-28T01:01:30.697000;3e20525a-9e7f-44ad-9c5c-72489856386e;424.43;0.01;SELL
2016-03-28T01:01:30.667000;2016-03-28T01:01:30.697000;3ff05c8c-a65c-4186-b728-60aee0a51ceb;424.42;0.01;SELL
2016-03-28T01:01:30.667000;2016-03-28T01:01:30.697000;f1eef339-bd9b-46ca-92d5-cab57776ead9;424.4;0.084;SELL
2016-03-28T01:01:30.667000;2016-03-28T01:01:30.713000;1e1a16b0-00e0-4edb-a431-662f18ed04d7;424.36;0.05;SELL
2016-03-28T01:01:30.667000;2016-03-28T01:01:30.793000;ef22b986-2bc9-45bd-9028-1207489bf822;424.36;0.35;SELL
2016-03-28T01:01:30.667000;2016-03-28T01:01:30.793000;d6674791-173a-410b-a4fd-4e66ca1a2e05;424.35;0.095;SELL
2016-03-28T01:01:30.667000;2016-03-28T01:01:30.793000;a8c8cac7-1dad-4797-bcc0-1d8e0b889bbf;424.33;0.05;SELL
2016-03-28T01:01:30.667000;2016-03-28T01:01:30.793000;e4609ee4-bc29-4ba6-8113-b38fc5f30a1f;424.33;0.2;SELL
2016-03-28T01:01:30.667000;2016-03-28T01:01:30.793000;6ea56238-e6c5-4a53-8530-501590acbf58;424.32;0.25;SELL
2016-03-28T01:01:30.670000;2016-03-28T01:01:30.793000;ca7718d0-eafb-4a1b-a7b7-67d8a234e851;424.32;0.25;SELL
2016-03-28T01:01:30.670000;2016-03-28T01:01:30.793000;cd77de59-0db8-4bc8-b3bf-cc6a95cf3cc7;424.32;0.22575;SELL
2016-03-28T01:02:10.023000;2016-03-28T01:02:10.043000;a6e9ef6f-b84c-411c-b764-ff6d9339099f;424.43;0.05;BUY
2016-03-28T01:02:10.023000;2016-03-28T01:02:10.043000;34b82769-9814-4c6f-b654-d689e5fd9b9e;424.43;0.24106;BUY
2016-03-28T01:02:30.690000;2016-03-28T01:02:30.713000;1c55b3f3-8603-45ba-861c-9995b6c948e1;424.44;0.11738;BUY
2016-03-28T01:02:43.610000;2016-03-28T01:02:43.637000;bdcd93b5-839a-42e0-ac0d-412f8179833c;424.44;0.13262;BUY
2016-03-28T01:02:43.610000;2016-03-28T01:02:43.637000;6d2c92db-b6fa-4719-99fb-f60fddfb81ee;424.44;0.10738;BUY
2016-03-28T01:03:01.300000;2016-03-28T01:03:01.323000;68b7dc33-1983-4d74-942a-aa082abd36fa;424.4;0.01;SELL
2016-03-28T01:03:01.300000;2016-03-28T01:03:01.340000;3d16501f-93c6-4adf-9073-da9e71ae4bb9;424.39;0.01;SELL
2016-03-28T01:03:01.300000;2016-03-28T01:03:01.340000;37593ee8-f739-40da-8c17-89a997e13bd2;424.37;0.079;SELL
2016-03-28T01:03:01.300000;2016-03-28T01:03:01.340000;c9822ca0-08d2-41ae-afb0-50497bba2cfa;424.33;0.05;SELL
2016-03-28T01:03:01.300000;2016-03-28T01:03:01.353000;beea976f-e97b-4198-b684-9641a8ba52b6;424.32;0.02425;SELL
2016-03-28T01:03:01.300000;2016-03-28T01:03:01.433000;11b3c798-23f0-42ec-82be-ebbc4205cf7b;424.32;0.25;SELL
2016-03-28T01:03:01.300000;2016-03-28T01:03:01.433000;240867e7-7f23-4a23-ad58-f6ba5f26b615;424.32;0.103;SELL
2016-03-28T01:03:01.300000;2016-03-28T01:03:01.433000;3c406495-8ef9-4bf9-a1e8-62ffc877ef16;424.32;0.35;SELL
2016-03-28T01:03:01.300000;2016-03-28T01:03:01.433000;752464c9-009b-4486-b520-d3d22adad388;424.31;0.25;SELL
2016-03-28T01:03:01.300000;2016-03-28T01:03:01.433000;508d6995-f3d9-4c23-8af4-4d149b53f06b;424.3;0.98116;SELL
2016-03-28T01:03:01.303000;2016-03-28T01:03:01.433000;498853ec-40d1-4701-b07a-b33ee4b7814e;424.3;0.01463;SELL
2016-03-28T01:03:01.303000;2016-03-28T01:03:01.433000;91c9b24c-2473-4d4d-8799-7d8c8bb1ff39;424.3;0.25;SELL
2016-03-28T01:03:01.303000;2016-03-28T01:03:01.433000;f1dbff12-5153-475f-804c-1316ffca0a3c;424.3;0.03537;SELL
2016-03-28T01:03:01.303000;2016-03-28T01:03:01.433000;ecdca7b8-810b-461a-8e75-9d949e6227f6;424.3;0.25;SELL
2016-03-28T01:03:01.303000;2016-03-28T01:03:01.433000;5314957c-d3b9-4428-8474-0a206ee20821;424.28;0.01;SELL
2016-03-28T01:03:01.303000;2016-03-28T01:03:01.433000;258fde2a-6ed5-486e-a622-26c8f890f76b;424.27;0.25;SELL
2016-03-28T01:03:01.303000;2016-03-28T01:03:01.433000;54eeaaca-c4ed-4f1f-af6a-2f5c807ca67c;424.27;0.05;SELL
2016-03-28T01:03:01.303000;2016-03-28T01:03:01.433000;63f40f60-b29c-4961-b6e9-00d0f0e403c1;424.27;0.01;SELL
2016-03-28T01:03:01.303000;2016-03-28T01:03:01.433000;ee0e91a3-b929-4ba2-b6f3-ab8ad42bb054;424.27;0.09;SELL
2016-03-28T01:03:01.303000;2016-03-28T01:03:01.433000;d9bdfed5-d7af-43b9-bf05-25d3a3126627;424.25;0.25;SELL
2016-03-28T01:03:01.303000;2016-03-28T01:03:01.433000;85161b66-8c56-4262-b22f-cf8befb322ed;424.24;0.05;SELL
2016-03-28T01:03:01.303000;2016-03-28T01:03:01.433000;32977cc7-d274-4704-b12f-919e782e1512;424.23;0.01;SELL
2016-03-28T01:03:01.303000;2016-03-28T01:03:01.433000;1f0a1dba-d661-40b8-bb5d-566612acad02;424.22;0.106;SELL
2016-03-28T01:03:01.303000;2016-03-28T01:03:01.433000;4ca0a153-1801-4cfb-bf4f-27d5ea5803d7;424.21;0.02;SELL
2016-03-28T01:03:01.303000;2016-03-28T01:03:01.433000;8eb2db1f-6b97-417d-9eb7-3c450b1cb88c;424.21;0.03;SELL
2016-03-28T01:03:01.303000;2016-03-28T01:03:01.447000;39cd99c0-4498-4c2c-81fa-fa711e776db8;424.19;0.05;SELL
2016-03-28T01:03:01.303000;2016-03-28T01:03:01.447000;9c302c2e-7b2f-4021-ac65-80af6e3ebbb5;424.19;0.25;SELL
2016-03-28T01:03:01.303000;2016-03-28T01:03:01.447000;2b5049e6-9ea1-4541-934a-b8617f3d796f;424.18;0.25;SELL
2016-03-28T01:03:01.303000;2016-03-28T01:03:01.447000;716a8e5c-2dd8-4d78-8f6d-aa1a0aaf94c2;424.17;0.097;SELL
2016-03-28T01:03:01.303000;2016-03-28T01:03:01.447000;d5ed3b07-2b94-4f8a-9f3a-baedc607d4b4;424.16;0.05;SELL
2016-03-28T01:03:01.303000;2016-03-28T01:03:01.447000;e6796c89-8cd6-4c3e-b7e6-8ae1fc03e276;424.15;0.14481171;SELL
2016-03-28T01:03:01.303000;2016-03-28T01:03:01.447000;1074c8b2-bbd5-4897-a77e-b6f2392f5bb3;424.13;0.05;SELL
2016-03-28T01:03:01.307000;2016-03-28T01:03:01.447000;eeb7933d-c33d-4ba1-8ce3-01a463acfc21;424.12;0.01;SELL
2016-03-28T01:03:01.307000;2016-03-28T01:03:01.447000;91237b95-d180-478b-ad38-50f5c96392ae;424.12;0.121;SELL
2016-03-28T01:03:01.307000;2016-03-28T01:03:01.447000;3289db17-c9e4-4346-94cf-8b83f251bb76;424.1;0.05;SELL
2016-03-28T01:03:01.307000;2016-03-28T01:03:01.447000;6038c87a-5a03-4fff-a7a2-40679f0daa41;424.1;2.415;SELL
2016-03-28T01:03:01.307000;2016-03-28T01:03:01.447000;fa93c9be-4a66-4618-bfe7-00f29c60a239;424.09;0.059;SELL
2016-03-28T01:03:01.307000;2016-03-28T01:03:01.447000;9cb1466c-0833-49a6-9dfd-6839be904eb4;424.08;1.0;SELL
2016-03-28T01:03:01.307000;2016-03-28T01:03:01.447000;4d62f43b-4a43-4eea-8190-8a55314e35e3;424.07;0.05;SELL
2016-03-28T01:03:01.307000;2016-03-28T01:03:01.447000;a0a59a7c-6014-4d26-9148-929fcbd8ddc2;424.07;0.09;SELL
2016-03-28T01:03:01.307000;2016-03-28T01:03:01.447000;a8ec1781-bcde-49d0-8d1b-fe1e4f00ba4d;424.04;0.05;SELL
2016-03-28T01:03:01.307000;2016-03-28T01:03:01.527000;4646444d-8776-444d-bc36-2d29fb1a9269;424.02;0.073;SELL
2016-03-28T01:03:01.307000;2016-03-28T01:03:01.527000;c78e90fa-8500-4eaa-9262-0904c21f8baa;424.0;0.02;SELL
2016-03-28T01:03:01.307000;2016-03-28T01:03:01.527000;65a5adfd-8429-45f3-b075-9bf9167ff8fe;424.0;0.02;SELL
2016-03-28T01:03:01.307000;2016-03-28T01:03:01.527000;cc780b68-d067-469a-abbd-ca5c85218234;424.0;0.01;SELL
2016-03-28T01:03:01.307000;2016-03-28T01:03:01.527000;158729ec-fa69-4152-b2f0-0ec278e78a4e;423.98;0.2;SELL
2016-03-28T01:03:01.307000;2016-03-28T01:03:01.527000;c1a76fde-f0d5-4395-8032-171bc7dd7971;423.97;0.05;SELL
2016-03-28T01:03:01.307000;2016-03-28T01:03:01.527000;245158a2-eacc-43bf-8068-7e9a2ef41633;423.97;0.636;SELL
2016-03-28T01:03:01.307000;2016-03-28T01:03:01.527000;b79c92d8-98e0-4f8a-b206-90320ca54338;423.97;0.089;SELL
2016-03-28T01:03:01.307000;2016-03-28T01:03:01.527000;1f717aa0-33dd-4498-9696-1e4c553e05aa;423.95;1.0;SELL
2016-03-28T01:03:01.307000;2016-03-28T01:03:01.527000;a515d310-5480-4d5c-aa8c-bdbfdd987fdd;423.94;0.05;SELL
2016-03-28T01:03:01.307000;2016-03-28T01:03:01.527000;c3739f4a-15b3-4bbb-b48f-54a497c18983;423.93;1.6;SELL
2016-03-28T01:03:01.307000;2016-03-28T01:03:01.527000;6f2a12fd-60bf-44e4-8716-41d09b5d7d1e;423.92;0.01;SELL
2016-03-28T01:03:01.307000;2016-03-28T01:03:01.527000;8a310386-16fb-487e-af53-9400908f616b;423.92;0.122;SELL
2016-03-28T01:03:01.307000;2016-03-28T01:03:01.527000;cb2fbc78-c9b6-40ea-b93e-8577fe5ac57e;423.92;1.2;SELL
2016-03-28T01:03:01.310000;2016-03-28T01:03:01.527000;bf599f31-1af2-47dd-97e1-bd2676facad8;423.91;0.05;SELL
2016-03-28T01:03:01.310000;2016-03-28T01:03:01.543000;d4d564ab-3dbb-40ab-864f-867e98a939b7;423.91;2.0;SELL
2016-03-28T01:03:01.310000;2016-03-28T01:03:01.543000;a3a34615-3d35-44f1-a809-73dbc79b8e11;423.9;0.476763;SELL
2016-03-28T01:03:01.310000;2016-03-28T01:03:01.543000;e87ea34d-c92a-4849-85e7-6739c736f8a3;423.9;0.01;SELL
2016-03-28T01:03:01.310000;2016-03-28T01:03:01.543000;a8f42e4a-91bf-4c34-9141-8ff5d120fbc0;423.9;0.01;SELL
2016-03-28T01:03:01.310000;2016-03-28T01:03:01.543000;bd46e251-ccdb-49b7-96f1-e6f91b31ff6a;423.89;5.0;SELL
2016-03-28T01:03:01.310000;2016-03-28T01:03:01.543000;d27fd633-4a48-46a4-9572-b4fa05084f20;423.88;0.05;SELL
2016-03-28T01:03:01.310000;2016-03-28T01:03:01.543000;e5d7af26-8937-4e95-99c2-cfe31cd95745;423.86;0.25567529;SELL
2016-03-28T01:03:35.047000;2016-03-28T01:03:35.057000;507313df-2c7d-4d5b-8778-512a890caa25;424.41;1.25;BUY
2016-03-28T01:04:00.823000;2016-03-28T01:04:00.840000;0598f3da-80cc-4ac2-a0c8-bc67970192cb;424.4;0.01;SELL
2016-03-28T01:04:00.823000;2016-03-28T01:04:00.853000;7aef5074-4f89-479a-ab6f-03ba84c9c309;424.4;0.0286;SELL
2016-03-28T01:04:00.823000;2016-03-28T01:04:00.853000;84b85a57-e3ba-4367-9586-744ea0e6daa5;424.4;0.0179;SELL
2016-03-28T01:04:00.823000;2016-03-28T01:04:00.853000;e7286ac2-e0e0-4562-b5ac-b3576759f9c8;424.4;0.016;SELL
2016-03-28T01:04:00.823000;2016-03-28T01:04:00.870000;606d17da-3f01-4960-8886-ea37fe27bdf1;424.4;0.0188;SELL
2016-03-28T01:04:00.823000;2016-03-28T01:04:00.870000;9508e456-0d20-4325-9f5b-9b25e26c2ed4;424.4;0.017;SELL
2016-03-28T01:04:00.823000;2016-03-28T01:04:00.870000;bcb8a0c9-81e9-4d0d-9e33-8dca46478605;424.4;0.0158;SELL
2016-03-28T01:04:00.823000;2016-03-28T01:04:00.870000;58025235-62e1-4945-aa3f-446ea605aa15;424.4;0.0171;SELL
2016-03-28T01:04:00.823000;2016-03-28T01:04:00.870000;b243bae2-2e54-4fe3-a9ab-53a8ff69e05a;424.29;0.25;SELL
2016-03-28T01:04:00.823000;2016-03-28T01:04:00.870000;af66dd07-3f9b-41b9-821d-4f0b6d5d7653;424.29;0.101;SELL
2016-03-28T01:04:00.823000;2016-03-28T01:04:00.870000;36588cbe-08aa-4f12-bdac-346cbe521cb3;424.24;0.126;SELL
2016-03-28T01:04:00.823000;2016-03-28T01:04:00.870000;a5ea4a37-4109-4e47-857a-54f091fb45b3;424.12;0.09112;SELL
2016-03-28T01:04:01.903000;2016-03-28T01:04:01.917000;a1822cdb-8fed-4b35-8227-75e713d21ab3;424.39;0.01;BUY
2016-03-28T01:04:15.170000;2016-03-28T01:04:15.183000;3b2cdfc9-dae4-4b33-ba30-548241c05b4f;424.24;0.2;BUY
2016-03-28T01:04:15.170000;2016-03-28T01:04:15.197000;b1544a1d-13f3-4ffd-8b9c-94587cfe636e;424.25;0.8;BUY
2016-03-28T01:05:00.713000;2016-03-28T01:05:00.730000;80e68557-7a9a-477b-87cd-469e7b7f9963;424.36;0.2;BUY
2016-03-28T01:05:00.713000;2016-03-28T01:05:00.747000;ee69081a-c573-41fb-be86-ab15cf917008;424.36;0.03331;BUY
2016-03-28T01:05:30.807000;2016-03-28T01:05:30.823000;1600ab56-a8e2-4979-8415-05d75db3aa1a;424.35;0.0382;SELL
2016-03-28T01:05:30.807000;2016-03-28T01:05:30.840000;aac43af8-c4ed-4d38-99a7-f6e5e537b098;424.33;0.01;SELL
2016-03-28T01:05:30.807000;2016-03-28T01:05:30.840000;35dce735-8db8-4ad7-93e2-47d1963b779c;424.32;0.01;SELL
2016-03-28T01:05:30.807000;2016-03-28T01:05:30.840000;a0228c98-d90c-4b15-9b61-22a19511716c;424.28;0.113;SELL
2016-03-28T01:05:30.807000;2016-03-28T01:05:30.840000;e469b589-5627-4dbb-8aea-4d0dda005fe7;424.23;0.07628;SELL
2016-03-28T01:06:30.787000;2016-03-28T01:06:30.793000;f7a302b6-da3f-4cb2-9887-251e29569543;424.24;0.01;SELL
2016-03-28T01:06:30.787000;2016-03-28T01:06:30.807000;0194a468-7910-4ffc-842b-e1beadca0949;424.23;0.01;SELL
2016-03-28T01:06:30.787000;2016-03-28T01:06:30.807000;3b305234-4f49-4c1f-8242-ccb69ba958cd;424.21;0.01;SELL
2016-03-28T01:06:30.787000;2016-03-28T01:06:30.807000;d1db2327-8ad8-4c47-b231-66a49796d42f;424.09;0.092;SELL
2016-03-28T01:06:30.787000;2016-03-28T01:06:30.807000;9de52e5f-0c6b-4633-8b99-29f98ac8f937;424.08;0.02348;SELL
2016-03-28T01:07:01.640000;2016-03-28T01:07:01.650000;0e890773-1fad-4b3a-af09-8af164ac18a9;424.26;0.391;BUY
2016-03-28T01:07:01.640000;2016-03-28T01:07:01.667000;94d022d9-2dae-45fb-8406-ad44a6e4e0ad;424.26;0.02966;BUY
2016-03-28T01:07:30.697000;2016-03-28T01:07:30.700000;a0b5a7c7-159a-4f29-95df-79e8e4f780f3;424.26;0.2;BUY
2016-03-28T01:07:30.697000;2016-03-28T01:07:30.713000;7a1a68bc-9145-464c-883b-982996c513a6;424.31;0.012;BUY
2016-03-28T01:07:30.697000;2016-03-28T01:07:30.713000;50ab0db5-3c3e-4059-b484-070bc1585752;424.32;0.076;BUY
2016-03-28T01:07:30.697000;2016-03-28T01:07:30.713000;29a9bac1-7e76-41c8-b7d2-dac251c3ce7f;424.34;0.01;BUY
2016-03-28T01:07:30.697000;2016-03-28T01:07:30.713000;421f568d-082c-4b57-ad38-76b14615681d;424.35;0.25;BUY
2016-03-28T01:07:30.697000;2016-03-28T01:07:30.713000;7f88647a-e9d7-4e3b-a9a5-1c60d70c0833;424.36;0.01;BUY
2016-03-28T01:07:30.697000;2016-03-28T01:07:30.713000;d104b52f-1be5-4b24-96cd-2bee5803a571;424.37;0.02048;BUY
2016-03-28T01:07:49.723000;2016-03-28T01:07:49.787000;0a3f779a-9b30-42b7-8eb8-2bf7d41d712d;424.25;0.01;SELL
2016-03-28T01:07:49.723000;2016-03-28T01:07:49.803000;74a9f331-5e58-43ba-b240-2627b4944e6c;424.13;0.01;SELL
2016-03-28T01:08:02.013000;2016-03-28T01:08:02.067000;e3aaa775-6b9e-442c-b64a-5d7ee3ce4ee9;424.15;0.01;SELL
2016-03-28T01:08:02.013000;2016-03-28T01:08:02.083000;52ea4d6e-7a9e-4309-80e1-aa9c69d2ecaf;424.14;0.01;SELL
2016-03-28T01:08:02.013000;2016-03-28T01:08:02.083000;8de2893b-ff4d-4e63-a7b3-927accc748e5;424.14;0.08;SELL
2016-03-28T01:08:02.013000;2016-03-28T01:08:02.083000;e3a2d051-1b9f-4da9-99b7-1b32ac93af98;424.11;0.2;SELL
2016-03-28T01:08:02.013000;2016-03-28T01:08:02.083000;89f2b2eb-91d5-4fc7-9e1d-847f348032f2;424.1;0.87808;SELL
2016-03-28T01:08:04.527000;2016-03-28T01:08:04.630000;9d80f102-885b-4745-b321-bde1cde5d080;424.22;0.163;BUY
2016-03-28T01:08:38.927000;2016-03-28T01:08:38.990000;5c73ecec-280f-45ac-aee4-6ed65b220611;424.24;0.03;SELL
2016-03-28T01:08:41.550000;2016-03-28T01:08:41.613000;43fa18df-ff27-4b4b-b703-fa7e3a5bc682;424.25;0.2921;BUY
2016-03-28T01:08:41.550000;2016-03-28T01:08:41.630000;5dfb66e4-fbc9-4ca5-b1a3-397859237d2f;424.25;0.2983;BUY
2016-03-28T01:08:41.550000;2016-03-28T01:08:41.630000;8467e997-a97e-4ba0-bdfd-4a5a1478819d;424.27;0.01;BUY
2016-03-28T01:08:41.550000;2016-03-28T01:08:41.630000;fe179b54-9ea8-40f6-ab2c-d5cbe6281e30;424.28;0.01;BUY
2016-03-28T01:08:41.550000;2016-03-28T01:08:41.630000;33b9575f-8bca-497e-95d2-53fd0f95c96b;424.3;0.127;BUY
2016-03-28T01:08:41.550000;2016-03-28T01:08:41.693000;da026a86-9b2a-4ab6-acd2-463f690252cf;424.31;0.01;BUY
2016-03-28T01:08:41.550000;2016-03-28T01:08:41.710000;33fbe69f-df8b-460e-936e-2dbc679f8f21;424.34;0.25;BUY
2016-03-28T01:08:41.550000;2016-03-28T01:08:41.710000;56b023db-17e1-41cd-a41d-96c2df640b0c;424.34;0.0026;BUY
2016-03-28T01:09:00.720000;2016-03-28T01:09:00.787000;b14fbd3a-bb8e-429c-a9aa-317ec9056bd5;424.25;0.08597;BUY
2016-03-28T01:09:10.977000;2016-03-28T01:09:11.037000;2b5f133e-05a0-4282-9d2f-f43f289c7dda;424.25;0.01;BUY
2016-03-28T01:09:10.977000;2016-03-28T01:09:11.053000;2d45d1ca-2db8-4658-92eb-b4ae6c21bed4;424.34;0.14;BUY
2016-03-28T01:09:10.997000;2016-03-28T01:09:11.067000;68ce9798-0681-4631-b663-faa7addccc87;424.34;0.02646084;BUY
2016-03-28T01:09:11.010000;2016-03-28T01:09:11.083000;ca6b31ac-7712-420e-b95e-67a79a4d79a2;424.34;0.03353916;BUY
2016-03-28T01:09:11.010000;2016-03-28T01:09:11.083000;8975d60d-eab9-4cc9-a25f-6fa743fd7a0f;424.35;0.01219647;BUY
2016-03-28T01:09:11.117000;2016-03-28T01:09:11.177000;0e41e91c-28f3-4273-986f-e250781a65b7;424.32;0.0413;BUY
2016-03-28T01:09:31.197000;2016-03-28T01:09:31.257000;7e7a32b3-751f-404a-89c2-70991d2cb5cc;424.37;0.22952;BUY
2016-03-28T01:09:31.197000;2016-03-28T01:09:31.270000;68fbdd00-36a0-4de6-b4cd-0ded010f2a14;424.37;0.25;BUY
2016-03-28T01:09:31.197000;2016-03-28T01:09:31.270000;cbc10ceb-f84f-4a44-b1d3-d2de62df0464;424.38;0.01;BUY
2016-03-28T01:09:31.197000;2016-03-28T01:09:31.270000;384e9ae6-dda8-437e-9de2-69e9dc1741b5;424.39;0.105;BUY
2016-03-28T01:09:31.197000;2016-03-28T01:09:31.287000;c444da73-8d95-4af8-ad03-98d46ef2b252;424.42;0.01;BUY
2016-03-28T01:09:31.197000;2016-03-28T01:09:31.287000;030ba1b4-8b67-4943-846c-a5f4464fe1dd;424.42;0.05;BUY
2016-03-28T01:09:31.197000;2016-03-28T01:09:31.287000;8dd85b26-a699-4552-8d36-dc85393455b9;424.42;0.05;BUY
2016-03-28T01:09:31.197000;2016-03-28T01:09:31.287000;22c31669-7622-473d-97c5-e628899462f1;424.42;0.05;BUY
2016-03-28T01:09:31.200000;2016-03-28T01:09:31.303000;63b66c8c-2efd-4fe0-8150-c1f36703928f;424.42;0.01;BUY
2016-03-28T01:09:31.200000;2016-03-28T01:09:31.303000;7adfb8fc-597f-499b-885c-5464a2201a99;424.42;0.03537;BUY
2016-03-28T01:09:31.200000;2016-03-28T01:09:31.303000;cd2c9488-755c-4ee9-898f-90ce5b964e0b;424.42;0.03;BUY
2016-03-28T01:09:31.200000;2016-03-28T01:09:31.303000;2350a227-57c1-4d20-b6ac-6ef3bc3e4f37;424.42;0.05;BUY
2016-03-28T01:09:31.200000;2016-03-28T01:09:31.303000;2a35ebdd-5119-4654-ad47-59c2fbc507dd;424.42;0.02;BUY
2016-03-28T01:09:31.200000;2016-03-28T01:09:31.303000;bddee3fa-6a0e-4cd8-8a23-72fac494703e;424.42;0.05;BUY
2016-03-28T01:09:31.200000;2016-03-28T01:09:31.333000;bc74af5c-d3ec-4956-abff-8dfad0ede319;424.42;0.05;BUY
2016-03-28T01:09:31.200000;2016-03-28T01:09:31.333000;1c76e193-4fc4-4944-be16-3b0632cc8062;424.42;0.02;BUY
2016-03-28T01:09:31.200000;2016-03-28T01:09:31.350000;94f8ead7-39a9-4ce9-a240-04585f6c4ee2;424.42;0.05;BUY
2016-03-28T01:09:31.200000;2016-03-28T01:09:31.350000;6cc7ba16-1533-4956-bebe-272cf6bffce2;424.42;0.02;BUY
2016-03-28T01:09:31.200000;2016-03-28T01:09:31.350000;5f01d7e5-0452-457d-a8fb-77cdde10da1e;424.42;0.05;BUY
2016-03-28T01:09:31.200000;2016-03-28T01:09:31.350000;94231cda-5a59-4839-9307-a934e00a16e7;424.42;0.05;BUY
2016-03-28T01:09:31.200000;2016-03-28T01:09:31.350000;08d744ec-b2b2-4d39-b6fb-1148b11788f9;424.42;0.01463;BUY
2016-03-28T01:09:31.200000;2016-03-28T01:09:31.350000;3bae9941-f879-43a0-9367-e0206df04625;424.42;0.05;BUY
2016-03-28T01:09:31.200000;2016-03-28T01:09:31.350000;b591abfd-aa05-4c68-b669-32c4bd92e483;424.42;0.05;BUY
