time_exchange;time_coinpai;guid;price;base_amount;taker_side
2016-03-28T00:07:53.000000;2016-03-28T00:07:53.893000;4c75b049-a75f-4594-8569-2cd2fc63ccab;10.446;1.4;BUY
2016-03-28T00:07:53.000000;2016-03-28T00:07:53.907000;4f2f3f05-8c27-44a0-a2d9-8aa643e79ea5;10.448;2.548092;BUY
2016-03-28T00:07:54.000000;2016-03-28T00:07:54.810000;f8f10272-2e4b-4480-9725-6a521c9431e5;10.448;4.4506114;SELL
2016-03-28T00:09:13.000000;2016-03-28T00:09:13.193000;a5c9d918-c93a-434f-9db4-6ec8b14d3d0f;10.448;4.4506114;BUY
2016-03-28T00:13:14.000000;2016-03-28T00:13:14.700000;24d806a7-f3d1-40b6-9835-feae1b35c87c;10.401;4.9;SELL
2016-03-28T00:13:14.000000;2016-03-28T00:13:14.707000;737839a4-94ce-4a69-8f1a-6350950d9e34;10.4;4.65109838;SELL
2016-03-28T00:17:14.000000;2016-03-28T00:17:14.860000;33560d00-bd5c-4c1c-8e7a-35172019023b;10.4;9.55109838;SELL
2016-03-28T00:23:26.000000;2016-03-28T00:23:26.997000;2b9737ef-eef2-4cbf-8af7-f6622c5012c5;10.4;9.55292319;SELL
2016-03-28T00:34:47.000000;2016-03-28T00:34:47.390000;a39a61a0-d287-4ecf-9757-be2ad04db205;10.4;9.59324635;SELL
2016-03-28T00:43:47.000000;2016-03-28T00:43:47.897000;0ff32b2c-860e-44bc-b376-585642e4e49e;10.425;4.9;BUY
2016-03-28T00:43:47.000000;2016-03-28T00:43:47.907000;53fca61b-269c-43bf-8ebc-430ae0cc209e;10.426;5.1;BUY
2016-03-28T00:47:31.000000;2016-03-28T00:47:31.657000;841eb2a5-e600-4fa4-81a1-8bcc53ae34f7;10.409;1.0;SELL
2016-03-28T00:47:57.000000;2016-03-28T00:47:57.127000;539e1c15-99cc-438d-aabd-6bb1aca9a538;10.426;20.3369;BUY
2016-03-28T00:49:05.000000;2016-03-28T00:49:05.363000;2d892c7c-98a8-4319-85ea-3a250cb7b414;10.412;7.44614565;SELL
2016-03-28T00:49:52.000000;2016-03-28T00:49:52.537000;35240032-ab6f-4285-91f2-7430b05ab81e;10.47;0.50138;BUY
2016-03-28T00:49:55.000000;2016-03-28T00:49:55.823000;0be1e4bc-eb48-423b-823e-9bb99e42cd1a;10.47;2.47835674;BUY
2016-03-28T00:49:58.000000;2016-03-28T00:49:58.530000;ac44845a-8e99-4e93-8b7f-4da548b96446;10.48;0.50138;BUY
2016-03-28T00:49:58.000000;2016-03-28T00:49:58.933000;ab0111b2-93f8-4b1e-903a-f6669d60b519;10.416;1.3;SELL
2016-03-28T00:49:58.000000;2016-03-28T00:49:58.947000;4f0790d0-64f2-4927-8fed-da051fd56c9b;10.415;1.69904643;SELL
2016-03-28T00:52:39.000000;2016-03-28T00:52:39.850000;f150f1a5-0110-4296-8ac9-582f5c02c095;10.417;0.50458066;SELL
2016-03-28T00:53:30.000000;2016-03-28T00:53:30.320000;f045c696-b01a-4e6b-ab99-d25c7608f822;10.421;2.6640004;SELL
2016-03-28T00:54:02.000000;2016-03-28T00:54:02.680000;c896eb6c-5cfb-457f-b870-532ed35b24e3;10.425;0.2;SELL
2016-03-28T00:56:21.000000;2016-03-28T00:56:22.040000;c08e847b-3482-4312-8815-0a8f82a00fd2;10.48;4.62133014;BUY
2016-03-28T00:56:22.000000;2016-03-28T00:56:22.853000;3362b34c-d0a1-4473-ae3f-3f2203525c03;10.496;5.40041672;BUY
2016-03-28T00:56:24.000000;2016-03-28T00:56:24.923000;9863b006-8bdb-4897-b2dc-dab4cf9f94ac;10.496;1.90547436;BUY
2016-03-28T01:04:07.000000;2016-03-28T01:04:07.550000;949767fe-fd24-4da4-b2ee-c7a04f156093;10.511;0.77908658;BUY
2016-03-28T01:04:50.000000;2016-03-28T01:04:50.077000;5cef7ffc-fea2-4d06-955e-38dd1fb3fa52;10.53;4.75903575;BUY
2016-03-28T01:04:54.000000;2016-03-28T01:04:54.167000;93db73a1-4afc-4544-9fe1-03f276df4590;10.53;5.48825225;BUY
2016-03-28T01:10:10.000000;2016-03-28T01:10:10.243000;caf8bfdd-515c-4c44-a18e-978210cd110e;10.476;3.65589857;SELL
2016-03-28T01:10:47.000000;2016-03-28T01:10:47.397000;45d55f40-8b8c-4420-b456-76a622d3bb2f;10.477;2.3466236;SELL
2016-03-28T01:50:08.000000;2016-03-28T01:50:08.800000;8ba1ca27-66d7-4f41-a87d-87ae1adff7e0;10.525;26.05546695;BUY
2016-03-28T01:50:47.000000;2016-03-28T01:50:47.457000;2f45a020-0ce2-442c-8ca5-bea61dd6b2a5;10.524;1.4;BUY
2016-03-28T01:50:47.000000;2016-03-28T01:50:47.463000;4b5230cc-0162-4fb3-a12c-6fc89eabf7a1;10.525;1.72323394;BUY
2016-03-28T01:50:48.000000;2016-03-28T01:50:48.280000;c715d0d8-64dd-49ca-b89d-3ec47159b0c9;10.525;4.17415966;BUY
2016-03-28T01:50:48.000000;2016-03-28T01:50:48.353000;32d6d2b7-323e-4a2e-9df0-d1263a821176;10.525;13.04713945;BUY
2016-03-28T01:50:49.000000;2016-03-28T01:50:49.720000;700d6a36-392f-423c-84e3-ae259cbe1e40;10.54;1.82366058;BUY
2016-03-28T01:50:50.000000;2016-03-28T01:50:50.053000;4892f477-b436-44e6-91d5-8eb2ab449725;10.549;0.3503;BUY
2016-03-28T01:50:50.000000;2016-03-28T01:50:50.157000;97ff5690-8679-476f-9eb2-c423813d0dfb;10.571;0.60019908;BUY
2016-03-28T02:03:36.000000;2016-03-28T02:03:36.403000;0b27696d-9c23-4d38-835a-5635667d061e;10.61;1.5;BUY
2016-03-28T02:03:54.000000;2016-03-28T02:03:54.917000;bae5f6c4-2bcf-4657-9bbf-c9e4b1a48673;10.61;0.81699;BUY
2016-03-28T02:04:58.000000;2016-03-28T02:04:58.610000;f7ad6960-2f99-4484-aa4b-a807619bba0a;10.61;0.73537;BUY
2016-03-28T02:05:34.000000;2016-03-28T02:05:34.937000;012dbefa-7c49-4c2f-97e1-fd02aec6c898;10.61;1.94764;BUY
2016-03-28T02:05:39.000000;2016-03-28T02:05:39.277000;21171bdb-a4a7-4fdc-9bca-91766527acb3;10.61;1.94764;BUY
2016-03-28T02:06:01.000000;2016-03-28T02:06:01.877000;e4505163-ecec-4b62-a232-446f4719308e;10.61;16.01601602;BUY
2016-03-28T02:06:02.000000;2016-03-28T02:06:02.190000;a969e4ba-dd13-405b-a874-f15d768c410e;10.61;12.95871696;BUY
2016-03-28T02:06:02.000000;2016-03-28T02:06:02.270000;dc545870-584f-4de3-9bba-2ca4f7091485;10.61;0.66191;BUY
2016-03-28T02:06:02.000000;2016-03-28T02:06:02.390000;9af16986-56ea-4cb3-9abb-7baac1a2b87e;10.61;1.001001;BUY
2016-03-28T02:06:04.000000;2016-03-28T02:06:04.280000;67035b35-2970-4dfd-9f9b-dea638155dad;10.61;5.00500501;BUY
2016-03-28T02:06:11.000000;2016-03-28T02:06:11.603000;f18d83d5-6a83-44be-8ffc-92bdf6f79828;10.61;7.40971101;BUY
2016-03-28T02:06:11.000000;2016-03-28T02:06:11.787000;f6b33c49-6fa7-4716-b038-8a842f9f578d;10.654;0.3505;BUY
2016-03-28T02:06:11.000000;2016-03-28T02:06:11.800000;cc80e397-3099-4a90-a711-3f922a13067f;10.655;7.35948895;BUY
2016-03-28T02:07:06.000000;2016-03-28T02:07:06.213000;42badc7c-8f5f-4b30-b08d-74d4b13757b6;10.659;0.3503;BUY
2016-03-28T02:08:20.000000;2016-03-28T02:08:20.933000;18a55c1f-46a0-4b14-8cb4-a51f63c9bb75;10.66;14.45386085;BUY
2016-03-28T02:08:21.000000;2016-03-28T02:08:21.103000;de94d2b9-3d86-4236-9a09-efd773599607;10.66;10.54613915;BUY
2016-03-28T02:09:00.000000;2016-03-28T02:09:00.700000;d6f5f876-e4d4-4366-af9e-d7b7ab410f00;10.7;2.7595;BUY
2016-03-28T02:09:33.000000;2016-03-28T02:09:33.257000;f7843057-2083-4293-9c42-a3fb7101431c;10.671;1.0;SELL
2016-03-28T02:09:34.000000;2016-03-28T02:09:35.013000;d3e58e24-f22c-4aa9-b890-03269750f9ca;10.7;7.5;BUY
2016-03-28T02:10:01.000000;2016-03-28T02:10:01.827000;879fde29-3585-4fdc-abf2-57cf728da45d;10.7;19.7405;BUY
2016-03-28T02:10:01.000000;2016-03-28T02:10:01.827000;8857ccbd-aabe-4d78-8bfb-53ca788fb1ef;10.7;8.07044434;BUY
2016-03-28T02:10:03.000000;2016-03-28T02:10:03.610000;eab1146b-9ccb-48f7-a84b-47de704d9319;10.7;2.13576136;BUY
2016-03-28T02:10:05.000000;2016-03-28T02:10:05.853000;6592a04e-e41c-4f61-8f26-8be3880c65db;10.677;1.0;SELL
2016-03-28T02:10:26.000000;2016-03-28T02:10:26.817000;53b752f9-aa61-4753-a56b-a4389d1a46c9;10.682;1.0;SELL
2016-03-28T02:10:32.000000;2016-03-28T02:10:32.137000;2432c3d5-1cfc-4bb8-823a-6891cda9dbc5;10.7;9.7937943;BUY
2016-03-28T02:10:32.000000;2016-03-28T02:10:32.150000;acf4a314-4ce3-4ed8-ab0f-6cdc4528fe44;10.7;28.03403353;BUY
2016-03-28T02:19:30.000000;2016-03-28T02:19:30.530000;3b476306-903f-47b1-9e01-bd64f67c489a;10.699;1.0;SELL
2016-03-28T02:21:33.000000;2016-03-28T02:21:33.143000;21c5929d-ad83-4013-98ab-f644eaca240f;10.7;1.0;BUY
2016-03-28T02:21:33.000000;2016-03-28T02:21:33.153000;890520e7-c1f6-48f0-998b-9fd5f4097f3d;10.759;1.53491755;BUY
2016-03-28T02:25:15.000000;2016-03-28T02:25:15.443000;5ba6144e-8567-420b-b0e7-d264a7bcf6c0;10.718;1.0;SELL
2016-03-28T02:25:15.000000;2016-03-28T02:25:15.457000;d80c5795-f807-4e81-bb5a-01ab9424ab51;10.718;1.0;SELL
2016-03-28T02:25:15.000000;2016-03-28T02:25:15.463000;afaba400-9a21-459c-a497-1fa43cca356a;10.71;0.53799199;SELL
2016-03-28T02:25:15.000000;2016-03-28T02:25:15.493000;99d85851-673c-4674-8ad4-b5670459daab;10.701;0.3503;SELL
2016-03-28T02:25:15.000000;2016-03-28T02:25:15.493000;36d4cdfe-21a5-44e8-a79e-99be66e20db5;10.673;2.615608;SELL
2016-03-28T02:25:15.000000;2016-03-28T02:25:15.493000;08093690-1cfa-4a1a-ad47-9dae3c6e343f;10.659;0.24273999;SELL
2016-03-28T02:25:15.000000;2016-03-28T02:25:15.493000;b793d170-068c-4af4-93d6-be57f8ec5c49;10.633;20.44765111;SELL
2016-03-28T02:30:24.000000;2016-03-28T02:30:24.383000;c1b4cdd1-58fc-458d-876e-835ad4f082c2;10.667;2.2323264;SELL
2016-03-28T02:47:12.000000;2016-03-28T02:47:12.993000;59d11c1b-1675-4a71-b30d-b442f742027f;10.75;25.0;BUY
2016-03-28T02:47:12.000000;2016-03-28T02:47:13.000000;d636de82-2c3c-4d9b-aebd-51f1f9813834;10.76;21.64301569;BUY
2016-03-28T02:47:21.000000;2016-03-28T02:47:22.073000;4ccef900-1d1a-4d4b-8381-2c16c4bbfc1d;10.76;13.11698431;BUY
2016-03-28T02:48:03.000000;2016-03-28T02:48:03.193000;bb4d2d44-784f-4888-a3af-00effba0da0d;10.764;0.3505;BUY
2016-03-28T02:48:03.000000;2016-03-28T02:48:03.207000;00a43546-bb5e-4973-8608-675db2ff84a5;10.782;4.9999999;BUY
2016-03-28T02:48:36.000000;2016-03-28T02:48:36.173000;2fb6614d-1b4f-4ac0-9f78-23da4c522589;10.79;24.99999983;BUY
2016-03-28T02:48:38.000000;2016-03-28T02:48:38.557000;e28d7576-9031-4f69-a0b2-b3071ad968eb;10.8;2.4393;BUY
2016-03-28T02:49:38.000000;2016-03-28T02:49:38.123000;6e68ff39-44d2-4371-ac63-b355460ad1fd;10.82;2.00200196;BUY
2016-03-28T02:49:44.000000;2016-03-28T02:49:44.320000;d92eea14-8b17-4bce-b334-9ead2f78ae1c;10.82;2.4393;BUY
2016-03-28T02:49:54.000000;2016-03-28T02:49:54.947000;98788d3e-4073-4fd8-9e0e-4224a3250c35;10.82;25.55869804;BUY
2016-03-28T02:50:22.000000;2016-03-28T02:50:22.327000;d8ee2c60-ec86-4521-b9e8-21f95df17e1c;10.85;16.62662663;BUY
2016-03-28T02:50:22.000000;2016-03-28T02:50:23.300000;8df605ef-4698-4152-a22b-da683edf95ab;10.85;13.37337337;BUY
2016-03-28T02:50:26.000000;2016-03-28T02:50:26.667000;acbf5a50-5447-4b95-b55c-ba6e78853f2e;10.938;13.34664;BUY
2016-03-28T02:50:26.000000;2016-03-28T02:50:26.677000;64184c06-bafb-4bd8-a053-beb14a17102d;10.94;2.594657;BUY
2016-03-28T02:51:30.000000;2016-03-28T02:51:30.220000;cf4084fc-771f-447c-94fd-06cdb61d41eb;10.967;2.90290257;BUY
2016-03-28T02:51:31.000000;2016-03-28T02:51:31.397000;8936525e-bb38-4e0b-886b-b769a2d43a28;10.967;2.29839743;BUY
2016-03-28T02:51:32.000000;2016-03-28T02:51:32.600000;dce2f44a-98ed-4932-8315-752b8c52062d;11.0;0.60450514;BUY
2016-03-28T02:51:56.000000;2016-03-28T02:51:56.220000;f4ff6c4d-cd8c-4138-8f4b-a84ff009950f;10.911;4.287;SELL
2016-03-28T02:52:16.000000;2016-03-28T02:52:16.137000;d27a309b-53f0-4f47-b121-10522f3fcbdb;10.94;1.0;SELL
2016-03-28T02:52:16.000000;2016-03-28T02:52:16.153000;1f69ab3e-160c-4fce-8ec3-18226812701c;10.922;2.216;SELL
2016-03-28T02:52:56.000000;2016-03-28T02:52:56.120000;d699f43d-7023-456b-921e-403094008252;10.922;2.412;SELL
2016-03-28T02:53:15.000000;2016-03-28T02:53:15.483000;118e556f-1676-4c99-8a3e-7730d4653f2e;10.925;1.809;SELL
2016-03-28T02:53:55.000000;2016-03-28T02:53:55.480000;4c371e70-8238-46ac-a32b-4326301745e2;10.927;1.356;SELL
2016-03-28T02:54:09.000000;2016-03-28T02:54:09.140000;5c3519d4-eebf-45a9-a8ad-dae9c024fe5c;10.93;11.65284628;BUY
2016-03-28T02:54:11.000000;2016-03-28T02:54:11.397000;b72dd022-9eab-4ead-b2fa-cf9dd31fc596;10.93;11.64119374;BUY
2016-03-28T02:54:15.000000;2016-03-28T02:54:15.870000;b67aaa10-1635-4250-925b-a028f168aa3e;10.922;0.115614;SELL
2016-03-28T02:54:15.000000;2016-03-28T02:54:15.880000;b5826cd7-9fdc-485b-b5c2-1bb7f30131e8;10.922;0.901386;SELL
2016-03-28T02:54:52.000000;2016-03-28T02:54:52.537000;2bd20590-cc6f-4873-bad2-22c4cad07b2d;10.93;6.70595998;BUY
2016-03-28T02:55:08.000000;2016-03-28T02:55:08.493000;f1774171-742a-4652-8dd9-bf3eace5b330;10.95;10.0;BUY
2016-03-28T02:56:24.000000;2016-03-28T02:56:24.907000;3128da96-5fc8-4dfc-86fa-1008a04a8c81;11.0;20.0;BUY
2016-03-28T02:56:43.000000;2016-03-28T02:56:43.270000;e6494217-3bce-4b0b-9d96-34fbd28ba05c;11.0;1.0;BUY
2016-03-28T02:56:51.000000;2016-03-28T02:56:51.307000;b2c88650-2356-4b38-b57a-1d8c41cc954b;11.0;10.31369486;BUY
2016-03-28T02:56:51.000000;2016-03-28T02:56:51.310000;de7eab3a-45b4-4392-9d98-6e10c63b29d2;11.0;3.0;BUY
2016-03-28T02:56:51.000000;2016-03-28T02:56:51.317000;27189693-ecc9-46ec-ac2a-deb1df0c1e32;11.0;33.32932083;BUY
2016-03-28T02:57:16.000000;2016-03-28T02:57:16.597000;62bd7a4c-294c-402d-b3c9-78fe6b359a77;11.0;10.01001001;BUY
2016-03-28T02:57:33.000000;2016-03-28T02:57:33.553000;eba54f2c-7a94-4a74-9ab8-ed464437ab81;11.0;6.66066916;BUY
2016-03-28T02:57:34.000000;2016-03-28T02:57:34.167000;406adf72-35c1-4ea3-a276-2f24ffa72848;11.0;6.1143062;SELL
2016-03-28T02:57:34.000000;2016-03-28T02:57:34.477000;23efa216-3d3e-4bb4-bd36-3c1df3a70bf5;11.0;1.087762;SELL
2016-03-28T02:57:43.000000;2016-03-28T02:57:43.983000;112d54a5-31a1-4755-b33c-2cfdef5e6072;11.0;14.84126264;SELL
2016-03-28T02:59:25.000000;2016-03-28T02:59:25.740000;22817dcb-17c4-483b-b0a7-982814f7c70c;10.968;10.0;SELL
2016-03-28T03:02:12.000000;2016-03-28T03:02:12.117000;f887a0b4-cfff-4f80-aa8e-5bcf2aea5195;10.936;6.70595998;SELL
2016-03-28T03:08:11.000000;2016-03-28T03:08:11.333000;79b01130-5ca7-4d45-beec-08058c289282;11.024;0.46400814;BUY
2016-03-28T03:08:25.000000;2016-03-28T03:08:25.983000;933b8813-a687-4d9f-97c8-007e7b55009b;11.03;20.0;BUY
2016-03-28T03:09:14.000000;2016-03-28T03:09:14.697000;207aa459-0db7-4bce-8f41-10b96d14251f;11.099;4.9526659;BUY
2016-03-28T03:09:14.000000;2016-03-28T03:09:14.707000;f3e76632-3370-4bfb-b80c-94a12e05e924;11.1;5.0;BUY
2016-03-28T03:09:14.000000;2016-03-28T03:09:14.710000;35c2d610-f97f-4f67-a592-91595735a40a;11.179;30.4056121;BUY
2016-03-28T03:11:12.000000;2016-03-28T03:11:12.487000;3362e5e7-1122-473f-8d8e-2b7a50925e19;11.16;4.0;SELL
2016-03-28T03:15:25.000000;2016-03-28T03:15:25.130000;f655e36d-dac5-494e-839f-30fbae33ec28;11.13;10.0;BUY
2016-03-28T03:16:12.000000;2016-03-28T03:16:12.880000;b29d994c-c37d-4784-bb4c-de5c74106db2;11.14;1.00100065;BUY
2016-03-28T03:16:13.000000;2016-03-28T03:16:14.020000;99f09318-3098-490d-8008-0519fbe29999;11.14;1.00100065;BUY
2016-03-28T03:16:17.000000;2016-03-28T03:16:17.677000;583612cd-7ef4-4400-ad5e-f275f4a977a9;11.14;1.00100065;BUY
2016-03-28T03:16:18.000000;2016-03-28T03:16:18.333000;32eeeee9-c449-4141-a5f4-91f3308c8ee3;11.14;0.81584901;BUY
2016-03-28T03:16:40.000000;2016-03-28T03:16:40.660000;18719ffe-a62d-470b-86ee-779c7bcd45ec;11.14;6.18114904;BUY
2016-03-28T03:17:30.000000;2016-03-28T03:17:30.527000;66649fd4-119b-422c-9b73-387d05765901;11.14;3.81885096;SELL
2016-03-28T03:17:30.000000;2016-03-28T03:17:30.537000;9a04ef68-2d2f-41aa-94f7-62fdd30b2bc0;11.14;0.34041384;SELL
2016-03-28T03:18:23.000000;2016-03-28T03:18:23.347000;616620b7-74b0-4917-8ea4-0c366c0aeece;11.15;10.0;BUY
2016-03-28T03:18:23.000000;2016-03-28T03:18:23.360000;b293844a-9fc1-4175-9238-4ef5944026ff;11.16;10.0;BUY
2016-03-28T03:18:33.000000;2016-03-28T03:18:33.980000;3b7ab8fe-005a-46fc-96d7-02f42906aa0d;11.17;6.02034261;BUY
2016-03-28T03:18:37.000000;2016-03-28T03:18:37.327000;04d123e5-f848-4354-8a79-832e8ccd5e4a;11.17;4.02799226;BUY
2016-03-28T03:18:48.000000;2016-03-28T03:18:48.333000;6e65032e-95f5-44a1-b044-2639865f5c41;11.17;16.22622623;BUY
2016-03-28T03:19:09.000000;2016-03-28T03:19:09.507000;bc6fc5b4-77ac-4d6b-962a-9435ad1b165a;11.17;3.56778215;BUY
2016-03-28T03:19:09.000000;2016-03-28T03:19:09.647000;5b73b4c9-feee-4b65-b4b2-5fe1561f8ddd;11.17;0.15765675;BUY
2016-03-28T03:19:09.000000;2016-03-28T03:19:09.650000;8e57322a-fe62-41e3-85a0-b62a8dfa5edd;11.17;0.30770613;BUY
2016-03-28T03:19:09.000000;2016-03-28T03:19:09.687000;45a31b1d-446a-4360-bf47-d259722abf1a;11.17;27.35299645;BUY
2016-03-28T03:19:09.000000;2016-03-28T03:19:09.693000;406488ac-e286-4bba-b547-cabd41200103;11.17;22.33929742;BUY
2016-03-28T03:19:12.000000;2016-03-28T03:19:12.570000;d0ce7fca-ac58-4a4a-bf18-7be50ab27a54;11.18;37.79361839;BUY
2016-03-28T03:19:13.000000;2016-03-28T03:19:13.113000;c16e69f1-8027-4c90-80f3-94f68c5181cb;11.18;12.20638161;BUY
2016-03-28T03:19:13.000000;2016-03-28T03:19:13.120000;9761b137-4fd9-4b1e-9c70-d6af14e10888;11.19;14.0;BUY
2016-03-28T03:19:13.000000;2016-03-28T03:19:13.150000;49e75a9c-c203-4c6b-aadd-16f35d9e8071;11.2;3.9;BUY
2016-03-28T03:19:13.000000;2016-03-28T03:19:13.150000;9c5cca21-9346-4648-9a67-487c9383ffa5;11.2;7.72107172;BUY
2016-03-28T03:19:13.000000;2016-03-28T03:19:13.300000;210ddbe0-f0a6-4ff2-9033-aaf290d88913;11.2;37.76042734;BUY
2016-03-28T03:19:14.000000;2016-03-28T03:19:14.510000;76910713-c489-44a2-b140-1f2540106fa5;11.2;27.51850094;BUY
2016-03-28T03:19:14.000000;2016-03-28T03:19:14.527000;cd621874-ce71-451c-9f4d-60bca875f2a2;11.2;5.0;BUY
2016-03-28T03:19:16.000000;2016-03-28T03:19:16.100000;1227efa9-8023-4966-96d7-2660f0441a7e;11.201;0.11505755;SELL
2016-03-28T03:19:18.000000;2016-03-28T03:19:18.473000;52ae2c8c-1981-4d12-a303-0f38130d62bd;11.22;5.2419264;BUY
2016-03-28T03:19:50.000000;2016-03-28T03:19:50.910000;61b9ce07-fe40-47b7-bfef-80824de3eadc;11.202;0.94118;SELL
2016-03-28T03:20:41.000000;2016-03-28T03:20:41.450000;6f3a7bba-89d0-43ca-84cd-819aba3080b2;11.22;55.4958736;BUY
2016-03-28T03:20:41.000000;2016-03-28T03:20:41.463000;356fbf57-b470-47b3-b9f6-6dba599d1ddd;11.22;1.99000208;BUY
2016-03-28T03:21:09.000000;2016-03-28T03:21:09.170000;7fd5e4c0-fd9d-4252-b92b-3f1b51fa28e4;11.25;3.9;BUY
2016-03-28T03:21:42.000000;2016-03-28T03:21:43.000000;48f8662e-f588-4567-b20d-bdfc3ab67cce;11.26;10.0;SELL
2016-03-28T03:22:55.000000;2016-03-28T03:22:55.880000;c0287c53-aca0-4c95-9b17-6df3a5e1a761;11.282;0.21;BUY
2016-03-28T03:22:57.000000;2016-03-28T03:22:57.303000;445cc450-3b75-456b-b82f-977c5333ae34;11.29;3.78822166;BUY
2016-03-28T03:23:01.000000;2016-03-28T03:23:01.787000;3086f035-e6cf-45bc-bc4b-f0437a00c060;11.29;3.78822166;BUY
2016-03-28T03:23:03.000000;2016-03-28T03:23:03.213000;59c06181-a165-4271-ac33-d05f067437c5;11.29;42.42355668;BUY
2016-03-28T03:23:22.000000;2016-03-28T03:23:22.593000;132f71f3-8d16-4eeb-8e9f-d9bfab94fcd4;11.3;10.0;BUY
2016-03-28T03:23:22.000000;2016-03-28T03:23:22.600000;fbe904c1-434b-41f2-a994-1b9abc266486;11.3;5.0;BUY
2016-03-28T03:24:39.000000;2016-03-28T03:24:39.173000;eccd5b2d-667e-4852-bacc-ed217b72e3fc;11.355;4.2654;BUY
2016-03-28T03:25:16.000000;2016-03-28T03:25:16.457000;daf616ba-dee7-44be-9c71-4e112cc669e9;11.39;0.56466355;BUY
2016-03-28T03:26:43.000000;2016-03-28T03:26:43.823000;8f6b18fa-50a1-4eba-867b-96c4c2e0db1b;11.335;3.2;SELL
2016-03-28T03:26:43.000000;2016-03-28T03:26:43.837000;d7ea0144-2e0a-4d87-bf26-f04aaedd0367;11.335;20.6386272;SELL
2016-03-28T03:27:52.000000;2016-03-28T03:27:52.693000;db205c6b-ae42-4253-a1c9-b2dd2d5a58b0;11.389;3.2;BUY
2016-03-28T03:27:52.000000;2016-03-28T03:27:52.700000;502e58e2-cd32-42c2-8e9f-f3a39dd4f46b;11.39;7.8;BUY
2016-03-28T03:28:10.000000;2016-03-28T03:28:10.470000;b20d67fb-43a0-44d8-9c17-fbfb3bb7979a;11.39;1.0;BUY
2016-03-28T03:34:21.000000;2016-03-28T03:34:21.387000;d6dcbdab-0bce-498a-8952-7f12e202913f;11.371;7.0439963;SELL
2016-03-28T03:34:28.000000;2016-03-28T03:34:28.643000;282bf951-7e11-4f8b-b28e-e25fc8a517a4;11.39;4.49047433;BUY
2016-03-28T03:34:49.000000;2016-03-28T03:34:49.620000;f13b84b6-f7ff-41fd-ac51-c863448e7381;11.39;4.94519851;BUY
2016-03-28T03:34:52.000000;2016-03-28T03:34:52.913000;36620eed-1760-4006-80cd-8f3804a2c918;11.39;4.94519851;BUY
2016-03-28T03:35:03.000000;2016-03-28T03:35:03.337000;64db8ed8-51d3-41fa-8d9c-3751e87db504;11.39;4.94519851;BUY
2016-03-28T03:35:05.000000;2016-03-28T03:35:05.307000;1431301c-3823-430d-8335-5ece3fc9fd82;11.39;21.30926659;BUY
2016-03-28T03:35:05.000000;2016-03-28T03:35:05.320000;e0a5513e-bbf5-458a-8abd-9c439f9261a2;11.39;10.8744417;BUY
2016-03-28T03:35:06.000000;2016-03-28T03:35:06.193000;14f1e53f-cb32-4c4f-9e7f-be58d1883802;11.39;32.18370829;BUY
2016-03-28T03:35:06.000000;2016-03-28T03:35:07.007000;40959361-fa52-4e86-9e28-10a65e8e12e6;11.39;1.94185001;BUY
2016-03-28T03:35:12.000000;2016-03-28T03:35:12.223000;05065ce8-6fbf-45d6-84cb-39054912f6ec;11.4;4.83451091;BUY
2016-03-28T03:35:36.000000;2016-03-28T03:35:36.223000;38df4adb-0ce8-4f1c-b661-72efdfab5866;11.4;0.16548909;BUY
2016-03-28T03:35:58.000000;2016-03-28T03:35:58.857000;b8923422-2798-45e8-bb1e-f5f343c72dea;11.41;4.43517334;BUY
2016-03-28T03:36:02.000000;2016-03-28T03:36:02.870000;97d0c128-0b16-49a3-b69b-18e7c19eb77e;11.41;0.56482666;BUY
2016-03-28T03:36:25.000000;2016-03-28T03:36:25.170000;979cc16b-2b62-4496-99f6-2392e83877a1;11.44;37.00327929;BUY
2016-03-28T03:36:46.000000;2016-03-28T03:36:46.497000;b84ac3dc-68d3-4c52-b7d9-e30d4f4483b8;11.44;0.3786977;BUY
2016-03-28T03:36:53.000000;2016-03-28T03:36:53.767000;12bc60ec-7373-47dc-8242-a7323ec1f721;11.439;4.06037532;BUY
2016-03-28T03:36:59.000000;2016-03-28T03:36:59.790000;61f3d978-5fa0-47c5-b286-b836e420dc22;11.439;3.03962468;BUY
2016-03-28T03:36:59.000000;2016-03-28T03:36:59.800000;935220cb-9c7c-4025-bc77-a50235683802;11.44;1.05740465;BUY
2016-03-28T03:37:05.000000;2016-03-28T03:37:05.527000;befa15b4-c2ec-47e5-a268-61ef2c43e468;11.44;4.09702933;BUY
2016-03-28T03:37:15.000000;2016-03-28T03:37:15.430000;be1e7c92-5ebd-4502-8ae5-07483b4377b2;11.44;4.09731614;BUY
2016-03-28T03:37:21.000000;2016-03-28T03:37:21.490000;546d84ba-4a05-454f-9cf0-b47f10f608b5;11.44;3.35282126;BUY
2016-03-28T03:37:29.000000;2016-03-28T03:37:29.810000;b90578c5-6c01-4eaf-a91d-61eb61fe46a1;11.44;0.01345163;BUY
2016-03-28T03:37:29.000000;2016-03-28T03:37:29.813000;51054c64-5767-4fb7-9980-a6530ca43a4d;11.45;0.554852;BUY
2016-03-28T03:37:34.000000;2016-03-28T03:37:34.377000;d6a04e30-ff41-459a-aecd-a2c5ffad8c03;11.45;3.71069069;BUY
2016-03-28T03:37:38.000000;2016-03-28T03:37:38.167000;951b39af-f494-4ea2-82f8-43054517c30f;11.45;3.70789313;BUY
2016-03-28T03:37:41.000000;2016-03-28T03:37:41.310000;fc05f630-2b7d-48f4-8c00-dbb966cced23;11.45;3.70789313;BUY
2016-03-28T03:37:41.000000;2016-03-28T03:37:41.500000;1d58ef86-041a-4a9e-94d1-17c9028070df;11.44;5.0;SELL
2016-03-28T03:37:45.000000;2016-03-28T03:37:45.827000;b5c473aa-761a-4207-81bd-8a7009c12ccc;11.45;5.00500501;BUY
2016-03-28T03:37:48.000000;2016-03-28T03:37:48.857000;85fa1891-243b-4b5b-b814-85b1192f6c2b;11.45;5.00500501;BUY
2016-03-28T03:37:51.000000;2016-03-28T03:37:51.613000;41714203-89c2-48d8-8817-f57d1b759cee;11.447;5.0;BUY
2016-03-28T03:37:51.000000;2016-03-28T03:37:52.093000;5637e570-0968-4eb5-892e-a02cea8d3ef7;11.45;4.09961928;BUY
2016-03-28T03:37:58.000000;2016-03-28T03:37:58.083000;14ae33ec-430f-447f-a59b-e41b5fde0b41;11.45;4.28292681;BUY
2016-03-28T03:38:03.000000;2016-03-28T03:38:03.180000;695e1634-fae9-4751-b8f7-c541a7d69d41;11.45;4.27654096;BUY
2016-03-28T03:38:07.000000;2016-03-28T03:38:07.087000;1620f576-821f-4093-aba5-26d1fdf6152b;11.45;4.27654096;BUY
2016-03-28T03:38:11.000000;2016-03-28T03:38:11.290000;0e4db480-ad56-4e17-aa17-a4ef03438dec;11.45;4.27654096;BUY
2016-03-28T03:38:11.000000;2016-03-28T03:38:11.853000;224ad20d-44c4-4ce5-97b7-f38813bdb6cb;11.449;5.0;SELL
2016-03-28T03:38:15.000000;2016-03-28T03:38:15.410000;0176abff-246d-47b4-950a-1a3b67fb75b5;11.45;4.27654096;BUY
2016-03-28T03:38:17.000000;2016-03-28T03:38:17.220000;40ddf68b-9d0f-40a6-9cbb-9eecc1db44be;11.45;32.01506004;BUY
2016-03-28T03:38:17.000000;2016-03-28T03:38:17.913000;be86d846-cefc-4211-9ba1-b6e3ca3ecfd4;11.45;32.01506004;BUY
2016-03-28T03:38:18.000000;2016-03-28T03:38:19.137000;83578412-54e0-41ae-bdb2-879cbcd283b9;11.45;32.01506004;BUY
2016-03-28T03:38:19.000000;2016-03-28T03:38:19.480000;545a331f-01c9-4828-a388-18c4b3a3ddf7;11.45;32.01506004;BUY
2016-03-28T03:38:21.000000;2016-03-28T03:38:21.140000;fec44803-917d-4240-905f-6e45f71a8d47;11.45;32.01506004;BUY
2016-03-28T03:38:21.000000;2016-03-28T03:38:21.713000;86336ec2-d780-49ea-9f25-8b1f9df8388e;11.45;3.7081776;BUY
2016-03-28T03:38:22.000000;2016-03-28T03:38:22.320000;7f8b4f18-6d19-4a82-958a-43b4b7ba53f1;11.45;32.01506004;BUY
2016-03-28T03:38:24.000000;2016-03-28T03:38:24.493000;877b015c-0362-4d9d-aecd-a4a35398fa6f;11.45;19.6506;BUY
2016-03-28T03:38:28.000000;2016-03-28T03:38:29.083000;4465734e-c521-41dc-9105-cc051e571ae5;11.45;4.1991391;BUY
2016-03-28T03:38:38.000000;2016-03-28T03:38:38.807000;bf1ae991-8491-492a-8675-662e5287be47;11.45;3.53896172;BUY
2016-03-28T03:38:44.000000;2016-03-28T03:38:44.493000;523a3e59-01f9-4863-83d5-1f979a6af8ca;11.45;46.64301569;BUY
2016-03-28T03:38:45.000000;2016-03-28T03:38:46.013000;2d03a0d9-0b4a-465a-9af3-3aa5fda8796f;11.45;4.3043043;BUY
2016-03-28T03:38:50.000000;2016-03-28T03:38:50.400000;325a4e36-b5e6-4c61-9346-e7db97a98692;11.45;23.19377755;BUY
2016-03-28T03:38:51.000000;2016-03-28T03:38:51.223000;5a1efb55-f261-490c-8436-6acafdbd284b;11.45;46.64301569;BUY
2016-03-28T03:38:52.000000;2016-03-28T03:38:52.880000;ef435990-c5b3-4284-b8a9-21c7c8ef5fa5;11.45;46.21475835;BUY
2016-03-28T03:38:52.000000;2016-03-28T03:38:52.903000;d3c64bd2-fdc6-40ad-b3a3-c60ef65d0885;11.45;6.02801196;BUY
2016-03-28T03:38:52.000000;2016-03-28T03:38:53.177000;16a85160-bee2-4114-9b9a-d264bdcb68c7;11.45;0.78626243;BUY
2016-03-28T03:38:53.000000;2016-03-28T03:38:53.920000;80fee54b-25ce-4551-a467-daa4b221cc37;11.45;0.78626243;BUY
2016-03-28T03:38:54.000000;2016-03-28T03:38:54.157000;5abc4bcd-fa71-4343-8f02-d36a025dc926;11.45;29.14146377;BUY
2016-03-28T03:38:54.000000;2016-03-28T03:38:54.213000;ee0a1cb7-9c37-4dc3-a443-65f1d57c1f70;11.45;0.49579054;BUY
2016-03-28T03:38:54.000000;2016-03-28T03:38:54.250000;49b8bf67-ad67-463a-843e-3731f7ede745;11.45;3.80106068;BUY
2016-03-28T03:38:54.000000;2016-03-28T03:38:54.893000;9996928c-02cd-4061-ae89-28771664e70a;11.45;2.22945506;BUY
2016-03-28T03:38:54.000000;2016-03-28T03:38:54.930000;e53de8e5-a13e-4dfb-b5fe-a6d49cfe766f;11.45;17.09248873;BUY
2016-03-28T03:38:55.000000;2016-03-28T03:38:55.373000;2d657e49-9abd-4925-a4a3-639f5b7ec3ee;11.45;29.33999647;BUY
2016-03-28T03:38:55.000000;2016-03-28T03:38:55.703000;acc5fecd-b212-4bc6-91e4-d99bee6ae184;11.45;3.82695606;BUY
2016-03-28T03:38:55.000000;2016-03-28T03:38:55.727000;f3d29aa5-e541-40c6-b966-c36393d4a798;11.45;46.64301569;BUY
2016-03-28T03:38:55.000000;2016-03-28T03:38:55.857000;5d884ad0-7341-4b5e-b178-1334fca4cca4;11.45;0.49916819;BUY
2016-03-28T03:39:57.000000;2016-03-28T03:39:57.997000;202be1d0-8cd1-4d4e-8067-1789ae3917bc;11.45;46.64301569;BUY
2016-03-28T03:40:09.000000;2016-03-28T03:40:09.267000;4f3335df-f76b-44d3-b111-f2c96579b3cb;11.45;32.01506004;BUY
2016-03-28T03:40:09.000000;2016-03-28T03:40:09.847000;6ccc5b69-4cda-4205-b99b-ba3bc554b721;11.45;22.75493996;BUY
2016-03-28T03:40:10.000000;2016-03-28T03:40:10.713000;0528de4e-1e4a-496f-b27b-37f8f08909a6;11.45;32.01506004;BUY
2016-03-28T03:40:12.000000;2016-03-28T03:40:12.123000;3bc0a25f-bba0-48bd-acc7-19e795966aeb;11.45;32.01506004;BUY
2016-03-28T03:40:13.000000;2016-03-28T03:40:13.513000;27c3a660-2c30-4543-9940-96fba355c553;11.45;32.01506004;BUY
2016-03-28T03:40:14.000000;2016-03-28T03:40:14.560000;bc57bb86-a062-4b77-9018-e083a297dad3;11.45;32.01506004;BUY
2016-03-28T03:40:14.000000;2016-03-28T03:40:14.887000;32ed9c1a-856c-4f7c-9655-e945fa851e40;11.45;46.64301569;BUY
2016-03-28T03:40:15.000000;2016-03-28T03:40:15.617000;8d918698-4aec-4f45-82e6-3a7c6f2f09d8;11.45;32.01506004;BUY
2016-03-28T03:40:15.000000;2016-03-28T03:40:15.680000;76025f12-6fd2-4251-b553-fa108f97c62e;11.45;4.27625649;BUY
2016-03-28T03:40:16.000000;2016-03-28T03:40:16.320000;3fe62c44-28bb-4693-a21a-c1d036cb71e8;11.45;5.1;BUY
2016-03-28T03:40:16.000000;2016-03-28T03:40:16.363000;27386315-ca5e-462b-81bd-4502dd0d8e56;11.45;32.01506004;BUY
2016-03-28T03:40:16.000000;2016-03-28T03:40:16.857000;c6831409-1d7c-4c5c-8f59-9c28d8212159;11.45;32.01506004;BUY
2016-03-28T03:40:17.000000;2016-03-28T03:40:17.437000;ed22738e-09f5-4d71-ba90-c2d8d8091e6c;11.45;32.01506004;BUY
2016-03-28T03:40:18.000000;2016-03-28T03:40:18.230000;50cae144-cc68-48f4-acd0-5d803c02e156;11.45;8.40114066;BUY
2016-03-28T03:40:21.000000;2016-03-28T03:40:21.697000;0e5b9e97-9a67-4dd9-957f-8d8ba07571c1;11.463;0.478;BUY
2016-03-28T03:40:22.000000;2016-03-28T03:40:22.223000;39019e01-7884-46e5-a6e9-f7c5ddb7937f;11.47;10.0;BUY
2016-03-28T03:40:22.000000;2016-03-28T03:40:22.223000;8a32be3c-ad33-45c2-9e2b-859e5548583e;11.47;5.2199706;BUY
2016-03-28T03:40:53.000000;2016-03-28T03:40:53.840000;eebf0217-a455-4d5a-b85e-a77bb5f72acb;11.47;4.7800294;BUY
2016-03-28T03:40:57.000000;2016-03-28T03:40:57.650000;cdf6122a-e15f-4b87-851c-bab74133e081;11.473;4.7800294;BUY
2016-03-28T03:40:59.000000;2016-03-28T03:40:59.803000;fedf28be-1e36-43ac-ac19-93190ba7821a;11.473;0.2199706;BUY
2016-03-28T03:41:08.000000;2016-03-28T03:41:08.417000;b7bec17b-f38c-492c-864f-2e35cd40e303;11.5;1.0;BUY
2016-03-28T03:41:08.000000;2016-03-28T03:41:08.430000;6a7d8bea-5124-40e2-82a0-219964262212;11.5;0.6710585;BUY
2016-03-28T03:41:51.000000;2016-03-28T03:41:51.487000;528b1b30-965a-41c3-ae88-90d2b97c2b28;11.49;5.0;BUY
2016-03-28T03:42:40.000000;2016-03-28T03:42:40.717000;1300d99a-c35c-4efe-babe-941ac109c829;11.482;0.35443692;SELL
2016-03-28T03:42:57.000000;2016-03-28T03:42:57.760000;6b41bb8d-83bd-4757-91b0-5baa69b83403;11.482;1.55999595;SELL
2016-03-28T03:44:45.000000;2016-03-28T03:44:46.017000;db6eae87-efa5-4f1d-8036-a422e17db157;11.482;2.86559653;SELL
2016-03-28T03:44:45.000000;2016-03-28T03:44:46.033000;1270cc93-b145-4aef-aac4-00381e9fbcab;11.482;2.13440347;SELL
2016-03-28T03:45:29.000000;2016-03-28T03:45:29.347000;e12328d3-583a-4d28-a22e-db68a75e9443;11.482;2.64562593;SELL
2016-03-28T03:45:29.000000;2016-03-28T03:45:29.360000;3acf35d9-218c-4351-abd5-78521698da82;11.482;2.35437407;SELL
2016-03-28T03:45:42.000000;2016-03-28T03:45:42.290000;2789d550-1b2a-4062-bd99-93c952c33876;11.489;5.1;BUY
2016-03-28T03:45:42.000000;2016-03-28T03:45:42.303000;d6d57ae4-b949-44ac-8d13-d72e957d80cd;11.49;4.8731;BUY
2016-03-28T03:46:18.000000;2016-03-28T03:46:18.147000;1eac374d-9ece-48a0-a44d-714b5d245678;11.482;2.42565533;SELL
2016-03-28T03:46:18.000000;2016-03-28T03:46:18.160000;04c2708b-80f8-4679-a63a-b7bc86b54787;11.462;32.04710682;SELL
2016-03-28T03:46:18.000000;2016-03-28T03:46:18.170000;bf11a6f7-d039-4722-9550-bf0d677643c4;11.45;4.31266353;SELL
2016-03-28T03:46:18.000000;2016-03-28T03:46:18.207000;8de17fd0-b16d-4c9b-950a-e5ff55f4bcaa;11.435;1.49213577;SELL
2016-03-28T03:46:53.000000;2016-03-28T03:46:53.110000;4b2806d3-ca6e-4db7-bdcc-4412aaa63484;11.435;0.3503;SELL
2016-03-28T03:47:17.000000;2016-03-28T03:47:17.047000;a5c31c9e-9776-4752-aa1d-6b1ef11c9af5;11.435;0.63290023;SELL
2016-03-28T03:47:17.000000;2016-03-28T03:47:17.057000;0adf6603-1b45-405d-9cc0-a0fd692109d7;11.41;0.17727468;SELL
2016-03-28T03:47:17.000000;2016-03-28T03:47:17.087000;e619d1b3-ebab-4ae5-8559-8b1b8a7b8841;11.39;4.93380115;SELL
2016-03-28T03:47:17.000000;2016-03-28T03:47:17.087000;a70b53ad-835d-4000-aa3d-812c6fc7083c;11.39;24.25602394;SELL
2016-03-28T03:48:26.000000;2016-03-28T03:48:26.983000;23392eb8-d412-4c45-87e6-f15f56aea2b6;11.303;25.0;SELL
2016-03-28T03:48:48.000000;2016-03-28T03:48:48.567000;ce2d2327-02df-4495-afda-699f85d92ac4;11.408;4.26878011;BUY
2016-03-28T03:52:52.000000;2016-03-28T03:52:52.837000;bd34d7ca-5126-4956-98cb-9734744bd976;11.434;40.2916;BUY
2016-03-28T03:54:31.000000;2016-03-28T03:54:32.037000;da43b797-2583-46e5-a5fd-62ae3eae5155;11.312;40.2110168;SELL
2016-03-28T04:01:51.000000;2016-03-28T04:01:51.893000;15c5a739-1734-4046-82b8-d80169168c48;11.4;4.0563;BUY
2016-03-28T04:03:50.000000;2016-03-28T04:03:50.233000;cacac7ed-f6d2-47fa-982a-f102b33a92fd;11.435;0.63290023;BUY
2016-03-28T04:03:59.000000;2016-03-28T04:03:59.137000;1986d53b-7759-4905-89be-9d3ae4539552;11.498;2.467658;BUY
2016-03-28T04:03:59.000000;2016-03-28T04:03:59.147000;a5cafb35-be25-4b9c-891b-14fc7abb5059;11.5;37.00736078;BUY
2016-03-28T04:06:31.000000;2016-03-28T04:06:32.000000;5aa6481b-37e0-428b-baeb-12761e8e3579;11.499;5.0;BUY
2016-03-28T04:06:31.000000;2016-03-28T04:06:32.013000;21eb986a-f73e-465a-aa8e-6a18d6aba1ea;11.5;41.64301569;BUY
2016-03-28T04:06:32.000000;2016-03-28T04:06:33.017000;6ab62b12-7b5b-40e0-9b85-2fbbfcbc3660;11.5;46.64301569;BUY
2016-03-28T04:06:33.000000;2016-03-28T04:06:33.817000;72eab397-6f01-4735-bee0-62e99096402c;11.5;46.64301569;BUY
2016-03-28T04:06:34.000000;2016-03-28T04:06:34.187000;6dd7c9c3-351a-4b9a-86fe-692053f666fb;11.5;46.64301569;BUY
2016-03-28T04:06:36.000000;2016-03-28T04:06:36.063000;3e546255-cb4d-4665-b134-52f99e529566;11.5;31.87586413;BUY
2016-03-28T04:06:36.000000;2016-03-28T04:06:36.173000;b5a49a40-1e5a-4ab3-9738-04b7e9152fbb;11.5;0.58962442;BUY
2016-03-28T04:06:38.000000;2016-03-28T04:06:38.213000;67b1889a-83ff-4c1e-a9e0-6ddbd47a4d21;11.5;31.87586413;BUY
2016-03-28T04:06:49.000000;2016-03-28T04:06:49.747000;4d628b77-806d-42bd-a03d-5c4aa8415e43;11.454;4.0481874;SELL
2016-03-28T04:08:35.000000;2016-03-28T04:08:35.693000;51b94ee4-fd38-4d10-aff0-f1c6f55b2140;11.453;0.63290023;SELL
2016-03-28T04:08:38.000000;2016-03-28T04:08:38.400000;e5f4fd41-dbfa-416c-abeb-6c8a3b5cba89;11.448;2.360621;SELL
2016-03-28T04:22:32.000000;2016-03-28T04:22:32.967000;cce30a00-0a6a-4668-b0fc-baa55c17d20c;11.29;0.668;SELL
2016-03-28T04:23:15.000000;2016-03-28T04:23:15.627000;9d5d203e-9499-41c9-928c-3e41e4d21d81;11.29;3.12022166;SELL
2016-03-28T04:23:15.000000;2016-03-28T04:23:15.633000;1510c1dd-32d9-480d-8bb5-454da935b0ef;11.25;3.8844156;SELL
2016-03-28T04:23:15.000000;2016-03-28T04:23:15.667000;beef7090-32ae-4f45-9072-fb8f34da86d4;11.25;32.39143148;SELL
2016-03-28T04:26:07.000000;2016-03-28T04:26:07.760000;3d840d8b-c936-44fb-8999-385530e0a80b;11.296;39.1681;BUY
2016-03-28T04:35:02.000000;2016-03-28T04:35:02.060000;dfaa855c-c81d-44a2-a60c-5e3cbe3711e9;11.274;0.4;SELL
2016-03-28T04:35:02.000000;2016-03-28T04:35:02.070000;de2b5688-df4a-484a-97d5-6524344eb3c8;11.272;13.0;SELL
2016-03-28T04:35:02.000000;2016-03-28T04:35:02.080000;45324b74-d595-490f-b690-02286e432f0a;11.271;4.2375;SELL
2016-03-28T04:35:02.000000;2016-03-28T04:35:02.107000;cef0a6ee-e88f-4e23-a08f-fea4a2340d8f;11.261;19.55238766;SELL
2016-03-28T04:35:02.000000;2016-03-28T04:35:02.107000;594a5cde-6b92-4e5f-9101-7345f541da95;11.26;1.89987614;SELL
2016-03-28T04:48:56.000000;2016-03-28T04:48:56.997000;f0103657-c244-4dbb-a949-373ec767579a;11.26;0.48436286;SELL
2016-03-28T04:49:13.000000;2016-03-28T04:49:13.510000;c1b9a9b7-614d-454b-98e6-097e6581ce6a;11.243;15.17242897;SELL
2016-03-28T04:49:13.000000;2016-03-28T04:49:13.517000;0ce5e2c7-6aca-4e15-917e-f4afb33a8c23;11.22;2.99713594;SELL
2016-03-28T04:57:35.000000;2016-03-28T04:57:35.463000;50cbe71f-41d5-4037-a861-adb03efc08d6;11.259;0.4;BUY
2016-03-28T04:57:35.000000;2016-03-28T04:57:35.473000;3337a565-3f89-47eb-bde3-464ea5a00dc0;11.26;28.7809;BUY
2016-03-28T04:58:11.000000;2016-03-28T04:58:11.683000;96786214-e594-4e66-8747-1a66b4944818;11.273;31.4;SELL
2016-03-28T04:58:53.000000;2016-03-28T04:58:53.547000;b59e143c-382f-4379-8225-43e214ae0fe0;11.275;31.4;SELL
2016-03-28T05:03:12.000000;2016-03-28T05:03:12.510000;580e382e-06a7-4fe2-a239-5424c26cc78b;11.277;2.5;SELL
2016-03-28T05:08:06.000000;2016-03-28T05:08:06.757000;0444a658-8367-41e8-bf8f-9cbaaf828b49;11.276;0.64612506;SELL
2016-03-28T05:08:06.000000;2016-03-28T05:08:06.767000;e2860d25-64a0-4d10-a1c3-52d4bf0d5439;11.275;1.71387494;SELL
2016-03-28T05:09:04.000000;2016-03-28T05:09:04.997000;1915bf22-7cc7-4e99-9abb-6577ef0eed01;11.275;0.67541906;SELL
2016-03-28T05:15:23.000000;2016-03-28T05:15:23.083000;0fb04c6a-281e-4d40-ac18-5abfbb555050;11.211;37.75106671;SELL
2016-03-28T05:15:23.000000;2016-03-28T05:15:23.097000;1ce4b31c-6f68-4e46-af58-3ac8ff2d226f;11.202;25.26520161;SELL
2016-03-28T05:33:52.000000;2016-03-28T05:33:52.223000;5951eeae-620f-41a9-b4ae-2976be99c81c;11.311;0.9269;BUY
2016-03-28T06:03:51.000000;2016-03-28T06:03:51.673000;88713450-729e-4fbb-8d2a-8b35421a379b;11.183;0.1403;SELL
2016-03-28T06:17:03.000000;2016-03-28T06:17:03.093000;6bfcfec9-f6aa-402b-ac0d-9005e2530fdc;11.207;1.968;SELL
2016-03-28T06:26:44.000000;2016-03-28T06:26:44.980000;572822e9-309f-4cb6-ac6c-5a42cf078359;11.197;4.84829808;SELL
2016-03-28T06:33:32.000000;2016-03-28T06:33:32.853000;df837c6d-3d8c-4c67-b5e0-e2092edb77e7;11.21;7.0;SELL
2016-03-28T06:33:32.000000;2016-03-28T06:33:32.870000;10c05aa2-dee6-47b5-a205-434250f921b4;11.182;2.73538527;SELL
2016-03-28T06:35:04.000000;2016-03-28T06:35:05.007000;7f9169bc-4ff7-4dcc-ab00-3f2b995bff74;11.291;0.14294821;BUY
2016-03-28T06:35:04.000000;2016-03-28T06:35:05.023000;df1d0f3f-7625-45f4-8989-80925b0e8702;11.291;1.99992745;BUY
2016-03-28T06:35:04.000000;2016-03-28T06:35:05.027000;b3dabd5e-9aec-4dc9-b53a-d50aab7635a4;11.292;45.0;BUY
2016-03-28T06:35:41.000000;2016-03-28T06:35:41.443000;882f48e2-23f8-443b-bbd2-b0a4263a0c70;11.292;32.49551733;SELL
2016-03-28T06:35:42.000000;2016-03-28T06:35:42.623000;cb609235-b168-4d9f-a2ad-d40140b7eb3c;11.292;11.28450701;SELL
2016-03-28T06:36:14.000000;2016-03-28T06:36:14.790000;c8e0d4a0-cab3-4c50-acfc-a15de60faa87;11.191;0.727206;SELL
2016-03-28T06:46:37.000000;2016-03-28T06:46:37.860000;fc56afd4-8a23-4caa-bafa-0dab1b9e1387;11.214;142.80645222;SELL
2016-03-28T06:47:32.000000;2016-03-28T06:47:32.517000;bea68a27-221b-4d44-b706-0d3438906b0b;11.193;71.10447286;SELL
2016-03-28T06:47:32.000000;2016-03-28T06:47:32.533000;02a88fa2-ffc5-44d9-b479-25407a9abca3;11.193;3.5;SELL
2016-03-28T06:47:32.000000;2016-03-28T06:47:32.540000;34a24289-6872-4213-9142-c051aac4f103;11.191;32.75600371;SELL
2016-03-28T06:47:32.000000;2016-03-28T06:47:32.570000;b1fe0aae-fc4d-4577-b901-5032c4a110af;11.19;10.0;SELL
2016-03-28T06:47:32.000000;2016-03-28T06:47:32.913000;196eb44a-bc9d-4cc0-bd24-fa446aba1a2f;11.19;32.75307697;BUY
2016-03-28T06:47:33.000000;2016-03-28T06:47:33.647000;f205925f-9005-46a2-9d42-d3ac2ffb1e44;11.19;32.75307697;BUY
2016-03-28T06:47:34.000000;2016-03-28T06:47:34.417000;96511a85-fba8-4017-a33b-bcdae526b903;11.19;32.75307697;BUY
2016-03-28T06:47:34.000000;2016-03-28T06:47:34.510000;315e12ae-1ce8-43c4-aafe-02a1bd1068f2;11.19;32.75893096;BUY
2016-03-28T06:47:35.000000;2016-03-28T06:47:35.583000;e94525f8-e31e-4bbe-bf4a-b0b5741f2e4a;11.19;14.08198836;BUY
2016-03-28T06:47:36.000000;2016-03-28T06:47:36.590000;53951bda-5c77-4638-88d3-1724d6d672e9;11.19;4.004004;BUY
2016-03-28T06:47:36.000000;2016-03-28T06:47:36.637000;cc95cdb9-af80-4e07-8494-ad91943897c6;11.19;0.5;BUY
2016-03-28T06:47:36.000000;2016-03-28T06:47:37.020000;3f1bb10e-16f0-486b-8712-5c76b56008df;11.19;8.88692303;BUY
2016-03-28T06:47:37.000000;2016-03-28T06:47:37.827000;75ecb5c7-00ec-49e6-811e-0770a414bbb6;11.19;4.004004;BUY
2016-03-28T06:47:38.000000;2016-03-28T06:47:39.113000;03ae7676-4ecd-4f3f-a301-e12c82cd85be;11.19;4.88692303;BUY
2016-03-28T06:47:39.000000;2016-03-28T06:47:39.407000;9cc1ac18-226b-4e4c-b23c-b9b8eaad508d;11.19;4.004004;BUY
2016-03-28T06:47:39.000000;2016-03-28T06:47:39.760000;623c73e4-cb6d-453d-8fa7-e6c8f2d5b2d5;11.19;5.74574575;BUY
2016-03-28T06:47:40.000000;2016-03-28T06:47:40.070000;d90884b3-5427-4d4b-b150-4c0ae9093b76;11.19;4.88692303;BUY
2016-03-28T06:47:40.000000;2016-03-28T06:47:40.613000;e29e56fa-6590-4f3d-96e1-45d622c7579e;11.19;6.76676677;BUY
2016-03-28T06:47:46.000000;2016-03-28T06:47:46.270000;3122ca07-521c-48e9-8db8-3f67ce3287a9;11.19;3.0;BUY
2016-03-28T06:47:49.000000;2016-03-28T06:47:49.087000;8f3470d0-113f-471c-9afb-02b222eeffe0;11.19;32.03203203;BUY
2016-03-28T06:47:50.000000;2016-03-28T06:47:51.123000;ce771296-0fff-4da2-9f6d-857eb4139837;11.19;3.003003;BUY
2016-03-28T06:47:51.000000;2016-03-28T06:47:51.300000;185a7d3a-570d-460d-9935-05310c0e8fcc;11.19;1.001001;BUY
2016-03-28T06:48:51.000000;2016-03-28T06:48:51.333000;0da9f276-9438-4114-9690-47bbcc2de23c;11.189;71.09812028;SELL
2016-03-28T06:48:53.000000;2016-03-28T06:48:53.433000;0787a418-c6d9-4778-96fd-6016f0429059;11.189;89.06648049;BUY
2016-03-28T06:49:12.000000;2016-03-28T06:49:12.080000;bceebd6d-7762-4919-a9c2-234324997aba;11.189;32.76185874;BUY
2016-03-28T06:49:12.000000;2016-03-28T06:49:12.807000;72ec9f5b-db4a-4e81-81ef-32272dbb2bfb;11.189;18.88814126;BUY
2016-03-28T06:49:14.000000;2016-03-28T06:49:14.077000;23d5d688-e053-4913-b03a-aea5f882ebc4;11.189;32.76185874;BUY
2016-03-28T06:49:14.000000;2016-03-28T06:49:14.777000;98732bff-2f1c-4365-b0ab-49619b018dc0;11.189;18.88814126;BUY
2016-03-28T06:49:16.000000;2016-03-28T06:49:16.573000;9e46814c-ec31-4e48-abad-d1855c043a23;11.189;32.76185874;BUY
2016-03-28T06:49:34.000000;2016-03-28T06:49:34.250000;2e51ecdd-ed28-46d8-8e6f-cab5618780d3;11.189;46.64301569;BUY
2016-03-28T06:49:53.000000;2016-03-28T06:49:53.150000;27359272-dd24-4516-a3ed-b03f76717764;11.189;32.76185874;BUY
2016-03-28T06:49:54.000000;2016-03-28T06:49:54.450000;9ed1bbbe-a9b7-4c5f-96d0-e3774c5722be;11.189;32.76185874;BUY
2016-03-28T06:49:55.000000;2016-03-28T06:49:55.363000;16f75e50-ea75-4186-8c6b-c24e490a7e22;11.189;19.21814126;BUY
2016-03-28T06:49:56.000000;2016-03-28T06:49:56.613000;0d11564d-e23e-4dd6-98cc-0d8f4b81157b;11.189;32.76185874;BUY
2016-03-28T06:49:57.000000;2016-03-28T06:49:57.240000;4b2bec41-0fd1-4282-b834-686db0d03c3f;11.189;19.21814126;BUY
2016-03-28T06:49:58.000000;2016-03-28T06:49:58.670000;af1acf85-9529-4061-bdc5-36068c18c796;11.189;32.76185874;BUY
2016-03-28T06:49:59.000000;2016-03-28T06:49:59.510000;7fb93511-66cc-4e0c-824b-b93e9422b6e4;11.189;32.76185874;BUY
2016-03-28T06:49:59.000000;2016-03-28T06:49:59.687000;dfc27235-b730-43e9-b3c9-cfa1a1a7955b;11.189;21.54814126;BUY
2016-03-28T06:50:03.000000;2016-03-28T06:50:03.573000;5498592e-729b-4c74-b20b-82450bbe56ab;11.189;32.76185874;BUY
2016-03-28T06:50:04.000000;2016-03-28T06:50:04.787000;0d210f69-c19d-4a64-b2a6-edce4aa6fde1;11.189;14.63;BUY
2016-03-28T06:50:06.000000;2016-03-28T06:50:06.980000;707ec426-a418-4b77-8b64-00fff44ec1a9;11.189;32.76185874;BUY
2016-03-28T06:50:07.000000;2016-03-28T06:50:07.353000;c5e00f16-f78e-4969-ab0d-efd0659ddf47;11.189;14.63;BUY
2016-03-28T06:50:08.000000;2016-03-28T06:50:08.920000;0b7b1987-4b0a-4c79-84df-2ae3f267488f;11.189;32.76185874;BUY
2016-03-28T06:50:18.000000;2016-03-28T06:50:19.000000;c9cf331a-ddba-4534-a02d-68230165b598;11.189;34.29650122;BUY
2016-03-28T06:50:19.000000;2016-03-28T06:50:19.450000;c042c061-13c1-44ce-8177-04102b4a9ec3;11.189;34.29650122;BUY
2016-03-28T06:50:20.000000;2016-03-28T06:50:20.250000;214e376f-33a1-4559-9a56-3639b1a5c415;11.188;7.0;SELL
2016-03-28T06:50:28.000000;2016-03-28T06:50:28.043000;61d32144-2c23-4ca4-aa0e-ce0239ecb7c4;11.189;0.2;BUY
2016-03-28T06:50:37.000000;2016-03-28T06:50:37.790000;ef767c0c-8d54-490f-ae64-b6ccf1762d64;11.189;0.5;BUY
2016-03-28T06:51:42.000000;2016-03-28T06:51:42.850000;78f37b37-7f60-4b89-a81b-529ea75690b7;11.179;32.79116535;SELL
2016-03-28T06:51:42.000000;2016-03-28T06:51:42.853000;b57335d4-3283-47a0-8ef4-eafef6592470;11.178;6.9;SELL
2016-03-28T06:51:43.000000;2016-03-28T06:51:43.730000;485e2aac-44c9-42ac-9d0a-80746d6a4148;11.175;12.53765597;BUY
2016-03-28T06:51:45.000000;2016-03-28T06:51:45.840000;fe0bd1ed-9a62-40fc-86cf-c2a6560f4c16;11.175;32.82398934;BUY
2016-03-28T06:51:47.000000;2016-03-28T06:51:47.863000;08494bbf-de27-4385-9d8c-213690912b37;11.175;0.67072932;BUY
2016-03-28T06:51:48.000000;2016-03-28T06:51:48.887000;277c4d7b-b391-4286-909c-c87ddd09f8f9;11.175;46.56553146;BUY
2016-03-28T06:51:51.000000;2016-03-28T06:51:51.060000;1b49c085-5192-4166-990c-eb4a4448905d;11.175;46.64301569;BUY
2016-03-28T06:52:21.000000;2016-03-28T06:52:21.217000;2ecc2739-4ca4-4738-b0f7-f49df388900b;11.175;37.66382218;BUY
2016-03-28T06:53:34.000000;2016-03-28T06:53:34.930000;d4f969d8-e91e-46cd-9561-968169f0fb69;11.173;1.3;SELL
2016-03-28T06:53:34.000000;2016-03-28T06:53:34.937000;b7711bd1-6695-4efd-aaa4-d63450b17662;11.172;32.8117112;SELL
2016-03-28T06:53:34.000000;2016-03-28T06:53:34.937000;12594c83-25a3-4a48-828d-a5c2ce1e14b9;11.172;12.56063115;SELL
2016-03-28T06:53:34.000000;2016-03-28T06:53:34.977000;9ea0210c-1639-4cc1-a2b8-97e9d24199b5;11.171;2.390878;SELL
2016-03-28T06:53:35.000000;2016-03-28T06:53:35.817000;6a3a5e85-5b43-45f7-b0b0-738ca96020b1;11.171;185.85;BUY
2016-03-28T06:53:36.000000;2016-03-28T06:53:36.533000;0f72a3a6-84a5-4e16-bf8c-c6eaf0ffa79b;11.171;2.00647113;BUY
2016-03-28T06:53:37.000000;2016-03-28T06:53:37.400000;b38dc9af-1fe5-4c2e-b7d3-17111026c7f7;11.171;22.45216266;BUY
2016-03-28T06:53:37.000000;2016-03-28T06:53:37.623000;05ae5cb3-4258-4d09-aab5-0a3d366969cf;11.171;2.92854295;BUY
2016-03-28T06:53:37.000000;2016-03-28T06:53:37.960000;64b65621-f98f-45a2-8087-e63ae99b0a3c;11.171;2.77055255;BUY
2016-03-28T06:53:38.000000;2016-03-28T06:53:38.303000;d7e0a20b-186e-420d-805e-72064cf0342d;11.171;39.63593459;BUY
2016-03-28T06:53:38.000000;2016-03-28T06:53:38.317000;d885bbca-37d9-4499-b405-d5ce44c3c4ca;11.171;5.16990451;BUY
2016-03-28T06:53:38.000000;2016-03-28T06:53:38.370000;0a8096c5-4e80-4cb1-bd0b-93d1ab01d4b5;11.171;0.67433537;BUY
2016-03-28T06:53:38.000000;2016-03-28T06:53:38.677000;bddb40b4-e778-4f59-b65d-af64ddbd148e;11.171;32.8087745;BUY
2016-03-28T06:53:38.000000;2016-03-28T06:53:38.753000;11eaec24-8a2a-439a-9a05-5d0b886b9cb6;11.171;2.7;BUY
2016-03-28T06:53:38.000000;2016-03-28T06:53:38.857000;9867bbef-739b-4456-a28d-796c0ae2510e;11.171;1253.03;BUY
2016-03-28T06:53:38.000000;2016-03-28T06:53:39.227000;a4570c00-0784-4fb8-96f1-33e688ca053e;11.171;3.25182614;BUY
2016-03-28T06:53:38.000000;2016-03-28T06:53:39.253000;adb6627b-306c-4a9e-8348-e5ed41aa4e6d;11.171;0.42415123;BUY
2016-03-28T06:53:38.000000;2016-03-28T06:53:39.287000;3fe979a0-dcc4-40be-b404-65a586d7597a;11.171;24.93066715;BUY
2016-03-28T06:53:39.000000;2016-03-28T06:53:39.373000;0eb6eec1-c4a2-4a27-bf47-77e566e31d08;11.171;34.30345687;BUY
2016-03-28T06:54:19.000000;2016-03-28T06:54:19.770000;1c648669-6df0-47bd-af03-a5258263b713;11.183;19.76016668;SELL
2016-03-28T06:57:37.000000;2016-03-28T06:57:37.877000;c148e57c-ae1a-49c6-800b-41952923c81f;11.28;0.4;BUY
2016-03-28T06:57:37.000000;2016-03-28T06:57:37.893000;61f3a16c-9f8b-4429-9a8e-c40e8989c99f;11.28;11.2;BUY
2016-03-28T06:57:37.000000;2016-03-28T06:57:37.900000;c62033eb-4c6c-4a64-81fd-9ffed5776e70;11.281;6.82600192;BUY
2016-03-28T07:04:59.000000;2016-03-28T07:04:59.767000;40509bfa-0a29-436f-8d92-11aec7f571c4;11.272;0.92177243;BUY
2016-03-28T07:04:59.000000;2016-03-28T07:04:59.790000;58e0b0f3-5f44-4464-8d5a-5693ce528890;11.272;7.066922;BUY
2016-03-28T07:05:00.000000;2016-03-28T07:05:00.420000;5e0856b8-9ceb-400d-b819-a0cc2543ddef;11.272;7.066922;BUY
2016-03-28T07:05:00.000000;2016-03-28T07:05:00.593000;c53f0064-a317-4019-833e-ce5004e7d184;11.272;0.92177243;BUY
2016-03-28T07:05:01.000000;2016-03-28T07:05:01.407000;163c6321-e0af-486b-92de-9dd1c63eb925;11.272;7.04606095;BUY
2016-03-28T07:05:01.000000;2016-03-28T07:05:01.437000;7411ce83-0311-421a-a07f-ebb7d2bb7053;11.272;0.91905142;BUY
2016-03-28T07:05:02.000000;2016-03-28T07:05:02.260000;8864d2b7-12ec-45e3-bbaf-3bfeb1a64cef;11.272;0.92263312;BUY
2016-03-28T07:05:03.000000;2016-03-28T07:05:03.500000;afa2e6d3-411d-41db-820d-2c03c542273f;11.272;0.88127334;BUY
2016-03-28T07:05:03.000000;2016-03-28T07:05:04.117000;5cb66b18-5627-493b-8aa8-d98cfc384ef4;11.272;0.81819077;BUY
2016-03-28T07:05:03.000000;2016-03-28T07:05:04.140000;5f8eb079-3d19-4da2-9de5-89b561bd78e7;11.272;6.27279591;BUY
2016-03-28T07:05:04.000000;2016-03-28T07:05:04.843000;6d2ea02e-c0aa-4722-8a0e-040ee4ba22b8;11.272;0.82524562;BUY
2016-03-28T07:05:04.000000;2016-03-28T07:05:04.977000;80d8a444-74fd-47c4-b175-dd9baa820f26;11.272;6.32688316;BUY
2016-03-28T07:05:05.000000;2016-03-28T07:05:05.167000;9ef3f766-e48f-485e-a058-9bd73b688932;11.272;7.07352061;BUY
2016-03-28T07:05:12.000000;2016-03-28T07:05:12.443000;c1e606d1-76a5-4b32-a54e-4ed158ab5b6b;11.272;46.64301569;BUY
2016-03-28T07:06:35.000000;2016-03-28T07:06:35.687000;41ddf88c-5972-49d5-90d8-ae030666ea83;11.272;46.64301569;BUY
2016-03-28T07:11:15.000000;2016-03-28T07:11:15.317000;a84d7088-d751-48f2-bec7-4ae379108c3c;11.28;10.0;BUY
2016-03-28T07:11:15.000000;2016-03-28T07:11:15.330000;e39d86c5-fe9b-4b7d-b73f-bb2e76785bdd;11.281;4.45850532;BUY
2016-03-28T07:11:15.000000;2016-03-28T07:11:15.337000;1adbc7f2-3281-4ff7-b0a9-43161046de55;11.281;20.90686005;BUY
2016-03-28T07:11:15.000000;2016-03-28T07:11:15.890000;a29dfcb1-4c18-46af-b5db-f6d00356ee86;11.243;0.30415004;SELL
2016-03-28T07:11:16.000000;2016-03-28T07:11:16.363000;f5629046-866d-4bf5-b483-cbe31ea66e2e;11.243;0.30415004;SELL
2016-03-28T07:11:16.000000;2016-03-28T07:11:16.923000;c90a5e38-541b-4e0f-afc3-b1491eb72f90;11.292;7.0;BUY
2016-03-28T07:11:16.000000;2016-03-28T07:11:16.927000;64d51de8-4e1b-4af1-ba98-6e10f5a4d2f0;11.295;0.4414887;BUY
2016-03-28T07:11:19.000000;2016-03-28T07:11:19.710000;909c0dfe-8a9c-4f3d-9d4b-4aedba5376d2;11.3;0.30415004;BUY
2016-03-28T07:12:02.000000;2016-03-28T07:12:02.643000;c102a77a-f7b5-46b0-b6f1-b6b41fe91f29;11.3;2.69584996;BUY
2016-03-28T07:13:23.000000;2016-03-28T07:13:23.247000;87c735a4-6fd7-40e2-b5f5-67e708238a51;11.3;3.0039655;BUY
2016-03-28T07:13:35.000000;2016-03-28T07:13:36.043000;031c3c0a-e322-45a3-8506-8a6ea16c417e;11.3;4.43958366;BUY
2016-03-28T07:13:39.000000;2016-03-28T07:13:39.500000;dcee8104-ec83-4771-9d81-a6fc56bae40a;11.3;1.10001003;BUY
2016-03-28T07:13:39.000000;2016-03-28T07:13:39.923000;6a16dfc8-a95d-473c-82b3-146a1a8b4562;11.3;19.72177207;BUY
2016-03-28T07:15:10.000000;2016-03-28T07:15:10.387000;45d6386f-7554-463e-b538-865dbba65c88;11.36;4.629;BUY
2016-03-28T07:17:11.000000;2016-03-28T07:17:11.803000;eb94fc90-85fa-4173-8271-6db720712333;11.302;5.57093732;SELL
2016-03-28T07:21:44.000000;2016-03-28T07:21:44.620000;7a78b82e-a4ae-435d-88c9-67851e30a57d;11.31;9.7343;BUY
2016-03-28T07:24:02.000000;2016-03-28T07:24:02.517000;ce79222e-2627-48f9-8b36-c655bffe6bb6;11.309;1.57073176;BUY
2016-03-28T07:24:02.000000;2016-03-28T07:24:02.710000;149ea7df-59d0-4e7b-8fbb-fdba4ded0b06;11.309;3.92926824;BUY
2016-03-28T07:24:02.000000;2016-03-28T07:24:02.743000;458ff09c-52a8-4a97-b407-3927c190fb38;11.31;37.13901168;BUY
2016-03-28T07:24:02.000000;2016-03-28T07:24:03.023000;b498f3fe-3d5a-4e3f-848c-072012439ec6;11.31;3.12668832;BUY
2016-03-28T07:24:02.000000;2016-03-28T07:24:03.037000;f93a771c-11bc-477b-9e10-2730854c1e22;11.32;4.20429663;BUY
2016-03-28T07:24:04.000000;2016-03-28T07:24:04.670000;49418ef6-e9e8-4694-bac4-4f35e95d5670;11.32;6.85507419;BUY
2016-03-28T07:24:06.000000;2016-03-28T07:24:06.380000;5f64da45-80f3-4534-83fc-3323e4e2eb13;11.32;2.62991453;BUY
2016-03-28T07:24:08.000000;2016-03-28T07:24:08.410000;e0cff70f-fbc9-47b0-b5ba-8f82c29ffc80;11.32;6.43462704;BUY
2016-03-28T07:30:38.000000;2016-03-28T07:30:38.393000;21377133-9e62-46bb-9e18-63da2740416d;11.32;8.872129;BUY
2016-03-28T07:34:56.000000;2016-03-28T07:34:56.730000;a265bb64-6a1f-4fe3-86cf-a87979de3fab;11.32;0.40139889;BUY
2016-03-28T07:36:22.000000;2016-03-28T07:36:22.860000;107d9d44-f400-49a0-9935-2e594e1162b8;11.32;9.82789678;BUY
2016-03-28T07:36:50.000000;2016-03-28T07:36:50.260000;2f89d7c7-f4cd-4daf-8f4c-84834d1eec8e;11.32;10.77466294;BUY
2016-03-28T07:37:12.000000;2016-03-28T07:37:12.920000;e375fd87-529a-44e9-b96b-7c3ee8e6764c;11.33;37.44656888;BUY
2016-03-28T07:37:37.000000;2016-03-28T07:37:37.590000;4f1f7cae-00a3-45bc-9f81-c49ec7f5d9fa;11.33;6.90565243;BUY
2016-03-28T07:37:37.000000;2016-03-28T07:37:37.693000;09b40dce-1f09-4c05-8b91-03eabf1787e0;11.33;0.90073727;BUY
2016-03-28T07:37:38.000000;2016-03-28T07:37:38.723000;26e6c77a-4b6a-47e3-8da3-a67fb81803c8;11.33;3.01318843;BUY
2016-03-28T07:37:38.000000;2016-03-28T07:37:38.737000;cec75b10-a62e-42ba-a6f5-d3aed4355181;11.33;1.73385299;BUY
2016-03-28T07:37:38.000000;2016-03-28T07:37:38.763000;d9418b95-35d6-4070-9d5a-bf6d5f15de65;11.34;21.3783284;BUY
2016-03-28T07:37:38.000000;2016-03-28T07:37:38.810000;a3108849-2f36-4be3-8a78-a7bc13b98a6a;11.34;0.39302457;BUY
2016-03-28T07:37:39.000000;2016-03-28T07:37:39.907000;d2ca95ba-f758-4f8f-946d-fe27587219d5;11.34;28.22864703;BUY
2016-03-28T07:37:42.000000;2016-03-28T07:37:42.340000;7d96a3d3-7d90-45e6-b20f-2fc98f532b15;11.35;3.597948;BUY
2016-03-28T07:37:42.000000;2016-03-28T07:37:42.617000;89472c7d-ec1d-4823-a9c5-1d2e90b2e06d;11.35;18.70966919;BUY
2016-03-28T07:37:42.000000;2016-03-28T07:37:42.650000;ffa5277f-467f-45f0-88cd-ebfa6f0bfd5c;11.35;3.597948;BUY
2016-03-28T07:37:51.000000;2016-03-28T07:37:52.283000;3bfa961f-429e-45f3-ae7c-ad5608350ad2;11.35;24.09443481;BUY
2016-03-28T07:42:53.000000;2016-03-28T07:42:53.580000;2f9b2e0f-04b3-4657-aa5c-59dae9e1a659;11.36;0.371;BUY
2016-03-28T07:42:53.000000;2016-03-28T07:42:53.610000;3c127981-79e3-41f3-9dc3-6a491063d249;11.36;0.03982123;BUY
2016-03-28T07:43:08.000000;2016-03-28T07:43:08.093000;d8da2a5a-bd2c-4e37-a4a0-ee659b8946f6;11.36;38.8204;BUY
2016-03-28T07:43:42.000000;2016-03-28T07:43:42.343000;69109eee-4855-4179-9072-bceab5ae37f6;11.36;11.13977877;BUY
2016-03-28T07:43:42.000000;2016-03-28T07:43:42.377000;e9c48c58-2d6c-431c-9ab1-ba8ea573e8ab;11.37;24.36345815;BUY
2016-03-28T07:46:46.000000;2016-03-28T07:46:46.727000;74b1a46a-fe36-44bf-a4a3-e4b9f8f18963;11.37;25.63654185;BUY
2016-03-28T07:46:46.000000;2016-03-28T07:46:46.737000;2d7766e8-fab9-42eb-a057-3593852145b7;11.38;16.71665815;BUY
2016-03-28T07:50:24.000000;2016-03-28T07:50:24.133000;c3fe513c-67f7-4f78-aa82-f62b29f3e0ba;11.356;2.43983888;SELL
2016-03-28T07:50:24.000000;2016-03-28T07:50:24.147000;3e293c0c-0c96-4343-9a58-eb95402af157;11.356;4.14985108;SELL
2016-03-28T07:50:24.000000;2016-03-28T07:50:24.147000;3da20b35-58cc-498a-94c7-976309a22c14;11.345;3.41031004;SELL
2016-03-28T08:04:24.000000;2016-03-28T08:04:25.010000;22f58f02-eb44-4ab7-afd9-85752f2011a1;11.282;10.0;BUY
2016-03-28T08:04:25.000000;2016-03-28T08:04:25.510000;5bba546b-a0de-497e-b177-9c485e5035ff;11.282;10.0;BUY
2016-03-28T08:07:57.000000;2016-03-28T08:07:57.773000;75901fed-903b-432f-82b1-d09034a5d94b;11.192;0.8629752;SELL
2016-03-28T08:15:11.000000;2016-03-28T08:15:11.107000;0c71cf69-7044-451d-bf33-56015fb03f12;11.314;6.8815;BUY
2016-03-28T08:15:13.000000;2016-03-28T08:15:13.477000;95bd869f-400c-473c-a050-9cf962c60eae;11.313;2.20589;BUY
2016-03-28T08:15:14.000000;2016-03-28T08:15:14.523000;5537a400-b9b9-413d-b33f-6106a6f98c45;11.313;10.0;BUY
2016-03-28T08:15:21.000000;2016-03-28T08:15:21.260000;775a8b3f-86dc-4f65-8059-f0ca3cdfcf70;11.192;7.0708;SELL
2016-03-28T08:18:22.000000;2016-03-28T08:18:22.830000;9fb5ea76-7e50-44cb-9328-26edba302aaa;11.19;10.0;SELL
2016-03-28T08:21:11.000000;2016-03-28T08:21:11.450000;1403e078-f28b-4333-ab45-a4a229d7d678;11.19;0.25193219;SELL
2016-03-28T08:21:11.000000;2016-03-28T08:21:12.090000;93f05273-868c-4344-aeeb-32b7e7b7f24c;11.19;1.40723107;SELL
2016-03-28T08:22:19.000000;2016-03-28T08:22:19.803000;ef78edc1-4172-4357-9e1a-f91d3b3465ce;11.19;2.19411;SELL
2016-03-28T08:29:13.000000;2016-03-28T08:29:13.393000;e3520b6a-00ce-425f-ab93-f8048e370432;11.19;0.11777;SELL
2016-03-28T08:30:05.000000;2016-03-28T08:30:05.787000;0ac6a49b-5ed4-4b3f-91d2-f86dea2da19d;11.19;6.02895674;SELL
2016-03-28T08:30:38.000000;2016-03-28T08:30:38.320000;7e9929cb-74a8-46c7-8fa7-ca1fda6e3088;11.187;3.3754;BUY
2016-03-28T08:30:42.000000;2016-03-28T08:30:42.397000;5b76e97d-0d93-454e-92f1-4b1153009c52;11.187;0.59564326;BUY
2016-03-28T08:30:42.000000;2016-03-28T08:30:42.403000;55e4b5f5-fd4b-445c-b5c0-1b0edc71aeeb;11.28;0.50666674;BUY
2016-03-28T08:39:17.000000;2016-03-28T08:39:17.347000;8e31b6c8-9b19-4964-b763-b570038e2830;11.184;0.1786074;SELL
2016-03-28T08:40:38.000000;2016-03-28T08:40:38.253000;b7db361e-e45a-483a-9375-0ee0cb0bc4d1;11.184;0.90646703;SELL
2016-03-28T08:40:38.000000;2016-03-28T08:40:38.253000;3f1041a3-7cc1-440a-acf8-bc4fc2e8d17e;11.182;0.60855249;SELL
2016-03-28T08:40:38.000000;2016-03-28T08:40:38.280000;95561571-917f-458e-a579-5d380b28122b;11.182;1.81085828;SELL
2016-03-28T08:40:38.000000;2016-03-28T08:40:38.280000;439e77a8-1991-41a2-8d0d-8396b2f0627f;11.182;4.66556873;SELL
2016-03-28T08:40:38.000000;2016-03-28T08:40:38.280000;2c49c46b-0262-4362-b042-5f44afc5063f;11.182;30.01372506;SELL
2016-03-28T08:40:41.000000;2016-03-28T08:40:41.627000;396a1aae-d161-42ca-b458-7d393b75335e;11.185;3.0;SELL
2016-03-28T08:40:42.000000;2016-03-28T08:40:42.670000;e18f73fc-00e0-42a6-98ee-aa7feb9b9f07;11.185;2.75563613;SELL
2016-03-28T08:40:46.000000;2016-03-28T08:40:46.093000;28eb4ec6-0e93-4d13-bdb0-2b76a7bf3948;11.172;0.3503;SELL
2016-03-28T08:40:46.000000;2016-03-28T08:40:46.100000;0406d13a-6e31-4022-af36-e341e5452d81;11.171;7.13132661;SELL
2016-03-28T08:40:46.000000;2016-03-28T08:40:46.113000;42c518ad-0d24-4e96-a292-bbfc9367b167;11.146;2.403733;SELL
2016-03-28T08:40:46.000000;2016-03-28T08:40:46.140000;640fd6fe-0384-4ebd-a4e2-21494d958632;11.12;1.11464039;SELL
2016-03-28T08:41:11.000000;2016-03-28T08:41:11.717000;0aff5a64-1630-4fd5-b1b3-dc5d6473152f;11.12;0.52429654;SELL
2016-03-28T08:44:51.000000;2016-03-28T08:44:51.330000;473b8e7e-1e5a-4575-a034-d3e9408caca5;11.12;18.36106307;SELL
2016-03-28T08:44:51.000000;2016-03-28T08:44:51.343000;fcb224c3-7ddd-4d33-b720-8e80b3ded51b;11.12;50.0;SELL
2016-03-28T08:44:51.000000;2016-03-28T08:44:51.357000;b795d8d4-9603-4310-99d8-6fa88c2cf2cf;11.112;5.0;SELL
2016-03-28T08:44:51.000000;2016-03-28T08:44:51.380000;ce8f2aca-3ad2-474e-8949-3dc92138bba8;11.11;30.0;SELL
2016-03-28T08:44:51.000000;2016-03-28T08:44:51.383000;bd51abd7-d7a7-44b8-a7a0-9f336dfd2995;11.081;0.3503;SELL
2016-03-28T08:44:51.000000;2016-03-28T08:44:51.383000;71447774-8749-40a6-9b67-c9913758baed;11.08;30.0;SELL
2016-03-28T08:44:51.000000;2016-03-28T08:44:51.383000;2d53f88e-ef23-4799-bb9b-d0efc5eb05b0;11.08;67.74773762;SELL
2016-03-28T08:57:14.000000;2016-03-28T08:57:14.807000;e7309cbb-455c-417c-9bba-feda4897ac35;11.071;3.489;SELL
2016-03-28T08:58:44.000000;2016-03-28T08:58:44.640000;a12756a3-8f6a-4055-9aa5-7bf13799af43;11.07;20.0;SELL
2016-03-28T08:58:44.000000;2016-03-28T08:58:44.663000;2db2ce6d-c193-455d-84b7-25c252e0ad05;11.068;2.425286;SELL
2016-03-28T08:58:44.000000;2016-03-28T08:58:44.670000;36eab1e7-c4c8-4fb2-9a59-5fc5614e2447;11.03;2.47826349;SELL
2016-03-28T09:46:37.000000;2016-03-28T09:46:37.407000;aa0bb782-ed70-427d-9876-23c085393961;11.05;10.63;SELL
2016-03-28T09:46:50.000000;2016-03-28T09:46:50.867000;e3d7b532-4388-4abd-88ef-cd3d850296cf;11.05;0.37148;SELL
2016-03-28T09:47:55.000000;2016-03-28T09:47:55.803000;51b59552-bd03-4003-9e58-5496be007f99;11.05;0.33437;SELL
2016-03-28T09:48:59.000000;2016-03-28T09:48:59.650000;9bf6b173-5d29-42d5-b16d-e007c78467bc;11.05;0.30097;SELL
2016-03-28T09:49:03.000000;2016-03-28T09:49:03.630000;0c8172c3-bf39-4622-9a48-cd150b808f70;11.099;0.3;BUY
2016-03-28T09:50:04.000000;2016-03-28T09:50:04.057000;b45a004e-3df6-4843-b423-f04954a944f7;11.05;0.27089999;SELL
2016-03-28T09:51:07.000000;2016-03-28T09:51:07.583000;2142ca55-2d96-437e-979a-ed5c0be0079b;11.05;0.24384;SELL
2016-03-28T09:52:02.000000;2016-03-28T09:52:02.913000;c6649f74-200e-4e4f-bac1-95422d5d8729;11.05;10.29785443;SELL
2016-03-28T09:52:11.000000;2016-03-28T09:52:11.090000;94447b6e-3a40-4bf5-adcc-c301bf145e4c;11.05;0.21948;SELL
2016-03-28T09:53:14.000000;2016-03-28T09:53:14.707000;4e850cb1-e85f-43b4-8663-7510df347aa5;11.05;0.19755;SELL
2016-03-28T09:54:18.000000;2016-03-28T09:54:18.347000;3af6f0ec-4698-4e8a-bfee-00824c40abe2;11.05;0.17782;SELL
2016-03-28T09:55:21.000000;2016-03-28T09:55:21.887000;02d9a499-3a95-4012-86e7-8a35bad5f685;11.05;0.16006;SELL
2016-03-28T09:56:25.000000;2016-03-28T09:56:25.370000;08691816-90ee-4c0b-84fa-003cc73f03d0;11.05;0.14407;SELL
2016-03-28T09:57:28.000000;2016-03-28T09:57:28.810000;d38f89a4-1163-4789-8920-30cf9e1b690e;11.05;0.12966999;SELL
2016-03-28T09:58:32.000000;2016-03-28T09:58:32.373000;11f35943-6828-4499-ae35-bc2e05e74b96;11.05;0.11672;SELL
2016-03-28T09:59:35.000000;2016-03-28T09:59:35.853000;dfb1c075-5839-436c-b381-1866d4ed364b;11.05;0.10506;SELL
2016-03-28T10:08:50.000000;2016-03-28T10:08:50.720000;39a99302-da2e-4581-94a4-d266b0b14c7f;11.088;3.2;BUY
2016-03-28T10:12:10.000000;2016-03-28T10:12:10.213000;f249d0fb-d3d8-4ed7-a948-e6720cb12514;11.174;0.3503;BUY
2016-03-28T10:12:12.000000;2016-03-28T10:12:12.917000;56270499-378c-421a-bc6b-2f06a7d711df;11.174;2.007955;BUY
2016-03-28T10:12:13.000000;2016-03-28T10:12:13.957000;ab24cafd-2f5e-4556-937b-00f9dcc612a9;11.174;0.2978;SELL
2016-03-28T10:15:11.000000;2016-03-28T10:15:11.797000;2e1212bf-0f2f-4a02-bec9-46af862ef0db;11.268;17.29562423;BUY
2016-03-28T10:30:37.000000;2016-03-28T10:30:37.637000;0cca5c86-9eea-4c4c-a479-5eea037338b0;11.226;53.4882;BUY
2016-03-28T10:30:37.000000;2016-03-28T10:30:37.643000;635a60a4-eaa6-4e91-97a7-f0f8bab8e65a;11.237;31.64425857;BUY
2016-03-28T10:30:37.000000;2016-03-28T10:30:37.647000;3345e64a-461c-4bf2-b050-6fe46f833138;11.238;2.410266;BUY
2016-03-28T10:30:37.000000;2016-03-28T10:30:37.683000;f2e929ef-63bd-4d1e-adcb-f245c210f46c;11.267;45.0;BUY
2016-03-28T10:30:37.000000;2016-03-28T10:30:37.683000;736710ce-5f30-46d0-812d-e27061fc922d;11.28;9.49333326;BUY
2016-03-28T10:30:37.000000;2016-03-28T10:30:37.683000;f7620ffc-3fd8-4c55-b520-7059e9a032c1;11.296;0.3503;BUY
2016-03-28T10:30:37.000000;2016-03-28T10:30:37.683000;64039e39-9b09-458a-97dc-673445124a96;11.327;0.3503;BUY
2016-03-28T10:30:37.000000;2016-03-28T10:30:37.683000;92dc6356-8250-48af-a9ab-df0575633078;11.371;93.58256666;BUY
2016-03-28T10:39:08.000000;2016-03-28T10:39:08.280000;ae2b656d-d36b-4f52-9390-3f6274a5404a;11.155;2.7633;SELL
2016-03-28T10:39:08.000000;2016-03-28T10:39:08.290000;2cc02abd-3705-4f9c-b987-5fde9e1ff1ad;11.154;0.5367;SELL
2016-03-28T10:39:27.000000;2016-03-28T10:39:27.340000;c6782bf5-ebbf-40b1-8c78-238c676c7f38;11.154;1.901814;SELL
2016-03-28T10:40:59.000000;2016-03-28T10:40:59.173000;5a7dad97-1cc3-4cd3-b022-c4949091850b;11.135;0.192372;BUY
2016-03-28T10:40:59.000000;2016-03-28T10:40:59.187000;cabf9230-23e0-475e-9fed-646d55d8ecd1;11.136;6.807628;BUY
2016-03-28T10:46:15.000000;2016-03-28T10:46:15.060000;94e2c692-653c-4d1b-8d94-2be22ee39b0b;11.101;1.0;SELL
2016-03-28T10:48:41.000000;2016-03-28T10:48:41.220000;eafdbe06-9e69-4a5a-a6fe-fd4ad1d9ac38;11.101;2.0;SELL
2016-03-28T10:48:50.000000;2016-03-28T10:48:50.773000;7db8e5d9-eb24-47ab-ba1f-0700d886f3a8;11.101;2.432374;SELL
2016-03-28T10:48:51.000000;2016-03-28T10:48:51.573000;caf8be7c-e058-4015-8544-1073f80995f4;11.101;22.93452265;SELL
2016-03-28T10:48:52.000000;2016-03-28T10:48:52.327000;e75f704e-0d55-4771-b7c7-fbc66c5279c1;11.101;0.4997042;SELL
2016-03-28T10:48:52.000000;2016-03-28T10:48:52.337000;6c9f54c6-fe56-47e3-bb35-bb472aede1f3;11.101;1.9326698;SELL
2016-03-28T10:48:52.000000;2016-03-28T10:48:52.627000;7060e4c2-e318-4196-86d2-3a7be3bbf027;11.124;0.4997042;BUY
2016-03-28T10:48:52.000000;2016-03-28T10:48:52.730000;549f9551-20a2-4039-ac46-12b579c761b2;11.101;6.0;SELL
2016-03-28T10:48:55.000000;2016-03-28T10:48:55.473000;e6162406-419f-40dd-bc8f-a6e68442d6a5;11.101;0.16083172;SELL
2016-03-28T10:49:29.000000;2016-03-28T10:49:29.620000;18d9a93d-6df5-4f9c-8b04-24d9302833b0;11.092;1.0;BUY
2016-03-28T10:51:55.000000;2016-03-28T10:51:55.927000;75f922fe-3e04-4d12-8be5-346807ecd4cf;11.05;0.11927;SELL
2016-03-28T11:02:40.000000;2016-03-28T11:02:40.887000;349152bb-0428-4f06-9966-db43301cb166;11.07;0.87404759;BUY
2016-03-28T11:02:40.000000;2016-03-28T11:02:40.900000;fb0a4b9c-c102-4ff9-a572-bfeba2da8382;11.07;5.12595241;BUY
2016-03-28T11:15:22.000000;2016-03-28T11:15:22.733000;d7565944-eb34-4a18-8fa3-a5c13135b236;11.088;1.13448274;BUY
2016-03-28T11:15:22.000000;2016-03-28T11:15:22.737000;1f56fd5b-c6d4-4beb-9cf5-42f6c96bdfc3;11.088;30.93501012;BUY
2016-03-28T11:26:03.000000;2016-03-28T11:26:03.327000;77bd2d0e-173d-4aec-ba28-dbf8f242c2f6;11.14;1.01202303;BUY
2016-03-28T11:26:04.000000;2016-03-28T11:26:04.387000;717ca24b-8461-4f15-b08b-562dfd44bcb9;11.14;0.88979097;BUY
2016-03-28T11:26:04.000000;2016-03-28T11:26:04.393000;38573308-90f7-4033-9087-8235aba37ffd;11.164;19.21020903;BUY
2016-03-28T11:30:02.000000;2016-03-28T11:30:02.467000;4e8d4a9b-0adf-4abc-9287-91328c2a5770;11.164;6.78458458;BUY
2016-03-28T11:48:50.000000;2016-03-28T11:48:50.370000;77caea7b-8619-49a0-8f3a-e9ea60cf5a9a;11.067;7.71;SELL
2016-03-28T11:48:58.000000;2016-03-28T11:48:58.750000;f561fc24-88e6-41ec-a391-fa998c2afbe3;11.067;45.8156;SELL
2016-03-28T11:48:58.000000;2016-03-28T11:48:58.760000;f015854e-2e64-4833-a705-c05f1ec8c3e8;11.05;5.08618559;SELL
2016-03-28T11:48:58.000000;2016-03-28T11:48:58.763000;c1a2734f-1daf-4bee-b5b2-52c29f95c65b;11.05;10.0;SELL
2016-03-28T11:49:01.000000;2016-03-28T11:49:01.660000;251f375b-f298-4f2d-b350-b265ba2eb7f3;11.05;166.09736822;BUY
2016-03-28T11:49:52.000000;2016-03-28T11:49:52.263000;0a470b12-8b2f-458b-96a6-f95f795744e3;11.05;1.0;SELL
2016-03-28T11:50:07.000000;2016-03-28T11:50:07.577000;3e1428cf-f6ec-4fd5-b8af-f35b1b6e180d;11.05;1.0;BUY
2016-03-28T11:50:47.000000;2016-03-28T11:50:47.847000;15f755ee-7064-404c-9d6b-7d66cd7168e2;11.05;1.0;BUY
2016-03-28T11:51:06.000000;2016-03-28T11:51:06.773000;5390dd3d-1d23-4441-bbd6-1a685900ba85;11.05;1.0;BUY
2016-03-28T11:51:29.000000;2016-03-28T11:51:29.713000;aecadf4f-a6f2-4402-af4c-630af2fd4295;11.05;1.0;BUY
2016-03-28T11:51:49.000000;2016-03-28T11:51:49.183000;e8a765d3-f23d-48aa-830a-3095dbe356ea;11.05;1.0;BUY
2016-03-28T11:52:07.000000;2016-03-28T11:52:07.300000;1664c856-f422-413b-8ef7-ae078528f28c;11.049;1.0;BUY
2016-03-28T11:52:29.000000;2016-03-28T11:52:29.897000;a9eaee00-ac38-4223-8575-753327569bc4;11.049;1.0;BUY
2016-03-28T11:52:48.000000;2016-03-28T11:52:49.023000;ca3b25ac-5250-408e-b194-d4b8565f20c5;11.049;1.0;BUY
2016-03-28T11:53:07.000000;2016-03-28T11:53:07.677000;1c0988ad-85a6-44e4-ac1d-a9e21a825286;11.049;1.0;BUY
2016-03-28T11:53:43.000000;2016-03-28T11:53:43.283000;760eed43-f61d-4efe-bfef-32961959d5ca;11.021;5.1266;SELL
2016-03-28T11:53:43.000000;2016-03-28T11:53:43.290000;9c28dd92-5182-4c55-b3fe-915d62553ab9;11.02;20.0;SELL
2016-03-28T11:53:43.000000;2016-03-28T11:53:43.290000;83f783af-53ca-4806-bd31-a14cc7ae84fd;11.01;0.42624636;SELL
2016-03-28T11:53:44.000000;2016-03-28T11:53:45.003000;0687243c-b4ea-48dd-83a3-06613f121542;11.01;25.55185558;SELL
2016-03-28T11:53:46.000000;2016-03-28T11:53:46.697000;080afd2c-1b62-40d7-8093-557fc88bb7fc;11.01;25.55185541;SELL
2016-03-28T11:53:48.000000;2016-03-28T11:53:48.207000;5520d5ae-aba5-4321-bb89-e25651e4a88d;11.01;15.47807917;SELL
2016-03-28T11:54:08.000000;2016-03-28T11:54:08.183000;050ecded-7a6c-4544-a400-acf8b8ef953a;11.01;25.6094628;SELL
2016-03-28T11:54:08.000000;2016-03-28T11:54:08.737000;0aa920ad-db08-43a2-9acc-837f86d940cf;11.01;6.30140987;SELL
2016-03-28T11:54:08.000000;2016-03-28T11:54:08.750000;791de7f4-a98c-4cad-a105-b4437b620d82;11.01;1.08109081;SELL
2016-03-28T11:54:08.000000;2016-03-28T11:54:08.753000;a136224f-1e59-46c0-aaa7-bc66f85b2f2f;11.01;47.22971826;SELL
2016-03-28T11:54:08.000000;2016-03-28T11:54:08.860000;14587c85-4793-4a2a-badc-8006a74f9fe1;11.01;2.77028174;SELL
2016-03-28T11:54:08.000000;2016-03-28T11:54:08.867000;f218fec0-2201-4d59-9c57-33910a07652b;11.01;22.83918106;SELL
2016-03-28T11:54:08.000000;2016-03-28T11:54:08.930000;186cf3be-70a3-41b5-a6b4-5d4686d98aad;11.01;4.3718533;SELL
2016-03-28T11:54:08.000000;2016-03-28T11:54:08.950000;f23ea528-f2f7-4507-842f-c915a4dfbbda;11.01;0.57024173;SELL
2016-03-28T11:54:09.000000;2016-03-28T11:54:09.790000;18324144-43d3-4461-a3e2-9a97fc7f4eef;11.01;6.05706478;SELL
2016-03-28T11:54:09.000000;2016-03-28T11:54:09.820000;ac17a66d-d52a-4bc3-8d74-857233fa4332;11.01;46.16165913;SELL
2016-03-28T11:54:11.000000;2016-03-28T11:54:11.160000;a08e8413-5c46-4394-b5f0-664278f61f31;11.0;0.27583978;SELL
2016-03-28T11:54:11.000000;2016-03-28T11:54:11.483000;526c0be5-5591-4897-83cd-40fd5813f9d9;11.0;11.58980334;SELL
2016-03-28T11:54:11.000000;2016-03-28T11:54:11.953000;a82315c8-8c7b-4f99-a644-5fa4cba3f0ee;11.0;88.85515854;SELL
2016-03-28T11:54:12.000000;2016-03-28T11:54:12.687000;d3ce1f14-1573-451b-a5fd-60ce7a9f2702;11.0;11.97134317;SELL
2016-03-28T11:54:12.000000;2016-03-28T11:54:12.917000;d15d2d71-d65d-482a-9f4a-843e36fd3fc3;11.0;183.79025517;SELL
2016-03-28T11:54:12.000000;2016-03-28T11:54:12.920000;19813b6e-c213-4a38-b4d4-60b971a788e2;10.988;2.5;SELL
2016-03-28T11:54:12.000000;2016-03-28T11:54:12.933000;cc017ffc-e4d5-412b-b20a-a3152d7c981c;10.987;0.3505;SELL
2016-03-28T11:54:12.000000;2016-03-28T11:54:12.960000;cbf1578f-5f12-463d-baba-5472620a4b4b;10.973;0.3505;SELL
2016-03-28T11:54:12.000000;2016-03-28T11:54:12.960000;2e6a917d-6399-4165-8390-208b21d26bfa;10.932;2.432593;SELL
2016-03-28T11:54:12.000000;2016-03-28T11:54:12.960000;5ab24b56-5e71-4ab4-ac30-58d2b2260ef5;10.91;10.0;SELL
2016-03-28T11:54:12.000000;2016-03-28T11:54:12.960000;46be80b5-4b51-47e1-b7e9-ee1061ee913c;10.91;20.0;SELL
2016-03-28T11:54:12.000000;2016-03-28T11:54:12.960000;66fb7be8-5c38-4106-ba8d-4022a4fb61e0;10.91;5.57615183;SELL
2016-03-28T11:54:30.000000;2016-03-28T11:54:30.197000;365de2ab-cb60-4d39-aa83-eb75ffabf6f6;10.981;1.0;BUY
2016-03-28T11:54:50.000000;2016-03-28T11:54:50.490000;09630af6-0869-4367-88fe-3f5bb3333113;10.975;0.45459821;BUY
2016-03-28T11:54:50.000000;2016-03-28T11:54:50.503000;c2d9b9c9-6110-4b72-afd7-4430906b4ec8;10.976;0.54540179;BUY
2016-03-28T11:55:08.000000;2016-03-28T11:55:08.457000;855ab955-c415-49e4-9624-b2f691d84dff;10.976;1.0;BUY
2016-03-28T11:55:29.000000;2016-03-28T11:55:29.613000;71268651-51da-4d7c-a1b9-10714f362830;10.976;1.0;BUY
2016-03-28T12:00:16.000000;2016-03-28T12:00:16.253000;ffedf830-f4e8-48d3-bd73-055541a9671e;10.934;0.7218337;SELL
2016-03-28T12:00:16.000000;2016-03-28T12:00:16.267000;778f4074-294b-489b-8dfd-ffba4bf1a943;10.933;2.470927;SELL
2016-03-28T12:00:16.000000;2016-03-28T12:00:16.277000;dcbc4666-0538-4913-baaf-a6105f0b80e8;10.93;20.0;SELL
2016-03-28T12:00:16.000000;2016-03-28T12:00:16.307000;38e36359-d14d-4178-aaed-94f949d6d970;10.92;20.0;SELL
2016-03-28T12:00:16.000000;2016-03-28T12:00:16.307000;b8368644-6a8b-4a28-a89e-088a4c197386;10.91;94.42384817;SELL
2016-03-28T12:00:17.000000;2016-03-28T12:00:17.730000;2fb4503a-dd46-418d-9a48-6db6c874214e;10.91;0.7218337;BUY
2016-03-28T12:00:18.000000;2016-03-28T12:00:19.243000;5fdb61c7-c1bc-43ba-ac9d-b1c8f92ee7b0;10.91;0.72255626;BUY
2016-03-28T12:00:20.000000;2016-03-28T12:00:20.170000;98300552-6059-47b0-8f12-04f441ad56e6;10.91;0.72255626;BUY
2016-03-28T12:00:20.000000;2016-03-28T12:00:20.460000;77b5599d-38be-44b3-be9e-7b3e037dacaa;10.91;1.4782;BUY
2016-03-28T12:00:36.000000;2016-03-28T12:00:36.993000;747b2a96-af90-4f90-ad2b-b70a38f4e6f4;10.91;1.0;BUY
2016-03-28T12:01:05.000000;2016-03-28T12:01:05.637000;cb027fb1-b0b0-4ae4-b24c-2815bc3dff01;10.91;0.2218;BUY
2016-03-28T12:01:08.000000;2016-03-28T12:01:08.677000;2bbbf50e-d925-402f-8800-e37ac98b6e7a;10.91;1.0;BUY
2016-03-28T12:01:26.000000;2016-03-28T12:01:26.427000;529ff45a-a009-4245-9aca-f98e2178d4a2;10.91;1.0;BUY
2016-03-28T12:01:30.000000;2016-03-28T12:01:30.890000;e0502f92-57ab-4ac3-98b4-7697f6aec6fc;10.91;1.0;BUY
2016-03-28T12:02:33.000000;2016-03-28T12:02:33.863000;17a01b2b-7e52-4d44-b06e-7f7d131a0426;10.91;65.0;BUY
2016-03-28T12:03:02.000000;2016-03-28T12:03:02.847000;3f97f7ab-ddfd-455e-84d4-411f723c18e0;10.91;4.3;BUY
2016-03-28T12:03:24.000000;2016-03-28T12:03:24.430000;a15d8670-65c0-4576-adc2-a5e203f95318;10.91;8.31883875;BUY
2016-03-28T12:03:50.000000;2016-03-28T12:03:50.840000;72f6eb79-e0d9-4ce5-adba-b42ec704ab2a;10.91;1.0;BUY
2016-03-28T12:04:03.000000;2016-03-28T12:04:03.933000;1bbcb663-83d0-40f3-964b-d6d54bbae18a;10.91;1.01202303;BUY
2016-03-28T12:04:23.000000;2016-03-28T12:04:23.623000;d410cb6a-df8f-4ba8-8c6c-ac7d52e6361b;10.91;10.01001001;BUY
2016-03-28T12:05:25.000000;2016-03-28T12:05:25.963000;bcafe5e8-8342-4653-99ca-7d6e1b46a639;10.91;10.01001001;BUY
2016-03-28T12:06:23.000000;2016-03-28T12:06:23.223000;8b68416c-81bb-4e51-a73e-fc626a0f800e;10.91;5.40508509;BUY
2016-03-28T12:06:45.000000;2016-03-28T12:06:45.983000;b1199c19-f2f1-48c0-adc5-efec514c0965;10.91;32.59271649;BUY
2016-03-28T12:13:10.000000;2016-03-28T12:13:10.663000;0cc3c096-de3d-4566-bc2a-3bacc1a3194a;10.91;2.002002;BUY
2016-03-28T12:13:11.000000;2016-03-28T12:13:11.127000;7ed1831e-318d-4099-8524-529d005094a1;10.91;2.002002;BUY
2016-03-28T12:13:12.000000;2016-03-28T12:13:12.240000;a94e22ec-8d9c-4164-9799-3b7c8c7d663e;10.91;5.97129232;BUY
2016-03-28T12:13:12.000000;2016-03-28T12:13:12.297000;77e415c8-207b-4ffe-9ef3-cd0cf77f97b7;10.91;0.89246521;BUY
2016-03-28T12:22:33.000000;2016-03-28T12:22:33.727000;09d961a6-236a-4870-b16f-a9da9ec3c440;10.976;0.93985169;BUY
2016-03-28T12:22:33.000000;2016-03-28T12:22:33.757000;afa7bf37-4415-425b-99b0-dfa7a081ed60;10.987;1.33334851;BUY
2016-03-28T12:22:35.000000;2016-03-28T12:22:35.680000;82ff7475-6135-498f-9409-305858489eaa;10.987;0.69867652;BUY
2016-03-28T12:22:35.000000;2016-03-28T12:22:35.690000;cc9d4ab8-d55d-4232-9feb-d0618e737400;10.987;15.57885967;BUY
2016-03-28T12:22:35.000000;2016-03-28T12:22:35.693000;4b42889c-90ff-486c-8486-6daa0295ead4;10.987;16.08676133;BUY
2016-03-28T12:22:36.000000;2016-03-28T12:22:36.270000;61c693f4-eec9-4359-90e5-8bc29cf1e182;10.987;0.93985169;BUY
2016-03-28T12:22:37.000000;2016-03-28T12:22:37.097000;d0e3ad0c-0eff-401e-930d-aee60cb54f70;10.987;0.93985169;BUY
2016-03-28T12:22:38.000000;2016-03-28T12:22:38.373000;6c740e38-9a9b-45ab-a656-7bac820fce25;10.977;0.65413011;SELL
2016-03-28T12:23:31.000000;2016-03-28T12:23:31.983000;6cc358db-4d3f-4151-800d-dabac98d5135;10.987;1.3013013;BUY
2016-03-28T12:24:25.000000;2016-03-28T12:24:25.837000;4ac30a51-e33f-432f-9557-dc336a466829;10.987;1.06870941;BUY
2016-03-28T12:24:25.000000;2016-03-28T12:24:25.847000;94e15ab8-d8bc-457e-bc9a-8d742555226b;10.987;2.42877331;BUY
2016-03-28T12:24:25.000000;2016-03-28T12:24:25.847000;1c753f50-1f5d-4fcf-bdc2-a5ea849e8378;10.987;18.17008214;BUY
2016-03-28T12:24:25.000000;2016-03-28T12:24:25.883000;91cb0f63-362c-44d9-9b21-cc231e2ad3dd;10.989;4.4006797;BUY
2016-03-28T12:25:51.000000;2016-03-28T12:25:51.567000;9032f2ce-bb24-4704-8d40-f25b02c2c495;11.046;1.89389389;BUY
2016-03-28T12:28:53.000000;2016-03-28T12:28:53.413000;a5bb3b50-d324-432f-b7e9-8b668ab591e0;11.04;10.0;BUY
2016-03-28T12:36:57.000000;2016-03-28T12:36:57.163000;5086525e-766d-4c25-b15a-da641c910a2d;11.051;0.47702;SELL
2016-03-28T12:38:39.000000;2016-03-28T12:38:39.267000;ac93c6ca-0463-4e36-985a-aa4f646ef2bf;11.051;2.9675;SELL
2016-03-28T12:38:49.000000;2016-03-28T12:38:49.367000;eb6b26e8-c967-4338-9e28-15c21a7a8ddc;11.051;1.1841;SELL
2016-03-28T12:38:59.000000;2016-03-28T12:38:59.677000;e5b50e5a-15b5-4591-99d4-5c156d712df1;11.051;0.4726;SELL
2016-03-28T12:39:32.000000;2016-03-28T12:39:32.077000;6842c1db-d0fe-455f-8abc-07892fe81fd2;11.051;0.1886;SELL
2016-03-28T12:39:35.000000;2016-03-28T12:39:35.647000;98edcf69-a8b0-4e6d-b6ed-0c0e636995e9;11.051;2.994;SELL
2016-03-28T12:41:57.000000;2016-03-28T12:41:57.807000;428ee5e2-5f74-4365-aa1d-42f3b5a56060;11.051;5.1986;SELL
2016-03-28T12:41:59.000000;2016-03-28T12:41:59.187000;1e9bb33d-0611-4c46-b54e-266554c75c29;11.057;2.5;BUY
2016-03-28T12:41:59.000000;2016-03-28T12:41:59.190000;6e6ea069-6b19-4304-b62a-bf79ccecad5f;11.057;7.17183807;BUY
2016-03-28T12:54:42.000000;2016-03-28T12:54:42.597000;cb6262b9-6ecc-4951-a10a-74a66400e283;11.034;3.0;BUY
2016-03-28T12:54:42.000000;2016-03-28T12:54:42.603000;e4e2db7f-2529-458a-a282-739925b38c2a;11.034;7.6477;BUY
2016-03-28T12:57:15.000000;2016-03-28T12:57:15.640000;d3f7911a-8861-45d0-a80e-7b2a8dd0ff3e;11.05;5.0;BUY
2016-03-28T12:57:15.000000;2016-03-28T12:57:15.653000;f887a518-6193-44c2-86aa-f79d90a6397a;11.06;5.0;BUY
2016-03-28T12:57:49.000000;2016-03-28T12:57:49.620000;48615526-5497-4266-af3d-de095bcbe44e;11.072;1.0;SELL
2016-03-28T12:58:06.000000;2016-03-28T12:58:06.697000;e54b7e8b-0f85-4fdf-83e0-faf753f34d8f;11.072;1.98392466;SELL
2016-03-28T13:12:20.000000;2016-03-28T13:12:20.750000;48902698-fe67-422a-9ce6-5ca459be5f48;11.074;2.01607534;BUY
2016-03-28T13:14:33.000000;2016-03-28T13:14:33.183000;1cf78aa9-3e0c-4cf8-b6b8-d7323faf75f9;11.074;2.98392466;BUY
2016-03-28T13:14:33.000000;2016-03-28T13:14:34.077000;f5caf22f-4df1-4b0d-8d74-18d69c75bc73;11.08;10.0;BUY
2016-03-28T13:16:31.000000;2016-03-28T13:16:31.720000;5d1aaf53-d7d8-487b-858b-8343b9a6ec8c;11.08;2.98392435;SELL
2016-03-28T13:23:01.000000;2016-03-28T13:23:01.193000;bfcbeb3c-0ed2-4645-b013-c65954806c52;11.08;5.0;BUY
2016-03-28T13:23:01.000000;2016-03-28T13:23:01.197000;b114ebe7-5ebb-4b1b-b23e-42a53f55a32c;11.08;5.0;BUY
2016-03-28T13:23:01.000000;2016-03-28T13:23:01.210000;1881c9c8-a7c3-43c6-b0e2-4fec345aff81;11.09;10.0;BUY
2016-03-28T13:23:07.000000;2016-03-28T13:23:07.777000;14f3b978-5b61-4a9c-88e7-d2f3576536fe;11.144;0.727;BUY
2016-03-28T13:23:30.000000;2016-03-28T13:23:30.550000;36b76fc0-e517-4771-90f6-93ef27e1104c;11.088;1.0;SELL
2016-03-28T13:23:41.000000;2016-03-28T13:23:41.573000;a6ec5bcc-5a9f-45d7-aac1-b89028f79b3e;11.088;0.93398281;SELL
2016-03-28T13:25:55.000000;2016-03-28T13:25:55.840000;4ea2a1a9-9fbb-4f61-a410-096d0bb74d72;11.143;10.0;BUY
2016-03-28T13:42:41.000000;2016-03-28T13:42:41.753000;b287f887-6c63-4c36-8011-12fab2917ad5;11.1;32.03482314;BUY
2016-03-28T13:44:11.000000;2016-03-28T13:44:12.003000;ae6e154d-92f1-4393-b8fe-ff2ab90453d6;11.1;1.98347661;BUY
2016-03-28T13:45:14.000000;2016-03-28T13:45:14.860000;cdc8ace8-badd-4a15-bcbf-ffe6449eae86;11.1;12.16170025;BUY
2016-03-28T13:47:09.000000;2016-03-28T13:47:09.737000;c84d90e6-f776-4532-8ebd-dd5c2983e66a;11.1;10.0;BUY
2016-03-28T14:08:06.000000;2016-03-28T14:08:06.757000;047ecbc7-6f25-4c1a-8e8f-36b3b1c81a23;11.12;10.0;BUY
2016-03-28T14:10:12.000000;2016-03-28T14:10:12.493000;bc5c2ab8-2f69-4968-a259-2512dc9152f0;11.14;15.0;BUY
2016-03-28T14:10:12.000000;2016-03-28T14:10:12.503000;3bd78fe4-f266-4e5a-a797-aecbc01dc141;11.196;22.39594064;BUY
2016-03-28T14:10:12.000000;2016-03-28T14:10:12.507000;525187b3-98c6-41e1-a9c7-a2df8cfe10a1;11.196;52.60405936;BUY
2016-03-28T14:10:51.000000;2016-03-28T14:10:51.457000;e36057dd-7cee-4e6f-900f-fd771d428fc6;11.205;2.96703;BUY
2016-03-28T14:10:51.000000;2016-03-28T14:10:51.470000;8895db6c-7c60-4f36-b79d-7b57bf6eccc8;11.206;2.433359;BUY
2016-03-28T14:10:51.000000;2016-03-28T14:10:51.497000;c839e11e-9f3f-4066-8462-77b23119ba8e;11.216;1.930123;BUY
2016-03-28T14:10:51.000000;2016-03-28T14:10:51.497000;18c7a591-31fd-4970-9ad3-2761cb706e5c;11.231;28.69413446;BUY
2016-03-28T14:10:51.000000;2016-03-28T14:10:51.497000;3831181d-adda-4f47-970f-54d7386cb2e0;11.232;7.584447;BUY
2016-03-28T14:10:51.000000;2016-03-28T14:10:51.497000;3fd65181-4c35-4e3f-85ae-2c83dac50c36;11.233;0.72543656;BUY
2016-03-28T14:10:51.000000;2016-03-28T14:10:51.497000;f53da9d0-6f29-4ffc-a424-8a531faeacf2;11.282;117.45;BUY
2016-03-28T14:10:51.000000;2016-03-28T14:10:51.533000;20431808-6be0-46ea-9e11-b01a8fb55a6a;11.282;48.21546998;BUY
2016-03-28T14:12:37.000000;2016-03-28T14:12:37.153000;69991304-2ccd-4281-be70-5350f153997d;11.205;4.0084;BUY
2016-03-28T14:13:10.000000;2016-03-28T14:13:10.440000;b12384e4-f111-40d2-a31a-3935361d6c40;11.203;0.78047;SELL
2016-03-28T14:13:54.000000;2016-03-28T14:13:54.793000;1674f23d-d239-4c18-ba73-68419f0accdf;11.122;1.2;SELL
2016-03-28T14:13:54.000000;2016-03-28T14:13:54.807000;f5ce5121-e24c-4afe-bf82-4fda24bb1254;11.121;10.0;SELL
2016-03-28T14:13:54.000000;2016-03-28T14:13:54.810000;1137c171-9343-446a-a3e5-6a9f9ecec864;11.121;1.78208699;SELL
2016-03-28T14:14:13.000000;2016-03-28T14:14:13.713000;ef67c9ec-972a-4f5e-9753-ed2decab0abe;11.229;0.70081;BUY
2016-03-28T14:15:17.000000;2016-03-28T14:15:17.287000;7d560df9-ea57-4c02-a548-ac483af79e95;11.228;0.63092;BUY
2016-03-28T14:16:20.000000;2016-03-28T14:16:20.847000;0ea51890-97bd-4e99-95c5-ce344fa731fa;11.228;0.56784;BUY
2016-03-28T14:17:24.000000;2016-03-28T14:17:24.557000;2ba1196e-5c59-446c-bf8c-4484b57b9238;11.229;0.51112;BUY
2016-03-28T14:18:31.000000;2016-03-28T14:18:31.173000;0119e56d-9feb-4837-9b65-74b169c0a693;11.228;0.46009999;SELL
2016-03-28T14:18:44.000000;2016-03-28T14:18:44.163000;871649b8-e9a2-464e-8a9d-a01dad6c9c9d;11.229;1.911885;BUY
2016-03-28T14:18:57.000000;2016-03-28T14:18:57.200000;af729af2-4e5c-4af3-b84c-c2848a6f7e5a;11.25;18.385093;BUY
2016-03-28T14:19:03.000000;2016-03-28T14:19:03.900000;cecf11b0-a49c-4074-985e-5884ae3ed98b;11.249;0.2;BUY
2016-03-28T14:19:03.000000;2016-03-28T14:19:03.900000;16de8216-6e9c-48aa-8ff9-d695ea9a7165;11.25;16.617207;BUY
2016-03-28T14:19:18.000000;2016-03-28T14:19:18.167000;39dea476-ee32-40e4-b849-354788a05736;11.247;0.2;SELL
2016-03-28T14:19:31.000000;2016-03-28T14:19:31.607000;818d4436-bb99-42c4-9241-c7de164e7d78;11.295;0.41167999;BUY
2016-03-28T14:20:10.000000;2016-03-28T14:20:10.127000;054d910a-500f-4492-af65-c5b4825fa8fb;11.295;4.58832001;BUY
2016-03-28T14:20:14.000000;2016-03-28T14:20:14.760000;39eb23e2-c341-41cf-9f26-7352b0150b3b;11.303;4.2914;BUY
2016-03-28T14:22:54.000000;2016-03-28T14:22:54.900000;0e534f79-fbeb-464d-afa9-dd8ff683c985;11.345;0.36892;SELL
2016-03-28T14:22:54.000000;2016-03-28T14:22:54.913000;705dc15c-a580-4917-87e0-b9e1babba6f3;11.345;45.0;SELL
2016-03-28T14:22:54.000000;2016-03-28T14:22:54.920000;6580aecc-dc75-4d90-8bfd-6adf04011519;11.321;52.4346;SELL
2016-03-28T14:22:54.000000;2016-03-28T14:22:54.950000;465cee99-c287-4708-ac05-681698e5961a;11.319;2.19648;SELL
2016-03-28T14:23:38.000000;2016-03-28T14:23:38.267000;02142e10-7df1-4460-965b-a88cb6d4baf6;11.355;4.000399;BUY
2016-03-28T14:24:01.000000;2016-03-28T14:24:01.913000;1a394aac-e4a9-4ce8-a17d-db08612a77a7;11.38;31.24662011;BUY
2016-03-28T14:24:02.000000;2016-03-28T14:24:02.543000;24a958b3-19bf-416b-ab82-5e6b74b8d0b4;11.38;2.03672174;BUY
2016-03-28T14:25:20.000000;2016-03-28T14:25:20.270000;5e2e9a4f-3661-423d-84b5-fccb8a22438d;11.39;4.0628;BUY
2016-03-28T14:26:08.000000;2016-03-28T14:26:08.580000;81863229-9988-4abc-999e-b40f41829f8a;11.39;2.00200186;BUY
2016-03-28T14:26:09.000000;2016-03-28T14:26:09.907000;06e7a102-6bb4-4c37-ad04-17ee7d736e3f;11.39;2.00200186;BUY
2016-03-28T14:26:16.000000;2016-03-28T14:26:16.367000;12294118-0e66-432b-9219-84e8e4aeca4f;11.39;2.002002;BUY
2016-03-28T14:26:16.000000;2016-03-28T14:26:16.420000;37035543-5a61-4995-adbf-5b414cf2c79f;11.39;0.55103103;BUY
2016-03-28T14:26:28.000000;2016-03-28T14:26:28.430000;c9a86220-4b1d-451b-9387-5a0186241cc4;11.39;24.25425425;BUY
2016-03-28T14:26:32.000000;2016-03-28T14:26:32.840000;4980798a-e890-4f14-bd45-9edeea9df712;11.39;15.125909;BUY
2016-03-28T14:26:39.000000;2016-03-28T14:26:39.537000;6335dc92-a288-405e-af30-d3b4da80b0dc;11.39;31.19453784;BUY
2016-03-28T14:26:40.000000;2016-03-28T14:26:40.563000;d6dd3b27-4729-43c1-81df-e6c92a532bb0;11.39;5.6570971;BUY
2016-03-28T14:26:41.000000;2016-03-28T14:26:41.987000;3722487a-22b8-4714-98df-1990c9351536;11.39;31.19453784;BUY
2016-03-28T14:26:42.000000;2016-03-28T14:26:42.093000;ebd4791c-275e-4038-b0a1-34bb5cc38805;11.39;6.46923142;BUY
2016-03-28T14:26:42.000000;2016-03-28T14:26:42.790000;d0ca3522-bea2-4522-92d5-f0b95b77f288;11.39;16.611486;BUY
2016-03-28T14:26:43.000000;2016-03-28T14:26:43.073000;b0a3565c-da7e-4d72-8ed2-d60d282929b3;11.39;5.6570971;BUY
2016-03-28T14:26:43.000000;2016-03-28T14:26:43.550000;d89d52cf-15cb-4e7c-baac-651945a0de63;11.39;52.0486;BUY
2016-03-28T14:26:43.000000;2016-03-28T14:26:44.053000;5542d284-5682-4088-8efb-1c48be8df2a4;11.39;23.69885886;BUY
2016-03-28T14:26:45.000000;2016-03-28T14:26:45.510000;c44fd455-0cdb-4e0b-ad15-9fd870dd13e4;11.39;0.55048;BUY
2016-03-28T14:26:46.000000;2016-03-28T14:26:46.580000;be9c6e11-04a5-4a2e-9149-49b815d51a35;11.39;8.95576695;BUY
2016-03-28T14:26:47.000000;2016-03-28T14:26:47.487000;3d521bb0-91aa-44e3-ab72-e9e76f745e4b;11.39;20.81279115;BUY
2016-03-28T14:26:51.000000;2016-03-28T14:26:51.647000;76df2338-c62a-4c8c-9603-8f838df13215;11.39;4.66466466;BUY
2016-03-28T14:27:05.000000;2016-03-28T14:27:05.383000;880515fa-1580-4161-bd97-a12d70f7ce6b;11.39;15.53881121;BUY
2016-03-28T14:27:05.000000;2016-03-28T14:27:05.383000;faf21b56-bf77-4bdd-add9-7beb87f136fe;11.399;184.46118879;BUY
2016-03-28T14:27:06.000000;2016-03-28T14:27:06.583000;5668361a-179a-4ada-b398-0961ce428eea;11.399;0.55103103;BUY
2016-03-28T14:27:06.000000;2016-03-28T14:27:06.947000;833954f7-b6f7-41e8-956c-b67876805665;11.399;0.55103103;BUY
2016-03-28T14:27:08.000000;2016-03-28T14:27:08.237000;16238ffd-ccb8-4cbf-a043-8f6422ae2ff0;11.399;0.55103103;BUY
2016-03-28T14:27:09.000000;2016-03-28T14:27:09.920000;2d6d8667-3c2a-4a99-bbe9-78cf44908f42;11.399;13.88571812;BUY
2016-03-28T14:27:09.000000;2016-03-28T14:27:09.943000;c2c80dd3-f849-4efe-8e7d-4a9c15907681;11.4;38.30737497;BUY
2016-03-28T14:27:10.000000;2016-03-28T14:27:10.750000;bb057ac9-764a-461a-83de-993ca7dea1aa;11.4;11.69262503;BUY
2016-03-28T14:27:14.000000;2016-03-28T14:27:14.467000;50aac013-b98d-462d-ad7c-c34e00ebf040;11.41;13.88571812;BUY
2016-03-28T14:27:16.000000;2016-03-28T14:27:16.133000;ed9b337f-118e-467c-828f-862ea22a58f8;11.41;0.1;BUY
2016-03-28T14:27:19.000000;2016-03-28T14:27:19.090000;a6504e40-2c5c-4065-9974-34c7297a0863;11.41;3.77560801;BUY
2016-03-28T14:27:20.000000;2016-03-28T14:27:20.693000;07475152-7393-4ff8-9f8c-eb300989798f;11.41;24.53257618;BUY
2016-03-28T14:27:21.000000;2016-03-28T14:27:21.557000;9911fa5d-e9bb-486a-b772-38efe9ad8df4;11.41;7.70609769;BUY
2016-03-28T14:27:21.000000;2016-03-28T14:27:21.560000;6280b883-7f17-4246-9ebd-6b7380b3531d;11.41;0.09999987;BUY
2016-03-28T14:27:23.000000;2016-03-28T14:27:23.077000;99b72952-b51a-4280-bda6-d1d9c7ce314e;11.41;31.16446423;BUY
2016-03-28T14:27:23.000000;2016-03-28T14:27:23.523000;3f788a70-717c-422f-bedf-8d385d06183f;11.41;24.53257621;BUY
2016-03-28T14:27:24.000000;2016-03-28T14:27:24.307000;81f70d6a-3384-444e-acc0-89ef53f47f0d;11.41;31.16446423;BUY
2016-03-28T14:27:24.000000;2016-03-28T14:27:24.703000;efbd5af8-6605-49ff-a0ca-f92e947a9b4e;11.41;24.53257618;BUY
2016-03-28T14:27:27.000000;2016-03-28T14:27:27.073000;d597ed5a-890f-4640-a062-963c27e4268d;11.41;6.06606607;BUY
2016-03-28T14:27:30.000000;2016-03-28T14:27:30.340000;599ece0d-1d5c-48d9-8944-60c2b5e58618;11.41;6.0660658;BUY
2016-03-28T14:27:31.000000;2016-03-28T14:27:31.627000;a0fe7ebf-b9dd-487b-8d60-29387e4bfd6c;11.41;6.06;BUY
2016-03-28T14:27:32.000000;2016-03-28T14:27:32.067000;0594acdc-59e4-4383-892c-d83abd386a2e;11.41;6.06;BUY
2016-03-28T14:27:32.000000;2016-03-28T14:27:32.587000;81405278-524c-4d03-9055-a327f394f86d;11.41;0.40342623;BUY
2016-03-28T14:27:46.000000;2016-03-28T14:27:46.783000;a6850d93-3c67-4094-9dee-fb5f5e154e92;11.42;2.40688689;BUY
2016-03-28T14:27:48.000000;2016-03-28T14:27:48.507000;f2a2e018-e8e1-400c-812a-08b7818196c2;11.42;1.78730731;BUY
2016-03-28T14:28:00.000000;2016-03-28T14:28:00.163000;1f27943d-bb55-485d-b065-f46abb6aa87c;11.42;24.51051715;BUY
2016-03-28T14:28:00.000000;2016-03-28T14:28:00.443000;5d48de85-2f0c-4f35-8057-26002de6f2c7;11.42;4.642842;BUY
2016-03-28T14:28:00.000000;2016-03-28T14:28:00.747000;5dc901a7-68b2-4b13-a3f4-b9cf1c317ba4;11.42;24.51051715;BUY
2016-03-28T14:28:01.000000;2016-03-28T14:28:01.307000;be0a03aa-cd8d-4a99-abae-92e5b6c70038;11.42;24.19419419;BUY
2016-03-28T14:28:01.000000;2016-03-28T14:28:01.320000;b5dd5869-095d-48e0-9e62-4f329fb0d9a3;11.42;24.51051715;BUY
2016-03-28T14:28:01.000000;2016-03-28T14:28:01.860000;fcf21a97-5326-49c7-9802-91072f202bd8;11.42;24.51051715;BUY
2016-03-28T14:28:02.000000;2016-03-28T14:28:02.820000;4b32635f-7c0b-4fb8-a393-4387d04f2feb;11.42;31.13717486;BUY
2016-03-28T14:28:02.000000;2016-03-28T14:28:02.977000;90fcd2be-2415-42ad-87eb-50b852400b61;11.42;3.10489138;BUY
2016-03-28T14:28:03.000000;2016-03-28T14:28:03.230000;9f0f6daa-695f-4025-a2bf-42625663c83b;11.42;20.75811657;BUY
2016-03-28T14:28:03.000000;2016-03-28T14:28:03.370000;abb7403c-f93f-4efa-a824-be6357a74c27;11.42;2.19499231;BUY
2016-03-28T14:28:03.000000;2016-03-28T14:28:03.537000;5a33e30a-e4b8-4df8-bea0-09f86434813f;11.42;31.13717486;BUY
2016-03-28T14:28:04.000000;2016-03-28T14:28:04.120000;cea217c4-d704-4af3-8a52-041ba99def85;11.42;3.1;BUY
2016-03-28T14:28:04.000000;2016-03-28T14:28:04.487000;d5a50329-8ade-44b6-853c-1edb108f97cb;11.42;14.00375305;BUY
2016-03-28T14:28:04.000000;2016-03-28T14:28:04.503000;96387362-98e3-4ee4-b9a6-25f8cb238d23;11.42;20.75811657;BUY
2016-03-28T14:28:04.000000;2016-03-28T14:28:04.560000;4c53c712-797b-404b-af74-e9a01789ea38;11.42;31.13717486;BUY
2016-03-28T14:28:04.000000;2016-03-28T14:28:04.633000;8235fca8-4c2c-470d-9a24-b7592645daf6;11.42;4.642842;BUY
2016-03-28T14:28:04.000000;2016-03-28T14:28:04.937000;9d60c6c1-a059-43be-a5d9-20d0bafbd9ad;11.42;11.53297729;BUY
2016-03-28T14:28:05.000000;2016-03-28T14:28:05.337000;cc4d28c1-ca17-425f-a08e-b0c7b384f159;11.42;14.00375305;BUY
2016-03-28T14:28:05.000000;2016-03-28T14:28:05.597000;3178df5d-3784-48b6-87e6-0e4d5dd4f490;11.42;20.75811657;BUY
2016-03-28T14:28:05.000000;2016-03-28T14:28:05.763000;ce7b8994-4381-4930-b0dd-1ce61fd6d4e4;11.42;9.79955596;BUY
2016-03-28T14:28:06.000000;2016-03-28T14:28:06.507000;5acb71c0-86f5-4b85-b27d-cb9284b7b31a;11.42;150.85806168;BUY
2016-03-28T14:28:06.000000;2016-03-28T14:28:06.530000;8188ffe9-7755-414d-bd56-d4c1dd01f4b7;11.42;1.00496049;BUY
2016-03-28T14:28:06.000000;2016-03-28T14:28:06.543000;a83b50e6-9d2a-461e-aa54-1688bbbb3d21;11.43;198.13697783;BUY
2016-03-28T14:28:09.000000;2016-03-28T14:28:09.780000;c012cb34-6b5a-4ca6-8d3b-f073cec45231;11.43;31.13717486;BUY
2016-03-28T14:28:09.000000;2016-03-28T14:28:09.797000;2d5cdc68-2000-494b-908f-1cab143c0d40;11.43;24.50994024;BUY
2016-03-28T14:28:11.000000;2016-03-28T14:28:11.143000;2531efa8-1303-4d98-b1e5-df7ae0b78e1a;11.43;24.50994024;BUY
2016-03-28T14:28:11.000000;2016-03-28T14:28:11.487000;dc98e6e9-4437-4cee-ba29-f31b87ea6edf;11.43;24.48849673;BUY
2016-03-28T14:28:11.000000;2016-03-28T14:28:11.753000;c5f45cb9-911a-4eb8-b275-c58999f5bed5;11.43;3.33880215;BUY
2016-03-28T14:28:11.000000;2016-03-28T14:28:11.800000;9aaedfeb-15bf-405f-8bc1-916c485e956b;11.43;24.50994024;BUY
2016-03-28T14:28:12.000000;2016-03-28T14:28:12.427000;15002ee8-fd75-4708-8139-6ca1be039b3b;11.43;24.48849673;BUY
2016-03-28T14:28:13.000000;2016-03-28T14:28:13.317000;260bd3aa-b6c9-4852-99f7-982b5edfff8f;11.43;24.48849682;BUY
2016-03-28T14:28:15.000000;2016-03-28T14:28:15.047000;d072698b-7710-4b28-9244-7e17502cf48b;11.43;13.17963239;BUY
2016-03-28T14:28:15.000000;2016-03-28T14:28:15.393000;aea7abef-9119-4779-b911-6705b30fe32f;11.43;24.48849673;BUY
2016-03-28T14:28:15.000000;2016-03-28T14:28:15.983000;d05aff1a-f8b6-4043-97ec-69a1beb176de;11.43;24.48849679;BUY
2016-03-28T14:28:16.000000;2016-03-28T14:28:16.490000;876cdca9-c7ff-4866-8003-df128a3aeccc;11.43;3.94619189;BUY
2016-03-28T14:28:16.000000;2016-03-28T14:28:16.820000;c7388640-bb34-4660-86ae-67d1d24a70bc;11.43;24.48849673;BUY
2016-03-28T14:28:18.000000;2016-03-28T14:28:18.323000;8b412a0e-5efc-44d7-8c3e-e4ef7a2b2e24;11.43;24.48849691;BUY
2016-03-28T14:28:21.000000;2016-03-28T14:28:21.813000;766477a6-1c94-42d1-9c24-7061668ac9d4;11.43;4.21087619;BUY
2016-03-28T14:28:22.000000;2016-03-28T14:28:22.190000;644439f9-697c-4e5f-93a9-96bdd6b9713b;11.43;1.10104653;BUY
2016-03-28T14:28:22.000000;2016-03-28T14:28:22.203000;6d0e7637-dd57-4980-bd5e-44832f80a95b;11.44;29.98169271;BUY
2016-03-28T14:28:22.000000;2016-03-28T14:28:23.023000;561a98db-9ce7-4b0e-949d-239b38c583a7;11.44;31.08273924;BUY
2016-03-28T14:28:26.000000;2016-03-28T14:28:26.580000;2f33e5d8-bb10-4035-bd30-8caed9e16fd7;11.44;31.08273924;BUY
2016-03-28T14:28:27.000000;2016-03-28T14:28:27.807000;ec432d67-f3f1-47c5-a085-071a035929cf;11.44;31.08273924;BUY
2016-03-28T14:28:28.000000;2016-03-28T14:28:28.267000;43d7d414-3ed9-42f1-a400-b36d4c112cc0;11.44;31.08273924;BUY
2016-03-28T14:28:28.000000;2016-03-28T14:28:28.850000;12a03702-bcf2-4ee1-add6-adabec8d2ee4;11.44;31.08273924;BUY
2016-03-28T14:28:35.000000;2016-03-28T14:28:35.990000;f6ba8cd6-11da-44e4-afd2-601d2757f02a;11.44;31.08273924;BUY
2016-03-28T14:28:36.000000;2016-03-28T14:28:36.610000;996886be-e422-4c84-b82b-b8427a3cb85b;11.44;20.27699849;BUY
2016-03-28T14:28:36.000000;2016-03-28T14:28:36.980000;8c8f0a4c-a1f4-4fcc-bdf6-ff57f392ff1d;11.44;24.4659389;BUY
2016-03-28T14:28:36.000000;2016-03-28T14:28:37.017000;a901e8d5-3c6b-4dc7-92f1-6f331d857c0a;11.44;2.64482589;BUY
2016-03-28T14:28:39.000000;2016-03-28T14:28:39.250000;98e1ad56-fe8b-4cf6-a24f-f7441800244f;11.44;24.46593899;BUY
2016-03-28T14:28:41.000000;2016-03-28T14:28:41.593000;e41010fc-563f-4527-83cd-0e6e1a4825c0;11.44;24.46593934;BUY
2016-03-28T14:28:42.000000;2016-03-28T14:28:42.167000;0333f455-559d-45d5-bb8a-ecb8d41bf5df;11.44;20.18163943;BUY
2016-03-28T14:28:42.000000;2016-03-28T14:28:42.273000;83a3e00f-37b2-4983-ac73-af605e3fb5b1;11.44;2.63238775;BUY
2016-03-28T14:28:43.000000;2016-03-28T14:28:43.427000;5880afcd-3940-4482-adf8-8b5e0d2a1fca;11.44;4.61500427;BUY
2016-03-28T14:28:43.000000;2016-03-28T14:28:43.440000;055abfab-c808-4164-bf7a-fcce146efec7;11.44;35.3816994;BUY
2016-03-28T14:28:43.000000;2016-03-28T14:28:43.473000;0af3d1db-b293-4b97-bcc1-9af17c1bb509;11.44;0.60195708;BUY
2016-03-28T14:28:44.000000;2016-03-28T14:28:44.840000;06a557c2-7143-449b-850e-edd93da3465a;11.44;2.62271169;BUY
2016-03-28T14:28:44.000000;2016-03-28T14:28:44.910000;a6055c7f-fe0e-4f7c-bc4c-ea3c042bb8d5;11.44;20.10745635;BUY
2016-03-28T14:28:45.000000;2016-03-28T14:28:45.570000;24c5aa86-7054-4ff6-904a-a7a0827b053c;11.44;24.4659389;BUY
2016-03-28T14:28:46.000000;2016-03-28T14:28:46.100000;a04ab788-6b3d-4acc-b9b7-088e01f85ca1;11.44;9.33112028;BUY
2016-03-28T14:28:46.000000;2016-03-28T14:28:46.670000;c8b8b793-7338-45de-bd39-b29c3c4cc458;11.44;9.33927667;BUY
2016-03-28T14:28:47.000000;2016-03-28T14:28:47.610000;e1c8fd11-c5ec-484c-a0fc-7e6c6c034ba7;11.44;7.57786462;BUY
2016-03-28T14:28:47.000000;2016-03-28T14:28:47.627000;69617648-394f-4e8a-a43d-42984b43ff3f;11.44;0.98841712;BUY
2016-03-28T14:28:47.000000;2016-03-28T14:28:48.017000;b6735e1e-4fd6-4686-8cb2-b283a8908e3e;11.44;24.46593907;BUY
2016-03-28T14:28:49.000000;2016-03-28T14:28:49.243000;6a5a9a1f-d354-424c-a218-66528e605acb;11.44;24.46593892;BUY
2016-03-28T14:28:49.000000;2016-03-28T14:28:49.390000;a4af2eab-1eaa-4862-b7dd-4f5ca08807d4;11.44;0.42487869;BUY
2016-03-28T14:28:53.000000;2016-03-28T14:28:53.517000;906a105c-9874-4e65-b8f0-7fe9d747d630;11.45;24.4659389;BUY
2016-03-28T14:29:04.000000;2016-03-28T14:29:04.400000;de30e464-78af-4235-8d85-5df6584d4164;11.45;20.00007537;BUY
2016-03-28T14:29:04.000000;2016-03-28T14:29:04.403000;9d321d5e-f128-450f-819f-61c0e892d526;11.45;20.70372849;BUY
2016-03-28T14:29:05.000000;2016-03-28T14:29:05.730000;ecdedfac-f47a-4da9-9511-c1921ca72e14;11.45;20.70372849;BUY
2016-03-28T14:29:06.000000;2016-03-28T14:29:06.627000;0d8c98b7-9373-4f84-b3ad-803059b7b30d;11.45;20.70372849;BUY
2016-03-28T14:29:07.000000;2016-03-28T14:29:07.213000;ebb6112c-9f97-40c1-8f64-9b9efe0830ee;11.45;12.41881453;BUY
2016-03-28T14:29:08.000000;2016-03-28T14:29:08.493000;4cd30eca-c0e1-4ed0-90cc-0fc91c092660;11.45;20.70372849;BUY
2016-03-28T14:29:10.000000;2016-03-28T14:29:10.570000;b9624cde-8e8f-47bd-9da1-9b734056606b;11.45;4.1;BUY
2016-03-28T14:29:11.000000;2016-03-28T14:29:11.860000;0cbeb1ec-7d20-441e-a6f8-98812d3e89d3;11.45;4.30254302;BUY
2016-03-28T14:29:11.000000;2016-03-28T14:29:12.020000;6a3bd997-1c48-4976-b07d-573dda89c6ee;11.45;1.28128128;BUY
2016-03-28T14:29:18.000000;2016-03-28T14:29:18.830000;3094bac7-6328-4748-924f-5b646b7dfd0e;11.45;20.70372849;BUY
2016-03-28T14:29:19.000000;2016-03-28T14:29:19.503000;a37fc591-8d19-479d-9432-d0a72a04d03e;11.45;20.70372849;BUY
2016-03-28T14:29:20.000000;2016-03-28T14:29:20.913000;f48e063e-df11-42a5-a4ef-33fcf288bb00;11.45;0.45254302;BUY
2016-03-28T14:29:22.000000;2016-03-28T14:29:22.867000;2da9b0e0-a925-438b-8767-9c54845cd90b;11.45;20.70372849;BUY
2016-03-28T14:29:24.000000;2016-03-28T14:29:24.927000;5d67dd50-2d9d-49aa-88f8-2f51fbd386c2;11.45;20.70372849;BUY
2016-03-28T14:29:25.000000;2016-03-28T14:29:25.590000;98b2d56f-f9b7-422e-a2da-de116e6a1c8c;11.45;20.70372849;BUY
2016-03-28T14:29:26.000000;2016-03-28T14:29:26.233000;9a733698-9cfe-4ab9-a864-37fdfea0515a;11.45;2.69254302;BUY
2016-03-28T14:29:27.000000;2016-03-28T14:29:27.427000;bb4a907d-5b56-45b1-a081-cae6acb8590d;11.45;20.70372849;BUY
2016-03-28T14:29:27.000000;2016-03-28T14:29:27.963000;1de35ba0-e1b0-42de-824e-280d1475fe65;11.45;18.59135755;BUY
2016-03-28T14:29:28.000000;2016-03-28T14:29:29.023000;bdc670e0-cc25-41a8-b82c-95f3b7516a92;11.45;20.70372849;BUY
2016-03-28T14:29:29.000000;2016-03-28T14:29:29.773000;f0d59a02-afe5-461d-9c14-9701b51c4e21;11.45;4.05008109;BUY
2016-03-28T14:29:29.000000;2016-03-28T14:29:29.960000;342a2761-18b4-4361-88ad-fe7c6b78682b;11.45;0.2;BUY
2016-03-28T14:29:30.000000;2016-03-28T14:29:30.103000;dafdd51d-2445-4ba6-9538-74a3d48a8722;11.45;0.41943876;BUY
2016-03-28T14:29:31.000000;2016-03-28T14:29:31.490000;44a81ed0-4314-446a-bd5d-60f0f111dbef;11.45;20.70372849;BUY
2016-03-28T14:29:45.000000;2016-03-28T14:29:45.967000;5118e662-c07c-432d-910b-a2317a535e33;11.45;31.05559274;BUY
2016-03-28T14:30:07.000000;2016-03-28T14:30:07.230000;0f9237bb-39be-42f8-8b3f-0760a76e6530;11.45;20.70372849;BUY
2016-03-28T14:30:08.000000;2016-03-28T14:30:08.080000;35111d2f-b5b7-46e3-b181-f01ba8dac944;11.45;20.70372849;BUY
2016-03-28T14:30:08.000000;2016-03-28T14:30:08.697000;c7eac38b-2fb1-4ce3-b770-d66ae50d3701;11.45;4.33134288;BUY
2016-03-28T14:30:09.000000;2016-03-28T14:30:09.113000;08073506-98b9-4e07-aa14-ccd7bf9f6ff6;11.45;18.26627151;BUY
2016-03-28T14:30:10.000000;2016-03-28T14:30:10.917000;f11986db-a1f3-4e89-b82f-eecd7e8933b4;11.45;20.70372849;BUY
2016-03-28T14:30:14.000000;2016-03-28T14:30:14.087000;400ee5da-6f47-4de0-b322-8355392f7a15;11.45;3.003003;BUY
2016-03-28T14:30:16.000000;2016-03-28T14:30:16.480000;5f7b92d0-18a0-4489-8d0d-a056215acd44;11.45;4.31814914;BUY
2016-03-28T14:30:26.000000;2016-03-28T14:30:26.993000;2d7dbb53-4194-4d91-8644-37ddb02e50a2;11.449;7.4;SELL
2016-03-28T14:30:36.000000;2016-03-28T14:30:36.737000;f61bcc52-ab6b-491e-996b-8f8ddf14560d;11.45;13.27955106;BUY
2016-03-28T14:30:38.000000;2016-03-28T14:30:38.677000;d0ae8159-11bd-4f38-9fb7-62e2384ce172;11.45;20.38042654;BUY
2016-03-28T14:30:39.000000;2016-03-28T14:30:39.400000;551fcf64-23a0-424c-bde1-fde892fed36f;11.45;1.83511924;BUY
2016-03-28T14:30:39.000000;2016-03-28T14:30:39.420000;2e1c493e-9063-4f2f-bd55-b870bbd9c478;11.45;18.5453073;BUY
2016-03-28T14:30:40.000000;2016-03-28T14:30:40.250000;1d4a42dc-699d-4331-aa1d-cbeb8a41a680;11.45;20.38042654;BUY
2016-03-28T14:30:43.000000;2016-03-28T14:30:43.457000;5fbf8860-a213-44d8-9c2d-e5f921ec4c1a;11.45;20.38042654;BUY
2016-03-28T14:30:45.000000;2016-03-28T14:30:45.490000;5eb79f27-daa0-4bb2-88c2-93faea575cac;11.45;1.2;BUY
2016-03-28T14:30:47.000000;2016-03-28T14:30:47.790000;b2e6ef29-c519-4be3-90f5-a114a352187a;11.45;31.05559274;BUY
2016-03-28T14:30:48.000000;2016-03-28T14:30:48.833000;ae2a883a-f0b9-4c79-bf7c-72f919c30d1c;11.45;9.59505791;BUY
2016-03-28T14:30:59.000000;2016-03-28T14:30:59.617000;1c33d774-4d76-4d43-b625-f7567c3ecdd4;11.45;20.70372849;BUY
2016-03-28T14:31:00.000000;2016-03-28T14:31:00.337000;2578ba19-2f36-40ea-bfe7-d12fad92ec45;11.45;15.30627151;BUY
2016-03-28T14:31:01.000000;2016-03-28T14:31:01.797000;45ae4450-0165-457b-9b94-22abee596d9e;11.45;20.70372849;BUY
2016-03-28T14:31:02.000000;2016-03-28T14:31:02.300000;77513858-df36-406b-a500-26d6b90fc36a;11.45;15.30627151;BUY
2016-03-28T14:31:03.000000;2016-03-28T14:31:03.797000;338ccb63-9bc6-401d-8317-371a93e2c758;11.45;20.70372849;BUY
2016-03-28T14:31:05.000000;2016-03-28T14:31:05.393000;8984d4d8-8f10-4b69-9599-cca410a85a88;11.45;5.7905381;BUY
2016-03-28T14:31:07.000000;2016-03-28T14:31:07.143000;e664ba74-310e-4026-b52d-a1c2bf55a0b5;11.45;1.2;SELL
2016-03-28T14:31:08.000000;2016-03-28T14:31:08.743000;369e8fd4-7607-4a2f-a9d8-b9407561f566;11.451;6.98;BUY
2016-03-28T14:31:10.000000;2016-03-28T14:31:10.427000;b2516b9d-426d-4007-b039-31dacb7d04e6;11.46;3.55626968;BUY
2016-03-28T14:31:18.000000;2016-03-28T14:31:18.690000;4d8e3c4d-ed61-4dcd-b596-e1e6c8135d30;11.46;211.5047;BUY
2016-03-28T14:31:19.000000;2016-03-28T14:31:19.837000;9cd528b5-b942-4371-8dd6-419e131d19e7;11.452;13.7;SELL
2016-03-28T14:31:19.000000;2016-03-28T14:31:19.843000;dcd86759-41b2-4f16-94d0-d4e9163896fb;11.452;4.38802268;SELL
2016-03-28T14:32:10.000000;2016-03-28T14:32:10.730000;a72370c1-1ae8-4019-bf7c-2d5da2c6156f;11.46;0.84876182;BUY
2016-03-28T14:34:51.000000;2016-03-28T14:34:51.500000;2bbd2bab-ec44-4237-8337-8678e3e93366;11.446;1.86200101;SELL
2016-03-28T14:36:06.000000;2016-03-28T14:36:06.530000;1588e199-590b-407a-a0c0-ef7fa6558563;11.446;0.74670448;SELL
2016-03-28T14:39:57.000000;2016-03-28T14:39:57.877000;392883e9-abad-4993-9053-508d4748f5a0;11.44;3.51806227;SELL
