time_exchange;time_coinpai;guid;price;base_amount;taker_side
2016-03-28T00:00:02.000000;2016-03-28T00:00:02.000000;7f53198c-645c-42e4-ae58-e34c8eb88d04;427.34;0.36647768;UNKNOWN
2016-03-28T00:00:16.000000;2016-03-28T00:00:16.000000;ab14452f-97ef-46ed-9c16-32ec54b89b3e;427.3;1.05797889;UNKNOWN
2016-03-28T00:02:08.000000;2016-03-28T00:02:08.000000;55322d37-811a-4582-a309-3056eb7a0ee5;426.58;0.01;UNKNOWN
2016-03-28T00:03:48.000000;2016-03-28T00:03:48.000000;4ab24019-ad25-4b4d-ac5d-3e44072fa698;426.58;0.1;UNKNOWN
2016-03-28T00:03:49.000000;2016-03-28T00:03:49.000000;3e2b761d-a89f-4db6-9659-b8dc3fa830c4;426.57;0.2;UNKNOWN
2016-03-28T00:04:07.000000;2016-03-28T00:04:07.000000;38b0669c-42a8-4eef-aaa1-cbe30133de1d;426.58;0.1;UNKNOWN
2016-03-28T00:06:06.000000;2016-03-28T00:06:06.000000;795da101-a8a1-4493-ab5c-f7890f0a92a3;426.57;4.185;UNKNOWN
2016-03-28T00:07:53.000000;2016-03-28T00:07:53.000000;8e9a6ecd-ac63-4630-bf12-58941762e42f;426.57;0.20590203;UNKNOWN
2016-03-28T00:07:54.000000;2016-03-28T00:07:54.000000;0c66514f-af79-42d0-9ac3-0c9851bbcad5;426.58;0.10889748;UNKNOWN
2016-03-28T00:07:55.000000;2016-03-28T00:07:55.000000;8155ede8-949f-4195-aae9-8ea495c6f276;426.58;0.10889748;UNKNOWN
2016-03-28T00:09:12.000000;2016-03-28T00:09:12.000000;030878f9-d36a-4232-b317-b7c095284df8;426.57;0.10911816;UNKNOWN
2016-03-28T00:09:12.000000;2016-03-28T00:09:12.000000;ebc689e8-29f2-46bf-b8dc-750194f4cf21;426.57;0.10900904;UNKNOWN
2016-03-28T00:09:14.000000;2016-03-28T00:09:14.000000;70ac1452-7047-4424-ad2e-dace5d4a7ad3;426.57;0.10900904;UNKNOWN
2016-03-28T00:09:39.000000;2016-03-28T00:09:39.000000;ae672eff-12b7-4124-8a64-22174b0fbca4;426.58;0.0193;UNKNOWN
2016-03-28T00:10:56.000000;2016-03-28T00:10:56.000000;224c4142-3c5c-4dda-9331-ffaf9c711f89;426.58;7.34537754;UNKNOWN
2016-03-28T00:11:04.000000;2016-03-28T00:11:04.000000;90fba88d-e8a4-4ae1-9791-36151f19a81e;426.61;0.25;UNKNOWN
2016-03-28T00:11:34.000000;2016-03-28T00:11:34.000000;56a8dfc7-fcf5-4d35-b9ab-2d0c54114de8;426.6;0.5;UNKNOWN
2016-03-28T00:11:34.000000;2016-03-28T00:11:34.000000;f705bea1-fea5-4aa8-a69b-43e860a3ef91;426.6;0.5;UNKNOWN
2016-03-28T00:13:09.000000;2016-03-28T00:13:09.000000;65f54a21-b469-4fd9-b293-21f5ed051409;426.63;0.01;UNKNOWN
2016-03-28T00:13:15.000000;2016-03-28T00:13:15.000000;da5198c4-b58a-4c00-b1ae-898b60469d35;426.74;0.23276802;UNKNOWN
2016-03-28T00:13:22.000000;2016-03-28T00:13:22.000000;3eb69dcd-2ad0-491a-90fb-30b3bfd9a42f;426.73;3.3;UNKNOWN
2016-03-28T00:15:02.000000;2016-03-28T00:15:02.000000;a3d18ec5-97f8-4682-ac15-a8b60bcd5506;426.73;0.03870484;UNKNOWN
2016-03-28T00:15:46.000000;2016-03-28T00:15:46.000000;ac0aff84-1247-436f-a3d0-663bedcd0436;426.74;0.01;UNKNOWN
2016-03-28T00:16:02.000000;2016-03-28T00:16:02.000000;8f881d50-6906-4241-b6b6-10c8d243a67d;426.73;0.02;UNKNOWN
2016-03-28T00:16:32.000000;2016-03-28T00:16:32.000000;9d2d713b-1e38-4b8a-ae26-e304d4b958cc;426.73;0.02;UNKNOWN
2016-03-28T00:17:15.000000;2016-03-28T00:17:15.000000;0bcd2e82-d18a-4141-8f94-bdc5a2ac3a76;426.74;0.23276802;UNKNOWN
2016-03-28T00:19:30.000000;2016-03-28T00:19:30.000000;889f49d2-833d-4851-bff2-6c9a02146129;426.74;0.02;UNKNOWN
2016-03-28T00:20:31.000000;2016-03-28T00:20:31.000000;e855c678-4814-4e47-810b-b74039086439;426.74;0.02;UNKNOWN
2016-03-28T00:21:05.000000;2016-03-28T00:21:05.000000;076d0f9c-2173-49a6-9df3-ca5f8e3ba480;426.74;0.02;UNKNOWN
2016-03-28T00:22:46.000000;2016-03-28T00:22:46.000000;b30c0960-8ff6-412d-b177-1e88c07835be;426.75;2.0;UNKNOWN
2016-03-28T00:23:05.000000;2016-03-28T00:23:05.000000;6a56ff2d-b5da-467b-acdd-690030aa642c;426.74;1.0;UNKNOWN
2016-03-28T00:23:27.000000;2016-03-28T00:23:27.000000;7dbbeb36-60cc-4408-8c62-e9dfd63bbd37;426.75;0.23280703;UNKNOWN
2016-03-28T00:24:34.000000;2016-03-28T00:24:34.000000;22fc0b21-754a-4f67-b2cf-dd8d37743418;426.75;7.76719297;UNKNOWN
2016-03-28T00:24:34.000000;2016-03-28T00:24:34.000000;6bea2f6f-4e35-46b7-b665-d392aed93a23;427.07;4.52;UNKNOWN
2016-03-28T00:24:34.000000;2016-03-28T00:24:34.000000;4410d0f4-4691-450d-80a8-eb177f4a6f3d;426.75;0.01;UNKNOWN
2016-03-28T00:25:21.000000;2016-03-28T00:25:21.000000;7951921c-6028-4a58-bda0-d7d19b06e2c6;427.3;25.0;UNKNOWN
2016-03-28T00:25:21.000000;2016-03-28T00:25:21.000000;908add50-6aa4-495f-a108-7c95dac37049;427.26;4.48999293;UNKNOWN
2016-03-28T00:25:21.000000;2016-03-28T00:25:21.000000;23ec3dd8-5aa1-4c9c-aa31-94fa34c681d2;427.23;6.78;UNKNOWN
2016-03-28T00:25:25.000000;2016-03-28T00:25:25.000000;535cab7d-a029-4056-9cae-04f43a45a422;427.31;0.2884;UNKNOWN
2016-03-28T00:26:32.000000;2016-03-28T00:26:32.000000;2613be6d-1a3f-4e86-8297-ada966a3aed1;426.72;10.38404884;UNKNOWN
2016-03-28T00:26:32.000000;2016-03-28T00:26:32.000000;034f3907-3f12-4909-a377-1918cbb719e5;426.74;12.0;UNKNOWN
2016-03-28T00:26:32.000000;2016-03-28T00:26:32.000000;2257e291-aa7e-48e6-98e8-367fb902c4c8;426.79;4.52;UNKNOWN
2016-03-28T00:26:32.000000;2016-03-28T00:26:32.000000;ae9e3917-4187-4c3a-913a-145a1c355b4c;427.11;5.8423;UNKNOWN
2016-03-28T00:26:32.000000;2016-03-28T00:26:32.000000;fbefa8c2-e348-45e9-b660-2e9c3edd4eb9;426.79;11.0081;UNKNOWN
2016-03-28T00:26:32.000000;2016-03-28T00:26:32.000000;7a900b19-8131-47a4-84ba-9976eeac4fae;426.77;6.0;UNKNOWN
2016-03-28T00:26:32.000000;2016-03-28T00:26:32.000000;f1387f6f-31e3-4743-8040-da17b1e12ad5;426.74;8.94;UNKNOWN
2016-03-28T00:26:32.000000;2016-03-28T00:26:32.000000;e9a4379b-22ba-44b7-bc4e-6fd00c732a8e;426.73;6.61129516;UNKNOWN
2016-03-28T00:26:46.000000;2016-03-28T00:26:46.000000;79f2b57e-3ec9-4e61-8feb-4168a23669f5;426.57;0.47704001;UNKNOWN
2016-03-28T00:27:10.000000;2016-03-28T00:27:10.000000;c0a9525d-521b-473d-bf90-38bbe54f2b98;426.79;0.0501;UNKNOWN
2016-03-28T00:27:38.000000;2016-03-28T00:27:38.000000;67b04c9d-5a9d-44ca-8df3-8aba17b4aa25;426.61;0.7;UNKNOWN
2016-03-28T00:27:54.000000;2016-03-28T00:27:54.000000;6f417557-897c-46f6-9181-829e7c65b7b4;426.58;5.0;UNKNOWN
2016-03-28T00:27:54.000000;2016-03-28T00:27:54.000000;c4a98973-c96c-4fb3-8993-369688e993e5;426.57;27.345512;UNKNOWN
2016-03-28T00:28:26.000000;2016-03-28T00:28:26.000000;1be2aadb-02a7-458a-8a3b-3d469f0e5f09;426.59;0.25;UNKNOWN
2016-03-28T00:29:12.000000;2016-03-28T00:29:12.000000;cf9b166f-7fed-4cf6-a0bb-d53edf06a87d;426.58;4.0;UNKNOWN
2016-03-28T00:29:12.000000;2016-03-28T00:29:12.000000;a3d7e3ff-1aca-42d1-8b2f-dfcf38c1fbf5;426.57;6.602435;UNKNOWN
2016-03-28T00:29:39.000000;2016-03-28T00:29:39.000000;c7ec5f73-0ffd-45b0-9925-07a872e2cb1a;426.59;0.0501;UNKNOWN
2016-03-28T00:29:52.000000;2016-03-28T00:29:52.000000;ab4c9a4d-6775-40d5-97e0-834202299e88;426.57;21.746309;UNKNOWN
2016-03-28T00:31:02.000000;2016-03-28T00:31:02.000000;01a3a919-23e1-40f4-80b8-e2f3ae535e73;426.58;0.910341;UNKNOWN
2016-03-28T00:31:29.000000;2016-03-28T00:31:29.000000;a1957f37-ae2e-4041-81ed-e5827b9827cf;426.59;0.0501;UNKNOWN
2016-03-28T00:31:45.000000;2016-03-28T00:31:45.000000;62f2ace0-9cc1-4ff3-b7f0-726e0a1d5d8d;426.57;15.668595;UNKNOWN
2016-03-28T00:31:45.000000;2016-03-28T00:31:45.000000;415c303a-811f-4948-afd3-f2c98d80c948;426.58;4.089659;UNKNOWN
2016-03-28T00:33:22.000000;2016-03-28T00:33:22.000000;b4ce965b-1193-4a39-b093-672358af1120;425.99;3.80044724;UNKNOWN
2016-03-28T00:33:22.000000;2016-03-28T00:33:22.000000;c9c537e6-70ae-4ba3-b8df-0edfa760b5ea;426.15;12.7609;UNKNOWN
2016-03-28T00:33:22.000000;2016-03-28T00:33:22.000000;7a0400a9-d9d6-483d-8c6b-1e43902918e2;426.1;4.48883402;UNKNOWN
2016-03-28T00:33:22.000000;2016-03-28T00:33:22.000000;21e5d27b-1a32-455b-9048-d540b48de906;426.11;11.9499;UNKNOWN
2016-03-28T00:33:22.000000;2016-03-28T00:33:22.000000;02f69350-deeb-455e-bb40-3195837442a7;426.03;4.48883402;UNKNOWN
2016-03-28T00:33:22.000000;2016-03-28T00:33:22.000000;1356ff59-59d9-47bd-afa6-716af1470412;426.19;5.8432;UNKNOWN
2016-03-28T00:33:22.000000;2016-03-28T00:33:22.000000;9b0aaca5-6fb2-40c5-9988-bcb4153893bb;426.57;0.13271072;UNKNOWN
2016-03-28T00:33:39.000000;2016-03-28T00:33:39.000000;5f55f864-1a0e-41d1-8acc-3aa1ce7bb64c;426.23;5.8167;UNKNOWN
2016-03-28T00:34:11.000000;2016-03-28T00:34:11.000000;7694a415-9e11-427f-b77a-77d9587a0abe;426.21;0.02559918;UNKNOWN
2016-03-28T00:34:27.000000;2016-03-28T00:34:27.000000;51c41f1d-b121-4eb7-ba40-be24c9515d03;426.21;0.902659;UNKNOWN
2016-03-28T00:34:35.000000;2016-03-28T00:34:35.000000;f089971c-acb2-445d-8f18-2db9c524a1a4;426.03;10.6006;UNKNOWN
2016-03-28T00:34:35.000000;2016-03-28T00:34:35.000000;4daf4ad0-2d7d-40a3-99c7-80a2e2bbe0eb;426.04;5.8099;UNKNOWN
2016-03-28T00:34:35.000000;2016-03-28T00:34:35.000000;40bbbab1-c54e-4879-a8a1-4be246b25b75;426.03;13.3156;UNKNOWN
2016-03-28T00:34:44.000000;2016-03-28T00:34:44.000000;20ee3123-d857-46b2-9c4a-b0640e43b42d;425.86;10.11;UNKNOWN
2016-03-28T00:35:02.000000;2016-03-28T00:35:02.000000;4ef5769f-6ba0-49fd-9af1-f9b81b01d630;425.85;2.57995787;UNKNOWN
2016-03-28T00:35:02.000000;2016-03-28T00:35:02.000000;dca20051-de97-443a-8d36-22ade066a1ec;425.85;4.48989213;UNKNOWN
2016-03-28T00:35:02.000000;2016-03-28T00:35:02.000000;4330dad5-0416-41c8-8cea-df0559e0ab53;425.85;17.68;UNKNOWN
2016-03-28T00:35:09.000000;2016-03-28T00:35:09.000000;657d56e4-6745-4c29-acc2-2142b26bac36;426.1;0.03993084;UNKNOWN
2016-03-28T00:35:09.000000;2016-03-28T00:35:09.000000;08134d8c-4a3d-47e0-836e-6b2f2a93ae42;425.86;0.01016916;UNKNOWN
2016-03-28T00:35:40.000000;2016-03-28T00:35:40.000000;5b032ae6-f9d1-4ad1-936f-dc9247aac378;425.9;0.01;UNKNOWN
2016-03-28T00:36:16.000000;2016-03-28T00:36:16.000000;59141850-251e-49b7-8503-b8d4bc9fe849;425.89;0.50353465;UNKNOWN
2016-03-28T00:36:39.000000;2016-03-28T00:36:39.000000;836ac3f1-1e92-4720-8bb0-ffeed56aa016;425.6;0.29509549;UNKNOWN
2016-03-28T00:36:39.000000;2016-03-28T00:36:39.000000;ac0ebd01-95cf-49f9-83a5-af6e3c42fe8f;425.67;1.26;UNKNOWN
2016-03-28T00:36:39.000000;2016-03-28T00:36:39.000000;49655f8c-7f46-4fa4-abb6-310dd13a857a;425.85;5.08;UNKNOWN
2016-03-28T00:36:39.000000;2016-03-28T00:36:39.000000;5829d7ab-9a87-4a6d-9571-2987f3e19a4f;425.72;2.05;UNKNOWN
2016-03-28T00:36:39.000000;2016-03-28T00:36:39.000000;0541f31f-4278-45f9-92d1-6456bab86482;425.89;13.72536535;UNKNOWN
2016-03-28T00:36:39.000000;2016-03-28T00:36:39.000000;9db4e8a9-e864-47f1-a526-b2042e4fa322;425.84;11.1377;UNKNOWN
2016-03-28T00:36:39.000000;2016-03-28T00:36:39.000000;8f5e8c71-cb30-42a3-94c7-2a32b1544a87;425.66;4.49100116;UNKNOWN
2016-03-28T00:36:39.000000;2016-03-28T00:36:39.000000;203db08a-5c5a-4d48-842c-6455f78e5269;425.89;5.8253;UNKNOWN
2016-03-28T00:36:48.000000;2016-03-28T00:36:48.000000;93fc0a06-8acb-4b67-9ba2-0b2a479c1ddc;425.71;0.138757;UNKNOWN
2016-03-28T00:36:59.000000;2016-03-28T00:36:59.000000;9dec9e7f-188b-44eb-a480-d241b9fbe112;425.75;0.156487;UNKNOWN
2016-03-28T00:36:59.000000;2016-03-28T00:36:59.000000;20a19f38-b1a7-478b-95ae-2c28187f5760;425.89;0.05347114;UNKNOWN
2016-03-28T00:36:59.000000;2016-03-28T00:36:59.000000;af5d94f7-4c7c-4b15-a109-4bdd4578bff9;425.73;0.02394014;UNKNOWN
2016-03-28T00:37:26.000000;2016-03-28T00:37:26.000000;7e2f5b86-6775-42b6-914a-22499bd8fa08;426.28;0.0501;UNKNOWN
2016-03-28T00:37:31.000000;2016-03-28T00:37:31.000000;ccc1f78f-3647-44e6-88ba-7a5574abdaf7;426.26;0.0501;UNKNOWN
2016-03-28T00:38:10.000000;2016-03-28T00:38:10.000000;3c670a8c-8a3e-4d1b-a524-5d489c9926ef;425.72;2.487918;UNKNOWN
2016-03-28T00:39:09.000000;2016-03-28T00:39:09.000000;1813907a-d7bd-49b8-b762-c086e63fbf44;425.84;5.8885;UNKNOWN
2016-03-28T00:39:09.000000;2016-03-28T00:39:09.000000;b51aaa5d-23a4-4d48-bfe6-8d6357d8defb;425.86;11.513;UNKNOWN
2016-03-28T00:39:09.000000;2016-03-28T00:39:09.000000;b79fd552-1c75-487b-85b3-09856184ab78;425.83;7.767704;UNKNOWN
2016-03-28T00:42:09.000000;2016-03-28T00:42:09.000000;5f368ac5-04e9-481b-9b14-ed034b5e9adb;425.99;0.01467;UNKNOWN
2016-03-28T00:42:33.000000;2016-03-28T00:42:33.000000;397e9e7a-6564-426d-a567-abd1e54f3f46;425.98;0.058275;UNKNOWN
2016-03-28T00:44:27.000000;2016-03-28T00:44:27.000000;96ae04b7-56cf-4532-8113-d8fe216696cb;425.98;0.044071;UNKNOWN
2016-03-28T00:45:45.000000;2016-03-28T00:45:45.000000;70c92573-69d0-4784-8d79-3eaa6d4ea126;425.99;0.094955;UNKNOWN
2016-03-28T00:45:45.000000;2016-03-28T00:45:45.000000;28615e52-3c4f-4064-a253-6597cfbe53aa;425.99;2.0;UNKNOWN
2016-03-28T00:45:45.000000;2016-03-28T00:45:45.000000;affcbb92-de45-4ba8-a1db-9928d270a56c;425.99;0.905045;UNKNOWN
2016-03-28T00:46:04.000000;2016-03-28T00:46:04.000000;e6932c8a-4248-4043-9deb-c17e9a9fa2f3;425.98;0.105522;UNKNOWN
2016-03-28T00:46:13.000000;2016-03-28T00:46:13.000000;d614de5f-1c0a-44ab-9a09-b400cb324ccf;425.99;1.0;UNKNOWN
2016-03-28T00:46:49.000000;2016-03-28T00:46:49.000000;075fc292-7be4-404a-852b-7cf3e05a7978;425.98;0.55324554;UNKNOWN
2016-03-28T00:46:49.000000;2016-03-28T00:46:49.000000;3f68c761-1b0c-437d-b859-06aebcc233cd;425.98;4.44675446;UNKNOWN
2016-03-28T00:47:31.000000;2016-03-28T00:47:31.000000;0f1813d9-af6a-422c-a34a-fd68b610c72d;425.98;0.02445987;UNKNOWN
2016-03-28T00:47:44.000000;2016-03-28T00:47:44.000000;05b6b171-f2d1-48b9-8834-bae921ee5190;425.98;0.112941;UNKNOWN
2016-03-28T00:47:50.000000;2016-03-28T00:47:50.000000;eac775e7-8f72-40a9-ba8f-e9f53e5035b6;425.98;4.72;UNKNOWN
2016-03-28T00:47:57.000000;2016-03-28T00:47:57.000000;e7552089-6696-4b72-b730-6a23956ae1bc;425.98;0.49825053;UNKNOWN
2016-03-28T00:48:08.000000;2016-03-28T00:48:08.000000;b5bde5e6-e5be-4aef-9acf-da30b187ab17;425.98;0.017802;UNKNOWN
2016-03-28T00:48:50.000000;2016-03-28T00:48:50.000000;a696b528-368f-4c18-90a0-c1f480269af1;425.99;2.4;UNKNOWN
2016-03-28T00:48:50.000000;2016-03-28T00:48:50.000000;6ff105f3-bc28-4975-aec8-6ed46327024a;425.99;6.56037024;UNKNOWN
2016-03-28T00:49:06.000000;2016-03-28T00:49:06.000000;3b1a4180-c394-4702-bd6f-db28ea9d116c;425.99;0.18198038;UNKNOWN
2016-03-28T00:49:24.000000;2016-03-28T00:49:24.000000;afb0a679-1a7d-4774-bdab-d891406afbca;425.98;0.099471;UNKNOWN
2016-03-28T00:49:55.000000;2016-03-28T00:49:55.000000;31ec763a-b840-47d2-addf-3dde61a94dde;425.98;0.06097556;UNKNOWN
2016-03-28T00:49:57.000000;2016-03-28T00:49:57.000000;ddf1f431-bd64-4dd4-8801-0e31f26012ff;425.98;0.01232322;UNKNOWN
2016-03-28T00:49:59.000000;2016-03-28T00:49:59.000000;a0677c21-51c3-4316-b114-88e8d719d57d;425.98;0.04158242;UNKNOWN
2016-03-28T00:51:01.000000;2016-03-28T00:51:01.000000;138e682b-5740-443c-8b35-e6e92809bc77;425.98;0.050039;UNKNOWN
2016-03-28T00:52:40.000000;2016-03-28T00:52:40.000000;12fece7f-e0d5-49a7-9716-4708e95a08c4;425.99;0.01233764;UNKNOWN
2016-03-28T00:52:48.000000;2016-03-28T00:52:48.000000;2260d9b7-c6da-4dbc-a08a-edaba30fc858;425.98;0.016306;UNKNOWN
2016-03-28T00:53:22.000000;2016-03-28T00:53:22.000000;9a92df0d-cecc-443c-a108-d9c7b32a5b52;425.98;0.019131;UNKNOWN
2016-03-28T00:53:30.000000;2016-03-28T00:53:30.000000;d44ccace-cf12-4d56-a4d7-206c786e46e0;425.99;0.06516323;UNKNOWN
2016-03-28T00:53:50.000000;2016-03-28T00:53:50.000000;717c8e18-21a8-469b-b0bc-1e9c08c8c5d3;425.99;6.1311;UNKNOWN
2016-03-28T00:55:04.000000;2016-03-28T00:55:04.000000;e9a5ecd4-2242-4ddb-908c-82bc9057f764;425.98;2.0;UNKNOWN
2016-03-28T00:55:43.000000;2016-03-28T00:55:43.000000;4e949882-e000-4ccd-ba03-00b66edb198e;425.99;1.0;UNKNOWN
2016-03-28T00:55:46.000000;2016-03-28T00:55:46.000000;154a725f-3cd9-48ba-a745-584f00553ddb;425.99;1.0;UNKNOWN
2016-03-28T00:56:21.000000;2016-03-28T00:56:21.000000;64c1c2b7-2578-43ff-ac96-9e7e489725a3;425.98;0.1138082;UNKNOWN
2016-03-28T00:56:22.000000;2016-03-28T00:56:22.000000;f12bdd8b-b293-4fb6-88a5-06419eceed14;425.98;0.1330513;UNKNOWN
2016-03-28T00:56:23.000000;2016-03-28T00:56:23.000000;7152f9ba-4994-4063-a7fa-899580dd1098;425.98;0.04692558;UNKNOWN
2016-03-28T00:58:46.000000;2016-03-28T00:58:46.000000;0eadc667-9eb0-4f80-91b7-065170bb2f05;425.99;1.0;UNKNOWN
2016-03-28T00:58:56.000000;2016-03-28T00:58:56.000000;1debb358-9fa7-4168-9337-40b25b5de5e3;425.99;1.0;UNKNOWN
2016-03-28T00:59:01.000000;2016-03-28T00:59:01.000000;d69a92b4-b5a5-4976-98ea-42c718ad5961;425.99;1.0;UNKNOWN
2016-03-28T00:59:04.000000;2016-03-28T00:59:04.000000;71319040-ab73-4ed5-8786-e224fbc4700a;425.99;1.0;UNKNOWN
2016-03-28T00:59:08.000000;2016-03-28T00:59:08.000000;82069280-6552-4eaa-a7c2-5f81be80db2e;425.99;1.0;UNKNOWN
2016-03-28T00:59:11.000000;2016-03-28T00:59:11.000000;22461627-fdc5-4f09-b7b1-6188cd3ea648;425.99;1.0;UNKNOWN
2016-03-28T00:59:15.000000;2016-03-28T00:59:15.000000;050b29c0-0ec9-4420-9811-0bca36aa0e57;425.99;1.48711;UNKNOWN
2016-03-28T00:59:24.000000;2016-03-28T00:59:24.000000;482720dd-aea9-4b66-b60e-f9283610040a;425.99;1.0;UNKNOWN
2016-03-28T00:59:29.000000;2016-03-28T00:59:29.000000;84b81341-8f26-4599-b016-9d283c49a776;425.99;1.0;UNKNOWN
2016-03-28T00:59:33.000000;2016-03-28T00:59:33.000000;8b077387-fba6-4c28-a100-3952f93044da;425.99;1.0;UNKNOWN
2016-03-28T00:59:37.000000;2016-03-28T00:59:37.000000;34130da5-3a4e-40ab-bb8d-4583d740570c;425.99;1.0;UNKNOWN
2016-03-28T00:59:40.000000;2016-03-28T00:59:40.000000;2cfc807a-56b6-4159-aa23-bdd69d3ef92f;425.99;0.77463851;UNKNOWN
2016-03-28T00:59:40.000000;2016-03-28T00:59:40.000000;2a9ddac6-32a1-49ba-a5b2-da9a8ba15055;425.99;0.22536149;UNKNOWN
2016-03-28T00:59:46.000000;2016-03-28T00:59:46.000000;6d9a99ab-3210-4bad-aac9-7da2a07f614e;425.99;1.0;UNKNOWN
2016-03-28T00:59:50.000000;2016-03-28T00:59:50.000000;39130775-6cd6-4a9f-864f-f086c4e7b5c8;426.0;1.0;UNKNOWN
2016-03-28T01:00:02.000000;2016-03-28T01:00:02.000000;e2e811f8-0ff2-4683-9cf2-56190352ba5f;425.98;1.1364161;UNKNOWN
2016-03-28T01:00:03.000000;2016-03-28T01:00:03.000000;bb115246-120a-49d2-a2b5-4d962748f16f;426.0;1.0;UNKNOWN
2016-03-28T01:00:08.000000;2016-03-28T01:00:08.000000;5c11af99-f84b-4406-8ebf-ae2d0c05ea3f;425.99;1.0;UNKNOWN
2016-03-28T01:00:11.000000;2016-03-28T01:00:11.000000;75469ffd-c27a-4178-8f01-a5957a951cf5;425.99;1.0;UNKNOWN
2016-03-28T01:00:12.000000;2016-03-28T01:00:12.000000;32b37490-c5af-44ad-9304-d9eabb0f0dc3;425.99;0.04239876;UNKNOWN
2016-03-28T01:00:15.000000;2016-03-28T01:00:15.000000;300dda80-7c08-4235-bde2-e7e7174561b6;425.99;1.0;UNKNOWN
2016-03-28T01:00:20.000000;2016-03-28T01:00:20.000000;0511d36a-2ae4-4af0-99f8-1d7a57ef3f93;425.99;1.0;UNKNOWN
2016-03-28T01:00:23.000000;2016-03-28T01:00:23.000000;c0c308c3-2b2e-4402-acd5-b4b170803dac;425.99;1.0;UNKNOWN
2016-03-28T01:00:27.000000;2016-03-28T01:00:27.000000;ee215798-b67a-4914-a04d-b82e6551c088;425.99;0.682155;UNKNOWN
2016-03-28T01:00:31.000000;2016-03-28T01:00:31.000000;5d45989d-dae9-4a0b-ab8c-f4c401723435;425.99;1.0;UNKNOWN
2016-03-28T01:00:37.000000;2016-03-28T01:00:37.000000;cce5d089-4336-48e8-8f31-71e645b60bb3;425.99;1.0;UNKNOWN
2016-03-28T01:01:50.000000;2016-03-28T01:01:50.000000;d846105a-63a3-4c5a-8382-e591b5ddc45c;425.98;1.9485;UNKNOWN
2016-03-28T01:02:33.000000;2016-03-28T01:02:33.000000;1d6222ac-8f26-42fc-ba45-45cc9833f60d;425.98;0.037165;UNKNOWN
2016-03-28T01:04:07.000000;2016-03-28T01:04:07.000000;1d782085-ae4c-48de-8792-c32da6d55d1b;425.98;0.0192431;UNKNOWN
2016-03-28T01:04:07.000000;2016-03-28T01:04:07.000000;227e67a0-d266-4427-b709-66923099b13d;425.98;0.019287;UNKNOWN
2016-03-28T01:04:45.000000;2016-03-28T01:04:45.000000;11eede93-a7e1-4dbe-bfe1-a93185f29752;425.98;1.0;UNKNOWN
2016-03-28T01:04:50.000000;2016-03-28T01:04:50.000000;094529f8-a3be-4ef8-9619-c3768d00e5a5;425.98;0.1177586;UNKNOWN
2016-03-28T01:04:54.000000;2016-03-28T01:04:54.000000;9814a79f-ef76-4c32-9c33-907cc62a1d03;425.98;0.13580249;UNKNOWN
2016-03-28T01:05:20.000000;2016-03-28T01:05:20.000000;0b9c8e18-8fef-43e3-92a5-b08642288d97;425.98;1.74611274;UNKNOWN
2016-03-28T01:05:42.000000;2016-03-28T01:05:42.000000;d18fa54a-7823-42ce-9625-7648c7c8d0f0;425.98;0.012911;UNKNOWN
2016-03-28T01:06:18.000000;2016-03-28T01:06:18.000000;38712598-ccdd-41ed-ad8a-aa10a3e513b8;425.98;3.33736933;UNKNOWN
2016-03-28T01:06:40.000000;2016-03-28T01:06:40.000000;b47b1e76-8d71-4451-b177-a7f9447987b7;425.98;0.0624;UNKNOWN
2016-03-28T01:07:07.000000;2016-03-28T01:07:07.000000;f08b111d-4b9b-4f93-b498-c4c68df4f09e;425.98;0.07780646;UNKNOWN
2016-03-28T01:07:18.000000;2016-03-28T01:07:18.000000;a4976d88-e059-4371-b8d1-60ea3802db3b;425.98;0.024809;UNKNOWN
2016-03-28T01:07:39.000000;2016-03-28T01:07:39.000000;97003e9e-7b72-4ca9-a62a-1a060f13ff9a;425.98;0.0621;UNKNOWN
2016-03-28T01:08:52.000000;2016-03-28T01:08:52.000000;110fba4a-e7ab-45be-969d-768dc6d2c0a6;425.98;0.013411;UNKNOWN
2016-03-28T01:09:43.000000;2016-03-28T01:09:43.000000;5963439e-fcf7-467a-889f-add60edb56da;425.98;0.015392;UNKNOWN
2016-03-28T01:10:11.000000;2016-03-28T01:10:11.000000;27109bc6-490b-4414-af71-c26c0d184924;425.99;0.08999631;UNKNOWN
2016-03-28T01:10:11.000000;2016-03-28T01:10:11.000000;93554227-2285-4223-aeb4-28ea7d4d7b7d;426.0;0.08990421;UNKNOWN
2016-03-28T01:10:47.000000;2016-03-28T01:10:47.000000;a9d0282e-2fb2-41a8-b25d-92a5d7fe097d;425.98;0.0577731;UNKNOWN
2016-03-28T01:10:48.000000;2016-03-28T01:10:48.000000;2be12901-7208-4313-b1d3-e9e1c03108fb;426.0;0.05770711;UNKNOWN
2016-03-28T01:13:07.000000;2016-03-28T01:13:07.000000;04216ab9-df50-47df-9d4f-70cb76e4ca58;425.99;0.1;UNKNOWN
2016-03-28T01:13:07.000000;2016-03-28T01:13:07.000000;1f384b54-5e6d-4f17-8865-e1b38830ac7c;425.99;0.25;UNKNOWN
2016-03-28T01:13:45.000000;2016-03-28T01:13:45.000000;3ebc9f20-ab9f-4579-9e0d-7797ff8d869e;425.99;0.1;UNKNOWN
2016-03-28T01:14:01.000000;2016-03-28T01:14:01.000000;e346d6fe-97d7-4d32-87c2-c4bff16a3c62;425.98;17.29010668;UNKNOWN
2016-03-28T01:14:01.000000;2016-03-28T01:14:01.000000;3c2ddbdf-c73e-4da7-8e66-464beb7d09d6;425.98;11.65543086;UNKNOWN
2016-03-28T01:14:01.000000;2016-03-28T01:14:01.000000;afe87d79-2ddf-4895-9edc-0ee193298063;425.98;3.0;UNKNOWN
2016-03-28T01:14:01.000000;2016-03-28T01:14:01.000000;5ac7e52f-dc33-407a-8454-591e942929c9;425.98;5.8559;UNKNOWN
2016-03-28T01:14:01.000000;2016-03-28T01:14:01.000000;d660efa0-dcc2-4b60-a101-5a4ad2bbf22f;425.98;0.1;UNKNOWN
2016-03-28T01:14:52.000000;2016-03-28T01:14:52.000000;87a0dcdf-ec72-479d-bb9a-e7ba243f890c;425.52;3.1765;UNKNOWN
2016-03-28T01:14:52.000000;2016-03-28T01:14:52.000000;cb0ddcf9-1edc-4733-8f30-16056607475a;425.72;12.7545;UNKNOWN
2016-03-28T01:14:52.000000;2016-03-28T01:14:52.000000;eddb7b2d-2a39-48b6-a236-3f3638e381bd;425.9;0.25;UNKNOWN
2016-03-28T01:14:52.000000;2016-03-28T01:14:52.000000;ab2e3331-787e-4c53-9744-361a2defdf3e;425.58;12.1818;UNKNOWN
2016-03-28T01:14:52.000000;2016-03-28T01:14:52.000000;ae50ed0e-2f2e-4de3-8196-f7d41a03c975;425.73;4.52;UNKNOWN
2016-03-28T01:14:52.000000;2016-03-28T01:14:52.000000;cc551c53-4a76-4b12-ac69-6fe4e9fd6811;425.9;0.25;UNKNOWN
2016-03-28T01:14:52.000000;2016-03-28T01:14:52.000000;d2293d15-e11d-45e0-9c28-5aa8173f4a63;425.93;1.0;UNKNOWN
2016-03-28T01:14:52.000000;2016-03-28T01:14:52.000000;7f2231ea-c3ab-4eab-9d4b-b5aaecababf9;425.74;5.8672;UNKNOWN
2016-03-28T01:16:03.000000;2016-03-28T01:16:03.000000;f8796a4a-731a-4beb-967f-25331012a480;425.7;0.1;UNKNOWN
2016-03-28T01:18:53.000000;2016-03-28T01:18:53.000000;50ea7ea3-2910-4105-b0a1-37daa6dc9ce8;425.52;0.01239;UNKNOWN
2016-03-28T01:19:12.000000;2016-03-28T01:19:12.000000;0d959ca6-5341-4755-adb1-ca3c4af6f967;425.52;0.03570332;UNKNOWN
2016-03-28T01:19:38.000000;2016-03-28T01:19:38.000000;795426b0-6f0e-430d-9ab2-e885d4247c2b;425.52;1.0;UNKNOWN
2016-03-28T01:21:11.000000;2016-03-28T01:21:11.000000;4d80b099-9816-4cd6-91c5-7a12aeb547d8;425.53;1.0;UNKNOWN
2016-03-28T01:22:04.000000;2016-03-28T01:22:04.000000;22acab98-0ee4-4c5d-ac09-8502a58f4419;425.54;0.2;UNKNOWN
2016-03-28T01:22:13.000000;2016-03-28T01:22:13.000000;79c15609-a604-4f1a-898b-d80749a6ae23;425.59;0.01475;UNKNOWN
2016-03-28T01:22:39.000000;2016-03-28T01:22:39.000000;1a5d26d4-f665-476a-af03-ae34105ae6d7;425.76;0.5;UNKNOWN
2016-03-28T01:22:39.000000;2016-03-28T01:22:39.000000;35cfae4d-cdc3-4bf8-a991-39d4df0c15e8;425.76;3.0;UNKNOWN
2016-03-28T01:22:39.000000;2016-03-28T01:22:39.000000;69bb6a8b-c853-4f2a-850b-1823972e57d3;425.77;7.9255;UNKNOWN
2016-03-28T01:25:06.000000;2016-03-28T01:25:06.000000;19ee859f-9d89-4437-8eb5-2f6ca7ad433f;425.85;0.01408458;UNKNOWN
2016-03-28T01:26:31.000000;2016-03-28T01:26:31.000000;13f2b4ac-451e-4367-a607-4b5364f3a831;425.83;0.5;UNKNOWN
2016-03-28T01:26:31.000000;2016-03-28T01:26:31.000000;908373af-f451-40e3-b99c-62eeec9c9299;425.8;0.2;UNKNOWN
2016-03-28T01:26:31.000000;2016-03-28T01:26:31.000000;c41a7165-95a6-4587-898a-1d30cc742458;425.84;1.9;UNKNOWN
2016-03-28T01:27:56.000000;2016-03-28T01:27:56.000000;6f839c94-a511-4561-808a-0a7f6bd92956;425.78;2.0;UNKNOWN
2016-03-28T01:28:13.000000;2016-03-28T01:28:13.000000;e6569dc8-3809-466d-aa79-b296848d844d;425.78;0.07;UNKNOWN
2016-03-28T01:29:17.000000;2016-03-28T01:29:17.000000;a16a7084-7a2f-4f7a-b0d4-c45cd6771bd9;425.95;0.5;UNKNOWN
2016-03-28T01:29:57.000000;2016-03-28T01:29:57.000000;58c5d48d-5d84-4a0e-ab1b-4733855a390c;425.86;2.2802;UNKNOWN
2016-03-28T01:29:57.000000;2016-03-28T01:29:57.000000;393c4d86-c50f-426e-bd79-dcd5e8042f55;425.85;4.02;UNKNOWN
2016-03-28T01:30:05.000000;2016-03-28T01:30:05.000000;be176bc7-b7f1-4ff0-b49e-13872969e11a;425.97;1.0;UNKNOWN
2016-03-28T01:30:38.000000;2016-03-28T01:30:38.000000;fdd252f4-5ab3-476d-b68e-bedf6820ba63;425.95;0.5;UNKNOWN
2016-03-28T01:30:38.000000;2016-03-28T01:30:38.000000;5456a189-d11e-49fa-8d43-4287bfc0bc4a;425.98;3.5713;UNKNOWN
2016-03-28T01:30:38.000000;2016-03-28T01:30:38.000000;7ac7b7db-0b47-400d-b463-97a8a2532e88;425.96;3.0;UNKNOWN
2016-03-28T01:30:38.000000;2016-03-28T01:30:38.000000;8cbdfa36-9f96-4ebb-9425-00241599856d;425.97;7.9287;UNKNOWN
2016-03-28T01:36:27.000000;2016-03-28T01:36:27.000000;a3987489-ee02-4133-a261-a860792c7463;425.92;5.837;UNKNOWN
2016-03-28T01:36:27.000000;2016-03-28T01:36:27.000000;799b4eb0-03c6-4f43-b590-20bb88872ffd;425.91;12.8919;UNKNOWN
2016-03-28T01:36:27.000000;2016-03-28T01:36:27.000000;0982f515-2553-4abf-ad35-994ef9d3f137;425.93;12.9238;UNKNOWN
2016-03-28T01:36:27.000000;2016-03-28T01:36:27.000000;84540e3f-2602-42df-a046-31223e86a494;425.73;4.5;UNKNOWN
2016-03-28T01:36:27.000000;2016-03-28T01:36:27.000000;67d3e336-5b83-42dd-a96f-d6ae25ee1796;425.73;13.8473;UNKNOWN
2016-03-28T01:42:06.000000;2016-03-28T01:42:06.000000;933c718e-b9b2-440d-940c-378bcb90a2d1;425.87;0.07739845;UNKNOWN
2016-03-28T01:42:06.000000;2016-03-28T01:42:06.000000;66aa6d58-13b2-4cee-9d75-01c5d037574a;425.87;0.5;UNKNOWN
2016-03-28T01:43:35.000000;2016-03-28T01:43:35.000000;4b5af85f-76e7-4c5a-9ad0-ba56078c7860;425.87;4.5;UNKNOWN
2016-03-28T01:43:35.000000;2016-03-28T01:43:35.000000;0a69b838-c76a-4f57-b71c-cf5edd1a7bba;425.95;4.01599845;UNKNOWN
2016-03-28T01:43:35.000000;2016-03-28T01:43:35.000000;04a4698f-2636-43e7-8c0b-ebeadf76e174;425.87;1.48400155;UNKNOWN
2016-03-28T01:43:56.000000;2016-03-28T01:43:56.000000;c8dcb0df-5ed0-4d08-86d6-27c8cf9cbde9;425.97;2.4;UNKNOWN
2016-03-28T01:47:09.000000;2016-03-28T01:47:09.000000;9106a887-f183-4917-b5c2-09f2d5647a57;425.98;0.039;UNKNOWN
2016-03-28T01:47:22.000000;2016-03-28T01:47:22.000000;55947bfe-a70a-41c9-9d70-f47e6a2ec7ec;425.97;1.37;UNKNOWN
2016-03-28T01:49:08.000000;2016-03-28T01:49:08.000000;da2ee42f-ad8b-4fc5-87b0-7855e218d0e9;425.98;4.6833;UNKNOWN
2016-03-28T01:49:36.000000;2016-03-28T01:49:36.000000;727d1ee4-e9e7-40a6-80f7-8c8d7ba2f5b8;425.98;0.065;UNKNOWN
2016-03-28T01:50:08.000000;2016-03-28T01:50:08.000000;e3f671e6-ea96-4bb5-a03a-205180e5b55f;425.97;0.64443105;UNKNOWN
2016-03-28T01:50:47.000000;2016-03-28T01:50:47.000000;9a0b7f8e-e9c7-4abc-ac9e-1a92accfa9bc;425.97;0.07724708;UNKNOWN
2016-03-28T01:50:48.000000;2016-03-28T01:50:48.000000;cc94d0d6-1e1a-4789-9892-098bf85bc4a9;425.97;0.39130891;UNKNOWN
2016-03-28T01:50:48.000000;2016-03-28T01:50:48.000000;921f83ca-32da-461e-bbef-2b9022bc7de7;425.97;0.10355023;UNKNOWN
2016-03-28T01:52:35.000000;2016-03-28T01:52:35.000000;e2802b82-b422-4093-a6ac-25e867d1ab80;425.97;28.84364;UNKNOWN
2016-03-28T01:52:50.000000;2016-03-28T01:52:50.000000;74783e70-ca56-4bdd-b279-8b526b8692b3;425.97;5.09;UNKNOWN
2016-03-28T01:54:09.000000;2016-03-28T01:54:09.000000;e8a9571b-5cd5-4cb5-8b1a-677ca1b41684;425.97;20.0;UNKNOWN
2016-03-28T01:54:46.000000;2016-03-28T01:54:46.000000;d3c8f0a8-da48-4f72-bf72-863b97b7e94c;425.97;0.584828;UNKNOWN
2016-03-28T01:54:50.000000;2016-03-28T01:54:50.000000;cf2c90f6-c9ab-4a86-8308-46584c62b26e;425.98;2.5442;UNKNOWN
2016-03-28T01:57:05.000000;2016-03-28T01:57:05.000000;f4580fd0-6898-4deb-9c94-d6631630cf5c;425.97;0.14898811;UNKNOWN
2016-03-28T01:57:28.000000;2016-03-28T01:57:28.000000;4159d8ed-0a65-4dd1-a0da-550233841f53;425.98;10.5753;UNKNOWN
2016-03-28T01:59:12.000000;2016-03-28T01:59:12.000000;846a0b1e-ac1f-4e44-9fe7-48edcfef10e4;425.98;1.2266;UNKNOWN
2016-03-28T01:59:12.000000;2016-03-28T01:59:12.000000;e746b22f-95cd-46c4-a871-08c9c601f837;425.98;5.8159;UNKNOWN
2016-03-28T01:59:12.000000;2016-03-28T01:59:12.000000;158cf6ea-9774-4a43-9437-f95968e18b7c;425.98;4.4305;UNKNOWN
2016-03-28T02:01:03.000000;2016-03-28T02:01:03.000000;f42825d3-96c4-42ae-8667-ce1f19b9bf91;425.98;0.0499;UNKNOWN
2016-03-28T02:01:03.000000;2016-03-28T02:01:03.000000;455d5a1f-c2d2-4adb-9f2c-ffbc032cc8bf;425.98;2.4501;UNKNOWN
2016-03-28T02:04:38.000000;2016-03-28T02:04:38.000000;816c5494-c31c-4271-90a9-ca529eec152f;425.97;16.70608811;UNKNOWN
2016-03-28T02:04:38.000000;2016-03-28T02:04:38.000000;d1360a2e-ad49-479a-b4d8-64ac70d4c4e8;425.97;27.6224;UNKNOWN
2016-03-28T02:04:38.000000;2016-03-28T02:04:38.000000;f16949fd-e949-4297-bb21-96d6aa17a3fe;425.97;5.67151189;UNKNOWN
2016-03-28T02:05:34.000000;2016-03-28T02:05:34.000000;9ddde492-d767-44c4-8f51-d01be0e51d54;425.98;0.04855895;UNKNOWN
2016-03-28T02:05:38.000000;2016-03-28T02:05:38.000000;73d12b5b-6a16-4252-9a67-05223f398c28;425.98;5.8811;UNKNOWN
2016-03-28T02:05:39.000000;2016-03-28T02:05:39.000000;9000020b-89cc-452b-b9c2-9ac9ef7a3f1f;425.98;0.04855895;UNKNOWN
2016-03-28T02:06:03.000000;2016-03-28T02:06:03.000000;10df7101-ec34-4179-9702-417b5167a031;425.95;0.25;UNKNOWN
2016-03-28T02:06:03.000000;2016-03-28T02:06:03.000000;22b6a678-d5ec-49e6-aa74-2bf765eda741;425.95;0.14931459;UNKNOWN
2016-03-28T02:06:03.000000;2016-03-28T02:06:03.000000;211837d6-b53a-48f4-abef-de68bd07010e;425.95;0.02495833;UNKNOWN
2016-03-28T02:06:03.000000;2016-03-28T02:06:03.000000;750c6076-39be-47a1-870f-ab7abd39c75b;425.95;0.32308938;UNKNOWN
2016-03-28T02:06:04.000000;2016-03-28T02:06:04.000000;7ac7a6b2-6ed0-48cb-ac6b-6903d2dfc724;425.95;0.12479459;UNKNOWN
2016-03-28T02:06:11.000000;2016-03-28T02:06:11.000000;b38cb935-6e02-4b47-8767-ad51cf0581c6;425.95;0.18475344;UNKNOWN
2016-03-28T02:06:11.000000;2016-03-28T02:06:11.000000;6c10e852-97eb-4705-ba97-0aef924b9371;425.95;0.19307237;UNKNOWN
2016-03-28T02:06:13.000000;2016-03-28T02:06:13.000000;a1184648-0748-4932-8615-9d1778587b09;425.95;1.73e-05;UNKNOWN
2016-03-28T02:06:13.000000;2016-03-28T02:06:13.000000;4d685914-b84f-4df0-9975-1ffbf84d737c;425.95;0.034481;UNKNOWN
2016-03-28T02:06:30.000000;2016-03-28T02:06:30.000000;93b45c04-9e18-4640-8048-68df2bee200b;425.96;0.0293;UNKNOWN
2016-03-28T02:08:20.000000;2016-03-28T02:08:20.000000;4f7fbf69-2021-4a1f-9eb0-f2bec26d814f;425.98;0.2641776;UNKNOWN
2016-03-28T02:08:20.000000;2016-03-28T02:08:20.000000;ace8b91d-6a74-463e-a544-9c26b700eb03;425.98;0.36206485;UNKNOWN
2016-03-28T02:08:46.000000;2016-03-28T02:08:46.000000;c9aa52ec-e5b4-4759-9578-b24b7a287d09;425.99;0.95;UNKNOWN
2016-03-28T02:08:46.000000;2016-03-28T02:08:46.000000;49ea87f6-69f7-4536-a61e-3ce613a6bbba;425.99;0.05;UNKNOWN
2016-03-28T02:08:47.000000;2016-03-28T02:08:47.000000;b013f3a2-261e-472a-93b1-b2285b96ed58;425.99;1.0;UNKNOWN
2016-03-28T02:08:47.000000;2016-03-28T02:08:47.000000;0650a9e0-3755-474e-b84f-5a91c29bff0a;425.99;1.0;UNKNOWN
2016-03-28T02:09:02.000000;2016-03-28T02:09:02.000000;fe80dea6-27c8-44b0-b0d4-797e21acab59;425.99;1.0;UNKNOWN
2016-03-28T02:09:03.000000;2016-03-28T02:09:03.000000;4aeef344-9a7d-4b94-996a-682746a3d064;425.99;0.1294;UNKNOWN
2016-03-28T02:09:03.000000;2016-03-28T02:09:03.000000;329c23fd-1202-4e55-9866-f497c033ae3e;425.99;0.8706;UNKNOWN
2016-03-28T02:09:06.000000;2016-03-28T02:09:06.000000;0a3eeb82-3140-42d9-9d40-c158baf3f2c8;426.0;1.0;UNKNOWN
2016-03-28T02:09:31.000000;2016-03-28T02:09:31.000000;3f0750fe-200a-41a6-bf6f-a0c650764004;425.99;1.8206;UNKNOWN
2016-03-28T02:10:01.000000;2016-03-28T02:10:01.000000;c9b9747c-fa99-401d-b17f-0c6cfc0e83f4;425.99;0.69925345;UNKNOWN
2016-03-28T02:10:03.000000;2016-03-28T02:10:03.000000;3ca16103-af8c-4e42-ab1c-c7e0d7c150d8;425.99;0.05369966;UNKNOWN
2016-03-28T02:10:05.000000;2016-03-28T02:10:05.000000;29e8ace1-2d01-445f-af6b-a04235edcbde;426.0;0.14078094;UNKNOWN
2016-03-28T02:10:51.000000;2016-03-28T02:10:51.000000;eee01ada-3240-4914-8568-d3b26649a399;425.95;0.0323;UNKNOWN
2016-03-28T02:10:59.000000;2016-03-28T02:10:59.000000;d8db377a-e20a-4000-a31a-086d362ae8a3;425.94;0.95110899;UNKNOWN
2016-03-28T02:12:13.000000;2016-03-28T02:12:13.000000;9569efc9-d6f4-4fcc-b202-5fba852debe2;426.0;0.140864;UNKNOWN
2016-03-28T02:15:05.000000;2016-03-28T02:15:05.000000;c76ddecc-7179-4900-bf3a-74c782b7afed;426.0;8.57074374;UNKNOWN
2016-03-28T02:15:05.000000;2016-03-28T02:15:05.000000;e6ba0dd2-e25e-494b-b710-882504295a56;426.0;1.42925626;UNKNOWN
2016-03-28T02:15:39.000000;2016-03-28T02:15:39.000000;16ad35e2-d665-4f14-af24-474a2bad6046;426.21;1.13295297;UNKNOWN
2016-03-28T02:15:40.000000;2016-03-28T02:15:40.000000;f5cc780a-9583-4f40-9b01-933e3e41e9c1;426.21;0.019269;UNKNOWN
2016-03-28T02:17:05.000000;2016-03-28T02:17:05.000000;138bebbc-8550-4eba-ac79-c8e067c01190;426.23;0.79;UNKNOWN
2016-03-28T02:17:23.000000;2016-03-28T02:17:23.000000;78af74a7-8c7f-445c-bd1e-5de3987d1b47;426.22;0.016368;UNKNOWN
2016-03-28T02:17:56.000000;2016-03-28T02:17:56.000000;f4e51356-f8bc-40fc-b462-769296e8b758;426.23;6.29309163;UNKNOWN
2016-03-28T02:17:56.000000;2016-03-28T02:17:56.000000;bb117851-4c97-4775-aad1-4d3196860759;426.23;3.70690837;UNKNOWN
2016-03-28T02:18:17.000000;2016-03-28T02:18:17.000000;7ba89677-995b-4dd8-bb46-d073efbe0693;426.22;0.40873838;UNKNOWN
2016-03-28T02:19:22.000000;2016-03-28T02:19:22.000000;e6b3ccd9-85a7-451a-9bca-a8661aa93900;426.22;0.010323;UNKNOWN
2016-03-28T02:19:24.000000;2016-03-28T02:19:24.000000;15688762-328e-4374-8e3b-16f8f8776a86;426.22;0.08680522;UNKNOWN
2016-03-28T02:21:04.000000;2016-03-28T02:21:04.000000;a24ec5a5-0132-4586-888a-820e28923ed4;426.22;0.06051256;UNKNOWN
2016-03-28T02:21:05.000000;2016-03-28T02:21:05.000000;1e462184-d08a-4be6-9b30-2c81b0566a7d;426.22;0.08948226;UNKNOWN
2016-03-28T02:21:33.000000;2016-03-28T02:21:33.000000;b5a454d6-d98c-4af8-8a9d-36d4812c935c;426.22;0.06405255;UNKNOWN
2016-03-28T02:21:33.000000;2016-03-28T02:21:33.000000;a7524c02-96cc-4e7a-ae13-4692b6d0367a;426.22;0.02512953;UNKNOWN
2016-03-28T02:21:33.000000;2016-03-28T02:21:33.000000;5cf30e37-335a-4333-b8f4-b677dd0f03ab;426.23;0.03874475;UNKNOWN
2016-03-28T02:21:34.000000;2016-03-28T02:21:34.000000;f471f685-1af0-4bfc-b6e9-17b2d834ba26;426.22;0.02512953;UNKNOWN
2016-03-28T02:21:36.000000;2016-03-28T02:21:36.000000;179f3e1f-8fe5-43b4-8b93-a78d6d61e8a0;426.22;0.01159843;UNKNOWN
2016-03-28T02:21:37.000000;2016-03-28T02:21:37.000000;8ccbb6c0-f9f1-4da0-a6e1-a3fe31ef9ab0;426.22;0.01351948;UNKNOWN
2016-03-28T02:22:42.000000;2016-03-28T02:22:42.000000;a3ea8a4a-469e-42bf-b610-e0d8aa6778c8;426.05;0.013028;UNKNOWN
2016-03-28T02:23:05.000000;2016-03-28T02:23:05.000000;a89c674c-be74-4f09-a27e-9adb22513b42;426.1;0.2043568;UNKNOWN
2016-03-28T02:23:05.000000;2016-03-28T02:23:05.000000;23a72c79-5eeb-43d7-a4fe-082ef7478a04;426.1;0.5;UNKNOWN
2016-03-28T02:28:18.000000;2016-03-28T02:28:18.000000;eb132a19-7325-4e08-8c88-e95c051b3fb8;426.2;5.0;UNKNOWN
2016-03-28T02:29:03.000000;2016-03-28T02:29:03.000000;e5cdf459-d599-48c8-8818-20f2f2e24c62;426.1;5.8103;UNKNOWN
2016-03-28T02:29:03.000000;2016-03-28T02:29:03.000000;8a09b534-0aaa-4921-a1dc-c9753146fbb4;426.2;25.11735101;UNKNOWN
2016-03-28T02:29:03.000000;2016-03-28T02:29:03.000000;5b4e0a47-1fb1-4ec7-8f73-42544cf6db7f;426.0;10.0;UNKNOWN
2016-03-28T02:30:24.000000;2016-03-28T02:30:24.000000;97153fd0-1bfa-46e2-a483-a645e4c8cf62;426.02;0.01;UNKNOWN
2016-03-28T02:30:24.000000;2016-03-28T02:30:24.000000;a4af1ca6-9c69-4b4e-bc1a-fb4a23d2343b;425.99;0.0459538;UNKNOWN
2016-03-28T02:31:10.000000;2016-03-28T02:31:10.000000;c4b3dce2-9aa1-461e-a4f3-d2896319a9ec;426.11;0.5;UNKNOWN
2016-03-28T02:31:36.000000;2016-03-28T02:31:36.000000;7802c522-c956-481e-850a-93b80dd7f703;425.9;0.25;UNKNOWN
2016-03-28T02:31:36.000000;2016-03-28T02:31:36.000000;ad46c3b3-3cda-44f2-ab1f-3f22bb4845b8;426.0;5.8759;UNKNOWN
2016-03-28T02:31:36.000000;2016-03-28T02:31:36.000000;cb018d19-7f46-4541-b070-0e7ee21cb809;425.99;9.9540462;UNKNOWN
2016-03-28T02:31:36.000000;2016-03-28T02:31:36.000000;30d95b4a-2fc6-4b6f-8cb6-485e5f13dd14;425.72;3.9200538;UNKNOWN
2016-03-28T02:32:05.000000;2016-03-28T02:32:05.000000;4fc387cb-ccd1-429c-ae84-b28c6f3e61d8;426.06;0.01;UNKNOWN
2016-03-28T02:32:05.000000;2016-03-28T02:32:05.000000;bd96b582-4d62-4f89-88f6-ebecef324363;425.73;0.00785;UNKNOWN
2016-03-28T02:33:31.000000;2016-03-28T02:33:31.000000;1ebb660a-b260-4982-8916-f8135f93c3d9;425.76;3.75664;UNKNOWN
2016-03-28T02:33:58.000000;2016-03-28T02:33:58.000000;de475257-1357-456f-ad8c-118bc9e25ec0;425.75;0.65769;UNKNOWN
2016-03-28T02:37:09.000000;2016-03-28T02:37:09.000000;8f9556cb-5d91-438b-89e3-56db62a703df;425.75;1.8;UNKNOWN
2016-03-28T02:37:20.000000;2016-03-28T02:37:20.000000;25de10a6-27e5-4452-9f88-5c0fc6ae9619;425.78;0.5;UNKNOWN
2016-03-28T02:38:13.000000;2016-03-28T02:38:13.000000;8b1b5e44-36d4-49bf-84d7-663e74467566;425.78;2.33323218;UNKNOWN
2016-03-28T02:38:13.000000;2016-03-28T02:38:13.000000;95b46758-ca35-4bad-9e1d-36a097af286d;425.78;0.5;UNKNOWN
2016-03-28T02:38:59.000000;2016-03-28T02:38:59.000000;28a2d854-610c-4a85-b305-caa610021bbc;425.79;1.0042864;UNKNOWN
2016-03-28T02:39:07.000000;2016-03-28T02:39:07.000000;c446d501-d07d-4c32-92be-db5fa44a3201;425.77;0.2779108;UNKNOWN
2016-03-28T02:39:08.000000;2016-03-28T02:39:08.000000;2ea7a9ab-4a9d-4484-bedb-14c7ea2367b6;425.79;1.0042864;UNKNOWN
2016-03-28T02:39:16.000000;2016-03-28T02:39:16.000000;0f8d7dc4-9afc-4367-ab1b-53497b3205c7;425.79;1.852814;UNKNOWN
2016-03-28T02:39:32.000000;2016-03-28T02:39:32.000000;11ed667d-52be-40c1-a711-7af6f446bc6e;425.76;0.124514;UNKNOWN
2016-03-28T02:39:32.000000;2016-03-28T02:39:32.000000;3a8f9d84-a090-4f18-b380-0da0deb68729;425.75;1.875486;UNKNOWN
2016-03-28T02:39:39.000000;2016-03-28T02:39:39.000000;5319e207-be1d-4bda-a9cb-c916982e7e7d;425.74;0.56185223;UNKNOWN
2016-03-28T02:39:43.000000;2016-03-28T02:39:43.000000;58fc6969-7ff3-4925-810f-4c6a6e6a14e0;425.73;1.964354;UNKNOWN
2016-03-28T02:39:44.000000;2016-03-28T02:39:44.000000;b8494ea8-25d6-43ae-ae20-a7ec4b77a72f;425.74;0.56185223;UNKNOWN
2016-03-28T02:39:45.000000;2016-03-28T02:39:45.000000;e7785620-47e6-4abc-8b74-fc11d4e29099;425.73;1.964354;UNKNOWN
2016-03-28T02:39:47.000000;2016-03-28T02:39:47.000000;72c8e315-bb7e-47a7-bc5b-d745bd4a86f0;425.73;1.826944;UNKNOWN
2016-03-28T02:39:48.000000;2016-03-28T02:39:48.000000;502764a4-ac5b-4258-bfaf-4daf44ed2344;425.74;1.801048;UNKNOWN
2016-03-28T02:39:49.000000;2016-03-28T02:39:49.000000;0780b42a-e1dc-4109-acf2-7112fe8f5c47;425.73;0.264348;UNKNOWN
2016-03-28T02:39:50.000000;2016-03-28T02:39:50.000000;1d017173-181b-4388-94f6-1210eccd209c;425.73;1.562596;UNKNOWN
2016-03-28T02:40:13.000000;2016-03-28T02:40:13.000000;91607a2b-ee3c-41b6-9984-a2811e8cf86b;425.74;1.785682;UNKNOWN
2016-03-28T02:40:15.000000;2016-03-28T02:40:15.000000;b60bfe07-31d1-443f-9c87-2706f47cb31c;425.72;1.833184;UNKNOWN
2016-03-28T02:40:57.000000;2016-03-28T02:40:57.000000;c9fe4a00-9beb-4fbe-9a49-f58841489004;425.74;1.165564;UNKNOWN
2016-03-28T02:40:58.000000;2016-03-28T02:40:58.000000;3c1fc8a5-2866-4765-92ab-07ced3dc747a;425.72;1.77289;UNKNOWN
2016-03-28T02:41:10.000000;2016-03-28T02:41:10.000000;b6d9bc9e-a40b-45b6-ba79-cafe3233e28b;425.72;1.79495843;UNKNOWN
2016-03-28T02:41:13.000000;2016-03-28T02:41:13.000000;7db98eee-6fa1-4078-9e0b-c97878c9616b;425.74;1.99298;UNKNOWN
2016-03-28T02:41:14.000000;2016-03-28T02:41:14.000000;6e62e97d-0d62-453f-abb7-c7245dc4c70a;425.72;1.41441377;UNKNOWN
2016-03-28T02:41:19.000000;2016-03-28T02:41:19.000000;50ad3dd8-b3af-4a85-baa9-58d7cb452454;425.76;0.5;UNKNOWN
2016-03-28T02:41:19.000000;2016-03-28T02:41:19.000000;7daa1726-491b-4707-8bbe-80d2e7b44f42;425.76;1.49298;UNKNOWN
2016-03-28T02:43:16.000000;2016-03-28T02:43:16.000000;a6b6a6dd-5989-413c-9004-adf1a496623d;425.53;1.31300525;UNKNOWN
2016-03-28T02:43:17.000000;2016-03-28T02:43:17.000000;7c3de5b4-fb10-4faf-bcb8-7481a5fe9e35;425.51;1.807158;UNKNOWN
2016-03-28T02:43:20.000000;2016-03-28T02:43:20.000000;4d210225-885d-4aa5-9ba8-2ca9b87bd72c;425.53;1.31300525;UNKNOWN
2016-03-28T02:43:22.000000;2016-03-28T02:43:22.000000;4758a080-4336-4d5a-9a21-ca6aa74f2fb0;425.52;1.89011159;UNKNOWN
2016-03-28T02:43:24.000000;2016-03-28T02:43:24.000000;4efc2bb9-d82c-4a36-90a6-4b4e72a3682d;425.53;1.996152;UNKNOWN
2016-03-28T02:43:31.000000;2016-03-28T02:43:31.000000;fa969c02-4996-4585-b235-07ab258931e6;425.52;1.908142;UNKNOWN
2016-03-28T02:43:32.000000;2016-03-28T02:43:32.000000;4d575bc0-262a-4b3f-a14d-2266f3603ee1;425.51;1.765298;UNKNOWN
2016-03-28T02:43:33.000000;2016-03-28T02:43:33.000000;bbfe79b2-6be1-42aa-9e77-d36c97070082;425.51;1.765298;UNKNOWN
2016-03-28T02:43:37.000000;2016-03-28T02:43:37.000000;eeac34b5-1db8-4922-bdd1-ff1f23d94abe;425.52;0.142844;UNKNOWN
2016-03-28T02:43:37.000000;2016-03-28T02:43:37.000000;93a4c82c-5535-41ab-bef9-5bd9055d539c;425.52;1.765298;UNKNOWN
2016-03-28T02:43:40.000000;2016-03-28T02:43:40.000000;2539fb5e-dfe9-4ff1-a407-dbd07a103b5d;425.51;1.765298;UNKNOWN
2016-03-28T02:43:41.000000;2016-03-28T02:43:41.000000;aa201e73-06d2-4461-a3d0-c62a6ce473da;425.52;1.908142;UNKNOWN
2016-03-28T02:43:43.000000;2016-03-28T02:43:43.000000;244d71b7-23a8-4768-8d3d-6f806df0bd42;425.51;1.954448;UNKNOWN
2016-03-28T02:43:47.000000;2016-03-28T02:43:47.000000;b4db4ceb-fefe-4505-bf1c-13289042bd63;425.52;1.829466;UNKNOWN
2016-03-28T02:44:18.000000;2016-03-28T02:44:18.000000;8ce8b096-d3e8-419c-8445-6e3576b3560c;425.51;0.50559401;UNKNOWN
2016-03-28T02:44:19.000000;2016-03-28T02:44:19.000000;f9d09983-6f94-46fd-88c8-6e4a41373570;425.5;0.3;UNKNOWN
2016-03-28T02:44:19.000000;2016-03-28T02:44:19.000000;539557ad-cd05-4c72-9f86-85c0d88c558e;425.5;1.25;UNKNOWN
2016-03-28T02:44:19.000000;2016-03-28T02:44:19.000000;68500e91-f6fd-46d4-a417-0e91148f21c7;425.5;0.25;UNKNOWN
2016-03-28T02:44:19.000000;2016-03-28T02:44:19.000000;32d96023-ddef-4014-bdf9-37b5449c1253;425.4;2.0;UNKNOWN
2016-03-28T02:44:19.000000;2016-03-28T02:44:19.000000;fece9d83-31ff-4728-b0e6-68867ac322df;425.36;24.90721901;UNKNOWN
2016-03-28T02:44:19.000000;2016-03-28T02:44:19.000000;51900751-908e-4081-9864-7e82ff051a2b;425.51;15.41188099;UNKNOWN
2016-03-28T02:44:19.000000;2016-03-28T02:44:19.000000;32076077-b4b6-4962-899a-8a0d91ac9d63;425.41;5.8809;UNKNOWN
2016-03-28T02:45:23.000000;2016-03-28T02:45:23.000000;6ae8f1c3-9144-465c-ae02-e231ed30750f;425.37;1.848862;UNKNOWN
2016-03-28T02:45:32.000000;2016-03-28T02:45:32.000000;36e8adff-fb4c-4b64-a1fe-e2fe2cc76f05;425.38;1.967708;UNKNOWN
2016-03-28T02:45:34.000000;2016-03-28T02:45:34.000000;3ea05fa3-705a-474b-affb-e31a75c12ea2;425.36;0.09278099;UNKNOWN
2016-03-28T02:45:36.000000;2016-03-28T02:45:36.000000;0cf79eab-a15d-4237-897a-bc541fb085fb;425.35;1.62625821;UNKNOWN
2016-03-28T02:45:38.000000;2016-03-28T02:45:38.000000;f6e1fa28-c928-4bca-b049-294d887302c6;425.36;1.967708;UNKNOWN
2016-03-28T02:45:38.000000;2016-03-28T02:45:38.000000;2ba79ef0-2b90-4077-bfef-49546db74fc6;425.35;8.032292;UNKNOWN
2016-03-28T02:46:05.000000;2016-03-28T02:46:05.000000;95511a30-642d-454e-af1a-02c4241d2558;425.35;0.184674;UNKNOWN
2016-03-28T02:47:12.000000;2016-03-28T02:47:12.000000;25056556-9ea4-4f9e-9f67-544eb7d40e1a;425.36;1.18048471;UNKNOWN
2016-03-28T02:47:14.000000;2016-03-28T02:47:14.000000;15b1b4a9-8219-4c69-a72c-146409325e4a;425.38;1.62625821;UNKNOWN
2016-03-28T02:47:21.000000;2016-03-28T02:47:21.000000;2bdc797b-338b-426e-8e74-ce5a6fb22e78;425.38;0.02374179;UNKNOWN
2016-03-28T02:47:21.000000;2016-03-28T02:47:21.000000;27bbc5ce-9ee6-42d4-bdc6-557a134b26ef;425.36;0.30839935;UNKNOWN
2016-03-28T02:47:24.000000;2016-03-28T02:47:24.000000;c736118b-3c62-43f3-b498-69db5601a0bf;425.39;0.76962768;UNKNOWN
2016-03-28T02:48:01.000000;2016-03-28T02:48:01.000000;0327a1fa-3629-4c3d-82dd-5181059a4f38;425.35;1.980188;UNKNOWN
2016-03-28T02:48:02.000000;2016-03-28T02:48:02.000000;bf841e11-132f-4a78-b4f1-56e870e54cab;425.35;0.1356125;UNKNOWN
2016-03-28T02:48:35.000000;2016-03-28T02:48:35.000000;8eb8b66c-4e42-4e42-8e8b-48e110e22df4;425.36;0.6341687;UNKNOWN
2016-03-28T02:48:36.000000;2016-03-28T02:48:36.000000;a4a96956-4017-474a-a115-e0f4d151f4c7;425.36;0.17837978;UNKNOWN
2016-03-28T02:48:39.000000;2016-03-28T02:48:39.000000;23901bac-1802-4632-910c-62026cc00d2b;425.36;0.6341687;UNKNOWN
2016-03-28T02:48:40.000000;2016-03-28T02:48:40.000000;b567e71c-b6aa-4e34-8b0e-538b48e7a243;425.36;0.06193446;UNKNOWN
2016-03-28T02:49:37.000000;2016-03-28T02:49:37.000000;536fbafc-0a88-409b-bd8a-a9939493632f;425.38;0.05092428;UNKNOWN
2016-03-28T02:49:37.000000;2016-03-28T02:49:37.000000;afa04754-45b2-4785-a0e8-db80adc1a858;425.36;1.858222;UNKNOWN
2016-03-28T02:49:41.000000;2016-03-28T02:49:41.000000;1dd4ae57-b783-4349-bfea-1da18be3fc2d;425.35;1.858222;UNKNOWN
2016-03-28T02:49:55.000000;2016-03-28T02:49:55.000000;125522b2-18e5-449f-94d7-2866a9190557;425.36;0.65080976;UNKNOWN
2016-03-28T02:50:02.000000;2016-03-28T02:50:02.000000;eb92c374-adc7-4aef-95d9-ef81b7569962;425.35;0.85972406;UNKNOWN
2016-03-28T02:50:02.000000;2016-03-28T02:50:02.000000;f28d2228-8d9a-4b25-b80f-61d8a1ee7a91;425.36;1.04027594;UNKNOWN
2016-03-28T02:50:18.000000;2016-03-28T02:50:18.000000;0da22ce2-d8a4-4030-80b4-5291f4436af3;425.35;1.0;UNKNOWN
2016-03-28T02:50:22.000000;2016-03-28T02:50:22.000000;d60724ad-643d-42bc-b794-ff6057866573;425.35;0.34147489;UNKNOWN
2016-03-28T02:50:22.000000;2016-03-28T02:50:22.000000;b64927d4-2c27-4778-b2e5-631d4e20264a;425.35;0.42454326;UNKNOWN
2016-03-28T02:50:25.000000;2016-03-28T02:50:25.000000;edcfe61b-b0e4-4730-a1f4-b0b3bf392e8c;425.35;0.76601816;UNKNOWN
2016-03-28T02:50:43.000000;2016-03-28T02:50:43.000000;ee1d99dd-a004-41fc-8b26-929295c59eb4;425.36;1.839632;UNKNOWN
2016-03-28T02:51:29.000000;2016-03-28T02:51:29.000000;5ed83c29-58ab-459f-a888-37eb9f682e15;425.38;0.07484163;UNKNOWN
2016-03-28T02:51:30.000000;2016-03-28T02:51:30.000000;dce3c8ef-39c4-4820-a033-fbfe2ec0086b;425.38;0.07484163;UNKNOWN
2016-03-28T02:51:33.000000;2016-03-28T02:51:33.000000;664c7abe-6d37-446f-91eb-57e50b50628b;425.38;0.07484163;UNKNOWN
2016-03-28T02:51:34.000000;2016-03-28T02:51:34.000000;de4a8e17-9d89-483f-8975-f619fc0211bb;425.38;0.01;UNKNOWN
2016-03-28T02:51:48.000000;2016-03-28T02:51:48.000000;954a9b6d-7150-4e2e-b79a-1662bd5142d1;425.36;1.75314742;UNKNOWN
2016-03-28T02:51:50.000000;2016-03-28T02:51:50.000000;59b2b401-4cee-4fa9-98e1-9b78f883fedd;425.35;1.85337542;UNKNOWN
2016-03-28T02:51:56.000000;2016-03-28T02:51:56.000000;f971bbe4-d9e6-40c3-b08b-57a83e2d169f;425.36;0.11007682;UNKNOWN
2016-03-28T02:52:07.000000;2016-03-28T02:52:07.000000;39744e31-6fb2-4e83-92b2-994e4e03d1db;425.36;0.0397;UNKNOWN
2016-03-28T02:52:47.000000;2016-03-28T02:52:47.000000;5ce9b9b5-451d-489e-9393-613f7e91402f;425.39;1.0;UNKNOWN
2016-03-28T02:53:08.000000;2016-03-28T02:53:08.000000;2cf5ce19-7356-4b6a-8b08-e9a5b53ece56;425.38;0.01000024;UNKNOWN
2016-03-28T02:53:13.000000;2016-03-28T02:53:13.000000;dee13e55-2453-40f7-9451-17104f70c2b7;425.41;1.0;UNKNOWN
2016-03-28T02:54:08.000000;2016-03-28T02:54:08.000000;80a2fe87-dfb8-4c42-b58b-b60ad69e0713;425.41;0.29939496;UNKNOWN
2016-03-28T02:54:12.000000;2016-03-28T02:54:12.000000;d727613a-a7bc-4450-8b6f-5be7a74b7f90;425.36;0.29939496;UNKNOWN
2016-03-28T02:54:52.000000;2016-03-28T02:54:52.000000;9fa5e938-f692-4655-8263-daf160e8da6c;425.45;0.1724556;UNKNOWN
2016-03-28T02:54:53.000000;2016-03-28T02:54:53.000000;e2936aad-0aa7-4c28-8ef3-365606ff0bd4;425.46;0.17245155;UNKNOWN
2016-03-28T02:54:54.000000;2016-03-28T02:54:54.000000;4977ee21-89fd-4263-ac47-79638302f9ac;425.46;0.17245155;UNKNOWN
2016-03-28T02:55:08.000000;2016-03-28T02:55:08.000000;2f7ce0b0-64a8-4c18-b54a-ef52e42796f7;425.47;0.25762006;UNKNOWN
2016-03-28T02:55:09.000000;2016-03-28T02:55:09.000000;2a99b463-4425-457a-a9de-e9ef34de0eae;425.47;0.25762006;UNKNOWN
2016-03-28T02:55:38.000000;2016-03-28T02:55:38.000000;6dd63f8b-c76f-438b-a32d-6462df6a300a;425.5;0.01782214;UNKNOWN
2016-03-28T02:56:51.000000;2016-03-28T02:56:51.000000;fc4322f9-7f3f-4c79-bcf2-9fb312b5f473;425.5;1.20707614;UNKNOWN
2016-03-28T02:57:04.000000;2016-03-28T02:57:04.000000;f2e5ac04-ec30-4ce4-82c3-2d9083391d8e;425.5;0.01222811;UNKNOWN
2016-03-28T02:57:10.000000;2016-03-28T02:57:10.000000;688722ad-58eb-435d-9a03-7abaf13e7075;425.5;0.22706084;UNKNOWN
2016-03-28T02:57:12.000000;2016-03-28T02:57:12.000000;73793c8f-d7b2-4df8-a736-4123d391e64f;425.49;1.83841;UNKNOWN
2016-03-28T02:57:13.000000;2016-03-28T02:57:13.000000;c678ce69-92d3-4db0-b9b1-05fc9e2c5ab9;425.5;1.750504;UNKNOWN
2016-03-28T02:57:16.000000;2016-03-28T02:57:16.000000;48a82f43-1315-40c3-ad57-785f4b6aabcc;425.36;0.25912855;UNKNOWN
2016-03-28T02:57:24.000000;2016-03-28T02:57:24.000000;caea8ee1-a4fb-4ef2-a9eb-a3fe506aa7ac;425.37;0.0499;UNKNOWN
2016-03-28T02:57:25.000000;2016-03-28T02:57:25.000000;93530bb8-b21c-4c1e-9ae9-078fb0dfd821;425.35;1.860146;UNKNOWN
2016-03-28T02:57:42.000000;2016-03-28T02:57:42.000000;ae2123b7-c995-4bce-b411-23417cdc0e74;425.44;0.037414;UNKNOWN
2016-03-28T02:57:42.000000;2016-03-28T02:57:42.000000;b3395408-ada6-4c2f-8195-f9b40df7ea1c;425.42;0.5;UNKNOWN
2016-03-28T02:57:42.000000;2016-03-28T02:57:42.000000;8e81714d-e724-430b-8bf9-1d04a8e44b0a;425.41;1.962586;UNKNOWN
2016-03-28T02:57:45.000000;2016-03-28T02:57:45.000000;e73e7b85-97b7-4d52-85d9-8bf986d6a8df;425.43;0.38337282;UNKNOWN
2016-03-28T02:58:22.000000;2016-03-28T02:58:22.000000;53c4c6e0-10d7-47b9-a41a-811ac2e1f7ca;425.47;1.26614638;UNKNOWN
2016-03-28T02:58:22.000000;2016-03-28T02:58:22.000000;206724a7-3c8e-4ccb-8758-a5a4a7978910;425.46;0.5;UNKNOWN
2016-03-28T02:58:22.000000;2016-03-28T02:58:22.000000;9b7a54a9-afdd-4e95-a6b2-1139add87cb9;425.47;0.73385362;UNKNOWN
2016-03-28T02:59:14.000000;2016-03-28T02:59:14.000000;b16de21a-e7f9-4e1d-8715-98088c93403d;425.49;0.09852285;UNKNOWN
2016-03-28T02:59:14.000000;2016-03-28T02:59:14.000000;1f338212-35b9-46c0-b7c7-5ce4718ea38b;425.46;0.32647715;UNKNOWN
2016-03-28T02:59:26.000000;2016-03-28T02:59:26.000000;2eb7c12d-25b2-4a78-b814-b55921cb4a38;425.46;0.14536064;UNKNOWN
2016-03-28T02:59:27.000000;2016-03-28T02:59:27.000000;a626304d-0050-4152-909d-06cc01471ad1;425.5;0.25752772;UNKNOWN
2016-03-28T03:01:18.000000;2016-03-28T03:01:18.000000;34c318b4-35e7-4bc3-84f2-a351e126c140;425.47;0.895653;UNKNOWN
2016-03-28T03:01:32.000000;2016-03-28T03:01:32.000000;82401d28-6ef5-4af8-b1a3-01860cb18539;425.41;0.030994;UNKNOWN
2016-03-28T03:01:46.000000;2016-03-28T03:01:46.000000;4da88cd0-5330-47f2-baa5-6e1e2c9dd5f7;425.46;0.57891309;UNKNOWN
2016-03-28T03:02:06.000000;2016-03-28T03:02:06.000000;8cd70ceb-d6be-40db-971c-27b0f1f2ab6b;425.48;0.25766887;UNKNOWN
2016-03-28T03:02:07.000000;2016-03-28T03:02:07.000000;9b9e1e5d-67ec-4eea-9649-658fda258070;425.5;1.98713;UNKNOWN
2016-03-28T03:02:14.000000;2016-03-28T03:02:14.000000;1c0d7410-0e54-40c7-8ba3-84dacdaa07bf;425.49;0.25766887;UNKNOWN
2016-03-28T03:02:16.000000;2016-03-28T03:02:16.000000;5c9cb4c4-a265-433b-a62e-bc3bf1379d68;425.49;0.25766887;UNKNOWN
2016-03-28T03:02:17.000000;2016-03-28T03:02:17.000000;aa568e44-9b66-4736-9bfe-b40a5cb10d1b;425.5;0.76757744;UNKNOWN
2016-03-28T03:02:18.000000;2016-03-28T03:02:18.000000;d610ca2f-342f-40a1-8bd3-1b090bfc37aa;425.49;0.25766887;UNKNOWN
2016-03-28T03:04:07.000000;2016-03-28T03:04:07.000000;f9d083b7-ab1f-41b1-9c6d-e061a919a2b4;425.66;1.21439669;UNKNOWN
2016-03-28T03:04:29.000000;2016-03-28T03:04:29.000000;cef81d54-d2e0-4cc1-bdf6-179cbdf90379;425.65;1.21439669;UNKNOWN
2016-03-28T03:04:30.000000;2016-03-28T03:04:30.000000;55ccd35d-d641-4bbb-85ee-7b880dcf2b11;425.66;0.2507188;UNKNOWN
2016-03-28T03:07:30.000000;2016-03-28T03:07:30.000000;ddef0080-289c-4833-9e00-a750c4594ff6;425.72;0.86192656;UNKNOWN
2016-03-28T03:07:51.000000;2016-03-28T03:07:51.000000;103f3b96-e064-48cd-abd3-d440ba5c6706;425.72;0.68030379;UNKNOWN
2016-03-28T03:08:10.000000;2016-03-28T03:08:10.000000;3bc22934-d61c-42de-8e85-262283f010f7;425.72;0.01202749;UNKNOWN
2016-03-28T03:08:25.000000;2016-03-28T03:08:25.000000;d552e570-5d89-4841-b45c-d7191193b6fb;425.72;0.51869966;UNKNOWN
2016-03-28T03:08:28.000000;2016-03-28T03:08:28.000000;43d7526f-f374-4adb-a9ee-b0e4ec2e6e43;425.72;0.16446656;UNKNOWN
2016-03-28T03:08:30.000000;2016-03-28T03:08:30.000000;60b1030e-3b83-4ae2-8054-ef046f6d9bc0;425.72;0.05263324;UNKNOWN
2016-03-28T03:08:31.000000;2016-03-28T03:08:31.000000;80db9007-5f6e-4571-9067-0e1fc86bdb96;425.72;0.17544355;UNKNOWN
2016-03-28T03:08:38.000000;2016-03-28T03:08:38.000000;4ef44776-42d5-46b9-a0ca-db54482f8f65;425.72;1.9766039;UNKNOWN
2016-03-28T03:08:39.000000;2016-03-28T03:08:39.000000;c0b28e3a-1751-40fb-86ac-93c0d670d67d;425.72;0.0529894;UNKNOWN
2016-03-28T03:10:25.000000;2016-03-28T03:10:25.000000;ee12d418-3563-4cb0-99be-8cffc12f71bf;425.73;0.68606276;UNKNOWN
2016-03-28T03:12:03.000000;2016-03-28T03:12:03.000000;4084e43c-09d2-439f-943a-ab9f0d209dca;425.7;0.25;UNKNOWN
2016-03-28T03:12:03.000000;2016-03-28T03:12:03.000000;5b7c6ab8-91f0-42e3-9525-e662dce3d867;425.58;0.195;UNKNOWN
2016-03-28T03:13:05.000000;2016-03-28T03:13:05.000000;e02d571a-ef60-494a-86c3-8699802a5dfb;425.38;0.0449;UNKNOWN
2016-03-28T03:13:47.000000;2016-03-28T03:13:47.000000;c94e1639-230a-4a1a-9055-b37c50641612;425.38;0.86261548;UNKNOWN
2016-03-28T03:14:00.000000;2016-03-28T03:14:00.000000;f8cc704b-16cb-40f2-928d-738a751a41bb;425.38;0.86261548;UNKNOWN
2016-03-28T03:14:06.000000;2016-03-28T03:14:06.000000;1c5de948-311d-4504-ac89-83bc563f27cb;425.35;12.92413849;UNKNOWN
2016-03-28T03:14:06.000000;2016-03-28T03:14:06.000000;f3f7def8-4291-452b-937a-ab3afb6d23d0;425.38;17.5711;UNKNOWN
2016-03-28T03:14:06.000000;2016-03-28T03:14:06.000000;e13e04cb-2a59-41d4-828a-432b1f6dd869;425.38;4.09506904;UNKNOWN
2016-03-28T03:14:18.000000;2016-03-28T03:14:18.000000;e8880d35-1d8d-4d49-84fc-386d56467129;425.35;0.8884354;UNKNOWN
2016-03-28T03:14:28.000000;2016-03-28T03:14:28.000000;5a15d269-ba0a-4c99-8602-50b892c70204;425.35;5.26489761;UNKNOWN
2016-03-28T03:14:28.000000;2016-03-28T03:14:28.000000;32a91351-f454-42da-a532-fa9e2c159351;425.34;1.73510239;UNKNOWN
2016-03-28T03:15:06.000000;2016-03-28T03:15:06.000000;a3371141-4932-4635-8073-5e56b7c3d19d;425.34;0.23263962;UNKNOWN
2016-03-28T03:15:15.000000;2016-03-28T03:15:15.000000;187669ce-e24d-4ea4-b4aa-bfa408750cb5;425.38;1.15911327;UNKNOWN
2016-03-28T03:15:15.000000;2016-03-28T03:15:15.000000;55c69b40-6da9-473d-970f-fbc8bd11fc9d;425.34;1.44951072;UNKNOWN
2016-03-28T03:15:24.000000;2016-03-28T03:15:24.000000;14de80bc-c3af-4cdf-ba50-b3010cb2b006;425.34;5.8538;UNKNOWN
2016-03-28T03:15:24.000000;2016-03-28T03:15:24.000000;a98886a3-0849-4930-9050-d95f620b6d67;425.33;0.65393;UNKNOWN
2016-03-28T03:15:24.000000;2016-03-28T03:15:24.000000;a5c506ae-03c5-43b9-957a-722bd5e8f388;425.3;4.78227;UNKNOWN
2016-03-28T03:16:12.000000;2016-03-28T03:16:12.000000;a256945f-7c11-4994-8429-11519866d40d;425.42;0.02621209;UNKNOWN
2016-03-28T03:16:13.000000;2016-03-28T03:16:13.000000;3c76cabc-270c-4e53-8273-dd5a613b3640;425.42;0.02621209;UNKNOWN
2016-03-28T03:16:15.000000;2016-03-28T03:16:15.000000;6f7cd1aa-788d-4298-a94e-0c20fabb7d4f;425.42;0.02621209;UNKNOWN
2016-03-28T03:16:17.000000;2016-03-28T03:16:17.000000;866e22ba-7862-41c3-a22b-cdbeafad180c;425.42;0.02136373;UNKNOWN
2016-03-28T03:18:05.000000;2016-03-28T03:18:05.000000;e48cef46-4717-4a5e-8b37-d298545e17ca;425.3;0.01184487;UNKNOWN
2016-03-28T03:18:23.000000;2016-03-28T03:18:23.000000;be0c6871-9168-49ae-affd-56ebae17da99;425.3;0.52509598;UNKNOWN
2016-03-28T03:18:34.000000;2016-03-28T03:18:34.000000;504a9cc8-425d-48f4-b096-1150fcd55245;425.3;0.15827543;UNKNOWN
2016-03-28T03:18:37.000000;2016-03-28T03:18:37.000000;c0fdfa84-65f5-4e18-b851-3bc467ac7342;425.3;0.10589633;UNKNOWN
2016-03-28T03:18:47.000000;2016-03-28T03:18:47.000000;5e979c0e-60b8-4bd2-a583-bb3e7d1fec7a;425.3;0.42658917;UNKNOWN
2016-03-28T03:19:09.000000;2016-03-28T03:19:09.000000;98f1da23-d82d-4511-98ee-a64b659207e4;425.3;0.71911311;UNKNOWN
2016-03-28T03:19:09.000000;2016-03-28T03:19:09.000000;f10f6cee-9b66-4317-bc8a-b8895eb4a20b;425.3;0.99349319;UNKNOWN
2016-03-28T03:19:09.000000;2016-03-28T03:19:09.000000;54a66321-c480-4d18-91bf-d6aa1810bc3f;425.3;0.58730244;UNKNOWN
2016-03-28T03:19:09.000000;2016-03-28T03:19:09.000000;fc1380a5-332e-4d4e-b82c-708a427c573e;425.3;0.01223443;UNKNOWN
2016-03-28T03:19:09.000000;2016-03-28T03:19:09.000000;01d338bc-93b6-478f-b6c9-1e6057ba9ab3;425.3;0.09379736;UNKNOWN
2016-03-28T03:19:10.000000;2016-03-28T03:19:10.000000;10baaf41-f160-485c-9a78-003ba71f9dab;425.3;0.99349319;UNKNOWN
2016-03-28T03:19:11.000000;2016-03-28T03:19:11.000000;75baa240-10c5-4278-803b-7db295920a62;425.3;0.99349319;UNKNOWN
2016-03-28T03:19:12.000000;2016-03-28T03:19:12.000000;9767f64e-806a-4186-a074-a5b920297156;425.3;0.99349319;UNKNOWN
2016-03-28T03:19:12.000000;2016-03-28T03:19:12.000000;52dfe49d-1849-4bc7-b245-6534306278cb;425.3;0.99349319;UNKNOWN
2016-03-28T03:19:13.000000;2016-03-28T03:19:13.000000;82cdf363-fd16-4e07-8a48-540ebec3b6e5;425.3;0.99349319;UNKNOWN
2016-03-28T03:19:14.000000;2016-03-28T03:19:14.000000;30c1038a-9b52-4b58-aab2-70de2ff7f74f;425.3;0.99349319;UNKNOWN
2016-03-28T03:19:16.000000;2016-03-28T03:19:16.000000;9ee03868-49b9-4db2-994a-4461c295c735;425.3;0.99349319;UNKNOWN
2016-03-28T03:19:16.000000;2016-03-28T03:19:16.000000;f5d5a5a6-80d6-49fe-8d0e-38b35103ebec;425.3;0.99349319;UNKNOWN
2016-03-28T03:19:16.000000;2016-03-28T03:19:16.000000;e2fff5eb-a444-4820-b392-0eed80752a55;425.3;0.6899148;UNKNOWN
2016-03-28T03:19:17.000000;2016-03-28T03:19:17.000000;0ea7ea98-b32d-42fb-839d-c6ccb13231b0;425.3;0.99349319;UNKNOWN
2016-03-28T03:19:33.000000;2016-03-28T03:19:33.000000;a2b02c44-8f61-438e-b4ae-c5eabf72c7c7;425.31;0.13483343;UNKNOWN
2016-03-28T03:19:48.000000;2016-03-28T03:19:48.000000;b42b6b16-2e89-4b79-831d-34aaa2a6aef9;425.38;0.15404468;UNKNOWN
2016-03-28T03:20:03.000000;2016-03-28T03:20:03.000000;8bd3100d-abe7-45dd-b0ea-199ec2dabf58;425.4;0.34119293;UNKNOWN
2016-03-28T03:20:08.000000;2016-03-28T03:20:08.000000;748f7e17-7c8c-48fe-a51f-7f28a5944e5d;425.63;2.0;UNKNOWN
2016-03-28T03:20:14.000000;2016-03-28T03:20:14.000000;ddc5b16e-29ed-4579-b9e7-39eac15751e4;425.41;0.37123023;UNKNOWN
2016-03-28T03:20:26.000000;2016-03-28T03:20:26.000000;20ed86ea-0bd4-429b-be39-0f7d44667be8;425.46;0.25;UNKNOWN
2016-03-28T03:20:39.000000;2016-03-28T03:20:39.000000;d16439a7-0b79-4463-b7d3-2afefab70826;425.75;4.50252704;UNKNOWN
2016-03-28T03:20:39.000000;2016-03-28T03:20:39.000000;336248f8-da71-4e07-a86d-a25c45b0e5a9;425.9;4.50379445;UNKNOWN
2016-03-28T03:20:39.000000;2016-03-28T03:20:39.000000;43fd0559-b889-4e0c-b2b0-031229eeb348;425.96;4.50303392;UNKNOWN
2016-03-28T03:20:39.000000;2016-03-28T03:20:39.000000;d86868c6-4858-415f-bad1-4eb78c5623a6;425.84;0.292;UNKNOWN
2016-03-28T03:20:39.000000;2016-03-28T03:20:39.000000;d105c7a9-6a7f-40e9-a586-d64ab95feaf3;425.67;3.0;UNKNOWN
2016-03-28T03:20:39.000000;2016-03-28T03:20:39.000000;f2b4ccac-7453-44c7-ac2d-db631d1b2315;426.02;0.81776516;UNKNOWN
2016-03-28T03:20:39.000000;2016-03-28T03:20:39.000000;4dfc5a99-2475-417e-ba87-6bb6973caa76;425.46;0.52063674;UNKNOWN
2016-03-28T03:20:39.000000;2016-03-28T03:20:39.000000;33ef8e03-49d4-416a-8989-5d620b4d7be3;425.77;4.50252704;UNKNOWN
2016-03-28T03:20:39.000000;2016-03-28T03:20:39.000000;cb2f6ef7-0388-4f6d-a85b-3586309565e4;425.68;7.3794;UNKNOWN
2016-03-28T03:20:39.000000;2016-03-28T03:20:39.000000;418d1ff4-5f8d-432e-ba49-1fcad9aeaad0;425.84;4.50379445;UNKNOWN
2016-03-28T03:20:39.000000;2016-03-28T03:20:39.000000;3679c30c-a5f7-49ec-958c-73cbabee2723;425.69;0.4745212;UNKNOWN
2016-03-28T03:20:43.000000;2016-03-28T03:20:43.000000;473f925c-12a0-4c69-86a9-f5f44da7d702;425.73;0.40040664;UNKNOWN
2016-03-28T03:21:10.000000;2016-03-28T03:21:10.000000;b58d4f01-f1d5-4d67-9546-623a5a6c2549;425.74;0.10305586;UNKNOWN
2016-03-28T03:21:21.000000;2016-03-28T03:21:21.000000;56a76ea3-8d3a-48a4-a7db-2e59f8fc5ce0;425.74;0.46955692;UNKNOWN
2016-03-28T03:21:54.000000;2016-03-28T03:21:54.000000;7fe6755c-75af-4483-8010-c5737abd8b8c;425.74;0.77001885;UNKNOWN
2016-03-28T03:21:59.000000;2016-03-28T03:21:59.000000;57fa12fc-3e4f-402e-a70d-bc20184e7492;425.74;0.77008939;UNKNOWN
2016-03-28T03:22:03.000000;2016-03-28T03:22:03.000000;a95a09fa-3219-440d-a0ec-c7b060d29d7f;425.93;0.2;UNKNOWN
2016-03-28T03:22:10.000000;2016-03-28T03:22:10.000000;684aa434-7a31-4bb2-915d-28a9d86e7b5a;425.74;0.12320677;UNKNOWN
2016-03-28T03:22:57.000000;2016-03-28T03:22:57.000000;29cc221b-b8be-4b88-9d86-95bb3b7d458b;425.74;0.10086112;UNKNOWN
2016-03-28T03:23:01.000000;2016-03-28T03:23:01.000000;a935bbe5-54c1-4d27-b0e3-18b251c39000;425.74;0.10086112;UNKNOWN
2016-03-28T03:23:05.000000;2016-03-28T03:23:05.000000;1c937189-62a2-46e4-9f53-58e998fd395b;425.74;0.10086112;UNKNOWN
2016-03-28T03:24:36.000000;2016-03-28T03:24:36.000000;3cf1a03f-7608-4a38-b16d-6334d0d7806d;425.99;3.0;UNKNOWN
2016-03-28T03:24:36.000000;2016-03-28T03:24:36.000000;83d61140-a3f9-43a4-9edd-9f067e8f0c4e;426.0;2.5079;UNKNOWN
2016-03-28T03:24:36.000000;2016-03-28T03:24:36.000000;52145f08-9d55-4171-898d-81b33b0bdee9;425.98;0.5;UNKNOWN
2016-03-28T03:24:36.000000;2016-03-28T03:24:36.000000;ae6e1fc5-5623-4374-aae6-905c4b08fd9e;425.99;2.0;UNKNOWN
2016-03-28T03:24:38.000000;2016-03-28T03:24:38.000000;05c435d9-6bc6-4c9e-a79d-2a653d65d884;425.75;0.11387724;UNKNOWN
2016-03-28T03:25:16.000000;2016-03-28T03:25:16.000000;47c15319-f3a3-4fde-bd6b-15ecfaf93714;425.79;0.01512002;UNKNOWN
2016-03-28T03:26:44.000000;2016-03-28T03:26:44.000000;98710e74-884d-45df-8c4d-1d970098eb64;425.83;0.54992135;UNKNOWN
2016-03-28T03:31:34.000000;2016-03-28T03:31:34.000000;bddd6446-1702-4ddd-92af-969a45e69b9e;425.83;5.33617865;UNKNOWN
2016-03-28T03:31:34.000000;2016-03-28T03:31:34.000000;101e72d4-dc22-41c3-9f05-7b8db72460d4;425.83;1.79304147;UNKNOWN
2016-03-28T03:31:36.000000;2016-03-28T03:31:36.000000;6a1b0587-b138-469a-874f-676173294cfb;425.84;0.0499;UNKNOWN
2016-03-28T03:31:36.000000;2016-03-28T03:31:36.000000;a9faeffa-3ba6-4e0c-bf8e-e735a1ba452e;425.99;1.0201;UNKNOWN
2016-03-28T03:31:36.000000;2016-03-28T03:31:36.000000;96770a44-ce7c-42f5-9c23-5ef14f5d5e62;425.99;0.5;UNKNOWN
2016-03-28T03:31:59.000000;2016-03-28T03:31:59.000000;2d5efa58-cfe8-4f64-b660-5e8c0880ec87;426.0;1.41;UNKNOWN
2016-03-28T03:32:02.000000;2016-03-28T03:32:02.000000;4e2f6a82-f476-4276-9c27-112fcb977f0d;426.0;1.36;UNKNOWN
2016-03-28T03:32:59.000000;2016-03-28T03:32:59.000000;64bf4e86-7eff-4128-8909-7aca9c7110e5;426.21;0.0103;UNKNOWN
2016-03-28T03:32:59.000000;2016-03-28T03:32:59.000000;e7bc62de-c3bb-4253-b44d-c89dd6df4059;426.43;4.49933635;UNKNOWN
2016-03-28T03:32:59.000000;2016-03-28T03:32:59.000000;8bd37fde-308c-4be8-88aa-4b2b7413173d;426.48;1.96856201;UNKNOWN
2016-03-28T03:32:59.000000;2016-03-28T03:32:59.000000;f013ec61-0946-4070-9a2b-9fcf4829deea;426.0;0.7221;UNKNOWN
2016-03-28T03:32:59.000000;2016-03-28T03:32:59.000000;26090a43-f7bc-451c-ac76-2c848fe4fb58;426.37;4.49933635;UNKNOWN
2016-03-28T03:32:59.000000;2016-03-28T03:32:59.000000;4fc3844d-c27f-43c6-9aa3-053a1c3b5666;426.21;0.0499;UNKNOWN
2016-03-28T03:33:07.000000;2016-03-28T03:33:07.000000;2877b976-ae87-40fc-acc4-201c020c49db;426.49;0.6;UNKNOWN
2016-03-28T03:34:28.000000;2016-03-28T03:34:28.000000;f6dc9951-29a1-4ada-97d7-1a15ed2568db;426.09;0.12051844;UNKNOWN
2016-03-28T03:34:49.000000;2016-03-28T03:34:49.000000;828d247e-df8e-4fdf-a61a-46f87503f4a1;426.09;0.13272265;UNKNOWN
2016-03-28T03:34:52.000000;2016-03-28T03:34:52.000000;d7f702ca-d5da-40bd-90e8-9a9a80122fed;426.09;0.13272265;UNKNOWN
2016-03-28T03:35:03.000000;2016-03-28T03:35:03.000000;7c7656a3-6dc5-4686-b81b-5a67b6fce21e;426.09;0.13272265;UNKNOWN
2016-03-28T03:35:06.000000;2016-03-28T03:35:06.000000;21b77970-2784-42d1-a48e-cabbff56c643;426.09;0.8611781;UNKNOWN
2016-03-28T03:35:06.000000;2016-03-28T03:35:06.000000;663eb3a0-aac1-4578-9d23-c0857b2eca57;426.09;0.8611781;UNKNOWN
2016-03-28T03:35:07.000000;2016-03-28T03:35:07.000000;05267f69-3cbf-449b-b350-c9bef8720f28;426.09;0.01;UNKNOWN
2016-03-28T03:35:07.000000;2016-03-28T03:35:07.000000;cdc55b02-c08b-4a60-90f3-9c882e0a3e12;426.09;0.05196041;UNKNOWN
2016-03-28T03:35:07.000000;2016-03-28T03:35:07.000000;f1c281df-8103-4e2e-bb6c-f1a7a100c0b7;426.09;0.13241676;UNKNOWN
2016-03-28T03:35:12.000000;2016-03-28T03:35:12.000000;9d18e761-c3a0-4e29-ba84-faf825695de1;426.09;0.12986585;UNKNOWN
2016-03-28T03:35:36.000000;2016-03-28T03:35:36.000000;e5084f4d-485d-4ebb-94e9-e73285ec63d6;426.09;0.01302566;UNKNOWN
2016-03-28T03:35:58.000000;2016-03-28T03:35:58.000000;1e17a1fc-82c5-4ff0-8fa0-b2baedae84be;426.09;0.11924325;UNKNOWN
2016-03-28T03:36:02.000000;2016-03-28T03:36:02.000000;70a93597-9a82-47a5-972e-9693ee304b4e;426.09;0.019952;UNKNOWN
2016-03-28T03:36:23.000000;2016-03-28T03:36:23.000000;e0f7717f-f161-41a3-b943-8a25f7f3bab5;426.09;0.99349319;UNKNOWN
2016-03-28T03:36:46.000000;2016-03-28T03:36:46.000000;caeb7fed-34f0-4014-a04b-f568771fe2e3;425.8;0.0102158;UNKNOWN
2016-03-28T03:36:53.000000;2016-03-28T03:36:53.000000;3f2fb4c9-ade0-4adc-a769-f3e0bfe91e8e;425.84;0.10952293;UNKNOWN
2016-03-28T03:36:59.000000;2016-03-28T03:36:59.000000;8357cffb-118b-4da4-be47-a8e039e26b25;425.84;0.11050643;UNKNOWN
2016-03-28T03:37:05.000000;2016-03-28T03:37:05.000000;eb433710-0013-43a9-93dd-e9f1e8c91625;425.84;0.11050643;UNKNOWN
2016-03-28T03:37:15.000000;2016-03-28T03:37:15.000000;5d745a0f-bf15-4556-ac3f-d948d0e3b564;425.84;0.11051417;UNKNOWN
2016-03-28T03:37:21.000000;2016-03-28T03:37:21.000000;ca022d4c-e35c-49ac-8bee-8dee1ecc1238;425.85;0.09043341;UNKNOWN
2016-03-28T03:37:29.000000;2016-03-28T03:37:29.000000;4d8a9b2d-fc82-461d-8a94-0fb2847cfa99;425.86;0.01534115;UNKNOWN
2016-03-28T03:37:34.000000;2016-03-28T03:37:34.000000;4fc074f9-44d8-4593-8012-09656c761d5d;425.86;0.10016876;UNKNOWN
2016-03-28T03:37:38.000000;2016-03-28T03:37:38.000000;6ad82a9d-ba49-4751-8971-41024b6339c1;425.86;0.10009324;UNKNOWN
2016-03-28T03:37:41.000000;2016-03-28T03:37:41.000000;57957bdc-2ab9-4a01-b883-66072d8bebdf;425.86;0.13445089;UNKNOWN
2016-03-28T03:37:41.000000;2016-03-28T03:37:41.000000;2071e145-805a-4172-aa9d-00737f4057d6;425.86;0.10009324;UNKNOWN
2016-03-28T03:37:45.000000;2016-03-28T03:37:45.000000;708d94e8-2831-41c1-89e9-15e08d7ce04a;425.86;0.13470312;UNKNOWN
2016-03-28T03:37:49.000000;2016-03-28T03:37:49.000000;392d562b-43ea-4270-bc3a-1919e5b36460;425.86;0.13470312;UNKNOWN
2016-03-28T03:37:51.000000;2016-03-28T03:37:51.000000;9da65750-5180-4629-ba51-6b2873de2cd3;425.86;0.11066775;UNKNOWN
2016-03-28T03:37:58.000000;2016-03-28T03:37:58.000000;fedd52eb-8999-4cec-a6d5-4d2e209ff83e;425.86;0.11561607;UNKNOWN
2016-03-28T03:38:03.000000;2016-03-28T03:38:03.000000;de882bb6-642e-4a51-bd5e-a3bc12e9cbe2;425.86;0.11544369;UNKNOWN
2016-03-28T03:38:05.000000;2016-03-28T03:38:05.000000;5ba81e79-28ca-4216-b6d8-e9c862aa3045;425.86;0.596138;UNKNOWN
2016-03-28T03:38:06.000000;2016-03-28T03:38:06.000000;48a06d10-c944-4ee3-922b-27dc35f57760;425.86;0.11544369;UNKNOWN
2016-03-28T03:38:11.000000;2016-03-28T03:38:11.000000;a8901c65-27dc-4cb5-a4a3-18bb53429277;425.86;0.11544369;UNKNOWN
2016-03-28T03:38:15.000000;2016-03-28T03:38:15.000000;cfa104af-ea33-4471-b4f3-77418aad19c7;425.86;0.11544369;UNKNOWN
2016-03-28T03:38:18.000000;2016-03-28T03:38:18.000000;aaa79857-e19f-44fa-8805-17da6fa9c1f1;425.86;0.8616432;UNKNOWN
2016-03-28T03:38:19.000000;2016-03-28T03:38:19.000000;59f1f9a1-63c6-4e33-b0c0-a4abf86ce37b;425.86;0.8616432;UNKNOWN
2016-03-28T03:38:24.000000;2016-03-28T03:38:24.000000;019c8afe-0c3a-40a4-966f-cbe5096ac339;425.73;0.8616432;UNKNOWN
2016-03-28T03:38:28.000000;2016-03-28T03:38:28.000000;94a5c1ad-06c2-4b38-b70d-adce9efa03db;425.71;0.11305412;UNKNOWN
2016-03-28T03:38:29.000000;2016-03-28T03:38:29.000000;f117fd22-7aa9-47db-b9d0-a7e20bb8334d;425.86;0.10010092;UNKNOWN
2016-03-28T03:38:38.000000;2016-03-28T03:38:38.000000;db7aafb1-efa8-4729-aed0-5cb6936c6148;425.92;0.09523308;UNKNOWN
2016-03-28T03:38:44.000000;2016-03-28T03:38:44.000000;55c96f8f-6aa4-47d3-9db8-2d25c83de15d;425.86;1.25565972;UNKNOWN
2016-03-28T03:38:45.000000;2016-03-28T03:38:45.000000;f1b40e7a-397c-4e66-ba5f-10eeb138c4f1;425.87;0.11584468;UNKNOWN
2016-03-28T03:38:50.000000;2016-03-28T03:38:50.000000;de9b86ab-c56c-4974-ace7-709a90705788;425.88;0.12421534;UNKNOWN
2016-03-28T03:38:50.000000;2016-03-28T03:38:50.000000;1589a7ac-8cc0-43da-93ba-64af57d2f7d8;425.88;0.5;UNKNOWN
2016-03-28T03:38:51.000000;2016-03-28T03:38:51.000000;16df6fff-81af-4b3a-8f7d-839284b3086f;425.89;1.2553059;UNKNOWN
2016-03-28T03:38:52.000000;2016-03-28T03:38:52.000000;30196076-3724-48df-b5de-a49a45664139;425.89;0.16222458;UNKNOWN
2016-03-28T03:38:52.000000;2016-03-28T03:38:52.000000;bb45f4b4-de17-47d8-9de9-8bb2b6743dd2;425.89;1.24372178;UNKNOWN
2016-03-28T03:38:52.000000;2016-03-28T03:38:52.000000;28cc2281-baea-48a1-a091-3e33d42df11d;425.89;0.02115972;UNKNOWN
2016-03-28T03:38:53.000000;2016-03-28T03:38:53.000000;6ac25ce5-ed7d-48ef-bf21-52dbc2726458;425.89;0.02115972;UNKNOWN
2016-03-28T03:38:54.000000;2016-03-28T03:38:54.000000;e3ba87f0-0c97-4f00-b157-80d093e06f19;425.9;0.10229334;UNKNOWN
2016-03-28T03:38:54.000000;2016-03-28T03:38:54.000000;5d09fb90-6682-4ba6-a545-d22144ab56d9;425.9;0.45998943;UNKNOWN
2016-03-28T03:38:54.000000;2016-03-28T03:38:54.000000;614c90d0-e3e7-4909-8a48-a233cdf2c311;425.9;0.7842489;UNKNOWN
2016-03-28T03:38:54.000000;2016-03-28T03:38:54.000000;c231a124-7263-42c9-9303-37d57972eabc;425.9;0.01334261;UNKNOWN
2016-03-28T03:38:54.000000;2016-03-28T03:38:54.000000;e587221e-42a7-4b42-8f1b-04f50e1ba827;425.9;0.05999862;UNKNOWN
2016-03-28T03:38:55.000000;2016-03-28T03:38:55.000000;95ac5c58-b0a3-40a6-9b6e-77a779ae14ac;425.9;0.0134335;UNKNOWN
2016-03-28T03:38:55.000000;2016-03-28T03:38:55.000000;70cb7ce3-5053-4dfb-b800-27e206597eef;425.9;0.20845642;UNKNOWN
2016-03-28T03:38:55.000000;2016-03-28T03:38:55.000000;9fc18444-a0e8-4d7e-b3ec-cf7350d7a4a0;425.9;0.10299023;UNKNOWN
2016-03-28T03:38:55.000000;2016-03-28T03:38:55.000000;9146e25b-bfa0-4dfa-98bf-09537133f67c;425.9;1.25524695;UNKNOWN
2016-03-28T03:38:58.000000;2016-03-28T03:38:58.000000;00deb410-874f-45b9-a060-81f5dc4d314f;425.92;0.99349319;UNKNOWN
2016-03-28T03:39:00.000000;2016-03-28T03:39:00.000000;d569a206-7ea5-4f1e-945d-77b5b37e0ee2;425.92;0.58113534;UNKNOWN
2016-03-28T03:39:57.000000;2016-03-28T03:39:57.000000;d03785fc-222a-4c35-91f7-04403fd4084d;426.15;1.25456943;UNKNOWN
2016-03-28T03:40:05.000000;2016-03-28T03:40:05.000000;a0d8081f-7b72-45bc-aa6c-4f30b00d6a84;426.46;1.18;UNKNOWN
2016-03-28T03:40:09.000000;2016-03-28T03:40:09.000000;a8ae3c35-5885-449b-a493-cd341ff42198;425.86;0.86192656;UNKNOWN
2016-03-28T03:40:11.000000;2016-03-28T03:40:11.000000;fd5c7bbd-36f7-4ca2-bb1c-aa9f2f0febe1;425.87;0.8616432;UNKNOWN
2016-03-28T03:40:13.000000;2016-03-28T03:40:13.000000;76d720e2-ed43-4243-96d6-c6ee8d419109;425.87;0.8616432;UNKNOWN
2016-03-28T03:40:14.000000;2016-03-28T03:40:14.000000;7024efcc-9a2d-40b7-bb42-f0ee4927bcd8;425.88;1.25533538;UNKNOWN
2016-03-28T03:40:15.000000;2016-03-28T03:40:15.000000;b6eb1d69-a13e-4eb4-b15c-02b03a55b771;425.88;0.11543601;UNKNOWN
2016-03-28T03:40:15.000000;2016-03-28T03:40:15.000000;beee1e4e-460d-415c-939b-5bc1a2681ebc;425.88;0.86162297;UNKNOWN
2016-03-28T03:40:16.000000;2016-03-28T03:40:16.000000;9704e0da-6804-4e40-ab63-2c19f7062a40;425.89;0.86162297;UNKNOWN
2016-03-28T03:40:16.000000;2016-03-28T03:40:16.000000;f9f025c4-dd24-41d8-880f-26f0099d16ed;425.89;0.86162297;UNKNOWN
2016-03-28T03:40:17.000000;2016-03-28T03:40:17.000000;484f439b-c018-4bb1-9ea3-7cf2d1a31d75;425.89;0.44653234;UNKNOWN
2016-03-28T03:40:17.000000;2016-03-28T03:40:17.000000;4d389243-9885-45b8-8247-97aa796e8f69;425.89;0.41511086;UNKNOWN
2016-03-28T03:40:17.000000;2016-03-28T03:40:17.000000;6536cb6e-dc1c-42f6-94be-32867aa7bb6c;425.89;0.8616432;UNKNOWN
2016-03-28T03:40:19.000000;2016-03-28T03:40:19.000000;449846fb-0e69-4d58-bd8a-7c9a11a01df7;425.88;0.11641334;UNKNOWN
2016-03-28T03:40:20.000000;2016-03-28T03:40:20.000000;f9997573-f91e-48a5-8a44-f1a49693c866;425.88;0.86158251;UNKNOWN
2016-03-28T03:40:21.000000;2016-03-28T03:40:21.000000;457603e0-f760-4a82-b46b-8109c1958b6c;425.88;0.2260897;UNKNOWN
2016-03-28T03:40:21.000000;2016-03-28T03:40:21.000000;bc82ce8b-dd94-4e15-867e-eb747175ad87;425.88;0.22586893;UNKNOWN
2016-03-28T03:40:22.000000;2016-03-28T03:40:22.000000;2b8c0f7e-3292-4ff6-9182-ae15a6061a26;425.88;0.42246045;UNKNOWN
2016-03-28T03:40:22.000000;2016-03-28T03:40:22.000000;5e596c81-39b0-49a6-b28a-080091829d42;425.88;0.8616432;UNKNOWN
2016-03-28T03:40:27.000000;2016-03-28T03:40:27.000000;fe03cb84-e08e-4279-a6df-6057b0543352;425.88;1.35342926;UNKNOWN
2016-03-28T03:40:53.000000;2016-03-28T03:40:53.000000;c9858500-f56e-469f-959b-ee598db420ba;425.81;0.12888804;UNKNOWN
2016-03-28T03:40:54.000000;2016-03-28T03:40:54.000000;e1d30d0c-3e55-4a05-93b7-2676b9d41167;425.81;0.12888804;UNKNOWN
2016-03-28T03:40:54.000000;2016-03-28T03:40:54.000000;1b450cb0-f8b9-4417-8e0a-06f19b82224c;425.81;0.12888804;UNKNOWN
2016-03-28T03:40:55.000000;2016-03-28T03:40:55.000000;73a72bc2-eea4-469e-9537-b39ef53da372;425.81;0.12888804;UNKNOWN
2016-03-28T03:40:56.000000;2016-03-28T03:40:56.000000;58d5e78c-b8c3-4efb-a121-b43152f7a204;425.81;0.12888804;UNKNOWN
2016-03-28T03:41:00.000000;2016-03-28T03:41:00.000000;e7eadd63-f753-48f9-b4de-f1ba464cdd72;425.82;0.62876549;UNKNOWN
2016-03-28T03:41:00.000000;2016-03-28T03:41:00.000000;799dfbda-59a7-475e-a94e-290f8ed2799f;425.82;0.69519321;UNKNOWN
2016-03-28T03:41:00.000000;2016-03-28T03:41:00.000000;70b01b65-0117-4fb8-9256-adca7574a7f9;425.82;0.5;UNKNOWN
2016-03-28T03:41:00.000000;2016-03-28T03:41:00.000000;516c54b6-7ac8-4618-92ca-d6552f07b645;425.82;0.75423196;UNKNOWN
2016-03-28T03:41:08.000000;2016-03-28T03:41:08.000000;25bb6bea-a9fa-49dc-b23a-a730e07e5c1a;425.83;0.04517391;UNKNOWN
2016-03-28T03:42:05.000000;2016-03-28T03:42:05.000000;9d592924-8655-4b49-819a-24b5eb87961a;426.4;0.28182272;UNKNOWN
2016-03-28T03:43:23.000000;2016-03-28T03:43:23.000000;e450ed87-7f70-4356-a78e-27c090b75b02;426.4;0.01;UNKNOWN
2016-03-28T03:43:26.000000;2016-03-28T03:43:26.000000;e2dcbcfc-3a0a-498c-b53b-cdb36215aecf;426.41;0.29182272;UNKNOWN
2016-03-28T03:43:26.000000;2016-03-28T03:43:26.000000;a8f013bf-9405-4279-ad58-383ce1a82399;426.4;0.20817728;UNKNOWN
2016-03-28T03:43:37.000000;2016-03-28T03:43:37.000000;83a62320-0199-4de9-b127-b4a87516a19d;425.96;0.05263309;UNKNOWN
2016-03-28T03:43:52.000000;2016-03-28T03:43:52.000000;948fc59a-abf5-49cf-869b-928c0d6d08bb;425.96;1.07035589;UNKNOWN
2016-03-28T03:44:22.000000;2016-03-28T03:44:22.000000;3fb96ea8-ca73-4eb6-b8c6-a460aa48e6a3;426.4;0.5;UNKNOWN
2016-03-28T03:44:22.000000;2016-03-28T03:44:22.000000;084097b8-8aea-49ce-8c34-31261197e78e;426.41;0.5;UNKNOWN
2016-03-28T03:44:25.000000;2016-03-28T03:44:25.000000;f78c980a-e7f0-4f29-bdbc-93be83d9cad3;426.41;0.5;UNKNOWN
2016-03-28T03:44:25.000000;2016-03-28T03:44:25.000000;06e34c54-de7f-4db7-8ad3-74407a5a2ff2;426.4;0.5;UNKNOWN
2016-03-28T03:47:22.000000;2016-03-28T03:47:22.000000;83b90e67-822f-482a-adc3-51827165f94c;426.36;0.0169058;UNKNOWN
2016-03-28T03:48:06.000000;2016-03-28T03:48:06.000000;9f8dccf7-1e8d-410f-acef-4f115450918a;426.26;0.0335;UNKNOWN
2016-03-28T03:48:51.000000;2016-03-28T03:48:51.000000;32f9d064-c8e7-45a4-9194-54183d31b823;426.26;0.10406;UNKNOWN
2016-03-28T03:48:51.000000;2016-03-28T03:48:51.000000;7e10cf35-06f5-46d8-9193-c7ec57dbfc09;426.25;0.0103;UNKNOWN
2016-03-28T03:50:18.000000;2016-03-28T03:50:18.000000;4ba69801-236c-43f9-b4f9-a7d62decb296;426.17;0.0212;UNKNOWN
2016-03-28T03:50:27.000000;2016-03-28T03:50:27.000000;25125cca-fa15-48e1-8ded-9294682a5ad6;426.21;0.1163;UNKNOWN
2016-03-28T03:54:31.000000;2016-03-28T03:54:31.000000;d0e56224-8388-43e9-8c8c-886147830ac0;426.2;0.9;UNKNOWN
2016-03-28T03:55:05.000000;2016-03-28T03:55:05.000000;3e7e9d98-f7d6-4d6b-b520-0fb15500d3bc;426.19;0.42217161;UNKNOWN
2016-03-28T04:00:04.000000;2016-03-28T04:00:04.000000;e40ced0d-856d-4f83-9cf8-71d09e1f0d8e;426.21;0.05;UNKNOWN
2016-03-28T04:00:04.000000;2016-03-28T04:00:04.000000;cb3e4307-d344-4cc0-883a-ef53eb437cef;426.31;0.31666448;UNKNOWN
2016-03-28T04:00:48.000000;2016-03-28T04:00:48.000000;1c3e7f56-8780-47f8-9c4c-d44290a22f00;426.18;0.14997;UNKNOWN
2016-03-28T04:02:47.000000;2016-03-28T04:02:47.000000;01d13e8e-c5ba-4a30-9901-10bbee8f1ead;426.39;3.0;UNKNOWN
2016-03-28T04:02:47.000000;2016-03-28T04:02:47.000000;6d0aab17-3eea-4590-87b1-d4ce5dd888dd;426.4;5.8594;UNKNOWN
2016-03-28T04:02:47.000000;2016-03-28T04:02:47.000000;99b7eeef-864f-448f-91db-7aa8abe22fbf;426.39;0.5;UNKNOWN
2016-03-28T04:03:08.000000;2016-03-28T04:03:08.000000;bcd5149a-fc68-42b8-a8b1-7dee93cf0866;426.2;0.25;UNKNOWN
2016-03-28T04:03:50.000000;2016-03-28T04:03:50.000000;917a22cc-9433-4985-9651-e0d5ff0783da;426.24;0.01699619;UNKNOWN
2016-03-28T04:05:34.000000;2016-03-28T04:05:34.000000;6e581eb0-3b1d-4f30-bd10-7c0e68533afd;426.16;0.054147;UNKNOWN
2016-03-28T04:06:31.000000;2016-03-28T04:06:31.000000;addd53a5-89c0-43b2-9af2-183145d5dbfa;426.18;1.25991788;UNKNOWN
2016-03-28T04:06:33.000000;2016-03-28T04:06:33.000000;4890ae26-3175-4a57-b624-f15dd0935983;426.1;0.9840721;UNKNOWN
2016-03-28T04:06:33.000000;2016-03-28T04:06:33.000000;7055341f-f3be-435d-8912-9d474671e13b;426.1;0.0159279;UNKNOWN
2016-03-28T04:06:33.000000;2016-03-28T04:06:33.000000;599cf7fe-85e7-43a7-8e2c-678c30d79dec;426.1;0.2757984;UNKNOWN
2016-03-28T04:06:34.000000;2016-03-28T04:06:34.000000;fcdea5ce-0f1c-4585-990f-7e6ee01c67e3;426.03;1.2601524;UNKNOWN
2016-03-28T04:06:39.000000;2016-03-28T04:06:39.000000;f43be4ef-661e-4473-ac43-f98ddf64fed0;425.99;0.86138025;UNKNOWN
2016-03-28T04:06:40.000000;2016-03-28T04:06:40.000000;a970c0c5-869d-4a82-a19e-3df694ff4f2d;425.99;0.86138025;UNKNOWN
2016-03-28T04:06:41.000000;2016-03-28T04:06:41.000000;571997bf-c76c-4023-9281-12d47af08082;425.99;1.25905377;UNKNOWN
2016-03-28T04:07:11.000000;2016-03-28T04:07:11.000000;e6e15ebf-5724-47ee-8a55-3f101a64197a;426.0;0.031656;UNKNOWN
2016-03-28T04:08:35.000000;2016-03-28T04:08:35.000000;6ad36d1d-5efd-4b2d-9ff0-86d921c74a5f;426.4;0.01698214;UNKNOWN
2016-03-28T04:08:37.000000;2016-03-28T04:08:37.000000;da5d0b4c-7b8f-43fd-82de-c302c4f565e4;426.12;0.74725142;UNKNOWN
2016-03-28T04:08:47.000000;2016-03-28T04:08:47.000000;ede3c4b8-3baf-4c72-8e0e-3231d7b653e2;426.12;0.0162;UNKNOWN
2016-03-28T04:08:51.000000;2016-03-28T04:08:51.000000;06361a71-8da1-482e-a46e-fa9bbcf75381;426.12;0.042032;UNKNOWN
2016-03-28T04:10:28.000000;2016-03-28T04:10:28.000000;4552b54e-1d10-4842-b77b-cd9103a8eae3;426.12;0.050681;UNKNOWN
2016-03-28T04:10:54.000000;2016-03-28T04:10:54.000000;78efa8e4-7c5e-435b-9e07-f45939b8afc7;426.34;0.01231;UNKNOWN
2016-03-28T04:12:03.000000;2016-03-28T04:12:03.000000;9952d7a6-7be8-44ae-9c9c-b7e05e25ceec;426.12;0.015604;UNKNOWN
2016-03-28T04:12:48.000000;2016-03-28T04:12:48.000000;216cf879-7bad-42e1-a0d3-a78711cd594b;426.17;0.025633;UNKNOWN
2016-03-28T04:12:51.000000;2016-03-28T04:12:51.000000;e156c1f0-8943-4d14-9387-3cc84ddb51a4;426.17;0.8;UNKNOWN
2016-03-28T04:17:05.000000;2016-03-28T04:17:05.000000;c4120027-aef7-47d3-acfc-2c496b63e0ae;426.19;0.15;UNKNOWN
2016-03-28T04:17:05.000000;2016-03-28T04:17:05.000000;2eed9bb5-b127-4909-b2da-fe217b65df70;426.12;4.019;UNKNOWN
2016-03-28T04:17:05.000000;2016-03-28T04:17:05.000000;dab7a467-4b7f-4177-9dd4-f7fd95400b65;426.19;5.831;UNKNOWN
2016-03-28T04:20:43.000000;2016-03-28T04:20:43.000000;732751cb-5e28-40b4-a539-eaf939bba82b;426.06;0.11623;UNKNOWN
2016-03-28T04:20:43.000000;2016-03-28T04:20:43.000000;1f71e110-87aa-444b-8cad-e75d1e2a3ef2;426.07;0.13174;UNKNOWN
2016-03-28T04:20:43.000000;2016-03-28T04:20:43.000000;494d9c48-8533-434f-b319-8c758041e083;426.07;0.05203;UNKNOWN
2016-03-28T04:21:52.000000;2016-03-28T04:21:52.000000;aa55490f-7f14-48e8-bd65-ea69a6327102;426.06;0.01579058;UNKNOWN
2016-03-28T04:24:05.000000;2016-03-28T04:24:05.000000;6fced65e-9e43-4ce7-b84d-239d03d4bbdb;426.36;1.40847995;UNKNOWN
2016-03-28T04:25:36.000000;2016-03-28T04:25:36.000000;c354efb8-7023-4dee-a832-a173ffe8bc49;426.31;6.0;UNKNOWN
2016-03-28T04:28:36.000000;2016-03-28T04:28:36.000000;6002129e-fe36-4a64-b12c-3599bef5c7bd;426.03;5.8677;UNKNOWN
2016-03-28T04:28:36.000000;2016-03-28T04:28:36.000000;afe63631-6273-49fb-877b-79eb50b7df95;426.03;1.6323;UNKNOWN
2016-03-28T04:28:37.000000;2016-03-28T04:28:37.000000;42dd4b78-a5da-4415-bf25-1a700ce476e5;426.03;7.5;UNKNOWN
2016-03-28T04:28:37.000000;2016-03-28T04:28:37.000000;6a96fba1-4396-4d56-9f36-d82a9592684a;425.85;5.84;UNKNOWN
2016-03-28T04:29:11.000000;2016-03-28T04:29:11.000000;514acb00-5761-4c36-a720-21538d795443;425.83;5.8521;UNKNOWN
2016-03-28T04:29:11.000000;2016-03-28T04:29:11.000000;bc321d99-fab2-49c3-8257-8cb6e1a36dd0;425.82;3.1479;UNKNOWN
2016-03-28T04:30:25.000000;2016-03-28T04:30:25.000000;26fd562f-82b4-4d4c-8a3b-775fc9ef92af;425.85;0.90198893;UNKNOWN
2016-03-28T04:32:13.000000;2016-03-28T04:32:13.000000;50367207-eaf4-48ea-ba0e-02a43378e645;426.22;9.12;UNKNOWN
2016-03-28T04:32:13.000000;2016-03-28T04:32:13.000000;a41660aa-1f8d-48db-a524-a39f164b5ef6;426.04;0.05;UNKNOWN
2016-03-28T04:32:13.000000;2016-03-28T04:32:13.000000;3baae67a-c6aa-43b9-ada6-071a930cb199;426.5;0.03205224;UNKNOWN
2016-03-28T04:32:13.000000;2016-03-28T04:32:13.000000;ed426d92-2847-4da5-9c0c-e44b58258415;426.5;0.015;UNKNOWN
2016-03-28T04:32:13.000000;2016-03-28T04:32:13.000000;ad9ff0f0-219a-4b1e-8a33-88bfb37daf77;426.21;15.9555;UNKNOWN
2016-03-28T04:32:31.000000;2016-03-28T04:32:31.000000;3c14d2a3-01f2-439c-9d76-713e51fd7368;426.6;1.2383;UNKNOWN
2016-03-28T04:32:31.000000;2016-03-28T04:32:31.000000;e3c65959-a98d-4526-9408-4535823881ae;426.77;0.26960974;UNKNOWN
2016-03-28T04:32:31.000000;2016-03-28T04:32:31.000000;d7f33241-d90d-4aa2-83f5-56b3681a8924;426.61;4.49736342;UNKNOWN
2016-03-28T04:32:31.000000;2016-03-28T04:32:31.000000;d0dc9a6c-3ef8-4382-946f-930b5991b48e;426.72;4.49736342;UNKNOWN
2016-03-28T04:32:31.000000;2016-03-28T04:32:31.000000;069a2176-d196-4534-afc9-c0be610688f2;426.66;4.49736342;UNKNOWN
2016-03-28T04:35:06.000000;2016-03-28T04:35:06.000000;9816e789-cb55-4fe5-9e62-53927b053ddf;426.75;0.51646123;UNKNOWN
2016-03-28T04:36:00.000000;2016-03-28T04:36:00.000000;6f53b457-651b-47b8-988a-4e6baf9440e1;426.75;0.01;UNKNOWN
2016-03-28T04:36:15.000000;2016-03-28T04:36:15.000000;af2d8561-7e78-4cbd-9af8-0e418f0166a9;426.8;2.0;UNKNOWN
2016-03-28T04:36:15.000000;2016-03-28T04:36:15.000000;7cff33ad-189e-4881-9e65-e5fb98f48f16;426.8;10.0;UNKNOWN
2016-03-28T04:36:29.000000;2016-03-28T04:36:29.000000;8c18ae6f-8870-49cc-a545-dd226714c2e2;427.06;4.5;UNKNOWN
2016-03-28T04:36:29.000000;2016-03-28T04:36:29.000000;f7faf4dc-b383-40dc-a843-a0fe7b274be2;426.99;4.49564484;UNKNOWN
2016-03-28T04:36:29.000000;2016-03-28T04:36:29.000000;18b2ed8b-5774-4fbe-9cdf-68967e8e4e1e;426.8;7.69;UNKNOWN
2016-03-28T04:36:29.000000;2016-03-28T04:36:29.000000;0cfdf09e-400a-4473-92ef-ba49b4a19217;427.06;5.78211032;UNKNOWN
2016-03-28T04:36:29.000000;2016-03-28T04:36:29.000000;3936e0ff-0ef1-4877-a974-aad826371966;427.0;10.0;UNKNOWN
2016-03-28T04:36:29.000000;2016-03-28T04:36:29.000000;dc31698d-e950-42e1-b665-fb7cdf10538e;426.79;0.0366;UNKNOWN
2016-03-28T04:36:29.000000;2016-03-28T04:36:29.000000;196c7c2b-c5ac-4625-ae29-e59bf6fef9e1;427.04;4.49564484;UNKNOWN
2016-03-28T04:36:38.000000;2016-03-28T04:36:38.000000;0ce1c1c0-5272-4b79-84cb-54c49facedbd;427.16;3.0;UNKNOWN
2016-03-28T04:36:53.000000;2016-03-28T04:36:53.000000;b760200b-9957-4f3b-9fa3-b7a1308948e5;427.0;0.0197;UNKNOWN
2016-03-28T04:37:20.000000;2016-03-28T04:37:20.000000;d21e0365-0f14-4b77-87b2-4f0fd5002ecf;427.0;0.0197;UNKNOWN
2016-03-28T04:37:21.000000;2016-03-28T04:37:21.000000;20ec2f91-5aaf-4a9c-87a6-bd0c50b0898f;427.0;3.0;UNKNOWN
2016-03-28T04:37:24.000000;2016-03-28T04:37:24.000000;cd0c200f-72db-4f8a-aa93-2ac56e7cdb34;426.61;0.0197;UNKNOWN
2016-03-28T04:37:26.000000;2016-03-28T04:37:26.000000;76f96ece-476c-4ae3-8a43-a110a7575f25;427.36;1.98771109;UNKNOWN
2016-03-28T04:37:26.000000;2016-03-28T04:37:26.000000;567f84be-7209-48bd-ae0d-4e2519cdea29;427.35;2.18;UNKNOWN
2016-03-28T04:37:26.000000;2016-03-28T04:37:26.000000;77fc8793-e8ee-4553-bda3-0ab40721832c;427.3;0.233;UNKNOWN
2016-03-28T04:37:26.000000;2016-03-28T04:37:26.000000;6290ddfc-169c-4d56-b84f-7b4ced30f815;427.31;5.54;UNKNOWN
2016-03-28T04:37:26.000000;2016-03-28T04:37:26.000000;4dda5c21-294e-4250-9e32-3203a53c152f;427.16;12.9282;UNKNOWN
2016-03-28T04:37:26.000000;2016-03-28T04:37:26.000000;4e2c5043-b9c7-4687-ac15-9df360b516db;427.32;2.2;UNKNOWN
2016-03-28T04:37:26.000000;2016-03-28T04:37:26.000000;199b8b58-54a5-4002-97de-fc2afd304553;427.31;11.8243;UNKNOWN
2016-03-28T04:37:26.000000;2016-03-28T04:37:26.000000;1c3ddeee-079d-4244-8edb-e772260c2cea;427.31;12.0;UNKNOWN
2016-03-28T04:37:26.000000;2016-03-28T04:37:26.000000;23a1fe9e-30fc-483c-b51c-6a7da1e0534e;427.27;2.05;UNKNOWN
2016-03-28T04:37:26.000000;2016-03-28T04:37:26.000000;2cc3cdd7-e934-49ed-a812-6714049d6198;427.28;4.49473554;UNKNOWN
2016-03-28T04:37:26.000000;2016-03-28T04:37:26.000000;3bd9087d-dfe2-4f01-94bb-51c93b424f59;427.19;2.05;UNKNOWN
2016-03-28T04:37:26.000000;2016-03-28T04:37:26.000000;693e5447-611c-42bb-8cd8-d054ff0716a7;427.19;11.3908;UNKNOWN
2016-03-28T04:37:26.000000;2016-03-28T04:37:26.000000;6834d3bb-e7e4-40b5-bfe5-238ab91cce58;427.24;4.49453352;UNKNOWN
2016-03-28T04:37:26.000000;2016-03-28T04:37:26.000000;80f1ae1d-cbb7-4f62-98fa-f4471591cdd5;427.2;4.49453352;UNKNOWN
2016-03-28T04:37:26.000000;2016-03-28T04:37:26.000000;6f86cd25-7196-45c0-a29d-a64ffe2dd0ea;427.23;2.05;UNKNOWN
2016-03-28T04:37:29.000000;2016-03-28T04:37:29.000000;88872bc1-eeb7-40e8-be9d-3d838d92d94f;426.72;0.0197;UNKNOWN
2016-03-28T04:37:33.000000;2016-03-28T04:37:33.000000;92f1ee93-2a53-4800-b330-2af0318067a8;426.8;0.0197;UNKNOWN
2016-03-28T04:37:38.000000;2016-03-28T04:37:38.000000;6bda1b25-0235-4539-b26f-632b515853bf;426.88;0.0197;UNKNOWN
2016-03-28T04:37:42.000000;2016-03-28T04:37:42.000000;8148c37f-0556-486a-96e8-41f9353b19d6;426.95;0.0198;UNKNOWN
2016-03-28T04:37:47.000000;2016-03-28T04:37:47.000000;71f37bf5-7488-49df-a514-d102fc015478;427.38;0.05;UNKNOWN
2016-03-28T04:37:47.000000;2016-03-28T04:37:47.000000;300ddd1e-78a3-4b3c-8715-fa0c4f52d298;427.4;0.55;UNKNOWN
2016-03-28T04:37:48.000000;2016-03-28T04:37:48.000000;486da237-aca5-4631-9857-b62506e5a821;426.97;0.5157;UNKNOWN
2016-03-28T04:38:14.000000;2016-03-28T04:38:14.000000;cf236a20-9380-453e-86d1-d8368cd2915d;427.4;1.0;UNKNOWN
2016-03-28T04:39:27.000000;2016-03-28T04:39:27.000000;e9e29d4a-23bd-4739-bf2f-a81b0315dcf7;427.0;0.2;UNKNOWN
2016-03-28T04:39:27.000000;2016-03-28T04:39:27.000000;ee25aab3-ef02-47fd-909b-f4cdba817a48;427.0;1.8;UNKNOWN
2016-03-28T04:40:36.000000;2016-03-28T04:40:36.000000;6463f5b5-7224-48a8-8553-5ede35af56cf;427.27;0.54943143;UNKNOWN
2016-03-28T04:41:07.000000;2016-03-28T04:41:07.000000;1e387fe7-ce59-42cd-922c-370a676c93c5;427.27;3.43840348;UNKNOWN
2016-03-28T04:41:42.000000;2016-03-28T04:41:42.000000;797ddfdf-6940-49a0-bf71-5882aaa0bbd5;427.01;0.01;UNKNOWN
2016-03-28T04:41:46.000000;2016-03-28T04:41:46.000000;ff34f3fd-77f8-4c8b-ac0e-9d258fd2ed96;427.0;0.536138;UNKNOWN
2016-03-28T04:41:51.000000;2016-03-28T04:41:51.000000;7210b2ed-fa0b-41f2-bd78-1950ca32cea2;427.14;1.01;UNKNOWN
2016-03-28T04:41:53.000000;2016-03-28T04:41:53.000000;e9db506f-c118-4a42-b1e8-e57705dbb75a;427.14;1.0;UNKNOWN
2016-03-28T04:42:05.000000;2016-03-28T04:42:05.000000;70ea51a1-8ab6-4e2e-89af-9ac5e26152fd;427.28;3.1;UNKNOWN
2016-03-28T04:42:21.000000;2016-03-28T04:42:21.000000;4cbc4715-166d-4988-a639-87697f7c2b7a;427.16;0.02564834;UNKNOWN
2016-03-28T04:42:21.000000;2016-03-28T04:42:21.000000;98109fd0-1094-4616-9eb3-789c443cc354;427.03;0.44271402;UNKNOWN
2016-03-28T04:42:29.000000;2016-03-28T04:42:29.000000;8b5b0aef-a8ae-4436-ab08-9d38e723fd03;427.28;0.25;UNKNOWN
2016-03-28T04:42:34.000000;2016-03-28T04:42:34.000000;22242681-1eba-40d4-8adc-e1d8543d6011;427.27;0.01;UNKNOWN
2016-03-28T04:43:05.000000;2016-03-28T04:43:05.000000;6c461303-9995-429a-a428-b3c0addf68ca;426.99;4.1628;UNKNOWN
2016-03-28T04:43:05.000000;2016-03-28T04:43:05.000000;7a659d64-f2ee-433d-b09e-98f65be61a57;427.07;5.8372;UNKNOWN
2016-03-28T04:43:19.000000;2016-03-28T04:43:19.000000;d660fffb-91e6-441f-82eb-101e1a64ce63;426.99;0.445477;UNKNOWN
2016-03-28T04:43:25.000000;2016-03-28T04:43:25.000000;9fb4e313-a39b-4f3d-aed4-d607f6ada189;427.0;0.170903;UNKNOWN
2016-03-28T04:43:25.000000;2016-03-28T04:43:25.000000;1bb6e6a5-eef7-45e7-9c36-7d76e27debdb;427.28;0.01;UNKNOWN
2016-03-28T04:44:04.000000;2016-03-28T04:44:04.000000;039507ac-eae8-46dc-a0dc-8feab6f85863;427.48;0.78460249;UNKNOWN
2016-03-28T04:44:04.000000;2016-03-28T04:44:04.000000;bc3f42f6-0077-4fde-b62d-6f40036e79bd;427.29;25.0;UNKNOWN
2016-03-28T04:44:04.000000;2016-03-28T04:44:04.000000;b729dda4-f158-4698-a461-a875aa03cece;427.3;9.5;UNKNOWN
2016-03-28T04:44:04.000000;2016-03-28T04:44:04.000000;15e60e7b-8405-4691-9276-4877f9c2dae7;427.44;12.3231;UNKNOWN
2016-03-28T04:44:05.000000;2016-03-28T04:44:05.000000;969cd48f-523c-4b24-b961-7b6480a728eb;427.04;5.8433;UNKNOWN
2016-03-28T04:44:05.000000;2016-03-28T04:44:05.000000;ce0e9bce-e091-4415-8cc0-9e549024ad55;426.99;1.6167;UNKNOWN
2016-03-28T04:44:36.000000;2016-03-28T04:44:36.000000;fce94a32-ef82-4d6a-b06b-514e62538dc0;427.5;0.09585734;UNKNOWN
2016-03-28T04:45:22.000000;2016-03-28T04:45:22.000000;24c51d7c-a9ea-4084-96a7-b61a71f4c0bc;427.51;0.02;UNKNOWN
2016-03-28T04:46:52.000000;2016-03-28T04:46:52.000000;31732fe5-b37f-42de-bc53-9b82f02dc4d3;427.14;0.223142;UNKNOWN
2016-03-28T04:47:07.000000;2016-03-28T04:47:07.000000;425b0cb3-9a14-4385-804c-26237eebc182;427.14;0.01538645;UNKNOWN
2016-03-28T04:47:08.000000;2016-03-28T04:47:08.000000;021c8802-832d-4676-8d73-ff265144a25f;427.14;0.01538753;UNKNOWN
2016-03-28T04:48:08.000000;2016-03-28T04:48:08.000000;440f22fb-dee1-4453-a036-2b4fa29f16ed;427.47;0.01;UNKNOWN
2016-03-28T04:48:24.000000;2016-03-28T04:48:24.000000;1dd1ecdf-da9d-408b-9a5c-18d1e84d2523;427.15;0.052927;UNKNOWN
2016-03-28T04:48:30.000000;2016-03-28T04:48:30.000000;f09f1696-8fbe-4b45-8c3b-74002c8bc507;427.14;0.01119;UNKNOWN
2016-03-28T04:48:30.000000;2016-03-28T04:48:30.000000;8740bd35-858d-4542-97ab-d764dc923b7d;427.15;0.035073;UNKNOWN
2016-03-28T04:48:57.000000;2016-03-28T04:48:57.000000;230d5c9c-6b0b-4911-becf-6a9190719674;427.47;0.01274585;UNKNOWN
2016-03-28T04:49:07.000000;2016-03-28T04:49:07.000000;5afc89c1-453a-4b06-b0d4-e898359139da;427.19;0.03284;UNKNOWN
2016-03-28T04:49:54.000000;2016-03-28T04:49:54.000000;04734bde-b22d-421d-aa20-a076cfd16288;427.47;2.5;UNKNOWN
2016-03-28T04:50:01.000000;2016-03-28T04:50:01.000000;f11d315f-6ea6-4411-8993-a065aceb05e0;427.42;12.7495;UNKNOWN
2016-03-28T04:50:01.000000;2016-03-28T04:50:01.000000;0c8be36b-861a-470e-aa7e-698d8382039a;427.47;8.64395562;UNKNOWN
2016-03-28T04:50:13.000000;2016-03-28T04:50:13.000000;d5967427-00bb-4b52-bdf5-7cb217a091dd;427.32;1.0;UNKNOWN
2016-03-28T04:50:39.000000;2016-03-28T04:50:39.000000;6ba692c8-2908-4cf4-90d3-a89e422d65a5;427.21;1.92312339;UNKNOWN
2016-03-28T04:50:42.000000;2016-03-28T04:50:42.000000;d8050f64-1b6c-43b0-8076-f727c66405ea;427.29;5.7929;UNKNOWN
2016-03-28T04:50:42.000000;2016-03-28T04:50:42.000000;aa77af75-c264-49e1-8499-2127b32c33ce;427.28;2.54073861;UNKNOWN
2016-03-28T04:51:23.000000;2016-03-28T04:51:23.000000;5c391617-def9-4a96-9513-ee6bcf62d810;427.12;0.6215542;UNKNOWN
2016-03-28T04:51:58.000000;2016-03-28T04:51:58.000000;f74ecbf9-4264-4d21-83ef-e725c384ab96;427.43;0.12117282;UNKNOWN
2016-03-28T04:52:09.000000;2016-03-28T04:52:09.000000;abab3dd6-8077-4e3e-8e0a-98fa9c6a7e16;427.41;0.02;UNKNOWN
2016-03-28T04:52:24.000000;2016-03-28T04:52:24.000000;58832019-6a44-44bf-9105-af94da28d5cb;427.41;0.02;UNKNOWN
2016-03-28T04:52:36.000000;2016-03-28T04:52:36.000000;0edce5a1-da80-4a4d-8ae4-11e6df25ccad;427.29;0.02;UNKNOWN
2016-03-28T04:53:02.000000;2016-03-28T04:53:02.000000;f637402f-b161-4e45-bde5-20ceb5cb5976;427.11;0.5;UNKNOWN
2016-03-28T04:53:04.000000;2016-03-28T04:53:04.000000;98abf285-780d-4b86-ac18-894f2b5b8c93;427.11;10.0;UNKNOWN
2016-03-28T04:53:05.000000;2016-03-28T04:53:05.000000;cd39831f-61b4-4f85-b8dd-6a88a23dda4a;427.11;4.5;UNKNOWN
2016-03-28T04:53:05.000000;2016-03-28T04:53:05.000000;b788d664-d42f-4cfc-af2e-eeb017b3b041;426.99;5.5;UNKNOWN
2016-03-28T04:53:05.000000;2016-03-28T04:53:05.000000;2f5389b8-fa40-4a8d-ba6e-6ae90cf20efe;427.15;0.02;UNKNOWN
2016-03-28T04:53:06.000000;2016-03-28T04:53:06.000000;3c50925d-a5b9-4e37-a62e-1a3a2f4145fe;426.6;1.724977;UNKNOWN
2016-03-28T04:53:06.000000;2016-03-28T04:53:06.000000;448ea1d9-88e9-430a-95c9-f44420d2a26e;426.99;8.275023;UNKNOWN
2016-03-28T04:53:10.000000;2016-03-28T04:53:10.000000;6462a679-5e18-4c5e-b811-80603d252782;426.6;0.191;UNKNOWN
2016-03-28T04:53:19.000000;2016-03-28T04:53:19.000000;e0d840a1-2652-48a1-a545-9d933419597a;426.6;0.051001;UNKNOWN
2016-03-28T04:53:20.000000;2016-03-28T04:53:20.000000;65df43c6-6c8e-48c4-ab5e-2f2813af8a0a;426.6;0.05236;UNKNOWN
2016-03-28T04:53:43.000000;2016-03-28T04:53:43.000000;a6e34089-7ce6-495a-8569-28a46d4f8ea2;426.71;0.02;UNKNOWN
2016-03-28T04:54:05.000000;2016-03-28T04:54:05.000000;2f48f8e9-240f-43be-b5c3-9e616f43175e;426.5;2.0;UNKNOWN
2016-03-28T04:54:05.000000;2016-03-28T04:54:05.000000;cccbddc7-0cf6-41c6-aa33-232a04796c3c;426.6;0.98724857;UNKNOWN
2016-03-28T04:54:05.000000;2016-03-28T04:54:05.000000;7dba275a-fa8f-481d-947e-46d62c8ac3e6;426.05;0.04265143;UNKNOWN
2016-03-28T04:54:05.000000;2016-03-28T04:54:05.000000;cad11bba-97d1-4d17-b401-6f8b82023642;426.6;4.4211;UNKNOWN
2016-03-28T04:54:12.000000;2016-03-28T04:54:12.000000;2efd53d8-f954-436a-a65c-83e9eaf2c69e;426.58;0.02;UNKNOWN
2016-03-28T04:56:10.000000;2016-03-28T04:56:10.000000;9ee5ecdd-a9ee-4ae0-aa6b-1754aebe5c16;426.44;5.0;UNKNOWN
2016-03-28T04:56:42.000000;2016-03-28T04:56:42.000000;7b63039f-2aa0-49ee-9ef2-282a536987ac;426.48;5.8796;UNKNOWN
2016-03-28T04:56:42.000000;2016-03-28T04:56:42.000000;cc41bd42-bd22-4185-9ce4-67481ef1ecea;426.48;2.0204;UNKNOWN
2016-03-28T04:56:55.000000;2016-03-28T04:56:55.000000;7ea712d9-4f96-4c92-8b6c-62ebbd9b32b8;426.57;0.1;UNKNOWN
2016-03-28T04:57:05.000000;2016-03-28T04:57:05.000000;4a661065-d121-414f-8bef-0962f98f7844;426.57;0.0619;UNKNOWN
2016-03-28T04:57:05.000000;2016-03-28T04:57:05.000000;aaa5699c-c608-464d-9a17-5be8a8bacbed;426.56;0.0381;UNKNOWN
2016-03-28T04:57:06.000000;2016-03-28T04:57:06.000000;201f33ad-a4b4-4ef3-89e9-6dc22100fb85;426.44;0.1;UNKNOWN
2016-03-28T04:57:06.000000;2016-03-28T04:57:06.000000;58863f0e-ddc1-41d3-8843-1f5c9cd7afc5;426.44;0.4;UNKNOWN
2016-03-28T04:57:36.000000;2016-03-28T04:57:36.000000;844a4f0c-9029-481c-85bd-1d779ddca907;426.37;0.05;UNKNOWN
2016-03-28T04:57:37.000000;2016-03-28T04:57:37.000000;2e7d88b7-9b0e-454c-a74a-8e67537ceccc;426.38;0.01708099;UNKNOWN
2016-03-28T04:57:38.000000;2016-03-28T04:57:38.000000;730f526a-1742-4f3f-a54b-590a254baf48;426.38;0.77142752;UNKNOWN
2016-03-28T04:58:14.000000;2016-03-28T04:58:14.000000;ecbb67f6-6b8b-41e6-8763-9401c1efc7ef;426.29;0.33122557;UNKNOWN
2016-03-28T04:58:14.000000;2016-03-28T04:58:14.000000;e8ea88b8-9460-440a-a492-72fa24f50553;426.29;0.5;UNKNOWN
2016-03-28T04:58:56.000000;2016-03-28T04:58:56.000000;1bedb2c5-ff1c-4c09-bd84-e79760e0d47d;426.35;0.83125604;UNKNOWN
2016-03-28T05:00:05.000000;2016-03-28T05:00:05.000000;e08ff2f5-74d2-4a8f-8e97-734748355553;426.31;4.1483;UNKNOWN
2016-03-28T05:00:05.000000;2016-03-28T05:00:05.000000;a1c15de3-c464-48d3-894c-34a7780a8469;426.31;5.8517;UNKNOWN
2016-03-28T05:00:06.000000;2016-03-28T05:00:06.000000;24b4978d-d096-476d-83ad-f74f062f7787;426.25;9.9;UNKNOWN
2016-03-28T05:00:06.000000;2016-03-28T05:00:06.000000;eff12a3c-2a38-4b9b-9b41-bae5cd2d9c77;426.25;0.1;UNKNOWN
2016-03-28T05:00:07.000000;2016-03-28T05:00:07.000000;1672e1a1-004a-4d04-b59c-f09a6a07b635;426.22;1.5;UNKNOWN
2016-03-28T05:00:07.000000;2016-03-28T05:00:07.000000;a0c48a92-4952-412a-8b12-fb58e4befa1f;426.22;0.91;UNKNOWN
2016-03-28T05:00:07.000000;2016-03-28T05:00:07.000000;b1d64f07-ff5d-456c-b3d0-d816df823750;426.21;7.59;UNKNOWN
2016-03-28T05:00:08.000000;2016-03-28T05:00:08.000000;bf49a659-51a7-4c70-9aba-2967430d1d44;426.47;2.32475569;UNKNOWN
2016-03-28T05:00:40.000000;2016-03-28T05:00:40.000000;eb74601a-42c8-4e87-83b6-3ee7e9e5db19;426.59;3.8986;UNKNOWN
2016-03-28T05:00:40.000000;2016-03-28T05:00:40.000000;ddaea152-2c98-467f-98d4-bfd85ade526b;426.43;5.8197;UNKNOWN
2016-03-28T05:00:40.000000;2016-03-28T05:00:40.000000;cef4d310-1e42-42ac-87f7-ee99175a2d52;426.43;13.7062;UNKNOWN
2016-03-28T05:00:40.000000;2016-03-28T05:00:40.000000;22374607-d307-49d2-8ac3-3ec0012b9479;426.45;13.7255;UNKNOWN
2016-03-28T05:01:05.000000;2016-03-28T05:01:05.000000;5fc6fc84-ecf8-4060-b3fa-ec23120ecdb1;426.35;0.5;UNKNOWN
2016-03-28T05:01:05.000000;2016-03-28T05:01:05.000000;501b54a7-aa69-4ee8-b353-46a25d381877;426.34;3.986;UNKNOWN
2016-03-28T05:01:05.000000;2016-03-28T05:01:05.000000;be1b03db-e175-4bee-8a0f-a28ef32431a3;426.35;3.0;UNKNOWN
2016-03-28T05:03:12.000000;2016-03-28T05:03:12.000000;574d34e2-58de-4b67-ae28-d4d2db7fa4ea;426.4;0.06618367;UNKNOWN
2016-03-28T05:07:59.000000;2016-03-28T05:07:59.000000;4fb7d869-6fc1-4e37-8410-c17d4aa0b92b;426.52;0.44530802;UNKNOWN
2016-03-28T05:08:06.000000;2016-03-28T05:08:06.000000;1f00a271-4550-470e-bdda-33c905e1d629;426.6;0.06231372;UNKNOWN
2016-03-28T05:09:04.000000;2016-03-28T05:09:04.000000;e36e0da3-db5e-493d-8a9e-af1bdfe885e2;426.58;0.01783425;UNKNOWN
2016-03-28T05:09:05.000000;2016-03-28T05:09:05.000000;9e46ec97-b0c2-4ded-acf6-c38a5f46b9c1;426.52;0.37371;UNKNOWN
2016-03-28T05:09:18.000000;2016-03-28T05:09:18.000000;79277aa8-51e2-47fb-b2ba-74a697b5d945;426.52;0.40120263;UNKNOWN
2016-03-28T05:10:05.000000;2016-03-28T05:10:05.000000;1cb5c50a-a590-476a-b418-c66ac49d95eb;426.53;0.22684;UNKNOWN
2016-03-28T05:10:14.000000;2016-03-28T05:10:14.000000;c797a5ec-d9dd-4450-a493-239cbc67d5e3;426.52;0.33;UNKNOWN
2016-03-28T05:11:04.000000;2016-03-28T05:11:04.000000;618bc72f-88a0-4fa5-aeb3-b5b99539cecb;426.52;0.25;UNKNOWN
2016-03-28T05:12:08.000000;2016-03-28T05:12:08.000000;098bb2bc-40fe-438f-bc20-59a2becf566c;426.52;0.01;UNKNOWN
2016-03-28T05:13:34.000000;2016-03-28T05:13:34.000000;8702b07a-85b9-44c6-8b29-c1133c0d3615;426.53;0.25;UNKNOWN
2016-03-28T05:14:37.000000;2016-03-28T05:14:37.000000;b4b20c86-d818-4d18-9b0b-e7a63718e974;426.53;0.25;UNKNOWN
2016-03-28T05:16:03.000000;2016-03-28T05:16:03.000000;108127a8-9ddf-47a0-8f17-3404acf2e703;426.46;0.1;UNKNOWN
2016-03-28T05:17:04.000000;2016-03-28T05:17:04.000000;4593394c-7ade-495b-8212-2ec2a57afcf8;426.38;3.74865729;UNKNOWN
2016-03-28T05:17:20.000000;2016-03-28T05:17:20.000000;e1148f77-360b-479c-97a6-bcb343c9ae83;426.53;0.25;UNKNOWN
2016-03-28T05:18:27.000000;2016-03-28T05:18:27.000000;aa0f9976-f82f-4a29-bae2-be8b1b65ddcd;426.83;1.91576478;UNKNOWN
2016-03-28T05:18:27.000000;2016-03-28T05:18:27.000000;fef99739-9204-4019-a50c-725d5df4ec1f;426.75;0.2;UNKNOWN
2016-03-28T05:18:27.000000;2016-03-28T05:18:27.000000;73b5160d-9458-45e4-a62a-6eddf768bd0b;426.69;0.2;UNKNOWN
2016-03-28T05:18:27.000000;2016-03-28T05:18:27.000000;2203b954-48b6-47c3-9ce3-1bf792643540;426.68;0.013738;UNKNOWN
2016-03-28T05:18:27.000000;2016-03-28T05:18:27.000000;54c31706-9cfc-4d3b-be74-a8b78d6fd86c;426.53;5.1373;UNKNOWN
2016-03-28T05:20:02.000000;2016-03-28T05:20:02.000000;1524d209-0fc7-4758-b334-6050d562f5a7;426.55;0.010474;UNKNOWN
2016-03-28T05:20:42.000000;2016-03-28T05:20:42.000000;4ae5499e-ca11-4c98-be9a-8bc2e4645f93;426.75;0.01;UNKNOWN
2016-03-28T05:21:34.000000;2016-03-28T05:21:34.000000;80a1046b-0314-447b-a1ee-1ab2a6299af8;426.7;1.90529078;UNKNOWN
2016-03-28T05:21:34.000000;2016-03-28T05:21:34.000000;9169af24-4d96-453b-8c27-4e9fa3cbe3f3;426.7;13.6244;UNKNOWN
2016-03-28T05:21:36.000000;2016-03-28T05:21:36.000000;00bb2f3a-85a6-4fc5-b00e-34812fede859;426.7;1.0;UNKNOWN
2016-03-28T05:21:42.000000;2016-03-28T05:21:42.000000;a32b4c9e-e3d6-4d5e-8382-c195d226d7a4;426.48;0.012077;UNKNOWN
2016-03-28T05:21:46.000000;2016-03-28T05:21:46.000000;66824e5b-42ad-448f-947d-e70715f89c0a;426.49;0.010478;UNKNOWN
