time_exchange;time_coinpai;guid;price;base_amount;taker_side
2016-03-27T00:11:21.000000;2016-03-27T00:11:21.967000;4e68dd9e-8ff9-466b-a47d-b1c26168550b;10.981;0.1291;BUY
2016-03-27T00:22:37.000000;2016-03-27T00:22:37.147000;0727c535-ee4c-48db-af10-f2c7edb45eea;10.925;2.18;SELL
2016-03-27T01:22:19.000000;2016-03-27T01:22:20.000000;b8a26d17-3459-4e44-b1d1-fbfc17e61d30;10.979;1.1;BUY
2016-03-27T01:22:19.000000;2016-03-27T01:22:20.010000;3984e0cf-a2ad-4730-9ad5-7337a3d29f48;10.98;0.9684091;BUY
2016-03-27T01:22:20.000000;2016-03-27T01:22:20.890000;473fcb22-fd6e-4984-ab39-5e67b62802be;10.98;7.9315909;BUY
2016-03-27T01:48:39.000000;2016-03-27T01:48:41.827000;15d26af7-d75f-428f-a18d-e0cad50bdda1;10.922;54.0633;SELL
2016-03-27T01:48:39.000000;2016-03-27T01:48:41.837000;092944a1-0af7-40b8-b8da-03fe987740df;10.9;2.495433;SELL
2016-03-27T01:48:39.000000;2016-03-27T01:48:41.857000;88c2e1e2-6287-423e-a15b-54099280cc52;10.899;2.84284284;SELL
2016-03-27T01:48:39.000000;2016-03-27T01:48:41.857000;3bda317b-e540-4b90-8d41-465f1472034c;10.888;2.002002;SELL
2016-03-27T01:48:39.000000;2016-03-27T01:48:41.857000;f13bd2e7-8ee2-4bb5-af91-32ece0f1a02e;10.821;0.3503;SELL
2016-03-27T01:48:39.000000;2016-03-27T01:48:41.857000;826a1e2e-8bc2-4ea8-a3eb-98cda144ca3f;10.819;131.09192514;SELL
2016-03-27T02:11:26.000000;2016-03-27T02:11:26.283000;303af6b1-1c5e-4932-86e3-5c89eed7763c;10.98;1.0;BUY
2016-03-27T02:13:12.000000;2016-03-27T02:13:12.757000;37fd1ba8-7102-4bf4-899b-d51127a92c3f;10.98;0.1;BUY
2016-03-27T02:51:28.000000;2016-03-27T02:51:28.677000;4e971c88-1f2f-42fb-b2ac-24f98c8928e1;10.9;7.4;SELL
2016-03-27T02:52:03.000000;2016-03-27T02:52:03.327000;d83ac6f9-6e51-4687-aef8-e5d81c0f0e62;10.891;1.0;BUY
2016-03-27T02:52:48.000000;2016-03-27T02:52:49.040000;04d3ec12-fc18-42ad-b58b-0b9139d36a2f;10.88;9.15084;SELL
2016-03-27T02:52:50.000000;2016-03-27T02:52:50.183000;a3bc9c66-2de1-498e-9d48-6b33234fbe6f;10.88;0.84915976;SELL
2016-03-27T02:58:40.000000;2016-03-27T02:58:40.383000;ff0be71b-57cf-4340-a186-e8d028ac4ecd;10.808;0.23772472;SELL
2016-03-27T03:13:57.000000;2016-03-27T03:13:57.043000;a88f661b-016b-4af8-a68a-0abbf616f8e5;10.808;0.19690661;SELL
2016-03-27T03:33:24.000000;2016-03-27T03:33:24.887000;536ff974-12a5-4b34-ae0c-dec18af8b218;10.863;1.0122;BUY
2016-03-27T03:33:33.000000;2016-03-27T03:33:33.250000;1dff2909-68a2-4f2a-8749-7a2ba630ef5e;10.863;39.35178875;BUY
2016-03-27T03:34:50.000000;2016-03-27T03:34:50.083000;621796c1-7982-4328-a207-d5c4b3563db2;10.867;7.63837326;BUY
2016-03-27T04:33:53.000000;2016-03-27T04:33:53.647000;e007266f-1cdf-4ce8-8d18-ca3731769f00;10.868;8.81119976;BUY
2016-03-27T04:51:58.000000;2016-03-27T04:51:58.327000;35e5a5e9-2d42-4787-ace9-631dbb38633a;10.87;1.18880024;BUY
2016-03-27T04:53:03.000000;2016-03-27T04:53:03.407000;2cddee9c-3208-4399-b940-423f024cb99f;10.88;1.18880024;SELL
2016-03-27T04:53:03.000000;2016-03-27T04:53:03.417000;198a3bb7-59c9-4015-8e36-996ec4552ed0;10.878;2.478853;SELL
2016-03-27T04:53:03.000000;2016-03-27T04:53:03.420000;1c220c01-7a4d-487b-a866-3b08eff980b7;10.872;11.62030906;SELL
2016-03-27T05:03:59.000000;2016-03-27T05:03:59.940000;c10d8642-528f-4766-859d-7e5dc4910fd6;10.881;0.86732877;SELL
2016-03-27T05:43:08.000000;2016-03-27T05:43:09.087000;45eb7a9a-609c-4693-af66-787f8b5bb92b;10.851;0.2465;SELL
2016-03-27T05:48:20.000000;2016-03-27T05:48:20.800000;6dc5d847-1812-4183-a652-fee5df022ef9;10.888;3.4623416;BUY
2016-03-27T06:08:01.000000;2016-03-27T06:08:01.937000;99fb47d8-1aab-4f0c-8730-6aedeccd79fc;10.886;3.9376584;BUY
2016-03-27T06:08:01.000000;2016-03-27T06:08:01.943000;80fd3af6-97a6-47d8-962a-2203aeacfe08;10.888;7.39999965;BUY
2016-03-27T06:08:08.000000;2016-03-27T06:08:08.677000;9f23a2db-be12-4063-8b16-c52a22752b2b;10.94;1.616692;BUY
2016-03-27T06:08:11.000000;2016-03-27T06:08:11.810000;ddd90068-6eca-4172-b901-24a055cedb2d;10.94;1.616692;SELL
2016-03-27T06:08:11.000000;2016-03-27T06:08:11.817000;0420e31b-0d42-462f-b652-8afa2303ab58;10.94;1.131708;SELL
2016-03-27T06:13:17.000000;2016-03-27T06:13:17.820000;d20f5ec2-449f-4409-8a66-b9fad95fd430;10.94;0.484984;SELL
2016-03-27T06:30:06.000000;2016-03-27T06:30:06.280000;db4e9fa6-05b3-4f0f-bf8c-a7e211427177;10.888;26.3011764;SELL
2016-03-27T06:30:06.000000;2016-03-27T06:30:06.317000;0ad35f20-34f3-4d2e-a9b6-12e2e86fe40f;10.888;2.46969683;SELL
2016-03-27T06:30:07.000000;2016-03-27T06:30:07.357000;ff50d259-2780-465c-9ebf-b1446ea648bf;10.888;2.46969683;SELL
2016-03-27T06:30:07.000000;2016-03-27T06:30:07.900000;307ab328-7e95-4065-8b0a-f7ab19c1768d;10.888;2.472169;SELL
2016-03-27T06:30:07.000000;2016-03-27T06:30:08.003000;fa386caa-f06b-4802-9b5a-ac52faebd1bc;10.888;2.46969683;SELL
2016-03-27T06:30:08.000000;2016-03-27T06:30:08.460000;fe2c8322-b3fd-4a03-bdcc-c39bb7da295d;10.888;2.472169;SELL
2016-03-27T06:30:09.000000;2016-03-27T06:30:09.567000;0ebfda3e-5e4a-402f-9bb4-1aa52af30419;10.888;2.46969683;SELL
2016-03-27T06:30:09.000000;2016-03-27T06:30:09.587000;fffe41f4-8522-44f5-a6f0-55ab7a2dcf9e;10.888;2.472169;SELL
2016-03-27T06:30:09.000000;2016-03-27T06:30:09.603000;37a3bbaa-4c5f-42c3-abbd-9ecc7489db30;10.888;1.40352928;SELL
2016-03-27T06:56:16.000000;2016-03-27T06:56:16.547000;0b3ed7fb-1716-4f29-b707-6beeff913f1a;10.84;0.68627205;BUY
2016-03-27T06:56:22.000000;2016-03-27T06:56:22.630000;de425043-9817-416e-8cec-b45c964f6461;10.841;1.2;BUY
2016-03-27T07:06:21.000000;2016-03-27T07:06:21.367000;933d0149-24ed-4b88-b69f-6cac04471085;10.841;1.22552553;BUY
2016-03-27T07:11:28.000000;2016-03-27T07:11:28.743000;ea2e54a9-f17d-48ad-9e87-60b722fd347d;10.841;0.03193147;BUY
2016-03-27T07:12:32.000000;2016-03-27T07:12:32.323000;5838fd61-b4ee-45bd-a136-0e677e766aeb;10.841;2.25920724;SELL
2016-03-27T07:13:19.000000;2016-03-27T07:13:19.380000;48704ccb-1715-40b3-8600-950ff21f2a26;10.841;1.74079276;SELL
2016-03-27T07:13:19.000000;2016-03-27T07:13:19.383000;7db9c25e-bfb7-4445-8fad-19602dd804a9;10.84;0.41349167;SELL
2016-03-27T07:47:04.000000;2016-03-27T07:47:04.577000;c85105eb-de14-48e4-a46f-b0535e9160ed;10.897;3.3792;BUY
2016-03-27T07:54:06.000000;2016-03-27T07:54:06.457000;c2ad1d3d-26fc-40c9-abf8-c1a6c65aaa1d;10.897;29.0135;BUY
2016-03-27T07:55:14.000000;2016-03-27T07:55:14.053000;867da818-2646-4692-b188-b4ad8f604fec;10.892;1.26558;SELL
2016-03-27T09:34:04.000000;2016-03-27T09:34:04.170000;58b7ad8e-ae58-4a25-bd90-49c9b66ca3a1;10.937;0.67123307;SELL
2016-03-27T09:34:04.000000;2016-03-27T09:34:04.183000;1bf248a2-1741-4a20-9f6d-f9ededab1cc9;10.936;0.42248693;SELL
2016-03-27T10:52:25.000000;2016-03-27T10:52:25.260000;8bd40ebc-37cd-4c66-9b53-7e9037c780b6;10.84;9.58650833;SELL
2016-03-27T10:52:25.000000;2016-03-27T10:52:25.270000;2448ebdd-1ad1-4700-896e-8889fcfe121c;10.808;0.02984128;SELL
2016-03-27T10:52:25.000000;2016-03-27T10:52:25.273000;7619b9e5-b845-48b5-b58c-62c63b0b2f4a;10.8;9.41315533;SELL
2016-03-27T10:52:48.000000;2016-03-27T10:52:48.760000;584eb1bf-d054-4380-a69e-a981794c4807;10.8;20.58684467;SELL
2016-03-27T10:53:02.000000;2016-03-27T10:53:03.283000;4bd95f57-dc95-4b39-bc4a-8edd3b3887ea;10.754;4.0;SELL
2016-03-27T10:53:02.000000;2016-03-27T10:53:03.293000;0f1f88e7-f15a-4b1f-9d57-430d3c83e25b;10.754;12.665846;SELL
2016-03-27T10:53:02.000000;2016-03-27T10:53:03.297000;b1a2a333-35cc-45c4-ac03-9843a4c21335;10.75;8.61346411;SELL
2016-03-27T10:58:52.000000;2016-03-27T10:58:52.190000;062005d1-2e3b-4cb0-90a2-e22fd50df131;10.76;0.81153866;BUY
2016-03-27T10:59:39.000000;2016-03-27T10:59:39.143000;d409e598-3a5e-4ba3-af40-67adde4cb520;10.806;35.54947822;BUY
2016-03-27T11:57:52.000000;2016-03-27T11:57:52.310000;a27a61cb-5dc4-4e3a-a088-71f0f55b0750;10.777;2.0;SELL
2016-03-27T11:57:52.000000;2016-03-27T11:57:52.317000;8c787840-81d4-49db-b2bc-d13e6a33b624;10.776;2.485116;SELL
2016-03-27T11:57:52.000000;2016-03-27T11:57:52.327000;8b31a208-fb59-4f33-a10d-fa48e10e3dfb;10.751;21.8208949;SELL
2016-03-27T11:57:52.000000;2016-03-27T11:57:52.353000;5557ebe9-31fa-41cf-9d43-c96e5004a198;10.75;21.38653589;SELL
2016-03-27T11:57:52.000000;2016-03-27T11:57:52.353000;7e835f12-51ca-4607-8318-20fe6a7f96dc;10.73;30.0;SELL
2016-03-27T11:57:52.000000;2016-03-27T11:57:52.353000;c3b0893c-9aa2-440e-bf4d-4d7432fe058a;10.712;0.3503;SELL
2016-03-27T11:57:52.000000;2016-03-27T11:57:52.353000;1ea0f72d-8f02-45c8-9e2d-29c90020d607;10.702;200.0;SELL
2016-03-27T11:57:52.000000;2016-03-27T11:57:52.353000;f033ba5b-55b6-486d-b348-d18a399f6d51;10.701;13.76233621;SELL
2016-03-27T12:10:27.000000;2016-03-27T12:10:27.790000;66a27b1d-d0cb-4c95-92c3-180faf02f042;10.701;2.57475647;SELL
2016-03-27T12:10:27.000000;2016-03-27T12:10:27.807000;fbaa805f-4d91-4bc5-9936-1cc6651061a6;10.7;1.0;SELL
2016-03-27T12:10:27.000000;2016-03-27T12:10:27.813000;1d650a16-1c7e-483b-b1a0-30d285730c8c;10.7;1.0;SELL
2016-03-27T12:28:21.000000;2016-03-27T12:28:21.337000;32798afc-43dc-48fd-adc9-74d5c3f4ba6d;10.691;1.82;SELL
2016-03-27T12:46:57.000000;2016-03-27T12:46:57.923000;cbc9eb3f-7fa9-4149-a254-2c183bfd3a39;10.691;0.1779;SELL
2016-03-27T12:46:57.000000;2016-03-27T12:46:57.930000;7c689c7f-dca5-420d-abdf-472e9413f3f1;10.69;25.23607442;SELL
2016-03-27T12:46:58.000000;2016-03-27T12:46:58.677000;f3e28f5b-f753-471c-a648-b39d49179581;10.69;4.76392558;SELL
2016-03-27T12:49:00.000000;2016-03-27T12:49:00.653000;5c117cb9-3a14-4fa8-afa3-ff36f3d95827;10.683;0.3503;SELL
2016-03-27T12:49:00.000000;2016-03-27T12:49:00.663000;16865c96-ad16-4b6f-b43f-0f54310a4a9b;10.68;3.16153824;SELL
2016-03-27T12:49:06.000000;2016-03-27T12:49:06.183000;0d27b825-7ffb-43eb-beaf-4150f0221e9d;10.68;12.66531582;SELL
2016-03-27T12:49:11.000000;2016-03-27T12:49:11.373000;b9f64379-e5c8-4153-81dd-81731b0a76e9;10.68;11.79384023;SELL
2016-03-27T13:12:16.000000;2016-03-27T13:12:16.780000;d52c6253-50d0-46eb-8155-d8ef61bf9599;10.823;5.46581871;BUY
2016-03-27T13:12:16.000000;2016-03-27T13:12:16.793000;852484fa-16a1-4839-b608-438c7afcf1a4;10.824;2.498545;BUY
2016-03-27T13:12:16.000000;2016-03-27T13:12:16.797000;184c6911-c814-4171-8f6d-ab72d4e9ab34;10.83;12.03563629;BUY
2016-03-27T13:18:21.000000;2016-03-27T13:18:21.437000;e35d759e-fa0e-4aa0-b718-a858436c9ec1;10.68;2.0;SELL
2016-03-27T13:45:02.000000;2016-03-27T13:45:02.070000;08542614-913d-4bd6-81e3-ba2717725fa8;10.681;0.80678;SELL
2016-03-27T13:45:35.000000;2016-03-27T13:45:35.510000;4c94d937-d72a-4107-b41e-e2740b2a1594;10.68;0.72618;SELL
2016-03-27T13:49:29.000000;2016-03-27T13:49:30.023000;273fb52f-72a4-4103-9a38-da0aedd9019a;10.763;0.806;BUY
2016-03-27T13:49:50.000000;2016-03-27T13:49:50.273000;6ee5ccb1-c3ec-40bf-adb1-b930a5132ad2;10.762;0.7138;BUY
2016-03-27T14:07:20.000000;2016-03-27T14:07:20.527000;0a992f30-7bb6-4419-82f8-9d6e0779fb40;10.68;0.5;SELL
2016-03-27T14:24:54.000000;2016-03-27T14:24:54.657000;fbdd2604-f579-4251-9674-70e676838f36;10.681;0.5591;SELL
2016-03-27T15:30:04.000000;2016-03-27T15:30:04.913000;5aa23d22-1780-43b0-bb25-918139f594a9;10.75;0.43090234;BUY
2016-03-27T15:38:39.000000;2016-03-27T15:38:40.023000;562b14c3-ba42-49db-9ff2-c0ec8f0ae0e4;10.767;0.3503;BUY
2016-03-27T15:42:20.000000;2016-03-27T15:42:20.390000;1522a5df-8c82-4898-b774-7e9f9c106683;10.748;55.2209;SELL
2016-03-27T15:42:20.000000;2016-03-27T15:42:20.413000;a9818f39-d8d5-48fb-a84c-418ecebc18fe;10.747;26.3106271;SELL
2016-03-27T15:42:21.000000;2016-03-27T15:42:21.287000;7e9c75fd-a107-4648-ab6b-7453d9d837c9;10.748;26.63574867;SELL
2016-03-27T15:42:21.000000;2016-03-27T15:42:21.320000;211ff70d-8c4f-40f8-8348-53cfef8ed916;10.744;9.0;SELL
2016-03-27T15:42:22.000000;2016-03-27T15:42:22.287000;e10057f3-3a6d-4262-aa0b-e09187b580fe;10.744;26.63574867;BUY
2016-03-27T15:42:23.000000;2016-03-27T15:42:23.807000;51a25553-351c-476f-8fde-d8bc23cf1e4a;10.745;3.55598281;BUY
2016-03-27T15:44:13.000000;2016-03-27T15:44:14.143000;ca13e47a-d600-433e-aa1f-6ad02fcab59c;10.76;54.6852;SELL
2016-03-27T15:44:55.000000;2016-03-27T15:44:55.097000;b88fcc3d-33e7-4b90-b455-3361c0b14692;10.76;4.15325163;BUY
2016-03-27T15:44:58.000000;2016-03-27T15:44:58.653000;99734b41-55df-4506-8f05-321e30f23066;10.76;26.71297905;BUY
2016-03-27T15:44:59.000000;2016-03-27T15:44:59.213000;6f18c6a3-0988-45d6-a063-d30af9f45c18;10.76;4.19642138;BUY
2016-03-27T15:45:02.000000;2016-03-27T15:45:02.940000;00d098a1-a3ac-4d04-b20f-89c206fe1d9c;10.76;19.36778532;BUY
2016-03-27T15:45:03.000000;2016-03-27T15:45:03.200000;46ee5fdf-69cc-4ddb-9a5b-97a31346c643;10.76;4.50982621;BUY
2016-03-27T15:45:03.000000;2016-03-27T15:45:03.477000;e689f15c-e22b-47bb-9dd4-c729faab6538;10.76;4.21589512;BUY
2016-03-27T15:45:05.000000;2016-03-27T15:45:05.533000;95f02d14-53cb-4981-b82f-e237bb1a89b3;10.76;4.50982621;BUY
2016-03-27T15:45:07.000000;2016-03-27T15:45:07.660000;b6cdd320-13df-42ea-8c8e-32686098d76e;10.76;3.65333696;BUY
2016-03-27T15:45:08.000000;2016-03-27T15:45:08.197000;cf2393cd-9065-4a8b-9c4b-2a0a9c43d919;10.76;3.41863711;BUY
2016-03-27T15:45:10.000000;2016-03-27T15:45:10.580000;addec139-337e-4089-a39f-8e4d861a8fe4;10.76;2.73238622;BUY
2016-03-27T15:46:10.000000;2016-03-27T15:46:10.810000;2a10e5ac-f950-46d5-b22a-1516d58b48b8;10.76;26.71423595;BUY
2016-03-27T15:46:12.000000;2016-03-27T15:46:12.630000;779eff4a-1725-403c-958f-f9eb02e25a9a;10.76;26.71423595;BUY
2016-03-27T15:46:16.000000;2016-03-27T15:46:16.320000;6d0db02a-ca93-40b4-be0f-c7258d05767e;10.76;18.68364022;BUY
2016-03-27T15:46:17.000000;2016-03-27T15:46:17.860000;b7ccc8ff-3f24-43f4-9df8-01295366fb1d;10.76;18.68364;BUY
2016-03-27T15:46:25.000000;2016-03-27T15:46:25.587000;79203c24-2902-4279-a72e-935058679f8c;10.76;2.2368;BUY
2016-03-27T15:48:22.000000;2016-03-27T15:48:22.573000;67553b9d-91eb-4685-95b1-a8cd5caa30a9;10.743;12.15094546;SELL
2016-03-27T15:49:21.000000;2016-03-27T15:49:21.517000;6e12cd32-6720-44d9-a8bb-846632e26e37;10.776;5.8478;BUY
2016-03-27T15:53:48.000000;2016-03-27T15:53:49.000000;9e807de2-588e-44a8-9642-a347d3dd0f64;10.72;1.0;SELL
2016-03-27T15:54:07.000000;2016-03-27T15:54:07.687000;747f3aed-c063-4cd3-bc22-8a704680d4d6;10.72;1.0;SELL
2016-03-27T16:00:14.000000;2016-03-27T16:00:14.077000;b66e4416-da0c-4516-84dc-d625fbade9b4;10.68;0.2468;SELL
2016-03-27T16:00:44.000000;2016-03-27T16:00:44.097000;03064ede-a13e-4824-b1e9-613b4ed2b5f6;10.68;2.19538;SELL
2016-03-27T16:02:38.000000;2016-03-27T16:02:38.533000;da9e0050-2366-4e77-91fd-b610c7afe7a9;10.68;0.3501;SELL
2016-03-27T16:02:38.000000;2016-03-27T16:02:38.640000;1efc0109-7929-486f-a20f-9910bfd26a05;10.68;0.54885;SELL
2016-03-27T16:02:38.000000;2016-03-27T16:02:39.063000;6af4c719-f32e-4ed8-a84f-eabdc192e6cf;10.68;15.81199571;SELL
2016-03-27T16:02:39.000000;2016-03-27T16:02:39.100000;decd0b6d-cf8e-43ed-8431-0aefb356fc45;10.668;9.634257;SELL
2016-03-27T16:02:39.000000;2016-03-27T16:02:39.267000;6ece48f4-784d-410d-b750-36ab65370c07;10.667;5.2013;SELL
2016-03-27T16:02:39.000000;2016-03-27T16:02:39.270000;43eca37a-c26d-422b-8c12-ad9940eb492b;10.66;4.28463687;SELL
2016-03-27T16:02:39.000000;2016-03-27T16:02:39.323000;881fea4d-3b12-4258-a590-5a47b32c642a;10.66;7.71536313;SELL
2016-03-27T16:02:39.000000;2016-03-27T16:02:39.323000;123f80e2-da8a-40fd-8a1f-daf4f767dcc4;10.65;30.0;SELL
2016-03-27T16:02:39.000000;2016-03-27T16:02:39.833000;a04ba9ba-25fd-4c2c-9d13-80567b5f0895;10.65;27.07734195;BUY
2016-03-27T16:02:40.000000;2016-03-27T16:02:40.300000;3ac887f5-48f3-47bc-ba5a-e345bf0869f8;10.631;2.511887;SELL
2016-03-27T16:02:40.000000;2016-03-27T16:02:40.317000;ce2ec481-0b39-4a0f-b135-effab9f76d2e;10.62;6.98748207;SELL
2016-03-27T16:02:40.000000;2016-03-27T16:02:40.660000;8c34ae82-a395-4283-9e5d-9e6a55fdf988;10.62;43.01251793;SELL
2016-03-27T16:02:40.000000;2016-03-27T16:02:40.660000;07ac4438-6e1b-4702-8708-87ce0509c313;10.62;10.35421;SELL
2016-03-27T16:02:40.000000;2016-03-27T16:02:40.673000;d228e653-0d6b-41e7-91dc-a94adea2aaca;10.611;0.3505;SELL
2016-03-27T16:02:40.000000;2016-03-27T16:02:40.700000;b5fb5c6e-363a-4550-80b4-58145dc59737;10.611;0.3505;SELL
2016-03-27T16:02:40.000000;2016-03-27T16:02:40.700000;456a664b-58df-40b4-8d69-c38449fa0343;10.611;0.3505;SELL
2016-03-27T16:02:40.000000;2016-03-27T16:02:40.700000;8b7b1f6f-44a1-44a9-a617-04a9c3a03d93;10.606;18.3181488;SELL
2016-03-27T16:02:40.000000;2016-03-27T16:02:40.737000;ae8f1741-baba-4c48-88e2-97c09a8aee87;10.606;34.89781846;SELL
2016-03-27T16:02:40.000000;2016-03-27T16:02:41.087000;1ab666e5-ce5e-468d-93af-36a990f59b42;10.606;34.89781846;SELL
2016-03-27T16:02:41.000000;2016-03-27T16:02:41.760000;5b22c27d-0a8b-4bbd-be20-495895028113;10.6;1.0;SELL
2016-03-27T16:02:41.000000;2016-03-27T16:02:41.770000;f778588f-8363-4562-88e3-b3431b569da3;10.6;1.0;SELL
2016-03-27T16:02:41.000000;2016-03-27T16:02:41.780000;54b4427f-47f7-4c67-9bca-d0a271c780bd;10.6;9.6834;SELL
2016-03-27T16:02:41.000000;2016-03-27T16:02:41.810000;c2774936-caaa-4642-8fa5-aaaf49d86258;10.6;30.0;SELL
2016-03-27T16:02:41.000000;2016-03-27T16:02:41.810000;2c0ce4ff-6bb7-473a-a6c4-0abf430ca00f;10.6;31.05297673;SELL
2016-03-27T16:02:41.000000;2016-03-27T16:02:42.237000;a05990d0-356b-442d-8451-511346c49941;10.6;7.13588154;SELL
2016-03-27T16:02:42.000000;2016-03-27T16:02:43.000000;4d409839-8350-459b-8f09-c08737246d26;10.6;27.06645691;SELL
2016-03-27T16:02:43.000000;2016-03-27T16:02:43.413000;5a2c0ef1-f1a3-4bd8-bfbd-f1a816caba7c;10.621;27.22201391;SELL
2016-03-27T16:02:43.000000;2016-03-27T16:02:43.550000;7400b19b-bd3b-4e0e-8f8f-b1920ff9b735;10.621;27.06645691;SELL
2016-03-27T16:02:44.000000;2016-03-27T16:02:44.303000;314f826d-c0ba-4617-99ef-fd79cea5a531;10.621;0.46587149;SELL
2016-03-27T16:02:44.000000;2016-03-27T16:02:44.327000;ca0038af-7245-49f9-b33c-2b16c592f12c;10.621;3.57168146;SELL
2016-03-27T16:02:44.000000;2016-03-27T16:02:44.433000;dcc75e1f-778c-434b-aa25-3645c95bbd11;10.621;6.47756914;SELL
2016-03-27T16:02:44.000000;2016-03-27T16:02:44.717000;b7ff3ffb-3fc0-4efd-a212-98d51823626e;10.621;27.20574578;SELL
2016-03-27T16:02:45.000000;2016-03-27T16:02:45.187000;bcc026e5-2413-45f3-8c6a-8d1989b4b5b8;10.65;0.3503;BUY
2016-03-27T16:02:45.000000;2016-03-27T16:02:45.197000;36aa62af-cfbd-419a-93e2-2621e72afc1b;10.66;4.92656838;BUY
2016-03-27T16:02:45.000000;2016-03-27T16:02:45.217000;af6d4fc7-7484-4e41-84b0-007deb036057;10.664;25.02177534;BUY
2016-03-27T16:02:47.000000;2016-03-27T16:02:47.603000;a4a7af56-fddf-47d6-9933-1fb7a302f15c;10.649;2.511887;BUY
2016-03-27T16:02:47.000000;2016-03-27T16:02:47.620000;69490ec2-d9e9-4409-93e8-dcb1000e12e0;10.65;0.3503;BUY
2016-03-27T16:02:48.000000;2016-03-27T16:02:49.010000;e4851335-f809-401a-8e6d-daff13959309;10.663;1.26575016;BUY
2016-03-27T16:02:50.000000;2016-03-27T16:02:50.530000;468680a0-593b-49f5-b0e4-4feffbc43925;10.662;9.70454448;BUY
2016-03-27T16:02:58.000000;2016-03-27T16:02:58.957000;ffb7642f-07fd-4964-9753-e5c7607415ac;10.667;0.3501;BUY
2016-03-27T16:03:03.000000;2016-03-27T16:03:03.077000;29402e42-40d2-4c6a-8375-3c2e5963dc26;10.677;10.73424929;BUY
2016-03-27T16:03:03.000000;2016-03-27T16:03:03.093000;689a7e24-4f80-414a-a43c-dab2f5d06b25;10.677;2.174983;BUY
2016-03-27T16:03:03.000000;2016-03-27T16:03:03.103000;b29bba53-cc9d-473e-a15d-00f25bb996d1;10.677;5.20129938;BUY
2016-03-27T16:03:03.000000;2016-03-27T16:03:03.837000;e16b7c03-e71b-40ae-8848-e5c78b8b1349;10.68;0.3503;BUY
2016-03-27T16:03:03.000000;2016-03-27T16:03:03.847000;f03e99cc-d163-4967-b08f-24a2ad6f7f69;10.68;0.89894936;BUY
2016-03-27T16:03:03.000000;2016-03-27T16:03:03.873000;a5717d22-a1d0-4cb4-840a-74e4e50a7a19;10.716;0.66457266;BUY
2016-03-27T16:03:10.000000;2016-03-27T16:03:10.277000;0956e542-d7c3-4ecd-b9f2-4ff927b34c06;10.68;8.0393;SELL
2016-03-27T16:03:33.000000;2016-03-27T16:03:33.297000;23e27da7-5727-49f7-81b1-98e04f657593;10.68;2.69494929;SELL
2016-03-27T16:04:52.000000;2016-03-27T16:04:52.740000;3d389c23-8bba-444c-808d-d0da25cc0bef;10.59;3.132121;SELL
2016-03-27T16:05:06.000000;2016-03-27T16:05:06.787000;ee15592d-9b9c-4f33-ad58-3646bd2a223d;10.59;23.24535757;SELL
2016-03-27T16:05:06.000000;2016-03-27T16:05:06.860000;19fb874f-7f26-4383-902a-b160d25e766e;10.59;3.03200316;SELL
2016-03-27T16:05:07.000000;2016-03-27T16:05:07.530000;1b77f29b-a12c-484d-a997-98154ef84940;10.59;20.59051827;SELL
2016-03-27T16:05:07.000000;2016-03-27T16:05:07.703000;0532bda6-7100-468f-8b66-80fd9d0dcc79;10.58;5.86263823;SELL
2016-03-27T16:05:09.000000;2016-03-27T16:05:09.430000;b23f71c6-dda2-46b0-92cc-90380f0abbf6;10.58;19.38830136;SELL
2016-03-27T16:05:10.000000;2016-03-27T16:05:10.487000;8bf9c173-894a-4dc0-87fe-6ca26644a3c0;10.58;3.10924711;SELL
2016-03-27T16:05:11.000000;2016-03-27T16:05:12.153000;315cc3fa-7c54-491c-b17c-f50aa82ac868;10.58;1.84771265;SELL
2016-03-27T16:05:11.000000;2016-03-27T16:05:12.223000;892d9006-68e9-41b6-8f45-980191c74602;10.58;3.10924711;SELL
2016-03-27T16:05:16.000000;2016-03-27T16:05:16.437000;9751688b-0a0b-4e18-8ad5-daefe7467c47;10.58;0.66135668;SELL
2016-03-27T16:05:18.000000;2016-03-27T16:05:18.473000;2c6fb3d6-0b2a-4b9c-b056-fb7f981ade38;10.58;27.28633791;SELL
2016-03-27T16:05:19.000000;2016-03-27T16:05:20.033000;5671f7f6-2d8b-4f1f-b5cc-d3ba19d97c91;10.58;27.28633791;SELL
2016-03-27T16:05:20.000000;2016-03-27T16:05:20.340000;42796a4b-a224-4bfe-86c4-fe9ab026340f;10.58;27.0598826;SELL
2016-03-27T16:05:20.000000;2016-03-27T16:05:20.933000;20b118f9-05a1-40cf-978d-68a77b4f82b6;10.58;27.28633791;SELL
2016-03-27T16:05:21.000000;2016-03-27T16:05:21.753000;5fd8cada-8492-47c5-9487-aeacf519058a;10.58;27.28633791;SELL
2016-03-27T16:05:22.000000;2016-03-27T16:05:22.473000;e62ddecd-fedf-4904-b21c-3707dfb1be2e;10.58;27.0598826;SELL
2016-03-27T16:05:23.000000;2016-03-27T16:05:23.850000;ae345d25-2674-4a1c-aacf-066008df7eee;10.58;27.28633791;SELL
2016-03-27T16:05:23.000000;2016-03-27T16:05:23.877000;c9e89971-1e0c-442a-a341-66e4ac86b589;10.58;27.0598826;SELL
2016-03-27T16:05:24.000000;2016-03-27T16:05:24.260000;64f04e8b-1435-47fa-8f8a-1a5b28579b1c;10.58;27.06097809;SELL
2016-03-27T16:05:25.000000;2016-03-27T16:05:25.330000;c3f571d6-ff9b-4f40-a384-c35830f120e4;10.58;27.28633791;SELL
2016-03-27T16:05:25.000000;2016-03-27T16:05:25.460000;49c8d3fb-8b9c-4770-b5a2-61fa3dd5ba34;10.58;27.06097809;SELL
2016-03-27T16:05:26.000000;2016-03-27T16:05:26.307000;b0419d46-96a9-45d3-92b5-a0645986389b;10.58;27.31365156;SELL
2016-03-27T16:05:26.000000;2016-03-27T16:05:26.523000;5f3fad34-f0c5-4242-ad5d-3b5dcb8013bb;10.58;27.28633819;SELL
2016-03-27T16:05:27.000000;2016-03-27T16:05:27.220000;310243a1-8ef2-4eb2-ad25-2f7ec88e2115;10.58;27.31365156;SELL
2016-03-27T16:05:27.000000;2016-03-27T16:05:27.587000;ee900340-65df-42df-a415-d4c9f27b576e;10.58;27.28633791;SELL
2016-03-27T16:05:27.000000;2016-03-27T16:05:27.590000;0b07f570-612e-42c4-b5a7-f5e9aab16a71;10.58;27.31365156;SELL
2016-03-27T16:05:28.000000;2016-03-27T16:05:28.213000;0a3d106c-ca45-428b-ac55-86939086ce48;10.58;27.28633791;SELL
2016-03-27T16:05:28.000000;2016-03-27T16:05:28.443000;9a7b74c6-2f44-4b68-9fa7-9b0e6147ec01;10.58;3.20189673;SELL
2016-03-27T16:05:28.000000;2016-03-27T16:05:28.443000;d1c29b15-929a-4eac-b339-3ddf3911adfe;10.58;24.11175483;SELL
2016-03-27T16:05:29.000000;2016-03-27T16:05:29.190000;d573ef30-6ece-4901-9b11-c69038446b96;10.58;25.88824517;SELL
2016-03-27T16:05:30.000000;2016-03-27T16:05:31.010000;29075438-7220-4bd6-922b-8a1d6b4cf8f8;10.561;1.39809274;SELL
2016-03-27T16:06:01.000000;2016-03-27T16:06:01.560000;4eda809f-aeb0-4a02-9331-6069d391926c;10.555;5.0;SELL
2016-03-27T16:06:01.000000;2016-03-27T16:06:01.577000;3ccc16fc-ce1b-4a9a-b72a-72ff92912b12;10.55;10.029;SELL
2016-03-27T16:06:05.000000;2016-03-27T16:06:05.837000;aba04b5c-a130-462f-bb26-44b6d351c0f2;10.55;0.59457;SELL
2016-03-27T16:06:15.000000;2016-03-27T16:06:15.577000;0f5aef1a-12e2-44e9-9133-b5db00ca7308;10.571;3.6;BUY
2016-03-27T16:06:15.000000;2016-03-27T16:06:15.587000;e39f90ea-3000-4d67-92de-bf533a8965ca;10.571;5.7;BUY
2016-03-27T16:06:15.000000;2016-03-27T16:06:15.597000;995dcd1d-c705-49f6-95b8-7554e26f43fe;10.572;0.402;BUY
2016-03-27T16:06:55.000000;2016-03-27T16:06:55.527000;96449573-9e7b-4812-b1e5-ddd78b187daf;10.57;2.121;BUY
2016-03-27T16:07:38.000000;2016-03-27T16:07:38.220000;7c1e2747-1530-46ff-a88a-82ddf1c2a0b1;10.55;0.49967;SELL
2016-03-27T16:08:23.000000;2016-03-27T16:08:23.990000;8d31dafc-a21f-4d91-9172-1ef50738c870;10.55;6.4079;SELL
2016-03-27T16:08:27.000000;2016-03-27T16:08:27.150000;b897faef-1627-429b-b853-08cc8b28606f;10.55;5.09517821;SELL
2016-03-27T16:08:29.000000;2016-03-27T16:08:29.850000;7e6c90e0-9db9-4662-a719-b0fd17754d06;10.55;27.17097774;SELL
2016-03-27T16:08:36.000000;2016-03-27T16:08:36.297000;7b58ba10-9d38-422b-8f33-bffc6a26cc12;10.55;20.0;SELL
2016-03-27T16:08:37.000000;2016-03-27T16:08:37.107000;aa95f1ff-9eee-48aa-aa91-b63dc8b87726;10.55;20.0;SELL
2016-03-27T16:08:45.000000;2016-03-27T16:08:45.457000;f5bb1125-a71c-4da9-a86c-d6fc392c1baf;10.55;3.1780996;SELL
2016-03-27T16:08:54.000000;2016-03-27T16:08:54.107000;fc33f3c0-ff85-4f90-805c-ba54e5ecd7eb;10.55;3.141;SELL
2016-03-27T16:08:54.000000;2016-03-27T16:08:55.000000;c0ca9545-c887-4a01-b1a0-e5247f3d526e;10.55;3.88360445;SELL
2016-03-27T16:08:54.000000;2016-03-27T16:08:55.007000;179c4361-c693-4b44-86f7-39984f1ca632;10.55;23.28737315;SELL
2016-03-27T16:08:56.000000;2016-03-27T16:08:56.413000;303b17d8-0b1c-4f2f-99a6-a7b2f85ac531;10.55;26.71262685;SELL
2016-03-27T16:08:57.000000;2016-03-27T16:08:57.603000;f776e220-b3b3-4614-aa81-07784ad9077f;10.541;0.3505;SELL
2016-03-27T16:08:58.000000;2016-03-27T16:08:58.273000;b1cc6b34-e124-4714-9dc7-6265b5a0770d;10.527;0.10232954;SELL
2016-03-27T16:09:54.000000;2016-03-27T16:09:54.823000;f4fdbf1c-03aa-4191-8c61-3eff2e4cdc73;10.527;0.24797046;SELL
2016-03-27T16:09:54.000000;2016-03-27T16:09:54.840000;b9103d68-ed4b-4fe6-b6b1-1428ec0c2127;10.502;1.01072954;SELL
2016-03-27T16:11:19.000000;2016-03-27T16:11:19.727000;51adae53-fbfd-4357-9c7b-3630e118f4da;10.5;5.0;SELL
2016-03-27T16:11:19.000000;2016-03-27T16:11:19.737000;8398f6a4-bb20-4e6a-819b-31e81495b475;10.5;1.0;SELL
2016-03-27T16:11:19.000000;2016-03-27T16:11:19.763000;fd9e8f4a-d800-40d0-81c0-b0d3f841ce50;10.5;27.7;SELL
2016-03-27T16:11:40.000000;2016-03-27T16:11:40.783000;486f1f20-81ef-43f4-b03c-3b45128b3bf3;10.5;37.5;SELL
2016-03-27T16:13:45.000000;2016-03-27T16:13:45.450000;750c3204-bef4-4174-8be3-e704cc014b1c;10.554;24.76568393;BUY
2016-03-27T16:13:46.000000;2016-03-27T16:13:46.227000;433bb58a-dfe3-4e69-aed2-f1100f644285;10.555;3.02187236;BUY
2016-03-27T16:13:55.000000;2016-03-27T16:13:55.063000;f3281154-7b4e-4161-846b-fe4203740d77;10.504;0.5022;SELL
2016-03-27T16:14:02.000000;2016-03-27T16:14:02.970000;056d01ef-9047-4102-882d-2d963931d421;10.512;0.2004;SELL
2016-03-27T16:15:33.000000;2016-03-27T16:15:33.443000;c6c77b90-4166-4957-b4ad-ed5b8188dc0e;10.5;21.910092;SELL
2016-03-27T16:23:09.000000;2016-03-27T16:23:09.370000;76ad231d-65a6-4992-94e8-3f205acbd544;10.536;0.6701992;BUY
2016-03-27T16:23:09.000000;2016-03-27T16:23:09.803000;85a12b3a-52f4-45de-b36d-7cea4227da57;10.536;0.6701992;BUY
2016-03-27T16:23:10.000000;2016-03-27T16:23:10.593000;704d03fb-9fc2-4c82-bd0b-ee8ca6bea4c2;10.536;0.6701992;BUY
2016-03-27T16:23:11.000000;2016-03-27T16:23:12.000000;308ed233-3b6a-41f5-ba14-46e00ca14c50;10.536;0.6701992;BUY
2016-03-27T16:23:20.000000;2016-03-27T16:23:20.903000;6f4fcf86-e906-42db-97dc-4132dcb00b28;10.536;5.0912032;BUY
2016-03-27T16:23:45.000000;2016-03-27T16:23:45.200000;4207dba6-52ba-453b-b64d-f488a0382ec2;10.555;7.9169;BUY
2016-03-27T16:26:12.000000;2016-03-27T16:26:12.673000;af449bcf-08f4-4183-b1de-8be495aac32d;10.555;13.82456555;BUY
2016-03-27T16:26:12.000000;2016-03-27T16:26:12.687000;d65b0229-f8d5-46d8-af5b-5a7b2b30cf41;10.555;4.73784878;BUY
2016-03-27T16:26:14.000000;2016-03-27T16:26:14.643000;10900336-4266-47b6-8a9a-1d90d2b65636;10.555;18.56241433;BUY
2016-03-27T16:28:38.000000;2016-03-27T16:28:38.163000;0461003f-8718-4714-b3dc-aadc9a6e4938;10.667;37.09548944;BUY
2016-03-27T16:28:38.000000;2016-03-27T16:28:38.777000;9ba398ad-961c-4df0-a903-3e737c11d20d;10.667;10.12211056;BUY
2016-03-27T16:28:41.000000;2016-03-27T16:28:41.200000;bc741a6f-f8cf-4689-8825-b136e4389775;10.687;2.511654;BUY
2016-03-27T16:28:44.000000;2016-03-27T16:28:44.067000;07adc7d3-1409-4283-844f-421d1ebfaf26;10.688;2.0;SELL
2016-03-27T16:29:14.000000;2016-03-27T16:29:14.580000;bb58fbd6-0490-49dd-8042-da1cbd77997c;10.691;2.0;SELL
2016-03-27T16:29:43.000000;2016-03-27T16:29:43.923000;536506e6-6625-4647-8200-9252f6cc5a93;10.691;4.876988;SELL
2016-03-27T16:30:15.000000;2016-03-27T16:30:15.103000;9887484c-721b-4ddd-a6a1-0841bb51ad98;10.7;2.0;SELL
2016-03-27T16:31:05.000000;2016-03-27T16:31:05.433000;d75eb773-596c-4c9d-87b3-d5fde9f017b5;10.7;14.65795401;SELL
2016-03-27T16:31:43.000000;2016-03-27T16:31:43.770000;57fce57b-65a8-481a-a13c-f1dc9ad031ef;10.699;0.98543;SELL
2016-03-27T16:33:20.000000;2016-03-27T16:33:21.260000;a1e52b0a-a01b-4724-a9f5-d0fe24d43c9d;10.7;1.55;SELL
2016-03-27T16:33:47.000000;2016-03-27T16:33:47.980000;53d16d08-69cf-4491-b880-424d9a610b1d;10.7;16.59930688;SELL
2016-03-27T16:33:49.000000;2016-03-27T16:33:49.070000;996eca4c-0c35-4435-80d4-800aa2f079f0;10.7;2.560636;SELL
2016-03-27T16:33:50.000000;2016-03-27T16:33:50.820000;0bfb5cdc-69ae-4253-8272-7048c7299113;10.7;2.560636;SELL
2016-03-27T16:33:54.000000;2016-03-27T16:33:54.313000;92a5c90b-6123-416c-bcaf-ba45b89a13a0;10.7;2.560636;SELL
2016-03-27T16:33:56.000000;2016-03-27T16:33:56.787000;1131e315-2712-4945-890d-f63a685861f3;10.7;14.03867088;SELL
2016-03-27T16:33:58.000000;2016-03-27T16:33:58.203000;d4bb4055-913c-4e7f-80a3-ae7dfe2559c7;10.7;16.59930688;SELL
2016-03-27T16:33:58.000000;2016-03-27T16:33:59.007000;d6bdf208-b8cf-4183-ab0a-e7055c204e47;10.7;40.26074936;SELL
2016-03-27T16:33:59.000000;2016-03-27T16:33:59.063000;1b46bed2-4b81-40fe-8d53-430ecf75db11;10.7;11.43404696;SELL
2016-03-27T16:33:59.000000;2016-03-27T16:33:59.290000;7fac0747-1be7-4cc9-8304-3bba32f67aa1;10.7;10.28930688;SELL
2016-03-27T16:33:59.000000;2016-03-27T16:33:59.623000;5e243f89-14a5-40f7-bbd5-4e243d690688;10.7;10.28930688;SELL
2016-03-27T16:34:00.000000;2016-03-27T16:34:00.963000;f24e3dae-39ef-40df-9b1b-7a3f697fe834;10.7;16.59930688;SELL
2016-03-27T16:34:02.000000;2016-03-27T16:34:02.207000;c487ddaf-54fd-42f2-b14a-c058c3aa565a;10.7;16.59930688;SELL
2016-03-27T16:34:02.000000;2016-03-27T16:34:02.327000;4e750849-125d-48c8-b75d-48470755c948;10.7;0.17063405;SELL
2016-03-27T16:34:02.000000;2016-03-27T16:34:02.437000;1deabcbe-d3ea-45a4-9a76-62857fef8347;10.7;34.92485539;SELL
2016-03-27T16:34:03.000000;2016-03-27T16:34:03.617000;c44b8440-f796-4edc-91cf-d3f3162bf35f;10.7;7.80229408;SELL
2016-03-27T16:34:03.000000;2016-03-27T16:34:03.627000;54ca133e-cf2a-43f5-993f-2c52d76959be;10.699;5.36896292;SELL
2016-03-27T16:34:04.000000;2016-03-27T16:34:04.890000;82f30c11-b3f9-462e-bb03-1e16733cf92a;10.699;11.23034396;SELL
2016-03-27T16:34:05.000000;2016-03-27T16:34:05.640000;ab5414a3-de5f-4a3a-9152-0f263a6ed6de;10.69;10.633346;SELL
2016-03-27T16:34:05.000000;2016-03-27T16:34:05.897000;b02497a5-04da-4bc2-a768-259fa60c3916;10.69;1.43078179;SELL
2016-03-27T16:34:05.000000;2016-03-27T16:34:05.923000;96ab8907-b0b0-4c39-9d27-2238f1934d9f;10.69;0.18662371;SELL
2016-03-27T16:34:05.000000;2016-03-27T16:34:05.947000;5d20b48e-8d9f-41e5-9a49-9db4f035e337;10.69;1.94091304;SELL
2016-03-27T16:34:06.000000;2016-03-27T16:34:06.150000;184f7ebf-5ff6-4c4a-8ada-318772cfa844;10.69;10.96932707;SELL
2016-03-27T16:34:06.000000;2016-03-27T16:34:06.690000;b8bf87b0-438f-4200-bf82-0a5923ca2060;10.69;9.93449783;SELL
2016-03-27T16:34:09.000000;2016-03-27T16:34:09.093000;5a8604c6-d26c-4240-bd65-e9e8386a3e40;10.644;2.5433;SELL
2016-03-27T16:34:12.000000;2016-03-27T16:34:12.517000;6638e01a-6079-4a31-9742-5a00b7dce50e;10.577;11.55973799;SELL
2016-03-27T16:34:21.000000;2016-03-27T16:34:21.940000;4581d5fd-1443-4299-8c07-8fa88e5948c1;10.577;19.39461213;SELL
2016-03-27T16:36:50.000000;2016-03-27T16:36:50.997000;127f8a18-0be7-4db0-a906-f8721ecaf368;10.559;0.17275101;SELL
2016-03-27T16:37:00.000000;2016-03-27T16:37:00.293000;57ee9b69-811e-4f68-ad5a-96843e1c5299;10.559;0.17275101;SELL
2016-03-27T16:37:31.000000;2016-03-27T16:37:31.543000;9326c17c-e7e5-45c9-bd9c-6d75d8905cf4;10.559;6.12164481;SELL
2016-03-27T16:37:31.000000;2016-03-27T16:37:31.943000;c7480265-2302-49b2-bdfb-a0a1e3a51a1e;10.559;0.56534333;SELL
2016-03-27T16:37:32.000000;2016-03-27T16:37:33.057000;39f92aa0-c577-4a56-92fc-dbb2a67997b0;10.559;4.38860169;SELL
2016-03-27T16:37:34.000000;2016-03-27T16:37:34.363000;a6b69ac2-29fd-4fe0-ba07-e6f702ae0b7b;10.559;0.56534333;SELL
2016-03-27T16:37:51.000000;2016-03-27T16:37:51.390000;8358f2e6-9734-4404-a338-0cf7299cc312;10.559;1.24679767;SELL
2016-03-27T16:38:39.000000;2016-03-27T16:38:39.900000;6cc7c7f7-2774-4c74-bf40-e8748656b3a6;10.5;1.0;SELL
2016-03-27T16:38:40.000000;2016-03-27T16:38:40.300000;5742f575-805b-4795-a59b-6c1a0495b3a3;10.5;2.37948322;SELL
2016-03-27T16:39:01.000000;2016-03-27T16:39:01.877000;3f0423d3-d9d3-44b2-9946-d9d7bac24330;10.5;6.36273;SELL
2016-03-27T16:39:04.000000;2016-03-27T16:39:04.743000;1daa2d6a-2eb4-40cb-acb3-9141aa154ada;10.5;8.01;SELL
2016-03-27T16:39:07.000000;2016-03-27T16:39:07.180000;9af25a1c-087d-44b0-9160-4a3d23b7ec71;10.5;14.13769478;SELL
2016-03-27T16:39:07.000000;2016-03-27T16:39:07.197000;33354bda-47ad-411c-a9ee-c0c95af015cd;10.5;13.25374151;SELL
2016-03-27T16:39:08.000000;2016-03-27T16:39:08.880000;668ea507-4d51-4864-b53a-2ea0ce79a378;10.5;2.27370911;SELL
2016-03-27T16:39:08.000000;2016-03-27T16:39:08.913000;e331f3a0-e486-4fcc-b2c2-df6251bd57ea;10.5;40.93033589;SELL
2016-03-27T16:39:09.000000;2016-03-27T16:39:09.320000;f09f71c8-2ee3-4a84-beef-12a1295795f0;10.5;27.39031388;SELL
2016-03-27T16:39:09.000000;2016-03-27T16:39:09.997000;dead7a10-a2f5-450d-9ffd-23cd30c57a76;10.5;10.0;SELL
2016-03-27T16:39:10.000000;2016-03-27T16:39:10.653000;1832cb13-2845-4e85-8c5c-78dfb3a07e57;10.5;6.15189961;SELL
2016-03-27T16:39:10.000000;2016-03-27T16:39:10.670000;66fc8a63-442c-4f2c-acb5-7c16e521b629;10.5;21.24065919;SELL
2016-03-27T16:39:11.000000;2016-03-27T16:39:11.273000;8f5d87ab-7e0b-4b88-9fc0-70a337c54f58;10.5;27.3925588;SELL
2016-03-27T16:39:11.000000;2016-03-27T16:39:11.640000;aa8c57e1-3962-42bd-bfba-22dc66df8df6;10.5;1.36678201;SELL
2016-03-27T16:39:11.000000;2016-03-27T16:39:11.640000;b2e9abbd-3aab-44b1-a4ea-02659fccdab7;10.5;9.09366415;SELL
2016-03-27T16:39:14.000000;2016-03-27T16:39:14.640000;fc4c868b-0d67-48aa-90b9-6ef17d45d99a;10.5;4.0;SELL
2016-03-27T16:39:15.000000;2016-03-27T16:39:15.937000;6308044a-7abe-4c98-bc29-befda164f416;10.5;0.10579645;SELL
2016-03-27T16:39:16.000000;2016-03-27T16:39:16.557000;4a9140b8-834f-4ef4-a407-f170059a42f3;10.5;0.10579645;SELL
2016-03-27T16:39:21.000000;2016-03-27T16:39:21.813000;67a4dccd-810c-487e-9637-056d613407e2;10.5;5.58792436;SELL
2016-03-27T16:39:28.000000;2016-03-27T16:39:28.767000;a583ae74-1c4b-46a1-821d-5892f4a73b34;10.5;12.0421833;SELL
2016-03-27T16:39:36.000000;2016-03-27T16:39:36.470000;ae2a0474-82e5-4879-bd26-f098828657da;10.5;16.39277079;SELL
2016-03-27T16:39:37.000000;2016-03-27T16:39:37.370000;91be7ca0-a7bb-4574-9881-9fc07bdbfa27;10.5;27.38919155;SELL
2016-03-27T16:39:38.000000;2016-03-27T16:39:38.043000;91b6a1f1-46bc-4a48-8fcf-6f69006b9432;10.5;27.38919155;SELL
2016-03-27T16:39:42.000000;2016-03-27T16:39:42.340000;f1024f6d-26fe-4377-b590-b5fbfdb0d82e;10.5;2.08862945;SELL
2016-03-27T16:39:45.000000;2016-03-27T16:39:45.597000;6c13d762-6f83-4f2f-9247-edd3f19a4d82;10.5;2.0;SELL
2016-03-27T16:39:46.000000;2016-03-27T16:39:46.513000;00c8b3a1-8424-47e8-8efd-0ecb4b7e26bd;10.5;9.91963827;SELL
2016-03-27T16:39:50.000000;2016-03-27T16:39:50.957000;69fb47e0-eaf3-40e0-858a-99e48c466889;10.5;14.9822136;SELL
2016-03-27T16:39:54.000000;2016-03-27T16:39:54.663000;e3b97993-3890-4688-8e22-603c5f9041b3;10.5;27.39031388;SELL
2016-03-27T16:39:59.000000;2016-03-27T16:40:00.013000;3f67c3c8-8be9-4b73-8ead-408965566840;10.5;4.47282;SELL
2016-03-27T16:40:01.000000;2016-03-27T16:40:01.707000;dcf2aea7-3d47-4216-85eb-0d359a875868;10.5;9.89714491;SELL
2016-03-27T16:40:06.000000;2016-03-27T16:40:06.800000;3b6e6b15-46ef-4b4f-aec1-3b69bcd4e53e;10.5;5.64473689;SELL
2016-03-27T16:40:07.000000;2016-03-27T16:40:07.293000;c457f44f-9681-4ddb-8234-f1d767437bdd;10.5;21.4979844;SELL
2016-03-27T16:40:07.000000;2016-03-27T16:40:07.313000;e7d4639a-d8a1-465c-8a16-bff0eee8eb2c;10.5;5.407;SELL
2016-03-27T16:40:11.000000;2016-03-27T16:40:12.313000;d7a49d85-5c84-4504-a93a-154b64ea2285;10.469;0.3503;SELL
2016-03-27T16:40:11.000000;2016-03-27T16:40:12.317000;982d7ea7-13b6-451d-80f4-72641d454c22;10.469;0.3503;SELL
2016-03-27T16:40:11.000000;2016-03-27T16:40:12.327000;7ee3e643-201f-40b6-9aea-2c72d3dec13e;10.46;0.3505;SELL
2016-03-27T16:40:11.000000;2016-03-27T16:40:12.370000;dc2193dc-29ce-4784-927a-b7fd5c95af84;10.451;15.9489;SELL
2016-03-27T16:41:13.000000;2016-03-27T16:41:13.963000;f1c905ee-daab-44b7-a70d-d60d3cf88d7a;10.45;2.92953;SELL
2016-03-27T16:41:46.000000;2016-03-27T16:41:46.800000;643121f5-8c84-4aaa-bd34-020bb7775113;10.46;27.50640796;SELL
2016-03-27T16:41:48.000000;2016-03-27T16:41:48.867000;a8e554a0-b9cc-46c2-ad61-7913fe6e49ff;10.46;4.41179204;SELL
2016-03-27T16:41:48.000000;2016-03-27T16:41:48.880000;aebbfb0b-72c2-4bef-a480-fc874c695c71;10.45;54.58820796;SELL
2016-03-27T16:42:26.000000;2016-03-27T16:42:26.533000;ad04cb21-a155-4179-8279-eb88eb1a2469;10.45;1.94;SELL
2016-03-27T16:42:26.000000;2016-03-27T16:42:26.660000;48ea057c-fcb8-4c94-9f4a-baf955a81e81;10.45;1.19126718;SELL
2016-03-27T16:42:29.000000;2016-03-27T16:42:29.960000;80aed9c4-76aa-4cdd-9e19-d5470ef211e5;10.45;27.50414434;SELL
2016-03-27T16:42:33.000000;2016-03-27T16:42:33.457000;19ea267b-61f6-4b77-b1e1-12959d9d7dd1;10.45;10.92844595;SELL
2016-03-27T16:42:35.000000;2016-03-27T16:42:35.463000;cc231372-c4c8-40fa-8e45-6ed9d7f28a7f;10.45;10.92957762;SELL
2016-03-27T16:42:36.000000;2016-03-27T16:42:36.760000;e53e6f29-4f9b-4f63-981e-255f439a2ca0;10.45;1.25567531;SELL
2016-03-27T16:42:37.000000;2016-03-27T16:42:37.957000;913c9eeb-da24-41cb-a331-66c85c53b3d1;10.45;1.25567531;SELL
2016-03-27T16:42:46.000000;2016-03-27T16:42:46.253000;3cbcf191-0000-4970-ae33-17c38d14880f;10.45;2.60063348;SELL
2016-03-27T16:42:49.000000;2016-03-27T16:42:49.663000;50b049ea-a159-4260-9283-d1aea92fadb0;10.45;9.90844595;SELL
2016-03-27T16:42:53.000000;2016-03-27T16:42:53.720000;296a9dbc-cbd7-4abb-9722-413962af269b;10.45;9.95852685;SELL
2016-03-27T16:43:03.000000;2016-03-27T16:43:03.343000;f1078cf6-4411-4833-8fd9-ecca5dd2f32a;10.45;10.25113176;SELL
2016-03-27T16:43:07.000000;2016-03-27T16:43:07.580000;36718c39-e0f7-4200-8c03-237a8a906cd9;10.45;10.04;SELL
2016-03-27T16:43:10.000000;2016-03-27T16:43:10.113000;788d09f3-e589-49e6-8224-31c9192984cf;10.45;5.0700809;SELL
2016-03-27T16:43:11.000000;2016-03-27T16:43:11.430000;4f47a900-67d9-4b24-be81-80881ce02fee;10.45;27.50414434;SELL
2016-03-27T16:43:12.000000;2016-03-27T16:43:12.127000;26021418-de09-46e0-b8a5-6f8d2c06bd88;10.45;5.45618715;SELL
2016-03-27T16:43:20.000000;2016-03-27T16:43:20.813000;49856856-83c2-4c44-b1b7-397d78719ec0;10.45;6.6883259;SELL
2016-03-27T16:45:48.000000;2016-03-27T16:45:48.890000;8f9b07d6-4827-4834-a684-6b95d84eaa85;10.412;0.1;SELL
2016-03-27T16:45:48.000000;2016-03-27T16:45:48.900000;adf0e77c-25b3-4f9b-b482-74cd6fbd8830;10.402;0.3505;SELL
2016-03-27T16:45:48.000000;2016-03-27T16:45:48.910000;5605e13c-f30c-467c-bd76-94b842f05dd0;10.402;0.3505;SELL
2016-03-27T16:50:38.000000;2016-03-27T16:50:38.777000;6e125d5e-13bc-4c83-8188-3a4fc29738c2;10.444;9.96896897;BUY
2016-03-27T16:50:50.000000;2016-03-27T16:50:50.870000;94776e5f-0e2a-4de4-abbc-18a33a287291;10.444;25.24723502;BUY
2016-03-27T16:50:51.000000;2016-03-27T16:50:51.780000;9be175bf-3eaf-4e61-9d26-277a83f79636;10.444;9.78379592;BUY
2016-03-27T16:53:06.000000;2016-03-27T16:53:06.050000;d06c9f5a-968f-4f70-b626-5ad83cfb18ac;10.46;0.176313;SELL
2016-03-27T16:54:37.000000;2016-03-27T16:54:37.973000;592d2999-ae92-49f9-93c6-465509a8a779;10.46;0.403721;SELL
2016-03-27T16:54:45.000000;2016-03-27T16:54:45.083000;6a167506-12a0-4d29-81a3-adff3524c04b;10.46;2.0;SELL
2016-03-27T16:55:15.000000;2016-03-27T16:55:15.080000;40999df2-56e0-4a92-b48b-544cdf37c5e4;10.46;2.0;SELL
2016-03-27T16:55:45.000000;2016-03-27T16:55:45.347000;90e460b0-9979-4cc2-bb89-b2b26094cb3f;10.46;2.0;SELL
2016-03-27T16:56:14.000000;2016-03-27T16:56:14.863000;feecbd7c-1ef0-4a2c-b11a-07d5b080ccc3;10.46;2.0;SELL
2016-03-27T16:56:50.000000;2016-03-27T16:56:50.340000;c39205f1-2afb-4eb4-9565-fac7d4abb842;10.509;1.20376201;BUY
2016-03-27T16:58:25.000000;2016-03-27T16:58:25.050000;ffee206b-2845-4729-969d-aa3ce418b40c;10.456;1.29;SELL
2016-03-27T16:58:45.000000;2016-03-27T16:58:45.290000;0fb4ccf0-7010-4d55-b896-66dd0bbf5497;10.456;2.0;SELL
2016-03-27T16:59:09.000000;2016-03-27T16:59:09.473000;247c677f-78a8-42e2-81c4-bf4140a8e9bc;10.456;6.173139;SELL
2016-03-27T16:59:48.000000;2016-03-27T16:59:48.930000;fd0ab2f3-705c-4724-a46b-fbb013cdc187;10.456;0.32065701;SELL
2016-03-27T17:01:48.000000;2016-03-27T17:01:48.800000;5af2f22f-51b4-4525-92c8-e8986f12d41f;10.4;200.0;SELL
2016-03-27T17:01:48.000000;2016-03-27T17:01:48.807000;ac01af6c-2f0b-4ed9-be0d-7fd1c7a81cc0;10.4;2.58;SELL
2016-03-27T17:02:03.000000;2016-03-27T17:02:04.013000;025455a9-ad5a-4c88-a309-06c2dcc00bae;10.456;8.0;BUY
2016-03-27T17:02:49.000000;2016-03-27T17:02:49.907000;65352e31-5d4e-4584-b47e-8900a1a1cf6c;10.4;1.72721825;SELL
2016-03-27T17:03:03.000000;2016-03-27T17:03:03.330000;a1641d25-13e0-4746-8dd3-0e0f2c8cd683;10.4;25.532025;SELL
2016-03-27T17:04:22.000000;2016-03-27T17:04:22.263000;8bf859d7-c36d-4b2c-bff0-0021b4d66cee;10.429;2.0;BUY
2016-03-27T17:04:56.000000;2016-03-27T17:04:56.497000;58bcfc1a-f439-44e4-81d2-8dbaf755c450;10.4;0.999;SELL
2016-03-27T17:05:10.000000;2016-03-27T17:05:10.147000;1564a96e-d0c8-487d-960b-46b3441fb128;10.4;17.77220991;SELL
2016-03-27T17:05:12.000000;2016-03-27T17:05:12.293000;1fce3792-5fb3-4162-bbe2-43a66fe54957;10.4;1.38954684;SELL
2016-03-27T17:05:58.000000;2016-03-27T17:05:58.087000;be4d3c61-33a6-44b9-ab19-d691e110563d;10.396;2.0;BUY
2016-03-27T17:07:17.000000;2016-03-27T17:07:17.440000;6f69bec0-c91c-49ba-988a-1ff2362eefa2;10.333;2.0515;SELL
2016-03-27T17:07:17.000000;2016-03-27T17:07:17.440000;ffa85078-8705-4a58-9e16-7b2ecb2e1f04;10.32;11.04308469;SELL
2016-03-27T17:07:53.000000;2016-03-27T17:07:53.570000;9abc917a-463d-4084-96e1-7d32c67759d5;10.32;21.19187012;SELL
2016-03-27T17:07:56.000000;2016-03-27T17:07:56.430000;c5317477-f11a-43a0-9374-b4d2b8cbcdcc;10.32;10.02894168;SELL
2016-03-27T17:08:02.000000;2016-03-27T17:08:02.877000;ee6de931-f20f-4b20-ab8c-d75fd75e34a0;10.32;2.60945893;SELL
2016-03-27T17:08:02.000000;2016-03-27T17:08:02.910000;e78dd033-7b41-433c-8f14-feb67a8b1605;10.32;25.67386366;SELL
2016-03-27T17:08:04.000000;2016-03-27T17:08:04.193000;1090b3ee-89a2-47ee-8ddf-56a4a11d5ff2;10.32;2.60945893;SELL
2016-03-27T17:08:04.000000;2016-03-27T17:08:04.700000;15878032-286d-436f-87fe-fe2a2a4efc78;10.32;2.60945893;SELL
2016-03-27T17:08:18.000000;2016-03-27T17:08:18.700000;90ce6673-25da-4f59-8d7c-b42b07a4f0c4;10.32;3.12641758;SELL
2016-03-27T17:08:29.000000;2016-03-27T17:08:29.647000;2d7fe32d-db78-466d-bdaa-96726484f1bf;10.32;22.61074319;SELL
2016-03-27T17:08:35.000000;2016-03-27T17:08:35.653000;431651d4-d555-42c1-afb1-cee3d41349f9;10.32;10.15;SELL
2016-03-27T17:08:46.000000;2016-03-27T17:08:46.067000;9c0305e0-d5dd-45f6-a9dd-a640a146f259;10.32;11.98;SELL
2016-03-27T17:08:54.000000;2016-03-27T17:08:54.450000;b38b9f71-6048-4faf-a278-9ea70959e093;10.32;1.02162;SELL
2016-03-27T17:09:10.000000;2016-03-27T17:09:10.417000;8c0cd09c-f11c-43c5-8d3e-61f2bebeb992;10.32;25.71683067;SELL
2016-03-27T17:09:12.000000;2016-03-27T17:09:12.847000;50eeb8aa-475c-4b00-9447-b47ce13442ff;10.32;38.42734181;SELL
2016-03-27T17:09:16.000000;2016-03-27T17:09:16.310000;7217fa76-cf92-4209-a26a-10d5255f993e;10.32;25.71683067;SELL
2016-03-27T17:09:16.000000;2016-03-27T17:09:16.717000;68d5d6b5-bfdb-4837-bf2b-7063e5f958a2;10.32;3.29820074;SELL
2016-03-27T17:09:21.000000;2016-03-27T17:09:21.623000;8a5770fb-dde3-4acd-93c6-b35c9822189b;10.32;3.29820074;SELL
2016-03-27T17:09:22.000000;2016-03-27T17:09:22.793000;0c994cb0-8010-46de-8983-ef4e5717cd8c;10.32;2.260893;SELL
2016-03-27T17:09:23.000000;2016-03-27T17:09:23.477000;692207e3-a7d6-48f5-b26b-d000d9bf735f;10.32;20.82411869;SELL
2016-03-27T17:09:23.000000;2016-03-27T17:09:23.943000;4c653e56-d7cd-4ada-8de0-8b4d351a7e72;10.32;3.38862896;SELL
2016-03-27T17:09:25.000000;2016-03-27T17:09:25.117000;36b8a9ef-182c-444a-991d-33ba6aff618e;10.32;26.91133438;SELL
2016-03-27T17:09:25.000000;2016-03-27T17:09:25.153000;a7f93270-cfe5-4575-a929-fd98f266cd18;10.32;3.51017441;SELL
2016-03-27T17:09:25.000000;2016-03-27T17:09:25.307000;8659c9cd-5893-47fd-a424-08a80a7355cc;10.32;0.45784857;SELL
2016-03-27T17:09:25.000000;2016-03-27T17:09:25.647000;20aae99f-7478-4e63-8b6b-7b11be022bee;10.32;20.06721541;SELL
2016-03-27T17:09:26.000000;2016-03-27T17:09:26.657000;919275cf-a874-48cb-acc7-72d8f8f56cb6;10.32;1.46746424;SELL
2016-03-27T17:09:29.000000;2016-03-27T17:09:29.373000;1cea6d38-259a-4187-bafd-89ab553518e5;10.3;6.42157266;SELL
2016-03-27T17:09:29.000000;2016-03-27T17:09:29.540000;1862de62-ac57-4a6e-9aa3-960e6b61385d;10.3;0.47331869;SELL
2016-03-27T17:09:29.000000;2016-03-27T17:09:29.570000;9edf55e5-f3aa-47fb-9b66-c4da856208a5;10.3;0.10042269;SELL
2016-03-27T17:09:29.000000;2016-03-27T17:09:29.843000;3e3ceeca-d5db-47ba-a150-7f60f9ceff9e;10.3;6.0;SELL
2016-03-27T17:09:32.000000;2016-03-27T17:09:32.660000;aabd5644-7390-43c9-bcea-e63ad4106cf4;10.3;16.41296478;SELL
2016-03-27T17:09:33.000000;2016-03-27T17:09:33.940000;d41ed74d-9034-45a0-b103-5e51f8677a9a;10.3;16.41296478;SELL
2016-03-27T17:09:33.000000;2016-03-27T17:09:34.057000;344abfc9-b9b5-490d-8d5a-5054aadf0cb5;10.3;4.1787564;SELL
2016-03-27T17:09:33.000000;2016-03-27T17:09:34.063000;5a58501b-7da8-47e9-a882-c365cccd4d94;10.3;18.84944434;SELL
2016-03-27T17:09:34.000000;2016-03-27T17:09:34.707000;30cb386a-ffe4-4864-b894-af8a59035778;10.3;1.6405695;SELL
2016-03-27T17:09:34.000000;2016-03-27T17:09:34.990000;ffca02cb-f62a-47cb-ac8d-20fe4a4f2073;10.3;9.50998616;SELL
2016-03-27T17:09:37.000000;2016-03-27T17:09:37.320000;c4963bd3-5336-46d1-9b72-dd0a0ad8a984;10.25;2.60075564;SELL
2016-03-27T17:09:39.000000;2016-03-27T17:09:39.023000;e7384014-467a-4239-8505-d492c3a4de8b;10.25;7.39924436;SELL
2016-03-27T17:10:15.000000;2016-03-27T17:10:15.120000;f83abe01-4e42-4808-9773-3e92cd361b1b;10.2;1.0;SELL
2016-03-27T17:10:15.000000;2016-03-27T17:10:15.137000;bbc7e1d8-4a65-45df-b95c-811275a44385;10.2;13.87532769;SELL
2016-03-27T17:10:53.000000;2016-03-27T17:10:53.193000;118e2419-0d59-4d1e-8c89-6618891204ce;10.2;12.21809063;SELL
2016-03-27T17:11:54.000000;2016-03-27T17:11:54.270000;db536fa6-9047-4f50-bb2c-6232f7173ec7;10.2;6.60018509;SELL
2016-03-27T17:11:55.000000;2016-03-27T17:11:55.187000;1ebf52cf-a98e-41cd-b029-6fef10366755;10.2;9.82893073;SELL
2016-03-27T17:11:59.000000;2016-03-27T17:11:59.130000;802b2671-2854-4696-bf9f-8d28e57b0293;10.2;10.31106927;SELL
2016-03-27T17:12:33.000000;2016-03-27T17:12:33.480000;fc8b073e-4509-4f50-8d89-a3bd0791e65e;10.2;5.19205222;SELL
2016-03-27T17:12:33.000000;2016-03-27T17:12:33.497000;bad4b33b-0b31-4ce9-bd5c-56a4dc1ecbbe;10.2;39.80573525;SELL
2016-03-27T17:12:33.000000;2016-03-27T17:12:33.523000;f29dd6a8-f2c4-4f81-9559-21ecd87aa936;10.2;0.67722459;SELL
2016-03-27T17:12:34.000000;2016-03-27T17:12:34.047000;98a5a267-7b6c-4083-acdc-2eb146bfe1f5;10.2;20.83070277;SELL
2016-03-27T17:12:34.000000;2016-03-27T17:12:35.013000;c62b742d-80de-4d32-9203-6bae34860efc;10.2;56.35251635;SELL
2016-03-27T17:12:34.000000;2016-03-27T17:12:35.287000;39abef9e-9a10-42a0-a9ca-5b61361d9937;10.2;7.35032825;SELL
2016-03-27T17:12:36.000000;2016-03-27T17:12:36.113000;f15e3db1-1be6-486b-968b-33e157cc5755;10.2;5.1889131;SELL
2016-03-27T17:12:36.000000;2016-03-27T17:12:36.150000;fbfd7966-18c3-453e-b7b8-d3e5d1b13138;10.2;39.78166647;SELL
2016-03-27T17:12:36.000000;2016-03-27T17:12:36.820000;c7a7084a-9bb9-45de-a40c-8d9744667219;10.2;0.6768147;SELL
2016-03-27T17:12:40.000000;2016-03-27T17:12:40.737000;bff9fe8c-6893-4865-b26b-787298156155;10.2;41.92;SELL
2016-03-27T17:13:13.000000;2016-03-27T17:13:13.857000;0968a9db-6884-4ea0-b479-31c2192931f8;10.2;26.04372568;SELL
2016-03-27T17:14:09.000000;2016-03-27T17:14:09.980000;580a53bc-485d-45df-ba63-41144b8a5d00;10.2;0.54885;SELL
2016-03-27T17:14:17.000000;2016-03-27T17:14:17.943000;60e640a5-2869-4edf-921b-9729ee391112;10.2;0.27442;SELL
2016-03-27T17:14:48.000000;2016-03-27T17:14:48.697000;80af5467-9f68-4d31-9f48-0798b5722c42;10.23;1.0;BUY
2016-03-27T17:14:49.000000;2016-03-27T17:14:49.190000;d44bdb34-76eb-4575-986a-35758f8d9e69;10.2;25.95574384;SELL
2016-03-27T17:14:50.000000;2016-03-27T17:14:50.367000;2815b8a0-297c-4cdd-8bad-e09ad186bbc6;10.2;2.78115383;SELL
2016-03-27T17:14:50.000000;2016-03-27T17:14:50.453000;018e2266-3c17-48fb-bfc3-f0e1794e7e85;10.2;22.57724342;SELL
2016-03-27T17:14:51.000000;2016-03-27T17:14:51.753000;49d60496-03dc-438c-938b-4b21d3b75484;10.2;1.85715493;SELL
2016-03-27T17:14:51.000000;2016-03-27T17:14:51.793000;c69ba487-e739-4e9b-97a5-20c6e44042d9;10.2;14.23818735;SELL
2016-03-27T17:14:52.000000;2016-03-27T17:14:52.617000;85a5df72-d3dc-4676-acb1-ede5adc08f76;10.2;1.11822117;SELL
2016-03-27T17:14:52.000000;2016-03-27T17:14:52.640000;f13efc7c-2ee3-4ef9-b089-273a3719300f;10.2;8.57302886;SELL
2016-03-27T17:15:01.000000;2016-03-27T17:15:01.957000;39f9f3e9-6714-4455-8e36-c8c843f8a565;10.2;22.50729212;SELL
2016-03-27T17:15:01.000000;2016-03-27T17:15:01.977000;08ce15fb-3b49-4954-bb38-9900742fcce0;10.2;2.91542169;SELL
2016-03-27T17:15:36.000000;2016-03-27T17:15:36.733000;58d567c3-d461-494b-8f63-937d04f1e6ed;10.172;38.6;SELL
2016-03-27T17:17:33.000000;2016-03-27T17:17:33.447000;d10d4cd4-5145-4e70-8a54-5c39fcefddc6;10.188;22.50885848;BUY
2016-03-27T17:17:33.000000;2016-03-27T17:17:33.460000;a505f8d9-1d38-4c4d-b2cb-98840cae0c26;10.188;2.91385533;BUY
2016-03-27T17:19:32.000000;2016-03-27T17:19:32.407000;51359d87-a380-4466-b4d6-1c72c2f92d07;10.217;1.0;BUY
2016-03-27T17:19:51.000000;2016-03-27T17:19:51.683000;4a34a952-8a2b-45bf-b31f-2377f6be4416;10.277;0.7015015;BUY
2016-03-27T17:19:53.000000;2016-03-27T17:19:53.467000;84cdf517-a9bd-4c83-9750-3341efdc1c9a;10.277;0.7011011;BUY
2016-03-27T17:20:02.000000;2016-03-27T17:20:02.093000;c3ab9867-f5aa-46c8-83b7-b903a6b4af8b;10.276;38.42177188;BUY
2016-03-27T17:20:03.000000;2016-03-27T17:20:03.350000;b3c9147d-1f68-4648-9c21-9f87b0a48473;10.276;17.89272812;BUY
2016-03-27T17:20:04.000000;2016-03-27T17:20:04.460000;b8e3f6b2-8d55-4d4c-9a95-14d11cb808bf;10.277;20.53078519;BUY
2016-03-27T17:20:05.000000;2016-03-27T17:20:05.383000;b95f4200-ac9a-4b27-b366-70b261da03a5;10.277;1.0;BUY
2016-03-27T17:20:05.000000;2016-03-27T17:20:05.400000;fb34e2a3-ee29-4e23-8892-c25f70d707f8;10.277;9.88865409;BUY
2016-03-27T17:20:05.000000;2016-03-27T17:20:05.987000;270cf901-02f3-48c5-b9b0-c0f0b47315a7;10.277;9.89855264;BUY
2016-03-27T17:20:21.000000;2016-03-27T17:20:21.763000;896d723c-6c8c-4b12-a562-de1899409147;10.276;0.499;SELL
2016-03-27T17:20:41.000000;2016-03-27T17:20:41.903000;ef037619-2cfa-40b0-bda2-202e1b723c16;10.276;1.7799;SELL
2016-03-27T17:20:41.000000;2016-03-27T17:20:41.907000;4effaba4-a181-4351-9acd-9b2adc7b775e;10.227;0.499;SELL
2016-03-27T17:20:50.000000;2016-03-27T17:20:50.250000;11f38942-a12b-4806-b01b-7a78cdb8a8d1;10.277;3.68200808;BUY
2016-03-27T17:20:59.000000;2016-03-27T17:20:59.667000;0eaa7c58-c257-4776-a02e-eabcbc0be85d;10.297;0.7015015;BUY
2016-03-27T17:21:07.000000;2016-03-27T17:21:07.153000;5e1e4d39-2187-4292-a529-d173c139e755;10.297;0.78740478;BUY
2016-03-27T17:21:07.000000;2016-03-27T17:21:07.160000;e8ad7c2b-ef30-418b-b502-f7a8cc189dcd;10.299;19.01145561;BUY
2016-03-27T17:21:08.000000;2016-03-27T17:21:08.237000;df595e77-2dcf-414e-83ef-310d64d9457b;10.297;6.16299526;SELL
2016-03-27T17:21:08.000000;2016-03-27T17:21:08.557000;c2649713-3ed4-4187-a4ef-b60dd743ee70;10.314;0.5;BUY
2016-03-27T17:21:08.000000;2016-03-27T17:21:08.573000;db125459-80c4-496b-9f53-e762100542b2;10.318;3.28362373;BUY
2016-03-27T17:21:08.000000;2016-03-27T17:21:08.580000;dd1e0758-3f2b-44e7-badf-67a323ea9e10;10.318;16.01523666;BUY
2016-03-27T17:21:09.000000;2016-03-27T17:21:09.057000;ce51b06b-0548-4f66-b273-f1fef204c826;10.298;1.0;SELL
2016-03-27T17:21:11.000000;2016-03-27T17:21:11.603000;c2fa909b-eee2-434a-acba-fd5013237da3;10.297;1.001001;BUY
2016-03-27T17:21:12.000000;2016-03-27T17:21:12.313000;3318b94a-8e99-4a4b-a7da-524fb408d54d;10.297;1.001001;BUY
2016-03-27T17:21:14.000000;2016-03-27T17:21:14.813000;fdd94c92-0e59-432f-953e-24154b33f4a0;10.297;3.64826854;BUY
2016-03-27T17:21:18.000000;2016-03-27T17:21:18.323000;eed77cad-3b4e-49b2-8389-a5e75ef5dc74;10.318;3.62877427;BUY
2016-03-27T17:21:18.000000;2016-03-27T17:21:18.330000;6b64fc91-6b71-478e-b4f8-598490b43ca4;10.318;0.01318169;BUY
2016-03-27T17:21:19.000000;2016-03-27T17:21:19.343000;7ab8b64a-308c-4352-b769-a4d48c8f6b0f;10.318;6.77177177;BUY
2016-03-27T17:21:20.000000;2016-03-27T17:21:20.147000;4619aaa9-a15e-4b77-ad8e-55e307925ee0;10.318;11.79179179;BUY
2016-03-27T17:21:23.000000;2016-03-27T17:21:23.477000;cf853cdb-fafe-42a8-b0f9-ea5d1d274df6;10.318;5.01160195;BUY
2016-03-27T17:21:23.000000;2016-03-27T17:21:23.763000;af799710-fb61-461c-b4d6-06c09d83b276;10.318;4.23225612;BUY
2016-03-27T17:21:29.000000;2016-03-27T17:21:29.877000;9456a0bc-a5a7-4674-857a-6bc87cc30b39;10.351;2.533296;BUY
2016-03-27T17:22:12.000000;2016-03-27T17:22:12.287000;af77d804-a420-4c9e-9d74-df80cf7b6cde;10.36;0.3503;BUY
2016-03-27T17:22:12.000000;2016-03-27T17:22:12.300000;330db12f-683a-4622-a9f5-8cf8e0f8b001;10.36;0.3503;BUY
2016-03-27T17:22:12.000000;2016-03-27T17:22:12.337000;6a33327a-61c9-4192-946b-6dcc2e5a1c51;10.36;0.3503;BUY
2016-03-27T17:22:12.000000;2016-03-27T17:22:12.337000;efd10e6c-3e6e-4150-a3cd-fff5a2830bdd;10.36;0.3503;BUY
2016-03-27T17:22:12.000000;2016-03-27T17:22:12.337000;2d85dd4a-1b96-42d9-91fa-fc1807fdf9ba;10.365;0.74869806;BUY
2016-03-27T17:22:47.000000;2016-03-27T17:22:47.563000;ea6bcd21-e7de-4bc8-973a-ede69455e7dc;10.365;15.02351185;BUY
2016-03-27T17:23:06.000000;2016-03-27T17:23:07.013000;284c7298-cc48-4e2c-aa48-976784202f0a;10.375;0.12706;SELL
2016-03-27T17:24:37.000000;2016-03-27T17:24:37.170000;0a089f07-47d3-4bb4-ac45-4c5b1d50848b;10.377;7.1197865;SELL
2016-03-27T17:24:37.000000;2016-03-27T17:24:37.177000;21dfd20d-e4e6-43a2-aeab-1a16c76d2b8a;10.377;7.77666535;SELL
2016-03-27T17:24:37.000000;2016-03-27T17:24:37.183000;3bd0685a-2b45-40ed-a089-472b65da62d2;10.377;11.35975614;SELL
2016-03-27T17:24:39.000000;2016-03-27T17:24:39.207000;b07152f4-6042-4c4b-9888-d91ee9036bb9;10.377;3.66375571;SELL
2016-03-27T17:26:18.000000;2016-03-27T17:26:18.820000;136ef1b9-36da-47b0-af6a-f3c29a15c7b1;10.353;1.86611234;SELL
2016-03-27T17:26:19.000000;2016-03-27T17:26:19.457000;91046184-c3c8-4446-b82d-c3a6ec8c9c5b;10.353;0.66718366;SELL
2016-03-27T17:26:19.000000;2016-03-27T17:26:19.777000;dfe88b14-7f67-4a5b-8087-74177491ea89;10.367;0.66718366;BUY
2016-03-27T17:26:38.000000;2016-03-27T17:26:38.543000;1e6ee7a0-1a90-40e7-a06c-81270909d661;10.318;1.001001;SELL
2016-03-27T17:26:38.000000;2016-03-27T17:26:38.557000;7669ba03-26c3-4d7e-bffa-7854139ff306;10.297;1.14459726;SELL
2016-03-27T17:26:56.000000;2016-03-27T17:26:56.053000;da16343e-dcaa-4807-a6f8-70ff9a4b94d9;10.347;0.5;BUY
2016-03-27T17:26:59.000000;2016-03-27T17:26:59.653000;b87e6489-a083-4cf0-90f1-1da5a5df3b01;10.297;1.12370274;SELL
2016-03-27T17:27:08.000000;2016-03-27T17:27:08.650000;35ab4c25-da10-43a0-83ea-363f9ee77d2e;10.263;1.12370274;BUY
2016-03-27T17:27:08.000000;2016-03-27T17:27:08.657000;bec462c9-aefe-458e-993d-9dbc7f861da9;10.264;1.12370274;BUY
2016-03-27T17:31:13.000000;2016-03-27T17:31:13.787000;e0aeccc9-45e1-4f96-aba7-7dcc318d2e72;10.198;76.79;SELL
2016-03-27T17:38:48.000000;2016-03-27T17:38:48.727000;8960a3b9-439f-440f-bd42-0d87f161bb4b;10.286;7.3;SELL
2016-03-27T17:38:48.000000;2016-03-27T17:38:48.743000;535b1038-4c31-4c8d-9b24-f37ad79ef4a1;10.285;31.33498488;SELL
2016-03-27T17:40:49.000000;2016-03-27T17:40:49.897000;5a4f5269-fc6a-4b62-abae-a5ff4bcf7187;10.34;2.6;BUY
2016-03-27T17:40:49.000000;2016-03-27T17:40:49.913000;51c5a17c-8241-464f-ae7c-00f99803a4ea;10.34;4.7;BUY
2016-03-27T17:40:49.000000;2016-03-27T17:40:49.920000;6cd0c1e6-5349-4748-853e-80dae49d5824;10.341;30.5695;BUY
2016-03-27T17:40:49.000000;2016-03-27T17:40:49.950000;264241aa-f205-4a1c-b07f-866d70f70247;10.342;0.66718366;BUY
2016-03-27T17:40:49.000000;2016-03-27T17:40:49.953000;603b907a-ff54-4423-8336-49c806864dc3;10.342;11.46331634;BUY
2016-03-27T17:41:24.000000;2016-03-27T17:41:24.790000;71ac2cda-e6e3-4c8b-9dcd-ebccfe06e6f5;10.267;5.0;SELL
2016-03-27T17:42:32.000000;2016-03-27T17:42:32.630000;8a69616a-78af-42aa-a4a2-01e84d69ec90;10.22;25.0;SELL
2016-03-27T17:42:56.000000;2016-03-27T17:42:56.813000;05f206db-6c99-4744-be4d-2722442ff242;10.173;5.6;SELL
2016-03-27T17:42:56.000000;2016-03-27T17:42:56.813000;2c898111-2111-4463-849c-4ef3ae87d4c1;10.172;12.96589242;SELL
2016-03-27T17:43:27.000000;2016-03-27T17:43:27.367000;954c6035-6398-4ca7-bb00-a41010047b21;10.172;3.9711;SELL
2016-03-27T17:43:43.000000;2016-03-27T17:43:43.613000;b7997370-aa30-4e79-b3b6-c3181486d7fd;10.172;0.91380842;SELL
2016-03-27T17:45:24.000000;2016-03-27T17:45:24.333000;a317a1b3-6369-4a15-b5b7-c8795cf524ff;10.218;0.10820225;BUY
2016-03-27T17:45:24.000000;2016-03-27T17:45:24.337000;0716c382-9558-470c-aeb8-ee1f2bbfca34;10.218;16.98176565;BUY
2016-03-27T17:45:29.000000;2016-03-27T17:45:29.360000;c12cc271-a9bc-4869-ad1e-6c4cdb56a4e2;10.251;0.3503;BUY
2016-03-27T17:54:26.000000;2016-03-27T17:54:26.627000;833b5354-2556-4bba-9526-9ed252c1a78c;10.389;45.0;BUY
2016-03-27T17:54:27.000000;2016-03-27T17:54:27.860000;857f186b-325d-4629-a9bf-1ae81d193c83;10.39;14.21632204;SELL
2016-03-27T17:54:29.000000;2016-03-27T17:54:33.193000;b1e0b905-1334-4413-839b-80bb33463266;10.39;14.21632204;SELL
2016-03-27T17:54:33.000000;2016-03-27T17:54:33.347000;0700f4da-93aa-4841-933d-ef0b3f3ff0a1;10.39;3.6;SELL
2016-03-27T17:54:33.000000;2016-03-27T17:54:33.353000;4e7471b0-b5c0-477e-9f2a-93fdd725b6a7;10.39;1.7;SELL
2016-03-27T17:54:38.000000;2016-03-27T17:54:38.203000;98f3b039-fb23-4101-8b13-a0cb8f893a05;10.39;1.26735592;SELL
2016-03-27T18:01:39.000000;2016-03-27T18:01:39.120000;7a2e2b7f-8143-4299-9679-e9f9c3525967;10.389;2.59877;BUY
2016-03-27T18:01:39.000000;2016-03-27T18:01:39.130000;3b30cd08-1d61-4837-b4f5-cbec778d6ac7;10.39;1.26735592;BUY
2016-03-27T18:01:39.000000;2016-03-27T18:01:39.130000;61770f3f-ae2f-4479-8cb6-693437a616e1;10.453;0.3503;BUY
2016-03-27T18:01:39.000000;2016-03-27T18:01:39.167000;499b6988-84d5-4578-8116-849d44123efe;10.458;0.3503;BUY
2016-03-27T18:01:39.000000;2016-03-27T18:01:39.167000;d1e93eb9-5e9e-4c1e-a5b2-b1d04fa8d923;10.482;2.0515;BUY
2016-03-27T18:01:39.000000;2016-03-27T18:01:39.167000;b3910f26-d20c-4566-85e6-b1f15ca268be;10.482;2.38177408;BUY
2016-03-27T18:07:15.000000;2016-03-27T18:07:16.037000;d0f6f5e4-5e92-4ecb-9e31-a14522d0eacf;10.369;2.0;SELL
2016-03-27T18:07:45.000000;2016-03-27T18:07:46.020000;2ab6032a-3cad-4ba4-888f-d92b8f01e882;10.4;0.5;SELL
2016-03-27T18:07:45.000000;2016-03-27T18:07:46.037000;53262d70-65cd-45aa-a4d8-628927fd3a87;10.386;1.5;SELL
2016-03-27T18:08:16.000000;2016-03-27T18:08:16.627000;60884756-1700-4298-a4f0-62e668654b37;10.396;0.39561353;SELL
2016-03-27T18:12:12.000000;2016-03-27T18:12:12.833000;39b13fcc-e817-4ca2-a99f-aaa10da38cd0;10.401;6.9;SELL
2016-03-27T18:12:12.000000;2016-03-27T18:12:12.843000;1d899d14-80d0-42d8-8878-9d0c4d6ebd54;10.4;8.10550046;SELL
2016-03-27T18:29:54.000000;2016-03-27T18:29:54.687000;762adcf6-e6d9-4902-8764-d9b18744dfce;10.306;5.0;SELL
2016-03-27T18:31:46.000000;2016-03-27T18:31:46.437000;dc576ceb-9355-4955-8b3f-17478339b77b;10.301;36.70694073;SELL
2016-03-27T18:31:47.000000;2016-03-27T18:31:47.123000;df2093b4-48c2-4176-be68-0257b204bd9b;10.301;20.56095927;SELL
2016-03-27T18:32:48.000000;2016-03-27T18:32:48.340000;b67ea7d8-ad34-40f5-bb6a-9d6ca1976ff1;10.346;6.9;BUY
2016-03-27T18:32:48.000000;2016-03-27T18:32:48.363000;8ad1d695-77e6-4fb3-826a-fef9940f2c7c;10.347;8.1667;BUY
2016-03-27T18:33:38.000000;2016-03-27T18:33:38.390000;6f483d7c-3afd-4e70-be76-ff3f70dec384;10.282;2.0914;SELL
2016-03-27T18:33:41.000000;2016-03-27T18:33:41.447000;0987b9e4-16e3-43e8-a000-b2b0cd35fd49;10.253;2.0914;SELL
2016-03-27T18:33:49.000000;2016-03-27T18:33:49.217000;8e119e22-b253-47c6-a13a-f6920abaf797;10.253;2.7;SELL
2016-03-27T18:33:49.000000;2016-03-27T18:33:49.813000;b866acf5-52a5-4fb1-ae74-4165057ce532;10.25;2.550615;SELL
2016-03-27T18:38:24.000000;2016-03-27T18:38:24.393000;d29f9857-7e4c-4ba4-a40e-735e13bb081e;10.235;2.550615;BUY
2016-03-27T18:38:24.000000;2016-03-27T18:38:24.400000;2d68abd5-16b8-4f89-9584-a29af17624c4;10.24;34.00694073;BUY
2016-03-27T18:38:24.000000;2016-03-27T18:38:24.410000;27565c1d-06b8-49e4-a7da-4b20864b6272;10.24;0.18612868;BUY
2016-03-27T18:38:39.000000;2016-03-27T18:38:39.160000;cc8648f3-bc6b-4e8c-8dd0-a45c2c12bdf9;10.24;2.36448632;BUY
2016-03-27T18:45:32.000000;2016-03-27T18:45:32.763000;91c4caf1-230b-4c8b-8e5a-d7b998be8b33;10.308;0.3;BUY
2016-03-27T18:45:32.000000;2016-03-27T18:45:32.777000;f046aca3-c032-4abf-ab8b-3f8f967ea0bc;10.309;36.44368441;BUY
2016-03-27T18:45:33.000000;2016-03-27T18:45:33.777000;2836239b-76e0-4978-8d29-9ebb5334c032;10.309;1.40212481;BUY
2016-03-27T19:07:58.000000;2016-03-27T19:07:58.850000;7039b166-5893-46c0-ac6f-cb54fa3b8cbb;10.31;36.60314451;SELL
2016-03-27T19:08:22.000000;2016-03-27T19:08:22.167000;abf68665-718f-4331-ad54-b2a2bd88c2f6;10.31;4.0;SELL
2016-03-27T19:09:08.000000;2016-03-27T19:09:08.953000;54b71839-a16e-43bb-825d-cd13a9085fe0;10.32;36.60314451;SELL
2016-03-27T19:09:10.000000;2016-03-27T19:09:10.323000;805b8b4f-49ac-4ed0-b407-b5c4b3429257;10.32;31.99069451;SELL
2016-03-27T19:09:10.000000;2016-03-27T19:09:11.000000;6583bd8a-c994-42ff-a843-767f042312f3;10.32;6.61245;SELL
2016-03-27T19:09:12.000000;2016-03-27T19:09:12.937000;8bea9bda-e19b-48e2-ba46-84132c595dd5;10.32;24.79371098;SELL
2016-03-27T19:09:13.000000;2016-03-27T19:09:13.537000;d5836e03-5b65-42b6-b183-90b035824ec1;10.31;2.61245;SELL
2016-03-27T19:09:13.000000;2016-03-27T19:09:13.563000;a371c735-2aa4-4696-8c23-8a3d8bccd1bb;10.31;27.37824451;SELL
2016-03-27T19:09:16.000000;2016-03-27T19:09:16.353000;d08007ce-e625-4564-a9fd-22bd17694447;10.31;9.80943353;SELL
2016-03-27T19:09:23.000000;2016-03-27T19:09:23.947000;04c7db5b-8423-4689-a0bb-3a71e6dbf7dd;10.31;13.20092745;SELL
2016-03-27T19:11:26.000000;2016-03-27T19:11:26.360000;d50f7f35-01f6-4188-952a-7534dceee7a1;10.23;36.60314451;SELL
2016-03-27T19:11:27.000000;2016-03-27T19:11:27.743000;3d71baf1-6733-4318-ac8e-cb0aef67e215;10.23;2.30946751;SELL
2016-03-27T19:13:14.000000;2016-03-27T19:13:14.647000;a9f5d55f-42d6-4531-baf4-975a5238cf1a;10.23;1.08394424;SELL
2016-03-27T19:16:04.000000;2016-03-27T19:16:04.093000;6a01f821-67eb-4518-87c5-dbf97ecbb29c;10.23;10.0;SELL
2016-03-27T19:16:06.000000;2016-03-27T19:16:07.003000;6c3d43f9-b799-40bd-ba01-86377f0fe896;10.23;20.0;SELL
2016-03-27T19:16:07.000000;2016-03-27T19:16:07.330000;64d9bc8a-7000-41e0-a2b2-701ad7448878;10.23;3.0;SELL
2016-03-27T19:16:18.000000;2016-03-27T19:16:18.777000;4a8e4e5a-fa10-49a3-8b74-9747437f4c59;10.23;3.0;SELL
2016-03-27T19:16:43.000000;2016-03-27T19:16:43.503000;87a51e4b-cc0f-40be-aba3-e5ddd242b554;10.23;10.0;SELL
2016-03-27T19:16:45.000000;2016-03-27T19:16:45.687000;56377692-c951-42d9-91e6-373fc9ae82d4;10.23;10.0;SELL
2016-03-27T19:16:52.000000;2016-03-27T19:16:52.193000;80e11bb8-ffd9-4240-a1d2-bb62c617067a;10.23;3.0;SELL
2016-03-27T19:16:54.000000;2016-03-27T19:16:54.700000;d6a368a4-a6c5-46e6-842f-d04eea24a22d;10.23;1.00344374;SELL
2016-03-27T19:16:54.000000;2016-03-27T19:16:54.703000;4b18e261-6fe8-450c-9982-54cd3e3c5191;10.23;14.09655626;SELL
2016-03-27T19:17:03.000000;2016-03-27T19:17:03.440000;676832ce-aa8f-4ae6-ab04-3a9ec78fca04;10.23;3.0;SELL
2016-03-27T19:17:05.000000;2016-03-27T19:17:06.000000;26ef2624-d10c-4f2e-a731-d8c564132c69;10.23;10.0;SELL
2016-03-27T19:17:14.000000;2016-03-27T19:17:14.550000;b1878bd1-ac13-431c-b908-42fb513e2019;10.23;3.0;SELL
2016-03-27T19:17:20.000000;2016-03-27T19:17:20.513000;8670c620-0065-474a-82bc-31f19c88f4b0;10.23;20.0;SELL
2016-03-27T19:17:24.000000;2016-03-27T19:17:24.110000;c7f17c2c-c5e1-47b6-bca4-4af5b46b89df;10.23;2.0;SELL
2016-03-27T19:17:25.000000;2016-03-27T19:17:25.523000;6a6a4260-827d-4062-bc64-fb156ad30785;10.23;3.0;SELL
2016-03-27T19:17:28.000000;2016-03-27T19:17:28.497000;f885c9be-6767-48d4-aedd-44c734a143ff;10.23;3.0;SELL
2016-03-27T19:17:36.000000;2016-03-27T19:17:36.717000;36e452e6-f11c-4d24-8326-7652dfdb23ed;10.23;3.0;SELL
2016-03-27T19:18:06.000000;2016-03-27T19:18:06.430000;485a7188-c6b6-4df7-8964-ade300b1a593;10.23;20.0;SELL
2016-03-27T19:18:53.000000;2016-03-27T19:18:53.187000;ff91405c-7950-4ab8-924c-6a1b9c5cc649;10.23;28.44;SELL
2016-03-27T19:20:49.000000;2016-03-27T19:20:49.393000;49e26a93-14e0-4a9e-ab67-5d39245e0fd8;10.23;2.2563;SELL
2016-03-27T19:25:57.000000;2016-03-27T19:25:57.823000;1ec15b88-9607-47e5-94a9-874a6d60dfd9;10.298;1.04542266;BUY
2016-03-27T19:25:57.000000;2016-03-27T19:25:57.833000;d191927c-5d0e-4a92-8cd7-be663bd765b5;10.317;2.88025573;BUY
2016-03-27T19:26:31.000000;2016-03-27T19:26:31.967000;db63056e-b341-4690-9e31-35005f67da43;10.317;1.04124515;BUY
2016-03-27T19:26:32.000000;2016-03-27T19:26:32.143000;dd82c937-5789-4284-9c3f-c4956f90767a;10.317;0.00417751;BUY
2016-03-27T19:27:32.000000;2016-03-27T19:27:32.473000;9eca466e-6b67-4d55-9a6f-e1fa6ca08590;10.337;1.04542266;SELL
2016-03-27T19:27:32.000000;2016-03-27T19:27:32.483000;c2a25c60-501c-4bc7-ab5d-427c017d86e4;10.337;14.11274135;SELL
2016-03-27T19:42:50.000000;2016-03-27T19:42:50.263000;b45c9319-7c2b-49f6-8f70-eeadd18b12fa;10.477;2.4;BUY
2016-03-27T19:42:50.000000;2016-03-27T19:42:50.273000;e7b19a7e-81f3-4d10-8e53-da6a54928b8a;10.478;0.6;BUY
2016-03-27T19:46:15.000000;2016-03-27T19:46:15.313000;076165b1-a847-4793-a83c-2da38e5ac97e;10.478;1.4914;BUY
2016-03-27T19:46:15.000000;2016-03-27T19:46:15.330000;d0726ab8-9c8b-47d3-b7a9-d37576253e01;10.514;0.61281421;BUY
2016-03-27T19:48:43.000000;2016-03-27T19:48:43.357000;2f5f5992-c877-4e90-9ecf-bdddbe251e95;10.506;1.08483221;SELL
2016-03-27T19:52:38.000000;2016-03-27T19:52:38.057000;2614afa6-0b76-4517-9f0b-b57415af9afd;10.507;4.233;SELL
2016-03-27T19:52:49.000000;2016-03-27T19:52:49.210000;ad54a228-ff4e-4217-b132-28f4e80deb81;10.508;1.16072863;SELL
2016-03-27T19:53:16.000000;2016-03-27T19:53:16.460000;f6176416-1fb5-4b42-b419-0c73291b0121;10.51;2.0;SELL
2016-03-27T19:53:16.000000;2016-03-27T19:53:16.713000;cb750217-5de4-467a-ae49-09aeea1daf8c;10.51;2.0;SELL
2016-03-27T19:53:19.000000;2016-03-27T19:53:19.370000;c13504c4-ada6-45c1-804d-cee0195a1f29;10.511;2.00023669;SELL
2016-03-27T19:53:29.000000;2016-03-27T19:53:29.793000;de9a225d-6103-45d7-907e-07c8609e768e;10.512;1.60004556;SELL
2016-03-27T19:53:41.000000;2016-03-27T19:53:41.663000;14c5b353-f536-4ab7-b1c8-ce3be7505b08;10.513;8.57047176;SELL
2016-03-27T19:53:41.000000;2016-03-27T19:53:41.917000;5b6491d0-1650-4293-a4ed-9996c88a30a4;10.513;83.03239783;SELL
2016-03-27T19:53:42.000000;2016-03-27T19:53:42.493000;ee6efd7b-d7ce-486c-bd71-a2805c26d80d;10.513;2.167;SELL
2016-03-27T19:53:42.000000;2016-03-27T19:53:42.530000;16c9b870-3d13-4a25-bcff-5ca61abbda83;10.513;48.73781422;SELL
2016-03-27T19:53:42.000000;2016-03-27T19:53:42.543000;461f2fef-7426-451a-925e-34981b1f105a;10.513;6.3571062;SELL
2016-03-27T19:53:42.000000;2016-03-27T19:53:42.663000;a8989b84-f845-47bd-bc9a-6af6aab95eba;10.513;27.93747741;SELL
2016-03-27T19:53:43.000000;2016-03-27T19:53:43.993000;7ba70fa6-1ec6-4b58-8fdb-1a2a95268a90;10.513;6.36746833;SELL
2016-03-27T19:53:44.000000;2016-03-27T19:53:44.183000;ffb31152-4842-456a-b70e-3a0b3bc65282;10.513;76.6649295;SELL
2016-03-27T19:54:16.000000;2016-03-27T19:54:16.690000;1f608433-0cf5-4380-a60c-e15592cd5791;10.512;3.0;SELL
2016-03-27T19:54:18.000000;2016-03-27T19:54:18.310000;9e1cf3c1-0bee-4e3c-997d-e1c2e00e822b;10.512;35.32805734;SELL
2016-03-27T19:54:19.000000;2016-03-27T19:54:19.160000;0fc6c67b-40fd-4cbc-b78a-60bb81ee0ed7;10.512;3.02305909;SELL
2016-03-27T19:54:20.000000;2016-03-27T19:54:20.590000;4c2febfd-c74f-4dd7-987e-331dce0eaec7;10.512;6.30410237;SELL
2016-03-27T19:54:24.000000;2016-03-27T19:54:24.173000;19c87bbe-9ec3-4883-8aae-3eef8ad6be03;10.512;5.91518432;SELL
2016-03-27T19:54:25.000000;2016-03-27T19:54:25.290000;603f366a-5383-4fda-afdc-a0434b6ca442;10.512;5.91008506;SELL
2016-03-27T19:54:25.000000;2016-03-27T19:54:25.417000;cc8710ff-f508-4995-9a39-7159c132852e;10.512;30.69305945;SELL
2016-03-27T19:54:25.000000;2016-03-27T19:54:25.673000;69677816-d614-4b37-9a6d-8ab30e3a72ad;10.512;5.91008506;SELL
2016-03-27T19:54:36.000000;2016-03-27T19:54:36.663000;178b57a0-a088-48f5-896e-19b89894f2e7;10.512;34.90219763;SELL
2016-03-27T19:54:36.000000;2016-03-27T19:54:36.927000;982179c2-4057-4659-9d94-6e2430225cd1;10.512;32.55102373;SELL
2016-03-27T19:54:37.000000;2016-03-27T19:54:37.283000;7ea7c603-7039-462a-b2fa-ee727076e7b6;10.512;7.45334064;SELL
2016-03-27T19:54:38.000000;2016-03-27T19:54:38.400000;629dc771-336a-4aec-ab50-baa14e007d41;10.512;36.60314451;SELL
2016-03-27T19:54:38.000000;2016-03-27T19:54:38.417000;cf3dee51-bc01-4b27-89b8-4e21e1a98010;10.512;36.60314451;SELL
2016-03-27T19:54:38.000000;2016-03-27T19:54:38.620000;a8000e6f-9c88-40f1-926c-4fd884188a4f;10.512;24.79371098;SELL
2016-03-27T19:54:44.000000;2016-03-27T19:54:44.707000;c8f998e1-dce3-48d2-b16a-29393fe1f3f8;10.512;16.64028136;SELL
2016-03-27T19:54:48.000000;2016-03-27T19:54:48.897000;3db4cd99-2ab1-4393-bb7d-14e465197b7c;10.512;2.36819621;SELL
2016-03-27T19:54:50.000000;2016-03-27T19:54:50.373000;7f5f89d7-37a0-4c82-a806-59fdd7a8df45;10.512;2.37056678;SELL
2016-03-27T19:54:51.000000;2016-03-27T19:54:51.230000;a4e7e2f9-97bd-4a14-aacd-06fdb301c9ca;10.512;36.60314451;SELL
2016-03-27T19:54:51.000000;2016-03-27T19:54:51.333000;4bde422f-097c-4efb-b33b-49ed76d39a06;10.512;27.16;SELL
2016-03-27T19:54:52.000000;2016-03-27T19:54:52.200000;058f205d-92ec-4532-82ce-9d4ff990cd1c;10.512;36.60314451;SELL
2016-03-27T19:54:52.000000;2016-03-27T19:54:52.817000;ee35fb6e-54d8-46f1-96c0-e5b72a7d49a9;10.512;11.82780928;SELL
2016-03-27T19:54:53.000000;2016-03-27T19:54:53.620000;d73a67f0-9b2c-4ff4-817d-1ea76cb70f07;10.512;17.8366171;SELL
2016-03-27T19:55:18.000000;2016-03-27T19:55:18.397000;9e31d48b-436d-4286-a589-6e366d9da70e;10.509;0.1661252;SELL
2016-03-27T19:55:23.000000;2016-03-27T19:55:23.033000;67a89998-6fb4-4a5b-85da-322dbdfc1e6e;10.509;11.3852034;SELL
2016-03-27T19:55:24.000000;2016-03-27T19:55:24.613000;81db4eb2-619f-4df9-8c26-0e1cebf7f1bd;10.509;11.3966;SELL
2016-03-27T19:55:25.000000;2016-03-27T19:55:25.883000;16a7da11-ee87-41cb-81b1-fd0350f550b8;10.509;36.60314451;SELL
2016-03-27T19:55:27.000000;2016-03-27T19:55:27.877000;0d236dd9-58df-4455-91e8-dcde274d96e9;10.509;27.20114693;SELL
2016-03-27T19:55:29.000000;2016-03-27T19:55:29.230000;ffc2eb5e-9c23-4dde-ab72-7f5b02b7a1f0;10.509;27.20114693;SELL
2016-03-27T19:55:31.000000;2016-03-27T19:55:31.147000;31cabb45-7cf9-41fc-8cec-13a776c901d5;10.509;36.60314451;SELL
2016-03-27T19:55:33.000000;2016-03-27T19:55:33.600000;62cabc73-e659-412d-b260-e9dadcc6bd57;10.509;36.60314451;SELL
2016-03-27T19:55:55.000000;2016-03-27T19:55:55.507000;42cf98b1-70a0-4aca-a4dd-cd5731aa351a;10.509;33.7;SELL
2016-03-27T19:56:11.000000;2016-03-27T19:56:11.387000;2d11e24c-955e-4fe5-8c8b-8c1b1db0eee3;10.509;19.08767446;SELL
2016-03-27T19:56:18.000000;2016-03-27T19:56:18.567000;57346221-2fed-4ea0-a60f-a02f79f3f429;10.509;33.7;SELL
2016-03-27T20:00:04.000000;2016-03-27T20:00:05.037000;bd22f903-47b0-4b16-be56-205881e6d5f4;10.509;14.19416396;SELL
2016-03-27T20:08:51.000000;2016-03-27T20:08:51.330000;46f94356-8a79-4210-af90-6da8c14e2f05;10.511;11.4077;BUY
2016-03-27T20:08:51.000000;2016-03-27T20:08:51.350000;e60d7a50-0c01-47e3-81b1-2e0a5a134bbd;10.512;2.80067214;BUY
2016-03-27T20:08:53.000000;2016-03-27T20:08:53.150000;74527f4a-bcbd-4fc9-8a5c-c2dcea95ab57;10.512;1.30455731;BUY
2016-03-27T20:09:07.000000;2016-03-27T20:09:07.877000;f2c8ad5e-5823-43a9-8632-7997c48fbba9;10.514;1.30468119;SELL
2016-03-27T20:09:07.000000;2016-03-27T20:09:07.890000;6f042fa9-923d-4e63-97b4-0272d85359c3;10.514;2.80067214;SELL
2016-03-27T20:09:07.000000;2016-03-27T20:09:07.900000;1d35312d-9cc5-4d31-a2fd-0f6626486328;10.514;1.30455708;SELL
2016-03-27T20:09:09.000000;2016-03-27T20:09:09.383000;438a5dea-c807-4437-8549-5d2bfd5d3fab;10.511;14.20837225;BUY
2016-03-27T20:09:11.000000;2016-03-27T20:09:11.820000;a75de072-4ed0-4407-becc-918010dd0f1e;10.511;14.20837225;BUY
2016-03-27T20:09:14.000000;2016-03-27T20:09:14.567000;32362c5b-94b4-4f5d-b632-4070ab9e384e;10.511;11.17334509;BUY
2016-03-27T20:13:37.000000;2016-03-27T20:13:37.587000;6e6cc501-b851-403a-8b45-340a998e7bbf;10.398;0.3304378;SELL
2016-03-27T20:25:18.000000;2016-03-27T20:25:18.387000;88ebbbde-59ed-44ec-a4b1-ee29fcb30aa4;10.415;14.19416396;SELL
2016-03-27T20:33:22.000000;2016-03-27T20:33:22.243000;6757443a-6ba4-41af-b2b0-5a67a7e7763a;10.467;0.3;BUY
2016-03-27T20:33:22.000000;2016-03-27T20:33:22.260000;d83f088a-0996-4738-8d7b-1dfba883cb8c;10.468;13.90837233;BUY
2016-03-27T20:38:51.000000;2016-03-27T20:38:51.597000;e5e3a2e8-26a9-4bc6-a5d2-7c0df105ee50;10.467;6.90807366;BUY
2016-03-27T20:47:58.000000;2016-03-27T20:48:00.367000;5f070c54-ac8e-4f1e-8525-edd6356099e9;10.56;0.49711;BUY
2016-03-27T20:48:31.000000;2016-03-27T20:48:31.170000;d9da9c4d-ac29-4b1d-adb7-c9c94a7be7cb;10.56;0.7286;BUY
2016-03-27T20:57:12.000000;2016-03-27T20:57:12.930000;6f4fac48-e960-4a19-b21e-99e212af198f;10.56;2.24823505;BUY
2016-03-27T20:57:13.000000;2016-03-27T20:57:13.500000;a7acc2d0-7ec1-429e-91fc-e23a48247a41;10.56;2.003003;BUY
2016-03-27T20:57:44.000000;2016-03-27T20:57:44.637000;6a75189d-c6bf-4cea-b51f-2d555ec64239;10.643;1.0608;BUY
2016-03-27T21:03:39.000000;2016-03-27T21:03:39.740000;00ad5b04-3ce5-4620-85ae-b0c3b5c89824;10.559;5.0;SELL
2016-03-27T21:06:05.000000;2016-03-27T21:06:06.000000;dd659a74-8b58-4b70-835a-a15adbbb79ed;10.559;4.75157959;SELL
2016-03-27T21:06:06.000000;2016-03-27T21:06:06.483000;3100f592-a085-4e8f-87b0-17bd31a65bbc;10.559;5.21642041;SELL
2016-03-27T21:06:20.000000;2016-03-27T21:06:20.337000;6a233fbf-6bcb-4937-8836-a57a5aa8c0b1;10.559;5.0;SELL
2016-03-27T21:07:58.000000;2016-03-27T21:07:58.563000;e1a003b3-2a28-436f-a796-2d68e7a715cf;10.559;0.84790558;SELL
2016-03-27T21:08:15.000000;2016-03-27T21:08:15.650000;a95e2a44-666d-4048-8cbf-c90924d5e341;10.559;0.30654908;SELL
2016-03-27T21:09:04.000000;2016-03-27T21:09:04.750000;6ac086aa-ab21-4206-b7ce-560bcb5fccd0;10.559;14.19416396;SELL
2016-03-27T21:09:08.000000;2016-03-27T21:09:08.633000;42e3d881-1363-438a-a426-ce688ee35baa;10.559;14.19416396;SELL
2016-03-27T21:11:50.000000;2016-03-27T21:11:50.123000;e6b9d0b9-43f0-4daf-9a3d-5a651d90027c;10.559;14.19416396;SELL
2016-03-27T21:13:26.000000;2016-03-27T21:13:26.430000;e35dc47c-e28f-46e5-baae-57037a41ddfd;10.559;8.44428289;SELL
2016-03-27T21:15:48.000000;2016-03-27T21:15:48.250000;79e8834c-3396-40fe-99da-0ac06af4314d;10.559;5.82059325;SELL
2016-03-27T21:15:50.000000;2016-03-27T21:15:50.540000;36e451c3-db53-4774-9d26-32570264cc81;10.559;14.19416396;SELL
2016-03-27T21:15:52.000000;2016-03-27T21:15:52.123000;68bb10ea-acf0-4bd2-8d59-53b2021b1443;10.559;14.19416396;SELL
2016-03-27T21:16:05.000000;2016-03-27T21:16:05.407000;fbaa50ba-f81a-48b1-8761-4fbc4d3c0ee1;10.559;4.04950835;SELL
2016-03-27T21:16:07.000000;2016-03-27T21:16:07.277000;3e8efa6b-83cd-4c48-84ff-2c78750693cf;10.559;5.93893404;SELL
2016-03-27T21:16:09.000000;2016-03-27T21:16:09.970000;4fabed7e-b036-4703-86ad-2c4b6bbd5abf;10.559;14.19416396;SELL
2016-03-27T21:16:11.000000;2016-03-27T21:16:11.767000;faa13c5a-0219-41ea-8565-dd1463896933;10.559;14.0406315;SELL
2016-03-27T21:16:21.000000;2016-03-27T21:16:21.937000;60494477-623a-4190-ac89-2374545e889d;10.559;14.19416396;SELL
2016-03-27T21:16:22.000000;2016-03-27T21:16:23.230000;61f7ce30-bb7f-4761-a998-42593358e513;10.559;14.19416396;SELL
2016-03-27T21:16:25.000000;2016-03-27T21:16:25.423000;a399aae7-f887-47d9-85ff-8fc9e6087247;10.559;14.19416396;SELL
2016-03-27T21:23:39.000000;2016-03-27T21:23:40.020000;c7cae0a8-c7ee-4fc3-adb6-78b497069245;10.559;3.03070676;SELL
2016-03-27T21:24:00.000000;2016-03-27T21:24:00.623000;f057bfd4-d841-4f27-856b-a19bd875ef45;10.559;1.63536898;SELL
2016-03-27T21:24:17.000000;2016-03-27T21:24:17.337000;62ce2a13-ad65-492a-bb96-7d78a32b311b;10.559;0.25005335;SELL
2016-03-27T21:24:33.000000;2016-03-27T21:24:33.070000;912741d2-ad04-4c15-a368-f1a199412809;10.559;0.59217539;SELL
2016-03-27T21:33:07.000000;2016-03-27T21:33:07.820000;2d924986-d50a-445d-a674-46003e8f4f43;10.6;1.15235415;SELL
2016-03-27T21:34:03.000000;2016-03-27T21:34:03.737000;5888b041-29ee-48cf-91de-b24726240b9c;10.6;11.84764585;SELL
2016-03-27T21:37:49.000000;2016-03-27T21:37:49.197000;024dd43c-51af-4600-8437-0e91156418ba;10.55;14.19416396;SELL
2016-03-27T21:38:53.000000;2016-03-27T21:38:53.797000;c96c87e8-223f-4db7-8800-c64fb929b5c6;10.55;1.1852;SELL
2016-03-27T21:38:59.000000;2016-03-27T21:38:59.570000;75a5bd3d-09da-430f-9ee4-aec59e4005d4;10.55;1.1852;SELL
2016-03-27T21:39:06.000000;2016-03-27T21:39:06.637000;64ea03be-2c60-4fe3-8732-18e3f4786858;10.55;1.1852;SELL
2016-03-27T21:39:12.000000;2016-03-27T21:39:12.300000;4c7bad81-596f-44ce-8ca4-9f4a58b53aa7;10.55;1.1852;SELL
2016-03-27T21:39:18.000000;2016-03-27T21:39:18.563000;1709058d-1086-45d5-937b-8a878b2d4487;10.55;1.1852;SELL
2016-03-27T21:39:35.000000;2016-03-27T21:39:35.437000;59ed5942-7a0b-4d3f-b481-b2070b9bdc17;10.55;8.7721;SELL
2016-03-27T21:39:41.000000;2016-03-27T21:39:41.873000;a20a1773-c666-4399-8575-d3cfc20a7f71;10.55;3.64018009;SELL
2016-03-27T21:39:46.000000;2016-03-27T21:39:46.587000;dda48fb3-17a7-4f16-a78f-cd827cbefdd0;10.55;3.64000948;SELL
2016-03-27T21:39:46.000000;2016-03-27T21:39:46.650000;3f41fa1e-1c76-4de0-a34b-6582e0e7be34;10.55;5.8187;SELL
2016-03-27T21:39:51.000000;2016-03-27T21:39:51.473000;18f4bfb0-2e2b-4954-b317-23af6d382181;10.55;3.64000948;SELL
2016-03-27T21:39:52.000000;2016-03-27T21:39:52.157000;3d6b9b2d-0758-42e4-a769-72bd7c3abf58;10.55;4.85066748;SELL
2016-03-27T21:39:52.000000;2016-03-27T21:39:52.200000;f4a47854-2216-43cb-86f1-e46483e00ab2;10.55;37.18845068;SELL
2016-03-27T21:39:52.000000;2016-03-27T21:39:52.263000;09865285-15ba-43b9-8315-5bdc283e5d46;10.55;0.63269576;SELL
2016-03-27T21:39:53.000000;2016-03-27T21:39:53.903000;cec004ed-b703-4f6d-8faa-105c3afeaad3;10.55;4.84582273;SELL
2016-03-27T21:39:53.000000;2016-03-27T21:39:53.943000;5dd71007-db5c-4d26-9e0d-ccf74d2db2e4;10.55;37.1513076;SELL
2016-03-27T21:39:53.000000;2016-03-27T21:39:54.003000;07f169dc-5f96-47a3-afc2-40bee8246f9b;10.55;0.63206383;SELL
2016-03-27T21:39:54.000000;2016-03-27T21:39:54.373000;de60554e-4174-4130-bd75-d96c627aecae;10.55;14.19416396;SELL
2016-03-27T21:39:54.000000;2016-03-27T21:39:54.797000;229637cf-3d8a-4b78-be43-403f64aaa5c4;10.55;5.91300208;SELL
2016-03-27T21:39:54.000000;2016-03-27T21:39:54.967000;10e1d1c0-1ea7-475c-bc88-a64930f0390f;10.55;14.19416396;SELL
2016-03-27T21:39:54.000000;2016-03-27T21:39:55.040000;46fb497d-9218-4e58-8a07-67470d99aa16;10.55;0.63269653;SELL
2016-03-27T21:39:55.000000;2016-03-27T21:39:55.300000;b6242285-ea6f-49ed-8d91-9888d5ea29e3;10.55;4.8506734;SELL
2016-03-27T21:39:56.000000;2016-03-27T21:39:56.743000;b0510d4d-3f38-4746-b779-11ceeaade8f2;10.55;14.19416396;SELL
2016-03-27T21:39:58.000000;2016-03-27T21:39:58.127000;a59ed3b1-5f8f-4c83-ac71-83ff1a8779d3;10.55;37.10184653;SELL
2016-03-27T21:39:58.000000;2016-03-27T21:39:58.297000;843a4e41-b7c0-48f8-b583-68b677d54826;10.55;0.63122234;SELL
2016-03-27T21:39:58.000000;2016-03-27T21:39:58.357000;e255294b-7155-4fae-89db-bbabb513c754;10.55;0.94993112;SELL
2016-03-27T21:39:58.000000;2016-03-27T21:39:58.397000;2a431e3c-bdd0-4c11-8ef4-c11bff80370e;10.55;14.18070969;SELL
2016-03-27T21:39:58.000000;2016-03-27T21:39:58.420000;13eeb68b-cd8a-4a5c-a7d8-58f6e2adfd61;10.55;4.83937129;SELL
2016-03-27T21:39:59.000000;2016-03-27T21:39:59.743000;8ccbc35f-c8b0-4833-b9da-3cc720aa9cf5;10.55;14.19416396;SELL
2016-03-27T21:39:59.000000;2016-03-27T21:39:59.770000;ecd8c0ec-4e2f-4dff-acc3-6bf41ba82190;10.55;6.8572493;SELL
2016-03-27T21:40:00.000000;2016-03-27T21:40:00.587000;57ca40f1-c3da-43d4-9020-ba3feacced9e;10.55;5.91300208;SELL
2016-03-27T21:40:00.000000;2016-03-27T21:40:01.100000;2c6707d7-1ada-49a8-9a9e-68f266dc4b9c;10.55;6.8572493;SELL
2016-03-27T21:40:01.000000;2016-03-27T21:40:02.123000;156f8e79-f360-4ac1-abde-40f177226112;10.55;14.19416396;SELL
2016-03-27T21:40:01.000000;2016-03-27T21:40:02.167000;3b080e9c-6163-48e9-9c91-2586345bc43c;10.55;5.13811208;SELL
2016-03-27T21:40:02.000000;2016-03-27T21:40:02.477000;2bb3839e-687a-47c4-a102-2560b4847b76;10.55;14.19416396;SELL
2016-03-27T21:40:02.000000;2016-03-27T21:40:02.790000;3f4d1956-f4b9-4833-8695-0a4a38bdc068;10.55;21.92551625;SELL
2016-03-27T21:40:04.000000;2016-03-27T21:40:04.607000;2a5cb99a-3e9e-4f79-9703-cb59f701b128;10.55;9.17335375;SELL
2016-03-27T21:40:05.000000;2016-03-27T21:40:05.493000;3358b09c-5eeb-479e-ae1a-569c7d3f4f16;10.55;26.18952534;SELL
2016-03-27T21:40:05.000000;2016-03-27T21:40:05.703000;ed23d08b-e04b-4932-b3a6-d92628e80abf;10.55;3.63992417;SELL
2016-03-27T21:40:06.000000;2016-03-27T21:40:06.370000;a56e4746-16cb-4e84-9004-bbb655cc6944;10.55;5.09609243;SELL
2016-03-27T21:40:06.000000;2016-03-27T21:40:06.413000;13e041e7-f9fd-47ab-ac06-f8f7e218df39;10.55;0.66470771;SELL
2016-03-27T21:40:06.000000;2016-03-27T21:40:06.910000;7e05e6ba-39f4-4735-8cd3-2b3473c4ac10;10.55;2.31746371;SELL
2016-03-27T21:40:32.000000;2016-03-27T21:40:32.803000;cc718877-d703-4ebf-ad12-7d996b078db0;10.55;2.10000578;SELL
2016-03-27T21:42:46.000000;2016-03-27T21:42:46.120000;b5e0a24d-a938-4da8-891b-628bd35a4653;10.55;0.81708937;SELL
2016-03-27T21:43:39.000000;2016-03-27T21:43:39.427000;1790fef7-b968-4711-8ed6-110f1b8362da;10.55;13.74431281;SELL
2016-03-27T21:43:39.000000;2016-03-27T21:43:39.670000;c66c28c9-cb7c-4d71-8386-db5f40421691;10.55;1.79273645;SELL
2016-03-27T21:43:40.000000;2016-03-27T21:43:40.457000;89b4bf32-2385-4167-a601-92145d372e3e;10.55;0.43384568;SELL
2016-03-27T21:43:40.000000;2016-03-27T21:43:40.500000;b3100d3a-6003-446c-a8df-0b5ff02bf912;10.55;3.32615017;SELL
2016-03-27T21:43:40.000000;2016-03-27T21:43:40.797000;622eb95d-bcbf-457f-a089-3bc7fdc001c0;10.55;12.22400415;SELL
2016-03-27T21:44:06.000000;2016-03-27T21:44:06.377000;b4436d38-4e66-4ec8-afe3-f66e00d945f0;10.55;2.41595376;SELL
2016-03-27T21:44:09.000000;2016-03-27T21:44:09.350000;cd4247c2-e08d-4c40-b435-322eb96d0ada;10.55;1.58844718;SELL
2016-03-27T21:44:10.000000;2016-03-27T21:44:10.757000;b2d63efc-f806-4a52-b431-87a5503e8057;10.55;0.999;SELL
2016-03-27T21:44:12.000000;2016-03-27T21:44:12.473000;6167940c-a5b1-4e84-afd0-0a444d101eb9;10.55;0.99899992;SELL
2016-03-27T21:44:13.000000;2016-03-27T21:44:13.610000;acf8abc4-1b19-4a4a-8563-610cc65a02c2;10.55;14.19416396;SELL
2016-03-27T21:44:14.000000;2016-03-27T21:44:14.317000;7c855128-74b7-4494-96d6-0a562302c7ad;10.55;14.19416396;SELL
2016-03-27T21:44:14.000000;2016-03-27T21:44:14.917000;0d6e80e2-4304-480c-b0b6-24093d9f8e2c;10.55;14.19416396;SELL
2016-03-27T21:44:15.000000;2016-03-27T21:44:15.513000;c819a6a8-1feb-440d-8b9e-744322a59f5b;10.55;14.19416396;SELL
2016-03-27T21:44:16.000000;2016-03-27T21:44:16.937000;2365be39-92fc-4045-8f43-982e8ae7dd55;10.55;0.999;SELL
2016-03-27T21:44:18.000000;2016-03-27T21:44:18.333000;96f063da-8a5d-488e-972a-733df8089677;10.55;0.53644547;SELL
2016-03-27T21:44:18.000000;2016-03-27T21:44:18.937000;e732ef80-02be-4505-b6ad-b039a99e6ced;10.55;14.19416396;SELL
2016-03-27T21:44:19.000000;2016-03-27T21:44:19.177000;be8ec2db-5a61-48bb-8601-1fbe58cdaa61;10.55;8.08438551;SELL
2016-03-27T21:44:23.000000;2016-03-27T21:44:23.713000;99f8d072-721b-4957-995d-06467ba446a2;10.54;6.10977845;SELL
2016-03-27T21:44:23.000000;2016-03-27T21:44:23.970000;fbd099cd-94b0-43dd-9da6-9fd973d02564;10.54;6.10977845;SELL
2016-03-27T21:45:05.000000;2016-03-27T21:45:05.733000;49f56c95-6058-44d6-bafd-7fa794b9cea9;10.54;14.19416396;SELL
2016-03-27T21:45:47.000000;2016-03-27T21:45:47.727000;8434ab25-b89d-4908-8051-ade21560c201;10.54;9.21197475;SELL
2016-03-27T21:45:48.000000;2016-03-27T21:45:48.310000;7d2fb77b-b42f-4d0b-b52b-cef4b8d12aa5;10.54;13.43377228;SELL
2016-03-27T21:46:07.000000;2016-03-27T21:46:07.393000;bc8b9142-cf0b-47cc-b5bf-b820ad19842a;10.54;1.0;SELL
2016-03-27T21:47:15.000000;2016-03-27T21:47:15.150000;cc58eec1-bbb9-4fd0-b481-3ca4d0521cc6;10.54;14.19416396;SELL
2016-03-27T21:47:57.000000;2016-03-27T21:47:57.203000;4978eb76-241c-441c-b40f-eec21bc7f2d7;10.54;0.16476031;SELL
2016-03-27T21:48:10.000000;2016-03-27T21:48:10.960000;a52a0783-ec65-4231-b49b-91b3b83458fb;10.54;179.63708719;SELL
2016-03-27T21:50:49.000000;2016-03-27T21:50:49.387000;6e38798e-1594-4c7d-89e2-f2ecf02611e0;10.54;0.42192407;SELL
2016-03-27T22:00:00.000000;2016-03-27T22:00:00.280000;c99fe8b8-43ba-4fd2-8200-b4b2b0c350f1;10.541;9.968;BUY
2016-03-27T22:02:40.000000;2016-03-27T22:02:40.047000;27d5ca89-ef7d-4b47-8e5b-adb86c59c77a;10.54;14.19416396;SELL
2016-03-27T22:08:08.000000;2016-03-27T22:08:08.603000;7e09e61d-2893-4b54-a21e-c97236fad070;10.54;5.0;SELL
2016-03-27T22:08:13.000000;2016-03-27T22:08:13.673000;87074bfc-0b9b-4f56-8acc-11a98819d2fc;10.54;14.19416396;SELL
2016-03-27T22:08:14.000000;2016-03-27T22:08:14.737000;23895a9a-8a32-4a05-93a1-c7fd5d3ee299;10.54;14.19416396;SELL
2016-03-27T22:08:15.000000;2016-03-27T22:08:15.360000;a2f9fed8-c6c4-47ca-81ad-c87fd90393a5;10.54;14.19416396;SELL
2016-03-27T22:08:15.000000;2016-03-27T22:08:15.783000;5e50a638-d397-4fab-b99f-9fa27ac18e96;10.54;6.05305119;SELL
2016-03-27T22:20:01.000000;2016-03-27T22:20:01.097000;e54ded7e-21c4-4fc0-8c6b-75e5bd45dc34;10.541;1.0;BUY
2016-03-27T22:24:18.000000;2016-03-27T22:24:18.970000;35992feb-ca47-41c7-ba6b-377092de5f39;10.541;2.0;BUY
2016-03-27T22:26:24.000000;2016-03-27T22:26:24.247000;285171e0-64fa-4424-acd5-4bb2bed54322;10.54;2.06251514;SELL
2016-03-27T22:28:16.000000;2016-03-27T22:28:16.103000;1388f591-ee4d-477f-9f48-4306e6e2df4e;10.54;0.50015;SELL
2016-03-27T22:30:26.000000;2016-03-27T22:30:26.617000;47753113-340a-4417-b9a7-8b29ab60eb86;10.54;21.28057758;SELL
2016-03-27T22:30:47.000000;2016-03-27T22:30:47.227000;a22f9aaf-fc90-482b-94a1-394380d79a3f;10.54;4.10760235;SELL
2016-03-27T22:30:52.000000;2016-03-27T22:30:52.457000;895bdb88-51a3-485f-9c34-387898cb43de;10.54;1.87378147;SELL
2016-03-27T22:30:53.000000;2016-03-27T22:30:53.680000;511c8a4e-85dd-42cc-ad3e-55a58edfd4b0;10.54;5.0;SELL
2016-03-27T22:30:55.000000;2016-03-27T22:30:56.080000;654ae243-c3b5-4adf-a169-a7c3577170b2;10.54;4.07305548;SELL
2016-03-27T22:31:00.000000;2016-03-27T22:31:00.127000;ab52b82f-be5b-4dbb-b6e9-7a3cc2cc8036;10.54;1.68084506;SELL
2016-03-27T22:33:12.000000;2016-03-27T22:33:12.923000;2b50ea59-2168-4293-85d3-143d9bdfb89c;10.54;4.07305548;SELL
2016-03-27T22:33:17.000000;2016-03-27T22:33:17.307000;cad5aa10-8df2-491f-b8bb-00472417d3ea;10.54;4.14215484;SELL
2016-03-27T22:33:21.000000;2016-03-27T22:33:21.410000;428edc16-130c-45aa-a3a0-3614a2aa2dcb;10.54;1.83941863;SELL
2016-03-27T22:33:24.000000;2016-03-27T22:33:24.887000;5526b75e-7419-4eaf-846c-aa22fd514c3c;10.54;4.10760235;SELL
2016-03-27T22:33:28.000000;2016-03-27T22:33:28.633000;db9d5403-d793-471b-b08c-3296f6e919d2;10.54;1.87869873;SELL
2016-03-27T22:33:32.000000;2016-03-27T22:33:33.017000;19a9fcd6-bece-41d7-91a2-9563157f7348;10.54;4.07340092;SELL
2016-03-27T22:33:36.000000;2016-03-27T22:33:36.783000;48adca3e-e1e8-4df6-a517-5e247e669973;10.54;4.07340092;SELL
2016-03-27T22:33:41.000000;2016-03-27T22:33:41.313000;891a1e1b-ed20-48cb-aede-90920fbf3585;10.54;4.07340092;SELL
2016-03-27T22:33:45.000000;2016-03-27T22:33:45.573000;92c44a28-eced-4bdd-bc5c-6b5d86c0549c;10.54;4.07340092;SELL
2016-03-27T22:33:49.000000;2016-03-27T22:33:49.140000;1ba3b56e-2962-457d-a302-215d1fe9096c;10.54;4.07340092;SELL
2016-03-27T22:33:52.000000;2016-03-27T22:33:52.683000;658fc18d-02ff-4994-aab8-b1ff690a892b;10.54;4.07340092;SELL
2016-03-27T22:33:55.000000;2016-03-27T22:33:55.967000;c02f3f9b-d2f4-4cf6-bdfd-1cb59478a35a;10.54;4.06994518;SELL
2016-03-27T22:34:00.000000;2016-03-27T22:34:00.303000;692dba4d-3817-4bef-8498-576b96b625b6;10.54;4.3841795;SELL
2016-03-27T22:34:04.000000;2016-03-27T22:34:04.217000;0715de9d-461d-4b06-9411-dd4b4127acea;10.54;1.57883648;SELL
2016-03-27T22:34:08.000000;2016-03-27T22:34:08.730000;6d8cb286-5b5d-404d-a328-a96fcbb01390;10.54;4.17671294;SELL
2016-03-27T22:34:12.000000;2016-03-27T22:34:12.253000;452ac7a0-a3d3-4804-aa15-f0f5d91266c5;10.54;1.81682847;SELL
2016-03-27T22:34:21.000000;2016-03-27T22:34:21.737000;b7aef7ad-dec9-499d-8cd7-fdad5922744d;10.54;4.10760235;SELL
2016-03-27T22:34:23.000000;2016-03-27T22:34:23.790000;cc783c07-04d3-4178-8c50-f2299cfab83d;10.54;13.14082017;SELL
2016-03-27T22:34:25.000000;2016-03-27T22:34:25.390000;e5beef65-5da6-472b-b663-5746afea9405;10.54;1.41055451;SELL
2016-03-27T22:34:29.000000;2016-03-27T22:34:29.663000;238a67be-61f4-4e90-aaa5-069f49c1c53b;10.54;2.98248725;SELL
2016-03-27T22:34:38.000000;2016-03-27T22:34:38.553000;c7c135a2-c038-4bce-8324-f2cde36f35f1;10.54;4.52260293;SELL
2016-03-27T22:34:43.000000;2016-03-27T22:34:43.517000;18ab0ea0-707b-4f20-9076-fdd9cfc61f33;10.54;1.46259666;SELL
2016-03-27T22:34:46.000000;2016-03-27T22:34:46.980000;db91eca3-8a66-4be8-a580-6cf5eb6c7253;10.54;3.00379977;SELL
2016-03-27T22:34:50.000000;2016-03-27T22:34:50.527000;7c5164f2-662e-46de-beb8-baaa65904abc;10.54;4.17671294;SELL
2016-03-27T22:34:54.000000;2016-03-27T22:34:54.090000;5244b009-ff88-4340-bed0-b030006fb4c7;10.54;55.79934777;SELL
2016-03-27T22:34:55.000000;2016-03-27T22:34:55.380000;d1b2a9c8-a636-4228-a6ec-e9b916e6a01f;10.53;172.35199314;SELL
2016-03-27T22:34:58.000000;2016-03-27T22:34:58.750000;80737f0c-58b4-4212-9b4c-b30069ecffab;10.53;6.53737947;SELL
2016-03-27T22:34:59.000000;2016-03-27T22:34:59.447000;8bdac539-cbf4-4215-9b39-380497a598c5;10.53;15.984;SELL
2016-03-27T22:35:00.000000;2016-03-27T22:35:00.110000;9788196e-9367-4930-9336-09bf51d25f0e;10.53;15.984;SELL
2016-03-27T22:35:01.000000;2016-03-27T22:35:01.483000;554f6ea7-40ca-4195-ba9e-82474a8e0c83;10.53;4.94144088;SELL
2016-03-27T22:35:02.000000;2016-03-27T22:35:02.233000;1d9c5673-4aa0-486d-b4e6-0ea12e4bb56e;10.53;27.23408039;SELL
2016-03-27T22:35:02.000000;2016-03-27T22:35:02.323000;c8fb674b-5718-4479-aec8-1b8293e66c92;10.53;0.46333974;SELL
2016-03-27T22:35:02.000000;2016-03-27T22:35:02.370000;5a01d98e-31c8-433e-90d7-894349671da0;10.53;3.55227136;SELL
2016-03-27T22:35:02.000000;2016-03-27T22:35:02.453000;c7ba0e97-590a-4625-afa9-b9571855083e;10.53;6.53737947;SELL
2016-03-27T22:35:02.000000;2016-03-27T22:35:02.853000;027c4c0f-7901-41ce-a6c4-7d3a4cbf5d4c;10.53;40.44312912;SELL
2016-03-27T22:35:03.000000;2016-03-27T22:35:03.320000;9d11e5d3-8580-4bb5-a970-4b3c9b061d44;10.53;0.87974153;SELL
2016-03-27T22:35:03.000000;2016-03-27T22:35:03.417000;342e0719-dbfc-4192-8b3d-e3bde20c905d;10.53;44.50482847;SELL
2016-03-27T22:35:04.000000;2016-03-27T22:35:04.627000;11800b33-a13d-4204-ae95-45924a8732f7;10.53;12.04684419;SELL
2016-03-27T22:35:05.000000;2016-03-27T22:35:05.407000;2f60b9d7-e990-43bd-a78a-f79f6fcf0c26;10.53;2.81970201;SELL
2016-03-27T22:35:05.000000;2016-03-27T22:35:05.447000;d71424e8-c698-4325-9edd-366d2c14722b;10.53;21.61771548;SELL
2016-03-27T22:35:06.000000;2016-03-27T22:35:06.390000;d04fe54a-262e-4c4f-970b-e3498b665ef9;10.53;14.19416328;SELL
2016-03-27T22:35:06.000000;2016-03-27T22:35:06.993000;2e3819f0-bc8f-46b1-b623-ac533c7831ab;10.53;4.42459852;SELL
2016-03-27T22:35:06.000000;2016-03-27T22:35:07.060000;859d2a18-0650-43be-ac45-cb86ad9fd29a;10.53;2.82252453;SELL
2016-03-27T22:35:06.000000;2016-03-27T22:35:07.080000;986af8eb-d452-46a6-b236-10566b45ce47;10.53;7.44519087;SELL
2016-03-27T22:35:07.000000;2016-03-27T22:35:07.160000;aacb2202-a769-479d-b8ee-90519352616d;10.53;14.19416396;SELL
2016-03-27T22:35:11.000000;2016-03-27T22:35:11.200000;7a122465-7a6c-4307-b738-dda49d8594b3;10.53;1.94605447;SELL
2016-03-27T22:35:14.000000;2016-03-27T22:35:14.230000;7fb331f6-f8ae-43ba-8510-57bcd42b7f38;10.53;13.48097245;SELL
2016-03-27T22:35:32.000000;2016-03-27T22:35:32.623000;9910dd72-8b84-4ad6-880e-446f25d54911;10.53;5.0;SELL
2016-03-27T22:35:46.000000;2016-03-27T22:35:46.220000;31e0f4e1-9d85-43e2-a86a-10e2900c04e3;10.53;4.34184742;SELL
2016-03-27T22:35:50.000000;2016-03-27T22:35:50.080000;698d6e82-b9fe-449a-a78e-6ebb9fe61ea2;10.53;5.59551305;SELL
2016-03-27T22:35:50.000000;2016-03-27T22:35:50.800000;c4e51825-5038-416d-8c41-ef685f79666a;10.53;14.19416396;SELL
2016-03-27T22:35:53.000000;2016-03-27T22:35:53.520000;2e2f1400-3436-48b0-a643-cdbc4ef81c93;10.53;14.19416396;SELL
2016-03-27T22:35:53.000000;2016-03-27T22:35:53.623000;2124657a-9c3d-4781-a025-3fdfa45f2103;10.53;14.19416396;SELL
2016-03-27T22:35:54.000000;2016-03-27T22:35:54.170000;66b65a1a-e034-4fe3-afb6-88328b28e598;10.53;8.07463432;SELL
2016-03-27T22:35:56.000000;2016-03-27T22:35:56.817000;6859a502-e52d-4a2d-aefe-8b0620be32df;10.52;6.11952964;SELL
2016-03-27T22:36:04.000000;2016-03-27T22:36:04.203000;dfd272d1-71aa-41bd-990e-a1f8ed9ec71a;10.52;14.19416396;SELL
2016-03-27T22:36:06.000000;2016-03-27T22:36:06.863000;32d177be-4864-4567-82fa-e1461f1012ef;10.52;14.19416396;SELL
2016-03-27T22:36:09.000000;2016-03-27T22:36:09.143000;cae9bd0b-00b3-4420-98fa-af1ecee3eadc;10.52;4.18244587;SELL
2016-03-27T22:36:09.000000;2016-03-27T22:36:09.417000;e7d0e63b-9b57-4574-a343-4adf365f8c62;10.52;11.03;SELL
2016-03-27T22:36:12.000000;2016-03-27T22:36:12.777000;41d746a3-ccf3-4a4a-9320-db7e248da5c5;10.52;1.80364266;SELL
2016-03-27T22:36:33.000000;2016-03-27T22:36:33.340000;6492d328-2e90-4197-8185-e1bc733ee0f3;10.52;1.0;SELL
2016-03-27T22:36:35.000000;2016-03-27T22:36:35.313000;a183e6af-ad88-4c2f-9ee1-1cac664536f2;10.52;11.39105939;SELL
2016-03-27T22:36:48.000000;2016-03-27T22:36:48.837000;db52338c-6c9d-460a-939f-0a1dbe78106e;10.52;5.7235455;SELL
2016-03-27T22:36:52.000000;2016-03-27T22:36:52.773000;e2325db5-fd2b-4016-8892-5fd55553e972;10.52;5.7235455;SELL
2016-03-27T22:36:53.000000;2016-03-27T22:36:53.730000;62fc7f39-fabb-4cfc-aa36-d9eba8482420;10.52;14.19416396;SELL
2016-03-27T22:36:54.000000;2016-03-27T22:36:54.090000;2c303d01-bbca-4e2e-a8ff-c9d0c5850fc1;10.52;5.13782426;SELL
2016-03-27T22:36:54.000000;2016-03-27T22:36:55.027000;7c31a00d-a7b4-42f7-9455-39415c9675c1;10.52;9.0;SELL
2016-03-27T22:36:55.000000;2016-03-27T22:36:55.463000;7db85cc3-8f6d-43df-aa49-908d77e292c0;10.52;0.999;SELL
2016-03-27T22:36:56.000000;2016-03-27T22:36:56.440000;e1b5d90d-d4e9-4ee0-bea8-eada08aacc06;10.52;4.33199427;SELL
2016-03-27T22:36:56.000000;2016-03-27T22:36:56.643000;d146f002-63a5-4234-8f3d-fef3b0184f55;10.52;0.999;SELL
2016-03-27T22:36:59.000000;2016-03-27T22:36:59.767000;a431cba9-68d0-4c0f-a306-4ca3ab3fb34d;10.52;4.31212166;SELL
2016-03-27T22:37:04.000000;2016-03-27T22:37:04.760000;d8cc7e2e-c1fd-4b5e-903b-499ccec8e2cb;10.52;4.31212166;SELL
2016-03-27T22:37:09.000000;2016-03-27T22:37:09.427000;ec23636e-453d-4f5b-9573-5aed2fb2a297;10.52;2.98023612;SELL
2016-03-27T22:37:12.000000;2016-03-27T22:37:12.750000;695f9c9c-60d9-4ce4-8303-a5833969eb30;10.52;0.65;SELL
2016-03-27T22:37:14.000000;2016-03-27T22:37:14.867000;0dece390-297e-4148-8800-d001672b39ce;10.52;2.98023612;SELL
2016-03-27T22:37:16.000000;2016-03-27T22:37:16.423000;93b871e0-f680-40b8-941e-69e9a2de16f4;10.52;14.19416396;SELL
2016-03-27T22:37:18.000000;2016-03-27T22:37:18.647000;1091b159-8510-4d66-9764-a99bee508154;10.52;2.42304675;SELL
2016-03-27T22:37:18.000000;2016-03-27T22:37:18.977000;c810dc44-c496-4f99-a443-78660bc27446;10.52;5.5706223;SELL
2016-03-27T22:37:22.000000;2016-03-27T22:37:22.400000;17337d10-5d38-467b-9bfb-555f93d273d8;10.52;2.9813331;SELL
2016-03-27T22:37:26.000000;2016-03-27T22:37:26.317000;eb7706ef-fec5-49aa-abcc-ead6d621ab3f;10.52;4.97528748;SELL
2016-03-27T22:37:30.000000;2016-03-27T22:37:30.763000;4fabafb4-5705-44a5-a798-a19c2ef24183;10.52;5.00988009;SELL
2016-03-27T22:37:34.000000;2016-03-27T22:37:34.213000;cade6b97-5b4d-4b4e-99f2-c8812ad8bdc2;10.52;5.00988009;SELL
2016-03-27T22:37:37.000000;2016-03-27T22:37:37.800000;777f2f11-926f-4694-bbc1-4d6b92326d43;10.52;5.00988009;SELL
2016-03-27T22:37:39.000000;2016-03-27T22:37:39.657000;0048e2fc-cf74-4e23-8fc1-dc64009b2231;10.52;1.52263569;SELL
2016-03-27T22:37:42.000000;2016-03-27T22:37:42.137000;a43b7db6-ed51-43d2-ae0e-ce96715c6e75;10.52;5.00988009;SELL
2016-03-27T22:37:45.000000;2016-03-27T22:37:45.490000;ee83bd63-094a-4beb-a0d8-ba67ee461153;10.52;108.88170018;SELL
2016-03-27T22:37:46.000000;2016-03-27T22:37:46.207000;b798d46c-54dd-4a2f-9ed3-628774349f9b;10.52;5.01022954;SELL
2016-03-27T22:37:46.000000;2016-03-27T22:37:46.247000;25690981-042a-4c30-b9a9-0c529a0f2370;10.52;108.88170018;SELL
2016-03-27T22:37:46.000000;2016-03-27T22:37:46.663000;ad35f478-a276-448e-9b29-2f9f1300955e;10.52;100.26096593;SELL
2016-03-27T22:37:51.000000;2016-03-27T22:37:51.060000;c7457742-7a38-4622-acfe-e04b4265bf99;10.51;14.19416396;SELL
2016-03-27T22:37:51.000000;2016-03-27T22:37:51.233000;01bc1d16-9751-4dc3-9baf-8f88c5483f5a;10.51;0.98;SELL
2016-03-27T22:37:58.000000;2016-03-27T22:37:58.500000;e6a5b3df-2b69-411e-a787-134a0cbd02d9;10.51;5.95345527;SELL
2016-03-27T22:38:01.000000;2016-03-27T22:38:01.137000;dee80ce7-1727-4c2a-b830-fca4334b05f7;10.51;14.19;SELL
2016-03-27T22:38:02.000000;2016-03-27T22:38:02.110000;71682156-a651-4b4e-a256-745782e79502;10.51;1.998;SELL
2016-03-27T22:38:03.000000;2016-03-27T22:38:03.277000;145a3e1f-56f3-490f-84a0-baea819f9e67;10.51;1.998;SELL
2016-03-27T22:38:04.000000;2016-03-27T22:38:04.417000;792fd0ba-339d-4fcc-b672-591f7de3de3f;10.51;7.65677811;SELL
2016-03-27T22:38:08.000000;2016-03-27T22:38:08.533000;6d7d3aec-2d98-4e41-84d9-76f998ad00a1;10.51;7.65677811;SELL
2016-03-27T22:38:08.000000;2016-03-27T22:38:08.887000;5887a50e-e6b5-416e-a3d1-32483512b0d4;10.51;14.19416396;SELL
2016-03-27T22:38:08.000000;2016-03-27T22:38:08.927000;ae4a9f0a-f81b-463f-966a-8742008b9aad;10.51;0.3503;SELL
2016-03-27T22:38:12.000000;2016-03-27T22:38:13.080000;011b03e8-96ef-49dc-a31e-4f6f3e164dfc;10.51;7.71899009;SELL
2016-03-27T22:38:18.000000;2016-03-27T22:38:18.827000;d6b605ba-739d-4a66-840e-91b230ae1f3d;10.51;7.68055114;SELL
2016-03-27T22:38:20.000000;2016-03-27T22:38:20.387000;8234193a-099e-47fa-9a92-f7160b34af9f;10.51;0.3501;SELL
2016-03-27T22:38:20.000000;2016-03-27T22:38:20.543000;2c3d1e5d-93c9-40a8-ae07-e2b4380faef6;10.51;5.38846534;SELL
2016-03-27T22:38:21.000000;2016-03-27T22:38:21.627000;7c89a06a-6787-40c6-9821-771505dc860d;10.51;0.3503;SELL
2016-03-27T22:38:22.000000;2016-03-27T22:38:22.443000;c1584fda-b0d1-49cd-95c5-84e65c1f5956;10.51;7.68055114;SELL
2016-03-27T22:38:23.000000;2016-03-27T22:38:23.473000;993bb977-d32d-4973-b55f-31977c4afb18;10.51;0.3503;SELL
2016-03-27T22:38:24.000000;2016-03-27T22:38:24.913000;84b6fe6d-9dd1-4f30-87d5-f37a5722bc09;10.51;57.90995402;SELL
2016-03-27T22:38:27.000000;2016-03-27T22:38:27.153000;5da444d0-eccb-4d5b-8ec2-64d161aab9b4;10.51;127.22910288;SELL
2016-03-27T22:38:27.000000;2016-03-27T22:38:27.167000;50e77f40-c67a-4214-aee2-0b88dd21afe7;10.51;7.68055114;SELL
2016-03-27T22:38:27.000000;2016-03-27T22:38:27.890000;59776aa9-dc24-4cea-a46a-d36c9758cac2;10.51;208.48949484;SELL
2016-03-27T22:38:35.000000;2016-03-27T22:38:35.920000;50d29384-4d59-4a78-b790-84512da964fb;10.5;6.92971006;SELL
2016-03-27T22:38:41.000000;2016-03-27T22:38:41.440000;cbcbced3-4a06-42d4-875f-6d17fa549909;10.5;6.92971006;SELL
2016-03-27T22:38:46.000000;2016-03-27T22:38:46.377000;fa472252-8c6e-427c-b519-af5bf5f71006;10.5;7.16433698;SELL
2016-03-27T22:38:46.000000;2016-03-27T22:38:46.723000;d4e2e214-05c7-4f18-b96a-ec7fd8394b58;10.5;7.16433698;SELL
2016-03-27T22:38:47.000000;2016-03-27T22:38:47.683000;ac5a408a-5c62-46ea-9daa-16f8cac9764e;10.5;6.92971006;SELL
2016-03-27T22:38:52.000000;2016-03-27T22:38:52.810000;b1baefe0-21c5-4a06-bfd2-0d1f442c2542;10.5;6.92971006;SELL
2016-03-27T22:38:53.000000;2016-03-27T22:38:53.443000;e8201d80-845d-45ff-b4ce-14dc6c9c1176;10.5;457.9524858;SELL
2016-03-27T22:38:53.000000;2016-03-27T22:38:53.443000;e9c1773d-9edd-4499-b79b-91f84b18effe;10.49;184.3775142;SELL
