time_exchange;time_coinpai;guid;price;base_amount;taker_side
2016-03-27T00:01:03.000000;2016-03-27T00:01:03.000000;42d9130a-2403-4d76-9277-f1260b1c95b8;416.72;0.19070111;UNKNOWN
2016-03-27T00:01:14.000000;2016-03-27T00:01:14.000000;b173320d-31f4-406d-a6e8-a49facda9bea;416.71;0.010183;UNKNOWN
2016-03-27T00:01:53.000000;2016-03-27T00:01:53.000000;67dace3c-828e-48b5-90be-2fa8ccbdecaa;416.71;0.014054;UNKNOWN
2016-03-27T00:03:41.000000;2016-03-27T00:03:41.000000;c6a5ced3-ea55-4bbb-bdfc-1ad38130144f;416.72;0.05372697;UNKNOWN
2016-03-27T00:03:48.000000;2016-03-27T00:03:48.000000;20d736db-d455-4aa7-beb9-5b3ca413945f;416.73;0.10099149;UNKNOWN
2016-03-27T00:06:30.000000;2016-03-27T00:06:30.000000;bc3681d8-118c-4353-a79b-f759dd391ba9;416.83;1.6217;UNKNOWN
2016-03-27T00:06:30.000000;2016-03-27T00:06:30.000000;c3e8fed1-3ff1-4d15-98dc-6ed0bc8ef2e8;416.81;0.5;UNKNOWN
2016-03-27T00:06:30.000000;2016-03-27T00:06:30.000000;eaa4449b-9ac1-4ba5-abb4-49e3c40262e3;416.82;3.0;UNKNOWN
2016-03-27T00:08:05.000000;2016-03-27T00:08:05.000000;13190017-2884-436b-a83f-31c045fb4895;416.71;0.02;UNKNOWN
2016-03-27T00:08:20.000000;2016-03-27T00:08:20.000000;f98ebdb3-cd89-4332-919f-a6b84891408b;416.71;1.18855514;UNKNOWN
2016-03-27T00:09:17.000000;2016-03-27T00:09:17.000000;3fc4b9d7-a1ab-4dd7-8472-5151d0e95249;416.71;0.08320085;UNKNOWN
2016-03-27T00:10:20.000000;2016-03-27T00:10:20.000000;289b680f-b79c-42d2-b81b-00e682dd108b;416.79;0.03565665;UNKNOWN
2016-03-27T00:12:42.000000;2016-03-27T00:12:42.000000;8523675b-d71f-44d3-a045-4fb052d714dd;416.82;9.964;UNKNOWN
2016-03-27T00:14:53.000000;2016-03-27T00:14:53.000000;2ee68049-4f51-4617-b835-e70d3af83a0d;416.71;0.01695786;UNKNOWN
2016-03-27T00:15:40.000000;2016-03-27T00:15:40.000000;6bf80072-9da7-4f00-b011-0b7530c18ab3;416.71;0.03486444;UNKNOWN
2016-03-27T00:16:20.000000;2016-03-27T00:16:20.000000;bf89c821-785f-46d0-8e68-998f4046fef9;416.71;0.24579554;UNKNOWN
2016-03-27T00:16:36.000000;2016-03-27T00:16:36.000000;cde4b8da-2c89-46a4-9361-76b0b55a04da;416.71;0.02404559;UNKNOWN
2016-03-27T00:16:44.000000;2016-03-27T00:16:44.000000;91562416-d9e2-4adb-96bf-324f0a52ed14;416.71;2.4041;UNKNOWN
2016-03-27T00:19:09.000000;2016-03-27T00:19:09.000000;727c1412-86f3-40e6-9a69-49f53cc90aac;416.71;0.48091188;UNKNOWN
2016-03-27T00:21:56.000000;2016-03-27T00:21:56.000000;169cfcf6-5fa4-456f-b364-9de18f91bb36;416.71;0.18034195;UNKNOWN
2016-03-27T00:24:12.000000;2016-03-27T00:24:12.000000;5c0e7efe-bf5a-4e5a-bbf2-7425c89698e9;416.71;2.15;UNKNOWN
2016-03-27T00:25:10.000000;2016-03-27T00:25:10.000000;0bb9e7f4-7ffa-4da3-8dc8-12cfae7724f5;416.71;1.69;UNKNOWN
2016-03-27T00:25:16.000000;2016-03-27T00:25:16.000000;d44bdcde-80d6-4ae3-bbd0-7a9185352e50;416.7;0.06629843;UNKNOWN
2016-03-27T00:25:16.000000;2016-03-27T00:25:16.000000;7d07377b-9f60-439a-8332-bb10bc4299dc;416.41;0.60417381;UNKNOWN
2016-03-27T00:25:16.000000;2016-03-27T00:25:16.000000;a49c9349-5ef2-4af9-a53f-c793bb69bb65;416.71;0.00716308;UNKNOWN
2016-03-27T00:26:20.000000;2016-03-27T00:26:20.000000;d5664970-9737-4716-ab72-666336d0d676;416.27;0.06360059;UNKNOWN
2016-03-27T00:28:20.000000;2016-03-27T00:28:20.000000;a0f777e0-e5a7-4b1e-aa99-2f1e3c24743b;416.27;0.41805041;UNKNOWN
2016-03-27T00:28:20.000000;2016-03-27T00:28:20.000000;8c1d4aec-143b-48bc-b2cc-5806f7be2661;416.27;0.06224545;UNKNOWN
2016-03-27T00:32:20.000000;2016-03-27T00:32:20.000000;c17569a7-b571-4795-8128-9544d2cd7876;416.27;0.02574551;UNKNOWN
2016-03-27T00:32:20.000000;2016-03-27T00:32:20.000000;3ae6119d-f6c9-44c8-9980-fd98c19ce823;416.09;0.05934118;UNKNOWN
2016-03-27T00:32:20.000000;2016-03-27T00:32:20.000000;3146db92-2b86-4e4d-96ef-69c40a834ce4;416.29;0.01;UNKNOWN
2016-03-27T00:33:16.000000;2016-03-27T00:33:16.000000;ab4d3467-772c-4a21-b3a3-9a516ee6403c;416.12;0.04754334;UNKNOWN
2016-03-27T00:37:09.000000;2016-03-27T00:37:09.000000;1e983285-3ff7-4c96-a013-d08a73887f28;416.13;0.01908963;UNKNOWN
2016-03-27T00:37:09.000000;2016-03-27T00:37:09.000000;f35c5b0a-33db-4102-aa5d-c93c19665406;416.29;0.01701515;UNKNOWN
2016-03-27T00:38:36.000000;2016-03-27T00:38:36.000000;0a0581a6-8fc7-4be1-b9ee-bbf9bb4cf3a3;416.05;0.09229689;UNKNOWN
2016-03-27T00:38:36.000000;2016-03-27T00:38:36.000000;00c5423c-a888-4eea-b6e0-534c8084a5ff;416.29;0.01;UNKNOWN
2016-03-27T00:39:41.000000;2016-03-27T00:39:41.000000;9451a8cc-c319-4050-9f17-94c1ef30f01f;416.3;6.2;UNKNOWN
2016-03-27T00:39:41.000000;2016-03-27T00:39:41.000000;0670b955-a744-48a4-9e8d-935360baabf4;416.49;9.5439;UNKNOWN
2016-03-27T00:39:41.000000;2016-03-27T00:39:41.000000;97ddb494-dc69-41d5-9cf9-12b3ca894283;416.3;0.479;UNKNOWN
2016-03-27T00:39:41.000000;2016-03-27T00:39:41.000000;6e42b5b9-1bc5-420b-9edf-f184f0b71487;416.37;13.7771;UNKNOWN
2016-03-27T00:40:36.000000;2016-03-27T00:40:36.000000;8a36a4ed-4d55-48a3-b1fe-4be01b3a16a5;416.16;0.33717236;UNKNOWN
2016-03-27T00:42:53.000000;2016-03-27T00:42:53.000000;0cd76980-edbe-445c-8396-ea65cf67d502;416.32;0.01;UNKNOWN
2016-03-27T00:42:57.000000;2016-03-27T00:42:57.000000;e1599a51-25bf-4885-af01-c80292a8945a;416.13;0.012252;UNKNOWN
2016-03-27T00:43:56.000000;2016-03-27T00:43:56.000000;d3444d44-f900-4b9c-8fc8-6e65be86d700;416.13;0.11902403;UNKNOWN
2016-03-27T00:44:15.000000;2016-03-27T00:44:15.000000;a1d720e8-30e8-4754-bcc2-36dac7f8d176;416.24;0.012739;UNKNOWN
2016-03-27T00:44:15.000000;2016-03-27T00:44:15.000000;e30932c3-df30-4774-8bb1-490c7254a5c4;416.33;0.478;UNKNOWN
2016-03-27T00:44:15.000000;2016-03-27T00:44:15.000000;dc01c474-b3b8-4ea9-9c3c-7439d7fe7ce1;416.31;5.9215;UNKNOWN
2016-03-27T00:44:17.000000;2016-03-27T00:44:17.000000;bc115c9d-1bda-4036-83f6-69a5e914cf6f;416.4;0.026187;UNKNOWN
2016-03-27T00:44:20.000000;2016-03-27T00:44:20.000000;bfe08257-4ad0-48fd-9f22-a9adcb3734d5;416.4;0.251895;UNKNOWN
2016-03-27T00:45:55.000000;2016-03-27T00:45:55.000000;d3a9be40-d440-406a-9740-2d0bdc976d4e;416.4;0.016327;UNKNOWN
2016-03-27T00:47:36.000000;2016-03-27T00:47:36.000000;fa116e86-61bc-4c9f-9dc9-f19bc9c5a1bf;416.4;0.012021;UNKNOWN
2016-03-27T00:48:02.000000;2016-03-27T00:48:02.000000;ea1087f8-0d95-4a95-bbf9-7dbb8075efa0;416.4;4.62;UNKNOWN
2016-03-27T00:49:11.000000;2016-03-27T00:49:11.000000;8dc6851a-54b2-47d5-babe-d1ced9565c3c;416.4;0.011009;UNKNOWN
2016-03-27T00:49:11.000000;2016-03-27T00:49:11.000000;537cd7d0-c4e5-45cc-b0d2-5ea781752081;416.41;0.012277;UNKNOWN
2016-03-27T00:49:17.000000;2016-03-27T00:49:17.000000;7b8809b4-09b8-4972-ac2d-16bbafa3668a;416.47;0.003823;UNKNOWN
2016-03-27T00:49:17.000000;2016-03-27T00:49:17.000000;9d8f4f21-f4fd-4b0c-a8f9-38aa415d5f35;416.4;0.011536;UNKNOWN
2016-03-27T00:51:40.000000;2016-03-27T00:51:40.000000;c7c3eaa4-a92e-49bf-b752-390c4e862371;416.4;0.06737779;UNKNOWN
2016-03-27T00:53:24.000000;2016-03-27T00:53:24.000000;a4813d1d-df50-4e78-8d6d-6a6cde209535;416.4;0.02406349;UNKNOWN
2016-03-27T00:54:04.000000;2016-03-27T00:54:04.000000;6cfd1be2-a467-4f5e-803e-2bdfcf23c00b;416.4;0.1383651;UNKNOWN
2016-03-27T00:54:20.000000;2016-03-27T00:54:20.000000;aa823489-0d03-403b-8231-56e4356d0996;416.4;0.17846742;UNKNOWN
2016-03-27T00:55:00.000000;2016-03-27T00:55:00.000000;30aa6f6a-d205-4699-a910-7b4972e7609b;416.4;1.03473036;UNKNOWN
2016-03-27T00:59:01.000000;2016-03-27T00:59:01.000000;6ad15480-0281-4878-aa3d-4199b192da38;416.33;0.423138;UNKNOWN
2016-03-27T01:00:37.000000;2016-03-27T01:00:37.000000;92511f5f-a49c-4716-a643-68e1f4d9ab5c;416.13;0.00395711;UNKNOWN
2016-03-27T01:00:37.000000;2016-03-27T01:00:37.000000;73a00a86-0254-4753-a7c7-fdd6974076b4;416.13;0.02137105;UNKNOWN
2016-03-27T01:00:37.000000;2016-03-27T01:00:37.000000;6d82b5eb-19a6-440c-934f-c2777c69afcd;416.13;0.239;UNKNOWN
2016-03-27T01:00:37.000000;2016-03-27T01:00:37.000000;a64935ae-59ab-4b91-baea-4fdb013dd88a;416.13;0.15736984;UNKNOWN
2016-03-27T01:00:54.000000;2016-03-27T01:00:54.000000;c5c62956-50e9-4bc2-8e9b-bb2e3f07f997;416.13;0.21425118;UNKNOWN
2016-03-27T01:01:11.000000;2016-03-27T01:01:11.000000;17e2d1ca-0f89-411e-ac80-49939a5070e4;416.13;0.0407648;UNKNOWN
2016-03-27T01:02:04.000000;2016-03-27T01:02:04.000000;40d15304-24ce-457f-94b7-701a0b51c500;416.14;0.5;UNKNOWN
2016-03-27T01:02:04.000000;2016-03-27T01:02:04.000000;115e8a94-ba98-4ffb-bf2a-8efdbec34ac2;416.14;1.0651423;UNKNOWN
2016-03-27T01:02:15.000000;2016-03-27T01:02:15.000000;3ba0fadc-3386-40f1-9859-335cc8fd47a3;416.49;0.5;UNKNOWN
2016-03-27T01:02:15.000000;2016-03-27T01:02:15.000000;f0664acf-0b25-4ab0-9d6c-08c5599d6c67;416.5;0.75;UNKNOWN
2016-03-27T01:03:06.000000;2016-03-27T01:03:06.000000;cdee95da-17da-4c42-bf32-e7c7ac6b9552;416.5;0.03594186;UNKNOWN
2016-03-27T01:03:06.000000;2016-03-27T01:03:06.000000;61c7c988-6bc5-491e-bc1f-7539d30bbbbd;416.5;0.71863036;UNKNOWN
2016-03-27T01:04:06.000000;2016-03-27T01:04:06.000000;04a4b1fb-2042-4069-8379-626572286974;416.2;0.195308;UNKNOWN
2016-03-27T01:05:36.000000;2016-03-27T01:05:36.000000;8436f71f-0e99-4520-9e86-49b46e4e8fa2;416.11;0.029666;UNKNOWN
2016-03-27T01:05:52.000000;2016-03-27T01:05:52.000000;5b369c01-9912-409f-9f46-3ffc26e8013d;416.15;0.024702;UNKNOWN
2016-03-27T01:06:22.000000;2016-03-27T01:06:22.000000;d4091cc0-653b-44d9-9706-a0f6483d675d;416.15;0.050055;UNKNOWN
2016-03-27T01:06:22.000000;2016-03-27T01:06:22.000000;d30aecce-3176-4e7d-bf4a-3af84a11dec4;416.16;0.0202;UNKNOWN
2016-03-27T01:09:24.000000;2016-03-27T01:09:24.000000;68c65ffc-3cd7-4f2e-9ac7-624c7d224592;416.25;0.0706;UNKNOWN
2016-03-27T01:14:36.000000;2016-03-27T01:14:36.000000;2a005c44-d63e-4975-b66f-84118b81648a;416.15;0.015677;UNKNOWN
2016-03-27T01:14:39.000000;2016-03-27T01:14:39.000000;898edd1b-255b-4e29-b5b9-75b87c4f6fd3;416.13;0.05396475;UNKNOWN
2016-03-27T01:14:40.000000;2016-03-27T01:14:40.000000;fcfd11c2-7e54-47ca-bc04-7a81c03296fd;416.13;0.00984825;UNKNOWN
2016-03-27T01:14:41.000000;2016-03-27T01:14:41.000000;ff6b4c84-a935-49e1-b082-402a4770fc28;416.26;0.0441165;UNKNOWN
2016-03-27T01:14:41.000000;2016-03-27T01:14:41.000000;60c4f8f2-ef59-41e7-a15e-76874126abc6;416.09;0.0384055;UNKNOWN
2016-03-27T01:15:16.000000;2016-03-27T01:15:16.000000;c8f284e1-6f8b-4e07-9157-b17193d8863b;416.09;0.11902403;UNKNOWN
2016-03-27T01:16:15.000000;2016-03-27T01:16:15.000000;de97c483-20ce-46c4-b855-3fb2f20a1132;416.09;0.056066;UNKNOWN
2016-03-27T01:16:20.000000;2016-03-27T01:16:20.000000;853366d0-0ac0-41b5-94a2-ca50b0aa1aaf;416.09;1.17729032;UNKNOWN
2016-03-27T01:18:02.000000;2016-03-27T01:18:02.000000;7a0a300f-9939-45ac-90db-2f4c015c2752;416.09;0.053983;UNKNOWN
2016-03-27T01:18:26.000000;2016-03-27T01:18:26.000000;c4e1b4fd-bf65-4df3-af7a-b4b8084edca8;416.15;0.15;UNKNOWN
2016-03-27T01:18:27.000000;2016-03-27T01:18:27.000000;5a45e11d-0e18-44b0-bb4e-22b349994469;416.15;0.15;UNKNOWN
2016-03-27T01:18:44.000000;2016-03-27T01:18:44.000000;d96911c3-4a52-468d-bb78-4466d72ef36f;416.09;0.23807094;UNKNOWN
2016-03-27T01:19:40.000000;2016-03-27T01:19:40.000000;5216a739-740d-4c3c-9de7-746760cd13bd;416.09;0.12156257;UNKNOWN
2016-03-27T01:19:45.000000;2016-03-27T01:19:45.000000;afba1cf0-19af-4911-8d72-98a61d9fb120;416.09;0.056581;UNKNOWN
2016-03-27T01:21:12.000000;2016-03-27T01:21:12.000000;d72b189a-691f-4892-bae2-38e0ad854d31;416.24;4.67202392;UNKNOWN
2016-03-27T01:21:12.000000;2016-03-27T01:21:12.000000;7f77cd5b-fa9e-4306-808e-1909c0125d40;416.15;0.010645;UNKNOWN
2016-03-27T01:21:12.000000;2016-03-27T01:21:12.000000;0d6768a1-0151-4494-938b-147945d5438c;416.24;0.71733108;UNKNOWN
2016-03-27T01:21:25.000000;2016-03-27T01:21:25.000000;d6308a7d-6ab8-45ca-b92c-e6e06116b6bf;416.09;0.023769;UNKNOWN
2016-03-27T01:22:04.000000;2016-03-27T01:22:04.000000;f8ec5560-c404-49ca-8d9c-5d25586cdc91;416.22;0.2;UNKNOWN
2016-03-27T01:22:05.000000;2016-03-27T01:22:05.000000;085c9fab-2d42-45f8-842a-3c55a1c80fd1;416.09;0.061859;UNKNOWN
2016-03-27T01:22:20.000000;2016-03-27T01:22:20.000000;57ba6cd4-81fa-4e78-865b-d8e708b4a8f0;416.09;0.05463689;UNKNOWN
2016-03-27T01:22:20.000000;2016-03-27T01:22:20.000000;78079a22-afdb-42d5-8541-484305f49559;416.09;0.20951247;UNKNOWN
2016-03-27T01:22:22.000000;2016-03-27T01:22:22.000000;dc3ec05e-830c-4bf8-a27b-bd13c8404fba;416.16;0.01;UNKNOWN
2016-03-27T01:26:20.000000;2016-03-27T01:26:20.000000;ea5112a0-dd18-427b-bde0-663bf81a5ce3;416.09;0.05;UNKNOWN
2016-03-27T01:26:36.000000;2016-03-27T01:26:36.000000;7466b0ad-d998-468a-b0e1-bf797d48026b;416.09;0.02408142;UNKNOWN
2016-03-27T01:28:12.000000;2016-03-27T01:28:12.000000;34fae3fc-f159-4364-8e9d-1390c07373ae;416.09;0.01029066;UNKNOWN
2016-03-27T01:28:20.000000;2016-03-27T01:28:20.000000;0512a84c-3aca-4c6c-88a4-2a0a739ceb95;416.09;0.2003652;UNKNOWN
2016-03-27T01:28:29.000000;2016-03-27T01:28:29.000000;4bd30678-0c95-406a-bbc0-e6ea4472fd27;416.09;0.03853028;UNKNOWN
2016-03-27T01:28:29.000000;2016-03-27T01:28:29.000000;e149f7e4-b1e1-4b92-ba98-8c9fd37d2032;416.09;0.06020356;UNKNOWN
2016-03-27T01:31:30.000000;2016-03-27T01:31:30.000000;4e0ba53e-d664-4383-896d-c122ead80e2b;416.09;0.018869;UNKNOWN
2016-03-27T01:31:33.000000;2016-03-27T01:31:33.000000;0d0a28a5-ed1d-4456-b68a-ec221af67ed8;416.09;0.01704;UNKNOWN
2016-03-27T01:31:41.000000;2016-03-27T01:31:41.000000;92ce8bde-c81a-4d8b-96f7-b2256de91586;416.09;0.143253;UNKNOWN
2016-03-27T01:34:20.000000;2016-03-27T01:34:20.000000;0a170839-d961-44d5-9ada-9da73cae8c53;416.09;0.03809135;UNKNOWN
2016-03-27T01:34:48.000000;2016-03-27T01:34:48.000000;4a72ffad-9946-434e-904b-4374ad09333d;416.09;0.01016;UNKNOWN
2016-03-27T01:35:16.000000;2016-03-27T01:35:16.000000;c5181454-b485-44e9-8204-50c0b589f03d;416.09;0.23807094;UNKNOWN
2016-03-27T01:36:05.000000;2016-03-27T01:36:05.000000;15d4cbee-12b6-4d1b-981a-0011686f846d;416.02;0.3;UNKNOWN
2016-03-27T01:36:05.000000;2016-03-27T01:36:05.000000;9e3e3895-3da2-4ff0-85d2-c04cb7235065;416.02;0.3;UNKNOWN
2016-03-27T01:36:05.000000;2016-03-27T01:36:05.000000;d48c6af2-6ac0-4818-93f1-8569cff4376a;416.02;0.1712;UNKNOWN
2016-03-27T01:36:29.000000;2016-03-27T01:36:29.000000;62e14b31-6d88-4ec6-8ee5-ed29dec2ff00;416.02;0.013919;UNKNOWN
2016-03-27T01:41:16.000000;2016-03-27T01:41:16.000000;cd6b101f-62d7-4423-b841-86d4d407e846;416.02;0.08944945;UNKNOWN
2016-03-27T01:42:20.000000;2016-03-27T01:42:20.000000;87ea9e39-94bd-4ccf-89d4-c11578756f1a;416.02;0.10216228;UNKNOWN
2016-03-27T01:45:49.000000;2016-03-27T01:45:49.000000;add42e37-af01-483a-b2ea-c08fe8f14b65;416.02;0.24085474;UNKNOWN
2016-03-27T01:46:23.000000;2016-03-27T01:46:23.000000;511e2219-f0fa-4885-9691-9cf4d7348410;416.14;0.07961441;UNKNOWN
2016-03-27T01:47:00.000000;2016-03-27T01:47:00.000000;2cc1e43e-d03a-4608-a71f-6e75eb3e2df4;416.03;0.11801882;UNKNOWN
2016-03-27T01:47:16.000000;2016-03-27T01:47:16.000000;561b6525-b7eb-422e-8880-5675b1a068d4;416.03;0.05511342;UNKNOWN
2016-03-27T01:48:20.000000;2016-03-27T01:48:20.000000;a50dfa87-1722-4b38-a0c1-a1c20f371d09;416.02;0.05951773;UNKNOWN
2016-03-27T01:48:35.000000;2016-03-27T01:48:35.000000;6228e13f-227b-44e8-a5cd-a3ca2637e4dd;416.15;0.09298915;UNKNOWN
2016-03-27T01:48:43.000000;2016-03-27T01:48:43.000000;1aee1f05-ea87-4714-b4d4-0e1e21c1e3e7;416.02;0.0103;UNKNOWN
2016-03-27T01:48:54.000000;2016-03-27T01:48:54.000000;a6bbdc1c-c90a-4cb4-be7f-921154f6c8dc;416.02;0.07260356;UNKNOWN
2016-03-27T01:50:31.000000;2016-03-27T01:50:31.000000;b20c33cd-17bc-4b45-ae9f-e36f79697ba0;416.16;0.1;UNKNOWN
2016-03-27T01:55:16.000000;2016-03-27T01:55:16.000000;781c2556-f5c6-4722-bdbc-057b4aa423e0;416.15;0.360733;UNKNOWN
2016-03-27T02:00:37.000000;2016-03-27T02:00:37.000000;feae3627-04a2-4e5c-a70e-9eba260fff93;416.29;0.01;UNKNOWN
2016-03-27T02:01:16.000000;2016-03-27T02:01:16.000000;d9398184-6cc6-4296-b620-70d48ed23cd7;416.22;0.05952775;UNKNOWN
2016-03-27T02:01:16.000000;2016-03-27T02:01:16.000000;a5954dac-c060-43c0-a98e-c4e674d1fe26;416.22;0.333;UNKNOWN
2016-03-27T02:03:22.000000;2016-03-27T02:03:22.000000;3a0a6d2c-ad20-432a-aabe-991dd1af18b0;416.21;0.226904;UNKNOWN
2016-03-27T02:03:26.000000;2016-03-27T02:03:26.000000;89e870ee-dbe0-4a41-8875-152838ffd6d9;416.21;0.214949;UNKNOWN
2016-03-27T02:04:14.000000;2016-03-27T02:04:14.000000;635d53fa-adf3-4229-821c-9a89a1b84d2b;416.24;2.0;UNKNOWN
2016-03-27T02:04:28.000000;2016-03-27T02:04:28.000000;4a1dd7cd-c4c7-4a0e-9eab-d7cdc7cb63d0;416.22;0.50363335;UNKNOWN
2016-03-27T02:05:05.000000;2016-03-27T02:05:05.000000;dbf7362d-91fb-40ea-9613-c0480c942d28;416.24;3.59978296;UNKNOWN
2016-03-27T02:07:35.000000;2016-03-27T02:07:35.000000;59da2f04-fb6f-4444-8f3d-d80b0ca24679;416.23;1.39;UNKNOWN
2016-03-27T02:07:35.000000;2016-03-27T02:07:35.000000;2f949034-e30d-46d0-9c2c-7d60dc3780c2;416.24;5.9362;UNKNOWN
2016-03-27T02:07:35.000000;2016-03-27T02:07:35.000000;d6a62a64-90bb-4c03-a26b-3b69d833c346;416.23;8.9883;UNKNOWN
2016-03-27T02:08:20.000000;2016-03-27T02:08:20.000000;71b16409-5c09-4fc2-be3e-a114d2e1c618;416.15;0.045437;UNKNOWN
2016-03-27T02:09:56.000000;2016-03-27T02:09:56.000000;0faa8fa7-7bd6-47f2-bf3c-0735fb39adb4;416.15;0.031893;UNKNOWN
2016-03-27T02:10:46.000000;2016-03-27T02:10:46.000000;ea8a03ad-60b8-4782-8e8c-69068bc4256c;416.15;0.101693;UNKNOWN
2016-03-27T02:13:16.000000;2016-03-27T02:13:16.000000;e125d640-f484-4183-b442-699faee611fd;416.15;0.192;UNKNOWN
2016-03-27T02:20:19.000000;2016-03-27T02:20:19.000000;cebe9b26-6abc-4f2c-9344-eb33510ad4e8;416.17;0.9;UNKNOWN
2016-03-27T02:23:23.000000;2016-03-27T02:23:23.000000;a0a9fed2-ecf0-4432-a36e-6029861e76c1;416.17;8.17;UNKNOWN
2016-03-27T02:32:29.000000;2016-03-27T02:32:29.000000;9889aea2-c87e-4159-999f-73c989087d45;416.15;0.23716783;UNKNOWN
2016-03-27T02:33:00.000000;2016-03-27T02:33:00.000000;4b3ec47c-2312-4861-acc3-ca03aef1faf0;416.05;0.69892383;UNKNOWN
2016-03-27T02:33:00.000000;2016-03-27T02:33:00.000000;ba08f7f3-6473-4ba7-a301-75925a85d35d;416.15;1.30107617;UNKNOWN
2016-03-27T02:37:05.000000;2016-03-27T02:37:05.000000;60a3892a-291c-480a-b7f2-24a7bef8231f;416.06;0.07459347;UNKNOWN
2016-03-27T02:37:32.000000;2016-03-27T02:37:32.000000;2cce0eda-1fe6-416e-be77-9be3fef53011;416.02;0.190738;UNKNOWN
2016-03-27T02:37:36.000000;2016-03-27T02:37:36.000000;c218f4c3-1f5f-4911-8897-354ab06bf31b;416.02;0.098375;UNKNOWN
2016-03-27T02:38:29.000000;2016-03-27T02:38:29.000000;3e525821-423b-4e3c-b29a-c85713f06d47;416.0;0.27859513;UNKNOWN
2016-03-27T02:38:29.000000;2016-03-27T02:38:29.000000;c9e5760e-701f-4f36-b7cd-a873cd7b596d;416.02;0.09472972;UNKNOWN
2016-03-27T02:40:51.000000;2016-03-27T02:40:51.000000;effe52b8-ba50-4598-855d-fd06f37a7454;416.0;0.060417;UNKNOWN
2016-03-27T02:42:33.000000;2016-03-27T02:42:33.000000;0384fe2f-42b5-4131-874f-5e736caaa07d;416.0;0.107832;UNKNOWN
2016-03-27T02:44:21.000000;2016-03-27T02:44:21.000000;b20a7373-79c0-409e-a854-e900134a6084;416.0;0.031429;UNKNOWN
2016-03-27T02:45:00.000000;2016-03-27T02:45:00.000000;185ff290-a5f0-4526-8c2d-d02d74ff91dc;416.01;0.037104;UNKNOWN
2016-03-27T02:45:16.000000;2016-03-27T02:45:16.000000;db9954b4-b5fc-42d5-9bb7-bfa5cae572ec;416.01;0.23802518;UNKNOWN
2016-03-27T02:46:04.000000;2016-03-27T02:46:04.000000;5868fc8c-e18b-4079-a498-d99202010b03;416.01;0.09634421;UNKNOWN
2016-03-27T02:51:28.000000;2016-03-27T02:51:28.000000;687667a7-6dbd-479c-a607-29ee52c6eac6;416.11;0.19364913;UNKNOWN
2016-03-27T02:51:29.000000;2016-03-27T02:51:29.000000;097521da-5fb3-4e17-a103-67d7462c10c1;416.11;0.19364913;UNKNOWN
2016-03-27T02:51:31.000000;2016-03-27T02:51:31.000000;0d34e5c4-6cdb-4e4b-852f-49ca1351ca42;416.11;0.19364913;UNKNOWN
2016-03-27T02:52:03.000000;2016-03-27T02:52:03.000000;ead1e6b6-5f0e-47b9-9fba-9a51d030c722;416.11;0.02617336;UNKNOWN
2016-03-27T02:52:47.000000;2016-03-27T02:52:47.000000;643bfaca-4f12-4d03-b4d7-1d8c5a156909;416.11;0.23902712;UNKNOWN
2016-03-27T02:52:49.000000;2016-03-27T02:52:49.000000;c3e3bc3a-0d1f-45bb-a356-4a196bd8ee5c;416.11;0.02218072;UNKNOWN
2016-03-27T02:52:50.000000;2016-03-27T02:52:50.000000;b6f2ede1-d87f-4a80-8249-f1582fee5e66;416.11;0.2168464;UNKNOWN
2016-03-27T02:52:51.000000;2016-03-27T02:52:51.000000;fd992204-d27d-45bc-ac9e-ff0e8cfe14ed;416.11;0.23902712;UNKNOWN
2016-03-27T02:55:16.000000;2016-03-27T02:55:16.000000;9b8795f6-e423-46cf-87bb-3eb7ee4cfbd7;416.1;0.69855551;UNKNOWN
2016-03-27T02:55:38.000000;2016-03-27T02:55:38.000000;5496786d-83bf-4fc5-880f-f09e910cb673;416.11;4.60969789;UNKNOWN
2016-03-27T02:56:20.000000;2016-03-27T02:56:20.000000;617f47eb-dbf9-42fa-8dba-68adb7ac53bf;416.24;0.05953061;UNKNOWN
2016-03-27T02:59:09.000000;2016-03-27T02:59:09.000000;1664d13c-3ccf-411f-b619-6650f6b21a19;416.2;0.60173192;UNKNOWN
2016-03-27T03:00:20.000000;2016-03-27T03:00:20.000000;4836dcf2-65d9-4c34-8497-416065b23cd9;416.2;0.47623345;UNKNOWN
2016-03-27T03:08:20.000000;2016-03-27T03:08:20.000000;1e2d9065-1434-466b-ad9f-3fe0dfd45e59;416.2;0.45619;UNKNOWN
2016-03-27T03:08:34.000000;2016-03-27T03:08:34.000000;99d6537b-901e-4912-a367-d107e42034cf;416.3;1.2604;UNKNOWN
2016-03-27T03:08:34.000000;2016-03-27T03:08:34.000000;90f5cca5-1712-4819-b995-e5ada74761be;416.29;5.9454;UNKNOWN
2016-03-27T03:09:05.000000;2016-03-27T03:09:05.000000;2bec79df-e5e4-4e30-99ff-a83b93814a11;416.2;1.45513332;UNKNOWN
2016-03-27T03:13:16.000000;2016-03-27T03:13:16.000000;fe8551a1-646f-4f5e-9aff-d3eccb7283bf;416.02;0.02408547;UNKNOWN
2016-03-27T03:16:27.000000;2016-03-27T03:16:27.000000;1cdfb242-9feb-42e2-93bf-da859fadf016;416.21;0.09;UNKNOWN
2016-03-27T03:18:45.000000;2016-03-27T03:18:45.000000;dd40bdd6-e87a-43c7-9a06-3c933fb20b1d;416.02;0.07225642;UNKNOWN
2016-03-27T03:20:20.000000;2016-03-27T03:20:20.000000;b7c4e132-4eab-479f-81d5-f9f3bd1b2464;416.02;0.03;UNKNOWN
2016-03-27T03:21:41.000000;2016-03-27T03:21:41.000000;ea391fb9-8a90-49d2-9394-f6e21ab143c7;416.19;0.336;UNKNOWN
2016-03-27T03:22:20.000000;2016-03-27T03:22:20.000000;49fcbe20-9287-447e-94ac-13ee9ef11451;416.07;0.0476016;UNKNOWN
2016-03-27T03:24:20.000000;2016-03-27T03:24:20.000000;33ff7712-fa97-4ee1-92ad-fd70fdf3b0e0;416.07;0.07203;UNKNOWN
2016-03-27T03:28:44.000000;2016-03-27T03:28:44.000000;8793f8b5-6500-4a78-8cb1-cdcc445af6e7;416.12;0.436;UNKNOWN
2016-03-27T03:33:33.000000;2016-03-27T03:33:33.000000;6121c35b-f561-4527-ac2c-f6299860384e;416.03;1.02854695;UNKNOWN
2016-03-27T03:34:04.000000;2016-03-27T03:34:04.000000;4b277c01-3be7-4ac1-b0a8-9e40f3603edf;416.03;0.239;UNKNOWN
2016-03-27T03:34:04.000000;2016-03-27T03:34:04.000000;50ea1a8a-2989-46b4-bfce-e660907bfa96;416.02;0.00439665;UNKNOWN
2016-03-27T03:34:04.000000;2016-03-27T03:34:04.000000;7c1f8baa-4a1a-48cc-9a4f-94e7fdccb7a2;416.03;0.14645305;UNKNOWN
2016-03-27T03:34:04.000000;2016-03-27T03:34:04.000000;43e8adf7-3fd4-46a9-bccd-3b34df163b13;416.0;2.35960388;UNKNOWN
2016-03-27T03:34:04.000000;2016-03-27T03:34:04.000000;29c442dc-047d-4a5a-aeb6-c6ef67eb4b72;416.03;0.239;UNKNOWN
2016-03-27T03:34:04.000000;2016-03-27T03:34:04.000000;f8092e8d-92f2-4189-ad62-2f7a32d3b204;416.03;0.239;UNKNOWN
2016-03-27T03:34:49.000000;2016-03-27T03:34:49.000000;43e4c91d-9b2c-4cc7-b822-5ee3451134c6;416.0;0.16212299;UNKNOWN
2016-03-27T03:34:49.000000;2016-03-27T03:34:49.000000;dd5e5e03-3f41-4415-965d-35db915a432b;416.0;0.03741115;UNKNOWN
2016-03-27T03:35:28.000000;2016-03-27T03:35:28.000000;031ba746-1c55-491e-8177-34f7f2f2c2a9;416.01;0.0233;UNKNOWN
2016-03-27T03:35:28.000000;2016-03-27T03:35:28.000000;ad1be7cc-5fbe-4abe-a583-75460a661da7;416.01;0.239;UNKNOWN
2016-03-27T03:35:28.000000;2016-03-27T03:35:28.000000;3eb0280e-35ce-4d22-a6be-7909117cd8ca;416.01;0.239;UNKNOWN
2016-03-27T03:38:05.000000;2016-03-27T03:38:05.000000;f2e02808-9ca6-45ad-aa8b-9e75ba198ff3;416.19;4.5;UNKNOWN
2016-03-27T03:47:16.000000;2016-03-27T03:47:16.000000;926640b9-ad64-4366-94c1-b801466ffbe5;416.07;0.24;UNKNOWN
2016-03-27T03:47:21.000000;2016-03-27T03:47:21.000000;45156da2-bef9-435c-bc3a-16ecea8ac7d2;416.24;0.0118;UNKNOWN
2016-03-27T03:48:28.000000;2016-03-27T03:48:28.000000;fabdacc1-49fd-434a-a5a3-68d313551a3b;416.07;0.239;UNKNOWN
2016-03-27T03:48:28.000000;2016-03-27T03:48:28.000000;9ba69786-40d5-4794-b71d-4d3530d44aba;416.07;0.388;UNKNOWN
2016-03-27T03:48:28.000000;2016-03-27T03:48:28.000000;3f833e01-3b83-4e06-8f81-30e46f87d4cb;416.07;0.239;UNKNOWN
2016-03-27T03:48:28.000000;2016-03-27T03:48:28.000000;f9ef864f-4cc7-4de4-9bfd-ca8eff9ce53f;416.07;0.239;UNKNOWN
2016-03-27T03:48:28.000000;2016-03-27T03:48:28.000000;cd8c5b62-2de0-439c-bee0-d5ef95bed95c;416.07;0.11201681;UNKNOWN
2016-03-27T03:48:28.000000;2016-03-27T03:48:28.000000;62a86231-2fa3-4fcb-a653-e1517a7adf35;416.07;0.239;UNKNOWN
2016-03-27T03:48:28.000000;2016-03-27T03:48:28.000000;bffa1cc9-e251-4337-a333-ae525c4d91f3;416.07;0.239;UNKNOWN
2016-03-27T03:48:28.000000;2016-03-27T03:48:28.000000;8a72c3f2-16de-4e35-88fb-3a404da18442;416.07;0.239;UNKNOWN
2016-03-27T03:48:28.000000;2016-03-27T03:48:28.000000;dd420656-4e5f-428c-a1ac-ba1ddf217561;416.07;0.215;UNKNOWN
2016-03-27T03:48:28.000000;2016-03-27T03:48:28.000000;aee9e9f3-4f32-4876-95cf-281111e28a1e;416.07;0.239;UNKNOWN
2016-03-27T03:48:28.000000;2016-03-27T03:48:28.000000;f6beb4ab-485e-490a-8f6f-9c0e3a9a10fe;416.07;0.239;UNKNOWN
2016-03-27T03:48:28.000000;2016-03-27T03:48:28.000000;1f65e493-8d4d-47a1-a13b-345e8eda162e;416.07;0.239;UNKNOWN
2016-03-27T03:48:28.000000;2016-03-27T03:48:28.000000;f1e285cd-3944-46fe-aade-1d7863f53147;416.07;0.239;UNKNOWN
2016-03-27T03:48:28.000000;2016-03-27T03:48:28.000000;6dc8dd18-65e2-4a3a-9129-e90278a8c5b3;416.07;0.239;UNKNOWN
2016-03-27T03:48:28.000000;2016-03-27T03:48:28.000000;fd940459-4cc0-47f4-a0ff-d487add9ecf2;416.07;0.239;UNKNOWN
2016-03-27T03:48:28.000000;2016-03-27T03:48:28.000000;d0c82bb6-a822-4c22-b608-c18477c2d06e;416.07;0.239;UNKNOWN
2016-03-27T03:48:28.000000;2016-03-27T03:48:28.000000;466ca34e-a5ee-424a-bba2-910731676037;416.07;5.7453;UNKNOWN
2016-03-27T03:48:28.000000;2016-03-27T03:48:28.000000;27aa6887-4d3e-4e7d-994b-4c6b2c682081;416.07;0.239;UNKNOWN
2016-03-27T03:48:28.000000;2016-03-27T03:48:28.000000;9969be8e-3891-4c83-aad5-1396208342c8;416.07;0.239;UNKNOWN
2016-03-27T03:48:28.000000;2016-03-27T03:48:28.000000;9c824d2e-7bec-4010-9bcc-525dba615859;416.07;1.0622;UNKNOWN
2016-03-27T03:48:28.000000;2016-03-27T03:48:28.000000;50474afd-73e7-4df6-b693-dd43771d6b14;416.07;0.239;UNKNOWN
2016-03-27T03:48:28.000000;2016-03-27T03:48:28.000000;dd48083e-987d-4748-a600-384291501367;416.07;0.239;UNKNOWN
2016-03-27T03:48:28.000000;2016-03-27T03:48:28.000000;072fba37-ae71-4674-8be5-7657fecbe98b;416.07;0.239;UNKNOWN
2016-03-27T03:48:28.000000;2016-03-27T03:48:28.000000;303ead40-d172-4eef-b3b3-801cb4cd5c3a;416.07;0.239;UNKNOWN
2016-03-27T03:48:28.000000;2016-03-27T03:48:28.000000;584079bc-3855-48bf-92df-385b0810e067;416.07;0.239;UNKNOWN
2016-03-27T03:48:28.000000;2016-03-27T03:48:28.000000;0ec42006-3db7-4096-a763-f68be72e67be;416.07;0.239;UNKNOWN
2016-03-27T03:52:04.000000;2016-03-27T03:52:04.000000;3127b21a-cbe0-45f7-99f9-3fdb589aba2c;416.01;0.07142471;UNKNOWN
2016-03-27T03:59:05.000000;2016-03-27T03:59:05.000000;2d96557b-903c-4b18-af26-258ba4dcfc49;416.05;3.4469;UNKNOWN
2016-03-27T04:00:04.000000;2016-03-27T04:00:04.000000;3c09771b-1da1-4c47-9a8e-08dc40fd9e1e;416.01;0.37169681;UNKNOWN
2016-03-27T04:00:26.000000;2016-03-27T04:00:26.000000;740295cd-3e0b-461b-a9d2-cc4027a2dce1;416.14;0.065009;UNKNOWN
2016-03-27T04:02:04.000000;2016-03-27T04:02:04.000000;5870320c-365f-4164-af1b-b8ce8ae48c1d;416.07;0.01055328;UNKNOWN
2016-03-27T04:04:58.000000;2016-03-27T04:04:58.000000;95d0a40d-d105-4e83-ba12-58cab59fb3a7;416.13;0.095973;UNKNOWN
2016-03-27T04:05:26.000000;2016-03-27T04:05:26.000000;01d74b1b-46e0-49b7-b09f-9427c20f7bda;416.17;5.1;UNKNOWN
2016-03-27T04:06:33.000000;2016-03-27T04:06:33.000000;72d1c89c-20ba-4d68-a528-43477519b005;416.23;0.036518;UNKNOWN
2016-03-27T04:06:38.000000;2016-03-27T04:06:38.000000;cc7fc907-c761-4ab9-bae4-1257fd37fc48;416.26;0.152212;UNKNOWN
2016-03-27T04:06:42.000000;2016-03-27T04:06:42.000000;e0f031d6-43a5-4d2b-9bc0-3e116e40cb18;416.26;0.132214;UNKNOWN
2016-03-27T04:07:05.000000;2016-03-27T04:07:05.000000;1d8bcc62-6d3d-4eea-bac3-e9cc44e1d7d5;416.26;0.02857554;UNKNOWN
2016-03-27T04:08:36.000000;2016-03-27T04:08:36.000000;86e7d142-9bc4-426c-b11a-19a292017e5f;416.35;0.60178972;UNKNOWN
2016-03-27T04:14:36.000000;2016-03-27T04:14:36.000000;805e9040-e3ec-40ef-8332-e9491f7b350c;416.29;0.84252589;UNKNOWN
2016-03-27T04:16:01.000000;2016-03-27T04:16:01.000000;c9195330-a4fc-4b10-8a56-ea5a242e807d;416.5;6.51307222;UNKNOWN
2016-03-27T04:16:01.000000;2016-03-27T04:16:01.000000;c3644cec-cc24-4a0e-bd3b-79e62e22ffc1;416.5;1.49542778;UNKNOWN
2016-03-27T04:16:01.000000;2016-03-27T04:16:01.000000;c323c417-a202-4512-82f2-c98f927c78fc;416.42;6.0015;UNKNOWN
2016-03-27T04:16:01.000000;2016-03-27T04:16:01.000000;77f48686-e9f2-4145-b73f-5dcd218d32ac;416.5;0.99;UNKNOWN
2016-03-27T04:16:05.000000;2016-03-27T04:16:05.000000;076f3b17-1f95-48b4-a5b0-41f3e02ae0bf;416.3;0.269;UNKNOWN
2016-03-27T04:16:19.000000;2016-03-27T04:16:19.000000;c7f64088-6142-46b5-8d22-87536c7ec1f1;416.5;2.39597;UNKNOWN
2016-03-27T04:16:28.000000;2016-03-27T04:16:28.000000;0e027cb8-cde2-49ce-a932-8d59937f4f7f;416.5;4.66229;UNKNOWN
2016-03-27T04:16:39.000000;2016-03-27T04:16:39.000000;d3d2eaf6-c359-4bbf-9ab3-baacd2bef68f;416.5;1.42866778;UNKNOWN
2016-03-27T04:18:07.000000;2016-03-27T04:18:07.000000;4fc124b2-01dc-403e-a25c-033526415355;416.9;0.06488;UNKNOWN
2016-03-27T04:18:07.000000;2016-03-27T04:18:07.000000;b532d734-236e-4ba8-808c-cbf87622b8bd;416.8;1.0;UNKNOWN
2016-03-27T04:18:40.000000;2016-03-27T04:18:40.000000;9ebb2084-957a-48b1-926b-a36bd9d1acfc;417.0;0.46855125;UNKNOWN
2016-03-27T04:18:40.000000;2016-03-27T04:18:40.000000;8e247869-08a3-4fdb-9296-cbce1683f3ae;416.9;0.93512;UNKNOWN
2016-03-27T04:18:40.000000;2016-03-27T04:18:40.000000;2b39da23-9dd3-48e0-9851-d568bdfca72b;416.92;0.33871736;UNKNOWN
2016-03-27T04:18:40.000000;2016-03-27T04:18:40.000000;3407bee7-6347-4b39-8b97-91474dda9d03;417.0;0.01;UNKNOWN
2016-03-27T04:18:40.000000;2016-03-27T04:18:40.000000;e92fb764-37f0-4ed3-965f-4af67c271e23;416.99;0.20872139;UNKNOWN
2016-03-27T04:18:44.000000;2016-03-27T04:18:44.000000;50353e3e-141c-4c3b-a323-953b1ab00fdb;416.9;1.92207;UNKNOWN
2016-03-27T04:19:00.000000;2016-03-27T04:19:00.000000;2533754f-e47b-491e-9e36-b4d5a36de80d;416.9;0.844101;UNKNOWN
2016-03-27T04:19:00.000000;2016-03-27T04:19:00.000000;8256ba49-b1ce-4cb8-a00d-a596b3d258c7;416.9;0.07793;UNKNOWN
2016-03-27T04:22:39.000000;2016-03-27T04:22:39.000000;546622df-1fee-413b-b648-1c966f72c704;416.72;0.239;UNKNOWN
2016-03-27T04:22:42.000000;2016-03-27T04:22:42.000000;859bbd4e-4815-4b67-9610-aa9cb886d70e;416.71;1.611627;UNKNOWN
2016-03-27T04:23:54.000000;2016-03-27T04:23:54.000000;a157aea2-544a-49e1-83f1-2dc57ac8e342;416.83;0.811069;UNKNOWN
2016-03-27T04:23:54.000000;2016-03-27T04:23:54.000000;8c8d3a15-c1aa-4afc-9ebb-7991fe22ace0;416.9;0.188931;UNKNOWN
2016-03-27T04:23:59.000000;2016-03-27T04:23:59.000000;972889f2-a84e-4832-8fd2-eedd623df49a;416.9;0.917682;UNKNOWN
2016-03-27T04:23:59.000000;2016-03-27T04:23:59.000000;abc7e47c-4e37-411c-9691-d644a918c105;416.78;0.718198;UNKNOWN
2016-03-27T04:26:36.000000;2016-03-27T04:26:36.000000;a5c51f8c-7963-4521-94b6-cba335e1833d;416.88;1.43928;UNKNOWN
2016-03-27T04:26:52.000000;2016-03-27T04:26:52.000000;b3256a78-ad23-45fe-85c6-e6c4555036a0;416.8;0.765673;UNKNOWN
2016-03-27T04:26:52.000000;2016-03-27T04:26:52.000000;d76d3c9d-a770-488f-90cb-93a23113a819;416.89;0.234327;UNKNOWN
2016-03-27T04:26:56.000000;2016-03-27T04:26:56.000000;6c167f91-eb27-44fd-a60d-b20cc3c6e1e0;416.76;0.42551;UNKNOWN
2016-03-27T04:27:28.000000;2016-03-27T04:27:28.000000;3310bd62-01c9-4201-a60f-a5c402de7286;416.9;0.049286;UNKNOWN
2016-03-27T04:27:28.000000;2016-03-27T04:27:28.000000;26aa353f-315b-4f61-9138-16cf580f67c8;416.9;0.950714;UNKNOWN
2016-03-27T04:29:50.000000;2016-03-27T04:29:50.000000;1fba49f9-c8d9-439e-b44d-bb084f753f37;416.78;1.4;UNKNOWN
2016-03-27T04:30:01.000000;2016-03-27T04:30:01.000000;e8a59d34-a300-438c-bd1c-879c8c1da7e5;416.59;0.639881;UNKNOWN
2016-03-27T04:33:53.000000;2016-03-27T04:33:53.000000;79ee6a3d-6218-4aac-bff7-428bb59c5940;416.41;0.23019614;UNKNOWN
2016-03-27T04:34:44.000000;2016-03-27T04:34:44.000000;bdbb7268-fa7c-423e-a961-f50b50b130f7;416.41;0.04571954;UNKNOWN
2016-03-27T04:36:20.000000;2016-03-27T04:36:20.000000;fa4a751d-8502-4d73-b409-123baee884c1;416.41;0.46957592;UNKNOWN
2016-03-27T04:40:04.000000;2016-03-27T04:40:04.000000;66469bc1-5c14-46f7-9b34-279c352e13bf;416.51;1.57;UNKNOWN
2016-03-27T04:42:05.000000;2016-03-27T04:42:05.000000;b030a5af-4352-4af1-884c-de88f1c271f7;416.64;1.2;UNKNOWN
2016-03-27T04:47:05.000000;2016-03-27T04:47:05.000000;689c04c5-1ae5-402e-a503-55b482231b13;416.58;0.5;UNKNOWN
2016-03-27T04:47:05.000000;2016-03-27T04:47:05.000000;d080ebd9-0021-4bb2-bfba-4eb83fbf58eb;416.59;0.02924082;UNKNOWN
2016-03-27T04:47:05.000000;2016-03-27T04:47:05.000000;db46f470-2bb3-45ac-ab0f-cd0ab4e92d19;416.59;1.61;UNKNOWN
2016-03-27T04:51:58.000000;2016-03-27T04:51:58.000000;ac04b1d4-61f0-483d-a4bf-b455f045cc05;416.49;0.03105763;UNKNOWN
2016-03-27T04:51:59.000000;2016-03-27T04:51:59.000000;50119587-42d1-4a6a-980d-fac654767c15;416.49;0.03105763;UNKNOWN
2016-03-27T04:53:03.000000;2016-03-27T04:53:03.000000;e0772d8c-f0e7-4885-99b7-57b34cb7197b;416.64;0.3985908;UNKNOWN
2016-03-27T05:21:16.000000;2016-03-27T05:21:16.000000;9f028cd4-393f-4b7f-8ffd-c7ec89d584d2;416.41;0.165531;UNKNOWN
2016-03-27T05:23:16.000000;2016-03-27T05:23:16.000000;ff28aa9d-9779-4828-99a5-06bf9bd4db2f;416.41;0.02377566;UNKNOWN
2016-03-27T05:27:16.000000;2016-03-27T05:27:16.000000;9f44894e-9d94-454a-87c6-42a3d8455472;416.16;0.23775667;UNKNOWN
2016-03-27T05:28:44.000000;2016-03-27T05:28:44.000000;809267f3-22b2-4171-b9f9-4576bddc77a7;416.16;0.23747961;UNKNOWN
2016-03-27T05:28:44.000000;2016-03-27T05:28:44.000000;7cc032ad-df7d-4eb5-a827-6319b5e23cc8;416.16;0.07223211;UNKNOWN
2016-03-27T05:42:05.000000;2016-03-27T05:42:05.000000;6599ea0a-6508-4c0f-bc18-d31e5844be24;416.29;0.48898;UNKNOWN
2016-03-27T05:47:16.000000;2016-03-27T05:47:16.000000;a723c09a-b9e1-4188-b277-e1c9ade63451;416.12;0.07140927;UNKNOWN
2016-03-27T05:48:20.000000;2016-03-27T05:48:20.000000;74b261ea-e62f-470b-8f1c-f08a6463ddb6;416.12;0.09068468;UNKNOWN
2016-03-27T05:51:00.000000;2016-03-27T05:51:00.000000;e064ded2-6bc7-4bb3-a2fe-95c0269fb4b4;416.13;0.14447467;UNKNOWN
2016-03-27T05:58:44.000000;2016-03-27T05:58:44.000000;3ac949ea-3891-4e05-a657-7c7a90c3564b;416.19;0.02409242;UNKNOWN
2016-03-27T05:59:23.000000;2016-03-27T05:59:23.000000;469b6a6f-911b-43e8-ac8c-5a5eb363d5bd;416.19;0.010576;UNKNOWN
2016-03-27T06:00:58.000000;2016-03-27T06:00:58.000000;c84b21e4-c17d-43c9-9334-69425d6f045a;416.19;0.01;UNKNOWN
2016-03-27T06:04:21.000000;2016-03-27T06:04:21.000000;262cd340-4587-43f8-929f-93f13b6b4445;416.19;0.010418;UNKNOWN
2016-03-27T06:07:58.000000;2016-03-27T06:07:58.000000;2e9ba62d-89de-4d83-8555-81afdf8668e0;416.48;0.29638048;UNKNOWN
2016-03-27T06:07:59.000000;2016-03-27T06:07:59.000000;998d631d-93bf-464b-9b5b-5f730811b95a;416.48;0.29638048;UNKNOWN
2016-03-27T06:08:02.000000;2016-03-27T06:08:02.000000;da2d3c88-59ce-4e2c-9632-40278748f1ca;416.48;0.12228698;UNKNOWN
2016-03-27T06:08:04.000000;2016-03-27T06:08:04.000000;09868703-843a-403b-af78-70a5891d45c7;416.48;0.29638048;UNKNOWN
2016-03-27T06:08:08.000000;2016-03-27T06:08:08.000000;422859ee-f559-4773-99da-f0a5fa6f35c8;416.48;0.04250939;UNKNOWN
2016-03-27T06:08:10.000000;2016-03-27T06:08:10.000000;9172c359-425d-446c-b390-8fb2d924c744;416.48;0.04250939;UNKNOWN
2016-03-27T06:08:11.000000;2016-03-27T06:08:11.000000;2ebe1093-880f-498b-9bdb-416cebd552cc;416.48;0.04250939;UNKNOWN
2016-03-27T06:08:23.000000;2016-03-27T06:08:23.000000;9f040509-e07c-4812-a64a-7053760e85ab;416.49;0.44091;UNKNOWN
2016-03-27T06:09:59.000000;2016-03-27T06:09:59.000000;8b5300c1-f172-4b4d-a91a-3a68cc61ae68;416.61;1.48442514;UNKNOWN
2016-03-27T06:09:59.000000;2016-03-27T06:09:59.000000;e0016039-ea6e-40ec-a4d2-56f6064a2d11;416.16;0.01557486;UNKNOWN
2016-03-27T06:10:31.000000;2016-03-27T06:10:31.000000;ecc8974b-f81f-40d4-b427-7604d3e99e34;416.4;0.54;UNKNOWN
2016-03-27T06:11:17.000000;2016-03-27T06:11:17.000000;493ba6c7-f0c5-4c59-b1b3-0b4f8a67261e;416.59;6.0;UNKNOWN
2016-03-27T06:11:33.000000;2016-03-27T06:11:33.000000;f2280c71-0acd-4eaa-90b1-ab7653ea3dc4;416.66;0.01394363;UNKNOWN
2016-03-27T06:11:33.000000;2016-03-27T06:11:33.000000;231876fb-b11c-42e5-b03e-06b5a1401b87;416.3;2.50605637;UNKNOWN
2016-03-27T06:12:29.000000;2016-03-27T06:12:29.000000;df88519b-6014-4541-af1f-076be161bb04;416.6;0.01;UNKNOWN
2016-03-27T06:13:17.000000;2016-03-27T06:13:17.000000;472f0f5f-26eb-4bf4-9197-5c2caab95761;416.18;0.01273588;UNKNOWN
2016-03-27T06:14:44.000000;2016-03-27T06:14:44.000000;6d13e184-5458-47d7-895d-8d2809438697;416.17;0.03739687;UNKNOWN
2016-03-27T06:15:05.000000;2016-03-27T06:15:05.000000;89c2f3fa-3b9c-4f2c-969d-89efb22aa1a0;416.38;0.13;UNKNOWN
2016-03-27T06:19:00.000000;2016-03-27T06:19:00.000000;a455d618-c0fe-4f01-b086-7312d13db455;416.29;0.29124526;UNKNOWN
2016-03-27T06:19:15.000000;2016-03-27T06:19:15.000000;8f1b3171-6211-409d-aa5d-d2f739c85f4b;416.29;14.29754526;UNKNOWN
2016-03-27T06:19:15.000000;2016-03-27T06:19:15.000000;d1cbea68-5c22-47f8-baf3-c08d96332254;416.29;5.70245474;UNKNOWN
2016-03-27T06:20:04.000000;2016-03-27T06:20:04.000000;52d237ca-3cb7-4fc3-a7a6-057754e3ce13;416.0;1.96258885;UNKNOWN
2016-03-27T06:20:04.000000;2016-03-27T06:20:04.000000;c850a814-b5cc-4580-8fa9-bd54489fc2ae;416.0;0.9218;UNKNOWN
2016-03-27T06:20:04.000000;2016-03-27T06:20:04.000000;85c516fc-b6d9-4d2c-9372-ddf2d152cdc1;416.29;0.02386465;UNKNOWN
2016-03-27T06:20:04.000000;2016-03-27T06:20:04.000000;9986b9b1-b8d3-4945-bea5-2ab416943bcb;415.92;1.1485465;UNKNOWN
2016-03-27T06:20:04.000000;2016-03-27T06:20:04.000000;0ef9c18d-ed63-4bfb-be84-373b454d1995;416.01;5.9432;UNKNOWN
2016-03-27T06:21:05.000000;2016-03-27T06:21:05.000000;f4dc5cd3-f529-478c-b838-e6f436426207;415.8;9.99;UNKNOWN
2016-03-27T06:21:05.000000;2016-03-27T06:21:05.000000;ba49a342-a7a7-453b-8912-15759969beb7;416.2;0.01;UNKNOWN
2016-03-27T06:21:06.000000;2016-03-27T06:21:06.000000;e413d957-a32b-489c-822b-4be15bc8ad7c;415.8;3.49;UNKNOWN
2016-03-27T06:21:06.000000;2016-03-27T06:21:06.000000;fb635daf-7be7-4b13-90c0-80d0bdd9461a;415.79;6.51;UNKNOWN
2016-03-27T06:21:07.000000;2016-03-27T06:21:07.000000;555322a2-dab3-45ee-9952-8226ec8055f9;415.79;7.5;UNKNOWN
2016-03-27T06:21:58.000000;2016-03-27T06:21:58.000000;3790ae45-daf0-4c56-9305-ddeb8d1c7079;416.05;0.238;UNKNOWN
2016-03-27T06:21:58.000000;2016-03-27T06:21:58.000000;f8865f22-4bb7-46c1-a8c5-b10f2e72ce45;416.05;0.239;UNKNOWN
2016-03-27T06:21:58.000000;2016-03-27T06:21:58.000000;cf7be19b-f189-44b1-a361-b3d8174fa7d3;416.05;0.239;UNKNOWN
2016-03-27T06:21:58.000000;2016-03-27T06:21:58.000000;60960f4f-de83-444b-a19b-9631f1b828c4;415.93;5.7685;UNKNOWN
2016-03-27T06:21:58.000000;2016-03-27T06:21:58.000000;21793973-0366-448f-8381-3932e5b40153;416.05;0.239;UNKNOWN
2016-03-27T06:21:58.000000;2016-03-27T06:21:58.000000;4f25601e-9baf-4a6b-a2f5-58b51698bf82;416.05;0.239;UNKNOWN
2016-03-27T06:21:58.000000;2016-03-27T06:21:58.000000;4848e5bc-347d-458d-943b-797835b1617b;416.05;0.239;UNKNOWN
2016-03-27T06:21:58.000000;2016-03-27T06:21:58.000000;b27a1dc5-f217-4feb-beaa-261660bbcec3;416.05;0.01;UNKNOWN
2016-03-27T06:21:58.000000;2016-03-27T06:21:58.000000;8e7b6025-ec22-4df2-a7e7-cced32e89178;416.05;0.239;UNKNOWN
2016-03-27T06:21:58.000000;2016-03-27T06:21:58.000000;3a3b2a44-3864-4ad8-90be-cc9ed7e331a9;415.93;0.8335;UNKNOWN
2016-03-27T06:21:58.000000;2016-03-27T06:21:58.000000;ee34a8ef-0304-4028-b7c8-04e376e72739;416.05;0.239;UNKNOWN
2016-03-27T06:21:58.000000;2016-03-27T06:21:58.000000;d5976ebe-55f6-416f-ada7-e55acc28639a;416.05;0.239;UNKNOWN
2016-03-27T06:21:58.000000;2016-03-27T06:21:58.000000;42d8aed7-76fd-4473-8c92-744a530f2946;416.05;0.239;UNKNOWN
2016-03-27T06:21:58.000000;2016-03-27T06:21:58.000000;d2204e72-54d9-4925-a23d-c25d7428fa98;416.05;0.239;UNKNOWN
2016-03-27T06:21:58.000000;2016-03-27T06:21:58.000000;be431584-e241-4cfd-9d8b-0eaaa3d24b2f;416.05;0.239;UNKNOWN
2016-03-27T06:21:58.000000;2016-03-27T06:21:58.000000;f9ec242d-9d6b-44bd-8d59-fd88051f26b0;416.05;0.239;UNKNOWN
2016-03-27T06:21:58.000000;2016-03-27T06:21:58.000000;85622b01-7e36-4fd6-9fd5-758c1b4487cf;416.05;0.239;UNKNOWN
2016-03-27T06:21:58.000000;2016-03-27T06:21:58.000000;148f5c4d-c1c6-4e11-b0e7-458d4df871fe;416.05;0.239;UNKNOWN
2016-03-27T06:21:58.000000;2016-03-27T06:21:58.000000;10d04b6a-1dd2-44a2-919e-19251552aa6d;416.05;0.239;UNKNOWN
2016-03-27T06:21:58.000000;2016-03-27T06:21:58.000000;3ca48068-ba83-42fe-b9b0-85794a05c016;416.05;0.239;UNKNOWN
2016-03-27T06:22:05.000000;2016-03-27T06:22:05.000000;383606a1-56e0-4b12-9993-9c45b1f676f4;416.06;0.2;UNKNOWN
2016-03-27T06:25:52.000000;2016-03-27T06:25:52.000000;1d1ddf46-c00f-4d54-8e43-0109f5fe96d0;416.06;2.5215;UNKNOWN
2016-03-27T06:27:24.000000;2016-03-27T06:27:24.000000;a27f481f-d984-46f8-981c-0f17cb20d4aa;416.18;0.02408316;UNKNOWN
2016-03-27T06:30:06.000000;2016-03-27T06:30:06.000000;1cacb345-43a3-45aa-a61d-35a885f78cc0;416.39;0.06451444;UNKNOWN
2016-03-27T06:30:06.000000;2016-03-27T06:30:06.000000;3fa96178-fe63-47e9-822f-94ef7ff324d9;416.39;0.68705022;UNKNOWN
2016-03-27T06:30:07.000000;2016-03-27T06:30:07.000000;6d620c31-f589-4e04-8b91-516509449ab5;416.39;0.06451444;UNKNOWN
2016-03-27T06:30:07.000000;2016-03-27T06:30:07.000000;18019e3d-4652-4949-9c2c-8aa1d2fa712b;416.39;0.06457902;UNKNOWN
2016-03-27T06:30:07.000000;2016-03-27T06:30:07.000000;8a4814aa-09e0-40c3-8f32-f39638a89e2c;416.39;0.06451444;UNKNOWN
2016-03-27T06:30:08.000000;2016-03-27T06:30:08.000000;7ec62e5b-6ac7-4e47-b352-2d29b2555b9b;416.39;0.06457902;UNKNOWN
2016-03-27T06:30:09.000000;2016-03-27T06:30:09.000000;af109bcf-d97e-454b-8338-b45d0080ec43;416.39;0.06451444;UNKNOWN
2016-03-27T06:30:09.000000;2016-03-27T06:30:09.000000;2a0b08a4-9005-4105-a40f-ec0795f14f49;416.39;0.06451444;UNKNOWN
2016-03-27T06:30:09.000000;2016-03-27T06:30:09.000000;269bcb76-ffe1-48fd-ab1d-5c77f3f5336c;416.39;0.06457902;UNKNOWN
2016-03-27T06:30:09.000000;2016-03-27T06:30:09.000000;65f6b5e6-6e01-47be-82f8-8488a5d1e020;416.39;0.26388136;UNKNOWN
2016-03-27T06:30:20.000000;2016-03-27T06:30:20.000000;309ab876-adce-4bc8-a4f9-8d5b677f7d74;416.16;0.48620769;UNKNOWN
2016-03-27T06:32:05.000000;2016-03-27T06:32:05.000000;8dd73208-1d5e-4774-8800-dc9021914527;416.18;1.83;UNKNOWN
2016-03-27T06:32:15.000000;2016-03-27T06:32:15.000000;663e85c4-216c-408b-9238-4facf196bef2;416.2;0.055274;UNKNOWN
2016-03-27T06:32:25.000000;2016-03-27T06:32:25.000000;30a63698-fea2-40b8-8441-2831a9d4f493;416.2;0.0469;UNKNOWN
2016-03-27T06:32:27.000000;2016-03-27T06:32:27.000000;8ed76a36-76da-4a22-b319-bf43c13d5649;416.2;0.05503;UNKNOWN
2016-03-27T06:33:05.000000;2016-03-27T06:33:05.000000;3ffb5836-c3a7-4cbc-9fc9-fb4889c28a31;416.2;0.02311;UNKNOWN
2016-03-27T06:33:09.000000;2016-03-27T06:33:09.000000;2027ef50-1eba-4205-a9db-edc817e9109e;416.2;0.023946;UNKNOWN
2016-03-27T06:33:16.000000;2016-03-27T06:33:16.000000;0e3fc734-e00e-4598-ac4b-67622c87e652;416.2;0.04758102;UNKNOWN
2016-03-27T06:34:40.000000;2016-03-27T06:34:40.000000;27e9ce45-3e5a-45c8-946d-edd0a7b2d678;416.31;0.032372;UNKNOWN
2016-03-27T06:35:04.000000;2016-03-27T06:35:04.000000;1767e914-9311-4b37-94d6-e98c8ffb5057;416.31;0.032372;UNKNOWN
2016-03-27T06:35:04.000000;2016-03-27T06:35:04.000000;0e74765e-b58d-4942-941c-52337a643e58;416.31;9.967628;UNKNOWN
2016-03-27T06:35:05.000000;2016-03-27T06:35:05.000000;4bc8a303-c81f-48eb-8182-d2dcb143353b;416.04;0.01;UNKNOWN
2016-03-27T06:35:05.000000;2016-03-27T06:35:05.000000;74384b80-b7bb-4140-8ef0-6a18e5e5734b;416.31;1.767628;UNKNOWN
2016-03-27T06:35:05.000000;2016-03-27T06:35:05.000000;fd2c8dce-2c32-40e9-a93d-317d95c03643;416.01;0.419372;UNKNOWN
2016-03-27T06:35:23.000000;2016-03-27T06:35:23.000000;f132cb7f-025e-4dac-baea-3a33d9cf8167;415.85;0.04301602;UNKNOWN
2016-03-27T06:35:23.000000;2016-03-27T06:35:23.000000;5819d1d3-ab51-4dcd-bd3b-5ff16058ce91;416.01;5.564528;UNKNOWN
2016-03-27T06:37:05.000000;2016-03-27T06:37:05.000000;54aacff5-bc1c-467b-a330-8befb64eeef4;416.37;0.013751;UNKNOWN
2016-03-27T06:37:05.000000;2016-03-27T06:37:05.000000;d07aeefd-76da-4638-9dad-00f192a6a91f;416.34;0.01029;UNKNOWN
2016-03-27T06:37:42.000000;2016-03-27T06:37:42.000000;b9199dc6-2d37-40c7-95fd-5024dc7173ff;415.99;0.022132;UNKNOWN
2016-03-27T06:37:46.000000;2016-03-27T06:37:46.000000;363d7507-3ea1-4aa6-b776-8ce86f4d60f7;416.0;0.012125;UNKNOWN
2016-03-27T06:45:05.000000;2016-03-27T06:45:05.000000;ef362e7b-24df-4be8-91f1-b0ed568d2b99;416.4;0.0960152;UNKNOWN
2016-03-27T06:45:06.000000;2016-03-27T06:45:06.000000;f4dd4ff0-027d-48cb-aae5-b7d829c2ba80;416.4;0.03594293;UNKNOWN
2016-03-27T06:48:20.000000;2016-03-27T06:48:20.000000;b8e97b53-cd22-437e-a861-83809d96d47b;416.4;0.41972311;UNKNOWN
2016-03-27T06:48:20.000000;2016-03-27T06:48:20.000000;603e6bb5-0136-45e0-9fb9-30164800fb42;416.4;1.08027689;UNKNOWN
2016-03-27T06:49:04.000000;2016-03-27T06:49:04.000000;389c4891-4f2b-4da0-94cd-edbd3d636f0e;416.31;0.0448;UNKNOWN
2016-03-27T06:49:24.000000;2016-03-27T06:49:24.000000;9e16ddcc-b3ab-4818-924c-4cf210407d88;416.31;0.239;UNKNOWN
2016-03-27T06:49:24.000000;2016-03-27T06:49:24.000000;0ac1a4db-536c-4438-b0ca-d909f079e935;416.31;0.389;UNKNOWN
2016-03-27T06:49:24.000000;2016-03-27T06:49:24.000000;8e40717f-15ef-4680-b3cf-78015f82ac4d;416.31;0.239;UNKNOWN
2016-03-27T06:49:24.000000;2016-03-27T06:49:24.000000;14bb4f69-8e54-4ffd-a633-dbef545067f4;416.31;0.1942;UNKNOWN
2016-03-27T06:49:24.000000;2016-03-27T06:49:24.000000;fe18a7a1-5dec-425c-94dc-508b2c3f1165;416.31;0.239;UNKNOWN
2016-03-27T06:49:24.000000;2016-03-27T06:49:24.000000;2beddbd7-8d82-459c-8110-786a664108f7;416.31;0.239;UNKNOWN
2016-03-27T06:49:24.000000;2016-03-27T06:49:24.000000;da09561b-8f18-4627-a2b9-aeda27757bbc;416.31;0.239;UNKNOWN
2016-03-27T06:49:24.000000;2016-03-27T06:49:24.000000;438fc3b4-4b51-42ff-a017-33eff932a787;416.31;0.239;UNKNOWN
2016-03-27T06:49:24.000000;2016-03-27T06:49:24.000000;c99f3170-4257-4f1d-a27c-46b148777a17;416.31;0.02863931;UNKNOWN
2016-03-27T06:56:17.000000;2016-03-27T06:56:17.000000;f215adf2-a37e-4da2-847b-f75126c6153f;416.46;0.01786291;UNKNOWN
2016-03-27T07:04:05.000000;2016-03-27T07:04:05.000000;02d015b2-9296-4f9f-8332-a64c27346983;416.33;0.238;UNKNOWN
2016-03-27T07:04:05.000000;2016-03-27T07:04:05.000000;a86aaf52-0587-48fe-8f3a-2e2c7532f90b;416.33;0.238;UNKNOWN
2016-03-27T07:04:05.000000;2016-03-27T07:04:05.000000;ee221056-9f1f-4095-bda0-00ba8e04cce4;416.33;0.238;UNKNOWN
2016-03-27T07:04:05.000000;2016-03-27T07:04:05.000000;658aeeb6-c584-4a56-96ea-0dcd4a4c8323;416.33;0.238;UNKNOWN
2016-03-27T07:04:05.000000;2016-03-27T07:04:05.000000;c6af1069-1e49-4141-876b-af524f6fe02b;416.33;0.238;UNKNOWN
2016-03-27T07:04:05.000000;2016-03-27T07:04:05.000000;51ae9d71-a7fb-4bd0-ad3b-6c11fa8b2671;416.33;0.037;UNKNOWN
2016-03-27T07:04:05.000000;2016-03-27T07:04:05.000000;73efc0c2-dc62-42f5-a5d3-ef6056be2521;416.33;0.238;UNKNOWN
2016-03-27T07:05:13.000000;2016-03-27T07:05:13.000000;6ae93ff1-c412-46e6-a6ac-674da9ec4e6d;416.34;0.069989;UNKNOWN
2016-03-27T07:06:21.000000;2016-03-27T07:06:21.000000;a9574658-0402-41cb-983a-535bab8c01e6;416.37;0.03194087;UNKNOWN
2016-03-27T07:06:56.000000;2016-03-27T07:06:56.000000;cb9efe73-826b-41ab-8b41-a76dc8919f10;416.4;0.073615;UNKNOWN
2016-03-27T07:08:22.000000;2016-03-27T07:08:22.000000;45563018-7f6c-4524-bbe5-16fb992e379f;416.8;5.9173;UNKNOWN
2016-03-27T07:08:22.000000;2016-03-27T07:08:22.000000;2c1b2621-d29c-4d89-bc2e-865295156723;416.79;0.5;UNKNOWN
2016-03-27T07:08:22.000000;2016-03-27T07:08:22.000000;0bb22884-8466-4ff9-afeb-5dda63922910;416.99;4.51;UNKNOWN
2016-03-27T07:08:22.000000;2016-03-27T07:08:22.000000;dca6cd39-5fa9-455e-92ac-38abe310c82d;416.79;3.0;UNKNOWN
2016-03-27T07:08:22.000000;2016-03-27T07:08:22.000000;d4577356-ce2c-4de1-9683-433fe520798b;416.9;3.05496208;UNKNOWN
2016-03-27T07:08:22.000000;2016-03-27T07:08:22.000000;1bf3a275-eb57-4226-b221-0483d2f9f7e3;417.0;67.42486332;UNKNOWN
2016-03-27T07:08:22.000000;2016-03-27T07:08:22.000000;02f0cbc5-125c-4709-a2cd-7ecbb20b7d49;416.89;13.5586;UNKNOWN
2016-03-27T07:08:22.000000;2016-03-27T07:08:22.000000;c0343a7b-9ef9-477d-9193-dc19e3c28776;416.67;0.29999472;UNKNOWN
2016-03-27T07:08:22.000000;2016-03-27T07:08:22.000000;b5e1ec6c-212f-490f-9b5b-4b040030538e;416.89;6.0;UNKNOWN
2016-03-27T07:08:22.000000;2016-03-27T07:08:22.000000;1f975f3a-584e-48cc-b884-2593c3c80bde;416.79;0.05;UNKNOWN
2016-03-27T07:08:22.000000;2016-03-27T07:08:22.000000;7656803a-e4ca-41b1-ae45-9b75459526b4;416.9;0.049286;UNKNOWN
2016-03-27T07:08:22.000000;2016-03-27T07:08:22.000000;35f76456-87a5-4695-92ba-994761c936f4;416.98;9.5;UNKNOWN
2016-03-27T07:08:22.000000;2016-03-27T07:08:22.000000;973817ea-3a47-47d5-b1d6-baac16e00af0;416.99;0.1;UNKNOWN
2016-03-27T07:08:22.000000;2016-03-27T07:08:22.000000;3f3519eb-2929-44c0-a260-22a0f182f60b;416.99;6.539882;UNKNOWN
2016-03-27T07:08:22.000000;2016-03-27T07:08:22.000000;1f0f90cd-8af1-49c1-a868-148c35e17d95;417.0;9.53144875;UNKNOWN
2016-03-27T07:08:22.000000;2016-03-27T07:08:22.000000;0ace1cb3-3d71-4148-8326-71e91b764309;417.0;0.8;UNKNOWN
2016-03-27T07:08:22.000000;2016-03-27T07:08:22.000000;bc9dec10-9502-4930-a71c-7a40d943a1dd;416.91;12.6583;UNKNOWN
2016-03-27T07:08:22.000000;2016-03-27T07:08:22.000000;2c8491a1-dd9b-4b86-99aa-9ca5e7d973b1;417.06;6.50536313;UNKNOWN
2016-03-27T07:08:27.000000;2016-03-27T07:08:27.000000;8fb5cec2-de1f-4cb2-b2f5-853c351501c9;417.12;0.02;UNKNOWN
2016-03-27T07:08:28.000000;2016-03-27T07:08:28.000000;d6687f99-f830-40f6-b8dc-8e265b1a98f2;417.12;6.75;UNKNOWN
2016-03-27T07:08:28.000000;2016-03-27T07:08:28.000000;4998af8c-4352-45d3-a276-79e978d413b7;417.12;0.18;UNKNOWN
2016-03-27T07:10:27.000000;2016-03-27T07:10:27.000000;68ae106b-1849-4cce-ae78-63d10b9cd666;416.88;0.013864;UNKNOWN
2016-03-27T07:12:08.000000;2016-03-27T07:12:08.000000;2e6656d9-ccda-498d-b2d2-188048ca64d4;416.88;0.01614;UNKNOWN
2016-03-27T07:12:32.000000;2016-03-27T07:12:32.000000;c145df70-a0fc-4cef-88bb-9588cfbc2075;416.88;0.05880968;UNKNOWN
2016-03-27T07:12:50.000000;2016-03-27T07:12:50.000000;26cd76f0-869c-477c-889d-f7c771d7c9d7;416.88;0.031351;UNKNOWN
2016-03-27T07:13:20.000000;2016-03-27T07:13:20.000000;0cfed314-04d4-456d-85f1-b122950cd7cd;416.88;0.04531477;UNKNOWN
2016-03-27T07:14:35.000000;2016-03-27T07:14:35.000000;54137dc2-63a1-4105-9d76-f723450d8dba;416.89;0.03;UNKNOWN
2016-03-27T07:16:26.000000;2016-03-27T07:16:26.000000;fe1b837f-fc0c-457c-9d33-0b7715a5d2ea;416.88;5.77842055;UNKNOWN
2016-03-27T07:16:26.000000;2016-03-27T07:16:26.000000;cd519407-2a71-47e8-bd61-9599dcedee72;416.67;4.22157945;UNKNOWN
2016-03-27T07:20:04.000000;2016-03-27T07:20:04.000000;d93c8b19-9b50-40be-aab6-d95b97d759b0;416.73;0.240177;UNKNOWN
2016-03-27T07:22:56.000000;2016-03-27T07:22:56.000000;3b225699-9cf8-4735-8410-a40e1b7dc9e2;416.58;0.035192;UNKNOWN
2016-03-27T07:23:00.000000;2016-03-27T07:23:00.000000;ba01f873-61bd-4939-b921-00b3752ad50b;416.58;0.031556;UNKNOWN
2016-03-27T07:25:44.000000;2016-03-27T07:25:44.000000;4b852309-196f-4d05-bc7e-61d56390b9fb;416.59;0.3984;UNKNOWN
2016-03-27T07:27:53.000000;2016-03-27T07:27:53.000000;054c349d-195e-498e-8692-3ccb3d3a79ee;416.58;0.01297;UNKNOWN
2016-03-27T07:29:27.000000;2016-03-27T07:29:27.000000;68250f69-a4e1-4779-b26c-8c89e5ab1464;416.58;0.012284;UNKNOWN
2016-03-27T07:30:20.000000;2016-03-27T07:30:20.000000;a46ee6c9-6d46-48a6-a573-0ae545f74c33;416.58;1.19197318;UNKNOWN
2016-03-27T07:30:45.000000;2016-03-27T07:30:45.000000;6f4dab2f-445c-44f2-aafb-3c085225ae94;416.58;0.013977;UNKNOWN
2016-03-27T07:33:05.000000;2016-03-27T07:33:05.000000;a2d54486-1aca-4315-b6cc-0918bf19ff88;416.58;0.32832513;UNKNOWN
2016-03-27T07:33:05.000000;2016-03-27T07:33:05.000000;8cc9d4ad-1166-486d-8669-db28a76f255f;416.58;4.73603982;UNKNOWN
2016-03-27T07:33:05.000000;2016-03-27T07:33:05.000000;bcf648cb-d81d-4433-90a4-67dc55fedbc6;416.58;0.02596018;UNKNOWN
2016-03-27T07:39:08.000000;2016-03-27T07:39:08.000000;57522beb-0f83-4fe3-9fce-99293dd8ef79;416.58;5.9814;UNKNOWN
2016-03-27T07:39:08.000000;2016-03-27T07:39:08.000000;7d146d7d-0b7c-446d-8c06-6d71b68fdde4;416.58;0.22726837;UNKNOWN
2016-03-27T07:39:08.000000;2016-03-27T07:39:08.000000;89973bdb-44da-4dce-8c53-d3a5bd9d8155;416.58;23.79133163;UNKNOWN
2016-03-27T07:41:11.000000;2016-03-27T07:41:11.000000;bf27359e-80ab-4b51-b873-bc53aa309afc;416.64;3.94101448;UNKNOWN
2016-03-27T07:43:53.000000;2016-03-27T07:43:53.000000;73639a04-795f-4aaa-8985-13eef1741995;416.79;5.968;UNKNOWN
2016-03-27T07:45:30.000000;2016-03-27T07:45:30.000000;73a7efab-cecd-4a74-b6e0-fcfef57d816a;416.86;3.0;UNKNOWN
2016-03-27T07:49:29.000000;2016-03-27T07:49:29.000000;bd421e75-10d4-4bd0-9635-6c6731ab1253;416.9;0.5;UNKNOWN
2016-03-27T07:50:24.000000;2016-03-27T07:50:24.000000;d167a202-ed49-4f95-b9cd-d4b3d711cb1a;416.9;0.300475;UNKNOWN
2016-03-27T07:54:06.000000;2016-03-27T07:54:06.000000;78353649-c1aa-4a16-88a9-9ac4ca2a6bd2;416.76;0.47605819;UNKNOWN
2016-03-27T07:54:06.000000;2016-03-27T07:54:06.000000;76a64d14-37a7-490c-a1fa-64bf2476fde9;416.89;0.28325;UNKNOWN
2016-03-27T07:54:20.000000;2016-03-27T07:54:20.000000;0076acbd-1b10-4179-a811-b6403d887efe;416.71;0.010954;UNKNOWN
2016-03-27T07:56:06.000000;2016-03-27T07:56:06.000000;126a6a44-7868-49ff-9fa1-c4af3585196d;416.89;0.01;UNKNOWN
2016-03-27T07:56:06.000000;2016-03-27T07:56:06.000000;bb689d4b-b0a9-43a5-babc-9011790a11ba;416.67;0.00904;UNKNOWN
2016-03-27T08:00:04.000000;2016-03-27T08:00:04.000000;107b488e-1b36-40cb-83de-7f42bd6d37b9;416.9;0.03076918;UNKNOWN
2016-03-27T08:01:44.000000;2016-03-27T08:01:44.000000;5a0fd196-9870-4ebe-8656-483e92c018f9;416.9;0.11946982;UNKNOWN
2016-03-27T08:05:10.000000;2016-03-27T08:05:10.000000;89e237bb-6f65-453f-be13-9794477207e0;417.07;1.33449;UNKNOWN
2016-03-27T08:05:20.000000;2016-03-27T08:05:20.000000;e1ac1147-5806-4046-a2a8-bb47a07a8ad4;417.07;0.9504281;UNKNOWN
2016-03-27T08:08:52.000000;2016-03-27T08:08:52.000000;444df3e6-fc96-4f09-b557-9da2f8d04d3c;417.07;0.51;UNKNOWN
2016-03-27T08:09:34.000000;2016-03-27T08:09:34.000000;3ac76226-b7d2-4ec0-9a8b-2bde4ca041ca;417.08;8.92;UNKNOWN
2016-03-27T08:09:43.000000;2016-03-27T08:09:43.000000;7f570b6a-cd51-420e-b53e-56f4a45c5370;417.08;3.4288;UNKNOWN
2016-03-27T08:10:57.000000;2016-03-27T08:10:57.000000;562c243f-3b84-42a0-bbea-9653ef825b6f;417.19;0.01272;UNKNOWN
2016-03-27T08:12:04.000000;2016-03-27T08:12:04.000000;4619f94f-39b0-4436-8a4e-11e3d66a9d84;417.19;4.08552;UNKNOWN
2016-03-27T08:12:04.000000;2016-03-27T08:12:04.000000;c73ff605-c5c1-4eb7-9635-756ca8c74c8c;417.19;5.91448;UNKNOWN
2016-03-27T08:12:05.000000;2016-03-27T08:12:05.000000;499d01cd-3396-4e6c-873c-08dfd603d2a5;417.19;8.079;UNKNOWN
2016-03-27T08:12:35.000000;2016-03-27T08:12:35.000000;d5c43424-7d94-453a-8e4b-eb0e3b8c6361;417.19;0.017274;UNKNOWN
2016-03-27T08:13:59.000000;2016-03-27T08:13:59.000000;dc735b7d-73a7-44aa-8afc-106e4b52a75d;417.19;5.9316;UNKNOWN
2016-03-27T08:18:34.000000;2016-03-27T08:18:34.000000;2ecc3c34-4e02-4444-ad13-41eb8b3d31c3;417.19;1.0;UNKNOWN
2016-03-27T08:22:04.000000;2016-03-27T08:22:04.000000;19f01ac6-ce05-4bfc-a04b-d4b2bbc8ce6a;416.75;1.0;UNKNOWN
2016-03-27T08:22:38.000000;2016-03-27T08:22:38.000000;d91d7e8c-8833-48ee-8d03-65067a6bcf8f;417.05;0.586;UNKNOWN
2016-03-27T08:26:04.000000;2016-03-27T08:26:04.000000;0f0a1ec5-bcac-46d8-8202-e2178d6f117d;417.02;10.0;UNKNOWN
2016-03-27T08:27:05.000000;2016-03-27T08:27:05.000000;f700b1c8-5ab5-458e-a0e9-d637a2c72b32;416.82;5.9698;UNKNOWN
2016-03-27T08:27:05.000000;2016-03-27T08:27:05.000000;4e646939-9a78-4c32-842d-e20c67c845c3;416.81;1.72900697;UNKNOWN
2016-03-27T08:27:05.000000;2016-03-27T08:27:05.000000;9553c8fd-7f57-4a08-8d54-29457d255846;417.02;1.62119303;UNKNOWN
2016-03-27T08:30:39.000000;2016-03-27T08:30:39.000000;f999ec92-06ff-4e1e-b538-eafbcb78d4f9;416.93;0.5862;UNKNOWN
2016-03-27T08:34:31.000000;2016-03-27T08:34:31.000000;2c83fd38-a47a-4b38-935c-3a57bc2a19cd;416.92;0.01;UNKNOWN
2016-03-27T08:34:31.000000;2016-03-27T08:34:31.000000;d494412a-892b-4bed-96ef-56c64bd85315;416.77;0.1226305;UNKNOWN
2016-03-27T08:36:16.000000;2016-03-27T08:36:16.000000;8487165d-8f88-4e1a-ad93-43e22bfa91b0;416.78;0.5;UNKNOWN
2016-03-27T08:36:19.000000;2016-03-27T08:36:19.000000;915d4dc6-2dca-41c0-acbb-a45872acf04f;416.78;2.0;UNKNOWN
2016-03-27T08:36:25.000000;2016-03-27T08:36:25.000000;9100a7fd-faea-4ef7-bf89-f1f1b1e783f3;416.77;2.0;UNKNOWN
2016-03-27T08:40:05.000000;2016-03-27T08:40:05.000000;773c3f23-da5b-4ff7-8d4c-16397ec4998b;416.5;0.07180307;UNKNOWN
2016-03-27T08:43:03.000000;2016-03-27T08:43:03.000000;c6c6d79f-4b53-44f0-a10c-4c0089eac311;416.63;0.2;UNKNOWN
2016-03-27T08:43:25.000000;2016-03-27T08:43:25.000000;2abec182-f094-4b3c-b45e-fbc1514804b1;416.62;0.011041;UNKNOWN
2016-03-27T08:43:30.000000;2016-03-27T08:43:30.000000;90a8946d-0361-4630-bd9d-892f5519122a;416.62;0.11824;UNKNOWN
2016-03-27T08:43:52.000000;2016-03-27T08:43:52.000000;91f8a642-ccb0-4990-b485-6627b76837a1;416.62;0.2;UNKNOWN
2016-03-27T08:46:30.000000;2016-03-27T08:46:30.000000;6d080b7e-a327-485b-8e68-5c56179bd4c9;416.62;2.0;UNKNOWN
2016-03-27T08:47:05.000000;2016-03-27T08:47:05.000000;55e7a1db-219b-491a-b363-bd42905871ae;416.46;3.284;UNKNOWN
2016-03-27T08:47:05.000000;2016-03-27T08:47:05.000000;1997cf9c-8179-47c3-8260-46bca9b739de;416.62;0.01;UNKNOWN
2016-03-27T08:47:26.000000;2016-03-27T08:47:26.000000;c32e0847-a2b6-4b74-a06d-3c76928fd199;416.65;0.2;UNKNOWN
2016-03-27T08:47:26.000000;2016-03-27T08:47:26.000000;8a5b009b-5f49-429b-bf0b-cebbd168ca10;416.4;0.2;UNKNOWN
2016-03-27T08:47:55.000000;2016-03-27T08:47:55.000000;1ad1b697-1640-40a7-bc6b-6aa17c5c99b0;416.42;0.238;UNKNOWN
2016-03-27T08:47:55.000000;2016-03-27T08:47:55.000000;5332f67a-ee16-4995-910b-b12b68dbfcf7;416.42;0.238;UNKNOWN
2016-03-27T08:47:55.000000;2016-03-27T08:47:55.000000;fdf73b00-009b-4ded-9ff2-72ff2b87385e;416.42;0.238;UNKNOWN
2016-03-27T08:47:55.000000;2016-03-27T08:47:55.000000;1326cd81-fa27-427b-8b60-6b022f3583ae;416.42;0.238;UNKNOWN
2016-03-27T08:47:55.000000;2016-03-27T08:47:55.000000;9515c9a6-e548-44c9-a413-58e450c6c2f1;416.42;0.238;UNKNOWN
2016-03-27T08:47:55.000000;2016-03-27T08:47:55.000000;d74d9318-6791-47e2-a5df-72b35713f39d;416.42;0.238;UNKNOWN
2016-03-27T08:47:55.000000;2016-03-27T08:47:55.000000;49161430-f43d-4b21-a188-0138a56c924f;416.42;0.238;UNKNOWN
2016-03-27T08:47:55.000000;2016-03-27T08:47:55.000000;e686c53c-752e-454e-b291-34b9c93af54a;416.42;0.202;UNKNOWN
2016-03-27T08:47:55.000000;2016-03-27T08:47:55.000000;dc9abc20-566b-40a4-9539-57d5e783c381;416.42;0.238;UNKNOWN
2016-03-27T08:47:55.000000;2016-03-27T08:47:55.000000;883e302b-944b-4ef5-a712-b8b0a1a00414;416.42;0.238;UNKNOWN
2016-03-27T08:47:55.000000;2016-03-27T08:47:55.000000;f500083e-6930-47f0-a5ba-ce082491f873;416.42;0.238;UNKNOWN
2016-03-27T08:47:55.000000;2016-03-27T08:47:55.000000;e02b86a1-3aa9-4e1c-95a2-160271afa84c;416.42;0.238;UNKNOWN
2016-03-27T08:47:55.000000;2016-03-27T08:47:55.000000;5344d07a-d079-4e4e-9833-9f1e3c654a0d;416.42;0.238;UNKNOWN
2016-03-27T08:47:55.000000;2016-03-27T08:47:55.000000;b89cc678-ed11-4f92-80f9-5535e2a5f592;416.42;0.401;UNKNOWN
2016-03-27T08:47:55.000000;2016-03-27T08:47:55.000000;4022d8c7-1589-4f84-b78b-98c77bd2bb0b;416.42;0.238;UNKNOWN
2016-03-27T08:47:55.000000;2016-03-27T08:47:55.000000;150b4934-dd35-4504-8702-18de0e269d88;416.42;0.238;UNKNOWN
2016-03-27T08:47:55.000000;2016-03-27T08:47:55.000000;0df7635d-de4a-4c1f-8cb6-f71d0823fe00;416.42;0.238;UNKNOWN
2016-03-27T08:47:55.000000;2016-03-27T08:47:55.000000;7b584a05-63d7-46cf-b57e-f5c4f5f4edb0;416.42;0.21;UNKNOWN
2016-03-27T08:47:55.000000;2016-03-27T08:47:55.000000;ca8ab113-3817-4cfd-b9e1-2e99255641a2;416.42;5.9385;UNKNOWN
2016-03-27T08:47:55.000000;2016-03-27T08:47:55.000000;efdbf995-3096-457d-8cd2-3938b1313c51;416.42;0.238;UNKNOWN
2016-03-27T08:47:55.000000;2016-03-27T08:47:55.000000;d7734264-6908-4979-a363-5dfa81253474;416.42;0.238;UNKNOWN
2016-03-27T08:48:38.000000;2016-03-27T08:48:38.000000;f788bf2a-11e4-4bba-be72-cd68a6f92276;416.3;0.5;UNKNOWN
2016-03-27T08:49:01.000000;2016-03-27T08:49:01.000000;4354453d-884e-4840-a449-a39fecc0d53c;416.5;5.9663;UNKNOWN
2016-03-27T08:49:01.000000;2016-03-27T08:49:01.000000;4a3e4aa7-a3ac-4cb2-a54f-f143bdf27163;416.5;9.0337;UNKNOWN
2016-03-27T08:49:03.000000;2016-03-27T08:49:03.000000;0e643864-ed41-4c82-9fc8-9b28e5121414;416.33;0.2;UNKNOWN
2016-03-27T08:49:45.000000;2016-03-27T08:49:45.000000;3e17dc34-ee10-45c3-8126-ca60312fcd81;416.44;12.4318;UNKNOWN
2016-03-27T08:50:42.000000;2016-03-27T08:50:42.000000;334db0f9-a05e-42aa-bfa4-f037156911c1;416.38;3.0;UNKNOWN
2016-03-27T08:50:42.000000;2016-03-27T08:50:42.000000;2d180a23-f7fb-414c-a55d-5732f1727301;416.38;0.5;UNKNOWN
2016-03-27T08:50:42.000000;2016-03-27T08:50:42.000000;4fd17c89-2a3e-43a9-9fbe-66bcfcac374f;416.37;12.4224;UNKNOWN
2016-03-27T08:52:54.000000;2016-03-27T08:52:54.000000;15e15ca0-f544-4745-a346-93e4a355ae2e;416.37;0.0776;UNKNOWN
2016-03-27T08:52:54.000000;2016-03-27T08:52:54.000000;3fa611b3-90c2-40a0-aafa-9371f4ee0f34;416.48;0.1224;UNKNOWN
2016-03-27T08:54:16.000000;2016-03-27T08:54:16.000000;c247f64e-48c2-46ee-9670-6cc4fbd50340;416.42;0.2;UNKNOWN
2016-03-27T08:55:55.000000;2016-03-27T08:55:55.000000;4ca43907-bdb3-4a69-9f71-ab6e762818af;416.5;0.2;UNKNOWN
2016-03-27T08:56:09.000000;2016-03-27T08:56:09.000000;79dc92f9-9070-47c6-a7a0-18df041f6321;416.32;0.2;UNKNOWN
2016-03-27T08:59:04.000000;2016-03-27T08:59:04.000000;b68ebb6f-4798-43e9-98cf-3e478ed187a8;416.33;4.0439;UNKNOWN
2016-03-27T08:59:04.000000;2016-03-27T08:59:04.000000;a63ecee1-1692-437d-8024-dd9afbf241f5;416.35;5.9561;UNKNOWN
2016-03-27T09:00:05.000000;2016-03-27T09:00:05.000000;50cc601f-1098-4237-a71a-e7dd9a108782;416.24;5.45;UNKNOWN
2016-03-27T09:02:04.000000;2016-03-27T09:02:04.000000;903ac98c-56b6-47b9-ba25-a8905f8e6a3c;416.31;8.156;UNKNOWN
2016-03-27T09:05:56.000000;2016-03-27T09:05:56.000000;d9f611a9-c6b1-4cc9-8b35-ed316562349e;416.64;16.65221907;UNKNOWN
2016-03-27T09:06:41.000000;2016-03-27T09:06:41.000000;da7447ba-f90f-4886-a32c-3467ec64b5ad;416.35;8.84;UNKNOWN
2016-03-27T09:06:41.000000;2016-03-27T09:06:41.000000;634bc43a-3e81-4a90-ab24-09899b482e14;416.35;12.4611;UNKNOWN
2016-03-27T09:06:49.000000;2016-03-27T09:06:49.000000;122a872b-07c1-4442-8d41-fbd17aee2802;416.32;0.5;UNKNOWN
2016-03-27T09:06:49.000000;2016-03-27T09:06:49.000000;cadffaf2-2056-4ac4-ae32-56a39a3b5cad;416.32;0.5;UNKNOWN
2016-03-27T09:07:00.000000;2016-03-27T09:07:00.000000;fcd8c66e-7de9-4866-8f88-5d1cf3a751e0;416.33;0.2;UNKNOWN
2016-03-27T09:07:05.000000;2016-03-27T09:07:05.000000;3681e453-8df2-40e0-aa1c-f008103ec589;416.33;0.03370015;UNKNOWN
2016-03-27T09:07:59.000000;2016-03-27T09:07:59.000000;2a12269e-49ee-459a-aa1a-d64845cf62a4;416.35;0.01;UNKNOWN
2016-03-27T09:07:59.000000;2016-03-27T09:07:59.000000;0fafa474-c6ca-498d-ad3c-3eb21c817ac2;416.32;0.01;UNKNOWN
2016-03-27T09:07:59.000000;2016-03-27T09:07:59.000000;18b3f043-296d-4051-b734-d6aacbc28109;416.24;0.19;UNKNOWN
2016-03-27T09:09:24.000000;2016-03-27T09:09:24.000000;6fd5f437-226f-4577-b085-441e8f9e1f24;416.49;0.19;UNKNOWN
2016-03-27T09:09:38.000000;2016-03-27T09:09:38.000000;ee1aab06-c6e1-40b5-a099-81f80ff0d186;416.32;5.9487;UNKNOWN
2016-03-27T09:09:48.000000;2016-03-27T09:09:48.000000;94240c4b-df28-4110-b1b1-34df7adcb0cc;416.3;0.02;UNKNOWN
2016-03-27T09:10:26.000000;2016-03-27T09:10:26.000000;0d582189-1829-4715-b5e4-0f1ad34202c1;416.38;0.02;UNKNOWN
2016-03-27T09:12:15.000000;2016-03-27T09:12:15.000000;8a40a0ce-41be-4337-85e9-19f199b2ffd5;416.34;0.02;UNKNOWN
2016-03-27T09:12:15.000000;2016-03-27T09:12:15.000000;9bf26104-71f5-4efc-b033-81fb52153b47;416.4;0.02;UNKNOWN
2016-03-27T09:12:16.000000;2016-03-27T09:12:16.000000;35e3321e-acdf-47cc-8788-b25805b37aea;416.34;5.9479;UNKNOWN
2016-03-27T09:12:36.000000;2016-03-27T09:12:36.000000;6ba53a42-bb1e-485a-8414-e884853cb7e6;416.34;0.02;UNKNOWN
2016-03-27T09:13:22.000000;2016-03-27T09:13:22.000000;918168f6-88eb-4a50-8fd5-edd48aa40e92;416.32;0.02;UNKNOWN
2016-03-27T09:13:25.000000;2016-03-27T09:13:25.000000;6ecce6ab-ffba-446a-8bc6-3708dda38456;416.32;0.48071125;UNKNOWN
2016-03-27T09:16:03.000000;2016-03-27T09:16:03.000000;fc40bae7-1b35-4379-8d3e-d4293c49ae49;416.75;0.1;UNKNOWN
2016-03-27T09:21:49.000000;2016-03-27T09:21:49.000000;41423e96-f597-4c82-a4b6-f97f2caf8774;416.68;5.9575;UNKNOWN
2016-03-27T09:21:49.000000;2016-03-27T09:21:49.000000;773f0ea5-9133-42f0-b310-483fe3ed5e7b;416.94;7.6836;UNKNOWN
2016-03-27T09:23:10.000000;2016-03-27T09:23:10.000000;1fe84391-d634-42e4-9755-e5dcd79a816a;417.19;0.6;UNKNOWN
2016-03-27T09:23:44.000000;2016-03-27T09:23:44.000000;65b01339-67c2-4fc0-94f7-c99ddfc617d9;417.19;0.943165;UNKNOWN
2016-03-27T09:23:50.000000;2016-03-27T09:23:50.000000;3528ac12-5226-40bc-aab5-f1a3ca924c49;417.19;1.0;UNKNOWN
2016-03-27T09:24:17.000000;2016-03-27T09:24:17.000000;c068f4f5-e296-48f0-8c88-88cb8cc1047a;417.38;0.04;UNKNOWN
2016-03-27T09:24:17.000000;2016-03-27T09:24:17.000000;1ccdb294-b04e-4997-b505-d53628179e38;417.2;0.1;UNKNOWN
2016-03-27T09:24:17.000000;2016-03-27T09:24:17.000000;80050244-9209-44a0-b465-9a9ffa3e541b;417.36;0.08568991;UNKNOWN
2016-03-27T09:24:17.000000;2016-03-27T09:24:17.000000;dd104ab3-82a4-4d39-8302-563a98702ca2;417.4;0.31747509;UNKNOWN
2016-03-27T09:24:17.000000;2016-03-27T09:24:17.000000;4c700c56-ad31-41a2-9e83-b10213533308;417.19;0.456835;UNKNOWN
2016-03-27T09:24:35.000000;2016-03-27T09:24:35.000000;6ac4bc80-b5cf-46bb-afd6-10b10c94899d;417.24;14.5065;UNKNOWN
2016-03-27T09:24:35.000000;2016-03-27T09:24:35.000000;f5b6806e-9111-438c-a5c8-9d45977680d5;417.25;0.298;UNKNOWN
2016-03-27T09:24:48.000000;2016-03-27T09:24:48.000000;fbc5f583-0fb1-41f0-9345-0ffd9cf044b2;417.2;3.0;UNKNOWN
2016-03-27T09:24:48.000000;2016-03-27T09:24:48.000000;65f8fbfe-dff4-43aa-8fbe-47ab00e6338f;417.21;9.6423;UNKNOWN
2016-03-27T09:24:48.000000;2016-03-27T09:24:48.000000;7ccd7526-8759-4837-83f6-29c44d2ce275;417.2;0.5;UNKNOWN
2016-03-27T09:25:19.000000;2016-03-27T09:25:19.000000;6e8adcb9-80af-4ab4-9b74-a09a52361965;417.21;8.1577;UNKNOWN
2016-03-27T09:25:19.000000;2016-03-27T09:25:19.000000;f252163b-e7a0-4c62-bb9f-280f79d567c0;417.24;4.7202;UNKNOWN
2016-03-27T09:25:25.000000;2016-03-27T09:25:25.000000;0a2f9436-c7fa-431b-b66f-2a84d905c868;417.24;12.7311;UNKNOWN
2016-03-27T09:25:41.000000;2016-03-27T09:25:41.000000;15cda57e-3770-4e63-a6ab-d656812d9648;417.24;7.7442;UNKNOWN
2016-03-27T09:25:41.000000;2016-03-27T09:25:41.000000;79bd14b0-da66-4878-972c-ee7ccdaf8a79;417.4;1.58252491;UNKNOWN
2016-03-27T09:25:41.000000;2016-03-27T09:25:41.000000;a39f05f3-7091-49d5-b166-f44cf6cc964e;417.5;2.89437509;UNKNOWN
2016-03-27T09:25:41.000000;2016-03-27T09:25:41.000000;1a7f443b-eeb5-4d61-988f-d44dcf4169af;417.4;0.25;UNKNOWN
2016-03-27T09:25:41.000000;2016-03-27T09:25:41.000000;edb7c99d-9a2a-44ab-a89a-b1d47d99fc32;417.42;0.01;UNKNOWN
2016-03-27T09:25:41.000000;2016-03-27T09:25:41.000000;46946ed4-7c62-4e91-8da5-186cb462e169;417.42;0.01;UNKNOWN
2016-03-27T09:27:00.000000;2016-03-27T09:27:00.000000;c7bc760a-ba25-4f1d-9acb-63640d60ebbd;417.41;0.04202796;UNKNOWN
2016-03-27T09:28:39.000000;2016-03-27T09:28:39.000000;ef59537d-58d7-4581-a893-e5b9be6e7e3e;417.5;12.4026;UNKNOWN
2016-03-27T09:28:46.000000;2016-03-27T09:28:46.000000;45853cbd-ee25-46a8-b381-2feb939062a2;417.5;7.54037509;UNKNOWN
2016-03-27T09:28:46.000000;2016-03-27T09:28:46.000000;589e00d5-ae9f-42ea-b840-8cd29a549e1d;417.5;4.70302491;UNKNOWN
2016-03-27T09:28:53.000000;2016-03-27T09:28:53.000000;0a79d871-55dd-44ed-94e2-77bb27856a7b;417.69;5.9394;UNKNOWN
2016-03-27T09:28:53.000000;2016-03-27T09:28:53.000000;b793ae30-c2ad-40a5-ac6d-8bf4d1a432fc;417.5;0.01;UNKNOWN
2016-03-27T09:28:53.000000;2016-03-27T09:28:53.000000;89f8dac8-0606-47c3-900e-c2db2800086c;417.5;1.1439076;UNKNOWN
2016-03-27T09:28:53.000000;2016-03-27T09:28:53.000000;2f4d8f4a-5612-46eb-84af-3a4e9a59bda5;417.71;6.44706749;UNKNOWN
2016-03-27T09:28:53.000000;2016-03-27T09:28:53.000000;4563a191-3a6d-4129-b8b9-30a7ba6875ab;417.5;11.45962491;UNKNOWN
2016-03-27T09:28:55.000000;2016-03-27T09:28:55.000000;c4183987-71c9-405d-8625-85c6f785bc72;417.8;1.5;UNKNOWN
2016-03-27T09:28:55.000000;2016-03-27T09:28:55.000000;611fb460-0c0a-4cd8-90e1-24609edeeac0;417.86;0.07;UNKNOWN
2016-03-27T09:28:55.000000;2016-03-27T09:28:55.000000;bb2b9e3f-2d7a-4190-9081-83278b531198;417.88;10.434;UNKNOWN
2016-03-27T09:29:01.000000;2016-03-27T09:29:01.000000;b26ee414-503c-407f-be07-ceb6b233ed15;417.75;7.00366;UNKNOWN
2016-03-27T09:29:03.000000;2016-03-27T09:29:03.000000;d25c256c-1827-4783-b666-0511552d1bd9;417.5;0.01;UNKNOWN
2016-03-27T09:29:04.000000;2016-03-27T09:29:04.000000;94c62040-3ade-42c3-9287-26c48908cb36;417.89;0.5;UNKNOWN
2016-03-27T09:29:08.000000;2016-03-27T09:29:08.000000;498f2f28-1dde-470c-8dae-c378f944407d;417.89;0.5;UNKNOWN
2016-03-27T09:29:08.000000;2016-03-27T09:29:08.000000;24e751e2-d520-40cc-adec-0f6d0ed74fbb;417.87;3.1338;UNKNOWN
2016-03-27T09:29:08.000000;2016-03-27T09:29:08.000000;a04645a4-6523-42f9-958e-4f99cb91aed9;417.99;1.3662;UNKNOWN
2016-03-27T09:29:17.000000;2016-03-27T09:29:17.000000;c346b8ff-ecac-47f7-979e-6c99c5958690;417.98;5.9108;UNKNOWN
2016-03-27T09:29:17.000000;2016-03-27T09:29:17.000000;51c2dbae-5adf-48d5-9a75-77ea7a50e0cc;418.0;5.8524;UNKNOWN
2016-03-27T09:29:23.000000;2016-03-27T09:29:23.000000;d38d776f-8d62-4f85-af31-c5f58927ce41;418.0;3.90783;UNKNOWN
2016-03-27T09:29:23.000000;2016-03-27T09:29:23.000000;fda912bb-3ff7-4529-bceb-0972973c4766;418.0;5.29217;UNKNOWN
2016-03-27T09:29:24.000000;2016-03-27T09:29:24.000000;05b40354-4562-4f1a-a7a0-5e254f125498;418.0;11.5237;UNKNOWN
2016-03-27T09:29:31.000000;2016-03-27T09:29:31.000000;1fdbb5b7-4597-48af-bb99-ac8b827e5e68;418.0;1.52324;UNKNOWN
2016-03-27T09:29:43.000000;2016-03-27T09:29:43.000000;d890c801-1786-49ea-95c1-fc661324a990;418.0;0.53599;UNKNOWN
2016-03-27T09:29:43.000000;2016-03-27T09:29:43.000000;df090a1a-4784-4d16-8615-479ae30849c1;418.0;0.66089;UNKNOWN
2016-03-27T09:29:50.000000;2016-03-27T09:29:50.000000;02453b4d-3235-43ab-baf1-46705148bfc3;418.01;0.3;UNKNOWN
2016-03-27T09:29:50.000000;2016-03-27T09:29:50.000000;5ea53720-ff92-4f23-b70f-64fb257764fe;418.0;0.46401;UNKNOWN
2016-03-27T09:29:50.000000;2016-03-27T09:29:50.000000;13788f10-d953-4bf0-92b9-8cf147d6c668;418.2;0.100639;UNKNOWN
2016-03-27T09:29:50.000000;2016-03-27T09:29:50.000000;71d1ee37-3b75-4d7c-9d01-212a00adf28e;418.06;0.135351;UNKNOWN
2016-03-27T09:29:59.000000;2016-03-27T09:29:59.000000;2accfb7b-123a-4889-bf5f-1640734f59c1;418.2;0.899361;UNKNOWN
2016-03-27T09:29:59.000000;2016-03-27T09:29:59.000000;b52f6271-026e-4889-b5e3-a8dc5979069e;418.26;0.470689;UNKNOWN
2016-03-27T09:29:59.000000;2016-03-27T09:29:59.000000;175d1838-ba40-4955-9fa0-94fec386a56a;418.2;9.54835;UNKNOWN
2016-03-27T09:30:08.000000;2016-03-27T09:30:08.000000;f9148995-244b-4852-b1c9-196b0d76440d;418.34;0.0789158;UNKNOWN
2016-03-27T09:30:08.000000;2016-03-27T09:30:08.000000;acc2c2cd-d90c-4ed7-b249-6420b5eea6f5;418.26;0.9210842;UNKNOWN
2016-03-27T09:30:23.000000;2016-03-27T09:30:23.000000;260bb3d9-76c6-4a8c-a552-4c5b66dbde12;418.37;10.7513;UNKNOWN
2016-03-27T09:30:45.000000;2016-03-27T09:30:45.000000;58563ad6-97ab-437f-abc3-621c1723c8d6;418.35;0.011039;UNKNOWN
2016-03-27T09:31:35.000000;2016-03-27T09:31:35.000000;94cb4a21-ca32-40c9-a6c3-12536b42adc2;418.36;2.5;UNKNOWN
2016-03-27T09:31:39.000000;2016-03-27T09:31:39.000000;91434cf1-49a5-4497-b1c2-94c2ae4ea886;418.36;0.5;UNKNOWN
2016-03-27T09:31:42.000000;2016-03-27T09:31:42.000000;77789b70-1eba-425a-adc8-e6e5345cdacc;418.36;5.9274;UNKNOWN
2016-03-27T09:32:04.000000;2016-03-27T09:32:04.000000;e82eb2e1-e1c4-464b-a19d-1173cd8fc153;418.36;0.14371143;UNKNOWN
2016-03-27T09:32:05.000000;2016-03-27T09:32:05.000000;b21646ca-985f-4b9a-a781-09ca29cabf2b;418.37;3.2;UNKNOWN
2016-03-27T09:32:28.000000;2016-03-27T09:32:28.000000;887911b2-6708-43e6-968d-b5e06c423a47;418.36;0.9105265;UNKNOWN
2016-03-27T09:32:33.000000;2016-03-27T09:32:33.000000;8cf99b8f-afc2-442f-a793-7159364e6aee;418.37;1.0;UNKNOWN
2016-03-27T09:32:48.000000;2016-03-27T09:32:48.000000;3ef7d0a8-239f-4037-a784-f385b8d453a4;418.36;11.90366207;UNKNOWN
2016-03-27T09:32:48.000000;2016-03-27T09:32:48.000000;5296e313-1482-42e9-b46f-e699a63a4d67;418.36;1.0;UNKNOWN
2016-03-27T09:32:48.000000;2016-03-27T09:32:48.000000;5ce23082-30bd-48b9-a0f3-6ae26b7682c2;418.36;28.09633793;UNKNOWN
2016-03-27T09:33:10.000000;2016-03-27T09:33:10.000000;255cdd65-f670-4d54-a4c2-427fe6fb3ff0;418.36;1.0;UNKNOWN
2016-03-27T09:33:15.000000;2016-03-27T09:33:15.000000;87af242f-5bad-4b86-b02d-0d74626251d1;418.36;0.21608856;UNKNOWN
2016-03-27T09:33:19.000000;2016-03-27T09:33:19.000000;d4b7176b-63cd-4b67-b1c3-3b754c0833ff;418.35;0.011036;UNKNOWN
2016-03-27T09:33:41.000000;2016-03-27T09:33:41.000000;a9094812-b7fe-40ff-b1b8-822f75064b5a;418.25;1.0363;UNKNOWN
2016-03-27T09:34:04.000000;2016-03-27T09:34:04.000000;72000f40-1a33-4f40-91aa-e24adc581542;418.25;0.01756993;UNKNOWN
2016-03-27T09:34:50.000000;2016-03-27T09:34:50.000000;f6f80d49-19e4-4cf5-b88b-616211d84293;418.19;2.0;UNKNOWN
2016-03-27T09:35:02.000000;2016-03-27T09:35:02.000000;12dccc7e-25c1-4a4f-be02-566c6572841f;418.19;10.0;UNKNOWN
2016-03-27T09:35:05.000000;2016-03-27T09:35:05.000000;6b9f0627-0949-4834-9982-84ce60a6c804;418.2;1.01;UNKNOWN
2016-03-27T09:35:05.000000;2016-03-27T09:35:05.000000;5c12d466-203f-4da9-b456-18a1d18cdc6b;418.2;0.2;UNKNOWN
2016-03-27T09:35:20.000000;2016-03-27T09:35:20.000000;15b0b541-2d05-48f2-b5a2-cd916f29f39f;418.19;2.0;UNKNOWN
2016-03-27T09:35:34.000000;2016-03-27T09:35:34.000000;3410cca6-4922-455f-b4f4-31f64bc31ab4;418.19;2.0;UNKNOWN
2016-03-27T09:36:42.000000;2016-03-27T09:36:42.000000;ff5bf310-cc23-4342-aac5-c91d35bbdc64;418.19;2.0;UNKNOWN
2016-03-27T09:37:39.000000;2016-03-27T09:37:39.000000;e060ed5d-956f-469d-b438-ee11a0c1914d;418.19;1.5;UNKNOWN
2016-03-27T09:37:51.000000;2016-03-27T09:37:51.000000;174ef933-1668-4e71-87e2-b505e4365607;418.19;2.14136;UNKNOWN
2016-03-27T09:38:34.000000;2016-03-27T09:38:34.000000;6322b839-96c5-40e6-a8e8-1d0d70a44b5a;418.2;31.0;UNKNOWN
2016-03-27T09:39:04.000000;2016-03-27T09:39:04.000000;c60c1460-17c3-4b38-b725-df11322e20e3;418.19;5.05814;UNKNOWN
2016-03-27T09:39:04.000000;2016-03-27T09:39:04.000000;1714bf45-e48c-41fe-9f56-f6fe0fcd1ecc;418.19;4.94186;UNKNOWN
2016-03-27T09:39:05.000000;2016-03-27T09:39:05.000000;dd64da80-b3a4-47df-ab5f-3f64ed5eca46;418.19;5.42227076;UNKNOWN
2016-03-27T09:39:34.000000;2016-03-27T09:39:34.000000;6d742f55-808c-46e7-a758-729316db3fbe;418.19;5.0;UNKNOWN
2016-03-27T09:39:40.000000;2016-03-27T09:39:40.000000;ac152805-29e4-4591-b040-a1f32f42241f;418.19;5.0;UNKNOWN
2016-03-27T09:40:17.000000;2016-03-27T09:40:17.000000;091f128c-8b3d-452c-8a97-850feca6d339;418.19;0.1;UNKNOWN
2016-03-27T09:40:25.000000;2016-03-27T09:40:25.000000;e6177b14-9a1b-4028-aca7-501f72a97a4d;418.19;0.4;UNKNOWN
2016-03-27T09:40:55.000000;2016-03-27T09:40:55.000000;bfc4b736-4c5d-433b-ab17-96963eab83ad;418.19;0.011039;UNKNOWN
2016-03-27T09:41:10.000000;2016-03-27T09:41:10.000000;b73cdc95-4351-46a1-bd0c-ecd9315358e4;418.19;0.011046;UNKNOWN
2016-03-27T09:41:10.000000;2016-03-27T09:41:10.000000;0ef9e1fd-5278-4193-a5f3-16ed3263c826;418.19;1.0;UNKNOWN
2016-03-27T09:41:48.000000;2016-03-27T09:41:48.000000;bcbc28f2-69ae-45c3-95dc-26faa90f13a1;418.19;1.0;UNKNOWN
2016-03-27T09:41:54.000000;2016-03-27T09:41:54.000000;e62654d9-de5a-4b5a-a834-7371bbe2af78;418.19;4.81298116;UNKNOWN
2016-03-27T09:41:54.000000;2016-03-27T09:41:54.000000;b4f77cf6-535d-47e1-b915-1138b9b29025;418.19;1.18701884;UNKNOWN
2016-03-27T09:42:04.000000;2016-03-27T09:42:04.000000;1c02d371-5061-43d1-913d-becea369a51f;418.01;5.9134;UNKNOWN
2016-03-27T09:42:04.000000;2016-03-27T09:42:04.000000;26904a9d-7b2b-4a64-be9f-21fc3f279ffb;418.18;0.06;UNKNOWN
2016-03-27T09:42:04.000000;2016-03-27T09:42:04.000000;3dc442ea-6799-4370-8fd4-fc0b4c349677;417.69;4.0266;UNKNOWN
2016-03-27T09:42:22.000000;2016-03-27T09:42:22.000000;e45967de-14e7-4516-98c6-b3f8ce8be656;417.71;0.01477899;UNKNOWN
2016-03-27T09:42:51.000000;2016-03-27T09:42:51.000000;8d20a93e-8cd2-4077-a33d-8eb418af1019;417.67;0.761;UNKNOWN
2016-03-27T09:42:51.000000;2016-03-27T09:42:51.000000;0bc47ac9-4cf1-4e58-bfa6-0edf8de2c075;417.67;0.239;UNKNOWN
2016-03-27T09:42:51.000000;2016-03-27T09:42:51.000000;08cc9ccb-244b-496e-86b6-3870ab1ad387;417.67;2.0;UNKNOWN
2016-03-27T09:43:05.000000;2016-03-27T09:43:05.000000;f480b19a-d4c9-4577-b653-3a8693cc1883;417.66;2.814;UNKNOWN
2016-03-27T09:43:20.000000;2016-03-27T09:43:20.000000;0a504a08-4ed3-4a4a-a045-60850ba01eeb;417.89;1.98523689;UNKNOWN
2016-03-27T09:43:20.000000;2016-03-27T09:43:20.000000;067c9a80-1b45-4d19-b223-ee3afc0a061f;417.71;0.01476311;UNKNOWN
2016-03-27T09:45:16.000000;2016-03-27T09:45:16.000000;586076e3-315c-45f4-b6c0-025723c527c6;417.81;0.298;UNKNOWN
2016-03-27T09:45:16.000000;2016-03-27T09:45:16.000000;16092d87-4cc2-4d2c-8401-4a0a8a5fa8f0;417.81;0.09152434;UNKNOWN
2016-03-27T09:45:31.000000;2016-03-27T09:45:31.000000;7d016766-038e-4c3c-86d3-f85674b9e12b;417.95;10.1391;UNKNOWN
2016-03-27T09:45:36.000000;2016-03-27T09:45:36.000000;7dc7ff56-54f3-4d1a-b5fb-a61084e1216e;417.95;10.0722;UNKNOWN
2016-03-27T09:45:41.000000;2016-03-27T09:45:41.000000;c243a3fc-9bd7-431d-922c-cf619be5ab3b;417.95;10.0724;UNKNOWN
2016-03-27T09:45:58.000000;2016-03-27T09:45:58.000000;6cccb3aa-13de-403d-9aaf-e2d8e81b2c2c;417.95;10.0726;UNKNOWN
2016-03-27T09:46:03.000000;2016-03-27T09:46:03.000000;2c5bd5d9-6ade-49c7-abc5-6c8030855bb7;417.95;10.0718;UNKNOWN
2016-03-27T09:46:10.000000;2016-03-27T09:46:10.000000;e79a23ed-ce15-4f51-8e93-e794eb88ff81;417.96;9.83217;UNKNOWN
2016-03-27T09:46:16.000000;2016-03-27T09:46:16.000000;b5de6028-fb9e-462a-b861-328110276bfe;417.96;4.46783;UNKNOWN
2016-03-27T09:46:16.000000;2016-03-27T09:46:16.000000;10a8c014-fe8b-42c0-8920-3a057bad4ae0;418.06;5.12489;UNKNOWN
2016-03-27T09:47:34.000000;2016-03-27T09:47:34.000000;1d5d5b37-6f56-4434-862f-a635d7798f5b;418.07;0.011054;UNKNOWN
2016-03-27T09:47:35.000000;2016-03-27T09:47:35.000000;d829a5bb-b0ff-48d1-b696-9fcdb9ec9ea5;417.83;0.011054;UNKNOWN
2016-03-27T09:48:12.000000;2016-03-27T09:48:12.000000;d9c9e406-4d18-4d0d-b439-ea4fa581e80e;418.04;1.0;UNKNOWN
2016-03-27T09:48:16.000000;2016-03-27T09:48:16.000000;4922ca1a-8f25-46f9-a42f-9e986afcd301;418.04;1.0;UNKNOWN
2016-03-27T09:48:19.000000;2016-03-27T09:48:19.000000;db9bfb3d-2b29-471a-9ca6-48578273aea0;418.04;1.0;UNKNOWN
2016-03-27T09:48:23.000000;2016-03-27T09:48:23.000000;a6935120-f927-4949-9631-a7ee85dbcd47;418.04;1.0;UNKNOWN
2016-03-27T09:48:26.000000;2016-03-27T09:48:26.000000;1e6f43cd-cf08-43b1-be74-5b375e20c643;418.04;1.0;UNKNOWN
2016-03-27T09:48:48.000000;2016-03-27T09:48:48.000000;10b0168f-394b-4831-b802-0cf6eecc7e9b;418.04;1.0;UNKNOWN
2016-03-27T09:48:56.000000;2016-03-27T09:48:56.000000;cc82e900-5aa9-4520-a44e-30eef71e41e8;418.04;1.0;UNKNOWN
2016-03-27T09:49:01.000000;2016-03-27T09:49:01.000000;bbe05cbd-24d9-47d5-8978-f1f51c0fc547;418.04;1.0;UNKNOWN
2016-03-27T09:49:05.000000;2016-03-27T09:49:05.000000;9e3db8d9-67d1-4b6b-9c45-a98a5596be4c;418.04;1.0;UNKNOWN
2016-03-27T09:49:08.000000;2016-03-27T09:49:08.000000;7b8a7f69-b992-482f-8021-8c97e74dab77;418.04;1.0;UNKNOWN
2016-03-27T09:49:11.000000;2016-03-27T09:49:11.000000;fd3d96d6-85d5-48c6-a230-4927ac64e7ea;418.04;1.0;UNKNOWN
2016-03-27T09:49:15.000000;2016-03-27T09:49:15.000000;7e6bd69e-773f-49d3-8208-7894189be933;418.04;1.0;UNKNOWN
2016-03-27T09:49:19.000000;2016-03-27T09:49:19.000000;f1aa48bc-443f-4be0-8f7f-f42259326a01;418.09;0.2773;UNKNOWN
2016-03-27T09:49:19.000000;2016-03-27T09:49:19.000000;19bfe3b6-0e43-400a-976f-0b269b5dcb41;418.04;0.7227;UNKNOWN
2016-03-27T09:49:23.000000;2016-03-27T09:49:23.000000;d51eceab-b8cb-4562-827c-91058407c688;418.04;1.0;UNKNOWN
2016-03-27T09:49:27.000000;2016-03-27T09:49:27.000000;6b9e7f59-0489-4cbd-990a-93a027ef82ec;418.04;1.0;UNKNOWN
2016-03-27T09:49:32.000000;2016-03-27T09:49:32.000000;e91f7d68-afb5-44da-a9e2-3c422ac4298e;418.04;1.0;UNKNOWN
2016-03-27T09:49:35.000000;2016-03-27T09:49:35.000000;a5fe1ce1-7af6-447e-90bd-af630cac33ac;418.09;0.06821;UNKNOWN
2016-03-27T09:49:35.000000;2016-03-27T09:49:35.000000;d8f91e45-324b-4342-8635-111fc92c42c9;418.04;9.0037;UNKNOWN
2016-03-27T09:49:39.000000;2016-03-27T09:49:39.000000;85520390-a699-48f2-aa13-70f333c100fd;418.09;8.87402;UNKNOWN
2016-03-27T09:49:47.000000;2016-03-27T09:49:47.000000;c323a4e1-c156-42a0-85aa-dfeabd041f21;418.09;1.0;UNKNOWN
2016-03-27T09:50:10.000000;2016-03-27T09:50:10.000000;3c9472a2-aa1a-465f-8d56-d77d69627d59;418.06;9.03288;UNKNOWN
2016-03-27T09:50:14.000000;2016-03-27T09:50:14.000000;58b7782f-421a-4ae5-b904-dfe883cfa760;418.06;4.74312;UNKNOWN
2016-03-27T09:50:14.000000;2016-03-27T09:50:14.000000;7f082952-5004-4fa7-a940-da65fbcd87ae;418.06;4.12988;UNKNOWN
2016-03-27T09:50:18.000000;2016-03-27T09:50:18.000000;e6c4eaf4-ed36-4a71-9d17-a22f214a8a49;418.07;8.6343;UNKNOWN
2016-03-27T09:50:24.000000;2016-03-27T09:50:24.000000;a3ff41c8-7782-44b5-b800-51261640805c;418.07;1.0;UNKNOWN
2016-03-27T09:51:00.000000;2016-03-27T09:51:00.000000;0ab1d0e4-6bed-4b43-829a-90e5072dbef3;418.07;1.0;UNKNOWN
2016-03-27T09:51:05.000000;2016-03-27T09:51:05.000000;3f6fa7bb-1005-43ae-87e9-cf0c64c446f0;418.07;1.0;UNKNOWN
2016-03-27T09:51:10.000000;2016-03-27T09:51:10.000000;7be7b36a-371c-4b9e-9fdf-6ba5f2484a68;418.04;1.0;UNKNOWN
2016-03-27T09:51:14.000000;2016-03-27T09:51:14.000000;dc4cd144-ed7b-4e46-9d48-06bcc7cae1ae;418.1;1.0;UNKNOWN
2016-03-27T09:51:19.000000;2016-03-27T09:51:19.000000;e77be0ac-1f04-46e6-9b15-ff50986284d8;418.1;8.66211;UNKNOWN
2016-03-27T09:51:42.000000;2016-03-27T09:51:42.000000;749aafb1-24e9-45f7-86fe-2292c6b57eca;418.1;0.91199;UNKNOWN
2016-03-27T09:51:42.000000;2016-03-27T09:51:42.000000;39fc0d78-6cd5-4d87-a9a1-0ae5da2b79fd;418.1;0.08801;UNKNOWN
2016-03-27T09:51:46.000000;2016-03-27T09:51:46.000000;455ea0ad-1493-4def-b18e-2b741811e140;418.1;1.0;UNKNOWN
2016-03-27T09:52:00.000000;2016-03-27T09:52:00.000000;29cc6527-4b0c-415e-9dad-2f2df6012898;418.1;1.0;UNKNOWN
2016-03-27T09:52:20.000000;2016-03-27T09:52:20.000000;0a982ab3-3e2e-4716-8ba7-db0bd439438b;418.09;0.04737508;UNKNOWN
2016-03-27T09:52:57.000000;2016-03-27T09:52:57.000000;6aacda31-d240-43ca-bf0a-96d74335e3fc;418.07;0.037756;UNKNOWN
2016-03-27T09:54:15.000000;2016-03-27T09:54:15.000000;4d9b9a1a-0b74-4489-9ce2-2a81d41cd38a;418.03;8.51018;UNKNOWN
2016-03-27T09:54:30.000000;2016-03-27T09:54:30.000000;68880d74-b192-4aee-9074-4e4cb72c65f6;418.01;0.0446;UNKNOWN
2016-03-27T09:57:56.000000;2016-03-27T09:57:56.000000;de289526-7ae8-4698-86e4-efc84f77d1cb;417.98;0.012735;UNKNOWN
2016-03-27T09:59:07.000000;2016-03-27T09:59:07.000000;fcc8e056-d3aa-4c33-bc2e-825c12397884;417.98;0.19;UNKNOWN
2016-03-27T09:59:43.000000;2016-03-27T09:59:43.000000;81549d43-d92f-4adf-a043-3a9e39715f57;417.7;0.010798;UNKNOWN
2016-03-27T10:00:15.000000;2016-03-27T10:00:15.000000;ea8569d1-f7a2-490b-b109-0b88fe5b4475;417.54;0.015087;UNKNOWN
2016-03-27T10:04:26.000000;2016-03-27T10:04:26.000000;617ade31-5c2c-4b80-9506-d1609f2bafcd;417.57;0.01;UNKNOWN
2016-03-27T10:07:04.000000;2016-03-27T10:07:04.000000;e9eff499-4a56-4982-941b-b67ccb5a356c;417.75;0.028;UNKNOWN
2016-03-27T10:07:04.000000;2016-03-27T10:07:04.000000;a7557dbb-f5ee-41d1-8714-a735fc692930;417.75;1.772;UNKNOWN
2016-03-27T10:09:55.000000;2016-03-27T10:09:55.000000;c2f1f8b2-47cb-4367-8e9a-5c1d14b9ff45;417.59;0.015491;UNKNOWN
2016-03-27T10:10:04.000000;2016-03-27T10:10:04.000000;50abe75e-f24e-44b5-873c-6b50395d1a95;417.57;0.067;UNKNOWN
2016-03-27T10:10:17.000000;2016-03-27T10:10:17.000000;7aa4959b-3def-4a13-8a59-244126c0dc42;417.57;0.02735345;UNKNOWN
2016-03-27T10:10:41.000000;2016-03-27T10:10:41.000000;6c5ce973-3d21-4acf-a58f-3744a32174e5;417.62;4.35616;UNKNOWN
2016-03-27T10:10:48.000000;2016-03-27T10:10:48.000000;c4a77920-0310-4561-add2-0e3fd74beda9;417.62;1.0;UNKNOWN
2016-03-27T10:11:40.000000;2016-03-27T10:11:40.000000;1cfcfae9-495a-49de-9970-c25a5d005100;417.67;0.01277;UNKNOWN
2016-03-27T10:13:42.000000;2016-03-27T10:13:42.000000;cd4e7d82-66ac-47ae-9f0f-504586622200;417.6;0.011044;UNKNOWN
2016-03-27T10:13:43.000000;2016-03-27T10:13:43.000000;dae2e3f7-486f-4edc-8f60-3d555bc6f627;417.6;0.011044;UNKNOWN
2016-03-27T10:17:14.000000;2016-03-27T10:17:14.000000;815e7500-3f09-4727-831d-8f9c739cc532;417.57;0.095714;UNKNOWN
2016-03-27T10:19:21.000000;2016-03-27T10:19:21.000000;a5f3186a-04e5-4c41-8920-18ff2c53f478;417.41;0.76393957;UNKNOWN
2016-03-27T10:19:59.000000;2016-03-27T10:19:59.000000;9ac98f60-fc82-48f9-891b-799cc55a1f84;417.58;1.0;UNKNOWN
2016-03-27T10:20:05.000000;2016-03-27T10:20:05.000000;80b63aa2-de88-40f2-a025-9ffcbca4072d;417.58;0.28;UNKNOWN
2016-03-27T10:21:05.000000;2016-03-27T10:21:05.000000;0ce0033d-cf8f-40fe-8788-a80e4188a837;417.47;0.03;UNKNOWN
2016-03-27T10:27:05.000000;2016-03-27T10:27:05.000000;5823e664-928d-4208-b671-c285fe415bc4;417.56;0.03591683;UNKNOWN
2016-03-27T10:31:45.000000;2016-03-27T10:31:45.000000;0aa7ac1e-6adb-45cd-9054-5fa238a46f3a;417.56;2.0;UNKNOWN
2016-03-27T10:43:39.000000;2016-03-27T10:43:39.000000;5914c264-c0db-45be-9845-d617c58c2670;417.54;0.023888;UNKNOWN
2016-03-27T10:45:13.000000;2016-03-27T10:45:13.000000;fbc5d985-4175-4464-8067-f4769a60ba2f;417.6;0.038069;UNKNOWN
2016-03-27T10:45:17.000000;2016-03-27T10:45:17.000000;c77432be-436f-4a3f-a994-0303b39e008d;417.6;0.044965;UNKNOWN
2016-03-27T10:49:05.000000;2016-03-27T10:49:05.000000;83530e7e-e02f-4283-8dee-6535b1660cc0;417.74;0.02326405;UNKNOWN
2016-03-27T10:50:39.000000;2016-03-27T10:50:39.000000;fc24beff-a874-402e-8539-421127e52348;417.74;5.9517;UNKNOWN
2016-03-27T10:51:16.000000;2016-03-27T10:51:16.000000;e08aaf79-4287-47be-9ad4-7461b173d433;417.62;0.47446565;UNKNOWN
2016-03-27T10:52:04.000000;2016-03-27T10:52:04.000000;5101bc65-b344-473d-ab81-4d62097e0766;417.76;2.0;UNKNOWN
2016-03-27T10:52:48.000000;2016-03-27T10:52:48.000000;66aa3246-31f9-4876-9551-b7e92f19d14f;417.76;0.53168226;UNKNOWN
2016-03-27T10:53:05.000000;2016-03-27T10:53:05.000000;53d4bdaa-ec0c-496b-b164-c994183002de;417.9;0.65000819;UNKNOWN
2016-03-27T10:53:59.000000;2016-03-27T10:53:59.000000;8da35215-5e21-4b1c-aa54-62a411c01437;417.9;12.42909181;UNKNOWN
2016-03-27T10:53:59.000000;2016-03-27T10:53:59.000000;5f1ee330-664b-4c00-9a3c-aa7f409b4979;418.33;0.34180819;UNKNOWN
2016-03-27T10:53:59.000000;2016-03-27T10:53:59.000000;26ed0bec-99e0-488b-8b8a-f69d7302b3eb;418.31;9.5;UNKNOWN
2016-03-27T10:53:59.000000;2016-03-27T10:53:59.000000;be6d8bba-a772-42af-9d7c-d65e09b292aa;418.32;4.17819181;UNKNOWN
2016-03-27T10:53:59.000000;2016-03-27T10:53:59.000000;d2be9b82-00be-425b-b5df-e746c330ace6;418.32;9.04890819;UNKNOWN
2016-03-27T10:53:59.000000;2016-03-27T10:53:59.000000;13f4804e-519f-47ed-ae35-c8d29a9334aa;417.89;5.9832;UNKNOWN
2016-03-27T10:53:59.000000;2016-03-27T10:53:59.000000;5d1743bf-c212-42ba-923d-22f9db1bb38a;417.79;10.5015;UNKNOWN
2016-03-27T10:53:59.000000;2016-03-27T10:53:59.000000;9ed40962-4473-4570-a42c-348661936ef8;418.17;12.734;UNKNOWN
2016-03-27T10:53:59.000000;2016-03-27T10:53:59.000000;f9af4da1-32f4-40f6-a025-b1b416a65b84;418.04;4.52;UNKNOWN
2016-03-27T10:53:59.000000;2016-03-27T10:53:59.000000;80f06ed5-96c2-4f9c-8c03-2f84ce17d587;418.23;0.5;UNKNOWN
2016-03-27T10:53:59.000000;2016-03-27T10:53:59.000000;95176b30-257c-4996-bcd0-22e14f25b29f;417.89;22.4273;UNKNOWN
2016-03-27T10:53:59.000000;2016-03-27T10:53:59.000000;53936bb6-f91b-42f6-bd87-184e2797e69a;418.05;12.456;UNKNOWN
2016-03-27T10:54:22.000000;2016-03-27T10:54:22.000000;e5bace0d-76b7-429c-bb5a-393c209d1536;417.82;0.65379088;UNKNOWN
2016-03-27T10:54:23.000000;2016-03-27T10:54:23.000000;611dba62-8265-4996-af28-390745b70e21;418.09;1.0;UNKNOWN
2016-03-27T10:55:16.000000;2016-03-27T10:55:16.000000;fd07852a-1ac5-4560-8b24-351755bb999f;417.94;0.19912447;UNKNOWN
2016-03-27T10:57:04.000000;2016-03-27T10:57:04.000000;fe03c4ec-8753-4d43-be7a-d64b50152dfe;418.08;0.809;UNKNOWN
2016-03-27T10:57:04.000000;2016-03-27T10:57:04.000000;5ed0616c-a77d-483a-8726-56e75a6916d7;418.09;1.191;UNKNOWN
2016-03-27T10:58:52.000000;2016-03-27T10:58:52.000000;90e57786-4020-458f-b4e1-6cc7acda36ac;418.0;0.02091123;UNKNOWN
2016-03-27T10:59:39.000000;2016-03-27T10:59:39.000000;9d450b54-0741-4c79-9d83-6b2a8f80dde8;418.0;0.91993347;UNKNOWN
2016-03-27T11:03:04.000000;2016-03-27T11:03:04.000000;2f8d59be-bacb-4ee3-a7bf-ff2513274456;418.0;0.127;UNKNOWN
2016-03-27T11:05:06.000000;2016-03-27T11:05:06.000000;debc6a2d-f2ff-4bc1-a131-a2d36dd5afd5;417.87;0.1;UNKNOWN
2016-03-27T11:06:14.000000;2016-03-27T11:06:14.000000;099a01be-2f46-4d4b-bed7-374d19f721cf;417.89;1.198;UNKNOWN
2016-03-27T11:06:14.000000;2016-03-27T11:06:14.000000;fcc89e70-865c-49b6-9b8f-eb9f2ad7d9a7;417.75;13.3199;UNKNOWN
2016-03-27T11:06:57.000000;2016-03-27T11:06:57.000000;dccb8958-c28b-4339-aebe-070212236427;417.83;1.88814;UNKNOWN
2016-03-27T11:07:00.000000;2016-03-27T11:07:00.000000;22100368-5f39-4f63-a5f4-f2be89aed317;417.8;0.47942775;UNKNOWN
2016-03-27T11:07:02.000000;2016-03-27T11:07:02.000000;5b35accd-30d2-4696-bf7d-241e0771fa2d;417.83;4.17865;UNKNOWN
2016-03-27T11:07:22.000000;2016-03-27T11:07:22.000000;8674222c-f2e3-4315-867c-2034635c8e76;417.83;3.47753;UNKNOWN
2016-03-27T11:07:22.000000;2016-03-27T11:07:22.000000;1bde1c59-a5e3-43c1-b76b-6c4225de3f23;417.89;6.52247;UNKNOWN
2016-03-27T11:07:28.000000;2016-03-27T11:07:28.000000;1cf233ec-2ed7-48fb-8c87-3e527376996c;418.0;2.5;UNKNOWN
2016-03-27T11:07:49.000000;2016-03-27T11:07:49.000000;40b86081-2cbe-4e95-a18c-1bad88570312;417.88;0.1;UNKNOWN
2016-03-27T11:08:32.000000;2016-03-27T11:08:32.000000;a0c65828-1956-4808-9885-2b98b60d5601;417.92;0.04;UNKNOWN
2016-03-27T11:08:32.000000;2016-03-27T11:08:32.000000;c537f652-4575-49bf-9e8b-4f09ddc25fbb;417.93;0.06;UNKNOWN
2016-03-27T11:08:45.000000;2016-03-27T11:08:45.000000;2a2c5864-a37e-47d5-91b6-94326b803abc;417.92;0.1;UNKNOWN
2016-03-27T11:09:20.000000;2016-03-27T11:09:20.000000;aa3c6c2f-8475-49a9-a2f0-b54bff2b9792;417.9;2.79731094;UNKNOWN
2016-03-27T11:10:32.000000;2016-03-27T11:10:32.000000;174964a3-f6fa-49ee-8cb0-1b81d4b62090;417.81;0.8;UNKNOWN
2016-03-27T11:12:39.000000;2016-03-27T11:12:39.000000;d28dfaeb-bf3d-4e37-b15e-1ed3352fb83e;417.32;0.05;UNKNOWN
2016-03-27T11:14:04.000000;2016-03-27T11:14:04.000000;8acdceda-78b7-4328-a704-fdb7df0a33e8;417.31;3.0;UNKNOWN
2016-03-27T11:14:04.000000;2016-03-27T11:14:04.000000;9da6c8a1-f2ca-462d-8f01-269f6ffc2a28;417.3;5.0;UNKNOWN
2016-03-27T11:14:04.000000;2016-03-27T11:14:04.000000;d9a08bae-3bf7-413d-baba-c489f2307f13;417.12;1.451856;UNKNOWN
2016-03-27T11:14:04.000000;2016-03-27T11:14:04.000000;bdbcd4ef-2514-4d11-bf60-4018792e0994;417.32;0.5;UNKNOWN
2016-03-27T11:14:04.000000;2016-03-27T11:14:04.000000;6a8b5ec4-fb2d-4a86-abde-6d92b4613b68;417.3;0.048144;UNKNOWN
2016-03-27T11:14:05.000000;2016-03-27T11:14:05.000000;c737a764-eae2-464f-b231-b82b0a6f4bdc;417.03;2.521856;UNKNOWN
2016-03-27T11:14:05.000000;2016-03-27T11:14:05.000000;354ff66e-a28f-402e-955f-6d3a5bc44fba;417.12;4.548144;UNKNOWN
2016-03-27T11:16:22.000000;2016-03-27T11:16:22.000000;21978637-a63f-4fc8-9df1-0ca11f13163e;416.91;0.238;UNKNOWN
2016-03-27T11:16:22.000000;2016-03-27T11:16:22.000000;e31b05e6-a6c7-46f9-bbfc-9db195fa240c;416.91;0.238;UNKNOWN
2016-03-27T11:16:22.000000;2016-03-27T11:16:22.000000;2922c06f-69b0-4596-8d36-448d5cf4919b;416.91;0.238;UNKNOWN
2016-03-27T11:16:22.000000;2016-03-27T11:16:22.000000;84f2be8b-7b7e-407d-b2ca-87e7f2d25b71;416.91;0.238;UNKNOWN
2016-03-27T11:16:22.000000;2016-03-27T11:16:22.000000;5996d20e-5c92-4dbb-86b4-5d9a573e5041;416.91;0.108;UNKNOWN
2016-03-27T11:16:22.000000;2016-03-27T11:16:22.000000;0a6c5417-be0b-4f09-a70c-fd87e9aab474;416.91;0.4;UNKNOWN
2016-03-27T11:16:41.000000;2016-03-27T11:16:41.000000;bc2be6c3-4e60-4857-8371-160bbd827e22;416.99;1.31;UNKNOWN
2016-03-27T11:16:51.000000;2016-03-27T11:16:51.000000;10d38bd5-7720-40a2-ac78-3ed56cf26ce4;416.99;1.18;UNKNOWN
2016-03-27T11:17:02.000000;2016-03-27T11:17:02.000000;efcb3ce2-8f24-4839-a127-e9c786574b7a;416.99;1.06;UNKNOWN
2016-03-27T11:17:04.000000;2016-03-27T11:17:04.000000;13ba45d7-4c16-455d-a3f1-ac153c1e6be1;416.99;0.238;UNKNOWN
2016-03-27T11:17:04.000000;2016-03-27T11:17:04.000000;135c8d02-a09a-4d86-9d2c-b35f9fc5ff12;416.99;0.238;UNKNOWN
2016-03-27T11:17:04.000000;2016-03-27T11:17:04.000000;648e16e7-9d4f-41ce-956a-9c11850153d8;416.99;0.238;UNKNOWN
2016-03-27T11:17:04.000000;2016-03-27T11:17:04.000000;fce58849-a2a7-48c0-8534-f551092a45ba;416.99;0.238;UNKNOWN
2016-03-27T11:17:04.000000;2016-03-27T11:17:04.000000;a6b256ee-df48-47bb-97a2-efad56cc7c12;416.99;0.238;UNKNOWN
2016-03-27T11:17:04.000000;2016-03-27T11:17:04.000000;bb99f111-eb5e-4d89-a309-56ff72126cf2;416.99;6.7864;UNKNOWN
2016-03-27T11:17:04.000000;2016-03-27T11:17:04.000000;5e4d30cb-50c3-4880-8886-5b04ab0f2e7a;416.99;0.238;UNKNOWN
2016-03-27T11:17:04.000000;2016-03-27T11:17:04.000000;f813512d-86d1-4f76-8dca-8614b1afc614;416.99;0.238;UNKNOWN
2016-03-27T11:17:04.000000;2016-03-27T11:17:04.000000;298c8b6f-c1db-416d-b22d-fa217a389abb;416.99;0.238;UNKNOWN
2016-03-27T11:17:04.000000;2016-03-27T11:17:04.000000;cf8aea4b-1fb9-4c8b-b340-ef36cafdabe1;416.99;0.238;UNKNOWN
2016-03-27T11:17:04.000000;2016-03-27T11:17:04.000000;4ef57b60-e523-4372-9322-e97b495dca96;416.99;0.238;UNKNOWN
2016-03-27T11:17:04.000000;2016-03-27T11:17:04.000000;8f2cdde9-1ede-49b7-a175-b9a67f14657f;416.99;0.238;UNKNOWN
2016-03-27T11:17:04.000000;2016-03-27T11:17:04.000000;32d100bb-a11e-430d-86de-7bb88880e7b3;416.99;0.238;UNKNOWN
2016-03-27T11:17:04.000000;2016-03-27T11:17:04.000000;fd87a29e-33b8-4235-bb51-d16ea998ad30;416.99;0.1196;UNKNOWN
2016-03-27T11:17:04.000000;2016-03-27T11:17:04.000000;82182f02-a588-437c-b0ee-cd3561c002ba;416.99;0.238;UNKNOWN
2016-03-27T11:17:05.000000;2016-03-27T11:17:05.000000;414700de-d3b4-42af-866e-ea3470fba71d;416.86;0.5397;UNKNOWN
2016-03-27T11:17:05.000000;2016-03-27T11:17:05.000000;dd859ca6-fec2-416f-b32c-24742792dcf6;416.99;0.8969;UNKNOWN
2016-03-27T11:17:05.000000;2016-03-27T11:17:05.000000;b9b6ca0f-f957-48d8-9094-5d277f00199d;416.99;0.1184;UNKNOWN
2016-03-27T11:17:12.000000;2016-03-27T11:17:12.000000;fdd5469c-b465-4e0d-bab2-5cd4bc66f977;416.95;0.95;UNKNOWN
2016-03-27T11:17:22.000000;2016-03-27T11:17:22.000000;d7289c5d-09a4-47c8-96af-a82e23676ce0;416.95;0.86;UNKNOWN
2016-03-27T11:17:32.000000;2016-03-27T11:17:32.000000;da061f48-7a39-4027-85b8-3d45871331b9;416.95;0.77;UNKNOWN
2016-03-27T11:17:43.000000;2016-03-27T11:17:43.000000;46a51b50-1c6f-4c16-bca8-4fd4a787c663;416.95;0.69;UNKNOWN
2016-03-27T11:17:53.000000;2016-03-27T11:17:53.000000;fa03d425-4b17-46e4-93ec-1a95dfbc7212;416.95;0.62;UNKNOWN
2016-03-27T11:18:03.000000;2016-03-27T11:18:03.000000;ef4e193a-5f0a-4ea9-944f-c4fe00a270fa;416.95;0.56;UNKNOWN
2016-03-27T11:18:14.000000;2016-03-27T11:18:14.000000;443515d8-89f5-478c-9e2c-f20170d37268;416.9;0.5;UNKNOWN
2016-03-27T11:18:24.000000;2016-03-27T11:18:24.000000;f6ec9a7c-253b-42e2-9c4c-e75826e2903b;416.98;0.45;UNKNOWN
2016-03-27T11:18:34.000000;2016-03-27T11:18:34.000000;629f8124-2410-4888-bbc4-e54b54c939eb;416.98;0.41;UNKNOWN
2016-03-27T11:18:44.000000;2016-03-27T11:18:44.000000;82261c68-ffec-4d94-9291-4d565d5e4741;416.98;0.36;UNKNOWN
2016-03-27T11:18:55.000000;2016-03-27T11:18:55.000000;682c6d12-4423-4458-9a7a-4f14768a643d;416.99;0.33;UNKNOWN
2016-03-27T11:19:06.000000;2016-03-27T11:19:06.000000;cdb5d621-00b7-4055-8e40-d19f596bcf0f;416.99;0.29;UNKNOWN
2016-03-27T11:19:16.000000;2016-03-27T11:19:16.000000;b424265b-b7b4-4ac5-b52d-af6442b08408;416.99;0.11852841;UNKNOWN
2016-03-27T11:19:17.000000;2016-03-27T11:19:17.000000;92934768-3a56-4f00-a27f-1d4fff88f8ea;416.99;0.27;UNKNOWN
2016-03-27T11:27:16.000000;2016-03-27T11:27:16.000000;6282a98f-96b1-4b1b-9407-2f4b6ff10fde;417.1;0.12;UNKNOWN
2016-03-27T11:29:02.000000;2016-03-27T11:29:02.000000;07df491b-8072-4503-b23a-4b364f1ad1d9;417.1;0.06694341;UNKNOWN
2016-03-27T11:34:30.000000;2016-03-27T11:34:30.000000;2a31ddee-2e52-434d-9161-8a32264ad3b6;417.2;0.036982;UNKNOWN
2016-03-27T11:36:07.000000;2016-03-27T11:36:07.000000;51b2c00c-832f-4d75-b5d5-c5fb8961aecf;417.21;0.036525;UNKNOWN
2016-03-27T11:36:11.000000;2016-03-27T11:36:11.000000;babc6423-1c5a-4529-b946-59521874c64f;417.21;0.040568;UNKNOWN
2016-03-27T11:37:10.000000;2016-03-27T11:37:10.000000;519e1409-dc17-4e59-be0b-16896ee1aa18;417.09;0.14890759;UNKNOWN
2016-03-27T11:37:46.000000;2016-03-27T11:37:46.000000;9bec62b2-3b7c-4952-962a-920aa9e8c0f4;417.1;0.013659;UNKNOWN
2016-03-27T11:39:12.000000;2016-03-27T11:39:12.000000;7b84d399-c717-4df5-86f4-dce0cc2de39e;417.2;0.0153;UNKNOWN
2016-03-27T11:39:20.000000;2016-03-27T11:39:20.000000;1f41d4ed-33f4-442b-a161-f79867317e62;417.19;0.018588;UNKNOWN
2016-03-27T11:40:52.000000;2016-03-27T11:40:52.000000;9ce6cd9e-4f60-4258-815d-e8dba4b221fb;417.19;0.011559;UNKNOWN
2016-03-27T11:40:57.000000;2016-03-27T11:40:57.000000;92b4473a-401b-4d84-91fa-776ef5c8d744;417.19;0.017482;UNKNOWN
2016-03-27T11:48:56.000000;2016-03-27T11:48:56.000000;5b985348-3982-489c-8321-5b875f63d424;417.17;0.02;UNKNOWN
2016-03-27T11:51:15.000000;2016-03-27T11:51:15.000000;d072d355-859c-4bfa-8e4b-655705ad5ac2;417.31;0.02;UNKNOWN
2016-03-27T11:51:30.000000;2016-03-27T11:51:30.000000;b8a78138-484f-4e8c-b116-3252ecf18d7c;417.17;0.294603;UNKNOWN
2016-03-27T11:51:51.000000;2016-03-27T11:51:51.000000;2390a62c-23cf-4552-8a16-486caade5ecf;417.17;0.035026;UNKNOWN
2016-03-27T11:52:07.000000;2016-03-27T11:52:07.000000;a3520781-6756-4064-b783-eeef85af5c4d;417.17;0.04;UNKNOWN
2016-03-27T11:53:07.000000;2016-03-27T11:53:07.000000;74d93c59-6945-4dc0-a4a1-ad5dd72f0d7a;417.17;0.294637;UNKNOWN
2016-03-27T11:53:25.000000;2016-03-27T11:53:25.000000;fc14451d-ae0e-43a1-914e-f2220311b0e4;417.17;0.053756;UNKNOWN
2016-03-27T11:53:28.000000;2016-03-27T11:53:28.000000;a00500e8-45e3-464e-90a5-94280cfd48f8;417.17;0.013909;UNKNOWN
2016-03-27T11:54:04.000000;2016-03-27T11:54:04.000000;d5229b4b-2499-47b2-a7a2-48c4ba7aa04c;417.24;3.0;UNKNOWN
2016-03-27T11:54:04.000000;2016-03-27T11:54:04.000000;c0b8f94c-7023-4965-a9b8-707a292bd29d;417.31;6.0;UNKNOWN
2016-03-27T11:54:04.000000;2016-03-27T11:54:04.000000;a2be7454-866a-4a29-9a24-f9f732ddf10a;417.42;3.87389241;UNKNOWN
2016-03-27T11:54:04.000000;2016-03-27T11:54:04.000000;3186a274-c349-4a46-a94a-4547836bc1a5;417.41;10.4991;UNKNOWN
2016-03-27T11:54:04.000000;2016-03-27T11:54:04.000000;ff11a3e8-95d6-4e56-bd29-d7ab0c36fb97;417.25;5.9781;UNKNOWN
2016-03-27T11:54:04.000000;2016-03-27T11:54:04.000000;8ac30aa2-5e37-47d3-81f4-720faa594cf8;417.23;0.5;UNKNOWN
2016-03-27T11:56:31.000000;2016-03-27T11:56:31.000000;03886f8c-9c94-44e9-b9b8-0de6de19f85a;417.25;0.080529;UNKNOWN
2016-03-27T11:56:33.000000;2016-03-27T11:56:33.000000;65aabf22-a2fe-481d-a25d-4394b845f2e9;417.44;0.005417;UNKNOWN
2016-03-27T11:56:33.000000;2016-03-27T11:56:33.000000;5788f18e-4aa5-444d-a414-e975efacc64c;417.28;0.014583;UNKNOWN
2016-03-27T11:56:48.000000;2016-03-27T11:56:48.000000;ff73069f-e1ba-46c4-a974-208ef4c729aa;417.25;0.017573;UNKNOWN
2016-03-27T11:57:52.000000;2016-03-27T11:57:52.000000;a6ce66cc-daa5-4e5c-8669-3e6d333362cf;417.25;0.56280711;UNKNOWN
2016-03-27T11:57:52.000000;2016-03-27T11:57:52.000000;51c074b9-9b4d-4bc1-91f1-efbad4abc03d;417.25;0.05170898;UNKNOWN
2016-03-27T11:57:54.000000;2016-03-27T11:57:54.000000;6bae7dfe-817a-4e86-8264-f2def018ff40;417.25;0.0103;UNKNOWN
2016-03-27T11:58:46.000000;2016-03-27T11:58:46.000000;f8b24958-a209-40fd-921a-6ee0b832ffac;417.25;0.281041;UNKNOWN
2016-03-27T11:59:08.000000;2016-03-27T11:59:08.000000;1886d11f-e754-4157-aae7-0eb330778d34;417.25;0.019022;UNKNOWN
2016-03-27T12:00:07.000000;2016-03-27T12:00:07.000000;4241b3b0-fc10-4b8d-b659-09198d4608e1;417.27;3.4014096;UNKNOWN
2016-03-27T12:00:15.000000;2016-03-27T12:00:15.000000;2d15879c-9026-43a8-8546-aab508383b51;417.29;2.74897367;UNKNOWN
2016-03-27T12:02:32.000000;2016-03-27T12:02:32.000000;4a555e9b-a9e0-4c39-9448-0a5dcf6b943c;417.39;0.05;UNKNOWN
2016-03-27T12:05:49.000000;2016-03-27T12:05:49.000000;e91d19e2-4fd5-4862-9c61-db344a93c1d9;417.31;1.0;UNKNOWN
2016-03-27T12:06:42.000000;2016-03-27T12:06:42.000000;85ca3a29-a6de-431f-99b6-85d19e509910;417.31;1.0;UNKNOWN
2016-03-27T12:06:53.000000;2016-03-27T12:06:53.000000;18abc3ce-b94e-4ad7-9c0e-866ec4ed9ee1;417.3;3.0;UNKNOWN
2016-03-27T12:07:04.000000;2016-03-27T12:07:04.000000;0b3ddc9c-51bc-45ae-bd0c-27e64293313f;417.31;0.07177166;UNKNOWN
2016-03-27T12:07:31.000000;2016-03-27T12:07:31.000000;4fa798a2-5eb7-4f7a-b4e7-a76148d9baef;417.31;1.0;UNKNOWN
2016-03-27T12:07:36.000000;2016-03-27T12:07:36.000000;8f179a4b-994b-4611-91de-3640ff1af13f;417.31;1.0;UNKNOWN
