time_exchange;time_coinpai;guid;price;base_amount;taker_side
2016-03-27T00:00:01.123000;2016-03-27T00:00:01.180000;fdafa514-e784-4d38-8842-a77a2d32f60b;416.96;0.0165;SELL
2016-03-27T00:00:01.123000;2016-03-27T00:00:01.197000;594331c1-406f-4237-85d5-2126255016a3;416.96;0.0188;SELL
2016-03-27T00:00:01.123000;2016-03-27T00:00:01.197000;7b238980-a039-49d1-99d2-fe7bbf784cdf;416.96;0.01;SELL
2016-03-27T00:00:01.123000;2016-03-27T00:00:01.197000;60e9fe99-66b0-4489-81ea-c4b81dbbc552;416.96;0.0199;SELL
2016-03-27T00:00:01.123000;2016-03-27T00:00:01.197000;bf6b011d-36af-4583-afc3-b18d8e5f9f5c;416.96;0.0199;SELL
2016-03-27T00:00:01.123000;2016-03-27T00:00:01.290000;f8626fbd-5a35-4641-af2a-56dffbd1bae4;416.96;0.0195;SELL
2016-03-27T00:00:01.127000;2016-03-27T00:00:01.290000;ddcd637c-5b79-4f7a-86e1-5f746ac81b4c;416.96;0.02;SELL
2016-03-27T00:00:01.127000;2016-03-27T00:00:01.290000;00645089-4b8c-45a0-aa15-d3586848afd1;416.96;0.0207;SELL
2016-03-27T00:00:01.127000;2016-03-27T00:00:01.290000;cdbb5c00-7538-4b44-bc7a-11af5489530a;416.96;0.0198;SELL
2016-03-27T00:00:01.127000;2016-03-27T00:00:01.290000;11ced72f-5dab-48ca-8177-114b0ab44f98;416.92;0.11;SELL
2016-03-27T00:00:01.127000;2016-03-27T00:00:01.290000;604e5e82-dace-402f-840f-e2a6831c26a2;416.89;0.01;SELL
2016-03-27T00:00:01.127000;2016-03-27T00:00:01.290000;ffbc1a0e-157c-4fb8-98e9-821414a7a32f;416.88;0.27416;SELL
2016-03-27T00:01:31.087000;2016-03-27T00:01:31.133000;47f57260-4f91-404e-83ef-0dbad52ca2c3;416.96;0.01;BUY
2016-03-27T00:01:31.087000;2016-03-27T00:01:31.163000;02f5293f-6d17-4def-9151-2fddeec1e1c6;416.96;0.01;BUY
2016-03-27T00:01:31.087000;2016-03-27T00:01:31.163000;c2cc4f99-3156-454d-8c95-1dac80d36689;416.96;0.27416;BUY
2016-03-27T00:01:31.087000;2016-03-27T00:01:31.163000;0efa329f-2ac9-4d29-a359-aadf2435461c;416.98;0.11041;BUY
2016-03-27T00:02:02.373000;2016-03-27T00:02:02.430000;95e20d90-0a18-4074-b636-73e18f760fb2;416.98;0.01;BUY
2016-03-27T00:02:02.373000;2016-03-27T00:02:02.447000;be112ddf-b498-4c6c-ba4e-071ed33f3159;416.98;0.248;BUY
2016-03-27T00:02:02.373000;2016-03-27T00:02:02.447000;31094315-26f2-416d-a4c7-4ea793d83381;416.98;0.0321;BUY
2016-03-27T00:02:02.373000;2016-03-27T00:02:02.447000;69c9894a-5590-4d06-9bdf-3baf3c22e088;416.99;0.38447;BUY
2016-03-27T00:02:31.057000;2016-03-27T00:02:31.103000;9119da97-ec30-4e2c-99b8-ea7b38f2b4e1;416.96;0.01;SELL
2016-03-27T00:02:31.057000;2016-03-27T00:02:31.117000;5e693253-b6c5-4270-896b-a48f6d86ff55;416.96;0.01;SELL
2016-03-27T00:02:31.057000;2016-03-27T00:02:31.117000;c7efe5c5-c0c2-4124-b8dc-da56fe4c459b;416.92;0.01;SELL
2016-03-27T00:02:31.057000;2016-03-27T00:02:31.117000;ace50d32-c680-4ad0-98c9-ae5da0d478ec;416.92;0.0277;SELL
2016-03-27T00:03:01.107000;2016-03-27T00:03:01.150000;a44faecb-0e96-469b-bdd7-597ec9874773;416.97;0.2;BUY
2016-03-27T00:03:01.107000;2016-03-27T00:03:01.180000;247965ef-82e9-49c1-9d8c-01d1ba7aedad;416.98;0.01;BUY
2016-03-27T00:03:01.107000;2016-03-27T00:03:01.180000;6d8a88a7-62fc-4827-a9d2-428c2a4058ae;416.99;0.13903;BUY
2016-03-27T00:03:34.177000;2016-03-27T00:03:34.227000;1dd10e3b-18bf-4ae2-a502-efd4becdb05f;416.88;0.0322;SELL
2016-03-27T00:03:34.177000;2016-03-27T00:03:34.243000;460b1252-0ac1-4f6c-ae99-7047fbb70062;416.88;0.366;SELL
2016-03-27T00:03:34.177000;2016-03-27T00:03:34.243000;c976f62d-d82b-47b0-8260-174cb570426e;416.88;0.01;SELL
2016-03-27T00:03:34.177000;2016-03-27T00:03:34.243000;29ceda3d-9840-469a-a5f6-4d2a16da2af6;416.87;0.01;SELL
2016-03-27T00:03:34.177000;2016-03-27T00:03:34.260000;39edfd86-e0a4-4875-bab6-42f4e67621de;416.87;0.01057;SELL
2016-03-27T00:04:01.557000;2016-03-27T00:04:01.617000;b3501af9-814e-4fad-85ee-4163716b5db7;416.98;0.0322;BUY
2016-03-27T00:04:01.557000;2016-03-27T00:04:01.617000;4f261801-b3dd-4bad-8604-f21d14c2ab39;416.98;0.01528;BUY
2016-03-27T00:04:31.087000;2016-03-27T00:04:31.133000;72fadebc-974e-4b8f-b5d9-b8f08ec7519f;416.98;0.286;BUY
2016-03-27T00:04:31.087000;2016-03-27T00:04:31.150000;40d57601-edfa-4d4a-bd49-f7842207b205;416.99;0.64953;BUY
2016-03-27T00:05:01.120000;2016-03-27T00:05:01.163000;d87e33db-0315-44f1-b758-c4983f96abe5;416.92;0.0244;BUY
2016-03-27T00:05:01.120000;2016-03-27T00:05:01.180000;997e0add-3347-4964-ad7b-4417282cd167;416.92;0.0278;BUY
2016-03-27T00:05:01.120000;2016-03-27T00:05:01.180000;b862b0d0-0ab1-43aa-8ab2-4cc0a6c836ea;416.92;0.0276;BUY
2016-03-27T00:05:01.120000;2016-03-27T00:05:01.180000;b8fad8da-7ad5-4da4-88ba-cb6f869da0fc;416.92;0.0288;BUY
2016-03-27T00:05:01.120000;2016-03-27T00:05:01.180000;ca05ffa8-2424-4b45-b3e1-cada8c111e8b;416.92;0.0245;BUY
2016-03-27T00:05:01.120000;2016-03-27T00:05:01.243000;cdbadbf7-0a8b-4dd8-b116-f53046c7e849;416.93;0.0211;BUY
2016-03-27T00:05:01.123000;2016-03-27T00:05:01.243000;13427faa-7252-465a-a877-b840a452e501;416.95;0.01;BUY
2016-03-27T00:05:01.123000;2016-03-27T00:05:01.243000;0b2379fa-da73-4f6c-acb4-4e04d5062c38;416.96;0.0174;BUY
2016-03-27T00:05:01.123000;2016-03-27T00:05:01.243000;af309906-bdd1-44b6-a2df-d972c7c37e09;416.99;1.95435;BUY
2016-03-27T00:07:31.100000;2016-03-27T00:07:31.133000;3e0a3936-50c8-44e2-8922-57752203e0f1;416.98;0.01;BUY
2016-03-27T00:07:31.100000;2016-03-27T00:07:31.150000;71893cfa-2108-4a3a-8cd6-b1932375e374;416.99;0.23787;BUY
2016-03-27T00:08:31.030000;2016-03-27T00:08:31.070000;f11f7dd6-ccce-4c11-b8c9-226dd2f3e058;416.92;0.01;SELL
2016-03-27T00:08:31.030000;2016-03-27T00:08:31.087000;016cea18-0420-4947-8e84-b40430de8f07;416.91;0.01;SELL
2016-03-27T00:08:31.030000;2016-03-27T00:08:31.087000;c138b43e-5690-4384-8c53-94727a12a906;416.91;0.01;SELL
2016-03-27T00:08:31.030000;2016-03-27T00:08:31.087000;9fb7c48e-1735-447e-ae43-46d999808250;416.9;0.04;SELL
2016-03-27T00:08:50.703000;2016-03-27T00:08:50.743000;a3751be1-9018-4103-8650-a35ec75f0e81;416.99;0.07;BUY
2016-03-27T00:09:07.243000;2016-03-27T00:09:07.273000;4c1eea48-8cd6-487a-a847-be55f808815a;416.91;0.01;SELL
2016-03-27T00:09:07.243000;2016-03-27T00:09:07.290000;c9d2bb70-fd4f-48fe-bfd2-da5f7d56af5b;416.9;0.06;SELL
2016-03-27T00:09:26.630000;2016-03-27T00:09:26.663000;935caa15-70d7-46d1-846d-5fcf72de8ab0;416.96;0.01;BUY
2016-03-27T00:09:26.630000;2016-03-27T00:09:26.680000;ebb674de-4026-44c2-b537-5110e94ea34d;416.99;0.06;BUY
2016-03-27T00:09:31.067000;2016-03-27T00:09:31.103000;2721a25c-2f51-40a6-968a-deff003a599d;416.99;0.33556;BUY
2016-03-27T00:10:01.380000;2016-03-27T00:10:01.413000;671bf200-315b-4f12-8191-66c6bff3b4a4;416.91;0.0188;BUY
2016-03-27T00:10:01.380000;2016-03-27T00:10:01.447000;b24ae914-5133-40ec-a82f-20cb145540ae;416.91;0.027;BUY
2016-03-27T00:10:01.380000;2016-03-27T00:10:01.447000;638c6866-d25d-4c12-95ec-35916d551622;416.91;0.0184;BUY
2016-03-27T00:10:01.380000;2016-03-27T00:10:01.447000;ecdf69f0-26b0-48d5-bfd4-efc83908303d;416.98;0.21;BUY
2016-03-27T00:10:01.380000;2016-03-27T00:10:01.447000;a3dec0b3-9a4f-4e6d-a68c-c2f36602b0a3;416.99;0.59045;BUY
2016-03-27T00:10:01.380000;2016-03-27T00:10:01.447000;23ab962d-0c49-4ead-aba7-db712b45e12c;417.0;0.01;BUY
2016-03-27T00:10:01.380000;2016-03-27T00:10:01.447000;9fca06ce-f7af-471b-979d-6d9a4bd2ce6f;417.0;0.69659;BUY
2016-03-27T00:10:31.137000;2016-03-27T00:10:31.167000;aa5aee34-d6e9-4299-930b-ae0db76a4c1b;416.93;0.01;SELL
2016-03-27T00:10:31.137000;2016-03-27T00:10:31.197000;4462b4bd-da33-4fc1-80b5-53ffac447175;416.9;0.028;SELL
2016-03-27T00:10:31.140000;2016-03-27T00:10:31.197000;639f23b1-b79e-47b9-b15a-c34675ecc60f;416.88;0.0323;SELL
2016-03-27T00:10:31.140000;2016-03-27T00:10:31.197000;98fd9bcf-a32a-41e3-9da4-e58e506c8bea;416.87;1.16431066;SELL
2016-03-27T00:10:31.140000;2016-03-27T00:10:31.197000;cdb92b6c-9cea-4646-a503-3a1187d51794;416.87;0.2;SELL
2016-03-27T00:10:31.140000;2016-03-27T00:10:31.273000;5ad6c8e3-7e19-415f-9d65-5ca5cc707f42;416.87;0.35;SELL
2016-03-27T00:10:31.140000;2016-03-27T00:10:31.273000;33fc5da0-601c-4f62-8d32-3381e6d4e107;416.85;0.01;SELL
2016-03-27T00:10:31.140000;2016-03-27T00:10:31.273000;4a7beaee-38fa-4b9a-9131-8e30e76eb927;416.85;0.0125;SELL
2016-03-27T00:10:31.140000;2016-03-27T00:10:31.273000;bb1a8f15-a027-453b-aee2-9848ca80ca90;416.85;1.40234934;SELL
2016-03-27T00:10:48.620000;2016-03-27T00:10:48.650000;164f2d3a-bfde-41c3-8a23-aa0c200c6902;416.97;0.03;BUY
2016-03-27T00:11:01.377000;2016-03-27T00:11:01.400000;78422d86-9b58-4f3b-9f23-499792c62f16;416.97;0.42;BUY
2016-03-27T00:11:01.377000;2016-03-27T00:11:01.417000;482133c9-8f1b-4848-a531-f64fa7b3772b;416.98;0.2;BUY
2016-03-27T00:11:01.377000;2016-03-27T00:11:01.417000;2fc92b24-6fe9-489b-abe3-0c2d33c8594c;416.98;0.84;BUY
2016-03-27T00:11:01.377000;2016-03-27T00:11:01.417000;49d16a2c-89e4-4084-bd18-0d96cf4503e8;416.99;0.01;BUY
2016-03-27T00:11:01.377000;2016-03-27T00:11:01.417000;40d2fc31-4aae-4ed9-8391-73b91ad999cc;416.99;1.05;BUY
2016-03-27T00:11:01.377000;2016-03-27T00:11:01.430000;dc4a02e7-a78a-4bee-b39e-bde4649af847;417.0;1.50341;BUY
2016-03-27T00:11:01.377000;2016-03-27T00:11:01.430000;277c0653-dd86-43a5-9808-64b3d5430c05;417.0;0.01;BUY
2016-03-27T00:11:01.377000;2016-03-27T00:11:01.430000;faf69921-0f49-4118-a04b-93b7c6c9d278;417.0;0.01;BUY
2016-03-27T00:11:01.380000;2016-03-27T00:11:01.430000;c3f1ac56-9678-4bfb-9a0e-10e0464b6ca3;417.0;0.02;BUY
2016-03-27T00:11:01.380000;2016-03-27T00:11:01.430000;229864fd-1114-4a72-9a17-f64baf988d0c;417.0;0.01;BUY
2016-03-27T00:11:01.380000;2016-03-27T00:11:01.463000;175224d1-c536-4fa8-965d-862b291d6db2;417.01;0.01;BUY
2016-03-27T00:11:01.380000;2016-03-27T00:11:01.463000;826d2fd4-bc6c-4591-a593-2f27846c95f8;417.01;0.05;BUY
2016-03-27T00:11:01.380000;2016-03-27T00:11:01.463000;a593afcc-4845-408f-8893-cbb52414b3a7;417.01;0.04737;BUY
2016-03-27T00:11:01.380000;2016-03-27T00:11:01.463000;a7db9565-9a7c-4578-bd72-8d7a7dded674;417.01;1.47;BUY
2016-03-27T00:11:01.380000;2016-03-27T00:11:01.477000;806a2a28-4b03-4ef6-94dc-f9120fdb0ed2;417.02;0.63;BUY
2016-03-27T00:11:01.380000;2016-03-27T00:11:01.477000;9d8a0ca4-37a5-4a57-b934-3d51b80b9375;417.02;0.35;BUY
2016-03-27T00:11:01.380000;2016-03-27T00:11:01.477000;ccb7c540-6dfa-4977-bdbe-12a173839b0b;417.03;0.299;BUY
2016-03-27T00:11:01.380000;2016-03-27T00:11:01.477000;0ffddc4c-a9c1-4125-b061-e78e83894ff3;417.03;0.17908;BUY
2016-03-27T00:11:22.727000;2016-03-27T00:11:22.760000;dcc74663-e865-4484-8b74-48ff21daf933;417.04;0.05;BUY
2016-03-27T00:11:22.727000;2016-03-27T00:11:22.773000;c3b14f2d-fcff-4561-bb8f-a610f2fd3c1c;417.06;0.1176998;BUY
2016-03-27T00:12:01.107000;2016-03-27T00:12:01.133000;28d7e0b8-a7d3-4dcd-b745-9baf801826c6;417.05;0.01;BUY
2016-03-27T00:12:01.107000;2016-03-27T00:12:01.150000;628da41a-2273-4bef-b13e-9cea75d8ed3d;417.06;0.71828;BUY
2016-03-27T00:12:31.060000;2016-03-27T00:12:31.087000;478e978f-481a-4b44-a520-c1a5747eb962;417.06;0.05338;BUY
2016-03-27T00:12:48.180000;2016-03-27T00:12:48.213000;43ece7ba-4818-44c7-ae0e-ce92b24b09cc;417.06;0.07;BUY
2016-03-27T00:13:01.930000;2016-03-27T00:13:01.970000;fd1f2da6-eda1-455d-a06a-33712d2f5629;417.0;0.0125;SELL
2016-03-27T00:13:01.930000;2016-03-27T00:13:02.000000;61132bfa-dfd1-47d2-ab87-423f1eb8ac8e;416.98;0.01;SELL
2016-03-27T00:13:01.930000;2016-03-27T00:13:02.000000;22a1e93e-6882-44b7-8080-0499239af4e3;416.94;0.04754;SELL
2016-03-27T00:13:30.887000;2016-03-27T00:13:30.937000;42f3cb1a-3930-4e5b-adff-edc52e5fb2df;417.06;0.0406402;BUY
2016-03-27T00:13:30.887000;2016-03-27T00:13:30.953000;e681934c-aa8a-4a0b-80d0-f9b1ded66211;417.06;0.0108398;BUY
2016-03-27T00:13:30.900000;2016-03-27T00:13:30.953000;c50f9f89-0a5a-4f77-9d89-04225c6b01cf;417.06;0.04098711;BUY
2016-03-27T00:13:33.413000;2016-03-27T00:13:33.453000;820c9162-9aa0-433d-9c16-4526a6714a48;417.06;0.05934;BUY
2016-03-27T00:14:01.260000;2016-03-27T00:14:01.297000;962a182d-712c-4538-95ae-932bcc01d3ba;417.04;0.25594;BUY
2016-03-27T00:14:31.063000;2016-03-27T00:14:31.110000;dc2a0fcd-ed32-47cb-b909-6996663284df;417.03;0.01;BUY
2016-03-27T00:14:31.063000;2016-03-27T00:14:31.127000;3a14588b-c161-4b77-9748-2c9d836d1b1b;417.05;0.0323;BUY
2016-03-27T00:14:31.063000;2016-03-27T00:14:31.127000;50d1febf-1aee-4e3e-b55f-e12c2ba4ebbc;417.06;0.07639;BUY
2016-03-27T00:16:01.513000;2016-03-27T00:16:01.563000;71d4b3a5-5c6e-484d-9cda-b4b494685d35;417.0;0.0125;SELL
2016-03-27T00:16:01.513000;2016-03-27T00:16:01.563000;52e28aa3-6eef-45c8-b016-adc0e327b14b;416.97;0.01;SELL
2016-03-27T00:16:01.517000;2016-03-27T00:16:01.563000;48eee51e-cf6e-4561-bb29-f71807197049;416.96;0.0323;SELL
2016-03-27T00:16:01.517000;2016-03-27T00:16:01.563000;e508479d-3893-4892-8a57-9ed33fd293c2;416.96;0.1687;SELL
2016-03-27T00:16:01.517000;2016-03-27T00:16:01.563000;e7aeb9a3-2a34-4cea-8646-b25a198e20c1;416.95;0.01;SELL
2016-03-27T00:16:01.517000;2016-03-27T00:16:01.580000;c9a3e353-1bd4-494c-8a07-b29dc345d4f8;416.95;0.17551;SELL
2016-03-27T00:16:33.963000;2016-03-27T00:16:34.000000;c13d8156-f271-4942-a55b-ef7e1192ba3f;417.0;0.01;BUY
2016-03-27T00:16:33.963000;2016-03-27T00:16:34.017000;f4702225-7adc-4d1d-9b1e-799ce87586a1;417.01;0.32416;BUY
2016-03-27T00:17:01.130000;2016-03-27T00:17:01.173000;41a31c0a-896b-4f12-9349-165f6c20494c;417.01;0.17584;BUY
2016-03-27T00:17:01.133000;2016-03-27T00:17:01.187000;838ee15f-57c3-41f1-855b-d7421c580d2e;417.02;0.01;BUY
2016-03-27T00:17:01.133000;2016-03-27T00:17:01.187000;8fe26ba6-dc00-483a-b7c4-0be17ac3345d;417.06;0.01;BUY
2016-03-27T00:17:01.133000;2016-03-27T00:17:01.187000;e9bdc641-24a9-47f0-a764-43fc87ec1a5e;417.06;1.41674;BUY
2016-03-27T00:17:31.843000;2016-03-27T00:17:31.877000;339f3623-66ae-4f21-adea-8f27378a6073;417.07;0.05;BUY
2016-03-27T00:17:31.843000;2016-03-27T00:17:31.890000;b289b259-822d-4723-92ad-1f3b75071729;417.07;1.02574;BUY
2016-03-27T00:18:01.230000;2016-03-27T00:18:01.267000;af954a11-5598-400e-8abd-18762144574e;417.06;0.6413;BUY
2016-03-27T00:18:01.230000;2016-03-27T00:18:01.283000;c60f3e9c-390c-41d9-9fb0-ea381a16232f;417.07;0.14914066;BUY
2016-03-27T00:18:01.230000;2016-03-27T00:18:01.283000;e225e75e-f713-4c6c-b585-72fc495766c8;417.07;0.86450934;BUY
2016-03-27T00:18:12.820000;2016-03-27T00:18:12.843000;9f39a66c-ba2e-4d0d-a860-86aa2ea8f1b0;417.07;0.0650697;BUY
2016-03-27T00:18:31.140000;2016-03-27T00:18:31.203000;c0fafb6d-b100-4925-b6ae-a3f2de2eefb1;416.95;0.01;SELL
2016-03-27T00:18:31.140000;2016-03-27T00:18:31.220000;ee1489b2-6327-4139-886f-725a9be96394;416.95;1.17593;SELL
2016-03-27T00:18:59.237000;2016-03-27T00:18:59.267000;db4d3599-7ef6-4174-9d71-da9ef558f1ea;417.05;0.01;BUY
2016-03-27T00:18:59.237000;2016-03-27T00:18:59.283000;643e0178-b1e9-4a95-8659-5274560422f0;417.06;0.11;BUY
2016-03-27T00:18:59.247000;2016-03-27T00:18:59.283000;82ffda22-a43b-4375-b176-beab2935748f;417.06;0.01189221;BUY
2016-03-27T00:18:59.253000;2016-03-27T00:18:59.283000;01645ce9-9fb9-4c78-8790-d87047ee9e52;417.06;0.0429;BUY
2016-03-27T00:19:02.470000;2016-03-27T00:19:02.500000;d66e08fa-dde3-4ce4-8534-f7cee2db5fc5;416.95;2.69104;SELL
2016-03-27T00:20:31.097000;2016-03-27T00:20:31.127000;fd304217-ebfe-4837-a13d-69123c914990;417.0;0.1234;SELL
2016-03-27T00:21:00.990000;2016-03-27T00:21:01.017000;e8b0bc32-6c34-4bc1-b02c-04bc46bb6182;417.01;0.01;SELL
2016-03-27T00:21:00.990000;2016-03-27T00:21:01.033000;c11c6cb8-cabb-4995-8296-10c728317941;417.01;0.00199;SELL
2016-03-27T00:21:31.110000;2016-03-27T00:21:31.127000;06a7ce30-b5c5-4146-9da7-7c7d9d78d6dd;417.04;0.01;BUY
2016-03-27T00:21:31.110000;2016-03-27T00:21:31.140000;1973efb6-5e2d-4655-ad17-cc25e19d4bb8;417.04;0.35;BUY
2016-03-27T00:21:31.110000;2016-03-27T00:21:31.157000;a55a7754-2d3e-44d3-bfd8-f662aad54ede;417.04;0.01;BUY
2016-03-27T00:21:31.110000;2016-03-27T00:21:31.157000;1f8c11a9-8cb4-4994-87fb-452db08950cf;417.05;0.31665;BUY
2016-03-27T00:21:49.823000;2016-03-27T00:21:49.843000;846e2e76-361a-4977-a95b-b0a5e88cb0cc;417.05;0.07;BUY
2016-03-27T00:22:05.977000;2016-03-27T00:22:06.000000;f9599650-48a6-4fe0-8138-5faeba1bc480;417.05;0.41906;BUY
2016-03-27T00:22:08.780000;2016-03-27T00:22:08.797000;f00146d0-1054-4e59-aa5d-99209f711f72;417.05;0.03;BUY
2016-03-27T00:23:01.097000;2016-03-27T00:23:01.127000;625bf222-07f5-4859-b769-cb570a2fe1fa;417.02;0.0183;BUY
2016-03-27T00:23:01.097000;2016-03-27T00:23:01.140000;d2687c71-62e2-4a90-a92c-7c5a40ea9d1c;417.02;0.018;BUY
2016-03-27T00:23:01.097000;2016-03-27T00:23:01.140000;b0c1aa4d-9822-4ccf-8f84-e8e3cd68dd27;417.04;0.04193;BUY
2016-03-27T00:23:31.123000;2016-03-27T00:23:31.140000;dd8104b4-eb00-4dc8-a3fc-f3cf8ed572d3;417.04;0.05807;BUY
2016-03-27T00:23:31.123000;2016-03-27T00:23:31.157000;557ebd44-a83d-4251-a1a8-c7cc4368163c;417.04;0.01;BUY
2016-03-27T00:23:31.123000;2016-03-27T00:23:31.157000;9996bcbf-9870-452d-a27b-5b5522ae6821;417.05;0.52544;BUY
2016-03-27T00:25:32.097000;2016-03-27T00:25:32.110000;31b95b53-0386-4632-8fcc-f344cfa6e6b2;417.05;0.11869;BUY
2016-03-27T00:26:02.237000;2016-03-27T00:26:02.250000;76068f20-5e48-4695-a102-475824a63a1b;417.01;0.00801;SELL
2016-03-27T00:26:02.237000;2016-03-27T00:26:02.267000;f496a9d4-1b51-4e59-9856-d6171224abe6;417.01;1.17448622;SELL
2016-03-27T00:26:02.237000;2016-03-27T00:26:02.267000;4b9e29be-24e5-42f0-9887-d4a9bc682a4a;417.0;1.34529378;SELL
2016-03-27T00:26:31.540000;2016-03-27T00:26:31.563000;7db621f4-80d1-4ede-9308-6d89c02a8482;417.03;0.23741;BUY
2016-03-27T00:27:03.483000;2016-03-27T00:27:03.500000;fd7cb6d7-c117-4770-921d-e3b69e10493c;417.0;0.59615;SELL
2016-03-27T00:27:25.973000;2016-03-27T00:27:26.000000;77522453-3f83-4e2f-b86f-be62e82ae40c;417.03;0.01;BUY
2016-03-27T00:27:25.973000;2016-03-27T00:27:26.000000;1d609e4f-5b62-4495-90de-860606aabfb6;417.03;0.15;BUY
2016-03-27T00:27:31.347000;2016-03-27T00:27:31.377000;2bc4302b-aa0b-43d7-a663-73c3b3560abf;417.0;0.01515622;SELL
2016-03-27T00:27:31.347000;2016-03-27T00:27:31.377000;5350aa8d-f340-4f1d-87fe-5bc7e5868e85;416.99;0.01;SELL
2016-03-27T00:27:31.347000;2016-03-27T00:27:31.377000;34d8b6e2-cab9-46ae-94fd-9b07583822c4;416.98;0.0125;SELL
2016-03-27T00:27:31.347000;2016-03-27T00:27:31.377000;bb3ecb08-4850-4b93-9522-3cf434d4f7a3;416.94;0.00246;SELL
2016-03-27T00:27:31.347000;2016-03-27T00:27:31.393000;5f68a12a-b837-408e-89e0-1734468133e1;416.94;0.01;SELL
2016-03-27T00:27:31.347000;2016-03-27T00:27:31.393000;d98afb37-511d-4344-86ef-b0837b9462d4;416.91;0.05;SELL
2016-03-27T00:27:31.347000;2016-03-27T00:27:31.393000;0589817b-b069-4d5f-b8c9-d431b0a1ca97;416.87;0.2;SELL
2016-03-27T00:27:31.347000;2016-03-27T00:27:31.393000;a4927716-bb09-4fc3-ace5-61a11af0b4e6;416.86;0.19564378;SELL
2016-03-27T00:28:01.330000;2016-03-27T00:28:01.360000;0b56ab5e-2fa8-4ab9-89a3-40ac410d6070;416.87;0.01;SELL
2016-03-27T00:28:01.330000;2016-03-27T00:28:01.360000;ed5e336e-b06f-4d68-9f47-6576b2bda4ec;416.87;0.25;SELL
2016-03-27T00:28:31.107000;2016-03-27T00:28:31.137000;c713e5ea-55ff-4c01-9b0a-4fdb2c773ee2;416.93;0.24222;BUY
2016-03-27T00:28:49.240000;2016-03-27T00:28:49.293000;1a8ba0be-df6c-4e9b-bec8-0b4a3a357953;416.9;0.01373395;BUY
2016-03-27T00:29:01.943000;2016-03-27T00:29:01.980000;c8c4771c-dcb7-4604-b773-3205f2bf8253;416.9;0.23748;BUY
2016-03-27T00:29:31.193000;2016-03-27T00:29:31.213000;aefb4e7e-9fc5-42f3-baf9-710ca9d05815;416.9;3.40746;BUY
2016-03-27T00:30:03.640000;2016-03-27T00:30:03.667000;74c9c771-84b5-4e07-a969-821909f7582d;416.89;0.01;BUY
2016-03-27T00:30:03.640000;2016-03-27T00:30:03.683000;9533426c-85c2-43c7-a87f-f7e7173ccd1d;416.89;0.01;BUY
2016-03-27T00:30:03.640000;2016-03-27T00:30:03.683000;4dc2c002-fd37-455a-8652-7bb473cbf798;416.9;0.86132605;BUY
2016-03-27T00:30:03.640000;2016-03-27T00:30:03.683000;f9e8806a-a4e8-44c2-b7dd-372f8ae720a2;416.92;0.01;BUY
2016-03-27T00:30:03.640000;2016-03-27T00:30:03.683000;cafe1d15-22a8-4a7c-a18f-f73093b0f017;416.94;1.28422395;BUY
2016-03-27T00:30:31.217000;2016-03-27T00:30:31.247000;a466da85-190e-43b7-946a-a13b30adc1fd;416.97;0.09315;BUY
2016-03-27T00:30:37.617000;2016-03-27T00:30:37.667000;1f443223-36c0-4e80-a592-6dee40a3344f;416.93;0.01;SELL
2016-03-27T00:30:37.617000;2016-03-27T00:30:37.667000;62997458-1bae-4353-8fb8-a43ba2b3be36;416.93;0.01;SELL
2016-03-27T00:30:51.370000;2016-03-27T00:30:51.403000;6b8d37f1-6126-4eb7-8ee1-a4338230e48d;416.97;0.01478404;BUY
2016-03-27T00:30:51.490000;2016-03-27T00:30:51.527000;823a62ac-cc2b-4111-a7aa-21527fa89a0b;416.97;0.31521596;BUY
2016-03-27T00:31:01.043000;2016-03-27T00:31:01.073000;fc99a729-e9b5-40cf-bf55-304fd0a7dd67;416.97;2.06846;BUY
2016-03-27T00:32:01.363000;2016-03-27T00:32:01.387000;02b64e3e-bdae-402f-bfea-a18b90d9c157;416.95;0.01;BUY
2016-03-27T00:32:01.363000;2016-03-27T00:32:01.387000;bb3cc50b-1439-4b0d-8260-8960cbac416d;416.95;1.94657;BUY
2016-03-27T00:33:01.510000;2016-03-27T00:33:01.560000;dc97f690-8482-4a83-b6af-7af2daa2939e;416.95;0.01;BUY
2016-03-27T00:33:01.510000;2016-03-27T00:33:01.560000;05265284-327d-4a7e-977a-eade81300870;416.96;0.01;BUY
2016-03-27T00:33:01.510000;2016-03-27T00:33:01.560000;e9cb17f6-62e5-4824-830d-3b518c6920bc;416.97;0.19939;BUY
2016-03-27T00:33:01.510000;2016-03-27T00:33:01.560000;cc3253bc-66ce-43f0-a106-1a775112aa6f;417.0;0.01;BUY
2016-03-27T00:33:01.510000;2016-03-27T00:33:01.560000;7ae5dfcb-53eb-47a0-9a2c-0af8398bc30a;417.01;0.01;BUY
2016-03-27T00:33:01.510000;2016-03-27T00:33:01.560000;fd7bd6bb-27b1-4760-b639-8acb75bad894;417.01;0.05;BUY
2016-03-27T00:33:01.510000;2016-03-27T00:33:01.573000;e1635a1d-4c00-45ce-96ef-e7911f9b6e79;417.01;0.2;BUY
2016-03-27T00:33:01.510000;2016-03-27T00:33:01.573000;ea91032f-50f1-4432-8e39-cb813763fc04;417.02;0.10418;BUY
2016-03-27T00:33:31.223000;2016-03-27T00:33:31.247000;138efeea-64fa-4de5-9ea1-0d3df59e5ae8;416.91;0.05;SELL
2016-03-27T00:33:31.223000;2016-03-27T00:33:31.263000;9c335307-12db-424c-9703-c6c085097816;416.91;0.01;SELL
2016-03-27T00:33:31.223000;2016-03-27T00:33:31.263000;8809588a-a83a-48c9-a616-dd3d182ac9c2;416.88;0.01;SELL
2016-03-27T00:33:31.223000;2016-03-27T00:33:31.263000;2c76345d-62df-4695-87f5-647b7c17b0f3;416.86;0.01;SELL
2016-03-27T00:33:31.223000;2016-03-27T00:33:31.263000;54ef8599-8d4d-43fc-bf3f-ad305e512b66;416.86;0.01933;SELL
2016-03-27T00:34:14.377000;2016-03-27T00:34:14.387000;579d3e61-1985-45c9-9643-e76dfe2900a8;416.96;1.22783;BUY
2016-03-27T00:34:32.407000;2016-03-27T00:34:32.417000;8179cfca-be38-421a-9ade-ef5c84f6c3e0;416.86;0.01;SELL
2016-03-27T00:34:32.407000;2016-03-27T00:34:32.433000;677b420e-3a3d-4a92-a74b-ba0d1ed45b7d;416.85;0.01;SELL
2016-03-27T00:34:32.407000;2016-03-27T00:34:32.433000;95f12604-ddfd-4469-a573-1386605c10cf;416.85;0.06003;SELL
2016-03-27T00:35:01.120000;2016-03-27T00:35:01.137000;f9a1e430-a5c4-44f2-be8b-0410747d6902;416.86;0.01;SELL
2016-03-27T00:35:01.120000;2016-03-27T00:35:01.153000;fb783f15-78e8-467a-889f-3c5adaa03081;416.85;2.08264;SELL
2016-03-27T00:35:31.667000;2016-03-27T00:35:31.683000;bbdfa02e-6f0a-4ba0-ad30-419d8b069269;416.86;0.01;SELL
2016-03-27T00:35:31.667000;2016-03-27T00:35:31.700000;5064cb21-7b81-460e-a75a-3d6a8d405c9e;416.85;1.56095;SELL
2016-03-27T00:36:01.233000;2016-03-27T00:36:01.247000;5cea4b8a-91ea-418f-972e-1c644d093f10;416.96;0.57555;BUY
2016-03-27T00:36:43.063000;2016-03-27T00:36:43.073000;ff7db3af-3ab6-47b0-bbd2-965c167ca410;416.95;0.05434;BUY
2016-03-27T00:36:43.087000;2016-03-27T00:36:43.107000;82850583-3271-4633-b21b-0a765ed03d21;416.95;0.04566;BUY
2016-03-27T00:37:01.140000;2016-03-27T00:37:01.153000;028bb9aa-11ce-4d0c-9469-599f32c4e5a9;416.95;0.8761;BUY
2016-03-27T00:37:01.140000;2016-03-27T00:37:01.167000;9f9e5ac8-d5e0-4b37-ad59-b67291d3bcd0;416.96;0.98803;BUY
2016-03-27T00:37:31.093000;2016-03-27T00:37:31.120000;a211eea1-21e5-4ba2-b9e1-d358763b6d9f;416.86;0.01;SELL
2016-03-27T00:37:31.093000;2016-03-27T00:37:31.120000;54ea924e-ce24-46eb-9a21-63940d922ecc;416.85;3.73151;SELL
2016-03-27T00:38:01.100000;2016-03-27T00:38:01.107000;09e1e9f8-17fd-4689-8ab3-8e4dafdc1c4e;416.86;0.01;SELL
2016-03-27T00:38:01.100000;2016-03-27T00:38:01.120000;c29aea4a-3205-4124-9b71-489785af93c2;416.86;0.2;SELL
2016-03-27T00:38:01.100000;2016-03-27T00:38:01.120000;fda2be75-3bab-4ff9-a77d-ba5210c934ec;416.85;0.80959;SELL
2016-03-27T00:38:04.977000;2016-03-27T00:38:04.980000;ac06ba7c-203f-4b90-a2bd-3b7404e526b0;416.85;0.2;SELL
2016-03-27T00:38:07.120000;2016-03-27T00:38:07.137000;295976f2-69c7-41c1-85d5-151cf3ace32c;416.89;0.0196;SELL
2016-03-27T00:38:07.120000;2016-03-27T00:38:07.153000;dcf34148-3ea5-4ee1-8f1f-cd0527822039;416.87;0.0169;SELL
2016-03-27T00:38:07.120000;2016-03-27T00:38:07.153000;58f98f19-0561-4beb-b4c3-4655d33aad01;416.85;0.1635;SELL
2016-03-27T00:38:09.503000;2016-03-27T00:38:09.527000;c87ea70f-2081-451a-a3cc-3c7deadf91a6;416.89;0.0212;SELL
2016-03-27T00:38:09.503000;2016-03-27T00:38:09.527000;b5bb97b7-ead9-4f19-9b3b-48ba98d7a976;416.87;0.0198;SELL
2016-03-27T00:38:09.503000;2016-03-27T00:38:09.527000;cac9cccc-361b-4f5a-adac-d5193cfc984e;416.85;0.159;SELL
2016-03-27T00:38:11.637000;2016-03-27T00:38:11.653000;94c27583-5f1a-4c0b-968d-80e91d2bb102;416.87;0.0196;SELL
2016-03-27T00:38:11.640000;2016-03-27T00:38:11.667000;6c36f9d3-7be9-4078-92c0-38e97677c925;416.85;0.1804;SELL
2016-03-27T00:38:13.773000;2016-03-27T00:38:13.793000;eec65b7b-eb14-44d7-9d73-007b8bb6daa8;416.89;0.0171;SELL
2016-03-27T00:38:13.773000;2016-03-27T00:38:13.793000;82787a68-a162-4337-9876-8cceccfbf633;416.87;0.0196;SELL
2016-03-27T00:38:13.773000;2016-03-27T00:38:13.793000;b14111ba-ce8a-4e5b-b26d-e3b5efb12e49;416.86;0.01;SELL
2016-03-27T00:38:13.773000;2016-03-27T00:38:13.793000;dc2ef113-5360-4fc2-8da8-2d97bd8dd2d6;416.85;0.1533;SELL
2016-03-27T00:38:15.923000;2016-03-27T00:38:15.933000;195cd01c-9901-4fc6-9af5-9106b6815bd8;416.87;0.0186;SELL
2016-03-27T00:38:15.923000;2016-03-27T00:38:15.933000;dcf2aa5d-0e48-4dbb-9bb4-7e13f5d97d59;416.85;0.1814;SELL
2016-03-27T00:38:18.060000;2016-03-27T00:38:18.090000;8fa6d689-0bad-4525-9f8b-bc3b1baee840;416.85;0.2;SELL
2016-03-27T00:38:20.420000;2016-03-27T00:38:20.433000;3a2e6598-c74e-4ccb-9ac7-bca7f19bc523;416.85;0.2;SELL
2016-03-27T00:38:22.573000;2016-03-27T00:38:22.573000;492756be-3c58-4e13-bbef-cd00167117ff;416.85;0.2;SELL
2016-03-27T00:38:24.740000;2016-03-27T00:38:24.747000;f7935919-105d-4708-966f-0c2f69fa0485;416.85;0.11768;SELL
2016-03-27T00:38:24.740000;2016-03-27T00:38:24.763000;314b5b78-14f2-4f5b-bdbe-2cc010b4667f;416.84;0.08232;SELL
2016-03-27T00:38:26.890000;2016-03-27T00:38:26.903000;0cd2f49c-a7cd-4f3c-9844-8d76506ff8c8;416.84;0.2;SELL
2016-03-27T00:38:29.260000;2016-03-27T00:38:29.263000;60a690a9-9e2f-47cc-83a0-2010c625ac1f;416.84;0.2;SELL
2016-03-27T00:38:31.497000;2016-03-27T00:38:31.527000;f7b8e571-8c3d-4c6e-bb3a-b59e0a9cf704;416.94;0.01;BUY
2016-03-27T00:38:31.497000;2016-03-27T00:38:31.527000;8f581d49-c31a-4790-8754-b4c1da97bb72;416.96;0.19796;BUY
2016-03-27T00:38:31.633000;2016-03-27T00:38:31.653000;60fa82ca-0fd6-4d15-82da-109724aeafda;416.84;0.2;SELL
2016-03-27T00:38:34.007000;2016-03-27T00:38:34.013000;ce2e874d-6dd5-4170-978c-30761dac4be1;416.84;0.2;SELL
2016-03-27T00:38:36.157000;2016-03-27T00:38:36.167000;56096db0-ee8a-41fc-9238-24ab16021759;416.84;0.2;SELL
2016-03-27T00:38:38.313000;2016-03-27T00:38:38.340000;752c6363-7cc5-4df4-b806-c2b170ea05a9;416.85;0.01;SELL
2016-03-27T00:38:38.313000;2016-03-27T00:38:38.340000;6ab637a5-6310-4ba7-a4f2-87f4035182a3;416.84;0.2009;SELL
2016-03-27T00:39:07.333000;2016-03-27T00:39:07.340000;25bcb123-317c-49b6-8539-00c166b9bd78;416.84;0.03609;SELL
2016-03-27T00:39:33.650000;2016-03-27T00:39:33.667000;009460cb-e721-4255-a54c-498b4bdd741e;416.93;0.01;BUY
2016-03-27T00:39:33.650000;2016-03-27T00:39:33.667000;23f6a8dd-0d19-42f1-a9cf-1c54c3db4ef9;416.95;0.99015;BUY
2016-03-27T00:40:02.437000;2016-03-27T00:40:02.450000;a93fb597-362c-4add-bd92-fe3d73759d8c;416.88;0.01;SELL
2016-03-27T00:40:02.437000;2016-03-27T00:40:02.450000;3de095e2-99e2-4474-958b-dc98325bd4a6;416.88;0.21;SELL
2016-03-27T00:40:02.437000;2016-03-27T00:40:02.450000;5b21766e-bb9b-4e94-8dfb-fa66e6f34486;416.88;0.35;SELL
2016-03-27T00:40:02.437000;2016-03-27T00:40:02.450000;3978373a-4ea6-4963-b6de-f92d357916c8;416.86;2.7094;SELL
2016-03-27T00:40:31.517000;2016-03-27T00:40:31.513000;2cd783e1-a832-40fa-bf9d-5ede67437d32;416.95;0.01;BUY
2016-03-27T00:40:31.517000;2016-03-27T00:40:31.527000;42419834-5f44-45fc-813c-eb92f4eda876;416.96;0.04263;BUY
2016-03-27T00:40:31.517000;2016-03-27T00:40:31.527000;35ad9a77-7133-4148-9e56-e2b06c7cad71;416.97;0.2;BUY
2016-03-27T00:40:31.517000;2016-03-27T00:40:31.527000;9f27e3c1-65e4-4381-9e04-b5b1039ab544;416.98;0.201;BUY
2016-03-27T00:40:31.517000;2016-03-27T00:40:31.543000;f7d4be72-53de-4dad-b83a-8965d8602e37;416.98;0.35;BUY
2016-03-27T00:40:31.517000;2016-03-27T00:40:31.543000;20ace627-4739-485f-9749-4d7e8ce8bc08;416.99;0.38809;BUY
2016-03-27T00:42:19.560000;2016-03-27T00:42:19.560000;f73eedb9-e311-4bd8-b216-62cb9a3c96c3;416.87;0.01;SELL
2016-03-27T00:42:19.560000;2016-03-27T00:42:19.573000;39bc05e8-3646-4a4f-9c7f-d9e8a57e6a49;416.85;0.2011;SELL
2016-03-27T00:42:19.560000;2016-03-27T00:42:19.573000;3c0e6828-da55-4ec8-bb72-cb8c7d770f3f;416.85;0.35;SELL
2016-03-27T00:42:19.560000;2016-03-27T00:42:19.573000;b194ef92-34e8-43fb-8c42-b90ad4f7b35f;416.84;0.4388;SELL
2016-03-27T00:42:32.220000;2016-03-27T00:42:32.217000;a259de60-7000-46fa-83ef-2f3806254e78;416.92;0.01;BUY
2016-03-27T00:42:32.220000;2016-03-27T00:42:32.230000;831fa0b2-7e8c-4499-bbb4-5f96e83ae991;416.93;0.01;BUY
2016-03-27T00:42:32.220000;2016-03-27T00:42:32.230000;9bade268-a1a1-4791-baa8-8197d0e2dc79;416.97;1.27654;BUY
2016-03-27T00:43:02.400000;2016-03-27T00:43:02.387000;7ef420b4-43d3-4a9a-9476-9b850fe7e339;416.95;0.0831;BUY
2016-03-27T00:43:31.477000;2016-03-27T00:43:31.513000;49840721-2b66-4f17-88bc-92eb9af8d0e0;416.93;0.2854;BUY
2016-03-27T00:44:01.457000;2016-03-27T00:44:01.497000;289e8ced-0799-4852-9099-623c1d6a0c0a;416.92;0.01;BUY
2016-03-27T00:44:01.457000;2016-03-27T00:44:01.513000;f7e9ec1d-ebbb-4292-83b3-daf7b584eb4a;416.92;0.35;BUY
2016-03-27T00:44:01.460000;2016-03-27T00:44:01.513000;76d0a34f-1523-49af-ad9b-a92d9f3b577b;416.92;0.199;BUY
2016-03-27T00:44:01.460000;2016-03-27T00:44:01.513000;1e2f0b21-214a-4d10-b188-e2edfeabacd2;416.93;0.01187;BUY
2016-03-27T00:44:31.417000;2016-03-27T00:44:31.450000;84fa404b-1141-4312-be84-1400718446f9;416.92;0.01;BUY
2016-03-27T00:44:31.417000;2016-03-27T00:44:31.463000;809db928-bd09-4607-a285-62f52c6a43bb;416.92;0.03749;BUY
2016-03-27T00:45:03.930000;2016-03-27T00:45:03.963000;a5f87ced-8045-4d7e-9fbf-23dfa132c565;416.97;1.44521;BUY
2016-03-27T00:45:31.487000;2016-03-27T00:45:31.527000;bab2c019-c519-4e9b-a7f1-05957792ec7c;416.97;0.64625;BUY
2016-03-27T00:45:31.487000;2016-03-27T00:45:31.543000;c39e3184-3db8-418a-bb9c-f3f0390b2b50;416.97;1.88652;BUY
2016-03-27T00:46:05.800000;2016-03-27T00:46:05.823000;4c284fb6-33a9-45f4-9139-f6319118f69e;416.96;0.03124;BUY
2016-03-27T00:46:05.807000;2016-03-27T00:46:05.857000;909c4ce0-c908-4889-b521-8eec6f2ec62b;416.96;0.04004;BUY
2016-03-27T00:46:05.817000;2016-03-27T00:46:05.870000;b59d119a-82de-4bdc-8b92-e4785e917808;416.96;0.04872;BUY
2016-03-27T00:47:01.480000;2016-03-27T00:47:01.513000;e7bea808-9280-45ad-9caa-9692795e2f28;416.96;0.14355;BUY
2016-03-27T00:47:31.490000;2016-03-27T00:47:31.513000;c0cfa6a5-fbbc-4314-af89-9e5f8889e91d;416.96;1.01156;BUY
2016-03-27T00:48:01.417000;2016-03-27T00:48:01.450000;b5f39fb9-2a4e-47fa-ac57-fecc8933c36b;416.96;0.1797;BUY
2016-03-27T00:48:33.893000;2016-03-27T00:48:33.917000;567f12d5-e00a-4124-bc2e-4cddaaef29b4;416.96;0.06839;BUY
2016-03-27T00:49:05.273000;2016-03-27T00:49:05.293000;be63ab83-f18f-4f36-84a9-52f8880c0a61;416.96;0.23492;BUY
2016-03-27T00:49:31.473000;2016-03-27T00:49:31.497000;8f00e363-e60f-45b6-82c3-844d02a8fe22;416.96;0.04954;BUY
2016-03-27T00:50:01.670000;2016-03-27T00:50:01.700000;d2d2a2c0-0937-48f8-8da9-c50ce840061f;416.96;0.45825;BUY
2016-03-27T00:50:31.600000;2016-03-27T00:50:31.637000;1d1c6004-d1a4-4142-bed2-c38a3d978bc8;416.9;0.0125;SELL
2016-03-27T00:50:31.600000;2016-03-27T00:50:31.637000;706a270d-4481-4f7d-a4e8-465dfa6b69bf;416.85;0.01;SELL
2016-03-27T00:50:31.600000;2016-03-27T00:50:31.637000;a847a63a-5281-4663-ae90-2f8f1dc83e61;416.85;0.07701;SELL
2016-03-27T00:51:01.503000;2016-03-27T00:51:01.527000;5c4fc85e-c51d-4d85-9429-1f0f93b6a4b7;416.93;0.083;BUY
2016-03-27T00:51:01.503000;2016-03-27T00:51:01.543000;2ad688e0-d016-4bcf-b61a-1dbad428e1b4;416.96;0.15449;BUY
2016-03-27T00:51:31.483000;2016-03-27T00:51:31.497000;3e8f6582-85f1-4f7e-b117-734849b284d6;416.87;0.01;BUY
2016-03-27T00:51:31.483000;2016-03-27T00:51:31.513000;f31fb49a-5642-41b7-aca8-a6512bdeb5d9;416.91;0.01362;BUY
2016-03-27T00:52:01.550000;2016-03-27T00:52:01.590000;49a8b794-a7e2-49d8-a870-9a4648002ec6;416.95;0.02363;BUY
2016-03-27T00:52:22.637000;2016-03-27T00:52:22.653000;24c0ac00-e90f-4b04-80df-73af46bb1a86;416.91;0.01;BUY
2016-03-27T00:52:22.637000;2016-03-27T00:52:22.667000;c5b10dd2-4e1b-4916-8179-431277225eba;416.91;0.02718;BUY
2016-03-27T00:52:22.643000;2016-03-27T00:52:22.667000;8ce81f98-eff1-4250-99a3-9e10f889b046;416.91;0.03146;BUY
2016-03-27T00:52:22.667000;2016-03-27T00:52:22.683000;1411a6c4-0a1d-44f9-ad00-c974724b648a;416.91;0.011;BUY
2016-03-27T00:52:22.673000;2016-03-27T00:52:22.700000;97daa053-ecfb-45ed-a1a8-c93009231e12;416.91;0.11296;BUY
2016-03-27T00:52:22.673000;2016-03-27T00:52:22.700000;3c67d9a4-9e35-4bc7-ba25-f0de2016a38e;416.92;0.06806069;BUY
2016-03-27T00:52:22.703000;2016-03-27T00:52:22.763000;5b530892-846d-40ef-ab41-8c0004eb7e7a;416.92;0.20391691;BUY
2016-03-27T00:52:22.723000;2016-03-27T00:52:22.763000;a0324d38-4c34-47fb-af60-94ff0ef11c77;416.92;0.01826891;BUY
2016-03-27T00:52:31.470000;2016-03-27T00:52:31.497000;dd2f785e-1623-4c4b-abca-0f46614573d8;416.86;0.01;SELL
2016-03-27T00:52:31.473000;2016-03-27T00:52:31.497000;cd489952-8e35-4897-ae2a-ab9b62b576b3;416.85;0.01;SELL
2016-03-27T00:52:31.473000;2016-03-27T00:52:31.513000;633444e3-a226-49b0-af82-7170f4adb81c;416.84;0.24189;SELL
2016-03-27T00:52:31.473000;2016-03-27T00:52:31.513000;ee156ff3-5326-49fc-bccc-f77580e68a5e;416.83;0.00372;SELL
2016-03-27T00:53:02.347000;2016-03-27T00:53:02.370000;c1dee9b8-18fb-4a41-8620-b1cb80147f53;416.84;0.34084;SELL
2016-03-27T00:53:30.517000;2016-03-27T00:53:30.527000;e0291e95-e159-4db4-bd3c-fc1865ad8f34;416.94;0.01;BUY
2016-03-27T00:53:30.517000;2016-03-27T00:53:30.543000;8eb6faa4-fecf-4834-bdbd-8af600134a77;416.95;0.2011;BUY
2016-03-27T00:53:30.517000;2016-03-27T00:53:30.543000;d49335e0-f821-44f5-898d-6e9fbd18f348;416.96;0.84558;BUY
2016-03-27T00:54:00.510000;2016-03-27T00:54:00.527000;afc911c6-e660-45e0-b9ec-bc7e1cb3b23b;416.96;0.08402;BUY
2016-03-27T00:54:00.510000;2016-03-27T00:54:00.543000;8a1c96b0-61cd-438e-bda7-663eb015fd62;416.98;1.47;BUY
2016-03-27T00:54:00.513000;2016-03-27T00:54:00.543000;568a9336-130d-4d8e-a124-93b03f5508f6;416.99;0.82055;BUY
2016-03-27T00:54:30.663000;2016-03-27T00:54:30.683000;68b12742-7758-4598-95fa-46e86b4292be;416.86;0.01;SELL
2016-03-27T00:54:30.663000;2016-03-27T00:54:30.683000;59ac1605-ecc0-44b2-ad85-47e72106d149;416.86;0.11205;SELL
2016-03-27T00:55:30.560000;2016-03-27T00:55:30.560000;77274109-8f34-40bf-9e65-fa2f8400ba35;416.86;0.01948;SELL
2016-03-27T00:56:30.557000;2016-03-27T00:56:30.560000;6c6e75e5-91da-46e7-ae9e-414fbb7afacf;416.94;0.01948;BUY
2016-03-27T00:56:30.557000;2016-03-27T00:56:30.573000;d738d8f6-6c50-4a2a-b74e-0ad8c1629679;416.94;0.0894;BUY
2016-03-27T00:56:30.557000;2016-03-27T00:56:30.590000;42411c81-51d4-46c1-846b-c5e5ba1d30a2;416.95;2.07843;BUY
2016-03-27T00:57:00.517000;2016-03-27T00:57:00.527000;5b28aa70-d58f-4263-a886-a4f3a06753f3;416.86;0.0445;SELL
2016-03-27T00:57:16.610000;2016-03-27T00:57:16.607000;22d2ff7e-05fa-4789-81be-7c12772cc92f;416.92;0.01;BUY
2016-03-27T00:57:16.610000;2016-03-27T00:57:16.620000;a3632f41-6489-4bad-8636-fd454f987e95;416.94;0.02124;BUY
2016-03-27T00:57:16.610000;2016-03-27T00:57:16.637000;c24f9813-dd3c-4136-bd44-799a028e09c1;416.94;0.0222692;BUY
2016-03-27T00:58:00.593000;2016-03-27T00:58:00.590000;85e33c91-1b6c-4ab0-a3bd-42465c04c985;416.93;0.01;BUY
2016-03-27T00:58:00.593000;2016-03-27T00:58:00.620000;123bef03-6549-4998-aca9-7fa249783766;416.93;0.05745;BUY
2016-03-27T00:58:31.293000;2016-03-27T00:58:31.293000;f3787933-c3f2-4229-980e-76749eac73f4;416.95;0.0445;BUY
2016-03-27T00:58:31.293000;2016-03-27T00:58:31.310000;a81b5b9d-7377-4fa0-be5c-fdfdc7f7c893;416.95;0.1502;BUY
2016-03-27T00:59:00.677000;2016-03-27T00:59:00.710000;f477e2fd-db0f-4e91-aa61-3e5a0d24ff98;416.95;0.36247;BUY
2016-03-27T00:59:33.617000;2016-03-27T00:59:33.647000;84851015-f6a2-4152-a264-45809d4eda8a;416.95;0.21;BUY
2016-03-27T00:59:33.617000;2016-03-27T00:59:33.680000;4a8059db-a950-49ee-ac61-157bed41cf9d;416.96;0.01;BUY
2016-03-27T00:59:33.617000;2016-03-27T00:59:33.680000;f3e50833-e65b-42ca-a119-0659be1a2dc3;416.96;1.02448622;BUY
2016-03-27T00:59:33.617000;2016-03-27T00:59:33.680000;aabed8f7-e050-4b62-bbf2-6cbbc2098a70;416.96;0.21;BUY
2016-03-27T00:59:33.617000;2016-03-27T00:59:33.680000;51484c23-4f72-44a2-a52c-e88429be006a;416.97;0.98294378;BUY
2016-03-27T01:00:00.923000;2016-03-27T01:00:00.973000;28e6bf0a-5c65-43e8-9f07-2615f86716c8;416.91;0.0237;BUY
2016-03-27T01:00:00.923000;2016-03-27T01:00:00.990000;a752433c-f774-4864-bf98-3896fb6988b6;416.91;0.0212;BUY
2016-03-27T01:00:00.923000;2016-03-27T01:00:00.990000;4aae939f-2ffd-442e-a840-f7d68296a753;416.91;0.0216;BUY
2016-03-27T01:00:00.923000;2016-03-27T01:00:01.003000;03cbb7fc-8e7a-4f8e-a07c-349b3ca68dfb;416.91;0.0244;BUY
2016-03-27T01:00:00.923000;2016-03-27T01:00:01.003000;f53cca68-6e3e-4632-a9e6-4213d8cbda13;416.91;0.0252;BUY
2016-03-27T01:00:00.923000;2016-03-27T01:00:01.003000;3961a989-8e60-49a5-84f3-daf9ddc39721;416.91;0.024;BUY
2016-03-27T01:00:00.923000;2016-03-27T01:00:01.020000;cd9278e3-a1e0-4692-a2b3-6b177d67ab76;416.93;2.47189;BUY
2016-03-27T01:00:30.820000;2016-03-27T01:00:30.863000;095d3238-53d5-4fc3-9a06-33b3c4d327de;416.91;2.25204;BUY
2016-03-27T01:01:01.200000;2016-03-27T01:01:01.253000;b9846dec-10bd-4565-b4eb-ec258f04ee38;416.95;0.01;BUY
2016-03-27T01:01:01.200000;2016-03-27T01:01:01.270000;2f2574ce-4f00-4c83-a4a0-c00457aa4304;416.96;0.39728;BUY
2016-03-27T01:02:01.100000;2016-03-27T01:02:01.147000;e8ae472c-fe2d-44cd-a155-8915d0acff08;416.97;0.07123;BUY
2016-03-27T01:02:31.740000;2016-03-27T01:02:31.787000;6330a38c-a985-4de3-9436-65b07a8971ac;416.94;0.0125;SELL
2016-03-27T01:02:31.740000;2016-03-27T01:02:31.803000;000ffbc0-907c-4815-9e5c-51a17eb11d14;416.92;0.01;SELL
2016-03-27T01:02:31.740000;2016-03-27T01:02:31.803000;7a9cd823-1dd2-466c-af46-4c4cedbf2e4f;416.91;0.00148;SELL
2016-03-27T01:02:40.113000;2016-03-27T01:02:40.177000;02a38db5-be6f-4c93-809b-441d0bad8d9e;416.97;0.29876;BUY
2016-03-27T01:03:01.403000;2016-03-27T01:03:01.443000;32a2dc8c-0dad-420d-9079-2f82aa81ca9a;416.95;0.01;BUY
2016-03-27T01:03:01.403000;2016-03-27T01:03:01.443000;4fe32ea2-baf5-4f6e-96e4-82b978180f26;416.97;0.7471;BUY
2016-03-27T01:04:00.740000;2016-03-27T01:04:00.787000;6e760683-955a-4c29-a81a-6c409a5f757c;416.96;0.01;BUY
2016-03-27T01:04:00.740000;2016-03-27T01:04:00.803000;6550fdb7-1d9d-438f-b827-5cc894065ae3;416.96;0.4139;BUY
2016-03-27T01:04:00.740000;2016-03-27T01:04:00.803000;cee3c704-56d5-4bac-85a6-c2a9d43ab8f5;416.96;0.35;BUY
2016-03-27T01:04:00.740000;2016-03-27T01:04:00.803000;377d6a2a-46aa-4a27-808c-fc2269f90a6f;416.97;1.18796622;BUY
2016-03-27T01:04:00.740000;2016-03-27T01:04:00.803000;ccf1c673-88a2-4359-a629-64ee77b775af;416.97;0.37162102;BUY
2016-03-27T01:04:00.740000;2016-03-27T01:04:00.880000;e21a1fbf-eb79-4955-a55c-515266363408;416.97;0.239;BUY
2016-03-27T01:04:00.740000;2016-03-27T01:04:00.880000;ba0d8241-e508-40c0-a3c9-d5c3208445a8;416.97;3.36381276;BUY
2016-03-27T01:04:35.917000;2016-03-27T01:04:35.957000;d06a1083-8272-4718-99be-d7631f0ad68f;416.97;0.97343;BUY
2016-03-27T01:05:01.543000;2016-03-27T01:05:01.583000;e7a67e91-b7b8-4f26-904a-978ce86734d2;416.94;0.01;SELL
2016-03-27T01:05:01.543000;2016-03-27T01:05:01.613000;76d1a990-ae30-4ac3-9234-138c3b0cbec2;416.93;0.0125;SELL
2016-03-27T01:05:01.543000;2016-03-27T01:05:01.613000;1f826325-980e-471e-9b4d-bb0f788713cd;416.91;0.00852;SELL
2016-03-27T01:05:01.543000;2016-03-27T01:05:01.613000;77b35448-be84-43f3-a04a-054ab908b2f8;416.9;0.01;SELL
2016-03-27T01:05:01.543000;2016-03-27T01:05:01.613000;e4098bb5-c4b0-4855-ba74-2aaa2a979292;416.9;1.17642312;SELL
2016-03-27T01:05:01.547000;2016-03-27T01:05:01.693000;3d3bf5d1-f5e4-4232-8351-5cdc70a4b3c3;416.9;0.35;SELL
2016-03-27T01:05:01.547000;2016-03-27T01:05:01.693000;1fe4f668-d56e-47ba-8c76-ebcafcd1767a;416.87;7.16027;SELL
2016-03-27T01:05:01.547000;2016-03-27T01:05:01.693000;2cc68a36-2b43-43e5-af37-6c85199568c0;416.87;0.2;SELL
2016-03-27T01:05:01.547000;2016-03-27T01:05:01.693000;6ea474b4-f757-4ac9-bd4b-5b59b3a3d30b;416.85;0.01;SELL
2016-03-27T01:05:01.547000;2016-03-27T01:05:01.693000;b39cb571-6219-4915-b0a8-cd3c06c5d892;416.84;0.2011;SELL
2016-03-27T01:05:01.547000;2016-03-27T01:05:01.693000;cdaf5302-9c52-409c-b163-7166aab2b174;416.8;0.01;SELL
2016-03-27T01:05:01.547000;2016-03-27T01:05:01.707000;6034bf51-a6d3-49cb-a35a-72801e53e479;416.8;0.010003;SELL
2016-03-27T01:05:01.547000;2016-03-27T01:05:01.707000;7493199b-3dd4-436b-9f16-a0c17675886c;416.79;0.01;SELL
2016-03-27T01:05:01.547000;2016-03-27T01:05:01.707000;502c4e62-bec8-4d5a-adb2-413fe54de7b1;416.79;0.05;SELL
2016-03-27T01:05:01.547000;2016-03-27T01:05:01.707000;55fc946f-651d-46b8-9833-2aacb02988a4;416.79;0.123;SELL
2016-03-27T01:05:01.547000;2016-03-27T01:05:01.707000;6ade39d3-aeb8-4880-b970-280224f55993;416.78;0.05;SELL
2016-03-27T01:05:01.547000;2016-03-27T01:05:01.707000;bcdd8191-ddab-40a8-a68b-f687c65879c7;416.77;0.8;SELL
2016-03-27T01:05:01.547000;2016-03-27T01:05:01.707000;b7db3d4d-1583-4124-9f1b-08a1526b5d45;416.76;0.05;SELL
2016-03-27T01:05:01.547000;2016-03-27T01:05:01.707000;61dd45a4-b56a-487a-8caf-c8c6eab58eaa;416.75;0.0125;SELL
2016-03-27T01:05:01.550000;2016-03-27T01:05:01.707000;f1f42afa-72bf-4559-a3b7-448615e159cb;416.74;0.05;SELL
2016-03-27T01:05:01.550000;2016-03-27T01:05:01.707000;de74e6b9-65cd-4f3e-94af-89966697b85c;416.74;0.1;SELL
2016-03-27T01:05:01.550000;2016-03-27T01:05:01.707000;71aeed1a-eb37-4500-8d2e-d9a557459949;416.73;0.05;SELL
2016-03-27T01:05:01.550000;2016-03-27T01:05:01.707000;6f8f2f4d-e4ce-4c2e-82a9-807f83379050;416.73;0.01;SELL
2016-03-27T01:05:01.550000;2016-03-27T01:05:01.707000;dafaae66-3422-4346-9698-3a567bb16dea;416.72;0.05;SELL
2016-03-27T01:05:01.550000;2016-03-27T01:05:01.707000;2326de6e-5dbe-4093-9556-40ab98547875;416.7;0.01;SELL
2016-03-27T01:05:01.550000;2016-03-27T01:05:01.707000;f4afd476-498a-4f89-b8ad-7409d5415d6f;416.7;0.05;SELL
2016-03-27T01:05:01.550000;2016-03-27T01:05:01.707000;e2f6bf9b-181a-42a3-b264-a2a950417764;416.7;0.05;SELL
2016-03-27T01:05:01.550000;2016-03-27T01:05:01.707000;53ddad6c-fa21-4a14-8866-abfe4af67e9b;416.7;0.05;SELL
2016-03-27T01:05:01.550000;2016-03-27T01:05:01.707000;12609d38-ca59-438c-9d44-3f6636267f16;416.69;0.43383388;SELL
2016-03-27T01:05:30.757000;2016-03-27T01:05:30.803000;75236f2c-6c80-498c-b31f-7c9486783dba;416.74;0.01;BUY
2016-03-27T01:05:30.757000;2016-03-27T01:05:30.817000;f5b50bb6-a8fd-4048-b1a7-d24f6bae9739;416.75;0.05;BUY
2016-03-27T01:05:30.757000;2016-03-27T01:05:30.817000;08ad216e-ab7f-4e58-bbcd-3d51b3f4f8cf;416.75;0.01;BUY
2016-03-27T01:05:30.757000;2016-03-27T01:05:30.817000;ed675df0-6c0e-42cc-9b0e-7f98453a6702;416.77;0.05;BUY
2016-03-27T01:05:30.757000;2016-03-27T01:05:30.817000;8f3c4ccc-7b8b-4667-9535-555b6cb7e592;416.79;0.05;BUY
2016-03-27T01:05:30.757000;2016-03-27T01:05:30.897000;faef9805-5e99-48a3-a1da-af20a80daac8;416.79;0.06286;BUY
2016-03-27T01:05:43.540000;2016-03-27T01:05:43.583000;6da77444-548f-45fb-8c91-307c6d6d96a7;416.8;0.05;BUY
2016-03-27T01:05:43.540000;2016-03-27T01:05:43.583000;27563d92-2476-4368-9ecc-663ae15ef2a9;416.82;0.84;BUY
2016-03-27T01:06:02.963000;2016-03-27T01:06:03.007000;3c066224-363b-4290-8594-75041e48bbe2;416.74;0.05;SELL
2016-03-27T01:06:02.963000;2016-03-27T01:06:03.020000;50117fa1-b87e-4f02-b479-f30cc2f7358f;416.72;0.05;SELL
2016-03-27T01:06:02.963000;2016-03-27T01:06:03.020000;26fd7c05-4764-4678-ba01-f33aa6a22db5;416.71;0.01;SELL
2016-03-27T01:06:02.963000;2016-03-27T01:06:03.020000;53b091ea-d4d4-4f4a-97a5-ac1574cbc0eb;416.7;0.05;SELL
2016-03-27T01:06:02.963000;2016-03-27T01:06:03.067000;2fdc3f1a-cbfa-46bc-9e1e-6283d792e594;416.7;0.05;SELL
2016-03-27T01:06:02.963000;2016-03-27T01:06:03.083000;f9c8c997-ccdb-4fee-a074-3481fd86e0b5;416.7;0.35;SELL
2016-03-27T01:06:02.963000;2016-03-27T01:06:03.083000;26b5a6ea-7968-4c18-bfb8-caaac8e21be7;416.69;8.88;SELL
2016-03-27T01:06:02.963000;2016-03-27T01:06:03.083000;c98152b6-7fe4-435d-bc8c-b665ec6c3e1c;416.68;0.05;SELL
2016-03-27T01:06:02.963000;2016-03-27T01:06:03.083000;d821332e-b2f7-47aa-84d5-63c3c14f36a5;416.68;7.18674;SELL
2016-03-27T01:06:02.963000;2016-03-27T01:06:03.100000;af6b08af-c703-417d-83ba-59e7da2f396c;416.67;0.05;SELL
2016-03-27T01:06:02.963000;2016-03-27T01:06:03.100000;1201493a-1bdf-4c7b-a909-954e0bf1033d;416.67;0.105;SELL
2016-03-27T01:06:02.963000;2016-03-27T01:06:03.100000;f753024c-1392-4a76-b02e-4a4c35449414;416.66;0.00634;SELL
2016-03-27T01:06:02.963000;2016-03-27T01:06:03.100000;8c19f6ba-5dbd-4d44-a95d-0bf90f24f6be;416.66;0.015;SELL
2016-03-27T01:06:02.963000;2016-03-27T01:06:03.100000;1ee186f9-03ff-42f4-95ef-d854eeb1d2d8;416.64;0.05;SELL
2016-03-27T01:06:02.963000;2016-03-27T01:06:03.100000;ae9f9999-e75f-4bad-a231-7da8ede13877;416.62;0.05;SELL
2016-03-27T01:06:02.963000;2016-03-27T01:06:03.100000;d08c4189-efc2-4c4e-a5b2-54a66ca1939e;416.62;0.20017;SELL
2016-03-27T01:06:02.963000;2016-03-27T01:06:03.113000;15f1d0ef-fcef-4247-ab70-f791cd9f57e8;416.62;0.082;SELL
2016-03-27T01:06:02.963000;2016-03-27T01:06:03.113000;5958efb4-bfdc-47ce-9402-926fd5762a4e;416.61;0.05;SELL
2016-03-27T01:06:02.963000;2016-03-27T01:06:03.113000;e61180fa-f6b4-425e-8897-bae6fcb7699a;416.6;0.05;SELL
2016-03-27T01:06:02.963000;2016-03-27T01:06:03.113000;2a583f11-73ce-42dd-8c72-bdceb336332d;416.6;0.05;SELL
2016-03-27T01:06:02.967000;2016-03-27T01:06:03.113000;f90f7374-2c53-48cd-ae1e-a2c97838fad6;416.6;0.010003;SELL
2016-03-27T01:06:02.967000;2016-03-27T01:06:03.113000;aa43f047-b4ef-41f6-a362-2714ee6b59dc;416.6;0.622;SELL
2016-03-27T01:06:02.967000;2016-03-27T01:06:03.113000;d221d7f2-8fce-448f-9dd0-5f4202016be1;416.58;0.05;SELL
2016-03-27T01:06:02.967000;2016-03-27T01:06:03.113000;50c2c4cb-bcb8-4b7d-b1a5-08c99f5c3168;416.58;0.05;SELL
2016-03-27T01:06:02.967000;2016-03-27T01:06:03.130000;150adb84-34ce-4f64-a8e7-8ad5f9fd8329;416.58;0.05;SELL
2016-03-27T01:06:02.967000;2016-03-27T01:06:03.130000;72f534b7-9365-4f67-a124-b9edfff0d6ac;416.57;0.076;SELL
2016-03-27T01:06:02.967000;2016-03-27T01:06:03.130000;56ed7f94-7b31-4825-acf6-e9a1c40c43e8;416.56;0.05;SELL
2016-03-27T01:06:02.967000;2016-03-27T01:06:03.130000;f69762de-4554-473c-b240-4f6feafc97f9;416.56;0.05;SELL
2016-03-27T01:06:02.967000;2016-03-27T01:06:03.130000;030dcb73-1455-412b-8cb4-6c5bde48e3c6;416.55;0.01;SELL
2016-03-27T01:06:02.967000;2016-03-27T01:06:03.130000;cc83f4ff-5bb7-4e00-84d6-1f52ccfb61d4;416.55;0.05;SELL
2016-03-27T01:06:02.967000;2016-03-27T01:06:03.130000;079fad59-391f-4721-ac0e-cfa870f603d5;416.54;0.05;SELL
2016-03-27T01:06:02.970000;2016-03-27T01:06:03.130000;dab74c8a-464d-4e38-bffb-8547b507ba55;416.53;0.01;SELL
2016-03-27T01:06:02.970000;2016-03-27T01:06:03.130000;52629ef1-3300-494b-a7fc-9949ce055134;416.52;0.04629;SELL
2016-03-27T01:06:02.970000;2016-03-27T01:06:03.130000;6b5f2db0-37e7-4d10-9441-56045e054564;416.52;0.05;SELL
2016-03-27T01:06:02.970000;2016-03-27T01:06:03.130000;e05d3efb-6eed-4f13-93b8-acdf04f9b9cf;416.52;0.078;SELL
2016-03-27T01:06:02.970000;2016-03-27T01:06:03.130000;00ec3c7c-cf05-4814-a900-171f34b18206;416.5;0.01;SELL
2016-03-27T01:06:02.970000;2016-03-27T01:06:03.130000;ba0b5371-cbfc-4111-bc5c-ebecaeb0b538;416.5;0.05;SELL
2016-03-27T01:06:02.970000;2016-03-27T01:06:03.160000;e7138d9d-9ebf-4a2f-b0e3-f92fadc6b6b0;416.5;3.0;SELL
2016-03-27T01:06:02.970000;2016-03-27T01:06:03.177000;10b5aa51-a088-4ef9-ae12-b571c45136c4;416.5;1.551277;SELL
2016-03-27T01:06:32.233000;2016-03-27T01:06:32.287000;b0de4233-9a59-4995-a4ce-ee3aa02ed129;416.55;0.01;SELL
2016-03-27T01:06:32.233000;2016-03-27T01:06:32.287000;08a62d84-7ff0-45ab-975e-547e7a9efb16;416.54;0.01;SELL
2016-03-27T01:06:32.233000;2016-03-27T01:06:32.287000;ac292f18-7cf1-480b-989b-6cef5a1e069a;416.53;0.00953;SELL
2016-03-27T01:07:00.827000;2016-03-27T01:07:00.863000;31d0771b-b19f-4b89-8af7-5f7ab720b10d;416.56;0.01;BUY
2016-03-27T01:07:00.827000;2016-03-27T01:07:00.880000;12488b9c-6827-4092-8b6d-a83bba16a405;416.57;0.05;BUY
2016-03-27T01:07:00.827000;2016-03-27T01:07:00.880000;f8e56296-6e8a-4b26-8a51-767392689c40;416.59;0.05;BUY
2016-03-27T01:07:00.827000;2016-03-27T01:07:00.880000;0d7ee0e0-d5a4-488e-bf51-c22228bac01e;416.61;0.05;BUY
2016-03-27T01:07:00.827000;2016-03-27T01:07:00.880000;3a15ced9-ed36-4912-bc74-af3be2337472;416.61;0.05;BUY
2016-03-27T01:07:00.827000;2016-03-27T01:07:00.973000;9efbb267-4fbf-466d-9b17-57ae031cbebb;416.62;0.05;BUY
2016-03-27T01:07:00.827000;2016-03-27T01:07:00.973000;9e37dc58-c943-470e-b6be-00a4ac2780bd;416.63;0.00141;BUY
2016-03-27T01:07:31.047000;2016-03-27T01:07:31.083000;e20174c5-4343-4ff2-af39-a40e59efdf2f;416.62;0.01;SELL
2016-03-27T01:07:31.047000;2016-03-27T01:07:31.100000;6ea4d718-7132-4783-b3a4-00f82b9aa05d;416.59;0.01;SELL
2016-03-27T01:07:31.047000;2016-03-27T01:07:31.100000;82400ff4-ab4f-4b0a-988a-eb30fbabee10;416.58;0.00938;SELL
2016-03-27T01:08:00.857000;2016-03-27T01:08:00.897000;e5ad2125-8b8d-4418-9345-f4fbdb26d319;416.62;0.01;BUY
2016-03-27T01:08:00.857000;2016-03-27T01:08:00.910000;5d8525e1-8ddb-45dd-b90a-33c7058f7423;416.63;0.04859;BUY
2016-03-27T01:08:00.857000;2016-03-27T01:08:00.910000;4db2edfc-9bed-43bd-8463-fa5ff44ecc5f;416.63;0.05;BUY
2016-03-27T01:08:00.857000;2016-03-27T01:08:00.910000;195697fe-8099-4346-b4c5-9fd23026c9eb;416.65;0.05;BUY
2016-03-27T01:08:00.857000;2016-03-27T01:08:00.910000;e40e3bea-1b84-4446-ab0f-6f98097fcb9d;416.65;0.05;BUY
2016-03-27T01:08:00.857000;2016-03-27T01:08:01.007000;b28307fc-272b-4757-9550-25aec1d6c68b;416.65;0.05;BUY
2016-03-27T01:08:00.857000;2016-03-27T01:08:01.007000;72f5372c-f3f4-459d-b6d7-2e3f2628941f;416.65;0.01;BUY
2016-03-27T01:08:00.857000;2016-03-27T01:08:01.007000;d3bb4215-2f12-4f33-8dcd-23ad68baa277;416.67;0.05;BUY
2016-03-27T01:08:00.857000;2016-03-27T01:08:01.007000;5daee6a4-f2ef-4631-ae2f-615ba5b27193;416.68;0.05;BUY
2016-03-27T01:08:00.857000;2016-03-27T01:08:01.007000;9d9f62d8-595d-4311-a703-b5a544119180;416.68;0.01;BUY
2016-03-27T01:08:00.857000;2016-03-27T01:08:01.007000;cfb5796a-0d29-4356-bcc5-1871faa5c9cd;416.7;0.16186;BUY
2016-03-27T01:08:30.887000;2016-03-27T01:08:30.910000;3eb1306b-0333-4670-b2da-57aed4dffc3e;416.71;0.05;BUY
2016-03-27T01:08:30.887000;2016-03-27T01:08:30.927000;f70d8295-a173-4b6d-9f68-a4edf3ab0b78;416.71;0.05;BUY
2016-03-27T01:08:30.887000;2016-03-27T01:08:30.927000;93471d03-5288-4cbe-bec3-6ce93dd96cec;416.72;0.01;BUY
2016-03-27T01:08:30.887000;2016-03-27T01:08:30.927000;42ee4f39-0d26-45b5-be92-975662fab861;416.73;0.05;BUY
2016-03-27T01:08:30.887000;2016-03-27T01:08:30.927000;f2b59685-f1f4-4f5e-9693-1ad8b2c7fbbc;416.74;0.05;BUY
2016-03-27T01:08:30.887000;2016-03-27T01:08:30.927000;0713c40d-48e4-47e3-9ad9-df55ba215c3d;416.75;0.05;BUY
2016-03-27T01:08:30.887000;2016-03-27T01:08:30.957000;0960d202-6cb5-4459-af60-17cf410e1ede;416.77;0.05;BUY
2016-03-27T01:08:30.887000;2016-03-27T01:08:30.990000;eb440ed0-2b65-4e2b-a92b-36c6a0df7efb;416.77;0.05;BUY
2016-03-27T01:08:30.887000;2016-03-27T01:08:30.990000;63f2702e-4097-4f91-a6d6-2e61a358acc2;416.77;0.01;BUY
2016-03-27T01:08:30.887000;2016-03-27T01:08:30.990000;bcc03fb9-6920-4df7-9214-1d2778ab87f9;416.77;2.00948;BUY
2016-03-27T01:09:01.053000;2016-03-27T01:09:01.083000;bddba756-04b6-4a69-8800-b4e3fc104473;416.78;0.01;BUY
2016-03-27T01:09:01.053000;2016-03-27T01:09:01.100000;50c854b4-6a87-490a-a8eb-7418932db6d8;416.79;0.05;BUY
2016-03-27T01:09:01.053000;2016-03-27T01:09:01.100000;bfa3476b-4abd-43bb-aa91-d0e78936687c;416.79;0.10627;BUY
2016-03-27T01:10:00.923000;2016-03-27T01:10:00.957000;73cb0c2d-aa8e-41fc-b14f-3ea53ed62d32;416.8;0.01;BUY
2016-03-27T01:10:00.923000;2016-03-27T01:10:00.973000;6418f771-a1bd-40b1-a45a-254f0c7ccb44;416.8;0.05;BUY
2016-03-27T01:10:00.927000;2016-03-27T01:10:00.973000;29d6ebfd-8915-4e80-a61f-2e7f2b00d7a4;416.8;0.01;BUY
2016-03-27T01:10:00.927000;2016-03-27T01:10:00.973000;d08d8852-78cd-4ae8-aeb1-ca0a023f9030;416.83;0.05;BUY
2016-03-27T01:10:00.927000;2016-03-27T01:10:00.973000;0c4755c1-869d-4bea-94d6-4b616c5aed62;416.83;0.05;BUY
2016-03-27T01:10:00.927000;2016-03-27T01:10:01.053000;17d8d993-5ed8-47cd-aed8-c37ca7d7db70;416.83;0.42382;BUY
2016-03-27T01:10:32.393000;2016-03-27T01:10:32.427000;26f0f972-2cc3-4039-bd34-af130a44768a;416.82;0.01;BUY
2016-03-27T01:10:32.393000;2016-03-27T01:10:32.427000;0199ed68-7bf0-49e2-8ded-84eeb50ed917;416.83;0.10464;BUY
2016-03-27T01:10:36.303000;2016-03-27T01:10:36.333000;e6e322ec-fc87-433c-af98-fbb5e32b2ae1;416.82;0.01;SELL
2016-03-27T01:11:01.073000;2016-03-27T01:11:01.100000;e16377e7-5f98-409f-9d19-2ad7cbecb25f;416.86;0.038;BUY
2016-03-27T01:11:31.257000;2016-03-27T01:11:31.287000;707c3203-d416-4893-bd68-71527f452659;416.85;0.01;BUY
2016-03-27T01:11:31.257000;2016-03-27T01:11:31.287000;842bb80a-9455-4352-ba59-8abe25351d61;416.86;0.012;BUY
2016-03-27T01:11:31.257000;2016-03-27T01:11:31.287000;d7c33d69-af5a-457f-914f-210a2980bc24;416.88;0.42;BUY
2016-03-27T01:11:31.257000;2016-03-27T01:11:31.303000;4fdbd751-7373-4f3c-991d-2ceb09e5b0b5;416.89;0.05;BUY
2016-03-27T01:11:31.257000;2016-03-27T01:11:31.303000;c0cd4078-f9c2-4825-ba5b-b20476de9583;416.89;0.06603;BUY
2016-03-27T01:12:01.010000;2016-03-27T01:12:01.037000;4984c58b-4d0c-4cc4-bf6e-03986131cab3;416.9;0.01;BUY
2016-03-27T01:12:01.010000;2016-03-27T01:12:01.037000;b53a9790-d410-49dd-b7f7-1cbda874c514;416.9;0.622;BUY
2016-03-27T01:12:01.010000;2016-03-27T01:12:01.053000;fb3a8d68-4912-4299-9f73-798bdfb3a380;416.9;0.01;BUY
2016-03-27T01:12:01.010000;2016-03-27T01:12:01.053000;50709b5f-4184-4923-8b42-a489d170a342;416.9;0.43538;BUY
2016-03-27T01:14:01.597000;2016-03-27T01:14:01.613000;1cc306af-5f1e-4f54-bd28-f3660ad6a12b;416.89;0.01;BUY
2016-03-27T01:14:01.597000;2016-03-27T01:14:01.630000;11c78882-86c2-40c2-b6a9-69a81ff09a32;416.93;0.46534;BUY
2016-03-27T01:14:31.367000;2016-03-27T01:14:31.380000;fa064ec4-baba-4805-b0de-5c090b9d2656;416.88;0.0214;BUY
2016-03-27T01:14:31.367000;2016-03-27T01:14:31.380000;8b353c70-0b48-4b02-ab9d-9af5c0388f59;416.9;0.01;BUY
2016-03-27T01:14:31.367000;2016-03-27T01:14:31.380000;f5ff1e43-e3b3-4cd6-ab45-f8df09779933;416.92;0.2011;BUY
2016-03-27T01:14:31.367000;2016-03-27T01:14:31.397000;513d457a-160f-46b9-88f3-6b9073da1bfd;416.92;3.15144;BUY
2016-03-27T01:15:01.207000;2016-03-27T01:15:01.257000;cc85718f-92ea-474b-9ffa-40096bd6d2f4;416.91;0.178;BUY
2016-03-27T01:15:30.897000;2016-03-27T01:15:30.943000;b52ae654-1d37-4f5a-99f8-75393645fd1d;416.89;0.01;BUY
2016-03-27T01:15:30.897000;2016-03-27T01:15:30.960000;c23fd088-e4a6-48d5-923f-4f477c924025;416.92;0.23042;BUY
2016-03-27T01:16:30.873000;2016-03-27T01:16:30.913000;de5ce065-db5e-4b01-a935-c7d740b4908c;416.9;2.09373395;BUY
2016-03-27T01:16:30.877000;2016-03-27T01:16:30.927000;74b58231-4319-4c50-b8f9-4587b84a391a;416.9;0.35;BUY
2016-03-27T01:16:30.877000;2016-03-27T01:16:30.927000;925378fb-3664-4537-b5e5-78fa0b5b7156;416.92;0.66712605;BUY
2016-03-27T01:17:09.523000;2016-03-27T01:17:09.570000;818a30c8-e923-42f4-9194-89a673b6e0d3;416.86;0.01;SELL
2016-03-27T01:17:31.583000;2016-03-27T01:17:31.630000;05704e62-4cf0-4388-aec6-17085122d737;416.9;0.05867;BUY
2016-03-27T01:17:46.580000;2016-03-27T01:17:46.617000;2bd97264-61ca-49cd-8b9a-04421d6e0663;416.89;0.02;BUY
2016-03-27T01:18:01.100000;2016-03-27T01:18:01.147000;3efcfba4-8fc2-4bf6-a366-3fd3d3ccb767;416.9;0.11515;BUY
2016-03-27T01:18:17.687000;2016-03-27T01:18:17.740000;66f75ab0-0077-4882-a561-e9c567282806;416.89;0.01;SELL
2016-03-27T01:18:17.687000;2016-03-27T01:18:17.740000;fdf4f590-6c19-4c7b-97bf-dd807e4af066;416.85;0.01;SELL
2016-03-27T01:18:17.687000;2016-03-27T01:18:17.740000;173b8214-d400-4bf9-bdcf-ea39ff3a8f4d;416.84;0.0125;SELL
2016-03-27T01:18:17.687000;2016-03-27T01:18:17.740000;4fab81d1-d863-4ecf-ab6f-8be0c28d60fd;416.8;0.00832;SELL
2016-03-27T01:18:31.030000;2016-03-27T01:18:31.070000;e6e9369c-07d9-4869-8849-1e67c09bded9;416.83;0.37289;BUY
2016-03-27T01:19:00.990000;2016-03-27T01:19:01.037000;003d5a07-d295-4750-b3a1-d15ffe687b6f;416.83;0.33254;BUY
2016-03-27T01:19:31.043000;2016-03-27T01:19:31.083000;c3a70e64-5aac-4220-a6d8-33183abb6327;416.83;1.13303;BUY
2016-03-27T01:20:00.973000;2016-03-27T01:20:01.020000;641eeae2-5beb-444f-ab75-b0b83fbbcdbe;416.83;1.21154;BUY
2016-03-27T01:20:00.973000;2016-03-27T01:20:01.020000;66193da8-7f59-4b69-9eea-fe18cd632f15;416.88;7.19851;BUY
2016-03-27T01:20:00.973000;2016-03-27T01:20:01.020000;e89eb640-2764-4f21-850f-301d3b92eba7;416.89;0.63;BUY
2016-03-27T01:20:00.973000;2016-03-27T01:20:01.020000;0b63478c-00de-4f3a-8c07-69d1a147a83d;416.9;0.01;BUY
2016-03-27T01:20:00.973000;2016-03-27T01:20:01.037000;92543b7c-6ea4-48cd-926a-e3b136c70374;416.93;3.15;BUY
2016-03-27T01:20:00.973000;2016-03-27T01:20:01.037000;2b942c97-2cd1-4791-a118-74392af44d18;416.95;1.17642312;BUY
2016-03-27T01:20:00.973000;2016-03-27T01:20:01.083000;7c40e466-ef42-4a53-ac37-5b864953be5c;416.95;0.03;BUY
2016-03-27T01:20:00.973000;2016-03-27T01:20:01.100000;541560e5-656a-469b-9696-6e49e9c636d3;416.96;0.01;BUY
2016-03-27T01:20:00.973000;2016-03-27T01:20:01.100000;33b9ee2a-4332-4a7e-a8f0-31768df15132;416.96;0.01372;BUY
2016-03-27T01:20:00.973000;2016-03-27T01:20:01.100000;111cd43f-fda8-4454-9d38-67d9150da14f;416.96;3.357;BUY
2016-03-27T01:20:00.973000;2016-03-27T01:20:01.100000;794f6098-8be1-4295-9124-948fcec39212;417.0;0.02;BUY
2016-03-27T01:20:00.973000;2016-03-27T01:20:01.100000;3f818c52-c346-44f6-8d4b-5637afacedf0;417.0;0.01;BUY
2016-03-27T01:20:00.973000;2016-03-27T01:20:01.100000;5bc07376-2ec9-4ed8-8e72-e17e97eda425;417.0;0.01;BUY
2016-03-27T01:20:00.977000;2016-03-27T01:20:01.100000;00c6b892-89b5-43c6-b276-5d234fe6a6fa;417.01;0.05;BUY
2016-03-27T01:20:00.977000;2016-03-27T01:20:01.100000;92b11a53-5be6-4b18-8758-eeb272216630;417.04;0.05;BUY
2016-03-27T01:20:00.977000;2016-03-27T01:20:01.100000;70bbf98d-a4df-4ee2-a844-9e2836e903f8;417.06;0.01;BUY
2016-03-27T01:20:00.977000;2016-03-27T01:20:01.100000;ac217eb8-4b3e-40c6-8d81-d103e566a9ac;417.07;0.2;BUY
2016-03-27T01:20:00.977000;2016-03-27T01:20:01.100000;3693d6f2-21a0-479b-9ff6-b6fe025b6649;417.08;0.02;BUY
2016-03-27T01:20:00.977000;2016-03-27T01:20:01.100000;349ffc92-b7c6-48e8-8d8e-7f6c3b8dbc0e;417.08;0.294;BUY
2016-03-27T01:20:00.977000;2016-03-27T01:20:01.100000;767ce3e6-fdd7-44d9-bee1-6f26a4181514;417.08;0.35;BUY
2016-03-27T01:20:00.977000;2016-03-27T01:20:01.100000;4d262f77-1434-40e0-8b75-3d5b59fdd41b;417.09;6.56821688;BUY
2016-03-27T01:20:36.010000;2016-03-27T01:20:36.053000;37de1416-7a86-428e-8ae0-afe19b063131;416.97;0.035;BUY
2016-03-27T01:20:36.100000;2016-03-27T01:20:36.130000;a334d42e-e72d-4bb6-8990-750748992aa5;416.97;0.0375;BUY
2016-03-27T01:20:36.167000;2016-03-27T01:20:36.193000;6841192e-86cd-40b0-a9bc-86dfe14bc65f;416.97;0.0275;BUY
2016-03-27T01:20:36.193000;2016-03-27T01:20:36.223000;2cf6b3ca-2f39-4985-8e2d-d7f5da1c7f0e;416.97;0.01;BUY
2016-03-27T01:21:30.980000;2016-03-27T01:21:31.007000;25e5df19-cee8-43fc-8779-f7194418a36e;416.97;0.05474;BUY
2016-03-27T01:22:02.567000;2016-03-27T01:22:02.600000;061cc11f-ff36-481f-91aa-dc6c9afc4bc5;416.97;0.71236;BUY
2016-03-27T01:23:00.980000;2016-03-27T01:23:01.007000;37d90d31-ea50-4b5e-a7fb-034c5b6860f0;416.97;1.1879;BUY
2016-03-27T01:23:00.980000;2016-03-27T01:23:01.023000;64a5af43-012c-4501-b39a-4b99a57c7eee;416.98;0.622;BUY
2016-03-27T01:23:00.980000;2016-03-27T01:23:01.023000;3d75c194-99a7-4668-9ed6-da618eac4021;416.99;0.1888;BUY
2016-03-27T01:23:31.070000;2016-03-27T01:23:31.100000;06e199c6-4831-4a85-a4a3-f97df3f19f86;416.98;0.01;BUY
2016-03-27T01:23:31.070000;2016-03-27T01:23:31.100000;19518847-13cc-4a45-9277-31db73b15f45;416.98;0.13247;BUY
2016-03-27T01:24:35.407000;2016-03-27T01:24:35.443000;e0539bc2-ebe1-40db-9b0c-a8d9b7160a3e;416.95;0.01;SELL
2016-03-27T01:24:35.407000;2016-03-27T01:24:35.460000;516013a2-5f6c-46fa-9d3f-4929bd67f888;416.94;0.05;SELL
2016-03-27T01:24:35.407000;2016-03-27T01:24:35.460000;92ced461-7e87-4de1-bc52-885ef943e526;416.94;0.0125;SELL
2016-03-27T01:24:35.407000;2016-03-27T01:24:35.460000;a0478032-7c79-4064-9c25-8fd66bf6917d;416.91;0.05;SELL
2016-03-27T01:24:35.410000;2016-03-27T01:24:35.460000;13299145-57fd-41c5-8237-4b0d40b09e5d;416.89;0.35;SELL
2016-03-27T01:24:35.410000;2016-03-27T01:24:35.460000;d5d82c17-cfd8-4c51-af7d-3b86f54b1151;416.89;0.35;SELL
2016-03-27T01:24:35.410000;2016-03-27T01:24:35.460000;4adc6a1f-e80a-4c3f-9e92-b5772efacb91;416.89;0.35;SELL
2016-03-27T01:24:35.410000;2016-03-27T01:24:35.473000;e16e2ee0-1d87-44cf-b7c6-871face59141;416.81;0.01;SELL
2016-03-27T01:24:35.410000;2016-03-27T01:24:35.473000;049883d8-b502-4b58-95ea-c6faa291f12b;416.81;0.35;SELL
2016-03-27T01:24:35.410000;2016-03-27T01:24:35.473000;a540f08d-cfa4-4c9c-8091-98d7d1bac26b;416.8;0.00168;SELL
2016-03-27T01:24:35.410000;2016-03-27T01:24:35.473000;d4028628-5cc9-42c8-8d87-d6dc5ffedf3e;416.8;0.35;SELL
2016-03-27T01:24:35.410000;2016-03-27T01:24:35.473000;b66a13ba-4e8a-405f-b87f-56c48070e914;416.79;0.01;SELL
2016-03-27T01:24:35.410000;2016-03-27T01:24:35.473000;c463bfa0-3b25-485c-ad72-a0a70b1de23d;416.79;0.05;SELL
2016-03-27T01:24:35.410000;2016-03-27T01:24:35.490000;3d339676-40a4-4f34-a2fd-eff10772c748;416.78;0.05;SELL
2016-03-27T01:24:35.410000;2016-03-27T01:24:35.490000;03d673f1-a059-4ce8-9213-fbf6fa9c104d;416.78;0.2;SELL
2016-03-27T01:24:35.410000;2016-03-27T01:24:35.490000;75727276-b039-4c0b-ba6e-6a6b01541bb9;416.77;0.01;SELL
2016-03-27T01:24:35.410000;2016-03-27T01:24:35.490000;acf1c5dc-1f80-4da6-997e-6b5a56844ff8;416.77;0.42;SELL
2016-03-27T01:24:35.410000;2016-03-27T01:24:35.490000;da636df6-c676-423a-b388-5505cd799408;416.76;0.05;SELL
2016-03-27T01:24:35.410000;2016-03-27T01:24:35.523000;32835839-a47f-4912-84f1-f94246ea6379;416.76;7.1557;SELL
2016-03-27T01:24:35.410000;2016-03-27T01:24:35.523000;ccd802e7-6e10-4430-8a65-3499ee01d2a1;416.75;0.0125;SELL
2016-03-27T01:24:35.410000;2016-03-27T01:24:35.523000;508a1e56-7653-4e8c-8c3c-731859dfde62;416.74;0.05;SELL
2016-03-27T01:24:35.410000;2016-03-27T01:24:35.523000;d15393a1-7e5b-4328-a73e-b079beaa1b09;416.73;0.05;SELL
2016-03-27T01:24:35.410000;2016-03-27T01:24:35.523000;32128758-7375-4aec-a524-387a11774b12;416.73;0.2012;SELL
2016-03-27T01:24:35.410000;2016-03-27T01:24:35.537000;bfb2e327-9c8e-446b-a644-448786c9841f;416.73;0.8;SELL
2016-03-27T01:24:35.410000;2016-03-27T01:24:35.537000;a317e859-825a-45fa-9e4a-7300b45a6413;416.72;0.01;SELL
2016-03-27T01:24:35.410000;2016-03-27T01:24:35.537000;6033e039-ad60-4f39-ab34-619de50c23fd;416.72;0.05;SELL
2016-03-27T01:24:35.413000;2016-03-27T01:24:35.537000;0bff82a9-1d93-4caa-8a1b-35e505e34e71;416.7;0.05;SELL
2016-03-27T01:24:35.413000;2016-03-27T01:24:35.537000;ce1c1e10-1ad8-4091-a104-4a0c9b7410dd;416.7;0.05;SELL
2016-03-27T01:24:35.413000;2016-03-27T01:24:35.537000;1a180f18-a800-4a56-b244-abc251d5332f;416.68;0.05;SELL
2016-03-27T01:24:35.413000;2016-03-27T01:24:35.537000;05e64a03-0fb6-429a-b9c5-5de730a14288;416.67;0.05;SELL
2016-03-27T01:24:35.413000;2016-03-27T01:24:35.537000;e7e7f68d-46c1-456e-9eea-dd8a918be8ce;416.66;0.05;SELL
2016-03-27T01:24:35.413000;2016-03-27T01:24:35.537000;62adf5e5-8773-466b-abfc-25ccdd728ffa;416.66;0.01;SELL
2016-03-27T01:24:35.413000;2016-03-27T01:24:35.553000;5cc50b5e-f1c4-4d77-b0d4-52a0135170b4;416.64;0.05;SELL
2016-03-27T01:24:35.413000;2016-03-27T01:24:35.553000;fa2f09f7-baf1-4cf2-9724-0543ec5112f4;416.62;0.05;SELL
2016-03-27T01:24:35.413000;2016-03-27T01:24:35.553000;e3fbc6c1-da27-498b-9f7d-d6f5d6b451b1;416.62;1.68;SELL
2016-03-27T01:24:35.413000;2016-03-27T01:24:35.553000;3c413fd1-6669-4f95-a7ae-e3fafb47b01f;416.61;0.05;SELL
2016-03-27T01:24:35.413000;2016-03-27T01:24:35.553000;fd25a49b-32da-4ddf-b842-b71c12b4d1b1;416.61;2.1;SELL
2016-03-27T01:24:35.413000;2016-03-27T01:24:35.570000;efcac023-02db-43bb-a258-711dd943f24d;416.6;0.01;SELL
2016-03-27T01:24:35.413000;2016-03-27T01:24:35.570000;a5fbfe07-b1e0-408b-af60-5f4ff6a4e100;416.6;0.05;SELL
2016-03-27T01:24:35.413000;2016-03-27T01:24:35.570000;376ea613-f227-492c-a6da-fce21a223a96;416.6;0.05;SELL
2016-03-27T01:24:35.413000;2016-03-27T01:24:35.570000;3918d20c-3bac-426f-8959-69cec06c3804;416.6;0.010003;SELL
2016-03-27T01:24:35.413000;2016-03-27T01:24:35.570000;532e0924-c530-4281-883c-f8e742fc4fa6;416.6;0.6224;SELL
2016-03-27T01:24:35.413000;2016-03-27T01:24:35.570000;da57f3f0-d6ac-4e46-9531-c9c643708b37;416.59;2.73;SELL
2016-03-27T01:24:35.413000;2016-03-27T01:24:35.570000;e1b9fc4a-261e-47bd-8971-9a3c083be0da;416.58;0.00062;SELL
2016-03-27T01:24:35.413000;2016-03-27T01:24:35.583000;a7007258-ebb8-437a-aa18-b5d0501e63b1;416.58;0.05;SELL
2016-03-27T01:24:35.413000;2016-03-27T01:24:35.583000;4b56539e-0227-4a2b-8390-c843f539197f;416.58;0.05;SELL
2016-03-27T01:24:35.413000;2016-03-27T01:24:35.583000;d250b00a-10a2-4ae9-a8c6-1ef84db4a7fb;416.58;0.05;SELL
2016-03-27T01:24:35.413000;2016-03-27T01:24:35.583000;2c54342a-fca9-4480-b608-9503cfea0ab8;416.57;2.52;SELL
2016-03-27T01:24:35.413000;2016-03-27T01:24:35.583000;7db54b6d-ed5c-4d29-a408-3d07d94e96d4;416.56;0.05;SELL
2016-03-27T01:24:35.417000;2016-03-27T01:24:35.600000;5a46ccb0-6049-4658-b443-dead4c2ef0ac;416.56;0.05;SELL
2016-03-27T01:24:35.417000;2016-03-27T01:24:35.600000;7a4ed05d-b921-409e-bb08-c2588abb5f15;416.56;0.05;SELL
2016-03-27T01:24:35.417000;2016-03-27T01:24:35.600000;1efe6152-53b8-420e-a559-86ed3828cc32;416.56;1.89;SELL
2016-03-27T01:24:35.417000;2016-03-27T01:24:35.600000;b8b253f1-6f90-4b65-802f-54739f880b43;416.55;0.05;SELL
2016-03-27T01:24:35.417000;2016-03-27T01:24:35.600000;932f1615-fbf2-4a67-8c38-78bfac36b25b;416.55;0.718587;SELL
2016-03-27T01:25:00.987000;2016-03-27T01:25:01.007000;b22699b0-c828-4020-b7bb-09be1c1b9bf2;416.83;0.62489;BUY
2016-03-27T01:25:30.897000;2016-03-27T01:25:30.913000;4b56b0cf-ba8b-4c78-9588-adc20f794757;416.83;0.23753;BUY
2016-03-27T01:26:01.837000;2016-03-27T01:26:01.850000;ca52c1df-3964-4a7a-8a90-39716b998ee7;416.82;0.01;SELL
2016-03-27T01:26:01.837000;2016-03-27T01:26:01.867000;23f1be84-e431-498a-ac55-58fb9122ed2e;416.75;0.01;SELL
2016-03-27T01:26:01.837000;2016-03-27T01:26:01.867000;492777ae-9c64-49a1-b741-7ee1ef0a16bc;416.74;0.05;SELL
2016-03-27T01:26:01.837000;2016-03-27T01:26:01.867000;dd48a1df-6e32-4b28-804a-d0db0941c5df;416.74;0.8;SELL
2016-03-27T01:26:01.837000;2016-03-27T01:26:01.867000;b19ef889-36a7-4d7f-97d9-422a34c2077b;416.72;0.05;SELL
2016-03-27T01:26:01.837000;2016-03-27T01:26:01.960000;588c4aa5-95a8-4cc5-84f4-502eaac364a9;416.7;0.05;SELL
2016-03-27T01:26:01.837000;2016-03-27T01:26:01.960000;7cc27def-a956-47ff-9c3b-4730efbe4b4c;416.7;0.05;SELL
2016-03-27T01:26:01.837000;2016-03-27T01:26:01.960000;245cf888-6f77-4a8d-a420-fcb85f603c80;416.68;0.05;SELL
2016-03-27T01:26:01.837000;2016-03-27T01:26:01.960000;74c88d32-8c18-4ef0-a64e-207f31556e02;416.67;0.05;SELL
2016-03-27T01:26:01.837000;2016-03-27T01:26:01.960000;5247545f-e66f-4d74-a9bd-b5efbefcd1dd;416.66;0.05;SELL
2016-03-27T01:26:01.837000;2016-03-27T01:26:01.960000;5b634136-d134-414a-a2d1-a6c4306b084b;416.64;0.05;SELL
2016-03-27T01:26:01.837000;2016-03-27T01:26:01.960000;e38d519d-91c9-4ace-ab5f-90e5c8ac93d9;416.63;1.0945;SELL
2016-03-27T01:26:07.573000;2016-03-27T01:26:07.583000;d6f66f40-c0b5-4760-9831-003b324f5add;416.69;0.04;BUY
2016-03-27T01:26:31.013000;2016-03-27T01:26:31.037000;9377f6a1-d3a7-4571-821a-6e38d0abc065;416.65;0.01;SELL
2016-03-27T01:26:31.013000;2016-03-27T01:26:31.053000;78ad5c94-633c-4cc0-9eaf-59d8f85a6528;416.65;0.01;SELL
2016-03-27T01:26:31.013000;2016-03-27T01:26:31.053000;1ae1fe54-e2b2-4f2c-bfb1-d44a06d0ea1b;416.62;0.05;SELL
2016-03-27T01:26:31.013000;2016-03-27T01:26:31.053000;e032f369-e182-46a4-99e3-912358bf0d65;416.61;0.05;SELL
2016-03-27T01:26:31.013000;2016-03-27T01:26:31.053000;2a0a634f-0fc0-4085-88e7-b6419c80102a;416.6;0.05;SELL
2016-03-27T01:26:31.013000;2016-03-27T01:26:31.117000;53533ff1-0461-4015-9165-6b37893fa457;416.6;0.05;SELL
2016-03-27T01:26:31.017000;2016-03-27T01:26:31.117000;d4750f45-59d5-4fb8-b6d6-3eae6a5e3f42;416.58;0.05;SELL
2016-03-27T01:26:31.017000;2016-03-27T01:26:31.117000;47963ff6-a1ed-499a-b24b-ffc475317079;416.58;0.05;SELL
2016-03-27T01:26:31.017000;2016-03-27T01:26:31.117000;7f5d3493-015f-4fca-b1eb-517fd92be4e0;416.58;0.05;SELL
2016-03-27T01:26:31.017000;2016-03-27T01:26:31.117000;0a53ee70-bf5b-4ee3-a22a-6fed1f4f7648;416.56;0.05;SELL
2016-03-27T01:26:31.017000;2016-03-27T01:26:31.117000;3486db07-1642-48c3-a861-a44e1ceab8f7;416.56;0.05;SELL
2016-03-27T01:26:31.017000;2016-03-27T01:26:31.117000;5e67a17a-0437-4ff9-82d2-4803db3e6eaa;416.55;0.05;SELL
2016-03-27T01:26:31.017000;2016-03-27T01:26:31.117000;7d4c5360-82cb-45aa-9256-d88d2e2c2531;416.54;0.01;SELL
2016-03-27T01:26:31.017000;2016-03-27T01:26:31.117000;7bb9089e-90aa-4a35-a8e7-7454f63dfe1e;416.54;0.05;SELL
2016-03-27T01:26:31.017000;2016-03-27T01:26:31.117000;f6afba59-fc30-40c9-baa8-3767ecc45030;416.53;0.00047;SELL
2016-03-27T01:26:31.017000;2016-03-27T01:26:31.117000;2d3c8689-6887-4bcb-8b8d-7b190267f12c;416.53;0.2;SELL
2016-03-27T01:26:31.017000;2016-03-27T01:26:31.117000;ca8f4a1e-ded1-434f-be1c-2381bc21bf5c;416.52;0.05;SELL
2016-03-27T01:26:31.017000;2016-03-27T01:26:31.117000;dc8a5dfd-5a10-4c28-bfe6-835a6e134fb7;416.52;0.05;SELL
2016-03-27T01:26:31.017000;2016-03-27T01:26:31.117000;aed1860d-6a7e-498f-947d-f29f35328b08;416.52;0.37991;SELL
2016-03-27T01:27:00.963000;2016-03-27T01:27:00.973000;6cc52d74-25c3-41be-86c8-b67352b5ed89;416.54;0.01;SELL
2016-03-27T01:27:00.963000;2016-03-27T01:27:01.007000;4b866108-1613-47e7-b4b3-8181e97490b1;416.51;0.01;SELL
2016-03-27T01:27:00.963000;2016-03-27T01:27:01.007000;9304d50f-8cbd-4872-bf12-705d28e2dc31;416.5;0.00519;SELL
2016-03-27T01:27:15.630000;2016-03-27T01:27:15.647000;5fac24b6-8103-424e-89bf-49a87aa4682a;416.56;0.01;BUY
2016-03-27T01:27:15.630000;2016-03-27T01:27:15.663000;0ed3e393-69db-48cd-be20-b3671456e3cb;416.56;0.01;BUY
2016-03-27T01:27:15.630000;2016-03-27T01:27:15.663000;037b7f03-195c-4e99-8b6c-4ee8637f1003;416.57;0.05;BUY
2016-03-27T01:27:15.630000;2016-03-27T01:27:15.663000;74a48a14-82c4-448c-8b21-c013770cc6f7;416.59;0.03;BUY
2016-03-27T01:27:32.113000;2016-03-27T01:27:32.130000;1cd08f10-9e45-425c-abbf-1fa9f8691e42;416.59;0.02;BUY
2016-03-27T01:27:32.113000;2016-03-27T01:27:32.147000;b9435334-d395-4fd8-a73f-964e2f4e1fad;416.61;0.01419;BUY
2016-03-27T01:28:30.947000;2016-03-27T01:28:30.960000;fc39cf2e-96ea-4b90-9727-4c066dd7a6b7;416.6;0.01;SELL
2016-03-27T01:28:30.947000;2016-03-27T01:28:30.977000;8c78052c-ff81-4e78-88b4-ca1cb545f53a;416.6;0.0163;SELL
2016-03-27T01:28:30.947000;2016-03-27T01:28:30.977000;1036f774-e36f-47b1-a8fe-4f7afce83899;416.59;0.0125;SELL
2016-03-27T01:28:30.947000;2016-03-27T01:28:30.977000;b45ec49c-27ce-47c8-93b4-0b10d6675ba2;416.58;0.01;SELL
2016-03-27T01:28:30.947000;2016-03-27T01:28:30.977000;019e884a-f73c-4df6-a1ad-1fd6a66e38c8;416.55;0.01;SELL
2016-03-27T01:28:30.947000;2016-03-27T01:28:31.070000;f4c3934a-ceaa-48ea-9152-2f541fa1580e;416.54;0.01;SELL
2016-03-27T01:28:30.947000;2016-03-27T01:28:31.070000;90720a6f-1776-4964-be15-46639b3beda0;416.54;0.05;SELL
2016-03-27T01:28:30.947000;2016-03-27T01:28:31.070000;9dc7e139-9dc4-4500-948e-be6017f34e87;416.52;0.05;SELL
2016-03-27T01:28:30.947000;2016-03-27T01:28:31.070000;0c8fb4d2-afef-42d3-8da1-f8d2395fbb97;416.5;0.92043;SELL
2016-03-27T01:29:00.907000;2016-03-27T01:29:00.913000;80e121bc-b354-4cb5-bc9f-23912edb75a6;416.54;0.73685;BUY
2016-03-27T01:29:33.163000;2016-03-27T01:29:33.163000;b2d8ccb6-4f16-434a-aa37-a17e394f688d;416.55;0.02;BUY
2016-03-27T01:29:33.163000;2016-03-27T01:29:33.177000;5590d936-c42a-498c-b8a2-d311706a4cbb;416.57;0.05;BUY
2016-03-27T01:29:33.163000;2016-03-27T01:29:33.177000;62defcdb-65fe-4ec2-9f70-458220a8e633;416.59;0.05;BUY
2016-03-27T01:29:33.163000;2016-03-27T01:29:33.210000;7840fab7-3fd5-47f0-952b-facfcb98ae5e;416.6;0.01;BUY
2016-03-27T01:29:33.163000;2016-03-27T01:29:33.210000;045b3137-1fe1-4d01-93b2-ee705874d580;416.61;0.03581;BUY
2016-03-27T01:29:33.163000;2016-03-27T01:29:33.273000;7fd933fa-c8ff-48a3-999d-e2b477a6f40e;416.61;0.04812;BUY
2016-03-27T01:30:31.010000;2016-03-27T01:30:31.063000;dd7c7f4f-988a-4d72-b161-dd95f012e28d;416.61;0.00188;BUY
2016-03-27T01:30:31.010000;2016-03-27T01:30:31.077000;27774d85-07c2-4926-8715-89c0973f605c;416.61;2.9758;BUY
2016-03-27T01:31:00.977000;2016-03-27T01:31:01.030000;2488ff8d-7e28-4c81-8ff4-e78c5eac5af1;416.57;0.01;SELL
2016-03-27T01:31:00.977000;2016-03-27T01:31:01.047000;c614a615-39c6-4b99-8347-14e6882fd325;416.56;0.0175;SELL
2016-03-27T01:31:00.977000;2016-03-27T01:31:01.047000;9e982b17-3eb4-4029-aac8-80c2adfb5281;416.54;0.05;SELL
2016-03-27T01:31:00.977000;2016-03-27T01:31:01.047000;d876514e-8768-4d93-aa03-b0523839d3d1;416.52;0.01;SELL
2016-03-27T01:31:00.977000;2016-03-27T01:31:01.047000;25205a15-7eb5-4780-83c9-7495b9be2647;416.52;0.05;SELL
2016-03-27T01:31:00.977000;2016-03-27T01:31:01.047000;12fb57d5-a5d9-4e2c-bea7-65d3a38e0e63;416.5;0.05;SELL
2016-03-27T01:31:00.977000;2016-03-27T01:31:01.063000;0c58d727-f65d-4cb9-9405-116682b92c26;416.48;0.05;SELL
2016-03-27T01:31:00.977000;2016-03-27T01:31:01.063000;3df2a648-b0a9-4e20-bdaf-f24678829d49;416.47;0.12;SELL
2016-03-27T01:31:00.977000;2016-03-27T01:31:01.063000;5789455f-0348-433e-ae9c-29d62b42803c;416.46;0.05;SELL
2016-03-27T01:31:00.977000;2016-03-27T01:31:01.063000;111c59f2-7079-48b9-9ed3-a50785403bd4;416.44;0.05;SELL
2016-03-27T01:31:00.980000;2016-03-27T01:31:01.063000;e0a2a728-500f-4b64-8fca-c33db33b6e17;416.42;0.02703;SELL
2016-03-27T01:31:31.813000;2016-03-27T01:31:31.860000;622e133c-1319-45ab-bfdd-c1329eb22eea;416.49;0.03605;BUY
2016-03-27T01:32:00.980000;2016-03-27T01:32:01.017000;2a06a0e6-2945-4fc5-9a43-73ed9785104d;416.49;0.01395;BUY
2016-03-27T01:32:00.980000;2016-03-27T01:32:01.030000;42b68971-ca2d-4158-96ed-b7abb238b798;416.51;0.05;BUY
2016-03-27T01:32:00.980000;2016-03-27T01:32:01.030000;34a058d6-d62b-4bc6-ac3f-eafcd10d9545;416.53;0.05;BUY
2016-03-27T01:32:00.980000;2016-03-27T01:32:01.030000;50aab537-9285-495a-8fc3-fb7384010d4b;416.53;0.2;BUY
2016-03-27T01:32:00.980000;2016-03-27T01:32:01.063000;56b6b07d-2095-41c6-8593-4a9cba4a4449;416.53;0.03071;BUY
2016-03-27T01:32:01.833000;2016-03-27T01:32:01.890000;315e9825-75e4-42f5-a330-b1709b44e564;416.53;0.01;BUY
2016-03-27T01:32:13.270000;2016-03-27T01:32:13.313000;da1d4375-88fc-4e07-a76c-379144f2368a;416.54;0.01;BUY
2016-03-27T01:32:13.270000;2016-03-27T01:32:13.313000;c4abdc8a-b267-4738-9188-0bad38113c71;416.55;0.04;BUY
2016-03-27T01:32:30.920000;2016-03-27T01:32:30.970000;6e3ec3ab-f40f-444b-aad7-2606c1ac6794;416.55;0.01;BUY
2016-03-27T01:32:30.920000;2016-03-27T01:32:30.983000;bd2f04a5-5632-45eb-a623-f5c29dca32c9;416.57;0.01;BUY
2016-03-27T01:32:30.920000;2016-03-27T01:32:30.983000;b8490b9a-5a1c-47c6-8352-0852a4e1b320;416.57;0.05;BUY
2016-03-27T01:32:30.923000;2016-03-27T01:32:30.983000;3b484203-57f6-4332-9ac4-51be68d2e3a2;416.57;0.01;BUY
2016-03-27T01:32:30.923000;2016-03-27T01:32:30.983000;35b963bc-b021-4182-b308-8e3164e684db;416.58;1.33234;BUY
2016-03-27T01:33:01.070000;2016-03-27T01:33:01.110000;88c86e64-9bb2-4fd8-853a-700ca5de1ed8;416.59;0.05;BUY
2016-03-27T01:33:01.070000;2016-03-27T01:33:01.123000;9a9529e4-6d7b-4d27-be05-b34b00e12938;416.59;0.17261;BUY
2016-03-27T01:33:32.337000;2016-03-27T01:33:32.373000;6258c4fb-8125-4b61-a422-446867c578d6;416.58;0.01;BUY
2016-03-27T01:33:32.337000;2016-03-27T01:33:32.390000;e276e631-8ea8-43a4-9279-5a0bd8743418;416.59;7.02548;BUY
2016-03-27T01:33:32.337000;2016-03-27T01:33:32.390000;19d61058-cf68-4d14-8643-22df1c10db1c;416.59;0.05404;BUY
2016-03-27T01:33:32.337000;2016-03-27T01:33:32.390000;028c4dd5-bffe-43cc-b669-233a18e64db4;416.61;16.67303;BUY
2016-03-27T01:34:02.703000;2016-03-27T01:34:02.733000;02155292-9c46-4f03-8b35-657c550b908b;416.6;0.01;SELL
2016-03-27T01:34:02.703000;2016-03-27T01:34:02.750000;041ec3f1-f8d0-41d1-949a-bdef669159b0;416.54;0.0175;SELL
2016-03-27T01:34:02.703000;2016-03-27T01:34:02.750000;d07ce9bf-badc-4d50-acc6-53ccf2a1fceb;416.54;0.05;SELL
2016-03-27T01:34:02.703000;2016-03-27T01:34:02.767000;f2deb59e-097a-45b8-acb3-311f90597f8b;416.53;0.01;SELL
2016-03-27T01:34:02.707000;2016-03-27T01:34:02.767000;5197d1a5-8feb-45b7-9901-746e6d98bd76;416.52;0.05;SELL
2016-03-27T01:34:02.707000;2016-03-27T01:34:02.767000;0b3d146d-b3d8-42f8-8eec-d12d4459f516;416.5;0.05;SELL
2016-03-27T01:34:02.707000;2016-03-27T01:34:02.827000;eb887af9-a97d-4dfc-aa21-8f71b2a25c3e;416.48;0.05;SELL
2016-03-27T01:34:02.707000;2016-03-27T01:34:02.843000;affbf1f1-8c73-4a30-b042-cb5e7393f279;416.47;0.01;SELL
2016-03-27T01:34:02.707000;2016-03-27T01:34:02.843000;69786df8-d9b4-4a41-8ae9-3966a1fd0468;416.46;0.05;SELL
2016-03-27T01:34:02.707000;2016-03-27T01:34:02.843000;beec413e-8ed7-4781-9f58-5d462b118b3f;416.45;0.18749;SELL
2016-03-27T01:34:30.970000;2016-03-27T01:34:31.017000;17c8e023-ab9c-4ea5-bee0-ff97a833ceee;416.47;0.01;SELL
2016-03-27T01:34:30.970000;2016-03-27T01:34:31.030000;0d3e5ace-2bd6-447e-8389-73357c1b8f47;416.46;0.01;SELL
2016-03-27T01:34:30.973000;2016-03-27T01:34:31.030000;18ca3f8c-5034-4e73-8d49-d802d0e496f8;416.44;0.01606;SELL
2016-03-27T01:35:30.980000;2016-03-27T01:35:31.017000;f43eeadc-5472-420f-bc04-07dbe4141b41;416.5;0.01;BUY
2016-03-27T01:35:30.983000;2016-03-27T01:35:31.030000;25ab9658-d70c-47cb-9b85-5ab8a0fad9c3;416.51;0.05;BUY
2016-03-27T01:35:30.983000;2016-03-27T01:35:31.030000;a2fbef0d-9f33-4526-a2bb-b1a354d4a7cc;416.53;0.05;BUY
2016-03-27T01:35:30.983000;2016-03-27T01:35:31.030000;2d6b9a28-7268-403b-ab9b-4580324213c3;416.55;0.05;BUY
2016-03-27T01:35:30.983000;2016-03-27T01:35:31.030000;2b863187-f29e-43d4-b821-410948a5b6d5;416.56;0.54362;BUY
2016-03-27T01:36:01.163000;2016-03-27T01:36:01.187000;668020ef-8d9a-4ac1-83ed-9339c7f0ded7;416.57;0.05;BUY
2016-03-27T01:36:01.163000;2016-03-27T01:36:01.220000;4fa23f3a-ae8e-4b2b-b740-04f0cfc20fbb;416.59;0.05;BUY
2016-03-27T01:36:01.163000;2016-03-27T01:36:01.220000;0178a8e8-f0c1-4d94-8838-5041a6dfac7e;416.59;0.01;BUY
2016-03-27T01:36:01.163000;2016-03-27T01:36:01.220000;643cbe5a-ee8b-4d1b-9dd3-412b4175b796;416.6;0.01;BUY
2016-03-27T01:36:01.163000;2016-03-27T01:36:01.220000;0c4e6d7f-4563-4f82-8151-db087a27904b;416.6;0.2;BUY
2016-03-27T01:36:01.163000;2016-03-27T01:36:01.233000;5592833c-e170-426b-a1b2-e9375d371560;416.61;0.86417;BUY
2016-03-27T01:36:31.000000;2016-03-27T01:36:31.030000;67d95ecf-6304-4c17-a960-a183d6e88d44;416.6;0.01;BUY
2016-03-27T01:36:31.000000;2016-03-27T01:36:31.047000;ecfcff55-2008-41c0-aa73-90f62a0c50e0;416.61;0.1767;BUY
2016-03-27T01:37:28.780000;2016-03-27T01:37:28.813000;4f29b106-858e-4993-a5c9-2ae09104e495;416.61;0.0371;SELL
2016-03-27T01:37:28.780000;2016-03-27T01:37:28.813000;0f9d3abf-aad0-4d65-90ca-490271e2d002;416.61;0.0349;SELL
2016-03-27T01:37:28.780000;2016-03-27T01:37:28.827000;bf1686a2-e4c2-4eec-890f-74991ac08a40;416.61;0.0359;SELL
2016-03-27T01:37:28.780000;2016-03-27T01:37:28.827000;af6be047-fc78-4724-9ada-bd77c73c0bef;416.61;0.0358;SELL
2016-03-27T01:37:28.780000;2016-03-27T01:37:28.827000;39ad023a-2919-45bd-81dd-0d5a146d9319;416.61;0.0337;SELL
2016-03-27T01:37:28.780000;2016-03-27T01:37:28.827000;6e7c174d-e3cc-4362-98ff-95bd447eec73;416.61;0.0349;SELL
2016-03-27T01:37:28.780000;2016-03-27T01:37:28.827000;6e095816-efe0-446c-b617-3971fd0a72bc;416.57;0.01;SELL
2016-03-27T01:37:28.780000;2016-03-27T01:37:28.843000;f4879a5c-b8fe-47eb-a026-3ae3d66b6feb;416.55;0.01;SELL
2016-03-27T01:37:28.780000;2016-03-27T01:37:28.843000;221d55ad-c0ea-4a9f-9b83-acf4e5ae7733;416.54;0.05;SELL
2016-03-27T01:37:28.780000;2016-03-27T01:37:28.843000;9a5d1508-0b70-47be-9566-840fb5129f84;416.53;0.01;SELL
2016-03-27T01:37:28.780000;2016-03-27T01:37:28.843000;940a276b-e81f-418a-88f2-472d1002b687;416.52;0.05;SELL
2016-03-27T01:37:28.783000;2016-03-27T01:37:28.873000;124329bd-6d63-49e2-8f28-fec6cc993232;416.5;0.05;SELL
2016-03-27T01:37:28.783000;2016-03-27T01:37:28.873000;8c929190-03bd-4cd1-a35e-e7f68988af68;416.48;0.05;SELL
2016-03-27T01:37:28.783000;2016-03-27T01:37:28.873000;19d2dc95-0ef6-47f2-9268-acbe39c5ca68;416.46;0.05;SELL
2016-03-27T01:37:28.783000;2016-03-27T01:37:28.890000;c6d077b1-f63a-4532-ab0f-34a86b930be6;416.46;0.42;SELL
2016-03-27T01:37:28.783000;2016-03-27T01:37:28.890000;7814bd1c-4d39-43f5-a6e5-d2c22b3e9751;416.45;0.01;SELL
2016-03-27T01:37:28.783000;2016-03-27T01:37:28.890000;53a9db07-c4c6-4336-b346-0db1ec8a4d9c;416.45;6.13141816;SELL
2016-03-27T01:37:31.807000;2016-03-27T01:37:31.843000;c5fde1af-f900-448f-9760-06c3a28d64b0;416.61;0.0336;SELL
2016-03-27T01:37:31.807000;2016-03-27T01:37:31.860000;cd124806-72cd-4213-bff2-2240d726d2ee;416.61;0.0308;SELL
2016-03-27T01:37:31.807000;2016-03-27T01:37:31.860000;658cf02e-aafb-4865-bfa6-c57528b4e0b5;416.52;0.01;SELL
2016-03-27T01:37:31.807000;2016-03-27T01:37:31.860000;e2974ede-1886-4670-9aeb-4f3e719bcb90;416.44;0.03394;SELL
2016-03-27T01:37:31.807000;2016-03-27T01:37:31.860000;1bb20325-01d2-4cb7-92ff-8e4f250ab5fe;416.43;0.01;SELL
2016-03-27T01:37:31.807000;2016-03-27T01:37:31.860000;71a94bdd-101c-4400-9947-7766768943ee;416.43;0.09015;SELL
2016-03-27T01:38:04.337000;2016-03-27T01:38:04.360000;a98438e6-8376-4182-bc9d-fb00cc13b415;416.53;0.05;BUY
2016-03-27T01:38:04.337000;2016-03-27T01:38:04.373000;59435d60-9f31-4b21-bc3c-72901e75c147;416.55;0.05;BUY
2016-03-27T01:38:04.340000;2016-03-27T01:38:04.373000;3daae5ec-436a-4a26-8624-2022bdc9d555;416.57;0.05;BUY
2016-03-27T01:38:04.340000;2016-03-27T01:38:04.373000;818fa828-a4bf-41b9-a39c-b0c0a43525d8;416.59;0.01761;BUY
2016-03-27T01:39:00.940000;2016-03-27T01:39:00.970000;c2e4bd5c-4492-4fb8-910e-31bdaff75a49;416.58;0.01;BUY
2016-03-27T01:39:00.940000;2016-03-27T01:39:00.983000;7bc783b1-1ec1-472e-8cae-753f9578c6ac;416.59;0.03239;BUY
2016-03-27T01:39:00.940000;2016-03-27T01:39:00.983000;81617a0b-861a-437b-aa09-b38f711b7ec9;416.6;0.05;BUY
2016-03-27T01:39:00.940000;2016-03-27T01:39:00.983000;926c65e5-0e34-4298-a6fa-b1b9ca06d4e8;416.6;0.05;BUY
2016-03-27T01:39:00.940000;2016-03-27T01:39:00.983000;52675eb0-d0ce-4c97-a946-dee44342f788;416.62;0.05;BUY
2016-03-27T01:39:00.940000;2016-03-27T01:39:01.030000;e7ba9bdc-885e-4fcd-90ae-a4ceddaae371;416.63;0.05;BUY
2016-03-27T01:39:00.940000;2016-03-27T01:39:01.047000;6a08d073-b911-4525-a1f7-5e03915fcaa8;416.63;0.05;BUY
2016-03-27T01:39:00.940000;2016-03-27T01:39:01.047000;88038ee1-ceea-4ead-a7e7-4c27bc074b1f;416.63;0.74132;BUY
2016-03-27T01:40:01.000000;2016-03-27T01:40:01.017000;da393b2d-b4cc-4ae6-ad02-a4b70acb0620;416.63;0.01;BUY
2016-03-27T01:40:01.000000;2016-03-27T01:40:01.030000;7b9e6fc1-daeb-4687-a632-31564c2dfe87;416.63;1.30695;BUY
2016-03-27T01:40:31.053000;2016-03-27T01:40:31.077000;409c24b5-2d42-4b68-9d4c-142fdb12a254;416.59;0.01;SELL
2016-03-27T01:40:31.053000;2016-03-27T01:40:31.093000;7521456d-bb1c-4c09-a41c-27ae168e00b6;416.56;0.05;SELL
2016-03-27T01:40:31.053000;2016-03-27T01:40:31.093000;d5e46b1a-9aad-426b-8da9-73e631b8b549;416.56;0.05;SELL
2016-03-27T01:40:31.053000;2016-03-27T01:40:31.093000;413c9e9a-c2c4-4b67-9774-7e57964bf634;416.55;0.01;SELL
2016-03-27T01:40:31.053000;2016-03-27T01:40:31.093000;b7786c33-1a17-45e5-8180-3d79bb581d2a;416.52;0.05;SELL
2016-03-27T01:40:31.053000;2016-03-27T01:40:31.110000;86f303a4-724d-4da1-a8cf-7b9e03fa2213;416.52;0.05;SELL
2016-03-27T01:40:31.053000;2016-03-27T01:40:31.110000;7c3f08b9-24c8-4159-bfdf-ab5c33d1e838;416.51;0.01;SELL
2016-03-27T01:40:31.053000;2016-03-27T01:40:31.110000;8235bc89-dcf9-4825-acb9-4d4df0b2e065;416.5;0.05;SELL
2016-03-27T01:40:31.053000;2016-03-27T01:40:31.110000;b3dc9425-ef58-42b5-8a07-d1856cf44312;416.48;0.05;SELL
2016-03-27T01:40:31.053000;2016-03-27T01:40:31.173000;66a7e75a-bc83-46ff-9a4b-acddff649e51;416.46;0.05;SELL
2016-03-27T01:40:31.053000;2016-03-27T01:40:31.173000;af39a74f-fec6-48c4-ae70-713efdb46c28;416.44;0.05;SELL
2016-03-27T01:40:31.053000;2016-03-27T01:40:31.173000;469bd29e-41f2-4e2d-8b38-adc03f16351c;416.42;0.02297;SELL
2016-03-27T01:40:31.053000;2016-03-27T01:40:31.173000;583bd30b-3bd9-4502-8845-bb3a26165812;416.42;0.116;SELL
2016-03-27T01:40:31.053000;2016-03-27T01:40:31.173000;ad9e4972-ffa5-4c0e-bcae-fb12c3cc3f49;416.41;0.14636;SELL
2016-03-27T01:42:00.973000;2016-03-27T01:42:01.000000;06873e5c-47f7-4543-b6ed-66af4342707e;416.47;0.05;BUY
2016-03-27T01:42:00.973000;2016-03-27T01:42:01.017000;28e7b2b6-8b41-4e66-957d-6d9692ae554a;416.49;0.02131;BUY
2016-03-27T01:42:01.870000;2016-03-27T01:42:01.890000;dad14712-72f3-4afa-80e7-509bb196423e;416.48;0.01;BUY
2016-03-27T01:43:01.000000;2016-03-27T01:43:01.017000;6a99f7c6-7fc7-44a1-a62c-0d0d68351ad5;416.49;0.02869;BUY
2016-03-27T01:43:01.000000;2016-03-27T01:43:01.030000;ff3d03f3-ab8e-486e-9262-98cf4f22a278;416.5;0.01;BUY
2016-03-27T01:43:01.000000;2016-03-27T01:43:01.030000;1782cdb6-fcff-40bf-a551-ecfa67e5c93f;416.51;0.05;BUY
2016-03-27T01:43:01.000000;2016-03-27T01:43:01.030000;82644c71-b1fe-4e64-a4b1-862f51b434ff;416.53;0.05;BUY
2016-03-27T01:43:01.000000;2016-03-27T01:43:01.110000;2b2235ab-1813-466b-8154-b7a43c210c30;416.55;0.05;BUY
2016-03-27T01:43:01.000000;2016-03-27T01:43:01.110000;67e8062d-b6c8-4de3-a741-7793eea1bb3c;416.57;0.05;BUY
2016-03-27T01:43:01.000000;2016-03-27T01:43:01.110000;1ccac98c-fb4d-4dff-a6fc-a416f4cda578;416.6;0.35;BUY
2016-03-27T01:43:01.000000;2016-03-27T01:43:01.110000;d664ac4e-688a-4a6c-923e-9779029a84d6;416.61;0.05;BUY
2016-03-27T01:43:01.000000;2016-03-27T01:43:01.123000;d27fe86c-d683-4953-af79-97a0dc243bc3;416.61;0.01;BUY
2016-03-27T01:43:01.000000;2016-03-27T01:43:01.123000;ddc4e9c3-30eb-40d8-bab5-1a861898eff2;416.61;0.05;BUY
2016-03-27T01:43:01.000000;2016-03-27T01:43:01.123000;6c82f3b1-71c0-49da-8bbe-ff08b4200fe2;416.61;0.07376;BUY
2016-03-27T01:43:14.180000;2016-03-27T01:43:14.187000;db1fc899-e81f-4b80-88bb-26b4d83d94e3;416.61;0.01;BUY
2016-03-27T01:43:14.180000;2016-03-27T01:43:14.203000;11094f46-1541-4e65-9fc0-4cdacf28eadf;416.61;0.06;BUY
2016-03-27T01:43:31.060000;2016-03-27T01:43:31.063000;6382aa00-c20b-4cc7-8d05-c63fb5d1eb34;416.61;0.40531;BUY
2016-03-27T01:44:01.000000;2016-03-27T01:44:01.017000;0dc8e79d-ba9d-4af7-9333-aa75ccc5c07d;416.61;0.12007;BUY
2016-03-27T01:44:31.283000;2016-03-27T01:44:31.297000;1eecb536-39ee-4536-8cec-75d4ad33aff7;416.61;0.70109;BUY
2016-03-27T01:44:34.293000;2016-03-27T01:44:34.297000;7eb9159a-203a-40c7-8c0a-b12eb427f7e8;416.61;0.07;BUY
2016-03-27T01:45:01.967000;2016-03-27T01:45:01.970000;b2c22b24-9a16-4d32-ac03-5fc5c985387b;416.6;0.4932;BUY
2016-03-27T01:45:02.037000;2016-03-27T01:45:02.047000;1d27a229-e631-4afb-83ae-5815d4968cc4;416.6;0.3968;BUY
2016-03-27T01:45:04.157000;2016-03-27T01:45:04.173000;7dc5d729-3b93-466b-a65d-3d88ace874ce;416.6;0.7714;BUY
2016-03-27T01:45:04.157000;2016-03-27T01:45:04.187000;b0e9b42d-e70b-491e-9cbe-f80df8a99af2;416.61;0.11624;BUY
2016-03-27T01:45:35.570000;2016-03-27T01:45:35.577000;b2eca63f-c075-4a5a-980e-d93cb1ea0a1e;416.61;1.52729;BUY
2016-03-27T01:45:35.570000;2016-03-27T01:45:35.593000;7f6a167b-9bcc-4029-b781-eb579b35b34d;416.62;0.05;BUY
2016-03-27T01:45:35.570000;2016-03-27T01:45:35.593000;69240720-3730-4bf6-a843-11b74c7fc620;416.62;1.15396;BUY
2016-03-27T01:46:02.273000;2016-03-27T01:46:02.330000;b74ff902-fed5-4fcd-8adc-205764fdbb31;416.56;0.05;SELL
2016-03-27T01:46:02.273000;2016-03-27T01:46:02.347000;86671804-c18f-4c0e-9fab-d7c7b5168c04;416.56;0.05;SELL
2016-03-27T01:46:02.273000;2016-03-27T01:46:02.347000;0eaac4e6-8b92-4969-9954-268b7020bcbf;416.53;0.01;SELL
2016-03-27T01:46:02.273000;2016-03-27T01:46:02.347000;3be8b85b-9f0e-40b8-84f5-ca0f96a78b81;416.52;0.03059;SELL
2016-03-27T01:46:56.693000;2016-03-27T01:46:56.737000;f7db44ec-d116-4585-a083-070df872de18;416.61;0.05;BUY
2016-03-27T01:46:56.693000;2016-03-27T01:46:56.753000;8a7b18a6-9373-4cbf-b414-76cbfe882aaa;416.61;0.05;BUY
2016-03-27T01:46:56.693000;2016-03-27T01:46:56.753000;70dbba5e-77cd-4f66-aa64-d256acda1875;416.61;0.13;BUY
2016-03-27T01:47:31.003000;2016-03-27T01:47:31.050000;bd84c79a-ac18-4e4e-a08e-9217d38bbd4d;416.55;0.0125;SELL
2016-03-27T01:47:31.003000;2016-03-27T01:47:31.063000;f131ede9-0248-471e-98e3-f15ed1b0d74c;416.52;0.01941;SELL
2016-03-27T01:47:31.003000;2016-03-27T01:47:31.063000;0c726e7c-fc67-4d38-9e90-dec6907ad677;416.51;0.01;SELL
2016-03-27T01:47:31.003000;2016-03-27T01:47:31.063000;effd6f64-637a-4368-979f-8225f5d13b52;416.5;0.05;SELL
2016-03-27T01:47:31.007000;2016-03-27T01:47:31.063000;a51fd3c6-3ba0-4aa8-883c-fef83e16b239;416.48;0.05;SELL
2016-03-27T01:47:31.007000;2016-03-27T01:47:31.160000;6ad0336f-821a-4972-bb03-10456849dd4a;416.46;0.01;SELL
2016-03-27T01:47:31.007000;2016-03-27T01:47:31.160000;eee699b5-1951-4c7b-869e-98da85cc1fdd;416.46;0.05;SELL
2016-03-27T01:47:31.007000;2016-03-27T01:47:31.160000;2ce4db1d-c69b-42b6-bc50-b42fc71356a4;416.44;0.01;SELL
2016-03-27T01:47:31.007000;2016-03-27T01:47:31.160000;2e69f6f8-3115-48e9-bcc1-76d4c0502468;416.44;0.05;SELL
2016-03-27T01:47:31.007000;2016-03-27T01:47:31.160000;777fd2b0-b2a9-4e46-8add-b946142a0797;416.43;0.57505;SELL
2016-03-27T01:48:01.110000;2016-03-27T01:48:01.160000;d3dbd0cf-f4c6-49a1-81ac-869c18a27be7;416.45;0.01;SELL
2016-03-27T01:48:01.110000;2016-03-27T01:48:01.160000;3db76bbb-08bd-437d-b669-341722f45956;416.44;0.01;SELL
2016-03-27T01:48:01.110000;2016-03-27T01:48:01.190000;6c518f4c-5d97-43f9-a752-44638ba5f732;416.43;0.01;SELL
2016-03-27T01:48:01.110000;2016-03-27T01:48:01.220000;ce212c9a-25bc-4fa8-a56b-1845d8cb7dda;416.42;0.03003;SELL
2016-03-27T01:48:19.920000;2016-03-27T01:48:19.970000;0635550b-0241-4523-b20e-7290464d433c;416.49;0.05;BUY
2016-03-27T01:48:19.920000;2016-03-27T01:48:19.987000;1dadc6e2-e938-4634-9016-6a035473d93d;416.5;0.01;BUY
2016-03-27T01:48:19.920000;2016-03-27T01:48:19.987000;b169c984-9294-4740-bc2d-38a522ef21c6;416.5;0.01;BUY
2016-03-27T01:48:31.193000;2016-03-27T01:48:31.237000;0e9e4a90-0022-4479-adf5-1d68c859784e;416.5;0.06468994;BUY
2016-03-27T01:48:31.193000;2016-03-27T01:48:31.253000;a7d0f840-eb5b-489f-b6fe-20eb922efd32;416.51;0.05;BUY
2016-03-27T01:48:31.193000;2016-03-27T01:48:31.253000;fe16ed59-1d22-4915-8bca-7d8a215600b3;416.53;0.05;BUY
2016-03-27T01:48:31.193000;2016-03-27T01:48:31.253000;0b2769af-7184-4d08-b454-afdc2b568cb7;416.55;0.03606006;BUY
2016-03-27T01:49:01.160000;2016-03-27T01:49:01.207000;623cecb2-4871-46b0-8d13-689254645ba4;416.55;0.01393994;BUY
2016-03-27T01:49:01.160000;2016-03-27T01:49:01.220000;328bc68f-813c-4f45-9daa-b88f1a2bf022;416.56;0.02;BUY
2016-03-27T01:49:01.160000;2016-03-27T01:49:01.220000;230cce74-4a26-44c9-bd4a-0aa4711a4285;416.56;0.01;BUY
2016-03-27T01:49:01.160000;2016-03-27T01:49:01.220000;e63551d9-5d24-4641-94a2-5af0ca7870cd;416.57;0.00765006;BUY
2016-03-27T01:49:31.147000;2016-03-27T01:49:31.190000;0e7c9efa-129e-43ca-81a0-e3af75ef356f;416.57;0.04234994;BUY
2016-03-27T01:49:31.147000;2016-03-27T01:49:31.207000;0bc8b8b7-e132-412c-863d-6719063592e8;416.57;0.01;BUY
2016-03-27T01:49:31.147000;2016-03-27T01:49:31.300000;39c4ce35-3476-4b4d-b226-2297c7e30722;416.57;0.00706006;BUY
2016-03-27T01:50:31.200000;2016-03-27T01:50:31.253000;12825d04-6d4c-40d2-ac4f-7aa32b3d89f5;416.59;0.01;BUY
2016-03-27T01:50:31.200000;2016-03-27T01:50:31.267000;59d31e38-e6dc-4d8b-8d91-366af40aa754;416.59;0.03386;BUY
2016-03-27T01:51:01.023000;2016-03-27T01:51:01.063000;cbe397e5-4fd8-4b14-bd57-8780c9eebc64;416.56;0.01;SELL
2016-03-27T01:51:01.023000;2016-03-27T01:51:01.080000;70da1bf6-e55b-4e93-91da-0fa86ff2f786;416.55;0.00819;SELL
2016-03-27T01:51:31.070000;2016-03-27T01:51:31.113000;ab71a109-61ba-4d06-8fba-7cd1e2747999;416.55;0.00431;SELL
2016-03-27T01:51:31.070000;2016-03-27T01:51:31.127000;315a7a14-8c65-4727-84f1-f2e143dc6e88;416.54;0.01;SELL
2016-03-27T01:51:31.070000;2016-03-27T01:51:31.127000;69fbf4e5-2e73-41ad-9c4c-29c80e09339b;416.54;0.01;SELL
2016-03-27T01:51:31.070000;2016-03-27T01:51:31.127000;fd988dcc-60b0-4f40-b8aa-5ea2d55c8131;416.52;0.05;SELL
2016-03-27T01:51:31.070000;2016-03-27T01:51:31.127000;53a20de0-70c7-4cb1-851e-d08fbf3ffc34;416.5;0.05;SELL
2016-03-27T01:51:31.070000;2016-03-27T01:51:31.207000;91836196-ebac-4cd0-a282-e5534b4412e9;416.48;0.05;SELL
2016-03-27T01:51:31.070000;2016-03-27T01:51:31.220000;07f5a819-ec4e-4ffa-aac0-36831adb3ee5;416.46;0.05;SELL
2016-03-27T01:51:31.070000;2016-03-27T01:51:31.220000;4cde3c19-7689-4e23-9a5f-5638ea130296;416.46;0.25556;SELL
2016-03-27T01:52:01.023000;2016-03-27T01:52:01.063000;35132ee6-cd05-4b3f-9e95-2d6ceb50a355;416.51;0.05;BUY
2016-03-27T01:52:01.023000;2016-03-27T01:52:01.080000;a476f713-714f-43e9-838a-f2f3d5521963;416.53;0.05;BUY
2016-03-27T01:52:01.023000;2016-03-27T01:52:01.080000;9a10e984-c437-4e97-af15-5921b9137305;416.55;0.05;BUY
2016-03-27T01:52:01.023000;2016-03-27T01:52:01.080000;c6951b90-80e0-4c59-bb11-4fa1f39f489c;416.57;0.05;BUY
2016-03-27T01:52:01.023000;2016-03-27T01:52:01.080000;9329405a-fe66-4b0b-a8d7-40e759c63f42;416.59;0.13274;BUY
2016-03-27T01:54:01.140000;2016-03-27T01:54:01.173000;ecfa924c-09ec-47c6-942e-b9e1107ebc27;416.58;0.01;BUY
2016-03-27T01:54:01.140000;2016-03-27T01:54:01.190000;d6d84aa6-c115-4e91-aa02-392264f26afe;416.6;0.01;BUY
2016-03-27T01:54:01.140000;2016-03-27T01:54:01.190000;12870817-0599-4e06-9fdf-59ab7f3e695b;416.62;0.06053;BUY
2016-03-27T01:54:35.917000;2016-03-27T01:54:35.957000;caae0365-ae63-4061-8de2-ac4586858cb6;416.61;0.01;BUY
2016-03-27T01:54:35.917000;2016-03-27T01:54:35.987000;40269271-5623-4f6a-b6eb-1d4eed32408a;416.62;0.38551;BUY
2016-03-27T01:54:35.917000;2016-03-27T01:54:36.003000;1790eae9-86c5-4443-badb-83917d7bbd71;416.62;0.20281199;BUY
2016-03-27T01:54:35.917000;2016-03-27T01:54:36.003000;c7dd3a54-ed94-4edc-9497-cbf5fca176cf;416.63;1.63696801;BUY
2016-03-27T01:55:01.077000;2016-03-27T01:55:01.113000;61ebdc1f-6a87-4a6b-83b8-6fa39a4a47ee;416.56;0.03904;SELL
2016-03-27T01:55:31.260000;2016-03-27T01:55:31.283000;001b8936-5561-49de-8b59-b24bf6009ce7;416.62;0.0604;BUY
2016-03-27T01:55:31.260000;2016-03-27T01:55:31.300000;ca462b70-466e-4882-b26d-d69841fc8f73;416.63;0.42463;BUY
2016-03-27T01:56:01.943000;2016-03-27T01:56:01.970000;8a605e11-8270-4791-9add-347ee4f2c5ac;416.63;0.66538;BUY
2016-03-27T01:56:31.037000;2016-03-27T01:56:31.067000;a8f4db18-1d94-478c-a8ba-8fc750a28e7f;416.63;4.0;BUY
2016-03-27T01:57:02.653000;2016-03-27T01:57:02.673000;19c13a21-a2aa-45da-9ddd-cf9341874294;416.63;0.05941;BUY
2016-03-27T01:57:32.583000;2016-03-27T01:57:32.613000;e1fe7094-f43f-4d1f-bc2b-bb7ea16d2a7a;416.62;0.01;SELL
2016-03-27T01:57:32.583000;2016-03-27T01:57:32.627000;1caaec9a-50e5-4b60-9005-8859509c5204;416.56;0.01096;SELL
2016-03-27T01:57:32.583000;2016-03-27T01:57:32.627000;055a7938-2afe-4478-8864-9c77da56abfa;416.56;0.05;SELL
2016-03-27T01:57:32.583000;2016-03-27T01:57:32.627000;620a0c6c-a397-4e3f-89a2-02a36498fef9;416.53;0.01;SELL
2016-03-27T01:57:32.583000;2016-03-27T01:57:32.643000;b1a9ef0f-0ee6-4321-867f-2ec273b5c1d1;416.53;3.886;SELL
2016-03-27T01:57:32.583000;2016-03-27T01:57:32.720000;68b95a68-9abe-47a3-bc78-819e52f6b704;416.52;0.05;SELL
2016-03-27T01:57:32.583000;2016-03-27T01:57:32.720000;eb8119bb-5f16-45cc-8489-67fede40181a;416.52;0.05;SELL
2016-03-27T01:57:32.583000;2016-03-27T01:57:32.720000;e6845304-4ac3-4855-8759-1ce0c4a8345e;416.52;0.2001;SELL
2016-03-27T01:57:32.583000;2016-03-27T01:57:32.720000;232a4268-b4e0-46a9-add4-8b88d07a287b;416.5;0.05;SELL
2016-03-27T01:57:32.583000;2016-03-27T01:57:32.720000;ca0bb06e-eb3d-40ee-b014-ad04b71a6e60;416.49;0.01;SELL
2016-03-27T01:57:32.583000;2016-03-27T01:57:32.720000;67d1625c-3693-48d9-b9f6-b452eb217204;416.49;0.01;SELL
2016-03-27T01:57:32.587000;2016-03-27T01:57:32.720000;53e1239c-172e-4b0a-8b36-a69743527774;416.48;0.05;SELL
2016-03-27T01:57:32.587000;2016-03-27T01:57:32.720000;3983e49f-f52f-47e3-94b3-72cdb3193373;416.46;0.05;SELL
2016-03-27T01:57:32.587000;2016-03-27T01:57:32.720000;89613be7-b9fb-443c-b029-9be97a25066f;416.46;0.35205;SELL
2016-03-27T01:58:01.050000;2016-03-27T01:58:01.067000;282f6c8c-3ef5-48d2-932c-31f86e48e7fc;416.51;0.05;BUY
2016-03-27T01:58:01.050000;2016-03-27T01:58:01.080000;88672666-9e58-4e6c-b404-64636f3de517;416.53;0.05;BUY
2016-03-27T01:58:01.050000;2016-03-27T01:58:01.080000;6af1dda3-2379-4f02-bc65-ba8416a16032;416.54;0.01;BUY
2016-03-27T01:58:01.050000;2016-03-27T01:58:01.080000;701cb94b-152d-42eb-a150-977f98ac7808;416.55;0.05;BUY
2016-03-27T01:58:01.050000;2016-03-27T01:58:01.127000;877564ea-dee7-4920-9702-bbca283d44d1;416.57;0.05;BUY
2016-03-27T01:58:01.050000;2016-03-27T01:58:01.143000;f376ef9c-0019-45da-98e0-e61aa59466d6;416.58;0.35;BUY
2016-03-27T01:58:01.050000;2016-03-27T01:58:01.143000;2b56e70f-11b7-4373-baab-7fdb1f5eae76;416.6;2.05428;BUY
2016-03-27T01:59:01.140000;2016-03-27T01:59:01.160000;2e1a3e50-0437-4f7b-8242-98537331c628;416.61;0.05;BUY
2016-03-27T01:59:01.140000;2016-03-27T01:59:01.173000;ee29a088-90c3-4111-9b94-3aad142217d6;416.61;0.05;BUY
2016-03-27T01:59:01.140000;2016-03-27T01:59:01.173000;2f6c80a5-4366-4e93-aa3a-8d3ead3b6291;416.62;0.05;BUY
2016-03-27T01:59:01.140000;2016-03-27T01:59:01.173000;483cd7d1-e55a-443b-b92f-c4ffc775e987;416.62;0.6224;BUY
2016-03-27T01:59:01.140000;2016-03-27T01:59:01.173000;3747885c-25af-4175-9c66-c0a56391a2af;416.63;0.41584;BUY
2016-03-27T01:59:31.080000;2016-03-27T01:59:31.097000;7138fb2c-3a9a-46f6-982d-c526dcf31447;416.6;0.01;SELL
2016-03-27T01:59:31.083000;2016-03-27T01:59:31.113000;1aea6042-a2cf-4f1b-96c9-828a3d36034a;416.59;0.01;SELL
2016-03-27T01:59:31.083000;2016-03-27T01:59:31.113000;86d4f746-4b65-41dd-91a4-edee858d572c;416.56;0.05;SELL
2016-03-27T01:59:31.083000;2016-03-27T01:59:31.113000;4870a492-04b3-4375-8a87-8a363e40159b;416.56;0.0186;SELL
2016-03-27T02:00:01.353000;2016-03-27T02:00:01.377000;78622e27-edb2-4008-95fd-8c03dc1e8ead;416.61;0.05;BUY
2016-03-27T02:00:01.357000;2016-03-27T02:00:01.393000;f5b9caf7-77cf-4c4a-abab-46f46bf5b050;416.62;0.01;BUY
2016-03-27T02:00:01.357000;2016-03-27T02:00:01.393000;1e524554-2f96-4a7b-9801-f090658a8291;416.65;0.05;BUY
2016-03-27T02:00:01.357000;2016-03-27T02:00:01.393000;c4fc21a8-8b6d-47c9-bbcb-fd8302c4d6bd;416.65;0.0326;BUY
2016-03-27T02:01:32.013000;2016-03-27T02:01:32.077000;6472b711-bc64-4209-ae51-99887df5748e;416.65;0.0174;BUY
2016-03-27T02:01:32.013000;2016-03-27T02:01:32.093000;74c71138-f058-4623-a531-155f34ad9a34;416.65;0.05;BUY
2016-03-27T02:01:32.013000;2016-03-27T02:01:32.093000;d828d6b4-f4e8-424c-a59f-c3c52faf5367;416.65;0.02764;BUY
2016-03-27T02:02:31.030000;2016-03-27T02:02:31.077000;6034aeb4-9faf-4982-9ed4-52f7afbff022;416.61;0.0224;BUY
2016-03-27T02:02:31.030000;2016-03-27T02:02:31.110000;ae892ff4-cbcf-44b7-b378-9b043781ee41;416.63;0.0209;BUY
2016-03-27T02:02:31.030000;2016-03-27T02:02:31.110000;da7c3c5b-4128-43d0-98e2-e7f51a342ef8;416.65;2.33304;BUY
2016-03-27T02:03:01.483000;2016-03-27T02:03:01.530000;ac691aca-01ac-41e9-be5f-cf6e886c496f;416.58;0.05;SELL
2016-03-27T02:03:01.483000;2016-03-27T02:03:01.547000;1eb0dd7e-ba50-4dd6-a69c-843ae46e703d;416.58;0.05;SELL
2016-03-27T02:03:01.483000;2016-03-27T02:03:01.563000;3b81b406-2f51-4170-bb97-4c3a4a73d792;416.56;0.0314;SELL
2016-03-27T02:03:01.483000;2016-03-27T02:03:01.563000;cf989e5b-6c38-4e31-a505-4bbbdb9a46f9;416.56;0.05;SELL
2016-03-27T02:03:01.483000;2016-03-27T02:03:01.563000;1798f698-445b-465d-91b3-65470bc31d2d;416.52;0.05;SELL
2016-03-27T02:03:01.487000;2016-03-27T02:03:01.640000;ab228549-7abd-40dd-ae12-ad6cb92a6598;416.52;0.05;SELL
2016-03-27T02:03:01.487000;2016-03-27T02:03:01.640000;b614d2a3-f378-44a4-bf67-ceba7eec18a3;416.51;0.04693;SELL
2016-03-27T02:03:31.267000;2016-03-27T02:03:31.343000;7946f3e5-5c3a-4f66-beac-5099c176ca1b;416.57;0.05;BUY
2016-03-27T02:03:31.267000;2016-03-27T02:03:31.343000;1c4bbc25-85fc-4391-bc3e-30098a096099;416.58;0.01;BUY
2016-03-27T02:03:31.270000;2016-03-27T02:03:31.360000;43d15c97-8920-43c1-a69e-44cd725d686f;416.6;0.02;BUY
2016-03-27T02:03:31.270000;2016-03-27T02:03:31.360000;63cb4cbf-c4c0-4fcf-8b12-8cd0538b6e6a;416.61;0.02;BUY
2016-03-27T02:04:01.210000;2016-03-27T02:04:01.280000;4b601607-dad6-4fba-90f1-eb86d9b1f125;416.59;0.03565;BUY
