time_exchange;time_coinpai;guid;price;base_amount;taker_side
2016-02-01T00:00:01.500000;2016-02-01T00:00:01.510000;b8da42ea-b521-478c-b418-c54676809cb7;367.89;0.01;BUY
2016-02-01T00:00:01.500000;2016-02-01T00:00:01.527000;907f8cd3-4a32-4068-9dcd-5ebc1bdca1d2;367.89;0.01;BUY
2016-02-01T00:00:01.500000;2016-02-01T00:00:01.527000;f11d3631-fcca-4a95-aaa0-2419cc34d4bf;367.89;0.25;BUY
2016-02-01T00:00:01.500000;2016-02-01T00:00:01.527000;966bd87a-4346-4a36-8c1d-632bb96ed926;367.91;0.01;BUY
2016-02-01T00:00:01.500000;2016-02-01T00:00:01.543000;f9968515-1e06-442f-b723-7965b448d500;367.91;0.01;BUY
2016-02-01T00:00:01.500000;2016-02-01T00:00:01.620000;65f4e7ff-d823-499d-b8df-0aaa21f65665;368.0;0.29579;BUY
2016-02-01T00:00:04.563000;2016-02-01T00:00:04.590000;10e81c29-a6c2-4a1c-987d-d7696385f02b;367.95;0.01;BUY
2016-02-01T00:00:24.470000;2016-02-01T00:00:24.493000;85ecc154-f263-461c-bccb-5c930d0912dc;367.97;0.01;BUY
2016-02-01T00:00:24.470000;2016-02-01T00:00:24.493000;00b66040-bfdd-4f67-9793-129e9999b8d9;367.97;0.01;BUY
2016-02-01T00:00:24.470000;2016-02-01T00:00:24.493000;62f5ab32-b9f0-4b94-91ff-1e31e8d19cfc;367.99;0.25;BUY
2016-02-01T00:00:24.470000;2016-02-01T00:00:24.493000;dd8ccbac-a98f-43f0-8ca9-663ba931a5a3;368.0;6.54234545;BUY
2016-02-01T00:00:24.470000;2016-02-01T00:00:24.510000;26c6703b-756e-4356-9769-3ed22f09b268;368.0;24.99999955;BUY
2016-02-01T00:00:27.313000;2016-02-01T00:00:27.340000;ac34e8b3-5f9b-4bae-aa85-75b218af0712;368.0;4.5e-07;BUY
2016-02-01T00:00:29.787000;2016-02-01T00:00:29.823000;8e8f376c-9b24-4f72-877d-8e85f7ceb729;368.15;0.15;BUY
2016-02-01T00:00:29.787000;2016-02-01T00:00:29.823000;da7ac3fe-547b-4140-bdda-f2cb9d17683e;368.15;0.03;BUY
2016-02-01T00:00:29.787000;2016-02-01T00:00:29.823000;30d75e5d-baef-4af9-8819-665e71b824e1;368.23;0.02;BUY
2016-02-01T00:00:31.527000;2016-02-01T00:00:31.557000;7c1c426b-108a-4ecc-b9e9-c1196b200877;368.29;0.02;BUY
2016-02-01T00:00:31.527000;2016-02-01T00:00:31.557000;69611d90-6a82-441e-add1-87eb568db14d;368.44;0.02;BUY
2016-02-01T00:00:31.527000;2016-02-01T00:00:31.557000;f7eeb433-b407-41f7-9f0d-3672461adf41;368.46;0.106;BUY
2016-02-01T00:00:31.530000;2016-02-01T00:00:31.557000;23d88126-f494-4486-96ce-8755ae11ddf5;368.5;0.12474;BUY
2016-02-01T00:00:35.127000;2016-02-01T00:00:35.150000;e05bece1-62a7-41d9-95b0-af5c894bf49b;368.5;0.3;BUY
2016-02-01T00:00:38.337000;2016-02-01T00:00:38.353000;bbfd3bc3-e37d-4167-b48f-48b19a942af8;368.5;0.02529246;BUY
2016-02-01T00:00:45.313000;2016-02-01T00:00:45.323000;a5cbf156-2cab-467c-bbff-3fbcfe018168;368.22;0.01465564;SELL
2016-02-01T00:00:54.293000;2016-02-01T00:00:54.307000;a2dd1462-9351-48e8-93f1-11a3303e0ada;368.5;0.4;BUY
2016-02-01T00:01:01.590000;2016-02-01T00:01:01.620000;e5f7feb2-f104-4539-a712-91abdc86754c;368.35;2.47388;SELL
2016-02-01T00:01:08.090000;2016-02-01T00:01:08.120000;f4fc0ffa-2f01-4b83-985e-5ea7746aaaad;368.5;0.37;BUY
2016-02-01T00:01:13.120000;2016-02-01T00:01:13.137000;5a9bebf1-85d9-4776-acfe-0371348f06a5;368.5;0.2;BUY
2016-02-01T00:01:31.687000;2016-02-01T00:01:31.697000;f6828eee-47cd-456a-aca1-c34954d70cdb;368.5;0.2;BUY
2016-02-01T00:01:31.867000;2016-02-01T00:01:31.887000;25491f45-e0c1-45bf-ac1a-c80bbdd23c7c;368.5;2.22887;BUY
2016-02-01T00:01:36.060000;2016-02-01T00:01:36.073000;d07edc3b-91e4-4b55-8703-86974178e6c4;368.5;0.2;BUY
2016-02-01T00:01:45.633000;2016-02-01T00:01:45.650000;360cf670-e067-4941-a87d-6033d100993a;368.56;0.01;BUY
2016-02-01T00:01:45.633000;2016-02-01T00:01:45.650000;6c54a9ac-7fe9-4008-a3e5-b752858f26b3;368.59;0.02;BUY
2016-02-01T00:01:45.633000;2016-02-01T00:01:45.667000;d6d76041-d987-43f7-b721-40d8336fa2ab;368.6;0.17;BUY
2016-02-01T00:01:58.917000;2016-02-01T00:01:58.933000;fa8973cf-857e-42fb-9066-0d3968650b80;368.6;0.08;BUY
2016-02-01T00:01:58.917000;2016-02-01T00:01:58.947000;5c68ec06-cf69-427b-bf93-bb3aaaac8e35;368.61;0.02;BUY
2016-02-01T00:02:01.503000;2016-02-01T00:02:01.527000;0436eb42-c3a3-48e3-9133-2c0ced2fae30;368.6;1.56;SELL
2016-02-01T00:02:01.503000;2016-02-01T00:02:01.527000;e8d9aac6-513d-42f5-a296-7ed186fc2010;368.6;1.09;SELL
2016-02-01T00:02:01.503000;2016-02-01T00:02:01.527000;a1cce81f-c847-4ba6-b57d-efb80e520c25;368.59;1.574;SELL
2016-02-01T00:02:01.503000;2016-02-01T00:02:01.527000;27aeb59f-3943-46d4-bd48-7e09e227d6c7;368.59;1.06897;SELL
2016-02-01T00:02:05.357000;2016-02-01T00:02:05.387000;b894b586-33ba-49ed-8b29-55b7e4e2010a;368.74;0.02;BUY
2016-02-01T00:02:05.357000;2016-02-01T00:02:05.387000;d625ca20-54af-4e69-8fc9-eab790248e18;368.75;0.08;BUY
2016-02-01T00:02:09.493000;2016-02-01T00:02:09.510000;331e22de-8c1b-402e-842c-6839e529ca4b;368.75;0.07;BUY
2016-02-01T00:02:09.493000;2016-02-01T00:02:09.527000;8108ebdd-f8f4-420c-9f47-b2779acab316;368.8;0.01;BUY
2016-02-01T00:02:09.493000;2016-02-01T00:02:09.527000;147f8212-2568-437f-b516-470ad6368394;368.8;0.02;BUY
2016-02-01T00:02:31.417000;2016-02-01T00:02:31.433000;12fa05a5-0b9a-47b4-8546-6466b2b3dc10;368.89;0.02;BUY
2016-02-01T00:02:31.417000;2016-02-01T00:02:31.447000;cfeef326-2f23-4fc4-901b-9f0f5388cc29;368.89;0.42;BUY
2016-02-01T00:02:31.417000;2016-02-01T00:02:31.447000;8bdd6034-ca07-4d6c-83d8-58796f3a7339;368.89;0.06;BUY
2016-02-01T00:02:31.417000;2016-02-01T00:02:31.447000;abb4dd80-b76c-4898-b0b6-ff63369a3c85;368.92;0.824;BUY
2016-02-01T00:02:31.417000;2016-02-01T00:02:31.447000;f38735b8-8fe8-41fe-8a96-c977ff34f8c2;369.0;0.01001;BUY
2016-02-01T00:02:31.417000;2016-02-01T00:02:31.447000;fd489e0a-6ba8-49e2-aa0b-db5fe2130dd0;369.01;0.02;BUY
2016-02-01T00:02:31.417000;2016-02-01T00:02:31.463000;3cd4b501-fd45-463a-b3bf-2a9b56e6f420;369.04;0.02;BUY
2016-02-01T00:02:31.417000;2016-02-01T00:02:31.527000;49372e1a-8ebd-484d-a808-d7e012356870;369.07;0.303;BUY
2016-02-01T00:02:31.417000;2016-02-01T00:02:31.527000;8d62c61c-1b78-4998-97cf-de0382cd74d2;369.1;0.07451;BUY
2016-02-01T00:03:01.373000;2016-02-01T00:03:01.387000;3d43cf22-8d0e-4bda-aac5-8e87bab70e1e;369.16;1.13403935;BUY
2016-02-01T00:03:01.377000;2016-02-01T00:03:01.400000;dc2bc007-12fa-48d5-b941-3311c81e95b3;369.16;0.00459065;BUY
2016-02-01T00:03:33.790000;2016-02-01T00:03:33.807000;4a38edae-5620-450b-867d-1fff739d37c3;369.01;0.74328;BUY
2016-02-01T00:04:01.627000;2016-02-01T00:04:01.683000;0bfe7994-e156-4b6f-b1c6-fc87606b8c28;368.96;1.43368;BUY
2016-02-01T00:04:31.357000;2016-02-01T00:04:31.420000;8e9cd9fd-3733-403e-9c5a-09ada9fee4d4;368.94;1.129;BUY
2016-02-01T00:04:31.357000;2016-02-01T00:04:31.420000;035fca03-15a6-4786-b5cd-242329e32b46;368.97;0.44061;BUY
2016-02-01T00:05:01.527000;2016-02-01T00:05:01.573000;318c157d-d0ed-4c6a-8908-4b7a194501eb;368.96;5.58;BUY
2016-02-01T00:05:01.527000;2016-02-01T00:05:01.573000;7ef742cc-bff2-4e00-b464-eb4c81550595;368.97;0.5;BUY
2016-02-01T00:05:01.527000;2016-02-01T00:05:01.573000;03bfe2ee-fff6-443b-932b-69a4d38decd6;368.99;0.8573;BUY
2016-02-01T00:05:04.947000;2016-02-01T00:05:05.357000;cf2352dc-e7bd-432b-92cf-e446b8b4a881;368.71;0.24045;SELL
2016-02-01T00:05:04.983000;2016-02-01T00:05:05.357000;a1ff033a-c68e-4e66-854d-6746a8b43ca8;368.71;0.2592;SELL
2016-02-01T00:05:04.993000;2016-02-01T00:05:05.357000;3cbfa19e-2865-4152-8065-510fe8948ee9;368.71;0.8352;SELL
2016-02-01T00:05:05.007000;2016-02-01T00:05:05.357000;985932ca-589c-4dfb-bb1d-4ee32c5c1fd5;368.71;0.252;SELL
2016-02-01T00:05:05.010000;2016-02-01T00:05:05.357000;b6330743-eba3-43fa-b632-da7ce9c90246;368.71;0.39315;SELL
2016-02-01T00:05:05.010000;2016-02-01T00:05:05.357000;a4c6cec7-295c-483b-b486-33fa3b52a21b;368.7;0.33225;SELL
2016-02-01T00:05:05.013000;2016-02-01T00:05:05.370000;325b96ae-9169-4d4a-b194-653280ad22b8;368.7;0.049075;SELL
2016-02-01T00:05:05.053000;2016-02-01T00:05:05.370000;f7806fa7-2f7b-4737-b7fb-bdf9afce8154;368.7;0.238675;SELL
2016-02-01T00:05:05.053000;2016-02-01T00:05:05.370000;97251c9a-6ad7-4a59-aa0f-5ed50f62ac03;368.7;0.112325;SELL
2016-02-01T00:05:05.060000;2016-02-01T00:05:05.370000;6fbf6c4f-b32b-48f3-afd6-546d9e0cd945;368.7;0.81646515;SELL
2016-02-01T00:05:26.077000;2016-02-01T00:05:26.120000;2296e41f-8dc1-4ff6-9a95-be2e9d8d22b2;368.94;0.00024333;BUY
2016-02-01T00:05:31.423000;2016-02-01T00:05:31.450000;2d4f7bf3-6017-4c0c-a9cf-648c1c5467cb;368.94;1.70183;BUY
2016-02-01T00:06:01.883000;2016-02-01T00:06:01.920000;e969b2ac-dda7-4fd5-b216-a3e5a788d401;369.19;0.02;BUY
2016-02-01T00:06:01.883000;2016-02-01T00:06:01.933000;4e05c0d0-56d7-4849-846e-30da3be78504;369.19;0.56;BUY
2016-02-01T00:06:01.883000;2016-02-01T00:06:01.933000;d09dbffa-10c6-4ea0-907b-dc5ae41e7d30;369.34;0.02;BUY
2016-02-01T00:06:01.883000;2016-02-01T00:06:01.933000;1099302e-3856-483c-b873-1c3934d0c05b;369.4;0.36;BUY
2016-02-01T00:06:01.883000;2016-02-01T00:06:01.950000;99f837b2-66e7-49d8-8722-11b852807209;369.41;0.38924584;BUY
2016-02-01T00:06:01.883000;2016-02-01T00:06:01.950000;9d88f8f6-0d0f-4fde-9e31-ea4019d9d6d1;369.42;0.04156416;BUY
2016-02-01T00:06:31.497000;2016-02-01T00:06:31.543000;9aff4fbf-867b-4791-a08f-65506e5ab83b;369.37;0.18;BUY
2016-02-01T00:06:31.497000;2016-02-01T00:06:31.543000;e2102917-ae6b-4560-8596-3920d5eb7cc2;369.38;0.06;BUY
2016-02-01T00:06:31.500000;2016-02-01T00:06:31.543000;58998da0-4425-4904-a25e-928b880fa20f;369.39;0.113;BUY
2016-02-01T00:06:31.500000;2016-02-01T00:06:31.543000;7ed4f65f-6a1b-486d-92dd-067443f33bf8;369.39;0.06;BUY
2016-02-01T00:06:31.500000;2016-02-01T00:06:31.543000;f732394d-d329-4021-bb29-a8c500c1168b;369.42;0.18;BUY
2016-02-01T00:06:31.500000;2016-02-01T00:06:31.543000;c6d75e7d-019c-4568-ba0c-cbd6600073c6;369.43;0.02;BUY
2016-02-01T00:06:31.500000;2016-02-01T00:06:31.560000;5cc65c4c-f13d-4ab9-ba30-c8dbb1a7ed90;369.43;0.18;BUY
2016-02-01T00:06:31.500000;2016-02-01T00:06:31.560000;145b6301-c7a7-4ecb-99e7-364507732230;369.44;0.3;BUY
2016-02-01T00:06:31.500000;2016-02-01T00:06:31.560000;e2a29718-7d24-4853-bf4e-277eba1405d6;369.44;0.126;BUY
2016-02-01T00:06:31.500000;2016-02-01T00:06:31.560000;f7025bdf-14b3-4fc1-9238-3b0e2a5dd0ef;369.48;0.18;BUY
2016-02-01T00:06:31.500000;2016-02-01T00:06:31.560000;e4911440-6faa-4e60-b24f-cbffc486b1a2;369.49;0.02;BUY
2016-02-01T00:06:31.500000;2016-02-01T00:06:31.573000;c9c12264-face-4dcf-8fc9-044460a85af8;369.49;0.129;BUY
2016-02-01T00:06:31.500000;2016-02-01T00:06:31.590000;2b7f9e72-45ac-437d-ad31-a290fdd2135c;369.5;0.12456623;BUY
2016-02-01T00:06:31.500000;2016-02-01T00:06:31.590000;9a70220e-7482-49f0-93f5-6cb7c2f66bea;369.51;0.18;BUY
2016-02-01T00:06:31.500000;2016-02-01T00:06:31.590000;85f4688f-84c5-4af8-80a4-cb66de8dab74;369.52;0.099;BUY
2016-02-01T00:06:31.500000;2016-02-01T00:06:31.590000;8d0b26bd-3560-4200-ab57-922f4fdb428b;369.56;0.54;BUY
2016-02-01T00:06:31.500000;2016-02-01T00:06:31.590000;ae6163fe-b0f5-4166-a6db-6c6329a45d8b;369.58;0.19482377;BUY
2016-02-01T00:06:38.357000;2016-02-01T00:06:38.387000;4d1ab044-b9fb-4ebd-8ff0-b1cef6e8c95d;369.34;0.238;BUY
2016-02-01T00:06:38.357000;2016-02-01T00:06:38.387000;fede9831-9706-42d7-b2ee-0a5c3c882bdf;369.34;0.18;BUY
2016-02-01T00:06:38.357000;2016-02-01T00:06:38.403000;0bde2e1e-1cff-4b26-ac8a-c83a19ec2ea5;369.35;0.25148964;BUY
2016-02-01T00:07:01.423000;2016-02-01T00:07:01.467000;d14bef57-d129-403d-9e89-10651c04bb2e;369.18;0.16285;BUY
2016-02-01T00:07:31.893000;2016-02-01T00:07:31.920000;38f19657-8c7f-479f-add0-4cbd359ef600;368.82;0.25;BUY
2016-02-01T00:07:31.893000;2016-02-01T00:07:31.933000;4ee1d4a2-a42d-4bc2-8cb2-7bacd3390b3e;368.83;1.05258;BUY
2016-02-01T00:07:52.503000;2016-02-01T00:07:52.527000;ce9d469c-2139-4b2b-b406-a411c2dbb101;368.74;0.02;SELL
2016-02-01T00:07:55.540000;2016-02-01T00:07:55.573000;481860c3-7723-4e33-bdf7-d073fbb5aa3a;368.71;1.98;BUY
2016-02-01T00:07:55.540000;2016-02-01T00:07:55.573000;5c80e0b2-059d-43c3-bf83-6f33b1bb5003;368.73;2.1;BUY
2016-02-01T00:08:01.343000;2016-02-01T00:08:01.370000;e2ef717b-187f-4f6e-8249-d278b9fc88c9;368.7;1.08;BUY
2016-02-01T00:08:01.343000;2016-02-01T00:08:01.370000;08c218cb-549d-4694-b97f-472c00e2ed6d;368.71;0.989;BUY
2016-02-01T00:08:01.343000;2016-02-01T00:08:01.387000;f4664d13-8c26-4c24-b8c9-53cef43a7550;368.77;0.6028;BUY
2016-02-01T00:08:31.500000;2016-02-01T00:08:31.527000;f123e623-cf60-4c6e-8759-60360c12b2fa;368.59;0.02;SELL
2016-02-01T00:08:31.500000;2016-02-01T00:08:31.543000;2964ee88-4731-4abe-a789-724e0c0c9638;368.44;0.02;SELL
2016-02-01T00:08:31.500000;2016-02-01T00:08:31.543000;0a96c26d-6bc2-46e8-b05a-ddd2ae0fce42;368.43;0.02;SELL
2016-02-01T00:08:31.500000;2016-02-01T00:08:31.543000;e8640599-3bfa-40db-a6d4-fb9fc9f20306;368.29;0.02;SELL
2016-02-01T00:08:31.500000;2016-02-01T00:08:31.543000;93670a6e-fdd4-4c63-8f21-d94bc63a334f;368.26;0.097;SELL
2016-02-01T00:08:31.500000;2016-02-01T00:08:31.543000;aea2f36d-96cf-4d5a-9657-ddca17e239e2;368.24;0.3775;SELL
2016-02-01T00:08:31.500000;2016-02-01T00:08:31.543000;934a778b-5fb8-435d-91f1-7c0ff996140f;368.23;0.108;SELL
2016-02-01T00:08:31.500000;2016-02-01T00:08:31.543000;6416396c-1705-48b2-8eba-04640fc1c2e6;368.2;0.099;SELL
2016-02-01T00:08:31.500000;2016-02-01T00:08:31.543000;8b32e492-d1cc-4d75-a431-78b46eafc7bd;368.17;0.113;SELL
2016-02-01T00:08:31.500000;2016-02-01T00:08:31.573000;1acc2c90-1b4b-48c6-a933-0e96efb5b6dd;368.14;0.02;SELL
2016-02-01T00:08:31.503000;2016-02-01T00:08:31.573000;d7428739-6d8c-45ee-8a6c-07bab04ca882;368.14;0.087;SELL
2016-02-01T00:08:31.503000;2016-02-01T00:08:31.573000;7a0d904a-71af-4f33-8907-7feb0ec74f1c;368.14;0.52;SELL
2016-02-01T00:08:31.503000;2016-02-01T00:08:31.573000;6b044482-9e89-47c7-8f7d-76cdf1a3c419;368.11;0.072;SELL
2016-02-01T00:08:31.503000;2016-02-01T00:08:31.573000;4b7cca28-2f95-4a21-b6c8-b10201f79f4c;368.09;0.01;SELL
2016-02-01T00:08:31.503000;2016-02-01T00:08:31.573000;72f66b8f-177c-43e5-b549-fbd09508ccf5;368.08;0.103;SELL
2016-02-01T00:08:31.503000;2016-02-01T00:08:31.573000;4b121397-7eef-46ea-a0d5-f49f0e1c2880;368.07;0.36;SELL
2016-02-01T00:08:31.503000;2016-02-01T00:08:31.573000;805549fb-51a9-4b3b-a337-0cc412f03b6c;368.06;0.02584322;SELL
2016-02-01T00:08:31.503000;2016-02-01T00:08:31.590000;16399b6c-ff47-408c-af51-d0065548ca1c;368.05;0.02797678;SELL
2016-02-01T00:08:59.010000;2016-02-01T00:08:59.060000;72d8d8a9-5b6e-4b39-8a01-45d08827d5d8;368.09;0.25;BUY
2016-02-01T00:08:59.010000;2016-02-01T00:08:59.060000;0c20c9ba-6e46-48d6-a998-708dd732b677;368.1;0.54;BUY
2016-02-01T00:08:59.010000;2016-02-01T00:08:59.060000;0b5e6737-2d6f-4160-9ed5-8d1e5546e019;368.11;0.30999999;BUY
2016-02-01T00:08:59.017000;2016-02-01T00:08:59.060000;a9c4467c-80a4-4a28-94c8-5c293fa93cf9;368.11;0.43000001;BUY
2016-02-01T00:09:01.407000;2016-02-01T00:09:01.450000;519fdb57-d646-4342-8f7c-eb609e49dcf1;368.24;0.26941;BUY
2016-02-01T00:09:06.913000;2016-02-01T00:09:06.967000;c15a5c21-ba3e-4e35-a67a-b1f13840c7c8;368.14;0.213;SELL
2016-02-01T00:09:31.390000;2016-02-01T00:09:31.420000;cf39f83c-3eeb-4a0a-9474-cfa74d3a465c;368.16;0.03754;BUY
2016-02-01T00:10:01.963000;2016-02-01T00:10:01.980000;34c8d5e3-c5e8-4f96-8624-417e09d26641;368.16;0.21246;BUY
2016-02-01T00:10:01.963000;2016-02-01T00:10:02.013000;18c9dddf-74c9-4292-8f58-6072ac9cbf3e;368.47;1.8;BUY
2016-02-01T00:10:01.963000;2016-02-01T00:10:02.013000;1d09c464-51c6-480a-8653-f8f43bcda321;368.48;0.04595;BUY
2016-02-01T00:10:32.130000;2016-02-01T00:10:32.170000;06725b51-7048-4cdc-927a-7f1516b55657;368.45;2.0012;BUY
2016-02-01T00:10:59.267000;2016-02-01T00:10:59.293000;9785733e-3900-4f90-85cb-ddeb162c73af;368.5;0.237;BUY
2016-02-01T00:11:00.930000;2016-02-01T00:11:00.950000;46db7b1d-ddd5-4e85-a0ca-a974197ee101;368.58;0.921;SELL
2016-02-01T00:11:01.467000;2016-02-01T00:11:01.497000;ddf77d45-e54e-4f16-b039-d54e66a04610;368.59;0.2002;BUY
2016-02-01T00:11:18.040000;2016-02-01T00:11:18.060000;89f319b4-21c4-4e92-8e56-354267b68247;368.56;0.347;SELL
2016-02-01T00:11:28.453000;2016-02-01T00:11:28.467000;bd14b7ff-0bd9-4744-9569-d65a23c5ceae;368.59;0.2757;BUY
2016-02-01T00:11:58.487000;2016-02-01T00:11:58.513000;f485e98b-6e48-41af-8b35-d553e31b1703;368.59;0.826;SELL
2016-02-01T00:12:01.343000;2016-02-01T00:12:01.373000;da1be82c-d4bd-4651-908d-441444a22105;368.43;0.46;SELL
2016-02-01T00:12:01.343000;2016-02-01T00:12:01.373000;3271a7ed-7c63-46c1-b1b7-882084ddec6e;368.42;1.98;SELL
2016-02-01T00:12:01.343000;2016-02-01T00:12:01.373000;fa9e5917-adac-4971-b8ee-7daa352d45e2;368.41;0.767;SELL
2016-02-01T00:12:01.343000;2016-02-01T00:12:01.373000;4030a447-c7fa-4bca-90da-0ee5606f8104;368.36;2.16;SELL
2016-02-01T00:12:01.343000;2016-02-01T00:12:01.387000;da60df13-52e7-4599-9389-bc726af44a3e;368.35;0.162;SELL
2016-02-01T00:12:01.343000;2016-02-01T00:12:01.387000;7b1cff00-f32a-45e3-a7d1-8a829cb870e2;368.31;0.02;SELL
2016-02-01T00:12:01.347000;2016-02-01T00:12:01.387000;987248dd-9eba-4a36-a8dc-add1a9c18950;368.31;0.43;SELL
2016-02-01T00:12:01.347000;2016-02-01T00:12:01.403000;565b2021-763e-4d1f-987a-969f58fe3413;368.31;2.7;SELL
2016-02-01T00:12:01.347000;2016-02-01T00:12:01.403000;2a017ad1-3199-49a5-9184-2bdb5d0b0ec0;368.3;0.274;SELL
2016-02-01T00:12:01.347000;2016-02-01T00:12:01.403000;8ddaba49-d579-4e72-b8db-7c6618a61639;368.24;3.03989;SELL
2016-02-01T00:12:31.567000;2016-02-01T00:12:31.590000;15e47f79-7903-4893-919d-47bf9a44c54f;368.55;0.843;BUY
2016-02-01T00:12:31.567000;2016-02-01T00:12:31.590000;566ddba0-8258-405d-9cd6-39b9b008de92;368.56;0.179;BUY
2016-02-01T00:12:56.813000;2016-02-01T00:12:56.823000;1d41a3a9-9a1e-47bf-a2e8-887418bfea54;368.6;0.01;BUY
2016-02-01T00:12:56.877000;2016-02-01T00:12:56.887000;26750b4a-4d06-4a06-8aa8-0362c8541c7c;368.6;0.01;BUY
2016-02-01T00:12:57.017000;2016-02-01T00:12:57.043000;55527bf8-a933-4d04-ae76-035d3badf14d;368.6;0.01;BUY
2016-02-01T00:12:57.123000;2016-02-01T00:12:57.137000;0c40c6f0-7643-4dae-ae71-9ab968a5c7be;368.6;0.01;BUY
2016-02-01T00:13:01.390000;2016-02-01T00:13:01.403000;e4ff9f33-83f4-4c3c-9002-cad223d5226e;368.59;0.72;SELL
2016-02-01T00:13:01.390000;2016-02-01T00:13:01.420000;90f80887-4ea9-4bcf-8b3a-8f41c56d7b1f;368.59;0.3032;SELL
2016-02-01T00:13:31.393000;2016-02-01T00:13:31.403000;747f41c8-ebd2-4198-b501-f146cc3d6ea9;368.6;0.11138;BUY
2016-02-01T00:14:01.323000;2016-02-01T00:14:01.340000;2914583c-3354-47f8-8b8f-0c76cb5b86a3;368.6;1.20586;BUY
2016-02-01T00:14:31.620000;2016-02-01T00:14:31.653000;57e9abc2-0fe8-4b28-ae94-505a41285c2f;368.6;3.64276;BUY
2016-02-01T00:14:31.620000;2016-02-01T00:14:31.653000;fbddabb0-7536-4024-aca2-57c4c423479b;368.6;1.52950655;BUY
2016-02-01T00:14:31.620000;2016-02-01T00:14:31.653000;a5b5b9d8-2ad9-4da8-bc81-3645f70155dc;368.66;0.07444345;BUY
2016-02-01T00:14:56.183000;2016-02-01T00:14:56.200000;4eb8ae83-e5b6-4b89-b049-efb3c4e0c99e;368.71;0.01;BUY
2016-02-01T00:14:56.183000;2016-02-01T00:14:56.217000;dbc700b2-2458-4156-861f-5cb839864f8d;368.89;0.015;BUY
2016-02-01T00:15:01.543000;2016-02-01T00:15:01.560000;72071be0-865f-4c6c-b7ea-ccbdabc799bb;368.89;0.005;BUY
2016-02-01T00:15:01.543000;2016-02-01T00:15:01.560000;ddb283b9-e1e7-4f52-a4ca-8304302137da;368.99;0.37;BUY
2016-02-01T00:15:01.543000;2016-02-01T00:15:01.560000;8c42281c-3d74-4396-a6fd-c0bd115ebe8d;369.04;0.02;BUY
2016-02-01T00:15:01.543000;2016-02-01T00:15:01.560000;c10158be-abad-410c-9c4c-b33a3ea21825;369.18;1.08;BUY
2016-02-01T00:15:01.543000;2016-02-01T00:15:01.590000;11122ec9-1aee-4c55-97ee-7c32835c76d2;369.19;0.02;BUY
2016-02-01T00:15:01.543000;2016-02-01T00:15:01.590000;890d0f6c-4c2e-4989-8f79-4a6837e8f0e8;369.33;1.40434;BUY
2016-02-01T00:15:05.027000;2016-02-01T00:15:05.043000;22381fbf-ce19-48d1-a803-bc1518864514;368.89;0.025;BUY
2016-02-01T00:15:31.463000;2016-02-01T00:15:31.513000;1954f17d-0ca4-4595-af6f-7481fdc2f7b6;369.3;0.12198;BUY
2016-02-01T00:15:54.233000;2016-02-01T00:15:54.247000;a589f517-4685-42aa-a1df-35cc07f96d20;369.3;0.12852;BUY
2016-02-01T00:15:54.233000;2016-02-01T00:15:54.263000;d665198a-4c1a-42ad-8f2a-efeef96bfd95;369.34;0.02;BUY
2016-02-01T00:15:54.233000;2016-02-01T00:15:54.263000;103644d2-0e67-4944-a915-e6e7c0fe81aa;369.43;0.02;BUY
2016-02-01T00:15:54.233000;2016-02-01T00:15:54.263000;2b7d1ee2-b7dd-461f-b808-d6577d8894b1;369.49;0.02;BUY
2016-02-01T00:15:54.233000;2016-02-01T00:15:54.263000;288a1a3f-bf22-4417-b8e4-e19003fcf378;369.5;0.01148;BUY
2016-02-01T00:16:01.330000;2016-02-01T00:16:01.340000;6122c372-270b-40a0-9f7d-7397adb3fea5;369.5;0.43549;BUY
2016-02-01T00:16:18.297000;2016-02-01T00:16:18.310000;3c1c625b-159b-4ecc-8c3a-093c9f5ca0cf;369.5;0.25;BUY
2016-02-01T00:16:18.893000;2016-02-01T00:16:18.903000;b22f0d09-24a2-4ac4-9fb6-5006a845a1e8;369.5;0.01;BUY
2016-02-01T00:16:29.037000;2016-02-01T00:16:29.043000;15c22f4b-f9cb-4ab2-9549-588c4ca5d547;369.64;0.02;BUY
2016-02-01T00:16:29.037000;2016-02-01T00:16:29.060000;881765b7-b51b-40d3-a816-87e8c8595bc1;369.79;0.005;BUY
2016-02-01T00:16:31.353000;2016-02-01T00:16:31.373000;e1647c0d-fde3-4ee7-af79-b3a4d216a2ec;369.79;0.015;BUY
2016-02-01T00:16:31.353000;2016-02-01T00:16:31.387000;7007b341-700b-4e92-8e5d-e8daaf131c76;369.85;0.02;BUY
2016-02-01T00:16:31.353000;2016-02-01T00:16:31.387000;f9f39b3f-9f72-447c-9778-a16e79b8cc38;369.89;0.3;BUY
2016-02-01T00:16:31.353000;2016-02-01T00:16:31.403000;e33749b3-fc2c-48b2-858b-9d690492c78a;369.89;0.3;BUY
2016-02-01T00:16:31.353000;2016-02-01T00:16:31.403000;4849cc96-29e0-482e-9962-9e47ac239d7d;369.9;0.28095;BUY
2016-02-01T00:16:31.353000;2016-02-01T00:16:31.403000;b5b0c25b-607e-4d65-a9ce-1b415e2e84ee;369.94;0.02;BUY
2016-02-01T00:16:31.353000;2016-02-01T00:16:31.403000;f4862dff-7bff-4bc3-8359-4bda75bfafca;370.0;0.01001;BUY
2016-02-01T00:16:31.353000;2016-02-01T00:16:31.420000;8bf7ad7d-b88e-4c95-b115-161eb1a924b7;370.0;0.01;BUY
2016-02-01T00:16:31.353000;2016-02-01T00:16:31.420000;80d9c4b7-c96a-4cf5-b2be-4a460aed7b19;370.0;0.04109589;BUY
2016-02-01T00:16:31.353000;2016-02-01T00:16:31.420000;e5c50336-b890-4342-98ed-68652a1616ff;370.05;2.1075;BUY
2016-02-01T00:16:31.353000;2016-02-01T00:16:31.420000;21354c1d-01bb-4eba-a5bb-acdd333a1507;370.09;0.02;BUY
2016-02-01T00:16:31.353000;2016-02-01T00:16:31.420000;254b2c6c-3b0a-42c5-85b8-e50709665128;370.24;0.02;BUY
2016-02-01T00:16:31.357000;2016-02-01T00:16:31.420000;3684a7ad-c03a-46be-a338-e0d9550a600a;370.27;0.02;BUY
2016-02-01T00:16:31.357000;2016-02-01T00:16:31.420000;527e9baa-4d7d-4a53-889d-aac6ba4f09f8;370.33;0.01;BUY
2016-02-01T00:16:31.357000;2016-02-01T00:16:31.420000;b5ed3081-7665-414a-bb58-f167388fc0a9;370.39;0.02;BUY
2016-02-01T00:16:31.357000;2016-02-01T00:16:31.420000;81a044a4-e95e-4868-8aab-8a4e133cdb74;370.46;0.3;BUY
2016-02-01T00:16:31.357000;2016-02-01T00:16:31.420000;1d8ea26f-e521-42de-b7bc-7cf45c4dd991;370.5;0.12499436;BUY
2016-02-01T00:16:31.357000;2016-02-01T00:16:31.420000;11bac6bd-b20a-43db-a2cc-277749c8d5a7;370.54;0.02;BUY
2016-02-01T00:16:31.357000;2016-02-01T00:16:31.433000;a05b5260-e41b-4b71-be76-250935f0a867;370.68;1.08;BUY
2016-02-01T00:16:31.357000;2016-02-01T00:16:31.433000;16c0b38b-8fe0-4cc1-af7f-9f984119c12d;370.69;0.02;BUY
2016-02-01T00:16:31.357000;2016-02-01T00:16:31.433000;739f6b9b-be86-41d9-a9b7-ad8c51df8ce1;370.69;0.02;BUY
2016-02-01T00:16:31.357000;2016-02-01T00:16:31.433000;514db393-6ce0-4f6f-8650-732ae0546091;370.83;2.0;BUY
2016-02-01T00:16:31.357000;2016-02-01T00:16:31.433000;555d4ff9-3e73-4515-8845-24ab74ebbf09;370.83;3.78;BUY
2016-02-01T00:16:31.357000;2016-02-01T00:16:31.433000;c045a9ba-3320-4d70-9c8f-e57a0f249f74;370.84;0.02;BUY
2016-02-01T00:16:31.357000;2016-02-01T00:16:31.433000;4e7f2fce-04b1-41f4-bab4-736f4d73bcb0;370.84;0.33595975;BUY
2016-02-01T00:16:40.117000;2016-02-01T00:16:40.123000;f7d19ee1-b680-4da0-9656-f52f21818bd0;369.99;0.1;BUY
2016-02-01T00:17:01.397000;2016-02-01T00:17:01.403000;fd0f9ac3-1388-4985-a2e3-0700c76a241d;369.96;0.1;SELL
2016-02-01T00:17:01.397000;2016-02-01T00:17:01.403000;5b629cb7-2b2a-423a-98d7-256bfa84535d;369.95;0.70703;SELL
2016-02-01T00:17:17.780000;2016-02-01T00:17:17.777000;dd76d8b0-4c49-491c-a5e6-c7f51a7537dc;370.08;0.2;SELL
2016-02-01T00:17:25.153000;2016-02-01T00:17:25.153000;a39f5746-6874-4526-b4e2-a7829a9021c1;370.1;0.832;SELL
2016-02-01T00:17:31.430000;2016-02-01T00:17:31.450000;6cd46dfd-1bed-4670-8065-a96d89a6659c;370.44;0.25469;BUY
2016-02-01T00:18:01.360000;2016-02-01T00:18:01.373000;94624d77-c47f-48f7-b98b-a5af46aba261;370.56;0.19944;BUY
2016-02-01T00:18:28.100000;2016-02-01T00:18:28.107000;0b771afd-29dc-442f-9f30-ce4aca20f524;370.58;0.01;BUY
2016-02-01T00:18:28.100000;2016-02-01T00:18:28.123000;243f4632-c8cb-48a5-a66d-dc347f6a1614;370.59;5.881;BUY
2016-02-01T00:18:28.100000;2016-02-01T00:18:28.123000;e73a05d0-dc42-4a84-b15f-30e6b8291d87;370.78;0.407;BUY
2016-02-01T00:18:28.100000;2016-02-01T00:18:28.123000;d967295f-5f42-4ed4-982b-1b37d6fdaadf;370.78;1.98;BUY
2016-02-01T00:18:28.100000;2016-02-01T00:18:28.123000;c2457665-d410-40fa-9806-55149a2f6062;370.79;0.01755818;BUY
2016-02-01T00:18:28.100000;2016-02-01T00:18:28.123000;6a2983e1-fcda-4d7f-a32a-8a80628eed9c;370.8;2.34;BUY
2016-02-01T00:18:28.100000;2016-02-01T00:18:28.123000;6f145c7b-e920-41ad-86b7-9201eb3a89e9;370.81;0.804;BUY
2016-02-01T00:18:28.100000;2016-02-01T00:18:28.137000;88a106a8-d805-4480-9de8-878a56c9964b;370.83;0.56044182;BUY
2016-02-01T00:18:31.443000;2016-02-01T00:18:31.450000;08efc026-a5d4-4b3d-b033-de569d133f3b;370.56;1.73721;BUY
2016-02-01T00:18:38.597000;2016-02-01T00:18:38.607000;c6f6c772-7085-4a8a-a782-df0b9c3c8280;370.17;0.02829593;SELL
2016-02-01T00:19:01.313000;2016-02-01T00:19:01.343000;1ffc9c86-8589-4347-949f-dcb2513b298c;370.26;0.26416;BUY
2016-02-01T00:19:21.500000;2016-02-01T00:19:21.547000;99734df9-c977-4f8f-abd7-0dcc3ba55ede;369.99;2.0;BUY
2016-02-01T00:19:33.293000;2016-02-01T00:19:33.330000;e68b3119-caba-4ec9-8bfa-0324cc08db31;369.99;1.87161;BUY
2016-02-01T00:19:33.603000;2016-02-01T00:19:33.657000;53e7d3a8-4b97-4024-bebe-fad2ca1f39ff;369.99;0.04271053;BUY
2016-02-01T00:19:35.903000;2016-02-01T00:19:35.940000;d3512f46-3b38-4d15-a7a4-d5d3e38d322e;369.99;1.675;BUY
2016-02-01T00:19:59.930000;2016-02-01T00:19:59.970000;277e8b72-c004-4a29-b0fd-eb8655f01cc4;369.94;0.02;SELL
2016-02-01T00:20:01.897000;2016-02-01T00:20:01.940000;ed0b6bbc-b902-44ef-93fa-1c9cdb375cdf;369.94;2.50703;BUY
2016-02-01T00:20:02.263000;2016-02-01T00:20:02.297000;c22b9cb6-b6f4-4350-9868-faa1e5e99b43;369.79;0.02;SELL
2016-02-01T00:20:02.263000;2016-02-01T00:20:02.297000;965259c7-e872-4214-bec4-078ffc247796;369.69;0.02;SELL
2016-02-01T00:20:02.263000;2016-02-01T00:20:02.297000;664cc0e1-a133-4dd7-974d-167019e4a4af;369.64;0.02;SELL
2016-02-01T00:20:31.380000;2016-02-01T00:20:31.423000;1a7b20f7-5c45-4216-978a-8353b41212f6;369.57;0.12069;BUY
2016-02-01T00:21:31.547000;2016-02-01T00:21:31.580000;1d310841-bf08-447d-be81-71836937802c;369.49;0.02;SELL
2016-02-01T00:21:31.547000;2016-02-01T00:21:31.593000;fddceaa8-fa0c-4e23-8490-9e2082918e35;369.34;0.02;SELL
2016-02-01T00:21:31.547000;2016-02-01T00:21:31.593000;43a7fc88-8a86-4627-ad5b-773b2dfb39a3;369.33;0.44;SELL
2016-02-01T00:21:31.547000;2016-02-01T00:21:31.593000;87671da8-62bb-45d2-9b50-1605c62d4b6e;369.27;0.02;SELL
2016-02-01T00:21:31.547000;2016-02-01T00:21:31.593000;b731da05-9190-4f83-886d-780d29b373eb;369.19;0.02;SELL
2016-02-01T00:21:31.547000;2016-02-01T00:21:31.610000;15dc933d-27a4-49e9-b026-9a7c2c70247c;369.04;0.02;SELL
2016-02-01T00:21:31.547000;2016-02-01T00:21:31.610000;5673e727-a800-4f13-a980-63a5a30b698d;368.99;0.01;SELL
2016-02-01T00:21:31.547000;2016-02-01T00:21:31.610000;014e9b1a-1af2-4419-a318-320ef1fdb4ca;368.9;0.54;SELL
2016-02-01T00:21:31.547000;2016-02-01T00:21:31.610000;7508b585-95b4-4453-964d-7c7c7a40070c;368.89;0.02;SELL
2016-02-01T00:21:31.547000;2016-02-01T00:21:31.610000;86e57fbf-37fb-4d28-9623-3b634f5cb8cb;368.77;1.26;SELL
2016-02-01T00:21:31.547000;2016-02-01T00:21:31.610000;be31bcad-2c5c-47c0-8f2f-f39226079bf9;368.75;0.01;SELL
2016-02-01T00:21:31.547000;2016-02-01T00:21:31.610000;4dd114f8-84de-400b-b860-ec19467677a9;368.75;0.32586;SELL
2016-02-01T00:22:01.477000;2016-02-01T00:22:01.500000;f9f468d5-f12c-4749-85a6-6f56c1e9e935;369.44;0.08289;BUY
2016-02-01T00:22:05.007000;2016-02-01T00:22:05.047000;aa559523-21df-4593-9550-a7f840386a70;369.33;0.129;BUY
2016-02-01T00:22:31.520000;2016-02-01T00:22:31.563000;2c5ff37d-d8e3-4968-8b84-9874803e8ba4;369.46;1.44;BUY
2016-02-01T00:22:31.520000;2016-02-01T00:22:31.563000;4406f707-fdb6-45ed-9ccd-002dc1ba91a1;369.47;2.365;BUY
2016-02-01T00:22:31.520000;2016-02-01T00:22:31.563000;2f437eb8-073f-4570-b648-104f89608206;369.48;0.79618;BUY
2016-02-01T00:23:31.440000;2016-02-01T00:23:31.487000;7b3ed6dd-bbee-4243-b32e-39367fb5d9bb;369.45;1.82;BUY
2016-02-01T00:23:31.440000;2016-02-01T00:23:31.487000;2ba1208d-105a-4a86-bf97-9a0cabf8a696;369.46;0.52;BUY
2016-02-01T00:23:31.440000;2016-02-01T00:23:31.487000;a4408692-dd01-4e9e-8346-d1aa873bcd5b;369.47;0.20626;BUY
2016-02-01T00:24:01.903000;2016-02-01T00:24:01.923000;2489c6d1-db16-4508-8ece-cb2c40087c26;369.3;0.18;SELL
2016-02-01T00:24:01.903000;2016-02-01T00:24:01.953000;542320aa-6cd4-4836-b582-420a08bf4da4;369.29;0.57;SELL
2016-02-01T00:24:01.903000;2016-02-01T00:24:01.953000;911cf266-b6ba-4681-b411-df650e5c359d;369.26;0.12;SELL
2016-02-01T00:24:01.903000;2016-02-01T00:24:01.953000;0d3a46fa-cf10-4bb3-83eb-b638ced53109;369.22;0.074;SELL
2016-02-01T00:24:01.903000;2016-02-01T00:24:01.953000;dfde4944-00be-4b43-9c94-7f39a71e00fe;369.18;0.18;SELL
2016-02-01T00:24:01.903000;2016-02-01T00:24:01.953000;30e65ddd-77b9-44c0-af10-8a7d44543df7;369.17;0.103;SELL
2016-02-01T00:24:01.903000;2016-02-01T00:24:01.970000;f9481249-54b1-4132-aaff-70b677ad86da;369.15;0.36;SELL
2016-02-01T00:24:01.903000;2016-02-01T00:24:01.970000;fa0427d7-996f-4055-bc08-b10c79ceac88;369.14;0.106;SELL
2016-02-01T00:24:01.903000;2016-02-01T00:24:01.970000;a7a0368b-1dfe-421c-b0b9-46dfec6f2a68;369.01;1.44;SELL
2016-02-01T00:24:01.903000;2016-02-01T00:24:01.970000;3a9b771d-1e70-4be8-9214-34073262f0dd;369.0;0.0115;SELL
2016-02-01T00:24:01.903000;2016-02-01T00:24:01.970000;b4806cea-d100-4718-890e-9fe558fea1d8;368.86;3.06;SELL
2016-02-01T00:24:01.903000;2016-02-01T00:24:01.970000;559ad1d3-c8d2-4e17-9615-20f3891c2505;368.85;0.02;SELL
2016-02-01T00:24:01.903000;2016-02-01T00:24:01.970000;ae1f96f4-f157-41b1-9d09-f08dff838391;368.75;3.96;SELL
2016-02-01T00:24:01.903000;2016-02-01T00:24:01.970000;74f2280d-b3f6-4010-b958-62c02ba8d53b;368.74;0.02;SELL
2016-02-01T00:24:01.903000;2016-02-01T00:24:01.970000;137f776e-61a9-420f-a1fe-277e6ed45197;368.6;0.06159;SELL
2016-02-01T00:24:27.453000;2016-02-01T00:24:27.470000;9ac279f3-7206-4e0d-a53f-d638a2c22b09;369.49;1.15;BUY
2016-02-01T00:24:31.433000;2016-02-01T00:24:31.453000;60eff64d-e738-4756-a975-4a15f0247701;369.49;0.37642;BUY
2016-02-01T00:25:01.240000;2016-02-01T00:25:01.283000;67afacd7-c61d-49e9-863d-5a8b7ac1ce4e;369.44;0.09;SELL
2016-02-01T00:25:01.423000;2016-02-01T00:25:01.453000;df7553ae-2fb2-4f2d-b4e5-72d328fe2979;369.3;0.08694;BUY
2016-02-01T00:26:01.443000;2016-02-01T00:26:01.470000;6f464693-f469-4123-9c37-bd8aedb0f608;369.28;0.24611;SELL
2016-02-01T00:26:31.400000;2016-02-01T00:26:31.423000;69e8943d-2c3b-41b6-a26f-0855c3242ee9;369.49;3.37232;BUY
2016-02-01T00:27:01.783000;2016-02-01T00:27:01.797000;bd6bd26f-3b4d-4ef0-84ab-25872a4812fe;369.48;1.3776;BUY
2016-02-01T00:27:31.360000;2016-02-01T00:27:31.377000;0f46b330-f872-4789-a9ca-18209123b41d;369.47;0.41;BUY
2016-02-01T00:27:31.360000;2016-02-01T00:27:31.377000;0e9c528b-8f50-4d14-a318-b64d677a174f;369.49;3.23565;BUY
2016-02-01T00:28:02.147000;2016-02-01T00:28:02.157000;b853bc81-7d4f-4a97-8a97-7cc084a15d71;369.49;0.30376;BUY
2016-02-01T00:28:31.450000;2016-02-01T00:28:31.470000;02e2ec1b-2c1f-4887-88e4-3733a807c4b5;369.45;0.27046;SELL
2016-02-01T00:29:01.473000;2016-02-01T00:29:01.487000;5c13a89f-a709-4db7-9b4f-d0d0c82a1257;369.49;1.58995;BUY
2016-02-01T00:29:01.473000;2016-02-01T00:29:01.500000;d4163ed7-7ff2-42f9-9535-56a170194063;369.49;0.02;BUY
2016-02-01T00:29:01.477000;2016-02-01T00:29:01.500000;04ae336c-430d-4b6a-8452-b7d0f84400bb;369.64;0.02;BUY
2016-02-01T00:29:01.477000;2016-02-01T00:29:01.500000;4ef7d3ed-1ee9-4fb9-9ce5-139ee70033a6;369.72;0.60395;BUY
2016-02-01T00:29:15.590000;2016-02-01T00:29:15.597000;4d552639-1455-4eb6-9ab1-7553e681fb0a;369.53;0.765;SELL
2016-02-01T00:29:31.527000;2016-02-01T00:29:31.533000;4bda1646-3313-405b-9bcd-b4dcccf18217;369.79;0.02;BUY
2016-02-01T00:29:31.527000;2016-02-01T00:29:31.533000;893b200f-9fbb-4d71-9746-79d41f0a1dba;369.85;0.02;BUY
2016-02-01T00:29:31.527000;2016-02-01T00:29:31.563000;8421f145-48c8-43b2-8151-c782ff5cacf4;369.93;0.71086;BUY
2016-02-01T00:30:01.550000;2016-02-01T00:30:01.580000;fd6a8880-9f6d-4559-9ecf-cea539ac050e;369.94;0.02;BUY
2016-02-01T00:30:01.550000;2016-02-01T00:30:01.580000;3a1d225b-5d0c-4129-adac-3b5a9600fa1e;369.94;0.02659817;BUY
2016-02-01T00:30:01.550000;2016-02-01T00:30:01.580000;5ab6cb07-0bb1-451c-9d7a-115f0ce92b91;369.98;0.96876183;BUY
2016-02-01T00:30:31.387000;2016-02-01T00:30:31.393000;2a2aa22f-2553-4a14-809e-1d51b3899321;369.91;0.33315;BUY
2016-02-01T00:31:01.420000;2016-02-01T00:31:01.423000;1e2ba28a-b3d7-4283-a36b-89f444e29a9f;369.65;0.743;BUY
2016-02-01T00:31:01.420000;2016-02-01T00:31:01.440000;03b70047-cbc6-46fa-8856-dd6c66a7d937;369.66;0.33604;BUY
2016-02-01T00:31:31.833000;2016-02-01T00:31:31.830000;9444c5d5-ed39-49d1-99d9-b7aa1d436416;369.53;0.71;BUY
2016-02-01T00:31:31.833000;2016-02-01T00:31:31.847000;cf15334a-feb6-471b-ab2d-8851779de4d0;369.61;0.697;BUY
2016-02-01T00:31:31.833000;2016-02-01T00:31:31.847000;1cf93bf8-19ce-4815-8a21-f0745584ac40;369.65;0.676;BUY
2016-02-01T00:31:31.833000;2016-02-01T00:31:31.847000;e1d9abb8-618f-42c6-a2c7-24100e23d4a4;369.69;0.748;BUY
2016-02-01T00:31:31.833000;2016-02-01T00:31:31.860000;62561dbd-3d2c-42a5-bd52-43c20b739787;369.77;0.09608;BUY
2016-02-01T00:32:01.377000;2016-02-01T00:32:01.377000;0a33c1be-4a54-4ea7-9d13-6f76e3c447e3;369.66;0.18;BUY
2016-02-01T00:32:01.377000;2016-02-01T00:32:01.393000;5fe754f0-657e-4b9a-95d6-aaaf041c1d6a;369.67;0.54;BUY
2016-02-01T00:32:01.377000;2016-02-01T00:32:01.393000;dbc79d0e-f4bd-44c7-884b-65b9cf857cf4;369.76;1.62;BUY
2016-02-01T00:32:01.377000;2016-02-01T00:32:01.393000;0aeeea01-f1e5-4038-96cc-9fc5acabe706;369.77;0.567;BUY
2016-02-01T00:32:01.377000;2016-02-01T00:32:01.393000;341aa27a-f573-4f6e-848b-4e6a00ce6486;369.85;0.19512;BUY
2016-02-01T00:32:09.307000;2016-02-01T00:32:09.313000;90e9805d-873e-47c3-9e46-efd92b004d58;369.52;0.527;BUY
2016-02-01T00:32:09.307000;2016-02-01T00:32:09.313000;1274eb24-add8-4ea8-818a-d93e06efe73c;369.75;0.473;BUY
2016-02-01T00:32:12.260000;2016-02-01T00:32:12.267000;f2f34bf3-5f48-4a30-99a3-08f3430ef65c;369.5;0.503;SELL
2016-02-01T00:32:20.193000;2016-02-01T00:32:20.203000;cef0abd3-17c8-4784-bb07-cc6508314eb6;369.5;0.416;SELL
2016-02-01T00:32:24.730000;2016-02-01T00:32:24.737000;7e5b1c72-c13c-4901-add5-d58849e652f2;369.53;0.2556;BUY
2016-02-01T00:32:27.667000;2016-02-01T00:32:27.703000;99974c37-2cb7-435e-9ad1-80005574b9c4;369.5;0.081;SELL
2016-02-01T00:32:27.667000;2016-02-01T00:32:27.703000;391ce269-f5d0-4b2f-8a2b-089dd39ca5e7;369.5;0.06903633;SELL
2016-02-01T00:32:31.363000;2016-02-01T00:32:31.360000;d41a9923-4c4e-4116-9f94-1ea938f1e724;369.21;0.285;SELL
2016-02-01T00:32:31.363000;2016-02-01T00:32:31.393000;7efdfcc8-012c-4c51-8e62-a3810d031f94;369.19;0.02;SELL
2016-02-01T00:32:31.363000;2016-02-01T00:32:31.393000;d3f9a80a-a2f0-49bd-83c5-f3263a0ba1aa;369.18;0.02634317;SELL
2016-02-01T00:32:31.363000;2016-02-01T00:32:31.393000;cfef5692-00e5-4f25-883e-ad667feb3b0e;369.08;0.554;SELL
2016-02-01T00:32:31.363000;2016-02-01T00:32:31.393000;35f444d0-b2e7-4f8b-8929-f8d42e0e025a;369.04;0.02;SELL
2016-02-01T00:32:31.363000;2016-02-01T00:32:31.393000;b37cfe23-91c5-445d-96b2-07c979a13f1b;369.01;0.36075683;SELL
2016-02-01T00:32:34.633000;2016-02-01T00:32:34.657000;8c374cc4-4c86-4991-b071-3161672c8e77;369.21;0.198;BUY
2016-02-01T00:32:41.837000;2016-02-01T00:32:41.847000;d57b5b14-b16d-4e89-a083-ce4b067227bf;369.17;0.377;BUY
2016-02-01T00:32:49.433000;2016-02-01T00:32:49.453000;88378ee4-a6a2-47e6-b56e-e7af7a5eebe9;369.13;0.36;BUY
2016-02-01T00:32:49.433000;2016-02-01T00:32:49.453000;7eb2373a-374a-4b19-b814-e7c2c28632c8;369.47;1.178;BUY
2016-02-01T00:33:01.417000;2016-02-01T00:33:01.423000;72109857-a6ca-41c7-ba7a-3a9bdeb8ce84;369.55;0.54;BUY
2016-02-01T00:33:01.417000;2016-02-01T00:33:01.440000;d3e43892-9acd-445f-a1a3-78a6a933edcb;369.56;5.907;BUY
2016-02-01T00:33:01.417000;2016-02-01T00:33:01.440000;07f6c0ae-b690-4fbf-98d4-417e2de76eca;369.71;0.467;BUY
2016-02-01T00:33:01.417000;2016-02-01T00:33:01.440000;160cf1fb-70e8-4e38-8a2b-ecf326cce00d;369.72;0.278;BUY
2016-02-01T00:33:01.420000;2016-02-01T00:33:01.440000;8d5055d1-39bf-4d86-b6c5-e5885b1f1b78;369.75;0.9;BUY
2016-02-01T00:33:01.420000;2016-02-01T00:33:01.500000;337a53e1-0d32-4800-aae5-24cf85c83fcc;369.76;3.0;BUY
2016-02-01T00:33:01.420000;2016-02-01T00:33:01.500000;b7f72a9f-63b9-4de2-a6f3-3b9c1ffe236e;369.79;0.02;BUY
2016-02-01T00:33:01.420000;2016-02-01T00:33:01.500000;fde08c64-1022-4302-8834-55f94dfff224;369.8;0.36;BUY
2016-02-01T00:33:01.420000;2016-02-01T00:33:01.500000;694873c3-8f56-4636-b55e-8a54130b066a;369.81;0.57104;BUY
2016-02-01T00:33:12.397000;2016-02-01T00:33:12.407000;33d24f7a-c8b6-4815-83cb-97dc689d4829;369.59;1.993;SELL
2016-02-01T00:33:12.397000;2016-02-01T00:33:12.423000;32870ad4-7190-4301-aa7f-c37c8f3c39a5;369.51;0.607;SELL
2016-02-01T00:33:13.100000;2016-02-01T00:33:13.097000;506ffc00-202e-4f07-9b43-d96423684c4e;369.5;0.73846153;BUY
2016-02-01T00:33:19.940000;2016-02-01T00:33:19.953000;f492cfba-e08c-49d1-9ec5-22735f73c69b;369.5;1.896;BUY
2016-02-01T00:33:26.817000;2016-02-01T00:33:26.813000;95fe7d85-7123-45fa-8367-58f6c1ff8865;369.49;0.3;BUY
2016-02-01T00:33:26.817000;2016-02-01T00:33:26.830000;bc21358a-2919-4c04-b20e-b781b0366b78;369.5;1.506;BUY
2016-02-01T00:34:01.560000;2016-02-01T00:34:01.563000;05f8c86e-f2a9-476e-a37b-a8e48788dbc5;369.29;1.35351;BUY
2016-02-01T00:34:02.343000;2016-02-01T00:34:02.347000;a06fa766-3ec1-4af7-832e-760263f9528e;369.29;0.62649;BUY
2016-02-01T00:34:15.620000;2016-02-01T00:34:15.693000;0b27ec7c-886e-43d1-aa7e-248a3bec3465;369.3;0.0522;BUY
2016-02-01T00:34:15.653000;2016-02-01T00:34:15.707000;5b7d1cb8-d380-466f-ae82-8de480f5efda;369.3;0.06266;BUY
2016-02-01T00:34:32.127000;2016-02-01T00:34:32.177000;6871279b-f065-46ef-a317-8e08ff5bd64b;369.48;0.54247;BUY
2016-02-01T00:34:39.157000;2016-02-01T00:34:39.207000;7877c35a-2da8-4284-8afa-b5ebf017782e;369.3;0.3;SELL
2016-02-01T00:34:55.463000;2016-02-01T00:34:55.503000;443eb768-46c6-4d09-bdd0-c3193c90fb79;369.31;0.33510876;BUY
2016-02-01T00:35:01.733000;2016-02-01T00:35:01.787000;1c69dfc1-41e1-494c-bd8f-155fd6491e10;369.49;3.24;BUY
2016-02-01T00:35:01.733000;2016-02-01T00:35:01.800000;4eec5630-af84-49c5-8cb3-4253f42bc264;369.5;18.25953847;BUY
2016-02-01T00:35:01.733000;2016-02-01T00:35:01.800000;81d21b09-c36c-41db-8215-33a066d4aef6;369.52;0.916;BUY
2016-02-01T00:35:01.733000;2016-02-01T00:35:01.800000;344c1bb5-cccd-49e6-81fd-8f6694566367;369.56;4.586;BUY
2016-02-01T00:35:01.733000;2016-02-01T00:35:01.800000;af35d018-fbbf-4c41-b9c8-c1230cabef00;369.6;0.01;BUY
2016-02-01T00:35:01.733000;2016-02-01T00:35:01.800000;c349c23f-90dd-488b-944e-ecb793770fba;369.67;0.649;BUY
2016-02-01T00:35:01.733000;2016-02-01T00:35:01.800000;5708e439-ad7d-4923-9761-0f777dfe4139;369.75;0.919;BUY
2016-02-01T00:35:01.733000;2016-02-01T00:35:01.833000;0a37fc20-fc3a-4721-b64f-a5d86892963f;369.76;0.889;BUY
2016-02-01T00:35:01.737000;2016-02-01T00:35:01.847000;0fffd7ba-3f57-4610-b335-31ac9b1a6b87;369.82;2.17098153;BUY
2016-02-01T00:35:19.150000;2016-02-01T00:35:19.193000;39bb1dbd-28ba-4618-bcd0-a0792f77f33f;369.28;0.55572357;BUY
2016-02-01T00:35:31.597000;2016-02-01T00:35:31.660000;83c038ac-32d0-403b-bf6b-dd980dca065d;369.49;2.52;BUY
2016-02-01T00:35:31.597000;2016-02-01T00:35:31.660000;cc2e2865-89a6-422d-93ce-65ca87a374ee;369.5;2.16077;BUY
2016-02-01T00:36:01.450000;2016-02-01T00:36:01.503000;385f3993-b683-41bc-8b54-fb40a28869ab;369.12;0.04195;SELL
2016-02-01T00:36:31.500000;2016-02-01T00:36:31.550000;cacf23d9-bde9-448f-b013-86109e356952;369.48;0.65019;BUY
2016-02-01T00:36:35.733000;2016-02-01T00:36:35.770000;bd84c600-fa17-4e22-837e-7fcf81303030;369.27;0.432;BUY
2016-02-01T00:36:35.733000;2016-02-01T00:36:35.787000;f446255e-cf84-483c-8958-3271bcc99682;369.33;0.01;BUY
2016-02-01T00:36:38.817000;2016-02-01T00:36:38.863000;3c08ef05-c4c5-4a58-8122-5dc1ebca810c;369.36;0.18;SELL
2016-02-01T00:36:38.817000;2016-02-01T00:36:38.880000;9e8fc16a-fee2-474e-9594-fdcf7ae95fb2;369.35;0.068;SELL
2016-02-01T00:36:44.250000;2016-02-01T00:36:44.300000;64545846-4f71-4f86-be47-b655123dd5ab;369.35;0.348;SELL
2016-02-01T00:37:01.003000;2016-02-01T00:37:01.050000;ce989ceb-aa37-4d96-b33b-0a2554531df3;369.36;0.30824349;SELL
2016-02-01T00:37:01.443000;2016-02-01T00:37:01.503000;a1903e0e-9530-41b9-a90c-8585d3e0ad1d;369.29;0.05459;BUY
2016-02-01T00:37:11.070000;2016-02-01T00:37:11.113000;5d5bd964-8f98-4b0a-bf3c-ff4fee69fc9d;369.38;0.09;BUY
2016-02-01T00:37:33.030000;2016-02-01T00:37:33.067000;2c55a93c-514b-43f5-88a7-cbbff63caf34;369.27;0.18;BUY
2016-02-01T00:37:33.030000;2016-02-01T00:37:33.083000;91b49fdd-10c7-4816-b7d2-c826b357422b;369.28;2.87386572;BUY
2016-02-01T00:37:33.030000;2016-02-01T00:37:33.083000;f895adb1-ebe8-4cdb-b07f-07c3d6aa63c0;369.47;5.58;BUY
2016-02-01T00:37:33.030000;2016-02-01T00:37:33.083000;4b5f889a-dea6-4c89-a01d-61fbb2e1bba3;369.48;0.571;BUY
2016-02-01T00:37:33.030000;2016-02-01T00:37:33.083000;42e60e37-343e-4237-b98d-7f7f57939dd7;369.48;5.22;BUY
2016-02-01T00:37:33.030000;2016-02-01T00:37:33.083000;273f90b2-48a4-45c8-ada1-28c46cb711e8;369.49;1.11350428;BUY
2016-02-01T00:37:46.840000;2016-02-01T00:37:46.880000;76172284-fc8a-478a-9f7f-9d06b540f74c;369.05;0.18;SELL
2016-02-01T00:37:46.840000;2016-02-01T00:37:46.897000;d6ecd1fa-c489-40b4-8f59-159edb017f73;369.04;0.02;SELL
2016-02-01T00:37:49.267000;2016-02-01T00:37:49.300000;76f826d5-ca7f-4f54-98ad-1a31fc088f23;369.0;0.141;BUY
2016-02-01T00:38:01.563000;2016-02-01T00:38:01.613000;02e30858-83cb-4336-96c7-ef1e3798e5a5;369.0;1.83257;BUY
2016-02-01T00:38:04.667000;2016-02-01T00:38:04.707000;a29f2230-c9ba-4165-8612-85a8486947f2;369.0;0.263;BUY
2016-02-01T00:38:07.280000;2016-02-01T00:38:07.317000;3ba6148b-9322-4873-8897-68003abd2539;369.0;0.179;BUY
2016-02-01T00:38:09.420000;2016-02-01T00:38:09.473000;0af2c045-8eef-4244-9543-43864c2ec21e;369.0;0.178;BUY
2016-02-01T00:38:31.410000;2016-02-01T00:38:31.473000;be492352-22d4-4f4e-b388-0e33c936efc8;368.99;0.04492;BUY
2016-02-01T00:38:38.003000;2016-02-01T00:38:38.037000;90a316fb-5159-4811-bed1-2366f08550d4;368.9;0.27283888;BUY
2016-02-01T00:39:03.820000;2016-02-01T00:39:03.863000;dc909b03-b409-4f9e-a943-bbad57503f9e;368.89;0.02;SELL
2016-02-01T00:39:03.820000;2016-02-01T00:39:03.863000;6a5ac7b6-7abf-430f-94d9-284824141e3b;368.87;0.06351;SELL
2016-02-01T00:39:31.547000;2016-02-01T00:39:31.600000;8dbeb25b-b096-4b95-abcb-45a7a136fe2b;368.88;0.027;BUY
2016-02-01T00:39:31.547000;2016-02-01T00:39:31.600000;158a2e29-15d5-4bc5-bc0f-185d371a0565;369.23;0.08;BUY
2016-02-01T00:39:31.547000;2016-02-01T00:39:31.600000;2675e63f-c6b5-4b73-bcce-c843ae44123b;369.24;0.118;BUY
2016-02-01T00:39:31.547000;2016-02-01T00:39:31.600000;08c05004-1e87-47df-a078-e227ecc7d566;369.26;0.122;BUY
2016-02-01T00:39:31.547000;2016-02-01T00:39:31.613000;2bb556a4-a0d0-4e47-a898-896131d91c43;369.28;0.103;BUY
2016-02-01T00:39:31.547000;2016-02-01T00:39:31.613000;5d20cafc-650e-4a15-8b3f-cb32aeff5666;369.31;0.096;BUY
2016-02-01T00:39:31.547000;2016-02-01T00:39:31.613000;3c9dba14-e6dc-46ab-b55e-69aa8d1db02f;369.43;1.98;BUY
2016-02-01T00:39:31.547000;2016-02-01T00:39:31.613000;f1b1d5f6-6f84-42be-bd8e-6b5a6b420edd;369.44;0.01;BUY
2016-02-01T00:39:31.547000;2016-02-01T00:39:31.613000;724bca99-6641-4594-aa34-22dffd52d1c1;369.44;0.17167;BUY
2016-02-01T00:40:01.527000;2016-02-01T00:40:01.550000;88ea9e32-e2d3-4a83-9c29-cec0d5d50157;369.49;0.88649572;BUY
2016-02-01T00:40:01.527000;2016-02-01T00:40:01.567000;de7796a7-8f4f-44eb-b887-0bf5f9f4681d;369.5;0.31757428;BUY
2016-02-01T00:40:31.513000;2016-02-01T00:40:31.550000;b1baf58b-9777-43e9-9571-3ef0b2a59986;369.47;0.555;BUY
2016-02-01T00:40:31.513000;2016-02-01T00:40:31.550000;f44bc07c-a19b-434b-8be0-278882974d4d;369.48;0.562;BUY
2016-02-01T00:40:31.513000;2016-02-01T00:40:31.567000;df27c132-1f61-496f-9cb7-50bb99e956ac;369.49;0.07127;BUY
2016-02-01T00:41:01.463000;2016-02-01T00:41:01.490000;825be986-c423-4ec8-acde-bfc755656fda;369.37;0.05519;BUY
2016-02-01T00:41:23.293000;2016-02-01T00:41:23.317000;0b4d21a6-96c2-4ceb-b72e-816bd87589c9;369.37;0.24481;BUY
2016-02-01T00:41:23.297000;2016-02-01T00:41:23.350000;f76a3955-95ab-442a-b25d-fe84f9357bbe;369.37;0.164;BUY
2016-02-01T00:41:23.297000;2016-02-01T00:41:23.350000;6c3d9ffd-2f9a-42c0-8c9e-5d1607f49a1b;369.4;0.205;BUY
2016-02-01T00:41:23.297000;2016-02-01T00:41:23.350000;c6c2a5b1-695c-4a28-84e8-e72f615b0c2c;369.43;0.19630977;BUY
2016-02-01T00:42:01.367000;2016-02-01T00:42:01.397000;69fda6ef-adff-492f-a071-cee30abb8292;369.46;0.235;BUY
2016-02-01T00:42:01.367000;2016-02-01T00:42:01.410000;535d71eb-26f5-41e5-b957-42d5bf1e7c61;369.47;0.232;BUY
2016-02-01T00:42:01.367000;2016-02-01T00:42:01.410000;d7f034c8-8b6c-41b8-97f4-09ace2964590;369.49;0.222;BUY
2016-02-01T00:42:01.367000;2016-02-01T00:42:01.410000;00dcca24-86e7-4f74-a1f5-f48cd12a0bc0;369.5;2.26198;BUY
2016-02-01T00:42:31.493000;2016-02-01T00:42:31.520000;9648d85c-c08b-41c1-9043-33c20a40090a;369.49;0.436;BUY
2016-02-01T00:42:31.493000;2016-02-01T00:42:31.537000;b85fd146-ff11-48f5-ab92-df91a95fa51a;369.5;0.70137;BUY
2016-02-01T00:42:53.997000;2016-02-01T00:42:54.020000;1b0d7be3-99bf-49d4-a6e9-4f34612f7fb2;369.43;0.08;BUY
2016-02-01T00:42:54.000000;2016-02-01T00:42:54.050000;d5e9d8c5-cd0f-4e5d-8c28-34855fec0f7f;369.43;0.07;BUY
2016-02-01T00:43:01.533000;2016-02-01T00:43:01.567000;e905df2d-8152-4e66-b898-83705044fe91;369.46;0.41;BUY
2016-02-01T00:43:01.533000;2016-02-01T00:43:01.583000;8336f717-09bf-4703-881b-7aad7610f3aa;369.49;0.439;BUY
2016-02-01T00:43:01.533000;2016-02-01T00:43:01.583000;5d9d1fa4-9dc3-47d9-addf-189bdea735cc;369.5;0.74526;BUY
2016-02-01T00:43:13.657000;2016-02-01T00:43:13.693000;50a1d510-d31e-4b4d-b4ea-06e2b09adaf2;369.38;0.249999;BUY
2016-02-01T00:43:13.657000;2016-02-01T00:43:13.693000;c02abd04-9e24-4485-bd6f-f54b35f16507;369.44;0.106;BUY
2016-02-01T00:43:24.067000;2016-02-01T00:43:24.100000;ebc012f7-c219-426d-8695-f03cb7ca97b8;369.45;0.249999;SELL
2016-02-01T00:43:29.640000;2016-02-01T00:43:29.660000;b8051c0b-5a6f-4718-8c91-338ad0b9b386;369.45;0.249999;SELL
2016-02-01T00:43:31.500000;2016-02-01T00:43:31.520000;28683800-470b-4828-a319-13016471ad66;369.46;0.04168;BUY
2016-02-01T00:44:01.707000;2016-02-01T00:44:01.723000;d2859203-c585-4a11-96c5-7ebeaae7f68e;369.46;0.208319;BUY
2016-02-01T00:44:01.707000;2016-02-01T00:44:01.740000;23450900-8d9f-4577-828e-5a76b5c25406;369.47;0.249999;BUY
2016-02-01T00:44:01.707000;2016-02-01T00:44:01.740000;b138397f-9bd8-49d6-a3ae-668fe0b187a7;369.47;0.296;BUY
2016-02-01T00:44:01.707000;2016-02-01T00:44:01.740000;4ff56000-c49c-4fe0-ae82-b26d844e4e51;369.48;0.249999;BUY
2016-02-01T00:44:01.707000;2016-02-01T00:44:01.740000;e3a2069d-907a-4704-8159-92999b85cddc;369.5;2.063053;BUY
2016-02-01T00:44:09.233000;2016-02-01T00:44:09.253000;223e1001-0131-4b4c-9262-a5a838f9b7f0;369.46;0.3;BUY
2016-02-01T00:44:09.383000;2016-02-01T00:44:09.410000;6a5062af-d07c-4268-a3ff-63fa3b3e075b;369.46;0.04382946;SELL
2016-02-01T00:44:09.383000;2016-02-01T00:44:09.410000;66d87af7-ec41-405d-8a61-2d9ebe030b26;369.46;0.31915189;SELL
2016-02-01T00:44:31.607000;2016-02-01T00:44:31.630000;69a5e173-4e60-410c-90eb-4418b3b4b220;369.5;0.63313;BUY
2016-02-01T00:45:02.037000;2016-02-01T00:45:02.067000;e94b6bf5-1c22-42e3-ab14-eafd73e4f358;369.49;0.09518;BUY
2016-02-01T00:45:06.233000;2016-02-01T00:45:06.270000;9378673d-f881-4444-8596-06151310e8a5;369.5;0.37;BUY
2016-02-01T00:45:31.573000;2016-02-01T00:45:31.600000;f064a0cc-d4ab-4d25-9368-844a68fe07c3;369.5;4.11784;BUY
2016-02-01T00:46:30.013000;2016-02-01T00:46:30.037000;96f0d327-f504-40ed-a8ed-02ee9504d4c8;369.64;0.02;BUY
2016-02-01T00:46:30.013000;2016-02-01T00:46:30.053000;b5d27043-0f03-4fa4-b03f-767155828451;369.79;0.02;BUY
2016-02-01T00:46:30.013000;2016-02-01T00:46:30.053000;932dfb13-84fc-4010-8cfd-a7822a7ad405;369.93;0.01;BUY
2016-02-01T00:46:30.017000;2016-02-01T00:46:30.053000;06a5aa13-afc5-4464-b093-66c811ff1347;369.94;0.02;BUY
2016-02-01T00:46:30.017000;2016-02-01T00:46:30.053000;006056ef-f0b0-4d2e-89d5-e1cba4b83481;369.98;0.079;BUY
2016-02-01T00:46:30.017000;2016-02-01T00:46:30.053000;f62ef290-68a1-4cd5-9691-6e687a8a4b34;369.99;0.0404;BUY
2016-02-01T00:46:30.017000;2016-02-01T00:46:30.053000;cb0d64dd-a1c8-47b2-a9a4-e8f4a226eba1;370.0;0.01;BUY
2016-02-01T00:46:30.017000;2016-02-01T00:46:30.067000;09ba091e-8864-4009-9e40-c8f9d70d8cb3;370.0;0.42071275;BUY
2016-02-01T00:50:33.203000;2016-02-01T00:50:33.240000;bafce251-8a73-4b4d-8757-f23384292455;369.99;0.19582514;SELL
2016-02-01T00:50:33.203000;2016-02-01T00:50:33.253000;f0a9b9a8-51b5-4f82-8a63-cdab5f001640;369.99;0.80417486;SELL
2016-02-01T00:52:04.827000;2016-02-01T00:52:04.863000;bfe66128-7c5c-4b12-b40d-0add4037a596;369.99;0.025;SELL
2016-02-01T00:52:11.403000;2016-02-01T00:52:11.427000;ee8ae58f-3ce1-4519-a671-ff411bb33053;370.0;0.07;BUY
2016-02-01T00:52:30.820000;2016-02-01T00:52:30.847000;71b2049f-3da8-41ca-8077-559df98f5a77;370.0;24.50928725;BUY
2016-02-01T00:52:30.820000;2016-02-01T00:52:30.863000;30dc0ea8-9dc3-4fb1-912b-631f4d39d888;370.0;6.71813275;BUY
2016-02-01T00:52:46.063000;2016-02-01T00:52:46.097000;fc154270-f059-4ff1-8b0a-7d14ea746163;370.0;0.0764;BUY
2016-02-01T00:53:00.867000;2016-02-01T00:53:00.893000;2ae13d80-cb58-4754-954e-94c6603701cc;370.0;0.92478;BUY
2016-02-01T00:53:30.957000;2016-02-01T00:53:30.990000;4686ba69-22ed-4773-b2a6-df0cae71d364;370.0;3.38474;BUY
2016-02-01T00:54:01.047000;2016-02-01T00:54:01.067000;7e8a28a6-2be7-4624-9a64-e9e81602bb17;370.0;2.29127;BUY
2016-02-01T00:54:31.340000;2016-02-01T00:54:31.363000;3b6757b9-12f1-4367-9598-2f303b43d2a2;370.0;5.67775;BUY
2016-02-01T00:55:00.947000;2016-02-01T00:55:00.973000;97c7b129-34b2-41e5-85de-d4763f01a3e7;369.99;0.47531394;SELL
2016-02-01T00:55:00.947000;2016-02-01T00:55:00.990000;6a5c35aa-7643-4475-9ddd-cc191c80cd71;369.99;0.194;SELL
2016-02-01T00:55:00.947000;2016-02-01T00:55:00.990000;9e40fb0a-e8ef-40e7-848c-649f1832aec4;369.99;0.15;SELL
2016-02-01T00:55:00.947000;2016-02-01T00:55:00.990000;f96cbb0a-93f8-4309-8f90-8feddaa27551;369.99;0.09366559;SELL
2016-02-01T00:55:00.947000;2016-02-01T00:55:00.990000;61b2c630-5244-46f5-adc0-59c47b05b1b7;369.99;0.06609047;SELL
2016-02-01T00:55:14.627000;2016-02-01T00:55:14.647000;99664e97-713f-45fc-91a6-2e857a3aabcc;370.0;0.07;BUY
2016-02-01T00:55:30.960000;2016-02-01T00:55:30.990000;a5749e5a-2119-46e5-8834-d89879cd28a3;370.0;2.60057;BUY
2016-02-01T00:55:41.383000;2016-02-01T00:55:41.410000;dbf93dbb-057b-4873-be30-a8caf442c47a;370.0;0.07;BUY
2016-02-01T00:56:00.917000;2016-02-01T00:56:00.943000;56c156ab-f80d-4e46-b479-77b975f47ee8;370.0;0.56708;BUY
2016-02-01T00:56:30.930000;2016-02-01T00:56:30.943000;35d5fe24-97d4-4fff-8df3-b9eee4750ff6;369.99;1.22190953;SELL
2016-02-01T00:56:30.930000;2016-02-01T00:56:30.957000;289aa5a3-7af1-4bcd-8717-560b51ba1224;369.99;0.23609047;SELL
2016-02-01T00:57:00.867000;2016-02-01T00:57:00.880000;8d8bf299-130c-40f4-95e5-87b4c836962b;369.99;0.02602;SELL
2016-02-01T00:57:32.510000;2016-02-01T00:57:32.520000;7021c7f0-a352-4d67-8722-e04f29b469d0;370.0;0.5;BUY
2016-02-01T00:58:00.923000;2016-02-01T00:58:00.943000;a234ff12-d72b-4fd6-90e0-b8432dfae0b5;369.99;1.8356;SELL
2016-02-01T00:58:30.853000;2016-02-01T00:58:30.863000;f843ee5c-1d8e-4e4e-a6e0-a058f6d949ad;370.0;0.03202;BUY
2016-02-01T00:59:00.947000;2016-02-01T00:59:00.957000;91613a68-32ff-412b-81b5-b88e02fd4181;370.0;0.56281;BUY
2016-02-01T00:59:30.947000;2016-02-01T00:59:30.957000;01b2d239-81f1-461b-a3ef-6175f580dc9e;369.99;2.90228952;SELL
2016-02-01T00:59:30.947000;2016-02-01T00:59:30.973000;926a8df7-d4ae-4486-8deb-e84c2aebe058;369.99;4.0;SELL
2016-02-01T00:59:30.947000;2016-02-01T00:59:30.973000;a28f55a3-437e-491a-88f5-aaa6e200125a;369.99;0.3;SELL
2016-02-01T00:59:30.947000;2016-02-01T00:59:30.973000;9f06fb19-d539-41d3-982f-5c5abbbb3e0d;369.99;0.13606984;SELL
2016-02-01T00:59:30.947000;2016-02-01T00:59:30.973000;88eaca40-aaac-409b-b71e-cc82be2d705f;369.89;1.818;SELL
2016-02-01T00:59:30.947000;2016-02-01T00:59:31.067000;ca1864be-924d-43a4-91dd-5f1524b12dc1;369.86;1.84;SELL
2016-02-01T00:59:30.947000;2016-02-01T00:59:31.067000;c7c42ff5-9262-40a4-a551-4b2807ab0b57;369.83;1.805;SELL
2016-02-01T00:59:30.947000;2016-02-01T00:59:31.067000;60e48430-7638-4cd9-a7ba-3cfd2a83b9aa;369.8;1.844;SELL
2016-02-01T00:59:30.947000;2016-02-01T00:59:31.067000;2f20e5e9-054a-4f9f-930d-f7705510ef6b;369.77;1.815;SELL
2016-02-01T00:59:30.947000;2016-02-01T00:59:31.067000;c11fc628-4940-4491-a43e-69c5c8af8fc4;369.74;1.849;SELL
2016-02-01T00:59:30.947000;2016-02-01T00:59:31.067000;95c56c92-08ee-44bb-a421-0d59ea1ee86f;369.73;0.02;SELL
2016-02-01T00:59:30.947000;2016-02-01T00:59:31.067000;44a006c5-1a54-44d5-8320-8cee3d323f3f;369.71;1.854;SELL
2016-02-01T00:59:30.947000;2016-02-01T00:59:31.067000;459acfae-7833-47ac-a0a9-4538f2432011;369.68;1.83;SELL
2016-02-01T00:59:30.947000;2016-02-01T00:59:31.067000;d87bdcbe-0c4a-4dab-965c-06ece957a537;369.65;2.152;SELL
2016-02-01T00:59:30.950000;2016-02-01T00:59:31.067000;909e0f48-2a63-452f-a8de-62973e469725;369.62;1.835;SELL
2016-02-01T00:59:30.950000;2016-02-01T00:59:31.067000;92b57842-ffa6-4afe-965a-99094e277302;369.59;1.817;SELL
2016-02-01T00:59:30.950000;2016-02-01T00:59:31.067000;21177c7f-522c-451d-91fe-93309bdc83bd;369.56;1.829;SELL
2016-02-01T00:59:30.950000;2016-02-01T00:59:31.067000;dd1deff8-9805-4c80-9520-5c62aa492781;369.53;1.858;SELL
2016-02-01T00:59:30.950000;2016-02-01T00:59:31.067000;564fc3e6-740c-4532-aaed-852b3dfbb39d;369.5;0.0115;SELL
2016-02-01T00:59:30.950000;2016-02-01T00:59:31.067000;3b94438e-c118-491a-b028-87e0314a4a29;369.5;1.83;SELL
2016-02-01T00:59:30.950000;2016-02-01T00:59:31.067000;b4251924-43e6-450c-af98-2a6fe3d189a2;369.49;0.01;SELL
2016-02-01T00:59:30.950000;2016-02-01T00:59:31.067000;de6dd3a7-fc3d-4dd1-95ea-ad5950aafc0b;369.47;1.823;SELL
2016-02-01T00:59:30.950000;2016-02-01T00:59:31.067000;b959aa13-efec-41fe-baaa-09b4ff933235;369.44;1.834;SELL
2016-02-01T00:59:30.950000;2016-02-01T00:59:31.067000;a891dbf7-dff3-46ee-8689-da262c4cdbd3;369.41;1.862;SELL
2016-02-01T00:59:30.950000;2016-02-01T00:59:31.067000;8ddc6ebe-4751-4aea-8058-29e2edd6383c;369.38;1.84;SELL
2016-02-01T00:59:30.950000;2016-02-01T00:59:31.067000;1769fa56-ae1b-4f2b-b9a3-9c21b9571bb1;369.35;1.855;SELL
2016-02-01T00:59:30.950000;2016-02-01T00:59:31.067000;13b418b6-e958-43d8-9d08-ecc047d8e9e5;369.32;1.81;SELL
2016-02-01T00:59:30.950000;2016-02-01T00:59:31.067000;dd7cf8f6-4675-4799-915e-808b769dbf9d;369.19;0.02;SELL
2016-02-01T00:59:30.953000;2016-02-01T00:59:31.067000;5c434b4e-558a-400b-a612-84028f8b0ea4;369.04;0.02;SELL
2016-02-01T00:59:30.953000;2016-02-01T00:59:31.067000;5d41a539-e4d7-4c69-9eb9-e7e6cec9a37b;369.03;0.2511;SELL
2016-02-01T00:59:30.953000;2016-02-01T00:59:31.067000;399887e2-e95a-487d-b114-d9a7d8f01525;368.89;0.02;SELL
2016-02-01T00:59:30.953000;2016-02-01T00:59:31.067000;0608913e-9ab5-49e2-968b-a39a709fcdd7;368.85;0.02;SELL
2016-02-01T00:59:30.953000;2016-02-01T00:59:31.067000;e981eb11-7901-445a-a074-a9551d7e5b07;368.74;0.02;SELL
2016-02-01T00:59:30.953000;2016-02-01T00:59:31.067000;b7d03a46-555f-449e-9bfe-4fae5402f6c5;368.74;5.26904064;SELL
2016-02-01T00:59:57.057000;2016-02-01T00:59:57.067000;bfb00606-bc14-43fe-a3e5-718b7333a289;369.29;0.01;BUY
2016-02-01T01:00:00.987000;2016-02-01T01:00:01.020000;daebe688-10c5-4f02-aefe-3b9f590486b9;369.24;0.17178;BUY
2016-02-01T01:00:07.317000;2016-02-01T01:00:07.333000;ff525b6d-eb5b-4785-ae07-0d2ce5a0026c;368.86;0.05001875;BUY
2016-02-01T01:00:19.323000;2016-02-01T01:00:19.333000;7b1ee896-f18f-4236-b050-237ee7359bac;368.95;0.19;BUY
2016-02-01T01:01:00.933000;2016-02-01T01:01:00.943000;887e0c54-369d-4fe5-9081-97c8e1efbab4;368.79;0.01;SELL
2016-02-01T01:01:00.933000;2016-02-01T01:01:00.943000;00c47384-3a9f-450e-9ef2-07db27d09025;368.79;0.01;SELL
2016-02-01T01:01:00.933000;2016-02-01T01:01:00.973000;8e2bd075-7c53-48d3-b2c6-03054adc7211;368.79;0.01;SELL
2016-02-01T01:01:00.933000;2016-02-01T01:01:00.973000;7dda3d19-1512-43b4-9085-c2339ef0d5b7;368.79;0.01;SELL
2016-02-01T01:01:00.933000;2016-02-01T01:01:00.973000;cd40217c-e616-49e4-9f89-abc5aecaa02f;368.79;0.00531;SELL
2016-02-01T01:01:31.087000;2016-02-01T01:01:31.100000;389ddb01-08b8-4715-87f1-8c17edfb7735;368.81;0.67414166;SELL
2016-02-01T01:01:31.087000;2016-02-01T01:01:31.113000;f2b978a1-eac7-465b-a886-e67fcd5e358d;368.81;0.154;SELL
2016-02-01T01:01:31.087000;2016-02-01T01:01:31.113000;71b95679-7169-43bb-ba02-332a830fde0c;368.79;0.00469;SELL
2016-02-01T01:01:31.087000;2016-02-01T01:01:31.113000;014818ec-7d85-4d11-878a-06c23e6a942d;368.79;0.01;SELL
2016-02-01T01:01:31.087000;2016-02-01T01:01:31.113000;f8697098-5dc8-4392-9a58-12094bdd44d9;368.79;0.01;SELL
2016-02-01T01:01:31.087000;2016-02-01T01:01:31.113000;ade15d2a-5871-433b-a1bc-94ba793777cb;368.79;0.01;SELL
2016-02-01T01:01:31.087000;2016-02-01T01:01:31.113000;189aed74-0415-452f-8dd1-dfc50e42171d;368.79;0.00504834;SELL
2016-02-01T01:02:01.013000;2016-02-01T01:02:01.020000;a1dc209f-6c2b-4791-bb1c-c68f52600e43;368.82;0.01;BUY
2016-02-01T01:02:01.013000;2016-02-01T01:02:01.037000;7ef60e82-4375-42ab-9b2a-c70c826906a5;368.86;0.077;BUY
2016-02-01T01:02:01.013000;2016-02-01T01:02:01.037000;bc24b41e-77e6-41dd-b2b2-b8228d4f51dc;368.94;0.072;BUY
2016-02-01T01:02:01.013000;2016-02-01T01:02:01.037000;b57930b4-06be-4a25-a21b-23a466c2f95f;368.97;0.125;BUY
2016-02-01T01:02:01.013000;2016-02-01T01:02:01.037000;33065bcf-1ebd-4936-846d-55a5c6c97556;368.99;0.116;BUY
2016-02-01T01:02:01.013000;2016-02-01T01:02:01.037000;5cd5a83c-3137-4ae0-b11d-ae873ed7ed9c;369.02;0.102;BUY
2016-02-01T01:02:01.013000;2016-02-01T01:02:01.037000;64c17332-b0a7-4ac1-a1ed-ac7382fb9799;369.1;0.01833;BUY
2016-02-01T01:02:30.947000;2016-02-01T01:02:30.957000;b880b791-db93-4b79-8e44-7679be26ccb8;368.83;1.837;BUY
2016-02-01T01:02:30.947000;2016-02-01T01:02:30.973000;ea218083-d218-4dfa-9c9f-f70c4fed6e20;368.83;0.38146;BUY
2016-02-01T01:03:03.900000;2016-02-01T01:03:03.897000;15ae2fe9-ad24-4d65-8429-a3aabf974694;368.83;1.592;BUY
2016-02-01T01:03:03.900000;2016-02-01T01:03:03.927000;9160328b-ea0a-4bab-8603-baccbbc682d8;368.84;0.31482;BUY
2016-02-01T01:03:30.870000;2016-02-01T01:03:30.863000;2160b201-0cf2-4db2-aba9-4e830f67f094;368.83;1.477;BUY
2016-02-01T01:03:30.870000;2016-02-01T01:03:30.880000;e83f006e-37aa-4625-8200-6841844730b4;368.84;1.454;BUY
2016-02-01T01:03:30.870000;2016-02-01T01:03:30.880000;3d0d827b-7510-4d2b-96a3-f9ce81fcec44;368.85;1.532;BUY
2016-02-01T01:03:30.870000;2016-02-01T01:03:30.880000;d965800e-9387-4756-82fc-e45848d9b8e0;368.86;1.05079;BUY
2016-02-01T01:04:30.907000;2016-02-01T01:04:30.910000;68124acc-106f-4cd2-a807-d3fb398e5d6b;368.83;0.13681;BUY
2016-02-01T01:04:44.490000;2016-02-01T01:04:44.530000;aa038597-683c-4a09-9799-6e71e9129c85;368.83;0.082;BUY
2016-02-01T01:05:00.950000;2016-02-01T01:05:00.983000;628b2a7b-ec56-405c-9c41-c564817fba67;368.83;0.31796;BUY
2016-02-01T01:05:36.153000;2016-02-01T01:05:36.187000;044ee094-d460-472c-b487-5586f30e0ff3;368.83;1.22;BUY
2016-02-01T01:05:36.153000;2016-02-01T01:05:36.220000;185c6c29-9b2e-41fb-881d-160041c0d58c;368.84;0.264;BUY
2016-02-01T01:05:53.737000;2016-02-01T01:05:53.797000;d5301202-e11e-41c6-ac26-f5ced70cefdf;368.82;0.05001875;SELL
2016-02-01T01:05:53.737000;2016-02-01T01:05:53.813000;dad9adb8-5ddc-45a9-b293-660506ac1ace;368.82;0.91053948;SELL
2016-02-01T01:05:53.737000;2016-02-01T01:05:53.813000;f42d02a2-d7ff-4b9c-ad8f-46f8539bfbf6;368.82;0.27;SELL
2016-02-01T01:05:53.737000;2016-02-01T01:05:53.813000;ef926643-7a52-4c3e-9ec3-d5f3c4375966;368.82;0.02;SELL
2016-02-01T01:05:53.737000;2016-02-01T01:05:53.813000;fed8afde-ebcb-4db6-800b-f07627960923;368.82;0.01;SELL
2016-02-01T01:05:53.737000;2016-02-01T01:05:53.890000;26523344-02cd-4e0d-a165-032a0f7556bf;368.82;0.02;SELL
2016-02-01T01:05:53.737000;2016-02-01T01:05:53.890000;96305b27-fe23-4675-995f-f93349e209b1;368.79;0.00495166;SELL
2016-02-01T01:05:53.740000;2016-02-01T01:05:53.890000;7cda6ea9-710f-4698-9f24-151b05b9d292;368.78;0.01;SELL
2016-02-01T01:05:53.740000;2016-02-01T01:05:53.890000;7fd7a634-ac0d-40ad-91d4-d09595e945ec;368.78;0.01;SELL
2016-02-01T01:05:53.740000;2016-02-01T01:05:53.890000;9c33afe8-a7cc-4fcb-8864-3d61349455bd;368.78;0.01;SELL
2016-02-01T01:05:53.740000;2016-02-01T01:05:53.890000;001a3719-f759-4f8c-aaae-3749a4119c1d;368.78;0.01;SELL
2016-02-01T01:05:53.740000;2016-02-01T01:05:53.890000;5c11e7e2-c596-4a1a-827c-a7e3650238f3;368.78;0.01;SELL
2016-02-01T01:05:53.740000;2016-02-01T01:05:53.890000;db798845-94c8-4819-899d-a9a6b7c5d918;368.78;0.01;SELL
2016-02-01T01:05:53.740000;2016-02-01T01:05:53.890000;065555ef-7079-4183-829d-732ecae50984;368.78;0.01;SELL
2016-02-01T01:05:53.740000;2016-02-01T01:05:53.890000;7125b25d-6554-4227-af55-0cc4c2d30d9c;368.78;0.01;SELL
2016-02-01T01:05:53.740000;2016-02-01T01:05:53.890000;0322a27c-e0ca-4810-80bc-d466471ca1c5;368.78;0.01;SELL
2016-02-01T01:05:53.740000;2016-02-01T01:05:53.890000;11dd8dd4-0b0d-4d1e-837c-da0160d9d4d0;368.77;0.01;SELL
2016-02-01T01:05:53.740000;2016-02-01T01:05:53.890000;8c0527a8-30f4-47f0-952a-4314ec0c5e8a;368.77;0.01;SELL
2016-02-01T01:05:53.740000;2016-02-01T01:05:53.890000;189698cd-4a61-4192-8edc-f2f3be08b139;368.77;0.01;SELL
2016-02-01T01:05:53.740000;2016-02-01T01:05:53.890000;f35615b5-869c-41e4-b881-fe1f096247a1;368.77;0.01;SELL
2016-02-01T01:05:53.740000;2016-02-01T01:05:53.890000;c2430fc7-12dd-43ad-842b-9fdaa429bd41;368.77;0.01;SELL
2016-02-01T01:05:53.740000;2016-02-01T01:05:53.890000;c47bbed7-50a8-4786-8c5c-2acca2faa525;368.77;0.01;SELL
2016-02-01T01:05:53.740000;2016-02-01T01:05:53.890000;080e7d3a-eea9-446a-894a-fd563b70b066;368.77;0.01;SELL
2016-02-01T01:05:53.740000;2016-02-01T01:05:53.890000;c1ce22d3-0b34-4a5e-b7a1-e4782f64a9dc;368.77;0.01;SELL
2016-02-01T01:05:53.740000;2016-02-01T01:05:53.890000;3d24f8af-cca8-450e-81d7-e5ee28495e6d;368.77;0.01;SELL
2016-02-01T01:05:53.743000;2016-02-01T01:05:53.890000;136144c3-32d2-4b0d-9b07-ef8b2598de89;368.77;0.01;SELL
2016-02-01T01:05:53.743000;2016-02-01T01:05:53.890000;5f897fa9-7fc0-4d7d-889f-3619a3fbe45e;368.77;0.01;SELL
2016-02-01T01:05:53.743000;2016-02-01T01:05:53.907000;a7e17252-e7a4-4d2f-b51a-a31691c34bdf;368.77;0.01;SELL
2016-02-01T01:05:53.743000;2016-02-01T01:05:53.907000;9d61267d-fd3b-4da2-86ae-6b075855c217;368.76;0.01;SELL
2016-02-01T01:05:53.743000;2016-02-01T01:05:53.907000;d20ecce3-e2b9-424a-884a-61a054b9dacf;368.76;0.01;SELL
2016-02-01T01:05:53.743000;2016-02-01T01:05:53.907000;154a190c-449f-4398-9754-6d5aac1e4174;368.76;0.01;SELL
2016-02-01T01:05:53.743000;2016-02-01T01:05:53.907000;d0c6d78f-f268-483b-ac14-2c34c90eacd5;368.76;0.01;SELL
2016-02-01T01:05:53.743000;2016-02-01T01:05:53.907000;3a0ad027-9714-4408-9852-86e0c0591f06;368.76;0.01;SELL
2016-02-01T01:05:53.743000;2016-02-01T01:05:53.907000;39fb4a19-aa27-4213-89a9-124382958f5b;368.76;0.01;SELL
2016-02-01T01:05:53.743000;2016-02-01T01:05:53.907000;5e4d9b7a-11d0-466c-8585-6f2fc6a9ae96;368.76;0.01;SELL
2016-02-01T01:05:53.743000;2016-02-01T01:05:53.907000;e41eb118-e1a1-4f8f-a1ba-e3e2c2679e96;368.76;0.01;SELL
2016-02-01T01:05:53.743000;2016-02-01T01:05:53.907000;3ac9f90d-93fb-4150-aec9-7dc68f30a364;368.76;0.01;SELL
2016-02-01T01:05:53.743000;2016-02-01T01:05:53.907000;2a359660-38eb-41e1-bfdb-164b233358e2;368.76;0.01;SELL
2016-02-01T01:05:53.743000;2016-02-01T01:05:53.907000;7c8d21cb-56cb-419a-885d-5bbdbbb0d157;368.76;0.01;SELL
2016-02-01T01:05:53.743000;2016-02-01T01:05:53.907000;821df992-bb3d-4abd-9426-49b93c15f93e;368.75;0.01;SELL
2016-02-01T01:05:53.743000;2016-02-01T01:05:53.907000;84561f40-0c52-4140-b61c-09f79fedac82;368.75;0.01;SELL
2016-02-01T01:05:53.743000;2016-02-01T01:05:53.907000;e9219a1f-f5f4-431d-95b6-a621880b2a71;368.75;0.01;SELL
2016-02-01T01:05:53.747000;2016-02-01T01:05:53.907000;0c4799d1-3460-4120-883e-b226a1bfcb88;368.75;0.01;SELL
2016-02-01T01:05:53.747000;2016-02-01T01:05:53.923000;a03c474e-5f2b-40e3-a6c2-0029c48ece35;368.75;0.01;SELL
2016-02-01T01:05:53.747000;2016-02-01T01:05:53.983000;83d6a92b-d7d4-4480-b81e-5779aa99ae20;368.75;0.01;SELL
2016-02-01T01:05:53.747000;2016-02-01T01:05:53.983000;1e9dec8f-4c8a-4cbb-9896-1bed0ffd8845;368.75;0.01;SELL
2016-02-01T01:05:53.747000;2016-02-01T01:05:53.983000;1a24d350-28ec-4408-9420-71c88559adee;368.75;0.01;SELL
2016-02-01T01:05:53.747000;2016-02-01T01:05:53.983000;2e066074-032a-4219-a0fa-6750d9f58be2;368.75;0.01;SELL
2016-02-01T01:05:53.747000;2016-02-01T01:05:53.983000;4ab7829d-5efb-4ccc-95b1-9453aa51d654;368.75;0.01;SELL
2016-02-01T01:05:53.747000;2016-02-01T01:05:53.983000;78dd4ecc-2215-4091-ba0c-22a4d7c36f4f;368.75;0.01;SELL
2016-02-01T01:05:53.747000;2016-02-01T01:05:53.983000;ad31548c-60f6-4e1d-b78b-e64341d157e6;368.74;0.01;SELL
2016-02-01T01:05:53.747000;2016-02-01T01:05:53.983000;55f8fe19-be0e-4347-a940-be972c4d1327;368.74;0.01;SELL
2016-02-01T01:05:53.747000;2016-02-01T01:05:53.983000;ae2a2d91-7c14-44b8-b414-ebb818222410;368.74;0.01;SELL
2016-02-01T01:05:53.747000;2016-02-01T01:05:53.983000;a70cff40-2609-4063-b4f7-eeb18286710a;368.74;0.01;SELL
2016-02-01T01:05:53.747000;2016-02-01T01:05:53.983000;1477a359-1b92-4112-8a42-49ef0c24d53e;368.74;0.01;SELL
2016-02-01T01:05:53.747000;2016-02-01T01:05:53.983000;e74252fe-6df2-475b-8244-7d842dab91c3;368.74;0.01;SELL
2016-02-01T01:05:53.747000;2016-02-01T01:05:53.983000;79206ac9-c3c7-4e24-8f34-4cc8eb126081;368.73;0.01;SELL
2016-02-01T01:05:53.747000;2016-02-01T01:05:53.983000;0ae40ddb-c7a0-48d0-b20b-51747997ceb2;368.73;0.01;SELL
2016-02-01T01:05:53.747000;2016-02-01T01:05:53.983000;3b977a43-1ca5-47f5-9bc4-cb97211843b3;368.73;0.01;SELL
2016-02-01T01:05:53.747000;2016-02-01T01:05:53.983000;eff4ee29-c5de-46f5-9b10-e39407859da5;368.73;0.01;SELL
2016-02-01T01:05:53.750000;2016-02-01T01:05:53.983000;2d784164-a1fb-45a5-b6ad-f7974df77321;368.73;0.01;SELL
2016-02-01T01:05:53.750000;2016-02-01T01:05:53.983000;30b3efb3-737a-45bb-b5a5-93022f8c0c71;368.73;0.01;SELL
2016-02-01T01:05:53.750000;2016-02-01T01:05:53.983000;4278a7b6-74ae-443f-8f9a-372e5bafe9c0;368.73;0.01;SELL
2016-02-01T01:05:53.750000;2016-02-01T01:05:53.983000;29151ed1-3944-4b72-b2c1-339fe2ed1744;368.73;0.01;SELL
2016-02-01T01:05:53.750000;2016-02-01T01:05:53.983000;66ba860b-b5b9-4d4c-adeb-bbc91e4bf1eb;368.72;0.01;SELL
2016-02-01T01:05:53.750000;2016-02-01T01:05:53.983000;7f92b28d-9c2a-44d6-9657-cd37a57fcea1;368.72;0.01;SELL
2016-02-01T01:05:53.750000;2016-02-01T01:05:53.983000;376a3dc1-a811-4149-96ad-96a555d960f3;368.72;0.01;SELL
2016-02-01T01:05:53.750000;2016-02-01T01:05:53.983000;02864768-af28-447c-b5cf-63e5c93b62b8;368.72;0.01;SELL
2016-02-01T01:05:53.750000;2016-02-01T01:05:53.983000;503f189c-e52d-4ed2-a66e-10d57407b300;368.72;0.01;SELL
2016-02-01T01:05:53.750000;2016-02-01T01:05:53.983000;50b3bad0-177c-4452-a2cd-bed8d5cf98ef;368.72;0.01;SELL
2016-02-01T01:05:53.750000;2016-02-01T01:05:53.983000;79d14791-6b00-4d31-8d01-bd7f0d524722;368.72;0.01;SELL
2016-02-01T01:05:53.750000;2016-02-01T01:05:53.983000;ce8ee583-847d-4b46-aaf0-ee129dac0b8c;368.72;0.01;SELL
2016-02-01T01:05:53.750000;2016-02-01T01:05:53.983000;85c50619-f628-4654-ac8d-3d803313f2d7;368.72;0.01;SELL
2016-02-01T01:05:53.750000;2016-02-01T01:05:53.983000;07adb737-3472-498e-9591-db0eeb8810af;368.72;0.01;SELL
2016-02-01T01:05:53.750000;2016-02-01T01:05:54.000000;4b33ebc3-3569-4e2e-8fbe-3d2208552776;368.72;0.01;SELL
2016-02-01T01:05:53.750000;2016-02-01T01:05:54.000000;06634ef6-0270-4022-abb1-c20565d6cf1b;368.72;0.01;SELL
2016-02-01T01:05:53.753000;2016-02-01T01:05:54.000000;a480dd71-db7e-4df1-a3cd-68f9842c631d;368.72;0.01;SELL
2016-02-01T01:05:53.753000;2016-02-01T01:05:54.000000;a10cd19d-5bfd-4df4-90fa-298ec55ffb9a;368.72;0.01;SELL
2016-02-01T01:05:53.753000;2016-02-01T01:05:54.000000;a17bc890-634b-491b-bf69-b53ef293a309;368.71;0.01;SELL
2016-02-01T01:05:53.753000;2016-02-01T01:05:54.000000;1a586b24-61a8-4f2e-8314-975a9f74237d;368.71;0.01;SELL
2016-02-01T01:05:53.753000;2016-02-01T01:05:54.000000;7cd0c2a4-f967-440f-adf9-3e46e83906c4;368.71;0.01;SELL
2016-02-01T01:05:53.753000;2016-02-01T01:05:54.000000;22053022-98f7-4e4c-b49f-1a1439603c03;368.71;0.01;SELL
2016-02-01T01:05:53.753000;2016-02-01T01:05:54.000000;4c957394-e821-4b30-858e-99f730f90f9e;368.71;0.01;SELL
2016-02-01T01:05:53.753000;2016-02-01T01:05:54.000000;93a5f16a-cca8-4a2f-b08d-9ed4fc26d608;368.7;0.01;SELL
2016-02-01T01:05:53.753000;2016-02-01T01:05:54.000000;baa4343e-7b59-4d38-902d-92ca9a6c07b3;368.7;0.01;SELL
2016-02-01T01:05:53.753000;2016-02-01T01:05:54.000000;b62fde8c-64ae-4a5b-b490-67a4550e1e43;368.7;0.01;SELL
2016-02-01T01:05:53.753000;2016-02-01T01:05:54.017000;2b25dee3-6f6f-422e-b1eb-9e6e3fa8bce4;368.69;0.01;SELL
2016-02-01T01:05:53.753000;2016-02-01T01:05:54.017000;cac89131-53f4-4197-8508-53052c406f43;368.59;0.02;SELL
2016-02-01T01:05:53.753000;2016-02-01T01:05:54.017000;f359fc01-7dfe-4f3b-a612-b44891a940ae;368.59;0.02;SELL
2016-02-01T01:05:53.753000;2016-02-01T01:05:54.017000;d8354df2-0082-4ac9-88c4-3b33226b8424;368.54;0.35;SELL
2016-02-01T01:05:53.753000;2016-02-01T01:05:54.017000;f1850e57-8f63-49e3-b4fc-aa5db8266527;368.51;0.01;SELL
2016-02-01T01:05:53.757000;2016-02-01T01:05:54.080000;d7a1d517-82a3-455a-b980-118570c14d03;368.51;0.328;SELL
2016-02-01T01:06:03.830000;2016-02-01T01:06:03.890000;38b89567-9a01-4612-a79b-0be9fa28606f;368.46;0.13541;BUY
2016-02-01T01:06:30.857000;2016-02-01T01:06:30.890000;649b74a7-57db-426f-8a31-2bf97657ad51;368.49;0.14016;BUY
2016-02-01T01:07:00.887000;2016-02-01T01:07:00.923000;a733b043-7cea-44f7-b2e8-11feca545e83;368.49;0.15188;BUY
2016-02-01T01:07:30.980000;2016-02-01T01:07:31.017000;74699946-b892-465b-9e08-cf45fc41eeee;368.49;1.628;BUY
2016-02-01T01:07:30.980000;2016-02-01T01:07:31.017000;73aae14b-ed8b-40c6-92d1-2b1c0467d11f;368.5;13.62229;BUY
2016-02-01T01:08:00.940000;2016-02-01T01:08:00.970000;6e990cdb-c252-4bf6-9720-954e96a2a0c2;368.5;0.0218;BUY
2016-02-01T01:08:31.623000;2016-02-01T01:08:31.657000;660906f1-a9cc-4d48-981d-845e2c2b1aa2;368.48;0.22786828;SELL
2016-02-01T01:08:31.623000;2016-02-01T01:08:31.687000;25823d62-fc87-4494-b957-8fd68c3f1747;368.48;0.08931672;SELL
2016-02-01T01:08:31.623000;2016-02-01T01:08:31.687000;94e08943-f25c-489c-bdd7-78b157077672;368.44;0.02;SELL
2016-02-01T01:08:31.623000;2016-02-01T01:08:31.687000;c89a589a-9235-42e1-a886-3ce046c7c916;368.44;0.16;SELL
2016-02-01T01:08:31.623000;2016-02-01T01:08:31.687000;53bf6689-17be-411c-a3da-19dad0b28829;368.42;0.02;SELL
2016-02-01T01:08:31.623000;2016-02-01T01:08:31.687000;5a5d5a4e-ebdc-439c-97d4-0a328f7a84f7;368.42;0.114;SELL
2016-02-01T01:08:31.623000;2016-02-01T01:08:31.687000;e4ce9f09-ce24-497f-95f7-f027ac45a74e;368.39;0.112;SELL
2016-02-01T01:08:31.623000;2016-02-01T01:08:31.687000;ae073d35-a6f9-4c8e-900f-837b5a57fc07;368.36;0.103;SELL
2016-02-01T01:08:31.623000;2016-02-01T01:08:31.687000;989f3c9e-e4ca-4ace-86ff-56a732e547b5;368.33;0.01;SELL
2016-02-01T01:08:31.623000;2016-02-01T01:08:31.687000;823549e6-7fea-4a9c-933f-49743da2652a;368.33;0.099;SELL
2016-02-01T01:08:31.623000;2016-02-01T01:08:31.687000;6a95aeec-8d7b-443a-b4dd-d6530cae1faa;368.3;0.01;SELL
2016-02-01T01:08:31.623000;2016-02-01T01:08:31.687000;6ef0714a-aa39-4b94-befe-0c05a33c1e37;368.3;0.109;SELL
2016-02-01T01:08:31.623000;2016-02-01T01:08:31.687000;c1389cca-c9f2-4b0e-aae8-b4af9e16a499;368.29;0.02;SELL
2016-02-01T01:08:31.623000;2016-02-01T01:08:31.687000;955759da-d3e5-4c01-82d3-3c437e33cd9a;368.27;0.094;SELL
2016-02-01T01:08:31.623000;2016-02-01T01:08:31.703000;5512f1b2-b5d7-47a3-ba7d-d8386c4bd4a5;368.24;0.12;SELL
2016-02-01T01:08:31.623000;2016-02-01T01:08:31.703000;f3caeb2f-8750-4f26-b7b4-605e5937652b;368.22;0.18;SELL
2016-02-01T01:08:31.623000;2016-02-01T01:08:31.703000;52a87c22-add9-4b5a-9bbc-a6d6cdf967ba;368.21;0.095;SELL
2016-02-01T01:08:31.623000;2016-02-01T01:08:31.703000;9c60c8be-0f6c-4219-a2d9-ad6cc5e5e6a9;368.18;0.097;SELL
2016-02-01T01:08:31.627000;2016-02-01T01:08:31.703000;2f51bc57-ca75-46b0-8a8c-e68389792f15;368.17;0.72;SELL
2016-02-01T01:08:31.627000;2016-02-01T01:08:31.703000;4de63fe6-30ad-4858-b3ae-c08778a2aff1;368.16;0.372595;SELL
2016-02-01T01:09:01.113000;2016-02-01T01:09:01.140000;8cf82ca1-779a-4de6-92a9-e3fc6d9a56a5;368.37;1.486;BUY
2016-02-01T01:09:01.113000;2016-02-01T01:09:01.173000;f11b913c-f512-49e0-baf4-adb26099071a;368.37;0.39;BUY
2016-02-01T01:09:01.113000;2016-02-01T01:09:01.173000;93808af0-7974-4d65-a960-16981649c1d2;368.38;1.435;BUY
2016-02-01T01:09:01.113000;2016-02-01T01:09:01.173000;42699091-4b21-4ae8-b088-e5ed292c2454;368.39;1.305;BUY
2016-02-01T01:09:01.113000;2016-02-01T01:09:01.173000;8d2d2b2b-6c7f-418f-adca-95671a13bad0;368.4;1.337;BUY
2016-02-01T01:09:01.113000;2016-02-01T01:09:01.173000;7c65c207-963c-4fa6-b373-6898d99d0feb;368.41;1.284;BUY
2016-02-01T01:09:01.113000;2016-02-01T01:09:01.173000;e474eeb8-55de-444c-a209-2c6783ba097c;368.42;1.09419;BUY
2016-02-01T01:09:30.873000;2016-02-01T01:09:30.907000;3ecf5e0d-70ce-4ea9-8c47-08deec771401;368.46;1.189;BUY
2016-02-01T01:09:30.873000;2016-02-01T01:09:30.923000;5d0241e0-24b5-4eee-93cb-fd646ca3a6f6;368.47;0.3128;BUY
2016-02-01T01:10:01.083000;2016-02-01T01:10:01.110000;c9dca634-8654-4a85-8222-5c548b91eafd;368.48;1.133;BUY
2016-02-01T01:10:01.083000;2016-02-01T01:10:01.127000;9bd802d0-1125-408a-a131-bbe3afcec90a;368.49;0.39701;BUY
2016-02-01T01:10:30.987000;2016-02-01T01:10:31.030000;f18d6b8e-5276-4122-b4cf-27e360e3d684;368.48;0.14998;BUY
2016-02-01T01:11:00.877000;2016-02-01T01:11:00.907000;4d116489-a80f-445f-9be2-0ef1a5781e8f;368.47;0.28;SELL
2016-02-01T01:11:00.877000;2016-02-01T01:11:00.923000;df81d2c4-8387-4dc6-8524-36ac87bf247d;368.47;0.1366867;SELL
2016-02-01T01:11:00.877000;2016-02-01T01:11:00.923000;00e7b2d0-d635-4f28-9f4f-ef89bb9f119f;368.34;0.13;SELL
2016-02-01T01:11:00.877000;2016-02-01T01:11:00.923000;d60bfe10-8663-4a92-9eb3-2872d34995ed;368.31;0.177;SELL
2016-02-01T01:11:00.877000;2016-02-01T01:11:00.923000;36ecf182-4d79-4f75-b585-80fb69db98b2;368.28;0.165;SELL
2016-02-01T01:11:00.877000;2016-02-01T01:11:00.923000;5646d477-d1de-4299-a9ae-acbe665db8e0;368.25;0.177;SELL
2016-02-01T01:11:00.877000;2016-02-01T01:11:00.923000;343f2094-12ab-423e-86f3-c8d4345644a1;368.22;0.137;SELL
2016-02-01T01:11:00.877000;2016-02-01T01:11:00.923000;abeb7400-7bac-4ccb-9188-3aff277e867f;368.19;0.166;SELL
2016-02-01T01:11:00.877000;2016-02-01T01:11:00.937000;a80bfe75-5a1f-4829-8da4-385210eff7ad;368.16;0.156;SELL
2016-02-01T01:11:00.877000;2016-02-01T01:11:00.937000;ed9ca347-6969-461c-a9fe-66868fd2d918;368.14;0.02;SELL
2016-02-01T01:11:00.877000;2016-02-01T01:11:00.937000;4238a0b8-84c5-464f-bef6-9886d1f6d1e4;368.14;0.18;SELL
2016-02-01T01:11:00.877000;2016-02-01T01:11:00.937000;3f57633f-5e6f-4982-bb0a-6b9a5dd25d0f;368.13;0.1022233;SELL
2016-02-01T01:11:30.997000;2016-02-01T01:11:31.030000;61b563a7-ea73-4acc-b465-75d9639364e4;368.3;0.02941;BUY
2016-02-01T01:12:00.860000;2016-02-01T01:12:00.877000;2a1de3f8-cf8f-4469-9a0b-8cb0dc918219;368.3;0.02;BUY
2016-02-01T01:12:00.860000;2016-02-01T01:12:00.890000;47ef23b2-4f80-4a8e-878e-72b52e751daf;368.3;2.67049;BUY
2016-02-01T01:12:06.030000;2016-02-01T01:12:06.063000;2e41efa0-aeca-480e-9561-8c57b01c0462;368.3;0.0252;BUY
2016-02-01T01:12:31.050000;2016-02-01T01:12:31.080000;e463d8e7-3bcc-499d-ba73-b0f581ea66b8;368.49;0.208;BUY
2016-02-01T01:12:31.050000;2016-02-01T01:12:31.080000;1dfef8b2-70ad-4c62-8b08-b9355ef0d8d0;368.5;0.91921;BUY
2016-02-01T01:12:56.740000;2016-02-01T01:12:56.767000;e91c51c6-0296-40a8-b98c-6d1cf8f50fbe;368.47;0.4;BUY
2016-02-01T01:12:56.740000;2016-02-01T01:12:56.767000;a433d52c-f142-443e-8694-616bcd87cdb9;368.5;0.1752;BUY
2016-02-01T01:13:00.990000;2016-02-01T01:13:01.017000;76abbac0-e64f-48e3-8844-d490468c1c3b;368.49;0.18949;BUY
2016-02-01T01:13:31.053000;2016-02-01T01:13:31.080000;f30b0963-946c-4754-b967-10c2ca247f87;368.48;0.40503;BUY
2016-02-01T01:13:31.073000;2016-02-01T01:13:31.110000;4ab5a144-daad-4619-89cf-f37abc85a687;368.48;0.04283;BUY
2016-02-01T01:13:53.807000;2016-02-01T01:13:53.830000;50a8c664-967e-4c6d-b2a8-e6052d52db8d;368.47;0.0502841;SELL
2016-02-01T01:14:31.110000;2016-02-01T01:14:31.127000;6c439cf5-d553-4064-aa74-4272484685a3;368.46;0.39616;BUY
2016-02-01T01:15:01.087000;2016-02-01T01:15:01.110000;de51fed4-9139-4eb3-a3d7-9543b056652e;368.37;1.03;BUY
2016-02-01T01:15:01.087000;2016-02-01T01:15:01.110000;9a58ffdb-a5ad-4c65-a755-dc0b6cdfd91c;368.38;0.31246;BUY
2016-02-01T01:15:31.030000;2016-02-01T01:15:31.047000;88cb71aa-ec24-405e-8a32-a87f3452de7c;368.45;0.978;BUY
2016-02-01T01:15:31.030000;2016-02-01T01:15:31.047000;2b011fa9-0b91-4ce7-a2f8-17dd18b400d7;368.46;0.12388;BUY
2016-02-01T01:15:34.060000;2016-02-01T01:15:34.080000;fc44cefd-e958-4fb2-89b2-cf0872fc5812;368.46;0.03;BUY
2016-02-01T01:16:31.077000;2016-02-01T01:16:31.093000;4aa53f13-b408-4570-8c9d-ad932e523914;368.49;0.913;BUY
2016-02-01T01:16:31.077000;2016-02-01T01:16:31.093000;7826c503-c132-40b3-bc86-43f7fabede09;368.5;1.77358;BUY
2016-02-01T01:17:01.063000;2016-02-01T01:17:01.093000;c0a8e81e-5888-4cbb-b36b-3c0bff216c52;368.5;0.29822;BUY
2016-02-01T01:17:31.083000;2016-02-01T01:17:31.093000;fe0b8ae4-960a-49d3-a6f3-9984cdbf5956;368.5;1.34415;BUY
2016-02-01T01:17:35.533000;2016-02-01T01:17:35.533000;ca2ff334-f25e-4aed-b3ff-4fe10c84f25a;368.5;0.00106775;BUY
2016-02-01T01:18:01.080000;2016-02-01T01:18:01.080000;d50924d3-2264-4062-83c1-2dbb71838fab;368.5;0.01456;BUY
2016-02-01T01:18:31.500000;2016-02-01T01:18:31.517000;606ee7a0-a33d-4f8a-8aae-c68faf2d220e;368.5;1.11583;BUY
2016-02-01T01:19:01.157000;2016-02-01T01:19:01.157000;7980d5b4-d491-40c5-ab12-5644cb69960a;368.5;0.63518;BUY
2016-02-01T01:20:01.140000;2016-02-01T01:20:01.193000;c0ae88e7-3f9b-481d-ba72-68571dd8240c;368.5;0.3247;BUY
2016-02-01T01:20:31.127000;2016-02-01T01:20:31.180000;2160282f-ee30-490b-9146-f5ad861a18c5;368.5;1.94070236;BUY
2016-02-01T01:20:31.127000;2016-02-01T01:20:31.193000;594587b0-5cca-4fb7-b123-6db69e288c97;368.5;4.12247764;BUY
2016-02-01T01:21:01.353000;2016-02-01T01:21:01.397000;9343bfa9-772a-4e2b-8a7a-c9c9e3d9c362;368.5;1.68166;BUY
2016-02-01T01:21:31.333000;2016-02-01T01:21:31.383000;9d383d28-9441-4bc5-8fbf-0788d341d1f3;368.5;0.53682;BUY
2016-02-01T01:22:01.223000;2016-02-01T01:22:01.273000;d02644c1-a037-4ca7-90b1-eaca881804f1;368.5;1.27049;BUY
2016-02-01T01:22:31.110000;2016-02-01T01:22:31.147000;5637d94a-aef9-4174-aed4-9477956da049;368.49;1.03817;SELL
2016-02-01T01:22:49.927000;2016-02-01T01:22:49.990000;2acc8cc4-a3b6-41a0-b013-b4c98ed546d4;368.5;0.28964224;BUY
2016-02-01T01:23:01.123000;2016-02-01T01:23:01.163000;4c82a82c-1f27-4f2e-b2fd-5d48adfe66d4;368.5;0.26961;BUY
2016-02-01T01:23:18.640000;2016-02-01T01:23:18.693000;edac07ad-596f-403e-a6a5-6c90ddeab2e1;368.5;7.0;BUY
2016-02-01T01:23:31.060000;2016-02-01T01:23:31.100000;9a13dcc1-3e20-4ea6-9951-c110a779a7af;368.5;2.25866;BUY
2016-02-01T01:24:01.120000;2016-02-01T01:24:01.163000;397f6fe3-94c6-4c77-9bff-f9dee164f75e;368.5;0.94788;BUY
2016-02-01T01:24:31.040000;2016-02-01T01:24:31.087000;4ef3520e-8d4e-4f83-8fe8-f231f85966fc;368.49;2.12587397;SELL
2016-02-01T01:24:31.040000;2016-02-01T01:24:31.100000;78799e2e-c2d6-48c4-ab3c-05cfdcd6a48c;368.49;0.99334458;SELL
2016-02-01T01:24:31.043000;2016-02-01T01:24:31.100000;7144d700-2a4d-442c-b309-c99241f50712;368.49;0.25;SELL
2016-02-01T01:24:31.043000;2016-02-01T01:24:31.100000;e9480da4-312d-479c-9d2e-2d7b0310b4c6;368.36;0.934;SELL
2016-02-01T01:24:31.043000;2016-02-01T01:24:31.100000;3af2f8c7-20b5-4e72-860c-1ba9fa19372c;368.3;0.36;SELL
2016-02-01T01:24:31.043000;2016-02-01T01:24:31.180000;1c9462f6-3cd0-4f86-81c0-8ec618150c94;368.29;1.191;SELL
2016-02-01T01:24:31.043000;2016-02-01T01:24:31.180000;2492375c-8382-43b8-b15f-c3424809980a;368.28;0.83082145;SELL
2016-02-01T01:25:31.100000;2016-02-01T01:25:31.147000;419c0011-62d8-4dc8-98b9-f0c9263542e2;368.48;0.43197;BUY
2016-02-01T01:25:45.427000;2016-02-01T01:25:45.460000;8455c9b0-9d0b-4e8e-997b-4883e4c52ce9;368.44;0.54;SELL
2016-02-01T01:25:45.427000;2016-02-01T01:25:45.493000;ac98a005-0dde-470c-9af4-4103f09eeac1;368.43;0.24;SELL
2016-02-01T01:25:45.427000;2016-02-01T01:25:45.493000;3331892c-2f4b-4339-b75a-83f36d181162;368.43;0.18;SELL
2016-02-01T01:25:53.760000;2016-02-01T01:25:53.803000;6b19257d-15de-4a9a-a158-c59877ed0270;368.44;0.34766196;SELL
2016-02-01T01:25:55.337000;2016-02-01T01:25:55.383000;5408c47f-7ea0-4738-afce-84495ecee77b;368.45;0.09;BUY
2016-02-01T01:28:25.970000;2016-02-01T01:28:26.007000;9f8744a0-f226-446d-809d-b7d535f1ea7d;368.35;0.02;SELL
2016-02-01T01:29:34.353000;2016-02-01T01:29:34.383000;c315770f-2627-4733-be46-920f90904179;368.45;0.2824;SELL
2016-02-01T01:29:34.370000;2016-02-01T01:29:34.397000;5233d035-74d4-4fd5-ab71-5a8b15caed0b;368.45;0.2176;SELL
2016-02-01T01:31:12.417000;2016-02-01T01:31:12.447000;1e7d3d1c-5a0e-4d8d-b1ac-9ac252d17625;368.49;0.01;SELL
2016-02-01T01:31:43.667000;2016-02-01T01:31:43.697000;c1e92c45-b505-46f5-a6af-f807b0a8515a;368.49;0.34;SELL
2016-02-01T01:31:43.667000;2016-02-01T01:31:43.710000;54ada4e6-2db3-4bc2-bf25-48ca8d592bc7;368.49;1.72033275;SELL
2016-02-01T01:31:43.667000;2016-02-01T01:31:43.710000;83dc468f-ad12-45b3-9cbc-a7c54faa0c62;368.41;0.618;SELL
2016-02-01T01:31:43.667000;2016-02-01T01:31:43.710000;6cf868cd-2592-412e-9651-a70b03deba26;368.38;0.624;SELL
2016-02-01T01:31:43.667000;2016-02-01T01:31:43.710000;9bc65255-0601-44bf-9802-a1135ccffbc0;368.35;0.594;SELL
2016-02-01T01:31:43.667000;2016-02-01T01:31:43.790000;a94b43a7-7c0b-4a09-822d-528fcc6a4476;368.29;0.36;SELL
2016-02-01T01:31:43.667000;2016-02-01T01:31:43.803000;1b76dcb2-c417-45f4-a1ae-96fb76819c2c;368.28;0.774;SELL
2016-02-01T01:31:43.667000;2016-02-01T01:31:43.803000;6b786d7c-ffd3-4778-8539-ba4b4662621a;368.27;0.848;SELL
2016-02-01T01:31:43.670000;2016-02-01T01:31:43.803000;6ba51f32-7da2-4d52-ada3-d6b2c3fa5e8c;368.26;0.814;SELL
2016-02-01T01:31:43.670000;2016-02-01T01:31:43.803000;031a83a8-3b49-496c-9827-1a2a7dac728e;368.25;0.595;SELL
2016-02-01T01:31:43.670000;2016-02-01T01:31:43.803000;5d1d6296-8c36-4f08-a402-5d2a7e3a657b;368.22;1.031;SELL
2016-02-01T01:31:43.670000;2016-02-01T01:31:43.803000;aace6bf7-d4ec-4362-ab6f-5efa713c5ea9;368.19;0.952;SELL
2016-02-01T01:31:43.670000;2016-02-01T01:31:43.803000;c1d950eb-cca5-439e-9997-1a207799233c;368.13;0.508;SELL
2016-02-01T01:31:43.670000;2016-02-01T01:31:43.803000;16b13997-6c94-44b5-b018-c47e59349db1;368.1;0.498;SELL
2016-02-01T01:31:43.670000;2016-02-01T01:31:43.803000;0d1ea574-4d1b-4b41-a77b-3f18ab1d7d53;368.07;0.513;SELL
2016-02-01T01:31:43.670000;2016-02-01T01:31:43.803000;74811529-727f-4297-b99b-e70938382df5;368.02;0.137;SELL
2016-02-01T01:31:43.670000;2016-02-01T01:31:43.803000;a2cb1229-55d7-4170-a139-d68aea66b758;368.0;1.0;SELL
2016-02-01T01:31:43.670000;2016-02-01T01:31:43.803000;5450f92a-7791-48f4-bff8-88000aadb2a2;368.0;0.12485894;SELL
2016-02-01T01:33:00.837000;2016-02-01T01:33:00.867000;de9541a5-18f5-46cd-b3c3-67e813a23b73;368.12;0.18;SELL
2016-02-01T01:33:00.837000;2016-02-01T01:33:00.883000;b4ec73af-d322-460f-8f98-6c74742d0652;368.11;0.129;SELL
2016-02-01T01:33:00.837000;2016-02-01T01:33:00.883000;eb2a6051-4014-4f93-ade6-6fae4680df6f;368.07;0.01;SELL
2016-02-01T01:33:00.837000;2016-02-01T01:33:00.883000;6742cbc0-1631-4d6a-910d-f245473b5894;368.06;0.01;SELL
2016-02-01T01:33:00.837000;2016-02-01T01:33:00.883000;de9e62fc-4759-4d1c-a631-79fb25c00cb1;368.06;0.01;SELL
2016-02-01T01:33:00.837000;2016-02-01T01:33:00.883000;d6b12d6e-4e90-43e9-ba12-44b436c1a580;368.06;0.085;SELL
2016-02-01T01:33:00.837000;2016-02-01T01:33:00.897000;984f5d9a-e6bd-417c-815f-83074493cbab;368.05;0.01;SELL
2016-02-01T01:33:00.840000;2016-02-01T01:33:00.897000;a43d8646-d97e-473f-9d86-553d64881b2e;368.03;0.01;SELL
2016-02-01T01:33:00.840000;2016-02-01T01:33:00.897000;80280123-58e0-4952-a0f9-91bc0df55b0e;368.03;0.123;SELL
2016-02-01T01:33:00.840000;2016-02-01T01:33:00.897000;d0b38278-d752-44ce-af32-fb10319f48de;368.01;0.36;SELL
2016-02-01T01:33:00.840000;2016-02-01T01:33:00.897000;ebb7ff58-72b0-40eb-8240-10588798b49d;368.0;0.117;SELL
2016-02-01T01:33:00.840000;2016-02-01T01:33:00.897000;47a5cbd8-5a0c-4619-adf1-e0d4366b4df4;367.99;0.02;SELL
2016-02-01T01:33:00.840000;2016-02-01T01:33:00.913000;1af0b90f-fdb3-4114-a5a8-6757f3229299;367.99;0.02;SELL
2016-02-01T01:33:00.840000;2016-02-01T01:33:00.913000;7bbd8928-4643-4141-a923-a55e837baa26;367.99;0.166;SELL
2016-02-01T01:33:00.840000;2016-02-01T01:33:00.913000;a01b0b5e-26ad-4a49-aca9-4b53587e9c5e;367.98;0.4;SELL
2016-02-01T01:33:00.840000;2016-02-01T01:33:00.913000;03b50907-3ce6-4352-acc6-d38805515395;367.97;0.104;SELL
2016-02-01T01:33:00.840000;2016-02-01T01:33:00.930000;646e9def-2a12-4f0e-a181-74944c505b8d;367.96;0.114;SELL
2016-02-01T01:33:00.840000;2016-02-01T01:33:00.930000;1fe96163-1ca7-47b7-9729-9d0d335a6018;367.94;0.1;SELL
2016-02-01T01:33:00.840000;2016-02-01T01:33:00.930000;f4120892-6525-4502-b9ee-988378ab6f1a;367.93;0.086;SELL
2016-02-01T01:33:00.840000;2016-02-01T01:33:00.930000;178bc65c-32ed-402a-9d90-27c2c981cec1;367.9;0.15;SELL
2016-02-01T01:33:00.840000;2016-02-01T01:33:00.930000;c28f62d2-4ddc-429d-8362-39848d47ec96;367.9;0.03;SELL
2016-02-01T01:33:00.840000;2016-02-01T01:33:00.930000;3e78fb7f-6505-4d3c-84e3-33b646561990;367.9;0.075;SELL
2016-02-01T01:33:00.840000;2016-02-01T01:33:00.930000;4e66d521-52a6-445b-ae13-aa60439dd1de;367.87;0.074;SELL
2016-02-01T01:33:00.840000;2016-02-01T01:33:00.930000;bd125d5d-12a1-4eb5-b1fa-096a801401b2;367.84;0.02;SELL
2016-02-01T01:33:00.840000;2016-02-01T01:33:00.930000;abdc97c4-e024-4b39-89c4-7b301819006f;367.84;0.119;SELL
2016-02-01T01:33:00.840000;2016-02-01T01:33:00.930000;6c1cc2fa-f4ff-4de5-88e8-8a8c563c2856;367.82;0.9;SELL
2016-02-01T01:33:00.840000;2016-02-01T01:33:00.947000;129e6b51-c26c-4000-a8fb-71d0ce94c6f5;367.81;0.115;SELL
2016-02-01T01:33:00.840000;2016-02-01T01:33:00.947000;358fe1de-198b-417e-8547-e787db0b1061;367.79;1.26;SELL
2016-02-01T01:33:00.840000;2016-02-01T01:33:00.947000;a18f34ec-163a-434c-b3b4-9d7169b501c6;367.78;0.078;SELL
2016-02-01T01:33:00.840000;2016-02-01T01:33:00.947000;6029f497-b251-456d-866b-dd379e28fba4;367.76;1.98;SELL
2016-02-01T01:33:00.843000;2016-02-01T01:33:00.947000;25f11884-297b-45ee-a279-35d5946c0919;367.75;0.127;SELL
2016-02-01T01:33:00.843000;2016-02-01T01:33:00.947000;6d75219e-c206-46bd-ab0e-dd77455c8922;367.73;2.88;SELL
2016-02-01T01:33:00.843000;2016-02-01T01:33:00.977000;7bbd2dfc-4c77-4ef0-a322-fa78f30bf1a0;367.72;0.093;SELL
2016-02-01T01:33:00.843000;2016-02-01T01:33:00.977000;58a6eb2f-5fe2-48b9-9d67-f9f4a0274fea;367.72;2.88;SELL
2016-02-01T01:33:00.843000;2016-02-01T01:33:00.977000;fd956fc7-3122-4f61-83fc-0bb7ec4777dd;367.71;2.0;SELL
2016-02-01T01:33:00.843000;2016-02-01T01:33:00.977000;d49de3f1-3fe2-418d-bff3-61f70159f75d;367.7;0.54;SELL
2016-02-01T01:33:00.843000;2016-02-01T01:33:00.977000;f4c83f80-d453-4adf-98d1-366dcaa15c6b;367.69;0.02;SELL
2016-02-01T01:33:00.843000;2016-02-01T01:33:00.977000;88bd7829-0ed0-4de0-82db-67cc81cf0c99;367.69;0.11;SELL
2016-02-01T01:33:00.843000;2016-02-01T01:33:00.977000;aa08038a-40ea-4193-bd64-c87d43ade794;367.69;0.54;SELL
2016-02-01T01:33:00.843000;2016-02-01T01:33:00.977000;82f1dcd8-d358-4223-9a24-f5f259cee2ad;367.68;0.01;SELL
2016-02-01T01:33:00.843000;2016-02-01T01:33:00.977000;5799632b-4626-42fa-9a0c-840ad4b19492;367.63;2.34;SELL
2016-02-01T01:33:00.843000;2016-02-01T01:33:00.977000;efd92e32-278b-49cd-ae3a-a845e502d398;367.62;0.39068883;SELL
2016-02-01T01:33:00.843000;2016-02-01T01:33:00.977000;4316410c-4fe7-4a54-ad1e-1e1fcc1ff9f5;367.58;3.42;SELL
2016-02-01T01:33:00.843000;2016-02-01T01:33:00.993000;b67e49b6-5d83-441f-bbdd-58577a79b27c;367.57;0.39021895;SELL
2016-02-01T01:33:00.843000;2016-02-01T01:33:00.993000;09d32b9e-d118-4bc7-9fb7-3ea9a4f750b5;367.55;3.06;SELL
2016-02-01T01:33:00.843000;2016-02-01T01:33:00.993000;354b44dc-0007-4028-88e9-1837238aceb6;367.54;0.02;SELL
2016-02-01T01:33:00.843000;2016-02-01T01:33:00.993000;ef1632fd-8685-4238-9987-8145c8650aa6;367.54;3.42;SELL
2016-02-01T01:33:00.843000;2016-02-01T01:33:00.993000;180965ce-a031-4125-8b47-d517ee595f06;367.53;0.01;SELL
2016-02-01T01:33:00.843000;2016-02-01T01:33:00.993000;778a8dc4-3747-40cc-8a1e-7dd826eb16b7;367.5;4.14;SELL
2016-02-01T01:33:00.843000;2016-02-01T01:33:00.993000;0166f164-7fb3-4a62-a0c1-f41b5216abae;367.49;0.01;SELL
2016-02-01T01:33:00.843000;2016-02-01T01:33:00.993000;c5591b32-97f0-4096-9e02-b2870a6eeff1;367.42;6.3;SELL
2016-02-01T01:33:00.843000;2016-02-01T01:33:00.993000;b26ca9b4-99a6-4690-b136-53e58fc86b1e;367.41;4.0;SELL
2016-02-01T01:33:00.843000;2016-02-01T01:33:01.007000;88a2bb57-5570-4f3f-8bed-a074df0454b5;367.4;2.34;SELL
2016-02-01T01:33:00.847000;2016-02-01T01:33:01.007000;b1d59e24-6814-49ea-b151-e4bc815ab202;367.39;0.02;SELL
2016-02-01T01:33:00.847000;2016-02-01T01:33:01.007000;fbf6be71-cdab-40b6-8c12-e190b996f754;367.25;4.08409222;SELL
2016-02-01T01:33:01.127000;2016-02-01T01:33:01.147000;6e52a317-619c-4608-8296-1e79c8dea74e;368.15;0.01;BUY
2016-02-01T01:33:01.127000;2016-02-01T01:33:01.147000;3de89c78-6a46-44a4-9437-71e4fbf8ebe5;368.15;0.01;BUY
2016-02-01T01:33:01.127000;2016-02-01T01:33:01.180000;d5b6441f-1850-4cfd-8b0b-e0b384996400;368.16;0.01;BUY
2016-02-01T01:33:01.130000;2016-02-01T01:33:01.180000;1f6869de-b871-4cc9-9ac0-ad926e7fd362;368.16;0.01;BUY
2016-02-01T01:33:01.130000;2016-02-01T01:33:01.180000;645569d4-90fc-4856-bc41-b3c0ce5c48e4;368.17;0.01;BUY
2016-02-01T01:33:01.130000;2016-02-01T01:33:01.180000;fe4ea075-c3a2-4e32-a34c-79e6e8d79793;368.28;0.105;BUY
2016-02-01T01:33:01.130000;2016-02-01T01:33:01.197000;80d42161-0b06-46e2-bea8-06972ff64c70;368.28;0.07;BUY
2016-02-01T01:33:01.130000;2016-02-01T01:33:01.197000;fadf186b-6e86-4c44-9aa6-989809e662c4;368.29;0.0834;BUY
2016-02-01T01:33:30.793000;2016-02-01T01:33:30.837000;570c822c-5e13-487c-a6ac-320df2442150;367.9;0.15;SELL
2016-02-01T01:33:30.793000;2016-02-01T01:33:30.837000;709da0b3-62cc-4c82-8a5f-02879fead2c7;367.9;0.03;SELL
2016-02-01T01:33:30.793000;2016-02-01T01:33:30.837000;909f5e17-9946-4c73-9856-27387d08e4a7;367.9;0.113;SELL
2016-02-01T01:33:30.793000;2016-02-01T01:33:30.837000;b21a8cea-ae93-4200-a58c-30d64fa19f90;367.87;0.129;SELL
2016-02-01T01:33:30.793000;2016-02-01T01:33:30.867000;b125688a-46e4-4db8-a417-2f52796706f4;367.84;0.088;SELL
2016-02-01T01:33:30.793000;2016-02-01T01:33:30.867000;ad8bb3b0-0a1e-46ca-b1a9-81ae9946f6c2;367.81;0.091;SELL
2016-02-01T01:33:30.793000;2016-02-01T01:33:30.867000;2a541dda-efe2-4684-8d8d-26c11dfaa6bd;367.78;0.073;SELL
2016-02-01T01:33:30.793000;2016-02-01T01:33:30.867000;8d5f0b65-1635-4e42-991b-c0bd98a9162d;367.75;0.117;SELL
2016-02-01T01:33:30.793000;2016-02-01T01:33:30.867000;61ac2242-21d7-4298-8425-b9fb0678f3ec;367.72;0.108;SELL
2016-02-01T01:33:30.793000;2016-02-01T01:33:30.867000;c3ae41c0-1437-4679-ba4f-bde1c8ab3dd8;367.69;0.01;SELL
2016-02-01T01:33:30.793000;2016-02-01T01:33:30.867000;38633f9b-45e6-484f-a5e0-d20acbcd4de5;367.69;0.098;SELL
2016-02-01T01:33:30.793000;2016-02-01T01:33:30.867000;c80ce22a-1b91-4343-a893-1d7916afedf8;367.69;0.01;SELL
2016-02-01T01:33:30.793000;2016-02-01T01:33:30.867000;2febc57b-cbfe-4366-89c6-f9fae1326273;367.68;0.01;SELL
2016-02-01T01:33:30.793000;2016-02-01T01:33:30.867000;7d5a521e-4404-4a3f-acbc-5b6e837e1d55;367.68;0.01;SELL
2016-02-01T01:33:30.793000;2016-02-01T01:33:30.867000;830ce95d-dd54-4ce2-af76-4d2c63fc88cf;367.67;0.01;SELL
2016-02-01T01:33:30.793000;2016-02-01T01:33:30.883000;211720a1-eb0f-4be3-bd06-8ff94ea88694;367.66;0.01;SELL
2016-02-01T01:33:30.793000;2016-02-01T01:33:30.883000;79a3f3bb-a75e-4adf-90fc-30d928090a6b;367.66;0.088;SELL
2016-02-01T01:33:30.797000;2016-02-01T01:33:30.883000;fbf922a3-3d4d-42b4-be1e-41b472079930;367.65;0.01;SELL
2016-02-01T01:33:30.797000;2016-02-01T01:33:30.897000;98395f3b-b8ba-4bbd-bf32-bfc608d8e7e6;367.65;0.01;SELL
2016-02-01T01:33:30.797000;2016-02-01T01:33:30.913000;9b7c5de0-bbb7-4391-ac12-8697eaf260e4;367.64;0.01;SELL
2016-02-01T01:33:30.797000;2016-02-01T01:33:30.913000;2e8ff0a3-8f08-4bdf-9ce5-5c29dbfdbf40;367.64;0.01;SELL
2016-02-01T01:33:30.797000;2016-02-01T01:33:30.913000;506321ee-a6c6-4114-8a4a-d9b57d7231fa;367.63;0.01;SELL
2016-02-01T01:33:30.797000;2016-02-01T01:33:30.913000;696507b0-7c21-42ff-87c1-24bcae9a815b;367.63;0.086;SELL
2016-02-01T01:33:30.797000;2016-02-01T01:33:30.913000;b787dd41-278f-4f6e-8225-22474ae18469;367.62;0.01;SELL
2016-02-01T01:33:30.797000;2016-02-01T01:33:30.913000;93792a49-1d5d-40ac-bfc6-9a7b710c9874;367.62;0.01;SELL
2016-02-01T01:33:30.797000;2016-02-01T01:33:30.913000;1636d934-9967-4250-8d7e-6c0cd3140cca;367.6;0.01;SELL
2016-02-01T01:33:30.797000;2016-02-01T01:33:30.913000;cac071c5-b6e1-48c0-85e0-a079d4d7e7dd;367.6;0.01;SELL
2016-02-01T01:33:30.797000;2016-02-01T01:33:30.913000;50a84520-c629-458b-96db-e68ce6a0ae42;367.6;0.096;SELL
2016-02-01T01:33:30.797000;2016-02-01T01:33:30.913000;69aa28b2-1657-4ff0-8a0c-5d18ee60b336;367.59;0.01;SELL
2016-02-01T01:33:30.797000;2016-02-01T01:33:30.913000;3376cbf1-dfe1-495d-a43b-b97ee5a535a1;367.59;0.01;SELL
2016-02-01T01:33:30.797000;2016-02-01T01:33:30.913000;867f43cf-a322-4a61-b974-f62ecca01631;367.59;0.18;SELL
2016-02-01T01:33:30.797000;2016-02-01T01:33:30.913000;059b3d25-bf9e-4457-819b-2182b55d9a2b;367.58;0.01;SELL
2016-02-01T01:33:30.797000;2016-02-01T01:33:30.913000;cbb68c05-6e92-48a2-b47d-da388fdbf4f7;367.58;0.36;SELL
2016-02-01T01:33:30.797000;2016-02-01T01:33:30.913000;0bc7d104-c429-4888-8340-134837039fc3;367.57;0.01;SELL
2016-02-01T01:33:30.797000;2016-02-01T01:33:30.913000;5ab6e324-2ccc-4f03-b9f8-7f4a443183fc;367.57;0.01;SELL
2016-02-01T01:33:30.797000;2016-02-01T01:33:30.913000;cac8b326-1595-4c22-b637-6d02f7ae92db;367.57;0.01;SELL
2016-02-01T01:33:30.797000;2016-02-01T01:33:30.913000;dad7ef35-ccdd-4ceb-994b-07c21a3cf68e;367.57;0.093;SELL
2016-02-01T01:33:30.797000;2016-02-01T01:33:30.947000;8aa332e4-a5c2-4c54-b6a7-33f1f82ee50f;367.57;0.54;SELL
2016-02-01T01:33:30.797000;2016-02-01T01:33:30.947000;e5550ba9-a394-4371-8a36-2d6dc6bad074;367.56;0.02;SELL
2016-02-01T01:33:30.797000;2016-02-01T01:33:30.947000;7c1e1931-a4ca-41d6-9788-98bd5924ea14;367.5;2.52;SELL
2016-02-01T01:33:30.800000;2016-02-01T01:33:30.947000;62776f74-3d5d-43f2-b902-f8fa4434f93d;367.49;1.9015;SELL
2016-02-01T01:33:30.800000;2016-02-01T01:33:30.947000;4b45305b-c0cb-497c-8435-9139023af108;367.48;1.26;SELL
2016-02-01T01:33:30.800000;2016-02-01T01:33:30.947000;29c8e78e-1d8c-42f1-b440-640ae55619c6;367.47;0.081;SELL
2016-02-01T01:33:30.800000;2016-02-01T01:33:30.947000;ff7c5810-33c7-4d52-9d05-8addaa9b6bd3;367.46;1.62;SELL
2016-02-01T01:33:30.800000;2016-02-01T01:33:30.947000;3a3d2a42-d2d9-4940-bf61-240e016e2211;367.45;0.01;SELL
2016-02-01T01:33:30.800000;2016-02-01T01:33:30.947000;f04faa2f-60c6-4519-ac95-42b66cfc187b;367.45;0.01;SELL
2016-02-01T01:33:30.800000;2016-02-01T01:33:30.947000;cb68b5f5-61ab-43b0-8283-519c8d699ad6;367.45;1.8;SELL
2016-02-01T01:33:30.800000;2016-02-01T01:33:30.947000;af343ae4-2cfb-4622-be9e-be6c79776d3c;367.44;0.01;SELL
2016-02-01T01:33:30.800000;2016-02-01T01:33:30.960000;323477cc-58a0-45fc-88ad-de42be8d2eb8;367.44;0.01;SELL
2016-02-01T01:33:30.800000;2016-02-01T01:33:30.960000;26b2ac5b-2a85-4a0b-a294-6844c25f8158;367.43;2.52;SELL
2016-02-01T01:33:30.800000;2016-02-01T01:33:30.960000;9d66fa94-6ddd-46d6-b103-4d73caa9bff6;367.42;0.01;SELL
2016-02-01T01:33:30.800000;2016-02-01T01:33:30.960000;24084934-d09c-471b-a4a2-9ccf347a7531;367.42;1.093;SELL
2016-02-01T01:33:30.800000;2016-02-01T01:33:30.960000;83551f50-2b4b-412c-a6a9-3970539c6c2f;367.42;0.01;SELL
2016-02-01T01:33:30.800000;2016-02-01T01:33:30.977000;258e4b4f-d29d-4539-93a0-98f2e33ca514;367.41;1.8;SELL
2016-02-01T01:33:30.800000;2016-02-01T01:33:30.977000;014ab38b-4693-4503-9dd0-592020c298dc;367.4;0.01;SELL
2016-02-01T01:33:30.800000;2016-02-01T01:33:30.977000;5b919ccb-3866-4eeb-931e-603c94e81f83;367.4;0.01;SELL
2016-02-01T01:33:30.800000;2016-02-01T01:33:30.977000;1486b83e-83c7-4271-9f5b-df5234b50d01;367.4;2.52;SELL
2016-02-01T01:33:30.800000;2016-02-01T01:33:30.977000;343e2988-5598-4aa9-8c01-cacb1ae6b708;367.39;0.02;SELL
2016-02-01T01:33:30.800000;2016-02-01T01:33:30.977000;781ae929-443b-4042-bac6-22aa78681c4e;367.27;7.02;SELL
2016-02-01T01:33:30.800000;2016-02-01T01:33:30.977000;a1a3be3d-b35c-4055-a1b9-da55ea3c54de;367.27;1.0184;SELL
2016-02-01T01:33:30.800000;2016-02-01T01:33:30.977000;519dc7fd-5899-4968-bab0-e64876c456d1;367.26;2.5;SELL
2016-02-01T01:33:30.800000;2016-02-01T01:33:30.977000;5cac19ed-7412-47e5-9698-c6720140e6cf;367.25;4.5;SELL
2016-02-01T01:33:30.800000;2016-02-01T01:33:30.993000;4701af1c-f1b3-435d-a13e-4681d3734687;367.24;0.02;SELL
2016-02-01T01:33:30.800000;2016-02-01T01:33:30.993000;70b66916-34fb-4c3c-b5f0-8e7ae784f0eb;367.24;0.40829;SELL
2016-02-01T01:33:52.157000;2016-02-01T01:33:52.197000;6ec94454-64d1-49d9-8006-66ae902ba3e2;367.6;0.01;BUY
2016-02-01T01:33:52.157000;2016-02-01T01:33:52.197000;3229f87f-211e-40ab-9335-89e73cb4a0da;367.6;0.0008;BUY
2016-02-01T01:34:31.080000;2016-02-01T01:34:31.117000;6df68794-bfb1-47a6-a031-8292b5ba0c4f;367.59;0.22583;SELL
2016-02-01T01:35:30.717000;2016-02-01T01:35:30.827000;b9822a7a-9a27-455a-bf00-5a7cdc20b511;367.6;0.0092;BUY
2016-02-01T01:35:30.717000;2016-02-01T01:35:30.843000;478eebf2-9571-4c60-be19-78fbf1cf585a;367.6;0.25;BUY
2016-02-01T01:35:30.717000;2016-02-01T01:35:30.843000;47ba1517-f1e4-43c8-9f3f-07c28c4df0be;367.61;0.01;BUY
2016-02-01T01:35:30.720000;2016-02-01T01:35:30.843000;432c7986-5bd2-43cb-bbe7-6e3f72df847f;367.61;0.01;BUY
2016-02-01T01:35:30.720000;2016-02-01T01:35:30.843000;bbd7085d-62e2-42b0-b1dd-da2110546685;367.61;0.19;BUY
2016-02-01T01:35:30.720000;2016-02-01T01:35:30.843000;2757b5c3-1745-4245-9562-a6b9976f098a;367.62;0.01;BUY
2016-02-01T01:35:30.720000;2016-02-01T01:35:30.857000;52afaece-fb4e-48ed-8826-198b4ae70473;367.62;0.01;BUY
2016-02-01T01:35:30.720000;2016-02-01T01:35:30.857000;89cd2f52-5e7d-4291-9dcb-2ca499d2b790;367.63;0.01;BUY
2016-02-01T01:35:30.720000;2016-02-01T01:35:30.857000;42b32877-1360-4029-aa6f-1e89c1946a3c;367.63;0.01;BUY
2016-02-01T01:35:30.720000;2016-02-01T01:35:30.857000;ce08c28e-3f3c-4443-a7c1-5fd0f6ec76fd;367.64;0.01;BUY
2016-02-01T01:35:30.720000;2016-02-01T01:35:30.857000;c05adfb5-95b6-49f3-af1b-6238b4eab886;367.64;0.01;BUY
2016-02-01T01:35:30.720000;2016-02-01T01:35:30.857000;85b3840e-9c81-4782-b94d-aaa98861b91a;367.65;0.01;BUY
2016-02-01T01:35:30.720000;2016-02-01T01:35:30.857000;328be2d3-3c1f-4c20-b554-d3be7dc8265b;367.65;0.01;BUY
2016-02-01T01:35:30.720000;2016-02-01T01:35:30.857000;725d0150-ea93-4e7a-8b97-b18fd3b750cf;367.66;0.01;BUY
2016-02-01T01:35:30.720000;2016-02-01T01:35:30.873000;0b9129c7-64ac-4d56-961c-da89d3a1b1a4;367.66;0.01;BUY
2016-02-01T01:35:30.720000;2016-02-01T01:35:30.873000;a3e2ef0d-f704-4249-9e62-8cff81f2adf7;367.67;0.01;BUY
2016-02-01T01:35:30.720000;2016-02-01T01:35:30.873000;53564b76-5a84-4445-9c6d-d0c43e4e44d8;367.67;0.01;BUY
2016-02-01T01:35:30.720000;2016-02-01T01:35:30.873000;86920cae-ba3d-48fb-a7fb-fb62ffcb5c22;367.67;0.01;BUY
2016-02-01T01:35:30.720000;2016-02-01T01:35:30.873000;30c25a3e-2f9c-4e0c-8690-aae3a9d177b3;367.68;0.01;BUY
2016-02-01T01:35:30.720000;2016-02-01T01:35:30.907000;30cdd4ac-b5e6-4b2e-9e74-a864a75bd177;367.69;0.01;BUY
2016-02-01T01:35:30.720000;2016-02-01T01:35:30.920000;0aa018d8-82ff-4551-95ee-0d4f84ab26b3;367.69;0.01;BUY
2016-02-01T01:35:30.720000;2016-02-01T01:35:30.920000;c88b56ca-86a9-4f1b-8657-76a51b39c5f2;367.71;0.01;BUY
2016-02-01T01:35:30.723000;2016-02-01T01:35:30.920000;4d02867f-58d6-4503-aa59-e83657c6e6c6;367.71;0.01;BUY
2016-02-01T01:35:30.723000;2016-02-01T01:35:30.920000;1e6527b7-f3b1-4bfa-a80d-1e7f2c3da530;367.71;0.01;BUY
2016-02-01T01:35:30.723000;2016-02-01T01:35:30.920000;e68e463e-ba0e-4ba3-b21a-ce0407a7b19f;367.72;0.01;BUY
2016-02-01T01:35:30.723000;2016-02-01T01:35:30.920000;10ecd987-2b00-4fcf-9332-a8dc3de52f88;367.72;0.01;BUY
2016-02-01T01:35:30.723000;2016-02-01T01:35:30.920000;b851bcb4-e4ee-4979-8b7d-8103dd88a644;367.73;0.01;BUY
