time_exchange;time_coinpai;guid;price;base_amount;taker_side
2016-02-01T00:00:00.000000;2016-02-01T00:00:00.000000;35ccaac5-73c2-4cdc-a36f-187936570359;365.58;1.11802657;UNKNOWN
2016-02-01T00:00:01.000000;2016-02-01T00:00:01.000000;09a6b838-5e79-4efe-8a30-62b4aa3e6409;365.58;0.07199032;UNKNOWN
2016-02-01T00:00:01.000000;2016-02-01T00:00:01.000000;26d14ee8-a898-44d2-bba3-a364f203c958;365.58;0.58401856;UNKNOWN
2016-02-01T00:00:02.000000;2016-02-01T00:00:02.000000;09808980-cfde-4cd1-9709-840b5b4db716;365.55;1.0;UNKNOWN
2016-02-01T00:00:02.000000;2016-02-01T00:00:02.000000;5e92bd69-f8cc-4bb2-8c93-ee49de7a4685;365.59;0.0033624;UNKNOWN
2016-02-01T00:00:02.000000;2016-02-01T00:00:02.000000;6563d7d5-2523-40f2-8165-a5eabc0dde84;365.5;2.68997982;UNKNOWN
2016-02-01T00:00:02.000000;2016-02-01T00:00:02.000000;be2100e8-ddf9-414c-8ec0-88702ce514c1;365.59;2.9966376;UNKNOWN
2016-02-01T00:00:02.000000;2016-02-01T00:00:02.000000;849d81f0-f158-46da-ae53-0edd4b23662a;365.59;0.5;UNKNOWN
2016-02-01T00:00:02.000000;2016-02-01T00:00:02.000000;550b210d-e22c-4575-9fb2-1d123404638b;365.58;4.99946455;UNKNOWN
2016-02-01T00:00:02.000000;2016-02-01T00:00:02.000000;357790c1-20e9-47fe-9a19-1bc034bd87dc;365.5;14.50615827;UNKNOWN
2016-02-01T00:00:03.000000;2016-02-01T00:00:03.000000;2b50b4b2-660d-4e21-941d-528e721d8691;365.5;2.6894734;UNKNOWN
2016-02-01T00:00:05.000000;2016-02-01T00:00:05.000000;ce80704e-11ae-4741-a966-9448db02154e;366.67;3.19259119;UNKNOWN
2016-02-01T00:00:05.000000;2016-02-01T00:00:05.000000;442cafd1-9ea4-487a-b8b9-653242af5af7;366.7;0.12;UNKNOWN
2016-02-01T00:00:05.000000;2016-02-01T00:00:05.000000;f5fe3568-c730-46e5-ba45-ff3cbded041b;366.7;1.0;UNKNOWN
2016-02-01T00:00:05.000000;2016-02-01T00:00:05.000000;4bc31e0c-a381-4ef6-ab66-d1eb2b4ccd6e;366.88;0.88;UNKNOWN
2016-02-01T00:00:05.000000;2016-02-01T00:00:05.000000;d944a382-0b5a-4848-8170-2ef377d4407f;365.54;0.02592491;UNKNOWN
2016-02-01T00:00:05.000000;2016-02-01T00:00:05.000000;4d23cf09-b801-47ee-95bd-a1adbc3455e3;365.5;0.97566098;UNKNOWN
2016-02-01T00:00:05.000000;2016-02-01T00:00:05.000000;828164ca-7b11-49df-aa13-afa2592358f5;366.24;0.074032;UNKNOWN
2016-02-01T00:00:05.000000;2016-02-01T00:00:05.000000;e3a1ef66-97f3-4a58-83e7-9bcca2557d19;365.54;0.01241732;UNKNOWN
2016-02-01T00:00:05.000000;2016-02-01T00:00:05.000000;28893e17-4cae-491e-9531-cc7ac2460396;365.51;0.587199;UNKNOWN
2016-02-01T00:00:06.000000;2016-02-01T00:00:06.000000;f1e45282-777a-4f8f-a917-928fe9e27716;365.57;0.36125581;UNKNOWN
2016-02-01T00:00:06.000000;2016-02-01T00:00:06.000000;f503262b-aa97-449d-a336-b72184b4d5f5;366.82;0.09774419;UNKNOWN
2016-02-01T00:00:08.000000;2016-02-01T00:00:08.000000;5109eb6e-d5cd-4cbd-81e5-7cf440294238;366.81;0.43679661;UNKNOWN
2016-02-01T00:00:08.000000;2016-02-01T00:00:08.000000;953595de-809d-49b5-a2d6-a002dfd12dbd;365.54;0.03033029;UNKNOWN
2016-02-01T00:00:08.000000;2016-02-01T00:00:08.000000;b6c3e3d8-d91c-4b8c-b406-ecee63541605;365.57;0.5328731;UNKNOWN
2016-02-01T00:00:12.000000;2016-02-01T00:00:12.000000;571ed18f-416a-4166-a5f0-3bde51a2a35e;365.51;0.48201686;UNKNOWN
2016-02-01T00:00:16.000000;2016-02-01T00:00:16.000000;b3a8cdf0-8326-4cd6-b6f0-e01eb1a707e8;365.5;0.56993872;UNKNOWN
2016-02-01T00:00:18.000000;2016-02-01T00:00:18.000000;120c1912-afc2-4e28-a0b1-13f325c82dc6;365.5;0.02642995;UNKNOWN
2016-02-01T00:00:21.000000;2016-02-01T00:00:21.000000;d224cfd4-d9eb-42f9-80de-e80b96e26b3f;365.58;0.58603073;UNKNOWN
2016-02-01T00:00:21.000000;2016-02-01T00:00:21.000000;56bb137f-b6f2-486c-93ea-21855f9df070;365.58;1.17023854;UNKNOWN
2016-02-01T00:00:21.000000;2016-02-01T00:00:21.000000;30966b8d-6db4-4541-a557-c4d2ef6cc238;365.58;0.67884521;UNKNOWN
2016-02-01T00:00:21.000000;2016-02-01T00:00:21.000000;36c311ea-0f43-4e0d-92bc-f3af826a2d3a;365.58;0.01173822;UNKNOWN
2016-02-01T00:00:21.000000;2016-02-01T00:00:21.000000;313326db-3de9-4505-8914-7123db766d97;365.54;0.8544507;UNKNOWN
2016-02-01T00:00:21.000000;2016-02-01T00:00:21.000000;26255b8e-2f12-4f2d-96ff-cc1210bcc824;365.58;0.07377527;UNKNOWN
2016-02-01T00:00:21.000000;2016-02-01T00:00:21.000000;1316669f-5627-45f6-8ac9-c169ecfc3c70;365.58;0.35298136;UNKNOWN
2016-02-01T00:00:21.000000;2016-02-01T00:00:21.000000;85d96f7a-88bb-4835-89d8-e1876f266e4d;366.78;6.27193997;UNKNOWN
2016-02-01T00:00:22.000000;2016-02-01T00:00:22.000000;eb58544b-2f61-482a-9c86-cac2dc6e37ca;365.5;0.54131923;UNKNOWN
2016-02-01T00:00:25.000000;2016-02-01T00:00:25.000000;4bacbd91-cb28-4cb1-8a68-4f0524969e79;366.85;0.10382593;UNKNOWN
2016-02-01T00:00:25.000000;2016-02-01T00:00:25.000000;5bfa0846-e744-4539-8e46-8b85e374ce16;365.51;0.37864341;UNKNOWN
2016-02-01T00:00:26.000000;2016-02-01T00:00:26.000000;158c693d-39db-4064-a046-892a1b250226;365.52;0.57364243;UNKNOWN
2016-02-01T00:00:28.000000;2016-02-01T00:00:28.000000;70043dcb-157a-481a-aa80-1b4af725c981;365.54;0.02542908;UNKNOWN
2016-02-01T00:00:29.000000;2016-02-01T00:00:29.000000;8b12879f-de21-4668-8620-ddf957196028;365.54;1.19406882;UNKNOWN
2016-02-01T00:00:30.000000;2016-02-01T00:00:30.000000;64965fc8-1dca-4c39-a7e3-c26b9bf1393e;365.56;0.58944511;UNKNOWN
2016-02-01T00:00:31.000000;2016-02-01T00:00:31.000000;2dbc9c17-950a-4eff-96f4-5744858d0bf5;365.56;0.06811446;UNKNOWN
2016-02-01T00:00:31.000000;2016-02-01T00:00:31.000000;07b73cde-ea3d-416f-a61e-37f42e620744;366.87;0.84091051;UNKNOWN
2016-02-01T00:00:32.000000;2016-02-01T00:00:32.000000;09b21974-489b-4085-9658-c59818d53128;365.56;0.55969041;UNKNOWN
2016-02-01T00:00:34.000000;2016-02-01T00:00:34.000000;010606cf-e25f-4865-b2ff-9b931969e52d;365.57;0.68970258;UNKNOWN
2016-02-01T00:00:36.000000;2016-02-01T00:00:36.000000;794c5314-8a8a-40e3-b42a-c3436a07a683;365.58;0.01262479;UNKNOWN
2016-02-01T00:00:36.000000;2016-02-01T00:00:36.000000;2dd40dae-c4b4-404a-9c40-a97371ce186f;365.58;0.39694408;UNKNOWN
2016-02-01T00:00:37.000000;2016-02-01T00:00:37.000000;ac119f18-3d43-4338-9bbb-49c33f72bbed;365.59;0.15;UNKNOWN
2016-02-01T00:00:37.000000;2016-02-01T00:00:37.000000;9e6017f9-b9b9-47fc-b5f0-74fe2f44cae8;365.58;0.39230589;UNKNOWN
2016-02-01T00:00:38.000000;2016-02-01T00:00:38.000000;ed4126c0-21ea-4b14-be02-e88825c0fdbe;365.59;0.02807539;UNKNOWN
2016-02-01T00:00:40.000000;2016-02-01T00:00:40.000000;1e3ef67e-24b1-4be0-bc1f-279023325521;365.61;0.07192037;UNKNOWN
2016-02-01T00:00:40.000000;2016-02-01T00:00:40.000000;45e2df9e-aa47-44b6-97ea-c80d24eafed4;365.61;0.57697712;UNKNOWN
2016-02-01T00:00:40.000000;2016-02-01T00:00:40.000000;c73a0d05-285b-42fb-ad29-8f5c56a47a10;365.61;0.5;UNKNOWN
2016-02-01T00:00:40.000000;2016-02-01T00:00:40.000000;0d7360a9-7a54-4983-a9a4-f2416c874c01;366.9;0.51017126;UNKNOWN
2016-02-01T00:00:40.000000;2016-02-01T00:00:40.000000;13a65b09-4e02-43ae-bd12-8837984ae957;366.85;2.68932874;UNKNOWN
2016-02-01T00:00:40.000000;2016-02-01T00:00:40.000000;457d7ef7-e2de-40d9-afd6-6197b37052ba;366.84;6.8005;UNKNOWN
2016-02-01T00:00:40.000000;2016-02-01T00:00:40.000000;eea79ed1-9d0b-4295-ac39-f69b83648ac8;365.61;0.56267157;UNKNOWN
2016-02-01T00:00:41.000000;2016-02-01T00:00:41.000000;a8fc7f83-f2d8-47ac-bd43-c28679e4d35e;365.62;0.53684497;UNKNOWN
2016-02-01T00:00:43.000000;2016-02-01T00:00:43.000000;b6d3c03c-8fd3-4c47-9a0b-b4e76e14a43b;365.62;0.67779467;UNKNOWN
2016-02-01T00:00:44.000000;2016-02-01T00:00:44.000000;cd869054-49db-45f7-bce3-9019531bfecd;366.91;2.68932874;UNKNOWN
2016-02-01T00:00:44.000000;2016-02-01T00:00:44.000000;540847bb-245b-4379-b76b-56932eaf4311;366.93;1.82084252;UNKNOWN
2016-02-01T00:00:44.000000;2016-02-01T00:00:44.000000;b8677144-6396-4f5b-9335-12e6066e3127;366.9;0.48982874;UNKNOWN
2016-02-01T00:00:44.000000;2016-02-01T00:00:44.000000;77e9bbf5-7354-4066-ad93-a9ca2c2af391;365.63;0.0106615;UNKNOWN
2016-02-01T00:00:47.000000;2016-02-01T00:00:47.000000;bcfab1ea-9eac-401d-b181-ef3223143908;365.63;0.40314496;UNKNOWN
2016-02-01T00:00:48.000000;2016-02-01T00:00:48.000000;8750e5a9-2628-4919-b875-2979acd99f4f;365.65;0.55966554;UNKNOWN
2016-02-01T00:00:49.000000;2016-02-01T00:00:49.000000;3ddfd660-e772-4161-978c-ebd41e020166;365.66;1.02963363;UNKNOWN
2016-02-01T00:00:49.000000;2016-02-01T00:00:49.000000;f2a8bee0-fa94-4b56-b956-78d121c2b44a;365.66;0.02793134;UNKNOWN
2016-02-01T00:00:50.000000;2016-02-01T00:00:50.000000;8638b90c-e0fa-4899-9021-88844b2fb137;365.67;0.53279126;UNKNOWN
2016-02-01T00:00:51.000000;2016-02-01T00:00:51.000000;f8736f83-c264-480d-9f52-660b834f1250;365.67;0.53538841;UNKNOWN
2016-02-01T00:00:51.000000;2016-02-01T00:00:51.000000;bd51df90-29ce-4382-bd5a-e2dc5118d950;365.67;0.06455586;UNKNOWN
2016-02-01T00:00:53.000000;2016-02-01T00:00:53.000000;5c93c27a-32d2-4a08-bd8c-6af8b4a1f9de;365.67;0.67053913;UNKNOWN
2016-02-01T00:00:54.000000;2016-02-01T00:00:54.000000;0c6e2319-a335-44a0-90cc-ebaec2db3398;365.68;0.01166337;UNKNOWN
2016-02-01T00:00:56.000000;2016-02-01T00:00:56.000000;22767931-626c-4256-b9ef-b0eb42413dc4;365.71;0.54357706;UNKNOWN
2016-02-01T00:00:56.000000;2016-02-01T00:00:56.000000;bea24d8b-dddd-4ad1-8e99-03591d51f588;365.7;0.40237298;UNKNOWN
2016-02-01T00:00:58.000000;2016-02-01T00:00:58.000000;623187bb-8587-45e6-bc15-c26eacb69270;365.72;0.02830031;UNKNOWN
2016-02-01T00:00:59.000000;2016-02-01T00:00:59.000000;5cc0d24c-8773-488b-a96e-3e1647695927;365.74;1.15933331;UNKNOWN
2016-02-01T00:01:00.000000;2016-02-01T00:01:00.000000;779de8ff-fc75-4f20-906e-22be93df5e3e;367.55;4.32481322;UNKNOWN
2016-02-01T00:01:00.000000;2016-02-01T00:01:00.000000;689ae0f7-8e64-404e-9708-336d5b54c8ae;367.0;1.0;UNKNOWN
2016-02-01T00:01:00.000000;2016-02-01T00:01:00.000000;5d99a685-8135-4747-a414-5e937d6fb3c9;367.4;2.68900332;UNKNOWN
2016-02-01T00:01:00.000000;2016-02-01T00:01:00.000000;a5a0b11e-d10b-4885-a42a-a803279ebde3;367.46;2.68860569;UNKNOWN
2016-02-01T00:01:00.000000;2016-02-01T00:01:00.000000;d6cf5f8c-4113-4f7b-94d7-e6c3d83f21ea;366.96;6.7451;UNKNOWN
2016-02-01T00:01:00.000000;2016-02-01T00:01:00.000000;f5040fd2-27d8-4196-af2e-8bfd6647411e;366.97;2.68943723;UNKNOWN
2016-02-01T00:01:00.000000;2016-02-01T00:01:00.000000;f040f5fa-5fd2-42e4-9b19-a2b6ea6dbe4d;367.23;2.6891841;UNKNOWN
2016-02-01T00:01:00.000000;2016-02-01T00:01:00.000000;f066922f-3037-4050-b368-b7ab08c59318;366.9;0.07392;UNKNOWN
2016-02-01T00:01:00.000000;2016-02-01T00:01:00.000000;04233ae7-25bd-478e-a6b9-f863f64e1779;367.12;2.68943723;UNKNOWN
2016-02-01T00:01:00.000000;2016-02-01T00:01:00.000000;9092fb5f-5546-42a2-9a73-1b7c4285c418;367.08;2.6891841;UNKNOWN
2016-02-01T00:01:00.000000;2016-02-01T00:01:00.000000;21569c19-075a-420b-86b0-85153512485c;367.13;0.77755;UNKNOWN
2016-02-01T00:01:00.000000;2016-02-01T00:01:00.000000;9cf2d1ad-a0dd-4a87-beb7-89453a3bd218;367.49;2.690016;UNKNOWN
2016-02-01T00:01:00.000000;2016-02-01T00:01:00.000000;6e8b7028-4923-4276-9261-3a0af0f79970;367.24;12.0;UNKNOWN
2016-02-01T00:01:00.000000;2016-02-01T00:01:00.000000;35516835-856f-415f-9402-89af425ead17;367.39;0.27091527;UNKNOWN
2016-02-01T00:01:00.000000;2016-02-01T00:01:00.000000;545d7c36-5e0f-46e5-9609-7c85653a788b;367.38;2.68860569;UNKNOWN
2016-02-01T00:01:00.000000;2016-02-01T00:01:00.000000;dd74fdd9-376c-4e0b-b666-3ccbabc7866d;367.33;2.68900332;UNKNOWN
2016-02-01T00:01:00.000000;2016-02-01T00:01:00.000000;295617ea-bd59-47a1-91d8-dcc0d746fb07;367.38;23.3581;UNKNOWN
2016-02-01T00:01:01.000000;2016-02-01T00:01:01.000000;4ae8238f-da26-4e36-9c7e-a0797035a703;365.74;0.59727765;UNKNOWN
2016-02-01T00:01:02.000000;2016-02-01T00:01:02.000000;36967041-76b6-4f05-b502-2b6a121af051;365.75;0.07308375;UNKNOWN
2016-02-01T00:01:02.000000;2016-02-01T00:01:02.000000;daf9118c-049e-4519-b862-cfb6336d1e4e;365.75;0.48662433;UNKNOWN
2016-02-01T00:01:04.000000;2016-02-01T00:01:04.000000;f34c4df8-c362-40dd-9dd7-241f09b09a05;365.76;0.01088351;UNKNOWN
2016-02-01T00:01:04.000000;2016-02-01T00:01:04.000000;a1f4a3e8-76c4-4a66-9d5e-c41d2c1a93fb;365.76;0.57318246;UNKNOWN
2016-02-01T00:01:06.000000;2016-02-01T00:01:06.000000;edca773a-39c5-40f9-8bb9-50115133580e;365.77;0.40076088;UNKNOWN
2016-02-01T00:01:06.000000;2016-02-01T00:01:06.000000;573ce9e7-cb9a-48c5-8b35-8ee00ce47a3d;365.77;0.07;UNKNOWN
2016-02-01T00:01:06.000000;2016-02-01T00:01:06.000000;410d5ff6-87c3-49d9-9f3b-da05dbd396b0;365.77;0.59189084;UNKNOWN
2016-02-01T00:01:08.000000;2016-02-01T00:01:08.000000;e954fd9b-d209-44eb-8c33-2e94a8ec8963;365.79;0.02580664;UNKNOWN
2016-02-01T00:01:11.000000;2016-02-01T00:01:11.000000;5f88a361-d37e-4752-b89d-d6067a245be2;365.81;1.1242615;UNKNOWN
2016-02-01T00:01:12.000000;2016-02-01T00:01:12.000000;350a81e0-d793-4fd1-9f13-14d1d3d5c5ff;365.81;0.54176528;UNKNOWN
2016-02-01T00:01:12.000000;2016-02-01T00:01:12.000000;c55da8f1-bae6-4454-81ec-36c0ada6caf0;365.81;0.06837927;UNKNOWN
2016-02-01T00:01:12.000000;2016-02-01T00:01:12.000000;019e529d-cd5e-471c-ad34-faa4aa85b513;365.81;0.6146866;UNKNOWN
2016-02-01T00:01:15.000000;2016-02-01T00:01:15.000000;b6470fc9-72c4-4f55-92fc-a9e61f87322f;365.83;0.61856832;UNKNOWN
2016-02-01T00:01:15.000000;2016-02-01T00:01:15.000000;8907ee2a-68d9-4b56-9ab9-5e06f379a106;365.83;0.01212259;UNKNOWN
2016-02-01T00:01:16.000000;2016-02-01T00:01:16.000000;586a6b81-6ba5-4738-b66e-507b617dfcfa;365.83;0.37200116;UNKNOWN
2016-02-01T00:01:18.000000;2016-02-01T00:01:18.000000;e1d7e6e3-ee40-4e82-a736-f9b7f73720ab;365.85;0.59748303;UNKNOWN
2016-02-01T00:01:18.000000;2016-02-01T00:01:18.000000;5208a052-7e4e-4ca9-a67c-2a72881fd96c;365.85;0.02983752;UNKNOWN
2016-02-01T00:01:18.000000;2016-02-01T00:01:18.000000;9449349e-63e0-4881-9f6a-a7942d46e3a0;365.84;1.26583268;UNKNOWN
2016-02-01T00:01:19.000000;2016-02-01T00:01:19.000000;b4d62d3e-f1ac-4d1e-9af2-53f0a4c98224;365.85;1.18778963;UNKNOWN
2016-02-01T00:01:21.000000;2016-02-01T00:01:21.000000;3cc75411-e2c9-4757-bafd-de477fb8f778;366.1;0.55393667;UNKNOWN
2016-02-01T00:01:21.000000;2016-02-01T00:01:21.000000;7e51f9cb-9a6e-4fc2-bc3e-989bc9951015;366.1;0.07324445;UNKNOWN
2016-02-01T00:01:22.000000;2016-02-01T00:01:22.000000;41065952-bfc6-4859-902b-e322507828a4;366.1;0.48419395;UNKNOWN
2016-02-01T00:01:23.000000;2016-02-01T00:01:23.000000;dcb650e4-a8ed-4a38-b1b1-74533f39bf41;366.11;0.64860043;UNKNOWN
2016-02-01T00:01:26.000000;2016-02-01T00:01:26.000000;c1fc3a10-ec84-498b-9f9f-2f86af80b6e6;366.11;0.01229636;UNKNOWN
2016-02-01T00:01:26.000000;2016-02-01T00:01:26.000000;1a48318d-e0ec-4663-a425-0af283993bbc;366.11;0.41699252;UNKNOWN
2016-02-01T00:01:27.000000;2016-02-01T00:01:27.000000;77488171-797c-401c-b852-55b0a8907291;366.12;0.56495531;UNKNOWN
2016-02-01T00:01:28.000000;2016-02-01T00:01:28.000000;2ef10b3f-85d8-4bdc-8eb8-ae03f9d80b87;366.11;0.02726346;UNKNOWN
2016-02-01T00:01:29.000000;2016-02-01T00:01:29.000000;f95d5de3-af61-40e4-9b69-d6820cef50af;367.49;1.16295629;UNKNOWN
2016-02-01T00:01:29.000000;2016-02-01T00:01:29.000000;8a8606f6-a351-4489-a88d-e0c83f809d44;367.32;0.05;UNKNOWN
2016-02-01T00:01:29.000000;2016-02-01T00:01:29.000000;286dcede-fd03-46bf-bfff-4a91f29eddb3;366.12;0.5;UNKNOWN
2016-02-01T00:01:29.000000;2016-02-01T00:01:29.000000;70441dd7-f5e3-49e1-b9da-b2e5b0938bb4;366.12;0.55170537;UNKNOWN
2016-02-01T00:01:29.000000;2016-02-01T00:01:29.000000;70f07a5e-06be-4499-9789-1427d3689422;366.9;0.073844;UNKNOWN
2016-02-01T00:01:31.000000;2016-02-01T00:01:31.000000;1174ac7f-3aa1-4bf0-a2c4-5b4bf1202c33;366.13;0.58584288;UNKNOWN
2016-02-01T00:01:31.000000;2016-02-01T00:01:31.000000;e4846de9-2ffd-48c5-88fd-3d8b3f698a46;366.13;0.06834883;UNKNOWN
2016-02-01T00:01:32.000000;2016-02-01T00:01:32.000000;2669e4d0-c1f5-4aa9-888f-c0728a55f066;366.13;0.54723774;UNKNOWN
2016-02-01T00:01:33.000000;2016-02-01T00:01:33.000000;f4856925-ee6c-4ba2-a834-12fbca9a2d79;366.14;0.5;UNKNOWN
2016-02-01T00:01:33.000000;2016-02-01T00:01:33.000000;3232b182-d55d-45eb-ab3e-da47eb5d7cdc;366.13;0.14397723;UNKNOWN
2016-02-01T00:01:35.000000;2016-02-01T00:01:35.000000;a8d707e3-047a-4914-b912-d568bd14cc0b;366.14;0.01162232;UNKNOWN
2016-02-01T00:01:38.000000;2016-02-01T00:01:38.000000;f8e4610b-9190-4cdb-b935-c098e477858c;366.13;0.42177969;UNKNOWN
2016-02-01T00:01:38.000000;2016-02-01T00:01:38.000000;df0fd83d-4d9c-4ec2-8ac4-5e425554741c;366.11;0.51519561;UNKNOWN
2016-02-01T00:01:38.000000;2016-02-01T00:01:38.000000;318e84dd-9cd6-401c-a8ee-6f6cbfcf75af;366.11;0.04;UNKNOWN
2016-02-01T00:01:39.000000;2016-02-01T00:01:39.000000;c54bbbd9-27c8-40fe-95b4-777f6caa082f;366.13;0.03099813;UNKNOWN
2016-02-01T00:01:40.000000;2016-02-01T00:01:40.000000;c93270c2-1d48-43d9-8e52-37b1d5106528;366.14;1.50921252;UNKNOWN
2016-02-01T00:01:40.000000;2016-02-01T00:01:40.000000;eca54dc9-ac86-4775-ab69-5574ecad3e46;366.14;0.55871439;UNKNOWN
2016-02-01T00:01:41.000000;2016-02-01T00:01:41.000000;8d8fbc8e-18d9-407d-8133-3ee176f3311f;366.13;0.06542289;UNKNOWN
2016-02-01T00:01:41.000000;2016-02-01T00:01:41.000000;3bd2e602-2d00-4936-9d05-3d6adb0b91c3;366.13;0.55882098;UNKNOWN
2016-02-01T00:01:43.000000;2016-02-01T00:01:43.000000;c1086c79-8bc6-44b6-be22-bd855f947b7f;366.7;0.65549473;UNKNOWN
2016-02-01T00:01:44.000000;2016-02-01T00:01:44.000000;8cf3cd17-8a53-44ea-8189-d1eeead1fcfd;366.7;0.01271706;UNKNOWN
2016-02-01T00:01:47.000000;2016-02-01T00:01:47.000000;6991ef14-b4ca-4fd8-9b18-dd90ece2b220;366.7;0.37130777;UNKNOWN
2016-02-01T00:01:47.000000;2016-02-01T00:01:47.000000;ca91bd9b-30ec-411c-8db2-79e1320f30f1;366.7;0.6061735;UNKNOWN
2016-02-01T00:01:49.000000;2016-02-01T00:01:49.000000;d49cca09-38f0-481c-b5ad-54c955fe45a5;366.7;0.02586994;UNKNOWN
2016-02-01T00:01:50.000000;2016-02-01T00:01:50.000000;d87d4060-2435-44df-a7ea-7bf45c926883;366.7;0.59730341;UNKNOWN
2016-02-01T00:01:51.000000;2016-02-01T00:01:51.000000;844dfb9a-80d7-4f56-85fc-08d47a3e890d;366.7;0.5042394;UNKNOWN
2016-02-01T00:01:52.000000;2016-02-01T00:01:52.000000;bddb3013-8f4a-45d6-aa9a-4f48998976de;366.7;0.06345697;UNKNOWN
2016-02-01T00:01:53.000000;2016-02-01T00:01:53.000000;ef4b3128-9da6-49c8-a42e-9c70fd331d85;366.7;0.65762927;UNKNOWN
2016-02-01T00:01:54.000000;2016-02-01T00:01:54.000000;4b7b4fba-8cf3-461e-b4da-07d46c599904;366.7;0.01152185;UNKNOWN
2016-02-01T00:01:56.000000;2016-02-01T00:01:56.000000;a6d171dc-24e7-4b64-ac76-b1d2d718ec7e;366.7;0.42579928;UNKNOWN
2016-02-01T00:01:58.000000;2016-02-01T00:01:58.000000;cff8d270-f798-457b-ad94-9ab6ce9219ae;366.7;0.5473955;UNKNOWN
2016-02-01T00:01:59.000000;2016-02-01T00:01:59.000000;e4be778a-9818-4a23-8977-df6a71cc49c0;367.0;0.02653257;UNKNOWN
2016-02-01T00:02:00.000000;2016-02-01T00:02:00.000000;2dbdc921-42a4-46ca-bdda-ba844ef7c34e;366.7;16.02653257;UNKNOWN
2016-02-01T00:02:00.000000;2016-02-01T00:02:00.000000;7cb25b88-8ff8-4b1b-98b8-962b7046c805;367.0;8.97346743;UNKNOWN
2016-02-01T00:02:01.000000;2016-02-01T00:02:01.000000;af10bf56-0dd5-4997-a0dc-2f40256e5f6f;367.01;0.53218437;UNKNOWN
2016-02-01T00:02:02.000000;2016-02-01T00:02:02.000000;34024290-738f-40c9-8951-6ae356bf97c5;366.7;0.06563698;UNKNOWN
2016-02-01T00:02:02.000000;2016-02-01T00:02:02.000000;be84385f-f146-4029-9306-cb367eef74cd;366.7;0.5376789;UNKNOWN
2016-02-01T00:02:02.000000;2016-02-01T00:02:02.000000;32635c45-0633-45e2-a3d1-7083e5243d07;366.7;2.3;UNKNOWN
2016-02-01T00:02:03.000000;2016-02-01T00:02:03.000000;c444d9e3-1824-4d8b-bb15-e3273522f729;366.7;0.65234453;UNKNOWN
2016-02-01T00:02:04.000000;2016-02-01T00:02:04.000000;8c27281f-8113-4633-bbe0-d903da70cfe0;366.7;0.01092565;UNKNOWN
2016-02-01T00:02:05.000000;2016-02-01T00:02:05.000000;240bea02-90c3-46f2-aa0a-1ebd4c920e48;366.7;0.61;UNKNOWN
2016-02-01T00:02:06.000000;2016-02-01T00:02:06.000000;85fbc808-173f-4770-8a0b-e29203f2377c;366.7;0.415156;UNKNOWN
2016-02-01T00:02:08.000000;2016-02-01T00:02:08.000000;0e4bfbe6-ae72-4a29-b6a5-4708be3b65b5;366.7;0.59449043;UNKNOWN
2016-02-01T00:02:08.000000;2016-02-01T00:02:08.000000;59cdec73-1a02-4735-b4cf-267e26bb0840;366.7;0.03123745;UNKNOWN
2016-02-01T00:02:08.000000;2016-02-01T00:02:08.000000;08b4b050-1dac-48e9-81b7-a5e8e282f379;366.7;5.0;UNKNOWN
2016-02-01T00:02:11.000000;2016-02-01T00:02:11.000000;65782200-781a-49bc-81c3-c68e454311ed;366.7;0.06467854;UNKNOWN
2016-02-01T00:02:11.000000;2016-02-01T00:02:11.000000;d04adf4f-8ac4-4cce-99c0-18c7e5d2853e;366.7;0.61263662;UNKNOWN
2016-02-01T00:02:12.000000;2016-02-01T00:02:12.000000;083e6d95-576c-42eb-b955-340bfd533861;366.7;0.47898003;UNKNOWN
2016-02-01T00:02:13.000000;2016-02-01T00:02:13.000000;ca116eba-83f3-44e8-9fff-eb93ca1515b6;366.7;0.66724523;UNKNOWN
2016-02-01T00:02:14.000000;2016-02-01T00:02:14.000000;1273ab7d-7c50-45e9-bc5a-6364c2d72e8a;366.7;0.01272797;UNKNOWN
2016-02-01T00:02:16.000000;2016-02-01T00:02:16.000000;912d7b07-0f6c-41ae-a391-9f951d9fd431;366.7;0.34912688;UNKNOWN
2016-02-01T00:02:19.000000;2016-02-01T00:02:19.000000;264b3bb0-08a1-4706-97ca-91490a8ab579;366.7;0.02952412;UNKNOWN
2016-02-01T00:02:19.000000;2016-02-01T00:02:19.000000;70b5de5c-429e-4345-8195-30f4a8879faa;366.7;0.62771809;UNKNOWN
2016-02-01T00:02:22.000000;2016-02-01T00:02:22.000000;49464337-9f22-4300-b24a-6698862ea400;366.7;0.53635937;UNKNOWN
2016-02-01T00:02:23.000000;2016-02-01T00:02:23.000000;1a3c461e-ce34-45f9-bcd2-d3cdbc856961;366.7;0.59084329;UNKNOWN
2016-02-01T00:02:23.000000;2016-02-01T00:02:23.000000;ce6c1443-9864-4ba3-81b0-bfd1e0a6b347;366.7;0.56829811;UNKNOWN
2016-02-01T00:02:23.000000;2016-02-01T00:02:23.000000;8dbac98d-968c-4b3e-a957-cda6cc1073ba;366.7;0.07181858;UNKNOWN
2016-02-01T00:02:24.000000;2016-02-01T00:02:24.000000;51406a5c-47fb-4b87-b236-8be8d9f8aa96;366.7;0.01181502;UNKNOWN
2016-02-01T00:02:25.000000;2016-02-01T00:02:25.000000;ad59e7cb-ac9f-469a-93ce-70a148ec0e0e;366.7;0.39742621;UNKNOWN
2016-02-01T00:02:27.000000;2016-02-01T00:02:27.000000;c6f0bff2-9b03-470c-9274-1842474b5601;366.7;0.58268711;UNKNOWN
2016-02-01T00:02:28.000000;2016-02-01T00:02:28.000000;3c476502-528a-4838-a222-d41b91683184;366.7;0.03041026;UNKNOWN
2016-02-01T00:02:31.000000;2016-02-01T00:02:31.000000;d4bb4212-1892-456e-9cba-6297a438f11f;366.7;0.52980178;UNKNOWN
2016-02-01T00:02:31.000000;2016-02-01T00:02:31.000000;922a821b-ead2-482b-a101-df5cb5d5de2c;366.7;0.06465484;UNKNOWN
2016-02-01T00:02:33.000000;2016-02-01T00:02:33.000000;694befa3-edfe-47ea-8cb7-7fa6648d8730;366.7;0.53898943;UNKNOWN
2016-02-01T00:02:34.000000;2016-02-01T00:02:34.000000;9a1e84ff-e6d1-4c10-8b31-15a773878d96;366.7;0.01161931;UNKNOWN
2016-02-01T00:02:34.000000;2016-02-01T00:02:34.000000;3bb99057-74c7-4536-a645-2543aff014cf;366.7;0.64333703;UNKNOWN
2016-02-01T00:02:36.000000;2016-02-01T00:02:36.000000;fc040306-828e-4d20-a13a-e54b52c7b54d;366.7;0.41843161;UNKNOWN
2016-02-01T00:02:36.000000;2016-02-01T00:02:36.000000;82c18d8b-0a01-488e-badc-1313dd35f9a4;367.0;0.62837588;UNKNOWN
2016-02-01T00:02:38.000000;2016-02-01T00:02:38.000000;10151479-991b-42b5-a484-00377d8d0176;367.01;0.02860125;UNKNOWN
2016-02-01T00:02:41.000000;2016-02-01T00:02:41.000000;b1c2c868-ffd1-4709-a47f-19cf08d88fc3;367.01;0.06530501;UNKNOWN
2016-02-01T00:02:41.000000;2016-02-01T00:02:41.000000;42923dd4-b93f-48ea-8014-2d85b537dabe;367.01;0.56807939;UNKNOWN
2016-02-01T00:02:42.000000;2016-02-01T00:02:42.000000;6a043548-8c59-4983-a717-a7062c2f3d7a;367.01;1.0;UNKNOWN
2016-02-01T00:02:42.000000;2016-02-01T00:02:42.000000;2554aae3-0c62-418f-9884-8ee091458e85;367.01;0.49544902;UNKNOWN
2016-02-01T00:02:43.000000;2016-02-01T00:02:43.000000;d7346afd-7ae7-4402-8c05-f0983ce1d4dd;367.01;0.62677277;UNKNOWN
2016-02-01T00:02:44.000000;2016-02-01T00:02:44.000000;9417ea78-9ae4-451e-a6b5-6a09f38ddec8;367.01;1.0;UNKNOWN
2016-02-01T00:02:45.000000;2016-02-01T00:02:45.000000;e86a92a8-edf9-439e-9351-134524886795;367.01;0.01289696;UNKNOWN
2016-02-01T00:02:46.000000;2016-02-01T00:02:46.000000;0525be94-b9e8-45c2-856c-7e943460166d;367.01;1.0;UNKNOWN
2016-02-01T00:02:46.000000;2016-02-01T00:02:46.000000;05f98d28-76e0-4a60-b82f-014d1f33f943;367.01;0.37981639;UNKNOWN
2016-02-01T00:02:47.000000;2016-02-01T00:02:47.000000;61209abb-43f1-404d-aed0-0bc7df095e47;367.01;4.0;UNKNOWN
2016-02-01T00:02:47.000000;2016-02-01T00:02:47.000000;05b2e646-4ed5-4f2f-935b-67a4cff38726;367.01;0.59401793;UNKNOWN
2016-02-01T00:02:48.000000;2016-02-01T00:02:48.000000;817854ae-f5cb-46ce-b54a-4c40fd9cb866;367.0;0.03094588;UNKNOWN
2016-02-01T00:02:49.000000;2016-02-01T00:02:49.000000;a948307a-49c1-4bea-9a5e-a73440c45858;367.0;1.0;UNKNOWN
2016-02-01T00:02:51.000000;2016-02-01T00:02:51.000000;5a8101f9-f346-4ca7-bacd-bc1f51e0012f;367.0;0.54808745;UNKNOWN
2016-02-01T00:02:51.000000;2016-02-01T00:02:51.000000;278776bb-fff4-4874-bf27-7ac9ff7a3de9;367.0;0.48589912;UNKNOWN
2016-02-01T00:02:53.000000;2016-02-01T00:02:53.000000;382b4bb6-def7-4625-930a-61242d13edf4;367.0;0.82669167;UNKNOWN
2016-02-01T00:03:06.000000;2016-02-01T00:03:06.000000;fba2d412-6bde-4b99-8ca3-a1fdf089a70d;366.7;3.86;UNKNOWN
2016-02-01T00:03:16.000000;2016-02-01T00:03:16.000000;c82c8f86-7ee7-4e8f-b498-f149daa8f3eb;366.7;0.1;UNKNOWN
2016-02-01T00:03:16.000000;2016-02-01T00:03:16.000000;1e4a61c1-58ce-466b-abd0-78bdc528697c;366.7;1.0;UNKNOWN
2016-02-01T00:03:23.000000;2016-02-01T00:03:23.000000;a496098b-7bef-4a94-ac14-b69aa16b5eb1;366.7;0.06814733;UNKNOWN
2016-02-01T00:03:26.000000;2016-02-01T00:03:26.000000;be738686-5205-4f60-89c7-348d972eb6dc;366.7;0.71340193;UNKNOWN
2016-02-01T00:03:27.000000;2016-02-01T00:03:27.000000;e1dad873-dac8-4e7e-bdfc-fd20fcaf1ceb;366.7;0.01184457;UNKNOWN
2016-02-01T00:03:28.000000;2016-02-01T00:03:28.000000;40195b95-df98-4c46-9714-5c29b5d4d0bf;366.7;0.59318586;UNKNOWN
2016-02-01T00:03:28.000000;2016-02-01T00:03:28.000000;490357d7-bb35-4f6e-9961-48dfade7a841;366.7;0.38482833;UNKNOWN
2016-02-01T00:03:29.000000;2016-02-01T00:03:29.000000;f3bbc66a-c48c-4be3-a613-5b2ebeaabf2a;366.7;0.0297619;UNKNOWN
2016-02-01T00:03:35.000000;2016-02-01T00:03:35.000000;3ae64e0d-e5b0-451d-bc84-9f41dc8eb974;366.7;0.6440503;UNKNOWN
2016-02-01T00:03:35.000000;2016-02-01T00:03:35.000000;1dc1bbaa-bd02-4027-9330-8bbf6f85b0c4;366.7;0.67403418;UNKNOWN
2016-02-01T00:03:35.000000;2016-02-01T00:03:35.000000;8975966f-28a9-4907-a6c7-f4b175d2c403;366.7;0.01116476;UNKNOWN
2016-02-01T00:03:36.000000;2016-02-01T00:03:36.000000;de1c5695-3771-4d64-a62e-65b6058fb8de;366.7;0.40053493;UNKNOWN
2016-02-01T00:03:37.000000;2016-02-01T00:03:37.000000;8f0e6e50-080d-453b-91de-2ff191579465;366.7;0.5883873;UNKNOWN
2016-02-01T00:03:38.000000;2016-02-01T00:03:38.000000;1f07c4c8-df35-4710-9431-a8287233c0b8;366.7;0.57158174;UNKNOWN
2016-02-01T00:03:40.000000;2016-02-01T00:03:40.000000;6347cc24-d787-4934-819b-0f3845550c31;366.7;0.02682206;UNKNOWN
2016-02-01T00:03:41.000000;2016-02-01T00:03:41.000000;98243ed8-b284-4b5b-b604-f6e4daa477a5;366.7;0.56988406;UNKNOWN
2016-02-01T00:03:41.000000;2016-02-01T00:03:41.000000;c9c77f8d-b3ef-4328-950c-a39848f2ada7;366.7;0.56038199;UNKNOWN
2016-02-01T00:03:43.000000;2016-02-01T00:03:43.000000;22d3f0da-2481-44f0-b4ac-f6c20d89a94b;366.7;0.68842021;UNKNOWN
2016-02-01T00:03:44.000000;2016-02-01T00:03:44.000000;062e9a44-60f5-46bc-aede-388807bb8279;366.7;0.01278225;UNKNOWN
2016-02-01T00:03:47.000000;2016-02-01T00:03:47.000000;235f5657-683b-40a8-b5c0-aea7af8d6068;366.7;0.44317787;UNKNOWN
2016-02-01T00:03:47.000000;2016-02-01T00:03:47.000000;382ea69a-dbe7-4197-a172-2688a7509897;366.7;0.66994686;UNKNOWN
2016-02-01T00:03:48.000000;2016-02-01T00:03:48.000000;f4860b6f-5859-4a51-8b3f-5b1f6ca33242;366.7;0.02812496;UNKNOWN
2016-02-01T00:03:50.000000;2016-02-01T00:03:50.000000;02acf9dc-05fa-4a0e-9428-923e118a2e23;366.7;0.07494501;UNKNOWN
2016-02-01T00:03:52.000000;2016-02-01T00:03:52.000000;4bf14024-76b1-4b5a-bb30-5f1ce442b5cc;366.7;0.52447039;UNKNOWN
2016-02-01T00:03:52.000000;2016-02-01T00:03:52.000000;fd036a9f-74bc-4568-85fa-510a5e60d6d3;366.7;0.60722698;UNKNOWN
2016-02-01T00:03:52.000000;2016-02-01T00:03:52.000000;cee3643c-bd31-4852-9d1a-facc27ed1525;366.7;1.43;UNKNOWN
2016-02-01T00:03:54.000000;2016-02-01T00:03:54.000000;0324494c-c3da-4f83-8896-59346a00fa10;366.7;0.01321746;UNKNOWN
2016-02-01T00:03:55.000000;2016-02-01T00:03:55.000000;97bf4628-367f-456c-86e6-a303bf0893ff;366.7;0.40655748;UNKNOWN
2016-02-01T00:04:01.000000;2016-02-01T00:04:01.000000;63f1767d-7171-4b44-a2d0-9be6b6e4404e;366.7;0.57959625;UNKNOWN
2016-02-01T00:04:02.000000;2016-02-01T00:04:02.000000;b2edf747-7fd6-4c0e-84c1-cddf557f9dc1;366.96;6.7921;UNKNOWN
2016-02-01T00:04:02.000000;2016-02-01T00:04:02.000000;05574be2-4f51-425b-95ba-19c048537a6c;367.0;0.60496042;UNKNOWN
2016-02-01T00:04:02.000000;2016-02-01T00:04:02.000000;bb5fea7d-8118-4225-ab76-8f5f4d3ec74c;367.0;1.42613284;UNKNOWN
2016-02-01T00:04:02.000000;2016-02-01T00:04:02.000000;7e43275a-5953-4c40-b4bf-139108298e2e;366.97;6.75;UNKNOWN
2016-02-01T00:04:02.000000;2016-02-01T00:04:02.000000;27972fc0-5423-432f-b0b6-b55d89b62824;366.7;0.0696293;UNKNOWN
2016-02-01T00:04:02.000000;2016-02-01T00:04:02.000000;7ad941ac-859d-4113-9182-39c069a6b369;366.96;22.48;UNKNOWN
2016-02-01T00:04:02.000000;2016-02-01T00:04:02.000000;e4206916-2b13-4f2e-947f-6438eac09310;367.0;0.17330833;UNKNOWN
2016-02-01T00:04:02.000000;2016-02-01T00:04:02.000000;776154ab-d7b3-4894-84b7-a586a05b248b;366.98;10.25;UNKNOWN
2016-02-01T00:04:03.000000;2016-02-01T00:04:03.000000;0157a0f3-48b2-4903-9246-a06110d46cb9;367.0;0.64731534;UNKNOWN
2016-02-01T00:04:04.000000;2016-02-01T00:04:04.000000;6e359dee-4209-4c48-a93e-791c3513a6df;367.0;0.01276271;UNKNOWN
2016-02-01T00:04:05.000000;2016-02-01T00:04:05.000000;40da2a21-f449-4021-9766-3f1ba1c7a527;367.0;0.38433574;UNKNOWN
2016-02-01T00:04:08.000000;2016-02-01T00:04:08.000000;2ae41569-a0c7-4939-b2cd-7d8008f8387f;367.0;0.2;UNKNOWN
2016-02-01T00:04:11.000000;2016-02-01T00:04:11.000000;07fabd2a-c59c-4fd1-ad83-43ed9c0bf16f;367.0;0.07436242;UNKNOWN
2016-02-01T00:04:12.000000;2016-02-01T00:04:12.000000;86d73659-2354-4f3b-a85e-098bf6b3d9aa;367.0;0.64409708;UNKNOWN
2016-02-01T00:04:13.000000;2016-02-01T00:04:13.000000;a46f08cf-4680-4799-a681-263dc83ef5fa;367.0;0.51759274;UNKNOWN
2016-02-01T00:04:14.000000;2016-02-01T00:04:14.000000;8faa784f-1018-44a5-9a00-4458ee85b70b;367.0;0.6338714;UNKNOWN
2016-02-01T00:04:14.000000;2016-02-01T00:04:14.000000;272da0d8-72b4-44f9-ae69-9ac4222f2346;367.0;0.01328418;UNKNOWN
2016-02-01T00:04:17.000000;2016-02-01T00:04:17.000000;7823a4cd-4067-43a8-b894-2a7ab45f1b08;367.0;0.59664416;UNKNOWN
2016-02-01T00:04:18.000000;2016-02-01T00:04:18.000000;fea07eeb-fa6c-4c14-99fb-d87140bb917b;367.0;0.03030347;UNKNOWN
2016-02-01T00:04:21.000000;2016-02-01T00:04:21.000000;6f807e7a-a552-40eb-a571-6b2de614d3a4;367.0;0.58550233;UNKNOWN
2016-02-01T00:04:22.000000;2016-02-01T00:04:22.000000;5df33d8a-7567-4173-8ba0-c64d5fc396c9;367.0;0.06588299;UNKNOWN
2016-02-01T00:04:22.000000;2016-02-01T00:04:22.000000;eb509573-99c4-4505-a7fc-a2f0ca160091;367.0;0.5775694;UNKNOWN
2016-02-01T00:04:22.000000;2016-02-01T00:04:22.000000;b7fbbf67-cb47-4fe1-a65d-f0e9049ca330;367.0;2.5;UNKNOWN
2016-02-01T00:04:24.000000;2016-02-01T00:04:24.000000;a4db8267-ab7b-456e-b171-ea0f56e6c026;367.0;0.01175467;UNKNOWN
2016-02-01T00:04:24.000000;2016-02-01T00:04:24.000000;c2092ade-8f33-44c5-a32e-a799b3aedb4d;367.0;0.66379989;UNKNOWN
2016-02-01T00:04:25.000000;2016-02-01T00:04:25.000000;c8e583d0-8892-4ae2-8860-10e397ed72f1;367.0;0.41677522;UNKNOWN
2016-02-01T00:04:27.000000;2016-02-01T00:04:27.000000;2c6fb577-60d8-43c4-a49c-b9d70234c4d8;367.0;0.59071139;UNKNOWN
2016-02-01T00:04:28.000000;2016-02-01T00:04:28.000000;d6356b76-53cf-4dfd-bb1f-85e2bf17c39c;367.0;0.0312993;UNKNOWN
2016-02-01T00:04:28.000000;2016-02-01T00:04:28.000000;af42bc81-a624-43b9-8e29-0a6d84849e7e;367.0;1.0;UNKNOWN
2016-02-01T00:04:31.000000;2016-02-01T00:04:31.000000;15ddd267-f705-48b4-bdae-7775a1d459a2;367.0;0.07170481;UNKNOWN
2016-02-01T00:04:31.000000;2016-02-01T00:04:31.000000;50a0da9a-b455-48e3-b7f7-d55ba8d24b6f;367.0;0.60139672;UNKNOWN
2016-02-01T00:04:32.000000;2016-02-01T00:04:32.000000;c35249f9-2578-4079-8b66-26710c9ed62a;367.0;0.59968611;UNKNOWN
2016-02-01T00:04:33.000000;2016-02-01T00:04:33.000000;3bdd2658-99e5-449a-b54e-4b81c811d3d5;367.0;0.70913135;UNKNOWN
2016-02-01T00:04:33.000000;2016-02-01T00:04:33.000000;702c7bce-b20e-402f-a10f-5c84a7ae89f0;367.0;0.42906501;UNKNOWN
2016-02-01T00:04:34.000000;2016-02-01T00:04:34.000000;d9163d91-e22f-432c-bb94-5317f8368909;367.0;0.01222024;UNKNOWN
2016-02-01T00:04:37.000000;2016-02-01T00:04:37.000000;1957a1c4-54f5-4140-86cc-e6ec9d2247b2;367.0;0.58227012;UNKNOWN
2016-02-01T00:04:38.000000;2016-02-01T00:04:38.000000;e605426d-fa82-4f01-bea4-5ef018fe704b;367.0;0.03282278;UNKNOWN
2016-02-01T00:04:39.000000;2016-02-01T00:04:39.000000;4b7469c1-4ae2-4ef0-8beb-28500cef864b;367.0;1.0;UNKNOWN
2016-02-01T00:04:41.000000;2016-02-01T00:04:41.000000;430f3311-7d06-4eda-9e2d-69f6f85fa447;367.0;0.07102986;UNKNOWN
2016-02-01T00:04:41.000000;2016-02-01T00:04:41.000000;1022a2b7-0d5b-42dd-8ef8-f3414f54bb31;367.0;0.60290911;UNKNOWN
2016-02-01T00:04:43.000000;2016-02-01T00:04:43.000000;ce420476-4a2e-47cd-9a35-ccaf41cdfca1;367.0;0.51518114;UNKNOWN
2016-02-01T00:04:44.000000;2016-02-01T00:04:44.000000;5f360603-850c-4f78-b4d2-534ad0ab0c68;367.0;0.01245701;UNKNOWN
2016-02-01T00:04:44.000000;2016-02-01T00:04:44.000000;8d15f80a-0ff1-4cc2-ae9e-b05f71c13896;367.0;0.6872919;UNKNOWN
2016-02-01T00:04:45.000000;2016-02-01T00:04:45.000000;b0c56a69-fe78-46f7-b357-2c4cbe10e44f;367.0;0.43018375;UNKNOWN
2016-02-01T00:04:46.000000;2016-02-01T00:04:46.000000;133b5a8b-01c6-4071-8fb9-c67970f4591b;367.0;0.68053377;UNKNOWN
2016-02-01T00:04:46.000000;2016-02-01T00:04:46.000000;9f93edb8-ffab-4866-bd08-19a39980955a;367.0;2.9;UNKNOWN
2016-02-01T00:04:48.000000;2016-02-01T00:04:48.000000;26b8130d-d2bb-488e-bd58-5b88544e6646;367.0;0.03017052;UNKNOWN
2016-02-01T00:04:50.000000;2016-02-01T00:04:50.000000;02fc6c08-c9d5-4884-ac58-931b162e2eaf;367.0;3.59;UNKNOWN
2016-02-01T00:04:51.000000;2016-02-01T00:04:51.000000;d100c6f8-ece3-4a23-b0a4-8e2180654fc0;367.0;0.62665912;UNKNOWN
2016-02-01T00:04:53.000000;2016-02-01T00:04:53.000000;9caca1a1-aab0-42b8-b440-46bf369ad3f7;367.0;0.54897375;UNKNOWN
2016-02-01T00:04:53.000000;2016-02-01T00:04:53.000000;0b6a2acf-0ece-42ef-bc75-cd9b577728db;367.0;1.11;UNKNOWN
2016-02-01T00:04:53.000000;2016-02-01T00:04:53.000000;38325760-1788-4296-aaa5-3d6b5710dcc1;367.0;0.07167221;UNKNOWN
2016-02-01T00:04:53.000000;2016-02-01T00:04:53.000000;f99dbd33-0c03-40c6-9e4f-ba47fdba4a16;367.0;0.72328187;UNKNOWN
2016-02-01T00:04:54.000000;2016-02-01T00:04:54.000000;4c652ea6-a5de-42fa-aad8-e6847b86bd69;367.0;0.01320198;UNKNOWN
2016-02-01T00:04:56.000000;2016-02-01T00:04:56.000000;16c5c23c-2a47-4abe-9dba-4dc03d48c292;367.0;5.27;UNKNOWN
2016-02-01T00:04:56.000000;2016-02-01T00:04:56.000000;e498cdd1-e3ac-4e72-87ff-fd9d57d16941;367.0;0.40780569;UNKNOWN
2016-02-01T00:04:57.000000;2016-02-01T00:04:57.000000;098a74d7-1746-4b94-a22a-665f7e17b9cf;367.0;0.66869515;UNKNOWN
2016-02-01T00:04:58.000000;2016-02-01T00:04:58.000000;165188c1-e8fd-4f0d-b8df-25be05c41b70;367.0;0.02970813;UNKNOWN
2016-02-01T00:05:01.000000;2016-02-01T00:05:01.000000;972aae2e-6408-433a-aeab-569154fa4065;367.0;0.63754062;UNKNOWN
2016-02-01T00:05:01.000000;2016-02-01T00:05:01.000000;4088dd23-b4bc-4c02-a407-f2eed3e6a99f;367.0;0.07893994;UNKNOWN
2016-02-01T00:05:04.000000;2016-02-01T00:05:04.000000;f28944e3-86ca-4f16-b676-3ed0ae46a2f9;367.0;0.6555978;UNKNOWN
2016-02-01T00:05:05.000000;2016-02-01T00:05:05.000000;8a27b6a0-68fa-4cae-bc9f-2f29b9fb1a80;367.0;0.59902129;UNKNOWN
2016-02-01T00:05:06.000000;2016-02-01T00:05:06.000000;ebe3ee40-d246-4add-aa8b-ec5f6183b18b;367.0;0.01164789;UNKNOWN
2016-02-01T00:05:07.000000;2016-02-01T00:05:07.000000;04736dfa-5b91-46e9-829c-c3222e34c073;367.0;0.43052209;UNKNOWN
2016-02-01T00:05:07.000000;2016-02-01T00:05:07.000000;c74e6438-11cf-481f-bc91-9124dec3dff8;367.0;0.67595553;UNKNOWN
2016-02-01T00:05:08.000000;2016-02-01T00:05:08.000000;0848cad9-22ef-42ac-830b-40a7d10393d9;367.0;0.02721158;UNKNOWN
2016-02-01T00:05:09.000000;2016-02-01T00:05:09.000000;36bbd63c-6b53-431d-9e0f-c1a032e689ce;367.0;1.0;UNKNOWN
2016-02-01T00:05:10.000000;2016-02-01T00:05:10.000000;f14657ec-0490-4f4c-8fd6-f951b3ff9fac;367.0;1.0;UNKNOWN
2016-02-01T00:05:10.000000;2016-02-01T00:05:10.000000;cbc2aef1-9fdd-4cf5-8f4f-c77415040565;367.0;0.61370826;UNKNOWN
2016-02-01T00:05:11.000000;2016-02-01T00:05:11.000000;0270fce8-ecf2-4826-b573-eb29a7706dcc;367.0;0.0699694;UNKNOWN
2016-02-01T00:05:12.000000;2016-02-01T00:05:12.000000;0fa7e5fe-14fd-4228-b839-4311e1745003;367.0;0.61622175;UNKNOWN
2016-02-01T00:05:13.000000;2016-02-01T00:05:13.000000;42e7e6eb-d950-4e91-8f6d-d5b6f8587590;367.0;0.70179331;UNKNOWN
2016-02-01T00:05:15.000000;2016-02-01T00:05:15.000000;acd2aad0-31f6-4ebe-84b5-6a7f73859214;367.0;0.01311352;UNKNOWN
2016-02-01T00:05:15.000000;2016-02-01T00:05:15.000000;c06f0afd-3cc2-47d4-8c17-3b0a46966c3a;367.0;6.27;UNKNOWN
2016-02-01T00:05:16.000000;2016-02-01T00:05:16.000000;8a51b539-4397-4c61-8a7a-cfe33bc335dd;367.0;0.44377563;UNKNOWN
2016-02-01T00:05:16.000000;2016-02-01T00:05:16.000000;1a1ec3b5-ea3a-44b8-a2f9-3691c86ec329;367.0;0.61613953;UNKNOWN
2016-02-01T00:05:18.000000;2016-02-01T00:05:18.000000;5d4fd311-d4c3-4613-a5c6-f3b7508e2924;367.0;2.98;UNKNOWN
2016-02-01T00:05:21.000000;2016-02-01T00:05:21.000000;e38302c8-1af0-455e-975e-f5b666b05253;367.0;0.02754062;UNKNOWN
2016-02-01T00:05:22.000000;2016-02-01T00:05:22.000000;689ecbbd-834e-4c8e-8a01-275d32aaa83c;367.0;0.60931174;UNKNOWN
2016-02-01T00:05:23.000000;2016-02-01T00:05:23.000000;b0d47ecb-e6bf-4094-8d59-f220511f3fcb;367.0;0.07340861;UNKNOWN
2016-02-01T00:05:24.000000;2016-02-01T00:05:24.000000;d892bf49-2b03-43fb-90e0-276da6e36c7f;367.0;0.14616277;UNKNOWN
2016-02-01T00:05:33.000000;2016-02-01T00:05:33.000000;af93bbe4-5d42-4964-b126-871f4d792be7;367.0;0.58453246;UNKNOWN
2016-02-01T00:05:33.000000;2016-02-01T00:05:33.000000;a015c1f1-1ce7-4768-a857-90472e8f8019;367.0;0.01203694;UNKNOWN
2016-02-01T00:05:33.000000;2016-02-01T00:05:33.000000;1aa959e8-4ff6-4f79-bfdf-c7bd56180fcc;366.98;6.7433;UNKNOWN
2016-02-01T00:05:33.000000;2016-02-01T00:05:33.000000;b914847d-c29e-4d0c-9c4c-7be7db2241e1;367.0;0.42506037;UNKNOWN
2016-02-01T00:05:33.000000;2016-02-01T00:05:33.000000;cb3d917a-3b4b-4a16-a6a2-8805ed992bf0;367.0;0.60177844;UNKNOWN
2016-02-01T00:05:33.000000;2016-02-01T00:05:33.000000;9cc9a340-9fd6-4ada-bcaa-407cc750fdd4;367.0;0.02980097;UNKNOWN
2016-02-01T00:05:33.000000;2016-02-01T00:05:33.000000;1b5e5af9-139a-4f44-9f4c-d88ee2cb2f6b;367.0;0.43342889;UNKNOWN
2016-02-01T00:05:33.000000;2016-02-01T00:05:33.000000;da3060fa-8c53-4a81-a933-85e352ae88d9;367.0;0.65442668;UNKNOWN
2016-02-01T00:05:33.000000;2016-02-01T00:05:33.000000;1ddf056b-47cf-4e60-8a65-11352e0c52f4;367.0;0.07607715;UNKNOWN
2016-02-01T00:05:33.000000;2016-02-01T00:05:33.000000;8da311e3-74ed-4b84-94f2-44645debdfb2;367.01;1.9;UNKNOWN
2016-02-01T00:05:33.000000;2016-02-01T00:05:33.000000;d649aa9f-0a89-4c95-a365-750f806486c4;367.39;8.1265581;UNKNOWN
2016-02-01T00:05:33.000000;2016-02-01T00:05:33.000000;d711b048-e5f5-4b6b-8de3-a3b943f5b5a2;367.04;0.859;UNKNOWN
2016-02-01T00:05:41.000000;2016-02-01T00:05:41.000000;de62ebe3-b4bb-40b6-9d6f-cd6a159b5aba;366.7;0.67451986;UNKNOWN
2016-02-01T00:05:41.000000;2016-02-01T00:05:41.000000;6201e841-8472-4af9-8445-29aca99ed9f8;366.7;0.03010673;UNKNOWN
2016-02-01T00:05:43.000000;2016-02-01T00:05:43.000000;78bf1fb4-c090-47c9-81b4-5f8c88a6f9a2;366.7;0.62893403;UNKNOWN
2016-02-01T00:05:43.000000;2016-02-01T00:05:43.000000;8b7721ea-443f-42d6-b4f6-8c17c484c9dc;366.7;0.72704652;UNKNOWN
2016-02-01T00:05:43.000000;2016-02-01T00:05:43.000000;fa97de5c-bc54-42f0-a7a9-0cde8dfea79b;366.7;0.62059525;UNKNOWN
2016-02-01T00:05:43.000000;2016-02-01T00:05:43.000000;e8bdb4db-f1cf-48a5-b5e9-c9ab42834a0d;366.7;0.07866038;UNKNOWN
2016-02-01T00:05:44.000000;2016-02-01T00:05:44.000000;0ed221ce-cf36-414b-9217-76a6378ab18d;366.7;0.01264512;UNKNOWN
2016-02-01T00:05:46.000000;2016-02-01T00:05:46.000000;9fd97072-1198-485c-9cfa-67117d084c11;366.7;0.41586735;UNKNOWN
2016-02-01T00:05:49.000000;2016-02-01T00:05:49.000000;c8ce4b50-4b7c-46b1-a078-63306ccfde13;366.7;0.61968113;UNKNOWN
2016-02-01T00:05:50.000000;2016-02-01T00:05:50.000000;b2cdcb73-5327-4101-b282-dabd14ea618a;366.7;0.03380814;UNKNOWN
2016-02-01T00:05:51.000000;2016-02-01T00:05:51.000000;41253a4c-38cc-4009-9bab-aacb49be2194;366.7;0.69291228;UNKNOWN
2016-02-01T00:05:51.000000;2016-02-01T00:05:51.000000;5acc7c9e-5cda-43fe-a462-0fe75b458cd5;366.7;0.06872261;UNKNOWN
2016-02-01T00:05:52.000000;2016-02-01T00:05:52.000000;df1e24bf-669e-4c6d-910b-f074c907a280;366.7;0.59983755;UNKNOWN
2016-02-01T00:05:53.000000;2016-02-01T00:05:53.000000;5ba49cdb-c2c6-4609-9b88-a18b3584c40a;366.7;0.67412932;UNKNOWN
2016-02-01T00:05:55.000000;2016-02-01T00:05:55.000000;dab461ab-7397-41b9-8886-7eebdf4e1ccb;367.0;0.23768847;UNKNOWN
2016-02-01T00:05:55.000000;2016-02-01T00:05:55.000000;a6544771-9f93-48b2-9b6c-bc801294dc6b;367.0;0.01231153;UNKNOWN
2016-02-01T00:05:55.000000;2016-02-01T00:05:55.000000;e4d7ad8a-3539-46c5-800d-73879b988ecb;366.7;0.16805221;UNKNOWN
2016-02-01T00:05:57.000000;2016-02-01T00:05:57.000000;caea01dd-a38f-467f-b3b5-1c6962917df8;366.7;0.60677807;UNKNOWN
2016-02-01T00:05:58.000000;2016-02-01T00:05:58.000000;f920287c-9bd8-4a2a-aa40-d96e2c616478;366.7;0.03107119;UNKNOWN
2016-02-01T00:06:04.000000;2016-02-01T00:06:04.000000;f96a8fc2-00b9-4702-9aab-0c3db03f539e;366.7;0.07341086;UNKNOWN
2016-02-01T00:06:04.000000;2016-02-01T00:06:04.000000;4260da91-b24e-47c6-91ba-ef4ab2c03956;366.7;0.69257911;UNKNOWN
2016-02-01T00:06:05.000000;2016-02-01T00:06:05.000000;98621d37-f4d6-47ce-981f-b9e3837089fd;366.7;0.51995298;UNKNOWN
2016-02-01T00:06:06.000000;2016-02-01T00:06:06.000000;cacd21e0-e515-4c93-a17b-01d4edaf67df;366.7;0.70633661;UNKNOWN
2016-02-01T00:06:06.000000;2016-02-01T00:06:06.000000;61c575a9-0ef4-4218-abb7-44bdb7e44b07;366.7;0.41949965;UNKNOWN
2016-02-01T00:06:06.000000;2016-02-01T00:06:06.000000;c7ef3c11-4987-467b-ba8d-c7ed17c69632;366.7;0.6283174;UNKNOWN
2016-02-01T00:06:06.000000;2016-02-01T00:06:06.000000;80784fab-c78b-4d9c-b562-22fe5bc29b69;366.7;0.01273771;UNKNOWN
2016-02-01T00:06:08.000000;2016-02-01T00:06:08.000000;9764f629-eb81-472a-9b49-284b8b606faf;366.7;0.02861098;UNKNOWN
2016-02-01T00:06:09.000000;2016-02-01T00:06:09.000000;f305da5b-f37f-4c10-8bf5-096953506c43;366.7;0.35;UNKNOWN
2016-02-01T00:06:10.000000;2016-02-01T00:06:10.000000;ae576c1c-5d32-43d3-bc97-6b5e65743089;366.7;0.65891636;UNKNOWN
2016-02-01T00:06:12.000000;2016-02-01T00:06:12.000000;3aa9918b-04d9-44ca-914f-9504fc0f1f25;366.7;0.07758417;UNKNOWN
2016-02-01T00:06:13.000000;2016-02-01T00:06:13.000000;6c67544c-9eec-42d8-8586-2824c04deb19;366.7;0.694573;UNKNOWN
2016-02-01T00:06:14.000000;2016-02-01T00:06:14.000000;20aedf1b-8869-4fa8-a7b2-42741fece0ae;366.7;0.63600406;UNKNOWN
2016-02-01T00:06:15.000000;2016-02-01T00:06:15.000000;a03ba4b8-c549-4ae0-af9b-99c6805a8625;366.7;0.01183862;UNKNOWN
2016-02-01T00:06:16.000000;2016-02-01T00:06:16.000000;bb7fcbc2-e686-4064-937f-f869d06d03cd;366.7;2.88812387;UNKNOWN
2016-02-01T00:06:18.000000;2016-02-01T00:06:18.000000;af4f5ddd-e957-433c-b291-7316ba356c39;366.7;0.40025502;UNKNOWN
2016-02-01T00:06:18.000000;2016-02-01T00:06:18.000000;e0e0ac53-675b-412b-b943-c512c9459e48;366.7;0.66892099;UNKNOWN
2016-02-01T00:06:18.000000;2016-02-01T00:06:18.000000;33c62e46-f059-4c16-a6f7-db6c65348e1d;366.68;0.33187613;UNKNOWN
2016-02-01T00:06:18.000000;2016-02-01T00:06:18.000000;bde7e36a-e3dc-4eb8-9087-dea36ee5967e;367.35;5.59894786;UNKNOWN
2016-02-01T00:06:20.000000;2016-02-01T00:06:20.000000;6ad9a8f3-c0de-408f-93fd-5a66b8833b0f;366.67;10.0;UNKNOWN
2016-02-01T00:06:35.000000;2016-02-01T00:06:35.000000;a30791cc-4334-4dd1-b9d0-1786051e5556;366.51;0.2;UNKNOWN
2016-02-01T00:06:51.000000;2016-02-01T00:06:51.000000;22ca82c7-04fa-49b9-8138-7787f3666842;366.5;0.03105824;UNKNOWN
2016-02-01T00:06:52.000000;2016-02-01T00:06:52.000000;a3466e87-bfba-4af8-b2d6-f94bdacbd4d1;366.5;0.06894176;UNKNOWN
2016-02-01T00:07:00.000000;2016-02-01T00:07:00.000000;9d852ff5-cc59-4815-aafb-36f4484ffd6e;366.2;0.06537577;UNKNOWN
2016-02-01T00:07:00.000000;2016-02-01T00:07:00.000000;ac186658-49a5-4983-85bd-33e7c48fa65e;366.2;0.03462423;UNKNOWN
2016-02-01T00:07:23.000000;2016-02-01T00:07:23.000000;93512886-f28c-42ac-b5de-143ff0ee41bd;366.13;0.7328672;UNKNOWN
2016-02-01T00:07:31.000000;2016-02-01T00:07:31.000000;00c94745-d9bc-489e-9ef8-c1c26139ac08;366.13;0.68946864;UNKNOWN
2016-02-01T00:07:31.000000;2016-02-01T00:07:31.000000;ca4b4ff9-9221-4690-814a-8efa3326616c;366.13;0.84298164;UNKNOWN
2016-02-01T00:07:31.000000;2016-02-01T00:07:31.000000;9d5a484b-41fd-48a7-bb82-fcf04c16643a;366.13;0.07965364;UNKNOWN
2016-02-01T00:07:32.000000;2016-02-01T00:07:32.000000;63d54c43-44c7-4ba6-9c4b-78627d0cd91a;366.12;0.04;UNKNOWN
2016-02-01T00:07:32.000000;2016-02-01T00:07:32.000000;98207f36-e31c-4b38-8104-a0e418375f8c;366.02;0.0159829;UNKNOWN
2016-02-01T00:07:34.000000;2016-02-01T00:07:34.000000;f5d4a45d-8e99-490e-a537-7444c4296814;366.03;0.40787546;UNKNOWN
2016-02-01T00:07:35.000000;2016-02-01T00:07:35.000000;b69c65dc-7b41-4aea-a917-5ce14e5f81c6;366.03;0.26234324;UNKNOWN
2016-02-01T00:07:36.000000;2016-02-01T00:07:36.000000;69dc1cfc-99bc-4737-b7f2-f9c4567303ad;366.03;0.52401289;UNKNOWN
2016-02-01T00:07:36.000000;2016-02-01T00:07:36.000000;f664227c-9c48-496e-a7df-eec058b6ddd2;366.03;0.05476833;UNKNOWN
2016-02-01T00:07:37.000000;2016-02-01T00:07:37.000000;5c83f154-7e07-4d7e-9029-832a90d8bec9;366.03;0.02729754;UNKNOWN
2016-02-01T00:07:38.000000;2016-02-01T00:07:38.000000;1092e2e7-b50a-4f6c-a077-a63868a9138c;365.95;0.05770946;UNKNOWN
2016-02-01T00:07:39.000000;2016-02-01T00:07:39.000000;6b6b77a7-3abc-476a-a6c0-9c54f9c9cc89;366.06;0.24705733;UNKNOWN
2016-02-01T00:07:42.000000;2016-02-01T00:07:42.000000;96236542-b339-4117-a7e0-3f4428ef9ca5;365.85;0.03012506;UNKNOWN
2016-02-01T00:07:45.000000;2016-02-01T00:07:45.000000;05c67641-a874-4606-bbdb-fdabab8e51f9;365.85;0.03015145;UNKNOWN
2016-02-01T00:07:48.000000;2016-02-01T00:07:48.000000;f818dc1c-d5b3-4094-9276-8bdf88d5154e;365.85;0.12877397;UNKNOWN
2016-02-01T00:07:54.000000;2016-02-01T00:07:54.000000;cf83ea4e-13d5-4379-830b-28af7e91caf5;365.85;1.92072772;UNKNOWN
2016-02-01T00:07:55.000000;2016-02-01T00:07:55.000000;2da08524-a626-4865-aa92-da8cf723f6f4;365.85;0.26221558;UNKNOWN
2016-02-01T00:07:56.000000;2016-02-01T00:07:56.000000;1aacedec-3a91-4c75-bbc1-429298730d3b;365.85;1.36935841;UNKNOWN
2016-02-01T00:08:01.000000;2016-02-01T00:08:01.000000;c6a09d21-9789-4b5a-b509-4d48b1076df1;365.85;0.266364;UNKNOWN
2016-02-01T00:08:03.000000;2016-02-01T00:08:03.000000;dfb4c6c4-5258-475e-986c-fee915586a9b;365.85;0.38289655;UNKNOWN
2016-02-01T00:08:14.000000;2016-02-01T00:08:14.000000;5e647907-0ca5-4d83-889d-168462722440;365.35;0.09211121;UNKNOWN
2016-02-01T00:08:14.000000;2016-02-01T00:08:14.000000;bcc02a09-2f78-429b-8daa-01538af6ff64;365.35;0.06377889;UNKNOWN
2016-02-01T00:08:16.000000;2016-02-01T00:08:16.000000;16c6d5f4-3657-4782-ae33-e6390af40867;365.35;0.81975723;UNKNOWN
2016-02-01T00:08:17.000000;2016-02-01T00:08:17.000000;19557fc0-1302-4822-bea5-ae677c72416f;365.35;0.04545143;UNKNOWN
2016-02-01T00:08:19.000000;2016-02-01T00:08:19.000000;99a78aa5-210d-47b4-ac27-24f959ce53e8;365.35;0.05347227;UNKNOWN
2016-02-01T00:08:22.000000;2016-02-01T00:08:22.000000;bcf9fb12-246c-4107-a160-01bd12155ce4;365.37;0.09130039;UNKNOWN
2016-02-01T00:08:23.000000;2016-02-01T00:08:23.000000;6752bcbf-66df-45b1-a98d-7032c1e0ae9b;365.38;0.95562733;UNKNOWN
2016-02-01T00:08:24.000000;2016-02-01T00:08:24.000000;c6f78d94-d62a-48d2-9430-d012974c9c21;365.38;2.72975457;UNKNOWN
2016-02-01T00:08:26.000000;2016-02-01T00:08:26.000000;4f702001-ceac-4be8-a60a-4d1dae56444d;365.37;0.12672587;UNKNOWN
2016-02-01T00:08:28.000000;2016-02-01T00:08:28.000000;02c23e44-e894-4299-b612-f5bca6746d8a;365.37;5.0;UNKNOWN
2016-02-01T00:08:29.000000;2016-02-01T00:08:29.000000;f992e6ed-6ced-4b70-9d43-cc0d0241965c;365.37;0.1159904;UNKNOWN
2016-02-01T00:08:30.000000;2016-02-01T00:08:30.000000;0c629a35-c146-4d62-9ffe-d3a7f905a7fa;365.37;0.13327131;UNKNOWN
2016-02-01T00:08:31.000000;2016-02-01T00:08:31.000000;e3ebcb71-8089-42ae-93ff-f7738390ed50;365.37;0.09082567;UNKNOWN
2016-02-01T00:08:33.000000;2016-02-01T00:08:33.000000;8c6fc72c-7d1f-4133-aaf1-a78f4c23a7fb;365.37;0.26658526;UNKNOWN
2016-02-01T00:08:33.000000;2016-02-01T00:08:33.000000;c93d93c3-d997-4115-ae3a-5fd27800d489;365.37;0.90329634;UNKNOWN
2016-02-01T00:08:35.000000;2016-02-01T00:08:35.000000;be446ec4-11f4-4f9e-9a82-b0d978e02a40;365.37;5.0;UNKNOWN
2016-02-01T00:08:39.000000;2016-02-01T00:08:39.000000;79c48ed2-3a1c-416c-9115-5d40f2b9bc11;365.35;0.04;UNKNOWN
2016-02-01T00:08:39.000000;2016-02-01T00:08:39.000000;338d6bef-9485-4347-b892-ad77792c0355;365.4;0.04151813;UNKNOWN
2016-02-01T00:08:39.000000;2016-02-01T00:08:39.000000;633bcf8d-bd70-4fd2-86ce-acbd8839811f;365.4;0.82509998;UNKNOWN
2016-02-01T00:08:39.000000;2016-02-01T00:08:39.000000;883d24b0-bd77-4ac0-bcb3-d2d77bce463e;365.4;0.64338189;UNKNOWN
2016-02-01T00:08:39.000000;2016-02-01T00:08:39.000000;7d9a2a94-721b-4302-81d1-aedf16b43207;365.28;0.09329263;UNKNOWN
2016-02-01T00:08:42.000000;2016-02-01T00:08:42.000000;4b789828-8e94-49de-8304-c78c68847c1c;365.37;0.09931955;UNKNOWN
2016-02-01T00:08:42.000000;2016-02-01T00:08:42.000000;b5439aad-18ab-4cda-9b54-455ac73f8d25;365.37;0.01532444;UNKNOWN
2016-02-01T00:08:42.000000;2016-02-01T00:08:42.000000;01fdf0b9-cede-4d11-828e-c6afa76370c4;365.37;0.84258628;UNKNOWN
2016-02-01T00:08:42.000000;2016-02-01T00:08:42.000000;6b9ac50b-d325-4289-ab45-64cc0334a087;365.37;0.09187597;UNKNOWN
2016-02-01T00:08:43.000000;2016-02-01T00:08:43.000000;7bea2041-d86d-46de-9307-efbf0ce930e7;365.37;0.81813744;UNKNOWN
2016-02-01T00:08:47.000000;2016-02-01T00:08:47.000000;71145838-bb24-48d8-8ed9-10b335c8fe25;365.34;5.0;UNKNOWN
2016-02-01T00:08:51.000000;2016-02-01T00:08:51.000000;bb27ca78-894f-472c-b61a-873e3b883b66;365.32;0.96574797;UNKNOWN
2016-02-01T00:08:52.000000;2016-02-01T00:08:52.000000;fbcc3282-9d9f-45ef-b5ec-31ac92539f46;365.37;0.59805731;UNKNOWN
2016-02-01T00:08:52.000000;2016-02-01T00:08:52.000000;94799476-7159-47f9-94cb-4522e2005175;365.37;0.86484016;UNKNOWN
2016-02-01T00:08:52.000000;2016-02-01T00:08:52.000000;f1241dcd-20b4-4d4b-868c-c5e97d4e76b6;365.37;0.01522391;UNKNOWN
2016-02-01T00:08:52.000000;2016-02-01T00:08:52.000000;b158eca0-bff4-4799-8e65-2bbdcab159e7;365.37;0.83635678;UNKNOWN
2016-02-01T00:08:52.000000;2016-02-01T00:08:52.000000;72443c6a-b85d-4f70-9cd2-35fabf76e350;365.37;0.11052255;UNKNOWN
2016-02-01T00:08:52.000000;2016-02-01T00:08:52.000000;0a021375-5413-4664-86d0-ee0cb18d0648;365.37;0.11988679;UNKNOWN
2016-02-01T00:08:52.000000;2016-02-01T00:08:52.000000;2709104e-9ceb-4bcf-b1ba-c3c53743afa9;365.37;0.04462779;UNKNOWN
2016-02-01T00:08:54.000000;2016-02-01T00:08:54.000000;30830616-c1dc-4af8-8632-636f4caa6fa3;365.34;0.90482987;UNKNOWN
2016-02-01T00:08:55.000000;2016-02-01T00:08:55.000000;7f134c19-ae61-4dec-9247-7cffab127eca;365.34;0.56257133;UNKNOWN
2016-02-01T00:08:57.000000;2016-02-01T00:08:57.000000;26408d25-8a6d-47ae-94b8-81b822e3e6d2;365.34;0.13687983;UNKNOWN
2016-02-01T00:08:57.000000;2016-02-01T00:08:57.000000;4fabf6c9-9c42-4fc9-8056-95d9a6e328c7;365.34;0.84965949;UNKNOWN
2016-02-01T00:08:58.000000;2016-02-01T00:08:58.000000;443d81cd-ea23-47d5-95c2-edc606eab64b;365.34;0.038769;UNKNOWN
2016-02-01T00:08:59.000000;2016-02-01T00:08:59.000000;43c1868e-90a0-4ee2-93bf-93c586bcda52;365.35;1.1;UNKNOWN
2016-02-01T00:09:02.000000;2016-02-01T00:09:02.000000;fa23a3b7-ce18-4131-9306-e2191e441267;365.4;0.0077446;UNKNOWN
2016-02-01T00:09:02.000000;2016-02-01T00:09:02.000000;32a1e78e-9a40-4b73-ae2a-f90b45216142;365.34;0.19752359;UNKNOWN
2016-02-01T00:09:02.000000;2016-02-01T00:09:02.000000;f71e7f62-17a3-482e-8b49-e9570f44c6f4;365.34;0.56300159;UNKNOWN
2016-02-01T00:09:02.000000;2016-02-01T00:09:02.000000;732a0c80-c84b-4d63-8702-42f624b0237f;365.4;0.9922554;UNKNOWN
2016-02-01T00:09:05.000000;2016-02-01T00:09:05.000000;199480ce-1e02-4d8f-a3df-ad8a2b37fd0f;365.34;0.01683989;UNKNOWN
2016-02-01T00:09:08.000000;2016-02-01T00:09:08.000000;c72aa6b7-a541-4ff4-94bb-59bc8fc1e099;365.34;1.02325471;UNKNOWN
2016-02-01T00:09:10.000000;2016-02-01T00:09:10.000000;f8d10077-a363-45ad-b088-81de2393dd69;365.34;0.04283775;UNKNOWN
2016-02-01T00:09:12.000000;2016-02-01T00:09:12.000000;62cb28c2-0a68-40e4-affe-fc397fbbd3c8;365.34;0.88590424;UNKNOWN
2016-02-01T00:09:13.000000;2016-02-01T00:09:13.000000;8903b3c0-d296-4b7d-bda5-1e50076c2bd4;365.34;0.64058498;UNKNOWN
2016-02-01T00:09:13.000000;2016-02-01T00:09:13.000000;fa29fb6a-abd4-47ab-842b-df3733d85250;365.34;0.15893784;UNKNOWN
2016-02-01T00:09:16.000000;2016-02-01T00:09:16.000000;ee43fd9f-84cb-4ebb-b1c1-6ea8e8ae4b19;365.34;0.01792462;UNKNOWN
2016-02-01T00:09:17.000000;2016-02-01T00:09:17.000000;5d30d517-0612-44b0-9eae-bb849b73292d;365.34;0.94616346;UNKNOWN
2016-02-01T00:09:19.000000;2016-02-01T00:09:19.000000;2ab6b3b4-5eb0-4e87-ac3d-bdff46e2a5b1;365.34;0.04306345;UNKNOWN
2016-02-01T00:09:20.000000;2016-02-01T00:09:20.000000;13dc231c-9ef5-473a-9d9c-6ffd4d3abf01;365.34;1.01799504;UNKNOWN
2016-02-01T00:09:25.000000;2016-02-01T00:09:25.000000;24717184-aa9f-4d4f-a748-2fe9fe65d517;365.34;0.0161526;UNKNOWN
2016-02-01T00:09:25.000000;2016-02-01T00:09:25.000000;ea9179df-c1dc-4d86-8f9b-a0b4943cd881;365.34;0.93622009;UNKNOWN
2016-02-01T00:09:25.000000;2016-02-01T00:09:25.000000;c16c9ab8-fb42-406a-877e-cfec0ae25090;365.34;0.00889187;UNKNOWN
2016-02-01T00:09:27.000000;2016-02-01T00:09:27.000000;db4dbb97-d0c2-4492-bd0b-32ae4182a514;365.34;0.98705464;UNKNOWN
2016-02-01T00:09:28.000000;2016-02-01T00:09:28.000000;bff3fbd8-7b27-43f8-9565-20928ba3d04f;365.34;0.04359115;UNKNOWN
2016-02-01T00:09:30.000000;2016-02-01T00:09:30.000000;73eae7f2-742d-4449-9e87-6c1f415828a7;365.34;0.72445327;UNKNOWN
2016-02-01T00:09:30.000000;2016-02-01T00:09:30.000000;42c200a2-7169-4fdd-b35d-5692420df19d;365.34;0.31190647;UNKNOWN
2016-02-01T00:09:31.000000;2016-02-01T00:09:31.000000;e293da90-5293-48b1-aa31-279709f9177d;365.34;0.84131066;UNKNOWN
2016-02-01T00:09:35.000000;2016-02-01T00:09:35.000000;03471b3c-7e03-4afd-8354-16b016510b1c;365.34;0.12253974;UNKNOWN
2016-02-01T00:09:36.000000;2016-02-01T00:09:36.000000;c9c39d4f-9777-4c1d-a851-bd0f546006ad;365.34;0.9541441;UNKNOWN
2016-02-01T00:09:36.000000;2016-02-01T00:09:36.000000;4479d018-fed3-4637-9f88-ab4b01991b36;365.34;0.01578142;UNKNOWN
2016-02-01T00:09:37.000000;2016-02-01T00:09:37.000000;632c29a5-c46c-434d-8a69-961bf5fbf3bf;365.34;0.44444216;UNKNOWN
2016-02-01T00:09:37.000000;2016-02-01T00:09:37.000000;1ffa895c-f618-4978-8cc0-a2da78c068d0;365.34;0.54328017;UNKNOWN
2016-02-01T00:09:38.000000;2016-02-01T00:09:38.000000;e791c21f-809d-46ba-a9d1-3ff9024c66ab;365.34;0.04570026;UNKNOWN
2016-02-01T00:09:40.000000;2016-02-01T00:09:40.000000;a5ec35ec-fcb3-419a-a0ca-6cf387646971;365.34;0.011;UNKNOWN
2016-02-01T00:09:40.000000;2016-02-01T00:09:40.000000;dcd1cce8-5c66-4d18-b420-9a71b64319dd;365.34;0.12984183;UNKNOWN
2016-02-01T00:09:41.000000;2016-02-01T00:09:41.000000;d4e14b01-03bc-41eb-918c-583a3a175ae1;365.34;1.10496268;UNKNOWN
2016-02-01T00:09:42.000000;2016-02-01T00:09:42.000000;ddf50fce-8366-4478-8091-5ddc85dadf99;365.34;0.11657041;UNKNOWN
2016-02-01T00:09:42.000000;2016-02-01T00:09:42.000000;64e6ab53-aed1-4fc7-8af1-a68e25922094;365.34;0.91807182;UNKNOWN
2016-02-01T00:09:45.000000;2016-02-01T00:09:45.000000;1c4e0ff2-b405-4209-93ac-68038cfe3d14;365.34;0.01876295;UNKNOWN
2016-02-01T00:09:45.000000;2016-02-01T00:09:45.000000;623be116-faf3-40fc-b272-4220fc6fab88;365.34;1.16640999;UNKNOWN
2016-02-01T00:09:46.000000;2016-02-01T00:09:46.000000;13f53155-d9bb-4fb0-819b-eabfd957ccdb;365.34;0.62007531;UNKNOWN
2016-02-01T00:09:47.000000;2016-02-01T00:09:47.000000;3da466ab-64ec-408c-9ba6-c1898cae544f;365.35;0.90883025;UNKNOWN
2016-02-01T00:09:48.000000;2016-02-01T00:09:48.000000;a71e968f-3757-4fc2-9604-9cff337c0881;365.35;0.0454581;UNKNOWN
2016-02-01T00:09:48.000000;2016-02-01T00:09:48.000000;cb1eda77-27f6-474d-87a7-da17c169879f;365.35;0.11885219;UNKNOWN
2016-02-01T00:09:51.000000;2016-02-01T00:09:51.000000;d6535bc4-0ff6-4546-a807-fb0f9360c930;365.36;0.87567075;UNKNOWN
2016-02-01T00:09:51.000000;2016-02-01T00:09:51.000000;ef4667c3-becc-41f4-bd05-7bfa1a590a26;365.36;0.13732583;UNKNOWN
2016-02-01T00:09:51.000000;2016-02-01T00:09:51.000000;d0d97ffe-5f4d-458e-9416-ece3b972b392;365.36;0.98356121;UNKNOWN
2016-02-01T00:09:54.000000;2016-02-01T00:09:54.000000;1bea6e79-429d-47e7-b745-f8c101da092f;365.37;1.01594036;UNKNOWN
2016-02-01T00:09:55.000000;2016-02-01T00:09:55.000000;a95acfa9-a24a-426c-ac41-a3513828cca4;365.38;0.01715236;UNKNOWN
2016-02-01T00:09:57.000000;2016-02-01T00:09:57.000000;4b64a632-f310-47e8-a401-e45732c1a859;365.38;0.65717746;UNKNOWN
2016-02-01T00:09:58.000000;2016-02-01T00:09:58.000000;55ec909b-2ae0-4d6a-ae37-2c9f0f5b3f38;365.39;0.13871269;UNKNOWN
2016-02-01T00:09:58.000000;2016-02-01T00:09:58.000000;fa0b680d-bdc3-4bb8-b468-aea50807f5ed;365.39;1.0857341;UNKNOWN
2016-02-01T00:09:58.000000;2016-02-01T00:09:58.000000;f5acf6fa-ae37-4674-8078-d5a19d581c61;365.39;0.04609892;UNKNOWN
2016-02-01T00:10:01.000000;2016-02-01T00:10:01.000000;c21a3f65-a577-47c5-bc7a-c4f7fffb1301;365.34;0.13625633;UNKNOWN
2016-02-01T00:10:02.000000;2016-02-01T00:10:02.000000;5795124e-5501-41ad-ae14-7ca8558788b3;365.37;1.06235734;UNKNOWN
2016-02-01T00:10:04.000000;2016-02-01T00:10:04.000000;cf138e59-daa2-4525-9a19-9c75e5474b17;365.37;1.19060591;UNKNOWN
2016-02-01T00:10:05.000000;2016-02-01T00:10:05.000000;60891c30-adbd-4507-8306-3df2ad55fd80;366.59;1.04281505;UNKNOWN
2016-02-01T00:10:05.000000;2016-02-01T00:10:05.000000;4096e601-f55e-44c8-adbd-ce749f7fa18e;365.5;0.05;UNKNOWN
2016-02-01T00:10:05.000000;2016-02-01T00:10:05.000000;bc324b9e-806e-4a10-9fdf-420f4ff9e2e6;365.48;0.267;UNKNOWN
2016-02-01T00:10:05.000000;2016-02-01T00:10:05.000000;e73777b1-9044-416b-9e2a-7562235993bf;365.37;0.30130305;UNKNOWN
2016-02-01T00:10:05.000000;2016-02-01T00:10:05.000000;dc5c97f9-83b5-4ec4-9b6c-76d9a99ca069;365.38;0.97914461;UNKNOWN
2016-02-01T00:10:05.000000;2016-02-01T00:10:05.000000;6797884e-743c-4f73-9141-66796885edbf;365.48;0.06684034;UNKNOWN
2016-02-01T00:10:09.000000;2016-02-01T00:10:09.000000;e690210f-4016-4575-a4a4-6b3f80b19087;365.37;0.66658178;UNKNOWN
2016-02-01T00:10:09.000000;2016-02-01T00:10:09.000000;4cf9e2c4-a285-4134-94d4-05f352597332;365.37;0.14034772;UNKNOWN
2016-02-01T00:10:09.000000;2016-02-01T00:10:09.000000;0f8bebd0-472d-4aa1-bcee-800fbcc9600a;365.37;0.34753284;UNKNOWN
2016-02-01T00:10:11.000000;2016-02-01T00:10:11.000000;2509ffb0-dce9-428f-8bcf-d838e20f8aae;365.37;0.12721952;UNKNOWN
2016-02-01T00:10:14.000000;2016-02-01T00:10:14.000000;33e9eab4-1174-409c-9775-38d06df5d246;365.37;0.82810054;UNKNOWN
2016-02-01T00:10:14.000000;2016-02-01T00:10:14.000000;9f14bb33-bb91-45f3-9b3f-f14cd974dc64;365.37;0.37260674;UNKNOWN
2016-02-01T00:10:14.000000;2016-02-01T00:10:14.000000;6fb472d5-b496-4218-bb46-376a73a3992d;365.37;0.57842577;UNKNOWN
2016-02-01T00:10:16.000000;2016-02-01T00:10:16.000000;717fe859-e4c0-4fc1-809b-0b981eace1fb;365.37;0.7693237;UNKNOWN
2016-02-01T00:10:18.000000;2016-02-01T00:10:18.000000;e030a8d3-4e80-4f49-9e6d-2fa83b35b402;365.37;0.1361009;UNKNOWN
2016-02-01T00:10:21.000000;2016-02-01T00:10:21.000000;854b23bf-90ec-4798-ac34-6c308a2dc9bf;365.37;0.16739106;UNKNOWN
2016-02-01T00:10:24.000000;2016-02-01T00:10:24.000000;3eac72ac-5bb0-4a1f-b7b7-c4ad7af13ed8;365.37;0.58541292;UNKNOWN
2016-02-01T00:10:24.000000;2016-02-01T00:10:24.000000;697a0978-1675-4e2c-b5c6-d306e7581110;365.37;1.15395118;UNKNOWN
2016-02-01T00:10:24.000000;2016-02-01T00:10:24.000000;87c27134-7796-449c-a43b-ab4ee0b9fa55;365.37;0.08883459;UNKNOWN
2016-02-01T00:10:26.000000;2016-02-01T00:10:26.000000;bb30287f-5987-4305-83d6-fe722e274d89;365.37;0.73574556;UNKNOWN
2016-02-01T00:10:27.000000;2016-02-01T00:10:27.000000;cc67215b-962a-4934-9c30-e05d06118e43;365.37;0.11795656;UNKNOWN
2016-02-01T00:10:31.000000;2016-02-01T00:10:31.000000;405f1de0-bdfd-4069-8b7b-28fd057d9803;365.38;0.0164303;UNKNOWN
2016-02-01T00:10:31.000000;2016-02-01T00:10:31.000000;623d77de-c2ac-4994-9deb-c4e26df7d6e4;365.38;1.41878385;UNKNOWN
2016-02-01T00:10:31.000000;2016-02-01T00:10:31.000000;384cd81b-7a5b-4405-9afd-06ed0ce6b310;365.38;1.0003259;UNKNOWN
2016-02-01T00:10:31.000000;2016-02-01T00:10:31.000000;28a9c658-e773-4d4d-9345-9f987635ec4d;365.38;0.04107068;UNKNOWN
2016-02-01T00:10:31.000000;2016-02-01T00:10:31.000000;82ade555-d986-4a17-99ae-0d48a1d2f7a3;365.38;0.95161193;UNKNOWN
2016-02-01T00:10:33.000000;2016-02-01T00:10:33.000000;d37f9138-1ea2-44df-82c9-52414baed239;365.51;1.38160787;UNKNOWN
2016-02-01T00:10:34.000000;2016-02-01T00:10:34.000000;c61f6959-4562-4c52-9b4e-baf4b2bff786;365.5;0.69740347;UNKNOWN
2016-02-01T00:10:36.000000;2016-02-01T00:10:36.000000;a0ed16eb-a849-4ec1-941b-0c1e035f4446;365.52;0.01749822;UNKNOWN
2016-02-01T00:10:37.000000;2016-02-01T00:10:37.000000;c60ce38a-971a-4d58-ae2e-c2b3a4d17fd0;365.52;0.28098999;UNKNOWN
2016-02-01T00:10:37.000000;2016-02-01T00:10:37.000000;66a1b415-f0b2-4282-a8f2-2ec1ea0ddb21;365.52;0.48250178;UNKNOWN
2016-02-01T00:10:38.000000;2016-02-01T00:10:38.000000;1ae28d39-56ad-42d0-9b1e-3fb85d836480;365.52;1.01896719;UNKNOWN
2016-02-01T00:10:39.000000;2016-02-01T00:10:39.000000;792cb6e7-dca3-4fb9-aedb-65df9c15a2e1;365.53;0.13990946;UNKNOWN
2016-02-01T00:10:41.000000;2016-02-01T00:10:41.000000;ec58be71-4271-45a4-9c5b-53b3f62acce0;365.53;0.04165275;UNKNOWN
2016-02-01T00:10:42.000000;2016-02-01T00:10:42.000000;6ce5a275-2463-441c-8893-70b7fdedce6b;365.54;0.52124779;UNKNOWN
2016-02-01T00:10:42.000000;2016-02-01T00:10:42.000000;ca73f1c0-a501-4982-bac1-b522dea7fee9;365.54;0.5;UNKNOWN
2016-02-01T00:10:43.000000;2016-02-01T00:10:43.000000;c203117b-efd7-45e8-ba5b-e682a0d35886;365.55;0.68777497;UNKNOWN
2016-02-01T00:10:44.000000;2016-02-01T00:10:44.000000;f30eef2d-b52b-4086-a04c-5f1c5c73907e;365.55;0.0173697;UNKNOWN
2016-02-01T00:10:46.000000;2016-02-01T00:10:46.000000;09991de9-7951-4066-92a6-c51889db4494;365.56;0.78657897;UNKNOWN
2016-02-01T00:10:48.000000;2016-02-01T00:10:48.000000;428fec7d-f23c-4dc5-b363-aa5114c03c11;365.57;0.12396822;UNKNOWN
2016-02-01T00:10:53.000000;2016-02-01T00:10:53.000000;390bbd7b-5c25-4a33-b0b8-13d33983bfab;365.51;1.1706911;UNKNOWN
2016-02-01T00:10:56.000000;2016-02-01T00:10:56.000000;9ea5c56f-d72c-41fb-9073-99e45382abe4;365.56;0.62024527;UNKNOWN
2016-02-01T00:10:56.000000;2016-02-01T00:10:56.000000;efa0d9d2-eff3-444e-93aa-e8df9b7336a8;365.53;0.03752442;UNKNOWN
2016-02-01T00:10:56.000000;2016-02-01T00:10:56.000000;278b751d-3082-4349-b15f-a35d8375d563;366.34;4.55268945;UNKNOWN
2016-02-01T00:10:56.000000;2016-02-01T00:10:56.000000;75591d9a-77d4-41a4-b59f-4c325829cdde;365.56;0.01712394;UNKNOWN
2016-02-01T00:11:04.000000;2016-02-01T00:11:04.000000;95809105-b579-40fa-9502-9921fc5fa4de;365.51;0.63995898;UNKNOWN
2016-02-01T00:11:04.000000;2016-02-01T00:11:04.000000;96262afd-d3c4-4039-a212-98f44ac92344;365.51;0.02040336;UNKNOWN
2016-02-01T00:11:05.000000;2016-02-01T00:11:05.000000;90aee186-f840-48ee-91da-83beea720c89;365.51;2.9734182;UNKNOWN
2016-02-01T00:11:05.000000;2016-02-01T00:11:05.000000;06cf824d-dc11-47c0-b503-bb64de46afdd;365.51;2.0265818;UNKNOWN
2016-02-01T00:11:09.000000;2016-02-01T00:11:09.000000;ca6e5cb0-2983-4603-b8d1-fcefb0ab66b4;365.51;0.03527139;UNKNOWN
2016-02-01T00:11:15.000000;2016-02-01T00:11:15.000000;7140cafe-aa68-4c60-bdbd-730ef6d86b5a;365.52;0.69397594;UNKNOWN
2016-02-01T00:11:15.000000;2016-02-01T00:11:15.000000;2ade0ca8-c32d-4e40-b816-1ddef1b022cd;365.52;0.01931769;UNKNOWN
2016-02-01T00:11:18.000000;2016-02-01T00:11:18.000000;3c489e55-fdbd-4a7e-9722-a76d99837c80;365.52;0.04099238;UNKNOWN
2016-02-01T00:11:19.000000;2016-02-01T00:11:19.000000;5928bae8-3176-428c-b18d-c89458b40622;365.52;5.0;UNKNOWN
2016-02-01T00:11:19.000000;2016-02-01T00:11:19.000000;f6d8c6eb-d7fb-4d89-9b34-87407b528696;365.53;0.95405928;UNKNOWN
2016-02-01T00:11:19.000000;2016-02-01T00:11:19.000000;82b9991e-52fb-4d88-a2ca-d69c8d4d8dc7;366.1;6.8266;UNKNOWN
2016-02-01T00:11:19.000000;2016-02-01T00:11:19.000000;d47ada2d-c020-4714-9648-83c1b3208c30;366.1;1.72636933;UNKNOWN
2016-02-01T00:11:19.000000;2016-02-01T00:11:19.000000;353dd4ac-35a0-4bbc-a4ff-323f766e993e;365.56;0.12249547;UNKNOWN
2016-02-01T00:11:24.000000;2016-02-01T00:11:24.000000;a1369cfc-6cb5-4eb2-b074-f2eea9a9eb32;365.53;0.5;UNKNOWN
2016-02-01T00:11:24.000000;2016-02-01T00:11:24.000000;1c81956e-5d09-4001-b7f4-e32ae1514fd0;365.53;0.1008082;UNKNOWN
2016-02-01T00:11:25.000000;2016-02-01T00:11:25.000000;6cef183d-1ebc-4639-8d15-63d39be86556;365.54;0.0210023;UNKNOWN
2016-02-01T00:11:27.000000;2016-02-01T00:11:27.000000;759336f7-7ff0-4245-af6e-089b3c18f220;365.55;0.1255231;UNKNOWN
2016-02-01T00:11:34.000000;2016-02-01T00:11:34.000000;27ebaf0a-a955-4fdb-8301-3c84d03b4638;365.59;0.591993;UNKNOWN
2016-02-01T00:11:35.000000;2016-02-01T00:11:35.000000;a36f7a4e-ab68-4520-9de1-3353f698639e;365.59;0.02252196;UNKNOWN
2016-02-01T00:11:37.000000;2016-02-01T00:11:37.000000;e4b61b8c-c202-4d2b-b0e3-630d35d1e040;365.6;0.12387956;UNKNOWN
2016-02-01T00:11:44.000000;2016-02-01T00:11:44.000000;01658619-c5cd-41c1-9bbc-cc8129cf8b73;365.62;0.66236365;UNKNOWN
2016-02-01T00:11:46.000000;2016-02-01T00:11:46.000000;1d70d95b-94ed-445f-8b17-e39fd3633a8b;365.63;0.13515321;UNKNOWN
2016-02-01T00:12:05.000000;2016-02-01T00:12:05.000000;bb88f433-cdb6-4916-84db-798752c5f9dc;365.57;0.44725072;UNKNOWN
2016-02-01T00:12:28.000000;2016-02-01T00:12:28.000000;49394ec1-8505-4889-9272-71280548cd96;365.57;0.22734892;UNKNOWN
2016-02-01T00:12:28.000000;2016-02-01T00:12:28.000000;a8d60e1e-1c15-4c70-b6c6-dc351e1dab0b;365.58;0.5;UNKNOWN
2016-02-01T00:12:30.000000;2016-02-01T00:12:30.000000;7dc0f575-2026-42c1-b895-51062e86c596;365.6;0.12505409;UNKNOWN
2016-02-01T00:12:33.000000;2016-02-01T00:12:33.000000;f7cf8964-e3ae-47a9-8dfd-7b709df9ed31;365.62;0.64138704;UNKNOWN
2016-02-01T00:12:37.000000;2016-02-01T00:12:37.000000;cbd4a8d9-bd44-43e1-8568-e852126e0c2d;365.63;0.12501911;UNKNOWN
2016-02-01T00:12:43.000000;2016-02-01T00:12:43.000000;3bc4d29d-87e3-4cc7-93d2-93682bf611d8;365.67;0.6539393;UNKNOWN
2016-02-01T00:12:47.000000;2016-02-01T00:12:47.000000;05791f84-87c7-445d-bd2d-e8261fe9052f;365.69;0.12579678;UNKNOWN
2016-02-01T00:12:54.000000;2016-02-01T00:12:54.000000;11faf3d1-91b3-488d-b1eb-f16264438fe9;365.71;0.6650199;UNKNOWN
2016-02-01T00:12:58.000000;2016-02-01T00:12:58.000000;5c87e964-d407-4359-833e-af35c1e373b0;365.74;0.12813134;UNKNOWN
2016-02-01T00:13:03.000000;2016-02-01T00:13:03.000000;af425c5f-19fd-4fce-a8f7-194045b2051f;365.75;0.72375943;UNKNOWN
2016-02-01T00:13:08.000000;2016-02-01T00:13:08.000000;12d08ebb-9698-4741-9113-7038f8ee0a4b;365.77;0.14583995;UNKNOWN
2016-02-01T00:13:15.000000;2016-02-01T00:13:15.000000;623206e1-7f43-44d2-97f0-bc42a408ef1a;365.79;0.66155284;UNKNOWN
2016-02-01T00:13:17.000000;2016-02-01T00:13:17.000000;af63d350-fa9b-4ae9-8903-055281fdc29d;365.81;0.12771122;UNKNOWN
2016-02-01T00:13:25.000000;2016-02-01T00:13:25.000000;bf3dd473-e7d4-4dc3-b93b-2ff832d84791;365.86;0.67459698;UNKNOWN
2016-02-01T00:13:27.000000;2016-02-01T00:13:27.000000;cd3152b9-bac7-45c1-853b-b81340918800;365.87;0.14025547;UNKNOWN
2016-02-01T00:13:36.000000;2016-02-01T00:13:36.000000;ffcd473d-9a9d-4920-ac9f-2cc2dcc0262a;365.91;0.67564779;UNKNOWN
2016-02-01T00:13:37.000000;2016-02-01T00:13:37.000000;f305eea4-130b-471b-bd7f-f83cde6009d5;365.91;0.13152134;UNKNOWN
2016-02-01T00:13:44.000000;2016-02-01T00:13:44.000000;b6856e65-83d0-47f9-a9fb-ec80090fd8a1;365.93;0.69257447;UNKNOWN
2016-02-01T00:13:48.000000;2016-02-01T00:13:48.000000;ef1d9b1d-42fc-43cd-8f06-4e4fe86c5ed0;365.95;0.14780319;UNKNOWN
2016-02-01T00:13:54.000000;2016-02-01T00:13:54.000000;055e7430-38a6-4e01-9234-b47ece9087de;365.88;0.6412246;UNKNOWN
2016-02-01T00:13:58.000000;2016-02-01T00:13:58.000000;56e4c91d-3686-4a8a-a11e-0803d511a0f5;365.91;0.12667282;UNKNOWN
2016-02-01T00:14:03.000000;2016-02-01T00:14:03.000000;5f0ed79d-8f31-45f8-af00-d0a484fb5d72;365.95;0.64983024;UNKNOWN
2016-02-01T00:14:08.000000;2016-02-01T00:14:08.000000;9e6c4a28-ed6b-441b-a16b-590ce155f940;365.96;0.1537871;UNKNOWN
2016-02-01T00:14:13.000000;2016-02-01T00:14:13.000000;69bbc14a-f8e6-45df-a7b5-8e1fe5fa11b0;366.0;0.63727029;UNKNOWN
2016-02-01T00:14:19.000000;2016-02-01T00:14:19.000000;d14f9402-29bd-43ab-baf0-eaa3ae970205;365.96;0.14551011;UNKNOWN
2016-02-01T00:14:23.000000;2016-02-01T00:14:23.000000;04bece99-bc0c-4b6c-8ec1-d6c322d60578;365.97;0.74421205;UNKNOWN
2016-02-01T00:14:27.000000;2016-02-01T00:14:27.000000;be4ded3b-3a44-4773-bbca-4360d9e06728;366.01;0.12704117;UNKNOWN
2016-02-01T00:14:33.000000;2016-02-01T00:14:33.000000;a48d2a8c-44f7-4314-9f09-7ac9e6453441;366.04;0.73862712;UNKNOWN
2016-02-01T00:14:37.000000;2016-02-01T00:14:37.000000;34b390bc-5b9f-4624-8c0c-222b2aa18c1a;366.06;0.1462882;UNKNOWN
2016-02-01T00:14:44.000000;2016-02-01T00:14:44.000000;dc8b9beb-34f8-4be1-aad9-07cce0375a97;366.08;0.6600576;UNKNOWN
2016-02-01T00:14:46.000000;2016-02-01T00:14:46.000000;99352a5b-aba0-4d0c-8967-c076bdd6f41c;366.08;0.15397836;UNKNOWN
2016-02-01T00:14:50.000000;2016-02-01T00:14:50.000000;01f87aeb-a59d-4670-b35c-391b6004ef9a;366.93;20.0;UNKNOWN
2016-02-01T00:14:55.000000;2016-02-01T00:14:55.000000;e2cbf831-f166-4e97-95d1-8e8363b1e661;366.13;0.71598724;UNKNOWN
2016-02-01T00:14:56.000000;2016-02-01T00:14:56.000000;ce6f28f2-b754-42f8-a3fb-838c52f64677;366.14;0.14468072;UNKNOWN
2016-02-01T00:15:04.000000;2016-02-01T00:15:04.000000;90e6b057-97cd-4aaa-b34a-00d55d87c0f5;366.19;0.67556083;UNKNOWN
2016-02-01T00:15:06.000000;2016-02-01T00:15:06.000000;891d3274-1e36-4966-a41a-db791bbc5d69;366.94;0.05259938;UNKNOWN
2016-02-01T00:15:06.000000;2016-02-01T00:15:06.000000;4b0ab128-7b6c-44ce-8e9b-a7db09f094cb;367.27;0.24740062;UNKNOWN
2016-02-01T00:15:07.000000;2016-02-01T00:15:07.000000;0321b89c-3180-4069-8bab-59dd9f250435;366.33;0.1349435;UNKNOWN
2016-02-01T00:15:15.000000;2016-02-01T00:15:15.000000;b5341500-c056-40ba-95a4-0dd86760de98;367.29;3.29;UNKNOWN
2016-02-01T00:15:15.000000;2016-02-01T00:15:15.000000;7abd83fb-3410-4b1a-b483-5966a5ebaf65;366.33;0.7302527;UNKNOWN
2016-02-01T00:15:15.000000;2016-02-01T00:15:15.000000;1ccef5d8-629d-4403-bfe6-92e381b734c5;367.3;15.8554;UNKNOWN
2016-02-01T00:15:15.000000;2016-02-01T00:15:15.000000;5dc2139a-79c1-4a68-91c0-d1c778cc7725;367.29;20.8546;UNKNOWN
2016-02-01T00:15:18.000000;2016-02-01T00:15:18.000000;cec1d34b-79af-404b-adbd-fb679c8d38f7;366.33;0.14072135;UNKNOWN
2016-02-01T00:15:23.000000;2016-02-01T00:15:23.000000;eadbf4f2-b96d-4cf7-9814-1be2deea34f4;367.57;28.3053;UNKNOWN
2016-02-01T00:15:23.000000;2016-02-01T00:15:23.000000;51d44ee6-340a-4ecd-ba2d-65b2c7e5daf5;367.95;10.8119;UNKNOWN
2016-02-01T00:15:23.000000;2016-02-01T00:15:23.000000;f10119ed-f4b4-4ace-a74a-1b08d690416b;367.97;2.68172005;UNKNOWN
2016-02-01T00:15:23.000000;2016-02-01T00:15:23.000000;9317d520-1449-4976-b4e2-0fc0ef135835;367.36;25.0;UNKNOWN
2016-02-01T00:15:23.000000;2016-02-01T00:15:23.000000;9d7aec66-c4a7-4173-ae71-9577af97510c;367.51;0.1;UNKNOWN
2016-02-01T00:15:23.000000;2016-02-01T00:15:23.000000;9b70da2a-6e49-43f3-97ad-decba974ac59;367.88;5.0;UNKNOWN
2016-02-01T00:15:23.000000;2016-02-01T00:15:23.000000;8cdbe337-a15e-4dad-aa78-f2917ded7558;367.82;26.4441;UNKNOWN
2016-02-01T00:15:23.000000;2016-02-01T00:15:23.000000;46e682ca-7d3d-48b2-9276-ea436a3f19f0;368.0;17.02595265;UNKNOWN
2016-02-01T00:15:23.000000;2016-02-01T00:15:23.000000;861693ec-13de-4548-a94a-34f6eebdc28d;367.84;29.2655;UNKNOWN
2016-02-01T00:15:23.000000;2016-02-01T00:15:23.000000;b4de9a66-cf23-46c3-9aba-b44885e8fb18;367.82;2.68172005;UNKNOWN
2016-02-01T00:15:23.000000;2016-02-01T00:15:23.000000;2a50c010-cdab-4e15-85a7-05f0bb611eee;367.98;2.68380725;UNKNOWN
2016-02-01T00:15:25.000000;2016-02-01T00:15:25.000000;ca69da88-5fe7-4145-bc67-531b5d1f4ed5;366.5;0.72432705;UNKNOWN
2016-02-01T00:15:28.000000;2016-02-01T00:15:28.000000;6582b7db-9e51-418e-9948-bc4a7f8a337a;367.75;0.16;UNKNOWN
2016-02-01T00:15:28.000000;2016-02-01T00:15:28.000000;87e0e1e0-94cd-4d53-a790-33888efdc5cf;368.0;5.34;UNKNOWN
2016-02-01T00:15:29.000000;2016-02-01T00:15:29.000000;cbe12e27-9e29-4cb6-ade2-bf4a4babf0f7;366.79;0.15275196;UNKNOWN
2016-02-01T00:15:31.000000;2016-02-01T00:15:31.000000;44c40b82-6872-4358-b55e-9791b10f2bc9;367.93;0.05;UNKNOWN
2016-02-01T00:15:31.000000;2016-02-01T00:15:31.000000;13d9e440-635c-4d13-b726-fad1ab35ab81;367.93;0.05;UNKNOWN
2016-02-01T00:15:34.000000;2016-02-01T00:15:34.000000;788d5521-5718-4660-b205-9bb4bb760cd6;367.03;0.71277278;UNKNOWN
2016-02-01T00:15:37.000000;2016-02-01T00:15:37.000000;c8a99ae6-cd74-4cfd-b84b-7ff1998da200;367.09;0.12946009;UNKNOWN
2016-02-01T00:15:44.000000;2016-02-01T00:15:44.000000;7a0608ca-4fdd-4166-9db3-bcb577f795c9;367.13;0.75718982;UNKNOWN
2016-02-01T00:15:48.000000;2016-02-01T00:15:48.000000;2e5dbbfb-c0f3-4a7f-b55c-db4cc5a649c8;367.15;0.13422646;UNKNOWN
2016-02-01T00:15:53.000000;2016-02-01T00:15:53.000000;29cc56ef-a8bc-42db-b9a0-e39b488ba17a;367.35;0.65497045;UNKNOWN
2016-02-01T00:15:57.000000;2016-02-01T00:15:57.000000;0a326278-f433-4b52-874e-f2770ce52e51;368.0;0.04;UNKNOWN
2016-02-01T00:15:59.000000;2016-02-01T00:15:59.000000;49d01357-2422-4992-bb99-50d155c405b6;367.39;0.14831145;UNKNOWN
2016-02-01T00:16:00.000000;2016-02-01T00:16:00.000000;36d1de08-5f00-4f2f-a354-72483399524b;368.0;0.0834;UNKNOWN
2016-02-01T00:16:03.000000;2016-02-01T00:16:03.000000;3f97c28c-db83-4022-ace9-ed357286d81d;367.41;0.74912206;UNKNOWN
2016-02-01T00:16:07.000000;2016-02-01T00:16:07.000000;193f8368-125d-43b9-be66-4f129281ab45;368.0;1.42613284;UNKNOWN
2016-02-01T00:16:07.000000;2016-02-01T00:16:07.000000;6dbbf75e-74a6-4d90-a4fa-860402f6d230;367.98;10.0;UNKNOWN
2016-02-01T00:16:08.000000;2016-02-01T00:16:08.000000;b6db0304-932f-4903-8191-cc09a545bb98;367.44;0.14640479;UNKNOWN
2016-02-01T00:16:12.000000;2016-02-01T00:16:12.000000;4a519179-4f03-4bba-b71a-538cda45bc33;368.0;3.933;UNKNOWN
2016-02-01T00:16:13.000000;2016-02-01T00:16:13.000000;9f484926-2e7d-4b2b-bdca-383e8920ec08;367.49;0.73897747;UNKNOWN
2016-02-01T00:16:14.000000;2016-02-01T00:16:14.000000;4075e81e-502c-438c-bf0e-0f006bfe8313;368.0;3.78;UNKNOWN
2016-02-01T00:16:14.000000;2016-02-01T00:16:14.000000;69da877a-e8d3-49a5-b86d-3c97c68cb980;367.99;0.22;UNKNOWN
2016-02-01T00:16:17.000000;2016-02-01T00:16:17.000000;ea99be0c-7e6d-42f1-bae3-b2d64981fa86;367.51;0.14902284;UNKNOWN
2016-02-01T00:16:36.000000;2016-02-01T00:16:36.000000;29c8a89b-9eed-4216-b314-9190fa514ea2;367.48;0.082;UNKNOWN
2016-02-01T00:16:57.000000;2016-02-01T00:16:57.000000;24c8ecb8-8a0a-4e0f-ae42-554a382a67e7;366.89;0.76917809;UNKNOWN
2016-02-01T00:16:59.000000;2016-02-01T00:16:59.000000;690c0c06-4667-4ebb-a5e7-9ad7ab1daae2;366.89;0.16813602;UNKNOWN
2016-02-01T00:17:04.000000;2016-02-01T00:17:04.000000;2721f8be-51fa-4570-83ae-ac3c778cd395;366.91;0.71322156;UNKNOWN
2016-02-01T00:17:08.000000;2016-02-01T00:17:08.000000;dcd51294-c07d-4efa-86cf-bcd44187783b;366.93;0.15442175;UNKNOWN
2016-02-01T00:17:14.000000;2016-02-01T00:17:14.000000;eaa7e6ea-1758-4c43-a80e-1a6d73ee8cd5;366.96;0.75265067;UNKNOWN
2016-02-01T00:17:18.000000;2016-02-01T00:17:18.000000;196fc9a9-a7b0-4a5e-a7c8-91ec8e4a4f47;367.0;0.93;UNKNOWN
2016-02-01T00:17:18.000000;2016-02-01T00:17:18.000000;2aec52ee-b8fd-40e9-8b98-e7c0e1cd8795;366.97;0.07;UNKNOWN
2016-02-01T00:17:19.000000;2016-02-01T00:17:19.000000;aef20754-d37a-4594-a1d4-dace3e0db149;366.98;0.18002351;UNKNOWN
2016-02-01T00:17:23.000000;2016-02-01T00:17:23.000000;388baadf-bb2c-4e0f-908b-5ab14071c9c6;367.03;0.67299016;UNKNOWN
2016-02-01T00:17:27.000000;2016-02-01T00:17:27.000000;c5bcb64d-6821-4755-a22c-8d9c7b2de9b0;367.03;0.15108476;UNKNOWN
2016-02-01T00:17:33.000000;2016-02-01T00:17:33.000000;fa0cdf61-dddc-4a25-9ab5-7d11b347a18d;367.07;0.68642152;UNKNOWN
2016-02-01T00:17:37.000000;2016-02-01T00:17:37.000000;ff40b75d-f80d-48a4-9507-c2a13acb28e6;367.09;0.17713517;UNKNOWN
2016-02-01T00:17:43.000000;2016-02-01T00:17:43.000000;cc20717b-b616-4e13-ad6b-36d1b6a53d39;367.14;0.78106398;UNKNOWN
2016-02-01T00:17:47.000000;2016-02-01T00:17:47.000000;01c9377c-f404-4550-b286-be2fc8448842;367.16;0.16416945;UNKNOWN
2016-02-01T00:17:54.000000;2016-02-01T00:17:54.000000;78872d6f-50cd-4095-b85b-173ec5d286ba;367.21;0.81838214;UNKNOWN
2016-02-01T00:17:57.000000;2016-02-01T00:17:57.000000;9388de53-3b11-49d3-aaa9-ed829914f600;367.21;0.1869384;UNKNOWN
2016-02-01T00:18:03.000000;2016-02-01T00:18:03.000000;b0642d59-8422-4161-ba88-f7ed2c4fa0df;367.5;0.05;UNKNOWN
2016-02-01T00:18:05.000000;2016-02-01T00:18:05.000000;200b4b01-8e58-44a4-bd86-a4f64dacabdd;367.35;0.74261595;UNKNOWN
2016-02-01T00:18:07.000000;2016-02-01T00:18:07.000000;c8851f59-f038-434e-8e10-0020e8f832ec;367.35;0.18439756;UNKNOWN
2016-02-01T00:18:14.000000;2016-02-01T00:18:14.000000;9c713c65-9a23-44db-8809-b1d03433522a;367.35;0.78049018;UNKNOWN
2016-02-01T00:18:17.000000;2016-02-01T00:18:17.000000;6941a8e1-b0da-4121-86fc-45ee7cec9c4f;367.35;0.17703018;UNKNOWN
2016-02-01T00:18:27.000000;2016-02-01T00:18:27.000000;073345a4-0671-4821-859e-c446e0e7af44;367.06;19.51;UNKNOWN
2016-02-01T00:18:27.000000;2016-02-01T00:18:27.000000;684254fe-d558-4bf0-8c5f-4975a285fe83;367.05;4.26946001;UNKNOWN
2016-02-01T00:18:30.000000;2016-02-01T00:18:30.000000;77475257-d520-4d11-9380-c45e6df46722;367.0;1.0;UNKNOWN
2016-02-01T00:18:39.000000;2016-02-01T00:18:39.000000;2de58e6b-0203-4f1c-a9ee-0a54ac050fef;367.25;0.5;UNKNOWN
2016-02-01T00:18:39.000000;2016-02-01T00:18:39.000000;6499dec6-6c82-4033-b1e2-be07757923b6;367.26;3.0;UNKNOWN
2016-02-01T00:18:39.000000;2016-02-01T00:18:39.000000;49fdc864-ddbb-4e6c-ab9b-8488449e85ea;367.27;2.6491;UNKNOWN
2016-02-01T00:18:58.000000;2016-02-01T00:18:58.000000;eb068402-6e63-466e-9173-9f0b3e0853c2;367.01;0.83946126;UNKNOWN
2016-02-01T00:18:59.000000;2016-02-01T00:18:59.000000;95e16bbc-1042-42c0-b47d-dfb0d1eb5f8d;367.01;0.43047354;UNKNOWN
2016-02-01T00:19:03.000000;2016-02-01T00:19:03.000000;e604858e-bd0b-4cc1-8df2-af390c9e6321;367.04;1.02553506;UNKNOWN
2016-02-01T00:19:10.000000;2016-02-01T00:19:10.000000;d341b071-cdec-4174-8fd2-9617c27bb572;367.01;2.0;UNKNOWN
2016-02-01T00:19:17.000000;2016-02-01T00:19:17.000000;7df5016f-0e08-4dfa-822f-b3abf1753980;367.01;0.19867017;UNKNOWN
2016-02-01T00:19:22.000000;2016-02-01T00:19:22.000000;ce582d29-12ce-41a0-a9ac-e8868cc06d1c;367.18;0.07052966;UNKNOWN
2016-02-01T00:19:22.000000;2016-02-01T00:19:22.000000;40a46f24-0491-4e3a-92ed-0e099bb17d6b;367.04;0.88976437;UNKNOWN
2016-02-01T00:19:22.000000;2016-02-01T00:19:22.000000;c3a95c47-f8f7-4811-a218-d23ee6a91e62;367.17;6.7475;UNKNOWN
2016-02-01T00:19:27.000000;2016-02-01T00:19:27.000000;c523d645-3f8a-4fdd-aa00-91266e281dd1;367.02;0.467008;UNKNOWN
2016-02-01T00:19:27.000000;2016-02-01T00:19:27.000000;fd0de2a1-4749-40c4-8716-fb471fd1a924;367.02;0.5;UNKNOWN
2016-02-01T00:19:34.000000;2016-02-01T00:19:34.000000;813ccb37-076a-4ba8-b02f-0d6747aab2ec;367.01;0.44462268;UNKNOWN
2016-02-01T00:19:34.000000;2016-02-01T00:19:34.000000;f1d34a9b-7d08-4703-9f73-8518817ec6a8;367.02;0.5;UNKNOWN
2016-02-01T00:19:34.000000;2016-02-01T00:19:34.000000;181d39a5-3349-4969-96dc-34d9b8f60d8d;367.05;2.0;UNKNOWN
2016-02-01T00:19:38.000000;2016-02-01T00:19:38.000000;968ce4ce-615f-4378-8a15-caad4ec59ac6;366.52;15.0;UNKNOWN
2016-02-01T00:19:38.000000;2016-02-01T00:19:38.000000;f17919ba-6962-490f-9994-a680ee1b5e04;366.59;2.68089327;UNKNOWN
2016-02-01T00:19:38.000000;2016-02-01T00:19:38.000000;14f8cd26-83db-40fc-b927-5de685ba6578;366.5;2.68089327;UNKNOWN
2016-02-01T00:19:38.000000;2016-02-01T00:19:38.000000;42c20160-6b3f-4380-b601-0ddda27311ea;366.67;2.68089327;UNKNOWN
2016-02-01T00:19:38.000000;2016-02-01T00:19:38.000000;726307ff-8369-4c94-b645-1e81f46c0bc1;367.0;24.0;UNKNOWN
2016-02-01T00:19:39.000000;2016-02-01T00:19:39.000000;dcd83ee9-d864-4f83-8b4e-9b128b30dcc9;366.5;2.67884649;UNKNOWN
2016-02-01T00:19:42.000000;2016-02-01T00:19:42.000000;0c3ef45d-5e7c-4c36-a523-c201fefc9796;366.48;2.67884649;UNKNOWN
2016-02-01T00:19:46.000000;2016-02-01T00:19:46.000000;6a022f93-92fa-41ce-a7de-cf80fc9c515a;366.48;2.67877473;UNKNOWN
2016-02-01T00:19:50.000000;2016-02-01T00:19:50.000000;090c9c8b-75b6-4ec9-af94-3aece691a4b3;366.23;2.25523764;UNKNOWN
2016-02-01T00:19:50.000000;2016-02-01T00:19:50.000000;aface74c-8f50-4eb7-b1e5-2da7a057c42c;366.29;2.68092921;UNKNOWN
2016-02-01T00:19:50.000000;2016-02-01T00:19:50.000000;585a1dc4-be41-4168-9590-c524f84d564a;366.25;0.1;UNKNOWN
2016-02-01T00:19:50.000000;2016-02-01T00:19:50.000000;0775c7a6-14cc-48a5-bed8-002542e00543;366.31;6.8032;UNKNOWN
2016-02-01T00:19:50.000000;2016-02-01T00:19:50.000000;c372e04f-fa9c-4d76-845e-108968e92c06;366.28;0.12;UNKNOWN
2016-02-01T00:19:50.000000;2016-02-01T00:19:50.000000;c18bd69e-181a-4ef5-b4d0-6736847ac60e;366.37;2.68092921;UNKNOWN
2016-02-01T00:19:50.000000;2016-02-01T00:19:50.000000;d8bc5489-0d12-44db-a285-c77022ea52d7;366.44;2.68092921;UNKNOWN
2016-02-01T00:19:50.000000;2016-02-01T00:19:50.000000;9cc6e560-713e-481e-9e8d-e6e791b95e8c;366.44;2.67877473;UNKNOWN
2016-02-01T00:19:59.000000;2016-02-01T00:19:59.000000;3476ec99-fc93-4379-87f7-3da45b7c244e;365.5;1.31920656;UNKNOWN
2016-02-01T00:19:59.000000;2016-02-01T00:19:59.000000;5aa04198-a412-4b05-b46c-fd4dfebf0c74;365.51;20.0;UNKNOWN
2016-02-01T00:19:59.000000;2016-02-01T00:19:59.000000;1980e11f-68fe-4db0-9de2-c36414790d61;365.73;12.0;UNKNOWN
2016-02-01T00:19:59.000000;2016-02-01T00:19:59.000000;1a42ad4f-87be-4559-b3d4-a266a68d9615;365.5;0.1;UNKNOWN
2016-02-01T00:19:59.000000;2016-02-01T00:19:59.000000;06d43fee-99d1-4640-b3d0-b60c01ce7185;366.0;2.0;UNKNOWN
2016-02-01T00:19:59.000000;2016-02-01T00:19:59.000000;8b744c4b-687a-4c2d-9738-d3de7e67352e;366.11;2.0;UNKNOWN
2016-02-01T00:19:59.000000;2016-02-01T00:19:59.000000;f8ca83ce-9075-442d-9453-a6cce5578d7c;365.72;25.1254;UNKNOWN
2016-02-01T00:19:59.000000;2016-02-01T00:19:59.000000;305e96fb-97c5-49f5-ba52-f58d7f42931a;365.56;2.5;UNKNOWN
2016-02-01T00:19:59.000000;2016-02-01T00:19:59.000000;63581282-5e9f-4f5f-92b4-a2861615ec9e;365.54;12.0;UNKNOWN
2016-02-01T00:19:59.000000;2016-02-01T00:19:59.000000;79ac5bf0-bd33-4383-a8a8-49ae2b5db0dc;365.5;45.87437387;UNKNOWN
2016-02-01T00:19:59.000000;2016-02-01T00:19:59.000000;8a28c2ac-b3f5-4621-8baa-2809c39a6d5e;365.83;2.0;UNKNOWN
2016-02-01T00:19:59.000000;2016-02-01T00:19:59.000000;69fce75a-73d6-43cb-a3b2-7b6246c1aa2f;365.73;6.0;UNKNOWN
2016-02-01T00:19:59.000000;2016-02-01T00:19:59.000000;73c8f7bc-029e-42b1-85a5-d73cb297844f;365.85;3.0;UNKNOWN
2016-02-01T00:19:59.000000;2016-02-01T00:19:59.000000;3740ffa2-2b42-4596-8090-02548b89a8e5;366.07;0.65;UNKNOWN
2016-02-01T00:19:59.000000;2016-02-01T00:19:59.000000;40bd746d-e4d6-4eb6-bce5-6d0c0cd08faa;366.23;0.24476236;UNKNOWN
2016-02-01T00:20:00.000000;2016-02-01T00:20:00.000000;9069027b-01c1-4c87-afb3-fb909ac8e72a;365.5;2.68279923;UNKNOWN
2016-02-01T00:20:00.000000;2016-02-01T00:20:00.000000;2417a4d0-0e58-4a57-b89c-764a004f93a5;365.5;0.04;UNKNOWN
2016-02-01T00:20:05.000000;2016-02-01T00:20:05.000000;5ccae45f-472e-4c09-87e7-3e6aaf099cfd;365.5;0.79712906;UNKNOWN
2016-02-01T00:20:05.000000;2016-02-01T00:20:05.000000;559a2ea0-c757-4906-b6c2-c07742bb609c;365.5;2.6829072;UNKNOWN
2016-02-01T00:20:07.000000;2016-02-01T00:20:07.000000;eb031567-c7bc-408a-bb85-7936d6a5b66c;365.38;0.03918021;UNKNOWN
2016-02-01T00:20:12.000000;2016-02-01T00:20:12.000000;f202e110-ddb5-4a6d-b793-a6e72c726a02;365.4;0.02;UNKNOWN
2016-02-01T00:20:18.000000;2016-02-01T00:20:18.000000;d16ef440-ab1f-4a54-ba0a-4ce8b556e556;365.44;1.75753374;UNKNOWN
2016-02-01T00:20:23.000000;2016-02-01T00:20:23.000000;34b5b106-4511-4aa4-b5de-6f47b0c3b844;365.5;8.98342172;UNKNOWN
2016-02-01T00:20:24.000000;2016-02-01T00:20:24.000000;553b59ad-1a0d-42ae-b17c-700b14476e13;365.5;2.18048845;UNKNOWN
2016-02-01T00:20:49.000000;2016-02-01T00:20:49.000000;e4dd9e00-11c6-4c97-b54c-66414e0f3041;366.26;3.0;UNKNOWN
2016-02-01T00:20:49.000000;2016-02-01T00:20:49.000000;d1b1a7db-9595-4d1a-b866-5a1390aa28af;366.29;1.3295;UNKNOWN
2016-02-01T00:20:49.000000;2016-02-01T00:20:49.000000;66cf36c2-bc35-4991-84ff-703bd941e2e6;366.25;0.5;UNKNOWN
2016-02-01T00:21:03.000000;2016-02-01T00:21:03.000000;7ff7f7ff-f591-4879-bd59-4ac6fa73f9b3;365.86;0.03;UNKNOWN
2016-02-01T00:21:04.000000;2016-02-01T00:21:04.000000;3242c918-4b02-4346-8459-65617b9ab297;366.24;7.087942;UNKNOWN
2016-02-01T00:21:04.000000;2016-02-01T00:21:04.000000;3aa55353-8705-49b3-bc00-94367a5bb885;366.23;6.7803;UNKNOWN
2016-02-01T00:21:04.000000;2016-02-01T00:21:04.000000;9d6df75b-a96e-458b-b896-530ff1b9c8ed;366.22;6.731758;UNKNOWN
2016-02-01T00:21:32.000000;2016-02-01T00:21:32.000000;d4bce64a-3fd3-4d47-ad1b-35a9a4fc7c23;365.91;3.341911;UNKNOWN
2016-02-01T00:21:32.000000;2016-02-01T00:21:32.000000;aa64ebee-7c1b-43f6-a480-528c8a801004;365.82;6.7746;UNKNOWN
2016-02-01T00:21:32.000000;2016-02-01T00:21:32.000000;b1e4b275-4947-4639-b71c-255d80d40514;365.81;0.435123;UNKNOWN
2016-02-01T00:21:41.000000;2016-02-01T00:21:41.000000;2f6de91b-9375-4860-b7f5-d7c42ae41162;366.16;5.12;UNKNOWN
2016-02-01T00:21:49.000000;2016-02-01T00:21:49.000000;97c66e06-7064-48de-b9ad-413bfdf6181b;365.87;0.95;UNKNOWN
2016-02-01T00:21:56.000000;2016-02-01T00:21:56.000000;9111a1db-82b3-4e9c-9d39-5c75955f5ec7;366.22;6.7282;UNKNOWN
2016-02-01T00:22:29.000000;2016-02-01T00:22:29.000000;d687a12c-752e-4c82-9014-abd98335c000;366.5;2.68763018;UNKNOWN
2016-02-01T00:22:29.000000;2016-02-01T00:22:29.000000;4ae9acbc-43ed-45bd-9023-732ab6cbfe88;366.5;2.68763018;UNKNOWN
2016-02-01T00:22:29.000000;2016-02-01T00:22:29.000000;14960d46-d8da-4f67-ab0d-fd4bc13535a8;366.5;2.68763018;UNKNOWN
2016-02-01T00:22:29.000000;2016-02-01T00:22:29.000000;fbe9f022-c34d-4fc5-b000-bf0bb96a8f7c;366.5;2.68763018;UNKNOWN
2016-02-01T00:22:29.000000;2016-02-01T00:22:29.000000;59426f2a-c6a5-4c11-b6e3-925e78a19eaa;366.5;2.68542886;UNKNOWN
2016-02-01T00:22:42.000000;2016-02-01T00:22:42.000000;550be88c-f9f9-4e51-8454-87ae97627bdb;366.56;0.842;UNKNOWN
2016-02-01T00:23:00.000000;2016-02-01T00:23:00.000000;9cd803c3-77cc-4ee6-b756-63adf94ffb1a;366.51;0.923;UNKNOWN
2016-02-01T00:23:13.000000;2016-02-01T00:23:13.000000;3f89fff4-e65b-4699-8509-4623c7bcfd8f;365.93;0.032;UNKNOWN
2016-02-01T00:23:15.000000;2016-02-01T00:23:15.000000;ba716d73-b835-470a-9b6a-1d30eab0a54a;366.56;0.6;UNKNOWN
2016-02-01T00:24:06.000000;2016-02-01T00:24:06.000000;cf95f1a9-7b38-4463-9210-8fcf14e5e27d;366.37;6.8148;UNKNOWN
2016-02-01T00:24:06.000000;2016-02-01T00:24:06.000000;b6120369-2bf8-4d65-83d5-96ce71023ff4;366.35;2.6852;UNKNOWN
2016-02-01T00:24:06.000000;2016-02-01T00:24:06.000000;c00c6998-a650-4d93-ab9c-8a7ddea474db;366.36;0.5;UNKNOWN
2016-02-01T00:24:28.000000;2016-02-01T00:24:28.000000;0b97a75e-f544-4512-8e03-76ddbebc5bca;366.63;5.0;UNKNOWN
2016-02-01T00:24:37.000000;2016-02-01T00:24:37.000000;79516cfd-4d41-49b4-9ae7-040b5f52739f;366.61;0.5;UNKNOWN
2016-02-01T00:24:40.000000;2016-02-01T00:24:40.000000;8f27eed0-aa1b-4f61-b40b-97f245a82fba;366.61;10.99;UNKNOWN
2016-02-01T00:24:40.000000;2016-02-01T00:24:40.000000;edaf1545-111e-4a3b-82b6-f7f9c2918640;366.61;4.76366;UNKNOWN
2016-02-01T00:25:14.000000;2016-02-01T00:25:14.000000;6387603e-c7d5-4553-818a-b4e786265837;366.9;0.5;UNKNOWN
2016-02-01T00:25:20.000000;2016-02-01T00:25:20.000000;b46116be-ae93-451e-a9e0-e8e81825de14;366.98;2.58591;UNKNOWN
2016-02-01T00:25:20.000000;2016-02-01T00:25:20.000000;07559137-24c2-4e8d-8c24-5e1783f6a853;367.0;5.0;UNKNOWN
2016-02-01T00:25:24.000000;2016-02-01T00:25:24.000000;fc829f75-5ca2-40c8-bef4-1b72a1972b73;367.01;0.1;UNKNOWN
2016-02-01T00:25:26.000000;2016-02-01T00:25:26.000000;3e3f839a-035f-4ce7-aade-c3b8f8368500;367.01;22.44;UNKNOWN
2016-02-01T00:25:27.000000;2016-02-01T00:25:27.000000;8595b52a-032a-4752-81ef-ae0d907687a2;367.01;0.1;UNKNOWN
2016-02-01T00:25:27.000000;2016-02-01T00:25:27.000000;0b46ee53-c434-41ed-9c7c-386824cc5dd7;367.02;1.9;UNKNOWN
2016-02-01T00:25:32.000000;2016-02-01T00:25:32.000000;3ad6ee35-ad06-4680-b6d4-00f31581b0b6;367.0;0.07316106;UNKNOWN
2016-02-01T00:25:53.000000;2016-02-01T00:25:53.000000;2b6d4843-8c45-4156-89db-a3f15918e910;367.06;0.1;UNKNOWN
2016-02-01T00:26:01.000000;2016-02-01T00:26:01.000000;bd44b861-d105-4f75-b841-4eb53b356f1e;367.48;0.86111232;UNKNOWN
2016-02-01T00:26:09.000000;2016-02-01T00:26:09.000000;9975a2a6-bde5-42e2-8432-ab832039d2b4;367.34;1.52;UNKNOWN
2016-02-01T00:26:11.000000;2016-02-01T00:26:11.000000;7c835667-df90-4a69-9636-5a8e152077e8;367.34;11.81594958;UNKNOWN
2016-02-01T00:26:19.000000;2016-02-01T00:26:19.000000;52a08aca-315e-4080-a95e-c80ba1288341;366.74;0.5466399;UNKNOWN
2016-02-01T00:26:43.000000;2016-02-01T00:26:43.000000;083f0173-f813-4b62-935f-7caed2b022e5;366.7;17.753;UNKNOWN
2016-02-01T00:26:43.000000;2016-02-01T00:26:43.000000;07f479c3-5a20-4caa-b48c-616c152ed8ce;366.74;1.0424;UNKNOWN
2016-02-01T00:26:43.000000;2016-02-01T00:26:43.000000;6c3115b6-ab44-4fc4-a5de-20475d7c208f;366.78;6.7346;UNKNOWN
2016-02-01T00:26:43.000000;2016-02-01T00:26:43.000000;0c85e04f-faa7-4383-9137-203640dc2bd8;366.77;0.87;UNKNOWN
2016-02-01T00:26:43.000000;2016-02-01T00:26:43.000000;43954d63-b8be-434d-9340-07bddf159714;367.0;3.6;UNKNOWN
2016-02-01T00:26:50.000000;2016-02-01T00:26:50.000000;a0ea40f4-535d-49f8-8759-c4b22e82516a;367.09;2.68434757;UNKNOWN
2016-02-01T00:26:50.000000;2016-02-01T00:26:50.000000;31209a74-21d5-45b0-84ee-577e98119040;366.96;0.5;UNKNOWN
2016-02-01T00:26:50.000000;2016-02-01T00:26:50.000000;0cb77788-00de-47e3-8575-a18ba40f3041;366.99;2.68611413;UNKNOWN
2016-02-01T00:26:50.000000;2016-02-01T00:26:50.000000;d0e5b3ed-3314-4e5f-94a8-c1b431a90442;366.96;6.7578;UNKNOWN
2016-02-01T00:26:50.000000;2016-02-01T00:26:50.000000;9ca58fcd-01a9-4f57-a640-50656ad95e07;367.11;1.3717383;UNKNOWN
2016-02-01T00:26:53.000000;2016-02-01T00:26:53.000000;666f7ab8-58ae-4f14-ad12-9c6459f6f467;366.7;7.0;UNKNOWN
2016-02-01T00:27:30.000000;2016-02-01T00:27:30.000000;bc1ad3ec-545b-453a-af97-d74e8f467d14;367.33;0.5;UNKNOWN
2016-02-01T00:27:30.000000;2016-02-01T00:27:30.000000;8c602578-978b-4f6e-8d7b-72f2d80e3e3c;367.34;0.386;UNKNOWN
2016-02-01T00:27:44.000000;2016-02-01T00:27:44.000000;83c97a24-fe90-4d78-811c-e0472db8793e;367.33;0.04;UNKNOWN
2016-02-01T00:27:45.000000;2016-02-01T00:27:45.000000;86eeb569-070d-4ebb-b63e-a6627d53a07e;367.31;0.014;UNKNOWN
2016-02-01T00:28:07.000000;2016-02-01T00:28:07.000000;e63e197b-ff0e-48a7-bc0d-c87be4fdf489;367.31;0.223;UNKNOWN
2016-02-01T00:28:36.000000;2016-02-01T00:28:36.000000;55a12cfe-5dc4-49f2-a281-176e4b2ab655;367.31;1.45;UNKNOWN
2016-02-01T00:28:44.000000;2016-02-01T00:28:44.000000;d96fde04-6068-4430-900c-fb061d8750b7;367.3;0.056;UNKNOWN
2016-02-01T00:29:00.000000;2016-02-01T00:29:00.000000;44583773-b9cd-4c68-9d1b-44c0a7eb6067;367.32;0.04;UNKNOWN
2016-02-01T00:30:58.000000;2016-02-01T00:30:58.000000;5b87f857-844b-41ec-b58a-8f6b13dec53f;367.21;2.911;UNKNOWN
2016-02-01T00:31:04.000000;2016-02-01T00:31:04.000000;90192fc5-9c2d-424d-b61e-c6a84c205ac8;367.2;0.05;UNKNOWN
2016-02-01T00:32:06.000000;2016-02-01T00:32:06.000000;dfb40b77-eac0-49ef-a80e-f3e65e9e184a;366.6;0.04;UNKNOWN
2016-02-01T00:32:06.000000;2016-02-01T00:32:06.000000;abccd8e4-32a4-40ae-9ca0-1a2425b451be;366.7;0.5;UNKNOWN
2016-02-01T00:32:06.000000;2016-02-01T00:32:06.000000;6231b914-1ce9-4280-8335-5ff1777aaa32;366.36;0.48679794;UNKNOWN
2016-02-01T00:32:06.000000;2016-02-01T00:32:06.000000;3be936a4-a354-4bb0-ba15-37845d459e05;366.37;0.5;UNKNOWN
2016-02-01T00:32:07.000000;2016-02-01T00:32:07.000000;c7ac04e5-62b6-489b-8414-57aae09270ed;366.2;1.0;UNKNOWN
2016-02-01T00:32:07.000000;2016-02-01T00:32:07.000000;c04f47e9-709d-4bff-8056-a34daea94ce4;366.0;50.0;UNKNOWN
2016-02-01T00:32:07.000000;2016-02-01T00:32:07.000000;9a8ef204-801b-409b-b053-1e3f6bba375e;366.36;2.51320206;UNKNOWN
2016-02-01T00:32:07.000000;2016-02-01T00:32:07.000000;cd46264d-67b2-4bf4-9152-0b7831e4b6d6;366.35;6.789;UNKNOWN
2016-02-01T00:32:07.000000;2016-02-01T00:32:07.000000;ce5d32b6-afb5-46bb-92c4-f8d5c070eed9;366.06;16.9392;UNKNOWN
2016-02-01T00:32:07.000000;2016-02-01T00:32:07.000000;c0643d2a-fdab-43b9-b4ed-bdb43e3add43;366.38;0.1;UNKNOWN
2016-02-01T00:32:07.000000;2016-02-01T00:32:07.000000;6c8a2721-1564-4855-ac36-24f156c1cfd0;366.36;6.0;UNKNOWN
2016-02-01T00:32:07.000000;2016-02-01T00:32:07.000000;b3f30799-fb52-45af-8cb5-0b676d279792;366.3;23.3871;UNKNOWN
2016-02-01T00:32:07.000000;2016-02-01T00:32:07.000000;8cad70d8-ab35-435e-ae67-892a37bce1db;366.0;0.1;UNKNOWN
2016-02-01T00:32:45.000000;2016-02-01T00:32:45.000000;03cd5d5c-44f1-4a79-a428-34cb5e14479f;366.0;0.02;UNKNOWN
2016-02-01T00:32:45.000000;2016-02-01T00:32:45.000000;513e35c2-ff53-4616-9cb5-dc8e123d8c9e;366.42;6.8276;UNKNOWN
2016-02-01T00:32:45.000000;2016-02-01T00:32:45.000000;89104cc7-3313-4d15-bd2c-320014e72a19;366.0;43.15149794;UNKNOWN
2016-02-01T00:33:06.000000;2016-02-01T00:33:06.000000;8220c05c-e5bf-4351-aad9-efca88ab971b;366.51;0.08011851;UNKNOWN
2016-02-01T00:33:26.000000;2016-02-01T00:33:26.000000;3c428a3b-645d-4581-ac4d-fc09e3fd0a28;366.5;0.3;UNKNOWN
2016-02-01T00:33:26.000000;2016-02-01T00:33:26.000000;539c0fb8-233b-4900-8b28-4656ed89c09c;366.5;0.02090206;UNKNOWN
2016-02-01T00:33:26.000000;2016-02-01T00:33:26.000000;026dd9fc-2ffd-46ce-aaf1-96672d4a0813;366.08;1.67909794;UNKNOWN
2016-02-01T00:33:41.000000;2016-02-01T00:33:41.000000;eb5fc862-d5e6-433a-ad6b-24b262801bac;366.0;50.0;UNKNOWN
2016-02-01T00:33:41.000000;2016-02-01T00:33:41.000000;90111e46-fe96-4803-89b6-4349511bf5b0;366.1;0.08;UNKNOWN
2016-02-01T00:33:41.000000;2016-02-01T00:33:41.000000;d350585f-09d6-4472-b6bb-d4c59f170273;365.92;1.431;UNKNOWN
2016-02-01T00:33:41.000000;2016-02-01T00:33:41.000000;f9fc5a5e-af71-4302-b4bf-9ef9cf7db645;366.03;0.25;UNKNOWN
2016-02-01T00:33:41.000000;2016-02-01T00:33:41.000000;d4597ae3-e870-4900-9dc6-206805924b0a;366.04;1.0;UNKNOWN
2016-02-01T00:33:42.000000;2016-02-01T00:33:42.000000;10562418-e707-473b-b2b5-abeb059e0449;365.92;0.14953426;UNKNOWN
2016-02-01T00:33:42.000000;2016-02-01T00:33:42.000000;04bc2cec-42ae-4804-a5e4-f97e3002469d;366.0;6.7904;UNKNOWN
2016-02-01T00:34:21.000000;2016-02-01T00:34:21.000000;07d2387c-088b-4b3b-815b-7ec1692575dd;365.99;0.2;UNKNOWN
2016-02-01T00:34:57.000000;2016-02-01T00:34:57.000000;fe64c2fe-e80a-4e9e-bd40-901c52e882f2;365.99;0.5557;UNKNOWN
2016-02-01T00:35:05.000000;2016-02-01T00:35:05.000000;05533872-95b4-460f-a29b-c28a0a62e88a;365.99;0.5;UNKNOWN
2016-02-01T00:35:18.000000;2016-02-01T00:35:18.000000;527b0e3b-5777-45a6-a319-bc696c382a8d;365.99;0.02;UNKNOWN
2016-02-01T00:36:19.000000;2016-02-01T00:36:19.000000;ebb3865b-4d58-432f-b788-3e57d09f8113;365.99;0.113524;UNKNOWN
2016-02-01T00:37:18.000000;2016-02-01T00:37:18.000000;b7e53134-2236-4a9b-991a-e3bfa53b379a;365.99;0.165;UNKNOWN
2016-02-01T00:37:26.000000;2016-02-01T00:37:26.000000;37bd4d72-91a7-4213-9a77-25446a5c0aed;365.87;1.7;UNKNOWN
2016-02-01T00:37:26.000000;2016-02-01T00:37:26.000000;8f059337-7f3d-44c4-956a-39fd82a751e6;365.98;0.3;UNKNOWN
2016-02-01T00:37:30.000000;2016-02-01T00:37:30.000000;4ba07ca7-0dab-422e-92b0-8acd45d681a1;365.87;5.21712791;UNKNOWN
2016-02-01T00:38:05.000000;2016-02-01T00:38:05.000000;ab0ee12e-9b6d-44b2-90b1-55496bed7dd1;365.89;0.8034626;UNKNOWN
2016-02-01T00:38:07.000000;2016-02-01T00:38:07.000000;5a0f1c53-e945-4070-8fa5-ac9df4ac47a6;365.89;7.99774473;UNKNOWN
2016-02-01T00:38:24.000000;2016-02-01T00:38:24.000000;791b566a-1f89-4de4-8cda-3d175a552972;365.89;3.0;UNKNOWN
2016-02-01T00:39:05.000000;2016-02-01T00:39:05.000000;b2e815c3-f0a7-4ade-b191-01388a933cbe;365.89;6.3979;UNKNOWN
2016-02-01T00:40:01.000000;2016-02-01T00:40:01.000000;0e1f1a9c-454d-4f44-b898-23f9910ae54c;365.89;0.501;UNKNOWN
2016-02-01T00:40:02.000000;2016-02-01T00:40:02.000000;522dcdf2-7400-4234-a5e4-731e5b4fbee6;365.88;14.64;UNKNOWN
2016-02-01T00:40:02.000000;2016-02-01T00:40:02.000000;528b7ee9-2d0b-42a5-a2b1-104388e04035;365.88;6.813;UNKNOWN
2016-02-01T00:40:02.000000;2016-02-01T00:40:02.000000;134c7acb-225e-4c93-809d-33e87ae37f81;365.83;21.7819;UNKNOWN
2016-02-01T00:40:02.000000;2016-02-01T00:40:02.000000;4c91887b-a0b9-4830-8d51-39deb080a515;365.88;25.0;UNKNOWN
2016-02-01T00:40:02.000000;2016-02-01T00:40:02.000000;0504ac66-673e-463e-b998-0a7c42a20377;365.88;0.3;UNKNOWN
2016-02-01T00:40:02.000000;2016-02-01T00:40:02.000000;b5726fb5-b6e0-49a8-9dcd-6c20e08bacd5;365.84;5.36;UNKNOWN
2016-02-01T00:40:02.000000;2016-02-01T00:40:02.000000;a60ae101-4034-4afd-ad61-e82b3c1f8832;365.51;10.0;UNKNOWN
2016-02-01T00:40:02.000000;2016-02-01T00:40:02.000000;c4db3512-f567-404c-b0f9-098f6b924b5a;365.74;2.68535675;UNKNOWN
2016-02-01T00:40:02.000000;2016-02-01T00:40:02.000000;8043c7b3-8d80-4bc0-9128-8965d97eb134;365.81;0.04;UNKNOWN
2016-02-01T00:40:02.000000;2016-02-01T00:40:02.000000;471da8cb-5081-4a53-a267-262fbcfd5069;365.87;2.88287209;UNKNOWN
2016-02-01T00:40:02.000000;2016-02-01T00:40:02.000000;bec26e69-4912-4d57-834a-bdab4ec193df;365.83;0.1;UNKNOWN
2016-02-01T00:40:02.000000;2016-02-01T00:40:02.000000;4cd896c7-cbb6-492f-bcf5-f4cbae51f71a;365.5;23.72575091;UNKNOWN
2016-02-01T00:40:02.000000;2016-02-01T00:40:02.000000;0d525e0d-a5f7-4a75-98a7-ef57fc5efc89;365.65;0.1;UNKNOWN
2016-02-01T00:40:02.000000;2016-02-01T00:40:02.000000;2dae7250-9d6d-4209-9eb4-65f4ff473fe6;365.8;15.0;UNKNOWN
2016-02-01T00:40:02.000000;2016-02-01T00:40:02.000000;18235b4c-13f5-4f43-8f25-067879685515;365.71;0.1;UNKNOWN
2016-02-01T00:40:02.000000;2016-02-01T00:40:02.000000;a363fb44-5fce-4c36-aa2d-1bfb93430acb;365.71;0.03555;UNKNOWN
2016-02-01T00:40:02.000000;2016-02-01T00:40:02.000000;98229195-102e-44e7-8412-e0f673c4ea43;365.67;2.68535675;UNKNOWN
2016-02-01T00:40:02.000000;2016-02-01T00:40:02.000000;aed2c779-ea4b-47de-a4b5-047e5b8264b6;365.61;13.3795;UNKNOWN
2016-02-01T00:40:02.000000;2016-02-01T00:40:02.000000;c2a671fd-45c9-420a-8ee4-e5cd7a752d3f;365.53;2.68535675;UNKNOWN
2016-02-01T00:40:02.000000;2016-02-01T00:40:02.000000;f32591e5-439f-46fc-8208-94d5439c1dff;365.6;2.68535675;UNKNOWN
2016-02-01T00:40:58.000000;2016-02-01T00:40:58.000000;fc3f0cdd-1c8e-44cd-8fab-f00f04d01b5a;365.99;0.5;UNKNOWN
2016-02-01T00:40:58.000000;2016-02-01T00:40:58.000000;e0ca56b9-ea3d-4cc8-ab45-cd5d1ea53e15;365.99;0.2;UNKNOWN
2016-02-01T00:40:59.000000;2016-02-01T00:40:59.000000;e6fc3272-ff96-4e82-b6f1-4c56863b53a3;365.98;0.05;UNKNOWN
2016-02-01T00:40:59.000000;2016-02-01T00:40:59.000000;0b777835-9a5d-4be0-a92c-5079a4481986;365.77;0.004;UNKNOWN
2016-02-01T00:40:59.000000;2016-02-01T00:40:59.000000;ffa55de8-ef0a-4930-a941-468872aa866c;365.98;0.25;UNKNOWN
2016-02-01T00:41:00.000000;2016-02-01T00:41:00.000000;8f482c14-aa82-4d82-b688-a1d142f075db;365.63;0.46;UNKNOWN
2016-02-01T00:41:00.000000;2016-02-01T00:41:00.000000;67f10677-9f5a-47c2-8b34-f2b278893f05;365.69;0.04;UNKNOWN
2016-02-01T00:41:00.000000;2016-02-01T00:41:00.000000;4c4f0e38-1935-4728-8f33-1fad16365030;365.77;0.44;UNKNOWN
2016-02-01T00:41:00.000000;2016-02-01T00:41:00.000000;00f98132-1452-44fc-aa05-8bffa9c60adc;365.63;0.2;UNKNOWN
2016-02-01T00:41:00.000000;2016-02-01T00:41:00.000000;add232ec-6d03-4e1e-af85-731d9f6fc434;365.64;0.5;UNKNOWN
2016-02-01T00:41:01.000000;2016-02-01T00:41:01.000000;cf0db07f-0b32-42eb-a07e-9b628d977f52;365.64;0.59277323;UNKNOWN
2016-02-01T00:41:01.000000;2016-02-01T00:41:01.000000;d9e3b26b-ba35-4bf5-9918-4e931c11f752;365.99;0.012;UNKNOWN
2016-02-01T00:41:02.000000;2016-02-01T00:41:02.000000;72241466-7cb1-4450-8cee-8ae7bdb7608e;365.61;0.12;UNKNOWN
2016-02-01T00:41:02.000000;2016-02-01T00:41:02.000000;29f4418b-9120-4e9c-abab-e98d62f82222;365.64;0.12;UNKNOWN
2016-02-01T00:41:02.000000;2016-02-01T00:41:02.000000;ad2af08b-ea2c-48a4-a16f-e1bc3556253c;365.64;0.88;UNKNOWN
2016-02-01T00:41:05.000000;2016-02-01T00:41:05.000000;bcd0368f-7ddd-47ba-902e-0133dab4d8d9;365.61;0.01;UNKNOWN
2016-02-01T00:41:08.000000;2016-02-01T00:41:08.000000;437066d4-1d1d-4279-ab73-16b4e1f5c637;365.61;0.02;UNKNOWN
2016-02-01T00:41:09.000000;2016-02-01T00:41:09.000000;b86ec6b0-f7a3-4ffa-8ef5-f0b728f3e5ba;365.98;0.0340909;UNKNOWN
2016-02-01T00:41:09.000000;2016-02-01T00:41:09.000000;25714025-67a4-4020-a2f1-ddf8bd4c26bb;365.61;0.01;UNKNOWN
2016-02-01T00:41:09.000000;2016-02-01T00:41:09.000000;fda97697-a89c-4812-bf73-ad277071ac22;365.61;0.1;UNKNOWN
2016-02-01T00:41:10.000000;2016-02-01T00:41:10.000000;03a61dbd-0141-43a3-a458-53773c517e51;365.98;0.5040909;UNKNOWN
2016-02-01T00:41:10.000000;2016-02-01T00:41:10.000000;8bf4eb7c-1d28-47a0-9886-f873de224ed4;365.98;0.4659091;UNKNOWN
2016-02-01T00:41:10.000000;2016-02-01T00:41:10.000000;02ba72a9-2fb8-4054-99a3-76ca61c693ac;365.98;0.03;UNKNOWN
