time_exchange;time_coinpai;guid;price;base_amount;taker_side
2016-04-29T00:09:09.000000;2016-04-29T00:09:09.855853;4b2c02b5-61e1-4238-92d0-0bedf30dd81f;7.165;1.3098;SELL
2016-04-29T00:09:09.000000;2016-04-29T00:09:09.855853;ab012713-dfb7-4188-815a-6ef73910981f;7.165;1.3098;SELL
2016-04-29T00:09:09.000000;2016-04-29T00:09:09.861849;bae73e06-a396-4482-aab4-6675fa4bee4c;7.164;7.0;SELL
2016-04-29T00:09:09.000000;2016-04-29T00:09:09.907855;bf3d1ce7-7263-4ce7-88df-0fd691c91add;7.163;41.6902;SELL
2016-04-29T00:13:55.000000;2016-04-29T00:13:55.344409;f7c31701-2e7d-49fc-a400-77520814a445;7.2335;7.0;BUY
2016-04-29T00:20:06.000000;2016-04-29T00:20:06.845018;77c6c77c-a99e-4ba8-965a-59d7720c7104;7.2335;3.43279376;SELL
2016-04-29T00:20:54.000000;2016-04-29T00:20:54.382750;86620895-7bf7-4169-ad4c-2c38976ae57a;7.2335;34.56720624;SELL
2016-04-29T00:21:07.000000;2016-04-29T00:21:07.837095;54e53f7c-4439-4d40-ba7d-ed107e306f45;7.228;74.2641;BUY
2016-04-29T00:34:50.000000;2016-04-29T00:34:50.532612;efdc2102-9d29-450c-b072-a8e1a16b9de0;7.21;33.90734152;BUY
2016-04-29T00:47:30.000000;2016-04-29T00:47:30.159539;c043b3af-62bb-4a22-80e3-a90fa83dc99c;7.21;66.09265848;SELL
2016-04-29T00:59:01.000000;2016-04-29T00:59:01.117053;64fa85ea-806d-4f6b-85da-ecbf2a56aa8b;7.188;0.6;SELL
2016-04-29T00:59:01.000000;2016-04-29T00:59:01.119062;aa98b50f-dd0f-43ef-ac19-fc4ac76bd3f5;7.187;103.3219;SELL
2016-04-29T00:59:01.000000;2016-04-29T00:59:01.122011;eae18a9b-e0d9-4088-ba2f-17523c984c7b;7.187;5.10761353;SELL
2016-04-29T01:23:46.000000;2016-04-29T01:23:46.817484;6d221a78-6d55-46db-a5e7-7c17fc6b3d57;7.199;2.2;SELL
2016-04-29T01:23:47.000000;2016-04-29T01:23:47.264538;2d96b3cd-1748-4bde-b604-a0960ad5f5a8;7.199;0.4478936;BUY
2016-04-29T01:29:17.000000;2016-04-29T01:29:17.412493;9839568b-2946-4d15-8b46-6fd0f4980fe1;7.229;2.8;BUY
2016-04-29T01:29:17.000000;2016-04-29T01:29:17.413494;1aa4ea06-d585-4958-81cc-971af71dc819;7.23;12.56;BUY
2016-04-29T01:37:20.000000;2016-04-29T01:37:20.435657;ae5a75eb-a0dc-4f06-8ca7-ae8244435341;7.23;1.00200401;BUY
2016-04-29T01:37:32.000000;2016-04-29T01:37:32.683889;92a643a5-98d6-4f3d-9742-7340f12cc0df;7.23;12.9131974;BUY
2016-04-29T01:37:55.000000;2016-04-29T01:37:55.867205;a8000812-371f-4b4a-8322-4a5dcae3b6c8;7.23;27.5;BUY
2016-04-29T01:38:24.000000;2016-04-29T01:38:24.162061;4fc1fa0e-7a08-4add-ad65-6eb414469419;7.23;11.45759235;BUY
2016-04-29T01:38:24.000000;2016-04-29T01:38:24.857140;ab01ff88-dbaa-4326-a631-a25f55c55151;7.233;14.74240765;SELL
2016-04-29T01:51:11.000000;2016-04-29T01:51:11.606607;45e0fea6-4f6b-455e-a42e-bab9087a3587;7.222;8.39075388;SELL
2016-04-29T01:51:20.000000;2016-04-29T01:51:21.004505;6288776f-2b10-42e1-844d-7f22d2112001;7.2345;8.4100704;BUY
2016-04-29T01:51:23.000000;2016-04-29T01:51:23.697800;a9207d61-1e3d-41be-b9fc-d5e23194ab86;7.2347;0.62492188;BUY
2016-04-29T01:51:23.000000;2016-04-29T01:51:23.704815;6e7be76f-3994-4445-bf33-018b8b954683;7.2347;0.10936561;BUY
2016-04-29T01:51:25.000000;2016-04-29T01:51:25.100911;97663796-5706-415e-aac7-f3e42c85f4b9;7.2347;0.51555627;BUY
2016-04-29T01:51:41.000000;2016-04-29T01:51:41.219533;5691e470-6a23-48f7-af1d-509b0b1d2cd2;7.24;0.3185;BUY
2016-04-29T01:51:43.000000;2016-04-29T01:51:43.185730;6e15033f-6b4f-4388-b4f8-62412e292e3f;7.24;5.09404077;BUY
2016-04-29T01:51:43.000000;2016-04-29T01:51:43.863800;98a97e06-84cb-438b-8f77-fd62dc60060d;7.24;8.91886028;BUY
2016-04-29T01:51:45.000000;2016-04-29T01:51:45.690995;7617beb5-a76b-4d50-881b-b78b93fb9736;7.24;5.66859895;BUY
2016-04-29T01:51:50.000000;2016-04-29T01:51:50.253426;e0244956-088c-4022-9f99-3e977668719c;7.2724;0.69402881;BUY
2016-04-29T01:51:50.000000;2016-04-29T01:51:50.269477;0f849f7d-eeec-4b02-b85a-a41ae73f73ee;7.2724;4.97457014;BUY
2016-04-29T01:51:50.000000;2016-04-29T01:51:50.816485;23a4b9c8-582a-4d6c-90e1-36c669e65968;7.2411;0.34631949;SELL
2016-04-29T01:55:25.000000;2016-04-29T01:55:27.061114;280d16b3-dc29-448c-84fd-651eafdfe14e;7.2574;3.25026133;SELL
2016-04-29T01:55:25.000000;2016-04-29T01:55:27.085156;65b528aa-9dcd-4043-abc0-4c149f44dc92;7.2574;4.77554098;SELL
2016-04-29T01:55:25.000000;2016-04-29T01:55:27.086112;8e11e891-8b9f-466c-b340-3c3d70199e87;7.2573;5.64077925;SELL
2016-04-29T01:55:25.000000;2016-04-29T01:55:27.117111;e22cffcd-931d-435f-b990-4d70b318be9b;7.2481;1.24984376;SELL
2016-04-29T01:55:25.000000;2016-04-29T01:55:27.117111;22f39bbb-89ab-4783-a4a8-3e59f3f181ef;7.2481;0.51555627;SELL
2016-04-29T01:55:25.000000;2016-04-29T01:55:27.117111;87c108b7-f2eb-4c2d-bc90-7f4f5b5b074d;7.2481;0.51555627;SELL
2016-04-29T01:55:25.000000;2016-04-29T01:55:27.117111;15966815-8dc5-434f-ab47-8003f224a58f;7.2481;0.51555627;SELL
2016-04-29T01:55:25.000000;2016-04-29T01:55:27.117111;4243a76f-00a2-4413-8c62-ba5bd052f2f8;7.2481;0.51555627;SELL
2016-04-29T01:55:25.000000;2016-04-29T01:55:27.117111;2ee35bd4-a389-48cf-8d74-033e4774ab79;7.2481;0.51555627;SELL
2016-04-29T01:55:25.000000;2016-04-29T01:55:27.118110;8d367dda-024d-4199-824f-aed3c3ee4af6;7.2461;8.4100704;SELL
2016-04-29T01:55:25.000000;2016-04-29T01:55:27.148191;ce7058a6-95b8-44d3-85e7-8843fbd7c844;7.223;101.9731;SELL
2016-04-29T01:55:25.000000;2016-04-29T01:55:27.148191;98b431a7-ecef-4133-b585-e4963ac7bd33;7.222;12.12262293;SELL
2016-04-29T02:18:49.000000;2016-04-29T02:18:49.727122;4ae129d5-45ef-415b-a9d4-bec632bccfee;7.27;5.9;SELL
2016-04-29T02:18:49.000000;2016-04-29T02:18:49.732142;0516b286-8d0d-4414-90c2-957ce2782cfe;7.269;102.5102;SELL
2016-04-29T02:18:49.000000;2016-04-29T02:18:49.737127;e3b8ee79-e528-4342-a834-104c5347f92f;7.2677;0.72331675;SELL
2016-04-29T02:22:07.000000;2016-04-29T02:22:07.531552;167a4b1d-81e7-4439-a195-a6c8ea5a02a3;7.2725;0.6240639;BUY
2016-04-29T02:23:05.000000;2016-04-29T02:23:05.843387;1b712cee-4a76-4c8f-b77a-a2b01b1ad3df;7.2733;5.89516361;BUY
2016-04-29T02:31:27.000000;2016-04-29T02:31:27.732560;adab1274-502b-43db-9c59-2534b88eeaf9;7.2743;6.32769732;BUY
2016-04-29T02:32:07.000000;2016-04-29T02:32:08.013590;acb09fff-d652-4a99-945b-bcebc6a69dfa;7.3099;0.85;BUY
2016-04-29T02:32:07.000000;2016-04-29T02:32:08.025585;685407f2-83c1-47f1-9283-d7e9ebc7bc32;7.328;299.15;BUY
2016-04-29T02:36:45.000000;2016-04-29T02:36:45.878692;c6e2838d-4bc8-4c0f-ad0e-f9d86c3edf6b;7.3393;6.61186188;BUY
2016-04-29T02:36:45.000000;2016-04-29T02:36:45.884686;55777d66-c123-45f0-b240-9154eb496a77;7.34;1.3084902;BUY
2016-04-29T02:37:23.000000;2016-04-29T02:37:23.173468;2f777933-9e11-48fc-bb7e-95140d058808;7.34;1.0;SELL
2016-04-29T02:37:51.000000;2016-04-29T02:37:51.149280;2f8eb8b7-f65c-4018-8444-18391629fa8a;7.34;1.0;SELL
2016-04-29T02:38:26.000000;2016-04-29T02:38:26.352744;69ef7437-b5c2-4973-a6e1-7a3a01023b10;7.34;0.07964792;SELL
2016-04-29T02:39:24.000000;2016-04-29T02:39:24.055498;2d6c4c98-4c39-418d-a56e-a30c57702053;7.34;0.92035208;BUY
2016-04-29T02:57:58.000000;2016-04-29T02:57:58.331070;6bd827bd-d2b2-4c47-ba84-47a2263621f9;7.376;80.0;BUY
2016-04-29T03:03:30.000000;2016-04-29T03:03:30.227306;979bd62a-3cf1-437a-bf6a-bb34d7ff8f1e;7.31;1.0;SELL
2016-04-29T03:09:58.000000;2016-04-29T03:09:58.929176;c3362e74-5501-4942-9456-89d59240fa78;7.37;20.0;BUY
2016-04-29T03:09:58.000000;2016-04-29T03:09:58.954179;a00003cf-2975-48af-be36-5cc76b534b52;7.37;67.7196;BUY
2016-04-29T03:13:13.000000;2016-04-29T03:13:13.778671;c7aa65e0-f0cb-405a-a4a2-78e8c79d565c;7.376;101.438;BUY
2016-04-29T03:13:36.000000;2016-04-29T03:13:37.021998;f4550646-66f0-464e-bb12-10197699ce04;7.376;10.15734628;SELL
2016-04-29T03:13:38.000000;2016-04-29T03:13:38.990195;771874b3-8d51-4dd7-8542-1cfee0a1d4db;7.376;10.15734628;SELL
2016-04-29T03:13:42.000000;2016-04-29T03:13:42.805563;185b9a96-7c8a-45e1-be7c-a418dd7a3de8;7.376;2.47869939;SELL
2016-04-29T03:22:57.000000;2016-04-29T03:22:57.240699;3e104c58-ed89-4f0c-80e7-677baa8f3855;7.376;3.33743929;SELL
2016-04-29T03:23:09.000000;2016-04-29T03:23:09.818931;483d482a-bb1e-4191-a02f-fbfb98d2b924;7.376;6.12356928;SELL
2016-04-29T03:23:14.000000;2016-04-29T03:23:14.622411;26a1cfed-9cc4-4ac3-b0f9-393a1c638b84;7.376;11.36105954;SELL
2016-04-29T03:25:57.000000;2016-04-29T03:25:57.767711;9e83701f-54e2-451e-9117-ba0feb926bbf;7.376;10.15734628;SELL
2016-04-29T03:25:59.000000;2016-04-29T03:25:59.683864;c0f159ed-94a8-4529-89d3-3891c43adabd;7.376;10.15672541;SELL
2016-04-29T03:25:59.000000;2016-04-29T03:25:59.860902;fab11a4a-0f34-4306-bffc-897be712b6fd;7.376;10.15734628;SELL
2016-04-29T03:25:59.000000;2016-04-29T03:25:59.860902;07775583-8638-414a-b209-13ba40d1acb6;7.376;10.15734609;SELL
2016-04-29T03:26:00.000000;2016-04-29T03:26:00.374980;557fefcc-0d82-4517-bf03-e06b35748469;7.376;1.48056783;SELL
2016-04-29T03:26:00.000000;2016-04-29T03:26:00.436004;ea731d94-b21b-4f91-a7a7-98abe380811c;7.376;10.1736306;SELL
2016-04-29T03:26:00.000000;2016-04-29T03:26:00.756980;2c93ee2a-363f-4799-8f70-2dcfbf6aa581;7.376;8.96929584;SELL
2016-04-29T03:26:00.000000;2016-04-29T03:26:00.825999;453a3121-299a-4323-9e27-97ae83f05eea;7.376;10.15672541;SELL
2016-04-29T03:26:00.000000;2016-04-29T03:26:00.864995;744984cb-d303-4481-b54d-c7032f827efa;7.376;11.36105954;SELL
2016-04-29T03:26:03.000000;2016-04-29T03:26:03.838299;5dd31b6a-810c-4a4a-9338-786a7eab3ede;7.376;10.15734628;SELL
2016-04-29T03:33:53.000000;2016-04-29T03:33:54.114308;0eb23945-da43-4da5-ae33-b1265deed178;7.376;10.16107305;SELL
2016-04-29T03:34:00.000000;2016-04-29T03:34:00.478940;ad71af1f-6209-4653-a4dc-ba2ce2e74e2c;7.376;1.85807733;SELL
2016-04-29T03:40:03.000000;2016-04-29T03:40:03.693222;f4820c90-2b36-4a21-80d6-b614c10736d7;7.364;3.71615466;SELL
2016-04-29T03:40:05.000000;2016-04-29T03:40:05.611263;64eb56b3-9ec1-4e08-9195-57f204db96a3;7.365;3.71615466;SELL
2016-04-29T03:50:34.000000;2016-04-29T03:50:34.066161;6191db39-8bb7-458c-8263-5fb6447a1724;7.339;15.33;SELL
2016-04-29T03:57:05.000000;2016-04-29T03:57:05.501312;111b8904-35c9-453e-a957-7b7398b74bf2;7.3899;10.16107305;BUY
2016-04-29T03:57:05.000000;2016-04-29T03:57:05.507317;0f7f13fb-a9b4-435d-b95d-d8253b8731d6;7.3899;1.22169248;BUY
2016-04-29T03:57:07.000000;2016-04-29T03:57:07.349492;d5439ebf-9793-4ec4-aec6-ca7f24da6b2e;7.337;0.63638485;SELL
2016-04-29T03:57:10.000000;2016-04-29T03:57:10.940905;9f156320-c8b3-4776-a3fc-736b0df49835;7.3899;1.85807733;BUY
2016-04-29T03:57:10.000000;2016-04-29T03:57:10.944852;94eba94a-c4ab-4f14-8cc1-ad125333a282;7.3899;9.5246882;BUY
2016-04-29T03:57:30.000000;2016-04-29T03:57:30.263788;938e15e8-252f-4087-adda-6fb67074f130;7.3899;1.32833989;BUY
2016-04-29T03:57:37.000000;2016-04-29T03:57:37.965593;509f82c1-6c65-482d-8549-d0f8a4bf220a;7.3899;4.06932434;BUY
2016-04-29T03:57:38.000000;2016-04-29T03:57:38.968655;5fd606ff-c36d-4db7-92ca-a8ff7d237615;7.3899;7.31450286;BUY
2016-04-29T03:57:41.000000;2016-04-29T03:57:41.560913;54666667-5086-4110-9610-c395d9166ce5;7.3899;11.38276553;BUY
2016-04-29T03:57:42.000000;2016-04-29T03:57:42.275973;608378b4-d6ac-484b-9c5d-ec769cd5e7bc;7.3899;11.38382719;BUY
2016-04-29T03:57:43.000000;2016-04-29T03:57:43.786134;a68afc62-09fa-4b66-abc1-a6862d987698;7.3899;3.75949599;BUY
2016-04-29T03:57:43.000000;2016-04-29T03:57:43.883137;e8e025df-7168-4191-b7e4-785b2ee77a7d;7.3899;4.08199445;BUY
2016-04-29T03:57:46.000000;2016-04-29T03:57:46.848441;7ea59b2f-21c5-4630-bfcc-d3d5d0f13f45;7.3899;4.21333751;BUY
2016-04-29T03:57:47.000000;2016-04-29T03:57:47.625599;ff8cfb8f-4422-4153-8d4b-b78dfc2a60ab;7.3899;4.08847378;BUY
2016-04-29T03:57:47.000000;2016-04-29T03:57:47.831541;22d93f26-e5c0-4cca-b630-d4a43b0d529a;7.3899;11.38382719;BUY
2016-04-29T03:57:48.000000;2016-04-29T03:57:48.292607;aeeaee84-4ddf-496d-a545-54c2a5c4a8a7;7.3899;8.60747851;BUY
2016-04-29T03:57:48.000000;2016-04-29T03:57:48.460590;1d7c79fb-a867-48ca-93b1-eb7d764b8ece;7.3899;11.38382719;BUY
2016-04-29T03:57:48.000000;2016-04-29T03:57:48.685616;7b4ee1e0-5572-47aa-932d-8b69dacfcb19;7.3899;0.15872606;BUY
2016-04-29T03:57:49.000000;2016-04-29T03:57:49.211680;c17b2642-fbca-4077-86b5-220498bf0169;7.3899;11.38382719;BUY
2016-04-29T03:57:49.000000;2016-04-29T03:57:49.223685;0c592e80-876b-4959-a563-4a1f706ad206;7.3899;2.85057029;BUY
2016-04-29T03:57:51.000000;2016-04-29T03:57:51.418887;95f2cc63-58b1-471c-8071-eea31d781baf;7.3899;2.03020817;BUY
2016-04-29T03:57:52.000000;2016-04-29T03:57:53.359118;45694725-941a-45e0-af7b-b10f3826a55d;7.3899;4.09467297;BUY
2016-04-29T03:57:58.000000;2016-04-29T03:57:58.586662;9a0e9647-9596-4771-a402-e7b727f731a0;7.3899;100.0;BUY
2016-04-29T03:58:02.000000;2016-04-29T03:58:02.958062;f7e03e1d-caa6-49c7-b09b-7d20a1598f8b;7.3899;7.05816015;BUY
2016-04-29T03:58:05.000000;2016-04-29T03:58:05.939344;9224fc23-a966-4530-a88c-6fc963740cd4;7.3899;7.23696695;BUY
2016-04-29T03:58:08.000000;2016-04-29T03:58:08.254615;baa8e139-e7c4-4961-ac51-78567e3954ee;7.39;7.23696695;BUY
2016-04-29T03:58:09.000000;2016-04-29T03:58:09.111660;f8752261-b700-437d-afc6-02ce93a0788c;7.39;12.75433875;BUY
2016-04-29T03:58:16.000000;2016-04-29T03:58:16.664424;a41ca096-a419-4ce3-8b5e-156df09ee23a;7.4;3.7192439;BUY
2016-04-29T03:58:17.000000;2016-04-29T03:58:17.277469;e8d11ac3-f144-4660-946e-711720c83266;7.4;33.16138054;BUY
2016-04-29T03:58:19.000000;2016-04-29T03:58:19.787734;c8488f61-e7a8-47b0-a62b-d837ed99eed0;7.4;3.7192439;BUY
2016-04-29T03:58:21.000000;2016-04-29T03:58:21.227867;27b9d64a-67b3-4693-977f-b7f9415032bc;7.4;29.95799502;BUY
2016-04-29T03:58:22.000000;2016-04-29T03:58:22.436002;a17e75bb-c188-41bb-bc0f-dbca75aebcb5;7.4;3.7192439;BUY
2016-04-29T03:58:25.000000;2016-04-29T03:58:25.671351;1ec3175d-c3d9-4a30-b097-28799badaa54;7.4;3.81168198;BUY
2016-04-29T03:58:28.000000;2016-04-29T03:58:28.266588;4f3741c2-df5d-456c-888f-0e260e22cab9;7.4;3.7129921;BUY
2016-04-29T03:58:31.000000;2016-04-29T03:58:31.499892;e2f3b741-a8da-4868-8b51-8ae5604c49ab;7.4;3.76475098;BUY
2016-04-29T03:58:34.000000;2016-04-29T03:58:34.922247;3202bc86-1e1d-4eab-846a-ad7f4c0fe55b;7.4;3.7661731;BUY
2016-04-29T03:58:41.000000;2016-04-29T03:58:41.956981;6233c97a-e202-49e8-a586-ff079f236a03;7.4;10.66729458;BUY
2016-04-29T03:58:46.000000;2016-04-29T03:58:46.578412;558e281a-a7ed-4d46-ae0c-ab911ab205ee;7.4;10.66729458;BUY
2016-04-29T03:59:04.000000;2016-04-29T03:59:04.597227;e328d72f-1a35-477c-9423-9e2f52605529;7.4;9.99965532;BUY
2016-04-29T03:59:06.000000;2016-04-29T03:59:06.343392;b9a51377-f1fb-41df-9a26-7ce32e10fc77;7.4;10.0;BUY
2016-04-29T03:59:06.000000;2016-04-29T03:59:06.861479;996d827a-b5cd-4247-b6df-be4a05f9efba;7.4;10.0;BUY
2016-04-29T03:59:08.000000;2016-04-29T03:59:08.225597;7c854abd-1c15-4d6a-970f-de53c279d0a1;7.4;10.0;BUY
2016-04-29T03:59:08.000000;2016-04-29T03:59:08.734625;8eee2638-5d3f-4a74-8234-eeaf539f94d2;7.4;10.0;BUY
2016-04-29T03:59:09.000000;2016-04-29T03:59:09.143703;b1652d2c-965a-4dc0-89c9-45f62cd5f8d0;7.4;10.0;BUY
2016-04-29T03:59:09.000000;2016-04-29T03:59:09.731733;dd846891-535c-40db-98fe-75f2ec484340;7.4;10.0;BUY
2016-04-29T03:59:10.000000;2016-04-29T03:59:10.374782;69554241-9479-4aa1-9ce9-93919e2989a2;7.4;10.0;BUY
2016-04-29T03:59:11.000000;2016-04-29T03:59:11.271872;42d0dc38-3115-41a1-aa1b-c8120ba02595;7.4;9.3330501;BUY
2016-04-29T03:59:11.000000;2016-04-29T03:59:11.279881;72a687f9-9f08-4626-8eb0-a25ac50e5aa7;7.4;0.6669499;BUY
2016-04-29T03:59:11.000000;2016-04-29T03:59:11.576946;d8b96504-2d8f-40fa-a3c0-585f47764873;7.4;7.87392664;BUY
2016-04-29T03:59:12.000000;2016-04-29T03:59:12.585015;63694da1-9a8e-4c36-86e9-2210ffe4facc;7.4;1.20427353;BUY
2016-04-29T03:59:13.000000;2016-04-29T03:59:13.787135;74000ce5-6bca-4a1b-9114-d8bbb082089a;7.4;0.25484993;BUY
2016-04-29T03:59:20.000000;2016-04-29T03:59:20.307780;9e57c640-4eea-48aa-b60d-c95f2b383de3;7.41;10.0;BUY
2016-04-29T03:59:28.000000;2016-04-29T03:59:29.001658;1f766d4d-bb65-4781-a3bb-c6b1312a4073;7.42;1.45912346;BUY
2016-04-29T03:59:28.000000;2016-04-29T03:59:29.022656;f9609d90-2914-435c-ba72-3f6f058f1299;7.42;8.54087654;BUY
2016-04-29T03:59:29.000000;2016-04-29T03:59:29.420741;17855c27-fd5d-4cf2-9114-753d27621098;7.42;1.45912346;SELL
2016-04-29T03:59:29.000000;2016-04-29T03:59:29.425695;87aca080-9d4b-499e-a240-a91d56aa6722;7.42;1.45912346;SELL
2016-04-29T03:59:29.000000;2016-04-29T03:59:29.433732;15ec2743-bb89-4fac-bc7d-4640e6644a86;7.4041;5.86782408;SELL
2016-04-29T03:59:29.000000;2016-04-29T03:59:29.646753;16816abd-e94f-472a-9634-9aa04229c162;7.435;1.45912346;BUY
2016-04-29T03:59:30.000000;2016-04-29T03:59:30.631816;45c720ee-0093-4dad-b468-0d819c1c06bc;7.435;6.0;BUY
2016-04-29T03:59:32.000000;2016-04-29T03:59:32.392996;92894f87-3f51-459b-b2a0-a55bdb94cc1e;7.42;1.43633819;SELL
2016-04-29T03:59:32.000000;2016-04-29T03:59:32.410022;d4defc77-87f3-409f-928c-1d852d09b590;7.42;8.56366181;SELL
2016-04-29T03:59:34.000000;2016-04-29T03:59:34.317184;16f68d69-0349-4679-8923-a7964757c4dc;7.42;10.0;SELL
2016-04-29T03:59:35.000000;2016-04-29T03:59:35.117282;830c9899-3922-4ebc-9cb0-851ea9fae4e9;7.435;1.42095994;BUY
2016-04-29T03:59:36.000000;2016-04-29T03:59:36.334384;b493f64c-4b65-40bd-a18d-1c88e4245e79;7.4211;10.0;SELL
2016-04-29T03:59:39.000000;2016-04-29T03:59:39.230673;cd6528f2-18c6-4093-93d0-33f92a2d7400;7.4231;2.69583773;SELL
2016-04-29T03:59:39.000000;2016-04-29T03:59:39.241683;e0fe718b-e1dd-430c-b7f7-c1493ecb0a33;7.4231;1.45912346;SELL
2016-04-29T03:59:39.000000;2016-04-29T03:59:39.248686;c9c621b0-e01a-4477-8d80-22609b7c10e3;7.4231;5.84503881;SELL
2016-04-29T03:59:46.000000;2016-04-29T03:59:46.901460;4a1decda-7d36-442d-a53f-33c6f905c63d;7.43;1.45912346;BUY
2016-04-29T03:59:47.000000;2016-04-29T03:59:47.391498;b1cc6c43-1e36-46bc-91ea-5969913f410f;7.43;2.69583773;BUY
2016-04-29T03:59:48.000000;2016-04-29T03:59:48.892648;0f60db77-0756-4316-b015-3b4e355d6a85;7.43;2.69583773;BUY
2016-04-29T03:59:58.000000;2016-04-29T03:59:58.464601;8c6c6eb0-cae6-461c-854b-5fdf0f156551;7.43;3.14920108;BUY
2016-04-29T03:59:58.000000;2016-04-29T03:59:58.496593;8a2342a5-33e4-46cd-b52b-c67d2823a282;7.43;10.0;BUY
2016-04-29T03:59:58.000000;2016-04-29T03:59:58.497599;14a721eb-86f3-4ffd-91cb-9ffd9584ca3d;7.43;10.0;BUY
2016-04-29T03:59:58.000000;2016-04-29T03:59:58.527597;1c2f84ed-f0ab-4583-bfd8-c98c91671671;7.43;10.0;BUY
2016-04-29T03:59:58.000000;2016-04-29T03:59:58.527597;933a0b22-b173-4e8b-b3a3-645fec428c03;7.435;10.85079892;BUY
2016-04-29T04:00:21.000000;2016-04-29T04:00:21.730918;414d3ed5-91a8-4654-9901-34588792a833;7.43;2.9543871;BUY
2016-04-29T04:00:21.000000;2016-04-29T04:00:21.817933;f7618e3c-4274-493e-969b-ec3a7655b952;7.43;2.95541822;BUY
2016-04-29T04:00:25.000000;2016-04-29T04:00:25.813342;2e6f5276-3608-4497-b3e9-49f33de998cf;7.43;1.61442822;BUY
2016-04-29T04:00:30.000000;2016-04-29T04:00:30.277779;b5d5ec91-664a-4617-b679-cb61281525fe;7.43;1.61442822;BUY
2016-04-29T04:00:32.000000;2016-04-29T04:00:32.841114;10352593-354a-4597-adca-159b12536a43;7.43;0.86133824;BUY
2016-04-29T04:00:32.000000;2016-04-29T04:00:32.850023;f1fd6105-07e6-42d4-bfec-6f3e744f507a;7.43;0.75308998;BUY
2016-04-29T04:00:36.000000;2016-04-29T04:00:36.381410;421f25bb-d73f-49bc-809a-449b6230e1de;7.43;8.6;BUY
2016-04-29T04:00:55.000000;2016-04-29T04:00:55.510305;65c0a5ab-2ee2-499a-8dc5-fb08ec8d7584;7.43;0.5;BUY
2016-04-29T04:01:05.000000;2016-04-29T04:01:05.563304;19fb3fc0-bec6-4bf3-b1cf-239c0ffac251;7.43;0.14691002;BUY
2016-04-29T04:01:05.000000;2016-04-29T04:01:05.574320;8c425448-8603-4480-b53c-0719ac82a963;7.43;0.35308998;BUY
2016-04-29T04:02:05.000000;2016-04-29T04:02:05.469299;549bb337-f91d-4779-8671-07a19c570581;7.43;5.0;BUY
2016-04-29T04:02:20.000000;2016-04-29T04:02:20.547843;fc392c13-d2fd-4e5a-854a-621d990d7573;7.43;1.9;BUY
2016-04-29T04:03:06.000000;2016-04-29T04:03:06.711417;3a469fce-7275-4dee-bf58-a7adc3be5b6d;7.43;2.74691002;BUY
2016-04-29T04:03:06.000000;2016-04-29T04:03:06.739431;4fd7e72e-a064-4f25-b05c-5db84465c6ad;7.43;7.23679728;BUY
2016-04-29T04:03:16.000000;2016-04-29T04:03:16.516399;fc9e8474-7af4-48cd-8c35-174176adab39;7.43;0.8;BUY
2016-04-29T04:03:17.000000;2016-04-29T04:03:17.110508;13d31521-0c4f-4e52-a597-a42382740eb1;7.43;1.96320272;BUY
2016-04-29T04:03:17.000000;2016-04-29T04:03:17.114492;5ec0ebf6-95d2-4c2a-938d-3ece1511b914;7.435;30.26911768;BUY
2016-04-29T04:03:17.000000;2016-04-29T04:03:17.137476;69d08700-a074-4803-8848-e2b68641c7a3;7.4399;17.7676796;BUY
2016-04-29T04:03:29.000000;2016-04-29T04:03:29.540710;8e51effe-3054-45da-a322-ca5712095f7a;7.4399;9.98212529;BUY
2016-04-29T04:04:06.000000;2016-04-29T04:04:06.762472;099d6868-2bdf-4892-83cc-37d80d8a3e4c;7.438;1.0;SELL
2016-04-29T04:04:11.000000;2016-04-29T04:04:11.501914;3369f106-e36a-4630-888b-f5acf1f94917;7.4381;1.0;SELL
2016-04-29T04:04:19.000000;2016-04-29T04:04:19.285674;224edbef-7fce-48b7-b131-9066efcca7ba;7.44;5.0;BUY
2016-04-29T04:04:21.000000;2016-04-29T04:04:21.911975;7011c2d2-8130-4156-8c9b-3b1814fcd8b2;7.44;0.7;BUY
2016-04-29T04:04:32.000000;2016-04-29T04:04:32.052024;15a74fe0-3c52-46ee-ad3e-ce7bf25d4db9;7.44;0.4;BUY
2016-04-29T04:05:00.000000;2016-04-29T04:05:00.938087;ceb2753c-0a72-4674-a863-d1165d46044f;7.44;0.5;BUY
2016-04-29T04:05:05.000000;2016-04-29T04:05:05.287563;f1e0f627-dee4-428f-91bd-5121b1b4ed84;7.44;3.4;BUY
2016-04-29T04:05:05.000000;2016-04-29T04:05:05.342545;9077b912-8961-4888-98b1-a7f7e004847c;7.44;6.58257197;BUY
2016-04-29T04:05:10.000000;2016-04-29T04:05:10.930114;770b925b-d755-4a08-ba7d-c407ab7fb231;7.44;1.1;BUY
2016-04-29T04:05:14.000000;2016-04-29T04:05:14.360472;9ad8632b-f754-4065-9f68-4b419a0b4c90;7.44;2.31742803;BUY
2016-04-29T04:05:14.000000;2016-04-29T04:05:14.369482;2d997638-872a-4bbf-a45a-a24594122f83;7.44;9.06639916;BUY
2016-04-29T04:05:15.000000;2016-04-29T04:05:15.542558;31556aba-3b79-4eab-8c24-49ceb1d807a4;7.44;0.93360084;BUY
2016-04-29T04:05:15.000000;2016-04-29T04:05:15.553566;7ed5d980-637b-40cb-8fee-9d9e7d98e1b4;7.44;10.0;BUY
2016-04-29T04:05:15.000000;2016-04-29T04:05:15.562568;c17aa0f1-fe07-41a6-ba7e-c83bde55e369;7.44;0.45022635;BUY
2016-04-29T04:05:16.000000;2016-04-29T04:05:16.933724;c358e5b7-dc11-417b-8b45-e1fb5446a459;7.44;9.54977365;BUY
2016-04-29T04:05:17.000000;2016-04-29T04:05:17.644793;3cc4a2a0-5e5f-4d57-95bb-46411c83d394;7.4919;1.83405354;BUY
2016-04-29T04:05:26.000000;2016-04-29T04:05:26.686688;5da6d66b-ab6e-4da2-8117-8cdf14b844ef;7.4999;15.0;BUY
2016-04-29T04:05:42.000000;2016-04-29T04:05:42.735273;7506a3d3-eb36-42b5-be90-92ff1656ec0d;7.499;5.0;BUY
2016-04-29T04:06:33.000000;2016-04-29T04:06:33.356361;fb92f88d-02be-4bbd-839d-815dd84e6ce1;7.45;20.0;BUY
2016-04-29T04:11:21.000000;2016-04-29T04:11:22.020189;e874ac91-b6c5-4983-b6dc-d902e2d38ec2;7.4499;2.0;BUY
2016-04-29T04:13:25.000000;2016-04-29T04:13:26.030608;57937abc-8ec1-4bda-92a9-e432491ddaf4;7.432;0.29467482;SELL
2016-04-29T04:15:02.000000;2016-04-29T04:15:02.307226;27c59385-46c0-410f-9a07-b684db434f40;7.4499;1.0;BUY
2016-04-29T04:16:00.000000;2016-04-29T04:16:00.666065;5d761cf4-1f04-4ac5-ad84-d7aa76e33624;7.4499;1.8767;BUY
2016-04-29T04:16:43.000000;2016-04-29T04:16:43.615362;308c773d-bf4b-4513-b77a-d742cdb6c093;7.4499;11.38382719;BUY
2016-04-29T04:18:01.000000;2016-04-29T04:18:01.553151;779329f8-8f2f-4cf7-b806-5cee087fb05f;7.4499;0.7529;BUY
2016-04-29T04:18:18.000000;2016-04-29T04:18:18.479861;8aa718d6-f16e-4a9d-a697-98d5a46d31d7;7.4499;0.3021;BUY
2016-04-29T04:19:09.000000;2016-04-29T04:19:10.025002;3dd7776a-67d2-4c19-b408-56cf095f9a8a;7.4499;0.1212;BUY
2016-04-29T04:23:15.000000;2016-04-29T04:23:15.753767;6d70024d-6625-4679-814f-9ab3e2b0e8af;7.45;3.41754831;BUY
2016-04-29T04:23:18.000000;2016-04-29T04:23:18.628079;6f3dae80-f84a-4128-8be8-046a14d7d371;7.45;3.41754831;BUY
2016-04-29T04:23:21.000000;2016-04-29T04:23:21.176298;d8c8f5d0-d98a-4c6e-afbd-7b56a2007a6f;7.45;3.41754831;BUY
2016-04-29T04:23:23.000000;2016-04-29T04:23:23.476536;b5b6d496-eae0-45f9-9573-22748728bf7e;7.45;3.41754831;BUY
2016-04-29T04:23:27.000000;2016-04-29T04:23:27.491947;68a86ef1-2817-4906-9a6f-1ea29151568c;7.45;3.41754831;BUY
2016-04-29T04:23:28.000000;2016-04-29T04:23:28.596081;e287667b-e459-4ee3-ae64-6c86ddf3df2f;7.45;1.5;BUY
2016-04-29T04:23:36.000000;2016-04-29T04:23:36.949875;e94a911e-d578-441f-b346-be25da5dc904;7.45;1.41225845;BUY
2016-04-29T04:23:36.000000;2016-04-29T04:23:36.959908;b81f39aa-d147-464d-9748-792a58d67199;7.45;8.55646802;BUY
2016-04-29T04:23:37.000000;2016-04-29T04:23:37.790963;adf617a8-05b8-4d23-bffc-eb35afa9937b;7.45;9.96872647;BUY
2016-04-29T04:23:39.000000;2016-04-29T04:23:39.548131;ff2b52bd-a3de-459d-b2d1-b921c5ac719b;7.45;1.47480551;BUY
2016-04-29T04:23:39.000000;2016-04-29T04:23:39.555178;79bcc014-3a48-45d3-8375-b3a965c448d0;7.45;1.94415174;BUY
2016-04-29T04:23:40.000000;2016-04-29T04:23:40.998280;6c0024d7-6f1d-4930-8af9-bca516098fd2;7.45;9.96872647;BUY
2016-04-29T04:23:42.000000;2016-04-29T04:23:42.341440;36a8a419-ff76-41ff-910f-6c02c0b24cf7;7.45;4.14660608;BUY
2016-04-29T04:23:45.000000;2016-04-29T04:23:45.088720;a6814597-0ecb-42bb-be01-916223ee163c;7.45;3.94051571;BUY
2016-04-29T04:24:05.000000;2016-04-29T04:24:05.213829;29ef7700-a735-4230-8bb4-c90489669991;7.46;4.14660608;BUY
2016-04-29T04:24:08.000000;2016-04-29T04:24:08.260012;e684dac3-d1a1-4253-b760-8c0a04f8e98d;7.46;9.95514082;BUY
2016-04-29T04:24:09.000000;2016-04-29T04:24:09.192137;0bbc38f4-f508-4789-a800-c58e92235898;7.46;5.89825306;BUY
2016-04-29T04:24:18.000000;2016-04-29T04:24:18.640060;46014667-82c7-4d1f-9d0d-75f72129d47f;7.46;5.89825306;BUY
2016-04-29T04:24:19.000000;2016-04-29T04:24:19.753174;a33ee8b8-a168-4882-a055-6fbc622d003b;7.46;9.95514082;BUY
2016-04-29T04:24:20.000000;2016-04-29T04:24:20.053196;c0b2e6d5-2187-43be-b21d-326bd3b564a8;7.46;4.14660612;BUY
2016-04-29T04:24:32.000000;2016-04-29T04:24:32.391422;87296971-2295-408b-9d62-bb9fbb18d358;7.47;1.75164694;BUY
2016-04-29T04:26:00.000000;2016-04-29T04:26:00.055184;44549ad0-8ebd-47a2-a574-aea40c0d9649;7.4577;6.2380997;BUY
2016-04-29T04:27:48.000000;2016-04-29T04:27:49.011086;488b3654-aee9-4363-9c03-afa7abf61a5e;7.46;9.95603178;BUY
2016-04-29T04:27:50.000000;2016-04-29T04:27:50.417220;40882bad-2127-4c99-acb2-855fd66dfad1;7.46;9.95603178;BUY
2016-04-29T04:27:50.000000;2016-04-29T04:27:50.698272;9ae47c9c-58e9-43f3-9f93-92654493d52b;7.46;0.08793644;BUY
2016-04-29T04:27:53.000000;2016-04-29T04:27:53.156499;3f7fac98-4f0d-4e73-8c67-c3fbf1188f6e;7.4699;9.88405692;BUY
2016-04-29T04:28:00.000000;2016-04-29T04:28:00.889259;58f40be4-68f6-4388-a190-00b1e094e364;7.46;20.0;BUY
2016-04-29T04:29:48.000000;2016-04-29T04:29:48.437057;5b9fe02f-58ee-4acb-8c24-c36f66269a92;7.46;9.88405692;BUY
2016-04-29T04:29:49.000000;2016-04-29T04:29:49.278133;e598fb51-b284-4d7e-b0b7-3c16dc63356f;7.46;9.95603178;BUY
2016-04-29T04:29:50.000000;2016-04-29T04:29:50.983323;8de9d308-7c50-4bb9-a72e-9cc531bf575f;7.46;0.1599113;BUY
2016-04-29T04:29:50.000000;2016-04-29T04:29:50.994273;925a9f90-75bb-49f9-88e8-a2180fe256f0;7.46;9.79612048;BUY
2016-04-29T04:29:52.000000;2016-04-29T04:29:52.268420;81bb4cdf-b1f7-4402-80c2-6da7acd9c862;7.46;9.95603178;BUY
2016-04-29T04:31:01.000000;2016-04-29T04:31:01.270296;7f6ec35d-57ec-463a-91b1-d19b84750238;7.4532;11.36560578;SELL
2016-04-29T04:31:01.000000;2016-04-29T04:31:01.312318;65b3cd2c-d071-4c49-9ca9-6bdfa7ffe4a7;7.452;99.5343;SELL
2016-04-29T04:31:01.000000;2016-04-29T04:31:01.326335;70603539-3f70-4840-b566-506a5a7d5bd3;7.4512;11.36560578;SELL
2016-04-29T04:31:01.000000;2016-04-29T04:31:01.344398;35ef6481-f813-4984-843e-72125a6e5877;7.4511;8.983464;SELL
2016-04-29T04:31:01.000000;2016-04-29T04:31:01.346315;da7d1b07-3ba9-4026-b38d-3da4ee4ec152;7.45;4.1527901;SELL
2016-04-29T04:31:01.000000;2016-04-29T04:31:01.375324;096131f4-2e74-4768-8c10-fc654cead5fa;7.45;3.92476941;SELL
2016-04-29T04:31:01.000000;2016-04-29T04:31:01.387362;a6ae58a5-91e1-4151-a28d-209d58d5e20f;7.4272;3.717938;SELL
2016-04-29T04:31:01.000000;2016-04-29T04:31:01.406360;4119abfc-e1d4-4513-b1d4-1152633d6052;7.4263;9.99809627;SELL
2016-04-29T04:31:01.000000;2016-04-29T04:31:01.416335;e6361467-15ec-439e-b929-cfc71298a0d9;7.405;155.94743066;SELL
2016-04-29T04:31:37.000000;2016-04-29T04:31:37.795949;4a6e90d1-44d1-4ff9-bf78-0f4dfeebfe1b;7.46;0.24784774;BUY
2016-04-29T04:31:37.000000;2016-04-29T04:31:37.803976;4102f685-1faf-4cb2-b97b-fa93d527ef5d;7.46;9.70818404;BUY
2016-04-29T04:31:39.000000;2016-04-29T04:31:39.746157;3091bce3-34f8-4bcd-bcc1-aa6eec486bf5;7.46;10.29181596;BUY
2016-04-29T04:31:39.000000;2016-04-29T04:31:39.782161;2fdb6321-6f80-43d8-948d-b7bfdb339fd3;7.46;1.09201123;BUY
2016-04-29T04:31:40.000000;2016-04-29T04:31:40.287246;62f1454c-122a-4e17-912d-d0ada475a1b9;7.46;0.00798877;BUY
2016-04-29T04:33:56.000000;2016-04-29T04:33:56.837854;0dc0ba89-3c53-4a44-91fe-bd3dba8d81af;7.46;8.61617281;BUY
2016-04-29T04:33:56.000000;2016-04-29T04:33:56.929883;081e4df8-73a1-487d-b4b1-2aa4c114e814;7.46;11.38382719;BUY
2016-04-29T04:34:01.000000;2016-04-29T04:34:01.515407;35a2b8c3-93b3-4bf1-bcc4-b130994eaa16;7.47;11.38382719;BUY
2016-04-29T04:34:01.000000;2016-04-29T04:34:01.551919;42849830-fb30-4544-901c-de00675fb6a7;7.47;6.86452587;BUY
2016-04-29T04:34:01.000000;2016-04-29T04:34:01.557573;777634e3-419f-4897-b5fd-7b1445149153;7.47;1.75164694;BUY
2016-04-29T04:34:01.000000;2016-04-29T04:34:01.973349;0b7d76f7-ed08-477b-920d-8e2f121127aa;7.47;11.38382719;BUY
2016-04-29T04:34:01.000000;2016-04-29T04:34:01.996389;88d44d7e-9459-4232-be63-01e53f355260;7.47;6.86452587;BUY
2016-04-29T04:34:01.000000;2016-04-29T04:34:02.009386;468d08f5-4f7d-437c-bd66-786bb4e98889;7.4899;1.75164694;BUY
2016-04-29T04:35:41.000000;2016-04-29T04:35:41.171271;206eb64f-6947-4e5d-b0f3-931fc414ce34;7.46;11.38382719;BUY
2016-04-29T04:35:41.000000;2016-04-29T04:35:41.389246;527f68c2-99fb-42a3-8760-2810a1ee83cc;7.46;8.61617281;BUY
2016-04-29T04:35:42.000000;2016-04-29T04:35:42.204329;890ebfc0-f68e-422f-95aa-b277ded5aa69;7.47;2.75966561;BUY
2016-04-29T04:36:18.000000;2016-04-29T04:36:18.862005;41805918-8393-4702-975f-03a15c28b60c;7.46;0.83463;BUY
2016-04-29T04:36:23.000000;2016-04-29T04:36:23.246447;3b285db1-6933-4e92-a3e4-bc25391b0dd1;7.46;0.20242;BUY
2016-04-29T04:40:17.000000;2016-04-29T04:40:17.306854;2b41f5d6-9dce-46d4-8dde-c50683fa6958;7.46;11.38382719;BUY
2016-04-29T04:40:35.000000;2016-04-29T04:40:35.367674;ed43371b-2a59-477a-9624-f72c9aa9e721;7.46;7.57912281;BUY
2016-04-29T04:40:35.000000;2016-04-29T04:40:35.372701;d736ece7-4565-4238-925e-8e80ccf1563e;7.46;3.80470438;BUY
2016-04-29T04:40:35.000000;2016-04-29T04:40:35.386641;77f21b51-49e2-485e-af7a-8b7e308e79ad;7.46;8.97598539;BUY
2016-04-29T04:40:35.000000;2016-04-29T04:40:35.403663;5b10fc4d-556a-4697-9f17-548028a730af;7.46;7.21931023;BUY
2016-04-29T04:40:37.000000;2016-04-29T04:40:37.932963;f47a5117-5a82-463f-886e-d27ddd78b1cf;7.4699;1.39686258;BUY
2016-04-29T04:40:43.000000;2016-04-29T04:40:43.791497;ff710d19-8241-4c56-8bb4-d2e09d931835;7.46;11.38382719;BUY
2016-04-29T04:40:44.000000;2016-04-29T04:40:44.140533;3fbcea72-1220-453e-a556-d34dac9f6b0c;7.46;8.61617281;BUY
2016-04-29T04:40:48.000000;2016-04-29T04:40:48.436986;b56ff0bf-04d7-46ad-b99a-6a5387c563b6;7.461;20.0;SELL
2016-04-29T04:40:56.000000;2016-04-29T04:40:57.039821;47c447d8-395d-4a9b-bc9b-844c6266bbf3;7.4631;9.95625452;SELL
2016-04-29T04:40:56.000000;2016-04-29T04:40:57.049819;6e5e4bdd-3945-4656-a4c7-c59cb1d97a07;7.4631;9.95625452;SELL
2016-04-29T04:40:56.000000;2016-04-29T04:40:57.060823;c0193b86-a5ab-44ca-9f12-6a9aad6b68b2;7.4631;11.36560578;SELL
2016-04-29T04:40:56.000000;2016-04-29T04:40:57.080826;495f1b88-547f-493f-8e64-bb8e204b3324;7.463;99.3014;SELL
2016-04-29T04:40:57.000000;2016-04-29T04:40:58.010910;6f7cb5f5-ffc6-44e9-849c-8566b9686d72;7.46;9.95625452;BUY
2016-04-29T04:41:01.000000;2016-04-29T04:41:01.228244;36c6f94b-e1b4-4a69-9498-43a65e54acfa;7.4699;9.95625452;BUY
2016-04-29T04:41:20.000000;2016-04-29T04:41:20.788183;8aba1071-a32b-44fc-9281-553db8fcd719;7.46;9.95625452;BUY
2016-04-29T04:42:12.000000;2016-04-29T04:42:12.929417;1ff7c4e2-d960-44e3-9153-1878b08bf422;7.46;14.9254881;BUY
2016-04-29T04:42:12.000000;2016-04-29T04:42:12.937421;4811408e-d80e-4da4-b0ae-4780b1360de1;7.46;5.11825738;BUY
2016-04-29T04:42:12.000000;2016-04-29T04:42:12.940418;b9d67e2f-0eab-4cb6-a830-2c2773b5cbd1;7.46;9.80723072;BUY
2016-04-29T04:42:13.000000;2016-04-29T04:42:13.281442;c4b2f916-2fb4-4da1-bff8-f553437a1d00;7.46;5.26728118;BUY
2016-04-29T04:42:13.000000;2016-04-29T04:42:13.420494;0204ce0d-0ff7-4590-ba08-ef146674f456;7.46;14.9254881;BUY
2016-04-29T04:42:17.000000;2016-04-29T04:42:17.194832;99af6cc0-e408-4e97-aa2a-4f7fb2095122;7.47;14.9254881;BUY
2016-04-29T04:43:34.000000;2016-04-29T04:43:35.449655;8be8073c-1054-4f29-9a18-fb6e35137ae6;7.46;5.0745119;BUY
2016-04-29T04:43:36.000000;2016-04-29T04:43:36.617781;ff605429-2bd2-4869-b459-abfdeede8f19;7.46;14.9254881;BUY
2016-04-29T04:43:37.000000;2016-04-29T04:43:37.112845;6d102855-a5ea-4363-8989-0030504f08c9;7.47;2.31484629;BUY
2016-04-29T04:43:37.000000;2016-04-29T04:43:37.124830;d0ca6c4f-3c24-4eb4-b823-8bfa7e9b2f6e;7.47;2.75966561;BUY
2016-04-29T04:43:40.000000;2016-04-29T04:43:40.396149;5c1eca9b-71bf-4456-b763-871da0b102d9;7.47;14.9254881;BUY
2016-04-29T04:43:41.000000;2016-04-29T04:43:41.318241;afc3c814-8738-4c41-9a59-af7c51f3473d;7.47;2.31484629;BUY
2016-04-29T04:43:41.000000;2016-04-29T04:43:41.331257;a0662b1e-3674-4268-aeef-92202e1ecc7b;7.47;12.61064181;BUY
2016-04-29T04:47:40.000000;2016-04-29T04:47:40.494160;c7a09410-e9fa-45e6-b9fc-8034c77e998f;7.46;14.9254881;BUY
2016-04-29T04:47:40.000000;2016-04-29T04:47:40.507161;bf5dcafd-3385-4f45-abc0-a7909bd224c3;7.46;5.0745119;BUY
2016-04-29T04:47:41.000000;2016-04-29T04:47:41.084215;04f2932b-5667-46a5-a065-0ee63bc577af;7.47;0.19276928;BUY
2016-04-29T04:47:43.000000;2016-04-29T04:47:43.885504;5d97f584-8f1f-4ca9-945a-07ea4ba69480;7.4601;14.9254881;SELL
2016-04-29T04:47:43.000000;2016-04-29T04:47:43.899527;292d005a-aff4-40d6-81fe-a02b692e6ecc;7.4601;5.0745119;SELL
2016-04-29T04:47:44.000000;2016-04-29T04:47:44.694581;0d755888-46ec-43f8-b31b-6de7f93de3e7;7.47;3.14086986;BUY
2016-04-29T04:47:47.000000;2016-04-29T04:47:47.471858;572f5a0c-dbc9-4ad2-a02b-449402d39ee5;7.46;14.9254881;BUY
2016-04-29T04:49:17.000000;2016-04-29T04:49:17.317875;d0cda090-4374-4c2b-87ee-3be271d11279;7.46;3.77144743;BUY
2016-04-29T04:49:21.000000;2016-04-29T04:49:21.734305;e310120e-6487-416a-8ebb-2b7937b0ff91;7.46;1.30306447;BUY
2016-04-29T04:49:21.000000;2016-04-29T04:49:21.740307;5cb95e0b-210b-4c5f-8eb7-4ba281ced214;7.46;2.46838296;BUY
2016-04-29T04:49:24.000000;2016-04-29T04:49:24.898607;94a8a3e1-cfa4-452e-8b88-a3e32aee4da8;7.46;3.77144743;BUY
2016-04-29T04:49:28.000000;2016-04-29T04:49:28.243923;c160da1a-61c0-4f7a-916f-890c8906bff9;7.46;3.77144743;BUY
2016-04-29T04:49:30.000000;2016-04-29T04:49:30.701190;d5e27d1e-801b-41e2-8e91-80af5e8e5361;7.46;3.77144743;BUY
2016-04-29T04:49:33.000000;2016-04-29T04:49:33.789499;7a727888-3894-4e0e-bc09-e637c2cc0efb;7.46;3.77144743;BUY
2016-04-29T04:49:36.000000;2016-04-29T04:49:36.197736;d1c1639f-c736-45c6-b2d8-86db501a4947;7.46;2.44582732;BUY
2016-04-29T04:51:27.000000;2016-04-29T04:51:27.763977;bf677db1-5b6e-4246-b424-08d1df8103e0;7.46;1.32562011;SELL
2016-04-29T04:51:27.000000;2016-04-29T04:51:27.766961;7e760718-f13c-46c6-b149-fb23a9b20e83;7.46;90.1408;SELL
2016-04-29T04:51:28.000000;2016-04-29T04:51:28.588059;cbd9cbff-c40f-4220-95a3-9c573c5541af;7.46;12.803316;BUY
2016-04-29T04:51:37.000000;2016-04-29T04:51:37.185909;90c9171d-cc0d-4d0e-8a9b-aac8f11fa3c1;7.46;3.77144743;BUY
2016-04-29T04:51:39.000000;2016-04-29T04:51:39.878188;8b6404ca-34f9-4705-b05e-0e707a34a694;7.46;3.77144743;BUY
2016-04-29T04:51:41.000000;2016-04-29T04:51:41.804404;dd2b5b9a-dbe2-4080-bd48-c96be888a428;7.46;3.77144743;BUY
2016-04-29T04:51:44.000000;2016-04-29T04:51:44.496651;01acd656-dbac-4bd6-8975-2a79c617c56f;7.46;3.77144743;BUY
2016-04-29T04:51:47.000000;2016-04-29T04:51:47.338935;7fb65277-b3d4-44cf-815d-8f221691c324;7.46;3.77144743;BUY
2016-04-29T04:51:49.000000;2016-04-29T04:51:49.323135;f5dfc3fe-6e15-4457-8afe-4b51110f3d76;7.46;3.77144743;BUY
2016-04-29T04:51:51.000000;2016-04-29T04:51:51.639371;6aa1cd15-1cc9-4b49-af7a-46fbfeb4c8a5;7.46;3.77144743;BUY
2016-04-29T04:51:53.000000;2016-04-29T04:51:53.686562;4e7c33a2-e6b5-450c-87e1-a4e65c3f9b53;7.46;3.77144743;BUY
2016-04-29T04:51:56.000000;2016-04-29T04:51:56.147807;7470d22e-9776-4bac-af08-491a9d3ce4b2;7.46;3.77144743;BUY
2016-04-29T04:51:58.000000;2016-04-29T04:51:58.639055;584ccb8a-36c1-46f1-b901-e34128248d2c;7.46;3.77144743;BUY
2016-04-29T04:52:01.000000;2016-04-29T04:52:01.552411;732bdbc5-c914-4767-b84d-8576897cc068;7.46;3.77144743;BUY
2016-04-29T04:52:04.000000;2016-04-29T04:52:04.448633;421d9911-7a37-454c-8bec-53af4acf379c;7.46;3.77144743;BUY
2016-04-29T04:52:07.000000;2016-04-29T04:52:07.441952;621c1219-38e4-47b1-826d-b1cc089cdee3;7.46;0.47289473;BUY
2016-04-29T04:52:07.000000;2016-04-29T04:52:07.448978;1b381d29-90e2-475f-a6aa-649aeea36134;7.46;3.2985527;BUY
2016-04-29T04:52:09.000000;2016-04-29T04:52:09.797183;9a184b11-aabe-454d-884f-42d81d1b0259;7.46;3.77144743;BUY
2016-04-29T04:52:11.000000;2016-04-29T04:52:11.890405;c7646bcf-c7da-4141-abd1-384f8fa18467;7.46;3.77144743;BUY
2016-04-29T04:52:13.000000;2016-04-29T04:52:13.913584;69378af1-c71d-4bcc-baca-44e2cf63e768;7.46;3.77144743;BUY
2016-04-29T04:52:16.000000;2016-04-29T04:52:16.448854;80c8c0db-74fb-43c7-b979-70986f6ffa09;7.46;3.77144743;BUY
2016-04-29T04:54:55.000000;2016-04-29T04:54:55.694756;b6159843-b4e6-4a2f-823a-2bf8ad446f4a;7.46;0.42184;BUY
2016-04-29T05:00:09.000000;2016-04-29T05:00:09.643173;e2f3ea21-2935-45f7-a3ed-439937aefd6e;7.46;4.78139947;BUY
2016-04-29T05:00:13.000000;2016-04-29T05:00:13.054495;a62c066f-cd67-4ebf-b0b6-1b87c1610a75;7.46;4.78139947;BUY
2016-04-29T05:00:16.000000;2016-04-29T05:00:16.698892;99937678-e705-40f9-b8cb-f72a8f9da5b1;7.46;5.52285558;BUY
2016-04-29T05:00:19.000000;2016-04-29T05:00:19.783167;b4036eca-98a0-4d66-85d6-e3115d494db0;7.46;16.10816306;BUY
2016-04-29T05:00:19.000000;2016-04-29T05:00:19.792161;13c2ebe1-309c-4591-982e-945d1ff6209a;7.46;31.89183694;BUY
2016-04-29T05:00:19.000000;2016-04-29T05:00:19.997222;d7cb6a98-1601-407e-9998-04aebb4198f7;7.46;4.78139947;BUY
2016-04-29T05:00:27.000000;2016-04-29T05:00:27.632947;a9e19795-b8a5-4f4f-afab-b3d99eea4624;7.46;4.78139947;BUY
2016-04-29T05:00:28.000000;2016-04-29T05:00:28.218020;aaed898e-c4a6-474b-98c2-81958d712a9f;7.46;8.54536412;BUY
2016-04-29T05:00:29.000000;2016-04-29T05:00:29.971195;3562aec9-3d1a-4b8f-801f-9b1e66dfea4c;7.47;2.51540944;BUY
2016-04-29T05:00:40.000000;2016-04-29T05:00:40.403249;b2d8239d-f7e2-4dfc-a254-ec12e23477ce;7.47;1.54030961;BUY
2016-04-29T05:00:40.000000;2016-04-29T05:00:40.417237;1be371d4-e11b-468d-af40-34d337aad5ae;7.47;1.13584638;BUY
2016-04-29T05:00:40.000000;2016-04-29T05:00:40.891278;b3474a42-f25d-4e7a-94ef-a4fc98bc90ec;7.47;9.95293609;BUY
2016-04-29T05:00:41.000000;2016-04-29T05:00:41.709403;04559238-abe4-4f63-8529-164ac9ea7471;7.47;8.91121753;BUY
2016-04-29T05:00:41.000000;2016-04-29T05:00:41.717394;3aea61e0-70c0-4b32-b6c1-6bfde0370201;7.47;1.04171856;BUY
2016-04-29T05:00:41.000000;2016-04-29T05:00:41.951377;d1688544-75b3-4ef0-be56-4af7eef88628;7.47;9.95293609;BUY
2016-04-29T05:00:42.000000;2016-04-29T05:00:42.746465;ae4c91a8-68ef-4269-bf01-b2804d1fc0ba;7.47;6.0448171;BUY
2016-04-29T05:00:43.000000;2016-04-29T05:00:43.412540;4d1afc2c-1699-43f0-8033-6a217fc7e976;7.47;2.96052825;BUY
2016-04-29T05:00:44.000000;2016-04-29T05:00:44.604676;2b6576a1-2dee-4f72-a133-f611b129083c;7.49;11.38382719;BUY
2016-04-29T05:00:44.000000;2016-04-29T05:00:44.635657;27608f2b-f094-4db2-9dbf-37fec315ebc6;7.49;8.61617281;BUY
2016-04-29T05:00:45.000000;2016-04-29T05:00:45.326712;588013f5-33e1-49b8-84b7-397e34396ba3;7.5;2.76765438;BUY
2016-04-29T05:01:10.000000;2016-04-29T05:01:10.524242;12428771-b03f-439c-bb15-ad1e770caff1;7.48;9.93963002;BUY
2016-04-29T05:01:11.000000;2016-04-29T05:01:11.577353;bb961d93-d42f-4c6f-a29a-14400929dd18;7.48;9.93963002;BUY
2016-04-29T05:01:11.000000;2016-04-29T05:01:11.679365;a6bf48fc-294f-4b3b-b02e-215b730bc4c1;7.48;9.93963002;BUY
2016-04-29T05:01:12.000000;2016-04-29T05:01:12.631455;7435a4d5-d3a1-4ff5-931c-27db3cc75c47;7.48;9.93963002;BUY
2016-04-29T05:01:13.000000;2016-04-29T05:01:13.508540;f4ebd430-bfbf-4313-8307-07651e746a81;7.48;9.93963002;BUY
2016-04-29T05:01:15.000000;2016-04-29T05:01:15.034686;624ea683-9db6-43a1-bc50-73e38bf0b4b6;7.48;0.3018499;BUY
2016-04-29T05:01:19.000000;2016-04-29T05:01:19.690161;bb8a2a56-92f3-4d67-8e0b-d3e4b2e85e69;7.49;0.3018499;BUY
2016-04-29T05:01:48.000000;2016-04-29T05:01:48.390067;0a9fc9a6-37ee-4eaa-92fe-84a88ef922cd;7.489;98.3764;SELL
2016-04-29T05:01:48.000000;2016-04-29T05:01:48.398021;5f6716be-727f-4693-af12-c9771df60124;7.4881;9.63778012;SELL
2016-04-29T05:01:48.000000;2016-04-29T05:01:48.405028;b5973aed-8415-4916-97e9-e1ec9ea0e572;7.4881;0.3018499;SELL
2016-04-29T05:01:48.000000;2016-04-29T05:01:48.429044;100ca316-acf0-4d81-8dee-5e59720640b7;7.4861;0.3018499;SELL
2016-04-29T05:01:48.000000;2016-04-29T05:01:48.429044;0310e8ce-1056-4a69-b6c3-2f49f5264e04;7.486;10.775906;SELL
2016-04-29T05:01:48.000000;2016-04-29T05:01:48.445055;6c5339f8-6ebe-4ddb-a891-b887b02170f0;7.4841;9.00534535;SELL
2016-04-29T05:01:48.000000;2016-04-29T05:01:48.462035;74bb69b8-e2ee-4212-95bf-3ed833584c2d;7.4841;8.30756068;SELL
2016-04-29T05:01:52.000000;2016-04-29T05:01:52.611464;93e71d97-cec6-457d-807b-dd21c19e8ae9;7.4862;9.663174;SELL
2016-04-29T05:01:52.000000;2016-04-29T05:01:52.618461;4b1b9e42-e806-4dbe-8ffb-f8af16608a3d;7.4843;0.69778467;SELL
2016-04-29T05:01:52.000000;2016-04-29T05:01:52.625478;c219a28b-9c3e-4455-8d3f-6d53888b96ee;7.4812;11.36560578;SELL
2016-04-29T05:01:52.000000;2016-04-29T05:01:52.649458;d038c659-8f74-423a-b96c-bd44ff3ab4a7;7.4811;9.00534535;SELL
2016-04-29T05:01:53.000000;2016-04-29T05:01:53.283552;d48685a4-d15f-4de0-8b2e-77c3317fb347;7.48;11.36560578;BUY
2016-04-29T05:01:53.000000;2016-04-29T05:01:53.538584;8c5aa7b9-0920-466f-8fd4-c361a6463f1f;7.48;9.03408072;BUY
2016-04-29T05:01:54.000000;2016-04-29T05:01:54.600665;b299eaf5-c1cb-4877-90d7-de96d0d4c17e;7.48;9.93963002;BUY
2016-04-29T05:01:55.000000;2016-04-29T05:01:55.994784;a124c0d6-e403-490a-be59-3885bbc2bf1d;7.48;9.93963002;BUY
2016-04-29T05:01:56.000000;2016-04-29T05:01:56.884895;d65a5014-f201-40f7-923d-e41eeab5b5e9;7.48;9.93963002;BUY
2016-04-29T05:01:59.000000;2016-04-29T05:01:59.413146;8c7b00bb-2584-4433-bfbe-6dfb57d62b5c;7.48;11.38382719;BUY
2016-04-29T05:02:00.000000;2016-04-29T05:02:00.289210;21ea6a0e-c3a7-4cb7-9442-3e8c7d76e688;7.48;4.10479209;BUY
2016-04-29T05:02:00.000000;2016-04-29T05:02:00.344226;04cb89eb-c21c-4694-a421-c27bba6e7a8f;7.48;9.93963002;BUY
2016-04-29T05:02:00.000000;2016-04-29T05:02:00.410256;27620dd5-f0b7-4089-bb48-9b9b1546e450;7.48;11.38382719;BUY
2016-04-29T05:02:01.000000;2016-04-29T05:02:01.798397;4c8d2bfb-c563-4629-9581-8f5eae13b33d;7.48;11.38382719;BUY
2016-04-29T05:02:01.000000;2016-04-29T05:02:01.820389;bc98eb37-814b-4df7-aaef-ff3a623d8aef;7.48;7.56030191;BUY
2016-04-29T05:02:04.000000;2016-04-29T05:02:04.464653;30ab3b63-6c95-4716-a1c5-7b06b7159c91;7.49;2.37932811;BUY
2016-04-29T05:02:14.000000;2016-04-29T05:02:14.665650;30f043da-0f53-49f5-9864-cd5142461346;7.49;9.92635949;BUY
2016-04-29T05:02:15.000000;2016-04-29T05:02:15.888782;aa4d7172-d263-4e40-8010-4342bc7d16c6;7.49;9.92635949;BUY
2016-04-29T05:02:16.000000;2016-04-29T05:02:16.952926;6c7e0dfb-dcc4-43aa-a373-49e40db8b6ba;7.49;9.92635949;BUY
2016-04-29T05:02:17.000000;2016-04-29T05:02:17.589953;fb7e8bcf-d103-42b6-9069-c64e79afd64d;7.49;9.92635949;BUY
2016-04-29T05:02:18.000000;2016-04-29T05:02:18.555034;c3c69860-562b-48b1-9bd8-dd195f3a4d7d;7.49;7.61338403;BUY
2016-04-29T05:02:22.000000;2016-04-29T05:02:22.555454;8ccf9beb-6ca8-406a-a966-112e14f650d4;7.5;2.31297546;BUY
2016-04-29T05:02:58.000000;2016-04-29T05:02:58.396031;8d15de0f-8f2c-4fcc-b519-dc06e3499fc3;7.499;10.0;BUY
2016-04-29T05:03:34.000000;2016-04-29T05:03:34.353622;9758c0c2-eebf-4407-b012-41c6c3a97edf;7.5;1.6;BUY
2016-04-29T05:03:40.000000;2016-04-29T05:03:40.454271;94915f5d-1e94-4a83-b2e1-34f1deb77676;7.5;5.10728157;BUY
2016-04-29T05:03:43.000000;2016-04-29T05:03:43.900581;ce226695-d460-40c2-afc3-86b6cf56bcdf;7.5;5.10715479;BUY
2016-04-29T05:03:46.000000;2016-04-29T05:03:46.551840;36e260c5-8c2a-40f9-afcf-0517a4038640;7.5;5.10522185;BUY
2016-04-29T05:03:49.000000;2016-04-29T05:03:49.560147;2b602a2c-8d87-456f-a1b0-f3ff679cda9c;7.5;5.09876551;BUY
2016-04-29T05:03:51.000000;2016-04-29T05:03:51.685360;129789fb-02c8-41eb-9dc5-660c775fe700;7.5;5.08506631;BUY
2016-04-29T05:03:54.000000;2016-04-29T05:03:54.063628;695d254b-4d7e-4754-8a12-543c39703977;7.5;0.2;BUY
2016-04-29T05:03:54.000000;2016-04-29T05:03:54.245611;119a2876-cde3-4211-ae9b-fe4112db0779;7.5;5.06145408;BUY
2016-04-29T05:03:54.000000;2016-04-29T05:03:54.782673;821d84a9-a021-47b7-a80f-47cb3a131081;7.5;11.38382719;BUY
2016-04-29T05:03:56.000000;2016-04-29T05:03:56.208866;07a1bcc7-f896-4678-87c7-988a7eb1f786;7.5;11.38382719;BUY
2016-04-29T05:03:56.000000;2016-04-29T05:03:56.417849;42ef77b7-494c-47c3-95ec-bc4bd5df288b;7.5;5.02535835;BUY
2016-04-29T05:03:57.000000;2016-04-29T05:03:57.470943;17d6edac-f55b-4243-807a-b9a9c0d2cacb;7.5;9.91312434;BUY
2016-04-29T05:03:58.000000;2016-04-29T05:03:58.374027;b8749889-22a7-4374-adf3-f46c9394bd94;7.5;4.97437548;BUY
2016-04-29T05:03:58.000000;2016-04-29T05:03:58.537042;4fe6ff10-f2ff-4aff-bc11-2c44b932d94e;7.5;9.91312434;BUY
2016-04-29T05:03:59.000000;2016-04-29T05:03:59.088079;61e59f27-d0d5-45cb-b049-9e8e9ffec33d;7.5;9.91312434;BUY
2016-04-29T05:03:59.000000;2016-04-29T05:03:59.563163;fb74f621-6460-41b5-8c74-d87622e444df;7.5;9.91312434;BUY
2016-04-29T05:04:00.000000;2016-04-29T05:04:00.367219;24d02ed0-8264-4ea0-86bd-9a0beec8fcba;7.5;9.91312434;BUY
2016-04-29T05:04:00.000000;2016-04-29T05:04:01.001291;63b6122f-0313-4613-96be-070996c5bdfb;7.5;4.90635051;BUY
2016-04-29T05:04:01.000000;2016-04-29T05:04:01.290339;4c892903-383e-4947-a9fa-00def72f8800;7.5;9.91312434;BUY
2016-04-29T05:04:02.000000;2016-04-29T05:04:02.905495;d06c56ed-a6af-4900-aedd-91513f36d7ae;7.5;9.91312434;BUY
2016-04-29T05:04:03.000000;2016-04-29T05:04:03.791577;cd64c920-567d-4e6b-b667-6125a747c7ab;7.5;4.81946975;BUY
2016-04-29T05:04:04.000000;2016-04-29T05:04:04.250645;a8db8c70-8470-4c20-ac48-b84c61291dd7;7.5;9.91312434;BUY
2016-04-29T05:04:05.000000;2016-04-29T05:04:05.228727;e8da26fd-3f2f-47fe-8fb9-3be5e4d99918;7.5;9.91312434;BUY
2016-04-29T05:04:06.000000;2016-04-29T05:04:06.254816;087c870c-b056-400b-80a3-0db8522bae75;7.5;3.86746484;BUY
2016-04-29T05:04:08.000000;2016-04-29T05:04:08.438036;e5a70094-1479-478e-8997-327d66596ba5;7.5;2.22424601;BUY
2016-04-29T05:04:10.000000;2016-04-29T05:04:10.451240;1762f89f-3776-418a-b3b8-8ceeb5a93525;7.5;4.54189791;BUY
2016-04-29T05:04:13.000000;2016-04-29T05:04:13.166511;792ab43a-30aa-4614-8bac-a026b4e24d8e;7.5;1.9;BUY
2016-04-29T05:04:13.000000;2016-04-29T05:04:13.574558;c13b7964-1372-4588-9321-4cfbfbff9a2c;7.5;4.38616025;BUY
2016-04-29T05:04:16.000000;2016-04-29T05:04:16.823886;ff25fe09-c4c8-417a-9418-c5619f977cf5;7.5;4.20989636;BUY
2016-04-29T05:04:19.000000;2016-04-29T05:04:20.309241;442f8016-9a08-40c8-9418-42fad09a4d40;7.5;4.01452537;BUY
2016-04-29T05:04:22.000000;2016-04-29T05:04:22.408424;3fad6371-5624-4c39-abbf-551345076696;7.5;0.1;BUY
2016-04-29T05:04:23.000000;2016-04-29T05:04:23.711553;c727ad5b-4549-4a47-b7b4-2fc3711bc829;7.5;3.8021812;BUY
2016-04-29T05:04:27.000000;2016-04-29T05:04:27.138906;967ed1c5-983e-466a-b602-3488d20a9412;7.5;3.5756505;BUY
2016-04-29T05:04:30.000000;2016-04-29T05:04:30.586234;026bd4e1-ede8-41b8-ad41-611dac7f0100;7.5;1.65537211;BUY
2016-04-29T05:04:31.000000;2016-04-29T05:04:31.532335;6c8c72b8-3f09-493e-8eb9-096d75d9f8ee;7.5;0.1;BUY
2016-04-29T05:04:32.000000;2016-04-29T05:04:33.004575;8f12d1e9-69a6-4b8f-abd2-a503afab4815;7.5;0.89040971;BUY
2016-04-29T05:04:34.000000;2016-04-29T05:04:34.994692;64861bfb-3d14-4352-9445-210563b6238f;7.5;1.84348966;BUY
2016-04-29T05:04:37.000000;2016-04-29T05:04:37.628986;8e2dc66c-9ad8-4fc5-bc83-46c6bf317b63;7.5;9.92635949;BUY
2016-04-29T05:04:51.000000;2016-04-29T05:04:51.288375;460d8715-64e2-460a-92c0-86639a8bc0e2;7.5;0.7;BUY
2016-04-29T05:05:06.000000;2016-04-29T05:05:07.032565;6c999597-8661-481d-9b9a-ad1d72042f9b;7.5;11.38376754;BUY
2016-04-29T05:05:12.000000;2016-04-29T05:05:12.164021;208e8bd5-7c66-45ac-a787-1fd3651568c7;7.5;11.38376754;BUY
2016-04-29T05:05:16.000000;2016-04-29T05:05:16.259461;442da4e7-767d-4d9b-a8c5-d123ba24c9d4;7.5;11.38382719;BUY
2016-04-29T05:05:23.000000;2016-04-29T05:05:23.672193;1b355319-2295-4def-8496-f7506aa5022d;7.5;11.38376754;BUY
2016-04-29T05:05:29.000000;2016-04-29T05:05:29.870828;ad27e0b2-f600-4435-b3a8-7f29798bb1d5;7.5;4.65180866;BUY
2016-04-29T05:05:30.000000;2016-04-29T05:05:30.057852;208aa348-2e72-4dfa-8bc1-055a7c8b4411;7.5;0.9;BUY
2016-04-29T05:05:38.000000;2016-04-29T05:05:38.220628;15ec15d9-c096-4f86-881c-9c0d4e483813;7.5;0.4;BUY
2016-04-29T05:05:44.000000;2016-04-29T05:05:44.791280;410c34d6-2282-450b-88c8-0656c54bd2cb;7.5;9.92959145;BUY
2016-04-29T05:05:46.000000;2016-04-29T05:05:46.619466;0ca1f1d6-6da0-4313-b8f6-53e5254886e4;7.5;2.91230798;BUY
2016-04-29T05:05:47.000000;2016-04-29T05:05:48.017639;450e1c74-0720-430c-b47d-d3a147955f3c;7.5;7.02084072;BUY
2016-04-29T05:05:50.000000;2016-04-29T05:05:50.759882;ca1cddaf-e02c-4c82-a594-5dfd520b26c4;7.5;7.02084072;BUY
2016-04-29T05:05:53.000000;2016-04-29T05:05:53.472184;f1d6ff66-3294-4098-b36f-a57e101b3f16;7.5;4.73492577;BUY
2016-04-29T05:05:53.000000;2016-04-29T05:05:53.479162;44f144ad-ea2e-4aed-bc86-4453e44d3d78;7.5;6.64884177;BUY
2016-04-29T05:06:13.000000;2016-04-29T05:06:13.827195;78ec4f0b-d2b5-4bae-91b4-9d497a1f640b;7.5;11.38376754;BUY
2016-04-29T05:06:30.000000;2016-04-29T05:06:30.749921;f256f02b-df59-4e2e-b1e8-6b529999216a;7.5;4.0677872;BUY
2016-04-29T05:06:33.000000;2016-04-29T05:06:33.693173;41ce73a3-8c80-483a-a87c-fc1f4a0f4b19;7.5;11.38376754;BUY
2016-04-29T05:06:38.000000;2016-04-29T05:06:38.209623;0687ff5f-a5a0-4f3c-a93b-02d7c12edf86;7.5;11.38376754;BUY
2016-04-29T05:06:44.000000;2016-04-29T05:06:44.705314;74b73b0b-8154-4504-b382-f0916bd4b388;7.5;11.38382719;BUY
2016-04-29T05:06:46.000000;2016-04-29T05:06:46.029443;4b49051b-a07c-44f4-9286-cae90e07dfb2;7.5;11.38382719;BUY
2016-04-29T05:06:55.000000;2016-04-29T05:06:55.384347;eb7065c8-d262-4a03-945c-874041ac0580;7.5;11.38376754;BUY
2016-04-29T05:07:13.000000;2016-04-29T05:07:13.430158;e72b1469-8b52-4b0c-b7eb-549501bd6be3;7.5;11.3929728;BUY
2016-04-29T05:07:13.000000;2016-04-29T05:07:13.527165;5144d61c-60f6-467f-980e-f22840b3ff38;7.5;11.38382719;BUY
2016-04-29T05:07:13.000000;2016-04-29T05:07:13.885220;0abcb3c6-015a-43cb-8704-879997df6bf7;7.5;11.38382719;BUY
2016-04-29T05:07:14.000000;2016-04-29T05:07:14.845283;400bbda8-a3cc-45f1-943b-a2f5eec3e548;7.5;4.06939466;BUY
2016-04-29T05:07:15.000000;2016-04-29T05:07:15.128337;7409ca21-2af0-449c-bae7-d4a0db2c50ec;7.5;0.9;BUY
2016-04-29T05:07:16.000000;2016-04-29T05:07:16.296448;0cb6e39b-9aee-4cd8-8824-871f97683120;7.5;11.38382719;BUY
2016-04-29T05:07:18.000000;2016-04-29T05:07:18.093651;bea4a0b8-b0df-453e-9150-e79bcd876d66;7.5;11.38382719;BUY
2016-04-29T05:07:18.000000;2016-04-29T05:07:18.396642;2c51cc11-29e7-4bd3-b095-0944a9580d7e;7.5;9.91312434;BUY
2016-04-29T05:07:18.000000;2016-04-29T05:07:18.516682;88a136c9-9abb-442c-a733-a3543e594d72;7.5;2.25629513;BUY
2016-04-29T05:07:18.000000;2016-04-29T05:07:18.548666;e04fd58a-3797-41cf-a72c-a8667ff673a3;7.5;4.08207653;BUY
2016-04-29T05:07:20.000000;2016-04-29T05:07:20.333838;4958ef68-20cf-46a3-a37c-f7d8f5f6a4f0;7.5;11.38382719;BUY
2016-04-29T05:07:20.000000;2016-04-29T05:07:20.554896;e8f986c9-cdc0-4f5c-9725-faea9fc9821b;7.5;2.25629513;BUY
2016-04-29T05:07:20.000000;2016-04-29T05:07:20.601903;5e6dd88c-6367-4cc4-873c-18d94b96e4f4;7.5;11.38382719;BUY
2016-04-29T05:07:21.000000;2016-04-29T05:07:21.489954;ec0cf0e2-cc01-4f39-979f-90097343f3ad;7.5;9.91312434;BUY
2016-04-29T05:07:22.000000;2016-04-29T05:07:22.987102;ea219568-c38c-477b-83d3-cf8cc9bc9bba;7.5;7.89440042;BUY
2016-04-29T05:07:22.000000;2016-04-29T05:07:22.995140;271eb943-48b0-4bbc-8c84-faa6d3e0c39c;7.5;2.01872392;BUY
2016-04-29T05:07:23.000000;2016-04-29T05:07:23.142120;ac626bed-3863-41a2-bfa4-b56063da99a3;7.5;4.0846368;BUY
2016-04-29T05:07:23.000000;2016-04-29T05:07:23.425152;0398445f-9601-4808-8197-0e32a42296d2;7.5;9.91312434;BUY
2016-04-29T05:07:23.000000;2016-04-29T05:07:24.039209;0f6de561-6a2a-4f32-8aff-84b9b088590b;7.5;13.2;BUY
2016-04-29T05:07:24.000000;2016-04-29T05:07:24.360273;405a6b5e-7e25-4bc8-8e66-99aa801e2721;7.5;6.01351494;BUY
2016-04-29T05:07:25.000000;2016-04-29T05:07:25.255344;970392c2-5652-4181-b48d-5820c3cc9571;7.509;2.25629513;BUY
2016-04-29T05:07:26.000000;2016-04-29T05:07:26.998510;47c6f8cf-02a2-4a72-98c6-737b37d702d0;7.523;2.0;BUY
2016-04-29T05:07:27.000000;2016-04-29T05:07:27.384541;4ebcd0d6-e309-424c-b523-2fdb6648d368;7.5499;3.8996094;BUY
2016-04-29T05:08:08.000000;2016-04-29T05:08:08.611702;cf992d31-4f04-4c4b-b18c-5d0c128a784e;7.549;20.0;BUY
2016-04-29T05:08:08.000000;2016-04-29T05:08:08.618665;4b9e3de4-e608-4031-8c15-a4c05141aef4;7.5499;80.0;BUY
2016-04-29T05:08:29.000000;2016-04-29T05:08:29.235749;64cfce77-01e9-475d-8585-4dd244c86c99;7.55;100.0;BUY
2016-04-29T05:08:31.000000;2016-04-29T05:08:31.106910;44f861b5-16f6-49d9-a06d-6f5e693fc002;7.52;6.01351494;BUY
2016-04-29T05:08:31.000000;2016-04-29T05:08:31.119946;565b6459-44a2-49ea-9a56-45f4b1ef1769;7.52;7.3519078;BUY
2016-04-29T05:08:31.000000;2016-04-29T05:08:31.132950;ac86d31c-00f7-4f87-86bf-354f320d1e1b;7.52;6.63457726;BUY
2016-04-29T05:08:47.000000;2016-04-29T05:08:47.161541;ddca793a-19ce-4442-97f9-3f3a50fa5b15;7.53;3.16646892;BUY
2016-04-29T05:08:49.000000;2016-04-29T05:08:49.285748;c0e64275-386f-48e4-af4a-d10cc94acb70;7.53;3.16646892;BUY
2016-04-29T05:08:51.000000;2016-04-29T05:08:51.318952;fa8bf217-2f9d-4bad-8ca2-c529e0b77c03;7.53;3.16646892;BUY
2016-04-29T05:08:53.000000;2016-04-29T05:08:53.666163;689518f9-5fb5-42c8-9564-77e16cc0be1d;7.53;3.16646892;BUY
2016-04-29T05:08:56.000000;2016-04-29T05:08:56.450469;1a8e36f0-2be1-4d93-a7c6-4d050d8bbeec;7.53;3.16646892;BUY
2016-04-29T05:08:59.000000;2016-04-29T05:08:59.863784;3e43e508-7885-41ff-99da-4e90407129e2;7.53;3.16646892;BUY
2016-04-29T05:09:03.000000;2016-04-29T05:09:03.078106;bed1b575-abc5-4eb1-a633-daa906d8671b;7.53;1.00118648;BUY
2016-04-29T05:10:45.000000;2016-04-29T05:10:45.454365;99ce9389-3707-4001-ba77-f60c09931ca7;7.54;0.20769;BUY
2016-04-29T05:10:50.000000;2016-04-29T05:10:50.837925;7cfb9f4c-d251-4fbb-aa8c-5984b5f3b990;7.54;0.20769;BUY
2016-04-29T05:11:18.000000;2016-04-29T05:11:18.345628;d81c097b-6126-435a-bdb2-b0d62dc6734a;7.54;19.58462;BUY
2016-04-29T05:11:18.000000;2016-04-29T05:11:18.350648;c7225ab7-8613-4fd8-ae8a-3464ff62902c;7.54;20.0;BUY
2016-04-29T05:11:18.000000;2016-04-29T05:11:18.355666;edc2d553-649f-4038-a618-5e872885416d;7.55;10.41538;BUY
2016-04-29T05:25:53.000000;2016-04-29T05:25:53.586626;5b0e3054-a0b3-4dd7-88df-fa7120057856;7.54;1.0;BUY
2016-04-29T05:27:44.000000;2016-04-29T05:27:44.162652;1b2e15eb-5ad5-45b4-9ea5-cdc3430a3bcc;7.5381;6.01351494;SELL
2016-04-29T05:27:44.000000;2016-04-29T05:27:44.167659;7c16be7d-997c-4120-97ae-5451716fbe2f;7.5381;3.89371304;SELL
2016-04-29T05:27:44.000000;2016-04-29T05:27:44.209695;a0618dc4-715e-4287-9bb5-34a495fcf1eb;7.5381;5.99304661;SELL
2016-04-29T05:27:44.000000;2016-04-29T05:27:44.220674;b836d2a7-74fc-43a2-a959-45a3a35dbf18;7.5381;9.91312434;SELL
2016-04-29T05:27:44.000000;2016-04-29T05:27:44.231666;c0e4d9b0-4a7c-4b8c-9b75-28b155b49cd3;7.5351;7.3519078;SELL
2016-04-29T05:27:44.000000;2016-04-29T05:27:44.251707;d8391d2d-2b06-4025-84c4-0fcc9105e808;7.53;2.16528244;SELL
2016-04-29T05:27:44.000000;2016-04-29T05:27:44.257686;0c95fe03-8e38-4ff9-a1cf-3eac604ade69;7.52;6.4575783;SELL
2016-04-29T05:27:44.000000;2016-04-29T05:27:44.283659;23bc3b63-e244-41b0-86c5-00f54763d6fa;7.5161;9.91312434;SELL
2016-04-29T05:27:44.000000;2016-04-29T05:27:44.435683;e6cfcbf6-f8be-4764-8d92-a03a6d86c76b;7.5161;7.3519078;BUY
2016-04-29T05:27:48.000000;2016-04-29T05:27:48.528106;37f00a42-0d38-4ec3-8207-cfd081421eca;7.4801;1.72546366;SELL
2016-04-29T05:27:48.000000;2016-04-29T05:27:48.540147;e88edd23-6d49-4527-bc40-d06e4ce4a128;7.48;4.10479209;SELL
2016-04-29T05:27:48.000000;2016-04-29T05:27:48.550080;c70b7beb-7fd1-486c-a66f-59e86ae919e7;7.4794;7.07974425;SELL
2016-04-29T05:27:51.000000;2016-04-29T05:27:51.998438;a7213a6a-b3fd-4189-8564-2f5d1cb39b1f;7.4794;0.00139998;SELL
2016-04-29T05:27:52.000000;2016-04-29T05:27:53.001542;3f8fc5b4-84a0-4b89-97a5-3ab2169f9386;7.4794;5.88860002;BUY
2016-04-29T05:27:55.000000;2016-04-29T05:27:55.183763;90ba110b-c5f8-4d3b-9eae-e1685a58e654;7.48;14.88558038;BUY
2016-04-29T05:27:55.000000;2016-04-29T05:27:55.201772;2f8fb284-2a0d-48f6-be79-f023780cea83;7.48;14.88558038;BUY
2016-04-29T05:27:55.000000;2016-04-29T05:27:55.224754;b94bf4e0-1abb-48d3-af84-9e82c60f5980;7.48;2.99441772;BUY
2016-04-29T05:27:55.000000;2016-04-29T05:27:55.255763;c07e14c0-0e60-47dc-95a5-7779069ec65d;7.48;14.88558038;BUY
2016-04-29T05:27:55.000000;2016-04-29T05:27:55.274762;35586113-16e1-4d44-878f-ca018e9554d7;7.48;14.88558038;BUY
2016-04-29T05:27:55.000000;2016-04-29T05:27:55.304750;52a59754-6385-4986-a38c-fac896665d48;7.48;14.88558038;BUY
2016-04-29T05:28:01.000000;2016-04-29T05:28:01.354878;9b08b777-2237-44c8-b9cf-fff0e640fbc4;7.4701;4.89278062;SELL
2016-04-29T05:28:01.000000;2016-04-29T05:28:01.984458;ea87d5cc-7989-4ab0-bcb2-7837a0046c4e;7.494;9.99180171;BUY
2016-04-29T05:28:02.000000;2016-04-29T05:28:02.290472;80c3a9a0-bfc3-4a9c-8012-d0986c6e749f;7.494;9.99180171;BUY
2016-04-29T05:28:03.000000;2016-04-29T05:28:03.082545;b1aa2260-182a-4b80-8d1c-6ba1bac7ce71;7.4939;11.36105954;BUY
2016-04-29T05:28:03.000000;2016-04-29T05:28:03.104540;7b699e21-4a50-4dae-a0c0-5c4a56cdee90;7.494;3.52452084;BUY
2016-04-29T05:29:52.000000;2016-04-29T05:29:52.299453;5942bcdb-79e0-489f-bdda-15e821928cae;7.47;6.06453253;SELL
2016-04-29T05:29:52.000000;2016-04-29T05:29:52.302504;8fde56d0-39b6-488e-ad35-6bab2438b9ae;7.46;4.78139947;SELL
2016-04-29T05:29:52.000000;2016-04-29T05:29:52.308505;f097d13a-9660-4a6f-a37a-6b2122135ca6;7.45;1.0;SELL
2016-04-29T05:29:53.000000;2016-04-29T05:29:53.123539;14941770-35fd-405b-9afb-8f3df4345e3c;7.44;8.08;SELL
2016-04-29T05:29:53.000000;2016-04-29T05:29:53.134556;cd5df825-7e00-4f6b-9e35-c05d9cddc5d5;7.44;7.790162;SELL
2016-04-29T05:52:28.000000;2016-04-29T05:52:28.555734;2de44bbc-2b88-4731-bee0-3b5ba6ddc9d7;7.49;40.0;BUY
2016-04-29T05:53:00.000000;2016-04-29T05:53:00.398807;50da88fb-6866-4aa2-85c0-3462f23efa29;7.5;40.0;BUY
2016-04-29T05:57:12.000000;2016-04-29T05:57:12.615003;ae4929ea-21e2-4a27-b058-dcedb8a7a7b3;7.5181;0.2;SELL
2016-04-29T05:57:28.000000;2016-04-29T05:57:28.770640;404e61d8-61bd-4da6-9e81-5697415aaef7;7.515;0.4;BUY
2016-04-29T05:57:58.000000;2016-04-29T05:57:59.016651;d22d5576-01fd-45ba-827f-aebf48245f34;7.5141;0.6;SELL
2016-04-29T05:58:03.000000;2016-04-29T05:58:03.273075;674f376e-3808-4e54-8793-36080f1d11c3;7.515;9.39999963;BUY
2016-04-29T05:58:19.000000;2016-04-29T05:58:19.703724;dacbc848-4ea4-4931-ae6b-b74af69dfc09;7.5171;10.0;SELL
2016-04-29T05:58:22.000000;2016-04-29T05:58:22.785012;6a84a812-56f6-40f9-a593-287386adb234;7.518;10.0;SELL
2016-04-29T05:58:25.000000;2016-04-29T05:58:25.651336;0dd3268f-4169-481a-9a35-41d0f2ae657e;7.518;10.0;SELL
2016-04-29T05:59:23.000000;2016-04-29T05:59:23.997152;662f5b09-40f9-4758-b61a-9f032e9623f8;7.515;0.4;BUY
2016-04-29T05:59:33.000000;2016-04-29T05:59:33.326063;9a77a6ac-8026-49ae-9b8c-5e65319a468a;7.515;0.1;BUY
2016-04-29T05:59:41.000000;2016-04-29T05:59:41.976980;7ba97372-4742-42ee-ac18-560aa21afe67;7.5141;0.5;SELL
2016-04-29T06:00:11.000000;2016-04-29T06:00:11.369897;83868f39-f77e-4598-bc6a-6d526ea34bb8;7.515;2.4;BUY
2016-04-29T06:00:21.000000;2016-04-29T06:00:21.358292;7a6271cd-0046-41fe-9ea1-8c2654dab625;7.515;7.1;BUY
2016-04-29T06:00:21.000000;2016-04-29T06:00:21.361347;5bfb78b0-cd38-4813-bb16-108770950a49;7.515;0.41502994;BUY
2016-04-29T06:00:22.000000;2016-04-29T06:00:22.925055;c55b90c2-6fa9-4349-a373-b02c3e6693da;7.515;7.51502994;BUY
2016-04-29T06:00:23.000000;2016-04-29T06:00:23.757115;80d73163-502e-4ab0-b08b-295f52b27dec;7.515;2.06994012;BUY
2016-04-29T06:00:24.000000;2016-04-29T06:00:24.230174;7dcc2b23-692f-45d5-8a76-137f074a5173;7.52;5.44508982;BUY
2016-04-29T06:00:51.000000;2016-04-29T06:00:51.511919;03c2d10c-ff9e-447e-be56-5567f353e56e;7.5191;2.4;SELL
2016-04-29T06:00:52.000000;2016-04-29T06:00:52.649037;d7437733-d3ea-439b-8614-5099aef3fce8;7.52;4.55491018;BUY
2016-04-29T06:00:52.000000;2016-04-29T06:00:52.650289;63362658-884a-41fc-9580-d8d44c0a4604;7.52;0.55911788;BUY
2016-04-29T06:00:58.000000;2016-04-29T06:00:58.320602;9a60381b-9d5d-4198-9ef0-a1ed74386ff2;7.52;0.3;BUY
2016-04-29T06:01:09.000000;2016-04-29T06:01:09.592700;9cb17798-5c06-46d2-b1fd-94fd105e1f03;7.52;1.8;BUY
2016-04-29T06:01:13.000000;2016-04-29T06:01:13.765148;2172b836-5b3d-4137-962d-beb51118b429;7.52;2.99857902;BUY
2016-04-29T06:01:16.000000;2016-04-29T06:01:16.162346;83bee9dd-9f74-429e-945b-5e734231e8c6;7.52;2.99857902;BUY
2016-04-29T06:01:19.000000;2016-04-29T06:01:19.453678;67f8f78d-596c-4191-b426-1a5b1521daab;7.519;2.1;SELL
2016-04-29T06:01:19.000000;2016-04-29T06:01:19.522693;4df84d61-8278-42cd-a1f2-4bb4fe645cb4;7.52;1.33835456;BUY
2016-04-29T06:01:22.000000;2016-04-29T06:01:22.755007;a2ff2143-c85d-4fb7-911e-62322f4a85ab;7.52;0.00536952;BUY
2016-04-29T06:01:36.000000;2016-04-29T06:01:36.805424;cfd1b401-f086-4b4d-afd8-45a7544058a7;7.521;9.58;SELL
2016-04-29T06:02:10.000000;2016-04-29T06:02:10.425818;84765f36-337b-4564-9ddc-a8a219f75ffc;7.5381;1.04746924;BUY
2016-04-29T06:02:11.000000;2016-04-29T06:02:11.509893;8fd493e8-7bac-4cef-b951-73d3db8193b0;7.5381;0.83367496;BUY
2016-04-29T06:02:13.000000;2016-04-29T06:02:14.031141;9084463e-2858-4647-8aac-dee4572cbe23;7.5381;18.7079429;BUY
2016-04-29T06:03:20.000000;2016-04-29T06:03:20.807814;32431159-9a88-4d88-843b-035f15b54a21;7.5381;2.73391081;BUY
2016-04-29T06:05:08.000000;2016-04-29T06:05:08.611597;bd0db9bc-2aaf-4c0a-a217-aed2f6681e9c;7.5381;0.429;BUY
2016-04-29T06:08:07.000000;2016-04-29T06:08:07.748172;ebf4b08d-03f8-4290-9d61-6e8c18165461;7.5381;0.1721;BUY
2016-04-29T06:08:51.000000;2016-04-29T06:08:51.959563;5247d6cf-63b1-46a2-ae94-ebd45120e8c8;7.534;1.6;SELL
2016-04-29T06:08:51.000000;2016-04-29T06:08:51.976732;10627ad0-3bcc-4089-975f-847bbaab94f6;7.533;18.4;SELL
2016-04-29T06:09:29.000000;2016-04-29T06:09:29.237289;6deb6b4a-a003-4177-b898-44cb9934c85a;7.5381;1.88930101;BUY
2016-04-29T06:09:45.000000;2016-04-29T06:09:45.990982;1762a96f-0cc3-4b4f-ac68-7ad4e121c40d;7.54;10.0;BUY
2016-04-29T06:09:51.000000;2016-04-29T06:09:51.291489;2b393fee-8d63-4b1b-a59f-b122ae164354;7.551;10.0;BUY
2016-04-29T06:10:37.000000;2016-04-29T06:10:37.116077;b41e0837-1fda-4573-aac1-89aaad140097;7.549;1.6;BUY
2016-04-29T06:10:37.000000;2016-04-29T06:10:37.116077;d064360b-97c0-4ab7-b3b9-7bd00cd88898;7.55;6.9865;BUY
2016-04-29T06:11:36.000000;2016-04-29T06:11:36.421993;0b41b6b3-33a6-41cf-a2c8-3af897342971;7.54;18.70031328;BUY
2016-04-29T06:11:37.000000;2016-04-29T06:11:37.603124;e0361169-a45e-47ce-b039-2488e9a1c871;7.54;1.29968672;BUY
2016-04-29T06:11:44.000000;2016-04-29T06:11:44.476821;1c3aad06-597f-497b-9d14-6622a937e7c8;7.5421;18.70031328;SELL
2016-04-29T06:11:44.000000;2016-04-29T06:11:44.481823;9a029175-61a9-4a99-9ca8-8abbe7b7cf2c;7.5421;1.29968625;SELL
2016-04-29T06:11:44.000000;2016-04-29T06:11:44.507817;fb402f08-6a58-4f1f-8cf7-2cc14f9c36b1;7.5421;1.29968672;SELL
2016-04-29T06:11:44.000000;2016-04-29T06:11:44.508818;8c81bf86-3369-4acd-832e-562da3ec0dd9;7.542;79.33071982;SELL
2016-04-29T06:11:44.000000;2016-04-29T06:11:44.698828;fb67602c-8e37-4f94-92d7-57f5a5fd0c23;7.55;1.29968672;BUY
2016-04-29T06:11:45.000000;2016-04-29T06:11:45.475962;2385b642-5230-4bf1-a233-538d59904d05;7.55;1.29968672;BUY
2016-04-29T06:11:47.000000;2016-04-29T06:11:47.241082;3272f343-f2a1-4c31-bb10-d5e6ae7813c5;7.542;88.9955;SELL
2016-04-29T06:11:47.000000;2016-04-29T06:11:47.250089;f9fe176c-8707-44c7-9c69-4b8bba25842c;7.541;11.609949;SELL
2016-04-29T06:11:47.000000;2016-04-29T06:11:47.257099;a94208af-1c83-485b-893c-08383b1c8d84;7.54;0.02495707;SELL
2016-04-29T06:11:52.000000;2016-04-29T06:11:52.264590;54be9215-5613-49e3-a0ea-0357a5696ffe;7.543;97.7497;SELL
2016-04-29T06:11:52.000000;2016-04-29T06:11:52.276636;f4e5385d-744e-4d7f-9585-bb0c1c17859e;7.542;2.88070607;SELL
2016-04-29T06:11:56.000000;2016-04-29T06:11:56.527018;039ed759-0148-40c9-b56d-46b5026fab0a;7.543;92.8019;SELL
2016-04-29T06:11:56.000000;2016-04-29T06:11:56.537220;8822e1d5-511a-40c9-8923-6eaf3c7755bf;7.542;7.82850607;SELL
2016-04-29T06:11:57.000000;2016-04-29T06:11:57.352109;d48c8a76-ebf3-4ffa-a6d6-cc0ee9b536de;7.55;4.17660662;BUY
2016-04-29T06:12:50.000000;2016-04-29T06:12:50.661444;be24e12b-948f-4b05-8c75-a16d34fb875a;7.55;6.23751994;BUY
2016-04-29T06:12:50.000000;2016-04-29T06:12:50.665435;183d3028-6b1b-4fff-9ada-f652e9de0125;7.55;12.93230654;BUY
2016-04-29T06:13:11.000000;2016-04-29T06:13:11.362253;6df6e7d5-7fa8-46fa-bc34-71af53caaa7c;7.55;7.06769346;BUY
2016-04-29T06:13:11.000000;2016-04-29T06:13:11.366513;d4d0bcf2-0200-46d6-9a97-ced025b967d1;7.55;12.10213302;BUY
2016-04-29T06:13:13.000000;2016-04-29T06:13:13.206685;4d1db691-a663-486b-8a18-29b8e0b55c9d;7.55;7.89786698;BUY
2016-04-29T06:13:13.000000;2016-04-29T06:13:13.216744;0cd2025c-84e0-4631-950c-264667ded8f1;7.55;11.2719595;BUY
2016-04-29T06:13:15.000000;2016-04-29T06:13:17.596127;890140f6-edb7-4c8b-aba0-1906e938a98f;7.55;6.44992619;BUY
2016-04-29T06:13:21.000000;2016-04-29T06:13:21.246501;b5e52a1e-0d4c-4cc8-ba0c-ab7bb9fd85da;7.55;2.27811431;BUY
2016-04-29T06:13:23.000000;2016-04-29T06:13:23.372789;c5a098e2-e354-4f17-a568-82fd00816397;7.551;9.88;BUY
2016-04-29T06:13:34.000000;2016-04-29T06:13:34.499813;61fd45b0-753d-4355-9bd1-72fca1dd3220;7.56;6.44992619;BUY
2016-04-29T06:14:01.000000;2016-04-29T06:14:01.453503;7782874e-c36f-4c85-a44b-df675c2a504c;7.56;13.55007381;BUY
2016-04-29T06:14:01.000000;2016-04-29T06:14:01.460511;829f8fc2-0f18-4ed2-94eb-f86f74f49a8d;7.56;5.61975267;BUY
2016-04-29T06:14:02.000000;2016-04-29T06:14:02.144593;1dfd3430-613f-4eb6-8a27-fda9fa94cc08;7.56;5.48348013;BUY
2016-04-29T06:14:02.000000;2016-04-29T06:14:02.507620;626de496-6c70-4248-8f3b-66ce62a0af64;7.56;5.48348013;BUY
2016-04-29T06:14:04.000000;2016-04-29T06:14:04.291639;907cf96d-7f36-4187-b1be-8709e00319f8;7.56;3.41328707;BUY
2016-04-29T06:15:25.000000;2016-04-29T06:15:25.987964;765a912a-c77e-488e-b711-9f37ec61f2ea;7.56;19.05820324;BUY
2016-04-29T06:20:55.000000;2016-04-29T06:20:55.472259;160aeef3-c155-45de-a91c-ba92c6980782;7.56;0.94179676;BUY
2016-04-29T06:20:55.000000;2016-04-29T06:20:55.479257;ba14c9a1-b496-470a-8399-d9f5e19ff02e;7.56;20.0;BUY
2016-04-29T06:20:55.000000;2016-04-29T06:20:55.510269;17a795cd-d84e-4248-ab9e-30606df5a177;7.5751;0.85;BUY
2016-04-29T06:20:55.000000;2016-04-29T06:20:55.709301;aef38a3d-edfb-44fb-ab50-cd41cce99b4f;7.5759;0.47650445;BUY
2016-04-29T06:26:22.000000;2016-04-29T06:26:22.307937;d192121a-8ed5-4dc3-bcf4-f5718c370ae1;7.56;5.0;BUY
2016-04-29T06:30:04.000000;2016-04-29T06:30:04.242134;3eef595b-023d-43fa-a345-96a18ab9cac1;7.56;15.0;BUY
2016-04-29T06:30:04.000000;2016-04-29T06:30:04.249165;47e12e12-e964-46d7-bd67-1b6e45055788;7.5759;14.1754;BUY
2016-04-29T06:30:04.000000;2016-04-29T06:30:04.544180;04a2c976-2fae-4b41-bb24-81b5ac65b3c6;7.5759;10.7529;BUY
2016-04-29T06:31:02.000000;2016-04-29T06:31:02.213928;b91a4f6a-aa8e-48ae-9153-002bceab5719;7.5759;9.7135;BUY
2016-04-29T06:31:02.000000;2016-04-29T06:31:02.231923;1d2ef4c2-42c0-42ee-8322-457b45970a55;7.5759;26.6697;BUY
2016-04-29T06:32:00.000000;2016-04-29T06:32:00.238736;7f3232eb-e29d-4b7f-8fda-240111ca5940;7.58;0.4;BUY
2016-04-29T06:32:00.000000;2016-04-29T06:32:00.249730;ad5787ba-51ca-45a1-904d-e76bd7f002be;7.58;27.4788;BUY
2016-04-29T06:32:01.000000;2016-04-29T06:32:01.225833;598dc5b2-d060-45e6-b105-42e1e845661c;7.58;9.1282;BUY
2016-04-29T06:32:58.000000;2016-04-29T06:32:58.204525;5695d249-232c-4b0b-979e-42b920ca53d0;7.58;13.393;BUY
2016-04-29T06:32:58.000000;2016-04-29T06:32:58.209576;374cbec2-5195-4410-a0a2-85371443a732;7.58;15.8585;BUY
2016-04-29T06:32:59.000000;2016-04-29T06:32:59.254668;412c3219-e85c-406e-a116-6d535d26a8b7;7.58;9.1658;BUY
2016-04-29T06:33:56.000000;2016-04-29T06:33:56.263360;0e1554b3-9e00-47c0-8c33-364534a83858;7.58;22.05097011;BUY
2016-04-29T06:33:57.000000;2016-04-29T06:33:57.211476;c4464d69-2225-493a-8bf8-baf5317e2be8;7.58;3.92472989;BUY
2016-04-29T06:33:57.000000;2016-04-29T06:33:57.214503;f1122e69-95ee-4090-a233-685bb2528703;7.5873;0.85;BUY
2016-04-29T06:33:57.000000;2016-04-29T06:33:57.230426;1d251cc2-ac48-40b1-a59e-72b18cbf9afe;7.6379;4.70107011;BUY
2016-04-29T06:34:55.000000;2016-04-29T06:34:55.201228;d120d36e-8b0f-452e-988c-066b6014af77;7.63;1.98469303;BUY
2016-04-29T06:54:16.000000;2016-04-29T06:54:16.337116;a423b411-4e7c-4265-b73b-1c50d2b0a30f;7.63;0.34604;BUY
2016-04-29T06:54:20.000000;2016-04-29T06:54:20.953585;95fc75a1-94ef-4380-a8d3-51a29353a26e;7.63;0.34604;BUY
2016-04-29T06:58:13.000000;2016-04-29T06:58:13.399818;723ab5f0-60ec-420f-8853-7eb9dca58d37;7.63;9.84934361;BUY
2016-04-29T06:58:16.000000;2016-04-29T06:58:16.857170;88bce811-2080-4f51-b31f-366048e0920f;7.63;7.47388336;BUY
2016-04-29T06:58:16.000000;2016-04-29T06:58:16.863189;a6f71380-73a4-4cf5-bff1-f1b2136b8620;7.63;2.37546025;BUY
2016-04-29T06:58:17.000000;2016-04-29T06:58:17.463229;19ef3237-b08f-485f-8385-2911e86ceccc;7.63;17.62453975;BUY
2016-04-29T06:58:22.000000;2016-04-29T06:58:22.852789;0b48dbd9-f4c1-44f8-9bea-2ba7dcb8aa52;7.64;6.6273585;BUY
2016-04-29T06:58:26.000000;2016-04-29T06:58:26.638153;ca63ff6f-77eb-4fe8-9918-4c8840293d3a;7.64;2.61135282;BUY
2016-04-29T06:58:27.000000;2016-04-29T06:58:27.519244;68641bcf-7353-446f-b1eb-f465717cf7b7;7.64;30.04941675;BUY
2016-04-29T06:58:29.000000;2016-04-29T06:58:29.737474;c7a7a2e6-f67c-4ed6-a1fb-6231a797dd5a;7.64;6.97727536;BUY
2016-04-29T06:58:32.000000;2016-04-29T06:58:32.154694;1a198781-aef0-42a0-acbf-951d99a711c3;7.64;3.73459657;BUY
2016-04-29T06:58:36.000000;2016-04-29T06:58:36.400150;f83a2072-fb5c-4713-980d-55408a2f3ee4;7.65;1.0;BUY
2016-04-29T06:58:36.000000;2016-04-29T06:58:36.406140;55c87802-fa76-4feb-9ef0-d3c15c9ffb54;7.65;2.77888485;BUY
2016-04-29T06:58:39.000000;2016-04-29T06:58:39.538486;4d239104-317c-4f6f-a35e-031b7d3e9a2c;7.65;3.77888485;BUY
2016-04-29T06:59:17.000000;2016-04-29T06:59:17.945292;9ba84c10-9afb-4efc-9921-8c615237facd;7.65;4.43195111;BUY
2016-04-29T06:59:20.000000;2016-04-29T06:59:20.119502;1babc8fc-c166-483a-9cee-25d87898c5a5;7.65;7.96902077;BUY
2016-04-29T06:59:22.000000;2016-04-29T06:59:22.789771;cd45f9b0-82ce-4b08-9ab8-3264cf94380e;7.65;7.93350453;BUY
2016-04-29T06:59:27.000000;2016-04-29T06:59:27.226219;46a70dbc-5fcc-404b-a78a-84bd18ca1abd;7.65;7.85383678;BUY
2016-04-29T06:59:31.000000;2016-04-29T06:59:31.691648;489e858e-3919-4623-8536-a1dd3b1ddf08;7.65;7.71456671;BUY
2016-04-29T06:59:33.000000;2016-04-29T06:59:33.741878;7dcbf962-3042-4e4e-946e-04b359b1eac1;7.65;7.5393504;BUY
2016-04-29T06:59:40.000000;2016-04-29T06:59:40.439530;9d8fe2d2-6cfc-4122-bfa6-aaead749bdea;7.66;6.03877845;BUY
2016-04-29T06:59:44.000000;2016-04-29T06:59:44.702972;fcb632c7-14de-4b33-97d5-8cda585b6274;7.66;1.96122155;BUY
2016-04-29T07:02:43.000000;2016-04-29T07:02:43.738869;4c5960eb-79e5-4e75-9846-39cba7d2de27;7.6934;5.0;BUY
2016-04-29T07:02:43.000000;2016-04-29T07:02:43.748906;b1b6afa5-3113-45f9-9234-f4a1b11f994d;7.6935;10.0;BUY
2016-04-29T07:02:44.000000;2016-04-29T07:02:44.722955;5e03aa36-c4b7-472a-86f2-8ee0a7c4443c;7.7;14.5962376;BUY
2016-04-29T07:02:44.000000;2016-04-29T07:02:44.735985;0ad04f3c-521c-4306-85c5-5e4460658555;7.7;8.569327;BUY
2016-04-29T07:02:44.000000;2016-04-29T07:02:44.740959;91e1a206-5dbf-439c-bbca-f6077a16f8f5;7.7;100.0;BUY
2016-04-29T07:02:45.000000;2016-04-29T07:02:45.667062;03163b68-d115-46c8-808b-b17bf5e7359f;7.7041;1.0;BUY
2016-04-29T07:02:46.000000;2016-04-29T07:02:46.531134;43143920-ea34-4e68-bee4-3171fb5c4815;7.71;5.0;BUY
2016-04-29T07:08:40.000000;2016-04-29T07:08:40.252003;33ad2cbc-5ffb-46d4-90e4-3f1cafadd591;7.6722;2.5010004;SELL
2016-04-29T07:08:40.000000;2016-04-29T07:08:40.260000;858c2d3c-5d6b-428f-a118-8dd4acf7f66b;7.6677;6.3089996;SELL
2016-04-29T07:08:41.000000;2016-04-29T07:08:41.607163;a44165a3-931c-4a81-9b5a-cf74a7f101e8;7.6677;0.00408164;SELL
2016-04-29T07:08:41.000000;2016-04-29T07:08:41.615138;594c7890-559e-4886-87c2-89df6967395c;7.66;3.63804957;SELL
2016-04-29T07:08:45.000000;2016-04-29T07:08:45.198507;21cf2e9f-6709-4a86-97bb-66b9aaa94048;7.6546;3.62598;SELL
2016-04-29T07:08:45.000000;2016-04-29T07:08:45.213495;604222b7-f0f7-4602-b5e9-d9d762d0c981;7.65;7.49819215;SELL
2016-04-29T07:08:45.000000;2016-04-29T07:08:45.231483;e4b95913-5ff0-4b7d-9b13-23ebc870a699;7.65;7.50922316;SELL
2016-04-29T07:08:45.000000;2016-04-29T07:08:45.244508;cb9f474e-3b9a-49fe-9a9a-745ef97a4061;7.65;10.641124;SELL
2016-04-29T07:08:55.000000;2016-04-29T07:08:55.050488;46befbed-1ebc-4e6b-9161-33cf33cc118f;7.64;6.97727536;SELL
2016-04-29T07:08:56.000000;2016-04-29T07:08:56.906676;d1e5c56f-e066-4549-aa98-5ac4dbaca14c;7.6302;2.99519808;SELL
2016-04-29T07:08:56.000000;2016-04-29T07:08:56.914674;cde32eaf-26ba-4c6f-8ddd-ac6ae2096bfc;7.6302;2.99519808;SELL
2016-04-29T07:08:56.000000;2016-04-29T07:08:56.952705;1360c13c-a168-4d2a-aa90-9dc9749096c1;7.63;9.84934361;SELL
2016-04-29T07:11:42.000000;2016-04-29T07:11:42.982297;e39db8cd-0429-44ae-b135-4b460e622531;7.6053;6.30676816;BUY
2016-04-29T07:45:30.000000;2016-04-29T07:45:30.850503;3b4ebc7d-deb4-4b39-b4af-2eac621141d8;7.61;9.0;BUY
2016-04-29T07:45:31.000000;2016-04-29T07:45:31.516670;8c2f8410-2d4c-441a-945a-f04b8878e490;7.61;9.0;BUY
2016-04-29T07:46:18.000000;2016-04-29T07:46:18.933307;caa2e040-5eae-4815-8fb5-80467599d7a3;7.61;0.69700431;BUY
2016-04-29T07:46:19.000000;2016-04-29T07:46:19.786429;f3264f2c-f58f-4b17-bf43-f62248fa6334;7.61;15.72429316;BUY
2016-04-29T07:46:20.000000;2016-04-29T07:46:20.976504;a51b2c36-8dcc-4673-ad53-c77010b2bd2c;7.61;15.72429316;BUY
2016-04-29T07:46:22.000000;2016-04-29T07:46:22.080612;730befa3-ce80-43b5-84b9-9c39f744bdef;7.61;15.72429316;BUY
2016-04-29T07:46:39.000000;2016-04-29T07:46:39.287348;942e1ad0-c30d-48c4-a8ec-dd9ba96d27f7;7.61;15.72429316;BUY
2016-04-29T07:46:39.000000;2016-04-29T07:46:39.674394;ea3dc8fd-ad5e-4a28-8739-0e7cd861139b;7.61;15.72429316;BUY
2016-04-29T07:46:39.000000;2016-04-29T07:46:39.717388;f182515d-d162-4e6e-866c-c38c3e0b2bce;7.61;15.72429316;BUY
2016-04-29T07:46:40.000000;2016-04-29T07:46:40.575483;4eb4e979-4199-459c-9f61-1585a0162756;7.61;15.72429316;BUY
2016-04-29T07:46:41.000000;2016-04-29T07:46:41.078533;6e0ccc8d-f4fc-4bab-b0a9-3da949291007;7.61;15.72429316;BUY
2016-04-29T07:46:42.000000;2016-04-29T07:46:42.204639;2c5316df-ce42-4bdd-944e-213bb1437012;7.61;3.17337934;BUY
2016-04-29T07:46:44.000000;2016-04-29T07:46:44.472916;d9e17807-4bd9-4170-9707-f9b448386a5c;7.61;2.33527107;BUY
2016-04-29T08:11:03.000000;2016-04-29T08:11:03.369416;513d9f34-7e2b-4df7-b3ff-e7085b8e579b;7.628;18.83924409;BUY
2016-04-29T08:15:13.000000;2016-04-29T08:15:13.093422;e797a3cc-453c-4f61-91f3-d22e4ae89a13;7.6959;2.988012;BUY
2016-04-29T08:15:13.000000;2016-04-29T08:15:13.100433;109af6e8-ccdd-40e9-9000-3d91d0cbdae3;7.6992;1.3683168;BUY
2016-04-29T08:15:13.000000;2016-04-29T08:15:13.110398;60a4213b-7f8e-4d15-90fd-22dae513a24c;7.6999;7.173452;BUY
2016-04-29T08:15:13.000000;2016-04-29T08:15:13.131407;2eac11d6-2be7-4e8f-b257-887c73243763;7.7;4.03473208;BUY
2016-04-29T08:15:14.000000;2016-04-29T08:15:14.606550;00887483-c6fe-4a86-8f75-ea240be72329;7.7;18.83924409;BUY
2016-04-29T08:15:14.000000;2016-04-29T08:15:14.664553;c5b73c2a-a1b7-4081-8cce-c80b92372604;7.7;4.25016699;BUY
2016-04-29T08:15:14.000000;2016-04-29T08:15:14.702570;7c4ee058-7c02-415a-b8bc-e8303b110392;7.7;15.5645129;BUY
2016-04-29T08:15:15.000000;2016-04-29T08:15:15.467660;5b67f3db-2bed-4977-a225-ff09e948b69d;7.7;15.56451288;BUY
2016-04-29T08:15:15.000000;2016-04-29T08:15:15.797689;93dac790-3ce6-4bdc-9a72-ffca0a1ee50d;7.7;15.56451288;BUY
2016-04-29T08:15:16.000000;2016-04-29T08:15:16.651759;dbde4f64-7cf2-4933-871a-b17c21addeb6;7.7;5.54156269;BUY
2016-04-29T08:18:12.000000;2016-04-29T08:18:12.727362;a30aca8b-a528-45a1-b00b-e4a399b94f5f;7.7;22.40695549;BUY
2016-04-29T08:18:12.000000;2016-04-29T08:18:12.735392;f0ab6e59-6023-4f51-8228-45c8ff909f48;7.7126;1.0;BUY
2016-04-29T08:18:12.000000;2016-04-29T08:18:12.758434;04133c28-64fe-48c8-9f96-330353952826;7.713;0.85;BUY
2016-04-29T08:18:12.000000;2016-04-29T08:18:12.759360;ff9482b8-663c-4e2b-aa01-52fd2604975b;7.7157;1.0;BUY
2016-04-29T08:18:12.000000;2016-04-29T08:18:12.759360;d3cf8966-edf5-4384-b199-c08276ff6f3b;7.717;4.0;BUY
2016-04-29T08:18:12.000000;2016-04-29T08:18:12.765450;d2b0fa63-0000-4d6f-9df5-cc8d592655e9;7.72;10.0;BUY
2016-04-29T08:18:12.000000;2016-04-29T08:18:12.789360;6b196a41-8bd5-4426-977f-ac62f95a873b;7.72;0.4;BUY
2016-04-29T08:19:39.000000;2016-04-29T08:19:39.774159;eb97e49f-0f4c-4d0f-964b-5c929690a0e6;7.72;2.34304451;SELL
2016-04-29T08:29:14.000000;2016-04-29T08:29:14.692136;edf9fb3a-f8a9-4d36-a806-604c3687e85a;7.609;0.62281577;SELL
2016-04-29T08:46:56.000000;2016-04-29T08:46:56.896430;8eef95e5-65d6-4625-bbb2-0f97dcddb106;7.63;5.88310181;SELL
2016-04-29T08:46:57.000000;2016-04-29T08:46:57.440460;98f1c81e-5de0-4be2-b6a7-586052366f4c;7.63;494.11689819;SELL
2016-04-29T08:53:59.000000;2016-04-29T08:53:59.530504;1a8abedd-27f6-47e3-9399-2a9e75ff88a4;7.5739;8.7034;BUY
2016-04-29T08:56:11.000000;2016-04-29T08:56:11.846687;a1c195aa-113b-40fa-ad3f-a12bc938e3f1;7.55;0.3263242;SELL
2016-04-29T09:01:24.000000;2016-04-29T09:01:24.074900;912a8803-410a-4344-9909-194d02b45888;7.55;5.0;SELL
2016-04-29T09:01:48.000000;2016-04-29T09:01:48.352333;3ab509f1-87ec-491b-9d75-1624597ef7a6;7.55;5.0;SELL
2016-04-29T09:01:48.000000;2016-04-29T09:01:48.969401;4dd8b9bd-6d4b-4555-ab30-7e7073c366a8;7.55;5.0;SELL
2016-04-29T09:01:55.000000;2016-04-29T09:01:55.739078;824ce554-0463-4000-a811-cb9cb21d2936;7.55;5.0;SELL
2016-04-29T09:01:56.000000;2016-04-29T09:01:56.407171;cfe58374-24d9-4b68-b8cd-2931afa356f8;7.55;5.0;SELL
2016-04-29T09:02:04.000000;2016-04-29T09:02:04.234933;c7821256-a7b8-43e7-a0f2-3a257a698734;7.55;5.0;SELL
2016-04-29T09:05:18.000000;2016-04-29T09:05:18.464371;5d04458c-0a76-4d5b-9aad-c507f2477ada;7.55;219.6736758;SELL
2016-04-29T09:07:08.000000;2016-04-29T09:07:08.868612;0feea089-d432-4a7f-87f4-b6782975aec1;7.54;1.63765583;SELL
2016-04-29T09:07:08.000000;2016-04-29T09:07:08.873646;e44ed4b4-1edc-4546-8ab8-29e14eaaa95e;7.54;1.29449317;SELL
2016-04-29T09:07:08.000000;2016-04-29T09:07:08.876625;96503804-06c4-4b3d-a0d3-c56da563f878;7.54;95.8712;SELL
2016-04-29T09:07:08.000000;2016-04-29T09:07:08.904630;f6eb94a8-82d9-476d-bebb-c1df262499ad;7.5376;0.85;SELL
2016-04-29T09:07:08.000000;2016-04-29T09:07:08.904630;8f49acec-2e0b-4ab2-ad2f-d965c3238489;7.52;0.346651;SELL
2016-04-29T09:07:20.000000;2016-04-29T09:07:20.182759;5d7518e1-94e4-47a8-ac1d-0022c80cc4ed;7.523;0.6;SELL
2016-04-29T09:07:20.000000;2016-04-29T09:07:20.191758;eb7031ca-f704-4673-8d72-d17de36c6a4f;7.523;98.3428;SELL
2016-04-29T09:07:20.000000;2016-04-29T09:07:20.195757;1a6a0642-49f4-45e5-a2a4-c31c70b723f1;7.523;1.0572;SELL
2016-04-29T09:08:02.000000;2016-04-29T09:08:02.290994;5ff375fb-a6da-45c1-af71-8806e7f8af7f;7.527;98.8084;SELL
2016-04-29T09:08:02.000000;2016-04-29T09:08:02.292958;ab8b5350-ad0a-4354-8f92-b780340cd1d2;7.527;1.1916;SELL
2016-04-29T09:18:59.000000;2016-04-29T09:18:59.559686;2304a925-cab3-4d04-a503-3e5228670755;7.533;98.6993;SELL
2016-04-29T09:18:59.000000;2016-04-29T09:18:59.565722;a2f7a0e3-a040-4be2-9580-5f84e4712089;7.5324;8.87405396;SELL
2016-04-29T09:19:19.000000;2016-04-29T09:19:19.451711;5e717d1a-805f-4b65-872c-7e0c9491c803;7.5322;1.2;SELL
2016-04-29T09:19:24.000000;2016-04-29T09:19:24.750218;bad7084e-ad6b-4e40-8a52-738c5316174a;7.5323;8.87417178;SELL
2016-04-29T09:19:24.000000;2016-04-29T09:19:24.763249;cce27761-9287-41c9-afd0-67e7006c536a;7.5323;8.87357923;SELL
2016-04-29T09:19:24.000000;2016-04-29T09:19:24.781230;d84021f8-600b-4011-8b83-ec6fa391d459;7.5322;7.67428959;SELL
2016-04-29T09:19:24.000000;2016-04-29T09:19:24.828207;11cd0eba-9d76-4206-a64a-ef43d5e404f3;7.521;98.2668;SELL
2016-04-29T09:19:24.000000;2016-04-29T09:19:24.834202;e9dae7c1-f26e-4289-b6a6-edf7e9ead753;7.52;0.98633404;SELL
2016-04-29T09:19:24.000000;2016-04-29T09:19:24.859212;74670335-1f8e-49de-9606-f91dfa8dcdee;7.52;20.0;SELL
2016-04-29T09:19:24.000000;2016-04-29T09:19:24.860200;8733d63b-1e1f-40c9-b088-eb783ab39dde;7.52;6.784903;SELL
2016-04-29T09:19:24.000000;2016-04-29T09:19:24.860200;8127e4ce-f0f1-49c6-aad3-ea0ac391efe8;7.511;3.77247617;SELL
2016-04-29T09:19:24.000000;2016-04-29T09:19:24.860200;ade6535d-cef6-4143-aff4-3c15d3f72a5f;7.51;4.9989;SELL
2016-04-29T09:19:24.000000;2016-04-29T09:19:24.869199;0ca37361-2edf-4c9c-8ad2-3bf21cbeac48;7.5049;3.568314;SELL
2016-04-29T09:19:24.000000;2016-04-29T09:19:24.890248;78270aa8-2bfc-48df-be57-d12c21a20d97;7.5011;60.42494803;SELL
2016-04-29T09:19:34.000000;2016-04-29T09:19:35.198230;c42341d6-a04a-4000-b149-01d63c3341a2;7.5021;5.0;SELL
2016-04-29T09:19:41.000000;2016-04-29T09:19:41.439941;bd43da5b-2027-4609-88c1-1c11f4208926;7.55;9.00902634;BUY
2016-04-29T09:19:41.000000;2016-04-29T09:19:41.729940;ba94fe4c-891a-47b1-ae6c-ddd404831b9a;7.55;8.88262146;BUY
2016-04-29T09:19:42.000000;2016-04-29T09:19:42.220959;204bb776-06f2-42ac-a725-bf25548ef6eb;7.55;6.25604246;BUY
2016-04-29T09:19:43.000000;2016-04-29T09:19:43.326079;82d05abe-f77b-49c3-b7d4-edffd372297c;7.55;3.06140142;BUY
2016-04-29T09:19:44.000000;2016-04-29T09:19:44.435176;c5c0f6e5-2a23-41c9-9c88-8cdf782b31a4;7.55;2.75298389;BUY
2016-04-29T09:24:16.000000;2016-04-29T09:24:16.638700;7fd649f6-0f4a-42cd-a8b2-4f57bae3e7f2;7.549;5.0;BUY
2016-04-29T09:24:16.000000;2016-04-29T09:24:16.649699;f79dcd76-d91f-4a18-bc52-cfd8d9665bb2;7.55;3.85573206;BUY
2016-04-29T09:24:17.000000;2016-04-29T09:24:17.938837;8ba1f35e-07b0-432e-b995-e4e780f6a033;7.55;5.27537097;BUY
2016-04-29T09:33:51.000000;2016-04-29T09:33:51.209188;b79148db-3de7-4ac5-b526-e681aa6f4dc7;7.55;0.25619809;BUY
2016-04-29T09:33:51.000000;2016-04-29T09:33:51.823240;9fe43c36-7108-4426-b3d8-6fc4c7d93b3e;7.55;0.64637845;BUY
2016-04-29T09:33:52.000000;2016-04-29T09:33:52.035235;62db2b44-e95b-4c96-bcab-7e7bcdf0fe21;7.55;0.25619809;BUY
2016-04-29T09:33:52.000000;2016-04-29T09:33:52.909352;05eadf80-18e7-4201-92d3-ab876e207774;7.55;0.25619809;BUY
2016-04-29T09:34:48.000000;2016-04-29T09:34:48.547889;52190594-368c-4202-a740-a22f5857898b;7.55;8.88380144;BUY
2016-04-29T09:34:48.000000;2016-04-29T09:34:48.548917;f3e5cec7-31a4-4a03-9932-e5fa6f5494a8;7.55;0.26188277;BUY
2016-04-29T09:34:48.000000;2016-04-29T09:34:48.558920;7775c230-da04-49d9-9759-d3540d2c00d0;7.55;8.88285818;BUY
2016-04-29T09:36:05.000000;2016-04-29T09:36:05.689601;a1a9e4c1-9154-4ff6-a291-be37f2d66e5c;7.5351;8.87166395;SELL
2016-04-29T09:36:05.000000;2016-04-29T09:36:05.695681;ed2d2e61-c19c-47c1-8f86-7f5ae3f69d9f;7.535;41.05408848;SELL
2016-04-29T09:43:19.000000;2016-04-29T09:43:19.859400;5ccf564a-3c33-4397-a7fb-ef94927537cd;7.55;2.08809031;BUY
2016-04-29T09:43:22.000000;2016-04-29T09:43:22.847668;2299f6dc-ad5c-4e4a-a2f2-d069503424c7;7.55;1.82240896;BUY
2016-04-29T09:43:25.000000;2016-04-29T09:43:25.773948;bf08b48e-1848-451e-b9bf-d885013e0838;7.55;0.63070575;BUY
2016-04-29T09:43:28.000000;2016-04-29T09:43:28.914258;cdae1606-7df3-404b-9eea-28307f95d46e;7.55;0.63070574;BUY
2016-04-29T09:43:32.000000;2016-04-29T09:43:32.426656;2212ae27-1044-413e-a6a9-e643aa8277c1;7.55;0.6308145;BUY
2016-04-29T09:43:35.000000;2016-04-29T09:43:35.563937;124b023d-6c60-427e-a864-486867f3b3e6;7.55;0.63070574;BUY
2016-04-29T09:43:37.000000;2016-04-29T09:43:37.762189;5d1bf25c-8529-4b53-842b-c0b97a9b4eb0;7.55;1.29183787;BUY
2016-04-29T09:43:40.000000;2016-04-29T09:43:40.395409;56c8b333-5b20-4758-ae37-9b0f7f258a34;7.55;0.7510601;BUY
2016-04-29T09:43:42.000000;2016-04-29T09:43:42.514660;b2245d71-b6f9-48f1-8d2f-0c18abe1c31f;7.55;0.87121943;BUY
2016-04-29T09:43:46.000000;2016-04-29T09:43:46.269006;5713f394-16e9-49b4-b011-9ccd6e0d053d;7.55;0.63070574;BUY
2016-04-29T09:43:50.000000;2016-04-29T09:43:50.288441;a54d7c16-3789-417f-ae55-97bcfa989a3b;7.55;4.32216172;BUY
2016-04-29T09:43:54.000000;2016-04-29T09:43:54.366816;ffba36e0-35f2-4c8b-a0b2-b0ba35a968f6;7.55;4.32216172;BUY
2016-04-29T09:43:54.000000;2016-04-29T09:43:54.815891;316b72f3-b219-4f8c-b7db-38e387bb7eb6;7.55;8.3547705;BUY
2016-04-29T09:43:58.000000;2016-04-29T09:43:58.722301;e4490a05-1ecd-46d5-b58a-99442bc6ef3f;7.55;4.32216172;BUY
2016-04-29T09:44:03.000000;2016-04-29T09:44:03.141696;c2d51bb4-2524-4f94-a1fb-3d1dcd907266;7.55;4.32216172;BUY
2016-04-29T09:44:05.000000;2016-04-29T09:44:05.845956;7f1b44c7-7a93-498a-a35e-539a0c51e37a;7.55;4.32216172;BUY
2016-04-29T09:44:08.000000;2016-04-29T09:44:08.845253;65100136-61d7-4966-bb8e-2a619922600c;7.55;1.00156482;BUY
2016-04-29T09:44:12.000000;2016-04-29T09:44:12.163590;c2d8dd26-65f7-429f-976d-7110b8bb14bf;7.55;1.00147911;BUY
2016-04-29T09:44:14.000000;2016-04-29T09:44:14.337810;79424171-5448-4604-84da-7f4278017f63;7.55;1.13175288;BUY
2016-04-29T09:44:17.000000;2016-04-29T09:44:17.225089;0a289695-f91a-485f-815d-fbc80bc7b500;7.55;0.63070576;BUY
2016-04-29T09:44:19.000000;2016-04-29T09:44:19.422346;3312c3ae-0210-4237-ba3c-d9480edde4c8;7.55;4.32216172;BUY
2016-04-29T09:44:21.000000;2016-04-29T09:44:21.653534;3edbf72a-bcd1-41af-b5e0-30c8d92fae78;7.55;4.32216172;BUY
2016-04-29T09:44:42.000000;2016-04-29T09:44:42.055582;623d6c74-3c0a-4057-9059-e6b0a8ab5de9;7.55;3.9;BUY
2016-04-29T09:44:59.000000;2016-04-29T09:44:59.524324;f8051c07-8c09-4504-b1a3-2872003c820a;7.55;1.10289516;BUY
2016-04-29T09:45:00.000000;2016-04-29T09:45:00.122376;986ee233-ed94-4b06-885e-75b95119952d;7.55;84.10675188;BUY
2016-04-29T09:54:28.000000;2016-04-29T09:54:28.283276;8c150bbd-e754-46cb-b0b7-0f32fc490c9c;7.5382;2.75444246;SELL
2016-04-29T09:54:28.000000;2016-04-29T09:54:28.289307;ccd38ef0-9893-455f-9027-02a0018cad6f;7.5347;6.36924538;SELL
2016-04-29T09:54:28.000000;2016-04-29T09:54:28.291333;d4ed945a-a01e-42bf-9243-1b331dabe3cb;7.53;2.87631216;SELL
2016-04-29T09:55:12.000000;2016-04-29T09:55:12.775724;d2181b85-70a4-436d-8428-1938bb7642dd;7.6169;3.9;BUY
2016-04-29T09:55:12.000000;2016-04-29T09:55:12.783738;f02225db-dfdc-4df9-961e-26f555972e94;7.62;20.1;BUY
2016-04-29T10:06:09.000000;2016-04-29T10:06:09.968460;29fcb659-51da-433c-8092-13139ef9bc91;7.541;4.2;SELL
2016-04-29T10:06:09.000000;2016-04-29T10:06:09.979457;722f6e1c-598a-4441-8799-c42223040765;7.54;0.8;SELL
2016-04-29T10:08:04.000000;2016-04-29T10:08:04.559867;e785251a-8880-4210-a196-cb5f2b4cda47;7.6088;0.25208798;BUY
2016-04-29T10:09:47.000000;2016-04-29T10:09:47.643172;62abceb9-f2df-4ec8-b56f-13249124ba37;7.539;0.3;SELL
2016-04-29T10:09:47.000000;2016-04-29T10:09:47.644182;70f8c151-456a-46c2-b93f-886f36e76e36;7.537;39.7;SELL
2016-04-29T10:15:09.000000;2016-04-29T10:15:09.152333;cd716564-2fe9-4fe0-a33c-9ab343f38731;7.595;6.11078815;SELL
2016-04-29T10:18:00.000000;2016-04-29T10:18:00.454517;61f664a4-8fba-48a2-83da-2bea3d32e2da;7.595;18.88921185;SELL
2016-04-29T10:18:49.000000;2016-04-29T10:18:49.880442;77149e0c-ea70-4186-91ea-a5a071fdfcec;7.5433;7.15735718;SELL
2016-04-29T10:51:11.000000;2016-04-29T10:51:11.682863;4e2b3e92-d78c-4c9b-847d-3fcfa851441e;7.5433;1.37120616;SELL
2016-04-29T10:51:17.000000;2016-04-29T10:51:23.405924;869f14a4-427f-4ec0-90b1-1c5daac50b44;7.5433;0.33858452;SELL
2016-04-29T10:51:17.000000;2016-04-29T10:51:23.414928;f12dbe4b-390b-45d4-86f6-2526a7ea446d;7.54;4.11748185;SELL
2016-04-29T10:51:24.000000;2016-04-29T10:51:24.673040;5c7498c5-2db3-43a6-965c-720f7106f843;7.54;4.45606637;SELL
2016-04-29T10:51:28.000000;2016-04-29T10:51:28.127947;96a7e68c-bff6-45c7-8a62-acfac967d5a8;7.54;1.42645178;SELL
2016-04-29T10:52:05.000000;2016-04-29T10:52:05.475707;e0d7fcb5-6bb8-49c5-b3fb-1de09c99133a;7.53;2.12368784;SELL
2016-04-29T10:52:05.000000;2016-04-29T10:52:05.480697;6e873d28-0903-4e7a-a1a7-548b66db2e58;7.52;0.89394862;SELL
2016-04-29T10:57:25.000000;2016-04-29T10:57:25.189657;74ed1fbd-92d4-40d1-901e-3fe95184b234;7.52;0.3505;SELL
2016-04-29T10:58:42.000000;2016-04-29T10:58:42.503363;35b1ab69-4d7b-4841-8e99-b2938b5c3ef0;7.52;0.17525;SELL
2016-04-29T11:05:10.000000;2016-04-29T11:05:10.069123;f2ffdd4d-633b-46c8-b3a2-4d6dd8b04b32;7.539;1.0;BUY
2016-04-29T11:05:47.000000;2016-04-29T11:05:47.464870;df629585-93ad-4a34-8d83-ca7efc8f6939;7.539;3.5;BUY
2016-04-29T11:05:47.000000;2016-04-29T11:05:47.466854;1a80d824-104a-48a7-a12b-7f0fea15f04b;7.54;3.02961459;BUY
2016-04-29T11:05:47.000000;2016-04-29T11:05:47.476898;133de138-5613-4903-90fb-381dfd05c03b;7.5549;93.37038541;BUY
2016-04-29T11:06:17.000000;2016-04-29T11:06:17.578871;bad31015-8e28-4d0e-bfd3-cb20c6d13964;7.53;5.0;SELL
2016-04-29T11:06:17.000000;2016-04-29T11:06:17.581882;6f462078-90ec-46df-ac03-fdececbc33fc;7.53;5.0;SELL
2016-04-29T11:06:17.000000;2016-04-29T11:06:17.594910;20e9fc2d-6198-42d5-9866-cf5df86b7824;7.52;18.58030138;SELL
2016-04-29T11:06:17.000000;2016-04-29T11:06:17.607902;37e37da1-e558-4725-ad53-d5900bd56a9f;7.52;10.0;SELL
2016-04-29T11:06:17.000000;2016-04-29T11:06:17.618874;64b9d8ed-1e8c-44cd-a732-203b865eaa4c;7.51;50.0;SELL
2016-04-29T11:06:17.000000;2016-04-29T11:06:17.619871;e9eb120e-9a2c-44b5-85d8-e5bc5a8f3b4b;7.51;100.0;SELL
2016-04-29T11:06:17.000000;2016-04-29T11:06:17.628904;ed7668e5-afe4-411b-9bc5-87149d2121bc;7.5034;5.3162;SELL
2016-04-29T11:06:17.000000;2016-04-29T11:06:17.639904;1c0743a5-da2d-4dc5-a719-bd0cc5ce1ab9;7.5;5.70349862;SELL
2016-04-29T11:18:14.000000;2016-04-29T11:18:14.591985;649f49a7-5835-4086-bd25-adcb062863d5;7.58;1.0;BUY
2016-04-29T11:18:34.000000;2016-04-29T11:18:34.813086;15063efa-50eb-4151-9992-6f5a1483466d;7.57;100.0;SELL
2016-04-29T11:18:49.000000;2016-04-29T11:18:49.535501;23888c7c-a9ab-4105-b75e-9e8e01035e59;7.512;1.17792371;SELL
2016-04-29T11:19:14.000000;2016-04-29T11:19:14.475966;aec77df5-d962-4f36-93b8-866f3fb995d8;7.58;1.0;SELL
2016-04-29T11:19:53.000000;2016-04-29T11:19:53.673893;9cb77b6e-b5bc-41f4-9169-eef55338f8d9;7.58;1.0;BUY
2016-04-29T11:19:53.000000;2016-04-29T11:19:53.674886;f3ed9446-97d6-4811-990f-d0056ddfa637;7.6069;2.0;BUY
2016-04-29T11:20:41.000000;2016-04-29T11:20:41.642689;375f7d66-9381-42a5-af3d-57e30ab37e68;7.6;1.0;SELL
2016-04-29T11:23:14.000000;2016-04-29T11:23:14.162173;e2e97fa3-5670-4188-a457-f127174c0456;7.595;99.3304;BUY
2016-04-29T11:23:14.000000;2016-04-29T11:23:14.173184;c683ea3f-ae73-419a-b667-39921c234f6f;7.6;50.0;BUY
2016-04-29T11:23:14.000000;2016-04-29T11:23:14.229192;6d808757-1f08-4c41-86f1-d0b9453d340d;7.6069;150.6696;BUY
2016-04-29T11:23:14.000000;2016-04-29T11:23:14.230178;4e7e79eb-e1ab-459e-854c-74cedaf840d3;7.6069;147.3304;BUY
2016-04-29T11:23:14.000000;2016-04-29T11:23:14.238217;cf435295-046e-477c-8595-251aa726e4d3;7.6092;5.88310181;BUY
2016-04-29T11:23:14.000000;2016-04-29T11:23:14.245171;4fc72d92-9b56-406e-81ca-a9de760b574d;7.612;2.6932808;BUY
2016-04-29T11:23:14.000000;2016-04-29T11:23:14.251203;17c9e6a4-3d85-494d-ac5c-106fa1222b4d;7.6127;5.88310181;BUY
2016-04-29T11:23:14.000000;2016-04-29T11:23:14.701216;e3d67da1-d31f-4407-b806-93de53d33278;7.62;4.19645429;SELL
2016-04-29T11:23:14.000000;2016-04-29T11:23:14.790272;284dfeb6-39ae-40b9-980b-8ea35c24514d;7.62;28.40492497;SELL
2016-04-29T11:23:23.000000;2016-04-29T11:23:23.649115;ac7d6421-10bf-469c-afe4-e1a2ebd5460f;7.62;105.60873632;SELL
2016-04-29T11:25:10.000000;2016-04-29T11:25:10.361791;966cd130-480a-4e56-8b9e-3e972757cd84;7.619;5.0;BUY
2016-04-29T11:45:23.000000;2016-04-29T11:45:23.232888;e0d9d96e-fcc3-44de-9c8f-e80b7725f1d1;7.607;0.7;BUY
2016-04-29T11:48:17.000000;2016-04-29T11:48:17.587322;173f3d22-592e-43f6-bcee-4dd28dc8078b;7.6;1.5696704;SELL
2016-04-29T11:48:22.000000;2016-04-29T11:48:22.236820;ecdba0fb-afa0-4f41-ab59-17dad49d3cf7;7.6;18.4303296;SELL
2016-04-29T11:48:22.000000;2016-04-29T11:48:22.244790;ed5a9b79-a3cd-43d8-a070-f1b5a356a16a;7.52;98.7537;SELL
2016-04-29T11:48:22.000000;2016-04-29T11:48:22.247794;6507d01d-5048-4c84-a75c-691226712639;7.5187;6.40563712;SELL
2016-04-29T11:48:22.000000;2016-04-29T11:48:22.255757;dd61acb5-4c48-4a0a-9f90-d8b2dd7d10bd;7.518;2.7242;SELL
2016-04-29T11:48:22.000000;2016-04-29T11:48:22.262769;f772b5a2-5e23-465e-b3f9-e42a42d7544b;7.514;10.0;SELL
2016-04-29T11:48:22.000000;2016-04-29T11:48:22.270792;d8553769-c972-41ea-a5b7-ec2e50bd8148;7.51;1.0;SELL
2016-04-29T11:48:22.000000;2016-04-29T11:48:22.279795;1dbaf757-388b-4e51-930d-0b2d2aa0be57;7.51;16.59197292;SELL
2016-04-29T11:48:48.000000;2016-04-29T11:48:48.240363;a5592d50-62b6-4d62-bdaf-e783da359b93;7.599;5.0;BUY
2016-04-29T11:49:09.000000;2016-04-29T11:49:09.332454;a305e637-e0f8-4c5f-b366-57df4b77ab0d;7.599;1.0;BUY
2016-04-29T11:49:24.000000;2016-04-29T11:49:24.207944;cd9d3c71-f795-48b1-b684-913d17f55f3d;7.597;1.0;BUY
2016-04-29T11:53:16.000000;2016-04-29T11:53:16.153471;979fc1b9-22f2-4f27-bc6b-60610c4104ab;7.5683;6.39923148;BUY
2016-04-29T11:53:16.000000;2016-04-29T11:53:16.189501;18ae3fd4-4d4f-40ef-83c4-829ee0580d9b;7.589;3.60076852;BUY
2016-04-29T11:57:47.000000;2016-04-29T11:57:47.265593;184ee5d0-9231-47a0-b923-2eeeecaac2b1;7.589;1.0;BUY
2016-04-29T12:01:16.000000;2016-04-29T12:01:16.473505;f41d08d8-8749-42aa-bc01-383c44cc8817;7.6;1.8179585;BUY
2016-04-29T12:01:16.000000;2016-04-29T12:01:16.482518;df011c91-9225-4a4f-845b-08631a6d7d5a;7.6;1.96627761;BUY
2016-04-29T12:01:16.000000;2016-04-29T12:01:16.520519;67b2b41b-ad98-4ec5-b604-30762a5a940b;7.619;98.3873;BUY
2016-04-29T12:01:16.000000;2016-04-29T12:01:16.521505;2f022831-f265-457d-9b0b-808935d05d63;7.62;4.94668676;BUY
2016-04-29T12:01:16.000000;2016-04-29T12:01:16.523518;b9c0907a-750b-49bc-85d7-0df2ca013c6e;7.62;50.0;BUY
2016-04-29T12:01:21.000000;2016-04-29T12:01:21.825033;d4bc7909-a7aa-4b30-be41-0e2d5d932183;7.62;42.88177713;SELL
2016-04-29T12:01:57.000000;2016-04-29T12:01:57.489602;47464780-24ce-4bf9-8a64-6599c047fdde;7.6;13.0791;BUY
2016-04-29T12:07:15.000000;2016-04-29T12:07:15.477179;a44654e1-add9-4294-bbcc-99187d9320aa;7.598;2.0;BUY
2016-04-29T12:08:28.000000;2016-04-29T12:08:28.539481;3e757a30-0a3a-4491-a818-6041fc0050c3;7.58;2.0;SELL
2016-04-29T12:08:28.000000;2016-04-29T12:08:28.540454;c6a45c60-3106-420d-a885-ebe5c1d5ca00;7.55;1.77346293;SELL
2016-04-29T12:08:28.000000;2016-04-29T12:08:28.541540;b887f217-0676-46e8-b9ed-7a0fe95989fc;7.5254;28.22653707;SELL
2016-04-29T12:08:37.000000;2016-04-29T12:08:38.307443;1cf2a4e4-886a-42bb-8604-202f9d939402;7.545;1.00041871;SELL
2016-04-29T12:15:38.000000;2016-04-29T12:15:38.367444;2ff69f50-f91c-4d65-9cc7-2629785928d8;7.59;13.13327987;BUY
2016-04-29T12:15:38.000000;2016-04-29T12:15:38.377479;5df45dfa-6d40-4556-99f0-21ce25676450;7.598;2.0;BUY
2016-04-29T12:15:38.000000;2016-04-29T12:15:38.390474;be9e1685-af23-4710-8d15-71751296f7cc;7.598;3.0;BUY
2016-04-29T12:15:38.000000;2016-04-29T12:15:38.391515;024faa71-150f-4eef-82f3-5f9a4dfc8d46;7.62;34.39;BUY
2016-04-29T12:15:38.000000;2016-04-29T12:15:38.396463;bdcbccbc-19dc-4419-9e6e-a1df7f5513e3;7.63;8.97287255;BUY
2016-04-29T12:15:38.000000;2016-04-29T12:15:38.398471;055b6ec9-38a1-4d5f-896c-f9df0f7a0517;7.63;8.97287255;BUY
2016-04-29T12:15:38.000000;2016-04-29T12:15:38.446453;25e961cc-55d9-4241-a414-98795878cf1c;7.63;100.0;BUY
2016-04-29T12:15:38.000000;2016-04-29T12:15:38.448441;c50d5ae2-d924-434e-80c9-b45ab1ff2f45;7.6449;0.85;BUY
2016-04-29T12:15:38.000000;2016-04-29T12:15:38.457469;d456ee07-b4a2-4d86-a561-b0d5cc77c368;7.6679;128.68097503;BUY
2016-04-29T12:33:34.000000;2016-04-29T12:33:35.052093;97cf194e-9710-4910-91d7-40ec89cebbc4;7.667;1.0;BUY
2016-04-29T12:58:08.000000;2016-04-29T12:58:08.910108;ada1f9cc-424d-4000-9383-c0e001858ba2;7.669;97.6499;BUY
2016-04-29T12:58:08.000000;2016-04-29T12:58:08.917110;4c3d6b7f-1f2d-4628-93ee-8308bc44e9b0;7.67;100.0;BUY
2016-04-29T12:58:15.000000;2016-04-29T12:58:15.549790;876dafd9-46e9-4e10-bd14-e5641b7cf6cb;7.67;1.51035559;SELL
2016-04-29T12:58:19.000000;2016-04-29T12:58:19.957219;812c1ce7-1cef-482d-bce1-4a01c07e4c48;7.67;0.89191778;SELL
2016-04-29T12:58:23.000000;2016-04-29T12:58:23.337559;8271d974-6da0-4528-a68d-b0ae0be9d34a;7.67;0.74982918;SELL
2016-04-29T12:58:25.000000;2016-04-29T12:58:25.808801;6faaba4e-7ba2-4e59-ab33-ab73c22414e4;7.67;0.87446779;SELL
2016-04-29T12:58:28.000000;2016-04-29T12:58:28.889133;fd80eb0c-177f-4e49-abd4-2e1edbea3d28;7.67;0.76354237;SELL
2016-04-29T12:58:40.000000;2016-04-29T12:58:40.920336;3d9fdebf-c462-4f42-8492-9cb82cbe8bc5;7.67;5.82869857;SELL
2016-04-29T12:58:44.000000;2016-04-29T12:58:44.802698;7a006e73-d18a-4f55-982c-448d7eae1f6d;7.67;2.10303057;SELL
2016-04-29T12:58:47.000000;2016-04-29T12:58:47.709977;dba54d89-4922-4ded-9b12-d60e7743bfda;7.67;1.78706138;SELL
2016-04-29T12:58:50.000000;2016-04-29T12:58:50.799285;e3309d67-2e4d-4e1f-979b-0a8c8eca16b5;7.67;1.77578806;SELL
2016-04-29T12:58:53.000000;2016-04-29T12:58:53.591575;46632cf4-0584-4817-afd8-da60fc4eeccd;7.67;2.54051292;SELL
2016-04-29T12:58:56.000000;2016-04-29T12:58:56.485873;d436622b-de73-4534-8bb6-c7fc882b6d56;7.67;5.00371544;SELL
2016-04-29T12:59:01.000000;2016-04-29T12:59:01.219340;8774d2e4-43dc-46b8-b5a5-2e0a9bc1aa3e;7.67;7.07579498;SELL
2016-04-29T12:59:02.000000;2016-04-29T12:59:03.021513;8be25197-b9af-4f7b-9d3f-9cba792153b4;7.67;250.75;SELL
2016-04-29T12:59:05.000000;2016-04-29T12:59:05.526756;7ef22c99-7afa-4205-ab51-d144081c4be2;7.67;7.09538009;SELL
2016-04-29T12:59:09.000000;2016-04-29T12:59:09.396177;9e8e868f-c855-47f1-9253-387e4fe45206;7.67;7.07579498;SELL
2016-04-29T12:59:12.000000;2016-04-29T12:59:12.793493;6478b6ee-1f0d-4f91-8fa6-0c7ff4512ac5;7.67;2.12122065;SELL
2016-04-29T13:31:23.000000;2016-04-29T13:31:23.189917;6c7f603b-c542-4034-b93a-ab73517011dd;7.562;5.9;SELL
2016-04-29T13:31:23.000000;2016-04-29T13:31:23.199914;07a7964e-24bb-407c-9317-3b14ec056832;7.561;98.4145;SELL
2016-04-29T13:31:23.000000;2016-04-29T13:31:23.206924;2c50e4e8-96dc-41c4-8497-0123bc4d683c;7.56;5.0;SELL
2016-04-29T13:31:23.000000;2016-04-29T13:31:23.483936;287846bc-3a63-4d69-87b5-c0d5d909e9c1;7.56;240.68514044;BUY
2016-04-29T13:31:29.000000;2016-04-29T13:31:29.467556;540f43de-2695-4f5d-8f48-5efd9cfbee9b;7.56;0.00035956;BUY
2016-04-29T13:31:29.000000;2016-04-29T13:31:29.476542;22972344-996d-47bf-8760-1b4bb8f08760;7.647;1.15562497;BUY
2016-04-29T13:43:54.000000;2016-04-29T13:43:54.054429;099d2d4a-c3c3-4ee8-bb81-8918286779f4;7.615;0.28165759;BUY
2016-04-29T14:04:40.000000;2016-04-29T14:04:40.619210;1cc38a01-e328-461d-a4ea-2e793612a942;7.52;31.0;SELL
2016-04-29T14:04:40.000000;2016-04-29T14:04:40.841231;0026f8b5-56bc-4905-8bf9-c5e5668f72e9;7.52;19.0;SELL
2016-04-29T14:04:40.000000;2016-04-29T14:04:40.843198;fd27d019-da31-4280-b380-21f644d5c92f;7.52;13.0;SELL
2016-04-29T14:10:25.000000;2016-04-29T14:10:25.141363;662d356c-f46e-4dd9-9032-08fe631bcbe7;7.52;14.723793;SELL
2016-04-29T14:10:26.000000;2016-04-29T14:10:26.639495;2dc5a81f-d175-4465-ba43-07ebc7d98abc;7.52;22.276207;SELL
2016-04-29T14:11:02.000000;2016-04-29T14:11:02.194048;7a28c896-bae8-4a45-9212-282b86811fa5;7.517;1.3683168;SELL
2016-04-29T14:12:02.000000;2016-04-29T14:12:02.066052;d37a7776-3a5f-409d-89f0-9f5793dd42b8;7.51;1.16122505;SELL
2016-04-29T14:12:38.000000;2016-04-29T14:12:38.320740;e70de87a-0f77-482a-857d-d1ac7ce80334;7.51;3.63919864;SELL
2016-04-29T14:12:58.000000;2016-04-29T14:12:58.066675;0df6818b-f881-4535-846f-b417f00d624f;7.51;3.04660132;SELL
2016-04-29T14:13:01.000000;2016-04-29T14:13:01.949022;1aee8f7d-5bf1-4199-8a4f-f574bf0f2297;7.51;1.94781743;SELL
2016-04-29T14:13:02.000000;2016-04-29T14:13:02.182069;99fd7078-394a-41a0-8097-7e72a1837b63;7.51;7.98242477;SELL
2016-04-29T14:13:05.000000;2016-04-29T14:13:05.211374;23ddf830-e6e3-4fb5-a2e9-9b8b582ad14d;7.51;3.34270457;SELL
2016-04-29T14:13:08.000000;2016-04-29T14:13:08.476668;b27363e8-92e3-4e6e-822a-3b746808676a;7.51;2.05714244;SELL
2016-04-29T14:13:10.000000;2016-04-29T14:13:11.185970;c9f8a940-4215-473e-9ef8-efde10f99b9b;7.51;1.35701301;SELL
2016-04-29T14:13:14.000000;2016-04-29T14:13:14.701310;accef167-ec95-4837-bc1c-80d8c539070e;7.51;3.30356543;SELL
2016-04-29T14:13:19.000000;2016-04-29T14:13:19.182752;1569da26-0ce0-453e-8b75-034c5f0129bd;7.51;0.96408538;SELL
