time_exchange;time_coinpai;guid;price;base_amount;taker_side
2016-04-29T00:00:03.962669;2016-04-29T00:00:04.026400;1c758951-46ca-42f2-9223-bab1933a2e8b;451.63;0.01;SELL
2016-04-29T00:00:03.962895;2016-04-29T00:00:04.026400;ca139f63-493a-4f92-9f89-192ab7ec8cde;451.63;0.21;SELL
2016-04-29T00:00:03.963108;2016-04-29T00:00:04.026400;1b81c702-25e8-4bd8-8541-632fdc2e5d52;451.62;0.01;SELL
2016-04-29T00:00:03.963298;2016-04-29T00:00:04.026400;83955838-6655-4fbf-97c9-365f1041647f;451.62;0.23;SELL
2016-04-29T00:00:03.963491;2016-04-29T00:00:04.026400;bbedd177-996e-419c-8722-51c61323498e;451.61;0.49000031;SELL
2016-04-29T00:00:03.963670;2016-04-29T00:00:04.026400;7b1368db-8d60-424a-a2e8-e78572fe9b86;451.6;0.01;SELL
2016-04-29T00:00:03.963866;2016-04-29T00:00:04.073275;59f0979f-12c5-4523-ae0d-91e1b190fe88;451.6;0.49000063;SELL
2016-04-29T00:00:03.964080;2016-04-29T00:00:04.073275;05a88da6-d895-4b22-abe3-e6b39c0a00a2;451.6;0.21;SELL
2016-04-29T00:00:03.964275;2016-04-29T00:00:04.073275;3b6baed6-40ce-45ea-9723-bfe77d50c4ba;451.59;0.49000129;SELL
2016-04-29T00:00:03.964435;2016-04-29T00:00:04.073275;4f55ada8-f604-4ae3-b218-13dae6f71b24;451.58;0.19144777;SELL
2016-04-29T00:00:33.230655;2016-04-29T00:00:33.245172;059bd61b-f400-48b1-b703-105d5b94fa13;451.63;0.01;BUY
2016-04-29T00:00:33.230890;2016-04-29T00:00:33.276423;dc15cef0-2b6a-4e87-aa1b-fb2d88bb0590;451.64;0.01;BUY
2016-04-29T00:00:33.231096;2016-04-29T00:00:33.292040;dd3768e2-3f46-4cd5-98e1-2069e92f5f34;451.64;0.28956;BUY
2016-04-29T00:01:06.516349;2016-04-29T00:01:06.542058;9ceb2163-d43f-4fa1-bfc9-c4e156269ec6;451.62;1.99132704;BUY
2016-04-29T00:01:06.516555;2016-04-29T00:01:06.557683;dba887cd-448e-448e-aa5c-a6d61eb0784a;451.63;0.01;BUY
2016-04-29T00:01:06.516773;2016-04-29T00:01:06.557683;82d4d16c-eebb-47bb-9abb-2a2e76e02a1b;451.75;0.0113;BUY
2016-04-29T00:01:06.516952;2016-04-29T00:01:06.573307;e59d6ae1-258b-429f-adbf-0344ca6ca2a9;451.8;3.66208296;BUY
2016-04-29T00:01:46.976599;2016-04-29T00:01:47.010828;6d366c0c-cbd4-41d8-8904-8eeb90a2fb86;451.8;0.02327;BUY
2016-04-29T00:02:01.793160;2016-04-29T00:02:01.807715;e6af5adc-90ef-462d-af42-7125ddde0f75;451.66;0.03301;SELL
2016-04-29T00:02:31.286721;2016-04-29T00:02:31.307735;da0ca32e-644b-4628-8b23-597d191102db;451.8;0.28937;BUY
2016-04-29T00:03:01.911009;2016-04-29T00:03:01.932741;669e1491-d29c-4143-a75d-70b7bbcf05b7;451.7;0.0115;SELL
2016-04-29T00:03:01.911572;2016-04-29T00:03:01.948367;b15a2ca3-7ef1-40be-b306-8c34f0e0b6ba;451.7;0.11;SELL
2016-04-29T00:03:01.911842;2016-04-29T00:03:01.948367;124cf103-431f-4e54-bad2-f14de53f6d1d;451.62;0.124;SELL
2016-04-29T00:03:01.912398;2016-04-29T00:03:01.963991;0b398b5c-8be2-4015-b002-1777bda8ade2;451.57;0.109345;SELL
2016-04-29T00:03:01.912611;2016-04-29T00:03:01.963991;f7d8b7fb-3438-49c3-977c-5d6ee3af756a;451.56;0.01;SELL
2016-04-29T00:03:01.912817;2016-04-29T00:03:01.963991;c4a78059-37ee-4726-86b7-4df7b5851520;451.56;0.491125;SELL
2016-04-29T00:03:31.320070;2016-04-29T00:03:31.339005;9a4d8470-81f4-443b-ad5a-d50160ba7391;451.59;0.23;SELL
2016-04-29T00:03:31.320354;2016-04-29T00:03:31.354636;81143b1f-1d28-477a-b214-3a89a0d5b43d;451.58;0.763;SELL
2016-04-29T00:03:31.320577;2016-04-29T00:03:31.370259;ea95743d-ce35-4bf7-8855-cdddd53317d5;451.57;0.828;SELL
2016-04-29T00:03:31.320774;2016-04-29T00:03:31.370259;993b2b66-9e1d-49db-b22d-e92a8147f615;451.57;2.28115242;SELL
2016-04-29T00:03:31.320948;2016-04-29T00:03:31.370259;3be0d603-33ca-48d3-a1a6-5ff5276668d6;451.55;0.26141703;SELL
2016-04-29T00:03:31.321160;2016-04-29T00:03:31.370259;f440cc34-4c2b-491c-9f75-9415da9baa02;451.55;0.01;SELL
2016-04-29T00:03:31.321356;2016-04-29T00:03:31.385888;c1f6570d-47fd-4963-8740-e6b5d0d7fa64;451.55;0.21;SELL
2016-04-29T00:03:31.321530;2016-04-29T00:03:31.385888;dd7b946f-a893-4010-9d0c-bf8c5d47f820;451.54;0.01;SELL
2016-04-29T00:03:31.321690;2016-04-29T00:03:31.385888;17fe2942-8e4f-461a-a9b0-466a705be758;451.54;0.55168055;SELL
2016-04-29T00:04:05.967886;2016-04-29T00:04:05.995273;f69e4d6b-bd6d-408a-bf6d-262ef3a93e8a;451.79;0.02;BUY
2016-04-29T00:04:05.968179;2016-04-29T00:04:05.995273;c50dddf1-3f9a-4321-881f-9381183cb858;451.8;1.02527704;BUY
2016-04-29T00:04:05.968398;2016-04-29T00:04:05.995273;db3d3794-d9cd-4411-a550-c6fdb9810148;451.8;0.0113;BUY
2016-04-29T00:04:05.968596;2016-04-29T00:04:06.010899;a22219b6-ab9f-47ba-a891-22e1e074461a;451.84;0.01;BUY
2016-04-29T00:04:05.968777;2016-04-29T00:04:06.010899;0c4615f6-37dc-4627-9ac7-8146f7a6d9e8;451.88;0.04003731;BUY
2016-04-29T00:04:05.969002;2016-04-29T00:04:06.010899;9864b783-5322-4ce2-b614-71b411397ad3;451.89;0.31164;BUY
2016-04-29T00:04:05.969198;2016-04-29T00:04:06.010899;ab2d9e59-cc7b-47bd-8fd3-717527eaf023;451.9;0.28860565;BUY
2016-04-29T00:04:14.974344;2016-04-29T00:04:14.979656;075e8167-72d9-461a-9c43-10928314bd16;451.9;0.2148;BUY
2016-04-29T00:04:14.982749;2016-04-29T00:04:15.010908;82f41bb4-309b-46bd-b329-676d7d051e9e;451.9;0.297;BUY
2016-04-29T00:04:15.014615;2016-04-29T00:04:15.026527;2eba5f56-d66d-4404-8549-06b4826efc45;451.9;0.01048;BUY
2016-04-29T00:04:32.331826;2016-04-29T00:04:32.339037;21d0f359-37d1-4f6a-8298-0bbab7b720a4;451.85;0.0115;SELL
2016-04-29T00:04:32.332154;2016-04-29T00:04:32.370288;e3e31b2a-c439-4970-81c6-573d580b11da;451.85;0.104;SELL
2016-04-29T00:04:32.332393;2016-04-29T00:04:32.370288;4e0cfbcd-9672-4eba-b74a-50de8d573ea4;451.77;0.727;SELL
2016-04-29T00:04:32.332612;2016-04-29T00:04:32.370288;c804a39e-a210-423d-b206-4bdefcc2096d;451.73;0.601;SELL
2016-04-29T00:04:32.332773;2016-04-29T00:04:32.385912;8c43f8e3-d30a-453b-aa59-5c41908ffd39;451.72;0.12013;SELL
2016-04-29T00:05:10.333714;2016-04-29T00:05:10.354682;ad73d414-ae20-4dac-a20c-4e8f49e3e165;451.87;0.01;BUY
2016-04-29T00:05:10.333933;2016-04-29T00:05:10.385932;411abb44-ad8a-484c-a0cd-8c10ee5b9586;451.88;0.01;BUY
2016-04-29T00:05:10.334151;2016-04-29T00:05:10.385932;bdb19984-f08e-4d6b-b449-489002fa3309;451.9;0.18911435;BUY
2016-04-29T00:05:10.334330;2016-04-29T00:05:10.385932;7b228436-4206-4721-91f5-07b8aaed022b;451.95;0.01;BUY
2016-04-29T00:05:10.334518;2016-04-29T00:05:10.385932;a3fe27d3-0c91-4cf7-b12f-6f923efef27b;451.95;0.01;BUY
2016-04-29T00:05:10.334726;2016-04-29T00:05:10.385932;26cc3910-0c9e-4802-a395-8cca00a3a8bf;452.0;0.02023294;BUY
2016-04-29T00:05:10.334894;2016-04-29T00:05:10.401558;cc7257f5-35d7-4c71-a142-87dbc8a7b0b0;452.0;0.18535271;BUY
2016-04-29T00:05:31.398180;2016-04-29T00:05:31.417193;71a242e1-91ca-48ec-870e-05709ce4f18f;451.99;0.01;BUY
2016-04-29T00:05:31.398461;2016-04-29T00:05:31.432819;6f95d570-c915-4b11-8dfa-8db9a5aca194;452.0;0.06464729;BUY
2016-04-29T00:05:31.398671;2016-04-29T00:05:31.448445;15e3d979-41d5-43df-8a02-cd651f11ee22;452.0;0.0321723;BUY
2016-04-29T00:05:31.398863;2016-04-29T00:05:31.448445;27043f24-b6a5-4974-bd22-6f024c7684c1;452.0;0.0505;BUY
2016-04-29T00:05:31.399079;2016-04-29T00:05:31.448445;a1f868b2-d644-4053-997a-8f03812fb7b6;452.02;0.01;BUY
2016-04-29T00:05:31.399275;2016-04-29T00:05:31.448445;c7267128-415c-4f9e-b96c-5076b5bb0c1d;452.12;0.01;BUY
2016-04-29T00:05:31.399472;2016-04-29T00:05:31.448445;7aff992f-25e4-4270-a35d-ff83341bab86;452.19;0.2;BUY
2016-04-29T00:05:31.399657;2016-04-29T00:05:31.464068;c0786bfb-a84b-47e1-a4bc-c0ed0c4c0f0c;452.2;0.02;BUY
2016-04-29T00:05:31.399854;2016-04-29T00:05:31.464068;5ee26a28-d135-4b2b-ba5d-80644ee7a782;452.26;0.01;BUY
2016-04-29T00:05:31.400044;2016-04-29T00:05:31.464068;158be0a7-db7d-4e28-8978-d44416987ea1;452.29;0.05083041;BUY
2016-04-29T00:06:01.233527;2016-04-29T00:06:01.260957;63c2a417-4df7-41dd-9cff-8ab8efe66666;452.27;0.01;BUY
2016-04-29T00:06:01.233832;2016-04-29T00:06:01.276583;d5134099-f1e9-4597-83cd-82e59701e169;452.28;0.01;BUY
2016-04-29T00:06:01.234053;2016-04-29T00:06:01.276583;04189412-c07a-4149-a161-e7df992e97a6;452.3;0.0354;BUY
2016-04-29T00:06:31.449330;2016-04-29T00:06:31.464103;ef9529c3-e76c-4046-9604-bccf6ae4e56d;452.29;0.01;BUY
2016-04-29T00:06:31.449514;2016-04-29T00:06:31.479728;abd939d9-c552-4a5f-b76e-9f6bd3658cc7;452.3;0.02877;BUY
2016-04-29T00:07:01.488889;2016-04-29T00:07:01.495367;6e9593be-d2a7-4740-801f-5285945be627;452.3;0.43583;BUY
2016-04-29T00:07:01.489208;2016-04-29T00:07:01.510993;4ad5184e-9202-481b-9a33-e6639ede981d;452.32;0.01;BUY
2016-04-29T00:07:01.489431;2016-04-29T00:07:01.526617;f9449b36-3acc-4123-83c3-5726847a4ae7;452.38;1.61;BUY
2016-04-29T00:07:01.489618;2016-04-29T00:07:01.526617;6c13329e-1907-490a-b698-41989097490d;452.39;0.8;BUY
2016-04-29T00:07:01.489823;2016-04-29T00:07:01.526617;4efb2607-7dc5-44b3-9678-78385dfcd9b5;452.4;0.29582926;BUY
2016-04-29T00:07:01.490013;2016-04-29T00:07:01.526617;8f0688b5-0d99-4c43-9df7-da4d6bba966d;452.4;1.0;BUY
2016-04-29T00:07:01.490179;2016-04-29T00:07:01.526617;c9d13ee2-bbc7-4a49-8e35-1580c3c26819;452.4;0.90790074;BUY
2016-04-29T00:07:23.622249;2016-04-29T00:07:23.636000;fccc6724-dc15-4dbb-84d9-43b43b78df01;452.37;0.13;BUY
2016-04-29T00:07:31.056262;2016-04-29T00:07:31.089127;0f2783a7-49f3-4bbd-ad31-eea74ad7a53f;452.35;0.346;BUY
2016-04-29T00:07:31.056489;2016-04-29T00:07:31.104754;89ae6786-65ed-4014-8c94-76cfd5027925;452.39;0.53564;BUY
2016-04-29T00:08:01.368091;2016-04-29T00:08:01.370395;a38527af-d648-4342-b51e-a785384c85f0;452.37;0.01;BUY
2016-04-29T00:08:01.368383;2016-04-29T00:08:01.386020;97b09b7f-3454-4cbd-8b94-9065b20852c9;452.38;0.01;BUY
2016-04-29T00:08:01.368617;2016-04-29T00:08:01.386020;4a79aabf-a257-4ef7-b7dd-93b8225a8601;452.41;0.011;BUY
2016-04-29T00:08:01.368790;2016-04-29T00:08:01.386020;c08a7c41-23b9-420e-aaca-9090153080fb;452.45;0.40299;BUY
2016-04-29T00:08:31.656969;2016-04-29T00:08:31.710589;a7fc8be5-e63f-410a-a964-b938b0b866a4;452.46;0.01;BUY
2016-04-29T00:08:31.657274;2016-04-29T00:08:31.726219;8bfb67d5-f9c1-4003-929c-ac813fa68dc0;452.47;0.02;BUY
2016-04-29T00:08:31.657460;2016-04-29T00:08:31.726219;8a95b239-f1c2-4802-bf99-fe6a0ba8a373;452.49;1.45;BUY
2016-04-29T00:08:31.657722;2016-04-29T00:08:31.726219;80537885-df48-4be4-89dd-25ac1afce147;452.5;0.05;BUY
2016-04-29T00:08:31.657950;2016-04-29T00:08:31.726219;f8c63246-c696-404e-bdc7-ef7ffb05e6f0;452.5;0.0113;BUY
2016-04-29T00:08:31.658168;2016-04-29T00:08:31.726219;61b696bd-365d-41e3-961d-781dbaa8c029;452.51;0.636;BUY
2016-04-29T00:08:58.873634;2016-04-29T00:08:58.913733;1d73c490-ca68-4719-8b3a-4f23d73fee93;452.51;0.01;BUY
2016-04-29T00:08:58.873912;2016-04-29T00:08:58.944980;8d7b7f5e-2f36-4f7b-a1b7-da56dbb9a009;452.51;0.00991559;BUY
2016-04-29T00:09:01.247772;2016-04-29T00:09:01.319981;7cc135aa-f677-446c-95ec-d575e70cb794;452.52;0.01;BUY
2016-04-29T00:09:01.248054;2016-04-29T00:09:01.319981;8a50665d-48cf-4435-9070-110dd898eeb5;452.52;0.109;BUY
2016-04-29T00:09:01.248262;2016-04-29T00:09:01.319981;6b4ed1d2-ba06-4002-88f8-cdf264a76ecb;452.54;0.08437866;BUY
2016-04-29T00:09:01.248465;2016-04-29T00:09:01.335606;05c4488a-652a-4e75-b8f1-a9e84f7ec350;452.59;0.088;BUY
2016-04-29T00:09:01.248663;2016-04-29T00:09:01.335606;20e07bf7-f71c-4e2b-a002-62d17f898388;452.61;0.03672029;BUY
2016-04-29T00:09:01.248879;2016-04-29T00:09:01.335606;3e45d7a4-000b-4378-933a-1950d708b728;452.64;0.01;BUY
2016-04-29T00:09:01.249095;2016-04-29T00:09:01.335606;6b80877e-2a73-4581-80d5-da6c7090eeda;452.67;0.079;BUY
2016-04-29T00:09:01.249260;2016-04-29T00:09:01.351231;0fa134fe-ece5-402a-8010-11783e699611;452.68;1.07456105;BUY
2016-04-29T00:09:12.743264;2016-04-29T00:09:12.788740;963df740-fdac-4c1c-bf29-d8f7602f8ad2;452.61;0.01;BUY
2016-04-29T00:09:12.743481;2016-04-29T00:09:12.804366;8f68cb93-f6cf-4d1c-9116-740c29925c05;452.62;0.01;BUY
2016-04-29T00:09:12.743678;2016-04-29T00:09:12.804366;009c3fc2-3b55-471f-9929-0ea712793558;452.64;0.06415074;BUY
2016-04-29T00:09:24.805257;2016-04-29T00:09:24.851245;aafc74f4-fbd5-4a67-9d08-ee3d61e62a5e;452.6;0.01;BUY
2016-04-29T00:09:24.805539;2016-04-29T00:09:24.866872;c24c3d61-9568-4daa-9ee8-895f6144273b;452.6;0.089;BUY
2016-04-29T00:09:24.805771;2016-04-29T00:09:24.882492;75990d81-64bb-4a35-a296-985c9e79d513;452.63;0.01;BUY
2016-04-29T00:09:24.805941;2016-04-29T00:09:24.882492;15456287-9b4d-4b90-a344-bd4c72c9e7ed;452.68;0.9597438;BUY
2016-04-29T00:09:31.385470;2016-04-29T00:09:31.460621;dd05b234-0410-4dcd-8c42-1d6d766a4074;452.66;0.01;BUY
2016-04-29T00:09:31.385716;2016-04-29T00:09:31.460621;f449f5aa-442d-4e99-ba6b-af182fb85fbb;452.67;0.262;BUY
2016-04-29T00:09:31.385910;2016-04-29T00:09:31.460621;9847fb8e-fa4f-468c-b5d1-d51be1aa5836;452.69;0.1607;BUY
2016-04-29T00:09:31.386158;2016-04-29T00:09:31.460621;c95de75b-8168-4039-8fa7-1fdd17ecacd6;452.72;0.015;BUY
2016-04-29T00:09:31.386336;2016-04-29T00:09:31.460621;2f266bb2-e998-4c83-9fb1-2d0c98dde469;452.73;0.00943;BUY
2016-04-29T00:10:31.461015;2016-04-29T00:10:31.507531;c03a35c8-162c-4a35-9db5-55267a6d76ba;452.73;0.00057;BUY
2016-04-29T00:10:31.461308;2016-04-29T00:10:31.523151;a8a07f78-60b2-4ac2-9ed1-cfeca39da25d;452.73;0.094;BUY
2016-04-29T00:10:31.461531;2016-04-29T00:10:31.523151;1c9be1d7-2262-4921-b89d-c12d8b2dd8a2;452.78;0.011;BUY
2016-04-29T00:10:31.461735;2016-04-29T00:10:31.523151;02e89fd5-9d42-4d64-a2b9-db0fa1a262b4;452.81;0.105;BUY
2016-04-29T00:10:31.461960;2016-04-29T00:10:31.538776;1475774b-68d7-4e3d-a1b7-1ec459375530;452.85;0.01;BUY
2016-04-29T00:10:31.462195;2016-04-29T00:10:31.538776;4d6da6b9-2bf9-4472-99f7-549621042d47;452.89;0.109;BUY
2016-04-29T00:10:31.462360;2016-04-29T00:10:31.538776;e30f913d-c8eb-48d3-8c7e-9399ced1f8ec;452.9;0.36473;BUY
2016-04-29T00:11:01.481781;2016-04-29T00:11:01.523167;e9300934-0e4c-43d4-816a-ae3978a9a357;452.86;0.01;BUY
2016-04-29T00:11:01.482033;2016-04-29T00:11:01.538790;9f95a554-ba4f-4784-988b-1403a0f321fa;452.86;0.088;BUY
2016-04-29T00:11:01.482244;2016-04-29T00:11:01.538790;7ea2bd9d-3e07-4d87-8ffa-a405877a4eef;452.87;0.01;BUY
2016-04-29T00:11:01.482450;2016-04-29T00:11:01.538790;25cdcd65-80fe-4244-932f-52db442352ba;452.9;0.63527;BUY
2016-04-29T00:11:01.482636;2016-04-29T00:11:01.554418;d9971007-00ac-42a6-9b45-402889ab2d6d;452.95;0.01;BUY
2016-04-29T00:11:01.482826;2016-04-29T00:11:01.554418;ad8b4e89-0bec-44d5-a8a1-43dc9020b629;452.95;0.01;BUY
2016-04-29T00:11:01.483023;2016-04-29T00:11:01.554418;cb14757c-f301-42ab-8c16-0bc63a6538db;452.96;2.16443;BUY
2016-04-29T00:11:31.648966;2016-04-29T00:11:31.679432;b445e0ff-20d7-46df-82e2-86110b86ddc9;452.93;0.01;BUY
2016-04-29T00:11:31.649307;2016-04-29T00:11:31.695062;9629c4ab-18d2-41d9-9757-9d8754605d95;452.93;0.1;BUY
2016-04-29T00:11:31.649508;2016-04-29T00:11:31.695062;780091cb-3e54-4bc5-93e1-336ab98528f3;452.96;1.1201;BUY
2016-04-29T00:12:01.153642;2016-04-29T00:12:01.195077;3b8bf3b1-2351-41e7-930b-b9f6d4b130cd;452.96;0.01;BUY
2016-04-29T00:12:01.153890;2016-04-29T00:12:01.210698;e6b6a7a8-0bdf-4b50-bf5f-f699ae0dc17f;452.96;0.04;BUY
2016-04-29T00:12:04.159297;2016-04-29T00:12:04.210700;5d78cd7b-9c35-4574-bd3e-da2ee3618722;452.95;0.08;SELL
2016-04-29T00:12:32.375214;2016-04-29T00:12:32.413796;2ba8831d-98b6-4eda-b7a0-2ab9159c4334;452.96;1.15878;BUY
2016-04-29T00:13:01.144432;2016-04-29T00:13:01.179478;60af93bc-3442-4176-9a8b-f76ac5b3c8ef;452.95;0.02;SELL
2016-04-29T00:13:01.144691;2016-04-29T00:13:01.179478;bc398257-9232-47f4-9621-821687dd6e45;452.95;0.03;SELL
2016-04-29T00:13:31.114693;2016-04-29T00:13:31.148253;d8259f7c-0db8-4726-b07e-edcd9d5d9326;452.99;0.7736;BUY
2016-04-29T00:13:58.084486;2016-04-29T00:13:58.117009;1f0f6176-b8d7-473d-80d1-09b4f71785ea;452.95;0.18;SELL
2016-04-29T00:13:58.084799;2016-04-29T00:13:58.132632;f11a9030-b3fb-404f-b9ee-a5d0a78cf7da;452.95;0.096;SELL
2016-04-29T00:14:02.743642;2016-04-29T00:14:02.773263;7dbe5997-54f5-46b7-88a5-2ec775a5af84;452.95;0.10841;BUY
2016-04-29T00:14:26.702439;2016-04-29T00:14:26.726399;a146647c-80cc-4027-9a8a-aa071b943bfd;452.94;0.233;BUY
2016-04-29T00:14:26.702739;2016-04-29T00:14:26.742021;16b17e7b-0a8a-43d1-a7f0-5245cfbc8b03;452.95;1.61559;BUY
2016-04-29T00:14:26.702945;2016-04-29T00:14:26.757647;ad9ab061-0829-42a0-a756-14dee8f693b3;452.97;3.13084156;BUY
2016-04-29T00:15:01.331364;2016-04-29T00:15:01.351418;16119c94-c242-4761-8c4e-c76414183b9e;452.96;0.227;BUY
2016-04-29T00:15:01.331610;2016-04-29T00:15:01.367039;eb12ade6-d349-4bc2-9907-00bd3f4b4708;452.97;3.33949;BUY
2016-04-29T00:15:31.799417;2016-04-29T00:15:31.851431;ae8c1fc3-c87d-4e91-8c7a-e8961c7a68ab;452.9;0.0115;SELL
2016-04-29T00:15:31.799697;2016-04-29T00:15:31.851431;40b7af17-70c9-4688-b1b4-b53eda3eada7;452.89;0.21;SELL
2016-04-29T00:15:31.799926;2016-04-29T00:15:31.851431;af76672b-57d5-4c44-9e31-2a4a43bb8309;452.87;0.01;SELL
2016-04-29T00:15:31.800174;2016-04-29T00:15:31.851431;95c200ef-72f1-4736-9fb5-085ed25be02e;452.86;0.01;SELL
2016-04-29T00:15:31.800378;2016-04-29T00:15:31.867056;f9b5d427-c023-465d-9e9b-60983318aed7;452.83;0.01;SELL
2016-04-29T00:15:31.800572;2016-04-29T00:15:31.882682;95a3dcfb-b8a5-4035-8cfa-102c01af8d96;452.8;0.01;SELL
2016-04-29T00:15:31.800764;2016-04-29T00:15:31.882682;2ef20cda-3d8b-4bc5-a9a1-1b94a81032fe;452.73;0.01;SELL
2016-04-29T00:15:31.800966;2016-04-29T00:15:31.882682;615f535f-b6ab-4459-a672-ad1ec1ca7a99;452.72;0.01;SELL
2016-04-29T00:15:31.801207;2016-04-29T00:15:31.882682;058c7f8a-df94-41a0-8516-e2fc3ba89dcc;452.71;0.076;SELL
2016-04-29T00:15:31.801409;2016-04-29T00:15:31.882682;63b6bbae-cd84-455b-9770-57ecd3eff0dc;452.69;0.01;SELL
2016-04-29T00:15:31.801601;2016-04-29T00:15:31.898304;edf87227-4e86-40f0-93b2-37e74b43c240;452.65;0.2;SELL
2016-04-29T00:15:31.801787;2016-04-29T00:15:31.898304;541ad6f2-b99a-4d75-b7af-8eb98012a32c;452.63;0.082;SELL
2016-04-29T00:15:31.802003;2016-04-29T00:15:31.898304;6e9aa9e8-3b63-4af0-8b40-768bf5c9f142;452.62;0.01;SELL
2016-04-29T00:15:31.802210;2016-04-29T00:15:31.898304;faddd161-d122-46f1-9322-9d3d1ed41b4d;452.55;0.05414;SELL
2016-04-29T00:15:47.280366;2016-04-29T00:15:47.320189;96d070f1-3c32-4654-8a2c-563acc6c5f7c;452.68;0.199;BUY
2016-04-29T00:15:47.280550;2016-04-29T00:15:47.335815;ef6c91c7-00e6-41cb-9666-29b470eea71b;452.69;0.33099326;BUY
2016-04-29T00:16:01.438166;2016-04-29T00:16:01.460819;15ff6ed7-eb4d-4b2c-86b5-a9fd69ced6b7;452.68;0.159;BUY
2016-04-29T00:16:01.438444;2016-04-29T00:16:01.476445;41892c06-5646-405a-82ce-318644868ac8;452.68;0.5126;BUY
2016-04-29T00:16:39.134145;2016-04-29T00:16:39.163965;ffa96000-d0f3-4480-82c5-194839965746;452.68;0.27309;BUY
2016-04-29T00:17:01.248786;2016-04-29T00:17:01.273355;5b7f3d81-def5-45b2-a35c-da22c4da994d;452.68;0.21431;BUY
2016-04-29T00:17:01.249357;2016-04-29T00:17:01.288976;ef18207f-e63a-4f6b-b0a4-fd95f0bb105e;452.68;0.156;BUY
2016-04-29T00:17:01.249608;2016-04-29T00:17:01.304601;f3869bc4-ff68-4824-8428-b74581e01755;452.69;1.16605;BUY
2016-04-29T00:17:31.985154;2016-04-29T00:17:32.007742;f5c9e2dc-6f9f-4f30-be82-27f36c12b981;452.81;0.01;BUY
2016-04-29T00:17:31.985427;2016-04-29T00:17:32.038991;a838de58-bfae-4052-b1d5-307cd9c8ff13;452.81;0.00064;BUY
2016-04-29T00:17:52.788376;2016-04-29T00:17:52.820253;9963032a-c146-417c-aeef-64e1943e4d2a;452.81;0.21;SELL
2016-04-29T00:17:52.788662;2016-04-29T00:17:52.851503;092a65eb-7de1-41f4-8f31-528b31db8893;452.79;0.02;SELL
2016-04-29T00:17:52.788866;2016-04-29T00:17:52.851503;1ffed465-1592-4458-9a4c-05d3a3189313;452.78;0.02;SELL
2016-04-29T00:17:52.789042;2016-04-29T00:17:52.851503;360d70b4-d660-4715-b4c0-ca8018126c79;452.77;0.02;SELL
2016-04-29T00:17:52.789309;2016-04-29T00:17:52.851503;2f4be253-3d20-4fb6-a4a7-04cb81aec507;452.76;0.02;SELL
2016-04-29T00:17:52.789509;2016-04-29T00:17:52.851503;e79ceb99-1548-4f1e-9b47-572a8e0ba5ed;452.75;0.02;SELL
2016-04-29T00:17:52.789730;2016-04-29T00:17:52.851503;04706e0f-2a79-4851-8ab3-34be6b022968;452.74;0.02;SELL
2016-04-29T00:17:52.789953;2016-04-29T00:17:52.851503;25c73239-63c2-4b89-8531-bb20cd5c7c59;452.73;0.02;SELL
2016-04-29T00:17:52.790187;2016-04-29T00:17:52.851503;c85f3458-8242-499b-b3e7-ce5d258cf123;452.72;0.02;SELL
2016-04-29T00:17:52.790378;2016-04-29T00:17:52.867128;ba87a828-321b-4cea-9f21-c09278db93ea;452.71;0.02;SELL
2016-04-29T00:17:52.790566;2016-04-29T00:17:52.867128;d16accb6-66ab-4c55-9cd9-25d3ab07d6d0;452.7;0.02;SELL
2016-04-29T00:17:52.790743;2016-04-29T00:17:52.867128;056fd644-a6d2-4357-a9c8-fd314c1083fb;452.68;0.01;SELL
2016-04-29T00:17:52.790954;2016-04-29T00:17:52.867128;c1055f45-e6a6-4593-b2e1-62ff12d3a494;452.68;0.091;SELL
2016-04-29T00:17:52.791182;2016-04-29T00:17:52.867128;271c609c-2855-41b8-b911-87904175a893;452.66;0.02;SELL
2016-04-29T00:17:52.791377;2016-04-29T00:17:52.882754;8162bb34-c993-4762-bfe1-4975a40bbceb;452.65;0.02;SELL
2016-04-29T00:17:52.791567;2016-04-29T00:17:52.882754;5dc72658-3e65-481a-a233-b6228df392b5;452.64;0.02;SELL
2016-04-29T00:17:52.791754;2016-04-29T00:17:52.898378;b3d3700f-cab8-4b5c-afa9-063417311880;452.63;0.02;SELL
2016-04-29T00:17:52.791962;2016-04-29T00:17:52.898378;15a9b149-50cd-4f3f-b8d5-6bee744cd629;452.62;0.02;SELL
2016-04-29T00:17:52.792181;2016-04-29T00:17:52.898378;78b56f32-3e10-44e8-837c-6bc79a0649fe;452.61;0.02;SELL
2016-04-29T00:17:52.792366;2016-04-29T00:17:52.898378;037bb96a-fa36-42c9-9a20-a8af8f7a421d;452.6;0.02;SELL
2016-04-29T00:17:52.792562;2016-04-29T00:17:52.898378;9e3cab53-d24a-41bb-a9b0-5ed003900f2e;452.6;0.127;SELL
2016-04-29T00:17:52.792748;2016-04-29T00:17:52.898378;7c86896c-237f-4372-9f4f-42379a09acbf;452.59;0.02;SELL
2016-04-29T00:17:52.792960;2016-04-29T00:17:52.898378;27a168a5-edd1-4bba-b19d-275f74a81b09;452.58;0.02;SELL
2016-04-29T00:17:52.793179;2016-04-29T00:17:52.914004;e8ced164-117e-4bd0-aac9-2ff447df476b;452.57;0.02;SELL
2016-04-29T00:17:52.793371;2016-04-29T00:17:52.914004;c7a00de8-469e-4dc0-90ca-73464335f1e3;452.56;0.02;SELL
2016-04-29T00:17:52.793542;2016-04-29T00:17:52.914004;fb950a07-e8d3-46a8-ab22-443c0b509d78;452.55;0.02;SELL
2016-04-29T00:17:52.793715;2016-04-29T00:17:52.929627;e920ccb4-72ee-4171-8d86-2ae840c3de0d;452.55;0.193;SELL
2016-04-29T00:17:53.845553;2016-04-29T00:17:53.882753;bcb55bfb-b5a2-4966-93bd-855dc216d572;452.83;0.01;BUY
2016-04-29T00:17:53.845718;2016-04-29T00:17:53.898379;71d3f86e-7d22-485c-9df6-e94dcc307eed;452.83;0.03;BUY
2016-04-29T00:18:01.648730;2016-04-29T00:18:01.664008;5bc45be4-508b-4f76-84ee-a81068117402;452.86;0.01;BUY
2016-04-29T00:18:01.648968;2016-04-29T00:18:01.679633;6e670569-3e05-4c50-b09e-fdb33af87eb9;452.86;0.119;BUY
2016-04-29T00:18:01.649206;2016-04-29T00:18:01.679633;8a36ad26-6a2b-4f11-96e5-d5e819be250e;452.9;0.13218;BUY
2016-04-29T00:18:01.649389;2016-04-29T00:18:01.695258;2b5dd918-f79a-4d77-beb4-295244e9d3a2;452.94;0.02;BUY
2016-04-29T00:18:01.649593;2016-04-29T00:18:01.695258;606ea65d-48f9-4472-a63c-80e7fcd8e7c9;452.94;0.106;BUY
2016-04-29T00:18:01.649827;2016-04-29T00:18:01.695258;d0725b99-7f34-4308-8088-5e909aeaf1f8;452.95;0.44;BUY
2016-04-29T00:18:01.650030;2016-04-29T00:18:01.695258;a4dc036e-1adc-43b3-a018-e1304f1177a4;452.96;0.01;BUY
2016-04-29T00:18:01.650209;2016-04-29T00:18:01.710882;2ab6abee-6f4f-4d3e-b463-7da76dcfaba7;452.96;0.21;BUY
2016-04-29T00:18:01.650404;2016-04-29T00:18:01.710882;7cc01956-266b-4a3e-b321-5dcc5398e50a;452.96;0.21;BUY
2016-04-29T00:18:01.650595;2016-04-29T00:18:01.710882;6464d86c-5042-4bfd-bf21-a3ebc09b9ce7;452.97;0.18366844;BUY
2016-04-29T00:18:01.650799;2016-04-29T00:18:01.710882;f7c660b8-fd08-4a50-90d2-7ac89009a071;452.98;0.21;BUY
2016-04-29T00:18:01.651004;2016-04-29T00:18:01.710882;bcef78e9-7d3a-4efe-b15d-3d3bb477a568;452.98;0.5;BUY
2016-04-29T00:18:01.651177;2016-04-29T00:18:01.742132;61a9eacf-8bd2-4275-b8ff-606c873bed19;452.99;2.96853156;BUY
2016-04-29T00:18:31.444921;2016-04-29T00:18:31.476522;d097bff8-eb09-422d-8da8-64f481496b7e;452.83;0.03;BUY
2016-04-29T00:18:31.445258;2016-04-29T00:18:31.476522;88a5b544-408c-4ddc-b106-70355c110fdc;452.83;0.09;BUY
2016-04-29T00:18:31.445489;2016-04-29T00:18:31.492148;17fdebba-11d7-4552-8ed1-91a8ea9f7789;452.84;0.03;BUY
2016-04-29T00:18:31.445689;2016-04-29T00:18:31.492148;676ba732-66e7-4c59-ac10-5b80c967f950;452.85;0.03;BUY
2016-04-29T00:18:31.445895;2016-04-29T00:18:31.492148;3388bbb6-9e6d-47ae-9431-d98b41d84f10;452.86;0.03;BUY
2016-04-29T00:18:31.446117;2016-04-29T00:18:31.492148;5b9830f6-06cf-4a4b-bbdd-88e81b3d2b7a;452.87;0.03;BUY
2016-04-29T00:18:31.446343;2016-04-29T00:18:31.507772;f32ac380-67d9-4fcc-9b04-0ffbd7925f92;452.87;0.21;BUY
2016-04-29T00:18:31.446540;2016-04-29T00:18:31.507772;61d8a6b6-bb07-4fab-9717-fbb69e5765a9;452.88;0.03;BUY
2016-04-29T00:18:31.446735;2016-04-29T00:18:31.507772;06e0874d-89ea-4c18-b40e-5a12e1afb2f1;452.89;0.03;BUY
2016-04-29T00:18:31.446917;2016-04-29T00:18:31.507772;951a7b43-4817-45d1-ac79-ac53ba6c1e17;452.9;0.03;BUY
2016-04-29T00:18:31.447121;2016-04-29T00:18:31.507772;c34edeae-de06-4cec-8a1a-d9208a796acd;452.91;0.03;BUY
2016-04-29T00:18:31.447313;2016-04-29T00:18:31.507772;452b280e-ed85-4ec9-a673-9b55c3882df1;452.91;0.06814;BUY
2016-04-29T00:19:01.192979;2016-04-29T00:19:01.210916;e27eb1ce-4dae-467b-ba4b-409dc358ed26;452.9;0.01;BUY
2016-04-29T00:19:01.193280;2016-04-29T00:19:01.226542;2ee431e3-fe89-41c9-b72c-46b66ce4c046;452.9;0.12;BUY
2016-04-29T00:19:01.193504;2016-04-29T00:19:01.226542;af172466-29d3-4fcb-a8e3-6d717667a619;452.91;0.01;BUY
2016-04-29T00:19:01.193705;2016-04-29T00:19:01.242165;33c6353c-7c41-4c2f-af45-45756881be56;452.92;0.03;BUY
2016-04-29T00:19:01.193896;2016-04-29T00:19:01.242165;620def78-8fe5-4873-a271-353a75ea53bb;452.93;0.03;BUY
2016-04-29T00:19:01.194127;2016-04-29T00:19:01.242165;3853b39b-a9db-4647-8e44-9260c2432935;452.94;0.03;BUY
2016-04-29T00:19:01.194310;2016-04-29T00:19:01.242165;f7760059-1237-48c5-ae21-b5487110404b;452.95;0.03;BUY
2016-04-29T00:19:01.194469;2016-04-29T00:19:01.257792;6ec1635e-2fab-4363-864b-aa7c8e73658a;452.96;0.42467;BUY
2016-04-29T00:19:24.928576;2016-04-29T00:19:24.945275;d69104c6-e07a-4b5e-9cd2-05d424ec7724;452.93;0.02;SELL
2016-04-29T00:19:27.262792;2016-04-29T00:19:27.304674;692cbf69-995f-437c-a200-a3757d853059;452.92;0.02;SELL
2016-04-29T00:19:27.263038;2016-04-29T00:19:27.304674;5493f4bd-d698-40d8-8ff0-9de724d95b3c;452.91;0.21;SELL
2016-04-29T00:19:27.263217;2016-04-29T00:19:27.304674;c541c5e7-b900-4fdd-8d3f-27fdb3102f2d;452.91;0.02;SELL
2016-04-29T00:19:27.263463;2016-04-29T00:19:27.320302;29e74ca4-429c-4ab3-a764-8d832e7371ea;452.9;0.02;SELL
2016-04-29T00:19:27.263690;2016-04-29T00:19:27.320302;75b07752-872b-4e9e-a9c2-cc0fba928fd0;452.89;0.02;SELL
2016-04-29T00:19:27.263915;2016-04-29T00:19:27.320302;1f9b67a2-efab-477e-b9f1-b9005edf4023;452.88;0.02;SELL
2016-04-29T00:19:27.264152;2016-04-29T00:19:27.320302;45ea41fb-baf7-46c8-91d5-d4949c18b986;452.87;0.02;SELL
2016-04-29T00:19:27.264351;2016-04-29T00:19:27.320302;5aa9f1a6-2beb-40d0-9fb7-e26f2344c82b;452.86;0.02;SELL
2016-04-29T00:19:27.264540;2016-04-29T00:19:27.335926;d9ec28bf-d29a-4518-9070-18945b7c7ea4;452.85;0.02;SELL
2016-04-29T00:19:27.264750;2016-04-29T00:19:27.335926;de8b18f5-3dee-4bd0-9023-0381ad969553;452.84;0.02;SELL
2016-04-29T00:19:27.264941;2016-04-29T00:19:27.351551;ae02305e-6be4-44de-ae1e-929c6db3c081;452.83;0.02;SELL
2016-04-29T00:19:27.265169;2016-04-29T00:19:27.351551;fdc15786-468a-4e97-b7d9-40d9fd2a9153;452.82;0.02;SELL
2016-04-29T00:19:28.567049;2016-04-29T00:19:28.617176;15d6bae8-b354-4e2b-913d-5ea279598fb4;452.87;0.21;SELL
2016-04-29T00:19:30.745165;2016-04-29T00:19:30.773428;5e3b2528-5a64-42ca-9df7-e9f5f17dfd00;452.87;0.21;SELL
2016-04-29T00:19:30.775892;2016-04-29T00:19:30.820304;2ffa2843-e7bd-43c1-8a64-ecc043bf0bfe;452.95;0.01;BUY
2016-04-29T00:19:34.323344;2016-04-29T00:19:34.351555;e4bb3406-d2d3-42d3-b260-63cc30193553;452.95;0.10166;BUY
2016-04-29T00:19:36.758415;2016-04-29T00:19:36.789056;b005e04e-1d6f-4f89-97a4-da8c44f85ec6;452.84;0.02;SELL
2016-04-29T00:19:36.758640;2016-04-29T00:19:36.789056;a46f7afa-eabb-4640-9754-167ac2f5c538;452.83;0.02;SELL
2016-04-29T00:19:37.095408;2016-04-29T00:19:37.132806;dca12f69-c69a-43b8-8f13-24f33eae6293;452.86;0.02;SELL
2016-04-29T00:19:37.095618;2016-04-29T00:19:37.132806;b1567476-7d2d-457c-b169-a58a0c64522d;452.85;0.02;SELL
2016-04-29T00:19:37.335128;2016-04-29T00:19:37.367181;f33ca96e-7f9c-4ce1-8688-d23f6bd6a29d;452.88;0.02;SELL
2016-04-29T00:19:37.335444;2016-04-29T00:19:37.367181;bfc2230d-66dc-4890-9557-b15aa2799c60;452.87;0.02;SELL
2016-04-29T00:19:39.014928;2016-04-29T00:19:39.023435;1403f7ef-ee54-4732-a4d1-03ae10c87011;452.9;0.03;BUY
2016-04-29T00:19:39.015192;2016-04-29T00:19:39.039057;e5459b1c-38c1-4efe-bed2-9e23c2a6ae77;452.9;0.089;BUY
2016-04-29T00:19:39.015387;2016-04-29T00:19:39.039057;24754edf-e646-48e4-a5a9-f28079fd3e9a;452.91;0.03;BUY
2016-04-29T00:19:39.015590;2016-04-29T00:19:39.039057;f4f8e250-3c74-457f-a2ab-a1f92e0d34b8;452.92;0.03;BUY
2016-04-29T00:19:39.015775;2016-04-29T00:19:39.054680;90e9b43e-5fad-4a21-9814-1a08b7ae2246;452.93;0.03;BUY
2016-04-29T00:19:39.015953;2016-04-29T00:19:39.054680;31d7bf12-4ca8-4fc5-85c8-b53b3ca9681d;452.94;0.03;BUY
2016-04-29T00:19:39.016153;2016-04-29T00:19:39.054680;109e61d1-fedf-4fdd-ad41-31299872166b;452.94;0.04643;BUY
2016-04-29T00:19:39.920924;2016-04-29T00:19:39.945306;cdd7e072-ca06-49dc-bc1c-a8fe1309abc4;452.82;0.02;SELL
2016-04-29T00:19:46.238823;2016-04-29T00:19:46.257810;9eda0b8b-944a-4c12-aa30-eae949647a04;452.81;0.02;SELL
2016-04-29T00:19:47.582659;2016-04-29T00:19:47.617186;47a3f3a0-0de3-4de9-a0bb-8f5f072b3e0d;452.8;0.02;SELL
2016-04-29T00:19:47.582879;2016-04-29T00:19:47.617186;95c2225e-98e2-4f03-bdd0-2e1572589d53;452.79;0.02;SELL
2016-04-29T00:19:47.583101;2016-04-29T00:19:47.648437;4ba40183-c074-42e5-b35b-7987d87a5eb6;452.78;0.02;SELL
2016-04-29T00:19:47.583299;2016-04-29T00:19:47.648437;b2ecda90-402e-4aaf-973c-1bc18aba1c50;452.78;0.01;SELL
2016-04-29T00:19:47.583525;2016-04-29T00:19:47.664061;ca6c511c-1814-42e1-8a8c-a50769109d44;452.77;0.02;SELL
2016-04-29T00:19:47.583716;2016-04-29T00:19:47.664061;644b1f17-bf99-4e2d-bc6e-06313629c5c5;452.76;0.02;SELL
2016-04-29T00:19:47.583912;2016-04-29T00:19:47.664061;c4596dc7-255b-4bc7-9540-0e79b7d14f61;452.75;0.02;SELL
2016-04-29T00:19:47.584127;2016-04-29T00:19:47.664061;aa4e7b18-228a-47a5-9fd8-8a5c85b25c68;452.74;0.02;SELL
2016-04-29T00:19:47.584319;2016-04-29T00:19:47.664061;66e96dd9-5bb7-4bd5-82b8-bb8159bc41b2;452.73;0.02;SELL
2016-04-29T00:19:47.584516;2016-04-29T00:19:47.664061;cebe9950-e1b2-45c0-a2eb-821dd68029b7;452.72;0.02;SELL
2016-04-29T00:19:47.584717;2016-04-29T00:19:47.664061;c351a232-a228-4df4-96e3-273fbd03897c;452.72;0.01;SELL
2016-04-29T00:19:47.584903;2016-04-29T00:19:47.664061;409b9e3d-7969-46d4-b984-04ef2c680b41;452.71;0.02;SELL
2016-04-29T00:19:47.585108;2016-04-29T00:19:47.679685;6c869be0-c9fa-4dc8-80db-dc50e6b31861;452.7;0.01;SELL
2016-04-29T00:19:47.585299;2016-04-29T00:19:47.679685;ae3f162a-ab73-4f10-946d-9653ae2a7be5;452.7;0.02;SELL
2016-04-29T00:19:47.585508;2016-04-29T00:19:47.679685;2786f275-b8f0-4d1a-b925-e2ef19627f7e;452.69;0.02;SELL
2016-04-29T00:19:47.585694;2016-04-29T00:19:47.695271;20c5ae85-6b0a-4cdb-9a48-52b680c05110;452.68;0.02;SELL
2016-04-29T00:19:47.585914;2016-04-29T00:19:47.695271;a62ff432-7e7f-4069-8643-a4255e40d788;452.67;0.02;SELL
2016-04-29T00:19:47.586143;2016-04-29T00:19:47.695271;165382a2-84ec-4e22-ab97-6ea7fbc4027e;452.66;0.02;SELL
2016-04-29T00:19:47.586339;2016-04-29T00:19:47.695271;15afbd4c-44a4-4561-a675-21ad4b1635d7;452.65;0.02;SELL
2016-04-29T00:19:47.586554;2016-04-29T00:19:47.695271;719297ff-ad0d-4ee7-9247-53f8524f52b3;452.64;0.02;SELL
2016-04-29T00:19:47.586725;2016-04-29T00:19:47.695271;23753c87-09ad-406c-88f6-af8a12f41dd0;452.63;0.01;SELL
2016-04-29T00:19:47.586910;2016-04-29T00:19:47.710910;7531cb2c-3ca5-49d6-8adc-e83e6d0d5e6b;452.63;0.02;SELL
2016-04-29T00:19:47.587127;2016-04-29T00:19:47.710910;782bce13-fa72-4baf-b763-bc1be29bee6c;452.62;0.02;SELL
2016-04-29T00:19:47.587302;2016-04-29T00:19:47.710910;a8a55715-ad91-43ef-a527-c8988ea9f3d2;452.61;0.02;SELL
2016-04-29T00:19:47.587501;2016-04-29T00:19:47.710910;a8e602ff-2f63-4ea7-9d6c-bebe36aca4b3;452.61;0.2;SELL
2016-04-29T00:19:47.587688;2016-04-29T00:19:47.710910;7ea4b926-5430-4e7b-8af9-207b52a632df;452.61;0.115;SELL
2016-04-29T00:19:47.587893;2016-04-29T00:19:47.742187;ceb4bf3a-5cc5-4af8-afd8-d7d5935b5866;452.6;0.02;SELL
2016-04-29T00:19:47.588108;2016-04-29T00:19:47.742187;9d6a8c3f-1908-41ee-b2b9-ed04cc2f56de;452.59;0.02;SELL
2016-04-29T00:19:47.588310;2016-04-29T00:19:47.742187;e46b4ff5-d8bf-47a4-ac53-0e7dcaa87ed7;452.58;0.02;SELL
2016-04-29T00:19:47.588521;2016-04-29T00:19:47.757814;24d10deb-0c55-4a85-aee0-35bdd208e31c;452.57;0.02;SELL
2016-04-29T00:19:47.588718;2016-04-29T00:19:47.757814;749d5e9d-6454-4fbf-bbe2-b4b49c1a31e1;452.56;0.02;SELL
2016-04-29T00:19:47.588887;2016-04-29T00:19:47.757814;37c2062c-b24f-4c9e-b38e-fa4030d853f6;452.55;0.01;SELL
2016-04-29T00:19:47.589097;2016-04-29T00:19:47.757814;7f8f82fc-ed0c-4ac6-8d90-1965eb9a32c5;452.55;0.02;SELL
2016-04-29T00:19:47.589287;2016-04-29T00:19:47.757814;a0453905-5f3c-4d65-ba0f-4586a3cd6c36;452.54;0.02;SELL
2016-04-29T00:19:47.589488;2016-04-29T00:19:47.757814;de337a38-eb8c-4063-be25-44a644fb59a1;452.53;0.01;SELL
2016-04-29T00:19:47.589657;2016-04-29T00:19:47.757814;2f64a864-c0a4-455a-9589-4bba4cd05dc9;452.53;0.2;SELL
2016-04-29T00:19:47.590875;2016-04-29T00:19:47.789061;8dfc15c5-7890-4e66-8acb-23f03818c39b;452.53;0.02;SELL
2016-04-29T00:19:47.591104;2016-04-29T00:19:47.789061;501deb9c-7b8f-4da4-9084-ccfc879a5c11;452.52;0.02;SELL
2016-04-29T00:19:47.591303;2016-04-29T00:19:47.789061;7bd16708-547b-42eb-9487-574ab770e79d;452.52;0.122;SELL
2016-04-29T00:19:47.591494;2016-04-29T00:19:47.789061;e2cbcff7-0d78-4acd-a8c3-15eacd9b78f8;452.51;0.02;SELL
2016-04-29T00:19:47.591705;2016-04-29T00:19:47.789061;c3eb9796-8284-4fbb-b1a4-af274a629140;452.51;0.02;SELL
2016-04-29T00:19:47.591889;2016-04-29T00:19:47.789061;9e5c89b6-e709-4013-9a21-6699acdd6401;452.5;0.01;SELL
2016-04-29T00:19:47.592110;2016-04-29T00:19:47.789061;1a2e981c-8d08-43a8-a665-eafa71767470;452.5;0.02;SELL
2016-04-29T00:19:47.592298;2016-04-29T00:19:47.804687;06a833c0-27d3-4237-8f53-78bc0b462abf;452.49;0.02;SELL
2016-04-29T00:19:47.592472;2016-04-29T00:19:47.804687;83262a0d-7333-421e-bb2b-0d89bbda3039;452.48;0.01;SELL
2016-04-29T00:19:47.592657;2016-04-29T00:19:47.804687;ea1cdce5-04ad-4474-a2fd-8614668d526e;452.48;0.02;SELL
2016-04-29T00:19:47.592848;2016-04-29T00:19:47.804687;278a78fc-e454-4588-8f74-e6fd7d1bb0b7;452.47;0.01;SELL
2016-04-29T00:19:47.593064;2016-04-29T00:19:47.804687;2127cb6c-c31f-4548-bad3-64d653bb1e32;452.47;0.02;SELL
2016-04-29T00:19:47.593263;2016-04-29T00:19:47.820312;502842c8-fcf9-47f6-88d1-4373557b585a;452.46;0.02;SELL
2016-04-29T00:19:47.593836;2016-04-29T00:19:47.820312;4c2b71d0-72cf-4ae0-9aa6-756140e30ef1;452.45;0.01;SELL
2016-04-29T00:19:47.594058;2016-04-29T00:19:47.820312;1a3c6619-6bf2-442c-a9ae-64dbe010858c;452.45;0.02;SELL
2016-04-29T00:19:47.594243;2016-04-29T00:19:47.820312;59f8c106-eac5-4ecc-a9bc-d8d1d7575de7;452.44;0.01;SELL
2016-04-29T00:19:47.594415;2016-04-29T00:19:47.820312;5a48f0e8-10a3-4e8a-9453-4d1550bee8c8;452.44;0.02;SELL
2016-04-29T00:19:47.594617;2016-04-29T00:19:47.820312;562ab092-ffbd-44b9-b84b-b1994ddc2206;452.44;0.073;SELL
2016-04-29T00:19:47.594838;2016-04-29T00:19:47.820312;20cbdd35-3745-4fec-9c62-7e5fda222aec;452.43;0.02;SELL
2016-04-29T00:19:47.595049;2016-04-29T00:19:47.851564;50dce463-0ef4-4cb9-b141-59f5da9f312b;452.42;0.02;SELL
2016-04-29T00:19:47.595228;2016-04-29T00:19:47.851564;1cdafebc-bb6d-428e-852f-47d942e21134;452.41;0.01;SELL
2016-04-29T00:19:47.595400;2016-04-29T00:19:47.851564;549bd85a-a605-4554-a0ba-10fd4ad018bb;452.41;0.02;SELL
2016-04-29T00:19:47.595585;2016-04-29T00:19:47.851564;87d4e9a9-db1e-4d5b-8fa2-74314ecd26f8;452.41;0.01;SELL
2016-04-29T00:19:47.595803;2016-04-29T00:19:47.851564;8e495b2a-cac3-4127-b6d7-208195534072;452.4;0.02;SELL
2016-04-29T00:19:47.596016;2016-04-29T00:19:47.867193;ef363533-2c66-49f6-876d-c9c2c436d88b;452.39;0.02;SELL
2016-04-29T00:19:47.596204;2016-04-29T00:19:47.867193;b19d3282-1e14-49fd-98a9-d44cb6e0f497;452.38;0.01;SELL
2016-04-29T00:19:47.596389;2016-04-29T00:19:47.867193;587e472f-7eb5-4810-bd43-7e0de0a9a018;452.38;0.02;SELL
2016-04-29T00:19:47.596574;2016-04-29T00:19:47.898441;0ec512c9-dfcb-41b5-b08f-9c01ea81a438;452.37;0.02;SELL
2016-04-29T00:19:47.596762;2016-04-29T00:19:47.898441;cedbb71a-eda0-4428-9928-fe1fd6776369;452.36;0.02;SELL
2016-04-29T00:19:47.596964;2016-04-29T00:19:47.898441;eeb20057-3426-40f5-83b0-9fcdf5a82a4f;452.36;0.094;SELL
2016-04-29T00:19:47.597411;2016-04-29T00:19:47.898441;7dc1c915-3d2e-47d5-93c5-bcfcd14cc5f8;452.35;0.02;SELL
2016-04-29T00:19:47.597621;2016-04-29T00:19:47.898441;6644655f-19aa-4a10-8d52-df2a455b6002;452.34;0.02;SELL
2016-04-29T00:19:47.597838;2016-04-29T00:19:47.898441;14418740-d4f1-4f46-8285-e3bdb68a15dd;452.33;0.02;SELL
2016-04-29T00:19:47.598037;2016-04-29T00:19:47.898441;193de928-c95b-47e1-a777-5bdd6fc24bcd;452.32;0.02;SELL
2016-04-29T00:19:47.598235;2016-04-29T00:19:47.898441;230b5703-d9c6-4693-b932-35180be4ddbc;452.32;0.49000031;SELL
2016-04-29T00:19:47.598411;2016-04-29T00:19:47.898441;ad74d6aa-55f0-4c0f-9db6-8745feb34db2;452.31;0.02;SELL
2016-04-29T00:19:47.598586;2016-04-29T00:19:47.914066;384e4dba-0ca2-497d-8ed2-f8d634894ea6;452.31;0.20999969;SELL
2016-04-29T00:20:01.380427;2016-04-29T00:20:01.414073;d862869e-4369-460a-9184-888586cf9cc9;452.41;0.02;SELL
2016-04-29T00:20:01.380656;2016-04-29T00:20:01.429693;30f6b98c-73d6-4310-b890-b4648c6d0e72;452.4;0.02;SELL
2016-04-29T00:20:01.380850;2016-04-29T00:20:01.429693;3be0aaf4-16cb-40c9-bec1-bfc13d93fb77;452.39;0.02;SELL
2016-04-29T00:20:01.381113;2016-04-29T00:20:01.429693;0d868bb5-3843-4a4e-bc13-91283a170cc9;452.38;0.02;SELL
2016-04-29T00:20:01.381313;2016-04-29T00:20:01.429693;e725d8b2-8362-4da2-a217-daf61f7e4808;452.37;0.02;SELL
2016-04-29T00:20:01.381510;2016-04-29T00:20:01.429693;990351d3-73fe-4e9b-83bf-cac9b025c6dc;452.36;0.02;SELL
2016-04-29T00:20:01.381699;2016-04-29T00:20:01.445319;88493eeb-19cf-43d1-8747-1200b010e6db;452.35;0.02;SELL
2016-04-29T00:20:01.381895;2016-04-29T00:20:01.445319;87aada17-c4ab-4918-8d72-8098166ebd58;452.34;0.02;SELL
2016-04-29T00:20:01.382139;2016-04-29T00:20:01.445319;f829c5cc-4dd8-4199-acd5-8caa2e14c7e5;452.33;0.02;SELL
2016-04-29T00:20:01.382332;2016-04-29T00:20:01.476568;0fe7b3f3-a213-413c-a76d-9835ddc32cfd;452.32;0.02;SELL
2016-04-29T00:20:01.382506;2016-04-29T00:20:01.476568;b07c742b-6cd6-492f-98fb-5a83873125cf;452.31;0.28000094;SELL
2016-04-29T00:20:01.382696;2016-04-29T00:20:01.476568;b5611356-cc2c-48c0-8d21-f22c3de04729;452.31;0.01;SELL
2016-04-29T00:20:01.382872;2016-04-29T00:20:01.476568;363b42ac-e704-4ae7-8a04-66aeae4faefc;452.3;0.02;SELL
2016-04-29T00:20:01.383106;2016-04-29T00:20:01.476568;ee093f73-7c6f-4e50-a452-76b864ada01d;452.3;0.49000129;SELL
2016-04-29T00:20:01.383280;2016-04-29T00:20:01.476568;eea48fb4-0e59-442e-b76d-863ea09d929b;452.29;0.01;SELL
2016-04-29T00:20:01.383447;2016-04-29T00:20:01.476568;e3c6c1cf-a675-4738-bc2d-2b0af464a065;452.29;0.02;SELL
2016-04-29T00:20:01.383634;2016-04-29T00:20:01.492195;ff005a3f-92bb-4a51-a69d-af93ff432f69;452.29;0.49000265;SELL
2016-04-29T00:20:01.383811;2016-04-29T00:20:01.492195;000d31b6-4b08-4aec-bafd-95341cf3d81a;452.28;0.02;SELL
2016-04-29T00:20:01.384029;2016-04-29T00:20:01.492195;1649bf14-dad1-4e36-a166-9bc25408c32a;452.28;0.49000541;SELL
2016-04-29T00:20:01.384220;2016-04-29T00:20:01.507818;668ce453-f309-4ef3-ac53-92b4194c6f87;452.27;0.02;SELL
2016-04-29T00:20:01.384407;2016-04-29T00:20:01.507818;8cb5ffa6-8519-4684-819d-e76c0583dcba;452.27;0.49001104;SELL
2016-04-29T00:20:01.384581;2016-04-29T00:20:01.507818;e65f65cd-e0cd-455e-9748-4efdddfb59d5;452.26;0.02;SELL
2016-04-29T00:20:01.384737;2016-04-29T00:20:01.507818;7d10ccc0-8a0b-4618-b8f6-d091b195340b;452.26;0.03929867;SELL
2016-04-29T00:20:14.588087;2016-04-29T00:20:14.617200;22ca9cd6-df27-4ef5-afe6-774621f52ddf;452.26;0.03;SELL
2016-04-29T00:20:24.780535;2016-04-29T00:20:24.820333;06c2fd25-e163-4227-b054-e13e6aa3be14;452.34;0.02;SELL
2016-04-29T00:20:24.780792;2016-04-29T00:20:24.835956;0fb5f065-84a0-4d1c-a7ee-fc75aa717393;452.33;0.02;SELL
2016-04-29T00:20:24.781032;2016-04-29T00:20:24.835956;84431cf3-8f6b-47c2-9890-b2315cf5cb3a;452.32;0.02;SELL
2016-04-29T00:20:24.781233;2016-04-29T00:20:24.851581;e6da3b40-88cd-425d-a002-a8ad85a5907b;452.31;0.02;SELL
2016-04-29T00:20:24.781453;2016-04-29T00:20:24.851581;115af172-6ae3-4a74-b736-caea4ee2d0f2;452.3;0.02;SELL
2016-04-29T00:20:24.781645;2016-04-29T00:20:24.851581;02e02826-47ec-48a5-b015-0413c999c2ae;452.29;0.02;SELL
2016-04-29T00:20:24.781843;2016-04-29T00:20:24.851581;8bb42630-3e72-4681-9beb-1ed10168530f;452.28;0.02;SELL
2016-04-29T00:20:24.782053;2016-04-29T00:20:24.867205;64feb66a-c693-41a7-9a97-fd8c6df2de79;452.27;0.02;SELL
2016-04-29T00:20:24.782255;2016-04-29T00:20:24.867205;bbfe165e-6417-456a-9cc2-f780cdd43850;452.26;0.42072386;SELL
2016-04-29T00:20:24.782471;2016-04-29T00:20:24.867205;c6b8469a-e172-4c68-8cb6-8a3d0bad60d9;452.26;0.02;SELL
2016-04-29T00:20:24.782645;2016-04-29T00:20:24.867205;bd15b0b0-c848-4bd0-9c99-f888b1b4162f;452.25;0.02;SELL
2016-04-29T00:20:24.782842;2016-04-29T00:20:24.867205;37e8adea-8952-46bf-b49b-65e6b239a908;452.25;0.49004599;SELL
2016-04-29T00:20:24.783048;2016-04-29T00:20:24.882831;b3edc65b-ea14-43d8-a0b4-6d449fad54f5;452.24;0.02;SELL
2016-04-29T00:20:24.783242;2016-04-29T00:20:24.882831;2f689186-e1ef-46f6-baa8-758c899601dd;452.24;0.49009387;SELL
2016-04-29T00:20:24.783436;2016-04-29T00:20:24.882831;79667ffe-d3c7-4ec7-8c10-73411c319565;452.23;0.02;SELL
2016-04-29T00:20:24.783626;2016-04-29T00:20:24.882831;a79b9e40-b9f8-4ed4-95f8-eb827585f27b;452.23;0.49019158;SELL
2016-04-29T00:20:24.783794;2016-04-29T00:20:24.882831;efc2a7f1-3e95-4c18-9d70-60a0c14902cd;452.22;0.02;SELL
2016-04-29T00:20:24.783992;2016-04-29T00:20:24.914079;26901ad5-3da6-4987-8aeb-d0045d561db2;452.22;0.49039098;SELL
2016-04-29T00:20:24.784191;2016-04-29T00:20:24.914079;2873c059-500d-4f23-abe6-b645175ed2d1;452.21;0.02;SELL
2016-04-29T00:20:24.784404;2016-04-29T00:20:24.914079;ad277316-b927-4d7f-a49e-25def593a604;452.21;0.49079792;SELL
2016-04-29T00:20:24.784584;2016-04-29T00:20:24.929705;d97b6284-5a11-4263-beba-5e6b212f5d6b;452.2;0.02;SELL
2016-04-29T00:20:24.784773;2016-04-29T00:20:24.929705;0b31cf49-e617-411d-82bf-ece26b1ba2cd;452.2;0.49162841;SELL
2016-04-29T00:20:24.784947;2016-04-29T00:20:24.929705;8d4ec626-d039-4680-b002-0998fe37cf0f;452.19;0.02;SELL
2016-04-29T00:20:24.785162;2016-04-29T00:20:24.945331;05a9ff76-36b6-4311-84d6-16d491fe79d5;452.19;0.49332329;SELL
2016-04-29T00:20:24.785339;2016-04-29T00:20:24.945331;d06d49e6-487e-42ba-a98a-b6fd7031b3a5;452.18;0.02;SELL
2016-04-29T00:20:24.785559;2016-04-29T00:20:24.945331;2549715a-69fe-423f-ba43-93c2769574a2;452.18;0.49678223;SELL
2016-04-29T00:20:24.785729;2016-04-29T00:20:24.960957;1e4c95ed-9e2a-4049-9bb7-9e4fb6ec244b;452.17;0.02;SELL
2016-04-29T00:20:24.785894;2016-04-29T00:20:24.960957;720b26b2-3d36-44f3-82fe-765c2ff09f01;452.17;0.50384128;SELL
2016-04-29T00:20:24.786103;2016-04-29T00:20:24.960957;4a3fb7d9-a969-4075-b359-c495fca553dc;452.17;0.078;SELL
2016-04-29T00:20:24.786281;2016-04-29T00:20:24.960957;e4b2553e-e665-4779-8bd7-5676400d15fa;452.16;0.02;SELL
2016-04-29T00:20:24.786488;2016-04-29T00:20:24.960957;a0af715e-7128-4c76-a908-c77aa23eedd8;452.16;0.51824752;SELL
2016-04-29T00:20:24.786671;2016-04-29T00:20:24.976579;4ade5d95-5a82-4270-846f-4741bbb2ea57;452.15;0.02;SELL
2016-04-29T00:20:24.786869;2016-04-29T00:20:24.976579;72022adb-b1cc-468f-903e-5c46d1868eae;452.15;0.54764801;SELL
2016-04-29T00:20:24.787059;2016-04-29T00:20:24.976579;ae1c62d0-4902-4716-b5b7-37fba1b2890d;452.14;0.01;SELL
2016-04-29T00:20:24.787236;2016-04-29T00:20:24.992206;3163b70b-e125-4a3b-abdd-0747725b752c;452.14;0.02;SELL
2016-04-29T00:20:24.787444;2016-04-29T00:20:24.992206;6202f250-cf61-4b05-a339-3e6fd3e91b1f;452.14;0.607649;SELL
2016-04-29T00:20:24.787624;2016-04-29T00:20:24.992206;59922712-45b6-4709-81e4-590eae0cd5e0;452.13;0.02;SELL
2016-04-29T00:20:24.787822;2016-04-29T00:20:24.992206;cfcca6d0-fde2-4b08-8c96-331aa96b8394;452.13;0.7301;SELL
2016-04-29T00:20:24.788010;2016-04-29T00:20:25.007830;d1b78940-1533-4012-87b7-185656463618;452.12;0.02;SELL
2016-04-29T00:20:24.788207;2016-04-29T00:20:25.007830;ed6a4646-9cb9-4cd2-908e-c95c146e8d3b;452.12;0.2;SELL
2016-04-29T00:20:24.788394;2016-04-29T00:20:25.007830;0c9e428e-9761-434a-a2db-7d151afbc56c;452.11;0.02;SELL
2016-04-29T00:20:24.788601;2016-04-29T00:20:25.007830;99b09f00-7e7d-4361-9b8f-06d53100fa27;452.1;0.02;SELL
2016-04-29T00:20:24.788784;2016-04-29T00:20:25.023455;20fa167b-aa51-4029-a366-ace19228131b;452.09;1.0;SELL
2016-04-29T00:20:24.788996;2016-04-29T00:20:25.023455;59efa2bf-35bf-433a-8f86-49bc087b7036;452.09;0.02;SELL
2016-04-29T00:20:24.789196;2016-04-29T00:20:25.023455;11fa3d97-8d6a-4699-a374-49a35ae2285c;452.08;0.02;SELL
2016-04-29T00:20:24.789367;2016-04-29T00:20:25.039081;6a940c62-e8b5-4c69-9445-05256091ea6c;452.07;0.02;SELL
2016-04-29T00:20:24.789575;2016-04-29T00:20:25.054716;315aa985-4805-43ea-9fb0-69b5eeb8cf0c;452.07;0.02;SELL
2016-04-29T00:20:24.789747;2016-04-29T00:20:25.054716;b9c4d6af-204c-46d4-be7e-1be991b065e8;452.06;0.01;SELL
2016-04-29T00:20:24.789918;2016-04-29T00:20:25.054716;b482a927-1365-44cc-91ed-de479db30bb9;452.06;0.01;SELL
2016-04-29T00:20:24.790137;2016-04-29T00:20:25.054716;8adb4800-4e44-4f9d-8cc9-91e34679c09c;452.06;0.02;SELL
2016-04-29T00:20:24.790310;2016-04-29T00:20:25.054716;db2f26b0-7156-45a7-8222-632a53d33421;452.05;0.01;SELL
2016-04-29T00:20:24.790502;2016-04-29T00:20:25.054716;2bc63aa2-62cb-4c24-9b4d-95139fcc4668;452.05;0.02;SELL
2016-04-29T00:20:24.790692;2016-04-29T00:20:25.054716;d7309f7c-a6d9-465b-8e5d-4b2c6ce2f487;452.05;0.227;SELL
2016-04-29T00:20:24.790866;2016-04-29T00:20:25.085955;d92a8d0a-18c5-47ff-a758-05bfd9518dda;452.04;0.01;SELL
2016-04-29T00:20:24.791081;2016-04-29T00:20:25.101580;8c5f79ba-dc56-4bd9-bddf-c0ee5b011544;452.04;0.02;SELL
2016-04-29T00:20:24.791282;2016-04-29T00:20:25.101580;ba437307-4b6d-40d7-9250-2ce0b17840ad;452.03;0.02;SELL
2016-04-29T00:20:24.791468;2016-04-29T00:20:25.101580;8b50ae08-35de-4241-8101-e3462375b887;452.02;0.02;SELL
2016-04-29T00:20:24.791675;2016-04-29T00:20:25.101580;3572802f-381a-4c2a-90d5-8717b39441df;452.01;0.02;SELL
2016-04-29T00:20:24.791841;2016-04-29T00:20:25.101580;cfc555e5-31a8-4ffa-8e74-1e51a1d9e321;452.0;0.01;SELL
2016-04-29T00:20:24.792045;2016-04-29T00:20:25.101580;766a050a-fce7-4cc7-a236-03bb896c7276;452.0;0.02;SELL
2016-04-29T00:20:24.792234;2016-04-29T00:20:25.101580;f018802c-7f9c-4477-b99d-18bf1299341b;451.99;0.01;SELL
2016-04-29T00:20:24.792407;2016-04-29T00:20:25.101580;4bf0c174-656e-425f-9f50-cb4a7e54b866;451.99;0.01;SELL
2016-04-29T00:20:24.792621;2016-04-29T00:20:25.101580;27a92cef-e4fa-4df8-bd40-822d95656be6;451.99;0.02;SELL
2016-04-29T00:20:24.792802;2016-04-29T00:20:25.101580;c81366e8-844b-42bb-b746-1d70f8232f9a;451.98;0.02;SELL
2016-04-29T00:20:24.793010;2016-04-29T00:20:25.101580;80c28485-56d2-44f4-b23b-03cadc7fafc8;451.97;0.02;SELL
2016-04-29T00:20:24.793190;2016-04-29T00:20:25.132831;dbe7907e-25c8-4e7d-b47c-b939b12ef588;451.96;0.02;SELL
2016-04-29T00:20:24.793376;2016-04-29T00:20:25.132831;44a0c244-6d02-4c99-b32f-65f12235787e;451.96;0.103;SELL
2016-04-29T00:20:24.793584;2016-04-29T00:20:25.132831;939fc400-80a2-4b62-876f-3b1bbafa7b2f;451.95;0.02;SELL
2016-04-29T00:20:24.793781;2016-04-29T00:20:25.132831;0289829a-ec7c-4ba0-a6fb-67517127d042;451.94;0.02;SELL
2016-04-29T00:20:24.793966;2016-04-29T00:20:25.132831;288448cb-d4cd-4493-bb51-55edbcc57543;451.93;0.02;SELL
2016-04-29T00:20:24.794182;2016-04-29T00:20:25.132831;c5bd2db1-0154-40be-8e44-69008a176dcd;451.92;0.02;SELL
2016-04-29T00:20:24.794367;2016-04-29T00:20:25.132831;abf26608-2a7e-4335-91c5-f1c9d65e5118;451.86;0.01;SELL
2016-04-29T00:20:24.794575;2016-04-29T00:20:25.132831;aa8cb69a-bb5d-4ed8-b146-d2e52b2597dd;451.85;0.01;SELL
2016-04-29T00:20:24.794763;2016-04-29T00:20:25.148456;3a8a00c5-c677-4d8d-a4df-f96ef386790a;451.84;0.01;SELL
2016-04-29T00:20:24.794957;2016-04-29T00:20:25.148456;d75174fc-dbd3-4f08-a13a-65dec624ea4c;451.83;0.01;SELL
2016-04-29T00:20:24.795182;2016-04-29T00:20:25.148456;771359b4-7de0-49c5-8ef0-e8fd164d5e98;451.79;0.01;SELL
2016-04-29T00:20:24.795354;2016-04-29T00:20:25.148456;ee70025f-656f-42fb-b967-0fed115bfd3f;451.75;0.01;SELL
2016-04-29T00:20:24.795558;2016-04-29T00:20:25.148456;13373eaf-0b71-42cc-98bd-8958a5e9654a;451.75;0.01;SELL
2016-04-29T00:20:24.795751;2016-04-29T00:20:25.148456;9489c85a-d35c-4775-9ee5-196994c93d52;451.74;0.01;SELL
2016-04-29T00:20:24.795935;2016-04-29T00:20:25.164082;a2f2a9ae-d802-450f-b667-cab1dc274d47;451.73;0.01;SELL
2016-04-29T00:20:24.796166;2016-04-29T00:20:25.164082;dcff4625-8dd8-4e4c-9509-62cc1dc8d03e;451.72;0.01;SELL
2016-04-29T00:20:24.796353;2016-04-29T00:20:25.164082;ae4c33ec-7079-4aac-8363-407824b5188a;451.72;0.01;SELL
2016-04-29T00:20:24.796536;2016-04-29T00:20:25.164082;700bdeab-d79e-4197-b3d2-9385f6246587;451.71;0.01;SELL
2016-04-29T00:20:24.796743;2016-04-29T00:20:25.164082;202fde1c-0482-47fa-9ba5-7ae2315f48a5;451.7;0.01;SELL
2016-04-29T00:20:24.796922;2016-04-29T00:20:25.179707;a0b68044-41c2-456f-abe8-bbfd2fa17df1;451.69;0.01;SELL
2016-04-29T00:20:24.797134;2016-04-29T00:20:25.179707;6d04ac1b-635f-42ee-8cdd-05b1458e0f73;451.69;0.01;SELL
2016-04-29T00:20:24.797334;2016-04-29T00:20:25.210956;ebe3de97-2d67-4a19-a23e-8b03bfb820b4;451.68;0.01;SELL
2016-04-29T00:20:24.797528;2016-04-29T00:20:25.210956;3350c339-385a-497b-8162-1164f18bdfa7;451.67;0.01;SELL
2016-04-29T00:20:24.797735;2016-04-29T00:20:25.210956;ef10a9f3-136d-47ac-a703-1d0205a4529f;451.66;0.01;SELL
2016-04-29T00:20:24.797906;2016-04-29T00:20:25.210956;5d96c26c-f1d1-4d5e-bc61-d46da51ef2b5;451.65;0.01;SELL
2016-04-29T00:20:24.798126;2016-04-29T00:20:25.210956;a719c989-f5c1-434e-8d98-9e947a6c70be;451.65;0.2148;SELL
2016-04-29T00:20:24.798315;2016-04-29T00:20:25.210956;26513c9e-da69-4910-ade2-720504a54fd0;451.64;0.01;SELL
2016-04-29T00:20:24.798507;2016-04-29T00:20:25.210956;ee2a428a-b7cb-4169-889a-1977e7d2d474;451.63;0.01;SELL
2016-04-29T00:20:24.798718;2016-04-29T00:20:25.210956;c023ac15-b179-470f-a59e-dd8309b6e149;451.62;0.01;SELL
2016-04-29T00:20:24.798902;2016-04-29T00:20:25.226580;1c9d54c6-0bdf-433f-89c4-96b114a8eee8;451.61;0.01;SELL
2016-04-29T00:20:24.799099;2016-04-29T00:20:25.226580;4d03e8ba-ad92-452f-a479-d5e0a7dbfea1;451.6;0.01;SELL
2016-04-29T00:20:24.799273;2016-04-29T00:20:25.226580;5c6bdb00-1253-43dd-9d34-fd93028bbe43;451.6;0.01;SELL
2016-04-29T00:20:24.799464;2016-04-29T00:20:25.226580;eedbf756-f51a-4c50-92b7-40a59a886354;451.6;0.92;SELL
2016-04-29T00:20:24.799654;2016-04-29T00:20:25.242205;36638080-bfab-447f-b39a-719db729fb83;451.59;0.01;SELL
2016-04-29T00:20:24.799843;2016-04-29T00:20:25.242205;c8b4711e-0bbb-4dcf-9303-137a979efcfc;451.59;0.64;SELL
2016-04-29T00:20:24.800033;2016-04-29T00:20:25.242205;2dd71ed5-7b6d-42ac-b029-749453ac2bdc;451.58;0.01;SELL
2016-04-29T00:20:24.800223;2016-04-29T00:20:25.257828;a9b489d5-4ba4-4ea2-8fc0-71185d7a1e94;451.58;0.68;SELL
2016-04-29T00:20:24.800401;2016-04-29T00:20:25.257828;ac4e9e5f-0150-4852-9507-a040840e70be;451.57;0.01;SELL
2016-04-29T00:20:24.800588;2016-04-29T00:20:25.257828;90aaf091-0978-4bb6-8990-476961aac93f;451.57;0.88;SELL
2016-04-29T00:20:24.800779;2016-04-29T00:20:25.257828;ee012dba-0ee1-4315-9ed2-345f5db49474;451.56;0.01;SELL
2016-04-29T00:20:24.800945;2016-04-29T00:20:25.257828;f1332d92-000b-4e52-a390-b273b063465a;451.56;0.42340586;SELL
2016-04-29T00:20:50.156198;2016-04-29T00:20:50.164091;dfd1cb31-20b1-4e0f-9aa2-0d8e9e0ef1bf;451.66;0.01;BUY
2016-04-29T00:20:52.952849;2016-04-29T00:20:52.960972;28c1d3f6-446f-4728-a275-01c4b65ab515;451.66;0.91;SELL
2016-04-29T00:20:52.953099;2016-04-29T00:20:52.992219;f1138575-1d08-4d15-8ee3-9296c35c08e9;451.66;0.206;SELL
2016-04-29T00:20:52.953337;2016-04-29T00:20:52.992219;c2789200-98aa-4d4d-96c3-4ac8abca9b64;451.65;0.02;SELL
2016-04-29T00:20:52.953536;2016-04-29T00:20:53.007845;59ffef90-27c7-4dcc-88a2-fa717b190bcd;451.64;0.02;SELL
2016-04-29T00:20:52.953716;2016-04-29T00:20:53.007845;0b36838d-b27e-4ab8-b78c-28850a227cca;451.63;0.02;SELL
2016-04-29T00:20:52.953905;2016-04-29T00:20:53.007845;cb774380-0d35-458a-99d1-052551a8c0e5;451.63;0.02;SELL
2016-04-29T00:20:52.954123;2016-04-29T00:20:53.007845;80cf07cd-051a-4f71-baba-1f53bfe5adb5;451.62;0.02;SELL
2016-04-29T00:20:52.954338;2016-04-29T00:20:53.007845;294167e9-e58a-4230-8797-a1da40e1904f;451.61;0.02;SELL
2016-04-29T00:20:52.954522;2016-04-29T00:20:53.007845;93313d60-ab1c-4422-905b-770410bdb00b;451.6;0.02;SELL
2016-04-29T00:20:52.954722;2016-04-29T00:20:53.023471;6dad29cf-e40a-4ef2-bbed-2cd9507e18b8;451.59;0.02;SELL
2016-04-29T00:20:52.954914;2016-04-29T00:20:53.023471;82670051-ee55-437a-ac53-c62dd5738e29;451.58;0.02;SELL
2016-04-29T00:20:52.955114;2016-04-29T00:20:53.023471;59028667-b912-4c1f-926e-badb16a55b28;451.57;0.02;SELL
2016-04-29T00:20:52.955324;2016-04-29T00:20:53.039095;e763b503-3ce9-47fc-9c01-369af9967338;451.57;0.111;SELL
2016-04-29T00:20:52.955497;2016-04-29T00:20:53.039095;aa02f795-e1e8-47b1-9890-7fc3feee3ea3;451.56;0.02;SELL
2016-04-29T00:20:52.955683;2016-04-29T00:20:53.039095;45ee8ad6-23fa-48d4-ac8b-5cfdab56995e;451.56;0.01;SELL
2016-04-29T00:21:01.522065;2016-04-29T00:21:01.539102;0ebeb03e-d564-4430-b4e1-67ec51ae3ccd;451.56;0.96231896;BUY
2016-04-29T00:21:01.522358;2016-04-29T00:21:01.554724;9e2da0d6-7b54-4d08-b46f-9cc18d6d83ec;451.66;0.01;BUY
2016-04-29T00:21:01.522563;2016-04-29T00:21:01.554724;5660c968-1ae9-45b8-a366-10c1ebf21b65;451.67;0.01;BUY
2016-04-29T00:21:01.522728;2016-04-29T00:21:01.554724;c515e053-532f-4595-b163-7b2763b323eb;451.67;0.06502104;BUY
2016-04-29T00:21:32.090607;2016-04-29T00:21:32.101625;d4944c5c-5e8e-4c56-87c3-93bfce83d3dc;451.6;0.7542;BUY
2016-04-29T00:22:01.339123;2016-04-29T00:22:01.351630;7b8ccf73-b3da-4781-afd0-6dc0b117ac3e;451.6;0.2;BUY
2016-04-29T00:22:01.339371;2016-04-29T00:22:01.367259;ee909de0-343c-48de-ad08-f9f3e7c74a3d;451.61;0.1508;BUY
2016-04-29T00:22:31.441896;2016-04-29T00:22:31.461021;8dd44dbc-1602-454f-b57d-3640e6877e13;451.61;0.03646;BUY
2016-04-29T00:22:34.331391;2016-04-29T00:22:34.336029;e9d4088f-e64d-4370-8a42-9206eb427ac1;451.6;0.02;SELL
2016-04-29T00:23:01.152722;2016-04-29T00:23:01.164164;f58e7215-b385-4940-b159-70a960b963e4;451.6;0.23;BUY
2016-04-29T00:23:01.153058;2016-04-29T00:23:01.179786;6cd6c038-efb5-4ef6-a525-d51c49696298;451.61;8.19474;BUY
2016-04-29T00:23:01.153315;2016-04-29T00:23:01.179786;52e3696b-ff90-4ac6-87be-f0503d0338e1;451.64;0.191;BUY
2016-04-29T00:23:01.153501;2016-04-29T00:23:01.195413;244cdc38-920f-4151-9ed1-749a1ebb8ff2;451.68;0.01;BUY
2016-04-29T00:23:01.153683;2016-04-29T00:23:01.195413;ebcb7631-90fc-4a9c-b139-aaa5bd9af44f;451.69;0.01;BUY
2016-04-29T00:23:01.153882;2016-04-29T00:23:01.195413;b24702f6-5b09-4c0d-b9ee-4b61e91fa817;451.7;0.01;BUY
2016-04-29T00:23:01.154093;2016-04-29T00:23:01.195413;530f2a8f-f5d7-4e93-ae7e-75ec60488cc7;451.71;0.01;BUY
2016-04-29T00:23:01.154275;2016-04-29T00:23:01.211036;28d49156-971d-403c-94fd-33cc73268e22;451.72;0.01;BUY
2016-04-29T00:23:01.154449;2016-04-29T00:23:01.211036;b8ef55de-dc09-4e60-8b65-9ccbcc053ea7;451.72;0.02;BUY
2016-04-29T00:23:01.154633;2016-04-29T00:23:01.211036;efd30343-78a3-4b3b-a500-a45ab1e4efda;451.72;0.213;BUY
2016-04-29T00:23:01.154798;2016-04-29T00:23:01.211036;b290c09e-ce58-4b55-9504-d76a9a294926;451.73;0.01;BUY
2016-04-29T00:23:01.155028;2016-04-29T00:23:01.211036;968ea0e3-2f5e-4d0f-9c57-95b94b63f001;451.73;0.03;BUY
2016-04-29T00:23:01.155220;2016-04-29T00:23:01.226660;23fce27a-1309-4bfe-853b-d4f74db014d6;451.74;0.01;BUY
2016-04-29T00:23:01.155399;2016-04-29T00:23:01.226660;e9843c59-2c67-45a4-baf1-67e41aedeabf;451.75;0.01;BUY
2016-04-29T00:23:01.155586;2016-04-29T00:23:01.226660;093e9e3f-70b2-4fb7-9e45-d6766bf1d6d7;451.75;0.03;BUY
2016-04-29T00:23:01.155750;2016-04-29T00:23:01.273536;f3f826c7-ae05-4799-ba94-5186d1d4de67;451.76;0.01;BUY
2016-04-29T00:23:01.155952;2016-04-29T00:23:01.273536;ac96ddb2-7e40-4a12-8ec9-6ab5b03544e6;451.76;0.03;BUY
2016-04-29T00:23:01.156150;2016-04-29T00:23:01.273536;b1f95f60-88ef-419c-8e49-80f81f308937;451.77;0.01;BUY
2016-04-29T00:23:01.156327;2016-04-29T00:23:01.273536;bafcbc10-b506-4f7f-9d49-4d2ff0daf26f;451.77;0.03;BUY
2016-04-29T00:23:01.156498;2016-04-29T00:23:01.273536;59eb6961-9d0d-400c-a998-f4c0d3e53d2d;451.78;0.01;BUY
2016-04-29T00:23:01.156680;2016-04-29T00:23:01.273536;508c0ccc-41fb-46bd-a860-036a652b0a3c;451.78;0.02;BUY
2016-04-29T00:23:01.156844;2016-04-29T00:23:01.273536;612cc380-bfab-4afe-b9d1-bd57b326637f;451.79;0.01;BUY
2016-04-29T00:23:01.157062;2016-04-29T00:23:01.273536;2b7dce4a-df53-45cf-88f9-219c399ca987;451.79;0.03;BUY
2016-04-29T00:23:01.157240;2016-04-29T00:23:01.273536;5ac20524-3908-4c9c-a252-1758faa8d763;451.8;0.01;BUY
2016-04-29T00:23:01.157408;2016-04-29T00:23:01.273536;cc5eb17a-84c0-485c-a954-9d958973f85e;451.8;0.03;BUY
2016-04-29T00:23:01.157591;2016-04-29T00:23:01.273536;16f79fc4-7f03-4862-9d0c-f9c528b33732;451.8;0.178;BUY
2016-04-29T00:23:01.157794;2016-04-29T00:23:01.273536;38cb926b-9385-4821-9e0f-f15381b33981;451.81;0.01;BUY
2016-04-29T00:23:01.158009;2016-04-29T00:23:01.289161;e8a184c9-48ab-4a98-87e3-b4fa30fdd6e1;451.82;0.01;BUY
2016-04-29T00:23:01.158214;2016-04-29T00:23:01.289161;b568adb8-0ba1-47c0-8f9a-db6f0188f48b;451.83;0.01;BUY
2016-04-29T00:23:01.158390;2016-04-29T00:23:01.289161;81438deb-0ec9-4573-9377-2ebead6a8977;451.84;0.01;BUY
2016-04-29T00:23:01.158564;2016-04-29T00:23:01.289161;0db35b29-513a-43f0-a176-4ecff54f392c;451.85;0.01;BUY
2016-04-29T00:23:01.158731;2016-04-29T00:23:01.289161;dcd90df0-1aaa-469b-9924-90cf489b3555;451.88;0.226;BUY
2016-04-29T00:23:01.158951;2016-04-29T00:23:01.289161;75114370-5f07-4777-bd2f-211c52e413be;451.88;0.45;BUY
2016-04-29T00:23:01.159121;2016-04-29T00:23:01.289161;314fd1db-72c6-4caf-86e2-a6b4830dc0d8;451.89;2.25179;BUY
2016-04-29T00:23:31.199837;2016-04-29T00:23:31.243424;7de418f7-d16a-4ae5-892a-d1a490b72c39;451.86;0.01;BUY
2016-04-29T00:23:31.200119;2016-04-29T00:23:31.243424;130e2e87-b406-4e93-adbc-44fc58bd081f;451.86;0.01;BUY
2016-04-29T00:23:31.200349;2016-04-29T00:23:31.243424;b47ed5c7-4a04-403d-9974-b446aedad13b;451.86;0.129;BUY
2016-04-29T00:23:31.200516;2016-04-29T00:23:31.259041;2024e30e-55f0-4ccc-be00-77b9ab5b19ae;451.89;0.79342;BUY
2016-04-29T00:24:01.112941;2016-04-29T00:24:01.149694;56358b3e-ffcd-4586-8c61-75dbdcc10ffb;451.88;0.121;BUY
2016-04-29T00:24:01.113203;2016-04-29T00:24:01.165310;46808843-57e5-42b0-b5e6-e10d7c402519;451.89;0.38513;BUY
2016-04-29T00:24:31.090385;2016-04-29T00:24:31.212204;97bd3836-f547-4225-9c9e-6b9bc605d0c3;451.87;0.02;SELL
2016-04-29T00:24:31.090667;2016-04-29T00:24:31.212204;d34ad206-63b2-4db8-bba9-c0b6ee816b25;451.86;0.02;SELL
2016-04-29T00:24:31.090890;2016-04-29T00:24:31.212204;92be81f9-34e0-4ef6-83ec-b87359662885;451.85;0.02;SELL
2016-04-29T00:24:31.091126;2016-04-29T00:24:31.212204;2dbb21e1-63a0-469f-9767-4d46bbff9569;451.84;0.02;SELL
2016-04-29T00:24:31.091349;2016-04-29T00:24:31.212204;fb2689b1-6435-41a3-bd55-323d36fed5ff;451.83;0.02;SELL
2016-04-29T00:24:31.091551;2016-04-29T00:24:31.243450;e4b696bf-7be8-4ac8-a2a6-027d270aabe6;451.82;0.02;SELL
2016-04-29T00:24:31.091736;2016-04-29T00:24:31.243450;d026c0a7-a1c5-499b-85ea-4b3e80364cc0;451.81;0.02;SELL
2016-04-29T00:24:31.091911;2016-04-29T00:24:31.243450;5cfed484-e8be-4869-bf3a-7882b5771a61;451.8;0.02;SELL
2016-04-29T00:24:31.092124;2016-04-29T00:24:31.243450;110f4d49-2635-4924-98a7-6d7e4d55b3df;451.8;0.08;SELL
2016-04-29T00:24:31.092344;2016-04-29T00:24:31.243450;87ba9107-132b-4b7d-9e23-c2adf3474161;451.79;0.02;SELL
2016-04-29T00:24:31.092530;2016-04-29T00:24:31.243450;ce495d0c-cdba-4d26-9475-e802248c658d;451.78;0.02;SELL
2016-04-29T00:24:31.092720;2016-04-29T00:24:31.243450;71522a51-2b03-4081-9c9a-b75b3b6f1d61;451.77;0.02;SELL
2016-04-29T00:24:31.092899;2016-04-29T00:24:31.243450;dd3cb874-7177-49b9-a181-34013744bbfc;451.76;0.02;SELL
2016-04-29T00:24:31.093098;2016-04-29T00:24:31.243450;c28de19e-a882-4048-b4da-beaf646abc7c;451.75;0.01;SELL
2016-04-29T00:24:31.093305;2016-04-29T00:24:31.243450;14de9389-f412-4239-94a4-4bf0e2a957d3;451.75;0.02;SELL
2016-04-29T00:24:31.093477;2016-04-29T00:24:31.243450;a47c1e17-c411-48c4-a7e9-4e8053b3e254;451.74;0.01;SELL
2016-04-29T00:24:31.093672;2016-04-29T00:24:31.243450;a4f667db-ab94-4a0e-8848-e46ed5159c4a;451.74;0.02;SELL
2016-04-29T00:24:31.093846;2016-04-29T00:24:31.243450;a9ccf918-c57d-444b-9305-088a599bc783;451.73;0.01;SELL
2016-04-29T00:24:31.094036;2016-04-29T00:24:31.243450;6d3ca6bd-18eb-42b5-a803-d4330e994320;451.73;0.01;SELL
2016-04-29T00:24:31.094245;2016-04-29T00:24:31.243450;eef2b353-67d7-44d1-8cc7-638bce98a060;451.73;0.02;SELL
2016-04-29T00:24:31.094420;2016-04-29T00:24:31.243450;c7deb75d-bedf-45c8-b94a-adfbe9637866;451.72;0.01;SELL
2016-04-29T00:24:31.094587;2016-04-29T00:24:31.243450;593a879c-1467-4866-a4fb-b396bed7d0be;451.72;0.02;SELL
2016-04-29T00:24:31.094787;2016-04-29T00:24:31.243450;9f30d068-ea80-47e7-83b5-5766ff7da2f5;451.72;0.085;SELL
2016-04-29T00:24:31.094970;2016-04-29T00:24:31.259075;b8523bcb-f558-4859-9937-3ad85d9b60ad;451.71;0.01;SELL
2016-04-29T00:24:31.095186;2016-04-29T00:24:31.259075;847bc724-d227-4a19-9e2b-773cb55e7d89;451.71;0.02;SELL
2016-04-29T00:24:31.095390;2016-04-29T00:24:31.274685;86be39b5-0340-4004-86b1-59a75466b69f;451.7;0.01;SELL
2016-04-29T00:24:31.095575;2016-04-29T00:24:31.274685;ff2af39e-981e-47ab-9868-f421a33dcb4c;451.7;0.02;SELL
2016-04-29T00:24:31.095744;2016-04-29T00:24:31.274685;8b09466b-9f44-475e-b279-bd2fcc890460;451.69;0.01;SELL
2016-04-29T00:24:31.095933;2016-04-29T00:24:31.274685;41c823c7-37b7-46a8-9bfc-7228c6648ba5;451.69;0.02;SELL
2016-04-29T00:24:31.096135;2016-04-29T00:24:31.274685;7f213ba2-79ce-4cfa-80e5-1cc7d9b00ad3;451.68;0.01;SELL
2016-04-29T00:24:31.096340;2016-04-29T00:24:31.274685;ed9de694-2aa3-4cf2-bd46-26950d19ae18;451.68;0.01;SELL
2016-04-29T00:24:31.096530;2016-04-29T00:24:31.337200;67d5da07-cc72-4e8e-9ce7-4b191dbe97c1;451.68;0.02;SELL
2016-04-29T00:24:31.096699;2016-04-29T00:24:31.337200;76ab2e5b-5155-440b-852f-7492f616c9e7;451.67;0.01;SELL
2016-04-29T00:24:31.096883;2016-04-29T00:24:31.337200;fcd248b5-cb8e-4046-a571-d171f868bba3;451.67;0.02;SELL
2016-04-29T00:24:31.097090;2016-04-29T00:24:31.337200;3fa97e77-2a1d-4991-9d24-9e978177fede;451.66;0.01;SELL
2016-04-29T00:24:31.097300;2016-04-29T00:24:31.337200;a6c4a0bc-cc98-49ab-beb7-611e8c2414e6;451.66;0.02;SELL
2016-04-29T00:24:31.097475;2016-04-29T00:24:31.337200;d7f20c8b-80d3-4613-baae-6cd9e21aa90c;451.65;0.01;SELL
2016-04-29T00:24:31.097663;2016-04-29T00:24:31.337200;f9acada9-2071-4d2f-8751-9f005a51bb5d;451.65;0.02;SELL
2016-04-29T00:24:31.097829;2016-04-29T00:24:31.337200;7967020d-b177-44c6-881f-209d8006c4b6;451.64;0.01;SELL
2016-04-29T00:24:31.098015;2016-04-29T00:24:31.337200;a5c41e06-fe16-469e-b29f-7aab79b1018e;451.64;0.02;SELL
2016-04-29T00:24:31.098219;2016-04-29T00:24:31.337200;88eecdd4-7bcf-46e0-aae7-99572fd241d6;451.64;0.077;SELL
2016-04-29T00:24:31.098415;2016-04-29T00:24:31.352824;203c0fb1-fe58-4e11-86fc-80a9d4ef18fd;451.63;0.01;SELL
2016-04-29T00:24:31.098598;2016-04-29T00:24:31.352824;28bb4bcd-9342-4032-ab21-348737c548a1;451.63;0.02;SELL
2016-04-29T00:24:31.098771;2016-04-29T00:24:31.352824;0e0c4a82-3698-4cac-8292-2f2859b18a3f;451.62;0.01;SELL
2016-04-29T00:24:31.098959;2016-04-29T00:24:31.352824;6fbb2c1f-6b3f-4e30-9255-a72dd9421dda;451.62;0.02;SELL
2016-04-29T00:24:31.099157;2016-04-29T00:24:31.352824;2afc1a2a-d772-4e20-91d4-f839096a3a6d;451.61;0.01;SELL
2016-04-29T00:24:31.099371;2016-04-29T00:24:31.352824;9f7216ec-4107-47e6-959b-903a411acc53;451.61;0.02;SELL
2016-04-29T00:24:31.099550;2016-04-29T00:24:31.352824;d14a5401-ef22-48e6-a006-dea0a2d3579c;451.6;0.01;SELL
2016-04-29T00:24:31.099736;2016-04-29T00:24:31.352824;19b09c67-2df8-45ba-bfeb-21d6d90152de;451.6;0.02;SELL
2016-04-29T00:24:31.099902;2016-04-29T00:24:31.352824;ee7a4492-8bb2-4b9d-8b5a-ddc74af7fb10;451.59;0.02;SELL
2016-04-29T00:24:31.100096;2016-04-29T00:24:31.352824;650ab49a-97ba-40bd-b016-afab57574f6a;451.59;0.01;SELL
2016-04-29T00:24:31.100279;2016-04-29T00:24:31.352824;27d47894-f7d0-4d73-bd4c-006b7c5fc72d;451.59;0.2;SELL
2016-04-29T00:24:31.100473;2016-04-29T00:24:31.352824;b8ccf35b-c9a6-47bf-a1ff-a9141e500797;451.58;0.02;SELL
2016-04-29T00:24:31.100670;2016-04-29T00:24:31.352824;244b42d4-6773-471f-96e9-bf0e7b294cea;451.58;0.01;SELL
2016-04-29T00:24:31.100843;2016-04-29T00:24:31.352824;1c100221-3b45-4067-8ed1-ef9017cbc5dd;451.57;0.01;SELL
2016-04-29T00:24:31.101049;2016-04-29T00:24:31.352824;5eabefbe-1c5b-43cd-90c8-fb4b2232ec30;451.57;0.02;SELL
2016-04-29T00:24:31.101226;2016-04-29T00:24:31.368450;a0f867d4-d466-43f9-9338-1db94de1b0a3;451.56;0.01;SELL
2016-04-29T00:24:31.101431;2016-04-29T00:24:31.368450;f8a8962a-8036-438a-bce9-894334602bfa;451.56;0.02;SELL
2016-04-29T00:24:31.101607;2016-04-29T00:24:31.415328;f3bf0e43-59af-485b-b54c-cbe375a54a28;451.55;0.01;SELL
2016-04-29T00:24:31.101793;2016-04-29T00:24:31.430949;fde151a0-92bf-4743-b26b-9205cd799cfa;451.55;0.01;SELL
2016-04-29T00:24:31.101964;2016-04-29T00:24:31.430949;18c84ec5-3771-413e-98b9-a9b81d12f0f9;451.55;0.02;SELL
2016-04-29T00:24:31.102177;2016-04-29T00:24:31.430949;348eb1ee-7691-4352-8dd4-0ea52a11bb65;451.55;0.102;SELL
2016-04-29T00:24:31.102370;2016-04-29T00:24:31.430949;06aefa4d-3523-45e0-9778-7ce0f59b0375;451.54;0.01;SELL
2016-04-29T00:24:31.102561;2016-04-29T00:24:31.430949;b35f8dfb-30dc-4200-9c51-ff2e88700bf8;451.54;0.02;SELL
2016-04-29T00:24:31.102735;2016-04-29T00:24:31.430949;fac44b83-e31f-45ff-8c4a-5de07313bb92;451.53;0.01;SELL
2016-04-29T00:24:31.102914;2016-04-29T00:24:31.430949;83f5814c-58b8-4564-811b-c4ddca094e24;451.53;0.01;SELL
2016-04-29T00:24:31.103148;2016-04-29T00:24:31.430949;0b08112d-06d9-433e-90c9-2547f342155c;451.53;0.23;SELL
2016-04-29T00:24:31.103326;2016-04-29T00:24:31.430949;541052a3-58c4-45d8-b82f-61a5ba9c5cd8;451.52;0.01;SELL
2016-04-29T00:24:31.103519;2016-04-29T00:24:31.430949;1eea3054-f636-4089-97f3-125911614a43;451.52;0.01;SELL
2016-04-29T00:24:31.103708;2016-04-29T00:24:31.430949;73a34312-f67e-42ff-a343-5450daf4b519;451.52;0.85;SELL
2016-04-29T00:24:31.103876;2016-04-29T00:24:31.430949;169856ac-4c74-4736-ba2b-afdf3b25a361;451.51;0.01;SELL
2016-04-29T00:24:31.104086;2016-04-29T00:24:31.430949;eac4dc37-9a82-4d96-9a57-da329953642e;451.51;0.01;SELL
2016-04-29T00:24:31.104249;2016-04-29T00:24:31.430949;e50d48b0-a300-4773-94c0-69d137aff054;451.51;0.38892;SELL
2016-04-29T00:25:01.546787;2016-04-29T00:25:01.587218;16c4ac71-f592-49b0-a228-e7c161f43666;451.59;0.02;BUY
2016-04-29T00:25:01.547116;2016-04-29T00:25:01.602840;d851fff7-99c2-402f-bf6a-65f26ad42528;451.6;0.03;BUY
2016-04-29T00:25:01.547369;2016-04-29T00:25:01.602840;a8580d6e-9ad6-4712-ae83-5ed719c065ab;451.61;0.01;BUY
2016-04-29T00:25:01.547564;2016-04-29T00:25:01.602840;c477d5d4-0c2f-4f49-8b21-04937d644aa3;451.62;0.01;BUY
2016-04-29T00:25:01.547744;2016-04-29T00:25:01.618465;02c1b475-5156-427c-a38c-9cdd4cd350b5;451.63;0.01;BUY
2016-04-29T00:25:01.547928;2016-04-29T00:25:01.680965;cf28d8c4-e383-4b31-a3dc-7c4dd42dedad;451.64;0.01;BUY
2016-04-29T00:25:01.548141;2016-04-29T00:25:01.680965;1c45d4c7-d4d6-4d14-8fdd-e0be83d21f73;451.65;0.01;BUY
2016-04-29T00:25:01.548360;2016-04-29T00:25:01.680965;35ddfa38-991f-41b0-b5a7-96d1c570585e;451.66;0.01;BUY
2016-04-29T00:25:01.548520;2016-04-29T00:25:01.680965;3413a5a5-e9ea-4455-a6f5-4f28cd1ce8bb;451.67;0.00744;BUY
2016-04-29T00:25:31.528747;2016-04-29T00:25:31.571605;a2e6a401-c26a-4cb7-abae-91ae0389488f;451.67;0.00256;BUY
2016-04-29T00:25:31.529046;2016-04-29T00:25:31.587235;9157b2cb-9b6b-4b36-953f-45322dfe6851;451.68;0.01;BUY
2016-04-29T00:25:31.529285;2016-04-29T00:25:31.587235;23badece-eca2-46e5-9bd0-a7b112f920d8;451.69;0.01;BUY
2016-04-29T00:25:31.529481;2016-04-29T00:25:31.602856;91cbaa5d-d480-4124-af9f-f53dfb58b8e9;451.7;0.01;BUY
2016-04-29T00:25:31.529675;2016-04-29T00:25:31.602856;8a37b491-c375-45be-b626-c224a140310b;451.71;0.01;BUY
2016-04-29T00:25:31.529878;2016-04-29T00:25:31.602856;597c0a3e-d250-4d61-a1ef-8d22f19aafc9;451.72;0.01;BUY
2016-04-29T00:25:31.530066;2016-04-29T00:25:31.602856;89b73241-0db0-4d73-b802-f952d6d2d83b;451.73;0.00663;BUY
2016-04-29T00:26:01.401300;2016-04-29T00:26:01.431004;1df48a97-5ce2-423d-a203-891a1f8fe846;451.73;0.00337;BUY
2016-04-29T00:26:01.401583;2016-04-29T00:26:01.446620;e68fb1e5-d846-4c77-82e1-f6ba50fc2c1e;451.74;0.01;BUY
2016-04-29T00:26:01.401855;2016-04-29T00:26:01.462246;5a5ea867-33be-4ad9-ad98-4e34a622dfff;451.75;0.01;BUY
2016-04-29T00:26:01.402062;2016-04-29T00:26:01.524746;b030f9e8-1479-47aa-88c1-18e11ce40a80;451.76;0.01;BUY
2016-04-29T00:26:01.402239;2016-04-29T00:26:01.524746;35ceb92c-fc79-4e0f-b17b-17826e89e542;451.77;0.01;BUY
2016-04-29T00:26:01.402421;2016-04-29T00:26:01.524746;81e6ab3c-52d0-4754-ae3f-3a32aa576da2;451.77;0.03;BUY
2016-04-29T00:26:01.402594;2016-04-29T00:26:01.524746;909ec187-13da-4bfd-84a7-96819bb134ff;451.78;0.01;BUY
2016-04-29T00:26:01.402796;2016-04-29T00:26:01.524746;6b67957c-30e0-4038-ac80-957a20a976c8;451.78;0.03;BUY
2016-04-29T00:26:01.403000;2016-04-29T00:26:01.540370;7cdae1d8-8507-44c8-9ac1-9ca941e4ccc4;451.79;0.01;BUY
2016-04-29T00:26:01.403175;2016-04-29T00:26:01.540370;c57c7e74-6e3d-455e-87ea-65abc9660fde;451.8;0.01;BUY
2016-04-29T00:26:01.403352;2016-04-29T00:26:01.540370;776ca47b-ba86-4c45-81ab-40c7758f9a1e;451.8;0.03;BUY
2016-04-29T00:26:01.403517;2016-04-29T00:26:01.540370;1b032988-333a-4e13-8b67-a67cfcc99a41;451.81;0.01;BUY
2016-04-29T00:26:01.403696;2016-04-29T00:26:01.540370;e5c9070b-0169-43c3-acdc-b79bf9ad4890;451.81;0.03;BUY
2016-04-29T00:26:01.403887;2016-04-29T00:26:01.540370;a354f5a8-4da6-4a67-8586-80066b054c42;451.82;0.01;BUY
2016-04-29T00:26:01.404096;2016-04-29T00:26:01.540370;df95032c-8f87-4395-814d-c5183c606492;451.82;0.01;BUY
2016-04-29T00:26:01.404265;2016-04-29T00:26:01.540370;58685cae-1a8c-4b58-81bd-88bdd0e80ce4;451.83;0.01;BUY
2016-04-29T00:26:01.404442;2016-04-29T00:26:01.540370;d8ad1fd9-af88-4303-a8ef-3fbd7194bcaf;451.83;0.03;BUY
2016-04-29T00:26:01.404608;2016-04-29T00:26:01.540370;65bea6e0-6217-49a6-ba96-4b2f7b5e0ed7;451.84;0.01;BUY
2016-04-29T00:26:01.404802;2016-04-29T00:26:01.540370;9024328e-d068-4169-8160-2e85a64b4277;451.84;0.03;BUY
2016-04-29T00:26:01.404970;2016-04-29T00:26:01.540370;35470aca-ae19-4253-8403-5d84f2547392;451.84;0.06131;BUY
2016-04-29T00:26:31.240342;2016-04-29T00:26:31.274762;fb58eeea-0f10-4e7c-be94-51ecf2c51d24;451.85;0.01;BUY
2016-04-29T00:26:31.240638;2016-04-29T00:26:31.290387;9fce8443-8a39-47fa-926d-d5d36d008867;451.86;0.03;BUY
2016-04-29T00:26:31.240857;2016-04-29T00:26:31.290387;f70e7897-5315-4136-b388-6ff53e267593;451.86;0.085;BUY
2016-04-29T00:26:31.241089;2016-04-29T00:26:31.290387;7baa65a1-a315-4660-856f-e40d3f3409e8;451.87;0.03;BUY
2016-04-29T00:26:31.241282;2016-04-29T00:26:31.306011;0eea6a4b-eebe-468c-b2e6-4f573f851a0b;451.88;0.03;BUY
2016-04-29T00:26:31.241475;2016-04-29T00:26:31.306011;6d0bf43d-0beb-4cb1-a346-a96513ee4405;451.89;0.02987;BUY
2016-04-29T00:27:33.756263;2016-04-29T00:27:33.774796;9dc9492a-950e-43b1-81ac-edb09f405a36;451.83;0.01;BUY
2016-04-29T00:27:33.756539;2016-04-29T00:27:33.790418;c3ec2981-c28c-48c1-a5ac-ed86789c2867;451.84;0.01;BUY
2016-04-29T00:27:33.756736;2016-04-29T00:27:33.790418;fe14fdff-f95d-44de-89bb-83365a563996;451.88;1.64284;BUY
2016-04-29T00:28:02.363248;2016-04-29T00:28:02.399812;fbb6484a-81e0-40e0-8d6f-812d8607b0ce;451.89;0.03;BUY
2016-04-29T00:28:02.363466;2016-04-29T00:28:02.399812;f8321595-4100-4935-ba8b-47f479257ef5;451.9;0.03;BUY
2016-04-29T00:28:02.363651;2016-04-29T00:28:02.415438;916acfc8-93ae-4e08-8963-5baadc356298;451.9;0.0113;BUY
2016-04-29T00:28:02.363823;2016-04-29T00:28:02.431058;221060cc-cd6b-4fed-bfa2-6fb75f502ce2;451.91;0.03;BUY
2016-04-29T00:28:02.364024;2016-04-29T00:28:02.431058;2b0eec9d-c7be-4994-bf33-5695cbf27a00;451.91;0.096;BUY
2016-04-29T00:28:02.364217;2016-04-29T00:28:02.431058;534ba82d-daac-498b-a3a9-c5dfba7efd3f;451.92;0.01;BUY
2016-04-29T00:28:02.364430;2016-04-29T00:28:02.431058;7154c927-dd79-45fe-9b07-833adaaa65b9;451.92;0.03;BUY
2016-04-29T00:28:02.364618;2016-04-29T00:28:02.431058;a8ba5b06-3b02-4a1f-907b-b36c53b79712;451.93;0.03;BUY
2016-04-29T00:28:02.364795;2016-04-29T00:28:02.431058;33c98005-edd6-4e84-9642-55f67dc4031e;451.95;0.03;BUY
2016-04-29T00:28:02.364955;2016-04-29T00:28:02.431058;9285e84e-294f-4060-85fb-90c9d1a8a992;451.96;0.02891;BUY
2016-04-29T00:28:33.814388;2016-04-29T00:28:33.852953;49ea9b3c-3a7c-42ca-8585-f8a85c49ac75;451.85;0.0115;SELL
2016-04-29T00:28:33.814655;2016-04-29T00:28:33.868540;9220042f-1668-4e46-8ba8-8e572c3b0641;451.85;0.103;SELL
2016-04-29T00:28:33.814883;2016-04-29T00:28:33.868540;8e9b4eab-0ed3-498c-9137-c1c4c4d79441;451.83;0.016;SELL
2016-04-29T00:28:33.815112;2016-04-29T00:28:33.884200;69a54a1f-8a67-4de5-bb7d-3c8e45a8336e;451.82;0.016;SELL
2016-04-29T00:28:33.815327;2016-04-29T00:28:33.884200;76031ee1-a4e6-4c3a-8bc8-3591c65ee5f7;451.81;0.017;SELL
2016-04-29T00:28:33.815517;2016-04-29T00:28:33.884200;1092733b-982a-4cbb-aeb2-2078b26925fa;451.8;0.017;SELL
2016-04-29T00:28:33.815729;2016-04-29T00:28:33.899824;449f184f-8dab-4d81-83ca-9fb70d8e19d9;451.79;0.019;SELL
2016-04-29T00:28:33.815927;2016-04-29T00:28:33.899824;a67a0743-63e3-4d2c-bd81-0c8ec87d4b0b;451.78;0.019;SELL
2016-04-29T00:28:33.816126;2016-04-29T00:28:33.915450;9441933b-93cf-40fe-95f9-65bb2195e4cd;451.77;0.02;SELL
2016-04-29T00:28:33.816336;2016-04-29T00:28:33.915450;ad88bd18-9097-46db-9c59-0f12703203f4;451.77;0.11;SELL
2016-04-29T00:28:33.816525;2016-04-29T00:28:33.962324;1b94ca0a-7372-4b6a-9e0e-c2c80e5ada71;451.76;0.02;SELL
2016-04-29T00:28:33.816695;2016-04-29T00:28:33.962324;272c3b79-2c9b-4799-8f92-158e221f6d1a;451.75;0.02;SELL
2016-04-29T00:28:33.816889;2016-04-29T00:28:33.962324;4606a639-d318-4b72-9d8d-f4e19f7a7048;451.75;0.01;SELL
2016-04-29T00:28:33.817086;2016-04-29T00:28:33.962324;9f81434b-c81b-47e0-8692-87ab4cbfde17;451.74;0.01;SELL
2016-04-29T00:28:33.817272;2016-04-29T00:28:33.962324;d597774e-73a1-4912-b18c-aa47d3345099;451.74;0.018;SELL
2016-04-29T00:28:33.817466;2016-04-29T00:28:33.962324;d0eae841-563f-4c9c-a0b3-49d845148a03;451.73;0.01;SELL
2016-04-29T00:28:33.817644;2016-04-29T00:28:33.962324;2da90094-7006-47e2-badf-b2f533976d51;451.73;0.02;SELL
2016-04-29T00:28:33.817820;2016-04-29T00:28:33.962324;a98d1d52-58f9-4408-8715-eaf982d11cf2;451.72;0.01;SELL
2016-04-29T00:28:33.818038;2016-04-29T00:28:33.962324;c1917759-d388-4ca2-8458-ffd814a4ca79;451.72;0.019;SELL
2016-04-29T00:28:33.818219;2016-04-29T00:28:33.962324;ae8b162d-6993-4909-b1b3-77ddbff7e488;451.71;0.01;SELL
2016-04-29T00:28:33.818446;2016-04-29T00:28:33.962324;f51e2b00-44e9-4011-b141-845b0397e3c2;451.71;0.019;SELL
2016-04-29T00:28:33.818637;2016-04-29T00:28:33.962324;ccfe63da-aa0b-4958-a671-f7a61ad1945c;451.71;0.01;SELL
2016-04-29T00:28:33.818813;2016-04-29T00:28:33.962324;18316c0f-69e9-4d6c-ace3-44a9f24108bc;451.7;0.01;SELL
2016-04-29T00:28:33.819029;2016-04-29T00:28:33.977950;15685bcf-2b02-4a57-80c1-693904ac2ddc;451.7;0.018;SELL
2016-04-29T00:28:33.819236;2016-04-29T00:28:33.993574;6d85a8e9-2041-4e3c-ba10-d92bcc35d4cb;451.69;0.01;SELL
2016-04-29T00:28:33.819430;2016-04-29T00:28:33.993574;4c38b188-6d0e-4680-8d0c-90962cf284a7;451.69;0.018;SELL
2016-04-29T00:28:33.819604;2016-04-29T00:28:33.993574;f8596a8e-5994-404f-a096-e78fad2fc96c;451.69;0.01;SELL
2016-04-29T00:28:33.819792;2016-04-29T00:28:33.993574;2ca9bcb0-49c1-4f74-9ef1-bfa8f82a03b4;451.69;0.127;SELL
2016-04-29T00:28:33.819962;2016-04-29T00:28:33.993574;3a076976-0b25-4da5-aa1b-db9716478f85;451.68;0.01;SELL
2016-04-29T00:28:33.820175;2016-04-29T00:28:33.993574;d8932892-ce8e-4224-be65-9bc8e89064c3;451.68;0.018;SELL
2016-04-29T00:28:33.820383;2016-04-29T00:28:34.009199;82b10b03-e8e2-4602-a39c-1af005c0dcb9;451.67;0.01;SELL
2016-04-29T00:28:33.820559;2016-04-29T00:28:34.009199;25ec626d-787f-4069-bae0-482ee6c5113f;451.67;0.018;SELL
2016-04-29T00:28:33.820745;2016-04-29T00:28:34.056075;965d4c04-a1a8-4e8c-81fa-943738d3e44e;451.67;0.2;SELL
2016-04-29T00:28:33.820918;2016-04-29T00:28:34.056075;66b78e10-626d-4d92-93eb-b1870d63047e;451.66;0.01;SELL
2016-04-29T00:28:33.821131;2016-04-29T00:28:34.056075;d60166f3-09cd-4610-9c4b-0a56dbd09f8b;451.66;0.017;SELL
2016-04-29T00:28:33.821301;2016-04-29T00:28:34.056075;1409d7bf-11ea-44df-b8b8-559ce7f44341;451.65;0.01;SELL
2016-04-29T00:28:33.821497;2016-04-29T00:28:34.056075;903713f7-3188-4fe8-849f-c46f5a66988f;451.65;0.017;SELL
2016-04-29T00:28:33.821690;2016-04-29T00:28:34.056075;5ce161eb-325a-417b-8ffc-1efd29642760;451.65;0.01;SELL
2016-04-29T00:28:33.821859;2016-04-29T00:28:34.056075;a771ad9f-e90e-4597-a5b3-880ed1692246;451.64;0.02;SELL
2016-04-29T00:28:33.822061;2016-04-29T00:28:34.056075;b9f7d062-6d7e-4d03-bf37-3e7fc5531a60;451.64;0.01;SELL
2016-04-29T00:28:33.822237;2016-04-29T00:28:34.056075;593f936e-8a6b-44ad-93dc-db1c825992d2;451.63;0.02;SELL
2016-04-29T00:28:33.822446;2016-04-29T00:28:34.056075;8a7dfa2d-8fa2-4345-972c-4279ab5a3f6f;451.63;0.01;SELL
2016-04-29T00:28:33.822622;2016-04-29T00:28:34.056075;b0f7d6c1-ad41-4b3f-9462-06382ae4423b;451.62;0.01;SELL
2016-04-29T00:28:33.822815;2016-04-29T00:28:34.071699;64b77ec4-e121-4098-9eef-bf74b58a04d1;451.62;0.02;SELL
2016-04-29T00:28:33.822999;2016-04-29T00:28:34.071699;a702b3d4-cd11-4849-a99f-4fb8847d399c;451.61;0.02;SELL
2016-04-29T00:28:33.823178;2016-04-29T00:28:34.071699;be85c694-d4f9-4fc6-af85-dae6236f49df;451.61;0.01;SELL
2016-04-29T00:28:33.823386;2016-04-29T00:28:34.071699;9c470395-a676-4041-b84d-6b3463f7f6d6;451.61;0.108;SELL
2016-04-29T00:28:33.823559;2016-04-29T00:28:34.071699;b9b8a86c-cfa9-4c65-80b0-b96154cee6c6;451.6;0.02;SELL
2016-04-29T00:28:33.823734;2016-04-29T00:28:34.071699;88fa8cde-d0c9-4347-9d74-190fe17028c6;451.6;0.01;SELL
2016-04-29T00:28:33.823927;2016-04-29T00:28:34.087325;a036e2af-45b9-46fa-ad57-73e0e9faf937;451.6;0.64;SELL
2016-04-29T00:28:33.824127;2016-04-29T00:28:34.087325;0c348725-6643-4cdf-8d36-a45701e7c52f;451.59;0.02;SELL
2016-04-29T00:28:33.824298;2016-04-29T00:28:34.087325;3baf1f59-c8c2-4973-a2e8-352c4a25ce3b;451.59;0.01;SELL
2016-04-29T00:28:33.824489;2016-04-29T00:28:34.102947;23040466-3cb1-4f86-a5ad-aa2c45c290b7;451.59;0.01;SELL
2016-04-29T00:28:33.824677;2016-04-29T00:28:34.102947;6783c7dc-9d40-4930-a1f7-e5b1f2faa0b6;451.59;0.88;SELL
2016-04-29T00:28:33.824851;2016-04-29T00:28:34.102947;106c9198-3fcc-456b-a10c-466dd84cb7f1;451.58;0.02;SELL
2016-04-29T00:28:33.825047;2016-04-29T00:28:34.102947;0996c126-5cd5-4278-8536-becbe8c31e9e;451.58;0.01;SELL
2016-04-29T00:28:33.825222;2016-04-29T00:28:34.102947;5fc969b0-b6d5-4973-acbf-e1ef01bada08;451.58;1.46;SELL
2016-04-29T00:28:33.825429;2016-04-29T00:28:34.134199;446e6e92-5aac-4ffc-94fc-0702a1718cc0;451.58;1.27;SELL
2016-04-29T00:28:33.825599;2016-04-29T00:28:34.149824;8b0c183b-f3ee-48af-95ba-d30a7aacea48;451.57;0.02;SELL
2016-04-29T00:28:33.825771;2016-04-29T00:28:34.149824;5b69b160-5fb4-4c53-b7bf-fb6421bd0075;451.57;0.01;SELL
2016-04-29T00:28:33.825963;2016-04-29T00:28:34.149824;b7f176dd-1f16-4fc4-ae81-f6f7418f60e2;451.57;1.66;SELL
2016-04-29T00:28:33.826183;2016-04-29T00:28:34.149824;ab9112dc-fc7e-469e-803e-693499b70b3b;451.56;0.02;SELL
2016-04-29T00:28:33.826357;2016-04-29T00:28:34.149824;ed8ee8e7-1dc6-4534-aa87-7971d011f92b;451.56;0.01;SELL
2016-04-29T00:28:33.826566;2016-04-29T00:28:34.149824;ba1a888d-3a06-4b65-878f-ee0d971ff833;451.56;1.11;SELL
2016-04-29T00:28:33.826735;2016-04-29T00:28:34.149824;8afcbe86-86e5-4a2f-9154-3de9ec2a9a13;451.55;0.02;SELL
2016-04-29T00:28:33.826904;2016-04-29T00:28:34.149824;b2f6596c-9224-4ae5-bcfd-dcd70a30e132;451.55;0.01;SELL
2016-04-29T00:28:33.827117;2016-04-29T00:28:34.165449;17f99826-b9a9-4ed7-b6a4-922a880acab8;451.55;1.43;SELL
2016-04-29T00:28:33.827300;2016-04-29T00:28:34.165449;640b681d-69bf-456f-ae00-d2cb3d394761;451.54;0.02;SELL
2016-04-29T00:28:33.827493;2016-04-29T00:28:34.165449;5fe923f9-1048-41ec-8f81-c3c199d8d650;451.54;0.01;SELL
2016-04-29T00:28:33.827681;2016-04-29T00:28:34.165449;281e3d06-f04e-4880-ac2f-b02fb4d8f12e;451.54;1.29;SELL
2016-04-29T00:28:33.827855;2016-04-29T00:28:34.165449;daf9c657-6bdd-4068-9961-e9bdeb590c0f;451.53;0.02;SELL
2016-04-29T00:28:33.828042;2016-04-29T00:28:34.165449;16420ae1-9b2a-4d25-8d39-91da68af1d36;451.53;0.01;SELL
2016-04-29T00:28:33.828221;2016-04-29T00:28:34.165449;6b0a4787-bf1d-4595-8613-fb8832cf622d;451.53;0.129;SELL
2016-04-29T00:28:33.828382;2016-04-29T00:28:34.181074;b1f0e589-3e22-4cc8-96de-741f8420d855;451.53;0.33726;SELL
2016-04-29T00:29:01.199728;2016-04-29T00:29:01.227965;856265ea-05d4-41c1-a86a-6e83f114378f;451.6;0.016;BUY
2016-04-29T00:29:01.200035;2016-04-29T00:29:01.243591;67fbf45c-75c6-49b3-97e1-e8269fa01e7d;451.61;0.03;BUY
2016-04-29T00:29:01.200259;2016-04-29T00:29:01.243591;e8505ffd-0da8-4fd9-b2f1-21f5fa10129f;451.62;0.03;BUY
2016-04-29T00:29:01.200426;2016-04-29T00:29:01.243591;79a4af58-f5f2-4b03-a767-23cc6fe34c94;451.63;0.00042;BUY
2016-04-29T00:29:31.217033;2016-04-29T00:29:31.243602;354af6a7-a450-4159-99a6-d5c28a14088b;451.63;0.00958;BUY
2016-04-29T00:29:31.217350;2016-04-29T00:29:31.259229;d6328721-104f-4360-863f-04f8cb0cefb2;451.64;0.01;BUY
2016-04-29T00:29:31.217582;2016-04-29T00:29:31.259229;2c8374ae-a2ff-4f78-a48d-1273f6d3517a;451.65;0.01;BUY
2016-04-29T00:29:31.217788;2016-04-29T00:29:31.274855;cfc1d837-7bb1-487b-95f1-d18487c5e270;451.66;0.01;BUY
2016-04-29T00:29:31.217997;2016-04-29T00:29:31.274855;1684eab0-e5ae-4654-8a21-4f032134096e;451.67;0.01;BUY
2016-04-29T00:29:31.218226;2016-04-29T00:29:31.274855;fa3725c5-af86-470e-824d-426c4974b70e;451.68;0.01;BUY
2016-04-29T00:29:31.218406;2016-04-29T00:29:31.274855;51e66194-8c11-406f-88cb-ab0c83182ab4;451.69;0.01;BUY
2016-04-29T00:29:31.218593;2016-04-29T00:29:31.274855;8142f093-5e40-4246-bfcb-69b79a9a93e3;451.7;0.01;BUY
2016-04-29T00:29:31.218770;2016-04-29T00:29:31.274855;f2696f65-6457-48b7-a194-a3945a3daf5d;451.71;0.01;BUY
2016-04-29T00:29:31.218983;2016-04-29T00:29:31.274855;83da1c64-97e0-42df-b28a-9e9c33cf3e7c;451.72;0.01;BUY
2016-04-29T00:29:31.219187;2016-04-29T00:29:31.306105;f127701c-76bb-42e9-94ef-ea0214363a4a;451.73;0.01;BUY
2016-04-29T00:29:31.219359;2016-04-29T00:29:31.306105;e03dd131-95bd-478a-8a91-c256be72c0a3;451.74;0.01;BUY
2016-04-29T00:29:31.219540;2016-04-29T00:29:31.306105;836ba249-963a-4dd1-81ea-4e01c479d5a2;451.74;0.03;BUY
2016-04-29T00:29:31.219715;2016-04-29T00:29:31.306105;3b4118a3-d38f-4e56-918c-003cc89cb4f3;451.75;0.01;BUY
2016-04-29T00:29:31.219895;2016-04-29T00:29:31.306105;caaa7f39-5609-4e22-93f1-00fc08756392;451.75;0.03;BUY
2016-04-29T00:29:31.220114;2016-04-29T00:29:31.337354;5548cf7f-b692-4d69-be7f-3ea89845de0c;451.76;0.01;BUY
2016-04-29T00:29:31.220292;2016-04-29T00:29:31.337354;6775f4d5-47c0-47e8-abe0-ab3950e297fb;451.77;0.01;BUY
2016-04-29T00:29:31.220476;2016-04-29T00:29:31.337354;42948bc9-23a6-4fd3-a129-dc91aff0abbe;451.77;0.03;BUY
2016-04-29T00:29:31.220643;2016-04-29T00:29:31.337354;bd7709a0-7336-4681-b731-8f3d2224416c;451.78;0.01;BUY
2016-04-29T00:29:31.220822;2016-04-29T00:29:31.337354;904c9a69-e2ac-47ee-9ce5-b55e22855e6e;451.78;0.03;BUY
2016-04-29T00:29:31.221034;2016-04-29T00:29:31.337354;d2b113de-fa24-420f-8b9a-05ea4dfb4014;451.79;0.01;BUY
2016-04-29T00:29:31.221206;2016-04-29T00:29:31.337354;11b70f74-95dd-4da4-897a-85516fe53d2b;451.8;0.01;BUY
2016-04-29T00:29:31.221391;2016-04-29T00:29:31.337354;5453e9a7-164d-432f-bf74-194941375c00;451.8;0.03;BUY
2016-04-29T00:29:31.221560;2016-04-29T00:29:31.337354;a6f48bec-ea17-472e-861d-6821b407c22b;451.81;0.01;BUY
2016-04-29T00:29:31.221739;2016-04-29T00:29:31.337354;c42b6b93-902b-4c04-9b80-8f3c29e75386;451.81;0.03;BUY
2016-04-29T00:29:31.221916;2016-04-29T00:29:31.352979;ef8975d2-1ad5-47eb-a1bc-4d33a35cedb0;451.82;0.01;BUY
2016-04-29T00:29:31.222129;2016-04-29T00:29:31.352979;c6be998d-e760-43af-873e-53ea0edb2d3e;451.82;0.112;BUY
2016-04-29T00:29:31.222295;2016-04-29T00:29:31.352979;ff4a66cc-e308-4ba3-a27a-0c4af272e9c2;451.83;0.01;BUY
2016-04-29T00:29:31.222481;2016-04-29T00:29:31.352979;0ed2e728-1eee-4d8e-ad11-c72d42a1b913;451.83;0.03;BUY
2016-04-29T00:29:31.222651;2016-04-29T00:29:31.352979;10429055-6aa4-4ea5-8eb5-1bfb2d95c96b;451.84;0.01;BUY
2016-04-29T00:29:31.222818;2016-04-29T00:29:31.352979;28303687-265b-4b59-b194-0a235f2e5a92;451.84;0.01;BUY
2016-04-29T00:29:31.223020;2016-04-29T00:29:31.368592;81fad188-84b2-4970-b290-ac84931e6dfd;451.84;0.03;BUY
2016-04-29T00:29:31.223202;2016-04-29T00:29:31.368592;af281301-c68a-4f39-bd05-e04f76b3c554;451.85;0.01;BUY
2016-04-29T00:29:31.223366;2016-04-29T00:29:31.368592;87021138-9ce2-4120-8dd4-513a6c075660;451.85;0.03;BUY
2016-04-29T00:29:31.223532;2016-04-29T00:29:31.384228;b115dc7a-6f01-4440-956d-aa032cb52cb1;451.85;0.00836;BUY
2016-04-29T00:30:01.868514;2016-04-29T00:30:01.899873;cf2900cb-3b73-438f-9d8b-4ee237f0e942;451.85;0.01;BUY
2016-04-29T00:30:01.868806;2016-04-29T00:30:01.915494;8af5aaab-836b-4cf8-9ee3-852e4e654071;451.85;0.01;BUY
2016-04-29T00:30:01.869048;2016-04-29T00:30:01.915494;e806a32b-45e5-4ba4-ab25-47d833f19206;451.86;0.03;BUY
2016-04-29T00:30:01.869238;2016-04-29T00:30:01.915494;113b374a-80f5-4a24-a3f9-8b5f9ba18ba5;451.87;0.03;BUY
2016-04-29T00:30:01.869423;2016-04-29T00:30:01.931119;6b716949-47c8-4c41-b3c1-b916e286bdb2;451.88;0.03;BUY
2016-04-29T00:30:01.869638;2016-04-29T00:30:01.931119;16940871-161b-4f4f-8843-8b0aa806a010;451.9;0.03;BUY
2016-04-29T00:30:01.869830;2016-04-29T00:30:01.931119;dc3dcf36-b8c9-4415-9b98-08639d04bf42;451.91;0.03;BUY
2016-04-29T00:30:01.870032;2016-04-29T00:30:01.931119;083ab93e-a30f-472d-b072-c8748b67011f;451.92;0.01;BUY
2016-04-29T00:30:01.870207;2016-04-29T00:30:01.946743;ff611afe-67c9-42af-9434-4e2b65b89079;451.93;0.03;BUY
2016-04-29T00:30:01.870395;2016-04-29T00:30:01.946743;a9083c77-808e-4c29-9803-f244b2df2666;451.93;0.081;BUY
2016-04-29T00:30:01.870577;2016-04-29T00:30:01.946743;cce66183-ada0-4f8d-95cc-d5866b2eb573;451.94;0.03;BUY
2016-04-29T00:30:01.870787;2016-04-29T00:30:01.946743;d23d0066-a007-42cd-9f32-46145f9cd3c2;451.96;0.00109;BUY
2016-04-29T00:30:01.870994;2016-04-29T00:30:01.946743;79e37b11-2491-4760-8c99-a7f57dfb069b;451.97;0.03;BUY
2016-04-29T00:30:01.871185;2016-04-29T00:30:01.962370;369eb2c9-1a02-426d-ae6a-1c7ebabaaed1;451.98;0.03;BUY
2016-04-29T00:30:01.871357;2016-04-29T00:30:01.962370;5810424c-fd5a-468a-8e4e-09aaafa41554;451.99;0.03;BUY
2016-04-29T00:30:01.871534;2016-04-29T00:30:01.962370;26c7c546-3683-45aa-8903-970dd6514dee;451.99;0.21;BUY
2016-04-29T00:30:01.871721;2016-04-29T00:30:01.962370;db2ce593-0cc6-457c-9cf9-b48c435faea3;452.0;0.03;BUY
2016-04-29T00:30:01.871907;2016-04-29T00:30:01.993619;4de380da-7835-4a94-8d9f-7082beecaf73;452.0;0.0113;BUY
2016-04-29T00:30:01.872102;2016-04-29T00:30:01.993619;e252ddbd-203a-469d-a788-a23a8960feec;452.01;0.03;BUY
2016-04-29T00:30:01.872295;2016-04-29T00:30:01.993619;4ba0168e-d1f7-4f9d-97be-52b6a34820eb;452.01;0.077;BUY
2016-04-29T00:30:01.872466;2016-04-29T00:30:01.993619;f8343d36-2e64-4b69-864b-b51aa22a937e;452.02;0.01;BUY
2016-04-29T00:30:01.872665;2016-04-29T00:30:01.993619;012bd237-f053-4774-ab25-fe1d1b54340a;452.02;0.03;BUY
2016-04-29T00:30:01.872849;2016-04-29T00:30:01.993619;c7dc5fd7-367f-41e9-ae1f-06c7c1315588;452.03;0.03;BUY
2016-04-29T00:30:01.873053;2016-04-29T00:30:01.993619;c2ff5a81-2332-4943-bfb0-20db532f956d;452.04;0.03;BUY
2016-04-29T00:30:01.873239;2016-04-29T00:30:01.993619;d4368532-cd94-4e20-853b-119eaf15c5df;452.06;0.03;BUY
2016-04-29T00:30:01.873426;2016-04-29T00:30:01.993619;fc0b2e9f-942e-4751-a6cc-c7c774775618;452.07;0.03;BUY
2016-04-29T00:30:01.873592;2016-04-29T00:30:02.024868;4c32fda8-52e1-4620-abb7-678119646ea3;452.08;0.03;BUY
2016-04-29T00:30:01.873800;2016-04-29T00:30:02.024868;4fcf9f46-f416-41e3-a571-eb0417b62864;452.08;0.2;BUY
2016-04-29T00:30:01.873992;2016-04-29T00:30:02.024868;cfde0d42-7c43-48a9-b4ef-fa341a5310a2;452.11;0.03;BUY
2016-04-29T00:30:01.874189;2016-04-29T00:30:02.024868;23cdc3ae-c796-4bbf-8437-49b5f477a137;452.12;0.03;BUY
2016-04-29T00:30:01.874369;2016-04-29T00:30:02.024868;7eca94dd-4523-4207-9b95-2d58c91c6df2;452.14;0.01;BUY
2016-04-29T00:30:01.874545;2016-04-29T00:30:02.040495;a3e77be7-897b-4d6d-b43a-7473b93571b3;452.15;0.03;BUY
2016-04-29T00:30:01.874743;2016-04-29T00:30:02.040495;fe57e4cc-fe81-490f-b057-274969549fb3;452.15;0.03;BUY
2016-04-29T00:30:01.874901;2016-04-29T00:30:02.040495;925566d7-d13f-4e94-a570-2187e5f08af2;452.16;5.37607;BUY
2016-04-29T00:30:31.411540;2016-04-29T00:30:31.431137;11a65317-e180-4f25-8591-23b30fc72e87;451.89;0.34303;SELL
2016-04-29T00:30:40.072934;2016-04-29T00:30:40.103013;4cc8c866-1b1b-4451-beb7-6b9381062a3d;452.09;0.01;BUY
2016-04-29T00:30:40.073181;2016-04-29T00:30:40.103013;8f808a9c-1d12-4044-976b-90f473d71477;452.1;0.01;BUY
2016-04-29T00:30:40.073401;2016-04-29T00:30:40.118641;e4f2c143-8b0a-4142-8d3c-14af66be404d;452.11;0.01;BUY
2016-04-29T00:30:40.073597;2016-04-29T00:30:40.118641;5895db12-4946-4e2a-bfa0-35c11ce6b9d0;452.19;0.02987;BUY
2016-04-29T00:30:40.121561;2016-04-29T00:30:40.149889;ea889173-7728-4c4c-aa69-b89f7c6b411f;452.19;0.00013;BUY
2016-04-29T00:30:40.121746;2016-04-29T00:30:40.165514;ee102d84-ea80-4663-b83c-565c229efd84;452.21;0.02945293;BUY
2016-04-29T00:30:40.127449;2016-04-29T00:30:40.165514;e0eb1b08-9726-4aff-bf4a-5429ac03652b;452.21;0.00054707;BUY
2016-04-29T00:30:40.127687;2016-04-29T00:30:40.165514;6bb9f15e-497b-4b2d-bc75-4d0448a209a6;452.21;0.03;BUY
2016-04-29T00:30:40.127877;2016-04-29T00:30:40.181139;138de2cc-69e4-4fff-8c4f-f149fc7c0f21;452.22;0.03;BUY
2016-04-29T00:30:40.128067;2016-04-29T00:30:40.181139;024f4d2e-c47b-423a-818e-84e59124f693;452.22;0.02945293;BUY
2016-04-29T00:30:40.138911;2016-04-29T00:30:40.181139;6688d89c-a6db-4b67-9b55-18c4629cc356;452.22;0.00054707;BUY
2016-04-29T00:30:40.139477;2016-04-29T00:30:40.181139;4bebafc2-ec99-4481-9b5c-2ae66166a5d6;452.22;0.03;BUY
2016-04-29T00:30:40.139668;2016-04-29T00:30:40.196764;68d06b02-790d-4cfe-aac1-972ca6f5e97b;452.24;0.01;BUY
2016-04-29T00:30:40.139874;2016-04-29T00:30:40.196764;b5f6e26e-0fb7-4ef7-b97e-1377af9b741b;452.24;0.03;BUY
2016-04-29T00:30:40.143648;2016-04-29T00:30:40.196764;df1e25d9-2604-41bb-8b11-6a1a93330afd;452.25;0.03;BUY
2016-04-29T00:30:40.143863;2016-04-29T00:30:40.212388;06c7069a-bead-4fdf-9302-95385a0af341;452.27;0.03;BUY
2016-04-29T00:30:40.144062;2016-04-29T00:30:40.212388;c09f7179-5503-41a9-9c89-5a525caafa10;452.32;0.03;BUY
2016-04-29T00:31:01.997098;2016-04-29T00:31:02.009279;e2843488-af48-417b-a6bb-e1e081461c12;452.14;0.14;BUY
2016-04-29T00:31:01.997372;2016-04-29T00:31:02.024900;e920b63c-9f6a-4b78-9da0-97d63759514f;452.15;0.13644;BUY
2016-04-29T00:31:31.262699;2016-04-29T00:31:31.290538;24b3e39b-2763-4660-8994-e93f9cd8b49e;452.14;0.01;BUY
2016-04-29T00:31:31.262963;2016-04-29T00:31:31.306166;1bec696b-e506-4bb6-b3e7-06948a727fb7;452.15;0.02881;BUY
2016-04-29T00:32:05.094332;2016-04-29T00:32:05.103068;246066c5-7421-405c-8e6c-88047bb7f2b5;452.14;0.02417151;BUY
2016-04-29T00:32:05.094836;2016-04-29T00:32:05.134309;8e42165b-6d13-4135-ae2f-0d0975adf653;452.15;0.97582849;BUY
2016-04-29T00:32:31.794557;2016-04-29T00:32:31.806205;46a1615f-8802-4a26-926c-8b416d464c17;452.15;0.46325;BUY
2016-04-29T00:33:02.176660;2016-04-29T00:33:02.196845;13ebb51c-cd07-4c10-8a38-44346d044b3f;452.13;0.02;SELL
2016-04-29T00:33:02.176935;2016-04-29T00:33:02.212459;c21648f1-d5d2-4ca1-8920-1330b8a91b11;452.13;0.081;SELL
2016-04-29T00:33:02.177215;2016-04-29T00:33:02.212459;eb324e0e-3aec-46f6-91fe-0c921ee26e96;452.12;0.02;SELL
2016-04-29T00:33:02.177413;2016-04-29T00:33:02.228087;4fb093eb-ce19-4eb0-b1d6-096bcc0821e5;452.11;0.02;SELL
2016-04-29T00:33:02.177607;2016-04-29T00:33:02.228087;4a19cdb6-31a8-40ef-8372-0dff9906a114;452.1;0.02;SELL
2016-04-29T00:33:02.177793;2016-04-29T00:33:02.306212;be0c5f54-2568-4d80-9159-b21aed4084af;452.09;0.02;SELL
2016-04-29T00:33:02.178015;2016-04-29T00:33:02.306212;7a8cb179-ada4-425c-ad23-6abf1fc0879f;452.08;0.02;SELL
2016-04-29T00:33:02.178232;2016-04-29T00:33:02.306212;9290a26f-eef6-4e74-adb7-fbdd311a08b5;452.07;0.02;SELL
2016-04-29T00:33:02.178424;2016-04-29T00:33:02.306212;69e5f99f-05ac-445f-923a-c54ca0e90ad8;452.06;0.02;SELL
2016-04-29T00:33:02.178597;2016-04-29T00:33:02.306212;e1aff34e-9eb1-4721-9360-3fe036d73007;452.05;0.02;SELL
2016-04-29T00:33:02.178783;2016-04-29T00:33:02.306212;1a8940ce-4656-4bfa-ab69-4fb0c340d946;452.05;0.11;SELL
2016-04-29T00:33:02.178966;2016-04-29T00:33:02.306212;9f9c4399-be1c-4594-ac49-d6aa9b6ec7e1;452.04;0.02;SELL
2016-04-29T00:33:02.179170;2016-04-29T00:33:02.306212;ff708538-20c1-4726-9ed4-f759d3d6340f;452.03;0.02;SELL
2016-04-29T00:33:02.179389;2016-04-29T00:33:02.306212;1bffbc3b-6844-4e58-81f1-ee7da1e5f52f;452.03;0.21;SELL
2016-04-29T00:33:02.179584;2016-04-29T00:33:02.306212;2dff2e1b-457a-4cbb-83ae-984ca4c8b7a0;452.02;0.02;SELL
2016-04-29T00:33:02.179753;2016-04-29T00:33:02.321836;91507d81-50f5-4901-a76d-1c6a1427dd86;452.01;0.02;SELL
2016-04-29T00:33:02.179930;2016-04-29T00:33:02.321836;5020377e-e45b-43dd-abef-27b0dd87ef67;452.01;0.01;SELL
2016-04-29T00:33:02.180142;2016-04-29T00:33:02.321836;719dd8b6-18b4-4f74-a60c-2f623ca5bffa;452.0;0.02;SELL
2016-04-29T00:33:02.180343;2016-04-29T00:33:02.321836;72559398-0d0d-4331-a7b0-3cbe65168dd9;451.99;0.01;SELL
2016-04-29T00:33:02.180540;2016-04-29T00:33:02.321836;6e836588-3982-44cb-9a9d-9f8c6e0b0146;451.99;0.02;SELL
2016-04-29T00:33:02.180728;2016-04-29T00:33:02.321836;bf9afe77-0e00-400f-85a9-142ff5846f03;451.98;0.02;SELL
2016-04-29T00:33:02.180896;2016-04-29T00:33:02.321836;74e2850b-4088-44b5-81f3-a584b531c16f;451.97;0.01;SELL
2016-04-29T00:33:02.181093;2016-04-29T00:33:02.337462;78764009-2c9d-4a23-9235-2c14d7214da0;451.97;0.01;SELL
2016-04-29T00:33:02.181289;2016-04-29T00:33:02.337462;e427654e-bbfe-4ecf-a7c5-83e567123a23;451.97;0.02;SELL
2016-04-29T00:33:02.181489;2016-04-29T00:33:02.337462;3f5d7a4d-8db4-4745-b7c2-157f8cc669e9;451.97;0.09;SELL
2016-04-29T00:33:02.181683;2016-04-29T00:33:02.337462;f19ec470-808a-44b8-82a4-96ed5d7d6467;451.96;0.02;SELL
2016-04-29T00:33:02.181848;2016-04-29T00:33:02.384343;c88ff6cf-0cf9-49e7-9100-5af727e984b5;451.95;0.02;SELL
2016-04-29T00:33:02.182039;2016-04-29T00:33:02.399962;7af2c19e-d1b5-4ab1-bcff-3ea3e2bf68f3;451.95;0.0115;SELL
2016-04-29T00:33:02.182230;2016-04-29T00:33:02.399962;ae49d0c8-7585-4462-9cb3-f71e498d944e;451.95;0.016;SELL
2016-04-29T00:33:02.182436;2016-04-29T00:33:02.399962;51fbaa5a-0ada-4070-bc27-3736a3919536;451.94;0.02;SELL
2016-04-29T00:33:02.182628;2016-04-29T00:33:02.399962;7e12c017-69c5-439d-a4c4-e5abc94ae425;451.93;0.02;SELL
2016-04-29T00:33:02.182825;2016-04-29T00:33:02.399962;97edb853-1d06-48ec-a26a-01616d0e2167;451.92;0.02;SELL
2016-04-29T00:33:02.183013;2016-04-29T00:33:02.399962;bb79abde-aae0-4ea6-aa3a-0408fcef9852;451.91;0.02;SELL
2016-04-29T00:33:02.183206;2016-04-29T00:33:02.399962;bc80b3ac-5373-4a77-8ebc-af497726b145;451.91;0.01;SELL
2016-04-29T00:33:02.183415;2016-04-29T00:33:02.399962;859e55d5-2f1b-4a74-8d1a-f74bee0281e4;451.9;0.02;SELL
2016-04-29T00:33:02.183588;2016-04-29T00:33:02.399962;7ab804c1-2071-4cbb-abe8-32db7fedcf81;451.89;0.02;SELL
2016-04-29T00:33:02.183784;2016-04-29T00:33:02.415587;0611d0e2-140a-4554-b8d7-a82dbe90694f;451.89;0.125;SELL
2016-04-29T00:33:02.183962;2016-04-29T00:33:02.415587;0abfede5-d63e-42fd-9565-48bf66cfdedd;451.88;0.02;SELL
2016-04-29T00:33:02.184175;2016-04-29T00:33:02.415587;ff570d09-14b8-457c-b025-576a3c7bf958;451.88;0.016;SELL
2016-04-29T00:33:02.184379;2016-04-29T00:33:02.415587;b286de75-6786-40f2-9dc8-a89e351d566a;451.87;0.02;SELL
2016-04-29T00:33:02.184551;2016-04-29T00:33:02.431211;3ff41c23-343a-4c80-98b8-b2b2c387dd49;451.86;0.02;SELL
2016-04-29T00:33:02.184735;2016-04-29T00:33:02.431211;455bc5ba-9792-4911-8852-3fdd30d952ab;451.86;0.2;SELL
2016-04-29T00:33:02.184912;2016-04-29T00:33:02.431211;d90f5857-fc0d-43b2-95ae-689f4dd02f55;451.85;0.02;SELL
2016-04-29T00:33:02.185135;2016-04-29T00:33:02.431211;d8e97d2c-4da2-4923-9c28-794e0ce5e57c;451.85;0.63;SELL
2016-04-29T00:33:02.185303;2016-04-29T00:33:02.431211;c5aacc70-58d0-422e-86ec-4bfe55a32c8b;451.84;0.02;SELL
2016-04-29T00:33:02.185514;2016-04-29T00:33:02.431211;d423ae17-7136-4e58-9465-5d897afaad75;451.84;0.85;SELL
2016-04-29T00:33:02.185688;2016-04-29T00:33:02.446835;1b348e0f-3fed-4eca-9efc-a76f4bb232fb;451.83;0.02;SELL
2016-04-29T00:33:02.185870;2016-04-29T00:33:02.446835;8ead5029-1427-4cf2-b4df-342b1ee63ca9;451.83;1.15;SELL
2016-04-29T00:33:02.186068;2016-04-29T00:33:02.446835;97ed63a6-9b65-4371-8478-e092d82316a3;451.82;0.02;SELL
2016-04-29T00:33:02.186232;2016-04-29T00:33:02.446835;4fd8517d-7042-42d5-9a96-7436cb9a224e;451.82;0.1775;SELL
2016-04-29T00:33:32.025665;2016-04-29T00:33:32.040600;9878755f-0ebc-4b20-afe8-957887e55bab;451.87;0.02454;BUY
2016-04-29T00:34:01.163063;2016-04-29T00:34:01.181240;fb2c27ff-5948-41b2-8b46-5a68057abd94;451.87;0.20446;BUY
2016-04-29T00:34:29.015180;2016-04-29T00:34:29.025008;9316dbc7-9626-4540-999a-7b24506f31dc;451.87;1.0;BUY
2016-04-29T00:34:31.596113;2016-04-29T00:34:31.618755;49b8a255-b37b-43bc-a237-aea3ac398e43;451.87;0.02158;BUY
2016-04-29T00:34:38.506762;2016-04-29T00:34:38.525010;c0a27ff5-1889-41e9-bf97-fc2484237982;451.99;0.012;BUY
2016-04-29T00:34:38.507052;2016-04-29T00:34:38.525010;354d9224-77b0-4450-a565-1f6c15be4bb5;452.01;0.03;BUY
2016-04-29T00:34:38.507275;2016-04-29T00:34:38.525010;baa5f05f-bdbd-4c94-98cd-ebe2739a9bf8;452.02;0.03;BUY
2016-04-29T00:34:38.507472;2016-04-29T00:34:38.556264;10795f73-4246-49b0-9b17-2577e57be478;452.04;0.03;BUY
2016-04-29T00:34:38.507664;2016-04-29T00:34:38.571885;d6c93ee5-7db7-4091-80d7-301e8bc5321a;452.05;0.03;BUY
2016-04-29T00:34:38.507874;2016-04-29T00:34:38.571885;fdd922ca-4024-47fa-aa11-d836987676be;452.06;0.03;BUY
2016-04-29T00:34:38.508079;2016-04-29T00:34:38.571885;27c87087-3393-45f9-b8ef-ba20a3d781e4;452.07;0.03;BUY
2016-04-29T00:34:38.508267;2016-04-29T00:34:38.571885;e012e55d-17c4-44c4-83da-946325ad878f;452.09;0.03;BUY
2016-04-29T00:34:38.508449;2016-04-29T00:34:38.571885;800e7ede-9333-4589-898b-ce31fcc10d77;452.1;0.03;BUY
2016-04-29T00:34:38.508604;2016-04-29T00:34:38.571885;b87ef1a9-436b-4140-be75-2793d0fb79ff;452.11;0.39705293;BUY
2016-04-29T00:34:38.528797;2016-04-29T00:34:38.603135;eea4ab96-0181-4223-b14d-594bccfd2ae9;452.11;0.06;BUY
2016-04-29T00:35:01.589917;2016-04-29T00:35:01.618771;11d633a3-1cb0-4f8b-8418-46eb6b848875;452.11;0.01;BUY
2016-04-29T00:35:01.590226;2016-04-29T00:35:01.634398;7e413174-cd9d-4cfa-a520-e8683b3ab5dd;452.12;0.03;BUY
2016-04-29T00:35:01.590877;2016-04-29T00:35:01.681277;80adea89-c850-444e-956b-3bae2c00b4ad;452.12;0.2148;BUY
2016-04-29T00:35:01.591139;2016-04-29T00:35:01.681277;0b220d05-33a4-469d-b07c-6348ba028984;452.13;0.03;BUY
2016-04-29T00:35:01.591333;2016-04-29T00:35:01.681277;de309d39-447f-47dd-88c5-4bc3bf037682;452.14;0.03;BUY
2016-04-29T00:35:01.591496;2016-04-29T00:35:01.681277;610ffaf2-a96a-45a5-99f9-798cc1019da4;452.15;0.46227;BUY
2016-04-29T00:35:31.347132;2016-04-29T00:35:31.353164;55cbda82-4d51-4c66-b9c1-068fac677b09;452.14;0.01;BUY
2016-04-29T00:35:31.347343;2016-04-29T00:35:31.368788;07072202-3783-4fc6-8d88-fa3d9f832c3f;452.14;0.01;BUY
2016-04-29T00:35:31.347532;2016-04-29T00:35:31.368788;e684cdc4-51e9-4b07-b67a-01a1c742740c;452.15;0.40652;BUY
2016-04-29T00:36:01.254347;2016-04-29T00:36:01.259432;a5287d03-63d0-4df0-a758-2de411495467;452.01;0.013;SELL
2016-04-29T00:36:01.254629;2016-04-29T00:36:01.275053;bdad2937-0faf-41e9-85bc-bd2affe3788d;452.01;0.078;SELL
2016-04-29T00:36:01.254880;2016-04-29T00:36:01.306308;4d3c194d-6ada-44cc-a72b-da4f6c93df4c;452.0;0.013;SELL
2016-04-29T00:36:01.255119;2016-04-29T00:36:01.321930;ba24ee53-3ed5-4b55-9457-89bad668b101;451.99;0.014;SELL
2016-04-29T00:36:01.255313;2016-04-29T00:36:01.321930;0505c784-d767-4f12-8405-53b40e88c7c9;451.98;0.014;SELL
2016-04-29T00:36:01.255519;2016-04-29T00:36:01.321930;73f7fe6d-1b77-41be-b1dd-5cfb81ec2b62;451.97;0.014;SELL
2016-04-29T00:36:01.255732;2016-04-29T00:36:01.321930;0c8a9d34-85d5-4e84-a434-6e2fdaf20b58;451.96;0.014;SELL
2016-04-29T00:36:01.255922;2016-04-29T00:36:01.321930;8721df3d-6888-4704-9b89-d3d402acbcbe;451.95;0.015;SELL
2016-04-29T00:36:01.256123;2016-04-29T00:36:01.321930;1ffe5735-1157-4558-a281-b43243e9a4a5;451.94;0.01;SELL
