time_exchange;time_coinpai;guid;price;base_amount;taker_side
2016-04-29T00:00:03.000000;2016-04-29T00:00:03.262054;976ae573-ae97-41ab-ab74-02f1e3759e8e;450.52;4.248189;BUY
2016-04-29T00:00:03.000000;2016-04-29T00:00:03.262054;16153d15-15cb-49d7-b771-3ee5d4d4722b;450.52;4.248189;BUY
2016-04-29T00:01:35.000000;2016-04-29T00:01:35.126193;fadd8d7c-805d-4cc7-a3aa-97e4003ca5dd;450.54;6.6152;BUY
2016-04-29T00:01:35.000000;2016-04-29T00:01:35.151211;02414903-8e3b-4ade-aa87-76e2d3919644;450.55;4.3286764;BUY
2016-04-29T00:01:35.000000;2016-04-29T00:01:35.153208;78332054-152b-45fe-9911-43b4ba53526b;450.55;4.3286764;BUY
2016-04-29T00:01:35.000000;2016-04-29T00:01:35.164207;542e5e40-1ea3-4d98-836d-41a7c276a990;450.55;4.3286764;BUY
2016-04-29T00:01:35.000000;2016-04-29T00:01:35.170206;61e8c0b5-a415-4bc2-8193-d18e9744d2df;450.57;0.3987708;BUY
2016-04-29T00:01:43.000000;2016-04-29T00:01:43.815058;91eae46d-a66f-44ed-8c95-ac70f3e7eb9e;450.56;0.01;SELL
2016-04-29T00:03:41.000000;2016-04-29T00:03:41.424823;8b167e6f-047a-4d5c-9028-97192565405e;450.55;0.02;SELL
2016-04-29T00:03:43.000000;2016-04-29T00:03:43.890070;7e243286-00fa-4257-a79a-97287ac11016;450.75;6.6321;BUY
2016-04-29T00:03:43.000000;2016-04-29T00:03:43.902095;fef8cd76-e917-48f6-9f43-7e8c16660c3e;450.75;10.4184;BUY
2016-04-29T00:03:43.000000;2016-04-29T00:03:43.906112;254f0344-3af8-4989-addf-57da039d8e29;450.76;12.89;BUY
2016-04-29T00:03:43.000000;2016-04-29T00:03:43.914139;db351722-6670-43c2-9c0a-310b3c3a19aa;450.79;0.0932;BUY
2016-04-29T00:03:44.000000;2016-04-29T00:03:44.567164;bfc7eb79-69aa-4548-a19f-15f6e4707242;450.83;0.01;BUY
2016-04-29T00:03:44.000000;2016-04-29T00:03:44.795209;15b0e9e3-bcd6-4e54-bfab-39e87d53134b;450.79;0.02;SELL
2016-04-29T00:04:27.000000;2016-04-29T00:04:27.513604;88de9a92-5e10-410f-871b-4aa1b0ca1f8e;450.83;5.0;BUY
2016-04-29T00:04:55.000000;2016-04-29T00:04:56.176465;8a9a1773-af74-486d-b9a9-921a1233de81;450.83;0.438;BUY
2016-04-29T00:04:55.000000;2016-04-29T00:04:56.197503;43664c2a-6719-4f1f-a21f-89695b367bb7;450.83;1.0;BUY
2016-04-29T00:04:55.000000;2016-04-29T00:04:56.205467;dfa616a1-a829-4470-a80f-fd97aaeb8756;450.83;0.0424;BUY
2016-04-29T00:04:55.000000;2016-04-29T00:04:56.212488;a58e9b80-7a0c-4960-8bd7-ac361eb098f5;450.83;0.1384;BUY
2016-04-29T00:04:55.000000;2016-04-29T00:04:56.220487;ac1f37ac-9efb-4cec-8326-66040afe3b3f;450.86;0.0629;BUY
2016-04-29T00:04:55.000000;2016-04-29T00:04:56.232547;4eb57d8d-2137-4106-b818-c64894d2a8d3;450.89;0.0286;BUY
2016-04-29T00:04:55.000000;2016-04-29T00:04:56.237485;c256a44d-4c70-49a5-a01f-0aacbf0ac63b;450.9;1.2897;BUY
2016-04-29T00:05:30.000000;2016-04-29T00:05:30.691921;d73a5754-55a7-4c5c-81d9-64d344aff744;450.89;1.0;BUY
2016-04-29T00:05:35.000000;2016-04-29T00:05:35.995458;0ff58e1e-444f-4457-a2aa-a3e224ad2567;450.89;5.6216;BUY
2016-04-29T00:05:35.000000;2016-04-29T00:05:36.006486;5ca9da57-d3a7-46c6-be60-4cb3d6b17d40;450.89;11.6907;BUY
2016-04-29T00:05:35.000000;2016-04-29T00:05:36.013456;e387f605-250b-4017-bb40-19cf32a63e56;450.9;0.7103;BUY
2016-04-29T00:05:35.000000;2016-04-29T00:05:36.018446;84d39214-916b-4190-8f40-adaf47220115;450.9;1.9774;BUY
2016-04-29T00:06:02.000000;2016-04-29T00:06:02.285229;fd4f5d29-93d3-4138-9ded-5f6fb1b57295;450.95;0.16;SELL
2016-04-29T00:06:10.000000;2016-04-29T00:06:10.226877;e6cc4f60-668e-49b2-8229-d14d4dbb475d;450.9;0.1;BUY
2016-04-29T00:06:17.000000;2016-04-29T00:06:17.162602;004c2022-fa37-4096-a764-5526e6b0f0c5;450.73;0.05334537;SELL
2016-04-29T00:06:32.000000;2016-04-29T00:06:32.641120;5d1d97b3-74b1-4039-9e1e-12180d02101f;450.75;4.808;BUY
2016-04-29T00:07:05.000000;2016-04-29T00:07:05.681443;8000dbe2-0def-4897-8da0-b9eae69dbbb0;450.72;0.45293607;SELL
2016-04-29T00:07:13.000000;2016-04-29T00:07:14.307286;a0999cbe-b60c-4b6f-8efd-d6ecbc862765;450.71;0.03444076;SELL
2016-04-29T00:07:45.000000;2016-04-29T00:07:45.311393;52ba8e24-4e9f-426d-b4f5-01a7afcaf2ef;450.75;10.0;BUY
2016-04-29T00:09:04.000000;2016-04-29T00:09:04.892375;1c8e9010-4c3e-489f-a823-670f0dad2b13;450.73;0.08892671;SELL
2016-04-29T00:11:54.000000;2016-04-29T00:11:54.000000;40c490cf-606b-43a5-8f66-c50774063010;450.95;6.6017;UNKNOWN
2016-04-29T00:11:54.000000;2016-04-29T00:11:54.000000;f68fc722-0e18-4f6b-8edc-df5c5acfef1b;451.25;0.1;UNKNOWN
2016-04-29T00:11:54.000000;2016-04-29T00:11:54.000000;fcb63912-1cdf-4fb7-8c24-6e04f2dc488a;451.0;1.0;UNKNOWN
2016-04-29T00:11:54.000000;2016-04-29T00:11:54.000000;05f34533-e656-4692-b84b-a4e2a9262bd6;451.0;0.2;UNKNOWN
2016-04-29T00:11:54.000000;2016-04-29T00:11:54.000000;32a85244-9480-4fa4-9d50-5f3ac42e2561;451.25;0.25;UNKNOWN
2016-04-29T00:11:54.000000;2016-04-29T00:11:54.000000;dc087368-a647-48bd-931b-f765b7d55a95;450.99;0.0424;UNKNOWN
2016-04-29T00:11:54.000000;2016-04-29T00:11:54.000000;705551ac-7281-4c42-87b8-618bda57e97d;450.95;0.0931;UNKNOWN
2016-04-29T00:11:54.000000;2016-04-29T00:11:54.000000;6d2a8ecf-fd53-4e8b-bb72-f7625cc01d19;451.0;5.0;UNKNOWN
2016-04-29T00:11:54.000000;2016-04-29T00:11:54.000000;71b2de4a-cc28-4f91-b634-ad97eba33583;450.98;2.0;UNKNOWN
2016-04-29T00:11:54.000000;2016-04-29T00:11:54.000000;af8830a7-9ee5-4d5f-bf8d-fefa98cb7bf5;450.99;12.49;UNKNOWN
2016-04-29T00:11:54.000000;2016-04-29T00:11:54.000000;137497ac-20d9-448f-8534-3f00288df897;450.99;0.1383;UNKNOWN
2016-04-29T00:11:54.000000;2016-04-29T00:11:54.000000;8b456535-7689-4d7f-90f2-63061f92a09f;451.05;0.0286;UNKNOWN
2016-04-29T00:11:54.000000;2016-04-29T00:11:54.000000;dd8dfa81-95d5-42b8-9c9a-b0e3ee8e562e;450.95;5.0;UNKNOWN
2016-04-29T00:11:54.000000;2016-04-29T00:11:54.000000;f20b4dae-35dc-4515-8d47-8d4788ffbf74;451.25;0.01;UNKNOWN
2016-04-29T00:11:54.000000;2016-04-29T00:11:54.000000;00760e6f-e22e-4561-a729-5548e37b7b59;451.0;0.02;UNKNOWN
2016-04-29T00:11:54.000000;2016-04-29T00:11:54.000000;1d88e797-5b4e-432c-85f5-93aa579aebda;451.0;0.49;UNKNOWN
2016-04-29T00:11:54.000000;2016-04-29T00:11:54.000000;d47da02f-4030-4f14-9928-d720f1515a57;451.02;10.0;UNKNOWN
2016-04-29T00:11:54.000000;2016-04-29T00:11:54.000000;1c9ba480-bec4-408d-b622-601e49ce116b;451.27;1.4731;UNKNOWN
2016-04-29T00:11:54.000000;2016-04-29T00:11:54.000000;bda0546e-f26b-47ed-9968-89a936ea05f1;451.02;0.0628;UNKNOWN
2016-04-29T00:12:00.000000;2016-04-29T00:12:00.000000;bc2c4031-9de7-4414-a796-db5b8225ce9f;451.3;0.22378895;UNKNOWN
2016-04-29T00:12:00.000000;2016-04-29T00:12:00.000000;daea0e20-d38b-4b2c-98ef-c6877dca8d97;451.43;1.00634881;UNKNOWN
2016-04-29T00:12:00.000000;2016-04-29T00:12:00.000000;5afbb19d-a078-4418-9d17-31528a759741;451.37;0.03260088;UNKNOWN
2016-04-29T00:12:00.000000;2016-04-29T00:12:00.000000;117d30da-8c6b-4175-a4d1-248558e872c1;451.43;7.22365119;UNKNOWN
2016-04-29T00:12:00.000000;2016-04-29T00:12:00.000000;9ee7037a-9ced-47b9-a3b7-b26b246f7354;451.44;0.01;UNKNOWN
2016-04-29T00:12:00.000000;2016-04-29T00:12:00.000000;592cb874-59cd-4a19-a3cd-50fc29c9b81c;451.44;2.99365119;UNKNOWN
2016-04-29T00:12:00.000000;2016-04-29T00:12:00.000000;cc697c2a-7def-448f-99ad-7412f391dedb;451.38;0.26985898;UNKNOWN
2016-04-29T00:12:00.000000;2016-04-29T00:12:00.000000;cb22fe57-8834-450a-8d43-dc3538f6b305;451.24;4.45;UNKNOWN
2016-04-29T00:12:00.000000;2016-04-29T00:12:00.000000;b3d3a6ff-061e-48c8-912d-ee5300ee84f4;451.24;30.55;UNKNOWN
2016-04-29T00:12:00.000000;2016-04-29T00:12:00.000000;4a0513da-a079-4ecb-9f34-3f165080928f;451.37;11.7001;UNKNOWN
2016-04-29T00:12:06.000000;2016-04-29T00:12:06.000000;b1720c49-b262-46cd-8ae2-1de030a9ab30;451.51;3.68306359;UNKNOWN
2016-04-29T00:12:06.000000;2016-04-29T00:12:06.000000;f00c17ce-3c12-418b-b855-a9c746afbdda;451.44;1.31693641;UNKNOWN
2016-04-29T00:12:24.000000;2016-04-29T00:12:24.000000;13aff38e-a4f9-43fa-806e-e0812205cf0f;451.26;0.05;UNKNOWN
2016-04-29T00:12:24.000000;2016-04-29T00:12:24.000000;ebff1d38-84c5-4f5f-8f93-f92a10a1babd;451.34;6.6341;UNKNOWN
2016-04-29T00:12:33.000000;2016-04-29T00:12:33.000000;cd75a999-9385-4435-8b13-2810695bdff6;451.35;11.9147;UNKNOWN
2016-04-29T00:12:33.000000;2016-04-29T00:12:33.000000;329fff3a-52f7-434e-bcd5-59342f584278;451.51;1.7094;UNKNOWN
2016-04-29T00:12:33.000000;2016-04-29T00:12:33.000000;4e0ffe67-d986-434e-a2db-f191f9076580;451.5;11.3759;UNKNOWN
2016-04-29T00:13:04.000000;2016-04-29T00:13:04.000000;0c461a11-283f-4a29-898a-650dd9e986cd;451.46;6.5721;UNKNOWN
2016-04-29T00:13:09.000000;2016-04-29T00:13:09.000000;52e1701a-47d4-4d4c-83fc-3d94ca59e4d9;451.46;0.06;UNKNOWN
2016-04-29T00:13:09.000000;2016-04-29T00:13:09.000000;3092f077-0087-4b17-905b-606a0f361856;451.47;0.05;UNKNOWN
2016-04-29T00:13:12.000000;2016-04-29T00:13:12.000000;81674191-a500-42dc-a06b-10d8aefce673;451.46;1.3295;UNKNOWN
2016-04-29T00:13:12.000000;2016-04-29T00:13:12.000000;48efbf0c-47dc-4bfa-a37a-8e032bc25857;451.47;0.05;UNKNOWN
2016-04-29T00:13:47.000000;2016-04-29T00:13:47.000000;36421595-9e6f-47e3-81cd-2a75086c067e;451.52;0.01;UNKNOWN
2016-04-29T00:13:47.000000;2016-04-29T00:13:47.000000;b5e3915d-48a7-40ec-9675-5187e94376b5;451.52;0.01;UNKNOWN
2016-04-29T00:13:48.000000;2016-04-29T00:13:48.000000;c67805fc-c5ab-433e-acef-390be12979b9;451.54;0.01133786;UNKNOWN
2016-04-29T00:13:49.000000;2016-04-29T00:13:49.000000;9808204f-0c5d-46ea-9231-8fe4ee3fd118;451.54;0.1;UNKNOWN
2016-04-29T00:13:58.000000;2016-04-29T00:13:58.000000;6c071427-bb32-43ff-b4d1-7354d56e019e;451.46;21.86887119;UNKNOWN
2016-04-29T00:14:04.000000;2016-04-29T00:14:04.000000;0fa16160-2e12-4780-a666-115daadac755;450.98;0.02;UNKNOWN
2016-04-29T00:14:04.000000;2016-04-29T00:14:04.000000;9405b998-16dd-41b0-9bf6-3b0958690865;450.98;0.018;UNKNOWN
2016-04-29T00:14:05.000000;2016-04-29T00:14:05.000000;3c14d71e-abba-4b1b-a960-68a92772a48a;450.98;0.016;UNKNOWN
2016-04-29T00:14:05.000000;2016-04-29T00:14:05.000000;b3385825-3ebd-4975-83fb-1d19f7519120;450.98;0.019;UNKNOWN
2016-04-29T00:14:58.000000;2016-04-29T00:14:58.000000;a41af5c7-cbe1-4528-b8f3-a56eb82db887;450.72;0.1;UNKNOWN
2016-04-29T00:14:58.000000;2016-04-29T00:14:58.000000;069902db-4e3f-4058-855b-26841fd4377e;450.71;4.75485924;UNKNOWN
2016-04-29T00:14:58.000000;2016-04-29T00:14:58.000000;89d16f66-95a5-4a62-b42c-0c9c01fdc9ad;450.73;6.6017;UNKNOWN
2016-04-29T00:14:58.000000;2016-04-29T00:14:58.000000;fe5ea9a1-bdb4-4ea8-859c-cd0beee35f41;450.77;0.03261163;UNKNOWN
2016-04-29T00:14:58.000000;2016-04-29T00:14:58.000000;44acf00e-203f-4a82-8565-df0f1dce3631;450.87;8.157;UNKNOWN
2016-04-29T00:14:58.000000;2016-04-29T00:14:58.000000;56c4a68b-29ae-469e-b675-3c9aa6028736;450.71;2.9097;UNKNOWN
2016-04-29T00:15:14.000000;2016-04-29T00:15:14.000000;cfc1cdfa-fa62-46dd-a9f6-f3c81d3ba0d3;450.6;0.051852;UNKNOWN
2016-04-29T00:15:14.000000;2016-04-29T00:15:14.000000;f3a6baea-914d-40c3-853d-7a46ea655862;450.7;0.7664;UNKNOWN
2016-04-29T00:15:52.000000;2016-04-29T00:15:52.000000;ef042268-76bb-439e-926f-fa1126f23146;450.6;0.01;UNKNOWN
2016-04-29T00:16:09.000000;2016-04-29T00:16:09.000000;4d93018b-14bb-428d-8258-bc2aac45982c;450.6;0.01;UNKNOWN
2016-04-29T00:16:16.000000;2016-04-29T00:16:16.000000;e36412ff-dcd3-452e-b12b-f1a91491afcf;450.6;0.243348;UNKNOWN
2016-04-29T00:16:16.000000;2016-04-29T00:16:16.000000;1498d9c8-28b6-48b7-a687-63a3dfe8fcc8;450.53;0.01;UNKNOWN
2016-04-29T00:16:16.000000;2016-04-29T00:16:16.000000;64f72160-2fe9-4ed2-ad8c-feb010d28123;450.23;0.187216;UNKNOWN
2016-04-29T00:16:24.000000;2016-04-29T00:16:24.000000;c59da29d-350f-4027-a145-530119866134;450.22;0.05;UNKNOWN
2016-04-29T00:17:41.000000;2016-04-29T00:17:41.000000;09c3a6ca-a474-48bc-b99b-8be64750d5ac;450.69;0.1777;UNKNOWN
2016-04-29T00:17:59.000000;2016-04-29T00:17:59.000000;36bb8245-7525-45d1-a5f2-d5b8a65aaf9c;450.69;0.5;UNKNOWN
2016-04-29T00:18:57.000000;2016-04-29T00:18:57.000000;8b5523a4-bf94-4b37-a41b-186d959d830a;450.69;3.00103388;UNKNOWN
2016-04-29T00:19:20.000000;2016-04-29T00:19:20.000000;71419d3c-d0ea-41a9-9d8e-78ddfd9174d4;450.35;0.5;UNKNOWN
2016-04-29T00:19:20.000000;2016-04-29T00:19:20.000000;389f9d56-e2b0-4991-b1b7-bb5da94d5c8c;450.03;4.32254857;UNKNOWN
2016-04-29T00:19:20.000000;2016-04-29T00:19:20.000000;6183f1bd-68cf-42f7-b99d-61c037afeacd;450.22;0.45;UNKNOWN
2016-04-29T00:19:20.000000;2016-04-29T00:19:20.000000;2b5fb95f-c77f-4d40-98cf-cf09df1e26a6;450.16;13.074;UNKNOWN
2016-04-29T00:19:20.000000;2016-04-29T00:19:20.000000;aa4f8ff2-7abb-4664-8634-98b0a4d8969a;450.03;10.4078;UNKNOWN
2016-04-29T00:19:20.000000;2016-04-29T00:19:20.000000;af3f85fb-c24a-43e4-bd2d-839fe81626b8;450.17;8.23;UNKNOWN
2016-04-29T00:19:20.000000;2016-04-29T00:19:20.000000;346f1746-6f00-4231-a355-bcd292f7e94f;450.4;1.25;UNKNOWN
2016-04-29T00:19:20.000000;2016-04-29T00:19:20.000000;51abfe92-504f-4390-a14f-28a457c7e50f;450.01;5.14495143;UNKNOWN
2016-04-29T00:19:20.000000;2016-04-29T00:19:20.000000;d05d84de-007d-47bd-bfcf-1f79b1cec288;450.41;6.6207;UNKNOWN
2016-04-29T00:19:54.000000;2016-04-29T00:19:54.000000;2e25e4f6-ea79-4998-b16e-23bed05eb233;450.0;5.0;UNKNOWN
2016-04-29T00:19:54.000000;2016-04-29T00:19:54.000000;179e94d6-28de-4008-b9aa-9085c934309e;450.02;6.5987;UNKNOWN
2016-04-29T00:19:54.000000;2016-04-29T00:19:54.000000;5b695cb4-d2b9-4f0d-a3d7-65f690eef294;450.01;7.34504857;UNKNOWN
2016-04-29T00:20:25.000000;2016-04-29T00:20:25.000000;1345d6a2-1de3-47e4-a6b0-2cc6cdb9836f;449.66;0.07;UNKNOWN
2016-04-29T00:20:41.000000;2016-04-29T00:20:41.000000;3d6003f2-45e3-4b03-9c89-113fed317ac3;450.0;0.0220022;UNKNOWN
2016-04-29T00:20:50.000000;2016-04-29T00:20:50.000000;1eac03dc-3c59-4bf2-8b5b-00e8d47c6e4b;450.0;0.0598;UNKNOWN
2016-04-29T00:21:01.000000;2016-04-29T00:21:01.000000;086045a8-7084-4267-8918-24a99c3c5352;449.34;4.32839535;UNKNOWN
2016-04-29T00:21:01.000000;2016-04-29T00:21:01.000000;66475ff6-508b-4b8a-a3be-d6659fc3743b;449.39;13.582;UNKNOWN
2016-04-29T00:21:01.000000;2016-04-29T00:21:01.000000;71366e44-8de7-4f9f-ae2e-7b2bcd23aed8;449.41;6.5978;UNKNOWN
2016-04-29T00:21:01.000000;2016-04-29T00:21:01.000000;8f01deaa-ce3b-483e-91a3-9e93f2b87477;449.27;4.32839535;UNKNOWN
2016-04-29T00:21:01.000000;2016-04-29T00:21:01.000000;c0b37ebc-8102-4d26-81d8-0f8895427b96;449.45;8.23;UNKNOWN
2016-04-29T00:21:01.000000;2016-04-29T00:21:01.000000;b3c4cfc1-9f72-4b1b-9fd9-87ce49ff1482;449.66;0.43;UNKNOWN
2016-04-29T00:21:01.000000;2016-04-29T00:21:01.000000;2e85788a-f944-458d-8bd2-0f61030cb3d0;449.44;11.745;UNKNOWN
2016-04-29T00:21:01.000000;2016-04-29T00:21:01.000000;e09a38f6-ecb7-4df8-a8c0-af14f5fbbcb1;449.25;8.25;UNKNOWN
2016-04-29T00:21:01.000000;2016-04-29T00:21:01.000000;e8715b50-89c8-42c6-9bcc-7b26feb0f8b3;449.24;12.0045;UNKNOWN
2016-04-29T00:21:01.000000;2016-04-29T00:21:01.000000;39eee5ec-06a2-49b8-a47f-3a29f6ff9f4c;449.13;4.32900433;UNKNOWN
2016-04-29T00:21:01.000000;2016-04-29T00:21:01.000000;f30b1011-2abe-45d5-abd9-c0da2931095a;449.11;11.7084;UNKNOWN
2016-04-29T00:21:01.000000;2016-04-29T00:21:01.000000;08cc12cf-9444-4778-afc0-bc2fa9fbed94;449.07;2.95511729;UNKNOWN
2016-04-29T00:21:01.000000;2016-04-29T00:21:01.000000;d9a2bc20-47b8-4943-b185-9f550603ad8c;449.1;0.14;UNKNOWN
2016-04-29T00:21:05.000000;2016-04-29T00:21:05.000000;6318040c-42df-409b-9e59-b17ff6094c98;449.07;0.45299716;UNKNOWN
2016-04-29T00:21:10.000000;2016-04-29T00:21:10.000000;be25cc69-5b6e-4491-98c1-7966446299f7;449.07;0.92088988;UNKNOWN
2016-04-29T00:21:10.000000;2016-04-29T00:21:10.000000;4fe9af33-2c44-4cd6-ae6c-89bce61b8ff1;449.01;3.07911012;UNKNOWN
2016-04-29T00:21:31.000000;2016-04-29T00:21:31.000000;e016ecdd-d5ef-4aa8-a992-be959c5ae409;449.02;0.16289;UNKNOWN
2016-04-29T00:21:31.000000;2016-04-29T00:21:31.000000;4d923d5a-d9c2-4d0e-a120-3e202cec8728;449.02;0.04711;UNKNOWN
2016-04-29T00:21:40.000000;2016-04-29T00:21:40.000000;654ba00a-cf60-480f-b7fe-0fbd67496ea3;449.7;1.3856;UNKNOWN
2016-04-29T00:22:16.000000;2016-04-29T00:22:16.000000;25a03ec3-1892-4c0f-a5df-a82023a3dd15;449.03;0.219;UNKNOWN
2016-04-29T00:22:16.000000;2016-04-29T00:22:16.000000;eaef2d70-0c7f-49b6-b18d-1657d7fe24fa;449.03;0.218;UNKNOWN
2016-04-29T00:22:16.000000;2016-04-29T00:22:16.000000;95bbde3b-29cc-456a-ba27-e4369f8c6f77;449.03;0.219;UNKNOWN
2016-04-29T00:22:16.000000;2016-04-29T00:22:16.000000;c8727af4-93f3-47f9-9daf-b5c991549d65;449.03;0.00106381;UNKNOWN
2016-04-29T00:22:30.000000;2016-04-29T00:22:30.000000;18003f93-36f8-45f8-bc13-44fa438f3191;449.04;0.219;UNKNOWN
2016-04-29T00:22:30.000000;2016-04-29T00:22:30.000000;3afd89db-c50c-46b7-adbe-b5c357c2a3ee;449.01;0.2961916;UNKNOWN
2016-04-29T00:22:30.000000;2016-04-29T00:22:30.000000;7ca0fe32-0701-4473-be95-c907d18529db;449.04;0.5;UNKNOWN
2016-04-29T00:22:30.000000;2016-04-29T00:22:30.000000;2e591152-8b43-4ce0-a39e-961eeee5f62f;449.04;0.219;UNKNOWN
2016-04-29T00:22:30.000000;2016-04-29T00:22:30.000000;77fbb226-7247-4b24-a92a-f3d9422a2b24;449.04;0.219;UNKNOWN
2016-04-29T00:22:30.000000;2016-04-29T00:22:30.000000;fbb5ed82-cc6f-4c31-8090-7ed2501db51f;449.04;0.218;UNKNOWN
2016-04-29T00:22:30.000000;2016-04-29T00:22:30.000000;ed05afdf-717d-4b2b-8c08-1e7db699a0d6;449.04;0.218;UNKNOWN
2016-04-29T00:22:30.000000;2016-04-29T00:22:30.000000;84c957a8-5ca8-47bc-a86b-b20305fea2ff;449.04;0.218;UNKNOWN
2016-04-29T00:22:30.000000;2016-04-29T00:22:30.000000;e120f75a-011f-4f7a-9229-6c9730224a4a;449.03;1.0927084;UNKNOWN
2016-04-29T00:24:16.000000;2016-04-29T00:24:16.000000;e4a82391-e1b8-4d19-9e45-3d909df68a6c;449.02;0.05473232;UNKNOWN
2016-04-29T00:24:53.000000;2016-04-29T00:24:53.000000;4ce5138a-1fba-439b-9551-2f9dc5e07cb3;449.82;5.6962;UNKNOWN
2016-04-29T00:25:43.000000;2016-04-29T00:25:43.000000;b226829d-2843-4d45-b42d-df48faf3b01e;449.83;5.0;UNKNOWN
2016-04-29T00:26:16.000000;2016-04-29T00:26:16.000000;ffd4175e-ec67-43d9-9da5-f0ddb0a647cb;449.14;0.1338921;UNKNOWN
2016-04-29T00:27:06.000000;2016-04-29T00:27:06.000000;5fa49efc-ddbf-4237-b210-bcd5c0007ddd;449.85;20.2625;UNKNOWN
2016-04-29T00:27:06.000000;2016-04-29T00:27:06.000000;0e4d7e32-f65a-4281-923d-ee80cba71950;449.57;6.6736;UNKNOWN
2016-04-29T00:27:06.000000;2016-04-29T00:27:06.000000;30b307a8-0d1b-4f08-a77f-3439e65b1c42;449.84;11.044;UNKNOWN
2016-04-29T00:27:06.000000;2016-04-29T00:27:06.000000;e6421b80-0827-4105-a1c9-cb4a9e2908f4;449.71;12.0099;UNKNOWN
2016-04-29T00:27:06.000000;2016-04-29T00:27:06.000000;576d58d1-8452-4a5d-8e1a-bb1d95a92fab;449.83;0.01;UNKNOWN
2016-04-29T00:28:16.000000;2016-04-29T00:28:16.000000;ae84db40-a83b-499b-9d45-e8773ace041d;449.41;0.119;UNKNOWN
2016-04-29T00:28:16.000000;2016-04-29T00:28:16.000000;4108c9b0-b94d-4ddd-afb0-a510191d7740;449.41;0.13334805;UNKNOWN
2016-04-29T00:29:04.000000;2016-04-29T00:29:04.000000;1c32139e-1e9b-4bb8-8bd0-524b30faab4f;449.44;0.05129903;UNKNOWN
2016-04-29T00:29:34.000000;2016-04-29T00:29:34.000000;281e4a52-2701-49d1-a817-922e15a113a3;449.54;0.93;UNKNOWN
2016-04-29T00:29:53.000000;2016-04-29T00:29:53.000000;6ca6391c-814e-4c09-a53b-87705704a3db;449.54;3.5175;UNKNOWN
2016-04-29T00:30:41.000000;2016-04-29T00:30:41.000000;e7c82694-68e7-4ecf-a7ae-8f632ce23687;449.54;0.16272087;UNKNOWN
2016-04-29T00:30:41.000000;2016-04-29T00:30:41.000000;63e0eb4e-8a7b-4d9b-a516-6640335bb587;449.54;1.5;UNKNOWN
2016-04-29T00:31:14.000000;2016-04-29T00:31:14.000000;3f17e578-e032-4415-b9a6-65ef7e4a1d8f;449.55;0.02652;UNKNOWN
2016-04-29T00:31:14.000000;2016-04-29T00:31:14.000000;275a6105-9829-4ad7-9360-824e07e68cd0;449.55;0.02209;UNKNOWN
2016-04-29T00:31:47.000000;2016-04-29T00:31:47.000000;6a339b2f-bb5a-4cab-aac6-48aa3feafe72;449.55;0.0596804;UNKNOWN
2016-04-29T00:32:42.000000;2016-04-29T00:32:42.000000;8be9bf66-9f71-4e09-bf07-9b548b4d2579;449.56;0.06;UNKNOWN
2016-04-29T00:35:13.000000;2016-04-29T00:35:13.000000;6e69ddeb-96e2-4f3a-b47b-b864d803d075;449.58;0.1755586;UNKNOWN
2016-04-29T00:39:53.000000;2016-04-29T00:39:53.000000;ed54e1bf-d282-444a-a88e-ee882d357a7e;449.69;0.20216;UNKNOWN
2016-04-29T00:40:20.000000;2016-04-29T00:40:20.000000;d156da51-b3eb-413b-b29a-5deffdac0464;449.69;0.4;UNKNOWN
2016-04-29T00:41:42.000000;2016-04-29T00:41:42.000000;b222d40b-adb2-4d4a-be0c-df70b4728f56;449.67;0.25;UNKNOWN
2016-04-29T00:43:43.000000;2016-04-29T00:43:43.000000;c0d01d90-205e-462c-9bc2-f267219b006b;449.58;0.17332163;UNKNOWN
2016-04-29T00:43:45.000000;2016-04-29T00:43:45.000000;2f7d54ae-cadc-4b74-8d34-239043b5919e;449.58;0.02395912;UNKNOWN
2016-04-29T00:44:23.000000;2016-04-29T00:44:23.000000;83f91656-ce34-42d1-b09e-9580799df943;449.66;2.0;UNKNOWN
2016-04-29T00:47:14.000000;2016-04-29T00:47:14.000000;25bdbd86-a4c0-4fe7-9f61-a95728586300;449.58;0.022297;UNKNOWN
2016-04-29T00:47:31.000000;2016-04-29T00:47:31.000000;ac171ce4-10c5-4d95-b656-4de0dd6e13b4;449.0;0.1;UNKNOWN
2016-04-29T00:47:31.000000;2016-04-29T00:47:31.000000;8f66e2ff-eeb3-42b1-810e-c67aae0c8799;449.58;1.18616587;UNKNOWN
2016-04-29T00:47:31.000000;2016-04-29T00:47:31.000000;003c9da9-ff34-45fd-96a1-cfa109bab695;449.0;0.6315136;UNKNOWN
2016-04-29T00:47:31.000000;2016-04-29T00:47:31.000000;5aa44f02-84cc-42c0-8706-cf9f49dd7bb7;449.01;9.11469828;UNKNOWN
2016-04-29T00:47:31.000000;2016-04-29T00:47:31.000000;1b8cfd3c-0730-426b-bcb5-8b084365308b;449.02;6.6389;UNKNOWN
2016-04-29T00:47:31.000000;2016-04-29T00:47:31.000000;60f51bf4-eb5e-407f-8b35-7aab8d5aa143;449.58;7.32872225;UNKNOWN
2016-04-29T00:48:04.000000;2016-04-29T00:48:04.000000;9a8845ce-6ed3-42bb-a391-063ca19a9b2c;449.01;2.5;UNKNOWN
2016-04-29T00:48:18.000000;2016-04-29T00:48:18.000000;d33f0cc7-3aac-452d-b0b0-94cef7099f2d;448.92;10.0;UNKNOWN
2016-04-29T00:48:18.000000;2016-04-29T00:48:18.000000;ab8dd11d-e044-4c90-997f-c7b278f3b60a;449.0;0.4838;UNKNOWN
2016-04-29T00:48:18.000000;2016-04-29T00:48:18.000000;da8458c3-1bdd-4c07-9b8d-7add1c495320;449.0;4.3684864;UNKNOWN
2016-04-29T00:48:18.000000;2016-04-29T00:48:18.000000;2b09dba3-7ffc-42e9-a3a2-61b3875b52e4;448.82;2.9077136;UNKNOWN
2016-04-29T00:48:18.000000;2016-04-29T00:48:18.000000;40805e71-6ae3-429c-89f3-09d64b969bb2;448.93;0.14;UNKNOWN
2016-04-29T00:48:18.000000;2016-04-29T00:48:18.000000;58f7406b-b085-40ff-967c-07346d743ccf;449.0;0.1;UNKNOWN
2016-04-29T00:48:22.000000;2016-04-29T00:48:22.000000;77b3fe25-86d3-46cb-93bd-8774c4be4b61;448.82;0.1;UNKNOWN
2016-04-29T00:48:49.000000;2016-04-29T00:48:49.000000;f4c21deb-099b-4f7d-a871-7ba90cd47249;448.13;10.0;UNKNOWN
2016-04-29T00:48:49.000000;2016-04-29T00:48:49.000000;5b23eec2-9ffa-4398-9232-5a5c4d9675f6;448.27;4.33585535;UNKNOWN
2016-04-29T00:48:49.000000;2016-04-29T00:48:49.000000;ed45a03a-d62e-4779-9a5b-7c340f684432;448.8;4.30906286;UNKNOWN
2016-04-29T00:48:49.000000;2016-04-29T00:48:49.000000;4b0767c8-0dd6-4ead-8b88-68b0ad53ce70;448.05;3.88296824;UNKNOWN
2016-04-29T00:48:49.000000;2016-04-29T00:48:49.000000;ccfbff33-345e-4c59-a673-610f7f23824d;448.19;4.33585535;UNKNOWN
2016-04-29T00:48:49.000000;2016-04-29T00:48:49.000000;f464949f-ba09-41dc-948b-102cb79b8932;448.82;0.4922864;UNKNOWN
2016-04-29T00:48:49.000000;2016-04-29T00:48:49.000000;da6db1da-80df-4c39-ba06-e61a4feb9100;448.47;0.01;UNKNOWN
2016-04-29T00:48:49.000000;2016-04-29T00:48:49.000000;5bc4291c-8645-4bcf-82af-5682f8346804;448.18;12.1335;UNKNOWN
2016-04-29T00:48:49.000000;2016-04-29T00:48:49.000000;2dc5a1ba-964c-4d4a-b095-32e2a7009902;448.35;9.05;UNKNOWN
2016-04-29T00:48:49.000000;2016-04-29T00:48:49.000000;03081a6b-a084-42a1-b950-c4e4c49bc340;448.34;12.9441;UNKNOWN
2016-04-29T00:48:49.000000;2016-04-29T00:48:49.000000;35fc0994-92f1-49a9-b566-7355f05ad7d0;448.36;11.0863;UNKNOWN
2016-04-29T00:48:49.000000;2016-04-29T00:48:49.000000;b6363a47-3c74-4704-8b42-2155175f2ff1;448.1;2.0;UNKNOWN
2016-04-29T00:48:49.000000;2016-04-29T00:48:49.000000;973a9077-6e53-4073-a299-f21f6299e2d4;448.06;8.14;UNKNOWN
2016-04-29T00:48:57.000000;2016-04-29T00:48:57.000000;7d6c736d-a7d1-4c6d-9f0e-a6c043bebcfc;448.31;0.03828147;UNKNOWN
2016-04-29T00:48:58.000000;2016-04-29T00:48:58.000000;8454b2c8-b907-40a1-925d-3aec09f9dfbc;448.01;12.49;UNKNOWN
2016-04-29T00:48:58.000000;2016-04-29T00:48:58.000000;e53f88c3-3241-41bf-953f-d44b49ea270b;448.09;4.33609036;UNKNOWN
2016-04-29T00:48:58.000000;2016-04-29T00:48:58.000000;e99c2171-918c-40f7-853a-f257f045ab68;448.05;0.219;UNKNOWN
2016-04-29T00:48:58.000000;2016-04-29T00:48:58.000000;69f8831f-63c0-4f35-8916-b010cf54ddb6;448.0;0.1;UNKNOWN
2016-04-29T00:48:58.000000;2016-04-29T00:48:58.000000;f7cbbc80-1e37-4045-b69c-c765fd5486f1;448.0;5.0;UNKNOWN
2016-04-29T00:48:58.000000;2016-04-29T00:48:58.000000;ca0005b9-d0fc-4c2a-905d-ccda7ec8bb98;448.0;29.13137281;UNKNOWN
2016-04-29T00:48:58.000000;2016-04-29T00:48:58.000000;2e426bae-039b-44f9-8c0c-46516e26297c;448.05;2.0;UNKNOWN
2016-04-29T00:48:58.000000;2016-04-29T00:48:58.000000;1e00cd9a-ec3f-482c-b15f-883b059be47d;448.05;4.33609036;UNKNOWN
2016-04-29T00:49:08.000000;2016-04-29T00:49:08.000000;6c31ca35-d1fc-4923-b25d-f80573c8bb4d;448.06;0.06855575;UNKNOWN
2016-04-29T00:49:10.000000;2016-04-29T00:49:10.000000;9492b05a-d0af-49eb-9d72-01c37cfbd6f4;448.05;0.22;UNKNOWN
2016-04-29T00:49:10.000000;2016-04-29T00:49:10.000000;4375a435-8f81-4daf-9e47-1ccf1249924c;448.0;0.42258388;UNKNOWN
2016-04-29T00:49:10.000000;2016-04-29T00:49:10.000000;178c80fe-063c-44cb-acbf-5f71534a08b1;448.05;0.219;UNKNOWN
2016-04-29T00:49:10.000000;2016-04-29T00:49:10.000000;44ca000c-8802-40c6-b48f-10f26fc6a447;448.05;0.219;UNKNOWN
2016-04-29T00:49:10.000000;2016-04-29T00:49:10.000000;2394f914-7796-4f6f-ba16-6e5c7de50061;448.05;0.219;UNKNOWN
2016-04-29T00:49:10.000000;2016-04-29T00:49:10.000000;53ea35bd-6cbd-4bfb-9531-388c8e3addbc;448.0;39.62441612;UNKNOWN
2016-04-29T00:49:10.000000;2016-04-29T00:49:10.000000;df40e182-ddab-485e-b2bd-34319fb43fd9;448.05;0.22;UNKNOWN
2016-04-29T00:49:10.000000;2016-04-29T00:49:10.000000;a804ba78-347c-4e7d-95f3-11b1ab56821c;448.05;0.219;UNKNOWN
2016-04-29T00:49:10.000000;2016-04-29T00:49:10.000000;f040036d-a815-41dc-b6fc-abd0fef7f502;448.05;0.218;UNKNOWN
2016-04-29T00:49:10.000000;2016-04-29T00:49:10.000000;f3058d8a-3436-4865-ac0c-0e74a8ae89b0;448.05;0.219;UNKNOWN
2016-04-29T00:49:10.000000;2016-04-29T00:49:10.000000;6089c2df-845f-4c75-91be-7d2ccc17e14d;448.01;8.2;UNKNOWN
2016-04-29T00:49:12.000000;2016-04-29T00:49:12.000000;4e7b8096-9419-40ea-bc32-c15d802efc38;448.06;0.06855575;UNKNOWN
2016-04-29T00:49:14.000000;2016-04-29T00:49:14.000000;968496b3-330b-42b9-9d8f-f805e4b95932;448.06;0.0598;UNKNOWN
2016-04-29T00:49:16.000000;2016-04-29T00:49:16.000000;b2b5716d-3f6d-41c2-8897-c148f525f088;448.06;0.06855575;UNKNOWN
2016-04-29T00:49:19.000000;2016-04-29T00:49:19.000000;f3d44fd0-cef0-443a-af1a-e59e18444eeb;448.06;0.06855575;UNKNOWN
2016-04-29T00:49:21.000000;2016-04-29T00:49:21.000000;86a02efb-eb7d-4913-ab72-16dda57b18cc;448.06;0.06855575;UNKNOWN
2016-04-29T00:49:58.000000;2016-04-29T00:49:58.000000;7e542d1c-b502-482e-86f0-cbc5eb7737e1;448.06;0.06012199;UNKNOWN
2016-04-29T00:49:58.000000;2016-04-29T00:49:58.000000;ed09cef7-b2d1-40a5-9e34-6d2f2d186e90;448.02;3.48087801;UNKNOWN
2016-04-29T00:49:58.000000;2016-04-29T00:49:58.000000;c57aebb5-26f1-41ef-b5b5-f06189f8397b;448.06;0.219;UNKNOWN
2016-04-29T00:49:58.000000;2016-04-29T00:49:58.000000;843c30ac-850e-4f8a-b308-a45f36f9935d;448.03;0.24;UNKNOWN
2016-04-29T00:50:15.000000;2016-04-29T00:50:15.000000;edb27661-48e6-433e-9f4f-61093f50dda6;448.06;2.0;UNKNOWN
2016-04-29T00:50:16.000000;2016-04-29T00:50:16.000000;36641084-d1d3-4ed2-b61f-ffcd5ba958e7;448.06;0.076314;UNKNOWN
2016-04-29T00:50:26.000000;2016-04-29T00:50:26.000000;e07bf2b8-d137-4d5e-9443-767c1cab5370;448.06;6.6841;UNKNOWN
2016-04-29T00:51:40.000000;2016-04-29T00:51:40.000000;21d2131f-8d3f-403e-9099-e23dc6cc9893;448.06;40.0;UNKNOWN
2016-04-29T00:52:28.000000;2016-04-29T00:52:28.000000;cf0a0eaf-582a-4b5d-b93e-d677c8e472af;448.07;0.01;UNKNOWN
2016-04-29T00:52:34.000000;2016-04-29T00:52:34.000000;43d20c75-3c93-477f-9689-33950627d5d2;448.07;25.0;UNKNOWN
2016-04-29T00:52:59.000000;2016-04-29T00:52:59.000000;92533998-37ba-4fc2-8c21-622a88c81fb0;448.07;0.01;UNKNOWN
2016-04-29T00:53:03.000000;2016-04-29T00:53:03.000000;9076a93b-8af8-45a3-8280-68ee6e50843c;448.07;0.01;UNKNOWN
2016-04-29T00:53:04.000000;2016-04-29T00:53:04.000000;d2207a5b-cd3a-43b6-a16d-d1445b37b9d1;448.07;0.03343444;UNKNOWN
2016-04-29T00:53:07.000000;2016-04-29T00:53:07.000000;cb168164-1ee5-490b-a4db-d8525f9deb3e;448.07;0.01;UNKNOWN
2016-04-29T00:53:08.000000;2016-04-29T00:53:08.000000;71415b18-2ec2-44a5-92b6-e4db1346baa7;448.07;18.78819301;UNKNOWN
2016-04-29T00:53:10.000000;2016-04-29T00:53:10.000000;f2bf6e50-ba00-451b-866c-228c7ed3d87f;448.38;0.01;UNKNOWN
2016-04-29T00:53:32.000000;2016-04-29T00:53:32.000000;4ce88f9f-f247-4dfc-a5c1-0f22d38f670c;448.38;0.01;UNKNOWN
2016-04-29T00:53:32.000000;2016-04-29T00:53:32.000000;206c781f-45f8-4fb7-bab4-dab589c8f487;448.38;0.01;UNKNOWN
2016-04-29T00:53:33.000000;2016-04-29T00:53:33.000000;2e39d784-8249-4284-a0a9-05601248557f;448.38;0.01;UNKNOWN
2016-04-29T00:53:34.000000;2016-04-29T00:53:34.000000;3b026ebe-0e06-4c26-800b-ff81585a3edc;448.38;0.01;UNKNOWN
2016-04-29T00:53:34.000000;2016-04-29T00:53:34.000000;6a3e673e-2e1e-485e-8eee-f6df7677a53e;448.38;0.01;UNKNOWN
2016-04-29T00:53:35.000000;2016-04-29T00:53:35.000000;de4265c5-927e-4bc9-aa31-76c5781d6ce6;448.38;0.01;UNKNOWN
2016-04-29T00:53:49.000000;2016-04-29T00:53:49.000000;0a5f7e83-4a3c-46c1-b61c-a5b451c138ea;448.21;13.3274;UNKNOWN
2016-04-29T00:53:49.000000;2016-04-29T00:53:49.000000;edad6339-86ae-499a-abcd-1e59656a50bf;448.02;9.51179301;UNKNOWN
2016-04-29T00:53:49.000000;2016-04-29T00:53:49.000000;9496b052-1262-4ee6-a070-69395b8e7f68;448.1;6.21180699;UNKNOWN
2016-04-29T00:53:49.000000;2016-04-29T00:53:49.000000;2dc140d5-adf0-491d-b7ea-f03cfaa622b9;448.02;12.649;UNKNOWN
2016-04-29T00:53:49.000000;2016-04-29T00:53:49.000000;2add63bc-0301-4bac-a4f7-c71f4d8f49a1;448.2;8.3;UNKNOWN
2016-04-29T00:53:55.000000;2016-04-29T00:53:55.000000;bd2b053f-0a21-4caa-be7e-70f88005d234;448.38;0.01;UNKNOWN
2016-04-29T00:57:04.000000;2016-04-29T00:57:04.000000;41f38f6f-00b2-4c77-966a-ec993fc13fde;448.38;0.01;UNKNOWN
2016-04-29T00:57:06.000000;2016-04-29T00:57:06.000000;b6c56c5e-0c5e-47be-a54b-8c28f3387ed1;448.38;0.01;UNKNOWN
2016-04-29T00:57:07.000000;2016-04-29T00:57:07.000000;34acc50a-ca57-4085-8cbf-d664380b5221;448.38;0.01;UNKNOWN
2016-04-29T00:58:02.000000;2016-04-29T00:58:02.000000;1f21c91b-e903-4a98-bfde-8f7e22cbe0f0;448.37;0.6470549;UNKNOWN
2016-04-29T00:59:00.000000;2016-04-29T00:59:00.000000;686ee2b6-bd9f-44e4-b7ff-401821dc9d3a;448.38;1.04557089;UNKNOWN
2016-04-29T00:59:44.000000;2016-04-29T00:59:44.000000;e8bf7f32-96f5-48ff-8b64-e09374b10957;448.37;11.9986;UNKNOWN
2016-04-29T00:59:44.000000;2016-04-29T00:59:44.000000;675f3cb6-ccc9-4d87-85eb-66d28eab76c4;448.18;4.3793;UNKNOWN
2016-04-29T00:59:44.000000;2016-04-29T00:59:44.000000;4f21ec44-b23c-49ef-9e90-3f1e0e6cb876;448.28;0.112;UNKNOWN
2016-04-29T00:59:44.000000;2016-04-29T00:59:44.000000;811a4843-9375-4ecd-b9ab-b21861f5da1c;448.19;6.6719;UNKNOWN
2016-04-29T00:59:44.000000;2016-04-29T00:59:44.000000;bad72b09-3322-449d-a5ec-d3f098e78d4a;448.19;36.8382;UNKNOWN
2016-04-29T01:00:16.000000;2016-04-29T01:00:16.000000;c4a246b4-cdee-4bf3-9de5-cba2a302f2ce;448.37;0.10986816;UNKNOWN
2016-04-29T01:00:22.000000;2016-04-29T01:00:22.000000;c305b3f0-cf01-42de-b4f1-57c295aecf94;448.37;0.00799933;UNKNOWN
2016-04-29T01:00:40.000000;2016-04-29T01:00:40.000000;3134e198-aedd-49a8-818f-50f7962fa5ad;448.37;0.0893908;UNKNOWN
2016-04-29T01:01:04.000000;2016-04-29T01:01:04.000000;3a63cbe5-3e9d-4214-aea6-093b0216d064;448.38;0.45;UNKNOWN
2016-04-29T01:01:14.000000;2016-04-29T01:01:14.000000;a19c602c-1243-41e5-b8fc-c7d83789ab6a;448.37;0.08184748;UNKNOWN
2016-04-29T01:03:14.000000;2016-04-29T01:03:14.000000;8f97eeba-32c5-49ff-8898-48f20f4e6b3b;448.37;0.2214;UNKNOWN
2016-04-29T01:03:19.000000;2016-04-29T01:03:19.000000;ceb119b4-3cfb-412f-926d-74083b37b3cc;448.38;2.21;UNKNOWN
2016-04-29T01:03:28.000000;2016-04-29T01:03:28.000000;0f17fa93-ce7d-4e7b-a15a-9c8f4976b259;448.37;0.66;UNKNOWN
2016-04-29T01:03:28.000000;2016-04-29T01:03:28.000000;4e019e08-b110-4158-9c7f-46a895016342;448.36;8.14;UNKNOWN
2016-04-29T01:03:53.000000;2016-04-29T01:03:53.000000;1c073e87-c89d-453f-9fe0-d913fabd620b;448.18;1.4115;UNKNOWN
2016-04-29T01:04:16.000000;2016-04-29T01:04:16.000000;175be762-8b97-46b2-9bed-b9cad9b14030;448.18;0.021274;UNKNOWN
2016-04-29T01:05:01.000000;2016-04-29T01:05:01.000000;39ab6a52-9453-4562-8809-ea5a9b0aee67;448.19;0.1002;UNKNOWN
2016-04-29T01:06:03.000000;2016-04-29T01:06:03.000000;417384d4-b083-4262-a06b-61d9825ce1d8;448.19;0.5;UNKNOWN
2016-04-29T01:06:05.000000;2016-04-29T01:06:05.000000;17b26044-c311-456d-ac0a-e0e3e3026ec8;448.19;0.01;UNKNOWN
2016-04-29T01:06:46.000000;2016-04-29T01:06:46.000000;d87699af-d7d5-40b9-8cdb-7ba34bf1333e;448.19;0.1095;UNKNOWN
2016-04-29T01:06:49.000000;2016-04-29T01:06:49.000000;74bc4fe7-7619-4fbb-8120-785516ab5692;448.19;6.6553;UNKNOWN
2016-04-29T01:07:23.000000;2016-04-29T01:07:23.000000;5f8831ae-eb9d-4834-a13d-2e23e53e0774;448.19;3.5;UNKNOWN
2016-04-29T01:08:19.000000;2016-04-29T01:08:19.000000;79d7eb77-fe98-47be-93d8-527e9a30f14c;448.19;0.2;UNKNOWN
2016-04-29T01:08:20.000000;2016-04-29T01:08:20.000000;332ae1aa-8bfd-4de8-8c80-05602d52a953;448.19;5.0;UNKNOWN
2016-04-29T01:08:40.000000;2016-04-29T01:08:40.000000;580866c6-42b9-44ce-9476-07e4161af374;448.19;0.01;UNKNOWN
2016-04-29T01:09:14.000000;2016-04-29T01:09:14.000000;52587b4d-649b-4ce2-adfb-21d69bd11766;448.18;1.21080109;UNKNOWN
2016-04-29T01:09:26.000000;2016-04-29T01:09:26.000000;71933138-2043-4f03-8d37-656f1cc33baf;448.69;0.00080095;UNKNOWN
2016-04-29T01:09:26.000000;2016-04-29T01:09:26.000000;4ceec2d8-30d7-4e1b-8e82-49efb41d6315;448.19;1.53919905;UNKNOWN
2016-04-29T01:09:38.000000;2016-04-29T01:09:38.000000;570e4240-7f45-44a4-baa9-d34cd76704b4;448.62;0.01;UNKNOWN
2016-04-29T01:09:40.000000;2016-04-29T01:09:40.000000;5872fc83-adcf-4562-a4bd-6bed8c0f1133;448.7;0.02228661;UNKNOWN
2016-04-29T01:10:06.000000;2016-04-29T01:10:06.000000;d15ac385-e6d2-4e2c-8b22-4a75e6812210;448.7;0.3345708;UNKNOWN
2016-04-29T01:10:17.000000;2016-04-29T01:10:17.000000;69675601-eb36-446c-9e7d-7d323e5f6060;448.7;0.14449826;UNKNOWN
2016-04-29T01:13:00.000000;2016-04-29T01:13:00.000000;cbd5b303-6fed-4a6b-b24e-8caa277924dc;448.7;0.03560656;UNKNOWN
2016-04-29T01:15:36.000000;2016-04-29T01:15:36.000000;c2d6dc9f-e000-42c6-a635-1de1d19cb5d2;448.67;0.02456603;UNKNOWN
2016-04-29T01:16:34.000000;2016-04-29T01:16:34.000000;1c92b5e4-b185-4a46-9fcf-d45ddcd8e859;448.67;0.01;UNKNOWN
2016-04-29T01:17:54.000000;2016-04-29T01:17:54.000000;32947d83-9b9c-47eb-9d43-b333da3fa7b9;448.68;0.234;UNKNOWN
2016-04-29T01:18:07.000000;2016-04-29T01:18:07.000000;070893bb-2ff8-440e-b457-46b0bd63c886;448.68;0.166;UNKNOWN
2016-04-29T01:18:07.000000;2016-04-29T01:18:07.000000;433080e9-1a83-4106-b846-e5ac4474e476;448.68;0.168;UNKNOWN
2016-04-29T01:18:16.000000;2016-04-29T01:18:16.000000;39a0fbd5-f80b-4ecc-852d-373624b9d5b3;448.67;0.02233275;UNKNOWN
2016-04-29T01:18:17.000000;2016-04-29T01:18:17.000000;61923884-8d92-4c58-a1f3-4373693de14e;448.67;0.126426;UNKNOWN
2016-04-29T01:18:48.000000;2016-04-29T01:18:48.000000;a2a1169e-1eba-430c-9d2c-5075e5d97301;448.67;0.03467522;UNKNOWN
2016-04-29T01:18:48.000000;2016-04-29T01:18:48.000000;241ecb96-2537-451b-a565-db1b76f9ba07;448.67;0.02500518;UNKNOWN
2016-04-29T01:19:59.000000;2016-04-29T01:19:59.000000;4755797c-d928-48d8-b93c-68cc9c526e68;448.7;1.76842718;UNKNOWN
2016-04-29T01:19:59.000000;2016-04-29T01:19:59.000000;e4b6c372-7819-4524-96b0-a468351e177a;448.68;5.13469661;UNKNOWN
2016-04-29T01:19:59.000000;2016-04-29T01:19:59.000000;50db6381-6232-4be2-94ae-94c05ecf8d23;448.68;6.676;UNKNOWN
2016-04-29T01:20:01.000000;2016-04-29T01:20:01.000000;f6aca0dc-971f-4707-aa51-87288286d593;448.19;0.01081341;UNKNOWN
2016-04-29T01:20:06.000000;2016-04-29T01:20:06.000000;5911e0e9-bb54-4646-985a-f3c3972c54a6;448.2;0.01;UNKNOWN
2016-04-29T01:20:19.000000;2016-04-29T01:20:19.000000;bc455f08-2dbe-45de-991a-aa2d03a15c77;448.69;0.262;UNKNOWN
2016-04-29T01:20:29.000000;2016-04-29T01:20:29.000000;b887489c-ce28-480b-984e-44d396a3f48a;448.69;0.271;UNKNOWN
2016-04-29T01:22:16.000000;2016-04-29T01:22:16.000000;c3eca987-6f83-47a8-b67f-40212970164a;448.61;0.02905266;UNKNOWN
2016-04-29T01:23:14.000000;2016-04-29T01:23:14.000000;897a9830-87b8-4d4a-8d0e-fd876b2e5ba6;448.51;0.08445366;UNKNOWN
2016-04-29T01:23:14.000000;2016-04-29T01:23:14.000000;6ccadda0-c924-4b92-9ee7-6b292b11fe34;448.61;0.02639634;UNKNOWN
2016-04-29T01:23:25.000000;2016-04-29T01:23:25.000000;27bb0c53-1cbc-4cf2-9fe3-666617e82eae;448.52;0.01;UNKNOWN
2016-04-29T01:24:12.000000;2016-04-29T01:24:12.000000;8031f15e-863d-4d78-a0a0-1e413db404f8;448.68;0.0424;UNKNOWN
2016-04-29T01:24:40.000000;2016-04-29T01:24:40.000000;46ba66e7-5292-4082-b5cc-550ea53c4521;448.4;0.11167873;UNKNOWN
2016-04-29T01:25:04.000000;2016-04-29T01:25:04.000000;fa03d6dc-209a-4031-8d60-de38e15de297;448.68;0.0497608;UNKNOWN
2016-04-29T01:25:04.000000;2016-04-29T01:25:04.000000;5a2f8140-6fb8-445f-af5a-c9cf6ad5b1da;448.5;0.0802392;UNKNOWN
2016-04-29T01:25:15.000000;2016-04-29T01:25:15.000000;d246c3d4-9c47-4077-ac4e-f2f8ed708bbd;448.48;0.09200777;UNKNOWN
2016-04-29T01:25:17.000000;2016-04-29T01:25:17.000000;ffa731ed-593e-457a-8d64-9c9be47d3a38;448.48;0.13963827;UNKNOWN
2016-04-29T01:25:18.000000;2016-04-29T01:25:18.000000;a5b5ac70-13ce-433e-bdc9-c80752c9518a;448.48;0.07807852;UNKNOWN
2016-04-29T01:25:19.000000;2016-04-29T01:25:19.000000;5220fd78-9b24-4045-9079-23b57479e6f0;448.48;0.39487629;UNKNOWN
2016-04-29T01:26:37.000000;2016-04-29T01:26:37.000000;7aadb5e3-2c94-48f0-9520-ada8728f7ff7;448.18;0.09055163;UNKNOWN
2016-04-29T01:26:39.000000;2016-04-29T01:26:39.000000;50bf8dfe-9e88-40c8-998d-a73f9e2cd0d3;448.18;0.13733801;UNKNOWN
2016-04-29T01:26:40.000000;2016-04-29T01:26:40.000000;c4a4be42-243b-40da-ba24-9b63106ffbe8;448.18;0.07902995;UNKNOWN
2016-04-29T01:27:01.000000;2016-04-29T01:27:01.000000;4f23af0b-d49e-4115-8a7b-ae5f568b55ee;448.18;0.01876297;UNKNOWN
2016-04-29T01:27:15.000000;2016-04-29T01:27:15.000000;96a09894-905d-465a-907b-80bd3e598412;448.18;0.39508721;UNKNOWN
2016-04-29T01:28:16.000000;2016-04-29T01:28:16.000000;6fdeb0ad-5c4b-4868-8cc0-3e9075c4c6ad;448.16;0.773;UNKNOWN
2016-04-29T01:28:16.000000;2016-04-29T01:28:16.000000;6f9dfd0b-2a70-47e7-96e7-f37a74c0709d;448.28;0.336;UNKNOWN
2016-04-29T01:28:24.000000;2016-04-29T01:28:24.000000;89fc5f59-cd76-46f3-a1b8-7cd565a8743c;448.16;0.1117859;UNKNOWN
2016-04-29T01:28:25.000000;2016-04-29T01:28:25.000000;deb2104d-95fd-4c03-88d5-ccba6b658906;448.17;6.19621643;UNKNOWN
2016-04-29T01:28:53.000000;2016-04-29T01:28:53.000000;beea0ac4-62f4-4b18-bde4-56d3a94fcb0e;448.68;0.2229;UNKNOWN
2016-04-29T01:29:37.000000;2016-04-29T01:29:37.000000;651bd2d5-80ac-46d5-93f5-33d4c79500a2;448.48;0.14836858;UNKNOWN
2016-04-29T01:29:41.000000;2016-04-29T01:29:41.000000;e9037c52-cd7b-4cd9-bf26-92ae9b9e9bcc;448.48;0.09802634;UNKNOWN
2016-04-29T01:29:42.000000;2016-04-29T01:29:42.000000;33aad526-693a-49ce-a153-dd941ee4baa9;448.48;0.13984203;UNKNOWN
2016-04-29T01:29:50.000000;2016-04-29T01:29:50.000000;87babe51-8a2a-4b21-9eb5-01c7f318f34a;448.01;13.2122;UNKNOWN
2016-04-29T01:29:50.000000;2016-04-29T01:29:50.000000;caec5df1-4349-404e-83c9-a07e632fe69f;448.16;6.6554;UNKNOWN
2016-04-29T01:29:50.000000;2016-04-29T01:29:50.000000;9fe1bc5d-7c37-421a-9df9-182c5e98a505;448.01;73.8515;UNKNOWN
2016-04-29T01:29:50.000000;2016-04-29T01:29:50.000000;a15458a4-c4fe-4972-80d8-18194ac41f13;448.11;0.01;UNKNOWN
2016-04-29T01:29:50.000000;2016-04-29T01:29:50.000000;9b75bd13-74b3-4fb6-88f3-b0ceeb554340;448.16;17.7556;UNKNOWN
2016-04-29T01:29:50.000000;2016-04-29T01:29:50.000000;fb8280ce-cf76-42cc-a697-ec1b6af884bd;448.15;13.5153;UNKNOWN
2016-04-29T01:30:33.000000;2016-04-29T01:30:33.000000;543f1475-27b4-4c19-955a-adaf0328fd1a;448.01;0.06193564;UNKNOWN
2016-04-29T01:30:34.000000;2016-04-29T01:30:34.000000;3c14daee-e432-48d0-b7e1-b85259864e8f;448.01;0.39987796;UNKNOWN
2016-04-29T01:30:35.000000;2016-04-29T01:30:35.000000;894abac3-f0fe-4453-a852-2faf67dcbc42;448.01;0.09132744;UNKNOWN
2016-04-29T01:30:38.000000;2016-04-29T01:30:38.000000;28420493-7bc4-4285-b709-a26464607995;448.01;0.08414499;UNKNOWN
2016-04-29T01:30:39.000000;2016-04-29T01:30:39.000000;152738fb-ff60-44b1-a27f-445f1cc39cfb;448.01;0.04822675;UNKNOWN
2016-04-29T01:30:40.000000;2016-04-29T01:30:40.000000;d1d95d85-ee82-4202-a2c0-40dece396fd3;448.01;0.08965566;UNKNOWN
2016-04-29T01:30:58.000000;2016-04-29T01:30:58.000000;3180f8c6-c0b5-429f-8d8d-1bea5664951c;448.01;0.219;UNKNOWN
2016-04-29T01:30:58.000000;2016-04-29T01:30:58.000000;b426f243-6804-41aa-8e1e-bf7ae4501001;448.01;0.194;UNKNOWN
2016-04-29T01:30:58.000000;2016-04-29T01:30:58.000000;0cc6f656-354a-4635-ac95-32a4b1438b0c;448.0;0.22991612;UNKNOWN
2016-04-29T01:30:58.000000;2016-04-29T01:30:58.000000;bdd622fe-5450-48f5-9471-0eeb36684590;448.01;0.219;UNKNOWN
2016-04-29T01:30:58.000000;2016-04-29T01:30:58.000000;784ec282-0a1f-44b8-b05c-f51fdd602333;448.0;1.79975232;UNKNOWN
2016-04-29T01:30:58.000000;2016-04-29T01:30:58.000000;bae4bc54-96fc-4046-a7fa-e83b552b2175;448.0;1.65;UNKNOWN
2016-04-29T01:30:58.000000;2016-04-29T01:30:58.000000;5322891e-41cc-43cd-bc89-fff765de2681;448.01;0.219;UNKNOWN
2016-04-29T01:30:58.000000;2016-04-29T01:30:58.000000;76c728bc-6389-499f-a9a1-f5497dd5ed84;448.01;0.37333156;UNKNOWN
2016-04-29T01:30:58.000000;2016-04-29T01:30:58.000000;89a5067b-3ab5-4226-a0aa-7d1c84a71d4f;448.01;0.218;UNKNOWN
2016-04-29T01:30:58.000000;2016-04-29T01:30:58.000000;c9db4df0-341e-429d-a9ec-999344a25bf9;448.01;0.22;UNKNOWN
2016-04-29T01:30:58.000000;2016-04-29T01:30:58.000000;d521538d-935d-48bf-a2ab-0b3f7664e26a;448.01;0.219;UNKNOWN
2016-04-29T01:30:58.000000;2016-04-29T01:30:58.000000;8b843983-3fa2-4f3a-8b6b-dbba3450db88;448.01;0.219;UNKNOWN
2016-04-29T01:30:58.000000;2016-04-29T01:30:58.000000;ec374399-4617-42e4-a1f4-8c3253cd62cf;448.01;0.22;UNKNOWN
2016-04-29T01:31:10.000000;2016-04-29T01:31:10.000000;1ed515ec-6b2d-4025-9bd3-22f1937e3a17;448.0;8.08863766;UNKNOWN
2016-04-29T01:31:41.000000;2016-04-29T01:31:41.000000;84ca2324-3c73-478b-b0c3-33628101b82c;448.0;0.13366384;UNKNOWN
2016-04-29T01:32:41.000000;2016-04-29T01:32:41.000000;1e53ae47-8485-4e22-9f87-071fbcb45da4;448.01;0.01;UNKNOWN
2016-04-29T01:35:37.000000;2016-04-29T01:35:37.000000;e275d01f-3b3a-4daf-a488-00d44e376183;448.03;7.4136;UNKNOWN
2016-04-29T01:35:44.000000;2016-04-29T01:35:44.000000;011ea8a2-6a07-4cf6-bfb9-0d08f7b0eb41;448.01;0.434;UNKNOWN
2016-04-29T01:36:00.000000;2016-04-29T01:36:00.000000;aecd55e7-3c9b-4406-8376-422ec4e4c987;448.0;0.4536339;UNKNOWN
2016-04-29T01:36:10.000000;2016-04-29T01:36:10.000000;a44fb53e-d62c-426a-bb32-87627361e111;448.0;0.09395057;UNKNOWN
2016-04-29T01:36:16.000000;2016-04-29T01:36:16.000000;82e03c26-c8f0-46b8-bca1-3d1092bef4a9;448.0;0.22364665;UNKNOWN
2016-04-29T01:37:20.000000;2016-04-29T01:37:20.000000;9191b71a-0c1c-4caf-8d27-13ef0f0ebf94;448.0;0.01620314;UNKNOWN
2016-04-29T01:37:24.000000;2016-04-29T01:37:24.000000;854e7c00-6476-4e74-9f0d-86514cfcaaa2;448.01;0.112;UNKNOWN
2016-04-29T01:37:36.000000;2016-04-29T01:37:36.000000;768ae445-b98a-4c47-8df4-646ce935f442;448.01;0.172;UNKNOWN
2016-04-29T01:38:12.000000;2016-04-29T01:38:12.000000;fe46eb1c-9dcc-4ab6-b178-42043501b399;448.01;0.118;UNKNOWN
2016-04-29T01:38:24.000000;2016-04-29T01:38:24.000000;2d5f1de9-634e-4a01-b735-4334daa3a1c8;448.01;0.23753615;UNKNOWN
2016-04-29T01:38:25.000000;2016-04-29T01:38:25.000000;32e80cd6-c144-432a-8483-1336d24f1966;448.01;0.13519551;UNKNOWN
2016-04-29T01:38:25.000000;2016-04-29T01:38:25.000000;eac6f2e1-ccf7-49a8-bf52-ac02c639f2d4;448.0;0.1;UNKNOWN
2016-04-29T01:38:53.000000;2016-04-29T01:38:53.000000;cb87f69e-e337-4be6-ad35-cd2fa7d7d40d;448.01;0.048;UNKNOWN
2016-04-29T01:39:14.000000;2016-04-29T01:39:14.000000;8979ead2-e08a-4549-814f-38c754231f55;448.0;0.04432;UNKNOWN
2016-04-29T01:39:41.000000;2016-04-29T01:39:41.000000;93f46270-424f-4dd1-a4c0-2ac53e6030e6;448.01;5.0;UNKNOWN
2016-04-29T01:39:44.000000;2016-04-29T01:39:44.000000;b578f8e7-12d7-4438-83dc-a10c3de3d90f;448.01;0.203;UNKNOWN
2016-04-29T01:39:54.000000;2016-04-29T01:39:54.000000;d52c276e-8ec6-4594-aea6-5d4095592152;448.0;0.05367878;UNKNOWN
2016-04-29T01:40:24.000000;2016-04-29T01:40:24.000000;75b406b3-c67d-4c8f-8bec-5e93436c5c05;448.0;0.08946464;UNKNOWN
2016-04-29T01:40:34.000000;2016-04-29T01:40:34.000000;8d32c8f0-5278-40a0-a2fa-2ff1c6d1b3ae;448.01;0.047;UNKNOWN
2016-04-29T01:40:40.000000;2016-04-29T01:40:40.000000;b2795f52-f99a-4b1b-b683-fa1baaa510be;448.0;0.04473972;UNKNOWN
2016-04-29T01:41:09.000000;2016-04-29T01:41:09.000000;2b98fced-7fe7-4915-b2c5-6ec97ebb09f8;448.01;0.113;UNKNOWN
2016-04-29T01:41:44.000000;2016-04-29T01:41:44.000000;5e4e5187-1ec8-4fe6-acca-96118127adc8;448.0;0.04473232;UNKNOWN
2016-04-29T01:41:44.000000;2016-04-29T01:41:44.000000;0e689394-c68d-49cc-9214-4d9299aa3b16;448.0;0.32430933;UNKNOWN
2016-04-29T01:42:07.000000;2016-04-29T01:42:07.000000;477245d6-d1c8-48bf-ad7d-6a01b7fe4677;448.01;0.021;UNKNOWN
2016-04-29T01:43:33.000000;2016-04-29T01:43:33.000000;2d9eb0eb-ef0e-43cf-81c6-aab02ce53b7f;448.01;0.037;UNKNOWN
2016-04-29T01:44:21.000000;2016-04-29T01:44:21.000000;e3f9b78e-3723-4bbd-b700-79b52e0205cc;448.01;0.014;UNKNOWN
2016-04-29T01:44:48.000000;2016-04-29T01:44:48.000000;9802ef0b-8673-48a0-908b-3ea808ef22eb;448.0;0.13658514;UNKNOWN
2016-04-29T01:44:50.000000;2016-04-29T01:44:50.000000;85eb1acd-dc91-4664-ab14-a61087c6b85d;448.0;0.06674078;UNKNOWN
2016-04-29T01:44:51.000000;2016-04-29T01:44:51.000000;e741cfa7-ce77-48e6-86f9-8b91a12f8dc5;448.0;0.38927619;UNKNOWN
2016-04-29T01:45:35.000000;2016-04-29T01:45:35.000000;b4369bf2-df98-4576-8197-333a599092a3;448.01;0.0213;UNKNOWN
2016-04-29T01:45:54.000000;2016-04-29T01:45:54.000000;e6a7766a-8d34-41ab-a78f-b5ebbdcc3b45;448.0;0.0195;UNKNOWN
2016-04-29T01:46:11.000000;2016-04-29T01:46:11.000000;5d025385-609d-4600-b94b-ad7bba4d39b5;448.01;0.0114;UNKNOWN
2016-04-29T01:46:16.000000;2016-04-29T01:46:16.000000;c0356df6-a230-47ad-90ba-e683b7b54285;448.0;0.61059619;UNKNOWN
2016-04-29T01:46:29.000000;2016-04-29T01:46:29.000000;453d0119-adf4-4c71-b3f6-0b89d8f63843;448.01;0.0111;UNKNOWN
2016-04-29T01:47:36.000000;2016-04-29T01:47:36.000000;93bdc876-a14e-43cd-9cfd-85d4908f4619;448.0;0.04473232;UNKNOWN
2016-04-29T01:49:03.000000;2016-04-29T01:49:03.000000;f734fc93-d65d-4a7f-a88d-c21b90d54b28;448.0;0.75;UNKNOWN
2016-04-29T01:49:57.000000;2016-04-29T01:49:57.000000;dcc4c695-dd79-4611-9809-d34f9c314dba;448.01;2.0;UNKNOWN
2016-04-29T01:50:24.000000;2016-04-29T01:50:24.000000;64999da1-4746-4223-b88e-d372f667f7cc;448.0;0.13419696;UNKNOWN
2016-04-29T01:51:07.000000;2016-04-29T01:51:07.000000;df78288a-cc83-474a-a4dd-1595185866ae;448.0;0.14419283;UNKNOWN
2016-04-29T01:51:20.000000;2016-04-29T01:51:20.000000;0a83ba85-c1a8-4bc5-9179-74ac692bf416;448.0;0.13586384;UNKNOWN
2016-04-29T01:51:22.000000;2016-04-29T01:51:22.000000;44ff4f9b-c6ed-475f-94a9-8c09626413e7;448.0;0.13586384;UNKNOWN
2016-04-29T01:51:25.000000;2016-04-29T01:51:25.000000;162612d6-958c-4613-8185-4c3ce4b04b7e;448.0;0.02019165;UNKNOWN
2016-04-29T01:51:43.000000;2016-04-29T01:51:43.000000;b642ea02-b885-4a7e-9f95-bd95ed58a597;448.0;0.14419283;UNKNOWN
2016-04-29T01:51:43.000000;2016-04-29T01:51:43.000000;7f8e92c6-aa3d-4c78-9f22-a5c0412a7b74;448.0;0.09679451;UNKNOWN
2016-04-29T01:51:44.000000;2016-04-29T01:51:44.000000;03949f40-bd81-4922-a7f0-53e5769e8432;448.0;0.144424;UNKNOWN
2016-04-29T01:51:45.000000;2016-04-29T01:51:45.000000;b8ed4982-aa77-48a8-8fc6-e78e5ab7a486;448.0;0.14419283;UNKNOWN
2016-04-29T01:51:45.000000;2016-04-29T01:51:45.000000;7f51f70f-e14d-45c6-bfe2-82cd60d83edf;448.0;0.07733081;UNKNOWN
2016-04-29T01:51:47.000000;2016-04-29T01:51:47.000000;a14cc69e-f2f1-48fc-8e07-4428221cee17;448.0;0.09164526;UNKNOWN
2016-04-29T01:52:08.000000;2016-04-29T01:52:08.000000;07df866f-e628-4d98-b632-0367cf31ebdd;448.0;0.4;UNKNOWN
2016-04-29T01:52:16.000000;2016-04-29T01:52:16.000000;d54ac2c1-273e-4c00-83e2-94d0d44a0205;448.0;0.06;UNKNOWN
2016-04-29T01:52:41.000000;2016-04-29T01:52:41.000000;0ddee5e5-693e-48ac-bd4a-027ac6f11fe1;448.01;0.05270794;UNKNOWN
2016-04-29T01:52:44.000000;2016-04-29T01:52:44.000000;d41807ee-9f28-4b8f-b5db-245aa72dd02c;448.01;0.05270794;UNKNOWN
2016-04-29T01:52:47.000000;2016-04-29T01:52:47.000000;852ba70f-91c3-4cca-a7f3-0e8d16e0199b;448.01;0.05270794;UNKNOWN
2016-04-29T01:52:51.000000;2016-04-29T01:52:51.000000;803955f9-72f0-4140-bad3-5c5e253492e0;448.01;0.05270794;UNKNOWN
2016-04-29T01:52:54.000000;2016-04-29T01:52:54.000000;30ecb407-0e12-4568-bc5b-14c6ab8f1f0b;448.01;0.05270794;UNKNOWN
2016-04-29T01:52:59.000000;2016-04-29T01:52:59.000000;89cc5f5c-e88f-4923-a2ce-5147726c17b5;448.01;0.05270794;UNKNOWN
2016-04-29T01:53:02.000000;2016-04-29T01:53:02.000000;dd29136a-062b-45ca-80af-3f1e9990f82a;448.01;0.05270794;UNKNOWN
2016-04-29T01:53:05.000000;2016-04-29T01:53:05.000000;c60b988e-3dbd-4b69-ad5f-240e4c300aee;448.01;0.05270794;UNKNOWN
2016-04-29T01:53:08.000000;2016-04-29T01:53:08.000000;04460d08-c1e6-449f-84b1-6197f7dd013c;448.01;0.05270794;UNKNOWN
2016-04-29T01:53:16.000000;2016-04-29T01:53:16.000000;17bda9cd-c38b-458d-bc42-97c0002e3d9a;448.01;0.24351;UNKNOWN
2016-04-29T01:53:30.000000;2016-04-29T01:53:30.000000;f0e4546b-af70-4186-8ff5-b3b42cdbe979;448.0;9.73294715;UNKNOWN
2016-04-29T01:53:30.000000;2016-04-29T01:53:30.000000;70f2fa75-9d75-4747-abee-5e46e96ebac9;448.0;0.1001;UNKNOWN
2016-04-29T01:53:30.000000;2016-04-29T01:53:30.000000;fbba608a-bf05-492f-86b3-729732cc9740;448.0;0.16695285;UNKNOWN
2016-04-29T01:53:41.000000;2016-04-29T01:53:41.000000;07bd39f8-1aa0-4b2b-b03b-0935a16488af;448.0;2.0;UNKNOWN
2016-04-29T01:55:30.000000;2016-04-29T01:55:30.000000;15cc7bc0-950a-4e37-9ef9-0bf4ff0441f0;448.0;0.09560462;UNKNOWN
2016-04-29T01:56:10.000000;2016-04-29T01:56:10.000000;ccea0f96-54e4-45e3-8e89-630703aa2fc2;448.01;0.033614;UNKNOWN
2016-04-29T01:56:32.000000;2016-04-29T01:56:32.000000;eb5f2f89-11fd-4947-9096-3a98cdab2c1b;448.01;40.51297288;UNKNOWN
2016-04-29T01:56:56.000000;2016-04-29T01:56:56.000000;7872af04-25a8-4a63-b406-72df0b7e47af;448.02;0.01;UNKNOWN
2016-04-29T01:57:01.000000;2016-04-29T01:57:01.000000;ee7fe3b6-2640-4bcd-85c8-3f3fa688e9d3;448.02;0.01;UNKNOWN
2016-04-29T01:57:04.000000;2016-04-29T01:57:04.000000;d28b6614-8c56-4ceb-80e2-edfb703935c5;448.02;0.01;UNKNOWN
2016-04-29T01:57:06.000000;2016-04-29T01:57:06.000000;10a5fe4b-cdb9-4da0-a6a3-fc4efdefc869;448.02;0.01;UNKNOWN
2016-04-29T01:57:06.000000;2016-04-29T01:57:06.000000;4c5e7b6b-5aaf-409e-a1fa-b1f663868a08;448.02;0.09068509;UNKNOWN
2016-04-29T01:57:07.000000;2016-04-29T01:57:07.000000;25d14c13-eef6-4246-ae9f-faaecaadf756;448.02;0.14829777;UNKNOWN
2016-04-29T01:59:10.000000;2016-04-29T01:59:10.000000;36e29acb-99ea-4c9d-a5c2-a17f3b07d933;448.03;0.02232;UNKNOWN
2016-04-29T01:59:51.000000;2016-04-29T01:59:51.000000;8529a89d-7cec-4fdf-b7de-176b7131f180;448.03;0.01;UNKNOWN
2016-04-29T01:59:53.000000;2016-04-29T01:59:53.000000;6cb2be33-ece6-4311-af8c-f6d88ece80a3;448.02;0.01;UNKNOWN
2016-04-29T02:00:47.000000;2016-04-29T02:00:47.000000;ac81b876-c330-4b3b-a35f-1d916854fefd;448.18;0.0111;UNKNOWN
2016-04-29T02:00:51.000000;2016-04-29T02:00:51.000000;12e40264-c7ce-464c-b24f-3222c1ed4f4e;448.17;2.6637;UNKNOWN
2016-04-29T02:01:09.000000;2016-04-29T02:01:09.000000;d144211a-06e9-45b0-b9e0-e251983e1576;448.18;0.0136;UNKNOWN
2016-04-29T02:01:15.000000;2016-04-29T02:01:15.000000;1f3dc199-c7c9-4e05-8432-6960a07d8ae4;448.17;0.02967583;UNKNOWN
2016-04-29T02:01:26.000000;2016-04-29T02:01:26.000000;8b389118-ec2e-4442-a5bd-00f2e4e9518d;448.18;0.44;UNKNOWN
2016-04-29T02:01:36.000000;2016-04-29T02:01:36.000000;4cbd3562-6f0d-4f38-aac9-8b4902eca1df;448.18;1.0;UNKNOWN
2016-04-29T02:02:04.000000;2016-04-29T02:02:04.000000;08fbf2fe-11eb-40d6-bc23-d8936a3997b9;448.03;0.05094396;UNKNOWN
2016-04-29T02:02:09.000000;2016-04-29T02:02:09.000000;7fc15e99-6295-4b34-b931-bfb4b33c39fc;448.03;0.05094396;UNKNOWN
2016-04-29T02:02:10.000000;2016-04-29T02:02:10.000000;6bee1788-1f13-402f-840b-5ac84e568da7;448.03;0.03367144;UNKNOWN
2016-04-29T02:02:11.000000;2016-04-29T02:02:11.000000;a15dccfd-7009-4770-8abf-33483bc476f2;448.03;0.14574543;UNKNOWN
2016-04-29T02:02:19.000000;2016-04-29T02:02:19.000000;1d74bffe-c5c0-4050-b7e7-e09380e3388a;448.03;0.05094396;UNKNOWN
2016-04-29T02:02:23.000000;2016-04-29T02:02:23.000000;dd324065-b6a9-43e5-b08f-01de20b77966;448.03;0.14574543;UNKNOWN
2016-04-29T02:02:25.000000;2016-04-29T02:02:25.000000;56235ff0-4e64-4c53-9855-f383997b34f4;448.02;1.0;UNKNOWN
2016-04-29T02:02:28.000000;2016-04-29T02:02:28.000000;b435d00e-ee48-4c0a-ba23-dd53d80478ac;448.03;0.05094396;UNKNOWN
2016-04-29T02:02:34.000000;2016-04-29T02:02:34.000000;f81dee0d-db34-4611-a0c9-d0fd714b1f13;448.03;0.05094396;UNKNOWN
2016-04-29T02:02:40.000000;2016-04-29T02:02:40.000000;c9d574ad-7de7-4205-9b9f-bdfffc40ca65;448.03;0.05094396;UNKNOWN
2016-04-29T02:02:46.000000;2016-04-29T02:02:46.000000;f6893305-a5b8-4dd9-8af8-81ab1d6f3aae;448.03;0.05094396;UNKNOWN
2016-04-29T02:02:51.000000;2016-04-29T02:02:51.000000;d128bcc9-66fb-4a7a-b711-03128bfc11d8;448.03;0.05094396;UNKNOWN
2016-04-29T02:02:57.000000;2016-04-29T02:02:57.000000;7cd82b4f-fdd8-464f-9111-135d8f93987e;448.03;0.05094396;UNKNOWN
2016-04-29T02:03:16.000000;2016-04-29T02:03:16.000000;3c729eb7-e347-4e1b-9103-07bea40adf54;448.2;0.011;UNKNOWN
2016-04-29T02:03:33.000000;2016-04-29T02:03:33.000000;d6868f4c-f745-4735-a8a4-19d53a8061af;448.04;0.05006203;UNKNOWN
2016-04-29T02:03:37.000000;2016-04-29T02:03:37.000000;a135f26e-cd8f-4b7d-86f6-a5dfb3ea16e7;448.04;0.05006203;UNKNOWN
2016-04-29T02:03:41.000000;2016-04-29T02:03:41.000000;59b66ec7-a08a-45a8-beab-2b5f6d3f16fa;448.04;0.05006203;UNKNOWN
2016-04-29T02:03:45.000000;2016-04-29T02:03:45.000000;ab854118-43ab-4687-b581-21464c6eaded;448.04;0.05006203;UNKNOWN
2016-04-29T02:04:13.000000;2016-04-29T02:04:13.000000;444c22f1-d732-411a-9411-4eac396ab213;448.04;0.05006;UNKNOWN
2016-04-29T02:04:15.000000;2016-04-29T02:04:15.000000;2548dbf7-5eb7-4a20-bb28-c0099d3c6f40;448.04;0.259;UNKNOWN
2016-04-29T02:04:20.000000;2016-04-29T02:04:20.000000;1e8aab75-5faa-4eb3-ab16-efe15d8f17b3;448.03;0.18011208;UNKNOWN
2016-04-29T02:04:20.000000;2016-04-29T02:04:20.000000;e8caf20e-bfbf-4ef0-b39e-86a057432ec4;448.03;0.05094396;UNKNOWN
2016-04-29T02:04:20.000000;2016-04-29T02:04:20.000000;75ee6ca2-bebe-4e0a-8da7-e6c8d3ab5c8a;448.03;0.218;UNKNOWN
2016-04-29T02:04:20.000000;2016-04-29T02:04:20.000000;5e40b69e-b488-489e-9239-65cd355c6a21;448.03;0.05094396;UNKNOWN
2016-04-29T02:04:23.000000;2016-04-29T02:04:23.000000;0027ceb8-1391-4ed3-9861-00623d8d928d;448.04;0.05006203;UNKNOWN
2016-04-29T02:04:26.000000;2016-04-29T02:04:26.000000;22d9ec0b-de4a-4f10-adc1-c7a00b52543a;448.04;0.05006203;UNKNOWN
2016-04-29T02:04:26.000000;2016-04-29T02:04:26.000000;b40c8022-f864-45e0-80fd-1d91e2095f96;448.04;0.259;UNKNOWN
2016-04-29T02:04:30.000000;2016-04-29T02:04:30.000000;dbd58cea-7155-4d1a-9b10-9c40021bb7dc;448.04;0.05006203;UNKNOWN
2016-04-29T02:04:33.000000;2016-04-29T02:04:33.000000;3efdb24b-65c1-44e0-8dc4-897b9fcd9d63;448.04;0.05006203;UNKNOWN
2016-04-29T02:04:36.000000;2016-04-29T02:04:36.000000;291574dd-3dc3-41fc-82ea-70b05f2fb108;448.04;0.05006203;UNKNOWN
2016-04-29T02:04:36.000000;2016-04-29T02:04:36.000000;21c22457-efde-4c14-bc63-dc73d8a22036;448.04;0.259;UNKNOWN
2016-04-29T02:04:39.000000;2016-04-29T02:04:39.000000;1b69ab9c-b67a-4efa-9539-10a85478dee1;448.04;0.05006203;UNKNOWN
2016-04-29T02:04:42.000000;2016-04-29T02:04:42.000000;4735502a-3fa9-40dc-872f-5eccbd3547f1;448.04;0.05006203;UNKNOWN
2016-04-29T02:04:45.000000;2016-04-29T02:04:45.000000;a3050095-225d-4a8f-a517-38d3b9182bb3;448.04;0.05006203;UNKNOWN
2016-04-29T02:04:45.000000;2016-04-29T02:04:45.000000;2fb78988-a58f-400b-8c00-ea3ccecbd57d;448.04;0.259;UNKNOWN
2016-04-29T02:04:47.000000;2016-04-29T02:04:47.000000;6e59f6bc-9313-4a6f-8f73-0f89a83d1f2c;448.04;0.05006203;UNKNOWN
2016-04-29T02:04:50.000000;2016-04-29T02:04:50.000000;b3c79975-de47-4c7f-baf8-f1b824dbce90;448.04;0.05006203;UNKNOWN
2016-04-29T02:04:53.000000;2016-04-29T02:04:53.000000;e14673e9-b477-4aba-9d74-fe96ce78b519;448.04;0.05006203;UNKNOWN
2016-04-29T02:04:54.000000;2016-04-29T02:04:54.000000;998be271-c9e2-4da4-a5ec-ea2bc7b4d3dd;448.04;0.05006;UNKNOWN
2016-04-29T02:04:57.000000;2016-04-29T02:04:57.000000;db718ef5-f1a5-40eb-9f6a-db1d4e4b9f07;448.04;0.05006203;UNKNOWN
2016-04-29T02:05:02.000000;2016-04-29T02:05:02.000000;5b752e64-b13e-4b7d-a568-e0d0204cf529;448.04;0.05006203;UNKNOWN
2016-04-29T02:05:07.000000;2016-04-29T02:05:07.000000;7f5df381-702e-46da-a626-b182bb3ce828;448.04;0.05006203;UNKNOWN
2016-04-29T02:05:12.000000;2016-04-29T02:05:12.000000;f0d9a99a-b52c-4eab-bf9d-88c11a4ee559;448.04;0.05006203;UNKNOWN
2016-04-29T02:05:16.000000;2016-04-29T02:05:16.000000;e088b72e-b676-4831-84ba-59f87d7acfce;448.04;0.05006203;UNKNOWN
2016-04-29T02:06:01.000000;2016-04-29T02:06:01.000000;377ff8f3-2ec1-482c-9d0b-439dd400cb02;448.04;0.0141;UNKNOWN
2016-04-29T02:06:31.000000;2016-04-29T02:06:31.000000;d405bdae-817e-4766-a899-ea600fec34e0;448.03;0.19211208;UNKNOWN
2016-04-29T02:06:31.000000;2016-04-29T02:06:31.000000;4e4fe58c-5973-44e5-8026-987950919c0a;448.03;0.03788792;UNKNOWN
2016-04-29T02:07:35.000000;2016-04-29T02:07:35.000000;a97c1b8d-d67d-4211-96aa-d8c428c9a6b2;448.04;0.01411;UNKNOWN
2016-04-29T02:07:44.000000;2016-04-29T02:07:44.000000;eba9ceba-e6e9-4e88-8391-078ac9c0c865;448.03;0.02588792;UNKNOWN
2016-04-29T02:07:44.000000;2016-04-29T02:07:44.000000;3c9ffce4-e8e3-4f93-bf5a-3bbb59809272;448.03;0.15526586;UNKNOWN
2016-04-29T02:08:31.000000;2016-04-29T02:08:31.000000;0532ee20-f021-4fe1-be0c-6df2c7670c6b;448.04;0.01411;UNKNOWN
2016-04-29T02:13:14.000000;2016-04-29T02:13:14.000000;5d76dd4f-731b-4638-875f-1ac3e323e20c;448.16;0.06252244;UNKNOWN
2016-04-29T02:13:38.000000;2016-04-29T02:13:38.000000;380c1c01-dd8e-4316-ac60-51f0fa93fb7a;448.16;12.25347756;UNKNOWN
2016-04-29T02:14:16.000000;2016-04-29T02:14:16.000000;6ecbab93-daa3-461e-991b-98f549a8166c;448.03;0.0911905;UNKNOWN
2016-04-29T02:14:16.000000;2016-04-29T02:14:16.000000;47d1832b-c3d8-4450-9809-ad02c4c6eb99;448.03;0.1317478;UNKNOWN
2016-04-29T02:14:16.000000;2016-04-29T02:14:16.000000;63f8b65b-65f7-45fa-9a0b-f58a7f77b31d;448.03;0.218;UNKNOWN
2016-04-29T02:14:16.000000;2016-04-29T02:14:16.000000;71aad7bb-6d68-4fd6-899d-67c293a4cf6f;448.03;0.219;UNKNOWN
2016-04-29T02:15:08.000000;2016-04-29T02:15:08.000000;d8472603-7ffc-4eba-9313-09f0e6e78220;448.04;1.9369;UNKNOWN
2016-04-29T02:16:13.000000;2016-04-29T02:16:13.000000;6aedbe32-fba0-4195-9ff8-4118a2cfe537;448.04;0.781165;UNKNOWN
2016-04-29T02:16:16.000000;2016-04-29T02:16:16.000000;783a9ef6-7398-4d74-a8b6-98f736e83ba6;448.03;0.048086;UNKNOWN
2016-04-29T02:18:01.000000;2016-04-29T02:18:01.000000;d1281c27-fd05-4725-ba5b-8fdf84b35fdd;448.03;0.14492315;UNKNOWN
2016-04-29T02:18:01.000000;2016-04-29T02:18:01.000000;2a176aef-92f1-4ef4-aedb-3daa7af69c15;448.03;0.0787235;UNKNOWN
2016-04-29T02:18:02.000000;2016-04-29T02:18:02.000000;4d99eea1-e670-4fbd-a5d0-21561e77c102;448.04;17.0;UNKNOWN
2016-04-29T02:18:12.000000;2016-04-29T02:18:12.000000;c91552a1-5c07-422d-8218-56b794acd4e3;448.03;0.07307685;UNKNOWN
2016-04-29T02:18:12.000000;2016-04-29T02:18:12.000000;35c92efa-02be-498a-9e0b-318c53358833;448.03;0.219;UNKNOWN
2016-04-29T02:18:12.000000;2016-04-29T02:18:12.000000;9d3432d4-69b2-4aae-8fcd-dcd06881aec0;448.03;0.219;UNKNOWN
2016-04-29T02:18:16.000000;2016-04-29T02:18:16.000000;1cf865b9-2c47-4cb3-a72e-c86b18f62b39;448.02;0.04500366;UNKNOWN
2016-04-29T02:18:53.000000;2016-04-29T02:18:53.000000;5a00819e-2167-44c5-8610-5a38a1177064;448.03;0.15577164;UNKNOWN
2016-04-29T02:18:56.000000;2016-04-29T02:18:56.000000;d15dae02-54f8-4a0b-967c-02b168aa64d1;448.03;0.14817169;UNKNOWN
2016-04-29T02:18:59.000000;2016-04-29T02:18:59.000000;b5a64978-f7de-4fc3-b837-6e6615f379f9;448.03;0.14817169;UNKNOWN
2016-04-29T02:19:46.000000;2016-04-29T02:19:46.000000;c6340cc2-47de-4cce-b4b5-0ca6d27fecfc;448.03;0.01;UNKNOWN
2016-04-29T02:20:06.000000;2016-04-29T02:20:06.000000;c50a9f14-e9ed-4ea4-8765-f66ed1c146a1;448.02;0.37586589;UNKNOWN
2016-04-29T02:23:20.000000;2016-04-29T02:23:20.000000;843636d5-3324-4316-aef9-f6620bb7e038;448.01;0.03466599;UNKNOWN
2016-04-29T02:25:27.000000;2016-04-29T02:25:27.000000;74890729-65b5-446f-9638-dd86304f6400;448.01;0.10583419;UNKNOWN
2016-04-29T02:32:00.000000;2016-04-29T02:32:00.000000;2923035e-3109-4c20-ba46-e32c042eace5;448.01;4.49337306;UNKNOWN
2016-04-29T02:32:00.000000;2016-04-29T02:32:00.000000;f28aca5e-5cc4-4ac7-8b4e-cfb54087ee91;448.01;19.34652694;UNKNOWN
2016-04-29T02:32:35.000000;2016-04-29T02:32:35.000000;46689d62-97dc-4ea0-b924-7a846ac98114;448.02;0.0254;UNKNOWN
2016-04-29T02:32:52.000000;2016-04-29T02:32:52.000000;d2f8e11c-228f-49e6-af62-f44fc48ab8ef;448.02;8.0;UNKNOWN
2016-04-29T02:36:09.000000;2016-04-29T02:36:09.000000;1aed9dce-786e-4201-bc31-88734e0503a2;448.02;0.72607257;UNKNOWN
2016-04-29T02:37:49.000000;2016-04-29T02:37:49.000000;b3a70f4a-c997-4be2-834e-9a583e66f6f9;448.41;0.01;UNKNOWN
2016-04-29T02:38:52.000000;2016-04-29T02:38:52.000000;b7570924-efae-406d-82ca-a87869424a27;448.41;0.0705;UNKNOWN
2016-04-29T02:39:23.000000;2016-04-29T02:39:23.000000;fa856dea-6494-4db2-ae83-2dc56a57dfc6;448.41;0.23596265;UNKNOWN
2016-04-29T02:39:24.000000;2016-04-29T02:39:24.000000;27ede82c-7f7e-4e9d-ab8c-bb54236e13ef;448.41;0.8869638;UNKNOWN
2016-04-29T02:39:38.000000;2016-04-29T02:39:38.000000;e4421594-81ad-45ac-adbf-deb36694e1bd;448.41;5.40907355;UNKNOWN
2016-04-29T02:41:49.000000;2016-04-29T02:41:49.000000;d5eb0cc1-27a5-47fc-8b0c-47483fe7b40f;448.7;0.07;UNKNOWN
2016-04-29T02:42:32.000000;2016-04-29T02:42:32.000000;25be07f2-eab7-4bb5-b453-d07a768b07ff;448.7;0.0554;UNKNOWN
2016-04-29T02:44:16.000000;2016-04-29T02:44:16.000000;4d8768d9-db53-4e3a-b66f-206c1aa4455b;448.69;0.04466353;UNKNOWN
2016-04-29T02:46:48.000000;2016-04-29T02:46:48.000000;7364db0f-c020-4575-b39e-c84e7a624ef1;448.9;0.02685024;UNKNOWN
2016-04-29T02:46:48.000000;2016-04-29T02:46:48.000000;cc6b7d8b-6d13-4305-bd58-9c2af839877a;448.9;0.01;UNKNOWN
2016-04-29T02:46:48.000000;2016-04-29T02:46:48.000000;ff6c8ccc-837e-47a8-b63b-3bd8ee9a014a;448.7;3.00744568;UNKNOWN
2016-04-29T02:47:04.000000;2016-04-29T02:47:04.000000;3a4415a9-5d91-40fb-b0bd-231b669a7598;448.89;0.031038;UNKNOWN
2016-04-29T02:47:08.000000;2016-04-29T02:47:08.000000;0b71b435-af48-4f62-92b7-7a94f9a4c50f;448.9;0.17314976;UNKNOWN
2016-04-29T02:47:29.000000;2016-04-29T02:47:29.000000;b48d57a4-3339-4de0-96f9-c7d5f1a768cf;448.95;0.1;UNKNOWN
2016-04-29T02:48:16.000000;2016-04-29T02:48:16.000000;c0d49a43-6c0a-4bf0-8c14-22139d8b38e8;448.98;0.04912988;UNKNOWN
2016-04-29T02:48:58.000000;2016-04-29T02:48:58.000000;e4cf725b-9eac-4f3d-91ed-64ee0f675373;448.98;0.01;UNKNOWN
2016-04-29T02:49:08.000000;2016-04-29T02:49:08.000000;6a3862f4-217b-4b41-afc0-b55a2a13d17e;448.99;0.1;UNKNOWN
2016-04-29T02:49:14.000000;2016-04-29T02:49:14.000000;aab9e099-9ef0-4543-a380-bf81860df735;448.98;0.04467285;UNKNOWN
2016-04-29T02:50:17.000000;2016-04-29T02:50:17.000000;dbacdcd0-55d5-42be-afe9-4559e15689e8;448.99;0.5;UNKNOWN
2016-04-29T02:52:16.000000;2016-04-29T02:52:16.000000;ee283cd8-93d2-4032-83a1-bde3e8d9d3c3;448.98;0.09018556;UNKNOWN
2016-04-29T02:53:36.000000;2016-04-29T02:53:36.000000;caf6baaa-15cf-4ee4-af72-303e157ab355;448.98;0.11605018;UNKNOWN
2016-04-29T02:54:24.000000;2016-04-29T02:54:24.000000;21747f0a-33a8-4395-a350-db42cd9cf30c;448.98;0.09103574;UNKNOWN
2016-04-29T02:55:14.000000;2016-04-29T02:55:14.000000;ac4e326f-08e2-446c-8908-1724e8af768e;448.98;0.15526;UNKNOWN
2016-04-29T02:57:01.000000;2016-04-29T02:57:01.000000;53bfe11c-9405-4b33-b0df-67155b73b9e0;448.99;1.015;UNKNOWN
2016-04-29T02:58:50.000000;2016-04-29T02:58:50.000000;655bcd7b-9877-43ab-a13a-7fac4fe1f728;448.99;0.31522115;UNKNOWN
2016-04-29T02:58:54.000000;2016-04-29T02:58:54.000000;e24f978d-f30a-4ed0-876c-32dd2989c6dc;448.99;0.921;UNKNOWN
2016-04-29T02:59:14.000000;2016-04-29T02:59:14.000000;713d93f2-0d9a-4cb7-9191-f6f55cc01650;448.98;0.56840716;UNKNOWN
2016-04-29T03:00:40.000000;2016-04-29T03:00:40.000000;d750aac6-8a1d-4531-8711-84399579704a;448.98;0.02231734;UNKNOWN
2016-04-29T03:00:52.000000;2016-04-29T03:00:52.000000;142cf043-b465-442d-b506-54a2db88ce4a;448.98;0.3563;UNKNOWN
2016-04-29T03:01:05.000000;2016-04-29T03:01:05.000000;96702769-b3fe-470b-bbf2-d41bb9412926;448.99;0.01;UNKNOWN
2016-04-29T03:01:24.000000;2016-04-29T03:01:24.000000;95af7bf2-1cdd-40ee-b73f-5bfcd5a28793;448.98;0.3592;UNKNOWN
2016-04-29T03:05:04.000000;2016-04-29T03:05:04.000000;07613dec-25d7-4a9f-85c9-70a6f2e84a55;448.98;0.02151784;UNKNOWN
2016-04-29T03:05:04.000000;2016-04-29T03:05:04.000000;a124318c-86ca-40fa-81bd-452193ae14d0;448.98;0.03327;UNKNOWN
2016-04-29T03:05:14.000000;2016-04-29T03:05:14.000000;9d89c7d8-71fd-4d75-af01-820c1a33af00;448.98;0.6645;UNKNOWN
2016-04-29T03:08:38.000000;2016-04-29T03:08:38.000000;99953713-6ce7-4325-a4af-20efe589435a;448.98;0.18537257;UNKNOWN
2016-04-29T03:08:49.000000;2016-04-29T03:08:49.000000;adb7580b-efd5-4aef-b381-35b8c355b25e;448.98;0.0152794;UNKNOWN
2016-04-29T03:08:51.000000;2016-04-29T03:08:51.000000;13c59d29-45e8-414e-86bc-3f590b714dec;448.98;8.7947206;UNKNOWN
2016-04-29T03:08:51.000000;2016-04-29T03:08:51.000000;3444fb1d-5676-4ff1-b882-a294e349dff4;448.98;15.85012379;UNKNOWN
2016-04-29T03:10:17.000000;2016-04-29T03:10:17.000000;e092e6cf-4f48-40bd-88af-746ece0180a7;448.19;0.22317343;UNKNOWN
2016-04-29T03:13:07.000000;2016-04-29T03:13:07.000000;b2045b36-13ba-48a4-81e2-3c9becb51d78;448.73;1.2163;UNKNOWN
2016-04-29T03:13:07.000000;2016-04-29T03:13:07.000000;5c704133-484c-4212-9af3-6bb83bbe328c;448.74;6.6037;UNKNOWN
2016-04-29T03:13:07.000000;2016-04-29T03:13:07.000000;260262c7-8ce2-464b-9d68-6ae809f8c7c6;448.74;0.218;UNKNOWN
2016-04-29T03:13:07.000000;2016-04-29T03:13:07.000000;7481542a-2d12-4a46-a071-befae77b7250;448.74;0.218;UNKNOWN
2016-04-29T03:13:07.000000;2016-04-29T03:13:07.000000;eac7e80c-0ca5-430d-b9a8-6c967bc146b4;448.74;0.217;UNKNOWN
2016-04-29T03:13:07.000000;2016-04-29T03:13:07.000000;b3355441-c6fc-46e4-bd59-dbba5267a739;448.74;0.217;UNKNOWN
2016-04-29T03:13:07.000000;2016-04-29T03:13:07.000000;fb37361a-bd20-4036-9728-9246d2b139fa;448.74;0.219;UNKNOWN
2016-04-29T03:13:07.000000;2016-04-29T03:13:07.000000;ce3526b5-550d-46dd-8ad3-3bd3a7600721;448.74;0.218;UNKNOWN
2016-04-29T03:13:07.000000;2016-04-29T03:13:07.000000;482adafa-1ce5-4821-9a49-5c8a7dde4713;448.74;0.218;UNKNOWN
2016-04-29T03:13:07.000000;2016-04-29T03:13:07.000000;4347157b-3922-41c4-bd97-f94ad3fd4537;448.74;0.218;UNKNOWN
2016-04-29T03:13:07.000000;2016-04-29T03:13:07.000000;ee180c33-9368-464a-b982-cfc8b7bdc9b8;448.74;0.218;UNKNOWN
2016-04-29T03:13:07.000000;2016-04-29T03:13:07.000000;b086b79a-7288-499b-ba53-7f0afc771bb9;448.74;0.219;UNKNOWN
2016-04-29T03:13:37.000000;2016-04-29T03:13:37.000000;908f892e-4712-4e23-84ad-67d09750f33a;448.9;0.16656436;UNKNOWN
2016-04-29T03:13:38.000000;2016-04-29T03:13:38.000000;39d028ac-e5e1-466c-a8cb-dde0b6a6067b;448.9;0.16656436;UNKNOWN
2016-04-29T03:13:48.000000;2016-04-29T03:13:48.000000;6cd1249a-eed5-4788-86a6-2de745ff6c3d;448.88;0.04064673;UNKNOWN
2016-04-29T03:14:54.000000;2016-04-29T03:14:54.000000;f43ae18d-8a74-41c2-8231-9c223704cd4f;448.77;0.428;UNKNOWN
2016-04-29T03:15:31.000000;2016-04-29T03:15:31.000000;7bf1c2f7-2740-4801-b791-a6aa5bca5550;448.79;0.3696;UNKNOWN
2016-04-29T03:15:54.000000;2016-04-29T03:15:54.000000;edab525e-0c64-408c-b428-be9900fd02c5;448.8;0.1116414;UNKNOWN
2016-04-29T03:16:11.000000;2016-04-29T03:16:11.000000;571d7341-c3ce-4321-a8e7-1c55f2c90ff1;448.81;0.3756;UNKNOWN
2016-04-29T03:16:48.000000;2016-04-29T03:16:48.000000;0b2b5863-a754-41cb-acd9-c83e6e6bbae6;448.82;0.3515;UNKNOWN
2016-04-29T03:17:25.000000;2016-04-29T03:17:25.000000;0ce33e5b-b498-465b-af2a-9ceac8f30b39;448.84;0.3749;UNKNOWN
2016-04-29T03:18:04.000000;2016-04-29T03:18:04.000000;ca1426f5-7dc1-46b4-9f32-c51253f6c265;448.86;0.3879;UNKNOWN
2016-04-29T03:18:43.000000;2016-04-29T03:18:43.000000;1a8a36ea-54a1-42fb-a913-9df44c573b5d;448.87;0.3564;UNKNOWN
2016-04-29T03:18:52.000000;2016-04-29T03:18:52.000000;f12d359b-4ace-4bbe-9fbf-dd3572bb27ec;448.89;5.0;UNKNOWN
2016-04-29T03:18:58.000000;2016-04-29T03:18:58.000000;b1ff5bae-7b7b-400a-a2cb-a333ae307df8;448.88;5.0;UNKNOWN
2016-04-29T03:19:01.000000;2016-04-29T03:19:01.000000;6a0d0698-8a39-456c-a07d-1f2a8459698e;448.88;3.94;UNKNOWN
2016-04-29T03:19:01.000000;2016-04-29T03:19:01.000000;93c992e1-3b66-4792-aae0-6e3bea59e46a;448.8;1.06;UNKNOWN
2016-04-29T03:20:17.000000;2016-04-29T03:20:17.000000;c5fd49c4-af57-48fb-9092-f806ec1b8934;448.65;4.0;UNKNOWN
2016-04-29T03:20:49.000000;2016-04-29T03:20:49.000000;5a23e6d1-bf39-4c74-868a-aeec6449bb58;448.17;5.0;UNKNOWN
2016-04-29T03:20:55.000000;2016-04-29T03:20:55.000000;a0ea3be3-751f-4207-8416-dc278e562e85;448.17;5.0;UNKNOWN
2016-04-29T03:22:15.000000;2016-04-29T03:22:15.000000;89a788de-d30e-4203-9436-41134d8ec9ab;448.86;0.3;UNKNOWN
2016-04-29T03:22:56.000000;2016-04-29T03:22:56.000000;8ecfafcb-ee90-455f-8632-8b585369eb97;448.51;0.0547763;UNKNOWN
2016-04-29T03:23:09.000000;2016-04-29T03:23:09.000000;e4e9f3c6-4bdc-447b-ad3d-6c51d70dae9a;448.52;0.1005019;UNKNOWN
2016-04-29T03:23:14.000000;2016-04-29T03:23:14.000000;31fcd5f6-e3f9-4c69-99e6-f1801b1df786;448.49;0.03326379;UNKNOWN
2016-04-29T03:23:14.000000;2016-04-29T03:23:14.000000;2e89c48e-1dcc-4e78-8c72-dbe0062b333d;448.53;0.18645704;UNKNOWN
2016-04-29T03:23:34.000000;2016-04-29T03:23:34.000000;22ca6f4d-c3fb-4059-ac28-6e5bc2cc42dd;448.64;5.0;UNKNOWN
2016-04-29T03:24:04.000000;2016-04-29T03:24:04.000000;68dd01e0-1b19-4e00-8e10-6521d252616f;448.64;0.04;UNKNOWN
2016-04-29T03:24:05.000000;2016-04-29T03:24:05.000000;b586549d-35d2-4957-a4f0-9a8a60e614e9;448.64;0.59025975;UNKNOWN
2016-04-29T03:24:16.000000;2016-04-29T03:24:16.000000;022506cc-b21c-4816-a5ce-b26d203935bd;448.64;0.126369;UNKNOWN
2016-04-29T03:25:57.000000;2016-04-29T03:25:57.000000;9be2a7b6-b7a4-4d96-ba78-2a80e4d08cea;448.85;0.16658292;UNKNOWN
2016-04-29T03:25:59.000000;2016-04-29T03:25:59.000000;be6d87c4-a801-4da4-88db-e56736944ad8;448.85;0.16657274;UNKNOWN
2016-04-29T03:25:59.000000;2016-04-29T03:25:59.000000;f7ffe2fd-a076-4307-a45a-ee20af4d4c8f;448.85;0.10083416;UNKNOWN
2016-04-29T03:25:59.000000;2016-04-29T03:25:59.000000;b03c3d85-5f19-46ad-b70c-8ccce691d2ef;448.85;0.06601582;UNKNOWN
2016-04-29T03:25:59.000000;2016-04-29T03:25:59.000000;2037738c-983f-49af-8d0b-6459cf64a88c;448.85;0.16658292;UNKNOWN
2016-04-29T03:26:00.000000;2016-04-29T03:26:00.000000;a0e45d5a-5387-42ca-bd96-1a4a03190835;448.85;0.16657274;UNKNOWN
2016-04-29T03:26:00.000000;2016-04-29T03:26:00.000000;cf1d912b-94e7-4e36-bd1d-b71923447f84;448.85;0.16684627;UNKNOWN
2016-04-29T03:26:00.000000;2016-04-29T03:26:00.000000;3d6af8a1-abe0-42c3-8296-d46866d2baf8;448.85;0.02428112;UNKNOWN
2016-04-29T03:26:00.000000;2016-04-29T03:26:00.000000;8fb21b0b-106d-4001-af56-72585618a2cc;448.85;0.0237466;UNKNOWN
2016-04-29T03:26:01.000000;2016-04-29T03:26:01.000000;f3987625-ad23-483e-a0bc-0a6da664aa71;448.85;0.06006184;UNKNOWN
2016-04-29T03:26:01.000000;2016-04-29T03:26:01.000000;7c09849a-c480-4215-bcf6-061a2eb593fb;448.85;0.16656902;UNKNOWN
2016-04-29T03:26:01.000000;2016-04-29T03:26:01.000000;1c15b384-bec1-49a1-9fdc-ae955bf52a24;448.85;0.16684998;UNKNOWN
2016-04-29T03:26:01.000000;2016-04-29T03:26:01.000000;5c194d7d-74d9-41ea-81a5-2c719cc337c3;448.85;0.24988409;UNKNOWN
2016-04-29T03:27:03.000000;2016-04-29T03:27:03.000000;8f225cc7-0ac5-4ff1-b7b6-c25f07b43572;448.84;0.26757626;UNKNOWN
2016-04-29T03:27:36.000000;2016-04-29T03:27:36.000000;8f7ae4a8-a6ae-498d-9c94-b9f255455a40;448.49;0.0915684;UNKNOWN
2016-04-29T03:28:52.000000;2016-04-29T03:28:52.000000;0973669c-3e60-4b10-950f-ba12f613e832;448.84;0.89232148;UNKNOWN
2016-04-29T03:28:52.000000;2016-04-29T03:28:52.000000;3a0566c2-132f-4b12-afca-9092af2139b8;448.84;0.901829;UNKNOWN
2016-04-29T03:29:07.000000;2016-04-29T03:29:07.000000;ed5f9451-159d-4b2a-9ca2-607a76353923;448.84;0.192001;UNKNOWN
2016-04-29T03:30:14.000000;2016-04-29T03:30:14.000000;267dacc9-fc10-4568-afbb-6415d3699a60;448.48;0.12;UNKNOWN
2016-04-29T03:33:53.000000;2016-04-29T03:33:53.000000;7de7895c-841a-43b6-8084-ccbe0ffbc26d;448.74;0.16668489;UNKNOWN
2016-04-29T03:33:54.000000;2016-04-29T03:33:54.000000;bdf7491f-141f-4b9d-9216-bc487d1e8c21;448.74;0.1669484;UNKNOWN
2016-04-29T03:33:58.000000;2016-04-29T03:33:58.000000;db75e70c-a06a-4a2b-82d1-39b71e3c88ce;448.74;0.16668489;UNKNOWN
2016-04-29T03:33:58.000000;2016-04-29T03:33:58.000000;7fc22b6c-6890-42d6-9954-6ee37ec508a6;448.05;0.3535;UNKNOWN
2016-04-29T03:35:19.000000;2016-04-29T03:35:19.000000;053ca614-bd3d-46e6-920e-61dc058cec5b;448.05;0.0597;UNKNOWN
2016-04-29T03:36:25.000000;2016-04-29T03:36:25.000000;cdd63468-42e3-4977-8582-d59277fa2e6a;448.02;1.0;UNKNOWN
2016-04-29T03:36:28.000000;2016-04-29T03:36:28.000000;c5861f93-a230-44f0-b43b-d2ac74f0c91c;448.02;2.0;UNKNOWN
2016-04-29T03:36:40.000000;2016-04-29T03:36:40.000000;e8e32d91-56b4-4882-8c2f-a1066d55e447;448.02;0.97981454;UNKNOWN
2016-04-29T03:37:13.000000;2016-04-29T03:37:13.000000;ce6c1f2c-4230-44d4-ac96-3b96139c748e;448.56;0.240077;UNKNOWN
2016-04-29T03:38:48.000000;2016-04-29T03:38:48.000000;78bc54f5-1391-40cd-96ef-4a2280bc8b9a;448.0;0.3524;UNKNOWN
2016-04-29T03:39:26.000000;2016-04-29T03:39:26.000000;93a1342e-0c97-4511-892b-bc4856a657d8;448.0;0.3528;UNKNOWN
2016-04-29T03:39:34.000000;2016-04-29T03:39:34.000000;4cf09115-5343-4b39-a442-2b277c862219;448.0;5.0;UNKNOWN
2016-04-29T03:40:01.000000;2016-04-29T03:40:01.000000;a11538dc-6963-4144-81bb-293b9f01521e;448.0;0.3539;UNKNOWN
2016-04-29T03:40:03.000000;2016-04-29T03:40:03.000000;328de440-5cfa-4a5b-ab95-18626a1d65e8;448.31;0.06091996;UNKNOWN
2016-04-29T03:40:10.000000;2016-04-29T03:40:10.000000;c6e43f57-0255-42a6-b66a-2f822f534526;448.0;1.67834253;UNKNOWN
2016-04-29T03:40:10.000000;2016-04-29T03:40:10.000000;12ae7de5-e36d-4324-a566-cf378bc5cc6e;447.8;1.22165747;UNKNOWN
2016-04-29T03:40:10.000000;2016-04-29T03:40:10.000000;d9b68ace-056b-4e70-b099-df68ac5b20a6;448.0;0.1;UNKNOWN
2016-04-29T03:40:13.000000;2016-04-29T03:40:13.000000;0dc9650c-48dc-4802-a373-023b10feadd2;447.61;0.02;UNKNOWN
2016-04-29T03:40:13.000000;2016-04-29T03:40:13.000000;473c13bd-78ca-43f3-b679-78543129d954;447.6;4.98;UNKNOWN
2016-04-29T03:40:18.000000;2016-04-29T03:40:18.000000;e1de79f2-089c-46dc-8314-c692054f7bf3;447.6;0.01;UNKNOWN
2016-04-29T03:40:18.000000;2016-04-29T03:40:18.000000;2cbe7499-d7a9-448e-b5ee-a63c63097e76;447.6;0.73363208;UNKNOWN
2016-04-29T03:40:24.000000;2016-04-29T03:40:24.000000;616382fc-43d7-4b1d-ac44-920fb010ca07;447.6;0.05144101;UNKNOWN
2016-04-29T03:41:04.000000;2016-04-29T03:41:04.000000;8626274c-db3d-4923-91c0-c87f534d9a82;448.1;3.51472435;UNKNOWN
2016-04-29T03:41:45.000000;2016-04-29T03:41:45.000000;d5bbabc3-5b46-4bf5-b846-4a1f8a96ceb5;447.6;0.1677;UNKNOWN
2016-04-29T03:41:53.000000;2016-04-29T03:41:53.000000;ecdca373-6797-4215-85ef-5ecbd3627f7f;447.6;2.691e-05;UNKNOWN
2016-04-29T03:41:53.000000;2016-04-29T03:41:53.000000;acb19036-4223-43b5-8f86-c391797c237e;447.56;0.00997309;UNKNOWN
2016-04-29T03:41:58.000000;2016-04-29T03:41:58.000000;08f9932c-be6b-4b5c-b618-77ba7e2d74cd;447.44;3.13;UNKNOWN
2016-04-29T03:41:58.000000;2016-04-29T03:41:58.000000;ef35eb7b-2c7a-4831-89f2-e0e9296416ef;447.43;0.014423;UNKNOWN
2016-04-29T03:41:58.000000;2016-04-29T03:41:58.000000;24a3635c-2cd9-4f38-91a7-033a2426582a;447.34;33.363;UNKNOWN
2016-04-29T03:41:58.000000;2016-04-29T03:41:58.000000;35145f88-a39f-4ea0-878b-4e7e5337f5ce;447.32;23.13460024;UNKNOWN
2016-04-29T03:41:58.000000;2016-04-29T03:41:58.000000;bede75e4-68f3-49dc-8882-01a997064e2f;447.33;8.22;UNKNOWN
2016-04-29T03:41:58.000000;2016-04-29T03:41:58.000000;4f1bab18-ae8d-431c-88b7-d634d5adf2f3;447.56;0.05143291;UNKNOWN
2016-04-29T03:41:58.000000;2016-04-29T03:41:58.000000;b1f35fd1-438c-46b2-ba50-cd89c1d49a2f;447.5;0.8065;UNKNOWN
2016-04-29T03:42:04.000000;2016-04-29T03:42:04.000000;c97734cb-d172-4d50-96de-2195e76431a2;447.32;14.479422;UNKNOWN
2016-04-29T03:42:29.000000;2016-04-29T03:42:29.000000;6def04b0-2086-4cfc-bb9a-671bab86e4df;447.32;0.7022;UNKNOWN
2016-04-29T03:43:01.000000;2016-04-29T03:43:01.000000;557d108a-2e0d-4884-b696-2d3c9d93fc4d;447.32;5.0;UNKNOWN
2016-04-29T03:43:01.000000;2016-04-29T03:43:01.000000;5c3fee7b-baf4-4e73-9c4b-6249782eb72b;447.32;3.0;UNKNOWN
2016-04-29T03:43:05.000000;2016-04-29T03:43:05.000000;d07c32cf-eea2-46c2-b111-2a864da50529;447.01;1.32556839;UNKNOWN
2016-04-29T03:43:05.000000;2016-04-29T03:43:05.000000;dfb94d0a-b8a5-410c-810e-5661427f4ca8;447.11;0.03;UNKNOWN
2016-04-29T03:43:05.000000;2016-04-29T03:43:05.000000;efc7d9ee-5fbc-4803-9a87-f5e69cde7503;447.32;3.26670924;UNKNOWN
2016-04-29T03:43:05.000000;2016-04-29T03:43:05.000000;a14e4a35-82b2-4f6e-8d30-11f83e77d54d;447.17;0.17772237;UNKNOWN
2016-04-29T03:43:05.000000;2016-04-29T03:43:05.000000;8e1a1bf9-571e-47d5-aea7-44259f7d7658;447.03;0.2;UNKNOWN
2016-04-29T03:43:31.000000;2016-04-29T03:43:31.000000;7405d664-597d-4b2b-ae6e-d040e9c225be;447.01;10.0;UNKNOWN
2016-04-29T03:44:04.000000;2016-04-29T03:44:04.000000;e4f83ab7-9274-4b17-8955-9d5434f3f4bb;447.01;0.7038;UNKNOWN
2016-04-29T03:44:38.000000;2016-04-29T03:44:38.000000;8ebff9fe-5867-4bdf-8d0a-95ad77bec10c;447.01;0.351;UNKNOWN
2016-04-29T03:45:02.000000;2016-04-29T03:45:02.000000;5d38c0bd-da59-47a7-9d2a-cf653e855a86;447.02;0.01;UNKNOWN
2016-04-29T03:45:11.000000;2016-04-29T03:45:11.000000;d4a7ec03-4bb6-49be-aee1-65d7a68367b9;447.01;1.0;UNKNOWN
2016-04-29T03:45:11.000000;2016-04-29T03:45:11.000000;e1deabfc-b125-4a15-b629-5ea5c402a3f0;447.01;0.10963161;UNKNOWN
2016-04-29T03:45:18.000000;2016-04-29T03:45:18.000000;a2253b87-9e7e-4841-8932-239b7545d630;447.0;4.0;UNKNOWN
2016-04-29T03:45:24.000000;2016-04-29T03:45:24.000000;6d449bb1-a9f4-4229-b8d2-2c31f3d259ad;447.0;0.3787;UNKNOWN
2016-04-29T03:45:25.000000;2016-04-29T03:45:25.000000;b8bd4a08-998c-416b-a2f3-4208f76f3d03;447.0;0.0596403;UNKNOWN
2016-04-29T03:45:46.000000;2016-04-29T03:45:46.000000;2d5a6d6c-944a-497e-9c42-85b0ea4203a7;447.01;0.0595;UNKNOWN
2016-04-29T03:46:01.000000;2016-04-29T03:46:01.000000;8278a023-7613-45fa-913a-5421c813d62e;447.01;0.1002;UNKNOWN
2016-04-29T03:46:12.000000;2016-04-29T03:46:12.000000;f5acadda-7fce-484b-bbd9-8497602e963e;447.0;0.3856;UNKNOWN
2016-04-29T03:46:16.000000;2016-04-29T03:46:16.000000;d3f20a49-b69e-44a6-bad3-5ae76b451d6f;447.0;0.56000397;UNKNOWN
2016-04-29T03:46:43.000000;2016-04-29T03:46:43.000000;471e9647-82cf-4f90-9a44-b9dd09841216;446.07;12.2858;UNKNOWN
2016-04-29T03:46:43.000000;2016-04-29T03:46:43.000000;865fff7d-04f5-4ac1-bbd6-554d2f1f5db8;446.13;0.01;UNKNOWN
2016-04-29T03:46:43.000000;2016-04-29T03:46:43.000000;bcde7969-5d3f-406d-ad4d-a47cb7f31954;446.21;12.2333;UNKNOWN
2016-04-29T03:46:43.000000;2016-04-29T03:46:43.000000;5e5d1fb7-6c78-48f7-bad5-0468edd79c08;446.13;0.01;UNKNOWN
2016-04-29T03:46:43.000000;2016-04-29T03:46:43.000000;3022e18c-9b8d-4d03-b405-337fc20e9154;446.38;12.3323;UNKNOWN
2016-04-29T03:46:43.000000;2016-04-29T03:46:43.000000;ed9c648e-7d21-436c-98b4-1adb33b5e543;446.98;1.0;UNKNOWN
2016-04-29T03:46:43.000000;2016-04-29T03:46:43.000000;590eafcd-d04f-46e5-ab27-47ac2dc464ad;447.0;20.0;UNKNOWN
2016-04-29T03:46:43.000000;2016-04-29T03:46:43.000000;4dc8da40-bcab-415c-9437-ec3299fd0dad;447.0;6.63;UNKNOWN
2016-04-29T03:46:43.000000;2016-04-29T03:46:43.000000;6233c442-a5b4-4efb-ab4f-f9c3e7e1550d;446.1;0.5;UNKNOWN
2016-04-29T03:46:43.000000;2016-04-29T03:46:43.000000;16051d87-e2ab-4d2d-9842-5538e60895ac;446.51;8.13;UNKNOWN
2016-04-29T03:46:43.000000;2016-04-29T03:46:43.000000;67d71b23-35d7-45e3-b80a-caf7d840275e;446.3;0.3;UNKNOWN
2016-04-29T03:46:43.000000;2016-04-29T03:46:43.000000;f0fd2a68-fed3-41da-a326-9f7a4aef3502;446.39;5.62;UNKNOWN
2016-04-29T03:46:43.000000;2016-04-29T03:46:43.000000;b649019b-da64-48b5-b395-83a7600b2f8d;446.5;0.8508;UNKNOWN
2016-04-29T03:46:43.000000;2016-04-29T03:46:43.000000;cbcae805-6ad0-45ff-a0fd-b1299c326ed4;446.31;11.1744;UNKNOWN
2016-04-29T03:46:43.000000;2016-04-29T03:46:43.000000;f996ac65-5f63-4978-a514-0ac1195f76fb;446.69;13.5898;UNKNOWN
2016-04-29T03:46:43.000000;2016-04-29T03:46:43.000000;78da8f44-ddaf-4ead-a4a7-22dec759e65f;446.79;0.27140005;UNKNOWN
2016-04-29T03:46:43.000000;2016-04-29T03:46:43.000000;89e65793-61c0-4a11-9650-1275aca213ef;446.06;26.68487776;UNKNOWN
2016-04-29T03:46:43.000000;2016-04-29T03:46:43.000000;bccf49ab-818c-4858-a094-5bb32280b0a3;446.11;0.05;UNKNOWN
2016-04-29T03:46:43.000000;2016-04-29T03:46:43.000000;e06b601d-a037-4039-804c-5b077235e95c;446.1;3.5208;UNKNOWN
2016-04-29T03:46:43.000000;2016-04-29T03:46:43.000000;9154afaa-a906-41bd-9a48-e81a59818a7e;446.0;0.11953525;UNKNOWN
2016-04-29T03:46:43.000000;2016-04-29T03:46:43.000000;0b3f56cd-982e-4cc2-895a-c1c96127c7b0;446.01;8.46;UNKNOWN
2016-04-29T03:46:43.000000;2016-04-29T03:46:43.000000;60bbf098-b66a-45e0-9d6b-7843738d1397;446.01;12.49;UNKNOWN
2016-04-29T03:46:43.000000;2016-04-29T03:46:43.000000;b94689c9-2158-4b43-993c-bbf19fb81b61;446.05;0.77;UNKNOWN
2016-04-29T03:46:43.000000;2016-04-29T03:46:43.000000;8cf9b579-0260-4201-afa4-a0e3600ac207;446.61;0.04;UNKNOWN
2016-04-29T03:46:43.000000;2016-04-29T03:46:43.000000;574aa562-ccb9-472e-931d-28115abbf747;446.51;12.4474;UNKNOWN
2016-04-29T03:46:43.000000;2016-04-29T03:46:43.000000;3084275a-34ad-4aaf-9e2b-1e7cb4bcd6a9;447.0;0.3715;UNKNOWN
2016-04-29T03:46:43.000000;2016-04-29T03:46:43.000000;64b3a727-0310-4820-a4d7-6e539c1ca36a;446.68;29.7817;UNKNOWN
2016-04-29T03:46:43.000000;2016-04-29T03:46:43.000000;1f89f5b6-046d-41e9-93c7-8f320eff0ed9;446.64;1.0635;UNKNOWN
2016-04-29T03:46:43.000000;2016-04-29T03:46:43.000000;e784a3a2-0e1b-4dea-84e7-9e7c4a1ae83a;446.84;12.2556;UNKNOWN
2016-04-29T03:46:43.000000;2016-04-29T03:46:43.000000;9aa08ec0-329e-48ed-bfdb-ee19cad20185;447.0;5.0;UNKNOWN
2016-04-29T03:46:43.000000;2016-04-29T03:46:43.000000;ef92496f-9e0b-4466-a2f4-2793d7875f5a;447.0;11.37878694;UNKNOWN
2016-04-29T03:46:46.000000;2016-04-29T03:46:46.000000;81f4fdf3-88e3-498f-84f4-f6bf271a1bfc;446.98;2.0;UNKNOWN
2016-04-29T03:46:55.000000;2016-04-29T03:46:55.000000;c1b5dcad-5ba8-4139-968e-c9ea8565a05a;446.53;0.45461671;UNKNOWN
2016-04-29T03:46:57.000000;2016-04-29T03:46:57.000000;07390846-90a5-4d3a-9e76-3a157afcf6b0;446.4;1.41454;UNKNOWN
2016-04-29T03:46:57.000000;2016-04-29T03:46:57.000000;9cf4a385-59be-4be9-8ca2-eca58eba5978;446.41;1.1294;UNKNOWN
2016-04-29T03:46:57.000000;2016-04-29T03:46:57.000000;51fd12bb-0a76-4798-9b5e-948599c86e44;446.41;0.6606;UNKNOWN
2016-04-29T03:46:57.000000;2016-04-29T03:46:57.000000;9b550dbe-0535-4b63-af0a-dfbd1742424a;446.41;1.2;UNKNOWN
2016-04-29T03:46:57.000000;2016-04-29T03:46:57.000000;c5b25e93-d528-4c59-b8a3-6dc5f1616ca8;446.41;1.0;UNKNOWN
2016-04-29T03:46:57.000000;2016-04-29T03:46:57.000000;fa575f58-0154-44e5-932f-8b43f45c401c;446.41;1.5;UNKNOWN
2016-04-29T03:46:57.000000;2016-04-29T03:46:57.000000;5b39e953-9992-4f5c-a63c-123f7bad0b71;446.41;0.47;UNKNOWN
2016-04-29T03:47:00.000000;2016-04-29T03:47:00.000000;784acb29-d280-4992-a260-2bfc35e464ad;446.41;0.09529;UNKNOWN
2016-04-29T03:47:01.000000;2016-04-29T03:47:01.000000;35dd0f19-28bb-4aa4-ab0c-c3981c737454;446.41;0.1002;UNKNOWN
2016-04-29T03:47:01.000000;2016-04-29T03:47:01.000000;a846ff22-4e3f-42a2-910f-e0c8250a2b31;446.41;5.96;UNKNOWN
2016-04-29T03:47:04.000000;2016-04-29T03:47:04.000000;7528d2bc-0be2-4987-b62e-b01b8b2378c8;446.4;0.57798225;UNKNOWN
2016-04-29T03:47:11.000000;2016-04-29T03:47:11.000000;a2f69392-9a43-4735-a9a3-250b93a04410;446.4;0.63912914;UNKNOWN
2016-04-29T03:48:25.000000;2016-04-29T03:48:25.000000;87a291b4-16df-4eff-bdbc-6e97e6c911a2;446.37;13.173;UNKNOWN
2016-04-29T03:48:25.000000;2016-04-29T03:48:25.000000;7649125b-57b8-4d15-84a3-b88b0fc2a91c;446.02;19.7947;UNKNOWN
2016-04-29T03:48:25.000000;2016-04-29T03:48:25.000000;44c60bec-1761-45f0-af9e-606c9497623a;446.4;0.1;UNKNOWN
2016-04-29T03:48:25.000000;2016-04-29T03:48:25.000000;390f9375-d051-430e-93aa-17ad90bfc606;446.22;12.1354;UNKNOWN
2016-04-29T03:48:25.000000;2016-04-29T03:48:25.000000;ac7ed7c9-bcce-48a2-ad20-bba4e7487a2b;446.0;1.6158;UNKNOWN
2016-04-29T03:48:25.000000;2016-04-29T03:48:25.000000;17620e00-af8a-473b-82a6-f304783a7098;446.06;13.1811;UNKNOWN
2016-04-29T03:48:31.000000;2016-04-29T03:48:31.000000;2da964bf-0c31-41bb-82bc-4c2fd585bc8f;446.15;5.0;UNKNOWN
2016-04-29T03:48:34.000000;2016-04-29T03:48:34.000000;e5ab7b79-0468-44a1-a51e-98eba669f8cf;446.15;0.13018869;UNKNOWN
2016-04-29T03:48:42.000000;2016-04-29T03:48:42.000000;4599f260-f6e7-4db5-a09c-96485183abfb;446.15;2.0;UNKNOWN
2016-04-29T03:48:42.000000;2016-04-29T03:48:42.000000;34c371a7-1054-4e12-96fc-61c6a1b327f6;446.16;0.10412;UNKNOWN
2016-04-29T03:48:45.000000;2016-04-29T03:48:45.000000;7cc5d363-6479-451f-8cbf-82264a6e2e04;446.15;2.0;UNKNOWN
2016-04-29T03:48:55.000000;2016-04-29T03:48:55.000000;299bdc74-39cb-478f-9d96-6fc791dc785c;446.15;0.1;UNKNOWN
2016-04-29T03:48:57.000000;2016-04-29T03:48:57.000000;ce6ae034-5734-4b81-88f1-1e20efc65fe7;446.15;0.1;UNKNOWN
2016-04-29T03:49:04.000000;2016-04-29T03:49:04.000000;2bb1027e-1a86-431a-956c-b24b04b9a9b1;446.16;0.02;UNKNOWN
2016-04-29T03:49:07.000000;2016-04-29T03:49:07.000000;5dd02851-13e0-4f41-b8df-36101c256081;446.15;0.01;UNKNOWN
2016-04-29T03:49:11.000000;2016-04-29T03:49:11.000000;ae74592d-422a-47cf-98a4-bbf6128e2f1d;446.15;0.01;UNKNOWN
2016-04-29T03:49:17.000000;2016-04-29T03:49:17.000000;86baaa6d-a7da-4cc4-892d-199c23fb0e96;446.15;1.18351131;UNKNOWN
2016-04-29T03:49:17.000000;2016-04-29T03:49:17.000000;6596ab1d-4f71-4c94-8594-1da786e84d87;446.15;0.1;UNKNOWN
2016-04-29T03:49:20.000000;2016-04-29T03:49:20.000000;3202a0de-ffb1-45c7-91e6-6ce3f882e73e;446.1;0.01;UNKNOWN
2016-04-29T03:49:21.000000;2016-04-29T03:49:21.000000;9ad54e32-4104-4ed5-9509-0ab5a721934e;446.1;0.01;UNKNOWN
2016-04-29T03:49:21.000000;2016-04-29T03:49:21.000000;a45db1cf-66e4-4617-bd8c-a1c6e273bf29;446.1;0.01;UNKNOWN
2016-04-29T03:49:43.000000;2016-04-29T03:49:43.000000;c4490b45-dae9-4e6b-af7c-b4f65f967377;446.0;0.06;UNKNOWN
2016-04-29T03:49:43.000000;2016-04-29T03:49:43.000000;067f184c-29db-4155-b5d9-a0a384820392;446.0;25.0;UNKNOWN
2016-04-29T03:49:43.000000;2016-04-29T03:49:43.000000;213d9a1e-4158-4889-a964-0bd84d3e4afb;446.0;1.1406;UNKNOWN
2016-04-29T03:49:43.000000;2016-04-29T03:49:43.000000;dadac194-b4fc-4e1a-8881-8333cd4cc258;446.0;49.99;UNKNOWN
2016-04-29T03:49:43.000000;2016-04-29T03:49:43.000000;fae04471-b135-4509-a726-0da5414a666f;445.92;0.79921468;UNKNOWN
2016-04-29T03:49:43.000000;2016-04-29T03:49:43.000000;f490db09-f487-4681-8e42-0af295a9a951;446.0;11.63879764;UNKNOWN
2016-04-29T03:50:01.000000;2016-04-29T03:50:01.000000;b7f0b388-e9dc-464f-8e03-e0c8c730c67e;445.96;0.059381;UNKNOWN
2016-04-29T03:50:19.000000;2016-04-29T03:50:19.000000;173017e4-63c0-489e-89aa-f5489bd57bce;445.97;0.1;UNKNOWN
2016-04-29T03:50:21.000000;2016-04-29T03:50:21.000000;5f4ad467-5469-4083-b64f-7ff864180814;445.99;6.6888;UNKNOWN
2016-04-29T03:50:21.000000;2016-04-29T03:50:21.000000;d350ecf7-8cfc-4823-9569-d2f779c0dbb8;445.97;2.67207245;UNKNOWN
2016-04-29T03:50:21.000000;2016-04-29T03:50:21.000000;1eb802fb-9f97-4130-bf53-cfff83257fb9;446.0;0.63912755;UNKNOWN
2016-04-29T03:51:00.000000;2016-04-29T03:51:00.000000;655d647f-8e5a-46a9-ad3c-8c2846d38889;445.99;0.01281112;UNKNOWN
2016-04-29T03:51:04.000000;2016-04-29T03:51:04.000000;0f759b9e-25e4-46e0-907f-f66f710fa512;445.8;0.09706456;UNKNOWN
2016-04-29T03:51:06.000000;2016-04-29T03:51:06.000000;7957c121-838f-4bdf-bd6a-316633afb9e9;445.8;0.01;UNKNOWN
2016-04-29T03:51:07.000000;2016-04-29T03:51:07.000000;81445af5-2166-466f-ab9e-0afe0ed36717;445.8;0.01;UNKNOWN
2016-04-29T03:51:07.000000;2016-04-29T03:51:07.000000;dd6c2441-fc5d-478b-9d2b-fc3eb8456e51;445.8;0.01;UNKNOWN
2016-04-29T03:51:07.000000;2016-04-29T03:51:07.000000;139268a5-1d7c-414b-a02d-29b276256320;445.8;0.01;UNKNOWN
2016-04-29T03:51:08.000000;2016-04-29T03:51:08.000000;eb6e0d44-c5d6-4e17-9902-7a2e5f0e99de;445.8;0.01;UNKNOWN
2016-04-29T03:51:32.000000;2016-04-29T03:51:32.000000;762944c7-ce35-4fa6-abf1-a2c78d0df172;445.92;1.86;UNKNOWN
2016-04-29T03:52:04.000000;2016-04-29T03:52:04.000000;81106744-88ad-4a19-a03c-72a7a27a10ae;445.99;0.019;UNKNOWN
2016-04-29T03:52:11.000000;2016-04-29T03:52:11.000000;3c85196e-420e-422a-bff0-981e5d5cb2e8;445.92;0.1;UNKNOWN
2016-04-29T03:52:19.000000;2016-04-29T03:52:19.000000;c1596ada-bc15-46b0-a5f2-a77c771dfe60;445.91;0.5107;UNKNOWN
2016-04-29T03:52:44.000000;2016-04-29T03:52:44.000000;4f1c9c70-fac1-4c54-a427-8c82abf89958;445.98;4.5;UNKNOWN
2016-04-29T03:52:44.000000;2016-04-29T03:52:44.000000;293f76f6-3690-499b-a7a3-fa942d4d8400;445.98;0.5;UNKNOWN
2016-04-29T03:52:52.000000;2016-04-29T03:52:52.000000;a62b45ec-3de5-4fc3-b265-c466f777933a;445.8;0.3525;UNKNOWN
2016-04-29T03:53:22.000000;2016-04-29T03:53:22.000000;ff65018e-76aa-43c3-b02a-66b7db29702f;446.1;4.3746924;UNKNOWN
2016-04-29T03:53:22.000000;2016-04-29T03:53:22.000000;88f0ff57-8e72-4173-a10d-fcee9eb235cf;445.97;4.37258824;UNKNOWN
2016-04-29T03:53:22.000000;2016-04-29T03:53:22.000000;3a757e8d-d6f9-4d46-83f2-45e988951bb2;445.97;4.37254044;UNKNOWN
2016-04-29T03:53:22.000000;2016-04-29T03:53:22.000000;32fa2415-0915-4fa2-8762-d4a6c040f294;446.06;4.37254044;UNKNOWN
2016-04-29T03:53:22.000000;2016-04-29T03:53:22.000000;6b1c43c9-d2e0-4bd9-80f6-47d893882497;445.97;4.3746924;UNKNOWN
2016-04-29T03:53:22.000000;2016-04-29T03:53:22.000000;a9ec2f39-4380-453d-8dbc-349ed48f3e2d;446.72;12.6349;UNKNOWN
2016-04-29T03:53:22.000000;2016-04-29T03:53:22.000000;454b3336-62e4-4736-91fd-03869fdc7e06;445.97;4.3746924;UNKNOWN
2016-04-29T03:53:22.000000;2016-04-29T03:53:22.000000;15a7b00e-c215-4ff9-8b21-1f8bd3e20a28;446.76;0.96881818;UNKNOWN
2016-04-29T03:53:22.000000;2016-04-29T03:53:22.000000;2cdd0747-59d1-4875-8f9c-7d9632370f27;445.97;6.6631;UNKNOWN
2016-04-29T03:53:22.000000;2016-04-29T03:53:22.000000;cdbbeb91-11ff-447c-b1cc-15720e242402;445.97;4.3746924;UNKNOWN
2016-04-29T03:53:22.000000;2016-04-29T03:53:22.000000;7d4d1580-c044-406d-8f95-8a120a542c4c;446.75;10.8413;UNKNOWN
2016-04-29T03:53:22.000000;2016-04-29T03:53:22.000000;149cebff-9d9c-4921-9ca6-cd3eed3cabc0;446.34;0.437;UNKNOWN
2016-04-29T03:53:22.000000;2016-04-29T03:53:22.000000;30640361-b32c-4a4c-9b20-cd86f81f2be1;445.97;4.37483594;UNKNOWN
2016-04-29T03:53:22.000000;2016-04-29T03:53:22.000000;041d289e-abec-4e95-9949-a26f90060d80;445.97;4.37483594;UNKNOWN
2016-04-29T03:53:24.000000;2016-04-29T03:53:24.000000;3a5698c7-1849-4651-82b5-e683e9431c89;445.94;0.3526;UNKNOWN
2016-04-29T03:53:42.000000;2016-04-29T03:53:42.000000;fdc26d5f-efbf-487c-a192-eab1f1fbe910;446.77;0.41707;UNKNOWN
2016-04-29T03:53:54.000000;2016-04-29T03:53:54.000000;f5415edf-3919-4ab0-9601-578149520e79;446.1;0.11235243;UNKNOWN
2016-04-29T03:53:59.000000;2016-04-29T03:53:59.000000;44eb30af-ed8e-4d05-89e3-2049e32dab7d;446.1;0.3523;UNKNOWN
2016-04-29T03:54:17.000000;2016-04-29T03:54:17.000000;19d86643-389a-4546-8060-bcea5ea95e8a;446.13;0.09768;UNKNOWN
2016-04-29T03:54:25.000000;2016-04-29T03:54:25.000000;f72ed81a-e346-427a-968d-9f38cda520a6;446.13;0.4179512;UNKNOWN
2016-04-29T03:54:35.000000;2016-04-29T03:54:35.000000;2196b1b9-a4e0-4207-a21c-cdbef3046944;446.14;0.3617;UNKNOWN
2016-04-29T03:54:35.000000;2016-04-29T03:54:35.000000;8877006a-bc17-4c5f-a8eb-ba8ce84790d6;446.14;2.0;UNKNOWN
2016-04-29T03:54:55.000000;2016-04-29T03:54:55.000000;5bc15fa7-03b4-4ab4-a354-af76681c3759;446.15;0.41707;UNKNOWN
2016-04-29T03:55:04.000000;2016-04-29T03:55:04.000000;2248b787-9645-448b-9d87-abea842ce371;446.45;0.438;UNKNOWN
2016-04-29T03:55:04.000000;2016-04-29T03:55:04.000000;8ccf2a3c-f3ad-4f8a-8ba2-a47ec80607f7;446.45;2.17478739;UNKNOWN
2016-04-29T03:55:13.000000;2016-04-29T03:55:13.000000;946ff315-94ea-4263-bb35-5f9e12fd9a46;446.18;0.3503;UNKNOWN
2016-04-29T03:55:15.000000;2016-04-29T03:55:15.000000;da8ba7ec-c8ad-475f-ae14-bad0e87f913d;446.44;0.25;UNKNOWN
2016-04-29T03:55:52.000000;2016-04-29T03:55:52.000000;e5ec7db5-576f-4019-9196-7b1ee960b121;446.4;0.41707;UNKNOWN
2016-04-29T03:55:55.000000;2016-04-29T03:55:55.000000;33bb7e0d-0d7b-4672-b350-043b2bb076ec;446.18;0.3516;UNKNOWN
2016-04-29T03:56:11.000000;2016-04-29T03:56:11.000000;584cc990-e6a7-4a0c-8810-abf8384e04c6;446.19;3.0;UNKNOWN
2016-04-29T03:56:17.000000;2016-04-29T03:56:17.000000;7d9c6405-c362-47a7-baa1-8be4e33334e5;446.0;0.15;UNKNOWN
2016-04-29T03:56:17.000000;2016-04-29T03:56:17.000000;d00ce683-2ee1-4c57-a4c3-5cac7be6bd3c;446.18;0.06;UNKNOWN
2016-04-29T03:56:17.000000;2016-04-29T03:56:17.000000;6eeffcd8-04b9-45d9-a010-ddbd90541537;445.85;0.20707;UNKNOWN
2016-04-29T03:56:43.000000;2016-04-29T03:56:43.000000;3bb2f972-437e-4e73-8d63-52eccc6d96eb;446.36;0.1344;UNKNOWN
2016-04-29T03:56:46.000000;2016-04-29T03:56:46.000000;883c9064-64f4-475c-9f1a-025afd80b6c4;446.2;0.3562;UNKNOWN
2016-04-29T03:56:46.000000;2016-04-29T03:56:46.000000;45908442-fda9-40e5-8d4d-7bd9e90a293c;446.2;5.0;UNKNOWN
2016-04-29T03:56:59.000000;2016-04-29T03:56:59.000000;c60a960b-1934-4d02-bf6d-046c93c9ec10;446.2;3.0338;UNKNOWN
2016-04-29T03:57:05.000000;2016-04-29T03:57:05.000000;9c33d4e4-61cb-4b59-8893-eb68a92b5b7e;445.85;0.1890458;UNKNOWN
2016-04-29T03:57:06.000000;2016-04-29T03:57:06.000000;2e72df10-2353-4522-8f8c-fcfea358b83d;446.65;5.51058372;UNKNOWN
2016-04-29T03:57:06.000000;2016-04-29T03:57:06.000000;2d56a4cb-8f1c-410a-ad5e-b3012367cb96;446.5;9.85564054;UNKNOWN
2016-04-29T03:57:06.000000;2016-04-29T03:57:06.000000;568a2b20-9d20-4b2a-8cfb-6af734107921;446.28;6.6448;UNKNOWN
2016-04-29T03:57:06.000000;2016-04-29T03:57:06.000000;2ea271d1-ce39-45fc-a957-de31cd6f522f;446.36;0.3656;UNKNOWN
2016-04-29T03:57:06.000000;2016-04-29T03:57:06.000000;bfc9b653-92d4-48bc-aed3-fd21e938ff11;446.56;12.513;UNKNOWN
2016-04-29T03:57:06.000000;2016-04-29T03:57:06.000000;364ac8dc-25c6-4a9f-8090-9126bf49d100;446.2;0.9662;UNKNOWN
2016-04-29T03:57:10.000000;2016-04-29T03:57:10.000000;ea171fe4-4764-47d9-8534-43c71959d4ee;445.93;0.1890437;UNKNOWN
2016-04-29T03:57:12.000000;2016-04-29T03:57:12.000000;55cccbd1-c9c4-4b24-b7cf-18264ae6ebd6;446.34;0.41307;UNKNOWN
2016-04-29T03:57:29.000000;2016-04-29T03:57:29.000000;d0952d45-01f7-4ad8-aa2c-bf73c7f20757;446.38;0.022;UNKNOWN
2016-04-29T03:57:36.000000;2016-04-29T03:57:36.000000;c25a2e21-f861-445d-8b61-ae02a079113b;445.93;0.22456891;UNKNOWN
2016-04-29T03:57:38.000000;2016-04-29T03:57:38.000000;eb9b963d-24b4-40f1-bcc7-0399b4c3b84c;445.93;0.06757242;UNKNOWN
2016-04-29T03:57:38.000000;2016-04-29T03:57:38.000000;7d37ab7a-ea55-4806-b341-17a5ba76903e;445.93;0.12145964;UNKNOWN
2016-04-29T03:57:41.000000;2016-04-29T03:57:41.000000;8de9e9b1-131b-4376-9b38-fad6a5871e5e;446.08;0.18901444;UNKNOWN
2016-04-29T03:57:42.000000;2016-04-29T03:57:42.000000;bc9e55a9-f1f1-4f4d-8fed-e53f4e4b505a;446.1;0.18909443;UNKNOWN
2016-04-29T03:57:43.000000;2016-04-29T03:57:43.000000;2dd38ab3-49f9-48cc-a01d-ab2a2c93601d;446.1;0.06775699;UNKNOWN
2016-04-29T03:57:43.000000;2016-04-29T03:57:43.000000;8911625b-86bd-44c5-ab80-b895107c1bf8;446.1;0.06249108;UNKNOWN
2016-04-29T03:57:44.000000;2016-04-29T03:57:44.000000;8dd28f01-00e8-4639-b9d9-e1a7660f2dd3;446.1;0.18909443;UNKNOWN
2016-04-29T03:57:44.000000;2016-04-29T03:57:44.000000;cf0f882e-54f0-43f8-ad11-f5648ff40f45;446.1;0.18909443;UNKNOWN
2016-04-29T03:57:46.000000;2016-04-29T03:57:46.000000;cd8265e6-5f7c-4832-9a2b-64d9528d82f5;446.08;0.07008045;UNKNOWN
2016-04-29T03:57:46.000000;2016-04-29T03:57:46.000000;36ca5bf8-1496-4113-9233-11a44bdb3965;446.05;0.18909443;UNKNOWN
2016-04-29T03:57:47.000000;2016-04-29T03:57:47.000000;d20bf890-a483-4b58-a3ed-6a7e17acb6f7;446.11;0.18929635;UNKNOWN
2016-04-29T03:57:47.000000;2016-04-29T03:57:47.000000;fd9aa7aa-1e87-4586-856f-6fb476649fcd;446.11;0.06796399;UNKNOWN
2016-04-29T03:57:52.000000;2016-04-29T03:57:52.000000;dff8de5e-521e-4c28-a8f8-23c136d5bd03;446.07;0.06806399;UNKNOWN
2016-04-29T03:58:02.000000;2016-04-29T03:58:02.000000;4a57bede-bce4-4231-be0c-062713e149dd;445.93;0.11743787;UNKNOWN
2016-04-29T03:58:08.000000;2016-04-29T03:58:08.000000;0964bfe8-add1-4986-abb0-ac26daf76768;445.86;0.21182311;UNKNOWN
2016-04-29T03:58:10.000000;2016-04-29T03:58:10.000000;89253e53-35b4-44be-a53d-be168ba57590;445.86;0.11416421;UNKNOWN
2016-04-29T03:58:13.000000;2016-04-29T03:58:13.000000;82e95aef-a72f-4585-98b2-6b79a904bc2a;445.86;0.11416421;UNKNOWN
2016-04-29T03:58:16.000000;2016-04-29T03:58:16.000000;44ec1e45-d0b0-42ef-835d-09e1194ccfb1;445.86;0.06197646;UNKNOWN
2016-04-29T03:58:17.000000;2016-04-29T03:58:17.000000;f1d951ce-282c-4f00-a63c-5a51cdb08ee4;445.86;0.55148699;UNKNOWN
2016-04-29T03:58:19.000000;2016-04-29T03:58:19.000000;9d357fce-07d4-4d4a-9d53-b6524fc88697;445.86;0.06197646;UNKNOWN
2016-04-29T03:58:21.000000;2016-04-29T03:58:21.000000;60e7570e-dc65-4acb-b799-c2c8dedf8751;445.86;0.49821341;UNKNOWN
2016-04-29T03:58:22.000000;2016-04-29T03:58:22.000000;6b828c0f-2457-4b8d-b761-34e278ad3bba;445.86;0.06197646;UNKNOWN
2016-04-29T03:58:25.000000;2016-04-29T03:58:25.000000;a77d5e79-0986-441d-b8d7-5ba090b62aa6;445.86;0.06351683;UNKNOWN
2016-04-29T03:58:28.000000;2016-04-29T03:58:28.000000;e84c58a3-2864-46fa-a6a1-d7f4284d7961;445.86;0.06187228;UNKNOWN
2016-04-29T03:58:31.000000;2016-04-29T03:58:31.000000;f97d385a-e27d-40a1-9793-e9fdd5c39c8e;445.86;0.06273478;UNKNOWN
2016-04-29T03:58:34.000000;2016-04-29T03:58:34.000000;0895a84f-ccf7-4dc9-a682-d5b5c9aeb7ec;445.86;0.06275848;UNKNOWN
2016-04-29T03:58:41.000000;2016-04-29T03:58:41.000000;a8589bb9-9605-456e-bd26-76d091d167a7;445.86;0.17740137;UNKNOWN
2016-04-29T03:58:52.000000;2016-04-29T03:58:52.000000;e94dfe32-4a72-4238-84f6-db2f3f5d9961;445.86;0.17731784;UNKNOWN
2016-04-29T03:58:54.000000;2016-04-29T03:58:54.000000;fde78d49-d039-4abb-9100-2e4db00bd88b;445.93;0.10179826;UNKNOWN
2016-04-29T03:59:04.000000;2016-04-29T03:59:04.000000;a6ae17e4-6802-4fa5-9aa3-b400435650c7;445.86;0.166805;UNKNOWN
2016-04-29T03:59:06.000000;2016-04-29T03:59:06.000000;6c16aced-c36a-4c7e-b24d-f8a6c6b87da8;445.86;0.16630398;UNKNOWN
2016-04-29T03:59:06.000000;2016-04-29T03:59:06.000000;0852b1ea-c290-4b17-8aad-b16763528838;445.86;0.16630398;UNKNOWN
2016-04-29T03:59:07.000000;2016-04-29T03:59:07.000000;c19632b2-2e14-474e-8629-3ae0e88723ab;445.86;0.16630771;UNKNOWN
2016-04-29T03:59:07.000000;2016-04-29T03:59:07.000000;f66476ff-ecd5-4638-9024-09ea3527b855;445.86;1.0;UNKNOWN
2016-04-29T03:59:07.000000;2016-04-29T03:59:07.000000;1e5d0036-8139-436b-bb9a-e6907f2f11f0;445.86;0.16630398;UNKNOWN
2016-04-29T03:59:08.000000;2016-04-29T03:59:08.000000;bd5d3b33-843d-4a7c-80ba-2919bc38f116;445.87;0.16630398;UNKNOWN
2016-04-29T03:59:08.000000;2016-04-29T03:59:08.000000;ae44d8ee-f1c1-4c74-b3fa-0c999ee8433d;445.87;0.16630398;UNKNOWN
2016-04-29T03:59:08.000000;2016-04-29T03:59:08.000000;75e53770-60a6-4680-b2cd-7137ff4b6fcb;445.87;0.16630771;UNKNOWN
2016-04-29T03:59:09.000000;2016-04-29T03:59:09.000000;5ccc7ef5-9901-41bf-80d6-5900c20228b1;445.87;0.16632264;UNKNOWN
2016-04-29T03:59:09.000000;2016-04-29T03:59:09.000000;4ac76aa1-2960-49dd-b5bc-c4063a836386;445.87;0.16632264;UNKNOWN
2016-04-29T03:59:10.000000;2016-04-29T03:59:10.000000;fcf12b47-8711-4ac3-b7e3-b827cb4b2897;445.87;0.16630771;UNKNOWN
2016-04-29T03:59:10.000000;2016-04-29T03:59:10.000000;5ce11b99-16ba-4b52-a8ab-88f98da779a1;445.87;0.16632264;UNKNOWN
2016-04-29T03:59:11.000000;2016-04-29T03:59:11.000000;097c7353-4192-4836-a3d3-c96273f91705;445.87;0.13120896;UNKNOWN
2016-04-29T03:59:15.000000;2016-04-29T03:59:15.000000;bc064284-3276-424c-a098-7a6904c92fe8;445.86;0.02001935;UNKNOWN
2016-04-29T03:59:15.000000;2016-04-29T03:59:15.000000;6aa7ca10-62ea-42ff-948b-d423a7d226ef;445.86;0.0242658;UNKNOWN
2016-04-29T03:59:16.000000;2016-04-29T03:59:16.000000;0b400426-0105-4cc3-81a6-2d0f6ac6719c;445.86;0.02426526;UNKNOWN
2016-04-29T03:59:20.000000;2016-04-29T03:59:20.000000;1c218ac7-234f-402d-9293-58c15ddcc271;445.86;0.16623052;UNKNOWN
2016-04-29T03:59:21.000000;2016-04-29T03:59:21.000000;60b5d1a1-6329-42fa-8276-37d47c4c85bd;445.86;0.02391915;UNKNOWN
2016-04-29T03:59:21.000000;2016-04-29T03:59:21.000000;1b22cee6-0422-4936-9e28-f1fe2db11a12;445.86;5.0;UNKNOWN
2016-04-29T03:59:22.000000;2016-04-29T03:59:22.000000;efba056b-cd6d-4f7f-9033-aab39fdd3208;445.86;0.16623052;UNKNOWN
2016-04-29T03:59:29.000000;2016-04-29T03:59:29.000000;7999ce1a-a84a-472e-a3f7-8df3f4abcf5b;445.86;0.02433138;UNKNOWN
2016-04-29T03:59:29.000000;2016-04-29T03:59:29.000000;db3e93b6-5326-4f5b-81cf-9021c8dd5663;445.86;0.02433138;UNKNOWN
2016-04-29T03:59:31.000000;2016-04-29T03:59:31.000000;53397972-c9b4-4a82-97f5-b3bb5d9d6ea6;445.86;0.16623052;UNKNOWN
