time_exchange;time_coinpai;guid;price;base_amount;taker_side
2016-03-08T00:00:01.000000;2016-03-08T00:00:01.000000;f0ccccde-d9ab-4ae3-8534-79767e169fee;412.62;0.243;UNKNOWN
2016-03-08T00:00:13.000000;2016-03-08T00:00:13.000000;3c1e050d-3512-4b81-8c73-f479169590c4;412.51;2.055034;UNKNOWN
2016-03-08T00:01:13.000000;2016-03-08T00:01:13.000000;602fb0b1-bf62-4baa-9ba1-36662fefc94c;412.51;0.47837734;UNKNOWN
2016-03-08T00:02:14.000000;2016-03-08T00:02:14.000000;77c87115-b180-4bf6-8e66-740a3d59b3ea;412.56;0.1;UNKNOWN
2016-03-08T00:02:29.000000;2016-03-08T00:02:29.000000;97fee54a-dd80-4686-a021-01c0532cb260;412.56;5.0;UNKNOWN
2016-03-08T00:02:32.000000;2016-03-08T00:02:32.000000;45415c84-87e4-423d-8fc7-7fcdccb2b960;412.56;5.0;UNKNOWN
2016-03-08T00:02:45.000000;2016-03-08T00:02:45.000000;105945db-2e41-482a-8b8a-44ae5111155e;412.56;3.0;UNKNOWN
2016-03-08T00:04:08.000000;2016-03-08T00:04:08.000000;219de384-82cd-4a2a-9045-b82636f45159;412.51;0.11993283;UNKNOWN
2016-03-08T00:04:25.000000;2016-03-08T00:04:25.000000;cac3b73e-178e-42ce-b303-dcba606130e2;412.6;5.0;UNKNOWN
2016-03-08T00:06:01.000000;2016-03-08T00:06:01.000000;26e69d05-c2fe-4173-afbc-ebfda65bf269;412.69;0.02;UNKNOWN
2016-03-08T00:06:13.000000;2016-03-08T00:06:13.000000;3bf9f70b-b753-4eda-9f3c-eb234a02eb78;412.62;0.250487;UNKNOWN
2016-03-08T00:06:18.000000;2016-03-08T00:06:18.000000;b03b81f3-cc9e-40f1-9e13-aadf6566a19c;412.63;0.274766;UNKNOWN
2016-03-08T00:06:23.000000;2016-03-08T00:06:23.000000;7e4b593d-8d5e-4301-ad2e-abe67537c3fc;412.59;0.452459;UNKNOWN
2016-03-08T00:07:13.000000;2016-03-08T00:07:13.000000;a29dec6b-0039-4f6a-849c-10a19eecd1a9;412.4;0.07888012;UNKNOWN
2016-03-08T00:07:22.000000;2016-03-08T00:07:22.000000;c1806b37-35b4-4e48-8677-75210abf33ae;412.41;0.0483;UNKNOWN
2016-03-08T00:07:26.000000;2016-03-08T00:07:26.000000;2f4b14b2-3471-49f8-adda-f491746bdeee;412.44;0.11141976;UNKNOWN
2016-03-08T00:07:34.000000;2016-03-08T00:07:34.000000;95b84790-0a48-43fb-a535-3160b325abc8;412.4;0.04108585;UNKNOWN
2016-03-08T00:08:09.000000;2016-03-08T00:08:09.000000;2a571640-962b-4ab2-a248-649e6bb9d842;412.5;0.07;UNKNOWN
2016-03-08T00:08:36.000000;2016-03-08T00:08:36.000000;2eea775d-ee41-4244-b8c0-937b9dbc9e3e;412.51;1.0;UNKNOWN
2016-03-08T00:08:37.000000;2016-03-08T00:08:37.000000;b5193af0-f802-4341-8147-3501947c2acf;412.5;0.01829788;UNKNOWN
2016-03-08T00:08:39.000000;2016-03-08T00:08:39.000000;2d885f1f-4498-4805-8604-5d129a829cbd;412.51;5.0;UNKNOWN
2016-03-08T00:08:40.000000;2016-03-08T00:08:40.000000;098c19f2-9d58-48e9-8543-a7cc041fabcd;412.51;5.0;UNKNOWN
2016-03-08T00:08:52.000000;2016-03-08T00:08:52.000000;bc09b3e3-f510-44cb-afbe-5e0fce07f82a;412.58;5.0;UNKNOWN
2016-03-08T00:08:53.000000;2016-03-08T00:08:53.000000;68f2b675-656a-4194-924d-12ab72ac9c2f;412.57;0.18688068;UNKNOWN
2016-03-08T00:09:43.000000;2016-03-08T00:09:43.000000;86600986-cd58-401e-946a-b05ab2143098;412.86;0.03;UNKNOWN
2016-03-08T00:10:42.000000;2016-03-08T00:10:42.000000;9d631956-3467-4cd4-93e6-673d1273935e;413.09;5.0;UNKNOWN
2016-03-08T00:11:04.000000;2016-03-08T00:11:04.000000;399c94dc-a284-4304-a85e-6ef52dd64412;413.22;0.125;UNKNOWN
2016-03-08T00:11:06.000000;2016-03-08T00:11:06.000000;c362a5ba-668e-441e-ad7b-f68b5308833d;413.3;0.01;UNKNOWN
2016-03-08T00:11:06.000000;2016-03-08T00:11:06.000000;63ba9e78-5c47-4131-9f67-c6c3750142dc;413.3;0.56480183;UNKNOWN
2016-03-08T00:11:26.000000;2016-03-08T00:11:26.000000;91e1ee89-d653-4712-a1e0-7905d1eed290;413.22;0.074754;UNKNOWN
2016-03-08T00:11:31.000000;2016-03-08T00:11:31.000000;d28cd32f-d23b-408e-a66f-6ba0610ea110;413.21;0.192064;UNKNOWN
2016-03-08T00:13:03.000000;2016-03-08T00:13:03.000000;483d9333-d2e7-4a61-ad97-9cf47e35bf98;413.36;4.12242;UNKNOWN
2016-03-08T00:13:27.000000;2016-03-08T00:13:27.000000;118eff0b-c01c-4652-8416-8990f3458883;413.21;0.03521;UNKNOWN
2016-03-08T00:14:04.000000;2016-03-08T00:14:04.000000;ac34e53f-035a-43fb-aa5e-4ae3f11d2b6b;413.19;0.77;UNKNOWN
2016-03-08T00:15:20.000000;2016-03-08T00:15:20.000000;984f12e2-a002-492f-9ce8-52e8fc7363de;413.36;4.93;UNKNOWN
2016-03-08T00:15:20.000000;2016-03-08T00:15:20.000000;4ff491b9-9a17-44d2-ab8f-d65327ffac06;413.37;13.2994;UNKNOWN
2016-03-08T00:16:04.000000;2016-03-08T00:16:04.000000;34d2b4db-e046-4cb0-b3c2-d1166a4ec949;413.35;0.1;UNKNOWN
2016-03-08T00:18:03.000000;2016-03-08T00:18:03.000000;86153c64-3e0b-42b6-be9e-81dab0f655f8;413.36;0.2422;UNKNOWN
2016-03-08T00:18:14.000000;2016-03-08T00:18:14.000000;9dac5a82-f3a4-4483-a51e-2c28501ff785;413.35;0.1639;UNKNOWN
2016-03-08T00:19:40.000000;2016-03-08T00:19:40.000000;bf5f223d-6a11-455a-be7c-b4d4f1b7c2ac;413.35;0.2;UNKNOWN
2016-03-08T00:20:43.000000;2016-03-08T00:20:43.000000;78c2f43e-8fec-43ae-b48b-bc6691eaa582;413.4;0.01;UNKNOWN
2016-03-08T00:20:43.000000;2016-03-08T00:20:43.000000;79f6200e-ed0a-45b5-919f-74f219dc65f1;413.38;4.77845871;UNKNOWN
2016-03-08T00:20:43.000000;2016-03-08T00:20:43.000000;5f865967-a7df-4845-94ac-ff4a9892baeb;413.36;13.09;UNKNOWN
2016-03-08T00:20:43.000000;2016-03-08T00:20:43.000000;b22924d4-0b2f-4431-bb5b-a1716c6cd7b8;413.36;7.9484;UNKNOWN
2016-03-08T00:20:43.000000;2016-03-08T00:20:43.000000;9996e321-0265-4f8b-bda7-8a2bb750f651;413.36;23.8741;UNKNOWN
2016-03-08T00:20:43.000000;2016-03-08T00:20:43.000000;2ea8551f-dbdc-4ddd-8adb-0f6f887e0513;413.36;5.9629;UNKNOWN
2016-03-08T00:20:43.000000;2016-03-08T00:20:43.000000;ce8ea5fa-ac3f-48d0-a081-7956265fb43a;413.36;13.18;UNKNOWN
2016-03-08T00:20:46.000000;2016-03-08T00:20:46.000000;649c91f1-7d82-461e-bc49-d1fc9ea17bd4;413.4;4.77862997;UNKNOWN
2016-03-08T00:20:55.000000;2016-03-08T00:20:55.000000;e4e3cd54-4f05-4346-895b-02a2935ac79c;413.4;15.0;UNKNOWN
2016-03-08T00:21:46.000000;2016-03-08T00:21:46.000000;023c2b4b-93a7-42f4-b105-e5ccbad11090;413.41;4.0;UNKNOWN
2016-03-08T00:22:02.000000;2016-03-08T00:22:02.000000;7efde083-1edc-45b4-9e11-3322d35eb84f;413.4;0.461;UNKNOWN
2016-03-08T00:22:40.000000;2016-03-08T00:22:40.000000;7e035e48-d952-4047-9fcb-9a9f01897d8b;413.41;0.2;UNKNOWN
2016-03-08T00:22:49.000000;2016-03-08T00:22:49.000000;b0140997-e75b-4c7b-ad26-e65121e02c9d;413.41;3.3067;UNKNOWN
2016-03-08T00:23:44.000000;2016-03-08T00:23:44.000000;d998b13a-1a22-4a88-bf7d-18e08d492595;413.08;0.62558868;UNKNOWN
2016-03-08T00:23:44.000000;2016-03-08T00:23:44.000000;bb8daae8-2fb3-445a-b03c-d673b3f8da94;413.35;0.5361;UNKNOWN
2016-03-08T00:23:44.000000;2016-03-08T00:23:44.000000;eddb9bc3-c4ca-4e3a-a163-7d311805820c;413.4;2.33831132;UNKNOWN
2016-03-08T00:23:52.000000;2016-03-08T00:23:52.000000;9d35fce7-99c2-4a3a-aa18-a584d2d284c6;413.19;6.3851;UNKNOWN
2016-03-08T00:23:52.000000;2016-03-08T00:23:52.000000;81809e0e-02b6-43ec-9394-7d34513f7500;413.19;5.9791;UNKNOWN
2016-03-08T00:24:08.000000;2016-03-08T00:24:08.000000;08c900e6-ff24-4887-9e9e-eb9f67a49c2d;412.68;0.02391829;UNKNOWN
2016-03-08T00:24:33.000000;2016-03-08T00:24:33.000000;c61627ce-161d-46c7-95e0-1591e32554f8;412.7;0.2421386;UNKNOWN
2016-03-08T00:24:53.000000;2016-03-08T00:24:53.000000;f7cc77fb-f307-4d22-b733-4ef1d33d0577;412.73;0.09686714;UNKNOWN
2016-03-08T00:25:03.000000;2016-03-08T00:25:03.000000;68d3031d-99c3-437c-9e1a-6778916aeddd;412.92;3.0;UNKNOWN
2016-03-08T00:25:37.000000;2016-03-08T00:25:37.000000;195e5ba7-25d4-4767-8119-3bbcbf8d88d6;412.63;0.01;UNKNOWN
2016-03-08T00:25:40.000000;2016-03-08T00:25:40.000000;f165d6c5-7e73-4eda-a419-f23335b698b7;412.71;0.0244323;UNKNOWN
2016-03-08T00:25:44.000000;2016-03-08T00:25:44.000000;8151a973-306b-4329-ae4f-162580ea52dc;412.74;0.0355469;UNKNOWN
2016-03-08T00:25:58.000000;2016-03-08T00:25:58.000000;e7388b2e-bf11-445e-acd1-d532e05e66ca;412.74;0.0306;UNKNOWN
2016-03-08T00:26:06.000000;2016-03-08T00:26:06.000000;bcde6fc5-b71a-433c-809c-f80641a6e908;412.86;7.20077711;UNKNOWN
2016-03-08T00:27:19.000000;2016-03-08T00:27:19.000000;e31c43bd-68ca-4c92-babd-168e7ece6e74;412.84;0.06337306;UNKNOWN
2016-03-08T00:28:07.000000;2016-03-08T00:28:07.000000;6b164c40-09f6-4660-b969-7b592eb53859;413.07;1.0;UNKNOWN
2016-03-08T00:31:17.000000;2016-03-08T00:31:17.000000;34a26f64-9462-4890-9a72-85464366d97b;412.74;0.27829231;UNKNOWN
2016-03-08T00:31:17.000000;2016-03-08T00:31:17.000000;374776d4-b2e3-4ac2-a8fb-4378f975b138;412.77;0.02;UNKNOWN
2016-03-08T00:32:35.000000;2016-03-08T00:32:35.000000;e10fe610-336f-4514-9548-9d6c5b6e2587;412.75;0.014015;UNKNOWN
2016-03-08T00:32:38.000000;2016-03-08T00:32:38.000000;3b3d68d3-8d25-42c8-8957-05707522ea80;412.74;0.012415;UNKNOWN
2016-03-08T00:32:57.000000;2016-03-08T00:32:57.000000;acd12355-78de-4f1b-885e-8efc245d5af9;412.74;3.0;UNKNOWN
2016-03-08T00:34:06.000000;2016-03-08T00:34:06.000000;b778d71a-cdca-49c8-8f0c-e7cf1ca3cc8d;412.86;0.01012788;UNKNOWN
2016-03-08T00:34:07.000000;2016-03-08T00:34:07.000000;d1e0d27c-80a3-414f-92e0-a48762bf7528;412.86;1.0;UNKNOWN
2016-03-08T00:35:06.000000;2016-03-08T00:35:06.000000;2d33e8e8-6e4c-4939-8636-e443975e9ba0;412.66;4.09179053;UNKNOWN
2016-03-08T00:35:13.000000;2016-03-08T00:35:13.000000;65e6a142-1082-4859-b5c8-1493d7162d2e;412.52;0.06220095;UNKNOWN
2016-03-08T00:36:41.000000;2016-03-08T00:36:41.000000;fca3df85-cee7-4d36-b700-7e76364d75cc;412.54;0.5;UNKNOWN
2016-03-08T00:36:48.000000;2016-03-08T00:36:48.000000;069b527f-04b7-4254-a364-2c31c7f4cc85;412.51;0.8;UNKNOWN
2016-03-08T00:37:19.000000;2016-03-08T00:37:19.000000;b354ee7e-7fa0-4b49-8290-4ec3b2e8387e;412.54;1.8308;UNKNOWN
2016-03-08T00:38:24.000000;2016-03-08T00:38:24.000000;5d115842-3f3e-4f64-b1b8-bc6a89cebb64;412.54;12.2408;UNKNOWN
2016-03-08T00:38:24.000000;2016-03-08T00:38:24.000000;d2ab24ce-fd5e-48aa-b1db-df04372cd27f;412.54;0.6692;UNKNOWN
2016-03-08T00:38:35.000000;2016-03-08T00:38:35.000000;9661b4e9-7dad-4c71-9436-1bf6abf0beef;412.54;2.4875;UNKNOWN
2016-03-08T00:39:03.000000;2016-03-08T00:39:03.000000;640499a5-191e-4ac5-8430-d67ffacf97d0;412.13;16.93;UNKNOWN
2016-03-08T00:39:03.000000;2016-03-08T00:39:03.000000;2c98e29e-3a9a-4ec4-adb7-b015149d7a57;412.12;11.9686;UNKNOWN
2016-03-08T00:39:03.000000;2016-03-08T00:39:03.000000;c4dd7644-08c1-4311-973d-028b77264d1a;412.02;0.39054156;UNKNOWN
2016-03-08T00:39:03.000000;2016-03-08T00:39:03.000000;76334b29-f5b3-4c81-9e51-a93fbe37328d;412.51;2.2;UNKNOWN
2016-03-08T00:39:03.000000;2016-03-08T00:39:03.000000;ae2c21c8-19b2-46c3-9eff-50241a3dab6f;412.66;6.0372;UNKNOWN
2016-03-08T00:39:03.000000;2016-03-08T00:39:03.000000;b88701a4-9e09-4b20-a253-32e28d2f6de8;412.14;7.9764;UNKNOWN
2016-03-08T00:39:03.000000;2016-03-08T00:39:03.000000;0de270d6-f12e-411c-b616-bf61265d961a;412.31;12.0;UNKNOWN
2016-03-08T00:39:03.000000;2016-03-08T00:39:03.000000;afb8849e-fe8e-495d-a89f-aec9f914533a;412.11;10.0;UNKNOWN
2016-03-08T00:39:03.000000;2016-03-08T00:39:03.000000;f4f3130a-80ab-4979-aaf8-7e563f25ea4e;412.43;12.0403;UNKNOWN
2016-03-08T00:39:03.000000;2016-03-08T00:39:03.000000;29a6dcdc-4087-45db-be1b-b14c1c7d3e73;412.27;12.3508;UNKNOWN
2016-03-08T00:39:03.000000;2016-03-08T00:39:03.000000;9f8f3e3e-efd1-4b9a-b200-7dfc7d47eecc;412.15;0.05;UNKNOWN
2016-03-08T00:39:03.000000;2016-03-08T00:39:03.000000;99d07433-3d70-4ec3-bd87-fb68c0bf33aa;412.54;9.8725;UNKNOWN
2016-03-08T00:39:03.000000;2016-03-08T00:39:03.000000;18255af8-857b-422a-a893-b8470aa6d600;412.32;11.5836;UNKNOWN
2016-03-08T00:39:09.000000;2016-03-08T00:39:09.000000;aa869ac4-daa4-4a25-bc65-af317d7a0fe9;412.16;3.0;UNKNOWN
2016-03-08T00:39:10.000000;2016-03-08T00:39:10.000000;c3575c01-c12c-4a4f-81c5-b2bd7a6b38e9;412.66;0.045;UNKNOWN
2016-03-08T00:39:50.000000;2016-03-08T00:39:50.000000;2bd33be8-97d5-4495-956b-91c36b72e27d;412.28;0.24516683;UNKNOWN
2016-03-08T00:41:06.000000;2016-03-08T00:41:06.000000;d279a1c1-e5b6-4d8e-a668-e1abb5e9dadd;412.38;0.8;UNKNOWN
2016-03-08T00:43:09.000000;2016-03-08T00:43:09.000000;84056aad-2cd8-4ebf-b63d-1bbd3b0170a6;412.4;1.0;UNKNOWN
2016-03-08T00:43:09.000000;2016-03-08T00:43:09.000000;e704b1f3-c149-4d85-ad57-73221a217857;412.27;4.84418789;UNKNOWN
2016-03-08T00:43:09.000000;2016-03-08T00:43:09.000000;f8bd5a75-a7ba-4f3c-88df-8bc440793593;412.38;0.2;UNKNOWN
2016-03-08T00:43:09.000000;2016-03-08T00:43:09.000000;b7e9eec1-89ce-4dc7-b52d-2d82366e5dfe;412.41;6.0468;UNKNOWN
2016-03-08T00:43:58.000000;2016-03-08T00:43:58.000000;813f8e50-ff6a-4a17-9e81-6f49a3582a21;412.48;3.0;UNKNOWN
2016-03-08T00:43:58.000000;2016-03-08T00:43:58.000000;5a6646a8-91fe-4dd0-ad75-00f02b182f7c;412.49;6.0132;UNKNOWN
2016-03-08T00:43:58.000000;2016-03-08T00:43:58.000000;abcb0da3-eeae-4aa7-b24b-c8ff5af7e2e2;412.66;2.9868;UNKNOWN
2016-03-08T00:48:23.000000;2016-03-08T00:48:23.000000;e5c38914-3fb7-4f3f-b399-74bc065d8d5f;412.47;0.25380568;UNKNOWN
2016-03-08T00:49:03.000000;2016-03-08T00:49:03.000000;1bba97c6-fe29-4c1e-b31c-468a44ac0f2c;412.46;0.04853925;UNKNOWN
2016-03-08T00:49:35.000000;2016-03-08T00:49:35.000000;47c7f21e-afb4-4f08-9cd0-a88f78cdd380;412.59;1.0;UNKNOWN
2016-03-08T00:51:13.000000;2016-03-08T00:51:13.000000;810f4fd6-3126-406b-82dd-10b1285e412f;412.46;0.06061193;UNKNOWN
2016-03-08T00:53:39.000000;2016-03-08T00:53:39.000000;8363be33-c1c0-4421-9d5f-4ef27cf0b84a;412.47;0.18;UNKNOWN
2016-03-08T00:53:39.000000;2016-03-08T00:53:39.000000;feb91407-62df-4a3b-833a-12fe4f629408;412.47;0.82;UNKNOWN
2016-03-08T00:53:48.000000;2016-03-08T00:53:48.000000;03649544-c03f-48fa-9e1f-c5c6079e31ac;412.46;0.03;UNKNOWN
2016-03-08T00:54:29.000000;2016-03-08T00:54:29.000000;fc9579b6-8200-4f3c-89dc-d33bbe8fcd21;412.48;0.1454;UNKNOWN
2016-03-08T00:55:53.000000;2016-03-08T00:55:53.000000;4100dee1-ea0a-40b4-9bec-debfd0930db3;412.46;0.04368428;UNKNOWN
2016-03-08T00:56:13.000000;2016-03-08T00:56:13.000000;0ed2fabb-f0cc-4a97-883c-4d2c667d0c71;412.5;0.01;UNKNOWN
2016-03-08T00:56:35.000000;2016-03-08T00:56:35.000000;590aada8-34b3-4855-b3b0-2e5643aff479;412.5;2.7535;UNKNOWN
2016-03-08T00:56:57.000000;2016-03-08T00:56:57.000000;124e1d08-f78f-4b9a-8188-0192b8d01fe9;412.46;0.1;UNKNOWN
2016-03-08T00:58:03.000000;2016-03-08T00:58:03.000000;4d45979b-91ae-4f74-a0d9-b3bbf76e2938;412.46;0.21;UNKNOWN
2016-03-08T00:58:21.000000;2016-03-08T00:58:21.000000;b41be399-a130-45f7-9d97-305b90913731;412.46;0.05824571;UNKNOWN
2016-03-08T00:59:11.000000;2016-03-08T00:59:11.000000;3e2e6b0b-310f-48df-884e-f74e66c3d16e;412.46;0.0451092;UNKNOWN
2016-03-08T00:59:51.000000;2016-03-08T00:59:51.000000;3f3be5be-19ee-4efa-955c-4e52c972c9f1;412.46;0.070027;UNKNOWN
2016-03-08T00:59:56.000000;2016-03-08T00:59:56.000000;a8c4f2be-3031-4508-ae49-ff4c577f5942;412.46;0.200658;UNKNOWN
2016-03-08T01:01:13.000000;2016-03-08T01:01:13.000000;3c563034-e9f9-46fe-826f-70da80000259;412.46;0.18166388;UNKNOWN
2016-03-08T01:01:13.000000;2016-03-08T01:01:13.000000;76200d8c-a6bf-4d30-881b-fc704bf56943;412.45;0.53798493;UNKNOWN
2016-03-08T01:03:23.000000;2016-03-08T01:03:23.000000;59725515-e2aa-41a3-b436-f8c808d6ce65;412.45;0.051589;UNKNOWN
2016-03-08T01:04:59.000000;2016-03-08T01:04:59.000000;33ecbd57-3247-4c39-a51f-ee7f44349cf1;412.45;0.126899;UNKNOWN
2016-03-08T01:05:06.000000;2016-03-08T01:05:06.000000;37b883d4-ef95-41cf-80b1-9b02ba758ce5;412.46;4.01153089;UNKNOWN
2016-03-08T01:05:06.000000;2016-03-08T01:05:06.000000;e806e52e-dcf8-48b9-bdae-2f34898d157d;412.45;0.01825;UNKNOWN
2016-03-08T01:06:08.000000;2016-03-08T01:06:08.000000;269052b5-79bf-442c-91e9-de114d583711;412.46;0.3027;UNKNOWN
2016-03-08T01:06:43.000000;2016-03-08T01:06:43.000000;a4ac5143-75a3-4b33-8faf-da14858d14c9;412.45;0.089466;UNKNOWN
2016-03-08T01:07:03.000000;2016-03-08T01:07:03.000000;4948be4b-0cf1-4741-a705-48a632cacd35;412.46;2.97303089;UNKNOWN
2016-03-08T01:07:03.000000;2016-03-08T01:07:03.000000;405db789-8dc8-43db-9922-d8f99e7f497c;412.46;5.68576911;UNKNOWN
2016-03-08T01:07:08.000000;2016-03-08T01:07:08.000000;df948742-b493-4686-a766-9561d106fbd7;412.45;0.28799078;UNKNOWN
2016-03-08T01:08:03.000000;2016-03-08T01:08:03.000000;e8d8a560-1acb-494d-982f-8412c576a891;412.46;3.633;UNKNOWN
2016-03-08T01:08:05.000000;2016-03-08T01:08:05.000000;a5832689-9627-4a00-b517-4a10786cc67c;412.46;1.36880803;UNKNOWN
2016-03-08T01:08:43.000000;2016-03-08T01:08:43.000000;7fe2e606-3df9-4e19-b41d-d1f727fcabed;412.45;0.25;UNKNOWN
2016-03-08T01:08:56.000000;2016-03-08T01:08:56.000000;c65f2fd1-a0e1-46a2-a735-a418edb5044f;412.46;13.967;UNKNOWN
2016-03-08T01:08:56.000000;2016-03-08T01:08:56.000000;c112ce6b-5ed7-427d-8730-63b30f7d4a64;412.48;5.8002;UNKNOWN
2016-03-08T01:09:13.000000;2016-03-08T01:09:13.000000;8e673497-8610-413a-b31b-1b7f9473172a;412.49;0.03599798;UNKNOWN
2016-03-08T01:09:46.000000;2016-03-08T01:09:46.000000;61e62f7e-241c-443b-969f-36d7c523c70d;412.45;5.0;UNKNOWN
2016-03-08T01:10:05.000000;2016-03-08T01:10:05.000000;439d5383-1f61-42b7-8b3e-30696d220d86;412.45;5.0;UNKNOWN
2016-03-08T01:10:08.000000;2016-03-08T01:10:08.000000;01aa0789-0e9b-4661-96cd-704742a331d2;412.57;0.109;UNKNOWN
2016-03-08T01:11:04.000000;2016-03-08T01:11:04.000000;cdb55275-be33-4efd-84b2-261cb2520355;412.47;0.125;UNKNOWN
2016-03-08T01:12:06.000000;2016-03-08T01:12:06.000000;bff9da48-f2c8-414f-a7c8-ee9bb56b1fa5;412.55;0.15;UNKNOWN
2016-03-08T01:13:13.000000;2016-03-08T01:13:13.000000;0f1dd0af-4b79-4333-ba90-19a1884542ee;412.45;0.12090729;UNKNOWN
2016-03-08T01:13:28.000000;2016-03-08T01:13:28.000000;94332388-f9c9-49fa-965b-0fb5eb6fbf79;412.45;2.0;UNKNOWN
2016-03-08T01:13:48.000000;2016-03-08T01:13:48.000000;e72129eb-23c7-4972-bd4a-6198ed54e4af;412.48;0.5;UNKNOWN
2016-03-08T01:13:48.000000;2016-03-08T01:13:48.000000;3ad442e1-2225-4d3d-a93f-ac5897810bc6;412.48;0.7107;UNKNOWN
2016-03-08T01:14:04.000000;2016-03-08T01:14:04.000000;2526f1dc-f290-443f-9515-7d39cd34f366;412.45;2.0;UNKNOWN
2016-03-08T01:15:12.000000;2016-03-08T01:15:12.000000;1d99e1a8-f53f-44b1-80c4-0dc9d65d6987;412.45;0.25194962;UNKNOWN
2016-03-08T01:15:33.000000;2016-03-08T01:15:33.000000;d93095b2-f7eb-4690-b25a-216594b6c30a;412.45;0.48539259;UNKNOWN
2016-03-08T01:16:13.000000;2016-03-08T01:16:13.000000;ed3584fc-677c-4648-83ce-302f13673a14;412.45;0.18005905;UNKNOWN
2016-03-08T01:16:18.000000;2016-03-08T01:16:18.000000;1c7e00c6-6420-4ccb-81f4-64ddf2260862;412.46;4.5;UNKNOWN
2016-03-08T01:17:14.000000;2016-03-08T01:17:14.000000;36fb85bf-ca53-4f80-b0c0-b41366c55f34;412.45;0.07766281;UNKNOWN
2016-03-08T01:18:08.000000;2016-03-08T01:18:08.000000;15e39dd8-ab4c-4e66-9e61-56b6cddaaa1f;412.45;0.1139716;UNKNOWN
2016-03-08T01:19:01.000000;2016-03-08T01:19:01.000000;ae60365e-8f7e-437b-914c-f0086807d3ed;412.46;0.28120032;UNKNOWN
2016-03-08T01:19:01.000000;2016-03-08T01:19:01.000000;68b3613b-e629-42f9-80bd-cb3b4a1d486b;412.46;0.71879968;UNKNOWN
2016-03-08T01:19:14.000000;2016-03-08T01:19:14.000000;4ee9c6ff-5747-4b0b-86bc-ad2d08d05fa1;412.46;0.016;UNKNOWN
2016-03-08T01:20:58.000000;2016-03-08T01:20:58.000000;ffcf28bf-d579-4bd6-bee7-2dc31ca40199;412.45;0.3333;UNKNOWN
2016-03-08T01:22:23.000000;2016-03-08T01:22:23.000000;06d1d8a5-1b02-4b75-98d9-ea47bb03b931;412.45;0.35190963;UNKNOWN
2016-03-08T01:23:36.000000;2016-03-08T01:23:36.000000;d387ad49-8391-4fa4-a093-5fdfae2a453b;412.45;0.38078;UNKNOWN
2016-03-08T01:23:39.000000;2016-03-08T01:23:39.000000;fe066721-ceb8-49e3-a816-48a14db205a4;412.45;0.666232;UNKNOWN
2016-03-08T01:26:31.000000;2016-03-08T01:26:31.000000;672af83b-2e87-4c65-a6a6-40b8e732a076;412.53;0.220231;UNKNOWN
2016-03-08T01:26:33.000000;2016-03-08T01:26:33.000000;71bd5214-e049-419f-b8b4-9dc5c077adf0;412.53;0.1942;UNKNOWN
2016-03-08T01:26:48.000000;2016-03-08T01:26:48.000000;4cd3dd60-60cc-47f8-be94-dd32d9e7a167;412.54;0.1611375;UNKNOWN
2016-03-08T01:28:13.000000;2016-03-08T01:28:13.000000;901edcde-2f81-4bfd-b950-84726b27b963;412.45;0.02006687;UNKNOWN
2016-03-08T01:28:36.000000;2016-03-08T01:28:36.000000;ca3c2116-eb45-4679-beea-b4667cb34989;412.45;0.123928;UNKNOWN
2016-03-08T01:30:20.000000;2016-03-08T01:30:20.000000;dd613ba1-dda2-46d7-9225-c89aa564308d;412.45;0.282094;UNKNOWN
2016-03-08T01:30:27.000000;2016-03-08T01:30:27.000000;776844db-832e-4618-88c9-c7fe1a0ce5f7;412.46;0.116049;UNKNOWN
2016-03-08T01:31:10.000000;2016-03-08T01:31:10.000000;a46f5789-329d-4346-8614-5adf5c4e6c04;412.45;0.116207;UNKNOWN
2016-03-08T01:32:03.000000;2016-03-08T01:32:03.000000;ff1d7118-55fe-4c96-bcd1-943fd32fd0d2;412.45;0.07299;UNKNOWN
2016-03-08T01:33:06.000000;2016-03-08T01:33:06.000000;cb6be1ea-a25d-4acc-bc37-aee36c538ead;412.61;1.87;UNKNOWN
2016-03-08T01:33:06.000000;2016-03-08T01:33:06.000000;d9332100-796b-4faa-bccf-2c3a7dc40488;412.6;0.29;UNKNOWN
2016-03-08T01:33:07.000000;2016-03-08T01:33:07.000000;25b26597-3bcc-4c4d-8411-835e9d6da1c6;412.75;0.44171236;UNKNOWN
2016-03-08T01:33:07.000000;2016-03-08T01:33:07.000000;e0f182c5-ab75-4153-b874-8a1b10cf49d5;412.7;4.77914382;UNKNOWN
2016-03-08T01:33:07.000000;2016-03-08T01:33:07.000000;4db014a9-3234-4ec1-ab20-82549ae9bbe8;412.65;4.77914382;UNKNOWN
2016-03-08T01:34:13.000000;2016-03-08T01:34:13.000000;55f38708-7291-4d3c-a274-511944c32e7e;412.49;0.02387056;UNKNOWN
2016-03-08T01:36:03.000000;2016-03-08T01:36:03.000000;913c324a-4f02-45f9-92a5-e098f0e4cac7;412.49;1.21336399;UNKNOWN
2016-03-08T01:37:23.000000;2016-03-08T01:37:23.000000;7b03b1ea-9990-4ee7-94d8-a57b362b8097;412.72;1.84663601;UNKNOWN
2016-03-08T01:38:49.000000;2016-03-08T01:38:49.000000;f099dac1-7f89-4c7d-9e5f-789bfe3ce5ba;412.71;2.9;UNKNOWN
2016-03-08T01:40:23.000000;2016-03-08T01:40:23.000000;3d95dc1b-4465-489a-9e9b-456a3657502e;412.7;0.13826316;UNKNOWN
2016-03-08T01:41:06.000000;2016-03-08T01:41:06.000000;70f17e51-3c37-4852-aa48-fb4233352baa;413.02;0.21677345;UNKNOWN
2016-03-08T01:44:03.000000;2016-03-08T01:44:03.000000;6feeffb9-9543-401b-89dc-3e7b23cec4ae;413.2;0.0694;UNKNOWN
2016-03-08T01:44:05.000000;2016-03-08T01:44:05.000000;f879aeda-3d67-448b-b1a3-536387b5d891;413.24;1.43933146;UNKNOWN
2016-03-08T01:44:13.000000;2016-03-08T01:44:13.000000;5888fcbb-127f-46ae-9217-171a42d0bb32;412.79;0.06712213;UNKNOWN
2016-03-08T01:46:51.000000;2016-03-08T01:46:51.000000;3c4c5d30-33cf-436b-ae73-2377aeab1463;412.89;0.05;UNKNOWN
2016-03-08T01:49:00.000000;2016-03-08T01:49:00.000000;f3d8857a-37ec-41c1-a39a-4240ae6ea07d;412.89;4.62680258;UNKNOWN
2016-03-08T01:49:00.000000;2016-03-08T01:49:00.000000;63f63fcb-afc0-4e15-9de9-cef10bb7d732;412.9;3.0;UNKNOWN
2016-03-08T01:49:00.000000;2016-03-08T01:49:00.000000;f0898053-3bd9-4b24-841f-2c9e2edbe13e;412.91;0.5;UNKNOWN
2016-03-08T01:49:59.000000;2016-03-08T01:49:59.000000;38cee970-a9c2-49ac-8712-b9a513e5a3bd;412.88;2.84084;UNKNOWN
2016-03-08T01:53:08.000000;2016-03-08T01:53:08.000000;7308dbcd-bf3d-4e1f-ace6-82fd4021f1f6;413.38;0.495012;UNKNOWN
2016-03-08T01:53:08.000000;2016-03-08T01:53:08.000000;deae7a5d-e0a1-4374-aae2-748dcb63cb32;413.19;0.028545;UNKNOWN
2016-03-08T01:53:08.000000;2016-03-08T01:53:08.000000;47cf9c48-7d50-4784-bfe5-341de4f702f7;413.35;0.239245;UNKNOWN
2016-03-08T01:53:08.000000;2016-03-08T01:53:08.000000;2d15084b-8768-4edb-9162-a6a631ca302f;413.2;0.25;UNKNOWN
2016-03-08T01:53:08.000000;2016-03-08T01:53:08.000000;056f38f4-e78e-4c12-a96f-25f2ccf4def5;413.08;0.28522662;UNKNOWN
2016-03-08T01:53:08.000000;2016-03-08T01:53:08.000000;3004528b-66a1-4cb8-84f1-c67c42deb59f;413.34;6.0;UNKNOWN
2016-03-08T01:53:08.000000;2016-03-08T01:53:08.000000;24ec11b8-ce09-4c62-901a-b0166c3ac74c;413.25;3.0;UNKNOWN
2016-03-08T01:53:08.000000;2016-03-08T01:53:08.000000;79d5562f-6a31-45a3-a253-54b5f73ec4de;413.24;0.5;UNKNOWN
2016-03-08T01:53:08.000000;2016-03-08T01:53:08.000000;97184a2b-24a0-4cef-9497-f3427e692d83;413.42;1.29407138;UNKNOWN
2016-03-08T01:53:33.000000;2016-03-08T01:53:33.000000;7a144b97-4eee-49c8-8a73-86b025c71f11;413.37;1.05;UNKNOWN
2016-03-08T01:53:33.000000;2016-03-08T01:53:33.000000;35236063-5034-4f59-acd6-dc9d8dd0a960;413.46;4.77133383;UNKNOWN
2016-03-08T01:53:33.000000;2016-03-08T01:53:33.000000;2b90775e-5363-47c2-86af-4b2b9b76cf28;413.51;1.36806817;UNKNOWN
2016-03-08T01:53:33.000000;2016-03-08T01:53:33.000000;2fd37ce0-e803-4f52-964c-53746122e8e7;413.34;0.12313;UNKNOWN
2016-03-08T01:53:33.000000;2016-03-08T01:53:33.000000;04315d65-45c6-462d-90af-b80182fb1edc;413.35;0.26;UNKNOWN
2016-03-08T01:53:33.000000;2016-03-08T01:53:33.000000;2d259fa8-5850-4c33-8a73-2f2b826c0c9c;413.38;0.881868;UNKNOWN
2016-03-08T01:53:33.000000;2016-03-08T01:53:33.000000;307201b0-92c2-464a-821c-c6a031623a98;413.5;0.01;UNKNOWN
2016-03-08T01:53:50.000000;2016-03-08T01:53:50.000000;851e38d9-e919-4a71-a0d7-ed1f504af047;413.24;6.0095;UNKNOWN
2016-03-08T01:53:56.000000;2016-03-08T01:53:56.000000;ea3587f9-2c36-48b7-a7df-fbaf3b33a631;413.24;4.2813;UNKNOWN
2016-03-08T01:56:23.000000;2016-03-08T01:56:23.000000;57d19925-c5d4-445a-b786-b68ccb6dbca3;413.44;7.4703;UNKNOWN
2016-03-08T01:56:28.000000;2016-03-08T01:56:28.000000;3a9f09b0-054a-44c2-9628-ff5c7bc5e22f;413.44;2.1141;UNKNOWN
2016-03-08T01:57:07.000000;2016-03-08T01:57:07.000000;477058ef-3bb2-491f-aeba-ad65e4ab5651;413.59;0.09;UNKNOWN
2016-03-08T01:58:04.000000;2016-03-08T01:58:04.000000;000c58d3-8a8c-4060-ad59-fc7a09bfa0b1;413.59;0.02421795;UNKNOWN
2016-03-08T01:58:11.000000;2016-03-08T01:58:11.000000;83c81a27-f336-4011-80da-1c2b9accffae;413.59;0.8;UNKNOWN
2016-03-08T01:58:43.000000;2016-03-08T01:58:43.000000;92f96e00-b626-48ad-9d13-03ae9a664115;413.59;0.03630586;UNKNOWN
2016-03-08T01:59:00.000000;2016-03-08T01:59:00.000000;cd78eba1-d4b9-49d4-82fe-e9503dd25713;413.59;0.134924;UNKNOWN
2016-03-08T01:59:36.000000;2016-03-08T01:59:36.000000;2b97711a-b2a5-4d8b-8cd3-0ac215b4d009;413.6;0.01;UNKNOWN
2016-03-08T01:59:36.000000;2016-03-08T01:59:36.000000;5ad5c4ff-5273-4fcb-88be-fda0b6de52b4;413.97;0.16;UNKNOWN
2016-03-08T01:59:36.000000;2016-03-08T01:59:36.000000;386c26e2-344c-4641-b9a4-fb2be9c14850;413.8;0.01;UNKNOWN
2016-03-08T01:59:36.000000;2016-03-08T01:59:36.000000;cf80d255-1a08-4fc6-b1e2-2d104c25cb8b;413.9;0.01;UNKNOWN
2016-03-08T01:59:36.000000;2016-03-08T01:59:36.000000;30ad54a2-0ea6-4289-af51-666c8f6eef1f;413.7;0.01;UNKNOWN
2016-03-08T01:59:39.000000;2016-03-08T01:59:39.000000;b71c3d06-63e1-48b8-854f-74d224ecb891;413.97;1.75;UNKNOWN
2016-03-08T01:59:39.000000;2016-03-08T01:59:39.000000;7c3ed2c8-8977-496e-9f13-c4269daa89ac;414.0;0.01;UNKNOWN
2016-03-08T01:59:39.000000;2016-03-08T01:59:39.000000;b292fa91-1595-4fe7-9bd4-f5ab7b658fd7;414.09;2.24;UNKNOWN
2016-03-08T02:00:13.000000;2016-03-08T02:00:13.000000;54d0e483-7b66-4717-8dc5-2e2b9f9ae5da;413.9;0.96399479;UNKNOWN
2016-03-08T02:00:53.000000;2016-03-08T02:00:53.000000;ef5774cb-c686-4761-ae88-d251831eace2;413.99;0.04356492;UNKNOWN
2016-03-08T02:00:59.000000;2016-03-08T02:00:59.000000;949293e7-163c-4802-ae6e-8dacca260415;414.0;1.5404;UNKNOWN
2016-03-08T02:01:23.000000;2016-03-08T02:01:23.000000;523775a5-0bd7-48ac-a0be-cefd1720a1d3;413.99;0.21782463;UNKNOWN
2016-03-08T02:02:38.000000;2016-03-08T02:02:38.000000;3cf5080f-daf8-4d32-ae4a-82d04db8a9d8;413.99;0.4999;UNKNOWN
2016-03-08T02:02:42.000000;2016-03-08T02:02:42.000000;08b4d50e-1844-4217-9f63-3d7448602eae;414.0;0.0341;UNKNOWN
2016-03-08T02:02:50.000000;2016-03-08T02:02:50.000000;2eff6bdf-1f1c-43ed-8e5f-0ab1b824403f;413.99;0.5;UNKNOWN
2016-03-08T02:03:00.000000;2016-03-08T02:03:00.000000;37f1c19f-456c-4c18-8abd-cdcfe2ff27cd;413.99;0.4999;UNKNOWN
2016-03-08T02:03:09.000000;2016-03-08T02:03:09.000000;f845bb20-35ff-4ae6-a316-4db44b16da40;413.99;0.5;UNKNOWN
2016-03-08T02:03:51.000000;2016-03-08T02:03:51.000000;b9277afd-d097-4ff7-9020-ea8b0163bacd;413.92;0.115;UNKNOWN
2016-03-08T02:04:00.000000;2016-03-08T02:04:00.000000;d8e729d8-28c8-4e19-bb2a-770100c727f0;413.91;0.0361494;UNKNOWN
2016-03-08T02:04:39.000000;2016-03-08T02:04:39.000000;33dac6c4-42f9-4702-a07c-da6d7a8d9ce4;413.91;0.06021898;UNKNOWN
2016-03-08T02:04:48.000000;2016-03-08T02:04:48.000000;9f4dbf01-36a0-4a7e-a7af-cd4d7c85d2ed;413.9;0.09626838;UNKNOWN
2016-03-08T02:04:48.000000;2016-03-08T02:04:48.000000;98e78453-35cd-4963-b875-078c1dc33771;413.91;0.40363162;UNKNOWN
2016-03-08T02:06:03.000000;2016-03-08T02:06:03.000000;afc7f903-19cd-4d98-bcb2-ba4b57616a2f;413.9;4.0;UNKNOWN
2016-03-08T02:06:10.000000;2016-03-08T02:06:10.000000;ec979351-1e1a-40af-8c0a-a52c81308778;413.07;3.0;UNKNOWN
2016-03-08T02:06:10.000000;2016-03-08T02:06:10.000000;8732a785-2299-42bb-a908-0a8190529304;413.26;6.0;UNKNOWN
2016-03-08T02:06:10.000000;2016-03-08T02:06:10.000000;7b0a8ebe-098c-4cf7-a353-f63ace2d0642;413.28;3.0;UNKNOWN
2016-03-08T02:06:33.000000;2016-03-08T02:06:33.000000;ef069767-15cc-4126-b111-aaedd485e235;413.03;0.04689282;UNKNOWN
2016-03-08T02:08:06.000000;2016-03-08T02:08:06.000000;b743d7b2-6c71-429b-8c99-3ef48edf7024;413.34;0.0423962;UNKNOWN
2016-03-08T02:08:06.000000;2016-03-08T02:08:06.000000;5439381d-4663-4dda-91a2-bf8b32eda183;413.61;0.8706038;UNKNOWN
2016-03-08T02:08:07.000000;2016-03-08T02:08:07.000000;d64e2d20-2967-442e-9d58-14c1f98c675d;413.61;0.99310806;UNKNOWN
2016-03-08T02:08:08.000000;2016-03-08T02:08:08.000000;80f7cf09-6510-4230-8fd5-ee13cb6cc597;413.61;0.36674105;UNKNOWN
2016-03-08T02:09:05.000000;2016-03-08T02:09:05.000000;51ca1a3a-c462-48c5-a67f-d4a27c13b53d;413.57;0.03620425;UNKNOWN
2016-03-08T02:09:23.000000;2016-03-08T02:09:23.000000;2ea90715-3d28-434d-956d-a915eadeb369;413.58;0.15;UNKNOWN
2016-03-08T02:10:10.000000;2016-03-08T02:10:10.000000;4dc43bd0-0303-4675-bdd3-33006cece2fb;413.7;0.89;UNKNOWN
2016-03-08T02:10:33.000000;2016-03-08T02:10:33.000000;c38f7dc0-0b99-4524-a779-c76d48a0b763;413.7;0.04837;UNKNOWN
2016-03-08T02:11:19.000000;2016-03-08T02:11:19.000000;9362bc0f-75e0-4213-a9e9-fb781aba6898;413.7;0.12104295;UNKNOWN
2016-03-08T02:11:25.000000;2016-03-08T02:11:25.000000;a2cff772-bfdc-4af8-b931-ca6b4023ec37;413.7;0.125;UNKNOWN
2016-03-08T02:13:13.000000;2016-03-08T02:13:13.000000;fc45058a-4e6d-4404-9782-fd575b9cda72;413.71;0.04840781;UNKNOWN
2016-03-08T02:14:08.000000;2016-03-08T02:14:08.000000;9d8251f2-7343-4f66-883b-5dad95ce6d0f;413.73;0.05903035;UNKNOWN
2016-03-08T02:14:12.000000;2016-03-08T02:14:12.000000;f30a1315-b657-4809-8134-3484640a6d49;413.74;0.0451;UNKNOWN
2016-03-08T02:15:49.000000;2016-03-08T02:15:49.000000;e36f2500-9f35-4f16-9265-ae515ada65c6;413.77;2.6;UNKNOWN
2016-03-08T02:16:04.000000;2016-03-08T02:16:04.000000;3f641ca7-fee6-4bf8-be70-2f6bddd6182b;413.75;0.1;UNKNOWN
2016-03-08T02:17:08.000000;2016-03-08T02:17:08.000000;a47a2d11-fee1-4725-867c-782fb8ca40fa;414.09;0.02034027;UNKNOWN
2016-03-08T02:17:36.000000;2016-03-08T02:17:36.000000;1c1b88c1-b590-464a-a3dc-379f3d2421d1;414.1;2.6;UNKNOWN
2016-03-08T02:17:36.000000;2016-03-08T02:17:36.000000;bdd68ce8-387e-4332-95f7-701ae5327733;414.1;3.60420452;UNKNOWN
2016-03-08T02:17:36.000000;2016-03-08T02:17:36.000000;6900e842-d714-4969-b7e0-ee7dc7b1f795;414.1;4.76604668;UNKNOWN
2016-03-08T02:17:36.000000;2016-03-08T02:17:36.000000;15ac514f-f796-4343-a6ed-fa7750756150;414.1;0.01;UNKNOWN
2016-03-08T02:17:36.000000;2016-03-08T02:17:36.000000;bffde604-f4b8-4f8f-b36c-fc300db12549;414.1;4.76604668;UNKNOWN
2016-03-08T02:19:07.000000;2016-03-08T02:19:07.000000;e70c7bf9-da24-419a-b5ae-863873120fb5;414.2;0.01;UNKNOWN
2016-03-08T02:19:07.000000;2016-03-08T02:19:07.000000;5fce7a62-03e4-4000-97e3-78639f6ac5e3;414.3;0.01;UNKNOWN
2016-03-08T02:19:07.000000;2016-03-08T02:19:07.000000;5000e432-f57c-4352-8608-76ba1577c088;414.17;0.066249;UNKNOWN
2016-03-08T02:19:07.000000;2016-03-08T02:19:07.000000;b3d5a44f-e289-4723-b55a-914b9a4ed5f3;414.31;0.350181;UNKNOWN
2016-03-08T02:19:09.000000;2016-03-08T02:19:09.000000;eb5fdaf7-90a7-4b8f-a04c-8f8db1705a8e;414.31;8.899839;UNKNOWN
2016-03-08T02:19:09.000000;2016-03-08T02:19:09.000000;f3c90ddb-3d80-45de-82eb-e8b06db9e489;414.4;1.63151;UNKNOWN
2016-03-08T02:19:09.000000;2016-03-08T02:19:09.000000;d44d1ecf-8bbc-45c5-9aa4-618c1d715314;414.48;6.458651;UNKNOWN
2016-03-08T02:19:09.000000;2016-03-08T02:19:09.000000;63d0c1d2-b2bf-408e-a157-ea8e9eb00290;414.4;0.01;UNKNOWN
2016-03-08T02:19:21.000000;2016-03-08T02:19:21.000000;770d1d74-bdb1-4a0e-b59d-1c5a2f39db4c;414.5;0.01;UNKNOWN
2016-03-08T02:19:21.000000;2016-03-08T02:19:21.000000;82783214-1b15-4f3a-8ad9-ed94478398ec;414.58;0.22832199;UNKNOWN
2016-03-08T02:19:21.000000;2016-03-08T02:19:21.000000;c84142a1-b1b2-452b-94cf-a5200227df60;414.53;4.76167801;UNKNOWN
2016-03-08T02:19:24.000000;2016-03-08T02:19:24.000000;c8584240-73e9-43a1-8530-3246adf8c166;414.3;7.0;UNKNOWN
2016-03-08T02:20:50.000000;2016-03-08T02:20:50.000000;25b6fc0d-3fcb-48d5-881b-3818507750a9;414.31;0.5;UNKNOWN
2016-03-08T02:20:52.000000;2016-03-08T02:20:52.000000;a334939a-1881-4456-85e9-ae9314c36c1f;414.32;0.1;UNKNOWN
2016-03-08T02:21:02.000000;2016-03-08T02:21:02.000000;5e35775b-baa2-497b-8a36-6cba386e6a96;414.31;0.5;UNKNOWN
2016-03-08T02:21:06.000000;2016-03-08T02:21:06.000000;2725755a-8b76-49c2-9457-5b3827d1dc22;414.31;0.301279;UNKNOWN
2016-03-08T02:21:09.000000;2016-03-08T02:21:09.000000;621e1651-ca90-4f1b-a10c-7c6a5441dfdb;414.31;0.530224;UNKNOWN
2016-03-08T02:21:11.000000;2016-03-08T02:21:11.000000;79cb04f5-1bd5-446f-ae5f-966495842e7d;414.31;0.382451;UNKNOWN
2016-03-08T02:21:33.000000;2016-03-08T02:21:33.000000;926265b7-bf2e-4d40-b503-34a6389e5116;414.31;0.2361;UNKNOWN
2016-03-08T02:21:49.000000;2016-03-08T02:21:49.000000;b6315491-f8b4-4bc8-9a18-1d1e607a1968;414.32;4.76553565;UNKNOWN
2016-03-08T02:21:49.000000;2016-03-08T02:21:49.000000;2891da11-1979-4e74-a42b-3ae7ea3ed9e8;414.32;6.9;UNKNOWN
2016-03-08T02:21:49.000000;2016-03-08T02:21:49.000000;334b87f6-3e98-46c4-95b4-e5aacb6a3e14;414.36;3.9608387;UNKNOWN
2016-03-08T02:21:49.000000;2016-03-08T02:21:49.000000;e4318090-9cba-4aa1-8e81-e0c8cecc3cbd;414.32;0.3;UNKNOWN
2016-03-08T02:21:49.000000;2016-03-08T02:21:49.000000;afef1b01-8e88-4c1b-9434-a89bc6415a4f;414.32;9.30809;UNKNOWN
2016-03-08T02:21:49.000000;2016-03-08T02:21:49.000000;9ef76a30-9b74-4474-a38a-cf1035de3a93;414.32;4.76553565;UNKNOWN
2016-03-08T02:22:00.000000;2016-03-08T02:22:00.000000;178ca417-e837-474f-b9ad-0a99240d1357;414.36;0.3;UNKNOWN
2016-03-08T02:22:00.000000;2016-03-08T02:22:00.000000;d0917f0e-da75-414d-b99a-209423a17396;414.37;1.45;UNKNOWN
2016-03-08T02:22:03.000000;2016-03-08T02:22:03.000000;3677ef47-0515-4665-9df9-d3b94f4d1645;414.37;0.07;UNKNOWN
2016-03-08T02:22:09.000000;2016-03-08T02:22:09.000000;e9f9213f-c796-4c9c-91b4-e8adea3f2c7a;414.34;0.0201;UNKNOWN
2016-03-08T02:22:11.000000;2016-03-08T02:22:11.000000;bebb5d6f-df2b-4d5d-9ff2-ca39a2cef944;414.34;0.59;UNKNOWN
2016-03-08T02:22:14.000000;2016-03-08T02:22:14.000000;4e85fe5d-82d4-434a-9609-cf8ab013e87e;414.31;0.25304105;UNKNOWN
2016-03-08T02:22:22.000000;2016-03-08T02:22:22.000000;634c0067-033b-4b2b-bad3-56d64162626a;414.31;0.045;UNKNOWN
2016-03-08T02:22:30.000000;2016-03-08T02:22:30.000000;00095811-a1dc-4cc4-9122-d01839fd8866;414.31;1.4290011;UNKNOWN
2016-03-08T02:23:14.000000;2016-03-08T02:23:14.000000;2f773d0a-4fbd-4cef-ab18-32d90b4014d1;414.31;1.0;UNKNOWN
2016-03-08T02:24:19.000000;2016-03-08T02:24:19.000000;30201560-95d8-4215-9bbd-9fe46a68216a;414.32;0.5;UNKNOWN
2016-03-08T02:24:21.000000;2016-03-08T02:24:21.000000;4f54d19b-7b0a-4b9f-a306-d9dbb8fb8ec8;414.32;0.5;UNKNOWN
2016-03-08T02:24:44.000000;2016-03-08T02:24:44.000000;8f1a5e01-180e-4f14-9400-4db3cf57cc49;414.31;1.18575766;UNKNOWN
2016-03-08T02:24:44.000000;2016-03-08T02:24:44.000000;046ec034-b95f-4a60-aff5-a21173a6f2a9;414.32;2.96697491;UNKNOWN
2016-03-08T02:24:44.000000;2016-03-08T02:24:44.000000;de228ab7-492d-4be4-9e78-87acf20d9da8;414.32;1.52202509;UNKNOWN
2016-03-08T02:24:46.000000;2016-03-08T02:24:46.000000;4cc161ca-b31f-4c83-b292-7196bbc32bcf;414.31;0.02691;UNKNOWN
2016-03-08T02:25:11.000000;2016-03-08T02:25:11.000000;45dfc418-65ea-4a1a-975b-ff30469d1e63;414.31;0.484764;UNKNOWN
2016-03-08T02:25:55.000000;2016-03-08T02:25:55.000000;6b144146-7dee-4555-b987-2056fdf502b8;414.11;1.69743166;UNKNOWN
2016-03-08T02:25:55.000000;2016-03-08T02:25:55.000000;dcf8374e-b707-4c13-af81-f581ba7925e3;414.31;3.30256834;UNKNOWN
2016-03-08T02:26:17.000000;2016-03-08T02:26:17.000000;2b041437-79d9-469d-a7a3-3b0ca47c5040;414.09;0.107026;UNKNOWN
2016-03-08T02:27:13.000000;2016-03-08T02:27:13.000000;dbc6dde7-7b1b-431e-98d6-fbe55d6a5560;414.09;0.10256234;UNKNOWN
2016-03-08T02:27:22.000000;2016-03-08T02:27:22.000000;c899025a-d22c-4b2e-bd5e-c42f232a295e;414.09;0.11113911;UNKNOWN
2016-03-08T02:27:33.000000;2016-03-08T02:27:33.000000;6cadf2d5-30b2-47ed-abfe-6aef5e4c8767;414.09;1.0;UNKNOWN
2016-03-08T02:27:42.000000;2016-03-08T02:27:42.000000;b5b11539-7719-4b88-9742-c51f6a1c63e1;414.09;1.0;UNKNOWN
2016-03-08T02:27:51.000000;2016-03-08T02:27:51.000000;42e47ddd-5b47-4c34-98a2-22f78e19ea59;414.09;1.0;UNKNOWN
2016-03-08T02:27:56.000000;2016-03-08T02:27:56.000000;8344426f-4cf2-41e5-aa15-41d6d5254aba;414.09;0.219934;UNKNOWN
2016-03-08T02:28:19.000000;2016-03-08T02:28:19.000000;c8f86927-c713-4ee3-9338-d4d9b9476ff1;414.09;1.0;UNKNOWN
2016-03-08T02:30:01.000000;2016-03-08T02:30:01.000000;b7309049-15fb-4b84-a7fa-fe884f4a5682;414.09;1.0;UNKNOWN
2016-03-08T02:30:44.000000;2016-03-08T02:30:44.000000;478d33ea-68ab-45a2-a29c-61187e634590;414.09;0.43899828;UNKNOWN
2016-03-08T02:31:23.000000;2016-03-08T02:31:23.000000;42b3cc36-2572-42dc-9e00-a736158849d3;414.0;0.24173513;UNKNOWN
2016-03-08T02:31:47.000000;2016-03-08T02:31:47.000000;a19d4905-b1ec-4324-af5c-f080059644ed;414.0;0.01;UNKNOWN
2016-03-08T02:31:52.000000;2016-03-08T02:31:52.000000;9b2fb60f-72e1-402b-ba3b-0dd497a3f091;414.0;0.6;UNKNOWN
2016-03-08T02:32:10.000000;2016-03-08T02:32:10.000000;05c00594-b469-45ee-87c4-a799a8ccf414;414.0;0.14826487;UNKNOWN
2016-03-08T02:32:10.000000;2016-03-08T02:32:10.000000;eecea9cc-b004-4868-bda5-61517d9bc6f3;413.89;6.0;UNKNOWN
2016-03-08T02:32:10.000000;2016-03-08T02:32:10.000000;cac956c0-8177-4043-b8f9-3365e01b19e8;413.71;2.74156548;UNKNOWN
2016-03-08T02:32:10.000000;2016-03-08T02:32:10.000000;ed2cf67a-89a5-4b95-9291-87697eeec8c1;413.73;5.94096965;UNKNOWN
2016-03-08T02:32:39.000000;2016-03-08T02:32:39.000000;be21300d-d5e5-483b-a0c5-42ca89dc5922;413.81;4.0;UNKNOWN
2016-03-08T02:33:20.000000;2016-03-08T02:33:20.000000;be68fe22-501b-4547-87d7-39b26ac31461;413.7;1.51116329;UNKNOWN
2016-03-08T02:33:20.000000;2016-03-08T02:33:20.000000;67a1eaf6-9d0a-492f-908b-1fece3a3df62;413.71;3.21002671;UNKNOWN
2016-03-08T02:33:45.000000;2016-03-08T02:33:45.000000;81f1ddea-fe2f-48ad-886b-80b7ecf1a7d9;413.7;1.58626;UNKNOWN
2016-03-08T02:34:53.000000;2016-03-08T02:34:53.000000;5f432176-9eca-438e-8780-19cc6e6a7b84;413.5;0.02855163;UNKNOWN
2016-03-08T02:37:01.000000;2016-03-08T02:37:01.000000;e7e00e3c-e74e-468d-a8b1-72235ddd4980;413.53;8.4637;UNKNOWN
2016-03-08T02:37:05.000000;2016-03-08T02:37:05.000000;d5a7b005-990a-46bd-81ba-ea779e3683cb;413.51;0.76314036;UNKNOWN
2016-03-08T02:38:44.000000;2016-03-08T02:38:44.000000;32557203-c9e6-4e27-b2cd-0b61eb174f8d;413.67;0.4121;UNKNOWN
2016-03-08T02:38:44.000000;2016-03-08T02:38:44.000000;7e41a5f9-9e37-455b-b14b-1c402edd0428;413.61;9.5879;UNKNOWN
2016-03-08T02:38:53.000000;2016-03-08T02:38:53.000000;84bbe57e-87c2-48dd-9894-13a5fb48fd74;413.61;10.049571;UNKNOWN
2016-03-08T02:39:08.000000;2016-03-08T02:39:08.000000;676710f5-2576-4f2d-82d2-b00a1947624b;413.54;0.21739442;UNKNOWN
2016-03-08T02:39:08.000000;2016-03-08T02:39:08.000000;264d7280-7486-4663-b043-5621a837b5a3;413.55;0.5;UNKNOWN
2016-03-08T02:39:09.000000;2016-03-08T02:39:09.000000;fb12bcd3-14a0-498a-85c5-add3de345944;413.55;0.11954001;UNKNOWN
2016-03-08T02:41:08.000000;2016-03-08T02:41:08.000000;1b403046-ac69-4cac-8f6f-d236f847c9e0;413.55;0.728;UNKNOWN
2016-03-08T02:44:06.000000;2016-03-08T02:44:06.000000;82f994c0-8abb-41a1-af82-4584815a2c26;413.55;0.61732782;UNKNOWN
2016-03-08T02:45:34.000000;2016-03-08T02:45:34.000000;e8a926bf-5ba7-475d-ba3d-5c8ec6e6555c;413.54;2.42056609;UNKNOWN
2016-03-08T02:46:26.000000;2016-03-08T02:46:26.000000;8a1f8821-ad68-4b40-9307-eba544d5b02d;413.54;1.0;UNKNOWN
2016-03-08T02:46:57.000000;2016-03-08T02:46:57.000000;c0a6693e-d137-4c56-a0fe-ca2e8188ba42;413.55;0.0728;UNKNOWN
2016-03-08T02:47:09.000000;2016-03-08T02:47:09.000000;07aeeed4-3437-4237-aa40-56eea9ad0982;413.55;5.32427218;UNKNOWN
2016-03-08T02:48:13.000000;2016-03-08T02:48:13.000000;5ff36bf2-4a2c-4b07-b732-0446697d33db;413.61;0.04789386;UNKNOWN
2016-03-08T02:48:15.000000;2016-03-08T02:48:15.000000;6318ab70-1b6d-4544-8b52-40e6f8fb8821;413.68;0.65;UNKNOWN
2016-03-08T02:48:22.000000;2016-03-08T02:48:22.000000;d2c68ff8-ffe9-4de5-b982-0bed799ebf2d;413.65;0.01;UNKNOWN
2016-03-08T02:49:06.000000;2016-03-08T02:49:06.000000;b9fde528-551a-4464-8bee-5534c8003050;413.65;0.99364031;UNKNOWN
2016-03-08T02:50:57.000000;2016-03-08T02:50:57.000000;6a19dc7c-5567-41b2-811d-ffb64527eb1f;413.55;3.86452782;UNKNOWN
2016-03-08T02:51:04.000000;2016-03-08T02:51:04.000000;8f2b5730-c326-4d5d-926d-a8cdb7a1982d;413.42;0.0968203;UNKNOWN
2016-03-08T02:51:05.000000;2016-03-08T02:51:05.000000;2bab1419-675b-4098-81f2-aab2a5a6b744;413.56;4.35;UNKNOWN
2016-03-08T02:51:13.000000;2016-03-08T02:51:13.000000;c6299950-8221-45a8-954b-682cc075a050;413.41;0.13;UNKNOWN
2016-03-08T02:51:13.000000;2016-03-08T02:51:13.000000;a506e645-6a17-4f0f-b567-7de4b8bba951;413.43;3.0;UNKNOWN
2016-03-08T02:51:13.000000;2016-03-08T02:51:13.000000;335f4e71-57ff-46ed-ae2f-c464a59b842d;413.44;0.5;UNKNOWN
2016-03-08T02:52:43.000000;2016-03-08T02:52:43.000000;0a71fa34-680a-4ca1-9958-131a19b951c8;413.22;0.14527964;UNKNOWN
2016-03-08T02:53:10.000000;2016-03-08T02:53:10.000000;79eae349-0e5b-4c3e-8c0e-cabec7813f25;413.2;0.010312;UNKNOWN
2016-03-08T02:53:13.000000;2016-03-08T02:53:13.000000;292fcd53-9885-43e1-a0b6-c908b09825bb;413.2;0.0106;UNKNOWN
2016-03-08T02:54:28.000000;2016-03-08T02:54:28.000000;1767e0ef-b585-4faf-83cc-fcffd45de87b;413.25;0.891;UNKNOWN
2016-03-08T02:54:33.000000;2016-03-08T02:54:33.000000;05c50c02-4a26-415d-b967-e55d02873fb1;413.21;6.0232;UNKNOWN
2016-03-08T02:54:37.000000;2016-03-08T02:54:37.000000;e76f8e8f-755b-47b6-a8f9-000fdc6fe22e;413.0;0.01;UNKNOWN
2016-03-08T02:54:37.000000;2016-03-08T02:54:37.000000;45b48047-8b64-4d69-81ed-2504f2c35807;413.2;5.979088;UNKNOWN
2016-03-08T02:54:37.000000;2016-03-08T02:54:37.000000;40514a74-1d16-47e7-861e-fec7467d4a33;413.0;1.0;UNKNOWN
2016-03-08T02:54:37.000000;2016-03-08T02:54:37.000000;6f481bd9-a205-47e1-8509-f97b676ad8d0;413.21;6.7168;UNKNOWN
2016-03-08T02:54:37.000000;2016-03-08T02:54:37.000000;3a352ebf-118e-46b4-8f72-9ff3196936c6;413.0;0.01428;UNKNOWN
2016-03-08T02:55:08.000000;2016-03-08T02:55:08.000000;7eb2547d-eb9b-431c-8a32-b71ef96576eb;412.6;0.01;UNKNOWN
2016-03-08T02:55:08.000000;2016-03-08T02:55:08.000000;8eabb7aa-efd2-4347-abb0-38a85dfe2d7a;412.55;4.77133383;UNKNOWN
2016-03-08T02:55:08.000000;2016-03-08T02:55:08.000000;641fa11b-a278-457e-bdca-a7f1d5d26d91;412.45;4.77133383;UNKNOWN
2016-03-08T02:55:08.000000;2016-03-08T02:55:08.000000;5fd2dfbc-4a6b-4fa8-95ed-6860e4b1076d;412.9;0.1666538;UNKNOWN
2016-03-08T02:55:08.000000;2016-03-08T02:55:08.000000;2e81cf50-887f-4cea-b338-34a27fe800ca;412.61;4.77133383;UNKNOWN
2016-03-08T02:55:08.000000;2016-03-08T02:55:08.000000;2dcb85d3-79ad-44e1-9566-8444b818a15b;412.45;2.06036983;UNKNOWN
2016-03-08T02:55:08.000000;2016-03-08T02:55:08.000000;adea840e-e163-415c-861d-10adfd76bacd;412.41;7.75;UNKNOWN
2016-03-08T02:55:08.000000;2016-03-08T02:55:08.000000;954bddfb-c6ba-42d0-87aa-adbc3479aab1;412.55;12.6612;UNKNOWN
2016-03-08T02:55:08.000000;2016-03-08T02:55:08.000000;977a8bbe-9e2f-4a41-be50-0d99503a88c8;412.56;4.61;UNKNOWN
2016-03-08T02:55:08.000000;2016-03-08T02:55:08.000000;78ba5faa-ae02-4601-a08f-2dae4f3e31ba;412.68;6.0339;UNKNOWN
2016-03-08T02:55:08.000000;2016-03-08T02:55:08.000000;c0d614c0-6c34-4b78-8f36-c07ec208b966;412.65;0.01;UNKNOWN
2016-03-08T02:55:08.000000;2016-03-08T02:55:08.000000;0e162ddc-d5dd-4f3b-9a7c-44277037ef21;412.4;0.01;UNKNOWN
2016-03-08T02:55:08.000000;2016-03-08T02:55:08.000000;8bb47e6f-fbca-4472-88a2-d148569b5aa2;412.9;0.68035515;UNKNOWN
2016-03-08T02:55:08.000000;2016-03-08T02:55:08.000000;bd3f9dcd-7765-4e69-8fab-04c74a605190;412.7;0.01;UNKNOWN
2016-03-08T02:55:08.000000;2016-03-08T02:55:08.000000;73132eb1-27a0-491e-a7fc-aa94a823e2c0;412.9;6.0;UNKNOWN
2016-03-08T02:55:08.000000;2016-03-08T02:55:08.000000;3f8424c6-f4e3-44df-b66d-5d09762ca22a;412.9;0.26313758;UNKNOWN
2016-03-08T02:55:08.000000;2016-03-08T02:55:08.000000;b68cf79a-942b-435f-bb93-b4b4cbd60636;412.9;0.01;UNKNOWN
2016-03-08T02:55:08.000000;2016-03-08T02:55:08.000000;e9855ddb-9651-4922-b097-55becf19fb62;412.5;0.01;UNKNOWN
2016-03-08T02:55:08.000000;2016-03-08T02:55:08.000000;50ceb19b-7ce0-4aee-9f17-21ce9c4f3cf6;412.5;4.77133383;UNKNOWN
2016-03-08T02:55:08.000000;2016-03-08T02:55:08.000000;355fd008-428d-43c7-9909-01367a6b21e7;412.9;0.74910381;UNKNOWN
2016-03-08T02:55:08.000000;2016-03-08T02:55:08.000000;e97df82c-a7bd-4e19-9488-5c674f3c2f51;412.5;0.25;UNKNOWN
2016-03-08T02:55:08.000000;2016-03-08T02:55:08.000000;ee1c04ee-7229-40c1-9cb6-a0c5a246f2d3;412.39;0.77977651;UNKNOWN
2016-03-08T02:55:08.000000;2016-03-08T02:55:08.000000;9c053f87-b959-40d4-8dfa-1e2b367454fe;412.8;0.01;UNKNOWN
2016-03-08T02:55:08.000000;2016-03-08T02:55:08.000000;861bd192-5f15-43ce-9ee8-87624719d52a;412.65;0.01;UNKNOWN
2016-03-08T02:55:08.000000;2016-03-08T02:55:08.000000;b1f70d15-3643-4371-9517-7ac41537bc23;412.65;0.01;UNKNOWN
2016-03-08T02:55:08.000000;2016-03-08T02:55:08.000000;c92d6394-5146-4ff2-ae7f-c5f9917ed5ba;412.65;0.01;UNKNOWN
2016-03-08T02:55:08.000000;2016-03-08T02:55:08.000000;71cfacb3-8f38-4d4e-b19c-ba5d538d4d70;412.6;0.05;UNKNOWN
2016-03-08T02:55:08.000000;2016-03-08T02:55:08.000000;19151e11-2338-4917-bbfe-57ba168aa795;412.65;0.01;UNKNOWN
2016-03-08T02:55:08.000000;2016-03-08T02:55:08.000000;79b2e487-2bce-4b9a-9196-e69545e50348;412.65;0.01;UNKNOWN
2016-03-08T02:55:08.000000;2016-03-08T02:55:08.000000;72c4c0e6-5496-4293-965d-2f68eee3507f;412.65;0.01;UNKNOWN
2016-03-08T02:55:08.000000;2016-03-08T02:55:08.000000;f0a97d93-05a9-4151-9749-e1d54fae084e;412.65;0.01;UNKNOWN
2016-03-08T02:55:50.000000;2016-03-08T02:55:50.000000;38290efe-a441-4a8c-849f-a1b6e0aa3444;412.8;0.0148;UNKNOWN
2016-03-08T02:55:50.000000;2016-03-08T02:55:50.000000;e9cf9598-25b4-4dd0-9937-94edecbbb034;412.8;6.0;UNKNOWN
2016-03-08T02:56:21.000000;2016-03-08T02:56:21.000000;c33dfcbe-b60a-4e19-9191-4b82bf00f949;412.8;1.3032842;UNKNOWN
2016-03-08T02:56:21.000000;2016-03-08T02:56:21.000000;72ea30d2-d7b2-43eb-885f-386a31818ba4;412.8;0.8897291;UNKNOWN
2016-03-08T02:56:21.000000;2016-03-08T02:56:21.000000;4a630189-e66d-4dbe-ae95-4a356649e9c1;412.8;1.0;UNKNOWN
2016-03-08T02:58:21.000000;2016-03-08T02:58:21.000000;0a399e7a-e308-4d25-88cb-5e0888e1fa92;412.82;0.057974;UNKNOWN
2016-03-08T02:59:13.000000;2016-03-08T02:59:13.000000;0ae4439f-abd7-46ba-9c6c-ae16cb717be2;412.62;0.04785375;UNKNOWN
2016-03-08T02:59:23.000000;2016-03-08T02:59:23.000000;1d03877a-e34c-4948-8883-0f716d31062c;412.82;5.0;UNKNOWN
2016-03-08T03:00:02.000000;2016-03-08T03:00:02.000000;65e7741d-86ca-44a6-ae68-e49de56763c3;412.65;0.5;UNKNOWN
2016-03-08T03:00:02.000000;2016-03-08T03:00:02.000000;3ddf5b00-9c1e-4eb6-9a84-d6d41ce1bf11;412.64;1.5;UNKNOWN
2016-03-08T03:00:02.000000;2016-03-08T03:00:02.000000;1ac3b9ce-d2a8-4d54-b196-74a03b6295ad;412.65;3.0;UNKNOWN
2016-03-08T03:00:22.000000;2016-03-08T03:00:22.000000;7e443469-3484-4242-883b-9e0d5aa9776b;412.94;3.330374;UNKNOWN
2016-03-08T03:00:53.000000;2016-03-08T03:00:53.000000;657322d9-bffa-4dc7-82cf-176b149bbe9a;412.95;5.9846;UNKNOWN
2016-03-08T03:01:01.000000;2016-03-08T03:01:01.000000;9c0a1fad-4d70-428e-9cc7-00ec682382af;412.95;6.1554;UNKNOWN
2016-03-08T03:01:01.000000;2016-03-08T03:01:01.000000;b164e6ee-575a-4e52-a30b-99c204ae96f4;412.92;0.9711184;UNKNOWN
2016-03-08T03:01:20.000000;2016-03-08T03:01:20.000000;d7c1f0c1-b16e-41cb-b80b-c8f0f800ac29;412.92;4.0;UNKNOWN
2016-03-08T03:02:05.000000;2016-03-08T03:02:05.000000;8c26cdec-f98d-404b-a2a5-4db3000273f5;413.05;0.02408641;UNKNOWN
2016-03-08T03:03:00.000000;2016-03-08T03:03:00.000000;c7a2559a-4e90-4ac7-89cb-7073d244bfc4;413.06;0.0100106;UNKNOWN
2016-03-08T03:03:31.000000;2016-03-08T03:03:31.000000;9ba55855-84b1-4021-ba9a-33295592e1ec;412.93;0.0010106;UNKNOWN
2016-03-08T03:04:34.000000;2016-03-08T03:04:34.000000;6fc7a9b3-96f1-4596-8932-396144026247;412.92;0.04848283;UNKNOWN
2016-03-08T03:04:54.000000;2016-03-08T03:04:54.000000;0b5ec7c8-5fce-4c01-8410-1f28aa292d29;412.93;5.0;UNKNOWN
2016-03-08T03:06:30.000000;2016-03-08T03:06:30.000000;c8660263-a0e8-4ab7-b090-f0b4927da463;412.75;5.0;UNKNOWN
2016-03-08T03:07:05.000000;2016-03-08T03:07:05.000000;69f6d1ef-78f7-47fd-ab56-233659719181;412.94;3.0;UNKNOWN
2016-03-08T03:07:05.000000;2016-03-08T03:07:05.000000;186ada5a-31f0-4e89-aaa7-a4e3fd5e25ed;412.92;6.0188;UNKNOWN
2016-03-08T03:07:05.000000;2016-03-08T03:07:05.000000;13d59113-4ab0-43b2-818e-13ba5f922966;412.94;0.29906758;UNKNOWN
2016-03-08T03:08:05.000000;2016-03-08T03:08:05.000000;f7878359-84fa-4abf-ae73-d4b00ece5acc;412.97;0.1204471;UNKNOWN
2016-03-08T03:08:07.000000;2016-03-08T03:08:07.000000;807894a9-c706-4aad-8d8b-6e81c83ec643;412.97;0.48081546;UNKNOWN
2016-03-08T03:09:38.000000;2016-03-08T03:09:38.000000;fb8545c8-b897-4870-a657-c70b10c286f8;412.68;2.95782641;UNKNOWN
2016-03-08T03:11:03.000000;2016-03-08T03:11:03.000000;4ba444f3-758b-48f2-964b-a971ebdd9fa4;412.69;0.125;UNKNOWN
2016-03-08T03:12:28.000000;2016-03-08T03:12:28.000000;64575408-e0b0-488a-a687-784b1a33e93d;412.77;0.06;UNKNOWN
2016-03-08T03:14:13.000000;2016-03-08T03:14:13.000000;a7ed00d7-1bff-4883-af82-1b3222ba8eea;413.14;0.04751456;UNKNOWN
2016-03-08T03:19:20.000000;2016-03-08T03:19:20.000000;e3e2c038-466f-4e72-8fdb-a38e512dc14e;413.53;3.0;UNKNOWN
2016-03-08T03:20:24.000000;2016-03-08T03:20:24.000000;60855e6c-683b-4a3f-8068-784f5854c698;413.57;1.98313232;UNKNOWN
2016-03-08T03:20:53.000000;2016-03-08T03:20:53.000000;40081dd1-c02a-4117-acb7-e443dcc38dec;413.52;0.02870288;UNKNOWN
2016-03-08T03:20:55.000000;2016-03-08T03:20:55.000000;3f0c1219-fb0c-44d2-a3ca-64453a2c76bd;413.48;0.01275;UNKNOWN
2016-03-08T03:20:59.000000;2016-03-08T03:20:59.000000;9e714a13-1baa-45e4-8cfb-dd1073ec0c32;413.48;0.01275;UNKNOWN
2016-03-08T03:22:46.000000;2016-03-08T03:22:46.000000;4a7d682b-d9c3-435a-9f94-db11d3cf0bb9;413.28;3.768144;UNKNOWN
2016-03-08T03:22:48.000000;2016-03-08T03:22:48.000000;46d9c60c-794b-4054-a519-bcbdb771452b;413.28;0.829136;UNKNOWN
2016-03-08T03:22:54.000000;2016-03-08T03:22:54.000000;a1dc3116-d058-43c0-9356-ed235c0e60c9;413.34;1.633916;UNKNOWN
2016-03-08T03:22:56.000000;2016-03-08T03:22:56.000000;2274fd45-e72d-4f7c-8104-83aaefa93e40;413.35;1.286459;UNKNOWN
2016-03-08T03:22:56.000000;2016-03-08T03:22:56.000000;dbf998d3-7939-4e66-bb56-c7f8a017118e;413.36;3.88;UNKNOWN
2016-03-08T03:25:32.000000;2016-03-08T03:25:32.000000;649c34fd-ece3-4af4-aeff-abc83ab5aeee;413.48;0.39;UNKNOWN
2016-03-08T03:25:32.000000;2016-03-08T03:25:32.000000;a89adf0b-d128-4755-9eeb-1883c4fbf90a;413.47;1.61;UNKNOWN
2016-03-08T03:25:39.000000;2016-03-08T03:25:39.000000;431902ef-a451-40cf-82dd-5a38e1a09f27;413.65;1.48;UNKNOWN
2016-03-08T03:25:39.000000;2016-03-08T03:25:39.000000;740d576f-2ff6-46bf-8177-bdb5a7e3c0a7;413.55;0.02;UNKNOWN
2016-03-08T03:26:05.000000;2016-03-08T03:26:05.000000;6446d3e3-5892-4303-b476-304660be45f0;413.56;0.17928584;UNKNOWN
2016-03-08T03:27:25.000000;2016-03-08T03:27:25.000000;614f53bc-6902-465b-8149-28c96e305697;413.57;7.1016;UNKNOWN
2016-03-08T03:28:35.000000;2016-03-08T03:28:35.000000;0b0617d2-c16d-4efc-a200-c827c3d7cc1c;413.76;0.22738208;UNKNOWN
2016-03-08T03:28:35.000000;2016-03-08T03:28:35.000000;67f0c169-7e1a-4327-9e0b-ea69eb1111d4;413.76;3.59311008;UNKNOWN
2016-03-08T03:28:35.000000;2016-03-08T03:28:35.000000;1edd35ba-d34e-4cee-a1b7-aa673cba0ab6;413.76;0.40873791;UNKNOWN
2016-03-08T03:28:35.000000;2016-03-08T03:28:35.000000;85cf7b64-a2f7-4617-a4ac-076de26d6181;413.76;0.35132793;UNKNOWN
2016-03-08T03:29:05.000000;2016-03-08T03:29:05.000000;4bb8686e-cca5-4ac5-b757-526d01bffbdf;413.89;3.59104336;UNKNOWN
2016-03-08T03:29:26.000000;2016-03-08T03:29:26.000000;90c0feb8-ec53-41e0-ba03-a9567461ecb1;413.84;2.80109897;UNKNOWN
2016-03-08T03:29:26.000000;2016-03-08T03:29:26.000000;58b2ea33-83c5-4871-9aeb-c0e4413f53da;413.84;2.21350103;UNKNOWN
2016-03-08T03:30:26.000000;2016-03-08T03:30:26.000000;ea1af9fd-92ae-4723-8663-e35d147c9d9d;413.86;1.909866;UNKNOWN
2016-03-08T03:30:36.000000;2016-03-08T03:30:36.000000;9c214ea3-eb17-4c05-947d-13f6026fc732;413.89;0.835519;UNKNOWN
2016-03-08T03:31:08.000000;2016-03-08T03:31:08.000000;3c5f4a2c-4b6d-4f55-8683-1c17aeca0e13;413.9;0.01;UNKNOWN
2016-03-08T03:31:26.000000;2016-03-08T03:31:26.000000;d7037062-4b98-4246-b4bb-18f378b65dd2;413.99;5.0;UNKNOWN
2016-03-08T03:31:34.000000;2016-03-08T03:31:34.000000;239ee518-f5c2-43ee-ad9d-edcd63235a23;414.0;0.01;UNKNOWN
2016-03-08T03:31:46.000000;2016-03-08T03:31:46.000000;1319c6e3-401d-4f6f-8315-1b322b5f041d;414.65;0.06;UNKNOWN
2016-03-08T03:31:46.000000;2016-03-08T03:31:46.000000;333317ef-9251-4618-b8e4-625bc85e7260;414.7;0.01;UNKNOWN
2016-03-08T03:31:46.000000;2016-03-08T03:31:46.000000;f32ffe50-e7d1-4774-80c8-4b5b4937f4ab;414.76;4.6;UNKNOWN
2016-03-08T03:31:46.000000;2016-03-08T03:31:46.000000;04589d70-791a-4e57-98fc-ba8a747961cb;414.73;4.7599781;UNKNOWN
2016-03-08T03:31:46.000000;2016-03-08T03:31:46.000000;54f98dce-c25a-43ca-88eb-c61675c5ff33;414.77;0.19885399;UNKNOWN
2016-03-08T03:31:46.000000;2016-03-08T03:31:46.000000;c4ac79ba-8571-44d9-a3d1-1867174e8d5e;414.73;4.76116791;UNKNOWN
2016-03-08T03:31:46.000000;2016-03-08T03:31:46.000000;1f09c664-e230-4ece-b43f-04dd4e8eb7d5;414.6;0.01;UNKNOWN
2016-03-08T03:31:46.000000;2016-03-08T03:31:46.000000;43e5f9d1-ddb5-4102-aff3-531063b37a43;414.1;0.01;UNKNOWN
2016-03-08T03:31:46.000000;2016-03-08T03:31:46.000000;b96bffc4-4dc7-4d79-b39c-d9d2e4e74560;414.4;0.01;UNKNOWN
2016-03-08T03:31:46.000000;2016-03-08T03:31:46.000000;25993b29-46ea-4d33-ad37-11007961210b;414.66;3.0;UNKNOWN
2016-03-08T03:31:46.000000;2016-03-08T03:31:46.000000;f61315e2-84e7-470d-a08d-266ca8e81108;414.2;0.01;UNKNOWN
2016-03-08T03:31:46.000000;2016-03-08T03:31:46.000000;a8fb54e6-b33c-4b22-a588-9c764425c32c;414.5;0.01;UNKNOWN
2016-03-08T03:31:46.000000;2016-03-08T03:31:46.000000;2fe7a82b-8856-40a5-a1d8-ebfbe8602138;414.04;0.6;UNKNOWN
2016-03-08T03:31:46.000000;2016-03-08T03:31:46.000000;31980964-4826-41c5-b4b0-885219f06932;414.3;0.01;UNKNOWN
2016-03-08T03:31:46.000000;2016-03-08T03:31:46.000000;b68ef387-fe09-4b40-85a7-00cdd84c314a;414.47;1.91;UNKNOWN
2016-03-08T03:31:46.000000;2016-03-08T03:31:46.000000;94a65fbd-2b60-46f5-9ef4-3c2f185b6bef;414.1;0.04;UNKNOWN
2016-03-08T03:31:50.000000;2016-03-08T03:31:50.000000;d3adc15e-e7f4-406e-8bfb-89d2781d0f14;414.23;1.029974;UNKNOWN
2016-03-08T03:31:55.000000;2016-03-08T03:31:55.000000;12b537a4-ccbb-4de0-a8b3-ae31574154c3;414.51;0.65;UNKNOWN
2016-03-08T03:31:55.000000;2016-03-08T03:31:55.000000;ce19179d-4226-487f-94ad-5660d5157a4b;414.5;2.474681;UNKNOWN
2016-03-08T03:32:02.000000;2016-03-08T03:32:02.000000;19093147-4581-4b75-8711-44cc161775b8;414.88;4.76133793;UNKNOWN
2016-03-08T03:32:02.000000;2016-03-08T03:32:02.000000;61c53701-2ba6-4989-867c-cbfab79ed6fb;414.9;0.01;UNKNOWN
2016-03-08T03:32:02.000000;2016-03-08T03:32:02.000000;8b8ca608-3b45-4912-be78-bdb1bc040d59;414.9;4.20866207;UNKNOWN
2016-03-08T03:32:02.000000;2016-03-08T03:32:02.000000;d7c172b5-3f1e-4b3b-97a1-a1a1bfc26209;414.8;0.01;UNKNOWN
2016-03-08T03:32:02.000000;2016-03-08T03:32:02.000000;ac1ad516-5b4e-49e4-b722-6e9fc14cc28d;414.84;1.02;UNKNOWN
2016-03-08T03:32:02.000000;2016-03-08T03:32:02.000000;2f2b23f7-27b0-4e67-a72a-ffdf07ff1f3e;414.84;0.89;UNKNOWN
2016-03-08T03:32:09.000000;2016-03-08T03:32:09.000000;cdb594df-85e5-4896-8177-483cec34ba7f;415.0;0.619259;UNKNOWN
2016-03-08T03:32:09.000000;2016-03-08T03:32:09.000000;77b23a5c-9545-475a-b292-8c317bad006a;415.0;2.460741;UNKNOWN
2016-03-08T03:32:09.000000;2016-03-08T03:32:09.000000;452ba6ad-49db-4336-ab0b-d0599009065e;414.97;1.91;UNKNOWN
2016-03-08T03:32:09.000000;2016-03-08T03:32:09.000000;e5c5a1ba-2ab0-47cd-abf1-cb2c24daa2ae;415.0;0.01;UNKNOWN
2016-03-08T03:32:33.000000;2016-03-08T03:32:33.000000;1cad3333-de98-4e6d-97c0-cc7cdb2b04df;415.1;0.01;UNKNOWN
2016-03-08T03:32:33.000000;2016-03-08T03:32:33.000000;a63ba6fa-e0f1-4879-ae9b-361abb943823;415.1;19.99;UNKNOWN
2016-03-08T03:32:51.000000;2016-03-08T03:32:51.000000;79d92e1b-93ab-4fc9-a58a-7bc9ce87bcba;415.1;5.9619;UNKNOWN
2016-03-08T03:32:57.000000;2016-03-08T03:32:57.000000;1c04f67d-77d6-46af-9663-7ed72be2ff59;415.1;0.777;UNKNOWN
2016-03-08T03:33:07.000000;2016-03-08T03:33:07.000000;fa475360-619c-4562-8633-deafae0bbdca;415.1;6.0016;UNKNOWN
2016-03-08T03:33:12.000000;2016-03-08T03:33:12.000000;f996043c-69cb-4a04-a948-4f0db61a2ae4;415.09;0.29;UNKNOWN
2016-03-08T03:33:12.000000;2016-03-08T03:33:12.000000;65baa438-305f-43c6-aa84-bfda7a37fbef;415.09;0.71;UNKNOWN
2016-03-08T03:33:14.000000;2016-03-08T03:33:14.000000;bcac9db7-c9e0-40b1-acbd-f27790c65453;415.1;50.37;UNKNOWN
2016-03-08T03:33:15.000000;2016-03-08T03:33:15.000000;78a1f22e-30c6-47f8-96b5-de3e46dffab9;415.1;12.5;UNKNOWN
2016-03-08T03:33:17.000000;2016-03-08T03:33:17.000000;6f112015-75d1-4396-8fc9-20e1f58ef787;415.1;0.26;UNKNOWN
2016-03-08T03:33:30.000000;2016-03-08T03:33:30.000000;900ad3a8-4fe5-4ff7-8bd7-720289e2e9e8;415.08;4.74456451;UNKNOWN
2016-03-08T03:33:46.000000;2016-03-08T03:33:46.000000;c53576ba-060a-4da8-be4e-7603681ea463;415.08;50.0;UNKNOWN
2016-03-08T03:33:58.000000;2016-03-08T03:33:58.000000;9e87933b-da3f-474d-b2b2-d39a5b5b1a54;415.08;2.0;UNKNOWN
2016-03-08T03:34:02.000000;2016-03-08T03:34:02.000000;80144d7e-f2b1-4b73-b746-388598b5440d;415.07;0.62112302;UNKNOWN
2016-03-08T03:34:15.000000;2016-03-08T03:34:15.000000;e9fa79d0-12dd-4a60-9391-101454444848;415.8;0.01;UNKNOWN
2016-03-08T03:34:15.000000;2016-03-08T03:34:15.000000;76ea917a-c296-4d04-92e2-c5999a902b83;415.9;0.01;UNKNOWN
2016-03-08T03:34:15.000000;2016-03-08T03:34:15.000000;ee3c754d-ce5e-41d4-97c3-94f8d4ed815a;415.75;0.1;UNKNOWN
2016-03-08T03:34:15.000000;2016-03-08T03:34:15.000000;6d05316b-dac6-4acf-89eb-6f13bde465d8;415.74;1.0;UNKNOWN
2016-03-08T03:34:15.000000;2016-03-08T03:34:15.000000;cf063540-b68b-4fea-9789-7022c84b2ba6;415.79;0.165;UNKNOWN
2016-03-08T03:34:15.000000;2016-03-08T03:34:15.000000;a66f994b-2274-4c8d-96db-57f2d1e9d78e;415.73;5.0;UNKNOWN
2016-03-08T03:34:15.000000;2016-03-08T03:34:15.000000;2df16bb5-d49f-41d2-b840-52768ea029ae;415.92;2.52356725;UNKNOWN
2016-03-08T03:34:15.000000;2016-03-08T03:34:15.000000;489894e6-2994-4d2e-8ec0-50a2f51cbe28;415.6;0.01;UNKNOWN
2016-03-08T03:34:15.000000;2016-03-08T03:34:15.000000;179a0a29-d267-4bb7-af9a-f1400fa5f53e;415.5;0.01;UNKNOWN
2016-03-08T03:34:15.000000;2016-03-08T03:34:15.000000;37e7892c-4dce-45b3-ad23-bae0ec2c0e1e;415.2;0.08;UNKNOWN
2016-03-08T03:34:15.000000;2016-03-08T03:34:15.000000;3661209d-827f-4dea-8a0c-416958a03204;415.38;0.14143275;UNKNOWN
2016-03-08T03:34:15.000000;2016-03-08T03:34:15.000000;fa24fd88-953b-430d-8300-54383e4a637f;415.59;1.91;UNKNOWN
2016-03-08T03:34:15.000000;2016-03-08T03:34:15.000000;2f8b1659-500c-4931-a35a-5d0989d8b099;415.7;0.01;UNKNOWN
2016-03-08T03:34:15.000000;2016-03-08T03:34:15.000000;2c31cef9-93b6-44ef-80f8-0b18cb84476e;415.45;4.0;UNKNOWN
2016-03-08T03:34:15.000000;2016-03-08T03:34:15.000000;e996a235-0521-4bd3-8326-5c7979603d4c;415.88;1.0;UNKNOWN
2016-03-08T03:34:15.000000;2016-03-08T03:34:15.000000;3447dbc3-7654-44de-b29c-44b5fc44867f;415.4;0.01;UNKNOWN
2016-03-08T03:34:15.000000;2016-03-08T03:34:15.000000;34495a33-deb5-4e8b-92c4-abf626b9c11a;415.3;0.01;UNKNOWN
2016-03-08T03:34:15.000000;2016-03-08T03:34:15.000000;b5363a8f-83dc-4f42-987b-d139a3185cb0;415.2;0.01;UNKNOWN
2016-03-08T03:34:15.000000;2016-03-08T03:34:15.000000;3f833e5d-7f00-4e38-89ba-7fcfa133c28b;415.5;1.0;UNKNOWN
2016-03-08T03:34:22.000000;2016-03-08T03:34:22.000000;c90f3b6c-e790-4d25-8fb6-41535a0b770a;416.0;1.05356725;UNKNOWN
2016-03-08T03:34:22.000000;2016-03-08T03:34:22.000000;0b88f430-c22b-4b9c-99bc-afe01970b97f;415.92;4.26643275;UNKNOWN
2016-03-08T03:34:22.000000;2016-03-08T03:34:22.000000;07f43209-5568-41f7-a12b-39e826279ed7;415.93;2.77;UNKNOWN
2016-03-08T03:34:22.000000;2016-03-08T03:34:22.000000;d10ef1a0-b9bc-4328-9050-9cccfb02d038;415.92;3.09;UNKNOWN
2016-03-08T03:34:22.000000;2016-03-08T03:34:22.000000;2f4bf74e-a81d-4749-a946-a026715fb011;415.96;1.91;UNKNOWN
2016-03-08T03:34:22.000000;2016-03-08T03:34:22.000000;0ebc86ee-dd36-4e93-b06b-6ee9a7d2f47f;415.84;1.91;UNKNOWN
2016-03-08T03:34:22.000000;2016-03-08T03:34:22.000000;3dfa2125-be56-4bcf-bb91-7b6d931e502d;416.0;0.22;UNKNOWN
2016-03-08T03:34:26.000000;2016-03-08T03:34:26.000000;053bbada-97d1-423f-872d-10ef058cc470;415.84;0.5307;UNKNOWN
2016-03-08T03:34:59.000000;2016-03-08T03:34:59.000000;bef554a2-c0a2-4d9c-99e1-75377df07c13;415.7;0.5;UNKNOWN
2016-03-08T03:34:59.000000;2016-03-08T03:34:59.000000;56323036-282e-4490-b6da-0faef4ef1607;415.69;0.139487;UNKNOWN
2016-03-08T03:35:03.000000;2016-03-08T03:35:03.000000;b0e6dd32-7698-4887-93f1-07f9c325ebca;415.7;0.025;UNKNOWN
2016-03-08T03:35:09.000000;2016-03-08T03:35:09.000000;5935529f-4874-411e-aab9-d23125817683;415.69;2.860513;UNKNOWN
2016-03-08T03:35:09.000000;2016-03-08T03:35:09.000000;db9edf27-0f62-486c-8f9a-5a139d275705;415.68;5.9269;UNKNOWN
2016-03-08T03:35:09.000000;2016-03-08T03:35:09.000000;922031ab-cd70-4961-bf92-b701ba396f6a;415.7;0.475;UNKNOWN
2016-03-08T03:35:09.000000;2016-03-08T03:35:09.000000;7226c286-4eb4-41b2-a923-8939863bc35c;415.46;5.329487;UNKNOWN
2016-03-08T03:35:45.000000;2016-03-08T03:35:45.000000;6d1b8a70-b022-4b71-bd6a-20df5b84d77a;415.05;1.0;UNKNOWN
2016-03-08T03:35:45.000000;2016-03-08T03:35:45.000000;1bd743c2-fa8f-4e36-89dd-d25d02ddf48a;414.63;3.0;UNKNOWN
2016-03-08T03:35:45.000000;2016-03-08T03:35:45.000000;2dae804d-bb02-4975-8111-b60b78739267;415.0;1.0;UNKNOWN
2016-03-08T03:35:51.000000;2016-03-08T03:35:51.000000;7ff13ee8-5288-47a8-950e-daabd9e7a28e;414.81;2.081754;UNKNOWN
2016-03-08T03:35:58.000000;2016-03-08T03:35:58.000000;83f45aa8-fadc-408b-8c16-1ffaec60088b;414.73;0.67;UNKNOWN
2016-03-08T03:36:12.000000;2016-03-08T03:36:12.000000;146e4ef2-ca0a-408a-9cea-b5aa046ddaf5;414.7;0.02396;UNKNOWN
2016-03-08T03:36:13.000000;2016-03-08T03:36:13.000000;66d67906-9730-46f9-b818-4180aca8995f;414.54;0.4781486;UNKNOWN
2016-03-08T03:37:14.000000;2016-03-08T03:37:14.000000;c2488309-05d6-48f6-be0e-444af329af5c;414.54;0.99;UNKNOWN
2016-03-08T03:38:13.000000;2016-03-08T03:38:13.000000;944c1170-89fb-4afc-a284-fc9fd735ecca;414.55;0.0724287;UNKNOWN
2016-03-08T03:38:57.000000;2016-03-08T03:38:57.000000;ea501687-0fa6-4b1e-a4ae-c68a24aa9ef3;414.54;0.01619818;UNKNOWN
2016-03-08T03:38:57.000000;2016-03-08T03:38:57.000000;ef7a290f-3037-4d3b-871a-237a876cc6e2;414.44;0.51344042;UNKNOWN
2016-03-08T03:40:59.000000;2016-03-08T03:40:59.000000;4135f681-172b-4ff0-8f69-3ef5acf2e175;414.41;5.9569;UNKNOWN
2016-03-08T03:41:06.000000;2016-03-08T03:41:06.000000;d7dd56e0-fd4f-474f-86b0-a723c050d730;414.92;0.02401537;UNKNOWN
2016-03-08T03:41:26.000000;2016-03-08T03:41:26.000000;b104a50d-b6d4-42a4-96be-c6ad34aeb7c8;415.0;5.0;UNKNOWN
2016-03-08T03:41:34.000000;2016-03-08T03:41:34.000000;cdb2fe00-404f-4c14-8a9a-419b57a3c962;414.99;0.5279;UNKNOWN
2016-03-08T03:42:10.000000;2016-03-08T03:42:10.000000;2c210d7b-ce4e-43b3-8a8f-0929d184537d;414.92;0.02;UNKNOWN
2016-03-08T03:42:13.000000;2016-03-08T03:42:13.000000;72a15ad4-7463-414a-89fd-5ce6f8b9266b;414.86;0.119592;UNKNOWN
2016-03-08T03:42:17.000000;2016-03-08T03:42:17.000000;31beb98c-af01-4a0c-8dd6-4fede4b0631d;414.92;1.7;UNKNOWN
2016-03-08T03:43:22.000000;2016-03-08T03:43:22.000000;19ed6d63-cbe7-459c-bc96-7a016138abc3;414.92;0.1;UNKNOWN
2016-03-08T03:44:27.000000;2016-03-08T03:44:27.000000;83cd8246-9492-4d00-8d02-3564e6d0cc35;414.87;1.0;UNKNOWN
2016-03-08T03:46:13.000000;2016-03-08T03:46:13.000000;213d78af-3d0c-4579-a47d-e56b2f6bb560;414.87;1.77;UNKNOWN
2016-03-08T03:46:13.000000;2016-03-08T03:46:13.000000;72c7ca44-48b7-4936-8d5b-281cf10e20d8;414.87;2.8412;UNKNOWN
2016-03-08T03:46:16.000000;2016-03-08T03:46:16.000000;eb52ab0c-4735-4c40-aa5e-6e6d65012282;414.87;0.0144;UNKNOWN
2016-03-08T03:46:17.000000;2016-03-08T03:46:17.000000;ee4efc4d-ade7-4144-b80d-82b4aa4f526f;414.87;0.5279;UNKNOWN
2016-03-08T03:46:43.000000;2016-03-08T03:46:43.000000;563dbd24-d420-41df-a4af-c51e55ae9444;414.87;4.3013;UNKNOWN
2016-03-08T03:46:51.000000;2016-03-08T03:46:51.000000;efec1e59-c2a3-427c-984c-1595eb2ee867;414.87;3.1252;UNKNOWN
2016-03-08T03:46:51.000000;2016-03-08T03:46:51.000000;c6790457-78c0-457f-a0c1-c3ab9ea732b9;414.87;17.24903046;UNKNOWN
2016-03-08T03:46:53.000000;2016-03-08T03:46:53.000000;845a4b0c-9b82-4cc9-80f9-95afbfa93f7d;414.86;0.03619297;UNKNOWN
2016-03-08T03:47:13.000000;2016-03-08T03:47:13.000000;67979389-d9ac-4e25-87b0-9b51087e0a6c;414.86;4.18108497;UNKNOWN
2016-03-08T03:47:13.000000;2016-03-08T03:47:13.000000;80d4b951-ed6c-4ef4-b183-600802c5baab;414.86;5.81891503;UNKNOWN
2016-03-08T03:47:21.000000;2016-03-08T03:47:21.000000;a3b468db-1e2f-4349-ad41-8f12b3484ec1;414.86;5.0;UNKNOWN
2016-03-08T03:47:28.000000;2016-03-08T03:47:28.000000;8817a8c7-13d1-43f4-9dfe-bdc559aa0b26;414.4;1.0;UNKNOWN
2016-03-08T03:47:28.000000;2016-03-08T03:47:28.000000;8c63776e-74cb-4b3f-b9ab-4cb5f4f44bbf;414.1;0.01;UNKNOWN
2016-03-08T03:47:28.000000;2016-03-08T03:47:28.000000;fa34f788-103a-48b6-865e-ffc6920973da;413.96;3.95;UNKNOWN
2016-03-08T03:47:28.000000;2016-03-08T03:47:28.000000;cc996900-8ddd-4024-bc09-26a07e704229;414.4;0.01;UNKNOWN
2016-03-08T03:47:28.000000;2016-03-08T03:47:28.000000;e5a13947-c610-4499-a410-86bc487d7b11;414.2;0.01;UNKNOWN
2016-03-08T03:47:28.000000;2016-03-08T03:47:28.000000;e92522b9-32e9-483d-9d33-5ef0ed0057ac;414.0;0.01;UNKNOWN
2016-03-08T03:47:28.000000;2016-03-08T03:47:28.000000;b332b624-c778-4270-8632-328631ab0885;414.3;0.01;UNKNOWN
2016-03-08T03:47:32.000000;2016-03-08T03:47:32.000000;6973c417-500a-4c9c-a7de-de4443ff6a8c;414.46;0.02;UNKNOWN
2016-03-08T03:47:58.000000;2016-03-08T03:47:58.000000;c82a347b-2cd3-4145-a7b2-27ad68567d2b;414.47;4.2978436;UNKNOWN
2016-03-08T03:48:28.000000;2016-03-08T03:48:28.000000;cad6dab9-54a3-4bdc-ba6a-b27e2ab7049e;413.95;4.0;UNKNOWN
2016-03-08T03:48:49.000000;2016-03-08T03:48:49.000000;ef84cc73-af74-49a4-aa56-043073442804;414.08;0.02;UNKNOWN
2016-03-08T03:49:45.000000;2016-03-08T03:49:45.000000;3c04c871-2b17-468f-9aca-fcba7be97141;413.96;0.01;UNKNOWN
2016-03-08T03:50:56.000000;2016-03-08T03:50:56.000000;800b433b-a2d8-4d9f-a2bb-590d4e5e4f2f;413.97;0.0279;UNKNOWN
2016-03-08T03:51:13.000000;2016-03-08T03:51:13.000000;db0d1690-c58e-441e-9b48-78ef8804585d;413.96;1.10405569;UNKNOWN
2016-03-08T03:51:13.000000;2016-03-08T03:51:13.000000;ab78a9d4-b731-4382-ae09-bf32ed0db0b8;413.96;0.39594431;UNKNOWN
2016-03-08T03:51:13.000000;2016-03-08T03:51:13.000000;ffec51f3-f0db-4d9d-905d-d2cb4512f1dc;413.96;0.02598841;UNKNOWN
2016-03-08T03:51:22.000000;2016-03-08T03:51:22.000000;de5d91aa-2a8a-4863-9891-d35bcea90504;413.97;3.0772;UNKNOWN
2016-03-08T03:54:05.000000;2016-03-08T03:54:05.000000;1e700cc5-1765-4279-a553-ff4c51b0a05e;413.97;0.1;UNKNOWN
2016-03-08T03:54:13.000000;2016-03-08T03:54:13.000000;69c98188-4513-45ef-907e-381707bc7d70;413.96;0.59;UNKNOWN
2016-03-08T03:54:13.000000;2016-03-08T03:54:13.000000;8e1a67ab-9c0e-4d3c-a852-123c55807872;413.96;14.690811;UNKNOWN
2016-03-08T03:56:02.000000;2016-03-08T03:56:02.000000;232edc04-3971-481c-88e7-d163ce8e08f1;413.98;0.9751;UNKNOWN
2016-03-08T03:58:39.000000;2016-03-08T03:58:39.000000;7f12bfda-c8ca-42c6-b61a-a89450f63148;413.96;6.82355028;UNKNOWN
2016-03-08T03:58:39.000000;2016-03-08T03:58:39.000000;19911d25-6d16-4015-9c6d-b7b419502301;413.96;5.9791;UNKNOWN
2016-03-08T03:59:49.000000;2016-03-08T03:59:49.000000;e1c0e4d1-7723-49a3-95c7-dc140f0c873f;413.7;0.01;UNKNOWN
2016-03-08T03:59:49.000000;2016-03-08T03:59:49.000000;943e9a74-35a6-411c-b2eb-c51ee26f2276;413.8;0.0189;UNKNOWN
2016-03-08T03:59:49.000000;2016-03-08T03:59:49.000000;1fa7c37e-6cd5-4810-b37b-d7a5edf1122e;413.82;2.4;UNKNOWN
2016-03-08T03:59:49.000000;2016-03-08T03:59:49.000000;25825ad0-f256-49cc-9105-16c992583e86;413.62;2.3511;UNKNOWN
2016-03-08T03:59:49.000000;2016-03-08T03:59:49.000000;9f8fe228-3e8c-48d2-baa2-90265177e9cc;413.95;0.2;UNKNOWN
2016-03-08T03:59:49.000000;2016-03-08T03:59:49.000000;1584a5ab-192e-4483-848a-55d981a315e0;413.9;0.01;UNKNOWN
2016-03-08T03:59:49.000000;2016-03-08T03:59:49.000000;8839e80f-f97b-4bd1-a165-cfc5efc5bd84;413.8;0.01;UNKNOWN
2016-03-08T04:03:27.000000;2016-03-08T04:03:27.000000;261d30b3-abd8-4b8f-89f8-cc844ceca8d3;413.65;0.15;UNKNOWN
2016-03-08T04:10:38.000000;2016-03-08T04:10:38.000000;fcdb3b98-0e34-488d-9aad-402deb10d6b1;413.64;0.27506261;UNKNOWN
2016-03-08T04:10:38.000000;2016-03-08T04:10:38.000000;accc770d-8dba-4ecb-8773-d7b6e85202fe;413.64;1.47675533;UNKNOWN
2016-03-08T04:10:38.000000;2016-03-08T04:10:38.000000;c9fdb911-36f0-4007-b928-3d5b1a93bf17;413.64;4.29169803;UNKNOWN
2016-03-08T04:10:38.000000;2016-03-08T04:10:38.000000;397f2237-5ba5-4572-91db-c2e46378a6ca;413.64;0.96848207;UNKNOWN
2016-03-08T04:10:38.000000;2016-03-08T04:10:38.000000;71ca3ba4-2898-4e9d-8476-d2bfafa0d450;413.64;12.98;UNKNOWN
2016-03-08T04:10:38.000000;2016-03-08T04:10:38.000000;48270a24-cbd4-4b3c-a881-5655b873c90f;413.64;1.38726602;UNKNOWN
2016-03-08T04:10:54.000000;2016-03-08T04:10:54.000000;9edca826-149b-472a-9bb6-bf6ea07d226b;413.6;0.01;UNKNOWN
2016-03-08T04:11:04.000000;2016-03-08T04:11:04.000000;162cb4b7-7625-45ce-9a5b-9657f4a6b1b9;413.5;0.01;UNKNOWN
2016-03-08T04:11:04.000000;2016-03-08T04:11:04.000000;04f81b89-0f60-4cd0-9b88-fd7f2ae5b7b8;413.5;0.115;UNKNOWN
2016-03-08T04:11:11.000000;2016-03-08T04:11:11.000000;939bedb0-1287-407f-a7b2-01adce752be0;413.5;2.47102968;UNKNOWN
2016-03-08T04:12:45.000000;2016-03-08T04:12:45.000000;e8ad9195-326f-4d20-b095-89c3c723d26e;413.5;0.03813;UNKNOWN
2016-03-08T04:13:13.000000;2016-03-08T04:13:13.000000;6902acdc-aa10-49b7-bd58-11ca4e3032a0;413.51;0.24206832;UNKNOWN
2016-03-08T04:15:05.000000;2016-03-08T04:15:05.000000;b330f4f9-8281-41b3-a9eb-ac72b97328b3;413.51;1.0;UNKNOWN
2016-03-08T04:17:14.000000;2016-03-08T04:17:14.000000;38fe15f9-612e-4ea2-94e2-bf144cce6906;413.74;1.42577511;UNKNOWN
2016-03-08T04:18:00.000000;2016-03-08T04:18:00.000000;d87a39e6-bcc4-4316-9838-d3f9e20b3c6a;413.78;0.01;UNKNOWN
2016-03-08T04:18:08.000000;2016-03-08T04:18:08.000000;2fe67101-b059-4073-abc1-01dea91f1eec;413.78;0.246628;UNKNOWN
2016-03-08T04:18:10.000000;2016-03-08T04:18:10.000000;e47b1edf-4cc3-48f9-a121-41858fd705ec;413.79;0.01;UNKNOWN
2016-03-08T04:19:36.000000;2016-03-08T04:19:36.000000;c1b513a9-fa74-41d3-99af-72f6a52f0a68;413.8;0.01088;UNKNOWN
2016-03-08T04:19:47.000000;2016-03-08T04:19:47.000000;af71d781-915d-443d-9e55-dd128228f427;413.78;0.061634;UNKNOWN
2016-03-08T04:19:59.000000;2016-03-08T04:19:59.000000;c6e91b0b-08b8-427a-a442-a3feeb6ef606;413.78;0.00088;UNKNOWN
2016-03-08T04:20:35.000000;2016-03-08T04:20:35.000000;2a9d1f6a-81d8-4bad-89df-a85f5c201e0f;413.78;0.10886231;UNKNOWN
2016-03-08T04:21:05.000000;2016-03-08T04:21:05.000000;226cd17e-e2bb-408f-af8d-2827a5c9fbcc;413.86;0.12585157;UNKNOWN
2016-03-08T04:21:17.000000;2016-03-08T04:21:17.000000;b5e601a6-eb37-41f0-b662-e6925675a64f;413.81;0.111652;UNKNOWN
2016-03-08T04:21:25.000000;2016-03-08T04:21:25.000000;683687e2-4c6c-4c73-9147-7768dcff841b;413.83;0.060113;UNKNOWN
2016-03-08T04:21:29.000000;2016-03-08T04:21:29.000000;adb3b49c-82a5-45a1-8212-ff25ce0096fb;413.83;0.065268;UNKNOWN
2016-03-08T04:21:33.000000;2016-03-08T04:21:33.000000;5bcd6606-3fda-4494-8ce1-b7d6bc483b46;413.83;0.01;UNKNOWN
2016-03-08T04:23:17.000000;2016-03-08T04:23:17.000000;08254cf2-dce0-4c10-b4eb-b68fcd09ff1b;413.83;0.164681;UNKNOWN
2016-03-08T04:26:06.000000;2016-03-08T04:26:06.000000;aeb8b6a8-8d0f-46d3-b194-25da069ece31;413.82;4.0;UNKNOWN
2016-03-08T04:26:13.000000;2016-03-08T04:26:13.000000;234de485-04e2-42fb-8a5b-b00c028715cb;413.8;0.0144;UNKNOWN
2016-03-08T04:26:13.000000;2016-03-08T04:26:13.000000;6a61a6c9-71ce-4088-8f07-531e5362db87;413.64;3.9856;UNKNOWN
2016-03-08T04:35:05.000000;2016-03-08T04:35:05.000000;53931c94-f6ca-467f-a7ac-616051cac57f;413.8;0.04983232;UNKNOWN
2016-03-08T04:35:54.000000;2016-03-08T04:35:54.000000;5193f03a-4ffd-4f39-a3d9-44de844a6ed6;413.8;8.54794982;UNKNOWN
2016-03-08T04:35:54.000000;2016-03-08T04:35:54.000000;194a88c9-71c2-4ea8-8ab0-c0d9fb4b4934;413.8;5.97956768;UNKNOWN
2016-03-08T04:36:57.000000;2016-03-08T04:36:57.000000;8b12b0ef-42fc-4a4e-ae3c-264030548d2f;413.81;5.0;UNKNOWN
2016-03-08T04:37:00.000000;2016-03-08T04:37:00.000000;dee13923-fde4-446b-8742-3e189db12f25;414.25;5.0;UNKNOWN
2016-03-08T04:37:09.000000;2016-03-08T04:37:09.000000;806ee51d-0e02-4078-a93d-4dfeec22c6df;414.41;4.0;UNKNOWN
2016-03-08T04:37:28.000000;2016-03-08T04:37:28.000000;affc0d0b-9453-4042-9e9c-2b85574bd11f;414.24;0.01273;UNKNOWN
2016-03-08T04:38:19.000000;2016-03-08T04:38:19.000000;d6ef15f8-5f62-4d37-9573-819c12527a33;414.57;0.03;UNKNOWN
2016-03-08T04:39:07.000000;2016-03-08T04:39:07.000000;34f131d8-9f4b-4bb3-9c1e-8eab35ba9f38;414.56;0.8;UNKNOWN
2016-03-08T04:39:07.000000;2016-03-08T04:39:07.000000;cb04d61a-691d-477c-a138-a994b2b84310;414.55;0.5;UNKNOWN
2016-03-08T04:39:11.000000;2016-03-08T04:39:11.000000;ce5277fa-a408-4b55-b3d1-fdde4a3eea3e;414.57;0.0179;UNKNOWN
2016-03-08T04:39:31.000000;2016-03-08T04:39:31.000000;fcd8c7bc-573b-40ca-acbd-4579bfdd3c0a;414.35;0.01272;UNKNOWN
2016-03-08T04:41:05.000000;2016-03-08T04:41:05.000000;31d27500-9886-4556-b7cc-594d9534c6f5;414.43;0.26;UNKNOWN
2016-03-08T04:43:43.000000;2016-03-08T04:43:43.000000;86ace3db-b6d8-4fa6-9500-b6c94997636d;414.22;0.07247154;UNKNOWN
2016-03-08T04:43:56.000000;2016-03-08T04:43:56.000000;4d6a2d04-4d75-4b7a-a116-c390f3d6288e;414.22;0.5072;UNKNOWN
2016-03-08T04:44:53.000000;2016-03-08T04:44:53.000000;dcfebf87-a905-4e09-b2c3-cb6733d0f217;414.11;0.188426;UNKNOWN
2016-03-08T04:47:05.000000;2016-03-08T04:47:05.000000;cdcdaa05-8e26-469c-8de8-a583517ca01a;414.25;0.5;UNKNOWN
2016-03-08T04:47:05.000000;2016-03-08T04:47:05.000000;2ce7a435-c1f1-4368-8f1c-7e7739bfc9b2;414.27;4.4;UNKNOWN
2016-03-08T04:47:05.000000;2016-03-08T04:47:05.000000;c607c59c-a7b1-446f-b519-343e434ac3c2;414.26;3.0;UNKNOWN
2016-03-08T04:48:22.000000;2016-03-08T04:48:22.000000;013c5686-7bdc-4726-bfaa-1fca3a19006e;414.32;0.05;UNKNOWN
2016-03-08T04:51:06.000000;2016-03-08T04:51:06.000000;73179647-6a15-4206-9cce-fce0407c126d;414.64;0.118478;UNKNOWN
2016-03-08T04:51:06.000000;2016-03-08T04:51:06.000000;b1a149a0-9364-4b48-a567-287498995ed4;414.6;0.025663;UNKNOWN
2016-03-08T04:51:06.000000;2016-03-08T04:51:06.000000;4094fd69-a0fb-4b5d-947a-d1dff15b32f8;414.36;0.071764;UNKNOWN
2016-03-08T04:51:17.000000;2016-03-08T04:51:17.000000;81fd2028-acda-4ba6-8044-a0d178ef8fa0;414.35;0.035874;UNKNOWN
2016-03-08T04:51:19.000000;2016-03-08T04:51:19.000000;5c2d00c0-8c32-4993-a0f2-7dbf68ce65a1;414.35;0.076165;UNKNOWN
2016-03-08T04:52:46.000000;2016-03-08T04:52:46.000000;d850faae-b292-4cc5-b93a-5f52c173feb1;414.5;0.25;UNKNOWN
2016-03-08T04:53:15.000000;2016-03-08T04:53:15.000000;a06e64eb-dc3e-41b5-ad7d-d440870c87dc;414.5;0.8;UNKNOWN
2016-03-08T04:54:13.000000;2016-03-08T04:54:13.000000;09446eb6-b15d-4be6-b415-d8bc367b0513;414.5;0.371622;UNKNOWN
2016-03-08T04:54:22.000000;2016-03-08T04:54:22.000000;25b271e6-c699-457c-b7af-fd07735a757d;414.52;16.71;UNKNOWN
2016-03-08T04:54:22.000000;2016-03-08T04:54:22.000000;021582a0-3c25-458e-a595-7f5df48e741a;414.63;0.7092;UNKNOWN
2016-03-08T04:54:22.000000;2016-03-08T04:54:22.000000;0389beac-52a4-4326-967b-fc81be4ee64f;414.52;5.9808;UNKNOWN
2016-03-08T04:55:13.000000;2016-03-08T04:55:13.000000;4f2d8b80-e4e2-4b6d-a85e-4b6e3ad32cb4;414.28;0.41050349;UNKNOWN
2016-03-08T04:56:53.000000;2016-03-08T04:56:53.000000;73aeaf21-af92-4219-9e94-afe971f1f17c;414.21;1.03213123;UNKNOWN
2016-03-08T04:57:05.000000;2016-03-08T04:57:05.000000;43a30ba4-adc7-401e-8e19-edda846b188e;414.29;1.3;UNKNOWN
2016-03-08T04:59:13.000000;2016-03-08T04:59:13.000000;0711569a-5b0d-47aa-8d40-29b5a213af61;414.23;0.05314;UNKNOWN
2016-03-08T04:59:24.000000;2016-03-08T04:59:24.000000;eed6d48b-aedd-4aef-a6d8-a7c13ed4da19;414.23;0.04833301;UNKNOWN
2016-03-08T05:00:05.000000;2016-03-08T05:00:05.000000;3df48e77-ebd4-4f64-9ddb-a2d7b8de96b5;414.23;0.5;UNKNOWN
2016-03-08T05:00:05.000000;2016-03-08T05:00:05.000000;0b0ee658-8068-435d-9678-8e279b1b0b69;414.22;1.25413174;UNKNOWN
2016-03-08T05:01:16.000000;2016-03-08T05:01:16.000000;c96ca9c6-8075-4cb6-b016-eb555f489dac;414.22;11.8165;UNKNOWN
2016-03-08T05:01:16.000000;2016-03-08T05:01:16.000000;26719686-6571-4b05-a695-d49faab48529;414.22;1.87104218;UNKNOWN
2016-03-08T05:01:16.000000;2016-03-08T05:01:16.000000;8e89bd41-f898-405d-9dad-9bbd84ec85c4;414.22;6.0043;UNKNOWN
2016-03-08T05:02:23.000000;2016-03-08T05:02:23.000000;776d61d5-874b-491b-906c-f29e2017ee17;414.21;0.36757773;UNKNOWN
2016-03-08T05:02:43.000000;2016-03-08T05:02:43.000000;d9b2f62c-acd5-44a0-9125-b441413dd9e6;414.22;0.24166509;UNKNOWN
2016-03-08T05:03:13.000000;2016-03-08T05:03:13.000000;28b92136-0dd3-4ee9-9835-0bd92b1ae37d;414.21;0.23902858;UNKNOWN
2016-03-08T05:11:05.000000;2016-03-08T05:11:05.000000;7830c234-1d82-4a14-8789-b5be63be583f;414.21;0.125;UNKNOWN
2016-03-08T05:11:40.000000;2016-03-08T05:11:40.000000;0c8fe21c-7c3f-4174-adcf-73e1ef43f931;414.25;0.25;UNKNOWN
2016-03-08T05:11:56.000000;2016-03-08T05:11:56.000000;21f3b851-863f-4fb6-ab32-01c4739b002a;414.35;9.7113;UNKNOWN
2016-03-08T05:11:56.000000;2016-03-08T05:11:56.000000;f00af1ec-e67e-4cd7-80f0-7d06e2208c04;414.43;0.2887;UNKNOWN
2016-03-08T05:14:03.000000;2016-03-08T05:14:03.000000;e7fd2e4e-14c8-4cd7-87e9-5111a156321d;414.31;0.74674513;UNKNOWN
2016-03-08T05:16:04.000000;2016-03-08T05:16:04.000000;c422fbc9-1822-4d22-b34f-b386507df843;414.29;0.05;UNKNOWN
2016-03-08T05:16:13.000000;2016-03-08T05:16:13.000000;8d1a0b88-3f7d-4cff-9bfe-004cba86858b;414.28;0.2;UNKNOWN
2016-03-08T05:16:13.000000;2016-03-08T05:16:13.000000;a4748c57-39c9-4176-b56a-d71a13d8daa2;414.21;0.75707517;UNKNOWN
2016-03-08T05:16:49.000000;2016-03-08T05:16:49.000000;7236608c-2537-404d-b42e-9ecb766d39e0;414.21;0.1;UNKNOWN
2016-03-08T05:17:35.000000;2016-03-08T05:17:35.000000;9f791c61-9598-41fe-b391-264c6c28e3d7;414.65;4.5;UNKNOWN
2016-03-08T05:17:35.000000;2016-03-08T05:17:35.000000;c1534136-a805-43c5-a4d5-4eee0ecd0e1c;414.99;4.76269854;UNKNOWN
2016-03-08T05:17:35.000000;2016-03-08T05:17:35.000000;2a974efb-9e7c-4bb9-8e9e-4baa24374ef9;414.91;4.76292539;UNKNOWN
2016-03-08T05:17:35.000000;2016-03-08T05:17:35.000000;3e23e2f1-0d8d-4ea6-8148-e50ffb949259;414.97;2.38;UNKNOWN
2016-03-08T05:17:35.000000;2016-03-08T05:17:35.000000;93812e7b-cc87-4027-8e14-ec681ea39a19;414.77;4.76388971;UNKNOWN
2016-03-08T05:17:35.000000;2016-03-08T05:17:35.000000;4419712d-f00c-41e1-b578-d05b372e84a5;414.79;12.1321;UNKNOWN
2016-03-08T05:17:35.000000;2016-03-08T05:17:35.000000;748a6893-3a7f-4adc-affd-ed7cbcb7a553;414.98;11.79;UNKNOWN
2016-03-08T05:17:35.000000;2016-03-08T05:17:35.000000;8451df9e-6453-4edc-96c2-1cc99612cd43;414.92;12.7795;UNKNOWN
2016-03-08T05:17:35.000000;2016-03-08T05:17:35.000000;0ecb3542-8332-4d1b-937a-7c606bb6d048;414.91;5.83;UNKNOWN
2016-03-08T05:17:35.000000;2016-03-08T05:17:35.000000;4c87229e-b6da-4140-b38a-9351df4ecc24;414.66;11.9631;UNKNOWN
2016-03-08T05:17:35.000000;2016-03-08T05:17:35.000000;04efb5a1-4b8a-4cd7-893c-8d1b87d6d142;414.71;4.76388971;UNKNOWN
2016-03-08T05:17:35.000000;2016-03-08T05:17:35.000000;fdcd3999-deca-4e8e-be9b-120f15a01e70;415.0;0.01;UNKNOWN
2016-03-08T05:17:35.000000;2016-03-08T05:17:35.000000;a0f67eb6-88a8-45bd-9541-d846d8abefb5;415.0;2.0;UNKNOWN
2016-03-08T05:17:35.000000;2016-03-08T05:17:35.000000;381b37de-8de6-4b85-8b72-47f2039099a7;414.99;18.0;UNKNOWN
2016-03-08T05:17:35.000000;2016-03-08T05:17:35.000000;40fc8528-7b71-44cd-b9ca-a291042a3ce3;415.0;4.76269854;UNKNOWN
2016-03-08T05:17:35.000000;2016-03-08T05:17:35.000000;91a8742e-b443-42c6-ac18-1c02bda2d635;415.05;11.5375;UNKNOWN
2016-03-08T05:17:35.000000;2016-03-08T05:17:35.000000;510aef2d-0456-4de7-806c-2486719aeedc;414.41;9.54023;UNKNOWN
2016-03-08T05:17:35.000000;2016-03-08T05:17:35.000000;88988462-03fe-4d0c-b6d6-3a223d2224a3;414.52;12.3747;UNKNOWN
2016-03-08T05:17:35.000000;2016-03-08T05:17:35.000000;8d0a71db-ea9b-4486-8fa0-ed2da11ff6f7;415.13;4.76258513;UNKNOWN
2016-03-08T05:17:35.000000;2016-03-08T05:17:35.000000;2d7e86b9-1b53-483e-af42-aad2dad9008a;415.07;4.76258513;UNKNOWN
2016-03-08T05:17:35.000000;2016-03-08T05:17:35.000000;6d022061-284c-415a-80de-5473da9077ec;414.4;11.5257;UNKNOWN
2016-03-08T05:17:35.000000;2016-03-08T05:17:35.000000;1ce6edf8-2386-4ffe-81d8-124822012496;415.1;0.01;UNKNOWN
2016-03-08T05:17:35.000000;2016-03-08T05:17:35.000000;1bb9f83e-068d-4c59-b346-151b6ec7f1bc;414.66;4.76388971;UNKNOWN
2016-03-08T05:17:35.000000;2016-03-08T05:17:35.000000;f16be1b2-8f18-46d5-b8d2-cde90480bb42;415.23;9.48736932;UNKNOWN
2016-03-08T05:17:35.000000;2016-03-08T05:17:35.000000;92bf64d2-3d6e-4ab8-b4a3-7b4c26eb3905;414.41;11.2616;UNKNOWN
2016-03-08T05:17:35.000000;2016-03-08T05:17:35.000000;adc6dc13-bf03-4e22-a8f5-bdae2ed44923;415.2;0.01;UNKNOWN
2016-03-08T05:17:35.000000;2016-03-08T05:17:35.000000;aa0e2f79-1d58-4bf5-b7b9-807e5f1f5fba;415.2;4.76303882;UNKNOWN
2016-03-08T05:17:51.000000;2016-03-08T05:17:51.000000;58d948a7-6581-4f51-888c-71db6a0e3004;415.19;0.2;UNKNOWN
2016-03-08T05:18:03.000000;2016-03-08T05:18:03.000000;187a6e41-299e-4dad-9133-65433ec85b85;414.51;0.6398216;UNKNOWN
2016-03-08T05:18:14.000000;2016-03-08T05:18:14.000000;bd74d7f7-7c21-48fd-8915-0905b2340990;414.9;9.00834;UNKNOWN
2016-03-08T05:18:14.000000;2016-03-08T05:18:14.000000;e5dc3b5b-d02c-4349-b0c7-9e3315dc346c;415.4;0.01;UNKNOWN
2016-03-08T05:18:14.000000;2016-03-08T05:18:14.000000;faec515e-fe8c-4523-b251-00e5ef1b1b9e;415.19;11.5453;UNKNOWN
2016-03-08T05:18:14.000000;2016-03-08T05:18:14.000000;2b7344ea-6013-4a6a-95f2-c3e53a4c7846;415.38;12.6524;UNKNOWN
2016-03-08T05:18:14.000000;2016-03-08T05:18:14.000000;c5e71517-8908-45aa-aa48-bee86df7ca6a;415.5;0.01;UNKNOWN
2016-03-08T05:18:14.000000;2016-03-08T05:18:14.000000;59c99323-b8b5-4986-ae83-209f28133a5a;415.5;5.71855198;UNKNOWN
2016-03-08T05:18:14.000000;2016-03-08T05:18:14.000000;4f6cef63-a0f0-4005-8128-137c6bfdf38e;415.3;0.01;UNKNOWN
2016-03-08T05:18:14.000000;2016-03-08T05:18:14.000000;465c2ba0-c6a2-434e-abe3-3e68ca99b9cb;415.35;13.4729;UNKNOWN
2016-03-08T05:18:14.000000;2016-03-08T05:18:14.000000;49482c7f-7a20-4c78-a773-66930bfacced;414.9;11.6996;UNKNOWN
2016-03-08T05:18:14.000000;2016-03-08T05:18:14.000000;09968629-d387-45aa-9e68-925df442df31;415.38;4.7617347;UNKNOWN
2016-03-08T05:18:14.000000;2016-03-08T05:18:14.000000;bedebb3d-1afe-4322-8050-b16a4a30281f;414.89;7.9266;UNKNOWN
2016-03-08T05:19:16.000000;2016-03-08T05:19:16.000000;1bd661b5-22aa-4731-abf7-fdc35e7b3b3a;415.17;7.0857;UNKNOWN
2016-03-08T05:19:16.000000;2016-03-08T05:19:16.000000;8ab43f81-a095-4fe6-ba79-e320650f712c;415.18;7.9176;UNKNOWN
2016-03-08T05:19:16.000000;2016-03-08T05:19:16.000000;bce7368a-03f8-4d74-b1f3-6353b028e3de;415.18;14.9967;UNKNOWN
2016-03-08T05:21:05.000000;2016-03-08T05:21:05.000000;ed3395ea-4ec1-4cbd-93ee-ffee1456d4f7;415.13;5.0;UNKNOWN
2016-03-08T05:21:05.000000;2016-03-08T05:21:05.000000;68702f56-daf6-4959-a94d-89e8e80b98a7;415.01;2.26232464;UNKNOWN
2016-03-08T05:21:16.000000;2016-03-08T05:21:16.000000;7f968d5b-8d1e-4f5b-8530-f5f082c023fc;415.02;0.0179;UNKNOWN
2016-03-08T05:22:56.000000;2016-03-08T05:22:56.000000;e5bc7b3e-174c-4a78-ae8c-e828f62bc527;415.14;10.0;UNKNOWN
2016-03-08T05:23:17.000000;2016-03-08T05:23:17.000000;3ce2864e-e78f-4f22-b03c-d9b2d6d7fb52;415.14;0.4145;UNKNOWN
2016-03-08T05:23:17.000000;2016-03-08T05:23:17.000000;beeeb349-3b51-49c2-a837-6902f09732df;415.14;14.5238;UNKNOWN
2016-03-08T05:24:01.000000;2016-03-08T05:24:01.000000;12f393ca-03d7-4b5b-885e-e83f9101264e;415.14;10.0;UNKNOWN
2016-03-08T05:24:42.000000;2016-03-08T05:24:42.000000;6dea1e33-c600-49d1-bf41-760cc4a359e8;415.14;2.41129508;UNKNOWN
2016-03-08T05:24:53.000000;2016-03-08T05:24:53.000000;ee01435b-ff0e-4bb8-8f36-a49ae755ec20;415.17;1.5;UNKNOWN
2016-03-08T05:24:53.000000;2016-03-08T05:24:53.000000;cecd815a-3099-404e-8d08-db3134f491bb;415.18;0.5;UNKNOWN
2016-03-08T05:25:11.000000;2016-03-08T05:25:11.000000;dcf7e6de-6efa-4580-b30c-4b9635a20a3d;415.22;0.4476;UNKNOWN
2016-03-08T05:25:15.000000;2016-03-08T05:25:15.000000;784dcfa5-5893-4888-92ef-353b159481e3;415.18;0.01697103;UNKNOWN
2016-03-08T05:27:30.000000;2016-03-08T05:27:30.000000;021b1aa1-4df6-46a0-87a2-606b84eedeb9;415.35;0.193185;UNKNOWN
2016-03-08T05:27:30.000000;2016-03-08T05:27:30.000000;85ffbe8f-843a-448c-842d-2c86c199e4ee;415.35;0.395015;UNKNOWN
2016-03-08T05:27:36.000000;2016-03-08T05:27:36.000000;aa4da5c4-8afd-4396-b100-e435b67038ae;415.34;0.01269;UNKNOWN
2016-03-08T05:28:11.000000;2016-03-08T05:28:11.000000;fbaade2a-e0ed-4574-a8d4-1daea12aeb40;415.35;1.1401;UNKNOWN
2016-03-08T05:28:46.000000;2016-03-08T05:28:46.000000;fab32d2c-1443-4697-9a73-70ca5cdbe818;415.01;4.9892;UNKNOWN
2016-03-08T05:28:46.000000;2016-03-08T05:28:46.000000;5be26110-95ff-4d3c-ad5e-049a31d486b1;415.02;0.0108;UNKNOWN
2016-03-08T05:28:46.000000;2016-03-08T05:28:46.000000;b321422d-aea1-4411-b366-6ca80ede8175;415.35;0.4188;UNKNOWN
2016-03-08T05:29:05.000000;2016-03-08T05:29:05.000000;c92b58ac-f1df-48af-88f2-d22ad0b14cae;415.34;0.21556804;UNKNOWN
2016-03-08T05:29:36.000000;2016-03-08T05:29:36.000000;de1e2322-d01a-4653-a053-6b7086808e3c;415.19;5.43057;UNKNOWN
2016-03-08T05:29:36.000000;2016-03-08T05:29:36.000000;a56b1a79-aa38-4e40-9070-d496b4585ccb;415.21;0.5;UNKNOWN
2016-03-08T05:29:36.000000;2016-03-08T05:29:36.000000;205ff6e6-6216-4775-95bf-25a2db63bfe2;415.2;3.0;UNKNOWN
2016-03-08T05:31:34.000000;2016-03-08T05:31:34.000000;d4375ded-477d-489b-812d-799274a81e74;414.95;0.07233189;UNKNOWN
2016-03-08T05:31:52.000000;2016-03-08T05:31:52.000000;70d2494c-a2ed-405a-ba26-e4f5de7dd2cc;414.97;0.02410075;UNKNOWN
2016-03-08T05:32:18.000000;2016-03-08T05:32:18.000000;cf8e042e-c2c8-41ac-bf51-7bb86c337c24;414.97;0.7;UNKNOWN
2016-03-08T05:32:23.000000;2016-03-08T05:32:23.000000;1be6282e-95ac-41db-9340-318b1243ad34;414.97;0.03821169;UNKNOWN
2016-03-08T05:32:52.000000;2016-03-08T05:32:52.000000;a1713aa1-7a94-4c16-be18-e84bd1ef3d53;414.97;0.05784182;UNKNOWN
2016-03-08T05:34:40.000000;2016-03-08T05:34:40.000000;7d430cd6-f0ab-4a67-8030-a6af324520cc;415.0;1.0;UNKNOWN
2016-03-08T05:35:36.000000;2016-03-08T05:35:36.000000;2c624744-d26c-49c2-9d89-e750a6aeefd1;414.99;1.0;UNKNOWN
2016-03-08T05:35:55.000000;2016-03-08T05:35:55.000000;99f6729c-20df-40ec-9bb1-42b27144c9ae;414.97;0.792983;UNKNOWN
2016-03-08T05:38:06.000000;2016-03-08T05:38:06.000000;331b2e14-a25a-49b2-ae16-634497e63aed;414.98;3.0;UNKNOWN
2016-03-08T05:39:37.000000;2016-03-08T05:39:37.000000;6871b81a-d9e1-46dc-88e6-454cb29d8480;414.97;1.0;UNKNOWN
2016-03-08T05:39:42.000000;2016-03-08T05:39:42.000000;3001c677-b89b-4c20-a620-a3128a281a46;414.98;8.834;UNKNOWN
2016-03-08T05:39:42.000000;2016-03-08T05:39:42.000000;0cbc4ccd-f1c7-4b72-96fd-55164844fccd;414.98;11.2575;UNKNOWN
2016-03-08T05:39:43.000000;2016-03-08T05:39:43.000000;3b06d2b5-41b6-4fd5-b43c-0e5cc0cec063;414.99;3.8585;UNKNOWN
2016-03-08T05:39:58.000000;2016-03-08T05:39:58.000000;95da6c7e-df2e-4685-8676-230094e62ef7;414.99;1.3787;UNKNOWN
2016-03-08T05:40:07.000000;2016-03-08T05:40:07.000000;3870824c-d2cd-45aa-bee6-37a5fb2e615e;414.99;2.5;UNKNOWN
2016-03-08T05:40:14.000000;2016-03-08T05:40:14.000000;9b546a0a-fff7-4de7-aa8f-3f7076bf3a56;414.98;13.4417;UNKNOWN
2016-03-08T05:40:28.000000;2016-03-08T05:40:28.000000;c7d2ba03-f342-41c4-99d5-f4fe675313fb;414.98;8.25328;UNKNOWN
2016-03-08T05:40:56.000000;2016-03-08T05:40:56.000000;b3ae596a-0531-4c17-bd5e-ef89e55bc805;414.98;0.69295;UNKNOWN
2016-03-08T05:41:17.000000;2016-03-08T05:41:17.000000;bdbd2805-b061-440a-b06c-655389dc9bdd;414.98;1.0;UNKNOWN
2016-03-08T05:42:06.000000;2016-03-08T05:42:06.000000;f8473e45-4cf5-4564-9ef3-70c30d1affda;415.0;0.21586875;UNKNOWN
2016-03-08T05:42:07.000000;2016-03-08T05:42:07.000000;d2769452-c320-4490-8c3f-40f784bf00ca;415.0;1.56347717;UNKNOWN
2016-03-08T05:43:12.000000;2016-03-08T05:43:12.000000;870c6719-c1d3-4dff-bb27-221a828d70fa;415.0;10.0;UNKNOWN
2016-03-08T05:43:27.000000;2016-03-08T05:43:27.000000;3d85a04c-2d47-4104-a718-ac1c09bd0cd3;414.6;0.32583;UNKNOWN
2016-03-08T05:43:27.000000;2016-03-08T05:43:27.000000;40f1702d-1d17-4474-a0a2-95c89fc3842a;414.98;0.17417;UNKNOWN
2016-03-08T05:43:27.000000;2016-03-08T05:43:27.000000;2bef968b-e24c-4254-b06d-153a488a4e0b;414.61;0.5;UNKNOWN
2016-03-08T05:43:39.000000;2016-03-08T05:43:39.000000;86b81735-3d27-4554-9194-0ae94d5782fe;415.0;10.0;UNKNOWN
2016-03-08T05:43:53.000000;2016-03-08T05:43:53.000000;4dc1d20d-52ef-4b2e-a357-96a67a55762c;414.67;1.0;UNKNOWN
2016-03-08T05:43:56.000000;2016-03-08T05:43:56.000000;2e4cabc9-5321-47cb-980f-6d577ec77558;414.68;0.5268442;UNKNOWN
2016-03-08T05:44:01.000000;2016-03-08T05:44:01.000000;3d1d8d96-87a6-4ce0-ae47-32c0c1c6b95d;414.69;0.5;UNKNOWN
2016-03-08T05:44:01.000000;2016-03-08T05:44:01.000000;5a8306e6-b4cd-4b86-923c-ff0245d54a09;414.69;2.0;UNKNOWN
2016-03-08T05:44:05.000000;2016-03-08T05:44:05.000000;aecd1ceb-f90a-45cf-ad8c-1162941f03cb;415.0;1.09353357;UNKNOWN
2016-03-08T05:44:12.000000;2016-03-08T05:44:12.000000;768b269c-1b4d-4d3a-ba94-561b2c32a234;414.71;1.0;UNKNOWN
2016-03-08T05:44:22.000000;2016-03-08T05:44:22.000000;49801f70-d6c0-4228-9bcd-115201990bac;414.73;6.0;UNKNOWN
2016-03-08T05:44:22.000000;2016-03-08T05:44:22.000000;697158be-c77c-4d37-8dae-6192406b2fb3;414.73;3.0;UNKNOWN
2016-03-08T05:44:22.000000;2016-03-08T05:44:22.000000;736fbac0-c2e8-47a3-8e0a-9887c7b9a62f;414.73;0.5;UNKNOWN
2016-03-08T05:44:22.000000;2016-03-08T05:44:22.000000;1b8ddae4-f8c5-4ec4-afb8-024bee86da6b;414.72;3.2475;UNKNOWN
2016-03-08T05:44:31.000000;2016-03-08T05:44:31.000000;96a68cd4-d3d7-4b8e-83c0-833be58c9c51;414.72;5.0;UNKNOWN
2016-03-08T05:44:41.000000;2016-03-08T05:44:41.000000;8ec1685a-d9a6-4595-b140-75c8949aa8df;414.61;1.0;UNKNOWN
2016-03-08T05:47:05.000000;2016-03-08T05:47:05.000000;2e5a21cd-d297-44b7-bea2-03c89ac92973;414.83;0.5;UNKNOWN
2016-03-08T05:47:05.000000;2016-03-08T05:47:05.000000;3dca2280-8648-4b6f-8ef1-ada52f6fdd31;414.84;0.92;UNKNOWN
2016-03-08T05:49:52.000000;2016-03-08T05:49:52.000000;1484b9cb-0591-4c79-b592-d2484257bfcd;414.6;1.97993489;UNKNOWN
2016-03-08T05:49:52.000000;2016-03-08T05:49:52.000000;99bfa388-5445-4870-8677-55304bc38a30;414.6;1.17417;UNKNOWN
2016-03-08T05:50:35.000000;2016-03-08T05:50:35.000000;601fbb91-5735-437a-b3cd-dd5cbc352721;414.1;0.85680258;UNKNOWN
2016-03-08T05:50:35.000000;2016-03-08T05:50:35.000000;a823dfd9-aabc-46aa-b87a-0146d38bb840;414.1;1.91;UNKNOWN
2016-03-08T05:50:35.000000;2016-03-08T05:50:35.000000;9909badd-6752-4d05-af30-4f796b3ccdb9;414.22;1.91;UNKNOWN
2016-03-08T05:53:21.000000;2016-03-08T05:53:21.000000;33bdff2f-8911-4c34-9d90-8e8c9e2aa4a1;414.19;0.24;UNKNOWN
2016-03-08T05:54:22.000000;2016-03-08T05:54:22.000000;c9f8a911-f779-49df-80e4-0a17271d934d;414.0;0.01;UNKNOWN
2016-03-08T05:54:22.000000;2016-03-08T05:54:22.000000;8dd03535-8532-4925-93f8-66e693ed6c4a;413.64;2.58440258;UNKNOWN
2016-03-08T05:54:22.000000;2016-03-08T05:54:22.000000;a59e548a-7c85-4148-b8be-37336505dd7e;414.02;3.64319742;UNKNOWN
2016-03-08T05:54:22.000000;2016-03-08T05:54:22.000000;af905fb0-26da-4c3a-9bbe-6b344f37bd75;413.8;0.01;UNKNOWN
2016-03-08T05:54:22.000000;2016-03-08T05:54:22.000000;0aace6cb-d4b1-4220-b3e3-d78137523d99;413.89;3.05;UNKNOWN
2016-03-08T05:54:22.000000;2016-03-08T05:54:22.000000;e2b4be83-7a95-452f-a522-11cc98a4c7e9;413.69;12.7333;UNKNOWN
2016-03-08T05:54:22.000000;2016-03-08T05:54:22.000000;975b34cf-3c69-4df2-9a2e-243d96768fe2;413.9;0.01;UNKNOWN
2016-03-08T05:54:22.000000;2016-03-08T05:54:22.000000;eb8e67a9-685b-429f-bc93-056bca5a51e5;413.7;0.01;UNKNOWN
2016-03-08T05:54:22.000000;2016-03-08T05:54:22.000000;4d22686d-97d7-45a9-8111-19528d210d32;413.65;7.9491;UNKNOWN
2016-03-08T05:54:33.000000;2016-03-08T05:54:33.000000;4dfce259-63aa-4d6e-bb06-04d040208418;413.6;0.01;UNKNOWN
2016-03-08T05:54:33.000000;2016-03-08T05:54:33.000000;fc7291ac-5895-4ba5-adeb-ac2c93a2b6b0;413.6;1.0;UNKNOWN
2016-03-08T05:54:33.000000;2016-03-08T05:54:33.000000;fa474784-698c-409b-83f7-a28de96ea9b3;413.6;0.99;UNKNOWN
2016-03-08T05:55:13.000000;2016-03-08T05:55:13.000000;61c4305e-ff6e-4c80-b4a7-fdc57409f94b;413.59;0.23882307;UNKNOWN
2016-03-08T05:55:20.000000;2016-03-08T05:55:20.000000;36f117da-0a7c-49d5-89b2-6c74c2b27bdc;413.59;0.0111168;UNKNOWN
2016-03-08T05:55:50.000000;2016-03-08T05:55:50.000000;7cfbd9a2-2f1b-407a-90c2-0efa343bd615;413.64;0.03;UNKNOWN
2016-03-08T05:58:06.000000;2016-03-08T05:58:06.000000;a1b90950-f9d9-45c4-a274-fa216acc6a41;413.62;1.2;UNKNOWN
2016-03-08T05:58:17.000000;2016-03-08T05:58:17.000000;2d890882-c0a0-4671-91bb-1b9487d55685;413.81;3.0;UNKNOWN
2016-03-08T05:58:17.000000;2016-03-08T05:58:17.000000;9a651087-16b0-47e6-b340-69501a4b722b;413.75;0.0814765;UNKNOWN
2016-03-08T05:58:17.000000;2016-03-08T05:58:17.000000;3785fcb3-16b4-41b5-92df-75d8dcb8d789;413.82;5.4185235;UNKNOWN
2016-03-08T05:58:17.000000;2016-03-08T05:58:17.000000;4d77061b-7f8d-45af-a627-b9485ceea1b0;413.8;0.5;UNKNOWN
2016-03-08T05:59:29.000000;2016-03-08T05:59:29.000000;ad9b2357-d486-46dc-956d-f888b4e7f23b;414.01;0.0111168;UNKNOWN
2016-03-08T05:59:47.000000;2016-03-08T05:59:47.000000;54cbe8c1-7ee6-46ea-8598-2436a2664110;413.99;0.0222336;UNKNOWN
2016-03-08T06:00:13.000000;2016-03-08T06:00:13.000000;b59351b6-6617-4ed2-b51d-f751a6d84e77;413.98;0.23891437;UNKNOWN
2016-03-08T06:01:01.000000;2016-03-08T06:01:01.000000;ec516922-883b-4eee-916e-0de7d32130ad;413.98;5.73768563;UNKNOWN
2016-03-08T06:01:01.000000;2016-03-08T06:01:01.000000;b360e1bd-5f9f-4a3e-92a7-0c850ce954d9;413.98;14.26231437;UNKNOWN
2016-03-08T06:01:47.000000;2016-03-08T06:01:47.000000;7d6a7623-66ad-4c08-b080-832e71f60e16;414.21;6.0;UNKNOWN
2016-03-08T06:01:47.000000;2016-03-08T06:01:47.000000;6d323bf2-2713-4328-aa03-1c49c650d5e7;414.35;12.8071;UNKNOWN
2016-03-08T06:01:47.000000;2016-03-08T06:01:47.000000;62ed21a7-c8af-42a9-8250-45afb14134f3;414.23;4.51;UNKNOWN
2016-03-08T06:01:47.000000;2016-03-08T06:01:47.000000;11b02938-d016-4241-b72e-a7b79bd5f916;414.23;12.0;UNKNOWN
2016-03-08T06:01:47.000000;2016-03-08T06:01:47.000000;dbace998-3126-4686-be1b-37cdd10a0041;414.49;1.0;UNKNOWN
2016-03-08T06:01:47.000000;2016-03-08T06:01:47.000000;82f29d3c-fc37-4ea6-b6bd-7dff4839433f;414.4;3.0;UNKNOWN
2016-03-08T06:01:47.000000;2016-03-08T06:01:47.000000;b4662387-e444-41ed-9f0d-773f5a93d8b2;414.5;4.3219336;UNKNOWN
2016-03-08T06:01:47.000000;2016-03-08T06:01:47.000000;19432382-a550-4caa-90c2-0e3c331ac816;414.22;7.9189;UNKNOWN
2016-03-08T06:01:47.000000;2016-03-08T06:01:47.000000;608a5fd9-7d29-4750-912d-8f5e06a29224;414.4;13.0234;UNKNOWN
2016-03-08T06:01:47.000000;2016-03-08T06:01:47.000000;8964804a-cacc-460b-808e-03b90f50b107;413.98;3.0;UNKNOWN
2016-03-08T06:01:47.000000;2016-03-08T06:01:47.000000;4f470eff-6e30-4247-bdb0-cfdd2fc6191a;413.99;5.9824664;UNKNOWN
2016-03-08T06:01:47.000000;2016-03-08T06:01:47.000000;a93e6303-07d0-49e0-b88a-cddfaac9a99e;413.97;0.5;UNKNOWN
2016-03-08T06:02:01.000000;2016-03-08T06:02:01.000000;73437002-a55e-416f-a156-213aa003587b;414.6;3.0;UNKNOWN
2016-03-08T06:02:01.000000;2016-03-08T06:02:01.000000;d5fd2ff9-9002-4b28-b6b1-a016d0416565;415.05;13.2635;UNKNOWN
2016-03-08T06:02:01.000000;2016-03-08T06:02:01.000000;da6a8ca3-c837-418c-b348-12b49ba9dc9a;414.89;11.5163;UNKNOWN
2016-03-08T06:02:01.000000;2016-03-08T06:02:01.000000;f6750c9a-ec0c-41ab-af41-eacdf4d07737;414.7;1.0;UNKNOWN
2016-03-08T06:02:01.000000;2016-03-08T06:02:01.000000;4bed6100-11b0-4e06-ba97-93467066a99f;414.59;9.574;UNKNOWN
2016-03-08T06:02:01.000000;2016-03-08T06:02:01.000000;147e0d1a-5729-4e8f-b47f-caeb20711105;414.92;13.0561;UNKNOWN
2016-03-08T06:02:01.000000;2016-03-08T06:02:01.000000;51dc4610-d70d-4f05-b08d-3b77c5873f55;415.02;4.76678504;UNKNOWN
2016-03-08T06:02:01.000000;2016-03-08T06:02:01.000000;c9a90ad4-1b21-4654-b52e-ee70eb870560;415.0;25.12712051;UNKNOWN
2016-03-08T06:02:01.000000;2016-03-08T06:02:01.000000;054bd4a1-3439-4cff-a7d8-32b5c8bf5f5d;415.0;0.2;UNKNOWN
2016-03-08T06:02:01.000000;2016-03-08T06:02:01.000000;90797143-0f05-4ee7-9679-7c020f4779f7;415.06;18.11138369;UNKNOWN
2016-03-08T06:02:10.000000;2016-03-08T06:02:10.000000;eccaf7e1-e142-4362-8cad-82c9482bf1ad;414.37;0.021775;UNKNOWN
2016-03-08T06:02:25.000000;2016-03-08T06:02:25.000000;ea51310c-399c-4fb4-ba09-e247857ac580;414.99;6.386975;UNKNOWN
2016-03-08T06:02:25.000000;2016-03-08T06:02:25.000000;f17fbd81-a13c-4190-98c2-d22d0294dc50;414.37;13.613025;UNKNOWN
2016-03-08T06:03:04.000000;2016-03-08T06:03:04.000000;9b2d1453-5910-4f1b-8b20-7db85cba6cf2;414.53;0.58046747;UNKNOWN
2016-03-08T06:03:05.000000;2016-03-08T06:03:05.000000;d5e5fd16-9703-4285-a0ca-60bc2ff29ec1;414.66;0.072;UNKNOWN
2016-03-08T06:03:31.000000;2016-03-08T06:03:31.000000;0de4b173-0a4b-4324-9cb2-4d2b534c5b8d;414.53;5.44753253;UNKNOWN
2016-03-08T06:03:31.000000;2016-03-08T06:03:31.000000;3a0558b8-641f-424f-b8c7-c5be804199e1;414.3;6.0;UNKNOWN
2016-03-08T06:03:31.000000;2016-03-08T06:03:31.000000;b4160dc0-47f9-47f2-b47c-ecd144fea7da;414.3;8.55246747;UNKNOWN
2016-03-08T06:03:47.000000;2016-03-08T06:03:47.000000;784c33c3-a3be-46c2-a323-fda75935fc86;414.52;10.0;UNKNOWN
2016-03-08T06:03:52.000000;2016-03-08T06:03:52.000000;54f0ee2d-2833-4eb9-8b13-bebdfebacdd9;414.25;1.5;UNKNOWN
2016-03-08T06:04:23.000000;2016-03-08T06:04:23.000000;faa9e069-553f-42f5-b720-944b888acb08;414.45;1.5;UNKNOWN
2016-03-08T06:04:43.000000;2016-03-08T06:04:43.000000;50906662-9b6b-4387-be20-19743442f8c6;414.08;15.6374618;UNKNOWN
2016-03-08T06:04:43.000000;2016-03-08T06:04:43.000000;fba409e1-405f-417d-a46c-d1e7b28ea5b4;414.2;0.05;UNKNOWN
2016-03-08T06:05:00.000000;2016-03-08T06:05:00.000000;b7fc0ece-8ca3-432f-9a5e-d802134d0761;413.93;1.0;UNKNOWN
2016-03-08T06:07:06.000000;2016-03-08T06:07:06.000000;024f45d8-8286-4fa7-aa27-841f11cd2af8;414.42;0.13;UNKNOWN
2016-03-08T06:07:07.000000;2016-03-08T06:07:07.000000;dee61b73-2cb1-4d5e-9bc1-6ae431a6c38a;414.05;0.01770242;UNKNOWN
2016-03-08T06:07:37.000000;2016-03-08T06:07:37.000000;fb68aa54-6809-442b-984f-df4d000be028;414.47;0.5261;UNKNOWN
2016-03-08T06:11:04.000000;2016-03-08T06:11:04.000000;07ab6c37-226b-493a-9b5c-a1882babffb3;414.4;0.125;UNKNOWN
2016-03-08T06:12:27.000000;2016-03-08T06:12:27.000000;3f03cd15-56b1-4a20-8cff-49e287530c46;414.46;1.33;UNKNOWN
2016-03-08T06:12:27.000000;2016-03-08T06:12:27.000000;65b9bd82-ddcb-46a2-b955-b178fd52cd5d;414.47;12.0;UNKNOWN
2016-03-08T06:12:27.000000;2016-03-08T06:12:27.000000;d7d8f851-f59b-4e57-b77c-78eb87f00693;414.48;0.41;UNKNOWN
2016-03-08T06:14:14.000000;2016-03-08T06:14:14.000000;6c9f03d1-abe5-47be-a913-8037c0e12fb6;414.6;0.4839;UNKNOWN
2016-03-08T06:15:07.000000;2016-03-08T06:15:07.000000;6e6818f8-a1a1-4ab6-9893-7041518b61d2;414.65;0.7493;UNKNOWN
2016-03-08T06:16:05.000000;2016-03-08T06:16:05.000000;a8aa40e2-143b-4ceb-aebe-bc3b111187d4;414.6;0.1;UNKNOWN
2016-03-08T06:16:17.000000;2016-03-08T06:16:17.000000;d0185c24-9fb3-4436-bf2e-72bb90783687;414.6;0.321874;UNKNOWN
2016-03-08T06:16:21.000000;2016-03-08T06:16:21.000000;b8eb99c3-c7c8-43e3-a0a5-d49f20afac26;414.6;0.077471;UNKNOWN
2016-03-08T06:16:24.000000;2016-03-08T06:16:24.000000;18e389d0-ac7f-491e-aeca-5c3c1b8630fc;414.3;0.647487;UNKNOWN
2016-03-08T06:16:24.000000;2016-03-08T06:16:24.000000;7102a004-090a-45a0-8148-cef97a65f988;414.6;0.016755;UNKNOWN
2016-03-08T06:20:32.000000;2016-03-08T06:20:32.000000;33cb052c-3e6a-426d-b1c9-48fc8ad72058;414.21;0.75;UNKNOWN
2016-03-08T06:20:32.000000;2016-03-08T06:20:32.000000;5ca85a09-e5b5-4e35-9ffc-eb3ae8ebf871;414.21;7.25;UNKNOWN
2016-03-08T06:20:52.000000;2016-03-08T06:20:52.000000;183778af-ec0f-4b16-a12b-a0d1ec308ba0;413.97;14.2853;UNKNOWN
2016-03-08T06:20:52.000000;2016-03-08T06:20:52.000000;9a557a06-087e-4f71-a023-5dcb93e0ba30;413.95;11.6653;UNKNOWN
2016-03-08T06:20:52.000000;2016-03-08T06:20:52.000000;19742a51-0389-407c-9c22-5577fa18fce6;413.81;5.45214044;UNKNOWN
2016-03-08T06:20:52.000000;2016-03-08T06:20:52.000000;721e6a60-02d9-42b5-8e3e-12dd5b24f384;414.09;13.274;UNKNOWN
2016-03-08T06:20:52.000000;2016-03-08T06:20:52.000000;94d6e3e3-a87a-46ba-8d9e-a06d569a5744;413.91;4.7645139;UNKNOWN
2016-03-08T06:20:52.000000;2016-03-08T06:20:52.000000;eafb6279-86c7-4693-9b8e-240206c98df2;413.85;4.7645139;UNKNOWN
2016-03-08T06:20:52.000000;2016-03-08T06:20:52.000000;554e8662-22d9-4299-8d40-fc2faae4ca5a;413.96;7.9887;UNKNOWN
2016-03-08T06:21:35.000000;2016-03-08T06:21:35.000000;db1dbb30-2ee9-4e78-a7c2-c373a2a626f1;413.76;0.31748;UNKNOWN
2016-03-08T06:21:43.000000;2016-03-08T06:21:43.000000;3924b987-0e54-414a-bac7-4996f0c76f52;413.76;0.5250478;UNKNOWN
