time_exchange;time_coinpai;guid;price;base_amount;taker_side
2016-03-08T00:00:01.050000;2016-03-08T00:00:01.077000;c5ceca9f-0189-432c-81f4-f3daf6d568e4;412.21;0.07436;BUY
2016-03-08T00:00:31.997000;2016-03-08T00:00:32.027000;d4403feb-e1c3-4f31-b081-730cdd963847;412.21;0.15064;BUY
2016-03-08T00:00:31.997000;2016-03-08T00:00:32.047000;0acf06c8-e619-46a1-be7a-46371232843d;412.22;0.20186;BUY
2016-03-08T00:00:31.997000;2016-03-08T00:00:32.060000;3e673edd-2388-4283-ba0d-fde3d2c48d80;412.22;0.025;BUY
2016-03-08T00:00:31.997000;2016-03-08T00:00:32.060000;6540f5ed-d933-4c77-99fa-68844d01ec2e;412.25;0.087;BUY
2016-03-08T00:00:31.997000;2016-03-08T00:00:32.060000;05be39f0-b04e-4d79-9d78-a7abc2466e4c;412.3;0.01947317;BUY
2016-03-08T00:00:31.997000;2016-03-08T00:00:32.127000;6cf289d0-c9f4-42b8-a0f5-201672f41316;412.31;0.01;BUY
2016-03-08T00:00:31.997000;2016-03-08T00:00:32.127000;bfe042bd-f31d-4cde-86be-441c5a6aab3c;412.31;0.082;BUY
2016-03-08T00:00:31.997000;2016-03-08T00:00:32.127000;3af4969e-bfc9-41b7-b2a9-dffb6727a1aa;412.35;0.01;BUY
2016-03-08T00:00:31.997000;2016-03-08T00:00:32.127000;3d8377ad-5958-4bc2-9004-2b0165231d63;412.35;5.41402683;BUY
2016-03-08T00:01:01.090000;2016-03-08T00:01:01.117000;0ae6eacd-a54d-449f-b76a-67adbd99ab42;412.34;0.1;BUY
2016-03-08T00:01:31.107000;2016-03-08T00:01:31.147000;2fcbc4b0-4a8c-456d-b8e0-3027f34cd2b8;412.33;0.4;SELL
2016-03-08T00:01:31.107000;2016-03-08T00:01:31.160000;e00ae3f5-7a20-49d9-a7eb-4a8c2af72f11;412.33;0.182;SELL
2016-03-08T00:01:31.110000;2016-03-08T00:01:31.160000;e25b0b41-1b7e-4030-9abd-21cfe8d6ad4e;412.33;0.16508;SELL
2016-03-08T00:02:03.950000;2016-03-08T00:02:03.973000;5f47e482-b4f3-4781-9dcc-1659b64e7a0b;412.34;0.04802;BUY
2016-03-08T00:02:30.957000;2016-03-08T00:02:30.977000;8ae421af-7599-42f7-a394-34c2013f46f8;412.34;0.10198;BUY
2016-03-08T00:02:30.957000;2016-03-08T00:02:31.000000;fb4ba60c-6499-4231-b2d3-4038b52f7cbf;412.37;1.69162;BUY
2016-03-08T00:03:01.080000;2016-03-08T00:03:01.100000;528b0260-39c6-4d32-a208-1b7cf9ecd87f;412.33;0.23502101;SELL
2016-03-08T00:03:01.080000;2016-03-08T00:03:01.117000;8af91095-77c4-440a-a4a9-fc723cbaa501;412.33;0.09967899;SELL
2016-03-08T00:03:31.050000;2016-03-08T00:03:31.107000;27ce1574-5921-4c56-b5da-9a746f25b064;412.36;0.25;BUY
2016-03-08T00:03:31.050000;2016-03-08T00:03:31.123000;a71a2958-8294-43e5-bda0-26d52fa412d8;412.36;0.112;BUY
2016-03-08T00:03:31.050000;2016-03-08T00:03:31.123000;f356da37-8ea5-4599-b96c-5518b823a3c4;412.45;0.01;BUY
2016-03-08T00:03:31.050000;2016-03-08T00:03:31.147000;6c98a9e6-9aaf-4132-9674-e1bb65a2a0ca;412.46;0.498;BUY
2016-03-08T00:03:31.050000;2016-03-08T00:03:31.147000;7bb57ffb-93eb-4ef7-82b2-d6a39b6c619e;412.51;0.54;BUY
2016-03-08T00:03:31.050000;2016-03-08T00:03:31.147000;2e52bd3e-0080-44b4-a130-2aad9117ae3e;412.53;1.0;BUY
2016-03-08T00:03:31.050000;2016-03-08T00:03:31.147000;3ec9517e-4d1c-42fb-ba24-4cbb88be50df;412.54;0.28995;BUY
2016-03-08T00:04:01.170000;2016-03-08T00:04:01.240000;c150a34a-3a7d-4f8a-87f9-18c8f78fe7e0;412.35;0.02836;SELL
2016-03-08T00:04:32.277000;2016-03-08T00:04:32.333000;cd54532c-4ac1-4db0-a4c1-35d359910f5c;412.47;0.0115;SELL
2016-03-08T00:04:32.280000;2016-03-08T00:04:32.373000;63c7529d-73d6-4906-b5d4-1e50412f2398;412.47;0.18488333;SELL
2016-03-08T00:04:32.280000;2016-03-08T00:04:32.373000;97ee55fc-b7db-4975-bf48-f73e0b805f49;412.47;0.34942973;SELL
2016-03-08T00:04:32.280000;2016-03-08T00:04:32.373000;ca0f8980-7cad-44e1-96c7-eba78df0c984;412.47;0.50469798;SELL
2016-03-08T00:04:32.280000;2016-03-08T00:04:32.417000;a9f19e43-889f-45b7-9398-332fbb032582;412.42;0.26;SELL
2016-03-08T00:04:32.280000;2016-03-08T00:04:32.433000;82fd8bd7-bba6-491a-a263-cd661033b569;412.39;0.322;SELL
2016-03-08T00:04:32.280000;2016-03-08T00:04:32.433000;f51f65e8-38b5-4025-a871-7505faacb0b4;412.27;0.01;SELL
2016-03-08T00:04:32.280000;2016-03-08T00:04:32.433000;7092401c-73c1-44dd-b45e-eef4e053fcad;412.25;0.0115;SELL
2016-03-08T00:04:32.280000;2016-03-08T00:04:32.433000;cade0164-a054-40d6-bae0-ccac3d734394;412.2;0.01;SELL
2016-03-08T00:04:32.280000;2016-03-08T00:04:32.433000;2d25fc29-79a1-4730-b3f8-e7e9e8da65b8;412.19;1.0;SELL
2016-03-08T00:04:32.280000;2016-03-08T00:04:32.433000;db913657-da72-4a84-8d41-87b519d76a85;412.17;0.288;SELL
2016-03-08T00:04:32.280000;2016-03-08T00:04:32.433000;3cc71337-3c38-4232-8f9a-2eda77e02203;412.1;0.01;SELL
2016-03-08T00:04:32.280000;2016-03-08T00:04:32.433000;737bac77-84d9-4849-88a4-1e711e7be2c5;412.08;2.88;SELL
2016-03-08T00:04:32.280000;2016-03-08T00:04:32.433000;c4d033ce-4a26-4ed7-8770-6a6f87ad3e17;412.07;0.0204362;SELL
2016-03-08T00:04:32.280000;2016-03-08T00:04:32.450000;f7255fcf-ed91-4164-bbf7-e26383ec565c;412.04;0.45;SELL
2016-03-08T00:04:32.280000;2016-03-08T00:04:32.450000;5f4c1296-5f90-4bc2-9419-9de32bbb0125;412.01;1.04533276;SELL
2016-03-08T00:04:56.597000;2016-03-08T00:04:56.643000;18b8fdb4-d7be-414d-8127-79165fa9d44d;412.17;0.199;BUY
2016-03-08T00:05:01.153000;2016-03-08T00:05:01.210000;a213b42b-2b4a-4925-9213-3d602cdabfcb;412.22;0.09576;BUY
2016-03-08T00:05:06.020000;2016-03-08T00:05:06.083000;417f1209-f710-4f8b-b955-7e371f19382c;412.21;0.0796;BUY
2016-03-08T00:05:06.030000;2016-03-08T00:05:06.100000;5c34d0fb-bd72-4736-bc74-502cccf4f55c;412.21;0.4104;BUY
2016-03-08T00:05:06.030000;2016-03-08T00:05:06.100000;c21f06cc-e2dd-4b43-819e-951d939fb440;412.22;0.04815;BUY
2016-03-08T00:05:06.053000;2016-03-08T00:05:06.117000;953fd59f-e8ec-4522-8186-adbfe2ec78aa;412.22;0.45298;BUY
2016-03-08T00:05:33.127000;2016-03-08T00:05:33.177000;fe0b08a6-9a3d-49a4-9a95-8c09d419a483;412.28;0.03695;BUY
2016-03-08T00:06:01.713000;2016-03-08T00:06:01.767000;c193fa91-2d6e-47d3-8986-ba7e94582f28;412.37;0.35;BUY
2016-03-08T00:06:01.713000;2016-03-08T00:06:01.800000;997f863b-2026-4ff3-9191-4e916de6cb92;412.45;8.16;BUY
2016-03-08T00:06:01.717000;2016-03-08T00:06:01.800000;7d424444-e3fd-463a-a9fc-f87804ad5fd7;412.46;0.01;BUY
2016-03-08T00:06:01.717000;2016-03-08T00:06:01.803000;570eb31d-6f1d-4595-bc1c-980cf97df3b4;412.49;1.19819;BUY
2016-03-08T00:06:27.817000;2016-03-08T00:06:27.867000;93a8ced3-c17d-4dac-afe5-c233e3e44938;412.21;0.01;SELL
2016-03-08T00:06:27.817000;2016-03-08T00:06:27.907000;29fdd6c8-f4be-499c-b3a8-e62f4b1439e8;412.21;0.42;SELL
2016-03-08T00:06:27.817000;2016-03-08T00:06:27.907000;0c659651-bc26-4475-807f-40f617168cab;412.2;0.24;SELL
2016-03-08T00:06:27.817000;2016-03-08T00:06:27.907000;eb29f5a5-9c1f-49f6-ae1b-aceab0220a24;412.06;0.01;SELL
2016-03-08T00:06:27.817000;2016-03-08T00:06:27.907000;849cf34c-a06b-414b-9bbc-2f107ced8fd2;412.01;4.32;SELL
2016-03-08T00:06:31.120000;2016-03-08T00:06:31.170000;7a329b5a-1e51-4db2-8bbd-01ba8b148aaf;412.01;0.01;SELL
2016-03-08T00:06:31.123000;2016-03-08T00:06:31.187000;dfe03ee8-c519-42bb-884d-9ded42ff1db2;412.01;3.12;SELL
2016-03-08T00:06:31.123000;2016-03-08T00:06:31.213000;ae0ef3ca-a7f2-4dfe-ac89-9a0a93a56ae9;412.0;0.01951546;SELL
2016-03-08T00:06:31.123000;2016-03-08T00:06:31.213000;d491ff52-47b6-41ba-ad31-56ad8d8952c6;411.92;0.36;SELL
2016-03-08T00:06:31.123000;2016-03-08T00:06:31.213000;5496cf39-c44f-4f9f-83aa-57d20ecf8084;411.9;1.44;SELL
2016-03-08T00:06:31.123000;2016-03-08T00:06:31.213000;bfc833a3-4c3c-49b6-9c88-64653e4698a1;411.89;0.01;SELL
2016-03-08T00:06:31.123000;2016-03-08T00:06:31.213000;b98c96bb-6cb2-4d0c-aa56-b8d8b6683b04;411.83;2.0;SELL
2016-03-08T00:06:31.123000;2016-03-08T00:06:31.213000;5c2b9321-c797-474f-b804-9b3a7a74b839;411.81;2.80604454;SELL
2016-03-08T00:07:01.160000;2016-03-08T00:07:01.203000;59aa84fe-d7ab-406a-b75b-2c7fe22c936b;412.21;0.08486321;SELL
2016-03-08T00:07:01.160000;2016-03-08T00:07:01.220000;4b34e0b4-9b0d-4ae5-8b1c-237da564a1dc;412.14;0.125;SELL
2016-03-08T00:07:01.160000;2016-03-08T00:07:01.243000;25f2c863-9072-451b-97eb-d89414b8243c;412.12;0.01;SELL
2016-03-08T00:07:01.160000;2016-03-08T00:07:01.247000;b313455e-0521-4838-8c32-51c3f12ad2c2;411.92;0.01;SELL
2016-03-08T00:07:01.160000;2016-03-08T00:07:01.247000;1ef31f17-1a67-4b79-a9d3-948d8023ab6c;411.81;0.04;SELL
2016-03-08T00:07:01.160000;2016-03-08T00:07:01.247000;61f08af9-dfdc-45e2-97b7-ffb593a0fab5;411.81;0.40324679;SELL
2016-03-08T00:07:37.277000;2016-03-08T00:07:37.320000;eff61f40-1bb9-4c66-821d-1478f93bed44;411.98;0.25;BUY
2016-03-08T00:07:37.277000;2016-03-08T00:07:37.333000;97893751-f128-44a3-8856-7f6e2babd87f;411.98;0.0557;BUY
2016-03-08T00:07:39.170000;2016-03-08T00:07:39.217000;f276d9e6-388a-4357-9c7a-fc1eec8e4aca;411.98;0.28637;BUY
2016-03-08T00:08:01.233000;2016-03-08T00:08:01.293000;8841904b-a27d-4f98-8329-a478834abcc7;411.95;0.25;BUY
2016-03-08T00:08:01.233000;2016-03-08T00:08:01.310000;1ebf9c29-d4d2-48d0-b154-da7f71114c32;411.95;0.494;BUY
2016-03-08T00:08:01.233000;2016-03-08T00:08:01.310000;981ac783-b22f-4c2f-9273-3b4b8610cede;411.96;7.24574;BUY
2016-03-08T00:08:01.233000;2016-03-08T00:08:01.310000;53c0ccad-610c-47ec-b17c-666fe40c5c86;412.0;0.448;BUY
2016-03-08T00:08:01.233000;2016-03-08T00:08:01.310000;568339a2-ce39-47be-a245-1a1f581e3f1f;412.11;1.59994;BUY
2016-03-08T00:08:18.370000;2016-03-08T00:08:18.423000;014c5d16-2e7e-4c1e-9778-6e37c307fbd1;412.16;0.1234;BUY
2016-03-08T00:08:31.093000;2016-03-08T00:08:31.143000;e1b01b01-27a2-4443-9f76-4e32ccceaeb4;411.86;0.24;SELL
2016-03-08T00:08:31.093000;2016-03-08T00:08:31.160000;efc3bc0c-21df-4f34-8edd-cb8909ce92be;411.86;0.56;SELL
2016-03-08T00:08:31.093000;2016-03-08T00:08:31.173000;e2dd177f-8b39-4292-9208-e05833031cff;411.81;0.04;SELL
2016-03-08T00:08:31.093000;2016-03-08T00:08:31.173000;bdc6b0f3-37cb-4c84-8180-0b1cecafd244;411.8;0.01950425;SELL
2016-03-08T00:08:31.097000;2016-03-08T00:08:31.173000;14d3e3bd-a08d-4b6c-aedc-04e5df7ecb54;411.77;0.201;SELL
2016-03-08T00:08:31.097000;2016-03-08T00:08:31.230000;5966c28e-9e84-433b-ae39-83cd7ab3810d;411.73;0.9469;SELL
2016-03-08T00:08:31.097000;2016-03-08T00:08:31.230000;c1306554-ed68-43e8-a4c0-89bf233834d7;411.72;3.12;SELL
2016-03-08T00:08:31.097000;2016-03-08T00:08:31.230000;e24c27a6-8840-4357-ab21-9bb7a1a5881c;411.71;0.2889;SELL
2016-03-08T00:08:31.097000;2016-03-08T00:08:31.230000;df57059c-3bc1-40bd-9000-16c5f9cb0d25;411.71;0.72;SELL
2016-03-08T00:08:31.097000;2016-03-08T00:08:31.230000;ce921b0d-a065-4e7d-9e79-933ddb25b57d;411.7;2.0;SELL
2016-03-08T00:08:31.097000;2016-03-08T00:08:31.247000;252a5c99-3468-426f-ae6d-ec1004101cc5;411.69;0.2;SELL
2016-03-08T00:08:31.097000;2016-03-08T00:08:31.247000;15fac4a4-7b8b-493d-9892-263cea50d6f4;411.69;0.2;SELL
2016-03-08T00:08:31.097000;2016-03-08T00:08:31.247000;561622de-361e-4198-9ba2-ca74b65c2a34;411.69;0.20392;SELL
2016-03-08T00:08:31.097000;2016-03-08T00:08:31.247000;d5339542-2ddb-46ed-aa41-9fd19d69ef0c;411.68;0.01;SELL
2016-03-08T00:08:31.097000;2016-03-08T00:08:31.247000;d915ce33-f2c5-403b-a7d9-ac1bf854cc7d;411.68;0.24;SELL
2016-03-08T00:08:31.097000;2016-03-08T00:08:31.263000;52f8b182-b01d-4322-99bb-a36c2bc43871;411.67;1.0;SELL
2016-03-08T00:08:31.097000;2016-03-08T00:08:31.263000;c80d3e02-ecfa-4cd6-b123-28a6a5bbe916;411.66;0.099;SELL
2016-03-08T00:08:31.097000;2016-03-08T00:08:31.263000;00bcf940-51d1-4e45-9dfb-813057604617;411.64;3.257;SELL
2016-03-08T00:08:31.097000;2016-03-08T00:08:31.263000;6b7a0c91-2e12-4894-b071-a90554e8ae19;411.6;0.0194975;SELL
2016-03-08T00:08:31.100000;2016-03-08T00:08:31.267000;b80d893d-8adb-4789-8841-f31377987815;411.54;0.02;SELL
2016-03-08T00:08:31.100000;2016-03-08T00:08:31.267000;035f89af-8612-4247-b122-d22534819f78;411.53;0.254;SELL
2016-03-08T00:08:31.100000;2016-03-08T00:08:31.267000;dbb4bc2f-860d-42fe-927d-907ca126217c;411.53;0.25;SELL
2016-03-08T00:08:31.100000;2016-03-08T00:08:31.267000;3499237b-c047-4adb-b3d6-e4ee8e880255;411.51;0.01;SELL
2016-03-08T00:08:31.100000;2016-03-08T00:08:31.267000;2b638273-edcb-4102-9ea7-315205e32f48;411.49;0.3061;SELL
2016-03-08T00:08:31.100000;2016-03-08T00:08:31.267000;d686cebc-73cb-456b-9b3c-cc35f2bdc69b;411.48;0.283;SELL
2016-03-08T00:08:31.100000;2016-03-08T00:08:31.307000;833ae5d4-28b4-4378-ab9a-604f014d8f56;411.48;3.998;SELL
2016-03-08T00:08:31.100000;2016-03-08T00:08:31.307000;9329eef3-91d1-4b94-8152-5a9eebac6fb3;411.43;0.255;SELL
2016-03-08T00:08:31.100000;2016-03-08T00:08:31.307000;b0aeb4d3-274b-4a42-a67d-8af111980956;411.38;0.253;SELL
2016-03-08T00:08:31.100000;2016-03-08T00:08:31.307000;ba15367b-ffb4-4390-bd1e-f916256b661d;411.33;4.015;SELL
2016-03-08T00:08:31.100000;2016-03-08T00:08:31.307000;3d691d42-e2ff-4942-8833-35a5587f1911;411.33;0.259;SELL
2016-03-08T00:08:31.100000;2016-03-08T00:08:31.307000;4abcca08-4b4e-4828-b875-f1fb06eedbeb;411.33;0.3514;SELL
2016-03-08T00:08:31.100000;2016-03-08T00:08:31.307000;97bde7c8-a63f-4fab-b2b8-698e6c1a6724;411.32;0.01;SELL
2016-03-08T00:08:31.100000;2016-03-08T00:08:31.323000;f8abb57e-fcfe-4517-8c0d-50a223627b23;411.32;0.01;SELL
2016-03-08T00:08:31.100000;2016-03-08T00:08:31.323000;8fe931c0-85bd-4c53-90fa-2ac0f79b1374;411.28;0.276;SELL
2016-03-08T00:08:31.100000;2016-03-08T00:08:31.323000;e956d8ec-4ed2-47b9-8997-681d5b87530f;411.27;0.01;SELL
2016-03-08T00:08:31.103000;2016-03-08T00:08:31.323000;77aa8802-da1e-4fba-b763-bfa56bc3a76a;411.23;0.07321825;SELL
2016-03-08T00:09:01.120000;2016-03-08T00:09:01.163000;ae8f2b95-a648-4af6-92b2-fc1d1b51852d;411.98;0.25;BUY
2016-03-08T00:09:01.120000;2016-03-08T00:09:01.180000;9a83e052-dedc-434c-a535-5ee516bd549f;411.99;1.0;BUY
2016-03-08T00:09:01.120000;2016-03-08T00:09:01.197000;01ee8a32-9d46-40b6-9c93-8690fbb90018;412.0;2.4;BUY
2016-03-08T00:09:01.120000;2016-03-08T00:09:01.197000;80ef7545-633e-4466-a6d2-7360884d7436;412.1;0.0194975;BUY
2016-03-08T00:09:01.120000;2016-03-08T00:09:01.197000;a3affab0-2bdd-472d-bbf1-31ff8ed68292;412.12;0.01;BUY
2016-03-08T00:09:01.120000;2016-03-08T00:09:01.197000;73d71e96-b2a6-40d4-bc4b-725c8b3de95d;412.12;0.0645825;BUY
2016-03-08T00:09:05.203000;2016-03-08T00:09:05.243000;00cb55b4-79b3-4d62-a7f0-95ef0580310f;412.1;0.0876;BUY
2016-03-08T00:09:31.250000;2016-03-08T00:09:31.290000;8e931790-60ff-4d6f-9253-136b4cba5d78;412.1;0.03939;BUY
2016-03-08T00:10:01.217000;2016-03-08T00:10:01.260000;2a26d6d8-b710-4e58-aae6-05e0db412086;412.09;0.25;BUY
2016-03-08T00:10:01.220000;2016-03-08T00:10:01.297000;658e10fc-7e0f-4379-90aa-5df9db72710c;412.09;0.4;BUY
2016-03-08T00:10:01.220000;2016-03-08T00:10:01.297000;f072ad1e-ca1a-44cf-8eda-9ab234e84a61;412.1;0.16191;BUY
2016-03-08T00:10:01.220000;2016-03-08T00:10:01.297000;42dad69c-3de1-4561-95ae-13be911e97a7;412.13;0.01;BUY
2016-03-08T00:10:01.220000;2016-03-08T00:10:01.297000;2efb10ee-abe0-408b-8c14-de7fa79abe4e;412.14;0.01;BUY
2016-03-08T00:10:01.220000;2016-03-08T00:10:01.297000;ff24714d-30e6-4b28-a9e9-f58b10e24074;412.14;0.3061;BUY
2016-03-08T00:10:01.220000;2016-03-08T00:10:01.300000;c3da49d8-823e-4ec4-b033-7f356b7eadfc;412.19;0.01598;BUY
2016-03-08T00:10:31.300000;2016-03-08T00:10:31.343000;57af61f9-4d8e-4420-a193-b4b3c277e41b;412.21;0.01;BUY
2016-03-08T00:10:31.300000;2016-03-08T00:10:31.373000;8b3b0068-23d6-4714-ab4b-3fdcdbc0fe61;412.25;0.3514;BUY
2016-03-08T00:10:31.300000;2016-03-08T00:10:31.373000;e1d81b72-2539-49b6-8d4d-2f5e4683b80f;412.3;0.01950425;BUY
2016-03-08T00:10:31.300000;2016-03-08T00:10:31.373000;2f5ef809-61a8-4fa8-b96d-cac2f9a0764a;412.32;0.27;BUY
2016-03-08T00:10:31.300000;2016-03-08T00:10:31.373000;4cf7b2f9-9a5f-4160-89fd-cce355d44044;412.34;0.093;BUY
2016-03-08T00:10:31.300000;2016-03-08T00:10:31.440000;f47c0f29-61c5-4610-983d-7e7be21c46d7;412.35;0.01;BUY
2016-03-08T00:10:31.300000;2016-03-08T00:10:31.440000;7076dbff-c2c0-4419-91f8-72b8a061622d;412.38;0.01;BUY
2016-03-08T00:10:31.300000;2016-03-08T00:10:31.443000;b8eb4c6f-84e8-40d4-8e32-b23068ce9c30;412.39;0.01;BUY
2016-03-08T00:10:31.300000;2016-03-08T00:10:31.443000;e8491ec4-c4d9-485d-96fe-76a1c247bfb3;412.39;0.32153575;BUY
2016-03-08T00:10:34.423000;2016-03-08T00:10:34.460000;346eaba4-05d7-409e-8633-7f5045efb9da;412.02;4.21641115;SELL
2016-03-08T00:10:39.680000;2016-03-08T00:10:39.713000;3ebe237c-df2f-4575-854f-7a24e28b0b21;412.02;0.10696;SELL
2016-03-08T00:10:40.270000;2016-03-08T00:10:40.307000;8df36b4d-5b43-479d-985a-4eb736748400;412.39;0.15846425;BUY
2016-03-08T00:11:04.387000;2016-03-08T00:11:04.427000;5e6ebb8d-0125-46ce-b11f-8fe86fe4e2e5;412.41;1.0;BUY
2016-03-08T00:11:04.387000;2016-03-08T00:11:04.453000;7c5645f8-79f7-4ca5-b86d-01be06b7cb98;412.41;0.31352;BUY
2016-03-08T00:11:14.807000;2016-03-08T00:11:14.840000;2b47f2be-9a2e-44cf-83de-413f4a7de703;412.43;0.5;BUY
2016-03-08T00:11:31.367000;2016-03-08T00:11:31.400000;61a98439-c537-4f2e-9d38-4b221d547ffe;412.4;0.04877;SELL
2016-03-08T00:12:01.277000;2016-03-08T00:12:01.313000;f13299ac-7058-4dbf-86e4-bd0fde4af53a;412.41;0.72023;BUY
2016-03-08T00:12:32.613000;2016-03-08T00:12:32.657000;f03c8cc9-1974-4cad-b4ff-741cdbb61606;412.4;0.49245214;SELL
2016-03-08T00:12:32.613000;2016-03-08T00:12:32.657000;6df7f778-81e5-448e-b7f1-9ca86011e879;412.38;0.19937786;SELL
2016-03-08T00:12:45.700000;2016-03-08T00:12:45.733000;3befea19-e4a8-431a-9549-6b571b8d1b55;412.38;0.05348;SELL
2016-03-08T00:12:52.190000;2016-03-08T00:12:52.220000;1da32ad6-1ea6-437b-ad47-68f182c211dd;412.38;0.02674;SELL
2016-03-08T00:13:01.227000;2016-03-08T00:13:01.257000;0585c91a-da38-461e-84d0-7e78fa0553a9;412.39;0.25;BUY
2016-03-08T00:13:01.227000;2016-03-08T00:13:01.280000;86476286-1e3b-488d-929a-3e22ee025ade;412.39;0.01337;BUY
2016-03-08T00:13:01.227000;2016-03-08T00:13:01.297000;3dba7ca5-8c6b-427b-bff1-152168c37474;412.42;0.87121;BUY
2016-03-08T00:13:31.173000;2016-03-08T00:13:31.203000;8acb7efc-851e-4cff-9cb0-979aa4bf0eeb;412.4;0.25;BUY
2016-03-08T00:13:31.173000;2016-03-08T00:13:31.223000;87020b70-e62b-4774-b382-90b32ca41e28;412.4;2.93;BUY
2016-03-08T00:13:31.173000;2016-03-08T00:13:31.243000;a6f26f1a-bc40-450f-92ac-7c961f262674;412.42;0.12879;BUY
2016-03-08T00:13:31.173000;2016-03-08T00:13:31.243000;100afdfb-1a7d-451d-a58f-7b70cdf65f38;412.43;0.511;BUY
2016-03-08T00:13:31.173000;2016-03-08T00:13:31.243000;c10395af-5456-4f8a-ba1c-1611f10cc45e;412.44;0.01;BUY
2016-03-08T00:13:31.173000;2016-03-08T00:13:31.290000;c0e26ded-27b6-44d3-a58c-d148f66a4b29;412.44;0.01;BUY
2016-03-08T00:13:31.173000;2016-03-08T00:13:31.290000;5a379373-5ce1-4043-ba43-e724475f2a50;412.48;0.27455;BUY
2016-03-08T00:14:04.877000;2016-03-08T00:14:04.900000;4a64c67f-547f-4293-9f48-d3ba526f3157;412.4;0.86402;BUY
2016-03-08T00:14:40.057000;2016-03-08T00:14:40.090000;1bdd5f82-4ca0-44f8-b0a4-9b8773cf5834;412.38;0.72040214;SELL
2016-03-08T00:14:40.057000;2016-03-08T00:14:40.090000;d4c2cdda-d62f-43f7-8665-84e84a5284cd;412.38;0.31;SELL
2016-03-08T00:14:40.057000;2016-03-08T00:14:40.090000;aa9c7bdb-8df1-41a1-bea3-673bbfcf241d;412.38;0.58949786;SELL
2016-03-08T00:15:01.323000;2016-03-08T00:15:01.347000;3b3141a5-e2fe-4cfe-997c-17c262ea356a;412.39;0.25;BUY
2016-03-08T00:15:01.323000;2016-03-08T00:15:01.370000;cc211890-cb82-453e-94fb-106fa790ce6d;412.39;0.01;BUY
2016-03-08T00:15:01.323000;2016-03-08T00:15:01.387000;df72a60c-b902-4ac4-9804-b6debcb1e39c;412.4;0.12518;BUY
2016-03-08T00:15:38.207000;2016-03-08T00:15:38.230000;f14423f8-9ab5-40d1-8fe7-bdee413abb41;412.4;0.19207;BUY
2016-03-08T00:16:01.403000;2016-03-08T00:16:01.427000;d42c20e5-93d1-4b2e-ab2a-9188bc080c92;412.39;0.32325;SELL
2016-03-08T00:16:31.680000;2016-03-08T00:16:31.723000;dc385467-ecbe-4728-9b59-d4dab6856a5c;412.39;0.67675;SELL
2016-03-08T00:16:31.680000;2016-03-08T00:16:31.740000;f9941695-afa3-4547-bbc2-27b1be24acf4;412.39;0.43098976;SELL
2016-03-08T00:16:31.680000;2016-03-08T00:16:31.740000;3a55d905-3086-44ea-95a8-165b5870397c;412.39;0.41262265;SELL
2016-03-08T00:16:31.680000;2016-03-08T00:16:31.740000;1b9c89ec-33a9-48f0-9b23-7c8a9660ff94;412.39;0.01067;SELL
2016-03-08T00:16:31.680000;2016-03-08T00:16:31.740000;e08b123e-6ad1-4a67-8af6-0100a4a73988;412.29;0.32;SELL
2016-03-08T00:16:31.680000;2016-03-08T00:16:31.740000;f16f7c92-0f4b-4b05-b92c-45e902a179f9;412.24;0.338;SELL
2016-03-08T00:16:31.680000;2016-03-08T00:16:31.740000;2ad50ce1-91b0-4725-8ae3-2fb2a1a6517c;412.18;1.0;SELL
2016-03-08T00:16:31.683000;2016-03-08T00:16:31.740000;e95588f4-0e08-4bb2-a60a-323edf8b21c6;412.18;0.25156759;SELL
2016-03-08T00:17:01.267000;2016-03-08T00:17:01.300000;9735e3c5-6acc-405e-a2b6-9828dabb602f;412.18;0.02546;SELL
2016-03-08T00:17:32.187000;2016-03-08T00:17:32.203000;ed8926cc-65d9-40c1-a642-0a497153a79e;412.29;0.01;SELL
2016-03-08T00:17:32.187000;2016-03-08T00:17:32.227000;56cd8a66-1c25-4ce2-baf1-766d2eb6b725;412.19;7.20843;SELL
2016-03-08T00:17:32.187000;2016-03-08T00:17:32.227000;7c2ef903-7fdf-4059-ac17-538fc99dc7c7;412.18;0.315;SELL
2016-03-08T00:17:32.187000;2016-03-08T00:17:32.243000;69e8961f-d3ac-4ad4-8f4d-9005c3e6f6b0;412.17;7.23559;SELL
2016-03-08T00:17:32.187000;2016-03-08T00:17:32.243000;e2ba8531-dd49-4d7f-b7ed-39139b773f0f;412.14;0.01;SELL
2016-03-08T00:17:32.187000;2016-03-08T00:17:32.243000;f93da47f-6f79-4292-af12-17a940bcc0a5;412.14;7.24624;SELL
2016-03-08T00:17:32.187000;2016-03-08T00:17:32.247000;31b03051-9acd-43ee-8ee7-5486998336e6;412.14;0.18122;SELL
2016-03-08T00:17:32.187000;2016-03-08T00:17:32.247000;0217d23a-26e9-43a7-bdda-ccfbde8cbc5a;412.12;0.109;SELL
2016-03-08T00:17:32.187000;2016-03-08T00:17:32.247000;059b8f76-ca83-4dad-8a02-741380abf4c8;412.11;2.06548;SELL
2016-03-08T00:18:02.590000;2016-03-08T00:18:02.607000;0ea2ab58-eba2-4043-ae2f-5ef80cc2f9cf;412.12;0.3;SELL
2016-03-08T00:18:02.590000;2016-03-08T00:18:02.623000;961280a8-cc03-4634-af6b-117bec2025a3;412.12;0.27417;SELL
2016-03-08T00:18:03.597000;2016-03-08T00:18:03.620000;154d0a81-e07a-444d-8ab1-68f99d27ebf3;412.37;0.0628;BUY
2016-03-08T00:18:35.017000;2016-03-08T00:18:35.027000;994ca428-33fe-4c0b-b3ae-0288db5a46da;412.37;0.1872;BUY
2016-03-08T00:18:35.017000;2016-03-08T00:18:35.070000;1426aa87-72c1-4f77-b3a8-5b6ba4d2e4e7;412.37;0.28;BUY
2016-03-08T00:18:35.017000;2016-03-08T00:18:35.070000;87f0472a-7da4-4312-91c6-0686b04f234c;412.37;0.01;BUY
2016-03-08T00:18:35.017000;2016-03-08T00:18:35.070000;51327a2c-897c-47df-919e-1d88652ec7f8;412.37;0.09729;BUY
2016-03-08T00:18:35.017000;2016-03-08T00:18:35.070000;fbb79687-5e20-4d95-8e1a-70796e12fd0e;412.37;0.07957;BUY
2016-03-08T00:18:35.017000;2016-03-08T00:18:35.087000;25d09569-458f-4a10-9189-bda8fe6013b3;412.39;1.0;BUY
2016-03-08T00:18:35.017000;2016-03-08T00:18:35.087000;99985e81-a6d1-4be0-8368-7463ed9e63ad;412.4;5.31873;BUY
2016-03-08T00:18:35.017000;2016-03-08T00:18:35.087000;7e0eaa5d-2718-421f-96db-1f11a1b9ef34;412.41;1.0;BUY
2016-03-08T00:18:35.017000;2016-03-08T00:18:35.087000;a0201a09-f174-4935-a2bc-af607f0dd416;412.45;0.418;BUY
2016-03-08T00:18:35.017000;2016-03-08T00:18:35.087000;418e8eb1-5701-4848-9620-1621fa7880f1;412.46;2.53;BUY
2016-03-08T00:18:35.017000;2016-03-08T00:18:35.087000;e5b536fb-fc24-4be3-8db0-35b2b854ab1f;412.47;0.01;BUY
2016-03-08T00:18:35.020000;2016-03-08T00:18:35.087000;af55ea33-7794-4b2a-9dd5-0c4134f75b8c;412.49;1.59985;BUY
2016-03-08T00:19:09.843000;2016-03-08T00:19:09.850000;9ba009aa-a550-4806-a22c-6275dba6a95b;412.44;0.11768;BUY
2016-03-08T00:19:31.397000;2016-03-08T00:19:31.413000;dabaed25-6ce0-4722-ae7c-72cd2c0e8920;412.44;0.13232;BUY
2016-03-08T00:19:31.397000;2016-03-08T00:19:31.430000;51b41184-d92f-4dad-8876-fba625300ff0;412.45;1.0;BUY
2016-03-08T00:19:31.397000;2016-03-08T00:19:31.430000;c1ae47c9-40b5-486d-92ac-f7a99226a537;412.48;0.088;BUY
2016-03-08T00:19:31.397000;2016-03-08T00:19:31.450000;85af547d-638c-4ff1-a148-b686c10ceb0a;412.5;0.01;BUY
2016-03-08T00:19:31.397000;2016-03-08T00:19:31.450000;0472b59b-30c9-4a8f-8770-d377304d94dc;412.5;0.01;BUY
2016-03-08T00:19:31.397000;2016-03-08T00:19:31.450000;3c28794b-b0d2-4d2e-9cce-a1a4b0c08efc;412.5;0.01951546;BUY
2016-03-08T00:19:31.397000;2016-03-08T00:19:31.450000;5eab0a25-ab50-4a9c-8923-87ce8ce71b1f;412.54;0.02;BUY
2016-03-08T00:19:31.397000;2016-03-08T00:19:31.450000;aff65d9e-af06-45bf-8dc7-7ba09dfb0ce4;412.54;1.0;BUY
2016-03-08T00:19:31.397000;2016-03-08T00:19:31.467000;794fd50d-acf8-4874-a316-367405627780;412.55;1.84;BUY
2016-03-08T00:19:31.397000;2016-03-08T00:19:31.467000;09eeab4f-0883-48c3-be6c-17322b1b2c45;412.57;0.414;BUY
2016-03-08T00:19:31.397000;2016-03-08T00:19:31.467000;dff411bd-0404-40c7-a376-3f46c327a954;412.57;1.15;BUY
2016-03-08T00:19:31.397000;2016-03-08T00:19:31.467000;213c86bb-d37a-4b3c-9627-9d399a0e0bfb;412.58;0.01;BUY
2016-03-08T00:19:31.397000;2016-03-08T00:19:31.467000;582ad1b2-8958-4de6-9a07-5cc38dfe3fcd;412.6;2.0;BUY
2016-03-08T00:19:31.397000;2016-03-08T00:19:31.507000;5c715fc7-b71c-4ebd-a19f-7f6c2405c9be;412.61;5.94698454;BUY
2016-03-08T00:20:31.643000;2016-03-08T00:20:31.647000;744ffaa7-edeb-4a5d-b852-660816f2c18c;412.53;0.15932;BUY
2016-03-08T00:20:39.740000;2016-03-08T00:20:39.747000;a93c0ad6-c79f-4004-bec4-765c33f8fd6c;412.53;0.03;BUY
2016-03-08T00:21:01.070000;2016-03-08T00:21:01.080000;b7f46326-7b7d-42c0-ad2d-48cb6647fc1e;412.54;0.0727;BUY
2016-03-08T00:21:01.073000;2016-03-08T00:21:01.080000;1245f7f0-52ba-4a91-8f6a-fd783b065a64;412.54;0.0609;BUY
2016-03-08T00:21:01.147000;2016-03-08T00:21:01.150000;0fe89177-1b4c-42fd-8022-2a5e59773948;412.54;0.10265;BUY
2016-03-08T00:21:02.953000;2016-03-08T00:21:02.960000;86208400-632e-41ab-bbd6-e9cf3058aba6;412.54;0.76375;BUY
2016-03-08T00:21:02.953000;2016-03-08T00:21:02.983000;8056c7eb-e3be-4334-8c6d-cdebedb0f6a0;412.65;0.473;BUY
2016-03-08T00:21:02.953000;2016-03-08T00:21:03.000000;3231a6c8-239e-481b-81c9-8fa12ef2930f;412.68;0.01;BUY
2016-03-08T00:21:02.953000;2016-03-08T00:21:03.000000;4bc9b2d4-6004-4e05-94bc-fa362aa03547;412.68;1.0;BUY
2016-03-08T00:21:02.953000;2016-03-08T00:21:03.000000;b1363741-b57d-4307-94f0-f8b1badd7a5e;412.69;1.4672;BUY
2016-03-08T00:21:41.707000;2016-03-08T00:21:41.710000;4e4dfc83-0bc7-41ec-9872-8ee568a54046;412.53;0.22511;SELL
2016-03-08T00:22:01.637000;2016-03-08T00:22:01.640000;bd3da828-f540-49f3-9aa2-d301601f9216;412.68;0.45;BUY
2016-03-08T00:22:01.637000;2016-03-08T00:22:01.657000;1116d583-36bd-4d6d-91f6-3192fba40832;412.69;0.22387;BUY
2016-03-08T00:22:37.500000;2016-03-08T00:22:37.503000;b28c3b66-09af-47ed-9b5a-f5fac25e0720;412.53;0.23841;SELL
2016-03-08T00:23:01.530000;2016-03-08T00:23:01.530000;b8a0518b-56ea-4ad0-9182-c0794459a6b7;412.68;0.18;BUY
2016-03-08T00:23:01.530000;2016-03-08T00:23:01.567000;11b5ce36-f4aa-4254-a79b-df2b3de64eac;412.7;0.01947317;BUY
2016-03-08T00:23:01.530000;2016-03-08T00:23:01.567000;c97822ff-746f-4f33-9be9-099a48b6648c;412.72;0.01;BUY
2016-03-08T00:23:01.530000;2016-03-08T00:23:01.567000;7c02ef0e-c03d-4ae4-8acd-2cc0a91a8fe5;412.75;0.01;BUY
2016-03-08T00:23:01.530000;2016-03-08T00:23:01.567000;ebe7cbf5-3638-4244-bdd6-b7c69c7c7db7;412.77;0.09374683;BUY
2016-03-08T00:23:33.307000;2016-03-08T00:23:33.307000;13c616ae-da6e-4cbf-b084-b6a26991a7ad;412.68;0.21348;BUY
2016-03-08T00:24:01.233000;2016-03-08T00:24:01.230000;cc9c7e47-73b0-46ad-953b-51865c3ebff0;412.69;1.09943;BUY
2016-03-08T00:24:37.133000;2016-03-08T00:24:37.130000;51b18c72-f21a-4d61-9a55-7e29b6c1876c;412.69;0.05997;BUY
2016-03-08T00:25:01.293000;2016-03-08T00:25:01.283000;0738d911-a614-4cc9-9ab9-b18b47307f1f;412.67;1.0;SELL
2016-03-08T00:25:01.293000;2016-03-08T00:25:01.320000;5d809416-8038-445b-8aba-26992696e191;412.67;0.1709;SELL
2016-03-08T00:25:31.713000;2016-03-08T00:25:31.707000;00da1507-c74a-4ad7-8bad-66ef828f0f2b;412.68;0.94716;BUY
2016-03-08T00:25:46.013000;2016-03-08T00:25:46.003000;7406f341-0ed1-4c48-a1f5-1f2a3d7bf228;412.68;0.20064001;BUY
2016-03-08T00:26:01.497000;2016-03-08T00:26:01.487000;40b39198-aec1-495f-8bc7-afbb56b8fdcf;412.68;0.09977;BUY
2016-03-08T00:27:31.193000;2016-03-08T00:27:31.180000;d749faa3-a5bf-486d-b27d-8f65b52c3b1c;412.68;2.58793;BUY
2016-03-08T00:28:03.140000;2016-03-08T00:28:03.123000;55eab885-cc15-4a13-b3c1-ff3e8785951b;412.68;0.07578;BUY
2016-03-08T00:28:31.163000;2016-03-08T00:28:31.147000;3b3188b7-cda1-43f8-83e5-2a590e72aa1c;412.68;0.3792;BUY
2016-03-08T00:29:01.247000;2016-03-08T00:29:01.230000;b7fcfd37-6455-4e07-bf32-7e0b49b0c54a;412.67;0.09252;SELL
2016-03-08T00:29:31.097000;2016-03-08T00:29:31.077000;ae98facb-0b52-461b-bbfd-c22adae6aae8;412.68;0.06477;BUY
2016-03-08T00:30:01.243000;2016-03-08T00:30:01.223000;b9e00d9c-c258-42f3-a1b2-521b0e33c587;412.69;1.26;BUY
2016-03-08T00:30:31.240000;2016-03-08T00:30:31.233000;97a3ce71-325f-4f90-ae43-5005e95f5705;412.69;1.5626;BUY
2016-03-08T00:30:31.243000;2016-03-08T00:30:31.233000;c78cf8b6-4674-4131-a39e-e27d5d04ad41;412.69;1.0;BUY
2016-03-08T00:30:31.243000;2016-03-08T00:30:31.263000;6c78ab2d-c051-40a4-8656-4b2dd52f19d5;412.69;0.29434;BUY
2016-03-08T00:30:53.023000;2016-03-08T00:30:53.020000;079f140b-5fae-43df-b0d8-7c603a441ac2;412.68;0.3;SELL
2016-03-08T00:31:03.387000;2016-03-08T00:31:03.363000;bf712226-a8ec-4bad-b969-789d8ef3f246;412.68;0.12382;BUY
2016-03-08T00:31:36.287000;2016-03-08T00:31:36.263000;153a7920-bbda-42de-80d3-411eecb6a33b;412.69;0.70566;BUY
2016-03-08T00:31:36.287000;2016-03-08T00:31:36.280000;9ca2aa4d-fcd6-42e0-a717-6af10cc449b3;412.69;0.54434;BUY
2016-03-08T00:32:01.413000;2016-03-08T00:32:01.393000;04a009b0-f0be-4004-ae30-155eb1a29f9b;412.68;0.18;BUY
2016-03-08T00:32:01.413000;2016-03-08T00:32:01.410000;f7e1000c-4e83-4715-a920-c2f336d84058;412.68;0.11987;BUY
2016-03-08T00:32:35.787000;2016-03-08T00:32:35.767000;0e26b04e-0fca-451d-bc5b-6e85498c4276;412.68;0.24;BUY
2016-03-08T00:32:35.790000;2016-03-08T00:32:35.767000;ba56dd9e-c45b-4efd-96a0-8b5f457529f5;412.68;0.65846425;BUY
2016-03-08T00:32:35.790000;2016-03-08T00:32:35.807000;c2d4ff47-de84-4dc7-9833-adcc8d372e23;412.68;4.82001575;BUY
2016-03-08T00:32:40.480000;2016-03-08T00:32:40.453000;d06ca7e0-3386-4a42-9b5c-c0d147e316da;412.69;1.18;BUY
2016-03-08T00:33:04.783000;2016-03-08T00:33:04.763000;fab9c39b-9f15-4550-8805-a3e3b1e85114;412.67;0.90748;SELL
2016-03-08T00:33:04.787000;2016-03-08T00:33:04.780000;0919b325-3797-4f2c-a6cf-2d20beed4d0a;412.67;0.47399999;SELL
2016-03-08T00:33:04.787000;2016-03-08T00:33:04.793000;2ad6c63a-bfe1-4421-a00b-4a99f0f58c20;412.54;0.01;SELL
2016-03-08T00:33:04.787000;2016-03-08T00:33:04.793000;3f025b2b-8217-4013-8394-61292f36b86f;412.53;0.351;SELL
2016-03-08T00:33:04.787000;2016-03-08T00:33:04.820000;9b452cb9-5532-48d6-a60e-c6ff6acff5d5;412.52;1.0;SELL
2016-03-08T00:33:04.787000;2016-03-08T00:33:04.867000;75eda912-611b-4413-b193-b41d55993c31;412.5;0.0115;SELL
2016-03-08T00:33:04.787000;2016-03-08T00:33:04.867000;358d815d-0b9b-427f-bc22-117be87403c4;412.44;0.403;SELL
2016-03-08T00:33:04.787000;2016-03-08T00:33:04.867000;c32765c1-a90c-40cf-b733-070601e3fc21;412.43;1.0;SELL
2016-03-08T00:33:04.787000;2016-03-08T00:33:04.867000;6ca63be8-76cf-4f5e-b1b3-6a2874c7220f;412.34;0.425;SELL
2016-03-08T00:33:04.787000;2016-03-08T00:33:04.870000;29dbf6f2-60f4-430e-93db-10e4d9244ff8;412.33;0.379;SELL
2016-03-08T00:33:04.787000;2016-03-08T00:33:04.870000;1423618f-d6f7-4994-92e9-e0d3723d5284;412.29;0.01;SELL
2016-03-08T00:33:04.787000;2016-03-08T00:33:04.870000;8632cf1d-54da-4260-b4c9-5ad00a547ffd;412.28;0.42;SELL
2016-03-08T00:33:04.787000;2016-03-08T00:33:04.870000;85213364-fedc-48a1-8a67-432bb5d9cdba;412.23;0.371;SELL
2016-03-08T00:33:04.787000;2016-03-08T00:33:04.870000;ba61c318-90c5-4240-b59c-b5105b19a396;412.2;0.01949175;SELL
2016-03-08T00:33:04.787000;2016-03-08T00:33:04.870000;01954309-eb8a-47e9-8d53-374043ebd829;412.18;0.408;SELL
2016-03-08T00:33:04.787000;2016-03-08T00:33:04.887000;83aa7c38-c8e7-4c4b-b277-b8ef92acf2be;412.17;0.01;SELL
2016-03-08T00:33:04.790000;2016-03-08T00:33:04.887000;0af5e996-fbb2-4975-ae47-80b386292a46;412.17;0.01;SELL
2016-03-08T00:33:04.790000;2016-03-08T00:33:04.887000;7eb4d631-bb69-4d32-b50f-e121339dce92;412.14;0.8;SELL
2016-03-08T00:33:04.790000;2016-03-08T00:33:04.887000;27b3bc6d-2e72-49b3-8b3c-d87412375dfb;412.13;2.48402826;SELL
2016-03-08T00:33:07.623000;2016-03-08T00:33:07.663000;6de8e9b2-abbf-4c20-ad92-6ee94a2023a3;412.68;0.01;BUY
2016-03-08T00:33:07.623000;2016-03-08T00:33:07.663000;020e5573-84ab-493b-9d0f-10ad93c5cdc3;412.68;1.15;BUY
2016-03-08T00:33:07.623000;2016-03-08T00:33:07.663000;7815960a-10f5-4f2a-8d21-cd36cb89f986;412.69;0.71766;BUY
2016-03-08T00:33:07.623000;2016-03-08T00:33:07.663000;6f301988-8697-4de7-b8ab-ac96f8f6c80a;412.69;0.422;BUY
2016-03-08T00:33:07.623000;2016-03-08T00:33:07.663000;5c152a2a-39ea-4503-827c-89c279c2e928;412.7;0.01949175;BUY
2016-03-08T00:33:07.623000;2016-03-08T00:33:07.663000;c7c5d620-d005-4dc8-b7e2-2be5359cbfc2;412.72;0.8;BUY
2016-03-08T00:33:08.627000;2016-03-08T00:33:08.617000;329cd8d4-fef0-4304-980c-f97d13863e6d;412.74;0.445;BUY
2016-03-08T00:33:08.627000;2016-03-08T00:33:08.617000;fbb09e4e-421b-4b6f-b2d6-11897bdb02e5;412.76;2.77755899;BUY
2016-03-08T00:33:09.613000;2016-03-08T00:33:09.583000;ef9fd16b-8c26-4e6e-b831-4fad48e72b79;412.76;3.22255899;BUY
2016-03-08T00:33:31.203000;2016-03-08T00:33:31.267000;9f739297-5aa5-4bc8-8394-e77e2682aafd;412.73;0.27;BUY
2016-03-08T00:33:31.207000;2016-03-08T00:33:31.283000;7247ffe1-c2b9-4572-974b-744b5ca42acf;412.73;3.91;BUY
2016-03-08T00:33:31.207000;2016-03-08T00:33:31.317000;8ff67e9f-7b33-44e1-a499-7d582330720b;412.74;0.532;BUY
2016-03-08T00:33:31.207000;2016-03-08T00:33:31.317000;8b61fc0f-296b-4784-a959-4290e526ff45;412.76;2.05869;BUY
2016-03-08T00:33:49.463000;2016-03-08T00:33:49.527000;317bcf43-75db-4f46-af49-ac34712be0bb;412.74;0.05;BUY
2016-03-08T00:34:04.010000;2016-03-08T00:34:04.073000;9c792328-e494-4900-9abc-4bb6b7792c81;412.75;0.09594;BUY
2016-03-08T00:34:32.323000;2016-03-08T00:34:32.380000;e4035faf-89dd-41b7-a869-d580b898fb26;412.75;0.90406;BUY
2016-03-08T00:34:32.323000;2016-03-08T00:34:32.397000;6f5b1c53-e311-4845-bbe0-507a971080c0;412.75;0.11967;BUY
2016-03-08T00:35:01.183000;2016-03-08T00:35:01.237000;ab8c2dd4-a281-4226-8453-b31d810b08a7;412.74;1.0;SELL
2016-03-08T00:35:01.183000;2016-03-08T00:35:01.253000;b7a31928-5872-4ffa-b974-efc52fbd8d0d;412.73;1.0;SELL
2016-03-08T00:35:01.183000;2016-03-08T00:35:01.253000;c3ef6d4c-b02f-42d0-8ee9-4d094ea9f0ae;412.72;0.10340724;SELL
2016-03-08T00:35:01.183000;2016-03-08T00:35:01.270000;22feae3a-2555-456e-bde2-6d54fb60a652;412.66;0.17;SELL
2016-03-08T00:35:01.183000;2016-03-08T00:35:01.270000;fc4edc29-1bc3-4d4a-a5f5-c3d242a5d766;412.63;3.22255899;SELL
2016-03-08T00:35:01.183000;2016-03-08T00:35:01.270000;b72856ed-8309-46e1-b997-ff7f8771ff09;412.58;0.287;SELL
2016-03-08T00:35:01.183000;2016-03-08T00:35:01.270000;81b82c88-cbd8-4fd4-b342-91fbd9a8aa38;412.54;3.22255899;SELL
2016-03-08T00:35:01.183000;2016-03-08T00:35:01.323000;462aa45e-3181-41a0-9f9e-2772b43cd20b;412.53;0.01;SELL
2016-03-08T00:35:01.183000;2016-03-08T00:35:01.347000;7877e7e2-5ae4-4517-9559-aa55f138c47d;412.52;0.296;SELL
2016-03-08T00:35:01.183000;2016-03-08T00:35:01.347000;ab1a9ac8-25ea-46de-9324-37250d9c8399;412.46;0.61757478;SELL
2016-03-08T00:35:31.120000;2016-03-08T00:35:31.173000;6ad51743-850d-465e-9b4f-2e2e7b82d872;412.48;0.23999;BUY
2016-03-08T00:36:01.150000;2016-03-08T00:36:01.203000;c3d1d934-b70b-4b5e-9319-6bf4f5d7a09c;412.48;0.85559;BUY
2016-03-08T00:36:31.210000;2016-03-08T00:36:31.267000;7ddc4f43-7885-4911-9c51-62e6b577e4ee;412.48;0.25764;BUY
2016-03-08T00:37:01.683000;2016-03-08T00:37:01.733000;5a5ad104-8664-4846-b5c4-dea7bb127af0;412.48;0.02666;BUY
2016-03-08T00:37:34.603000;2016-03-08T00:37:34.653000;08b73e6c-ea96-4b1c-aa67-d03642cc1f68;412.48;0.62012;BUY
2016-03-08T00:37:34.603000;2016-03-08T00:37:34.677000;6ee979bc-dd3b-43a6-9c13-d9af3ce1bf74;412.49;0.87745;BUY
2016-03-08T00:38:01.213000;2016-03-08T00:38:01.263000;b4f2bc9a-4bb4-4397-b810-de25a258cb1f;412.47;3.36177577;SELL
2016-03-08T00:38:01.213000;2016-03-08T00:38:01.283000;4a00c3ec-54bf-40ce-8478-ee9c5bb79e29;412.47;0.28518799;SELL
2016-03-08T00:38:01.213000;2016-03-08T00:38:01.300000;cac6d360-a23b-4ea0-918a-f8f93fe63f15;412.47;1.46204938;SELL
2016-03-08T00:38:01.213000;2016-03-08T00:38:01.300000;bc7b1e7d-359a-4d84-994b-b1f9dca4c261;412.47;1.84851851;SELL
2016-03-08T00:38:01.213000;2016-03-08T00:38:01.300000;04a80407-0351-419a-bf5b-91b6195a34cf;412.47;0.07683865;SELL
2016-03-08T00:38:01.213000;2016-03-08T00:38:01.317000;560dbfc7-bb0a-40d0-9363-d1b7bc38318c;412.47;0.10604492;SELL
2016-03-08T00:38:01.213000;2016-03-08T00:38:01.353000;85704794-aa2c-44ac-8c23-9dfb9e83fc6c;412.47;0.0878156;SELL
2016-03-08T00:38:01.213000;2016-03-08T00:38:01.353000;8925dbd1-263a-4b93-aed9-386957a99785;412.47;0.13896266;SELL
2016-03-08T00:38:01.213000;2016-03-08T00:38:01.370000;af74f55c-1224-452d-8110-9b79fe57d251;412.47;1.12247102;SELL
2016-03-08T00:38:01.213000;2016-03-08T00:38:01.370000;b0e20d00-94ca-41e0-8b3c-e77e54143715;412.47;1.0;SELL
2016-03-08T00:38:01.217000;2016-03-08T00:38:01.370000;0f8e3cf9-cc90-475c-8d01-e9d752d7a6ec;412.47;0.11983044;SELL
2016-03-08T00:38:01.217000;2016-03-08T00:38:01.370000;a92fca13-f6ea-4826-8661-5009e1a6a4d9;412.47;1.0;SELL
2016-03-08T00:38:01.217000;2016-03-08T00:38:01.370000;3cba77af-89a3-4e81-890e-2598b7eeab51;412.47;0.45;SELL
2016-03-08T00:38:01.217000;2016-03-08T00:38:01.370000;f79f38fa-fb42-45eb-b2f8-ac7e870aee6e;412.47;0.244;SELL
2016-03-08T00:38:01.217000;2016-03-08T00:38:01.370000;1b637700-c1b2-456a-9585-26e46a91df4f;412.45;3.22255899;SELL
2016-03-08T00:38:01.217000;2016-03-08T00:38:01.370000;7b13bee4-89d8-4f00-a9e5-91bb48c58ac0;412.36;3.22255899;SELL
2016-03-08T00:38:01.217000;2016-03-08T00:38:01.387000;abe3e9d7-77e5-4a3f-9046-1660fae9b82e;412.36;0.288;SELL
2016-03-08T00:38:01.217000;2016-03-08T00:38:01.387000;065bdc5c-7301-4603-9eaa-d857f5addee7;412.3;0.317;SELL
2016-03-08T00:38:01.217000;2016-03-08T00:38:01.387000;71136882-1662-498b-99da-713937442276;412.28;0.01;SELL
2016-03-08T00:38:01.217000;2016-03-08T00:38:01.387000;b5a8bc2d-91d7-46c0-aab7-e1b69325886c;412.27;3.22255899;SELL
2016-03-08T00:38:01.217000;2016-03-08T00:38:01.387000;398b9f33-391b-4d5e-93b6-03349f0754fe;412.25;0.314;SELL
2016-03-08T00:38:01.217000;2016-03-08T00:38:01.387000;69172952-9b90-41fd-ab06-2ee6fec08b2e;412.2;0.01948809;SELL
2016-03-08T00:38:01.217000;2016-03-08T00:38:01.387000;f16786ee-e2de-4753-871a-18ebea3495cb;412.2;0.285;SELL
2016-03-08T00:38:01.217000;2016-03-08T00:38:01.387000;508a51aa-2d04-4dde-ae74-e3a179c4b429;412.15;0.324;SELL
2016-03-08T00:38:01.217000;2016-03-08T00:38:01.387000;f32f2897-fa73-4910-a701-d88daa11664b;412.13;1.1772;SELL
2016-03-08T00:38:31.190000;2016-03-08T00:38:31.247000;0f10f9f0-f390-4811-b5e5-bd47d267ebef;412.41;4.17716;BUY
2016-03-08T00:39:01.143000;2016-03-08T00:39:01.190000;5a771770-5ee9-4252-bafa-73bd428e8df2;412.41;0.80409;BUY
2016-03-08T00:39:14.100000;2016-03-08T00:39:14.143000;648779e5-3cea-4452-8dda-45589d391017;412.31;0.1;BUY
2016-03-08T00:39:31.117000;2016-03-08T00:39:31.163000;7e3f8ca7-a89f-475e-be6a-fc2d318161d9;412.37;1.07365;BUY
2016-03-08T00:40:01.320000;2016-03-08T00:40:01.363000;0f3565be-faa6-4748-b3d3-29d1225830eb;412.33;0.01;SELL
2016-03-08T00:40:01.320000;2016-03-08T00:40:01.387000;0356889a-1c5b-47d1-a8f4-86b2529df09d;412.32;0.01;SELL
2016-03-08T00:40:01.320000;2016-03-08T00:40:01.403000;55a84e0c-995f-4f97-b844-b15818798671;412.14;0.47;SELL
2016-03-08T00:40:01.320000;2016-03-08T00:40:01.403000;1ec62a7d-d4a8-42e8-a772-5100b8799ae5;412.06;0.01;SELL
2016-03-08T00:40:01.320000;2016-03-08T00:40:01.403000;2b19ff35-1a05-461c-9353-4fe02d4d548a;412.0;0.01950355;SELL
2016-03-08T00:40:01.320000;2016-03-08T00:40:01.403000;e72ca444-a143-4a89-ba0d-f0af5530890d;411.92;0.3516;SELL
2016-03-08T00:40:01.320000;2016-03-08T00:40:01.403000;f2f6f533-abe1-4e60-8ca5-e7df99b427ca;411.9;0.01;SELL
2016-03-08T00:40:01.320000;2016-03-08T00:40:01.403000;e7597239-b673-45b4-847e-e01ab7fe3415;411.83;0.03576645;SELL
2016-03-08T00:40:31.200000;2016-03-08T00:40:31.247000;103de4c6-4586-4232-909c-ac39f63e3f87;412.15;0.01;SELL
2016-03-08T00:40:31.200000;2016-03-08T00:40:31.283000;22f48bf2-34a9-41b6-88cd-3a25d04371d9;411.9;0.078;SELL
2016-03-08T00:40:31.200000;2016-03-08T00:40:31.300000;6760c2d4-37ab-4901-befc-f2ef82548551;411.87;0.01;SELL
2016-03-08T00:40:31.200000;2016-03-08T00:40:31.300000;bd9dc762-1db2-4785-bb80-0a9d79298442;411.85;7.23189;SELL
2016-03-08T00:40:31.200000;2016-03-08T00:40:31.300000;7915ec02-3e57-461a-ad1a-addef0a3de29;411.85;0.094;SELL
2016-03-08T00:40:31.200000;2016-03-08T00:40:31.343000;9742ae24-fb7f-44f3-aba2-d1841ab73132;411.83;0.27053355;SELL
2016-03-08T00:40:31.200000;2016-03-08T00:40:31.343000;1d2f58b8-9747-4f50-b3ce-672b2981bc2b;411.81;0.01;SELL
2016-03-08T00:40:31.200000;2016-03-08T00:40:31.343000;0d91559d-8bbe-4a1c-afa8-703b4222c54b;411.8;0.1272;SELL
2016-03-08T00:40:31.203000;2016-03-08T00:40:31.343000;6b16fd3b-a1b9-456b-9755-acc64df6ac51;411.8;0.0194938;SELL
2016-03-08T00:40:31.203000;2016-03-08T00:40:31.343000;9d0a4b50-1a8e-4c29-aec8-988118e7278d;411.72;0.01;SELL
2016-03-08T00:40:31.203000;2016-03-08T00:40:31.370000;92586e93-b0ad-418e-8793-4f42f63ce30f;411.65;0.01;SELL
2016-03-08T00:40:31.203000;2016-03-08T00:40:31.370000;6836d45d-49c6-4be2-b2cd-b169e9635f48;411.64;0.1621;SELL
2016-03-08T00:40:31.203000;2016-03-08T00:40:31.370000;5821c0dd-80bd-45a8-b0e6-0a145ab1dda5;411.6;0.0194938;SELL
2016-03-08T00:40:31.203000;2016-03-08T00:40:31.370000;d77357f6-b378-41dd-98db-631bc17edd33;411.54;0.02;SELL
2016-03-08T00:40:31.203000;2016-03-08T00:40:31.370000;8c844640-b6e2-4a87-b853-480c34e2ee9a;411.53;0.01;SELL
2016-03-08T00:40:31.203000;2016-03-08T00:40:31.370000;83a8f8d2-1d58-4e61-ba90-f80aa73f892d;411.42;1.84546885;SELL
2016-03-08T00:41:01.263000;2016-03-08T00:41:01.307000;e344b195-94a5-4d61-90bb-d1ebf616fe9a;411.93;0.9227;BUY
2016-03-08T00:41:31.187000;2016-03-08T00:41:31.250000;9d7b0c28-d965-4235-a4dd-6462d0986fdc;411.9;0.01;SELL
2016-03-08T00:41:31.190000;2016-03-08T00:41:31.250000;22fce1a9-6059-4155-89ad-f03fea69d5cd;411.89;0.01;SELL
2016-03-08T00:41:31.190000;2016-03-08T00:41:31.263000;6fc2200c-e433-4d67-8215-405a941d4066;411.85;0.107;SELL
2016-03-08T00:41:31.190000;2016-03-08T00:41:31.263000;7933aa13-bfa7-4f68-b516-b07e7d67b8e4;411.8;0.098;SELL
2016-03-08T00:41:31.190000;2016-03-08T00:41:31.263000;ac46bcb4-9c1b-4cf2-9a85-4ca578453d45;411.75;0.073;SELL
2016-03-08T00:41:31.190000;2016-03-08T00:41:31.263000;2ba5bcd0-b826-4bca-9d48-8d8004bb3ace;411.73;0.01;SELL
2016-03-08T00:41:31.190000;2016-03-08T00:41:31.263000;45fc21fc-6d68-4d05-b81e-747ccc6bad9c;411.7;0.113;SELL
2016-03-08T00:41:31.190000;2016-03-08T00:41:31.290000;3e0f70b2-f6a1-49d3-97b8-8c8684264f9c;411.47;0.01;SELL
2016-03-08T00:41:31.190000;2016-03-08T00:41:31.293000;6269b31d-162d-47c5-a068-22f4ff80b9bb;411.42;0.02;SELL
2016-03-08T00:41:31.190000;2016-03-08T00:41:31.293000;e9e93294-4279-4649-a6f1-137aa161cfd1;411.4;0.0194938;SELL
2016-03-08T00:41:31.190000;2016-03-08T00:41:31.293000;ba6457bd-60ec-45a8-8cdd-1d98d98a54f4;411.34;7.23816;SELL
2016-03-08T00:41:31.190000;2016-03-08T00:41:31.293000;12b036a0-c581-49c2-8eb3-9bedc5f1f44a;411.3;0.01;SELL
2016-03-08T00:41:31.190000;2016-03-08T00:41:31.310000;09a83efc-ee67-4b70-9f8c-44f348996b1a;411.2;0.0194938;SELL
2016-03-08T00:41:31.190000;2016-03-08T00:41:31.310000;0c3e3ce7-09d5-4c2b-b36b-6ab80acd4d8b;411.15;4.56;SELL
2016-03-08T00:41:31.190000;2016-03-08T00:41:31.313000;eadc6628-2456-43b8-a043-1165c716c070;411.14;0.1136;SELL
2016-03-08T00:41:31.193000;2016-03-08T00:41:31.313000;3fb2544c-5689-4aaf-9b79-6c4437faf7af;411.13;1.68;SELL
2016-03-08T00:41:31.193000;2016-03-08T00:41:31.313000;1b3dbaf0-b12a-49a5-8d85-dff2afc99e5e;411.12;1.401;SELL
2016-03-08T00:41:31.193000;2016-03-08T00:41:31.313000;4ed826f0-b7a8-42a1-83cb-6e3ed9d5fe9d;411.11;0.02;SELL
2016-03-08T00:41:31.193000;2016-03-08T00:41:31.313000;d1706ed1-9e3f-4e48-a055-535fb5020678;411.11;0.01;SELL
2016-03-08T00:41:31.193000;2016-03-08T00:41:31.313000;5c1da6f4-4890-49c4-97ab-5ac7855be488;411.07;0.0447;SELL
2016-03-08T00:41:31.193000;2016-03-08T00:41:31.313000;4d418cff-02ab-47fd-bc0f-0bff14e5e669;410.98;3.4653;SELL
2016-03-08T00:41:31.193000;2016-03-08T00:41:31.340000;222fbcf1-eba8-46e6-8f14-13beb19275c1;410.97;4.32;SELL
2016-03-08T00:41:31.193000;2016-03-08T00:41:31.340000;b4d28acf-2ce7-43f0-b876-b03aaae07e08;410.96;1.3037824;SELL
2016-03-08T00:42:01.060000;2016-03-08T00:42:01.097000;e321b8c9-c4aa-4a35-80f7-a48e18dac2e3;411.37;0.25;BUY
2016-03-08T00:42:01.060000;2016-03-08T00:42:01.113000;924f3a78-ad15-483a-b1be-fa9a23e7a7dc;411.56;4.8494;BUY
2016-03-08T00:42:01.700000;2016-03-08T00:42:01.740000;37bed617-6dad-4089-997e-c3913044aa70;411.36;2.46569;SELL
2016-03-08T00:42:17.527000;2016-03-08T00:42:17.563000;a8769415-6c14-4247-a749-d07fc630f45a;411.46;0.04;BUY
2016-03-08T00:42:17.540000;2016-03-08T00:42:17.603000;090cc853-5c69-4b1c-89cb-1e550145f021;411.46;0.03;BUY
2016-03-08T00:42:17.547000;2016-03-08T00:42:17.603000;ecab36a2-4349-4db7-99c3-686ae17e301a;411.46;0.0375;BUY
2016-03-08T00:42:31.433000;2016-03-08T00:42:31.477000;b0d1b677-8e2a-4372-be49-9cec4e5c40b2;411.48;0.25;BUY
2016-03-08T00:42:31.433000;2016-03-08T00:42:31.493000;9c910b24-7db4-4003-bb11-713a3528d1f0;411.5;0.01;BUY
2016-03-08T00:42:31.433000;2016-03-08T00:42:31.493000;94e8e4cd-d60e-4f23-9597-99560094441a;411.56;1.90833;BUY
2016-03-08T00:43:01.160000;2016-03-08T00:43:01.217000;f1fc3175-4190-4dfd-9c98-f78d566317d1;411.55;0.25;BUY
2016-03-08T00:43:01.160000;2016-03-08T00:43:01.217000;c7b5e62e-e276-47c5-bdf4-0ab4e9b3b21e;411.57;0.010025;BUY
2016-03-08T00:43:01.160000;2016-03-08T00:43:01.220000;7e7bc180-f177-4d2b-b097-1b3369397f6a;411.68;0.100895;BUY
2016-03-08T00:43:01.813000;2016-03-08T00:43:01.847000;11db63a2-ba33-4682-abc5-5cf596e8a775;411.67;0.01009;BUY
2016-03-08T00:43:31.213000;2016-03-08T00:43:31.247000;8be60cd3-f2cf-41dd-bbad-e43dc5d11e17;411.62;0.25;BUY
2016-03-08T00:43:31.213000;2016-03-08T00:43:31.263000;f3786dd1-b898-445e-91cb-ea0765104305;411.65;0.627;BUY
2016-03-08T00:43:31.217000;2016-03-08T00:43:31.280000;5c109617-dbc8-47e5-9796-27fbbc01a216;411.69;1.35786;BUY
2016-03-08T00:44:02.020000;2016-03-08T00:44:02.060000;dcdc191d-08ca-40a3-b96c-d1e35bbf4ac2;411.56;0.01;SELL
2016-03-08T00:44:02.020000;2016-03-08T00:44:02.077000;ae3445f6-d26c-4695-b516-d9f499d45114;411.55;0.23367926;SELL
2016-03-08T00:44:02.020000;2016-03-08T00:44:02.140000;d67e5a7d-993e-4ef9-9a7c-2959e0194cc8;411.55;0.173;SELL
2016-03-08T00:44:02.020000;2016-03-08T00:44:02.140000;ed4d0e83-71c3-4b38-9494-eb6460d04e4d;411.54;0.5;SELL
2016-03-08T00:44:02.020000;2016-03-08T00:44:02.140000;456fc0ea-bfbe-4b5f-8086-309e59a8cefb;411.5;0.169;SELL
2016-03-08T00:44:02.020000;2016-03-08T00:44:02.140000;82c5e026-1b06-46dc-8587-4b32b100ce68;411.45;3.607;SELL
2016-03-08T00:44:02.020000;2016-03-08T00:44:02.140000;2a89d5fa-71a3-4ab2-b16d-913b2f1d97ad;411.32;0.01;SELL
2016-03-08T00:44:02.020000;2016-03-08T00:44:02.140000;84fac7a4-7cec-4eca-ad0c-41b00eef7337;411.28;3.952;SELL
2016-03-08T00:44:02.020000;2016-03-08T00:44:02.163000;c46f0045-7e59-4b24-a6a5-47913a56b14e;411.25;0.0115;SELL
2016-03-08T00:44:02.020000;2016-03-08T00:44:02.163000;33a1a4f1-65cb-489c-92ba-8e29fa99ffc7;411.16;0.01;SELL
2016-03-08T00:44:02.023000;2016-03-08T00:44:02.163000;0049f841-05d5-445a-af03-198f7867022f;411.13;0.58811074;SELL
2016-03-08T00:44:32.250000;2016-03-08T00:44:32.280000;dc78375d-cceb-475c-9e4e-6057bd6058ea;411.42;0.01;SELL
2016-03-08T00:44:32.250000;2016-03-08T00:44:32.303000;42f5125d-768d-4994-9666-29c6ef934f03;411.41;0.00989304;SELL
2016-03-08T00:45:02.793000;2016-03-08T00:45:02.820000;a846a738-9bd0-419c-9e32-e36ac0648ec1;411.47;0.01271667;BUY
2016-03-08T00:45:03.750000;2016-03-08T00:45:03.777000;ca6f583d-3d2d-4c7c-9c46-4a7bad9ec5eb;411.47;0.23728333;BUY
2016-03-08T00:45:03.750000;2016-03-08T00:45:03.810000;6f92d239-0919-4cfb-822e-5c7daf811bd3;411.47;0.87241667;BUY
2016-03-08T00:45:37.653000;2016-03-08T00:45:37.683000;7a3b85ea-acfc-4c08-9278-bc4a477ef858;411.47;0.62758333;BUY
2016-03-08T00:45:37.653000;2016-03-08T00:45:37.707000;6e5cbf42-a880-42ad-916b-7c5028711c1b;411.47;0.244;BUY
2016-03-08T00:45:37.653000;2016-03-08T00:45:37.723000;f02e9ae4-0e9a-492b-a48c-8267cec35aae;411.48;1.0;BUY
2016-03-08T00:45:37.653000;2016-03-08T00:45:37.723000;3b762cb1-45cb-403b-bba4-1e851c8077f7;411.55;0.2;BUY
2016-03-08T00:45:37.653000;2016-03-08T00:45:37.723000;b21480e0-57c5-425e-aa41-9f4257855be8;411.58;0.466;BUY
2016-03-08T00:45:37.653000;2016-03-08T00:45:37.723000;2652010e-a434-4aad-93c9-7fe9f025126e;411.6;0.01;BUY
2016-03-08T00:45:37.653000;2016-03-08T00:45:37.783000;bf78b88d-03b6-4063-abaf-f6dcc5475646;411.62;0.01;BUY
2016-03-08T00:45:37.653000;2016-03-08T00:45:37.783000;d2495715-bb98-4ef6-a1d4-95a2481a9310;411.63;0.01;BUY
2016-03-08T00:45:37.657000;2016-03-08T00:45:37.783000;ad62a871-15d0-4eeb-80ff-4398c5fa18a2;411.63;0.45;BUY
2016-03-08T00:45:37.657000;2016-03-08T00:45:37.783000;3cf4b1b2-7ba2-4a30-8d67-3c70d22f9ba3;411.67;0.06181667;BUY
2016-03-08T00:46:02.950000;2016-03-08T00:46:02.977000;c7d095b0-96d1-4bec-a505-09a72edad386;411.62;0.25;BUY
2016-03-08T00:46:02.950000;2016-03-08T00:46:02.993000;37fa8ea3-21aa-437c-881a-2f3ff0cd5dfc;411.68;0.1583;BUY
2016-03-08T00:46:02.950000;2016-03-08T00:46:02.993000;af23d914-3385-4e35-878b-81838e8f4401;411.69;0.24;BUY
2016-03-08T00:46:02.950000;2016-03-08T00:46:02.993000;e15e95ce-b491-4b5f-ace0-39816857587c;411.7;0.0194938;BUY
2016-03-08T00:46:02.950000;2016-03-08T00:46:03.010000;8d6d0a1d-948c-439e-9114-51a1f77f8e9d;411.7;0.2077062;BUY
2016-03-08T00:46:31.130000;2016-03-08T00:46:31.163000;ef15ea10-d64f-4d3e-9831-ba4b1c588ad6;411.7;0.8649;BUY
2016-03-08T00:47:01.250000;2016-03-08T00:47:01.273000;037b8297-5259-46b4-9f3f-ea5e2ea1567b;411.7;0.1351;BUY
2016-03-08T00:47:01.250000;2016-03-08T00:47:01.290000;582c8a9d-b657-44b9-9a3b-04866b65c393;411.71;0.96732;BUY
2016-03-08T00:47:05.010000;2016-03-08T00:47:05.033000;36ee3e70-c20d-4373-b615-bf1a4a05a130;411.69;1.0;SELL
2016-03-08T00:47:31.243000;2016-03-08T00:47:31.273000;44af04f9-9b43-41b3-b9d1-974aead72b3b;411.7;1.0;BUY
2016-03-08T00:47:31.243000;2016-03-08T00:47:31.273000;1ecc5e51-0d66-4919-a515-87490b3d1cd9;411.71;0.03268;BUY
2016-03-08T00:47:31.243000;2016-03-08T00:47:31.287000;8a57fd56-5eb7-436e-9e30-4e75f9fc7274;411.74;0.01;BUY
2016-03-08T00:47:31.243000;2016-03-08T00:47:31.330000;e211f329-8688-4cbb-8e90-9c3fc3de11a2;411.74;0.234;BUY
2016-03-08T00:47:31.243000;2016-03-08T00:47:31.330000;f30febdd-fdf2-4d2e-857f-c068cea59d04;411.83;0.087;BUY
2016-03-08T00:47:31.243000;2016-03-08T00:47:31.330000;6b2a086e-ec5d-4e05-886d-599c8092f604;411.88;0.01;BUY
2016-03-08T00:47:31.243000;2016-03-08T00:47:31.330000;91eeadba-05b7-412e-b55c-8755231fc6ba;411.88;0.094;BUY
2016-03-08T00:47:31.243000;2016-03-08T00:47:31.353000;a65e7cfd-7d7d-4fb0-b869-3f898bdb8ac3;411.89;0.01;BUY
2016-03-08T00:47:31.243000;2016-03-08T00:47:31.353000;2967227a-57e7-45de-a54a-675dd0dc4e89;411.89;0.0271;BUY
2016-03-08T00:48:01.193000;2016-03-08T00:48:01.213000;beb8af00-1975-4edb-a93e-99b276920ad1;411.82;0.18032;BUY
2016-03-08T00:48:31.170000;2016-03-08T00:48:31.230000;22cda974-a44f-48fd-b9ce-949c22496b7b;411.82;0.06968;BUY
2016-03-08T00:48:31.170000;2016-03-08T00:48:31.260000;524190db-2df5-4fec-a094-05520a0258c6;411.83;0.744;BUY
2016-03-08T00:49:01.283000;2016-03-08T00:49:01.340000;7c3c4565-9524-4a5a-9819-de5feced8520;411.81;1.0;SELL
2016-03-08T00:49:01.283000;2016-03-08T00:49:01.383000;39400431-286d-4ca3-ba1b-199e45a2f186;411.81;0.15;SELL
2016-03-08T00:49:32.633000;2016-03-08T00:49:32.690000;9e1a70c8-2e40-4004-87ad-6045b7a845b9;411.82;0.23774;BUY
2016-03-08T00:50:01.223000;2016-03-08T00:50:01.277000;9065c3c8-4c47-472e-a170-78d4a8f00c7a;411.82;0.01226;BUY
2016-03-08T00:50:01.223000;2016-03-08T00:50:01.313000;252b0c28-1bdf-4223-bfb5-d03658af34c8;411.82;0.23774;BUY
2016-03-08T00:50:31.170000;2016-03-08T00:50:31.223000;834efbe5-67e4-44ba-b415-7bbf07ed599a;411.82;0.76226;BUY
2016-03-08T00:50:31.170000;2016-03-08T00:50:31.257000;596bcf43-d705-41b2-b7d2-a04e9805a058;411.83;0.256;BUY
2016-03-08T00:50:31.170000;2016-03-08T00:50:31.257000;af252baa-1f3c-4dba-abef-dd2742fc1b6c;411.83;0.365;BUY
2016-03-08T00:50:31.170000;2016-03-08T00:50:31.257000;1408031c-3653-4240-9ea5-73352a6ec66e;411.88;0.319;BUY
2016-03-08T00:50:31.170000;2016-03-08T00:50:31.257000;eaf9e93f-3e25-4b44-b9bb-ff911e6c2aeb;411.89;1.48309;BUY
2016-03-08T00:51:03.167000;2016-03-08T00:51:03.220000;4a1390a5-078e-404d-8f24-ea5f365fa68f;411.86;0.01177;BUY
2016-03-08T00:51:08.137000;2016-03-08T00:51:08.230000;e5e5f756-33a2-4e29-938b-3ef7477b4834;411.81;0.01;SELL
2016-03-08T00:51:31.143000;2016-03-08T00:51:31.197000;e519f88c-ba34-4ee0-b4fc-f5d9e4676538;411.86;0.23823;BUY
2016-03-08T00:51:31.143000;2016-03-08T00:51:31.213000;1f0db9ed-078e-4d7a-92c4-1d1da41700bb;411.87;0.34;BUY
2016-03-08T00:51:31.143000;2016-03-08T00:51:31.227000;27fc0249-7618-487f-821f-743402154794;411.89;1.2;BUY
2016-03-08T00:51:31.143000;2016-03-08T00:51:31.227000;248366cc-8f60-4069-aa1e-fdf6374ab486;411.9;0.01;BUY
2016-03-08T00:51:31.143000;2016-03-08T00:51:31.227000;57a45b80-2b74-4c07-8d08-979658ac988f;411.9;0.0194938;BUY
2016-03-08T00:51:31.143000;2016-03-08T00:51:31.227000;d52694bb-c8ff-40d1-a3ea-ba39d5939fe2;411.93;2.3301862;BUY
2016-03-08T00:51:46.213000;2016-03-08T00:51:46.287000;42ce9497-ef88-4cb4-90e7-945ca02af5c0;411.88;0.25;BUY
2016-03-08T00:51:46.213000;2016-03-08T00:51:46.303000;2c5d7e96-15e7-4aef-828f-1a24b1a73ea8;411.88;0.506;BUY
2016-03-08T00:51:46.213000;2016-03-08T00:51:46.303000;dcc28fc0-705f-4b83-a138-009181dc89e5;411.92;2.4;BUY
2016-03-08T00:51:46.213000;2016-03-08T00:51:46.303000;be4b8bd8-2952-4d6f-b2ad-6bdd5026049c;411.93;0.61757478;BUY
2016-03-08T00:51:46.213000;2016-03-08T00:51:46.320000;0cff82f9-5f5f-4a99-af80-adff45603e74;411.93;0.48;BUY
2016-03-08T00:51:46.213000;2016-03-08T00:51:46.320000;b1544760-72b2-43c7-8504-3fe82b2eccc2;411.94;0.58964705;BUY
2016-03-08T00:52:01.323000;2016-03-08T00:52:01.373000;34e87c78-3df4-4e05-92e9-9619e649cc31;411.95;0.23638;BUY
2016-03-08T00:52:05.757000;2016-03-08T00:52:05.803000;205ec5b9-73dd-4aab-a791-2042a6475b3a;411.81;0.05;SELL
2016-03-08T00:52:31.437000;2016-03-08T00:52:31.500000;7bdb1636-8566-4208-a5f8-21fc161ef76d;411.91;0.22477;BUY
2016-03-08T00:53:00.593000;2016-03-08T00:53:00.640000;4d482ae3-85c8-4005-994a-f338fcf8c3a5;411.82;0.1924;SELL
2016-03-08T00:53:00.597000;2016-03-08T00:53:00.663000;7862e140-546b-442e-b970-d69787adc5e4;411.82;0.1776;SELL
2016-03-08T00:53:01.250000;2016-03-08T00:53:01.293000;01b2b4d7-7a3d-481f-806f-24c3fc2057b7;411.82;0.07554;SELL
2016-03-08T00:53:31.217000;2016-03-08T00:53:31.260000;7215734f-1e3f-4f6d-a66f-2ad2119fb73b;411.82;0.53011675;SELL
2016-03-08T00:53:31.217000;2016-03-08T00:53:31.280000;0b9c054a-7ca5-422e-bf5a-ec0aeb4040d7;411.82;0.39154747;SELL
2016-03-08T00:53:31.217000;2016-03-08T00:53:31.293000;366e5c13-cf63-4e2d-b634-b51906f45b96;411.82;0.15;SELL
2016-03-08T00:53:31.217000;2016-03-08T00:53:31.293000;33fe8e6c-88ea-4849-b9fc-29bb46e3fde8;411.82;0.04252546;SELL
2016-03-08T00:53:31.217000;2016-03-08T00:53:31.317000;aa8604ed-48fb-4ff9-9dcc-3b6121bfd617;411.82;0.48413448;SELL
2016-03-08T00:53:31.220000;2016-03-08T00:53:31.320000;c3b90009-db56-4e5f-8d2f-d1ecaaa23fb3;411.82;0.02403561;SELL
2016-03-08T00:53:31.220000;2016-03-08T00:53:31.320000;af41d5c6-f39e-42bc-a0a2-7a321e686fa8;411.8;1.0;SELL
2016-03-08T00:53:31.220000;2016-03-08T00:53:31.320000;bed5c496-17e4-47eb-88cb-e1e28b8cf526;411.76;0.331;SELL
2016-03-08T00:53:31.220000;2016-03-08T00:53:31.320000;85d39c06-d6b2-4e97-a03a-7a2bc8ef3dd3;411.71;0.356;SELL
2016-03-08T00:53:31.220000;2016-03-08T00:53:31.353000;fb0893cf-971a-4176-8a01-850405a5c48f;411.68;0.65040023;SELL
2016-03-08T00:54:02.173000;2016-03-08T00:54:02.237000;c4e56f79-4df1-4e9c-be66-d9d81cdc89a3;411.88;0.487;BUY
2016-03-08T00:54:02.173000;2016-03-08T00:54:02.237000;8c8e3d2b-656d-4efb-b631-927883b03187;411.88;2.46516;BUY
2016-03-08T00:54:31.317000;2016-03-08T00:54:31.357000;bf6742bf-b48c-437c-9d0b-2190dace1abe;411.79;0.44478;BUY
2016-03-08T00:55:05.060000;2016-03-08T00:55:05.123000;51fd1daa-e0d0-4cd9-89d8-db368438674f;411.76;0.434;BUY
2016-03-08T00:55:05.060000;2016-03-08T00:55:05.123000;a5236229-b2d0-4bd6-8a5b-76776f3ce9df;411.77;0.15746;BUY
2016-03-08T00:55:31.253000;2016-03-08T00:55:31.300000;9a74b85d-d5ef-4e1c-a9d5-d756b9726f60;411.76;1.0;SELL
2016-03-08T00:55:31.253000;2016-03-08T00:55:31.317000;ad16c9a0-6dc8-4b8b-9dea-e6d5262e7011;411.68;0.34959977;SELL
2016-03-08T00:55:31.253000;2016-03-08T00:55:31.340000;370cf925-5623-4bdc-b868-595cb4f724cd;411.66;0.01;SELL
2016-03-08T00:55:31.253000;2016-03-08T00:55:31.340000;af1a5fbe-c41c-4e7c-aee2-d4a2cf61272b;411.66;0.115;SELL
2016-03-08T00:55:31.253000;2016-03-08T00:55:31.340000;485178b5-c7d0-43aa-a55e-8105942d78b7;411.52;0.099;SELL
2016-03-08T00:55:31.253000;2016-03-08T00:55:31.383000;1d2b08bd-b8f3-4246-a562-95be1b4cb5cf;411.51;0.1;SELL
2016-03-08T00:55:31.257000;2016-03-08T00:55:31.387000;08976dca-128d-42d1-a429-114bc6afef4e;411.5;0.01;SELL
2016-03-08T00:55:31.257000;2016-03-08T00:55:31.387000;0cd625b2-c263-41a2-bded-2462ccedae52;411.46;1.0;SELL
2016-03-08T00:55:31.257000;2016-03-08T00:55:31.387000;d8667034-25f6-4e98-b65d-1027de0666c8;411.42;0.299;SELL
2016-03-08T00:55:31.257000;2016-03-08T00:55:31.387000;ca207d22-e71a-45b8-8b4e-103fafa883fc;411.4;0.0195145;SELL
2016-03-08T00:55:31.257000;2016-03-08T00:55:31.403000;dc84bebc-8f80-49af-a538-db118c0b565a;411.3;0.01;SELL
2016-03-08T00:55:31.257000;2016-03-08T00:55:31.403000;3f61059d-5ab5-4fd5-99c7-cb2fea4518c3;411.3;0.193;SELL
2016-03-08T00:55:31.257000;2016-03-08T00:55:31.403000;4864d446-78f8-404d-8494-ddf9b6e23fe2;411.3;0.1584;SELL
2016-03-08T00:55:31.257000;2016-03-08T00:55:31.403000;2670c21f-0c25-4fb6-a184-14864e7a8867;411.29;2.218;SELL
2016-03-08T00:55:31.257000;2016-03-08T00:55:31.403000;fc0459a9-f12e-4243-bd53-40ccfaf25505;411.2;0.127;SELL
2016-03-08T00:55:31.257000;2016-03-08T00:55:31.423000;d03d7b58-5372-4b83-9709-f46d61494eb3;411.2;0.01952088;SELL
2016-03-08T00:55:31.257000;2016-03-08T00:55:31.423000;b9d0f7cf-938c-4b4e-b97d-c5adea8583ca;411.2;0.24;SELL
2016-03-08T00:55:31.257000;2016-03-08T00:55:31.423000;0fdd0909-ecfa-413a-9a2a-d171b19a4e12;411.19;0.01;SELL
2016-03-08T00:55:31.257000;2016-03-08T00:55:31.423000;41ef4c32-0bd5-47df-9622-8d6ec13be05f;411.19;1.44;SELL
2016-03-08T00:55:31.257000;2016-03-08T00:55:31.423000;d4a1d0f1-0638-468a-8214-0bad6b3644bf;411.18;0.01;SELL
2016-03-08T00:55:31.257000;2016-03-08T00:55:31.443000;599c521e-0c03-4ffd-9e56-3380e12eb402;411.16;5.8;SELL
2016-03-08T00:55:31.257000;2016-03-08T00:55:31.443000;3bf68db5-67e3-41d0-ab8b-bd07e61a5a24;411.15;0.114;SELL
2016-03-08T00:55:31.260000;2016-03-08T00:55:31.443000;384bbec2-802c-4ea9-953a-ed048231c0b9;411.14;2.14345485;SELL
2016-03-08T00:55:40.160000;2016-03-08T00:55:40.200000;ced11397-ef34-4f65-8dd1-98146b88c556;411.69;0.0691;BUY
2016-03-08T00:56:01.430000;2016-03-08T00:56:01.467000;56acd668-bab4-43ca-a9d3-e14a674020f5;411.65;0.05648;BUY
2016-03-08T00:56:11.427000;2016-03-08T00:56:11.467000;3e0506fc-4305-4a2f-89dd-7157d65ffcc1;411.69;0.12098;BUY
2016-03-08T00:57:01.260000;2016-03-08T00:57:01.297000;e442e504-9f41-4fb8-8036-b70ca0267f69;411.61;3.00979;BUY
2016-03-08T00:57:13.740000;2016-03-08T00:57:13.777000;fb23b37c-133d-479a-933c-698c62772b2d;411.49;0.01;SELL
2016-03-08T00:57:13.740000;2016-03-08T00:57:13.790000;390c06cc-0aa6-41fb-8332-d809a1a53c6b;411.45;0.14723404;SELL
2016-03-08T00:57:31.230000;2016-03-08T00:57:31.283000;f59c9227-9903-4787-a352-7117b91bd346;411.44;1.0;SELL
2016-03-08T00:57:31.230000;2016-03-08T00:57:31.283000;11440266-14f7-452e-94fa-665e574551bd;411.43;0.22;SELL
2016-03-08T00:57:31.230000;2016-03-08T00:57:31.283000;b5aceaa0-ff53-4965-b65a-63b466a3db82;411.31;0.01;SELL
2016-03-08T00:57:31.230000;2016-03-08T00:57:31.300000;86aa08c0-89d0-4d8d-a33f-d1d11c1ff07d;411.3;7.22913;SELL
2016-03-08T00:57:31.230000;2016-03-08T00:57:31.300000;0c9d5c66-2a15-40e6-b18b-9806c42cc454;411.28;3.747;SELL
2016-03-08T00:57:31.230000;2016-03-08T00:57:31.313000;6727f4a3-8afc-47eb-b688-48c8210ac81d;411.26;0.01;SELL
2016-03-08T00:57:31.230000;2016-03-08T00:57:31.313000;1aed12cc-1760-4dbf-a1d8-9715ad27ef3e;411.24;0.357;SELL
2016-03-08T00:57:31.230000;2016-03-08T00:57:31.313000;4d021a89-e964-4395-824e-1baddc3871fa;411.2;0.01951228;SELL
2016-03-08T00:57:31.230000;2016-03-08T00:57:31.313000;96bb8ba7-23fb-40b5-9682-670e90862fcc;411.13;1.84388926;SELL
2016-03-08T00:57:31.230000;2016-03-08T00:57:31.317000;0a9a6dd1-c5d7-49e5-a561-8f110d230263;411.1;0.01;SELL
2016-03-08T00:57:31.230000;2016-03-08T00:57:31.340000;4662fe9d-6666-4ce9-ab53-da7fdef057eb;411.0;0.01951228;SELL
2016-03-08T00:57:31.230000;2016-03-08T00:57:31.340000;75105b07-9b1c-4030-94d4-877b3d3e72a5;410.97;0.244;SELL
2016-03-08T00:57:31.230000;2016-03-08T00:57:31.340000;b76b4cb5-a2fb-4834-b243-4bb01aa43dee;410.96;1.74710618;SELL
2016-03-08T00:58:01.317000;2016-03-08T00:58:01.370000;5427da59-2e52-45f7-bf23-378526a709bb;411.42;0.15;BUY
2016-03-08T00:58:01.317000;2016-03-08T00:58:01.390000;c32e6b61-20d9-4b33-9cbb-1fafdf3fb9cc;411.43;0.01605;BUY
2016-03-08T00:58:31.277000;2016-03-08T00:58:31.313000;e9b9902a-8b3d-45f2-beba-333471c66baa;411.44;0.01;BUY
2016-03-08T00:58:31.277000;2016-03-08T00:58:31.350000;a90d8088-ff55-4a62-839e-b8de0d683831;411.44;0.28595;BUY
2016-03-08T00:59:01.340000;2016-03-08T00:59:01.383000;a916d04d-47d3-44fe-aecb-ffd7ef3435de;411.44;0.13297;BUY
2016-03-08T00:59:31.210000;2016-03-08T00:59:31.240000;e24844f1-cf98-44e6-8a20-e234bfc9458a;411.44;0.03609;BUY
2016-03-08T01:00:01.290000;2016-03-08T01:00:01.320000;0597228a-c81a-4d04-a57b-f323c57e5868;411.44;0.03875;BUY
2016-03-08T01:00:34.257000;2016-03-08T01:00:34.280000;d9d0d241-f7b3-4852-bfcb-f02986e99c29;411.44;0.50624;BUY
2016-03-08T01:00:34.257000;2016-03-08T01:00:34.297000;43f506ea-5d65-4694-a99b-21f7f674c6a0;411.45;0.06581;BUY
2016-03-08T01:00:46.930000;2016-03-08T01:00:46.957000;4d738700-9418-40ad-afcb-677b48c53a48;411.45;0.13;BUY
2016-03-08T01:01:01.303000;2016-03-08T01:01:01.327000;d6665266-9cad-4897-8e05-c831c2d9d315;411.45;0.04041;BUY
2016-03-08T01:01:31.240000;2016-03-08T01:01:31.263000;0391d282-4deb-4ed4-bb07-e3480cb4ff50;411.45;0.76378;BUY
2016-03-08T01:01:31.240000;2016-03-08T01:01:31.280000;154bdf29-cee7-4cca-bfd1-dd58a0594b83;411.46;0.43172;BUY
2016-03-08T01:02:01.243000;2016-03-08T01:02:01.270000;80e4e27a-f384-4d50-bda8-2aac7222279c;411.46;0.24064;BUY
2016-03-08T01:02:31.167000;2016-03-08T01:02:31.190000;120395f7-f5f0-405e-a405-3c64a9efb3c3;411.46;0.21521;BUY
2016-03-08T01:03:01.247000;2016-03-08T01:03:01.267000;0ae6e9e0-96b8-4f0d-9ae3-28d3195269bd;411.46;0.11243;BUY
2016-03-08T01:03:01.247000;2016-03-08T01:03:01.290000;8795299f-4544-460b-8e18-d331e70f08f2;411.47;0.44537;BUY
2016-03-08T01:03:31.273000;2016-03-08T01:03:31.207000;4e971864-43be-478b-af81-e38e5925102f;411.45;0.3863;SELL
2016-03-08T01:04:03.293000;2016-03-08T01:04:03.233000;6459658d-c8ac-41f4-84b8-2731748d1d80;411.47;0.55463;BUY
2016-03-08T01:04:03.297000;2016-03-08T01:04:03.270000;14439a29-fd1a-443d-aa05-d91114e32907;411.49;0.01;BUY
2016-03-08T01:04:03.297000;2016-03-08T01:04:03.300000;0474e469-e1ba-49f3-be12-9c5d6f0610c7;411.49;0.01;BUY
2016-03-08T01:04:03.297000;2016-03-08T01:04:03.317000;b713f4c0-0a51-4868-b4ea-63320e498b44;411.5;0.01951228;BUY
2016-03-08T01:04:03.297000;2016-03-08T01:04:03.317000;4f45f966-830b-40b8-bcef-d333bcd81742;411.5;0.01;BUY
2016-03-08T01:04:03.297000;2016-03-08T01:04:03.317000;b98b2c38-5223-4beb-8e11-12b8bcfab1e8;411.5;0.142;BUY
2016-03-08T01:04:03.297000;2016-03-08T01:04:03.317000;6d31bd40-aeca-4934-9b95-de2b5c4f0199;411.54;0.13;BUY
2016-03-08T01:04:03.297000;2016-03-08T01:04:03.343000;eafb24d4-12f3-4f06-8586-479455722fc6;411.55;0.119;BUY
2016-03-08T01:04:03.297000;2016-03-08T01:04:03.343000;ec5a63fe-460f-4372-90ed-76416b65512d;411.6;0.33993772;BUY
2016-03-08T01:04:31.217000;2016-03-08T01:04:31.150000;5c21e006-5684-4739-b1b5-b369612d02f9;411.5;0.07766;SELL
2016-03-08T01:04:46.077000;2016-03-08T01:04:46.010000;bb02635a-cc5a-4d93-b4a4-9360587bc88f;411.6;0.08;BUY
2016-03-08T01:05:01.230000;2016-03-08T01:05:01.167000;1f999384-8ccf-479b-b5b0-503981aa6126;411.61;0.20032;BUY
2016-03-08T01:06:01.213000;2016-03-08T01:06:01.143000;d47a7d38-d1d6-4862-8b74-b4c8c29cab76;411.56;0.1562;SELL
2016-03-08T01:06:31.213000;2016-03-08T01:06:31.147000;d8c1bce4-b63c-4646-ac20-46bf7eff9e25;411.61;0.01477;BUY
2016-03-08T01:07:01.217000;2016-03-08T01:07:01.140000;2aadbbc6-248b-4401-ad8e-39ea21410d59;411.61;0.94681;BUY
2016-03-08T01:07:31.270000;2016-03-08T01:07:31.197000;c33694d2-9d1f-4317-9ee2-b0f639a6e713;411.61;0.09436;BUY
2016-03-08T01:08:01.183000;2016-03-08T01:08:01.107000;2366f872-8954-49b5-bc67-ea67bdf3eadc;411.6;0.485;BUY
2016-03-08T01:08:01.183000;2016-03-08T01:08:01.123000;71e117b6-020e-4a5e-905e-22f6287ad325;411.61;0.72733;BUY
2016-03-08T01:09:01.233000;2016-03-08T01:09:01.153000;623f060a-c633-4efc-99af-34b189332449;411.62;5.95846;BUY
2016-03-08T01:09:16.437000;2016-03-08T01:09:16.350000;fac0d1b6-94c8-46e3-9a2b-7f73a81feba5;411.62;0.022059;BUY
2016-03-08T01:09:16.457000;2016-03-08T01:09:16.393000;996182d7-91e3-4769-9f00-3dd3f97a9aa0;411.62;0.03517;BUY
2016-03-08T01:09:16.500000;2016-03-08T01:09:16.417000;15854481-e6c5-4b46-8ea1-f795fbe4363a;411.62;0.19;BUY
2016-03-08T01:10:01.227000;2016-03-08T01:10:01.147000;b8b700ff-2f83-4d01-8277-b68337016a59;411.62;0.35642;BUY
2016-03-08T01:10:31.187000;2016-03-08T01:10:31.103000;38f8f715-61ae-494b-926d-d3da19989f5e;411.62;8.307891;BUY
2016-03-08T01:10:31.187000;2016-03-08T01:10:31.120000;422edaa6-5ab0-4f23-a694-befaba219e81;411.65;0.1584;BUY
2016-03-08T01:10:31.187000;2016-03-08T01:10:31.133000;c34a48e4-4fee-441b-b9b6-e3faaae72b85;411.67;0.01;BUY
2016-03-08T01:10:31.187000;2016-03-08T01:10:31.133000;b90aac32-1f4b-4331-a0c8-d5a06ec3f3da;411.7;0.01951228;BUY
2016-03-08T01:10:31.187000;2016-03-08T01:10:31.133000;fb8198ff-f810-4837-9064-b752ca2e0597;411.72;0.01952088;BUY
2016-03-08T01:10:31.187000;2016-03-08T01:10:31.190000;0728f915-3f2d-4fa7-99d5-47146eb6000b;411.72;0.472;BUY
2016-03-08T01:10:31.187000;2016-03-08T01:10:31.190000;1fdd82b9-c86e-4f49-bf7c-78d038e5e75e;411.76;0.01;BUY
2016-03-08T01:10:31.187000;2016-03-08T01:10:31.207000;61d3faa5-823c-4f9f-a191-a6406b846993;411.77;0.01;BUY
2016-03-08T01:10:31.187000;2016-03-08T01:10:31.207000;836110db-f984-4f16-8753-5b11eda1e5f3;411.77;0.40177584;BUY
2016-03-08T01:11:01.230000;2016-03-08T01:11:01.160000;4bc18ab1-db48-4e0b-8c6e-548b0f2d6a93;411.77;0.24;BUY
2016-03-08T01:11:01.230000;2016-03-08T01:11:01.160000;16c97a1f-e166-480d-9036-1feb1c0c48e6;411.78;1.0;BUY
2016-03-08T01:11:01.230000;2016-03-08T01:11:01.177000;fc27dedc-2bd0-4784-ba12-b4dd5f387e3b;411.79;0.244;BUY
2016-03-08T01:11:01.230000;2016-03-08T01:11:01.177000;5b861c0d-870f-40d6-822f-49e0b95ba3e4;411.8;0.334;BUY
2016-03-08T01:11:01.230000;2016-03-08T01:11:01.177000;ec0d7b23-16c1-4d42-ae9b-acfe0557fa64;411.83;0.79023;BUY
2016-03-08T01:11:28.233000;2016-03-08T01:11:28.167000;62f4cacf-352e-45c5-9baf-8ca198ab6af1;411.82;2.64;BUY
2016-03-08T01:11:28.233000;2016-03-08T01:11:28.187000;94144069-e45a-4e39-9dbd-06bb3dd84473;411.83;0.401;BUY
2016-03-08T01:11:28.233000;2016-03-08T01:11:28.187000;8358bc2f-b5b1-47d1-944b-fb5745079ae0;411.84;0.959;BUY
2016-03-08T01:11:31.273000;2016-03-08T01:11:31.187000;76af4628-db91-4217-a38e-1b84bbe3d738;411.84;0.12611;BUY
2016-03-08T01:12:01.473000;2016-03-08T01:12:01.387000;137afc9d-9a87-4e0c-a2e7-efaae32c9f91;411.65;0.01;SELL
2016-03-08T01:12:01.473000;2016-03-08T01:12:01.403000;f126a1dd-e5de-45ec-b4c0-67d6581c4fb8;411.65;0.8;SELL
2016-03-08T01:12:01.477000;2016-03-08T01:12:01.420000;ddf002d1-69ff-404e-b8f9-5d0acba25fd8;411.64;0.00094;SELL
2016-03-08T01:12:29.277000;2016-03-08T01:12:29.187000;b376a89e-69c2-4dac-b16d-46453200101d;411.8;0.10448969;BUY
2016-03-08T01:12:31.307000;2016-03-08T01:12:31.240000;166792f4-7473-4d37-9113-721560f1c0cc;411.82;0.29306;BUY
2016-03-08T01:13:01.237000;2016-03-08T01:13:01.163000;d81ce9d3-422e-4212-bfad-a703f4293e33;411.79;0.12026;BUY
2016-03-08T01:13:31.260000;2016-03-08T01:13:31.167000;f15f10f8-a13f-4ddd-aa7e-884aee962ce1;411.74;3.758;BUY
2016-03-08T01:13:31.260000;2016-03-08T01:13:31.187000;6928321f-14ac-496d-8525-25fbd01e406a;411.74;0.78908;BUY
2016-03-08T01:14:01.270000;2016-03-08T01:14:01.183000;ba7b755c-5f8d-490c-9dd7-2f027642ffa1;411.82;0.03407;BUY
2016-03-08T01:14:31.287000;2016-03-08T01:14:31.193000;64ab26a2-8a57-44b0-8ea2-c3720b13d9f1;411.7;0.34432525;SELL
2016-03-08T01:14:31.287000;2016-03-08T01:14:31.217000;74a3df92-ca15-4b6e-8fba-e0666d748cbd;411.7;4.95049505;SELL
2016-03-08T01:14:31.287000;2016-03-08T01:14:31.230000;11189b72-63a1-4ae8-80af-22e8b6c2e8da;411.7;1.6403797;SELL
2016-03-08T01:15:01.303000;2016-03-08T01:15:01.213000;9bcd87e4-49dd-4ac5-b238-2d9b9c21bf8c;411.7;0.4556;SELL
2016-03-08T01:15:31.303000;2016-03-08T01:15:31.207000;847e1fd8-5af9-4de5-a686-ce826ed03536;411.8;0.01092;BUY
2016-03-08T01:15:31.303000;2016-03-08T01:15:31.227000;1589589e-05bc-4289-9444-441f3238f3ed;411.82;0.013;BUY
2016-03-08T01:16:31.357000;2016-03-08T01:16:31.260000;10815179-4aeb-4c59-a15d-bb8089987a40;411.81;0.356;BUY
2016-03-08T01:16:31.357000;2016-03-08T01:16:31.277000;acb76cf3-2a61-43be-b9bc-ab0942151445;411.82;1.07415;BUY
2016-03-08T01:17:01.297000;2016-03-08T01:17:01.213000;d3ad982b-9e35-471c-a351-d90cbb66a5e0;411.8;0.337;BUY
2016-03-08T01:17:01.297000;2016-03-08T01:17:01.217000;99a86f97-3af9-4013-9e05-f925d9d75719;411.81;0.04841;BUY
2016-03-08T01:17:31.367000;2016-03-08T01:17:31.267000;17e1e89d-eef2-49b3-8720-8ff53c99a1d1;411.82;0.15653;BUY
2016-03-08T01:18:01.307000;2016-03-08T01:18:01.203000;f78b7eff-66d9-49c6-abbd-3a69a08c1b71;411.81;0.07679;BUY
2016-03-08T01:18:31.337000;2016-03-08T01:18:31.380000;e5529b10-5170-4b04-9445-522f9a420347;411.75;0.0115;SELL
2016-03-08T01:18:31.337000;2016-03-08T01:18:31.420000;65ffd526-eb14-4542-8cbd-16996aca2091;411.75;0.96958;SELL
2016-03-08T01:19:01.380000;2016-03-08T01:19:01.433000;be3e6d21-ce3a-4fb3-9503-f385dc9e4d1d;411.83;0.01;BUY
2016-03-08T01:19:01.380000;2016-03-08T01:19:01.433000;a0f2cbb2-3972-4fe0-aa85-bd7191cf3ddf;411.85;0.00201;BUY
2016-03-08T01:19:31.380000;2016-03-08T01:19:31.447000;615327d8-f0d6-429d-892e-1efbea9db4cc;411.85;0.00799;BUY
2016-03-08T01:19:31.380000;2016-03-08T01:19:31.467000;f01973a6-a039-4089-a3f8-7eb4ff02b0fd;411.88;0.11695;BUY
2016-03-08T01:20:01.463000;2016-03-08T01:20:01.507000;8329d6c7-c597-4312-a735-e9249aba466e;411.88;0.08;SELL
2016-03-08T01:20:01.463000;2016-03-08T01:20:01.527000;59978f9e-0bc7-4e70-b579-f7efb7daf083;411.88;0.12635911;SELL
2016-03-08T01:20:01.463000;2016-03-08T01:20:01.540000;256ff321-41b9-480b-bf40-a6fda27ebb13;411.88;0.07779089;SELL
2016-03-08T01:20:31.467000;2016-03-08T01:20:31.507000;0caaf061-e8dd-4a42-9477-2b32063497dc;411.89;0.01;BUY
2016-03-08T01:20:31.467000;2016-03-08T01:20:31.523000;5b447bdd-6d0c-4a04-82d1-619814a09829;411.89;0.45153;BUY
2016-03-08T01:22:02.047000;2016-03-08T01:22:02.083000;e18b6269-a683-4c87-9af3-c9bf9473bc7b;411.89;0.20639;BUY
2016-03-08T01:22:31.417000;2016-03-08T01:22:31.467000;2f7fe837-8155-458f-a4d1-648c6e02662d;411.89;0.34208;BUY
2016-03-08T01:22:31.417000;2016-03-08T01:22:31.467000;a12a901c-484a-4726-97b3-576a59c44e0b;411.9;0.0195145;BUY
2016-03-08T01:22:31.417000;2016-03-08T01:22:31.467000;4e0ea768-52b3-4351-b2df-3b0e2e1ed171;411.9;1.0;BUY
2016-03-08T01:22:31.417000;2016-03-08T01:22:31.467000;0cd117ee-5543-46d9-9e29-d055dac5ff28;411.91;1.0395755;BUY
2016-03-08T01:23:01.477000;2016-03-08T01:23:01.510000;afa15074-f205-43a8-b70b-ed5eaeda9189;411.91;1.2161;BUY
2016-03-08T01:23:31.347000;2016-03-08T01:23:31.380000;8dee5019-c89a-4d63-acad-bf63e1951023;411.91;0.14916;BUY
2016-03-08T01:24:01.330000;2016-03-08T01:24:01.360000;494ee037-d34e-43f0-847f-3d283b289f50;411.9;0.244;SELL
2016-03-08T01:24:01.330000;2016-03-08T01:24:01.377000;dda7fd72-2597-476f-8454-48ac84d1e7e9;411.9;1.80714446;SELL
2016-03-08T01:24:01.330000;2016-03-08T01:24:01.390000;9f27a41b-6a5f-40d5-a61b-4d02cf0ab972;411.88;1.0;SELL
2016-03-08T01:24:01.330000;2016-03-08T01:24:01.390000;9fa956c3-97d5-4b13-b351-cbf9759cd508;411.87;1.0;SELL
2016-03-08T01:24:01.330000;2016-03-08T01:24:01.390000;4137938a-181b-4d51-9bdf-bff0182106a9;411.84;0.37207554;SELL
2016-03-08T01:24:31.510000;2016-03-08T01:24:31.540000;b7ce2ec3-6bd7-4636-84c2-ae13e7e86614;411.79;3.447;BUY
2016-03-08T01:24:31.510000;2016-03-08T01:24:31.557000;fb12abed-3e89-49a6-b637-78393edbee49;411.8;1.28035;BUY
2016-03-08T01:25:01.493000;2016-03-08T01:25:01.563000;8f261a42-439c-4d63-8f63-1912b54d0dd5;411.8;1.22937;SELL
2016-03-08T01:25:31.357000;2016-03-08T01:25:31.383000;b4b520a2-e38e-452e-b040-7dba1bc95053;411.8;1.23;BUY
2016-03-08T01:25:31.357000;2016-03-08T01:25:31.400000;82bc274e-3989-4150-a189-2b6e29d04d5f;411.81;0.51238;BUY
2016-03-08T01:26:01.527000;2016-03-08T01:26:01.560000;58aa1089-287b-47ad-a677-f869ebc8f1ba;411.8;0.06242;SELL
2016-03-08T01:26:31.410000;2016-03-08T01:26:31.440000;56817de8-5199-4b9e-9537-0ee400621610;411.81;0.48762;BUY
2016-03-08T01:26:31.410000;2016-03-08T01:26:31.460000;250c38e8-0289-4457-98cd-4243a945b4f4;411.82;1.0;BUY
2016-03-08T01:26:31.410000;2016-03-08T01:26:31.477000;89f8df2e-e794-48e6-baf7-d7f31126863b;411.88;0.37;BUY
2016-03-08T01:26:31.410000;2016-03-08T01:26:31.477000;38f90f47-9e2e-4e2e-ba9f-596ff7c33522;411.93;0.363;BUY
2016-03-08T01:26:31.410000;2016-03-08T01:26:31.503000;492ad165-d341-4d5f-9182-89dd8df5566a;411.94;0.1621;BUY
2016-03-08T01:26:31.410000;2016-03-08T01:26:31.507000;01e865ec-897e-41c1-a8a2-f4383820df05;411.96;0.01;BUY
2016-03-08T01:26:31.413000;2016-03-08T01:26:31.507000;e7cbd54e-7cf5-4b30-9827-680c5664fcf4;411.96;4.08775;BUY
2016-03-08T01:27:01.363000;2016-03-08T01:27:01.387000;4781f945-f37f-40ab-9329-7a435dc08689;411.93;2.16;BUY
2016-03-08T01:27:01.363000;2016-03-08T01:27:01.400000;9193ecd2-92db-43ed-bab6-3b30cfba7098;411.94;0.339;BUY
2016-03-08T01:27:01.363000;2016-03-08T01:27:01.423000;f3df39a9-8a3d-4985-8e68-fb64eb6a3a98;411.95;0.2139;BUY
2016-03-08T01:27:31.360000;2016-03-08T01:27:31.420000;0ef4fe53-cd18-4e81-929e-877cfca00bab;411.8;0.93758;SELL
2016-03-08T01:27:31.360000;2016-03-08T01:27:31.420000;d141737a-f313-4637-b322-3d2ccad55464;411.8;0.53;SELL
2016-03-08T01:27:31.360000;2016-03-08T01:27:31.423000;e3a8f850-8ae5-4c2d-9ecb-b13632721db3;411.79;1.0;SELL
2016-03-08T01:27:31.360000;2016-03-08T01:27:31.440000;9a080d90-18de-44a0-bdf6-729e354b3580;411.79;0.02163624;SELL
2016-03-08T01:27:31.360000;2016-03-08T01:27:31.440000;90dbaae9-69ab-493f-8b8d-10bbec924904;411.76;0.22;SELL
2016-03-08T01:27:31.360000;2016-03-08T01:27:31.440000;8216c29c-6929-4688-a75e-50747e8096a9;411.75;0.01;SELL
2016-03-08T01:27:31.360000;2016-03-08T01:27:31.440000;da8d23f1-b431-412f-9de0-fd99434d7039;411.75;0.0115;SELL
2016-03-08T01:27:31.360000;2016-03-08T01:27:31.440000;bbc9688a-edc6-4388-bd4e-731c5a54d8eb;411.71;0.42;SELL
2016-03-08T01:27:31.360000;2016-03-08T01:27:31.440000;4ed0ed62-f4bc-4bbb-86b3-5c9525325b8e;411.69;0.0266927;SELL
2016-03-08T01:27:31.360000;2016-03-08T01:27:31.460000;eef9790d-fdad-4e40-be9a-d8883444403f;411.68;0.8;SELL
2016-03-08T01:27:31.360000;2016-03-08T01:27:31.460000;e3d2b59b-a30b-4266-8f19-b3be1dc07cfe;411.67;7.2554;SELL
2016-03-08T01:27:31.360000;2016-03-08T01:27:31.460000;f45aa3d3-c526-432f-ac57-3f6fbfbe4413;411.66;0.505;SELL
2016-03-08T01:27:31.360000;2016-03-08T01:27:31.460000;0ec002fa-0714-4bc3-9d9b-20af63381c40;411.58;0.487;SELL
2016-03-08T01:27:31.360000;2016-03-08T01:27:31.460000;2c926b64-8613-4e42-acf1-c54ba6326198;411.53;0.446;SELL
2016-03-08T01:27:31.360000;2016-03-08T01:27:31.460000;bbbbb06c-d06d-4f60-a4b9-2b4c1033cd9b;411.49;0.01;SELL
2016-03-08T01:27:31.363000;2016-03-08T01:27:31.460000;b5ee2c50-eb43-4fe3-b757-4796832f0e0f;411.48;0.432;SELL
2016-03-08T01:27:31.363000;2016-03-08T01:27:31.463000;8e2da95b-d2c4-4969-b70f-f9ae3ea393a5;411.45;0.6137;SELL
2016-03-08T01:27:31.363000;2016-03-08T01:27:31.463000;6fe009b6-d6c1-4741-93aa-f5416a632d24;411.45;0.02226743;SELL
2016-03-08T01:27:31.363000;2016-03-08T01:27:31.487000;72a8799c-423b-49a8-89f5-e264c7e2eb34;411.43;1.0;SELL
2016-03-08T01:27:31.363000;2016-03-08T01:27:31.487000;5c6e7546-f5b7-44f3-a1ce-b912063d6c56;411.43;0.72;SELL
2016-03-08T01:27:31.363000;2016-03-08T01:27:31.510000;86ac5cf9-cb19-4822-b211-c306d3d0ec22;411.42;1.0;SELL
2016-03-08T01:27:31.363000;2016-03-08T01:27:31.510000;d7bf4b71-e20f-4f66-9cf6-4b21895aa5be;411.41;1.92;SELL
2016-03-08T01:27:31.363000;2016-03-08T01:27:31.510000;4b0ef52f-fc5e-4fb1-803f-aa7f793b17fc;411.4;0.01951444;SELL
2016-03-08T01:27:31.363000;2016-03-08T01:27:31.510000;1c508e66-10e3-4c6f-b50c-6525f0cc296f;411.4;2.16;SELL
2016-03-08T01:27:31.363000;2016-03-08T01:27:31.510000;81b2ba66-44f1-49b0-a00b-ef2d08ad6811;411.39;0.471;SELL
2016-03-08T01:27:31.363000;2016-03-08T01:27:31.510000;cad86818-dd5b-452d-bf45-83fb54c19472;411.35;4.56;SELL
2016-03-08T01:27:31.363000;2016-03-08T01:27:31.510000;6b3a1d25-b811-4dc7-bd6c-7068293a6274;411.34;0.473;SELL
2016-03-08T01:27:31.363000;2016-03-08T01:27:31.510000;4b725727-88d4-4ba2-b6d9-0dfb02e86865;411.33;2.16;SELL
2016-03-08T01:27:31.363000;2016-03-08T01:27:31.510000;337896f1-8735-4b3d-8e3e-984a5447cccf;411.32;0.01;SELL
2016-03-08T01:27:31.363000;2016-03-08T01:27:31.530000;34a7502c-ede6-494a-b51f-8ef8fee16605;411.32;0.1586;SELL
2016-03-08T01:27:31.363000;2016-03-08T01:27:31.530000;3b9cdee4-bb94-4fca-bffa-435557d9b9f6;411.32;1.44;SELL
2016-03-08T01:27:31.367000;2016-03-08T01:27:31.530000;95a7cb1f-06ac-415c-b835-f87c5684fe54;411.31;0.01;SELL
2016-03-08T01:27:31.367000;2016-03-08T01:27:31.530000;67fb0be2-6ba0-4555-93f7-be6dd4375feb;411.31;0.01;SELL
2016-03-08T01:27:31.367000;2016-03-08T01:27:31.533000;c63c1b1b-76c9-4268-a516-f7f150616ce2;411.3;0.96;SELL
2016-03-08T01:27:31.367000;2016-03-08T01:27:31.533000;afaf9d39-b151-4b50-8fed-5e311d5287c1;411.29;0.478;SELL
2016-03-08T01:27:31.367000;2016-03-08T01:27:31.533000;9534ca0f-ad58-4b8b-ab5d-9d7fdd41137f;411.27;3.603;SELL
2016-03-08T01:27:31.367000;2016-03-08T01:27:31.533000;00809f1e-a39a-4e77-bbf0-2ae7544b95f4;411.24;0.456;SELL
2016-03-08T01:27:31.367000;2016-03-08T01:27:31.533000;6a0e1f17-edb5-45bd-a2a6-0c00be1542bb;411.2;0.0195197;SELL
2016-03-08T01:27:31.367000;2016-03-08T01:27:31.550000;5893ecfc-4b5e-491b-95a8-8b6580a92306;411.19;0.458;SELL
2016-03-08T01:27:31.367000;2016-03-08T01:27:31.553000;de6b08d6-0d8c-45d2-b970-21f881a76924;411.15;0.01;SELL
2016-03-08T01:27:31.367000;2016-03-08T01:27:31.553000;f68ed856-c75d-4ad3-82ba-4b4cd657daea;411.12;0.48;SELL
2016-03-08T01:27:31.367000;2016-03-08T01:27:31.553000;6a1cfd07-fbdb-4a2f-b85e-2bd4d4d35206;411.11;0.288;SELL
2016-03-08T01:27:31.367000;2016-03-08T01:27:31.553000;d7c888c7-b9ca-42d7-ae37-4f16cd40b19f;411.11;3.59;SELL
2016-03-08T01:27:31.367000;2016-03-08T01:27:31.553000;d5c9311e-ae05-422d-ab31-28d5f6ce7dc8;411.06;0.326;SELL
2016-03-08T01:27:31.367000;2016-03-08T01:27:31.553000;575f700f-ca0c-440b-aeb7-4933a7b2fb8a;411.02;4.08;SELL
2016-03-08T01:27:31.367000;2016-03-08T01:27:31.553000;678317ed-0724-491c-a37f-6af8ce9eeadf;411.01;0.337;SELL
2016-03-08T01:27:31.367000;2016-03-08T01:27:31.553000;e072545d-9b45-4a61-982f-15d322756a63;411.01;5.05358949;SELL
2016-03-08T01:27:55.497000;2016-03-08T01:27:55.517000;2a4ebf69-bf83-4de4-afa1-1cbc399ec1e0;411.83;0.17;BUY
2016-03-08T01:28:01.413000;2016-03-08T01:28:01.443000;c7324436-c41a-4328-ac1a-173403a3765d;411.8;0.53;SELL
2016-03-08T01:28:01.413000;2016-03-08T01:28:01.470000;2887316f-4a56-4a62-8f06-e2b4cd3df3b8;411.8;0.09594454;SELL
2016-03-08T01:28:01.413000;2016-03-08T01:28:01.473000;547938ea-ea24-472d-9b5f-38ef5a40b21d;411.67;0.152;SELL
2016-03-08T01:28:01.413000;2016-03-08T01:28:01.473000;aff5ed43-0ac5-4b94-a996-cde902b894c5;411.62;0.165;SELL
2016-03-08T01:28:01.417000;2016-03-08T01:28:01.473000;2a64b502-1f48-43c3-bd7f-6cae417d4317;411.55;0.01;SELL
2016-03-08T01:28:01.417000;2016-03-08T01:28:01.473000;93d0b2b9-b517-4a0d-a6d6-696825aa7801;411.4;0.01951054;SELL
2016-03-08T01:28:01.417000;2016-03-08T01:28:01.473000;b9f9f359-e400-4742-afb1-c8b5ab33ab6e;411.35;0.01;SELL
2016-03-08T01:28:01.417000;2016-03-08T01:28:01.473000;224b26e9-e4f1-4946-bb18-2ed2e9e43253;411.27;2.496;SELL
2016-03-08T01:28:01.417000;2016-03-08T01:28:01.473000;3424097f-0b5d-4e19-a993-d485212bf256;411.2;0.01951054;SELL
2016-03-08T01:28:01.417000;2016-03-08T01:28:01.503000;bdf345ad-66ee-488e-b976-3286e91c5845;411.15;1.68;SELL
2016-03-08T01:28:01.417000;2016-03-08T01:28:01.503000;1bf51ced-a9c0-4207-82e9-cb8299d97699;411.1;1.384;SELL
2016-03-08T01:28:01.417000;2016-03-08T01:28:01.503000;ceef4628-73d6-42a4-82c6-2aab5956e8f9;411.09;0.24;SELL
2016-03-08T01:28:01.417000;2016-03-08T01:28:01.503000;8fdd5709-e70a-4352-a981-63728f7ad22d;411.08;0.01;SELL
2016-03-08T01:28:01.417000;2016-03-08T01:28:01.503000;f37636a5-9206-4012-91c6-8176984e300c;410.97;9.29;SELL
2016-03-08T01:28:01.417000;2016-03-08T01:28:01.503000;f31e05e6-fac1-473c-8e08-45d6074ed6cb;410.96;0.303;SELL
2016-03-08T01:28:01.417000;2016-03-08T01:28:01.503000;a28d6401-f211-4851-84bb-ca78f3862bce;410.96;3.841;SELL
2016-03-08T01:28:01.417000;2016-03-08T01:28:01.503000;9aed0f4d-388c-4fba-8c76-d68bb7010460;410.91;0.289;SELL
2016-03-08T01:28:01.417000;2016-03-08T01:28:01.503000;7297ef39-933b-4fed-be19-07f83d7e6cb0;410.91;2.45358438;SELL
2016-03-08T01:28:37.950000;2016-03-08T01:28:37.993000;7e1f8fe9-1fd1-49dd-b5bd-47bedcf33b8e;411.34;0.01;SELL
2016-03-08T01:28:37.950000;2016-03-08T01:28:37.997000;d7a2f9e9-ef50-4585-b58e-2ffcd9cc8b44;411.33;0.01;SELL
2016-03-08T01:28:37.953000;2016-03-08T01:28:37.997000;d9fe82ba-d411-441d-aeaf-de6f8c01e8c8;411.29;0.56861;SELL
2016-03-08T01:28:56.767000;2016-03-08T01:28:56.787000;6c64c806-85e4-4eee-af26-c01e74d74bf9;411.29;0.13;SELL
2016-03-08T01:29:01.427000;2016-03-08T01:29:01.443000;2a03ad96-e274-49bf-9ab7-6cbabc8ca9b1;411.3;0.01;BUY
2016-03-08T01:29:01.433000;2016-03-08T01:29:01.477000;90e8a2bf-09bc-4ce8-9af7-d35eeb9ee8de;411.29;0.00129034;SELL
2016-03-08T01:29:01.433000;2016-03-08T01:29:01.477000;f839ccae-f853-4b3a-8d6d-bd9499285177;411.28;0.47798966;SELL
2016-03-08T01:29:31.413000;2016-03-08T01:29:31.433000;6964b036-a0ed-4a7f-bfc9-3272d8cecca3;411.29;0.25;BUY
2016-03-08T01:29:31.413000;2016-03-08T01:29:31.453000;22f21615-8fc0-4506-9a77-1e9f8063c978;411.29;0.54681;BUY
2016-03-08T01:29:36.167000;2016-03-08T01:29:36.183000;1c690f60-03fd-4810-928c-9008fc50714e;411.28;0.52201034;SELL
2016-03-08T01:29:51.363000;2016-03-08T01:29:51.377000;7fc157be-99ef-4a43-bb7e-4e1ec2ead7d6;411.22;0.1;BUY
2016-03-08T01:30:24.713000;2016-03-08T01:30:24.730000;4e61a78b-1556-41c1-9d6f-7a24cc553370;411.21;0.01;SELL
2016-03-08T01:30:24.713000;2016-03-08T01:30:24.747000;bad54d32-8111-4d40-8aa0-5fa93f6dc8c0;411.21;1.0;SELL
2016-03-08T01:30:24.713000;2016-03-08T01:30:24.763000;03af50d0-4337-4c21-8b8b-327156e59bc4;411.21;0.1;SELL
2016-03-08T01:30:31.480000;2016-03-08T01:30:31.497000;657d626b-ca40-4e03-90d4-971750564b1b;411.21;0.12038;BUY
2016-03-08T01:31:01.517000;2016-03-08T01:31:01.530000;bf61577e-4c6f-439b-9d1e-e1d419c981be;411.21;0.11425;BUY
2016-03-08T01:31:31.573000;2016-03-08T01:31:31.587000;1f6e2780-fa0f-4db0-9fde-71230a59b15e;411.2;0.01951317;SELL
2016-03-08T01:31:31.573000;2016-03-08T01:31:31.617000;d10a9838-c3b7-45f3-8c22-f06168219019;411.2;1.0;SELL
2016-03-08T01:31:31.573000;2016-03-08T01:31:31.633000;dce753e5-6352-4139-9ae3-853c6ae3e07e;411.2;0.05;SELL
2016-03-08T01:31:31.573000;2016-03-08T01:31:31.633000;a9ee7322-5cb3-43cb-9cb1-65f9bc9d9c56;411.18;0.195;SELL
2016-03-08T01:31:31.573000;2016-03-08T01:31:31.633000;06b3277b-1cde-42d6-a229-b5af1063a445;411.14;0.01;SELL
2016-03-08T01:31:31.573000;2016-03-08T01:31:31.690000;84951ae3-fd12-47f9-8f10-8a68b8127595;411.13;0.215;SELL
2016-03-08T01:31:31.573000;2016-03-08T01:31:31.690000;0b4388ef-869a-4bed-951a-887a0cfa7e45;411.09;1.35642683;SELL
2016-03-08T01:32:01.677000;2016-03-08T01:32:01.690000;d3870587-a336-4eb3-9bd5-6a338e5d414c;411.16;0.24;BUY
2016-03-08T01:32:01.680000;2016-03-08T01:32:01.723000;a71d9eba-bf65-49f2-8dfb-2297df91deae;411.2;0.06381;BUY
2016-03-08T01:33:01.450000;2016-03-08T01:33:01.460000;e068db57-cc24-4f1d-8abd-2e21af74ae36;411.18;0.05;SELL
2016-03-08T01:33:01.450000;2016-03-08T01:33:01.477000;eb45f842-777d-47b2-a7c0-25fe66132835;411.18;0.23692;SELL
2016-03-08T01:34:01.487000;2016-03-08T01:34:01.567000;065643be-7042-43ef-8d79-9157a42a53fe;411.19;0.25;BUY
2016-03-08T01:34:01.487000;2016-03-08T01:34:01.583000;6b3e9b31-ed22-46d3-a799-cfc831bf6ed8;411.19;1.0;BUY
2016-03-08T01:34:01.487000;2016-03-08T01:34:01.583000;39ba2866-cd63-41fe-a401-e8a0a5f6c1b4;411.21;0.15537;BUY
2016-03-08T01:34:01.487000;2016-03-08T01:34:01.583000;3647c77f-2a18-4f97-83d0-9130b00c44bc;411.22;1.0;BUY
2016-03-08T01:34:01.487000;2016-03-08T01:34:01.583000;2a7443c0-7297-4809-a87f-b4989eb7b2e2;411.23;0.23527;BUY
2016-03-08T01:34:40.443000;2016-03-08T01:34:40.510000;655763d5-e92f-4b7b-9979-0b8cb1b088aa;411.19;0.05;SELL
2016-03-08T01:34:40.443000;2016-03-08T01:34:40.510000;de015666-4faf-4ecc-be95-253292f64d72;411.19;1.63301;SELL
2016-03-08T01:35:01.543000;2016-03-08T01:35:01.603000;b24e8d22-ac38-435d-8d57-26d92a285901;411.19;0.65374;SELL
2016-03-08T01:35:10.143000;2016-03-08T01:35:10.200000;2ce0a48e-9f51-4c13-aabb-2fae6ae7b476;411.2;0.25;BUY
2016-03-08T01:35:10.143000;2016-03-08T01:35:10.237000;6e3e19df-a27d-47b3-bc4a-06f62a76d8ef;411.2;0.75;BUY
2016-03-08T01:35:31.410000;2016-03-08T01:35:31.467000;7c9cb843-e654-4dc0-a3a6-c71841f11f00;411.19;0.49603;SELL
2016-03-08T01:36:01.423000;2016-03-08T01:36:01.473000;cc1ce0e8-6ad4-485f-a46a-97a6e0866d8a;411.2;0.05895;BUY
2016-03-08T01:36:31.430000;2016-03-08T01:36:31.487000;6dcf91ac-35cd-47e5-8eaf-6b067a6d5157;411.2;0.084;BUY
2016-03-08T01:37:02.143000;2016-03-08T01:37:02.190000;6ff3e5c8-992c-48df-99e1-cc4639390712;411.19;1.40063;SELL
2016-03-08T01:37:31.710000;2016-03-08T01:37:31.757000;d1969aaf-cb35-4ecc-986a-1b1c1a07c5c9;411.19;0.1569;SELL
2016-03-08T01:38:02.267000;2016-03-08T01:38:02.313000;abf86ff5-4e62-4e47-a107-00e3d656fcff;411.2;0.10705;BUY
2016-03-08T01:38:02.267000;2016-03-08T01:38:02.330000;124f1f6a-d7c8-4baf-a45a-989ce16f03ec;411.2;0.01;BUY
2016-03-08T01:38:02.267000;2016-03-08T01:38:02.357000;214e9e5e-b63e-4f68-8bba-d63a75b01d48;411.2;1.0;BUY
2016-03-08T01:38:02.267000;2016-03-08T01:38:02.357000;f01bf158-827b-4d91-a4f0-f89565d615d2;411.21;0.6053;BUY
2016-03-08T01:38:31.507000;2016-03-08T01:38:31.567000;c31640d1-0714-45aa-89b2-e755dd666457;411.2;0.25;BUY
2016-03-08T01:38:31.507000;2016-03-08T01:38:31.583000;d61ec2c9-1cd3-4a11-bc92-75b1063d49a6;411.21;0.22434;BUY
2016-03-08T01:39:02.390000;2016-03-08T01:39:02.437000;7957f014-0ff7-4b4e-bd53-c30ad653b507;411.19;0.14592;SELL
2016-03-08T01:39:31.407000;2016-03-08T01:39:31.450000;56581d1a-fb18-4e9d-9cc4-2968d4f49197;411.2;0.25;BUY
2016-03-08T01:39:31.407000;2016-03-08T01:39:31.470000;411bc7ed-a4e0-4e01-a62f-12ad7ff3878a;411.2;1.0;BUY
2016-03-08T01:39:31.407000;2016-03-08T01:39:31.500000;4cb2a160-8678-4824-a80a-9bfaab13ab04;411.21;0.17036;BUY
2016-03-08T01:39:31.407000;2016-03-08T01:39:31.500000;b0326215-db85-46b2-8889-0e6a553018c8;411.23;0.76473;BUY
2016-03-08T01:39:31.407000;2016-03-08T01:39:31.537000;072c30c2-56f3-4e12-9baa-96a0b4f16079;411.23;0.0192;BUY
2016-03-08T01:40:01.450000;2016-03-08T01:40:01.497000;0dbde06f-4252-4cbd-a027-251486f02e48;411.22;0.25;BUY
2016-03-08T01:40:01.450000;2016-03-08T01:40:01.510000;9680a977-a3d7-4427-99a7-28cc1bb8b46a;411.25;0.092;BUY
2016-03-08T01:40:01.450000;2016-03-08T01:40:01.533000;2999383c-f4a8-457d-8c0c-5a0eee3a20d2;411.28;0.18;BUY
2016-03-08T01:40:01.450000;2016-03-08T01:40:01.533000;9ebb9680-320a-4530-9c9e-aa326cffc7a6;411.3;0.99;BUY
2016-03-08T01:40:01.450000;2016-03-08T01:40:01.533000;cb3c35b4-04e5-4d13-8074-3d4cc050dc7c;411.33;0.24;BUY
2016-03-08T01:40:01.450000;2016-03-08T01:40:01.577000;85a63323-d4fd-4cd0-9680-b862f04b4719;411.34;0.299;BUY
2016-03-08T01:40:01.450000;2016-03-08T01:40:01.577000;d2183410-7b0c-4ceb-beb7-a35d07af3954;411.36;0.38121;BUY
2016-03-08T01:40:31.450000;2016-03-08T01:40:31.490000;1378c112-1f23-4c57-8248-620bda898a76;411.29;0.1431;SELL
2016-03-08T01:41:01.743000;2016-03-08T01:41:01.780000;2b7e631d-e3cd-48a4-ad05-3e4551429828;411.29;0.08;SELL
2016-03-08T01:41:31.377000;2016-03-08T01:41:31.427000;b8bf5b4a-f624-4f99-9460-137b87667a15;411.29;0.04564707;SELL
2016-03-08T01:41:31.377000;2016-03-08T01:41:31.443000;a55841a9-7fd4-41e4-9f08-d64bb05f52ac;411.29;0.17762293;SELL
2016-03-08T01:42:01.597000;2016-03-08T01:42:01.630000;b0433bba-92c6-4317-b89b-6f6d663b60e5;411.3;0.25;BUY
2016-03-08T01:42:01.597000;2016-03-08T01:42:01.647000;e1b1eb1b-703a-4527-a811-b462bfe09338;411.3;0.05;BUY
2016-03-08T01:42:01.597000;2016-03-08T01:42:01.663000;58f51aa3-c960-4c4f-b2be-48765946ff77;411.36;0.20468;BUY
2016-03-08T01:42:31.430000;2016-03-08T01:42:31.467000;e6895707-caf5-4ddc-92a7-bd284d4d58a7;411.35;0.05;BUY
2016-03-08T01:42:31.430000;2016-03-08T01:42:31.483000;42033d76-7152-4677-9812-8e05d997a9b6;411.37;0.01;BUY
2016-03-08T01:42:31.430000;2016-03-08T01:42:31.500000;375d306b-f4d7-4550-b134-2f3457539c4d;411.39;0.01;BUY
2016-03-08T01:42:31.430000;2016-03-08T01:42:31.500000;37e5874e-acf8-48c9-b19e-bd60b6750637;411.41;0.05035;BUY
2016-03-08T01:43:01.453000;2016-03-08T01:43:01.483000;597f4d6d-fd27-4e20-b6c7-b3150aa5b150;411.38;0.18526;SELL
2016-03-08T01:43:31.487000;2016-03-08T01:43:31.517000;c11683b2-c7c3-4f61-b33d-3e80bb687977;411.47;0.05989304;BUY
2016-03-08T01:43:31.487000;2016-03-08T01:43:31.533000;3ff47a71-e789-4646-8237-76221527c561;411.47;0.06041696;BUY
2016-03-08T01:44:04.363000;2016-03-08T01:44:04.397000;eec7e961-d154-4152-8a06-5e0d137086d9;411.47;0.07325;BUY
2016-03-08T01:44:31.417000;2016-03-08T01:44:31.447000;6729c42c-d878-4ece-a17f-1f4114e852f7;411.46;1.20312;BUY
2016-03-08T01:45:01.553000;2016-03-08T01:45:01.580000;28a47520-9a41-475f-8310-beb97d255c91;411.43;0.13103;BUY
2016-03-08T01:45:31.517000;2016-03-08T01:45:31.543000;ea731a54-59fc-4179-9439-047d763aab80;411.43;1.54897;BUY
2016-03-08T01:45:31.517000;2016-03-08T01:45:31.573000;df07ecd8-6dcd-4335-9aef-c921caf720fd;411.44;0.631;BUY
2016-03-08T01:45:31.517000;2016-03-08T01:45:31.573000;767309b5-dd3a-43ea-afb4-d5608d02c3ec;411.46;2.63339;BUY
2016-03-08T01:46:04.377000;2016-03-08T01:46:04.410000;fa189ad9-00f2-42e6-b34b-5d0ca5a33ed9;411.42;1.27238;SELL
2016-03-08T01:46:31.593000;2016-03-08T01:46:31.617000;1ab60578-eceb-45d5-b79e-b0e28d5ee576;411.43;0.72;BUY
2016-03-08T01:46:31.593000;2016-03-08T01:46:31.653000;6e8e142b-13a7-499f-b653-de0f936929df;411.44;0.44526;BUY
2016-03-08T01:47:01.510000;2016-03-08T01:47:01.533000;c848edef-cd58-4b94-b022-3ed0e1a1702d;411.43;0.25;BUY
2016-03-08T01:47:01.510000;2016-03-08T01:47:01.580000;4805220c-3b41-4350-9016-941bffbce7d2;411.43;0.14325;BUY
2016-03-08T01:47:31.467000;2016-03-08T01:47:31.500000;fc0ba82c-5a72-427c-83ad-42a52b4d155a;411.44;1.44;BUY
2016-03-08T01:47:31.467000;2016-03-08T01:47:31.520000;33255119-c284-451b-a1a8-d4f3b374839d;411.45;0.596;BUY
2016-03-08T01:47:31.467000;2016-03-08T01:47:31.520000;2de36016-77df-4547-afe8-41d035072a49;411.46;2.79668;BUY
2016-03-08T01:48:01.640000;2016-03-08T01:48:01.660000;83050f26-454c-4636-8dd5-92f508dc7743;411.46;1.44;BUY
2016-03-08T01:48:01.640000;2016-03-08T01:48:01.690000;d533bf5b-ab16-483a-8abb-4aca5e103642;411.47;0.8;BUY
2016-03-08T01:48:01.640000;2016-03-08T01:48:01.693000;4e276515-57e6-401a-bb6d-a625d2e263d1;411.48;10.56;BUY
2016-03-08T01:48:01.640000;2016-03-08T01:48:01.693000;40442213-afdc-4acb-b1c3-ddf1b2cef067;411.49;1.857;BUY
2016-03-08T01:48:18.107000;2016-03-08T01:48:18.123000;a329aff3-d137-41cc-94d7-dc5736f9ce06;411.47;0.03483;BUY
2016-03-08T01:48:32.323000;2016-03-08T01:48:32.397000;79f9c89a-48f5-42b0-b8b6-5c8be16b312f;411.45;2.40217;SELL
2016-03-08T01:49:32.033000;2016-03-08T01:49:32.090000;801df926-fce3-42fe-a3f0-280c76ce8238;411.48;0.16091;BUY
2016-03-08T01:50:01.953000;2016-03-08T01:50:02.013000;26def338-032d-47fc-af62-4f8df7a8624b;411.48;0.08909;BUY
2016-03-08T01:50:01.953000;2016-03-08T01:50:02.030000;a5f69df4-3e8d-4bc4-a2b0-65def3ea4aa0;411.48;0.556;BUY
2016-03-08T01:50:01.953000;2016-03-08T01:50:02.047000;9ac2bc53-d30c-4145-812f-af3a3fe8ac18;411.49;2.90441;BUY
2016-03-08T01:50:32.373000;2016-03-08T01:50:32.430000;a87c616d-2e16-4d21-9209-e3d0d46e6bb3;411.47;0.07975537;SELL
2016-03-08T01:50:32.373000;2016-03-08T01:50:32.457000;77a5b73a-4d86-4f6a-9ca5-abdf5a70d823;411.47;3.38;SELL
2016-03-08T01:50:32.373000;2016-03-08T01:50:32.470000;81296224-d962-4821-8936-1533985115f4;411.47;0.05;SELL
2016-03-08T01:50:32.377000;2016-03-08T01:50:32.470000;35f9f355-dd30-402a-9808-95b2a7680127;411.47;0.09327955;SELL
2016-03-08T01:50:32.377000;2016-03-08T01:50:32.470000;df13ef04-ac9a-4eaf-afb1-a1cdbd155b8b;411.47;0.1201212;SELL
2016-03-08T01:50:32.377000;2016-03-08T01:50:32.513000;f916cb92-abdc-4db7-98ca-466919a1109f;411.44;4.40441388;SELL
2016-03-08T01:51:01.703000;2016-03-08T01:51:01.757000;0ad3c992-d424-4792-b20a-e9b2e07cde19;411.48;0.25411;BUY
2016-03-08T01:51:31.503000;2016-03-08T01:51:31.553000;1970028f-729e-48da-9325-62a71daaefe2;411.44;2.71634;SELL
2016-03-08T01:52:01.547000;2016-03-08T01:52:01.597000;86e8671c-4fdc-4db5-ade5-31feb11adafa;411.44;0.54648;SELL
2016-03-08T01:52:32.267000;2016-03-08T01:52:32.317000;ca34c477-0132-411b-a11b-4f5f7dbf96c2;411.44;0.05;SELL
2016-03-08T01:52:32.267000;2016-03-08T01:52:32.330000;88679de2-8bc0-4b31-b902-c952cb84ff96;411.44;0.06605504;SELL
2016-03-08T01:52:32.267000;2016-03-08T01:52:32.347000;ea9c703d-eabe-458e-9b95-1d6adc2f3cf5;411.44;0.25395223;SELL
2016-03-08T01:52:32.267000;2016-03-08T01:52:32.347000;3701e5fd-6fc9-4fd9-922c-0a95d77dad6f;411.42;2.55462;SELL
2016-03-08T01:52:32.267000;2016-03-08T01:52:32.347000;adff33d9-345b-4569-ae9f-308cb52f43e6;411.41;0.16;SELL
2016-03-08T01:52:32.267000;2016-03-08T01:52:32.423000;96cb0d77-203b-4603-9305-046d03a0b7ed;411.34;0.22205273;SELL
2016-03-08T01:52:34.760000;2016-03-08T01:52:34.823000;a21554b9-db95-4eb9-9cd8-4c24312b611f;411.48;0.554;BUY
2016-03-08T01:52:34.760000;2016-03-08T01:52:34.840000;f6365cce-68d4-4dce-b414-79e339de5b76;411.49;4.446;BUY
2016-03-08T01:53:01.517000;2016-03-08T01:53:01.563000;d779909a-4ae3-4fbe-a824-e7705b4aa939;411.48;0.07217;BUY
2016-03-08T01:53:34.420000;2016-03-08T01:53:34.467000;acddb619-c33e-4522-86cd-f9ba887bbd12;411.49;7.475;BUY
2016-03-08T01:54:03.427000;2016-03-08T01:54:03.477000;541c2885-72bd-40e9-86ea-b80b902806bc;411.49;0.26708;BUY
2016-03-08T01:54:31.433000;2016-03-08T01:54:31.513000;2fb9f568-4c09-4dee-abfc-0503763767a5;411.49;6.46271;BUY
2016-03-08T01:55:01.517000;2016-03-08T01:55:01.560000;cb00be86-e6e9-4acb-b77b-0bd96ca5c30f;411.49;0.33284;BUY
2016-03-08T01:55:33.330000;2016-03-08T01:55:33.370000;66b11324-89ae-4c2a-87a4-1ce1d45e8407;411.49;0.15144;BUY
2016-03-08T01:56:01.490000;2016-03-08T01:56:01.530000;fc15ad52-eaa3-495f-947c-05b3744fd308;411.48;0.02394;BUY
2016-03-08T01:56:22.310000;2016-03-08T01:56:22.347000;4bb1bf33-3f6f-4ffa-8d5a-d146657a3bc8;411.48;0.22006;BUY
2016-03-08T01:56:24.970000;2016-03-08T01:56:25.010000;60ce15dc-c637-4cfd-adb1-d9de2d3c2577;411.49;7.103;BUY
2016-03-08T01:56:31.510000;2016-03-08T01:56:31.543000;d81a3153-590f-4c74-81cf-48edffc7b1ac;411.49;2.35946;BUY
2016-03-08T01:56:46.153000;2016-03-08T01:56:46.193000;3aaf06c6-c2df-4885-b592-d0dbbe5bb8a6;411.49;6.64106;BUY
2016-03-08T01:56:57.037000;2016-03-08T01:56:57.073000;e68d5347-e683-44ab-be01-aa648d43c9a0;411.44;0.02;SELL
2016-03-08T01:57:01.550000;2016-03-08T01:57:01.590000;19d87928-ed0d-4dc6-9fca-27db230f66da;411.5;0.01;BUY
2016-03-08T01:57:01.550000;2016-03-08T01:57:01.617000;babbe3d2-62f0-4890-9c2f-d12a41f8303a;411.56;0.01;BUY
2016-03-08T01:57:01.550000;2016-03-08T01:57:01.617000;99789d59-bea8-4047-a6ce-ecc189efdb39;411.57;0.01;BUY
2016-03-08T01:57:01.550000;2016-03-08T01:57:01.617000;8cd33a58-2082-4b7f-a2a5-0897f879de54;411.7;0.01951317;BUY
2016-03-08T01:57:01.550000;2016-03-08T01:57:01.617000;1e0f194c-b0d8-4a29-aaf4-6e8e2a439acc;411.7;0.41041683;BUY
2016-03-08T01:57:31.587000;2016-03-08T01:57:31.643000;47249857-3eaf-462f-bfd5-ad99545ea82e;411.75;0.02848;BUY
2016-03-08T01:58:01.510000;2016-03-08T01:58:01.550000;c605dd02-3b25-499d-844a-fdbaee71086f;411.75;0.22152;BUY
2016-03-08T01:58:01.510000;2016-03-08T01:58:01.563000;035f43d3-e5e7-43ae-83e5-1d2f737446be;411.79;0.01;BUY
2016-03-08T01:58:01.510000;2016-03-08T01:58:01.580000;47c970ff-4fa6-4001-92f3-606d16adbe3a;411.79;0.01951054;BUY
2016-03-08T01:58:01.510000;2016-03-08T01:58:01.580000;3e230ae3-2ede-4e78-9f00-b3485b9fd27a;411.8;0.01;BUY
2016-03-08T01:58:01.510000;2016-03-08T01:58:01.580000;eb137007-611c-4c0e-9acb-c04d8edde131;411.8;0.21986946;BUY
2016-03-08T01:58:32.310000;2016-03-08T01:58:32.373000;107bed8b-8faa-426b-bddb-5438595510a0;411.8;0.03013054;BUY
2016-03-08T01:58:32.310000;2016-03-08T01:58:32.373000;d5a4f2ef-f272-4bfc-a59e-902c7edd59ab;411.8;0.25;BUY
2016-03-08T01:58:32.310000;2016-03-08T01:58:32.390000;a9a76100-a39e-493f-88a7-09d8ae851436;411.81;0.01;BUY
2016-03-08T01:58:32.310000;2016-03-08T01:58:32.390000;aa86b481-f705-46ff-a78e-badc470a67a9;411.87;0.076;BUY
2016-03-08T01:58:32.313000;2016-03-08T01:58:32.390000;5aaaff94-92db-4f6c-a859-ea3def3c5538;411.88;0.22;BUY
2016-03-08T01:58:32.313000;2016-03-08T01:58:32.390000;b7ff4a4e-122b-4cd9-b9db-e4e2a0091267;411.9;0.01951054;BUY
2016-03-08T01:58:32.313000;2016-03-08T01:58:32.393000;5f47bb0c-1690-4997-a285-8df6e15e45dc;411.92;0.01951444;BUY
2016-03-08T01:58:32.313000;2016-03-08T01:58:32.393000;35dedea8-01c7-4cd8-8e04-e41813ea823d;411.92;0.0195197;BUY
2016-03-08T01:58:32.313000;2016-03-08T01:58:32.433000;618b7db3-a065-4d50-ac15-94627cda84e2;411.92;0.116;BUY
2016-03-08T01:58:32.313000;2016-03-08T01:58:32.433000;f632187c-e753-4337-80e6-252eeab94ace;411.93;0.01;BUY
2016-03-08T01:58:32.313000;2016-03-08T01:58:32.433000;df0741c4-7b21-4aff-97d3-cf757b23bf04;411.94;0.01;BUY
2016-03-08T01:58:32.313000;2016-03-08T01:58:32.433000;7e777f29-da98-4618-917f-e1c97d7d31f6;411.95;0.01;BUY
2016-03-08T01:58:32.313000;2016-03-08T01:58:32.433000;0721cabd-3cee-4180-92d4-935d2b8cb487;411.95;0.01;BUY
2016-03-08T01:58:32.313000;2016-03-08T01:58:32.433000;4b6a4f34-1dbd-4d90-b8c9-9ce9114ffe84;411.97;0.108;BUY
2016-03-08T01:58:32.313000;2016-03-08T01:58:32.433000;27b46aa1-b424-4774-93a7-42669f433b03;411.98;0.01;BUY
2016-03-08T01:58:32.313000;2016-03-08T01:58:32.433000;e1ea93bd-fc10-462b-a36e-79a6270d96f7;412.06;0.116;BUY
2016-03-08T01:58:32.313000;2016-03-08T01:58:32.437000;97ff10cd-5b42-4a51-b897-8e41c1f363d0;412.08;0.01;BUY
2016-03-08T01:58:32.313000;2016-03-08T01:58:32.437000;081d9181-47bc-4a90-a6ad-1098399c3dec;412.1;0.0194938;BUY
2016-03-08T01:58:32.313000;2016-03-08T01:58:32.450000;b13894e7-f81e-465b-abcf-ce5fdfe2cc09;412.1;0.1272;BUY
2016-03-08T01:58:32.317000;2016-03-08T01:58:32.450000;ed781e0a-c5cc-4e68-99c6-38d739f3d77a;412.11;0.02;BUY
2016-03-08T01:58:32.317000;2016-03-08T01:58:32.450000;30a8abf6-5dc9-4d8b-8d23-c2d428fa7c50;412.12;0.01;BUY
2016-03-08T01:58:32.317000;2016-03-08T01:58:32.450000;33cc17d2-cf17-4cf1-92e4-1379e689fc76;412.13;0.384;BUY
2016-03-08T01:58:32.317000;2016-03-08T01:58:32.450000;bf0695ce-c843-4320-a809-857aac19f4a1;412.16;0.3062;BUY
2016-03-08T01:58:32.317000;2016-03-08T01:58:32.450000;95547f1e-1d63-48d7-b851-f124cf81f09c;412.17;0.96;BUY
2016-03-08T01:58:32.317000;2016-03-08T01:58:32.470000;52fe1fb0-f278-40e8-97c4-ef7d856ace8c;412.18;0.10293098;BUY
2016-03-08T01:59:01.633000;2016-03-08T01:59:01.670000;f64916bc-8dee-4c31-b8ec-2281c6a2fd47;412.3;0.0194938;BUY
2016-03-08T01:59:01.633000;2016-03-08T01:59:01.687000;a53549f7-af59-4c5e-98bb-5842144bc4c5;412.3;0.103;BUY
2016-03-08T01:59:01.633000;2016-03-08T01:59:01.710000;b626050c-de3a-4c91-be4b-eb90e196e630;412.3;0.12;BUY
2016-03-08T01:59:01.633000;2016-03-08T01:59:01.710000;f5b07beb-b27e-41e6-8907-ed6d7b04db34;412.31;0.2204;BUY
2016-03-08T01:59:01.633000;2016-03-08T01:59:01.710000;7aab9e1e-4778-442b-88b4-55306af985a2;412.33;0.01;BUY
2016-03-08T01:59:01.633000;2016-03-08T01:59:01.773000;325da238-0cdc-4dc6-90ee-a38bf91a6546;412.35;0.01;BUY
2016-03-08T01:59:01.633000;2016-03-08T01:59:01.773000;fe3e1119-fa2f-4f14-bd40-0316c85c6c3a;412.35;0.123;BUY
2016-03-08T01:59:01.633000;2016-03-08T01:59:01.773000;84083201-b563-4414-8eae-1d4ccae0b988;412.4;0.111;BUY
2016-03-08T01:59:01.633000;2016-03-08T01:59:01.773000;326c9f87-d185-4512-ae6b-b23ad10c9578;412.45;0.077;BUY
2016-03-08T01:59:01.633000;2016-03-08T01:59:01.773000;01750d7f-dfb2-478e-857c-30db73646340;412.49;0.3517;BUY
2016-03-08T01:59:01.637000;2016-03-08T01:59:01.773000;3e15ef85-9895-4cfd-be5e-624aca4d11e1;412.5;0.01;BUY
