time_exchange;time_coinpai;guid;price;base_amount;taker_side
2016-04-13T00:00:46.000000;2016-04-13T00:00:46.000000;6c40f3bb-f723-438b-9bf6-f28710276386;426.78;1.3575;UNKNOWN
2016-04-13T00:03:26.000000;2016-04-13T00:03:26.000000;42b960e8-751d-426f-9cde-1a671dde832a;426.59;0.04637373;UNKNOWN
2016-04-13T00:03:42.000000;2016-04-13T00:03:42.000000;4f2ef5b0-7598-497e-a7ab-62f2a2cf5add;426.19;3.57;UNKNOWN
2016-04-13T00:03:42.000000;2016-04-13T00:03:42.000000;6f678032-7805-4792-a1fb-bba18ee1ce8d;426.18;5.18143009;UNKNOWN
2016-04-13T00:03:42.000000;2016-04-13T00:03:42.000000;9d6c4197-7482-4267-a6b7-2dac8f17dba4;426.59;1.68406991;UNKNOWN
2016-04-13T00:03:42.000000;2016-04-13T00:03:42.000000;0f4d2af0-3d46-4bc4-a161-3848f276da00;426.19;12.6515;UNKNOWN
2016-04-13T00:03:42.000000;2016-04-13T00:03:42.000000;178639ac-04cd-4046-a7ee-9622bf1b6f5d;426.51;9.99;UNKNOWN
2016-04-13T00:03:51.000000;2016-04-13T00:03:51.000000;8eefceec-7bb0-49fe-8f39-ec83a4873a80;426.01;8.23176907;UNKNOWN
2016-04-13T00:03:51.000000;2016-04-13T00:03:51.000000;4733e2dd-ec10-4455-9888-a5967828d980;426.03;1.02929881;UNKNOWN
2016-04-13T00:03:51.000000;2016-04-13T00:03:51.000000;cf3c4780-e3c2-4fac-accd-c5ab278d654d;426.03;5.57809978;UNKNOWN
2016-04-13T00:03:51.000000;2016-04-13T00:03:51.000000;732899a7-04b0-475f-acda-a04c12b11b83;426.01;0.01;UNKNOWN
2016-04-13T00:04:57.000000;2016-04-13T00:04:57.000000;4d5ccd8f-012f-4ad6-a7b6-599db7990d74;426.3;0.032;UNKNOWN
2016-04-13T00:06:50.000000;2016-04-13T00:06:50.000000;94f6d89b-15f2-4b15-8fa7-8d1734948a9b;426.01;0.01;UNKNOWN
2016-04-13T00:11:23.000000;2016-04-13T00:11:23.000000;16e8a707-ced0-4d87-845d-d6b76cd2936a;426.03;0.95;UNKNOWN
2016-04-13T00:12:11.000000;2016-04-13T00:12:11.000000;1c5019e5-b6d1-488c-9794-9855855b93f3;426.27;0.01;UNKNOWN
2016-04-13T00:12:24.000000;2016-04-13T00:12:24.000000;bbb7860d-86f8-47d7-87c1-6989051636e6;426.27;0.01;UNKNOWN
2016-04-13T00:15:18.000000;2016-04-13T00:15:18.000000;6e60130b-5d89-4259-9a2d-7b0c9518a237;426.01;0.03413692;UNKNOWN
2016-04-13T00:16:22.000000;2016-04-13T00:16:22.000000;32d4a978-bcc5-4abd-a997-5e9e99b47168;426.01;0.0607569;UNKNOWN
2016-04-13T00:18:54.000000;2016-04-13T00:18:54.000000;04bdf741-8b7c-4faa-8753-52be7d0c84a7;426.21;0.29810996;UNKNOWN
2016-04-13T00:20:14.000000;2016-04-13T00:20:14.000000;2060e26a-a997-43cf-b055-a531d35f8922;426.21;0.50145935;UNKNOWN
2016-04-13T00:20:15.000000;2016-04-13T00:20:15.000000;f4dd9a42-4275-4f86-af51-838c9b76d728;426.21;0.34818316;UNKNOWN
2016-04-13T00:20:16.000000;2016-04-13T00:20:16.000000;debebcc9-6fed-418c-90da-ab8f05154cfe;426.01;0.79553297;UNKNOWN
2016-04-13T00:20:17.000000;2016-04-13T00:20:17.000000;634358ed-0909-4455-803e-17cc91a62719;426.21;0.30479613;UNKNOWN
2016-04-13T00:22:22.000000;2016-04-13T00:22:22.000000;a34838b2-d76e-47bc-8e99-701bffd00f50;426.02;0.02319121;UNKNOWN
2016-04-13T00:25:08.000000;2016-04-13T00:25:08.000000;fb754394-bfe5-4e58-b230-0f9076809bc1;426.21;5.5325514;UNKNOWN
2016-04-13T00:26:08.000000;2016-04-13T00:26:08.000000;5850208b-cc01-4c5b-9fb9-a1b8b964a13b;426.86;2.4871;UNKNOWN
2016-04-13T00:26:08.000000;2016-04-13T00:26:08.000000;8b2b3311-e40e-449a-ae72-a2f15f814488;426.84;6.9719;UNKNOWN
2016-04-13T00:26:08.000000;2016-04-13T00:26:08.000000;305539b7-ceb1-4031-8562-b9625ef18181;427.0;56.47571239;UNKNOWN
2016-04-13T00:26:08.000000;2016-04-13T00:26:08.000000;c6c6ad58-ba85-484e-beac-3b5641b9290a;427.0;19.71716246;UNKNOWN
2016-04-13T00:26:08.000000;2016-04-13T00:26:08.000000;681a661e-f1fd-4e9c-bac0-ac2f2a4e8229;427.0;0.1;UNKNOWN
2016-04-13T00:26:08.000000;2016-04-13T00:26:08.000000;30c1a1cc-2d96-4879-b4d6-e23a160b3022;427.0;0.1;UNKNOWN
2016-04-13T00:26:08.000000;2016-04-13T00:26:08.000000;100dc899-dfc9-49b7-9ecb-83622dbe7853;426.83;9.45;UNKNOWN
2016-04-13T00:26:08.000000;2016-04-13T00:26:08.000000;35a91ed1-cd85-4ad5-ad46-3b5361e80567;426.88;0.176;UNKNOWN
2016-04-13T00:26:08.000000;2016-04-13T00:26:08.000000;ef52a3bd-f0fe-4113-ae64-efcfa627ae3e;426.99;9.99;UNKNOWN
2016-04-13T00:26:08.000000;2016-04-13T00:26:08.000000;109cb29c-821c-4905-a658-4cfe83b025ab;427.0;0.09;UNKNOWN
2016-04-13T00:26:11.000000;2016-04-13T00:26:11.000000;d124ab6a-3ecc-4441-a8a1-00a0f41e0191;426.52;0.47800077;UNKNOWN
2016-04-13T00:27:18.000000;2016-04-13T00:27:18.000000;f313d855-97fe-4173-813e-1647ebc81f66;426.53;0.12694902;UNKNOWN
2016-04-13T00:27:30.000000;2016-04-13T00:27:30.000000;eb18d53d-a360-4407-aa46-29f9e15794b4;427.0;0.15;UNKNOWN
2016-04-13T00:28:06.000000;2016-04-13T00:28:06.000000;110b6492-8198-4275-9436-64094a8c1ab8;426.53;0.36412593;UNKNOWN
2016-04-13T00:28:38.000000;2016-04-13T00:28:38.000000;01d86e32-dffb-47c8-8919-83fcacfdb4dc;426.53;0.63898228;UNKNOWN
2016-04-13T00:30:06.000000;2016-04-13T00:30:06.000000;d576c8cb-eac1-4c9a-9266-e6998f57b41b;426.53;2.81903951;UNKNOWN
2016-04-13T00:30:06.000000;2016-04-13T00:30:06.000000;55ce094b-a605-4106-a9a3-edd7ab9e9086;426.53;0.01;UNKNOWN
2016-04-13T00:30:15.000000;2016-04-13T00:30:15.000000;3ec1a4f7-ee29-4d50-8d6c-a10f61c9a3a7;426.89;0.06289791;UNKNOWN
2016-04-13T00:30:52.000000;2016-04-13T00:30:52.000000;6ad95228-36e7-4fd6-9d08-6709d765d822;426.86;0.03813;UNKNOWN
2016-04-13T00:31:05.000000;2016-04-13T00:31:05.000000;ffaba442-929c-4efa-9df1-07507c663ce3;426.52;0.09836815;UNKNOWN
2016-04-13T00:32:54.000000;2016-04-13T00:32:54.000000;25ba4575-71b8-45a1-8c2d-9c1d7ef8e872;426.52;0.74001508;UNKNOWN
2016-04-13T00:35:26.000000;2016-04-13T00:35:26.000000;57680bfb-06a7-4884-9c4a-71ce7ef56043;426.52;0.12366754;UNKNOWN
2016-04-13T00:36:22.000000;2016-04-13T00:36:22.000000;cbf183f9-ab5e-469e-9e9d-5fd0014ceac6;426.53;0.23375103;UNKNOWN
2016-04-13T00:41:02.000000;2016-04-13T00:41:02.000000;ab7793c0-caab-4560-b164-d3ba6ad5b14e;426.55;0.32888794;UNKNOWN
2016-04-13T00:46:27.000000;2016-04-13T00:46:27.000000;2e94ded6-876e-44bc-9ea3-90ccf1e3d1e7;426.53;0.33867436;UNKNOWN
2016-04-13T00:46:28.000000;2016-04-13T00:46:28.000000;12ea9152-76cd-4ca1-89d0-7c928f2dfb82;426.53;0.33867436;UNKNOWN
2016-04-13T00:48:22.000000;2016-04-13T00:48:22.000000;2b923305-c2ab-46c1-b5ed-a7b46642157c;426.54;0.04632602;UNKNOWN
2016-04-13T00:49:09.000000;2016-04-13T00:49:09.000000;c023c63b-5df4-41e5-a505-c61d747c7664;426.7;1.0;UNKNOWN
2016-04-13T00:50:31.000000;2016-04-13T00:50:31.000000;43cddd81-843a-4b95-a7d7-283c92064d53;426.7;0.6129;UNKNOWN
2016-04-13T00:51:02.000000;2016-04-13T00:51:02.000000;ef273a2e-1339-4efa-8623-ea1a69c9f39d;426.53;0.04604431;UNKNOWN
2016-04-13T00:51:42.000000;2016-04-13T00:51:42.000000;e1115c1c-2602-4c33-9048-0ab4a533a4a2;426.53;0.16679317;UNKNOWN
2016-04-13T00:53:34.000000;2016-04-13T00:53:34.000000;7004762c-8770-4807-b47b-76dd81e4ea55;426.56;0.02349199;UNKNOWN
2016-04-13T00:53:52.000000;2016-04-13T00:53:52.000000;1dacff18-aefb-4a3f-a250-fd09aade4936;426.56;0.05;UNKNOWN
2016-04-13T00:54:45.000000;2016-04-13T00:54:45.000000;e8a265e6-e8f1-4c05-be89-f27f256e3c11;426.7;4.6871;UNKNOWN
2016-04-13T00:55:04.000000;2016-04-13T00:55:04.000000;0894c527-6f06-4fed-9e22-067a3b1668e2;426.89;0.4;UNKNOWN
2016-04-13T00:55:18.000000;2016-04-13T00:55:18.000000;51add9c2-b26c-4c18-a368-64cd84152d87;426.9;0.05872585;UNKNOWN
2016-04-13T00:56:08.000000;2016-04-13T00:56:08.000000;32334445-2ffd-4947-bac7-81bb78370ff8;426.99;0.05;UNKNOWN
2016-04-13T00:57:20.000000;2016-04-13T00:57:20.000000;8baa9556-04ab-40ba-92c4-adf2d41d644e;427.0;1.0;UNKNOWN
2016-04-13T00:57:26.000000;2016-04-13T00:57:26.000000;0e24236c-8034-4ee1-8ec7-c5743031aff8;426.92;0.07180533;UNKNOWN
2016-04-13T00:58:07.000000;2016-04-13T00:58:07.000000;8c154dcc-f433-456f-bfeb-efd737106d86;427.0;4.0;UNKNOWN
2016-04-13T00:59:03.000000;2016-04-13T00:59:03.000000;3e14cc74-c764-4b17-a9dd-18f53ce3560e;426.92;0.05;UNKNOWN
2016-04-13T01:01:12.000000;2016-04-13T01:01:12.000000;d446e897-6215-4624-a3e8-1b3295cebfac;426.93;0.06917257;UNKNOWN
2016-04-13T01:01:46.000000;2016-04-13T01:01:46.000000;ac3d8d4b-0aab-4cbf-b016-2487c74352d7;426.93;0.10859545;UNKNOWN
2016-04-13T01:01:59.000000;2016-04-13T01:01:59.000000;283933d7-7f2d-4883-9757-88e6bd709b04;426.93;0.044;UNKNOWN
2016-04-13T01:02:14.000000;2016-04-13T01:02:14.000000;41f8b50e-48b1-414d-ad39-1e8e4e046c3e;426.93;0.0597562;UNKNOWN
2016-04-13T01:05:26.000000;2016-04-13T01:05:26.000000;8403511c-8987-4fd2-8f5e-90e1a4a007c8;426.96;0.05852059;UNKNOWN
2016-04-13T01:08:05.000000;2016-04-13T01:08:05.000000;b4dbddf7-986e-48cc-a81b-d8e0bfafa06f;427.0;1.05843981;UNKNOWN
2016-04-13T01:09:18.000000;2016-04-13T01:09:18.000000;c0619e3f-4b96-485c-8c58-dd6c3623cdc8;426.94;0.02346778;UNKNOWN
2016-04-13T01:12:39.000000;2016-04-13T01:12:39.000000;2ef2e61a-4cc2-4536-9f51-c33a1740a14f;426.94;0.33760568;UNKNOWN
2016-04-13T01:12:54.000000;2016-04-13T01:12:54.000000;e83e9015-4d67-416b-8905-f5e214f3408a;426.94;0.213;UNKNOWN
2016-04-13T01:13:04.000000;2016-04-13T01:13:04.000000;6eecf089-65c6-4578-a50d-28d1bc4be2c3;426.94;1.42418729;UNKNOWN
2016-04-13T01:13:40.000000;2016-04-13T01:13:40.000000;c59c4377-cf97-4598-9664-57fb0a54996d;427.0;0.29;UNKNOWN
2016-04-13T01:13:40.000000;2016-04-13T01:13:40.000000;54570b52-982d-4ee7-afb3-1b4042cbc394;427.24;1.1941522;UNKNOWN
2016-04-13T01:13:40.000000;2016-04-13T01:13:40.000000;858d82de-684f-4c91-b663-083c4f4e00fd;427.2;0.1;UNKNOWN
2016-04-13T01:13:40.000000;2016-04-13T01:13:40.000000;c1ec0aea-21b6-4955-806e-d89b0fcce96c;427.0;37.3158478;UNKNOWN
2016-04-13T01:13:40.000000;2016-04-13T01:13:40.000000;308ad6c8-7da7-445b-b5ed-57d5e414ff64;427.21;0.1;UNKNOWN
2016-04-13T01:13:57.000000;2016-04-13T01:13:57.000000;280ffb36-9708-44fc-a021-61579a0f9492;427.28;4.77929378;UNKNOWN
2016-04-13T01:13:57.000000;2016-04-13T01:13:57.000000;73ae5eac-a812-40ab-81da-5b0b8ddea6bb;427.09;1.4152;UNKNOWN
2016-04-13T01:14:22.000000;2016-04-13T01:14:22.000000;7f864f15-fe39-4d6d-8f57-23921f99c62c;426.93;0.1079644;UNKNOWN
2016-04-13T01:14:24.000000;2016-04-13T01:14:24.000000;78c714ba-2514-43aa-9e9e-94750e3e0912;426.93;0.3405085;UNKNOWN
2016-04-13T01:14:25.000000;2016-04-13T01:14:25.000000;d520c799-0b8d-472c-825b-9d56a4cd5172;427.24;0.33882137;UNKNOWN
2016-04-13T01:15:36.000000;2016-04-13T01:15:36.000000;ed90b198-da4a-4443-a3e5-66d2d8e82af3;426.93;3.0524729;UNKNOWN
2016-04-13T01:15:36.000000;2016-04-13T01:15:36.000000;878550ae-25c0-49b7-b224-37078160c932;426.93;0.2515271;UNKNOWN
2016-04-13T01:15:57.000000;2016-04-13T01:15:57.000000;8e81f106-26b8-4e1f-903a-f1c10b52d2aa;426.94;0.05;UNKNOWN
2016-04-13T01:16:05.000000;2016-04-13T01:16:05.000000;b865c1e5-997d-49f0-a681-a16cfa19f343;426.94;0.1;UNKNOWN
2016-04-13T01:17:37.000000;2016-04-13T01:17:37.000000;9a70eb71-ec55-46e6-8657-4b7f53293470;427.18;3.3782;UNKNOWN
2016-04-13T01:17:37.000000;2016-04-13T01:17:37.000000;05114ac4-178e-4609-a218-2631e8f3a2f4;427.4;4.1471139;UNKNOWN
2016-04-13T01:17:37.000000;2016-04-13T01:17:37.000000;6c6eb41b-dbf6-48c3-bb4d-ef13bcc5d42f;427.3;0.1;UNKNOWN
2016-04-13T01:17:37.000000;2016-04-13T01:17:37.000000;ecdea40b-fb23-47d0-b752-eacf3aa0e893;427.3;4.1121837;UNKNOWN
2016-04-13T01:17:37.000000;2016-04-13T01:17:37.000000;b09207b7-50d6-4fe7-8cca-572dc7074705;427.36;0.1;UNKNOWN
2016-04-13T01:17:37.000000;2016-04-13T01:17:37.000000;fa332c14-fb76-4f3f-a3b3-abec852b1508;427.36;0.1;UNKNOWN
2016-04-13T01:17:37.000000;2016-04-13T01:17:37.000000;f5b10ee1-521d-4da0-ada0-f951c604a78a;427.18;7.0081;UNKNOWN
2016-04-13T01:17:37.000000;2016-04-13T01:17:37.000000;b0f01142-4cce-4bac-810c-2dfa3823cbc0;427.36;0.1;UNKNOWN
2016-04-13T01:18:51.000000;2016-04-13T01:18:51.000000;0aa7a6de-00f3-4b82-af44-f09cc0018d9f;427.48;0.34278535;UNKNOWN
2016-04-13T01:18:51.000000;2016-04-13T01:18:51.000000;9e8bbfcd-7c10-4e3a-8c37-e1ba0d468b8b;427.48;0.34282728;UNKNOWN
2016-04-13T01:18:53.000000;2016-04-13T01:18:53.000000;7a980bb6-616d-42d8-92ef-11a84a935760;427.48;0.34278535;UNKNOWN
2016-04-13T01:21:10.000000;2016-04-13T01:21:10.000000;a22331e6-25ce-47cb-93df-96e61b206dae;427.47;6.0;UNKNOWN
2016-04-13T01:21:10.000000;2016-04-13T01:21:10.000000;9d3ae960-0d41-4454-a8a6-d6ce3c150496;427.47;13.0;UNKNOWN
2016-04-13T01:21:11.000000;2016-04-13T01:21:11.000000;a430ea58-2871-406c-835d-9610fcbc3fc8;427.47;25.49627963;UNKNOWN
2016-04-13T01:21:37.000000;2016-04-13T01:21:37.000000;10bd5674-8523-467d-99dc-49f310e18869;426.96;0.07244075;UNKNOWN
2016-04-13T01:21:37.000000;2016-04-13T01:21:37.000000;235cdd7a-317b-4915-80b0-0c69be059a7c;427.11;0.01;UNKNOWN
2016-04-13T01:22:22.000000;2016-04-13T01:22:22.000000;47e88e76-9ce3-48f8-af0e-794a288cfa62;426.96;0.69424104;UNKNOWN
2016-04-13T01:24:04.000000;2016-04-13T01:24:04.000000;c1a95091-6c64-4c5a-9708-1643082c2d14;426.96;0.60496296;UNKNOWN
2016-04-13T01:24:05.000000;2016-04-13T01:24:05.000000;1bf44382-2809-4e02-b006-5d9d2792101c;426.96;0.05300451;UNKNOWN
2016-04-13T01:24:07.000000;2016-04-13T01:24:07.000000;5d53cefa-1ed5-4645-9ee6-100767fbc843;426.96;0.03975355;UNKNOWN
2016-04-13T01:24:15.000000;2016-04-13T01:24:15.000000;45b744e3-1485-4224-a5b9-38c3fe71dbfd;426.96;0.53064256;UNKNOWN
2016-04-13T01:24:15.000000;2016-04-13T01:24:15.000000;e168915a-d3b0-4bb2-8740-2497af3231c9;426.96;0.02981526;UNKNOWN
2016-04-13T01:25:29.000000;2016-04-13T01:25:29.000000;7c499b12-1bd9-43d5-882d-08509bf889e9;426.99;0.05;UNKNOWN
2016-04-13T01:27:40.000000;2016-04-13T01:27:40.000000;e6a247e4-88f2-4fab-917e-11f79b7bf67a;426.96;4.5722;UNKNOWN
2016-04-13T01:27:49.000000;2016-04-13T01:27:49.000000;9f71671b-5e1c-45c4-b8cf-258b09767686;426.96;0.01;UNKNOWN
2016-04-13T01:28:46.000000;2016-04-13T01:28:46.000000;c6ae8953-6995-4dbf-a4b9-003dbdab48cf;426.96;0.23468333;UNKNOWN
2016-04-13T01:28:55.000000;2016-04-13T01:28:55.000000;0d372bcb-7582-4211-aaea-ac9a0d05e780;426.99;0.01;UNKNOWN
2016-04-13T01:29:04.000000;2016-04-13T01:29:04.000000;2858d2dd-46ba-45d9-8f35-1b5243384f14;426.96;0.01;UNKNOWN
2016-04-13T01:31:05.000000;2016-04-13T01:31:05.000000;107b0183-c47b-40cb-aa6f-d5f72fbdd90f;426.96;0.48185895;UNKNOWN
2016-04-13T01:33:26.000000;2016-04-13T01:33:26.000000;207cd004-cab6-4772-9bf3-dadfc97c3d21;426.96;0.06240247;UNKNOWN
2016-04-13T01:39:18.000000;2016-04-13T01:39:18.000000;dd287a64-6a18-47f3-a382-98817354c21a;426.98;0.0325;UNKNOWN
2016-04-13T01:39:18.000000;2016-04-13T01:39:18.000000;d099dc7d-b77b-4d8a-8995-15694d94c616;426.99;4.44;UNKNOWN
2016-04-13T01:39:18.000000;2016-04-13T01:39:18.000000;f3f5e209-bd0f-4180-bd6b-a93f2caefaa4;427.13;5.5275;UNKNOWN
2016-04-13T01:39:23.000000;2016-04-13T01:39:23.000000;108c2cb6-3d21-45db-9572-0f6a594fadad;427.22;0.01;UNKNOWN
2016-04-13T01:39:26.000000;2016-04-13T01:39:26.000000;196787d3-6524-43c9-be7f-80b37577ffcb;426.96;14.30499462;UNKNOWN
2016-04-13T01:39:26.000000;2016-04-13T01:39:26.000000;f017e29c-56b1-4646-8ab9-26b2f62b8cd2;426.95;1.46550538;UNKNOWN
2016-04-13T01:39:26.000000;2016-04-13T01:39:26.000000;d8af5335-6f62-483c-8eae-914226ebf6e5;426.96;6.88;UNKNOWN
2016-04-13T01:41:10.000000;2016-04-13T01:41:10.000000;ac51972d-d864-4ad7-b25e-400732e885a3;426.95;0.014;UNKNOWN
2016-04-13T01:42:15.000000;2016-04-13T01:42:15.000000;744f4761-e3aa-4a65-82f4-c4e6ddf2132a;426.95;0.3;UNKNOWN
2016-04-13T01:42:28.000000;2016-04-13T01:42:28.000000;a36fbfdb-9846-42b0-921d-5007d3dfdff8;426.95;4.0;UNKNOWN
2016-04-13T01:44:08.000000;2016-04-13T01:44:08.000000;e9f94634-3ab2-48e8-8277-4d4ea9e18141;427.28;9.9142;UNKNOWN
2016-04-13T01:44:08.000000;2016-04-13T01:44:08.000000;7c420e58-9b11-4723-b8d6-7e8cabf3b85b;426.97;6.9846;UNKNOWN
2016-04-13T01:44:08.000000;2016-04-13T01:44:08.000000;aaeb9e1d-87cf-4ff5-a821-174d54d26e7a;426.96;2.65;UNKNOWN
2016-04-13T01:44:08.000000;2016-04-13T01:44:08.000000;58e7c456-7b41-4d05-8d26-df7859154253;427.27;11.5058;UNKNOWN
2016-04-13T01:44:08.000000;2016-04-13T01:44:08.000000;ec3d292b-bf38-4733-a843-415bd5a8eeb1;427.27;3.57;UNKNOWN
2016-04-13T01:44:11.000000;2016-04-13T01:44:11.000000;78eb75d9-74fb-4e5e-8647-bbc26685fed7;427.01;0.02469;UNKNOWN
2016-04-13T01:44:11.000000;2016-04-13T01:44:11.000000;404bcc51-25da-4ede-b8d5-4b0a49676545;427.49;0.014;UNKNOWN
2016-04-13T01:45:00.000000;2016-04-13T01:45:00.000000;5e9440bf-dfa8-42d1-aef5-4b6a7f57a394;427.01;0.01;UNKNOWN
2016-04-13T01:45:11.000000;2016-04-13T01:45:11.000000;37fbbf84-7acc-453e-b110-f08a22c87f14;427.01;0.02469;UNKNOWN
2016-04-13T01:45:25.000000;2016-04-13T01:45:25.000000;147f6927-70c8-4363-9728-e8ff261f4b1f;427.01;0.02469;UNKNOWN
2016-04-13T01:45:39.000000;2016-04-13T01:45:39.000000;5ba5c057-b299-40d8-81a8-a732a369c32f;427.01;0.02469;UNKNOWN
2016-04-13T01:47:06.000000;2016-04-13T01:47:06.000000;5b725fb2-5312-40ca-9a6b-a4cee1646d87;427.01;1.8580705;UNKNOWN
2016-04-13T01:47:24.000000;2016-04-13T01:47:24.000000;c6060e43-5612-46a9-a968-a601dc29b9ab;427.36;0.01;UNKNOWN
2016-04-13T01:47:46.000000;2016-04-13T01:47:46.000000;3de11e48-708f-41eb-91ec-dd71f12668f8;427.02;0.01;UNKNOWN
2016-04-13T01:48:03.000000;2016-04-13T01:48:03.000000;ca8f668d-1949-4c78-bb7e-8bf6daf33426;427.01;0.3507;UNKNOWN
2016-04-13T01:50:21.000000;2016-04-13T01:50:21.000000;f3e7ed95-a893-4c8b-bb48-94b5be90e78d;427.27;0.01;UNKNOWN
2016-04-13T01:50:24.000000;2016-04-13T01:50:24.000000;983ae1aa-f3b9-4bd0-89d5-5e5dd3d6a0ae;427.27;0.09887;UNKNOWN
2016-04-13T01:50:25.000000;2016-04-13T01:50:25.000000;f7143330-386b-4854-8f58-a2fa9f6ef682;427.02;0.01;UNKNOWN
2016-04-13T01:52:35.000000;2016-04-13T01:52:35.000000;416b77e7-cf93-4dc0-98c9-1b9e80e34774;427.29;3.0145;UNKNOWN
2016-04-13T01:52:35.000000;2016-04-13T01:52:35.000000;601bd2b0-f2b3-46ba-a568-2b2ef110595b;427.28;6.9855;UNKNOWN
2016-04-13T01:53:32.000000;2016-04-13T01:53:32.000000;9599618f-4ec2-4050-80b6-36db0fd66e88;427.41;0.01;UNKNOWN
2016-04-13T01:55:25.000000;2016-04-13T01:55:25.000000;7a6efe54-32ca-44fb-8ba4-8df771cf5b0e;427.4;0.01;UNKNOWN
2016-04-13T01:56:22.000000;2016-04-13T01:56:22.000000;6b9157da-06da-499b-894e-5c63b493e808;427.02;0.32628352;UNKNOWN
2016-04-13T01:56:22.000000;2016-04-13T01:56:22.000000;8f044cdd-aac5-4f47-89c4-2b224e961095;427.4;0.03286363;UNKNOWN
2016-04-13T01:58:51.000000;2016-04-13T01:58:51.000000;a759742f-56af-4e7b-baf0-3ebe2d12af4a;427.3;6.9695;UNKNOWN
2016-04-13T01:58:51.000000;2016-04-13T01:58:51.000000;a292c387-3619-45b0-9db5-51fafced0fb5;427.49;3.17864055;UNKNOWN
2016-04-13T01:58:51.000000;2016-04-13T01:58:51.000000;5b3cb3ec-972b-4348-a1f5-3516f2dd692c;427.48;28.3527;UNKNOWN
2016-04-13T01:58:51.000000;2016-04-13T01:58:51.000000;dae675f8-1f1f-43d7-ab09-bd73c70d835f;427.49;0.1;UNKNOWN
2016-04-13T01:58:51.000000;2016-04-13T01:58:51.000000;cce73c29-a1bb-482a-91a2-01d733395a87;427.49;0.086;UNKNOWN
2016-04-13T01:58:51.000000;2016-04-13T01:58:51.000000;1e482cb0-b72d-414b-abd4-53e294a006d9;427.5;0.01;UNKNOWN
2016-04-13T01:58:51.000000;2016-04-13T01:58:51.000000;49d6d41f-b813-49fe-b691-4a034029fa84;427.5;50.0;UNKNOWN
2016-04-13T01:58:51.000000;2016-04-13T01:58:51.000000;4591cf41-9366-4a26-bc2b-8185c01bef19;427.5;0.0396;UNKNOWN
2016-04-13T01:58:51.000000;2016-04-13T01:58:51.000000;fb2fb75d-e4f0-4f28-b4a3-952994359f3d;427.6;9.0615;UNKNOWN
2016-04-13T01:58:51.000000;2016-04-13T01:58:51.000000;ba50cc58-a06c-4109-a3a3-c28670960a09;427.54;0.02;UNKNOWN
2016-04-13T01:58:51.000000;2016-04-13T01:58:51.000000;6016acb8-6898-4270-8740-128a0a3989c6;427.66;2.18205945;UNKNOWN
2016-04-13T01:58:57.000000;2016-04-13T01:58:57.000000;3c72bfca-69fb-4e35-8939-ad41a9dbd1fa;427.68;0.01;UNKNOWN
2016-04-13T01:59:03.000000;2016-04-13T01:59:03.000000;d4aed5b2-a078-4a32-a679-8254103cd9fc;427.65;0.0439859;UNKNOWN
2016-04-13T01:59:03.000000;2016-04-13T01:59:03.000000;688e43c5-de0b-4f87-b038-033524556322;427.65;0.05831271;UNKNOWN
2016-04-13T02:00:05.000000;2016-04-13T02:00:05.000000;3711ea9a-4db0-410b-969d-fd68ed8b04fd;427.66;0.01;UNKNOWN
2016-04-13T02:00:14.000000;2016-04-13T02:00:14.000000;03d1524f-c27c-4bdd-bbcd-e6a891d67668;427.21;0.01;UNKNOWN
2016-04-13T02:01:46.000000;2016-04-13T02:01:46.000000;efbe4822-7c20-485d-b584-9198c348324a;427.21;0.01;UNKNOWN
2016-04-13T02:12:04.000000;2016-04-13T02:12:04.000000;612d9417-8a4d-44bf-9e46-130603b4edbd;427.55;5.0;UNKNOWN
2016-04-13T02:14:16.000000;2016-04-13T02:14:16.000000;3a3d5bf6-76f4-4225-8928-ba2f764fa351;427.49;0.01541959;UNKNOWN
2016-04-13T02:14:16.000000;2016-04-13T02:14:16.000000;091fac89-a657-4920-9d39-96d05f6963d5;427.22;0.98408041;UNKNOWN
2016-04-13T02:15:09.000000;2016-04-13T02:15:09.000000;77ffb5fd-a994-42af-8289-9e881f7af8fe;427.49;0.01;UNKNOWN
2016-04-13T02:15:43.000000;2016-04-13T02:15:43.000000;b266763d-c00c-471f-a565-62e4ed14971b;427.22;0.49975;UNKNOWN
2016-04-13T02:16:04.000000;2016-04-13T02:16:04.000000;4d1ad19e-d281-4d10-b032-e7ef8e302f80;427.22;0.1;UNKNOWN
2016-04-13T02:17:35.000000;2016-04-13T02:17:35.000000;229b93e5-37c4-4808-99ea-05d3430ec097;427.39;1.351;UNKNOWN
2016-04-13T02:19:04.000000;2016-04-13T02:19:04.000000;d2e798a4-1e9f-463c-a195-090c3d0dda68;427.39;3.1;UNKNOWN
2016-04-13T02:20:05.000000;2016-04-13T02:20:05.000000;3f844e05-782a-4574-8701-377c8b312948;427.38;0.07067769;UNKNOWN
2016-04-13T02:20:06.000000;2016-04-13T02:20:06.000000;df42bcd0-0bad-4ae5-ad2d-573ed77a7641;427.38;1.0;UNKNOWN
2016-04-13T02:21:04.000000;2016-04-13T02:21:04.000000;d23732be-f1d7-4532-aa79-04f71e7ec00d;427.38;0.70657846;UNKNOWN
2016-04-13T02:21:05.000000;2016-04-13T02:21:05.000000;1f234de5-2a1c-4760-9611-e1a0a312d614;427.38;4.1;UNKNOWN
2016-04-13T02:22:04.000000;2016-04-13T02:22:04.000000;92e1099a-98b8-4b35-bb9d-4533fe086fa7;427.4;1.5;UNKNOWN
2016-04-13T02:22:26.000000;2016-04-13T02:22:26.000000;c747a3aa-f80c-4625-8ff2-3375df614b3e;427.4;0.01;UNKNOWN
2016-04-13T02:23:03.000000;2016-04-13T02:23:03.000000;231de7d3-5b65-4c17-aede-98554cf9ec7c;427.4;0.09171457;UNKNOWN
2016-04-13T02:24:04.000000;2016-04-13T02:24:04.000000;6106d422-e79d-40c7-add8-a7f8c0198377;427.6;0.15416115;UNKNOWN
2016-04-13T02:24:04.000000;2016-04-13T02:24:04.000000;b1b2f00b-407b-4279-a4c0-dad7e469fcea;427.4;1.84583885;UNKNOWN
2016-04-13T02:25:04.000000;2016-04-13T02:25:04.000000;5fbd3a07-ebbb-4ecb-a6ba-225efa1734f1;427.62;0.35328673;UNKNOWN
2016-04-13T02:25:05.000000;2016-04-13T02:25:05.000000;121461cc-c541-4733-9ea7-b734b0f4fc10;427.65;0.01;UNKNOWN
2016-04-13T02:25:05.000000;2016-04-13T02:25:05.000000;b0b4678c-2634-4d66-93df-541988e68d18;427.68;0.00057312;UNKNOWN
2016-04-13T02:26:03.000000;2016-04-13T02:26:03.000000;ead90cea-c2bd-4a3d-820c-9ecaececb211;427.64;1.41043456;UNKNOWN
2016-04-13T02:27:04.000000;2016-04-13T02:27:04.000000;3e582d4e-c5e7-47bb-b938-e073f9c1cd1c;427.56;0.35296987;UNKNOWN
2016-04-13T02:27:05.000000;2016-04-13T02:27:05.000000;c0797880-fa9d-4fcb-a671-6a8e26e05abb;427.53;2.0;UNKNOWN
2016-04-13T02:27:18.000000;2016-04-13T02:27:18.000000;806debc2-0180-483e-ba21-152d095af8fd;427.56;0.01;UNKNOWN
2016-04-13T02:30:15.000000;2016-04-13T02:30:15.000000;ba3242f7-1595-4755-9be9-aa952d4fa735;427.53;1.7127;UNKNOWN
2016-04-13T02:33:26.000000;2016-04-13T02:33:26.000000;312584f8-5293-4d3a-a907-e1df9603f740;427.22;0.01;UNKNOWN
2016-04-13T02:35:13.000000;2016-04-13T02:35:13.000000;69fd56ff-d437-423d-a662-b40962141d97;427.35;0.01;UNKNOWN
2016-04-13T02:36:21.000000;2016-04-13T02:36:21.000000;1d698565-23cb-4a17-9dbc-f1afb0deb2a2;427.38;0.01;UNKNOWN
2016-04-13T02:38:04.000000;2016-04-13T02:38:04.000000;598f88f4-3317-4ee5-8baf-3a793eb6139a;427.22;0.02244638;UNKNOWN
2016-04-13T02:38:06.000000;2016-04-13T02:38:06.000000;175d2b64-7a93-4084-850a-6272d58911e2;427.38;0.05482185;UNKNOWN
2016-04-13T02:39:16.000000;2016-04-13T02:39:16.000000;2d8a277e-50d0-4e51-b0ef-80013ce9f413;427.52;0.08203077;UNKNOWN
2016-04-13T02:39:16.000000;2016-04-13T02:39:16.000000;fc80c6ea-0395-46f0-bb95-6667c28c8052;427.52;0.16598946;UNKNOWN
2016-04-13T02:39:43.000000;2016-04-13T02:39:43.000000;b8716cdf-cf71-4f1a-9f27-e78fa4276f41;427.22;1.0;UNKNOWN
2016-04-13T02:39:45.000000;2016-04-13T02:39:45.000000;94968202-5db7-424f-8ada-248e3ddcc63b;427.22;0.01;UNKNOWN
2016-04-13T02:40:34.000000;2016-04-13T02:40:34.000000;2e04e4dc-8437-43b7-b35f-54fd7af4575a;427.22;0.032;UNKNOWN
2016-04-13T02:41:21.000000;2016-04-13T02:41:21.000000;5ceddaa9-0c17-4784-8ff4-dfb05596b25c;427.62;0.06187271;UNKNOWN
2016-04-13T02:42:34.000000;2016-04-13T02:42:34.000000;980849bc-6104-40ea-aca3-8f9ec9771e55;427.62;0.06278721;UNKNOWN
2016-04-13T02:42:38.000000;2016-04-13T02:42:38.000000;a7ba7b68-c26c-4a80-82e5-403d7ed31ea1;427.6;0.07204643;UNKNOWN
2016-04-13T02:42:40.000000;2016-04-13T02:42:40.000000;5d6cdd16-5c00-4b2e-a4b7-9743dbad5602;427.6;0.04849293;UNKNOWN
2016-04-13T02:42:42.000000;2016-04-13T02:42:42.000000;e3051fdf-02ff-4ed6-810c-8249cc8931fa;427.6;0.05460551;UNKNOWN
2016-04-13T02:42:44.000000;2016-04-13T02:42:44.000000;52f4e33d-cb43-4e96-be80-5248af41b52b;427.6;0.01681816;UNKNOWN
2016-04-13T02:42:45.000000;2016-04-13T02:42:45.000000;e31fa9fb-2f4f-4ee6-93b8-655d30aa0fc3;427.6;0.01681816;UNKNOWN
2016-04-13T02:42:52.000000;2016-04-13T02:42:52.000000;b045e545-5aba-43bf-b781-06e9270717b3;427.58;0.12354671;UNKNOWN
2016-04-13T02:42:55.000000;2016-04-13T02:42:55.000000;2c01f79a-db01-412f-ba37-4b051cf58b80;427.57;0.07358313;UNKNOWN
2016-04-13T02:43:06.000000;2016-04-13T02:43:06.000000;c62deb84-ff74-43c9-8700-eb2586b1916e;427.54;0.02542213;UNKNOWN
2016-04-13T02:43:11.000000;2016-04-13T02:43:11.000000;3f45dbfc-5fb6-4367-badf-003b493e211e;427.56;0.20287362;UNKNOWN
2016-04-13T02:43:16.000000;2016-04-13T02:43:16.000000;a4c8833a-bcfe-46ef-a10e-f4b4dd340a11;427.68;0.07377807;UNKNOWN
2016-04-13T02:43:17.000000;2016-04-13T02:43:17.000000;95e4cd99-37c9-4298-8d57-7e32e62cd7bb;427.67;0.03607556;UNKNOWN
2016-04-13T02:43:18.000000;2016-04-13T02:43:18.000000;43ea8c68-33f3-4b68-b3c1-1037a0fd0188;427.66;0.07341562;UNKNOWN
2016-04-13T02:43:22.000000;2016-04-13T02:43:22.000000;1bd31f95-fb28-4b0d-8501-aee9cc4d1e2d;427.68;0.01558628;UNKNOWN
2016-04-13T02:43:25.000000;2016-04-13T02:43:25.000000;f63384ed-6455-47a2-924b-dbe6873f75b9;427.68;6.253e-05;UNKNOWN
2016-04-13T02:43:25.000000;2016-04-13T02:43:25.000000;fe863d2f-29d5-484c-872d-f797dc8f55b0;427.68;0.01552375;UNKNOWN
2016-04-13T02:43:27.000000;2016-04-13T02:43:27.000000;ca924192-5738-418c-9933-56af6b21bdca;427.68;0.14561713;UNKNOWN
2016-04-13T02:43:31.000000;2016-04-13T02:43:31.000000;71b2c562-2097-4a96-a3ff-c3145a329cba;427.68;0.14561713;UNKNOWN
2016-04-13T02:43:34.000000;2016-04-13T02:43:34.000000;a9ecf2f3-1958-4a74-8237-a52f25d5ad26;427.68;0.04334069;UNKNOWN
2016-04-13T02:43:37.000000;2016-04-13T02:43:37.000000;016b74b1-6f54-460f-94c9-640529734435;427.68;0.03176418;UNKNOWN
2016-04-13T02:43:53.000000;2016-04-13T02:43:53.000000;b7b08df5-1b67-49f9-982c-b7cdc1b41af0;427.68;0.96962474;UNKNOWN
2016-04-13T02:43:58.000000;2016-04-13T02:43:58.000000;272c06ce-57bf-486e-bfb5-e5a03a8d1535;427.68;0.19361177;UNKNOWN
2016-04-13T02:44:39.000000;2016-04-13T02:44:39.000000;20963f19-4ac3-480e-991e-011af7a88e88;427.68;0.04938611;UNKNOWN
2016-04-13T02:47:40.000000;2016-04-13T02:47:40.000000;36a6d16f-3bd0-4961-b50f-eba37a1b4f42;427.67;0.10956485;UNKNOWN
2016-04-13T02:47:40.000000;2016-04-13T02:47:40.000000;a6de6f23-b05e-4db3-920e-586e94a21b17;427.64;0.0755824;UNKNOWN
2016-04-13T02:47:40.000000;2016-04-13T02:47:40.000000;31803f6b-ce8d-4a6a-a90c-d6580571742b;427.55;0.0470888;UNKNOWN
2016-04-13T02:47:40.000000;2016-04-13T02:47:40.000000;ddbd1258-7ad9-4abe-9a34-375664e42486;427.54;0.20567106;UNKNOWN
2016-04-13T02:47:40.000000;2016-04-13T02:47:40.000000;10955580-2354-4804-9c9e-ee533e463105;427.32;1.56209289;UNKNOWN
2016-04-13T02:49:43.000000;2016-04-13T02:49:43.000000;b09b2b7f-14be-43e3-be75-2ec269bb007b;427.25;0.01;UNKNOWN
2016-04-13T02:54:25.000000;2016-04-13T02:54:25.000000;1187a841-c137-415a-ae2f-7d61beb9917a;427.02;13.866;UNKNOWN
2016-04-13T02:54:25.000000;2016-04-13T02:54:25.000000;052cf16b-de7c-4d8c-95c3-366498002819;427.09;4.55259384;UNKNOWN
2016-04-13T02:54:25.000000;2016-04-13T02:54:25.000000;b5c296e5-1523-4559-a442-a8172810a631;427.14;4.55331937;UNKNOWN
2016-04-13T02:54:25.000000;2016-04-13T02:54:25.000000;b2b1538c-1455-4b2c-8aa2-a7e1806b8ccc;427.22;6.96;UNKNOWN
2016-04-13T02:54:25.000000;2016-04-13T02:54:25.000000;3b40b804-3193-44f9-b61c-5bd1b965951c;427.09;4.55259384;UNKNOWN
2016-04-13T02:54:25.000000;2016-04-13T02:54:25.000000;c4462f91-a1e7-4ef3-a9d4-38c0aa51f75e;427.23;0.059;UNKNOWN
2016-04-13T02:54:25.000000;2016-04-13T02:54:25.000000;0ea6aabf-7325-4a4e-a0b1-cf64d0566ea8;427.2;4.55331937;UNKNOWN
2016-04-13T02:54:25.000000;2016-04-13T02:54:25.000000;a1971fad-2f95-47a3-b7e3-87ddd4396034;427.21;2.3;UNKNOWN
2016-04-13T02:54:25.000000;2016-04-13T02:54:25.000000;a136246d-c2a3-4296-b4e2-2330d179a982;427.24;4.54721142;UNKNOWN
2016-04-13T02:54:25.000000;2016-04-13T02:54:25.000000;61655c10-457a-4ee7-9715-07a50b515cb4;427.03;4.55311205;UNKNOWN
2016-04-13T02:54:25.000000;2016-04-13T02:54:25.000000;ad2574b8-057d-4b5f-bd53-f98d745614e1;427.24;11.411;UNKNOWN
2016-04-13T02:54:25.000000;2016-04-13T02:54:25.000000;869166f5-c29b-445f-9bc9-faf7cebdc3ec;427.24;4.54721142;UNKNOWN
2016-04-13T02:54:25.000000;2016-04-13T02:54:25.000000;6a1a3c52-0491-48e2-a2d7-2fa768d649f7;427.01;10.89001585;UNKNOWN
2016-04-13T02:54:25.000000;2016-04-13T02:54:25.000000;c38d3e81-9466-489c-94b4-b2fd8f84e8e8;427.24;4.54721142;UNKNOWN
2016-04-13T02:54:25.000000;2016-04-13T02:54:25.000000;12c71e72-cc30-4a1d-a115-392099d74e19;427.17;13.5602;UNKNOWN
2016-04-13T02:54:25.000000;2016-04-13T02:54:25.000000;f1ef9a22-1b80-4983-a558-b8092f9efad6;427.24;4.54721142;UNKNOWN
2016-04-13T02:55:08.000000;2016-04-13T02:55:08.000000;c6095b8f-c893-483a-a39c-128be85600f9;427.07;0.66485393;UNKNOWN
2016-04-13T02:56:46.000000;2016-04-13T02:56:46.000000;c267658e-cdc6-4d17-afe5-5835093d3d95;427.07;3.527;UNKNOWN
2016-04-13T02:57:22.000000;2016-04-13T02:57:22.000000;160cdc05-d999-46d7-8685-5739c9b14021;427.01;0.01;UNKNOWN
2016-04-13T02:58:46.000000;2016-04-13T02:58:46.000000;40ffafb3-cf54-4073-ac1d-90d44475d015;426.62;11.71980117;UNKNOWN
2016-04-13T02:58:46.000000;2016-04-13T02:58:46.000000;7240fae3-499d-4e0f-af77-2af1d53f5682;427.0;49.99;UNKNOWN
2016-04-13T02:58:46.000000;2016-04-13T02:58:46.000000;d67a0d91-7a40-4c9f-8da1-feb71e1de86d;427.01;2.13785365;UNKNOWN
2016-04-13T02:58:46.000000;2016-04-13T02:58:46.000000;02f4f1d7-558d-4f1e-a094-ce5b47fd090d;427.02;7.0232;UNKNOWN
2016-04-13T02:58:46.000000;2016-04-13T02:58:46.000000;27fb7d7c-d1f1-49b4-a5b3-7f88f64947af;426.95;0.22049462;UNKNOWN
2016-04-13T02:58:46.000000;2016-04-13T02:58:46.000000;5547a6fc-3495-4fc1-a903-d311c735cfca;426.79;6.74864055;UNKNOWN
2016-04-13T02:58:46.000000;2016-04-13T02:58:46.000000;5c395061-94a2-498e-a828-e2117cd6ccf8;426.78;15.9262;UNKNOWN
2016-04-13T02:58:46.000000;2016-04-13T02:58:46.000000;568779f3-85f8-4ad3-aaa8-d447664c51ff;426.64;3.57;UNKNOWN
2016-04-13T02:58:46.000000;2016-04-13T02:58:46.000000;f21e959e-fe8f-44e2-9332-11e3caa271c1;426.92;1.47819467;UNKNOWN
2016-04-13T02:58:46.000000;2016-04-13T02:58:46.000000;e6adca26-7ef6-4187-8c16-eb3da530beaf;427.24;3.042359;UNKNOWN
2016-04-13T02:58:46.000000;2016-04-13T02:58:46.000000;17d3852b-c32d-42ab-8513-8f02112202e9;427.0;1.0;UNKNOWN
2016-04-13T02:58:55.000000;2016-04-13T02:58:55.000000;531eacb9-b5dd-46ae-b387-fafeb919d398;426.51;1.0;UNKNOWN
2016-04-13T02:59:09.000000;2016-04-13T02:59:09.000000;45a8902a-1d1a-4021-a462-465cebf15121;426.52;6.9838;UNKNOWN
2016-04-13T02:59:09.000000;2016-04-13T02:59:09.000000;095beb95-ebae-4b7c-8d3c-8ab9f6b2f137;426.51;23.58375463;UNKNOWN
2016-04-13T03:01:02.000000;2016-04-13T03:01:02.000000;fce31ed2-6454-49a9-81dd-48c26c1a09c2;426.89;0.03233868;UNKNOWN
2016-04-13T03:01:15.000000;2016-04-13T03:01:15.000000;355c58ff-aab4-43b1-b0c9-00be21e65774;426.89;0.03240882;UNKNOWN
2016-04-13T03:03:23.000000;2016-04-13T03:03:23.000000;7e0da28d-ca45-4419-a178-d616869f0f26;426.89;0.03488077;UNKNOWN
2016-04-13T03:03:56.000000;2016-04-13T03:03:56.000000;15dae263-dcac-42ea-b91c-e1da1c02907a;426.89;0.03682165;UNKNOWN
2016-04-13T03:04:04.000000;2016-04-13T03:04:04.000000;90b8cfa7-f3a3-425e-bab2-d5b075a52761;426.89;1.25;UNKNOWN
2016-04-13T03:07:30.000000;2016-04-13T03:07:30.000000;dab2d3a7-5f2d-4273-b2d2-1ac27769ec48;426.95;1.45;UNKNOWN
2016-04-13T03:08:30.000000;2016-04-13T03:08:30.000000;08cb316e-bf05-4ef9-b041-a39f5142880c;426.96;0.23422;UNKNOWN
2016-04-13T03:11:13.000000;2016-04-13T03:11:13.000000;ee5b1332-17f3-44d4-a498-814417ce7929;426.96;3.6;UNKNOWN
2016-04-13T03:13:02.000000;2016-04-13T03:13:02.000000;84268c14-591f-47a2-b9ac-f53459bba062;427.1;0.03237475;UNKNOWN
2016-04-13T03:16:06.000000;2016-04-13T03:16:06.000000;3249823f-cc4e-441b-9a0f-5cf631215c40;427.05;0.1;UNKNOWN
2016-04-13T03:18:34.000000;2016-04-13T03:18:34.000000;936b53ea-53a6-4c28-bc57-ad9ab324ff2a;427.05;0.1873;UNKNOWN
2016-04-13T03:19:04.000000;2016-04-13T03:19:04.000000;04ceb27d-9215-469a-b9a3-0e82e5083bf7;427.05;0.70555346;UNKNOWN
2016-04-13T03:24:32.000000;2016-04-13T03:24:32.000000;19d30e68-5bf3-4def-88cb-09d6d58aa417;427.04;0.01;UNKNOWN
2016-04-13T03:24:56.000000;2016-04-13T03:24:56.000000;2562f047-9e2b-451a-8224-1529a7664fce;426.96;0.01;UNKNOWN
2016-04-13T03:26:28.000000;2016-04-13T03:26:28.000000;688e42b5-8463-46bb-ac87-e3fc0e8512ac;426.97;1.0;UNKNOWN
2016-04-13T03:27:10.000000;2016-04-13T03:27:10.000000;551178bf-d805-43d0-b811-1c596a4a7407;426.96;0.00693888;UNKNOWN
2016-04-13T03:27:10.000000;2016-04-13T03:27:10.000000;7480a343-8160-4566-aaf8-89f90f0249ff;426.91;1.23306112;UNKNOWN
2016-04-13T03:27:10.000000;2016-04-13T03:27:10.000000;eebebfde-b1cd-439d-9090-96ba2f570819;426.95;0.3;UNKNOWN
2016-04-13T03:27:27.000000;2016-04-13T03:27:27.000000;490aad74-31c4-464b-87f7-d0a2efdf32a0;426.77;0.5;UNKNOWN
2016-04-13T03:27:27.000000;2016-04-13T03:27:27.000000;d619d53b-b514-4c09-a001-11505bcfb178;426.9;1.0;UNKNOWN
2016-04-13T03:27:27.000000;2016-04-13T03:27:27.000000;b46c5566-8e5a-4772-a026-a0679df20983;426.97;30.806;UNKNOWN
2016-04-13T03:27:57.000000;2016-04-13T03:27:57.000000;b993750a-5f26-4fe7-905f-894bc574e507;427.24;0.01;UNKNOWN
2016-04-13T03:28:22.000000;2016-04-13T03:28:22.000000;0ac9847b-d363-4420-9d23-2eb861a61e2c;427.03;0.011;UNKNOWN
2016-04-13T03:32:09.000000;2016-04-13T03:32:09.000000;866ccce1-6323-4861-a945-8abaae77748d;427.0;0.246;UNKNOWN
2016-04-13T03:38:25.000000;2016-04-13T03:38:25.000000;3ee5e175-72f9-476d-b8e9-7b91a064d441;427.04;1.0;UNKNOWN
2016-04-13T03:42:48.000000;2016-04-13T03:42:48.000000;6d7503cd-b5b2-4807-9696-5d39b1f72bda;427.44;0.176;UNKNOWN
2016-04-13T03:42:48.000000;2016-04-13T03:42:48.000000;34c20929-1990-4d4c-bb6d-3ed9a75918c0;427.49;9.824;UNKNOWN
2016-04-13T03:43:04.000000;2016-04-13T03:43:04.000000;77401a7f-f06f-4f26-9db0-d90a8976e931;427.2;0.50208386;UNKNOWN
2016-04-13T03:48:04.000000;2016-04-13T03:48:04.000000;c6cee26f-50e5-4717-ab44-62ef629d18b8;427.19;0.1662863;UNKNOWN
2016-04-13T03:48:04.000000;2016-04-13T03:48:04.000000;8e20cf3b-843f-4d4c-b67b-5227d976cf3b;427.2;0.02;UNKNOWN
2016-04-13T03:48:59.000000;2016-04-13T03:48:59.000000;7b80c7f3-0003-4129-8026-333c1b124b48;427.36;3.1055;UNKNOWN
2016-04-13T03:48:59.000000;2016-04-13T03:48:59.000000;ec5ca43a-1b74-4f7a-85d9-0f6e55f1072e;427.36;3.52762525;UNKNOWN
2016-04-13T03:48:59.000000;2016-04-13T03:48:59.000000;6944f4e5-2d35-46af-89fb-d5aaf542d917;427.36;7.017;UNKNOWN
2016-04-13T03:48:59.000000;2016-04-13T03:48:59.000000;c25d1d44-801b-489d-a04d-89b3689a1582;427.49;15.166;UNKNOWN
2016-04-13T03:49:52.000000;2016-04-13T03:49:52.000000;043d9a52-339c-4a7b-9a4e-4ee9ebabbe56;427.49;2.42213614;UNKNOWN
2016-04-13T03:49:52.000000;2016-04-13T03:49:52.000000;b2b0db56-b169-47bd-a0a7-2aa458d85eb7;427.5;6.9429;UNKNOWN
2016-04-13T03:51:55.000000;2016-04-13T03:51:55.000000;b789934c-d0a8-4ac5-a95b-bb634f5d6674;427.63;0.007;UNKNOWN
2016-04-13T03:54:18.000000;2016-04-13T03:54:18.000000;769e8cf8-0579-4922-823d-4f546d0fb0f8;427.5;0.03384847;UNKNOWN
2016-04-13T03:54:20.000000;2016-04-13T03:54:20.000000;99f7c5c5-e89d-418d-a7c4-d4a72f665305;427.5;0.08256736;UNKNOWN
2016-04-13T03:54:21.000000;2016-04-13T03:54:21.000000;ebb78cce-9ed8-4015-91d4-bd0698e2c22a;427.5;0.19616704;UNKNOWN
2016-04-13T03:54:22.000000;2016-04-13T03:54:22.000000;6044a22f-a17f-4b2a-82ea-6e5f1b7ef93c;427.5;0.64379662;UNKNOWN
2016-04-13T03:54:24.000000;2016-04-13T03:54:24.000000;b872dacc-3657-43b2-9945-eac9ee1cffbf;427.5;0.15192673;UNKNOWN
2016-04-13T03:54:25.000000;2016-04-13T03:54:25.000000;048acc1c-9acb-432a-9c3b-e272b0b922bd;427.5;0.08102004;UNKNOWN
2016-04-13T03:54:26.000000;2016-04-13T03:54:26.000000;1f69f504-c50c-4c77-9836-84b8a65a6b14;427.5;0.0396768;UNKNOWN
2016-04-13T03:54:29.000000;2016-04-13T03:54:29.000000;9a40774a-fd45-4ca3-b5f1-02918fe2e310;427.5;0.62780347;UNKNOWN
2016-04-13T03:54:30.000000;2016-04-13T03:54:30.000000;663ceaa8-3171-43f0-9767-f73884e100bd;427.5;2.4;UNKNOWN
2016-04-13T03:54:31.000000;2016-04-13T03:54:31.000000;e8e20ed0-cf58-4552-b044-40faafb0fbdb;427.14;0.20374532;UNKNOWN
2016-04-13T03:54:33.000000;2016-04-13T03:54:33.000000;1bb4fd69-2a12-4025-9e97-31f2f65d4856;427.09;0.06044792;UNKNOWN
2016-04-13T03:54:34.000000;2016-04-13T03:54:34.000000;e9194a5e-3428-46a0-ab97-977b01203778;427.09;0.02560225;UNKNOWN
2016-04-13T03:54:35.000000;2016-04-13T03:54:35.000000;a03cbcc6-0a88-4453-9fd4-b3c42c6b58a7;427.09;0.17464511;UNKNOWN
2016-04-13T03:54:36.000000;2016-04-13T03:54:36.000000;24f6c576-8007-4c0b-8a57-bcf21647c6dc;427.09;0.67364454;UNKNOWN
2016-04-13T03:54:37.000000;2016-04-13T03:54:37.000000;4bc416a8-d84d-4f06-a3fd-f9c64d365104;427.1;0.15588814;UNKNOWN
2016-04-13T03:54:39.000000;2016-04-13T03:54:39.000000;1baff665-ab92-4417-9079-09ad536e11f2;427.1;0.05083456;UNKNOWN
2016-04-13T03:54:40.000000;2016-04-13T03:54:40.000000;229e95cb-17a0-44a2-9d96-ccd06875c0ba;427.1;0.05757316;UNKNOWN
2016-04-13T03:54:41.000000;2016-04-13T03:54:41.000000;2c675c6e-a30a-4372-ad6a-b903641c1b15;427.1;0.13961788;UNKNOWN
2016-04-13T03:54:42.000000;2016-04-13T03:54:42.000000;5cef1e6c-88d9-4371-a48f-4dce3ffa35e2;427.1;0.63234126;UNKNOWN
2016-04-13T03:54:44.000000;2016-04-13T03:54:44.000000;e2e981da-f696-4669-bfee-a5848a34dc04;427.1;0.13184014;UNKNOWN
2016-04-13T03:54:45.000000;2016-04-13T03:54:45.000000;4eb0a25b-ea3b-48ba-b420-7d1e28631f62;427.1;0.01552242;UNKNOWN
2016-04-13T03:54:46.000000;2016-04-13T03:54:46.000000;cf3355a3-ee35-48e9-a621-805f47d1c340;427.1;0.04534672;UNKNOWN
2016-04-13T03:54:48.000000;2016-04-13T03:54:48.000000;968043ac-36ae-482f-b050-1bac44b4aff6;427.1;0.12789049;UNKNOWN
2016-04-13T03:54:49.000000;2016-04-13T03:54:49.000000;4a332d37-0437-41b2-9aa5-f9d65d030664;427.1;0.69211536;UNKNOWN
2016-04-13T03:54:51.000000;2016-04-13T03:54:51.000000;2aa70d1a-4734-41f1-9d36-c0dec1a8bd5c;427.1;0.08944565;UNKNOWN
2016-04-13T03:54:52.000000;2016-04-13T03:54:52.000000;eeadbff6-60b7-4034-802e-b658c8c15d50;427.1;0.01110741;UNKNOWN
2016-04-13T03:54:54.000000;2016-04-13T03:54:54.000000;8c7c05e1-367e-48eb-ba21-9c8903236af5;427.1;0.15328515;UNKNOWN
2016-04-13T03:54:55.000000;2016-04-13T03:54:55.000000;ea7691af-e337-4094-abcc-2576dc719d45;427.1;0.67325846;UNKNOWN
2016-04-13T03:54:56.000000;2016-04-13T03:54:56.000000;4cfc9315-8256-4f03-909a-c8fd5fe3e60a;427.1;0.17681263;UNKNOWN
2016-04-13T03:54:58.000000;2016-04-13T03:54:58.000000;c54ed549-4942-4874-aad7-ac447b0ad9b0;427.1;0.04539484;UNKNOWN
2016-04-13T03:54:59.000000;2016-04-13T03:54:59.000000;7ecb33d8-108a-4029-ba25-c4f7b6d9173a;427.1;0.07147248;UNKNOWN
2016-04-13T03:55:01.000000;2016-04-13T03:55:01.000000;80fec571-7b85-49ec-9b09-b0df4ce12943;427.1;0.16056716;UNKNOWN
2016-04-13T03:55:02.000000;2016-04-13T03:55:02.000000;e5d38b68-8351-429a-b527-e8f4ae88fb58;427.1;0.6832343;UNKNOWN
2016-04-13T03:55:05.000000;2016-04-13T03:55:05.000000;3af64dba-30b2-4c8c-8f48-3ce37c255488;427.1;0.13107822;UNKNOWN
2016-04-13T03:55:07.000000;2016-04-13T03:55:07.000000;1a4e4efd-69cc-4213-ae03-b9e98ece92a5;427.1;0.0803669;UNKNOWN
2016-04-13T03:55:08.000000;2016-04-13T03:55:08.000000;544e06a1-29c0-4a03-ae69-421ec59985da;427.1;0.02091826;UNKNOWN
2016-04-13T03:55:09.000000;2016-04-13T03:55:09.000000;4ebad14c-901c-4c84-9607-9716b08aac77;427.1;0.15730753;UNKNOWN
2016-04-13T03:55:10.000000;2016-04-13T03:55:10.000000;cf19c977-f26c-4a2d-a366-d418b9d3fb56;427.1;0.6360313;UNKNOWN
2016-04-13T03:55:12.000000;2016-04-13T03:55:12.000000;0cd904e2-62aa-4f59-9d69-42e4d4048cd1;427.1;0.03985608;UNKNOWN
2016-04-13T03:55:13.000000;2016-04-13T03:55:13.000000;6ad91f3e-7ea7-4c0b-96eb-eef322d77c4e;427.1;0.04571201;UNKNOWN
2016-04-13T03:55:14.000000;2016-04-13T03:55:14.000000;839874b8-a2ce-4e40-b936-37c534cecebb;427.1;0.19750415;UNKNOWN
2016-04-13T03:55:16.000000;2016-04-13T03:55:16.000000;619902ba-0ad5-4af1-9591-246ca45ea323;427.1;0.62763708;UNKNOWN
2016-04-13T03:55:17.000000;2016-04-13T03:55:17.000000;c571e8e0-aef7-4117-abf9-508eb98bade5;427.1;0.13002822;UNKNOWN
2016-04-13T03:55:19.000000;2016-04-13T03:55:19.000000;2372fb62-a723-4c05-9479-019e4bdade66;427.1;0.19951126;UNKNOWN
2016-04-13T03:55:20.000000;2016-04-13T03:55:20.000000;d082c2de-b15e-4a94-8ad3-293c0ab43c82;427.1;0.07729674;UNKNOWN
2016-04-13T03:55:21.000000;2016-04-13T03:55:21.000000;ef724ea0-19be-4597-bf3d-0892f3ce1e59;427.1;0.04802484;UNKNOWN
2016-04-13T03:55:22.000000;2016-04-13T03:55:22.000000;cdeee57d-57f6-4455-9b79-303308f66a40;427.1;0.13585432;UNKNOWN
2016-04-13T03:55:24.000000;2016-04-13T03:55:24.000000;3aa0d9a9-80a6-4492-9973-8403d8d8aecb;427.1;0.66322522;UNKNOWN
2016-04-13T03:55:26.000000;2016-04-13T03:55:26.000000;60467539-ff18-4f75-8bae-cbaba4795c86;427.1;0.03567088;UNKNOWN
2016-04-13T03:55:27.000000;2016-04-13T03:55:27.000000;eb3b93d2-cffd-4212-8acb-a6d0b44d65b0;427.1;0.03830353;UNKNOWN
2016-04-13T03:55:28.000000;2016-04-13T03:55:28.000000;5f4acad5-04f5-4afe-8fbd-32d7e06d6a84;427.1;0.15326404;UNKNOWN
2016-04-13T03:55:30.000000;2016-04-13T03:55:30.000000;4c99453c-343a-4180-8d15-c75c0877605b;427.1;0.69304196;UNKNOWN
2016-04-13T03:55:31.000000;2016-04-13T03:55:31.000000;faa81bba-683d-4404-830e-4c36c49801bf;427.1;0.16547396;UNKNOWN
2016-04-13T03:55:33.000000;2016-04-13T03:55:33.000000;4864ea78-a279-4b85-ac1c-872cde2cf450;427.1;0.04618698;UNKNOWN
2016-04-13T03:55:34.000000;2016-04-13T03:55:34.000000;b9606ff6-9edc-4fe4-8564-b0749757a8c4;427.1;0.01299268;UNKNOWN
2016-04-13T03:55:35.000000;2016-04-13T03:55:35.000000;1d9be90f-b23e-4ead-9e6c-e74c2b94e0c2;427.1;0.16342712;UNKNOWN
2016-04-13T03:55:37.000000;2016-04-13T03:55:37.000000;8eec1eed-0867-40e9-bcb0-b98ff7f31639;427.1;0.6305087;UNKNOWN
2016-04-13T03:55:38.000000;2016-04-13T03:55:38.000000;49b32b30-0393-4a66-bdf4-6f8f50fd57a3;427.1;0.163169;UNKNOWN
2016-04-13T03:55:40.000000;2016-04-13T03:55:40.000000;eccd4aed-4d0e-4b9c-9694-56440982429a;427.1;0.1386179;UNKNOWN
2016-04-13T03:55:41.000000;2016-04-13T03:55:41.000000;2309d250-1cfa-4d13-a83f-ae05ae0e5db0;427.1;0.02423343;UNKNOWN
2016-04-13T03:55:43.000000;2016-04-13T03:55:43.000000;5917d3c5-b6d3-4b5c-b92b-16919b32f360;427.1;0.05110279;UNKNOWN
2016-04-13T03:55:45.000000;2016-04-13T03:55:45.000000;f073d074-4472-4fe2-ae96-7122c20364de;427.1;0.18761344;UNKNOWN
2016-04-13T03:55:46.000000;2016-04-13T03:55:46.000000;f4777d93-22a9-42ac-9f28-2530d13d9d55;427.1;0.620465;UNKNOWN
2016-04-13T03:55:48.000000;2016-04-13T03:55:48.000000;5c919d1b-a141-4682-8f62-169545ed4b66;427.1;0.1543742;UNKNOWN
2016-04-13T03:55:50.000000;2016-04-13T03:55:50.000000;6baaa4d8-81af-4be2-8691-833fc299c692;427.1;0.02175257;UNKNOWN
2016-04-13T03:55:51.000000;2016-04-13T03:55:51.000000;c30979bc-3f2b-4949-982f-9b281537d18a;427.1;0.05856168;UNKNOWN
2016-04-13T03:55:53.000000;2016-04-13T03:55:53.000000;ff7a13ca-6257-4857-ae0a-19972ff079d4;427.1;0.14571618;UNKNOWN
2016-04-13T03:55:54.000000;2016-04-13T03:55:54.000000;2994effb-9646-409f-b064-470af2847555;427.1;0.09341075;UNKNOWN
2016-04-13T03:55:54.000000;2016-04-13T03:55:54.000000;b8cfbe62-cad3-45d6-97e3-8561b5f4f360;427.1;0.6736709;UNKNOWN
2016-04-13T03:55:55.000000;2016-04-13T03:55:55.000000;dda68a94-a240-4bf5-b875-3213e8154c72;427.1;0.04304572;UNKNOWN
2016-04-13T03:55:55.000000;2016-04-13T03:55:55.000000;475a5d5d-1708-4a89-92cd-7c047c80c0ba;427.1;0.08917576;UNKNOWN
2016-04-13T03:55:56.000000;2016-04-13T03:55:56.000000;d39c900d-a270-4875-a182-aa61c4aa7e19;427.1;0.06688196;UNKNOWN
2016-04-13T03:55:57.000000;2016-04-13T03:55:57.000000;e1da8fad-33d5-4e1b-842b-ccf10cc56f75;427.1;0.0501616;UNKNOWN
2016-04-13T03:55:57.000000;2016-04-13T03:55:57.000000;06994edd-aae1-4c08-bd9a-8494c658c99b;427.1;0.04461482;UNKNOWN
2016-04-13T03:55:58.000000;2016-04-13T03:55:58.000000;0aaf5dd5-b4a2-4842-94c8-1f8dbca233fd;427.1;0.13671906;UNKNOWN
2016-04-13T03:56:00.000000;2016-04-13T03:56:00.000000;a1caf107-0596-493b-a0e3-127a298005ac;427.1;0.67459283;UNKNOWN
2016-04-13T03:56:01.000000;2016-04-13T03:56:01.000000;198f8ff8-4d68-4fea-8097-f0c81be43cfa;427.1;0.12852925;UNKNOWN
2016-04-13T03:56:02.000000;2016-04-13T03:56:02.000000;11a45219-1388-4c90-9f85-d0cd30f33083;427.1;0.02976606;UNKNOWN
2016-04-13T03:56:04.000000;2016-04-13T03:56:04.000000;126b1a31-d56e-4a43-8ce6-ed53949b452c;427.1;0.05206118;UNKNOWN
2016-04-13T03:56:05.000000;2016-04-13T03:56:05.000000;f6546144-0306-45d1-892e-1811f980f846;427.1;0.12878697;UNKNOWN
2016-04-13T03:56:07.000000;2016-04-13T03:56:07.000000;87771a85-7a3a-47d8-804f-a15884ec48f6;427.1;0.69754581;UNKNOWN
2016-04-13T03:56:09.000000;2016-04-13T03:56:09.000000;5e4fa2f7-f9e6-41cc-b7d2-c1316ec42c7e;427.1;0.1593778;UNKNOWN
2016-04-13T03:56:10.000000;2016-04-13T03:56:10.000000;ece4f492-d9cf-48ef-9fa0-91e6309bd787;427.1;0.04499591;UNKNOWN
2016-04-13T03:56:12.000000;2016-04-13T03:56:12.000000;486b004d-5f43-4574-9306-f990924fd0af;427.1;0.0414792;UNKNOWN
2016-04-13T03:56:13.000000;2016-04-13T03:56:13.000000;c1f31e1f-f65f-43fe-ba96-81b4c8ef1897;427.1;0.17376717;UNKNOWN
2016-04-13T03:56:14.000000;2016-04-13T03:56:14.000000;ef7ec547-a7e1-4f27-8de9-1b5392c4a108;427.1;0.65470774;UNKNOWN
2016-04-13T03:56:16.000000;2016-04-13T03:56:16.000000;acd35788-cb48-49f3-ab5f-0685fda4417d;427.1;0.08957488;UNKNOWN
2016-04-13T03:56:18.000000;2016-04-13T03:56:18.000000;f87a974d-eb68-49dc-b3eb-70f85c2fc494;427.1;0.01852835;UNKNOWN
2016-04-13T03:56:19.000000;2016-04-13T03:56:19.000000;4bee4155-3ae9-4814-8298-b0f46f112f0f;427.1;0.20469763;UNKNOWN
2016-04-13T03:56:20.000000;2016-04-13T03:56:20.000000;9b8165df-286d-4739-9f48-e02f3ba6fdd7;427.1;0.06769069;UNKNOWN
2016-04-13T03:56:22.000000;2016-04-13T03:56:22.000000;0e5bf5b1-5a18-4e7d-8541-efe2a31da3e8;427.1;0.03708937;UNKNOWN
2016-04-13T03:56:23.000000;2016-04-13T03:56:23.000000;089f3af0-92ff-4563-a77b-b694adcfb614;427.1;0.17988063;UNKNOWN
2016-04-13T03:56:24.000000;2016-04-13T03:56:24.000000;bae8b7a7-a545-44ea-aaa2-7b8d29dc0cad;427.1;0.67107517;UNKNOWN
2016-04-13T03:56:26.000000;2016-04-13T03:56:26.000000;f57365ed-eb46-4a5d-8a93-d37c797d259b;427.1;0.06176129;UNKNOWN
2016-04-13T03:56:28.000000;2016-04-13T03:56:28.000000;3d8dc8bd-52fa-484d-b8f7-899e4da1fc1e;427.1;0.02930513;UNKNOWN
2016-04-13T03:56:29.000000;2016-04-13T03:56:29.000000;01c402f8-b6f2-4cc0-ae5c-51aea3f04dc8;427.1;0.14459096;UNKNOWN
2016-04-13T03:56:31.000000;2016-04-13T03:56:31.000000;75f07b8b-80d8-4115-83d8-78285efc3e7b;427.1;0.69322822;UNKNOWN
2016-04-13T03:56:32.000000;2016-04-13T03:56:32.000000;e0d04c4d-69b4-4d33-929b-07ef1b6c32c5;427.1;0.20375443;UNKNOWN
2016-04-13T03:56:34.000000;2016-04-13T03:56:34.000000;ff718df8-2d6c-41eb-8c98-eac3697fe95b;427.1;0.05269938;UNKNOWN
2016-04-13T03:56:35.000000;2016-04-13T03:56:35.000000;67e1f170-3fbd-4cfd-8b0b-2dbf11aa0015;427.1;0.08850353;UNKNOWN
2016-04-13T03:56:37.000000;2016-04-13T03:56:37.000000;8d6fc10b-8f0b-4c98-8504-fb272ed5b47d;427.1;0.14020495;UNKNOWN
2016-04-13T03:56:38.000000;2016-04-13T03:56:38.000000;2d19243e-ea03-42e8-968f-d40813ab5c92;427.1;0.64891598;UNKNOWN
2016-04-13T03:56:40.000000;2016-04-13T03:56:40.000000;cced179a-c7d5-409e-bfe0-a3a4e5871fd0;427.1;0.1108951;UNKNOWN
2016-04-13T03:56:41.000000;2016-04-13T03:56:41.000000;879fc7c4-1543-4721-8dc1-210ee298a7c6;427.1;0.05237393;UNKNOWN
2016-04-13T03:56:42.000000;2016-04-13T03:56:42.000000;1989a9f7-ff96-4f73-ac16-fb2aadd77135;427.1;0.02015385;UNKNOWN
2016-04-13T03:56:44.000000;2016-04-13T03:56:44.000000;cd217c8c-76ac-4ba8-b7f2-8728d09df967;427.1;0.19666329;UNKNOWN
2016-04-13T03:56:45.000000;2016-04-13T03:56:45.000000;cf19773b-ba8f-4773-8aee-5ed51927d7ce;427.1;0.6218473;UNKNOWN
2016-04-13T03:56:51.000000;2016-04-13T03:56:51.000000;ea1833bd-05e2-4ff0-bae5-2d0ae82469ab;427.11;0.07214517;UNKNOWN
2016-04-13T03:56:53.000000;2016-04-13T03:56:53.000000;068a4872-eca6-44f6-9e78-debeee72ba87;427.11;0.15460567;UNKNOWN
2016-04-13T03:56:54.000000;2016-04-13T03:56:54.000000;b93bef91-ffe9-4fe5-bd24-187857cc9cbd;427.11;0.65949132;UNKNOWN
2016-04-13T03:56:55.000000;2016-04-13T03:56:55.000000;243ad4f0-5dd0-4df4-aa5e-e63e2a65f132;427.11;0.16498348;UNKNOWN
2016-04-13T03:56:56.000000;2016-04-13T03:56:56.000000;6225e2e0-c19a-4de8-b59f-16655f5282fa;427.11;0.03217891;UNKNOWN
2016-04-13T03:56:58.000000;2016-04-13T03:56:58.000000;bdfb8069-cc4c-4dbc-a50d-525ae0e7e53e;427.11;0.05216021;UNKNOWN
2016-04-13T03:56:59.000000;2016-04-13T03:56:59.000000;6d89dca3-7379-46b4-9000-3183a1179f5e;427.11;0.19033266;UNKNOWN
2016-04-13T03:57:01.000000;2016-04-13T03:57:01.000000;aa6c3fde-42ac-4c3f-9e33-fb8e587e3d3d;427.11;0.67468935;UNKNOWN
2016-04-13T03:57:02.000000;2016-04-13T03:57:02.000000;6f15fed4-6870-4638-8ba0-1e940c0b9c3c;427.11;0.19078698;UNKNOWN
2016-04-13T03:57:03.000000;2016-04-13T03:57:03.000000;9cb6a209-53ab-45d6-ba69-d156d69c73e5;427.11;0.0672422;UNKNOWN
2016-04-13T03:57:05.000000;2016-04-13T03:57:05.000000;93a3c491-0a67-4be3-b38c-e3782e62be0e;427.11;0.07218756;UNKNOWN
2016-04-13T03:57:06.000000;2016-04-13T03:57:06.000000;354b29d3-e8e4-462c-be71-03582812a07e;427.11;0.14458543;UNKNOWN
2016-04-13T03:57:08.000000;2016-04-13T03:57:08.000000;389ddfde-4662-44f7-92a4-4dd26637442d;427.11;0.66749308;UNKNOWN
2016-04-13T03:57:11.000000;2016-04-13T03:57:11.000000;9f3c1eb3-662e-4f92-84e8-c38ca828634b;427.11;0.13618222;UNKNOWN
2016-04-13T03:57:12.000000;2016-04-13T03:57:12.000000;93adb226-2faf-4dd5-9992-ccbe527b0edf;427.11;0.14532195;UNKNOWN
2016-04-13T03:57:16.000000;2016-04-13T03:57:16.000000;3ffacf10-900c-4d61-8dde-8ed7f5b85bdc;427.11;0.05476858;UNKNOWN
2016-04-13T03:57:18.000000;2016-04-13T03:57:18.000000;5a65d2b9-d0f3-4355-8ebb-103eb496a0e4;427.11;0.07958244;UNKNOWN
2016-04-13T03:57:19.000000;2016-04-13T03:57:19.000000;2d904b3c-c1a0-429c-bfe1-5142e86b0d2e;427.1;0.13706795;UNKNOWN
2016-04-13T03:57:21.000000;2016-04-13T03:57:21.000000;17be846e-df00-4ecd-b807-8eb1edab0bfb;427.1;0.67608582;UNKNOWN
2016-04-13T03:57:23.000000;2016-04-13T03:57:23.000000;52330a92-a03f-4485-b90b-c6ef5d8e4501;427.1;0.12322503;UNKNOWN
2016-04-13T03:57:24.000000;2016-04-13T03:57:24.000000;9a8238f2-d0fa-4518-aec0-a516facd3268;427.1;0.01829323;UNKNOWN
2016-04-13T03:57:26.000000;2016-04-13T03:57:26.000000;c2809cfe-ebcd-4001-bb3a-a0e6e839626c;427.1;0.0141404;UNKNOWN
2016-04-13T03:57:29.000000;2016-04-13T03:57:29.000000;a3937452-b9f3-409b-acfc-6e9a25ab86bf;427.1;0.64852396;UNKNOWN
2016-04-13T03:57:30.000000;2016-04-13T03:57:30.000000;43a2a46e-a292-4ea5-baf3-cb502cf36fdd;427.1;0.20959711;UNKNOWN
2016-04-13T03:57:32.000000;2016-04-13T03:57:32.000000;6a4ec7d0-96ed-4e95-a5ca-6e80f830a4c6;427.09;0.08719856;UNKNOWN
2016-04-13T03:57:33.000000;2016-04-13T03:57:33.000000;814ee423-0124-433f-9976-f3082a475f16;427.09;0.04574596;UNKNOWN
2016-04-13T03:57:34.000000;2016-04-13T03:57:34.000000;df7fd1b9-e8b1-4be0-bb10-da0e3831171f;427.09;0.12854255;UNKNOWN
2016-04-13T03:57:35.000000;2016-04-13T03:57:35.000000;3f76571b-f828-40e2-afba-8b4853d8a78e;427.09;0.64024743;UNKNOWN
2016-04-13T03:57:37.000000;2016-04-13T03:57:37.000000;b6330f2f-3bae-49a1-b135-cdd0600a7f4e;427.09;0.01726669;UNKNOWN
2016-04-13T03:57:38.000000;2016-04-13T03:57:38.000000;816b62f5-9ad7-4f4d-8d8a-4b0a309e318c;427.09;0.04907523;UNKNOWN
2016-04-13T03:57:39.000000;2016-04-13T03:57:39.000000;952272b1-c02b-4859-8bde-2dcd77023965;427.09;0.12047747;UNKNOWN
2016-04-13T03:57:40.000000;2016-04-13T03:57:40.000000;51f61d67-3eb4-4d17-abd8-9a8ba04b3a77;427.09;0.67884364;UNKNOWN
2016-04-13T03:57:42.000000;2016-04-13T03:57:42.000000;78db407c-350d-43fd-b448-084e71d451a0;427.09;0.14855756;UNKNOWN
2016-04-13T03:57:43.000000;2016-04-13T03:57:43.000000;7ebd7d97-f79c-422e-9989-abbeacf3dc4f;427.09;0.04618602;UNKNOWN
2016-04-13T03:57:45.000000;2016-04-13T03:57:45.000000;ba1a1b83-1b95-4d56-a391-d288529c4349;427.09;0.07897402;UNKNOWN
2016-04-13T03:57:46.000000;2016-04-13T03:57:46.000000;ffab0f43-a2f0-45a5-a749-89b851d9f78c;427.01;0.11498144;UNKNOWN
2016-04-13T03:57:46.000000;2016-04-13T03:57:46.000000;0b060a2b-4431-4051-894e-3fc2b8ea9f9e;427.09;0.02454505;UNKNOWN
2016-04-13T03:57:48.000000;2016-04-13T03:57:48.000000;bd558ac4-6d0e-4405-b548-ef663d7e7d33;427.01;0.62844795;UNKNOWN
2016-04-13T03:57:49.000000;2016-04-13T03:57:49.000000;93f02f95-5a8f-40d6-bd24-33dd4b96fb56;427.01;0.17819503;UNKNOWN
2016-04-13T03:57:50.000000;2016-04-13T03:57:50.000000;2f6840d8-5579-48ad-9fc3-f1fb40e72c5e;427.01;0.0700657;UNKNOWN
2016-04-13T03:57:52.000000;2016-04-13T03:57:52.000000;8180f6fc-9fb0-4a10-beb9-94bcb1ed5d6c;427.01;0.069496;UNKNOWN
2016-04-13T03:57:53.000000;2016-04-13T03:57:53.000000;fc3d58db-abb6-4957-8915-33a72e4986b9;427.01;0.1382171;UNKNOWN
2016-04-13T03:57:54.000000;2016-04-13T03:57:54.000000;0b63804e-0070-4b17-8967-c190a39965d7;427.01;0.69337484;UNKNOWN
2016-04-13T03:57:56.000000;2016-04-13T03:57:56.000000;5e49bdec-6d4f-459e-807a-4ce4e80a1bd4;427.01;0.1739784;UNKNOWN
2016-04-13T03:57:57.000000;2016-04-13T03:57:57.000000;d71cdcf1-9e29-432c-9bee-26cac7e7d958;427.01;0.04987292;UNKNOWN
2016-04-13T03:57:59.000000;2016-04-13T03:57:59.000000;1fd56684-7c0d-47a8-8fd0-46210aad5887;427.01;0.05530561;UNKNOWN
2016-04-13T03:58:00.000000;2016-04-13T03:58:00.000000;9ac3c979-181f-4b36-aaab-f4988e6ec875;427.01;0.15276976;UNKNOWN
2016-04-13T03:58:02.000000;2016-04-13T03:58:02.000000;654f1587-b89b-41cd-b4e9-54181c341876;427.01;0.63907555;UNKNOWN
2016-04-13T03:58:03.000000;2016-04-13T03:58:03.000000;1254182f-74ef-4aba-9892-c8bbc1773554;427.02;0.0708137;UNKNOWN
2016-04-13T03:58:04.000000;2016-04-13T03:58:04.000000;5a2859b8-7179-4c41-ac01-c8685dd9c616;427.02;0.04115638;UNKNOWN
2016-04-13T03:58:06.000000;2016-04-13T03:58:06.000000;b912f67d-423f-4089-af4f-75cc1062ff7c;427.02;0.16692003;UNKNOWN
2016-04-13T03:58:07.000000;2016-04-13T03:58:07.000000;a2d7bc23-76a4-4fdd-81b6-0aa6f110bd53;427.02;0.63372846;UNKNOWN
2016-04-13T03:58:08.000000;2016-04-13T03:58:08.000000;8f4404e0-f8d3-4002-ba8d-690e6c67ff7e;427.02;0.14652183;UNKNOWN
2016-04-13T03:58:10.000000;2016-04-13T03:58:10.000000;1d611f38-0386-4bbb-b7d7-ea6e52152f6f;427.02;0.05404731;UNKNOWN
2016-04-13T03:58:11.000000;2016-04-13T03:58:11.000000;85702879-8bfb-4dbb-a4ce-c936b87b2977;427.02;0.07020235;UNKNOWN
2016-04-13T03:58:12.000000;2016-04-13T03:58:12.000000;551d9b11-114b-48b9-a0d2-9f282f9f2133;427.02;0.18057958;UNKNOWN
2016-04-13T03:58:13.000000;2016-04-13T03:58:13.000000;b69cb899-e4a5-432e-a758-a1a0e48de970;427.02;0.6518006;UNKNOWN
2016-04-13T03:58:15.000000;2016-04-13T03:58:15.000000;8ab5fb02-1003-48ed-9af2-6f7d3c29a4b3;427.02;0.20773112;UNKNOWN
2016-04-13T03:58:16.000000;2016-04-13T03:58:16.000000;014d8f40-a71c-49bf-989e-f02ac1a29713;427.02;0.05739163;UNKNOWN
2016-04-13T03:58:18.000000;2016-04-13T03:58:18.000000;7b95bd41-490e-4207-ad36-8ec35e604145;427.02;0.07756596;UNKNOWN
2016-04-13T03:58:19.000000;2016-04-13T03:58:19.000000;9e3dbf85-4b55-4315-9473-c8f928bdd09b;427.02;0.18908963;UNKNOWN
2016-04-13T03:58:20.000000;2016-04-13T03:58:20.000000;82d284ef-78ef-444c-941f-09d015af9656;427.02;0.62308483;UNKNOWN
2016-04-13T03:58:26.000000;2016-04-13T03:58:26.000000;85c2b5ec-008e-4ae9-b5bb-282b62e5553d;427.02;0.07115806;UNKNOWN
2016-04-13T03:58:28.000000;2016-04-13T03:58:28.000000;377da0a8-adce-45fb-9b1f-db8cdce1ee1c;427.02;0.01249037;UNKNOWN
2016-04-13T03:58:30.000000;2016-04-13T03:58:30.000000;fb5cd545-1e2f-4615-99db-a794a31f8a91;427.02;0.1699836;UNKNOWN
2016-04-13T03:58:31.000000;2016-04-13T03:58:31.000000;2878b31b-d72b-4db0-9e3f-17b22c2ee833;427.02;0.68195003;UNKNOWN
2016-04-13T03:58:33.000000;2016-04-13T03:58:33.000000;6a584bff-4c9e-472a-a788-6456b9de5b3b;427.02;0.13507241;UNKNOWN
2016-04-13T03:58:35.000000;2016-04-13T03:58:35.000000;895a90a4-9f4b-4d62-8c70-669643b17429;427.02;0.07147255;UNKNOWN
2016-04-13T03:58:37.000000;2016-04-13T03:58:37.000000;2ed41ee1-f6a7-4d59-83e5-e8d032594068;427.02;0.07888068;UNKNOWN
2016-04-13T03:58:38.000000;2016-04-13T03:58:38.000000;e8c8a1d2-faea-4feb-a673-42633d8434c9;427.02;0.15724743;UNKNOWN
2016-04-13T03:58:40.000000;2016-04-13T03:58:40.000000;a1d2df86-cf05-44d2-8ae7-0fec6720c4cd;427.02;0.65479615;UNKNOWN
2016-04-13T03:58:42.000000;2016-04-13T03:58:42.000000;494c7d94-332b-4223-a5f5-afd485621660;427.02;0.06118519;UNKNOWN
2016-04-13T03:58:43.000000;2016-04-13T03:58:43.000000;16dce817-048c-46f5-94b6-04505e0c9159;427.02;0.05307473;UNKNOWN
2016-04-13T03:58:45.000000;2016-04-13T03:58:45.000000;54723cf3-309c-424b-834e-061ccfdc694f;427.02;0.14775098;UNKNOWN
2016-04-13T03:58:47.000000;2016-04-13T03:58:47.000000;642d40bd-b601-42ab-a6df-5bb1a0a81bdb;427.02;0.6937497;UNKNOWN
2016-04-13T03:58:49.000000;2016-04-13T03:58:49.000000;349831e3-5b71-41de-b241-31d2bae5b603;427.02;0.19259365;UNKNOWN
2016-04-13T03:58:50.000000;2016-04-13T03:58:50.000000;d76fae75-a617-4dbe-a0f6-32eca24b5a37;427.02;0.03063441;UNKNOWN
2016-04-13T03:58:52.000000;2016-04-13T03:58:52.000000;02e68366-51ae-4c31-a77d-1fb67fe4efbb;427.02;0.02935284;UNKNOWN
2016-04-13T03:58:54.000000;2016-04-13T03:58:54.000000;0258cdb7-73e6-4068-bb5e-a99b65dbf979;427.02;0.12397435;UNKNOWN
2016-04-13T03:58:55.000000;2016-04-13T03:58:55.000000;7c134540-cedc-47e9-b262-51b664a0ae94;427.02;0.69246082;UNKNOWN
2016-04-13T03:58:57.000000;2016-04-13T03:58:57.000000;79d00ce5-7cdc-482a-b959-9b4289489fa2;427.02;0.15341937;UNKNOWN
2016-04-13T03:59:02.000000;2016-04-13T03:59:02.000000;7ed76ca2-6979-46b2-a60e-f262fe110694;427.02;0.04802738;UNKNOWN
2016-04-13T03:59:04.000000;2016-04-13T03:59:04.000000;78abc12a-45a4-4f47-99a0-b5876f3d3168;427.02;0.04378496;UNKNOWN
2016-04-13T03:59:06.000000;2016-04-13T03:59:06.000000;19297c20-97fa-41f2-a0c7-e4f4273c5aa6;427.02;0.19178896;UNKNOWN
2016-04-13T03:59:07.000000;2016-04-13T03:59:07.000000;a13bf8be-a2f5-4b20-b9a3-6b67a209e656;427.02;0.03;UNKNOWN
2016-04-13T03:59:09.000000;2016-04-13T03:59:09.000000;ade5532a-0792-449a-b6af-1e607749d08d;427.02;0.65361102;UNKNOWN
2016-04-13T03:59:09.000000;2016-04-13T03:59:09.000000;aac9c8a1-d6dc-476d-b93a-e8a79b189288;427.02;0.03;UNKNOWN
2016-04-13T03:59:11.000000;2016-04-13T03:59:11.000000;866b78af-21a4-4a73-ba14-4f30195a01a1;427.02;0.1851255;UNKNOWN
2016-04-13T03:59:12.000000;2016-04-13T03:59:12.000000;48d383d6-91e5-48d3-9bee-7f25e14ec219;427.02;0.04890662;UNKNOWN
2016-04-13T03:59:14.000000;2016-04-13T03:59:14.000000;0ffb8c57-e029-4309-8877-48e834086748;427.02;0.03374193;UNKNOWN
2016-04-13T03:59:16.000000;2016-04-13T03:59:16.000000;2fa3d7a0-a376-4b68-8405-8ec03220df6b;427.02;0.13734716;UNKNOWN
2016-04-13T03:59:17.000000;2016-04-13T03:59:17.000000;2159cb06-1e00-4d6e-9adb-3f8f734ad04d;427.02;0.67051117;UNKNOWN
2016-04-13T03:59:23.000000;2016-04-13T03:59:23.000000;9aaefe9e-1d7c-4b8c-8a93-abed697a16f8;427.02;0.14125301;UNKNOWN
2016-04-13T03:59:25.000000;2016-04-13T03:59:25.000000;a17dadc5-5e54-44b8-9cba-d8dcd3cfb57c;427.02;0.05091828;UNKNOWN
2016-04-13T03:59:26.000000;2016-04-13T03:59:26.000000;7b660e73-53eb-42fa-8aef-472cf2047ca5;427.02;0.0496336;UNKNOWN
2016-04-13T03:59:28.000000;2016-04-13T03:59:28.000000;f246cdd7-7704-4c93-80f3-934ef31d69c3;427.02;0.16728169;UNKNOWN
2016-04-13T03:59:30.000000;2016-04-13T03:59:30.000000;ec1e9c27-2a19-4b21-a4f0-a908e3fdf2b3;427.02;0.64288386;UNKNOWN
2016-04-13T03:59:45.000000;2016-04-13T03:59:45.000000;5e44635a-3fff-4eb2-a43e-7a351d15486f;427.02;0.07956372;UNKNOWN
2016-04-13T03:59:47.000000;2016-04-13T03:59:47.000000;632ae0c8-d488-4307-8db9-0f3b5f224116;427.02;0.02428022;UNKNOWN
2016-04-13T03:59:48.000000;2016-04-13T03:59:48.000000;6a352ef8-4b9d-41e9-a51a-59859f2b2824;427.02;0.18104873;UNKNOWN
2016-04-13T03:59:50.000000;2016-04-13T03:59:50.000000;823758e0-785b-4f4f-9972-d931f49b4e3b;427.02;0.6915134;UNKNOWN
2016-04-13T03:59:57.000000;2016-04-13T03:59:57.000000;671af0bd-a8b8-452b-98d9-2656492807ae;427.02;0.17346658;UNKNOWN
2016-04-13T03:59:58.000000;2016-04-13T03:59:58.000000;7d59209a-2af4-4fc8-9282-e52c6f618915;427.02;0.01100968;UNKNOWN
2016-04-13T04:00:00.000000;2016-04-13T04:00:00.000000;c7e83fc1-e5cb-4527-ad71-ae80a57fad19;427.02;0.03103116;UNKNOWN
2016-04-13T04:00:02.000000;2016-04-13T04:00:02.000000;26668b66-523c-4fd2-be2c-6751848d15b9;427.02;0.1269136;UNKNOWN
2016-04-13T04:00:04.000000;2016-04-13T04:00:04.000000;389983d5-8344-4221-b6f5-9f583d9ce458;427.02;0.68117884;UNKNOWN
2016-04-13T04:00:15.000000;2016-04-13T04:00:15.000000;9a7aa841-b537-4867-a37a-2131b22000b1;427.02;0.01211618;UNKNOWN
2016-04-13T04:00:20.000000;2016-04-13T04:00:20.000000;65d2f1ca-ed58-4f85-9f9f-ed4cc8452b26;427.02;0.17454703;UNKNOWN
2016-04-13T04:00:21.000000;2016-04-13T04:00:21.000000;961857fe-474a-45e7-8a78-757d4b1737b0;427.02;0.6436156;UNKNOWN
2016-04-13T04:00:23.000000;2016-04-13T04:00:23.000000;456eaa8d-d7de-438e-8993-6ad2e2be91e4;427.02;0.13916272;UNKNOWN
2016-04-13T04:00:26.000000;2016-04-13T04:00:26.000000;639a06a9-3f10-4b6e-8b29-8dbfce1c0c5a;427.02;0.07286889;UNKNOWN
2016-04-13T04:00:27.000000;2016-04-13T04:00:27.000000;c7706217-ba8b-4555-b47a-7ec9f4514447;427.02;0.16699234;UNKNOWN
2016-04-13T04:00:31.000000;2016-04-13T04:00:31.000000;4029d61a-b59c-46f8-a970-f9d266a20590;427.02;0.0841535;UNKNOWN
2016-04-13T04:00:33.000000;2016-04-13T04:00:33.000000;c7261545-ee24-4165-a723-97f4bfd4b9c7;427.02;0.08953838;UNKNOWN
2016-04-13T04:00:34.000000;2016-04-13T04:00:34.000000;5ff839f8-5400-4e53-b064-2bd2fc87cd36;427.02;0.18715952;UNKNOWN
2016-04-13T04:00:35.000000;2016-04-13T04:00:35.000000;acb55179-3479-4a3a-95ab-451a1772c0b2;427.02;0.62372562;UNKNOWN
2016-04-13T04:00:37.000000;2016-04-13T04:00:37.000000;ac3ef480-22b4-48e2-ace4-a6776ae2769d;427.02;0.19896004;UNKNOWN
2016-04-13T04:00:48.000000;2016-04-13T04:00:48.000000;80631889-f076-46b3-815b-21c4d556d54d;427.02;0.04200822;UNKNOWN
2016-04-13T04:00:50.000000;2016-04-13T04:00:50.000000;d8c667dd-20b3-48d4-8c1f-cd5889e12455;427.02;0.01111348;UNKNOWN
2016-04-13T04:00:51.000000;2016-04-13T04:00:51.000000;e2d5811d-e551-4a90-92ca-04fb68984a98;427.01;0.11258793;UNKNOWN
2016-04-13T04:00:51.000000;2016-04-13T04:00:51.000000;3fb5088c-1472-4c4a-9567-b570d9aff920;427.02;0.04733668;UNKNOWN
2016-04-13T04:00:52.000000;2016-04-13T04:00:52.000000;3a0040dc-89d5-4859-85a5-45cc7b347166;427.01;0.69687923;UNKNOWN
2016-04-13T04:01:02.000000;2016-04-13T04:01:02.000000;c4ea3805-2e9c-414b-af56-0709dc9fa180;427.01;0.1179545;UNKNOWN
2016-04-13T04:01:11.000000;2016-04-13T04:01:11.000000;b5773059-dea5-495d-8b43-84e1e8b2cce4;427.01;0.01487504;UNKNOWN
2016-04-13T04:01:12.000000;2016-04-13T04:01:12.000000;96737ba0-d2bc-42d4-a07d-d9e85906d548;427.01;0.01220673;UNKNOWN
2016-04-13T04:01:14.000000;2016-04-13T04:01:14.000000;ac25d559-39ac-452a-8563-2554b21ff35a;427.01;0.19429779;UNKNOWN
2016-04-13T04:01:15.000000;2016-04-13T04:01:15.000000;1a9bd577-f0e8-4f2b-a854-949964232828;427.01;0.68469807;UNKNOWN
2016-04-13T04:02:09.000000;2016-04-13T04:02:09.000000;d8d98b7b-bbbe-4a36-9435-0891da63a4b0;427.01;0.03333154;UNKNOWN
2016-04-13T04:02:11.000000;2016-04-13T04:02:11.000000;5d21ed77-2974-4bf8-a901-58467bcd61c8;427.01;0.04054257;UNKNOWN
2016-04-13T04:02:12.000000;2016-04-13T04:02:12.000000;f7a6c23a-9700-4149-a908-51740247b894;427.01;0.14389104;UNKNOWN
2016-04-13T04:02:14.000000;2016-04-13T04:02:14.000000;4fa680dc-b593-46a4-8587-f73ace2fd13a;427.01;0.66984274;UNKNOWN
2016-04-13T04:02:15.000000;2016-04-13T04:02:15.000000;6877904f-d822-4c71-9c08-1a98f80a4b84;427.01;0.67421789;UNKNOWN
2016-04-13T04:02:16.000000;2016-04-13T04:02:16.000000;73c6dae5-b09e-41b4-bb5f-4418fc70badc;427.01;0.14441384;UNKNOWN
2016-04-13T04:02:18.000000;2016-04-13T04:02:18.000000;7c84d72a-847d-4786-8276-e2d9b002f840;427.01;0.08295624;UNKNOWN
2016-04-13T04:02:19.000000;2016-04-13T04:02:19.000000;dc2737ff-53df-445b-a027-399a264db5ed;427.01;0.08492858;UNKNOWN
2016-04-13T04:02:21.000000;2016-04-13T04:02:21.000000;d1bc633b-0d0e-4ec4-b3a8-13267b9dc2bd;427.01;0.19912713;UNKNOWN
2016-04-13T04:02:22.000000;2016-04-13T04:02:22.000000;0bf4c5bb-306d-4f61-a14b-98895c5f5212;427.01;0.05969352;UNKNOWN
2016-04-13T04:02:23.000000;2016-04-13T04:02:23.000000;c0c305cd-9023-4630-b6f0-e16a6d62a425;427.01;0.0182175;UNKNOWN
2016-04-13T04:02:25.000000;2016-04-13T04:02:25.000000;f09ea433-5c96-4eef-aa56-871ee00c79a0;427.01;0.14808876;UNKNOWN
2016-04-13T04:02:28.000000;2016-04-13T04:02:28.000000;01a15d8f-034b-4a92-afa5-0ea00bb7f3ab;427.01;0.0381195;UNKNOWN
2016-04-13T04:02:29.000000;2016-04-13T04:02:29.000000;f2319b87-21f5-4e49-9912-84969ce2c9aa;427.01;0.14478207;UNKNOWN
2016-04-13T04:02:31.000000;2016-04-13T04:02:31.000000;748e90a7-8361-4ea0-b543-69fbd33c0639;427.01;0.01649888;UNKNOWN
2016-04-13T04:02:32.000000;2016-04-13T04:02:32.000000;f44a1172-466c-49d0-b0a7-d4f3901c3951;427.01;0.0336674;UNKNOWN
2016-04-13T04:02:49.000000;2016-04-13T04:02:49.000000;dfe8d0ec-288d-4fca-80a3-cf2b9ae30fd3;427.01;0.01228228;UNKNOWN
2016-04-13T04:03:26.000000;2016-04-13T04:03:26.000000;6c97b83d-53a6-4d69-8ff7-c4e4c998f330;427.01;0.01576706;UNKNOWN
2016-04-13T04:04:57.000000;2016-04-13T04:04:57.000000;79bcbab1-40e5-4d19-b5c8-1dd9d78758c5;427.01;0.1483028;UNKNOWN
2016-04-13T04:05:34.000000;2016-04-13T04:05:34.000000;5baf28be-c869-4d3f-89da-32d81c9dd7b8;427.34;0.10914711;UNKNOWN
2016-04-13T04:05:38.000000;2016-04-13T04:05:38.000000;1fd5eca0-cbc6-4f39-bf11-770466c6591c;427.34;0.10914711;UNKNOWN
2016-04-13T04:05:41.000000;2016-04-13T04:05:41.000000;6271f81c-7a54-4cf9-a2fb-7954233829eb;427.34;0.10914711;UNKNOWN
2016-04-13T04:05:44.000000;2016-04-13T04:05:44.000000;94e6e0c3-f50b-4f82-927b-e7dc3ecc4dfd;427.34;0.10914711;UNKNOWN
2016-04-13T04:05:47.000000;2016-04-13T04:05:47.000000;bfa29546-3d6c-471c-a074-58c918ecbea4;427.34;0.10914711;UNKNOWN
2016-04-13T04:05:51.000000;2016-04-13T04:05:51.000000;055e9e48-2f4c-4fcb-a83c-6b2947e48cba;427.34;0.10914711;UNKNOWN
2016-04-13T04:05:55.000000;2016-04-13T04:05:55.000000;eefd64da-475c-449e-87ef-050c5ed5e544;427.34;0.10914711;UNKNOWN
2016-04-13T04:05:58.000000;2016-04-13T04:05:58.000000;9fe41913-4d0e-4784-8ed2-e5b58d7f3d61;427.34;0.10914711;UNKNOWN
2016-04-13T04:06:00.000000;2016-04-13T04:06:00.000000;95a29308-70d9-4f9a-8cb7-c28e43613651;427.34;0.10914711;UNKNOWN
2016-04-13T04:08:04.000000;2016-04-13T04:08:04.000000;960f816a-654b-4323-9cf7-77aa674d2800;427.34;0.075521;UNKNOWN
2016-04-13T04:15:41.000000;2016-04-13T04:15:41.000000;f456e69e-32c4-41bf-84f6-cd833baa323a;427.35;5.0;UNKNOWN
2016-04-13T04:16:04.000000;2016-04-13T04:16:04.000000;4e04b770-7dbf-4f88-a938-50e097c32310;427.34;0.01442985;UNKNOWN
2016-04-13T04:16:27.000000;2016-04-13T04:16:27.000000;e8e7584e-d836-4761-9790-e377cbc5a5dc;427.02;0.1;UNKNOWN
2016-04-13T04:23:43.000000;2016-04-13T04:23:43.000000;2248707e-7e87-4c18-952e-7fac293ede7b;427.01;0.597;UNKNOWN
2016-04-13T04:24:14.000000;2016-04-13T04:24:14.000000;cfbf57f2-9c37-405b-8a12-69b9096bbb31;427.01;0.0199;UNKNOWN
2016-04-13T04:24:18.000000;2016-04-13T04:24:18.000000;ba2efa15-12c5-47ce-9048-c758caa153f4;427.01;0.0199;UNKNOWN
2016-04-13T04:24:23.000000;2016-04-13T04:24:23.000000;e7993328-810b-42ab-b9b6-865bec2eb489;427.01;0.0199;UNKNOWN
2016-04-13T04:24:26.000000;2016-04-13T04:24:26.000000;e8c16390-47bb-4c8e-ad7a-7d4c88946a85;427.01;0.0199;UNKNOWN
2016-04-13T04:24:30.000000;2016-04-13T04:24:30.000000;a2a50eae-0a55-4124-acc9-aec723254f9b;427.01;0.0199;UNKNOWN
2016-04-13T04:24:35.000000;2016-04-13T04:24:35.000000;6db4a5ce-36b4-426b-a58b-9f4a1c626ae3;427.01;0.0199;UNKNOWN
2016-04-13T04:24:39.000000;2016-04-13T04:24:39.000000;6fb29765-e5f1-44d9-a56b-6568a1b3954a;427.01;0.0199;UNKNOWN
2016-04-13T04:24:43.000000;2016-04-13T04:24:43.000000;f98293cc-f7f8-4b72-ab32-96a8fe61759c;427.01;0.0194;UNKNOWN
2016-04-13T04:24:52.000000;2016-04-13T04:24:52.000000;a0eaea7a-b150-4609-89dd-ddd58d8efa93;427.04;4.56907876;UNKNOWN
2016-04-13T04:24:52.000000;2016-04-13T04:24:52.000000;d56932dd-31c8-40a4-855e-f4553c122186;427.04;2.87722124;UNKNOWN
2016-04-13T04:24:52.000000;2016-04-13T04:24:52.000000;e7e1a184-b9b8-45ca-a994-f38ddbe15e4e;427.03;0.176;UNKNOWN
2016-04-13T04:24:52.000000;2016-04-13T04:24:52.000000;39b8843e-0e86-4a81-8fd7-a4af4c3cc6e3;427.03;0.161;UNKNOWN
2016-04-13T04:24:52.000000;2016-04-13T04:24:52.000000;b66726f3-2dde-4cbf-9634-59e63d658471;427.03;12.743;UNKNOWN
2016-04-13T04:25:46.000000;2016-04-13T04:25:46.000000;c259f958-386b-43eb-a369-90e9d4282de3;427.04;4.56965293;UNKNOWN
2016-04-13T04:25:46.000000;2016-04-13T04:25:46.000000;e3f3cce4-5b44-4b5e-9df4-9215fb9c1fd8;427.04;1.69237949;UNKNOWN
2016-04-13T04:25:46.000000;2016-04-13T04:25:46.000000;adfa560a-890f-40c5-b08d-0eec806b5958;427.04;4.56960073;UNKNOWN
2016-04-13T04:25:46.000000;2016-04-13T04:25:46.000000;d12c79b9-3ba3-4bac-ada4-1053aeab023b;427.04;4.56960073;UNKNOWN
2016-04-13T04:25:46.000000;2016-04-13T04:25:46.000000;17ddddd0-2d3b-4306-9656-d68a71779fee;427.12;4.68243596;UNKNOWN
2016-04-13T04:25:46.000000;2016-04-13T04:25:46.000000;376b3863-debd-4b0c-b806-98bb208f291b;427.04;4.56965293;UNKNOWN
2016-04-13T04:25:46.000000;2016-04-13T04:25:46.000000;7e0e177d-6e16-4566-9f37-644ff4a8e461;427.07;4.56960073;UNKNOWN
2016-04-13T04:25:46.000000;2016-04-13T04:25:46.000000;b298879f-7276-4c37-bc33-bc3e1932c809;427.12;4.56960073;UNKNOWN
2016-04-13T04:25:46.000000;2016-04-13T04:25:46.000000;53dae39b-c20d-4ba0-8a09-d32ecfb073ce;427.04;4.57017504;UNKNOWN
2016-04-13T04:25:46.000000;2016-04-13T04:25:46.000000;06f71ece-7518-47cb-b5d5-ab57a060cdbf;427.04;4.56960073;UNKNOWN
2016-04-13T04:25:46.000000;2016-04-13T04:25:46.000000;c2a0220b-2358-41a6-8697-81db61347a6a;427.06;7.0087;UNKNOWN
2016-04-13T04:25:46.000000;2016-04-13T04:25:46.000000;2d6c98dc-ed20-4170-93ef-f5bb01f8d3e0;427.04;0.059;UNKNOWN
2016-04-13T04:25:47.000000;2016-04-13T04:25:47.000000;40d25aa1-d0f3-4e7d-8836-7a7affcb2398;427.01;11.569;UNKNOWN
2016-04-13T04:28:19.000000;2016-04-13T04:28:19.000000;2d548a41-b728-4c6a-8880-76fdff289b3b;427.02;1.0;UNKNOWN
2016-04-13T04:28:29.000000;2016-04-13T04:28:29.000000;aa1f5746-0871-4fba-8ed0-7f5ee00be19f;427.01;5.15934907;UNKNOWN
2016-04-13T04:28:29.000000;2016-04-13T04:28:29.000000;f60e4f07-6fd6-438d-ba8e-b0f93e892bd4;427.01;0.01395301;UNKNOWN
2016-04-13T04:28:53.000000;2016-04-13T04:28:53.000000;767c1275-381b-4270-a5c1-0280cbee2788;426.7;9.0;UNKNOWN
2016-04-13T04:31:45.000000;2016-04-13T04:31:45.000000;c63d408d-83c7-4886-b14f-e44a7467a6fe;426.62;1.974;UNKNOWN
2016-04-13T04:36:26.000000;2016-04-13T04:36:26.000000;9fa89307-d586-4045-bab6-668ce0baca92;426.65;0.235;UNKNOWN
2016-04-13T04:36:26.000000;2016-04-13T04:36:26.000000;78246e30-be1b-4866-96ff-d3db6a633b93;426.73;3.87664785;UNKNOWN
2016-04-13T04:36:26.000000;2016-04-13T04:36:26.000000;02be3818-b9ae-407d-8b30-1ed27082d736;426.63;4.58594637;UNKNOWN
2016-04-13T04:36:26.000000;2016-04-13T04:36:26.000000;48ab9949-e5a5-4d82-8abe-a2399c927d6e;426.63;4.58731378;UNKNOWN
2016-04-13T04:36:26.000000;2016-04-13T04:36:26.000000;a4db0ca0-6685-4d0a-a8b2-b183234bdda4;426.68;4.57802092;UNKNOWN
2016-04-13T04:36:26.000000;2016-04-13T04:36:26.000000;9374144e-6287-40aa-9ac4-b2262a8621c7;426.64;4.58043239;UNKNOWN
2016-04-13T04:36:26.000000;2016-04-13T04:36:26.000000;5ec621aa-48d3-40bd-aa92-60c334311e51;426.63;4.58810305;UNKNOWN
2016-04-13T04:36:26.000000;2016-04-13T04:36:26.000000;79edf01e-ca81-4389-af6b-d6cdb4b3a6b3;426.67;7.0287;UNKNOWN
2016-04-13T04:36:26.000000;2016-04-13T04:36:26.000000;7161e3f5-0251-4090-8442-cacd579d72a3;426.63;4.58826093;UNKNOWN
2016-04-13T04:36:26.000000;2016-04-13T04:36:26.000000;10821dcf-359f-4705-a792-cb17041ead4a;426.64;0.176;UNKNOWN
2016-04-13T04:36:26.000000;2016-04-13T04:36:26.000000;f456217b-da8a-436d-b995-8eaac358ca43;426.63;4.58826093;UNKNOWN
2016-04-13T04:36:26.000000;2016-04-13T04:36:26.000000;098ab131-4a78-4587-9fe8-ab3a558e9ba9;426.63;4.58731378;UNKNOWN
2016-04-13T04:43:41.000000;2016-04-13T04:43:41.000000;323f64ba-5fa0-46d3-ac07-e555f85762f3;426.83;0.597;UNKNOWN
2016-04-13T04:45:03.000000;2016-04-13T04:45:03.000000;fe0c55cd-c25d-4ab1-ae63-aab297fac1d7;426.83;0.0141;UNKNOWN
2016-04-13T04:45:05.000000;2016-04-13T04:45:05.000000;72366af7-9995-4826-8bf7-87296937218e;426.87;2.35283046;UNKNOWN
2016-04-13T04:45:18.000000;2016-04-13T04:45:18.000000;81e9c16d-e958-42b5-aade-c5595e778bac;426.83;3.2311;UNKNOWN
2016-04-13T04:45:18.000000;2016-04-13T04:45:18.000000;72f6e470-0c7c-4006-9866-6782ced02596;426.83;0.7689;UNKNOWN
2016-04-13T04:51:19.000000;2016-04-13T04:51:19.000000;90aca3c8-3104-495a-ab6c-b7ebf660d991;426.82;3.619699;UNKNOWN
2016-04-13T04:56:44.000000;2016-04-13T04:56:44.000000;da76b446-8536-4a18-a0a4-9f2194a1b481;426.85;0.06;UNKNOWN
2016-04-13T04:58:04.000000;2016-04-13T04:58:04.000000;f1e86284-1dbf-46fc-bf64-48b931ed51f8;426.82;0.08;UNKNOWN
2016-04-13T04:59:22.000000;2016-04-13T04:59:22.000000;6cdc27c8-cf83-43fa-9912-673f1b90d5e5;426.82;4.250301;UNKNOWN
2016-04-13T04:59:56.000000;2016-04-13T04:59:56.000000;578c93b1-fa88-480f-a61e-a47a8374afd0;426.81;6.57;UNKNOWN
2016-04-13T04:59:56.000000;2016-04-13T04:59:56.000000;806a0e43-e531-4a7a-a1dc-336acb707f9e;426.66;2.0;UNKNOWN
2016-04-13T04:59:56.000000;2016-04-13T04:59:56.000000;b5389e61-9300-47f2-8384-17d28d8a49b9;426.8;8.45;UNKNOWN
2016-04-13T04:59:56.000000;2016-04-13T04:59:56.000000;3c32e431-0b39-4c6e-ae64-a5065a2d7f1b;426.81;0.104;UNKNOWN
2016-04-13T04:59:56.000000;2016-04-13T04:59:56.000000;ee560dc8-ea06-4c61-8201-d708ea43744d;426.6;2.87990153;UNKNOWN
2016-04-13T05:02:28.000000;2016-04-13T05:02:28.000000;3f894250-92f9-4d55-8df6-f8f6bcef53b1;426.22;0.01609916;UNKNOWN
2016-04-13T05:02:28.000000;2016-04-13T05:02:28.000000;4e3c6178-5650-4e83-af27-05ae0beca877;426.33;0.02462;UNKNOWN
2016-04-13T05:02:28.000000;2016-04-13T05:02:28.000000;72f8242b-e13b-4521-b33a-4c4ec82ae158;426.22;0.65;UNKNOWN
2016-04-13T05:02:28.000000;2016-04-13T05:02:28.000000;28d10091-8aaa-499b-ac4c-b8e85388fc5e;426.49;0.1;UNKNOWN
2016-04-13T05:02:28.000000;2016-04-13T05:02:28.000000;62cb56b1-0872-4ad1-80d5-a584b4b25ad1;426.23;0.1;UNKNOWN
2016-04-13T05:02:28.000000;2016-04-13T05:02:28.000000;a2dfe230-e879-486a-9804-160f4f3779fe;426.24;0.1;UNKNOWN
2016-04-13T05:02:28.000000;2016-04-13T05:02:28.000000;aa70f64e-e6b2-4dce-8e49-660f6a9f2e5e;426.51;0.40624537;UNKNOWN
2016-04-13T05:02:28.000000;2016-04-13T05:02:28.000000;f1aa45d0-0a1a-40ba-b072-1b545365456a;426.5;1.0;UNKNOWN
2016-04-13T05:02:28.000000;2016-04-13T05:02:28.000000;fff908bd-83f9-4809-8751-58291e7e6899;426.6;1.12009847;UNKNOWN
2016-04-13T05:02:28.000000;2016-04-13T05:02:28.000000;92c59458-1968-4d9f-a97d-946d06aa39a8;426.5;1.0;UNKNOWN
2016-04-13T05:02:28.000000;2016-04-13T05:02:28.000000;dd863c4a-6301-4307-9f20-78fc58367b5e;426.34;0.1;UNKNOWN
2016-04-13T05:02:32.000000;2016-04-13T05:02:32.000000;ec562f7b-8fad-4a50-9dcf-65b37672f440;426.2;0.1;UNKNOWN
2016-04-13T05:02:32.000000;2016-04-13T05:02:32.000000;b6ff2277-1312-475c-be8d-b164db8007a5;426.21;0.1;UNKNOWN
2016-04-13T05:02:32.000000;2016-04-13T05:02:32.000000;8077fbd4-dc7c-4f30-8bae-6939ad16bedb;426.09;0.1;UNKNOWN
2016-04-13T05:02:32.000000;2016-04-13T05:02:32.000000;d9ead523-351a-4139-8419-4a41ae3ac0f2;426.22;0.08390084;UNKNOWN
2016-04-13T05:02:32.000000;2016-04-13T05:02:32.000000;0caa2886-a732-439d-a961-0f446c813797;426.01;0.61609916;UNKNOWN
2016-04-13T05:02:40.000000;2016-04-13T05:02:40.000000;9f1649de-8c4c-4205-b67d-a67fd904dbd4;426.02;0.24100852;UNKNOWN
2016-04-13T05:07:03.000000;2016-04-13T05:07:03.000000;90746d8a-428e-494d-850e-f425489997c7;426.15;1.16882313;UNKNOWN
2016-04-13T05:07:45.000000;2016-04-13T05:07:45.000000;eda44d7a-833b-4dfe-8e3a-5841d0e69d9c;426.15;1.83117687;UNKNOWN
2016-04-13T05:07:45.000000;2016-04-13T05:07:45.000000;bbc0c45b-6388-4757-9a15-5528dd8cb663;426.33;3.16882313;UNKNOWN
2016-04-13T05:10:05.000000;2016-04-13T05:10:05.000000;9bbc1bae-cb97-475e-ba9c-b556705bf007;426.4;0.31401748;UNKNOWN
2016-04-13T05:11:29.000000;2016-04-13T05:11:29.000000;cc1ee3b6-0772-4c1d-89b8-97da0b09d12c;426.59;0.01;UNKNOWN
2016-04-13T05:11:33.000000;2016-04-13T05:11:33.000000;281e2487-5f56-4379-9c85-7e806b88a477;426.59;0.01;UNKNOWN
2016-04-13T05:11:34.000000;2016-04-13T05:11:34.000000;ae3f2847-9b15-4440-80ec-2f7977d71f62;426.59;0.01;UNKNOWN
2016-04-13T05:12:21.000000;2016-04-13T05:12:21.000000;1ae22412-977c-4639-953b-1ba069b3509a;426.47;4.0;UNKNOWN
2016-04-13T05:12:21.000000;2016-04-13T05:12:21.000000;24cef3d2-847e-49f5-97e0-6c6484b1bb4b;426.51;0.117;UNKNOWN
2016-04-13T05:12:21.000000;2016-04-13T05:12:21.000000;aef64aba-3d86-41c5-a27b-aa38e9fb60a9;426.52;0.235;UNKNOWN
2016-04-13T05:12:21.000000;2016-04-13T05:12:21.000000;fd6056f0-03ca-4237-9a95-c8e01b5a8637;426.63;6.9649;UNKNOWN
2016-04-13T05:12:21.000000;2016-04-13T05:12:21.000000;d26228a4-b67a-4874-a75a-c1e00b01cac3;426.64;11.6831;UNKNOWN
2016-04-13T05:16:49.000000;2016-04-13T05:16:49.000000;364f2dbe-3d40-4497-9e1c-c5f162ca337d;426.4;7.35998252;UNKNOWN
2016-04-13T05:16:49.000000;2016-04-13T05:16:49.000000;ec007a91-ce44-4ac5-83f0-5f8a8ca0cc62;426.01;3.64001748;UNKNOWN
2016-04-13T05:16:49.000000;2016-04-13T05:16:49.000000;17c3f4df-6112-4a4f-b330-7a98c8595a3f;426.1;4.0;UNKNOWN
2016-04-13T05:16:51.000000;2016-04-13T05:16:51.000000;df525aa0-a288-48fc-bd03-18e6686471dc;426.01;20.0;UNKNOWN
2016-04-13T05:17:08.000000;2016-04-13T05:17:08.000000;52c8b555-dca7-4e9a-8dad-0a89391fd77c;426.01;0.51608632;UNKNOWN
2016-04-13T05:20:45.000000;2016-04-13T05:20:45.000000;673b1d82-ea8d-42c0-8b72-1834d39b239d;426.0;28.58220296;UNKNOWN
2016-04-13T05:20:45.000000;2016-04-13T05:20:45.000000;1eb1cbb3-0b73-4bcd-a13e-02875f4e3440;426.01;0.1;UNKNOWN
2016-04-13T05:20:45.000000;2016-04-13T05:20:45.000000;65f28406-b71c-49e0-a809-1d14f1bf3418;426.01;1.0;UNKNOWN
2016-04-13T05:20:45.000000;2016-04-13T05:20:45.000000;22b34e87-bbb5-452d-9358-63aa5444978c;426.01;0.1;UNKNOWN
2016-04-13T05:20:45.000000;2016-04-13T05:20:45.000000;3bdeea49-3dbc-45f5-9afa-ce31a6466907;426.01;0.21779704;UNKNOWN
2016-04-13T05:20:54.000000;2016-04-13T05:20:54.000000;5a1354f6-a8f0-4423-8ef0-7c9012db3a02;426.0;1.0;UNKNOWN
2016-04-13T05:23:03.000000;2016-04-13T05:23:03.000000;06bcf9d6-089b-444f-a7bd-4a635d6c8887;426.0;20.40779704;UNKNOWN
2016-04-13T05:23:03.000000;2016-04-13T05:23:03.000000;29b1e191-e352-40d2-879f-313a9208ccd9;426.0;17.59220296;UNKNOWN
2016-04-13T05:24:59.000000;2016-04-13T05:24:59.000000;2f5c0e32-21d0-4a0a-99b5-cc91cf07f163;426.0;4.339;UNKNOWN
2016-04-13T05:24:59.000000;2016-04-13T05:24:59.000000;b38d47ec-84ee-4cf4-8b6f-8c49c2956c1b;426.0;1.0;UNKNOWN
2016-04-13T05:24:59.000000;2016-04-13T05:24:59.000000;0a9a3371-9cbf-4665-a927-5badae74e86f;426.0;82.39779704;UNKNOWN
2016-04-13T05:24:59.000000;2016-04-13T05:24:59.000000;81931046-4ba0-48c1-920a-a261695eb8f9;426.0;0.1;UNKNOWN
2016-04-13T05:25:06.000000;2016-04-13T05:25:06.000000;bb78a207-6068-40ac-b6df-a7460836e8a5;425.62;0.1;UNKNOWN
2016-04-13T05:25:06.000000;2016-04-13T05:25:06.000000;b935b1ff-8471-497a-9e28-a787e6d8fd97;425.65;0.1;UNKNOWN
2016-04-13T05:25:06.000000;2016-04-13T05:25:06.000000;fa22ca71-b943-44ee-a11a-fe2f933e0e93;425.93;0.1;UNKNOWN
2016-04-13T05:25:06.000000;2016-04-13T05:25:06.000000;5b4edacb-e9c0-4acc-86c7-624c5416377e;425.9;0.2;UNKNOWN
2016-04-13T05:25:06.000000;2016-04-13T05:25:06.000000;1d6ac71f-6b7b-41ac-a636-1f33299efcc5;425.7;0.1;UNKNOWN
2016-04-13T05:25:06.000000;2016-04-13T05:25:06.000000;39f05f0c-d647-46e1-8c15-7271b008ca73;425.96;0.1;UNKNOWN
2016-04-13T05:25:06.000000;2016-04-13T05:25:06.000000;bf50013d-9e59-4e6e-9a6d-728473bf0838;425.96;0.1;UNKNOWN
2016-04-13T05:25:06.000000;2016-04-13T05:25:06.000000;0a0a6c55-06cf-4bbf-90a9-198cc8dc679e;425.94;0.1;UNKNOWN
2016-04-13T05:25:06.000000;2016-04-13T05:25:06.000000;31e0673a-6c94-4cfc-86cf-d8cd3f083ec2;425.95;0.1;UNKNOWN
2016-04-13T05:25:06.000000;2016-04-13T05:25:06.000000;e909f1ae-d426-442c-810d-3054db7c5c07;425.56;4.68210479;UNKNOWN
2016-04-13T05:25:06.000000;2016-04-13T05:25:06.000000;72b8ea5c-dd4d-4a12-9a87-8230680a1555;425.6;0.1;UNKNOWN
2016-04-13T05:25:06.000000;2016-04-13T05:25:06.000000;01959200-1f40-453b-b0d3-254e602ce2cf;425.82;0.1;UNKNOWN
2016-04-13T05:25:06.000000;2016-04-13T05:25:06.000000;189a74c5-2df1-4062-b996-35f1b1790ab1;425.59;0.1;UNKNOWN
2016-04-13T05:25:06.000000;2016-04-13T05:25:06.000000;1148361b-8a3e-4bcc-aa7d-62a9e9a19ebb;425.62;0.1;UNKNOWN
2016-04-13T05:25:06.000000;2016-04-13T05:25:06.000000;a610cd1b-ddfc-4909-afd4-bc48f4411169;425.61;0.1;UNKNOWN
2016-04-13T05:25:13.000000;2016-04-13T05:25:13.000000;f7d20305-2ebb-4b7b-8d81-2c1c25cf9602;425.55;0.1;UNKNOWN
2016-04-13T05:25:13.000000;2016-04-13T05:25:13.000000;cc3a9c42-0275-49d5-922b-da5210816055;425.52;0.1;UNKNOWN
2016-04-13T05:25:13.000000;2016-04-13T05:25:13.000000;67585540-bf8b-4ab8-9717-2f422eea48c8;425.51;3.0;UNKNOWN
2016-04-13T05:25:13.000000;2016-04-13T05:25:13.000000;e3cf636d-4ddd-4e42-867b-b186343047df;425.51;5.3;UNKNOWN
2016-04-13T05:25:16.000000;2016-04-13T05:25:16.000000;94227e1d-2d76-4a3c-a199-98d6ff505ce7;425.87;1.01784652;UNKNOWN
2016-04-13T05:25:17.000000;2016-04-13T05:25:17.000000;f2afc01f-b5ed-4939-8e01-d4deef126825;425.87;1.01816946;UNKNOWN
2016-04-13T05:25:18.000000;2016-04-13T05:25:18.000000;af81c690-9d2a-4197-8298-544e282addd6;425.87;1.01784652;UNKNOWN
2016-04-13T05:25:19.000000;2016-04-13T05:25:19.000000;69473161-ff07-41d8-b0e7-d6c85b8e09bd;425.53;0.68955347;UNKNOWN
2016-04-13T05:30:06.000000;2016-04-13T05:30:06.000000;9c269d70-f7c3-4d55-b246-fd35dda900d2;425.52;0.103387;UNKNOWN
2016-04-13T05:30:20.000000;2016-04-13T05:30:20.000000;903ef74d-7dac-49a3-a216-286d29787578;425.52;0.104381;UNKNOWN
2016-04-13T05:30:51.000000;2016-04-13T05:30:51.000000;d8f96864-af4e-4c2f-ae99-9d37d6739b58;425.52;0.104696;UNKNOWN
2016-04-13T05:31:33.000000;2016-04-13T05:31:33.000000;7a051d33-ffde-489d-93da-2699445322e6;425.53;0.05778;UNKNOWN
2016-04-13T05:32:22.000000;2016-04-13T05:32:22.000000;aa15453e-2289-4acd-a805-f9da2c666c20;425.53;0.15178;UNKNOWN
2016-04-13T05:32:22.000000;2016-04-13T05:32:22.000000;bcd74398-fe0f-4feb-b08e-bfd7c89e49da;425.53;0.09722;UNKNOWN
2016-04-13T05:32:29.000000;2016-04-13T05:32:29.000000;0e463025-4512-4d82-ba33-444eae4e245f;425.52;0.0729;UNKNOWN
2016-04-13T05:33:51.000000;2016-04-13T05:33:51.000000;9c0f85a3-d9da-48f3-8df7-21f6bc496092;425.51;0.026;UNKNOWN
2016-04-13T05:33:56.000000;2016-04-13T05:33:56.000000;b0658a74-aab3-43cb-a0c3-8c23d74259cc;425.51;0.026;UNKNOWN
2016-04-13T05:34:32.000000;2016-04-13T05:34:32.000000;9e2f50fb-c0f6-4f5b-be8e-49b43d15bcb5;425.51;0.165;UNKNOWN
2016-04-13T05:34:36.000000;2016-04-13T05:34:36.000000;4b706836-5082-4b43-812c-222e779a8964;425.51;1.0;UNKNOWN
2016-04-13T05:34:43.000000;2016-04-13T05:34:43.000000;112f806c-3b44-4ce1-8b62-fbe112d12342;425.51;0.261;UNKNOWN
2016-04-13T05:34:47.000000;2016-04-13T05:34:47.000000;2079e444-fcf9-474b-9b68-327d08609119;425.51;0.832;UNKNOWN
2016-04-13T05:34:52.000000;2016-04-13T05:34:52.000000;332df442-ac17-4ba8-9797-a2aec3f106bc;425.51;1.0;UNKNOWN
2016-04-13T05:34:56.000000;2016-04-13T05:34:56.000000;31131e3b-2fc0-4725-9393-5a150fdf4056;425.51;1.0;UNKNOWN
2016-04-13T05:35:01.000000;2016-04-13T05:35:01.000000;0cb76998-59af-49b6-9b4d-a3fff6b54609;425.51;1.0;UNKNOWN
2016-04-13T05:35:06.000000;2016-04-13T05:35:06.000000;7a4aabad-7cd6-401f-be0e-965ba73cce12;425.51;0.408;UNKNOWN
2016-04-13T05:35:10.000000;2016-04-13T05:35:10.000000;243d55c2-fb5a-44cf-80d2-cf035bf62e5c;425.51;1.0;UNKNOWN
2016-04-13T05:35:15.000000;2016-04-13T05:35:15.000000;e609872b-3c93-4c69-afc0-50550fae7bb8;425.51;0.728;UNKNOWN
2016-04-13T05:35:20.000000;2016-04-13T05:35:20.000000;4a31983c-1ca0-418d-81fa-8b320f491cde;425.51;0.581;UNKNOWN
2016-04-13T05:35:24.000000;2016-04-13T05:35:24.000000;8d52bd69-62cd-444a-b126-ec76d3228ce0;425.51;0.026;UNKNOWN
2016-04-13T05:35:28.000000;2016-04-13T05:35:28.000000;af272ad2-0d1c-4713-8e0a-b8f003490aa6;425.51;0.585;UNKNOWN
2016-04-13T05:35:32.000000;2016-04-13T05:35:32.000000;5e51cd37-0563-4540-a3aa-b39845c275fb;425.51;0.174;UNKNOWN
2016-04-13T05:35:36.000000;2016-04-13T05:35:36.000000;8e8ae43b-e046-4b3c-b7d5-c7afbda7633e;425.51;0.026;UNKNOWN
2016-04-13T05:35:40.000000;2016-04-13T05:35:40.000000;bfc00228-b0eb-4646-bbd4-7bddafc76409;425.51;0.155;UNKNOWN
2016-04-13T05:35:45.000000;2016-04-13T05:35:45.000000;c44efc02-4dff-4490-a954-bd686d4d4fe9;425.51;1.0;UNKNOWN
2016-04-13T05:35:50.000000;2016-04-13T05:35:50.000000;87235ec8-8b97-45b7-91de-1bd3fc7ae85d;425.51;0.026;UNKNOWN
2016-04-13T05:35:55.000000;2016-04-13T05:35:55.000000;dbd8b44d-9c92-474c-97b2-69d19e7a6b2d;425.51;0.981;UNKNOWN
2016-04-13T05:35:59.000000;2016-04-13T05:35:59.000000;b2e95711-6249-47ea-a118-1a60110e78c1;425.51;0.079;UNKNOWN
2016-04-13T05:36:03.000000;2016-04-13T05:36:03.000000;95fcb2f9-3ea8-4bc8-adee-c4beebd71d1e;425.51;1.0;UNKNOWN
2016-04-13T05:36:05.000000;2016-04-13T05:36:05.000000;a754435e-1436-45f2-a225-1793a3f94d4c;425.51;1.22560343;UNKNOWN
2016-04-13T05:36:08.000000;2016-04-13T05:36:08.000000;27c4a32f-0c96-40b7-b227-3f84e4051d01;425.51;0.41032;UNKNOWN
2016-04-13T05:36:42.000000;2016-04-13T05:36:42.000000;8d001604-fc20-463c-a394-e4de033b15f6;425.52;0.075;UNKNOWN
2016-04-13T05:36:43.000000;2016-04-13T05:36:43.000000;f0a93472-eef4-495a-883b-b0d07a95fc61;425.52;0.075;UNKNOWN
2016-04-13T05:36:44.000000;2016-04-13T05:36:44.000000;d4368b28-7c76-48bd-a550-029222c23736;425.52;0.075;UNKNOWN
2016-04-13T05:39:06.000000;2016-04-13T05:39:06.000000;21322f44-b030-4e01-8faf-7e096d985c7c;425.52;1.0;UNKNOWN
2016-04-13T05:47:38.000000;2016-04-13T05:47:38.000000;3a6152b6-5b23-436c-b8f3-29c70e59768f;425.52;0.2;UNKNOWN
2016-04-13T05:52:32.000000;2016-04-13T05:52:32.000000;c5943906-070b-475f-b83c-851f2269c7db;425.51;0.72668647;UNKNOWN
2016-04-13T05:52:44.000000;2016-04-13T05:52:44.000000;2d49676b-8fb4-403c-bee4-1537dd718edf;425.52;0.039443;UNKNOWN
2016-04-13T05:56:53.000000;2016-04-13T05:56:53.000000;540245d3-16bc-402e-8373-2e8401a0a571;425.51;0.2;UNKNOWN
2016-04-13T06:01:41.000000;2016-04-13T06:01:41.000000;33bfea19-43ef-4746-903d-b0c9f4817a17;425.52;0.01469;UNKNOWN
2016-04-13T06:02:30.000000;2016-04-13T06:02:30.000000;fa30598c-5f86-46a8-9f21-6ceb3053f992;425.52;0.01952729;UNKNOWN
2016-04-13T06:02:32.000000;2016-04-13T06:02:32.000000;0c4f6388-6141-4d77-a8c3-bcc0aed8d797;425.52;0.02698996;UNKNOWN
2016-04-13T06:02:36.000000;2016-04-13T06:02:36.000000;6ad33f5d-1926-4c1c-976d-5d66d0acf588;425.52;0.01279834;UNKNOWN
2016-04-13T06:02:57.000000;2016-04-13T06:02:57.000000;c735c3e4-e1ed-4456-a886-646beb812e50;425.52;0.04355141;UNKNOWN
2016-04-13T06:02:57.000000;2016-04-13T06:02:57.000000;0c419856-cf48-4039-b453-e3aa29cc82a5;425.52;0.81444604;UNKNOWN
2016-04-13T06:02:57.000000;2016-04-13T06:02:57.000000;69615df0-700d-4cc7-847a-ad741ba05c67;425.52;0.05971404;UNKNOWN
2016-04-13T06:03:03.000000;2016-04-13T06:03:03.000000;bead1cc3-578a-4a41-af27-975904925bb0;425.52;0.09435577;UNKNOWN
2016-04-13T06:05:00.000000;2016-04-13T06:05:00.000000;fd825869-4008-447e-93a8-9534df2280af;425.49;0.11052026;UNKNOWN
2016-04-13T06:05:00.000000;2016-04-13T06:05:00.000000;c10bf1da-9cc6-4e49-8adc-ef92d46b25d4;425.5;2.0;UNKNOWN
2016-04-13T06:05:00.000000;2016-04-13T06:05:00.000000;a36bbac4-916c-4106-912b-357375460598;425.51;2.0483901;UNKNOWN
2016-04-13T06:05:00.000000;2016-04-13T06:05:00.000000;3296a026-f84b-4680-aab1-09b6aa0e1c96;425.35;0.1;UNKNOWN
2016-04-13T06:05:00.000000;2016-04-13T06:05:00.000000;ef3044b2-b3ec-4b79-b662-9e6accbd29ba;425.51;5.4;UNKNOWN
2016-04-13T06:05:00.000000;2016-04-13T06:05:00.000000;80748864-324f-4f99-bee4-21003d9d30c5;425.38;3.93;UNKNOWN
2016-04-13T06:05:00.000000;2016-04-13T06:05:00.000000;52a75023-6d22-402f-b1b6-e26a3e087852;425.35;0.1;UNKNOWN
2016-04-13T06:05:00.000000;2016-04-13T06:05:00.000000;2c158002-b162-44b3-8b00-db815e8b6010;425.25;0.11398964;UNKNOWN
2016-04-13T06:05:00.000000;2016-04-13T06:05:00.000000;2aa43158-f862-4107-98a6-edf44a9fd5c6;425.34;0.773;UNKNOWN
2016-04-13T06:05:00.000000;2016-04-13T06:05:00.000000;2073fe3a-83cb-4a68-877d-f388c7a75df8;425.35;0.2241;UNKNOWN
2016-04-13T06:05:00.000000;2016-04-13T06:05:00.000000;e1f698af-48ea-4120-bdf1-12765d4a63f2;425.47;0.1;UNKNOWN
2016-04-13T06:05:00.000000;2016-04-13T06:05:00.000000;fd8be04e-7996-4980-9c34-ac530d53d7b0;425.35;0.1;UNKNOWN
2016-04-13T06:05:10.000000;2016-04-13T06:05:10.000000;999cf1b7-d5a4-4a0d-99b2-4f449f033058;425.25;1.0;UNKNOWN
2016-04-13T06:05:34.000000;2016-04-13T06:05:34.000000;37effd89-8e9b-426c-83b4-a29decc4d44e;425.25;3.88601036;UNKNOWN
2016-04-13T06:05:34.000000;2016-04-13T06:05:34.000000;941bef34-93bb-4fbd-b658-81b2b53480dc;425.0;7.15855365;UNKNOWN
2016-04-13T06:05:34.000000;2016-04-13T06:05:34.000000;54836c7e-70ec-456f-8c80-629e404e4465;425.01;0.1;UNKNOWN
2016-04-13T06:05:34.000000;2016-04-13T06:05:34.000000;89d33c39-63cf-4c91-bebf-ba34d47d2a83;425.16;0.3;UNKNOWN
2016-04-13T06:05:34.000000;2016-04-13T06:05:34.000000;2311c525-866d-4afe-b1bc-53ac915c3ec7;425.0;20.836458;UNKNOWN
2016-04-13T06:05:34.000000;2016-04-13T06:05:34.000000;636f7fed-25ef-49f4-8db8-4a24cd26e12b;425.01;24.99;UNKNOWN
2016-04-13T06:05:34.000000;2016-04-13T06:05:34.000000;58b7d27e-1df1-4e0c-a879-8fb8dc8dff65;425.01;3.56;UNKNOWN
2016-04-13T06:05:34.000000;2016-04-13T06:05:34.000000;e5b4e6b0-d0b6-414b-bb59-4ab12adbbdc4;425.09;6.746;UNKNOWN
2016-04-13T06:05:34.000000;2016-04-13T06:05:34.000000;5750fc3b-8006-43f8-8da8-452388040f74;425.24;5.81750599;UNKNOWN
2016-04-13T06:05:34.000000;2016-04-13T06:05:34.000000;4afed763-4cd8-443c-baa9-6ae2c605bea2;425.01;0.1;UNKNOWN
2016-04-13T06:05:41.000000;2016-04-13T06:05:41.000000;2a63e813-4dd7-4c6c-8057-7d3db1e7e25b;425.0;1.0;UNKNOWN
2016-04-13T06:05:56.000000;2016-04-13T06:05:56.000000;6a6a3aef-c003-414b-bfa6-5b04ba47af4d;425.0;2.0;UNKNOWN
2016-04-13T06:06:09.000000;2016-04-13T06:06:09.000000;677c8777-634d-4f9c-bcdc-3604a8da66f2;425.01;2.0;UNKNOWN
2016-04-13T06:06:20.000000;2016-04-13T06:06:20.000000;f9966361-8d1c-4f0d-8e8a-4a10ebfcf79e;425.0;39.83144635;UNKNOWN
2016-04-13T06:06:20.000000;2016-04-13T06:06:20.000000;6086b6d7-14a8-4a7c-88aa-77d7a04e9af0;424.77;0.1;UNKNOWN
2016-04-13T06:06:20.000000;2016-04-13T06:06:20.000000;a87e2c7c-b3e4-4a7d-be8e-64d026f682bd;424.99;0.1;UNKNOWN
2016-04-13T06:06:20.000000;2016-04-13T06:06:20.000000;b7a8a752-4b62-4cf1-b656-f6122f11f840;425.0;2.0;UNKNOWN
2016-04-13T06:06:20.000000;2016-04-13T06:06:20.000000;d513adc3-1afd-418e-ba72-75e21e68831c;425.0;50.0;UNKNOWN
2016-04-13T06:06:20.000000;2016-04-13T06:06:20.000000;88bc2324-8c9f-4e10-9bba-a54c73e11358;424.98;0.1;UNKNOWN
2016-04-13T06:06:20.000000;2016-04-13T06:06:20.000000;3b021cfd-2a7a-4ec5-82c8-f418546e3d48;424.76;0.1;UNKNOWN
2016-04-13T06:06:20.000000;2016-04-13T06:06:20.000000;06ff6ab1-fb6c-4574-86db-19d05b771dc0;424.9;0.063565;UNKNOWN
2016-04-13T06:06:20.000000;2016-04-13T06:06:20.000000;54239190-20d0-495c-b2d7-bde7e2899942;424.76;0.1;UNKNOWN
2016-04-13T06:06:20.000000;2016-04-13T06:06:20.000000;e65ebbe5-add3-4d37-83a2-fc3a8e43cc55;424.78;0.1;UNKNOWN
2016-04-13T06:06:20.000000;2016-04-13T06:06:20.000000;49b95dce-9c48-4877-82d3-3676742e884e;424.62;7.39498865;UNKNOWN
2016-04-13T06:06:20.000000;2016-04-13T06:06:20.000000;8177ce53-7580-4769-aafd-1e98cbc68322;424.73;0.01;UNKNOWN
2016-04-13T06:06:20.000000;2016-04-13T06:06:20.000000;db70555b-02bb-4981-bf38-4b9b95e3aa2f;424.7;0.1;UNKNOWN
2016-04-13T06:06:25.000000;2016-04-13T06:06:25.000000;9600a9dc-5e69-4c1b-a600-e5603e1ef94a;424.51;6.9089;UNKNOWN
2016-04-13T06:06:25.000000;2016-04-13T06:06:25.000000;c39d6110-1a00-4ad9-ad7f-c8c8d02e3b24;424.52;0.3;UNKNOWN
2016-04-13T06:06:25.000000;2016-04-13T06:06:25.000000;0a466af3-d212-4d0c-8025-e3862fa0e6e1;424.51;0.1;UNKNOWN
2016-04-13T06:06:25.000000;2016-04-13T06:06:25.000000;f92abaf4-68ad-4669-8759-7845664b94d6;424.53;35.0;UNKNOWN
2016-04-13T06:06:25.000000;2016-04-13T06:06:25.000000;387a6e28-2de7-4c1a-b6b9-d029f4e8a11f;424.61;0.1;UNKNOWN
2016-04-13T06:06:25.000000;2016-04-13T06:06:25.000000;2662e094-e36e-4109-98e7-0c694afd01ba;424.59;0.1;UNKNOWN
2016-04-13T06:06:25.000000;2016-04-13T06:06:25.000000;652d5e54-3d42-4f06-84e3-62f46cc482ca;424.6;0.1;UNKNOWN
2016-04-13T06:06:25.000000;2016-04-13T06:06:25.000000;6d2e7732-4639-439b-9c95-11dd7156cb73;424.63;6.9911;UNKNOWN
2016-04-13T06:06:25.000000;2016-04-13T06:06:25.000000;4e73bda8-959e-4e93-aa03-f06073b0c4ff;424.6;0.1;UNKNOWN
2016-04-13T06:06:25.000000;2016-04-13T06:06:25.000000;6d2115ce-71ef-47bc-b657-ec7f0a8bf4e5;424.54;0.1;UNKNOWN
2016-04-13T06:06:25.000000;2016-04-13T06:06:25.000000;aa4acaa6-df87-40dc-b3fd-cd2eb1fdf1da;424.52;0.1;UNKNOWN
2016-04-13T06:06:25.000000;2016-04-13T06:06:25.000000;25bf4ecb-d80d-4f69-b9ec-31c1ca79d6ac;424.53;0.1;UNKNOWN
2016-04-13T06:07:06.000000;2016-04-13T06:07:06.000000;39a9ec5f-b608-4272-ad21-0d399cf9fa1a;424.52;0.011;UNKNOWN
2016-04-13T06:07:22.000000;2016-04-13T06:07:22.000000;04dcdeb5-3eca-47ca-ba1e-a26ec584b3d8;424.52;0.939;UNKNOWN
2016-04-13T06:08:08.000000;2016-04-13T06:08:08.000000;2afe0a20-6f5c-44db-88eb-90b1d906b147;424.52;0.2;UNKNOWN
2016-04-13T06:08:16.000000;2016-04-13T06:08:16.000000;79a50ffc-8924-4e07-90d3-14290374d157;424.52;1.0;UNKNOWN
2016-04-13T06:08:22.000000;2016-04-13T06:08:22.000000;8d9af0a3-ca37-4925-9d4e-89e035803201;424.51;0.4;UNKNOWN
2016-04-13T06:08:35.000000;2016-04-13T06:08:35.000000;24403b85-ec05-469f-b909-7130d6652e79;424.51;0.4;UNKNOWN
2016-04-13T06:09:55.000000;2016-04-13T06:09:55.000000;b33119a9-9be0-4b72-9004-4cae73087677;424.52;0.65137525;UNKNOWN
2016-04-13T06:10:20.000000;2016-04-13T06:10:20.000000;acc97553-9422-4432-aa29-931ed7dbfeb7;424.53;5.0;UNKNOWN
2016-04-13T06:11:58.000000;2016-04-13T06:11:58.000000;92412f22-8d9f-48ba-a286-32454c3098b2;424.54;0.06041184;UNKNOWN
2016-04-13T06:12:02.000000;2016-04-13T06:12:02.000000;cfdc2cae-ad40-4754-b6ab-0c2656dc7ece;424.54;0.04314464;UNKNOWN
2016-04-13T06:12:04.000000;2016-04-13T06:12:04.000000;c56c0e9a-42a0-43d8-a29b-9188058b7ae2;424.53;0.04377563;UNKNOWN
2016-04-13T06:12:32.000000;2016-04-13T06:12:32.000000;59180621-2baa-4adc-a12a-ac0bc9cade17;424.54;3.89644352;UNKNOWN
2016-04-13T06:12:32.000000;2016-04-13T06:12:32.000000;218fea30-e8db-4de6-9880-9b77e98035a5;424.54;1.10355648;UNKNOWN
2016-04-13T06:13:51.000000;2016-04-13T06:13:51.000000;df2e8f6b-6276-4f69-bbf5-7ffd651d8392;424.54;0.638141;UNKNOWN
2016-04-13T06:14:03.000000;2016-04-13T06:14:03.000000;a3c3dd0a-e895-4c05-96d9-9da544e03369;424.53;0.033;UNKNOWN
2016-04-13T06:14:20.000000;2016-04-13T06:14:20.000000;1e8b17c4-fe37-4d2b-984e-c82bd7ada71e;424.54;5.0;UNKNOWN
2016-04-13T06:14:23.000000;2016-04-13T06:14:23.000000;61a19754-d360-4453-997f-4a6e50f2d731;424.54;1.0;UNKNOWN
2016-04-13T06:14:55.000000;2016-04-13T06:14:55.000000;17abf02d-f5f6-4568-99dd-7e6de25d66c8;424.54;0.5;UNKNOWN
2016-04-13T06:14:59.000000;2016-04-13T06:14:59.000000;734a9b59-d7f9-47c2-a03d-44164bf8fa89;424.54;0.05091546;UNKNOWN
2016-04-13T06:15:02.000000;2016-04-13T06:15:02.000000;2df6c1c2-5c9b-47ec-86a1-ba004b5b998b;424.54;0.05091546;UNKNOWN
2016-04-13T06:15:04.000000;2016-04-13T06:15:04.000000;b0249360-1883-4b5a-9858-2ef29fcb4fca;424.54;1.0;UNKNOWN
2016-04-13T06:16:04.000000;2016-04-13T06:16:04.000000;10aa6aac-6bff-4eec-b2a8-97ce889baadc;424.54;0.1;UNKNOWN
2016-04-13T06:16:07.000000;2016-04-13T06:16:07.000000;527b81a2-d9b1-4d2c-9229-1cae3c10c4b2;424.54;0.939;UNKNOWN
2016-04-13T06:16:22.000000;2016-04-13T06:16:22.000000;6eaa5fde-0879-4333-9723-8ada41c84e77;424.54;5.0;UNKNOWN
2016-04-13T06:17:03.000000;2016-04-13T06:17:03.000000;007bde33-7af0-4042-b7c1-c4724471a04f;424.54;5.0;UNKNOWN
2016-04-13T06:17:45.000000;2016-04-13T06:17:45.000000;40fc4ea0-45e0-4bc4-aa63-a6cc458ebd9b;424.54;5.0;UNKNOWN
2016-04-13T06:18:11.000000;2016-04-13T06:18:11.000000;8b57106c-ce1c-49cc-8698-01381b8bd786;424.54;3.5361716;UNKNOWN
2016-04-13T06:18:11.000000;2016-04-13T06:18:11.000000;0f373e2a-ce33-4604-ac91-26197e63e594;424.54;16.4638284;UNKNOWN
2016-04-13T06:18:26.000000;2016-04-13T06:18:26.000000;cdd4a2a0-b6c4-4ea1-bfd6-1412ddce0374;424.54;2.22;UNKNOWN
2016-04-13T06:18:30.000000;2016-04-13T06:18:30.000000;d47eba34-531d-42fa-84f1-69792d6436fb;424.54;1.58628983;UNKNOWN
2016-04-13T06:22:32.000000;2016-04-13T06:22:32.000000;6f61d018-4d5a-4279-8503-bb420eb5910d;425.22;0.01;UNKNOWN
2016-04-13T06:22:48.000000;2016-04-13T06:22:48.000000;faa4b533-84d7-40b0-ab6c-eb141f4e35e0;425.49;1.44;UNKNOWN
2016-04-13T06:22:48.000000;2016-04-13T06:22:48.000000;fa12526f-5014-4e00-a63b-8a2bdfebba9f;425.48;3.56;UNKNOWN
2016-04-13T06:24:01.000000;2016-04-13T06:24:01.000000;d7df3a20-5724-4870-be49-08643735b8f4;425.35;9.64765588;UNKNOWN
2016-04-13T06:24:04.000000;2016-04-13T06:24:04.000000;d7ad98e5-ea0f-428f-ac62-7d4d43e315f2;425.36;0.79;UNKNOWN
2016-04-13T06:24:10.000000;2016-04-13T06:24:10.000000;ab8efdc6-eab6-4bcd-a781-7bb9dda73cc5;425.37;0.01;UNKNOWN
2016-04-13T06:25:30.000000;2016-04-13T06:25:30.000000;9d31cbff-04a6-49e4-8c03-820a050b8a57;425.49;1.0;UNKNOWN
2016-04-13T06:25:49.000000;2016-04-13T06:25:49.000000;788a1b8d-6a80-44d5-bac5-99b6edbe5dd0;425.49;0.05677747;UNKNOWN
2016-04-13T06:25:52.000000;2016-04-13T06:25:52.000000;5ee1c09c-2c3b-46c7-8dd4-f4b675a3b962;425.38;24.936288;UNKNOWN
2016-04-13T06:25:52.000000;2016-04-13T06:25:52.000000;13461da3-e390-46a5-a2c7-e55a1e209264;425.4;0.063712;UNKNOWN
2016-04-13T06:27:56.000000;2016-04-13T06:27:56.000000;b8d87507-41f5-49cc-98eb-c68778dbf636;425.38;0.0661;UNKNOWN
2016-04-13T06:27:56.000000;2016-04-13T06:27:56.000000;b1f48e33-cff1-49c7-96a1-8743b6902e9c;425.38;0.154;UNKNOWN
2016-04-13T06:28:00.000000;2016-04-13T06:28:00.000000;3ee55fad-a091-419c-a2dd-fe8ffc8e3559;425.38;0.2201;UNKNOWN
2016-04-13T06:28:07.000000;2016-04-13T06:28:07.000000;3e84c82a-1f7e-473d-95b1-9aae519380ed;425.38;0.01;UNKNOWN
2016-04-13T06:28:07.000000;2016-04-13T06:28:07.000000;5ec7921c-ca6c-4f5e-a281-3aea5b0df6ba;425.38;0.082;UNKNOWN
2016-04-13T06:28:07.000000;2016-04-13T06:28:07.000000;f8bf4b21-7b9c-4770-a447-308a504685b4;425.37;0.4281;UNKNOWN
2016-04-13T06:31:20.000000;2016-04-13T06:31:20.000000;f311c509-09f9-4497-a427-3e8ab1442082;425.39;0.11686005;UNKNOWN
2016-04-13T06:32:39.000000;2016-04-13T06:32:39.000000;d154dec0-a2a9-49fe-a2f3-6b926f910d07;425.47;0.176;UNKNOWN
2016-04-13T06:32:39.000000;2016-04-13T06:32:39.000000;56257232-2ec0-4431-9f4a-d164fc36d819;425.49;22.49322253;UNKNOWN
2016-04-13T06:32:39.000000;2016-04-13T06:32:39.000000;0243c8f6-86e7-4783-b0f4-f5c83104284a;425.48;4.59273888;UNKNOWN
2016-04-13T06:32:44.000000;2016-04-13T06:32:44.000000;c419679d-87f9-4c7e-9662-94ca51547530;425.51;4.59247523;UNKNOWN
2016-04-13T06:33:55.000000;2016-04-13T06:33:55.000000;ec8b1d75-4560-4d7a-8c99-aed28d9af304;425.39;0.13452271;UNKNOWN
2016-04-13T06:33:58.000000;2016-04-13T06:33:58.000000;acc77cac-15d7-45b9-994b-4cb7286f9ddc;425.39;0.64027745;UNKNOWN
2016-04-13T06:34:02.000000;2016-04-13T06:34:02.000000;472788e3-5b91-4e5d-9b99-f7777c055f92;425.39;0.62099106;UNKNOWN
2016-04-13T06:34:04.000000;2016-04-13T06:34:04.000000;62b1dd4b-82c8-45c8-ad66-fcf2a2de4ee2;425.39;2.13612195;UNKNOWN
2016-04-13T06:34:06.000000;2016-04-13T06:34:06.000000;168b38d3-9e64-4dc6-9831-6e581677c6cc;425.39;0.12780572;UNKNOWN
2016-04-13T06:34:07.000000;2016-04-13T06:34:07.000000;0fdb6fa7-1d5a-4ab5-a0ae-10290367d939;425.52;0.176;UNKNOWN
2016-04-13T06:34:50.000000;2016-04-13T06:34:50.000000;47f13968-b302-4aad-be08-7fcc1981b7f0;425.41;0.037;UNKNOWN
2016-04-13T06:35:05.000000;2016-04-13T06:35:05.000000;679a4a2f-aa02-488b-8bf6-0a51165cd0e3;425.41;0.07422568;UNKNOWN
2016-04-13T06:37:22.000000;2016-04-13T06:37:22.000000;5f9d59bb-108c-4908-bf69-4a4868579c02;425.4;0.20298381;UNKNOWN
2016-04-13T06:37:24.000000;2016-04-13T06:37:24.000000;68c4c7ad-96d8-4647-96fa-e4ce1c79e09d;425.4;0.1466888;UNKNOWN
2016-04-13T06:37:26.000000;2016-04-13T06:37:26.000000;2bfa57ef-33fd-4a40-ab05-4c90e9f46b93;425.4;0.06413978;UNKNOWN
2016-04-13T06:37:29.000000;2016-04-13T06:37:29.000000;df048cb8-de75-45bf-b9e9-280fc841d47d;425.4;0.08153054;UNKNOWN
2016-04-13T06:38:27.000000;2016-04-13T06:38:27.000000;ed37daad-3f32-44ed-8e05-7d243a98f268;425.4;0.14510396;UNKNOWN
2016-04-13T06:40:05.000000;2016-04-13T06:40:05.000000;b908f0ae-fad6-4aef-bcf8-3b2c82f3dbdd;425.45;0.059;UNKNOWN
2016-04-13T06:40:05.000000;2016-04-13T06:40:05.000000;0017f9d2-6c68-4605-92e8-5f35a0977ab0;425.45;0.15360236;UNKNOWN
2016-04-13T06:40:53.000000;2016-04-13T06:40:53.000000;0332bbeb-bf4d-4c62-a548-8f5a6fd4fcb9;425.45;4.59421588;UNKNOWN
