time_exchange;time_coinpai;guid;price;base_amount;taker_side
2016-04-13T00:12:58.000000;2016-04-13T00:12:58.637743;04e3aec6-e450-4a97-8aef-edad349a5d47;7.465;1.1738;SELL
2016-04-13T00:16:47.000000;2016-04-13T00:16:48.008691;195d565f-9400-4dd5-8445-8632972e8fbd;7.483;0.9;BUY
2016-04-13T00:20:13.000000;2016-04-13T00:20:13.614650;5ec67707-2454-4927-86bc-a936cdf43c08;7.465;37.3562;SELL
2016-04-13T00:20:14.000000;2016-04-13T00:20:14.812767;89d9d5e9-ffe2-4040-b30d-aee33d59fb1d;7.446;4.56;SELL
2016-04-13T00:20:14.000000;2016-04-13T00:20:14.817772;5680e0a4-e781-4eb4-a430-8e80fde8a009;7.446;3.56;SELL
2016-04-13T00:30:15.000000;2016-04-13T00:30:15.451833;621f87c1-08e5-4f5e-952c-cc0909cbb2bf;7.3861;3.642558;SELL
2016-04-13T00:37:05.000000;2016-04-13T00:37:05.124497;f78b5b35-e62b-43fd-a9a7-d53fcff9b356;7.3389;48.9;BUY
2016-04-13T00:46:16.000000;2016-04-13T00:46:16.297609;73bb395f-b3da-4b0d-9cc6-6babcdec3a9f;7.3162;0.85;SELL
2016-04-13T00:46:16.000000;2016-04-13T00:46:16.316612;906553e1-23bb-4526-a1ff-5c55eb3c49bf;7.311;5.0;SELL
2016-04-13T00:46:16.000000;2016-04-13T00:46:16.318609;60b1be12-a9a0-4ae1-829e-1fcfea156ca9;7.234;101.4151;SELL
2016-04-13T00:46:16.000000;2016-04-13T00:46:16.354619;d69c2481-2130-439d-891f-ed9c1c9cc5ae;7.233;33.918644;SELL
2016-04-13T00:46:25.000000;2016-04-13T00:46:25.796577;d741c848-b13e-45a4-9ba9-fff9f5897f86;7.2361;19.92314597;SELL
2016-04-13T00:46:25.000000;2016-04-13T00:46:25.803559;254ba441-3fca-4f56-a6ba-163308518b5f;7.236;172.94;SELL
2016-04-13T00:46:25.000000;2016-04-13T00:46:25.823549;9398ef0f-6027-4139-b0fe-9b32710494cb;7.236;83.6330757;SELL
2016-04-13T01:12:37.000000;2016-04-13T01:12:37.113860;2fc6f13c-e2d3-42d1-96d3-75c1db948605;7.258;10.0;SELL
2016-04-13T01:12:37.000000;2016-04-13T01:12:37.128858;e8caf125-3271-46f0-ae29-4fa9e9890894;7.2202;19.92314597;SELL
2016-04-13T01:12:37.000000;2016-04-13T01:12:37.133860;2bf52061-adf7-4bbd-809a-7efd1e426d1c;7.22;68.0779296;SELL
2016-04-13T01:14:24.000000;2016-04-13T01:14:24.915623;542f6437-2255-41f3-b543-effafdc26f2d;7.2689;19.91916134;BUY
2016-04-13T01:14:24.000000;2016-04-13T01:14:24.926636;53b8b8aa-9597-4253-bf7c-1207504e0d02;7.269;0.03991816;BUY
2016-04-13T01:15:53.000000;2016-04-13T01:15:53.858537;4408f11b-3248-4eec-b8e9-968460729974;7.22;6.30736;SELL
2016-04-13T01:15:55.000000;2016-04-13T01:15:56.007771;ee9c1696-a011-4a4a-9a4c-1602c9a1ecc0;7.22;6.30736;SELL
2016-04-13T01:15:56.000000;2016-04-13T01:15:56.879847;4a1773a4-2ac5-46a2-93f3-b8357667551f;7.22;6.30736;SELL
2016-04-13T01:22:24.000000;2016-04-13T01:22:24.383057;f916c368-fe0e-4c33-aeaf-6ea6e95818e9;7.284;102.3;BUY
2016-04-13T01:27:45.000000;2016-04-13T01:27:45.852177;e9f2b48a-365e-44e6-83a5-b99b0cb400dd;7.3;4.0;SELL
2016-04-13T01:28:48.000000;2016-04-13T01:28:48.429433;077ee5d4-52ee-4500-9d10-445160f6b2b9;7.309;0.179715;SELL
2016-04-13T01:29:09.000000;2016-04-13T01:29:09.218506;22987cc0-dc3a-4aeb-bfe9-9274f59689fc;7.309;0.42934;SELL
2016-04-13T01:29:56.000000;2016-04-13T01:29:56.428228;9786f9de-ae8a-427d-a358-60970cc7bbd3;7.3579;9.6522;BUY
2016-04-13T01:30:02.000000;2016-04-13T01:30:02.113814;394599ff-dcc7-4a45-b4a3-4798a0b773f0;7.3579;10.26696134;BUY
2016-04-13T01:30:02.000000;2016-04-13T01:30:02.131826;e59d168b-c6b2-4af6-80a0-17922db980c4;7.3579;12.48303866;BUY
2016-04-13T01:30:11.000000;2016-04-13T01:30:11.204709;41ed5e8e-11e7-4381-ad74-6cdbfc3a7989;7.3579;7.43612268;BUY
2016-04-13T01:30:11.000000;2016-04-13T01:30:11.215727;228ea97e-a477-492f-8bbb-1cc118baf2c4;7.3588;19.91916134;BUY
2016-04-13T01:30:11.000000;2016-04-13T01:30:11.216714;c2fc85e1-2d38-4cc4-b412-af3dcea51574;7.3589;174.0;BUY
2016-04-13T01:41:45.000000;2016-04-13T01:41:46.006599;b4cf810f-9ae0-4e3e-8fa6-5a09694a48e5;7.374;93.88;BUY
2016-04-13T01:53:19.000000;2016-04-13T01:53:19.550237;74654aad-cc37-455c-a7f2-65866260e614;7.3631;2.994;SELL
2016-04-13T02:01:42.000000;2016-04-13T02:01:42.439525;eae550ed-1d83-4aee-9b28-f828e1a2af10;7.387;1.75;SELL
2016-04-13T02:04:55.000000;2016-04-13T02:04:55.368834;ff52f5f4-1e39-47d8-bbb8-09cd39c591af;7.449;1.0;BUY
2016-04-13T02:04:55.000000;2016-04-13T02:04:55.383831;a3219949-b34a-4acb-82e3-2bcd3d65672b;7.45;9.6328956;BUY
2016-04-13T02:04:55.000000;2016-04-13T02:04:55.388849;6011eacf-c728-4ca2-b99d-b05957bef3e5;7.4517;0.7;BUY
2016-04-13T02:04:55.000000;2016-04-13T02:04:55.421841;74e1be2b-90f0-4081-b301-6ebd30078489;7.455;99.8648;BUY
2016-04-13T02:06:57.000000;2016-04-13T02:06:57.673051;83693aab-17d7-4d61-8d62-4d73e289a48d;7.4619;0.1;BUY
2016-04-13T02:06:57.000000;2016-04-13T02:06:57.695076;e37cd0be-6a11-463d-8243-8f253fbdd5f4;7.4629;4.9;BUY
2016-04-13T02:09:57.000000;2016-04-13T02:09:57.902080;3b4fae2b-97c5-44ae-a78e-ea70256dec2f;7.45;5.0;SELL
2016-04-13T02:17:57.000000;2016-04-13T02:17:57.852107;edd7ede3-160a-4427-bd81-7da85051526b;7.435;6.0;BUY
2016-04-13T02:21:23.000000;2016-04-13T02:21:23.880476;f212e323-3b35-41e7-adad-7107a3f40ae4;7.42;2.64516102;BUY
2016-04-13T02:21:31.000000;2016-04-13T02:21:31.123196;74c00146-9a0e-4632-bf18-7ef5a14a6295;7.3631;0.5988;SELL
2016-04-13T02:24:33.000000;2016-04-13T02:24:33.363414;0bc2fccc-c274-4044-a01a-09d23fba7158;7.3631;7.12515124;SELL
2016-04-13T02:26:11.000000;2016-04-13T02:26:11.404219;b83ed90c-d17e-4b19-b1a7-c631721dc30c;7.3631;9.20519473;SELL
2016-04-13T02:26:11.000000;2016-04-13T02:26:11.415251;f87cf65a-5074-436a-80ca-635cc0d8bb1d;7.363;0.00480527;SELL
2016-04-13T02:26:16.000000;2016-04-13T02:26:16.481751;a3748f29-4e5c-4462-9667-25b35926ae35;7.363;5.99519473;SELL
2016-04-13T02:26:16.000000;2016-04-13T02:26:16.501718;f69ff80b-d635-4b01-a336-27787f2ba228;7.359;0.00471598;SELL
2016-04-13T02:26:16.000000;2016-04-13T02:26:16.507726;26706bb6-047d-476d-9f07-06323af4aedf;7.35;9.00008929;SELL
2016-04-13T02:26:18.000000;2016-04-13T02:26:18.091888;742195a6-45da-4039-b991-9292feea9fc6;7.35;0.99991071;SELL
2016-04-13T02:26:18.000000;2016-04-13T02:26:18.099908;4e6c886b-689b-4261-aef8-541054bcec4d;7.35;5.0;SELL
2016-04-13T02:26:48.000000;2016-04-13T02:26:49.043982;d7f2ea48-d337-45f3-b399-a1832abaf17b;7.3;2.96782809;SELL
2016-04-13T02:32:39.000000;2016-04-13T02:32:39.062981;1b269143-858e-4805-8de0-ed4f1738d3bc;7.313;101.68;BUY
2016-04-13T02:33:25.000000;2016-04-13T02:33:25.808170;861a669f-8c04-46f1-87e0-1b21527cae90;7.3;2.03217191;SELL
2016-04-13T02:34:54.000000;2016-04-13T02:34:54.083018;b43f9594-e04d-44f2-a872-42c4ef2fe21f;7.25;0.94753885;SELL
2016-04-13T02:38:06.000000;2016-04-13T02:38:06.466233;9c8d51e4-f8a8-49e3-a662-ee6bb453cdf5;7.25;3.05246115;SELL
2016-04-13T02:38:06.000000;2016-04-13T02:38:06.480235;0f27b963-e9ee-42a8-b10d-0af7090ab866;7.25;0.19227151;SELL
2016-04-13T02:39:16.000000;2016-04-13T02:39:16.696258;b27a813c-ffcb-42e7-9f23-127029e5644f;7.25;4.80772849;SELL
2016-04-13T02:39:16.000000;2016-04-13T02:39:16.710296;a2e5b13f-03a7-4810-a42a-90b695455e1a;7.25;0.0391784;SELL
2016-04-13T02:39:16.000000;2016-04-13T02:39:16.746282;ad967f3f-b8f0-408d-ad08-f29e8d2b2ae2;7.25;4.9608216;SELL
2016-04-13T02:40:11.000000;2016-04-13T02:40:11.959785;536653b3-9c8a-432b-ba74-2f760ae601b6;7.23;5.0;SELL
2016-04-13T02:40:13.000000;2016-04-13T02:40:13.703960;8f5fe6b3-f500-4944-8155-0fb650ce0371;7.22;20.91629082;SELL
2016-04-13T02:41:21.000000;2016-04-13T02:41:21.071679;1ad5d93c-f5f2-4c76-925d-605b05c80bc4;7.22;3.6793324;SELL
2016-04-13T02:42:34.000000;2016-04-13T02:42:34.318015;b39d95d4-633d-422c-b48d-d5e21c36e822;7.22;10.0;SELL
2016-04-13T02:42:34.000000;2016-04-13T02:42:34.671057;80bef4a4-0b30-47d8-8f7f-c1c811eeb752;7.22;3.73362699;SELL
2016-04-13T02:42:35.000000;2016-04-13T02:42:35.917178;fe135eaa-247a-4cad-b036-a770b967bef6;7.22;10.0;SELL
2016-04-13T02:42:36.000000;2016-04-13T02:42:36.081206;e03df33e-8d63-4454-baa0-9191c0a31025;7.22;20.47459344;SELL
2016-04-13T02:42:38.000000;2016-04-13T02:42:38.733457;2eeccd78-3ec0-4742-b751-dcf99d80240f;7.22;4.28422447;SELL
2016-04-13T02:42:38.000000;2016-04-13T02:42:38.921625;c59fdb8a-86d2-493b-8925-76c16022a1a8;7.22;2.79439362;SELL
2016-04-13T02:42:40.000000;2016-04-13T02:42:40.658666;00cbbbe4-c235-456a-afbf-757ed06edf88;7.22;2.88362107;SELL
2016-04-13T02:42:42.000000;2016-04-13T02:42:42.303815;1ae1919c-8a5e-4ad7-b400-3d3d3ea9e01b;7.22;3.24702834;SELL
2016-04-13T02:42:44.000000;2016-04-13T02:42:44.275008;b32d8343-802c-40f3-9c0d-9c18666d0ce7;7.22;0.99804113;SELL
2016-04-13T02:42:45.000000;2016-04-13T02:42:45.323139;38f2748b-db82-47e1-891f-75317ff3c1f5;7.22;0.99804113;SELL
2016-04-13T02:42:47.000000;2016-04-13T02:42:47.479331;7bca349a-5972-4b69-975d-edba64fb9a44;7.22;0.10038875;SELL
2016-04-13T02:42:52.000000;2016-04-13T02:42:52.437828;fcc6f051-9bd9-4e0c-834b-9eafd245924f;7.22;7.34598931;SELL
2016-04-13T02:42:55.000000;2016-04-13T02:42:55.615142;c56bf1ec-edd9-407a-99ad-b3ff60a20f68;7.22;4.37519463;SELL
2016-04-13T02:43:06.000000;2016-04-13T02:43:06.158196;d67ce2f0-84af-48e5-b407-ec7f4b88e192;7.22;10.52836337;SELL
2016-04-13T02:43:06.000000;2016-04-13T02:43:06.263204;388cd396-3031-49ae-b430-ead866de3f74;7.22;1.51186266;SELL
2016-04-13T02:43:06.000000;2016-04-13T02:43:06.420251;cdd8e033-d7a4-443b-b1a4-5396e7ec9c0b;7.226;26.4269;BUY
2016-04-13T02:43:06.000000;2016-04-13T02:43:06.584241;98c8f9e8-7664-4fd9-be96-4248cd5bbc26;7.22;10.52836337;SELL
2016-04-13T02:43:06.000000;2016-04-13T02:43:06.711277;385d9b84-ccfd-4366-abb8-880ff527a7f9;7.22;1.06275228;SELL
2016-04-13T02:43:07.000000;2016-04-13T02:43:07.090293;fa79c09e-1633-4495-a48b-d6ed3976bd29;7.22;10.52836337;SELL
2016-04-13T02:43:07.000000;2016-04-13T02:43:07.533435;e9941055-e7fa-431c-afb3-a3f597c031de;7.22;10.52836337;SELL
2016-04-13T02:43:08.000000;2016-04-13T02:43:08.622448;6b06e353-566d-4802-af25-cb701299e5f4;7.22;12.22789396;SELL
2016-04-13T02:43:11.000000;2016-04-13T02:43:11.173701;fd2a352a-5bf5-4d6e-8926-a38accd95401;7.22;12.06213978;SELL
2016-04-13T02:43:13.000000;2016-04-13T02:43:13.178904;3d6d6bbd-9f60-4458-afde-9e1baaf3ca9d;7.22;4.49470017;SELL
2016-04-13T02:43:16.000000;2016-04-13T02:43:16.036186;f335f681-e1c1-4c3a-b68b-35cf57251edc;7.22;4.38781148;SELL
2016-04-13T02:43:17.000000;2016-04-13T02:43:17.177299;d514d90d-a8a1-40b5-a0d0-07e2af8d04bb;7.22;2.14123476;SELL
2016-04-13T02:43:18.000000;2016-04-13T02:43:18.146390;bae33272-ff36-4c38-b65b-062f18afc0f1;7.22;4.36625552;SELL
2016-04-13T02:43:20.000000;2016-04-13T02:43:20.286614;a08dc7aa-d628-42f5-890d-fceaa0e49478;7.22;6.51601046;SELL
2016-04-13T02:43:22.000000;2016-04-13T02:43:22.609846;fe2a9880-b1fa-433b-ba5f-04d47dbf09e8;7.22;0.92696441;SELL
2016-04-13T02:43:25.000000;2016-04-13T02:43:25.252095;beb005ef-0468-45ed-90f5-abbf72d0d749;7.22;0.92696441;SELL
2016-04-13T02:43:27.000000;2016-04-13T02:43:28.102380;aa901fad-4b19-4619-baee-ddc029f75f0e;7.22;8.66030412;SELL
2016-04-13T02:43:31.000000;2016-04-13T02:43:31.814766;9715e26a-b164-4003-9858-ca90df6325f2;7.22;8.66030412;SELL
2016-04-13T02:43:33.000000;2016-04-13T02:43:33.488937;fa8b936f-5b1a-4e60-8ce6-348a8a699b13;7.22;14.79;SELL
2016-04-13T02:43:34.000000;2016-04-13T02:43:34.830053;91ba18f4-b979-4259-9e32-0a9c54b1fb3b;7.22;2.57760582;SELL
2016-04-13T02:43:36.000000;2016-04-13T02:43:36.202211;bb94bc56-c05d-4c77-ac33-9ef48834f04c;7.22;3.22142142;SELL
2016-04-13T02:43:37.000000;2016-04-13T02:43:37.313324;e905d482-04ed-4ac6-a35f-4af52c7fc667;7.22;1.88911434;SELL
2016-04-13T02:43:53.000000;2016-04-13T02:43:53.406924;fc456024-a514-4530-a041-ecd653f12b82;7.22;33.429687;SELL
2016-04-13T02:43:53.000000;2016-04-13T02:43:53.945977;43e42272-b480-4038-ab04-a6f69d26a3f3;7.22;24.12158019;SELL
2016-04-13T02:43:56.000000;2016-04-13T02:43:56.357215;6c1d57cd-ba1e-44da-a167-bf5d9005e888;7.22;0.58949757;SELL
2016-04-13T02:43:56.000000;2016-04-13T02:43:56.393223;3249543a-2006-4a7c-ab39-789f3a68198d;7.22;10.0;SELL
2016-04-13T02:43:57.000000;2016-04-13T02:43:57.626338;114b9ba0-903f-4de7-a498-ca52c12cbf15;7.22;11.49166503;SELL
2016-04-13T02:44:16.000000;2016-04-13T02:44:16.169205;825ab2e7-12a0-4622-b400-b5bf6ecce117;7.2;2.05469535;SELL
2016-04-13T02:44:39.000000;2016-04-13T02:44:39.665549;ddba6685-567b-4c41-a1c4-444007e1115b;7.2;2.94530465;SELL
2016-04-13T02:44:46.000000;2016-04-13T02:44:46.306239;674ffea2-3fa2-42d8-8896-c28d4327ebf8;7.15;5.0;SELL
2016-04-13T02:44:46.000000;2016-04-13T02:44:46.315230;7689d0c1-7eb5-4132-b330-a61b95f181ed;7.145;9.039951;SELL
2016-04-13T02:44:46.000000;2016-04-13T02:44:46.326248;5fdd3980-3dd5-4ae2-b7ba-2b6dd90d6c07;7.132;162.07;SELL
2016-04-13T02:44:46.000000;2016-04-13T02:44:46.353223;e25020b3-04ec-4323-b228-fa0ea3b42f30;7.13;5.0;SELL
2016-04-13T02:44:46.000000;2016-04-13T02:44:46.353223;024931f2-7e7a-4185-b791-1728436c3415;7.13;2.0;SELL
2016-04-13T02:44:46.000000;2016-04-13T02:44:46.353223;3cb71267-3379-4a96-a534-35ef894b49ea;7.13;25.0;SELL
2016-04-13T02:44:46.000000;2016-04-13T02:44:46.353223;9740c0db-a64e-4f2e-b64f-db5aa472ac16;7.13;4.1499;SELL
2016-04-13T02:44:46.000000;2016-04-13T02:44:46.353223;8c1be235-0001-4fde-8f9f-e6d43b81e92f;7.122;21.3374;SELL
2016-04-13T02:44:46.000000;2016-04-13T02:44:46.391265;a55fdff8-0917-4369-b74d-8c8b97f06ffa;7.12;766.402749;SELL
2016-04-13T02:47:41.000000;2016-04-13T02:47:41.386717;34006f85-c1cc-4ec1-a1dc-17124353f7a2;7.177;21.0;SELL
2016-04-13T02:49:09.000000;2016-04-13T02:49:09.692771;8e47952e-aa86-4f96-870c-c603b6c94bee;7.2499;4.84;BUY
2016-04-13T02:54:40.000000;2016-04-13T02:54:40.956936;5436b022-0668-418e-8f37-aa1491de61eb;7.24;103.9255;BUY
2016-04-13T02:54:44.000000;2016-04-13T02:54:44.738276;2506bc9f-d141-4c5d-90b9-99490fa23fe1;7.24;146.07;SELL
2016-04-13T02:54:46.000000;2016-04-13T02:54:47.001486;e103233d-f3c9-4448-96d9-29a028ce426d;7.24;0.0045;SELL
2016-04-13T02:55:06.000000;2016-04-13T02:55:06.255433;810f0f79-dad6-48a0-8493-cb7c3cc0b2dd;7.24;1.0;SELL
2016-04-13T02:55:36.000000;2016-04-13T02:55:36.168441;be34b853-9a25-4d09-94e6-a6d57cabef58;7.156;11.1;SELL
2016-04-13T02:55:36.000000;2016-04-13T02:55:36.171405;d012037b-7979-4bb8-a858-753ca9f013ed;7.155;8.9;SELL
2016-04-13T02:55:39.000000;2016-04-13T02:55:39.131702;58e7487e-ddea-4287-8243-5a24cce17fb3;7.155;1.1;SELL
2016-04-13T02:55:39.000000;2016-04-13T02:55:39.386729;531db3ff-070f-4532-8390-79d0fbf02ee8;7.133;18.9;SELL
2016-04-13T02:56:25.000000;2016-04-13T02:56:25.826379;c79ceedd-7fd2-4066-a528-17417692173d;7.154;5.0;SELL
2016-04-13T02:56:30.000000;2016-04-13T02:56:30.579848;d9fd88ce-9149-48d7-bc76-7ff3374b3ae4;7.155;5.0;SELL
2016-04-13T02:56:38.000000;2016-04-13T02:56:38.093602;7a466bb0-52c7-4bb3-8e48-9fd799994d0f;7.158;5.0;SELL
2016-04-13T02:56:41.000000;2016-04-13T02:56:41.489979;1f983e1b-7124-40cf-aa20-3399f904b378;7.159;5.0;SELL
2016-04-13T02:57:01.000000;2016-04-13T02:57:01.529005;ee104b45-5bff-45d6-b408-d7e28a8306ae;7.164;100.0;SELL
2016-04-13T03:00:06.000000;2016-04-13T03:00:06.846475;a4542ed6-0b74-496e-a533-f89db3df6141;7.2859;0.2;BUY
2016-04-13T03:00:47.000000;2016-04-13T03:00:47.803574;d55f3fdc-a1f7-4f76-9bbc-f6f9afed3aeb;7.2809;0.1;BUY
2016-04-13T03:01:01.000000;2016-04-13T03:01:01.812035;4b0e086d-07a4-4887-8765-f5465c7dd0ec;7.2779;1.90097253;BUY
2016-04-13T03:01:01.000000;2016-04-13T03:01:01.828962;fbe8d94e-e143-4846-a2f3-ff7a8f5fb7be;7.278;8.09902747;BUY
2016-04-13T03:01:02.000000;2016-04-13T03:01:02.460033;f597aab8-becc-44fb-8852-5df66d35bfe2;7.277;10.0;BUY
2016-04-13T03:01:03.000000;2016-04-13T03:01:03.682153;e82018b3-5473-4958-8e29-0e9867a7f6f5;7.277;10.0;BUY
2016-04-13T03:01:13.000000;2016-04-13T03:01:13.765177;949f4697-ecf3-4e53-a854-a484790b3e29;7.2749;1.905909;BUY
2016-04-13T03:01:13.000000;2016-04-13T03:01:13.774176;1567b333-abee-4a87-92fe-a7899f7f0330;7.275;3.0;BUY
2016-04-13T03:01:13.000000;2016-04-13T03:01:13.783166;816b29a3-bce8-4df2-b769-cfbe66665411;7.275;35.9608;BUY
2016-04-13T03:01:13.000000;2016-04-13T03:01:13.811163;c7195f21-94ee-4e40-ba17-2023eccbbba3;7.341;9.133291;BUY
2016-04-13T03:01:16.000000;2016-04-13T03:01:16.262407;a4e37e2a-5c5f-453e-9130-f2460f8ba078;7.341;4.0;BUY
2016-04-13T03:03:22.000000;2016-04-13T03:03:22.476657;7adda68f-085c-4e3c-a27b-03c6101c350e;7.3189;2.03892154;BUY
2016-04-13T03:03:22.000000;2016-04-13T03:03:22.484682;56c35351-a357-4207-b190-ec14f46ed74c;7.3189;7.96107846;BUY
2016-04-13T03:03:31.000000;2016-04-13T03:03:31.479552;f1641dac-27ca-4f7d-8c5f-890fbfcb33d6;7.24;5.0;SELL
2016-04-13T03:03:54.000000;2016-04-13T03:03:54.597861;3bf3609a-0741-41b7-8520-a08a62f7f874;7.3139;2.15382567;BUY
2016-04-13T03:03:54.000000;2016-04-13T03:03:54.599869;10f57784-9be2-49f1-9a63-8ce8238c85ff;7.314;7.84617433;BUY
2016-04-13T03:13:00.000000;2016-04-13T03:13:00.637457;80e7e731-20b6-479a-9133-2e47a2c9fc39;7.2709;1.90587301;BUY
2016-04-13T03:13:00.000000;2016-04-13T03:13:00.652453;d977f0f5-9523-4e5c-9e2d-b926875e51d5;7.271;1.28280871;BUY
2016-04-13T03:13:00.000000;2016-04-13T03:13:00.660463;39c16153-f1cc-422b-a0ea-153f76a8db8a;7.29;5.0;BUY
2016-04-13T03:13:00.000000;2016-04-13T03:13:00.690459;42543a9e-2a97-4202-8376-a82e4dc683d8;7.299;61.81131828;BUY
2016-04-13T03:24:19.000000;2016-04-13T03:24:19.277978;f67b79a6-e33c-40a7-a3a0-7797f6b6d384;7.2989;0.99337789;BUY
2016-04-13T03:24:19.000000;2016-04-13T03:24:19.287995;cb4fd687-75a5-4cf5-a41d-937b67c6269a;7.299;0.39409672;BUY
2016-04-13T03:26:34.000000;2016-04-13T03:26:34.843518;be769f9d-0986-4c5a-808d-4440c21c5bf4;7.3849;1.80537494;BUY
2016-04-13T03:26:34.000000;2016-04-13T03:26:34.857566;9d6723e7-a58b-40a2-aab0-78a22411ce6e;7.385;98.19462506;BUY
2016-04-13T03:30:04.000000;2016-04-13T03:30:04.198566;acb1f4a8-bf90-466c-ab2c-fea62c9b3388;7.231;103.1776;SELL
2016-04-13T03:30:30.000000;2016-04-13T03:30:30.158049;8dad819e-f59c-4d43-821f-6d6eb1a264d0;7.13;103.2476;SELL
2016-04-13T03:30:30.000000;2016-04-13T03:30:30.172054;83984fc3-4647-465e-907d-380295fd537e;7.129;117.48770196;SELL
2016-04-13T03:48:41.000000;2016-04-13T03:48:41.065875;e4d41877-77e7-4ae4-8a93-fb284b9d1e46;7.12;165.81595914;SELL
2016-04-13T03:53:03.000000;2016-04-13T03:53:03.941168;a8ea10eb-121e-4a70-9c62-8de2d938f45f;7.12;18.0854;SELL
2016-04-13T03:53:14.000000;2016-04-13T03:53:14.605238;f08b6ef3-1286-4070-888d-3e6125eb24ab;7.12;49.69589186;SELL
2016-04-13T03:53:14.000000;2016-04-13T03:53:14.897268;5bf9939b-fa61-4f22-bd7e-ee4fd618ddac;7.111;5.0;SELL
2016-04-13T03:53:14.000000;2016-04-13T03:53:14.908270;1836e765-06f0-470a-b7cf-3a0b16d25f89;7.111;0.2;SELL
2016-04-13T03:53:25.000000;2016-04-13T03:53:25.191300;432ac13b-3300-4da8-a191-92744a1a027b;7.1049;99.89819462;SELL
2016-04-13T03:54:36.000000;2016-04-13T03:54:36.461418;7af01ae1-3ad4-4403-bac1-6cf4b7a320f1;7.1049;55.54310538;SELL
2016-04-13T03:54:36.000000;2016-04-13T03:54:36.474420;9f93ff08-1fc1-46da-a46d-ea761d913be0;7.104;10.78689462;SELL
2016-04-13T03:59:49.000000;2016-04-13T03:59:49.511713;70480c2e-bddb-474e-b8d0-e68d6b4300c3;7.11;0.35;BUY
2016-04-13T03:59:52.000000;2016-04-13T03:59:52.674075;f8461358-7f28-47c5-b1b9-3bef7e697a25;7.11;0.00237814;BUY
2016-04-13T04:00:08.000000;2016-04-13T04:00:08.052690;0bd0a90e-3848-4378-8a90-c71227ec8361;7.114;55.24827;SELL
2016-04-13T04:01:04.000000;2016-04-13T04:01:04.643233;98a8de60-6b44-4232-968c-c5fa58e57910;7.1634;0.85;BUY
2016-04-13T04:01:24.000000;2016-04-13T04:01:24.539233;30c95b81-ab7d-4feb-bec9-6396f7680984;7.17;55.24827;SELL
2016-04-13T04:01:41.000000;2016-04-13T04:01:41.300900;9ef10650-0ac2-4a1a-a109-8aa225e32544;7.17;1.0;SELL
2016-04-13T04:01:49.000000;2016-04-13T04:01:49.390707;441bc137-30c5-4f5e-a587-7d7747668ca4;7.17;49.603238;SELL
2016-04-13T04:05:34.000000;2016-04-13T04:05:34.473212;9a81d636-bbe1-4560-81df-1556e4b772d8;7.17;6.53138895;SELL
2016-04-13T04:05:38.000000;2016-04-13T04:05:38.749648;ecba6a53-398c-4876-9143-8c25121f46d5;7.17;6.53138895;SELL
2016-04-13T04:05:41.000000;2016-04-13T04:05:41.470915;9bf9f932-c6ec-49ff-b325-551791ee9b81;7.17;6.53138895;SELL
2016-04-13T04:05:44.000000;2016-04-13T04:05:44.322274;258ee35a-2626-4097-90e4-4b9d8565b270;7.17;6.53138895;SELL
2016-04-13T04:05:47.000000;2016-04-13T04:05:47.429520;35d5ef4e-74a5-4c17-9c7d-6d3ca804bd2c;7.17;6.53138895;SELL
2016-04-13T04:05:51.000000;2016-04-13T04:05:51.791953;28da6144-9fac-4d59-bbde-57d6af46d4fb;7.17;6.53138895;SELL
2016-04-13T04:05:55.000000;2016-04-13T04:05:55.811350;adcc2743-2481-4f39-8396-2e688c632006;7.17;6.53138895;SELL
2016-04-13T04:05:57.000000;2016-04-13T04:05:57.995574;86aef58d-cdf6-45d2-bc55-3e06ae2fcab0;7.17;6.53138895;SELL
2016-04-13T04:06:00.000000;2016-04-13T04:06:00.299805;d0f8b4fc-6e8e-4d7c-9f7a-2646b8b80b35;7.17;5.3826804;SELL
2016-04-13T04:10:43.000000;2016-04-13T04:10:43.673137;c6834847-73f5-48c2-b5cb-7d4140af8230;7.1429;24.0;BUY
2016-04-13T04:26:00.000000;2016-04-13T04:26:00.077188;47bcf4cb-340a-49bb-8e4b-753c817f86e4;7.11;0.34762186;SELL
2016-04-13T04:32:55.000000;2016-04-13T04:32:55.738757;d63e7d9d-341d-4b1f-a5f6-809820e4e241;7.104;0.00310538;SELL
2016-04-13T04:32:55.000000;2016-04-13T04:32:55.756760;30cc4b5c-5541-4f75-9f58-3cd3fb7f84a7;7.056;6.8;SELL
2016-04-13T04:32:55.000000;2016-04-13T04:32:55.763757;8298a57b-1f05-41a0-8113-b2f28627af28;7.055;4.10007824;SELL
2016-04-13T04:32:55.000000;2016-04-13T04:32:55.794761;f1ed8181-8ecb-492f-90a2-3dab109f060a;7.04;4.72210538;SELL
2016-04-13T04:32:55.000000;2016-04-13T04:32:55.794761;04823180-8ed4-4c36-bd63-cd9a343d817e;7.031;34.374711;SELL
2016-04-13T04:32:59.000000;2016-04-13T04:32:59.716156;53144c44-3c75-42a2-9423-ae108880c813;7.0321;7.44131219;SELL
2016-04-13T04:32:59.000000;2016-04-13T04:32:59.728140;499e527e-8b57-4cca-b1b6-6a758a432ffe;7.032;105.4705;SELL
2016-04-13T04:32:59.000000;2016-04-13T04:32:59.730146;01ad7dbf-f00f-479d-85ec-eca00d4735c7;7.032;161.23;SELL
2016-04-13T04:32:59.000000;2016-04-13T04:32:59.765158;0eab8a73-768a-42f1-85bb-267bb561396f;7.03;82.0113;SELL
2016-04-13T04:32:59.000000;2016-04-13T04:32:59.766152;db1455ac-d748-405d-996b-e6bbb74fd071;7.0258;10.0;SELL
2016-04-13T04:32:59.000000;2016-04-13T04:32:59.766152;4e0fb07d-1f6f-4d7c-a0aa-c9b2f3805cb1;7.018;18.8461;SELL
2016-04-13T04:32:59.000000;2016-04-13T04:32:59.766152;de12e239-877b-4fd6-8b61-38e544b35b18;7.01;10.0;SELL
2016-04-13T04:32:59.000000;2016-04-13T04:32:59.766152;bd776bfc-6fb5-4dc8-b6e7-de418da1bdc2;7.01;5.0;SELL
2016-04-13T04:32:59.000000;2016-04-13T04:32:59.766152;4255fc29-f3c5-4268-aa95-d7ac95fb99a8;7.01;10.155891;SELL
2016-04-13T04:32:59.000000;2016-04-13T04:32:59.803164;ace47da8-801c-4cd9-9f97-b5b08402cf62;7.0012;716.163;SELL
2016-04-13T04:32:59.000000;2016-04-13T04:32:59.803164;821b6561-c276-48fb-88d1-85600cfd99f9;7.0005;0.85;SELL
2016-04-13T04:32:59.000000;2016-04-13T04:32:59.804163;454b345b-caaa-4b08-b3a8-a7954be07ab6;7.0;8.6759;SELL
2016-04-13T04:32:59.000000;2016-04-13T04:32:59.804163;ea6331cc-cfa9-4fb9-bb2a-8174ea698751;7.0;2.0;SELL
2016-04-13T04:32:59.000000;2016-04-13T04:32:59.804163;93ed8190-8250-438c-b133-a47a61b7a826;7.0;250.0;SELL
2016-04-13T04:32:59.000000;2016-04-13T04:32:59.821156;0eecc696-4f2e-4f6a-9b64-8ae36fdb7441;7.0;71.5;SELL
2016-04-13T04:32:59.000000;2016-04-13T04:32:59.841163;34256556-8092-4e19-9082-d4ca8b888bc5;7.0;10.0;SELL
2016-04-13T04:32:59.000000;2016-04-13T04:32:59.841163;998a83cc-d36b-422e-997d-227367c09f8d;7.0;3.0;SELL
2016-04-13T04:32:59.000000;2016-04-13T04:32:59.841163;bb17a8dc-fd35-42d3-8616-530bd1b5be5c;7.0;10.0;SELL
2016-04-13T04:32:59.000000;2016-04-13T04:32:59.841163;b579f76f-67a7-4d91-8daa-bcbbd0f473c1;7.0;0.17;SELL
2016-04-13T04:32:59.000000;2016-04-13T04:32:59.847160;bd2a7561-212a-4b29-8c02-3fcce973c2eb;7.0;25.0;SELL
2016-04-13T04:32:59.000000;2016-04-13T04:32:59.879204;97574d01-57a7-4f7f-a574-807729127f5e;7.0;100.0;SELL
2016-04-13T04:32:59.000000;2016-04-13T04:32:59.879204;694e7e7e-a5f7-43d4-a393-87ca9902809c;7.0;10.0;SELL
2016-04-13T04:32:59.000000;2016-04-13T04:32:59.879204;f9fcb03a-5729-4bc4-a68f-65dece63c97a;7.0;3.0;SELL
2016-04-13T04:32:59.000000;2016-04-13T04:32:59.879204;9cdb656c-e15f-4b4b-ba6b-d869ded28564;6.983;10.97;SELL
2016-04-13T04:32:59.000000;2016-04-13T04:32:59.889172;6e66f2ab-fc45-410e-961c-81eca5d51ed0;6.915;259.6;SELL
2016-04-13T04:32:59.000000;2016-04-13T04:32:59.917171;e4ee2379-6dbf-4ab8-afeb-571140e404ba;6.914;92.91599681;SELL
2016-04-13T04:33:12.000000;2016-04-13T04:33:12.064408;accd066c-5bfe-4d7e-947f-37a69c322c61;6.9161;7.56612129;SELL
2016-04-13T04:33:12.000000;2016-04-13T04:33:12.074401;ddfbdff6-5097-476b-b5ae-9f682ba8ed41;6.916;41.01971231;SELL
2016-04-13T04:33:12.000000;2016-04-13T04:33:12.081395;b39ba346-896e-4d8d-a8a4-ac703bab7778;6.916;41.916;SELL
2016-04-13T04:33:12.000000;2016-04-13T04:33:12.112418;86222b88-fce0-4e87-9b04-e872c78a61d8;6.916;48.73428769;SELL
2016-04-13T04:33:12.000000;2016-04-13T04:33:12.112418;dd628d1a-3fbc-45bc-a706-85e1bbb9d464;6.9151;56.0628;SELL
2016-04-13T04:33:12.000000;2016-04-13T04:33:12.112418;bcc5ee71-eace-4d78-8da3-db9f48b1df7b;6.9151;116.98802732;SELL
2016-04-13T04:33:12.000000;2016-04-13T04:33:12.132420;8905d938-85e4-4a28-aaa5-5cb72fbbba97;6.915;232.4;SELL
2016-04-13T04:33:12.000000;2016-04-13T04:33:12.481417;be70b9e0-40b4-4d74-be45-3c1afbdaf620;6.915;38.99600911;SELL
2016-04-13T04:33:12.000000;2016-04-13T04:33:12.493429;2b47ece4-ac65-4934-abd5-ad07075c49d6;6.914;8.305643;SELL
2016-04-13T04:33:12.000000;2016-04-13T04:33:12.518437;8d2d84ed-894b-4e3b-a543-ba171f8f9746;6.9133;5.102;SELL
2016-04-13T04:33:12.000000;2016-04-13T04:33:12.519426;2d21ed3d-e12d-4cfc-b504-1088490921bb;6.9112;493.41123288;SELL
2016-04-13T04:33:12.000000;2016-04-13T04:33:12.519426;313c03b0-57da-44b2-b4eb-6997246d0ac3;6.9112;506.58876712;SELL
2016-04-13T04:33:12.000000;2016-04-13T04:33:12.519426;ab732887-2ca4-4191-a48b-bd0a069d7534;6.9;2.208;SELL
2016-04-13T04:33:12.000000;2016-04-13T04:33:12.536436;554a05b9-f52b-45c8-8dd5-b1cfddb8504a;6.9;10.0;SELL
2016-04-13T04:33:12.000000;2016-04-13T04:33:12.556441;93c78d71-1651-4c95-9552-c57b7a51b32c;6.861;13.4;SELL
2016-04-13T04:33:12.000000;2016-04-13T04:33:12.556441;a0359262-ae80-4b21-9423-21df8dc2056c;6.855;467.80323288;SELL
2016-04-13T04:37:09.000000;2016-04-13T04:37:09.286629;aaac34cc-83e9-4712-be1a-29a413dc063f;6.997;50.0;SELL
2016-04-13T04:37:11.000000;2016-04-13T04:37:11.765875;59c95f3e-3ec6-4295-9ce7-798b1ab37fd0;6.997;55.2558;SELL
2016-04-13T04:37:11.000000;2016-04-13T04:37:11.775894;f0289426-dcaf-4f86-b198-e5478966d532;6.997;44.7442;SELL
2016-04-13T04:37:17.000000;2016-04-13T04:37:17.347445;62544324-8071-48e0-86da-beb726653483;7.0;100.0;SELL
2016-04-13T04:37:29.000000;2016-04-13T04:37:29.281803;46580a4f-fede-49c8-bc78-e7cd95aab3e9;7.007;20.0;SELL
2016-04-13T04:38:04.000000;2016-04-13T04:38:04.883171;1e87274f-3a66-4722-8d15-9a4a13a7d037;7.018;10.0;SELL
2016-04-13T04:38:07.000000;2016-04-13T04:38:07.599446;8395e917-a956-45c7-8b7b-6b102aacf339;7.018;10.0;SELL
2016-04-13T04:38:15.000000;2016-04-13T04:38:15.285239;938d5c23-2fdf-4ba6-a869-5dfb358a7f63;7.021;10.0;SELL
2016-04-13T04:38:21.000000;2016-04-13T04:38:21.284824;c384f5ae-ef50-4d2c-a770-4e48c5e5d472;7.023;2.0;SELL
2016-04-13T04:38:24.000000;2016-04-13T04:38:24.257107;4458199a-9a94-465f-9ae9-c8c3304792b6;7.024;2.0;SELL
2016-04-13T04:38:40.000000;2016-04-13T04:38:40.301723;988544b5-be36-4e92-8e6c-f468c355cda2;7.03;20.0;SELL
2016-04-13T04:38:49.000000;2016-04-13T04:38:49.472642;1fab1ad2-5c35-4267-8d3e-36da8bee8b74;7.032;20.0;SELL
2016-04-13T04:40:44.000000;2016-04-13T04:40:44.318126;46a18ecd-2a88-4679-8d63-2a525c437797;7.036;20.0;SELL
2016-04-13T04:40:47.000000;2016-04-13T04:40:47.762484;bb32dabb-0651-4b12-ab7d-41ce46f57e22;7.036;20.0;SELL
2016-04-13T04:41:09.000000;2016-04-13T04:41:09.113624;c20d7014-5738-4a8f-862d-ab725d312611;7.1288;5.0;BUY
2016-04-13T04:41:09.000000;2016-04-13T04:41:09.118609;3b88b050-573b-48bc-a7d4-1166fc99ae03;7.1298;174.0;BUY
2016-04-13T04:41:09.000000;2016-04-13T04:41:09.137614;80acf25e-8661-46ba-9ad1-fc28b753d043;7.13;120.0;BUY
2016-04-13T04:41:09.000000;2016-04-13T04:41:09.156616;9c271cf5-a56e-454e-a8eb-70ec04438738;7.1366;1.0;BUY
2016-04-13T04:41:17.000000;2016-04-13T04:41:17.595457;855aa5bc-70cd-4ee9-b89f-0f117e954045;7.1689;120.0;BUY
2016-04-13T04:42:49.000000;2016-04-13T04:42:49.538645;3281a4be-cfb2-402a-8bb9-b559be0663fa;7.17;1.14870855;BUY
2016-04-13T04:42:49.000000;2016-04-13T04:42:49.556664;adfdf578-8e99-4962-bc20-b21f8a8568df;7.17;5.3826804;BUY
2016-04-13T04:43:06.000000;2016-04-13T04:43:06.300371;294fb025-bafa-41a9-ad13-b8133f428f64;7.17;7.44131219;SELL
2016-04-13T04:43:09.000000;2016-04-13T04:43:09.788683;5629fe4d-a311-4612-8548-0f42e3ca35f4;7.17;92.55868781;SELL
2016-04-13T04:44:33.000000;2016-04-13T04:44:33.249013;66ddc42d-3765-45d4-888c-e7a79fae2cb9;7.2359;0.83903952;BUY
2016-04-13T04:44:33.000000;2016-04-13T04:44:33.261019;f2bc0e6b-cb3e-492b-9f97-e26465674615;7.236;0.8;BUY
2016-04-13T04:44:33.000000;2016-04-13T04:44:33.266018;541b82ca-d5f3-4ec9-a6fb-e88fde0a7138;7.236;8.36096048;BUY
2016-04-13T04:44:43.000000;2016-04-13T04:44:43.291021;1a824404-71ca-4f8d-88d6-c0ce84bfbe1f;7.2299;0.83903952;BUY
2016-04-13T04:44:43.000000;2016-04-13T04:44:43.299020;12ba48b5-ccec-4080-87ff-76f5f900bcad;7.23;9.16096048;BUY
2016-04-13T04:44:49.000000;2016-04-13T04:44:49.300609;897c6860-125f-4343-b8db-f2b203ee58f9;7.226;10.0;BUY
2016-04-13T04:44:50.000000;2016-04-13T04:44:50.796768;19cbaf48-f84e-4bc9-a21e-6c09e2bddc25;7.226;10.0;BUY
2016-04-13T04:44:52.000000;2016-04-13T04:44:52.837969;d7a56bda-9c8a-407f-abef-2fcc408ece76;7.225;10.0;BUY
2016-04-13T04:49:27.000000;2016-04-13T04:49:27.235090;aea81732-a75c-497d-baca-fe07f70a4852;7.246;61.1128;BUY
2016-04-13T05:11:19.000000;2016-04-13T05:11:19.182185;e91eca51-9b9f-408a-8908-bb1c9ffe33f4;7.165;4.6;SELL
2016-04-13T05:11:19.000000;2016-04-13T05:11:19.188185;845c5eb1-fc57-45d3-947a-593a1f31bb69;7.164;5.4;SELL
2016-04-13T05:15:37.000000;2016-04-13T05:15:38.150080;2265b72c-5aea-40fd-b4eb-25430c280b01;7.165;4.3;SELL
2016-04-13T05:15:37.000000;2016-04-13T05:15:38.175085;fa1ba4ba-454f-4e45-a8b1-625b50fef1fb;7.164;0.797;SELL
2016-04-13T05:21:37.000000;2016-04-13T05:21:37.978973;e0be3bd8-8f19-4062-993f-0cf887bac0cf;7.219;4.9953138;SELL
2016-04-13T05:26:47.000000;2016-04-13T05:26:47.304886;19fd038d-1fe8-4512-b2d2-a0d69633a0aa;7.306;20.0;SELL
2016-04-13T05:26:54.000000;2016-04-13T05:26:54.595614;5fc0e917-7529-4edb-a620-27fbb8a02bdb;7.307;20.0;SELL
2016-04-13T05:28:50.000000;2016-04-13T05:28:50.580213;ae24ab8d-9488-49ab-9d6f-fa9d8712a54a;7.325;20.0;SELL
2016-04-13T05:28:53.000000;2016-04-13T05:28:53.130458;47dcef98-bf20-46c3-972f-0d8054d576ef;7.325;20.0;SELL
2016-04-13T05:30:04.000000;2016-04-13T05:30:05.034667;4e8d90eb-2fd5-4c3a-8220-15e7bb713ee9;7.3441;5.92003515;SELL
2016-04-13T05:30:04.000000;2016-04-13T05:30:05.047673;c95aa012-5d72-4136-a011-68e6c4f79ec2;7.344;14.07996485;SELL
2016-04-13T05:30:14.000000;2016-04-13T05:30:14.157567;9a14398e-347b-48db-bec2-f615d8459cc0;7.349;20.0;SELL
2016-04-13T05:30:16.000000;2016-04-13T05:30:16.658808;67da2639-173b-4caf-86cb-e1aa1c83fbdb;7.3491;5.97422074;SELL
2016-04-13T05:30:16.000000;2016-04-13T05:30:16.661817;2648e08e-1a2a-4c68-b1c8-9cf9afbc8aba;7.349;14.02577926;SELL
2016-04-13T05:30:49.000000;2016-04-13T05:30:49.530779;733130a0-5519-44bf-9dea-50b9d7fad60e;7.3591;6.02349671;SELL
2016-04-13T05:30:49.000000;2016-04-13T05:30:49.540121;0ea0265d-9f89-4e3a-af35-f9fc8ab48436;7.359;13.97650329;SELL
2016-04-13T05:32:47.000000;2016-04-13T05:32:47.437891;4cc0668f-fa04-4cdf-90b1-2c00487c6c0c;7.42;100.0;SELL
2016-04-13T05:36:28.000000;2016-04-13T05:36:28.630366;1b6de6b8-5251-4cc1-8fd7-91d404031440;7.36;35.0;SELL
2016-04-13T05:37:03.000000;2016-04-13T05:37:03.363824;1efe5b55-7b34-42ed-86e6-824f50f43285;7.36;30.66;SELL
2016-04-13T05:37:04.000000;2016-04-13T05:37:04.900975;4c5df9db-e5ef-406e-8763-e27f809f933b;7.36;30.66;SELL
2016-04-13T05:37:06.000000;2016-04-13T05:37:06.711198;eaa79092-71ba-4c95-8488-390b953e621d;7.36;3.68;SELL
2016-04-13T05:45:29.000000;2016-04-13T05:45:29.509431;edfbb5d1-9b8c-4283-9aa5-65b546da583e;7.439;0.8;BUY
2016-04-13T05:45:29.000000;2016-04-13T05:45:29.527425;26b22da4-43aa-48d8-b5d0-8a4cab205bde;7.439;3.2;BUY
2016-04-13T05:48:20.000000;2016-04-13T05:48:20.639542;7a108f75-bebc-4143-b1f3-40f478565f08;7.383;1.2;SELL
2016-04-13T05:48:20.000000;2016-04-13T05:48:20.647542;0b2302dc-01b6-40c2-a0b1-f592616d00d1;7.382;28.8;SELL
2016-04-13T05:55:38.000000;2016-04-13T05:55:38.156020;251c4fb0-c771-4e98-8e3e-9c442b5f77f9;7.286;20.0;SELL
2016-04-13T05:55:59.000000;2016-04-13T05:55:59.974209;23e920b5-c525-4308-9571-6744272ce145;7.4359;3.2429;BUY
2016-04-13T05:55:59.000000;2016-04-13T05:55:59.979202;2733def4-47b1-400e-a876-5a4205bf1d05;7.436;6.7571;BUY
2016-04-13T06:00:35.000000;2016-04-13T06:00:35.963797;9a952117-0641-4fd6-8c30-21c1debe7a8a;7.4282;4.2;BUY
2016-04-13T06:00:35.000000;2016-04-13T06:00:35.975793;6567e290-91f3-490f-9362-8a5a8e278794;7.4282;6.9;BUY
2016-04-13T06:01:09.000000;2016-04-13T06:01:09.304124;490a232d-f465-4a65-82dd-a99e2d87fbf8;7.4296;3.672256;BUY
2016-04-13T06:01:17.000000;2016-04-13T06:01:17.837971;bda37905-8b59-4a0e-97ad-9acb0061ec1e;7.44;10.0;BUY
2016-04-13T06:01:25.000000;2016-04-13T06:01:25.988798;48b85f03-88db-4bfc-8cd3-492ec67a5e6f;7.4519;3.637929;BUY
2016-04-13T06:01:39.000000;2016-04-13T06:01:39.929211;42b8c8a1-bb3b-4309-9d84-0dc4605d7305;7.46;0.84124;SELL
2016-04-13T06:01:44.000000;2016-04-13T06:01:44.472643;96200a06-1070-4562-9a11-f062c93c645a;7.4629;15.01916134;BUY
2016-04-13T06:01:44.000000;2016-04-13T06:01:44.474655;d19449be-cfc9-4a76-b75a-bd75ca26ce52;7.4629;19.91916134;BUY
2016-04-13T06:01:44.000000;2016-04-13T06:01:44.509655;985d9855-1858-4763-b19e-207ec67760e5;7.4629;17.43703866;BUY
2016-04-13T06:01:44.000000;2016-04-13T06:01:44.510643;a2f73bc8-8270-463f-885f-d9c152689d7c;7.465;28.74540787;BUY
2016-04-13T06:02:00.000000;2016-04-13T06:02:00.585280;430e5e2c-b6e6-40bb-a64a-b81038294645;7.47;0.17642;SELL
2016-04-13T06:02:30.000000;2016-04-13T06:02:30.418257;aa9a0290-2269-45f2-ab9f-436470d2abbb;7.47;1.11457889;SELL
2016-04-13T06:02:32.000000;2016-04-13T06:02:32.111406;8eaaaad4-a61b-487d-bbf7-89f6ab0aad2a;7.4844;5.0;BUY
2016-04-13T06:02:32.000000;2016-04-13T06:02:32.117421;c0106dc8-f17f-44c8-8c64-115840290073;7.4847;95.0;BUY
2016-04-13T06:02:32.000000;2016-04-13T06:02:32.754481;a8664288-0369-40df-b331-99cd86194d28;7.47;1.54362036;SELL
2016-04-13T06:02:36.000000;2016-04-13T06:02:36.257811;943cdcb3-d1a3-42e6-b130-3d082be93905;7.47;0.73196767;SELL
2016-04-13T06:02:52.000000;2016-04-13T06:02:52.089410;c56d970c-8132-405c-8a36-76eb6517e2b2;7.4844;53.6;SELL
2016-04-13T06:02:52.000000;2016-04-13T06:02:52.931498;00f5c032-6aed-4115-86b4-13b5025734de;7.4864;0.85;BUY
2016-04-13T06:02:52.000000;2016-04-13T06:02:52.936504;e0556a13-4dc4-494d-a844-fa9dd1d1fe92;7.508;0.89;BUY
2016-04-13T06:02:52.000000;2016-04-13T06:02:52.951494;a22a3722-0f5b-42ea-890a-7fbd8fa4c203;7.52;3.58054126;BUY
2016-04-13T06:02:52.000000;2016-04-13T06:02:52.973495;3fb7e3a8-89d9-43d3-bbc4-82f7b143bd4c;7.5341;4.67945874;BUY
2016-04-13T06:02:56.000000;2016-04-13T06:02:56.906883;cac49e6c-fdf0-450a-a317-96b03523f1f7;7.4844;46.4;SELL
2016-04-13T06:02:59.000000;2016-04-13T06:02:59.185122;8e81d0d4-376d-484b-b176-80a9de2aff9d;7.47;15.31;SELL
2016-04-13T06:03:00.000000;2016-04-13T06:03:00.388248;44b8c755-a132-4c2e-b82b-9fdc823f495e;7.47;0.00264387;SELL
2016-04-13T06:03:14.000000;2016-04-13T06:03:14.891696;e05393f9-d879-4694-b8b6-ff033dc04e40;7.46;95.52;SELL
2016-04-13T06:03:16.000000;2016-04-13T06:03:16.519845;a25714ba-9d02-44b7-8179-8aae7c788db7;7.46;0.000831;SELL
2016-04-13T06:04:20.000000;2016-04-13T06:04:20.784838;5cf86aea-c8ee-454f-b927-bc963d124a29;7.44;10.0;SELL
2016-04-13T06:04:23.000000;2016-04-13T06:04:23.518148;2fb585f0-cce5-4a3d-9878-5959c483fef1;7.44;10.0;SELL
2016-04-13T06:04:30.000000;2016-04-13T06:04:30.301785;35daec3c-6cd2-4316-afd7-6934f440a802;7.44;10.0;SELL
2016-04-13T06:04:34.000000;2016-04-13T06:04:34.481205;3812b0da-0b83-4ff0-954a-f75dedbb4ed8;7.44;10.0;SELL
2016-04-13T06:04:36.000000;2016-04-13T06:04:36.282379;6d20fb59-ff32-4130-9738-37824ac59360;7.44;10.0;SELL
2016-04-13T06:04:38.000000;2016-04-13T06:04:38.162621;509a23d0-3067-408b-8d20-abf917074bbb;7.44;32.67592023;SELL
2016-04-13T06:04:58.000000;2016-04-13T06:04:58.551604;70474f3b-ddf6-495e-806c-63e34a25b7a7;7.44;0.1;SELL
2016-04-13T06:05:03.000000;2016-04-13T06:05:03.555121;104a3f43-d92c-4de4-aa51-90913c3b6436;7.467;3.628656;BUY
2016-04-13T06:05:03.000000;2016-04-13T06:05:03.561122;1bdaeab9-8529-4094-8281-74beb49b3d24;7.47;5.39643281;BUY
2016-04-13T06:05:03.000000;2016-04-13T06:05:03.567121;f91d0c78-3d78-4375-a2db-d4d2ac95ab35;7.479;0.97491119;BUY
2016-04-13T06:05:05.000000;2016-04-13T06:05:05.878337;5bf49326-1ce9-4de6-860e-6c7e9531df63;7.478;10.0;BUY
2016-04-13T06:05:37.000000;2016-04-13T06:05:37.365492;148383fd-2f50-44ef-8668-6268fc17a73c;7.44;0.1;SELL
2016-04-13T06:06:34.000000;2016-04-13T06:06:35.005261;4e878cf8-63bb-40cc-98da-2c00bd1d4033;7.44;7.12;SELL
2016-04-13T06:06:35.000000;2016-04-13T06:06:35.898350;4fe858a7-6c2b-464d-b252-0ae8566f3723;7.44;0.00407977;SELL
2016-04-13T06:09:14.000000;2016-04-13T06:09:14.740228;802a83b8-7003-41fe-97a3-63c91aa71115;7.45;0.11570747;BUY
2016-04-13T06:10:10.000000;2016-04-13T06:10:10.419793;bf625701-73d1-4b27-a124-46227bbc079a;7.46;100.0;SELL
2016-04-13T06:10:40.000000;2016-04-13T06:10:40.775829;f80fcabc-238a-4fdc-aba1-6c58788eb7d5;7.45;10.0;SELL
2016-04-13T06:10:49.000000;2016-04-13T06:10:49.183681;f611ac40-1468-47db-b84e-0aa42a839430;7.455;10.0;SELL
2016-04-13T06:10:57.000000;2016-04-13T06:10:57.635519;0a48a2e7-5d72-4e07-a179-a9a134fe3315;7.455;10.0;SELL
2016-04-13T06:11:00.000000;2016-04-13T06:11:00.890845;da765a75-183d-40ff-a422-5f6e72ea6749;7.455;10.0;SELL
2016-04-13T06:11:07.000000;2016-04-13T06:11:07.650520;a64ef7bb-1f8a-4e46-abf1-ffeabb411442;7.455;10.0;SELL
2016-04-13T06:11:09.000000;2016-04-13T06:11:09.719722;491ae580-0c18-4cda-b607-2c811b18cc58;7.455;0.61753104;SELL
2016-04-13T06:11:37.000000;2016-04-13T06:11:37.737538;6b9f2d32-0abc-4cd3-80dc-4c4c2df4bb20;7.455;59.38;SELL
2016-04-13T06:11:38.000000;2016-04-13T06:11:38.116566;96ea5f80-481d-49bc-9260-2d73f307b1e5;7.455;0.00246896;SELL
2016-04-13T06:11:58.000000;2016-04-13T06:11:58.971682;e05cf6b6-c157-4091-b0ff-786c3dded694;7.453;3.45500357;SELL
2016-04-13T06:12:02.000000;2016-04-13T06:12:02.626061;40cc3551-2441-4965-9ec5-7cdb50b7e41e;7.453;2.46747812;SELL
2016-04-13T06:12:38.000000;2016-04-13T06:12:38.691621;6458e895-46b8-4611-a515-46f6d5eaa3a3;7.4702;3.627196;BUY
2016-04-13T06:12:38.000000;2016-04-13T06:12:38.713625;b01409c7-de04-4e59-8602-f2dcd91e0231;7.484;46.4;BUY
2016-04-13T06:12:38.000000;2016-04-13T06:12:38.718638;1a5078a2-0fd3-4134-b586-5a0c6339d408;7.484;46.39999922;BUY
2016-04-13T06:12:38.000000;2016-04-13T06:12:38.751629;c5cbc217-b1ef-41a2-b7ae-31b37555a03a;7.534;3.57280478;BUY
2016-04-13T06:12:56.000000;2016-04-13T06:12:56.724417;a035d1c5-bb56-4be4-82ac-ee49f096cbfb;7.529;2.0;BUY
2016-04-13T06:13:50.000000;2016-04-13T06:13:50.956845;e7efda09-e630-44e5-96ca-3648edffbb04;7.51;36.14637801;SELL
2016-04-13T06:13:51.000000;2016-04-13T06:13:51.633925;129125ed-ffe7-4244-81f0-21ec670ef5c0;7.51;37.6;SELL
2016-04-13T06:13:52.000000;2016-04-13T06:13:52.438023;31aa5194-c36f-444a-907c-0e0f91950805;7.51;26.25362199;SELL
2016-04-13T06:15:54.000000;2016-04-13T06:15:54.494217;40a1a5ad-cc5b-4567-b770-b5d77bc96ecd;7.453;0.71928102;SELL
2016-04-13T06:17:14.000000;2016-04-13T06:17:14.780236;5e6deab5-6fab-41a1-bc67-e5f192444602;7.485;3.611215;BUY
2016-04-13T06:17:14.000000;2016-04-13T06:17:14.789249;8e2b4b6e-2ded-478c-b40e-c3e56b729cc4;7.485;1.388785;BUY
2016-04-13T06:17:27.000000;2016-04-13T06:17:27.892546;1a0a1f71-f1a6-43b3-94a9-127ab7f01cc2;7.484;10.0;BUY
2016-04-13T06:17:35.000000;2016-04-13T06:17:35.444317;7b33b438-2a5c-487d-a7d6-78342a2b528a;7.47;0.27442;SELL
2016-04-13T06:17:42.000000;2016-04-13T06:17:42.968041;0fea6580-5014-4188-ae05-9f92c890a306;7.47;0.13721;SELL
2016-04-13T06:17:58.000000;2016-04-13T06:17:58.905638;4d913947-3c99-4af4-b52c-9943db1c57bc;7.47;35.81;SELL
2016-04-13T06:18:02.000000;2016-04-13T06:18:02.789025;cc3ffa87-52bc-4a11-94d4-657816e115fc;7.47;63.77837;SELL
2016-04-13T06:19:21.000000;2016-04-13T06:19:21.215293;6e0e100e-18aa-4b06-97f1-89f6b762ea10;7.47;2.9986;BUY
2016-04-13T06:21:24.000000;2016-04-13T06:21:24.582648;7c514a6b-e537-41f5-a568-9fa5851c8467;7.469;0.1;SELL
2016-04-13T06:21:25.000000;2016-04-13T06:21:25.373706;7e6c443a-a8ce-4cc6-ac91-16f520acb712;7.47;0.2;BUY
2016-04-13T06:21:40.000000;2016-04-13T06:21:40.879259;ab59e75a-3657-4fb3-bf78-95ac081874f4;7.47;0.422526;BUY
2016-04-13T06:24:14.000000;2016-04-13T06:24:14.967691;ac01dd2f-695f-4eaa-a44f-581a1205f2fe;7.532;0.2;BUY
2016-04-13T06:24:14.000000;2016-04-13T06:24:14.971681;85d96c45-5265-4de3-9e2f-0ed9746549f5;7.532;1.8;BUY
2016-04-13T06:24:16.000000;2016-04-13T06:24:16.727864;042713c9-855d-42d8-8c7e-45275cabbc8a;7.478;0.7870581;SELL
2016-04-13T06:24:36.000000;2016-04-13T06:24:36.380805;e9d620f5-ef1e-44c4-8663-b3c30dd7124d;7.478;0.83619894;SELL
2016-04-13T06:24:56.000000;2016-04-13T06:24:56.803847;aeba0b8f-bb10-4ecb-98d4-ce30e78add35;7.478;0.62600013;SELL
2016-04-13T06:25:49.000000;2016-04-13T06:25:49.650140;f5cbc4df-f931-4c5e-aff1-43c60f3570d6;7.5;3.23402244;SELL
2016-04-13T06:25:50.000000;2016-04-13T06:25:51.024282;3ca95348-be2d-43d4-b464-c0cd42bf11aa;7.5;0.37101017;SELL
2016-04-13T06:26:01.000000;2016-04-13T06:26:01.483321;0e4d7b06-6851-4666-a384-124f531f6a9f;7.51;200.0;SELL
2016-04-13T06:26:06.000000;2016-04-13T06:26:06.422824;2033ae8c-3416-4652-b588-d64d3c91a0f0;7.5;196.39496739;SELL
2016-04-13T06:26:06.000000;2016-04-13T06:26:06.425819;5340d15f-cccd-425b-9b9f-f27d8c8d362c;7.49;3.60503261;SELL
2016-04-13T06:26:33.000000;2016-04-13T06:26:33.202481;a58fa2bc-26b4-4d42-b5e3-50698d005909;7.49;1.0;SELL
2016-04-13T06:26:36.000000;2016-04-13T06:26:36.499819;a02da105-656b-4968-8295-d3042748af8b;7.49;0.27204874;SELL
2016-04-13T06:27:15.000000;2016-04-13T06:27:15.280701;07a42a1d-3e53-412d-b888-6e3aa4a78a92;7.49;195.12291865;SELL
2016-04-13T06:27:15.000000;2016-04-13T06:27:15.289704;c2fa20bd-94de-4251-915b-a1acacb4be63;7.478;46.35708135;SELL
2016-04-13T06:27:16.000000;2016-04-13T06:27:16.513820;983621e8-108e-4705-a38f-43dde2d3b039;7.478;51.39366148;SELL
2016-04-13T06:27:18.000000;2016-04-13T06:27:18.822067;947e1d04-c30a-460b-89d1-a3f5d916b35d;7.475;100.0;SELL
2016-04-13T06:27:18.000000;2016-04-13T06:27:18.849060;fc0a94c2-9084-4530-a77f-fc9d2726e2ce;7.47;99.577474;SELL
2016-04-13T06:27:18.000000;2016-04-13T06:27:18.857059;59b88215-bd4c-4617-b53c-662995134c36;7.47;100.0;SELL
2016-04-13T06:27:18.000000;2016-04-13T06:27:18.887082;b3190117-367d-4af8-92e6-59d7ead1277f;7.469;99.9;SELL
2016-04-13T06:27:18.000000;2016-04-13T06:27:18.887082;42c821b3-4b51-4154-b77b-540866a6a695;7.467;100.0;SELL
2016-04-13T06:27:20.000000;2016-04-13T06:27:20.823252;982eecf5-4596-41b8-ae17-cf706f2fe6dd;7.462;100.0;SELL
2016-04-13T06:29:30.000000;2016-04-13T06:29:30.874252;66f15f65-445d-483b-9202-20abc94efea8;7.46;100.0;SELL
2016-04-13T06:29:46.000000;2016-04-13T06:29:46.720865;9b9451a5-a128-4a47-abfd-5ef11afa3203;7.454;100.0;SELL
2016-04-13T06:29:46.000000;2016-04-13T06:29:46.733879;be1ed84f-3372-402e-a1e9-2f2948af6a24;7.454;100.0;SELL
2016-04-13T06:29:46.000000;2016-04-13T06:29:46.744872;8fcb47e4-b22d-4b9e-885e-46e73f67a6b7;7.453;59.31;SELL
2016-04-13T06:29:51.000000;2016-04-13T06:29:51.624364;fda3ef2e-7577-4c27-acab-a17eefb04c7b;7.453;34.04823729;SELL
2016-04-13T06:30:01.000000;2016-04-13T06:30:01.402332;49204e5d-c3b7-47cc-892e-37f39e8a9f91;7.451;38.72;SELL
2016-04-13T06:30:12.000000;2016-04-13T06:30:12.846469;e690d68c-e8d4-49e3-836a-25267c369315;7.451;61.28;SELL
2016-04-13T06:31:53.000000;2016-04-13T06:31:53.275493;df70786f-6565-43dd-a58e-f1f5b17042ab;7.457;2.0;BUY
2016-04-13T06:32:08.000000;2016-04-13T06:32:08.037973;e8513da8-e79f-4e97-8444-f37ad6f6c61a;7.4539;2.0;BUY
2016-04-13T06:33:14.000000;2016-04-13T06:33:14.104597;7dc5ca02-f7b0-47fb-b95b-5426990f50a6;7.429;3.996;SELL
2016-04-13T06:33:58.000000;2016-04-13T06:33:58.688038;8bd4a83c-b942-4a0a-b6c3-28f1da3c9ba8;7.429;84.904;SELL
2016-04-13T06:33:58.000000;2016-04-13T06:33:58.692039;9f10a044-e811-4f20-8eb7-b8a7aa454d12;7.42;15.096;SELL
2016-04-13T06:34:07.000000;2016-04-13T06:34:08.038980;9d3957f2-a682-4c44-8895-d39508f4896d;7.42;10.11342362;SELL
2016-04-13T06:34:11.000000;2016-04-13T06:34:11.279289;9ee5a21f-a9c0-454f-bdd2-7a2db3bff32b;7.42;74.79057638;SELL
2016-04-13T06:38:24.000000;2016-04-13T06:38:24.437273;1a9e6892-6ae2-412a-bcb1-e46a5ecf4f41;7.343;0.1;SELL
2016-04-13T06:39:47.000000;2016-04-13T06:39:48.027631;c6623eb9-d45d-4db6-9555-433c84d3d5ef;7.34;1.09769;SELL
2016-04-13T06:39:53.000000;2016-04-13T06:39:53.842206;800bf36d-6141-419f-b4c3-af68f2f8a854;7.34;0.1;SELL
2016-04-13T06:40:29.000000;2016-04-13T06:40:29.791814;02aa781e-11a4-450e-9e31-a628c92d576e;7.34;0.1;SELL
2016-04-13T06:41:38.000000;2016-04-13T06:41:38.966732;deaf719c-3638-4709-876a-b2c72a4d2396;7.347;0.1;BUY
2016-04-13T06:41:38.000000;2016-04-13T06:41:38.968737;c5c06d4d-6344-42d2-927b-019f7707f071;7.347;1.9;BUY
2016-04-13T06:45:04.000000;2016-04-13T06:45:04.188251;2858bf3c-f2ed-444c-b135-4e61204b7e7b;7.329;101.4839;BUY
2016-04-13T06:45:05.000000;2016-04-13T06:45:05.032317;0d80250b-fd1f-4106-945d-50ab55e60c34;7.33;174.0;SELL
2016-04-13T06:46:39.000000;2016-04-13T06:46:39.780791;db4544b0-fcb2-4473-8228-f1cafe95d47a;7.34;0.1;SELL
2016-04-13T06:53:29.000000;2016-04-13T06:53:29.952038;6398afbb-8240-47ff-9a6c-2a1b86542836;7.33;0.96149277;SELL
2016-04-13T06:57:53.000000;2016-04-13T06:57:53.600407;10e707df-7d81-40c4-8f04-20e31a65f3e8;7.338;3.62;SELL
2016-04-13T06:57:53.000000;2016-04-13T06:57:53.616395;139e6218-f545-4213-aaaa-b94b9753523d;7.338;1.97878276;SELL
2016-04-13T06:57:57.000000;2016-04-13T06:57:57.436787;1f8f8845-f300-421d-a916-cc55c22c9654;7.338;1.64121724;SELL
2016-04-13T06:57:57.000000;2016-04-13T06:57:57.448796;9f927ee6-3832-4547-8016-11dde5ee436e;7.338;3.62;SELL
2016-04-13T06:58:01.000000;2016-04-13T06:58:01.669219;c230bde2-eda8-46d9-be99-a2dafb1d52c1;7.33;3.06984599;SELL
2016-04-13T06:58:05.000000;2016-04-13T06:58:05.413582;20c7919a-1c0e-4403-891d-5a90ce5b1988;7.33;3.06984599;SELL
2016-04-13T06:58:09.000000;2016-04-13T06:58:09.257990;d9ef9d7c-5f16-40a6-b38c-5580efe18657;7.33;3.06984599;SELL
2016-04-13T06:58:11.000000;2016-04-13T06:58:11.754233;1dc8e581-2837-4fa4-a7b6-2a4b0869d6d9;7.33;3.06984599;SELL
2016-04-13T06:58:16.000000;2016-04-13T06:58:16.744724;8b6203a9-25d0-47fd-8333-b47a05c85b07;7.33;3.01650835;SELL
2016-04-13T06:58:19.000000;2016-04-13T06:58:19.146955;e0ee8d7b-05d8-44ba-b6f2-8a7121a76420;7.33;3.01650835;SELL
2016-04-13T06:58:22.000000;2016-04-13T06:58:22.563292;7a11f60f-1ec2-49e4-8d8e-357bdb3ff95b;7.33;3.01650835;SELL
2016-04-13T06:58:26.000000;2016-04-13T06:58:26.717715;6e36ce55-5be8-466c-ac7c-20acebb71df3;7.33;16.39219355;SELL
2016-04-13T06:58:31.000000;2016-04-13T06:58:31.431184;594ec022-3195-4dc1-9079-feeda0a435c5;7.33;15.79370467;SELL
2016-04-13T06:58:31.000000;2016-04-13T06:58:31.467186;322377d6-8a70-47df-a1c5-4b29ded78939;7.33;0.59848888;SELL
2016-04-13T06:58:34.000000;2016-04-13T06:58:34.460493;91549680-6ec7-4e90-9382-8c798be234a5;7.33;3.01650835;SELL
2016-04-13T06:58:36.000000;2016-04-13T06:58:36.850713;adb7b6ff-750b-402c-885e-efbf685294fb;7.33;3.01650835;SELL
2016-04-13T06:58:40.000000;2016-04-13T06:58:40.681115;4b7b73c1-6dcb-40ef-ae2b-9a92912524ef;7.33;3.01650835;SELL
2016-04-13T06:58:44.000000;2016-04-13T06:58:44.691518;a1a54dcd-cc25-40d1-9503-a6cd2aa442d8;7.33;3.01650835;SELL
2016-04-13T06:58:48.000000;2016-04-13T06:58:48.405880;68d6a0b1-d0f9-4fb9-8e1c-fb5d08057c5d;7.33;3.01650835;SELL
2016-04-13T06:58:51.000000;2016-04-13T06:58:51.273205;8581f821-7ef4-4de2-9142-c911e07af242;7.33;3.01650835;SELL
2016-04-13T06:58:53.000000;2016-04-13T06:58:53.487395;652dc344-4980-43c8-90f2-8296b3dec85f;7.33;1.08416102;SELL
2016-04-13T07:00:17.000000;2016-04-13T07:00:17.202762;584854b2-11c3-484c-a530-90cc79b08000;7.32;40.24362728;BUY
2016-04-13T07:07:05.000000;2016-04-13T07:07:05.085338;1299a77a-b8bc-4608-8882-dbbbbc1f65a0;7.2689;101.98;BUY
2016-04-13T07:07:06.000000;2016-04-13T07:07:06.307472;7063466c-3dfa-4d92-9266-ea4b3943ca90;7.2689;72.02;BUY
2016-04-13T07:09:13.000000;2016-04-13T07:09:13.258169;1baf5f19-e996-478b-b67c-456ac4b28bbd;7.3251;3.621611;BUY
2016-04-13T07:09:13.000000;2016-04-13T07:09:13.280185;8075e3fc-a76e-46d3-b998-f0c27be94c0c;7.33;1.93234733;BUY
2016-04-13T07:09:13.000000;2016-04-13T07:09:13.288166;d9b06bcc-947a-47e8-b287-63c198a85cfa;7.33;1.08416102;BUY
2016-04-13T07:13:54.000000;2016-04-13T07:13:54.132332;516348bc-7ba6-478c-acb9-7b012f125f60;7.325;1.02847911;SELL
2016-04-13T07:25:51.000000;2016-04-13T07:25:51.511253;a6589b91-b9df-4430-892e-6127ff694c72;7.33;10.0;SELL
2016-04-13T07:26:23.000000;2016-04-13T07:26:23.205407;6add17c0-6ee3-49fa-99c5-450596f18402;7.325;2.59152089;SELL
2016-04-13T07:26:23.000000;2016-04-13T07:26:23.211410;f5a4e502-b5df-4159-ac94-27634715edab;7.3168;0.40847911;SELL
2016-04-13T07:26:30.000000;2016-04-13T07:26:30.866185;7c3fe17e-b1d4-463b-9b76-cd9df7306e52;7.3168;3.0;SELL
2016-04-13T07:26:37.000000;2016-04-13T07:26:37.988891;9c5a94c0-a8a1-4007-b8ca-0f4226e2dc86;7.3168;0.26427489;SELL
2016-04-13T07:26:37.000000;2016-04-13T07:26:38.001938;bc6e6f24-7469-4ae2-94fe-8e6ac43d18cb;7.223;0.03572511;SELL
2016-04-13T07:32:17.000000;2016-04-13T07:32:17.087788;d1fb2fcc-f405-480d-a1e0-5105dee83336;7.294;24.91;BUY
2016-04-13T07:32:21.000000;2016-04-13T07:32:21.334225;27ebe690-5bb8-4799-820c-0d5d8dae3232;7.294;77.41;BUY
2016-04-13T07:41:49.000000;2016-04-13T07:41:50.013721;0fd3341e-4c04-46dd-865d-11bfa296a719;7.3702;0.8466034;BUY
2016-04-13T07:41:52.000000;2016-04-13T07:41:52.236931;f5ce4ee0-2376-4122-8a4e-e120b2dfbb49;7.3702;0.0033966;BUY
2016-04-13T07:41:58.000000;2016-04-13T07:41:58.350554;cd8d73c2-afa6-4dc1-8590-be9e29954035;7.395;3.647495;BUY
2016-04-13T07:51:39.000000;2016-04-13T07:51:39.127899;dddc2cb0-a2ce-41e4-99a1-5574b78168de;7.438;99.76;BUY
2016-04-13T07:51:50.000000;2016-04-13T07:51:50.560043;62bc8023-a79a-4477-b848-a665f1f7749c;7.5329;101.25817897;BUY
2016-04-13T07:52:35.000000;2016-04-13T07:52:35.716554;583565cd-a1c4-4414-9dc7-40d95539e6de;7.524;100.2326;BUY
2016-04-13T07:52:35.000000;2016-04-13T07:52:35.734551;c434c1e6-31b0-4278-9a84-8d7c8cc786d6;7.5249;79.8879;BUY
2016-04-13T07:57:11.000000;2016-04-13T07:57:11.294130;4cb601d7-4112-4711-923d-5646539cc430;7.466;100.7031;BUY
2016-04-13T08:19:49.000000;2016-04-13T08:19:49.394145;8ff218b3-4fb9-4200-bcd1-5a3665b80aea;7.4019;130.5348;BUY
2016-04-13T08:19:49.000000;2016-04-13T08:19:49.411146;b2a53aa0-7c70-4518-bd97-8e8002bfe364;7.402;99.7052;BUY
2016-04-13T08:37:17.000000;2016-04-13T08:37:17.214661;baa45f4f-ce67-479a-ab81-f46ba9f83c7e;7.424;77.716897;BUY
2016-04-13T08:39:31.000000;2016-04-13T08:39:31.784128;d57f4200-5690-40b2-a934-6cd7337ea7a1;7.408;9.2;SELL
2016-04-13T08:39:31.000000;2016-04-13T08:39:31.798118;8ed2f0e1-52d2-4db5-8077-29972910e86e;7.407;45.6;SELL
2016-04-13T08:39:55.000000;2016-04-13T08:39:55.697514;2a527208-301a-4d1c-98e1-2aae92b6c477;7.408;3.8;SELL
2016-04-13T08:39:55.000000;2016-04-13T08:39:55.710521;24835473-3aaf-401d-a1ff-a757f51cc51d;7.407;51.0;SELL
2016-04-13T08:40:07.000000;2016-04-13T08:40:07.611712;17dd0574-d2ac-4d98-8eaa-b3dc65b141f0;7.41;0.2;SELL
2016-04-13T08:40:07.000000;2016-04-13T08:40:07.623706;159e7dcf-8130-4e0b-887c-42dea3d6f7b5;7.409;5.28;SELL
2016-04-13T08:41:25.000000;2016-04-13T08:41:25.729502;34ffb237-ba5e-476e-9282-a8a162a17136;7.4869;1.8;BUY
2016-04-13T08:41:25.000000;2016-04-13T08:41:25.743517;68b963d2-c8c3-48d7-a272-8023c6efcec3;7.4869;11.4;BUY
2016-04-13T08:41:25.000000;2016-04-13T08:41:25.748515;8d122404-f337-4440-9134-0058f24ceee1;7.4879;7.06065561;BUY
2016-04-13T08:41:40.000000;2016-04-13T08:41:40.056975;0f9582c8-b49f-4657-98a4-d4c9e44aec0c;7.488;1.09769;SELL
2016-04-13T08:41:59.000000;2016-04-13T08:41:59.487889;186332a6-6415-4a05-ada8-f35f53975f2a;7.488;1.15025471;SELL
2016-04-13T08:42:10.000000;2016-04-13T08:42:10.708007;93397e66-7230-4e6a-b87d-dc9e7079b57f;7.488;17.491399;SELL
2016-04-13T08:42:11.000000;2016-04-13T08:42:11.139252;57b3d915-a830-4e19-bd60-e2a677eb08ad;7.465;26.66233593;SELL
2016-04-13T08:42:39.000000;2016-04-13T08:42:39.297867;b9675cd2-fdbe-42b8-ba76-6041e440570c;7.523;40.0;BUY
2016-04-13T08:43:56.000000;2016-04-13T08:43:56.346599;a933b31a-3ac8-4fda-adfd-341a32e51b95;7.504;20.0;BUY
2016-04-13T08:47:03.000000;2016-04-13T08:47:03.531291;3721fe5a-bbe7-4393-9860-e17c266175ad;7.465;0.1;SELL
2016-04-13T08:47:18.000000;2016-04-13T08:47:18.918831;2502d94b-7fc1-4f03-9a7e-0dd42ea0f7f4;7.465;0.1;SELL
2016-04-13T08:52:51.000000;2016-04-13T08:52:51.293643;fa713f7f-16dc-4d9c-a731-fdcd8b4724a3;7.4029;0.4;BUY
2016-04-13T08:53:10.000000;2016-04-13T08:53:10.331525;10b6b557-d688-4580-8330-b523e44675c0;7.4029;0.0006647;BUY
2016-04-13T08:55:13.000000;2016-04-13T08:55:13.472840;f9385932-6919-4c7f-8111-969dc83acf3f;7.5079;7.08220097;BUY
2016-04-13T08:55:13.000000;2016-04-13T08:55:13.489853;991e65e0-47e0-4b2d-9901-a44e33e554b5;7.508;92.91779903;BUY
2016-04-13T08:55:32.000000;2016-04-13T08:55:32.976792;b5857cb2-fae2-4980-9f39-9b8b4c8fca57;7.51;50.0;BUY
2016-04-13T08:57:57.000000;2016-04-13T08:57:57.446240;23678d66-4768-4408-993f-3ce6b386d9ad;7.526;99.823;BUY
2016-04-13T08:57:57.000000;2016-04-13T08:57:57.456239;617840a5-763a-42e4-8f36-eec16fc5ba2d;7.526;75.90435937;BUY
2016-04-13T08:57:57.000000;2016-04-13T08:57:57.467244;13d39e01-917d-4155-811d-6e13be667d59;7.5269;107.8104;BUY
2016-04-13T08:57:57.000000;2016-04-13T08:57:57.493247;2715dd3d-66be-4aae-9fc2-6597c55d5b34;7.5341;1.35847897;BUY
2016-04-13T08:57:57.000000;2016-04-13T08:57:57.494238;e6892266-d10b-434b-81d6-26647f0dd792;7.5341;0.1;BUY
2016-04-13T08:57:57.000000;2016-04-13T08:57:57.494238;857fc920-5393-410f-9d19-67aa6e3992a9;7.5341;0.1;BUY
2016-04-13T08:57:57.000000;2016-04-13T08:57:57.494238;a3b00835-382f-4446-a58d-80ea4993d3db;7.54;50.0;BUY
2016-04-13T08:58:02.000000;2016-04-13T08:58:02.075726;067a7489-c8b1-44e7-a3f2-35b56674d33d;7.54;164.9;SELL
2016-04-13T08:58:02.000000;2016-04-13T08:58:02.613762;528361b6-f754-410b-9ac3-757ef8bdff62;7.54;0.00376166;SELL
2016-04-13T08:58:58.000000;2016-04-13T08:58:58.874398;f494771f-3fa2-4189-97d3-d6f17348686f;7.536;99.738;BUY
2016-04-13T08:59:01.000000;2016-04-13T08:59:01.543651;8d33389e-43e8-47b5-916e-2bfc23f677c0;7.54;89.0532;SELL
2016-04-13T08:59:01.000000;2016-04-13T08:59:01.876684;e9789a51-c66f-456d-84b7-cd008c4c4685;7.54;21.22432189;SELL
2016-04-13T08:59:02.000000;2016-04-13T08:59:02.508743;76889595-2cb1-4a3b-8c16-281f8047fc63;7.54;289.98447811;SELL
2016-04-13T09:09:15.000000;2016-04-13T09:09:15.506160;9b6c3c49-0077-4e3d-bbb4-73d513900e93;7.52;2.0;BUY
2016-04-13T09:09:15.000000;2016-04-13T09:09:15.513168;b50fdfd7-9553-4592-91aa-423cf0a005c8;7.5341;0.1;BUY
2016-04-13T09:09:15.000000;2016-04-13T09:09:15.526215;3fdbf838-437b-4383-ab98-789fbcb10afd;7.5499;73.8456;BUY
2016-04-13T09:09:15.000000;2016-04-13T09:09:15.550170;b0b94cd7-6ae8-45b4-adc8-aeaa7aba7cf1;7.55;98.8615;BUY
2016-04-13T09:09:15.000000;2016-04-13T09:09:15.578169;2aef2149-cff5-4df1-a206-a8e5e2faac9a;7.56;99.0558;SELL
2016-04-13T09:09:21.000000;2016-04-13T09:09:21.399796;c911bbea-5ced-4547-905d-c06d7bb0d85e;7.56;226.1371;SELL
2016-04-13T09:09:31.000000;2016-04-13T09:09:32.018824;1c73fd54-d54e-4c9d-8292-0406b095a53c;7.559;99.1978;BUY
2016-04-13T09:09:31.000000;2016-04-13T09:09:32.027825;2730ba1a-1934-4f5c-a7e7-3c6076c50fb1;7.56;2.89448554;BUY
2016-04-13T09:09:34.000000;2016-04-13T09:09:34.983109;a8acb1dd-da50-4e9d-9adf-61cc2c86a559;7.56;60.987;SELL
2016-04-13T09:09:35.000000;2016-04-13T09:09:35.884202;5d6118f1-7225-4024-bcbb-2628616fe1a4;7.56;336.92071446;SELL
2016-04-13T09:11:14.000000;2016-04-13T09:11:14.667075;e278a2c5-feb0-4966-9457-6c3d15c9a483;7.5659;50.373;BUY
2016-04-13T09:11:14.000000;2016-04-13T09:11:14.686099;79a84b52-9970-4c79-b23d-bd9eae28e5e0;7.566;99.8629;BUY
2016-04-13T09:11:14.000000;2016-04-13T09:11:14.695086;dc8882e3-5375-4f7d-81cf-0060b544c369;7.566;14.73524866;BUY
2016-04-13T09:11:18.000000;2016-04-13T09:11:18.930509;29f91662-2d56-49e8-bda2-0aba7f04c90a;7.57;229.7;SELL
2016-04-13T09:11:19.000000;2016-04-13T09:11:19.585604;e26d5cee-3676-4d18-8c63-517a461e9ae4;7.57;20.52522582;SELL
2016-04-13T09:11:21.000000;2016-04-13T09:11:21.752817;28f9b1b7-2e7e-466c-9e0c-a247ce4a7a69;7.57;20.537732;SELL
2016-04-13T09:11:21.000000;2016-04-13T09:11:21.841797;bbb1dd8b-fbfd-4c13-98fb-0f7844dfb825;7.57;0.1;SELL
2016-04-13T09:11:22.000000;2016-04-13T09:11:22.120840;f1b17964-a63f-4406-8a0c-5a5c7f6418cf;7.57;9.94;SELL
2016-04-13T09:11:22.000000;2016-04-13T09:11:22.508862;895d2cdc-4ff4-4777-94fb-299dc8038109;7.57;35.204648;SELL
2016-04-13T09:11:22.000000;2016-04-13T09:11:22.791922;69c58929-8350-49b5-9149-684c6df94526;7.57;19.02124552;SELL
2016-04-13T09:11:29.000000;2016-04-13T09:11:29.707610;9c7d2e2c-4a47-4bbd-9bdc-2e3a3ffe0867;7.504;0.1;SELL
2016-04-13T09:11:38.000000;2016-04-13T09:11:38.040433;0223e135-be4b-4071-ae34-7e9996ba38b9;7.504;0.1;SELL
2016-04-13T09:11:41.000000;2016-04-13T09:11:41.980812;19c55a2b-fe8a-4fd3-9582-44766518a84c;7.559;99.8364;BUY
2016-04-13T09:11:41.000000;2016-04-13T09:11:41.998839;eb0bf50f-4972-4923-b4d0-a349d4a0f198;7.57;19.02124552;BUY
2016-04-13T09:11:41.000000;2016-04-13T09:11:42.003814;11e03a47-3f42-40f5-9ef0-4e28e5b3b4b8;7.57;39.790515;BUY
2016-04-13T09:12:11.000000;2016-04-13T09:12:11.211738;06e2f668-f25c-475a-bdcc-41b08337f244;7.57;5.3954141;SELL
2016-04-13T09:12:14.000000;2016-04-13T09:12:14.540076;5e31215b-5b73-45d4-a87a-6ac313722d0c;7.57;4.74633542;SELL
2016-04-13T09:12:16.000000;2016-04-13T09:12:16.483259;6b964199-3197-49ba-b8ab-35fa8f259eee;7.57;213.65;SELL
2016-04-13T09:12:18.000000;2016-04-13T09:12:18.691484;f8ccca8a-7991-4deb-af9f-a1ef5ef5a838;7.57;0.93736762;SELL
2016-04-13T09:12:20.000000;2016-04-13T09:12:20.812735;1207eb78-472a-42d6-9c1c-2a1193df0add;7.57;3.6303322;SELL
2016-04-13T09:12:23.000000;2016-04-13T09:12:23.505969;8af32aa1-3ad3-4718-a2bb-f9919ec44be8;7.57;3.05182416;SELL
2016-04-13T09:12:26.000000;2016-04-13T09:12:26.468264;50e8038d-b393-42c3-bce2-c90860640f4c;7.57;0.99442813;SELL
2016-04-13T09:12:43.000000;2016-04-13T09:12:43.631978;22d6d70f-4b59-4ada-be11-34a10fc01cf3;7.57;4.27;SELL
2016-04-13T09:12:44.000000;2016-04-13T09:12:44.240041;11e234d4-1fef-47ee-887d-053ac9434c2f;7.57;3.91917185;SELL
2016-04-13T09:12:46.000000;2016-04-13T09:12:46.887294;00d59e4b-9d81-4b9a-811f-34925ca649f4;7.57;3.18290275;SELL
2016-04-13T09:12:52.000000;2016-04-13T09:12:52.312882;092a6790-666b-4fd5-af47-e61f359cd653;7.57;1.240816;SELL
2016-04-13T09:13:02.000000;2016-04-13T09:13:02.085808;5d4184f2-8b56-4696-bdd3-7e06589d6821;7.57;18.22;SELL
2016-04-13T09:13:04.000000;2016-04-13T09:13:04.092027;e06b81e5-6af6-4368-a008-8ce8568d847b;7.57;78.11324725;SELL
2016-04-13T09:17:21.000000;2016-04-13T09:17:21.094710;c7511356-2bba-4460-b0e3-2416e46be01c;7.569;99.1883;BUY
2016-04-13T09:17:21.000000;2016-04-13T09:17:21.105756;7c564749-65aa-402d-a65a-0dd3ffc5d560;7.569;38.16770662;BUY
2016-04-13T09:17:21.000000;2016-04-13T09:17:21.105756;4cd8dcc5-fda9-470b-aa66-80006f4febe2;7.57;1.0;BUY
2016-04-13T09:17:21.000000;2016-04-13T09:17:21.142147;b41b72b7-8689-4f62-8bf7-a0d797523eb5;7.57;1.0;BUY
2016-04-13T09:17:23.000000;2016-04-13T09:17:23.319936;0fe34331-0c50-4c7f-8114-842cc151701e;7.57;0.1;SELL
2016-04-13T09:17:29.000000;2016-04-13T09:17:29.258544;271b3a5b-570f-4a51-b3da-ace7720ae17f;7.57;0.1;SELL
2016-04-13T09:17:36.000000;2016-04-13T09:17:36.460258;324960b1-b3e7-46c4-9bae-0ef49d3adbc7;7.57;0.1;SELL
2016-04-13T09:17:41.000000;2016-04-13T09:17:41.194732;d4b69073-96d5-40fd-b4dc-971856006eea;7.57;0.1;SELL
2016-04-13T09:17:44.000000;2016-04-13T09:17:44.957103;d54c3d1e-25d4-46ef-ae9d-45e3f26de90d;7.57;0.1;SELL
2016-04-13T09:20:31.000000;2016-04-13T09:20:31.973456;7443e4cd-f99d-42e5-8930-02b61d854419;7.573;98.6671;BUY
2016-04-13T09:20:31.000000;2016-04-13T09:20:31.981465;dc287363-0add-4690-9a08-8df91e1932f8;7.5739;34.365;BUY
2016-04-13T09:20:32.000000;2016-04-13T09:20:32.891539;77cdac86-c566-4210-a209-39fccaf23294;7.58;34.365;SELL
2016-04-13T09:20:44.000000;2016-04-13T09:20:44.226671;0c56cdcc-bad0-4dba-97f7-7bb68795b46c;7.58;0.1;SELL
2016-04-13T09:21:04.000000;2016-04-13T09:21:04.274677;a296be0b-4f6d-4882-8263-4c009ab7e767;7.58;1.0;SELL
2016-04-13T09:21:42.000000;2016-04-13T09:21:42.958537;ae124686-e672-427e-b9cc-57f1b9ad5db5;7.5801;0.1;SELL
2016-04-13T09:21:51.000000;2016-04-13T09:21:52.094461;9367750d-db23-40ab-a837-a4dbe7ba02ff;7.58;330.0;SELL
2016-04-13T09:21:55.000000;2016-04-13T09:21:55.225770;411d0dd8-4948-497c-a2a9-647591338e90;7.58;1.0;SELL
2016-04-13T09:21:57.000000;2016-04-13T09:21:57.762026;a8fa9bc6-c3ad-44b9-87c2-bd7640b93a63;7.58;0.5029;SELL
2016-04-13T09:22:18.000000;2016-04-13T09:22:18.702119;432fa1e4-e495-4e3a-b91f-97ade52f0800;7.578;98.9238;BUY
2016-04-13T09:22:18.000000;2016-04-13T09:22:18.716134;cfa97545-6c8a-4693-89a1-0b050d77e452;7.58;0.4971;BUY
2016-04-13T09:22:19.000000;2016-04-13T09:22:19.255177;077dbe1f-137c-44d8-9e8e-2c52493584df;7.58;28.3968;SELL
2016-04-13T09:22:57.000000;2016-04-13T09:22:57.419989;d62cae2a-e1ce-463b-b9c9-6a710c393970;7.58;172.0;SELL
2016-04-13T09:22:58.000000;2016-04-13T09:22:58.250067;6fbedeac-0374-47a5-8659-f6aeb1949fcd;7.58;0.1;SELL
2016-04-13T09:23:02.000000;2016-04-13T09:23:02.676511;8a5bc03d-e24c-43af-a744-1e8090c55e2a;7.58;0.1;SELL
2016-04-13T09:23:05.000000;2016-04-13T09:23:05.715819;c7850498-ccd3-4bbd-a75f-eae6e64cacf6;7.58;98.64422528;SELL
2016-04-13T09:23:06.000000;2016-04-13T09:23:06.171865;7240a849-eb1a-45ea-b173-1404c2043b49;7.58;98.64422528;SELL
2016-04-13T09:23:06.000000;2016-04-13T09:23:06.301882;5734bd46-ea3d-4883-8e05-c7e3ce968e8d;7.58;2.69384944;SELL
2016-04-13T09:23:08.000000;2016-04-13T09:23:08.859136;d43ad577-e053-4fd8-805b-257d951df6b0;7.58;0.1;BUY
2016-04-13T09:23:36.000000;2016-04-13T09:23:36.220863;baf5d64a-f3c4-41a3-8925-0e4eff51869f;7.4041;15.5;SELL
2016-04-13T09:23:36.000000;2016-04-13T09:23:36.227870;23b8e3a4-392c-446c-a4de-86cb73351138;7.4031;17.95682058;SELL
2016-04-13T09:36:35.000000;2016-04-13T09:36:36.060857;65279eed-d147-42fa-8799-56e00dd7bb93;7.577;0.1;BUY
2016-04-13T09:36:36.000000;2016-04-13T09:36:36.820937;7c9551fb-2c68-40f5-a1e7-ab8a325d0fba;7.576;0.1;BUY
2016-04-13T09:36:37.000000;2016-04-13T09:36:37.606014;b174aa6d-cc6a-4468-9265-2e2d621df35c;7.576;0.1;BUY
2016-04-13T09:36:38.000000;2016-04-13T09:36:38.371094;f9b88a98-4557-4051-b715-49d48a7b0b69;7.576;0.1;BUY
2016-04-13T09:36:39.000000;2016-04-13T09:36:39.165203;67b0ce5d-3a8b-4ad0-9d7d-f29137c7914f;7.576;0.1;BUY
2016-04-13T09:36:39.000000;2016-04-13T09:36:40.036284;dd1effde-4222-4da4-ab4e-d32e03e6b542;7.576;0.1;BUY
2016-04-13T09:36:40.000000;2016-04-13T09:36:40.871357;98f82ad4-89cd-4161-9798-49e264e42b0b;7.576;0.1;BUY
2016-04-13T09:36:41.000000;2016-04-13T09:36:41.485396;3fed4af5-96d4-44bc-8b3d-5398002f82bf;7.576;0.1;BUY
2016-04-13T09:36:42.000000;2016-04-13T09:36:42.456518;696d79e3-5ea2-4eae-9bbb-40db158a4705;7.576;0.1;BUY
2016-04-13T09:36:43.000000;2016-04-13T09:36:43.172570;e5a6b867-0b61-4f4d-966e-0e39fba460d8;7.576;0.1;BUY
2016-04-13T09:36:44.000000;2016-04-13T09:36:44.058681;04b5b471-02e6-473f-b432-06db04f1838a;7.576;0.1;BUY
2016-04-13T09:36:44.000000;2016-04-13T09:36:44.772760;43e0437f-ccb3-492d-be1b-4695ad30b28f;7.576;0.1;BUY
2016-04-13T09:36:45.000000;2016-04-13T09:36:45.465795;7a264b5e-210a-416a-8604-ae194f17dbb9;7.576;0.1;BUY
2016-04-13T09:36:46.000000;2016-04-13T09:36:46.199873;7df47f9d-95df-4517-93f1-6670fc0114cb;7.576;0.1;BUY
2016-04-13T09:36:46.000000;2016-04-13T09:36:46.941969;ad42f8bb-5b61-4558-9ff8-a9cef76ae1b7;7.576;0.1;BUY
2016-04-13T09:36:47.000000;2016-04-13T09:36:47.663044;6d31b2d9-88c1-4a6d-8d48-bb242d27c889;7.576;0.1;BUY
2016-04-13T09:36:48.000000;2016-04-13T09:36:48.399108;bd740dc4-b2ea-41a0-9769-218e685eadad;7.576;0.1;BUY
2016-04-13T09:36:49.000000;2016-04-13T09:36:49.072153;14c2207c-d3d8-461f-aeb3-3a98dbcef6f7;7.576;0.1;BUY
2016-04-13T09:36:50.000000;2016-04-13T09:36:50.058248;e09ab7f0-d7aa-416e-85de-efb66530ecdd;7.576;0.1;BUY
2016-04-13T09:36:50.000000;2016-04-13T09:36:50.789318;fc4c94f0-12ab-47c0-9f14-05a3adf40b6c;7.576;0.1;BUY
2016-04-13T09:36:51.000000;2016-04-13T09:36:51.500419;4828b6b3-e7c5-497e-9867-754b3c36b9cb;7.576;0.1;BUY
2016-04-13T09:36:52.000000;2016-04-13T09:36:52.500494;5764ca7c-c4ee-448e-98a6-0a3cdd3c1ae9;7.576;0.1;BUY
2016-04-13T09:36:52.000000;2016-04-13T09:36:52.940539;766cf65a-0519-4d6d-b1f0-a8dc33805cdc;7.576;0.1;BUY
2016-04-13T09:36:53.000000;2016-04-13T09:36:53.913641;a6ad0247-5085-4a35-8fce-eed72372b412;7.576;0.1;BUY
2016-04-13T09:36:54.000000;2016-04-13T09:36:54.677723;60d19a70-b733-483a-a7eb-363d5291ac28;7.576;0.1;BUY
2016-04-13T09:38:11.000000;2016-04-13T09:38:11.604459;ed59c3c2-6e67-4ab7-8395-f9dd2e908c77;7.5805;0.1;SELL
2016-04-13T09:38:11.000000;2016-04-13T09:38:11.617412;bb4bc9a7-a94d-49be-adb1-23eeddb55662;7.5804;0.1;SELL
2016-04-13T09:38:11.000000;2016-04-13T09:38:11.633416;5f5a3f2e-105d-40a0-b656-bca3f27be795;7.5803;0.1;SELL
2016-04-13T09:38:11.000000;2016-04-13T09:38:11.654427;b25b7d8d-3a96-4174-a6fa-2c1d588958ee;7.5802;0.1;SELL
2016-04-13T09:38:11.000000;2016-04-13T09:38:11.654427;9ae02b45-83be-4b2b-afad-e2de4bf969a0;7.5801;0.1;SELL
2016-04-13T09:38:11.000000;2016-04-13T09:38:11.654427;7cf669a7-b947-4bbd-9c99-e7e40abc1c55;7.58;0.1;SELL
2016-04-13T09:38:12.000000;2016-04-13T09:38:12.262499;8840ce5a-964e-46b1-8832-fbaf525769a1;7.5799;0.1;BUY
2016-04-13T09:38:12.000000;2016-04-13T09:38:12.920539;d3dc8aed-878f-4d28-891b-b9af244f8b19;7.5799;0.1;BUY
2016-04-13T09:38:13.000000;2016-04-13T09:38:13.588607;525f91e7-c3de-43c9-b6a7-23cfe69e9059;7.5799;0.1;BUY
2016-04-13T09:38:14.000000;2016-04-13T09:38:14.375693;2563343f-518a-4015-89d2-ddf668c82f53;7.5799;0.1;BUY
2016-04-13T09:38:15.000000;2016-04-13T09:38:15.064775;e7ef120e-6cfa-4a3c-aaad-84b31d3b4ed0;7.5799;0.1;BUY
2016-04-13T09:38:15.000000;2016-04-13T09:38:15.934844;9fe2ff8e-0a5d-40b1-a138-f84fdcf5c0e7;7.5799;0.1;BUY
2016-04-13T09:38:16.000000;2016-04-13T09:38:16.676937;0587e79d-731e-41ff-a61b-28af3e2ddb2a;7.5799;0.1;BUY
2016-04-13T09:38:17.000000;2016-04-13T09:38:17.294996;861c0826-f5d0-4616-9e1a-65b504536384;7.5799;0.1;BUY
2016-04-13T09:38:17.000000;2016-04-13T09:38:17.967052;58c5654f-8c30-4157-9830-ef90aebd3c88;7.5799;0.1;BUY
2016-04-13T09:38:18.000000;2016-04-13T09:38:18.706122;a7d346c6-d762-4d1e-9594-1ad2499785fd;7.5799;0.1;BUY
2016-04-13T09:38:19.000000;2016-04-13T09:38:19.370191;f067bb92-dcf6-473c-b01b-4a0e173e6f27;7.5799;0.1;BUY
2016-04-13T09:38:23.000000;2016-04-13T09:38:23.782628;fd780d9f-06c0-422e-a2f1-0ca2b004bd5b;7.5799;0.1;BUY
2016-04-13T09:38:25.000000;2016-04-13T09:38:25.078798;2b12cd0f-a419-4b73-8607-7d06830f753b;7.5799;0.1;BUY
2016-04-13T09:38:25.000000;2016-04-13T09:38:26.006853;184a6003-b3e2-49ae-a2e8-10b58fa7f711;7.5799;10.0;BUY
2016-04-13T09:38:25.000000;2016-04-13T09:38:26.035855;e708b760-3fa5-4786-9aec-7d43fee17e43;7.5799;1.2;BUY
2016-04-13T09:38:25.000000;2016-04-13T09:38:26.038851;d7bb86b7-0989-4841-9de5-0eb6b6d00973;7.5808;1.0;BUY
2016-04-13T09:38:25.000000;2016-04-13T09:38:26.072879;c38e348e-bb20-4197-8e4b-8c266f4cde58;7.5809;26.5698;BUY
2016-04-13T09:38:25.000000;2016-04-13T09:38:26.072879;2ef6741e-6dec-40e1-abb4-f2ea99520a8c;7.581;61.03816325;BUY
2016-04-13T09:38:25.000000;2016-04-13T09:38:26.072879;cd1afa49-9cf0-405d-a5d3-06091525e0a5;7.581;19.81006409;BUY
2016-04-13T09:38:26.000000;2016-04-13T09:38:26.486928;f7e9a7ac-bb10-4b09-a91f-d8fdfe6ae2c1;7.59;47.8;SELL
2016-04-13T09:38:26.000000;2016-04-13T09:38:26.702930;fcc61bfc-aa4d-4aef-bbe2-5841a5f7468b;7.59;24.57155749;SELL
2016-04-13T09:38:26.000000;2016-04-13T09:38:26.892934;67788d63-ebcb-4f3f-852f-83f4f237b864;7.59;27.91446658;SELL
2016-04-13T09:38:27.000000;2016-04-13T09:38:27.089963;b7d3dfe8-99af-4f9c-a5f9-b4f6feff45bb;7.59;24.57155749;SELL
2016-04-13T09:38:27.000000;2016-04-13T09:38:27.499005;b4663f09-adcd-4330-a2bc-dcffe5ddc467;7.59;24.57155749;SELL
2016-04-13T09:38:27.000000;2016-04-13T09:38:27.852036;5659841f-3b45-41c3-8b27-e51a56bdc16d;7.59;8.19228645;SELL
2016-04-13T09:38:28.000000;2016-04-13T09:38:28.766440;955af877-da84-47b8-9810-891252422a71;7.59;23.52765202;SELL
2016-04-13T09:38:29.000000;2016-04-13T09:38:29.379199;e8488d61-a966-49b6-b922-a47585429bdf;7.59;3.36324544;SELL
2016-04-13T09:38:29.000000;2016-04-13T09:38:29.734224;0303469b-b5ad-4ace-860f-b72be83f399b;7.59;195.8696497;SELL
2016-04-13T09:38:32.000000;2016-04-13T09:38:32.621514;6f02adf7-aa7d-49c8-9ce4-47fd68f7c7c7;7.5825;0.1;SELL
2016-04-13T09:38:32.000000;2016-04-13T09:38:32.635516;0a26bb0a-53e9-468e-b31b-0612e5c345d6;7.5824;0.1;SELL
2016-04-13T09:38:32.000000;2016-04-13T09:38:32.657519;88e0d1f1-4a5e-480e-bff0-b9ae10e14ec4;7.5823;0.1;SELL
2016-04-13T09:38:32.000000;2016-04-13T09:38:32.672517;2c6806c9-de5f-4f16-951f-7ba4b3a312e5;7.5822;0.1;SELL
2016-04-13T09:38:32.000000;2016-04-13T09:38:32.672517;6472c3bd-5667-4a5c-aaaf-2a11ebd0e213;7.5821;0.1;SELL
2016-04-13T09:38:32.000000;2016-04-13T09:38:32.673517;4edd00f9-546d-43e0-a867-53e599e4a5fe;7.582;0.1;SELL
2016-04-13T09:38:32.000000;2016-04-13T09:38:32.709530;82d56a53-319e-4e47-897b-e76d63b03c49;7.5819;0.1;SELL
2016-04-13T09:38:33.000000;2016-04-13T09:38:33.349591;a838dc82-0315-4c3a-8c97-2d6cd175fe06;7.5083;0.1;BUY
2016-04-13T09:38:34.000000;2016-04-13T09:38:34.570711;3c53ac97-8f04-469f-9f6b-37a7a235501c;7.5083;0.1;BUY
2016-04-13T09:38:35.000000;2016-04-13T09:38:35.316777;a2a80903-4077-4847-af7a-386ea91abe2a;7.5083;0.1;BUY
2016-04-13T09:38:36.000000;2016-04-13T09:38:36.739945;80aa2635-dbc3-4e70-97b3-37c0d38a7c4c;7.5083;0.1;BUY
2016-04-13T09:38:37.000000;2016-04-13T09:38:37.468985;dd80f2fb-bb65-4b9e-90ac-312bea53d5b8;7.5083;0.1;BUY
2016-04-13T09:38:38.000000;2016-04-13T09:38:38.182087;7174e2e3-7bc7-4455-a095-a8fee2dafd5d;7.5083;0.1;BUY
2016-04-13T09:38:38.000000;2016-04-13T09:38:38.928163;c0ebbbfb-5e3c-4cd7-bdf5-5703e09aba49;7.5083;0.1;BUY
2016-04-13T09:38:39.000000;2016-04-13T09:38:39.635211;7b0067f0-92e3-42bd-9d68-febf09ea0e6a;7.5083;0.1;BUY
2016-04-13T09:38:40.000000;2016-04-13T09:38:40.356290;fcc200cf-86eb-40f8-a3c1-09f986f4a1c9;7.5083;0.1;BUY
2016-04-13T09:38:41.000000;2016-04-13T09:38:41.217378;08a29409-5178-48aa-a145-3ef28cd413e2;7.5083;0.1;BUY
2016-04-13T09:38:42.000000;2016-04-13T09:38:42.596509;1f2b64b8-9c6f-43ce-88cc-fa93f22fb0a6;7.5083;0.1;BUY
2016-04-13T09:38:43.000000;2016-04-13T09:38:43.317585;64886e88-07e1-45eb-a87f-f9ae0bed06fd;7.5083;0.1;BUY
2016-04-13T09:38:44.000000;2016-04-13T09:38:44.719721;7de68d20-6bb4-45ae-bd03-5e5901d6b590;7.5083;0.1;BUY
2016-04-13T09:38:45.000000;2016-04-13T09:38:45.520812;ddaa19b0-10af-4dbd-84bf-9411f474e46c;7.5083;0.1;BUY
2016-04-13T09:38:46.000000;2016-04-13T09:38:46.250888;79571cf8-9ccf-452f-993c-64ee971544b6;7.5083;0.1;BUY
2016-04-13T09:38:47.000000;2016-04-13T09:38:47.782018;87fb4bee-6d00-400f-b257-a8a3f0a8b718;7.5083;0.1;BUY
2016-04-13T09:38:49.000000;2016-04-13T09:38:49.215177;16b22d6f-3029-4c33-8b6a-7efcdc6b7a39;7.5083;0.1;BUY
2016-04-13T09:38:50.000000;2016-04-13T09:38:50.136268;270faa8e-6d2e-414b-add0-cc15b04b1850;7.5083;0.1;BUY
2016-04-13T09:38:50.000000;2016-04-13T09:38:50.898345;5e16ba4e-fae6-47fa-b73f-35fbc092eb44;7.5083;0.1;BUY
2016-04-13T09:38:52.000000;2016-04-13T09:38:52.230470;9dcf9c66-ce57-4ebe-98cd-e665c8bc780c;7.5083;0.1;BUY
2016-04-13T09:38:52.000000;2016-04-13T09:38:52.952549;a50bc9a5-cea9-49b2-b3c8-d8ada32eaef4;7.5083;0.1;BUY
2016-04-13T09:38:53.000000;2016-04-13T09:38:53.660620;830ed776-78cf-433c-bd62-d4596a9d520c;7.5083;0.1;BUY
2016-04-13T09:38:54.000000;2016-04-13T09:38:54.409688;c5a27ad6-c215-454b-a287-fa992d212b55;7.5083;0.1;BUY
2016-04-13T09:38:55.000000;2016-04-13T09:38:55.607811;c4e263de-23dc-4a11-bc5a-54ed820858f4;7.5083;0.1;BUY
2016-04-13T09:38:56.000000;2016-04-13T09:38:56.324882;50b8e53a-afc2-4809-95a0-9ca33d40ebf5;7.5083;0.1;BUY
2016-04-13T09:38:57.000000;2016-04-13T09:38:57.555014;4442ef08-6819-4447-ae98-6a67efe85a39;7.5083;0.1;BUY
2016-04-13T09:38:57.000000;2016-04-13T09:38:57.575029;55bc51aa-a648-436a-bbd6-00aea95c0bb2;7.5083;1.067441;BUY
2016-04-13T09:41:31.000000;2016-04-13T09:41:31.166477;1c9f5640-6796-494b-8b9b-a65e85981683;7.5864;0.1;SELL
2016-04-13T09:41:31.000000;2016-04-13T09:41:31.172364;ee17eb70-c015-4664-ba75-5c0e5870f8f8;7.5863;0.1;SELL
2016-04-13T09:41:31.000000;2016-04-13T09:41:31.180383;4b4e5313-1da9-4f3a-9574-ba8afaabec5e;7.5862;0.06163252;SELL
2016-04-13T09:42:43.000000;2016-04-13T09:42:43.280580;e6b06117-dd84-47f8-b6b2-3fa7fd2c768d;7.5862;0.03836748;SELL
2016-04-13T09:43:18.000000;2016-04-13T09:43:18.556108;8aa7cc24-097c-40b7-92c3-7ecc3b375347;7.5861;0.1;SELL
2016-04-13T09:46:22.000000;2016-04-13T09:46:22.548502;9be95b44-d456-4342-bae2-660debf2240c;7.509;0.1;SELL
2016-04-13T09:46:28.000000;2016-04-13T09:46:28.673106;a4955490-d73b-44c6-a895-8efd52393e94;7.509;0.1;SELL
2016-04-13T09:46:42.000000;2016-04-13T09:46:42.077456;3c572e8c-5ea9-41e5-bf74-dd02c66562df;7.509;0.1;SELL
2016-04-13T09:47:10.000000;2016-04-13T09:47:10.886342;09a1e71d-61d8-4ed2-9de8-08b6ed1e7761;7.509;0.1;SELL
2016-04-13T09:47:19.000000;2016-04-13T09:47:19.216174;83178394-5453-4d76-bd4b-7f5677245722;7.509;0.17553172;SELL
2016-04-13T09:50:22.000000;2016-04-13T09:50:23.049376;1bf594a5-ce08-42bb-95ec-041668975dbd;7.5808;0.1;SELL
2016-04-13T09:51:16.000000;2016-04-13T09:51:16.796722;0f1ea979-b7e2-4a65-a9ee-382db1100739;7.5861;0.9;BUY
2016-04-13T09:51:16.000000;2016-04-13T09:51:16.814719;655289ee-14a3-446b-960c-bcce9a92c2f6;7.5862;0.96163252;BUY
2016-04-13T09:51:16.000000;2016-04-13T09:51:16.819778;39f435ec-7612-4ec6-ac9d-3acc1e41801b;7.5888;0.1;BUY
2016-04-13T09:51:16.000000;2016-04-13T09:51:16.851718;e5f431f4-9cff-41cc-8b89-1a0a90768f15;7.5889;0.1;BUY
2016-04-13T09:51:16.000000;2016-04-13T09:51:16.851718;981811b7-504d-454b-a802-c654b0b11dfe;7.589;0.1;BUY
2016-04-13T09:51:16.000000;2016-04-13T09:51:16.851718;7ce0b78b-1b88-41a2-8ed3-a9bd65495153;7.5891;0.1;BUY
2016-04-13T09:51:16.000000;2016-04-13T09:51:16.851718;cd7ec761-5d22-437f-b6f9-7fed40517c56;7.5892;0.1;BUY
2016-04-13T09:51:16.000000;2016-04-13T09:51:16.851718;aa4b22b7-0412-4039-9cab-aaa90f533300;7.5893;0.1;BUY
2016-04-13T09:51:16.000000;2016-04-13T09:51:16.851718;f71b0998-55f0-4a96-9b51-483443c0fe4b;7.5894;0.1;BUY
2016-04-13T09:51:16.000000;2016-04-13T09:51:16.851718;f0b2c557-0983-4b07-8e66-29d5e1616264;7.5895;0.1;BUY
2016-04-13T09:51:16.000000;2016-04-13T09:51:16.860736;9cfaf0c4-654c-4482-ba19-25cc8397b7a6;7.5896;0.1;BUY
2016-04-13T09:51:16.000000;2016-04-13T09:51:16.888730;2e623788-231d-4787-bd1f-75740360803d;7.5897;0.1;BUY
2016-04-13T09:51:16.000000;2016-04-13T09:51:16.888730;74909a8a-6466-4dd0-869d-742464a5ba7b;7.5898;0.1;BUY
2016-04-13T09:51:16.000000;2016-04-13T09:51:16.888730;29c4e27f-dd2a-4352-8099-a0972cfc08d4;7.5899;0.1;BUY
2016-04-13T09:51:16.000000;2016-04-13T09:51:16.888730;06b2d5a6-baa1-4f17-8805-d01df31ca9fa;7.59;0.1;BUY
2016-04-13T09:51:16.000000;2016-04-13T09:51:16.900741;c31ad8f9-f9ee-4b2a-b942-64ea2fd9915f;7.5901;0.1;BUY
2016-04-13T09:51:16.000000;2016-04-13T09:51:16.924745;d6a662da-1673-4421-b578-f25e8a0ec8ff;7.5902;0.1;BUY
2016-04-13T09:51:16.000000;2016-04-13T09:51:16.925737;502db71f-d3cb-4de7-9bd5-a437fe40d907;7.5903;0.1;BUY
2016-04-13T09:51:16.000000;2016-04-13T09:51:16.925737;c54b390b-3e41-4e9e-8cd4-c6ba92eac5d9;7.5904;0.1;BUY
2016-04-13T09:51:16.000000;2016-04-13T09:51:16.925737;863946a2-5f67-4b90-a319-ea118693652f;7.5905;0.1;BUY
2016-04-13T09:51:16.000000;2016-04-13T09:51:16.932742;6c5b63b5-8040-46cc-957b-cd0288279196;7.5906;0.1;BUY
2016-04-13T09:51:16.000000;2016-04-13T09:51:16.961748;ac593d74-7a21-414d-9cc5-bf3dccf98dd1;7.5907;0.1;BUY
2016-04-13T09:51:16.000000;2016-04-13T09:51:16.962743;313e1894-4425-4939-b211-037bdbcccb6b;7.5908;0.1;BUY
2016-04-13T09:51:16.000000;2016-04-13T09:51:16.962743;d2fb35ba-5781-45f7-8478-3e2cd44ab2d5;7.5909;0.1;BUY
2016-04-13T09:51:16.000000;2016-04-13T09:51:16.966744;7337bdc2-23a5-4635-87c6-144612ee5d8d;7.591;0.1;BUY
2016-04-13T09:51:16.000000;2016-04-13T09:51:16.998752;cc472746-6908-47d2-a7bd-b73ddc977f6b;7.5911;0.1;BUY
2016-04-13T09:51:16.000000;2016-04-13T09:51:16.998752;fbe9feb3-253f-4f7b-a446-b7c06bdfca1d;7.5912;0.1;BUY
2016-04-13T09:51:16.000000;2016-04-13T09:51:16.998752;2ca40490-af8e-4636-bb62-e7a12e74d3e9;7.5913;0.1;BUY
2016-04-13T09:51:16.000000;2016-04-13T09:51:16.999753;432d921f-af2a-4024-a397-49510f37ed95;7.5914;0.1;BUY
2016-04-13T09:51:16.000000;2016-04-13T09:51:16.999753;1147fef5-024d-46f9-bbd6-1d35f95b0b0d;7.5915;0.05836748;BUY
2016-04-13T09:51:26.000000;2016-04-13T09:51:26.622723;96484974-3ee2-47a0-a184-691a79492685;7.5915;0.04163252;BUY
2016-04-13T09:51:26.000000;2016-04-13T09:51:26.624744;80163943-931a-479c-b5df-f5f8182ee191;7.5916;0.1;BUY
2016-04-13T09:51:26.000000;2016-04-13T09:51:26.625709;6f046dd7-2655-4958-beb4-e5ed8e8b0517;7.5917;0.1;BUY
2016-04-13T09:51:26.000000;2016-04-13T09:51:26.660728;954c237d-4008-4259-ae63-6e3d2da7d45a;7.5918;0.1;BUY
2016-04-13T09:51:26.000000;2016-04-13T09:51:26.661712;5e2198e2-baa7-4aec-af8c-5224e0241046;7.5919;0.1;BUY
2016-04-13T09:51:26.000000;2016-04-13T09:51:26.661712;0b5ccba8-8ec8-4af2-a809-6677f2bfca8e;7.592;0.1;BUY
2016-04-13T09:51:26.000000;2016-04-13T09:51:26.666720;bc36ed51-3f01-4017-9c5d-058c5b1ba0aa;7.5921;0.1;BUY
2016-04-13T09:51:26.000000;2016-04-13T09:51:26.697719;dcee984d-bc39-43bb-b88b-d3bc54944adf;7.5922;0.1;BUY
2016-04-13T09:51:26.000000;2016-04-13T09:51:26.698747;bf86ca60-3c83-46eb-8d3c-c4f3867e94e5;7.5923;0.1;BUY
2016-04-13T09:51:26.000000;2016-04-13T09:51:26.698747;23c29400-a90b-43bf-85ff-c7f3ccea89d0;7.5924;0.1;BUY
2016-04-13T09:51:26.000000;2016-04-13T09:51:26.698747;430e77eb-4d27-4ced-83a1-e083451ec2e9;7.5925;0.1;BUY
2016-04-13T09:51:26.000000;2016-04-13T09:51:26.698747;6f9006bc-cea9-47f5-9741-052a43a25fd3;7.5926;0.1;BUY
2016-04-13T09:51:26.000000;2016-04-13T09:51:26.711722;fbe76d7d-4857-46c5-b799-0ebd70dda115;7.5927;0.1;BUY
2016-04-13T09:51:26.000000;2016-04-13T09:51:26.734725;d82e10aa-45c9-4c4a-bad3-5ea49119b81f;7.5928;0.1;BUY
2016-04-13T09:51:26.000000;2016-04-13T09:51:26.734725;44e98f29-83ed-4398-b9ad-02128793d7ef;7.5929;0.1;BUY
2016-04-13T09:51:26.000000;2016-04-13T09:51:26.735718;9a3c1d6b-ad9d-4e60-abf9-e590f0f2fb72;7.593;0.1;BUY
2016-04-13T09:51:26.000000;2016-04-13T09:51:26.735718;bf4feabd-1591-4265-ac07-db8e39a67ba6;7.5931;0.1;BUY
2016-04-13T09:51:26.000000;2016-04-13T09:51:26.735718;d8300d42-bf19-4ff5-95e4-b11825791aff;7.5932;0.1;BUY
2016-04-13T09:51:26.000000;2016-04-13T09:51:26.756722;8a8952c3-a1a0-4101-8041-a69b0a365a2d;7.5933;0.1;BUY
2016-04-13T09:51:26.000000;2016-04-13T09:51:26.771730;17a5cfb6-2607-4011-b40c-631842bbc239;7.5934;0.1;BUY
2016-04-13T09:51:26.000000;2016-04-13T09:51:26.771730;c5f284ad-0fb1-42e8-baca-7c895f9e6ef2;7.5935;0.1;BUY
2016-04-13T09:51:26.000000;2016-04-13T09:51:26.771730;7a70354c-fdb7-4d8b-ba05-2115712efdd7;7.5936;0.1;BUY
2016-04-13T09:51:26.000000;2016-04-13T09:51:26.773745;6dbe23df-a65d-4181-900a-1a9140b1b1df;7.5937;0.1;BUY
2016-04-13T09:51:26.000000;2016-04-13T09:51:26.808736;a69fa718-89aa-473b-a58d-8e4e4eab5181;7.5938;0.1;BUY
2016-04-13T09:51:26.000000;2016-04-13T09:51:26.815722;6892881f-8de7-4af2-96a8-aa5d1ca307d5;7.5939;0.1;BUY
2016-04-13T09:51:26.000000;2016-04-13T09:51:26.845729;25ea5be9-82ed-4d0f-b57b-a3e879f55f72;7.594;0.1;BUY
2016-04-13T09:51:26.000000;2016-04-13T09:51:26.845729;36d5f45a-aaf7-4884-b27b-de8514eb095b;7.5941;0.1;BUY
2016-04-13T09:51:26.000000;2016-04-13T09:51:26.845729;2a718b3c-5020-43b1-bd9b-89184543affd;7.5942;0.1;BUY
2016-04-13T09:51:26.000000;2016-04-13T09:51:26.849739;84422049-e316-4dbf-8af6-4d3b77c35158;7.5943;0.1;BUY
2016-04-13T09:51:26.000000;2016-04-13T09:51:26.882759;799f3ac8-4762-44a8-a063-e74c9dbddb32;7.5944;0.1;BUY
2016-04-13T09:51:26.000000;2016-04-13T09:51:26.882759;a2f20506-0173-4692-8667-a347ba80dd23;7.5945;0.1;BUY
2016-04-13T09:51:26.000000;2016-04-13T09:51:26.882759;d61e7679-5376-4801-a66d-63a0459eed15;7.5946;0.1;BUY
2016-04-13T09:51:26.000000;2016-04-13T09:51:26.895733;cf3c84a7-5b81-48d2-968c-f17c19a6d3d4;7.5947;0.1;BUY
2016-04-13T09:51:26.000000;2016-04-13T09:51:26.919752;94a2accd-6167-46ba-a3c4-49d579c4f04b;7.5948;0.1;BUY
2016-04-13T09:51:26.000000;2016-04-13T09:51:26.919752;41c57357-d93f-44d2-8157-616e0529dede;7.5949;0.1;BUY
2016-04-13T09:51:26.000000;2016-04-13T09:51:26.919752;0f495f28-ae12-451b-a2ec-13055b2f0443;7.595;0.01836748;BUY
2016-04-13T09:51:27.000000;2016-04-13T09:51:27.806839;3a49c29b-494d-4058-969c-6962327ef052;7.595;0.08163252;BUY
2016-04-13T09:51:27.000000;2016-04-13T09:51:27.819832;c21ccd5c-abbd-4d05-9c26-0a959ab9ce2a;7.5951;0.1;BUY
2016-04-13T09:51:27.000000;2016-04-13T09:51:27.820839;cbce7ac6-cffd-49d2-af1d-f930b177f65e;7.5952;0.1;BUY
2016-04-13T09:51:27.000000;2016-04-13T09:51:27.856837;57b059da-2e64-4b70-b54c-b3251d456fbe;7.5953;0.1;BUY
2016-04-13T09:51:27.000000;2016-04-13T09:51:27.856837;74169880-0e69-45a5-99ea-15682b8d6b4f;7.5954;0.1;BUY
2016-04-13T09:51:27.000000;2016-04-13T09:51:27.856837;a0e868a4-0857-4e17-a115-9a85a2d1f5b9;7.5955;0.1;BUY
2016-04-13T09:51:27.000000;2016-04-13T09:51:27.862840;ebe13ee2-7ea6-4ae5-993f-54c7a4693c8e;7.5956;0.1;BUY
2016-04-13T09:51:27.000000;2016-04-13T09:51:27.893846;84d54b22-94cf-4c9b-ba4a-0a897af62556;7.5957;0.1;BUY
2016-04-13T09:51:27.000000;2016-04-13T09:51:27.893846;8ccad0c3-5bb6-4532-9705-ad38544e0543;7.5958;0.1;BUY
2016-04-13T09:51:27.000000;2016-04-13T09:51:27.893846;5779e576-94bd-44aa-af51-edae8a39f187;7.5959;0.1;BUY
2016-04-13T09:51:27.000000;2016-04-13T09:51:27.893846;081f907b-6e3d-462f-a94f-100db127f606;7.596;0.1;BUY
2016-04-13T09:51:27.000000;2016-04-13T09:51:27.897832;c99ec265-4634-441e-912b-ae9d0db916d2;7.5961;0.1;BUY
2016-04-13T09:51:27.000000;2016-04-13T09:51:27.930830;b0908b27-9682-4a7f-bc27-0225fc28cbf7;7.5962;0.1;BUY
2016-04-13T09:51:27.000000;2016-04-13T09:51:27.930830;6fb8ce0b-cd9a-4dcb-9bd6-b7987b6a9f68;7.5963;0.1;BUY
2016-04-13T09:51:27.000000;2016-04-13T09:51:27.930830;1ba77fea-2287-4125-abb5-58912faeb2d5;7.5964;0.1;BUY
2016-04-13T09:51:27.000000;2016-04-13T09:51:27.930830;b3895feb-f3f0-4217-b230-4f350eb79704;7.5965;0.1;BUY
2016-04-13T09:51:27.000000;2016-04-13T09:51:27.931836;646cc66e-6f21-4f1d-97cd-f8d9c6be0b99;7.5966;0.1;BUY
2016-04-13T09:51:27.000000;2016-04-13T09:51:27.967841;36b59492-3503-436d-bf90-6317111776fa;7.5967;0.1;BUY
2016-04-13T09:51:27.000000;2016-04-13T09:51:27.967841;ae9220f7-2df4-409b-8a4a-565518339b10;7.5968;0.1;BUY
2016-04-13T09:51:27.000000;2016-04-13T09:51:27.967841;ff0e0e5f-76cd-424d-b3c1-3dfac633d832;7.5969;0.1;BUY
2016-04-13T09:51:27.000000;2016-04-13T09:51:27.967841;20fcabab-ca48-4fbb-9406-5799872f1fe0;7.597;0.1;BUY
2016-04-13T09:51:27.000000;2016-04-13T09:51:27.967841;11270410-4d3f-4efc-b015-6b32d7df7723;7.597;0.1;BUY
2016-04-13T09:51:27.000000;2016-04-13T09:51:27.979839;c0f46baf-73bd-4ee9-9ac1-17a9fc2a9bd5;7.61;0.57836748;BUY
2016-04-13T09:51:29.000000;2016-04-13T09:51:29.059957;ecfa21d6-88aa-4535-b059-fa0765d3172f;7.61;2.17953252;BUY
2016-04-13T09:51:29.000000;2016-04-13T09:51:29.066965;1c684542-4ae0-4693-81ca-abaee47ace5c;7.614;0.7;BUY
2016-04-13T09:51:32.000000;2016-04-13T09:51:32.263295;1a795bf8-56d4-4c6d-aa7b-91ba9ce96e0b;7.62;7.86416547;BUY
2016-04-13T09:51:35.000000;2016-04-13T09:51:35.422591;184236d1-8150-4c11-a9da-a099a6156399;7.62;0.00864337;SELL
2016-04-13T09:52:49.000000;2016-04-13T09:52:49.859032;cc96c1af-4bcd-466a-aabb-6302efb28226;7.5884;0.1;SELL
2016-04-13T09:52:49.000000;2016-04-13T09:52:49.872056;6fe16317-b728-40bc-86bb-a49320a55665;7.5883;0.06917243;SELL
2016-04-13T09:53:13.000000;2016-04-13T09:53:13.740424;894fd0d5-a39c-4ace-8bf1-3be7e6c7c266;7.5883;0.03082757;SELL
2016-04-13T09:53:13.000000;2016-04-13T09:53:13.752427;32793343-cebe-4ea7-9668-563159e1a4fb;7.5882;0.1;SELL
2016-04-13T09:53:13.000000;2016-04-13T09:53:13.753412;647453f6-ca22-44d8-8246-79123fff3532;7.5881;0.1;SELL
2016-04-13T09:53:13.000000;2016-04-13T09:53:13.789427;3c9dcf9d-eb03-4ad8-a70e-3c5acd4238a2;7.588;0.1;SELL
2016-04-13T09:53:13.000000;2016-04-13T09:53:13.789427;c3ebbd81-a9b8-44f8-87bb-440c13b00e09;7.5879;0.1;SELL
2016-04-13T09:53:13.000000;2016-04-13T09:53:13.789427;197648ea-6a48-4fce-ac06-9a1ab53edd46;7.5878;0.1;SELL
2016-04-13T09:53:13.000000;2016-04-13T09:53:13.790469;29a44b5f-5dc1-4f34-b6b9-d22f14db0934;7.5877;0.01041417;SELL
2016-04-13T09:57:21.000000;2016-04-13T09:57:21.781234;4a293170-7d94-4320-92ff-468add926ca6;7.586;1.86;SELL
2016-04-13T09:57:21.000000;2016-04-13T09:57:21.799225;6f82ea1f-ef26-47d9-ab8a-ac28fcd4e592;7.586;1.86;SELL
2016-04-13T09:57:21.000000;2016-04-13T09:57:21.805226;0c8dc519-0c17-4957-8662-3e1fbb68da0e;7.586;1.86;SELL
2016-04-13T09:57:21.000000;2016-04-13T09:57:21.836231;bbe08ea0-2568-40f5-9fb0-90de0b202d0f;7.586;1.86;SELL
2016-04-13T09:57:21.000000;2016-04-13T09:57:21.836231;87e717e6-efd6-4e55-86e1-7787b3d1839d;7.5839;0.1;SELL
2016-04-13T09:57:21.000000;2016-04-13T09:57:21.836231;f4aabbbb-fde4-46a6-955f-673ece1be1f1;7.5838;0.1;SELL
2016-04-13T09:57:21.000000;2016-04-13T09:57:21.837233;04fd99f9-17ba-492e-a9d1-2bba877fb23e;7.5837;0.1;SELL
2016-04-13T09:57:21.000000;2016-04-13T09:57:21.873234;cf9d2cf2-f7d9-4e51-8338-35f326c0ffdc;7.5836;0.1;SELL
2016-04-13T09:57:21.000000;2016-04-13T09:57:21.873234;d6240479-9fbc-4c16-9b71-806adfc861b2;7.5835;0.1;SELL
2016-04-13T09:57:21.000000;2016-04-13T09:57:21.873234;685cb395-337d-45df-8060-88f0063f1e0e;7.5834;0.1;SELL
2016-04-13T09:57:21.000000;2016-04-13T09:57:21.873234;d6a13759-8d7a-4e26-9b05-c0c11a5775e1;7.5833;0.1;SELL
2016-04-13T09:57:21.000000;2016-04-13T09:57:21.875250;6535c11f-0fce-4b10-9b31-34798f22e440;7.5832;0.1;SELL
2016-04-13T09:57:21.000000;2016-04-13T09:57:21.910242;0fd2fa4f-3715-4bb0-936b-6eb73503f94f;7.5831;0.1;SELL
2016-04-13T09:57:21.000000;2016-04-13T09:57:21.910242;b27a13ae-3134-4502-ab55-c796b62e71c2;7.583;0.1;SELL
2016-04-13T09:57:21.000000;2016-04-13T09:57:21.933239;d1dc362d-4576-454f-9239-fcac81649a08;7.5829;0.1;SELL
2016-04-13T09:57:21.000000;2016-04-13T09:57:21.948232;6897a085-8947-41fe-b279-098af5ee98e4;7.5828;0.1;SELL
2016-04-13T09:57:21.000000;2016-04-13T09:57:21.950243;fd79d47c-1322-4982-b58b-a1afe54544f0;7.5827;0.1;SELL
2016-04-13T09:57:21.000000;2016-04-13T09:57:21.985245;145c547d-c218-48b7-abf9-e39b1d5b2a83;7.5826;0.1;SELL
2016-04-13T09:57:21.000000;2016-04-13T09:57:21.985245;8673f958-0f9e-450e-a324-b62a24783673;7.5825;0.1;SELL
2016-04-13T09:57:21.000000;2016-04-13T09:57:21.985245;1a1c2a11-fd90-45fd-9191-fb79fb49f97b;7.5824;0.1;SELL
2016-04-13T09:57:21.000000;2016-04-13T09:57:21.985245;7d63426a-c0ff-4b77-a653-1b4f6be3830b;7.5823;0.1;SELL
2016-04-13T09:57:21.000000;2016-04-13T09:57:21.985245;4d37af70-ab19-4407-86d9-ec2ae2a604a8;7.5822;0.1;SELL
2016-04-13T09:57:21.000000;2016-04-13T09:57:21.985245;64908cbd-b56d-49b2-b91c-c2b4bb006a31;7.5821;0.1;SELL
2016-04-13T09:57:21.000000;2016-04-13T09:57:21.991249;01f98b1b-9067-48cf-ab2d-a48aa406f804;7.582;0.1;SELL
2016-04-13T09:57:21.000000;2016-04-13T09:57:22.022268;5a2991af-be3c-4c5a-a56a-f3c262624a8f;7.5819;0.1;SELL
2016-04-13T09:57:21.000000;2016-04-13T09:57:22.022268;04f9b2b8-7d7f-419a-817e-4e4666f74a0b;7.5818;0.1;SELL
2016-04-13T09:57:21.000000;2016-04-13T09:57:22.022268;4b214806-9481-4b9e-87e6-fd4031a36e3b;7.5817;0.1;SELL
2016-04-13T09:57:21.000000;2016-04-13T09:57:22.022268;211d33dd-b5e3-4dbd-bd3c-5c67877f2619;7.5816;0.1;SELL
2016-04-13T09:57:21.000000;2016-04-13T09:57:22.022268;02659e5d-501a-4d29-a1ad-cf1b1f8abb43;7.5815;0.1;SELL
2016-04-13T09:57:21.000000;2016-04-13T09:57:22.030251;fd929196-4e75-48b8-abf9-6f7ea1681f6a;7.5814;0.1;SELL
2016-04-13T09:57:21.000000;2016-04-13T09:57:22.059242;346b5a3e-7b6a-466b-a08c-21cc25fa0373;7.5813;0.1;SELL
2016-04-13T09:57:21.000000;2016-04-13T09:57:22.059242;a3c5b45b-5392-4cfd-8d8c-d8e21e2585c7;7.5812;0.1;SELL
2016-04-13T09:57:21.000000;2016-04-13T09:57:22.059242;cb2c8c81-d07b-4e61-bef6-f460658308c1;7.5811;0.1;SELL
2016-04-13T09:57:21.000000;2016-04-13T09:57:22.059242;bedb36b5-e446-49ac-84b1-bbbf28a4c7b2;7.581;0.1;SELL
2016-04-13T09:57:21.000000;2016-04-13T09:57:22.070255;381d13fa-3e9b-4d3c-8437-f4f9ccece350;7.5809;0.1;SELL
2016-04-13T09:57:21.000000;2016-04-13T09:57:22.095266;68a0bc75-701a-47ab-b1f7-1029dc651bb8;7.5808;0.1;SELL
2016-04-13T09:57:21.000000;2016-04-13T09:57:22.096247;3c067e44-0054-414d-9098-a7661886547f;7.5807;0.1;SELL
2016-04-13T09:57:21.000000;2016-04-13T09:57:22.096247;2d5dc43f-37b9-43b4-8495-68015009d463;7.5806;0.1;SELL
2016-04-13T09:57:21.000000;2016-04-13T09:57:22.096247;4278d617-b710-40e4-9387-d6b8267f46b6;7.5805;0.1;SELL
2016-04-13T09:57:21.000000;2016-04-13T09:57:22.132274;58e5a0dd-a276-468f-82ec-7e7a14a92c58;7.5804;0.1;SELL
2016-04-13T09:57:21.000000;2016-04-13T09:57:22.132274;17cd9e6e-2725-4ae9-a827-0bdcdbb83eca;7.5803;0.1;SELL
2016-04-13T09:57:21.000000;2016-04-13T09:57:22.135258;7bc94d01-8f54-497e-a9bc-a3464bd1006a;7.5802;0.1;SELL
2016-04-13T09:57:21.000000;2016-04-13T09:57:22.169264;cb5e2247-8c2b-45f8-bec9-085e5ac11f10;7.5801;0.1;SELL
2016-04-13T09:57:21.000000;2016-04-13T09:57:22.169264;deeb2e20-bd0c-4213-b880-8a6c2be49e7c;7.58;0.1;SELL
2016-04-13T09:57:54.000000;2016-04-13T09:57:54.830529;3f6aad74-f908-4242-b56d-653c191c4ed0;7.58;38.56;BUY
2016-04-13T09:58:36.000000;2016-04-13T09:58:36.749721;492047d1-f82b-45e7-bca5-d127e07c4c98;7.59;50.0;BUY
2016-04-13T09:59:27.000000;2016-04-13T09:59:27.972848;dd5f1548-0ab0-4c54-bfb2-7be2406f857b;7.6;50.0;BUY
2016-04-13T10:00:20.000000;2016-04-13T10:00:20.836135;734c90c7-717e-4f9f-8a39-43a675c0999d;7.61;50.0;BUY
2016-04-13T10:00:26.000000;2016-04-13T10:00:27.044748;b412d43f-404a-4213-ba3e-e36719adab9e;7.612;0.1;SELL
2016-04-13T10:00:27.000000;2016-04-13T10:00:27.705835;fc6dd2d0-5132-4c3f-bb73-81f6f5dca8ca;7.612;0.1;SELL
2016-04-13T10:00:28.000000;2016-04-13T10:00:28.388886;57b5d5d8-17e9-440c-a486-feb806f4a9ac;7.612;0.1;SELL
2016-04-13T10:00:29.000000;2016-04-13T10:00:29.244966;7d920610-2f19-46ae-a555-1ac5d729e025;7.612;0.1;SELL
2016-04-13T10:00:29.000000;2016-04-13T10:00:29.992042;aaabf571-459c-46e2-87c7-f044e3bde1b2;7.612;0.1;SELL
2016-04-13T10:00:31.000000;2016-04-13T10:00:31.671209;d5fce337-2dc3-4489-a9d5-3948e3962dae;7.613;0.1;SELL
2016-04-13T10:00:32.000000;2016-04-13T10:00:32.340289;2762f974-64ae-455f-af60-c171de21ec27;7.613;0.1;SELL
2016-04-13T10:00:32.000000;2016-04-13T10:00:33.003343;7b0c8b71-4eb6-4e8c-9c2c-2a4ea41f52b0;7.613;0.1;SELL
2016-04-13T10:00:33.000000;2016-04-13T10:00:33.733415;b2182a37-dd20-4878-acc6-3d1c34fe0390;7.613;0.1;SELL
2016-04-13T10:00:34.000000;2016-04-13T10:00:34.570505;c0248c92-509b-469e-af74-d95adecb9965;7.613;0.1;SELL
2016-04-13T10:00:35.000000;2016-04-13T10:00:35.336587;3388d873-941d-4d32-ad16-83a16c6d4f71;7.613;0.1;SELL
2016-04-13T10:00:35.000000;2016-04-13T10:00:36.007639;fd9c8fba-ef8d-43be-b5a5-bb59fa983bad;7.613;0.1;SELL
2016-04-13T10:00:36.000000;2016-04-13T10:00:36.694714;308e46e9-a5ba-43b7-9b6b-755abec39c88;7.613;0.1;SELL
2016-04-13T10:00:37.000000;2016-04-13T10:00:37.582804;e33fb7c1-6b1f-4ab5-9ebf-72b9e280b63f;7.6131;0.1;SELL
2016-04-13T10:00:38.000000;2016-04-13T10:00:38.275865;2cd233b6-7995-44ab-9454-bcc8f24e1b6d;7.614;0.1;SELL
2016-04-13T10:00:39.000000;2016-04-13T10:00:39.119942;44bea477-a693-4e95-954d-3bd93c0b95d0;7.614;0.1;SELL
2016-04-13T10:00:39.000000;2016-04-13T10:00:39.792327;bbddb00c-7406-4651-ae6c-aea770134609;7.614;0.1;SELL
2016-04-13T10:00:41.000000;2016-04-13T10:00:41.997243;33da5750-e554-44e5-930a-04ae2c602d3f;7.614;0.1;SELL
2016-04-13T10:00:42.000000;2016-04-13T10:00:42.864328;c9e25db9-57bf-4d94-be77-0c69d21111a2;7.614;0.1;SELL
2016-04-13T10:00:43.000000;2016-04-13T10:00:43.518397;3fbf16b7-e343-45ea-b3ec-0bf5120f95d7;7.614;0.1;SELL
2016-04-13T10:00:44.000000;2016-04-13T10:00:44.255483;c4665f7c-a0eb-4104-be8b-34742b3cafd3;7.614;0.1;SELL
2016-04-13T10:00:44.000000;2016-04-13T10:00:44.917557;b97ea0b7-6770-4c36-944d-9f8920411bcb;7.614;0.1;SELL
2016-04-13T10:00:45.000000;2016-04-13T10:00:45.746617;8cc97358-1f71-451c-a2db-80f7862f3cb0;7.614;0.1;SELL
2016-04-13T10:00:46.000000;2016-04-13T10:00:46.369673;b01e298f-8c0a-4d59-b385-4df54cd34f82;7.614;0.1;SELL
2016-04-13T10:00:47.000000;2016-04-13T10:00:47.341781;8350693c-86e3-4c64-a57f-daf517f0b4f2;7.614;0.1;SELL
2016-04-13T10:00:48.000000;2016-04-13T10:00:48.042850;5992debf-fd74-46af-a9ee-c1e63a2c97ba;7.6141;0.1;SELL
2016-04-13T10:00:48.000000;2016-04-13T10:00:48.864926;9f22d075-704a-40a6-83e8-b1e8926ff0ce;7.615;0.1;SELL
2016-04-13T10:00:49.000000;2016-04-13T10:00:49.592018;38efe213-ea5b-4cce-8462-cb38d536ca08;7.615;0.1;SELL
2016-04-13T10:00:50.000000;2016-04-13T10:00:50.291068;d0da14c9-89d4-4344-ae1f-34808501d0d6;7.615;0.1;SELL
2016-04-13T10:00:50.000000;2016-04-13T10:00:51.000142;74f4f24a-eb81-4850-a81b-27f080b16886;7.615;0.1;SELL
2016-04-13T10:00:51.000000;2016-04-13T10:00:51.680233;389f1055-7e09-4d7a-955d-73981ccdbf9a;7.615;0.1;SELL
2016-04-13T10:00:52.000000;2016-04-13T10:00:52.382286;8f84c07a-d697-4cbb-83ec-414397f5df84;7.615;0.1;SELL
2016-04-13T10:00:53.000000;2016-04-13T10:00:53.079347;3f25c734-8595-4267-afda-fee121681566;7.615;0.1;SELL
2016-04-13T10:00:53.000000;2016-04-13T10:00:53.781473;ac23155a-a178-4ef6-82cb-373fb8509512;7.615;0.1;SELL
2016-04-13T10:00:54.000000;2016-04-13T10:00:54.485489;8789dc68-f94b-482a-a635-3075e0552fd9;7.615;0.1;SELL
2016-04-13T10:00:55.000000;2016-04-13T10:00:55.253575;32982106-739a-4d73-8bb7-9d25a4955cb3;7.615;0.1;SELL
2016-04-13T10:00:55.000000;2016-04-13T10:00:55.923629;06b4247b-d894-4084-8fd5-351b611abf2d;7.615;0.1;SELL
2016-04-13T10:00:56.000000;2016-04-13T10:00:56.621697;0fc0883d-7f5e-43a9-8d2c-04953ddbc7fd;7.615;0.1;SELL
2016-04-13T10:00:57.000000;2016-04-13T10:00:57.314773;2317f81b-d0fe-427f-8349-9d6fb9f2fb8d;7.6151;0.1;SELL
2016-04-13T10:00:58.000000;2016-04-13T10:00:58.046845;ef3c7c43-8c6e-4cc5-b03c-585a0eb324ad;7.6151;0.1;SELL
2016-04-13T10:00:58.000000;2016-04-13T10:00:58.749916;2c9065f0-66ab-4e29-8fd2-b7f91e3e6603;7.617;0.1;SELL
2016-04-13T10:00:59.000000;2016-04-13T10:00:59.422991;4fecc98a-0af0-4566-84bf-a6a351cce899;7.617;0.1;SELL
2016-04-13T10:01:00.000000;2016-04-13T10:01:00.135054;69b14d4c-a742-4c9a-af9c-aef6ee40582a;7.617;0.1;SELL
2016-04-13T10:01:00.000000;2016-04-13T10:01:00.902146;7e9e9dbf-08bb-40ca-ab07-3d554cba8b87;7.617;0.1;SELL
2016-04-13T10:01:01.000000;2016-04-13T10:01:01.585211;03cf8f53-4acf-4f69-961c-0e268f8b8438;7.617;0.1;SELL
2016-04-13T10:01:02.000000;2016-04-13T10:01:02.380270;46d1dc37-82c1-44d6-b0dd-05f46885ba68;7.617;0.1;SELL
2016-04-13T10:01:02.000000;2016-04-13T10:01:03.015337;7c68a951-d66b-42df-bbe2-271b7ca348aa;7.617;0.1;SELL
2016-04-13T10:03:40.000000;2016-04-13T10:03:40.394078;f0be47ed-302e-4221-a789-471589fa2a1e;7.6659;15.562313;BUY
2016-04-13T10:03:40.000000;2016-04-13T10:03:40.405076;2067b1e1-cb1e-4515-a12d-0d830b80923f;7.6668;15.562313;BUY
2016-04-13T10:03:40.000000;2016-04-13T10:03:40.408108;40a8a847-31de-4c68-824b-f18b9ded6956;7.6698;19.91916134;BUY
2016-04-13T10:03:40.000000;2016-04-13T10:03:40.441093;079c115d-751f-49c0-99b1-c36f964c30bf;7.6709;19.91916134;BUY
2016-04-13T10:03:40.000000;2016-04-13T10:03:40.442085;2991e39a-04ac-44c7-9472-633112cdda8e;7.677;3.381;BUY
2016-04-13T10:03:40.000000;2016-04-13T10:03:40.442085;ae013e9a-bae8-4f3f-81a1-e417e2d0cb30;7.7;25.65605132;BUY
2016-04-13T10:05:37.000000;2016-04-13T10:05:37.993104;5fb094d3-ad66-4ebe-b772-d87d94e8f6d5;7.699;97.595;BUY
2016-04-13T10:05:37.000000;2016-04-13T10:05:37.998083;3c8e15de-0926-47b9-8197-89c689cefe35;7.7;74.34394868;BUY
2016-04-13T10:05:45.000000;2016-04-13T10:05:45.292822;88c18a57-6a63-479e-b7ec-d9ef0c7a513a;7.7;4.33180994;SELL
2016-04-13T10:05:48.000000;2016-04-13T10:05:48.666154;be469308-663b-4023-8637-93e36d5e6306;7.7;4.33180994;SELL
2016-04-13T10:05:51.000000;2016-04-13T10:05:51.576434;0f784627-dd11-4938-b2d3-fd353f150369;7.7;10.099;SELL
2016-04-13T10:05:52.000000;2016-04-13T10:05:52.617562;f6fafefa-417a-46e8-9560-025f1ffc84ae;7.7;4.33180994;SELL
2016-04-13T10:05:53.000000;2016-04-13T10:05:53.098623;e61652ec-0af5-4517-8d12-02497afa146d;7.7;300.0;SELL
2016-04-13T10:05:57.000000;2016-04-13T10:05:57.375027;bcf9d05d-8ead-4117-a6b6-f01eac8d45d3;7.7;4.45864007;SELL
2016-04-13T10:06:00.000000;2016-04-13T10:06:00.336306;7c9e4930-52d4-402d-8029-fa11f4f4c67d;7.7;4.33180994;SELL
2016-04-13T10:06:03.000000;2016-04-13T10:06:03.894680;b56d98f0-c62d-494d-bdad-6b28c57ea64d;7.7;4.33180994;SELL
2016-04-13T10:06:06.000000;2016-04-13T10:06:06.315936;30890af9-c5ef-4fc0-aa8b-9b23eca6a2a7;7.7;0.79584167;SELL
2016-04-13T10:06:29.000000;2016-04-13T10:06:29.982271;411cf4bb-be50-42d5-bea2-d1c4bdc7b923;7.7;9.58385097;SELL
2016-04-13T10:06:31.000000;2016-04-13T10:06:31.567462;f1de43cb-8466-4de2-8d13-8948e1791284;7.709;50.0;BUY
2016-04-13T10:06:54.000000;2016-04-13T10:06:54.203699;b1528da0-9216-4d5a-abe5-3757ccc9e9f0;7.7;200.0;SELL
2016-04-13T10:06:54.000000;2016-04-13T10:06:54.310780;31914598-8ab6-46fa-a934-ff82fe268059;7.7;21.59548739;SELL
2016-04-13T10:07:51.000000;2016-04-13T10:07:52.032504;5b058803-e5eb-466a-9383-61e68a01c751;7.7001;174.0;SELL
2016-04-13T10:10:35.000000;2016-04-13T10:10:35.989876;15a90982-da57-4ac0-adab-facf258dc701;7.7;126.37;BUY
2016-04-13T10:10:37.000000;2016-04-13T10:10:37.228002;e67413eb-02e5-49ce-baee-57a8a3daa420;7.7;0.00150201;BUY
2016-04-13T10:10:39.000000;2016-04-13T10:10:39.467219;20fb55ed-a73f-4640-ac67-0ccf32fa1f69;7.7099;1.05;BUY
2016-04-13T10:10:39.000000;2016-04-13T10:10:39.476244;8dada3a8-eb85-413b-9b31-966adf8a7cd9;7.71;0.45393281;BUY
2016-04-13T10:20:28.000000;2016-04-13T10:20:28.777764;0a8765c9-1cfa-4cc0-9770-4bebcb9de20f;7.71;49.54606719;BUY
2016-04-13T10:20:28.000000;2016-04-13T10:20:28.782753;3b3aac7c-4974-4af8-ab0c-5ef92753d6c9;7.71;50.0;BUY
2016-04-13T10:21:10.000000;2016-04-13T10:21:10.739953;fbfe9cc0-be22-4fbe-8298-449501129a15;7.72;50.0;BUY
2016-04-13T10:21:15.000000;2016-04-13T10:21:15.656445;f2b2e1b4-be10-47c9-b323-7187f7e7c236;7.75;50.0;BUY
2016-04-13T10:21:21.000000;2016-04-13T10:21:21.949072;ce64da04-cf60-48e1-9d80-581d48827345;7.75;50.0;SELL
2016-04-13T10:21:53.000000;2016-04-13T10:21:53.085198;da2a3cf9-8f5a-40f0-9088-523722dc9c14;7.75;50.0;BUY
2016-04-13T10:22:06.000000;2016-04-13T10:22:06.750559;42b0e889-2197-4821-add3-3dbb6b0522d8;7.76;50.0;BUY
2016-04-13T10:22:28.000000;2016-04-13T10:22:28.756760;0855bf5e-31e8-4d3b-94b9-41789783436a;7.77;50.0;BUY
2016-04-13T10:22:59.000000;2016-04-13T10:22:59.174823;4d85cc04-29aa-4f90-9315-01553f48792f;7.7906;0.59;BUY
2016-04-13T10:23:13.000000;2016-04-13T10:23:13.907285;46a4748f-e051-4c14-a547-c75694ac762c;7.78;50.0;BUY
2016-04-13T10:23:34.000000;2016-04-13T10:23:34.063293;00777fdf-374b-4bfa-b46e-c6d59116bd67;7.79;19.89;BUY
2016-04-13T10:23:36.000000;2016-04-13T10:23:36.690546;0cb3baa8-e651-4849-9467-e7bae20987e3;7.79;30.11;BUY
2016-04-13T10:25:32.000000;2016-04-13T10:25:32.518143;a9575f5c-d6d0-4f9a-a32d-2d2c51232419;7.79;50.0;BUY
2016-04-13T10:46:31.000000;2016-04-13T10:46:31.466251;07d1c027-7542-443a-b2ab-59f6f9a5985f;7.65;30.0;BUY
2016-04-13T10:52:13.000000;2016-04-13T10:52:13.312333;8fc761a8-defa-4ecd-8297-824412d5785c;7.67;18.48;BUY
2016-04-13T10:52:14.000000;2016-04-13T10:52:14.176428;876b07f9-ba1e-462b-811c-f76948b65d8b;7.67;5.07104641;BUY
2016-04-13T10:53:33.000000;2016-04-13T10:53:33.084322;1c93f718-9152-401f-86b4-05492201098c;7.69;10.22;BUY
2016-04-13T10:53:34.000000;2016-04-13T10:53:34.690478;e445b29f-69dd-429f-a1cb-fe7a35514d3b;7.69;9.78;BUY
2016-04-13T10:53:59.000000;2016-04-13T10:53:59.852008;421337c4-8129-4446-9325-aa0ad4dc790d;7.7;63.8;BUY
2016-04-13T11:01:11.000000;2016-04-13T11:01:11.768185;00f0419e-319b-40a9-9c86-c034231f57a0;7.8;1.0;BUY
2016-04-13T11:03:48.000000;2016-04-13T11:03:48.115814;7331301b-3a5f-47a0-8afc-a501591e3afe;7.8099;4.7996;BUY
2016-04-13T11:03:48.000000;2016-04-13T11:03:48.122812;20fbe3c2-55ff-4ca3-89fb-94581e77c2a0;7.8328;0.85;BUY
2016-04-13T11:03:48.000000;2016-04-13T11:03:48.143812;351fa6fd-1fce-4921-8f52-b666d2533d44;7.835;5.19400293;BUY
2016-04-13T11:07:11.000000;2016-04-13T11:07:11.087482;8e188ae3-872c-47ef-aba3-82f9bc44827f;7.801;1.0;BUY
2016-04-13T11:07:46.000000;2016-04-13T11:07:46.256994;1fee5bc3-db13-41c3-aabf-e2d60bf7ec91;7.79;1.0;SELL
2016-04-13T11:07:46.000000;2016-04-13T11:07:46.263990;b281d90f-238b-43c4-8ecf-efe13bb5c7d0;7.7041;9.4;SELL
2016-04-13T11:07:46.000000;2016-04-13T11:07:46.267003;dac9dc0f-6c2c-44e3-aa19-faa261a6f301;7.7031;139.3;SELL
2016-04-13T11:08:03.000000;2016-04-13T11:08:03.724748;00d450dc-cddf-4979-8c16-4b5666317085;7.688;0.17;BUY
