time_exchange;time_coinpai;guid;price;base_amount;taker_side
2016-04-13T00:00:01.000000;2016-04-13T00:00:01.000000;8d502241-5320-4d6c-a195-f8d7b2896818;427.91;0.01;UNKNOWN
2016-04-13T00:00:01.000000;2016-04-13T00:00:01.000000;0d0251d3-f04f-4b19-8a44-cbede0f102f5;427.9;0.01001053;UNKNOWN
2016-04-13T00:00:01.000000;2016-04-13T00:00:01.000000;a09af533-fcbc-499d-b4c0-3fc3eaee7c20;427.9;1.0;UNKNOWN
2016-04-13T00:00:01.000000;2016-04-13T00:00:01.000000;890819d0-b310-444c-9cad-010f18a450f2;427.8;0.03010913;UNKNOWN
2016-04-13T00:00:01.000000;2016-04-13T00:00:01.000000;3094a47f-276b-49dc-8b63-c4630c4db25e;427.89;0.01000936;UNKNOWN
2016-04-13T00:00:01.000000;2016-04-13T00:00:01.000000;22587556-9afc-418e-9c63-758be463743a;427.88;0.128;UNKNOWN
2016-04-13T00:00:01.000000;2016-04-13T00:00:01.000000;d6901325-9459-49eb-96a2-fd8db98a5259;427.8;0.1;UNKNOWN
2016-04-13T00:00:01.000000;2016-04-13T00:00:01.000000;c2e0f018-1f1f-4bf9-b55f-711336b71fd4;427.82;0.085;UNKNOWN
2016-04-13T00:00:01.000000;2016-04-13T00:00:01.000000;e895093d-dafe-4143-8788-f2190e1f1d6d;427.9;0.1;UNKNOWN
2016-04-13T00:00:01.000000;2016-04-13T00:00:01.000000;32e1f276-674d-4287-85e2-a95f5d3955c3;427.98;1.51946729;UNKNOWN
2016-04-13T00:00:01.000000;2016-04-13T00:00:01.000000;7abfccbc-2d2b-4ad7-8f37-1456ea8fa056;427.93;1.62;UNKNOWN
2016-04-13T00:00:01.000000;2016-04-13T00:00:01.000000;76905df5-0918-4887-90ea-9e0a05d7f8d1;427.93;0.03;UNKNOWN
2016-04-13T00:00:01.000000;2016-04-13T00:00:01.000000;c449f637-cd32-4f7d-bf90-744b9683bcd9;427.91;0.01002106;UNKNOWN
2016-04-13T00:00:01.000000;2016-04-13T00:00:01.000000;a4e6cfe0-1296-49d0-8978-7dca11264838;427.92;0.01001287;UNKNOWN
2016-04-13T00:00:01.000000;2016-04-13T00:00:01.000000;6fdc732e-6da5-45f1-8bd0-93e786ec6e4d;427.93;0.01001287;UNKNOWN
2016-04-13T00:00:01.000000;2016-04-13T00:00:01.000000;1ad42f13-7c19-44d2-b1b3-f94d538bba10;427.93;0.03;UNKNOWN
2016-04-13T00:00:01.000000;2016-04-13T00:00:01.000000;7752f325-7617-40d6-a662-80fc2c318433;427.94;0.01003159;UNKNOWN
2016-04-13T00:00:01.000000;2016-04-13T00:00:01.000000;bcb2b457-9098-455a-8b33-96f3b3874808;427.98;0.0100351;UNKNOWN
2016-04-13T00:00:01.000000;2016-04-13T00:00:01.000000;9b2fe056-9957-4f4b-81f7-36e85486e8a9;427.94;1.62;UNKNOWN
2016-04-13T00:00:01.000000;2016-04-13T00:00:01.000000;1d3ba2f3-f1e7-4cf3-ae26-9856bfbad300;427.95;0.01001872;UNKNOWN
2016-04-13T00:00:01.000000;2016-04-13T00:00:01.000000;29cd9114-f86d-4b19-bfd3-6ab7ab5e19f4;427.94;0.03;UNKNOWN
2016-04-13T00:00:01.000000;2016-04-13T00:00:01.000000;564f8cd2-8102-4b7c-bcf3-7b26e3b9d56c;427.94;0.3;UNKNOWN
2016-04-13T00:00:01.000000;2016-04-13T00:00:01.000000;5d39e7ad-952d-45da-aa76-a0d1cfdd17d9;427.95;1.44;UNKNOWN
2016-04-13T00:00:01.000000;2016-04-13T00:00:01.000000;9d08191a-cae4-46fd-b619-697e77901e23;427.97;0.9;UNKNOWN
2016-04-13T00:00:01.000000;2016-04-13T00:00:01.000000;f39f568b-5bb1-4282-b5c8-4ae5ea7d09ac;427.96;0.01003276;UNKNOWN
2016-04-13T00:00:01.000000;2016-04-13T00:00:01.000000;68ec1f28-c61b-400f-a142-74cf82e6da73;427.97;0.01001872;UNKNOWN
2016-04-13T00:00:01.000000;2016-04-13T00:00:01.000000;083e4868-e53f-4555-bfe2-5576d544bbc2;427.96;0.01;UNKNOWN
2016-04-13T00:00:01.000000;2016-04-13T00:00:01.000000;c372b198-d056-4198-8cb4-d3cacc995c2e;427.96;1.08;UNKNOWN
2016-04-13T00:00:01.000000;2016-04-13T00:00:01.000000;4de5f61a-187c-454e-806b-95f037c5570f;427.96;0.128;UNKNOWN
2016-04-13T00:00:01.000000;2016-04-13T00:00:01.000000;7915a631-9eb1-4493-9957-1f40d64d949c;427.96;0.01;UNKNOWN
2016-04-13T00:00:31.000000;2016-04-13T00:00:31.000000;6ad0d527-f87e-4212-82e5-2d6a2ac93e88;427.84;0.01001287;UNKNOWN
2016-04-13T00:00:31.000000;2016-04-13T00:00:31.000000;b11e3510-c344-4635-8da9-9d0ac26a8325;427.84;0.00354713;UNKNOWN
2016-04-13T00:01:01.000000;2016-04-13T00:01:01.000000;9da1aaba-dbfd-4393-acd7-928fb1e68857;427.84;0.02;UNKNOWN
2016-04-13T00:01:01.000000;2016-04-13T00:01:01.000000;9dfcf1f4-c99b-4c26-bfc1-4fa2d0ebc974;427.83;0.01001404;UNKNOWN
2016-04-13T00:01:01.000000;2016-04-13T00:01:01.000000;0e16690f-83bf-4f13-b2f6-9d0d81ea7192;427.81;0.01002223;UNKNOWN
2016-04-13T00:01:01.000000;2016-04-13T00:01:01.000000;aa3db636-4042-46ad-bd52-5c2a783b8be7;427.81;0.00603969;UNKNOWN
2016-04-13T00:01:01.000000;2016-04-13T00:01:01.000000;f7e55972-129f-4e4c-9a3e-e7b1a4ce07d7;427.82;0.01001404;UNKNOWN
2016-04-13T00:01:31.000000;2016-04-13T00:01:31.000000;dea4ced7-33e3-41be-bc68-29cb205ec38d;427.85;0.0388383;UNKNOWN
2016-04-13T00:01:31.000000;2016-04-13T00:01:31.000000;cfa19ebc-c6e3-4b1b-a28d-d55dc2e992e4;427.85;0.0100117;UNKNOWN
2016-04-13T00:01:31.000000;2016-04-13T00:01:31.000000;0ff4939d-4d65-4d21-b33d-882fc3df122d;427.84;0.18;UNKNOWN
2016-04-13T00:01:31.000000;2016-04-13T00:01:31.000000;c238a0d9-586d-4dfe-95e2-89101309359a;427.84;0.567;UNKNOWN
2016-04-13T00:01:33.000000;2016-04-13T00:01:33.000000;0fe41f12-14b0-43d5-b333-ff01595bf37e;427.84;0.02;UNKNOWN
2016-04-13T00:02:01.000000;2016-04-13T00:02:01.000000;34b26815-571a-467c-92c9-cbbf20682d59;427.5;0.0100586;UNKNOWN
2016-04-13T00:02:01.000000;2016-04-13T00:02:01.000000;65e2b809-d257-4221-a8ca-0451d3c7311d;427.5;0.11;UNKNOWN
2016-04-13T00:02:01.000000;2016-04-13T00:02:01.000000;73de2c67-59fa-416b-94bc-a23a86104481;427.52;0.0100586;UNKNOWN
2016-04-13T00:02:01.000000;2016-04-13T00:02:01.000000;9426a6ab-76e5-4c88-8390-6acfdf246b49;427.46;1.08;UNKNOWN
2016-04-13T00:02:01.000000;2016-04-13T00:02:01.000000;30b5b591-e458-49a1-bf27-f418e52fd7c4;427.44;0.54;UNKNOWN
2016-04-13T00:02:01.000000;2016-04-13T00:02:01.000000;2eccf07f-05b2-4534-b63c-340deca6fb03;427.73;0.01;UNKNOWN
2016-04-13T00:02:01.000000;2016-04-13T00:02:01.000000;6afb6449-e4e5-4b19-b252-95fdf0ec428f;427.54;0.01;UNKNOWN
2016-04-13T00:02:01.000000;2016-04-13T00:02:01.000000;361c0d64-3a64-4797-8a06-dbd5e6e9292e;427.53;0.01005859;UNKNOWN
2016-04-13T00:02:01.000000;2016-04-13T00:02:01.000000;8119bd45-2a8a-4c10-8508-c882068dc4cc;427.38;0.101;UNKNOWN
2016-04-13T00:02:01.000000;2016-04-13T00:02:01.000000;13dfb0e0-6771-44f2-b415-6eda7d96ae3f;427.71;0.01001521;UNKNOWN
2016-04-13T00:02:01.000000;2016-04-13T00:02:01.000000;91fb24f2-d6d5-493b-bc62-a3783069a40c;427.47;0.02;UNKNOWN
2016-04-13T00:02:01.000000;2016-04-13T00:02:01.000000;dde2e340-70a9-4c5b-8dd1-b3b28195e944;427.44;0.117;UNKNOWN
2016-04-13T00:02:01.000000;2016-04-13T00:02:01.000000;1cd7cecc-338b-4b5b-8664-22acf0b093e1;427.72;0.01001404;UNKNOWN
2016-04-13T00:02:01.000000;2016-04-13T00:02:01.000000;96dc3d1d-87be-47f3-a82e-c5be60865270;427.51;0.01005978;UNKNOWN
2016-04-13T00:02:01.000000;2016-04-13T00:02:01.000000;7a25101c-e2e0-430d-8f2a-f1c42f0a73d5;427.47;0.01005861;UNKNOWN
2016-04-13T00:02:01.000000;2016-04-13T00:02:01.000000;9dec4d09-32bd-47ee-bf5b-d4f40ad20272;427.49;0.0100586;UNKNOWN
2016-04-13T00:02:01.000000;2016-04-13T00:02:01.000000;6b885932-72c4-4c83-8a39-b4411e0e114b;427.43;0.01005035;UNKNOWN
2016-04-13T00:02:01.000000;2016-04-13T00:02:01.000000;575fc7f2-2a42-4b4b-9fea-1dfaa2e935b1;427.73;0.0100117;UNKNOWN
2016-04-13T00:02:01.000000;2016-04-13T00:02:01.000000;8aec6678-12e0-4f23-9b08-dab1b2f57964;427.54;0.01005269;UNKNOWN
2016-04-13T00:02:01.000000;2016-04-13T00:02:01.000000;b324effc-7209-4105-a697-e519221eb04f;427.38;0.01002925;UNKNOWN
2016-04-13T00:02:01.000000;2016-04-13T00:02:01.000000;c41ae705-b7a2-495f-a314-00c1cf16e8d8;427.7;0.01001989;UNKNOWN
2016-04-13T00:02:01.000000;2016-04-13T00:02:01.000000;cebd19d5-b357-4763-bcba-e1f099bfcabd;427.45;0.01005861;UNKNOWN
2016-04-13T00:02:01.000000;2016-04-13T00:02:01.000000;40764860-f568-47ca-91fa-55c43d374d79;427.44;0.01005861;UNKNOWN
2016-04-13T00:02:01.000000;2016-04-13T00:02:01.000000;5608b4ee-1830-499a-89d4-157f4f49fdc9;427.41;0.01002574;UNKNOWN
2016-04-13T00:02:01.000000;2016-04-13T00:02:01.000000;7def65fe-4cc8-43eb-99a5-becb47440348;427.43;0.2;UNKNOWN
2016-04-13T00:02:01.000000;2016-04-13T00:02:01.000000;81aafe48-141e-41e1-97c7-ea50c7c9fef4;427.42;0.9;UNKNOWN
2016-04-13T00:02:01.000000;2016-04-13T00:02:01.000000;77be27ea-4cd5-4bab-a3aa-620772ea2dd5;427.43;0.72;UNKNOWN
2016-04-13T00:02:01.000000;2016-04-13T00:02:01.000000;b518d15b-6404-4930-ad61-b3977d14f4c4;427.42;0.01002106;UNKNOWN
2016-04-13T00:02:01.000000;2016-04-13T00:02:01.000000;4990a318-a970-43e1-a314-ea44a8ccff21;427.45;0.72;UNKNOWN
2016-04-13T00:02:01.000000;2016-04-13T00:02:01.000000;1a60c65e-0aa5-46cf-9209-fba90defb308;427.74;0.01001404;UNKNOWN
2016-04-13T00:02:01.000000;2016-04-13T00:02:01.000000;37d1ba5b-c5b9-433e-af21-149f1589ac51;427.75;0.01001287;UNKNOWN
2016-04-13T00:02:01.000000;2016-04-13T00:02:01.000000;f8cbca0e-e4ca-4bc4-944e-decd797f9752;427.55;0.01003861;UNKNOWN
2016-04-13T00:02:01.000000;2016-04-13T00:02:01.000000;7f3ac7d5-ed4e-4b3e-ba2b-dd881dbe3b94;427.83;0.16;UNKNOWN
2016-04-13T00:02:01.000000;2016-04-13T00:02:01.000000;024d3b88-1702-4390-aafe-957e3b99177b;427.57;0.01004212;UNKNOWN
2016-04-13T00:02:01.000000;2016-04-13T00:02:01.000000;3d6e6f2a-ff84-4a61-9a75-8625a7200886;427.39;0.36;UNKNOWN
2016-04-13T00:02:01.000000;2016-04-13T00:02:01.000000;18f828bc-4a21-43be-91c8-27d446708e7d;427.62;0.02008553;UNKNOWN
2016-04-13T00:02:01.000000;2016-04-13T00:02:01.000000;deabc013-104d-4f2d-b3db-e5a8a58c014e;427.69;0.095;UNKNOWN
2016-04-13T00:02:01.000000;2016-04-13T00:02:01.000000;61d70c12-dd86-4e33-99d4-1841944d367b;427.68;0.02005265;UNKNOWN
2016-04-13T00:02:01.000000;2016-04-13T00:02:01.000000;296fffbc-c936-4b4f-a380-78f1c8ac4441;427.41;0.8;UNKNOWN
2016-04-13T00:02:01.000000;2016-04-13T00:02:01.000000;01d22de0-0255-40c8-9e78-c9dc7edee03a;427.58;0.01004329;UNKNOWN
2016-04-13T00:02:01.000000;2016-04-13T00:02:01.000000;07111506-5470-4294-91d7-51d035f2383d;427.83;0.02;UNKNOWN
2016-04-13T00:02:01.000000;2016-04-13T00:02:01.000000;8e8a2302-1bde-470b-bb17-289e98bec36d;427.6;0.1;UNKNOWN
2016-04-13T00:02:01.000000;2016-04-13T00:02:01.000000;4086f70e-794c-44f0-966e-2b42e86a700b;427.63;0.076;UNKNOWN
2016-04-13T00:02:01.000000;2016-04-13T00:02:01.000000;4c477269-5616-4973-8f6c-82e781c83152;427.79;0.01001053;UNKNOWN
2016-04-13T00:02:01.000000;2016-04-13T00:02:01.000000;badc332a-09b6-4729-b318-6b276865f338;427.81;0.01;UNKNOWN
2016-04-13T00:02:01.000000;2016-04-13T00:02:01.000000;dce9f6e3-e455-4691-b596-98745dacff55;427.8;0.01;UNKNOWN
2016-04-13T00:02:01.000000;2016-04-13T00:02:01.000000;0e92a76a-bb45-4333-bb7e-55186edce1ae;427.69;0.01002106;UNKNOWN
2016-04-13T00:02:01.000000;2016-04-13T00:02:01.000000;895df5b7-6d6e-4131-8d0e-817e5313c38e;427.81;0.01;UNKNOWN
2016-04-13T00:02:01.000000;2016-04-13T00:02:01.000000;84ac7c78-6ac8-41a9-b8f8-1e0839d9c588;427.82;0.02;UNKNOWN
2016-04-13T00:02:01.000000;2016-04-13T00:02:01.000000;57fcf104-4193-4768-83ee-a7143d91595a;427.6;0.1;UNKNOWN
2016-04-13T00:02:01.000000;2016-04-13T00:02:01.000000;05c83045-4c51-4eb1-bb0f-c46dcdef7d27;427.63;0.01005621;UNKNOWN
2016-04-13T00:02:01.000000;2016-04-13T00:02:01.000000;ef3a038c-1089-4d8e-b6d3-a1add200dbdb;427.8;0.0100117;UNKNOWN
2016-04-13T00:02:01.000000;2016-04-13T00:02:01.000000;56add74e-8be3-4972-8ddc-cbe4523af17b;427.67;0.01003042;UNKNOWN
2016-04-13T00:02:01.000000;2016-04-13T00:02:01.000000;cb27afc1-2f17-4814-9a6e-79dece1303d9;427.61;0.01004797;UNKNOWN
2016-04-13T00:02:01.000000;2016-04-13T00:02:01.000000;b1ccce89-f1cf-4339-9968-97ff15b15135;427.64;0.01004212;UNKNOWN
2016-04-13T00:02:01.000000;2016-04-13T00:02:01.000000;2d6ee079-c3b0-4b1b-906e-cb1eba56a16b;427.65;0.01004329;UNKNOWN
2016-04-13T00:02:01.000000;2016-04-13T00:02:01.000000;64e59c73-095b-4100-b18b-cc544382605a;427.39;0.02015264;UNKNOWN
2016-04-13T00:02:01.000000;2016-04-13T00:02:01.000000;497be749-87d1-4e74-82a8-e4099011d2f3;427.4;0.1;UNKNOWN
2016-04-13T00:02:01.000000;2016-04-13T00:02:01.000000;483c4c3a-267d-4dc3-84a2-788ad0ae063d;427.4;0.18;UNKNOWN
2016-04-13T00:02:01.000000;2016-04-13T00:02:01.000000;2913642e-e69b-468a-ba8e-bc9d35986387;427.37;0.01003276;UNKNOWN
2016-04-13T00:02:01.000000;2016-04-13T00:02:01.000000;b9f2299c-87b9-4bef-bcf3-07b4d67ecd94;427.38;0.54;UNKNOWN
2016-04-13T00:02:01.000000;2016-04-13T00:02:01.000000;98d27b02-e39f-47a1-ae0f-759509fb9e24;427.56;0.1;UNKNOWN
2016-04-13T00:02:01.000000;2016-04-13T00:02:01.000000;23688dea-b357-44d1-98d5-5fea2a1d906e;427.37;0.12047226;UNKNOWN
2016-04-13T00:02:32.000000;2016-04-13T00:02:32.000000;911024be-c34b-41de-9f06-06470d6ca78d;427.77;0.01805;UNKNOWN
2016-04-13T00:02:32.000000;2016-04-13T00:02:32.000000;b5c347ba-0434-49d5-9c2d-4fe7e5c7a2e2;427.77;0.0221;UNKNOWN
2016-04-13T00:03:01.000000;2016-04-13T00:03:01.000000;1c29f41e-453b-4500-90da-2c23b727127b;427.7;0.02;UNKNOWN
2016-04-13T00:03:01.000000;2016-04-13T00:03:01.000000;a5bd49eb-a02e-49bb-adc0-6ba9e6ad4b43;427.4;1.53298;UNKNOWN
2016-04-13T00:03:01.000000;2016-04-13T00:03:01.000000;a97b8326-31f4-4562-bc54-c0b937ba00b1;427.55;0.01;UNKNOWN
2016-04-13T00:03:01.000000;2016-04-13T00:03:01.000000;0a203d48-65e1-469f-b6ba-1cee48a14af2;427.58;0.105;UNKNOWN
2016-04-13T00:03:01.000000;2016-04-13T00:03:01.000000;36b171cb-3185-402a-8025-a51f57ed19fa;427.71;0.02;UNKNOWN
2016-04-13T00:03:01.000000;2016-04-13T00:03:01.000000;6a893991-ea88-4fc4-bd52-f71c4e27430d;427.47;0.02;UNKNOWN
2016-04-13T00:03:01.000000;2016-04-13T00:03:01.000000;be74c745-32d6-4c1d-98cf-73474230c751;427.62;0.02;UNKNOWN
2016-04-13T00:03:01.000000;2016-04-13T00:03:01.000000;c500cb34-0f5c-4f98-97db-e95b26c1aa9e;427.72;0.02;UNKNOWN
2016-04-13T00:03:01.000000;2016-04-13T00:03:01.000000;fc4a2851-0f7f-4bd0-80c3-188ce6dbe7ba;427.49;0.1;UNKNOWN
2016-04-13T00:03:01.000000;2016-04-13T00:03:01.000000;17c0e8e3-744a-4285-9bac-4cefb8482af2;427.67;0.02;UNKNOWN
2016-04-13T00:03:01.000000;2016-04-13T00:03:01.000000;d55a6c83-9ca0-4912-b1f5-9f71808e0cc0;427.64;0.075;UNKNOWN
2016-04-13T00:03:01.000000;2016-04-13T00:03:01.000000;5768b5b3-e5f5-4705-9305-e11fefb0fb64;427.68;0.02;UNKNOWN
2016-04-13T00:03:01.000000;2016-04-13T00:03:01.000000;977b9822-9adc-4888-acf3-1be59adea9ca;427.69;0.02;UNKNOWN
2016-04-13T00:03:01.000000;2016-04-13T00:03:01.000000;cbf84477-3db6-400a-a159-4af9fa022c06;427.7;0.074;UNKNOWN
2016-04-13T00:03:31.000000;2016-04-13T00:03:31.000000;686b84e2-74e7-411a-8e3d-fce6df96a0b5;427.41;0.106;UNKNOWN
2016-04-13T00:03:31.000000;2016-04-13T00:03:31.000000;68d61c50-a860-4674-af11-75c27076aa9c;427.49;0.113;UNKNOWN
2016-04-13T00:03:31.000000;2016-04-13T00:03:31.000000;7417fef0-3572-412c-8bfe-b278bdfb6678;427.48;0.01;UNKNOWN
2016-04-13T00:03:31.000000;2016-04-13T00:03:31.000000;f343d061-b6dd-4e97-a885-c44542b186d4;427.37;0.121;UNKNOWN
2016-04-13T00:03:31.000000;2016-04-13T00:03:31.000000;16d3c1f2-f8aa-467b-987b-5dc224a76e01;427.49;0.02;UNKNOWN
2016-04-13T00:03:31.000000;2016-04-13T00:03:31.000000;b3616d8a-d204-4924-a2e8-453b5cc54aa4;427.48;0.01;UNKNOWN
2016-04-13T00:03:31.000000;2016-04-13T00:03:31.000000;033e01b9-5ea2-48a3-9795-532ae1f455a6;427.43;0.098;UNKNOWN
2016-04-13T00:03:31.000000;2016-04-13T00:03:31.000000;571efb1f-c8b6-4eda-b390-9092ad9f6523;427.47;0.02;UNKNOWN
2016-04-13T00:03:31.000000;2016-04-13T00:03:31.000000;ee9b2a49-975f-4716-bff3-c6c27d137921;427.36;0.01002925;UNKNOWN
2016-04-13T00:03:31.000000;2016-04-13T00:03:31.000000;e6501720-7db6-469b-b0bd-0335451524f0;427.36;0.44235075;UNKNOWN
2016-04-13T00:04:01.000000;2016-04-13T00:04:01.000000;9a6ebfb3-d2c4-4755-9db0-bc52316a6075;427.49;0.17369;UNKNOWN
2016-04-13T00:04:31.000000;2016-04-13T00:04:31.000000;e2f8b0c4-4df5-4fa0-a6ae-42d50f340505;427.37;0.01715;UNKNOWN
2016-04-13T00:04:31.000000;2016-04-13T00:04:31.000000;ec1db7cf-cf36-4534-87b3-06ac6ef03537;427.47;0.02;UNKNOWN
2016-04-13T00:04:31.000000;2016-04-13T00:04:31.000000;f85f520b-6152-425b-ba4f-13a4e5bcfbb9;427.48;0.019;UNKNOWN
2016-04-13T00:05:02.000000;2016-04-13T00:05:02.000000;16679277-2699-4df1-9814-9c858896e300;427.4;0.01129;UNKNOWN
2016-04-13T00:05:02.000000;2016-04-13T00:05:02.000000;817151d8-4c73-4117-b40f-e36d68468832;427.41;0.017;UNKNOWN
2016-04-13T00:05:24.000000;2016-04-13T00:05:24.000000;8583a38a-1f5a-41af-8f9c-cfe3294adbaf;427.45;0.0194;UNKNOWN
2016-04-13T00:05:31.000000;2016-04-13T00:05:31.000000;53f149f6-1875-4aff-9173-0b5865e8e524;427.43;0.26438;UNKNOWN
2016-04-13T00:06:07.000000;2016-04-13T00:06:07.000000;f6bb5a7d-83d6-4d25-9784-9c56fbd09f84;427.46;0.01003159;UNKNOWN
2016-04-13T00:06:07.000000;2016-04-13T00:06:07.000000;db81c3db-9f92-47b6-83c4-8bc639f62725;427.45;0.0866;UNKNOWN
2016-04-13T00:06:07.000000;2016-04-13T00:06:07.000000;55e26611-58d5-4c09-8e78-939351a177ae;427.44;0.619;UNKNOWN
2016-04-13T00:06:07.000000;2016-04-13T00:06:07.000000;27cd9d9b-342f-409e-b992-01a670b1a10b;427.46;0.09385841;UNKNOWN
2016-04-13T00:06:31.000000;2016-04-13T00:06:31.000000;e3377cff-5d89-4082-999b-a9ba8458ec65;427.5;0.02015972;UNKNOWN
2016-04-13T00:06:31.000000;2016-04-13T00:06:31.000000;4dfcc70a-e23d-4111-9043-f97fba995be0;427.49;0.02015736;UNKNOWN
2016-04-13T00:06:31.000000;2016-04-13T00:06:31.000000;b2e1a678-630b-419b-9fda-3646af63097e;427.48;0.72;UNKNOWN
2016-04-13T00:06:31.000000;2016-04-13T00:06:31.000000;aec7ef69-3672-4cf8-9b16-ef1df67ad1f0;427.49;0.72;UNKNOWN
2016-04-13T00:06:31.000000;2016-04-13T00:06:31.000000;ca46e617-6a2f-45ad-86a3-3f5378bd8422;427.48;0.01003159;UNKNOWN
2016-04-13T00:06:31.000000;2016-04-13T00:06:31.000000;18e3fbe5-c869-47a6-9d99-f6a404515775;427.47;0.01003627;UNKNOWN
2016-04-13T00:06:31.000000;2016-04-13T00:06:31.000000;d80da498-62fb-4c87-90ce-1180effad9e7;427.51;0.01002691;UNKNOWN
2016-04-13T00:06:31.000000;2016-04-13T00:06:31.000000;f69a62c4-ff81-4d22-a083-369ca887b6fb;427.51;0.62985815;UNKNOWN
2016-04-13T00:06:31.000000;2016-04-13T00:06:31.000000;4a4ddfd1-c5da-4c8e-9eda-fd2f7139a72e;427.5;0.01;UNKNOWN
2016-04-13T00:06:31.000000;2016-04-13T00:06:31.000000;9967b1e1-dc73-4b56-aa0c-5e5eaa57f57c;427.5;0.72;UNKNOWN
2016-04-13T00:07:01.000000;2016-04-13T00:07:01.000000;090f5bc3-9974-451e-84dc-67e690080e6a;427.53;0.01005153;UNKNOWN
2016-04-13T00:07:01.000000;2016-04-13T00:07:01.000000;62c8a040-ff70-44a5-9e80-1822322409d1;427.53;0.40648624;UNKNOWN
2016-04-13T00:07:01.000000;2016-04-13T00:07:01.000000;8b7e77c0-0599-40f4-b4a1-eb27067865a8;427.52;0.01002223;UNKNOWN
2016-04-13T00:07:31.000000;2016-04-13T00:07:31.000000;035e93ea-8539-47ea-b5ea-ef42b5ab792b;427.52;1.06847;UNKNOWN
2016-04-13T00:08:01.000000;2016-04-13T00:08:01.000000;f0d49aa1-cb92-433a-9b34-1684bd76cbca;427.52;0.89726;UNKNOWN
2016-04-13T00:08:31.000000;2016-04-13T00:08:31.000000;ebb54bdc-3c61-4ef9-ae05-74dbe6fe47e9;427.52;5.54639;UNKNOWN
2016-04-13T00:08:58.000000;2016-04-13T00:08:58.000000;df4ecb6b-af41-482e-b503-8e28ba086ce0;427.52;0.00072045;UNKNOWN
2016-04-13T00:09:02.000000;2016-04-13T00:09:02.000000;64ad4c86-7cd6-4f7a-9f55-d98be553097f;427.52;0.40705;UNKNOWN
2016-04-13T00:09:31.000000;2016-04-13T00:09:31.000000;ac9e2d51-2496-4e16-9a96-325a1003df8e;427.52;0.74109;UNKNOWN
2016-04-13T00:09:33.000000;2016-04-13T00:09:33.000000;735d4ce2-a277-4fd3-8012-4c85883ed2b7;427.52;0.09;UNKNOWN
2016-04-13T00:10:01.000000;2016-04-13T00:10:01.000000;8ff7a6dc-e0b3-4569-b205-791b0c0afe6c;427.52;0.72554;UNKNOWN
2016-04-13T00:10:31.000000;2016-04-13T00:10:31.000000;cfe01a44-6d41-4c0b-949e-814ede8fe740;427.52;0.81056;UNKNOWN
2016-04-13T00:12:01.000000;2016-04-13T00:12:01.000000;9c64be4a-ef21-4ad0-ad43-6e0d3d25034d;427.49;0.00891;UNKNOWN
2016-04-13T00:12:01.000000;2016-04-13T00:12:01.000000;a18f1573-7f93-4466-a874-ec10b91885c8;427.5;0.013;UNKNOWN
2016-04-13T00:12:01.000000;2016-04-13T00:12:01.000000;2e675114-76f9-4855-aef5-0cbd8cbe3814;427.51;0.013;UNKNOWN
2016-04-13T00:12:31.000000;2016-04-13T00:12:31.000000;f8f92702-0f0a-4b74-9fca-4c07d90e1e88;427.5;0.12068;UNKNOWN
2016-04-13T00:13:03.000000;2016-04-13T00:13:03.000000;01beb2f8-671b-4bc1-9c42-8aefb8f50da9;427.5;1.25044;UNKNOWN
2016-04-13T00:13:03.000000;2016-04-13T00:13:03.000000;fd996b71-71d3-4cb4-80d8-3cc0509ceb21;427.5;0.572;UNKNOWN
2016-04-13T00:13:31.000000;2016-04-13T00:13:31.000000;fbbc0c11-2213-483e-93b3-716095ce3871;427.42;0.0100234;UNKNOWN
2016-04-13T00:13:31.000000;2016-04-13T00:13:31.000000;5f685115-6ec3-4d29-b6cb-c7f5bf3a17c2;427.42;0.016;UNKNOWN
2016-04-13T00:13:31.000000;2016-04-13T00:13:31.000000;e3073c87-6d12-4968-ae3b-e90dbda4ec23;427.43;0.01005271;UNKNOWN
2016-04-13T00:13:31.000000;2016-04-13T00:13:31.000000;9152da08-c763-456e-b8d5-0747109a9cb9;427.37;0.01003744;UNKNOWN
2016-04-13T00:13:31.000000;2016-04-13T00:13:31.000000;c32e938b-31ed-44ee-95f9-060e7b74c4b9;427.38;0.01;UNKNOWN
2016-04-13T00:13:31.000000;2016-04-13T00:13:31.000000;ab81f45e-1623-4188-964f-538bc58d99ba;427.38;0.01003276;UNKNOWN
2016-04-13T00:13:31.000000;2016-04-13T00:13:31.000000;715b8954-f815-4492-b75f-446b29df1b4c;427.36;0.01003276;UNKNOWN
2016-04-13T00:13:31.000000;2016-04-13T00:13:31.000000;fffb7784-0eb2-462f-a016-a1849a7216e3;427.41;0.016;UNKNOWN
2016-04-13T00:13:31.000000;2016-04-13T00:13:31.000000;e91e639e-362a-4ba8-8519-73ac07a2d161;427.26;0.01004567;UNKNOWN
2016-04-13T00:13:31.000000;2016-04-13T00:13:31.000000;ecdd5df2-a0f0-4c84-8a62-99cac212241a;427.24;0.01003627;UNKNOWN
2016-04-13T00:13:31.000000;2016-04-13T00:13:31.000000;f0f00545-d43f-4c8f-82d2-b92992835cdd;427.39;0.018;UNKNOWN
2016-04-13T00:13:31.000000;2016-04-13T00:13:31.000000;fa1e447a-7d0d-409f-8cd7-a819db4eb3ad;427.34;0.113;UNKNOWN
2016-04-13T00:13:31.000000;2016-04-13T00:13:31.000000;373faf3d-4385-4995-93de-e31ed16d3905;427.43;0.016;UNKNOWN
2016-04-13T00:13:31.000000;2016-04-13T00:13:31.000000;5ca4def5-7b23-497a-b606-3f690ffadc33;427.41;0.01002808;UNKNOWN
2016-04-13T00:13:31.000000;2016-04-13T00:13:31.000000;5058a671-f77f-487a-bbed-df890f2e8fb6;427.49;0.00509;UNKNOWN
2016-04-13T00:13:31.000000;2016-04-13T00:13:31.000000;f9731ddc-993d-4fb9-b3fb-3ce18041eeaa;427.34;0.01005037;UNKNOWN
2016-04-13T00:13:31.000000;2016-04-13T00:13:31.000000;4fb2034e-dc86-4fcd-91ff-6b66b9bb2cef;427.44;0.015;UNKNOWN
2016-04-13T00:13:31.000000;2016-04-13T00:13:31.000000;760facd0-a281-486b-bd84-2fd8b28559d1;427.33;0.01005509;UNKNOWN
2016-04-13T00:13:31.000000;2016-04-13T00:13:31.000000;107989fb-00da-4bea-8a69-2da0f523d134;427.27;0.01005157;UNKNOWN
2016-04-13T00:13:31.000000;2016-04-13T00:13:31.000000;a7ff1674-63ea-460c-9f02-e61030d3d26e;427.32;0.0100351;UNKNOWN
2016-04-13T00:13:31.000000;2016-04-13T00:13:31.000000;212bf391-9ee9-412e-a78a-85d315ced7f8;427.35;0.01004683;UNKNOWN
2016-04-13T00:13:31.000000;2016-04-13T00:13:31.000000;49efb9c0-a373-426d-a9c8-a97f94f2059b;427.39;0.02015972;UNKNOWN
2016-04-13T00:13:31.000000;2016-04-13T00:13:31.000000;19855481-28d1-4bbd-8029-497d19e00e90;427.33;0.255;UNKNOWN
2016-04-13T00:13:31.000000;2016-04-13T00:13:31.000000;4d69df98-d7aa-450b-b9e8-7398689dfab5;427.31;0.02012672;UNKNOWN
2016-04-13T00:13:31.000000;2016-04-13T00:13:31.000000;88c11f7c-8016-4ba9-8061-5fa78cae5f2f;427.3;0.01005392;UNKNOWN
2016-04-13T00:13:31.000000;2016-04-13T00:13:31.000000;79f3358e-d7dd-4976-871f-4a3fc8d8eaf1;427.28;0.01;UNKNOWN
2016-04-13T00:13:31.000000;2016-04-13T00:13:31.000000;c7d27bc1-076e-4934-892a-29a6cc43c8da;427.28;0.01005982;UNKNOWN
2016-04-13T00:13:31.000000;2016-04-13T00:13:31.000000;94647ee0-5451-48d2-b601-43a0ed0f1af1;427.29;0.10070775;UNKNOWN
2016-04-13T00:13:31.000000;2016-04-13T00:13:31.000000;c84941a7-6035-43d7-93cc-97d973755657;427.29;0.01005982;UNKNOWN
2016-04-13T00:13:31.000000;2016-04-13T00:13:31.000000;b824d0f6-3ba3-4b6e-881b-80d429b9534a;427.23;0.01004331;UNKNOWN
2016-04-13T00:13:31.000000;2016-04-13T00:13:31.000000;812bb0ee-6a59-4cd8-a858-cf7d1a554fe0;427.25;0.01004567;UNKNOWN
2016-04-13T00:13:31.000000;2016-04-13T00:13:31.000000;5c03e4c7-b82e-4017-873e-83d657cbb5c9;427.24;0.3;UNKNOWN
2016-04-13T00:13:31.000000;2016-04-13T00:13:31.000000;69ac2661-04a8-4a1b-ab3a-977e87390897;427.25;0.01922976;UNKNOWN
2016-04-13T00:13:31.000000;2016-04-13T00:13:31.000000;9fb787f3-89a4-4abc-9883-93592ea2c9da;427.22;0.0100445;UNKNOWN
2016-04-13T00:13:31.000000;2016-04-13T00:13:31.000000;e4128872-61cf-49f7-9637-fc8450b008b0;427.26;0.094;UNKNOWN
2016-04-13T00:13:31.000000;2016-04-13T00:13:31.000000;35f45c2e-9d8c-471a-a558-b408f2e4af43;427.21;1.90511484;UNKNOWN
2016-04-13T00:13:31.000000;2016-04-13T00:13:31.000000;1b4b4d7f-ffe2-492f-89e5-ceb1186ae09e;427.22;0.02;UNKNOWN
2016-04-13T00:13:31.000000;2016-04-13T00:13:31.000000;5217950f-3038-44fb-95e1-c0bca3bf2abe;427.21;1.772266;UNKNOWN
2016-04-13T00:13:31.000000;2016-04-13T00:13:31.000000;d549e403-7af9-4b90-94d7-cd270d29da4e;427.26;0.5594;UNKNOWN
2016-04-13T00:13:31.000000;2016-04-13T00:13:31.000000;6013638a-1f9e-4f5e-859d-889dd532f35b;427.21;0.01004804;UNKNOWN
2016-04-13T00:13:31.000000;2016-04-13T00:13:31.000000;7ebda567-9448-4b16-b0df-a9c69dbd5b51;427.22;0.02;UNKNOWN
2016-04-13T00:13:31.000000;2016-04-13T00:13:31.000000;319f619d-a685-4847-8c14-fb7d12b9a63f;427.21;0.0866;UNKNOWN
2016-04-13T00:13:31.000000;2016-04-13T00:13:31.000000;9b173b3f-cec9-4716-b309-d98b0411f007;427.39;0.01;UNKNOWN
2016-04-13T00:13:31.000000;2016-04-13T00:13:31.000000;d8c20c39-2415-41e1-8f5b-10b876a9ef31;427.45;0.2;UNKNOWN
2016-04-13T00:13:31.000000;2016-04-13T00:13:31.000000;eb8794f7-ca64-4d98-a8a4-72b1fbb4c0ed;427.4;0.00571;UNKNOWN
2016-04-13T00:13:31.000000;2016-04-13T00:13:31.000000;62682fe3-8490-4aa5-8046-916977519790;427.45;0.014;UNKNOWN
2016-04-13T00:13:31.000000;2016-04-13T00:13:31.000000;7cdab1f6-867b-484b-bab1-68ae0af1332f;427.47;0.1;UNKNOWN
2016-04-13T00:13:31.000000;2016-04-13T00:13:31.000000;0f5ae6f6-095f-4e39-ac10-203b71098b5b;427.4;0.02016208;UNKNOWN
2016-04-13T00:13:31.000000;2016-04-13T00:13:31.000000;4502b585-2add-4c84-86e1-016998fd0ed1;427.46;0.01;UNKNOWN
2016-04-13T00:13:31.000000;2016-04-13T00:13:31.000000;500095d2-a8e5-41cb-b651-22011e010293;427.47;0.01;UNKNOWN
2016-04-13T00:13:31.000000;2016-04-13T00:13:31.000000;7d4bce41-9f00-48a4-b71d-2952419683d2;427.46;0.014;UNKNOWN
2016-04-13T00:13:31.000000;2016-04-13T00:13:31.000000;e496847b-d407-4959-ac64-6b8da2d563c1;427.47;0.014;UNKNOWN
2016-04-13T00:13:31.000000;2016-04-13T00:13:31.000000;a089b215-da11-4f2e-b8ff-af6e74a2eed3;427.48;0.014;UNKNOWN
2016-04-13T00:14:04.000000;2016-04-13T00:14:04.000000;ce27c29b-4d40-4908-9516-6ba60cdaff4b;427.37;0.01005157;UNKNOWN
2016-04-13T00:14:04.000000;2016-04-13T00:14:04.000000;96118b3c-5b7d-48af-8c85-31d59c7d2cbb;427.36;0.72;UNKNOWN
2016-04-13T00:14:04.000000;2016-04-13T00:14:04.000000;450b5a63-12ba-4390-8ea7-44217c821c26;427.31;0.01004804;UNKNOWN
2016-04-13T00:14:04.000000;2016-04-13T00:14:04.000000;ffe729d5-8057-4e86-bb90-1d99f02ea95d;427.36;0.01004567;UNKNOWN
2016-04-13T00:14:04.000000;2016-04-13T00:14:04.000000;ee3b608c-78af-47e3-b593-dad193b59e91;427.32;0.0100445;UNKNOWN
2016-04-13T00:14:04.000000;2016-04-13T00:14:04.000000;f513f126-5417-4daf-aedf-3b1a98259261;427.33;0.01004331;UNKNOWN
2016-04-13T00:14:04.000000;2016-04-13T00:14:04.000000;aebd7c67-8630-4a27-9f87-bf1f7e2f2900;427.35;0.127;UNKNOWN
2016-04-13T00:14:04.000000;2016-04-13T00:14:04.000000;30d8fba1-d079-43b4-a585-e2cf4bec0190;427.35;0.18;UNKNOWN
2016-04-13T00:14:04.000000;2016-04-13T00:14:04.000000;fb761fe5-14be-4e5c-aaa8-5204f68ef865;427.35;0.01004567;UNKNOWN
2016-04-13T00:14:04.000000;2016-04-13T00:14:04.000000;f2aa17e7-9beb-4091-83fc-75f5c27e7853;427.34;0.01003627;UNKNOWN
2016-04-13T00:14:04.000000;2016-04-13T00:14:04.000000;bf5aa8ef-8156-4675-8368-380b9c43c261;427.37;0.74708497;UNKNOWN
2016-04-13T00:15:01.000000;2016-04-13T00:15:01.000000;9dad00ce-686d-4a4e-9a9e-d792cedf5bfc;427.35;0.015;UNKNOWN
2016-04-13T00:15:01.000000;2016-04-13T00:15:01.000000;137440f1-a0f7-4f65-8624-6d52b2ecda5b;427.36;0.015;UNKNOWN
2016-04-13T00:15:01.000000;2016-04-13T00:15:01.000000;d30c0745-d551-4a79-a8da-372a60b19c3e;427.37;0.015;UNKNOWN
2016-04-13T00:15:01.000000;2016-04-13T00:15:01.000000;f6ecb001-c3af-45a4-8394-37e90be3e559;427.32;0.01;UNKNOWN
2016-04-13T00:15:01.000000;2016-04-13T00:15:01.000000;23bdf648-2b77-4c89-9eb5-e57204b1d161;427.34;0.015;UNKNOWN
2016-04-13T00:15:01.000000;2016-04-13T00:15:01.000000;533f40c3-b955-4457-a639-0857363f08e9;427.33;0.01;UNKNOWN
2016-04-13T00:15:01.000000;2016-04-13T00:15:01.000000;4ac74361-a2d0-49f1-832d-e66cac5eb8ff;427.31;0.04019;UNKNOWN
2016-04-13T00:15:31.000000;2016-04-13T00:15:31.000000;aa952ea3-cce3-4eb7-8baa-afaabab77b3b;427.23;0.01004449;UNKNOWN
2016-04-13T00:15:31.000000;2016-04-13T00:15:31.000000;442295c0-8b85-41ee-9ef1-834ef2179a90;427.23;0.02;UNKNOWN
2016-04-13T00:15:31.000000;2016-04-13T00:15:31.000000;b5c9f156-05f0-4969-a08e-69ebccdd6750;427.33;0.013;UNKNOWN
2016-04-13T00:15:31.000000;2016-04-13T00:15:31.000000;a103280f-c6ce-469b-a2b9-fba3a0a76695;427.23;0.016;UNKNOWN
2016-04-13T00:15:31.000000;2016-04-13T00:15:31.000000;aad0941e-72c8-45e4-b98b-903d75362645;427.34;0.01;UNKNOWN
2016-04-13T00:15:31.000000;2016-04-13T00:15:31.000000;31b63e96-2f9b-4ef2-b69b-984a5b62d0b4;427.34;5.76;UNKNOWN
2016-04-13T00:15:31.000000;2016-04-13T00:15:31.000000;e1695895-6741-464e-b164-1e0df6529cfa;427.24;0.01003744;UNKNOWN
2016-04-13T00:15:31.000000;2016-04-13T00:15:31.000000;f61a1483-7f1a-4fda-a028-f5367a6f92e4;427.27;0.01005275;UNKNOWN
2016-04-13T00:15:31.000000;2016-04-13T00:15:31.000000;79ff47e4-6eba-4038-a1d5-c0078518267e;427.32;0.013;UNKNOWN
2016-04-13T00:15:31.000000;2016-04-13T00:15:31.000000;d07e5c7f-4815-40e3-8060-658479d6dd0c;427.31;0.014;UNKNOWN
2016-04-13T00:15:31.000000;2016-04-13T00:15:31.000000;1551faf5-80f5-4a29-b052-4be32df8e6a7;427.3;0.015;UNKNOWN
2016-04-13T00:15:31.000000;2016-04-13T00:15:31.000000;086d0086-2e7e-4dae-806e-0ca3f592f08a;427.28;0.093;UNKNOWN
2016-04-13T00:15:31.000000;2016-04-13T00:15:31.000000;5df8ac85-b04d-41c2-997a-afc5819bde78;427.28;0.016;UNKNOWN
2016-04-13T00:15:31.000000;2016-04-13T00:15:31.000000;959216b6-bfdc-4713-a91b-6931ed4a45a5;427.29;0.016;UNKNOWN
2016-04-13T00:15:31.000000;2016-04-13T00:15:31.000000;878f7e8b-def2-4a65-8080-2e8e88c3d8fa;427.26;0.01004685;UNKNOWN
2016-04-13T00:15:31.000000;2016-04-13T00:15:31.000000;3454e04c-e6fe-4d60-997b-1b447ccdcdee;427.26;0.016;UNKNOWN
2016-04-13T00:15:31.000000;2016-04-13T00:15:31.000000;947153a9-3160-4155-8b35-029c1f12b7ae;427.24;0.016;UNKNOWN
2016-04-13T00:15:31.000000;2016-04-13T00:15:31.000000;02553dd4-7899-4a2f-b8f2-c12edbcc6f7a;427.25;0.016;UNKNOWN
2016-04-13T00:15:31.000000;2016-04-13T00:15:31.000000;5001b337-78d2-4a91-a119-b5b95e7a3fab;427.25;0.19;UNKNOWN
2016-04-13T00:15:31.000000;2016-04-13T00:15:31.000000;169aa61c-032b-460a-a48f-75b3fd5ee5c5;427.25;0.01004685;UNKNOWN
2016-04-13T00:15:31.000000;2016-04-13T00:15:31.000000;9c1e19b1-073d-4314-b2ef-af6572b965cc;427.22;0.01004568;UNKNOWN
2016-04-13T00:15:31.000000;2016-04-13T00:15:31.000000;c91d6de1-9b91-4bb1-9c88-6f45f2792264;427.21;0.76357594;UNKNOWN
2016-04-13T00:16:02.000000;2016-04-13T00:16:02.000000;5c205493-ab73-483d-a76c-c4bfdb2c4f8d;427.27;0.01;UNKNOWN
2016-04-13T00:16:02.000000;2016-04-13T00:16:02.000000;c9770716-ca46-4e6b-b277-5d3ce6bd62ab;427.27;1.25191;UNKNOWN
2016-04-13T00:16:02.000000;2016-04-13T00:16:02.000000;332193ce-9c98-4ff1-8cdc-cb42f6cbca9b;427.27;0.03;UNKNOWN
2016-04-13T00:16:39.000000;2016-04-13T00:16:39.000000;78b849ea-7d4f-44f3-982a-de1851d1a9f8;427.27;0.83422;UNKNOWN
2016-04-13T00:17:01.000000;2016-04-13T00:17:01.000000;cbeb5a24-ccdc-4b7d-85fc-dffe1a9b1761;427.27;0.73662;UNKNOWN
2016-04-13T00:17:03.000000;2016-04-13T00:17:03.000000;30bbf910-f611-4ffa-908f-6489378d9161;427.27;0.01;UNKNOWN
2016-04-13T00:17:31.000000;2016-04-13T00:17:31.000000;b50c110c-c0d4-4d61-97d0-9e52e2c3e17e;427.27;0.46307;UNKNOWN
2016-04-13T00:18:01.000000;2016-04-13T00:18:01.000000;7ab4d465-7967-4f32-a23b-090066505b20;427.34;0.01003744;UNKNOWN
2016-04-13T00:18:01.000000;2016-04-13T00:18:01.000000;bd305377-8ec9-4bfa-bf64-dabc1d28a478;427.27;0.18;UNKNOWN
2016-04-13T00:18:01.000000;2016-04-13T00:18:01.000000;5586e500-d97e-40cb-8e26-5fb6731146f6;427.33;0.01004449;UNKNOWN
2016-04-13T00:18:01.000000;2016-04-13T00:18:01.000000;cf0a6eba-c413-4b9e-bd66-b2471732e340;427.28;0.03;UNKNOWN
2016-04-13T00:18:01.000000;2016-04-13T00:18:01.000000;91ecea8b-d5ca-4032-b0db-9abeaeaf4fd1;427.32;0.01004568;UNKNOWN
2016-04-13T00:18:01.000000;2016-04-13T00:18:01.000000;36a07c86-4e01-4209-98eb-c71ae49be48b;427.3;0.01;UNKNOWN
2016-04-13T00:18:01.000000;2016-04-13T00:18:01.000000;f1ec14cc-aea5-4818-ad8e-a11ad0fe7684;427.36;0.01004685;UNKNOWN
2016-04-13T00:18:01.000000;2016-04-13T00:18:01.000000;854a96d2-2acd-49e3-9912-ea31f0a5ec7e;427.35;0.01004685;UNKNOWN
2016-04-13T00:18:01.000000;2016-04-13T00:18:01.000000;5479e46b-d418-48ac-883f-196787394fe6;427.34;0.113;UNKNOWN
2016-04-13T00:18:01.000000;2016-04-13T00:18:01.000000;334f34d8-3350-4052-bf3a-e7aebbcee6f1;427.38;0.01005982;UNKNOWN
2016-04-13T00:18:01.000000;2016-04-13T00:18:01.000000;361a9a08-2212-45d2-8c40-f6b265d1d255;427.37;0.01005275;UNKNOWN
2016-04-13T00:18:01.000000;2016-04-13T00:18:01.000000;00d92d0b-7890-44d5-827a-641226a07ca6;427.38;0.40254612;UNKNOWN
2016-04-13T00:18:31.000000;2016-04-13T00:18:31.000000;a4a84cb7-26eb-43f6-845b-e68ecf365259;427.37;0.0237;UNKNOWN
2016-04-13T00:18:31.000000;2016-04-13T00:18:31.000000;d36af3e3-9675-4921-974e-139d3b313361;427.37;0.00438;UNKNOWN
2016-04-13T00:19:31.000000;2016-04-13T00:19:31.000000;a684116b-7229-4075-ac67-52bd9304f1e1;427.38;0.45585;UNKNOWN
2016-04-13T00:20:02.000000;2016-04-13T00:20:02.000000;3daa6c54-01ae-4ced-a4a6-2b182d0b45cf;427.38;0.0602;UNKNOWN
2016-04-13T00:20:02.000000;2016-04-13T00:20:02.000000;8d192a04-06ca-45c3-afb9-1520c17ede5b;427.36;0.011;UNKNOWN
2016-04-13T00:20:02.000000;2016-04-13T00:20:02.000000;57a715f6-216f-4a29-a557-7686418478c6;427.37;0.00662;UNKNOWN
2016-04-13T00:20:02.000000;2016-04-13T00:20:02.000000;736077e7-d73e-42c2-a59a-5b5a3222a234;427.38;0.0449;UNKNOWN
2016-04-13T00:20:02.000000;2016-04-13T00:20:02.000000;cd127a45-07cc-4251-8986-b9391512fdb6;427.38;0.0628;UNKNOWN
2016-04-13T00:20:02.000000;2016-04-13T00:20:02.000000;ef8a3c6b-3d47-4fac-b04c-15c01f32437a;427.38;3.31;UNKNOWN
2016-04-13T00:20:02.000000;2016-04-13T00:20:02.000000;e28a551a-60c0-4a70-8c4e-80cdce0fe053;427.38;0.0445;UNKNOWN
2016-04-13T00:20:02.000000;2016-04-13T00:20:02.000000;a4d1b9e6-f686-4b44-a719-0a8e1137fb0e;427.38;0.0413;UNKNOWN
2016-04-13T00:20:02.000000;2016-04-13T00:20:02.000000;9ee1d52e-d2fd-4f63-9e2b-c50eaf2e0d6c;427.38;0.0441;UNKNOWN
2016-04-13T00:20:02.000000;2016-04-13T00:20:02.000000;8dbe8af8-5eaa-413e-b57b-f7b2d44b00d4;427.38;0.0439;UNKNOWN
2016-04-13T00:20:02.000000;2016-04-13T00:20:02.000000;60050f7b-8780-441e-95aa-f3b238b26e1e;427.34;0.693;UNKNOWN
2016-04-13T00:20:02.000000;2016-04-13T00:20:02.000000;cdb46bf2-8626-458b-b990-561e43b0f3f3;427.26;0.013;UNKNOWN
2016-04-13T00:20:02.000000;2016-04-13T00:20:02.000000;d2a116c4-bc06-4380-9936-3264287f6430;427.27;0.01005393;UNKNOWN
2016-04-13T00:20:02.000000;2016-04-13T00:20:02.000000;56a3e3e5-e6c1-4d8c-a07b-572eae96c25c;427.28;0.010061;UNKNOWN
2016-04-13T00:20:02.000000;2016-04-13T00:20:02.000000;dcb2ac26-7c2d-4420-b390-06c476236b85;427.26;5.64839507;UNKNOWN
2016-04-13T00:20:31.000000;2016-04-13T00:20:31.000000;7895b060-5fb8-4dad-8735-ea071da23c59;427.38;0.047;UNKNOWN
2016-04-13T00:20:31.000000;2016-04-13T00:20:31.000000;3b047b66-3744-4574-83f8-91fe8d963123;427.38;0.0401;UNKNOWN
2016-04-13T00:20:31.000000;2016-04-13T00:20:31.000000;a8521320-5750-48e8-9b24-2ff0bd29e144;427.38;0.041;UNKNOWN
2016-04-13T00:20:31.000000;2016-04-13T00:20:31.000000;78f7b7f4-eacc-4b87-8fe4-0329ce6df09d;427.38;0.0456;UNKNOWN
2016-04-13T00:20:31.000000;2016-04-13T00:20:31.000000;2bbc29be-6283-440a-bd69-cefc62bdd182;427.38;0.0399;UNKNOWN
2016-04-13T00:20:31.000000;2016-04-13T00:20:31.000000;bc45e984-1e92-4eff-99d0-d793e237654c;427.38;0.0463;UNKNOWN
2016-04-13T00:20:31.000000;2016-04-13T00:20:31.000000;6aeabebc-bb7a-4d0c-965d-fb7a3a2c28e6;427.38;0.0443;UNKNOWN
2016-04-13T00:20:31.000000;2016-04-13T00:20:31.000000;9097757d-a79c-40b2-b9ca-e99af34d2dae;427.38;0.0304;UNKNOWN
2016-04-13T00:20:31.000000;2016-04-13T00:20:31.000000;b6079a75-22ea-4282-806d-42c909d99f96;427.26;0.01;UNKNOWN
2016-04-13T00:20:31.000000;2016-04-13T00:20:31.000000;dc3a3774-3e8d-4ec8-9048-2558f81325d8;427.38;0.0305;UNKNOWN
2016-04-13T00:20:31.000000;2016-04-13T00:20:31.000000;7d4168b4-30e6-48ef-bc0e-c961d4c8fcae;427.38;0.0457;UNKNOWN
2016-04-13T00:20:31.000000;2016-04-13T00:20:31.000000;8b38e98b-00ca-4a2a-ae80-e33cf9708eea;427.38;0.0446;UNKNOWN
2016-04-13T00:20:31.000000;2016-04-13T00:20:31.000000;279d03e1-6f5e-4f57-8f9b-6e3b92302308;427.38;0.0401;UNKNOWN
2016-04-13T00:20:31.000000;2016-04-13T00:20:31.000000;f3086c12-d034-400e-8892-fd765390a7ea;427.26;0.02;UNKNOWN
2016-04-13T00:20:31.000000;2016-04-13T00:20:31.000000;c99ca460-cb98-4c33-bab1-153bf571b611;427.26;0.01004803;UNKNOWN
2016-04-13T00:20:31.000000;2016-04-13T00:20:31.000000;be003380-4a6f-45fa-8efc-b68c37c1ad53;427.28;0.16;UNKNOWN
2016-04-13T00:20:31.000000;2016-04-13T00:20:31.000000;dc0f9086-e839-4b90-ad84-c0788ccf585f;427.33;0.157;UNKNOWN
2016-04-13T00:20:31.000000;2016-04-13T00:20:31.000000;b71a0935-90de-4ec6-b377-544ab324b0cb;427.26;0.32;UNKNOWN
2016-04-13T00:20:31.000000;2016-04-13T00:20:31.000000;5cc47749-2dad-4284-ac76-06597835e3c7;427.27;0.01;UNKNOWN
2016-04-13T00:20:31.000000;2016-04-13T00:20:31.000000;7fc611fa-6a6e-4b81-a12a-c49ad056eef2;427.26;2.88160493;UNKNOWN
2016-04-13T00:20:31.000000;2016-04-13T00:20:31.000000;2b1e0b18-b939-4235-a60a-e87f32dcbe23;427.21;0.01004922;UNKNOWN
2016-04-13T00:20:31.000000;2016-04-13T00:20:31.000000;c4e38460-8e1e-40c0-8f5a-b0c4e42fdf85;427.22;0.3201;UNKNOWN
2016-04-13T00:20:31.000000;2016-04-13T00:20:31.000000;a03fdcd7-f629-4086-9310-2d55afe11f73;427.25;0.17;UNKNOWN
2016-04-13T00:20:31.000000;2016-04-13T00:20:31.000000;330fcf84-ccf1-410f-8dcb-00739da3e8a9;427.25;0.01004803;UNKNOWN
2016-04-13T00:20:31.000000;2016-04-13T00:20:31.000000;656ccac0-8dad-4b4b-8660-4fd3cccfc67f;427.25;0.0125;UNKNOWN
2016-04-13T00:20:31.000000;2016-04-13T00:20:31.000000;8592fceb-1d68-4ee5-8a18-400149fc8872;427.22;0.01004686;UNKNOWN
2016-04-13T00:20:31.000000;2016-04-13T00:20:31.000000;dcf9481d-f057-41b4-8bfa-ae515973d5c2;427.24;0.01003861;UNKNOWN
2016-04-13T00:20:31.000000;2016-04-13T00:20:31.000000;913a213b-37a0-4d0f-9ca0-9fafcfa35e95;427.23;0.01004567;UNKNOWN
2016-04-13T00:20:31.000000;2016-04-13T00:20:31.000000;94310c6c-1c76-4933-b5a1-9be04f09dca8;427.21;5.0;UNKNOWN
2016-04-13T00:20:31.000000;2016-04-13T00:20:31.000000;fd04e3e5-08c2-4ecd-bf03-7f8944806e5b;427.21;40.38301865;UNKNOWN
2016-04-13T00:21:02.000000;2016-04-13T00:21:02.000000;d7690dbf-8b9e-4eaf-8b84-a0efcbc09065;427.12;0.079;UNKNOWN
2016-04-13T00:21:02.000000;2016-04-13T00:21:02.000000;f5ac91b1-fd1b-4cc0-a0f9-1a463f42ffc1;427.02;0.72;UNKNOWN
2016-04-13T00:21:02.000000;2016-04-13T00:21:02.000000;251bacc0-970b-4509-97fe-c403a1097599;427.02;0.01005516;UNKNOWN
2016-04-13T00:21:02.000000;2016-04-13T00:21:02.000000;1050cb41-f335-4750-afe4-554cd76a1327;427.1;0.01004924;UNKNOWN
2016-04-13T00:21:02.000000;2016-04-13T00:21:02.000000;286e6b1d-b7d5-4b17-8845-7e2d44791f59;427.01;0.01007758;UNKNOWN
2016-04-13T00:21:02.000000;2016-04-13T00:21:02.000000;86dea9a9-82e5-43f4-ab6e-b24ffbad1a06;427.11;0.0100398;UNKNOWN
2016-04-13T00:21:02.000000;2016-04-13T00:21:02.000000;95801d5c-b753-4317-9cb6-57440530dd13;427.03;0.36;UNKNOWN
2016-04-13T00:21:02.000000;2016-04-13T00:21:02.000000;e8673bba-a801-4e61-ac4a-645ab2149242;427.12;0.01004924;UNKNOWN
2016-04-13T00:21:02.000000;2016-04-13T00:21:02.000000;b905273f-7eff-4a89-bb48-d8b85cb9f5b8;427.07;0.01;UNKNOWN
2016-04-13T00:21:02.000000;2016-04-13T00:21:02.000000;c49a2fba-12cf-4ce5-9d9b-b87f03a881e8;427.1;0.1;UNKNOWN
2016-04-13T00:21:02.000000;2016-04-13T00:21:02.000000;e84421d6-fa26-480d-9617-231fd03ab2a5;427.07;0.01005279;UNKNOWN
2016-04-13T00:21:02.000000;2016-04-13T00:21:02.000000;68742bbc-bd36-4bff-928f-6624ee47bcb8;427.13;0.01005041;UNKNOWN
2016-04-13T00:21:02.000000;2016-04-13T00:21:02.000000;482bffb6-0b68-4349-83e5-485453469545;427.08;0.0100351;UNKNOWN
2016-04-13T00:21:02.000000;2016-04-13T00:21:02.000000;bd215984-0753-426a-a650-603f8e4a6064;427.04;0.01005397;UNKNOWN
2016-04-13T00:21:02.000000;2016-04-13T00:21:02.000000;1b5bca97-2a76-4957-ae65-4d83a8efcd73;427.09;0.0100398;UNKNOWN
2016-04-13T00:21:02.000000;2016-04-13T00:21:02.000000;2d967df3-c43e-4718-80ac-5511a72264e9;427.06;0.01009173;UNKNOWN
2016-04-13T00:21:02.000000;2016-04-13T00:21:02.000000;c7bca00c-496a-4f80-a9fd-5fecbaa66501;427.05;0.01006459;UNKNOWN
2016-04-13T00:21:02.000000;2016-04-13T00:21:02.000000;15683cd2-dfd1-4c70-91b8-73b104a9bd29;427.03;0.01006577;UNKNOWN
2016-04-13T00:21:02.000000;2016-04-13T00:21:02.000000;0edb080a-1e06-466c-b127-c25a2cbcc161;427.04;0.117;UNKNOWN
2016-04-13T00:21:02.000000;2016-04-13T00:21:02.000000;00a8d63a-fcf4-4134-9444-898cf51a7db1;426.93;0.01003747;UNKNOWN
2016-04-13T00:21:02.000000;2016-04-13T00:21:02.000000;afe64ab7-8fc1-4917-945c-025c48ea1c9a;426.95;0.01003865;UNKNOWN
2016-04-13T00:21:02.000000;2016-04-13T00:21:02.000000;fa06812e-0b83-4b0d-8489-ccd9116ca7a5;426.96;0.01003511;UNKNOWN
2016-04-13T00:21:02.000000;2016-04-13T00:21:02.000000;6e42f964-3737-48dd-ade8-398c6b4c1561;426.77;7.777;UNKNOWN
2016-04-13T00:21:02.000000;2016-04-13T00:21:02.000000;b6787a87-48ec-4c1e-ab47-f20627aac15d;426.93;0.01;UNKNOWN
2016-04-13T00:21:02.000000;2016-04-13T00:21:02.000000;eee6317d-d723-4998-9ec0-f23b4e6c2593;426.97;0.01005635;UNKNOWN
2016-04-13T00:21:02.000000;2016-04-13T00:21:02.000000;1ce4aa62-3338-4072-ac03-f6742a323094;427.16;0.01004333;UNKNOWN
2016-04-13T00:21:02.000000;2016-04-13T00:21:02.000000;1c90723c-bb59-401d-8788-c556809365f5;426.94;0.01003393;UNKNOWN
2016-04-13T00:21:02.000000;2016-04-13T00:21:02.000000;c86df69e-b0c5-431c-b88e-49ed48e1c1c9;427.17;0.01007755;UNKNOWN
2016-04-13T00:21:02.000000;2016-04-13T00:21:02.000000;888e5dc1-eb23-4b0d-981b-3f4cd846e038;427.15;0.01005041;UNKNOWN
2016-04-13T00:21:02.000000;2016-04-13T00:21:02.000000;dbd8cce4-5340-4164-8566-7ed01d65e389;426.98;0.0100351;UNKNOWN
2016-04-13T00:21:02.000000;2016-04-13T00:21:02.000000;bc330567-94f2-4407-acc7-3cc322769d44;427.18;0.03492455;UNKNOWN
2016-04-13T00:21:02.000000;2016-04-13T00:21:02.000000;b66fba8c-218f-4b5c-a779-4ea6bb5a5bc2;427.14;0.01004569;UNKNOWN
2016-04-13T00:21:02.000000;2016-04-13T00:21:02.000000;ca77e7cd-add5-4e4b-a1ac-f9f73128b5fa;426.99;0.01005634;UNKNOWN
2016-04-13T00:21:02.000000;2016-04-13T00:21:02.000000;6cf044c4-85e3-45b0-b8dd-d72425f27db6;427.01;0.54;UNKNOWN
2016-04-13T00:21:02.000000;2016-04-13T00:21:02.000000;c64920e5-d86e-40ee-92b8-826be51f5ace;427.18;0.01006456;UNKNOWN
2016-04-13T00:21:02.000000;2016-04-13T00:21:02.000000;51a07673-9b5c-4ede-ac86-5696ab8d0869;427.0;0.2;UNKNOWN
2016-04-13T00:21:02.000000;2016-04-13T00:21:02.000000;2481dcd6-a303-4ed3-95dc-7b7768207353;427.0;0.1;UNKNOWN
2016-04-13T00:21:02.000000;2016-04-13T00:21:02.000000;48513c0d-7270-4bfb-ad98-02bdfad2cbb5;427.0;0.17712718;UNKNOWN
2016-04-13T00:21:02.000000;2016-04-13T00:21:02.000000;601acba0-fba4-4f76-890b-8efeb5c657da;427.0;0.01005398;UNKNOWN
2016-04-13T00:21:02.000000;2016-04-13T00:21:02.000000;1c315815-3635-41b9-8d0b-d2b57b4d08df;427.0;0.01922258;UNKNOWN
2016-04-13T00:21:02.000000;2016-04-13T00:21:02.000000;bed81901-14af-4d2f-8960-cf6a602d9a13;427.0;3.87;UNKNOWN
2016-04-13T00:21:02.000000;2016-04-13T00:21:02.000000;4735c194-8c31-4d12-bdf7-bc138f0ada58;427.19;0.01005158;UNKNOWN
2016-04-13T00:21:02.000000;2016-04-13T00:21:02.000000;25f13f92-06fe-4787-b132-c38604bab1e1;427.0;0.0194;UNKNOWN
2016-04-13T00:21:02.000000;2016-04-13T00:21:02.000000;04532e6c-27ce-41fa-952c-c55145b2c3ad;427.38;0.0168;UNKNOWN
2016-04-13T00:21:02.000000;2016-04-13T00:21:02.000000;e540f89a-d364-45eb-83b4-61721892a1a2;427.2;0.085;UNKNOWN
2016-04-13T00:21:02.000000;2016-04-13T00:21:02.000000;408f0229-a40f-460b-a9d3-df1304820b8b;427.38;0.0364;UNKNOWN
2016-04-13T00:21:02.000000;2016-04-13T00:21:02.000000;0488a750-d806-4ccd-9f45-b42d18fdb54c;427.2;0.01;UNKNOWN
2016-04-13T00:21:02.000000;2016-04-13T00:21:02.000000;4a4ea545-c017-48d7-ad79-73859756a646;427.21;0.66698135;UNKNOWN
2016-04-13T00:21:02.000000;2016-04-13T00:21:02.000000;57787397-ed31-4c6b-adf2-07fe680c6f38;427.28;0.104;UNKNOWN
2016-04-13T00:21:02.000000;2016-04-13T00:21:02.000000;48397d9a-1b12-4254-a1d1-beeba0406320;427.26;0.02;UNKNOWN
2016-04-13T00:21:02.000000;2016-04-13T00:21:02.000000;35f16ef4-fd78-43e6-ba37-9e14e7372455;427.2;4.5;UNKNOWN
2016-04-13T00:21:02.000000;2016-04-13T00:21:02.000000;e6b0ca36-8357-4e9d-aa27-7b9a9a2c5db8;427.2;0.01004214;UNKNOWN
2016-04-13T00:21:02.000000;2016-04-13T00:21:02.000000;4d35c284-146d-43e9-a96a-735578b2d54f;427.2;0.1;UNKNOWN
2016-04-13T00:21:02.000000;2016-04-13T00:21:02.000000;10803c7a-94c9-43ad-acbf-1885b009e9dc;426.77;0.01002691;UNKNOWN
2016-04-13T00:21:02.000000;2016-04-13T00:21:02.000000;08878d1e-a5ba-4fda-bcd6-e9c83879de59;426.81;0.02006337;UNKNOWN
2016-04-13T00:21:02.000000;2016-04-13T00:21:02.000000;5f961942-4de9-4cb2-a846-8ced984678d0;426.92;4.544;UNKNOWN
2016-04-13T00:21:02.000000;2016-04-13T00:21:02.000000;5a9a1041-61d6-4afb-ab33-da0595a7abc7;426.78;0.01002223;UNKNOWN
2016-04-13T00:21:02.000000;2016-04-13T00:21:02.000000;548a1762-d902-431a-a942-f8d7a0b9914d;426.82;0.72;UNKNOWN
2016-04-13T00:21:02.000000;2016-04-13T00:21:02.000000;3e4b3acf-0366-49ef-a1fe-a9fb97d0c34a;426.92;0.01003276;UNKNOWN
2016-04-13T00:21:02.000000;2016-04-13T00:21:02.000000;6e30a1c9-49b2-4168-83f4-108f67a2a7da;426.78;3.78;UNKNOWN
2016-04-13T00:21:02.000000;2016-04-13T00:21:02.000000;648072ee-43c7-4fe1-a26b-2309de197b6a;426.82;0.091;UNKNOWN
2016-04-13T00:21:02.000000;2016-04-13T00:21:02.000000;9dee592b-07b9-4124-afd2-075576a9b333;426.77;4.50215719;UNKNOWN
2016-04-13T00:21:02.000000;2016-04-13T00:21:02.000000;a0e58162-9e9e-4624-aaf2-f058dd25c5f3;426.82;0.01002691;UNKNOWN
2016-04-13T00:21:02.000000;2016-04-13T00:21:02.000000;7aa761ca-c8e6-4b45-a2ab-707f6381db9e;426.79;4.68;UNKNOWN
2016-04-13T00:21:02.000000;2016-04-13T00:21:02.000000;139c6870-24d1-4492-ad10-428e585aab6d;426.91;0.0100363;UNKNOWN
2016-04-13T00:21:02.000000;2016-04-13T00:21:02.000000;ca096a85-d0eb-4300-bc99-e5b2b8584672;426.83;0.01002808;UNKNOWN
2016-04-13T00:21:02.000000;2016-04-13T00:21:02.000000;c22343d9-9b0e-44b9-aa6c-d6d329d9a37a;426.79;0.02;UNKNOWN
2016-04-13T00:21:02.000000;2016-04-13T00:21:02.000000;127042c5-6340-4240-b20f-4e6f25eaee3b;426.9;0.01003512;UNKNOWN
2016-04-13T00:21:02.000000;2016-04-13T00:21:02.000000;e84dc4d2-12d3-4b59-b10b-251a72ed3b3c;426.79;0.02006102;UNKNOWN
2016-04-13T00:21:02.000000;2016-04-13T00:21:02.000000;c3589cfa-41ce-4b88-95d1-b52cd00b97a5;426.84;0.01002808;UNKNOWN
2016-04-13T00:21:02.000000;2016-04-13T00:21:02.000000;b7a8ee9d-c85c-4f69-a846-6ebb7c26f9b4;426.89;0.01003159;UNKNOWN
2016-04-13T00:21:02.000000;2016-04-13T00:21:02.000000;f2490cc6-0680-45af-8934-2f757efeea7f;426.8;3.6;UNKNOWN
2016-04-13T00:21:02.000000;2016-04-13T00:21:02.000000;0d5c5d96-7d99-47b7-b25a-a4a35d36c98d;426.88;0.01003512;UNKNOWN
2016-04-13T00:21:02.000000;2016-04-13T00:21:02.000000;1e9a7daf-a1ed-407b-97d8-9c26981f06ae;426.85;0.02006806;UNKNOWN
2016-04-13T00:21:02.000000;2016-04-13T00:21:02.000000;8738fd42-1228-45b8-b2c2-69e5d1ef608d;426.8;0.02005397;UNKNOWN
2016-04-13T00:21:02.000000;2016-04-13T00:21:02.000000;ad6d9991-7a15-4f2b-8088-ffe855c8e9ce;426.86;0.01003395;UNKNOWN
2016-04-13T00:21:02.000000;2016-04-13T00:21:02.000000;630ce3de-5e73-4271-8e67-3d31e5eefc4d;426.88;0.01;UNKNOWN
2016-04-13T00:21:02.000000;2016-04-13T00:21:02.000000;ec50917e-2c36-46d0-81e2-214fdbe21e6c;426.88;0.01;UNKNOWN
2016-04-13T00:21:02.000000;2016-04-13T00:21:02.000000;cc773f50-4496-4cc5-99ad-5acb62f8ec4a;426.8;0.1;UNKNOWN
2016-04-13T00:21:02.000000;2016-04-13T00:21:02.000000;d71d9baf-6b69-4311-a2f5-c8f4576d6158;426.87;0.02005631;UNKNOWN
2016-04-13T00:21:02.000000;2016-04-13T00:21:02.000000;2ee93394-59b2-4300-a463-27acd7e7ba67;426.81;3.42;UNKNOWN
2016-04-13T00:21:03.000000;2016-04-13T00:21:03.000000;7f855fec-27d4-459f-a051-54283707a6bc;427.37;0.01;UNKNOWN
2016-04-13T00:21:31.000000;2016-04-13T00:21:31.000000;780d4a3b-7e86-4371-a8b7-607bccadefd1;427.3;0.38226;UNKNOWN
2016-04-13T00:22:01.000000;2016-04-13T00:22:01.000000;a07a34a9-2944-4825-9aa0-b4a1110d8b53;427.3;0.14276;UNKNOWN
2016-04-13T00:22:31.000000;2016-04-13T00:22:31.000000;fe5f2ecf-b47e-4c2f-993b-8fb64b9b1bb1;427.28;0.02;UNKNOWN
2016-04-13T00:22:31.000000;2016-04-13T00:22:31.000000;6bbdcfaa-7ad4-4014-ae8e-543a40bb9ca8;427.29;0.01612;UNKNOWN
2016-04-13T00:22:31.000000;2016-04-13T00:22:31.000000;13507620-0d05-4ea0-a96f-8eabe6923806;427.29;0.02;UNKNOWN
2016-04-13T00:22:31.000000;2016-04-13T00:22:31.000000;b35f66af-c470-46c4-8c12-80a9086e9792;427.27;0.01;UNKNOWN
2016-04-13T00:22:31.000000;2016-04-13T00:22:31.000000;d8db07cd-5ffc-47fc-a9ac-c3e34e8c4bda;427.26;0.083;UNKNOWN
2016-04-13T00:22:31.000000;2016-04-13T00:22:31.000000;1ea4d6e2-cbcd-4231-a8c6-41d9f8cfd392;427.26;0.02;UNKNOWN
2016-04-13T00:22:31.000000;2016-04-13T00:22:31.000000;c52f15ef-723a-4e4a-bb90-4758e7c104b7;427.18;0.00638;UNKNOWN
2016-04-13T00:23:01.000000;2016-04-13T00:23:01.000000;de80a808-33f0-4526-947a-ffd53b0a8f19;427.3;0.9993;UNKNOWN
2016-04-13T00:23:01.000000;2016-04-13T00:23:01.000000;0b606315-1ef3-4b7d-9da2-7452801af37d;427.29;0.18;UNKNOWN
2016-04-13T00:23:01.000000;2016-04-13T00:23:01.000000;b99c8fa9-3dc0-405f-981a-cf54d5c94a37;427.29;0.15;UNKNOWN
2016-04-13T00:23:01.000000;2016-04-13T00:23:01.000000;247c37b1-9ca1-4c82-996c-b05585cdd40b;427.28;0.18;UNKNOWN
2016-04-13T00:23:31.000000;2016-04-13T00:23:31.000000;9a5ca5ca-6c8e-4ed3-bd8e-699dca7f70da;427.3;0.247946;UNKNOWN
2016-04-13T00:23:31.000000;2016-04-13T00:23:31.000000;21eee8f3-959e-47eb-93f5-0b8c09a8d66b;427.3;0.01004214;UNKNOWN
2016-04-13T00:23:31.000000;2016-04-13T00:23:31.000000;d8087a5f-afb7-4d80-bc5d-a2f7ac06729e;427.3;0.06214186;UNKNOWN
2016-04-13T00:23:31.000000;2016-04-13T00:23:31.000000;4be7e57e-a2b9-4ecd-9870-246ebed35e33;427.3;0.2;UNKNOWN
2016-04-13T00:23:58.000000;2016-04-13T00:23:58.000000;f1563b23-23c0-41f6-984d-d4b338e27b05;427.31;0.0100504;UNKNOWN
2016-04-13T00:23:58.000000;2016-04-13T00:23:58.000000;7c30606a-a1be-4e3e-ab0e-9afff64e4d5a;427.31;0.03358866;UNKNOWN
2016-04-13T00:23:58.000000;2016-04-13T00:23:58.000000;b63480f8-b640-40f3-944f-a32d19752f22;427.31;0.03752753;UNKNOWN
2016-04-13T00:24:16.000000;2016-04-13T00:24:16.000000;b8fa2b14-6f3b-437d-9221-4ce403bbc01b;426.97;0.06916413;UNKNOWN
2016-04-13T00:24:16.000000;2016-04-13T00:24:16.000000;d9249307-3705-4579-8cb5-bf4b368e56b1;426.99;0.0100587;UNKNOWN
2016-04-13T00:24:16.000000;2016-04-13T00:24:16.000000;6f7d934b-6202-4dfc-9d95-35696f0cfead;427.0;0.1;UNKNOWN
2016-04-13T00:24:16.000000;2016-04-13T00:24:16.000000;3336a139-b46e-4769-a7c2-e1f07d6520b3;427.31;0.014;UNKNOWN
2016-04-13T00:24:16.000000;2016-04-13T00:24:16.000000;e1225aab-9831-433d-8c3b-d977db8b24f1;427.0;0.1;UNKNOWN
2016-04-13T00:24:16.000000;2016-04-13T00:24:16.000000;4adaa28a-cda1-46d8-9075-1d047685a059;427.29;0.016;UNKNOWN
2016-04-13T00:24:16.000000;2016-04-13T00:24:16.000000;46638d1c-9684-40e5-b2b4-008abbe7f1f6;427.28;0.097;UNKNOWN
2016-04-13T00:24:16.000000;2016-04-13T00:24:16.000000;c356fd8a-27b3-49d1-a0d5-1fb53604d34d;427.0;0.0167;UNKNOWN
2016-04-13T00:24:16.000000;2016-04-13T00:24:16.000000;ab26ba55-430d-45b0-ac02-ae6c46f9fffa;427.3;0.015;UNKNOWN
2016-04-13T00:24:16.000000;2016-04-13T00:24:16.000000;f8653faf-7483-4c76-874b-3ff026bab29a;427.28;0.016;UNKNOWN
2016-04-13T00:24:16.000000;2016-04-13T00:24:16.000000;c5ace6c9-a455-41d5-9ea4-952b21832ab6;427.27;0.016;UNKNOWN
2016-04-13T00:24:16.000000;2016-04-13T00:24:16.000000;7f496a46-432a-4215-9046-2a0e2c74f580;427.0;0.01;UNKNOWN
2016-04-13T00:24:16.000000;2016-04-13T00:24:16.000000;a32a7ee1-a46e-4baa-a334-d74950cb53a2;427.04;0.103;UNKNOWN
2016-04-13T00:24:16.000000;2016-04-13T00:24:16.000000;a7a46458-6278-49ff-abb9-d2476a2dc484;427.27;0.02;UNKNOWN
2016-04-13T00:24:16.000000;2016-04-13T00:24:16.000000;c83523a5-bca6-472b-9aee-4d946cc1901a;427.25;0.11;UNKNOWN
2016-04-13T00:24:16.000000;2016-04-13T00:24:16.000000;593f1413-4e68-44ac-9b25-054d8cdd137c;427.07;0.01;UNKNOWN
2016-04-13T00:24:16.000000;2016-04-13T00:24:16.000000;320322fe-3050-46f6-859f-5d5f62835e0c;427.23;0.017;UNKNOWN
2016-04-13T00:24:16.000000;2016-04-13T00:24:16.000000;c88a15b5-86cf-423f-beeb-a5cc01d836ca;427.19;0.101;UNKNOWN
2016-04-13T00:24:16.000000;2016-04-13T00:24:16.000000;09bf2243-9643-4ca6-8044-5b39af28bffd;427.18;0.104;UNKNOWN
2016-04-13T00:24:16.000000;2016-04-13T00:24:16.000000;a88c733a-0916-4fd5-bf3a-bb93f588d174;427.21;0.017;UNKNOWN
2016-04-13T00:24:16.000000;2016-04-13T00:24:16.000000;c06a0806-fe1d-48cb-9595-847e3ae49c15;427.19;0.01;UNKNOWN
2016-04-13T00:24:16.000000;2016-04-13T00:24:16.000000;1d75bce2-371f-4627-acd4-69b5c512d2dd;427.22;0.017;UNKNOWN
2016-04-13T00:24:16.000000;2016-04-13T00:24:16.000000;fbb5cbc7-05cd-4d28-94d1-21ae2246ed0a;427.2;0.017;UNKNOWN
2016-04-13T00:24:29.000000;2016-04-13T00:24:29.000000;327568e9-1a87-4359-a720-3f60a9130942;427.32;0.01;UNKNOWN
2016-04-13T00:24:29.000000;2016-04-13T00:24:29.000000;06e20c9b-a58c-493c-9070-09885df74795;427.32;0.06995196;UNKNOWN
2016-04-13T00:24:29.000000;2016-04-13T00:24:29.000000;f4bf1ee1-22f4-4e22-a786-dfd441d89d72;427.32;0.01004804;UNKNOWN
2016-04-13T00:24:29.000000;2016-04-13T00:24:29.000000;448ae004-d231-46dc-8e83-d30e126c660a;427.32;0.01;UNKNOWN
2016-04-13T00:24:31.000000;2016-04-13T00:24:31.000000;40e0b6c6-d806-468a-8e86-c8cb371f4880;427.31;0.16239;UNKNOWN
2016-04-13T00:25:03.000000;2016-04-13T00:25:03.000000;ff4fb120-a152-4d47-8222-f2eb34733c0d;427.28;0.74085;UNKNOWN
2016-04-13T00:25:03.000000;2016-04-13T00:25:03.000000;626ffede-89aa-42e7-8393-3efea316ecdb;427.28;0.025;UNKNOWN
2016-04-13T00:25:16.000000;2016-04-13T00:25:16.000000;7ed67f22-4082-46e5-aa07-c56c7cdd2bf5;427.28;0.09;UNKNOWN
2016-04-13T00:25:31.000000;2016-04-13T00:25:31.000000;514f3d2d-da7c-483d-8d76-77f42d062e45;427.27;0.01861;UNKNOWN
2016-04-13T00:25:31.000000;2016-04-13T00:25:31.000000;146d384b-20b5-4532-b8a1-9e9cafbeb730;427.27;0.02;UNKNOWN
2016-04-13T00:26:01.000000;2016-04-13T00:26:01.000000;12ef524e-83e3-4ff7-bbae-83ef67f43404;427.28;1.39033;UNKNOWN
2016-04-13T00:26:35.000000;2016-04-13T00:26:35.000000;3867754e-5246-40af-860b-f0019f64e276;427.28;0.3616;UNKNOWN
2016-04-13T00:27:31.000000;2016-04-13T00:27:31.000000;54090437-64f3-4c35-b137-ddb7d48ad85e;427.28;3.33215;UNKNOWN
2016-04-13T00:28:01.000000;2016-04-13T00:28:01.000000;5b3970dc-ef3f-42d4-9c23-4264b6837c19;427.27;0.555;UNKNOWN
2016-04-13T00:28:01.000000;2016-04-13T00:28:01.000000;12780804-7607-4570-96fa-5f65f2d29e8f;427.27;0.2;UNKNOWN
2016-04-13T00:28:01.000000;2016-04-13T00:28:01.000000;cb919a12-c6bf-423f-9cd3-78dfc89db0a4;427.27;4.26;UNKNOWN
2016-04-13T00:28:01.000000;2016-04-13T00:28:01.000000;7d0758ad-cff0-460a-bc64-d92854415dbf;427.26;0.02;UNKNOWN
2016-04-13T00:28:01.000000;2016-04-13T00:28:01.000000;cbb5f1c0-f535-4bdb-a3b5-bec1dcb477ea;427.22;4.80426;UNKNOWN
2016-04-13T00:28:32.000000;2016-04-13T00:28:32.000000;738ce605-4c5f-4d27-aced-4931fb19c11e;427.33;0.01002194;UNKNOWN
2016-04-13T00:28:32.000000;2016-04-13T00:28:32.000000;d06ea8a4-022f-47df-a0b3-447bc2a746ee;427.32;0.01004922;UNKNOWN
2016-04-13T00:28:32.000000;2016-04-13T00:28:32.000000;0f06b4c8-3ba3-437f-855c-e9c6ff529eb1;427.31;0.01005158;UNKNOWN
2016-04-13T00:28:32.000000;2016-04-13T00:28:32.000000;43e0bc6b-2c28-4760-8387-4d353fecb8d8;427.3;0.01;UNKNOWN
2016-04-13T00:28:32.000000;2016-04-13T00:28:32.000000;28bc5fb5-9a40-4dd6-92fa-0cdf3f29dc95;427.3;0.01004332;UNKNOWN
2016-04-13T00:28:32.000000;2016-04-13T00:28:32.000000;e449f2aa-f860-442c-bdbb-376e866d2de7;427.29;0.01005394;UNKNOWN
2016-04-13T00:28:32.000000;2016-04-13T00:28:32.000000;f45e8e62-5e00-4db3-be0c-dd035cb584b8;427.29;0.03;UNKNOWN
2016-04-13T00:28:32.000000;2016-04-13T00:28:32.000000;59fcdb17-a001-4933-9803-dcbbf369a164;427.3;0.03;UNKNOWN
2016-04-13T00:29:01.000000;2016-04-13T00:29:01.000000;670e2796-79f7-4302-aef4-606ede2ab0fb;427.33;2.491e-05;UNKNOWN
2016-04-13T00:29:01.000000;2016-04-13T00:29:01.000000;b4718e01-4634-4230-b1dd-5f21e6ec5a37;427.38;0.01;UNKNOWN
2016-04-13T00:29:01.000000;2016-04-13T00:29:01.000000;d05e4159-f7ee-4415-8380-dd4c5110345f;427.37;0.01005511;UNKNOWN
2016-04-13T00:29:01.000000;2016-04-13T00:29:01.000000;c5c61808-6243-453e-8740-c65deb665d89;427.36;0.01004921;UNKNOWN
2016-04-13T00:29:01.000000;2016-04-13T00:29:01.000000;68a4cf4c-1f6b-466e-958c-da94dad5b3d7;427.34;0.01003978;UNKNOWN
2016-04-13T00:29:01.000000;2016-04-13T00:29:01.000000;d301945b-c9ff-45fd-9e4e-e114ed03d52d;427.35;0.01004921;UNKNOWN
2016-04-13T00:29:01.000000;2016-04-13T00:29:01.000000;ee027ef4-acea-4d6e-b127-58e2bf00d231;427.46;0.01;UNKNOWN
2016-04-13T00:29:01.000000;2016-04-13T00:29:01.000000;0bad5a86-642d-4b3b-9398-d98ccfcb7575;427.46;0.5594;UNKNOWN
2016-04-13T00:29:01.000000;2016-04-13T00:29:01.000000;92403c70-3f65-4393-a0ef-9a74fde2ee6f;427.42;0.0100351;UNKNOWN
2016-04-13T00:29:01.000000;2016-04-13T00:29:01.000000;9e92c154-9add-4ff3-ab25-bf4fbb68d263;427.41;0.02012672;UNKNOWN
2016-04-13T00:29:01.000000;2016-04-13T00:29:01.000000;62cd8fbe-b9fb-4daf-9246-00a7d549d24b;427.43;0.01005509;UNKNOWN
2016-04-13T00:29:01.000000;2016-04-13T00:29:01.000000;ac2084cd-ae84-4b0f-89f0-a084a0494e04;427.46;0.01003276;UNKNOWN
2016-04-13T00:29:01.000000;2016-04-13T00:29:01.000000;b76c82ce-d2a4-438b-9b7b-e4387c7f618a;427.46;0.03;UNKNOWN
2016-04-13T00:29:01.000000;2016-04-13T00:29:01.000000;2e2df714-ecdc-46e1-95e1-9dbd369b0763;427.4;0.14;UNKNOWN
2016-04-13T00:29:01.000000;2016-04-13T00:29:01.000000;3b9fa3ad-2c88-43d4-a88a-c3fe816bdff3;427.38;0.01006218;UNKNOWN
2016-04-13T00:29:01.000000;2016-04-13T00:29:01.000000;0ce6f0dd-ce76-412a-a0e9-d4519a784846;427.45;0.01;UNKNOWN
2016-04-13T00:29:01.000000;2016-04-13T00:29:01.000000;9b4fa4c0-c752-485f-8ca9-71d99089a048;427.44;0.01005037;UNKNOWN
2016-04-13T00:29:01.000000;2016-04-13T00:29:01.000000;e32a81b7-7b57-4785-86af-d7ab619fee37;427.45;0.01004683;UNKNOWN
2016-04-13T00:29:01.000000;2016-04-13T00:29:01.000000;e55574f0-66a0-4c74-ac25-712c7e32919e;427.4;0.1;UNKNOWN
2016-04-13T00:29:01.000000;2016-04-13T00:29:01.000000;5afc1202-287f-4161-8d6d-cdb839c1f3b4;427.39;0.01005982;UNKNOWN
2016-04-13T00:29:01.000000;2016-04-13T00:29:01.000000;a1f291af-7128-474c-adc3-08fcf13afa4e;427.4;0.01;UNKNOWN
2016-04-13T00:29:01.000000;2016-04-13T00:29:01.000000;f5b65965-cf52-4bcd-ae87-2be8e8115fe6;427.56;0.02015262;UNKNOWN
2016-04-13T00:29:01.000000;2016-04-13T00:29:01.000000;8e9a12b4-a11e-4999-8091-540548d2ea99;427.54;0.01005979;UNKNOWN
2016-04-13T00:29:01.000000;2016-04-13T00:29:01.000000;89649db1-4ce3-46e9-b461-aa997698d100;427.55;0.01871;UNKNOWN
2016-04-13T00:29:01.000000;2016-04-13T00:29:01.000000;4fa29f42-5d32-46ec-b3c5-12dc71a15002;427.49;0.114;UNKNOWN
2016-04-13T00:29:01.000000;2016-04-13T00:29:01.000000;a9ae48ef-0844-4d87-996a-8080657f9294;427.53;0.01005271;UNKNOWN
2016-04-13T00:29:01.000000;2016-04-13T00:29:01.000000;9b142f61-8ccb-41c3-a68b-cb2bb762ccd2;427.52;0.01;UNKNOWN
2016-04-13T00:29:01.000000;2016-04-13T00:29:01.000000;39861e52-3d09-4845-b4d7-d957b8ca46b5;427.51;0.01002808;UNKNOWN
2016-04-13T00:29:01.000000;2016-04-13T00:29:01.000000;7d20f660-531f-4d28-8dc6-2be1c2828611;427.5;0.02016208;UNKNOWN
2016-04-13T00:29:01.000000;2016-04-13T00:29:01.000000;ac2631b5-2d3c-4ae6-a5a7-30eaa671bd6f;427.51;0.01;UNKNOWN
2016-04-13T00:29:01.000000;2016-04-13T00:29:01.000000;e9b91ee6-921e-41f3-86c0-c284afdd5155;427.51;0.01;UNKNOWN
2016-04-13T00:29:01.000000;2016-04-13T00:29:01.000000;59edc259-60a1-4419-a2eb-3102074d6793;427.52;0.0100234;UNKNOWN
2016-04-13T00:29:01.000000;2016-04-13T00:29:01.000000;3edc6d53-9d6f-4fec-a5fc-5713757a328c;427.52;0.01;UNKNOWN
2016-04-13T00:29:01.000000;2016-04-13T00:29:01.000000;b999ef56-43cd-421f-ac3b-a3a894ac79a0;427.57;0.01005979;UNKNOWN
2016-04-13T00:29:01.000000;2016-04-13T00:29:01.000000;56b5c613-f2f3-4d78-80ab-76b1bf3c2dfa;427.56;0.03;UNKNOWN
2016-04-13T00:29:01.000000;2016-04-13T00:29:01.000000;474a7e9f-6b34-4647-8d41-2631e32d8203;427.55;0.03;UNKNOWN
2016-04-13T00:29:01.000000;2016-04-13T00:29:01.000000;599bd74a-3776-4472-b46d-f071a55b66cb;427.55;0.01005979;UNKNOWN
2016-04-13T00:29:01.000000;2016-04-13T00:29:01.000000;3704d273-2766-4dd4-9ea2-92bbd7b0d707;427.49;0.02015972;UNKNOWN
2016-04-13T00:29:01.000000;2016-04-13T00:29:01.000000;96b56afc-4627-461d-8bec-23b7992251cb;427.56;0.3201;UNKNOWN
2016-04-13T00:29:01.000000;2016-04-13T00:29:01.000000;9dc8d7f6-dae4-4e42-a367-ce73405e0a45;427.56;0.03;UNKNOWN
2016-04-13T00:29:01.000000;2016-04-13T00:29:01.000000;14ccb80f-92c4-4f46-a0d8-406ebb5df4ea;427.56;0.19;UNKNOWN
2016-04-13T00:29:01.000000;2016-04-13T00:29:01.000000;c7571bcf-760d-4df7-a936-119461c023bd;427.57;0.03;UNKNOWN
2016-04-13T00:29:01.000000;2016-04-13T00:29:01.000000;b494ce65-6cf2-4508-bb02-47b2d167248d;427.48;0.01003276;UNKNOWN
2016-04-13T00:29:01.000000;2016-04-13T00:29:01.000000;34dd12f5-9765-4969-8d2c-0217fd6ca865;427.39;0.01;UNKNOWN
2016-04-13T00:29:01.000000;2016-04-13T00:29:01.000000;5998c827-6879-449e-b464-498fb03cb8ff;427.48;0.03;UNKNOWN
2016-04-13T00:29:01.000000;2016-04-13T00:29:01.000000;f085cb21-4ad6-4264-99e3-2f086d685548;427.57;0.088;UNKNOWN
2016-04-13T00:29:01.000000;2016-04-13T00:29:01.000000;d7f3b164-2b8e-41f5-af85-7f2778275827;427.47;0.03;UNKNOWN
2016-04-13T00:29:01.000000;2016-04-13T00:29:01.000000;b43fd5b4-d9be-486d-962f-d0f635223c85;427.57;0.03;UNKNOWN
2016-04-13T00:29:01.000000;2016-04-13T00:29:01.000000;9ce64a98-3f9e-4926-9fcc-b8b8c6b22aa0;427.47;0.01003744;UNKNOWN
2016-04-13T00:29:01.000000;2016-04-13T00:29:01.000000;1a116271-13a3-4bba-8206-9b7e4a245469;427.57;0.03;UNKNOWN
2016-04-13T00:29:01.000000;2016-04-13T00:29:01.000000;340b530c-750b-4eeb-aeea-89a432d11a63;427.4;0.1;UNKNOWN
2016-04-13T00:29:01.000000;2016-04-13T00:29:01.000000;b43045ee-b324-4f40-8719-a011e72acbdf;427.57;0.05875081;UNKNOWN
2016-04-13T00:29:01.000000;2016-04-13T00:29:01.000000;f917ffb0-89b3-415b-ba99-de50239b9698;427.4;0.01005392;UNKNOWN
2016-04-13T00:29:01.000000;2016-04-13T00:29:01.000000;0b69861d-5286-4313-90aa-ae16a1e74bef;427.4;0.1;UNKNOWN
2016-04-13T00:29:03.000000;2016-04-13T00:29:03.000000;19f00d80-1c2e-456a-93ee-bdacb8e0654e;427.44;0.01;UNKNOWN
2016-04-13T00:30:31.000000;2016-04-13T00:30:31.000000;513a9ea5-8ac2-4875-8f67-06211f62ac9b;427.49;5.76;UNKNOWN
2016-04-13T00:30:31.000000;2016-04-13T00:30:31.000000;6b76baed-08b7-4117-922d-028e40485e75;427.5;1.6;UNKNOWN
2016-04-13T00:30:31.000000;2016-04-13T00:30:31.000000;553f19b5-7d94-4fc6-8f99-b0d820f20752;427.49;0.3;UNKNOWN
2016-04-13T00:30:31.000000;2016-04-13T00:30:31.000000;a38abf97-3952-4b99-b5b3-d1e940dd951b;427.51;0.74128;UNKNOWN
2016-04-13T00:31:01.000000;2016-04-13T00:31:01.000000;9d60367a-68ad-47e5-bc52-6b434cb36181;427.51;1.21418;UNKNOWN
2016-04-13T00:31:32.000000;2016-04-13T00:31:32.000000;0a710c80-17f5-428e-8ff1-c391e9b7e7c9;427.5;0.02;UNKNOWN
2016-04-13T00:31:32.000000;2016-04-13T00:31:32.000000;c7811165-4666-4020-b20d-900af9778b50;427.49;0.01277;UNKNOWN
2016-04-13T00:32:03.000000;2016-04-13T00:32:03.000000;f7ea39a3-1db0-4758-8c01-7b4daeb9418b;427.51;0.08889;UNKNOWN
2016-04-13T00:32:30.000000;2016-04-13T00:32:30.000000;665b050e-08be-419d-8cdc-2edb4dd1871a;427.45;0.01;UNKNOWN
2016-04-13T00:32:30.000000;2016-04-13T00:32:30.000000;10ffb503-c078-40fe-b77f-11957556f3df;427.42;0.012;UNKNOWN
2016-04-13T00:32:30.000000;2016-04-13T00:32:30.000000;7e8c5e45-38ea-43bc-8bee-ee00745c48df;427.45;0.075;UNKNOWN
2016-04-13T00:32:30.000000;2016-04-13T00:32:30.000000;2211084d-c171-4d74-8a62-8ed5db8f6401;427.47;0.012;UNKNOWN
2016-04-13T00:32:30.000000;2016-04-13T00:32:30.000000;1de6b805-bf6c-43bc-8c2f-8b26b51cec03;427.45;0.14;UNKNOWN
2016-04-13T00:32:30.000000;2016-04-13T00:32:30.000000;628172fb-74a3-4260-b75b-9d1ef70a5631;427.46;0.012;UNKNOWN
2016-04-13T00:32:30.000000;2016-04-13T00:32:30.000000;b9e34f19-5d2b-48db-903a-78bc255d7a72;427.48;0.02;UNKNOWN
2016-04-13T00:32:30.000000;2016-04-13T00:32:30.000000;6c0c90b6-6377-4a46-b633-d48249279ecb;427.43;0.01005389;UNKNOWN
2016-04-13T00:32:30.000000;2016-04-13T00:32:30.000000;46bea59c-de79-4be8-84a2-a5bcb272bab8;427.43;0.012;UNKNOWN
2016-04-13T00:32:30.000000;2016-04-13T00:32:30.000000;3ffee5b6-37b1-4229-914b-66f59e7eaea0;427.49;0.00723;UNKNOWN
2016-04-13T00:32:30.000000;2016-04-13T00:32:30.000000;7b12b22d-9d28-4fb5-ba24-95d0d0dbb159;427.44;0.012;UNKNOWN
2016-04-13T00:32:30.000000;2016-04-13T00:32:30.000000;667fe9c9-feeb-4abc-ae7f-b09d1497bbda;427.5;0.02;UNKNOWN
2016-04-13T00:32:30.000000;2016-04-13T00:32:30.000000;f94f4454-883e-4ecc-b031-5aa43a647152;427.29;0.010061;UNKNOWN
2016-04-13T00:32:30.000000;2016-04-13T00:32:30.000000;1b968678-8dbb-49df-99a5-ddf234d2861e;427.42;0.01002457;UNKNOWN
2016-04-13T00:32:30.000000;2016-04-13T00:32:30.000000;aae7b0fc-598e-4dc5-be4a-1a8d098c502a;427.41;0.01002925;UNKNOWN
2016-04-13T00:32:30.000000;2016-04-13T00:32:30.000000;2a9d595a-dc9d-4ede-968c-94f9e379c50d;427.4;0.02016444;UNKNOWN
2016-04-13T00:32:30.000000;2016-04-13T00:32:30.000000;a3bb82f6-2089-46b0-b3e4-ba059482661c;427.3;0.0100551;UNKNOWN
2016-04-13T00:32:30.000000;2016-04-13T00:32:30.000000;fdcfe429-8492-4116-a3c1-bb2c698ac9b2;427.37;0.125;UNKNOWN
2016-04-13T00:32:30.000000;2016-04-13T00:32:30.000000;df9953b6-0f20-4d15-b3e1-13b5a964c7a4;427.4;0.3;UNKNOWN
2016-04-13T00:32:30.000000;2016-04-13T00:32:30.000000;83f4cb92-af15-4f0e-8618-84d1deb5352a;427.4;0.0125;UNKNOWN
2016-04-13T00:32:30.000000;2016-04-13T00:32:30.000000;a3ed3248-5b27-4363-bc7e-302c7be4c036;427.37;0.01003861;UNKNOWN
2016-04-13T00:32:30.000000;2016-04-13T00:32:30.000000;3989245f-65ab-4828-b275-14a92069ab75;427.39;0.02016208;UNKNOWN
2016-04-13T00:32:30.000000;2016-04-13T00:32:30.000000;d9c2d6cb-755f-4119-8911-60ea4322ac0d;427.38;0.01003393;UNKNOWN
2016-04-13T00:32:30.000000;2016-04-13T00:32:30.000000;077fb1e2-d3b9-4b15-ac2a-b9dfa13665f8;427.31;0.02012908;UNKNOWN
2016-04-13T00:32:30.000000;2016-04-13T00:32:30.000000;5953ae2e-8ee3-4125-9b04-2584f05c02e7;427.35;0.01004801;UNKNOWN
2016-04-13T00:32:30.000000;2016-04-13T00:32:30.000000;d4797190-11cb-41ba-863a-9532a0f1e5d5;427.36;0.01;UNKNOWN
2016-04-13T00:32:30.000000;2016-04-13T00:32:30.000000;a563ab8a-bdc4-4dfa-abb4-113e96f5ebe9;427.36;0.01003393;UNKNOWN
2016-04-13T00:32:30.000000;2016-04-13T00:32:30.000000;c8397a98-82e6-4f00-b5a5-fe06af24b0bc;427.32;0.01003627;UNKNOWN
2016-04-13T00:32:30.000000;2016-04-13T00:32:30.000000;a7106185-0daf-4090-ab4d-202b0062c1f3;427.34;0.01005155;UNKNOWN
2016-04-13T00:32:30.000000;2016-04-13T00:32:30.000000;e171f5b8-e22a-45e1-81d9-185b66c7aa42;427.33;0.01005627;UNKNOWN
2016-04-13T00:32:30.000000;2016-04-13T00:32:30.000000;50377812-c816-485d-8a99-5187c1030093;427.27;0.01005629;UNKNOWN
2016-04-13T00:32:30.000000;2016-04-13T00:32:30.000000;8f6c636d-46cd-4015-83bf-2cc40970bea0;427.28;0.02;UNKNOWN
2016-04-13T00:32:30.000000;2016-04-13T00:32:30.000000;8792c914-ce03-454e-8f11-64d670b70ff3;427.29;0.109;UNKNOWN
2016-04-13T00:32:30.000000;2016-04-13T00:32:30.000000;36cb6d19-7c95-4cc4-b9c5-fd8e1be8e516;427.28;0.01006336;UNKNOWN
2016-04-13T00:32:30.000000;2016-04-13T00:32:30.000000;04a35b57-d740-47b2-a1e8-94dd9d716687;427.26;0.02048237;UNKNOWN
2016-04-13T00:33:02.000000;2016-04-13T00:33:02.000000;660c8ef0-7599-41d9-b47e-db9219a84dc9;427.42;0.01003627;UNKNOWN
2016-04-13T00:33:02.000000;2016-04-13T00:33:02.000000;04006540-31d0-4f18-9637-7da5f70ffb03;427.41;0.02012908;UNKNOWN
2016-04-13T00:33:02.000000;2016-04-13T00:33:02.000000;5a539dc3-96fb-4d32-a641-43b8a0a35830;427.41;0.18;UNKNOWN
2016-04-13T00:33:02.000000;2016-04-13T00:33:02.000000;1eb82187-3454-4ba9-b482-a825d35591b0;427.4;0.0100551;UNKNOWN
2016-04-13T00:33:02.000000;2016-04-13T00:33:02.000000;aa3a40f8-8817-4fb9-8b90-228bb657fdbd;427.38;0.01006336;UNKNOWN
2016-04-13T00:33:02.000000;2016-04-13T00:33:02.000000;ee2789ea-aa7c-4d3f-908f-f7c1befae607;427.31;0.01005512;UNKNOWN
2016-04-13T00:33:02.000000;2016-04-13T00:33:02.000000;66b5148d-d7e6-4340-8689-805119bef56d;427.32;0.01005276;UNKNOWN
2016-04-13T00:33:02.000000;2016-04-13T00:33:02.000000;aefcbecc-1341-45ec-ab73-29fb4b92a69b;427.37;0.01005629;UNKNOWN
2016-04-13T00:33:02.000000;2016-04-13T00:33:02.000000;6ee36f09-47fb-464c-a16a-a25dae5396f5;427.42;0.34565102;UNKNOWN
2016-04-13T00:33:02.000000;2016-04-13T00:33:02.000000;5f6f48ae-af2f-48d4-b4ae-de05dfdc5f78;427.39;0.3;UNKNOWN
2016-04-13T00:33:02.000000;2016-04-13T00:33:02.000000;a530f94a-940e-4bb7-8fc9-f05649aadb3a;427.39;0.010061;UNKNOWN
2016-04-13T00:33:30.000000;2016-04-13T00:33:30.000000;9ce4dbbb-898e-4de6-af51-ee1004c56447;427.42;0.0194;UNKNOWN
2016-04-13T00:33:30.000000;2016-04-13T00:33:30.000000;c73f66f1-00bb-4f94-857d-866c820dab11;427.41;0.017;UNKNOWN
2016-04-13T00:33:30.000000;2016-04-13T00:33:30.000000;0a9cc016-41e6-47c2-979f-bcebf2c86239;427.42;0.0168;UNKNOWN
2016-04-13T00:33:30.000000;2016-04-13T00:33:30.000000;2d15f9ab-09f8-427b-a781-91ee0723c9ab;427.42;0.018;UNKNOWN
2016-04-13T00:33:30.000000;2016-04-13T00:33:30.000000;74771e9f-5561-4f32-a52b-6d67626950be;427.41;4.65348;UNKNOWN
2016-04-13T00:33:50.000000;2016-04-13T00:33:50.000000;f7689291-cfd4-4b7b-86c5-73b93a616622;427.4;0.017;UNKNOWN
2016-04-13T00:33:50.000000;2016-04-13T00:33:50.000000;01042b2e-1cea-491f-b991-0f8c3487e150;427.4;1.11;UNKNOWN
2016-04-13T00:33:50.000000;2016-04-13T00:33:50.000000;ee58eced-90cf-45c3-a28d-9399fc2b75d6;427.38;0.017;UNKNOWN
2016-04-13T00:33:50.000000;2016-04-13T00:33:50.000000;7f334a34-71c0-46db-af35-57e032de1eba;427.39;0.017;UNKNOWN
2016-04-13T00:33:50.000000;2016-04-13T00:33:50.000000;d135f0f8-d376-4c1f-b3d8-fac887afa405;427.31;0.01;UNKNOWN
2016-04-13T00:33:50.000000;2016-04-13T00:33:50.000000;339dd494-3c31-49c8-9802-33431f281d42;427.26;1.02823198;UNKNOWN
2016-04-13T00:33:50.000000;2016-04-13T00:33:50.000000;06692d7a-17b7-4b32-89a6-fb99c23cb764;427.35;0.01;UNKNOWN
2016-04-13T00:33:50.000000;2016-04-13T00:33:50.000000;e979c96a-e0f5-4fde-a027-b200ad317b88;427.26;0.01005039;UNKNOWN
2016-04-13T00:33:50.000000;2016-04-13T00:33:50.000000;adff0649-fbd3-429a-9de4-9dd1ebd1af55;427.3;0.018;UNKNOWN
2016-04-13T00:33:50.000000;2016-04-13T00:33:50.000000;dd206787-d93f-4aed-9e47-a21451014f43;427.31;0.01;UNKNOWN
2016-04-13T00:33:50.000000;2016-04-13T00:33:50.000000;689c080d-80ea-4e9a-9b88-26a04086bd66;427.26;0.29971763;UNKNOWN
2016-04-13T00:33:50.000000;2016-04-13T00:33:50.000000;04c19c40-30e1-4f5e-b604-2fc79e451ec0;427.29;0.018;UNKNOWN
2016-04-13T00:33:53.000000;2016-04-13T00:33:53.000000;658c4e61-945b-4ba1-ac85-68539804fca3;427.44;0.01;UNKNOWN
2016-04-13T00:33:53.000000;2016-04-13T00:33:53.000000;92db24e5-bc3d-4a50-af63-f9b132b4a808;427.44;0.01005155;UNKNOWN
2016-04-13T00:33:53.000000;2016-04-13T00:33:53.000000;5bca3dae-8067-4923-9040-9c7b069e92ef;427.45;0.01004801;UNKNOWN
2016-04-13T00:33:53.000000;2016-04-13T00:33:53.000000;7fd5e966-87e2-4a54-8c67-e99011e6ccf1;427.43;0.01005627;UNKNOWN
2016-04-13T00:33:53.000000;2016-04-13T00:33:53.000000;af464161-c035-4133-a4a2-f4e17c265867;427.42;0.03;UNKNOWN
2016-04-13T00:33:53.000000;2016-04-13T00:33:53.000000;ef1eba82-013f-4b8c-aa4c-91ce335a7230;427.41;0.03;UNKNOWN
2016-04-13T00:33:53.000000;2016-04-13T00:33:53.000000;39505291-e165-452a-ac14-daa58fce0d8e;427.46;0.01003393;UNKNOWN
2016-04-13T00:33:53.000000;2016-04-13T00:33:53.000000;c6b3c821-87a9-4c41-aac1-23c831dcedb8;427.4;0.027;UNKNOWN
2016-04-13T00:33:53.000000;2016-04-13T00:33:53.000000;3dd047d0-1af8-4bb1-93c4-a7cc493c3817;427.47;0.85769898;UNKNOWN
2016-04-13T00:33:53.000000;2016-04-13T00:33:53.000000;a02c9a61-ef84-4ac0-b973-769660fd656d;427.47;0.112;UNKNOWN
2016-04-13T00:33:53.000000;2016-04-13T00:33:53.000000;7ae43336-10f8-48a8-8523-501b756a1a1e;427.47;0.01003861;UNKNOWN
2016-04-13T00:33:54.000000;2016-04-13T00:33:54.000000;7f9ddba9-58f8-4e60-8f55-dde80956a9a0;427.47;0.97973759;UNKNOWN
2016-04-13T00:33:55.000000;2016-04-13T00:33:55.000000;45cd1f61-66b6-4afe-a539-5fe87276b2e2;427.48;0.94970366;UNKNOWN
2016-04-13T00:33:55.000000;2016-04-13T00:33:55.000000;6c745020-5acb-4550-a16d-876487c5d567;427.48;0.01003393;UNKNOWN
2016-04-13T00:33:55.000000;2016-04-13T00:33:55.000000;4cad380c-c40e-4b2f-998d-80739192f6a8;427.48;0.02;UNKNOWN
2016-04-13T00:33:56.000000;2016-04-13T00:33:56.000000;b6493bb0-4e78-4fb1-aa90-53b60611b40b;427.49;0.02016208;UNKNOWN
2016-04-13T00:33:56.000000;2016-04-13T00:33:56.000000;cace7e62-c199-4009-87e7-2917a84c223e;427.51;0.085;UNKNOWN
2016-04-13T00:33:56.000000;2016-04-13T00:33:56.000000;677d3499-b3a2-4ee4-a754-2f288cfa500a;427.51;0.01002925;UNKNOWN
2016-04-13T00:33:56.000000;2016-04-13T00:33:56.000000;ec8985f2-4d94-49af-bef3-f16a1daa9e67;427.5;0.02016444;UNKNOWN
2016-04-13T00:33:56.000000;2016-04-13T00:33:56.000000;dacef2be-75c8-4ade-b345-dad692d8a45c;427.49;0.01;UNKNOWN
2016-04-13T00:33:56.000000;2016-04-13T00:33:56.000000;cdb5192a-4764-4a3f-8f29-fc073c63406c;427.65;0.01;UNKNOWN
2016-04-13T00:33:56.000000;2016-04-13T00:33:56.000000;7b38ab71-6f7b-4b89-b611-5dc624ac4d55;427.57;0.01006097;UNKNOWN
2016-04-13T00:33:56.000000;2016-04-13T00:33:56.000000;a1560c95-678b-4286-8568-88489882cb0e;427.56;0.02015498;UNKNOWN
2016-04-13T00:33:56.000000;2016-04-13T00:33:56.000000;30d575d4-b043-4f14-8ea2-96a3a677c8e2;427.65;0.01003978;UNKNOWN
2016-04-13T00:33:56.000000;2016-04-13T00:33:56.000000;64f3254b-c802-4740-bf04-a2b331e20353;427.54;0.01006097;UNKNOWN
2016-04-13T00:33:56.000000;2016-04-13T00:33:56.000000;1a07c911-96e6-43bf-b03d-d818a47773f1;427.52;0.01002457;UNKNOWN
2016-04-13T00:33:56.000000;2016-04-13T00:33:56.000000;798d9ac1-7b39-4117-8b3a-4e16c5ae2b7c;427.55;0.01006097;UNKNOWN
2016-04-13T00:33:56.000000;2016-04-13T00:33:56.000000;a736ef59-69d7-412b-9ede-e2b6e68bc3a7;427.53;0.01005389;UNKNOWN
2016-04-13T00:33:56.000000;2016-04-13T00:33:56.000000;d7b49534-4b83-4dc2-8cf6-697835b52f2d;427.64;0.01005387;UNKNOWN
2016-04-13T00:33:56.000000;2016-04-13T00:33:56.000000;f8e1dfb7-cab2-4975-8fca-abe04f050d93;427.65;0.083;UNKNOWN
2016-04-13T00:33:56.000000;2016-04-13T00:33:56.000000;da0439d6-d037-4f9c-9312-56e0b27d0435;427.66;0.31340026;UNKNOWN
2016-04-13T00:33:56.000000;2016-04-13T00:33:56.000000;7a699ca5-3f1b-431d-ac98-85241e4ea121;427.64;0.017;UNKNOWN
2016-04-13T00:33:56.000000;2016-04-13T00:33:56.000000;0ecfe3a0-f4dd-4e38-994f-cab2aff31409;427.62;0.01005978;UNKNOWN
2016-04-13T00:33:56.000000;2016-04-13T00:33:56.000000;2101337e-2182-46aa-93e2-c2531e6b2f3b;427.66;0.01;UNKNOWN
2016-04-13T00:33:56.000000;2016-04-13T00:33:56.000000;9259daf4-882e-493d-b494-4b344a40ee2d;427.58;0.02017149;UNKNOWN
2016-04-13T00:33:56.000000;2016-04-13T00:33:56.000000;204ed6d0-700e-4a4a-a01b-602d75a79444;427.58;0.03;UNKNOWN
2016-04-13T00:33:56.000000;2016-04-13T00:33:56.000000;f2198dfe-0b01-4cef-8876-df84a94d487b;427.58;0.01;UNKNOWN
2016-04-13T00:33:56.000000;2016-04-13T00:33:56.000000;d8354c25-d427-4552-95c4-ecee5dbdd5b5;427.62;0.03;UNKNOWN
2016-04-13T00:33:56.000000;2016-04-13T00:33:56.000000;6e825140-c30e-41f9-815a-dd302139db13;427.61;0.01;UNKNOWN
2016-04-13T00:33:56.000000;2016-04-13T00:33:56.000000;e88de97b-583d-49bb-b7d6-f99be87dda48;427.59;0.01005978;UNKNOWN
2016-04-13T00:33:56.000000;2016-04-13T00:33:56.000000;720830cc-d46d-4d3c-a4f9-1b1e14f9d2b1;427.58;0.01;UNKNOWN
2016-04-13T00:33:56.000000;2016-04-13T00:33:56.000000;f906da53-15d6-41ae-85a6-0c27be086b08;427.63;0.01005977;UNKNOWN
2016-04-13T00:33:56.000000;2016-04-13T00:33:56.000000;e7bb5f83-2948-4bd3-b1af-24d5af5deab3;427.61;0.01006096;UNKNOWN
2016-04-13T00:33:56.000000;2016-04-13T00:33:56.000000;4a22ccb0-6226-4299-9c7b-8531d6a63c99;427.59;0.01;UNKNOWN
2016-04-13T00:33:56.000000;2016-04-13T00:33:56.000000;691491b9-faf8-4bcf-9c50-ea58fdc58fd4;427.59;0.01;UNKNOWN
2016-04-13T00:33:56.000000;2016-04-13T00:33:56.000000;0c92d6ca-4ddf-4d4a-8fb2-3a2bbb30a60f;427.6;0.03;UNKNOWN
2016-04-13T00:33:56.000000;2016-04-13T00:33:56.000000;c24a588c-a080-4228-a9a2-c542f971a83a;427.6;0.01005978;UNKNOWN
2016-04-13T00:33:56.000000;2016-04-13T00:33:56.000000;58de3822-0978-4fa5-9526-0141382dbc5b;427.6;0.1;UNKNOWN
2016-04-13T00:34:22.000000;2016-04-13T00:34:22.000000;95734711-b5a5-425f-a6d8-9eb619cf8e52;427.64;0.07;UNKNOWN
2016-04-13T00:34:30.000000;2016-04-13T00:34:30.000000;4eb5f482-0f73-4a3d-bd82-8b659322f556;427.72;0.03;UNKNOWN
2016-04-13T00:34:30.000000;2016-04-13T00:34:30.000000;272800ff-3726-47bc-a0fd-2e3ce30e002c;427.76;0.03;UNKNOWN
2016-04-13T00:34:30.000000;2016-04-13T00:34:30.000000;48b51498-9373-4fd0-87a4-b69cc060744b;427.72;0.03;UNKNOWN
2016-04-13T00:34:30.000000;2016-04-13T00:34:30.000000;027cf801-aaf6-402b-8a95-01dbc54a4f37;427.75;0.18;UNKNOWN
2016-04-13T00:34:30.000000;2016-04-13T00:34:30.000000;82d42007-6c82-494b-b2f2-1583a589f4b0;427.77;0.03;UNKNOWN
2016-04-13T00:34:30.000000;2016-04-13T00:34:30.000000;03369802-deb5-4e47-957e-15e3a36a39c4;427.72;0.36;UNKNOWN
2016-04-13T00:34:30.000000;2016-04-13T00:34:30.000000;34debc87-52a8-4455-bd20-2726ddaf3c9b;427.73;0.01005621;UNKNOWN
2016-04-13T00:34:30.000000;2016-04-13T00:34:30.000000;0ec36418-9b3a-4b24-83cf-90fdb996bfcf;427.76;0.54;UNKNOWN
2016-04-13T00:34:30.000000;2016-04-13T00:34:30.000000;7673b0d7-2072-42fc-9314-d4ed9b08582f;427.77;0.54;UNKNOWN
2016-04-13T00:34:30.000000;2016-04-13T00:34:30.000000;256fa673-ca68-414d-a5ea-355b89749922;427.77;0.03;UNKNOWN
2016-04-13T00:34:30.000000;2016-04-13T00:34:30.000000;1d451407-d4c1-4dc3-ba30-3bdb793c7eb4;427.71;0.36;UNKNOWN
2016-04-13T00:34:30.000000;2016-04-13T00:34:30.000000;ffd69045-8545-4de3-8cea-36c477f7989a;427.82;0.22396286;UNKNOWN
2016-04-13T00:34:30.000000;2016-04-13T00:34:30.000000;e2bbceca-e818-43bc-b4f9-3835a0b61306;427.82;0.01001404;UNKNOWN
2016-04-13T00:34:30.000000;2016-04-13T00:34:30.000000;2edbd0f7-1bef-49f4-98c3-8d8af04d11ee;427.67;0.01004329;UNKNOWN
2016-04-13T00:34:30.000000;2016-04-13T00:34:30.000000;009c57ba-1bf2-4ad7-b8f0-891338cffdf3;427.73;0.03;UNKNOWN
2016-04-13T00:34:30.000000;2016-04-13T00:34:30.000000;4ddc3685-ed91-4200-8d91-6e3cc7b0e323;427.68;0.01004446;UNKNOWN
2016-04-13T00:34:30.000000;2016-04-13T00:34:30.000000;1f43ea93-6d09-426a-888d-848352446e35;427.8;0.1;UNKNOWN
2016-04-13T00:34:30.000000;2016-04-13T00:34:30.000000;29b29bef-cb96-4dae-8b2e-47a5a86140db;427.81;0.1;UNKNOWN
2016-04-13T00:34:30.000000;2016-04-13T00:34:30.000000;3c804655-4d07-4cdb-8ba2-6af1928c6131;427.74;0.01004329;UNKNOWN
2016-04-13T00:34:30.000000;2016-04-13T00:34:30.000000;03d0d987-5a92-4a44-b765-a4722a868d1f;427.73;0.54;UNKNOWN
2016-04-13T00:34:30.000000;2016-04-13T00:34:30.000000;6db05742-6196-41dc-9874-6ac7751e6041;427.79;0.03;UNKNOWN
2016-04-13T00:34:30.000000;2016-04-13T00:34:30.000000;b1ddc8be-72fe-4442-bfc6-5d62f2090a89;427.79;0.01002106;UNKNOWN
2016-04-13T00:34:30.000000;2016-04-13T00:34:30.000000;a0ef606f-4610-4869-b6ce-dde8f431cc7b;427.8;0.18;UNKNOWN
2016-04-13T00:34:30.000000;2016-04-13T00:34:30.000000;9a58af7d-fb72-4c4f-9e82-acc7f8f9ed2c;427.8;0.01001989;UNKNOWN
2016-04-13T00:34:30.000000;2016-04-13T00:34:30.000000;4d9cee10-943f-4362-b5f2-88b0e5ead545;427.75;0.01922258;UNKNOWN
2016-04-13T00:34:30.000000;2016-04-13T00:34:30.000000;43551d82-0b6c-43b7-ad2c-1d267f525eb5;427.75;0.01004446;UNKNOWN
2016-04-13T00:34:30.000000;2016-04-13T00:34:30.000000;b16f37a4-06d7-4aa5-b21c-17ef46328201;427.78;0.02005265;UNKNOWN
2016-04-13T00:34:30.000000;2016-04-13T00:34:30.000000;c7c818cd-47cd-4934-a65e-a37148d93aee;427.78;0.3;UNKNOWN
2016-04-13T00:34:30.000000;2016-04-13T00:34:30.000000;501039a2-75ca-4374-8654-9448ddf09b18;427.78;0.18;UNKNOWN
2016-04-13T00:34:30.000000;2016-04-13T00:34:30.000000;5b8dc624-a836-435c-ae0f-23c0956d7120;427.78;0.01;UNKNOWN
2016-04-13T00:34:30.000000;2016-04-13T00:34:30.000000;e94d1084-25e8-472b-9fc3-86e281ccb235;427.74;0.54;UNKNOWN
2016-04-13T00:34:30.000000;2016-04-13T00:34:30.000000;32097f3a-cb56-4bbe-8f58-c50f12d84d01;427.78;0.02;UNKNOWN
2016-04-13T00:34:30.000000;2016-04-13T00:34:30.000000;f2244b64-91f3-430a-842d-d8fd087a633b;427.81;0.18;UNKNOWN
2016-04-13T00:34:30.000000;2016-04-13T00:34:30.000000;eb9493c2-b1d2-4f30-acb4-8787e66ed7b6;427.79;0.02;UNKNOWN
2016-04-13T00:34:30.000000;2016-04-13T00:34:30.000000;6baf99be-ab20-441a-8b34-1d33be0440cc;427.81;0.01001521;UNKNOWN
2016-04-13T00:34:30.000000;2016-04-13T00:34:30.000000;7decc0f3-b595-4974-9f84-1bc602bf0819;427.81;0.09;UNKNOWN
2016-04-13T00:35:01.000000;2016-04-13T00:35:01.000000;a2c70241-23ee-4dd5-9a7c-8b12bf961dad;427.84;0.31192426;UNKNOWN
2016-04-13T00:35:01.000000;2016-04-13T00:35:01.000000;ad364702-51ba-4eef-8edd-91adcfaebd9e;427.83;0.0100117;UNKNOWN
2016-04-13T00:35:01.000000;2016-04-13T00:35:01.000000;2962cbc1-3ad9-4298-acdf-997005834364;427.83;0.01;UNKNOWN
2016-04-13T00:35:01.000000;2016-04-13T00:35:01.000000;ad83c72f-d1d0-4b63-9d33-4126574cca79;427.83;0.664;UNKNOWN
2016-04-13T00:35:01.000000;2016-04-13T00:35:01.000000;32acb812-0c5d-4581-aa2f-254e0a963f08;427.84;0.019;UNKNOWN
2016-04-13T00:35:01.000000;2016-04-13T00:35:01.000000;37200e93-2139-4814-8627-86765a496e42;427.84;0.01001404;UNKNOWN
2016-04-13T00:35:01.000000;2016-04-13T00:35:01.000000;d860d11c-6331-4fb1-8725-b4fe8b6c98a2;427.83;0.5956;UNKNOWN
2016-04-13T00:35:30.000000;2016-04-13T00:35:30.000000;8e812781-db9d-4cf1-b602-79a66029e3b5;427.84;2.64296;UNKNOWN
2016-04-13T00:35:30.000000;2016-04-13T00:35:30.000000;1e33dc97-488d-47cd-87e3-e9be856f9cd0;427.83;2.98;UNKNOWN
2016-04-13T00:35:30.000000;2016-04-13T00:35:30.000000;91dfcf19-da3e-4866-bbb8-5fec3be1a938;427.82;0.599;UNKNOWN
2016-04-13T00:36:00.000000;2016-04-13T00:36:00.000000;023c9f1c-b85d-4a74-bb24-2ddc4cc8885b;428.08;0.01002574;UNKNOWN
2016-04-13T00:36:00.000000;2016-04-13T00:36:00.000000;80d5029e-d9ac-4f25-8dfd-f29402b91ea1;428.11;0.03;UNKNOWN
2016-04-13T00:36:00.000000;2016-04-13T00:36:00.000000;33c8e7de-cc55-4bd0-a76e-d33b8ce1a259;428.08;0.03;UNKNOWN
2016-04-13T00:36:00.000000;2016-04-13T00:36:00.000000;4daa8c09-189a-4797-860d-f6ea83e735fe;428.07;0.03;UNKNOWN
2016-04-13T00:36:00.000000;2016-04-13T00:36:00.000000;d1045436-407c-4f23-8605-5791e555d285;428.08;0.03;UNKNOWN
2016-04-13T00:36:00.000000;2016-04-13T00:36:00.000000;10e3ff22-2649-4ca7-aa71-0b244bb5014c;428.11;0.00422524;UNKNOWN
2016-04-13T00:36:00.000000;2016-04-13T00:36:00.000000;d827dd05-b14b-4014-bec9-9dba645e3e88;428.08;0.03;UNKNOWN
2016-04-13T00:36:00.000000;2016-04-13T00:36:00.000000;c21a78bd-7fa6-4fff-b81d-8f0e572ce02f;428.07;0.03;UNKNOWN
2016-04-13T00:36:00.000000;2016-04-13T00:36:00.000000;8575a307-913b-4cde-9601-04ec1d1f6718;428.11;0.03;UNKNOWN
2016-04-13T00:36:00.000000;2016-04-13T00:36:00.000000;5cb97f83-bde6-4df7-985f-5a2aa2e9ff04;428.08;0.03;UNKNOWN
2016-04-13T00:36:00.000000;2016-04-13T00:36:00.000000;6e2e234b-4529-4a9a-ac38-55df43a4fb89;428.1;0.03;UNKNOWN
2016-04-13T00:36:00.000000;2016-04-13T00:36:00.000000;b645da67-d6a0-4166-9e6e-b5d553e29733;428.07;0.03;UNKNOWN
2016-04-13T00:36:00.000000;2016-04-13T00:36:00.000000;a3dc972d-0a84-4033-be6d-d0c93ce2b303;427.92;0.01001404;UNKNOWN
2016-04-13T00:36:00.000000;2016-04-13T00:36:00.000000;95787204-3125-4b61-ab84-8c19afab33a7;427.82;0.3;UNKNOWN
2016-04-13T00:36:00.000000;2016-04-13T00:36:00.000000;e089fa73-8289-46a3-962b-cac41b002248;428.08;0.03;UNKNOWN
2016-04-13T00:36:00.000000;2016-04-13T00:36:00.000000;5495de73-9e53-4dbc-9f63-ff171ed87937;428.11;0.01002808;UNKNOWN
2016-04-13T00:36:00.000000;2016-04-13T00:36:00.000000;944fb8c0-4cd3-4076-bd19-1ad1ac5ed855;427.9;0.1;UNKNOWN
2016-04-13T00:36:00.000000;2016-04-13T00:36:00.000000;9a4c1c5b-af76-468f-b221-f4b8f294339a;427.93;0.01001404;UNKNOWN
2016-04-13T00:36:00.000000;2016-04-13T00:36:00.000000;41e59e82-d392-4c90-9330-1e0c6e266286;427.9;0.608;UNKNOWN
2016-04-13T00:36:00.000000;2016-04-13T00:36:00.000000;14dbc704-a27e-4dd1-a3c6-ccfd526d4615;428.08;0.03;UNKNOWN
2016-04-13T00:36:00.000000;2016-04-13T00:36:00.000000;2905ce45-10a9-41ff-bce2-8e3bcc311724;428.07;0.03;UNKNOWN
2016-04-13T00:36:00.000000;2016-04-13T00:36:00.000000;594a631b-b6b7-47e0-bf97-c0e7dbfcda3c;428.04;0.03;UNKNOWN
2016-04-13T00:36:00.000000;2016-04-13T00:36:00.000000;d6d38466-1e9e-4315-ac45-3ee979818e31;428.08;0.01;UNKNOWN
2016-04-13T00:36:00.000000;2016-04-13T00:36:00.000000;c53d4e13-00c6-4ec0-bdef-67d44df04fda;428.02;0.02;UNKNOWN
2016-04-13T00:36:00.000000;2016-04-13T00:36:00.000000;038dcbdb-d32b-4569-8bcb-17acb9d44a2c;427.91;0.01002223;UNKNOWN
2016-04-13T00:36:00.000000;2016-04-13T00:36:00.000000;c03475bd-26aa-4c41-9ec3-9a9f4d8024f2;428.01;0.03;UNKNOWN
2016-04-13T00:36:00.000000;2016-04-13T00:36:00.000000;c7c1dfe9-4fb8-48a2-afd2-3bbb41ba5c22;427.93;0.01;UNKNOWN
2016-04-13T00:36:00.000000;2016-04-13T00:36:00.000000;5286e75a-593a-4cb8-83c9-39e97dce88f1;428.07;0.03;UNKNOWN
2016-04-13T00:36:00.000000;2016-04-13T00:36:00.000000;72681984-71e5-4b18-8545-8e34b95c6f06;427.94;0.01003276;UNKNOWN
2016-04-13T00:36:00.000000;2016-04-13T00:36:00.000000;65c1e81c-7367-418e-b7a8-3bd5e5929bc0;428.01;0.03;UNKNOWN
2016-04-13T00:36:00.000000;2016-04-13T00:36:00.000000;55fc8406-6525-407b-a300-a4de2bda9e0f;427.9;0.0100117;UNKNOWN
2016-04-13T00:36:00.000000;2016-04-13T00:36:00.000000;4616879d-22e5-4aa9-95dd-79a09d5bb1b7;427.82;0.3202;UNKNOWN
2016-04-13T00:36:00.000000;2016-04-13T00:36:00.000000;f5486fd8-bb8c-4f84-a44c-ae52c9b7fd99;428.1;0.03;UNKNOWN
2016-04-13T00:36:00.000000;2016-04-13T00:36:00.000000;d9e09325-08c5-4a3d-ae14-88471b15302e;428.01;0.03;UNKNOWN
2016-04-13T00:36:00.000000;2016-04-13T00:36:00.000000;d6628512-9575-4142-aea3-cd1d550cb106;428.1;0.03;UNKNOWN
2016-04-13T00:36:00.000000;2016-04-13T00:36:00.000000;d20b1b74-479d-4201-b453-b75b1331b35b;428.02;0.01;UNKNOWN
2016-04-13T00:36:00.000000;2016-04-13T00:36:00.000000;242fbb75-abf7-440a-b842-bdf84f70f42b;427.94;0.01;UNKNOWN
2016-04-13T00:36:00.000000;2016-04-13T00:36:00.000000;d697dfde-4e65-4131-9020-9341bb06b01e;427.95;0.01001989;UNKNOWN
2016-04-13T00:36:00.000000;2016-04-13T00:36:00.000000;75a3b7e0-529b-47e0-a394-4f9e9272e32b;427.9;0.03;UNKNOWN
2016-04-13T00:36:00.000000;2016-04-13T00:36:00.000000;c10c775a-00b9-4f8a-8bbc-11e9ba08b7ba;428.01;0.01002223;UNKNOWN
2016-04-13T00:36:00.000000;2016-04-13T00:36:00.000000;aa51181c-e972-4136-8d93-b822a1072d51;427.84;5.83704;UNKNOWN
2016-04-13T00:36:00.000000;2016-04-13T00:36:00.000000;470f4a7b-cf1e-4085-aaac-5703f1f9a51a;428.0;0.01922976;UNKNOWN
2016-04-13T00:36:00.000000;2016-04-13T00:36:00.000000;a06b3970-2721-49f4-b0a2-efad0efb66df;428.0;0.1;UNKNOWN
2016-04-13T00:36:00.000000;2016-04-13T00:36:00.000000;ab3f596d-2574-471b-9640-d1502f14bb53;427.96;0.01003393;UNKNOWN
2016-04-13T00:36:00.000000;2016-04-13T00:36:00.000000;0201ee64-0cea-46e5-8197-de429953fc8c;428.01;0.01;UNKNOWN
2016-04-13T00:36:00.000000;2016-04-13T00:36:00.000000;8ff59b71-e827-4a77-8c13-7e114cf911e1;427.89;0.01001053;UNKNOWN
2016-04-13T00:36:00.000000;2016-04-13T00:36:00.000000;66df2cb4-47eb-4cac-ba5b-7e6bc5db746e;427.82;0.575;UNKNOWN
2016-04-13T00:36:00.000000;2016-04-13T00:36:00.000000;6c2d0876-d6f4-4542-9c0d-52ccc7fcaab4;428.0;0.1;UNKNOWN
2016-04-13T00:36:00.000000;2016-04-13T00:36:00.000000;a827e6b0-c272-42c0-b4ee-0575daf4d407;428.0;0.01002223;UNKNOWN
2016-04-13T00:36:00.000000;2016-04-13T00:36:00.000000;97c8d178-7492-4545-b065-9b38648bec6f;427.87;0.01001404;UNKNOWN
2016-04-13T00:36:00.000000;2016-04-13T00:36:00.000000;9ab2416e-e0d3-4cd1-8000-074b13b996d6;427.89;0.03;UNKNOWN
2016-04-13T00:36:00.000000;2016-04-13T00:36:00.000000;2a71b3d3-5610-4482-9106-f2dcafac8c2c;428.0;0.01;UNKNOWN
2016-04-13T00:36:00.000000;2016-04-13T00:36:00.000000;28446173-843c-4959-b07d-cd1eb76800b8;427.86;0.1;UNKNOWN
2016-04-13T00:36:00.000000;2016-04-13T00:36:00.000000;a95f7af1-99c6-4d91-8e1b-1c71a618553a;427.86;0.0100117;UNKNOWN
2016-04-13T00:36:00.000000;2016-04-13T00:36:00.000000;69b8f89b-b459-40fe-b85e-3476c66b8421;427.85;0.01001287;UNKNOWN
2016-04-13T00:36:00.000000;2016-04-13T00:36:00.000000;c31fa9d7-2bd9-49fe-bee3-5d4a37b9533e;428.0;0.03;UNKNOWN
2016-04-13T00:36:00.000000;2016-04-13T00:36:00.000000;d6820979-2ef2-4642-952c-3f142fb7c201;427.98;0.635;UNKNOWN
2016-04-13T00:36:00.000000;2016-04-13T00:36:00.000000;fe453086-07df-491b-a6f8-3765ff30ef19;427.97;0.01001989;UNKNOWN
2016-04-13T00:36:00.000000;2016-04-13T00:36:00.000000;20002bb4-0a7a-424c-bf28-e2bd4977dce4;427.99;0.01001872;UNKNOWN
2016-04-13T00:36:00.000000;2016-04-13T00:36:00.000000;99217aed-bc93-4d39-bf2c-893be6ab2b3d;427.96;0.01;UNKNOWN
2016-04-13T00:36:00.000000;2016-04-13T00:36:00.000000;010d7775-630b-44fd-9b24-87c66ddd928e;427.88;0.01001404;UNKNOWN
2016-04-13T00:36:00.000000;2016-04-13T00:36:00.000000;8ee06fcf-738d-400a-bfeb-1553be1f173e;428.0;0.03;UNKNOWN
2016-04-13T00:36:00.000000;2016-04-13T00:36:00.000000;17b539cf-21ee-4a12-a4ab-f1dd069df113;427.99;0.01;UNKNOWN
2016-04-13T00:36:00.000000;2016-04-13T00:36:00.000000;72a6da98-52db-4a6e-b021-dfd9f5e11b85;427.97;0.05;UNKNOWN
2016-04-13T00:36:00.000000;2016-04-13T00:36:00.000000;5efb0c25-ef59-4a8e-be87-a4bed9f42b6f;427.98;4.264;UNKNOWN
2016-04-13T00:36:00.000000;2016-04-13T00:36:00.000000;e4c31aa4-81e1-4e76-929e-42c58c67997c;428.0;0.03;UNKNOWN
2016-04-13T00:36:00.000000;2016-04-13T00:36:00.000000;0a0a02e6-5f51-497b-891b-303f235ecd49;427.98;0.01003627;UNKNOWN
2016-04-13T00:36:00.000000;2016-04-13T00:36:00.000000;401ddea3-7267-4b11-85db-3e69fe001368;428.0;0.03;UNKNOWN
2016-04-13T00:36:00.000000;2016-04-13T00:36:00.000000;26993d06-516c-4384-a529-45505bb14cfe;428.06;0.03;UNKNOWN
2016-04-13T00:36:00.000000;2016-04-13T00:36:00.000000;8c551e8e-2bbf-4038-8f5a-7b3babb080d9;428.04;0.03;UNKNOWN
2016-04-13T00:36:00.000000;2016-04-13T00:36:00.000000;a19aa803-1949-42e0-bb39-71361e1c38ec;428.1;0.03;UNKNOWN
2016-04-13T00:36:00.000000;2016-04-13T00:36:00.000000;71e510f8-f0db-40cd-8832-0c1a9c50ce37;428.06;0.624;UNKNOWN
2016-04-13T00:36:00.000000;2016-04-13T00:36:00.000000;66386932-4b8c-4447-8f91-c291d4280b39;428.1;0.01002925;UNKNOWN
2016-04-13T00:36:00.000000;2016-04-13T00:36:00.000000;c255459e-f83d-4c98-a620-8a528c8add4b;428.09;0.03;UNKNOWN
2016-04-13T00:36:00.000000;2016-04-13T00:36:00.000000;78c87cd7-0f1a-4d69-8eb5-3eead5d74fcf;428.04;0.4;UNKNOWN
2016-04-13T00:36:00.000000;2016-04-13T00:36:00.000000;5a5fcd6e-8d37-4264-9177-7dac8a80bd97;428.09;0.03;UNKNOWN
2016-04-13T00:36:00.000000;2016-04-13T00:36:00.000000;dba72194-5828-4c92-bc74-5c5300338ca6;428.09;0.03;UNKNOWN
2016-04-13T00:36:00.000000;2016-04-13T00:36:00.000000;5e6544aa-c86d-4a42-8f0a-1c1278266e7b;428.06;7.28;UNKNOWN
2016-04-13T00:36:00.000000;2016-04-13T00:36:00.000000;17bf8ac8-03eb-408b-8bdb-c2c997441c75;428.05;0.03;UNKNOWN
2016-04-13T00:36:00.000000;2016-04-13T00:36:00.000000;2b7c6643-2ad1-4416-b020-dcae0b745ba0;428.07;0.0100234;UNKNOWN
2016-04-13T00:36:00.000000;2016-04-13T00:36:00.000000;05e3eb43-569e-4dc5-83b8-eff7ffc22b1e;428.05;0.0100234;UNKNOWN
2016-04-13T00:36:00.000000;2016-04-13T00:36:00.000000;22710c50-9ab9-4a6c-9b29-305d742189af;428.04;0.03;UNKNOWN
2016-04-13T00:36:00.000000;2016-04-13T00:36:00.000000;fdd9d6da-888a-46c3-b260-0ceb2105d688;428.04;0.03;UNKNOWN
2016-04-13T00:36:00.000000;2016-04-13T00:36:00.000000;3929b1de-8f49-43ad-b402-c850c56b3e78;428.09;0.03;UNKNOWN
2016-04-13T00:36:00.000000;2016-04-13T00:36:00.000000;aab67170-589b-4bba-a2e0-8e8cdbd47190;428.06;0.01003042;UNKNOWN
2016-04-13T00:36:00.000000;2016-04-13T00:36:00.000000;4320d1a2-3034-43e0-b30c-37d47b6d4625;428.09;0.03;UNKNOWN
2016-04-13T00:36:00.000000;2016-04-13T00:36:00.000000;009d1d76-b715-487d-8e18-ba8e556a92a0;428.06;0.03;UNKNOWN
2016-04-13T00:36:00.000000;2016-04-13T00:36:00.000000;6e4d9f2d-edac-4211-886c-417d8a59e8e1;428.04;0.03;UNKNOWN
2016-04-13T00:36:00.000000;2016-04-13T00:36:00.000000;8cfdc1dd-ef21-4dbf-a89d-02f5244ec72b;428.02;0.03;UNKNOWN
2016-04-13T00:36:00.000000;2016-04-13T00:36:00.000000;8c0d554c-97b2-4880-bf3f-5e1d6d02e02f;428.03;0.01002106;UNKNOWN
2016-04-13T00:36:00.000000;2016-04-13T00:36:00.000000;a606ff92-8b89-45fa-8299-f650951792eb;428.03;0.03;UNKNOWN
2016-04-13T00:36:00.000000;2016-04-13T00:36:00.000000;ab4f6faa-e5ba-4524-a55c-be3044af2309;428.02;0.03;UNKNOWN
2016-04-13T00:36:00.000000;2016-04-13T00:36:00.000000;0659b86a-df2b-48e3-abc1-7413a1172084;428.02;0.03;UNKNOWN
2016-04-13T00:36:00.000000;2016-04-13T00:36:00.000000;ab888c07-06c9-47e2-a774-d02b175bb106;428.09;0.03;UNKNOWN
2016-04-13T00:36:00.000000;2016-04-13T00:36:00.000000;ee253bee-27f4-4687-94fc-947842541e39;428.04;0.03;UNKNOWN
2016-04-13T00:36:00.000000;2016-04-13T00:36:00.000000;ef29c497-3100-4020-998a-ac6dbf81a9cf;428.02;0.03;UNKNOWN
2016-04-13T00:36:00.000000;2016-04-13T00:36:00.000000;125a1859-1e3f-4a51-9a37-9e22b01c3f23;428.02;0.01002457;UNKNOWN
2016-04-13T00:36:00.000000;2016-04-13T00:36:00.000000;7fc8dcba-bcf7-46af-85cc-b0b341880e78;428.04;0.0100234;UNKNOWN
2016-04-13T00:36:00.000000;2016-04-13T00:36:00.000000;69436633-2f40-4b38-8cc6-baac70901db2;428.03;0.03;UNKNOWN
2016-04-13T00:36:00.000000;2016-04-13T00:36:00.000000;27d9dfad-881c-433a-bffb-e8bde9cdf411;428.03;0.03;UNKNOWN
2016-04-13T00:36:00.000000;2016-04-13T00:36:00.000000;f561b609-a314-405d-9838-07e14cce6168;428.09;0.01002457;UNKNOWN
2016-04-13T00:36:00.000000;2016-04-13T00:36:00.000000;c649526c-fc8b-4f1f-963f-046146c2ba17;428.03;0.03;UNKNOWN
2016-04-13T00:36:00.000000;2016-04-13T00:36:00.000000;aab096c5-98aa-433d-8e02-fbca2f21623a;428.09;0.03;UNKNOWN
2016-04-13T00:36:00.000000;2016-04-13T00:36:00.000000;b77606f6-87d8-4f17-8c07-f9a09f25687f;428.09;0.03;UNKNOWN
2016-04-13T00:36:00.000000;2016-04-13T00:36:00.000000;fd236810-6bff-4407-b939-97483ac24d07;428.09;0.03;UNKNOWN
2016-04-13T00:36:07.000000;2016-04-13T00:36:07.000000;fa3b6094-837d-40e5-a89a-f9954987a1c4;427.94;0.36;UNKNOWN
2016-04-13T00:36:30.000000;2016-04-13T00:36:30.000000;e04b1f23-550e-4402-91fb-8ff2e632af01;427.97;0.11976;UNKNOWN
2016-04-13T00:36:30.000000;2016-04-13T00:36:30.000000;a55da97d-e8af-4dea-a4e5-ef1fe0df17a4;427.95;0.081;UNKNOWN
2016-04-13T00:36:30.000000;2016-04-13T00:36:30.000000;8b143255-0626-4e91-b98c-e71bdb5aa54a;427.95;0.03;UNKNOWN
2016-04-13T00:36:32.000000;2016-04-13T00:36:32.000000;86ac8820-a537-423b-bfba-4081276cd1ef;427.97;0.02;UNKNOWN
2016-04-13T00:37:03.000000;2016-04-13T00:37:03.000000;924ba5f7-ac80-46ba-8ded-031935bc6fbb;427.96;0.01105;UNKNOWN
2016-04-13T00:37:33.000000;2016-04-13T00:37:33.000000;3796810c-8fb6-4e5f-8d9b-79b95e154a8d;427.97;0.23316711;UNKNOWN
2016-04-13T00:37:34.000000;2016-04-13T00:37:34.000000;02308bc6-651d-44c5-9d92-9dae2b1dd374;427.97;3.02388;UNKNOWN
2016-04-13T00:38:01.000000;2016-04-13T00:38:01.000000;21b65380-cf5d-41e0-ba4a-482503d3ef88;427.96;0.00895;UNKNOWN
2016-04-13T00:38:01.000000;2016-04-13T00:38:01.000000;34e3e895-ffcd-4bed-91ec-ff0505069f9d;427.96;0.01909;UNKNOWN
2016-04-13T00:39:00.000000;2016-04-13T00:39:00.000000;921eddcd-01cb-40e1-a9fc-9a5f952c0624;427.99;0.04643;UNKNOWN
2016-04-13T00:39:00.000000;2016-04-13T00:39:00.000000;f4bb7f35-58d9-4af0-accd-b3c15566ba65;427.98;0.477;UNKNOWN
2016-04-13T00:39:30.000000;2016-04-13T00:39:30.000000;b61bc7f1-bbd6-40d1-bb3d-5e5537bdad04;427.98;0.6002;UNKNOWN
2016-04-13T00:40:00.000000;2016-04-13T00:40:00.000000;4b60e3a0-ef47-4488-ba36-7bbb856f32b3;428.0;0.01;UNKNOWN
2016-04-13T00:40:00.000000;2016-04-13T00:40:00.000000;fd6a85ff-08fc-468a-97f8-fe1719b89d55;428.0;0.01;UNKNOWN
2016-04-13T00:40:00.000000;2016-04-13T00:40:00.000000;3fa477e7-ae49-42cd-9580-6da530f3b938;428.0;0.05196;UNKNOWN
2016-04-13T00:40:30.000000;2016-04-13T00:40:30.000000;c345cca0-2fcf-435d-95cb-0a7c50f5150b;428.03;0.02;UNKNOWN
2016-04-13T00:40:30.000000;2016-04-13T00:40:30.000000;acb5ddb9-b5c2-4f9c-b97f-3e930fd7a4e2;428.03;0.00803;UNKNOWN
2016-04-13T00:41:05.000000;2016-04-13T00:41:05.000000;e3c1af32-9650-4f2d-8dee-a9f1dc981f98;428.04;0.089;UNKNOWN
2016-04-13T00:41:05.000000;2016-04-13T00:41:05.000000;c0174d41-d8cf-4fc8-9154-8ff6be76dbdd;428.04;0.01002457;UNKNOWN
2016-04-13T00:41:05.000000;2016-04-13T00:41:05.000000;b6300c2a-f322-4934-a3ae-283a4b1a578d;428.05;0.01002457;UNKNOWN
2016-04-13T00:41:05.000000;2016-04-13T00:41:05.000000;40f4e431-9680-4f20-bb41-17b662750965;428.06;0.01003159;UNKNOWN
2016-04-13T00:41:05.000000;2016-04-13T00:41:05.000000;93200b2d-ca4d-444f-84a5-7bcaea8d5e05;428.07;0.01002457;UNKNOWN
2016-04-13T00:41:05.000000;2016-04-13T00:41:05.000000;7f4753b5-bc28-4b4c-8ed2-ddc80f0db2d9;428.1;0.17689205;UNKNOWN
2016-04-13T00:41:05.000000;2016-04-13T00:41:05.000000;ccf79682-b7bc-41d9-807d-e404fdeb293b;428.09;0.01002574;UNKNOWN
2016-04-13T00:41:05.000000;2016-04-13T00:41:05.000000;5769ec34-a0bb-45b2-8b3d-1fbc1beb401d;428.08;0.01002691;UNKNOWN
2016-04-13T00:41:31.000000;2016-04-13T00:41:31.000000;39687681-6b49-45cf-9329-dcab1e0dd332;428.07;0.3;UNKNOWN
2016-04-13T00:41:31.000000;2016-04-13T00:41:31.000000;67486460-b432-40a0-a382-e93dd77b8eef;428.07;0.454;UNKNOWN
2016-04-13T00:41:31.000000;2016-04-13T00:41:31.000000;01b1de14-b930-473a-97fc-326d22773c06;428.08;2.46082;UNKNOWN
2016-04-13T00:42:00.000000;2016-04-13T00:42:00.000000;4145ff16-2ade-4707-a79a-70d6686b1ad8;428.03;0.57003;UNKNOWN
2016-04-13T00:42:00.000000;2016-04-13T00:42:00.000000;6f2d280a-0798-4495-891a-d02010631521;428.04;0.02;UNKNOWN
2016-04-13T00:42:00.000000;2016-04-13T00:42:00.000000;180d936e-c0b3-4d32-8e69-b6ea38336649;428.05;0.17;UNKNOWN
2016-04-13T00:42:00.000000;2016-04-13T00:42:00.000000;445a399a-d50e-4fdf-b544-7dbe0a2c76bc;428.05;0.02;UNKNOWN
2016-04-13T00:42:32.000000;2016-04-13T00:42:32.000000;573228ef-a3a4-4e2f-86fe-0cd4b2aa5d75;428.05;0.0165;UNKNOWN
2016-04-13T00:42:32.000000;2016-04-13T00:42:32.000000;3c016f01-275c-4765-9e7f-7617c205bd57;428.05;0.01002574;UNKNOWN
2016-04-13T00:42:32.000000;2016-04-13T00:42:32.000000;9e513375-f3de-45e0-b7ef-8221eee9721b;428.05;0.0226;UNKNOWN
2016-04-13T00:42:32.000000;2016-04-13T00:42:32.000000;07f8a549-c5fb-44d1-bf54-5894dc90ab68;428.06;0.00329426;UNKNOWN
2016-04-13T00:42:32.000000;2016-04-13T00:42:32.000000;03ac0aa2-541d-4e77-938b-87a72279a692;428.05;0.0213;UNKNOWN
2016-04-13T00:42:32.000000;2016-04-13T00:42:32.000000;ac480ae9-73d7-4c09-b023-a196c59ef5bf;428.05;0.082;UNKNOWN
2016-04-13T00:42:32.000000;2016-04-13T00:42:32.000000;6c13c653-70d9-4f14-8655-ee7f00827bd7;428.05;0.0341;UNKNOWN
2016-04-13T00:43:01.000000;2016-04-13T00:43:01.000000;55b2e488-f72c-466b-85f8-91e7f9cdf24f;428.07;0.01002574;UNKNOWN
2016-04-13T00:43:01.000000;2016-04-13T00:43:01.000000;9114c4e3-01a5-4938-a24a-42ff331a1c97;428.06;0.081;UNKNOWN
2016-04-13T00:43:01.000000;2016-04-13T00:43:01.000000;c13a0fe2-2627-45f2-b778-c2968a6918cb;428.06;0.01003276;UNKNOWN
2016-04-13T00:43:01.000000;2016-04-13T00:43:01.000000;dfa89698-a50f-4f41-ab58-e04e3734ff66;428.08;0.7226015;UNKNOWN
2016-04-13T00:43:35.000000;2016-04-13T00:43:35.000000;d9e9ee39-423e-4273-a6ae-96734c38cf0c;428.08;2.9539;UNKNOWN
2016-04-13T00:43:35.000000;2016-04-13T00:43:35.000000;3a18d019-8e66-4835-a538-c9751182d84a;428.08;0.04264558;UNKNOWN
2016-04-13T00:43:35.000000;2016-04-13T00:43:35.000000;ddf3ebdb-ab86-4a6c-9c3c-0b7aa2da8c1e;428.07;0.013;UNKNOWN
2016-04-13T00:43:35.000000;2016-04-13T00:43:35.000000;83a4e971-1136-42a7-8b34-0113f149cba2;428.07;0.011;UNKNOWN
2016-04-13T00:43:35.000000;2016-04-13T00:43:35.000000;629b0ad6-2703-4dcc-86a9-35afeb272908;428.08;0.02945442;UNKNOWN
2016-04-13T00:43:35.000000;2016-04-13T00:43:35.000000;f04c01a4-edc6-4c39-8173-77eeccfac326;428.08;0.145;UNKNOWN
2016-04-13T00:43:35.000000;2016-04-13T00:43:35.000000;2a77623f-d7b4-4dc1-a4ef-debbf717cbb4;428.07;0.415;UNKNOWN
2016-04-13T00:44:00.000000;2016-04-13T00:44:00.000000;6981c998-9722-4736-9827-961cb0fb6c45;428.07;0.17215;UNKNOWN
2016-04-13T00:44:27.000000;2016-04-13T00:44:27.000000;bf14e425-2666-4ef3-b217-893d1861ca7b;428.07;0.364;UNKNOWN
2016-04-13T00:44:33.000000;2016-04-13T00:44:33.000000;efca07c2-5a54-44ea-9e74-9f2bd49e80ec;428.16;0.01;UNKNOWN
2016-04-13T00:44:33.000000;2016-04-13T00:44:33.000000;473ff271-8f52-4553-be61-59a19dfade50;428.16;0.01001872;UNKNOWN
2016-04-13T00:44:33.000000;2016-04-13T00:44:33.000000;94df3ae4-541e-4276-8280-d0d070d2522e;428.16;0.03;UNKNOWN
2016-04-13T00:44:33.000000;2016-04-13T00:44:33.000000;20e2ba38-2641-4343-a8e8-d713fbeb9587;428.17;0.03;UNKNOWN
2016-04-13T00:44:33.000000;2016-04-13T00:44:33.000000;c74863cc-c8c9-40b9-bf57-1e4b72da28ce;428.18;0.03;UNKNOWN
2016-04-13T00:44:33.000000;2016-04-13T00:44:33.000000;631bee61-d5ad-4e33-a706-cb15028ffdab;428.17;0.03;UNKNOWN
2016-04-13T00:44:33.000000;2016-04-13T00:44:33.000000;1f190582-b11a-4d1a-9bdf-4a290755855c;428.17;0.02;UNKNOWN
2016-04-13T00:44:33.000000;2016-04-13T00:44:33.000000;f1ee44dc-9763-4c66-b110-56226b68db99;428.17;0.01001638;UNKNOWN
2016-04-13T00:44:33.000000;2016-04-13T00:44:33.000000;fe0da477-e52a-4b59-8739-73d7ddb1760d;428.15;0.01;UNKNOWN
2016-04-13T00:44:33.000000;2016-04-13T00:44:33.000000;16d4590f-22f8-42f9-ae79-fcb3fb49672f;428.17;0.36;UNKNOWN
2016-04-13T00:44:33.000000;2016-04-13T00:44:33.000000;367e45c2-e386-4aa8-9ec7-d2835873379a;428.17;0.359;UNKNOWN
