time_exchange;time_coinpai;guid;price;base_amount;taker_side
2016-03-06T00:00:13.943000;2016-03-06T00:00:13.993000;3f921537-89f0-4d1b-912e-370b86f2b355;396.13;0.02;SELL
2016-03-06T00:00:13.947000;2016-03-06T00:00:14.023000;f031f197-3330-47ce-acee-eac678332f2c;396.13;0.00666483;SELL
2016-03-06T00:00:13.953000;2016-03-06T00:00:14.023000;4cc30241-555e-4796-8336-ee64f4b6efc6;396.13;0.11133517;SELL
2016-03-06T00:00:13.953000;2016-03-06T00:00:14.050000;9c1ef2ad-e3bc-4c2e-967b-b14908023ae5;396.09;0.01;SELL
2016-03-06T00:00:13.953000;2016-03-06T00:00:14.050000;86e7f441-82e1-4945-8d91-463a85affbe0;396.08;0.114251;SELL
2016-03-06T00:00:13.953000;2016-03-06T00:00:14.050000;9b27a6ae-2632-42fe-966d-1a39328c394c;396.08;0.01;SELL
2016-03-06T00:00:13.953000;2016-03-06T00:00:14.050000;5b4923c6-a993-4d63-89aa-9d49965552d4;396.08;0.07407383;SELL
2016-03-06T00:00:14.027000;2016-03-06T00:00:14.120000;bd727aa5-be94-49e0-890e-26d07312fc4f;396.08;0.02892617;SELL
2016-03-06T00:00:14.027000;2016-03-06T00:00:14.120000;ab2eb10a-133c-437b-b626-b27ec01f2a1b;396.05;0.03517727;SELL
2016-03-06T00:00:14.730000;2016-03-06T00:00:14.793000;42288714-4526-4c40-b1e8-0db7a04b70a3;396.04;0.01;SELL
2016-03-06T00:00:14.730000;2016-03-06T00:00:14.833000;de8f9d20-d568-4acd-9ebe-254fed542c34;396.01;1.18406;SELL
2016-03-06T00:00:15.037000;2016-03-06T00:00:15.107000;d819fd1e-1adf-4c63-9ac1-df926a8d185c;396.05;0.01;SELL
2016-03-06T00:00:15.037000;2016-03-06T00:00:15.107000;3e1dcde4-d014-401a-bb96-03f0f738644c;396.01;0.061412;SELL
2016-03-06T00:00:15.610000;2016-03-06T00:00:15.680000;a43f54f0-9052-481e-8d79-444109c8224e;396.06;1.14114;SELL
2016-03-06T00:00:15.750000;2016-03-06T00:00:15.823000;c3d5e43e-ab25-4da3-897b-dd362ab69165;396.08;0.35266;SELL
2016-03-06T00:00:16.107000;2016-03-06T00:00:16.163000;2abba623-5f7b-4175-a2b6-ae72b7084549;396.07;0.353;SELL
2016-03-06T00:00:16.107000;2016-03-06T00:00:16.167000;07341951-6162-4a57-8acb-3eb1f90a6cea;396.01;0.01;SELL
2016-03-06T00:00:16.107000;2016-03-06T00:00:16.197000;76d70f6e-c0ab-43d4-98e9-c662fda012d0;396.01;1.02636;SELL
2016-03-06T00:00:16.510000;2016-03-06T00:00:16.610000;cd3a5816-7212-4438-98d5-c80e37f3aabb;396.01;0.07356;SELL
2016-03-06T00:00:17.150000;2016-03-06T00:00:17.383000;9a9057d8-3ba5-4c09-abb9-eb0e44759114;396.01;1.11958;SELL
2016-03-06T00:00:17.607000;2016-03-06T00:00:17.687000;02f0a3b3-6c80-418b-a0ca-488d0b1a61d3;396.01;0.02251201;SELL
2016-03-06T00:00:18.063000;2016-03-06T00:00:18.130000;af6a8722-e88d-42e7-adc0-37aef57453fa;396.01;0.51246;SELL
2016-03-06T00:00:18.287000;2016-03-06T00:00:18.340000;9ec00bbb-2f7d-4c0b-ba5c-a1f3787b6f1e;396.01;1.1275;SELL
2016-03-06T00:00:19.300000;2016-03-06T00:00:19.367000;80ed4b8a-65bd-486d-8f47-33441a63caa1;396.01;1.3637;SELL
2016-03-06T00:00:19.903000;2016-03-06T00:00:19.977000;1adabbff-d46f-4657-aeff-d7c66e5e72d1;396.01;0.08496;SELL
2016-03-06T00:00:20.007000;2016-03-06T00:00:20.083000;82bd529b-dab6-4b3c-8745-6821851ebb6c;396.01;0.0378;SELL
2016-03-06T00:00:20.423000;2016-03-06T00:00:20.510000;f2b14ba5-74a0-4417-9302-21ae57b7689b;396.01;0.92865;SELL
2016-03-06T00:00:20.600000;2016-03-06T00:00:20.657000;83a2210e-ad61-4f91-9fa7-fafd88af190f;396.01;1.03048;SELL
2016-03-06T00:00:21.253000;2016-03-06T00:00:21.300000;56029755-b3ab-4149-9c43-083bf81cc75f;396.02;0.07056;SELL
2016-03-06T00:00:21.370000;2016-03-06T00:00:21.437000;0e650b8c-d248-4bcc-a70f-f79cba7b277c;396.03;0.0504;SELL
2016-03-06T00:00:21.833000;2016-03-06T00:00:21.907000;ac8ce936-90e1-4abb-a543-7333871ff63c;396.03;0.6696;SELL
2016-03-06T00:00:21.833000;2016-03-06T00:00:21.907000;d6674577-468a-41b7-a0e0-2424cbf485ac;396.02;0.26744;SELL
2016-03-06T00:00:21.837000;2016-03-06T00:00:21.907000;3a9e8f0b-d1ef-4a5d-99e4-39772f144e27;396.01;0.29497;SELL
2016-03-06T00:00:21.947000;2016-03-06T00:00:22.013000;62248925-2a20-4394-93fd-a95ef0f50868;396.01;0.19580656;SELL
2016-03-06T00:00:21.977000;2016-03-06T00:00:22.033000;0826e6c3-a10d-40c6-9403-1e3c5bf69ddf;396.01;0.06024;SELL
2016-03-06T00:00:31.853000;2016-03-06T00:00:31.903000;bfbbd7ce-3926-4f64-9a0a-df3e5b73cdeb;396.22;0.26953;BUY
2016-03-06T00:00:54.667000;2016-03-06T00:00:54.710000;cc37845a-d402-468c-8a3a-e96fca7f778e;396.22;0.08;BUY
2016-03-06T00:00:54.667000;2016-03-06T00:00:54.737000;93ed8450-d43f-4fbc-b15e-43a17b5ea10b;396.24;0.0136;BUY
2016-03-06T00:01:01.613000;2016-03-06T00:01:01.697000;085fc08c-085c-40cf-9095-6b208fcd5d49;396.23;0.19;BUY
2016-03-06T00:01:01.613000;2016-03-06T00:01:01.760000;7bef9817-0b9e-4b5a-a385-681adc7a4df8;396.24;0.0635;BUY
2016-03-06T00:01:31.643000;2016-03-06T00:01:31.687000;32b02b12-98d3-4e06-9c14-66b195372f9f;396.24;0.2325;BUY
2016-03-06T00:02:02.073000;2016-03-06T00:02:02.170000;66dcf0d1-3212-426c-a3b0-180c17a6e622;396.11;6.01;SELL
2016-03-06T00:02:02.073000;2016-03-06T00:02:02.173000;9aefb6b5-3d1e-485d-ba99-eaa9c0a79f17;396.1;0.34;SELL
2016-03-06T00:02:02.073000;2016-03-06T00:02:02.173000;7506ff65-cc25-4b54-85dd-ff163cd4b25c;396.0;0.20532037;SELL
2016-03-06T00:02:02.073000;2016-03-06T00:02:02.173000;b701607e-bd16-49a0-942c-de8281fb4c62;396.0;0.13;SELL
2016-03-06T00:02:02.073000;2016-03-06T00:02:02.173000;86891f05-7f0a-4a54-9a14-760b6b29e6e6;396.0;0.01981395;SELL
2016-03-06T00:02:02.073000;2016-03-06T00:02:02.173000;e3c62fe3-f3a7-494f-ae32-f1f97f8fe50f;395.98;1.0;SELL
2016-03-06T00:02:02.073000;2016-03-06T00:02:02.173000;7886eadb-8884-4226-97f2-ab620e79d8fe;395.96;0.214;SELL
2016-03-06T00:02:02.073000;2016-03-06T00:02:02.173000;4910d1e2-4ab7-4088-a7dd-09ef1edafa23;395.95;1.44;SELL
2016-03-06T00:02:02.073000;2016-03-06T00:02:02.173000;319b329d-2f5a-449d-a018-3e3a46d702c7;395.94;0.01;SELL
2016-03-06T00:02:02.073000;2016-03-06T00:02:02.173000;ebfff569-c023-49e2-b287-d8b00d6daa13;395.94;0.38343568;SELL
2016-03-06T00:02:32.473000;2016-03-06T00:02:32.530000;d119a967-3dc4-4ebd-8c96-262df0f3d93f;396.25;0.01;BUY
2016-03-06T00:02:32.473000;2016-03-06T00:02:32.553000;d5e87a65-7497-4eec-a700-4e30472a8f9f;396.27;0.01;BUY
2016-03-06T00:02:32.473000;2016-03-06T00:02:32.553000;f8c0e7d9-9558-4f18-8847-a7ee0df4b7b5;396.3;0.627;BUY
2016-03-06T00:02:32.473000;2016-03-06T00:02:32.553000;6315d9ca-0cea-4dda-8b4b-f893935741e6;396.31;0.01;BUY
2016-03-06T00:02:32.473000;2016-03-06T00:02:32.553000;80529b94-aae4-4ee1-b686-3e129e05a272;396.31;0.32;BUY
2016-03-06T00:02:32.473000;2016-03-06T00:02:32.553000;7a262f56-f91c-4c5a-a0f3-9410935ccc36;396.34;0.097;BUY
2016-03-06T00:02:32.473000;2016-03-06T00:02:32.553000;4c800eeb-390b-4c85-80df-5dfc288bc9b2;396.38;0.42479;BUY
2016-03-06T00:03:02.117000;2016-03-06T00:03:02.187000;d21adab2-ae36-447e-ba2b-5e6deb69f36b;396.46;0.04132;BUY
2016-03-06T00:03:19.777000;2016-03-06T00:03:19.830000;9fbda20a-7d0d-4558-b061-f89448b6cf66;396.41;0.1;BUY
2016-03-06T00:03:31.920000;2016-03-06T00:03:32.120000;d71c3887-6963-41c3-9455-14f402fabea4;396.37;0.14974;BUY
2016-03-06T00:04:01.690000;2016-03-06T00:04:01.730000;8932676a-8c70-4c16-8689-e07e11a4a60f;396.41;0.19752;BUY
2016-03-06T00:04:31.780000;2016-03-06T00:04:31.823000;7cfc56c6-5a1f-49bc-9c2c-db897f1d75e3;396.35;0.01;SELL
2016-03-06T00:04:31.780000;2016-03-06T00:04:31.847000;49caaff7-3a64-4a3b-a3eb-d0a8e2018805;396.27;0.0531;SELL
2016-03-06T00:04:34.883000;2016-03-06T00:04:34.920000;42847da4-a426-4b8e-ba35-313ca20920b4;396.45;0.01;BUY
2016-03-06T00:05:02.687000;2016-03-06T00:05:02.783000;30f95ab0-1996-44fe-b7d1-a1c2abeb4dd2;396.5;0.01;BUY
2016-03-06T00:05:02.687000;2016-03-06T00:05:02.783000;8ff2806b-98c4-4b96-946c-ac10c734937d;396.5;0.01981395;BUY
2016-03-06T00:05:02.687000;2016-03-06T00:05:02.783000;6c2ff3fc-9683-446e-b203-1a347bd74832;396.51;0.01;BUY
2016-03-06T00:05:02.690000;2016-03-06T00:05:02.783000;ebd54095-badd-48e3-9f0a-3ba74ff25f41;396.56;0.08;BUY
2016-03-06T00:05:02.690000;2016-03-06T00:05:02.783000;8604f23d-de54-4a1a-af7c-ecf6989cd34f;396.58;0.01;BUY
2016-03-06T00:05:02.690000;2016-03-06T00:05:02.783000;5265ab37-bc31-4785-a3cb-b26da1d03a0d;396.63;0.01;BUY
2016-03-06T00:05:02.690000;2016-03-06T00:05:02.783000;cf6d44b4-4bb5-4fd0-82f7-c64344911b75;396.66;0.35533605;BUY
2016-03-06T00:05:32.207000;2016-03-06T00:05:32.277000;3ca8c6dc-6399-4030-bae7-bcedec4fba88;396.55;0.05115;BUY
2016-03-06T00:05:32.327000;2016-03-06T00:05:32.387000;e52c8d0b-f02b-4277-87ba-590e401bedb7;396.58;0.04885;BUY
2016-03-06T00:05:33.870000;2016-03-06T00:05:34.097000;5afd0049-cadb-4181-b558-5cc91c2dc49f;396.61;2.72842;BUY
2016-03-06T00:06:01.627000;2016-03-06T00:06:01.660000;be863b69-7fc1-423e-b92b-9b56cbab14fc;396.5;1.92;SELL
2016-03-06T00:06:01.627000;2016-03-06T00:06:01.710000;4d32a37f-f38e-4796-917f-78a8f0c01acd;396.49;0.31;SELL
2016-03-06T00:06:01.627000;2016-03-06T00:06:01.733000;17999b5f-24ad-4bc4-9e77-4f93142c17b1;396.46;2.89538;SELL
2016-03-06T00:06:32.760000;2016-03-06T00:06:32.800000;7885d906-f82e-44c2-95b7-936484afed2e;396.65;2.49677;BUY
2016-03-06T00:07:01.483000;2016-03-06T00:07:01.540000;4a323acf-f2bc-45e4-b5fc-58ed9c17146d;396.55;0.01;SELL
2016-03-06T00:07:01.483000;2016-03-06T00:07:01.540000;92cba026-0b68-4f55-92d2-a96ad0461207;396.54;0.26;SELL
2016-03-06T00:07:01.483000;2016-03-06T00:07:01.540000;e742486d-dfd7-480b-abbf-ff60b20f7a96;396.5;0.0115;SELL
2016-03-06T00:07:01.483000;2016-03-06T00:07:01.563000;890271c8-7fbe-4909-99a2-fa9aa2d0259c;396.5;0.105;SELL
2016-03-06T00:07:01.483000;2016-03-06T00:07:01.563000;2ff1623f-aab6-4bc2-bc90-d5d575d04c20;396.45;0.077;SELL
2016-03-06T00:07:01.483000;2016-03-06T00:07:01.570000;60c0e422-1072-4947-b995-f89c17ded643;396.43;0.05;SELL
2016-03-06T00:07:01.483000;2016-03-06T00:07:01.607000;7aa37fd6-b5b7-4fd5-a378-75e21944f95d;396.4;1.64;SELL
2016-03-06T00:07:01.487000;2016-03-06T00:07:01.623000;15c0e6f1-8568-4676-b9b0-cd4ebf1055d2;396.4;0.116;SELL
2016-03-06T00:07:01.487000;2016-03-06T00:07:01.623000;af528a62-47e3-44ec-98f3-d5de3685914d;396.35;0.01;SELL
2016-03-06T00:07:01.487000;2016-03-06T00:07:01.627000;cfcbe50c-cabb-427e-860c-89b4a4b2a2f3;396.29;3.12;SELL
2016-03-06T00:07:01.487000;2016-03-06T00:07:01.627000;6e45f550-e62f-4765-9e21-b1142d834bf4;396.27;0.8;SELL
2016-03-06T00:07:01.487000;2016-03-06T00:07:01.627000;69dbe21f-45bc-4146-8243-7568e12d8af7;396.26;7.601;SELL
2016-03-06T00:07:01.487000;2016-03-06T00:07:01.627000;dbe39774-524a-4ed8-b944-bbe59c35a4c3;396.14;0.96;SELL
2016-03-06T00:07:01.487000;2016-03-06T00:07:01.627000;d752ead2-6c24-4718-9b5a-c7db179d1851;396.14;7.137;SELL
2016-03-06T00:07:01.487000;2016-03-06T00:07:01.627000;864cda58-a158-41d3-8b3d-d2b3a009d71b;396.13;0.01;SELL
2016-03-06T00:07:01.487000;2016-03-06T00:07:01.627000;ba8f3ab1-1466-4638-8e4f-020e5991bec2;396.13;0.72;SELL
2016-03-06T00:07:01.487000;2016-03-06T00:07:01.627000;875a6fa1-af77-4886-8d56-908556df548b;396.12;0.83335;SELL
2016-03-06T00:07:31.653000;2016-03-06T00:07:31.687000;75234cf5-6822-40a9-8d90-04e1c8a565a5;396.58;0.28;BUY
2016-03-06T00:07:31.653000;2016-03-06T00:07:31.733000;84c4af56-bfcc-4c1c-84f6-663b5eae6280;396.58;0.01;BUY
2016-03-06T00:07:31.653000;2016-03-06T00:07:31.753000;9aae928c-bf0f-4dd0-9813-eb50bfedd949;396.58;0.094;BUY
2016-03-06T00:07:31.653000;2016-03-06T00:07:31.753000;3a6f3cc0-9324-41de-a9ed-7bfb24521fa9;396.58;0.05045;BUY
2016-03-06T00:08:01.300000;2016-03-06T00:08:01.327000;1f57df1f-51ee-4119-85c7-83fb557acbbe;396.58;0.435;BUY
2016-03-06T00:08:01.300000;2016-03-06T00:08:01.367000;a37dde68-efc6-435e-abc9-64048cbd9b51;396.58;0.29;BUY
2016-03-06T00:08:01.300000;2016-03-06T00:08:01.420000;83a6a8e6-3f74-45bc-8e83-11aab540cf9c;396.58;0.27867;BUY
2016-03-06T00:08:31.363000;2016-03-06T00:08:31.430000;f4c39c19-1054-4a3b-9baf-4f87563622af;396.58;0.05;BUY
2016-03-06T00:08:31.363000;2016-03-06T00:08:31.447000;3d35626d-816c-4d51-ac17-5e8d5c3d3c7b;396.58;0.38691;BUY
2016-03-06T00:09:01.467000;2016-03-06T00:09:01.530000;72c01423-bd79-4eff-8ad1-ec17aff02615;396.58;0.14963;BUY
2016-03-06T00:09:11.197000;2016-03-06T00:09:11.260000;251baf7a-170e-43f3-9cb0-3a8ad7f88783;396.56;0.01;SELL
2016-03-06T00:09:11.197000;2016-03-06T00:09:11.280000;246609e1-e870-466f-845d-ade26f3a35f9;396.52;0.12;SELL
2016-03-06T00:09:11.197000;2016-03-06T00:09:11.297000;45d14fd4-da06-436a-a171-429496e53940;396.47;0.119;SELL
2016-03-06T00:09:11.197000;2016-03-06T00:09:11.297000;97211f89-741c-4818-b80e-f5d911625c38;396.33;0.124;SELL
2016-03-06T00:09:11.197000;2016-03-06T00:09:11.327000;228c374d-7539-4cc9-b742-30afbad2f6d7;396.28;0.124;SELL
2016-03-06T00:09:11.197000;2016-03-06T00:09:11.327000;1028889c-b98a-4c39-b610-e64c97f54c43;396.26;0.01;SELL
2016-03-06T00:09:11.197000;2016-03-06T00:09:11.327000;73d657fc-1d9c-4791-ab2c-4d652eb3e391;396.21;0.24;SELL
2016-03-06T00:09:11.197000;2016-03-06T00:09:11.327000;e1ca9022-4dea-49c9-9680-46bac20bc237;396.2;0.111;SELL
2016-03-06T00:09:11.197000;2016-03-06T00:09:11.327000;b303a480-894b-405d-b916-f0e20c23c73e;396.16;4.8;SELL
2016-03-06T00:09:11.197000;2016-03-06T00:09:11.353000;61f868f4-e2ec-41b7-acec-19c3d3faccbb;396.15;0.072;SELL
2016-03-06T00:09:11.197000;2016-03-06T00:09:11.353000;f9be9fbf-5e4d-4465-b781-958be885d792;396.14;7.573;SELL
2016-03-06T00:09:11.197000;2016-03-06T00:09:11.353000;2cba2f08-c8f7-44b3-9ccb-fae6a660ab78;396.13;3.84;SELL
2016-03-06T00:09:11.197000;2016-03-06T00:09:11.353000;b249e5b0-bb9b-4d38-bf72-6f6eeae78a42;396.09;0.01;SELL
2016-03-06T00:09:11.197000;2016-03-06T00:09:11.353000;fda28e40-e9a0-4426-a23e-131a12807556;396.08;6.847;SELL
2016-03-06T00:09:32.537000;2016-03-06T00:09:32.600000;a484e13b-ba43-4a91-a2fa-c3dd99e6320f;396.43;0.01223;BUY
2016-03-06T00:09:55.050000;2016-03-06T00:09:55.117000;9990eea2-c526-4789-b1ae-c8c775324d8f;396.35;0.03844079;BUY
2016-03-06T00:10:06.417000;2016-03-06T00:10:06.477000;d9bbf353-fa12-46f0-bd5d-c34026793183;396.4;0.15416;BUY
2016-03-06T00:10:35.033000;2016-03-06T00:10:35.093000;aaa017eb-b88b-4b27-858c-2bbbe2a87259;396.24;2.79957;BUY
2016-03-06T00:10:35.320000;2016-03-06T00:10:35.417000;1517b6d1-cf44-48fb-ada0-cf89d8713006;396.24;0.01;BUY
2016-03-06T00:11:01.483000;2016-03-06T00:11:01.553000;81c584ae-3ea9-4f38-b17a-c9cef37ade0e;396.08;0.29466;SELL
2016-03-06T00:12:01.477000;2016-03-06T00:12:01.557000;9189758e-19db-4bbf-be77-06665bf75a6b;396.25;0.01;BUY
2016-03-06T00:12:01.477000;2016-03-06T00:12:01.610000;b9d004ff-760c-4399-b44d-820ef1e77358;396.36;0.23;BUY
2016-03-06T00:12:01.477000;2016-03-06T00:12:01.653000;936a5614-daa1-4186-89d4-2a43dc26e0aa;396.48;0.38107;BUY
2016-03-06T00:12:32.000000;2016-03-06T00:12:32.300000;3c558470-371e-4093-af1f-4b3bcef8b1d8;396.23;0.09623;SELL
2016-03-06T00:12:52.927000;2016-03-06T00:12:52.980000;49b8d603-164f-4ba1-ad46-df8abac87394;396.24;1.2;SELL
2016-03-06T00:12:52.927000;2016-03-06T00:12:53.003000;086cbab3-9750-4553-8b11-9cf3456daecd;396.23;8.51277;SELL
2016-03-06T00:12:52.927000;2016-03-06T00:12:53.023000;c1f1ae2a-25fe-4f95-956f-81797057a4a2;396.23;0.36;SELL
2016-03-06T00:12:52.927000;2016-03-06T00:12:53.023000;0aa0561f-548f-4871-8bcf-8a049dbb44a4;396.16;5.28;SELL
2016-03-06T00:12:52.927000;2016-03-06T00:12:53.023000;e8df0aba-588e-4056-baf0-fddfa7463a8d;396.15;0.25;SELL
2016-03-06T00:12:52.927000;2016-03-06T00:12:53.063000;56eae040-8e76-4fdb-b0ff-7d6b8d1ccd54;396.15;0.01;SELL
2016-03-06T00:12:52.927000;2016-03-06T00:12:53.063000;c7b31d20-4108-473d-a4ef-abd54f2e6e5a;396.08;9.38723;SELL
2016-03-06T00:13:08.650000;2016-03-06T00:13:08.700000;c8932cf5-e274-4905-bdc4-a9fbc48a1c76;396.38;1.17228;BUY
2016-03-06T00:13:31.733000;2016-03-06T00:13:31.803000;c7eaaa37-14ae-4135-b528-87562137defb;396.26;0.68681;BUY
2016-03-06T00:14:01.943000;2016-03-06T00:14:01.993000;acd19095-359a-4979-84ca-6e3f27d85bc0;396.15;0.54;BUY
2016-03-06T00:14:01.943000;2016-03-06T00:14:01.993000;fdba678c-9a4b-4e5a-acf3-f1731ce3020a;396.15;0.58;BUY
2016-03-06T00:14:01.943000;2016-03-06T00:14:02.027000;0c19b9a7-2c13-40ef-90d1-53df69132b56;396.26;0.87868;BUY
2016-03-06T00:14:31.497000;2016-03-06T00:14:31.547000;f5277542-d4c5-477c-9348-a27cb7e8775f;396.45;0.18493;BUY
2016-03-06T00:14:40.573000;2016-03-06T00:14:40.637000;191c2ff9-ff0b-4b95-a966-fe2faf304eb4;396.12;0.01;SELL
2016-03-06T00:14:40.573000;2016-03-06T00:14:40.667000;50734dc6-4284-43a2-867f-b7edd6a52b3d;396.05;0.134;SELL
2016-03-06T00:14:40.590000;2016-03-06T00:14:40.667000;ad5f56c1-696c-4ee9-b5bf-7a1e58bd596b;396.05;0.03009;SELL
2016-03-06T00:14:40.593000;2016-03-06T00:14:40.670000;edc035d6-3796-4bed-abb2-b6fc1e45e012;396.05;0.18591;SELL
2016-03-06T00:14:40.593000;2016-03-06T00:14:40.670000;2d1b150a-a5a5-4464-bfa6-8d00eea2d485;396.0;0.01983754;SELL
2016-03-06T00:14:40.593000;2016-03-06T00:14:40.670000;6f465bb0-f5c4-47be-9113-8e204dc704e2;396.0;0.0115;SELL
2016-03-06T00:14:40.593000;2016-03-06T00:14:40.670000;b72f080d-3646-4d4f-92d5-681e16e9ba14;395.91;0.01;SELL
2016-03-06T00:14:40.593000;2016-03-06T00:14:40.687000;41798be7-37c1-4abd-8c6a-000eb13e07d2;395.8;0.01981395;SELL
2016-03-06T00:14:40.597000;2016-03-06T00:14:40.687000;a01b6c8b-d9b2-4450-816d-f1a72681a557;395.8;0.52573851;SELL
2016-03-06T00:14:40.647000;2016-03-06T00:14:40.727000;de0a71a7-4383-4413-bfad-d511c98ab65a;395.8;0.41471;SELL
2016-03-06T00:14:40.667000;2016-03-06T00:14:40.727000;7d3d08a5-3322-4561-84c8-8c17e0b931a4;395.8;0.19455149;SELL
2016-03-06T00:14:40.667000;2016-03-06T00:14:40.727000;dc73a5fc-9bfe-4e42-8350-b7da34af1db8;395.74;0.01;SELL
2016-03-06T00:14:40.667000;2016-03-06T00:14:40.750000;f34dec80-e2c3-4576-9a51-fab405698590;395.71;0.01;SELL
2016-03-06T00:14:40.667000;2016-03-06T00:14:40.750000;2edad31c-9772-432c-b822-2d69e92a665f;395.64;0.01;SELL
2016-03-06T00:14:40.667000;2016-03-06T00:14:40.750000;baba3b1b-4710-419f-854c-19cdc2292feb;395.63;0.01;SELL
2016-03-06T00:14:40.667000;2016-03-06T00:14:40.770000;e2303a80-5944-4c95-b4a3-f769306d3779;395.58;0.177;SELL
2016-03-06T00:14:40.667000;2016-03-06T00:14:40.770000;bf531698-6fa6-4cfd-b799-a2616d3d9a89;395.55;0.22684851;SELL
2016-03-06T00:15:01.620000;2016-03-06T00:15:01.663000;0142e0f7-68d2-4895-b477-de0fb488dc85;395.72;0.45651;BUY
2016-03-06T00:15:19.310000;2016-03-06T00:15:19.367000;21b38cab-1599-476b-b6e4-c0dcd3bfe380;395.7;0.01;SELL
2016-03-06T00:15:19.310000;2016-03-06T00:15:19.390000;f324fa9c-c552-44df-8500-1262a064a5da;395.69;0.01;SELL
2016-03-06T00:15:31.453000;2016-03-06T00:15:31.497000;cdb87a20-3aa7-445a-9e88-c6329e40255f;395.62;0.573;BUY
2016-03-06T00:15:31.453000;2016-03-06T00:15:31.527000;799e992a-1b62-40d2-8fea-f3d16b7a6dcc;395.62;6.11114;BUY
2016-03-06T00:15:34.183000;2016-03-06T00:15:34.223000;3b3de365-a59a-4f0a-b48c-674a76322afb;395.6;0.01983991;SELL
2016-03-06T00:15:34.183000;2016-03-06T00:15:34.260000;92db1bdc-f890-45ab-a5ed-4806cc8f2d57;395.54;0.01;SELL
2016-03-06T00:15:34.183000;2016-03-06T00:15:34.260000;04edbdbf-bf86-46b4-ab33-dd82d422a693;395.53;0.02;SELL
2016-03-06T00:15:34.183000;2016-03-06T00:15:34.263000;758956ed-2d0a-47d0-af86-2e57ee134bf0;395.5;0.01;SELL
2016-03-06T00:15:34.183000;2016-03-06T00:15:34.290000;a78748b0-ab58-4e57-a8d8-75ff531276c7;395.48;0.19015809;SELL
2016-03-06T00:16:01.470000;2016-03-06T00:16:01.507000;8d6195b2-a210-4d19-9767-870d6fb12527;395.55;0.01;SELL
2016-03-06T00:16:01.470000;2016-03-06T00:16:01.527000;cd32bb22-d03d-41d4-93a9-dbd7922270f2;395.48;0.25113;SELL
2016-03-06T00:16:35.393000;2016-03-06T00:16:35.937000;30996cb1-66e9-4225-af08-a537addfa734;395.54;5.24089;BUY
2016-03-06T00:16:35.697000;2016-03-06T00:16:36.383000;aca5df0a-10da-4695-9680-2974829e1548;395.54;0.01;BUY
2016-03-06T00:17:01.387000;2016-03-06T00:17:01.437000;e6d38fb1-07d3-48d2-9546-b8b6d2c1393b;395.63;0.01088333;BUY
2016-03-06T00:17:33.170000;2016-03-06T00:17:33.227000;c3c34f3a-fc68-4c5c-9a21-274a0fd981aa;395.49;0.06;SELL
2016-03-06T00:17:33.170000;2016-03-06T00:17:33.227000;41354c53-f2f7-4b45-889a-baba3571f1d6;395.48;0.03511191;SELL
2016-03-06T00:17:33.170000;2016-03-06T00:17:33.253000;22732d61-1c29-439d-a979-85084f0e3dee;395.47;2.826;SELL
2016-03-06T00:17:33.170000;2016-03-06T00:17:33.257000;0011f7ec-4c94-4afa-8df8-e74952f2a28c;395.44;0.01;SELL
2016-03-06T00:17:33.170000;2016-03-06T00:17:33.257000;d738ef4f-9595-459b-bba8-17e9300476a4;395.4;0.01983991;SELL
2016-03-06T00:17:33.173000;2016-03-06T00:17:33.257000;23b548ef-9fb7-4a49-93ea-8b084d73a6a2;395.35;0.1;SELL
2016-03-06T00:17:33.173000;2016-03-06T00:17:33.257000;fcf7faa0-4b98-48f9-a142-2250932b60eb;395.34;0.01;SELL
2016-03-06T00:17:33.173000;2016-03-06T00:17:33.277000;bc3706ff-3411-4b6d-80af-8d3de0c5761b;395.32;2.20944818;SELL
2016-03-06T00:17:51.423000;2016-03-06T00:17:51.460000;26ef81ae-6b9b-4efc-ad2f-bbe0244a4eb2;395.7;15.0;BUY
2016-03-06T00:18:01.710000;2016-03-06T00:18:01.750000;9def09c5-7be4-4f6f-a2a9-84171f2c012b;395.48;0.12023;BUY
2016-03-06T00:18:25.817000;2016-03-06T00:18:25.940000;40a6bec5-d5d9-4d44-b7a1-25bb8361fb01;395.64;15.0;BUY
2016-03-06T00:18:33.610000;2016-03-06T00:18:33.667000;60a7788a-3afb-4a8f-beec-2a0c1de156af;395.7;1.70884;BUY
2016-03-06T00:18:54.850000;2016-03-06T00:18:54.883000;8adce1bb-7b74-4ae9-af9e-6e5abfbf3a96;395.39;0.508;BUY
2016-03-06T00:18:54.850000;2016-03-06T00:18:54.947000;3e2b3b58-1996-4914-8755-b12fe4d362a2;395.4;23.9571468;BUY
2016-03-06T00:19:01.537000;2016-03-06T00:19:01.590000;625f3551-d2d2-42bf-8209-0ff0537a3db1;395.36;0.01;SELL
2016-03-06T00:19:01.540000;2016-03-06T00:19:01.640000;d4720b39-9a21-4852-8616-e145b3691184;395.32;0.21678;SELL
2016-03-06T00:19:32.667000;2016-03-06T00:19:32.697000;0e05110d-be4a-4334-8fc3-8e69ebf02958;395.39;0.50831;BUY
2016-03-06T00:20:01.747000;2016-03-06T00:20:01.777000;f63fe164-eaac-43bf-8c62-eb373670c4d0;395.33;0.01;SELL
2016-03-06T00:20:01.747000;2016-03-06T00:20:01.823000;eff8e345-3162-4d49-ac0d-6f94f6f1da2a;395.32;1.89818;SELL
2016-03-06T00:20:01.953000;2016-03-06T00:20:01.997000;21877d02-f1e0-47a0-a164-38ec52c45dfc;395.34;0.01070667;BUY
2016-03-06T00:20:31.837000;2016-03-06T00:20:31.877000;1b6f4330-e979-48ca-aea9-394aad6b6804;395.33;0.65305;BUY
2016-03-06T00:21:01.563000;2016-03-06T00:21:01.597000;1dea0c1f-257e-4eec-97b6-03e74a26e44f;395.32;5.59459182;SELL
2016-03-06T00:21:01.567000;2016-03-06T00:21:01.630000;8e580274-6e6d-4e75-a28d-bbc9fa62665e;395.28;0.01;SELL
2016-03-06T00:21:01.567000;2016-03-06T00:21:01.630000;7414a8d8-6eed-468a-8ba1-8d0bb766afcf;395.24;0.01;SELL
2016-03-06T00:21:01.567000;2016-03-06T00:21:01.630000;2213ca9b-6fb2-491f-93a5-1f6cd45b21c2;395.2;0.01983991;SELL
2016-03-06T00:21:01.567000;2016-03-06T00:21:01.630000;414cc2aa-8bf3-4e27-a713-440538f90458;395.15;0.01;SELL
2016-03-06T00:21:01.567000;2016-03-06T00:21:01.680000;40b928ed-8b98-4c2b-9a4b-24547b63d072;395.14;0.01;SELL
2016-03-06T00:21:01.567000;2016-03-06T00:21:01.683000;2373bd25-494b-490d-a310-c3f5c506913b;395.05;0.404;SELL
2016-03-06T00:21:01.567000;2016-03-06T00:21:01.683000;4d07db1c-be1b-4f1b-8453-15b1a1bd3b1f;395.04;0.01;SELL
2016-03-06T00:21:01.567000;2016-03-06T00:21:01.683000;6b74a1e2-8de1-4152-a844-5b916ebf3cf9;395.0;0.20494787;SELL
2016-03-06T00:21:01.567000;2016-03-06T00:21:01.683000;dc605a20-ad30-4a71-b1d0-70a8679d374d;395.0;0.01983991;SELL
2016-03-06T00:21:01.567000;2016-03-06T00:21:01.727000;319ce86d-ded5-477a-8630-9ff302cd9592;395.0;0.25;SELL
2016-03-06T00:21:01.567000;2016-03-06T00:21:01.727000;c245fb17-c354-4639-ab3b-21a3e89eac26;394.97;0.19;SELL
2016-03-06T00:21:01.567000;2016-03-06T00:21:01.727000;031473ad-d306-4055-ae98-c6e79b4ce4cb;394.96;0.02;SELL
2016-03-06T00:21:01.567000;2016-03-06T00:21:01.727000;ad0f1793-a4b9-464b-96cb-444ff5baec00;394.95;0.025;SELL
2016-03-06T00:21:01.567000;2016-03-06T00:21:01.727000;454f046b-9fa5-4bfb-916d-8ebee16391d4;394.94;0.01;SELL
2016-03-06T00:21:01.567000;2016-03-06T00:21:01.770000;cac16a03-670c-46cb-9c84-29646f82f933;394.92;0.183;SELL
2016-03-06T00:21:01.567000;2016-03-06T00:21:01.770000;ba5a8db0-0ec2-44e3-9b8e-04b2dbeafd15;394.88;0.4404;SELL
2016-03-06T00:21:01.567000;2016-03-06T00:21:01.770000;dd4ac702-aeaf-48d2-b6ac-1c3cccc05313;394.86;0.01;SELL
2016-03-06T00:21:01.567000;2016-03-06T00:21:01.770000;f41bfe2c-f5f4-4afc-8992-b0c41820de3e;394.84;0.01;SELL
2016-03-06T00:21:01.567000;2016-03-06T00:21:01.770000;0adca28b-0a66-4f6f-afa7-6662aad7601a;394.82;0.01;SELL
2016-03-06T00:21:01.567000;2016-03-06T00:21:01.770000;5487cda2-b59d-43f9-ba62-1f5c55901f47;394.75;0.71080049;SELL
2016-03-06T00:21:30.263000;2016-03-06T00:21:30.290000;897fb095-e58e-4bde-89a9-340a0e47c16a;395.01;0.01;SELL
2016-03-06T00:21:32.070000;2016-03-06T00:21:32.127000;ca6eb217-0cba-42ce-94d2-6b70d989d859;394.97;0.07284;BUY
2016-03-06T00:21:51.293000;2016-03-06T00:21:51.320000;46f6a143-042a-4bf1-8b87-3081d98d5802;394.94;0.01;SELL
2016-03-06T00:21:51.293000;2016-03-06T00:21:51.340000;235b42bf-1478-43fb-bd55-5fe0f2fd99ed;394.93;0.01;SELL
2016-03-06T00:21:51.297000;2016-03-06T00:21:51.367000;792b6ef8-7203-497d-9d17-31717effc977;394.8;0.01985452;SELL
2016-03-06T00:22:01.700000;2016-03-06T00:22:01.727000;9a0a72fb-60d7-476d-ac05-83e3b1da9026;394.75;0.05;BUY
2016-03-06T00:22:01.997000;2016-03-06T00:22:02.017000;142b9dab-a8bc-4de6-9ee8-f6bce80b20ae;394.75;0.01473667;BUY
2016-03-06T00:22:35.193000;2016-03-06T00:22:35.217000;8de9b5eb-1e32-457c-9feb-a6c645235809;394.75;0.29677;BUY
2016-03-06T00:22:36.110000;2016-03-06T00:22:36.273000;e65d6729-7e33-4cc6-acf9-b5e2d23be836;394.75;0.01;BUY
2016-03-06T00:23:01.753000;2016-03-06T00:23:01.777000;ea6862a1-30e2-4a19-97fc-729f3b0ea3fc;394.74;0.01;SELL
2016-03-06T00:23:01.753000;2016-03-06T00:23:01.797000;dbbd27fc-c932-4f9c-8a70-8b3ba78b6f50;394.69;0.01;SELL
2016-03-06T00:23:01.753000;2016-03-06T00:23:01.827000;f7792fef-ed31-4a73-84b8-d7e713b9c3d5;394.68;0.083;SELL
2016-03-06T00:23:01.753000;2016-03-06T00:23:01.847000;0effc5e2-c3a9-4374-b674-db46f6cadee5;394.64;0.01;SELL
2016-03-06T00:23:01.753000;2016-03-06T00:23:01.847000;f6f705e3-6faa-4934-b660-a30204a9e71a;394.63;0.079;SELL
2016-03-06T00:23:01.753000;2016-03-06T00:23:01.863000;61ee8ea3-9118-4675-9e69-9d33b98dc690;394.6;0.01985452;SELL
2016-03-06T00:23:01.753000;2016-03-06T00:23:01.863000;3c02db6d-e145-46cf-b2cd-a9bea2a477e0;394.58;0.082;SELL
2016-03-06T00:23:01.753000;2016-03-06T00:23:01.863000;a21e32fb-c5b8-40fb-9963-eb6daa6ac273;394.54;0.01;SELL
2016-03-06T00:23:01.753000;2016-03-06T00:23:01.863000;da7072e6-618b-40bd-8780-bd84a9c7a0ed;394.53;0.92432548;SELL
2016-03-06T00:23:32.397000;2016-03-06T00:23:32.463000;4fb6b938-dd2c-439e-9d55-f132081f36ec;394.52;0.01;SELL
2016-03-06T00:23:32.397000;2016-03-06T00:23:32.517000;53152a5c-1ff2-4811-a067-aff69a82592a;394.51;0.01;SELL
2016-03-06T00:23:32.397000;2016-03-06T00:23:32.540000;82784718-11ee-4997-9b43-af1838e9355d;394.51;0.093;SELL
2016-03-06T00:23:32.397000;2016-03-06T00:23:32.540000;e447dc18-8eed-4814-b194-6213fec5b60d;394.5;0.5;SELL
2016-03-06T00:23:32.397000;2016-03-06T00:23:32.540000;e80baf86-416c-4cc3-b6e4-f0749651bcf5;394.46;0.111;SELL
2016-03-06T00:23:32.397000;2016-03-06T00:23:32.573000;f315beb4-1327-4aa1-8b34-5b489f448b0f;394.44;0.01;SELL
2016-03-06T00:23:32.397000;2016-03-06T00:23:32.573000;b0563f44-bb9a-47cc-8f30-480894fa46d8;394.41;0.12;SELL
2016-03-06T00:23:32.397000;2016-03-06T00:23:32.573000;d4e6a442-a223-45bb-b76b-6678274660b0;394.4;0.01985452;SELL
2016-03-06T00:23:32.397000;2016-03-06T00:23:32.573000;e56683d5-4961-49ff-b63b-cec95f336597;394.39;0.02;SELL
2016-03-06T00:23:32.397000;2016-03-06T00:23:32.573000;e7efbc48-29c7-4090-9dfb-534784b6c85b;394.36;2.37218548;SELL
2016-03-06T00:24:01.883000;2016-03-06T00:24:01.980000;78dca648-a5fb-400f-bf77-68c9637de25d;394.38;6.05;SELL
2016-03-06T00:24:01.883000;2016-03-06T00:24:01.980000;e8596037-47c5-4b9c-a115-0014ed26ae09;394.37;0.01;SELL
2016-03-06T00:24:01.883000;2016-03-06T00:24:01.980000;99f8974a-f845-4daa-97e4-e39dceab6bae;394.36;5.10781452;SELL
2016-03-06T00:24:01.883000;2016-03-06T00:24:01.980000;fab05300-aa10-4f56-843a-f3c55c35b36e;394.36;0.361;SELL
2016-03-06T00:24:01.883000;2016-03-06T00:24:01.997000;41da01ba-5fb8-4686-94ef-7b1b9710e2fe;394.34;0.01;SELL
2016-03-06T00:24:01.883000;2016-03-06T00:24:02.000000;e85bf0dd-93d0-4045-a8d1-a0988891fdb7;394.32;0.01;SELL
2016-03-06T00:24:01.883000;2016-03-06T00:24:02.000000;e8bd7b47-d0ce-4c0d-978e-6744a6334e16;394.27;0.6288;SELL
2016-03-06T00:24:01.883000;2016-03-06T00:24:02.023000;7194a4e8-8c6f-4e7d-b7c6-3e63e5c8e4c8;394.24;0.01;SELL
2016-03-06T00:24:01.883000;2016-03-06T00:24:02.023000;675f1bda-9b95-4f3c-a0c0-b0e97396eaac;394.22;4.067;SELL
2016-03-06T00:24:01.887000;2016-03-06T00:24:02.043000;8a8d4fd9-ebd2-4ad1-8ad2-42e2a3ebe582;394.2;0.01986866;SELL
2016-03-06T00:24:01.887000;2016-03-06T00:24:02.043000;9397ad30-0a1a-4675-8e62-b3770b90a390;394.15;0.38318734;SELL
2016-03-06T00:24:01.887000;2016-03-06T00:24:02.043000;2cca6ed8-8800-4dab-b388-16591f099f6b;394.14;0.01;SELL
2016-03-06T00:24:01.887000;2016-03-06T00:24:02.047000;722c1f63-af0e-45cd-80a3-b8452d8b8a44;394.13;0.72;SELL
2016-03-06T00:24:01.887000;2016-03-06T00:24:02.047000;02a19c9e-732b-4951-8a8c-12cf5520d85c;394.12;0.06;SELL
2016-03-06T00:24:01.887000;2016-03-06T00:24:02.047000;87f1e3a5-4cbc-411c-8a3e-56e6bcdf7460;394.1;5.53607948;SELL
2016-03-06T00:24:31.840000;2016-03-06T00:24:31.940000;7724c9d2-e804-49b9-9f0a-f3fcca001598;394.47;5.10892;BUY
2016-03-06T00:25:02.133000;2016-03-06T00:25:02.197000;153ee5c8-68ca-4ba5-9493-5679e023d9cc;394.41;1.88264;BUY
2016-03-06T00:25:12.940000;2016-03-06T00:25:13.003000;7da0c869-1cf9-451d-9c62-0a66e4fe49ab;394.42;0.23;BUY
2016-03-06T00:25:13.870000;2016-03-06T00:25:13.927000;c2efcebf-cd43-4c59-9f00-c1c68a9721f9;394.42;0.06682;BUY
2016-03-06T00:25:14.073000;2016-03-06T00:25:14.140000;5d001863-f32e-44dc-aae1-c3410442303b;394.42;0.133692;BUY
2016-03-06T00:25:14.183000;2016-03-06T00:25:14.250000;fa2f0dab-64b8-46a4-a272-b019390cfcd1;394.42;0.0749;BUY
2016-03-06T00:25:14.267000;2016-03-06T00:25:14.343000;6f2c231a-f20d-4553-90c0-3476f9937f1f;394.42;0.026588;BUY
2016-03-06T00:25:14.267000;2016-03-06T00:25:14.343000;b7348d6b-67ce-475b-b9fc-29004b8cbf7a;394.48;0.038;BUY
2016-03-06T00:25:31.837000;2016-03-06T00:25:31.893000;b122617f-46aa-40d2-a93e-6257d138a75b;394.49;0.04909;BUY
2016-03-06T00:25:57.357000;2016-03-06T00:25:57.410000;65eea1ce-25b9-41f5-86d6-a3cb542f1dbb;394.42;0.05;SELL
2016-03-06T00:25:57.357000;2016-03-06T00:25:57.443000;5c3aabc1-da72-4430-bfd6-0b4af9929806;394.42;0.315;SELL
2016-03-06T00:25:57.357000;2016-03-06T00:25:57.460000;7b1d8069-2ee7-4aed-9e71-96bb6769a1c4;394.4;0.5383;SELL
2016-03-06T00:25:57.363000;2016-03-06T00:25:57.463000;8caa499f-a717-4e52-9d43-231a8bc459f3;394.4;0.876616;SELL
2016-03-06T00:25:57.367000;2016-03-06T00:25:57.463000;4d794df8-c1ec-4d54-8b5b-070ca34b2815;394.4;0.087192;SELL
2016-03-06T00:25:57.413000;2016-03-06T00:25:57.500000;ae852490-dc29-486a-97ea-f4258e3f79cd;394.4;1.19595;SELL
2016-03-06T00:26:02.133000;2016-03-06T00:26:02.240000;3fc0243f-bca3-4545-a27f-bd46ab1be88d;394.5;0.01;BUY
2016-03-06T00:26:02.133000;2016-03-06T00:26:02.240000;594cae30-0e72-4d8f-a612-b52f47b5d4b6;394.5;0.02235622;BUY
2016-03-06T00:26:02.133000;2016-03-06T00:26:02.240000;233cd876-e232-4ddd-9f55-83aa5442a317;394.54;0.81151378;BUY
2016-03-06T00:26:31.853000;2016-03-06T00:26:31.913000;0905eb24-06b1-41b3-8e87-247e84d64cd8;394.49;2.8803;BUY
2016-03-06T00:27:01.727000;2016-03-06T00:27:01.827000;741bedcc-a1a6-4b79-86f6-ff6788b806c6;394.53;1.24;BUY
2016-03-06T00:27:01.727000;2016-03-06T00:27:01.827000;95ab727d-c2f7-4fda-b279-931b7de91de2;394.54;0.82848622;BUY
2016-03-06T00:27:01.727000;2016-03-06T00:27:01.827000;87569350-3c15-41b7-9c79-44a9bf3331ff;394.55;0.01;BUY
2016-03-06T00:27:01.730000;2016-03-06T00:27:01.827000;196fa060-f51f-4fd5-8891-13e4f35325ff;394.55;0.01;BUY
2016-03-06T00:27:01.730000;2016-03-06T00:27:01.827000;28993072-7d74-414c-bd82-10e39151c99b;394.57;0.14;BUY
2016-03-06T00:27:01.730000;2016-03-06T00:27:01.847000;dd80ee6f-e476-444b-98f7-8620b89c0060;394.59;0.238;BUY
2016-03-06T00:27:01.730000;2016-03-06T00:27:01.847000;0c1cd7d2-65d2-4177-9fee-715a03d1c3d0;394.67;0.38482378;BUY
2016-03-06T00:27:31.607000;2016-03-06T00:27:31.657000;c3a22c86-1af6-432f-b2e2-f424efaa5bd4;394.57;0.321;SELL
2016-03-06T00:27:31.607000;2016-03-06T00:27:31.687000;4f5862b0-aab6-4b58-9a6a-c1c9cef6e88f;394.57;0.05;SELL
2016-03-06T00:27:31.607000;2016-03-06T00:27:31.703000;488838ba-06af-4653-ab3f-3c1d4b2e06ec;394.57;0.37;SELL
2016-03-06T00:27:31.607000;2016-03-06T00:27:31.703000;d3a61739-ec08-4d86-8d20-7656ccdec6b7;394.56;0.68872;SELL
2016-03-06T00:27:39.473000;2016-03-06T00:27:39.523000;d75c13b1-7d9b-4015-8714-4342c9b07028;394.7;0.01;BUY
2016-03-06T00:27:39.477000;2016-03-06T00:27:39.560000;e6afd13f-4fc3-4078-a2ef-3fa86a1b7199;394.7;0.01986866;BUY
2016-03-06T00:27:39.477000;2016-03-06T00:27:39.580000;6b37ab7d-f71b-40eb-9231-6046b7ec6cab;394.73;0.04949134;BUY
2016-03-06T00:27:39.480000;2016-03-06T00:27:39.580000;834ee87c-b6d7-4c90-abf4-178fa3a8481b;394.73;0.07350866;BUY
2016-03-06T00:27:39.480000;2016-03-06T00:27:39.583000;918b47f8-5a9d-451a-9052-1ab0fb30aea0;394.74;0.01;BUY
2016-03-06T00:27:39.480000;2016-03-06T00:27:39.610000;89573ffb-53ae-42b0-a61b-7eb046d0d64a;394.78;0.03479134;BUY
2016-03-06T00:27:39.490000;2016-03-06T00:27:39.610000;3ee75222-0798-4a55-a0b3-9b77c09ba205;394.78;0.04020866;BUY
2016-03-06T00:27:39.490000;2016-03-06T00:27:39.610000;26fdc257-ec98-41a4-abcd-99dda2db8676;394.81;0.03014134;BUY
2016-03-06T00:28:02.050000;2016-03-06T00:28:02.120000;67383fb1-963c-41c3-84f8-44f0316faee3;394.86;0.20223;BUY
2016-03-06T00:28:32.217000;2016-03-06T00:28:32.280000;5fefe852-5fde-4769-894e-7a6725fcb81c;394.66;0.01;SELL
2016-03-06T00:28:32.217000;2016-03-06T00:28:32.280000;32eff0e7-222b-4b91-a38c-6fa4521bc9ae;394.65;0.24;SELL
2016-03-06T00:28:32.217000;2016-03-06T00:28:32.283000;9b379c38-2f2d-4149-888a-f4cf71ceec37;394.64;0.27;SELL
2016-03-06T00:28:32.217000;2016-03-06T00:28:32.303000;0bb70fc7-7038-412c-890b-4246788b2a5b;394.57;0.85965;SELL
2016-03-06T00:28:36.783000;2016-03-06T00:28:36.833000;5e52132c-b83b-4dda-838c-70e5c977c800;394.81;0.01;BUY
2016-03-06T00:29:01.877000;2016-03-06T00:29:02.057000;f421215d-c1b2-4ec8-bb15-416153381c7c;394.73;0.36;BUY
2016-03-06T00:29:01.877000;2016-03-06T00:29:02.057000;1053820d-acc4-46b0-849c-deb623069d2e;394.73;0.24;BUY
2016-03-06T00:29:01.877000;2016-03-06T00:29:02.057000;5df1002f-5b4a-4680-a4fd-0086bcdd24b7;394.74;0.36144;BUY
2016-03-06T00:29:38.910000;2016-03-06T00:29:38.963000;83f206fe-4f8f-474a-b2db-70fe8ebdecb1;394.79;0.3787;BUY
2016-03-06T00:30:02.627000;2016-03-06T00:30:02.683000;9dd0c04f-4f2f-4ef8-b1e8-95787e302675;394.77;0.08777;BUY
2016-03-06T00:30:32.403000;2016-03-06T00:30:32.460000;2c618b4d-9866-4a9d-97e4-665b6a6cfb46;394.51;0.63308;SELL
2016-03-06T00:31:02.263000;2016-03-06T00:31:02.310000;6ab4476a-62ad-4643-8404-47bb55bba5d2;394.56;0.05;BUY
2016-03-06T00:31:02.263000;2016-03-06T00:31:02.310000;3a9a4d7f-7fec-4339-ad43-839eb5d57a25;394.56;0.579;BUY
2016-03-06T00:31:02.263000;2016-03-06T00:31:02.337000;a1094a59-59b3-4b87-8cac-0e61114731a0;394.59;1.15034;BUY
2016-03-06T00:31:31.633000;2016-03-06T00:31:31.680000;af5d3485-b91b-4a2b-9a62-9c20ff852868;394.52;0.01;SELL
2016-03-06T00:31:31.637000;2016-03-06T00:31:31.730000;2b42c16d-e4e8-4a0c-a707-c448088820e8;394.51;0.03692;SELL
2016-03-06T00:31:31.637000;2016-03-06T00:31:31.730000;0f18f569-84c3-4680-a6fa-4ec466cb4d6d;394.5;0.01;SELL
2016-03-06T00:31:31.637000;2016-03-06T00:31:31.730000;b398f77a-9076-4f8f-9fac-e5f260d37182;394.5;0.01;SELL
2016-03-06T00:31:31.637000;2016-03-06T00:31:31.730000;e53d222b-1131-4093-9c35-2ebf6adf7f11;394.5;0.22;SELL
2016-03-06T00:31:31.637000;2016-03-06T00:31:31.780000;c4c2fc40-e518-42b3-bf21-4e752463c34f;394.4;0.16039;SELL
2016-03-06T00:32:00.587000;2016-03-06T00:32:00.627000;ae263fbf-e8ff-492f-9f5a-5851dd9eef25;394.4;0.706552;SELL
2016-03-06T00:32:00.587000;2016-03-06T00:32:00.677000;9df2103d-8028-412e-85ec-b138c254de6e;394.36;0.01;SELL
2016-03-06T00:32:00.587000;2016-03-06T00:32:00.677000;847196e5-01f1-4326-80a0-d201e8ad8de6;394.33;0.154;SELL
2016-03-06T00:32:00.587000;2016-03-06T00:32:00.677000;2427f902-1a02-4690-80bf-a370c44d37f1;394.26;0.02;SELL
2016-03-06T00:32:00.587000;2016-03-06T00:32:00.677000;d9a57bcd-41e5-4387-b94c-78e3a0344726;394.23;5.681398;SELL
2016-03-06T00:32:02.167000;2016-03-06T00:32:02.210000;a8a3db1e-c507-4392-b542-60a3a2835af7;394.45;2.2635;BUY
2016-03-06T00:32:38.773000;2016-03-06T00:32:38.813000;6d30dd06-80ca-46f4-8c8e-dac6e60946a6;394.23;0.63375;SELL
2016-03-06T00:33:01.720000;2016-03-06T00:33:01.757000;b002e948-01b8-43da-bafa-f72aa7e2cb9a;394.4;0.05;BUY
2016-03-06T00:33:01.720000;2016-03-06T00:33:01.783000;1d7b8f4a-11ac-4047-9d3c-ae29a3dcea39;394.51;0.19762;BUY
2016-03-06T00:33:31.790000;2016-03-06T00:33:31.823000;4179a21b-fd79-4300-894e-97534a329b5b;394.5;2.02558;BUY
2016-03-06T00:34:00.887000;2016-03-06T00:34:00.923000;69d23122-59d9-4538-8db6-60c3a40052dd;394.37;2.42398;BUY
2016-03-06T00:34:37.353000;2016-03-06T00:34:37.380000;a25ad981-6caf-4d6c-b766-0f6b9772ae2e;394.33;0.01;BUY
2016-03-06T00:34:57.800000;2016-03-06T00:34:57.833000;6a8f37e6-4cb2-4206-93cb-f1b4fcdbe228;394.24;0.01;SELL
2016-03-06T00:35:30.627000;2016-03-06T00:35:30.657000;2b329177-7d5e-4663-8ffd-ab20ef8c7c30;394.23;0.02189656;SELL
2016-03-06T00:35:30.627000;2016-03-06T00:35:30.677000;4b4f42b1-bf0b-4c99-8dd8-7fb21d000dee;394.2;0.01986866;SELL
2016-03-06T00:35:30.627000;2016-03-06T00:35:30.677000;31c52781-03a5-46f8-a88b-1a33798f4dfc;394.1;0.00390478;SELL
2016-03-06T00:36:00.697000;2016-03-06T00:36:00.730000;f6ba8842-a62b-4ac7-9813-d898883e83c3;394.1;0.01;SELL
2016-03-06T00:36:00.697000;2016-03-06T00:36:00.750000;573e0985-df13-41b3-82c0-213ccf93c31f;394.09;0.01;SELL
2016-03-06T00:36:00.697000;2016-03-06T00:36:00.773000;c804ffc3-ece6-46e1-b655-5c9c056b2343;394.04;0.01;SELL
2016-03-06T00:36:00.697000;2016-03-06T00:36:00.773000;158460d3-0640-4d69-8c4a-3efa7e115ce6;394.0;0.01004;SELL
2016-03-06T00:36:00.697000;2016-03-06T00:36:00.773000;b0998551-f926-413d-bc2a-ae210763b529;394.0;0.1;SELL
2016-03-06T00:36:00.697000;2016-03-06T00:36:00.773000;71eddf7d-db5b-4bfc-a1d9-e217b3c4098e;394.0;0.20516283;SELL
2016-03-06T00:36:00.697000;2016-03-06T00:36:00.773000;7fd0f0e8-dff2-4118-a262-f587c8b6ee86;394.0;0.01986866;SELL
2016-03-06T00:36:00.697000;2016-03-06T00:36:00.817000;8d9aaee2-7e91-44c8-a380-11f2a9532120;393.94;0.01;SELL
2016-03-06T00:36:00.700000;2016-03-06T00:36:00.817000;19485f48-a3b3-4b33-9cd6-ef4f19df3f2f;393.94;0.118;SELL
2016-03-06T00:36:00.700000;2016-03-06T00:36:00.817000;9c928bdf-46f0-4b20-85da-366e5a45f99e;393.86;0.01;SELL
2016-03-06T00:36:00.700000;2016-03-06T00:36:00.817000;f39a2965-ea0a-463d-8d4c-124e320435bd;393.84;0.01;SELL
2016-03-06T00:36:00.700000;2016-03-06T00:36:00.817000;77e70bcc-c374-41c4-9c28-45c2c73c8104;393.82;0.02;SELL
2016-03-06T00:36:00.700000;2016-03-06T00:36:00.833000;e5a40317-e6d3-4f46-bf31-a0cb8ed8b2bf;393.8;0.01987551;SELL
2016-03-06T00:36:00.700000;2016-03-06T00:36:00.837000;2afe854d-f633-426c-81eb-a5cb05f5fd2c;393.74;0.01;SELL
2016-03-06T00:36:00.700000;2016-03-06T00:36:00.837000;e97ad3bb-ccd6-461b-9e4f-2fed00882b00;393.73;9.033;SELL
2016-03-06T00:36:00.700000;2016-03-06T00:36:00.837000;b3441a01-22ab-4b1c-98b0-4082b15e9263;393.72;0.01;SELL
2016-03-06T00:36:00.700000;2016-03-06T00:36:00.837000;6c0d80c4-7a3d-41ec-89e0-013f3b1c0196;393.68;0.72;SELL
2016-03-06T00:36:00.700000;2016-03-06T00:36:00.860000;7f40b3ff-15db-4cce-8505-b3f1950c253f;393.67;0.6228;SELL
2016-03-06T00:36:00.700000;2016-03-06T00:36:00.860000;4ec21e4b-4292-4c1f-97c4-85fcf013e20b;393.65;4.32;SELL
2016-03-06T00:36:00.703000;2016-03-06T00:36:00.860000;a7e67443-5f1b-41a0-ab1a-98445b74edb9;393.64;0.01;SELL
2016-03-06T00:36:00.703000;2016-03-06T00:36:00.860000;081feed4-cf6f-41aa-b899-3a2a0b18d131;393.6;0.01;SELL
2016-03-06T00:36:00.703000;2016-03-06T00:36:00.877000;476710b1-0736-461c-bf1b-711c82cefa93;393.59;2.341133;SELL
2016-03-06T00:36:28.587000;2016-03-06T00:36:28.623000;a270dc51-c200-4667-a983-237bddbd3703;393.74;0.01;SELL
2016-03-06T00:36:28.587000;2016-03-06T00:36:28.683000;72ae1e1a-b7a0-4e77-9c81-4b9d91514b5d;393.73;0.01;SELL
2016-03-06T00:36:31.093000;2016-03-06T00:36:31.217000;6457225c-b24c-4981-92fe-88560b8a0d12;393.71;0.12568;BUY
2016-03-06T00:37:02.040000;2016-03-06T00:37:02.067000;090a6142-b545-4273-9cd9-c7f49a8db40d;393.61;0.01;SELL
2016-03-06T00:37:02.040000;2016-03-06T00:37:02.083000;ed4633c4-3783-49c4-bc0d-9fafa7e3f76b;393.6;0.01987551;SELL
2016-03-06T00:37:03.107000;2016-03-06T00:37:03.140000;c54fcf4e-195d-4405-aeec-707bc0089fff;393.58;0.05138;BUY
2016-03-06T00:37:14.570000;2016-03-06T00:37:14.593000;09e68934-2cd0-44aa-86d4-017b221b1a3f;393.56;6.98;SELL
2016-03-06T00:37:30.947000;2016-03-06T00:37:30.983000;eb208d71-7890-4b3c-931a-2b8c785cd996;393.55;0.01;SELL
2016-03-06T00:37:30.947000;2016-03-06T00:37:31.000000;e94215e0-c0eb-49d7-ac2e-f4a58c1f0537;393.54;0.01;SELL
2016-03-06T00:37:30.947000;2016-03-06T00:37:31.017000;5350b6e6-90e7-49f3-85c4-8d0d4044e193;393.52;0.092;SELL
2016-03-06T00:37:30.947000;2016-03-06T00:37:31.017000;6ce0c209-d5ed-42a5-9e79-cf80a95a47ac;393.44;0.01;SELL
2016-03-06T00:37:30.947000;2016-03-06T00:37:31.020000;a48691f1-b409-4f85-9649-df1ad56850b7;393.4;0.01987551;SELL
2016-03-06T00:37:30.947000;2016-03-06T00:37:31.020000;d2f5a12a-a889-44a9-9655-16f3c43822f2;393.4;0.22638449;SELL
2016-03-06T00:37:54.097000;2016-03-06T00:37:54.120000;a4638e89-db57-40a1-a353-cc1564594d4d;393.51;0.2;BUY
2016-03-06T00:38:01.310000;2016-03-06T00:38:01.347000;54ecfe64-7867-41df-b766-07ff636a2cb2;393.62;0.71566;BUY
2016-03-06T00:38:34.043000;2016-03-06T00:38:34.107000;b64bde33-e1be-45d7-9340-0f652dfa0a06;393.41;2.294;BUY
2016-03-06T00:39:00.903000;2016-03-06T00:39:00.970000;e3889f79-4d64-4722-a826-9f986fab6d08;393.4;0.01;SELL
2016-03-06T00:39:00.903000;2016-03-06T00:39:00.990000;c79e0afb-f09c-4e27-b72c-5061971bdc52;393.34;0.01;SELL
2016-03-06T00:39:00.903000;2016-03-06T00:39:01.013000;64ca33e5-64f9-4290-b478-47e2b6218625;393.32;0.01;SELL
2016-03-06T00:39:00.903000;2016-03-06T00:39:01.013000;ed2aaead-d5c6-4851-ad14-09860cd6db8f;393.31;0.03;SELL
2016-03-06T00:39:00.903000;2016-03-06T00:39:01.013000;c2420912-2a8a-4b53-ab20-e126f086dd39;393.29;0.079;SELL
2016-03-06T00:39:00.903000;2016-03-06T00:39:01.060000;0c0408e7-7f78-48a6-9235-78ad099e9a40;393.25;0.02;SELL
2016-03-06T00:39:00.903000;2016-03-06T00:39:01.060000;132149c1-bba0-4eea-af09-a15ced4d151e;393.24;0.01;SELL
2016-03-06T00:39:00.903000;2016-03-06T00:39:01.060000;f0f2baad-c406-4a0d-bd6b-84d204344301;393.24;0.121;SELL
2016-03-06T00:39:00.903000;2016-03-06T00:39:01.060000;e6cb8bd3-4b42-473d-948b-a6f41758efff;393.2;0.01987551;SELL
2016-03-06T00:39:00.903000;2016-03-06T00:39:01.060000;2afacbc4-1d03-4cb0-99c0-acdc1b54c9d3;393.19;0.119;SELL
2016-03-06T00:39:00.903000;2016-03-06T00:39:01.060000;0dd79435-dda1-4af9-b226-ddf2167fa3f6;393.14;0.01;SELL
2016-03-06T00:39:00.903000;2016-03-06T00:39:01.060000;d9b7a9b3-b73a-45d2-a58a-fdf652691842;393.13;0.01;SELL
2016-03-06T00:39:00.903000;2016-03-06T00:39:01.060000;ee5d04e9-14a7-4a7f-8c61-0306238397fc;393.07;0.121;SELL
2016-03-06T00:39:00.903000;2016-03-06T00:39:01.060000;ca352d5a-b53a-4b2f-9594-29d550a39031;393.06;0.5784;SELL
2016-03-06T00:39:00.903000;2016-03-06T00:39:01.060000;89e76ccb-a60a-46f7-9203-42d9bd570e66;393.05;0.41727449;SELL
2016-03-06T00:39:16.430000;2016-03-06T00:39:16.513000;8cea584a-9cc5-474e-a05d-fd05dd0d6734;393.07;0.01;SELL
2016-03-06T00:39:16.430000;2016-03-06T00:39:16.513000;836edb8c-a99c-40ad-968b-a1000478e36b;393.06;0.01;SELL
2016-03-06T00:39:16.430000;2016-03-06T00:39:16.513000;c1265a83-64af-422a-9552-b32b6997cc84;393.04;0.01;SELL
2016-03-06T00:39:16.430000;2016-03-06T00:39:16.533000;3043a82d-e079-47ad-823c-166778e91c0c;393.01;0.97;SELL
2016-03-06T00:39:22.067000;2016-03-06T00:39:22.133000;9e5bd9bd-590d-4318-9a7b-d5304b6cfefa;393.01;0.01;SELL
2016-03-06T00:39:23.103000;2016-03-06T00:39:23.190000;6391a6c0-370b-4055-a18e-aa01cafd6e73;393.02;0.01;SELL
2016-03-06T00:39:23.103000;2016-03-06T00:39:23.190000;f00e7947-92c2-477f-b0b0-553f9c20c5a5;393.01;0.23;SELL
2016-03-06T00:39:23.103000;2016-03-06T00:39:23.210000;42030056-3265-4673-8936-46dcfad8a15f;393.0;0.504;SELL
2016-03-06T00:39:23.103000;2016-03-06T00:39:23.210000;ffa04836-a3dc-4c29-9a43-e4f7fb0c7938;393.0;0.01005;SELL
2016-03-06T00:39:23.103000;2016-03-06T00:39:23.210000;c7f19c5b-4464-4b06-b860-2379f3a9ffb1;393.0;0.1;SELL
2016-03-06T00:39:23.103000;2016-03-06T00:39:23.210000;2eedcd20-8a4d-4afa-b55f-079ec163e12e;393.0;0.20526095;SELL
2016-03-06T00:39:23.103000;2016-03-06T00:39:23.237000;b2e9a8ed-89ea-410e-8264-a6b50483067a;393.0;0.01987551;SELL
2016-03-06T00:39:23.103000;2016-03-06T00:39:23.237000;074a2ce7-ce1e-4e09-827f-da57adcab9b5;392.95;5.04;SELL
2016-03-06T00:39:23.103000;2016-03-06T00:39:23.237000;253d3d14-7e1e-47a8-a943-9683b398bf37;392.94;0.01;SELL
2016-03-06T00:39:23.103000;2016-03-06T00:39:23.237000;c591c03f-e376-4c0d-b46e-845cca5abe03;392.93;2.64;SELL
2016-03-06T00:39:23.103000;2016-03-06T00:39:23.237000;eecd40b7-f118-4f0e-9bd9-2b003a48d762;392.92;0.03;SELL
2016-03-06T00:39:23.103000;2016-03-06T00:39:23.237000;08d7b9da-2c7e-4907-90cf-33691dc7e1e9;392.87;1.20081354;SELL
2016-03-06T00:39:27.193000;2016-03-06T00:39:27.290000;1b95e284-9b5c-4fd7-90ff-556f03cef590;392.9;0.01;SELL
2016-03-06T00:39:27.757000;2016-03-06T00:39:27.820000;b26ac03c-0575-49a7-b184-8bc4719d67b2;392.9;6.24;SELL
2016-03-06T00:39:27.757000;2016-03-06T00:39:27.850000;d8f001ee-af16-42de-88a4-ceb9375d1e6c;392.89;0.01;SELL
2016-03-06T00:39:27.757000;2016-03-06T00:39:27.870000;9d75944b-cb1e-470f-8da4-5321e23aa606;392.89;0.01;SELL
2016-03-06T00:39:27.757000;2016-03-06T00:39:27.870000;3df3e68a-c4a2-4d63-a1c8-ccb2211ca96d;392.87;7.2;SELL
2016-03-06T00:39:27.757000;2016-03-06T00:39:27.870000;a7f7b6e7-b28d-40a3-94e8-153707712c1d;392.86;0.01;SELL
2016-03-06T00:39:27.757000;2016-03-06T00:39:27.870000;1f9d6d7f-54b6-41c4-b489-88ede9886bda;392.85;4.08;SELL
2016-03-06T00:39:27.757000;2016-03-06T00:39:27.870000;f46ad19c-af5b-4dcc-9215-bdc2e9a1409a;392.84;0.01;SELL
2016-03-06T00:39:27.757000;2016-03-06T00:39:27.870000;84826674-4fb5-4125-8a8e-0d83d9a8cca7;392.81;5.28;SELL
2016-03-06T00:39:27.757000;2016-03-06T00:39:27.893000;f376909c-3ec2-4a9a-82f4-b084773ed79a;392.8;0.01989459;SELL
2016-03-06T00:39:27.757000;2016-03-06T00:39:27.893000;798f3950-bc6a-477d-ba80-a90d07e12cd0;392.79;1.92;SELL
2016-03-06T00:39:27.757000;2016-03-06T00:39:27.893000;87c17417-cee7-42ec-a2bb-d3c86f14ea42;392.78;8.597;SELL
2016-03-06T00:39:27.757000;2016-03-06T00:39:27.893000;0773ee57-35da-40f0-8291-93ac5a6c5e2d;392.74;0.01;SELL
2016-03-06T00:39:27.760000;2016-03-06T00:39:27.893000;50b24efd-fd37-4187-9aa1-221d38faa955;392.73;0.01;SELL
2016-03-06T00:39:27.760000;2016-03-06T00:39:27.893000;38dfe027-f0cf-428b-beae-ea588385f7e9;392.68;0.02;SELL
2016-03-06T00:39:27.760000;2016-03-06T00:39:27.950000;af16414c-3c44-4f84-a63e-c2c77a558010;392.64;0.01;SELL
2016-03-06T00:39:27.760000;2016-03-06T00:39:27.950000;cec5af96-b970-4dcd-9a95-64f5cc50b98b;392.61;8.914;SELL
2016-03-06T00:39:27.760000;2016-03-06T00:39:27.950000;aa55b06e-75e1-430a-9006-3e905d7d75ca;392.57;0.24;SELL
2016-03-06T00:39:27.760000;2016-03-06T00:39:27.950000;7a157879-ad6c-4b23-95cf-45ea4f52597c;392.56;0.01;SELL
2016-03-06T00:39:27.760000;2016-03-06T00:39:27.950000;dce66163-b42a-448b-8da7-2adf96bd30cf;392.55;2.86;SELL
2016-03-06T00:39:27.760000;2016-03-06T00:39:27.950000;b287a714-8ae8-4753-8674-d02f44166211;392.54;0.01;SELL
2016-03-06T00:39:27.760000;2016-03-06T00:39:27.950000;6af8b321-70ce-4988-9910-ad821e9075d5;392.47;6.48;SELL
2016-03-06T00:39:27.760000;2016-03-06T00:39:27.950000;04db088d-f922-4237-959f-61bf14ccc537;392.46;1.81;SELL
2016-03-06T00:39:27.760000;2016-03-06T00:39:27.950000;52d387f4-2f47-4cd7-af5f-369a402712b1;392.46;0.24910541;SELL
2016-03-06T00:39:34.090000;2016-03-06T00:39:34.150000;f1cbdcd3-2948-46c4-b19b-6731f6cd25d2;393.26;0.9993;BUY
2016-03-06T00:39:35.713000;2016-03-06T00:39:35.860000;79bc912e-618f-40f2-954b-ca875840748f;392.81;0.01;SELL
2016-03-06T00:39:35.717000;2016-03-06T00:39:35.863000;24d32a53-1d91-4a2f-b9a1-da1004009aa6;392.8;0.01989459;SELL
2016-03-06T00:39:35.717000;2016-03-06T00:39:35.863000;78b9fa69-3d45-4a42-b002-8c61035c024f;392.75;0.63010541;SELL
2016-03-06T00:39:38.303000;2016-03-06T00:39:38.370000;03350093-b1e4-4b01-bfd2-7bc02bdc67ec;392.75;0.01;SELL
2016-03-06T00:39:51.263000;2016-03-06T00:39:51.327000;70d674a4-47f0-4426-805f-69bf9e2cef6d;392.77;0.01;SELL
2016-03-06T00:39:51.263000;2016-03-06T00:39:51.327000;ef5022ea-2337-4ad5-a047-299573172121;392.76;0.19;SELL
2016-03-06T00:40:01.000000;2016-03-06T00:40:01.103000;a3cb8a27-c073-481d-a292-5ae22a16c68e;393.04;0.13617;BUY
2016-03-06T00:40:03.353000;2016-03-06T00:40:03.420000;17e009c6-bc5d-41eb-a012-03f15bf37be6;393.03;0.266905;BUY
2016-03-06T00:40:04.370000;2016-03-06T00:40:04.533000;9203654e-21b9-4218-b5ea-251bce772f96;392.76;0.2;SELL
2016-03-06T00:40:15.477000;2016-03-06T00:40:15.537000;9bcb99a9-7551-440a-9199-1111638b5add;392.76;0.2;SELL
2016-03-06T00:40:26.173000;2016-03-06T00:40:26.233000;ad0e3c24-81ea-4b6d-a370-42dcd74e7c54;392.76;0.2;SELL
2016-03-06T00:40:31.103000;2016-03-06T00:40:31.167000;bb048320-b184-415b-b55b-9ea3d4856e75;393.01;0.25191;BUY
2016-03-06T00:40:35.107000;2016-03-06T00:40:35.167000;4033baab-79bf-42b2-9a90-de929ac076c2;392.76;0.2;SELL
2016-03-06T00:40:37.783000;2016-03-06T00:40:37.840000;c4df63c3-5455-4965-9f45-2ea5fa9422bb;393.05;0.01;BUY
2016-03-06T00:40:47.553000;2016-03-06T00:40:47.617000;5e1db463-1bd0-49bd-a36b-6a9de49a3b6e;392.91;0.2;SELL
2016-03-06T00:40:57.573000;2016-03-06T00:40:57.630000;422b7dc1-92f3-4531-a679-dc61911f26d8;392.92;0.05;SELL
2016-03-06T00:40:57.573000;2016-03-06T00:40:57.650000;593f965e-65e9-4a16-830a-6b4e75881f45;392.92;0.34;SELL
2016-03-06T00:40:57.573000;2016-03-06T00:40:57.673000;7a5c2785-9a33-4974-a3c7-d4a14516ac0c;392.91;7.577;SELL
2016-03-06T00:40:57.573000;2016-03-06T00:40:57.673000;525e62e7-ae39-46b2-93c7-5ae0d34fabaa;392.87;0.324;SELL
2016-03-06T00:40:57.573000;2016-03-06T00:40:57.673000;5274bfd8-46bc-4803-adb3-f1e3879512e6;392.76;7.612;SELL
2016-03-06T00:40:57.573000;2016-03-06T00:40:57.673000;42c65a0a-e641-46bf-81c1-779eea7979a6;392.76;0.03;SELL
2016-03-06T00:41:01.397000;2016-03-06T00:41:01.450000;fe812116-0ecf-4cc6-80ed-913019835d10;392.74;0.05;SELL
2016-03-06T00:41:01.397000;2016-03-06T00:41:01.473000;f570b9d0-bd39-49c5-a4a9-f8a02ec2c025;392.73;0.01;SELL
2016-03-06T00:41:01.397000;2016-03-06T00:41:01.500000;2f6d42fd-4e46-4b59-bc4d-8c9350c782f0;392.6;0.14421;SELL
2016-03-06T00:41:05.387000;2016-03-06T00:41:05.440000;2553db57-c201-4c58-b2ae-4e154b4a5bee;392.74;0.05;SELL
2016-03-06T00:41:05.387000;2016-03-06T00:41:05.460000;1bce9ced-4160-46d4-91ce-8b90167965b7;392.74;0.15;SELL
2016-03-06T00:41:12.377000;2016-03-06T00:41:12.450000;cafd3950-72ae-4eda-805b-5faececa50aa;392.65;0.2;SELL
2016-03-06T00:41:22.143000;2016-03-06T00:41:22.430000;d73af771-f110-46c5-982a-8a6e63a4cc46;392.63;0.2;SELL
2016-03-06T00:41:31.980000;2016-03-06T00:41:32.050000;aa686f3b-cf0f-4253-ad31-0086546c7c08;392.74;0.12349;BUY
2016-03-06T00:41:39.683000;2016-03-06T00:41:39.743000;75c9141f-7783-41cb-a9c1-ef911c4c0ccc;392.67;0.2;SELL
2016-03-06T00:42:00.590000;2016-03-06T00:42:00.673000;9973f4f3-ddfa-415d-b7b1-4a3a1eecf78e;392.74;0.2;BUY
2016-03-06T00:42:00.983000;2016-03-06T00:42:01.070000;fa85573b-01d4-4058-82e6-c1b7ba1cfc00;392.74;0.02361;SELL
2016-03-06T00:42:08.607000;2016-03-06T00:42:08.683000;9ed42596-347b-4866-a424-18ea5b0a3361;392.74;0.13;SELL
2016-03-06T00:42:20.547000;2016-03-06T00:42:20.680000;da33f7f7-0b02-45f7-95f3-1b6c9b16de80;392.75;0.2;SELL
2016-03-06T00:42:28.730000;2016-03-06T00:42:29.013000;107e480a-957c-480a-ba5a-affe22f0ff76;392.92;0.2;BUY
2016-03-06T00:42:31.090000;2016-03-06T00:42:31.207000;704113fc-584c-4299-b03c-2408dd8f1b4a;392.74;0.12607;SELL
2016-03-06T00:42:32.070000;2016-03-06T00:42:32.140000;2f77f047-25c2-45f5-b72b-9965be5f8dcb;392.93;0.174;BUY
2016-03-06T00:42:33.393000;2016-03-06T00:42:33.667000;ddd29a68-8155-4a06-9ad2-c66ca697739d;392.74;0.1;SELL
2016-03-06T00:42:33.393000;2016-03-06T00:42:33.670000;964e438a-7142-4430-9d58-dc53b5a099e5;392.6;0.1;SELL
2016-03-06T00:42:38.647000;2016-03-06T00:42:38.740000;58220078-2ae0-45ff-bd93-0f22ab8cd645;392.95;0.04;BUY
2016-03-06T00:42:43.020000;2016-03-06T00:42:43.110000;bf02bcb2-9002-4442-b3a5-448eba7b6660;392.75;7.352;SELL
2016-03-06T00:42:43.020000;2016-03-06T00:42:43.110000;b203e4f0-72a6-4d48-8a54-bc3bd79b18ee;392.6;4.1832065;SELL
2016-03-06T00:42:48.343000;2016-03-06T00:42:48.440000;a1a63b5c-d832-499f-a9e5-9d6a80da5017;392.61;0.01;SELL
2016-03-06T00:42:48.343000;2016-03-06T00:42:48.440000;b16a5437-796b-41fe-89d3-996f62ca99b7;392.6;0.19;SELL
2016-03-06T00:42:51.800000;2016-03-06T00:42:51.850000;dee74b9b-d5fd-4188-b576-41ffd7dc9cba;392.61;0.73618717;SELL
2016-03-06T00:42:51.920000;2016-03-06T00:42:52.013000;6bc30ad1-376c-4918-85b0-c6651fa4dc14;392.61;0.39298;SELL
2016-03-06T00:42:51.943000;2016-03-06T00:42:52.053000;f46827cb-e4da-466d-ac33-0e92626ed2db;392.61;0.012;SELL
2016-03-06T00:42:52.503000;2016-03-06T00:42:52.627000;7a599851-2fbe-4fa4-9c0a-b851b6d7d756;392.6;0.04214;SELL
2016-03-06T00:42:52.510000;2016-03-06T00:42:52.700000;ea1121b5-44f6-48ed-95bc-3ca9f2b55c4c;392.6;0.11058885;SELL
2016-03-06T00:42:52.590000;2016-03-06T00:42:52.823000;b3ffb559-9c08-449d-96f4-d137678f5d67;392.6;1.49024;SELL
2016-03-06T00:43:01.070000;2016-03-06T00:43:01.120000;9b69a323-5a09-43c9-a2a3-43fcfd43bfee;392.88;0.02151;BUY
2016-03-06T00:43:03.353000;2016-03-06T00:43:03.503000;8bedcb10-c88d-48f6-a7a9-abb355c3d2b7;392.85;0.13311;BUY
2016-03-06T00:43:07.803000;2016-03-06T00:43:09.490000;e4cc31dc-2290-4a3e-9a62-9f15954b9d24;392.81;0.2;SELL
2016-03-06T00:43:08.093000;2016-03-06T00:43:09.807000;cb2493d0-b48a-401a-81b7-d30bd6b90cd8;392.82;0.05;BUY
2016-03-06T00:43:17.573000;2016-03-06T00:43:18.690000;f133be7b-1529-452e-849d-ad638487ed79;392.82;1e-06;SELL
2016-03-06T00:43:17.573000;2016-03-06T00:43:18.690000;e19f4948-beea-486a-83bf-d1af62a67479;392.8;0.050001;SELL
2016-03-06T00:43:17.573000;2016-03-06T00:43:18.690000;21b0bc72-a05e-4dce-b5dc-dc0329a3ec86;392.76;0.01;SELL
2016-03-06T00:43:17.573000;2016-03-06T00:43:18.690000;8f6d482f-2931-4e97-9a0f-88f97328b63f;392.6;0.139998;SELL
2016-03-06T00:43:24.950000;2016-03-06T00:43:25.010000;29672bf0-a854-45dc-b018-0afd7baf3ae4;392.63;0.18;SELL
2016-03-06T00:43:27.817000;2016-03-06T00:43:27.943000;cde0299a-d42a-4f7d-9338-a20d383149a1;392.79;0.2;BUY
2016-03-06T00:43:31.290000;2016-03-06T00:43:31.500000;650a06a8-250b-453f-bf38-81ae164c6478;392.75;0.05;BUY
2016-03-06T00:43:31.290000;2016-03-06T00:43:31.503000;b3ef1a39-2def-4a9f-8488-c22884130b66;392.85;0.3261;BUY
2016-03-06T00:44:01.490000;2016-03-06T00:44:01.640000;4dd1eaea-5c3d-4070-8474-6bdc7ae5a25e;392.7;0.05;BUY
2016-03-06T00:44:01.490000;2016-03-06T00:44:01.713000;5fb78499-5d1c-4688-9b58-0cdab96a95ef;392.83;0.00506;BUY
2016-03-06T00:44:03.077000;2016-03-06T00:44:03.190000;8bea9249-34c9-41af-a90e-efbbdfcd471a;392.83;0.06636;BUY
2016-03-06T00:44:21.857000;2016-03-06T00:44:22.460000;8576afb6-f04d-41a1-a1ce-08700bd5eb2f;392.69;0.050001;SELL
2016-03-06T00:44:21.857000;2016-03-06T00:44:22.480000;78039a0e-7b62-4bb4-a81d-3ce615e322ac;392.6;0.01989459;SELL
2016-03-06T00:44:21.857000;2016-03-06T00:44:22.510000;f6f5b849-1c16-4450-8f46-4d6000d94acd;392.6;0.18210441;SELL
2016-03-06T00:44:21.890000;2016-03-06T00:44:22.547000;4083bba7-5ac4-4591-9b6e-ad89fa6eba45;392.6;0.248;SELL
2016-03-06T00:44:31.677000;2016-03-06T00:44:31.743000;d3401901-5595-4af1-9c67-278a46379fb0;392.61;4.08;SELL
2016-03-06T00:44:31.677000;2016-03-06T00:44:31.743000;e8dea75c-56e2-4520-9687-68f3070d3ac2;392.6;1.23853;SELL
2016-03-06T00:44:33.507000;2016-03-06T00:44:33.947000;4e793d7d-2fc9-4559-a868-14eb88f10d3c;392.67;0.16796;BUY
2016-03-06T00:45:01.233000;2016-03-06T00:45:01.313000;c1a40dd7-8a26-4831-ac46-5b7d2d546b95;392.87;2.53545;BUY
2016-03-06T00:45:35.947000;2016-03-06T00:45:36.040000;03b4c49c-f70e-4aea-b5c8-7eae6f481e4f;392.82;14.51783;BUY
2016-03-06T00:46:01.200000;2016-03-06T00:46:01.260000;386aea66-d75d-4dc4-8fd6-903cc42e5b1e;392.53;0.01;SELL
2016-03-06T00:46:01.200000;2016-03-06T00:46:01.277000;d7fabf43-bcfd-4dd8-be60-5e0279ceef08;392.53;0.27;SELL
2016-03-06T00:46:01.203000;2016-03-06T00:46:01.280000;ce168420-636d-4efc-9380-d4cfa98b5ac8;392.44;0.5328;SELL
2016-03-06T00:46:01.203000;2016-03-06T00:46:01.280000;718995a0-a0cb-4dd4-a420-5b73092c53ac;392.44;0.01;SELL
2016-03-06T00:46:01.203000;2016-03-06T00:46:01.280000;b4b38562-52e0-4f58-af60-c58f38e5edab;392.4;0.01989459;SELL
2016-03-06T00:46:01.203000;2016-03-06T00:46:01.307000;3201c2d8-7c2d-45ae-b90b-53fc3db181db;392.35;0.24;SELL
2016-03-06T00:46:01.203000;2016-03-06T00:46:01.307000;0e7f3f11-6474-42ce-84c5-cc2fe79772fe;392.35;0.03;SELL
2016-03-06T00:46:01.203000;2016-03-06T00:46:01.323000;87cd682f-e9d9-4927-9016-27482721b715;392.34;0.01;SELL
2016-03-06T00:46:01.203000;2016-03-06T00:46:01.323000;edc1086b-0e62-4add-bef5-37b0370c2b52;392.31;2.88;SELL
2016-03-06T00:46:01.203000;2016-03-06T00:46:01.340000;c6dbe3b2-7ef8-4070-8ce1-6f22e8d28367;392.29;0.01;SELL
2016-03-06T00:46:01.203000;2016-03-06T00:46:01.363000;5e3b0e1b-2af2-4013-b813-46ae860ffbf8;392.24;0.01;SELL
2016-03-06T00:46:01.203000;2016-03-06T00:46:01.363000;5aab2f1d-9182-44f3-be9c-e6a0c7ae686d;392.21;1.49695541;SELL
2016-03-06T00:46:03.390000;2016-03-06T00:46:03.473000;cd47b929-2a79-4c6a-ae18-71bbd4858280;392.49;0.033105;BUY
2016-03-06T00:46:31.480000;2016-03-06T00:46:31.543000;5538f627-5027-4ff8-b0ea-dca67267938e;392.49;0.58257;BUY
2016-03-06T00:46:38.227000;2016-03-06T00:46:38.273000;10326d3d-c56b-43f9-bfda-66e41267aacf;392.46;0.01;BUY
2016-03-06T00:47:01.227000;2016-03-06T00:47:01.297000;3871b48e-2393-47fa-8ac6-dc00e24132ca;392.45;0.01;SELL
2016-03-06T00:47:01.227000;2016-03-06T00:47:01.297000;199916db-d5fa-4822-8d34-cf0c07ff765d;392.45;0.05;SELL
2016-03-06T00:47:01.227000;2016-03-06T00:47:01.313000;674aa76c-f07c-4202-9cd0-6b1483eebdcd;392.44;0.331;SELL
2016-03-06T00:47:01.227000;2016-03-06T00:47:01.313000;70640e3f-461d-41d6-afb1-cee96721a4ea;392.43;7.234;SELL
2016-03-06T00:47:01.227000;2016-03-06T00:47:01.313000;8737b925-47cb-4ddb-bd8c-bb04feb78538;392.43;0.03;SELL
2016-03-06T00:47:01.227000;2016-03-06T00:47:01.313000;04ef9868-e7ac-4332-b413-a7520369eb9e;392.39;0.295;SELL
2016-03-06T00:47:01.227000;2016-03-06T00:47:01.333000;2eab555b-9243-424c-8853-c88e4ffff988;392.34;0.275;SELL
2016-03-06T00:47:01.227000;2016-03-06T00:47:01.333000;71bfe91f-a57d-4b95-8d79-38d55479a963;392.29;3.56936;SELL
2016-03-06T00:47:03.133000;2016-03-06T00:47:03.187000;b93d0c87-de84-42a9-bd69-e4b6334de20b;392.46;0.016505;BUY
2016-03-06T00:47:31.200000;2016-03-06T00:47:31.237000;51e0e0ce-321c-4728-93a5-6c9c92050715;392.46;0.973495;BUY
2016-03-06T00:47:31.200000;2016-03-06T00:47:31.277000;fcbc384f-a139-4479-a209-b679b0c847a1;392.46;1.549305;BUY
2016-03-06T00:48:01.050000;2016-03-06T00:48:01.090000;7d1fe8b9-b94a-4d99-9278-64c31ef04fe6;392.45;0.05;SELL
2016-03-06T00:48:01.050000;2016-03-06T00:48:01.110000;bfefb86f-b4cb-4a95-9741-8da5bc20c3f2;392.3;0.01;SELL
2016-03-06T00:48:01.050000;2016-03-06T00:48:01.127000;75ea8f26-4b27-4f39-8da1-092513edc1b2;392.28;0.01;SELL
2016-03-06T00:48:01.050000;2016-03-06T00:48:01.127000;d4dfa0d8-112f-40b4-8a75-6c002ee5b7ad;392.26;0.076;SELL
2016-03-06T00:48:01.050000;2016-03-06T00:48:01.127000;fa26f492-2e6e-46df-aacd-b4333d4e2e97;392.23;0.0186;SELL
2016-03-06T00:48:31.143000;2016-03-06T00:48:31.177000;d13e951c-447a-4865-ba59-fa1d83e68eff;392.3;0.075;SELL
2016-03-06T00:48:31.143000;2016-03-06T00:48:31.197000;fc31a4d7-812d-485e-8ee7-1a70dfde8510;392.3;0.05;SELL
2016-03-06T00:48:31.143000;2016-03-06T00:48:31.213000;89083bf7-c4d9-486a-9404-afba5299c727;392.29;0.12816;SELL
2016-03-06T00:48:37.970000;2016-03-06T00:48:38.010000;60103dae-4e43-4bd3-bc3a-025ff82eb8ea;392.3;0.05;SELL
2016-03-06T00:48:37.970000;2016-03-06T00:48:38.047000;3b936d71-7843-4966-a559-7981a77405f6;392.29;5.95;SELL
2016-03-06T00:49:36.533000;2016-03-06T00:49:36.567000;4a256a0b-0add-4bef-8753-28259691e3ce;392.32;2.88;BUY
2016-03-06T00:49:36.533000;2016-03-06T00:49:36.593000;7973325d-1af8-4eb0-a7fb-058e02f63436;392.33;0.647;BUY
2016-03-06T00:49:36.533000;2016-03-06T00:49:36.610000;6e7c7e87-ed82-4b69-8f14-3f8a8039d1d5;392.33;2.4;BUY
2016-03-06T00:49:36.533000;2016-03-06T00:49:36.610000;6733878e-9788-403a-aa67-a74488589881;392.34;0.09541;BUY
2016-03-06T00:50:31.180000;2016-03-06T00:50:31.213000;8c3ad564-f7a8-49ad-8fec-43491cac5dac;392.32;0.06164;BUY
2016-03-06T00:51:01.110000;2016-03-06T00:51:01.140000;9bb3001c-e68a-4d5b-9dd0-88212eefdfef;392.3;0.05;SELL
2016-03-06T00:51:01.110000;2016-03-06T00:51:01.157000;346d89f5-bef1-4848-aaa4-29303b095171;392.23;0.9736;SELL
2016-03-06T00:51:01.110000;2016-03-06T00:51:01.200000;c2d07010-2748-49cf-a7cb-4b8d2c90e1b3;392.22;0.3264;SELL
2016-03-06T00:51:31.210000;2016-03-06T00:51:31.247000;9ed506f9-bf6c-46ae-9373-0575e408cfae;392.32;2.04063;BUY
2016-03-06T00:52:01.427000;2016-03-06T00:52:01.910000;65098d5c-3e7e-4c58-979c-7abadf548563;392.34;0.05;SELL
2016-03-06T00:52:01.427000;2016-03-06T00:52:01.960000;baef71e3-f654-4c21-bb2d-28bc00d0450b;392.2;0.01;SELL
2016-03-06T00:52:01.427000;2016-03-06T00:52:02.023000;b436645f-1015-4632-aabc-70d3f1c6af27;392.2;0.01990814;SELL
2016-03-06T00:52:01.427000;2016-03-06T00:52:02.073000;271b0f6f-968e-4fe5-a2f5-1489b65da312;392.19;0.38414531;SELL
2016-03-06T00:52:01.427000;2016-03-06T00:52:02.153000;767bee48-886d-4c65-ad72-c61fce87ca99;392.14;0.01;SELL
2016-03-06T00:52:01.427000;2016-03-06T00:52:02.190000;020e8d1a-a616-490f-9912-ecc199a11101;392.14;0.314;SELL
2016-03-06T00:52:01.427000;2016-03-06T00:52:02.190000;83bd7727-6992-456b-9d8b-572bced5687a;392.12;1.10194655;SELL
2016-03-06T00:52:33.253000;2016-03-06T00:52:33.280000;2343a65e-9447-4709-b232-f5eb0381c11a;392.46;0.24975;BUY
2016-03-06T00:52:38.673000;2016-03-06T00:52:38.730000;7b71bfad-68e8-4ef4-bf93-7f68bb92c49d;392.46;0.01;BUY
2016-03-06T00:53:01.177000;2016-03-06T00:53:01.197000;f6736ef8-1922-4245-93f5-40aca8492c87;392.45;0.05;SELL
2016-03-06T00:53:01.177000;2016-03-06T00:53:01.223000;a6c143fe-1033-4f0e-9d08-16e1edc881c1;392.45;1.16301;SELL
2016-03-06T00:53:31.123000;2016-03-06T00:53:31.150000;677f3b3b-495e-4274-a421-368dda1bb564;392.46;0.40744;BUY
2016-03-06T00:54:01.353000;2016-03-06T00:54:01.417000;775424de-4aaa-421d-8bb1-86ea43e92014;392.46;1.21445;BUY
2016-03-06T00:54:31.277000;2016-03-06T00:54:31.343000;8c2bd8bf-015b-4f2d-a23b-03dfc245888a;392.45;0.05;SELL
2016-03-06T00:54:31.277000;2016-03-06T00:54:31.370000;f8d2402f-cf90-4336-9d51-72c6307a64ad;392.45;0.87;SELL
2016-03-06T00:54:31.277000;2016-03-06T00:54:31.370000;139489fc-8147-410e-80d3-aca70086b7de;392.33;0.01;SELL
2016-03-06T00:54:31.277000;2016-03-06T00:54:31.370000;42e55121-6b7b-4c68-893a-1aed7d7dd195;392.26;0.106;SELL
2016-03-06T00:54:31.277000;2016-03-06T00:54:31.370000;b56d7045-0dee-4f30-8393-46e8a0f42450;392.22;0.43;SELL
2016-03-06T00:54:31.280000;2016-03-06T00:54:31.370000;edf2210f-ffb8-4c3e-87d7-cf15362575ed;392.22;3.50051;SELL
2016-03-06T00:55:01.110000;2016-03-06T00:55:01.167000;04bd8c4f-dcfd-438a-8df8-2b84cd71c156;392.45;0.04441;SELL
2016-03-06T00:55:31.327000;2016-03-06T00:55:31.383000;ff3daf19-58f7-463d-865f-15b66b788450;392.46;0.42147;BUY
2016-03-06T00:56:01.387000;2016-03-06T00:56:01.447000;5394c4d5-ff30-4ae6-8d9e-7ae226a92022;392.45;0.00559;SELL
2016-03-06T00:56:01.387000;2016-03-06T00:56:01.467000;8300739f-27bf-4fe9-a0ac-3c287f975e95;392.28;0.4359;SELL
2016-03-06T00:56:22.467000;2016-03-06T00:56:22.523000;77f3608a-e60e-4cf3-a7c5-e028ea9d886e;392.45;0.658;BUY
2016-03-06T00:56:22.467000;2016-03-06T00:56:22.570000;6386b3e3-466f-40f3-b110-cb3334c60905;392.46;6.31783227;BUY
2016-03-06T00:56:22.467000;2016-03-06T00:56:22.587000;bd5eb5ba-63da-415f-bf9a-5ab026d54502;392.46;4.9;BUY
2016-03-06T00:56:32.097000;2016-03-06T00:56:32.160000;a1b8ed01-1706-4ace-ae21-17d47a1c2929;392.48;0.01;BUY
2016-03-06T00:56:32.097000;2016-03-06T00:56:32.160000;b8f471fa-583a-4f5b-8d1d-9f7eba3dd5b9;392.5;0.155;BUY
2016-03-06T00:56:34.713000;2016-03-06T00:56:34.793000;2a3bb960-9cc8-4d21-87ac-157b6c083243;392.5;0.8614;BUY
2016-03-06T00:56:34.713000;2016-03-06T00:56:34.820000;5b8f9f7e-6f2d-429e-a803-4f5d26bfaf81;392.5;0.01;BUY
2016-03-06T00:56:34.713000;2016-03-06T00:56:34.820000;d0470a81-9986-42c6-865a-1b01c6131c0c;392.51;0.01;BUY
2016-03-06T00:57:01.370000;2016-03-06T00:57:01.423000;52ac322e-4e9a-438f-aeea-a9cd795dc399;392.56;0.01;BUY
2016-03-06T00:57:01.370000;2016-03-06T00:57:01.453000;28ff666a-0eff-4975-9457-96e79a3aedb9;392.63;0.01;BUY
2016-03-06T00:57:01.370000;2016-03-06T00:57:01.473000;e4d2e421-3c57-47d1-872d-75c8014183d0;392.65;0.89029;BUY
2016-03-06T00:57:07.647000;2016-03-06T00:57:08.040000;2ef07a7b-1f40-4f22-b75b-c59b323905ec;392.65;0.08331;BUY
2016-03-06T00:57:07.647000;2016-03-06T00:57:08.057000;39a00da3-9bbb-4c8f-b52d-3ed05342b53e;392.7;0.01990814;BUY
2016-03-06T00:57:26.353000;2016-03-06T00:57:26.403000;a4c72e92-ad9b-4e1f-8419-80389308bc77;392.72;0.06;SELL
2016-03-06T00:57:31.223000;2016-03-06T00:57:31.283000;b07855ef-2e1f-4536-aa44-c82e7fff6570;392.72;7.488;SELL
2016-03-06T00:57:31.223000;2016-03-06T00:57:31.307000;ac359b04-5919-4882-a3b1-6f43e2c9a2c9;392.64;0.301;SELL
2016-03-06T00:57:31.227000;2016-03-06T00:57:31.350000;e9e6e0c8-bc3f-42e8-92d3-23504b9eadb1;392.63;9.6;SELL
2016-03-06T00:57:31.227000;2016-03-06T00:57:31.350000;7ffd65e9-c5d8-47c4-acf6-7cc7cbbf8a18;392.58;7.34978;SELL
2016-03-06T00:57:41.683000;2016-03-06T00:57:41.757000;1a1cda06-49c3-439d-abae-95fc0745c056;392.75;0.01;BUY
2016-03-06T00:57:41.683000;2016-03-06T00:57:41.757000;c8d0fa15-523d-44f7-86cf-620c7a3236e1;392.75;0.01;BUY
2016-03-06T00:57:41.687000;2016-03-06T00:57:41.757000;a0bf9426-31ba-4d46-aab7-5bfb46771c14;392.75;0.089;BUY
2016-03-06T00:57:41.687000;2016-03-06T00:57:41.757000;712e3f71-d30a-45e9-b76c-cbdce04dcae0;392.75;0.061;BUY
2016-03-06T00:57:49.900000;2016-03-06T00:57:49.960000;ac36d17c-c9a3-406c-9c90-b5a76e04e88c;392.66;0.26;SELL
2016-03-06T00:57:49.900000;2016-03-06T00:57:49.960000;266c2cd9-8de4-4124-bd56-b299b47ae6cb;392.58;0.01;SELL
2016-03-06T00:57:52.100000;2016-03-06T00:57:52.180000;e2a3fecd-c871-49a4-b071-18926767066d;392.76;0.01;BUY
2016-03-06T00:57:52.100000;2016-03-06T00:57:52.180000;9d70478d-6c9a-40d2-83bd-365df58cd926;392.76;0.01028;BUY
2016-03-06T00:57:52.140000;2016-03-06T00:57:52.213000;9d4d6a9c-dac6-4ede-9f82-3c66b4adbb28;392.76;0.01972;BUY
2016-03-06T00:58:07.787000;2016-03-06T00:58:07.863000;c3516ab5-f0bb-40e5-be21-6914f4f6f165;392.75;0.27;BUY
2016-03-06T00:58:07.787000;2016-03-06T00:58:07.863000;8122d9c4-fb32-4a66-86f8-4a00b7a70b47;392.82;0.3923;BUY
2016-03-06T00:58:36.103000;2016-03-06T00:58:36.213000;54523ac4-973f-4b6d-8353-16440576da4a;392.87;0.06033;BUY
2016-03-06T00:58:39.073000;2016-03-06T00:58:39.143000;71b82dd7-fa00-4d3e-9343-720f68dfb05c;392.88;0.01;BUY
2016-03-06T00:59:01.640000;2016-03-06T00:59:01.687000;b214f069-de3e-47af-9c41-ba0619f8a6ca;392.8;0.05;BUY
2016-03-06T00:59:01.640000;2016-03-06T00:59:01.710000;47904331-424c-4ed4-8665-05234474929c;392.8;0.115;BUY
2016-03-06T00:59:01.640000;2016-03-06T00:59:01.710000;f10b2185-77ec-40c4-a7ca-2225e350df26;392.9;0.01989459;BUY
2016-03-06T00:59:01.640000;2016-03-06T00:59:01.710000;061c7880-744b-447e-bcbc-caaac312e89e;392.9;0.073;BUY
2016-03-06T00:59:01.640000;2016-03-06T00:59:01.747000;2aaf8058-d34e-4fc9-a841-f392882faa25;392.92;0.01;BUY
2016-03-06T00:59:01.640000;2016-03-06T00:59:01.747000;1fb3141c-67fa-4f79-aa1d-89d5ef8e08dd;392.96;0.01;BUY
2016-03-06T00:59:01.640000;2016-03-06T00:59:01.773000;cbb63e8a-1c98-4f65-83c3-b3a24f8fd9ae;392.98;2.54505541;BUY
2016-03-06T00:59:22.033000;2016-03-06T00:59:22.080000;a6591808-1928-437c-aaeb-d52fb0aa7bba;392.75;0.0115;SELL
2016-03-06T00:59:22.033000;2016-03-06T00:59:22.100000;584d2dea-c28a-4d1c-b786-bfdc8198e35f;392.57;0.01144;SELL
2016-03-06T00:59:22.347000;2016-03-06T00:59:22.410000;c15ee686-3261-437e-b445-778e9d0f9d76;392.57;0.01545;SELL
2016-03-06T00:59:22.570000;2016-03-06T00:59:22.637000;d938a10f-75e7-4261-82cc-77033fc03c55;392.57;0.01776;SELL
2016-03-06T00:59:22.977000;2016-03-06T00:59:23.020000;54a383d1-7ada-49c9-a9ec-e300954674ff;392.57;0.24;SELL
2016-03-06T00:59:23.123000;2016-03-06T00:59:23.200000;4c8abc4c-4867-4c51-a6d9-2b3a3cb2d0f5;392.57;0.24835;SELL
2016-03-06T00:59:23.127000;2016-03-06T00:59:23.200000;f0c615a5-12c0-4567-a8a7-6b0c5a7f3517;392.57;0.28;SELL
2016-03-06T00:59:23.127000;2016-03-06T00:59:23.200000;201649aa-616f-4fa1-8e05-b731f9dbb877;392.5;0.0115;SELL
2016-03-06T00:59:23.127000;2016-03-06T00:59:23.200000;6d6694e2-eddb-441f-92ed-230f52c41aeb;392.47;0.01;SELL
2016-03-06T00:59:23.127000;2016-03-06T00:59:23.200000;17ddf8ed-0507-4455-ae4b-eb5a5aaa2a05;392.45;0.67770129;SELL
2016-03-06T00:59:23.513000;2016-03-06T00:59:23.573000;6306c5bb-6619-44c4-8d0a-92d444d86c43;392.45;0.30877;SELL
2016-03-06T00:59:23.797000;2016-03-06T00:59:23.853000;0b522879-ec55-4e53-bb99-cde7d946a66f;392.46;0.01;SELL
2016-03-06T00:59:23.800000;2016-03-06T00:59:23.877000;bfa5caff-1898-42b3-b00a-2371b3d85810;392.45;0.29877;SELL
2016-03-06T00:59:24.320000;2016-03-06T00:59:24.417000;9b654fd3-fa3e-4022-812d-d83e5103dcad;392.46;0.01;SELL
2016-03-06T00:59:24.320000;2016-03-06T00:59:24.417000;f6c8e8f5-c179-49c6-91f2-3f9b4504cf00;392.45;0.0044;SELL
2016-03-06T00:59:24.323000;2016-03-06T00:59:24.417000;3491accd-01ae-44c0-9c53-a04b60731b7a;392.45;0.98177451;SELL
2016-03-06T00:59:24.733000;2016-03-06T00:59:24.787000;5fc7aff4-ae8d-4cdf-b5b5-576a731b359a;392.45;1.49024;SELL
2016-03-06T00:59:25.380000;2016-03-06T00:59:25.447000;ba7782fa-4b55-48a2-81c2-77cb6f455e31;392.45;0.0156;SELL
2016-03-06T00:59:25.440000;2016-03-06T00:59:25.513000;6ab71eb3-e48e-4435-b83e-e281533e8ed0;392.45;0.03913;SELL
2016-03-06T00:59:26.777000;2016-03-06T00:59:26.853000;f376f24f-788f-4b92-b28c-cdc8c0016b74;392.45;0.03311;SELL
2016-03-06T00:59:26.810000;2016-03-06T00:59:26.873000;50a12025-35a4-446b-8460-6a1511bf0f33;392.45;0.03600715;SELL
2016-03-06T00:59:26.957000;2016-03-06T00:59:27.017000;f23310cb-449e-4a05-ad63-305bc1088fab;392.45;0.03705;SELL
2016-03-06T00:59:27.040000;2016-03-06T00:59:27.110000;79b5d7bb-ccaa-4bfb-8b43-06f9129ec484;392.45;0.03729;SELL
2016-03-06T00:59:27.267000;2016-03-06T00:59:27.360000;72a0a456-df66-40ec-a12e-4fbba1dab996;392.45;0.90695;SELL
2016-03-06T00:59:27.270000;2016-03-06T00:59:27.360000;3925d0b7-9a50-4ab4-a089-c6d53fa913cd;392.45;0.04592;SELL
2016-03-06T00:59:28.400000;2016-03-06T00:59:28.463000;d63249bb-dc75-4856-b837-af96486aaf9b;392.45;0.04912;SELL
2016-03-06T00:59:28.403000;2016-03-06T00:59:28.483000;50246792-432d-4f6c-a401-bde3d3774afe;392.45;0.0319;SELL
2016-03-06T00:59:29.413000;2016-03-06T00:59:29.480000;7fa081cc-0916-431f-a3d7-3fb1a2b0531a;392.45;0.03256;SELL
2016-03-06T00:59:29.467000;2016-03-06T00:59:29.530000;233ba7f6-a075-4b35-b2ef-5fd320a65ccc;392.45;0.05724886;SELL
2016-03-06T00:59:29.980000;2016-03-06T00:59:30.023000;297604e0-d5ff-47da-8df5-526459631958;392.45;0.0192;SELL
2016-03-06T00:59:30.447000;2016-03-06T00:59:30.513000;903382a0-8b14-44db-8307-7aaf4d2582a0;392.45;0.089856;SELL
2016-03-06T00:59:30.797000;2016-03-06T00:59:30.847000;81a8ba12-5487-4a87-9093-7b45239c3374;392.44;0.9738;SELL
2016-03-06T00:59:30.797000;2016-03-06T00:59:30.907000;ca7e81d3-7224-45d6-9810-54b873ad996e;392.4;0.01990875;SELL
2016-03-06T00:59:30.797000;2016-03-06T00:59:30.907000;398e8d0b-f1f0-4601-be30-20c8b376b608;392.3;0.26833125;SELL
2016-03-06T00:59:31.757000;2016-03-06T00:59:31.803000;25e04c89-6baa-49a6-a310-cb2432672caa;392.29;0.8;SELL
2016-03-06T00:59:31.757000;2016-03-06T00:59:31.840000;2b58754c-fe80-4ff9-a3af-b5f001a9754c;392.28;0.5146;SELL
2016-03-06T01:00:03.787000;2016-03-06T01:00:03.843000;3264741e-87c1-4673-b59e-c8e57b285234;392.64;0.614;BUY
2016-03-06T01:00:03.787000;2016-03-06T01:00:03.863000;2fc32d58-5838-4dc4-b4ac-e0aaaee03e36;392.65;2.4;BUY
2016-03-06T01:00:03.787000;2016-03-06T01:00:03.863000;1e580a4f-8de2-4b6f-8813-4df706832b13;392.66;0.39;BUY
2016-03-06T01:00:03.787000;2016-03-06T01:00:03.887000;39aeb57d-921c-47a9-bf16-a0490a19b00d;392.66;0.03;BUY
2016-03-06T01:00:03.787000;2016-03-06T01:00:03.887000;ad2ecf77-7ae3-4cd2-9e12-dcfabe25839b;392.66;0.03;BUY
2016-03-06T01:00:03.787000;2016-03-06T01:00:03.887000;0df58417-f69b-49c1-a831-de543dbb81e6;392.71;0.2;BUY
2016-03-06T01:00:03.787000;2016-03-06T01:00:03.887000;7b425499-c382-45e7-b3b2-54542dcf3d70;392.71;0.37918;BUY
2016-03-06T01:00:31.343000;2016-03-06T01:00:32.167000;c8ae8e85-7496-4528-92c3-3d72b9e1c0e2;392.5;0.01;SELL
2016-03-06T01:00:31.343000;2016-03-06T01:00:32.210000;f7fa4ea6-04df-461c-984c-3caa1532732f;392.47;0.46;SELL
2016-03-06T01:00:31.343000;2016-03-06T01:00:32.250000;a34f412d-8ba4-4a44-b3f0-5d2cf113133b;392.44;5.11875;SELL
2016-03-06T01:00:34.170000;2016-03-06T01:00:34.213000;d0f0e9a7-6959-48ba-b579-06752c6106c9;392.28;0.07134;SELL
2016-03-06T01:00:58.240000;2016-03-06T01:00:58.283000;5e86cf73-9862-427f-b6ae-a1d49117cfab;392.55;0.02;BUY
2016-03-06T01:01:00.480000;2016-03-06T01:01:00.573000;2e5a148d-1d8b-40ec-a857-2421df3a2492;392.52;0.33;BUY
2016-03-06T01:01:01.873000;2016-03-06T01:01:01.923000;2a02f5ad-1836-4c56-aae0-01647efcce8c;392.28;0.25816;SELL
2016-03-06T01:01:12.717000;2016-03-06T01:01:12.763000;7beea8a2-cf4d-49e5-9114-6653169ab9a0;392.45;0.04;BUY
2016-03-06T01:01:41.123000;2016-03-06T01:01:41.173000;c59f53a2-9a3e-4516-ab35-51981345db70;392.27;0.01;SELL
2016-03-06T01:01:41.123000;2016-03-06T01:01:41.197000;ec6f2a42-90de-4134-9590-cd511d9150b5;392.2;0.01991084;SELL
2016-03-06T01:01:41.123000;2016-03-06T01:01:41.217000;c9d7fd98-9ba0-422b-b4ef-2aff4ab39548;392.12;0.24008916;SELL
2016-03-06T01:01:49.523000;2016-03-06T01:01:49.563000;6f3e4168-a4e1-485f-97ba-fba4bd5c01ca;392.13;0.01;SELL
2016-03-06T01:01:49.523000;2016-03-06T01:01:49.587000;55a72a6e-a08d-4fdb-b04d-79c57ddc5da2;392.12;0.26321814;SELL
2016-03-06T01:02:02.997000;2016-03-06T01:02:03.037000;5ae6ab00-0d37-4b77-9392-bcade9bd90fe;392.28;0.04224;BUY
2016-03-06T01:02:03.890000;2016-03-06T01:02:03.960000;70561ce6-f6e5-4791-8c1a-66ec54830373;392.12;0.05;SELL
2016-03-06T01:02:08.877000;2016-03-06T01:02:08.940000;a56d6c57-639a-42ee-9649-ca77af547cc8;392.11;0.02;SELL
2016-03-06T01:02:35.010000;2016-03-06T01:02:35.070000;3deb7152-79e5-48f1-8ef1-644172cfc34e;392.12;0.05;BUY
2016-03-06T01:02:35.010000;2016-03-06T01:02:35.090000;8542872b-2230-4a51-9f79-adae6cbd4ea1;392.12;1.02142;BUY
2016-03-06T01:02:38.770000;2016-03-06T01:02:38.813000;6a43e3ba-0c3e-4112-8af3-6967a2702c9c;392.12;0.01;SELL
2016-03-06T01:02:38.770000;2016-03-06T01:02:38.840000;34003a3c-07a4-46c0-9f2f-9491cb9413d0;392.11;0.04;SELL
2016-03-06T01:03:01.853000;2016-03-06T01:03:01.903000;69fcf3c7-1334-491d-b367-189bd4a4d035;392.12;0.23684;BUY
2016-03-06T01:03:27.793000;2016-03-06T01:03:27.837000;97a4f7de-51f1-4bca-9d9b-61280bab8707;392.12;0.048764;SELL
2016-03-06T01:03:27.813000;2016-03-06T01:03:27.863000;4a974169-f54e-4866-aa2d-9f629114ca56;392.12;0.0144;SELL
2016-03-06T01:03:27.840000;2016-03-06T01:03:27.907000;9db25a73-a012-4eae-a3bf-89939f699ee3;392.12;0.016836;SELL
2016-03-06T01:04:00.767000;2016-03-06T01:04:00.827000;23a5606c-9516-4b73-bf8a-e93f12f4aec1;392.12;0.022294;SELL
2016-03-06T01:04:00.967000;2016-03-06T01:04:01.023000;3de1a213-bbf6-45bb-8436-4c47cbd7c07a;392.12;0.127706;SELL
2016-03-06T01:04:00.967000;2016-03-06T01:04:01.063000;cadd781f-a226-402b-9f89-2ed935b738b3;392.11;0.37737635;SELL
2016-03-06T01:04:00.967000;2016-03-06T01:04:01.080000;d2d02939-2a33-4882-b0e0-53fa54568ab5;392.11;0.02;SELL
2016-03-06T01:04:00.967000;2016-03-06T01:04:01.107000;9e351994-8019-499b-a4b8-9eec9533eb9c;392.1;0.01;SELL
2016-03-06T01:04:00.967000;2016-03-06T01:04:01.107000;a134e39a-253e-4dff-938c-4ed0af463b56;392.05;0.0269;SELL
2016-03-06T01:04:00.967000;2016-03-06T01:04:01.123000;9acf08cf-2f6a-4961-bb55-28fd513c9569;392.04;0.01;SELL
2016-03-06T01:04:00.967000;2016-03-06T01:04:01.140000;fa9b80ca-356d-46ac-bdd1-cde9e3874027;392.03;1.0159;SELL
2016-03-06T01:04:00.967000;2016-03-06T01:04:01.167000;005f63d5-0206-4f32-97a7-2c7b46d30cf9;392.0;0.01005;SELL
2016-03-06T01:04:00.967000;2016-03-06T01:04:01.167000;8718d082-edb7-4437-a18b-7fc1adf1185d;392.0;0.1;SELL
2016-03-06T01:04:00.967000;2016-03-06T01:04:01.167000;a3628d29-8164-43b1-ab6a-73c5b0c0e4df;392.0;0.1;SELL
2016-03-06T01:04:00.967000;2016-03-06T01:04:01.167000;d8cdfc59-55e9-4445-8619-def776dc8cbd;392.0;1.0;SELL
2016-03-06T01:04:00.967000;2016-03-06T01:04:01.167000;8309f74a-ca3f-43d7-bedc-0e635fdac927;392.0;0.20543706;SELL
2016-03-06T01:04:00.967000;2016-03-06T01:04:01.167000;62cb17a4-0fb0-455d-a3c8-c5c53c269a01;392.0;0.1;SELL
2016-03-06T01:04:00.967000;2016-03-06T01:04:01.173000;806381c3-ec61-4550-9023-eda8a70e4cde;392.0;0.01990875;SELL
2016-03-06T01:04:00.970000;2016-03-06T01:04:01.173000;7ef62c70-759a-4d65-892f-f499784afb87;391.97;0.124;SELL
2016-03-06T01:04:00.970000;2016-03-06T01:04:01.173000;b434e119-826d-45c5-8af4-538720906d9f;391.94;0.01;SELL
2016-03-06T01:04:00.970000;2016-03-06T01:04:01.177000;4e9be020-897f-499e-bf20-ad87b4e30233;391.9;0.01;SELL
2016-03-06T01:04:00.970000;2016-03-06T01:04:01.177000;8a7ae496-da37-4014-bdea-15c1c0ec0f72;391.89;0.2;SELL
2016-03-06T01:04:00.970000;2016-03-06T01:04:01.177000;2c1722a7-e3c6-4afc-b532-41702e02494f;391.87;0.143;SELL
2016-03-06T01:04:00.970000;2016-03-06T01:04:01.177000;dd9d63d3-c839-4c48-a0f7-95916dff54bc;391.87;0.2;SELL
2016-03-06T01:04:00.970000;2016-03-06T01:04:01.177000;04310312-ceb1-4903-9a11-956d00097454;391.84;0.01;SELL
2016-03-06T01:04:00.970000;2016-03-06T01:04:01.177000;6a450931-52f6-411d-b906-917eeb480722;391.83;0.5004;SELL
2016-03-06T01:04:00.970000;2016-03-06T01:04:01.177000;913c6fab-ad87-4bef-b718-0a2f4554d59f;391.8;0.01990875;SELL
2016-03-06T01:04:00.970000;2016-03-06T01:04:01.177000;4f4cc7a6-8ad5-439f-ad0e-288c85ef29ed;391.74;0.01;SELL
2016-03-06T01:04:00.970000;2016-03-06T01:04:01.177000;65b756d3-90ad-4db3-865b-86536f7d4f79;391.74;0.01;SELL
2016-03-06T01:04:00.970000;2016-03-06T01:04:01.177000;7f3687fa-18bb-43ae-bcf6-d20e70d18dce;391.65;5.97361309;SELL
2016-03-06T01:04:01.273000;2016-03-06T01:04:01.393000;30cd3fb3-0990-4af1-8cf8-949d3c66d45e;391.65;0.0399;SELL
2016-03-06T01:04:01.293000;2016-03-06T01:04:01.533000;4e82a22c-bb09-437b-a784-b621c4622e0a;391.65;0.726596;SELL
2016-03-06T01:04:01.403000;2016-03-06T01:04:01.703000;4a392950-d0cb-4f34-a8fe-5ca32d1be960;391.66;0.01;SELL
2016-03-06T01:04:01.403000;2016-03-06T01:04:01.743000;54b85982-d2c6-4a33-a589-2009ca7cec23;391.65;0.63289091;SELL
2016-03-06T01:04:01.403000;2016-03-06T01:04:01.810000;af091029-db28-4562-8ed7-039e8be3814a;391.64;0.01;SELL
2016-03-06T01:04:01.403000;2016-03-06T01:04:01.810000;b22552ba-b4bf-4042-b01f-524337d3ce19;391.62;0.1;SELL
2016-03-06T01:04:01.403000;2016-03-06T01:04:01.810000;0163b1d9-b7b3-4900-acf2-c1cc3394aa41;391.62;0.01;SELL
2016-03-06T01:04:01.403000;2016-03-06T01:04:01.810000;80a335e9-c144-4305-8f46-757b5e588977;391.6;1.66;SELL
2016-03-06T01:04:01.403000;2016-03-06T01:04:01.810000;840a4d02-e64b-44f3-bc1f-23e3855843d6;391.55;4.44831909;SELL
2016-03-06T01:04:01.853000;2016-03-06T01:04:01.887000;6dba62f7-42dd-4d7d-b704-3ffc1c754920;391.61;0.0272;SELL
2016-03-06T01:04:30.330000;2016-03-06T01:04:30.387000;54683e3c-42b3-41f8-b060-9f147cafd52f;391.9;5.5775;BUY
2016-03-06T01:04:31.530000;2016-03-06T01:04:31.603000;8976834c-b659-4152-9c92-c51abf5aba30;391.67;1.26077;SELL
2016-03-06T01:04:50.247000;2016-03-06T01:04:50.287000;a47fc6ba-cb1c-4910-b815-ddf4098f6109;391.68;0.01;SELL
2016-03-06T01:05:02.253000;2016-03-06T01:05:02.287000;f0dee345-0819-4bbf-938e-9ad55c6489b8;391.84;0.71754;BUY
2016-03-06T01:05:10.207000;2016-03-06T01:05:10.237000;f4401ca2-d731-4659-9c38-29266b4f1926;391.67;0.04;SELL
2016-03-06T01:05:31.623000;2016-03-06T01:05:31.710000;46034073-e6cc-47c9-87fa-cf5caf999cff;391.65;0.17525;BUY
2016-03-06T01:06:01.867000;2016-03-06T01:06:01.897000;ae7108fe-d42d-49a2-96df-4f4a7c6f632a;391.63;13.14471;BUY
2016-03-06T01:06:33.153000;2016-03-06T01:06:33.303000;d36333f2-e1ca-4cfc-adaf-99874c3099e6;391.8;0.37639;BUY
2016-03-06T01:06:36.917000;2016-03-06T01:06:36.970000;be452ceb-5583-4128-ab59-cede9403d690;391.6;0.01991692;SELL
2016-03-06T01:06:36.917000;2016-03-06T01:06:36.970000;6fd7ab9d-16cb-4f83-8eef-b3f4fd51bd27;391.6;0.1;SELL
2016-03-06T01:06:36.917000;2016-03-06T01:06:36.970000;1fb68779-3fb2-4a4b-a3fe-0136a8b8d93d;391.6;0.1;SELL
2016-03-06T01:06:36.920000;2016-03-06T01:06:36.993000;2c2ab8d0-1a07-4d53-b60b-381b14c048ae;391.54;0.01;SELL
2016-03-06T01:06:36.920000;2016-03-06T01:06:36.993000;28fc0863-8d82-4f95-9974-f6fe8280b4ee;391.54;0.01;SELL
2016-03-06T01:06:36.920000;2016-03-06T01:06:36.993000;ea2dd12e-4aa1-4a14-b43e-ea0593d21402;391.54;0.02;SELL
2016-03-06T01:06:36.920000;2016-03-06T01:06:37.013000;440f16b7-2ec9-41df-bb25-8d6c16b41a09;391.51;0.80776308;SELL
2016-03-06T01:06:36.930000;2016-03-06T01:06:37.033000;65bd920a-02e2-416c-bdcd-57a43ae018ff;391.51;0.0192;SELL
2016-03-06T01:06:37.883000;2016-03-06T01:06:37.920000;784d6e34-09c9-4f22-92fc-909b3879aebf;391.51;2.22319;SELL
2016-03-06T01:06:37.957000;2016-03-06T01:06:37.983000;582d3e2e-7cf2-43b9-9157-4521ec235871;391.51;0.04068;SELL
2016-03-06T01:06:38.070000;2016-03-06T01:06:38.097000;dd39aea8-b27b-4d5d-b16c-b9c60f13d55e;391.51;0.03936;SELL
2016-03-06T01:06:38.227000;2016-03-06T01:06:38.260000;ae4824ec-1b03-4093-8b95-1f643e5527f0;391.51;0.8245;SELL
2016-03-06T01:06:38.667000;2016-03-06T01:06:38.697000;6578438c-e7ee-4d90-9f38-1194c1b52817;391.51;0.0307;SELL
2016-03-06T01:06:38.673000;2016-03-06T01:06:38.820000;12da3715-02bd-482e-a376-95ed0ee107ce;391.51;0.0296;SELL
2016-03-06T01:06:38.677000;2016-03-06T01:06:38.837000;69d65371-6ffc-41c0-a015-d2b3689868ba;391.51;0.03509;SELL
2016-03-06T01:06:38.763000;2016-03-06T01:06:38.977000;741c2737-ae7f-4853-af0a-a24d36948279;391.51;0.05724886;SELL
2016-03-06T01:06:38.913000;2016-03-06T01:06:39.097000;324e646a-c3fe-4c66-b6aa-b63e09744c88;391.51;0.10368;SELL
2016-03-06T01:06:39.153000;2016-03-06T01:06:39.257000;8d89c0ef-ee59-4d62-8d04-3c41df047194;391.51;1.26204;SELL
2016-03-06T01:06:39.473000;2016-03-06T01:06:39.590000;efc51cd1-565d-4c9e-83c8-ddfeeddb1092;391.51;1.30314806;SELL
2016-03-06T01:06:39.473000;2016-03-06T01:06:39.590000;b5c7f1df-034b-495a-8a3c-efdef8987c0d;391.51;0.09909194;SELL
2016-03-06T01:06:40.423000;2016-03-06T01:06:40.480000;36df4cc2-47a4-4bde-acec-a9cf5bf88a93;391.51;0.02666483;SELL
2016-03-06T01:06:40.430000;2016-03-06T01:06:40.497000;5d63470d-6ec5-4fca-a529-8614d1ef28d3;391.51;0.31966;SELL
2016-03-06T01:06:40.683000;2016-03-06T01:06:40.740000;2c41128b-8242-47d5-bba9-1da76bbbf307;391.51;0.05036698;SELL
2016-03-06T01:06:40.903000;2016-03-06T01:06:40.987000;8de8457c-018a-490f-a0c5-18ba1232eeb6;391.51;1.36464;SELL
2016-03-06T01:06:41.323000;2016-03-06T01:06:41.363000;3c523584-e93e-45fb-9ee4-fe36b2d2d92d;391.51;0.09738;SELL
2016-03-06T01:06:41.330000;2016-03-06T01:06:41.390000;9ca902fb-03ee-4ea1-95f1-87d3729ec479;391.51;1.3167;SELL
2016-03-06T01:06:41.477000;2016-03-06T01:06:41.527000;0c1949f3-b4d4-463d-9380-d5668a82d75c;391.51;0.0364;SELL
2016-03-06T01:06:41.507000;2016-03-06T01:06:41.570000;0ac083df-7fe8-4618-b0f8-9782ac312fb6;391.51;0.30228;SELL
2016-03-06T01:06:41.687000;2016-03-06T01:06:41.757000;fd7451ec-62f8-47f5-9875-bf59184f123a;391.51;1.29012;SELL
2016-03-06T01:06:41.893000;2016-03-06T01:06:41.973000;af70354c-82de-4ced-ad5d-6e0ec888390c;391.51;0.04598191;SELL
2016-03-06T01:06:42.160000;2016-03-06T01:06:42.250000;778507da-ed31-460f-9353-00d44288e342;391.51;0.11034;SELL
2016-03-06T01:06:42.290000;2016-03-06T01:06:42.333000;fa3c4cc9-f000-4c7c-a70d-39da24ba27ee;391.51;1.32314;SELL
2016-03-06T01:06:42.353000;2016-03-06T01:06:42.413000;fd6b5acc-1bbb-459f-9a09-841ed007fc9a;391.51;0.0306982;SELL
2016-03-06T01:07:03.633000;2016-03-06T01:07:03.667000;e91b8b97-eaa3-45b2-92b1-cdc866548f59;391.6;0.25;BUY
2016-03-06T01:07:03.633000;2016-03-06T01:07:03.693000;24554769-3cff-4691-84f5-37a5fa4129f1;391.64;0.33142;BUY
2016-03-06T01:07:31.553000;2016-03-06T01:07:31.587000;3bc4f911-b6c7-4fb9-b7ac-5e36ab320bf3;391.53;0.01;SELL
2016-03-06T01:07:31.553000;2016-03-06T01:07:31.607000;7ccfd3d6-a63a-4248-aa3e-e4cbfdf05c01;391.52;0.1;SELL
2016-03-06T01:07:31.553000;2016-03-06T01:07:31.607000;d2756c08-1702-4178-ab28-36f7744251fa;391.5;13.52959;SELL
2016-03-06T01:07:50.503000;2016-03-06T01:07:50.563000;257e4917-62f1-42aa-9b6a-71ec24b635f6;391.51;0.35;SELL
2016-03-06T01:07:50.503000;2016-03-06T01:07:50.607000;c84a60f1-e48e-4d4a-8038-441b88e9bb07;391.51;0.1;SELL
2016-03-06T01:07:50.503000;2016-03-06T01:07:50.607000;96e7f52d-0216-4dbf-bbc9-9f96cdbe5f82;391.5;49.55;SELL
2016-03-06T01:08:01.190000;2016-03-06T01:08:01.230000;32ccb957-911f-45d5-b662-b89d14264cdc;391.5;28.92041;SELL
2016-03-06T01:08:01.190000;2016-03-06T01:08:01.267000;14ee9064-bb5f-4d57-8abf-b6eb1a447a59;391.45;0.316;SELL
2016-03-06T01:08:01.190000;2016-03-06T01:08:01.300000;309a9c77-afd4-43c6-8404-5402c3c9e563;391.44;0.01;SELL
2016-03-06T01:08:01.190000;2016-03-06T01:08:01.300000;ba2a09a8-ed1f-4985-a60d-ac75ca299f3e;391.4;0.01991692;SELL
2016-03-06T01:08:01.190000;2016-03-06T01:08:01.300000;ac38868a-cf3e-431f-bc34-ec42267498c9;391.38;0.03;SELL
2016-03-06T01:08:01.190000;2016-03-06T01:08:01.320000;93f30ef0-06ee-48c1-b345-71c1db11d2a0;391.36;0.331;SELL
2016-03-06T01:08:01.190000;2016-03-06T01:08:01.320000;9149611e-30d0-49d4-a272-9de3579ead09;391.34;0.01;SELL
2016-03-06T01:08:01.193000;2016-03-06T01:08:01.320000;56e9ac2a-6345-42e5-aee1-26d0d1e89899;391.33;7.894;SELL
2016-03-06T01:08:01.193000;2016-03-06T01:08:01.320000;c6f60652-dde5-439d-a386-c2b946a6c128;391.33;0.01;SELL
2016-03-06T01:08:01.193000;2016-03-06T01:08:01.320000;03f44528-268b-4137-b300-7dd0dcac99d1;391.24;0.01;SELL
2016-03-06T01:08:01.193000;2016-03-06T01:08:01.343000;5d716b7c-8804-4f60-b692-c1425190ff27;391.23;1.0;SELL
2016-03-06T01:08:01.193000;2016-03-06T01:08:01.343000;aed2016c-e407-4c8d-9b86-c61b9c122a95;391.22;1.0;SELL
2016-03-06T01:08:01.193000;2016-03-06T01:08:01.343000;db36fa64-e2a7-4573-8477-22aa65e539b5;391.21;1.0;SELL
2016-03-06T01:08:01.193000;2016-03-06T01:08:01.343000;9a19242d-c3ff-4214-a6d4-3433fafc2762;391.21;0.4608;SELL
2016-03-06T01:08:01.193000;2016-03-06T01:08:01.360000;646e20ca-86dd-4646-a62e-cbaae4d0a119;391.2;0.06454514;SELL
2016-03-06T01:08:01.193000;2016-03-06T01:08:01.380000;979dc4ea-2b45-45da-8e9c-dea30ab7b452;391.2;0.01991692;SELL
2016-03-06T01:08:01.193000;2016-03-06T01:08:01.430000;65bde6ce-638c-4b8e-b213-37a73c96469f;391.17;8.849;SELL
2016-03-06T01:08:01.193000;2016-03-06T01:08:01.447000;1a4c8034-29df-49ca-b88e-a63647c46016;391.14;0.01;SELL
2016-03-06T01:08:01.193000;2016-03-06T01:08:01.487000;1c8eff26-f570-4ed6-8d2b-fe825911672a;391.11;0.025;SELL
2016-03-06T01:08:01.193000;2016-03-06T01:08:01.517000;6b725134-c87c-46c0-8e80-e6d3705c3695;391.09;0.01;SELL
2016-03-06T01:08:01.193000;2016-03-06T01:08:01.547000;15769b4f-86d8-43e2-9819-d5baa7c48a2c;391.05;2.16;SELL
2016-03-06T01:08:01.193000;2016-03-06T01:08:01.563000;6c8ba01e-1c0e-4dcf-8f1a-28d2ef342cee;391.04;0.01;SELL
2016-03-06T01:08:01.193000;2016-03-06T01:08:01.580000;abb11c3b-65b3-4596-a766-a5146f930a66;391.04;2.16;SELL
2016-03-06T01:08:01.197000;2016-03-06T01:08:01.580000;39e6f33e-8994-4711-987d-1e839852f1c3;391.03;0.01;SELL
2016-03-06T01:08:01.197000;2016-03-06T01:08:01.580000;029f3a32-400a-4aa1-a3d1-a23b9c4cfbf7;391.01;4.38;SELL
2016-03-06T01:08:01.197000;2016-03-06T01:08:01.580000;9b5066fa-f455-4e90-b9fc-befdbac2dcf9;391.0;0.01011;SELL
2016-03-06T01:08:01.197000;2016-03-06T01:08:01.580000;e79ff330-fa58-48fb-9fd3-c35b1dfcaa5b;391.0;0.1;SELL
2016-03-06T01:08:01.197000;2016-03-06T01:08:01.583000;3c7881f2-55f6-4c26-831d-69eab38dd80b;391.0;0.20559631;SELL
2016-03-06T01:08:01.197000;2016-03-06T01:08:01.583000;4bef73b4-aa92-47a4-aad1-34498db54320;391.0;0.25;SELL
2016-03-06T01:08:01.197000;2016-03-06T01:08:01.597000;5b5e4a90-e789-4c3f-aa62-11f464b98ad4;390.99;18.0;SELL
2016-03-06T01:08:01.197000;2016-03-06T01:08:01.597000;3ae165cd-4894-4b49-81a3-c21029b7579c;390.98;9.306;SELL
2016-03-06T01:08:01.197000;2016-03-06T01:08:01.597000;bb8a5e5c-f0c4-4903-8c20-952724309fd5;390.98;7.2;SELL
2016-03-06T01:08:01.197000;2016-03-06T01:08:01.597000;4d675cee-185e-418d-b6a9-ddf449c86110;390.97;0.02;SELL
2016-03-06T01:08:01.197000;2016-03-06T01:08:01.600000;d028e0c0-f422-4210-a3bd-b50a932a9c4f;390.94;0.01;SELL
2016-03-06T01:08:01.197000;2016-03-06T01:08:01.627000;95373e33-3980-41c4-9419-95a36add804d;390.89;0.01;SELL
2016-03-06T01:08:01.197000;2016-03-06T01:08:01.677000;d0d56e30-be03-4e3f-bb7b-2d3e1192380c;390.87;0.46017109;SELL
2016-03-06T01:08:01.197000;2016-03-06T01:08:01.703000;982492ca-23f0-497b-8dcb-1d09cee16c86;390.84;0.01;SELL
2016-03-06T01:08:01.200000;2016-03-06T01:08:01.703000;e64fda74-75e1-4287-99b0-0edc80705cb8;390.83;7.554;SELL
2016-03-06T01:08:01.200000;2016-03-06T01:08:01.703000;a938b8d3-a38a-4899-993f-1b13fa67c31e;390.74;0.01;SELL
2016-03-06T01:08:01.200000;2016-03-06T01:08:01.703000;f4ef6929-5802-4cf5-9349-240fd379f465;390.74;0.01;SELL
2016-03-06T01:08:01.200000;2016-03-06T01:08:01.703000;833cb5de-7b8a-45bb-b1c5-4bd17f8a2c46;390.66;7.913;SELL
2016-03-06T01:08:01.200000;2016-03-06T01:08:01.703000;e6bab323-13c2-4528-9ddf-7ef3bd68fbf5;390.66;7.58479;SELL
2016-03-06T01:08:01.200000;2016-03-06T01:08:01.703000;aa0730ca-46b1-4d33-811b-d25ff5f16b07;390.64;0.01;SELL
2016-03-06T01:08:01.200000;2016-03-06T01:08:01.737000;a27a504d-e6e0-4702-a057-c217002ee403;390.61;0.4308;SELL
2016-03-06T01:08:01.200000;2016-03-06T01:08:01.773000;373d1b6d-21cc-4590-8d45-a9547ce6393a;390.54;0.01;SELL
2016-03-06T01:08:01.200000;2016-03-06T01:08:01.803000;e54f9016-b00c-4cbc-bf72-d2deb7a3b5c6;390.53;0.01;SELL
2016-03-06T01:08:01.200000;2016-03-06T01:08:01.830000;4892815a-bf62-4e79-9977-715380cc2bf7;390.51;8.138;SELL
2016-03-06T01:08:01.200000;2016-03-06T01:08:01.830000;09887de6-786b-4952-bf07-b6ac1206e9e3;390.44;0.01;SELL
2016-03-06T01:08:01.200000;2016-03-06T01:08:01.830000;fe7c5b6f-5d59-4e1d-b53f-594ec3194742;390.34;8.435;SELL
2016-03-06T01:08:01.200000;2016-03-06T01:08:01.830000;c5a76993-bab5-4d21-b438-6cb4987ba759;390.34;0.01;SELL
2016-03-06T01:08:01.200000;2016-03-06T01:08:01.830000;a6d0f93e-1af6-4113-bcb1-a8273a222136;390.29;0.01;SELL
2016-03-06T01:08:01.200000;2016-03-06T01:08:01.830000;04cb4afa-8fbc-469d-ac1b-6bc3dd3641ee;390.24;0.38510567;SELL
2016-03-06T01:08:01.203000;2016-03-06T01:08:01.830000;c6e9583f-1b1e-4b04-b7e4-a707edf6892e;390.24;0.01;SELL
2016-03-06T01:08:01.203000;2016-03-06T01:08:01.850000;af1f46aa-f8c7-4762-8780-84b8fcd77cc2;390.16;8.968;SELL
2016-03-06T01:08:01.203000;2016-03-06T01:08:01.873000;647e293b-551e-433e-98bc-a35a381d49f5;390.14;0.01;SELL
2016-03-06T01:08:01.203000;2016-03-06T01:08:01.873000;02e1efe2-c6e3-49ef-981a-6a3d98248818;390.12;0.1;SELL
2016-03-06T01:08:01.203000;2016-03-06T01:08:01.950000;a0decb79-ffb1-4a28-86c4-4288b2417f13;390.07;0.01;SELL
2016-03-06T01:08:01.203000;2016-03-06T01:08:01.987000;161360a3-0d44-4c09-8c9e-6416e1ff61dc;390.04;0.01;SELL
2016-03-06T01:08:01.203000;2016-03-06T01:08:02.030000;01f8e52c-da9e-4ffc-979d-6cee89899bca;390.0;0.01017;SELL
2016-03-06T01:08:01.203000;2016-03-06T01:08:02.063000;96d0a8c9-7fdb-4aa4-b10c-0bb26bbd02ea;390.0;1.0;SELL
2016-03-06T01:08:01.203000;2016-03-06T01:08:02.103000;cbec0fc2-c66b-4824-a1e7-02427bf50bb1;390.0;1.0;SELL
2016-03-06T01:08:01.203000;2016-03-06T01:08:02.123000;bf6228e9-95fb-476d-9f3d-6bbd453863f2;390.0;0.1;SELL
2016-03-06T01:08:01.203000;2016-03-06T01:08:02.183000;7aa2cbfa-f4a1-4010-9413-8a2236225bee;390.0;0.1;SELL
2016-03-06T01:08:01.203000;2016-03-06T01:08:02.183000;4c9620dd-9e47-466c-9adf-6d77743e7682;390.0;0.01025641;SELL
2016-03-06T01:08:01.203000;2016-03-06T01:08:02.183000;be8f9559-b363-4621-bd8a-4a2ec6b69d4f;390.0;0.1;SELL
2016-03-06T01:08:01.203000;2016-03-06T01:08:02.183000;be53ca5e-8ff0-4ae3-8f67-6fc8b97499a6;390.0;0.05;SELL
2016-03-06T01:08:01.203000;2016-03-06T01:08:02.183000;0cade403-110b-45e9-864d-b9a7eae559dc;390.0;0.2814;SELL
2016-03-06T01:08:01.203000;2016-03-06T01:08:02.183000;8e93f3df-b83b-429c-8764-12e3b625ecd5;390.0;0.4008;SELL
2016-03-06T01:08:01.207000;2016-03-06T01:08:02.183000;3dcab24b-1348-4e5e-8e69-005189ead72a;390.0;0.20578109;SELL
2016-03-06T01:08:01.207000;2016-03-06T01:08:02.183000;5749c49d-cea9-4417-b33f-d9ab50d6c979;389.99;3.91;SELL
2016-03-06T01:08:01.207000;2016-03-06T01:08:02.183000;f45695cd-976d-4629-aad9-dbd3794067f8;389.94;0.01;SELL
2016-03-06T01:08:01.207000;2016-03-06T01:08:02.183000;3fb40693-062b-4c02-9d4b-0cf79c19a281;389.92;0.01;SELL
2016-03-06T01:08:01.207000;2016-03-06T01:08:02.183000;d7287407-9557-437e-aa2a-f2a224effeff;389.87;0.1238;SELL
2016-03-06T01:08:01.207000;2016-03-06T01:08:02.183000;b4207270-f293-451c-9a94-c2740b7156f9;389.84;0.01;SELL
2016-03-06T01:08:01.207000;2016-03-06T01:08:02.183000;fac16fb7-c8f0-4dd8-af40-54c14f5553bd;389.8;7.176;SELL
2016-03-06T01:08:01.207000;2016-03-06T01:08:02.183000;1bb5bb3b-48ec-400d-89c9-c834619f5644;389.74;0.01;SELL
2016-03-06T01:08:01.207000;2016-03-06T01:08:02.207000;dce7c72c-2cf1-490e-8f1a-64ee7c7840a7;389.69;0.01;SELL
2016-03-06T01:08:01.207000;2016-03-06T01:08:02.207000;987c698b-4b08-4cc3-b628-0f19e0af3d22;389.64;0.01;SELL
2016-03-06T01:08:01.207000;2016-03-06T01:08:02.207000;8bda93c6-2d73-466f-8f1b-8ee2d3d899c6;389.62;6.55063045;SELL
2016-03-06T01:08:02.177000;2016-03-06T01:08:02.300000;26a6597b-c320-4c57-af4a-d42e766554b7;391.01;1.61705;SELL
2016-03-06T01:08:24.913000;2016-03-06T01:08:24.950000;263aaadc-4331-4cac-a096-67e726e109ac;391.05;0.01;SELL
2016-03-06T01:08:24.913000;2016-03-06T01:08:24.970000;d5c5d7b1-a0b8-4411-8ba8-f6b156adce42;391.04;0.01;SELL
2016-03-06T01:08:24.913000;2016-03-06T01:08:24.987000;c0ac091f-28fe-47d6-ad3a-25a4fc3b04f1;391.04;0.076;SELL
2016-03-06T01:08:24.913000;2016-03-06T01:08:25.037000;2e3a9a39-5c6d-4809-a33b-818c45e964c3;391.0;0.01992754;SELL
2016-03-06T01:08:30.453000;2016-03-06T01:08:30.487000;4a88e5b3-a2cb-483d-b09f-625d0a5ead1e;390.95;0.01;SELL
2016-03-06T01:08:30.453000;2016-03-06T01:08:30.513000;6e90d94e-1d75-4972-93b4-16e388a7f4e0;390.94;0.01;SELL
2016-03-06T01:08:30.453000;2016-03-06T01:08:30.513000;2e34176a-fa77-41e2-90a2-94d3159ef844;390.94;0.116;SELL
2016-03-06T01:08:30.453000;2016-03-06T01:08:30.513000;d31ec277-326b-4f7f-9e10-2a443fd1b639;390.8;0.01992754;SELL
2016-03-06T01:08:30.453000;2016-03-06T01:08:30.517000;fe285294-48b9-46fb-b550-46509cbab683;390.66;0.01;SELL
2016-03-06T01:08:30.453000;2016-03-06T01:08:30.517000;58666a08-6664-45af-b3fa-45a945afc01c;390.64;5.33624246;SELL
2016-03-06T01:08:32.853000;2016-03-06T01:08:33.010000;fe7d584b-e0ce-4cb5-9202-2af81991a496;390.64;2.52075754;SELL
2016-03-06T01:08:32.853000;2016-03-06T01:08:33.010000;28004b59-c741-4940-ab4b-3a60bae8bca5;390.62;0.3552;SELL
2016-03-06T01:08:32.853000;2016-03-06T01:08:33.010000;91dbdb7c-465f-4ce4-a223-3fc0e8c07173;390.6;0.01992754;SELL
2016-03-06T01:08:32.853000;2016-03-06T01:08:33.010000;cde6aeba-479f-4be7-9c83-724f6427f1e3;390.5;0.01;SELL
2016-03-06T01:08:32.857000;2016-03-06T01:08:33.013000;7c28eb43-9906-4edf-9eed-118c84094df1;390.48;0.48373492;SELL
2016-03-06T01:08:39.320000;2016-03-06T01:08:39.340000;3a4f00ca-4f0e-4afb-bd3c-a6a96e983bb0;390.64;0.25;BUY
2016-03-06T01:08:39.320000;2016-03-06T01:08:39.383000;0f7d7236-685b-4e56-8547-a647d66c1d31;390.64;1e-06;BUY
2016-03-06T01:08:55.637000;2016-03-06T01:08:55.700000;49316e6f-b1f1-4940-b33d-a6e6c9ea946b;390.64;0.05;BUY
2016-03-06T01:08:55.637000;2016-03-06T01:08:55.720000;2cb11f7a-a06d-442c-8d3e-8d4fbcc7c1af;390.64;0.075291;BUY
2016-03-06T01:09:01.457000;2016-03-06T01:09:01.537000;f02ad3e0-1e1d-43cd-8b91-7f4fb85525d2;390.64;1.23901;BUY
2016-03-06T01:09:02.783000;2016-03-06T01:09:02.860000;eed14c0f-314c-4016-979c-64ac5351d2a6;390.64;0.0344366;BUY
2016-03-06T01:09:31.497000;2016-03-06T01:09:31.557000;f99e8588-4875-4b38-bf33-1af1454e22a4;390.64;0.47385;BUY
2016-03-06T01:09:35.290000;2016-03-06T01:09:35.397000;4d509511-e35a-4c3f-8271-1a45cec8a622;390.63;0.0492;SELL
2016-03-06T01:09:35.607000;2016-03-06T01:09:35.737000;e4566615-5a0a-435c-8b3f-29fd5514c003;390.63;0.036;SELL
2016-03-06T01:09:35.830000;2016-03-06T01:09:35.917000;df2064a4-b02e-44a9-b336-ab0cd1a59812;390.63;0.1;SELL
2016-03-06T01:09:48.273000;2016-03-06T01:09:48.337000;ca8d2949-eefb-4bde-a1a3-fae779c64e85;390.63;0.064801;SELL
2016-03-06T01:09:48.273000;2016-03-06T01:09:48.337000;143902c6-8389-4823-ae62-e4f31a768ab8;390.63;0.11058531;SELL
2016-03-06T01:09:48.327000;2016-03-06T01:09:48.383000;a2591be2-2def-4fb2-a7eb-1bc860a7fef6;390.63;0.02461369;SELL
2016-03-06T01:09:51.620000;2016-03-06T01:09:51.677000;65819a10-981f-404e-9234-6d4de9d34764;390.63;0.064801;SELL
2016-03-06T01:09:51.620000;2016-03-06T01:09:51.713000;10ba1e9f-0c2b-4920-bd3e-23bf0f90b4f2;390.63;0.10853269;SELL
2016-03-06T01:09:51.627000;2016-03-06T01:09:51.717000;26a72634-04fc-47f3-b2bb-8c24fd8bee2a;390.63;0.09146731;SELL
2016-03-06T01:09:51.627000;2016-03-06T01:09:51.717000;c2621c07-62c0-43be-b737-502bbd150301;390.63;0.502;SELL
2016-03-06T01:09:51.627000;2016-03-06T01:09:51.717000;d325771e-79d8-4718-bff4-75137b719eba;390.62;0.281;SELL
2016-03-06T01:09:51.630000;2016-03-06T01:09:51.717000;0313c9fa-0083-4fc2-8ac3-e3dbd9bb444d;390.57;0.264;SELL
2016-03-06T01:09:51.630000;2016-03-06T01:09:51.763000;c572e589-fb04-40ca-a8bd-a23b3a5a189b;390.55;0.01;SELL
2016-03-06T01:09:51.630000;2016-03-06T01:09:51.763000;729bc8a1-656b-4206-af12-f9be445b5681;390.52;0.13088269;SELL
2016-03-06T01:09:51.640000;2016-03-06T01:09:51.763000;b9d84f06-792b-4246-8d32-af5479091b70;390.52;0.06410344;SELL
2016-03-06T01:09:51.660000;2016-03-06T01:09:51.763000;494a69af-8c56-41c4-90ee-5a3933eee916;390.52;0.06801387;SELL
2016-03-06T01:09:51.660000;2016-03-06T01:09:51.787000;1bedb783-62d6-4d2d-b2d6-43612c42a0ae;390.49;0.00339813;SELL
2016-03-06T01:09:51.670000;2016-03-06T01:09:51.803000;0a55feed-1f72-4d0e-a83c-f1fd4bce3568;390.49;0.00660187;SELL
2016-03-06T01:09:51.670000;2016-03-06T01:09:51.803000;8e06931e-1f0b-4411-a645-c1f13d8c17c5;390.48;1.13453813;SELL
2016-03-06T01:09:51.697000;2016-03-06T01:09:51.803000;d930c4f7-e63e-473f-9f85-f3b4e3a0dfae;390.48;0.35266;SELL
2016-03-06T01:09:51.713000;2016-03-06T01:09:51.807000;373af22a-d853-421b-a5df-f0003ff260e8;390.48;1.4886;SELL
2016-03-06T01:09:51.717000;2016-03-06T01:09:51.807000;22d960e7-3e6a-42e5-a8ed-c580fc27545b;390.48;0.0312;SELL
2016-03-06T01:09:51.727000;2016-03-06T01:09:51.807000;34ee23d0-0181-4724-9ac3-b653712306cc;390.48;0.04598191;SELL
2016-03-06T01:09:51.743000;2016-03-06T01:09:51.830000;bc49c92d-3dcb-4bc7-8b9a-73bebba20d65;390.48;0.12528504;SELL
2016-03-06T01:09:51.743000;2016-03-06T01:09:51.860000;546e5d95-1c8d-442f-b90d-885198f64498;390.42;0.123;SELL
2016-03-06T01:09:51.743000;2016-03-06T01:09:51.860000;270afe74-954b-4878-9256-99c9780c159f;390.4;0.02;SELL
2016-03-06T01:09:51.747000;2016-03-06T01:09:51.880000;f2479f62-a475-4c93-9234-932d55bd9ce8;390.4;0.01992754;SELL
2016-03-06T01:09:51.747000;2016-03-06T01:09:51.880000;b98e8eab-173d-4702-aff6-baf8338852c4;390.37;0.143;SELL
2016-03-06T01:09:51.747000;2016-03-06T01:09:51.880000;fac754d1-05d1-4279-98d9-48b4d6d72739;390.33;0.01;SELL
2016-03-06T01:09:51.747000;2016-03-06T01:09:51.880000;1c44c92f-2991-4f2a-9658-015b306adda6;390.32;0.118;SELL
2016-03-06T01:09:51.747000;2016-03-06T01:09:51.880000;a4e5fb02-1f9a-4f1a-b30d-933c0f0d0dd6;390.3;1.06926742;SELL
2016-03-06T01:09:51.817000;2016-03-06T01:09:51.957000;888e9fad-ddc9-415f-a970-d5771793c607;390.54;0.01;SELL
2016-03-06T01:09:51.817000;2016-03-06T01:09:51.957000;3124236c-9800-44b1-b937-40981e57035a;390.3;0.02274474;SELL
2016-03-06T01:10:00.520000;2016-03-06T01:10:00.583000;8601dc24-40c4-41f5-add2-034b223d30c0;390.47;4.92;SELL
2016-03-06T01:10:00.520000;2016-03-06T01:10:00.623000;23e9b4a3-ac70-4ac4-bcda-937dc148cd5b;390.34;0.01;SELL
2016-03-06T01:10:00.520000;2016-03-06T01:10:00.623000;fef0e2e3-9960-43ef-9099-e0ec6885906c;390.3;1.41098784;SELL
2016-03-06T01:10:00.520000;2016-03-06T01:10:00.623000;789d4637-7d21-418b-afd5-ae87c1b47f7b;390.2;0.01992754;SELL
2016-03-06T01:10:00.520000;2016-03-06T01:10:00.623000;29bcc84f-ec0f-4262-ab65-8d64dda4c1cf;390.14;0.01;SELL
2016-03-06T01:10:00.520000;2016-03-06T01:10:00.650000;350821f1-25fa-4cb6-86cf-b36fe32ae505;390.13;0.01;SELL
2016-03-06T01:10:00.523000;2016-03-06T01:10:00.650000;f4ac89db-6a4d-415b-8f3e-cbb545b5adbf;390.02;0.3588;SELL
