time_exchange;time_coinpai;guid;price;base_amount;taker_side
2016-03-06T00:00:28.000000;2016-03-06T00:00:28.000000;3755c65c-367f-4114-9608-e696dc6a097b;397.37;0.63125;UNKNOWN
2016-03-06T00:02:26.000000;2016-03-06T00:02:26.000000;6eae0ad1-34c9-4135-8eed-a836c510e417;397.88;30.692602;UNKNOWN
2016-03-06T00:02:26.000000;2016-03-06T00:02:26.000000;17ea203c-c3bb-4f0c-8d2c-502df5eba830;397.85;10.0;UNKNOWN
2016-03-06T00:02:26.000000;2016-03-06T00:02:26.000000;0fb55f52-3cac-4f24-a86f-b36f2ef56894;397.84;18.12;UNKNOWN
2016-03-06T00:02:26.000000;2016-03-06T00:02:26.000000;3721ae39-40a6-4520-a72a-4573b770fa6e;397.89;20.393;UNKNOWN
2016-03-06T00:02:26.000000;2016-03-06T00:02:26.000000;84100980-52ce-470e-a393-b80441852340;397.92;7.9567;UNKNOWN
2016-03-06T00:02:26.000000;2016-03-06T00:02:26.000000;dc7ec9aa-34c5-43fb-a763-f219a79c78f5;397.93;12.837698;UNKNOWN
2016-03-06T00:02:38.000000;2016-03-06T00:02:38.000000;a9d1316c-c79a-4cc8-a9da-892db83fe2ff;397.55;0.27957401;UNKNOWN
2016-03-06T00:02:51.000000;2016-03-06T00:02:51.000000;0d0a10f7-4a87-4443-b928-87000ddc2f39;397.58;0.258;UNKNOWN
2016-03-06T00:02:51.000000;2016-03-06T00:02:51.000000;4409aff5-303c-489e-b29b-960294465ab4;397.58;0.259;UNKNOWN
2016-03-06T00:02:51.000000;2016-03-06T00:02:51.000000;7f14879d-83d0-4880-a925-f7f80df36cd7;397.58;0.261;UNKNOWN
2016-03-06T00:02:51.000000;2016-03-06T00:02:51.000000;bf693264-8163-4917-8686-7eff0dcaf5ed;397.58;0.253;UNKNOWN
2016-03-06T00:02:51.000000;2016-03-06T00:02:51.000000;639113ae-31b5-4198-8cc8-fdc648a55765;397.59;18.25;UNKNOWN
2016-03-06T00:02:51.000000;2016-03-06T00:02:51.000000;a5ca885a-634c-4997-bc86-ed3ee5cc75c7;397.58;0.26;UNKNOWN
2016-03-06T00:02:51.000000;2016-03-06T00:02:51.000000;aa204910-7142-474f-bd28-04250707ef75;397.58;6.2738;UNKNOWN
2016-03-06T00:02:52.000000;2016-03-06T00:02:52.000000;d46f76bd-2a98-44fb-9d9d-0bcc36aa1e81;397.58;0.258;UNKNOWN
2016-03-06T00:02:53.000000;2016-03-06T00:02:53.000000;eb34d805-8db1-4075-b53b-bef1dbcf9550;397.57;0.26;UNKNOWN
2016-03-06T00:02:53.000000;2016-03-06T00:02:53.000000;37cdcd75-37f2-4002-a641-ed9013a2e9c7;397.57;0.253;UNKNOWN
2016-03-06T00:02:54.000000;2016-03-06T00:02:54.000000;2d236c4d-ec92-4bc7-bb8b-81a9ed254324;397.58;0.259;UNKNOWN
2016-03-06T00:03:32.000000;2016-03-06T00:03:32.000000;499f2e5a-a423-4c96-9d19-e6336f184e98;397.57;0.94064386;UNKNOWN
2016-03-06T00:03:39.000000;2016-03-06T00:03:39.000000;3ec9597f-c035-4db9-83fc-3bade121134f;397.56;28.444096;UNKNOWN
2016-03-06T00:03:39.000000;2016-03-06T00:03:39.000000;c50e9f2c-441c-422e-8bb4-0621d0785b01;397.56;0.51;UNKNOWN
2016-03-06T00:03:39.000000;2016-03-06T00:03:39.000000;e9f822c3-1105-4d54-8a7b-1fa0ce3cecc4;397.56;0.258;UNKNOWN
2016-03-06T00:04:09.000000;2016-03-06T00:04:09.000000;441c5f36-fb0f-4141-999f-dcdc12d7f182;397.59;0.12617516;UNKNOWN
2016-03-06T00:04:59.000000;2016-03-06T00:04:59.000000;82fe6518-d8ca-458a-9bbb-9ac3e7539b8f;397.83;0.05;UNKNOWN
2016-03-06T00:05:32.000000;2016-03-06T00:05:32.000000;dbbede1d-89d9-4b24-8d35-6b6eafe39135;397.61;0.075;UNKNOWN
2016-03-06T00:06:27.000000;2016-03-06T00:06:27.000000;04955f0e-1b4b-478d-8a00-45de5fba9ce2;397.83;19.305707;UNKNOWN
2016-03-06T00:06:31.000000;2016-03-06T00:06:31.000000;16dbf961-6e07-418c-a626-21b938de5782;397.83;4.97288;UNKNOWN
2016-03-06T00:06:36.000000;2016-03-06T00:06:36.000000;c80738e6-cb16-4c67-9ccb-4822abb401ed;397.83;21.596484;UNKNOWN
2016-03-06T00:06:40.000000;2016-03-06T00:06:40.000000;278fdb00-30c4-4eec-b656-6b35b1807e35;397.83;1.624929;UNKNOWN
2016-03-06T00:08:49.000000;2016-03-06T00:08:49.000000;2753278f-c0a9-4371-8d0d-78516a38b371;397.74;2.0;UNKNOWN
2016-03-06T00:09:28.000000;2016-03-06T00:09:28.000000;fa7d27f9-be51-496e-8df2-d2f0e2a70ff8;397.74;2.0;UNKNOWN
2016-03-06T00:10:08.000000;2016-03-06T00:10:08.000000;fcfb5dad-5216-41c0-b040-a0c0f99c36cc;397.73;0.24740227;UNKNOWN
2016-03-06T00:12:05.000000;2016-03-06T00:12:05.000000;145162ed-f61f-47a2-a39f-009bd6da76f1;397.73;10.0;UNKNOWN
2016-03-06T00:12:09.000000;2016-03-06T00:12:09.000000;2d152473-df20-498e-bf44-d396c84a664b;397.73;0.106504;UNKNOWN
2016-03-06T00:12:12.000000;2016-03-06T00:12:12.000000;6a8f336d-5ec5-4c62-b065-fc219bd6dcf2;397.73;3.79511871;UNKNOWN
2016-03-06T00:12:58.000000;2016-03-06T00:12:58.000000;16c261cb-fa16-4710-b03c-d7f119dfe66f;397.73;0.10096;UNKNOWN
2016-03-06T00:13:02.000000;2016-03-06T00:13:02.000000;7346619f-5ed4-4ef4-8c73-bb54b3dcfbd2;397.73;0.26;UNKNOWN
2016-03-06T00:13:02.000000;2016-03-06T00:13:02.000000;cea12d94-d329-4096-8997-b4789d3de404;397.73;0.259;UNKNOWN
2016-03-06T00:13:02.000000;2016-03-06T00:13:02.000000;dfb7f7ae-3065-403f-be5e-c9eeaab14dec;397.64;3.45939686;UNKNOWN
2016-03-06T00:13:02.000000;2016-03-06T00:13:02.000000;2487a1b4-99e6-4874-9203-90a3ad1c2f36;397.73;0.26;UNKNOWN
2016-03-06T00:13:02.000000;2016-03-06T00:13:02.000000;86fba059-3df9-4833-967b-9759a4eb22e9;397.73;2.26733094;UNKNOWN
2016-03-06T00:13:02.000000;2016-03-06T00:13:02.000000;09f0d71b-e71c-4b53-aaec-86d8ef7903cc;397.73;0.259;UNKNOWN
2016-03-06T00:13:02.000000;2016-03-06T00:13:02.000000;7241e5ec-352c-40c5-b012-591561a08a36;397.73;0.26;UNKNOWN
2016-03-06T00:13:02.000000;2016-03-06T00:13:02.000000;5e28e2e1-d4a8-41e4-a840-aa117b9191c4;397.73;0.258;UNKNOWN
2016-03-06T00:13:02.000000;2016-03-06T00:13:02.000000;159c69c5-8efd-43df-9c1e-5bc4ea1f7828;397.73;0.259;UNKNOWN
2016-03-06T00:13:02.000000;2016-03-06T00:13:02.000000;f51f3f67-19da-4c31-9257-401e91f857d7;397.73;0.16004;UNKNOWN
2016-03-06T00:13:02.000000;2016-03-06T00:13:02.000000;453ed7d2-5933-4f8c-ba6b-057d0efb6a6f;397.73;0.25;UNKNOWN
2016-03-06T00:13:02.000000;2016-03-06T00:13:02.000000;fab35176-9558-490a-a38d-28c09459d65d;397.73;2.0482322;UNKNOWN
2016-03-06T00:13:06.000000;2016-03-06T00:13:06.000000;6ac29c53-55dd-482d-b94a-9f6d22a4050a;397.73;2.01;UNKNOWN
2016-03-06T00:13:18.000000;2016-03-06T00:13:18.000000;9bdbfb9e-3cd6-49a2-ae4f-c18b4c259e6f;397.57;0.253;UNKNOWN
2016-03-06T00:13:18.000000;2016-03-06T00:13:18.000000;b4f5c83b-da64-43af-95a7-8cc1aa790db9;397.51;6.2598;UNKNOWN
2016-03-06T00:13:18.000000;2016-03-06T00:13:18.000000;bc579910-9e36-4a0f-8dc6-f791a17b2116;397.57;1.0;UNKNOWN
2016-03-06T00:13:18.000000;2016-03-06T00:13:18.000000;a74fe046-9501-4407-86da-90e38b172260;397.5;2.4872;UNKNOWN
2016-03-06T00:13:28.000000;2016-03-06T00:13:28.000000;f134e36a-15d0-4392-a7b9-6f6374b05b6c;397.5;7.5128;UNKNOWN
2016-03-06T00:13:28.000000;2016-03-06T00:13:28.000000;323b1fed-44ab-44d2-b1e4-24a2fb12c27e;397.3;2.4872;UNKNOWN
2016-03-06T00:13:35.000000;2016-03-06T00:13:35.000000;5dde0764-2ece-4cdf-8415-cb16a81cb404;397.3;0.253;UNKNOWN
2016-03-06T00:13:35.000000;2016-03-06T00:13:35.000000;edc83cf8-f3c6-4b31-a5d6-5ca9f217d84b;397.3;0.253;UNKNOWN
2016-03-06T00:13:35.000000;2016-03-06T00:13:35.000000;743a94fc-daa4-481d-9c55-f0633bf53df8;397.3;0.253;UNKNOWN
2016-03-06T00:13:35.000000;2016-03-06T00:13:35.000000;44683aac-404f-4825-a179-516524a4bf08;397.3;0.254;UNKNOWN
2016-03-06T00:13:35.000000;2016-03-06T00:13:35.000000;542622dc-3d16-4681-bbcd-5a1f7b7fc3ff;397.3;0.254;UNKNOWN
2016-03-06T00:13:35.000000;2016-03-06T00:13:35.000000;508e4558-a3b2-4b44-a8be-82108106d4b9;397.3;0.253;UNKNOWN
2016-03-06T00:13:35.000000;2016-03-06T00:13:35.000000;6d3acf1e-e7ef-4472-b648-ef893e259213;397.28;7.318;UNKNOWN
2016-03-06T00:13:35.000000;2016-03-06T00:13:35.000000;52446ec3-b669-49bf-be22-3e0d522910d2;397.3;0.253;UNKNOWN
2016-03-06T00:13:35.000000;2016-03-06T00:13:35.000000;828a8eca-f268-4304-aec8-50800bfc7ef0;397.3;0.253;UNKNOWN
2016-03-06T00:13:35.000000;2016-03-06T00:13:35.000000;b82418f7-91fa-4f13-8986-e287e408a323;397.3;0.403;UNKNOWN
2016-03-06T00:13:35.000000;2016-03-06T00:13:35.000000;f8153174-f418-4a2c-ba77-657c40ba4578;397.3;0.253;UNKNOWN
2016-03-06T00:13:40.000000;2016-03-06T00:13:40.000000;98f833a2-cf31-4b56-891a-ad91a597391d;397.32;6.2899;UNKNOWN
2016-03-06T00:13:40.000000;2016-03-06T00:13:40.000000;3b7542e7-063e-4db8-a8b1-df003bada396;397.2;0.01;UNKNOWN
2016-03-06T00:13:40.000000;2016-03-06T00:13:40.000000;16164bbb-11ab-4c3c-bd42-bd6522ca28ea;397.1;0.01;UNKNOWN
2016-03-06T00:13:40.000000;2016-03-06T00:13:40.000000;a80a64c5-d5c5-4013-8ede-4212ea382911;397.01;3.6901;UNKNOWN
2016-03-06T00:13:46.000000;2016-03-06T00:13:46.000000;c76738d8-5ccc-47a0-bee7-be64d14df3d7;397.0;0.01;UNKNOWN
2016-03-06T00:13:46.000000;2016-03-06T00:13:46.000000;332459ae-5eb7-40b1-9af0-700a34417943;397.01;0.26;UNKNOWN
2016-03-06T00:13:46.000000;2016-03-06T00:13:46.000000;69d6599a-9323-4003-8e7b-b48781a18d0c;397.0;0.7746;UNKNOWN
2016-03-06T00:13:46.000000;2016-03-06T00:13:46.000000;2348fbd3-aa29-474d-8da2-ee41d6ce1844;397.02;7.9936;UNKNOWN
2016-03-06T00:13:46.000000;2016-03-06T00:13:46.000000;da42722e-7d87-4fdc-93ee-d237401734f9;396.94;0.9618;UNKNOWN
2016-03-06T00:13:51.000000;2016-03-06T00:13:51.000000;ef985eea-6154-4241-8a2e-d19f9b25ab6b;396.93;2.0064;UNKNOWN
2016-03-06T00:13:51.000000;2016-03-06T00:13:51.000000;76200951-911c-4b53-8c6f-135efab3bc0b;396.95;7.9936;UNKNOWN
2016-03-06T00:13:54.000000;2016-03-06T00:13:54.000000;4024bdaf-0be7-4827-b4b4-edddc1176982;396.93;40.0;UNKNOWN
2016-03-06T00:13:59.000000;2016-03-06T00:13:59.000000;019f18ac-b732-45f8-9db0-7ef67d9cd0ba;397.03;10.0;UNKNOWN
2016-03-06T00:14:04.000000;2016-03-06T00:14:04.000000;f71f1722-ebef-46e1-9c7d-719f74a45e4b;397.55;0.2312202;UNKNOWN
2016-03-06T00:14:05.000000;2016-03-06T00:14:05.000000;c06b8a51-1d1e-468a-890b-ac811959b477;397.03;0.254;UNKNOWN
2016-03-06T00:14:05.000000;2016-03-06T00:14:05.000000;14e0e29f-7da9-4c50-882f-add33391069d;396.97;8.22;UNKNOWN
2016-03-06T00:14:05.000000;2016-03-06T00:14:05.000000;3a19b5d4-fda0-4c37-9c80-a1c6f1a8ce08;397.03;0.254;UNKNOWN
2016-03-06T00:14:05.000000;2016-03-06T00:14:05.000000;9d51eef4-de68-4774-b0a0-8c9f77fc604f;397.03;0.254;UNKNOWN
2016-03-06T00:14:05.000000;2016-03-06T00:14:05.000000;ae1fa61e-95c4-47f4-b32a-a879c694a09b;397.03;0.254;UNKNOWN
2016-03-06T00:14:05.000000;2016-03-06T00:14:05.000000;55a5f092-00fc-4aa5-a2c7-ff778cd32f71;397.03;0.255;UNKNOWN
2016-03-06T00:14:05.000000;2016-03-06T00:14:05.000000;a565b5c3-a2b6-4815-aaf7-5bdb05532e50;397.03;0.254;UNKNOWN
2016-03-06T00:14:05.000000;2016-03-06T00:14:05.000000;5d66987b-b8d2-46a4-bd83-8d6f3d6ee1db;397.03;0.255;UNKNOWN
2016-03-06T00:14:10.000000;2016-03-06T00:14:10.000000;3ec58b32-99f8-4854-bced-aa3ea7cfef95;397.03;0.261;UNKNOWN
2016-03-06T00:14:10.000000;2016-03-06T00:14:10.000000;b9b066a4-7c83-4720-a330-601ab8a9b833;397.03;0.254;UNKNOWN
2016-03-06T00:14:10.000000;2016-03-06T00:14:10.000000;7dcf406d-d6dd-4fc9-9752-c3abb3bd838b;396.94;4.91611872;UNKNOWN
2016-03-06T00:14:10.000000;2016-03-06T00:14:10.000000;f9be0c30-9300-4063-9ce6-65afe9544731;396.93;2.49688128;UNKNOWN
2016-03-06T00:14:10.000000;2016-03-06T00:14:10.000000;45fc8509-98ef-4abc-adbc-6dcb84c3628d;397.03;0.254;UNKNOWN
2016-03-06T00:14:10.000000;2016-03-06T00:14:10.000000;3e6b948b-9047-4ec4-934b-4c2ccb28ffbb;397.03;0.26;UNKNOWN
2016-03-06T00:14:10.000000;2016-03-06T00:14:10.000000;03175eaa-61e8-4dbf-bdcd-af1f5f1f8022;397.03;0.261;UNKNOWN
2016-03-06T00:14:10.000000;2016-03-06T00:14:10.000000;b52c1d83-6d73-4368-90d4-0dbe5c4877bf;397.03;0.26;UNKNOWN
2016-03-06T00:14:10.000000;2016-03-06T00:14:10.000000;11c00dfb-5e43-4d89-8614-beb9f62755b6;397.03;0.261;UNKNOWN
2016-03-06T00:14:10.000000;2016-03-06T00:14:10.000000;ed06329e-3b83-4e8f-8ab2-9c8bfd258efe;397.03;0.262;UNKNOWN
2016-03-06T00:14:10.000000;2016-03-06T00:14:10.000000;2fa61efa-3dda-4ae5-9c11-5f278627406e;397.03;0.254;UNKNOWN
2016-03-06T00:14:10.000000;2016-03-06T00:14:10.000000;b2a4f914-d964-45ee-83c6-2ec5c4fbc059;397.03;0.26;UNKNOWN
2016-03-06T00:14:15.000000;2016-03-06T00:14:15.000000;e0a5916b-e681-49b2-8a03-ca5eef9ed708;396.94;3.5353;UNKNOWN
2016-03-06T00:14:15.000000;2016-03-06T00:14:15.000000;a3543471-f655-4500-ba87-a24e47d798c1;397.03;0.259;UNKNOWN
2016-03-06T00:14:15.000000;2016-03-06T00:14:15.000000;c6b248b3-9781-4354-baea-1a1a8925fdab;396.96;6.2057;UNKNOWN
2016-03-06T00:14:20.000000;2016-03-06T00:14:20.000000;c5eaeb3c-7ce8-4cdf-8241-d9ac0eb9f2bb;397.03;0.06827;UNKNOWN
2016-03-06T00:14:20.000000;2016-03-06T00:14:20.000000;c2a11dd0-f55e-4bec-b53d-af00d8ebe4c3;396.92;6.63501128;UNKNOWN
2016-03-06T00:14:20.000000;2016-03-06T00:14:20.000000;71c5a280-e8a4-4adb-84bb-f4cd309a00ff;396.93;3.29671872;UNKNOWN
2016-03-06T00:14:25.000000;2016-03-06T00:14:25.000000;36afe3bb-2e59-412e-8680-85ac3d610a23;396.88;4.99;UNKNOWN
2016-03-06T00:14:25.000000;2016-03-06T00:14:25.000000;753a472e-c309-4382-9b79-746e44e7e1f8;396.9;0.01;UNKNOWN
2016-03-06T00:14:27.000000;2016-03-06T00:14:27.000000;0050f082-bc9f-4304-b49c-143b7c738981;396.78;2.4509;UNKNOWN
2016-03-06T00:14:27.000000;2016-03-06T00:14:27.000000;0528aecb-61b3-4f99-8d3b-5da8c392ff4e;396.8;0.01;UNKNOWN
2016-03-06T00:14:27.000000;2016-03-06T00:14:27.000000;9f27c990-1351-4f05-a3c8-f9c5e1dcfd3d;396.88;7.5391;UNKNOWN
2016-03-06T00:14:33.000000;2016-03-06T00:14:33.000000;208013ce-a70b-4d40-a727-1c3550926ade;396.54;4.9183553;UNKNOWN
2016-03-06T00:14:33.000000;2016-03-06T00:14:33.000000;024eeffe-edf5-4855-985c-fd3a95312f45;396.77;20.0;UNKNOWN
2016-03-06T00:14:33.000000;2016-03-06T00:14:33.000000;2910a4cf-4652-4763-ab20-420ae7d8cda5;396.63;4.91799247;UNKNOWN
2016-03-06T00:14:33.000000;2016-03-06T00:14:33.000000;b8b7ec69-8fa1-4499-b866-d95ed092d937;396.71;4.91859722;UNKNOWN
2016-03-06T00:14:33.000000;2016-03-06T00:14:33.000000;09c0d456-c7dc-404f-af67-da7a09904b8e;396.76;14.6175;UNKNOWN
2016-03-06T00:14:33.000000;2016-03-06T00:14:33.000000;c70b7f70-0a33-47bd-bb7f-d543d8960783;396.5;0.01;UNKNOWN
2016-03-06T00:14:33.000000;2016-03-06T00:14:33.000000;f5cb6042-cf25-4fde-8ebc-d5676b979d84;396.68;4.91799247;UNKNOWN
2016-03-06T00:14:33.000000;2016-03-06T00:14:33.000000;4ac4d83b-4314-413c-a36d-7d0638fb3336;396.7;4.91859722;UNKNOWN
2016-03-06T00:14:33.000000;2016-03-06T00:14:33.000000;495aabad-265c-44d5-943d-d3e9740237f1;396.48;4.91817388;UNKNOWN
2016-03-06T00:14:33.000000;2016-03-06T00:14:33.000000;f2c467c4-a3b1-4617-b4b7-7bd16dd9284f;396.78;10.9015;UNKNOWN
2016-03-06T00:14:33.000000;2016-03-06T00:14:33.000000;426fd7ed-a14e-4ed3-a76c-6c91ab7848ab;396.7;0.01;UNKNOWN
2016-03-06T00:14:33.000000;2016-03-06T00:14:33.000000;da638aa9-7e05-4c98-bad9-81d39c34a8ab;396.48;0.41362509;UNKNOWN
2016-03-06T00:14:33.000000;2016-03-06T00:14:33.000000;14e41c6e-d79d-42a3-9232-16c646a0bb22;396.52;4.91799247;UNKNOWN
2016-03-06T00:14:33.000000;2016-03-06T00:14:33.000000;44a3db18-e341-47c9-a2ed-ad11dbe291b5;396.6;0.01;UNKNOWN
2016-03-06T00:14:33.000000;2016-03-06T00:14:33.000000;dd43fd4d-2140-43e2-b48a-25dcaf5155b3;396.61;14.6915;UNKNOWN
2016-03-06T00:14:33.000000;2016-03-06T00:14:33.000000;dd7e2119-04a1-4ef3-8de5-e01590e9bdbd;396.59;4.91817388;UNKNOWN
2016-03-06T00:14:39.000000;2016-03-06T00:14:39.000000;10bf1751-6c22-4261-9eb6-cbfd9b004e5e;396.2;0.01;UNKNOWN
2016-03-06T00:14:39.000000;2016-03-06T00:14:39.000000;e9f184b0-3822-494f-b782-f3525760c2d0;396.15;16.5539;UNKNOWN
2016-03-06T00:14:39.000000;2016-03-06T00:14:39.000000;155fd2f0-ba70-40fa-a14c-ee7f6ff0849b;396.3;0.01;UNKNOWN
2016-03-06T00:14:39.000000;2016-03-06T00:14:39.000000;db3383b1-797c-4f22-9457-49cc8b9e3658;396.4;0.01;UNKNOWN
2016-03-06T00:14:39.000000;2016-03-06T00:14:39.000000;9a74f0de-947b-43a7-b42d-147402a00e0c;396.29;15.1127;UNKNOWN
2016-03-06T00:14:39.000000;2016-03-06T00:14:39.000000;9f8ab46e-aba2-4db1-a62a-c08df7cb92a5;396.48;10.8279;UNKNOWN
2016-03-06T00:14:39.000000;2016-03-06T00:14:39.000000;a0aef2e0-a8fd-4b5c-adb4-d9348ef54f2a;396.1;0.01;UNKNOWN
2016-03-06T00:14:39.000000;2016-03-06T00:14:39.000000;768b51b7-e37f-41ec-93d2-f0a03d694762;396.47;14.5109;UNKNOWN
2016-03-06T00:14:39.000000;2016-03-06T00:14:39.000000;eb030752-c20b-4a97-83fc-631bdee14d89;396.1;38.962;UNKNOWN
2016-03-06T00:14:39.000000;2016-03-06T00:14:39.000000;9d332d70-e1ef-43ef-b02a-1744e3f9f425;396.71;1.93;UNKNOWN
2016-03-06T00:14:39.000000;2016-03-06T00:14:39.000000;0baac15c-ccab-48c1-82b7-370691ba7c7d;396.79;2.0626;UNKNOWN
2016-03-06T00:14:47.000000;2016-03-06T00:14:47.000000;e8ff1425-f524-40fb-b32c-7102e8bfce4b;396.12;12.2549;UNKNOWN
2016-03-06T00:14:47.000000;2016-03-06T00:14:47.000000;cd8f8f3e-bb3c-425c-831c-72006beed4d6;396.1;43.0036;UNKNOWN
2016-03-06T00:14:47.000000;2016-03-06T00:14:47.000000;53a4220c-60ff-42ca-b54a-c52c7b75ebbb;396.11;12.8115;UNKNOWN
2016-03-06T00:14:47.000000;2016-03-06T00:14:47.000000;131c735f-ea44-4c3c-a5ba-352f175cee53;396.52;1.93;UNKNOWN
2016-03-06T00:15:07.000000;2016-03-06T00:15:07.000000;c927ea3a-5281-4d63-9cb1-a4931ffc4366;396.53;0.068104;UNKNOWN
2016-03-06T00:15:07.000000;2016-03-06T00:15:07.000000;07edb879-c37e-492e-97af-9e5b148bf2b5;396.75;5.00576786;UNKNOWN
2016-03-06T00:15:07.000000;2016-03-06T00:15:07.000000;0970952c-6f5c-4e2a-ae98-42f9f99ddf0d;396.14;2.585896;UNKNOWN
2016-03-06T00:15:07.000000;2016-03-06T00:15:07.000000;843c96a3-f8f2-4a8a-8197-91cdb6246b87;396.54;0.256;UNKNOWN
2016-03-06T00:15:07.000000;2016-03-06T00:15:07.000000;46112e8f-760e-4260-8ccc-ccb4a8d3cf8f;396.24;6.233;UNKNOWN
2016-03-06T00:15:07.000000;2016-03-06T00:15:07.000000;a7449bb1-aa19-49b2-87c0-a76b5a5f85ec;396.54;0.226;UNKNOWN
2016-03-06T00:15:07.000000;2016-03-06T00:15:07.000000;3c35e5dc-4cbf-4138-91c7-9c1c49a6c881;396.22;0.631;UNKNOWN
2016-03-06T00:15:10.000000;2016-03-06T00:15:10.000000;e03ca0b6-7730-402f-bb03-9b1d660db0e0;396.74;10.01123434;UNKNOWN
2016-03-06T00:15:14.000000;2016-03-06T00:15:14.000000;aa924c7c-12d2-4f4c-949d-cad5c7877352;396.54;0.255;UNKNOWN
2016-03-06T00:15:14.000000;2016-03-06T00:15:14.000000;e8d1ec02-9f22-44df-ace9-6cabf606ce52;396.54;0.255;UNKNOWN
2016-03-06T00:15:14.000000;2016-03-06T00:15:14.000000;37295805-45d6-42d4-93f0-00fa3fa5e38b;396.54;0.262;UNKNOWN
2016-03-06T00:15:14.000000;2016-03-06T00:15:14.000000;4d09a015-e1e1-49a5-9b02-e1c7d91a26e9;396.54;0.255;UNKNOWN
2016-03-06T00:15:14.000000;2016-03-06T00:15:14.000000;21f4e74b-b9be-472a-8c3b-27eb2af44819;396.54;0.262;UNKNOWN
2016-03-06T00:15:14.000000;2016-03-06T00:15:14.000000;cad78541-ab51-40c6-a4a8-4618467f5aae;396.54;0.261;UNKNOWN
2016-03-06T00:15:14.000000;2016-03-06T00:15:14.000000;c72d7dbc-6fbd-4ec7-8ca2-36af4106cb99;396.54;0.255;UNKNOWN
2016-03-06T00:15:14.000000;2016-03-06T00:15:14.000000;b60f8ac1-f202-4191-86cc-e4aee7ffac93;396.12;6.253;UNKNOWN
2016-03-06T00:15:14.000000;2016-03-06T00:15:14.000000;6fa58b4a-1708-4cff-90ad-3883cd2f65f3;396.54;0.26;UNKNOWN
2016-03-06T00:15:14.000000;2016-03-06T00:15:14.000000;d6e3daf7-43f1-439e-b8df-76c0d61ef940;396.54;0.404;UNKNOWN
2016-03-06T00:15:14.000000;2016-03-06T00:15:14.000000;18982184-3b18-4e3a-8fb3-7d82162c810e;396.54;0.255;UNKNOWN
2016-03-06T00:15:14.000000;2016-03-06T00:15:14.000000;6a51b035-074d-47ec-94d9-272b7811db09;396.54;0.255;UNKNOWN
2016-03-06T00:15:14.000000;2016-03-06T00:15:14.000000;48fb79ef-5f70-49e4-87ba-2216e90c9a00;396.54;0.256;UNKNOWN
2016-03-06T00:15:14.000000;2016-03-06T00:15:14.000000;cf56033a-5dd8-4bd8-9720-0574d3eb2c90;396.54;0.256;UNKNOWN
2016-03-06T00:15:14.000000;2016-03-06T00:15:14.000000;41ab4f6d-b996-4459-a7de-61e4e2068a06;396.54;0.256;UNKNOWN
2016-03-06T00:15:21.000000;2016-03-06T00:15:21.000000;976cbea5-78b1-483b-9d55-aec43f3dd412;396.1;1.78;UNKNOWN
2016-03-06T00:15:21.000000;2016-03-06T00:15:21.000000;c9bdd407-8cce-4097-bc33-6a7453bb78dd;396.11;8.22;UNKNOWN
2016-03-06T00:15:25.000000;2016-03-06T00:15:25.000000;bcbd91ed-f765-4782-bd2b-ef2241f12a61;396.14;0.1328;UNKNOWN
2016-03-06T00:15:27.000000;2016-03-06T00:15:27.000000;caf5a6ca-44ee-48b2-8f18-333783c3616a;396.14;8.2028;UNKNOWN
2016-03-06T00:15:27.000000;2016-03-06T00:15:27.000000;be470bdd-46a4-4f02-834a-1886bc223905;396.14;1.7972;UNKNOWN
2016-03-06T00:15:30.000000;2016-03-06T00:15:30.000000;c6b3c5ef-5978-49c5-b17f-5514d05c8ce6;396.11;6.2098;UNKNOWN
2016-03-06T00:15:30.000000;2016-03-06T00:15:30.000000;d19015a7-cd65-4adc-a16e-9c17177757d4;396.14;3.7902;UNKNOWN
2016-03-06T00:15:34.000000;2016-03-06T00:15:34.000000;7c087cf6-b83b-4245-84fc-e3e2e17b2ab9;396.11;1.2002;UNKNOWN
2016-03-06T00:15:34.000000;2016-03-06T00:15:34.000000;1b2a5c29-a5b7-4f4c-930a-62991359b49f;396.14;0.262;UNKNOWN
2016-03-06T00:15:34.000000;2016-03-06T00:15:34.000000;1b824424-863a-44b0-bbf4-8e78ced90c68;396.1;8.5378;UNKNOWN
2016-03-06T00:15:42.000000;2016-03-06T00:15:42.000000;78c27904-4d0b-4bd0-9e28-3376e69004d9;396.15;6.2168;UNKNOWN
2016-03-06T00:15:42.000000;2016-03-06T00:15:42.000000;7f61aab2-7a1e-4a40-8420-8f55a3808996;396.06;1.04159999;UNKNOWN
2016-03-06T00:15:42.000000;2016-03-06T00:15:42.000000;6c875c11-382d-4bdb-b446-77793e5c4b8c;396.1;7.7166;UNKNOWN
2016-03-06T00:15:48.000000;2016-03-06T00:15:48.000000;44884ebf-b25d-4d58-992a-40c1cc7a5b1c;396.06;0.03079853;UNKNOWN
2016-03-06T00:15:48.000000;2016-03-06T00:15:48.000000;1f1a06e8-4c92-4884-b609-df626d9aab89;396.15;0.498;UNKNOWN
2016-03-06T00:15:54.000000;2016-03-06T00:15:54.000000;d821f88a-0229-4481-bb32-da6c26597c00;396.06;0.15010916;UNKNOWN
2016-03-06T00:15:54.000000;2016-03-06T00:15:54.000000;206fb4f0-ccb9-4126-822c-2111838579af;396.06;3.84989084;UNKNOWN
2016-03-06T00:16:24.000000;2016-03-06T00:16:24.000000;84079b1a-67dc-4f78-a7aa-a43b4fdc9a5e;396.24;3.66232356;UNKNOWN
2016-03-06T00:16:30.000000;2016-03-06T00:16:30.000000;a822df9d-b2fc-466b-a8fa-528c425b1674;396.02;6.37;UNKNOWN
2016-03-06T00:16:30.000000;2016-03-06T00:16:30.000000;ef455c20-c8cb-4463-ba5f-d725dce6263d;396.01;1.63;UNKNOWN
2016-03-06T00:17:12.000000;2016-03-06T00:17:12.000000;303780f6-19c4-4cf5-a6dd-f138854a8943;396.35;0.121;UNKNOWN
2016-03-06T00:17:14.000000;2016-03-06T00:17:14.000000;dfc3bdba-097b-40ea-8bc7-281ef3911630;396.35;5.0;UNKNOWN
2016-03-06T00:17:34.000000;2016-03-06T00:17:34.000000;db013a73-2df7-47a0-9978-bd45ab311a3a;396.99;0.04197368;UNKNOWN
2016-03-06T00:18:25.000000;2016-03-06T00:18:25.000000;956d3ddd-9553-457e-a577-b8c16a19d59e;396.64;0.1;UNKNOWN
2016-03-06T00:18:29.000000;2016-03-06T00:18:29.000000;35f61a09-fe61-4c0e-8101-750f9ba8b7a6;396.65;3.0;UNKNOWN
2016-03-06T00:19:13.000000;2016-03-06T00:19:13.000000;c644b57c-a92b-4183-87a6-94639f4cf849;396.6;0.261;UNKNOWN
2016-03-06T00:19:13.000000;2016-03-06T00:19:13.000000;72bcb2bb-2798-4f1d-a779-bf96ef2ed655;396.6;0.499;UNKNOWN
2016-03-06T00:19:13.000000;2016-03-06T00:19:13.000000;efbdf929-0a4d-4a92-ad90-0e6074e05380;396.6;0.263;UNKNOWN
2016-03-06T00:19:13.000000;2016-03-06T00:19:13.000000;3692dc6b-fea3-48c1-b116-ab2d45311d79;396.63;1.0;UNKNOWN
2016-03-06T00:19:13.000000;2016-03-06T00:19:13.000000;83437d72-8a17-4d33-904e-35267ce6e0ee;396.6;0.262;UNKNOWN
2016-03-06T00:19:13.000000;2016-03-06T00:19:13.000000;78807aa3-8d14-430e-a40b-9c1b29ee0ecb;396.6;0.261;UNKNOWN
2016-03-06T00:19:13.000000;2016-03-06T00:19:13.000000;5e95b90b-87ce-4f9d-93b6-2cde3619bf47;396.6;0.259;UNKNOWN
2016-03-06T00:19:13.000000;2016-03-06T00:19:13.000000;633cf64a-f5db-446c-8afd-00484c90fca4;396.6;0.262;UNKNOWN
2016-03-06T00:19:13.000000;2016-03-06T00:19:13.000000;28575550-ba77-4d00-85cd-cf2d920bf7ac;396.6;1.73499042;UNKNOWN
2016-03-06T00:19:13.000000;2016-03-06T00:19:13.000000;3018bd26-0c48-461d-add0-269702a498d5;396.6;0.263;UNKNOWN
2016-03-06T00:19:13.000000;2016-03-06T00:19:13.000000;2366c8c0-4683-4be8-853c-842868db48e7;396.6;0.262;UNKNOWN
2016-03-06T00:19:13.000000;2016-03-06T00:19:13.000000;1963e89a-28b9-45a7-b0d1-ee76003c9c77;396.6;0.263;UNKNOWN
2016-03-06T00:19:18.000000;2016-03-06T00:19:18.000000;be2e8e0d-dc09-4e3b-a3f6-53a787b2c294;396.6;1.26500958;UNKNOWN
2016-03-06T00:19:18.000000;2016-03-06T00:19:18.000000;2d7d0dc9-a48c-4454-a9b3-e0017e8240f0;396.6;0.75461358;UNKNOWN
2016-03-06T00:19:20.000000;2016-03-06T00:19:20.000000;81b0a665-db2e-4f35-a836-70a94b98cd00;396.6;1.0;UNKNOWN
2016-03-06T00:19:20.000000;2016-03-06T00:19:20.000000;d168551f-d290-42d9-9348-4e199f82e5dd;396.6;2.24538642;UNKNOWN
2016-03-06T00:19:20.000000;2016-03-06T00:19:20.000000;2158497e-19ef-4570-8c94-ba9c0aca1b78;396.6;21.75461358;UNKNOWN
2016-03-06T00:19:34.000000;2016-03-06T00:19:34.000000;6d8f18cb-a902-45a2-b6d5-0ee2fcab57b3;396.6;4.99538642;UNKNOWN
2016-03-06T00:19:34.000000;2016-03-06T00:19:34.000000;ab2b1939-ed89-4e87-9c33-b8b6cf3b2cae;396.2;10.16650546;UNKNOWN
2016-03-06T00:19:36.000000;2016-03-06T00:19:36.000000;ed360056-9e3a-4a34-a15d-fd4e0b9ed204;396.6;0.10661831;UNKNOWN
2016-03-06T00:19:41.000000;2016-03-06T00:19:41.000000;3bae83ce-04da-4ff7-8e77-c7abd233c1c4;396.07;25.0;UNKNOWN
2016-03-06T00:19:46.000000;2016-03-06T00:19:46.000000;94007d7c-7864-40bb-b9a1-d11c38d1f68f;396.07;0.257;UNKNOWN
2016-03-06T00:19:46.000000;2016-03-06T00:19:46.000000;1f87b679-05a8-44d4-9b8a-4100eb73d391;396.07;0.256;UNKNOWN
2016-03-06T00:19:46.000000;2016-03-06T00:19:46.000000;76881847-0d9f-4953-81a7-da85d069f76f;396.0;0.01;UNKNOWN
2016-03-06T00:19:46.000000;2016-03-06T00:19:46.000000;c30352bf-4063-4e6e-86b8-6c74b053ee65;396.0;18.283;UNKNOWN
2016-03-06T00:19:46.000000;2016-03-06T00:19:46.000000;015acb9f-96f5-4e81-9d7d-f36580f31e61;396.07;0.256;UNKNOWN
2016-03-06T00:19:46.000000;2016-03-06T00:19:46.000000;549211e8-1d2b-49ad-9b70-6264cefda06b;396.07;0.256;UNKNOWN
2016-03-06T00:19:46.000000;2016-03-06T00:19:46.000000;65135fff-43df-495e-8735-d0211c1229ac;396.07;2.25;UNKNOWN
2016-03-06T00:19:46.000000;2016-03-06T00:19:46.000000;29f51ad1-b231-4ef9-85a6-cc70281edadc;396.07;0.257;UNKNOWN
2016-03-06T00:19:46.000000;2016-03-06T00:19:46.000000;3d6c0c35-7590-4768-80b4-f42351a74167;396.07;0.256;UNKNOWN
2016-03-06T00:19:46.000000;2016-03-06T00:19:46.000000;7636ed3b-f782-47d9-b0bc-9f5337c92c42;396.07;0.256;UNKNOWN
2016-03-06T00:19:46.000000;2016-03-06T00:19:46.000000;5d40645f-f9a6-4d82-bc4b-09cc53cd2628;396.07;0.257;UNKNOWN
2016-03-06T00:19:46.000000;2016-03-06T00:19:46.000000;4e4ddf4c-82b3-40ee-98a9-c8ff713e3c08;396.07;0.406;UNKNOWN
2016-03-06T00:19:46.000000;2016-03-06T00:19:46.000000;766ab217-befa-4108-8d52-6cc459b9e9a7;396.0;2.0;UNKNOWN
2016-03-06T00:19:56.000000;2016-03-06T00:19:56.000000;022eb911-a32d-4dab-99cb-948a804f0d98;396.07;24.487;UNKNOWN
2016-03-06T00:19:56.000000;2016-03-06T00:19:56.000000;3286a9b6-9282-4e2e-8c7e-38f7926b869d;396.07;0.256;UNKNOWN
2016-03-06T00:19:56.000000;2016-03-06T00:19:56.000000;9b89e1f9-af6a-4822-b62c-b7c122ee3e8b;396.07;0.257;UNKNOWN
2016-03-06T00:20:20.000000;2016-03-06T00:20:20.000000;e1460945-95aa-4fbc-a176-b48595825513;396.08;0.501;UNKNOWN
2016-03-06T00:20:20.000000;2016-03-06T00:20:20.000000;370f7b13-74c3-4ad3-97f0-e1c4588ed4de;396.08;0.263;UNKNOWN
2016-03-06T00:20:20.000000;2016-03-06T00:20:20.000000;9d4feec6-bc00-45bb-8ee4-df09594c396c;396.08;24.06777072;UNKNOWN
2016-03-06T00:20:20.000000;2016-03-06T00:20:20.000000;72c78820-48d1-4235-8f4e-c7d3d044d603;396.08;0.16822928;UNKNOWN
2016-03-06T00:20:21.000000;2016-03-06T00:20:21.000000;254c8f3d-208a-4f91-ae94-7123cb619dee;396.08;0.262;UNKNOWN
2016-03-06T00:20:21.000000;2016-03-06T00:20:21.000000;79c24e74-b63e-4c47-800e-3eb8ba04a178;396.08;2.68222928;UNKNOWN
2016-03-06T00:20:21.000000;2016-03-06T00:20:21.000000;260fc797-88f7-437d-aa9a-03daefd13a7f;396.08;0.263;UNKNOWN
2016-03-06T00:20:21.000000;2016-03-06T00:20:21.000000;defdcdbd-e4f2-4b7f-8b4c-1b2b91fb8753;396.08;0.252;UNKNOWN
2016-03-06T00:20:21.000000;2016-03-06T00:20:21.000000;981451d1-ee27-475e-9dcc-c95884113a02;396.08;0.263;UNKNOWN
2016-03-06T00:20:21.000000;2016-03-06T00:20:21.000000;48f554ac-4049-44af-a69b-2d7f6f8616fd;395.8;11.23047072;UNKNOWN
2016-03-06T00:20:21.000000;2016-03-06T00:20:21.000000;f7e2fead-2ffc-487e-a743-13d2e7bf99b4;396.08;0.264;UNKNOWN
2016-03-06T00:20:21.000000;2016-03-06T00:20:21.000000;71f9d88b-91b8-4e49-af70-6601482e299d;395.9;0.01;UNKNOWN
2016-03-06T00:20:21.000000;2016-03-06T00:20:21.000000;efb17009-543f-460f-92a8-5dbff2cd8f53;396.0;2.467;UNKNOWN
2016-03-06T00:20:21.000000;2016-03-06T00:20:21.000000;4defa245-2778-48b9-9fb5-616e53f8025b;396.01;6.2493;UNKNOWN
2016-03-06T00:20:21.000000;2016-03-06T00:20:21.000000;ec3fd387-19b7-4435-af2c-c8ca49b38e48;396.08;0.262;UNKNOWN
2016-03-06T00:20:21.000000;2016-03-06T00:20:21.000000;82b57796-320d-40ab-92f5-b1b7329d958a;396.08;0.262;UNKNOWN
2016-03-06T00:20:21.000000;2016-03-06T00:20:21.000000;6f4191e9-ad39-42dc-98ec-4fbb702cf5f0;395.8;0.01;UNKNOWN
2016-03-06T00:20:21.000000;2016-03-06T00:20:21.000000;9a66c5e2-d3ce-42e1-9e50-1e2ff0a8604f;396.08;0.263;UNKNOWN
2016-03-06T00:20:21.000000;2016-03-06T00:20:21.000000;d3baec62-a626-4053-96d8-d1b376545709;396.08;0.26;UNKNOWN
2016-03-06T00:20:36.000000;2016-03-06T00:20:36.000000;19a7567f-cdfe-4e42-bb3f-eebcc806ddf4;396.1;0.61;UNKNOWN
2016-03-06T00:20:46.000000;2016-03-06T00:20:46.000000;3d403c3f-b577-4c26-ab2b-ab2136d147a4;395.92;0.2;UNKNOWN
2016-03-06T00:21:02.000000;2016-03-06T00:21:02.000000;175a1b9e-22d0-444a-9b60-561b0ac798d9;395.72;0.06825;UNKNOWN
2016-03-06T00:21:02.000000;2016-03-06T00:21:02.000000;c75100d5-a1cd-44c8-aeb8-c8da7a1400d2;395.72;0.09239877;UNKNOWN
2016-03-06T00:21:02.000000;2016-03-06T00:21:02.000000;598793a1-0f6d-4fca-9c98-485adb6bacf3;395.72;0.10279452;UNKNOWN
2016-03-06T00:21:02.000000;2016-03-06T00:21:02.000000;dab3fdbf-a1e4-40b7-a126-a7a2136cc5a9;395.72;4.03655671;UNKNOWN
2016-03-06T00:21:45.000000;2016-03-06T00:21:45.000000;378240cf-0f70-4d34-9e91-738e4122be00;395.75;0.4;UNKNOWN
2016-03-06T00:22:15.000000;2016-03-06T00:22:15.000000;3814f4eb-5f56-49c1-8c70-47f8759a582c;395.78;0.5;UNKNOWN
2016-03-06T00:22:20.000000;2016-03-06T00:22:20.000000;0aaedbf4-ab77-4415-9dc2-d53ce13eef99;395.75;0.0890099;UNKNOWN
2016-03-06T00:22:20.000000;2016-03-06T00:22:20.000000;cdcb2598-9f07-467b-ac80-aa157ae7ab7a;395.75;2.45630695;UNKNOWN
2016-03-06T00:22:57.000000;2016-03-06T00:22:57.000000;a2f01a99-9ad9-4736-8514-b887f780e4f3;395.75;0.02874816;UNKNOWN
2016-03-06T00:23:19.000000;2016-03-06T00:23:19.000000;dd695f6d-a258-4fb1-89d6-aff468c4d1a2;395.75;1.0;UNKNOWN
2016-03-06T00:23:37.000000;2016-03-06T00:23:37.000000;82179813-2f45-4a3a-9e24-5f72327688fb;395.75;0.07186359;UNKNOWN
2016-03-06T00:24:13.000000;2016-03-06T00:24:13.000000;74f28e27-a3d3-4e3d-a117-479563bb2b9f;395.74;0.185;UNKNOWN
2016-03-06T00:24:13.000000;2016-03-06T00:24:13.000000;9043f690-5867-475b-a348-4ca97e39e99f;395.74;0.068347;UNKNOWN
2016-03-06T00:24:13.000000;2016-03-06T00:24:13.000000;e4786bbd-1ac6-4105-972c-bc4f742a4018;395.74;4.0;UNKNOWN
2016-03-06T00:24:20.000000;2016-03-06T00:24:20.000000;156fed14-2daf-4eea-a603-e95f23b506f5;395.71;0.1006685;UNKNOWN
2016-03-06T00:24:23.000000;2016-03-06T00:24:23.000000;53ef300b-2cd0-45ea-a0e5-965ca406bff4;395.71;0.1006685;UNKNOWN
2016-03-06T00:24:32.000000;2016-03-06T00:24:32.000000;a8f822f1-515e-4bf1-9b74-4acc061e7bd0;395.71;0.1006685;UNKNOWN
2016-03-06T00:24:37.000000;2016-03-06T00:24:37.000000;aefe15ed-90e7-4245-93cb-330d9cacd0d2;395.71;0.1006685;UNKNOWN
2016-03-06T00:25:02.000000;2016-03-06T00:25:02.000000;bbd82980-5d41-40f6-a930-dadc3d88e631;395.7;0.01;UNKNOWN
2016-03-06T00:25:02.000000;2016-03-06T00:25:02.000000;937c7283-d1a0-4782-9fdc-883bfd5ec1ba;395.65;6.3155;UNKNOWN
2016-03-06T00:25:02.000000;2016-03-06T00:25:02.000000;9470dff5-f9a0-4270-9add-8a8cd0f476d6;395.53;0.33868151;UNKNOWN
2016-03-06T00:25:02.000000;2016-03-06T00:25:02.000000;94e5077f-7b83-44de-83e8-e9227ee1122f;395.65;0.11581849;UNKNOWN
2016-03-06T00:25:16.000000;2016-03-06T00:25:16.000000;cb1d64d6-6b08-48df-9fdf-5d6949d74175;395.7;0.688;UNKNOWN
2016-03-06T00:25:16.000000;2016-03-06T00:25:16.000000;a72af391-e11a-4d7a-84ec-bc1832d4a302;395.7;0.27002237;UNKNOWN
2016-03-06T00:25:16.000000;2016-03-06T00:25:16.000000;59898d0d-916f-4970-9856-abe28b1bdea8;395.7;0.22892992;UNKNOWN
2016-03-06T00:25:16.000000;2016-03-06T00:25:16.000000;3878e063-6d4a-4ba1-9619-3f198d7c2a68;395.7;4.92604771;UNKNOWN
2016-03-06T00:25:16.000000;2016-03-06T00:25:16.000000;d1cae6cd-f585-48f7-893e-d60bbacd3abf;395.7;0.667;UNKNOWN
2016-03-06T00:25:53.000000;2016-03-06T00:25:53.000000;59e338d0-db2f-4772-a4f5-136eb9a77f82;395.72;7.54599;UNKNOWN
2016-03-06T00:26:00.000000;2016-03-06T00:26:00.000000;f8661801-71c6-49f7-89b1-357e06ead17d;395.72;0.29474992;UNKNOWN
2016-03-06T00:26:06.000000;2016-03-06T00:26:06.000000;6f9691a9-d8d9-4684-a337-30ab0e737f95;395.72;0.02435164;UNKNOWN
2016-03-06T00:26:14.000000;2016-03-06T00:26:14.000000;cf0c6dd7-b10a-41c7-8c30-dbdee805573e;395.71;0.4;UNKNOWN
2016-03-06T00:26:14.000000;2016-03-06T00:26:14.000000;ce7ff651-ec4f-40b0-9f3f-3b0f6030ea7f;395.7;1.45777122;UNKNOWN
2016-03-06T00:26:14.000000;2016-03-06T00:26:14.000000;32d240fe-0454-4588-8d3e-f0342c12f0fd;395.71;4.92222878;UNKNOWN
2016-03-06T00:26:30.000000;2016-03-06T00:26:30.000000;32f9a9b9-ced6-4920-9303-238c0508ccd2;395.71;1.85765007;UNKNOWN
2016-03-06T00:26:30.000000;2016-03-06T00:26:30.000000;a7b25a63-e78d-4f3d-9025-26003841d7a4;395.71;4.92234993;UNKNOWN
2016-03-06T00:26:58.000000;2016-03-06T00:26:58.000000;efcbc116-4cdb-4929-9c3a-67d5a97a864b;395.71;0.50593934;UNKNOWN
2016-03-06T00:27:11.000000;2016-03-06T00:27:11.000000;f7febee0-2f80-49fd-a023-f3b13775f054;395.73;0.28104067;UNKNOWN
2016-03-06T00:27:16.000000;2016-03-06T00:27:16.000000;ca7c0e08-1ef9-4112-934b-1106d9227840;395.73;0.14077579;UNKNOWN
2016-03-06T00:27:32.000000;2016-03-06T00:27:32.000000;48805507-a48e-4594-9943-a9b633f366a4;395.73;0.05933376;UNKNOWN
2016-03-06T00:27:46.000000;2016-03-06T00:27:46.000000;a1949fc3-5e8e-4c6d-8de3-7c1b17436387;395.73;0.01;UNKNOWN
2016-03-06T00:27:49.000000;2016-03-06T00:27:49.000000;ec7bc034-1f0f-4853-904a-bc0015cd3654;395.72;0.06070504;UNKNOWN
2016-03-06T00:28:47.000000;2016-03-06T00:28:47.000000;d0cb59f2-43a1-4e46-a0f4-37394ab9cb3f;395.73;6.67495022;UNKNOWN
2016-03-06T00:28:47.000000;2016-03-06T00:28:47.000000;fd187b1d-6bbf-418e-a92e-2800d03fdeee;395.73;5.76534978;UNKNOWN
2016-03-06T00:29:05.000000;2016-03-06T00:29:05.000000;f07485c0-3a65-4625-9d5e-db1c0be77360;395.73;1.0;UNKNOWN
2016-03-06T00:29:15.000000;2016-03-06T00:29:15.000000;ac130452-890d-430c-bbca-440ba92d0d0c;395.73;2.0;UNKNOWN
2016-03-06T00:29:31.000000;2016-03-06T00:29:31.000000;4c0e1d31-5972-4caa-8e71-96c76e3a22ea;395.72;0.12489949;UNKNOWN
2016-03-06T00:29:31.000000;2016-03-06T00:29:31.000000;a60e861a-6bc3-486e-8577-1e31ad023f36;395.72;0.0469;UNKNOWN
2016-03-06T00:29:31.000000;2016-03-06T00:29:31.000000;88de843e-c11d-4dfb-b8c8-11a30a92ac91;395.64;11.10853051;UNKNOWN
2016-03-06T00:29:31.000000;2016-03-06T00:29:31.000000;b316a566-49c3-4041-8acf-05ebe3f99bbb;395.72;0.068353;UNKNOWN
2016-03-06T00:29:44.000000;2016-03-06T00:29:44.000000;c7f54a1f-4db3-4640-9925-b5c6a5c83092;395.51;0.50755539;UNKNOWN
2016-03-06T00:29:51.000000;2016-03-06T00:29:51.000000;8c651bef-d0e4-4cf7-8b05-c9a477557216;395.51;9.0;UNKNOWN
2016-03-06T00:30:18.000000;2016-03-06T00:30:18.000000;ace000be-edc4-4de7-b8d0-923e5199bbd3;395.51;0.25295687;UNKNOWN
2016-03-06T00:31:09.000000;2016-03-06T00:31:09.000000;b2aa0111-db83-4c67-8c6c-df84eb4f57eb;395.52;0.0247899;UNKNOWN
2016-03-06T00:31:29.000000;2016-03-06T00:31:29.000000;d0ab044b-62f2-408b-b480-95506db25266;395.52;0.246082;UNKNOWN
2016-03-06T00:31:41.000000;2016-03-06T00:31:41.000000;ad817d4a-ea87-4935-8283-8545d661ed1f;395.55;0.06026506;UNKNOWN
2016-03-06T00:31:49.000000;2016-03-06T00:31:49.000000;84f124e3-ffc2-410c-9a4e-424d4b78be65;395.52;0.04;UNKNOWN
2016-03-06T00:32:04.000000;2016-03-06T00:32:04.000000;ecb569b8-963f-428b-a53d-e7cfc7b58b61;395.54;0.31305599;UNKNOWN
2016-03-06T00:32:45.000000;2016-03-06T00:32:45.000000;45b56128-d9e3-49b8-a8f8-70bbdaff23d9;395.54;0.8;UNKNOWN
2016-03-06T00:32:57.000000;2016-03-06T00:32:57.000000;f6a9f3aa-cba8-44a8-adc5-a19bc156772c;395.54;0.05942189;UNKNOWN
2016-03-06T00:33:01.000000;2016-03-06T00:33:01.000000;a0aa32d7-dd0e-40e3-80aa-554dcea59083;395.5;4.931617;UNKNOWN
2016-03-06T00:33:01.000000;2016-03-06T00:33:01.000000;878bfd2c-f785-465d-b69e-69e58488f78d;395.5;10.0;UNKNOWN
2016-03-06T00:33:01.000000;2016-03-06T00:33:01.000000;8bddb819-5d32-4db1-be0f-c16f42d7527a;395.52;0.068383;UNKNOWN
2016-03-06T00:33:11.000000;2016-03-06T00:33:11.000000;f0412a10-5a47-4bba-9b20-a05d9d8dc770;395.47;0.122;UNKNOWN
2016-03-06T00:33:16.000000;2016-03-06T00:33:16.000000;5905c49f-fbe7-437f-8a0d-d169c7b74726;395.47;0.07186319;UNKNOWN
2016-03-06T00:33:19.000000;2016-03-06T00:33:19.000000;ec68b8d8-2a8f-41dd-9a55-ff4b00999f45;395.46;0.10082814;UNKNOWN
2016-03-06T00:33:33.000000;2016-03-06T00:33:33.000000;1f9d82ee-db6e-445e-95f9-608b06b9d8db;395.46;5.0;UNKNOWN
2016-03-06T00:33:48.000000;2016-03-06T00:33:48.000000;921bffb1-c1b5-4201-a2cf-5790a1b22b6d;395.35;0.03;UNKNOWN
2016-03-06T00:33:48.000000;2016-03-06T00:33:48.000000;3b5d49da-f91b-4aea-8278-f694649ad939;395.45;0.02;UNKNOWN
2016-03-06T00:33:48.000000;2016-03-06T00:33:48.000000;dd404df2-9f84-481d-a4c7-aeaad33a8c6d;395.34;0.07654239;UNKNOWN
2016-03-06T00:33:53.000000;2016-03-06T00:33:53.000000;d5ad7fc9-040e-438c-bd22-ee15e6881d0e;395.32;1.43529239;UNKNOWN
2016-03-06T00:33:53.000000;2016-03-06T00:33:53.000000;4b7f4d42-bbb5-4e2f-be5a-55e2651d74f7;395.34;13.14245761;UNKNOWN
2016-03-06T00:33:53.000000;2016-03-06T00:33:53.000000;c77f3675-7be8-4720-a712-77e5303f11c3;395.33;14.6707;UNKNOWN
2016-03-06T00:34:00.000000;2016-03-06T00:34:00.000000;d575340b-f54c-49dd-99ea-20a48b7a5933;395.44;0.5;UNKNOWN
2016-03-06T00:34:00.000000;2016-03-06T00:34:00.000000;64570155-3edb-4f28-951b-ab36474aec5d;395.44;1.4174;UNKNOWN
2016-03-06T00:34:06.000000;2016-03-06T00:34:06.000000;9ce83ecc-7b87-4bee-ac9e-d1ed1e65754e;395.32;1.3;UNKNOWN
2016-03-06T00:34:11.000000;2016-03-06T00:34:11.000000;be60a9fc-36cd-46b7-9780-a96ab252706e;395.38;0.93616;UNKNOWN
2016-03-06T00:34:38.000000;2016-03-06T00:34:38.000000;cae1fd90-240a-4093-8317-6787d6135e9b;395.32;5.83562325;UNKNOWN
2016-03-06T00:34:38.000000;2016-03-06T00:34:38.000000;46971c75-31b5-4301-864b-5dd8ffa548f9;395.32;7.26470761;UNKNOWN
2016-03-06T00:34:38.000000;2016-03-06T00:34:38.000000;c9dbb057-d409-4b7f-a435-5fed43b30697;395.33;1.37;UNKNOWN
2016-03-06T00:34:38.000000;2016-03-06T00:34:38.000000;f298cc23-a679-4623-8903-8b76c268dab9;395.32;0.068407;UNKNOWN
2016-03-06T00:34:38.000000;2016-03-06T00:34:38.000000;d5eafc47-feec-4bd3-a4fe-e8d2b0a3c70e;395.33;0.20826214;UNKNOWN
2016-03-06T00:34:38.000000;2016-03-06T00:34:38.000000;7e95c0a7-2247-4f53-b843-3c556d283774;395.33;0.253;UNKNOWN
2016-03-06T00:34:40.000000;2016-03-06T00:34:40.000000;db95a2e6-9534-4fcc-be01-0dee14a5c1fe;395.3;8.0;UNKNOWN
2016-03-06T00:35:13.000000;2016-03-06T00:35:13.000000;eab6f490-cffd-47d8-ae18-9fb0965996cd;395.38;0.03540173;UNKNOWN
2016-03-06T00:35:17.000000;2016-03-06T00:35:17.000000;19a79975-50b2-45a5-9549-121a84b4da40;395.38;0.21;UNKNOWN
2016-03-06T00:35:18.000000;2016-03-06T00:35:18.000000;1351a78f-6c48-4cec-97b9-4d5dc9ca9ca0;395.38;0.32;UNKNOWN
2016-03-06T00:35:40.000000;2016-03-06T00:35:40.000000;d61758eb-14b3-423d-8f3f-35c333124247;395.37;0.03660774;UNKNOWN
2016-03-06T00:35:40.000000;2016-03-06T00:35:40.000000;2f6a36b7-8d33-45fc-b356-c890a57e1de8;395.37;0.068416;UNKNOWN
2016-03-06T00:35:40.000000;2016-03-06T00:35:40.000000;ae233cbe-a0f0-4ed7-bb86-bb6223b05062;395.37;0.02197626;UNKNOWN
2016-03-06T00:35:44.000000;2016-03-06T00:35:44.000000;bd3f53c2-93e6-4d45-9b8f-fad65f89b422;395.23;6.2941;UNKNOWN
2016-03-06T00:35:44.000000;2016-03-06T00:35:44.000000;08196b59-56f6-41c8-883c-d628a1bf54e3;395.37;0.0222898;UNKNOWN
2016-03-06T00:35:44.000000;2016-03-06T00:35:44.000000;ca8011a2-38bc-447b-8a43-2461c5b531f2;395.35;0.05;UNKNOWN
2016-03-06T00:35:44.000000;2016-03-06T00:35:44.000000;7d3b2187-8194-49ba-8b22-f5c55151835f;395.3;13.6897502;UNKNOWN
2016-03-06T00:35:44.000000;2016-03-06T00:35:44.000000;11f1bd59-7862-463d-848e-196419011a7d;395.21;4.93011561;UNKNOWN
2016-03-06T00:35:44.000000;2016-03-06T00:35:44.000000;f5c9642f-43be-4d8a-aed8-b0d243674dc7;395.17;0.01374439;UNKNOWN
2016-03-06T00:35:53.000000;2016-03-06T00:35:53.000000;c8109ae1-b5d3-4d3c-8748-cf7a2749263b;395.29;0.068411;UNKNOWN
2016-03-06T00:36:19.000000;2016-03-06T00:36:19.000000;7f72f428-2f7c-4019-b6cc-92b7216f781d;395.0;0.5;UNKNOWN
2016-03-06T00:36:19.000000;2016-03-06T00:36:19.000000;6bcb4fd2-04a5-44cb-b8bf-ee91e29819bd;395.15;0.03;UNKNOWN
2016-03-06T00:36:19.000000;2016-03-06T00:36:19.000000;152c483e-3817-418e-8a95-cde4fd88be08;395.01;4.93048023;UNKNOWN
2016-03-06T00:36:19.000000;2016-03-06T00:36:19.000000;138a6e05-8169-458a-adb0-fa444264903a;395.1;4.93048023;UNKNOWN
2016-03-06T00:36:19.000000;2016-03-06T00:36:19.000000;847270ca-c28c-45c7-9739-ee3593104dde;395.06;4.93048023;UNKNOWN
2016-03-06T00:36:19.000000;2016-03-06T00:36:19.000000;0a1f77d0-0147-4625-9b79-1f1a21d990b0;395.14;4.93048023;UNKNOWN
2016-03-06T00:36:19.000000;2016-03-06T00:36:19.000000;2ba1f23c-3566-4b39-a6e0-1d5e71f15659;395.01;0.04083;UNKNOWN
2016-03-06T00:36:19.000000;2016-03-06T00:36:19.000000;fba7a1db-3128-465d-8d7e-93c6d7e49453;395.15;0.068441;UNKNOWN
2016-03-06T00:36:19.000000;2016-03-06T00:36:19.000000;3e0e0812-57e4-4c5a-88ec-fddeab03bdc4;395.0;53.29611165;UNKNOWN
2016-03-06T00:36:19.000000;2016-03-06T00:36:19.000000;61be0b22-1a3b-49ac-9f65-c7616a2b858a;395.0;1.0;UNKNOWN
2016-03-06T00:36:25.000000;2016-03-06T00:36:25.000000;1a09f1c1-2123-453f-8486-04e4b16c2cf2;395.0;300.0;UNKNOWN
2016-03-06T00:36:25.000000;2016-03-06T00:36:25.000000;264913a1-1f3d-4931-b4e5-f85965ab5546;395.0;0.7642456;UNKNOWN
2016-03-06T00:36:28.000000;2016-03-06T00:36:28.000000;f5080e84-0de7-4b88-bec5-4ecd99127737;395.17;0.02368482;UNKNOWN
2016-03-06T00:36:33.000000;2016-03-06T00:36:33.000000;a9c45a67-e0ea-4388-86ab-76e4c55970ae;395.14;0.01335007;UNKNOWN
2016-03-06T00:36:37.000000;2016-03-06T00:36:37.000000;00105a0d-3074-4664-ae66-099a2f13a799;395.1;0.10463723;UNKNOWN
2016-03-06T00:36:40.000000;2016-03-06T00:36:40.000000;4b27c062-2d59-4029-b949-f8807162e783;395.07;0.10768346;UNKNOWN
2016-03-06T00:36:43.000000;2016-03-06T00:36:43.000000;b423e5fa-78e5-4683-9961-90862f841257;395.05;0.10874962;UNKNOWN
2016-03-06T00:36:45.000000;2016-03-06T00:36:45.000000;ce2f503c-e6f9-4f04-acb0-9f88d0cce368;395.0;0.83101268;UNKNOWN
2016-03-06T00:36:47.000000;2016-03-06T00:36:47.000000;058f1ef5-de79-453f-b2a3-28674923e852;395.04;0.10928274;UNKNOWN
2016-03-06T00:36:50.000000;2016-03-06T00:36:50.000000;513ce789-e459-4aa6-b0a0-a9bfea47b020;395.03;0.11034905;UNKNOWN
2016-03-06T00:36:51.000000;2016-03-06T00:36:51.000000;967f068c-6e4c-45fd-89d1-49c47b4efdc9;395.01;0.0594374;UNKNOWN
2016-03-06T00:36:52.000000;2016-03-06T00:36:52.000000;e4ed5a4c-c0ec-4f27-b9d2-342642d55854;395.01;0.11088225;UNKNOWN
2016-03-06T00:36:52.000000;2016-03-06T00:36:52.000000;9f66affc-d7b8-43c0-96b5-ed3dabeb49c4;395.01;0.0594374;UNKNOWN
2016-03-06T00:36:57.000000;2016-03-06T00:36:57.000000;d3af46f4-7079-4193-8a96-5a6eab495aff;395.01;0.11194873;UNKNOWN
2016-03-06T00:37:01.000000;2016-03-06T00:37:01.000000;4878a702-5802-4727-b155-b304365a87ab;395.0;1.88427067;UNKNOWN
2016-03-06T00:37:05.000000;2016-03-06T00:37:05.000000;c37fd230-1a98-4c94-a020-405d890fac5e;395.01;0.29324564;UNKNOWN
2016-03-06T00:37:14.000000;2016-03-06T00:37:14.000000;ff1f714a-3b59-4267-91a6-cf16cec4f2ac;395.01;0.01186176;UNKNOWN
2016-03-06T00:37:20.000000;2016-03-06T00:37:20.000000;fbd0bcf8-f8aa-42b3-a031-f02f7fd869d0;395.01;0.28343362;UNKNOWN
2016-03-06T00:37:21.000000;2016-03-06T00:37:21.000000;73bf380b-f64f-4788-8920-ba2693877407;395.0;0.01;UNKNOWN
2016-03-06T00:37:59.000000;2016-03-06T00:37:59.000000;9e113667-b914-40f4-85dd-dbb05e95b39d;395.01;0.10601935;UNKNOWN
2016-03-06T00:38:02.000000;2016-03-06T00:38:02.000000;c3c484a4-5f15-448f-81ef-d00111e65416;395.01;0.10601935;UNKNOWN
2016-03-06T00:38:05.000000;2016-03-06T00:38:05.000000;357786b4-c230-48b8-8850-f5691c141e6d;395.01;0.10601935;UNKNOWN
2016-03-06T00:38:08.000000;2016-03-06T00:38:08.000000;f16f767d-8047-4204-b9be-fa5178a4ad88;395.01;0.03790338;UNKNOWN
2016-03-06T00:38:08.000000;2016-03-06T00:38:08.000000;b8056e84-90f2-46c5-885c-69ab41a5761c;395.0;0.07446386;UNKNOWN
2016-03-06T00:38:09.000000;2016-03-06T00:38:09.000000;633c8e9b-8f7c-4aab-b178-516e951829e1;395.0;0.18612269;UNKNOWN
2016-03-06T00:38:10.000000;2016-03-06T00:38:10.000000;69bb4532-8180-4242-bab1-99199fa03f76;395.01;0.10601935;UNKNOWN
2016-03-06T00:38:12.000000;2016-03-06T00:38:12.000000;7fb9e01b-d142-4b26-aee9-0c84255c6e12;395.01;0.10601935;UNKNOWN
2016-03-06T00:38:14.000000;2016-03-06T00:38:14.000000;3f09e746-21db-4db2-8e59-f15b8403d6b2;395.0;32.455692;UNKNOWN
2016-03-06T00:38:16.000000;2016-03-06T00:38:16.000000;8519f8dc-7773-40f9-ac12-316c3da15766;395.01;0.10601935;UNKNOWN
2016-03-06T00:38:20.000000;2016-03-06T00:38:20.000000;d0b94ff6-b39f-48da-9c97-1912baf65fbc;395.0;2.5;UNKNOWN
2016-03-06T00:38:20.000000;2016-03-06T00:38:20.000000;5c1d7088-42a3-4f1c-b861-f2d885a27aa1;395.01;0.10601935;UNKNOWN
2016-03-06T00:38:25.000000;2016-03-06T00:38:25.000000;ce57a588-b02a-4f4b-9c9a-4a0b84e9d84c;395.01;0.10601935;UNKNOWN
2016-03-06T00:38:26.000000;2016-03-06T00:38:26.000000;63c77f04-7c18-4243-8b90-2f21e638531f;395.0;3.53591521;UNKNOWN
2016-03-06T00:38:28.000000;2016-03-06T00:38:28.000000;0eced7ee-d4dc-4267-9915-b725332a5080;395.01;0.10601935;UNKNOWN
2016-03-06T00:38:30.000000;2016-03-06T00:38:30.000000;9507fdef-6f13-468a-a911-2539eba62d3d;395.01;0.10601935;UNKNOWN
2016-03-06T00:38:33.000000;2016-03-06T00:38:33.000000;1d46add4-6781-4c26-a624-b5a79eb40ffd;395.01;0.10601935;UNKNOWN
2016-03-06T00:38:35.000000;2016-03-06T00:38:35.000000;f8f084ec-075c-4c98-93f1-94f29dec809c;395.0;11.6;UNKNOWN
2016-03-06T00:38:45.000000;2016-03-06T00:38:45.000000;6fb4c865-3241-496a-8800-0689df30f80a;395.01;0.04581088;UNKNOWN
2016-03-06T00:38:47.000000;2016-03-06T00:38:47.000000;cf68ec67-9cf1-4b78-99f7-c69d465e0611;395.0;1.10225219;UNKNOWN
2016-03-06T00:38:49.000000;2016-03-06T00:38:49.000000;1dc22857-0392-4d8a-b99e-04eb1f2a0e20;395.01;0.04581088;UNKNOWN
2016-03-06T00:39:00.000000;2016-03-06T00:39:00.000000;cee963c7-8b45-4176-923f-58806dd581c9;395.0;2.0;UNKNOWN
2016-03-06T00:39:01.000000;2016-03-06T00:39:01.000000;a42760a4-0ce5-4123-94f2-df45a2e7e916;395.01;0.03573473;UNKNOWN
2016-03-06T00:39:06.000000;2016-03-06T00:39:06.000000;a8aee9c1-8998-4160-9c3c-1797f1db5697;395.01;0.03573473;UNKNOWN
2016-03-06T00:39:21.000000;2016-03-06T00:39:21.000000;9b30a548-1e81-4658-8d8c-f0eac3f179ef;395.01;1.0;UNKNOWN
2016-03-06T00:39:46.000000;2016-03-06T00:39:46.000000;97932a7e-640e-4b59-b27c-a86a2474c1cc;395.01;11.83;UNKNOWN
2016-03-06T00:40:03.000000;2016-03-06T00:40:03.000000;c4a8f025-b668-4e64-85b8-c09fd9c9d0f2;395.0;11.0;UNKNOWN
2016-03-06T00:40:03.000000;2016-03-06T00:40:03.000000;97efe190-5dc6-4c0b-a651-2b5ce5ed9e39;395.0;0.266905;UNKNOWN
2016-03-06T00:40:08.000000;2016-03-06T00:40:08.000000;c6551655-0b05-42df-81ff-851feff1408e;395.0;0.12405716;UNKNOWN
2016-03-06T00:40:19.000000;2016-03-06T00:40:19.000000;ba0dbfff-784e-4b3c-ab7c-25adb328964d;395.0;1.0;UNKNOWN
2016-03-06T00:41:03.000000;2016-03-06T00:41:03.000000;1637cd29-2a87-4a96-957c-344cfd378920;395.0;0.26629;UNKNOWN
2016-03-06T00:41:03.000000;2016-03-06T00:41:03.000000;7e9a4133-428b-48a3-b116-26bf69178820;395.01;0.283989;UNKNOWN
2016-03-06T00:41:07.000000;2016-03-06T00:41:07.000000;eca70357-fad6-49a8-a408-974696042b05;395.0;2.02463964;UNKNOWN
2016-03-06T00:41:07.000000;2016-03-06T00:41:07.000000;250d2eb5-1fb8-4f93-8cb4-3878d34b9577;395.0;0.0849771;UNKNOWN
2016-03-06T00:41:08.000000;2016-03-06T00:41:08.000000;b7516495-9aed-4c9d-8c28-f1313caeaebf;395.0;74.99304455;UNKNOWN
2016-03-06T00:42:02.000000;2016-03-06T00:42:02.000000;63c49c7b-3868-4398-9b9f-6679828952ec;395.0;0.18;UNKNOWN
2016-03-06T00:42:02.000000;2016-03-06T00:42:02.000000;310ef075-5100-455c-af77-e661f66d98d3;395.0;0.08629;UNKNOWN
2016-03-06T00:42:09.000000;2016-03-06T00:42:09.000000;b9184a25-6b6d-42d4-9af7-249dff06398c;395.0;0.8799192;UNKNOWN
2016-03-06T00:42:25.000000;2016-03-06T00:42:25.000000;04befdec-4329-4438-aa6a-987796d6d9d5;395.0;0.1699908;UNKNOWN
2016-03-06T00:42:25.000000;2016-03-06T00:42:25.000000;6518ae92-52dc-46ef-9eb9-117ae3bf121f;395.0;0.8300092;UNKNOWN
2016-03-06T00:43:02.000000;2016-03-06T00:43:02.000000;6b3a666d-c3e3-40fe-b15c-b9786bcdbf4b;395.0;0.01;UNKNOWN
2016-03-06T00:43:02.000000;2016-03-06T00:43:02.000000;b9ef607a-b99e-49e1-9fa2-afb639a4b1e1;395.0;0.0699908;UNKNOWN
2016-03-06T00:43:02.000000;2016-03-06T00:43:02.000000;fb8290f6-ea20-4018-a7ca-7042cea876d1;395.0;0.0531192;UNKNOWN
2016-03-06T00:43:04.000000;2016-03-06T00:43:04.000000;2ca8247d-10bd-40a3-97db-6820d4a07ed4;395.0;0.049939;UNKNOWN
2016-03-06T00:43:08.000000;2016-03-06T00:43:08.000000;5a4f90b8-bddd-4e99-a072-7f290b8dc966;395.0;0.049939;UNKNOWN
2016-03-06T00:43:39.000000;2016-03-06T00:43:39.000000;e7a55dd6-45fc-4caa-bdae-f72ce10d39bf;395.0;0.01801156;UNKNOWN
2016-03-06T00:43:57.000000;2016-03-06T00:43:57.000000;8bc5659d-aa4b-4936-b2ec-75470ba32b5d;394.93;0.068475;UNKNOWN
2016-03-06T00:43:57.000000;2016-03-06T00:43:57.000000;86097777-f9f2-4641-92d0-396c48f2c317;394.9;0.05;UNKNOWN
2016-03-06T00:44:02.000000;2016-03-06T00:44:02.000000;feee1bdd-3023-4d7b-a5a7-2b4f88bb5a4d;394.87;0.06636;UNKNOWN
2016-03-06T00:44:03.000000;2016-03-06T00:44:03.000000;877c10be-4123-480e-be73-5f5c394d6884;394.85;0.01941434;UNKNOWN
2016-03-06T00:44:03.000000;2016-03-06T00:44:03.000000;9123f69e-2605-4576-9fe3-5f4a71849b20;394.75;0.03;UNKNOWN
2016-03-06T00:44:03.000000;2016-03-06T00:44:03.000000;e85b8272-947d-4e30-b9b1-398cb9eb70c5;394.87;0.03364;UNKNOWN
2016-03-06T00:44:03.000000;2016-03-06T00:44:03.000000;da612437-b756-4a9b-9b7a-5cdffcf9b887;394.85;0.01058566;UNKNOWN
2016-03-06T00:44:03.000000;2016-03-06T00:44:03.000000;4bc9301a-c632-4108-b835-8baf025fb43e;394.49;0.06781231;UNKNOWN
2016-03-06T00:44:06.000000;2016-03-06T00:44:06.000000;da0b24f9-d4d3-4b85-a441-bdd0b3d3fbab;394.73;1.0;UNKNOWN
2016-03-06T00:44:10.000000;2016-03-06T00:44:10.000000;562a91c8-b232-40a5-8236-977f9bcf41c2;394.49;0.5;UNKNOWN
2016-03-06T00:44:10.000000;2016-03-06T00:44:10.000000;28227bcc-0ee2-4bc3-a3f0-20dcebcadddc;394.49;1.8;UNKNOWN
2016-03-06T00:44:11.000000;2016-03-06T00:44:11.000000;ccafe9c9-dcc8-43d2-ab01-650c73a7300d;394.49;0.25;UNKNOWN
2016-03-06T00:44:53.000000;2016-03-06T00:44:53.000000;a98dccdd-5b12-445d-91d6-72bd0ecad891;394.5;0.100367;UNKNOWN
2016-03-06T00:44:55.000000;2016-03-06T00:44:55.000000;7c96206c-786b-4670-ae3f-96c9fe0ba866;394.5;0.100367;UNKNOWN
2016-03-06T00:44:57.000000;2016-03-06T00:44:57.000000;5101d3fc-1624-4f82-8b68-80d937759d2b;394.5;0.01250441;UNKNOWN
2016-03-06T00:44:58.000000;2016-03-06T00:44:58.000000;faa0670d-0bbd-4f9b-9d1d-26cf340cd191;394.5;0.100367;UNKNOWN
2016-03-06T00:45:02.000000;2016-03-06T00:45:02.000000;b3ad4a5d-5ef7-4d0d-a4ff-6dfdea287ac7;394.5;0.09605086;UNKNOWN
2016-03-06T00:45:05.000000;2016-03-06T00:45:05.000000;3716188f-1777-40b5-a07e-deb925ca5ecb;394.47;0.25;UNKNOWN
2016-03-06T00:45:06.000000;2016-03-06T00:45:06.000000;ae02dba9-bb10-4fdc-b600-2734ed335e13;394.5;1.0;UNKNOWN
2016-03-06T00:45:59.000000;2016-03-06T00:45:59.000000;5d83b9f7-1fcb-4915-883c-9975497ff3d9;394.47;0.25;UNKNOWN
2016-03-06T00:46:03.000000;2016-03-06T00:46:03.000000;e6457ba9-5eb3-4397-b85c-83b69fdc594c;394.47;0.033105;UNKNOWN
2016-03-06T00:46:08.000000;2016-03-06T00:46:08.000000;06d09c5e-1703-4730-a8c0-5ad70571305e;394.47;0.25193854;UNKNOWN
2016-03-06T00:46:34.000000;2016-03-06T00:46:34.000000;5dafc615-0e23-4eff-949e-77292dd5c68f;394.47;25.0;UNKNOWN
2016-03-06T00:47:02.000000;2016-03-06T00:47:02.000000;0c98d991-a68f-4929-94c7-816e49ea578b;394.47;0.016505;UNKNOWN
2016-03-06T00:47:30.000000;2016-03-06T00:47:30.000000;480c3b7c-8785-44c6-8f8b-e63647ffc389;394.11;0.255;UNKNOWN
2016-03-06T00:47:30.000000;2016-03-06T00:47:30.000000;d73d1b54-190b-4e0a-9746-0c65cb0fd065;394.47;0.068565;UNKNOWN
2016-03-06T00:47:30.000000;2016-03-06T00:47:30.000000;687c4d20-2af0-4dc4-81c1-bb8c8d33d588;394.44;0.025;UNKNOWN
2016-03-06T00:47:30.000000;2016-03-06T00:47:30.000000;7de31dc2-b0eb-4d03-92ca-c888d41576e3;394.35;0.07;UNKNOWN
2016-03-06T00:47:30.000000;2016-03-06T00:47:30.000000;c297007f-fa0f-43d9-8412-cf21a544353f;394.47;4.19845146;UNKNOWN
2016-03-06T00:47:30.000000;2016-03-06T00:47:30.000000;dafe0a2b-a0a0-43ad-a842-0456f9265638;394.06;0.38298354;UNKNOWN
2016-03-06T00:47:33.000000;2016-03-06T00:47:33.000000;c63688b7-e5e7-42fd-8740-0dc164353f36;394.05;1.93;UNKNOWN
2016-03-06T00:47:33.000000;2016-03-06T00:47:33.000000;a1fa5ba4-54d1-4774-bcac-c9a4ee73e40a;394.06;5.91231646;UNKNOWN
2016-03-06T00:47:33.000000;2016-03-06T00:47:33.000000;512e25c8-3879-4138-a2f6-c172d6087733;394.01;15.15768354;UNKNOWN
2016-03-06T00:47:35.000000;2016-03-06T00:47:35.000000;32751a0a-3818-4549-8ea0-910cd49f420f;394.43;0.068567;UNKNOWN
2016-03-06T00:47:39.000000;2016-03-06T00:47:39.000000;d0f658e2-6743-475b-a493-da7d264c368d;394.0;0.1;UNKNOWN
2016-03-06T00:48:05.000000;2016-03-06T00:48:05.000000;1526afe3-3f10-40b7-b32c-685db2dbbb78;394.0;0.75836198;UNKNOWN
2016-03-06T00:48:08.000000;2016-03-06T00:48:08.000000;e525a934-e10c-41c5-be7b-d2a304821c39;394.0;0.73589959;UNKNOWN
2016-03-06T00:48:13.000000;2016-03-06T00:48:13.000000;e7ef9bcf-f60c-4fed-9498-e44d413b1b9b;394.0;0.73117085;UNKNOWN
2016-03-06T00:48:22.000000;2016-03-06T00:48:22.000000;278cacc4-abd8-4d0f-b13f-70628475c92b;394.01;0.061;UNKNOWN
2016-03-06T00:48:24.000000;2016-03-06T00:48:24.000000;94d2abe3-b40d-47ff-8a8a-0ec9551d7dbf;394.0;0.76479382;UNKNOWN
2016-03-06T00:48:25.000000;2016-03-06T00:48:25.000000;f9fcc5d0-234b-4221-aa79-6a1791925a18;394.0;0.262;UNKNOWN
2016-03-06T00:48:25.000000;2016-03-06T00:48:25.000000;447200bc-932b-43d4-915d-f1ecd3157cf4;394.0;0.264;UNKNOWN
2016-03-06T00:48:25.000000;2016-03-06T00:48:25.000000;37a23898-7801-4dce-b97f-ab084153b51c;394.0;0.01;UNKNOWN
2016-03-06T00:48:25.000000;2016-03-06T00:48:25.000000;3c32ce2c-142a-49bb-8dba-ad0891df0af5;394.0;0.2;UNKNOWN
2016-03-06T00:48:25.000000;2016-03-06T00:48:25.000000;e929cb9d-383b-42eb-8bdd-4ec1a41e6d7c;394.0;6.90977376;UNKNOWN
2016-03-06T00:48:25.000000;2016-03-06T00:48:25.000000;731d5e03-9ea6-48f3-a4bf-f137603ed4a3;394.0;0.262;UNKNOWN
2016-03-06T00:48:25.000000;2016-03-06T00:48:25.000000;358f62da-3ae5-42c3-ba41-62f2139e608a;394.0;0.253;UNKNOWN
2016-03-06T00:48:25.000000;2016-03-06T00:48:25.000000;ab53583a-3609-42c8-ba3d-0c66a6568398;394.0;0.26;UNKNOWN
2016-03-06T00:48:25.000000;2016-03-06T00:48:25.000000;915d62df-aa2d-4be5-97c3-caf887725326;394.0;0.263;UNKNOWN
2016-03-06T00:48:25.000000;2016-03-06T00:48:25.000000;e4cf9340-f4e3-405d-a790-79950f2218f1;394.0;0.264;UNKNOWN
2016-03-06T00:48:25.000000;2016-03-06T00:48:25.000000;72cfdfd4-3ba9-4ed5-b094-1d2548a4dce7;394.0;0.264;UNKNOWN
2016-03-06T00:48:25.000000;2016-03-06T00:48:25.000000;8eb3e861-e368-47e1-835c-973da7243b27;394.0;0.502;UNKNOWN
2016-03-06T00:48:25.000000;2016-03-06T00:48:25.000000;01eb383c-e30b-42b4-a12d-97677ffb2b05;394.0;0.263;UNKNOWN
2016-03-06T00:48:25.000000;2016-03-06T00:48:25.000000;5b40dd89-cf70-4f8a-8f82-83062d5a7ab0;394.0;0.264;UNKNOWN
2016-03-06T00:48:25.000000;2016-03-06T00:48:25.000000;8c1fd129-8de0-4bc8-808e-3e8ddd398c0d;394.0;0.264;UNKNOWN
2016-03-06T00:48:25.000000;2016-03-06T00:48:25.000000;eaf7846b-6737-4f6c-9561-a20d0d0445ee;394.0;4.07756869;UNKNOWN
2016-03-06T00:48:25.000000;2016-03-06T00:48:25.000000;37650085-91d4-436e-af47-e37c1a5d7d85;394.0;0.41765755;UNKNOWN
2016-03-06T00:48:34.000000;2016-03-06T00:48:34.000000;98c4be5a-6d58-4526-9a6c-0a7f268fcfdc;394.0;0.69995953;UNKNOWN
2016-03-06T00:48:38.000000;2016-03-06T00:48:38.000000;634f5e25-203f-48b3-9f0d-bc4431887ab7;394.0;0.3151636;UNKNOWN
2016-03-06T00:48:38.000000;2016-03-06T00:48:38.000000;5f924d70-9bda-474f-acc7-0d518874e1ed;394.0;0.068647;UNKNOWN
2016-03-06T00:48:38.000000;2016-03-06T00:48:38.000000;afcd2022-b5f9-438d-886d-37d6056f6aec;394.0;0.16483151;UNKNOWN
2016-03-06T00:48:43.000000;2016-03-06T00:48:43.000000;7563f4ca-d558-43bb-9ede-c01631dad7d3;394.0;0.69669589;UNKNOWN
2016-03-06T00:48:53.000000;2016-03-06T00:48:53.000000;0bd30ebe-e770-4391-9085-653f4e8e6ea0;394.0;0.74657241;UNKNOWN
2016-03-06T00:48:58.000000;2016-03-06T00:48:58.000000;e94877e5-1625-442b-952b-b7eb0c4e68dd;394.0;4.94162703;UNKNOWN
2016-03-06T00:48:58.000000;2016-03-06T00:48:58.000000;14a6f5ff-640e-4ec5-b2a6-37644152bf7d;394.0;3.0;UNKNOWN
2016-03-06T00:48:58.000000;2016-03-06T00:48:58.000000;27010a73-5373-4a68-95c3-0face2f147c8;394.0;0.22176612;UNKNOWN
2016-03-06T00:48:58.000000;2016-03-06T00:48:58.000000;716fcb0a-3504-44d0-a82c-1459fc365698;394.0;4.94162703;UNKNOWN
2016-03-06T00:48:58.000000;2016-03-06T00:48:58.000000;5e45b67f-b422-467d-a8cc-e28cdd7889eb;394.0;1.89497982;UNKNOWN
2016-03-06T00:49:03.000000;2016-03-06T00:49:03.000000;3b797517-0b2b-4002-974d-0dbc2f5b1f63;394.0;0.67750684;UNKNOWN
2016-03-06T00:49:14.000000;2016-03-06T00:49:14.000000;a82b2190-a1ca-4e69-ba89-f6f2c548c3eb;394.0;0.29681377;UNKNOWN
2016-03-06T00:49:14.000000;2016-03-06T00:49:14.000000;5301c30e-b229-4e83-a8e8-5e4cb59db9b0;394.0;0.42751334;UNKNOWN
2016-03-06T00:49:25.000000;2016-03-06T00:49:25.000000;2bd4b725-8556-42eb-a1ab-e9e0a78dcbcc;394.0;0.0530361;UNKNOWN
2016-03-06T00:49:25.000000;2016-03-06T00:49:25.000000;75325c88-0de2-40f3-9abb-648149cd2b76;394.0;0.70318623;UNKNOWN
2016-03-06T00:49:33.000000;2016-03-06T00:49:33.000000;710a1333-58f6-455f-b412-2afc3e030303;394.0;0.72004854;UNKNOWN
2016-03-06T00:49:34.000000;2016-03-06T00:49:34.000000;8c83c60b-0947-44dc-a311-0f284cd6ebc5;394.0;0.22691536;UNKNOWN
2016-03-06T00:49:34.000000;2016-03-06T00:49:34.000000;0482c55b-b16f-4398-aa08-c479051de64f;394.0;0.068649;UNKNOWN
2016-03-06T00:49:34.000000;2016-03-06T00:49:34.000000;dc44cca4-d15d-4975-9880-5d339c45dff8;394.0;3.0;UNKNOWN
2016-03-06T00:49:34.000000;2016-03-06T00:49:34.000000;3adc4215-9c43-4e10-9213-eac1a34d237c;394.0;4.94004026;UNKNOWN
2016-03-06T00:49:34.000000;2016-03-06T00:49:34.000000;fbbdd2e5-9acc-42bd-975d-88f9224c73fa;394.0;0.82435512;UNKNOWN
2016-03-06T00:49:34.000000;2016-03-06T00:49:34.000000;b3944ea0-afaa-4e69-851e-286a44e22463;394.0;4.94004026;UNKNOWN
2016-03-06T00:49:45.000000;2016-03-06T00:49:45.000000;4fc11be2-56f8-4e2b-aa8c-45b16f7d31ba;394.0;0.79711961;UNKNOWN
2016-03-06T00:49:45.000000;2016-03-06T00:49:45.000000;740786f6-cf82-44d2-8827-533d1d4d6232;394.0;3.0;UNKNOWN
2016-03-06T00:49:45.000000;2016-03-06T00:49:45.000000;d7f789f3-1237-4082-86e0-8b7a08313af5;394.0;0.5;UNKNOWN
2016-03-06T00:49:46.000000;2016-03-06T00:49:46.000000;7ec6e328-82b3-41c4-8ada-4eb2196ba345;393.97;0.85787235;UNKNOWN
2016-03-06T00:49:46.000000;2016-03-06T00:49:46.000000;37949c69-05fc-4c70-b904-38ded0a17f58;394.0;0.64212765;UNKNOWN
2016-03-06T00:49:53.000000;2016-03-06T00:49:53.000000;622f32ab-cd7f-446d-ac5d-45820cd2c22f;393.94;0.80310869;UNKNOWN
2016-03-06T00:50:00.000000;2016-03-06T00:50:00.000000;bcb0a8a6-058c-4a00-9c08-103bf5fb6c2f;393.97;0.01153498;UNKNOWN
2016-03-06T00:50:03.000000;2016-03-06T00:50:03.000000;f3c63781-e138-49f7-930d-94942a29bc19;393.94;0.70218973;UNKNOWN
2016-03-06T00:50:04.000000;2016-03-06T00:50:04.000000;75017aa8-5f0b-481e-8325-174694d93afa;393.96;0.01153527;UNKNOWN
2016-03-06T00:50:04.000000;2016-03-06T00:50:04.000000;9b8daf60-26b2-4821-aa28-8bec22b4874a;393.94;0.0844042;UNKNOWN
2016-03-06T00:50:08.000000;2016-03-06T00:50:08.000000;0c17098d-ded0-4e6f-930c-a1fc3a7b1910;393.94;0.07746637;UNKNOWN
2016-03-06T00:50:14.000000;2016-03-06T00:50:14.000000;091ec2ed-72f1-40c6-80c4-c42aa848e8d2;393.94;0.78331139;UNKNOWN
2016-03-06T00:50:18.000000;2016-03-06T00:50:18.000000;e9ceadb1-9b72-45e7-a84e-16364bd4c53f;393.94;0.25;UNKNOWN
2016-03-06T00:50:18.000000;2016-03-06T00:50:18.000000;98e7fe9c-7e07-43aa-bdb3-46736fa42f65;393.94;0.08196624;UNKNOWN
2016-03-06T00:50:24.000000;2016-03-06T00:50:24.000000;058faffe-88de-4240-a034-7fd4bfd65f8f;393.94;0.70387254;UNKNOWN
2016-03-06T00:50:26.000000;2016-03-06T00:50:26.000000;599b8b92-31ed-4172-b3b4-bb9d737894db;393.97;3.5;UNKNOWN
2016-03-06T00:50:26.000000;2016-03-06T00:50:26.000000;7c5a5996-af05-480c-af28-f1a912f41e33;393.95;1.5;UNKNOWN
2016-03-06T00:50:29.000000;2016-03-06T00:50:29.000000;497c5928-fda5-4eb8-9532-f510f6104639;393.97;5.0;UNKNOWN
2016-03-06T00:50:29.000000;2016-03-06T00:50:29.000000;eb6a7fbd-9875-4754-aae1-34eaab187b46;393.94;0.07643286;UNKNOWN
2016-03-06T00:50:37.000000;2016-03-06T00:50:37.000000;9d7516e9-80df-4c36-b847-2c04d2694560;393.94;0.69062474;UNKNOWN
2016-03-06T00:50:39.000000;2016-03-06T00:50:39.000000;f5b34144-7115-47eb-ae60-2a5578222b70;393.94;0.08272827;UNKNOWN
2016-03-06T00:50:43.000000;2016-03-06T00:50:43.000000;0739adf3-e4a6-422f-888e-c747e020a10b;393.94;0.59132695;UNKNOWN
2016-03-06T00:50:43.000000;2016-03-06T00:50:43.000000;bf348241-91a2-46aa-81d2-f8f21cbcd055;393.94;0.068658;UNKNOWN
2016-03-06T00:50:43.000000;2016-03-06T00:50:43.000000;7a5901ab-9948-468d-a03b-8a5c1990f8c4;393.94;0.15021413;UNKNOWN
2016-03-06T00:50:49.000000;2016-03-06T00:50:49.000000;c5fb7033-2f13-4efb-9470-274dd47c2905;393.94;0.08356009;UNKNOWN
2016-03-06T00:50:53.000000;2016-03-06T00:50:53.000000;4e8eae53-b1e5-42d8-adb2-427a2ee5a87f;393.94;0.32511296;UNKNOWN
2016-03-06T00:50:53.000000;2016-03-06T00:50:53.000000;8a9e7c9b-354c-47c8-be2e-ed1a36c66ffc;393.94;0.42952084;UNKNOWN
2016-03-06T00:50:59.000000;2016-03-06T00:50:59.000000;3e2a71f3-b144-4d37-b91d-37941ce2be7f;393.94;0.08067817;UNKNOWN
2016-03-06T00:51:03.000000;2016-03-06T00:51:03.000000;e26af6f9-9cbd-4a19-ab8d-ca2376b907de;393.94;0.14373623;UNKNOWN
2016-03-06T00:51:03.000000;2016-03-06T00:51:03.000000;6a26a04a-d478-4d9c-b631-399da9054f4f;393.94;0.48980099;UNKNOWN
2016-03-06T00:51:03.000000;2016-03-06T00:51:03.000000;447cd645-f550-4ef6-8f3f-204f7b984bfe;393.94;0.11107236;UNKNOWN
2016-03-06T00:51:09.000000;2016-03-06T00:51:09.000000;e4c5718c-3e5f-45d6-ae8b-6d509a69f4c8;393.94;0.0930798;UNKNOWN
2016-03-06T00:51:13.000000;2016-03-06T00:51:13.000000;904e38a9-fea2-4286-846c-b4a6722fc581;393.94;0.68463892;UNKNOWN
2016-03-06T00:51:19.000000;2016-03-06T00:51:19.000000;5a9b8649-9ee9-4492-812a-036da61ed61e;393.67;13.4213;UNKNOWN
2016-03-06T00:51:19.000000;2016-03-06T00:51:19.000000;d939ff28-6783-48e0-8f15-2347687c0110;393.94;0.068659;UNKNOWN
2016-03-06T00:51:19.000000;2016-03-06T00:51:19.000000;205b9186-d308-4c09-a0a5-29d395867a11;393.71;4.93973523;UNKNOWN
2016-03-06T00:51:19.000000;2016-03-06T00:51:19.000000;338c7676-47df-4902-aade-437394e00dea;393.85;6.3233;UNKNOWN
2016-03-06T00:51:19.000000;2016-03-06T00:51:19.000000;04cb15a1-9388-4c96-a7ce-5c2db3b5f844;393.94;0.07854505;UNKNOWN
2016-03-06T00:51:19.000000;2016-03-06T00:51:19.000000;0c826bdf-0c34-4370-b178-836c7d801d00;393.88;4.93967423;UNKNOWN
2016-03-06T00:51:19.000000;2016-03-06T00:51:19.000000;8800026c-7d52-4cd5-8ce6-c9a30bcc6e21;393.9;1.19;UNKNOWN
2016-03-06T00:51:19.000000;2016-03-06T00:51:19.000000;ea77a66b-1deb-4e53-a0a0-5e5a94c8d1f0;393.83;4.93967423;UNKNOWN
2016-03-06T00:51:19.000000;2016-03-06T00:51:19.000000;0800262d-eb5b-4979-9088-5610b6d812b8;393.94;1.0;UNKNOWN
2016-03-06T00:51:19.000000;2016-03-06T00:51:19.000000;f543fec3-782b-4801-a550-fc5cf1d4e23d;393.87;0.1;UNKNOWN
2016-03-06T00:51:19.000000;2016-03-06T00:51:19.000000;c87a6db6-20d1-43a5-9c39-b1e78b241d73;393.77;4.93973523;UNKNOWN
2016-03-06T00:51:19.000000;2016-03-06T00:51:19.000000;a0cc8f57-1b27-4d94-9a58-041b2a0f7d80;393.65;4.93979623;UNKNOWN
2016-03-06T00:51:19.000000;2016-03-06T00:51:19.000000;be073063-a611-40e0-b41a-0dc67cff38fa;393.8;0.1;UNKNOWN
2016-03-06T00:51:19.000000;2016-03-06T00:51:19.000000;9d26c6ec-1a83-4c56-b5d0-f681f20bfa11;393.55;10.0;UNKNOWN
2016-03-06T00:51:19.000000;2016-03-06T00:51:19.000000;76078f8e-ae31-4762-b25e-c0ebd2544af6;393.6;15.916;UNKNOWN
2016-03-06T00:51:19.000000;2016-03-06T00:51:19.000000;55139b48-61a3-4624-9564-959db774aeac;393.54;4.14988457;UNKNOWN
2016-03-06T00:51:19.000000;2016-03-06T00:51:19.000000;9b98c41e-0e63-4a6c-904f-ca87f6a57f68;393.73;18.0149;UNKNOWN
2016-03-06T00:51:19.000000;2016-03-06T00:51:19.000000;0aea9103-0f89-4d9e-a1e1-000cfee62fc9;393.59;4.93979623;UNKNOWN
2016-03-06T00:51:29.000000;2016-03-06T00:51:29.000000;229ec0b7-a751-4364-851a-c58f9c4f3a94;393.59;0.05262737;UNKNOWN
2016-03-06T00:51:53.000000;2016-03-06T00:51:53.000000;d55df7a5-38fe-4cb1-bb6b-803089e8ab7f;393.77;24.93;UNKNOWN
2016-03-06T00:51:53.000000;2016-03-06T00:51:53.000000;ebef460d-9093-432d-adfa-d184fc76e8d1;393.6;0.08855752;UNKNOWN
2016-03-06T00:51:53.000000;2016-03-06T00:51:53.000000;ce8eecd7-297c-41cc-8d4e-635303fc5d08;393.77;15.59;UNKNOWN
2016-03-06T00:51:56.000000;2016-03-06T00:51:56.000000;a7438dda-4ac8-40d9-a483-76c73738baf2;393.81;0.71730211;UNKNOWN
2016-03-06T00:51:58.000000;2016-03-06T00:51:58.000000;7a8866e2-9670-4d94-8dbc-a313b7a73bc3;393.83;0.08572424;UNKNOWN
2016-03-06T00:52:03.000000;2016-03-06T00:52:03.000000;b651ae70-1efd-4871-98f7-06be61d1c416;394.0;0.05;UNKNOWN
2016-03-06T00:52:04.000000;2016-03-06T00:52:04.000000;0c69ff55-7c39-46d2-8d08-beba71ef3378;393.87;0.78955862;UNKNOWN
2016-03-06T00:52:09.000000;2016-03-06T00:52:09.000000;8a06fb23-accc-45cd-85d8-3ffd320c3c3f;393.85;0.08099614;UNKNOWN
2016-03-06T00:52:13.000000;2016-03-06T00:52:13.000000;f74455f8-b473-48e8-adf1-69f856c69fd8;393.89;0.84143733;UNKNOWN
2016-03-06T00:52:19.000000;2016-03-06T00:52:19.000000;8eee37af-1591-4b2f-8f0a-175de7054b93;393.9;0.08883963;UNKNOWN
2016-03-06T00:52:23.000000;2016-03-06T00:52:23.000000;bdf78b3d-641a-48f0-a4ad-8773a246c085;393.9;0.71948231;UNKNOWN
2016-03-06T00:52:27.000000;2016-03-06T00:52:27.000000;e3499702-de52-47dd-ad5b-fe41b0e6f62f;393.9;0.01;UNKNOWN
2016-03-06T00:52:29.000000;2016-03-06T00:52:29.000000;7d429691-814e-47aa-a145-e04acb06d4a0;393.9;0.0915732;UNKNOWN
2016-03-06T00:52:38.000000;2016-03-06T00:52:38.000000;0e63f4a0-de9c-426d-9223-6dc68d67f6db;393.9;0.09547276;UNKNOWN
2016-03-06T00:52:49.000000;2016-03-06T00:52:49.000000;34b63e16-210b-4ad1-899f-5a93e268d09e;393.9;0.06695404;UNKNOWN
2016-03-06T00:52:49.000000;2016-03-06T00:52:49.000000;a45a0fd9-abe1-4f1a-9eaa-f44166f3f58f;393.9;0.01575445;UNKNOWN
2016-03-06T00:52:59.000000;2016-03-06T00:52:59.000000;a9852b23-5876-4419-8ab9-a24e2a05d1fc;393.9;0.08923565;UNKNOWN
2016-03-06T00:53:00.000000;2016-03-06T00:53:00.000000;bed662df-9623-4b12-891f-7097689dbe5c;393.9;0.1590099;UNKNOWN
2016-03-06T00:53:00.000000;2016-03-06T00:53:00.000000;01c980a7-cc2e-4d86-86d6-64ace5ef2887;393.9;0.7409901;UNKNOWN
2016-03-06T00:53:05.000000;2016-03-06T00:53:05.000000;c5ba340e-4ccb-4be5-9567-c3d8deb926bf;393.91;1.0;UNKNOWN
2016-03-06T00:53:05.000000;2016-03-06T00:53:05.000000;2fa99308-f9d6-4167-b2ca-da3f49b56037;393.99;1.5;UNKNOWN
2016-03-06T00:53:06.000000;2016-03-06T00:53:06.000000;c1968dc7-74b5-4851-b31c-0856dcd1ccf3;393.9;0.75361196;UNKNOWN
2016-03-06T00:53:09.000000;2016-03-06T00:53:09.000000;303df2a2-536f-488a-a47d-908a99d31c1e;393.9;0.09367282;UNKNOWN
2016-03-06T00:53:13.000000;2016-03-06T00:53:13.000000;debf2229-36f8-48dd-a1b0-c43486433ba9;393.9;0.81087839;UNKNOWN
2016-03-06T00:53:18.000000;2016-03-06T00:53:18.000000;d2d4b987-54cd-4a05-b9a5-1b036bf62d40;393.9;0.08695357;UNKNOWN
2016-03-06T00:53:23.000000;2016-03-06T00:53:23.000000;39c325ba-e211-4af8-8520-4bfb86eeeb89;393.9;0.13542957;UNKNOWN
2016-03-06T00:53:23.000000;2016-03-06T00:53:23.000000;72664b7a-4269-4a0c-b75f-e2e36c133fd9;394.01;0.10586294;UNKNOWN
2016-03-06T00:53:23.000000;2016-03-06T00:53:23.000000;e6e33e87-00bf-4682-80c7-91757234d328;393.9;0.264;UNKNOWN
2016-03-06T00:53:23.000000;2016-03-06T00:53:23.000000;69b46dc1-5eac-471a-8095-345e8d1e7678;393.9;0.48419019;UNKNOWN
2016-03-06T00:53:26.000000;2016-03-06T00:53:26.000000;38b1ec3d-8950-4457-a1dc-29304896b710;394.01;0.10586294;UNKNOWN
2016-03-06T00:53:29.000000;2016-03-06T00:53:29.000000;7434ffea-9a26-4f50-bf6d-24d58183e250;393.9;0.09561346;UNKNOWN
2016-03-06T00:53:30.000000;2016-03-06T00:53:30.000000;f12b2976-d7bf-4056-8d1e-00919b0f3a25;394.01;0.10586294;UNKNOWN
2016-03-06T00:53:33.000000;2016-03-06T00:53:33.000000;c9839063-c355-44fb-921c-3d8a9cae4a08;393.9;0.262;UNKNOWN
2016-03-06T00:53:33.000000;2016-03-06T00:53:33.000000;90195af0-513f-4ab1-bf98-4f94ae31a50b;393.9;0.00141433;UNKNOWN
2016-03-06T00:53:33.000000;2016-03-06T00:53:33.000000;31c33039-6284-4892-a198-3f14b7712d68;394.01;0.10586294;UNKNOWN
2016-03-06T00:53:33.000000;2016-03-06T00:53:33.000000;d8d6b5d3-9d0c-4852-8b7b-79ff48bab439;393.9;0.263;UNKNOWN
2016-03-06T00:53:33.000000;2016-03-06T00:53:33.000000;0d381305-77dd-4242-b425-e417e8b36f86;393.9;0.26;UNKNOWN
2016-03-06T00:53:33.000000;2016-03-06T00:53:33.000000;998cf87d-d6e5-4f72-b75a-b9244daab682;393.9;0.03295697;UNKNOWN
2016-03-06T00:53:36.000000;2016-03-06T00:53:36.000000;745e75e4-49d2-40c6-b872-f919818f4e2e;394.01;0.10586294;UNKNOWN
2016-03-06T00:53:39.000000;2016-03-06T00:53:39.000000;8bc4edb8-609b-4775-8b37-e3fbe881aefa;393.92;0.09157281;UNKNOWN
2016-03-06T00:53:43.000000;2016-03-06T00:53:43.000000;baaae2cc-2857-4b1b-a086-7424c2aaa47e;393.91;0.83249909;UNKNOWN
2016-03-06T00:53:47.000000;2016-03-06T00:53:47.000000;90fac479-fc44-459c-acca-53c5e9c85182;393.94;0.51371305;UNKNOWN
2016-03-06T00:53:48.000000;2016-03-06T00:53:48.000000;73b3b336-c9fa-475c-a41e-d248fac4d30f;393.92;0.09569655;UNKNOWN
2016-03-06T00:53:54.000000;2016-03-06T00:53:54.000000;1ed351f4-3f0a-4abe-a1e1-7d1f6ddac448;393.92;0.16730345;UNKNOWN
2016-03-06T00:53:55.000000;2016-03-06T00:53:55.000000;39e6c49f-bdbb-41c7-a798-c91b152a8413;393.92;0.253;UNKNOWN
2016-03-06T00:53:58.000000;2016-03-06T00:53:58.000000;3ad3da16-a186-4d5c-865b-40d4c3f3ad03;393.92;0.068692;UNKNOWN
2016-03-06T00:54:06.000000;2016-03-06T00:54:06.000000;a96ea41e-0f89-4073-9e7b-6d69972b4e87;393.92;0.08315943;UNKNOWN
2016-03-06T00:54:06.000000;2016-03-06T00:54:06.000000;70c4a671-5c86-442f-b6e9-b7012ba9e05d;393.92;0.34132756;UNKNOWN
2016-03-06T00:54:06.000000;2016-03-06T00:54:06.000000;8d3145d9-7ff8-42d5-b735-ed2bd9cdc1fb;394.01;0.17551301;UNKNOWN
2016-03-06T00:54:06.000000;2016-03-06T00:54:06.000000;92a44aed-b57c-4555-96e0-5e98d8f6335e;393.93;1.0;UNKNOWN
2016-03-06T00:54:06.000000;2016-03-06T00:54:06.000000;5dee634a-c89c-4b5e-8c4b-d7f1cfa2e102;394.0;3.0;UNKNOWN
2016-03-06T00:54:14.000000;2016-03-06T00:54:14.000000;5872501b-1357-4041-a98b-93e1e4012f63;393.91;0.068665;UNKNOWN
2016-03-06T00:54:19.000000;2016-03-06T00:54:19.000000;4bf128d7-bfad-4c91-9f74-3a38aafd240c;393.9;0.08861063;UNKNOWN
2016-03-06T00:54:29.000000;2016-03-06T00:54:29.000000;9b7d1581-fa1d-493d-9e8e-c62ade5a8a54;393.9;0.09320355;UNKNOWN
2016-03-06T00:54:35.000000;2016-03-06T00:54:35.000000;f55417ad-39d4-40fb-9a3d-ce474242fc05;393.91;0.10162856;UNKNOWN
2016-03-06T00:54:38.000000;2016-03-06T00:54:38.000000;8b9dd675-583e-4ed8-8e0b-74d4d7dcc16d;393.91;0.10162856;UNKNOWN
2016-03-06T00:54:39.000000;2016-03-06T00:54:39.000000;6381d5bb-dfe3-4be6-84e1-07bf30311cfd;393.9;0.0973668;UNKNOWN
2016-03-06T00:54:43.000000;2016-03-06T00:54:43.000000;10cbcc06-83dd-4049-9f01-d8d2e3bff11d;393.91;0.03193811;UNKNOWN
2016-03-06T00:54:46.000000;2016-03-06T00:54:46.000000;462e9821-6c46-43dd-91bd-ce4791bf753b;393.9;0.31239932;UNKNOWN
2016-03-06T00:54:46.000000;2016-03-06T00:54:46.000000;ea3c1bb9-79ba-404f-8465-f30ef91ebde5;393.9;0.22181902;UNKNOWN
2016-03-06T00:54:46.000000;2016-03-06T00:54:46.000000;5fd2c67a-f3fa-42c4-a8b4-b15e11febbfa;393.9;0.264;UNKNOWN
2016-03-06T00:54:48.000000;2016-03-06T00:54:48.000000;3deb2320-4fc9-45db-83f3-b01a7a9dc8f5;393.9;0.08933069;UNKNOWN
2016-03-06T00:54:53.000000;2016-03-06T00:54:53.000000;9c914db3-21ee-4dfe-8e7b-dcc4988e8596;393.9;0.88828877;UNKNOWN
2016-03-06T00:54:58.000000;2016-03-06T00:54:58.000000;ecf181a8-74bc-48b7-8fa3-2b798a80f423;393.9;0.09525634;UNKNOWN
2016-03-06T00:55:00.000000;2016-03-06T00:55:00.000000;bedefdb5-bb94-4edf-b39d-fb42e40d5e9f;393.9;0.021;UNKNOWN
2016-03-06T00:55:03.000000;2016-03-06T00:55:03.000000;605d9978-2598-4f3e-a7c0-3a3fd27043e1;393.9;0.80309156;UNKNOWN
2016-03-06T00:55:09.000000;2016-03-06T00:55:09.000000;8b30996b-be9b-4944-b311-67f1d58fd5e4;393.9;0.09165862;UNKNOWN
2016-03-06T00:55:14.000000;2016-03-06T00:55:14.000000;77881e4e-0b73-434d-8a26-b637c88c95e4;393.9;0.84063641;UNKNOWN
2016-03-06T00:55:17.000000;2016-03-06T00:55:17.000000;73c5a6b9-cd70-4c6a-944c-a4321c4f91c1;393.92;0.15;UNKNOWN
2016-03-06T00:55:18.000000;2016-03-06T00:55:18.000000;9f5f59f4-3538-40ac-b388-e8664666db5b;393.93;0.08268142;UNKNOWN
2016-03-06T00:55:24.000000;2016-03-06T00:55:24.000000;2f5e2bcc-2d5f-446e-a261-af4950ca2e67;393.93;0.91963123;UNKNOWN
2016-03-06T00:55:29.000000;2016-03-06T00:55:29.000000;53cf0bb0-897c-4283-b661-42a5ed6cc6e2;393.93;0.09294022;UNKNOWN
2016-03-06T00:55:33.000000;2016-03-06T00:55:33.000000;661fb672-b153-4646-aff8-9582bcd341e2;393.93;0.83629135;UNKNOWN
2016-03-06T00:55:38.000000;2016-03-06T00:55:38.000000;dff7ea50-afbf-4382-a5cf-6c888516e482;393.93;0.02;UNKNOWN
2016-03-06T00:55:39.000000;2016-03-06T00:55:39.000000;71fb2518-5d57-4c46-9264-c009746b0ccd;393.93;0.08654791;UNKNOWN
2016-03-06T00:55:41.000000;2016-03-06T00:55:41.000000;d788cab7-3e4c-47cd-a2ae-69f60b63161a;393.93;0.02;UNKNOWN
2016-03-06T00:55:43.000000;2016-03-06T00:55:43.000000;44de50ff-83dd-4439-a3f1-9125d1b8007c;393.93;0.8509148;UNKNOWN
2016-03-06T00:55:46.000000;2016-03-06T00:55:46.000000;e18652b7-5f81-44ee-97f9-8f5d44378dc8;393.93;0.02;UNKNOWN
2016-03-06T00:55:49.000000;2016-03-06T00:55:49.000000;62e29a3f-c163-44e3-8b07-535332d98e2b;393.96;0.08631061;UNKNOWN
2016-03-06T00:55:54.000000;2016-03-06T00:55:54.000000;a41afd63-d8f5-42ca-a0a9-f56a14a6c81d;393.96;0.88731151;UNKNOWN
2016-03-06T00:55:59.000000;2016-03-06T00:55:59.000000;7b9a7119-4477-4ad9-a161-2c3e9abe6dc6;393.96;0.09286978;UNKNOWN
2016-03-06T00:56:03.000000;2016-03-06T00:56:03.000000;d0eb93e9-f0c2-4042-acbb-c3f9745edd3d;393.96;0.96859645;UNKNOWN
2016-03-06T00:56:09.000000;2016-03-06T00:56:09.000000;c8ab1492-cf6a-4ded-a9fa-ca6204ac52f6;393.96;0.08866362;UNKNOWN
2016-03-06T00:56:13.000000;2016-03-06T00:56:13.000000;83a54363-6bca-441e-81a9-6920c8001490;393.96;0.8019546;UNKNOWN
2016-03-06T00:56:19.000000;2016-03-06T00:56:19.000000;04811638-720d-4fee-b37e-9a0d2f4b541d;393.96;0.0974557;UNKNOWN
2016-03-06T00:56:20.000000;2016-03-06T00:56:20.000000;8b7d7dcd-2397-4072-b61d-c6788ff4b856;394.42;6.2494;UNKNOWN
2016-03-06T00:56:20.000000;2016-03-06T00:56:20.000000;796aa689-0c1f-497f-8d0c-0aa235cb5cd8;394.15;0.03;UNKNOWN
2016-03-06T00:56:20.000000;2016-03-06T00:56:20.000000;d21a130a-3b07-4772-b015-8c59705e702d;394.0;1.0;UNKNOWN
2016-03-06T00:56:20.000000;2016-03-06T00:56:20.000000;0bb3c986-14ea-402d-8dad-0a0654a1e918;394.97;0.03192744;UNKNOWN
2016-03-06T00:56:20.000000;2016-03-06T00:56:20.000000;24923aec-d1a9-4a47-a63a-0f2e733c9fa2;394.73;12.293;UNKNOWN
2016-03-06T00:56:20.000000;2016-03-06T00:56:20.000000;e4b9961d-84ea-40a1-a0de-a604845893df;394.97;12.3839;UNKNOWN
2016-03-06T00:56:20.000000;2016-03-06T00:56:20.000000;ba53c6e7-e158-4c40-8668-b575c8763c44;395.11;1.93207085;UNKNOWN
2016-03-06T00:56:20.000000;2016-03-06T00:56:20.000000;082089bd-1fa1-4cd3-9453-3cde586c5bd8;395.01;0.3;UNKNOWN
2016-03-06T00:56:20.000000;2016-03-06T00:56:20.000000;8eb57553-e792-4f69-b532-5dd0406c2279;395.0;1.03693286;UNKNOWN
2016-03-06T00:56:20.000000;2016-03-06T00:56:20.000000;5d2b0968-9c18-417e-bc77-92dec17f6671;394.86;13.9753;UNKNOWN
2016-03-06T00:56:20.000000;2016-03-06T00:56:20.000000;65e7d23b-0aa7-4ce1-993c-befd37a88817;394.01;27.19860089;UNKNOWN
2016-03-06T00:56:20.000000;2016-03-06T00:56:20.000000;8c7414dc-5c0a-43a1-bea8-8e08d3aa3ba3;394.55;53.551918;UNKNOWN
2016-03-06T00:56:20.000000;2016-03-06T00:56:20.000000;fa12731a-0f85-40ec-bf86-ab3207a8a869;395.01;0.2;UNKNOWN
2016-03-06T00:56:20.000000;2016-03-06T00:56:20.000000;c24aa35a-eb09-4ce1-9645-7bc608c9c531;395.08;4.93699164;UNKNOWN
2016-03-06T00:56:20.000000;2016-03-06T00:56:20.000000;515ca9a1-71ff-4094-989a-6eb60d3dbe5f;395.0;0.5;UNKNOWN
2016-03-06T00:56:26.000000;2016-03-06T00:56:26.000000;49d009b8-59a3-4248-8b16-2b83145c6b17;393.99;0.89087257;UNKNOWN
2016-03-06T00:56:29.000000;2016-03-06T00:56:29.000000;6d8c7d29-6955-47f7-a6fb-c6ea700ae036;394.02;0.08495261;UNKNOWN
2016-03-06T00:56:33.000000;2016-03-06T00:56:33.000000;fcacb8aa-ddc9-49b9-8865-3ede5cb10fd5;394.42;0.831367;UNKNOWN
2016-03-06T00:56:33.000000;2016-03-06T00:56:33.000000;43e835f7-a785-4b88-b69c-9f38f6ecac8b;395.09;0.97;UNKNOWN
2016-03-06T00:56:33.000000;2016-03-06T00:56:33.000000;3201efa3-961a-4d14-a775-d62ec28c3067;395.08;0.5;UNKNOWN
2016-03-06T00:56:33.000000;2016-03-06T00:56:33.000000;4e4892e4-ea17-4ae0-ab0f-e0806d41f0f2;394.55;0.03;UNKNOWN
2016-03-06T00:56:38.000000;2016-03-06T00:56:38.000000;8ca69e48-abb1-4ed3-bc84-cf96e8b2a826;394.43;0.54782;UNKNOWN
2016-03-06T00:56:39.000000;2016-03-06T00:56:39.000000;204b25c0-579a-464f-b931-eb8d1797ec8f;394.43;0.08882032;UNKNOWN
2016-03-06T00:56:44.000000;2016-03-06T00:56:44.000000;7778ca47-b728-45e9-920a-f33deb610c0b;394.43;0.96654817;UNKNOWN
2016-03-06T00:56:50.000000;2016-03-06T00:56:50.000000;00956e2d-2fd6-4bd8-b555-b1825f2f3cfb;394.43;0.0843627;UNKNOWN
2016-03-06T00:56:54.000000;2016-03-06T00:56:54.000000;4713599f-a6e3-4b4e-9cc4-eaf6c6895d0f;394.43;0.8207075;UNKNOWN
2016-03-06T00:56:59.000000;2016-03-06T00:56:59.000000;ea3e455d-3229-4175-9e35-a4e4b27a0146;394.42;0.08743564;UNKNOWN
2016-03-06T00:57:09.000000;2016-03-06T00:57:09.000000;0aafba89-2cc4-4563-b7cd-1213599b6827;394.42;0.08119736;UNKNOWN
2016-03-06T00:57:18.000000;2016-03-06T00:57:18.000000;e7d621aa-c18e-4bb7-99e0-ea6eccb5fe67;394.17;0.4396374;UNKNOWN
2016-03-06T00:57:27.000000;2016-03-06T00:57:27.000000;13d09d96-fa31-47b8-a514-676b55636191;394.23;0.87161415;UNKNOWN
2016-03-06T00:57:33.000000;2016-03-06T00:57:33.000000;ef766bfd-39e1-4093-8815-78e766927682;394.27;0.92482921;UNKNOWN
2016-03-06T00:57:39.000000;2016-03-06T00:57:39.000000;c5268fbe-f04d-4caa-98e6-d7cdbae98055;394.55;0.03;UNKNOWN
2016-03-06T00:57:39.000000;2016-03-06T00:57:39.000000;8dca424e-41f1-4c73-8c06-0ad5af7a9356;394.62;7.522e-05;UNKNOWN
2016-03-06T00:57:44.000000;2016-03-06T00:57:44.000000;2d99e962-637f-496b-9acf-1db8e5c230bb;394.26;0.02248603;UNKNOWN
2016-03-06T00:57:44.000000;2016-03-06T00:57:44.000000;a71f0c65-e61a-4cd4-9446-d8e3f64a027c;394.26;0.02249421;UNKNOWN
2016-03-06T00:58:13.000000;2016-03-06T00:58:13.000000;f1e1474c-3ffc-4764-ae1c-8a61e29570f2;394.46;0.5714283;UNKNOWN
2016-03-06T00:58:13.000000;2016-03-06T00:58:13.000000;4bb28528-4a93-40d5-808d-72d4e15f09e5;394.26;0.94058625;UNKNOWN
2016-03-06T00:58:15.000000;2016-03-06T00:58:15.000000;49d36e31-376b-44a7-8acd-8c8999e13094;394.21;0.068665;UNKNOWN
2016-03-06T00:58:15.000000;2016-03-06T00:58:15.000000;94659ce6-7359-4a92-8798-91757509beb5;394.26;0.01691597;UNKNOWN
2016-03-06T00:58:20.000000;2016-03-06T00:58:20.000000;1cf2ba4b-1a11-4eaf-b3ab-d657671ac354;394.21;0.00730455;UNKNOWN
2016-03-06T00:58:20.000000;2016-03-06T00:58:20.000000;cd7f0e91-a715-47dd-9b97-988aab5936f8;394.21;0.06128245;UNKNOWN
2016-03-06T00:58:29.000000;2016-03-06T00:58:29.000000;4499d914-9e18-4ea6-8a4a-0bf24ecedc3d;394.19;0.09387793;UNKNOWN
2016-03-06T00:58:38.000000;2016-03-06T00:58:38.000000;9aa3fcbc-9803-450a-ba77-4fae25fb7cc2;394.2;0.0255;UNKNOWN
2016-03-06T00:58:39.000000;2016-03-06T00:58:39.000000;400b445b-2540-42b0-bbae-80e79be0d0ca;394.2;0.10018217;UNKNOWN
2016-03-06T00:58:49.000000;2016-03-06T00:58:49.000000;77689a55-eca5-4335-a9e8-2ca0f79e1c05;394.2;0.11066329;UNKNOWN
2016-03-06T00:58:50.000000;2016-03-06T00:58:50.000000;06156508-b977-42b5-90e0-4f831a7539d6;394.2;1.21759318;UNKNOWN
2016-03-06T00:58:51.000000;2016-03-06T00:58:51.000000;d1867ee3-1804-4e64-9f44-e13d1f872f32;394.2;0.02;UNKNOWN
2016-03-06T00:58:54.000000;2016-03-06T00:58:54.000000;1567e665-2f7f-4e8b-aaa5-34de03f5e692;394.2;1.39596285;UNKNOWN
2016-03-06T00:58:54.000000;2016-03-06T00:58:54.000000;992d6d04-4eb2-432d-9663-693dc35e35c1;394.2;0.02606136;UNKNOWN
2016-03-06T00:59:04.000000;2016-03-06T00:59:04.000000;15e762de-2abd-4572-8576-439497d3834e;394.19;1.66330963;UNKNOWN
2016-03-06T00:59:31.000000;2016-03-06T00:59:31.000000;4ab711f2-f4df-4265-b14d-a545ebef2b90;394.18;0.12776487;UNKNOWN
2016-03-06T00:59:44.000000;2016-03-06T00:59:44.000000;ce43663c-aa73-434d-b9bb-09a7d97dc30f;394.18;0.04;UNKNOWN
2016-03-06T00:59:47.000000;2016-03-06T00:59:47.000000;5c965587-2e60-434e-a343-b59377bda3e3;394.17;0.09066586;UNKNOWN
2016-03-06T01:00:03.000000;2016-03-06T01:00:03.000000;66619f2a-bd0e-4162-930e-6476eb8b6eb9;394.17;0.04;UNKNOWN
2016-03-06T01:00:04.000000;2016-03-06T01:00:04.000000;a089936e-9fcd-479c-a59a-2dbe7e2f9676;394.17;0.1795778;UNKNOWN
2016-03-06T01:00:04.000000;2016-03-06T01:00:04.000000;7a227231-ac19-45fe-bdab-2c6e5c135324;394.17;0.08564907;UNKNOWN
2016-03-06T01:00:04.000000;2016-03-06T01:00:04.000000;25230d7d-f77f-4a4b-847a-120ade380abf;394.17;0.0202904;UNKNOWN
2016-03-06T01:00:04.000000;2016-03-06T01:00:04.000000;5070aada-a5db-41b8-a207-95466e4a030f;394.17;0.096698;UNKNOWN
2016-03-06T01:00:04.000000;2016-03-06T01:00:04.000000;cab4f103-3616-4262-89b9-54006d2b735b;394.17;0.31851772;UNKNOWN
2016-03-06T01:00:04.000000;2016-03-06T01:00:04.000000;bc745ff1-ade3-4cab-bdd4-59431f868b6a;394.17;0.05508361;UNKNOWN
2016-03-06T01:00:04.000000;2016-03-06T01:00:04.000000;19a30d02-efbb-4316-aa85-367ed1c8dd2f;394.17;0.67493702;UNKNOWN
2016-03-06T01:00:04.000000;2016-03-06T01:00:04.000000;9eb728e8-8c3e-41fd-b941-7b93f46c1c60;394.17;0.01479206;UNKNOWN
2016-03-06T01:00:04.000000;2016-03-06T01:00:04.000000;05c133f4-2a5e-4d4a-b86a-78b78c08d5d5;394.17;0.08290706;UNKNOWN
2016-03-06T01:00:04.000000;2016-03-06T01:00:04.000000;4660147b-6d53-4366-ab84-33fc0a733076;394.17;0.03424336;UNKNOWN
2016-03-06T01:00:04.000000;2016-03-06T01:00:04.000000;b4cee3ba-e576-4913-b338-ce58378813a4;394.17;0.01763929;UNKNOWN
2016-03-06T01:00:04.000000;2016-03-06T01:00:04.000000;c9250678-f6ef-45e2-b861-c4e60f112a19;394.17;0.32324211;UNKNOWN
2016-03-06T01:00:06.000000;2016-03-06T01:00:06.000000;92c0db21-37dc-4669-a8f0-821a36c7da66;394.63;1.22746724;UNKNOWN
2016-03-06T01:00:06.000000;2016-03-06T01:00:06.000000;3d6a87b2-69cb-4f5c-ae74-a258fd4c6f0f;394.18;0.07203119;UNKNOWN
2016-03-06T01:00:06.000000;2016-03-06T01:00:06.000000;1b5bf93f-4c89-4c7f-9645-bb360f27343d;394.29;6.2692;UNKNOWN
2016-03-06T01:00:08.000000;2016-03-06T01:00:08.000000;f01eaeb9-b773-4eac-bae6-193390fae32a;394.18;0.01526735;UNKNOWN
2016-03-06T01:00:09.000000;2016-03-06T01:00:09.000000;062ac90f-7056-4010-ae13-2651de23d4cc;394.18;0.16012895;UNKNOWN
2016-03-06T01:00:11.000000;2016-03-06T01:00:11.000000;cd9251bb-2c12-4e32-843e-06a98e7c2a64;394.19;0.35498315;UNKNOWN
2016-03-06T01:00:11.000000;2016-03-06T01:00:11.000000;a109fa23-518e-43f5-967e-079e8506d1c9;394.19;0.63811134;UNKNOWN
2016-03-06T01:00:12.000000;2016-03-06T01:00:12.000000;f07eb8e3-511f-4d59-a105-ff58eaee400b;394.19;0.05639037;UNKNOWN
2016-03-06T01:00:12.000000;2016-03-06T01:00:12.000000;450c60c8-8b24-4b72-9304-009c2f8bbc68;394.19;0.04789192;UNKNOWN
2016-03-06T01:00:12.000000;2016-03-06T01:00:12.000000;a548be01-1316-41f7-80a3-4d3a805f1296;394.19;0.41755597;UNKNOWN
2016-03-06T01:00:15.000000;2016-03-06T01:00:15.000000;ef6157de-7f85-4d5e-b04a-8545f6b6c68e;394.19;0.07773821;UNKNOWN
2016-03-06T01:00:15.000000;2016-03-06T01:00:15.000000;207c4eda-a56c-4dcb-8283-f53685fbba27;394.19;0.09676336;UNKNOWN
2016-03-06T01:00:15.000000;2016-03-06T01:00:15.000000;142518d5-bcb0-4c97-a4c9-7169f327e0fd;394.19;0.01944323;UNKNOWN
2016-03-06T01:00:17.000000;2016-03-06T01:00:17.000000;d6472e89-e7cb-4911-9284-49e501b5ddbb;394.19;0.13021177;UNKNOWN
2016-03-06T01:00:18.000000;2016-03-06T01:00:18.000000;f760b0c3-fa9e-496e-a877-7d80f8e1dd76;394.19;0.01434338;UNKNOWN
2016-03-06T01:00:19.000000;2016-03-06T01:00:19.000000;0010b1bc-95d3-42c9-ac81-b025443f1430;394.19;0.18142865;UNKNOWN
2016-03-06T01:00:21.000000;2016-03-06T01:00:21.000000;cab2ff3d-6992-443d-9596-258d2134badb;394.19;0.34457912;UNKNOWN
2016-03-06T01:00:21.000000;2016-03-06T01:00:21.000000;704ab3f1-3b32-46c6-bff3-509ee4db6e4d;394.19;0.67096788;UNKNOWN
2016-03-06T01:00:21.000000;2016-03-06T01:00:21.000000;597537f8-6909-48fa-876c-b0df5056ce5d;394.19;0.40986872;UNKNOWN
2016-03-06T01:00:22.000000;2016-03-06T01:00:22.000000;15f12262-66a0-43ab-ab83-bf9aea24657e;394.19;0.05549258;UNKNOWN
2016-03-06T01:00:22.000000;2016-03-06T01:00:22.000000;ab5a44bd-6419-4f49-a10e-d29a6ef89595;394.19;0.05022781;UNKNOWN
2016-03-06T01:00:24.000000;2016-03-06T01:00:24.000000;3c235894-19ec-48b8-bf19-4464b2bc8223;394.19;0.02135086;UNKNOWN
2016-03-06T01:00:28.000000;2016-03-06T01:00:28.000000;f421429b-5259-4b59-a333-9be4fdb74486;394.19;0.068614;UNKNOWN
2016-03-06T01:00:58.000000;2016-03-06T01:00:58.000000;e69abc8a-13c9-4135-8bbd-00e5a6af47ca;394.05;0.22855064;UNKNOWN
2016-03-06T01:01:02.000000;2016-03-06T01:01:02.000000;d6d0bc52-82bd-4bd6-82d3-a44a6eedc6a1;394.05;0.16910302;UNKNOWN
2016-03-06T01:01:03.000000;2016-03-06T01:01:03.000000;eb0da58b-b0a9-47c7-a75f-7a40d69995be;394.05;0.36839572;UNKNOWN
2016-03-06T01:01:33.000000;2016-03-06T01:01:33.000000;1f4c87b4-1da7-4b69-b268-a78f9e05400a;394.01;0.10417398;UNKNOWN
2016-03-06T01:01:34.000000;2016-03-06T01:01:34.000000;cebdd126-e38b-4849-a1a9-41ad39e5172e;394.0;0.15792992;UNKNOWN
2016-03-06T01:01:34.000000;2016-03-06T01:01:34.000000;a0dc4c1e-0ddc-4d03-912c-f446cd8f4b0a;394.0;0.01672505;UNKNOWN
2016-03-06T01:01:36.000000;2016-03-06T01:01:36.000000;7d1e973d-55a9-4246-a615-2ed6b0931c73;394.0;0.09168317;UNKNOWN
2016-03-06T01:01:36.000000;2016-03-06T01:01:36.000000;204aad5c-3bb8-4265-89d2-4afff7b3a5be;394.0;0.70678962;UNKNOWN
2016-03-06T01:01:37.000000;2016-03-06T01:01:37.000000;db054d89-7644-4118-8753-132fdef45110;394.0;0.04749883;UNKNOWN
2016-03-06T01:01:37.000000;2016-03-06T01:01:37.000000;1ceefb5b-3693-4e95-8e65-bd7e21c36969;394.0;0.06719129;UNKNOWN
2016-03-06T01:01:38.000000;2016-03-06T01:01:38.000000;75ff06d5-0eff-4de2-b0c0-ef6330d48ca3;394.0;0.39536424;UNKNOWN
2016-03-06T01:01:38.000000;2016-03-06T01:01:38.000000;0856c19f-8b67-46ef-a215-115ea590c24d;394.0;0.01641976;UNKNOWN
2016-03-06T01:01:38.000000;2016-03-06T01:01:38.000000;d7831e9b-e99e-4ffe-97ec-055877ce8e4a;394.0;0.08082778;UNKNOWN
2016-03-06T01:01:39.000000;2016-03-06T01:01:39.000000;4ff6c5df-1cb0-402e-8522-438e65f4ca06;394.0;0.17186976;UNKNOWN
2016-03-06T01:01:40.000000;2016-03-06T01:01:40.000000;fbdb8372-3071-4e30-827c-db38d3e29b81;394.0;0.63128919;UNKNOWN
2016-03-06T01:01:47.000000;2016-03-06T01:01:47.000000;05ab2978-2bb2-4e7f-9a43-b1b6e7a64666;394.0;0.06928578;UNKNOWN
2016-03-06T01:01:47.000000;2016-03-06T01:01:47.000000;7198e2e5-ee18-4930-b07a-768bacfdde9e;394.0;0.01992684;UNKNOWN
2016-03-06T01:01:47.000000;2016-03-06T01:01:47.000000;15fbf2cc-aae2-46a3-a7dd-ed1197aee2c1;394.0;0.05659652;UNKNOWN
2016-03-06T01:01:48.000000;2016-03-06T01:01:48.000000;3eae7660-1fb6-4061-97c3-13d2cf424ec1;394.0;0.35482118;UNKNOWN
2016-03-06T01:01:49.000000;2016-03-06T01:01:49.000000;7729f4f7-6253-4973-8673-96bc3223ea01;394.0;0.08955368;UNKNOWN
2016-03-06T01:01:50.000000;2016-03-06T01:01:50.000000;34c5f8bb-bf94-40c9-ad85-892dc1c11e76;394.0;0.59157184;UNKNOWN
2016-03-06T01:01:50.000000;2016-03-06T01:01:50.000000;8325098d-d4f7-471b-a96f-178c4df4deb3;394.0;0.17796029;UNKNOWN
2016-03-06T01:01:51.000000;2016-03-06T01:01:51.000000;f810ae6a-d280-49a8-9604-fa8af1bfc0be;394.0;0.40247561;UNKNOWN
2016-03-06T01:01:51.000000;2016-03-06T01:01:51.000000;80405d72-d05e-460a-9ee4-bedb660d7e10;394.0;0.07402195;UNKNOWN
2016-03-06T01:01:51.000000;2016-03-06T01:01:51.000000;f01e47a3-89a7-4cdf-bd3c-8e780c07bbd9;394.0;0.0167385;UNKNOWN
2016-03-06T01:01:52.000000;2016-03-06T01:01:52.000000;5712540a-ebf2-4dc6-98ef-3133e88bf600;394.0;0.05948288;UNKNOWN
2016-03-06T01:01:52.000000;2016-03-06T01:01:52.000000;c8be6855-009c-4e7e-b6b4-3cc73f6f538f;394.0;0.04889419;UNKNOWN
2016-03-06T01:01:54.000000;2016-03-06T01:01:54.000000;646fc5eb-ac9b-4be9-8937-e8170cd78fb6;394.0;0.38973411;UNKNOWN
2016-03-06T01:01:57.000000;2016-03-06T01:01:57.000000;1552728d-696d-4821-9974-ef1553946375;394.0;0.0184124;UNKNOWN
2016-03-06T01:01:57.000000;2016-03-06T01:01:57.000000;5c499549-e8c6-4143-b402-417f8be9855a;394.0;0.07413321;UNKNOWN
2016-03-06T01:01:57.000000;2016-03-06T01:01:57.000000;c0f464fe-4b0e-40ff-876a-d485db3875d0;394.0;0.10265767;UNKNOWN
2016-03-06T01:01:59.000000;2016-03-06T01:01:59.000000;7496cce2-45f8-4130-922c-092cb32cbd59;394.0;0.07014474;UNKNOWN
2016-03-06T01:01:59.000000;2016-03-06T01:01:59.000000;62d042f2-8761-4adc-845e-6c6a1c03a17f;393.55;6.9929;UNKNOWN
2016-03-06T01:02:19.000000;2016-03-06T01:02:19.000000;13554f69-6d37-4816-a701-ec791113f46a;393.55;0.10425927;UNKNOWN
2016-03-06T01:02:23.000000;2016-03-06T01:02:23.000000;e28e687c-42db-4e0b-b338-66495fa83f99;393.55;0.00041829;UNKNOWN
2016-03-06T01:02:31.000000;2016-03-06T01:02:31.000000;058a7286-9bae-4824-a382-5bb5b14c836a;393.55;0.10384098;UNKNOWN
2016-03-06T01:02:33.000000;2016-03-06T01:02:33.000000;2ea04790-a47f-4614-a54a-56f35f6c3a78;393.53;0.08207538;UNKNOWN
2016-03-06T01:02:33.000000;2016-03-06T01:02:33.000000;d64d9d78-d0a8-4cc4-a57d-6eecd456e175;393.53;0.254;UNKNOWN
2016-03-06T01:02:33.000000;2016-03-06T01:02:33.000000;c3d8140c-f1fb-405b-85e5-53dc3f04100c;393.54;0.45575162;UNKNOWN
2016-03-06T01:02:33.000000;2016-03-06T01:02:33.000000;5acb5ee6-da06-4405-a6f6-069732e05980;393.53;0.263;UNKNOWN
2016-03-06T01:02:35.000000;2016-03-06T01:02:35.000000;e2039851-f4a7-4d1e-b61f-c121a536cf24;393.55;0.06762022;UNKNOWN
2016-03-06T01:02:36.000000;2016-03-06T01:02:36.000000;8630421c-2e2c-458c-a97d-0c7b3e937d1c;393.54;0.01942797;UNKNOWN
2016-03-06T01:02:41.000000;2016-03-06T01:02:41.000000;996f5885-556e-42de-a919-af2225f63ad7;393.55;0.09657118;UNKNOWN
2016-03-06T01:02:41.000000;2016-03-06T01:02:41.000000;a678068a-9d53-4e52-af60-056aca11e470;393.55;0.01573109;UNKNOWN
2016-03-06T01:02:41.000000;2016-03-06T01:02:41.000000;3f99c947-9031-4b8e-8938-9ed9f1719677;393.55;0.00027129;UNKNOWN
2016-03-06T01:02:47.000000;2016-03-06T01:02:47.000000;05344082-2f66-4660-8ba2-f10d0f63fe2c;393.55;0.11187548;UNKNOWN
2016-03-06T01:02:48.000000;2016-03-06T01:02:48.000000;fb2afc78-4f9a-4ca7-a7fe-a7b8815f89eb;393.54;0.17523407;UNKNOWN
2016-03-06T01:02:49.000000;2016-03-06T01:02:49.000000;cf1f1dac-1e1d-40fa-b6b9-50d650e31d9a;393.54;0.01513253;UNKNOWN
2016-03-06T01:02:51.000000;2016-03-06T01:02:51.000000;7db0b238-47b8-4f5d-b319-6d90d453c1fc;393.55;0.11187548;UNKNOWN
2016-03-06T01:02:53.000000;2016-03-06T01:02:53.000000;d534dfb8-4bda-4b21-b248-fdc8bb6b8daf;393.54;0.0726334;UNKNOWN
2016-03-06T01:02:53.000000;2016-03-06T01:02:53.000000;dbe4b405-c852-4b85-96df-f0d9f8db509c;393.54;0.264;UNKNOWN
2016-03-06T01:02:53.000000;2016-03-06T01:02:53.000000;21221065-6d61-40f1-aa76-1fcdad92b416;393.54;0.261;UNKNOWN
2016-03-06T01:02:53.000000;2016-03-06T01:02:53.000000;0081cd78-18cf-4afe-9443-91f37f2dc6c1;393.54;0.263;UNKNOWN
2016-03-06T01:02:53.000000;2016-03-06T01:02:53.000000;57d3b8cb-e8ca-43e5-a277-9c1449f992ed;393.54;0.503;UNKNOWN
2016-03-06T01:02:53.000000;2016-03-06T01:02:53.000000;eb99d077-b6c4-466f-abdb-e5cd9ca37a2b;393.54;0.265;UNKNOWN
2016-03-06T01:02:53.000000;2016-03-06T01:02:53.000000;4b23949f-9c62-447d-9146-480d6a8875ec;393.54;0.264;UNKNOWN
2016-03-06T01:02:53.000000;2016-03-06T01:02:53.000000;3c093143-eabb-49b5-9da0-5945ffae1016;393.54;0.264;UNKNOWN
2016-03-06T01:02:53.000000;2016-03-06T01:02:53.000000;2a72d8e5-5aea-4a96-8dbe-53a9cf99f1c1;393.54;0.265;UNKNOWN
2016-03-06T01:02:56.000000;2016-03-06T01:02:56.000000;d7c21f04-4dbd-44f2-9636-faf93b468853;393.54;0.11187548;UNKNOWN
2016-03-06T01:03:07.000000;2016-03-06T01:03:07.000000;e49e2c85-3cd6-42ab-945d-626fe53b0ec1;393.52;0.06993002;UNKNOWN
2016-03-06T01:03:08.000000;2016-03-06T01:03:08.000000;05ed4b8c-2ec5-40c2-b3da-029b1282adf0;393.52;0.03016998;UNKNOWN
2016-03-06T01:03:08.000000;2016-03-06T01:03:08.000000;a2b0c7c0-5aa5-452d-be49-a8457d9f1c15;393.52;0.05945788;UNKNOWN
2016-03-06T01:03:11.000000;2016-03-06T01:03:11.000000;92133c65-b7ab-4cb1-a7a4-2bb307b0b22e;393.52;0.00917012;UNKNOWN
2016-03-06T01:03:20.000000;2016-03-06T01:03:20.000000;7bfe7b28-b4b7-4ba5-a649-0aa22060bf14;393.52;0.01590488;UNKNOWN
2016-03-06T01:03:21.000000;2016-03-06T01:03:21.000000;804cce2a-d681-4f21-b457-236d2ae5a2df;393.52;0.68849061;UNKNOWN
2016-03-06T01:03:21.000000;2016-03-06T01:03:21.000000;282109cc-be3f-4564-900b-df53337c92a2;393.52;0.1795863;UNKNOWN
2016-03-06T01:03:21.000000;2016-03-06T01:03:21.000000;1924b69d-7919-4e6a-8740-922d3895721a;393.52;0.07208798;UNKNOWN
2016-03-06T01:03:21.000000;2016-03-06T01:03:21.000000;b4b9e569-9100-4f59-983b-0cf44503e6de;393.52;0.05983511;UNKNOWN
2016-03-06T01:03:24.000000;2016-03-06T01:03:24.000000;f7d68761-1ce6-4a3b-96ee-c762cee625d3;393.5;0.08591939;UNKNOWN
2016-03-06T01:03:30.000000;2016-03-06T01:03:30.000000;c45ff52c-20f3-4cfb-93b8-61143958ddcb;393.51;0.01;UNKNOWN
2016-03-06T01:03:31.000000;2016-03-06T01:03:31.000000;dc1378c2-e18f-42a5-b46d-96a0f8a46351;393.51;0.01627848;UNKNOWN
2016-03-06T01:03:31.000000;2016-03-06T01:03:31.000000;184268df-7bb5-4d12-bfa3-60b24f959a53;393.51;0.74645227;UNKNOWN
2016-03-06T01:03:32.000000;2016-03-06T01:03:32.000000;8678f772-e37a-4554-89f7-c8706aad8ac1;393.51;0.16683086;UNKNOWN
2016-03-06T01:03:34.000000;2016-03-06T01:03:34.000000;6a67616a-a162-47df-b49b-501955a54013;393.51;0.07212291;UNKNOWN
2016-03-06T01:03:36.000000;2016-03-06T01:03:36.000000;35f718e7-b76d-4605-8918-912240029831;393.51;0.07919102;UNKNOWN
2016-03-06T01:03:38.000000;2016-03-06T01:03:38.000000;1af8250f-b1f1-402f-88f6-6638f489947a;393.51;0.01611644;UNKNOWN
2016-03-06T01:03:39.000000;2016-03-06T01:03:39.000000;07314b65-0c73-4da8-97bc-a36559f8852a;393.51;0.19616109;UNKNOWN
2016-03-06T01:03:39.000000;2016-03-06T01:03:39.000000;05a7b80a-15d8-4465-983d-c7a2095d128b;393.51;0.42376353;UNKNOWN
2016-03-06T01:03:41.000000;2016-03-06T01:03:41.000000;aaabfb91-4354-4f2a-bd9e-38397127976f;393.51;0.68221298;UNKNOWN
2016-03-06T01:03:41.000000;2016-03-06T01:03:41.000000;cf9cc26d-07d7-4008-81af-54fcb26fbf85;393.51;0.05974261;UNKNOWN
2016-03-06T01:03:42.000000;2016-03-06T01:03:42.000000;db10e437-462f-42f3-b931-784c978d4852;393.51;0.06400672;UNKNOWN
2016-03-06T01:03:45.000000;2016-03-06T01:03:45.000000;4a5769bc-d11c-4e3b-98ea-29d44f63e1d1;393.51;0.08410402;UNKNOWN
2016-03-06T01:03:47.000000;2016-03-06T01:03:47.000000;91b76f9a-7e39-49d1-b9f5-fb82b3088842;393.51;0.13196165;UNKNOWN
2016-03-06T01:03:47.000000;2016-03-06T01:03:47.000000;a19a7fec-8a7b-45ef-881b-cb43155ce946;393.51;0.38301707;UNKNOWN
2016-03-06T01:03:48.000000;2016-03-06T01:03:48.000000;8c57f1f0-8488-4bd0-a167-eba9398103d8;393.51;0.01743857;UNKNOWN
2016-03-06T01:03:48.000000;2016-03-06T01:03:48.000000;a1da41dc-36ad-44fc-ab67-f78b9c0f1cee;393.52;0.01597175;UNKNOWN
2016-03-06T01:03:48.000000;2016-03-06T01:03:48.000000;a6a40e60-5345-436e-84c8-dd275914221f;393.51;0.17675063;UNKNOWN
2016-03-06T01:03:49.000000;2016-03-06T01:03:49.000000;c23edc93-f06d-4b39-86aa-765aeda9427b;393.51;0.10269956;UNKNOWN
2016-03-06T01:03:49.000000;2016-03-06T01:03:49.000000;e72205b5-eb54-45fc-b80a-cc445743583a;393.52;0.01597175;UNKNOWN
2016-03-06T01:03:50.000000;2016-03-06T01:03:50.000000;e0232543-42c4-46ce-8370-5daa03ec67b1;393.51;0.02341128;UNKNOWN
2016-03-06T01:03:51.000000;2016-03-06T01:03:51.000000;57dbd8d6-e5a0-4ffd-81d4-3d7bcf4a9ec5;393.52;0.01597175;UNKNOWN
2016-03-06T01:03:51.000000;2016-03-06T01:03:51.000000;e7d95656-16d1-4396-b64f-67e4c1600c69;393.51;0.6647235;UNKNOWN
2016-03-06T01:03:52.000000;2016-03-06T01:03:52.000000;406625f7-e75c-48da-90e4-a0a484d64653;393.51;0.43989707;UNKNOWN
2016-03-06T01:03:52.000000;2016-03-06T01:03:52.000000;eeaa189b-9661-4b5b-8102-f619e38d9e63;393.51;0.07222678;UNKNOWN
2016-03-06T01:03:52.000000;2016-03-06T01:03:52.000000;5d8ef692-a848-474a-a665-127c0155eb5f;393.51;0.05362893;UNKNOWN
2016-03-06T01:03:52.000000;2016-03-06T01:03:52.000000;f23c704d-1e32-4016-b619-ee83b2883b4e;393.51;0.42568807;UNKNOWN
2016-03-06T01:03:55.000000;2016-03-06T01:03:55.000000;a2a1d217-3805-4560-a69c-67f67f1eb291;393.51;0.02163724;UNKNOWN
2016-03-06T01:03:55.000000;2016-03-06T01:03:55.000000;f3ff4f3e-4d30-4e67-aaf8-07c616cb4b3c;393.51;0.08893651;UNKNOWN
2016-03-06T01:03:56.000000;2016-03-06T01:03:56.000000;46250ba0-1a9f-4652-a540-c976e87ace0d;393.51;0.08934233;UNKNOWN
2016-03-06T01:03:59.000000;2016-03-06T01:03:59.000000;7eb90ee1-ea04-4743-bca2-c7248b547caa;393.51;0.01711112;UNKNOWN
2016-03-06T01:04:00.000000;2016-03-06T01:04:00.000000;b460970f-1690-413e-aa55-348c0ca48146;393.51;0.67454676;UNKNOWN
2016-03-06T01:04:02.000000;2016-03-06T01:04:02.000000;7505d711-f732-422f-bc86-a6ac0b904dc5;393.51;0.50991713;UNKNOWN
2016-03-06T01:04:02.000000;2016-03-06T01:04:02.000000;de98188f-6550-4634-ad9b-9cfa205eadf1;393.51;0.03709525;UNKNOWN
2016-03-06T01:04:02.000000;2016-03-06T01:04:02.000000;c31a37ff-4d45-4a27-8513-cda12b218c78;393.51;0.35647474;UNKNOWN
2016-03-06T01:04:02.000000;2016-03-06T01:04:02.000000;696110d0-f0b0-428f-b3d1-d6b6af68fa3f;393.51;0.19252325;UNKNOWN
2016-03-06T01:04:02.000000;2016-03-06T01:04:02.000000;821ac93d-63d2-4c5f-a9cc-a83076721af6;393.51;0.06211382;UNKNOWN
2016-03-06T01:04:03.000000;2016-03-06T01:04:03.000000;d7563abd-c377-4446-b5a3-4adebff66c70;393.51;0.05959836;UNKNOWN
2016-03-06T01:04:07.000000;2016-03-06T01:04:07.000000;e07f284d-6d70-42b0-847b-601e2800befb;393.51;0.09513051;UNKNOWN
2016-03-06T01:04:07.000000;2016-03-06T01:04:07.000000;f974cc7b-cd2b-4adf-86b6-275b8d1f55fa;393.51;0.0225254;UNKNOWN
2016-03-06T01:04:09.000000;2016-03-06T01:04:09.000000;d86519e3-36ea-40aa-bc83-5254ddd9b013;393.51;0.1029709;UNKNOWN
2016-03-06T01:04:11.000000;2016-03-06T01:04:11.000000;00992a31-3814-4c64-9f5f-d2377a7c90d8;393.51;0.42236606;UNKNOWN
2016-03-06T01:04:11.000000;2016-03-06T01:04:11.000000;62594d81-d65e-447e-bc68-c61ff68719f9;393.51;0.63958662;UNKNOWN
2016-03-06T01:04:11.000000;2016-03-06T01:04:11.000000;22a7d6d8-4119-44bc-8126-ae756af7312d;393.51;0.18636331;UNKNOWN
2016-03-06T01:04:11.000000;2016-03-06T01:04:11.000000;00773f49-9db7-4129-a82c-ca6356d8b7b5;393.51;0.06758096;UNKNOWN
2016-03-06T01:04:12.000000;2016-03-06T01:04:12.000000;a21a4a76-d34e-452d-b697-65bc2ace2f6e;393.51;0.24575369;UNKNOWN
2016-03-06T01:04:27.000000;2016-03-06T01:04:27.000000;36745fe5-6e29-45b7-9e5f-a52eff15b12c;393.51;0.02250976;UNKNOWN
2016-03-06T01:04:29.000000;2016-03-06T01:04:29.000000;7b26cdfe-629f-443b-b6dc-cf182d7d80b0;393.51;0.05966851;UNKNOWN
2016-03-06T01:04:31.000000;2016-03-06T01:04:31.000000;f0a866ee-64fd-4726-8abd-cc94fc4461c7;393.51;0.05966808;UNKNOWN
2016-03-06T01:04:33.000000;2016-03-06T01:04:33.000000;eb8ba413-66bd-4915-a035-0e378227f67b;393.51;0.05542568;UNKNOWN
2016-03-06T01:04:33.000000;2016-03-06T01:04:33.000000;ec75ce97-b899-4e7c-b096-d9b4a4c3d3a4;393.51;0.00424282;UNKNOWN
2016-03-06T01:04:33.000000;2016-03-06T01:04:33.000000;1efc0c57-ae7b-4ed0-be37-0659d96c59c2;393.51;0.05966851;UNKNOWN
2016-03-06T01:04:41.000000;2016-03-06T01:04:41.000000;1a771292-24d3-463f-93e9-206fe9e9476b;393.5;0.46670111;UNKNOWN
2016-03-06T01:04:44.000000;2016-03-06T01:04:44.000000;270f75cb-c6a7-4c12-8356-4057b28cea5d;393.5;0.01905176;UNKNOWN
2016-03-06T01:04:45.000000;2016-03-06T01:04:45.000000;77f45407-666e-4eca-b1cc-9606973820de;393.5;0.05381824;UNKNOWN
2016-03-06T01:04:48.000000;2016-03-06T01:04:48.000000;8390ce4e-4f29-46eb-bdc8-0e16707e3a49;393.5;0.02417416;UNKNOWN
2016-03-06T01:04:48.000000;2016-03-06T01:04:48.000000;54cb18fc-906c-4d90-a6d4-cd68623b9a39;393.5;0.09063979;UNKNOWN
2016-03-06T01:04:48.000000;2016-03-06T01:04:48.000000;86bc03ad-f85d-4473-aacd-eb43c4d9417d;393.5;0.01803838;UNKNOWN
2016-03-06T01:04:50.000000;2016-03-06T01:04:50.000000;12e9ac2b-9533-4b10-8391-436dd3036854;393.5;0.10395219;UNKNOWN
2016-03-06T01:04:52.000000;2016-03-06T01:04:52.000000;9e4070ea-2c04-49a4-90a1-af395a1a4119;393.5;0.16974319;UNKNOWN
2016-03-06T01:04:53.000000;2016-03-06T01:04:53.000000;4814150e-8b25-45ff-9d1a-0b26a3c532d3;393.5;0.48517518;UNKNOWN
2016-03-06T01:04:53.000000;2016-03-06T01:04:53.000000;12d007fa-8927-408a-a170-0490ab8485af;393.5;0.7617525;UNKNOWN
2016-03-06T01:04:53.000000;2016-03-06T01:04:53.000000;f6775c37-12e5-49a4-ab02-c2de78fa7e4d;393.5;0.06236668;UNKNOWN
2016-03-06T01:04:54.000000;2016-03-06T01:04:54.000000;7dadf8d6-d003-4593-8f36-d8ed2d92d361;393.5;0.38328009;UNKNOWN
2016-03-06T01:04:54.000000;2016-03-06T01:04:54.000000;5e1936d2-85a2-4370-bd61-4520086aba70;393.5;0.06488549;UNKNOWN
2016-03-06T01:04:55.000000;2016-03-06T01:04:55.000000;37dbe89e-452c-4c75-a1c8-213ca6cca8b4;393.5;0.02107172;UNKNOWN
2016-03-06T01:04:56.000000;2016-03-06T01:04:56.000000;0ca1e093-5b22-4eed-b9db-89836bd997bb;393.5;0.09769774;UNKNOWN
2016-03-06T01:04:56.000000;2016-03-06T01:04:56.000000;8e2202dd-02fc-40b9-a9b3-26e7e35db91f;393.5;0.09338768;UNKNOWN
2016-03-06T01:04:58.000000;2016-03-06T01:04:58.000000;8479f4c8-03f0-425f-828f-95ffb4b969a0;393.5;0.01926105;UNKNOWN
2016-03-06T01:04:58.000000;2016-03-06T01:04:58.000000;73a687fd-1d23-4dbc-be94-db7b5ee58d6c;393.5;0.18574438;UNKNOWN
