time_exchange;time_coinpai;guid;price;base_amount;taker_side
2016-04-09T00:00:07.000000;2016-04-09T00:00:07.000000;ad7be59c-9205-4760-8af7-af513fbab76a;418.23;0.01744077;UNKNOWN
2016-04-09T00:00:10.000000;2016-04-09T00:00:10.000000;c1b591de-001c-43aa-b6e8-95a555578d2e;418.22;0.01744077;UNKNOWN
2016-04-09T00:00:46.000000;2016-04-09T00:00:46.000000;bc2fefa9-e053-4695-ba57-e9d16171f147;418.34;0.24;UNKNOWN
2016-04-09T00:00:46.000000;2016-04-09T00:00:46.000000;3de32815-87de-4426-be22-62cd9bfb761c;418.49;1.8498;UNKNOWN
2016-04-09T00:00:55.000000;2016-04-09T00:00:55.000000;59153a13-adf9-42b8-865d-5ad710170937;418.73;1.0;UNKNOWN
2016-04-09T00:01:34.000000;2016-04-09T00:01:34.000000;3a7b03f5-c9a8-4bb4-9dbb-889f24c82384;418.63;0.5974;UNKNOWN
2016-04-09T00:01:34.000000;2016-04-09T00:01:34.000000;21a9c89a-b19b-4bef-9bbb-bc48981b88cc;418.63;0.5;UNKNOWN
2016-04-09T00:02:14.000000;2016-04-09T00:02:14.000000;9235f3f2-9fa8-49bf-bb72-8d9eac6bfc67;418.75;2.13826407;UNKNOWN
2016-04-09T00:02:14.000000;2016-04-09T00:02:14.000000;2d6d402e-cce9-49bc-9571-aab490c62668;418.41;0.24803593;UNKNOWN
2016-04-09T00:03:18.000000;2016-04-09T00:03:18.000000;95f5c1bf-8361-42a9-ba93-26453b19079c;418.53;0.2363031;UNKNOWN
2016-04-09T00:03:51.000000;2016-04-09T00:03:51.000000;195e9e47-2d24-4c29-bd14-ad931e59cf3f;418.76;4.5325;UNKNOWN
2016-04-09T00:03:51.000000;2016-04-09T00:03:51.000000;56ea11da-b05b-4937-8d1d-ca29da4b71b9;418.56;2.87422877;UNKNOWN
2016-04-09T00:03:51.000000;2016-04-09T00:03:51.000000;4337ea23-7f10-446b-a913-8a98598e8271;418.74;0.239;UNKNOWN
2016-04-09T00:04:14.000000;2016-04-09T00:04:14.000000;9ccbd1dc-7cef-403e-9efa-84c627c19083;418.74;0.42716351;UNKNOWN
2016-04-09T00:04:14.000000;2016-04-09T00:04:14.000000;ad9c7b2f-a826-4526-91b5-c079d0b3760e;418.74;0.01270338;UNKNOWN
2016-04-09T00:04:14.000000;2016-04-09T00:04:14.000000;6ddcf1db-c297-4e7f-b61d-0e0586d7837b;418.74;0.239;UNKNOWN
2016-04-09T00:04:26.000000;2016-04-09T00:04:26.000000;eae52592-8fc0-4731-9e1b-f2c14cd991ab;418.76;0.01270338;UNKNOWN
2016-04-09T00:05:19.000000;2016-04-09T00:05:19.000000;61258987-bb15-4db0-bbe4-df1a765bed39;418.71;3.0;UNKNOWN
2016-04-09T00:05:19.000000;2016-04-09T00:05:19.000000;e3494241-0c53-41be-87dc-cce146f7d1ac;418.71;0.5;UNKNOWN
2016-04-09T00:05:19.000000;2016-04-09T00:05:19.000000;234841ee-1155-45e2-825f-198bf49383ff;418.72;4.5;UNKNOWN
2016-04-09T00:06:11.000000;2016-04-09T00:06:11.000000;ff263d3c-6208-4c45-9d83-72d9ad0192b8;418.74;0.5;UNKNOWN
2016-04-09T00:06:11.000000;2016-04-09T00:06:11.000000;7331b83b-24bc-4b33-8de2-3f30950c2008;418.75;0.9;UNKNOWN
2016-04-09T00:07:18.000000;2016-04-09T00:07:18.000000;d9d45ebd-8cdd-40ee-b2bc-a7b643613e40;418.47;0.11774501;UNKNOWN
2016-04-09T00:08:14.000000;2016-04-09T00:08:14.000000;fa3602b8-efff-41f2-92b0-fcacbd6473a6;418.47;0.0694365;UNKNOWN
2016-04-09T00:09:22.000000;2016-04-09T00:09:22.000000;0aa50a98-b473-44e2-a795-2e308baab42d;418.47;0.03;UNKNOWN
2016-04-09T00:11:18.000000;2016-04-09T00:11:18.000000;7d59ad41-0291-4fba-be90-1875a918abf1;418.47;0.08291646;UNKNOWN
2016-04-09T00:11:18.000000;2016-04-09T00:11:18.000000;c1c9a2d7-4658-413b-a514-d71235a1a1f8;418.6;0.1536;UNKNOWN
2016-04-09T00:11:34.000000;2016-04-09T00:11:34.000000;ee51270f-4aa9-438b-a430-ea3f48534200;418.47;0.72072831;UNKNOWN
2016-04-09T00:11:37.000000;2016-04-09T00:11:37.000000;eb1eae58-5848-4f95-a4cf-836ea0620725;418.64;0.31500144;UNKNOWN
2016-04-09T00:13:58.000000;2016-04-09T00:13:58.000000;a58640f5-1895-4421-b874-d9f2b5d50a37;418.41;0.05986115;UNKNOWN
2016-04-09T00:16:05.000000;2016-04-09T00:16:05.000000;4689743f-39f3-4910-9fd5-6eb8c07c09b3;418.42;0.1;UNKNOWN
2016-04-09T00:16:14.000000;2016-04-09T00:16:14.000000;6c3174e9-c339-4426-b1a7-938ae6654891;418.41;0.4499;UNKNOWN
2016-04-09T00:17:47.000000;2016-04-09T00:17:47.000000;859a743e-35bb-4a20-b208-858d246f10e4;418.41;0.79607633;UNKNOWN
2016-04-09T00:17:47.000000;2016-04-09T00:17:47.000000;7523444b-2726-4527-a4c2-a6350e072bfd;418.07;0.01;UNKNOWN
2016-04-09T00:17:47.000000;2016-04-09T00:17:47.000000;94b6cbb2-8954-4137-a791-a02b595d32ab;418.07;5.10662367;UNKNOWN
2016-04-09T00:17:49.000000;2016-04-09T00:17:49.000000;8858cb9d-d9dc-481e-8677-622b8bfe9dda;418.01;7.87426031;UNKNOWN
2016-04-09T00:17:58.000000;2016-04-09T00:17:58.000000;3a427d64-059c-4e55-adbe-24483226e720;418.01;0.05986974;UNKNOWN
2016-04-09T00:18:10.000000;2016-04-09T00:18:10.000000;d85b88ef-b909-4567-9af9-fa537fc4836a;418.01;1.31503138;UNKNOWN
2016-04-09T00:18:23.000000;2016-04-09T00:18:23.000000;01b1960f-a401-4e8f-ad10-de47b8fa0a4f;418.0;19.40289357;UNKNOWN
2016-04-09T00:18:23.000000;2016-04-09T00:18:23.000000;ff4c73f1-9474-44e9-a864-cb30a5120273;418.01;0.59710643;UNKNOWN
2016-04-09T00:18:31.000000;2016-04-09T00:18:31.000000;705a28f8-a758-4ef0-8b70-3f617c9d2d07;417.99;0.2026;UNKNOWN
2016-04-09T00:18:31.000000;2016-04-09T00:18:31.000000;4802a548-6ea9-48c3-9c47-84e0e8985658;418.0;0.58710643;UNKNOWN
2016-04-09T00:18:31.000000;2016-04-09T00:18:31.000000;7a0c70fa-791e-4865-8e55-b602c8de8e1a;417.52;3.0;UNKNOWN
2016-04-09T00:18:31.000000;2016-04-09T00:18:31.000000;2bb5de71-e272-44b3-8ac0-a2b68dce815f;417.9;0.3282;UNKNOWN
2016-04-09T00:18:31.000000;2016-04-09T00:18:31.000000;80139f64-9b0e-4e76-9d40-f348e5f94aa7;417.54;5.9229;UNKNOWN
2016-04-09T00:18:31.000000;2016-04-09T00:18:31.000000;58915ce5-47a0-4d07-bf07-a84b395fd1e3;417.52;12.95919357;UNKNOWN
2016-04-09T00:18:38.000000;2016-04-09T00:18:38.000000;0cfc3740-f159-49e7-9b25-5193ed1b360f;417.52;0.35921845;UNKNOWN
2016-04-09T00:21:04.000000;2016-04-09T00:21:04.000000;cdf98eda-b013-420b-b044-c813cb4e83d6;417.54;0.0849;UNKNOWN
2016-04-09T00:22:01.000000;2016-04-09T00:22:01.000000;59564f2e-7432-4ba3-8043-8cbc96a46358;417.51;0.5648;UNKNOWN
2016-04-09T00:22:01.000000;2016-04-09T00:22:01.000000;7772efae-27df-4760-beb7-2175441f9450;417.55;5.9352;UNKNOWN
2016-04-09T00:24:06.000000;2016-04-09T00:24:06.000000;d60ed80f-ec41-4efd-8768-77ab4a6f87a6;417.53;0.05999593;UNKNOWN
2016-04-09T00:24:38.000000;2016-04-09T00:24:38.000000;13ca5f20-876c-4f72-ae74-842628fc8b7e;417.53;0.33597723;UNKNOWN
2016-04-09T00:26:12.000000;2016-04-09T00:26:12.000000;cb08f433-a6aa-487e-bd54-1f88e5e450f8;417.64;0.0196;UNKNOWN
2016-04-09T00:26:14.000000;2016-04-09T00:26:14.000000;745d497d-2695-4e4a-ab03-fd6f663a242e;417.64;0.03930809;UNKNOWN
2016-04-09T00:27:01.000000;2016-04-09T00:27:01.000000;b53b4787-c1df-4dcf-9cf6-f4f0210f07dc;417.79;0.7;UNKNOWN
2016-04-09T00:27:33.000000;2016-04-09T00:27:33.000000;89a3019a-62d2-4128-bca3-c80483536478;417.77;5.9334;UNKNOWN
2016-04-09T00:27:33.000000;2016-04-09T00:27:33.000000;af16aa63-c791-48f6-989e-9fca02c5ec6f;417.78;1.0;UNKNOWN
2016-04-09T00:28:09.000000;2016-04-09T00:28:09.000000;217a1d41-8ec6-466b-a9cf-2962e581274e;417.99;0.4364;UNKNOWN
2016-04-09T00:28:14.000000;2016-04-09T00:28:14.000000;34cd31e9-a145-4ed8-84fc-4229ddba2d0c;417.85;0.0591531;UNKNOWN
2016-04-09T00:29:11.000000;2016-04-09T00:29:11.000000;be2407f7-b1f7-456c-982b-5750825638f0;417.83;0.27242931;UNKNOWN
2016-04-09T00:30:20.000000;2016-04-09T00:30:20.000000;5f648302-fcc6-4fad-a16f-0bf6b3636d41;417.98;0.06;UNKNOWN
2016-04-09T00:30:20.000000;2016-04-09T00:30:20.000000;421d962f-25ea-4565-b7cd-1a5eeaa96411;417.99;0.94;UNKNOWN
2016-04-09T00:30:31.000000;2016-04-09T00:30:31.000000;efa951a6-2589-4939-b9d8-1f9947ed4b80;417.83;0.26138192;UNKNOWN
2016-04-09T00:30:56.000000;2016-04-09T00:30:56.000000;0fad6a40-265f-4d25-99a9-05ac327912bd;417.99;5.0;UNKNOWN
2016-04-09T00:30:56.000000;2016-04-09T00:30:56.000000;376c26da-d9fd-4ea9-bb1e-b2fa297fb8e9;418.35;0.58657208;UNKNOWN
2016-04-09T00:30:56.000000;2016-04-09T00:30:56.000000;2ca429c8-5827-44eb-8e1e-3ebc281cdf8c;417.99;1.5836;UNKNOWN
2016-04-09T00:31:05.000000;2016-04-09T00:31:05.000000;36221baf-58b5-44a3-a623-1c0134073bb1;418.47;3.0;UNKNOWN
2016-04-09T00:31:11.000000;2016-04-09T00:31:11.000000;71173d78-8417-41fc-8383-e51ab964e30d;418.01;0.13;UNKNOWN
2016-04-09T00:31:26.000000;2016-04-09T00:31:26.000000;51da8402-c691-4c21-b34a-7f4ed803aa74;418.07;0.35;UNKNOWN
2016-04-09T00:32:51.000000;2016-04-09T00:32:51.000000;8d937146-30ad-4915-80aa-e8d9089f3895;418.2;0.1534464;UNKNOWN
2016-04-09T00:34:14.000000;2016-04-09T00:34:14.000000;fbb630a6-cda1-452a-8d20-d1711cd21d75;418.2;0.07106851;UNKNOWN
2016-04-09T00:34:46.000000;2016-04-09T00:34:46.000000;ebf99686-8f26-43ff-ad47-ef9e91c50382;418.2;0.11981968;UNKNOWN
2016-04-09T00:36:24.000000;2016-04-09T00:36:24.000000;bbced9a0-5093-4ea3-b73e-733bbe8ad8e5;418.48;0.8337;UNKNOWN
2016-04-09T00:38:06.000000;2016-04-09T00:38:06.000000;374919ff-f205-4614-8aa4-ece4679964d0;418.3;0.07187289;UNKNOWN
2016-04-09T00:41:09.000000;2016-04-09T00:41:09.000000;d541d78d-47d9-4392-a779-cd240c65012c;418.46;5.9103;UNKNOWN
2016-04-09T00:41:09.000000;2016-04-09T00:41:09.000000;c87351ef-20a7-4296-8a36-9a96fe0392a5;418.48;10.8507;UNKNOWN
2016-04-09T00:41:09.000000;2016-04-09T00:41:09.000000;c2fa94e3-7043-4157-a348-95e7b2b7f35d;418.45;0.239;UNKNOWN
2016-04-09T00:42:58.000000;2016-04-09T00:42:58.000000;6f66ac6f-7d1f-49d1-894a-a6692bc5ae5e;418.48;0.01;UNKNOWN
2016-04-09T00:43:08.000000;2016-04-09T00:43:08.000000;37ccc7d0-89e6-4fd0-a720-52eb5a999376;418.48;6.3056;UNKNOWN
2016-04-09T00:43:08.000000;2016-04-09T00:43:08.000000;f0be5cea-0a4b-4c8f-84dd-5ef7b60ccb34;418.49;9.99;UNKNOWN
2016-04-09T00:43:18.000000;2016-04-09T00:43:18.000000;43a70fec-5aa8-4c0b-8016-864e4a8828c1;418.5;0.239;UNKNOWN
2016-04-09T00:44:02.000000;2016-04-09T00:44:02.000000;47c8b230-5528-4019-b92e-9c0f44a2a3d5;418.5;0.05290624;UNKNOWN
2016-04-09T00:44:14.000000;2016-04-09T00:44:14.000000;85c53b87-90dd-407d-9be2-5ac57351c2f2;418.5;0.18240047;UNKNOWN
2016-04-09T00:44:32.000000;2016-04-09T00:44:32.000000;29017bcf-7c11-4693-83d8-780926a196aa;418.5;3.23;UNKNOWN
2016-04-09T00:44:40.000000;2016-04-09T00:44:40.000000;3783d16f-803c-4370-9f15-c51e1d9fca5c;418.5;9.329e-05;UNKNOWN
2016-04-09T00:44:40.000000;2016-04-09T00:44:40.000000;b42692f5-b9db-4b79-a3a4-83110cca6e36;418.35;5.9407;UNKNOWN
2016-04-09T00:44:40.000000;2016-04-09T00:44:40.000000;d1035295-d002-4e05-8948-e07a50bb10ff;418.02;0.99260671;UNKNOWN
2016-04-09T00:44:47.000000;2016-04-09T00:44:47.000000;95987321-5f32-414f-afe4-3aaa01777167;418.01;0.01928455;UNKNOWN
2016-04-09T00:49:35.000000;2016-04-09T00:49:35.000000;95b10513-e7d0-46b6-b438-90aacc79c96e;418.22;0.05;UNKNOWN
2016-04-09T00:50:20.000000;2016-04-09T00:50:20.000000;726e2b58-4337-409a-9a3a-8b3bf62c5b22;418.03;0.0511993;UNKNOWN
2016-04-09T00:50:32.000000;2016-04-09T00:50:32.000000;7ba92003-beb5-42ed-8816-e95f6ee9a142;418.03;0.03406797;UNKNOWN
2016-04-09T00:50:33.000000;2016-04-09T00:50:33.000000;c20039d1-d099-40b0-b51b-4333db00cccc;418.03;0.01856945;UNKNOWN
2016-04-09T00:50:33.000000;2016-04-09T00:50:33.000000;43243e06-27ed-4740-a681-690222649a91;418.03;0.0103;UNKNOWN
2016-04-09T00:50:45.000000;2016-04-09T00:50:45.000000;13f7d7c9-ff13-40f7-bf78-03d8c92bf651;418.0;1.80073962;UNKNOWN
2016-04-09T00:50:45.000000;2016-04-09T00:50:45.000000;2b06eeba-4c65-4684-8b44-8e400ca3a911;418.01;9.97071545;UNKNOWN
2016-04-09T00:51:18.000000;2016-04-09T00:51:18.000000;68576342-7133-4ef0-8fc3-79d969e31903;418.0;0.11977482;UNKNOWN
2016-04-09T00:51:34.000000;2016-04-09T00:51:34.000000;49dbcf32-72af-4ad7-8d51-669ac9a9d5d2;418.0;0.35955357;UNKNOWN
2016-04-09T00:51:56.000000;2016-04-09T00:51:56.000000;78c37d70-bee8-4a02-9206-a8c3b2fffcd6;418.01;0.01725784;UNKNOWN
2016-04-09T00:52:00.000000;2016-04-09T00:52:00.000000;f1db0fad-d1ee-487f-8763-5198465e579a;417.51;4.28006801;UNKNOWN
2016-04-09T00:52:00.000000;2016-04-09T00:52:00.000000;81639f90-fde0-41b8-93fb-eca4b3530c0f;418.0;0.71993199;UNKNOWN
2016-04-09T00:52:14.000000;2016-04-09T00:52:14.000000;59219368-8774-454d-9401-8e65f74ef211;416.7;0.94106672;UNKNOWN
2016-04-09T00:52:14.000000;2016-04-09T00:52:14.000000;242efd13-b75d-4605-81e3-c23c8c0aba95;417.01;2.10852329;UNKNOWN
2016-04-09T00:52:14.000000;2016-04-09T00:52:14.000000;cd9fd4ee-32d8-4003-9fc0-150a2a1cbe71;417.1;0.7;UNKNOWN
2016-04-09T00:52:14.000000;2016-04-09T00:52:14.000000;592bd4ac-50fe-4fe6-a4dd-c02798a54944;417.0;19.99;UNKNOWN
2016-04-09T00:52:14.000000;2016-04-09T00:52:14.000000;a6ac45e7-a974-45de-b191-98f6ec25d9df;417.29;0.064616;UNKNOWN
2016-04-09T00:52:14.000000;2016-04-09T00:52:14.000000;7f28758f-f2d7-4fb9-85bc-0a6ef225e36f;416.7;0.05;UNKNOWN
2016-04-09T00:52:14.000000;2016-04-09T00:52:14.000000;c2fd8fa6-2079-44be-b17a-a3a30885e4c7;417.0;5.0;UNKNOWN
2016-04-09T00:52:14.000000;2016-04-09T00:52:14.000000;dce735be-dc8e-4363-8ad4-07780d06a81e;417.01;9.99;UNKNOWN
2016-04-09T00:52:14.000000;2016-04-09T00:52:14.000000;226ebd6e-8b38-4db4-b1ce-826043245613;417.08;1.0;UNKNOWN
2016-04-09T00:52:14.000000;2016-04-09T00:52:14.000000;baf5638f-0f01-4a58-b2d3-4382423d3515;417.12;0.010662;UNKNOWN
2016-04-09T00:52:14.000000;2016-04-09T00:52:14.000000;686ad13f-a1b7-43e7-b894-924c77324025;417.51;5.14513199;UNKNOWN
2016-04-09T00:52:14.000000;2016-04-09T00:52:14.000000;f85df640-2abc-434d-9b49-517ce5b8df2f;417.5;5.0;UNKNOWN
2016-04-09T00:52:20.000000;2016-04-09T00:52:20.000000;b0348224-0a87-4e20-8ac6-efaefa0983f9;416.7;5.0;UNKNOWN
2016-04-09T00:53:18.000000;2016-04-09T00:53:18.000000;42e3e850-64b5-43e4-b72d-ff564af3b2a5;416.71;0.47307807;UNKNOWN
2016-04-09T00:53:27.000000;2016-04-09T00:53:27.000000;6eb4f040-7c3a-451b-b4fd-b4e0cf8c51d0;416.94;0.19731817;UNKNOWN
2016-04-09T00:53:27.000000;2016-04-09T00:53:27.000000;6d6d352e-1ee6-43ea-a72d-34a320bca8fb;416.93;0.24;UNKNOWN
2016-04-09T00:53:29.000000;2016-04-09T00:53:29.000000;378d1166-3eb4-4aaa-a6f6-64295a2f748d;416.94;0.43731817;UNKNOWN
2016-04-09T00:53:29.000000;2016-04-09T00:53:29.000000;9e2c5e6a-5ba2-4839-a79a-a112d975574a;416.94;0.43731817;UNKNOWN
2016-04-09T00:54:38.000000;2016-04-09T00:54:38.000000;b85da8c7-5ba4-4b11-bca5-08139eebf864;416.71;0.49451807;UNKNOWN
2016-04-09T00:54:38.000000;2016-04-09T00:54:38.000000;723555bb-197c-4461-ae36-d8847bccb327;416.71;0.50548193;UNKNOWN
2016-04-09T00:54:53.000000;2016-04-09T00:54:53.000000;c9b73617-3c1f-4b1a-827b-7f0377216c1d;416.51;9.0;UNKNOWN
2016-04-09T00:54:53.000000;2016-04-09T00:54:53.000000;0b21186f-625d-4a8d-a906-da5560d89589;416.51;0.92427372;UNKNOWN
2016-04-09T00:54:53.000000;2016-04-09T00:54:53.000000;33a28c33-58a8-49d2-becd-b563245e7aa6;416.7;4.05893328;UNKNOWN
2016-04-09T00:54:53.000000;2016-04-09T00:54:53.000000;86bc68ab-538c-46dd-bcf7-71aa29de47e3;416.7;5.0;UNKNOWN
2016-04-09T00:54:53.000000;2016-04-09T00:54:53.000000;6f296fd5-9583-457a-b0c3-3c3f82d79af2;416.55;15.0;UNKNOWN
2016-04-09T00:54:53.000000;2016-04-09T00:54:53.000000;f9784e93-7c0d-4ac4-918a-7c67d53aff27;416.71;0.064893;UNKNOWN
2016-04-09T00:54:53.000000;2016-04-09T00:54:53.000000;568420a0-325b-4798-adcf-62a7bcfa9e03;416.56;5.9619;UNKNOWN
2016-04-09T00:54:53.000000;2016-04-09T00:54:53.000000;4d20f93a-5a70-415a-9c57-30089631b790;416.51;9.99;UNKNOWN
2016-04-09T00:55:40.000000;2016-04-09T00:55:40.000000;f5f3bb73-5438-47ed-98ae-231ff780311b;415.0;1.0;UNKNOWN
2016-04-09T00:55:40.000000;2016-04-09T00:55:40.000000;85d1f6e8-2aa1-493f-8b79-4fc91ef2adf5;415.21;0.0113;UNKNOWN
2016-04-09T00:55:40.000000;2016-04-09T00:55:40.000000;0cc12dd7-8fe1-4bcc-ae87-52c4e49f3167;415.94;12.5;UNKNOWN
2016-04-09T00:55:40.000000;2016-04-09T00:55:40.000000;15eb3b27-7929-4828-8b06-10505a8a6613;415.88;9.5737;UNKNOWN
2016-04-09T00:55:40.000000;2016-04-09T00:55:40.000000;9cc398eb-7c09-4419-9aac-75bea9b1c583;416.07;15.0;UNKNOWN
2016-04-09T00:55:40.000000;2016-04-09T00:55:40.000000;b954ad1e-0ba2-44c9-8f7b-89dad5ed189a;415.5;2.0;UNKNOWN
2016-04-09T00:55:40.000000;2016-04-09T00:55:40.000000;61ff5d06-8d01-4785-977a-4e13b4fffb59;415.44;0.02;UNKNOWN
2016-04-09T00:55:40.000000;2016-04-09T00:55:40.000000;6cb2a12a-a292-4cbe-ab4a-b9914c23abb0;415.19;0.02;UNKNOWN
2016-04-09T00:55:40.000000;2016-04-09T00:55:40.000000;d24ac677-4b1e-4419-91d8-411e5ce9dd32;415.5;21.2843;UNKNOWN
2016-04-09T00:55:40.000000;2016-04-09T00:55:40.000000;dc4b2b24-369b-4f6b-a48d-295dbd0443ad;415.37;17.1435;UNKNOWN
2016-04-09T00:55:40.000000;2016-04-09T00:55:40.000000;c0e75336-6bd6-4349-b51a-58b778fa85a0;416.0;1.0;UNKNOWN
2016-04-09T00:55:40.000000;2016-04-09T00:55:40.000000;5c177a6c-2472-4f84-b050-58d52438caf1;416.04;13.1098;UNKNOWN
2016-04-09T00:55:40.000000;2016-04-09T00:55:40.000000;e3e0858d-3733-4657-9a4e-26ff61d5dc41;416.16;0.0427;UNKNOWN
2016-04-09T00:55:40.000000;2016-04-09T00:55:40.000000;7d082124-f232-4284-a0c5-ab899e515d45;416.01;9.99;UNKNOWN
2016-04-09T00:55:40.000000;2016-04-09T00:55:40.000000;7c4c3519-0bf1-4a31-acef-e9d3b7af2b57;416.15;1.0;UNKNOWN
2016-04-09T00:55:40.000000;2016-04-09T00:55:40.000000;aa2e1fe3-87d7-4588-9f83-1b9c55030ae8;415.36;1.0;UNKNOWN
2016-04-09T00:55:40.000000;2016-04-09T00:55:40.000000;325b1713-482e-4f4e-8d63-ece05d5fbe6a;415.45;5.0;UNKNOWN
2016-04-09T00:55:40.000000;2016-04-09T00:55:40.000000;d152fd53-f6e1-4317-8d59-0d5538fc0077;415.15;2.5;UNKNOWN
2016-04-09T00:55:40.000000;2016-04-09T00:55:40.000000;f8b1d420-7c22-485c-ab9c-e90096569deb;415.55;8.39;UNKNOWN
2016-04-09T00:55:40.000000;2016-04-09T00:55:40.000000;ee49ebe1-00c0-4fa8-b72f-22e27b40e394;415.51;1.5;UNKNOWN
2016-04-09T00:55:40.000000;2016-04-09T00:55:40.000000;c11d29ef-8209-4a12-b5d4-2cdc9e880c8f;415.37;5.0;UNKNOWN
2016-04-09T00:55:40.000000;2016-04-09T00:55:40.000000;bba2a585-9376-4f48-8422-cbd57d273d68;415.55;25.0;UNKNOWN
2016-04-09T00:55:40.000000;2016-04-09T00:55:40.000000;96d276e9-1cd7-46ec-aa6b-73198217e8a5;415.5;50.0;UNKNOWN
2016-04-09T00:55:40.000000;2016-04-09T00:55:40.000000;2daa0687-8354-45f6-8656-6dd6adacddba;415.8;0.05;UNKNOWN
2016-04-09T00:55:40.000000;2016-04-09T00:55:40.000000;0a65a1ea-4ad5-4be6-87f1-09783424bec7;415.56;11.4;UNKNOWN
2016-04-09T00:55:40.000000;2016-04-09T00:55:40.000000;d70c95f9-4d8e-4263-b948-017f3d70f9a7;415.65;1.0;UNKNOWN
2016-04-09T00:55:40.000000;2016-04-09T00:55:40.000000;a6eb7dc5-be57-42a7-90d2-0eb4bf20ae37;415.51;9.99;UNKNOWN
2016-04-09T00:55:40.000000;2016-04-09T00:55:40.000000;c2a040f0-a95b-4e47-9c89-13a847a7bd7c;415.54;18.3922;UNKNOWN
2016-04-09T00:55:40.000000;2016-04-09T00:55:40.000000;23fa7a9c-5521-4654-90ed-ddcfc5e6efea;415.22;0.0803;UNKNOWN
2016-04-09T00:55:40.000000;2016-04-09T00:55:40.000000;6daa7af2-7d95-49b6-b4ce-503da28ceb02;415.76;19.1202;UNKNOWN
2016-04-09T00:55:40.000000;2016-04-09T00:55:40.000000;b05ae564-ae7c-4e0f-9779-c2b19f7addca;415.84;0.0112;UNKNOWN
2016-04-09T00:55:40.000000;2016-04-09T00:55:40.000000;5e650a93-7d70-4b06-9299-aa02881cee41;415.67;0.0443;UNKNOWN
2016-04-09T00:55:40.000000;2016-04-09T00:55:40.000000;147f13d0-4746-45fb-9017-acf94aaa9515;415.5;30.0;UNKNOWN
2016-04-09T00:55:40.000000;2016-04-09T00:55:40.000000;76c84d14-4a83-4abf-8e5b-d3ad5f374d40;415.67;0.04648851;UNKNOWN
2016-04-09T00:55:40.000000;2016-04-09T00:55:40.000000;8090ee52-2c95-4e7f-ac44-d012350eb571;415.9;5.0;UNKNOWN
2016-04-09T00:55:40.000000;2016-04-09T00:55:40.000000;d4e8877b-67b0-4752-9714-ca258937887d;415.0;2.07230639;UNKNOWN
2016-04-09T00:55:40.000000;2016-04-09T00:55:40.000000;b85b6712-0aa6-4659-90f2-231b8059233f;415.26;4.0;UNKNOWN
2016-04-09T00:55:40.000000;2016-04-09T00:55:40.000000;47efdf09-f327-40f1-a249-b7034b3c45bc;415.05;0.5;UNKNOWN
2016-04-09T00:55:40.000000;2016-04-09T00:55:40.000000;4be7a52e-80f7-4942-a7e9-8683bf0b7751;415.0;0.02;UNKNOWN
2016-04-09T00:55:40.000000;2016-04-09T00:55:40.000000;6f1f2a30-6d99-4682-b13f-99a19e32ad42;415.0;3.9764;UNKNOWN
2016-04-09T00:55:40.000000;2016-04-09T00:55:40.000000;36eea097-5ef2-482a-a870-c12ac29b929d;415.0;0.05;UNKNOWN
2016-04-09T00:55:40.000000;2016-04-09T00:55:40.000000;7e786685-d350-43b0-b2b1-be2214fbddb5;415.0;1.0;UNKNOWN
2016-04-09T00:55:40.000000;2016-04-09T00:55:40.000000;1eff407f-4889-4c84-b9b5-a63413a28e14;415.0;2.0;UNKNOWN
2016-04-09T00:55:40.000000;2016-04-09T00:55:40.000000;a012396d-25a2-480f-9c12-bb6975b7b8cb;415.0;3.0;UNKNOWN
2016-04-09T00:55:40.000000;2016-04-09T00:55:40.000000;148eb150-0f39-48c3-a757-433962654089;415.0;0.1;UNKNOWN
2016-04-09T00:55:40.000000;2016-04-09T00:55:40.000000;45bd7c4c-f0a6-4010-9dae-c9c0ec4606f7;415.0;10.0;UNKNOWN
2016-04-09T00:55:40.000000;2016-04-09T00:55:40.000000;c3a16e5b-1323-490c-acc1-97eb05acd135;415.0;0.01;UNKNOWN
2016-04-09T00:55:40.000000;2016-04-09T00:55:40.000000;4d19088d-7c26-4f63-9a94-801c34e08461;415.0;0.05;UNKNOWN
2016-04-09T00:55:40.000000;2016-04-09T00:55:40.000000;d8b55283-c3da-4fa5-927b-29dae612fe78;415.14;13.0257;UNKNOWN
2016-04-09T00:55:40.000000;2016-04-09T00:55:40.000000;751fff7c-8963-428e-8c75-1f22f9c33149;415.02;9.45;UNKNOWN
2016-04-09T00:55:40.000000;2016-04-09T00:55:40.000000;24d73649-a498-4428-950c-7e02889ce050;415.0;10.0;UNKNOWN
2016-04-09T00:55:40.000000;2016-04-09T00:55:40.000000;b9e2f2cc-0611-4d70-a09a-39e3bcf1ca12;415.0;0.6;UNKNOWN
2016-04-09T00:55:40.000000;2016-04-09T00:55:40.000000;12f53791-bfc7-407e-b4e0-9570c98b361a;415.0;4.0;UNKNOWN
2016-04-09T00:55:40.000000;2016-04-09T00:55:40.000000;cffdf428-92e7-44ba-8389-ca0aceba1583;415.0;0.15;UNKNOWN
2016-04-09T00:55:40.000000;2016-04-09T00:55:40.000000;4786e4ab-18e7-414a-a8a5-39a893329657;415.01;9.99;UNKNOWN
2016-04-09T00:55:40.000000;2016-04-09T00:55:40.000000;ad4e3119-5de4-4c17-96af-65e4236b4a23;415.0;30.0;UNKNOWN
2016-04-09T00:55:40.000000;2016-04-09T00:55:40.000000;74bf6965-dcda-4217-9f83-1e9548c30122;415.0;0.15;UNKNOWN
2016-04-09T00:55:40.000000;2016-04-09T00:55:40.000000;5448b99a-1b3c-4b9e-90d8-f94d42b8aa78;415.0;1.0;UNKNOWN
2016-04-09T00:55:40.000000;2016-04-09T00:55:40.000000;759ecb67-85ee-464f-838c-0707b98ece04;415.01;1.56664342;UNKNOWN
2016-04-09T00:55:40.000000;2016-04-09T00:55:40.000000;31e2e977-53e7-4719-a060-14fae2fc10d7;415.0;0.01;UNKNOWN
2016-04-09T00:55:40.000000;2016-04-09T00:55:40.000000;3214a970-95e7-40b1-b9ab-0e6cf75c68e8;415.03;0.01066189;UNKNOWN
2016-04-09T00:55:40.000000;2016-04-09T00:55:40.000000;97562a0f-647c-483d-b950-320f40d305f3;415.0;0.01;UNKNOWN
2016-04-09T00:55:40.000000;2016-04-09T00:55:40.000000;ecf354f2-c9d5-4ecd-b14a-742343f1a65a;416.5;2.0;UNKNOWN
2016-04-09T00:55:40.000000;2016-04-09T00:55:40.000000;b81d9b0f-3a22-41e6-8a12-fdd8f196e2d2;415.9;2.75;UNKNOWN
2016-04-09T00:55:40.000000;2016-04-09T00:55:40.000000;fc54b373-00a2-4a67-8278-fc0b39a74275;416.5;21.48348;UNKNOWN
2016-04-09T00:55:40.000000;2016-04-09T00:55:40.000000;81fcb7a0-13db-47db-9fbb-b34f992fb197;416.0;0.02;UNKNOWN
2016-04-09T00:55:40.000000;2016-04-09T00:55:40.000000;d1c998c8-df7f-4d3a-83fc-7cad1dfb3634;416.0;2.0;UNKNOWN
2016-04-09T00:55:40.000000;2016-04-09T00:55:40.000000;926d1568-8883-4e7c-b10e-1c3d780da555;416.0;0.97921979;UNKNOWN
2016-04-09T00:55:40.000000;2016-04-09T00:55:40.000000;ac954f0c-cd16-48d4-8cd9-d105d730be10;416.1;20.0;UNKNOWN
2016-04-09T00:55:40.000000;2016-04-09T00:55:40.000000;43aed4e4-7442-4211-b73b-bbc4630ae35c;415.87;5.0;UNKNOWN
2016-04-09T00:55:40.000000;2016-04-09T00:55:40.000000;b7aae62a-3ddc-49be-a631-66b82eb6802e;415.0;1.98;UNKNOWN
2016-04-09T00:55:40.000000;2016-04-09T00:55:40.000000;17c2e0a6-0b10-4f33-bf3b-c514f4774c02;415.88;14.1388;UNKNOWN
2016-04-09T00:55:40.000000;2016-04-09T00:55:40.000000;af24cdd3-98bc-4b7d-9384-ae195365ff99;416.51;5.9268;UNKNOWN
2016-04-09T00:55:40.000000;2016-04-09T00:55:40.000000;71afb183-030c-4173-ac9b-6547c7ffe965;416.0;19.76;UNKNOWN
2016-04-09T00:55:44.000000;2016-04-09T00:55:44.000000;b07745e7-47b3-400d-9a07-2b017fa4a7f8;415.59;9.69177847;UNKNOWN
2016-04-09T00:55:44.000000;2016-04-09T00:55:44.000000;2245ed5e-057b-4911-9f8f-8c9f7bb78dff;415.66;0.29822153;UNKNOWN
2016-04-09T00:55:51.000000;2016-04-09T00:55:51.000000;d475d687-1987-4714-b23a-e7e192131c91;415.95;0.01209597;UNKNOWN
2016-04-09T00:55:51.000000;2016-04-09T00:55:51.000000;b15b3aa6-9270-4c6c-84a6-0dd6e1e4b05c;415.95;0.250001;UNKNOWN
2016-04-09T00:55:51.000000;2016-04-09T00:55:51.000000;00484114-147a-4597-b89d-966d85a91107;415.99;0.81131758;UNKNOWN
2016-04-09T00:56:02.000000;2016-04-09T00:56:02.000000;d2a4d3fc-35bb-48d7-a971-b30737f08bd4;415.99;0.48928;UNKNOWN
2016-04-09T00:56:04.000000;2016-04-09T00:56:04.000000;e940cec4-cbf3-438c-a07d-a29aac36d49f;415.95;0.236;UNKNOWN
2016-04-09T00:56:04.000000;2016-04-09T00:56:04.000000;ba05bb14-e964-4b0b-9861-c6bb92c86f47;415.95;0.250001;UNKNOWN
2016-04-09T00:56:04.000000;2016-04-09T00:56:04.000000;458e63e3-9282-4419-ac97-1189740499ec;415.95;0.250001;UNKNOWN
2016-04-09T00:56:04.000000;2016-04-09T00:56:04.000000;71d46834-90d8-4bd9-bd70-d5c2db177e4a;415.95;0.250001;UNKNOWN
2016-04-09T00:56:04.000000;2016-04-09T00:56:04.000000;f1880ba5-95a7-446d-acd7-c7a3e91a8edb;415.95;0.23790503;UNKNOWN
2016-04-09T00:56:04.000000;2016-04-09T00:56:04.000000;062527c0-ad3e-461e-9280-b9901ca61381;415.95;0.237;UNKNOWN
2016-04-09T00:56:04.000000;2016-04-09T00:56:04.000000;1f69d708-a7bd-413a-9aa3-8e90e8bb537b;415.72;12.206;UNKNOWN
2016-04-09T00:56:04.000000;2016-04-09T00:56:04.000000;712bb67a-9b0e-4748-80b3-e48d2bc0a1db;415.63;10.12408997;UNKNOWN
2016-04-09T00:56:04.000000;2016-04-09T00:56:04.000000;b9813681-84db-4bcf-a82f-7dc3ae084ccf;415.95;0.236;UNKNOWN
2016-04-09T00:56:04.000000;2016-04-09T00:56:04.000000;4cb0b82e-4e8f-49fc-9d1a-dfd8fcff476d;415.95;0.250001;UNKNOWN
2016-04-09T00:56:04.000000;2016-04-09T00:56:04.000000;c07d940b-dab9-44a8-b2d2-102666ba2caf;415.95;0.250001;UNKNOWN
2016-04-09T00:56:04.000000;2016-04-09T00:56:04.000000;c4e3d46a-aa95-4f89-858c-d34f53e839bb;415.95;0.237;UNKNOWN
2016-04-09T00:56:04.000000;2016-04-09T00:56:04.000000;bd28be58-df52-4530-8f67-e37fa6a7ff1d;415.95;0.236;UNKNOWN
2016-04-09T00:56:36.000000;2016-04-09T00:56:36.000000;18a5ed47-a6f8-400c-8d9d-4d9943ee33a7;415.95;0.250001;UNKNOWN
2016-04-09T00:56:36.000000;2016-04-09T00:56:36.000000;b31a39f0-53f2-4e01-a5f9-a7f1f86e6a34;415.95;0.026996;UNKNOWN
2016-04-09T00:56:36.000000;2016-04-09T00:56:36.000000;a04af798-ed38-4913-8e2a-0219b8639c17;415.95;0.250001;UNKNOWN
2016-04-09T00:56:36.000000;2016-04-09T00:56:36.000000;e52ab48d-0ca6-4371-9b93-1f8fb5e53fe5;415.95;0.237;UNKNOWN
2016-04-09T00:56:36.000000;2016-04-09T00:56:36.000000;fdac7472-c2a9-4283-aeb8-94b498d66747;415.95;0.250001;UNKNOWN
2016-04-09T00:56:36.000000;2016-04-09T00:56:36.000000;a89507b1-edac-495f-83f8-027347aa104e;415.95;0.250001;UNKNOWN
2016-04-09T00:56:36.000000;2016-04-09T00:56:36.000000;ea63a333-3848-4f6e-9acf-32992b0dce08;415.95;0.236;UNKNOWN
2016-04-09T00:56:45.000000;2016-04-09T00:56:45.000000;cfbf7231-cd91-459e-8757-c727f7bbd15f;415.95;0.223005;UNKNOWN
2016-04-09T00:56:45.000000;2016-04-09T00:56:45.000000;74bab300-4ff3-4201-8591-ee810c6f65f4;415.95;0.04808728;UNKNOWN
2016-04-09T00:56:45.000000;2016-04-09T00:56:45.000000;bc46cb2d-cc99-4f2d-91ca-7a021016950e;415.95;0.236;UNKNOWN
2016-04-09T00:57:03.000000;2016-04-09T00:57:03.000000;c46a444f-1245-470a-a567-970ee733e438;415.98;0.02495;UNKNOWN
2016-04-09T00:57:04.000000;2016-04-09T00:57:04.000000;620a52ae-2f3d-4574-85f8-b7f0ae4b8056;415.99;0.012;UNKNOWN
2016-04-09T00:57:04.000000;2016-04-09T00:57:04.000000;b8eb5a79-3a2d-4c18-86dd-a4b13a23ad0c;415.99;0.05;UNKNOWN
2016-04-09T00:57:04.000000;2016-04-09T00:57:04.000000;84171ff4-92ed-406f-84ec-2b3852e2f681;415.98;0.21969;UNKNOWN
2016-04-09T00:57:04.000000;2016-04-09T00:57:04.000000;611b9ba3-8fad-4f0e-8c41-b0801a4952cf;415.97;0.02111279;UNKNOWN
2016-04-09T00:57:45.000000;2016-04-09T00:57:45.000000;cdb845e4-eff6-4c04-924e-cefebc8c50b5;415.99;8.62740242;UNKNOWN
2016-04-09T00:58:20.000000;2016-04-09T00:58:20.000000;a0c2b089-4d29-46a2-8b81-1f3d98257ce8;416.49;1.42064298;UNKNOWN
2016-04-09T00:58:50.000000;2016-04-09T00:58:50.000000;e7c5290a-b311-44fe-86d5-8d3c6fc78c0f;416.49;3.0;UNKNOWN
2016-04-09T00:59:02.000000;2016-04-09T00:59:02.000000;0a277196-2001-4561-906c-362914abe906;416.49;0.12232;UNKNOWN
2016-04-09T00:59:02.000000;2016-04-09T00:59:02.000000;68090628-4ba4-4f9e-a89a-9d887fc9bb66;416.49;1.0;UNKNOWN
2016-04-09T00:59:05.000000;2016-04-09T00:59:05.000000;8e336205-baab-45b9-8a55-bd64cc91fd0d;416.49;0.250001;UNKNOWN
2016-04-09T00:59:16.000000;2016-04-09T00:59:16.000000;ad3bf3fd-b341-4790-bfd4-a8fe0f0fd732;416.49;0.250001;UNKNOWN
2016-04-09T00:59:33.000000;2016-04-09T00:59:33.000000;12718571-96d3-4146-8446-f6d71c43aaa0;416.49;0.250001;UNKNOWN
2016-04-09T00:59:36.000000;2016-04-09T00:59:36.000000;890b3c6b-e1ac-4a43-abff-33e35a819631;416.49;0.250001;UNKNOWN
2016-04-09T00:59:41.000000;2016-04-09T00:59:41.000000;9a0c3f98-6b83-4506-aa09-336821bfa9e0;416.49;0.250001;UNKNOWN
2016-04-09T00:59:44.000000;2016-04-09T00:59:44.000000;2d12e0fb-d4f7-41c7-8d48-ca5dc2464017;416.49;0.250001;UNKNOWN
2016-04-09T00:59:50.000000;2016-04-09T00:59:50.000000;c13f81db-84af-4df0-ad44-d13768b7529b;416.49;0.250001;UNKNOWN
2016-04-09T00:59:52.000000;2016-04-09T00:59:52.000000;e4a51198-aac6-4a09-97f0-98f2d1101a04;416.49;0.250001;UNKNOWN
2016-04-09T00:59:54.000000;2016-04-09T00:59:54.000000;e9535ce5-4655-467a-ac94-86e541a25096;416.49;2.44702902;UNKNOWN
2016-04-09T01:00:12.000000;2016-04-09T01:00:12.000000;92d1bc32-eab8-4cb7-af85-81b33645986e;416.73;5.9641;UNKNOWN
2016-04-09T01:00:12.000000;2016-04-09T01:00:12.000000;e3a48af6-dbe8-4cae-bdf7-406803988c2e;416.73;0.3359;UNKNOWN
2016-04-09T01:00:51.000000;2016-04-09T01:00:51.000000;e272a097-f3ee-41c7-9d5b-bbd81369b9b8;416.97;5.35;UNKNOWN
2016-04-09T01:01:03.000000;2016-04-09T01:01:03.000000;6c2a4a50-4c69-4d41-9dde-cf13c99ca8d3;416.98;2.0;UNKNOWN
2016-04-09T01:01:22.000000;2016-04-09T01:01:22.000000;843c6bd3-3017-480a-90fa-df6bbafb4469;416.68;3.51259602;UNKNOWN
2016-04-09T01:01:51.000000;2016-04-09T01:01:51.000000;0936a664-594c-4794-9e4e-5d14d12a1af5;416.98;5.9358;UNKNOWN
2016-04-09T01:01:51.000000;2016-04-09T01:01:51.000000;7695fb0b-9b14-4903-9369-8dab8bab26f2;416.98;4.46;UNKNOWN
2016-04-09T01:01:51.000000;2016-04-09T01:01:51.000000;fb6ef982-4b53-4bb3-845e-e9b98e48c19c;416.99;0.0542;UNKNOWN
2016-04-09T01:01:51.000000;2016-04-09T01:01:51.000000;d03fd021-66d7-46a2-9991-f3b0128fe369;416.99;9.99;UNKNOWN
2016-04-09T01:01:51.000000;2016-04-09T01:01:51.000000;3a4ef502-6e90-4853-a6ec-14520db9833b;416.98;4.56;UNKNOWN
2016-04-09T01:01:56.000000;2016-04-09T01:01:56.000000;551799de-52fb-42d1-b5a0-af41da141485;417.0;5.0;UNKNOWN
2016-04-09T01:02:01.000000;2016-04-09T01:02:01.000000;ae08311f-0a99-46bc-8608-2a36bfb40aff;417.0;5.0;UNKNOWN
2016-04-09T01:02:11.000000;2016-04-09T01:02:11.000000;d38d88f0-743f-4ecc-85e6-015fd364cd7d;416.99;1.0;UNKNOWN
2016-04-09T01:02:12.000000;2016-04-09T01:02:12.000000;30c8f3cf-53c2-4aec-9f6a-cfaed7d454dc;416.99;1.0;UNKNOWN
2016-04-09T01:02:14.000000;2016-04-09T01:02:14.000000;3cbf7bdc-1ee7-45d0-91e7-9e1803c15ec2;416.99;1.0;UNKNOWN
2016-04-09T01:02:16.000000;2016-04-09T01:02:16.000000;ecc5ff6e-b2c0-4dc6-b475-3653a0983019;416.99;1.0;UNKNOWN
2016-04-09T01:02:33.000000;2016-04-09T01:02:33.000000;36764c96-f582-4c8c-a236-72db5ce6430c;416.99;2.5;UNKNOWN
2016-04-09T01:02:38.000000;2016-04-09T01:02:38.000000;65a75097-7199-4ce7-9456-3d81823f9515;416.71;0.2331334;UNKNOWN
2016-04-09T01:03:18.000000;2016-04-09T01:03:18.000000;c9786de7-be6f-49de-9d6a-733d016da716;416.76;0.04733716;UNKNOWN
2016-04-09T01:03:34.000000;2016-04-09T01:03:34.000000;2810f722-0f73-4785-ae22-aa2521fe6efd;416.76;0.30074;UNKNOWN
2016-04-09T01:03:48.000000;2016-04-09T01:03:48.000000;ca6fd888-9d02-4c4a-8eb6-b44992133288;416.76;0.0198;UNKNOWN
2016-04-09T01:04:40.000000;2016-04-09T01:04:40.000000;41e54394-2573-408a-bd17-ba5f39c2aa7f;416.98;0.02;UNKNOWN
2016-04-09T01:04:51.000000;2016-04-09T01:04:51.000000;4935c5d2-52c1-42ac-9fdd-f8e968b235bd;416.98;5.0;UNKNOWN
2016-04-09T01:06:04.000000;2016-04-09T01:06:04.000000;d6bd19d7-b2ab-472a-90bd-850d9d5d6f51;417.0;0.03058;UNKNOWN
2016-04-09T01:06:14.000000;2016-04-09T01:06:14.000000;37805a6d-86e0-404f-8301-b36164e61c8a;416.96;0.250001;UNKNOWN
2016-04-09T01:06:14.000000;2016-04-09T01:06:14.000000;1deadf30-5ae8-477d-89b6-36066f9d0d8c;416.96;0.22341587;UNKNOWN
2016-04-09T01:06:22.000000;2016-04-09T01:06:22.000000;b6036895-5abc-4dbe-a282-82a11e39e5e1;416.94;0.04743227;UNKNOWN
2016-04-09T01:06:51.000000;2016-04-09T01:06:51.000000;92f581c9-2eec-4a76-9c76-476e44f3b190;416.99;0.1536;UNKNOWN
2016-04-09T01:07:27.000000;2016-04-09T01:07:27.000000;61067dc7-f839-4196-b93e-a0a3d5310ac7;417.0;5.8047;UNKNOWN
2016-04-09T01:07:27.000000;2016-04-09T01:07:27.000000;01a34604-5755-49ff-a626-9ff63717ff64;416.98;5.9707;UNKNOWN
2016-04-09T01:07:27.000000;2016-04-09T01:07:27.000000;6d7e3c9b-3399-4756-9193-cba87a4e55cc;416.98;0.01;UNKNOWN
2016-04-09T01:09:41.000000;2016-04-09T01:09:41.000000;008e648b-7609-4c74-ab79-746bb56aaa1b;416.85;1.0;UNKNOWN
2016-04-09T01:11:04.000000;2016-04-09T01:11:04.000000;68a8bfc6-72e6-426a-9a65-b9f06d0a9d0f;416.71;4.0309;UNKNOWN
2016-04-09T01:11:04.000000;2016-04-09T01:11:04.000000;c41ee35f-7f09-4a1f-bd6e-0b41ff96fe1b;416.84;5.9691;UNKNOWN
2016-04-09T01:11:04.000000;2016-04-09T01:11:04.000000;d1a2ef67-2286-4535-a8a8-028d34d4428f;416.85;2.0;UNKNOWN
2016-04-09T01:11:30.000000;2016-04-09T01:11:30.000000;90760a50-1663-4ba9-a4f3-1842fcdf5290;416.7;3.0;UNKNOWN
2016-04-09T01:11:30.000000;2016-04-09T01:11:30.000000;9d2c8d4e-e73f-4e4f-a68b-32dd14d9815c;416.52;2.78028252;UNKNOWN
2016-04-09T01:11:30.000000;2016-04-09T01:11:30.000000;1867936b-499f-4931-a5ea-089cacc2ba1d;416.71;5.9705;UNKNOWN
2016-04-09T01:11:39.000000;2016-04-09T01:11:39.000000;9c5d5253-9aba-42ca-87f1-27ec94e8b88c;416.52;0.1532928;UNKNOWN
2016-04-09T01:12:38.000000;2016-04-09T01:12:38.000000;de5eb930-31fd-48c1-a846-f9038a8d0083;416.54;0.24045594;UNKNOWN
2016-04-09T01:13:46.000000;2016-04-09T01:13:46.000000;94807fbe-a572-4cfc-afa8-ad5af4aec7c1;416.88;0.0479;UNKNOWN
2016-04-09T01:14:00.000000;2016-04-09T01:14:00.000000;42dc5c6f-0838-4afc-b2a2-c79f40f7213a;416.51;1.27;UNKNOWN
2016-04-09T01:14:03.000000;2016-04-09T01:14:03.000000;58849b69-ec10-4b38-8122-219a3191616d;416.51;0.54;UNKNOWN
2016-04-09T01:14:09.000000;2016-04-09T01:14:09.000000;b0093182-ac3e-4445-8920-a5cbef21345b;416.48;0.250001;UNKNOWN
2016-04-09T01:14:09.000000;2016-04-09T01:14:09.000000;3ab555fa-e4a5-42fa-bc58-afe76c1e3821;416.3;2.64;UNKNOWN
2016-04-09T01:14:09.000000;2016-04-09T01:14:09.000000;078234b3-4f7e-4dee-83de-ebc95bd555c8;416.49;0.06116;UNKNOWN
2016-04-09T01:14:09.000000;2016-04-09T01:14:09.000000;dcd5ac5b-001b-4f5b-aa2b-b2a14fb86b81;416.03;2.820739;UNKNOWN
2016-04-09T01:14:09.000000;2016-04-09T01:14:09.000000;0c468824-0ad2-45f2-beff-4ec66675d805;416.31;5.9481;UNKNOWN
2016-04-09T01:14:09.000000;2016-04-09T01:14:09.000000;5039396c-3c79-480b-a1a6-f5fd42724f53;416.4;0.1;UNKNOWN
2016-04-09T01:14:09.000000;2016-04-09T01:14:09.000000;182e4f39-7779-46c7-857d-67cf5949aeb0;416.51;8.18;UNKNOWN
2016-04-09T01:14:13.000000;2016-04-09T01:14:13.000000;38f9b588-3b59-439b-891f-839496aa25e4;416.35;0.66477491;UNKNOWN
2016-04-09T01:14:14.000000;2016-04-09T01:14:14.000000;162685fd-8277-4f55-9a19-35718a3aa1c1;416.01;0.0479;UNKNOWN
2016-04-09T01:14:15.000000;2016-04-09T01:14:15.000000;19b642d6-6671-4164-b445-1ae20b61cf49;416.04;3.38537016;UNKNOWN
2016-04-09T01:14:16.000000;2016-04-09T01:14:16.000000;545909b3-beeb-4008-8949-a3e9bff64bb5;416.04;16.22;UNKNOWN
2016-04-09T01:14:17.000000;2016-04-09T01:14:17.000000;6eb334c9-2918-4541-9d0a-d345d590c974;416.05;0.02;UNKNOWN
2016-04-09T01:14:17.000000;2016-04-09T01:14:17.000000;c25e3ce4-c153-4916-873c-d43ab6d88e6a;416.05;0.03;UNKNOWN
2016-04-09T01:14:17.000000;2016-04-09T01:14:17.000000;300de7ca-6791-40a1-a148-23fa69c3a940;416.05;0.01071545;UNKNOWN
2016-04-09T01:14:17.000000;2016-04-09T01:14:17.000000;2256b36c-3096-4bf8-bce2-9ecffcbcbbd0;416.05;0.02;UNKNOWN
2016-04-09T01:14:18.000000;2016-04-09T01:14:18.000000;536cb089-ddd4-4592-a454-1adc09c55149;416.04;4.83071445;UNKNOWN
2016-04-09T01:14:18.000000;2016-04-09T01:14:18.000000;a6a776ea-fb8b-4eb2-aa83-aa06138a22b2;416.05;0.16928555;UNKNOWN
2016-04-09T01:14:19.000000;2016-04-09T01:14:19.000000;77698d7f-b9a5-4526-b2f8-560ab61b8701;416.01;1.0;UNKNOWN
2016-04-09T01:14:23.000000;2016-04-09T01:14:23.000000;9cd860c4-d9c2-4c3d-ac7e-652e094cfed1;416.01;5.03;UNKNOWN
2016-04-09T01:14:23.000000;2016-04-09T01:14:23.000000;acfc748c-a3aa-4dea-a93f-fff29a347aae;416.02;0.250001;UNKNOWN
2016-04-09T01:14:34.000000;2016-04-09T01:14:34.000000;2e8e6a2b-0949-4193-a454-e33fbf82573f;416.01;2.0;UNKNOWN
2016-04-09T01:14:43.000000;2016-04-09T01:14:43.000000;5c6b2d58-278a-497b-a5eb-c44762871bec;416.01;0.236;UNKNOWN
2016-04-09T01:14:43.000000;2016-04-09T01:14:43.000000;53094bd6-1dfa-47e4-ae7f-0e614e51985d;416.01;0.237;UNKNOWN
2016-04-09T01:14:43.000000;2016-04-09T01:14:43.000000;b150f991-39d0-4052-ba2c-27ddc7cb705c;416.01;0.188;UNKNOWN
2016-04-09T01:14:43.000000;2016-04-09T01:14:43.000000;5799e342-9732-4a96-8477-b04539760d75;416.01;0.236;UNKNOWN
2016-04-09T01:14:43.000000;2016-04-09T01:14:43.000000;eb70c392-d230-4d5b-88eb-aa0c9f47089e;416.01;0.236;UNKNOWN
2016-04-09T01:14:43.000000;2016-04-09T01:14:43.000000;fef2ec55-2159-4866-80ee-36d92e044afb;416.01;0.236;UNKNOWN
2016-04-09T01:14:43.000000;2016-04-09T01:14:43.000000;bdf2f39e-361b-4553-94f3-32e61015d55b;416.01;1.9121;UNKNOWN
2016-04-09T01:14:43.000000;2016-04-09T01:14:43.000000;b11b72af-ad2f-4a4d-b04d-d1cc090e9f40;416.01;0.236;UNKNOWN
2016-04-09T01:14:43.000000;2016-04-09T01:14:43.000000;3706f302-54bf-44d1-b29f-fe4b632706dc;416.01;0.237;UNKNOWN
2016-04-09T01:14:43.000000;2016-04-09T01:14:43.000000;f455ba46-0a72-4b22-a512-cbd02fa7c7d2;416.01;0.236;UNKNOWN
2016-04-09T01:14:43.000000;2016-04-09T01:14:43.000000;28e57c05-5858-40ba-99a3-785d3ace6fe0;416.01;0.237;UNKNOWN
2016-04-09T01:14:45.000000;2016-04-09T01:14:45.000000;4f747529-4a3d-4781-b9b9-3ca152afd404;416.0;6.013;UNKNOWN
2016-04-09T01:14:45.000000;2016-04-09T01:14:45.000000;50e684d5-5a48-4405-bd33-b8d88462977f;416.0;13.537;UNKNOWN
2016-04-09T01:15:03.000000;2016-04-09T01:15:03.000000;d24703b3-c806-45f5-83b1-9f726de4ba39;416.01;0.01529;UNKNOWN
2016-04-09T01:15:11.000000;2016-04-09T01:15:11.000000;1793d44c-2a8e-460f-a242-353fc6cebdb1;416.0;0.23845194;UNKNOWN
2016-04-09T01:15:12.000000;2016-04-09T01:15:12.000000;335f3de3-320b-4c80-b32b-770379e2e287;416.0;1.0;UNKNOWN
2016-04-09T01:15:36.000000;2016-04-09T01:15:36.000000;9db8db40-1552-4d06-8b59-f02b6bf2241f;415.95;0.250001;UNKNOWN
2016-04-09T01:15:36.000000;2016-04-09T01:15:36.000000;84bf68af-c71b-4a6a-b9c0-14ef36b90e86;416.0;20.22454806;UNKNOWN
2016-04-09T01:15:36.000000;2016-04-09T01:15:36.000000;0aafa28b-de48-4836-9a86-fa6279cf0edf;415.51;9.99;UNKNOWN
2016-04-09T01:15:36.000000;2016-04-09T01:15:36.000000;e164bf8e-228e-495b-bd02-9f12c016777d;415.22;0.0101;UNKNOWN
2016-04-09T01:15:36.000000;2016-04-09T01:15:36.000000;c3f5567c-0146-4c4e-b338-b7269f44e6ea;415.95;0.250001;UNKNOWN
2016-04-09T01:15:36.000000;2016-04-09T01:15:36.000000;953a88de-de57-469c-aa63-870e3d94783b;415.7;5.0;UNKNOWN
2016-04-09T01:15:36.000000;2016-04-09T01:15:36.000000;8f40face-503c-4579-9ae2-9eecfea493af;415.1;7.4491757;UNKNOWN
2016-04-09T01:15:36.000000;2016-04-09T01:15:36.000000;0aae6f7c-1f46-4dfa-af00-fb00591b2070;415.95;0.250001;UNKNOWN
2016-04-09T01:15:36.000000;2016-04-09T01:15:36.000000;d7adaaae-b4bf-4b0b-9cfc-87d42812c8f5;415.2;1.32617224;UNKNOWN
2016-04-09T01:15:36.000000;2016-04-09T01:15:36.000000;8b741dc8-2703-4d1b-bdee-4ddb711c7120;415.95;0.250001;UNKNOWN
2016-04-09T01:15:38.000000;2016-04-09T01:15:38.000000;3aa615bf-720c-47af-8a26-ae5a8761b507;415.73;0.250001;UNKNOWN
2016-04-09T01:15:42.000000;2016-04-09T01:15:42.000000;c7cfff5e-135f-4262-ac7e-74d29b3562a6;415.21;0.7;UNKNOWN
2016-04-09T01:15:43.000000;2016-04-09T01:15:43.000000;3baf1acd-5ccf-44f0-a733-6de5f2149f25;415.58;0.250001;UNKNOWN
2016-04-09T01:15:58.000000;2016-04-09T01:15:58.000000;27a6235a-7a1e-4011-a2ec-1dccf9e9eb10;415.47;0.147511;UNKNOWN
2016-04-09T01:16:01.000000;2016-04-09T01:16:01.000000;a926295d-8bde-4354-99a2-6878927468fe;415.45;0.250001;UNKNOWN
2016-04-09T01:16:01.000000;2016-04-09T01:16:01.000000;f9cb4a9e-3980-44f8-b4f5-b13acf934ec8;415.21;1.549997;UNKNOWN
2016-04-09T01:16:01.000000;2016-04-09T01:16:01.000000;768b5199-13ef-4f32-be2f-b9ddc2f1469e;415.46;0.250001;UNKNOWN
2016-04-09T01:16:01.000000;2016-04-09T01:16:01.000000;a8c7eee2-bf61-4f40-b575-3890ebd7f92f;415.46;0.250001;UNKNOWN
2016-04-09T01:16:03.000000;2016-04-09T01:16:03.000000;c32d458e-215a-4136-aaab-ab26cd6dcb1c;415.43;0.01529;UNKNOWN
2016-04-09T01:16:03.000000;2016-04-09T01:16:03.000000;e7ac5e3e-f818-4e05-9f6f-0d552980cc6b;415.43;0.1;UNKNOWN
2016-04-09T01:16:07.000000;2016-04-09T01:16:07.000000;92dbd882-f0e4-4d0c-8388-fea0a640c1e6;415.0;0.62;UNKNOWN
2016-04-09T01:16:07.000000;2016-04-09T01:16:07.000000;d1709e0d-dada-4496-84a2-021b98636e7e;415.0;0.92769361;UNKNOWN
2016-04-09T01:16:07.000000;2016-04-09T01:16:07.000000;224d3c36-f349-474c-9703-c7d759a56a9f;415.0;10.0;UNKNOWN
2016-04-09T01:16:07.000000;2016-04-09T01:16:07.000000;6d825b64-ff96-47c5-b2d0-b5c9b71a0de9;415.1;12.5508243;UNKNOWN
2016-04-09T01:16:07.000000;2016-04-09T01:16:07.000000;d6277fda-6f96-4841-9714-3b7dbef40250;415.0;0.0442;UNKNOWN
2016-04-09T01:16:07.000000;2016-04-09T01:16:07.000000;40e192c7-bd5e-450e-9a8d-a7aae4cbebb8;415.0;19.11807909;UNKNOWN
2016-04-09T01:16:07.000000;2016-04-09T01:16:07.000000;708daecc-3471-4d46-914a-30e8c93162fb;415.01;9.99;UNKNOWN
2016-04-09T01:16:07.000000;2016-04-09T01:16:07.000000;e6b6520e-7861-4f0c-960d-9de38cb39076;415.21;0.750003;UNKNOWN
2016-04-09T01:16:07.000000;2016-04-09T01:16:07.000000;1a0c6e9d-5fb5-481d-97b1-e9be07f5ad65;415.22;5.988;UNKNOWN
2016-04-09T01:16:07.000000;2016-04-09T01:16:07.000000;6a7c68b7-5399-4020-93c6-a4084bcd86fe;415.0;0.0112;UNKNOWN
2016-04-09T01:16:13.000000;2016-04-09T01:16:13.000000;7cd319a9-8b0a-4c51-a8d0-fffb79f03fe2;415.11;0.22;UNKNOWN
2016-04-09T01:16:22.000000;2016-04-09T01:16:22.000000;0f2a30b1-e76b-41f3-8a1d-b96dbf6ce242;415.0;0.30353;UNKNOWN
2016-04-09T01:17:05.000000;2016-04-09T01:17:05.000000;04da4ba6-a68d-4c4a-9a44-140676e5ffbb;415.49;0.011;UNKNOWN
2016-04-09T01:17:07.000000;2016-04-09T01:17:07.000000;eadcf71e-2845-496f-9573-ee8b9d6c0723;415.49;0.013;UNKNOWN
2016-04-09T01:17:41.000000;2016-04-09T01:17:41.000000;6c2cfb3d-8dd4-43c4-bf1c-c5a4fec69b01;415.15;0.5;UNKNOWN
2016-04-09T01:17:50.000000;2016-04-09T01:17:50.000000;e74cc14e-3800-4898-a050-938ee566e53d;415.26;1.0;UNKNOWN
2016-04-09T01:17:57.000000;2016-04-09T01:17:57.000000;f5043e90-fefe-4166-8bdf-f190c30dbb4d;415.26;0.237;UNKNOWN
2016-04-09T01:17:57.000000;2016-04-09T01:17:57.000000;1b4c79bc-6656-47ae-bbea-df240d10bb0a;415.26;0.236;UNKNOWN
2016-04-09T01:17:57.000000;2016-04-09T01:17:57.000000;e67e87a5-514f-43c8-9135-b8c295a686a9;415.26;0.236;UNKNOWN
2016-04-09T01:17:57.000000;2016-04-09T01:17:57.000000;f68d3931-50eb-4de0-a039-821fd165dc48;415.26;0.236;UNKNOWN
2016-04-09T01:17:57.000000;2016-04-09T01:17:57.000000;2412e2f9-3041-4799-9e40-adb3c0245b8b;415.26;3.346;UNKNOWN
2016-04-09T01:17:57.000000;2016-04-09T01:17:57.000000;c9ed3f50-6049-4cc2-addf-48fa782f2f69;415.26;0.236;UNKNOWN
2016-04-09T01:17:57.000000;2016-04-09T01:17:57.000000;6dc01897-a505-4db2-9a60-056405710b04;415.26;0.236;UNKNOWN
2016-04-09T01:17:57.000000;2016-04-09T01:17:57.000000;40d799d3-0da1-46e2-9050-6b1ff20c61b0;415.26;0.237;UNKNOWN
2016-04-09T01:17:59.000000;2016-04-09T01:17:59.000000;a2f63942-b245-4fef-afc7-93d67ab42a6e;415.29;4.819;UNKNOWN
2016-04-09T01:17:59.000000;2016-04-09T01:17:59.000000;bdf4627a-be06-4a0b-9ff7-716358a52a92;415.27;0.181;UNKNOWN
2016-04-09T01:18:11.000000;2016-04-09T01:18:11.000000;8bf5f92c-fbc4-411f-99d2-34b19d6f76b1;415.28;10.12838416;UNKNOWN
2016-04-09T01:18:25.000000;2016-04-09T01:18:25.000000;d96410dc-d87a-4ce0-b420-f1798299d3bd;415.25;0.01;UNKNOWN
2016-04-09T01:18:54.000000;2016-04-09T01:18:54.000000;c29568c7-1f87-4127-afca-3140320642e6;415.1;0.48259112;UNKNOWN
2016-04-09T01:19:27.000000;2016-04-09T01:19:27.000000;bf994d2b-ea70-4c08-94ea-b078f576ae1b;415.11;9.712;UNKNOWN
2016-04-09T01:19:27.000000;2016-04-09T01:19:27.000000;01327666-27ec-485a-ac12-4a7ef58a821b;415.11;0.288;UNKNOWN
2016-04-09T01:19:31.000000;2016-04-09T01:19:31.000000;24fe674d-48d7-4c22-a39b-d7d8554c208b;415.1;11.51740888;UNKNOWN
2016-04-09T01:19:31.000000;2016-04-09T01:19:31.000000;ab2836f9-02c9-49fc-b73f-d83bb767bcbf;415.01;5.9391;UNKNOWN
2016-04-09T01:19:31.000000;2016-04-09T01:19:31.000000;8fa5174f-008e-4c78-a9b9-cf7874129c15;415.1;14.52901089;UNKNOWN
2016-04-09T01:19:31.000000;2016-04-09T01:19:31.000000;8a8370c7-93d9-4473-abdb-68632439c3e4;415.0;18.01448023;UNKNOWN
2016-04-09T01:19:35.000000;2016-04-09T01:19:35.000000;79f07603-6fc1-4f14-9dba-35aa2b3cd03a;415.0;2.1;UNKNOWN
2016-04-09T01:19:35.000000;2016-04-09T01:19:35.000000;59e5c1df-2b34-4766-97e2-2f2b834aa46b;415.0;2.0;UNKNOWN
2016-04-09T01:19:35.000000;2016-04-09T01:19:35.000000;bc416ec9-ae0a-4623-8ad6-3935a416821a;415.0;15.7;UNKNOWN
2016-04-09T01:19:35.000000;2016-04-09T01:19:35.000000;b7d517dc-08fc-468d-b139-8ceb3e09e961;415.0;53.007314;UNKNOWN
2016-04-09T01:19:35.000000;2016-04-09T01:19:35.000000;e15d31ed-3370-49cb-8690-044e4622ba9f;415.0;150.0;UNKNOWN
2016-04-09T01:19:35.000000;2016-04-09T01:19:35.000000;20fc416b-7865-4308-95d9-dd92252db8b3;415.0;2.60011;UNKNOWN
2016-04-09T01:19:35.000000;2016-04-09T01:19:35.000000;76e65754-751b-43a4-b3df-023084da5464;415.0;44.0;UNKNOWN
2016-04-09T01:19:35.000000;2016-04-09T01:19:35.000000;ba46124e-fb3d-4ce6-9e7f-87c38138359c;415.0;1.0;UNKNOWN
2016-04-09T01:19:35.000000;2016-04-09T01:19:35.000000;6d2908a2-6310-415b-a6a8-d69c72a78610;415.0;3.0;UNKNOWN
2016-04-09T01:19:41.000000;2016-04-09T01:19:41.000000;cdc0e638-1778-4539-9ad2-572d3af29ae6;415.0;1.42064298;UNKNOWN
2016-04-09T01:19:44.000000;2016-04-09T01:19:44.000000;9a615347-3655-45e5-9d82-6697048febe4;415.0;12.52;UNKNOWN
2016-04-09T01:19:47.000000;2016-04-09T01:19:47.000000;434fda9b-a09b-4dd0-9d11-28ba5b0145a2;415.0;7.82900021;UNKNOWN
2016-04-09T01:20:05.000000;2016-04-09T01:20:05.000000;b3978f9a-e8d6-4b61-914d-183566e92a3a;415.01;1.0;UNKNOWN
2016-04-09T01:20:07.000000;2016-04-09T01:20:07.000000;85d4a812-d81e-4428-938a-95ca58fe27af;415.01;1.0;UNKNOWN
2016-04-09T01:20:09.000000;2016-04-09T01:20:09.000000;c2b795e0-d4c6-40ad-aca9-9f176c442e72;415.01;1.0;UNKNOWN
2016-04-09T01:20:17.000000;2016-04-09T01:20:17.000000;05b682bc-0b7a-4380-be5f-9d8c45085087;415.01;4.0;UNKNOWN
2016-04-09T01:20:38.000000;2016-04-09T01:20:38.000000;405da789-8342-486c-a22a-e87613afd321;415.01;2.18749758;UNKNOWN
2016-04-09T01:20:53.000000;2016-04-09T01:20:53.000000;ffd0ca2d-9fb8-4f77-a3c1-2ded3472add9;415.0;1.0;UNKNOWN
2016-04-09T01:20:54.000000;2016-04-09T01:20:54.000000;d2778531-e136-4627-8e0e-52372b200a80;415.01;1.0;UNKNOWN
2016-04-09T01:20:59.000000;2016-04-09T01:20:59.000000;11134137-bbbd-41aa-9b30-bb1a4d691fa0;415.01;0.5;UNKNOWN
2016-04-09T01:21:04.000000;2016-04-09T01:21:04.000000;37e49914-1a5b-48b0-90e6-1f7b23a695f7;415.01;0.012;UNKNOWN
2016-04-09T01:21:18.000000;2016-04-09T01:21:18.000000;f06bd8cd-5891-4749-9803-bfaf346639cb;415.0;9.51333555;UNKNOWN
2016-04-09T01:21:54.000000;2016-04-09T01:21:54.000000;2844b2f3-a13e-405e-8559-e37a0762cafd;415.0;4.0;UNKNOWN
2016-04-09T01:21:57.000000;2016-04-09T01:21:57.000000;7dc0a3dc-d4c1-4c94-8c39-a03b1e13e5a1;415.0;1.0;UNKNOWN
2016-04-09T01:21:58.000000;2016-04-09T01:21:58.000000;175f0784-9d8b-48e3-8e44-e10873b6b1e6;415.0;25.0;UNKNOWN
2016-04-09T01:21:59.000000;2016-04-09T01:21:59.000000;c705c98a-603f-4fd1-857e-0e34d58eb7d6;415.0;25.0;UNKNOWN
2016-04-09T01:22:00.000000;2016-04-09T01:22:00.000000;f1b33724-1f2f-473a-b32b-caae8a8701f8;415.0;5.65;UNKNOWN
2016-04-09T01:22:05.000000;2016-04-09T01:22:05.000000;a3a8fce5-ad0c-4945-84a5-4dbb76736384;415.0;15.94;UNKNOWN
2016-04-09T01:22:06.000000;2016-04-09T01:22:06.000000;cdf118c5-178a-41a2-b22c-68f886da89e5;415.0;12.0;UNKNOWN
2016-04-09T01:22:08.000000;2016-04-09T01:22:08.000000;25950468-a780-49da-b835-d416d6f3eeb7;415.0;15.35;UNKNOWN
2016-04-09T01:22:16.000000;2016-04-09T01:22:16.000000;78575629-7ab8-4dd8-88bb-7aa961a14b29;415.0;3.04;UNKNOWN
2016-04-09T01:22:18.000000;2016-04-09T01:22:18.000000;4a8ca16b-cf1c-416c-9459-bca414021dcb;415.0;5.0;UNKNOWN
2016-04-09T01:22:19.000000;2016-04-09T01:22:19.000000;253a84b6-45d9-421c-b2ef-babf73d1c239;415.0;1.0;UNKNOWN
2016-04-09T01:22:20.000000;2016-04-09T01:22:20.000000;2df15674-4396-4fab-81ea-8a8fc41fbd0e;415.0;5.78;UNKNOWN
2016-04-09T01:22:21.000000;2016-04-09T01:22:21.000000;da1de67e-a41e-48ee-8ad5-03952b355797;415.0;19.44227426;UNKNOWN
2016-04-09T01:22:22.000000;2016-04-09T01:22:22.000000;c42fb681-0913-41be-9030-ba3f900f0281;415.0;28.1932;UNKNOWN
2016-04-09T01:22:23.000000;2016-04-09T01:22:23.000000;1bf34c6b-868d-41af-bae9-7c479f49245e;415.0;0.98;UNKNOWN
2016-04-09T01:22:23.000000;2016-04-09T01:22:23.000000;aa594a80-0d98-4f7e-a359-cee5d9faee18;415.0;0.2;UNKNOWN
2016-04-09T01:22:26.000000;2016-04-09T01:22:26.000000;258220da-f5d6-4962-ae08-6ea0de76cd98;415.0;0.24096386;UNKNOWN
2016-04-09T01:22:26.000000;2016-04-09T01:22:26.000000;511c010d-ce05-46de-9cad-2c7229de2eee;415.0;0.7926806;UNKNOWN
2016-04-09T01:22:26.000000;2016-04-09T01:22:26.000000;adc80d59-4099-4cd3-8b70-8483e6e3cd24;415.0;8.71964277;UNKNOWN
2016-04-09T01:22:26.000000;2016-04-09T01:22:26.000000;4d48c830-f478-4acd-99d6-ea290cb26258;415.0;3.0;UNKNOWN
2016-04-09T01:22:26.000000;2016-04-09T01:22:26.000000;7d3e82cf-a1f2-4b02-bbea-a823328c3ef6;415.0;19.99;UNKNOWN
2016-04-09T01:22:26.000000;2016-04-09T01:22:26.000000;58ce5136-e963-4e7c-801a-f1de0d653282;415.0;0.3027;UNKNOWN
2016-04-09T01:22:26.000000;2016-04-09T01:22:26.000000;8b5f886d-ee3a-475c-896e-3d5e667da447;415.0;4.0;UNKNOWN
2016-04-09T01:22:26.000000;2016-04-09T01:22:26.000000;22b45e42-3b8d-4f8a-b238-77e77e9ea269;415.0;3.0;UNKNOWN
2016-04-09T01:22:30.000000;2016-04-09T01:22:30.000000;6427ae8c-5c55-48d6-94b9-d211616fdab6;414.53;0.0103;UNKNOWN
2016-04-09T01:22:30.000000;2016-04-09T01:22:30.000000;1965fcb8-ea27-4501-85c3-bc9f1913d05d;414.87;5.0;UNKNOWN
2016-04-09T01:22:30.000000;2016-04-09T01:22:30.000000;412198e4-4c49-4998-b482-62adfb647afc;414.6;0.02;UNKNOWN
2016-04-09T01:22:30.000000;2016-04-09T01:22:30.000000;1a472112-8613-45df-8160-184e017001a9;414.7;0.1419;UNKNOWN
2016-04-09T01:22:30.000000;2016-04-09T01:22:30.000000;75f472ec-1077-4a88-b696-b38f5650868d;414.63;0.02;UNKNOWN
2016-04-09T01:22:30.000000;2016-04-09T01:22:30.000000;a6a0192c-b9d1-4b9e-b9b5-24b4114d6df9;414.51;4.78739018;UNKNOWN
2016-04-09T01:22:30.000000;2016-04-09T01:22:30.000000;1cc5a07d-13b0-47dd-ab39-29640f105928;414.86;0.02;UNKNOWN
2016-04-09T01:22:30.000000;2016-04-09T01:22:30.000000;3f07b7fd-e076-4f11-8d3d-81895ab9fb44;414.9;1.0;UNKNOWN
2016-04-09T01:22:30.000000;2016-04-09T01:22:30.000000;66ad953f-cb86-41d3-940f-a6222612e0f7;414.85;0.011;UNKNOWN
2016-04-09T01:22:30.000000;2016-04-09T01:22:30.000000;dc06cd5f-5fc9-4f77-8042-3bf41d3817d3;414.66;0.02040982;UNKNOWN
2016-04-09T01:22:30.000000;2016-04-09T01:22:30.000000;6c6af585-fd98-494d-a31f-a53c01f3fb97;414.6;5.0;UNKNOWN
2016-04-09T01:22:31.000000;2016-04-09T01:22:31.000000;9f866e4f-7aa5-4cb3-bd6c-856a22f3e91f;414.76;0.236;UNKNOWN
2016-04-09T01:22:33.000000;2016-04-09T01:22:33.000000;77199fbc-d0ba-4f47-8a27-5b2b76bd2e7a;414.52;0.7194;UNKNOWN
2016-04-09T01:22:34.000000;2016-04-09T01:22:34.000000;e1d8ffe0-5e4e-4e9a-9b5b-48f0c0f9020e;414.51;5.20260982;UNKNOWN
2016-04-09T01:22:34.000000;2016-04-09T01:22:34.000000;77fb0690-55d3-4734-aeb3-977c9cbb43bc;414.5;0.02;UNKNOWN
2016-04-09T01:22:34.000000;2016-04-09T01:22:34.000000;ba6256d0-872b-41cf-9794-26a3f42c0ffd;414.5;0.136;UNKNOWN
2016-04-09T01:22:34.000000;2016-04-09T01:22:34.000000;92a46272-e28e-4d0c-9b20-ee1d893ed03a;414.48;0.24588383;UNKNOWN
2016-04-09T01:22:34.000000;2016-04-09T01:22:34.000000;55eb65e8-e365-41d4-9e27-dad1ca2be48c;414.5;0.02;UNKNOWN
2016-04-09T01:22:34.000000;2016-04-09T01:22:34.000000;c146876f-c822-4cc8-9a2d-7642aa191027;414.47;2.7553;UNKNOWN
2016-04-09T01:22:34.000000;2016-04-09T01:22:34.000000;d98a4512-c73b-45d5-b386-154bac48692c;414.5;0.24125452;UNKNOWN
2016-04-09T01:22:34.000000;2016-04-09T01:22:34.000000;eb93e2fa-1544-40fc-b397-764bd32b9cd7;414.5;0.24125452;UNKNOWN
2016-04-09T01:22:35.000000;2016-04-09T01:22:35.000000;579b5379-2a2a-45e7-963c-2f41791b9425;414.39;5.0;UNKNOWN
2016-04-09T01:22:35.000000;2016-04-09T01:22:35.000000;21858932-bcb5-405c-8b59-bab04fa62d55;414.0;0.03;UNKNOWN
2016-04-09T01:22:35.000000;2016-04-09T01:22:35.000000;3c29cd9c-f73f-43e3-b419-780a4d63c8d0;413.5;3.5;UNKNOWN
2016-04-09T01:22:35.000000;2016-04-09T01:22:35.000000;92b60fa5-0b11-4e9c-9f79-f719cc67814a;414.0;2.0;UNKNOWN
2016-04-09T01:22:35.000000;2016-04-09T01:22:35.000000;e4290312-181e-4108-8afa-a66044817f1f;414.01;9.99;UNKNOWN
2016-04-09T01:22:35.000000;2016-04-09T01:22:35.000000;a5743644-688d-4e5f-a137-9ade015b46aa;413.76;0.02234069;UNKNOWN
2016-04-09T01:22:35.000000;2016-04-09T01:22:35.000000;74cc4d79-3722-457e-80d7-25dfd27cf020;414.0;10.0865;UNKNOWN
2016-04-09T01:22:35.000000;2016-04-09T01:22:35.000000;a4a05556-677f-4152-b890-9e4d7c43547e;413.5;0.72375423;UNKNOWN
2016-04-09T01:22:35.000000;2016-04-09T01:22:35.000000;818af831-b317-4dce-97ad-3b9891bbc68b;413.52;6.76141077;UNKNOWN
2016-04-09T01:22:35.000000;2016-04-09T01:22:35.000000;ccafa11d-d4ad-47ed-a1a6-fe424374f945;413.55;1.25;UNKNOWN
2016-04-09T01:22:35.000000;2016-04-09T01:22:35.000000;d4ed5bfe-4235-47ae-98af-6e46e2df1019;414.1;0.05;UNKNOWN
2016-04-09T01:22:35.000000;2016-04-09T01:22:35.000000;7b71b428-805c-46eb-826f-3185b2df3567;413.51;3.27624577;UNKNOWN
2016-04-09T01:22:35.000000;2016-04-09T01:22:35.000000;573bfce2-bf91-464c-9817-b3829120ce16;413.51;0.024835;UNKNOWN
2016-04-09T01:22:35.000000;2016-04-09T01:22:35.000000;350862cc-34e3-4f71-8eac-a7ddd84ef2e4;413.83;1.0;UNKNOWN
2016-04-09T01:22:35.000000;2016-04-09T01:22:35.000000;11fbe44a-5657-4f63-a8d1-52fd02a5a16c;413.52;5.91408923;UNKNOWN
2016-04-09T01:22:35.000000;2016-04-09T01:22:35.000000;a56c854f-d100-47a7-8a7a-b8cecd927212;413.51;6.71375423;UNKNOWN
2016-04-09T01:22:35.000000;2016-04-09T01:22:35.000000;42abe705-e884-42f3-abc4-0fee6fb360b5;414.4;0.5;UNKNOWN
2016-04-09T01:22:35.000000;2016-04-09T01:22:35.000000;74b4acba-ad9c-4b22-9eed-9d25a2b32d82;413.54;0.02;UNKNOWN
2016-04-09T01:22:35.000000;2016-04-09T01:22:35.000000;ebc67b39-bb19-4172-812c-fb331aff4411;414.01;1.07958883;UNKNOWN
2016-04-09T01:22:35.000000;2016-04-09T01:22:35.000000;80e7184e-9839-4d1a-8ec6-720b931b112f;414.23;1.0;UNKNOWN
2016-04-09T01:22:35.000000;2016-04-09T01:22:35.000000;05a97e2d-3bd1-4af9-a1d5-a0faf0cf00de;414.22;2.66;UNKNOWN
2016-04-09T01:22:35.000000;2016-04-09T01:22:35.000000;a93d1084-cd6c-4825-a835-1d70c5b4995f;414.0;1.0;UNKNOWN
2016-04-09T01:22:35.000000;2016-04-09T01:22:35.000000;fe689cdd-fb09-4482-9700-70b00ae4fb85;413.88;2.75316102;UNKNOWN
2016-04-09T01:22:35.000000;2016-04-09T01:22:35.000000;e248119d-ccee-4612-b9e1-06b50a269422;414.41;2.5;UNKNOWN
2016-04-09T01:22:35.000000;2016-04-09T01:22:35.000000;82565fdb-b870-4541-bcd3-ddbb15be87fb;413.88;26.59858077;UNKNOWN
2016-04-09T01:22:35.000000;2016-04-09T01:22:35.000000;80c7634a-1df8-4afe-9fd4-0f3f29c7efec;414.0;4.0;UNKNOWN
2016-04-09T01:22:35.000000;2016-04-09T01:22:35.000000;536771b6-6f36-4103-afd2-d14cb4ebfe02;414.0;19.99;UNKNOWN
2016-04-09T01:22:35.000000;2016-04-09T01:22:35.000000;0ee5eaa0-c069-4898-9d6e-e5312f06c22d;413.92;0.0104;UNKNOWN
2016-04-09T01:22:35.000000;2016-04-09T01:22:35.000000;d587dea5-7b9c-4cbe-9dc8-a56378fc0d72;413.89;1.10035015;UNKNOWN
2016-04-09T01:22:35.000000;2016-04-09T01:22:35.000000;cbf24077-ada1-4b8a-97c7-980a19275d1c;414.0;0.25;UNKNOWN
2016-04-09T01:22:35.000000;2016-04-09T01:22:35.000000;a1fee0f2-0ffe-43bb-9b7c-f57033a23a4c;414.0;1.0;UNKNOWN
2016-04-09T01:22:41.000000;2016-04-09T01:22:41.000000;b79b1163-efc8-4183-9566-6c54afd99942;413.5;5.77624577;UNKNOWN
2016-04-09T01:22:41.000000;2016-04-09T01:22:41.000000;bb9bcb93-a78a-43be-be36-a9a40adf1579;414.02;5.03;UNKNOWN
2016-04-09T01:22:41.000000;2016-04-09T01:22:41.000000;219f6bf8-5827-40b7-96e1-873a94867022;413.24;0.102793;UNKNOWN
2016-04-09T01:22:41.000000;2016-04-09T01:22:41.000000;45ebf566-b9b0-4375-86e0-cb1e992bb7ee;413.13;0.05;UNKNOWN
2016-04-09T01:22:41.000000;2016-04-09T01:22:41.000000;432b2b59-f4e8-46df-8224-3cea01bb2815;413.43;1.0;UNKNOWN
2016-04-09T01:22:41.000000;2016-04-09T01:22:41.000000;4dfe6c98-0970-4de3-afdd-e74f748197f2;413.04;1.58456123;UNKNOWN
2016-04-09T01:22:41.000000;2016-04-09T01:22:41.000000;15e0fa87-01af-44b4-abd6-a6b37862f237;413.19;5.0;UNKNOWN
2016-04-09T01:22:41.000000;2016-04-09T01:22:41.000000;c9b83a5b-2890-40c4-838d-d8189f1597fd;414.02;4.6279;UNKNOWN
2016-04-09T01:22:41.000000;2016-04-09T01:22:41.000000;042ba25a-9038-4356-bbd8-abb4f306578b;413.4;0.16;UNKNOWN
2016-04-09T01:22:41.000000;2016-04-09T01:22:41.000000;42ce9173-340c-46ea-9c9a-856abfd50a87;414.02;0.22;UNKNOWN
2016-04-09T01:22:41.000000;2016-04-09T01:22:41.000000;e80c3800-6fe7-4d07-a408-c04785245d2a;413.24;11.6532;UNKNOWN
2016-04-09T01:22:41.000000;2016-04-09T01:22:41.000000;7ff5b424-7b2e-4610-97cb-7909e06bc1c9;413.23;1.0;UNKNOWN
2016-04-09T01:22:41.000000;2016-04-09T01:22:41.000000;c5f36ec6-d09f-4d78-a706-644657ecf885;414.02;1.0;UNKNOWN
2016-04-09T01:22:41.000000;2016-04-09T01:22:41.000000;96d43afe-2aaa-4c92-aea4-45457f1465b9;413.22;1.0;UNKNOWN
2016-04-09T01:22:41.000000;2016-04-09T01:22:41.000000;283fa368-3f94-45da-9ca1-7e866ac1246d;413.22;0.67986123;UNKNOWN
2016-04-09T01:22:41.000000;2016-04-09T01:22:41.000000;13db788d-82ba-4e06-9af9-8f7739d1ba52;414.02;0.25;UNKNOWN
2016-04-09T01:22:41.000000;2016-04-09T01:22:41.000000;5010db7d-f255-435c-a961-a5a16cccbfd9;413.19;0.36543877;UNKNOWN
2016-04-09T01:22:41.000000;2016-04-09T01:22:41.000000;39ac43b0-5bee-46ec-96b7-b6df45fa38ea;413.13;1.0;UNKNOWN
2016-04-09T01:22:41.000000;2016-04-09T01:22:41.000000;1d6d91e1-d8fa-41dd-bee1-75b8af7f2c79;414.02;20.0;UNKNOWN
2016-04-09T01:22:41.000000;2016-04-09T01:22:41.000000;634a6e7e-e4cc-41e7-99f3-3b9fca35a703;413.22;0.86543877;UNKNOWN
2016-04-09T01:22:41.000000;2016-04-09T01:22:41.000000;0b472a0f-bd06-488b-ae75-77e74a88e989;413.22;1.0;UNKNOWN
2016-04-09T01:22:41.000000;2016-04-09T01:22:41.000000;e47a9777-2772-48e0-bacd-f7f69a9325d9;413.19;4.63456123;UNKNOWN
2016-04-09T01:22:41.000000;2016-04-09T01:22:41.000000;e3624c8c-ac8b-4450-a7bb-faa72caef154;413.22;9.75;UNKNOWN
2016-04-09T01:22:44.000000;2016-04-09T01:22:44.000000;029bd48f-dbf5-46c3-885d-83e8433efb04;413.89;1.0;UNKNOWN
2016-04-09T01:22:47.000000;2016-04-09T01:22:47.000000;ea755248-ddf2-4339-936a-f899c6bdd8e9;413.72;0.19;UNKNOWN
2016-04-09T01:22:48.000000;2016-04-09T01:22:48.000000;e13db54f-e4ee-4544-805d-32bde00b2b16;413.51;2.84426224;UNKNOWN
2016-04-09T01:22:55.000000;2016-04-09T01:22:55.000000;d9be5d0a-55e4-433f-ad7a-e631fee17adc;413.71;0.242;UNKNOWN
2016-04-09T01:22:55.000000;2016-04-09T01:22:55.000000;e59144c4-f489-42bc-91df-38069194ee52;413.72;0.758;UNKNOWN
2016-04-09T01:23:00.000000;2016-04-09T01:23:00.000000;477e150f-f48f-4fc5-b41f-22a954933f19;413.52;0.237;UNKNOWN
2016-04-09T01:23:00.000000;2016-04-09T01:23:00.000000;a300041b-2d5d-44a0-9fc2-6228dd671bcb;413.52;0.238;UNKNOWN
2016-04-09T01:23:00.000000;2016-04-09T01:23:00.000000;47e19f79-cb2c-4840-8675-16a8afdc9222;413.3;1.0;UNKNOWN
2016-04-09T01:23:00.000000;2016-04-09T01:23:00.000000;c4b9299b-becd-4c8a-8adf-d915f320365b;413.54;5.9669;UNKNOWN
2016-04-09T01:23:02.000000;2016-04-09T01:23:02.000000;617f1ecb-b28c-499d-8e48-f93f04a981da;413.3;1.0;UNKNOWN
2016-04-09T01:23:04.000000;2016-04-09T01:23:04.000000;560654f7-3435-4273-911c-4db3d7e6707c;413.3;1.0;UNKNOWN
2016-04-09T01:23:05.000000;2016-04-09T01:23:05.000000;6a69978d-44cf-41c5-90ff-79aa6304fa34;413.04;0.177425;UNKNOWN
2016-04-09T01:23:05.000000;2016-04-09T01:23:05.000000;c0257007-4d84-4652-a4f1-2b05146ae1d2;413.24;0.025;UNKNOWN
2016-04-09T01:23:05.000000;2016-04-09T01:23:05.000000;a76d7ae6-acbb-4979-b724-07001b91833c;413.04;1.0;UNKNOWN
2016-04-09T01:23:09.000000;2016-04-09T01:23:09.000000;441fe241-902a-49f5-886a-4d40b150900d;413.3;0.1;UNKNOWN
2016-04-09T01:23:14.000000;2016-04-09T01:23:14.000000;d8653ef5-a5a6-4dd0-9666-4bc0858a6f9d;412.88;13.4435;UNKNOWN
2016-04-09T01:23:14.000000;2016-04-09T01:23:14.000000;5e202d14-03b7-42dd-8f92-7fd8b487904e;412.99;0.011;UNKNOWN
2016-04-09T01:23:14.000000;2016-04-09T01:23:14.000000;4acf8d14-9e06-4266-a590-9dc869f42769;413.05;31.8473;UNKNOWN
2016-04-09T01:23:14.000000;2016-04-09T01:23:14.000000;bd3aed79-18c0-4afd-89c7-f4e9204851e4;413.0;0.55;UNKNOWN
2016-04-09T01:23:14.000000;2016-04-09T01:23:14.000000;ab7193d9-378d-47ae-a6cb-9d7caf1727eb;412.74;14.14508355;UNKNOWN
2016-04-09T01:23:14.000000;2016-04-09T01:23:14.000000;f1e2a317-1973-4059-93ce-9e061fb96283;413.01;0.1605;UNKNOWN
2016-04-09T01:23:14.000000;2016-04-09T01:23:14.000000;a70d8fe8-d891-47bf-a702-4974c2d39c14;413.0;1.0;UNKNOWN
2016-04-09T01:23:14.000000;2016-04-09T01:23:14.000000;c5d61b1d-bf06-461c-9465-cbc29481a367;413.0;1.8409;UNKNOWN
2016-04-09T01:23:14.000000;2016-04-09T01:23:14.000000;cf680089-77e7-4b11-a5b4-6047e62e8817;413.3;10.0;UNKNOWN
2016-04-09T01:23:14.000000;2016-04-09T01:23:14.000000;6a7fc108-b0a1-4af4-abc1-f4e3ee9e852e;412.87;51.0;UNKNOWN
2016-04-09T01:23:14.000000;2016-04-09T01:23:14.000000;cc66178e-bc6c-428c-bb70-c11e4f22cf7c;413.0;2.0;UNKNOWN
2016-04-09T01:23:14.000000;2016-04-09T01:23:14.000000;1442dc1e-b82f-42c7-965d-c4655c3a81ad;413.0;1.0;UNKNOWN
2016-04-09T01:23:14.000000;2016-04-09T01:23:14.000000;e446000b-e9b6-4eb5-b3c0-64316ff04fa6;413.03;0.064947;UNKNOWN
2016-04-09T01:23:14.000000;2016-04-09T01:23:14.000000;6c92a750-ed22-4e30-b543-df57b1d3332a;413.0;19.99;UNKNOWN
2016-04-09T01:23:14.000000;2016-04-09T01:23:14.000000;cad27c99-b7a4-405b-ad7b-43cd0ecd3cab;413.3;3.0;UNKNOWN
2016-04-09T01:23:14.000000;2016-04-09T01:23:14.000000;aec8b3d0-5ca2-43c7-97ba-7f2db1e26720;413.0;0.21;UNKNOWN
2016-04-09T01:23:14.000000;2016-04-09T01:23:14.000000;3fd68993-0dd7-47da-a8b6-0e4db74b1c36;413.01;9.99;UNKNOWN
2016-04-09T01:23:14.000000;2016-04-09T01:23:14.000000;b800ad33-eeb6-4713-8770-6e3a206da48f;412.99;0.08;UNKNOWN
2016-04-09T01:23:14.000000;2016-04-09T01:23:14.000000;66bb92b7-33c5-4916-b910-359ac6ae1079;412.9;1.1605;UNKNOWN
2016-04-09T01:23:14.000000;2016-04-09T01:23:14.000000;9488aaa5-affb-4ef7-8a0d-c360ac6e7460;412.9;1.0;UNKNOWN
2016-04-09T01:23:14.000000;2016-04-09T01:23:14.000000;e87eb344-7780-4de3-a24e-7cc01334507b;413.05;14.3677;UNKNOWN
2016-04-09T01:23:18.000000;2016-04-09T01:23:18.000000;7d87cb3e-3716-47ef-937d-cf53e0106d76;412.93;1.0;UNKNOWN
2016-04-09T01:23:18.000000;2016-04-09T01:23:18.000000;c8e83554-2e58-4069-86a2-b195c0719ec0;412.93;1.0;UNKNOWN
2016-04-09T01:23:18.000000;2016-04-09T01:23:18.000000;9da42681-1251-40b7-a9e4-737957676f56;412.83;0.14231043;UNKNOWN
2016-04-09T01:23:21.000000;2016-04-09T01:23:21.000000;97d98a27-1996-4a87-a31d-ca462a9dea8c;412.76;3.11910043;UNKNOWN
2016-04-09T01:23:21.000000;2016-04-09T01:23:21.000000;c94f86de-f443-4b73-9a5c-55eac6aa5079;412.93;10.72768957;UNKNOWN
2016-04-09T01:23:21.000000;2016-04-09T01:23:21.000000;3e21327f-8942-41f4-8093-5b706be2e05e;413.11;1.0021;UNKNOWN
2016-04-09T01:23:21.000000;2016-04-09T01:23:21.000000;d0cf4d4d-6998-406c-b6f8-968635e52501;413.05;0.08911;UNKNOWN
2016-04-09T01:23:28.000000;2016-04-09T01:23:28.000000;6d973ec1-b4f1-4ad5-9df9-8f458ec4617e;413.12;14.938;UNKNOWN
2016-04-09T01:23:33.000000;2016-04-09T01:23:33.000000;23e05e61-93f2-43e9-94d2-7a31f20092bf;412.92;3.84889;UNKNOWN
2016-04-09T01:23:33.000000;2016-04-09T01:23:33.000000;52de74d2-7546-4c6b-b808-63a640515bc6;413.0;1.0;UNKNOWN
2016-04-09T01:23:33.000000;2016-04-09T01:23:33.000000;7d55fd86-6f33-41ea-9bed-bc3c7eb6a0d5;413.0;10.0;UNKNOWN
2016-04-09T01:23:33.000000;2016-04-09T01:23:33.000000;1ffe7bf8-5577-4a12-a52e-e3cf1c232d7e;413.05;0.08911;UNKNOWN
2016-04-09T01:23:37.000000;2016-04-09T01:23:37.000000;d1d8935a-84ea-40e7-b593-60132e1d5b63;413.13;14.938;UNKNOWN
2016-04-09T01:23:39.000000;2016-04-09T01:23:39.000000;8b6b2985-c52f-4e85-bda0-a7d2b8d25f43;413.7;0.46193681;UNKNOWN
2016-04-09T01:23:42.000000;2016-04-09T01:23:42.000000;13c3e44b-068c-4b23-8ee0-3503ae140610;412.76;4.938;UNKNOWN
2016-04-09T01:23:42.000000;2016-04-09T01:23:42.000000;ecd221ec-3dbc-44ae-a4aa-425fd7a89cac;413.03;5.9752;UNKNOWN
2016-04-09T01:23:42.000000;2016-04-09T01:23:42.000000;84a9171c-a03f-4428-b5ef-359acf1207e4;412.89;5.03788477;UNKNOWN
2016-04-09T01:23:42.000000;2016-04-09T01:23:42.000000;41f94789-d382-4aae-8735-b26de23d6613;413.18;0.1816;UNKNOWN
2016-04-09T01:23:42.000000;2016-04-09T01:23:42.000000;9bc25ec1-954e-4ab8-b8f1-6c603b844221;412.8;10.0;UNKNOWN
2016-04-09T01:23:42.000000;2016-04-09T01:23:42.000000;7ec532de-cdba-4304-842f-66f077bf1d3d;413.01;12.0;UNKNOWN
2016-04-09T01:23:47.000000;2016-04-09T01:23:47.000000;a71be621-1cf3-4f6a-a2f3-0d57239ca5a2;412.55;1.1841;UNKNOWN
2016-04-09T01:23:47.000000;2016-04-09T01:23:47.000000;06d95434-247e-4cbd-a37a-6dcdad7d5796;412.6;13.2539;UNKNOWN
2016-04-09T01:23:47.000000;2016-04-09T01:23:47.000000;9ddbdb9e-b8a1-46ba-995f-dfbc61c44d42;412.72;0.5;UNKNOWN
2016-04-09T01:24:03.000000;2016-04-09T01:24:03.000000;f404e5dc-c6e0-426f-8220-738754b332e8;413.01;2.0;UNKNOWN
2016-04-09T01:24:03.000000;2016-04-09T01:24:03.000000;8f5d334a-a97f-448c-a027-c4f22f3f44bf;413.01;0.012;UNKNOWN
2016-04-09T01:24:03.000000;2016-04-09T01:24:03.000000;6c49ba10-fee3-4c2a-8bf4-6a622ebbfde3;413.01;0.015;UNKNOWN
2016-04-09T01:24:04.000000;2016-04-09T01:24:04.000000;5a6fc768-53ec-4906-877f-d23ef97aae68;413.01;0.05;UNKNOWN
2016-04-09T01:24:04.000000;2016-04-09T01:24:04.000000;dc4f7760-afdd-4072-8581-c4796ada72d2;413.01;0.013;UNKNOWN
2016-04-09T01:24:04.000000;2016-04-09T01:24:04.000000;411f72ba-ff62-445b-b0c7-b9f8d376eecd;413.01;0.011;UNKNOWN
2016-04-09T01:24:04.000000;2016-04-09T01:24:04.000000;0ede3d82-8455-450d-b441-a2a878851a13;413.01;0.014;UNKNOWN
2016-04-09T01:24:04.000000;2016-04-09T01:24:04.000000;38742c21-bae9-4648-9222-cb78ecf40707;413.0;3.0;UNKNOWN
2016-04-09T01:24:07.000000;2016-04-09T01:24:07.000000;5a310ea4-0519-40fe-9f9c-c9974e3c7c1e;413.0;0.952;UNKNOWN
2016-04-09T01:24:12.000000;2016-04-09T01:24:12.000000;2e01269a-9825-4b8c-a7da-1948d3d86ec2;412.64;0.025;UNKNOWN
2016-04-09T01:24:16.000000;2016-04-09T01:24:16.000000;71f82d95-cfc0-4891-a11c-e5006fd14377;412.64;0.01180584;UNKNOWN
2016-04-09T01:24:20.000000;2016-04-09T01:24:20.000000;ea5e8256-283b-44c6-804b-e5ffd84bd612;412.64;0.01310664;UNKNOWN
2016-04-09T01:24:22.000000;2016-04-09T01:24:22.000000;9e49e911-79a1-4de0-afa5-8efb97a96ed9;412.6;0.5;UNKNOWN
2016-04-09T01:24:24.000000;2016-04-09T01:24:24.000000;440305b9-1869-4a0a-8f5e-b70853350064;412.64;0.025;UNKNOWN
2016-04-09T01:24:24.000000;2016-04-09T01:24:24.000000;2b8fcb01-ef7e-4537-b730-f0c696a816e0;412.64;0.01391984;UNKNOWN
2016-04-09T01:24:26.000000;2016-04-09T01:24:26.000000;4961b0e3-e5e0-4355-99bb-4ebc8671ed0b;412.63;0.182;UNKNOWN
2016-04-09T01:24:26.000000;2016-04-09T01:24:26.000000;2f967671-aff4-499a-82b9-bbb4ecfff1f4;412.64;0.06925851;UNKNOWN
2016-04-09T01:24:27.000000;2016-04-09T01:24:27.000000;2fcef4f8-312c-4888-baa3-8b53f510b8c4;412.64;0.01535861;UNKNOWN
2016-04-09T01:24:27.000000;2016-04-09T01:24:27.000000;7813bc34-fec7-4c5d-a8fe-6a74413d9139;412.64;0.39183596;UNKNOWN
2016-04-09T01:24:31.000000;2016-04-09T01:24:31.000000;e43a14f0-0901-4917-a853-ec9aeb641a64;412.61;5.9938;UNKNOWN
2016-04-09T01:24:32.000000;2016-04-09T01:24:32.000000;cc44d7ff-c457-4d18-bc7f-afa418936fe8;412.6;1.0;UNKNOWN
2016-04-09T01:24:33.000000;2016-04-09T01:24:33.000000;fb2b0390-9758-4c5b-868e-8b3ef47ad4f9;412.5;0.15;UNKNOWN
2016-04-09T01:24:33.000000;2016-04-09T01:24:33.000000;5cdb6991-02dc-4982-96a9-f7b371841999;412.4;10.0;UNKNOWN
2016-04-09T01:24:33.000000;2016-04-09T01:24:33.000000;3030e9dd-124b-46ce-af85-9a3b3fc3899c;412.53;6.0;UNKNOWN
2016-04-09T01:24:33.000000;2016-04-09T01:24:33.000000;dd519ff7-5c2f-4175-8a76-0236591f668a;412.4;6.0;UNKNOWN
2016-04-09T01:24:33.000000;2016-04-09T01:24:33.000000;7da8b5e4-bae5-4acb-87fb-52b45be92f39;412.55;0.9851;UNKNOWN
2016-04-09T01:24:33.000000;2016-04-09T01:24:33.000000;39d7802c-8777-4d69-a54f-5ac88b040512;412.39;0.212855;UNKNOWN
2016-04-09T01:24:33.000000;2016-04-09T01:24:33.000000;75aa130d-21a5-430e-ba01-83a7181cc4cd;412.19;0.9;UNKNOWN
2016-04-09T01:24:33.000000;2016-04-09T01:24:33.000000;585f8b8f-11eb-46a2-ab5c-e5c1c9bef55c;412.3;0.01;UNKNOWN
2016-04-09T01:24:33.000000;2016-04-09T01:24:33.000000;4fd7afa9-8fbe-427c-b9ef-287f06f94d45;412.33;1.0;UNKNOWN
2016-04-09T01:24:33.000000;2016-04-09T01:24:33.000000;09ab4bc4-1c82-437f-b8cd-1027b297106b;412.6;8.5;UNKNOWN
2016-04-09T01:24:33.000000;2016-04-09T01:24:33.000000;41cf4dc9-5766-48a7-9c86-a326a03564bc;412.16;6.242045;UNKNOWN
2016-04-09T01:24:41.000000;2016-04-09T01:24:41.000000;379a282e-2354-4b8e-a710-21b5d678988d;412.22;0.0633;UNKNOWN
2016-04-09T01:24:41.000000;2016-04-09T01:24:41.000000;b067ec87-cf19-467a-9028-cb7076bba106;412.17;0.9367;UNKNOWN
2016-04-09T01:24:41.000000;2016-04-09T01:24:41.000000;01a5c799-0b3a-4297-b5e4-46794ccdf187;412.22;27.2187;UNKNOWN
2016-04-09T01:24:41.000000;2016-04-09T01:24:41.000000;3334a1fe-c6f6-4981-9300-c73c8d4d1d3a;412.22;1.0;UNKNOWN
2016-04-09T01:24:41.000000;2016-04-09T01:24:41.000000;a2e1406b-2634-477b-a5da-8b3c4d284906;412.23;22.7813;UNKNOWN
2016-04-09T01:24:48.000000;2016-04-09T01:24:48.000000;a463e1af-c7f5-49da-a71b-ae235b392590;412.24;0.6367;UNKNOWN
2016-04-09T01:24:48.000000;2016-04-09T01:24:48.000000;88fbfc81-1086-4d8e-937e-0ae06c9e0fc2;412.15;0.51583996;UNKNOWN
2016-04-09T01:24:48.000000;2016-04-09T01:24:48.000000;85b815d6-8ba6-47a7-ba42-7853a130b0e7;412.37;0.0633;UNKNOWN
2016-04-09T01:25:01.000000;2016-04-09T01:25:01.000000;c9ddafd3-dcab-460e-b226-a3e91793c915;412.13;1.0;UNKNOWN
2016-04-09T01:25:01.000000;2016-04-09T01:25:01.000000;fa27bb6c-e6af-4c52-bc1d-c3ffe0534355;412.1;9.91483996;UNKNOWN
2016-04-09T01:25:01.000000;2016-04-09T01:25:01.000000;664177a4-918d-4d88-99fc-b305cb26d00c;412.16;31.9337;UNKNOWN
2016-04-09T01:25:01.000000;2016-04-09T01:25:01.000000;25caeec2-b4a7-4889-9f37-9be45bf06b92;412.15;2.03416004;UNKNOWN
2016-04-09T01:25:01.000000;2016-04-09T01:25:01.000000;2c47c93f-c1af-4f82-88ef-746ec0b02950;412.19;0.0923;UNKNOWN
2016-04-09T01:25:01.000000;2016-04-09T01:25:01.000000;384fe940-edda-4414-b04c-2dabce4f4d79;412.24;0.025;UNKNOWN
2016-04-09T01:25:03.000000;2016-04-09T01:25:03.000000;6772b2d1-8f74-49f9-8b5d-061666c6db43;412.5;0.015;UNKNOWN
2016-04-09T01:25:03.000000;2016-04-09T01:25:03.000000;392a1a7c-b2f0-4223-8d8e-17cfd5b45d63;412.5;0.012;UNKNOWN
2016-04-09T01:25:04.000000;2016-04-09T01:25:04.000000;032e5744-71cb-4d4a-bfb6-dc714166b831;412.5;0.05;UNKNOWN
2016-04-09T01:25:04.000000;2016-04-09T01:25:04.000000;2cbf5260-1b09-427f-8a18-d54b8bf3d493;412.21;2.0;UNKNOWN
2016-04-09T01:25:04.000000;2016-04-09T01:25:04.000000;ff6b7cc6-34a4-42ef-ad19-e5433b0bb0a1;412.5;0.014;UNKNOWN
2016-04-09T01:25:05.000000;2016-04-09T01:25:05.000000;5c54129b-5c16-4b5b-a02b-c369ba691ad7;412.5;0.011;UNKNOWN
2016-04-09T01:25:05.000000;2016-04-09T01:25:05.000000;fb246730-5739-4cfc-993c-6a2bff63dc4c;412.5;1.8;UNKNOWN
2016-04-09T01:25:05.000000;2016-04-09T01:25:05.000000;f901e1c5-396f-4f7a-8cce-219d4cc798cc;412.5;0.013;UNKNOWN
2016-04-09T01:25:08.000000;2016-04-09T01:25:08.000000;c2a332e5-1d39-4f71-a6e6-39f68dfd9861;412.5;1.14;UNKNOWN
2016-04-09T01:25:12.000000;2016-04-09T01:25:12.000000;e30d72f1-71db-4528-9c28-8a0d8dabee69;412.5;5.0;UNKNOWN
2016-04-09T01:25:12.000000;2016-04-09T01:25:12.000000;d3193efb-fe60-4535-928f-536286a99912;412.5;3.4;UNKNOWN
2016-04-09T01:25:14.000000;2016-04-09T01:25:14.000000;4b7ba4e4-7881-4e7f-a516-8b34b970b0fb;412.5;0.1544;UNKNOWN
2016-04-09T01:25:15.000000;2016-04-09T01:25:15.000000;c9efe0cb-61c3-4ba4-8a71-0c9eadf0bb5d;412.5;1.55;UNKNOWN
2016-04-09T01:25:17.000000;2016-04-09T01:25:17.000000;819d3252-9b64-47e9-8995-9016b34bef15;412.45;0.01;UNKNOWN
2016-04-09T01:25:22.000000;2016-04-09T01:25:22.000000;8397bb63-69b7-49a5-9045-7568761b6a53;412.61;0.06099999;UNKNOWN
2016-04-09T01:25:23.000000;2016-04-09T01:25:23.000000;ff09a97a-6875-4ec7-a25d-0b803e9f0b8d;412.96;5.0;UNKNOWN
2016-04-09T01:25:24.000000;2016-04-09T01:25:24.000000;226cd2f1-fcd8-43c2-9aa2-fda83806ddc3;412.66;0.01;UNKNOWN
2016-04-09T01:25:26.000000;2016-04-09T01:25:26.000000;22ee0058-4adf-453a-b2de-e453b8b1060f;412.99;0.02050006;UNKNOWN
2016-04-09T01:25:26.000000;2016-04-09T01:25:26.000000;4e373154-1d94-4b97-82b5-a1076310d5d5;413.0;0.02949994;UNKNOWN
2016-04-09T01:25:28.000000;2016-04-09T01:25:28.000000;292e213d-293a-4cf2-9d44-4c72f1a24f36;413.0;0.46646166;UNKNOWN
2016-04-09T01:25:28.000000;2016-04-09T01:25:28.000000;7a22124e-32a0-4c24-ba5b-2af0d141c525;413.0;0.65984117;UNKNOWN
2016-04-09T01:25:44.000000;2016-04-09T01:25:44.000000;8fa7b6e0-8938-4197-9a93-248487414112;412.98;0.025;UNKNOWN
2016-04-09T01:25:46.000000;2016-04-09T01:25:46.000000;43b2f043-2983-4b51-b06a-732c69b33773;412.82;4.0;UNKNOWN
2016-04-09T01:25:49.000000;2016-04-09T01:25:49.000000;c219c64f-6ddc-45ea-9879-83258e7a2730;412.97;0.243;UNKNOWN
2016-04-09T01:25:49.000000;2016-04-09T01:25:49.000000;5169578b-8e3b-4eb1-be4c-1b8eb23a83ed;413.0;0.757;UNKNOWN
2016-04-09T01:25:51.000000;2016-04-09T01:25:51.000000;96c8047d-37d5-42f4-874f-194e67d20b92;413.0;3.0;UNKNOWN
2016-04-09T01:25:54.000000;2016-04-09T01:25:54.000000;d3f7bde7-46a2-429b-8f6f-895bc7a5d362;413.0;0.7;UNKNOWN
2016-04-09T01:25:55.000000;2016-04-09T01:25:55.000000;716f1dd8-77d2-47d1-b9d3-bdc08f18b924;413.0;14.43;UNKNOWN
2016-04-09T01:25:58.000000;2016-04-09T01:25:58.000000;44bd1a32-15ea-4098-9807-d8e53d7f984d;413.0;19.4973;UNKNOWN
2016-04-09T01:25:58.000000;2016-04-09T01:25:58.000000;0d8e52d0-1da8-477c-9c60-843ea043e786;413.0;2.68;UNKNOWN
2016-04-09T01:26:01.000000;2016-04-09T01:26:01.000000;da4439da-a40c-4cca-a71e-be984eb85130;413.0;0.76;UNKNOWN
2016-04-09T01:26:05.000000;2016-04-09T01:26:05.000000;adde9c17-f874-4d9f-8e98-b005ce37e725;413.0;0.8;UNKNOWN
2016-04-09T01:26:06.000000;2016-04-09T01:26:06.000000;3390123c-8685-435a-84ec-379f1158683a;412.99;2.0;UNKNOWN
2016-04-09T01:26:06.000000;2016-04-09T01:26:06.000000;449296f0-33c4-47a4-addd-75fb12710aca;413.0;8.8776;UNKNOWN
2016-04-09T01:26:06.000000;2016-04-09T01:26:06.000000;c4ab59f5-1ac3-4f5d-a969-b0e1fc42e182;413.0;0.013;UNKNOWN
2016-04-09T01:26:08.000000;2016-04-09T01:26:08.000000;3a03344a-3e56-4ea5-a7aa-8795dc6c9783;413.0;46.67929723;UNKNOWN
2016-04-09T01:26:08.000000;2016-04-09T01:26:08.000000;65ae5dae-50b7-405b-9231-9e9e7ad28f07;413.0;0.65;UNKNOWN
2016-04-09T01:26:14.000000;2016-04-09T01:26:14.000000;22a2d6f8-acc8-4ea2-8ed4-3d82a834c28c;413.68;2.0;UNKNOWN
2016-04-09T01:26:22.000000;2016-04-09T01:26:22.000000;5ce74839-d5c0-454f-a276-6dfb654feb2f;413.67;0.182;UNKNOWN
2016-04-09T01:26:22.000000;2016-04-09T01:26:22.000000;ed9d890b-4089-465c-bf90-ea8d50dd9af7;413.86;0.018;UNKNOWN
2016-04-09T01:26:26.000000;2016-04-09T01:26:26.000000;e2ae8e01-ac39-43d6-923a-2d6a83d21141;413.92;0.242;UNKNOWN
2016-04-09T01:26:28.000000;2016-04-09T01:26:28.000000;accaa999-19ef-4c5c-879e-62bc9879d4de;413.92;5.5;UNKNOWN
2016-04-09T01:26:31.000000;2016-04-09T01:26:31.000000;6ea9effd-055a-4fbb-8918-de4f396fb8e8;414.24;2.0;UNKNOWN
2016-04-09T01:26:32.000000;2016-04-09T01:26:32.000000;069d4082-abf8-4896-aeb4-ca8484b36b3f;414.35;18.0526;UNKNOWN
2016-04-09T01:26:32.000000;2016-04-09T01:26:32.000000;8492e82d-2f2f-491e-87fd-f33ab1626b01;414.25;31.9474;UNKNOWN
2016-04-09T01:26:46.000000;2016-04-09T01:26:46.000000;fe1e7ae9-a38f-4ce9-a2fc-a7979011ebb2;414.98;0.02495;UNKNOWN
2016-04-09T01:26:46.000000;2016-04-09T01:26:46.000000;c006432e-9505-4914-93a7-54240564dba5;414.95;16.1523;UNKNOWN
2016-04-09T01:26:46.000000;2016-04-09T01:26:46.000000;c63a3277-3af9-41c4-9870-aee49cd930bb;414.24;0.242;UNKNOWN
2016-04-09T01:26:46.000000;2016-04-09T01:26:46.000000;be25945a-e6c5-4d34-9d2a-adcef02e7c34;415.04;3.01;UNKNOWN
2016-04-09T01:26:46.000000;2016-04-09T01:26:46.000000;e6fece82-71e3-441c-8c63-a2f27666f65d;415.09;3.92335;UNKNOWN
2016-04-09T01:26:46.000000;2016-04-09T01:26:46.000000;1a056614-cdc4-4d27-8a66-08e8ffe2d56f;415.02;13.6474;UNKNOWN
2016-04-09T01:26:46.000000;2016-04-09T01:26:46.000000;59a144c5-e56b-4e1e-9975-8dec6326a73b;414.97;3.0;UNKNOWN
2016-04-09T01:27:01.000000;2016-04-09T01:27:01.000000;3fe6c557-373e-4b7f-a26b-08a8e5581ca3;415.32;0.04;UNKNOWN
2016-04-09T01:27:01.000000;2016-04-09T01:27:01.000000;139db53a-28e5-4122-a6e4-c1100218a221;415.16;1.16;UNKNOWN
2016-04-09T01:27:05.000000;2016-04-09T01:27:05.000000;95629421-2d28-47e0-869e-75e396af70a4;414.93;0.181;UNKNOWN
2016-04-09T01:27:05.000000;2016-04-09T01:27:05.000000;ba30454b-eaa8-4df1-aab9-70ce7ad0b71b;414.94;0.242;UNKNOWN
2016-04-09T01:27:05.000000;2016-04-09T01:27:05.000000;d76dd5fb-c3c2-48bf-a54a-666ab6e50b56;415.32;0.5906;UNKNOWN
2016-04-09T01:27:12.000000;2016-04-09T01:27:12.000000;b0e1dd14-0d6a-49ba-9e80-505612fda34d;415.15;1.0;UNKNOWN
2016-04-09T01:27:16.000000;2016-04-09T01:27:16.000000;c2b4bea0-99a8-4cc7-abf3-4e77c3f4b572;415.15;1.18;UNKNOWN
2016-04-09T01:27:16.000000;2016-04-09T01:27:16.000000;7e371f52-d0dd-4ab7-ace3-ce630b24fa48;415.32;5.6914;UNKNOWN
2016-04-09T01:27:16.000000;2016-04-09T01:27:16.000000;26b2c193-8e9a-4a2b-b685-cd8d711f4a88;415.31;1.0686;UNKNOWN
2016-04-09T01:27:16.000000;2016-04-09T01:27:16.000000;e4c6ddf0-943a-4341-baf3-12e73989c7fa;415.2;0.06;UNKNOWN
2016-04-09T01:27:26.000000;2016-04-09T01:27:26.000000;362d3533-d1d1-43ed-a3e1-69da54de0225;415.03;0.235;UNKNOWN
2016-04-09T01:27:26.000000;2016-04-09T01:27:26.000000;fcf7bf1d-7d8e-45db-90e3-c355bc03a253;415.04;3.0;UNKNOWN
2016-04-09T01:27:26.000000;2016-04-09T01:27:26.000000;23b004e8-daa0-443c-96e2-e1dfe70bf9b3;415.04;0.5;UNKNOWN
2016-04-09T01:27:26.000000;2016-04-09T01:27:26.000000;0dd9e692-e408-42ac-969e-244428e1e965;415.03;0.235;UNKNOWN
2016-04-09T01:27:26.000000;2016-04-09T01:27:26.000000;9fcfb085-e138-461c-bfa1-55493d779996;415.03;0.0176;UNKNOWN
2016-04-09T01:27:26.000000;2016-04-09T01:27:26.000000;a96cd301-10ec-44cb-ab99-2ab6792862e3;415.05;6.0124;UNKNOWN
2016-04-09T01:27:31.000000;2016-04-09T01:27:31.000000;b37cbf24-d07e-439a-bb11-3afb6992a7fc;414.76;2.6316;UNKNOWN
2016-04-09T01:27:31.000000;2016-04-09T01:27:31.000000;0203e3f8-78c4-40f5-ab69-c33ed0397cb4;415.03;0.236;UNKNOWN
2016-04-09T01:27:31.000000;2016-04-09T01:27:31.000000;aa74ff68-09e2-422f-a40e-bc4e5b257ed6;415.0;2.0;UNKNOWN
2016-04-09T01:27:31.000000;2016-04-09T01:27:31.000000;3a5e3145-b5f4-4248-a4d6-9e5f786b6b01;415.03;0.235;UNKNOWN
2016-04-09T01:27:31.000000;2016-04-09T01:27:31.000000;1c576e23-239f-4031-9aff-5894db8b8444;415.03;0.237;UNKNOWN
2016-04-09T01:27:31.000000;2016-04-09T01:27:31.000000;c3cca8da-e931-4119-b0d6-e3f13f28aa56;415.03;0.235;UNKNOWN
2016-04-09T01:27:31.000000;2016-04-09T01:27:31.000000;d459dba4-d5c4-4de4-98ec-8339b740f322;415.03;0.2184;UNKNOWN
2016-04-09T01:27:31.000000;2016-04-09T01:27:31.000000;c2ee8ffe-9f2c-4ccf-a11d-88b91fad9c9e;415.03;0.236;UNKNOWN
2016-04-09T01:27:31.000000;2016-04-09T01:27:31.000000;40f066a9-de47-4176-a55a-313bf53f9360;415.03;0.235;UNKNOWN
2016-04-09T01:27:31.000000;2016-04-09T01:27:31.000000;100b4f3d-a850-462b-b9fc-c5187054683c;415.03;0.236;UNKNOWN
2016-04-09T01:27:46.000000;2016-04-09T01:27:46.000000;5aff36f9-3b13-4900-8285-e52d8b2f4972;414.77;0.64897165;UNKNOWN
2016-04-09T01:28:07.000000;2016-04-09T01:28:07.000000;a6da7152-e188-4766-9637-ae5a24ad1b23;414.99;0.181;UNKNOWN
2016-04-09T01:28:07.000000;2016-04-09T01:28:07.000000;9014e955-1d33-4d3e-bb9e-dd3d85361fc0;415.0;0.242;UNKNOWN
2016-04-09T01:28:07.000000;2016-04-09T01:28:07.000000;3544ce10-6ee5-4da0-a910-f5d046892c07;414.83;1.0;UNKNOWN
2016-04-09T01:28:07.000000;2016-04-09T01:28:07.000000;67aa0602-c922-4736-94c5-cb5d30ec7a97;415.0;10.0;UNKNOWN
2016-04-09T01:28:11.000000;2016-04-09T01:28:11.000000;2b1c9342-23f1-4848-9303-dfc7d523b29c;415.0;0.5;UNKNOWN
2016-04-09T01:28:17.000000;2016-04-09T01:28:17.000000;9a30c280-ad92-43f8-a221-b36dde454771;415.0;0.1540912;UNKNOWN
2016-04-09T01:28:17.000000;2016-04-09T01:28:17.000000;33a4934c-001d-4f84-8f9a-99d870140c7f;415.08;0.5;UNKNOWN
2016-04-09T01:28:17.000000;2016-04-09T01:28:17.000000;5d0e6d07-39ee-4495-a71d-21406287906d;415.09;2.3783;UNKNOWN
2016-04-09T01:28:17.000000;2016-04-09T01:28:17.000000;b6097dd5-cce4-4271-9e6c-39cc08a9fb21;415.08;3.0;UNKNOWN
2016-04-09T01:28:18.000000;2016-04-09T01:28:18.000000;fa48ce69-1f89-424c-95b8-ea598b92d9e9;414.79;2.18102163;UNKNOWN
2016-04-09T01:28:18.000000;2016-04-09T01:28:18.000000;4ccf9e49-4673-4428-ae24-013c4867c882;415.0;0.81897837;UNKNOWN
2016-04-09T01:28:28.000000;2016-04-09T01:28:28.000000;d992ab01-423a-4e4a-8afe-fe213e214190;414.77;0.5;UNKNOWN
2016-04-09T01:28:34.000000;2016-04-09T01:28:34.000000;93621188-09ce-499f-8f59-c8cd4fb3d225;414.97;1.0;UNKNOWN
2016-04-09T01:28:41.000000;2016-04-09T01:28:41.000000;38f15fcc-8421-419e-aa82-585d05037def;414.78;1.0;UNKNOWN
2016-04-09T01:28:49.000000;2016-04-09T01:28:49.000000;4f21d7ea-40a0-46de-9a00-030a2145a50c;414.77;1.01;UNKNOWN
2016-04-09T01:28:49.000000;2016-04-09T01:28:49.000000;85eab7de-40c8-4327-b17a-1415d9865ea0;414.6;0.42;UNKNOWN
2016-04-09T01:28:49.000000;2016-04-09T01:28:49.000000;81cd1523-7394-425d-a4b5-81e19154c2d6;414.21;2.57;UNKNOWN
2016-04-09T01:29:27.000000;2016-04-09T01:29:27.000000;cd4ff6a0-6c70-4525-b2bb-ee885ffd8474;414.78;0.05353701;UNKNOWN
2016-04-09T01:30:15.000000;2016-04-09T01:30:15.000000;74c335b3-8a6d-420c-a3b0-142a004d2cce;414.24;0.1;UNKNOWN
2016-04-09T01:30:47.000000;2016-04-09T01:30:47.000000;c9112339-09a3-4b3d-8c6d-5539dab71fa4;414.24;5.8499;UNKNOWN
2016-04-09T01:30:47.000000;2016-04-09T01:30:47.000000;1bf4b5e1-ce62-4576-a942-9979091c2748;414.24;1.649;UNKNOWN
2016-04-09T01:31:20.000000;2016-04-09T01:31:20.000000;de118842-3ad7-44fa-9700-bd6b456b3e9c;414.0;2.952;UNKNOWN
2016-04-09T01:31:23.000000;2016-04-09T01:31:23.000000;332c4120-d782-443e-9db4-03059614a259;414.0;1.0;UNKNOWN
2016-04-09T01:31:25.000000;2016-04-09T01:31:25.000000;57582eeb-d03f-4397-ada2-7ba1f3c0a88f;413.83;1.0;UNKNOWN
2016-04-09T01:31:46.000000;2016-04-09T01:31:46.000000;877d7d9b-ac48-478b-93de-50bd41a4153c;413.82;0.19;UNKNOWN
2016-04-09T01:32:00.000000;2016-04-09T01:32:00.000000;b7cf50fb-9497-4391-b0ef-05665f485d9c;413.7;17.0045;UNKNOWN
2016-04-09T01:32:00.000000;2016-04-09T01:32:00.000000;1bddc6eb-5933-40f0-9dc1-ce238d8d7b80;413.72;28.4097;UNKNOWN
2016-04-09T01:32:00.000000;2016-04-09T01:32:00.000000;52f32722-5d87-4ab5-b697-95136a04e935;413.72;6.01;UNKNOWN
2016-04-09T01:32:04.000000;2016-04-09T01:32:04.000000;a0f9ea6b-17ef-4154-a927-4a683d6c4fb4;413.7;1.0;UNKNOWN
2016-04-09T01:32:11.000000;2016-04-09T01:32:11.000000;c2039b58-1fb4-42a6-8790-5aefa1fb49e8;413.7;0.242;UNKNOWN
2016-04-09T01:32:20.000000;2016-04-09T01:32:20.000000;1694ddb9-998d-45ab-acbf-28bfeb7ed2d3;413.53;0.6;UNKNOWN
2016-04-09T01:32:31.000000;2016-04-09T01:32:31.000000;7bf796ff-fae0-456e-a6f5-c4edcf23a02a;413.7;33.29327318;UNKNOWN
2016-04-09T01:32:39.000000;2016-04-09T01:32:39.000000;6723c7d6-530d-4d25-b5f0-0b06cb819675;413.69;0.6;UNKNOWN
2016-04-09T01:32:44.000000;2016-04-09T01:32:44.000000;2863fae2-984f-438c-b462-91c5895a1d19;413.7;0.601;UNKNOWN
2016-04-09T01:32:55.000000;2016-04-09T01:32:55.000000;da494329-5324-4369-bbb8-6b82f91fa8b2;413.69;1.0;UNKNOWN
2016-04-09T01:33:00.000000;2016-04-09T01:33:00.000000;8c37c3e0-4eab-4652-8f45-76756590e472;413.69;1.79;UNKNOWN
2016-04-09T01:33:08.000000;2016-04-09T01:33:08.000000;665903ae-edcf-4011-938e-57476b129a79;413.7;2.9528;UNKNOWN
2016-04-09T01:33:16.000000;2016-04-09T01:33:16.000000;8547cb3c-cef0-4164-83a1-0619a4123bf1;413.7;0.1543;UNKNOWN
2016-04-09T01:33:18.000000;2016-04-09T01:33:18.000000;61260001-6f59-488c-958d-2497600005ab;413.69;0.34383199;UNKNOWN
2016-04-09T01:33:19.000000;2016-04-09T01:33:19.000000;0be42fce-7863-4d0c-b4d7-06709b511dfe;413.7;0.6968;UNKNOWN
2016-04-09T01:33:22.000000;2016-04-09T01:33:22.000000;72f47325-b9a1-499d-a7e7-c5df0d6ebb75;413.7;9.63562682;UNKNOWN
2016-04-09T01:33:22.000000;2016-04-09T01:33:22.000000;78a5756d-5887-4853-9673-8d84a3a74234;413.7;10.36437318;UNKNOWN
2016-04-09T01:33:24.000000;2016-04-09T01:33:24.000000;49f82fb1-f951-493b-ba86-14f8f657a288;413.7;5.0;UNKNOWN
2016-04-09T01:33:58.000000;2016-04-09T01:33:58.000000;135d8c04-b81c-4189-b4d6-4e7f0e51846f;413.7;1.34562682;UNKNOWN
2016-04-09T01:34:23.000000;2016-04-09T01:34:23.000000;6ba6efb1-087d-48f1-9ee5-68f103c89b40;414.25;4.0335;UNKNOWN
2016-04-09T01:34:23.000000;2016-04-09T01:34:23.000000;d6b9cea4-4add-449a-863c-c7f9b0f5cf96;414.26;5.9665;UNKNOWN
2016-04-09T01:34:25.000000;2016-04-09T01:34:25.000000;c30d8032-d3cf-4525-adee-a9c4f4b64743;414.93;10.7187;UNKNOWN
2016-04-09T01:34:25.000000;2016-04-09T01:34:25.000000;ba5eb85a-0a98-41d4-85c0-683d20410dc2;414.47;5.9913;UNKNOWN
2016-04-09T01:34:59.000000;2016-04-09T01:34:59.000000;0006566d-34df-4445-87ae-78a1aae7803f;414.96;0.44;UNKNOWN
2016-04-09T01:35:02.000000;2016-04-09T01:35:02.000000;258b9a4b-135e-487f-ac7c-6503d6e0b89f;414.68;1.0;UNKNOWN
2016-04-09T01:35:42.000000;2016-04-09T01:35:42.000000;1d3699e4-a0c9-4656-9249-516116634a29;414.96;0.0132118;UNKNOWN
2016-04-09T01:35:43.000000;2016-04-09T01:35:43.000000;9725bd8b-29a3-4f11-8987-3e062692dbf7;414.96;0.0132118;UNKNOWN
2016-04-09T01:36:31.000000;2016-04-09T01:36:31.000000;b6f54be4-2836-45cd-8451-41222ba5dd73;414.58;1.17;UNKNOWN
2016-04-09T01:36:31.000000;2016-04-09T01:36:31.000000;b5733bf1-e408-4b56-b709-3e6aed8a9977;414.58;0.09676289;UNKNOWN
2016-04-09T01:36:37.000000;2016-04-09T01:36:37.000000;2bb2f3b2-b09d-48a0-97de-e519ee01d7ac;414.96;2.52;UNKNOWN
2016-04-09T01:36:59.000000;2016-04-09T01:36:59.000000;3b088891-f659-4a36-b9d2-a1ff6b80c45e;414.66;1.69498931;UNKNOWN
2016-04-09T01:36:59.000000;2016-04-09T01:36:59.000000;af85547a-2a86-4b69-85fb-6c1136e82cbb;414.66;3.0;UNKNOWN
2016-04-09T01:36:59.000000;2016-04-09T01:36:59.000000;85cde8d2-ebf9-4f27-bb55-b5d48847d07f;414.66;0.5;UNKNOWN
2016-04-09T01:37:05.000000;2016-04-09T01:37:05.000000;9d1b3a27-783f-4980-9ebc-8e5ebf914dd1;414.96;1.64;UNKNOWN
2016-04-09T01:37:09.000000;2016-04-09T01:37:09.000000;e3881caf-2872-4bd6-9e35-5a4259f500f7;414.96;0.01321614;UNKNOWN
2016-04-09T01:37:11.000000;2016-04-09T01:37:11.000000;16f2431a-5015-46c9-ab3d-c3259d25cf3b;414.96;0.01321614;UNKNOWN
2016-04-09T01:37:18.000000;2016-04-09T01:37:18.000000;bc0a4836-3cbb-4997-8f33-1b21520d8067;414.65;0.071511;UNKNOWN
2016-04-09T01:37:28.000000;2016-04-09T01:37:28.000000;ed5164a1-1790-4c4d-808a-6dfea79cb998;414.94;0.01488693;UNKNOWN
2016-04-09T01:37:31.000000;2016-04-09T01:37:31.000000;01eaa45e-18a5-43a5-a526-d91078f45c3f;414.94;0.02405;UNKNOWN
2016-04-09T01:37:36.000000;2016-04-09T01:37:36.000000;979aed67-e850-4a5b-b480-825a7f196c7d;414.42;14.62181742;UNKNOWN
2016-04-09T01:37:36.000000;2016-04-09T01:37:36.000000;fc780d40-1b9f-4566-a333-097540cc9cb0;414.42;1.37800158;UNKNOWN
2016-04-09T01:37:36.000000;2016-04-09T01:37:36.000000;f7083e32-64af-4808-8857-279a47556823;414.65;5.934689;UNKNOWN
2016-04-09T01:37:36.000000;2016-04-09T01:37:36.000000;333da895-1d8b-4049-b75a-3db3bac1332d;414.65;0.065492;UNKNOWN
2016-04-09T01:37:46.000000;2016-04-09T01:37:46.000000;7a879604-e6dc-48ce-9017-0da34e1f3149;414.43;1.38746563;UNKNOWN
2016-04-09T01:38:11.000000;2016-04-09T01:38:11.000000;db282042-d993-4a81-be0f-dba4fb706b06;414.79;0.12;UNKNOWN
2016-04-09T01:39:07.000000;2016-04-09T01:39:07.000000;edcc18b3-c8e4-44d8-b97b-76c97770d48c;414.76;0.13;UNKNOWN
2016-04-09T01:39:10.000000;2016-04-09T01:39:10.000000;90a7343e-0935-43b8-82b8-8d6843a1a612;414.53;0.0241703;UNKNOWN
2016-04-09T01:39:45.000000;2016-04-09T01:39:45.000000;09be125c-93e7-4b76-a011-747fffb4637f;414.72;0.01;UNKNOWN
2016-04-09T01:39:49.000000;2016-04-09T01:39:49.000000;5c915597-9cc5-42b1-8c2a-b3ab325c68cc;414.7;0.0103;UNKNOWN
2016-04-09T01:40:14.000000;2016-04-09T01:40:14.000000;a1605649-3568-4452-b93a-947084bad4de;414.53;0.07712059;UNKNOWN
2016-04-09T01:40:14.000000;2016-04-09T01:40:14.000000;af8b4b2e-1574-45eb-a73b-714f5cdad373;414.6;0.01;UNKNOWN
2016-04-09T01:40:33.000000;2016-04-09T01:40:33.000000;1847d3ae-20b2-48e7-af9c-9612013440ec;414.75;0.1;UNKNOWN
2016-04-09T01:40:45.000000;2016-04-09T01:40:45.000000;f577f906-ac90-4c43-a5f8-ee10886a28d4;414.61;2.04366728;UNKNOWN
2016-04-09T01:40:45.000000;2016-04-09T01:40:45.000000;0f7c394a-10bc-4d1e-adc9-76d4fcac977d;414.61;0.5;UNKNOWN
2016-04-09T01:40:45.000000;2016-04-09T01:40:45.000000;dfbd07fa-2400-4c46-84ff-707b43c0c3ce;414.7;0.12;UNKNOWN
2016-04-09T01:41:18.000000;2016-04-09T01:41:18.000000;b40dcb0c-334f-4d42-aee1-49ab15f5c047;414.66;0.02389271;UNKNOWN
2016-04-09T01:41:43.000000;2016-04-09T01:41:43.000000;6e0bad70-00f8-4d36-bb27-552c8bf26ca2;414.73;2.26;UNKNOWN
2016-04-09T01:41:45.000000;2016-04-09T01:41:45.000000;03b0f01f-0d97-4cf4-aa5f-15d5b7b2dbbc;414.49;1.27558631;UNKNOWN
2016-04-09T01:42:36.000000;2016-04-09T01:42:36.000000;91c7272a-2d21-41ac-83c3-ec2e0d17bdb4;414.6;0.01;UNKNOWN
2016-04-09T01:42:59.000000;2016-04-09T01:42:59.000000;17348a53-8e76-487d-9eda-8626d6687787;414.73;0.05144511;UNKNOWN
2016-04-09T01:43:09.000000;2016-04-09T01:43:09.000000;d2e9ca9a-79c0-4ebc-9cea-a2f463652c50;414.73;1.01;UNKNOWN
2016-04-09T01:43:21.000000;2016-04-09T01:43:21.000000;eb4959ec-1d13-4b95-aa1e-c527728b7398;414.6;0.01;UNKNOWN
2016-04-09T01:43:57.000000;2016-04-09T01:43:57.000000;ec97c9c4-0606-408e-9a8e-f8f07abdbcd4;414.61;0.1540418;UNKNOWN
2016-04-09T01:44:09.000000;2016-04-09T01:44:09.000000;0c2a0f3b-e192-4ead-a515-25591270e3f4;414.61;0.01;UNKNOWN
2016-04-09T01:44:54.000000;2016-04-09T01:44:54.000000;d730a218-b903-4b93-9250-7c400e1d1c4e;414.6;0.01;UNKNOWN
2016-04-09T01:45:11.000000;2016-04-09T01:45:11.000000;865ea3e0-0cde-45fe-9659-8c43e60c5da2;414.75;0.39;UNKNOWN
2016-04-09T01:45:39.000000;2016-04-09T01:45:39.000000;a020238d-ca3e-4de5-93c8-eae4aa713d58;414.63;0.01;UNKNOWN
2016-04-09T01:45:45.000000;2016-04-09T01:45:45.000000;7c68f577-30e2-41de-ba9d-d235e0c438c4;414.63;1.0;UNKNOWN
2016-04-09T01:46:24.000000;2016-04-09T01:46:24.000000;34572151-190a-4e69-859a-c657fe830dcd;414.7;0.01;UNKNOWN
2016-04-09T01:47:00.000000;2016-04-09T01:47:00.000000;15ef215d-2e57-42bc-a322-f430b2874ba0;414.75;1.7403;UNKNOWN
2016-04-09T01:47:08.000000;2016-04-09T01:47:08.000000;fc22c2c9-48a5-4646-9777-06624ac26dd0;414.75;0.09;UNKNOWN
2016-04-09T01:47:09.000000;2016-04-09T01:47:09.000000;90ed66c8-54c1-4ed4-9a0f-6e66284a2e9d;414.66;0.01;UNKNOWN
2016-04-09T01:47:34.000000;2016-04-09T01:47:34.000000;062a0c36-3e22-4166-ab53-dd2c31dc3771;414.66;0.49;UNKNOWN
2016-04-09T01:47:34.000000;2016-04-09T01:47:34.000000;67e225fb-68c7-41eb-bb07-ac0a2d01ebc3;414.65;1.75787161;UNKNOWN
2016-04-09T01:47:54.000000;2016-04-09T01:47:54.000000;fceb79ab-3d8b-485a-ab82-7e193450146e;414.64;0.01;UNKNOWN
2016-04-09T01:48:03.000000;2016-04-09T01:48:03.000000;36257cfb-fc41-42b2-8560-c37067e59e7a;414.7;0.08;UNKNOWN
2016-04-09T01:48:07.000000;2016-04-09T01:48:07.000000;d2734119-c566-49ac-8be6-47b41f7f7641;414.66;0.5;UNKNOWN
2016-04-09T01:48:39.000000;2016-04-09T01:48:39.000000;8f932b2a-3e62-4c9f-8c7e-79aad29958c7;414.64;0.01;UNKNOWN
2016-04-09T01:48:46.000000;2016-04-09T01:48:46.000000;fb73b836-84ba-4a4f-b9d2-d1bd6ee583b7;414.64;1.92;UNKNOWN
2016-04-09T01:48:47.000000;2016-04-09T01:48:47.000000;e8aa5d90-4dea-4380-80d8-7bd697c06338;414.61;1.0;UNKNOWN
2016-04-09T01:48:47.000000;2016-04-09T01:48:47.000000;611db423-4c7a-4a6d-89b0-e5b01cd63d30;414.64;1.06;UNKNOWN
2016-04-09T01:48:47.000000;2016-04-09T01:48:47.000000;3028346a-dcaf-4ba7-a50b-8c9502e8d7de;414.6;8.2;UNKNOWN
2016-04-09T01:48:47.000000;2016-04-09T01:48:47.000000;e0243ea9-264d-474e-ad40-90543e0fcaa0;414.6;0.17397717;UNKNOWN
2016-04-09T01:48:56.000000;2016-04-09T01:48:56.000000;b864dae4-3500-4a73-b5d8-d65d64cbc2a0;414.65;0.05060024;UNKNOWN
2016-04-09T01:49:08.000000;2016-04-09T01:49:08.000000;19425e59-2d25-4a2f-9bba-1efa963700d9;414.65;0.05150927;UNKNOWN
2016-04-09T01:49:24.000000;2016-04-09T01:49:24.000000;50844219-78a9-4739-af7d-dbe9f72622c7;414.54;0.01;UNKNOWN
2016-04-09T01:50:05.000000;2016-04-09T01:50:05.000000;b2bee3e8-a743-4195-8971-f78a8352b715;414.6;1.54;UNKNOWN
2016-04-09T01:50:09.000000;2016-04-09T01:50:09.000000;356e9a0c-3d7d-4fb9-b1e7-634b7f52bc18;414.54;0.01;UNKNOWN
2016-04-09T01:50:34.000000;2016-04-09T01:50:34.000000;c720c89f-20b5-4189-ae43-3a364edea935;414.54;0.01;UNKNOWN
2016-04-09T01:50:54.000000;2016-04-09T01:50:54.000000;a6f7f712-4fc5-4c9d-a2f9-4cadaeb13119;414.48;0.01;UNKNOWN
2016-04-09T01:51:09.000000;2016-04-09T01:51:09.000000;642ba570-af80-46c7-bb18-55699c50be7d;414.54;0.49;UNKNOWN
2016-04-09T01:51:09.000000;2016-04-09T01:51:09.000000;7deff285-0b12-4e71-b9c5-406b9b59648a;414.6;2.01;UNKNOWN
2016-04-09T01:51:12.000000;2016-04-09T01:51:12.000000;7bfb67ae-c66e-4fb2-a3f7-0b39b5522bcf;414.6;5.0;UNKNOWN
2016-04-09T01:51:15.000000;2016-04-09T01:51:15.000000;a7703a10-60a8-43ab-9581-8b7e98bce0bc;414.48;0.49;UNKNOWN
2016-04-09T01:51:33.000000;2016-04-09T01:51:33.000000;a71713f1-0022-40aa-9731-b2ac92afc171;414.36;0.5;UNKNOWN
2016-04-09T01:51:34.000000;2016-04-09T01:51:34.000000;501a6809-2c73-41c8-8d39-9f91d4d39116;414.34;1.77259837;UNKNOWN
2016-04-09T01:51:34.000000;2016-04-09T01:51:34.000000;87641432-e1af-4956-8911-9180d59389c5;414.35;3.0;UNKNOWN
2016-04-09T01:51:38.000000;2016-04-09T01:51:38.000000;74412243-1dcd-4f41-9226-5af2a604043e;414.36;0.06;UNKNOWN
2016-04-09T01:51:39.000000;2016-04-09T01:51:39.000000;7eb38928-e690-4f55-b53e-e50997d6221c;414.3;0.01;UNKNOWN
2016-04-09T01:51:43.000000;2016-04-09T01:51:43.000000;ca65d0bf-56ba-4a67-8629-19cd9161832e;414.3;3.0;UNKNOWN
2016-04-09T01:52:25.000000;2016-04-09T01:52:25.000000;00caaf2a-a863-43a4-b62b-470df4182ee7;414.35;0.01;UNKNOWN
2016-04-09T01:52:40.000000;2016-04-09T01:52:40.000000;95be9dfc-bc50-4d11-b41b-03a00130b84b;414.36;1.63;UNKNOWN
2016-04-09T01:53:03.000000;2016-04-09T01:53:03.000000;378f78cf-d3e8-46c6-97f1-41deb006a687;414.35;0.5;UNKNOWN
2016-04-09T01:53:08.000000;2016-04-09T01:53:08.000000;86f961d3-eece-4724-8523-d50d0477ca59;414.36;48.6853;UNKNOWN
2016-04-09T01:53:09.000000;2016-04-09T01:53:09.000000;072f5788-47cc-4b02-a22f-a10f01e13577;414.35;0.01;UNKNOWN
2016-04-09T01:53:57.000000;2016-04-09T01:53:57.000000;f10b69ac-c59c-4cf1-9728-f16a57e9ca62;414.35;0.01;UNKNOWN
2016-04-09T01:54:11.000000;2016-04-09T01:54:11.000000;333193fd-b7be-44a3-8e64-077ab5c38e1e;414.36;0.62;UNKNOWN
2016-04-09T01:54:22.000000;2016-04-09T01:54:22.000000;4c1973b9-f245-458b-be6f-d302bbe845af;414.35;0.036;UNKNOWN
2016-04-09T01:54:39.000000;2016-04-09T01:54:39.000000;1cd35f6a-d2f0-4f35-a76e-062268f3e1e8;414.36;3.0;UNKNOWN
2016-04-09T01:54:39.000000;2016-04-09T01:54:39.000000;b681472a-1243-41fb-bf2d-41471f283b31;414.35;0.01;UNKNOWN
2016-04-09T01:54:45.000000;2016-04-09T01:54:45.000000;6618b44b-e767-4c29-8ec4-5c8ef9054959;414.36;1.0;UNKNOWN
2016-04-09T01:54:55.000000;2016-04-09T01:54:55.000000;72b9549c-817c-42da-ae31-6dbf8af5b466;414.36;0.1538;UNKNOWN
2016-04-09T01:55:10.000000;2016-04-09T01:55:10.000000;177c7dae-a771-4fc1-b850-0a4e81f104e2;414.36;2.44;UNKNOWN
2016-04-09T01:55:21.000000;2016-04-09T01:55:21.000000;f6e60f87-60b4-4233-867f-b96c1d800408;414.36;4.0;UNKNOWN
2016-04-09T01:55:24.000000;2016-04-09T01:55:24.000000;c9892707-8ab5-459d-868f-63b2ba3794ce;414.31;0.01;UNKNOWN
2016-04-09T01:55:48.000000;2016-04-09T01:55:48.000000;ef9e7fff-01c6-4333-ab4a-088afa78f6ce;414.32;0.48573757;UNKNOWN
2016-04-09T01:56:04.000000;2016-04-09T01:56:04.000000;a67183e4-de65-4ff0-934b-e2b859e5192b;414.35;0.1;UNKNOWN
2016-04-09T01:56:11.000000;2016-04-09T01:56:11.000000;def35182-527f-4fd2-a17a-e0ac7ed5ecd2;414.35;0.22;UNKNOWN
2016-04-09T01:56:13.000000;2016-04-09T01:56:13.000000;2b975ed7-3cc1-45cc-9bb2-bba0323bd781;414.32;0.01;UNKNOWN
2016-04-09T01:56:30.000000;2016-04-09T01:56:30.000000;f5177edf-ef96-4a9d-9af0-8371e16a5fa4;414.35;5.0;UNKNOWN
2016-04-09T01:56:57.000000;2016-04-09T01:56:57.000000;2aa6dd85-6720-4b2a-b953-ffde270e82bf;414.32;0.01;UNKNOWN
2016-04-09T01:57:16.000000;2016-04-09T01:57:16.000000;100ba24a-84a4-4a9b-a978-f737fbec894b;414.3;2.8736;UNKNOWN
2016-04-09T01:57:16.000000;2016-04-09T01:57:16.000000;a5abe441-007d-4f0a-a4e3-b25ef63403e4;414.32;0.0264;UNKNOWN
2016-04-09T01:57:18.000000;2016-04-09T01:57:18.000000;619e23f7-fd79-4209-b2ae-68733c103822;414.31;0.25635357;UNKNOWN
2016-04-09T01:57:42.000000;2016-04-09T01:57:42.000000;6e4f7eca-c9db-4a45-832c-5d8b9c5ef908;414.32;0.01;UNKNOWN
2016-04-09T01:58:15.000000;2016-04-09T01:58:15.000000;c9f2a00d-4e9e-4a82-803a-24c486bcfd01;414.32;0.5;UNKNOWN
2016-04-09T01:58:27.000000;2016-04-09T01:58:27.000000;d8abc2fd-2d16-440a-bceb-c0823b5c4c61;414.3;0.01;UNKNOWN
2016-04-09T01:59:12.000000;2016-04-09T01:59:12.000000;fd584826-a67e-4ab8-916d-74b86c7b930f;414.3;0.01;UNKNOWN
2016-04-09T01:59:38.000000;2016-04-09T01:59:38.000000;3baf37e6-d0a1-486d-b01b-92c4c8455cc3;414.32;3.0;UNKNOWN
2016-04-09T01:59:47.000000;2016-04-09T01:59:47.000000;20f712c6-e1d3-40b7-889f-92c5e93eccb8;414.31;2.0;UNKNOWN
2016-04-09T01:59:57.000000;2016-04-09T01:59:57.000000;827feb17-0837-40ec-b8f7-5ae9cfb0ae51;414.3;0.01;UNKNOWN
2016-04-09T02:00:02.000000;2016-04-09T02:00:02.000000;0482178e-5e23-4e4b-a00b-4700c6e0782d;414.3;0.68186071;UNKNOWN
2016-04-09T02:00:02.000000;2016-04-09T02:00:02.000000;587b2e06-f674-40f1-bbc8-07106f6e324e;414.31;1.0;UNKNOWN
2016-04-09T02:00:02.000000;2016-04-09T02:00:02.000000;9dd72e5b-26d0-4313-859a-4a905203cd31;414.18;2.90117446;UNKNOWN
2016-04-09T02:00:02.000000;2016-04-09T02:00:02.000000;e7915e6c-9812-409b-8621-fbfe64f02010;414.1;9.35336594;UNKNOWN
2016-04-09T02:00:02.000000;2016-04-09T02:00:02.000000;791b3afc-f5bf-4a68-bc90-633b45237dba;414.31;0.08088718;UNKNOWN
2016-04-09T02:00:02.000000;2016-04-09T02:00:02.000000;369600a0-01ce-41e0-b5f3-bb6807593648;414.2;2.5999;UNKNOWN
2016-04-09T02:00:02.000000;2016-04-09T02:00:02.000000;00b04e3c-a516-4d51-95f0-f4a2eb002d40;414.3;3.40453929;UNKNOWN
2016-04-09T02:00:02.000000;2016-04-09T02:00:02.000000;fad16c21-573b-474d-8a1d-c736ad92aebd;414.11;5.4461381;UNKNOWN
2016-04-09T02:00:02.000000;2016-04-09T02:00:02.000000;d9dca559-2f37-4a23-98b1-daf05cbe9ffd;414.11;0.5538619;UNKNOWN
2016-04-09T02:00:11.000000;2016-04-09T02:00:11.000000;658f62cf-1e0f-467a-ac78-280bf85a1019;414.0;0.1;UNKNOWN
2016-04-09T02:00:31.000000;2016-04-09T02:00:31.000000;df140748-ec72-4019-9ebc-d5036856ab88;413.9;0.04716166;UNKNOWN
2016-04-09T02:00:42.000000;2016-04-09T02:00:42.000000;6f28e593-80a9-4fe7-ad8e-a7a976c9003b;413.76;0.01;UNKNOWN
2016-04-09T02:01:03.000000;2016-04-09T02:01:03.000000;380b0fa1-e349-4cd1-8889-1aa93b075b25;413.76;0.0534924;UNKNOWN
2016-04-09T02:01:05.000000;2016-04-09T02:01:05.000000;e39f9abc-d60f-4d5e-a784-72fa753dfbbd;413.12;13.9179;UNKNOWN
2016-04-09T02:01:05.000000;2016-04-09T02:01:05.000000;9c691aab-5111-40dc-b8f2-921304b60f2c;413.01;1.16117348;UNKNOWN
2016-04-09T02:01:05.000000;2016-04-09T02:01:05.000000;278f2e09-f51b-42e8-b562-5a8dddff7af5;413.0;3.0;UNKNOWN
2016-04-09T02:01:05.000000;2016-04-09T02:01:05.000000;a7d691be-dabf-48a8-b182-6419972a4dba;413.75;1.0;UNKNOWN
2016-04-09T02:01:05.000000;2016-04-09T02:01:05.000000;fd19f96c-7d40-4bad-87a1-e52f63c63cd9;413.02;10.8837;UNKNOWN
2016-04-09T02:01:05.000000;2016-04-09T02:01:05.000000;bfb58fd7-b21f-4035-8586-eb851ddd400d;413.0;30.0;UNKNOWN
2016-04-09T02:01:05.000000;2016-04-09T02:01:05.000000;dc65e204-40d0-412a-b81f-c08f5223582e;412.1;10.08516004;UNKNOWN
2016-04-09T02:01:05.000000;2016-04-09T02:01:05.000000;00caf336-7fb1-4db4-84d4-ccb1ab7a92ba;413.0;0.1;UNKNOWN
2016-04-09T02:01:05.000000;2016-04-09T02:01:05.000000;a1b32069-44f3-40ac-902c-0f900fef8069;413.0;1.0;UNKNOWN
2016-04-09T02:01:05.000000;2016-04-09T02:01:05.000000;fcf5b0aa-3fd4-4aea-a7a8-0fd5b3a227ef;412.01;12.96091881;UNKNOWN
2016-04-09T02:01:05.000000;2016-04-09T02:01:05.000000;81b07f9b-118b-489e-9942-e741331d98bf;413.7;0.10914298;UNKNOWN
2016-04-09T02:01:05.000000;2016-04-09T02:01:05.000000;2a9e2e3d-5d60-40a8-95c1-9a1acd90debe;413.76;5.9351076;UNKNOWN
2016-04-09T02:01:05.000000;2016-04-09T02:01:05.000000;85907d4a-3ae2-4228-9fcd-7392108edfc2;413.15;0.242;UNKNOWN
2016-04-09T02:01:05.000000;2016-04-09T02:01:05.000000;a79ec2cb-aea1-4524-95ec-61b2f530cb4a;413.0;0.663;UNKNOWN
2016-04-09T02:01:05.000000;2016-04-09T02:01:05.000000;6236ac4b-11f0-47a4-9295-7f2707a81281;412.49;15.3721;UNKNOWN
2016-04-09T02:01:05.000000;2016-04-09T02:01:05.000000;26a58e1b-26f0-4eeb-a700-b1112261084f;412.69;9.647;UNKNOWN
2016-04-09T02:01:05.000000;2016-04-09T02:01:05.000000;bef998ef-1d9c-41af-bdc2-462bd0de05b7;412.51;100.0;UNKNOWN
2016-04-09T02:01:05.000000;2016-04-09T02:01:05.000000;b54c915a-8743-4bfe-b83a-1907c18057ca;412.61;0.02;UNKNOWN
2016-04-09T02:01:05.000000;2016-04-09T02:01:05.000000;730c8f91-0946-4ebe-be78-ad4f8fe0a65b;412.8;16.2175;UNKNOWN
2016-04-09T02:01:05.000000;2016-04-09T02:01:05.000000;d181dad0-a9f7-4d37-bbb9-7e0e10dfb748;412.61;0.05563619;UNKNOWN
