time_exchange;time_coinpai;guid;price;base_amount;taker_side
2016-04-09T00:00:31.000000;2016-04-09T00:00:31.000000;ee6364be-5dfc-4dd9-be39-b482968cab5b;419.48;0.43666;UNKNOWN
2016-04-09T00:01:01.000000;2016-04-09T00:01:01.000000;5d2ec5e5-b92d-490e-969f-1852a12605c9;419.52;0.5;UNKNOWN
2016-04-09T00:01:01.000000;2016-04-09T00:01:01.000000;d308f7e0-c882-4280-aaca-98ca03ae2721;419.52;0.12365;UNKNOWN
2016-04-09T00:01:30.000000;2016-04-09T00:01:30.000000;c81606c0-650a-416e-b038-3216ffbd6ad8;419.55;1.80541;UNKNOWN
2016-04-09T00:02:00.000000;2016-04-09T00:02:00.000000;a13e7293-8f7d-4e8b-ae39-7fbe0644aeff;419.61;0.19795681;UNKNOWN
2016-04-09T00:02:00.000000;2016-04-09T00:02:00.000000;dffca4b7-00d6-415c-8e7d-35fa328b2a12;419.61;0.01;UNKNOWN
2016-04-09T00:02:00.000000;2016-04-09T00:02:00.000000;34f1b72a-297b-4a0d-b9f1-f0a2475f43cb;419.6;0.02;UNKNOWN
2016-04-09T00:02:00.000000;2016-04-09T00:02:00.000000;27f52ccb-d88a-48d1-832c-9e32f7c298fa;419.6;0.47209319;UNKNOWN
2016-04-09T00:02:00.000000;2016-04-09T00:02:00.000000;6e5ebaf0-4eef-4be8-a127-e0be8b572694;419.58;0.12;UNKNOWN
2016-04-09T00:02:00.000000;2016-04-09T00:02:00.000000;2b647695-2cb5-4c8b-93e8-de2b7374f867;419.6;0.0125;UNKNOWN
2016-04-09T00:02:00.000000;2016-04-09T00:02:00.000000;fbe34ade-90c1-4f7c-a83a-a01700a24980;419.57;0.035;UNKNOWN
2016-04-09T00:02:31.000000;2016-04-09T00:02:31.000000;f71d546f-59e0-4216-8034-e1f48cfdefa4;419.68;0.80584;UNKNOWN
2016-04-09T00:02:31.000000;2016-04-09T00:02:31.000000;ec37220c-9594-4fea-8b61-06082959309d;419.65;0.01;UNKNOWN
2016-04-09T00:02:31.000000;2016-04-09T00:02:31.000000;e8bd47cb-f678-4e70-a494-1db21bcbc0ca;419.67;0.01;UNKNOWN
2016-04-09T00:03:01.000000;2016-04-09T00:03:01.000000;baab8080-88c0-47cc-a03c-4227a10cff56;419.56;0.07;UNKNOWN
2016-04-09T00:03:01.000000;2016-04-09T00:03:01.000000;56dbe79c-f2b4-4cab-9b35-e6da175a7cd1;419.5;0.18644;UNKNOWN
2016-04-09T00:03:01.000000;2016-04-09T00:03:01.000000;2a18fb74-5fc0-47bb-a4e0-4b8eaa25c4c8;419.54;0.1;UNKNOWN
2016-04-09T00:03:01.000000;2016-04-09T00:03:01.000000;58cef0a4-8d10-4552-8a8c-9178d9dd923b;419.55;0.0368;UNKNOWN
2016-04-09T00:03:01.000000;2016-04-09T00:03:01.000000;14da6f50-c476-4495-bf86-d5fea4adee7b;419.57;0.23;UNKNOWN
2016-04-09T00:03:01.000000;2016-04-09T00:03:01.000000;2924db08-e2aa-4432-b652-1dd1f8943e49;419.55;0.01;UNKNOWN
2016-04-09T00:03:01.000000;2016-04-09T00:03:01.000000;22ec3766-87e6-41f5-ad83-4d8024f0d093;419.58;0.097;UNKNOWN
2016-04-09T00:03:01.000000;2016-04-09T00:03:01.000000;90841e0b-af05-46e3-8140-8c1da7eac100;419.58;0.0237;UNKNOWN
2016-04-09T00:03:01.000000;2016-04-09T00:03:01.000000;7627d9aa-5bd2-4086-8b8f-9cfad0f034b5;419.6;0.0213;UNKNOWN
2016-04-09T00:03:31.000000;2016-04-09T00:03:31.000000;c10d8cbe-a63a-4f47-afe9-a63236052135;419.66;0.0252;UNKNOWN
2016-04-09T00:03:31.000000;2016-04-09T00:03:31.000000;babbbc63-3ad9-42b8-ae31-5b493fada335;419.66;0.0265;UNKNOWN
2016-04-09T00:03:31.000000;2016-04-09T00:03:31.000000;01b29427-89e4-4d93-a214-16222f3c787b;419.65;0.035;UNKNOWN
2016-04-09T00:03:31.000000;2016-04-09T00:03:31.000000;d415361d-662c-4379-bf6b-e1cb872e560e;419.66;0.0266;UNKNOWN
2016-04-09T00:03:31.000000;2016-04-09T00:03:31.000000;80e00e74-3279-4ac1-aa92-fb18f333da61;419.66;0.0273;UNKNOWN
2016-04-09T00:03:31.000000;2016-04-09T00:03:31.000000;1c01d187-90d4-40b1-bed7-121e8ee52f26;419.66;0.0271;UNKNOWN
2016-04-09T00:03:31.000000;2016-04-09T00:03:31.000000;5a18a15e-861b-4af6-a482-e4990bfe6607;419.64;0.0257;UNKNOWN
2016-04-09T00:03:31.000000;2016-04-09T00:03:31.000000;7cf7b8a6-f914-477e-aa66-a748171c8730;419.66;0.0264;UNKNOWN
2016-04-09T00:03:31.000000;2016-04-09T00:03:31.000000;09abb973-6746-43dc-8335-12a226b70f91;419.65;0.3;UNKNOWN
2016-04-09T00:03:31.000000;2016-04-09T00:03:31.000000;f4cb9636-c9ac-4a61-aef2-9d414db62566;419.66;0.102;UNKNOWN
2016-04-09T00:03:31.000000;2016-04-09T00:03:31.000000;308ccce7-c41b-494d-83ac-320de8a20044;419.66;0.0264;UNKNOWN
2016-04-09T00:03:31.000000;2016-04-09T00:03:31.000000;c858b3e2-d32c-49d4-81bf-11bc99111550;419.49;0.14914;UNKNOWN
2016-04-09T00:03:31.000000;2016-04-09T00:03:31.000000;4705e5d6-6cc2-4106-9ee1-bd4369baf45f;419.5;0.75;UNKNOWN
2016-04-09T00:03:31.000000;2016-04-09T00:03:31.000000;953bce80-e77f-4706-bcc4-eff737ebfa2f;419.56;0.091;UNKNOWN
2016-04-09T00:03:31.000000;2016-04-09T00:03:31.000000;24df7f58-236a-4f64-8709-53cf4c5c32fb;419.6;0.0245;UNKNOWN
2016-04-09T00:03:31.000000;2016-04-09T00:03:31.000000;cce35c8f-c47f-408a-9aa3-6f94feb4931b;419.6;0.5;UNKNOWN
2016-04-09T00:03:31.000000;2016-04-09T00:03:31.000000;7a5993a0-4459-4aa0-add6-bbe07502ffaf;419.62;0.0257;UNKNOWN
2016-04-09T00:04:02.000000;2016-04-09T00:04:02.000000;92cf9890-2eb7-425f-b769-6d722de69e20;419.6;0.107;UNKNOWN
2016-04-09T00:04:02.000000;2016-04-09T00:04:02.000000;336f2dac-bf58-46fe-a48f-953ed034f7ff;419.48;0.248;UNKNOWN
2016-04-09T00:04:02.000000;2016-04-09T00:04:02.000000;a8520b93-bb6b-491a-8dbc-9ca87d3d6030;419.66;0.0226;UNKNOWN
2016-04-09T00:04:02.000000;2016-04-09T00:04:02.000000;08048e59-bf57-44a7-888f-87ad1639e139;419.66;0.0319;UNKNOWN
2016-04-09T00:04:02.000000;2016-04-09T00:04:02.000000;96b17f85-b508-4d01-bddc-bc58aa158161;419.47;0.1;UNKNOWN
2016-04-09T00:04:02.000000;2016-04-09T00:04:02.000000;6289e054-dd18-4d88-921f-aa696a6e6b18;419.65;0.098;UNKNOWN
2016-04-09T00:04:02.000000;2016-04-09T00:04:02.000000;7fe2b8e4-2c0d-46ab-88be-6ba557e84d34;419.49;0.01;UNKNOWN
2016-04-09T00:04:02.000000;2016-04-09T00:04:02.000000;37a5990c-92e3-4683-9f44-cc36118f6c34;419.47;0.035;UNKNOWN
2016-04-09T00:04:02.000000;2016-04-09T00:04:02.000000;ab3fe495-bfb9-4fa3-bbe0-c8c3fc102ca9;419.65;0.035;UNKNOWN
2016-04-09T00:04:02.000000;2016-04-09T00:04:02.000000;9b51909d-59d4-4014-aea9-3ba77d29caef;419.55;0.081;UNKNOWN
2016-04-09T00:04:02.000000;2016-04-09T00:04:02.000000;a6032997-79b6-4298-8fa0-ace9a5e1b956;419.39;0.01;UNKNOWN
2016-04-09T00:04:02.000000;2016-04-09T00:04:02.000000;f114b118-3fc9-4711-b954-e2b8b4131070;419.4;0.3;UNKNOWN
2016-04-09T00:04:02.000000;2016-04-09T00:04:02.000000;f7ecadbf-c194-4130-a67e-5c94132bd722;419.44;0.127;UNKNOWN
2016-04-09T00:04:02.000000;2016-04-09T00:04:02.000000;56e256a5-37ba-4036-b92a-c9c4826b1d32;419.46;0.71499999;UNKNOWN
2016-04-09T00:04:02.000000;2016-04-09T00:04:02.000000;9a280a59-0e69-4317-906f-99167a20c794;419.32;0.116;UNKNOWN
2016-04-09T00:04:02.000000;2016-04-09T00:04:02.000000;9799f976-196e-4735-8129-07f219cd1f60;419.32;0.05;UNKNOWN
2016-04-09T00:04:02.000000;2016-04-09T00:04:02.000000;b767140c-e563-42ef-b56e-e8e52f3a8cd6;419.33;0.05;UNKNOWN
2016-04-09T00:04:02.000000;2016-04-09T00:04:02.000000;64e70b90-6e6f-4fbc-9f2e-9eebfa66595c;419.35;0.01;UNKNOWN
2016-04-09T00:04:02.000000;2016-04-09T00:04:02.000000;661538b5-3bfe-4068-a4aa-8fc41c427f7c;419.38;0.102;UNKNOWN
2016-04-09T00:04:02.000000;2016-04-09T00:04:02.000000;365ddfb1-3062-4ae7-8894-7b8e7b9d1677;419.34;0.05;UNKNOWN
2016-04-09T00:04:02.000000;2016-04-09T00:04:02.000000;3fb06341-2bf2-4806-8b19-0eb4e7d184f5;419.35;0.05;UNKNOWN
2016-04-09T00:04:02.000000;2016-04-09T00:04:02.000000;d65692b6-8157-44c2-ac8c-50a096bf597a;419.31;0.05;UNKNOWN
2016-04-09T00:04:02.000000;2016-04-09T00:04:02.000000;6b0347a0-72ba-45a5-bd14-33ce947ddc01;419.27;0.05855001;UNKNOWN
2016-04-09T00:04:02.000000;2016-04-09T00:04:02.000000;f4463c3a-ec8a-4965-9030-b23f5c8d5053;419.28;0.05;UNKNOWN
2016-04-09T00:04:02.000000;2016-04-09T00:04:02.000000;c7541bdc-67fe-4b1b-905f-792145978402;419.29;0.05;UNKNOWN
2016-04-09T00:04:02.000000;2016-04-09T00:04:02.000000;04613cf9-5684-40ec-9c2a-f11afe1cf8fa;419.3;0.01;UNKNOWN
2016-04-09T00:04:02.000000;2016-04-09T00:04:02.000000;80040fb5-7edf-4268-b4cf-be40946643ef;419.3;0.05;UNKNOWN
2016-04-09T00:04:02.000000;2016-04-09T00:04:02.000000;b908f543-0224-429a-8bd9-8ea6569dc0cd;419.27;0.05;UNKNOWN
2016-04-09T00:04:31.000000;2016-04-09T00:04:31.000000;d909600b-295f-4ccc-ae8a-8b456c049b0e;419.54;0.01;UNKNOWN
2016-04-09T00:04:31.000000;2016-04-09T00:04:31.000000;877cfe57-2294-42da-86ad-231a900a4582;419.54;0.0372;UNKNOWN
2016-04-09T00:05:30.000000;2016-04-09T00:05:30.000000;e271540c-27a6-463e-95f4-0bcbef4d7fa8;419.53;0.006;UNKNOWN
2016-04-09T00:05:30.000000;2016-04-09T00:05:30.000000;762218ea-c8bf-4a51-9f7b-4651c5d11c66;419.53;0.01;UNKNOWN
2016-04-09T00:06:00.000000;2016-04-09T00:06:00.000000;28f848e4-51e5-4691-b789-2e086edc8dc6;419.54;2.368;UNKNOWN
2016-04-09T00:06:03.000000;2016-04-09T00:06:03.000000;570bc4a6-e851-4564-8656-616b3f131a2d;419.27;0.003;UNKNOWN
2016-04-09T00:06:03.000000;2016-04-09T00:06:03.000000;ec887795-1b5b-4596-8846-a52963e6c194;419.28;0.05;UNKNOWN
2016-04-09T00:06:03.000000;2016-04-09T00:06:03.000000;eec76056-3193-4a42-82aa-ec50844d4744;419.28;0.01;UNKNOWN
2016-04-09T00:06:03.000000;2016-04-09T00:06:03.000000;bd984715-4b7e-4d77-92ec-2e6ba7421e15;419.28;0.01;UNKNOWN
2016-04-09T00:06:03.000000;2016-04-09T00:06:03.000000;acd89da5-3999-48f7-af43-982343b3c582;419.29;0.05;UNKNOWN
2016-04-09T00:06:03.000000;2016-04-09T00:06:03.000000;3cf87440-10a8-4b78-9097-d9b88315dc30;419.3;0.088;UNKNOWN
2016-04-09T00:06:03.000000;2016-04-09T00:06:03.000000;8c0e51ed-66e2-4246-8803-a925f8a96c9e;419.28;0.01;UNKNOWN
2016-04-09T00:06:03.000000;2016-04-09T00:06:03.000000;ec9eb7f4-c6b4-46e1-94bc-5ae5cd810f39;419.5;0.035;UNKNOWN
2016-04-09T00:06:03.000000;2016-04-09T00:06:03.000000;e710c2aa-dc8a-4353-8e45-f80ec6744a86;419.3;0.05;UNKNOWN
2016-04-09T00:06:03.000000;2016-04-09T00:06:03.000000;e8066776-fda7-40b0-ba3f-3559751e1bfe;419.32;0.05;UNKNOWN
2016-04-09T00:06:03.000000;2016-04-09T00:06:03.000000;0f8b8594-5941-4d11-aef3-d64ef3528224;419.33;0.05;UNKNOWN
2016-04-09T00:06:03.000000;2016-04-09T00:06:03.000000;1691b498-7a35-4e5e-8b12-28eb5bad5eb4;419.5;0.104;UNKNOWN
2016-04-09T00:06:03.000000;2016-04-09T00:06:03.000000;9ef02fbb-0102-41e3-938f-0c4ae24b6ed1;419.45;0.081;UNKNOWN
2016-04-09T00:06:03.000000;2016-04-09T00:06:03.000000;13c8dcec-8109-4714-bf3e-34e14669e1bf;419.31;0.05;UNKNOWN
2016-04-09T00:06:03.000000;2016-04-09T00:06:03.000000;1489aa5a-a13e-4af4-ad97-13b4d0e4aaea;419.32;0.035;UNKNOWN
2016-04-09T00:06:03.000000;2016-04-09T00:06:03.000000;f1ed0e44-f2c7-4c95-b09c-3a508f631b9d;419.4;0.104;UNKNOWN
2016-04-09T00:06:03.000000;2016-04-09T00:06:03.000000;e17fb47d-549f-462a-a68c-4014c5bbe9f7;419.34;0.05;UNKNOWN
2016-04-09T00:06:03.000000;2016-04-09T00:06:03.000000;21a8df00-6eca-4a23-a600-3f6a19b6f8f4;419.35;0.11;UNKNOWN
2016-04-09T00:06:03.000000;2016-04-09T00:06:03.000000;4bb4100a-539a-4ac7-b57f-e73bef069b2d;419.36;0.01;UNKNOWN
2016-04-09T00:06:03.000000;2016-04-09T00:06:03.000000;9b4b157e-5cc0-4de1-8da3-9107e8971212;419.35;0.05;UNKNOWN
2016-04-09T00:06:30.000000;2016-04-09T00:06:30.000000;0ed4c5e7-533e-4b38-aafb-d8b5267cb77e;419.15;2.26679;UNKNOWN
2016-04-09T00:06:30.000000;2016-04-09T00:06:30.000000;e8887caf-0da9-497a-bed1-6d06fc633695;419.15;0.99;UNKNOWN
2016-04-09T00:06:30.000000;2016-04-09T00:06:30.000000;e92b6214-4fd2-4aed-b397-7c1d34c21856;419.28;0.01;UNKNOWN
2016-04-09T00:06:30.000000;2016-04-09T00:06:30.000000;58d6530d-7fcb-4082-832c-2a2bcfb155f6;419.15;0.05;UNKNOWN
2016-04-09T00:06:30.000000;2016-04-09T00:06:30.000000;1785f2d7-5e3d-464a-a991-382c0ec4f69b;419.17;0.99;UNKNOWN
2016-04-09T00:06:30.000000;2016-04-09T00:06:30.000000;2ced3a82-5a70-4858-b805-fc16fa65b204;419.28;0.01;UNKNOWN
2016-04-09T00:06:30.000000;2016-04-09T00:06:30.000000;c0c4ccd2-13de-460b-a5f9-1e56f1abba87;419.16;0.99;UNKNOWN
2016-04-09T00:06:30.000000;2016-04-09T00:06:30.000000;5f95fa3d-f128-4c96-b485-35ce8fa4f9c4;419.21;0.05;UNKNOWN
2016-04-09T00:06:30.000000;2016-04-09T00:06:30.000000;77d2954b-1bfb-44b7-a3d4-593381cef282;419.17;0.05;UNKNOWN
2016-04-09T00:06:30.000000;2016-04-09T00:06:30.000000;22754920-1172-4f2a-ad16-915433e4e244;419.27;0.047;UNKNOWN
2016-04-09T00:06:30.000000;2016-04-09T00:06:30.000000;13146907-c074-43fb-8870-142b44d0f6d5;419.28;0.095;UNKNOWN
2016-04-09T00:06:30.000000;2016-04-09T00:06:30.000000;42b35e76-dc62-47cb-a89d-4c8a856af90d;419.22;0.05;UNKNOWN
2016-04-09T00:06:30.000000;2016-04-09T00:06:30.000000;f077758d-d12a-4334-94d4-e4b73c3cd6b5;419.23;0.079;UNKNOWN
2016-04-09T00:06:30.000000;2016-04-09T00:06:30.000000;aeacf27b-9f60-4915-8762-3396709f6d01;419.24;0.05;UNKNOWN
2016-04-09T00:06:30.000000;2016-04-09T00:06:30.000000;28523f5d-0469-4d8d-ae85-482d40d2b004;419.26;0.05;UNKNOWN
2016-04-09T00:06:30.000000;2016-04-09T00:06:30.000000;3b4cf2f4-ed88-4b9a-97ac-926525d0a2d3;419.25;0.05;UNKNOWN
2016-04-09T00:06:30.000000;2016-04-09T00:06:30.000000;f06f9a0f-d67e-42da-91bc-4fbc564b361a;419.23;0.05;UNKNOWN
2016-04-09T00:06:30.000000;2016-04-09T00:06:30.000000;efe21195-de15-450b-b024-f5870b37a0cf;419.24;0.035;UNKNOWN
2016-04-09T00:06:30.000000;2016-04-09T00:06:30.000000;e93fd32c-acf2-47f2-8495-f1a959d8d7ec;419.2;0.05;UNKNOWN
2016-04-09T00:06:30.000000;2016-04-09T00:06:30.000000;f9bfcd6b-3245-445d-a0c5-fe270fbc23d7;419.16;0.05;UNKNOWN
2016-04-09T00:06:30.000000;2016-04-09T00:06:30.000000;170666b1-4f04-4ba2-a1f0-fbf918a85f8a;419.18;0.086;UNKNOWN
2016-04-09T00:06:30.000000;2016-04-09T00:06:30.000000;4d19825c-ccaf-4238-9524-f73ada2b9599;419.18;0.05;UNKNOWN
2016-04-09T00:06:30.000000;2016-04-09T00:06:30.000000;6050c07d-7026-4ffd-9b70-cdbf8e62d08f;419.18;0.01;UNKNOWN
2016-04-09T00:06:30.000000;2016-04-09T00:06:30.000000;975334a2-f115-49a1-bee4-345a2375683a;419.19;0.05;UNKNOWN
2016-04-09T00:07:05.000000;2016-04-09T00:07:05.000000;c14d27ff-faba-4d51-b883-85caba0cc666;419.3;0.05;UNKNOWN
2016-04-09T00:07:05.000000;2016-04-09T00:07:05.000000;eca1de62-b41c-4516-9d31-f00b2b2961e6;419.32;0.05;UNKNOWN
2016-04-09T00:07:05.000000;2016-04-09T00:07:05.000000;83bde62c-4c4b-44f7-91b9-371c0422e0a3;419.31;0.05;UNKNOWN
2016-04-09T00:07:05.000000;2016-04-09T00:07:05.000000;c779bff9-ad86-4ff7-b663-98185a4565a3;419.29;0.05;UNKNOWN
2016-04-09T00:07:05.000000;2016-04-09T00:07:05.000000;99e4e3e8-9cc0-44cd-a24a-94cc0182c15a;419.24;0.05;UNKNOWN
2016-04-09T00:07:05.000000;2016-04-09T00:07:05.000000;b10108c3-945c-4b8c-a431-92aae75ac071;419.29;0.01;UNKNOWN
2016-04-09T00:07:05.000000;2016-04-09T00:07:05.000000;b2437e92-e51d-41de-89db-391d01ea9306;419.28;0.05;UNKNOWN
2016-04-09T00:07:05.000000;2016-04-09T00:07:05.000000;1340d9f8-e388-44a8-88b7-4200ba435109;419.27;0.05;UNKNOWN
2016-04-09T00:07:05.000000;2016-04-09T00:07:05.000000;f39c0f39-e142-4b64-a96a-b3b28b6313b4;419.25;0.05;UNKNOWN
2016-04-09T00:07:05.000000;2016-04-09T00:07:05.000000;4f720c22-331b-4997-806e-633b5d01a682;419.23;0.05;UNKNOWN
2016-04-09T00:07:05.000000;2016-04-09T00:07:05.000000;43d7221d-e15e-4a99-b8ce-7263b81deaf5;419.22;0.05;UNKNOWN
2016-04-09T00:07:05.000000;2016-04-09T00:07:05.000000;fd72691d-d297-497e-b29d-275ae9268677;419.21;0.05;UNKNOWN
2016-04-09T00:07:05.000000;2016-04-09T00:07:05.000000;eb63c7ba-21f0-446f-ac1e-76df0a7cf272;419.2;0.05;UNKNOWN
2016-04-09T00:07:05.000000;2016-04-09T00:07:05.000000;6c1a5aa2-8fe4-40e2-868e-5b46ab406b2b;419.33;0.05;UNKNOWN
2016-04-09T00:07:05.000000;2016-04-09T00:07:05.000000;4955ba42-3c8f-41ac-b598-584a5ee802a1;419.26;0.05;UNKNOWN
2016-04-09T00:07:05.000000;2016-04-09T00:07:05.000000;41ff0484-0953-4916-8e92-8b2a33b3679b;419.32;0.3;UNKNOWN
2016-04-09T00:07:05.000000;2016-04-09T00:07:05.000000;6e95e532-a8ae-4634-8a82-99907b222f87;419.34;0.05;UNKNOWN
2016-04-09T00:07:05.000000;2016-04-09T00:07:05.000000;c9ecc864-4856-4d73-8e34-926e97853e89;419.4;3.0;UNKNOWN
2016-04-09T00:07:05.000000;2016-04-09T00:07:05.000000;98a13e02-bd57-485d-94ae-0b3027a9c940;419.37;0.91466;UNKNOWN
2016-04-09T00:07:05.000000;2016-04-09T00:07:05.000000;573f921b-1e47-4dc6-a2cd-eccb7b3964aa;419.36;0.15;UNKNOWN
2016-04-09T00:07:05.000000;2016-04-09T00:07:05.000000;2b9a35bd-e4b9-4d80-81d1-ccef0f5c9860;419.37;0.05;UNKNOWN
2016-04-09T00:07:05.000000;2016-04-09T00:07:05.000000;0ea500ff-235b-47f5-9085-73595b3f2bdd;419.36;0.05;UNKNOWN
2016-04-09T00:07:05.000000;2016-04-09T00:07:05.000000;b6acf9ae-1de8-4dcd-9c9b-6c326529cfa3;419.35;0.05;UNKNOWN
2016-04-09T00:07:05.000000;2016-04-09T00:07:05.000000;52bc81ce-9539-49e9-b944-900814908a0b;419.42;0.48617;UNKNOWN
2016-04-09T00:07:05.000000;2016-04-09T00:07:05.000000;d4eaa13f-688e-43ef-a8b1-303ef9400aa9;419.41;0.01;UNKNOWN
2016-04-09T00:07:31.000000;2016-04-09T00:07:31.000000;4793bb96-ef59-4264-887d-ec63cf6bf5e3;419.43;0.05;UNKNOWN
2016-04-09T00:07:31.000000;2016-04-09T00:07:31.000000;3417261d-9c76-40d3-b8b0-81bbef5321db;419.27;0.05;UNKNOWN
2016-04-09T00:07:31.000000;2016-04-09T00:07:31.000000;aa745eb9-54d8-45b2-8774-f74007c53555;419.42;0.3;UNKNOWN
2016-04-09T00:07:31.000000;2016-04-09T00:07:31.000000;afdce030-0076-41ef-9103-542c0326e1a7;419.47;0.22094;UNKNOWN
2016-04-09T00:07:31.000000;2016-04-09T00:07:31.000000;9e05c9c8-2da1-4c4a-8efd-43ebb8241167;419.44;0.035;UNKNOWN
2016-04-09T00:07:31.000000;2016-04-09T00:07:31.000000;b476e1f2-cb94-4ea6-9aab-0f0813c5bb14;419.43;0.05;UNKNOWN
2016-04-09T00:08:01.000000;2016-04-09T00:08:01.000000;3b38bd49-d04f-4805-8ed4-6c2ade2ae733;419.32;0.0262;UNKNOWN
2016-04-09T00:08:01.000000;2016-04-09T00:08:01.000000;eeb7a61a-4e62-4b63-ad6a-5f144027a64c;419.32;0.0261;UNKNOWN
2016-04-09T00:08:01.000000;2016-04-09T00:08:01.000000;098ab30a-9218-4066-9573-409e3a3b83f9;419.32;0.0233;UNKNOWN
2016-04-09T00:08:01.000000;2016-04-09T00:08:01.000000;6b94b236-b8e7-442b-8683-668ec0d94846;419.33;0.0283;UNKNOWN
2016-04-09T00:08:01.000000;2016-04-09T00:08:01.000000;72fc01b9-15d5-43b4-b903-75e1089dc0cf;419.35;0.0188;UNKNOWN
2016-04-09T00:08:01.000000;2016-04-09T00:08:01.000000;ecabc40b-89d9-4c8c-8f9c-68d779077f63;419.32;0.0244;UNKNOWN
2016-04-09T00:08:01.000000;2016-04-09T00:08:01.000000;2d9ea112-2b4d-44eb-83f2-cdda947bfd47;419.32;0.028;UNKNOWN
2016-04-09T00:08:01.000000;2016-04-09T00:08:01.000000;288faee1-e34f-4015-bac2-cbf793070bfb;419.32;0.0217;UNKNOWN
2016-04-09T00:08:01.000000;2016-04-09T00:08:01.000000;a907c5c8-1e31-4119-91ed-b040e313fde4;419.32;0.0312;UNKNOWN
2016-04-09T00:08:01.000000;2016-04-09T00:08:01.000000;e915314c-d234-4aaa-a849-d832dfff5cf5;419.39;0.0306;UNKNOWN
2016-04-09T00:08:01.000000;2016-04-09T00:08:01.000000;47b4cd78-dc57-46b6-8cfb-289142a16cb6;419.37;0.0256;UNKNOWN
2016-04-09T00:08:01.000000;2016-04-09T00:08:01.000000;f86e1b73-1726-4596-92a4-25a557534289;419.41;0.77811;UNKNOWN
2016-04-09T00:08:31.000000;2016-04-09T00:08:31.000000;d4b613f3-fbb0-45a3-8239-e1a07b196a2f;419.53;0.64119;UNKNOWN
2016-04-09T00:08:31.000000;2016-04-09T00:08:31.000000;1e55143c-2823-49d5-a2da-b38274dacc17;419.53;0.01;UNKNOWN
2016-04-09T00:08:31.000000;2016-04-09T00:08:31.000000;b3b99849-20a9-465f-a47c-4a74c9088c07;419.52;0.0368;UNKNOWN
2016-04-09T00:08:31.000000;2016-04-09T00:08:31.000000;7f31fc18-49d2-43f1-ae61-d7525d0636fa;419.52;0.01;UNKNOWN
2016-04-09T00:08:31.000000;2016-04-09T00:08:31.000000;34f3fc15-25e7-40ff-9f28-d7b2f78920f1;419.52;0.01;UNKNOWN
2016-04-09T00:09:01.000000;2016-04-09T00:09:01.000000;d7836139-d822-4cdb-8873-60a7b45501da;419.54;0.1;UNKNOWN
2016-04-09T00:09:01.000000;2016-04-09T00:09:01.000000;e687b089-7e02-49a2-81c4-3c920d88f1bb;419.54;0.2117;UNKNOWN
2016-04-09T00:09:08.000000;2016-04-09T00:09:08.000000;38c29841-4477-46db-bc8c-45f0e627945b;419.54;0.0526;UNKNOWN
2016-04-09T00:09:31.000000;2016-04-09T00:09:31.000000;31e58e9f-3ef9-42de-947f-e02796112471;419.54;0.23474;UNKNOWN
2016-04-09T00:10:01.000000;2016-04-09T00:10:01.000000;a65c60f8-d490-4c11-a087-8faa6c9cf23b;419.54;2.71996;UNKNOWN
2016-04-09T00:10:01.000000;2016-04-09T00:10:01.000000;ae2ed16e-2194-4d41-82af-8bf1f502627e;419.54;0.45696;UNKNOWN
2016-04-09T00:10:01.000000;2016-04-09T00:10:01.000000;582123ad-0d5f-4b90-87f2-e7839aeb8c0c;419.54;0.035;UNKNOWN
2016-04-09T00:10:31.000000;2016-04-09T00:10:31.000000;819e96e4-54e3-4086-ba84-3667311900a1;419.51;0.0169;UNKNOWN
2016-04-09T00:10:31.000000;2016-04-09T00:10:31.000000;e4eefcde-f274-47d5-98f6-5aae70007aab;419.51;0.0176;UNKNOWN
2016-04-09T00:10:31.000000;2016-04-09T00:10:31.000000;c74d10f8-8805-48cf-9c67-8d7508a4ad87;419.51;0.24265;UNKNOWN
2016-04-09T00:10:31.000000;2016-04-09T00:10:31.000000;48d1b7ba-5cd8-4d59-8847-4332082044b9;419.51;0.3;UNKNOWN
2016-04-09T00:10:31.000000;2016-04-09T00:10:31.000000;424e55c9-2c80-4491-98fe-e45efef4353c;419.51;0.0163;UNKNOWN
2016-04-09T00:11:01.000000;2016-04-09T00:11:01.000000;e7647a23-ac89-4618-b3cf-9094cdd4245f;419.51;0.01634;UNKNOWN
2016-04-09T00:11:01.000000;2016-04-09T00:11:01.000000;2d84b698-7cd2-4ce3-b308-5228e2cb0f72;419.51;0.01;UNKNOWN
2016-04-09T00:11:31.000000;2016-04-09T00:11:31.000000;bf6bcc86-edb2-499f-863e-285ae1277c48;419.36;0.01;UNKNOWN
2016-04-09T00:11:31.000000;2016-04-09T00:11:31.000000;b33d8ebb-4adf-4a13-b485-c63d75d079a7;419.31;0.086;UNKNOWN
2016-04-09T00:11:31.000000;2016-04-09T00:11:31.000000;de80c63b-103b-4550-8162-c8651b39f43e;419.24;0.05;UNKNOWN
2016-04-09T00:11:31.000000;2016-04-09T00:11:31.000000;56253c1f-55e2-468b-8ef0-a4fdd110cb7b;419.4;0.104;UNKNOWN
2016-04-09T00:11:31.000000;2016-04-09T00:11:31.000000;2dad8aaa-e101-4499-98f1-db194b7dabbd;419.23;0.05;UNKNOWN
2016-04-09T00:11:31.000000;2016-04-09T00:11:31.000000;0104f16c-9e18-4b36-a212-1a2fdc0854fa;419.26;0.05;UNKNOWN
2016-04-09T00:11:31.000000;2016-04-09T00:11:31.000000;f7ec2eab-12d4-431a-a020-ed3da39b9ac1;419.26;0.112;UNKNOWN
2016-04-09T00:11:31.000000;2016-04-09T00:11:31.000000;cbde3cb1-ed01-4826-a597-d1eb59bf9052;419.23;0.6;UNKNOWN
2016-04-09T00:11:31.000000;2016-04-09T00:11:31.000000;3574e68d-3f42-498c-a748-64ebef274bc9;419.25;0.05;UNKNOWN
2016-04-09T00:11:31.000000;2016-04-09T00:11:31.000000;f05802a1-d9ec-49f1-a4cd-c624d7520de0;419.26;0.65;UNKNOWN
2016-04-09T00:11:31.000000;2016-04-09T00:11:31.000000;57fc02e1-0ff8-4e31-b891-cf40aa066fe8;419.44;0.19;UNKNOWN
2016-04-09T00:11:31.000000;2016-04-09T00:11:31.000000;a04205b7-ef2c-462d-9f28-9b50ac794f6b;419.21;0.01977;UNKNOWN
2016-04-09T00:11:31.000000;2016-04-09T00:11:31.000000;6eeeeb3e-feb3-4940-b774-4738ac91a4f6;419.22;0.45;UNKNOWN
2016-04-09T00:11:31.000000;2016-04-09T00:11:31.000000;f2dff451-05bf-4d89-8b3d-7077e31a24c3;419.22;0.05;UNKNOWN
2016-04-09T00:11:31.000000;2016-04-09T00:11:31.000000;44a8d603-1fcd-44a7-9b30-adf1fc99987e;419.3;0.035;UNKNOWN
2016-04-09T00:11:31.000000;2016-04-09T00:11:31.000000;0fd0f112-fd30-4c73-8d0e-15fcda2b822d;419.21;0.076;UNKNOWN
2016-04-09T00:11:31.000000;2016-04-09T00:11:31.000000;b89d337e-ded9-4c61-9391-4a5f02eb694f;419.22;0.3003;UNKNOWN
2016-04-09T00:11:31.000000;2016-04-09T00:11:31.000000;b24843f1-14cf-47d0-8a1f-dee1d1e52324;419.48;0.1;UNKNOWN
2016-04-09T00:11:31.000000;2016-04-09T00:11:31.000000;5fa48fbc-79b6-4405-a2c3-6cc63c170b59;419.45;0.3;UNKNOWN
2016-04-09T00:11:31.000000;2016-04-09T00:11:31.000000;38c09f9e-807c-4149-b803-f094439e6717;419.21;0.05;UNKNOWN
2016-04-09T00:11:31.000000;2016-04-09T00:11:31.000000;2abde8b6-06d0-432e-a115-2128bf60ba29;419.51;0.097;UNKNOWN
2016-04-09T00:11:31.000000;2016-04-09T00:11:31.000000;6ae686a8-cb67-4cb3-b281-514cf192d50b;419.45;0.3;UNKNOWN
2016-04-09T00:11:31.000000;2016-04-09T00:11:31.000000;b2e65b7b-704b-4467-b2fc-874860072f7f;419.51;0.01;UNKNOWN
2016-04-09T00:11:31.000000;2016-04-09T00:11:31.000000;c36a18bb-e020-4e2a-98a1-b04617cd3c3e;419.46;0.095;UNKNOWN
2016-04-09T00:11:31.000000;2016-04-09T00:11:31.000000;ba4fc37b-b3f0-4f2b-baae-c4619a8cbc0c;419.48;0.035;UNKNOWN
2016-04-09T00:11:41.000000;2016-04-09T00:11:41.000000;b8b350c5-c782-4c0f-84bf-0720f4c49974;419.5;0.0184;UNKNOWN
2016-04-09T00:12:01.000000;2016-04-09T00:12:01.000000;e40c76ad-8e3e-455b-930c-b7bc60a98c89;419.46;1.74878;UNKNOWN
2016-04-09T00:12:31.000000;2016-04-09T00:12:31.000000;e3e72ccc-7f39-4a2d-bbc1-8a350389847c;419.46;0.56413;UNKNOWN
2016-04-09T00:12:39.000000;2016-04-09T00:12:39.000000;c7a1f234-92a2-41f3-841d-72a058f45514;419.46;0.01293604;UNKNOWN
2016-04-09T00:13:32.000000;2016-04-09T00:13:32.000000;77336e80-6ffe-48a1-91c9-b1d6c410af9a;419.23;0.116;UNKNOWN
2016-04-09T00:13:32.000000;2016-04-09T00:13:32.000000;919a555f-8e1f-4940-a9d9-4e60fd87dfce;419.26;0.05;UNKNOWN
2016-04-09T00:13:32.000000;2016-04-09T00:13:32.000000;08e80eb6-48b6-420f-9eea-18a56adaa04c;419.23;0.05;UNKNOWN
2016-04-09T00:13:32.000000;2016-04-09T00:13:32.000000;e69332da-f654-4bd3-9654-87b51669863b;419.24;0.05;UNKNOWN
2016-04-09T00:13:32.000000;2016-04-09T00:13:32.000000;aba4f3f0-ab06-41d4-b847-d4b0cf51e7c9;419.25;0.05;UNKNOWN
2016-04-09T00:13:32.000000;2016-04-09T00:13:32.000000;d83583a6-2b76-45f4-ae29-89700f1743ea;419.28;0.098;UNKNOWN
2016-04-09T00:13:32.000000;2016-04-09T00:13:32.000000;a63fa717-9c83-48fe-b775-4f5fe5262a14;419.33;0.111;UNKNOWN
2016-04-09T00:13:32.000000;2016-04-09T00:13:32.000000;cd49bccc-51f3-4664-8c80-164c9e2e5d9f;419.42;0.01;UNKNOWN
2016-04-09T00:13:32.000000;2016-04-09T00:13:32.000000;f2f9561c-31d2-4efc-bd34-5d9b4911f0d9;419.45;0.01;UNKNOWN
2016-04-09T00:13:32.000000;2016-04-09T00:13:32.000000;cb2d3879-b120-4665-bb59-33a83ebe6fc7;419.44;0.113;UNKNOWN
2016-04-09T00:13:32.000000;2016-04-09T00:13:32.000000;3a41c491-e5e9-4a45-ba64-786c279ffcdd;419.22;0.01831;UNKNOWN
2016-04-09T00:13:32.000000;2016-04-09T00:13:32.000000;3f12051d-cfdb-4cf9-ae3a-3b2d22fc667f;419.34;0.3;UNKNOWN
2016-04-09T00:13:32.000000;2016-04-09T00:13:32.000000;80b0311c-7c4d-4e62-b8cc-5eacdbac7359;419.22;0.05;UNKNOWN
2016-04-09T00:13:32.000000;2016-04-09T00:13:32.000000;0c3985ae-6908-4882-a755-d6119aecd432;419.34;0.01;UNKNOWN
2016-04-09T00:13:32.000000;2016-04-09T00:13:32.000000;58100184-4c81-4795-9c52-badf79655bdb;419.4;0.035;UNKNOWN
2016-04-09T00:13:32.000000;2016-04-09T00:13:32.000000;a9b380f5-d456-4fde-a9e5-72fc172d9765;419.39;0.087;UNKNOWN
2016-04-09T00:14:01.000000;2016-04-09T00:14:01.000000;4c9edd9d-4b29-4bb1-9206-28c296be4420;419.25;0.05;UNKNOWN
2016-04-09T00:14:01.000000;2016-04-09T00:14:01.000000;510bba65-4ded-42fb-9399-3a4fa5449a4c;419.25;0.0442;UNKNOWN
2016-04-09T00:14:01.000000;2016-04-09T00:14:01.000000;62589eba-86ed-41c3-aed1-bcaee7a5d0bd;419.25;0.23629;UNKNOWN
2016-04-09T00:14:31.000000;2016-04-09T00:14:31.000000;ea32e6ab-18d1-432f-add5-8c53f84b5af8;419.26;0.05;UNKNOWN
2016-04-09T00:14:31.000000;2016-04-09T00:14:31.000000;4bc78c7c-6b10-4c43-8ff6-4f1e3f04ef54;419.26;0.05;UNKNOWN
2016-04-09T00:14:31.000000;2016-04-09T00:14:31.000000;a828c998-c437-4e59-975b-98dd9b323c6d;419.25;0.01371;UNKNOWN
2016-04-09T00:14:31.000000;2016-04-09T00:14:31.000000;9864d242-da46-43ae-82cb-6282d402ac6f;419.27;0.05;UNKNOWN
2016-04-09T00:14:31.000000;2016-04-09T00:14:31.000000;c48509cf-2293-4a72-ba22-9662a3e3741d;419.27;2.40961;UNKNOWN
2016-04-09T00:15:01.000000;2016-04-09T00:15:01.000000;480c3642-a4c7-4072-b78f-e7501ce708d7;419.23;0.05;UNKNOWN
2016-04-09T00:15:01.000000;2016-04-09T00:15:01.000000;25b7f142-b059-4c54-a2a0-8a139965776b;419.22;0.05;UNKNOWN
2016-04-09T00:15:01.000000;2016-04-09T00:15:01.000000;5781aebc-16b0-480a-adf8-48d53336e567;419.23;0.01;UNKNOWN
2016-04-09T00:15:01.000000;2016-04-09T00:15:01.000000;e16ce2db-a5a0-448e-93cd-08c960a7887d;419.24;0.01;UNKNOWN
2016-04-09T00:15:01.000000;2016-04-09T00:15:01.000000;4aff2566-c906-43d8-b664-481dada57b8a;419.24;0.05;UNKNOWN
2016-04-09T00:15:01.000000;2016-04-09T00:15:01.000000;4f582ca9-a3d1-48c1-862f-62ea65fb0f11;419.24;0.111;UNKNOWN
2016-04-09T00:15:01.000000;2016-04-09T00:15:01.000000;b081e589-2f8f-4939-a325-60f4f9f769fc;419.21;0.05;UNKNOWN
2016-04-09T00:15:01.000000;2016-04-09T00:15:01.000000;1e6dadee-1c6e-46c8-9dd3-88c8d2848006;419.19;0.04374;UNKNOWN
2016-04-09T00:15:01.000000;2016-04-09T00:15:01.000000;bdaced94-9444-4543-9d63-88ffe5373ab0;419.19;0.05;UNKNOWN
2016-04-09T00:15:01.000000;2016-04-09T00:15:01.000000;367fcd05-987d-494b-a2d8-45c57ee853e0;419.2;0.05;UNKNOWN
2016-04-09T00:15:18.000000;2016-04-09T00:15:18.000000;b14bf2ce-8670-4319-9fe9-8eaf75bbd694;419.25;0.05;UNKNOWN
2016-04-09T00:15:18.000000;2016-04-09T00:15:18.000000;3278e2b7-9ed4-467e-b5d6-9f8e595771b1;419.21;0.05;UNKNOWN
2016-04-09T00:15:18.000000;2016-04-09T00:15:18.000000;8776635e-e0d3-495f-a0f1-ee804c95fd64;419.23;0.05;UNKNOWN
2016-04-09T00:15:18.000000;2016-04-09T00:15:18.000000;64879ed8-44b4-4b03-8e2d-d5bfa6278daa;419.22;0.05;UNKNOWN
2016-04-09T00:15:18.000000;2016-04-09T00:15:18.000000;91c2863e-7a3d-4702-bb13-c6a0becf9eaf;419.27;0.7791;UNKNOWN
2016-04-09T00:15:18.000000;2016-04-09T00:15:18.000000;03e59d1f-68f4-402d-a8d1-c16dd2396427;419.26;0.05;UNKNOWN
2016-04-09T00:15:18.000000;2016-04-09T00:15:18.000000;7e225d96-f7b9-407f-a67c-dc9755fad955;419.24;0.05;UNKNOWN
2016-04-09T00:15:31.000000;2016-04-09T00:15:31.000000;f09e3044-f631-46cb-b943-95fe15f1b0b3;419.28;0.82438;UNKNOWN
2016-04-09T00:16:01.000000;2016-04-09T00:16:01.000000;7af779c8-4dc0-40e9-87a6-26cec6d34b57;419.28;0.18;UNKNOWN
2016-04-09T00:16:01.000000;2016-04-09T00:16:01.000000;c7f7788e-6d8e-4c28-83e7-a85c46eaa5f1;419.28;0.26813;UNKNOWN
2016-04-09T00:17:11.000000;2016-04-09T00:17:11.000000;2c3e2ee3-1a12-42e6-bb7f-b8b0e5f8615e;419.28;0.00056892;UNKNOWN
2016-04-09T00:17:31.000000;2016-04-09T00:17:31.000000;2ae975c4-cfbb-4d95-8467-9047aa301182;419.28;0.15439;UNKNOWN
2016-04-09T00:17:50.000000;2016-04-09T00:17:50.000000;873ae637-9f5a-49f6-b58c-9c5b40eb4973;419.2;0.082;UNKNOWN
2016-04-09T00:17:50.000000;2016-04-09T00:17:50.000000;6b20e099-8fdc-4613-ba03-5e4a3354acbb;419.2;0.05;UNKNOWN
2016-04-09T00:17:50.000000;2016-04-09T00:17:50.000000;489371d4-aa43-4615-ad40-4f0d2e41d6e6;419.21;0.05;UNKNOWN
2016-04-09T00:17:50.000000;2016-04-09T00:17:50.000000;38302173-4574-4556-b9a5-89b4f6bca015;419.23;0.05;UNKNOWN
2016-04-09T00:17:50.000000;2016-04-09T00:17:50.000000;01529e07-48db-4999-9a09-215b14bce649;419.22;0.05;UNKNOWN
2016-04-09T00:17:50.000000;2016-04-09T00:17:50.000000;2b2ebff3-49d8-4024-ad28-b2659ac7de12;419.24;0.05;UNKNOWN
2016-04-09T00:17:50.000000;2016-04-09T00:17:50.000000;1579f266-744f-4244-8d6c-2e812f60d549;419.25;0.0125;UNKNOWN
2016-04-09T00:17:50.000000;2016-04-09T00:17:50.000000;164c2c80-0912-4750-a3a4-401c27a2e06f;419.25;0.119;UNKNOWN
2016-04-09T00:17:50.000000;2016-04-09T00:17:50.000000;435987c0-532f-4e32-a439-0480ab8a626a;419.25;0.05;UNKNOWN
2016-04-09T00:17:52.000000;2016-04-09T00:17:52.000000;f41f5aba-87c5-4860-b61f-ee4b3d4a9384;419.2;0.01;UNKNOWN
2016-04-09T00:17:52.000000;2016-04-09T00:17:52.000000;8e59431e-53d6-45f3-bc41-78d3540d5829;419.2;0.098;UNKNOWN
2016-04-09T00:17:55.000000;2016-04-09T00:17:55.000000;1a9ae372-4f7d-4650-9fe0-397df10c605a;419.19;0.05;UNKNOWN
2016-04-09T00:17:55.000000;2016-04-09T00:17:55.000000;215b32e3-8d05-4da1-875d-9751ec452d14;419.18;0.05;UNKNOWN
2016-04-09T00:17:55.000000;2016-04-09T00:17:55.000000;6e993d36-3c94-4e70-807c-b72dca2126a6;419.18;0.081;UNKNOWN
2016-04-09T00:17:57.000000;2016-04-09T00:17:57.000000;5919c624-f05e-43f1-8e80-fe9cfc849cc2;419.15;0.05;UNKNOWN
2016-04-09T00:17:57.000000;2016-04-09T00:17:57.000000;c4fa6d59-c29f-44b7-a695-c1dea2389ce5;419.16;0.05;UNKNOWN
2016-04-09T00:17:57.000000;2016-04-09T00:17:57.000000;de3ebb27-a1c9-4292-b7f1-0f010b348ddd;419.16;0.01;UNKNOWN
2016-04-09T00:17:57.000000;2016-04-09T00:17:57.000000;c36f4e22-0c84-47e1-9bf9-acafb816b632;419.17;0.078;UNKNOWN
2016-04-09T00:17:57.000000;2016-04-09T00:17:57.000000;98105bf1-9959-48c2-a770-e48526f2d35b;419.17;0.035;UNKNOWN
2016-04-09T00:17:57.000000;2016-04-09T00:17:57.000000;dc9cecc5-2b3f-4d8a-9028-07a885328437;419.18;0.01;UNKNOWN
2016-04-09T00:17:57.000000;2016-04-09T00:17:57.000000;359963f8-8dc2-4ce2-99be-5cf7949fc583;419.11;0.05;UNKNOWN
2016-04-09T00:17:57.000000;2016-04-09T00:17:57.000000;1c7acef4-21f7-450b-95c0-b619b2e604b0;419.12;0.01;UNKNOWN
2016-04-09T00:17:57.000000;2016-04-09T00:17:57.000000;d627fdea-3579-4450-8f91-792304b899f4;419.12;0.05;UNKNOWN
2016-04-09T00:17:57.000000;2016-04-09T00:17:57.000000;f3cfad27-41e0-4a9d-a927-59a001119344;419.13;0.05;UNKNOWN
2016-04-09T00:17:57.000000;2016-04-09T00:17:57.000000;50e292e8-e6d7-49a7-a582-6fbf782f48e6;419.14;0.05;UNKNOWN
2016-04-09T00:17:57.000000;2016-04-09T00:17:57.000000;fed35211-03fb-4ea3-9223-642f36917008;419.17;0.05;UNKNOWN
2016-04-09T00:17:59.000000;2016-04-09T00:17:59.000000;c594daf8-fa5a-43ec-9d0c-940a395a19ef;419.03;0.05;UNKNOWN
2016-04-09T00:17:59.000000;2016-04-09T00:17:59.000000;c8391485-0679-4ba8-9b3a-82901bfae2a3;419.04;0.05;UNKNOWN
2016-04-09T00:17:59.000000;2016-04-09T00:17:59.000000;18a72f3b-d773-4b61-960a-a07fd096cdab;419.12;0.01;UNKNOWN
2016-04-09T00:17:59.000000;2016-04-09T00:17:59.000000;aab383cd-fe4c-4657-8fa2-e239d81945db;419.11;0.01;UNKNOWN
2016-04-09T00:17:59.000000;2016-04-09T00:17:59.000000;aa16721e-1a1f-4caa-a308-bfe5677f3037;419.12;0.114;UNKNOWN
2016-04-09T00:17:59.000000;2016-04-09T00:17:59.000000;55a31f7f-9e3e-411e-bf6e-cd48f26bed33;419.05;0.096;UNKNOWN
2016-04-09T00:17:59.000000;2016-04-09T00:17:59.000000;3445ba08-e6a6-41cf-9719-a5143b84464f;419.05;0.05;UNKNOWN
2016-04-09T00:17:59.000000;2016-04-09T00:17:59.000000;8b8362aa-063d-4350-b6eb-1118b33a4914;419.06;0.05;UNKNOWN
2016-04-09T00:17:59.000000;2016-04-09T00:17:59.000000;1b40e864-9323-4a47-b093-a8c190288732;419.09;0.05;UNKNOWN
2016-04-09T00:17:59.000000;2016-04-09T00:17:59.000000;c3abf749-2863-49d5-9aa8-717c88a396b5;419.07;0.05;UNKNOWN
2016-04-09T00:17:59.000000;2016-04-09T00:17:59.000000;8f1caa28-8f38-4d77-95cd-fe54f01b7506;419.08;0.05;UNKNOWN
2016-04-09T00:17:59.000000;2016-04-09T00:17:59.000000;3ad29033-0211-4063-97f2-ddf8699618cd;419.1;0.1;UNKNOWN
2016-04-09T00:17:59.000000;2016-04-09T00:17:59.000000;b88e7b95-4658-4e10-86fc-6e9217263427;419.1;0.05;UNKNOWN
2016-04-09T00:18:00.000000;2016-04-09T00:18:00.000000;21d18f03-5b5b-4765-be50-4a286c160dc9;419.07;0.01;UNKNOWN
2016-04-09T00:18:01.000000;2016-04-09T00:18:01.000000;d27e34e9-72ad-4916-925a-a6e893709578;419.13;0.341;UNKNOWN
2016-04-09T00:18:01.000000;2016-04-09T00:18:01.000000;e7f3a94a-75d2-44c8-b3f7-fc1f8671acb5;419.11;0.05;UNKNOWN
2016-04-09T00:18:01.000000;2016-04-09T00:18:01.000000;89855b61-ab2f-495b-add5-7ff5dcdff801;419.12;1.95;UNKNOWN
2016-04-09T00:18:01.000000;2016-04-09T00:18:01.000000;f1d2c550-e86d-4b68-951b-35cd0e50128a;419.1;1.05;UNKNOWN
2016-04-09T00:18:01.000000;2016-04-09T00:18:01.000000;fd4563da-9a76-4eef-9aa5-27dc261979c5;419.1;0.05;UNKNOWN
2016-04-09T00:18:01.000000;2016-04-09T00:18:01.000000;c6f5733b-0f3a-4e39-8cbd-1efd9f8df99e;419.09;0.05;UNKNOWN
2016-04-09T00:18:01.000000;2016-04-09T00:18:01.000000;05ae773d-c952-46b5-88f4-229d51a5f2d7;419.08;0.05;UNKNOWN
2016-04-09T00:18:01.000000;2016-04-09T00:18:01.000000;0ab95a04-d254-4e33-8170-38d53e2a7fb2;419.07;0.05;UNKNOWN
2016-04-09T00:18:01.000000;2016-04-09T00:18:01.000000;ba572a4e-d9e1-4624-acb1-a93e95e103b0;419.06;0.53;UNKNOWN
2016-04-09T00:18:01.000000;2016-04-09T00:18:01.000000;09693625-aa7a-4b07-aaff-c634ea7c8b64;419.06;0.05;UNKNOWN
2016-04-09T00:18:04.000000;2016-04-09T00:18:04.000000;a7f3c2b2-6dff-4db3-a7ff-d684ca9da7d2;419.08;0.01;UNKNOWN
2016-04-09T00:18:04.000000;2016-04-09T00:18:04.000000;29272ebb-779a-48e1-841f-a4a4325590b1;419.08;0.05;UNKNOWN
2016-04-09T00:18:04.000000;2016-04-09T00:18:04.000000;799480b7-bc16-4fc4-b0db-d93cac975a4a;419.07;0.05;UNKNOWN
2016-04-09T00:18:04.000000;2016-04-09T00:18:04.000000;148e3577-7ddf-4f6f-9c5a-e4442c57e6ef;419.05;0.05;UNKNOWN
2016-04-09T00:18:04.000000;2016-04-09T00:18:04.000000;b78f0d5c-3a05-460a-b4ae-17a3e64824a3;419.06;0.05;UNKNOWN
2016-04-09T00:18:04.000000;2016-04-09T00:18:04.000000;4de938d7-6970-4dd0-85b0-6cdeef18812f;419.09;0.05;UNKNOWN
2016-04-09T00:18:04.000000;2016-04-09T00:18:04.000000;db9b0f9d-8d81-4500-8c6a-58a6be8e9b93;419.1;0.05;UNKNOWN
2016-04-09T00:18:07.000000;2016-04-09T00:18:07.000000;7ba295fa-d0db-4dd2-9484-64fb5a479be2;419.04;0.05;UNKNOWN
2016-04-09T00:18:09.000000;2016-04-09T00:18:09.000000;a4689539-3cee-458a-90c7-a64ef9b3cc31;419.02;0.123;UNKNOWN
2016-04-09T00:18:09.000000;2016-04-09T00:18:09.000000;d6edce86-d0c1-406f-907c-8416cd5a3f50;419.02;0.05;UNKNOWN
2016-04-09T00:18:09.000000;2016-04-09T00:18:09.000000;cce930fe-9afb-4868-8a65-ae29ea773b78;419.03;0.05;UNKNOWN
2016-04-09T00:18:13.000000;2016-04-09T00:18:13.000000;32c2d143-8a84-4d06-a855-413eac8f6628;419.01;0.05;UNKNOWN
2016-04-09T00:18:21.000000;2016-04-09T00:18:21.000000;f3403563-f774-4736-93cc-71f848c57652;419.0;0.05;UNKNOWN
2016-04-09T00:18:24.000000;2016-04-09T00:18:24.000000;5ce59e49-5237-4a5b-a056-116fe6be511f;418.99;0.035;UNKNOWN
2016-04-09T00:18:24.000000;2016-04-09T00:18:24.000000;cef5196f-7dbe-48fc-9f59-79beb03f200d;418.99;0.05;UNKNOWN
2016-04-09T00:18:24.000000;2016-04-09T00:18:24.000000;6998d763-be09-4fe4-aedb-4343de8694a0;418.99;0.99;UNKNOWN
2016-04-09T00:18:24.000000;2016-04-09T00:18:24.000000;67a1f64b-c451-4d3e-9f05-240de49f8336;418.98;0.05;UNKNOWN
2016-04-09T00:18:24.000000;2016-04-09T00:18:24.000000;fd00bc15-528f-472e-8f84-8337919fa221;418.98;0.99;UNKNOWN
2016-04-09T00:18:24.000000;2016-04-09T00:18:24.000000;528b5733-6ad6-475c-91b3-5298a95d020b;418.98;0.52;UNKNOWN
2016-04-09T00:18:31.000000;2016-04-09T00:18:31.000000;3b9570e9-0aa0-4e26-881d-5565461bde06;418.97;0.05;UNKNOWN
2016-04-09T00:18:31.000000;2016-04-09T00:18:31.000000;3be42b4f-be18-44fc-9ea2-26613bff672a;418.97;0.99;UNKNOWN
2016-04-09T00:18:31.000000;2016-04-09T00:18:31.000000;25e727b9-d04b-4505-86ba-8e0f2fb7ff2f;418.96;0.05;UNKNOWN
2016-04-09T00:18:31.000000;2016-04-09T00:18:31.000000;82c3d101-b2f0-44bf-85f9-2e4fab25d369;418.96;0.99;UNKNOWN
2016-04-09T00:18:31.000000;2016-04-09T00:18:31.000000;884197de-9f5c-4a05-ae71-f74706985236;418.96;0.508;UNKNOWN
2016-04-09T00:18:31.000000;2016-04-09T00:18:31.000000;39efaa2f-4bc2-4583-9c7e-706df0f8ba64;418.95;0.3669;UNKNOWN
2016-04-09T00:18:31.000000;2016-04-09T00:18:31.000000;42513086-9753-4e77-93ac-8879c621370c;418.95;0.05;UNKNOWN
2016-04-09T00:18:32.000000;2016-04-09T00:18:32.000000;a638befc-738f-4512-a556-df62d7a3fad1;418.91;0.539;UNKNOWN
2016-04-09T00:18:32.000000;2016-04-09T00:18:32.000000;5e492f2d-53db-482e-8b75-73364f232ab2;418.95;0.6231;UNKNOWN
2016-04-09T00:18:32.000000;2016-04-09T00:18:32.000000;10540c9f-ee22-498c-823b-d7350a4eb159;418.94;0.99;UNKNOWN
2016-04-09T00:18:32.000000;2016-04-09T00:18:32.000000;fd0083f5-5f89-4c18-9c57-79d608e558f4;418.94;0.05;UNKNOWN
2016-04-09T00:18:32.000000;2016-04-09T00:18:32.000000;4d68ac2f-9a90-4693-a8ee-adbd463b5115;418.91;0.99;UNKNOWN
2016-04-09T00:18:32.000000;2016-04-09T00:18:32.000000;6ae5f101-7a3e-4e32-8b41-1a47beab56a1;418.92;0.99;UNKNOWN
2016-04-09T00:18:32.000000;2016-04-09T00:18:32.000000;065cd21d-befa-410d-bccf-53db3e9000f3;418.92;0.01;UNKNOWN
2016-04-09T00:18:32.000000;2016-04-09T00:18:32.000000;ef173fdf-50a8-4e2a-bb7a-9572a96c7b23;418.93;0.05;UNKNOWN
2016-04-09T00:18:32.000000;2016-04-09T00:18:32.000000;0f18ae3f-56b1-40c1-9f93-53f11a633637;418.92;0.05;UNKNOWN
2016-04-09T00:18:32.000000;2016-04-09T00:18:32.000000;27b6bca7-997a-414e-812d-ccf04dfef606;418.93;0.99;UNKNOWN
2016-04-09T00:18:32.000000;2016-04-09T00:18:32.000000;f75ac1e1-cee0-411b-b8e3-13c8cc46a956;418.91;0.3007;UNKNOWN
2016-04-09T00:18:32.000000;2016-04-09T00:18:32.000000;db837ffa-5c74-48cf-a4d5-0c2c2922f5a3;418.91;0.05;UNKNOWN
2016-04-09T00:19:01.000000;2016-04-09T00:19:01.000000;f36c5123-f0a1-43ea-925f-b8abaaeec2bd;418.92;0.41351;UNKNOWN
2016-04-09T00:19:31.000000;2016-04-09T00:19:31.000000;4b58de11-a18f-44ca-8836-7f3396566340;418.92;0.36609;UNKNOWN
2016-04-09T00:20:01.000000;2016-04-09T00:20:01.000000;6ab6d1b9-3b41-4386-ace0-cdd7a77a9e5d;418.92;0.29785;UNKNOWN
2016-04-09T00:20:37.000000;2016-04-09T00:20:37.000000;ae52af75-0fe1-40c7-bf36-57bfe6ca32dd;418.91;0.22467;UNKNOWN
2016-04-09T00:20:37.000000;2016-04-09T00:20:37.000000;c9b84d42-5c9e-4a88-bdf1-427e06b392b0;418.91;0.01;UNKNOWN
2016-04-09T00:20:37.000000;2016-04-09T00:20:37.000000;d75cb07f-6e4b-4987-a3bc-2ecfe2d27ab4;418.91;0.01;UNKNOWN
2016-04-09T00:21:01.000000;2016-04-09T00:21:01.000000;ef839706-3071-4c9a-8140-13a28c23c1a9;418.92;0.21996;UNKNOWN
2016-04-09T00:21:32.000000;2016-04-09T00:21:32.000000;67d9b70a-300c-4183-9feb-b27f8740e761;418.93;0.02351;UNKNOWN
2016-04-09T00:22:01.000000;2016-04-09T00:22:01.000000;4590dfdd-55f6-40c1-a1be-fde1d1e8c254;418.96;0.05;UNKNOWN
2016-04-09T00:22:01.000000;2016-04-09T00:22:01.000000;faea5654-1d75-4267-ae1d-d89123ee6890;418.95;0.05;UNKNOWN
2016-04-09T00:22:01.000000;2016-04-09T00:22:01.000000;f696965b-2285-4e51-add8-2df3aeed2d8a;418.98;0.05;UNKNOWN
2016-04-09T00:22:01.000000;2016-04-09T00:22:01.000000;7ae30cc0-3674-4c50-8390-3509a3a30c24;418.98;0.096;UNKNOWN
2016-04-09T00:22:01.000000;2016-04-09T00:22:01.000000;41149245-3af1-474d-8c89-6bdc67f22376;418.97;0.05;UNKNOWN
2016-04-09T00:22:01.000000;2016-04-09T00:22:01.000000;2c98f9b0-d9db-4ecd-b693-b35a900a294a;418.94;0.05;UNKNOWN
2016-04-09T00:22:01.000000;2016-04-09T00:22:01.000000;da7f4249-110e-42ec-b82e-dcfb0f8fd65c;418.93;0.074;UNKNOWN
2016-04-09T00:22:01.000000;2016-04-09T00:22:01.000000;75550005-dee7-450a-8373-78d1bc6c104f;418.93;0.02649;UNKNOWN
2016-04-09T00:22:01.000000;2016-04-09T00:22:01.000000;8b8276a7-edde-465a-b8ab-32274b2b56e1;418.99;0.02535;UNKNOWN
2016-04-09T00:22:31.000000;2016-04-09T00:22:31.000000;f6d13741-dc6a-4757-b92d-355a1b9f0a40;418.97;0.12877;UNKNOWN
2016-04-09T00:23:01.000000;2016-04-09T00:23:01.000000;07df775f-4019-46e5-981d-8d1d38626094;418.97;7.0276;UNKNOWN
2016-04-09T00:23:01.000000;2016-04-09T00:23:01.000000;3d962c70-cfae-4ecd-8ddc-60b0fc175578;419.11;0.05;UNKNOWN
2016-04-09T00:23:01.000000;2016-04-09T00:23:01.000000;516f945b-1137-4dbf-a1c6-2b8445224a9c;419.12;0.05;UNKNOWN
2016-04-09T00:23:01.000000;2016-04-09T00:23:01.000000;ab8f550e-ce1c-458f-b7a5-612a47207655;419.13;1.33061;UNKNOWN
2016-04-09T00:23:01.000000;2016-04-09T00:23:01.000000;8aa533af-c504-4a66-9600-684fa9f17da3;419.12;0.05;UNKNOWN
2016-04-09T00:23:01.000000;2016-04-09T00:23:01.000000;fb36900e-08a1-47bf-aa38-75b40e867ed2;419.12;0.437;UNKNOWN
2016-04-09T00:23:01.000000;2016-04-09T00:23:01.000000;86f781de-0188-434b-971a-f83f96029f90;419.1;0.05;UNKNOWN
2016-04-09T00:23:01.000000;2016-04-09T00:23:01.000000;30848616-d05d-42da-acf8-7b58999e459a;418.99;0.95565;UNKNOWN
2016-04-09T00:23:01.000000;2016-04-09T00:23:01.000000;7484d679-d83d-4871-8241-f49b4a103e1c;418.99;0.05;UNKNOWN
2016-04-09T00:23:01.000000;2016-04-09T00:23:01.000000;d3905955-0246-4d2e-8d72-d9fb75d4917a;419.05;0.05;UNKNOWN
2016-04-09T00:23:01.000000;2016-04-09T00:23:01.000000;d08062c1-bb2b-4b9a-b13a-329ae09ddd69;419.09;0.01;UNKNOWN
2016-04-09T00:23:01.000000;2016-04-09T00:23:01.000000;2a784daa-a660-4c78-8e64-fd23de76a7a4;418.97;0.431;UNKNOWN
2016-04-09T00:23:01.000000;2016-04-09T00:23:01.000000;a33b0812-ff23-4f43-980e-06f9cebc70ec;419.02;0.42;UNKNOWN
2016-04-09T00:23:01.000000;2016-04-09T00:23:01.000000;d102d46c-0b1d-443b-a32d-93ab9a7f3730;419.02;0.05;UNKNOWN
2016-04-09T00:23:01.000000;2016-04-09T00:23:01.000000;d34ff280-f857-449c-9686-05126fededf0;419.01;0.05;UNKNOWN
2016-04-09T00:23:01.000000;2016-04-09T00:23:01.000000;b4d518b7-b8c9-4d2b-85ff-d54c7641db6b;419.05;0.05;UNKNOWN
2016-04-09T00:23:01.000000;2016-04-09T00:23:01.000000;2a1e7e66-2293-4a19-b47b-8734b0fd8491;419.09;0.05;UNKNOWN
2016-04-09T00:23:01.000000;2016-04-09T00:23:01.000000;979516d7-4751-426f-ab67-881cb63021e2;419.0;0.05;UNKNOWN
2016-04-09T00:23:01.000000;2016-04-09T00:23:01.000000;2c603ce7-e2cc-49b6-a0aa-a4f343abdd8b;419.04;0.05;UNKNOWN
2016-04-09T00:23:01.000000;2016-04-09T00:23:01.000000;5e7512a1-977e-4a3c-96e8-e46f3f477f55;419.04;0.01;UNKNOWN
2016-04-09T00:23:01.000000;2016-04-09T00:23:01.000000;abdb12d6-a0ad-4db6-805b-471ba3e10202;419.06;0.05;UNKNOWN
2016-04-09T00:23:01.000000;2016-04-09T00:23:01.000000;3e102746-12de-4b2a-aed9-abbb5bd7d15d;419.03;0.05;UNKNOWN
2016-04-09T00:23:01.000000;2016-04-09T00:23:01.000000;2e1af927-1000-4d91-b56f-e8777bd6d247;419.08;0.05;UNKNOWN
2016-04-09T00:23:01.000000;2016-04-09T00:23:01.000000;fe49c776-a3eb-4212-97da-84a75ea05904;419.07;0.05;UNKNOWN
2016-04-09T00:23:01.000000;2016-04-09T00:23:01.000000;3fbd0d97-908f-43a6-8902-5ff39b7e8a36;419.07;0.393;UNKNOWN
2016-04-09T00:23:31.000000;2016-04-09T00:23:31.000000;1ee4c2a5-c0da-46e7-a857-3e5e7385f1f5;419.11;0.23649;UNKNOWN
2016-04-09T00:23:31.000000;2016-04-09T00:23:31.000000;a69756d9-a94c-4694-894e-40b3fb59d260;419.11;0.321;UNKNOWN
2016-04-09T00:23:38.000000;2016-04-09T00:23:38.000000;1d077055-4647-4d29-9c3b-350c4ae1112e;419.09;0.05;UNKNOWN
2016-04-09T00:23:38.000000;2016-04-09T00:23:38.000000;2ddc637e-0fdf-41de-9793-4d1acfb705de;419.1;0.05;UNKNOWN
2016-04-09T00:23:40.000000;2016-04-09T00:23:40.000000;185c3461-956b-4c81-a675-c22601aad378;419.08;0.01;UNKNOWN
2016-04-09T00:23:40.000000;2016-04-09T00:23:40.000000;f6b601de-0737-4c38-b9c0-1ea7c1aaa82c;419.08;0.05;UNKNOWN
2016-04-09T00:23:44.000000;2016-04-09T00:23:44.000000;699db072-a723-4aa0-8b86-3b1340453f4b;419.07;0.05;UNKNOWN
2016-04-09T00:23:49.000000;2016-04-09T00:23:49.000000;6bdcda58-8fd6-4c23-b3e1-1eb6aa98377f;419.06;0.05;UNKNOWN
2016-04-09T00:23:50.000000;2016-04-09T00:23:50.000000;c06ef8c8-af0a-4e78-afed-b5176ca2b3d2;419.06;0.17447516;UNKNOWN
2016-04-09T00:24:01.000000;2016-04-09T00:24:01.000000;291e2ff5-33ff-4a99-8b24-869cf8cd2ea6;419.06;2.88932;UNKNOWN
2016-04-09T00:24:31.000000;2016-04-09T00:24:31.000000;713bf5d0-1b31-4e12-8cd9-eae2234d0894;419.06;0.12332;UNKNOWN
2016-04-09T00:25:01.000000;2016-04-09T00:25:01.000000;6ed7f64a-abde-47b6-8cbc-d7b7a38ee167;419.06;0.07668;UNKNOWN
2016-04-09T00:25:01.000000;2016-04-09T00:25:01.000000;c53108e8-e4d7-4fc6-9202-b4e4f8aabc24;419.06;2.89332;UNKNOWN
2016-04-09T00:25:35.000000;2016-04-09T00:25:35.000000;f37da8c5-a8ee-471e-a58e-cd5769dd14ed;418.95;0.05;UNKNOWN
2016-04-09T00:25:35.000000;2016-04-09T00:25:35.000000;0a310942-4e50-4cbe-bb81-b20cb50ab65a;418.96;0.05;UNKNOWN
2016-04-09T00:25:35.000000;2016-04-09T00:25:35.000000;7178b971-6f9b-4494-bd65-2e4e1c016ea4;418.95;0.26188;UNKNOWN
2016-04-09T00:25:35.000000;2016-04-09T00:25:35.000000;534b730e-736f-42b5-ae36-99acb33f5628;418.97;0.05;UNKNOWN
2016-04-09T00:25:35.000000;2016-04-09T00:25:35.000000;619e11d3-369f-4f7e-ba23-19b9103fdf56;419.07;0.26;UNKNOWN
2016-04-09T00:25:35.000000;2016-04-09T00:25:35.000000;d8c8a4f6-e6c9-4a9b-8e1c-9130d7474f6d;419.07;0.0403;UNKNOWN
2016-04-09T00:25:35.000000;2016-04-09T00:25:35.000000;f83a611e-dd34-4252-a83d-f1278c6a9d22;419.07;0.0599;UNKNOWN
2016-04-09T00:25:35.000000;2016-04-09T00:25:35.000000;7bc2fc12-8ca2-4dbd-983c-71db0e21c216;419.07;0.0309;UNKNOWN
2016-04-09T00:25:35.000000;2016-04-09T00:25:35.000000;3894c23b-c4a5-4000-a19f-41570ef39aa4;419.07;0.0363;UNKNOWN
2016-04-09T00:25:35.000000;2016-04-09T00:25:35.000000;154e5680-577f-4a31-9dc2-0b22e40b443d;419.07;0.0344;UNKNOWN
2016-04-09T00:25:35.000000;2016-04-09T00:25:35.000000;c3b95464-eb5f-47de-a97f-f52b5a7d2432;418.97;0.01;UNKNOWN
2016-04-09T00:25:35.000000;2016-04-09T00:25:35.000000;675cfec4-dea2-4f29-988a-162ced608baa;418.98;0.05;UNKNOWN
2016-04-09T00:25:35.000000;2016-04-09T00:25:35.000000;07945de6-a9cf-461c-be38-d149a5fdeabf;419.07;0.0412;UNKNOWN
2016-04-09T00:25:35.000000;2016-04-09T00:25:35.000000;03f74409-9b38-41f6-982d-be657b9e681f;419.07;0.0447;UNKNOWN
2016-04-09T00:25:35.000000;2016-04-09T00:25:35.000000;e3eea1ba-6691-4a91-95e0-66a4ce6fc9eb;419.07;0.0504;UNKNOWN
2016-04-09T00:25:35.000000;2016-04-09T00:25:35.000000;7e1f06d6-7d99-498e-bf04-7745afeddbac;418.99;0.05;UNKNOWN
2016-04-09T00:25:35.000000;2016-04-09T00:25:35.000000;bd42daa9-63c0-42e9-9744-0e81eef766c2;419.01;0.05;UNKNOWN
2016-04-09T00:25:35.000000;2016-04-09T00:25:35.000000;36836f10-d111-4178-a19c-b350f11d8231;419.07;0.0404;UNKNOWN
2016-04-09T00:25:35.000000;2016-04-09T00:25:35.000000;352b1146-9ee4-4022-88a0-53b45ca8f32d;419.07;0.0404;UNKNOWN
2016-04-09T00:25:35.000000;2016-04-09T00:25:35.000000;0951ceed-3588-4da1-94d7-506e4d8cb06d;419.05;0.05;UNKNOWN
2016-04-09T00:25:35.000000;2016-04-09T00:25:35.000000;b8538667-2390-4e22-b755-549da8e8200d;419.07;0.0437;UNKNOWN
2016-04-09T00:25:35.000000;2016-04-09T00:25:35.000000;bc4e89a8-0802-4f76-be86-ff11d233bcc3;419.02;0.05;UNKNOWN
2016-04-09T00:25:35.000000;2016-04-09T00:25:35.000000;59fc7c1a-9bbf-455f-ad45-07980a74edd6;419.07;0.0501;UNKNOWN
2016-04-09T00:25:35.000000;2016-04-09T00:25:35.000000;e9c7c473-4428-4a51-8f22-f02585d015ee;419.0;0.05;UNKNOWN
2016-04-09T00:25:35.000000;2016-04-09T00:25:35.000000;ce1102e5-d571-4dea-9229-7c43216adf89;419.07;0.0384;UNKNOWN
2016-04-09T00:25:35.000000;2016-04-09T00:25:35.000000;7d061b1d-4997-40b6-9017-d391a1e26eab;419.04;0.05;UNKNOWN
2016-04-09T00:25:35.000000;2016-04-09T00:25:35.000000;475f44e7-a2ea-47b4-8efa-219c36fe9def;419.03;0.05;UNKNOWN
2016-04-09T00:25:35.000000;2016-04-09T00:25:35.000000;ade77ea2-69eb-40a1-ad90-dad834642e61;419.05;0.2;UNKNOWN
2016-04-09T00:26:31.000000;2016-04-09T00:26:31.000000;4f2962c3-626c-496b-b3d5-9ad3f47423f8;419.0;1.6894;UNKNOWN
2016-04-09T00:26:31.000000;2016-04-09T00:26:31.000000;2c91988c-dec4-4bb3-a806-6caa5c478e55;418.98;0.05;UNKNOWN
2016-04-09T00:26:31.000000;2016-04-09T00:26:31.000000;34cd063a-ab40-47a5-9138-55a64d1040d8;418.99;0.05;UNKNOWN
2016-04-09T00:26:31.000000;2016-04-09T00:26:31.000000;b2f5e4e2-d671-4c42-8e60-ac7e4cf25634;418.97;0.05;UNKNOWN
2016-04-09T00:27:01.000000;2016-04-09T00:27:01.000000;dd9c8ba0-d00c-49c6-ba86-d18c3dd1a218;419.0;0.25027;UNKNOWN
2016-04-09T00:27:31.000000;2016-04-09T00:27:31.000000;097a0d02-e718-4ebc-82a3-052ec0c8637a;419.0;0.16272;UNKNOWN
2016-04-09T00:28:01.000000;2016-04-09T00:28:01.000000;886421bb-588b-4ccb-a6a1-8c22a35fac84;418.99;0.029;UNKNOWN
2016-04-09T00:28:01.000000;2016-04-09T00:28:01.000000;fcef37e5-69df-41e4-bf21-7b971eae1da3;418.99;0.5;UNKNOWN
2016-04-09T00:28:01.000000;2016-04-09T00:28:01.000000;a34c63e2-3d86-4a7d-a81d-24d6f9927882;418.99;0.194;UNKNOWN
2016-04-09T00:28:01.000000;2016-04-09T00:28:01.000000;6f168cf1-6988-43d3-8970-6f0f23307807;418.99;0.0173;UNKNOWN
2016-04-09T00:28:01.000000;2016-04-09T00:28:01.000000;240777f7-6b81-462f-abc6-272f31eb50f6;418.99;0.0231;UNKNOWN
2016-04-09T00:28:01.000000;2016-04-09T00:28:01.000000;ce7245be-e909-4305-81ab-7f3bceef8175;418.99;0.0256;UNKNOWN
2016-04-09T00:28:01.000000;2016-04-09T00:28:01.000000;cd39e0c5-181c-4c43-9d66-b13b8add79ef;418.9;0.02626;UNKNOWN
2016-04-09T00:28:01.000000;2016-04-09T00:28:01.000000;90014fbc-1d3e-4971-a385-51789079fb7c;418.99;0.0275;UNKNOWN
2016-04-09T00:28:01.000000;2016-04-09T00:28:01.000000;948fd193-a3b9-45ae-a8a6-3bb20688dc10;418.97;0.05;UNKNOWN
2016-04-09T00:28:01.000000;2016-04-09T00:28:01.000000;6ff48b29-5ffb-4b5b-9928-120b5a75e35d;418.99;5.86;UNKNOWN
2016-04-09T00:28:01.000000;2016-04-09T00:28:01.000000;b1707cbc-8375-4230-8f3d-19882d57c5d8;418.91;0.05;UNKNOWN
2016-04-09T00:28:01.000000;2016-04-09T00:28:01.000000;f79012c6-9738-4ed6-a2ba-a0e4447d832b;418.99;0.028;UNKNOWN
2016-04-09T00:28:01.000000;2016-04-09T00:28:01.000000;d5861a43-cc6e-4cc2-ac20-b1421dcb00dd;418.96;0.01;UNKNOWN
2016-04-09T00:28:01.000000;2016-04-09T00:28:01.000000;8c1838b5-391a-4b8e-be81-77edb8a39997;418.92;0.05;UNKNOWN
2016-04-09T00:28:01.000000;2016-04-09T00:28:01.000000;07c4bed7-1fb7-49e0-bb9b-dc0855e362b9;418.96;0.01;UNKNOWN
2016-04-09T00:28:01.000000;2016-04-09T00:28:01.000000;61c4b3c5-adff-42e5-bb20-e587e1252c90;418.96;0.05;UNKNOWN
2016-04-09T00:28:01.000000;2016-04-09T00:28:01.000000;b40adb56-1345-4fa2-95f9-e36821de5a55;418.93;0.05;UNKNOWN
2016-04-09T00:28:01.000000;2016-04-09T00:28:01.000000;839d27c5-2ddc-447b-8d6a-39b45b283f03;418.95;0.01;UNKNOWN
2016-04-09T00:28:01.000000;2016-04-09T00:28:01.000000;a54da36f-2a41-4348-8d94-c46fd6b5a5d9;418.94;0.05;UNKNOWN
2016-04-09T00:28:01.000000;2016-04-09T00:28:01.000000;7aed379d-8e71-4370-8e04-f35cb4fa970b;418.95;0.05;UNKNOWN
2016-04-09T00:28:01.000000;2016-04-09T00:28:01.000000;59232136-81ba-4b1d-b868-bdba3eb4fe63;418.99;0.0273;UNKNOWN
2016-04-09T00:28:01.000000;2016-04-09T00:28:01.000000;ebe0c528-ea58-4162-bd11-dcff2db6f886;418.99;0.0253;UNKNOWN
2016-04-09T00:28:01.000000;2016-04-09T00:28:01.000000;49f0e293-b85d-4dc7-85ea-dc9e341bee9f;418.99;0.0191;UNKNOWN
2016-04-09T00:28:01.000000;2016-04-09T00:28:01.000000;3c4e97bf-d2ae-4814-bd07-b54c7bafaf13;418.99;0.0211;UNKNOWN
2016-04-09T00:28:01.000000;2016-04-09T00:28:01.000000;35ec6a70-6879-407c-8b22-df73850adf21;418.99;0.0266;UNKNOWN
2016-04-09T00:28:01.000000;2016-04-09T00:28:01.000000;c6af7f3f-a276-4191-9baa-49073a94b80d;418.99;0.0181;UNKNOWN
2016-04-09T00:28:01.000000;2016-04-09T00:28:01.000000;3a6e8a7b-8981-48af-a98a-c05b6c073170;418.99;0.0203;UNKNOWN
2016-04-09T00:28:04.000000;2016-04-09T00:28:04.000000;7a5525ec-90a8-467b-9a09-32783ea29020;418.96;0.05;UNKNOWN
2016-04-09T00:28:04.000000;2016-04-09T00:28:04.000000;15265c4b-3939-4eb5-ac92-56e46143b0ef;418.97;0.02;UNKNOWN
2016-04-09T00:28:33.000000;2016-04-09T00:28:33.000000;5d77c353-b53a-4f77-8e56-2dff8e6e693d;418.87;0.116;UNKNOWN
2016-04-09T00:28:33.000000;2016-04-09T00:28:33.000000;863c3855-3773-4bf8-a56a-b0f7086e5dab;418.86;0.05;UNKNOWN
2016-04-09T00:28:33.000000;2016-04-09T00:28:33.000000;9b251940-7b72-4c9f-981d-638a30b43ff0;418.85;0.05;UNKNOWN
2016-04-09T00:28:33.000000;2016-04-09T00:28:33.000000;8dbae28f-3b96-45d9-ba39-5bc6687b1029;418.83;0.05;UNKNOWN
2016-04-09T00:28:33.000000;2016-04-09T00:28:33.000000;940bb045-8306-4767-90d2-115ef6c4882e;418.84;0.05;UNKNOWN
2016-04-09T00:28:33.000000;2016-04-09T00:28:33.000000;a2fbdb97-2287-4ab8-968b-151a296efcce;418.82;0.05;UNKNOWN
2016-04-09T00:28:33.000000;2016-04-09T00:28:33.000000;61ab1930-fa18-4df8-b349-8f0d4167a6cc;418.82;0.073;UNKNOWN
2016-04-09T00:28:33.000000;2016-04-09T00:28:33.000000;c07386a8-0e7e-4324-aca3-fc8437ab19a1;418.82;0.1;UNKNOWN
2016-04-09T00:28:33.000000;2016-04-09T00:28:33.000000;803d1bd3-a831-4b59-adb2-51faf33c7557;418.81;0.00474;UNKNOWN
2016-04-09T00:28:33.000000;2016-04-09T00:28:33.000000;b0c4560d-8620-402a-8d23-d4a4cdf06f54;418.87;0.05;UNKNOWN
2016-04-09T00:28:33.000000;2016-04-09T00:28:33.000000;0d2f02ad-8055-4d5b-bb27-b030532ec390;418.88;0.05;UNKNOWN
2016-04-09T00:28:33.000000;2016-04-09T00:28:33.000000;04c1ad5f-95a9-42c3-bc9b-686fb95777fe;418.92;0.05;UNKNOWN
2016-04-09T00:28:33.000000;2016-04-09T00:28:33.000000;2240a337-1f81-4ef9-8258-b7ea0b4a0834;418.89;0.05;UNKNOWN
2016-04-09T00:28:33.000000;2016-04-09T00:28:33.000000;7277572d-629d-49e8-a509-c556c3d069d4;418.9;0.01;UNKNOWN
2016-04-09T00:28:33.000000;2016-04-09T00:28:33.000000;51b3f199-e2f5-4fc8-8aa0-0cb591f60a3d;418.92;0.07;UNKNOWN
2016-04-09T00:28:33.000000;2016-04-09T00:28:33.000000;893b0c01-cae3-4d47-a5a0-061dc0624947;418.91;0.05;UNKNOWN
2016-04-09T00:28:33.000000;2016-04-09T00:28:33.000000;227b43ab-4752-4d1f-9b5c-de71a2be162f;418.9;0.02374;UNKNOWN
2016-04-09T00:29:03.000000;2016-04-09T00:29:03.000000;cf043d44-1f3c-4a12-9250-64c4f514db01;418.93;0.02351;UNKNOWN
2016-04-09T00:29:33.000000;2016-04-09T00:29:33.000000;731409b4-8ce9-45be-81bb-885b41496888;418.93;2.52325;UNKNOWN
2016-04-09T00:29:33.000000;2016-04-09T00:29:33.000000;d3fc33d6-33e8-4bfc-9c63-649481479c44;418.93;0.05;UNKNOWN
2016-04-09T00:29:33.000000;2016-04-09T00:29:33.000000;b3cbe19b-735f-4cd1-abd8-b7ce65e11fef;418.93;0.02649;UNKNOWN
2016-04-09T00:30:01.000000;2016-04-09T00:30:01.000000;fd5175fb-d75c-4251-829f-dce011dd5148;418.85;0.05;UNKNOWN
2016-04-09T00:30:01.000000;2016-04-09T00:30:01.000000;81748786-1b12-4e2e-b0d4-61342b750de0;418.86;0.05;UNKNOWN
2016-04-09T00:30:01.000000;2016-04-09T00:30:01.000000;ef13c9ec-70c8-45ba-ae9b-96b4d7a931e0;418.87;0.05;UNKNOWN
2016-04-09T00:30:01.000000;2016-04-09T00:30:01.000000;3a30be6c-781f-4d45-98ce-4281fcc8425c;418.88;0.05;UNKNOWN
2016-04-09T00:30:01.000000;2016-04-09T00:30:01.000000;7b37f4fa-5c1f-475b-9a18-284e8570e5cb;418.85;0.10534;UNKNOWN
2016-04-09T00:30:01.000000;2016-04-09T00:30:01.000000;e73cc188-0173-499e-a308-dc791425bbb8;418.89;0.05;UNKNOWN
2016-04-09T00:30:01.000000;2016-04-09T00:30:01.000000;466eb67d-1dcf-4e5b-924e-ad362de2c6ec;418.9;0.05;UNKNOWN
2016-04-09T00:30:01.000000;2016-04-09T00:30:01.000000;e54a0aeb-cee1-4d29-b548-627bf367836c;418.92;0.111;UNKNOWN
2016-04-09T00:30:01.000000;2016-04-09T00:30:01.000000;31db730c-9275-4ca5-bf0e-e3b9e96a8034;418.92;0.0165;UNKNOWN
2016-04-09T00:30:32.000000;2016-04-09T00:30:32.000000;fc2625ac-60f7-427e-bfe6-640c2fa6c6b6;418.87;0.02734;UNKNOWN
2016-04-09T00:30:32.000000;2016-04-09T00:30:32.000000;13673a0c-2bea-4be0-b390-12421cbe3a34;418.87;0.05;UNKNOWN
2016-04-09T00:31:01.000000;2016-04-09T00:31:01.000000;268e94b1-9c5c-4cdf-b45f-e53ad5b23cd9;419.0;0.05;UNKNOWN
2016-04-09T00:31:01.000000;2016-04-09T00:31:01.000000;5d63d08b-1082-4739-ae96-a7dac4729381;418.99;0.05;UNKNOWN
2016-04-09T00:31:01.000000;2016-04-09T00:31:01.000000;0d5fa1d9-3303-49a1-891e-80404d099dd0;418.94;0.05;UNKNOWN
2016-04-09T00:31:01.000000;2016-04-09T00:31:01.000000;bbd74a93-52af-41ee-b625-c7b17d1c81e5;418.88;0.05;UNKNOWN
2016-04-09T00:31:01.000000;2016-04-09T00:31:01.000000;f8137b5b-cf46-46a3-bc4d-9055458c9710;419.1;0.05;UNKNOWN
2016-04-09T00:31:01.000000;2016-04-09T00:31:01.000000;f9d176da-03fe-463e-a0ba-98df17af1c95;418.98;0.05;UNKNOWN
2016-04-09T00:31:01.000000;2016-04-09T00:31:01.000000;94052f0a-d05c-4127-87d7-dcc971384207;418.97;0.03;UNKNOWN
2016-04-09T00:31:01.000000;2016-04-09T00:31:01.000000;b0cde6c5-475c-49a6-baa2-114ff6f6cd2c;418.94;0.05;UNKNOWN
2016-04-09T00:31:01.000000;2016-04-09T00:31:01.000000;b70f70b7-6e4f-437e-8fa2-39755a08d1d4;418.89;0.05;UNKNOWN
2016-04-09T00:31:01.000000;2016-04-09T00:31:01.000000;4fe1a0bb-c934-46b0-99dc-66a8da62903c;418.94;0.05;UNKNOWN
2016-04-09T00:31:01.000000;2016-04-09T00:31:01.000000;63522902-e93a-44bf-9ba8-c149a907fc88;418.94;0.05;UNKNOWN
2016-04-09T00:31:01.000000;2016-04-09T00:31:01.000000;b10e97c0-024c-40ae-bb2a-170d38d4fa9d;418.95;0.05;UNKNOWN
2016-04-09T00:31:01.000000;2016-04-09T00:31:01.000000;5715e43f-6213-4e4b-a6a1-6bc3017460a0;418.94;0.05;UNKNOWN
2016-04-09T00:31:01.000000;2016-04-09T00:31:01.000000;6457a91c-a0a9-425d-bbfd-750074d33d82;418.94;0.05;UNKNOWN
2016-04-09T00:31:01.000000;2016-04-09T00:31:01.000000;6b9255d6-0b42-43b3-9286-dcd4f5d51b8f;418.94;0.05;UNKNOWN
2016-04-09T00:31:01.000000;2016-04-09T00:31:01.000000;edb46dc5-e398-4c4b-89dd-fc385e95c0d4;418.93;7.13875;UNKNOWN
2016-04-09T00:31:01.000000;2016-04-09T00:31:01.000000;0c5e9a1b-129f-48a6-bb4d-0af18e70108c;418.94;0.05;UNKNOWN
2016-04-09T00:31:01.000000;2016-04-09T00:31:01.000000;50ea09d1-d26b-427e-b732-1e4385d14135;418.92;0.05;UNKNOWN
2016-04-09T00:31:01.000000;2016-04-09T00:31:01.000000;857301fd-a9d4-4c80-8547-8f0dd5a9f3d8;418.9;0.05;UNKNOWN
2016-04-09T00:31:01.000000;2016-04-09T00:31:01.000000;1e317155-33b9-4d9c-a739-9a4d39a67056;418.91;0.05;UNKNOWN
2016-04-09T00:31:01.000000;2016-04-09T00:31:01.000000;fdc2a3d1-958f-4d61-8113-d2223ab1162c;418.94;0.05;UNKNOWN
2016-04-09T00:31:01.000000;2016-04-09T00:31:01.000000;3223c048-4112-4f56-ad35-b077e2cbdfb6;418.94;0.05;UNKNOWN
2016-04-09T00:31:01.000000;2016-04-09T00:31:01.000000;17776dad-42c8-439d-ad0a-fcbc35a1a306;418.94;0.05;UNKNOWN
2016-04-09T00:31:01.000000;2016-04-09T00:31:01.000000;38c1f208-e35c-4637-9fdc-d685780bee95;419.03;0.05;UNKNOWN
2016-04-09T00:31:01.000000;2016-04-09T00:31:01.000000;5c3162df-9d38-436c-813d-4d440bf785f7;419.06;0.05;UNKNOWN
2016-04-09T00:31:01.000000;2016-04-09T00:31:01.000000;e78c8237-785c-4849-a414-9f66e276a605;419.08;0.3;UNKNOWN
2016-04-09T00:31:01.000000;2016-04-09T00:31:01.000000;840c7e2e-8ced-4ddd-81e1-d93a0d1aa865;419.09;0.01;UNKNOWN
2016-04-09T00:31:01.000000;2016-04-09T00:31:01.000000;837eda1a-2c64-47ab-95b7-151f6917cac2;419.01;0.05;UNKNOWN
2016-04-09T00:31:01.000000;2016-04-09T00:31:01.000000;230f2577-a24b-4484-8d7b-3dc64210c797;419.09;0.05;UNKNOWN
2016-04-09T00:31:01.000000;2016-04-09T00:31:01.000000;490cb8ea-d28d-46c0-8349-cd55bdb17001;419.02;0.05;UNKNOWN
2016-04-09T00:31:01.000000;2016-04-09T00:31:01.000000;e809780a-045a-4907-92b4-370c14b0953d;419.12;0.01;UNKNOWN
2016-04-09T00:31:01.000000;2016-04-09T00:31:01.000000;eeae7363-4c18-457b-ad03-7179132739a0;419.11;0.05;UNKNOWN
2016-04-09T00:31:01.000000;2016-04-09T00:31:01.000000;8a64695b-7514-4cf1-8ffe-de8e558fcb62;419.05;0.035;UNKNOWN
2016-04-09T00:31:01.000000;2016-04-09T00:31:01.000000;3698aced-a73a-47a4-b3a1-0e417ae5adfe;419.16;0.05;UNKNOWN
2016-04-09T00:31:01.000000;2016-04-09T00:31:01.000000;d963fc17-4e24-4ddc-b837-523c413d6d06;419.05;0.05;UNKNOWN
2016-04-09T00:31:01.000000;2016-04-09T00:31:01.000000;72bf54dd-cd68-49d8-b328-5574db09279c;419.12;0.05;UNKNOWN
2016-04-09T00:31:01.000000;2016-04-09T00:31:01.000000;14ae8bae-7788-49a4-a3d6-7ac7a2c3798e;419.15;0.01;UNKNOWN
2016-04-09T00:31:01.000000;2016-04-09T00:31:01.000000;8e42e7ab-3609-48fe-97a7-609c5beb370d;419.15;0.05;UNKNOWN
2016-04-09T00:31:01.000000;2016-04-09T00:31:01.000000;05d75b71-2aab-41ef-b5ec-f4b7b10f2d14;419.14;0.01;UNKNOWN
2016-04-09T00:31:01.000000;2016-04-09T00:31:01.000000;cf9b18e1-46b5-4ae6-b621-5933da865f29;419.04;0.05;UNKNOWN
2016-04-09T00:31:01.000000;2016-04-09T00:31:01.000000;34e4c1d5-7bb8-4b3b-a853-b9520e32dd93;419.12;0.2;UNKNOWN
2016-04-09T00:31:01.000000;2016-04-09T00:31:01.000000;ee539289-0c85-4eb5-b967-c02ee5a62df9;419.13;0.05;UNKNOWN
2016-04-09T00:31:01.000000;2016-04-09T00:31:01.000000;3440a165-9916-4773-85d3-e43740d94338;419.14;0.05;UNKNOWN
2016-04-09T00:31:01.000000;2016-04-09T00:31:01.000000;a68fa02e-9871-49df-8dda-3aabcdbd8d1c;419.13;0.01;UNKNOWN
2016-04-09T00:31:01.000000;2016-04-09T00:31:01.000000;dd20a970-72bf-4104-80e1-0a44dcdc435c;419.2;0.05;UNKNOWN
2016-04-09T00:31:01.000000;2016-04-09T00:31:01.000000;993582d5-29f1-4190-ba53-90b8a82756a1;419.08;0.05;UNKNOWN
2016-04-09T00:31:01.000000;2016-04-09T00:31:01.000000;d4d1a244-b16b-4d2c-ab3a-dbf27fd3c16e;419.07;0.05;UNKNOWN
2016-04-09T00:31:01.000000;2016-04-09T00:31:01.000000;4a8723c4-ffd9-4945-a70c-1025107d1edf;419.24;1.95;UNKNOWN
2016-04-09T00:31:01.000000;2016-04-09T00:31:01.000000;93824e51-e6cd-469a-ba4a-4ae576ac12c3;419.19;0.05;UNKNOWN
2016-04-09T00:31:01.000000;2016-04-09T00:31:01.000000;fb7bee31-76f9-47aa-99c7-989d889bbf9c;419.08;0.01;UNKNOWN
2016-04-09T00:31:01.000000;2016-04-09T00:31:01.000000;1d90ca77-4262-4176-8bcb-387924361c7b;419.17;0.05;UNKNOWN
2016-04-09T00:31:01.000000;2016-04-09T00:31:01.000000;1742665c-cedd-4b6e-8e45-2ecfe841aeda;419.18;0.05;UNKNOWN
2016-04-09T00:31:01.000000;2016-04-09T00:31:01.000000;9ce4d761-3eb8-402c-91c3-d994091e3997;419.24;0.05;UNKNOWN
2016-04-09T00:31:01.000000;2016-04-09T00:31:01.000000;8c5e0aee-6d93-4365-a575-d7ea0f91efc5;419.2;0.01;UNKNOWN
2016-04-09T00:31:01.000000;2016-04-09T00:31:01.000000;f7208f71-f787-4ab4-b2fc-31b8e3aecc3e;419.21;0.05;UNKNOWN
2016-04-09T00:31:01.000000;2016-04-09T00:31:01.000000;4320137e-c27c-414f-9e61-7133207f1527;419.2;0.087;UNKNOWN
2016-04-09T00:31:01.000000;2016-04-09T00:31:01.000000;a3ceebf8-0d4d-4bdb-80c2-0049e0925ee7;419.21;0.3;UNKNOWN
2016-04-09T00:31:01.000000;2016-04-09T00:31:01.000000;1fd0df51-6c4b-4f77-9ba0-783c0d0b991e;419.21;0.01;UNKNOWN
2016-04-09T00:31:01.000000;2016-04-09T00:31:01.000000;f746ab5f-8fb5-4908-af60-24453cc00880;419.23;2.25;UNKNOWN
2016-04-09T00:31:01.000000;2016-04-09T00:31:01.000000;3139c33a-d65e-4a95-9016-6c735d7ee031;419.21;0.01;UNKNOWN
2016-04-09T00:31:01.000000;2016-04-09T00:31:01.000000;57d79a22-20a2-463e-b9b5-acc74f4b54f0;419.23;0.035;UNKNOWN
2016-04-09T00:31:01.000000;2016-04-09T00:31:01.000000;9b8f845f-64a4-4a5a-a238-eb28077c0092;419.22;0.05;UNKNOWN
2016-04-09T00:31:01.000000;2016-04-09T00:31:01.000000;17f59a0d-6e79-41df-b0a9-c862231dadeb;419.22;1.95;UNKNOWN
2016-04-09T00:31:01.000000;2016-04-09T00:31:01.000000;21712559-522a-4b73-b83c-ff791360e1d6;419.23;0.05;UNKNOWN
2016-04-09T00:31:01.000000;2016-04-09T00:31:01.000000;ecd01635-1a38-474a-bd82-362c0cd8d209;419.27;0.3007;UNKNOWN
2016-04-09T00:31:01.000000;2016-04-09T00:31:01.000000;53c6da4e-ef33-480c-997f-d05a99b08a14;419.25;0.05;UNKNOWN
2016-04-09T00:31:01.000000;2016-04-09T00:31:01.000000;a76b4765-570e-4f0a-91a2-938491e25114;419.27;0.05;UNKNOWN
2016-04-09T00:31:01.000000;2016-04-09T00:31:01.000000;216a4b69-59e3-45fb-af79-8c5249cda928;419.25;1.95;UNKNOWN
2016-04-09T00:31:01.000000;2016-04-09T00:31:01.000000;2bb914d8-78e2-4ca9-a037-a70d23861342;419.25;0.125;UNKNOWN
2016-04-09T00:31:01.000000;2016-04-09T00:31:01.000000;75c7a006-f079-44f7-9c56-1b68aadf8a56;419.25;0.01;UNKNOWN
2016-04-09T00:31:01.000000;2016-04-09T00:31:01.000000;d94414af-c835-4473-9cf9-fa3c72a6363b;419.26;2.1;UNKNOWN
2016-04-09T00:31:01.000000;2016-04-09T00:31:01.000000;f097ec80-4433-4925-adb4-804fcc557323;419.26;0.05;UNKNOWN
2016-04-09T00:31:01.000000;2016-04-09T00:31:01.000000;1376ddb4-38d8-4de9-bbd7-091b9307b6b4;419.29;0.01;UNKNOWN
2016-04-09T00:31:01.000000;2016-04-09T00:31:01.000000;96bfc7cb-4b50-4206-82ef-2fa49f5aaaa2;419.28;1.2;UNKNOWN
2016-04-09T00:31:01.000000;2016-04-09T00:31:01.000000;d0abb66d-1b23-43c8-bf22-1d2a10fd5364;419.28;0.05;UNKNOWN
2016-04-09T00:31:01.000000;2016-04-09T00:31:01.000000;90064be4-afd4-4375-93d8-23f960f75748;419.27;1.2;UNKNOWN
2016-04-09T00:31:01.000000;2016-04-09T00:31:01.000000;81141784-01f9-4db5-a1bf-26c5de624e8d;419.3;0.34583;UNKNOWN
2016-04-09T00:32:05.000000;2016-04-09T00:32:05.000000;86c6d2c7-a6b6-4eec-a948-b45bbe988525;419.11;0.05;UNKNOWN
2016-04-09T00:32:05.000000;2016-04-09T00:32:05.000000;008542ce-75db-4762-86ce-bbac967db785;419.12;0.6;UNKNOWN
2016-04-09T00:32:05.000000;2016-04-09T00:32:05.000000;95e41319-4a63-46c0-86fa-d3df3bad4595;419.11;0.2805;UNKNOWN
2016-04-09T00:32:05.000000;2016-04-09T00:32:05.000000;49f7c9e6-f045-4322-9e0c-dbb0d425808c;419.12;0.05;UNKNOWN
2016-04-09T00:32:05.000000;2016-04-09T00:32:05.000000;e6c963b9-cbbb-4038-a46f-427d1293b5cd;419.13;0.05;UNKNOWN
2016-04-09T00:32:05.000000;2016-04-09T00:32:05.000000;4a58cc0c-b5fe-4f4b-ba2e-86972ba3424c;419.14;0.0191;UNKNOWN
2016-04-09T00:32:05.000000;2016-04-09T00:32:05.000000;93fcf453-5009-4441-9296-4cde47684f22;419.14;0.0187;UNKNOWN
2016-04-09T00:32:05.000000;2016-04-09T00:32:05.000000;9f662a68-9911-42f5-8875-b5d1f4d6997c;419.14;0.0181;UNKNOWN
2016-04-09T00:32:05.000000;2016-04-09T00:32:05.000000;4edc6b27-ab6c-4c8b-83e1-35cbc99e1117;419.14;0.0174;UNKNOWN
2016-04-09T00:32:05.000000;2016-04-09T00:32:05.000000;97e082c3-7e68-42e0-81f8-d05c5aecc2ed;419.14;0.0187;UNKNOWN
2016-04-09T00:32:05.000000;2016-04-09T00:32:05.000000;576fdb5d-7cb0-4e10-8cc3-d0fba1f48cb5;419.14;0.03;UNKNOWN
2016-04-09T00:32:05.000000;2016-04-09T00:32:05.000000;a86d48ed-a86b-48a2-beda-5496c7c4e7dd;419.14;0.092;UNKNOWN
2016-04-09T00:32:05.000000;2016-04-09T00:32:05.000000;715acb0f-47cd-4500-a032-d06012b14efb;419.14;0.05;UNKNOWN
2016-04-09T00:32:31.000000;2016-04-09T00:32:31.000000;2d81f294-342d-4e91-836b-b8a330bc250e;419.14;0.0504;UNKNOWN
2016-04-09T00:32:31.000000;2016-04-09T00:32:31.000000;29b7cc58-2300-4ae4-98bf-061eda34836d;419.07;0.3;UNKNOWN
2016-04-09T00:32:31.000000;2016-04-09T00:32:31.000000;6f679263-b8cc-4ddb-8c14-7711e5497ec3;419.06;0.05;UNKNOWN
2016-04-09T00:32:31.000000;2016-04-09T00:32:31.000000;2fb86e8d-7772-49ff-a03e-59725979fb72;419.14;0.1;UNKNOWN
2016-04-09T00:32:31.000000;2016-04-09T00:32:31.000000;cb382b0c-4e13-48f2-8a96-295bbe80a364;419.14;0.052;UNKNOWN
2016-04-09T00:32:31.000000;2016-04-09T00:32:31.000000;04df3dbe-b9af-4e40-a07a-9c2587f75532;419.14;0.0527;UNKNOWN
2016-04-09T00:32:31.000000;2016-04-09T00:32:31.000000;e485bbe3-e240-4305-96e8-fd011adf6991;419.14;0.0421;UNKNOWN
2016-04-09T00:32:31.000000;2016-04-09T00:32:31.000000;caf146b0-964c-4249-8cdf-fa275e6cfaa2;419.09;0.03;UNKNOWN
2016-04-09T00:32:31.000000;2016-04-09T00:32:31.000000;0f6f653d-2095-4187-b086-96b13d5ab43f;419.08;0.05;UNKNOWN
2016-04-09T00:32:31.000000;2016-04-09T00:32:31.000000;ecbe80c9-0b9a-44ee-b447-918940cf81d5;419.05;0.11843;UNKNOWN
2016-04-09T00:32:31.000000;2016-04-09T00:32:31.000000;497bee00-a9a6-42af-a882-3854943701d5;419.14;0.0486;UNKNOWN
2016-04-09T00:32:31.000000;2016-04-09T00:32:31.000000;00e96eb5-21a0-48df-b5ea-ef290815a410;419.1;0.05;UNKNOWN
2016-04-09T00:32:31.000000;2016-04-09T00:32:31.000000;4a1f01aa-2d5e-41c9-9fe0-5ed17394de6f;419.09;0.123;UNKNOWN
2016-04-09T00:32:31.000000;2016-04-09T00:32:31.000000;614852ab-d92d-4ed9-9918-7b2c6dc7387f;419.14;0.041;UNKNOWN
2016-04-09T00:32:31.000000;2016-04-09T00:32:31.000000;f4afa6aa-18e7-4ea8-b1f8-3dd185481bea;419.14;0.0364;UNKNOWN
2016-04-09T00:32:31.000000;2016-04-09T00:32:31.000000;0b25176d-a0b5-44e0-baca-acd36c294fe1;419.14;0.0391;UNKNOWN
2016-04-09T00:32:31.000000;2016-04-09T00:32:31.000000;5cc5051b-1141-4014-8429-a3d89fd08579;419.09;0.05;UNKNOWN
2016-04-09T00:32:31.000000;2016-04-09T00:32:31.000000;e2ea2b08-8772-4dea-9765-3dce6e3ed6c5;419.05;0.05;UNKNOWN
2016-04-09T00:32:31.000000;2016-04-09T00:32:31.000000;39e5e67c-3945-48b7-8cca-b0a31f96f50a;419.07;0.99;UNKNOWN
2016-04-09T00:32:31.000000;2016-04-09T00:32:31.000000;acc09d08-1c21-4e77-a49e-dda873b32969;419.07;0.05;UNKNOWN
2016-04-09T00:32:31.000000;2016-04-09T00:32:31.000000;cc0bdfb2-8b93-425e-901a-ffa82fde5752;419.06;0.99;UNKNOWN
2016-04-09T00:32:31.000000;2016-04-09T00:32:31.000000;f02aae38-cbcd-42aa-b4c0-a4086b866181;419.06;0.01;UNKNOWN
2016-04-09T00:32:31.000000;2016-04-09T00:32:31.000000;14297906-18c7-4801-96f9-9e9a0975afbb;419.06;0.035;UNKNOWN
2016-04-09T00:33:01.000000;2016-04-09T00:33:01.000000;c70e542c-3267-4c7f-9f5c-f63ab867a900;419.03;0.6;UNKNOWN
2016-04-09T00:33:01.000000;2016-04-09T00:33:01.000000;f13a1733-b87c-401a-a747-8cd9d67b2058;419.14;0.086;UNKNOWN
2016-04-09T00:33:01.000000;2016-04-09T00:33:01.000000;1323f9e7-ed6a-4e9b-8b3e-1942d846c46e;419.04;0.1;UNKNOWN
2016-04-09T00:33:01.000000;2016-04-09T00:33:01.000000;0a3a60f2-8d98-4510-b7c6-7cdc0204d3a8;419.11;0.05;UNKNOWN
2016-04-09T00:33:01.000000;2016-04-09T00:33:01.000000;53492384-f206-46eb-9013-4c6f658288b9;419.04;0.05;UNKNOWN
2016-04-09T00:33:01.000000;2016-04-09T00:33:01.000000;b10988e9-4631-4f51-9ff8-9f5fa30690e9;419.09;0.101;UNKNOWN
2016-04-09T00:33:01.000000;2016-04-09T00:33:01.000000;9d0f6757-3b38-408c-b396-892b801b4a3c;419.03;0.05;UNKNOWN
2016-04-09T00:33:01.000000;2016-04-09T00:33:01.000000;0cce6f87-d77a-4b9f-bfef-963282e1108f;419.02;0.10558;UNKNOWN
2016-04-09T00:33:01.000000;2016-04-09T00:33:01.000000;626cef32-cbc7-4684-bc69-2bf97602a43c;419.02;0.05;UNKNOWN
2016-04-09T00:33:31.000000;2016-04-09T00:33:31.000000;278d9814-a73b-4c55-b0a8-18e33842164b;419.1;0.05;UNKNOWN
2016-04-09T00:33:31.000000;2016-04-09T00:33:31.000000;b0c779e8-d948-4dfd-ae76-152adc71e508;419.1;0.0181;UNKNOWN
2016-04-09T00:33:31.000000;2016-04-09T00:33:31.000000;c5e174cd-d99b-4072-beb9-001d21ff89ff;419.09;0.05;UNKNOWN
2016-04-09T00:33:54.000000;2016-04-09T00:33:54.000000;d76ff209-9cd2-4ec4-9966-6f491c61af73;419.11;0.0112;UNKNOWN
2016-04-09T00:33:54.000000;2016-04-09T00:33:54.000000;2dce8f02-0065-4649-806f-e852ac9bf150;419.11;0.05;UNKNOWN
2016-04-09T00:33:54.000000;2016-04-09T00:33:54.000000;cd311007-0d45-4cff-8ce6-d7cdd849ff60;419.11;0.02;UNKNOWN
2016-04-09T00:34:01.000000;2016-04-09T00:34:01.000000;535ee0b8-3e2b-4b35-b626-28ab84e552f1;419.11;0.0188;UNKNOWN
2016-04-09T00:34:01.000000;2016-04-09T00:34:01.000000;396b97cf-6805-443c-9fc1-147f15cb9ef7;419.11;0.05;UNKNOWN
2016-04-09T00:34:01.000000;2016-04-09T00:34:01.000000;16915d3f-56c6-49e7-9a6c-9e5bf046b82c;419.11;0.05;UNKNOWN
2016-04-09T00:34:01.000000;2016-04-09T00:34:01.000000;248735bf-7efd-4214-9e5c-6aa24826b61d;419.11;0.05;UNKNOWN
2016-04-09T00:34:01.000000;2016-04-09T00:34:01.000000;4d01d4b7-3a75-48b0-b4b0-28bd5018db8d;419.11;0.05;UNKNOWN
2016-04-09T00:34:01.000000;2016-04-09T00:34:01.000000;67d2d39d-57ef-4da9-9f60-044e169f3b41;419.15;0.01;UNKNOWN
2016-04-09T00:34:01.000000;2016-04-09T00:34:01.000000;3c57e687-7504-46b4-a6f6-03aa084476db;419.14;0.05;UNKNOWN
2016-04-09T00:34:01.000000;2016-04-09T00:34:01.000000;9922820a-485e-40c8-8bb8-e30097fadd5c;419.12;0.05;UNKNOWN
2016-04-09T00:34:01.000000;2016-04-09T00:34:01.000000;25c3f19e-578d-45d9-88ee-d258cacaa6f1;419.13;0.05;UNKNOWN
2016-04-09T00:34:01.000000;2016-04-09T00:34:01.000000;84e28b71-d9ce-4ff8-949a-9ab0ffa3f91d;419.15;0.00782;UNKNOWN
2016-04-09T00:34:01.000000;2016-04-09T00:34:01.000000;40520587-5f6f-434c-a2b7-56ce2a3ad704;419.15;0.05;UNKNOWN
2016-04-09T00:34:28.000000;2016-04-09T00:34:28.000000;71ccf44e-9fbb-47ed-9c46-3e7e4f14551e;419.15;0.00782;UNKNOWN
2016-04-09T00:34:28.000000;2016-04-09T00:34:28.000000;68752bf7-6abb-4b6f-8e7e-833e855608ce;419.15;0.04218;UNKNOWN
2016-04-09T00:34:31.000000;2016-04-09T00:34:31.000000;662ace13-9269-4695-9d20-109da8829624;419.24;0.01;UNKNOWN
2016-04-09T00:34:31.000000;2016-04-09T00:34:31.000000;3b5020d8-64f9-48ba-b09f-f4d93e9b1780;419.26;0.0115;UNKNOWN
2016-04-09T00:34:31.000000;2016-04-09T00:34:31.000000;1d8a49ba-36b9-4717-a59c-b14a0e2588fb;419.16;0.05;UNKNOWN
2016-04-09T00:34:31.000000;2016-04-09T00:34:31.000000;578402ce-46d6-4f5b-b719-8d85f0a1c421;419.15;0.00468;UNKNOWN
2016-04-09T00:34:31.000000;2016-04-09T00:34:31.000000;46d42173-cd09-4c40-b205-095c498e88a0;419.25;0.16;UNKNOWN
2016-04-09T00:35:01.000000;2016-04-09T00:35:01.000000;d6e0d596-c1fa-4c98-bfe5-95d5de8fb7da;419.26;0.0235;UNKNOWN
2016-04-09T00:35:01.000000;2016-04-09T00:35:01.000000;8e187747-b229-4a20-92ef-4d6ca921c2f2;419.36;0.096;UNKNOWN
2016-04-09T00:35:01.000000;2016-04-09T00:35:01.000000;2292c906-994b-492d-a573-3f0b724398b6;419.36;0.01;UNKNOWN
2016-04-09T00:35:01.000000;2016-04-09T00:35:01.000000;251bb77a-66fa-4405-8cd0-c12752d74987;419.35;0.01;UNKNOWN
2016-04-09T00:35:01.000000;2016-04-09T00:35:01.000000;55fde318-9fa4-45e0-8a60-18e5a693d941;419.33;0.01;UNKNOWN
2016-04-09T00:35:01.000000;2016-04-09T00:35:01.000000;f8c66323-6f1e-41d2-b2fb-91790c1fb068;419.31;0.01;UNKNOWN
2016-04-09T00:35:01.000000;2016-04-09T00:35:01.000000;5cb9f6e9-5633-42e5-9ef8-102f667a3e51;419.4;0.08845;UNKNOWN
2016-04-09T00:35:13.000000;2016-04-09T00:35:13.000000;75dfb19d-e7fa-4b8b-ab3a-6c0a81c06f6a;419.4;0.01;UNKNOWN
2016-04-09T00:35:31.000000;2016-04-09T00:35:31.000000;d1bc821b-eb34-4179-8ae1-0f14f5b982ad;419.2;0.01473;UNKNOWN
2016-04-09T00:35:31.000000;2016-04-09T00:35:31.000000;0d740780-a1d0-42d1-936e-c88834b53829;419.25;0.107;UNKNOWN
2016-04-09T00:35:31.000000;2016-04-09T00:35:31.000000;df3fd07f-3f44-42a4-ae20-7094f73fb644;419.33;0.01;UNKNOWN
2016-04-09T00:35:31.000000;2016-04-09T00:35:31.000000;b37ed62d-0a1e-4a1b-b34c-cb2592c22083;419.3;0.101;UNKNOWN
2016-04-09T00:35:31.000000;2016-04-09T00:35:31.000000;50c7e83a-7878-4c1b-bc91-5d9bdc07660b;419.34;0.01;UNKNOWN
2016-04-09T00:35:31.000000;2016-04-09T00:35:31.000000;a0fe99d4-371c-431d-9407-ef7c8c7a1ca3;419.35;0.122;UNKNOWN
2016-04-09T00:35:31.000000;2016-04-09T00:35:31.000000;76562f10-15ae-41ff-8af6-fa34f9bf5802;419.35;0.01;UNKNOWN
2016-04-09T00:36:01.000000;2016-04-09T00:36:01.000000;c84577c2-26f5-44c9-8662-a6659822c00c;419.41;0.1655;UNKNOWN
2016-04-09T00:36:01.000000;2016-04-09T00:36:01.000000;3f117864-dd4e-4dc3-a05e-231b9b31ac03;419.4;0.00155;UNKNOWN
2016-04-09T00:36:01.000000;2016-04-09T00:36:01.000000;b0a8a062-9ed3-4a1a-9691-2b8bbf35d4cc;419.4;0.0368;UNKNOWN
2016-04-09T00:36:31.000000;2016-04-09T00:36:31.000000;15fa8e2d-b4d2-4e38-b458-9b585bc5efda;419.15;4.2;UNKNOWN
2016-04-09T00:36:31.000000;2016-04-09T00:36:31.000000;dbb41323-54ef-4a05-9c81-a22fec183a73;419.14;0.05;UNKNOWN
2016-04-09T00:36:31.000000;2016-04-09T00:36:31.000000;d7394fcc-03a4-44a1-ad16-8a2aa9643be3;419.19;0.01;UNKNOWN
2016-04-09T00:36:31.000000;2016-04-09T00:36:31.000000;dc680ddb-9dad-40c6-ab53-dc484a8ab9e9;419.19;0.23;UNKNOWN
2016-04-09T00:36:31.000000;2016-04-09T00:36:31.000000;78b6f02a-edc0-420b-875a-52231bd8b241;419.14;0.12198;UNKNOWN
2016-04-09T00:36:31.000000;2016-04-09T00:36:31.000000;c5c9dcac-16d0-4310-bf3e-569f6aeafa5c;419.14;0.0368;UNKNOWN
2016-04-09T00:36:44.000000;2016-04-09T00:36:44.000000;64fe08ec-bd3a-402a-9609-0fb49e07d985;419.16;0.0115;UNKNOWN
2016-04-09T00:37:01.000000;2016-04-09T00:37:01.000000;1d7d30e8-0529-4dcd-9ff7-698c2c9505a3;419.33;1.60782;UNKNOWN
2016-04-09T00:37:01.000000;2016-04-09T00:37:01.000000;11d2d6bd-faf9-478e-8dc4-86b3deda562a;419.16;0.0385;UNKNOWN
2016-04-09T00:37:01.000000;2016-04-09T00:37:01.000000;17f06214-a25b-4c8b-ab7e-3827dde32e40;419.25;0.31;UNKNOWN
2016-04-09T00:37:22.000000;2016-04-09T00:37:22.000000;e19f3782-8a5c-42bc-a1c7-a7454e23ca9d;419.3;0.012;UNKNOWN
2016-04-09T00:37:22.000000;2016-04-09T00:37:22.000000;2aa56249-d474-4cbe-834a-9c29c3d86b0e;419.39;0.01586508;UNKNOWN
2016-04-09T00:37:22.000000;2016-04-09T00:37:22.000000;30e691c3-a23f-4c27-b370-981be06e5e6c;419.39;0.03272;UNKNOWN
2016-04-09T00:37:22.000000;2016-04-09T00:37:22.000000;e9d6a58b-ce34-4790-b9cd-ceab65ef0679;419.3;0.0005;UNKNOWN
2016-04-09T00:37:32.000000;2016-04-09T00:37:32.000000;1d8b0e16-55fe-40ab-831d-b307ef35a507;419.41;1.95;UNKNOWN
2016-04-09T00:37:32.000000;2016-04-09T00:37:32.000000;09f05cc3-04af-4347-88c7-05eccf578184;419.4;0.0368;UNKNOWN
2016-04-09T00:37:32.000000;2016-04-09T00:37:32.000000;f9d6aa95-54b2-4942-ad8a-4570fdff1615;419.48;0.01;UNKNOWN
2016-04-09T00:37:32.000000;2016-04-09T00:37:32.000000;f203b675-e378-4f18-85ae-7a875e67b0b8;419.4;0.01;UNKNOWN
2016-04-09T00:37:32.000000;2016-04-09T00:37:32.000000;d22f12cc-2d8c-4baa-93f8-366f6334bb71;419.39;1.35;UNKNOWN
2016-04-09T00:37:32.000000;2016-04-09T00:37:32.000000;315f5f2d-4fe6-46ec-b144-855371b8969a;419.45;2.7;UNKNOWN
2016-04-09T00:37:32.000000;2016-04-09T00:37:32.000000;5d5ad5bc-e482-434a-8824-896595e26ccd;419.42;0.01;UNKNOWN
2016-04-09T00:37:32.000000;2016-04-09T00:37:32.000000;f7b8b72d-72ca-4e24-9442-ce8bd0eee9c8;419.46;0.01;UNKNOWN
2016-04-09T00:37:32.000000;2016-04-09T00:37:32.000000;21887f9a-a505-4e81-bce4-5611bea77371;419.46;0.376;UNKNOWN
2016-04-09T00:37:32.000000;2016-04-09T00:37:32.000000;3a95a028-1b39-45f0-8bbe-6bb50cd11f5a;419.47;0.45;UNKNOWN
2016-04-09T00:37:32.000000;2016-04-09T00:37:32.000000;3e6fb7db-db7e-44cf-8ddd-ea6047978bce;419.46;0.3;UNKNOWN
2016-04-09T00:37:32.000000;2016-04-09T00:37:32.000000;775791e1-7d5b-426a-b0e6-16dfe5859b3c;419.47;0.01;UNKNOWN
2016-04-09T00:37:32.000000;2016-04-09T00:37:32.000000;cf9f1d30-c0bf-4879-9dfd-4164d3b3ad61;419.5;0.11265;UNKNOWN
2016-04-09T00:39:01.000000;2016-04-09T00:39:01.000000;b0b48b9c-5fb9-413b-a8ea-dfbbd459a3ac;419.36;0.12245;UNKNOWN
2016-04-09T00:39:31.000000;2016-04-09T00:39:31.000000;b13a3899-0a6c-4688-a345-d2a5e38c851f;419.36;0.10713;UNKNOWN
2016-04-09T00:39:31.000000;2016-04-09T00:39:31.000000;1e143230-e2e5-4314-8dc2-f54b7032f1c7;419.36;0.035;UNKNOWN
2016-04-09T00:40:01.000000;2016-04-09T00:40:01.000000;586fa250-f495-4fd1-ad16-065fa2190894;419.5;0.0368;UNKNOWN
2016-04-09T00:40:01.000000;2016-04-09T00:40:01.000000;bb1661c9-8a28-4235-a4db-e7632aa559e2;419.51;0.05;UNKNOWN
2016-04-09T00:40:01.000000;2016-04-09T00:40:01.000000;8f04e2d7-f7ca-44c5-9840-4b9cfcf4727d;419.5;0.378;UNKNOWN
2016-04-09T00:40:01.000000;2016-04-09T00:40:01.000000;32a03e99-01bc-4de4-8e86-9ec1538f0b82;419.51;0.05;UNKNOWN
2016-04-09T00:40:01.000000;2016-04-09T00:40:01.000000;6574478d-e45e-4267-96d0-2aed991ea997;419.51;0.05;UNKNOWN
2016-04-09T00:40:01.000000;2016-04-09T00:40:01.000000;7aafc617-a687-440f-85c4-c56dac24511a;419.51;0.05;UNKNOWN
2016-04-09T00:40:01.000000;2016-04-09T00:40:01.000000;ac82e8bb-236f-4d42-8712-a764d8e459b3;419.51;0.05;UNKNOWN
2016-04-09T00:40:01.000000;2016-04-09T00:40:01.000000;ec8ebb84-23d3-4fd5-9c47-67efa3373471;419.51;0.05;UNKNOWN
2016-04-09T00:40:01.000000;2016-04-09T00:40:01.000000;a2c72d42-430a-431d-800a-75382915e24b;419.51;2.93621;UNKNOWN
2016-04-09T00:40:01.000000;2016-04-09T00:40:01.000000;71cb7b1f-e10d-4316-a590-9ca138a3c5c7;419.51;0.1;UNKNOWN
2016-04-09T00:40:13.000000;2016-04-09T00:40:13.000000;4d4c78d3-99b7-444b-bdca-ff7c4721298c;419.37;0.0125;UNKNOWN
2016-04-09T00:40:13.000000;2016-04-09T00:40:13.000000;85f4586a-fd6d-4e5b-a414-3060a8d35490;419.37;0.0375;UNKNOWN
2016-04-09T00:40:31.000000;2016-04-09T00:40:31.000000;8cfc1d3c-152c-43cf-9e70-b5d5eb978277;419.49;0.03226;UNKNOWN
2016-04-09T00:41:01.000000;2016-04-09T00:41:01.000000;c0477a95-f3fb-498c-a109-eb2ebaec0788;419.21;0.82328;UNKNOWN
2016-04-09T00:41:01.000000;2016-04-09T00:41:01.000000;e4e2016a-6c7b-405f-b910-718d5f804e9c;419.22;0.2;UNKNOWN
2016-04-09T00:41:01.000000;2016-04-09T00:41:01.000000;a4e99743-ef09-4051-bc05-39917e12acf4;419.22;0.99;UNKNOWN
2016-04-09T00:41:01.000000;2016-04-09T00:41:01.000000;a13543ce-440c-4421-844e-4ec23cb2730e;419.23;0.99;UNKNOWN
2016-04-09T00:41:01.000000;2016-04-09T00:41:01.000000;c72658dd-581e-4290-b882-5506b715b828;419.29;0.01;UNKNOWN
2016-04-09T00:41:01.000000;2016-04-09T00:41:01.000000;55398324-efce-4fef-8136-88c1d7bfa260;419.3;0.75;UNKNOWN
2016-04-09T00:41:01.000000;2016-04-09T00:41:01.000000;ff87e686-cc1e-4b8d-ab32-b3005dbeba93;419.22;0.3;UNKNOWN
2016-04-09T00:41:01.000000;2016-04-09T00:41:01.000000;ba96d8c2-49c2-416a-b893-3d65db054c31;419.29;1.2;UNKNOWN
2016-04-09T00:41:01.000000;2016-04-09T00:41:01.000000;6368e91c-848f-45cf-9688-6391ff09039b;419.24;0.99;UNKNOWN
2016-04-09T00:41:01.000000;2016-04-09T00:41:01.000000;3f81753f-aa09-4105-a833-9810ce275599;419.28;0.99;UNKNOWN
2016-04-09T00:41:01.000000;2016-04-09T00:41:01.000000;93770526-5d19-45ed-8787-b08418b9fff5;419.3;0.088;UNKNOWN
2016-04-09T00:41:01.000000;2016-04-09T00:41:01.000000;8431f533-9ad0-41e1-a31a-ef09edd133f4;419.27;0.99;UNKNOWN
2016-04-09T00:41:01.000000;2016-04-09T00:41:01.000000;4b5dfe9a-fafe-445b-ace2-5357403ada66;419.26;0.99;UNKNOWN
2016-04-09T00:41:01.000000;2016-04-09T00:41:01.000000;5210d320-aa72-4741-b3a8-8fa608b909fe;419.22;0.118;UNKNOWN
2016-04-09T00:41:01.000000;2016-04-09T00:41:01.000000;f82f29a9-4f5c-46cc-89c4-dbfca348ab10;419.25;0.114;UNKNOWN
2016-04-09T00:41:01.000000;2016-04-09T00:41:01.000000;0de4f461-0d82-4b65-9d1d-9d926be18a51;419.3;0.0115;UNKNOWN
2016-04-09T00:41:01.000000;2016-04-09T00:41:01.000000;a12ce757-6193-4997-aa3a-76cd9e9a40ab;419.35;0.0368;UNKNOWN
2016-04-09T00:41:01.000000;2016-04-09T00:41:01.000000;6ec07ff0-b87e-4c71-80eb-baa4a8b483d4;419.31;3.0;UNKNOWN
2016-04-09T00:41:01.000000;2016-04-09T00:41:01.000000;a7bb0e7c-3ea0-4cde-ab5e-f95a8f75af17;419.36;1.05;UNKNOWN
2016-04-09T00:41:01.000000;2016-04-09T00:41:01.000000;c460ab8f-bff5-4cf5-9d84-e39ef0d85c88;419.41;0.504;UNKNOWN
2016-04-09T00:41:01.000000;2016-04-09T00:41:01.000000;2a479f4d-b085-49e2-8c00-55f44576d4a6;419.45;0.01;UNKNOWN
2016-04-09T00:41:01.000000;2016-04-09T00:41:01.000000;9c8f61b3-9639-4674-a410-5893754af11a;419.44;0.18;UNKNOWN
2016-04-09T00:41:01.000000;2016-04-09T00:41:01.000000;cd7af414-e652-45af-85c4-a2b4f2ebe98f;419.25;0.99;UNKNOWN
2016-04-09T00:41:01.000000;2016-04-09T00:41:01.000000;4a37ce38-e137-49eb-b54a-ace3723e1837;419.23;0.8;UNKNOWN
2016-04-09T00:41:31.000000;2016-04-09T00:41:31.000000;df4b7347-5c44-499d-8b1c-4425751b6b62;419.41;0.0297;UNKNOWN
2016-04-09T00:41:31.000000;2016-04-09T00:41:31.000000;2cf16cbe-9c5f-46d6-b917-6f63916e97bc;419.39;0.102;UNKNOWN
2016-04-09T00:41:31.000000;2016-04-09T00:41:31.000000;12eda58a-5399-4afe-b3d5-611f077a25ea;419.43;0.034;UNKNOWN
2016-04-09T00:41:31.000000;2016-04-09T00:41:31.000000;c7f3e9d5-2a09-4980-ae2c-f1a91006ef7d;419.44;0.102;UNKNOWN
2016-04-09T00:41:31.000000;2016-04-09T00:41:31.000000;dea74def-6b55-443a-9bdd-3d10ca71e0d2;419.47;0.1;UNKNOWN
2016-04-09T00:41:31.000000;2016-04-09T00:41:31.000000;15b3bf46-b26f-4a8c-b5d2-84a9b1edd101;419.38;0.0264;UNKNOWN
2016-04-09T00:41:31.000000;2016-04-09T00:41:31.000000;238cca47-c854-4bdd-a312-213e92d4e742;419.49;0.125;UNKNOWN
2016-04-09T00:41:31.000000;2016-04-09T00:41:31.000000;fc416797-2188-4019-93c8-5fded06cfa2f;419.36;0.0203;UNKNOWN
2016-04-09T00:41:31.000000;2016-04-09T00:41:31.000000;c631bd38-95b2-4000-8d54-f240f0735a8c;419.34;0.107;UNKNOWN
2016-04-09T00:41:31.000000;2016-04-09T00:41:31.000000;7a71d572-dbc3-4745-82d7-1200b945d2ad;419.34;0.01;UNKNOWN
2016-04-09T00:41:31.000000;2016-04-09T00:41:31.000000;88a50811-974c-4f3b-a3ab-6b9290fd4159;419.22;2.37472;UNKNOWN
2016-04-09T00:41:31.000000;2016-04-09T00:41:31.000000;00a5defb-5bcd-4298-bc45-8ae28bed0fda;419.28;0.0368;UNKNOWN
2016-04-09T00:42:01.000000;2016-04-09T00:42:01.000000;0e75b145-160c-4d2d-8d00-b46121140590;419.5;0.05453396;UNKNOWN
2016-04-09T00:42:01.000000;2016-04-09T00:42:01.000000;4caa406b-33a3-4086-a80e-f50dfe004a5d;419.5;0.0125;UNKNOWN
2016-04-09T00:42:01.000000;2016-04-09T00:42:01.000000;f7ffad76-c1f3-427a-8821-4be44c63375b;419.5;0.19089604;UNKNOWN
2016-04-09T00:43:01.000000;2016-04-09T00:43:01.000000;320fab5a-f165-4f84-95f1-ea042ca63e45;419.15;0.115;UNKNOWN
2016-04-09T00:43:01.000000;2016-04-09T00:43:01.000000;ec59de94-4bcf-4080-b816-7a05cbb82e43;419.25;0.082;UNKNOWN
2016-04-09T00:43:01.000000;2016-04-09T00:43:01.000000;269fa8f0-6714-4d80-923b-584a969fd2a8;419.3;0.0115;UNKNOWN
2016-04-09T00:43:01.000000;2016-04-09T00:43:01.000000;773ef558-4084-492e-9485-09ab0bec7a49;419.2;0.125;UNKNOWN
2016-04-09T00:43:01.000000;2016-04-09T00:43:01.000000;ae962686-f1f7-4e08-977f-9c692d707ed7;419.3;0.097;UNKNOWN
2016-04-09T00:43:01.000000;2016-04-09T00:43:01.000000;3a70b4d3-4203-490c-a97e-00413b67e89e;419.35;0.106;UNKNOWN
2016-04-09T00:43:01.000000;2016-04-09T00:43:01.000000;1fc5b721-ccf7-4884-80bf-8c6b47918986;419.3;0.0368;UNKNOWN
2016-04-09T00:43:01.000000;2016-04-09T00:43:01.000000;e8c45027-87cd-4a62-8816-568491cc5d4a;419.33;0.01;UNKNOWN
2016-04-09T00:43:01.000000;2016-04-09T00:43:01.000000;5d1a02bb-88fb-4efc-ac45-7a86c4d02d6a;419.13;0.035;UNKNOWN
2016-04-09T00:43:01.000000;2016-04-09T00:43:01.000000;3bdbf9a2-739f-4d39-a9fe-73a6856f6d17;419.13;0.05;UNKNOWN
2016-04-09T00:43:01.000000;2016-04-09T00:43:01.000000;bee0108e-a937-45d6-816f-7e361ea9c1a9;419.12;0.99;UNKNOWN
2016-04-09T00:43:01.000000;2016-04-09T00:43:01.000000;3660928d-dcc5-4adf-b9f8-434be5b8290e;419.14;0.05;UNKNOWN
2016-04-09T00:43:01.000000;2016-04-09T00:43:01.000000;ca3a3ae7-f80c-4276-ae02-562481d5d903;419.11;0.05;UNKNOWN
2016-04-09T00:43:01.000000;2016-04-09T00:43:01.000000;7b13d8c2-5303-4f3d-8873-c1c120fcae89;419.12;0.05;UNKNOWN
2016-04-09T00:43:01.000000;2016-04-09T00:43:01.000000;e34ba108-be73-47cf-9547-b6eb7f863aa2;419.1;0.86705;UNKNOWN
2016-04-09T00:43:01.000000;2016-04-09T00:43:01.000000;d3f44124-56ae-404a-af71-28df7c87de1c;419.1;0.094;UNKNOWN
2016-04-09T00:43:01.000000;2016-04-09T00:43:01.000000;4b436117-d03d-4555-9870-9ae3c7b1e5f2;419.1;0.1;UNKNOWN
2016-04-09T00:43:01.000000;2016-04-09T00:43:01.000000;7ba794d6-dbc5-4e1c-ad5f-89bd1c0023ca;419.11;0.99;UNKNOWN
2016-04-09T00:43:01.000000;2016-04-09T00:43:01.000000;e7e25543-20e7-4b6d-ba11-b6f6aeee025f;419.35;0.01;UNKNOWN
2016-04-09T00:43:31.000000;2016-04-09T00:43:31.000000;98151c49-9149-4222-8f46-a638ab9a0434;419.11;0.01;UNKNOWN
2016-04-09T00:43:31.000000;2016-04-09T00:43:31.000000;b43894f0-f89a-4e21-87e7-c3b3c6d42f15;419.11;0.01;UNKNOWN
2016-04-09T00:43:31.000000;2016-04-09T00:43:31.000000;fe24ca11-22e1-4d90-9a6c-55a20dbefa2c;419.12;0.778;UNKNOWN
2016-04-09T00:43:31.000000;2016-04-09T00:43:31.000000;541cd54f-3384-4cf2-b7b7-bf107854fa72;419.11;0.01432;UNKNOWN
2016-04-09T00:43:55.000000;2016-04-09T00:43:55.000000;0554fd4d-e6cf-4a39-ab31-a1c4366702a4;419.12;0.1004;UNKNOWN
2016-04-09T00:43:55.000000;2016-04-09T00:43:55.000000;7957fe12-8f8d-4337-84bc-7d532634338e;419.12;0.1;UNKNOWN
2016-04-09T00:44:01.000000;2016-04-09T00:44:01.000000;da502897-16c3-4898-88b7-69ca7231ea89;419.12;2.2696;UNKNOWN
2016-04-09T00:44:01.000000;2016-04-09T00:44:01.000000;506a28cd-3bd1-4607-a688-672b80571af2;419.13;0.05;UNKNOWN
2016-04-09T00:44:01.000000;2016-04-09T00:44:01.000000;99620f7d-0ade-4c9e-9a6c-911269c822d4;419.16;0.05;UNKNOWN
2016-04-09T00:44:01.000000;2016-04-09T00:44:01.000000;43a4e2b0-f4b0-4676-892a-c18b5da44773;419.15;0.05;UNKNOWN
2016-04-09T00:44:01.000000;2016-04-09T00:44:01.000000;ac7ce45a-6ab7-4c30-883d-2606a7768ed7;419.14;0.05;UNKNOWN
2016-04-09T00:44:01.000000;2016-04-09T00:44:01.000000;e087f430-77b3-4437-b69e-167ff194188c;419.36;1.8;UNKNOWN
2016-04-09T00:44:01.000000;2016-04-09T00:44:01.000000;a3c9ea58-0a45-4cae-9bdf-2607c1b6623c;419.31;0.3;UNKNOWN
2016-04-09T00:44:01.000000;2016-04-09T00:44:01.000000;03b2c599-a605-45a3-ad5d-587251aae276;419.31;0.25;UNKNOWN
2016-04-09T00:44:01.000000;2016-04-09T00:44:01.000000;ea7ca469-fd99-41d0-8780-26f8fc926ee3;419.29;0.01;UNKNOWN
2016-04-09T00:44:01.000000;2016-04-09T00:44:01.000000;8bf61b40-9f7e-4ee8-a1ca-6228a0dc09c4;419.24;0.01;UNKNOWN
2016-04-09T00:44:01.000000;2016-04-09T00:44:01.000000;52642f02-7faa-490f-bdfe-564c9ef2307d;419.42;0.65149;UNKNOWN
2016-04-09T00:44:01.000000;2016-04-09T00:44:01.000000;34b53467-7c45-4df5-94fc-70b48119a71a;419.37;0.516;UNKNOWN
2016-04-09T00:44:01.000000;2016-04-09T00:44:01.000000;7ce981ea-d99f-4eeb-88bc-9ebdf464da61;419.42;0.515;UNKNOWN
2016-04-09T00:44:01.000000;2016-04-09T00:44:01.000000;17ab5855-1740-4b2e-9aa1-8320aa0b5610;419.36;0.3;UNKNOWN
2016-04-09T00:44:01.000000;2016-04-09T00:44:01.000000;d6e1e029-78ba-45db-9be5-76f861c4f17d;419.39;0.9;UNKNOWN
2016-04-09T00:44:01.000000;2016-04-09T00:44:01.000000;77d31214-6326-447d-ac45-6fd00140feb7;419.4;0.1;UNKNOWN
2016-04-09T00:44:01.000000;2016-04-09T00:44:01.000000;b4011403-448f-4026-bd2c-4d94ce920bc6;419.39;0.2;UNKNOWN
2016-04-09T00:44:01.000000;2016-04-09T00:44:01.000000;44963c25-9abe-47ff-b156-f2462bf52b2a;419.38;0.9;UNKNOWN
2016-04-09T00:44:32.000000;2016-04-09T00:44:32.000000;34394e27-ff84-41ee-9398-9ac43656687c;419.47;0.30778;UNKNOWN
2016-04-09T00:44:32.000000;2016-04-09T00:44:32.000000;4ec9c718-d10d-4f6d-bf05-bd414ac794b7;419.43;0.035;UNKNOWN
2016-04-09T00:45:01.000000;2016-04-09T00:45:01.000000;95b3ec48-b62b-4c2a-a2e6-65e3c689a7aa;419.35;3.47613;UNKNOWN
2016-04-09T00:45:32.000000;2016-04-09T00:45:32.000000;c2548af6-3690-443d-b8fc-2b10a4bc2023;419.24;0.0204;UNKNOWN
2016-04-09T00:45:32.000000;2016-04-09T00:45:32.000000;7956bd24-a370-4762-aa27-4cdf0c5b1a94;419.24;0.0204;UNKNOWN
2016-04-09T00:45:32.000000;2016-04-09T00:45:32.000000;c4b1dd0c-86f9-484d-9f91-cf1d0c23c355;419.39;2.16796;UNKNOWN
2016-04-09T00:45:32.000000;2016-04-09T00:45:32.000000;e5f86cc5-b74c-414f-a0c0-faad7d677a95;419.36;0.0225;UNKNOWN
2016-04-09T00:45:32.000000;2016-04-09T00:45:32.000000;2200161a-23a5-4de6-aae4-3a56195a78f3;419.24;0.0233;UNKNOWN
2016-04-09T00:45:32.000000;2016-04-09T00:45:32.000000;2a954ca2-f409-4696-81e0-97644c684f25;419.33;0.111;UNKNOWN
2016-04-09T00:45:32.000000;2016-04-09T00:45:32.000000;f03a55d7-8d6d-4f85-a378-f52c7dbcde40;419.24;0.0312;UNKNOWN
2016-04-09T00:45:32.000000;2016-04-09T00:45:32.000000;998e5e1a-c2e9-4e56-b1cc-af9250853273;419.33;0.0213;UNKNOWN
2016-04-09T00:45:32.000000;2016-04-09T00:45:32.000000;9449087a-a6d5-4b66-a056-d129a3e4b2fa;419.24;0.0324;UNKNOWN
2016-04-09T00:45:32.000000;2016-04-09T00:45:32.000000;6eb6da9c-7b15-44c8-b234-a0d3e4f82e49;419.24;0.0311;UNKNOWN
2016-04-09T00:45:32.000000;2016-04-09T00:45:32.000000;837edead-db54-4235-a21c-5bd60436e1aa;419.24;0.0251;UNKNOWN
2016-04-09T00:45:32.000000;2016-04-09T00:45:32.000000;b56fcd96-b7f1-40e4-b164-ab9885690014;419.24;0.0231;UNKNOWN
2016-04-09T00:45:32.000000;2016-04-09T00:45:32.000000;8da5133d-e882-4f2b-a09e-2aa68b5cb7b2;419.3;0.022;UNKNOWN
2016-04-09T00:45:32.000000;2016-04-09T00:45:32.000000;60d6ffb1-d808-47a7-9bf4-798c89bce654;419.35;2.1;UNKNOWN
2016-04-09T00:45:32.000000;2016-04-09T00:45:32.000000;b632b980-e4f0-4bec-9adb-d3f8cef2e39b;419.24;0.03;UNKNOWN
2016-04-09T00:45:32.000000;2016-04-09T00:45:32.000000;4c477931-ae35-465b-ab11-7898355fa502;419.24;0.0306;UNKNOWN
2016-04-09T00:45:32.000000;2016-04-09T00:45:32.000000;235e1924-1b78-469a-b140-cfe7406c0cbe;419.28;0.0226;UNKNOWN
2016-04-09T00:45:32.000000;2016-04-09T00:45:32.000000;6f46a010-facc-4f25-b0e1-c6172debe371;419.26;0.0217;UNKNOWN
2016-04-09T00:45:32.000000;2016-04-09T00:45:32.000000;d96a1246-5086-42b6-8dcd-48d2d26763d1;419.27;1.582;UNKNOWN
2016-04-09T00:45:41.000000;2016-04-09T00:45:41.000000;41273acc-50e9-4854-95f5-60bc438b0132;419.23;0.01;UNKNOWN
2016-04-09T00:45:50.000000;2016-04-09T00:45:50.000000;1d93f237-59a7-45b6-b231-7153b2843d24;419.22;0.01;UNKNOWN
2016-04-09T00:45:50.000000;2016-04-09T00:45:50.000000;a5b46abf-83f2-4008-8f54-5640b4415ac3;419.22;0.08;UNKNOWN
2016-04-09T00:46:01.000000;2016-04-09T00:46:01.000000;b331ad54-ccc0-4c09-ad7b-0298230819c2;419.18;0.035;UNKNOWN
2016-04-09T00:46:01.000000;2016-04-09T00:46:01.000000;e01a1526-bf49-4f46-a311-2b63cc8b6a92;419.2;0.01;UNKNOWN
2016-04-09T00:46:01.000000;2016-04-09T00:46:01.000000;c47e9e28-f801-4f21-ba7d-55c53bc1ee59;419.17;0.00245;UNKNOWN
2016-04-09T00:46:31.000000;2016-04-09T00:46:31.000000;778de9ac-ea23-45f5-9ce8-90f388a0ef87;419.35;0.00037;UNKNOWN
2016-04-09T00:46:31.000000;2016-04-09T00:46:31.000000;c8f4923a-3c45-42d5-a400-cd66b1fe99a8;419.33;0.01;UNKNOWN
2016-04-09T00:46:31.000000;2016-04-09T00:46:31.000000;d2ecb725-5178-49f4-bc2d-f8ba540c58fd;419.23;0.0254;UNKNOWN
2016-04-09T00:46:31.000000;2016-04-09T00:46:31.000000;b8079d9d-7ee8-4b0f-a70b-6ac75efd3d02;419.25;0.0125;UNKNOWN
2016-04-09T00:46:31.000000;2016-04-09T00:46:31.000000;04bf9543-ed13-46cd-9e82-809cc0cd10bf;419.23;0.026;UNKNOWN
2016-04-09T00:47:31.000000;2016-04-09T00:47:31.000000;e20fb77a-0b4f-4ad9-b8c2-2a77aceca066;419.22;0.2;UNKNOWN
2016-04-09T00:47:31.000000;2016-04-09T00:47:31.000000;11959433-3e57-4901-883b-0980f305513a;419.22;0.01788;UNKNOWN
2016-04-09T00:48:01.000000;2016-04-09T00:48:01.000000;b9339ed0-ae9c-4404-ab2e-5edd0e234742;419.16;0.01;UNKNOWN
2016-04-09T00:48:01.000000;2016-04-09T00:48:01.000000;a6066541-6338-4b8f-b4fa-c4f0a7f71025;419.19;0.1;UNKNOWN
2016-04-09T00:48:01.000000;2016-04-09T00:48:01.000000;77cacbca-04d4-446d-bc34-c784672de1ac;419.22;0.1;UNKNOWN
2016-04-09T00:48:01.000000;2016-04-09T00:48:01.000000;6dfa1c34-5f7a-4380-936a-9c78b2cbc65f;419.15;0.01929;UNKNOWN
2016-04-09T00:48:01.000000;2016-04-09T00:48:01.000000;c6195278-d6a8-41d8-ab57-034d8cc2c81f;419.2;0.0115;UNKNOWN
2016-04-09T00:48:01.000000;2016-04-09T00:48:01.000000;ee45ee7b-1f81-4692-a813-4f6f461e7688;419.16;0.3;UNKNOWN
2016-04-09T00:48:01.000000;2016-04-09T00:48:01.000000;5e519fb2-cbd0-462a-9329-d20139493b40;419.21;0.1;UNKNOWN
2016-04-09T00:48:01.000000;2016-04-09T00:48:01.000000;004fba23-a1f0-4d01-a102-24025161ce1c;419.21;0.01;UNKNOWN
2016-04-09T00:48:31.000000;2016-04-09T00:48:31.000000;fde394a7-2bc8-4670-815a-5e71889ee763;419.26;0.01807;UNKNOWN
2016-04-09T00:48:31.000000;2016-04-09T00:48:31.000000;aa3df765-937c-4b57-a506-e89a863f9351;419.23;0.1;UNKNOWN
2016-04-09T00:49:01.000000;2016-04-09T00:49:01.000000;52b486cf-bc45-46ff-ad4c-b80eaf45f643;419.24;0.00282;UNKNOWN
2016-04-09T00:49:01.000000;2016-04-09T00:49:01.000000;e8b58f06-8ad4-4811-ba33-1c8d89e9d676;419.22;0.0262;UNKNOWN
2016-04-09T00:49:01.000000;2016-04-09T00:49:01.000000;a982b241-f453-4001-90bc-75fd22bc276d;419.2;0.025;UNKNOWN
2016-04-09T00:49:01.000000;2016-04-09T00:49:01.000000;77931db9-8a01-4340-9d44-7265517171b8;419.18;0.0274;UNKNOWN
2016-04-09T00:49:10.000000;2016-04-09T00:49:10.000000;946d8cc4-9ed9-4aa9-a4de-d0c04f2d57da;419.17;0.0276;UNKNOWN
2016-04-09T00:49:10.000000;2016-04-09T00:49:10.000000;1af06fdf-1778-4cc2-a82e-70236d7a11d4;419.17;0.0311;UNKNOWN
2016-04-09T00:49:10.000000;2016-04-09T00:49:10.000000;2d8a5b19-c832-4072-989a-8ce09e924a4a;419.18;0.0379;UNKNOWN
2016-04-09T00:49:10.000000;2016-04-09T00:49:10.000000;22c6ab05-41ec-4c01-8aaa-8f78a5f81c7d;419.17;0.0281;UNKNOWN
2016-04-09T00:49:31.000000;2016-04-09T00:49:31.000000;4ecbde5f-a863-40be-bc6b-470f1a118e07;419.2;0.0174;UNKNOWN
2016-04-09T00:49:31.000000;2016-04-09T00:49:31.000000;26c93129-94a4-4e98-8b3b-81e30bddae0e;419.19;0.02;UNKNOWN
2016-04-09T00:49:31.000000;2016-04-09T00:49:31.000000;a68397c6-1f38-437c-a7fe-3dfc4c9b9bb7;419.19;0.0195;UNKNOWN
2016-04-09T00:49:31.000000;2016-04-09T00:49:31.000000;3a58f8ff-baf9-4275-8112-f78cb0648685;419.22;0.0169;UNKNOWN
2016-04-09T00:49:31.000000;2016-04-09T00:49:31.000000;5dc202d6-9445-4cd7-8316-97c7d9307a73;419.19;0.0179;UNKNOWN
2016-04-09T00:49:31.000000;2016-04-09T00:49:31.000000;f11a708f-ddb3-4c1a-b138-be9a6d3b2dd2;419.26;0.96971;UNKNOWN
2016-04-09T00:50:01.000000;2016-04-09T00:50:01.000000;1fc834e2-b6bd-4af8-adcf-2cfc43ade2ab;419.24;0.0175;UNKNOWN
2016-04-09T00:50:01.000000;2016-04-09T00:50:01.000000;c50980c7-ee2a-49eb-831a-142b4b71713e;419.22;0.0165;UNKNOWN
2016-04-09T00:50:01.000000;2016-04-09T00:50:01.000000;3796356b-5491-4b5f-9048-600c01ad8f47;419.26;0.10006;UNKNOWN
2016-04-09T00:50:38.000000;2016-04-09T00:50:38.000000;4f792a6a-3fbd-4c93-9525-7751f9a36fc3;419.2;0.02349;UNKNOWN
2016-04-09T00:51:02.000000;2016-04-09T00:51:02.000000;3e6d01ab-3309-4eba-9a7d-61ec5d1a9c1c;419.2;0.01157;UNKNOWN
2016-04-09T00:51:31.000000;2016-04-09T00:51:31.000000;753e07ad-2fa1-4b9a-b548-7ba64b9810cb;419.2;0.05904;UNKNOWN
2016-04-09T00:51:57.000000;2016-04-09T00:51:57.000000;db6f7caa-f385-42a7-ab08-5edc45dd4a88;419.19;0.01;UNKNOWN
2016-04-09T00:51:57.000000;2016-04-09T00:51:57.000000;f498672e-96cd-4459-bea5-efa0394191e6;419.19;0.1;UNKNOWN
2016-04-09T00:52:00.000000;2016-04-09T00:52:00.000000;b820ce6f-f270-4a19-8c5d-dfc4df292367;419.18;1.4943;UNKNOWN
2016-04-09T00:52:00.000000;2016-04-09T00:52:00.000000;73908599-3871-44cf-a59a-a7d750a567ac;419.14;0.05;UNKNOWN
2016-04-09T00:52:02.000000;2016-04-09T00:52:02.000000;cd0d6eb3-ff89-4ef0-b335-fa0d531b41f1;419.12;0.05;UNKNOWN
2016-04-09T00:52:02.000000;2016-04-09T00:52:02.000000;df6013ba-8e18-4376-a528-115c0a1d1241;419.11;0.05;UNKNOWN
2016-04-09T00:52:02.000000;2016-04-09T00:52:02.000000;c0dd0ae4-f67c-4ea3-b894-92730d289962;419.13;0.05;UNKNOWN
2016-04-09T00:52:02.000000;2016-04-09T00:52:02.000000;758adf7c-ea08-4e01-9398-48862ae08244;419.0;0.05;UNKNOWN
2016-04-09T00:52:02.000000;2016-04-09T00:52:02.000000;c36952f6-ce66-4c82-8880-ae23608e7dd6;418.98;0.05;UNKNOWN
2016-04-09T00:52:02.000000;2016-04-09T00:52:02.000000;4c8770d5-8103-4931-b19e-92748b6b8d63;419.02;0.05;UNKNOWN
2016-04-09T00:52:02.000000;2016-04-09T00:52:02.000000;17a4b16e-7222-4233-b23c-b02c7c6b3b58;419.0;4.7;UNKNOWN
2016-04-09T00:52:02.000000;2016-04-09T00:52:02.000000;32ac57b0-594b-4d43-b58c-73c39c79e4f1;419.14;0.01;UNKNOWN
2016-04-09T00:52:02.000000;2016-04-09T00:52:02.000000;d5c1e640-c82e-49f4-b440-09ee57b79766;419.01;0.05;UNKNOWN
2016-04-09T00:52:02.000000;2016-04-09T00:52:02.000000;7f5a1218-a093-4dc3-9084-072b92915f4d;419.03;0.05;UNKNOWN
2016-04-09T00:52:02.000000;2016-04-09T00:52:02.000000;1b25e0da-4e3c-4b2e-ac35-bd367442b137;419.11;0.035;UNKNOWN
2016-04-09T00:52:02.000000;2016-04-09T00:52:02.000000;3b11e021-6e84-42a5-8307-d2ec3db963d1;419.1;0.1;UNKNOWN
2016-04-09T00:52:02.000000;2016-04-09T00:52:02.000000;7988b13d-fbd8-4df2-99d2-f20f04229a1f;419.14;0.01;UNKNOWN
2016-04-09T00:52:02.000000;2016-04-09T00:52:02.000000;232485d4-9cbd-4eae-a1ee-c20aaf816784;419.05;0.05;UNKNOWN
2016-04-09T00:52:02.000000;2016-04-09T00:52:02.000000;84ba1519-95cc-4be4-ac6a-9b9bf2f3cb95;419.04;0.05;UNKNOWN
2016-04-09T00:52:02.000000;2016-04-09T00:52:02.000000;b4794bcd-47f2-4e29-9796-b6ea00978b57;419.1;0.1;UNKNOWN
2016-04-09T00:52:02.000000;2016-04-09T00:52:02.000000;a12a171c-0419-4b80-9b4d-00830b4f84d2;419.09;0.01;UNKNOWN
2016-04-09T00:52:02.000000;2016-04-09T00:52:02.000000;9b6743d2-140b-47be-aee6-80ad83e46183;419.06;0.05;UNKNOWN
2016-04-09T00:52:02.000000;2016-04-09T00:52:02.000000;b0b89e2a-e171-4f63-aa5a-540f9cec99d0;419.07;0.05;UNKNOWN
2016-04-09T00:52:02.000000;2016-04-09T00:52:02.000000;3e947989-4a86-4613-b1ad-4b575fde20a1;419.08;0.05;UNKNOWN
2016-04-09T00:52:02.000000;2016-04-09T00:52:02.000000;c5ee5b11-8cb1-41ab-a811-93670b0e69df;419.0;0.99;UNKNOWN
2016-04-09T00:52:02.000000;2016-04-09T00:52:02.000000;3cd73130-a124-45aa-b960-5506b1e9340e;418.99;0.99;UNKNOWN
2016-04-09T00:52:02.000000;2016-04-09T00:52:02.000000;1123b39a-365f-4aff-96aa-20a0d4f20025;418.99;0.05;UNKNOWN
2016-04-09T00:52:02.000000;2016-04-09T00:52:02.000000;3e4d3b2b-a36c-433c-b4c8-deec7d881223;418.98;0.814;UNKNOWN
2016-04-09T00:52:05.000000;2016-04-09T00:52:05.000000;c9494384-f218-47ca-a154-7f3933f9b757;418.98;0.176;UNKNOWN
2016-04-09T00:52:05.000000;2016-04-09T00:52:05.000000;78d32c13-bb77-4189-a310-4f3d8bbefe2a;418.99;0.01;UNKNOWN
2016-04-09T00:52:07.000000;2016-04-09T00:52:07.000000;9164ae9e-76da-4601-b920-ef027d6e4721;418.96;0.99;UNKNOWN
2016-04-09T00:52:07.000000;2016-04-09T00:52:07.000000;f6799113-b293-49db-aad5-df1aebc431ba;418.95;0.99;UNKNOWN
2016-04-09T00:52:07.000000;2016-04-09T00:52:07.000000;a8d7ba12-2424-4102-a41f-5199b2800ce6;418.96;0.05;UNKNOWN
2016-04-09T00:52:07.000000;2016-04-09T00:52:07.000000;5d27f8a1-c96e-4c95-b43d-a0c30c22fb06;418.95;0.05;UNKNOWN
2016-04-09T00:52:07.000000;2016-04-09T00:52:07.000000;50cd25ef-3c3e-4036-9dd6-dcb9c9babd1a;418.97;0.99;UNKNOWN
2016-04-09T00:52:07.000000;2016-04-09T00:52:07.000000;d266c669-d316-4a7b-a18b-541338121f56;418.98;0.01;UNKNOWN
2016-04-09T00:52:07.000000;2016-04-09T00:52:07.000000;7e19cdc4-189c-4193-a756-d64026b57efc;418.97;0.05;UNKNOWN
2016-04-09T00:52:15.000000;2016-04-09T00:52:15.000000;7fc5486d-bca6-4d71-8464-ea237ba29b77;418.94;0.99;UNKNOWN
2016-04-09T00:52:15.000000;2016-04-09T00:52:15.000000;6c20cde0-e2c2-42b8-9403-6416a3b76e39;418.93;0.99;UNKNOWN
2016-04-09T00:52:17.000000;2016-04-09T00:52:17.000000;bfb2acce-e69d-4d35-a950-55409350b013;418.91;0.05;UNKNOWN
