time_exchange;time_coinpai;guid;price;base_amount;taker_side
2016-04-09T00:00:07.000000;2016-04-09T00:00:07.077000;97dd1d13-7955-49c9-bfa7-fb4f50bc64d4;9.72;0.75344831;SELL
2016-04-09T00:00:08.000000;2016-04-09T00:00:08.157000;b91c955f-c6af-45fa-b257-39191aed3974;9.72;3.53495169;SELL
2016-04-09T00:00:18.000000;2016-04-09T00:00:18.700000;5b91c63b-8dbb-45d1-bd32-b6159a505052;9.7;97.54;SELL
2016-04-09T00:00:19.000000;2016-04-09T00:00:20.023000;2e60536e-0821-4f20-b405-0e7743339ab8;9.7;2.46;SELL
2016-04-09T00:02:46.000000;2016-04-09T00:02:46.250000;a5073c46-1b9c-4d16-8d66-53ccf1fa8658;9.698;8.1;BUY
2016-04-09T00:02:48.000000;2016-04-09T00:02:49.070000;51c9ac58-2fd7-4556-af4c-96389e9d4cd6;9.698;26.45;SELL
2016-04-09T00:02:48.000000;2016-04-09T00:02:49.203000;62a3b03f-3786-450a-95c6-6244530fe4fa;9.698;13.92;SELL
2016-04-09T00:02:50.000000;2016-04-09T00:02:51.143000;db2c1bbe-6f6d-4eab-bc78-ec224fd205ae;9.698;1.53;SELL
2016-04-09T00:16:39.000000;2016-04-09T00:16:39.407000;5ba8a155-4a7d-47ae-98aa-abe2cbe89638;9.692;28.21;BUY
2016-04-09T00:16:40.000000;2016-04-09T00:16:40.400000;b804575c-47fe-4613-8cbc-35c660f67f58;9.692;0.00454018;BUY
2016-04-09T00:50:20.000000;2016-04-09T00:50:20.543000;fea8b8a8-244b-41ba-8202-56287895cbc6;9.6985;2.797394;BUY
2016-04-09T00:50:20.000000;2016-04-09T00:50:20.560000;d034f7b2-6362-4476-8246-210446703303;9.719;2.202606;BUY
2016-04-09T00:50:32.000000;2016-04-09T00:50:32.560000;7eac628a-d569-4bbb-a1e6-2ae6d28e9f61;9.719;17.44111978;BUY
2016-04-09T00:50:32.000000;2016-04-09T00:50:32.567000;19579890-2342-443b-8f0c-e608b58af784;9.72;0.75344831;BUY
2016-04-09T00:50:32.000000;2016-04-09T00:50:32.577000;0651aaea-6035-4401-aec3-ee9f1ecd6474;9.75;0.3503;BUY
2016-04-09T00:50:32.000000;2016-04-09T00:50:32.607000;511020d9-7ddc-49e1-be0d-b4b67dbd638d;9.789;1.45513191;BUY
2016-04-09T00:55:44.000000;2016-04-09T00:55:44.710000;7064c66f-38db-4ed8-a21a-6fb7eb591383;9.67;12.84458925;SELL
2016-04-09T01:25:10.000000;2016-04-09T01:25:10.797000;bf00b8a4-5c73-4a33-8b4c-bf4dc376d28e;9.715;2.788166;BUY
2016-04-09T01:25:22.000000;2016-04-09T01:25:22.090000;12014017-3a69-4050-a654-4ca6293c8534;9.744;2.58382932;SELL
2016-04-09T01:25:28.000000;2016-04-09T01:25:28.207000;33e1e604-8a44-45c9-a5ed-562dfa2ae3c8;9.679;19.94572617;SELL
2016-04-09T01:25:28.000000;2016-04-09T01:25:28.223000;26f0cbd2-5e21-4f51-9c6a-ff94bab1c79f;9.679;28.21454018;SELL
2016-04-09T01:25:43.000000;2016-04-09T01:25:43.607000;d88b31ab-eeff-4434-b577-cefcf94301ef;9.774;0.35;BUY
2016-04-09T01:25:44.000000;2016-04-09T01:25:44.197000;31f99abb-f1e1-4d7c-b6d9-601c87c229a6;9.774;0.0003;BUY
2016-04-09T01:25:45.000000;2016-04-09T01:25:46.133000;78ec24c3-dabf-4849-a765-0c1440ef3d3f;9.7948;91.0;BUY
2016-04-09T01:25:52.000000;2016-04-09T01:25:52.480000;1937e981-973b-499b-a2b4-ea2a771273ef;9.812;3.11;BUY
2016-04-09T01:25:53.000000;2016-04-09T01:25:53.713000;3b04a16a-1166-40b5-a3b5-b00c830a6c87;9.812;25.07;BUY
2016-04-09T01:25:54.000000;2016-04-09T01:25:54.707000;51450187-4042-4134-b767-166694225327;9.812;0.03454018;BUY
2016-04-09T01:25:54.000000;2016-04-09T01:25:54.707000;509b4b35-48db-4b0e-8219-f3d0420e1571;9.818;11.49;BUY
2016-04-09T01:25:54.000000;2016-04-09T01:25:54.713000;558ca435-afcc-4fdf-8f9a-d15929a9dea0;9.818;7.867311;BUY
2016-04-09T01:25:55.000000;2016-04-09T01:25:55.123000;0226fd00-880e-4caf-a916-f63c3104369b;9.818;5.49814882;SELL
2016-04-09T01:25:55.000000;2016-04-09T01:25:55.663000;59e4c6aa-0682-4465-9c89-d5e75d6381c2;9.812;22.32762394;BUY
2016-04-09T01:29:26.000000;2016-04-09T01:29:26.543000;b0632610-6dc9-4223-abe5-e8cb2ca11210;9.85;20.0;BUY
2016-04-09T01:33:37.000000;2016-04-09T01:33:37.800000;1ba19fb2-eebc-4eac-89ac-b3c336cf0fa9;9.898;30.85476814;BUY
2016-04-09T01:33:37.000000;2016-04-09T01:33:37.813000;537c025e-d0d6-4c60-90cf-ea3497864e5a;9.9;30.0;BUY
2016-04-09T01:33:37.000000;2016-04-09T01:33:37.820000;495e5b39-a55a-42fc-8d21-9dd03f7c79c8;9.916;28.21454018;BUY
2016-04-09T01:34:00.000000;2016-04-09T01:34:00.780000;f0c7a361-a45f-4bc9-bbf5-3f218dcea9a0;9.92;4.56991962;SELL
2016-04-09T01:34:22.000000;2016-04-09T01:34:22.363000;1a997374-d867-4f94-9139-5c7ee2f080f1;9.9278;1.0;BUY
2016-04-09T01:35:25.000000;2016-04-09T01:35:25.157000;f27c91d6-569f-4e23-9d03-aa4d63492485;9.9278;1.754098;BUY
2016-04-09T01:35:37.000000;2016-04-09T01:35:37.260000;885d91d7-b418-42cc-8c59-0737063270b8;9.96;0.5489479;BUY
2016-04-09T01:35:41.000000;2016-04-09T01:35:41.950000;26c7b536-0c05-4642-88d4-2c0c0662254b;9.9889;0.54895589;BUY
2016-04-09T01:35:41.000000;2016-04-09T01:35:41.963000;cfce1330-ae94-445e-96cb-941cc018c152;9.9899;0.08104411;BUY
2016-04-09T01:36:04.000000;2016-04-09T01:36:04.580000;f1a68542-8c29-49be-81c2-705a0d1ea850;9.9878;1.0;BUY
2016-04-09T01:36:25.000000;2016-04-09T01:36:25.990000;cb029376-f83e-4fe2-9b23-695ad6e67532;9.96;1.4510521;SELL
2016-04-09T01:36:25.000000;2016-04-09T01:36:26.000000;a4bd0312-dd7f-4934-bde7-5b68d3a85305;9.95;0.79880061;SELL
2016-04-09T01:37:08.000000;2016-04-09T01:37:08.843000;5c2edbdc-5661-4cec-8e42-23dd78f790d5;9.9932;0.5489;BUY
2016-04-09T01:37:08.000000;2016-04-09T01:37:08.860000;4a885bc3-0925-42f0-8eb4-f9f11009c276;9.9942;0.4511;BUY
2016-04-09T01:37:13.000000;2016-04-09T01:37:13.380000;d4cee06c-0e05-4cb8-8045-7ac5f30d6ffa;9.95;1.44710139;SELL
2016-04-09T01:37:13.000000;2016-04-09T01:37:13.383000;ac9968c5-33b7-4b7c-bee7-8721bf7776e6;9.874;0.11059322;SELL
2016-04-09T01:37:25.000000;2016-04-09T01:37:25.893000;283454e2-4d01-4161-baae-0a247885750c;9.994;1.0;SELL
2016-04-09T01:37:25.000000;2016-04-09T01:37:25.900000;fcf56e18-37ab-45e4-8314-359b756a1a2b;9.994;1.0;SELL
2016-04-09T01:37:26.000000;2016-04-09T01:37:26.277000;1d71e47f-dd18-4133-a4f5-d21d963057cc;9.99;5.0;BUY
2016-04-09T01:37:26.000000;2016-04-09T01:37:26.447000;f3a2a6d9-bdfa-4339-a4d8-9524d3c2a540;9.99;1.0;BUY
2016-04-09T01:37:34.000000;2016-04-09T01:37:34.233000;e86764b4-d0f7-4c08-bfe1-3d099c77dd5c;9.914;5.55899728;SELL
2016-04-09T01:38:10.000000;2016-04-09T01:38:10.663000;4da3af98-73dd-4d1b-bd72-b03bb09cd13f;9.918;99.0;SELL
2016-04-09T01:38:30.000000;2016-04-09T01:38:30.790000;7d841af3-c630-4c22-9877-a1adfd8b061d;9.91;12.6825057;SELL
2016-04-09T01:39:01.000000;2016-04-09T01:39:01.040000;940b52d6-7152-4081-9b35-184e416a2e64;9.95;50.0;BUY
2016-04-09T01:39:49.000000;2016-04-09T01:39:49.100000;37b4ee9f-7a7f-4a7b-86d4-e1f686c45a2b;9.959;100.4368;BUY
2016-04-09T01:39:49.000000;2016-04-09T01:39:49.110000;9f85c94f-47ee-4998-a87d-bb5cdd070eda;9.96;50.0;BUY
2016-04-09T01:39:49.000000;2016-04-09T01:39:49.120000;e6765605-8e05-4049-818c-e4f3abb54ee7;9.9899;2.71745;BUY
2016-04-09T01:39:49.000000;2016-04-09T01:39:49.147000;91bec7b3-1ae0-48ba-96bd-dc6abe4fb2a4;9.99;42.0;BUY
2016-04-09T01:39:49.000000;2016-04-09T01:39:49.147000;15526d78-85fc-4832-a636-aac0d8b9059f;9.994;0.62056886;BUY
2016-04-09T01:39:49.000000;2016-04-09T01:39:49.147000;d8f056c5-3d03-46d7-80f0-d72bb0dd2b23;9.9942;2.274579;BUY
2016-04-09T01:39:49.000000;2016-04-09T01:39:49.147000;1acbe1ec-037d-4e3c-9f02-a0c2734dac2d;10.0;100.0;BUY
2016-04-09T01:39:49.000000;2016-04-09T01:39:49.147000;4e2276a8-7991-4d05-b6b9-5e596c4e4d4c;10.029;0.3503;BUY
2016-04-09T01:39:49.000000;2016-04-09T01:39:49.183000;0e7a7860-6d92-402d-8a66-55838b065bfc;10.049;59.21640517;BUY
2016-04-09T01:40:40.000000;2016-04-09T01:40:40.683000;04633453-bc8c-4155-b113-23b2ad36668e;9.995;2.0;BUY
2016-04-09T01:42:56.000000;2016-04-09T01:42:56.643000;096c797b-80d3-4834-a6d6-5ea685260ea5;9.95;40.15776181;SELL
2016-04-09T01:43:11.000000;2016-04-09T01:43:11.647000;080f892e-9f73-4432-8b51-85ea048404de;9.91;50.0;SELL
2016-04-09T01:43:58.000000;2016-04-09T01:43:58.520000;1dea50b1-5cd1-4523-81ce-127e6ae60b98;9.949;2.0;BUY
2016-04-09T01:48:56.000000;2016-04-09T01:48:56.187000;65695bf1-11eb-4920-96f2-25a6bab95511;9.85;2.13868805;SELL
2016-04-09T01:49:00.000000;2016-04-09T01:49:00.347000;61a9907b-de9d-46c0-83d1-eea379031794;9.85;0.10672782;SELL
2016-04-09T02:03:48.000000;2016-04-09T02:03:48.213000;95302638-0557-447c-9bb6-c941a7466bb3;9.826;0.1;BUY
2016-04-09T02:03:51.000000;2016-04-09T02:03:52.177000;8b638f07-64ce-4c2a-9d80-74b501af7898;9.826;0.1;BUY
2016-04-09T02:03:55.000000;2016-04-09T02:03:56.003000;249540be-0c43-4099-b468-798701e4aba9;9.826;0.1;BUY
2016-04-09T02:04:03.000000;2016-04-09T02:04:03.600000;bd23ee29-ec32-4d44-be2e-b6bb125f662f;9.826;0.1;BUY
2016-04-09T02:21:38.000000;2016-04-09T02:21:38.187000;5af219d4-5938-450e-b3ee-65f10286cf88;9.85;2.07;BUY
2016-04-09T02:21:38.000000;2016-04-09T02:21:38.930000;eddae0d1-b8eb-4e1d-aaa9-08e9c73af62c;9.85;0.000329;BUY
2016-04-09T02:42:41.000000;2016-04-09T02:42:41.633000;16cc5053-97d9-4785-989e-0536583d35ee;9.933;99.3485;SELL
2016-04-09T02:44:27.000000;2016-04-09T02:44:27.197000;afda7dc3-1dac-4506-890d-ae075799f4b9;9.95;0.10223819;BUY
2016-04-09T02:44:27.000000;2016-04-09T02:44:27.210000;d952d59e-448c-401c-977c-5bf5633666c9;9.95;2.15290753;BUY
2016-04-09T02:44:27.000000;2016-04-09T02:44:27.217000;ad8f0a5f-64fe-4ee1-87f9-0eeeb1cfcaa5;9.95;0.47536805;BUY
2016-04-09T02:44:27.000000;2016-04-09T02:44:27.247000;0866b446-ac0e-48a0-9af1-05904ffeb48e;9.95;0.62159999;BUY
2016-04-09T02:44:27.000000;2016-04-09T02:44:27.247000;44cf40fc-ed65-40f0-8e76-20476a175678;9.963;2.64788624;BUY
2016-04-09T02:44:39.000000;2016-04-09T02:44:39.350000;510e943a-05cd-475c-a9ce-252818180a5c;9.996;0.2;BUY
2016-04-09T02:44:39.000000;2016-04-09T02:44:39.357000;36085583-0e34-48a0-a3b6-d43329817ea2;10.0;0.2;BUY
2016-04-09T02:44:39.000000;2016-04-09T02:44:39.380000;bbefb105-a19d-4ad1-a02a-a3eef82d6555;10.01;0.6;BUY
2016-04-09T02:44:43.000000;2016-04-09T02:44:43.833000;84510665-bfec-4c73-8b28-b5e64f55e2c3;10.01;1.0;BUY
2016-04-09T02:44:49.000000;2016-04-09T02:44:49.607000;007c5d19-4571-45ee-9815-00666503347b;10.01;1.0;BUY
2016-04-09T02:44:53.000000;2016-04-09T02:44:53.997000;d0007561-c003-451b-8553-7acef9c9733b;10.01;0.117163;BUY
2016-04-09T02:44:53.000000;2016-04-09T02:44:54.003000;3049f91d-0c5c-498e-b32f-b3bb1f37590c;10.028;0.882837;BUY
2016-04-09T02:45:00.000000;2016-04-09T02:45:00.307000;bf1709de-9c33-41d4-8863-f7e13b321806;10.026;1.0;BUY
2016-04-09T02:45:01.000000;2016-04-09T02:45:01.890000;0e057e1f-58f9-478f-81a4-0b137c24b536;10.029;1.0;BUY
2016-04-09T02:45:02.000000;2016-04-09T02:45:02.937000;d60831a2-b62c-46b6-bb5a-abe62922efdb;10.025;1.0;BUY
2016-04-09T02:45:03.000000;2016-04-09T02:45:03.400000;27f402ef-1763-4e78-b7fc-f9500b1acf8f;10.025;1.0;BUY
2016-04-09T02:45:04.000000;2016-04-09T02:45:04.527000;3ed1535f-246f-4f3a-bd65-ebb60abaf915;10.028;1.0;BUY
2016-04-09T02:45:05.000000;2016-04-09T02:45:05.263000;723fe1a2-840a-4d1a-bd08-bdc3e3e856af;10.028;1.0;BUY
2016-04-09T02:45:06.000000;2016-04-09T02:45:06.070000;54f9ff4c-daf0-4e8a-ac25-3bdf6b488a22;10.027;1.0;BUY
2016-04-09T02:46:35.000000;2016-04-09T02:46:35.973000;4a96ce6e-daad-4f4d-927b-a195e2c92b31;9.906;13.434689;SELL
2016-04-09T02:49:37.000000;2016-04-09T02:49:37.393000;adc53cd0-d7be-4ebd-b542-29b2680ea2c4;9.906;3.1;SELL
2016-04-09T02:49:37.000000;2016-04-09T02:49:37.487000;259bfb06-638f-4811-ba9a-6ea83f903258;9.905;46.9;SELL
2016-04-09T03:40:16.000000;2016-04-09T03:40:16.520000;27360554-6876-435d-adfd-248594630600;9.95;1.5;BUY
2016-04-09T03:40:16.000000;2016-04-09T03:40:16.537000;3825ed38-f5fb-4777-91d2-b456bb401127;9.95;1.6;BUY
2016-04-09T03:40:16.000000;2016-04-09T03:40:16.540000;b5ea7c5b-163e-46a4-9410-2906cf47da18;9.951;100.6301;BUY
2016-04-09T03:41:10.000000;2016-04-09T03:41:10.773000;48b7ef86-3445-4b79-ba03-1b8980f77c4b;9.951;0.26488;SELL
2016-04-09T03:41:58.000000;2016-04-09T03:41:58.513000;d92a8c67-ef1f-4c65-888c-187b614f6ef3;9.951;1.18082682;SELL
2016-04-09T03:42:09.000000;2016-04-09T03:42:09.353000;8ad59b49-4bb7-4a91-a489-a67ef26ac9b6;9.951;0.26488;SELL
2016-04-09T03:42:24.000000;2016-04-09T03:42:24.110000;a7d7c58c-e492-41b4-aaec-804822b71382;9.951;0.26488;SELL
2016-04-09T03:42:37.000000;2016-04-09T03:42:38.007000;c56b4550-9625-4299-9745-4bcb0661e974;9.951;0.26488;SELL
2016-04-09T03:44:58.000000;2016-04-09T03:44:58.123000;4ae8591e-42c1-42c5-91a1-0ff33c98f835;9.951;1.21309828;SELL
2016-04-09T03:47:10.000000;2016-04-09T03:47:10.900000;13e3f765-3351-4cc1-af7c-c8d346a0c8f5;9.97;13.86313531;BUY
2016-04-09T03:47:11.000000;2016-04-09T03:47:11.413000;788c97f6-8862-425b-a01b-1c7c44624c65;9.97;40.1;SELL
2016-04-09T03:47:12.000000;2016-04-09T03:47:12.160000;dcc50311-1e73-49a3-8bee-dd83d4b5fe54;9.97;13.86313531;SELL
2016-04-09T03:47:12.000000;2016-04-09T03:47:12.637000;481b1a6a-dadd-44f4-8ee1-d2484d21bc5d;9.97;13.86313531;SELL
2016-04-09T03:47:14.000000;2016-04-09T03:47:14.283000;ced9771d-9862-4cc2-9959-7edd832fba0d;9.97;0.785093;SELL
2016-04-09T03:47:14.000000;2016-04-09T03:47:14.363000;b364aa41-b8ae-4204-8248-a2cda4bb04dc;9.97;13.86313531;SELL
2016-04-09T03:47:15.000000;2016-04-09T03:47:15.210000;4abc6a26-f020-482b-92ea-e72ea805f134;9.97;13.86313531;SELL
2016-04-09T03:47:16.000000;2016-04-09T03:47:16.067000;13a11bbb-122d-4b84-9e0e-1e3ed288bf74;9.97;13.86313531;SELL
2016-04-09T03:47:16.000000;2016-04-09T03:47:16.143000;e74c28e8-11ff-4197-b49d-29e891e7af94;9.97;4.5974;SELL
2016-04-09T03:47:18.000000;2016-04-09T03:47:18.970000;a68a7e5d-f7f8-4b61-9577-ddf7fcec0893;9.97;70.0;SELL
2016-04-09T03:47:20.000000;2016-04-09T03:47:20.223000;a78a4422-eeb2-464d-848c-1dceb34f04ff;9.97;3.8416104;SELL
2016-04-09T03:47:24.000000;2016-04-09T03:47:24.093000;06e4a174-fb20-4813-9290-4116fc95b1cb;9.97;70.0;SELL
2016-04-09T03:47:24.000000;2016-04-09T03:47:24.127000;30c2854d-076c-4946-ba74-85d7dde22e76;9.97;3.8416104;SELL
2016-04-09T03:47:28.000000;2016-04-09T03:47:28.573000;32c3b246-aa1c-47bf-aa01-d0aa5f16fd6c;9.97;3.8416104;SELL
2016-04-09T03:47:29.000000;2016-04-09T03:47:29.530000;dbb19a8a-f387-4900-9988-132899d208d3;9.97;70.0;SELL
2016-04-09T03:47:33.000000;2016-04-09T03:47:33.127000;0c0a826d-344e-44b8-b70d-7df85302c519;9.97;2.9994;SELL
2016-04-09T03:47:33.000000;2016-04-09T03:47:33.263000;f9cd9765-244d-4234-99e1-7af179256b91;9.97;3.87965624;SELL
2016-04-09T03:47:35.000000;2016-04-09T03:47:35.807000;0b25bc3c-f7dd-4b26-bad8-65684f0c8ab6;9.97;15.0;SELL
2016-04-09T03:47:36.000000;2016-04-09T03:47:36.817000;752cb6f2-d9ca-4eb6-bb18-46c25102ed37;9.97;3.8416104;SELL
2016-04-09T03:47:40.000000;2016-04-09T03:47:40.760000;0906529e-13c5-4c47-a093-bdc9ae69ec05;9.97;3.8416104;SELL
2016-04-09T03:47:43.000000;2016-04-09T03:47:43.953000;7919631c-3560-450b-b17c-d72b6ac8ea33;9.97;3.8416104;SELL
2016-04-09T03:47:44.000000;2016-04-09T03:47:44.717000;d8407ac3-877f-4afd-834c-7afc46b73d23;9.97;2.9994;SELL
2016-04-09T03:47:48.000000;2016-04-09T03:47:48.157000;6a21af5e-126b-4b3f-8a8b-658f1ab71910;9.97;3.8416104;SELL
2016-04-09T03:47:51.000000;2016-04-09T03:47:51.367000;3c21abd4-5141-4252-b916-4314461188f3;9.97;3.8416104;SELL
2016-04-09T03:47:55.000000;2016-04-09T03:47:55.897000;7a08e872-6f02-4764-8244-16e8f1fa907b;9.97;3.8416104;SELL
2016-04-09T03:47:56.000000;2016-04-09T03:47:57.050000;a7445cc5-6c8e-4665-ac5b-6e0209c6a553;9.97;9.25875902;SELL
2016-04-09T03:47:58.000000;2016-04-09T03:47:58.607000;78e28276-72dd-45c6-8d40-1d41bd405082;9.97;9.25875902;SELL
2016-04-09T03:48:00.000000;2016-04-09T03:48:00.347000;6692add8-7e7f-43f1-8a2c-bd7dc1ce233b;9.97;3.8416104;SELL
2016-04-09T03:48:03.000000;2016-04-09T03:48:03.443000;b1cd50b9-a0b4-4d17-8391-d4d3a91b0b5e;9.97;9.25875902;SELL
2016-04-09T03:48:04.000000;2016-04-09T03:48:04.077000;f12b06a5-8f56-42e3-88e8-b7bb3aa0d597;9.97;6.53496281;SELL
2016-04-09T03:48:04.000000;2016-04-09T03:48:04.857000;748f4445-170e-4085-9949-2347a344e109;9.97;3.8416104;SELL
2016-04-09T03:48:04.000000;2016-04-09T03:48:04.903000;92684df4-7559-4d08-ac0f-35f2b1f16e9d;9.97;9.25875902;SELL
2016-04-09T03:48:07.000000;2016-04-09T03:48:07.277000;2661f9b0-78ba-4676-a988-9a1c9e924e08;9.97;6.53496281;SELL
2016-04-09T03:48:07.000000;2016-04-09T03:48:07.300000;27773014-7b6e-4755-b958-95d70cde694b;9.97;9.25875902;SELL
2016-04-09T03:48:08.000000;2016-04-09T03:48:08.247000;2c13f8c0-0bad-4207-9463-0551d34784fa;9.97;1.63143907;SELL
2016-04-09T03:48:11.000000;2016-04-09T03:48:11.573000;664f4658-ed61-422c-ad42-6c2641036a91;9.97;2.51011676;SELL
2016-04-09T03:48:38.000000;2016-04-09T03:48:38.720000;77f1d1f0-ffcc-47ec-86d0-762cb6b214aa;9.986;13.84092297;BUY
2016-04-09T03:48:38.000000;2016-04-09T03:48:38.740000;a84a6471-8225-403e-86f2-6c4f760ecdf6;9.986;100.10360555;BUY
2016-04-09T03:48:38.000000;2016-04-09T03:48:38.750000;b15ed6de-cdea-4a06-8412-1692cd354a27;9.987;2.710356;BUY
2016-04-09T03:48:38.000000;2016-04-09T03:48:38.780000;56c4c4d6-acf4-49da-a921-e277e0744c8c;10.011;0.3503;BUY
2016-04-09T03:48:38.000000;2016-04-09T03:48:38.780000;d0a1baa3-d785-469d-8e5e-102529e47b08;10.049;7.99481548;BUY
2016-04-09T03:48:51.000000;2016-04-09T03:48:51.870000;81d43a5c-c640-4320-ad7b-de8e5d158ae6;9.97;2.9994;SELL
2016-04-09T03:49:03.000000;2016-04-09T03:49:03.977000;3429b48f-07fd-4ba4-8ac5-6d6afa9ec68d;9.97;2.9994;SELL
2016-04-09T03:49:08.000000;2016-04-09T03:49:08.487000;3e03edfe-d1d5-4123-8034-f78a52f7c9b2;10.003;2.0;BUY
2016-04-09T03:51:48.000000;2016-04-09T03:51:48.680000;5f482bb8-a414-4f05-80f8-bf6b70226594;9.97;2.47698354;SELL
2016-04-09T03:51:53.000000;2016-04-09T03:51:54.003000;c73c8a37-2732-4d11-85ef-506c199b1fb9;9.97;2.47692399;SELL
2016-04-09T03:51:58.000000;2016-04-09T03:51:58.320000;607efb53-e356-4ca4-a482-c570d4983342;9.97;2.66205554;SELL
2016-04-09T03:52:01.000000;2016-04-09T03:52:01.747000;cfc5580e-6b86-4dd4-b726-0aa16c077906;9.97;2.54711384;SELL
2016-04-09T03:52:06.000000;2016-04-09T03:52:06.547000;f3158189-cb0c-4189-9668-a71296959370;9.97;2.54711384;SELL
2016-04-09T03:52:10.000000;2016-04-09T03:52:10.493000;50854115-4f2d-4deb-8ff0-b345084bc7b6;9.97;2.54711384;SELL
2016-04-09T03:52:15.000000;2016-04-09T03:52:15.527000;fc39aa13-81a3-4ea0-8b4f-71770dc6f042;9.97;2.54711384;SELL
2016-04-09T03:52:18.000000;2016-04-09T03:52:18.580000;efcf7b04-7f7b-4dd1-9e68-d8827fb866aa;9.97;2.54711384;SELL
2016-04-09T03:52:23.000000;2016-04-09T03:52:23.407000;ab24731d-cd51-44c6-aa82-837ae59f890e;9.97;2.62292774;SELL
2016-04-09T03:52:28.000000;2016-04-09T03:52:28.513000;d83046d8-fe23-40ed-a9ef-697327090282;9.97;1.72398794;SELL
2016-04-09T03:52:56.000000;2016-04-09T03:52:56.167000;9e0327e6-dbe7-4358-84c2-8bcc131830f7;9.951;50.0;SELL
2016-04-09T03:56:05.000000;2016-04-09T03:56:05.880000;86997dd6-651c-40fe-a5d3-9bada340f8ae;9.976;2.709135;BUY
2016-04-09T03:56:05.000000;2016-04-09T03:56:05.887000;45f263d8-660d-478c-8587-15f1c6983116;10.021;0.3503;BUY
2016-04-09T03:56:05.000000;2016-04-09T03:56:05.890000;912d5b19-84b9-4a10-b869-2bb90ffb42f2;10.024;13.78845357;BUY
2016-04-09T03:56:05.000000;2016-04-09T03:56:05.923000;6f75ff3d-c617-4ad6-b1f5-0c6bb2f9d5f0;10.05;0.9463;BUY
2016-04-09T03:56:05.000000;2016-04-09T03:56:06.023000;1aac12ce-a049-4b93-8db9-1e87af1663ef;10.05;8.20581143;SELL
2016-04-09T04:03:43.000000;2016-04-09T04:03:43.477000;eaaa610c-1913-482c-b5ed-84709d34d216;9.951;3.49550731;SELL
2016-04-09T04:03:44.000000;2016-04-09T04:03:44.517000;4cdb750a-0768-4776-9216-126fd5b918c8;9.951;13.91465637;SELL
2016-04-09T04:04:03.000000;2016-04-09T04:04:03.190000;3ffa51e8-fec2-4f96-a1e9-ae753e9f4717;9.951;3.18430275;SELL
2016-04-09T04:11:03.000000;2016-04-09T04:11:03.367000;3cfc9340-c6c4-4eab-8354-efe6d7ef0038;9.951;4.9;SELL
2016-04-09T04:29:34.000000;2016-04-09T04:29:34.160000;492d4bae-f578-49cf-a498-548c49859182;10.034;2.7109;BUY
2016-04-09T04:29:34.000000;2016-04-09T04:29:34.177000;2cc8c80c-ab74-496a-b744-14fe1b90e4f8;10.08;5.28483016;BUY
2016-04-09T04:29:34.000000;2016-04-09T04:29:34.183000;7dc0b17e-a3c2-4d4e-8f2a-ef71381b7e52;10.081;5.0;BUY
2016-04-09T04:29:34.000000;2016-04-09T04:29:34.213000;b75a5ffc-c062-46af-99fa-d4a20442220d;10.144;0.3505;BUY
2016-04-09T04:29:34.000000;2016-04-09T04:29:34.213000;2c3e7908-308a-4fc0-b0e6-d99acf6ce2b8;10.197;32.90843085;BUY
2016-04-09T04:29:43.000000;2016-04-09T04:29:43.643000;23e445f6-d2a3-446f-8b1a-ffd4a59561d4;10.148;9.27458548;BUY
2016-04-09T04:37:49.000000;2016-04-09T04:37:49.783000;04209708-522d-4ebb-804e-e28cde8546c2;10.104;2.690674;BUY
2016-04-09T04:37:49.000000;2016-04-09T04:37:49.800000;de5c8297-df39-4b84-a739-af2b8c12b5c2;10.119;2.309326;BUY
2016-04-09T04:37:58.000000;2016-04-09T04:37:58.167000;32d03351-0e33-4b03-86a9-cb431d6bacc9;10.1;4.85892322;SELL
2016-04-09T04:38:11.000000;2016-04-09T04:38:11.600000;319b4879-ec48-4c83-ab62-df5f1ca868e1;10.1;0.13721;SELL
2016-04-09T04:49:27.000000;2016-04-09T04:49:27.953000;b92d61ff-c0c3-4a49-b1df-04000ead4069;10.05;1.0;SELL
2016-04-09T04:49:27.000000;2016-04-09T04:49:27.967000;b11206e3-55b5-4da9-a8ec-4ac5a7619817;10.05;10.0;SELL
2016-04-09T04:49:28.000000;2016-04-09T04:49:28.297000;af1bb667-e0b1-4cb3-aa68-ac6c197a1984;10.04;5.0;SELL
2016-04-09T04:49:30.000000;2016-04-09T04:49:30.350000;0b14267f-fab6-4748-9ae0-4a24340981e0;10.02;5.0;SELL
2016-04-09T04:49:30.000000;2016-04-09T04:49:30.360000;e410c1e0-1dfd-464e-8523-5ac29c2284a7;10.02;4.0;SELL
2016-04-09T04:49:30.000000;2016-04-09T04:49:30.373000;e964b1c3-515f-422e-87c7-6fcf044041d3;10.009;2.797249;SELL
2016-04-09T04:49:30.000000;2016-04-09T04:49:30.397000;b566f9ef-35dd-457e-b71b-909899ca2cd6;10.0;2.02870823;SELL
2016-04-09T04:49:30.000000;2016-04-09T04:49:30.403000;8d996c5d-dd83-4b42-a030-0b448846ca42;10.0;13.8464745;SELL
2016-04-09T04:49:30.000000;2016-04-09T04:49:30.580000;a3b2bc43-83df-457b-ab91-f9962e2fa6ac;10.0;4.12481727;SELL
2016-04-09T05:12:02.000000;2016-04-09T05:12:02.977000;25153988-3827-4a13-96d5-1be70f6c4abd;9.951;90.0;SELL
2016-04-09T05:19:27.000000;2016-04-09T05:19:28.037000;4536ceaa-e2f3-4962-9682-bff5af4977b3;9.992;2.676297;BUY
2016-04-09T05:34:53.000000;2016-04-09T05:34:53.490000;365e9da8-9848-47e2-828a-ef41101c29b0;10.0;0.323703;SELL
2016-04-09T05:40:46.000000;2016-04-09T05:40:46.663000;cfe1bb25-f1cc-41de-86a0-ffb64864181e;9.951;0.6785;SELL
2016-04-09T05:50:29.000000;2016-04-09T05:50:29.543000;f7153a2b-d139-454b-ab26-01f08007f434;9.951;0.38169069;SELL
2016-04-09T05:54:13.000000;2016-04-09T05:54:13.823000;f541d057-5cc6-4127-9fed-7d13e5302a4d;9.951;0.51498862;SELL
2016-04-09T06:14:26.000000;2016-04-09T06:14:26.063000;7b83a7fb-88d0-4190-ba63-26f0d194325d;9.951;13.91465615;SELL
2016-04-09T07:06:29.000000;2016-04-09T07:06:29.167000;39682a0c-ee39-481f-921a-7d3376f58510;9.951;0.62874;SELL
2016-04-09T07:16:14.000000;2016-04-09T07:16:14.630000;4d22074d-b57f-417d-b675-46e846a2882c;9.951;11.2;SELL
2016-04-09T07:16:41.000000;2016-04-09T07:16:41.127000;474fdfd2-13e2-466c-aa92-ae93d895425e;9.9862;2.699536;BUY
2016-04-09T07:16:41.000000;2016-04-09T07:16:41.130000;2a9bfd0e-0374-4c02-aaae-263e84ce80e9;9.992;13.83261223;BUY
2016-04-09T07:16:41.000000;2016-04-09T07:16:41.167000;4d3941f3-71d8-4737-926e-e649030d8142;10.0;49.676297;BUY
2016-04-09T07:16:46.000000;2016-04-09T07:16:46.523000;38d1849f-664d-4187-a84a-2f22e8f8f677;10.0;40.1;SELL
2016-04-09T07:16:50.000000;2016-04-09T07:16:50.467000;a2b180cf-dc69-49d2-be63-cde92ca00c0a;10.03;13.78;SELL
2016-04-09T07:17:00.000000;2016-04-09T07:17:00.513000;79649787-f7be-474d-be8b-663dcb574bdf;10.049;11.0;BUY
2016-04-09T07:17:00.000000;2016-04-09T07:17:00.533000;895d880c-c447-4b87-8b26-b643276a798d;10.05;3.72734328;BUY
2016-04-09T07:17:00.000000;2016-04-09T07:17:00.537000;8acea095-be3b-4f7a-a42c-d1fee122075c;10.05;138.52265672;BUY
2016-04-09T07:17:01.000000;2016-04-09T07:17:01.597000;af55ab11-e33b-462b-8f12-6743edf5bce6;10.03;13.78;BUY
2016-04-09T07:17:01.000000;2016-04-09T07:17:01.613000;f2d881ec-0378-43e6-afb0-d28fdf261ca3;10.047;11.0;BUY
2016-04-09T07:17:01.000000;2016-04-09T07:17:01.637000;a559c331-69e2-4a4f-bf05-6d6d064f966d;10.05;0.47734328;BUY
2016-04-09T07:17:05.000000;2016-04-09T07:17:05.197000;4d4fbfd8-c077-43fc-8780-6e1db78ef5b2;10.05;13.75681792;SELL
2016-04-09T07:17:05.000000;2016-04-09T07:17:05.347000;c8cc115f-b1fa-444a-ad43-0c5543b4238b;10.05;11.0;SELL
2016-04-09T07:32:08.000000;2016-04-09T07:32:08.193000;70597506-401c-43da-ae1b-f1bdaef28185;9.986;3.7;SELL
2016-04-09T07:36:20.000000;2016-04-09T07:36:20.257000;c1cbd004-c742-4aae-b0cc-abd0b2d16e17;9.951;0.00341301;SELL
2016-04-09T07:36:20.000000;2016-04-09T07:36:20.267000;710fc49b-2396-4158-8164-265998d726ea;9.95;2.74658699;SELL
2016-04-09T07:36:21.000000;2016-04-09T07:36:21.163000;57550b65-e2e1-4be2-b37e-95a729a47530;9.95;0.00341301;SELL
2016-04-09T07:38:18.000000;2016-04-09T07:38:18.657000;07c091c0-d2cc-45d7-af9f-df8b2e534c86;9.955;1.5;BUY
2016-04-09T07:46:59.000000;2016-04-09T07:46:59.207000;eaae7867-b5d6-43cb-91d7-305cd1bf0e9e;9.9173;2.71;SELL
2016-04-09T08:04:13.000000;2016-04-09T08:04:13.153000;c84cb312-6014-40dc-b700-0c8b6c76aa12;9.9173;0.003347;SELL
2016-04-09T08:04:13.000000;2016-04-09T08:04:13.163000;5b445f4a-47cd-479c-9fee-acf9e87d55d2;9.91;13.96887515;SELL
2016-04-09T08:04:13.000000;2016-04-09T08:04:13.757000;af5459be-4876-4d7f-9006-55c53b3ed0f8;9.91;1.24764375;SELL
2016-04-09T08:04:15.000000;2016-04-09T08:04:15.417000;bea6d8fa-6152-45a8-b2cb-ae88dcb57e9c;9.91;13.97222232;SELL
2016-04-09T08:13:50.000000;2016-04-09T08:13:50.233000;71cafbf9-54ec-49a4-b9e5-6c9e62eca356;9.91;3.01390543;SELL
2016-04-09T08:27:01.000000;2016-04-09T08:27:01.283000;093d7a04-5524-4c0f-b6ee-6b3b09c86fbd;9.91;0.75644806;SELL
2016-04-09T08:29:48.000000;2016-04-09T08:29:48.753000;eca63343-3885-4649-8587-b98e3d7b77f1;9.91;0.59949294;SELL
2016-04-09T08:49:42.000000;2016-04-09T08:49:42.923000;d4864748-7328-46dc-816d-d5a766ffb0cf;9.91;0.41166932;SELL
2016-04-09T09:01:46.000000;2016-04-09T09:01:46.600000;a67ec65f-7eab-4902-86a6-7e3b2f2bd297;9.91;1.21096821;SELL
2016-04-09T09:01:51.000000;2016-04-09T09:01:51.053000;abe3a444-eddd-4f88-82ca-62f2a3b7b4ca;9.91;0.71653212;SELL
2016-04-09T09:01:54.000000;2016-04-09T09:01:54.123000;8a67ad4b-243a-40e8-a31a-f36c5313852d;9.91;0.71653212;SELL
2016-04-09T09:13:56.000000;2016-04-09T09:13:56.960000;83fd9cfe-704d-4d8b-a887-d655cac88dfe;9.91;1.73503041;SELL
2016-04-09T09:15:10.000000;2016-04-09T09:15:10.990000;c0984dbb-0a55-4641-bdf1-eaf21018616a;9.91;5.36002505;SELL
2016-04-09T09:25:00.000000;2016-04-09T09:25:00.120000;774feb39-2796-49bc-8e76-4f98a38786a4;9.91;0.78057262;SELL
2016-04-09T10:33:48.000000;2016-04-09T10:33:48.493000;5abb9720-057d-46ec-af13-924374e6e01e;9.91;5.51;SELL
2016-04-09T10:33:49.000000;2016-04-09T10:33:49.377000;2da6280d-abca-4f04-8974-c10583a7b73f;9.91;8.25e-05;SELL
2016-04-09T10:35:41.000000;2016-04-09T10:35:41.623000;98898583-a479-4404-88e9-5bd2caec318d;9.92;6.4783;BUY
2016-04-09T10:39:44.000000;2016-04-09T10:39:44.750000;56f24642-ec1b-40ec-96c6-d44d9c0ca2d0;9.866;4.55641835;SELL
2016-04-09T10:39:45.000000;2016-04-09T10:39:46.010000;3a2aea4b-1f59-4bb5-8cd9-165dcd868b69;9.862;0.55351983;SELL
2016-04-09T10:39:49.000000;2016-04-09T10:39:49.713000;0030a137-84f6-4414-bf99-0ff81eaf89f3;9.862;8.78791308;SELL
2016-04-09T10:39:50.000000;2016-04-09T10:39:50.287000;e82f22af-c86f-4a60-93f6-a9a68d60ad94;9.861;9.34238022;SELL
2016-04-09T10:39:50.000000;2016-04-09T10:39:50.897000;3916093a-1dea-46c8-95df-8bbabd70c132;9.8599;2.724279;SELL
2016-04-09T10:39:50.000000;2016-04-09T10:39:50.907000;37dde993-2052-4b6e-8f2a-021ee3053523;9.859;9.34427542;SELL
2016-04-09T10:39:52.000000;2016-04-09T10:39:52.110000;e4f2f0f1-4b68-4a8d-9e37-3893541aeaeb;9.85;4.69838227;SELL
2016-04-09T10:39:53.000000;2016-04-09T10:39:53.197000;d347f891-19dc-4932-8273-b055aa45be12;9.85;45.30161773;SELL
2016-04-09T10:41:53.000000;2016-04-09T10:41:53.517000;cd5077b7-66d3-4dcf-87ca-294dd5f81d65;9.821;0.3503;SELL
2016-04-09T10:44:03.000000;2016-04-09T10:44:03.247000;f8e85713-54dc-4e7d-b9fb-f91d04511fe5;9.821;4.7769;SELL
2016-04-09T10:44:10.000000;2016-04-09T10:44:10.587000;32f9df9c-a49f-4c1c-ae1c-426602616ec5;9.82;0.3503;BUY
2016-04-09T10:44:10.000000;2016-04-09T10:44:10.600000;7e027cb1-f5a7-4861-9041-531c83d8fb71;9.829;2.6497;BUY
2016-04-09T10:44:16.000000;2016-04-09T10:44:16.497000;e26d4eba-a2b6-416a-b248-92d347939502;9.791;1.10764846;SELL
2016-04-09T10:44:54.000000;2016-04-09T10:44:54.533000;f3bb2789-1c49-44c9-b5c4-1cc843fd5944;9.824;3.2701;BUY
2016-04-09T10:50:09.000000;2016-04-09T10:50:09.260000;082186c7-a4dc-4045-8a1a-a60a3a602602;9.824;1.0;BUY
2016-04-09T11:07:05.000000;2016-04-09T11:07:05.683000;b06f979b-4214-4c06-b1b0-915d78840b2b;9.804;1.0;SELL
2016-04-09T11:07:05.000000;2016-04-09T11:07:05.687000;ce2f02e5-c2a0-4da1-a906-dd847bbc6ad9;9.8;9.09798;SELL
2016-04-09T11:12:50.000000;2016-04-09T11:12:50.807000;581899dc-a43e-4f87-a9f2-d0c54c7859e9;9.8;6.47929179;SELL
2016-04-09T11:12:51.000000;2016-04-09T11:12:51.630000;95020f86-9dae-4952-8c8d-23b9a6d5753d;9.8;70.76;SELL
2016-04-09T11:12:52.000000;2016-04-09T11:12:52.720000;2d6f4292-0a89-466d-b7f1-4d5149c45fe1;9.8;13.66272821;SELL
2016-04-09T11:12:52.000000;2016-04-09T11:12:52.727000;1f35129c-465f-45af-8d2c-8da4adfb8999;9.8;2.0;SELL
2016-04-09T11:12:57.000000;2016-04-09T11:12:57.517000;86f57319-7395-43e4-b81f-c94f7fcdebab;9.791;2.09582439;SELL
2016-04-09T11:13:00.000000;2016-04-09T11:13:01.147000;f744c8dc-d992-4063-aa39-7fe99b6663c3;9.791;3.38185229;SELL
2016-04-09T11:13:02.000000;2016-04-09T11:13:02.653000;fcaa5856-faee-4e4f-9200-0db9046a1cae;9.791;2.82384771;SELL
2016-04-09T11:13:02.000000;2016-04-09T11:13:02.657000;10bca9e6-ef84-4321-b754-d63b7e62031b;9.789;9.41109525;SELL
2016-04-09T11:14:41.000000;2016-04-09T11:14:41.153000;d280d063-f505-4247-8b3b-6fdd40791685;9.761;1.0;SELL
2016-04-09T11:14:41.000000;2016-04-09T11:14:41.160000;a2a2d9bd-5021-49d1-b0db-466ba108ed07;9.75;12.20038459;SELL
2016-04-09T11:16:29.000000;2016-04-09T11:16:29.513000;37e9a51d-b57d-4b41-af08-71c869f87c39;9.75;0.7548621;SELL
2016-04-09T11:16:44.000000;2016-04-09T11:16:44.330000;3f62358e-90d4-4b17-bef5-259b07eed8ba;9.75;2.26958775;SELL
2016-04-09T11:16:57.000000;2016-04-09T11:16:57.970000;5c99830c-0ddd-43aa-8dae-c4e0f572c4c5;9.75;34.77516556;SELL
2016-04-09T11:19:24.000000;2016-04-09T11:19:24.353000;94d68baa-206b-4248-a3c0-4a391b584875;9.72;6.39862137;SELL
2016-04-09T11:20:30.000000;2016-04-09T11:20:30.670000;9e32924a-cfb1-4ba8-ad81-7d1dd6472811;9.72;0.72809792;SELL
2016-04-09T11:20:33.000000;2016-04-09T11:20:33.930000;63b8a046-2ca2-4a68-9949-64630cc1f72c;9.72;0.72809792;SELL
2016-04-09T11:22:00.000000;2016-04-09T11:22:00.460000;0cbb6e08-6281-4634-b3ae-df3df7108bd6;9.72;6.5397154;SELL
2016-04-09T11:22:04.000000;2016-04-09T11:22:04.130000;e4bd45b4-1de2-4f7e-a6f7-3ee37f39fee3;9.72;5.47072343;SELL
2016-04-09T11:22:07.000000;2016-04-09T11:22:07.610000;2ec6bb82-fe05-433f-a2e6-0a46957c063a;9.72;0.68576384;SELL
2016-04-09T11:25:42.000000;2016-04-09T11:25:42.487000;60c5fd72-32ef-4651-8cc5-18737921b719;9.72;29.44898012;SELL
2016-04-09T11:25:42.000000;2016-04-09T11:25:42.500000;332ae29a-39f3-4014-b402-cae6c423fc4a;9.7;71.08820581;SELL
2016-04-09T11:37:34.000000;2016-04-09T11:37:34.447000;68f2b2ad-9c5b-4508-94eb-bfc85d8baaeb;9.7;26.53;SELL
2016-04-09T11:37:37.000000;2016-04-09T11:37:37.577000;ddc1e435-eea4-4ecb-9d1a-0053de2ad0d6;9.7;2.38179419;SELL
2016-04-09T11:42:18.000000;2016-04-09T11:42:18.397000;969140b9-a012-4fbe-8b01-16f2e4af4b55;9.676;2.38179419;BUY
2016-04-09T11:42:18.000000;2016-04-09T11:42:18.417000;4ada6629-c2b4-4b76-b67f-2ed6f9267fb9;9.677;103.552;BUY
2016-04-09T12:28:06.000000;2016-04-09T12:28:06.480000;7760ab6f-aafc-41b2-83b0-c633d5747272;9.6768;1.0;SELL
2016-04-09T13:00:08.000000;2016-04-09T13:00:08.443000;4ab251de-406c-4f13-a7c3-12f67432d9fa;9.746;59.1882;BUY
2016-04-09T13:07:34.000000;2016-04-09T13:07:34.253000;f86fa56c-54e5-4679-9356-dbe0e5ed340b;9.696;1.0;BUY
2016-04-09T13:08:49.000000;2016-04-09T13:08:50.117000;7defed98-38af-4143-bd22-85dcd6b93936;9.696;20.0;BUY
2016-04-09T13:09:08.000000;2016-04-09T13:09:08.930000;21389dc9-46e6-47c8-bf20-c8599aeed474;9.6851;2.52480511;SELL
2016-04-09T13:10:06.000000;2016-04-09T13:10:06.287000;a244da84-a268-4f8f-9948-936b7201a752;9.6851;0.26669889;SELL
2016-04-09T13:11:42.000000;2016-04-09T13:11:42.177000;da90a2a9-1de0-4b92-9f76-eed19ebb206e;9.684;10.0;BUY
2016-04-09T13:11:45.000000;2016-04-09T13:11:46.003000;a050ad38-cc92-411e-abc4-17985bd7e94f;9.684;10.0;BUY
2016-04-09T13:12:06.000000;2016-04-09T13:12:06.633000;6a2444f3-fc8f-458d-8033-29e33518c6c8;9.6794;1.70619805;SELL
2016-04-09T13:12:07.000000;2016-04-09T13:12:07.043000;0ec6d2fc-ee6e-4554-bc3e-ec55914a7fb0;9.6794;18.29380195;SELL
2016-04-09T13:12:10.000000;2016-04-09T13:12:10.310000;99e6fce4-a5e9-41a5-bee3-be5fc5f37a81;9.67;3.85606932;SELL
2016-04-09T13:12:15.000000;2016-04-09T13:12:15.377000;8e2510bd-2ddb-490c-a89d-d1c61c8166bf;9.67;3.85606932;SELL
2016-04-09T13:12:17.000000;2016-04-09T13:12:17.553000;3945ea90-0140-40da-b990-01d70e02e66d;9.678;2.0;BUY
2016-04-09T13:12:18.000000;2016-04-09T13:12:18.987000;da42cb62-bf6c-4c09-a24e-96c168aa14ad;9.67;3.85606932;SELL
2016-04-09T13:12:22.000000;2016-04-09T13:12:22.940000;20400217-79e3-453e-abc3-0294e1cc0716;9.67;3.85606932;SELL
2016-04-09T13:12:25.000000;2016-04-09T13:12:25.640000;bf775c27-867c-4f9f-b2ed-ed3c7e0b3477;9.67;21.11;SELL
2016-04-09T13:12:26.000000;2016-04-09T13:12:26.093000;8036bbc9-b6f1-4f5a-a419-8bf0eb32c232;9.67;3.85606932;SELL
2016-04-09T13:12:26.000000;2016-04-09T13:12:26.660000;03980b1e-4541-453b-887c-1034c3fcc7b5;9.67;59.6096534;SELL
2016-04-09T13:14:03.000000;2016-04-09T13:14:03.063000;5192d262-662c-4b4d-8f23-dafc329b68d7;9.65;4.75981411;SELL
2016-04-09T13:14:06.000000;2016-04-09T13:14:06.300000;8f06f5bc-1322-4e21-b254-9e6baf720dec;9.65;4.50082549;SELL
2016-04-09T13:14:10.000000;2016-04-09T13:14:10.260000;b8c74272-1e41-4cc0-b1ee-60c35fb5ea12;9.65;4.50154306;SELL
2016-04-09T13:14:14.000000;2016-04-09T13:14:15.013000;04f52bf3-f6ed-4782-a666-fc2ef1a1f57a;9.65;4.50154306;SELL
2016-04-09T13:14:17.000000;2016-04-09T13:14:18.047000;51f2dc65-3428-401c-9bb6-d1e514fec58c;9.65;4.50154306;SELL
2016-04-09T13:14:22.000000;2016-04-09T13:14:22.273000;2c845aaa-5187-4e89-9c75-e8e2a04d6e8e;9.65;4.50154306;SELL
2016-04-09T13:14:25.000000;2016-04-09T13:14:26.027000;ed531d4a-d981-4483-b635-01cd5b9e8633;9.65;4.50226063;SELL
2016-04-09T13:14:29.000000;2016-04-09T13:14:29.663000;6cbbe167-97de-4229-83b1-be9f36752ba0;9.65;4.50154306;SELL
2016-04-09T13:14:33.000000;2016-04-09T13:14:33.430000;aeccfb7f-1d4e-43da-b2b1-e682253ffc2b;9.65;4.42897869;SELL
2016-04-09T13:14:33.000000;2016-04-09T13:14:33.470000;36416f62-51fa-4e6a-be1a-57f28e0183e7;9.65;5.28178308;SELL
2016-04-09T13:14:34.000000;2016-04-09T13:14:34.067000;dd1aa0de-4a9a-4822-a083-6686fcd9b633;9.65;5.28178348;SELL
2016-04-09T13:14:34.000000;2016-04-09T13:14:35.033000;d96f9e2b-e6b6-452c-8e35-d4922c7f0373;9.65;7.92021294;SELL
2016-04-09T13:14:35.000000;2016-04-09T13:14:35.097000;d42793f4-c8e9-4b53-889a-bd0f0102ce0a;9.65;7.89975362;SELL
2016-04-09T13:14:35.000000;2016-04-09T13:14:35.140000;f9faeb23-0785-4796-a8f3-2f9857ddf89c;9.65;5.29130975;SELL
2016-04-09T13:14:36.000000;2016-04-09T13:14:36.090000;f7554a90-36e9-4191-9403-21fa96bca264;9.652;7.90273522;BUY
2016-04-09T13:14:36.000000;2016-04-09T13:14:36.367000;3b24b916-92b0-4048-90ae-fa3ddcb7c402;9.65;27.62556291;SELL
2016-04-09T13:15:08.000000;2016-04-09T13:15:08.503000;130c33e5-f32b-42a4-847c-2f65caf88502;9.62;10.6973252;SELL
2016-04-09T13:15:36.000000;2016-04-09T13:15:36.543000;6cab8769-75a2-4e56-b033-497afa446c9d;9.62;10.48375655;SELL
2016-04-09T13:19:44.000000;2016-04-09T13:19:44.183000;fe381293-35b5-4b28-9a8c-727bcbc81ebf;9.62;7.94738182;SELL
2016-04-09T13:19:47.000000;2016-04-09T13:19:47.270000;e6bce5fd-1a0f-43f4-9df4-7c0661e6dc19;9.63;0.1966;BUY
2016-04-09T13:19:47.000000;2016-04-09T13:19:47.390000;e9e8fa19-35df-4cc4-97a3-6421ad04eb0e;9.63;7.92325115;BUY
2016-04-09T13:22:46.000000;2016-04-09T13:22:46.480000;3e33a38c-5170-478e-b792-850d76a4a376;9.646;7.92267495;BUY
2016-04-09T13:22:46.000000;2016-04-09T13:22:46.490000;cc753f74-3e27-4e88-b0e6-25c6a5244552;9.646;7.92021294;BUY
2016-04-09T13:22:46.000000;2016-04-09T13:22:46.497000;e1711cdd-cd5a-4b0b-b507-7426a24d13a8;9.646;5.16301211;BUY
2016-04-09T13:28:23.000000;2016-04-09T13:28:23.373000;f65dd80b-77a7-4aa9-ab1b-7e846a859c04;9.649;5.29130975;BUY
2016-04-09T13:31:22.000000;2016-04-09T13:31:22.137000;9a64178f-5e47-4840-b07b-22de8a9b210a;9.65;4.42897869;BUY
2016-04-09T13:31:22.000000;2016-04-09T13:31:22.143000;7cf70734-4508-4416-9969-62fec1682b9e;9.65;3.51124902;BUY
2016-04-09T13:31:22.000000;2016-04-09T13:31:22.147000;bd3d9d11-7d9e-4280-ae1a-39ad0da89fcf;9.65;2.41843963;BUY
2016-04-09T13:31:22.000000;2016-04-09T13:31:22.363000;b6c40b3c-4d95-4474-ae52-25e9a0424b82;9.653;1.64133266;BUY
2016-04-09T13:32:07.000000;2016-04-09T13:32:07.203000;03349fce-04b7-482a-95e4-7f7d3b0a7587;9.653;6.26462105;BUY
2016-04-09T13:32:07.000000;2016-04-09T13:32:07.217000;75c31a2f-8aba-41ff-9108-5965c2f62e58;9.653;7.90595371;BUY
2016-04-09T13:32:07.000000;2016-04-09T13:32:07.220000;e66fcbf9-5f9e-40af-9263-8b58c7c219a4;9.654;7.90513478;BUY
2016-04-09T13:32:07.000000;2016-04-09T13:32:07.253000;1fa4469b-c381-4fe8-be2e-736d551ab71c;9.678;2.92429046;BUY
2016-04-09T13:35:52.000000;2016-04-09T13:35:52.550000;58c19204-b332-4c55-a992-4d8d5a178c60;9.649;2.91900672;SELL
2016-04-09T13:36:01.000000;2016-04-09T13:36:01.297000;ecf541b4-21d0-46d9-b11a-45665cee7713;9.649;1.78968353;SELL
2016-04-09T13:45:31.000000;2016-04-09T13:45:31.993000;f5aa0859-63b9-4b56-91dc-504d334e7a12;9.62;38.55;SELL
2016-04-09T13:45:36.000000;2016-04-09T13:45:36.797000;b56cc7d6-e277-464a-86c3-24d595914136;9.62;11.79;SELL
2016-04-09T13:45:38.000000;2016-04-09T13:45:38.900000;65c869d4-2881-450a-b056-03ed7b7adba2;9.62;35.43233643;SELL
2016-04-09T13:45:41.000000;2016-04-09T13:45:41.907000;387c3715-4877-4ed5-bd5b-8fd04a17c0bd;9.6;2.0;SELL
2016-04-09T13:45:41.000000;2016-04-09T13:45:41.923000;e0e8621b-199c-458f-a668-7eb283f46e92;9.6;8.0;SELL
2016-04-09T15:06:04.000000;2016-04-09T15:06:04.370000;73aa3a7a-0102-4be7-a842-150bde61a25b;9.631;0.6532;BUY
2016-04-09T15:23:08.000000;2016-04-09T15:23:08.990000;d259eca3-e781-4dd4-b2de-09063efc0ab6;9.6;2.38634727;SELL
2016-04-09T15:23:10.000000;2016-04-09T15:23:10.517000;8b1de194-ab5f-4f18-8347-d3027eb954ba;9.6;7.96393884;SELL
2016-04-09T15:23:12.000000;2016-04-09T15:23:12.393000;bda0c6d6-2dfe-4e8d-9977-1679013efeb3;9.6;1.30829933;SELL
2016-04-09T15:23:24.000000;2016-04-09T15:23:24.690000;69a8aa17-4cef-45f4-835f-01894f1ea510;9.6;5.168966;SELL
2016-04-09T15:23:27.000000;2016-04-09T15:23:27.453000;9105f8f0-de19-4503-9a57-a8e58ea179e9;9.6;7.96393919;SELL
2016-04-09T15:23:28.000000;2016-04-09T15:23:28.767000;2b72dbba-517e-4724-839b-b54e600ed1e2;9.6;7.96393919;SELL
2016-04-09T15:23:32.000000;2016-04-09T15:23:32.717000;7bf37cae-8481-4d46-897e-cd961074c31f;9.6;5.37939916;SELL
2016-04-09T15:23:36.000000;2016-04-09T15:23:36.457000;957297a8-47fc-4248-ba94-67ad65c1b335;9.6;1.34155679;SELL
2016-04-09T15:23:39.000000;2016-04-09T15:23:39.283000;ad087f5b-783a-446a-ab35-621332e94e75;9.6;6.188762;SELL
2016-04-09T15:23:40.000000;2016-04-09T15:23:40.170000;6f8d30bf-34fa-40a8-9910-164ea4335370;9.6;0.9107404;SELL
2016-04-09T15:23:41.000000;2016-04-09T15:23:41.733000;c11114a9-c5ee-45cb-948c-91a0d47c483b;9.6;6.188762;SELL
2016-04-09T15:23:44.000000;2016-04-09T15:23:44.160000;11170be3-9293-4cab-8085-0450451d5679;9.6;2.14686677;SELL
2016-04-09T15:23:49.000000;2016-04-09T15:23:49.937000;2fb769ef-edc4-4c3d-9c3d-dc601c7850c4;9.6;4.28323179;SELL
2016-04-09T15:24:02.000000;2016-04-09T15:24:02.700000;65033051-16f9-4059-86f2-55d302259166;9.6;2.70428867;SELL
2016-04-09T15:24:06.000000;2016-04-09T15:24:06.967000;9e5a8a9c-1ec0-4cb9-b11c-5c030e040b6a;9.6;3.66836677;SELL
2016-04-09T15:24:12.000000;2016-04-09T15:24:12.240000;792d3e2e-a3e8-46e2-b8c5-a4027160ba36;9.6;4.07588419;SELL
2016-04-09T15:24:15.000000;2016-04-09T15:24:15.903000;8097bf43-9acf-41ad-abda-c77ab8e4c0c1;9.6;4.07588419;SELL
2016-04-09T15:24:20.000000;2016-04-09T15:24:20.213000;5e75be01-51c1-47ee-90e1-fbcd06ef485e;9.6;4.07588419;SELL
2016-04-09T15:24:23.000000;2016-04-09T15:24:23.500000;5de61ac1-31e3-4e80-a0ae-25c284cec86f;9.6;4.07588419;SELL
2016-04-09T15:24:27.000000;2016-04-09T15:24:27.423000;afe63418-73cc-4f97-bbf6-f475a9b4d949;9.6;3.18933678;SELL
2016-04-09T15:24:33.000000;2016-04-09T15:24:33.110000;b5456f64-a4d4-452c-ac68-81a1c3024ca1;9.6;3.71452434;SELL
2016-04-09T15:24:36.000000;2016-04-09T15:24:36.653000;42dff332-e96c-41b7-9c80-03e11fc3c092;9.6;3.57006883;SELL
2016-04-09T15:24:40.000000;2016-04-09T15:24:40.820000;f3b501cd-d10a-4d26-9538-b6159a5b424d;9.6;0.44334457;SELL
2016-04-09T15:24:45.000000;2016-04-09T15:24:45.320000;3a28054a-4a71-4d66-b6f7-3d4365d15381;9.6;3.42566383;SELL
2016-04-09T15:24:50.000000;2016-04-09T15:24:50.650000;64bdad31-245f-4646-b695-86ef4089829d;9.6;3.83636249;SELL
2016-04-09T15:24:52.000000;2016-04-09T15:24:52.847000;88138144-0f99-449b-aee3-f841c4b00e34;9.6;7.96393919;SELL
2016-04-09T15:24:53.000000;2016-04-09T15:24:53.557000;c54ce04e-8958-4732-83b0-4aa86c32f732;9.6;1.30829933;SELL
2016-04-09T15:24:53.000000;2016-04-09T15:24:53.913000;82cd008d-af19-44b7-a5f4-e428bfbf4de1;9.6;3.83328952;SELL
2016-04-09T15:24:55.000000;2016-04-09T15:24:55.717000;6a298824-9bad-4bcc-b347-4d7a0e80b6d8;9.6;7.96393919;SELL
2016-04-09T15:24:57.000000;2016-04-09T15:24:57.623000;213d0804-15f5-427b-b90f-ce318c7ff424;9.6;4.43828381;SELL
2016-04-09T15:25:00.000000;2016-04-09T15:25:00.900000;1e032c3c-d9c5-4e1c-bd11-31c9b7234a96;9.6;4.43756015;SELL
2016-04-09T15:25:03.000000;2016-04-09T15:25:03.060000;d8bc8828-7ed3-4e10-9382-5ecdb6b07d4e;9.6;7.96393919;SELL
2016-04-09T15:25:04.000000;2016-04-09T15:25:04.190000;6ac04ee9-a9de-4509-8b23-36851ca9c6d2;9.6;7.96393919;SELL
2016-04-09T15:25:05.000000;2016-04-09T15:25:05.433000;bde7dc30-716b-41e8-83da-3bf25f85d507;9.6;146.07656866;SELL
2016-04-09T15:25:05.000000;2016-04-09T15:25:05.450000;95ae8753-07e5-4dd9-b8fa-f682eb00e925;9.6;103.75343134;SELL
2016-04-09T15:25:05.000000;2016-04-09T15:25:05.520000;39435af8-ee93-443c-923c-5d6fe0abc764;9.6;0.00396866;SELL
2016-04-09T15:31:29.000000;2016-04-09T15:31:29.460000;2263ccc8-6759-4345-8f66-67ce5b69ec9c;9.579;1.95285808;BUY
2016-04-09T15:31:31.000000;2016-04-09T15:31:31.537000;d3dbbc16-ed26-4f34-bb25-459a66aee829;9.579;1.95285808;BUY
2016-04-09T15:31:44.000000;2016-04-09T15:31:44.103000;d99d77c6-3fc5-499c-be5e-d8f2d34ddc42;9.579;101.19358384;BUY
2016-04-09T15:31:44.000000;2016-04-09T15:31:44.113000;dbaa9f30-5b72-42ec-a86f-a75b57896500;9.579;73.05010414;BUY
2016-04-09T15:31:44.000000;2016-04-09T15:31:44.127000;e84ce32a-71b6-4b6a-9de9-b9ff9ac496fe;9.599;7.9504294;BUY
2016-04-09T15:31:44.000000;2016-04-09T15:31:44.150000;0b23fc91-08af-4900-8f36-a216cb3079d0;9.6;7.21571702;BUY
2016-04-09T15:31:44.000000;2016-04-09T15:31:44.150000;7c76a3f3-e409-4b66-8145-5b0afa01c1ec;9.623;0.3503;BUY
2016-04-09T15:31:44.000000;2016-04-09T15:31:44.560000;3a5fc5b2-b058-428e-849b-159b49ea3ecd;9.63;2.2398656;SELL
2016-04-09T15:43:28.000000;2016-04-09T15:43:28.390000;0323ac37-4519-480e-a772-55aef721153d;9.55;1.1;SELL
2016-04-09T15:45:06.000000;2016-04-09T15:45:06.680000;4fa71f08-a5cf-4991-ae83-f14422fde9ba;9.56;0.56797753;SELL
2016-04-09T15:45:10.000000;2016-04-09T15:45:10.643000;10b0446f-8ebb-49ed-878b-d58ccecaf247;9.56;2.34305403;SELL
2016-04-09T15:45:14.000000;2016-04-09T15:45:14.297000;f0e3277b-f97a-43a3-bbb9-3c9562f22bfb;9.56;1.34203871;SELL
2016-04-09T15:45:49.000000;2016-04-09T15:45:49.257000;10b564be-1e0b-48c3-8188-6122543573a6;9.57;0.42571981;BUY
2016-04-09T15:46:01.000000;2016-04-09T15:46:01.127000;861c3e28-5cbf-4146-9f7a-7ba4c9c45323;9.57;2.64669857;SELL
2016-04-09T15:46:06.000000;2016-04-09T15:46:06.293000;be65fd6d-36eb-452b-b884-aca43a3afcce;9.57;1.92758162;SELL
2016-04-09T15:47:57.000000;2016-04-09T15:47:57.283000;01a15595-7b17-47cc-a04f-05912454b90a;9.56;1.98977831;SELL
2016-04-09T15:48:14.000000;2016-04-09T15:48:14.937000;06c48911-d890-4947-8ed4-629738dec71f;9.56;0.74989801;SELL
2016-04-09T15:48:17.000000;2016-04-09T15:48:17.357000;7c71e346-7401-4a66-978a-82bcf0301200;9.56;1.719656;SELL
2016-04-09T15:48:31.000000;2016-04-09T15:48:31.687000;2848bda0-bfc4-4017-8127-8c88c11e1d38;9.56;0.9998;SELL
2016-04-09T15:48:32.000000;2016-04-09T15:48:32.800000;4ba76f20-049f-47f9-b3d0-313faddce4c5;9.56;2.27319361;SELL
2016-04-09T15:48:36.000000;2016-04-09T15:48:36.883000;f9bdbe49-f58a-4807-94f3-fba3c0b396b5;9.56;1.67315492;SELL
2016-04-09T15:48:57.000000;2016-04-09T15:48:57.600000;9a0bfb4b-7aa2-436a-9f58-f55da147b97f;9.56;1.38035433;SELL
2016-04-09T15:50:20.000000;2016-04-09T15:50:20.943000;65dd8a3b-3dc5-44a4-a376-a85f983d7356;9.56;2.96364389;SELL
2016-04-09T15:50:25.000000;2016-04-09T15:50:25.327000;33fdba41-e49a-4101-8eda-7d73ca0bc4e7;9.56;21.99745066;SELL
2016-04-09T15:50:57.000000;2016-04-09T15:50:57.693000;56999017-28ac-4368-93fc-ea60219a35b5;9.55;8.00469079;SELL
2016-04-09T15:50:59.000000;2016-04-09T15:50:59.223000;342d165d-a063-44f4-a778-0bd053819eaf;9.55;80.75;SELL
2016-04-09T15:51:01.000000;2016-04-09T15:51:01.450000;ebe33f4f-4bea-4f35-bbc2-32c2454c4044;9.55;239.08;SELL
2016-04-09T15:52:07.000000;2016-04-09T15:52:07.953000;cfadb1ee-3ec5-4853-a560-ae496c91a19e;9.55;3.0366185;SELL
2016-04-09T15:52:11.000000;2016-04-09T15:52:11.363000;ea6067bf-a10a-42b5-bc61-80abc4cbb550;9.55;3.40192344;SELL
2016-04-09T15:52:12.000000;2016-04-09T15:52:12.937000;be4e2ff4-a3c4-4022-9515-514c255e1473;9.55;65.72676727;SELL
2016-04-09T15:53:00.000000;2016-04-09T15:53:00.217000;4c7d4195-e841-452d-80d2-6758ad38fac3;9.54;3.4944684;SELL
2016-04-09T15:53:05.000000;2016-04-09T15:53:05.997000;7de9f9da-8a03-4953-9337-f86d2299ad8e;9.54;3.4944684;SELL
2016-04-09T15:53:10.000000;2016-04-09T15:53:10.497000;e4115c5f-28a3-4e3e-8b73-3f3266547795;9.54;3.4944684;SELL
2016-04-09T15:53:13.000000;2016-04-09T15:53:13.880000;e2729ac3-99ff-4785-99b8-8a44a466972c;9.54;3.4944684;SELL
2016-04-09T15:53:39.000000;2016-04-09T15:53:39.487000;2d492964-5c68-46fd-899b-aff26a00de27;9.54;2.39698682;SELL
2016-04-09T15:53:43.000000;2016-04-09T15:53:43.717000;b45a8629-6123-43e1-8287-d151ab625c30;9.54;2.39698682;SELL
2016-04-09T15:53:46.000000;2016-04-09T15:53:46.927000;b507c40c-d006-4a17-9b1a-b5c120115748;9.54;2.39698682;SELL
2016-04-09T15:53:50.000000;2016-04-09T15:53:50.190000;a31c033e-9f87-4404-9991-fcaf4ff92478;9.54;2.39698682;SELL
2016-04-09T15:53:53.000000;2016-04-09T15:53:53.487000;2684af7e-410c-47a3-8e40-236d4c38df0b;9.54;2.39698682;SELL
2016-04-09T15:53:57.000000;2016-04-09T15:53:57.163000;ef6596a9-5a0d-4ec7-8465-e4b043d48a3e;9.54;2.39698682;SELL
2016-04-09T15:54:00.000000;2016-04-09T15:54:01.057000;5de7ceac-08b4-4eae-9c53-29da5894b977;9.54;2.39698682;SELL
2016-04-09T15:54:04.000000;2016-04-09T15:54:04.670000;4ce357a1-0079-4c9c-9105-838f33059c60;9.54;4.89556682;SELL
2016-04-09T15:54:07.000000;2016-04-09T15:54:08.007000;7e0b8cf1-d819-432b-b754-38313d5a40f6;9.54;1.8945;SELL
2016-04-09T15:54:11.000000;2016-04-09T15:54:11.413000;06735e22-4420-4e0a-bfc4-0189e86cebaf;9.54;6.87821695;SELL
2016-04-09T15:54:16.000000;2016-04-09T15:54:16.557000;5890343b-5aa0-4656-998e-40f74d6c4b23;9.54;6.87821695;SELL
2016-04-09T15:54:17.000000;2016-04-09T15:54:17.033000;52cde795-9650-44e6-85b1-537b1714ebd1;9.54;286.57;SELL
2016-04-09T15:54:18.000000;2016-04-09T15:54:18.587000;bbe86885-b498-489c-93e3-6dcc19a13bd0;9.54;74.09;SELL
2016-04-09T15:54:23.000000;2016-04-09T15:54:23.713000;48886753-e5a7-4ff9-9419-381ccbf15ebe;9.54;6.87821695;SELL
2016-04-09T15:54:24.000000;2016-04-09T15:54:24.423000;237d602b-85f8-4894-b71b-21cc933509a8;9.54;41.09978024;SELL
2016-04-09T15:54:25.000000;2016-04-09T15:54:25.617000;eb23e99b-87ce-40ce-a28b-77185b97fa0d;9.54;9.1359524;SELL
2016-04-09T15:54:25.000000;2016-04-09T15:54:25.730000;51793c46-f92a-4709-afe1-80e807fb4547;9.54;30.92276835;SELL
2016-04-09T15:54:43.000000;2016-04-09T15:54:43.930000;3ca64dc3-37e1-48d9-a8a3-8fb1d7d6ccd0;9.5112;2.21707678;SELL
2016-04-09T15:54:45.000000;2016-04-09T15:54:45.387000;243b63f2-0c6f-4405-ab9e-d27a72282986;9.5112;2.92832322;SELL
2016-04-09T15:54:45.000000;2016-04-09T15:54:45.400000;73670253-fd9d-4c84-9800-b0838cd63d11;9.51;1.0;SELL
2016-04-09T15:54:45.000000;2016-04-09T15:54:45.417000;38eeb0f6-3a21-445e-a2f7-800902ff4407;9.51;17.2172536;SELL
2016-04-09T15:55:17.000000;2016-04-09T15:55:17.577000;90274a8e-6c9a-49b1-b5d8-c293509c783f;9.51;0.13858;SELL
2016-04-09T15:55:58.000000;2016-04-09T15:55:58.540000;a1172d59-fbcc-4cf7-89a4-5bd66b8225a3;9.51;2.66938888;SELL
2016-04-09T15:56:03.000000;2016-04-09T15:56:03.610000;23d90161-d13a-4b48-babe-ee47229ede52;9.51;0.6518936;SELL
2016-04-09T15:56:04.000000;2016-04-09T15:56:04.100000;2eda517e-483a-497e-89b1-751ab9e16981;9.51;2.31785411;SELL
2016-04-09T15:56:08.000000;2016-04-09T15:56:08.697000;adcb2b33-252e-42cb-aaf6-834e996ed2e2;9.51;3.03743822;SELL
2016-04-09T15:56:11.000000;2016-04-09T15:56:12.010000;4a9defe2-70de-4f17-8edf-cdd44dd8eab8;9.51;2.66584535;SELL
2016-04-09T15:56:15.000000;2016-04-09T15:56:15.183000;9e276adb-fa5f-4ca0-9d53-94d64fa89215;9.51;2.66915435;SELL
2016-04-09T15:56:19.000000;2016-04-09T15:56:19.747000;9ff6c02e-387a-4ab5-b758-9d10be4f128b;9.51;2.66846968;SELL
2016-04-09T15:56:22.000000;2016-04-09T15:56:22.997000;579d5af3-755d-46fc-b591-f73634673140;9.51;4.14130109;SELL
2016-04-09T15:56:26.000000;2016-04-09T15:56:26.660000;2afd511a-f13f-4bda-9c2d-af653893c88b;9.51;0.84917267;SELL
2016-04-09T15:56:30.000000;2016-04-09T15:56:31.000000;d5e2bd9f-b59c-4084-95ab-f941df4c55a0;9.51;3.02961117;SELL
2016-04-09T15:56:35.000000;2016-04-09T15:56:35.427000;c9301a20-0689-4b4c-bd9e-306ff2aab31a;9.51;3.02382401;SELL
2016-04-09T15:56:39.000000;2016-04-09T15:56:39.347000;7cdd6ac3-3838-496b-9dfd-71786e195606;9.51;3.01573323;SELL
2016-04-09T15:56:42.000000;2016-04-09T15:56:42.607000;0cffedb3-e88f-47df-b3b5-f07d0f07867a;9.51;1.12659559;SELL
2016-04-09T15:56:46.000000;2016-04-09T15:56:46.803000;6cca3216-9fa5-410f-8ec6-1e6e2c2c42fa;9.51;3.00018002;SELL
2016-04-09T15:56:51.000000;2016-04-09T15:56:51.190000;4be144e2-019c-4577-b39e-5b51b7d21404;9.51;2.98516988;SELL
2016-04-09T15:56:55.000000;2016-04-09T15:56:55.173000;01d7002d-bd71-44eb-b9ae-50c966420eb8;9.51;2.96489609;SELL
2016-04-09T15:56:59.000000;2016-04-09T15:56:59.867000;86dcf61b-14ca-4ea4-9e70-0c46020448db;9.51;2.94441445;SELL
2016-04-09T15:57:03.000000;2016-04-09T15:57:03.597000;ffad4563-9a2d-4ea7-9e3c-f2e7f3737a48;9.51;2.91808238;SELL
2016-04-09T15:57:08.000000;2016-04-09T15:57:08.250000;48060610-55db-440a-9d5e-11c49fbc4e50;9.51;1.57604061;SELL
2016-04-09T15:57:12.000000;2016-04-09T15:57:12.487000;3fc844c7-99f6-4474-8868-a16b7a583a0e;9.51;4.72347925;SELL
2016-04-09T15:57:14.000000;2016-04-09T15:57:14.120000;90173f2c-59c8-4051-aabf-0932d56be525;9.51;8.46;SELL
2016-04-09T15:57:17.000000;2016-04-09T15:57:17.430000;535400e4-6d66-4391-a05c-9f67305b53c5;9.51;2.43259119;SELL
2016-04-09T15:57:22.000000;2016-04-09T15:57:22.743000;cec32138-1979-4585-8e66-a5d7b073aa43;9.51;2.39307802;SELL
2016-04-09T15:57:27.000000;2016-04-09T15:57:27.257000;1e9bed7f-5842-4d3c-9beb-a6fcd4a4257c;9.51;2.35004891;SELL
2016-04-09T15:57:38.000000;2016-04-09T15:57:38.120000;837cf116-6760-4b46-9106-bc5f1773cd03;9.51;17.52030365;SELL
2016-04-09T15:57:38.000000;2016-04-09T15:57:38.133000;05b8d4cd-cf3c-4f84-bd8f-0104ad317d13;9.51;25.39969635;SELL
2016-04-09T15:57:42.000000;2016-04-09T15:57:42.820000;45c4cbc6-9e7f-49ed-b7de-11753cb37626;9.51;14.6;SELL
2016-04-09T15:57:43.000000;2016-04-09T15:57:43.040000;a14c729f-4c81-40bb-99d6-79d3d1d59161;9.51;0.00030365;SELL
2016-04-09T15:58:19.000000;2016-04-09T15:58:19.763000;af3a90f5-0642-4154-8ecb-0169d0310f9f;9.501;42.4;SELL
2016-04-09T15:58:23.000000;2016-04-09T15:58:23.300000;9fe34a59-4b14-4fc9-a1c6-897178152c1e;9.501;4.14268188;SELL
2016-04-09T15:58:28.000000;2016-04-09T15:58:28.277000;b8912dd4-8355-4e57-a0dc-59442e9b51b8;9.501;4.04880344;SELL
2016-04-09T15:58:42.000000;2016-04-09T15:58:42.830000;6783334b-e77b-4c8d-a896-39b369d8f3b3;9.501;2.75213867;SELL
2016-04-09T15:58:47.000000;2016-04-09T15:58:47.247000;664ef89e-914e-4399-b27a-3594e4c70579;9.501;1.20078287;SELL
2016-04-09T15:58:50.000000;2016-04-09T15:58:50.913000;e9466251-e71a-4bfe-b884-c78a0b7b1fc0;9.501;1.20078287;SELL
2016-04-09T15:59:16.000000;2016-04-09T15:59:16.367000;867c6627-95ae-44ef-89b1-6467cf90c7b1;9.501;2.56751778;SELL
2016-04-09T15:59:22.000000;2016-04-09T15:59:22.067000;cf81c4a0-51fb-41fb-bcef-60073fe0754a;9.501;2.56751778;SELL
2016-04-09T15:59:25.000000;2016-04-09T15:59:25.843000;e928a60e-dd9d-46a8-8158-e440f6446f97;9.501;0.83902888;SELL
2016-04-09T16:00:04.000000;2016-04-09T16:00:04.513000;f81edc84-2d95-47ff-a402-83c65e6cf897;9.501;2.75301306;SELL
2016-04-09T16:00:07.000000;2016-04-09T16:00:07.290000;43fb765b-6cf8-45dc-88af-b5e4cf73342a;9.501;6.06383277;SELL
2016-04-09T16:00:09.000000;2016-04-09T16:00:09.483000;a7af23ea-93b0-407c-92a2-0c547712b6d6;9.5;2.42182397;SELL
2016-04-09T16:00:13.000000;2016-04-09T16:00:13.470000;7f1a5968-74b4-46b3-b70a-059c5df03e51;9.5;3.36842197;SELL
2016-04-09T16:00:13.000000;2016-04-09T16:00:13.840000;7ad05c21-4de0-491a-a3b8-332179cc456c;9.5;0.95938954;SELL
2016-04-09T16:00:13.000000;2016-04-09T16:00:13.860000;80e73fec-fd0d-491b-bbe6-9a4bd1ebd033;9.5;10.0;SELL
2016-04-09T16:00:17.000000;2016-04-09T16:00:17.763000;8e79314f-1306-4954-b246-95bf2515df3b;9.5;3.36842197;SELL
2016-04-09T16:00:28.000000;2016-04-09T16:00:28.507000;5ac810da-6e18-4ce6-bfc3-ee24e6ac508e;9.5;3.36842197;SELL
2016-04-09T16:00:32.000000;2016-04-09T16:00:32.267000;741e30ce-684a-4067-861d-5237a506a62d;9.5;3.36842197;SELL
2016-04-09T16:00:35.000000;2016-04-09T16:00:35.730000;8884bb9a-d119-40f3-ad08-3b8a6b33606c;9.5;3.36842197;SELL
2016-04-09T16:00:39.000000;2016-04-09T16:00:39.553000;7be4d9b7-3bcd-4085-bf03-782bfa01e12d;9.5;3.36842197;SELL
2016-04-09T16:00:43.000000;2016-04-09T16:00:43.057000;4a10f5ec-b72a-4998-8b17-2f348792a4de;9.5;3.36842197;SELL
2016-04-09T16:00:46.000000;2016-04-09T16:00:46.523000;71cccb1c-f3e5-4e21-9a4d-3b65e28627ce;9.5;4.11141531;SELL
2016-04-09T16:00:49.000000;2016-04-09T16:00:49.847000;340f7ec1-2fa0-4275-bcbe-a1c3ae103fb2;9.5;4.85303393;SELL
2016-04-09T16:00:53.000000;2016-04-09T16:00:53.250000;4842282d-36b6-4ae1-8779-999cf3d26837;9.5;4.85303393;SELL
2016-04-09T16:00:58.000000;2016-04-09T16:00:58.960000;38d421e7-162a-4c78-b33c-0b4a1538c28c;9.5;4.85303393;SELL
2016-04-09T16:01:02.000000;2016-04-09T16:01:02.790000;831b1355-803e-491f-8885-cd2401fc9fe3;9.5;4.85303393;SELL
2016-04-09T16:01:07.000000;2016-04-09T16:01:07.317000;281395a0-fcd5-47e1-9993-081936bfe01e;9.5;25.4;SELL
2016-04-09T16:01:07.000000;2016-04-09T16:01:07.610000;118a6adc-eabd-4f51-ad35-0a7ea1ab065b;9.5;7.46136331;SELL
2016-04-09T16:01:12.000000;2016-04-09T16:01:12.420000;fb07f064-e26d-4cfa-8a8c-4a5575b40dfa;9.5;6.65491836;SELL
2016-04-09T16:01:12.000000;2016-04-09T16:01:12.430000;4dd2dd4a-9657-4ee6-ad6e-6f0a09db7c79;9.5;18.9644;SELL
2016-04-09T16:02:05.000000;2016-04-09T16:02:06.033000;60ebc902-bdb2-438f-8850-f277b1524e86;9.401;5.62332721;SELL
2016-04-09T16:02:05.000000;2016-04-09T16:02:06.043000;cd65339a-52b7-465a-ba25-f495bd4f523e;9.401;36.97667279;SELL
2016-04-09T16:02:20.000000;2016-04-09T16:02:20.697000;f3335e21-fa0e-4fd0-be95-cbb741176290;9.401;1.09769;SELL
2016-04-09T16:02:35.000000;2016-04-09T16:02:35.610000;8306cabe-8bd9-47fa-8d5c-1600bfce1a63;9.4;57.517018;SELL
2016-04-09T16:02:35.000000;2016-04-09T16:02:35.617000;ace69dee-9996-4d14-9493-a9335059be60;9.4;6.778032;SELL
2016-04-09T16:02:35.000000;2016-04-09T16:02:35.627000;6b10cc34-c588-4df8-8fcc-848737c77a27;9.351;300.0;SELL
2016-04-09T16:02:35.000000;2016-04-09T16:02:35.653000;734f7403-1230-4a66-857c-15d82db50dcd;9.35;27.0;SELL
2016-04-09T16:02:35.000000;2016-04-09T16:02:35.653000;bf84fe7c-a9e9-44f3-a03f-68e8fdfe8172;9.334;4.5947;SELL
2016-04-09T16:02:35.000000;2016-04-09T16:02:35.653000;6a013fdf-ddf9-4ec9-8e17-3318fcbb7a02;9.327;0.3503;SELL
2016-04-09T16:02:35.000000;2016-04-09T16:02:35.657000;8c1cba4c-268b-4f72-9702-195b78880161;9.321;241.41;SELL
2016-04-09T16:02:35.000000;2016-04-09T16:02:35.693000;3f54f4d8-e57c-473d-8610-4786e5877234;9.32;30.0;SELL
2016-04-09T16:02:35.000000;2016-04-09T16:02:35.693000;190908d6-f99f-4ffc-80ec-0347a528bafc;9.3;100.0;SELL
2016-04-09T16:02:35.000000;2016-04-09T16:02:35.693000;3aff8eea-d83b-4a99-ba6e-d5c4ad424911;9.3;20.0;SELL
2016-04-09T16:02:35.000000;2016-04-09T16:02:35.693000;fa994f76-04e0-4d46-86b7-472335cbf399;9.3;500.0;SELL
2016-04-09T16:02:35.000000;2016-04-09T16:02:35.693000;7e102ff4-5ce4-47ba-ad3d-6456d23ca78f;9.29;1.59;SELL
2016-04-09T16:02:35.000000;2016-04-09T16:02:35.693000;b27d5abf-7331-4ac6-8ac6-050f791b588f;9.271;0.3505;SELL
2016-04-09T16:02:35.000000;2016-04-09T16:02:35.760000;67a6aca8-7c43-4145-ab7e-0b87caba2dc7;9.25;310.40945;SELL
2016-04-09T16:02:35.000000;2016-04-09T16:02:35.760000;34f2acd4-0d72-422b-a431-d6fec382a58d;9.25;10.0;SELL
2016-04-09T16:06:58.000000;2016-04-09T16:07:00.967000;17e2131e-e735-4ae7-891f-a1661b73a0b0;9.289;300.0;SELL
2016-04-09T16:06:58.000000;2016-04-09T16:07:00.970000;17d794dc-2690-43cf-a581-d79dc172cee1;9.288;1.08104954;SELL
2016-04-09T16:06:58.000000;2016-04-09T16:07:01.007000;ce3f9f0a-ebca-4d76-89ff-7159e8bf45a9;9.288;106.6148;SELL
2016-04-09T16:06:58.000000;2016-04-09T16:07:01.007000;f1353929-e2c8-49a3-bf9b-dce060af9f42;9.275;17.9;SELL
2016-04-09T16:06:58.000000;2016-04-09T16:07:01.007000;f8ce0089-123e-46c8-b50c-7715cff4e952;9.274;233.87;SELL
2016-04-09T16:06:58.000000;2016-04-09T16:07:01.007000;aca08638-566a-45ef-9278-ae4094945dec;9.26;0.3503;SELL
2016-04-09T16:06:58.000000;2016-04-09T16:07:01.007000;f766cd03-515f-4f47-9e57-80af8b346e64;9.25;369.10405;SELL
2016-04-09T16:06:58.000000;2016-04-09T16:07:01.007000;898c358f-ca96-4e82-b7c8-d87f901e42b3;9.205;0.3505;SELL
2016-04-09T16:06:58.000000;2016-04-09T16:07:01.013000;446cff82-74f9-4fb7-9121-2977096a345f;9.188;1.0;SELL
2016-04-09T16:06:58.000000;2016-04-09T16:07:01.043000;5060a545-1a67-4d7a-b572-2f0f5fe79c1b;9.169;1.61;SELL
2016-04-09T16:06:58.000000;2016-04-09T16:07:01.043000;9b2a4888-3c8a-446a-bc13-1a9e658e97d4;9.11;1.0;SELL
2016-04-09T16:06:58.000000;2016-04-09T16:07:01.043000;31052e05-7936-4209-b96a-0a334468865d;9.1;15.0;SELL
2016-04-09T16:06:58.000000;2016-04-09T16:07:01.043000;703bdfd3-0ca5-4d71-aec5-22ecc8f033ec;9.1;31.0;SELL
2016-04-09T16:06:58.000000;2016-04-09T16:07:01.043000;0ddd37f9-6079-43da-b8df-47870b1f6c66;9.1;108.529173;SELL
2016-04-09T16:06:58.000000;2016-04-09T16:07:01.043000;cc090279-7949-4c42-aa4a-4c6bfcd5ae1f;9.047;1.96;SELL
2016-04-09T16:06:58.000000;2016-04-09T16:07:01.080000;78d52d16-8a42-41dc-a60b-44975c56fdaf;9.034;6.6877;SELL
2016-04-09T16:06:58.000000;2016-04-09T16:07:01.080000;1aa04970-28b2-4452-8bde-137df32f5c81;9.031;203.94242746;SELL
2016-04-09T16:06:58.000000;2016-04-09T16:07:01.100000;a76fb122-b4d8-457e-9424-3b5bdc3398fd;9.031;10.0;SELL
2016-04-09T16:08:55.000000;2016-04-09T16:08:56.010000;3212fd5f-b567-4b9a-b90e-d8889f228e3f;9.262;0.35;SELL
2016-04-09T16:08:56.000000;2016-04-09T16:08:57.063000;93f14b97-f13e-454b-aaba-ea1347e0a600;9.261;0.35;SELL
2016-04-09T16:08:57.000000;2016-04-09T16:08:58.020000;ff50da73-f833-4a4e-8029-a0a074a6c859;9.26;0.3503;SELL
2016-04-09T16:08:57.000000;2016-04-09T16:08:58.037000;b328cdd7-9fd8-45d5-8898-b6ce87db90b3;9.238;0.3503;SELL
2016-04-09T16:08:57.000000;2016-04-09T16:08:58.043000;9c078ed5-a40b-4856-b64d-c87227f93e66;9.238;0.3503;SELL
2016-04-09T16:08:57.000000;2016-04-09T16:08:58.073000;c1a61339-884b-44ef-96f0-1ced2e1ea01a;9.238;0.3503;SELL
2016-04-09T16:08:57.000000;2016-04-09T16:08:58.073000;70f4959c-8852-4608-bf93-c0e6a8c38dbb;9.238;0.3503;SELL
2016-04-09T16:08:57.000000;2016-04-09T16:08:58.073000;b9b01019-c4d7-435f-a151-46726fc0267a;9.238;0.3485;SELL
2016-04-09T16:09:02.000000;2016-04-09T16:09:02.653000;5cf09c93-593b-49dc-bbfb-09837f0074ea;9.26;1.3728515;BUY
2016-04-09T16:09:02.000000;2016-04-09T16:09:02.777000;8562257e-8105-4fbb-bb41-e008adf1ae3a;9.238;0.0018;SELL
2016-04-09T16:09:02.000000;2016-04-09T16:09:02.903000;82709165-1728-403c-8831-c7efbc672d94;9.205;0.3505;SELL
2016-04-09T16:09:02.000000;2016-04-09T16:09:02.913000;cae86f8e-d9ac-4a87-9697-60e2690ef64c;9.183;0.3505;SELL
2016-04-09T16:09:02.000000;2016-04-09T16:09:02.913000;fe9d4d34-3999-4063-b7d8-b5f39fd56fc3;9.183;0.3505;SELL
2016-04-09T16:09:02.000000;2016-04-09T16:09:02.950000;9782f159-e152-453a-970c-e4f6fab55c74;9.183;0.3505;SELL
2016-04-09T16:09:02.000000;2016-04-09T16:09:02.950000;a54fa0c1-4792-40c8-a33e-1001a9109b33;9.035;16.8636143;SELL
2016-04-09T16:09:08.000000;2016-04-09T16:09:09.023000;aeff837c-1500-42ed-b096-3946eb93c6c4;9.039;10.0;SELL
2016-04-09T16:09:08.000000;2016-04-09T16:09:09.027000;ffd977b2-eb50-4284-a8c6-52493da0233e;9.039;49.9291;SELL
2016-04-09T16:09:08.000000;2016-04-09T16:09:09.027000;2b467b05-1ca1-48be-9b6a-f7b0174c58d4;9.039;10.0;SELL
2016-04-09T16:09:15.000000;2016-04-09T16:09:15.323000;a31e5203-11bc-4891-acb1-4947d8fac795;9.374;0.658;BUY
2016-04-09T16:11:06.000000;2016-04-09T16:11:06.323000;fc483250-c5df-424e-a68b-01395b177df5;9.238;0.35;SELL
2016-04-09T16:11:06.000000;2016-04-09T16:11:06.700000;bb014678-1879-4e18-9d8a-602853f86940;9.238;0.0003;SELL
2016-04-09T16:18:09.000000;2016-04-09T16:18:09.347000;91f0d8bc-a97c-45b1-ba82-308b9d1a737e;9.162;21.14176403;SELL
2016-04-09T16:18:16.000000;2016-04-09T16:18:16.517000;c99cabdd-1533-464c-b255-f773af96436d;9.264;33.59525027;BUY
2016-04-09T16:18:16.000000;2016-04-09T16:18:16.533000;9926fdbd-1f4c-47ba-a8df-1f09f4e0bf4d;9.265;16.40474973;BUY
2016-04-09T16:20:06.000000;2016-04-09T16:20:06.263000;ad72468d-ba65-42ec-b689-715aa8f1f5b9;9.315;0.35;BUY
2016-04-09T16:20:11.000000;2016-04-09T16:20:11.223000;eac943c9-76a1-44f3-8570-6e3d01e492f5;9.315;0.0003;BUY
2016-04-09T16:20:11.000000;2016-04-09T16:20:11.237000;21a19075-3afd-436c-b2fb-c0d81e227282;9.323;0.3503;BUY
2016-04-09T16:20:11.000000;2016-04-09T16:20:11.240000;98b9c1a3-4882-40a9-9165-929b8077e452;9.323;0.3494;BUY
2016-04-09T16:20:15.000000;2016-04-09T16:20:15.610000;06410b9f-fc39-415e-bdcf-0c4ddf3df6da;9.308;0.3503;BUY
2016-04-09T16:20:15.000000;2016-04-09T16:20:15.620000;6099ae2b-ac13-47e3-97c2-e187edc59c1a;9.323;0.0009;BUY
2016-04-09T16:20:15.000000;2016-04-09T16:20:15.633000;1aa19725-f439-4fcb-9a82-3b13ade949d0;9.325;0.3503;BUY
2016-04-09T16:20:15.000000;2016-04-09T16:20:15.657000;d17409d1-812c-492b-ad29-02da9d8b7963;9.33;0.3503;BUY
2016-04-09T16:20:19.000000;2016-04-09T16:20:19.697000;21178312-873e-498c-8cef-1ac0b3f5e8db;9.341;0.3503;BUY
2016-04-09T16:20:19.000000;2016-04-09T16:20:19.713000;5baa43ab-f940-4d47-b4c4-8b60850bf216;9.342;0.3503;BUY
2016-04-09T16:20:23.000000;2016-04-09T16:20:23.803000;cfdb479b-c369-4a3f-847d-5510330a0692;9.351;0.35;BUY
2016-04-09T16:20:24.000000;2016-04-09T16:20:24.280000;3b87af7f-c728-4cf0-bd6c-aac6323d0db9;9.351;0.0003;BUY
2016-04-09T16:20:43.000000;2016-04-09T16:20:43.380000;031320b5-ec49-4c94-9e07-8f4013efd448;9.331;0.3503;SELL
2016-04-09T16:26:05.000000;2016-04-09T16:26:05.713000;3cd1e97a-b297-4b71-a737-18fca06a110f;9.146;107.7429;SELL
2016-04-09T16:26:05.000000;2016-04-09T16:26:05.730000;9f8531be-2339-410d-b55b-ad56528e53a0;9.146;118.0517904;SELL
2016-04-09T16:26:05.000000;2016-04-09T16:26:05.730000;c5c85d1d-b722-4bc8-8784-5ca3fce6e3fa;9.146;22.68125618;SELL
2016-04-09T16:26:05.000000;2016-04-09T16:26:05.767000;6c7fd775-5c4c-46a0-a3b7-d381ced6ac6e;9.145;17.52405342;SELL
2016-04-09T16:27:04.000000;2016-04-09T16:27:04.627000;e75766b8-a597-4c58-b754-a40c52b079ca;9.322;6.4;BUY
2016-04-09T16:27:04.000000;2016-04-09T16:27:04.633000;1a0bd702-fb5f-43d6-95c4-1652b716d240;9.3229;144.0;BUY
2016-04-09T16:27:04.000000;2016-04-09T16:27:04.637000;22628c9c-488e-46c5-98f1-4187ed9ce653;9.325;100.79;BUY
2016-04-09T16:27:07.000000;2016-04-09T16:27:08.027000;b9a250da-c540-40d8-bce7-1ffb19ec28c5;9.327;2.8;SELL
2016-04-09T16:28:07.000000;2016-04-09T16:28:07.507000;10b4380d-ad5a-418d-a305-16f17647cf63;9.365;0.3503;BUY
2016-04-09T16:28:07.000000;2016-04-09T16:28:07.513000;45a9f613-1578-49fc-9239-009de262e759;9.365;0.02657222;BUY
2016-04-09T16:28:28.000000;2016-04-09T16:28:28.693000;b9e408df-f7f2-4e60-b265-2c618506b376;9.365;0.32372778;BUY
2016-04-09T16:28:35.000000;2016-04-09T16:28:35.060000;05f40896-16b4-4fbe-abe5-9f2081fe12b5;9.371;0.3503;SELL
2016-04-09T16:30:43.000000;2016-04-09T16:30:43.927000;38826a2b-3282-4ac5-a60b-25e2cbda9d77;9.37;0.1895003;SELL
2016-04-09T16:31:13.000000;2016-04-09T16:31:13.457000;d7a6e7ed-d9d8-4ade-a765-bf631d336ca4;9.37;0.1895003;SELL
2016-04-09T16:31:34.000000;2016-04-09T16:31:34.630000;123bfdf3-7d6f-4ecc-a7b8-a9190bc1f97b;9.37;0.1895003;SELL
2016-04-09T16:31:53.000000;2016-04-09T16:31:53.327000;50894345-bfc6-4277-bccf-a06439ba3cb5;9.37;22.39515056;SELL
2016-04-09T16:34:04.000000;2016-04-09T16:34:04.280000;aa1eaeaf-a65f-4f2f-aef7-dfe9835e8462;9.38;6.2;BUY
2016-04-09T16:34:04.000000;2016-04-09T16:34:04.290000;0626d2fa-3560-4df4-beae-30455672a4b9;9.38;2.9;BUY
2016-04-09T16:34:04.000000;2016-04-09T16:34:04.293000;5561cad8-b81e-4241-850b-41bee1eb6d42;9.38;10.9;BUY
2016-04-09T16:34:07.000000;2016-04-09T16:34:07.210000;e0bf36b8-a2be-4652-af83-8112c4f06727;9.37;0.71;SELL
2016-04-09T16:34:07.000000;2016-04-09T16:34:08.023000;f1622ab7-c0d8-45e0-ab1e-d03e4c266226;9.37;0.00262076;SELL
2016-04-09T16:39:18.000000;2016-04-09T16:39:18.183000;ddca25b5-912d-4ef4-9baa-e3ef4949174f;9.359;80.0;BUY
2016-04-09T16:41:53.000000;2016-04-09T16:41:53.180000;b39990e8-d1bd-4a8e-9686-104be529aca5;9.436;100.0;BUY
2016-04-09T16:42:16.000000;2016-04-09T16:42:16.137000;d951bfeb-7f9b-4015-9e2b-6f20c47169f8;9.427;27.62296514;BUY
2016-04-09T16:42:16.000000;2016-04-09T16:42:16.147000;a234a023-56c8-46a8-9fd8-76058f10cb1f;9.428;52.69;BUY
2016-04-09T16:42:16.000000;2016-04-09T16:42:16.153000;5c2fcd7c-f298-4b24-82b2-1e24c2171172;9.428;19.68703486;BUY
2016-04-09T16:42:50.000000;2016-04-09T16:42:50.233000;c6cbdb24-f51d-4f7e-bf62-44ccce102097;9.4;100.0;SELL
2016-04-09T16:45:37.000000;2016-04-09T16:45:37.143000;6c6cef2b-3e47-47dc-a043-95169529861e;9.323;3.51;BUY
2016-04-09T16:45:44.000000;2016-04-09T16:45:44.750000;e9022e4d-fcc5-49a6-a63c-8fbb9764e8dc;9.33;6.49;SELL
2016-04-09T16:46:40.000000;2016-04-09T16:46:40.647000;910f296a-4596-4475-8be1-c8118d6c0d45;9.323;1.0;BUY
2016-04-09T16:46:59.000000;2016-04-09T16:46:59.247000;026e46ca-970e-426e-addf-00f94ba2c2e4;9.323;5.0;BUY
2016-04-09T16:47:06.000000;2016-04-09T16:47:06.157000;bf026b7c-72b8-4829-9bc8-99f7093886b9;9.323;4.0;BUY
2016-04-09T16:47:06.000000;2016-04-09T16:47:06.167000;c863195e-bda1-4b9b-88ba-45314666f601;9.323;1.0;BUY
2016-04-09T16:48:27.000000;2016-04-09T16:48:27.177000;e6c330ee-9cf9-4472-a61e-16ce813791c4;9.3229;3.5117863;SELL
2016-04-09T16:48:29.000000;2016-04-09T16:48:29.653000;e6a90350-53c8-4bbf-b997-3214f2757c0e;9.3;0.656684;SELL
2016-04-09T16:48:41.000000;2016-04-09T16:48:41.170000;53d5b389-4ef7-49e1-8c9d-3866b16f449e;9.3;5.64558809;SELL
2016-04-09T16:48:42.000000;2016-04-09T16:48:42.150000;c38520e0-bff4-4dcd-81b7-08474cf80a7d;9.3;26.99155682;SELL
2016-04-09T16:48:49.000000;2016-04-09T16:48:50.023000;bec803eb-02e0-4834-8d7c-6d11d90b1deb;9.3;43.4;SELL
2016-04-09T16:49:11.000000;2016-04-09T16:49:11.047000;195050ca-cebc-428c-8d30-06bc0d93c502;9.3;5.64558809;SELL
2016-04-09T16:49:12.000000;2016-04-09T16:49:12.507000;fa10be5f-4e99-4f24-ad4b-a046dda720ca;9.3;10.0;SELL
2016-04-09T16:49:30.000000;2016-04-09T16:49:30.830000;c1805827-8c46-42ca-997b-3b141e0d71b5;9.3;0.96060764;SELL
2016-04-09T16:49:40.000000;2016-04-09T16:49:40.230000;e7e7614f-b3c0-4f2b-afb5-5f4bf4e97d26;9.3;6.69997536;SELL
2016-04-09T16:49:40.000000;2016-04-09T16:49:40.233000;831b66e3-2bfe-4e9a-b1f0-6a927890c5c1;9.29;51.19316112;SELL
2016-04-09T16:50:16.000000;2016-04-09T16:50:16.750000;623cb1b6-2ecf-4ba8-a59f-b1f8830a5e2e;9.31;0.48260263;SELL
2016-04-09T16:50:41.000000;2016-04-09T16:50:41.940000;a60b3282-fa10-471f-9047-2e43864bf194;9.31;0.69622844;SELL
2016-04-09T16:50:42.000000;2016-04-09T16:50:42.933000;166b7a7a-c94c-4b46-a081-b4586f7c3f6f;9.31;10.0;SELL
2016-04-09T16:50:45.000000;2016-04-09T16:50:45.447000;e082bde1-7342-48a9-a17a-6c3e9f6f89c0;9.31;8.33563892;SELL
2016-04-09T16:50:49.000000;2016-04-09T16:50:49.337000;c1473cd6-ae86-4d55-b549-91a5f2250af7;9.31;7.46853967;SELL
2016-04-09T16:50:53.000000;2016-04-09T16:50:53.437000;4fed50a8-6d02-4ebb-990f-ef22db1f9015;9.31;6.32446238;SELL
2016-04-09T16:50:56.000000;2016-04-09T16:50:57.030000;ae82ff77-5c12-454d-9ef5-bd7576ebeeb5;9.31;5.07811884;SELL
2016-04-09T16:51:01.000000;2016-04-09T16:51:01.863000;7863cdea-f64a-4077-8791-a6fb7e2a2ced;9.31;3.84154441;SELL
2016-04-09T16:51:06.000000;2016-04-09T16:51:06.450000;93028aa0-c313-4a8f-a6d5-aa3fcc462c1b;9.31;4.94043556;SELL
2016-04-09T16:51:11.000000;2016-04-09T16:51:11.380000;4d5695d6-feb8-4a26-b930-57e924f9caca;9.31;4.94043556;SELL
2016-04-09T16:51:12.000000;2016-04-09T16:51:12.963000;70b0290e-efa3-43c8-846b-35c9c3cc1f32;9.31;41.5831;SELL
2016-04-09T16:51:13.000000;2016-04-09T16:51:13.677000;3861add0-d908-4cd6-a6db-67343c6b40f6;9.31;6.30889359;SELL
2016-04-09T16:51:47.000000;2016-04-09T16:51:47.487000;dd2fa4bf-1c10-45d1-9d51-5aba876d08ab;9.29;10.0;SELL
2016-04-09T16:52:13.000000;2016-04-09T16:52:13.837000;4744bfa2-2472-48cc-abbc-27e839a15e11;9.29;10.0;SELL
2016-04-09T16:52:43.000000;2016-04-09T16:52:43.887000;f92a29b3-69c8-4d7c-bf18-8314fad22e5f;9.29;10.0;SELL
2016-04-09T16:52:56.000000;2016-04-09T16:52:56.990000;db9febeb-accb-4bd9-89ea-b195459b7797;9.29;4.50686086;SELL
2016-04-09T16:52:59.000000;2016-04-09T16:52:59.743000;3af8faf2-e603-479d-ad86-6f08b3238e5a;9.29;4.50686086;SELL
2016-04-09T16:53:12.000000;2016-04-09T16:53:13.020000;c976ca89-d229-4a0b-9bda-8acd9b44f78f;9.29;9.79311716;SELL
2016-04-09T16:53:12.000000;2016-04-09T16:53:13.030000;7e464e14-2e6d-4e75-96f7-237fdcd95069;9.2;0.20688284;SELL
2016-04-09T16:54:21.000000;2016-04-09T16:54:21.297000;325b6f3a-806a-4201-b560-c17b977792fd;9.27;19.06;SELL
2016-04-09T16:54:21.000000;2016-04-09T16:54:21.750000;2dd5f5e2-8472-4936-a370-531dd1a0628a;9.27;80.94;SELL
2016-04-09T16:56:13.000000;2016-04-09T16:56:13.640000;92cdaa06-339f-4e3d-b6f1-63ef67101ac3;9.22;10.0;SELL
2016-04-09T16:56:13.000000;2016-04-09T16:56:13.773000;6c051d07-cdb5-4884-9992-48d9a413a84a;9.22;18.88901557;SELL
2016-04-09T16:56:14.000000;2016-04-09T16:56:14.590000;be4ecc7c-a193-4843-b503-b67bcfb5e525;9.22;18.88901557;SELL
2016-04-09T16:56:14.000000;2016-04-09T16:56:14.647000;3e6850a5-b6b1-424a-ab50-80ba3c526fc9;9.22;102.22196886;SELL
2016-04-09T16:56:14.000000;2016-04-09T16:56:14.653000;012f3dc6-ca63-4af0-8a77-4e8fdfd69d84;9.2;66.30803114;SELL
2016-04-09T16:56:17.000000;2016-04-09T16:56:17.500000;f09d4a2b-3de7-47ce-8d24-f2be460dbd1e;9.2;33.48508602;SELL
2016-04-09T16:56:36.000000;2016-04-09T16:56:36.503000;5e9c8716-e74b-4e15-9fc9-602809266ede;9.155;22.021;SELL
2016-04-09T16:56:37.000000;2016-04-09T16:56:37.360000;fe217cd7-6735-4fee-852c-716f1362df56;9.151;0.21646392;SELL
2016-04-09T16:56:37.000000;2016-04-09T16:56:37.363000;c33ff9a1-ff7d-41e5-986f-8717141e7558;9.15;77.8210074;SELL
2016-04-09T16:56:38.000000;2016-04-09T16:56:38.173000;2dfd1a76-65ab-4ae4-a1ce-99ff391ec04c;9.15;22.1789926;SELL
2016-04-09T16:56:38.000000;2016-04-09T16:56:38.477000;9ec8e930-7f34-426b-ac6b-c454da9150f9;9.151;0.21646392;BUY
2016-04-09T16:56:42.000000;2016-04-09T16:56:42.860000;22054f3c-ea96-46a1-bd9c-6fe5c3b25e09;9.154;0.53567505;BUY
2016-04-09T16:56:42.000000;2016-04-09T16:56:42.873000;7f7e9575-a611-470e-bdd5-b1ed650a8355;9.155;9.46432495;BUY
2016-04-09T16:56:46.000000;2016-04-09T16:56:46.413000;6a92d978-d14e-4222-9ff7-3c40d896744f;9.149;0.3503;SELL
2016-04-09T16:56:46.000000;2016-04-09T16:56:46.427000;7a027830-8074-450c-9c80-63f2467fa301;9.149;0.3503;SELL
2016-04-09T16:56:46.000000;2016-04-09T16:56:46.433000;26ebe53a-60fc-4b51-bd3b-085ea265ccab;9.149;0.3503;SELL
2016-04-09T16:56:48.000000;2016-04-09T16:56:48.593000;765a6520-15d6-4d81-a7c5-adfac2e1a9db;9.149;0.21646392;BUY
2016-04-09T16:56:50.000000;2016-04-09T16:56:50.347000;8c5cacc9-08a9-4778-93e9-563ae87121dc;9.148;0.48375655;BUY
2016-04-09T16:56:50.000000;2016-04-09T16:56:50.360000;92c6a6ff-cfd7-4251-906f-1d4ee99722d4;9.148;0.56714345;BUY
2016-04-09T16:56:52.000000;2016-04-09T16:56:52.447000;29b36708-69ae-46c4-b50f-6843b1954be2;9.15;6.44673495;SELL
2016-04-09T16:56:52.000000;2016-04-09T16:56:52.923000;b9806954-5959-4bac-9d7f-1ff71cf990bf;9.15;2.96584677;SELL
2016-04-09T16:56:53.000000;2016-04-09T16:56:53.280000;1b5d29d8-e24a-4d5a-be37-a02fcf63f071;9.15;0.00027483;SELL
2016-04-09T16:56:55.000000;2016-04-09T16:56:55.393000;f1d2dfa3-8068-4264-b89d-e51cbbb9e212;9.142;5.74613494;SELL
2016-04-09T16:56:55.000000;2016-04-09T16:56:55.820000;1c5b72e2-8679-48c0-ae49-a0264795f315;9.142;3.66644677;BUY
2016-04-09T16:56:56.000000;2016-04-09T16:56:56.353000;c9ac73c5-6d2a-4efa-bdaa-135c59c9b01a;9.141;0.3503;SELL
2016-04-09T16:56:56.000000;2016-04-09T16:56:56.367000;61659fb4-e120-4633-9fc3-8767dae06821;9.141;0.3503;SELL
2016-04-09T16:56:57.000000;2016-04-09T16:56:57.370000;ffdd2202-210b-4c28-8735-6a8f553f1197;9.13;2.96584677;SELL
2016-04-09T16:57:04.000000;2016-04-09T16:57:04.463000;c6bd56fd-a20a-4777-a0f9-f48b0483fc33;9.13;48.78034432;SELL
2016-04-09T16:57:10.000000;2016-04-09T16:57:10.630000;8dd94d2c-1b3a-4d14-b3eb-996bbfacbeb9;9.13;19.08995329;SELL
2016-04-09T16:57:13.000000;2016-04-09T16:57:13.743000;9d6908ef-26f8-4c98-9d53-47381257e886;9.13;19.13754378;SELL
2016-04-09T16:57:15.000000;2016-04-09T16:57:15.280000;6f935665-8244-4abf-996a-818e0b68fff8;9.13;1.46996097;SELL
2016-04-09T16:57:29.000000;2016-04-09T16:57:29.677000;d44041e5-3ff9-4aeb-b9cd-54a33f044526;9.13;2.54968602;SELL
2016-04-09T16:57:34.000000;2016-04-09T16:57:34.640000;f9e39eed-4cb2-4e5a-b5ee-031ec02dccef;9.13;30.49482516;SELL
2016-04-09T16:57:34.000000;2016-04-09T16:57:34.827000;53d01fdf-2868-4a3f-98a2-24c59a595283;9.13;19.14638288;SELL
2016-04-09T16:57:35.000000;2016-04-09T16:57:35.180000;a42df4eb-1370-4a56-91c4-f294d805c245;9.13;19.1419623;SELL
2016-04-09T16:57:35.000000;2016-04-09T16:57:35.207000;ca20a3e4-55fe-4c13-9f10-47108d890622;9.13;0.85983752;SELL
2016-04-09T16:57:35.000000;2016-04-09T16:57:35.243000;d1ec40c7-e73c-4f13-ac57-a7d59d90f205;9.13;6.59208769;SELL
2016-04-09T16:57:35.000000;2016-04-09T16:57:35.523000;320f4a4a-43d7-4b7d-a4a4-e76fc10b21b3;9.13;2.64289748;SELL
2016-04-09T16:57:35.000000;2016-04-09T16:57:35.867000;0a311020-0040-45e9-8b59-41d99f4c4a88;9.13;20.26221403;SELL
2016-04-09T16:57:35.000000;2016-04-09T16:57:35.887000;be234734-ec61-49b7-9e09-b127cdbe224c;9.13;5.01887567;SELL
2016-04-09T16:57:36.000000;2016-04-09T16:57:36.443000;2bcdfaf8-103c-4bfc-a6cb-e5e9d2fcadf4;9.13;8.81648111;SELL
2016-04-09T16:57:36.000000;2016-04-09T16:57:36.570000;d30a2001-131f-4885-aa17-97f88a171347;9.13;27.92398719;SELL
2016-04-09T16:57:36.000000;2016-04-09T16:57:36.713000;aa912833-9f57-424e-9dcd-dc5713e877f3;9.13;27.92398719;SELL
2016-04-09T16:57:36.000000;2016-04-09T16:57:37.130000;965ee96f-6f7c-4230-bfae-d1606672b647;9.13;0.60410945;SELL
2016-04-09T16:57:36.000000;2016-04-09T16:57:37.143000;1beb2fc2-847b-499b-a9ff-d86b0f763bc6;9.13;4.63150364;SELL
2016-04-09T16:57:38.000000;2016-04-09T16:57:38.860000;14eea25c-1035-4257-8ce7-19ad290d7fe0;9.13;231.94751354;SELL
2016-04-09T16:57:40.000000;2016-04-09T16:57:40.710000;414a056d-f35b-48bf-b597-bb823e473e34;9.12;19.14019465;SELL
2016-04-09T16:57:42.000000;2016-04-09T16:57:42.663000;e42f61a7-4f3c-45c9-8f76-b4f8d465cc64;9.12;19.14019465;SELL
2016-04-09T16:57:43.000000;2016-04-09T16:57:43.497000;0ac0a3a5-8f77-4e59-8dfe-658913733299;9.12;4.0310164;SELL
2016-04-09T16:57:43.000000;2016-04-09T16:57:43.800000;e24ce3d0-4dcd-4c9f-8ff8-4482c22f6df3;9.128;10.0;BUY
2016-04-09T16:57:43.000000;2016-04-09T16:57:43.977000;62a2f378-d215-4469-893d-1091fe32b938;9.12;24.21;SELL
2016-04-09T16:57:44.000000;2016-04-09T16:57:44.860000;c1227098-faf1-49dc-8f02-0dc77b1e303f;9.12;27.06591573;SELL
2016-04-09T16:57:44.000000;2016-04-09T16:57:44.863000;5552ff13-0202-4c07-8d9d-0e8416cbe0cd;9.12;6.41267857;SELL
2016-04-09T16:57:45.000000;2016-04-09T16:57:45.713000;3119526f-2c48-4bff-89d7-00a6d0e05b70;9.11;2.71828004;SELL
2016-04-09T16:57:45.000000;2016-04-09T16:57:46.020000;4e329596-005f-4854-85cd-70ce28c4320d;9.11;2.71828004;SELL
2016-04-09T16:57:46.000000;2016-04-09T16:57:46.453000;9a9ea2fb-2ed0-494e-8002-b2d735d5e996;9.119;0.6973252;BUY
2016-04-09T16:57:55.000000;2016-04-09T16:57:56.027000;2cb7fec1-5020-49ae-872b-cbe2bf23856a;9.11;15.54580332;SELL
2016-04-09T16:57:56.000000;2016-04-09T16:57:56.890000;0237bc27-a4c3-4768-85ac-1e57e1cffb64;9.119;109.2883748;BUY
2016-04-09T16:57:56.000000;2016-04-09T16:57:56.903000;2b5d1cc6-7b19-4a38-aac5-c46e50418012;9.12;27.0616252;BUY
2016-04-09T16:59:01.000000;2016-04-09T16:59:01.187000;02ba22e8-0b22-4391-8bef-bbe67a5c4cd1;9.153;0.668;BUY
2016-04-09T16:59:13.000000;2016-04-09T16:59:13.120000;7c3dadc6-f91a-4e9c-9e0b-0c66d046c99b;9.142;0.3503;BUY
2016-04-09T16:59:13.000000;2016-04-09T16:59:13.123000;cdc61442-23ea-46f6-9187-0630bf7ad2bb;9.153;9.8097;BUY
2016-04-09T16:59:17.000000;2016-04-09T16:59:17.620000;5b3280e8-15ab-44d2-ab41-e2ff68f6234c;9.155;2.66481338;BUY
2016-04-09T17:02:44.000000;2016-04-09T17:02:44.230000;c7271ede-c8f0-4f22-964e-f89fe87df528;9.214;18.88901557;BUY
2016-04-09T17:02:46.000000;2016-04-09T17:02:46.983000;59dd2067-e33a-49bf-851c-7f59eb718b35;9.22;4.18;SELL
2016-04-09T17:02:52.000000;2016-04-09T17:02:52.777000;06c07159-ed1a-4471-bccc-8697cbf91632;9.22;12.4975;SELL
2016-04-09T17:02:55.000000;2016-04-09T17:02:55.517000;7ff52716-a22b-47ff-9b14-e56dc2ca63d0;9.22;64.43;SELL
2016-04-09T17:03:17.000000;2016-04-09T17:03:17.130000;02970c76-b2d0-43ab-9c91-f88f46799cad;9.24;42.80981102;BUY
2016-04-09T17:03:17.000000;2016-04-09T17:03:17.137000;67a4a56f-156e-4e89-ab0a-1d441dfae2c8;9.24;0.91153484;BUY
2016-04-09T17:03:17.000000;2016-04-09T17:03:17.143000;1e5380bb-e896-4bd5-9c0a-5c9eaef4153d;9.24;28.28637954;BUY
2016-04-09T17:03:17.000000;2016-04-09T17:03:17.373000;c4ef40f6-660b-4f02-bc79-0a701ee38316;9.24;7.81760076;SELL
2016-04-09T17:03:17.000000;2016-04-09T17:03:17.787000;43be7c79-1b7d-4d1f-b7ec-b1226b811cf2;9.24;20.17467384;SELL
2016-04-09T17:03:19.000000;2016-04-09T17:03:19.950000;5bdbf48d-00b5-4ca6-8065-2047b71627c3;9.22;0.00348443;SELL
2016-04-09T17:03:19.000000;2016-04-09T17:03:19.967000;9f365143-ea7e-4415-b41f-68d5ef8c9549;9.175;0.77841557;SELL
2016-04-09T17:03:37.000000;2016-04-09T17:03:37.110000;ff4016d2-21f7-4601-b486-eef940cb18ee;9.175;10.0;SELL
2016-04-09T17:03:45.000000;2016-04-09T17:03:46.317000;5ea8a229-031b-40dc-b7c5-edbbc1a964f8;9.175;10.0;SELL
2016-04-09T17:04:36.000000;2016-04-09T17:04:36.837000;aa38f5d3-0309-449e-9510-5dba2d4bd3cd;9.207;18.4303916;BUY
2016-04-09T17:04:36.000000;2016-04-09T17:04:36.987000;5715dafc-1266-4e3b-bbeb-b825241cef6a;9.21;3.2199166;SELL
2016-04-09T17:04:37.000000;2016-04-09T17:04:37.380000;93ff16af-cf2a-4194-9719-a9efadf618d2;9.21;18.4303916;SELL
2016-04-09T17:04:38.000000;2016-04-09T17:04:38.910000;1b39386c-df59-43c7-b4c2-a684f9eada7a;9.21;3.99269658;SELL
2016-04-09T17:04:39.000000;2016-04-09T17:04:39.880000;a26af267-2e70-459f-94f8-0bb66034538f;9.21;3.99269658;SELL
2016-04-09T17:04:42.000000;2016-04-09T17:04:42.363000;08c021ae-72ba-4d6d-a5d1-b8118f9a7e84;9.21;51.93;SELL
2016-04-09T17:04:44.000000;2016-04-09T17:04:44.163000;633f90b1-6b82-4440-b97b-1b95b2812bd5;9.21;0.00390704;SELL
2016-04-09T17:06:14.000000;2016-04-09T17:06:14.743000;f4fa17e9-c7e2-4bab-9ea5-6e1ef0e80cea;9.175;0.87;SELL
2016-04-09T17:06:26.000000;2016-04-09T17:06:26.547000;90dce848-1f14-49f6-b202-04d6d214b592;9.175;37.76;SELL
2016-04-09T17:06:30.000000;2016-04-09T17:06:30.463000;70a434e7-59e0-4ab0-843f-adb4fc72722b;9.175;1.67989254;SELL
2016-04-09T17:06:30.000000;2016-04-09T17:06:30.860000;26691d0c-db9d-45e5-a521-7e826d398ccd;9.175;1.67989254;SELL
2016-04-09T17:06:31.000000;2016-04-09T17:06:31.273000;a6bc4f5f-e6c4-41b8-af0b-4935b910fa12;9.175;1.67989254;SELL
2016-04-09T17:06:31.000000;2016-04-09T17:06:31.663000;e03a472f-a4b4-4c2a-8f75-231cef391d10;9.175;1.67989254;SELL
2016-04-09T17:06:32.000000;2016-04-09T17:06:32.383000;9792b655-7d92-4841-8cc7-e2b9a27fe058;9.175;1.67989254;SELL
2016-04-09T17:06:32.000000;2016-04-09T17:06:32.633000;de05d34b-7a00-4218-8c56-3605bc54937c;9.175;1.67989254;SELL
2016-04-09T17:06:55.000000;2016-04-09T17:06:55.447000;551161bf-6385-47bc-9f83-bfb62465bc58;9.175;5.0;SELL
2016-04-09T17:07:27.000000;2016-04-09T17:07:27.590000;1734a825-27f8-4002-8996-b8a883c94f52;9.175;4.05069641;SELL
2016-04-09T17:07:30.000000;2016-04-09T17:07:30.857000;f68bf286-afe2-43d3-b759-cdada3dc9aa8;9.175;0.70595358;SELL
2016-04-09T17:07:31.000000;2016-04-09T17:07:31.233000;db68610e-1229-414f-a842-e9d4c21ecdde;9.175;0.70595358;SELL
2016-04-09T17:07:31.000000;2016-04-09T17:07:31.600000;167a8dbf-9202-43d6-9050-85e59f11aa7c;9.175;0.70595358;SELL
2016-04-09T17:07:31.000000;2016-04-09T17:07:31.953000;ce6df2d9-5ede-42ba-8555-332ad7af13f4;9.175;0.70595358;SELL
2016-04-09T17:07:32.000000;2016-04-09T17:07:32.177000;cf279262-b988-4cec-b9be-9d0395396cca;9.175;3.70911412;SELL
2016-04-09T17:07:32.000000;2016-04-09T17:07:32.333000;ac84f3eb-d346-480a-9d75-e8eca3c7498a;9.175;0.70595358;SELL
2016-04-09T17:07:32.000000;2016-04-09T17:07:32.723000;564a0959-6b6b-4442-ba05-bcdfae91b5ea;9.175;0.70595358;SELL
2016-04-09T17:07:35.000000;2016-04-09T17:07:35.667000;8992126f-c9dd-4cc0-9d28-d43e9bd7571b;9.175;4.42755937;SELL
2016-04-09T17:07:39.000000;2016-04-09T17:07:39.823000;6b01f4d7-3405-440a-9869-fa24ce1620d0;9.175;4.50084542;SELL
2016-04-09T17:07:43.000000;2016-04-09T17:07:43.130000;9e15b93f-0cd4-44a6-8793-4cb1d6c5a5cb;9.175;1.74524374;SELL
2016-04-09T17:07:43.000000;2016-04-09T17:07:43.953000;5c0264de-1fc3-4679-b86b-1a4513300361;9.175;2.84304865;SELL
2016-04-09T17:08:03.000000;2016-04-09T17:08:03.363000;8561bdce-83e7-4e11-9fa0-0943716ac954;9.17;0.29521694;SELL
2016-04-09T17:08:03.000000;2016-04-09T17:08:03.730000;682deccc-ee1b-4f18-86f9-f971a3581816;9.17;0.29521694;SELL
2016-04-09T17:08:07.000000;2016-04-09T17:08:07.787000;a4ad7028-7ee4-4edd-a207-a79e4d77868a;9.17;6.88864202;SELL
2016-04-09T17:08:08.000000;2016-04-09T17:08:08.093000;50ac1f8b-009a-4c52-9695-15c8ab7a8848;9.17;11.16908803;SELL
2016-04-09T17:08:10.000000;2016-04-09T17:08:11.007000;05ddfc52-dcd0-4c79-ae33-7d5a1c83b0a1;9.17;8.678264;SELL
2016-04-09T17:08:15.000000;2016-04-09T17:08:15.167000;58142400-0012-4d0a-a126-1b124e42a545;9.17;1.939612;SELL
2016-04-09T17:08:20.000000;2016-04-09T17:08:20.700000;a85c353d-a063-4e74-b338-53652ece4732;9.17;0.666664;SELL
2016-04-09T17:08:21.000000;2016-04-09T17:08:21.567000;23f3e564-c7a2-493d-8b43-efb7db1c1ea8;9.17;19.0242467;SELL
2016-04-09T17:08:22.000000;2016-04-09T17:08:22.507000;fa909a2a-3109-4761-b987-9fbfa875eed2;9.17;19.02511981;SELL
2016-04-09T17:08:23.000000;2016-04-09T17:08:23.283000;89b4b4fa-9a67-4ea3-bbb3-6f2bf4648018;9.17;1.88971905;SELL
2016-04-09T17:08:23.000000;2016-04-09T17:08:23.597000;1fa98da1-c683-4c48-bcfe-33e8837eeb28;9.17;19.02511981;SELL
2016-04-09T17:08:23.000000;2016-04-09T17:08:24.047000;03429397-cf38-4e3b-b471-a77ae8016684;9.17;2.7516536;SELL
2016-04-09T17:08:26.000000;2016-04-09T17:08:26.430000;7357ea7b-1bb4-4e01-97fd-42085f8946ef;9.17;8.3514371;SELL
2016-04-09T17:08:26.000000;2016-04-09T17:08:26.440000;c0972b71-0126-4ada-a49d-78d3614adc96;9.17;11.61029293;SELL
2016-04-09T17:08:26.000000;2016-04-09T17:08:26.760000;d894b515-7888-4712-ad08-d12ae3824007;9.17;19.02337367;SELL
2016-04-09T17:08:27.000000;2016-04-09T17:08:27.263000;f6205a70-b37b-4626-b08a-4444000c8889;9.17;1.88971905;SELL
2016-04-09T17:08:27.000000;2016-04-09T17:08:27.943000;e8869677-1ed2-4be2-a253-7945e22e3dc2;9.17;5.0;SELL
2016-04-09T17:08:28.000000;2016-04-09T17:08:28.090000;be3a9bf2-c9ab-4888-a253-7b83547bd18e;9.17;1.88543932;SELL
2016-04-09T17:08:28.000000;2016-04-09T17:08:28.107000;23d777df-16c3-4e76-b04d-23a537ff66a7;9.17;4.96711203;SELL
2016-04-09T17:08:34.000000;2016-04-09T17:08:34.207000;51a2ca0b-34fd-4ee4-9639-64e552f6f36b;9.17;6.30078926;SELL
2016-04-09T17:10:58.000000;2016-04-09T17:10:58.997000;fb416133-be74-4aba-91bd-2771ef8ccd39;9.17;0.3501;SELL
2016-04-09T17:11:30.000000;2016-04-09T17:11:30.950000;bbad92c7-f08e-4108-a72c-dd2881500109;9.175;1.0;BUY
2016-04-09T17:11:33.000000;2016-04-09T17:11:33.040000;fc188cd4-404c-4874-bf19-28a988882a08;9.175;0.74524374;BUY
2016-04-09T17:11:33.000000;2016-04-09T17:11:33.050000;c6202226-a397-4e44-91e6-4669f08ad943;9.208;0.25475626;BUY
2016-04-09T17:11:35.000000;2016-04-09T17:11:35.463000;b1a707c3-fd29-4b0c-889d-56c5b837be98;9.208;0.09554374;BUY
2016-04-09T17:11:35.000000;2016-04-09T17:11:35.470000;eb33b818-785a-4c74-a84d-b42a89d9016b;9.208;0.3503;BUY
2016-04-09T17:11:35.000000;2016-04-09T17:11:35.487000;097e19ee-888f-4ff8-9507-a93991390b59;9.208;0.3503;BUY
2016-04-09T17:11:35.000000;2016-04-09T17:11:35.507000;925d97e3-a460-4792-ac28-19c6e8ba6ae7;9.214;0.20385626;BUY
2016-04-09T17:14:19.000000;2016-04-09T17:14:19.457000;33abfe58-22ac-4e3a-8966-0d83057cd6a0;9.171;18.98851797;SELL
2016-04-09T17:14:20.000000;2016-04-09T17:14:20.460000;c1ba84fb-4657-48b7-8f60-9314e5ef89ef;9.171;18.96940171;SELL
2016-04-09T17:14:20.000000;2016-04-09T17:14:20.480000;06647209-7592-4207-bb2a-7975588bd606;9.171;18.96940171;SELL
2016-04-09T17:15:36.000000;2016-04-09T17:15:36.970000;580bc6fb-5ec8-4abf-88c0-321f3bbdd956;9.2;2.23177;SELL
2016-04-09T17:15:38.000000;2016-04-09T17:15:38.517000;9dc983f8-95be-4b4f-a650-a3a4068d240c;9.2;3.40136831;SELL
2016-04-09T17:15:42.000000;2016-04-09T17:15:43.013000;b2206de0-02ff-48c4-9643-0b4009f8938f;9.2;3.39324087;SELL
2016-04-09T17:15:48.000000;2016-04-09T17:15:48.550000;7ae106cd-2367-4e57-add5-5272a90c52ca;9.2;3.37853145;SELL
2016-04-09T17:15:55.000000;2016-04-09T17:15:55.617000;bc4974e5-1384-446f-981c-82b9b9cb583e;9.2;3.35537019;SELL
2016-04-09T17:16:00.000000;2016-04-09T17:16:00.560000;63030b29-01d1-4dab-ac03-b577a15a5e14;9.2;3.32200411;SELL
2016-04-09T17:16:07.000000;2016-04-09T17:16:07.750000;eb5e289e-e0ee-42ce-afd0-d20e9a2cf898;9.2;3.2768588;SELL
2016-04-09T17:16:57.000000;2016-04-09T17:16:57.283000;0a22b4c6-b0c7-4c70-aa60-c5c5ad9fad9c;9.2;42.0664;SELL
2016-04-09T17:16:57.000000;2016-04-09T17:16:57.787000;fc0ae5f9-2a5f-4965-9eae-e6bad0aece62;9.2;0.54885;SELL
2016-04-09T17:17:41.000000;2016-04-09T17:17:41.210000;2755da97-7d87-4124-9113-a32148fadfae;9.2;3.25167374;SELL
2016-04-09T17:18:08.000000;2016-04-09T17:18:08.463000;ea14ec62-310c-43ee-9e31-3ba2baa1abfb;9.2;2.56262986;SELL
2016-04-09T17:18:12.000000;2016-04-09T17:18:12.777000;22a29723-c7c8-49b6-89ee-4bbd782a3601;9.2;2.49182563;SELL
2016-04-09T17:18:29.000000;2016-04-09T17:18:29.493000;42b08bee-b99e-401b-aa5d-712264c51b54;9.2;2.41159332;SELL
2016-04-09T17:18:33.000000;2016-04-09T17:18:33.713000;5568bd0a-6dc4-430d-a9ce-9b31dea74759;9.2;2.32233961;SELL
2016-04-09T17:19:41.000000;2016-04-09T17:19:41.427000;651e0134-0584-4819-89df-97a008cd09e7;9.2;21.9855;SELL
2016-04-09T17:19:42.000000;2016-04-09T17:19:42.320000;386d0b79-c10b-4d42-9029-2d09fa68bae6;9.2;4.411e-05;SELL
2016-04-09T17:20:52.000000;2016-04-09T17:20:53.203000;2bb50982-bead-4f5c-8c5d-ae3b19157f7d;9.2;2.6537141;BUY
2016-04-09T17:21:23.000000;2016-04-09T17:21:23.500000;ec6471be-c4ee-453b-bc3c-b459eef5464f;9.2;12.663619;SELL
2016-04-09T17:21:54.000000;2016-04-09T17:21:54.347000;b0bf52ea-eb32-493a-9f6b-434576922932;9.214;19.97081758;BUY
2016-04-09T17:21:54.000000;2016-04-09T17:21:54.357000;7af4cc95-68b5-4c96-ac60-c2772c0a29e7;9.215;0.94918242;BUY
2016-04-09T17:21:56.000000;2016-04-09T17:21:56.377000;99a23c19-8c79-4484-b032-f55c10046d9d;9.215;19.02163516;BUY
2016-04-09T17:21:56.000000;2016-04-09T17:21:56.383000;9c737f1f-eb14-470e-b95d-8a95fcc7ca62;9.218;20.17467384;BUY
2016-04-09T17:21:56.000000;2016-04-09T17:21:56.387000;89c7561e-8a65-4080-a0c4-0ee8afc44621;9.218;18.4303916;BUY
2016-04-09T17:21:56.000000;2016-04-09T17:21:56.420000;ee7a94ef-e285-4943-800f-7469b4710f98;9.219;1.74428224;BUY
2016-04-09T17:21:57.000000;2016-04-09T17:21:57.117000;8737ae5d-7dec-47bc-b968-b0a58186bb5f;9.219;17.4;SELL
2016-04-09T17:21:59.000000;2016-04-09T17:21:59.853000;9a29c287-a974-494e-96bb-fa8ac71f8b10;9.215;0.13721;SELL
2016-04-09T17:22:04.000000;2016-04-09T17:22:04.483000;07137239-6877-43ac-970d-587374eb30e2;9.239;28.2130921;BUY
2016-04-09T17:22:04.000000;2016-04-09T17:22:04.493000;65beb8d8-94aa-4b49-a69a-30c2eaebb892;9.24;9.9969079;BUY
2016-04-09T17:22:38.000000;2016-04-09T17:22:38.767000;c0dd1ddb-2ca6-4de9-a680-0196f32506c3;9.24;0.0030921;BUY
2016-04-09T17:22:51.000000;2016-04-09T17:22:51.833000;05985845-2828-4a80-8dd5-95e8f07f6dda;9.2499;23.39;BUY
2016-04-09T17:22:54.000000;2016-04-09T17:22:54.903000;67539a2e-f287-4200-85a2-58031f65e135;9.2499;120.61;BUY
2016-04-09T17:22:54.000000;2016-04-09T17:22:54.913000;3dadeacd-9d77-492e-9e1d-18e90f5adc3d;9.25;207.0;BUY
2016-04-09T17:24:30.000000;2016-04-09T17:24:30.587000;0fa6f1f9-57b0-4f19-be3f-e1bdf0e549d9;9.264;0.3503;BUY
2016-04-09T17:24:30.000000;2016-04-09T17:24:30.607000;75640ec9-3d36-4b2d-83ae-8907899093e1;9.264;0.3503;BUY
2016-04-09T17:24:30.000000;2016-04-09T17:24:30.617000;b14d5d01-2dcb-47b4-bec6-479b5960d9f3;9.265;0.3503;BUY
2016-04-09T17:24:30.000000;2016-04-09T17:24:30.643000;06ed637e-6939-400e-b491-1ca4f4b89ccf;9.265;0.3503;BUY
2016-04-09T17:24:30.000000;2016-04-09T17:24:30.643000;38a21029-fe44-42a3-be10-d59fbb409814;9.268;0.3503;BUY
2016-04-09T17:24:30.000000;2016-04-09T17:24:30.643000;dd68db8c-7246-4428-aa2b-7744be787575;9.268;0.3503;BUY
2016-04-09T17:24:30.000000;2016-04-09T17:24:30.647000;2a8385fa-57ae-45e3-9a44-1236358c2188;9.268;0.3482;BUY
2016-04-09T17:24:31.000000;2016-04-09T17:24:31.643000;9c349058-6996-4369-b15a-4577eddc49ec;9.268;0.0021;BUY
2016-04-09T17:24:50.000000;2016-04-09T17:24:50.920000;5bc7b7e4-0658-4ab5-b22b-842570ca658e;9.272;5.74613494;SELL
2016-04-09T17:25:10.000000;2016-04-09T17:25:10.720000;d8dffc22-ff40-4e76-bb94-8f6ce3b679f8;9.31;3.69110641;BUY
2016-04-09T17:25:10.000000;2016-04-09T17:25:10.723000;618270dc-1580-4c41-9d87-cb5fc3a1ecdd;9.31;4.93889359;BUY
2016-04-09T17:25:45.000000;2016-04-09T17:25:45.953000;c9e75feb-1a80-4b8f-98f6-2d5eab1c2363;9.31;0.00154197;BUY
2016-04-09T17:25:45.000000;2016-04-09T17:25:45.960000;6c6597a1-5e27-4e3e-a919-fed423197316;9.32;0.34845803;BUY
2016-04-09T17:26:24.000000;2016-04-09T17:26:24.570000;59a96a52-3968-4208-a76c-a3ed5306500a;9.323;2.51;BUY
2016-04-09T17:26:33.000000;2016-04-09T17:26:33.420000;fdd0cdcb-99c0-4b92-94c6-e25e2151cd51;9.348;0.3503;BUY
2016-04-09T17:26:33.000000;2016-04-09T17:26:33.420000;19efdc31-da86-417a-832f-f41d64401548;9.348;0.3023;BUY
2016-04-09T17:28:31.000000;2016-04-09T17:28:31.563000;c64dec40-041f-43af-b0eb-208188f9b273;9.285;18.78203686;SELL
2016-04-09T17:31:29.000000;2016-04-09T17:31:29.257000;5df91774-d0b2-40c6-907b-ba31c0c1d8b4;9.285;0.3099;SELL
2016-04-09T17:32:02.000000;2016-04-09T17:32:02.713000;64630e81-7deb-4edf-ab68-e3bd975df03a;9.285;0.6512948;SELL
2016-04-09T17:34:06.000000;2016-04-09T17:34:06.697000;d35a65fc-7e0c-4fd4-a40f-92ca39258201;9.285;0.1236;SELL
2016-04-09T17:35:18.000000;2016-04-09T17:35:18.683000;3efe9d96-d416-4ac8-85d5-4304237356fd;9.285;1.58762708;SELL
2016-04-09T17:44:20.000000;2016-04-09T17:44:20.057000;988e6cf1-49bf-45f9-8707-6588bb087a0f;9.285;4.59711859;SELL
2016-04-09T17:44:29.000000;2016-04-09T17:44:29.600000;008202f5-29ea-4685-8ff8-5ec031a111bb;9.285;4.59711859;SELL
2016-04-09T17:44:33.000000;2016-04-09T17:44:33.437000;685dd11a-e498-4177-9065-f1f93960f396;9.285;2.40744506;SELL
2016-04-09T17:44:37.000000;2016-04-09T17:44:37.853000;d52c6b6b-8c5b-4215-9ed5-6c56e97e3ed5;9.285;4.59711859;SELL
2016-04-09T17:44:40.000000;2016-04-09T17:44:41.027000;60594d8b-53a6-4214-8665-193df3fef40a;9.285;4.59711859;SELL
2016-04-09T17:44:44.000000;2016-04-09T17:44:44.293000;8c34d20d-1019-49a8-ab90-ad98a2f4c9cb;9.285;4.10677901;SELL
2016-04-09T17:44:47.000000;2016-04-09T17:44:47.983000;1464ddb1-f556-41b5-b9a5-93e3006bca4c;9.285;4.10677901;SELL
2016-04-09T17:44:52.000000;2016-04-09T17:44:52.183000;3a9f7513-d3cd-44af-b2aa-c87d2637feb7;9.285;4.10677901;SELL
2016-04-09T17:45:02.000000;2016-04-09T17:45:02.283000;70fe9398-5b16-4e5b-ad21-d30b19e0d355;9.285;2.46596678;SELL
2016-04-09T17:45:06.000000;2016-04-09T17:45:06.747000;aadc3ab8-f8c5-4baf-b74c-bfbf2c71ac01;9.285;1.95760915;SELL
2016-04-09T17:45:10.000000;2016-04-09T17:45:10.810000;95a3a241-5ebb-4b8b-bb92-054e72952dc1;9.285;1.50552407;SELL
2016-04-09T17:45:14.000000;2016-04-09T17:45:14.943000;4c3fadd1-e539-4b7f-80c0-ac9ac296e4b5;9.285;1.00634828;SELL
2016-04-09T17:45:18.000000;2016-04-09T17:45:18.707000;d8f6fdf6-3206-441c-92f7-1cf174fa3faf;9.285;2.98867821;SELL
2016-04-09T17:45:24.000000;2016-04-09T17:45:24.553000;114138b0-34e7-4fb6-88c5-7f251508f530;9.285;3.87519456;SELL
2016-04-09T17:47:17.000000;2016-04-09T17:47:18.027000;905928ac-e90d-4481-af1f-7cd97d3e10d3;9.285;3.98957859;SELL
2016-04-09T17:47:21.000000;2016-04-09T17:47:21.463000;b5fcb66b-6c1e-4ea3-9d3e-3a8f2f381975;9.285;3.98957859;SELL
2016-04-09T17:47:32.000000;2016-04-09T17:47:32.343000;ed212092-be1d-4969-9040-b359ccce1786;9.285;23.26602582;SELL
2016-04-09T17:47:33.000000;2016-04-09T17:47:33.187000;bf7c5631-d635-4c52-9b39-f218021cdd5b;9.285;0.38478076;SELL
2016-04-09T17:47:34.000000;2016-04-09T17:47:34.703000;7a3e65ce-d8f3-4bba-814a-a530ea29005c;9.28;5.56984432;SELL
2016-04-09T17:47:39.000000;2016-04-09T17:47:39.367000;94549516-44f4-4d2e-be06-445f5f221b1e;9.28;2.6785107;SELL
2016-04-09T17:47:43.000000;2016-04-09T17:47:43.090000;c6b83a56-7c4b-4668-9b1c-eccd9b197f94;9.28;1.92083448;SELL
2016-04-09T17:48:32.000000;2016-04-09T17:48:32.823000;5465247b-d290-4c71-b891-56d744f80057;9.28;1.30049379;SELL
2016-04-09T17:48:36.000000;2016-04-09T17:48:36.353000;c914b914-816c-49d9-a0bb-51e237a74dd2;9.28;1.40427105;SELL
2016-04-09T17:48:39.000000;2016-04-09T17:48:39.807000;5d46ccc8-b976-48c9-b87d-ba78202c5f48;9.28;2.45806124;SELL
2016-04-09T17:48:43.000000;2016-04-09T17:48:43.060000;a918851f-7c25-4333-add4-a2b1a2862024;9.28;2.4588361;SELL
2016-04-09T17:48:47.000000;2016-04-09T17:48:47.167000;ec27f5bb-3814-4e72-867c-b2d2f3014d9d;9.28;2.17714984;SELL
2016-04-09T17:48:50.000000;2016-04-09T17:48:50.607000;463168c1-e2c7-49b7-ba8e-c425852fe9e8;9.28;1.22049474;SELL
2016-04-09T17:48:54.000000;2016-04-09T17:48:54.207000;2b4ca010-1e2c-445e-bb3f-d00ea4e32ed2;9.28;5.63279032;SELL
2016-04-09T17:48:58.000000;2016-04-09T17:48:58.360000;b9253fc5-aee3-4a6d-907d-8f3f9eda120c;9.28;5.63279032;SELL
2016-04-09T17:49:02.000000;2016-04-09T17:49:02.290000;4f4a47c4-6502-4888-9b09-7deca410fd36;9.28;5.59206485;SELL
2016-04-09T17:49:04.000000;2016-04-09T17:49:04.120000;d6e76cd2-eaa5-4a27-91c8-1160617bf2c4;9.28;16.43520022;SELL
2016-04-09T17:49:04.000000;2016-04-09T17:49:04.230000;4afe462d-1717-438b-a4f5-2fbc53533490;9.28;23.26602582;SELL
2016-04-09T17:49:05.000000;2016-04-09T17:49:05.443000;2067fb03-7a4c-4ec1-a5bb-b32fa7cc7ad0;9.28;22.25263221;SELL
2016-04-09T17:49:05.000000;2016-04-09T17:49:05.457000;eae3bd24-5034-4948-9934-9f769a117d14;9.28;0.1;SELL
2016-04-09T17:49:31.000000;2016-04-09T17:49:31.293000;ee4bc357-2d19-422d-8f05-d04470b17218;9.26;1.04491021;SELL
2016-04-09T17:50:37.000000;2016-04-09T17:50:37.963000;6edd0bc4-829e-488b-97d6-cf49ee738046;9.26;22.35263221;SELL
2016-04-09T17:54:53.000000;2016-04-09T17:54:53.953000;054ffdf0-09f4-4513-9010-2f2914a66afe;9.26;5.06151817;SELL
2016-04-09T17:55:19.000000;2016-04-09T17:55:19.787000;72e65ce2-10f1-4d41-abfa-b69bdb3ec37c;9.2759;10.0;BUY
2016-04-09T17:56:05.000000;2016-04-09T17:56:05.617000;4c88d2fb-00e1-4a8b-914b-3965740f278c;9.26;111.54;SELL
2016-04-09T17:56:06.000000;2016-04-09T17:56:06.370000;42dcf024-310d-40e8-b5c8-2646df5857cd;9.26;0.00093941;SELL
2016-04-09T17:56:41.000000;2016-04-09T17:56:41.950000;782cfdef-e6d3-495f-a215-7b75c4186386;9.25;2.28908078;SELL
2016-04-09T17:56:46.000000;2016-04-09T17:56:46.497000;89f08d08-6554-4a0f-a276-47c6a23754f1;9.25;1.26443164;SELL
2016-04-09T17:56:57.000000;2016-04-09T17:56:57.287000;065a2eb6-5d2b-4e14-a8bd-d024cfcd622d;9.25;4.35648758;SELL
2016-04-09T17:57:13.000000;2016-04-09T17:57:13.257000;8ed3326e-3730-40db-822c-93ff3cc40766;9.22;2.66370146;SELL
2016-04-09T17:57:17.000000;2016-04-09T17:57:17.120000;783c2187-358e-40ae-ad2c-9c7b6f900bdb;9.22;2.66370146;SELL
2016-04-09T17:57:20.000000;2016-04-09T17:57:20.930000;8285cb35-a550-499f-b686-223ef1380167;9.22;2.66370146;SELL
2016-04-09T17:57:35.000000;2016-04-09T17:57:35.630000;110fe01a-6211-4937-b8bc-aae6b02c2fc8;9.22;2.34965634;SELL
2016-04-09T17:57:38.000000;2016-04-09T17:57:38.930000;1550c4ef-a8a9-45c7-974a-ff84ca4054fb;9.22;2.16527459;SELL
2016-04-09T17:58:00.000000;2016-04-09T17:58:00.180000;80ea189a-adea-4e75-baf9-181a9aed8482;9.22;39.2;SELL
2016-04-09T17:58:04.000000;2016-04-09T17:58:04.740000;c4813349-c6f4-4d87-9d04-5e5354dcb2ca;9.22;3.00860301;SELL
2016-04-09T17:58:07.000000;2016-04-09T17:58:07.047000;c3b7f7e4-72da-4692-8335-82cadc97dfc4;9.22;41.9978;SELL
2016-04-09T17:58:08.000000;2016-04-09T17:58:08.923000;61c5ecc6-75b8-44b0-bf19-0d3db652ac61;9.22;2.66283635;SELL
2016-04-09T17:58:12.000000;2016-04-09T17:58:12.583000;325e5f87-c200-49f2-b26f-d6400c50a83a;9.22;0.62472533;SELL
2016-04-09T17:58:44.000000;2016-04-09T17:58:44.477000;e24eb229-bc24-4d1a-b2b0-79ec99d3ac7a;9.19;28.00815963;SELL
2016-04-09T18:02:28.000000;2016-04-09T18:02:28.807000;eed00f85-491a-4ef7-a09e-3d20b8909e70;9.219;10.0;BUY
2016-04-09T18:03:40.000000;2016-04-09T18:03:40.560000;98f531ad-8f86-44b2-bcbb-6d13cf2ce225;9.219;7.79;BUY
2016-04-09T18:06:22.000000;2016-04-09T18:06:22.223000;c685c20b-0493-4508-8ce4-29f6c4df3be8;9.225;4.35648758;BUY
2016-04-09T18:06:22.000000;2016-04-09T18:06:22.227000;4b7abd0a-6e23-419e-97ac-d98985e5dab9;9.226;13.53221242;BUY
2016-04-09T18:08:46.000000;2016-04-09T18:08:46.750000;1eef25c2-1d1e-4a20-86a7-d8f25ec60d71;9.26;2.3464264;BUY
2016-04-09T18:08:46.000000;2016-04-09T18:08:46.767000;0981ba79-f709-4173-aa9d-62fc0605d397;9.279;11.6535736;BUY
2016-04-09T18:13:17.000000;2016-04-09T18:13:17.477000;54dbaca7-b8a8-4c2e-9750-eaccfbbd4054;9.28;5.63279032;BUY
2016-04-09T18:29:39.000000;2016-04-09T18:29:40.003000;580a246a-cfca-480f-9f2d-466fd09b332b;9.35;2.08908864;SELL
2016-04-09T18:29:54.000000;2016-04-09T18:29:55.027000;c40649c9-a06b-469f-973d-b5c588105b05;9.35;1.46209437;SELL
2016-04-09T18:30:09.000000;2016-04-09T18:30:09.333000;f872ee7a-2458-4f63-8835-30cbff29d1aa;9.35;0.83853442;SELL
2016-04-09T18:30:14.000000;2016-04-09T18:30:14.760000;08cdf228-706a-4bee-9fe8-1cdf7f99124e;9.35;2.45020468;SELL
2016-04-09T18:30:21.000000;2016-04-09T18:30:21.423000;5ad260ca-5a30-4f1f-afe4-400a92774da2;9.35;1.30306923;SELL
2016-04-09T18:30:25.000000;2016-04-09T18:30:25.150000;266c1365-973e-47e6-8f53-6e93980f876d;9.35;2.37491266;SELL
2016-04-09T18:30:28.000000;2016-04-09T18:30:28.980000;d3a77c24-27b0-423b-9824-f27466e123ac;9.35;2.02690981;SELL
2016-04-09T18:30:42.000000;2016-04-09T18:30:42.463000;578c95fc-4e94-4494-bdae-8223953a55d0;9.35;2.37491266;SELL
2016-04-09T18:30:47.000000;2016-04-09T18:30:47.440000;8506735e-ef7f-4137-84d7-23489115ba9d;9.35;1.74251072;SELL
2016-04-09T18:30:51.000000;2016-04-09T18:30:51.373000;ad27fd4f-8d20-4907-a755-b09e45fa5914;9.35;2.28866652;SELL
2016-04-09T18:31:05.000000;2016-04-09T18:31:05.417000;87806f28-3455-4825-9c51-c9ffb7e872bf;9.35;3.50927861;SELL
2016-04-09T18:31:09.000000;2016-04-09T18:31:09.183000;0f396ffc-8061-4185-ae79-060419cddde6;9.35;2.53981768;SELL
2016-04-09T18:32:02.000000;2016-04-09T18:32:02.240000;0cb38700-43e0-4740-be10-44b24a90aee3;9.371;10.0;BUY
2016-04-09T18:36:57.000000;2016-04-09T18:36:57.337000;958e0dc3-d7dd-47f2-a834-f921b64e1887;9.32;2.66628;SELL
2016-04-09T18:37:02.000000;2016-04-09T18:37:02.967000;b6baa94b-f406-4b82-bed7-34a96c7f1092;9.32;2.66628;SELL
2016-04-09T18:37:06.000000;2016-04-09T18:37:06.907000;425bbe88-8f73-4815-9b29-f068e2743471;9.32;0.47315343;SELL
2016-04-09T18:37:12.000000;2016-04-09T18:37:12.083000;a51a1db0-6d39-4d67-8ef1-54efcd5dffdd;9.32;3.04962689;SELL
2016-04-09T18:37:15.000000;2016-04-09T18:37:15.577000;2e93cb21-d305-4d6a-8a41-9696003ef39a;9.32;0.87062026;SELL
2016-04-09T18:37:20.000000;2016-04-09T18:37:20.283000;f6823e71-f244-4ca9-bc87-c60c0d4e0f64;9.32;2.05797092;SELL
2016-04-09T18:37:24.000000;2016-04-09T18:37:24.713000;a22b9562-8dbc-4b89-a34b-1c21fb9ee6df;9.32;0.47315343;SELL
2016-04-09T18:37:28.000000;2016-04-09T18:37:28.490000;9f0c1ce0-df61-4888-9609-49e29ba77dda;9.32;2.58965208;SELL
2016-04-09T18:37:32.000000;2016-04-09T18:37:32.460000;50ecd945-567d-49fc-b342-4b94de6ef292;9.32;1.01437691;SELL
2016-04-09T18:37:36.000000;2016-04-09T18:37:36.373000;14cd7f0d-3b75-4a46-9847-1283852bd138;9.32;2.51303797;SELL
