time_exchange;time_coinpai;guid;price;base_amount;taker_side
2016-03-23T00:02:05.000000;2016-03-23T00:02:07.027000;b4b194ef-8016-4862-b33e-352a1fd5b284;11.222;0.1;SELL
2016-03-23T00:02:26.000000;2016-03-23T00:02:26.627000;6aaf305f-eed4-4164-be69-78a05f6968f0;11.27;1.87917017;BUY
2016-03-23T00:04:41.000000;2016-03-23T00:04:41.323000;1dfec90b-761d-4c48-8491-e0291e5f349a;11.27;0.13;BUY
2016-03-23T00:04:42.000000;2016-03-23T00:04:42.427000;0a3bd6a2-558f-4145-9ad8-de7597a33506;11.27;0.13;BUY
2016-03-23T00:04:45.000000;2016-03-23T00:04:45.983000;38b55985-a334-4f2d-8f10-84a19e426878;11.27;0.13;BUY
2016-03-23T00:04:51.000000;2016-03-23T00:04:51.220000;632a90ff-89b9-4b94-ba6a-1953ad6de244;11.27;0.13;BUY
2016-03-23T00:04:53.000000;2016-03-23T00:04:53.910000;f1dbd318-beb4-45e5-8bc0-62b63c559d9c;11.27;0.53031517;BUY
2016-03-23T00:15:27.000000;2016-03-23T00:15:27.760000;29e21e25-990c-4f4f-81a7-4a5019da09a2;11.315;0.85;BUY
2016-03-23T00:19:34.000000;2016-03-23T00:19:34.060000;2476922f-6a1a-4e97-99f9-add064378b2a;11.315;0.5;BUY
2016-03-23T00:34:03.000000;2016-03-23T00:34:03.537000;d3ea5871-0e7e-465c-9d74-12264565d9a7;11.319;2.347102;BUY
2016-03-23T00:37:32.000000;2016-03-23T00:37:32.860000;d107f013-4855-433a-9663-f95cfd3dfb3f;11.28;3.4;BUY
2016-03-23T00:37:32.000000;2016-03-23T00:37:32.917000;7331b2bd-7c2e-49a2-aad6-2eb88a615509;11.282;0.999;SELL
2016-03-23T00:38:55.000000;2016-03-23T00:38:55.740000;bf28584b-7027-4fc3-8fb0-7a9d02b54031;11.291;17.1269;BUY
2016-03-23T00:41:44.000000;2016-03-23T00:41:44.610000;f46b7136-487e-4c4c-8e53-c46aad7edf11;11.286;43.815;BUY
2016-03-23T00:41:44.000000;2016-03-23T00:41:44.627000;0e9fb48f-b395-4672-ae53-0c523d1cbc60;11.292;2.347102;BUY
2016-03-23T00:41:47.000000;2016-03-23T00:41:47.093000;c7552747-cd87-4162-a191-7b99bb8700fe;11.298;28.87706884;SELL
2016-03-23T00:41:48.000000;2016-03-23T00:41:48.813000;3f3f83c9-c954-4cd4-ad49-d041cfb0bad7;11.298;6.3538;SELL
2016-03-23T00:41:50.000000;2016-03-23T00:41:51.003000;fd866bcc-f56b-40a4-bf71-4f7100d653d2;11.298;15.19581416;SELL
2016-03-23T00:41:53.000000;2016-03-23T00:41:53.560000;caca493a-4584-4706-a1f3-712a84e9f85b;11.298;15.06954056;SELL
2016-03-23T00:41:53.000000;2016-03-23T00:41:53.603000;a1224141-521f-45a8-81f0-cc368f25ed23;11.298;28.87706884;SELL
2016-03-23T00:41:56.000000;2016-03-23T00:41:56.493000;e383adf2-5764-4ee5-bcc0-5c5e5eac222a;11.298;2.5415;SELL
2016-03-23T00:42:22.000000;2016-03-23T00:42:22.257000;c0dbac3a-6dd2-4a95-b8db-f69240b6b489;11.298;1.0166;SELL
2016-03-23T00:42:58.000000;2016-03-23T00:42:58.633000;1254db91-903e-4fd5-b8a0-e39ec7bff858;11.298;0.4067;SELL
2016-03-23T00:43:07.000000;2016-03-23T00:43:07.820000;b99faa55-a7e6-4ad3-8d8c-81982a2c7b59;11.298;0.1627;SELL
2016-03-23T00:44:35.000000;2016-03-23T00:44:35.057000;2044ca07-2fdd-42ed-8ab9-6e5df0f943c5;11.298;0.13714;SELL
2016-03-23T00:44:56.000000;2016-03-23T00:44:56.973000;dd0602fa-cb53-48b0-b7ea-c003fe840aaf;11.298;3.73509538;SELL
2016-03-23T00:45:45.000000;2016-03-23T00:45:45.147000;2018d432-f0ee-4801-9e13-6403e58877fa;11.298;2.19538;SELL
2016-03-23T00:50:12.000000;2016-03-23T00:50:12.053000;fa38a123-3273-4873-a31d-dcee28faf3db;11.298;1.01695903;SELL
2016-03-23T00:55:48.000000;2016-03-23T00:55:49.237000;77d6eb9a-a11d-4e6b-b7e9-f935675dd06e;11.307;28.90597481;BUY
2016-03-23T01:12:05.000000;2016-03-23T01:12:05.557000;7b6bebee-4a3a-42ad-b06c-f14d8b126903;11.298;20.090613;SELL
2016-03-23T01:12:05.000000;2016-03-23T01:12:05.877000;bb28f082-8942-483e-9622-b8319060bda4;11.298;28.87706884;SELL
2016-03-23T01:12:06.000000;2016-03-23T01:12:06.267000;d3f432c0-4fbb-4745-8345-36475d09290f;11.298;25.883501;SELL
2016-03-23T01:12:06.000000;2016-03-23T01:12:06.657000;07f88836-ef74-417f-a582-cb66fe8fadc8;11.298;28.87706884;SELL
2016-03-23T01:12:11.000000;2016-03-23T01:12:11.400000;a5958da2-1915-422f-bd37-f72828c26c0f;11.298;18.7928387;SELL
2016-03-23T01:12:15.000000;2016-03-23T01:12:15.187000;77ae1f04-bfd5-43b7-b54d-9a071f90f4bf;11.298;10.08423014;SELL
2016-03-23T01:12:47.000000;2016-03-23T01:12:48.000000;54127012-39d7-45db-a5be-c82e0c40fcef;11.298;25.8835112;SELL
2016-03-23T01:20:28.000000;2016-03-23T01:20:28.663000;0025d6ae-0aca-4b45-9544-c1f5d551efc2;11.298;28.87706884;SELL
2016-03-23T01:23:14.000000;2016-03-23T01:23:14.743000;c4fe0419-02b0-48cc-9705-e228fcd4a27e;11.298;28.87706884;SELL
2016-03-23T01:23:15.000000;2016-03-23T01:23:15.673000;f28cac2c-22f7-4dfc-afd2-eb26c44a5c44;11.298;15.26704286;SELL
2016-03-23T01:23:15.000000;2016-03-23T01:23:15.933000;dd64fff3-b6d0-4ca3-8537-f4afb54b5630;11.298;15.26704286;SELL
2016-03-23T01:23:16.000000;2016-03-23T01:23:16.173000;beede467-3a87-4240-98ce-c7635501830e;11.298;1.47547607;SELL
2016-03-23T01:23:16.000000;2016-03-23T01:23:16.187000;1f19614d-3c90-4cfe-81ed-ee760c6fb9cd;11.298;0.18100318;SELL
2016-03-23T01:23:55.000000;2016-03-23T01:23:55.507000;fe42a1e7-b139-45ed-90aa-97e91c7add7b;11.25;26.48460484;SELL
2016-03-23T01:23:57.000000;2016-03-23T01:23:57.633000;208aebcb-8a82-4099-8441-617733ff13b0;11.25;24.51539516;SELL
2016-03-23T01:24:03.000000;2016-03-23T01:24:03.963000;e700b6ac-5e60-4416-801b-1cd7c03013f0;11.218;4.33279662;SELL
2016-03-23T01:35:40.000000;2016-03-23T01:35:40.957000;de614392-d202-435f-8cad-1c9f2eefb2f5;11.202;1.9;SELL
2016-03-23T01:35:40.000000;2016-03-23T01:35:40.970000;3337fd6a-6b99-4045-b9ce-4fb884e7b55e;11.201;8.1;SELL
2016-03-23T01:46:32.000000;2016-03-23T01:46:32.497000;b527919a-fd83-4ac6-badc-1f8e7d498847;11.239;5.30757957;BUY
2016-03-23T01:46:55.000000;2016-03-23T01:46:55.733000;8789a002-63d1-4a3e-ab36-bab3a93744e5;11.239;4.20716715;BUY
2016-03-23T01:47:00.000000;2016-03-23T01:47:00.787000;8e4b5712-ff85-4899-ab79-b216fff6646a;11.239;18.69914647;BUY
2016-03-23T01:47:00.000000;2016-03-23T01:47:00.870000;e1499d85-816b-4d1d-84df-d2c1c9ed74a2;11.239;10.20682835;BUY
2016-03-23T01:47:00.000000;2016-03-23T01:47:01.633000;2fafe64b-6130-44f1-9324-6790f0cdd4e5;11.239;4.23189677;BUY
2016-03-23T01:47:02.000000;2016-03-23T01:47:03.237000;89750179-0dcc-4b4f-9d04-aa5c08d82b64;11.239;2.34738169;BUY
2016-03-23T01:51:44.000000;2016-03-23T01:51:44.347000;7ce05791-c6bf-4586-8fab-81f5b68e249c;11.274;1.9;BUY
2016-03-23T01:51:44.000000;2016-03-23T01:51:44.363000;dc7952d8-629e-448e-b4e3-398ddaa4730d;11.275;2.21964075;BUY
2016-03-23T01:57:00.000000;2016-03-23T01:57:00.460000;cd2e4db0-0f22-49fc-bd55-1002fa0d3608;11.379;2.388977;BUY
2016-03-23T02:21:34.000000;2016-03-23T02:21:34.423000;d030a2f0-813c-43de-bde2-40fef346ee5c;11.346;23.8387482;SELL
2016-03-23T02:24:41.000000;2016-03-23T02:24:41.090000;9983b2ab-a8d0-4876-9a64-802eeeddae0d;11.359;3.149;BUY
2016-03-23T02:24:47.000000;2016-03-23T02:24:47.410000;8d23334c-8299-4352-b87e-a1cc94cf4b9f;11.359;10.292;BUY
2016-03-23T02:24:52.000000;2016-03-23T02:24:53.220000;57159272-0f12-466b-9e75-a39ee2275a97;11.359;5.0;BUY
2016-03-23T02:25:02.000000;2016-03-23T02:25:02.853000;e7b3983d-a5ae-4716-9e63-c7ab39b21c75;11.359;3.999;BUY
2016-03-23T02:36:08.000000;2016-03-23T02:36:08.133000;db2a26c5-343e-4c29-9a0f-b26c6a1609f5;11.44;13.811;BUY
2016-03-23T02:36:15.000000;2016-03-23T02:36:15.733000;45b7b372-d32d-4a6b-b48d-67a7575df152;11.44;6.189;BUY
2016-03-23T02:36:22.000000;2016-03-23T02:36:22.877000;ae2699ca-146d-49c2-ae55-5a88cb42e5ba;11.464;1.661;BUY
2016-03-23T02:46:16.000000;2016-03-23T02:46:16.810000;44359e08-2a5b-4a79-bf3d-2f05adf99c5b;11.464;6.8794259;BUY
2016-03-23T02:47:28.000000;2016-03-23T02:47:29.000000;ac053bcb-1abc-498f-8ad0-f57eef6afd94;11.46;3.0;BUY
2016-03-23T03:06:05.000000;2016-03-23T03:06:05.753000;1587056a-b435-4ede-b70a-544045a73b87;11.459;0.18099836;BUY
2016-03-23T03:06:05.000000;2016-03-23T03:06:05.767000;1e4ddb3f-277c-4325-8218-e548e0604bd5;11.46;7.49500164;BUY
2016-03-23T03:16:59.000000;2016-03-23T03:17:00.043000;1e1c09f2-07f8-48b8-a167-70d9cd46a3d8;11.459;0.35;BUY
2016-03-23T03:22:16.000000;2016-03-23T03:22:17.163000;23102b08-bfca-4efa-a85a-6e7145fe84cd;11.459;2.0;BUY
2016-03-23T03:45:27.000000;2016-03-23T03:45:27.393000;f676aceb-034f-4a03-bef4-b7794bd1247d;11.46;12.50499836;BUY
2016-03-23T03:45:27.000000;2016-03-23T03:45:27.400000;4c1ab92e-6b5d-41c3-9645-e30fa4232da1;11.478;2.11028856;BUY
2016-03-23T03:51:23.000000;2016-03-23T03:51:23.587000;89e0052f-53cf-4275-bbce-eb0cd621a428;11.478;0.25415044;BUY
2016-03-23T03:56:34.000000;2016-03-23T03:56:34.817000;0bffa8d8-cdac-4259-ba9e-863f3fc5e774;11.5;14.48207466;BUY
2016-03-23T03:56:43.000000;2016-03-23T03:56:43.073000;65ce8712-3f86-455d-b22c-b79691188bd8;11.5;1.84677236;BUY
2016-03-23T03:56:46.000000;2016-03-23T03:56:46.937000;8a2fa6f7-196c-41be-9f21-c500f4264cdd;11.5;3.67115298;BUY
2016-03-23T03:59:01.000000;2016-03-23T03:59:01.610000;dc1dfa98-c981-479a-837e-45eb3e262915;11.52;11.13792498;BUY
2016-03-23T04:41:46.000000;2016-03-23T04:41:46.660000;467e22f0-de80-416d-885e-cef1ef16a8ac;11.53;20.0;BUY
2016-03-23T04:41:47.000000;2016-03-23T04:41:48.840000;a16de7a3-5471-453d-95bb-ce49cd8e6531;11.55;264.17803683;BUY
2016-03-23T04:41:47.000000;2016-03-23T04:41:48.860000;be21d6e8-d9ec-4b54-af1d-aae55325cfd7;11.574;350.0;BUY
2016-03-23T04:55:05.000000;2016-03-23T04:55:05.343000;10fc6c2d-c003-431e-a410-8214c26fe5c1;11.77;20.0;BUY
2016-03-23T04:55:08.000000;2016-03-23T04:55:08.457000;fc9969a2-6bc7-4d11-9e07-24fe3961a0fa;11.8;0.1;BUY
2016-03-23T04:55:36.000000;2016-03-23T04:55:36.823000;8fd6db35-a7e6-49e3-8428-9dd5631e6254;11.812;6.6355;SELL
2016-03-23T04:55:45.000000;2016-03-23T04:55:45.400000;0424d507-dae5-4e2c-8914-81636ba864ae;11.812;2.6542;SELL
2016-03-23T04:56:01.000000;2016-03-23T04:56:01.190000;bfc11985-e534-414d-82e0-e40c641c1bfd;11.812;1.0616;SELL
2016-03-23T04:56:27.000000;2016-03-23T04:56:27.650000;5271d5e0-8cd5-415a-8f01-0dc90c470d6f;11.812;0.4247;SELL
2016-03-23T04:56:31.000000;2016-03-23T04:56:31.483000;97de83ff-fe37-45b8-94b7-a896648a8a99;11.828;0.45883265;BUY
2016-03-23T04:56:48.000000;2016-03-23T04:56:49.243000;14c09ab5-163c-4692-a31d-f96407a0a40d;11.812;0.1699;SELL
2016-03-23T04:57:14.000000;2016-03-23T04:57:14.780000;c0b6a01f-e2d1-47fa-85e8-9b7450b6ce1c;11.812;4.27853969;SELL
2016-03-23T04:57:14.000000;2016-03-23T04:57:14.790000;663a1be9-43e6-4e9c-9b87-739e017161ab;11.811;0.08246031;SELL
2016-03-23T04:57:54.000000;2016-03-23T04:57:54.840000;fbddc9a0-4d45-4d3e-ba93-0e6771c4cc4e;11.811;1.91637965;SELL
2016-03-23T04:57:54.000000;2016-03-23T04:57:54.847000;0f5029d7-69db-4a91-bec2-0aa527a19e16;11.801;1.35462035;SELL
2016-03-23T04:58:14.000000;2016-03-23T04:58:14.920000;3280b323-cfda-4dcd-be5f-d89b3f2c2c06;11.801;1.02699465;SELL
2016-03-23T04:58:14.000000;2016-03-23T04:58:14.940000;bff5b10e-2646-4436-b789-a8aa5dc5a6b5;11.771;1.42600535;SELL
2016-03-23T04:58:54.000000;2016-03-23T04:58:54.640000;9e60e642-6f3d-4667-8745-decc7e87b551;11.79;1.84;SELL
2016-03-23T04:59:14.000000;2016-03-23T04:59:14.987000;c714d98b-2e94-4d65-a2b7-c77809d0decf;11.789;1.38;SELL
2016-03-23T04:59:54.000000;2016-03-23T04:59:54.883000;05c261ac-ef26-458f-a889-b276dfbaa864;11.789;0.2361374;SELL
2016-03-23T04:59:54.000000;2016-03-23T04:59:54.900000;ee46316d-3961-41b2-811c-a5ae55df6b19;11.789;0.7988626;SELL
2016-03-23T05:27:30.000000;2016-03-23T05:27:30.753000;77d83add-4ee3-437b-8374-8905db5134ed;11.79;0.5;BUY
2016-03-23T05:30:46.000000;2016-03-23T05:30:46.333000;51853736-51de-410f-9077-b8b409e7d236;11.79;9.5;BUY
2016-03-23T05:31:44.000000;2016-03-23T05:31:44.993000;761058fb-2385-4e34-960b-e6467e36bb5b;11.85;20.0;BUY
2016-03-23T05:34:19.000000;2016-03-23T05:34:19.560000;7e92598a-42d4-45b7-bdbc-b7bfb54951fa;11.88;10.0;BUY
2016-03-23T05:34:19.000000;2016-03-23T05:34:19.570000;28b72762-42af-4a13-b96e-5e57889606df;11.9;2.5;BUY
2016-03-23T05:34:19.000000;2016-03-23T05:34:19.573000;98333bb7-07c7-4594-9f35-41d564dcd07b;11.9;10.0;BUY
2016-03-23T05:34:19.000000;2016-03-23T05:34:19.607000;ecf4d4c8-120e-43b8-8717-923d6440686d;11.903;0.55056;BUY
2016-03-23T05:34:19.000000;2016-03-23T05:34:19.607000;b8c1fd43-9445-4f0a-a831-4f6066c89d8a;11.91;20.0;BUY
2016-03-23T05:34:19.000000;2016-03-23T05:34:19.617000;c432a24a-1669-4cce-b9a0-7fb830c41d3e;11.91;36.3;BUY
2016-03-23T05:34:20.000000;2016-03-23T05:34:20.107000;1e7c5921-51ac-4128-8e0b-d3f328ae82ee;11.91;8.7;BUY
2016-03-23T05:34:20.000000;2016-03-23T05:34:20.107000;027084f1-cf63-49d6-bfee-68ddce9d63a2;11.924;1.339111;BUY
2016-03-23T05:34:21.000000;2016-03-23T05:34:22.367000;8660947e-7c4c-4e56-a2bf-7390a39d2403;11.918;29.9;SELL
2016-03-23T05:34:23.000000;2016-03-23T05:34:23.540000;baa7e139-327f-4fef-bc56-1306e293d6ed;11.944;0.55056;BUY
2016-03-23T05:34:23.000000;2016-03-23T05:34:23.790000;d8c2b497-6f21-447e-ba95-069903292c0b;11.944;29.52840705;BUY
2016-03-23T05:34:23.000000;2016-03-23T05:34:23.803000;3783bb30-6606-4d54-87fb-2a57b567d112;11.944;12.14033295;BUY
2016-03-23T05:34:23.000000;2016-03-23T05:34:23.813000;485049c9-0ecc-4204-91a4-4b9d61d0e2b9;11.945;0.55056;BUY
2016-03-23T05:34:23.000000;2016-03-23T05:34:23.840000;4c9f0cf7-dbd8-4837-b0e3-ea943e860a38;11.96;0.52160268;BUY
2016-03-23T05:34:23.000000;2016-03-23T05:34:23.840000;173d3a42-da02-447d-b201-cd02c4ddaaf6;11.96;2.4128;BUY
2016-03-23T05:34:23.000000;2016-03-23T05:34:23.840000;22d1b0eb-b858-4876-aeef-a912fbd97e2e;11.96;7.42526437;BUY
2016-03-23T05:34:25.000000;2016-03-23T05:34:25.580000;112d1450-d835-4e6a-8d96-c123ebec57a9;11.959;23.05056;BUY
2016-03-23T05:34:25.000000;2016-03-23T05:34:25.653000;14c11541-7089-45d5-9083-557f7aeda60a;11.959;1.63122139;BUY
2016-03-23T05:34:25.000000;2016-03-23T05:34:26.247000;dfc6f8d0-0890-4ef4-9592-f9ceb3c5752b;11.959;17.73351861;BUY
2016-03-23T05:34:25.000000;2016-03-23T05:34:26.257000;033b61af-4538-4f02-8a30-d1966e42fa00;11.96;2.15744963;BUY
2016-03-23T05:34:25.000000;2016-03-23T05:34:26.267000;d92f10bc-23e8-4528-bcf6-ed2e4b195e6c;11.964;0.55056;BUY
2016-03-23T05:34:25.000000;2016-03-23T05:34:26.293000;4f274b5f-600d-4069-9634-8342c1553ca6;11.973;0.55056;BUY
2016-03-23T05:34:25.000000;2016-03-23T05:34:26.297000;34e18134-8c10-49f1-b348-41ad3b5dae53;11.979;0.55048;BUY
2016-03-23T05:34:25.000000;2016-03-23T05:34:26.297000;7074b956-8717-4b3f-a6eb-9d1214ce5c6a;11.979;7.98583881;BUY
2016-03-23T05:34:26.000000;2016-03-23T05:34:26.313000;05ba5923-b03b-4e98-949c-8261b7953bbb;11.979;10.0;BUY
2016-03-23T05:34:26.000000;2016-03-23T05:34:26.393000;6deb0b17-9e02-4cec-827c-2d37852dbbf3;11.979;0.53012566;BUY
2016-03-23T05:34:27.000000;2016-03-23T05:34:27.483000;dbf8ff6c-8a64-4213-917d-6c7a070ddc33;11.978;29.52840705;BUY
2016-03-23T05:34:27.000000;2016-03-23T05:34:27.570000;d59c6caf-9900-4b10-86cb-437828112095;11.978;4.08375784;BUY
2016-03-23T05:34:27.000000;2016-03-23T05:34:27.680000;9d66d182-6e6a-4872-95b1-3cb24be8bf47;11.978;8.14963511;BUY
2016-03-23T05:34:27.000000;2016-03-23T05:34:27.690000;938dc1e5-a66d-4bb3-9ec0-3320207cf00e;11.979;1.85036489;BUY
2016-03-23T05:34:27.000000;2016-03-23T05:34:28.000000;c78b7e74-37fc-4f01-b54e-df4472594f31;11.945;33.3;SELL
2016-03-23T05:34:27.000000;2016-03-23T05:34:28.320000;99173e9e-c94f-4056-bac8-a99ae5050f7a;11.979;0.53266406;BUY
2016-03-23T05:34:27.000000;2016-03-23T05:34:28.337000;3407ddbb-0dc5-465a-943c-6ecc6898470b;11.979;29.52840705;BUY
2016-03-23T05:34:28.000000;2016-03-23T05:34:28.790000;2f0315d6-9f49-4fa1-8586-27632e9551f9;11.979;10.0;BUY
2016-03-23T05:34:28.000000;2016-03-23T05:34:28.980000;e721e92a-a43e-4e77-a044-004fa4dd75f8;11.98;0.55056;BUY
2016-03-23T05:34:28.000000;2016-03-23T05:34:28.983000;d01906c8-fc2a-4977-b5ae-648f8ee40f28;11.98;28.97784705;BUY
2016-03-23T05:34:28.000000;2016-03-23T05:34:29.073000;2c549911-ec6d-4f48-874f-017c08d78feb;11.98;0.53266406;BUY
2016-03-23T05:34:29.000000;2016-03-23T05:34:29.277000;94dbf40a-d429-4c28-8034-ef4dbccfa0de;11.978;1.63122139;BUY
2016-03-23T05:34:29.000000;2016-03-23T05:34:29.357000;34f5f4bd-2e11-4a41-a23a-5d4ebea7003c;11.978;4.08375784;BUY
2016-03-23T05:34:29.000000;2016-03-23T05:34:29.977000;138f742b-c2b2-4268-a46c-26d15cbc41b2;11.978;0.53012566;BUY
2016-03-23T05:34:30.000000;2016-03-23T05:34:30.347000;eaa8225b-6b27-4e9b-afe0-ff952192628a;11.978;29.52840704;BUY
2016-03-23T05:34:30.000000;2016-03-23T05:34:30.837000;6e193cd6-89f2-44ed-848c-1ef34e5af183;11.978;4.08375784;BUY
2016-03-23T05:34:30.000000;2016-03-23T05:34:31.137000;6b37b872-4540-4b56-a37c-f6c52d9ce041;11.978;2.30933023;BUY
2016-03-23T05:34:30.000000;2016-03-23T05:34:31.173000;1b99851e-c0bd-44b6-9911-a91f46783393;11.98;20.74122977;BUY
2016-03-23T05:34:31.000000;2016-03-23T05:34:31.483000;41621669-5fa1-412c-9844-0d123aae9cfa;11.98;1.63122139;BUY
2016-03-23T05:34:31.000000;2016-03-23T05:34:31.520000;d086fb19-b00d-486a-bf16-b05a60019cdf;11.98;31.3088101;BUY
2016-03-23T05:34:31.000000;2016-03-23T05:34:31.677000;224d71aa-46e9-4719-9878-176cbe57a6d0;11.98;23.05056;BUY
2016-03-23T05:34:31.000000;2016-03-23T05:34:31.883000;955b13b3-3bfb-4fc2-a116-19d8ad7c5d22;11.979;0.53266406;BUY
2016-03-23T05:34:32.000000;2016-03-23T05:34:32.110000;864be4a8-c845-44ac-9357-37b0e4856f0c;11.979;29.52840705;BUY
2016-03-23T05:34:32.000000;2016-03-23T05:34:32.160000;8b1faee3-20a0-4cf7-86e6-2c7d94fedbbe;11.979;1.63122139;BUY
2016-03-23T05:34:32.000000;2016-03-23T05:34:32.280000;5e6f2249-303c-419d-909d-ba852740f79d;11.979;2.005624;BUY
2016-03-23T05:34:32.000000;2016-03-23T05:34:32.570000;c6db9431-7c94-4479-ba2c-38d393192d12;11.979;1.63122139;BUY
2016-03-23T05:34:32.000000;2016-03-23T05:34:32.590000;b7b58ccd-30af-4672-826e-bdf84edaa7de;11.979;6.87316211;BUY
2016-03-23T05:34:33.000000;2016-03-23T05:34:33.147000;2d4c6b8c-dc07-402c-bfdc-8b1c7dad945f;11.98;29.52840705;BUY
2016-03-23T05:34:33.000000;2016-03-23T05:34:33.307000;b87d3f0d-d0eb-442e-bb19-55d1e612f645;11.98;29.52840705;BUY
2016-03-23T05:34:33.000000;2016-03-23T05:34:33.317000;f3d19f72-6a7d-44b9-a659-e8ef1c4aa16f;11.98;29.52840705;BUY
2016-03-23T05:34:33.000000;2016-03-23T05:34:33.370000;d7f49755-9c5c-474e-a85f-4c5c93c52bb9;11.98;0.63022039;BUY
2016-03-23T05:34:33.000000;2016-03-23T05:34:33.383000;b344d1a9-dd8f-49f0-a056-f926abbb6ce3;11.98;4.54222609;BUY
2016-03-23T05:34:34.000000;2016-03-23T05:34:34.140000;089d9fbb-a21d-4555-be19-a5e1496aed34;11.988;0.55056;BUY
2016-03-23T05:34:34.000000;2016-03-23T05:34:34.193000;82e0a5f8-636f-4241-8d99-f850ae7bccfb;11.99;22.65524494;BUY
2016-03-23T05:34:34.000000;2016-03-23T05:34:34.627000;fb1dcc3e-6850-4622-993c-314f68b2d1e9;11.98;2.005624;SELL
2016-03-23T05:34:34.000000;2016-03-23T05:34:34.650000;d44ad0b8-4697-4c73-a897-a92c9f6ea8c1;11.98;1.63271786;SELL
2016-03-23T05:34:34.000000;2016-03-23T05:34:34.653000;e3ce6f83-2d6e-440d-8ea3-8d227a5b5efd;11.98;6.36165814;SELL
2016-03-23T05:34:40.000000;2016-03-23T05:34:41.057000;55ea5564-11fa-4852-8343-ca65e31a8149;11.98;4.797;SELL
2016-03-23T05:34:42.000000;2016-03-23T05:34:42.857000;98536ff6-50dd-4f76-829a-af885c5f5e9e;11.99;27.34475506;BUY
2016-03-23T05:34:42.000000;2016-03-23T05:34:42.860000;ee4ceeab-02f0-400f-a575-24e20c99333f;11.99;0.55048;BUY
2016-03-23T05:34:42.000000;2016-03-23T05:34:42.867000;3c39b339-b23b-4370-ade9-1fafec4e7556;11.99;1.63317199;BUY
2016-03-23T05:34:43.000000;2016-03-23T05:34:43.277000;49e2caa4-918e-473e-9a0e-4905ac8c4e17;11.99;5.22682801;BUY
2016-03-23T05:34:43.000000;2016-03-23T05:34:43.683000;6a62b16f-fc3c-4475-9376-49be9f5f9b7a;11.998;0.55056;BUY
2016-03-23T05:34:44.000000;2016-03-23T05:34:44.237000;473c3bba-b784-4509-8370-479bf226644e;11.998;19.13546866;SELL
2016-03-23T05:34:44.000000;2016-03-23T05:34:44.243000;a4eb4d61-b995-425a-95bc-563a0c2e9034;11.981;2.005624;SELL
2016-03-23T05:34:44.000000;2016-03-23T05:34:44.247000;5a06e4f2-1214-4aee-871f-403bda6d6142;11.981;1.63271786;SELL
2016-03-23T05:34:44.000000;2016-03-23T05:34:44.280000;041e9518-2392-41f3-b139-d87a3b0bf7f1;11.981;0.63022039;SELL
2016-03-23T05:34:44.000000;2016-03-23T05:34:44.303000;201381c9-5c17-4900-a0f5-3194273e859b;11.98;6.09484773;BUY
2016-03-23T05:34:44.000000;2016-03-23T05:34:44.327000;4df5552b-8a2b-4e77-a437-e3f814f4113c;12.0;13.04062093;BUY
2016-03-23T05:34:45.000000;2016-03-23T05:34:45.977000;a25b46c3-4442-4d38-a8bf-0bdad2c0af8a;11.981;2.005624;SELL
2016-03-23T05:34:45.000000;2016-03-23T05:34:45.993000;5a3fddf6-38ce-4953-855d-e86aa7ba596d;11.981;3.71541208;SELL
2016-03-23T05:34:48.000000;2016-03-23T05:34:49.173000;fa97f946-4ef8-461d-8d6f-8a4a119842e8;11.981;1.0824223;SELL
2016-03-23T05:34:48.000000;2016-03-23T05:34:49.187000;9bc1d47b-0334-405f-92a7-df6b0ee5644a;11.981;22.32160861;SELL
2016-03-23T05:34:49.000000;2016-03-23T05:34:50.880000;d626fd03-c7b1-4fbb-9896-23b9ffaff186;12.0;1.0824223;BUY
2016-03-23T05:34:51.000000;2016-03-23T05:34:51.343000;624bfe4d-9a18-46cf-9a51-a9fe770e80e6;11.99;1.0824223;BUY
2016-03-23T05:34:52.000000;2016-03-23T05:34:52.397000;a8f65b75-dbc9-4294-aacc-0f8a019d0ed3;11.981;4.36834734;SELL
2016-03-23T05:34:52.000000;2016-03-23T05:34:52.417000;e0f04410-91a1-4586-b711-e62c2eb18b75;11.981;0.56978443;SELL
2016-03-23T05:34:54.000000;2016-03-23T05:34:54.650000;c262b4af-0f18-4518-a3cb-3dbd8e6ef4b7;11.989;1.0824223;BUY
2016-03-23T05:34:55.000000;2016-03-23T05:34:55.103000;2f4f2943-59d5-48d4-ac01-5b889f7e8610;11.946;28.24554314;SELL
2016-03-23T05:34:56.000000;2016-03-23T05:34:56.857000;091ab0f5-6fa1-452b-820b-ce086b2e5042;11.946;1.28286391;SELL
2016-03-23T05:34:56.000000;2016-03-23T05:34:56.860000;02ce2b72-5a29-409b-ada9-dc78c8dda3dd;11.946;1.31891507;SELL
2016-03-23T05:34:56.000000;2016-03-23T05:34:57.000000;86143e05-4660-4a95-b2ae-b243c88b724c;11.946;2.60177898;SELL
2016-03-23T05:35:00.000000;2016-03-23T05:35:01.037000;b8bb3a7d-d0ec-4537-946a-91737a8a746d;11.946;5.75075895;SELL
2016-03-23T05:35:00.000000;2016-03-23T05:35:01.057000;e906ea12-ab7a-4ad8-8368-fa750edd35a3;11.945;27.44924105;SELL
2016-03-23T05:35:26.000000;2016-03-23T05:35:26.513000;69df5712-8cac-485e-933c-bb550502120a;11.945;2.079166;SELL
2016-03-23T05:35:26.000000;2016-03-23T05:35:26.520000;40b89bad-f200-4cd9-b248-49813f544d56;11.944;31.120834;SELL
2016-03-23T05:35:33.000000;2016-03-23T05:35:34.700000;2b9e05a8-a3f9-4d61-8c7f-d1f812592a2d;11.92;0.53012566;SELL
2016-03-23T05:35:33.000000;2016-03-23T05:35:34.713000;635d12e3-b366-4790-a834-97c795f92534;11.92;10.38462967;SELL
2016-03-23T05:35:57.000000;2016-03-23T05:35:57.310000;2004eb29-d008-466f-b1c2-a839d935f90d;11.919;88.05056;SELL
2016-03-23T05:35:57.000000;2016-03-23T05:35:57.900000;1966cfbd-453a-4416-9db8-c83314a44081;11.92;0.3;BUY
2016-03-23T05:35:59.000000;2016-03-23T05:35:59.987000;a5566fe3-117a-425f-ad4c-990c7bb0a656;11.92;8.84224467;BUY
2016-03-23T05:40:08.000000;2016-03-23T05:40:09.013000;45723c6f-b926-40fe-a046-97067643de6f;11.989;0.48054799;BUY
2016-03-23T05:40:08.000000;2016-03-23T05:40:09.023000;f056c493-3c65-4741-b9f9-f48442766747;11.989;0.3;BUY
2016-03-23T05:40:08.000000;2016-03-23T05:40:09.037000;5627703d-489a-46b8-89b0-c68677353749;11.99;0.11945201;BUY
2016-03-23T05:49:34.000000;2016-03-23T05:49:34.383000;386056ab-8081-49d0-8c62-9c8c425ba05d;11.941;0.5;SELL
2016-03-23T05:50:28.000000;2016-03-23T05:50:28.493000;d514d618-70c1-4fd9-a596-071e6860fda8;11.941;1.78542;SELL
2016-03-23T05:51:39.000000;2016-03-23T05:51:39.533000;5e8229e9-d2a2-4ee2-ac78-b0b64a928afe;11.881;0.26411;SELL
2016-03-23T05:57:47.000000;2016-03-23T05:57:47.773000;74abc3ca-e44b-4d07-9879-3a1a29b526c1;11.912;2.2;SELL
2016-03-23T05:57:47.000000;2016-03-23T05:57:47.780000;91a8f6ac-b862-4989-b255-ee1d30e13a16;11.911;16.81400309;SELL
2016-03-23T06:00:05.000000;2016-03-23T06:00:06.357000;604c43a6-4637-40eb-bff1-2dcaa169d922;11.949;2.2;BUY
2016-03-23T06:00:05.000000;2016-03-23T06:00:06.383000;b1ce4fac-146a-4c0f-b9e8-25462775b321;11.95;15.2478;BUY
2016-03-23T06:05:42.000000;2016-03-23T06:05:43.210000;0b9e2848-99ec-4e86-960c-31b549b1f2e3;11.95;0.5;BUY
2016-03-23T06:06:07.000000;2016-03-23T06:06:07.903000;0716fb19-0b58-4d8b-846f-8c7b0751b19a;11.95;1.69999972;BUY
2016-03-23T06:07:12.000000;2016-03-23T06:07:12.773000;dec884ec-c079-4060-9cfe-7fefd66b130b;12.0;3.52613016;BUY
2016-03-23T06:07:16.000000;2016-03-23T06:07:16.273000;0afa6ff9-865d-4ff5-9010-3031961bf672;12.0;3.52613016;BUY
2016-03-23T06:07:20.000000;2016-03-23T06:07:20.150000;ff4af8e6-884e-469c-97d3-ac8f14a5885a;12.0;3.52613016;BUY
2016-03-23T06:07:25.000000;2016-03-23T06:07:25.097000;f5e9be3b-51ec-4e5c-9aa5-85c6f0e019dc;12.0;36.62750028;BUY
2016-03-23T06:07:25.000000;2016-03-23T06:07:26.297000;a99b3849-6161-489b-909d-157abea7bc45;12.0;3.52613016;BUY
2016-03-23T06:07:29.000000;2016-03-23T06:07:29.277000;5b0cfea3-0b69-4d7c-874b-afa7ad408106;12.0;3.52613016;BUY
2016-03-23T06:07:32.000000;2016-03-23T06:07:33.083000;6a0ca0be-c42a-4c77-b726-a8fe1012855e;12.0;0.5;BUY
2016-03-23T06:07:32.000000;2016-03-23T06:07:33.120000;12a51759-6e3e-4875-a47b-f84c78b147e4;12.0;3.52613016;BUY
2016-03-23T06:07:36.000000;2016-03-23T06:07:36.313000;3ec57486-ea9b-43f8-a20c-5cb98ff1ed77;12.0;3.50893686;BUY
2016-03-23T06:07:39.000000;2016-03-23T06:07:39.320000;2f86dad5-41b5-47da-b8c8-9fc07efa4b64;12.0;3.50993799;BUY
2016-03-23T06:07:45.000000;2016-03-23T06:07:45.747000;15409250-ecc0-44b1-a7d6-b90416da85f0;12.0;3.50993799;BUY
2016-03-23T06:07:45.000000;2016-03-23T06:07:45.973000;de81d174-6712-4a21-961f-483403f922b6;12.0;33.40570571;BUY
2016-03-23T06:07:46.000000;2016-03-23T06:07:46.823000;3a2ef2ab-1637-4fd5-9500-ec7837fb6f1c;12.0;27.9529654;BUY
2016-03-23T06:07:47.000000;2016-03-23T06:07:47.710000;9e4f92fe-2aee-4f37-83d1-7f093cba1441;12.0;7.66636018;BUY
2016-03-23T06:07:47.000000;2016-03-23T06:07:47.727000;5a5d4621-9d91-47e1-8775-6c289eed7057;12.0;25.73934553;BUY
2016-03-23T06:07:49.000000;2016-03-23T06:07:50.060000;54ac4128-ae36-4def-aea7-4dbaba160c23;12.0;3.54570252;BUY
2016-03-23T06:07:50.000000;2016-03-23T06:07:50.750000;7c8cb288-a79c-43ee-baab-c9c62c43e644;12.0;0.55070905;BUY
2016-03-23T06:07:52.000000;2016-03-23T06:07:52.663000;53cde98c-7ad5-475c-bdbc-c82659463435;12.0;0.1657429;BUY
2016-03-23T06:07:52.000000;2016-03-23T06:07:52.670000;a7affbb1-f12c-41da-98f1-a9b8c3528f3e;12.0;19.98213501;BUY
2016-03-23T06:07:52.000000;2016-03-23T06:07:52.677000;e501b2a5-7c15-4ee7-bf3b-c36c6a33c7c9;12.0;0.1;BUY
2016-03-23T06:07:52.000000;2016-03-23T06:07:52.707000;d6f991cf-bba5-43a6-9b50-72f8b91e931b;12.005;0.55048;BUY
2016-03-23T06:08:52.000000;2016-03-23T06:08:52.417000;7df008ea-e3f9-4f92-89fc-5264802c6220;12.011;0.55056;BUY
2016-03-23T06:08:52.000000;2016-03-23T06:08:52.430000;496db735-2185-4226-9d8b-962a01c08378;12.018;0.450441;BUY
2016-03-23T06:10:41.000000;2016-03-23T06:10:42.193000;4681035e-b902-4f0c-a5b1-7edf5aac3e58;12.0;3.59804896;SELL
2016-03-23T06:19:06.000000;2016-03-23T06:19:06.673000;8aae2650-2423-4f32-95a2-62b473f6de11;12.018;0.100119;BUY
2016-03-23T06:19:06.000000;2016-03-23T06:19:06.710000;af2196f1-482c-4187-bb59-98bfdfd314e1;12.026;0.55056;BUY
2016-03-23T06:19:06.000000;2016-03-23T06:19:06.713000;ed0dd219-85e6-40f9-a0b7-2d6d8363933c;12.033;0.388471;BUY
2016-03-23T06:22:31.000000;2016-03-23T06:22:31.463000;b93ee784-536e-4835-93db-4d23a1136358;12.033;0.162089;BUY
2016-03-23T06:23:32.000000;2016-03-23T06:23:32.257000;fd5a3dff-13f6-4237-8eda-ea2b659c5fd0;12.044;0.5;BUY
2016-03-23T06:24:31.000000;2016-03-23T06:24:31.993000;f80a51f1-8bcb-4f3f-b4ad-2bcedcd2dbbe;12.044;0.05056;BUY
2016-03-23T06:26:14.000000;2016-03-23T06:26:14.537000;f1beb4ce-cf52-4af9-998d-59134c89e2d3;12.05;5.0;BUY
2016-03-23T06:26:14.000000;2016-03-23T06:26:14.550000;c31d99dc-959a-4d30-9ad4-ed0ea2f79c97;12.053;0.55056;BUY
2016-03-23T06:26:14.000000;2016-03-23T06:26:14.567000;e7522adb-5fc1-4e97-9c02-092a4b79c0d9;12.081;36.59087278;BUY
2016-03-23T06:26:14.000000;2016-03-23T06:26:14.590000;f040049c-8985-4387-99d2-cdb3147a27b6;12.082;109.18916722;BUY
2016-03-23T06:29:01.000000;2016-03-23T06:29:01.627000;f8f0eb00-47ab-45b1-a81c-7f32ed939e02;12.044;0.44944;SELL
2016-03-23T06:29:01.000000;2016-03-23T06:29:01.640000;589f8209-4293-4a63-877e-95744685ceed;12.033;0.337911;SELL
2016-03-23T06:29:01.000000;2016-03-23T06:29:01.647000;9c75d691-c15d-47ca-b46b-5de1b7672420;11.951;0.036879;SELL
2016-03-23T06:29:04.000000;2016-03-23T06:29:05.030000;f8ab705f-dfc8-4d7e-a3d7-f3c81727ccd1;11.951;0.81735575;SELL
2016-03-23T06:33:23.000000;2016-03-23T06:33:23.057000;11316291-154b-44a9-9990-8877a7a00d04;11.951;1.41318125;SELL
2016-03-23T06:33:32.000000;2016-03-23T06:33:32.150000;0dc3eefa-ab3e-4ab8-9ea8-bf527d4d7eac;11.946;0.5;BUY
2016-03-23T06:34:01.000000;2016-03-23T06:34:01.740000;825ce5e3-7982-49db-8c9f-5549b25847b4;11.929;0.67907303;BUY
2016-03-23T06:34:01.000000;2016-03-23T06:34:01.767000;2eb8c0e4-7767-4c64-ac14-e26a0da91278;11.93;0.05503519;BUY
2016-03-23T06:34:02.000000;2016-03-23T06:34:02.900000;f6a0ca1d-596c-4a9e-a2f7-8def1e812431;11.93;4.13236481;BUY
2016-03-23T06:34:28.000000;2016-03-23T06:34:28.627000;d096b7e7-0d5f-440e-90da-8890ef9c8847;11.881;0.67907303;SELL
2016-03-23T06:34:28.000000;2016-03-23T06:34:28.647000;8bedf1bc-9054-47dd-a447-342670d47ba8;11.88;0.35;SELL
2016-03-23T06:34:28.000000;2016-03-23T06:34:28.660000;fdea2fd4-51c8-491e-8400-96a89f2daa29;11.876;6.19933012;SELL
2016-03-23T06:36:00.000000;2016-03-23T06:36:00.540000;2d5dd2f0-6316-41c0-85e7-a6f363bccbab;11.828;0.9;SELL
2016-03-23T06:37:10.000000;2016-03-23T06:37:10.590000;2550cba7-18c6-46bf-9507-9276c228255e;11.899;5.35604106;BUY
2016-03-23T06:37:11.000000;2016-03-23T06:37:11.247000;7941fae0-8be4-4be7-aced-c7fdbce3c379;11.899;0.42481669;BUY
2016-03-23T06:40:38.000000;2016-03-23T06:40:38.287000;251931e2-7ea4-4eb7-b7bf-9253f5bacf3a;11.897;4.96618;BUY
2016-03-23T06:45:29.000000;2016-03-23T06:45:29.083000;bc22653e-bb55-4393-8f44-49acf1c1f070;11.898;1.129;BUY
2016-03-23T06:46:33.000000;2016-03-23T06:46:33.533000;43871d6b-0be0-47d2-b271-fca51996e26e;11.898;0.93275269;BUY
2016-03-23T06:47:32.000000;2016-03-23T06:47:32.670000;a44d9062-0d94-49e5-9680-91a0ae592562;11.898;36.62750028;BUY
2016-03-23T06:47:35.000000;2016-03-23T06:47:35.493000;fcf333f5-0b09-4e30-99d6-bdfe92a9bae3;11.898;0.55171171;BUY
2016-03-23T06:48:04.000000;2016-03-23T06:48:04.923000;4cda01b2-9336-426d-aaba-bf2e97574d87;11.898;0.9;BUY
2016-03-23T07:19:32.000000;2016-03-23T07:19:32.930000;020480fc-e52b-4552-9d14-995efe558cfa;11.895;0.5;BUY
2016-03-23T07:36:20.000000;2016-03-23T07:36:20.977000;55fe06e2-2291-4ac5-93b2-970b4801f038;11.828;1.342786;SELL
2016-03-23T07:39:40.000000;2016-03-23T07:39:40.573000;f510dfee-8ebd-46d7-bcc5-c031b42156af;11.79;1.06458;SELL
2016-03-23T07:42:43.000000;2016-03-23T07:42:43.180000;117c6323-940e-400f-bd88-dc36b05edab1;11.79;1.717;SELL
2016-03-23T07:42:48.000000;2016-03-23T07:42:48.380000;9eb931fe-9a57-4b7b-8a93-6d468824fe1b;11.79;1.38669795;SELL
2016-03-23T07:42:48.000000;2016-03-23T07:42:48.397000;8ab2ccdc-3062-4e28-a34b-475c7b799235;11.79;0.40630205;SELL
2016-03-23T07:42:50.000000;2016-03-23T07:42:51.123000;a6bd159d-c554-4111-9e86-ba76465906ec;11.79;3.0;SELL
2016-03-23T07:42:54.000000;2016-03-23T07:42:54.597000;f917b9b1-ee00-42bb-9780-95a2a92b1e5d;11.79;1.168;SELL
2016-03-23T07:43:03.000000;2016-03-23T07:43:03.960000;97b0d85c-2b60-4755-918b-3b7bdd8e4515;11.79;2.49;SELL
2016-03-23T07:43:15.000000;2016-03-23T07:43:16.007000;38d6f0a6-582c-409b-8aef-f3ef30779b96;11.79;1.79;SELL
2016-03-23T07:43:22.000000;2016-03-23T07:43:22.833000;a6bcd225-372a-4a3b-8550-53c09c5fe3fd;11.79;1.145;SELL
2016-03-23T07:43:27.000000;2016-03-23T07:43:27.827000;35dd71f5-8ef0-418e-9edf-a9a73c06f6a7;11.79;0.00069795;SELL
2016-03-23T07:43:27.000000;2016-03-23T07:43:27.843000;339da6f3-260e-4801-9713-b2b71e719825;11.77;1.29030205;SELL
2016-03-23T07:43:48.000000;2016-03-23T07:43:48.653000;2f2cddaf-6cca-41e2-a8bc-4d856c2c2553;11.77;1.065;SELL
2016-03-23T08:21:23.000000;2016-03-23T08:21:23.773000;69ca5c63-34df-423f-9780-f8813eb4c5e1;11.829;0.3443;BUY
2016-03-23T08:39:52.000000;2016-03-23T08:39:52.383000;2ef17cfa-6040-41b6-8bc4-1cccee890db0;11.78;2.0;SELL
2016-03-23T08:39:57.000000;2016-03-23T08:39:57.780000;65670149-598c-412c-9db6-c352dc9091c5;11.778;0.85528158;SELL
2016-03-23T08:47:17.000000;2016-03-23T08:47:17.580000;95decc3f-f065-442e-8c34-eb1df120fd9b;11.848;0.1;BUY
2016-03-23T08:49:52.000000;2016-03-23T08:49:52.517000;1e3678e2-f2e3-4ee6-90c4-85f0ffce1d6d;11.889;0.1;BUY
2016-03-23T08:53:10.000000;2016-03-23T08:53:10.723000;9617a39b-1c8d-46ca-903d-3feddb1718a7;11.889;0.12;BUY
2016-03-23T08:59:29.000000;2016-03-23T08:59:29.443000;16faa06c-09b7-40a9-8dec-bb92d776f7aa;11.848;9.9;SELL
2016-03-23T09:03:21.000000;2016-03-23T09:03:21.737000;42376c9b-ae2d-4981-9a5c-97d8aee4bdb4;11.81;0.732532;SELL
2016-03-23T09:11:24.000000;2016-03-23T09:11:24.133000;ec02ce1e-036c-4dd2-af90-7f30e0b2f50d;11.81;9.267468;SELL
2016-03-23T09:28:22.000000;2016-03-23T09:28:22.727000;80d1ae1d-5d2c-4a99-abf3-f8faa0a4b41e;11.81;3.0482;BUY
2016-03-23T09:30:31.000000;2016-03-23T09:30:31.283000;72f6d4b3-162d-4d4d-9e38-2e547d98b836;11.809;0.5;BUY
2016-03-23T09:31:30.000000;2016-03-23T09:31:30.827000;515d2a45-7ae8-48c9-8342-4cc083adf843;11.809;0.5;BUY
2016-03-23T09:35:32.000000;2016-03-23T09:35:32.540000;e0411c3a-8675-4e9c-997c-abcd4b1c81f5;11.808;0.5;BUY
2016-03-23T09:39:31.000000;2016-03-23T09:39:31.053000;8d75f88a-c444-423d-be5e-ac4ef30eb83d;11.808;0.5;BUY
2016-03-23T09:43:31.000000;2016-03-23T09:43:31.217000;90c7ec0e-cf15-4f22-bc0a-8cd7b82b750b;11.808;0.5;BUY
2016-03-23T09:44:30.000000;2016-03-23T09:44:30.643000;0c01ff25-1d9a-474c-8d8d-6d3cf39e32f2;11.808;0.5;BUY
2016-03-23T09:45:30.000000;2016-03-23T09:45:30.483000;e498b658-7c44-4141-909d-f458f22588d9;11.808;0.5;BUY
2016-03-23T09:46:31.000000;2016-03-23T09:46:31.190000;00ae52df-f426-4b74-9313-76093652227d;11.808;0.5;BUY
2016-03-23T09:47:31.000000;2016-03-23T09:47:31.510000;bbdc632d-7b2b-4a85-b91a-9ea81748a033;11.808;0.5;BUY
2016-03-23T09:48:31.000000;2016-03-23T09:48:31.620000;80cbb4af-30dd-452b-b80e-cc792b483196;11.808;0.5;BUY
2016-03-23T09:49:30.000000;2016-03-23T09:49:30.777000;845a219c-45a8-48c8-ad1f-0299de78a61f;11.808;0.5;BUY
2016-03-23T10:01:38.000000;2016-03-23T10:01:38.773000;daedc1f7-f4d4-44a7-b6e6-0758cce060c4;11.79;20.0;SELL
2016-03-23T10:01:38.000000;2016-03-23T10:01:38.787000;fcfea2c3-25a4-4231-a2a9-c571ef7631cc;11.78;2.0;SELL
2016-03-23T10:01:38.000000;2016-03-23T10:01:38.793000;dd458c74-0da1-4651-9c93-794089711d83;11.77;1.76149939;SELL
2016-03-23T10:01:38.000000;2016-03-23T10:01:38.827000;f0389f53-f4e4-4454-bd61-874e6d342c55;11.77;5.33477349;SELL
2016-03-23T10:01:41.000000;2016-03-23T10:01:41.320000;2286c9dd-2646-4571-a21c-c1d857ce8f87;11.77;4.66522595;SELL
2016-03-23T10:01:50.000000;2016-03-23T10:01:50.273000;0d171bd7-9809-4326-ab52-d38eefdae061;11.743;2.277918;SELL
2016-03-23T10:01:50.000000;2016-03-23T10:01:50.273000;f7da28d8-359b-4df8-a649-b22099727170;11.728;26.89211627;SELL
2016-03-23T10:02:31.000000;2016-03-23T10:02:31.293000;8d6ff372-a22a-49b0-a7eb-d1d34610c0ca;11.789;0.5;BUY
2016-03-23T10:03:32.000000;2016-03-23T10:03:32.407000;7d526ee6-b13e-4fad-80f5-e3b9dddc9137;11.769;0.5;BUY
2016-03-23T10:05:19.000000;2016-03-23T10:05:19.300000;648dfe34-5bd8-47f9-8c2e-3727abcc3cef;11.769;0.5;BUY
2016-03-23T10:08:00.000000;2016-03-23T10:08:00.753000;c61350bb-9a10-4d32-a1db-a1ae4b7683e3;11.71;9.56545288;SELL
2016-03-23T10:28:31.000000;2016-03-23T10:28:31.440000;ae87780d-5847-4f3e-8cf3-7f499eaef339;11.76;0.5;BUY
2016-03-23T10:29:30.000000;2016-03-23T10:29:30.823000;39102e40-e55c-4657-af3d-58cd89abf7b0;11.756;0.5;BUY
2016-03-23T10:30:30.000000;2016-03-23T10:30:30.897000;8e4b567b-d636-4be7-8694-7d3dfc6b2f3f;11.756;0.5;BUY
2016-03-23T10:46:08.000000;2016-03-23T10:46:08.993000;63d1f536-6e03-4b7b-a4bc-a08e739ea67d;11.71;10.0;SELL
2016-03-23T11:11:12.000000;2016-03-23T11:11:12.157000;f7632b1e-c98a-4b32-a6d7-009fe7580283;11.71;0.43454712;SELL
2016-03-23T11:11:12.000000;2016-03-23T11:11:12.167000;7db71aec-675c-4086-a25a-18e56fe4154d;11.71;10.0;SELL
2016-03-23T11:11:12.000000;2016-03-23T11:11:12.190000;8ac943a0-0bd0-4715-a3b5-28d238859049;11.7;44.5391;SELL
2016-03-23T11:11:12.000000;2016-03-23T11:11:12.190000;51ee6d62-abcf-4aaf-a5ef-732c6cf9335a;11.686;10.02635288;SELL
2016-03-23T11:14:11.000000;2016-03-23T11:14:12.067000;19d2eeb9-94bb-4545-af6b-00be8e378346;11.797;2.0;BUY
2016-03-23T11:27:41.000000;2016-03-23T11:27:41.310000;17f62c38-3270-4cbc-b096-855e52adfa82;11.699;5.0;SELL
2016-03-23T11:28:28.000000;2016-03-23T11:28:28.327000;6cf7d60a-191e-4ea6-8156-e909518ab057;11.699;35.0;SELL
2016-03-23T11:31:45.000000;2016-03-23T11:31:45.193000;73796e22-d000-4d06-82b7-9f55e1bf353f;11.7;40.0;SELL
2016-03-23T11:32:07.000000;2016-03-23T11:32:08.060000;93964860-eb0e-43f2-b89e-5c99a05b003c;11.7;40.0;SELL
2016-03-23T11:33:16.000000;2016-03-23T11:33:16.950000;de01fb25-d337-49f5-9789-818b12944c8c;11.7;40.0;SELL
2016-03-23T11:33:32.000000;2016-03-23T11:33:32.510000;51707a4e-8db2-48ff-b15f-336e5b227c10;11.7;40.0;SELL
2016-03-23T11:33:39.000000;2016-03-23T11:33:39.877000;a0549a36-b558-40f2-9b5a-715962693b38;11.7;40.0;SELL
2016-03-23T11:33:44.000000;2016-03-23T11:33:44.593000;979407bf-f704-40d7-9c2b-507588778991;11.701;40.0;SELL
2016-03-23T11:33:49.000000;2016-03-23T11:33:49.110000;cd283a2a-5870-4087-89a7-a1f44881695f;11.702;40.0;SELL
2016-03-23T11:33:56.000000;2016-03-23T11:33:56.640000;27e05285-943b-4ac5-86ad-20fe347c123d;11.7;40.0;SELL
2016-03-23T11:34:29.000000;2016-03-23T11:34:30.190000;078f2e87-d2b2-495e-b825-49495018790d;11.7;40.0;SELL
2016-03-23T11:35:42.000000;2016-03-23T11:35:42.293000;4c99e897-3318-4f01-982b-96cd938ffa0b;11.7;40.0;SELL
2016-03-23T11:35:48.000000;2016-03-23T11:35:48.847000;774ffa00-c146-4e10-92ce-40e3d35f0dbe;11.7;40.0;SELL
2016-03-23T11:35:58.000000;2016-03-23T11:35:58.497000;89481f10-c477-4403-a260-cb8cb65148dd;11.7;40.0;SELL
2016-03-23T11:36:06.000000;2016-03-23T11:36:07.527000;93bbeb02-d487-4715-afa3-a664b4d97a90;11.7;40.0;SELL
2016-03-23T11:36:47.000000;2016-03-23T11:36:48.207000;388c09d1-1236-4c50-8fd8-01c0b6e14e50;11.7;18.78997674;SELL
2016-03-23T11:55:49.000000;2016-03-23T11:55:49.573000;d6a8c378-32c4-4d8c-b3f5-9ba4210bad41;11.719;4.60074612;SELL
2016-03-23T12:25:48.000000;2016-03-23T12:25:48.220000;ecb0d33b-641c-4366-9f98-c2dc3e0665a8;11.78;0.94851371;BUY
2016-03-23T12:29:18.000000;2016-03-23T12:29:19.027000;b2f71ef8-ee2c-4cb2-a89b-f974d2194270;11.811;9.9;BUY
2016-03-23T12:29:27.000000;2016-03-23T12:29:27.717000;a8272544-203c-4b2f-9e6b-580a6c3b6cff;11.864;0.72782939;BUY
2016-03-23T12:47:11.000000;2016-03-23T12:47:11.183000;1c4dea51-fb46-4f10-863e-797264252e02;11.83;3.31;BUY
2016-03-23T12:47:13.000000;2016-03-23T12:47:13.813000;52aaf10c-76bd-48c2-93e2-4784fd7fe451;11.83;1.55126371;BUY
2016-03-23T12:47:40.000000;2016-03-23T12:47:40.210000;afe09596-b018-47fd-b215-81f2ec838db6;11.83;0.13873629;BUY
2016-03-23T12:47:40.000000;2016-03-23T12:47:40.220000;22817c8d-c782-4c7e-b162-afbe6153f487;11.83;3.42726301;BUY
2016-03-23T12:47:43.000000;2016-03-23T12:47:43.590000;9291de14-f8bd-479d-b3b5-b01b11635b8c;11.83;1.56645233;BUY
2016-03-23T12:48:13.000000;2016-03-23T12:48:13.253000;956b2d1c-6104-473a-895c-a4cc36cbd4c1;11.83;0.00628466;BUY
2016-03-23T12:48:13.000000;2016-03-23T12:48:13.267000;f2a16c2d-657f-4c00-9cfe-f165154e3eb8;11.83;4.07449062;BUY
2016-03-23T12:48:16.000000;2016-03-23T12:48:17.603000;78f21167-0346-4200-8c85-1d4b4bda04aa;11.83;0.92550938;BUY
2016-03-23T12:58:50.000000;2016-03-23T12:58:50.303000;c410ada2-7543-41a3-83ac-c0c203aedf61;11.84;5.0;BUY
2016-03-23T12:58:50.000000;2016-03-23T12:58:50.320000;58a2f526-5bdb-434d-936d-0b5c84849ad8;11.84;24.8;BUY
2016-03-23T12:59:13.000000;2016-03-23T12:59:13.983000;0e6e5e7e-7921-4148-ab06-a16f417c8040;11.84;19.9;BUY
2016-03-23T13:00:25.000000;2016-03-23T13:00:25.530000;7fa4ebdc-61ad-48de-a242-2f85aa14aa6a;11.84;5.0;BUY
2016-03-23T13:00:30.000000;2016-03-23T13:00:30.530000;d5640c00-3236-4469-9110-03a325c9a440;11.843;4.99;SELL
2016-03-23T13:00:34.000000;2016-03-23T13:00:34.503000;3898ee79-1574-414d-a874-0fb7b4e8743d;11.86;10.0;BUY
2016-03-23T13:04:24.000000;2016-03-23T13:04:24.963000;ae2788cc-cfa4-4cbe-be61-e86dbea1e339;11.87;4.004004;BUY
2016-03-23T13:16:09.000000;2016-03-23T13:16:09.903000;a3dfa1ab-adcf-43c1-b4a6-c4c5c40b240b;11.87;0.995996;BUY
2016-03-23T13:16:09.000000;2016-03-23T13:16:09.920000;3e506895-7c06-44f9-9016-450207367974;11.87;1.904004;BUY
2016-03-23T13:19:46.000000;2016-03-23T13:19:46.553000;3dd81be2-f2f8-4d02-96eb-d821f6eaee9e;11.87;1.12347541;BUY
2016-03-23T13:21:25.000000;2016-03-23T13:21:25.903000;90e75f66-fa89-4074-b5e4-4d3e6b5629e4;11.847;41.376;SELL
2016-03-23T13:21:48.000000;2016-03-23T13:21:48.640000;59e1b028-18d6-4d7c-be4f-40e9c656ad18;11.831;8.217;SELL
2016-03-23T13:21:55.000000;2016-03-23T13:21:55.780000;c31c1e58-c29b-4173-85a5-50b6d3b630d0;11.87;1.97252059;BUY
2016-03-23T13:21:59.000000;2016-03-23T13:21:59.677000;a7c1fcea-adc1-427f-9adb-b797585f58ed;11.834;1.927;SELL
2016-03-23T13:22:17.000000;2016-03-23T13:22:17.527000;7c21865b-5d5d-4007-92f8-c5cdbe445343;11.834;1.732;SELL
2016-03-23T13:22:42.000000;2016-03-23T13:22:42.950000;c094656f-7432-4fac-a40f-6f90d9165a45;11.834;12.987;SELL
2016-03-23T13:22:52.000000;2016-03-23T13:22:52.293000;324ab8b1-f208-48f1-89a7-0b63afc283bd;11.834;12.899;SELL
2016-03-23T13:23:05.000000;2016-03-23T13:23:05.967000;4298e3c7-bdd6-4492-bcab-704482f24f9a;11.831;41.582;SELL
2016-03-23T13:23:41.000000;2016-03-23T13:23:41.683000;2a8c1214-909d-4b73-bb41-f98f2c2946ec;11.831;18.418;SELL
2016-03-23T13:24:18.000000;2016-03-23T13:24:18.527000;3d14535a-8a59-4402-afdd-98ff2e829286;11.831;6.459;SELL
2016-03-23T13:24:35.000000;2016-03-23T13:24:35.260000;0a1387d3-ccf6-40b3-b4f5-d8de3c606fab;11.831;41.952;SELL
2016-03-23T13:24:43.000000;2016-03-23T13:24:43.897000;11f1ca68-727e-4360-af54-df4027fd3a0d;11.831;19.936;SELL
2016-03-23T13:28:49.000000;2016-03-23T13:28:49.607000;c384aae2-ef06-457b-8542-82079364a6ad;11.889;0.12327272;BUY
2016-03-23T13:29:25.000000;2016-03-23T13:29:25.640000;c6b6d1f2-2876-4a00-9c1e-1b6adf878bfc;11.851;2.869;SELL
2016-03-23T13:29:40.000000;2016-03-23T13:29:40.530000;b84b1109-ccc8-4322-ad5f-bcc9375cffcc;11.856;0.87685055;SELL
2016-03-23T13:29:40.000000;2016-03-23T13:29:40.547000;b7ee9066-d7c8-4d53-8323-eea88602e3e5;11.855;1.04314945;SELL
2016-03-23T13:29:55.000000;2016-03-23T13:29:55.457000;5cdb6101-3a75-481e-b24b-48d33f71c84d;11.856;10.273;SELL
2016-03-23T13:44:46.000000;2016-03-23T13:44:46.340000;f823905d-6a7c-4205-a42b-18cfb9f0ec74;11.861;1.0;SELL
2016-03-23T13:47:07.000000;2016-03-23T13:47:07.083000;d8c9c511-c4c4-495b-9585-be8cb7e9c285;11.861;1.688;SELL
2016-03-23T13:47:54.000000;2016-03-23T13:47:54.427000;10ca6780-9664-4963-8190-4a618d53a016;11.861;7.688;SELL
2016-03-23T13:50:13.000000;2016-03-23T13:50:13.910000;cca2db39-bbea-46f5-a1c9-6f98e8052d28;11.87;7.67767768;BUY
2016-03-23T13:50:23.000000;2016-03-23T13:50:23.130000;d3d9bd06-3ce8-4437-8896-616100a02e99;11.87;1.71171171;BUY
2016-03-23T13:51:08.000000;2016-03-23T13:51:08.313000;7f71dd46-09ca-4717-aa85-f0dca3a57298;11.87;0.49733698;BUY
2016-03-23T13:51:36.000000;2016-03-23T13:51:36.170000;29e46a0a-dcf9-48ae-af4b-e402ffe0ebbc;11.88;5.005005;BUY
2016-03-23T13:52:17.000000;2016-03-23T13:52:17.820000;d07fe4cc-b0d3-4972-aa00-ab5248dcd8e5;11.88;27.97797798;BUY
2016-03-23T13:52:39.000000;2016-03-23T13:52:39.160000;4ffffbe5-dc94-43b2-b494-3e6ea27a647f;11.863;1.1;SELL
2016-03-23T13:52:39.000000;2016-03-23T13:52:39.170000;e93abcef-3c5d-4497-be3e-622f021f126e;11.862;18.9;SELL
2016-03-23T13:53:09.000000;2016-03-23T13:53:09.397000;24ccf743-6ef6-4cab-a46e-7456d4049391;11.879;0.74719896;BUY
2016-03-23T13:53:43.000000;2016-03-23T13:53:43.167000;dd54ed21-f627-4045-8b60-48bfb60def21;11.875;0.55056;SELL
2016-03-23T13:54:33.000000;2016-03-23T13:54:33.377000;daebf9b0-2489-4bb8-8388-d70901410bb1;11.876;0.55055995;BUY
2016-03-23T13:54:38.000000;2016-03-23T13:54:38.190000;86edf5be-7332-41b4-8625-d34ce1f21065;11.879;0.3;BUY
2016-03-23T13:54:38.000000;2016-03-23T13:54:38.203000;8553a9a7-1a80-4e42-b5d8-0edaac99382c;11.88;10.23353936;BUY
2016-03-23T13:56:43.000000;2016-03-23T13:56:43.707000;2f378e4b-7c1a-43c4-83db-739232344cfd;11.88;0.78347766;BUY
2016-03-23T13:56:58.000000;2016-03-23T13:56:58.333000;a087a089-1f75-400a-8c42-f29f04fb53e4;11.897;0.55056;BUY
2016-03-23T13:56:58.000000;2016-03-23T13:56:58.340000;3e32eaaa-1256-4178-8865-ca60c73f39a1;11.942;2.28015257;BUY
2016-03-23T13:56:58.000000;2016-03-23T13:56:58.350000;9f674310-137c-425f-9391-9d3e3ae3644d;11.943;14.93407875;BUY
2016-03-23T14:08:03.000000;2016-03-23T14:08:03.387000;a28ba15e-18bb-4ee3-804a-36bbb19e6416;11.924;0.55056;SELL
2016-03-23T14:08:18.000000;2016-03-23T14:08:18.687000;fa39f440-464b-4281-a2ce-cc1679875819;11.918;0.55056;SELL
2016-03-23T14:10:14.000000;2016-03-23T14:10:14.197000;05883c8a-1d24-4e6c-8e3e-df32d536f5e3;11.909;0.55056;SELL
2016-03-23T14:10:33.000000;2016-03-23T14:10:34.043000;a388f1fd-0595-4ba3-8490-3e85837c91f1;11.891;0.55056;SELL
2016-03-23T14:10:33.000000;2016-03-23T14:10:34.050000;4b96829e-e1bc-4a4b-b3d6-884d45baff50;11.874;0.55056;SELL
2016-03-23T14:10:43.000000;2016-03-23T14:10:43.083000;174d6f68-49fb-47bf-b33b-d170de185839;11.866;0.55056;SELL
2016-03-23T14:11:14.000000;2016-03-23T14:11:14.483000;40e9e1d7-4e4d-4a39-b812-f98d18db55cd;11.85;0.55414222;SELL
2016-03-23T14:11:14.000000;2016-03-23T14:11:14.487000;08dcf5d8-6e68-4e64-8825-92aa9ac6ae4c;11.843;0.55385778;SELL
2016-03-23T14:12:15.000000;2016-03-23T14:12:15.453000;45d7269c-5cae-4d67-9e06-754c989578b1;11.855;0.55056;SELL
2016-03-23T14:12:15.000000;2016-03-23T14:12:15.473000;d1cb1593-cd71-473a-81a5-78ec3e0b8a61;11.843;0.00028444;SELL
2016-03-23T14:12:15.000000;2016-03-23T14:12:15.503000;08070cf8-97c0-4a72-98c3-f1e6104857c1;11.83;1.39615556;SELL
2016-03-23T14:12:22.000000;2016-03-23T14:12:22.533000;02fdf27a-f203-49e7-8cfc-2c8c0bd3ba86;11.83;1.50073059;SELL
2016-03-23T14:12:22.000000;2016-03-23T14:12:22.553000;4fd4ace9-5256-48dc-9b1d-80214fab7338;11.823;0.55414222;SELL
2016-03-23T14:12:22.000000;2016-03-23T14:12:22.573000;856968b1-2c95-4442-9c7e-06fe41009a0d;11.816;0.36512719;SELL
2016-03-23T14:12:26.000000;2016-03-23T14:12:26.863000;8fbc8f89-cd42-4049-a604-12e875bf0a95;11.844;0.55056;SELL
2016-03-23T14:14:21.000000;2016-03-23T14:14:21.423000;9538ee42-74f9-4257-919f-daca3ffecad5;11.835;0.55056;SELL
2016-03-23T14:14:30.000000;2016-03-23T14:14:31.950000;28eca8cb-f413-4b6f-93d1-59f9fbdfda34;11.816;0.18901503;SELL
2016-03-23T14:14:37.000000;2016-03-23T14:14:37.353000;41459eaa-4b2a-4905-a7b9-bdd2e55f2540;11.812;0.36154497;SELL
2016-03-23T14:14:38.000000;2016-03-23T14:14:39.073000;2e65b765-8317-4254-8f74-decb3e0339a2;11.812;0.18901503;SELL
2016-03-23T14:15:16.000000;2016-03-23T14:15:16.930000;e37f0034-ad37-4e0c-9dd4-293fef35a58c;11.805;0.5;SELL
2016-03-23T14:15:42.000000;2016-03-23T14:15:42.233000;dd3ff446-1b00-4ffd-8687-01bf2947646c;11.805;0.05414222;SELL
2016-03-23T14:15:42.000000;2016-03-23T14:15:42.247000;d29e7be5-221c-454c-9105-6768f5fec763;11.797;9.94585778;SELL
2016-03-23T14:15:55.000000;2016-03-23T14:15:55.597000;cb426db9-5e1c-4aa5-b64a-bd08e3aaf64e;11.805;0.55056;SELL
2016-03-23T14:27:40.000000;2016-03-23T14:27:41.193000;a86c2fec-df7e-4a53-b663-7ab5e3d5e7fc;11.8;5.0;SELL
2016-03-23T14:28:58.000000;2016-03-23T14:28:58.187000;95361595-6ad7-4bf3-859c-c3b0388472e8;11.8;5.0;SELL
2016-03-23T14:29:31.000000;2016-03-23T14:29:31.860000;ea48be23-1b4a-49c1-bf03-933af7f48109;11.809;0.36154497;BUY
2016-03-23T14:29:46.000000;2016-03-23T14:29:46.237000;9dae137f-7f64-4a2a-9201-bc17357891e4;11.809;0.13845503;SELL
2016-03-23T14:29:46.000000;2016-03-23T14:29:46.247000;961ba766-fac3-4dc3-bdfa-b3c359775ba1;11.8;9.85154497;SELL
2016-03-23T14:30:30.000000;2016-03-23T14:30:30.923000;d8faf4c9-f4e6-40c1-8570-fe632e1c3736;11.816;0.5;BUY
2016-03-23T14:33:18.000000;2016-03-23T14:33:18.500000;2f2af597-5081-49a4-bb13-993a37d699a7;11.8;0.14845503;SELL
2016-03-23T14:36:21.000000;2016-03-23T14:36:21.650000;126d1283-67c7-4e05-984d-e2f1e6a393ad;11.798;0.55056;SELL
2016-03-23T14:36:21.000000;2016-03-23T14:36:21.673000;f883ec90-5bb1-45a8-8077-dc41bfe21e83;11.797;4.44944;SELL
2016-03-23T14:48:19.000000;2016-03-23T14:48:19.797000;0030e2de-7e4d-4d3e-a8a3-fbdabae37548;11.816;4.6536;BUY
2016-03-23T14:49:51.000000;2016-03-23T14:49:51.543000;50097fae-28d7-4430-ac4a-d63d7a9ff8d6;11.797;2.028;SELL
2016-03-23T14:50:03.000000;2016-03-23T14:50:03.787000;0ef8b105-055a-48c6-953f-ed1d48c9226c;11.797;2.5;SELL
2016-03-23T14:50:41.000000;2016-03-23T14:50:42.520000;f4c6bb47-3639-4fee-80e1-c0b7cd7d6a61;11.797;7.364;SELL
2016-03-23T14:51:00.000000;2016-03-23T14:51:00.690000;2c7f324a-31e9-44cc-ba81-ac58601617de;11.797;3.402;SELL
2016-03-23T14:51:32.000000;2016-03-23T14:51:32.613000;d72ec23a-9cc6-41ec-96ce-b6d06e5f6354;11.797;2.03;SELL
2016-03-23T14:52:44.000000;2016-03-23T14:52:44.120000;67fc3b7f-1814-435c-9b6b-bc5802fe2dba;11.797;6.5;SELL
2016-03-23T14:55:11.000000;2016-03-23T14:55:11.743000;36808220-a850-461c-adf7-387db1e0309d;11.797;23.63070222;SELL
2016-03-23T14:55:11.000000;2016-03-23T14:55:11.753000;347ed224-ccbc-44fd-a11f-67779bdc24ee;11.797;3.36429778;SELL
2016-03-23T15:34:35.000000;2016-03-23T15:34:36.010000;07c75d73-6c7e-497d-b8a9-224e9732dc1d;11.8;0.1324;BUY
2016-03-23T15:35:53.000000;2016-03-23T15:35:54.013000;5f538147-c413-42df-b9de-be2d4629a79e;11.8;0.1324;BUY
2016-03-23T15:36:23.000000;2016-03-23T15:36:23.663000;00bcf540-9620-4836-bf26-281b99cbfbe7;11.8;26.45500121;BUY
2016-03-23T15:36:25.000000;2016-03-23T15:36:26.333000;103454e9-e44f-4791-8250-bca56f539d05;11.8;26.45436695;BUY
2016-03-23T15:36:30.000000;2016-03-23T15:36:31.210000;277cc2dc-59c5-497a-a3b4-7fc4c90db70f;11.8;26.45500121;BUY
2016-03-23T15:36:32.000000;2016-03-23T15:36:32.420000;3292286a-4f97-4f74-9148-372093b2fe3f;11.8;26.45500121;BUY
2016-03-23T15:36:34.000000;2016-03-23T15:36:34.497000;9a1cc1d3-aa51-4be9-9352-e2f58144458c;11.8;26.45500121;BUY
2016-03-23T15:36:35.000000;2016-03-23T15:36:35.137000;d29bf266-ac7a-4626-9a5d-5d49fb934303;11.8;26.45500141;BUY
2016-03-23T15:36:38.000000;2016-03-23T15:36:39.213000;0b2841d2-f919-4eb9-bcaf-e20c1ae332b8;11.8;4.55085791;BUY
2016-03-23T15:36:42.000000;2016-03-23T15:36:42.110000;69da00b2-9925-40bd-8516-6e13d779c262;11.8;10.6070999;BUY
2016-03-23T15:36:43.000000;2016-03-23T15:36:43.670000;0bdc4cd3-e4ed-4cfc-a04e-b6b9bb3043cb;11.8;26.45500139;BUY
2016-03-23T15:36:52.000000;2016-03-23T15:36:53.380000;2fce654d-408e-4929-b1fc-dbc94e59dbdd;11.8;0.5;BUY
2016-03-23T15:37:06.000000;2016-03-23T15:37:06.777000;0d7e1a55-cb46-4917-b740-0c0e7734a8a0;11.8;3.68429359;BUY
2016-03-23T15:37:12.000000;2016-03-23T15:37:13.180000;c61ebcba-42c8-4870-9b87-b3d43159347b;11.8;1.2;BUY
2016-03-23T15:37:13.000000;2016-03-23T15:37:13.273000;13f12e51-b989-404b-9eda-b8d7c3b11b63;11.8;3.68429359;BUY
2016-03-23T15:37:16.000000;2016-03-23T15:37:17.453000;6fe63c3e-bd41-46af-a7c5-774158d648ff;11.8;3.68429359;BUY
2016-03-23T15:37:19.000000;2016-03-23T15:37:19.303000;dd9a65d1-d7c2-4fed-bfe1-0a31b214e6fe;11.8;36.00256206;BUY
2016-03-23T15:37:21.000000;2016-03-23T15:37:21.540000;1ddd9c6f-a719-4979-b5e7-fc4e6836f2b4;11.8;3.94286107;BUY
2016-03-23T15:37:22.000000;2016-03-23T15:37:22.360000;feb85c11-72a4-4e5c-9b16-81c395054add;11.8;2.29478979;BUY
2016-03-23T15:37:23.000000;2016-03-23T15:37:24.223000;395644c7-127c-4a19-9420-c88bd533a600;11.8;0.7;BUY
2016-03-23T15:37:26.000000;2016-03-23T15:37:26.840000;8385f5bb-f4a7-4d6a-93a8-cc29088b18d8;11.8;3.94286107;BUY
2016-03-23T15:37:29.000000;2016-03-23T15:37:29.843000;35d9efd3-c3e8-4851-b32f-704970773bde;11.8;0.1;BUY
2016-03-23T15:37:31.000000;2016-03-23T15:37:31.223000;de172332-f20e-48c6-b0a4-9c3d6ff06c81;11.8;3.94286107;BUY
2016-03-23T15:37:36.000000;2016-03-23T15:37:36.787000;fcebbe75-51dd-44ee-b881-d66f8d54d5dc;11.8;3.94286107;BUY
2016-03-23T15:37:40.000000;2016-03-23T15:37:40.153000;1980ef33-cae7-44fa-96ea-69b5cb8cdba0;11.8;3.94286107;BUY
2016-03-23T15:37:43.000000;2016-03-23T15:37:43.887000;9dea230b-abbe-4b7f-8dc0-59ff20528d8b;11.8;3.94286107;BUY
2016-03-23T15:37:48.000000;2016-03-23T15:37:48.817000;8d9a14b5-a1e3-49a8-b1d6-ff6e1233db33;11.8;3.94286107;BUY
2016-03-23T15:37:49.000000;2016-03-23T15:37:49.473000;9a806dc5-31b9-4eb7-a883-b0b521d4b571;11.8;0.1;BUY
2016-03-23T15:37:55.000000;2016-03-23T15:37:55.533000;c5df7e36-113c-449e-802d-3168125f1d73;11.8;3.94286107;BUY
2016-03-23T15:37:58.000000;2016-03-23T15:37:58.933000;4736a421-ba98-481b-904a-a2552c47937e;11.8;3.94286107;BUY
2016-03-23T15:38:02.000000;2016-03-23T15:38:02.660000;0de8cf63-8f48-4143-b57d-696b7fb5aee1;11.8;3.94286107;BUY
2016-03-23T15:38:08.000000;2016-03-23T15:38:08.110000;cbe87bb3-9198-4ced-ab90-07b5d43450d2;11.8;3.94286107;BUY
2016-03-23T15:38:12.000000;2016-03-23T15:38:12.683000;28bc246c-dca0-4c75-889f-8ec6d0226c21;11.8;2.97207513;BUY
2016-03-23T15:38:17.000000;2016-03-23T15:38:17.213000;aa889ef5-a908-4825-8314-80ed31992f81;11.8;0.01192406;BUY
2016-03-23T15:39:40.000000;2016-03-23T15:39:40.567000;0bf5aa97-d43d-40a1-9beb-a9b3e64ef4d7;11.817;0.55056;BUY
2016-03-23T15:39:50.000000;2016-03-23T15:39:50.997000;4fc33f7c-b1bf-4a27-8bf8-7cdb26110d24;11.837;0.55056;BUY
2016-03-23T15:39:50.000000;2016-03-23T15:39:51.007000;97ba33eb-199d-45d7-b964-791ea06270dc;11.856;1.10112;BUY
2016-03-23T15:39:50.000000;2016-03-23T15:39:51.010000;b5ed2b73-ecb1-410f-afb3-d2f21784fb22;11.88;1.68605366;BUY
2016-03-23T15:39:57.000000;2016-03-23T15:39:57.450000;e2ad69bf-7dbf-4756-a942-60f06b1d62a9;11.887;0.55056;BUY
2016-03-23T15:40:00.000000;2016-03-23T15:40:00.957000;b01d762e-40ca-493c-ba73-767fa803bd19;11.894;0.55056;BUY
2016-03-23T15:40:03.000000;2016-03-23T15:40:03.750000;c2135814-137a-4a55-a4a3-6cdd1e7840f7;11.901;0.138108;BUY
2016-03-23T15:40:15.000000;2016-03-23T15:40:15.067000;d16c11c0-633b-4775-99cb-b93208efab93;11.858;0.55056;BUY
2016-03-23T15:40:38.000000;2016-03-23T15:40:38.187000;d5a50528-1015-4730-9957-ae554adb03a3;11.874;0.55056;BUY
2016-03-23T15:41:01.000000;2016-03-23T15:41:01.593000;2f313936-8e30-4efc-a01f-ffd850ad2f15;11.884;0.55056;BUY
2016-03-23T15:41:28.000000;2016-03-23T15:41:28.687000;c4fea3a3-0909-4fcb-82bb-ec3fb5fc9630;11.891;0.55056;BUY
2016-03-23T16:12:28.000000;2016-03-23T16:12:28.693000;272c638b-1bde-4a7f-a353-596b57a95630;11.899;0.55056;BUY
2016-03-23T16:12:28.000000;2016-03-23T16:12:28.710000;a0ab0da7-1cee-4ddf-9161-28b88a82d9df;11.9;20.00000035;BUY
2016-03-23T16:12:28.000000;2016-03-23T16:12:28.733000;d03f21ad-ea70-460b-b5d4-a73ca0ed73e6;11.901;0.412452;BUY
2016-03-23T16:14:16.000000;2016-03-23T16:14:16.880000;b0f72157-2ad9-4e81-b559-20072aa13443;11.91;0.54835996;BUY
2016-03-23T16:14:18.000000;2016-03-23T16:14:18.060000;3a38a816-37f8-471d-8ec5-3f051657b8b8;11.91;0.00220004;BUY
2016-03-23T16:14:18.000000;2016-03-23T16:14:18.403000;94d4550e-397b-410c-819f-b080180545e4;11.924;0.55056;BUY
2016-03-23T16:14:18.000000;2016-03-23T16:14:18.403000;991898d3-c2b1-4901-ad07-a1bdbba5b466;11.932;0.55056;BUY
2016-03-23T16:14:18.000000;2016-03-23T16:14:18.417000;97d3c926-cda4-4847-b771-0dd13acecd56;11.933;0.55056;BUY
2016-03-23T16:14:22.000000;2016-03-23T16:14:22.107000;10ac6b09-0248-42f8-aaf0-6bdcfae90d79;11.944;0.55056;BUY
2016-03-23T16:14:29.000000;2016-03-23T16:14:29.563000;1f8c55de-c278-4d4f-9998-01cea107e65c;11.95;0.62961882;BUY
2016-03-23T16:14:29.000000;2016-03-23T16:14:29.967000;9a295aa0-8c1b-4387-ad46-edd57c5bac75;11.95;36.00256206;BUY
2016-03-23T16:14:32.000000;2016-03-23T16:14:32.810000;83bef5e1-2c99-4112-ba26-c0fad17f17d1;11.95;0.55056;BUY
2016-03-23T16:14:33.000000;2016-03-23T16:14:33.543000;b9823877-c45c-47fa-a342-05115f3a64fd;11.95;10.0430684;BUY
2016-03-23T16:14:35.000000;2016-03-23T16:14:35.773000;8bbc40d5-5465-4733-8e27-ec9d155ba8f3;11.949;0.55056;SELL
2016-03-23T16:14:36.000000;2016-03-23T16:14:36.110000;17f5b756-35d5-4eae-a74f-e5b1c05b5366;11.95;10.0430684;BUY
2016-03-23T16:14:36.000000;2016-03-23T16:14:36.787000;dbfc2b5a-703c-4965-8c83-55ff59496f3b;11.95;10.0330254;BUY
2016-03-23T16:14:37.000000;2016-03-23T16:14:37.697000;601ef2ef-f5fa-451e-9c8c-174f2b382dd4;11.949;2.6;BUY
2016-03-23T16:14:37.000000;2016-03-23T16:14:37.700000;739249dc-de25-4f74-a087-5ee17ad9602a;11.95;27.69809692;BUY
2016-03-23T16:14:40.000000;2016-03-23T16:14:41.133000;39d859d3-db8d-4506-9cab-453f709fbca6;11.955;0.55056;BUY
2016-03-23T16:14:40.000000;2016-03-23T16:14:41.173000;2d19e6b4-51ea-4e50-b3c7-c01c7a1eba19;11.963;0.55056;BUY
2016-03-23T16:14:43.000000;2016-03-23T16:14:43.570000;5f3aa19b-d78f-4b6c-bea6-cd95240fe1e8;11.98;0.55056;BUY
2016-03-23T16:14:46.000000;2016-03-23T16:14:46.333000;827d090c-ebff-4914-9042-47e443bb0f87;11.998;0.55056;BUY
2016-03-23T16:14:48.000000;2016-03-23T16:14:49.030000;50b2433d-ad1c-4e16-b7bd-6c9c1e56952b;12.0;4.58102282;BUY
2016-03-23T16:14:58.000000;2016-03-23T16:14:58.380000;896da5bf-7687-44ea-adbf-2410d28295ba;11.986;0.55056;SELL
2016-03-23T16:15:22.000000;2016-03-23T16:15:22.873000;4ab8d09c-d7b0-41ad-b60f-383fc183bd47;11.983;0.55056;BUY
2016-03-23T16:15:24.000000;2016-03-23T16:15:25.537000;f4557d94-3353-490a-89e1-abad3cca5d45;12.0;35.45200206;BUY
2016-03-23T16:15:25.000000;2016-03-23T16:15:25.673000;35ba8c73-276e-47b5-815d-bc9b06e9ad53;12.0;4.50597512;BUY
2016-03-23T16:15:25.000000;2016-03-23T16:15:25.680000;6df79b2c-a7cd-4265-bca1-f708645b386a;12.0;14.61494578;BUY
2016-03-23T16:15:26.000000;2016-03-23T16:15:26.580000;3855f1c4-12c5-4bfe-90bf-0c562cc81ead;12.0;1.7576828;BUY
2016-03-23T16:15:27.000000;2016-03-23T16:15:27.100000;f1745528-fb94-484c-8313-eefa55b7fc48;11.999;12.80677886;BUY
2016-03-23T16:15:27.000000;2016-03-23T16:15:28.070000;f2e640e7-edb2-42b3-baa2-ee30c481130e;11.999;1.67044941;BUY
2016-03-23T16:15:28.000000;2016-03-23T16:15:28.967000;35109241-2419-4b13-8d0b-de782915d59a;12.0;4.34439792;BUY
2016-03-23T16:15:29.000000;2016-03-23T16:15:29.353000;54e4442e-0fb7-479a-b60e-f758d87e5999;12.0;1.30112;BUY
2016-03-23T16:15:32.000000;2016-03-23T16:15:32.973000;bd6f5b6c-d49a-4d6e-bee5-44271f520bc2;12.0;21.9818535;BUY
2016-03-23T16:15:32.000000;2016-03-23T16:15:32.983000;bdc514fc-6e1a-45c4-a55c-e5e9d56cecf2;12.007;0.55056;BUY
2016-03-23T16:15:32.000000;2016-03-23T16:15:32.987000;a7f204a1-a721-4e00-b542-1b8a1f9e0822;12.01;0.2;BUY
2016-03-23T16:15:32.000000;2016-03-23T16:15:33.020000;9d7c1aae-7253-42de-9f43-4feaad4e761a;12.014;0.55056;BUY
2016-03-23T16:15:43.000000;2016-03-23T16:15:43.047000;5d80e5d4-758d-486a-b980-35b28804ac33;12.055;0.55056;SELL
2016-03-23T16:16:20.000000;2016-03-23T16:16:20.273000;f6336182-747a-4b91-a363-7a37f455dae3;12.032;0.55056;SELL
2016-03-23T16:16:20.000000;2016-03-23T16:16:20.307000;ddaaba59-8261-43e1-8ef9-4d98ca1dcc23;12.026;16.12294391;SELL
2016-03-23T16:17:35.000000;2016-03-23T16:17:35.700000;5369e0f3-3eb5-426d-acff-ea51ba84bbd2;12.037;0.55056;BUY
2016-03-23T16:17:42.000000;2016-03-23T16:17:42.347000;21c2abf5-23a9-4137-bad8-401ebbb1065c;12.076;0.55056;BUY
2016-03-23T16:17:51.000000;2016-03-23T16:17:51.510000;968ea863-fc6d-40a4-be82-248b2b8f48d5;12.074;0.55056;SELL
2016-03-23T16:18:03.000000;2016-03-23T16:18:03.913000;99de0465-4db8-4ae0-9bca-14164c55b166;12.091;0.55056;SELL
2016-03-23T16:18:14.000000;2016-03-23T16:18:15.057000;9a21875b-5837-4b16-a63f-98d33a7a569b;12.1;7.19124117;BUY
2016-03-23T16:18:20.000000;2016-03-23T16:18:20.310000;3693c4a0-ea49-4d95-89a4-2e0d010ec698;12.1;25.80960718;BUY
2016-03-23T16:18:22.000000;2016-03-23T16:18:22.107000;894dca28-aab4-4503-b751-8409fd2c1b79;12.1;25.80960718;BUY
2016-03-23T16:18:22.000000;2016-03-23T16:18:22.793000;a319545d-0b59-4e17-9f92-ebb7711db765;12.1;8.41516478;BUY
2016-03-23T16:18:23.000000;2016-03-23T16:18:24.027000;84f7dbf2-c492-4337-bfca-181671564470;12.1;32.77437969;BUY
2016-03-23T16:18:23.000000;2016-03-23T16:18:24.037000;637026d2-f6a0-4809-bbd6-af2234d21767;12.1;8.06095565;BUY
2016-03-23T16:18:24.000000;2016-03-23T16:18:24.577000;b67b9419-c158-4458-830f-d83a46cb02b4;12.1;1.93904435;BUY
2016-03-23T16:18:24.000000;2016-03-23T16:18:24.587000;79ef3c35-bf57-4493-a5c8-f87960890d5b;12.1;0.1;BUY
2016-03-23T16:18:30.000000;2016-03-23T16:18:30.583000;ee3ef081-b7fe-4646-8891-49be8bbaaf21;12.123;0.55056;BUY
2016-03-23T16:18:33.000000;2016-03-23T16:18:33.550000;551ff990-2211-42b4-ae0f-dcbbf4bc1240;12.145;0.55056;BUY
2016-03-23T16:18:37.000000;2016-03-23T16:18:37.507000;67ef0e3a-9126-458a-83ed-852dc7131a53;12.138;0.55056;SELL
2016-03-23T16:18:59.000000;2016-03-23T16:18:59.450000;5c83b7bc-c316-46f3-aca4-bf085b9f426f;12.156;0.55056;SELL
2016-03-23T16:21:41.000000;2016-03-23T16:21:41.563000;bad81b73-5d87-42d5-920e-63b81b4844f3;12.16;4.50890945;BUY
2016-03-23T16:21:44.000000;2016-03-23T16:21:44.857000;2fcf236e-dad1-49e0-9f6a-b359529d3bb3;12.16;1.65757537;BUY
2016-03-23T16:21:49.000000;2016-03-23T16:21:50.117000;b83216c4-2e11-4881-891a-d3fdb741cb45;12.16;0.00665025;BUY
2016-03-23T16:21:57.000000;2016-03-23T16:21:57.053000;a7053032-e6bf-437f-ab03-494084591d21;12.17;3.91633691;BUY
2016-03-23T16:21:57.000000;2016-03-23T16:21:57.547000;75aeb4d1-92c4-4751-b4c9-b099dfe270ca;12.16;1.65092512;SELL
2016-03-23T16:21:57.000000;2016-03-23T16:21:57.560000;b263d795-8980-4b94-b55d-639091dd9214;12.148;0.55056;SELL
2016-03-23T16:21:57.000000;2016-03-23T16:21:57.573000;e8cae605-4116-4ff5-aaef-a758d860c743;12.124;1.05851488;SELL
2016-03-23T16:22:00.000000;2016-03-23T16:22:00.240000;40e39c1a-98b7-4678-ae1c-230fc841d475;12.17;3.91633691;BUY
2016-03-23T16:22:01.000000;2016-03-23T16:22:02.000000;c1845456-f827-4705-b018-afa13f46f3be;12.16;0.55056;BUY
2016-03-23T16:22:05.000000;2016-03-23T16:22:05.163000;d4689a1f-cfbd-40de-8d40-1575b470e831;12.16;4.50890945;BUY
2016-03-23T16:22:09.000000;2016-03-23T16:22:10.180000;e22d800e-e55c-4bc5-b4d8-a2858b211899;12.16;4.50890945;BUY
2016-03-23T16:22:14.000000;2016-03-23T16:22:14.553000;4267102e-132c-4572-98d3-277554c86f55;12.138;0.55056;BUY
2016-03-23T16:22:14.000000;2016-03-23T16:22:14.557000;605268ae-16dd-4a9a-8c4e-549d498a369d;12.16;2.95868496;BUY
2016-03-23T16:22:19.000000;2016-03-23T16:22:19.483000;99d25f7d-c819-4ea7-aa09-21f57f9b070b;12.16;3.50924496;BUY
2016-03-23T16:22:24.000000;2016-03-23T16:22:24.160000;8f1561be-4153-42d7-88b2-2b1b519251ae;12.16;3.50617645;BUY
2016-03-23T16:22:27.000000;2016-03-23T16:22:27.673000;763d23df-46a7-4127-9785-9da395400c65;12.16;4.01453417;BUY
2016-03-23T16:22:31.000000;2016-03-23T16:22:31.107000;f73c798f-979b-4b7a-9f29-54e33ca33bc8;12.16;4.04530534;BUY
2016-03-23T16:22:35.000000;2016-03-23T16:22:35.200000;c00a87b4-6a5e-470b-8f14-41041c398979;12.16;4.03898376;BUY
2016-03-23T16:22:38.000000;2016-03-23T16:22:38.917000;d48fded9-8b7b-4ac6-a813-0f4e161addb7;12.16;4.03898376;BUY
2016-03-23T16:22:48.000000;2016-03-23T16:22:48.087000;72f96c62-4215-443e-aa72-13eaf9c1318d;12.16;4.02092162;BUY
2016-03-23T16:22:52.000000;2016-03-23T16:22:52.600000;9ff44235-eb93-400e-8fb2-301054b4dc2e;12.16;4.50890945;BUY
2016-03-23T16:22:56.000000;2016-03-23T16:22:56.133000;832c4427-fa5a-4025-9b3f-445180a2628c;12.16;0.78672028;BUY
2016-03-23T16:22:59.000000;2016-03-23T16:22:59.593000;4ec48a9b-79b7-48fe-a14e-5b0419e854fe;12.16;0.00315635;BUY
2016-03-23T16:23:30.000000;2016-03-23T16:23:30.700000;e0612868-9be9-4d1d-9fcd-c8c4a53e678d;12.163;0.54835996;BUY
2016-03-23T16:23:48.000000;2016-03-23T16:23:48.683000;56d64b08-dc06-417a-9173-5472e0ed5fed;12.163;0.00220004;BUY
2016-03-23T16:23:48.000000;2016-03-23T16:23:48.690000;62ca141b-2443-4889-9ee4-f03a0b353bbd;12.17;3.93138066;BUY
2016-03-23T16:23:52.000000;2016-03-23T16:23:52.453000;fffdfe26-a55e-4988-8e42-b67745fa157f;12.17;3.95791984;BUY
2016-03-23T16:23:57.000000;2016-03-23T16:23:57.307000;a07062bc-543f-4d16-8391-b4deabd02618;12.17;3.95791984;BUY
2016-03-23T16:24:02.000000;2016-03-23T16:24:02.530000;139a00b4-0339-48f2-a06d-012f13c770c4;12.17;5.2988467;BUY
2016-03-23T16:24:42.000000;2016-03-23T16:24:42.193000;81d3e792-18b1-4c78-903e-2011e15ea574;12.17;0.02125914;BUY
2016-03-23T16:24:42.000000;2016-03-23T16:24:42.197000;21dbc300-5db5-4739-87b0-82e3fb970b25;12.182;0.54827501;BUY
2016-03-23T16:25:07.000000;2016-03-23T16:25:07.130000;4e5fdbb4-91b8-4be7-8f76-7f3807ba94b1;12.178;0.54835996;BUY
2016-03-23T16:25:12.000000;2016-03-23T16:25:12.057000;8807fe81-3577-4740-ac74-cd657accde80;12.178;0.00220004;BUY
2016-03-23T16:25:12.000000;2016-03-23T16:25:12.067000;beaa93fc-77cd-42a5-a2d7-82b53679ff88;12.182;0.00228499;BUY
2016-03-23T16:25:12.000000;2016-03-23T16:25:12.080000;575357b4-3bc5-45be-8807-e87f32fcd895;12.2;4.61096934;BUY
2016-03-23T16:25:15.000000;2016-03-23T16:25:16.037000;252201b1-34ae-4fb3-94c7-0a4101eb6f6d;12.2;4.34839156;BUY
2016-03-23T16:25:17.000000;2016-03-23T16:25:17.350000;13664ca8-3247-4590-8801-ad2e8382cb57;12.2;1.0406391;BUY
2016-03-23T16:25:17.000000;2016-03-23T16:25:17.357000;8e29d564-5dfe-485d-ae4e-024aa35b8b41;12.229;0.55056;BUY
2016-03-23T16:25:17.000000;2016-03-23T16:25:17.367000;dc27cbaa-887b-4c45-99a2-4726ef63b397;12.239;0.6933;BUY
2016-03-23T16:25:17.000000;2016-03-23T16:25:17.397000;c8e5622b-bc1c-47fe-8176-5939bef73178;12.24;0.55056;BUY
2016-03-23T16:25:17.000000;2016-03-23T16:25:17.397000;23ca74ff-ccd1-4190-9cb6-c87dc841d823;12.246;0.688668;BUY
2016-03-23T16:25:17.000000;2016-03-23T16:25:17.397000;4e46a8f6-30f8-46e7-875c-6895b459e04a;12.247;0.55056;BUY
2016-03-23T16:25:17.000000;2016-03-23T16:25:17.397000;ea3eba67-aeec-490e-935d-12a8932f21de;12.25;2.5;BUY
2016-03-23T16:25:17.000000;2016-03-23T16:25:17.397000;5a80f804-70c7-4542-8ac8-ecef3aac1472;12.258;0.55056;BUY
2016-03-23T16:25:17.000000;2016-03-23T16:25:17.433000;04f44cc7-78f2-44b1-9117-8125448c1e01;12.268;10.0;BUY
2016-03-23T16:25:17.000000;2016-03-23T16:25:17.433000;a3c71d23-01ed-4268-82fb-3dde90a13ab8;12.3;10.0;BUY
2016-03-23T16:25:17.000000;2016-03-23T16:25:17.433000;0ecf5ab2-68f9-49e1-bcca-e129a52fefc8;12.3;37.8751529;BUY
2016-03-23T16:25:24.000000;2016-03-23T16:25:24.637000;7e393a1c-278e-4b96-9098-b8f6c1908336;12.258;0.55056;SELL
2016-03-23T16:25:35.000000;2016-03-23T16:25:35.837000;ca8c7d78-a144-424a-9609-37778c15efd3;12.266;0.55056;SELL
2016-03-23T16:26:20.000000;2016-03-23T16:26:20.807000;f8325385-809b-4595-aff4-c1aa1cdc6352;12.289;0.55056;SELL
2016-03-23T16:28:40.000000;2016-03-23T16:28:40.450000;171e437b-27ac-4d5d-b5ae-618f0919ae94;12.274;0.55056;SELL
2016-03-23T16:29:44.000000;2016-03-23T16:29:44.663000;ab7ebf78-0f3b-4011-b807-f2e1ad34200b;12.235;0.55056;SELL
2016-03-23T16:29:44.000000;2016-03-23T16:29:44.680000;eaee0638-0c0a-4157-a48a-ab2985c36d05;12.222;0.00358222;SELL
2016-03-23T16:29:47.000000;2016-03-23T16:29:47.310000;93eae70a-87a6-486b-b45e-73677d22dbbf;12.222;0.55056;SELL
2016-03-23T16:29:47.000000;2016-03-23T16:29:47.323000;c9f0f810-734b-40af-b7f4-aeb7384e8774;12.2;1.03648071;SELL
2016-03-23T16:29:47.000000;2016-03-23T16:29:47.333000;adbc0a4c-8637-4cbf-b8de-b95e7d45ce7a;12.2;0.81878151;SELL
2016-03-23T16:29:50.000000;2016-03-23T16:29:50.913000;6cb7fb0b-a75c-460c-8283-a635bea05cb8;12.2;0.55056;SELL
2016-03-23T16:29:55.000000;2016-03-23T16:29:55.843000;b32ac1b3-3eb7-47bb-948b-6f9ecc7d9b79;12.214;0.55056;SELL
2016-03-23T16:30:32.000000;2016-03-23T16:30:32.197000;98935f74-31dc-4fca-909f-8dff8ee5a435;12.226;0.55056;SELL
2016-03-23T16:30:53.000000;2016-03-23T16:30:53.897000;77d28e9a-234d-4b0f-a4f2-b942736a862f;12.192;0.55056;SELL
2016-03-23T16:31:37.000000;2016-03-23T16:31:37.683000;30116ab2-7292-4278-89c9-e27df8eb9104;12.192;4.8098;SELL
2016-03-23T16:31:37.000000;2016-03-23T16:31:37.690000;cfd50039-7d8a-4027-863f-daee26acd15d;12.188;0.55414222;SELL
2016-03-23T16:31:37.000000;2016-03-23T16:31:37.693000;b0847c11-ba77-42c4-a7b2-d818c497cf1d;12.178;0.55414222;SELL
2016-03-23T16:31:37.000000;2016-03-23T16:31:37.730000;5d7cb372-ef20-4019-b5a9-ebd008a0bb64;12.178;6.969092;SELL
2016-03-23T16:31:37.000000;2016-03-23T16:31:37.747000;4ba081e6-1b0d-48d9-b267-2f12f0fd3ba9;12.175;0.55056;SELL
2016-03-23T16:31:46.000000;2016-03-23T16:31:46.373000;c14a56e5-a91f-43fb-9a71-5194a2a8850c;12.162;0.55414222;SELL
2016-03-23T16:31:46.000000;2016-03-23T16:31:46.383000;3d1c2f60-d638-416e-9f01-64a6fb0c7d60;12.16;0.78356393;SELL
2016-03-23T16:31:46.000000;2016-03-23T16:31:46.403000;4bb1b3a4-16ef-4928-ab34-df00b2cdb1df;12.16;11.73603398;SELL
2016-03-23T16:32:27.000000;2016-03-23T16:32:27.257000;c4f73629-068c-417f-8f58-382412577cf7;12.161;0.55056;SELL
2016-03-23T16:33:03.000000;2016-03-23T16:33:03.837000;0c63cd9c-914f-4134-904f-0b723d15f630;12.157;0.55056;BUY
2016-03-23T16:33:03.000000;2016-03-23T16:33:03.847000;f604fd74-a006-46c6-b68f-3f264ebf9bb1;12.18;1.56664;BUY
2016-03-23T16:36:49.000000;2016-03-23T16:36:49.900000;f51eb990-7e75-43a8-933d-2a8d41f247cd;12.199;0.55056;BUY
2016-03-23T16:38:01.000000;2016-03-23T16:38:01.357000;1d54898f-255d-4e71-b736-eab559011bc5;12.241;0.54835996;BUY
2016-03-23T16:38:04.000000;2016-03-23T16:38:05.007000;b493ddf7-043f-42f5-b648-ae985b64b764;12.216;0.54835996;BUY
2016-03-23T16:38:14.000000;2016-03-23T16:38:14.837000;0af12d31-844e-432b-b96a-2866a9a0f7b0;12.216;0.00220004;BUY
2016-03-23T16:38:28.000000;2016-03-23T16:38:29.090000;35827f21-b7cd-4e9e-bd51-38256ca49690;12.225;0.55056;SELL
2016-03-23T16:38:51.000000;2016-03-23T16:38:51.940000;c044915c-b782-4b68-aff7-5bcab1eb291d;12.233;0.54835996;BUY
2016-03-23T16:38:52.000000;2016-03-23T16:38:52.577000;23921a28-2914-48e1-90a9-474c34be8fa8;12.233;0.00220004;BUY
2016-03-23T16:39:37.000000;2016-03-23T16:39:37.197000;32044b9e-debf-4448-8b9a-690e080a2e1d;12.241;0.00220004;BUY
2016-03-23T16:39:37.000000;2016-03-23T16:39:37.207000;ff082c54-2dd0-471a-b826-66f85e26bfcf;12.253;0.55056;BUY
2016-03-23T16:40:45.000000;2016-03-23T16:40:45.870000;fb937f98-109d-419f-a14d-016b952bea40;12.249;0.468;SELL
2016-03-23T16:40:46.000000;2016-03-23T16:40:46.887000;68694c66-9b8c-4c15-b7db-28a6128dbcbd;12.249;0.08256;SELL
2016-03-23T16:40:46.000000;2016-03-23T16:40:46.900000;42b236fb-65fb-44b7-a6ff-b920d1ace79b;12.214;0.38544;SELL
2016-03-23T16:42:57.000000;2016-03-23T16:42:57.353000;d9ef0fb5-ce06-4fdf-9d06-abf97c7b27e6;12.224;0.2;SELL
2016-03-23T16:42:57.000000;2016-03-23T16:42:57.370000;aabc19c8-c944-49e6-924a-8432c7346923;12.223;40.0215;SELL
2016-03-23T16:43:54.000000;2016-03-23T16:43:54.913000;19358cb6-07ce-4518-a075-473c982f1105;12.222;0.6;BUY
2016-03-23T16:43:54.000000;2016-03-23T16:43:54.930000;f230e38a-4d09-4b92-8ec3-3b154dbff4dc;12.223;1.22091503;BUY
2016-03-23T16:46:46.000000;2016-03-23T16:46:46.070000;a096354f-bd3c-405e-8bf3-2b282461f9d2;12.223;18.55758497;BUY
2016-03-23T16:46:46.000000;2016-03-23T16:46:46.090000;4ca5c8e0-3706-4f31-8160-06365e74307c;12.223;45.0;BUY
2016-03-23T16:48:05.000000;2016-03-23T16:48:05.737000;323eb9fb-dac8-48d0-85e9-99d906bbe7c8;12.19;0.1;BUY
2016-03-23T16:57:11.000000;2016-03-23T16:57:11.647000;6ef7f0ed-a441-4cc7-95a8-5c8a08870e60;12.245;1.389756;BUY
2016-03-23T16:57:11.000000;2016-03-23T16:57:11.680000;2d4860ac-9ce0-41a0-a247-bce6923993a4;12.249;35.9665595;BUY
2016-03-23T16:57:11.000000;2016-03-23T16:57:11.683000;b3c40eac-f06c-41a3-9d91-8e29b9f05809;12.25;23.0;BUY
2016-03-23T16:57:11.000000;2016-03-23T16:57:11.717000;39fbb363-48a5-4ce7-9a8e-66250e23a0f6;12.252;40.1308;BUY
2016-03-23T16:57:11.000000;2016-03-23T16:57:11.717000;d7daba33-11be-43e9-acd7-1e2d731aa769;12.266;0.55056;BUY
2016-03-23T16:57:12.000000;2016-03-23T16:57:12.157000;6fe37e6e-4ff9-48a8-8411-63ca9a040892;12.266;35.9665595;SELL
2016-03-23T16:57:13.000000;2016-03-23T16:57:13.430000;7a851985-d15c-4505-9361-58ee32a7365b;12.266;8.01058068;SELL
2016-03-23T16:57:13.000000;2016-03-23T16:57:13.803000;d50f194c-6fb4-4219-9300-1a1181bc1a6c;12.266;61.41445187;SELL
2016-03-23T16:57:13.000000;2016-03-23T16:57:13.817000;7c45195a-b598-4976-9447-c8808b55eb10;12.266;1.04485835;SELL
2016-03-23T16:57:14.000000;2016-03-23T16:57:14.463000;0002cb7a-f61e-4fd6-867e-2a4794c02d64;12.266;7.0950355;SELL
2016-03-23T16:57:14.000000;2016-03-23T16:57:14.493000;2031df8a-a3ba-4b74-867e-e35cf1117cf1;12.266;0.92543942;SELL
2016-03-23T16:57:15.000000;2016-03-23T16:57:15.403000;467c5aea-dff4-4ea8-a39e-f7f248cec424;12.266;6.0183511;SELL
2016-03-23T16:57:15.000000;2016-03-23T16:57:15.507000;c7319722-d57e-4aa2-b0e4-dc91c24b4e12;12.266;0.78500231;SELL
2016-03-23T16:57:18.000000;2016-03-23T16:57:18.340000;57b623e4-aeab-47eb-928f-85ac7746947a;12.266;46.14069175;SELL
2016-03-23T16:57:18.000000;2016-03-23T16:57:18.897000;873c48ae-e35a-4fbb-8e10-ff745bd003b2;12.266;29.04154154;SELL
2016-03-23T16:57:22.000000;2016-03-23T16:57:22.340000;4b24b5bf-ac1d-4fdf-a815-b5d6215389f9;12.266;0.50985582;SELL
2016-03-23T16:57:22.000000;2016-03-23T16:57:22.440000;d416f451-21d5-46b3-9651-590baa9c4114;12.266;3.90889463;SELL
2016-03-23T16:57:22.000000;2016-03-23T16:57:22.587000;d3e91c5d-085a-4e33-9002-ac8dc0f92df7;12.266;29.96819216;SELL
2016-03-23T16:57:22.000000;2016-03-23T16:57:23.150000;f7118a5b-9660-44d1-acb7-e36d3a7c096b;12.266;29.04154154;SELL
2016-03-23T16:57:23.000000;2016-03-23T16:57:23.703000;1ba59fe2-3cb6-42cb-98f7-b549fcc7017c;12.266;4.28136938;SELL
2016-03-23T16:57:23.000000;2016-03-23T16:57:23.747000;8a013f98-0dd7-4643-837f-e5b13a862a10;12.266;0.55843948;SELL
2016-03-23T16:57:24.000000;2016-03-23T16:57:24.480000;cb69d8a0-c156-4598-9f9d-bfc21fd89ceb;12.266;4.2581463;SELL
2016-03-23T16:57:24.000000;2016-03-23T16:57:24.613000;dcbed080-5e3b-4131-a4d1-ac66fe051b10;12.266;32.64578833;SELL
2016-03-23T16:57:24.000000;2016-03-23T16:57:24.703000;ae97de0b-9b7b-4a2e-8171-874cfb7a33b5;12.266;32.82383192;SELL
2016-03-23T16:57:24.000000;2016-03-23T16:57:24.710000;dd0e8feb-9eff-4381-b29a-98db609e4239;12.266;0.55541039;SELL
2016-03-23T16:57:25.000000;2016-03-23T16:57:25.517000;89025685-a5bb-4637-acfa-22da55a00133;12.266;36.40889342;SELL
2016-03-23T16:57:25.000000;2016-03-23T16:57:25.547000;fe60f809-6277-42eb-9c96-b931a36f4305;12.266;4.74898609;SELL
2016-03-23T16:57:25.000000;2016-03-23T16:57:25.837000;0fb19cad-b71d-4257-9b0a-75429b0d5ad5;12.266;0.61943296;SELL
2016-03-23T16:57:26.000000;2016-03-23T16:57:26.960000;df3bfb5f-3a1c-4603-aae4-76bee47ea7dc;12.266;8.83384587;SELL
2016-03-23T16:57:26.000000;2016-03-23T16:57:26.970000;91e0b9ef-49c2-4b39-9e6f-7b848da76d99;12.266;1.15224077;SELL
2016-03-23T16:57:28.000000;2016-03-23T16:57:28.850000;e5bf30e2-701a-473a-a829-58ff73e17efe;12.266;1.14120176;SELL
2016-03-23T16:57:28.000000;2016-03-23T16:57:28.867000;980ab11e-d832-423e-ab38-4afbc4a6b08b;12.266;8.74921343;SELL
2016-03-23T16:57:28.000000;2016-03-23T16:57:29.017000;5fa36ced-71ab-4510-8fd6-4f434fdf2e2c;12.266;1.4152512;SELL
2016-03-23T16:57:28.000000;2016-03-23T16:57:29.027000;380b80e1-38e7-4bff-ae03-62bacdd8beea;12.266;10.85025917;SELL
2016-03-23T16:57:29.000000;2016-03-23T16:57:29.550000;c7706481-9d13-4aef-8019-59bb5b7012df;12.266;2.46036022;SELL
2016-03-23T16:57:29.000000;2016-03-23T16:57:29.747000;5b735ae3-0561-4b83-a3e3-f8bd16539501;12.266;18.8627617;SELL
2016-03-23T16:57:29.000000;2016-03-23T16:57:29.993000;0abcb886-4473-447b-89d9-9de39bc482fc;12.266;2.57400889;SELL
2016-03-23T16:57:29.000000;2016-03-23T16:57:30.023000;7492e0ca-c2a9-4f08-b6f8-b8188b42a27e;12.266;19.73406811;SELL
2016-03-23T16:57:30.000000;2016-03-23T16:57:30.557000;21f353ca-9aad-4d96-9242-1d061d027368;12.266;7.87812419;SELL
2016-03-23T16:57:30.000000;2016-03-23T16:57:30.633000;cff20f22-3ae2-43cf-af3a-e6a02f63fae3;12.266;1.02758142;SELL
2016-03-23T16:57:31.000000;2016-03-23T16:57:31.620000;75ec6089-f6a6-4c3e-b5f6-51840e4adfe1;12.266;7.43658961;SELL
2016-03-23T16:57:48.000000;2016-03-23T16:57:48.937000;74d23653-3aa4-4c56-88b0-bacd702cc728;12.266;2.8971;SELL
2016-03-23T16:57:49.000000;2016-03-23T16:57:49.490000;00b90357-04cb-4378-8fd5-65f54189ce84;12.266;2.8971;SELL
2016-03-23T16:57:51.000000;2016-03-23T16:57:51.123000;7eb2e48f-d03d-4e7f-ac46-bb1f2029082f;12.266;2.8971;SELL
2016-03-23T17:07:41.000000;2016-03-23T17:07:41.203000;d696bb45-cc30-4761-87de-169e9021e322;12.266;17.72926173;SELL
2016-03-23T17:09:55.000000;2016-03-23T17:09:55.090000;8c5aacc0-e47d-4b8e-9796-311fadbfe47f;12.266;0.4097;SELL
2016-03-23T17:10:22.000000;2016-03-23T17:10:22.477000;275d902a-3f72-4156-a588-066d2afa28a7;12.283;8.7901;BUY
2016-03-23T17:11:34.000000;2016-03-23T17:11:34.863000;1c966f30-9754-48d8-9af0-5b1bad126d7f;12.283;35.9665595;BUY
2016-03-23T17:11:35.000000;2016-03-23T17:11:35.180000;979df546-8c65-4edb-9b98-6da3415495e7;12.283;2.9358405;SELL
2016-03-23T17:14:13.000000;2016-03-23T17:14:13.247000;07ed5a6a-4c27-4700-81b8-71d075eb75c7;12.213;3.588;SELL
2016-03-23T17:14:13.000000;2016-03-23T17:14:13.253000;8315a9d6-1a43-4ee6-a742-c76579c16ad6;12.212;2.304016;SELL
2016-03-23T17:14:13.000000;2016-03-23T17:14:13.287000;1281b7f5-f610-418c-9a76-cdc551bb011e;12.205;25.5695032;SELL
2016-03-23T17:14:13.000000;2016-03-23T17:14:13.287000;9d3ad302-d51d-41b2-8900-8c83cba6ec95;12.204;5.52226702;SELL
2016-03-23T17:39:05.000000;2016-03-23T17:39:05.100000;5d54c646-8a57-4989-a627-398e81e6531f;12.255;0.1628;SELL
2016-03-23T17:39:07.000000;2016-03-23T17:39:07.857000;847cf981-4489-457a-8580-a296c248f506;12.255;0.8372;SELL
2016-03-23T17:39:07.000000;2016-03-23T17:39:07.877000;2bd519e5-85f2-4f96-92da-811cd7c5c37a;12.255;0.1628;SELL
2016-03-23T17:40:41.000000;2016-03-23T17:40:41.177000;891e4c7f-f005-4a9b-bd0a-a437be71ed27;12.255;0.8372;SELL
2016-03-23T17:40:41.000000;2016-03-23T17:40:41.190000;e6bbb453-0f05-4d49-9e94-031458bd7a1e;12.255;0.1628;SELL
2016-03-23T17:47:53.000000;2016-03-23T17:47:53.703000;a41bb08f-4f59-4853-be5b-99b5bf635da7;12.264;0.55056;BUY
2016-03-23T17:47:53.000000;2016-03-23T17:47:53.710000;c1b88cda-69a9-49d7-b78f-c05dbbb186f6;12.284;0.55056;BUY
2016-03-23T17:47:53.000000;2016-03-23T17:47:53.713000;a3437f11-e6d9-4f0d-91be-40088cd7465f;12.289;2.20827;BUY
2016-03-23T17:47:53.000000;2016-03-23T17:47:53.750000;f55dc161-6ecf-4de3-9636-2f6618e92186;12.295;0.162;BUY
2016-03-23T17:47:53.000000;2016-03-23T17:47:53.750000;b80b6394-6792-4386-be29-a5c6f845e7fd;12.3;113.1527859;BUY
2016-03-23T17:47:53.000000;2016-03-23T17:47:53.750000;c2c58f82-8e61-49bd-9f5e-01ed463ebec9;12.306;0.55056;BUY
2016-03-23T17:47:53.000000;2016-03-23T17:47:53.750000;124f1c85-c334-408a-9ea3-3f96fd49ee9a;12.318;0.55056;BUY
2016-03-23T17:47:53.000000;2016-03-23T17:47:53.750000;773905a5-ead1-431e-b069-bd326171fbf1;12.327;0.55056;BUY
2016-03-23T17:47:53.000000;2016-03-23T17:47:53.750000;2a898671-8a25-4570-a14d-eb6917ca0079;12.341;0.55056;BUY
2016-03-23T17:47:53.000000;2016-03-23T17:47:53.787000;4e4cb703-acee-4ad9-9775-005e4b9a33fc;12.35;0.55056;BUY
2016-03-23T17:47:53.000000;2016-03-23T17:47:53.787000;ae9a6707-b204-4aac-8bfb-3966e18f939d;12.358;0.55056;BUY
2016-03-23T17:47:53.000000;2016-03-23T17:47:53.787000;f4c8f694-ca6e-4494-a951-4b6684b5b9c1;12.366;0.55056;BUY
2016-03-23T17:47:53.000000;2016-03-23T17:47:53.787000;fb1714bd-36ac-4db5-9f41-bf6698e4b85c;12.376;129.5219041;BUY
2016-03-23T17:48:12.000000;2016-03-23T17:48:12.313000;51344ce8-7f2f-4002-a146-cdbcf6c8d8a6;12.316;0.55056;SELL
2016-03-23T17:48:57.000000;2016-03-23T17:48:57.613000;b06fc058-76d6-4f8c-abf9-bb662a5b0b87;12.245;0.2;SELL
2016-03-23T18:03:14.000000;2016-03-23T18:03:14.590000;617483dc-535e-41a9-a3bd-f01e483b7351;12.255;0.55056;BUY
2016-03-23T18:03:14.000000;2016-03-23T18:03:14.593000;c1487ff7-7e1c-4d4c-bcb2-d3c803889cd5;12.255;3.82397201;BUY
2016-03-23T18:05:23.000000;2016-03-23T18:05:23.967000;8d46e007-23f9-4cf7-b3f2-dc12f2ae67c7;12.312;0.55056;BUY
2016-03-23T18:05:23.000000;2016-03-23T18:05:23.980000;01b47aaf-5bab-457f-9af1-5245d8bf6207;12.312;0.55056;BUY
2016-03-23T18:05:23.000000;2016-03-23T18:05:23.993000;ae68c8af-fb43-46c0-9d14-67a0189ae21f;12.312;1.89888;BUY
2016-03-23T18:07:02.000000;2016-03-23T18:07:02.080000;6ab62dd7-af1b-47a5-b0e2-40b131a0b858;12.312;33.8147;BUY
2016-03-23T18:07:29.000000;2016-03-23T18:07:29.460000;9c60062b-8d7e-4f8e-aab8-4aa8971c4030;12.336;0.55056;SELL
2016-03-23T18:08:14.000000;2016-03-23T18:08:14.907000;a0317958-62ee-48f6-b367-d64887038a85;12.281;0.55056;SELL
2016-03-23T18:09:48.000000;2016-03-23T18:09:48.163000;8266456c-45ac-43bf-8311-481ef2dd6b4d;12.285;0.55;BUY
2016-03-23T18:19:46.000000;2016-03-23T18:19:46.157000;0d1813ff-e2fd-4159-bc85-60b2fda9bb90;12.273;0.5;SELL
2016-03-23T18:20:54.000000;2016-03-23T18:20:54.733000;a1b28ec7-8acd-4c74-b0bb-efd047a84a38;12.273;0.05056;SELL
2016-03-23T18:21:05.000000;2016-03-23T18:21:05.753000;b929b931-1ea6-4f60-b2b3-065dfc732d0c;12.261;0.55056;SELL
2016-03-23T18:21:12.000000;2016-03-23T18:21:12.233000;8922f048-299d-4c82-b152-d0d59edfce56;12.245;0.35056;SELL
2016-03-23T18:21:14.000000;2016-03-23T18:21:14.883000;4f01a7ec-504f-4a45-b751-a929bfc3e2bb;12.238;0.2;SELL
2016-03-23T18:21:26.000000;2016-03-23T18:21:26.443000;e99e0e4a-fad3-4076-bd10-21301f3cb8be;12.238;0.35414222;SELL
2016-03-23T18:22:10.000000;2016-03-23T18:22:10.703000;83231ae5-428d-45a3-b0e0-1800066983a7;12.234;0.55056;SELL
2016-03-23T18:22:10.000000;2016-03-23T18:22:10.723000;91cff7eb-b05f-4a49-8136-63942952fc68;12.225;1.0;SELL
2016-03-23T18:22:10.000000;2016-03-23T18:22:10.727000;ddd4054c-c7c2-45bb-93f8-f0395556b0c5;12.222;0.55414222;SELL
2016-03-23T18:22:10.000000;2016-03-23T18:22:10.760000;c3ef97ed-ea48-47d0-ad36-9354de4fa5a0;12.209;0.27806946;SELL
2016-03-23T18:22:12.000000;2016-03-23T18:22:12.803000;2cbbde0d-54a8-4d11-8afc-e041e313bc59;12.209;0.27607276;SELL
2016-03-23T18:22:16.000000;2016-03-23T18:22:16.163000;69ebbc66-3249-4e15-b766-458780e5b05e;12.205;1.0;SELL
2016-03-23T18:22:16.000000;2016-03-23T18:22:16.173000;10a93e3e-b175-407f-8f0f-a831e45e8174;12.205;1.10669782;SELL
2016-03-23T18:22:28.000000;2016-03-23T18:22:28.467000;fd670903-6025-4a65-b75e-e0d64d999d35;12.236;0.19641778;BUY
2016-03-23T18:22:28.000000;2016-03-23T18:22:28.493000;44656824-4ae0-4b31-9c4c-1148b0058af9;12.236;0.80358222;BUY
2016-03-23T18:22:36.000000;2016-03-23T18:22:37.053000;3fdf2991-6b25-490e-86d7-a89eb5b59183;12.236;1.0;BUY
2016-03-23T18:22:57.000000;2016-03-23T18:22:57.963000;4a87a85a-089f-4209-8008-1ec4bac6af7e;12.208;0.55056;SELL
2016-03-23T18:23:19.000000;2016-03-23T18:23:19.827000;9e88296c-947c-4bb3-873e-4f19726dce38;12.2;0.55414222;SELL
2016-03-23T18:23:19.000000;2016-03-23T18:23:19.837000;6d2bf5fa-78cd-4f55-9e83-8c8721834e71;12.199;1.0;SELL
2016-03-23T18:26:34.000000;2016-03-23T18:26:34.070000;53b0218c-0ad7-4f0d-bf0a-46f264cabee1;12.186;0.55414222;SELL
2016-03-23T18:26:43.000000;2016-03-23T18:26:43.327000;17883efc-f814-498d-8c70-a655e3e7c0d9;12.178;0.55414222;SELL
2016-03-23T18:26:43.000000;2016-03-23T18:26:43.807000;307bfdf9-4c15-4372-9ed2-ff54d5b68eb0;12.17;0.55414222;SELL
2016-03-23T18:26:59.000000;2016-03-23T18:26:59.167000;81fa25a6-7a93-47d6-9272-7336502118bd;12.184;0.55056;SELL
2016-03-23T18:28:22.000000;2016-03-23T18:28:22.157000;1944b0df-efd0-444b-b555-74700b250206;12.162;0.55414222;SELL
2016-03-23T18:28:22.000000;2016-03-23T18:28:22.180000;05bed7f6-a19a-4b4a-a1b2-d5197841bde1;12.162;33.19292866;SELL
2016-03-23T18:31:04.000000;2016-03-23T18:31:04.227000;3e0ddc3d-fcd7-4137-9698-908744b9d2af;12.182;40.2375;BUY
2016-03-23T18:31:04.000000;2016-03-23T18:31:04.253000;ab4678fd-f03a-4ef5-8bdd-8db59233a490;12.202;31.67490195;BUY
2016-03-23T18:31:04.000000;2016-03-23T18:31:04.257000;26ddb27c-c326-4a2b-b6c0-dc57f47cb8ef;12.203;2.202785;BUY
2016-03-23T18:31:04.000000;2016-03-23T18:31:04.290000;18a00899-6558-4a6a-858b-22a0cd899485;12.27;6.31364;BUY
2016-03-23T18:31:04.000000;2016-03-23T18:31:04.290000;300541d2-b9b7-4ba5-8bcf-3ae7d1eb0f43;12.275;0.55056;BUY
2016-03-23T18:31:04.000000;2016-03-23T18:31:04.290000;aa490cd6-fae6-4e89-b056-5dbfab4a7cf4;12.284;80.8471541;BUY
2016-03-23T18:32:14.000000;2016-03-23T18:32:14.153000;b2ae47ea-68b5-4335-9698-838d36ea76e7;12.152;0.55414222;SELL
2016-03-23T18:33:17.000000;2016-03-23T18:33:17.153000;74cc6e8d-f037-48f2-9517-583b48c7f246;12.144;0.55414222;SELL
2016-03-23T18:33:38.000000;2016-03-23T18:33:38.260000;48d173a4-0795-4eb9-bb54-cf88c3f464ac;12.13;0.55414222;SELL
2016-03-23T18:33:56.000000;2016-03-23T18:33:56.963000;7d8077fc-5524-4aa8-aa84-7c72f9c03575;12.124;3.06410404;SELL
2016-03-23T18:33:56.000000;2016-03-23T18:33:56.967000;40ee3079-bac8-4061-ad9c-608c8f8c052a;12.124;22.80796696;SELL
2016-03-23T18:34:50.000000;2016-03-23T18:34:50.147000;8724d407-2002-49cd-976f-449091c18196;12.124;8.79877812;SELL
2016-03-23T18:34:50.000000;2016-03-23T18:34:50.153000;d356c4c0-62d5-4a1b-ab1b-a39ed14f5ea5;12.124;0.53773291;SELL
2016-03-23T18:34:50.000000;2016-03-23T18:34:50.183000;5d1268db-ffa2-4739-986c-aa44f605ac43;12.123;0.26051073;SELL
2016-03-23T18:34:50.000000;2016-03-23T18:34:50.183000;edc5e09e-fab3-4036-8a00-d4331d8b5178;12.123;0.55414222;SELL
2016-03-23T18:34:50.000000;2016-03-23T18:34:50.183000;4ff30582-8d53-473b-8899-614b4bab289f;12.109;0.55414222;SELL
2016-03-23T18:34:52.000000;2016-03-23T18:34:53.327000;ee11bf54-9678-41df-9c1d-dc385d1e02a6;12.102;6.21820897;SELL
2016-03-23T18:34:52.000000;2016-03-23T18:34:53.347000;d574c95f-c657-4054-be12-f7a2c586c36b;12.102;8.40674962;SELL
2016-03-23T18:34:52.000000;2016-03-23T18:34:53.353000;a860f02e-a82a-44b0-87e1-4cb356a6fa1e;12.102;7.945496;SELL
2016-03-23T18:34:52.000000;2016-03-23T18:34:53.383000;7c67b312-dbd4-49d9-937f-fc3d0f94365b;12.1;5.15219682;SELL
2016-03-23T18:34:52.000000;2016-03-23T18:34:53.383000;45a97621-a414-4820-a62b-072f70023602;12.098;0.55414222;SELL
2016-03-23T18:34:52.000000;2016-03-23T18:34:53.383000;7c67ebd7-feca-4400-bc28-fbca99bd33d1;12.084;0.55414222;SELL
2016-03-23T18:34:52.000000;2016-03-23T18:34:53.383000;9db06174-86f0-4f2d-85de-ad44c53beef6;12.077;0.55414222;SELL
2016-03-23T18:34:52.000000;2016-03-23T18:34:53.383000;edc352fd-2d5f-4e0b-8998-0c70a907de37;12.073;0.55056;SELL
2016-03-23T18:34:52.000000;2016-03-23T18:34:53.383000;9e649f9e-3bb4-42f5-b8c8-fc34ee0af7a4;12.046;2.210526;SELL
2016-03-23T18:34:52.000000;2016-03-23T18:34:53.420000;8276600c-5cd6-437c-b9d3-25053d8e4a9c;12.029;0.55414222;SELL
2016-03-23T18:34:52.000000;2016-03-23T18:34:53.420000;f0415348-eb63-48e2-97df-4ba40fe2f68b;12.025;20.19436303;SELL
2016-03-23T18:34:52.000000;2016-03-23T18:34:53.420000;9d612958-47a8-4b90-a2e8-803509719893;12.021;20.0;SELL
2016-03-23T18:34:52.000000;2016-03-23T18:34:53.420000;c03e00a1-0c7a-47d3-bee7-22f8516d78a8;12.021;27.10533068;SELL
2016-03-23T18:36:23.000000;2016-03-23T18:36:23.077000;0a41de78-7609-4b02-9de1-1de4de230c33;12.048;0.468;BUY
2016-03-23T18:36:38.000000;2016-03-23T18:36:38.937000;b9576cac-d758-4e17-811b-2e72f7f684e9;12.035;0.55056;SELL
2016-03-23T18:43:18.000000;2016-03-23T18:43:18.813000;0c4df40f-088f-4825-8bc3-69fd17c47349;12.048;0.08256;BUY
2016-03-23T18:43:40.000000;2016-03-23T18:43:40.637000;f52b8f1d-09c0-41d9-9437-69c4e837e029;12.125;0.55056;BUY
2016-03-23T18:43:40.000000;2016-03-23T18:43:40.643000;903da41e-ed08-486e-9673-0fb7ad59b5a6;12.125;40.8677;BUY
2016-03-23T18:43:43.000000;2016-03-23T18:43:43.193000;a297066f-80da-4df8-85ee-a961c32ac6d5;12.13;0.55056;SELL
2016-03-23T18:43:54.000000;2016-03-23T18:43:55.000000;7513e4ce-c642-4621-a9f5-1b1077393be5;12.146;0.55056;SELL
2016-03-23T18:43:57.000000;2016-03-23T18:43:57.047000;24083c8e-22a2-4086-a4a8-bbc0c5a00b57;12.13;0.468;SELL
2016-03-23T19:00:17.000000;2016-03-23T19:00:17.797000;080c010c-465b-41f1-bd6f-3b4ed0601635;12.164;0.55056;BUY
2016-03-23T19:00:35.000000;2016-03-23T19:00:35.937000;37d2e27c-0285-4c9d-a23c-ac83f32a3722;12.237;0.55056;BUY
2016-03-23T19:00:35.000000;2016-03-23T19:00:35.947000;269653db-18b5-4f40-b9e1-3e534d338372;12.244;27.62992384;BUY
2016-03-23T19:00:35.000000;2016-03-23T19:00:35.960000;9c46f514-71da-43ad-aca0-b5483fc1dfc0;12.245;2.230395;BUY
2016-03-23T19:00:35.000000;2016-03-23T19:00:35.983000;5ab57c17-5394-45b8-bf73-e96fb0874b78;12.285;0.00056;BUY
2016-03-23T19:00:35.000000;2016-03-23T19:00:35.983000;4221999c-fb00-405e-bdbc-2c315678bd73;12.291;3.0;BUY
2016-03-23T19:00:35.000000;2016-03-23T19:00:35.983000;d5ad05de-f954-47d7-9361-1e56dbdce140;12.299;0.55056;BUY
2016-03-23T19:00:35.000000;2016-03-23T19:00:35.983000;e3f94792-f253-4595-9259-a2686cd292fa;12.321;2.0;BUY
2016-03-23T19:00:35.000000;2016-03-23T19:00:35.983000;c3c43572-dd58-4046-ae65-1748dc7226eb;12.321;10.809845;BUY
2016-03-23T19:00:35.000000;2016-03-23T19:00:35.987000;25c6a000-7710-4c6c-983d-e7066e7cb9fd;12.326;0.55056;BUY
2016-03-23T19:00:35.000000;2016-03-23T19:00:36.023000;6a53f4d4-5d66-4fe5-a992-e7776cd24c9c;12.336;200.0;BUY
2016-03-23T19:00:35.000000;2016-03-23T19:00:36.023000;1aca1228-93e0-4993-84ac-849ea97945b2;12.337;0.55056;BUY
2016-03-23T19:00:35.000000;2016-03-23T19:00:36.023000;d2a972ec-ccb5-4afb-bdab-3f03afa794e6;12.353;0.55056;BUY
2016-03-23T19:00:35.000000;2016-03-23T19:00:36.023000;9db09583-cd97-490a-950c-a35aadf32c57;12.363;51.57647616;BUY
2016-03-23T19:01:00.000000;2016-03-23T19:01:00.193000;da3c748a-acc6-464b-af35-8ae39a69c956;12.178;0.55056;SELL
2016-03-23T19:03:10.000000;2016-03-23T19:03:10.917000;9f584c53-e633-41c1-b3a4-1c2303294b6d;12.175;0.55414222;SELL
2016-03-23T19:08:23.000000;2016-03-23T19:08:23.080000;b4538a11-01dc-40e4-8aa7-08547ce25ce2;12.175;2.44585763;BUY
2016-03-23T19:30:48.000000;2016-03-23T19:30:49.057000;7195412b-f33c-4839-94a2-2ac8532f0a8c;12.164;0.36122799;SELL
2016-03-23T19:31:18.000000;2016-03-23T19:31:18.407000;854673cf-4415-487b-9e04-c5d9964c8af4;12.164;0.18713197;SELL
2016-03-23T19:31:36.000000;2016-03-23T19:31:36.180000;544327ab-0f46-4071-aa9f-daf37f80ab17;12.162;0.55056;SELL
2016-03-23T19:33:57.000000;2016-03-23T19:33:57.950000;a848e655-2929-459c-b4ac-8978f96a4e07;12.154;0.55056;SELL
2016-03-23T19:43:00.000000;2016-03-23T19:43:00.457000;94b45018-d476-4ce9-a985-c72841bfceec;12.159;0.55056;BUY
2016-03-23T19:43:00.000000;2016-03-23T19:43:00.467000;fc532806-44f7-4e0d-a73c-52393b0bab85;12.185;0.55056;BUY
2016-03-23T19:43:00.000000;2016-03-23T19:43:00.493000;6cae9180-67aa-45a5-80bd-64f9355e88f9;12.246;0.55056;BUY
2016-03-23T19:43:00.000000;2016-03-23T19:43:00.493000;43860d19-1d18-42ac-9871-790c6047a690;12.253;0.55056;BUY
2016-03-23T19:43:00.000000;2016-03-23T19:43:00.493000;9fb3d745-10e8-4ddc-a875-9dc7c42205e6;12.27;0.55056;BUY
2016-03-23T19:43:00.000000;2016-03-23T19:43:00.503000;c69a91f8-f0e2-4a3e-b7ec-3afcc682c13f;12.284;97.2472;BUY
2016-03-23T19:43:26.000000;2016-03-23T19:43:26.553000;b0ccd338-69c2-49f7-862e-342319940c38;12.25;0.55056;BUY
2016-03-23T19:43:35.000000;2016-03-23T19:43:35.540000;12676dc3-00b6-4cb0-ac3b-9fb5ebaede57;12.222;0.15151495;SELL
2016-03-23T19:43:41.000000;2016-03-23T19:43:41.423000;28b8e62f-8df3-4aa4-90a6-8939ec7feb9e;12.222;0.27442;SELL
2016-03-23T19:43:43.000000;2016-03-23T19:43:43.787000;3bdc231f-83b1-49b6-bc98-e5656b84f9d4;12.232;0.55056;SELL
2016-03-23T19:51:31.000000;2016-03-23T19:51:31.557000;a13adfd4-d61e-4b6e-9afb-f4f50ebba126;12.222;0.12462505;SELL
2016-03-23T20:19:53.000000;2016-03-23T20:19:53.987000;efa1c2c6-b399-4db7-8a80-bc612315a34b;12.215;2.3062;BUY
2016-03-23T20:37:11.000000;2016-03-23T20:37:11.943000;812bff34-4c76-4354-906e-be8f45520408;12.213;0.55056;BUY
2016-03-23T20:37:53.000000;2016-03-23T20:37:53.237000;22fe1ba9-d2c4-4b9c-bee8-0abdf0bd2211;12.222;0.37537495;BUY
2016-03-23T20:39:16.000000;2016-03-23T20:39:16.990000;2bb0641e-8d78-4d89-99af-eb7d40ed596e;12.238;0.55056;BUY
2016-03-23T20:39:16.000000;2016-03-23T20:39:16.997000;0b6128f1-213d-4e29-a8ca-e1e55b3fd1bc;12.238;0.00052108;BUY
2016-03-23T20:39:17.000000;2016-03-23T20:39:17.223000;f1af5d43-57ba-45b4-9dc1-4f658c131525;12.238;0.55108108;BUY
2016-03-23T20:39:18.000000;2016-03-23T20:39:18.707000;810664cd-1f7e-47e3-a8d1-125500cdd27e;12.238;0.55108108;BUY
2016-03-23T20:39:19.000000;2016-03-23T20:39:19.340000;eb2928ef-d24e-407b-b16d-557a262e9af3;12.238;0.55108108;BUY
2016-03-23T20:39:20.000000;2016-03-23T20:39:20.357000;10a60e1a-d4db-467f-97ca-4e9efb7d06d5;12.238;0.55108108;BUY
2016-03-23T20:39:24.000000;2016-03-23T20:39:24.467000;b57264cd-3679-4924-aae0-5a39db8d5b26;12.238;36.00256206;BUY
2016-03-23T20:39:26.000000;2016-03-23T20:39:26.207000;04bbf662-b643-4e4c-9939-fdc78dcf7735;12.238;6.79259254;BUY
2016-03-23T20:39:29.000000;2016-03-23T20:39:30.207000;88172b6d-2c65-4c8f-b8d4-86d77aa48eba;12.25;0.5489;BUY
2016-03-23T20:39:43.000000;2016-03-23T20:39:43.813000;07a9c1e4-e7e3-4377-8d3c-0d891ea5c8c5;12.273;0.5489;BUY
2016-03-23T20:40:13.000000;2016-03-23T20:40:13.630000;45c2b0bb-707f-46b4-88b6-67cf79f9f382;12.263;0.54835996;BUY
2016-03-23T20:40:17.000000;2016-03-23T20:40:17.613000;09a4b2f3-091f-498a-baaf-2d9af8d86630;12.263;0.00220004;BUY
2016-03-23T20:41:03.000000;2016-03-23T20:41:03.660000;f35b83c2-447d-45eb-b8f8-37a1e5882801;12.273;0.00166;BUY
2016-03-23T20:41:03.000000;2016-03-23T20:41:03.677000;fe5fd24a-a1b6-42f2-91e0-3832ab2c2fd0;12.314;0.55056;BUY
2016-03-23T20:41:15.000000;2016-03-23T20:41:15.863000;d515bae7-b21f-4ea2-9bef-b781b99f6aec;12.304;0.55056;SELL
2016-03-23T20:46:42.000000;2016-03-23T20:46:42.523000;d5b36592-5d43-46e2-b9a3-f7b508eab45c;12.324;0.55056;BUY
2016-03-23T20:55:18.000000;2016-03-23T20:55:18.740000;f9b6e888-ab74-4bca-85cd-a017d247d59d;12.315;2.5;BUY
2016-03-23T21:14:47.000000;2016-03-23T21:14:47.720000;a0090f26-706e-48cb-89f1-b5b12d15ba4a;12.296;0.14482938;SELL
2016-03-23T21:14:49.000000;2016-03-23T21:14:49.047000;138585e9-57cc-4b0d-abb2-b0686b3e5cd0;12.296;0.12003614;SELL
2016-03-23T21:21:03.000000;2016-03-23T21:21:03.713000;d8cfb0ee-67fb-4461-9ec5-59cb1ff746de;12.327;0.55056;SELL
2016-03-23T21:21:16.000000;2016-03-23T21:21:16.697000;1bac8d39-31f7-4fdf-8fbf-00af79a00ad7;12.343;0.5;BUY
2016-03-23T21:34:13.000000;2016-03-23T21:34:13.487000;c4d6aced-5221-444c-a3c6-33fa2af2100f;12.3;1.33777421;SELL
2016-03-23T21:34:18.000000;2016-03-23T21:34:19.000000;f364863c-944b-48d0-8a6d-5b9af3f5e19a;12.3;1.02044;SELL
2016-03-23T21:34:21.000000;2016-03-23T21:34:21.880000;8b24954f-fb44-4aaa-8a74-1c1a33bc5b9c;12.3;3.67350218;SELL
2016-03-23T21:34:21.000000;2016-03-23T21:34:21.917000;11092654-f248-468b-9b61-fcbf3df5610f;12.3;13.96828361;SELL
2016-03-23T21:34:24.000000;2016-03-23T21:34:24.180000;0c74899a-4f6f-40ac-8bdb-eec461494071;12.296;0.28569448;SELL
2016-03-23T21:34:28.000000;2016-03-23T21:34:28.273000;cd8361f7-1116-43df-b7f2-9281aa645984;12.263;0.54615992;SELL
2016-03-23T21:34:30.000000;2016-03-23T21:34:31.070000;076d80ce-5cfd-4ad8-ad51-c66ce6593a34;12.262;0.55056;SELL
2016-03-23T21:34:34.000000;2016-03-23T21:34:34.260000;f08abee0-9d12-44e7-b42a-97392ae03f18;12.261;2.57678226;SELL
2016-03-23T21:35:04.000000;2016-03-23T21:35:04.933000;2e74a424-bfa0-4eab-8882-a3d1c95de168;12.261;0.16091488;SELL
2016-03-23T21:35:04.000000;2016-03-23T21:35:04.957000;40fb3740-b874-4387-bfe0-143bbfecfa09;12.259;0.8416376;SELL
2016-03-23T21:40:52.000000;2016-03-23T21:40:52.860000;dfb6b053-8d41-4ac3-92de-9ad634d15e76;12.344;0.5912;BUY
2016-03-23T22:04:41.000000;2016-03-23T22:04:41.210000;03f2369d-89f4-4ff0-80c6-6d458b47074f;12.269;0.35109;SELL
2016-03-23T22:04:41.000000;2016-03-23T22:04:41.217000;ba334819-239c-4b94-8cbe-2c74d93ba4ef;12.268;2.1658276;SELL
2016-03-23T22:04:46.000000;2016-03-23T22:04:46.083000;27fa7d0c-c264-4c73-8e64-7cdcd7f8a0e4;12.269;0.35109;SELL
2016-03-23T22:05:06.000000;2016-03-23T22:05:06.547000;11952b98-a7ee-4068-8fb4-20cf727e3cbd;12.268;0.64891;SELL
2016-03-23T22:07:31.000000;2016-03-23T22:07:31.710000;a7e44d58-d230-40f5-8553-7525382e91d5;12.269;0.5;SELL
2016-03-23T22:08:18.000000;2016-03-23T22:08:18.973000;64f23a62-1015-46e3-99de-a35d75d5ad5d;12.345;0.55056;BUY
2016-03-23T22:08:18.000000;2016-03-23T22:08:18.987000;4a1b7819-0a5b-4b4d-aae6-e95aac1dcee0;12.357;0.4995;BUY
2016-03-23T22:08:18.000000;2016-03-23T22:08:18.997000;14ef23be-9ebc-40c0-8978-5f35ba31e0bf;12.358;8.94994;BUY
2016-03-23T22:08:56.000000;2016-03-23T22:08:56.887000;d818d38f-708a-4c69-943f-5eec8190ed0b;12.276;0.79;SELL
2016-03-23T22:09:46.000000;2016-03-23T22:09:46.967000;3c9fd807-c077-486f-993e-aea00790e835;12.276;2.241485;SELL
2016-03-23T22:09:46.000000;2016-03-23T22:09:46.987000;0573ab01-d64e-4c04-94cd-7af801d545eb;12.259;5.86512537;SELL
2016-03-23T22:22:34.000000;2016-03-23T22:22:34.553000;8cfeb310-7d8d-4db7-afdc-547475e9ac3d;12.36;1.01548;SELL
2016-03-23T22:22:45.000000;2016-03-23T22:22:45.540000;f50639d3-8eef-4559-afa3-1ccdb6d0b62c;12.36;1.06240601;SELL
2016-03-23T22:23:50.000000;2016-03-23T22:23:50.200000;a6b626d0-9d31-47a0-b955-0b81dec12329;12.36;2.92211399;SELL
2016-03-23T22:23:50.000000;2016-03-23T22:23:50.477000;fc7068e0-3260-40a1-8d75-ef39577ab07e;12.35;20.46450512;SELL
2016-03-23T22:24:21.000000;2016-03-23T22:24:21.323000;d0fc5c70-25d9-40ab-bf03-d2d9d960aab8;12.35;21.80277655;SELL
2016-03-23T22:24:22.000000;2016-03-23T22:24:22.077000;2f684610-7abf-4115-a3ce-2a6d4cf2da38;12.35;21.80277655;SELL
2016-03-23T22:24:23.000000;2016-03-23T22:24:23.610000;feead899-ae53-4bb7-b007-16192a1c28c5;12.35;1.75407212;SELL
2016-03-23T22:24:23.000000;2016-03-23T22:24:23.630000;6decbc5e-d61c-4712-a8d8-f7ab1c346cc4;12.35;13.44788627;SELL
2016-03-23T22:24:24.000000;2016-03-23T22:24:24.163000;3bc4cf29-d4a9-4724-936c-8efc991166ff;12.35;6.60081815;SELL
2016-03-23T22:27:06.000000;2016-03-23T22:27:06.993000;5220777b-362d-4690-8352-813c7a6db0be;12.35;20.07487829;SELL
2016-03-23T22:29:24.000000;2016-03-23T22:29:24.180000;9d98a8a6-ae96-4282-bca0-e669dac6ee66;12.35;1.9;SELL
2016-03-23T22:31:23.000000;2016-03-23T22:31:23.767000;a6e6b14c-dfba-4568-9362-cfa807deb341;12.35;0.40063365;SELL
2016-03-23T22:33:52.000000;2016-03-23T22:33:52.567000;67693734-d428-4bb7-b0d5-8a598ef99f0f;12.35;10.09056305;SELL
2016-03-23T22:33:59.000000;2016-03-23T22:33:59.093000;9f0c07b2-d8e9-4afd-bda7-e0dc2362e255;12.35;56.66109025;SELL
2016-03-23T22:37:53.000000;2016-03-23T22:37:53.060000;6b003e9b-b587-486d-ad88-9b6a10e6ab14;12.35;10.1259;BUY
2016-03-23T22:47:48.000000;2016-03-23T22:47:48.390000;3b60e3cb-5a7c-45ba-b136-9b45a237449e;12.35;5.6002809;BUY
2016-03-23T22:50:45.000000;2016-03-23T22:50:45.407000;3da90cb6-d800-4fb0-b2e6-db6885d836e3;12.35;20.02002002;BUY
2016-03-23T22:54:29.000000;2016-03-23T22:54:29.480000;b271c655-6173-4170-a340-92328b589b30;12.35;2.91291291;BUY
2016-03-23T22:55:54.000000;2016-03-23T22:55:54.383000;dd6916c5-5394-453d-9935-c3edd66c9430;12.35;20.02002002;BUY
2016-03-23T22:59:26.000000;2016-03-23T22:59:26.187000;7b517e4e-be68-4c2f-ab01-a8f710eb7420;12.35;20.02002002;BUY
2016-03-23T23:03:13.000000;2016-03-23T23:03:13.977000;06314f4d-41b6-4c3f-89f3-924aae6a66bb;12.349;20.02002002;BUY
2016-03-23T23:05:17.000000;2016-03-23T23:05:17.633000;69459522-ae9d-40d8-a3d7-c3f5794d4abf;12.349;26.19835798;BUY
2016-03-23T23:05:17.000000;2016-03-23T23:05:17.643000;03b3cbd0-61e5-4369-b017-cb7d8a274f8b;12.349;2.3015876;BUY
2016-03-23T23:05:17.000000;2016-03-23T23:05:17.647000;cd85976c-3033-47b1-96a9-3d00276c5f37;12.35;7.50261649;BUY
2016-03-23T23:06:00.000000;2016-03-23T23:06:00.307000;104ba189-0517-4c51-9020-094e99118d1f;12.35;0.80384694;BUY
2016-03-23T23:06:00.000000;2016-03-23T23:06:00.507000;0e87bf9d-71ce-4746-86c9-e4ec6dafb420;12.35;34.39486819;BUY
2016-03-23T23:06:04.000000;2016-03-23T23:06:04.783000;63e03ab1-a8da-422b-8187-00fd8fd627ca;12.365;0.55056;BUY
2016-03-23T23:06:07.000000;2016-03-23T23:06:07.463000;c29cd68e-e5b9-407a-859c-60bcabdd4d54;12.373;0.25328694;BUY
2016-03-23T23:06:38.000000;2016-03-23T23:06:38.980000;6fc5a385-f26f-485e-aa5d-6c4ace4152b5;12.312;1.98572757;SELL
2016-03-23T23:20:19.000000;2016-03-23T23:20:19.543000;71c95a9a-60ce-476c-b9be-8094af357069;12.373;0.29727306;BUY
2016-03-23T23:20:19.000000;2016-03-23T23:20:19.553000;e9a661ed-6ae3-4ada-bf8d-2b796453c63a;12.381;0.55056;BUY
2016-03-23T23:28:29.000000;2016-03-23T23:28:29.403000;681d1d02-8da3-4c7a-8c49-2e6c3e1458fc;12.397;0.55056;BUY
2016-03-23T23:28:29.000000;2016-03-23T23:28:29.410000;4a00e60a-6755-4d98-a70c-4677af575a5a;12.4;10.0;BUY
2016-03-23T23:28:29.000000;2016-03-23T23:28:29.423000;c9521e8c-1316-497e-9f31-463f2893b192;12.409;0.55056;BUY
2016-03-23T23:28:29.000000;2016-03-23T23:28:29.450000;12e6bba4-5f92-4eca-a817-4288154fb743;12.42;0.55056;BUY
2016-03-23T23:28:29.000000;2016-03-23T23:28:29.450000;1df2ba0e-221a-41f7-a8a4-535b654b9020;12.427;209.2274;BUY
2016-03-23T23:28:29.000000;2016-03-23T23:28:29.450000;a9760480-892d-4a9a-9bc4-2b56eb7e1e5d;12.427;44.8875;BUY
2016-03-23T23:28:29.000000;2016-03-23T23:28:29.450000;b9b2b896-74b1-43a6-8d9c-1e17c05b480f;12.429;0.55056;BUY
2016-03-23T23:47:21.000000;2016-03-23T23:47:21.797000;4c1a1aa8-0bc6-4803-8cdf-da46f39853c9;12.42;2.2894;BUY
2016-03-23T23:51:06.000000;2016-03-23T23:51:06.140000;f014bcda-6e24-45e9-a524-43fb4292eb11;12.42;7.7106;BUY
2016-03-23T23:51:48.000000;2016-03-23T23:51:48.107000;ecba5ecd-ad03-4966-ba79-d337252749ae;12.42;28.6;SELL
