time_exchange;time_coinpai;guid;price;base_amount;taker_side
2016-03-23T00:00:04.000000;2016-03-23T00:00:04.000000;a9a788a1-538f-4e76-92c7-7b6ef2c8aef6;417.7;0.01296817;UNKNOWN
2016-03-23T00:00:06.000000;2016-03-23T00:00:06.000000;4bea4f7f-d27c-4bb9-8359-855ed54829a8;417.69;0.03;UNKNOWN
2016-03-23T00:00:08.000000;2016-03-23T00:00:08.000000;6fd9047d-b1e7-400f-b974-df322c727f17;417.69;2.75511355;UNKNOWN
2016-03-23T00:00:19.000000;2016-03-23T00:00:19.000000;f293945d-a7f7-41b3-b9df-bdba8c2654f3;417.51;3.49769434;UNKNOWN
2016-03-23T00:00:19.000000;2016-03-23T00:00:19.000000;828822ca-651a-4063-a891-88d27414b9ae;417.69;0.01;UNKNOWN
2016-03-23T00:00:35.000000;2016-03-23T00:00:35.000000;888a7f44-2d70-4c2d-895e-14f126223965;417.51;0.19322764;UNKNOWN
2016-03-23T00:01:39.000000;2016-03-23T00:01:39.000000;31e41458-8861-4ce2-bcc4-ba297ffc64be;417.7;1.0;UNKNOWN
2016-03-23T00:02:26.000000;2016-03-23T00:02:26.000000;d8dcccea-7f84-40dc-b382-df9c77ce6ed3;417.66;0.05075888;UNKNOWN
2016-03-23T00:04:06.000000;2016-03-23T00:04:06.000000;f85314f7-5481-44b2-842a-7f3ecc5a426f;417.62;0.06;UNKNOWN
2016-03-23T00:05:30.000000;2016-03-23T00:05:30.000000;0832ee5d-ef2d-4cce-aa68-ef851086daed;417.65;0.508117;UNKNOWN
2016-03-23T00:05:30.000000;2016-03-23T00:05:30.000000;8b383918-7a08-4cc7-8890-01f020fcac64;417.66;0.5;UNKNOWN
2016-03-23T00:06:12.000000;2016-03-23T00:06:12.000000;b24e7fef-314c-4051-819b-f3a8e1d6cd85;417.69;0.11932605;UNKNOWN
2016-03-23T00:09:01.000000;2016-03-23T00:09:01.000000;9335fd9b-9d9f-4ff3-bab0-d765f361995f;417.69;2.0;UNKNOWN
2016-03-23T00:09:39.000000;2016-03-23T00:09:39.000000;82fa1c89-a22e-4249-95a2-26feb20bd6f8;417.69;0.15592966;UNKNOWN
2016-03-23T00:10:36.000000;2016-03-23T00:10:36.000000;34200570-ad7d-4491-94a8-83736b63614c;417.69;0.09595671;UNKNOWN
2016-03-23T00:11:49.000000;2016-03-23T00:11:49.000000;c6424bc2-ed29-43e1-a4ba-524a17ae46bc;417.69;0.20390802;UNKNOWN
2016-03-23T00:13:08.000000;2016-03-23T00:13:08.000000;7010e6ef-0ea7-482a-9534-94a7b70276a6;417.69;1.19063503;UNKNOWN
2016-03-23T00:13:08.000000;2016-03-23T00:13:08.000000;0248db2d-9e05-4dee-81be-bce98a2e9d3a;417.69;4.44936497;UNKNOWN
2016-03-23T00:16:04.000000;2016-03-23T00:16:04.000000;032aa41b-c16a-4c39-aff7-05d60bde67de;417.54;0.1;UNKNOWN
2016-03-23T00:16:46.000000;2016-03-23T00:16:46.000000;8852e806-4248-42aa-809c-eed939fb2cd2;417.7;0.0447;UNKNOWN
2016-03-23T00:17:08.000000;2016-03-23T00:17:08.000000;aeec1332-cfb2-4727-8d1b-e4a07828599e;417.54;0.07829924;UNKNOWN
2016-03-23T00:18:52.000000;2016-03-23T00:18:52.000000;bd75bf75-5bf3-4750-975f-32bd84152168;417.55;0.05999449;UNKNOWN
2016-03-23T00:19:39.000000;2016-03-23T00:19:39.000000;78051caf-81a2-4a97-890d-3ed60d9c3c50;417.55;0.1344;UNKNOWN
2016-03-23T00:20:28.000000;2016-03-23T00:20:28.000000;27f3164c-5282-47aa-a501-5d0e97fc85e3;417.4;0.40185476;UNKNOWN
2016-03-23T00:21:07.000000;2016-03-23T00:21:07.000000;383096bb-1d24-4d3c-982e-13f24f0073de;417.5;0.26560424;UNKNOWN
2016-03-23T00:22:05.000000;2016-03-23T00:22:05.000000;24241196-4cc8-489f-9778-47f3e8d74b24;417.38;0.1156656;UNKNOWN
2016-03-23T00:22:20.000000;2016-03-23T00:22:20.000000;d2ed2060-2e4f-476e-884b-fec43d5bf959;417.38;0.07219845;UNKNOWN
2016-03-23T00:22:20.000000;2016-03-23T00:22:20.000000;94c41656-0eda-4b3e-a701-66c7de8c1dbd;417.11;0.07780155;UNKNOWN
2016-03-23T00:23:08.000000;2016-03-23T00:23:08.000000;24235704-1832-4651-8390-0fb0f5a8549b;416.94;0.9220213;UNKNOWN
2016-03-23T00:23:11.000000;2016-03-23T00:23:11.000000;30ac552c-8e86-48c6-8c60-af235a7b711b;416.96;0.5;UNKNOWN
2016-03-23T00:28:44.000000;2016-03-23T00:28:44.000000;7b06bf1c-5a9b-4bcb-8ddf-ed8ef6a35f20;417.39;4.0137;UNKNOWN
2016-03-23T00:28:44.000000;2016-03-23T00:28:44.000000;9ec1d4d2-0ce3-4089-97f0-ce6d644b423d;417.34;5.9863;UNKNOWN
2016-03-23T00:30:20.000000;2016-03-23T00:30:20.000000;74e69e83-2b8b-4ce4-b99e-56fa39d20389;417.23;0.05524256;UNKNOWN
2016-03-23T00:30:43.000000;2016-03-23T00:30:43.000000;163a37eb-d5d2-4c45-9fdd-38aa383c498c;417.24;0.5;UNKNOWN
2016-03-23T00:30:43.000000;2016-03-23T00:30:43.000000;8d2e2c29-e9f9-4602-888a-dc8ac70c3a88;417.25;0.5;UNKNOWN
2016-03-23T00:35:19.000000;2016-03-23T00:35:19.000000;6dd3c6ae-9f5f-4e03-93d6-2fd19c7599ef;417.26;0.4806;UNKNOWN
2016-03-23T00:35:23.000000;2016-03-23T00:35:23.000000;604421ca-a66f-4e5c-8d01-e7528b0bff55;417.25;0.08645211;UNKNOWN
2016-03-23T00:36:06.000000;2016-03-23T00:36:06.000000;3fc7b22e-49ef-4f58-a4ad-006b4589bb6e;417.25;0.04;UNKNOWN
2016-03-23T00:36:06.000000;2016-03-23T00:36:06.000000;a01bb7ec-4cc4-43fa-959f-5ad3abde3e49;417.26;0.06;UNKNOWN
2016-03-23T00:36:12.000000;2016-03-23T00:36:12.000000;27a589cc-242c-4bd9-bbaf-324417db4854;417.26;0.056;UNKNOWN
2016-03-23T00:37:33.000000;2016-03-23T00:37:33.000000;914c83c9-eafe-4ff4-98c7-857ae1b09e4b;417.27;0.43459809;UNKNOWN
2016-03-23T00:37:38.000000;2016-03-23T00:37:38.000000;b89336ac-9cd9-4ee4-ae88-2a16a8c6c8ee;417.25;0.387677;UNKNOWN
2016-03-23T00:38:00.000000;2016-03-23T00:38:00.000000;b25b3e38-3741-4ab7-b542-4ebd5c8e3614;417.3;0.03;UNKNOWN
2016-03-23T00:38:31.000000;2016-03-23T00:38:31.000000;3df21ce7-a6af-4344-8377-fbe50d64699a;417.39;3.67;UNKNOWN
2016-03-23T00:39:14.000000;2016-03-23T00:39:14.000000;610e5797-4ff0-41d7-84a7-7196bc2d6ad3;417.25;0.569529;UNKNOWN
2016-03-23T00:40:11.000000;2016-03-23T00:40:11.000000;688ef1c2-c098-4271-a964-92731f191c94;417.25;1.81514189;UNKNOWN
2016-03-23T00:40:11.000000;2016-03-23T00:40:11.000000;a19e23df-ea91-456f-81bb-56a45de03df3;417.28;3.0;UNKNOWN
2016-03-23T00:40:11.000000;2016-03-23T00:40:11.000000;dd911413-e0cd-42c4-9810-fefc2a4c08a7;417.29;0.5;UNKNOWN
2016-03-23T00:40:11.000000;2016-03-23T00:40:11.000000;45853638-25b3-4e3e-a373-4444fa1c1897;417.26;5.9193;UNKNOWN
2016-03-23T00:40:54.000000;2016-03-23T00:40:54.000000;e223e09f-2904-4e43-bd1f-8d103588bfef;417.21;0.784873;UNKNOWN
2016-03-23T00:41:46.000000;2016-03-23T00:41:46.000000;61fd0cb1-935a-4ab3-80de-94e0ce1d47db;417.22;0.78118707;UNKNOWN
2016-03-23T00:41:47.000000;2016-03-23T00:41:47.000000;0e373ff9-d462-4259-95ba-18e1bdb0a414;417.22;0.78118707;UNKNOWN
2016-03-23T00:41:48.000000;2016-03-23T00:41:48.000000;84500d22-2d9d-4822-b5ba-5b1042f27b11;417.22;0.41107958;UNKNOWN
2016-03-23T00:41:51.000000;2016-03-23T00:41:51.000000;41641d10-760a-4de1-842b-6285044cbb5b;417.22;0.41107958;UNKNOWN
2016-03-23T00:42:41.000000;2016-03-23T00:42:41.000000;e0a8c17c-7cd3-42f8-9462-ba43e1d9af8a;417.21;0.06598;UNKNOWN
2016-03-23T00:44:24.000000;2016-03-23T00:44:24.000000;f05aa7aa-92b2-4c79-aaeb-b473dab6806a;417.21;0.310593;UNKNOWN
2016-03-23T00:44:27.000000;2016-03-23T00:44:27.000000;771783a5-09b3-4f37-b337-9883f4b8109b;417.21;0.321397;UNKNOWN
2016-03-23T00:44:51.000000;2016-03-23T00:44:51.000000;be995649-99ba-45a1-aaf7-d25e1de00aa7;417.21;0.327712;UNKNOWN
2016-03-23T00:44:56.000000;2016-03-23T00:44:56.000000;9e7897de-4702-43dd-b207-700e9ec60ed4;417.22;0.10104239;UNKNOWN
2016-03-23T00:46:49.000000;2016-03-23T00:46:49.000000;9452a68e-31f6-4aa8-aeef-e8f7ea9216b1;417.21;0.54;UNKNOWN
2016-03-23T00:50:06.000000;2016-03-23T00:50:06.000000;b29f973f-ab0f-410d-a95d-dde6329795f2;417.22;0.360192;UNKNOWN
2016-03-23T00:50:11.000000;2016-03-23T00:50:11.000000;d8a4a392-effc-4cb6-987f-694ce383eb3b;417.22;0.02751093;UNKNOWN
2016-03-23T00:51:40.000000;2016-03-23T00:51:40.000000;8c4838ad-fcc5-4d75-9822-067dbe13e792;417.21;0.14570193;UNKNOWN
2016-03-23T00:52:01.000000;2016-03-23T00:52:01.000000;32cab982-4cfa-4505-a979-5ba9e58c9198;417.21;2.08105811;UNKNOWN
2016-03-23T00:54:10.000000;2016-03-23T00:54:10.000000;fa19147e-3d52-4bcc-9959-7b9ebdac0a7f;417.21;0.16;UNKNOWN
2016-03-23T00:54:11.000000;2016-03-23T00:54:11.000000;92448bc2-ccdb-43f0-a6cc-0df7b2281a53;417.21;0.94991569;UNKNOWN
2016-03-23T00:55:03.000000;2016-03-23T00:55:03.000000;7cb884e4-40d1-4e35-9c7c-416459ac37df;417.22;0.74327862;UNKNOWN
2016-03-23T00:55:03.000000;2016-03-23T00:55:03.000000;2471d15f-ab5d-46e9-91ad-062d3e877a3a;417.22;0.12672138;UNKNOWN
2016-03-23T00:55:48.000000;2016-03-23T00:55:48.000000;8287b7bc-d11e-4fe0-95a2-cd13061363ec;417.21;0.78417828;UNKNOWN
2016-03-23T00:57:08.000000;2016-03-23T00:57:08.000000;5bf92284-f838-4b76-bcc3-d4a06908f883;417.21;0.25457783;UNKNOWN
2016-03-23T00:57:20.000000;2016-03-23T00:57:20.000000;58ea8b43-159d-4040-ac2b-f68e6d7bf833;417.21;0.47951525;UNKNOWN
2016-03-23T00:58:45.000000;2016-03-23T00:58:45.000000;d27e309a-b1f8-43f7-b95d-974f5e55da08;417.21;0.086213;UNKNOWN
2016-03-23T00:58:50.000000;2016-03-23T00:58:50.000000;643e5c8f-747a-46d2-9753-b3fe445a58f1;417.21;0.04467;UNKNOWN
2016-03-23T00:59:38.000000;2016-03-23T00:59:38.000000;1f9fd93b-34d4-4cc1-a76c-5a578b9dd742;417.22;0.06;UNKNOWN
2016-03-23T00:59:38.000000;2016-03-23T00:59:38.000000;96286bd2-e8f5-43ee-a463-e8eb5454d508;417.22;1.68985431;UNKNOWN
2016-03-23T00:59:38.000000;2016-03-23T00:59:38.000000;7431d54a-c166-41bd-9c0f-15163646c9f8;417.22;4.88672138;UNKNOWN
2016-03-23T00:59:38.000000;2016-03-23T00:59:38.000000;4638ed0f-e24b-4973-9e27-2f79fb051a8a;417.22;0.839;UNKNOWN
2016-03-23T00:59:38.000000;2016-03-23T00:59:38.000000;5c9442cc-11a3-44bb-9a5d-94db780d1a57;417.22;0.14442431;UNKNOWN
2016-03-23T01:00:06.000000;2016-03-23T01:00:06.000000;87fbad18-e729-405a-9e60-7af229601fc4;417.21;0.15322;UNKNOWN
2016-03-23T01:01:13.000000;2016-03-23T01:01:13.000000;4c97ce22-90ce-4e33-8ef9-bb374d3f7c60;417.21;1.0;UNKNOWN
2016-03-23T01:01:48.000000;2016-03-23T01:01:48.000000;ab8fad45-14e9-446f-ac12-d175bd40106a;417.21;0.07685368;UNKNOWN
2016-03-23T01:01:57.000000;2016-03-23T01:01:57.000000;a7de0e1e-1c99-4b68-afc2-bb5392728194;417.21;6.42339491;UNKNOWN
2016-03-23T01:02:05.000000;2016-03-23T01:02:05.000000;6d080125-1cf2-4af8-b0bc-4e8c60d034bf;417.21;0.023231;UNKNOWN
2016-03-23T01:02:11.000000;2016-03-23T01:02:11.000000;8c33b668-9088-40c9-9866-fade9548752d;417.21;0.13300083;UNKNOWN
2016-03-23T01:03:40.000000;2016-03-23T01:03:40.000000;b48b8dc5-72e8-4b11-bd07-7cf764794adc;417.21;0.020098;UNKNOWN
2016-03-23T01:04:02.000000;2016-03-23T01:04:02.000000;1a693315-034f-4b8f-8b8b-d0c1162910ae;417.21;0.22;UNKNOWN
2016-03-23T01:05:10.000000;2016-03-23T01:05:10.000000;324711e0-be90-4fe2-8a1d-9dd493a53db2;417.21;0.61381649;UNKNOWN
2016-03-23T01:05:10.000000;2016-03-23T01:05:10.000000;6ef08ec3-3e2b-4f63-a6e7-e97d1f803c31;417.21;5.38618351;UNKNOWN
2016-03-23T01:05:19.000000;2016-03-23T01:05:19.000000;75d201df-b3e0-445c-9b3f-09a810e329b8;416.73;0.014116;UNKNOWN
2016-03-23T01:05:25.000000;2016-03-23T01:05:25.000000;94c41ebb-3fc2-4e74-a70a-d3c2c64acd8f;416.72;0.02029;UNKNOWN
2016-03-23T01:05:30.000000;2016-03-23T01:05:30.000000;3bb8fd3b-2c75-415b-9f21-c44c6d16a055;416.71;0.017018;UNKNOWN
2016-03-23T01:06:05.000000;2016-03-23T01:06:05.000000;fc3c8f5c-1253-4cd8-a754-addfb6eb0460;416.71;1.10999999;UNKNOWN
2016-03-23T01:06:13.000000;2016-03-23T01:06:13.000000;0de10374-a207-4007-be80-1a622baee027;416.71;0.013316;UNKNOWN
2016-03-23T01:09:21.000000;2016-03-23T01:09:21.000000;3813e4e5-c39a-41df-ac5d-77a631e0e49a;416.72;0.75152;UNKNOWN
2016-03-23T01:09:29.000000;2016-03-23T01:09:29.000000;2f1e3c3f-cecb-4548-abf1-114ed6f9580b;416.71;4.468576;UNKNOWN
2016-03-23T01:09:29.000000;2016-03-23T01:09:29.000000;196b7820-759c-41ce-91e0-7965f2aa8d07;416.7;5.83887827;UNKNOWN
2016-03-23T01:09:39.000000;2016-03-23T01:09:39.000000;9af61735-d3e7-4337-8f78-00ccce75857f;416.71;8.01;UNKNOWN
2016-03-23T01:11:58.000000;2016-03-23T01:11:58.000000;658028dd-957c-4d18-b822-10eb500c862c;416.71;1.0;UNKNOWN
2016-03-23T01:12:05.000000;2016-03-23T01:12:05.000000;088c60bc-f1c8-4afb-8112-d8b99be3088f;416.71;0.00450451;UNKNOWN
2016-03-23T01:12:05.000000;2016-03-23T01:12:05.000000;ad003ec7-c27d-407c-b6c9-eb55a11ef94c;416.71;1.74356793;UNKNOWN
2016-03-23T01:12:05.000000;2016-03-23T01:12:05.000000;ff5c92a4-b90b-4d36-9db1-0be6a2021358;416.71;0.10509535;UNKNOWN
2016-03-23T01:12:05.000000;2016-03-23T01:12:05.000000;74ac09b1-0f3d-4cf9-8769-f5a7f4c4f314;416.71;0.0539;UNKNOWN
2016-03-23T01:12:05.000000;2016-03-23T01:12:05.000000;b6e6f516-1f7c-401e-b666-0a90f90f01d1;416.71;0.78214314;UNKNOWN
2016-03-23T01:12:06.000000;2016-03-23T01:12:06.000000;7914573e-f60b-4b85-a13a-010aa2166c34;416.71;0.20076687;UNKNOWN
2016-03-23T01:12:06.000000;2016-03-23T01:12:06.000000;3d483db3-a3e9-4dea-ba92-46afc7b04bbb;416.71;0.78214314;UNKNOWN
2016-03-23T01:12:11.000000;2016-03-23T01:12:11.000000;51a68691-4b50-4eae-8963-f17f5e3686c3;416.71;0.05937678;UNKNOWN
2016-03-23T01:12:15.000000;2016-03-23T01:12:15.000000;2ea0be5c-3be7-4e77-ab4a-5b7c3102ded3;416.79;0.27304234;UNKNOWN
2016-03-23T01:12:15.000000;2016-03-23T01:12:15.000000;4703494b-8a12-4bf4-a2f4-c41b558ccee3;416.79;0.44963229;UNKNOWN
2016-03-23T01:12:24.000000;2016-03-23T01:12:24.000000;88c7b3fa-80da-4af0-a858-5ecc1a7d386b;416.79;1.0;UNKNOWN
2016-03-23T01:12:46.000000;2016-03-23T01:12:46.000000;754a6ab2-12fb-4c90-a432-e709afd68da3;416.79;1.0;UNKNOWN
2016-03-23T01:12:53.000000;2016-03-23T01:12:53.000000;e71aff51-b477-4abd-90be-690b05b52183;416.76;15.5;UNKNOWN
2016-03-23T01:13:44.000000;2016-03-23T01:13:44.000000;fa4a9c69-5938-44cf-ac83-91dc9dddb7ee;416.76;0.77;UNKNOWN
2016-03-23T01:14:12.000000;2016-03-23T01:14:12.000000;7c8b5d0e-f697-400e-ad64-ed5e6c76d857;416.78;0.03562606;UNKNOWN
2016-03-23T01:14:22.000000;2016-03-23T01:14:22.000000;c00fa4d7-8593-485e-9928-41e315f1f957;416.79;2.27732537;UNKNOWN
2016-03-23T01:14:22.000000;2016-03-23T01:14:22.000000;f1ee0127-9cd2-40d1-a340-4a0e2ac894a3;416.79;0.05;UNKNOWN
2016-03-23T01:14:22.000000;2016-03-23T01:14:22.000000;b7ad311d-e6ef-45bb-8d89-c2736fc1b2e9;417.2;1.28476085;UNKNOWN
2016-03-23T01:14:22.000000;2016-03-23T01:14:22.000000;968632e5-885c-4554-bd87-0fe0cad3a992;416.86;5.9223;UNKNOWN
2016-03-23T01:14:22.000000;2016-03-23T01:14:22.000000;2e0dea7a-dac6-400d-b21f-3c8139c979d5;416.9;5.0;UNKNOWN
2016-03-23T01:15:06.000000;2016-03-23T01:15:06.000000;af2f9ca8-70d1-4452-b2dc-204790806c34;416.8;1.43672781;UNKNOWN
2016-03-23T01:15:13.000000;2016-03-23T01:15:13.000000;d7d2fe00-613b-4775-99b9-19ecc782d1a1;416.75;0.1900057;UNKNOWN
2016-03-23T01:15:21.000000;2016-03-23T01:15:21.000000;f4450123-22dd-4391-a661-62e648c21d36;417.14;0.0362;UNKNOWN
2016-03-23T01:15:21.000000;2016-03-23T01:15:21.000000;dbb77573-18e8-4565-9e4f-7cfdd325743e;416.77;0.08;UNKNOWN
2016-03-23T01:15:31.000000;2016-03-23T01:15:31.000000;0012f1de-90f7-4d75-8ff0-53765644cb64;416.76;0.03562522;UNKNOWN
2016-03-23T01:15:52.000000;2016-03-23T01:15:52.000000;f9098dfa-f09c-4250-b8c1-da1344a4c53b;416.76;0.02;UNKNOWN
2016-03-23T01:17:05.000000;2016-03-23T01:17:05.000000;f088b614-ddd5-4305-a4cf-7e614c84745d;416.77;0.01;UNKNOWN
2016-03-23T01:17:43.000000;2016-03-23T01:17:43.000000;e6207f01-c01a-4bd8-bbd4-9b9e46182cf4;416.99;0.0519;UNKNOWN
2016-03-23T01:18:06.000000;2016-03-23T01:18:06.000000;a40a9ad5-998a-446a-99b7-d9d175251561;416.99;0.04693693;UNKNOWN
2016-03-23T01:19:08.000000;2016-03-23T01:19:08.000000;3a4c4858-de7e-4834-a048-6070ae703c81;416.77;0.24040981;UNKNOWN
2016-03-23T01:19:27.000000;2016-03-23T01:19:27.000000;eb5d27ab-abd7-419b-a2dd-d3f4ff938c12;416.77;17.56;UNKNOWN
2016-03-23T01:19:27.000000;2016-03-23T01:19:27.000000;2a944faa-c85e-47ac-a10c-9d759a201a9a;416.77;0.5;UNKNOWN
2016-03-23T01:19:27.000000;2016-03-23T01:19:27.000000;7280077e-c632-4103-b9e4-3653bd3b701f;416.76;1.65599658;UNKNOWN
2016-03-23T01:19:27.000000;2016-03-23T01:19:27.000000;6ad76fd1-32a3-4630-bb45-fd752c5351c1;416.76;3.0;UNKNOWN
2016-03-23T01:20:15.000000;2016-03-23T01:20:15.000000;3e86eefc-9030-4ca4-a229-434fb95c4a5f;416.76;0.78204931;UNKNOWN
2016-03-23T01:20:25.000000;2016-03-23T01:20:25.000000;f0caf552-3971-40d1-ae38-1db34923b26d;416.76;0.40352776;UNKNOWN
2016-03-23T01:20:29.000000;2016-03-23T01:20:29.000000;31b2f0f3-29f8-4c03-b2da-c6794260c670;416.75;0.5;UNKNOWN
2016-03-23T01:21:08.000000;2016-03-23T01:21:08.000000;01a394a2-0b20-4052-8fba-599d8aa10973;416.75;0.06;UNKNOWN
2016-03-23T01:22:53.000000;2016-03-23T01:22:53.000000;7e753145-157b-452f-8791-fea7d989d9e2;416.76;0.64;UNKNOWN
2016-03-23T01:23:02.000000;2016-03-23T01:23:02.000000;c94bbf35-6bb3-4ff1-8e27-f0c9fca9013c;416.75;0.110087;UNKNOWN
2016-03-23T01:23:06.000000;2016-03-23T01:23:06.000000;7f7fadaa-a340-472c-aa94-ba9dac9169df;416.75;0.1399073;UNKNOWN
2016-03-23T01:23:06.000000;2016-03-23T01:23:06.000000;7b8836fc-410f-4a6e-8a0c-196e06f32257;416.75;0.0675977;UNKNOWN
2016-03-23T01:23:08.000000;2016-03-23T01:23:08.000000;d89c7236-1fde-4f89-ab22-978b4ee8dfa1;416.75;0.4966649;UNKNOWN
2016-03-23T01:23:14.000000;2016-03-23T01:23:14.000000;f072ebb8-6db7-4051-b318-9e853235c312;416.76;0.78204931;UNKNOWN
2016-03-23T01:23:15.000000;2016-03-23T01:23:15.000000;7daee594-bdbc-4581-bdf8-10f31744c82b;416.76;0.78283214;UNKNOWN
2016-03-23T01:23:17.000000;2016-03-23T01:23:17.000000;4855fb00-bbad-4e1f-ab76-fb5e21b05f22;416.76;0.78204931;UNKNOWN
2016-03-23T01:23:54.000000;2016-03-23T01:23:54.000000;61bc7255-9596-4d92-9ec7-07b2916efe4a;416.76;0.77794801;UNKNOWN
2016-03-23T01:23:55.000000;2016-03-23T01:23:55.000000;b6466988-1615-4593-bbfc-1cd67236d340;416.76;0.71420926;UNKNOWN
2016-03-23T01:23:58.000000;2016-03-23T01:23:58.000000;fc7d24a6-4304-4ddc-9bc9-24642c6847a7;416.76;0.06445296;UNKNOWN
2016-03-23T01:24:12.000000;2016-03-23T01:24:12.000000;738f2348-2abc-47df-a544-ff9f039add53;416.75;0.05943465;UNKNOWN
2016-03-23T01:24:45.000000;2016-03-23T01:24:45.000000;0fb177d2-894f-455f-a955-dc6ac85cf2c1;416.75;0.126079;UNKNOWN
2016-03-23T01:25:00.000000;2016-03-23T01:25:00.000000;a9a16841-b2a1-48eb-808e-7b81e4cad831;416.75;0.48086575;UNKNOWN
2016-03-23T01:25:32.000000;2016-03-23T01:25:32.000000;cc217ecb-fdd0-4484-a2f4-0a85361d64f8;416.75;0.07934284;UNKNOWN
2016-03-23T01:26:21.000000;2016-03-23T01:26:21.000000;5e1c1f9d-11b6-4162-a89b-ca9edc1edad5;416.75;0.0925;UNKNOWN
2016-03-23T01:26:23.000000;2016-03-23T01:26:23.000000;a2d2f74c-1aeb-4479-ac72-ce1a7ca94a8d;416.75;0.112234;UNKNOWN
2016-03-23T01:28:10.000000;2016-03-23T01:28:10.000000;d79c59d4-7099-421d-a52b-2ae2b941e6ea;416.75;0.109542;UNKNOWN
2016-03-23T01:28:11.000000;2016-03-23T01:28:11.000000;b7dc7532-9617-4ac4-a6cd-22a7732d97e5;416.75;0.47616;UNKNOWN
2016-03-23T01:28:28.000000;2016-03-23T01:28:28.000000;1616b560-f6e3-4b3e-beac-c576ba5312b6;416.75;0.83211623;UNKNOWN
2016-03-23T01:28:28.000000;2016-03-23T01:28:28.000000;e27842a2-7376-46ae-be9b-37a16afbc0a2;416.75;1.67478377;UNKNOWN
2016-03-23T01:29:45.000000;2016-03-23T01:29:45.000000;c5378e44-be02-457e-8f97-6ad99ddc7036;416.75;0.097096;UNKNOWN
2016-03-23T01:29:51.000000;2016-03-23T01:29:51.000000;6bf31b30-baf8-4dca-a6bd-663d001c49e7;416.75;0.036201;UNKNOWN
2016-03-23T01:30:31.000000;2016-03-23T01:30:31.000000;2d3abd9e-71aa-469d-8cb2-ab1715470cc1;416.75;0.03458677;UNKNOWN
2016-03-23T01:30:31.000000;2016-03-23T01:30:31.000000;4f0d273c-8868-4646-9de0-829f5fc37a65;416.75;0.07048823;UNKNOWN
2016-03-23T01:30:46.000000;2016-03-23T01:30:46.000000;678aecee-e461-41d4-a70d-a0a5669f4f14;416.76;1.44411875;UNKNOWN
2016-03-23T01:30:46.000000;2016-03-23T01:30:46.000000;66c31021-bdc7-45d7-b534-99537c5d7b2a;416.76;0.24;UNKNOWN
2016-03-23T01:31:06.000000;2016-03-23T01:31:06.000000;d739a3af-aff6-499a-9081-e7dab5d67232;416.76;1.00466511;UNKNOWN
2016-03-23T01:33:50.000000;2016-03-23T01:33:50.000000;28a218ea-bc8c-4660-8a79-a7ef0ca9261c;416.78;0.01;UNKNOWN
2016-03-23T01:34:45.000000;2016-03-23T01:34:45.000000;f31dc5ec-df94-4307-903f-210e951d10b9;416.79;0.04;UNKNOWN
2016-03-23T01:34:45.000000;2016-03-23T01:34:45.000000;c0c4f369-e456-4fe5-a5f4-ca0509636050;416.91;5.9656;UNKNOWN
2016-03-23T01:35:48.000000;2016-03-23T01:35:48.000000;615eee88-4f1c-44e4-ac27-8fda217be66d;417.0;0.1;UNKNOWN
2016-03-23T01:36:03.000000;2016-03-23T01:36:03.000000;300dd49c-64ad-41ed-932a-6b71ef7b0b06;417.05;1.96;UNKNOWN
2016-03-23T01:36:03.000000;2016-03-23T01:36:03.000000;027862ef-c8dc-4433-8ca1-dcbefa933d0c;417.01;0.19;UNKNOWN
2016-03-23T01:36:11.000000;2016-03-23T01:36:11.000000;242f60ab-dbb3-42a4-88f9-023496345cc5;417.04;0.07175;UNKNOWN
2016-03-23T01:36:30.000000;2016-03-23T01:36:30.000000;2801490a-83bf-4254-90c2-de940da65f02;417.04;0.28834647;UNKNOWN
2016-03-23T01:36:56.000000;2016-03-23T01:36:56.000000;1d5c296f-4cc9-410d-aa71-cf7e0fa153c9;417.05;0.04;UNKNOWN
2016-03-23T01:36:56.000000;2016-03-23T01:36:56.000000;564b416b-1400-4dd5-a6dc-79e9804b95f1;417.05;0.08;UNKNOWN
2016-03-23T01:38:11.000000;2016-03-23T01:38:11.000000;750bbbda-ba9e-46ea-a133-0103c875d0e1;417.1;0.08410105;UNKNOWN
2016-03-23T01:38:18.000000;2016-03-23T01:38:18.000000;9882b032-e224-4c8e-a0dc-11487159ae55;417.11;0.1;UNKNOWN
2016-03-23T01:38:21.000000;2016-03-23T01:38:21.000000;0631b0e7-b036-44d8-be53-79e4144dcaac;417.17;0.0702;UNKNOWN
2016-03-23T01:38:21.000000;2016-03-23T01:38:21.000000;232d25c1-e197-4808-a059-ce6110861bba;417.1;0.28534205;UNKNOWN
2016-03-23T01:38:36.000000;2016-03-23T01:38:36.000000;b07b9c21-ec77-4161-a2a1-d2cf6126da5d;417.11;0.04;UNKNOWN
2016-03-23T01:39:06.000000;2016-03-23T01:39:06.000000;125f375f-4ea4-4cf9-a1e7-340ae4908163;417.1;0.38285956;UNKNOWN
2016-03-23T01:39:22.000000;2016-03-23T01:39:22.000000;32eee6db-5ee1-48f7-b13e-6b4af3865f8b;417.11;2.621;UNKNOWN
2016-03-23T01:39:22.000000;2016-03-23T01:39:22.000000;882142eb-b6ef-42ff-95b8-a9fa3acd784f;417.11;0.179;UNKNOWN
2016-03-23T01:43:07.000000;2016-03-23T01:43:07.000000;d222ea94-c1ec-4103-b887-6de9f4f80eb8;417.18;0.01;UNKNOWN
2016-03-23T01:43:07.000000;2016-03-23T01:43:07.000000;d05cf513-5b9a-4601-8736-c626b90fe4ca;417.25;1.29;UNKNOWN
2016-03-23T01:46:32.000000;2016-03-23T01:46:32.000000;1e72c3e5-eed8-4db8-8b22-3025f2aef51a;417.29;0.1435242;UNKNOWN
2016-03-23T01:46:55.000000;2016-03-23T01:46:55.000000;99c35d84-ee81-404c-9d85-a6857ec979c8;417.29;0.11376754;UNKNOWN
2016-03-23T01:47:00.000000;2016-03-23T01:47:00.000000;c90cc39a-4ae5-41d6-b0ab-82619d51da79;417.3;0.11443627;UNKNOWN
2016-03-23T01:47:00.000000;2016-03-23T01:47:00.000000;928f158b-e3af-400a-adff-a803f0fb97ca;417.3;0.27517882;UNKNOWN
2016-03-23T01:47:00.000000;2016-03-23T01:47:00.000000;f6d9a360-1ea0-429f-bd1c-331941ad2140;417.3;0.504134;UNKNOWN
2016-03-23T01:47:01.000000;2016-03-23T01:47:01.000000;9ab22860-87a1-46d3-a35a-2f3d4ce71585;417.3;0.27517882;UNKNOWN
2016-03-23T01:47:01.000000;2016-03-23T01:47:01.000000;b7743b39-ee10-40d8-9b4c-e997f9f55141;417.3;0.504134;UNKNOWN
2016-03-23T01:47:02.000000;2016-03-23T01:47:02.000000;dcec1fbd-a6af-458b-997c-9429dec0dbb4;417.3;0.06445047;UNKNOWN
2016-03-23T01:47:03.000000;2016-03-23T01:47:03.000000;13480b62-b9fe-4570-894d-19d692674aea;417.3;0.13493304;UNKNOWN
2016-03-23T01:51:07.000000;2016-03-23T01:51:07.000000;59cd36cf-59bd-4669-a763-0bb4f175a75a;417.3;0.06895743;UNKNOWN
2016-03-23T01:51:09.000000;2016-03-23T01:51:09.000000;c40aa428-178b-4d57-96ce-6a4001a3f666;417.3;0.0714;UNKNOWN
2016-03-23T01:52:38.000000;2016-03-23T01:52:38.000000;4b79cc2e-3ce2-42ad-a325-57157fce225a;417.4;3.0;UNKNOWN
2016-03-23T01:55:39.000000;2016-03-23T01:55:39.000000;cd7ba0a6-f651-42f2-b4b7-257b60cb2b7f;417.31;0.35776422;UNKNOWN
2016-03-23T01:57:00.000000;2016-03-23T01:57:00.000000;0befc795-a358-4184-a045-65e643004cb8;417.34;0.06520194;UNKNOWN
2016-03-23T01:57:51.000000;2016-03-23T01:57:51.000000;9f302789-4472-4baa-b6e2-2550bc5cb8f0;417.37;0.02;UNKNOWN
2016-03-23T01:57:52.000000;2016-03-23T01:57:52.000000;2fb709bd-bfb1-4d82-8622-bece7b60978f;417.37;0.159;UNKNOWN
2016-03-23T01:57:52.000000;2016-03-23T01:57:52.000000;86b49b22-f33b-4a18-b8e6-0c7b5a8c9cba;417.36;0.8689;UNKNOWN
2016-03-23T01:57:53.000000;2016-03-23T01:57:53.000000;6c2fa395-a227-43b8-ae6b-5a0f6e0f8594;417.4;1.0;UNKNOWN
2016-03-23T01:58:44.000000;2016-03-23T01:58:44.000000;3e7e3ba7-f3ab-4ffc-a116-b01f15e05282;417.37;0.06;UNKNOWN
2016-03-23T01:59:15.000000;2016-03-23T01:59:15.000000;f52a035a-289d-4d6e-aaad-84ed475899e9;417.4;4.7871;UNKNOWN
2016-03-23T01:59:33.000000;2016-03-23T01:59:33.000000;1093f63b-83c5-43b8-8b0a-15fa20ed1533;417.37;0.05522667;UNKNOWN
2016-03-23T02:00:11.000000;2016-03-23T02:00:11.000000;bee459f0-deb3-4502-affc-4ec811e66471;417.37;0.2098629;UNKNOWN
2016-03-23T02:00:12.000000;2016-03-23T02:00:12.000000;634b5fa3-416d-4169-a506-2e2004b18ba6;417.37;0.227805;UNKNOWN
2016-03-23T02:00:14.000000;2016-03-23T02:00:14.000000;0a5b2e73-5c8a-4204-b5c3-eac9192502c4;417.4;1.2129;UNKNOWN
2016-03-23T02:00:14.000000;2016-03-23T02:00:14.000000;44bacd87-4e0f-4cfc-925c-331b1f80fbb5;417.38;0.05;UNKNOWN
2016-03-23T02:00:52.000000;2016-03-23T02:00:52.000000;bb36d1df-d0c4-4da8-8a72-8d75b6b45c82;417.41;5.9465;UNKNOWN
2016-03-23T02:00:52.000000;2016-03-23T02:00:52.000000;8f5bc3ad-78a8-4f94-9749-307b8d0f1fd0;417.41;1.25577073;UNKNOWN
2016-03-23T02:01:05.000000;2016-03-23T02:01:05.000000;b82f4153-bfe0-4ef8-b80b-f0cca707c565;417.42;0.01;UNKNOWN
2016-03-23T02:01:08.000000;2016-03-23T02:01:08.000000;63bb70bc-b2ad-46a5-bf55-3d740cb0b7f0;417.42;0.2616;UNKNOWN
2016-03-23T02:01:23.000000;2016-03-23T02:01:23.000000;14a10536-d32b-4689-91c4-0463660a4370;417.44;0.01;UNKNOWN
2016-03-23T02:03:07.000000;2016-03-23T02:03:07.000000;d257a862-c361-48c0-853f-daeb7beb74a5;417.52;3.6;UNKNOWN
2016-03-23T02:04:05.000000;2016-03-23T02:04:05.000000;b60158fd-173e-4fe7-a6a7-1c3c94244fb2;417.52;4.64586866;UNKNOWN
2016-03-23T02:04:05.000000;2016-03-23T02:04:05.000000;fd2d9ce3-bfc2-4e9a-bea9-8da2054de75e;417.52;0.70826268;UNKNOWN
2016-03-23T02:04:05.000000;2016-03-23T02:04:05.000000;dc58b2b9-1ebd-44f7-97e4-a7976962ae77;417.52;4.64586866;UNKNOWN
2016-03-23T02:04:39.000000;2016-03-23T02:04:39.000000;68ff8a4e-4e5c-4444-ab51-5e075ecd4546;417.52;0.035938;UNKNOWN
2016-03-23T02:04:51.000000;2016-03-23T02:04:51.000000;7509acbc-8593-47e0-baf4-83801ec9d736;417.52;0.09527;UNKNOWN
2016-03-23T02:04:54.000000;2016-03-23T02:04:54.000000;1f3f0320-97d1-43d3-8d8a-9eb209c5d336;417.52;0.112279;UNKNOWN
2016-03-23T02:06:15.000000;2016-03-23T02:06:15.000000;71239c68-c149-44f8-b3a1-0b5ffd2f10a3;417.52;0.027724;UNKNOWN
2016-03-23T02:08:07.000000;2016-03-23T02:08:07.000000;2111744d-de60-47a7-adcc-ec39023e5d45;417.52;0.020507;UNKNOWN
2016-03-23T02:09:32.000000;2016-03-23T02:09:32.000000;7a51cb75-05e2-4df0-8cc5-36b4a0fd2033;417.53;0.0227;UNKNOWN
2016-03-23T02:09:49.000000;2016-03-23T02:09:49.000000;ce0c408b-2b9f-4a56-a8e9-66a24ec7da46;417.52;0.07199683;UNKNOWN
2016-03-23T02:09:53.000000;2016-03-23T02:09:53.000000;e13df18d-495b-464c-b521-7e98a9570995;417.52;0.05958;UNKNOWN
2016-03-23T02:11:23.000000;2016-03-23T02:11:23.000000;38510d5a-766c-4916-82ec-7b5c939ee5c2;417.52;0.01881;UNKNOWN
2016-03-23T02:11:45.000000;2016-03-23T02:11:45.000000;6560f619-d849-43e1-8d77-d5f45ce3552a;417.52;0.011351;UNKNOWN
2016-03-23T02:12:10.000000;2016-03-23T02:12:10.000000;cfa8dc82-c6de-4721-b752-cb224db1145e;417.52;0.029458;UNKNOWN
2016-03-23T02:12:20.000000;2016-03-23T02:12:20.000000;04b96dba-d265-4aae-87ae-585344f683eb;417.52;0.15119334;UNKNOWN
2016-03-23T02:14:07.000000;2016-03-23T02:14:07.000000;d8d9b38b-d451-4c83-84aa-bbb4e0a43b15;417.99;0.50953666;UNKNOWN
2016-03-23T02:14:07.000000;2016-03-23T02:14:07.000000;c679fa81-2451-4651-a39b-4f614e9140bc;417.53;0.0573;UNKNOWN
2016-03-23T02:14:07.000000;2016-03-23T02:14:07.000000;fbafd62b-bdad-4851-934a-841c20ffb604;417.9;0.09;UNKNOWN
2016-03-23T02:14:07.000000;2016-03-23T02:14:07.000000;be11079d-170b-4f57-84a4-ff7b8304d32e;417.68;0.7732;UNKNOWN
2016-03-23T02:14:07.000000;2016-03-23T02:14:07.000000;9d897689-6c86-4710-af00-da33696530cb;417.69;2.7;UNKNOWN
2016-03-23T02:14:07.000000;2016-03-23T02:14:07.000000;42a73985-4674-42d6-9a67-7dc4fcc813d9;417.85;5.08096835;UNKNOWN
2016-03-23T02:14:07.000000;2016-03-23T02:14:07.000000;817f7657-5c70-42e2-94c3-1b0a8f4219a8;417.9;0.5;UNKNOWN
2016-03-23T02:14:07.000000;2016-03-23T02:14:07.000000;2f19feea-c0b2-45da-a2d2-1d3b2576d974;417.8;0.01;UNKNOWN
2016-03-23T02:14:07.000000;2016-03-23T02:14:07.000000;2075ca82-a919-446d-b8d9-861ccdb220ca;418.09;4.62;UNKNOWN
2016-03-23T02:14:07.000000;2016-03-23T02:14:07.000000;db9b1e74-ef8b-4e8f-9d15-2858b575e9d9;418.0;3.9;UNKNOWN
2016-03-23T02:14:07.000000;2016-03-23T02:14:07.000000;efbf6372-eae0-46c6-9f91-0cff83774c4f;417.84;2.0;UNKNOWN
2016-03-23T02:14:07.000000;2016-03-23T02:14:07.000000;7ea5858b-58bf-438e-90f0-6f0d41d63dd8;418.0;0.05;UNKNOWN
2016-03-23T02:14:07.000000;2016-03-23T02:14:07.000000;89e44548-db11-44d2-9a5c-8321fc3fffe3;418.1;4.25089499;UNKNOWN
2016-03-23T02:14:07.000000;2016-03-23T02:14:07.000000;91f58778-10ce-404d-8949-0c9c8b36f167;417.95;10.0;UNKNOWN
2016-03-23T02:14:07.000000;2016-03-23T02:14:07.000000;3b10e52e-3219-4f2e-88c8-d97ed7384246;417.72;0.9081;UNKNOWN
2016-03-23T02:14:09.000000;2016-03-23T02:14:09.000000;8dc25fe2-6afc-4176-96d6-e5fc7cfb2592;418.1;33.58403149;UNKNOWN
2016-03-23T02:14:12.000000;2016-03-23T02:14:12.000000;8312dfa7-2162-41df-b057-c0536b790a6b;417.95;0.178;UNKNOWN
2016-03-23T02:14:12.000000;2016-03-23T02:14:12.000000;033abcd4-2f0c-4b51-a03e-65eb69c42ed3;417.96;4.62;UNKNOWN
2016-03-23T02:14:21.000000;2016-03-23T02:14:21.000000;5d96c15b-074d-48ca-9111-09f159f88845;418.0;0.47972754;UNKNOWN
2016-03-23T02:14:37.000000;2016-03-23T02:14:37.000000;62324509-f586-471d-8338-843890028506;418.1;0.45527007;UNKNOWN
2016-03-23T02:14:37.000000;2016-03-23T02:14:37.000000;13f5bc01-7636-4d8c-9a50-eb1366aea7ef;418.09;0.10501293;UNKNOWN
2016-03-23T02:15:00.000000;2016-03-23T02:15:00.000000;07a2ace8-bdfe-4d1e-9df4-36835fb2e81e;418.06;0.238;UNKNOWN
2016-03-23T02:15:00.000000;2016-03-23T02:15:00.000000;3319fb1d-c444-4fd9-b99f-8a56a44feabf;418.05;3.0;UNKNOWN
2016-03-23T02:15:00.000000;2016-03-23T02:15:00.000000;9bc96970-a224-4296-ab57-623deb6cd4cf;418.04;1.9517623;UNKNOWN
2016-03-23T02:15:00.000000;2016-03-23T02:15:00.000000;b5f915ba-e19b-4d57-bf5d-d5f63e3fb581;418.06;4.6312377;UNKNOWN
2016-03-23T02:15:00.000000;2016-03-23T02:15:00.000000;13251983-8ea8-41bf-b642-61a572a606a7;418.05;0.179;UNKNOWN
2016-03-23T02:17:00.000000;2016-03-23T02:17:00.000000;45d27614-7117-4c57-bfab-83ec2dd7e9d5;418.1;3.0;UNKNOWN
2016-03-23T02:18:28.000000;2016-03-23T02:18:28.000000;a22f4e5f-cc6b-4f52-8cce-55ff6379c0fa;418.09;0.2;UNKNOWN
2016-03-23T02:18:52.000000;2016-03-23T02:18:52.000000;71a54b06-666d-4b33-a514-cf9ae43f2ab8;418.1;5.0;UNKNOWN
2016-03-23T02:20:05.000000;2016-03-23T02:20:05.000000;44fc916e-29ff-4484-a79a-5526790aeb16;418.09;0.01;UNKNOWN
2016-03-23T02:20:06.000000;2016-03-23T02:20:06.000000;3217e9df-459b-4174-952f-c11e018f4051;418.09;1.26248715;UNKNOWN
2016-03-23T02:21:05.000000;2016-03-23T02:21:05.000000;aabe84bf-5075-4eab-8e7c-637af8584a86;418.1;0.09513;UNKNOWN
2016-03-23T02:23:59.000000;2016-03-23T02:23:59.000000;115ca8ac-ffc8-4da8-9479-5ad1a5c09157;418.1;6.7655;UNKNOWN
2016-03-23T02:24:34.000000;2016-03-23T02:24:34.000000;cb6408b1-36f2-4dc0-b55c-f6ce82d482d0;418.1;1.0;UNKNOWN
2016-03-23T02:25:05.000000;2016-03-23T02:25:05.000000;8a956d28-205e-4fc8-91a0-d0210e6179b9;418.1;15.0;UNKNOWN
2016-03-23T02:25:15.000000;2016-03-23T02:25:15.000000;ed98e0a0-97de-4804-9514-9904924a090c;418.1;0.5;UNKNOWN
2016-03-23T02:25:21.000000;2016-03-23T02:25:21.000000;d55bc678-30d8-4882-b636-0dc5834fadcb;418.21;0.12828;UNKNOWN
2016-03-23T02:25:21.000000;2016-03-23T02:25:21.000000;d05de00d-5f66-45c8-9571-93894d52d937;418.1;0.2;UNKNOWN
2016-03-23T02:25:21.000000;2016-03-23T02:25:21.000000;74e47a90-ca0d-477a-a320-415e8b3eca45;418.24;0.52254655;UNKNOWN
2016-03-23T02:25:21.000000;2016-03-23T02:25:21.000000;bcc6595e-bd80-418e-88d3-7f23158fef6d;418.1;30.34917345;UNKNOWN
2016-03-23T02:25:21.000000;2016-03-23T02:25:21.000000;6cd7fcdc-7244-4b0a-b14e-d040a43fdf98;418.1;1.0;UNKNOWN
2016-03-23T02:25:21.000000;2016-03-23T02:25:21.000000;e0589e17-c4c4-4c2e-90ba-9817e49148a2;418.1;0.8;UNKNOWN
2016-03-23T02:25:22.000000;2016-03-23T02:25:22.000000;97783ae8-6ca5-4fcd-81aa-aa310056266d;418.4;6.89624655;UNKNOWN
2016-03-23T02:25:22.000000;2016-03-23T02:25:22.000000;78908e3f-61db-46f0-97f0-6866584e6874;418.38;7.931;UNKNOWN
2016-03-23T02:25:22.000000;2016-03-23T02:25:22.000000;1c399c6e-b663-4deb-b0db-1fc1a63fbf27;418.24;0.04945345;UNKNOWN
2016-03-23T02:25:27.000000;2016-03-23T02:25:27.000000;bcdf09d5-ba71-4c2f-9369-f394f6ae69b3;418.4;0.055;UNKNOWN
2016-03-23T02:25:40.000000;2016-03-23T02:25:40.000000;6779ac48-694a-42c0-b04c-d6f12857c135;418.4;0.01;UNKNOWN
2016-03-23T02:25:42.000000;2016-03-23T02:25:42.000000;a8387461-4400-4f93-a386-92839c52e3d4;418.4;15.03875345;UNKNOWN
2016-03-23T02:25:52.000000;2016-03-23T02:25:52.000000;6e5fd612-34b1-49ae-a96f-aea31414371a;418.33;0.2;UNKNOWN
2016-03-23T02:25:56.000000;2016-03-23T02:25:56.000000;70c6b8fd-696a-4df8-bb4d-dc89c6975ffe;418.49;1.5;UNKNOWN
2016-03-23T02:25:56.000000;2016-03-23T02:25:56.000000;1b53bdb2-723d-4358-8ea0-f7e56db865f5;418.4;0.7423;UNKNOWN
2016-03-23T02:25:56.000000;2016-03-23T02:25:56.000000;f3d4d4ce-00e1-462b-850d-03c0ee6ee19f;418.49;12.6343;UNKNOWN
2016-03-23T02:26:05.000000;2016-03-23T02:26:05.000000;dbdebca3-1170-4339-8ecf-bec29381a1d2;418.35;0.14292484;UNKNOWN
2016-03-23T02:26:05.000000;2016-03-23T02:26:05.000000;09a1ce23-7f9f-4968-a9ae-e433ca30ad40;418.4;0.01;UNKNOWN
2016-03-23T02:26:54.000000;2016-03-23T02:26:54.000000;e626d42b-82e4-4f9d-8778-a6fcea24f28f;418.46;0.107;UNKNOWN
2016-03-23T02:27:12.000000;2016-03-23T02:27:12.000000;bd88b8c3-cd7a-47b8-8ee8-4b219759930d;418.49;0.2;UNKNOWN
2016-03-23T02:27:52.000000;2016-03-23T02:27:52.000000;623df96b-a1d9-47d1-aa87-bfd299f8caf0;418.47;1.04;UNKNOWN
2016-03-23T02:27:52.000000;2016-03-23T02:27:52.000000;c2b0541f-b6a8-4052-ab04-e561cfbe87fd;418.47;0.06;UNKNOWN
2016-03-23T02:27:57.000000;2016-03-23T02:27:57.000000;f37d00b9-15d3-4150-ad8b-7c2fbcbeb9f3;418.47;0.9;UNKNOWN
2016-03-23T02:28:07.000000;2016-03-23T02:28:07.000000;33e77622-574d-44d0-9cd0-5c9a1115f866;418.47;0.5;UNKNOWN
2016-03-23T02:28:51.000000;2016-03-23T02:28:51.000000;a8dc6f8d-5c32-488c-8594-c79e65f7c244;418.47;0.25;UNKNOWN
2016-03-23T02:30:36.000000;2016-03-23T02:30:36.000000;af7faeb5-4e79-4ca8-86f5-55d67932f76b;418.47;0.117659;UNKNOWN
2016-03-23T02:30:41.000000;2016-03-23T02:30:41.000000;71f35b4c-173f-452b-b89b-b3b743e574ab;418.47;0.122155;UNKNOWN
2016-03-23T02:30:43.000000;2016-03-23T02:30:43.000000;cb998d2c-ec81-4098-b099-b61e4d0a0b1b;418.47;0.076542;UNKNOWN
2016-03-23T02:33:55.000000;2016-03-23T02:33:55.000000;6a6964f3-6e52-4e80-9925-a2b1bf0c9c5d;418.47;0.131646;UNKNOWN
2016-03-23T02:34:24.000000;2016-03-23T02:34:24.000000;4022b545-582b-46ab-8617-c4809fd6cceb;418.47;0.0238761;UNKNOWN
2016-03-23T02:35:34.000000;2016-03-23T02:35:34.000000;ad32e83a-d2c7-47c9-ad1e-ee42d1d9e6bb;418.47;0.029306;UNKNOWN
2016-03-23T02:36:56.000000;2016-03-23T02:36:56.000000;9e203577-2e5e-4549-8eed-2a1dde967b34;418.48;5.0;UNKNOWN
2016-03-23T02:37:18.000000;2016-03-23T02:37:18.000000;ce6f8d7e-743b-4c38-962d-ec2d21a75030;418.47;0.055245;UNKNOWN
2016-03-23T02:38:03.000000;2016-03-23T02:38:03.000000;2e0abad7-94ec-4020-87a9-97d31e833868;418.47;0.096321;UNKNOWN
2016-03-23T02:38:17.000000;2016-03-23T02:38:17.000000;30948a66-bb18-419b-a92e-286a3d6eec8e;418.47;2.82103285;UNKNOWN
2016-03-23T02:42:16.000000;2016-03-23T02:42:16.000000;91348f56-c657-45d6-a194-4206ec9ce177;418.47;0.329;UNKNOWN
2016-03-23T02:48:05.000000;2016-03-23T02:48:05.000000;117db877-5797-4c8b-a606-b367ae3edcd0;418.47;0.0187;UNKNOWN
2016-03-23T02:48:06.000000;2016-03-23T02:48:06.000000;a2741fb7-8f5c-484f-a4b0-b0560d2df8ba;418.48;1.31267441;UNKNOWN
2016-03-23T02:48:35.000000;2016-03-23T02:48:35.000000;6e404a35-c202-4635-a63e-a40f74618af8;418.48;0.01;UNKNOWN
2016-03-23T02:51:06.000000;2016-03-23T02:51:06.000000;d0549ac8-46e4-46c8-8f06-b8e72c6f2cd3;418.48;0.04322304;UNKNOWN
2016-03-23T02:52:26.000000;2016-03-23T02:52:26.000000;dd910861-388f-49ca-b754-a7a439264060;418.47;2.51300753;UNKNOWN
2016-03-23T02:52:26.000000;2016-03-23T02:52:26.000000;83432083-3339-46db-9604-eda1b892075d;418.47;4.62657737;UNKNOWN
2016-03-23T02:52:26.000000;2016-03-23T02:52:26.000000;370ab8c1-016d-480d-81f2-97db00919255;418.47;4.62711257;UNKNOWN
2016-03-23T02:52:26.000000;2016-03-23T02:52:26.000000;51dd048a-520b-4404-95f3-3570d195560d;418.47;4.62641684;UNKNOWN
2016-03-23T02:52:26.000000;2016-03-23T02:52:26.000000;7fb5c5e9-2d37-4bc9-9143-1568732ae013;418.47;4.62711257;UNKNOWN
2016-03-23T02:52:26.000000;2016-03-23T02:52:26.000000;f71586ae-d874-498f-b7f3-a4107e63539a;418.47;0.05488038;UNKNOWN
2016-03-23T02:52:26.000000;2016-03-23T02:52:26.000000;0ce4c244-12ef-48c8-9b8a-f08816e4bd47;418.47;4.62711257;UNKNOWN
2016-03-23T02:52:26.000000;2016-03-23T02:52:26.000000;55ba6ea3-670f-45d4-80f8-39a60fb4b8bb;418.47;4.62636333;UNKNOWN
2016-03-23T02:52:26.000000;2016-03-23T02:52:26.000000;9d27a5c6-99ec-4a99-9d0e-3b922ac95019;418.47;4.62641684;UNKNOWN
2016-03-23T02:52:56.000000;2016-03-23T02:52:56.000000;edc6e545-202d-41d0-be95-e41964c187bb;418.48;5.0;UNKNOWN
2016-03-23T02:53:01.000000;2016-03-23T02:53:01.000000;e4937a52-c0b7-4164-9753-6602dd6b51cd;418.48;0.05;UNKNOWN
2016-03-23T02:54:34.000000;2016-03-23T02:54:34.000000;f857a70e-2ef0-431b-a866-106facebe116;418.49;1.0;UNKNOWN
2016-03-23T02:54:34.000000;2016-03-23T02:54:34.000000;7132a14e-9e22-41c3-977e-d93b0ea5c174;418.5;2.0;UNKNOWN
2016-03-23T02:54:34.000000;2016-03-23T02:54:34.000000;71bed0be-49bd-41e7-b21a-d292af5751d2;418.5;0.5;UNKNOWN
2016-03-23T02:54:34.000000;2016-03-23T02:54:34.000000;39eaed50-52d3-430f-b13b-06eb5a6d838a;418.49;4.1657;UNKNOWN
2016-03-23T02:54:34.000000;2016-03-23T02:54:34.000000;b9c50687-f846-4bdd-a81b-4f1462a66231;418.5;0.01116244;UNKNOWN
2016-03-23T02:54:34.000000;2016-03-23T02:54:34.000000;ee464a5d-0552-4bcb-9221-f06446c243b0;418.48;10.46;UNKNOWN
2016-03-23T02:54:34.000000;2016-03-23T02:54:34.000000;4d9b2a49-7e72-4d27-9e0b-fc3edb5328d4;418.48;5.9004;UNKNOWN
2016-03-23T02:54:34.000000;2016-03-23T02:54:34.000000;71ad401a-6ea2-4097-af57-8f9c6c40b473;418.48;17.55;UNKNOWN
2016-03-23T02:54:34.000000;2016-03-23T02:54:34.000000;8ca4dc77-4a5e-4c98-935d-4423ed839479;418.5;2.4;UNKNOWN
2016-03-23T02:54:34.000000;2016-03-23T02:54:34.000000;94134290-4cea-402b-9581-8a1cbee8066f;418.5;0.05;UNKNOWN
2016-03-23T02:56:10.000000;2016-03-23T02:56:10.000000;98402b20-fee5-4545-bc6d-ebe8e82185b9;418.52;1.0308681;UNKNOWN
2016-03-23T02:56:10.000000;2016-03-23T02:56:10.000000;e3139a5c-c9bc-4f4c-b633-0eefcabea82f;418.54;0.9691319;UNKNOWN
2016-03-23T02:57:28.000000;2016-03-23T02:57:28.000000;9b89c057-f7a6-4011-a66e-bfe3dfb46784;418.56;2.0;UNKNOWN
2016-03-23T02:57:46.000000;2016-03-23T02:57:46.000000;e091c671-3035-43c8-8c33-ed2911c0cc0f;418.56;0.01;UNKNOWN
2016-03-23T02:58:23.000000;2016-03-23T02:58:23.000000;6b94d4b0-0a2b-48ca-a5a4-1bad4b4b87d8;418.5;3.21452283;UNKNOWN
2016-03-23T02:58:23.000000;2016-03-23T02:58:23.000000;a2c224a4-1583-4a1f-a231-e8982c02f004;418.5;0.1;UNKNOWN
2016-03-23T02:58:23.000000;2016-03-23T02:58:23.000000;eec5576a-06a9-44e6-bb52-464ae0270c92;418.5;2.04473111;UNKNOWN
2016-03-23T02:58:55.000000;2016-03-23T02:58:55.000000;75aad5b8-44b4-46a2-b23a-84c79e2a4c0b;418.51;0.179;UNKNOWN
2016-03-23T02:58:55.000000;2016-03-23T02:58:55.000000;c60722ec-75d9-4081-aea3-a1f5fc682fc2;418.51;0.19099526;UNKNOWN
2016-03-23T02:58:55.000000;2016-03-23T02:58:55.000000;c8daadfe-20d3-4508-8759-8e3eed837de5;418.51;4.63000474;UNKNOWN
2016-03-23T02:59:05.000000;2016-03-23T02:59:05.000000;2263396c-4cb6-4e3f-90e1-93698720118b;418.51;1.0;UNKNOWN
2016-03-23T02:59:12.000000;2016-03-23T02:59:12.000000;0572386f-056d-4f4d-9cac-200397b62026;418.51;4.36972728;UNKNOWN
2016-03-23T02:59:12.000000;2016-03-23T02:59:12.000000;b65946d2-9837-4895-8f51-ec3c0df2dae8;418.51;3.63027272;UNKNOWN
2016-03-23T02:59:38.000000;2016-03-23T02:59:38.000000;aa5b4ba2-2cdd-4513-9e29-4ca91c683685;418.51;0.26054544;UNKNOWN
2016-03-23T02:59:38.000000;2016-03-23T02:59:38.000000;6e37fdeb-1039-413d-a1c8-255b0c26c59a;418.51;2.23945456;UNKNOWN
2016-03-23T03:00:56.000000;2016-03-23T03:00:56.000000;6f7118fa-2922-4b46-b2fb-cb4e4210a4ca;418.51;2.39092536;UNKNOWN
2016-03-23T03:00:56.000000;2016-03-23T03:00:56.000000;a63b5cce-42c7-4229-b032-edb87c65a83a;418.51;0.10907464;UNKNOWN
2016-03-23T03:01:58.000000;2016-03-23T03:01:58.000000;5b0a71c0-505f-4825-8280-88374596666f;418.51;0.01;UNKNOWN
2016-03-23T03:02:01.000000;2016-03-23T03:02:01.000000;9a8d49a8-f8f7-45a7-85b5-1a4fcbaede8d;418.51;0.0212671;UNKNOWN
2016-03-23T03:02:05.000000;2016-03-23T03:02:05.000000;a2653aca-e53d-4a61-9050-9e5c407be48e;418.51;0.02182882;UNKNOWN
2016-03-23T03:02:05.000000;2016-03-23T03:02:05.000000;ada6ff7a-593c-4398-8ad8-dab1af3f0af6;418.51;0.11459192;UNKNOWN
2016-03-23T03:02:06.000000;2016-03-23T03:02:06.000000;4242e95f-e750-456d-82e4-97a13d35ea5c;418.51;0.0180025;UNKNOWN
2016-03-23T03:02:10.000000;2016-03-23T03:02:10.000000;9efe70fb-a3ab-42cc-ace5-bf13bc31ab22;418.51;0.04320116;UNKNOWN
2016-03-23T03:02:14.000000;2016-03-23T03:02:14.000000;a0a71307-57f5-42bd-aea8-a827af0d32c4;418.51;0.01;UNKNOWN
2016-03-23T03:02:17.000000;2016-03-23T03:02:17.000000;882eaa84-f283-4403-a038-1fcffdb45a7e;418.51;0.02049868;UNKNOWN
2016-03-23T03:02:20.000000;2016-03-23T03:02:20.000000;c09a32b7-f2a5-427d-831a-2e8f506c4f5c;418.51;0.01095608;UNKNOWN
2016-03-23T03:02:25.000000;2016-03-23T03:02:25.000000;99524c75-634a-4556-89aa-d4c1a9dd0ca3;418.51;0.01355118;UNKNOWN
2016-03-23T03:02:28.000000;2016-03-23T03:02:28.000000;7b0973ff-3eb4-48ff-b0cd-305ce424fca0;418.51;0.0125924;UNKNOWN
2016-03-23T03:03:27.000000;2016-03-23T03:03:27.000000;048b0922-3471-4376-9fce-3445365c9455;418.51;0.0376071;UNKNOWN
2016-03-23T03:03:27.000000;2016-03-23T03:03:27.000000;112bd10f-9c19-41ec-b9d6-a6fa2a6c33b3;418.51;0.02;UNKNOWN
2016-03-23T03:03:29.000000;2016-03-23T03:03:29.000000;28eab177-2dbd-40ce-ae60-17881f6e16e9;418.51;0.01;UNKNOWN
2016-03-23T03:03:36.000000;2016-03-23T03:03:36.000000;47d2443d-466d-4b45-b19c-47998998a039;418.51;0.02024837;UNKNOWN
2016-03-23T03:03:37.000000;2016-03-23T03:03:37.000000;d7f19cb1-711a-45c8-852d-c50c115b13b2;418.51;0.02263631;UNKNOWN
2016-03-23T03:03:41.000000;2016-03-23T03:03:41.000000;275a4d53-0c5f-4606-a8e8-1ad312ad8da9;418.51;0.03790109;UNKNOWN
2016-03-23T03:03:46.000000;2016-03-23T03:03:46.000000;7a460ec8-0e7b-41e8-8f2e-05ac16970d57;418.51;0.01720758;UNKNOWN
2016-03-23T03:03:49.000000;2016-03-23T03:03:49.000000;5dba3604-5807-45a5-9b46-3076ac6c869c;418.51;0.01355565;UNKNOWN
2016-03-23T03:03:52.000000;2016-03-23T03:03:52.000000;ba8bdce6-dd3d-48d2-945d-d6702a290750;418.51;0.02271848;UNKNOWN
2016-03-23T03:03:56.000000;2016-03-23T03:03:56.000000;04fe768c-04df-49b8-ae4e-45cc41d7eeb1;418.51;0.97802376;UNKNOWN
2016-03-23T03:03:56.000000;2016-03-23T03:03:56.000000;1925ec21-efb5-451d-8161-b492542808b8;418.51;0.01090485;UNKNOWN
2016-03-23T03:03:56.000000;2016-03-23T03:03:56.000000;8c182092-308c-43db-ab1b-b64721bf5b9c;418.51;4.02197624;UNKNOWN
2016-03-23T03:03:59.000000;2016-03-23T03:03:59.000000;3bf411b2-27fb-4f5b-a841-65bea643f54d;418.51;0.17876515;UNKNOWN
2016-03-23T03:04:40.000000;2016-03-23T03:04:40.000000;68e970cc-8842-4435-8bec-c6b5abcf2004;418.51;2.27950143;UNKNOWN
2016-03-23T03:04:40.000000;2016-03-23T03:04:40.000000;b872e755-2241-4300-8072-22b3888ef747;418.51;3.46172154;UNKNOWN
2016-03-23T03:04:40.000000;2016-03-23T03:04:40.000000;7720fe9e-67d2-43a2-9eb1-d6b6bf0142b2;418.51;4.6294153;UNKNOWN
2016-03-23T03:04:40.000000;2016-03-23T03:04:40.000000;b59f2319-c816-44e6-bb4b-72417b384e8c;418.51;4.62936173;UNKNOWN
2016-03-23T03:05:02.000000;2016-03-23T03:05:02.000000;9f07289f-472d-4064-86b6-10df24501f8a;418.51;0.19818376;UNKNOWN
2016-03-23T03:05:04.000000;2016-03-23T03:05:04.000000;a513d09d-5120-4e1a-985e-3a78b9200af3;418.51;0.01213414;UNKNOWN
2016-03-23T03:05:08.000000;2016-03-23T03:05:08.000000;3fc7b871-d6db-4a1f-b9ae-43edd282c944;418.51;0.05670732;UNKNOWN
2016-03-23T03:05:13.000000;2016-03-23T03:05:13.000000;2a047602-1086-4676-b49f-9771a311addd;418.51;0.03442466;UNKNOWN
2016-03-23T03:05:16.000000;2016-03-23T03:05:16.000000;59af03bd-7706-4a24-b380-3ea40e8e5034;418.51;0.07392237;UNKNOWN
2016-03-23T03:05:21.000000;2016-03-23T03:05:21.000000;562b8650-d1da-4560-bbe4-4e0cf9d9c1d9;418.51;0.0160867;UNKNOWN
2016-03-23T03:05:25.000000;2016-03-23T03:05:25.000000;442a7197-d33e-45a2-be4c-02c21e2fb3a4;418.51;0.0297759;UNKNOWN
2016-03-23T03:05:30.000000;2016-03-23T03:05:30.000000;da907f78-82db-4602-93a4-89872d06b0a9;418.51;0.05841414;UNKNOWN
2016-03-23T03:05:34.000000;2016-03-23T03:05:34.000000;538c3f3e-7e58-44c6-95e7-59c6f5c15092;418.51;0.0187419;UNKNOWN
2016-03-23T03:05:36.000000;2016-03-23T03:05:36.000000;42cb4cc0-75b4-486b-b792-102b1b939993;418.51;0.01;UNKNOWN
2016-03-23T03:05:40.000000;2016-03-23T03:05:40.000000;e8d059d8-7dff-43a8-8638-e90fcfde24ca;418.51;0.02081698;UNKNOWN
2016-03-23T03:05:41.000000;2016-03-23T03:05:41.000000;8e90f521-b4e3-4038-83e0-850039fb0b43;418.47;5.32154065;UNKNOWN
2016-03-23T03:05:41.000000;2016-03-23T03:05:41.000000;b5f00878-b598-4e46-9656-a7d61dad5fcc;418.51;4.63032632;UNKNOWN
2016-03-23T03:05:41.000000;2016-03-23T03:05:41.000000;4890526f-9c47-46f2-b0e5-df72e0896e75;418.51;4.09897545;UNKNOWN
2016-03-23T03:05:41.000000;2016-03-23T03:05:41.000000;4fd2ed33-6c75-4a4c-ad9d-fe41a6232d16;418.51;4.62818332;UNKNOWN
2016-03-23T03:05:41.000000;2016-03-23T03:05:41.000000;765790eb-766c-4e9a-ad11-36484220b7d3;418.5;0.06;UNKNOWN
2016-03-23T03:05:41.000000;2016-03-23T03:05:41.000000;5dc2f176-940a-4593-aeb3-b8a7eac6add2;418.48;5.0;UNKNOWN
2016-03-23T03:05:41.000000;2016-03-23T03:05:41.000000;7b87a8f4-3c3a-49b6-adeb-671f3f02e2f6;418.51;4.63048713;UNKNOWN
2016-03-23T03:05:41.000000;2016-03-23T03:05:41.000000;6b5e87b6-4b17-47cb-8bfb-2b5b2a6900f5;418.51;4.63048713;UNKNOWN
2016-03-23T03:05:43.000000;2016-03-23T03:05:43.000000;dcc4ec41-2813-4b7f-bea2-a896625f3a40;418.47;0.01318646;UNKNOWN
2016-03-23T03:05:47.000000;2016-03-23T03:05:47.000000;5f6e6977-ae37-4ce5-9a56-ed02bb730034;418.47;0.01084162;UNKNOWN
2016-03-23T03:05:51.000000;2016-03-23T03:05:51.000000;f9988c9d-4c81-4c1f-b311-5d6894402c58;418.47;0.02376355;UNKNOWN
2016-03-23T03:07:07.000000;2016-03-23T03:07:07.000000;dbc73bcb-8c8f-4f96-b913-fe02e430a4bf;417.86;0.179;UNKNOWN
2016-03-23T03:07:07.000000;2016-03-23T03:07:07.000000;68d5e98d-7bd9-45ca-8119-e8a958a5e84d;418.1;0.1;UNKNOWN
2016-03-23T03:07:07.000000;2016-03-23T03:07:07.000000;dd12f3f1-1391-4c11-a92e-589188b3577b;418.47;4.63066772;UNKNOWN
2016-03-23T03:07:07.000000;2016-03-23T03:07:07.000000;11833b12-6981-46d8-b652-27fabd87f286;418.05;0.1;UNKNOWN
2016-03-23T03:07:07.000000;2016-03-23T03:07:07.000000;efc66a6c-58f8-484a-9828-29cf23a0d9b2;418.2;0.1;UNKNOWN
2016-03-23T03:07:07.000000;2016-03-23T03:07:07.000000;6766a126-c5af-41c2-9252-c78ef13a051b;418.3;0.1;UNKNOWN
2016-03-23T03:07:07.000000;2016-03-23T03:07:07.000000;1e805fcf-3af9-4685-a433-e9f8715b9ca1;418.4;0.1;UNKNOWN
2016-03-23T03:07:07.000000;2016-03-23T03:07:07.000000;6ae6a161-6cc0-4592-ae18-d1bedfcaf435;417.96;14.2446;UNKNOWN
2016-03-23T03:07:07.000000;2016-03-23T03:07:07.000000;e0044260-af88-4eb3-99c2-ab7a0aee1b6b;418.0;7.5;UNKNOWN
2016-03-23T03:07:07.000000;2016-03-23T03:07:07.000000;12bea89e-8ac2-450b-82e3-241b383c6ec6;417.79;2.70773228;UNKNOWN
2016-03-23T03:07:07.000000;2016-03-23T03:07:07.000000;ad1b5323-a4e4-4b78-831a-d748a09a7406;417.85;0.238;UNKNOWN
2016-03-23T03:07:36.000000;2016-03-23T03:07:36.000000;dac2369e-ef72-4cbc-8f06-2b3a99d99cca;417.83;0.02222459;UNKNOWN
2016-03-23T03:07:41.000000;2016-03-23T03:07:41.000000;1f9b1133-9868-4e61-bcce-45f40f95311a;417.83;0.01;UNKNOWN
2016-03-23T03:07:45.000000;2016-03-23T03:07:45.000000;71c4c92e-7eb7-4e9c-843a-f682873a2b44;417.83;0.57001699;UNKNOWN
2016-03-23T03:07:49.000000;2016-03-23T03:07:49.000000;660cc598-3622-4e81-90fb-e9bc4806b7e9;417.83;0.14545087;UNKNOWN
2016-03-23T03:07:51.000000;2016-03-23T03:07:51.000000;aa058765-bb30-4f55-a661-fea43bf861d6;417.83;0.03050039;UNKNOWN
2016-03-23T03:07:55.000000;2016-03-23T03:07:55.000000;2489948e-8993-4f48-a486-4194c9680d85;417.83;0.03739671;UNKNOWN
2016-03-23T03:07:59.000000;2016-03-23T03:07:59.000000;733ddc92-6220-4d13-8492-dc70a6e6b5b7;417.83;0.18090584;UNKNOWN
2016-03-23T03:08:16.000000;2016-03-23T03:08:16.000000;e2e512ec-fbdf-4bc4-b306-e1ebc151f8d7;417.84;0.1;UNKNOWN
2016-03-23T03:08:17.000000;2016-03-23T03:08:17.000000;ba29d81c-b224-46e6-865e-c0d50eec3ae8;417.83;0.2;UNKNOWN
2016-03-23T03:08:40.000000;2016-03-23T03:08:40.000000;a40b2ce1-6769-4810-88f0-8901a19232f2;417.83;0.2;UNKNOWN
2016-03-23T03:08:42.000000;2016-03-23T03:08:42.000000;b1251f88-a1b8-4ae2-8fe9-a72513aee297;417.83;0.01071871;UNKNOWN
2016-03-23T03:08:46.000000;2016-03-23T03:08:46.000000;5aa463c0-1258-4b9b-813c-50cfe51700ba;417.83;0.01161176;UNKNOWN
2016-03-23T03:08:50.000000;2016-03-23T03:08:50.000000;1da9cd68-1a7e-4796-831e-74d7290e5d4a;417.83;0.01714414;UNKNOWN
2016-03-23T03:08:53.000000;2016-03-23T03:08:53.000000;fe99c6ff-f6e4-4d83-829a-df32a72e8225;417.83;0.01135793;UNKNOWN
2016-03-23T03:08:57.000000;2016-03-23T03:08:57.000000;5c182598-d140-4eb9-9d21-b73e3edac711;417.83;0.038058;UNKNOWN
2016-03-23T03:09:00.000000;2016-03-23T03:09:00.000000;7d67b4a9-38ef-4ed6-bc1c-5359b81a795a;417.83;0.01135348;UNKNOWN
2016-03-23T03:09:04.000000;2016-03-23T03:09:04.000000;c3bb30ea-073a-4cac-b0d8-ed8f982eac97;417.83;0.01423584;UNKNOWN
2016-03-23T03:09:08.000000;2016-03-23T03:09:08.000000;431cbc90-d507-44bd-8d57-ce6368f0f6ac;417.83;0.01;UNKNOWN
2016-03-23T03:09:53.000000;2016-03-23T03:09:53.000000;1e0aaf68-9743-4dc5-babf-b717f44e68a2;417.83;4.63504791;UNKNOWN
2016-03-23T03:09:53.000000;2016-03-23T03:09:53.000000;dd39494f-2794-413a-9e76-949c117bfeae;417.83;4.63504791;UNKNOWN
2016-03-23T03:09:53.000000;2016-03-23T03:09:53.000000;5f880b7f-c16b-44be-afe2-42bef18c1e66;417.83;4.11035323;UNKNOWN
2016-03-23T03:09:53.000000;2016-03-23T03:09:53.000000;8edb841d-8755-4a3c-a36b-0414b32a5378;417.83;1.61955095;UNKNOWN
2016-03-23T03:10:14.000000;2016-03-23T03:10:14.000000;541376cb-9a55-42b0-b013-3cafe10efc10;417.84;5.9539;UNKNOWN
2016-03-23T03:10:14.000000;2016-03-23T03:10:14.000000;553af364-2827-4cbe-a38f-4935cf1cd891;417.84;0.6261;UNKNOWN
2016-03-23T03:10:14.000000;2016-03-23T03:10:14.000000;cdc77943-53d6-42ed-8425-6c5a68070d1e;417.84;2.21;UNKNOWN
2016-03-23T03:10:40.000000;2016-03-23T03:10:40.000000;f466e215-d5a7-4edc-bf46-b3cca2e1ba1e;417.95;0.1;UNKNOWN
2016-03-23T03:12:03.000000;2016-03-23T03:12:03.000000;e1bd2c30-95bc-4213-9c71-31353a419089;417.83;0.018;UNKNOWN
2016-03-23T03:12:05.000000;2016-03-23T03:12:05.000000;852639cf-d2d2-42d3-9ac6-94dc915d2e99;417.83;0.14302134;UNKNOWN
2016-03-23T03:12:14.000000;2016-03-23T03:12:14.000000;a021a93d-1f94-4143-80a5-29d2efcaa297;417.83;0.06658152;UNKNOWN
2016-03-23T03:12:19.000000;2016-03-23T03:12:19.000000;258b398f-758c-41a6-b762-4cdc1250ca1f;417.83;0.01599708;UNKNOWN
2016-03-23T03:12:22.000000;2016-03-23T03:12:22.000000;30fb39e4-4a87-4996-9e10-d6f9cfc4fc75;417.83;0.06556719;UNKNOWN
2016-03-23T03:12:26.000000;2016-03-23T03:12:26.000000;27ca9814-9400-468b-b28a-af07f0292811;417.83;0.01631;UNKNOWN
2016-03-23T03:12:30.000000;2016-03-23T03:12:30.000000;86a6968c-546c-4fa9-8a5c-de248f1a804b;417.83;0.02640924;UNKNOWN
2016-03-23T03:12:33.000000;2016-03-23T03:12:33.000000;f57ca1c4-10e2-4b35-a77e-83d0b2e20cf3;417.83;0.01420767;UNKNOWN
2016-03-23T03:17:10.000000;2016-03-23T03:17:10.000000;7bf11353-e70a-497a-9427-867c309aca98;417.85;0.01;UNKNOWN
2016-03-23T03:19:13.000000;2016-03-23T03:19:13.000000;aed35c5e-f739-4d7e-8111-96c3fa560761;417.9;1.0;UNKNOWN
2016-03-23T03:28:34.000000;2016-03-23T03:28:34.000000;ef8e83ac-71a8-4c9a-a576-0ff9edad1297;417.89;0.68024582;UNKNOWN
2016-03-23T03:28:37.000000;2016-03-23T03:28:37.000000;2996881e-0292-4d4d-8ad3-b0a799246849;417.89;0.19080711;UNKNOWN
2016-03-23T03:28:41.000000;2016-03-23T03:28:41.000000;a88be54f-c4b6-45ef-aa18-2aca587f3c6b;417.89;0.08388064;UNKNOWN
2016-03-23T03:28:44.000000;2016-03-23T03:28:44.000000;6f72903b-63b8-4871-8342-ecac19d7f0ab;417.89;0.07258542;UNKNOWN
2016-03-23T03:28:47.000000;2016-03-23T03:28:47.000000;44d9686a-2cf9-4077-9a49-ee7a0a15806c;417.89;0.13939187;UNKNOWN
2016-03-23T03:28:51.000000;2016-03-23T03:28:51.000000;0e42534d-5306-4944-bf1c-977c66be8842;417.89;0.07704991;UNKNOWN
2016-03-23T03:28:55.000000;2016-03-23T03:28:55.000000;e53b2ba7-9899-4196-908d-d207ca47944c;417.89;0.08627885;UNKNOWN
2016-03-23T03:28:57.000000;2016-03-23T03:28:57.000000;66483ca9-6af5-4571-87f2-4f067ff85b17;417.89;0.14992437;UNKNOWN
2016-03-23T03:29:02.000000;2016-03-23T03:29:02.000000;039fdc9b-5999-486a-9c33-1a65d1c7861c;417.89;0.16557141;UNKNOWN
2016-03-23T03:29:06.000000;2016-03-23T03:29:06.000000;0bc4f44b-51d6-454a-a928-262f4311d5d8;417.89;0.03795883;UNKNOWN
2016-03-23T03:29:10.000000;2016-03-23T03:29:10.000000;d4b2fb10-aa1e-461a-9b91-cf3b7a18a73f;417.89;0.01865906;UNKNOWN
2016-03-23T03:29:13.000000;2016-03-23T03:29:13.000000;962bf400-7360-49b6-be5f-f87beee03767;417.89;0.14925558;UNKNOWN
2016-03-23T03:29:17.000000;2016-03-23T03:29:17.000000;1758a6ef-7200-4cbb-98ad-ccc7992f86de;417.89;0.17425799;UNKNOWN
2016-03-23T03:29:21.000000;2016-03-23T03:29:21.000000;ae10d52a-1f9c-42af-94ed-f1ed8fb96953;417.89;0.62799312;UNKNOWN
2016-03-23T03:29:25.000000;2016-03-23T03:29:25.000000;f7d9f10e-ff84-4bf7-a94b-a7a621afc6fb;417.89;0.16917539;UNKNOWN
2016-03-23T03:29:25.000000;2016-03-23T03:29:25.000000;72b36f36-6cde-4c7a-a580-41b1220753e1;417.89;0.46209529;UNKNOWN
2016-03-23T03:29:28.000000;2016-03-23T03:29:28.000000;ef90ec65-8a09-4c16-b706-f222f6506dfa;417.89;0.14130526;UNKNOWN
2016-03-23T03:29:31.000000;2016-03-23T03:29:31.000000;8a904bfe-8223-4a89-84e9-27a953e07815;417.89;0.05671424;UNKNOWN
2016-03-23T03:29:36.000000;2016-03-23T03:29:36.000000;534bac76-9aaf-4bb1-828f-109145aa6365;417.89;0.08723165;UNKNOWN
2016-03-23T03:29:41.000000;2016-03-23T03:29:41.000000;33ca70df-9d4b-482f-8e78-347316d2425b;417.89;0.68909467;UNKNOWN
2016-03-23T03:29:44.000000;2016-03-23T03:29:44.000000;a6d6e70f-83cd-41c4-b62d-170d8ecac490;417.89;0.15259855;UNKNOWN
2016-03-23T03:29:47.000000;2016-03-23T03:29:47.000000;e8a49d51-602e-40a6-bc6e-297a2d208616;417.89;0.01698141;UNKNOWN
2016-03-23T03:29:52.000000;2016-03-23T03:29:52.000000;a44db953-909d-4e28-9490-ddcd662dec90;417.89;0.05421439;UNKNOWN
2016-03-23T03:29:54.000000;2016-03-23T03:29:54.000000;3ea7d8bc-5736-47f6-9500-cda5caa5d001;417.89;0.13652638;UNKNOWN
2016-03-23T03:29:58.000000;2016-03-23T03:29:58.000000;2d03e8c7-1c9a-414d-9595-9d82a5b5cc2b;417.89;0.64458966;UNKNOWN
2016-03-23T03:30:01.000000;2016-03-23T03:30:01.000000;568cdf31-8da6-4d28-8341-11601d22cad7;417.89;0.14229862;UNKNOWN
2016-03-23T03:30:05.000000;2016-03-23T03:30:05.000000;5aef8b61-c086-421c-9913-f08e3587ea0c;417.89;0.08140187;UNKNOWN
2016-03-23T03:30:09.000000;2016-03-23T03:30:09.000000;4eccbd73-23ab-4957-b409-ae58f2a0d095;417.89;0.03079294;UNKNOWN
2016-03-23T03:30:55.000000;2016-03-23T03:30:55.000000;910964d0-32ba-44f1-9f19-fbf0b863e739;417.9;0.0341;UNKNOWN
2016-03-23T03:32:20.000000;2016-03-23T03:32:20.000000;c5310ee8-424c-4db5-b060-0f07cd7b280d;417.89;0.1894162;UNKNOWN
2016-03-23T03:32:23.000000;2016-03-23T03:32:23.000000;02fd3847-466c-4dd6-801a-1f2d38e3f317;417.89;0.66232833;UNKNOWN
2016-03-23T03:32:29.000000;2016-03-23T03:32:29.000000;135a4b49-ce06-40b3-a92a-37920b9e6b23;417.89;0.15956823;UNKNOWN
2016-03-23T03:32:35.000000;2016-03-23T03:32:35.000000;cadf9f6e-b36e-4911-9374-3a5b9ff10815;417.89;0.06371365;UNKNOWN
2016-03-23T03:32:42.000000;2016-03-23T03:32:42.000000;9692704a-fb13-4784-896a-a59e7985028c;417.89;0.69320861;UNKNOWN
2016-03-23T03:32:45.000000;2016-03-23T03:32:45.000000;c04910e2-3cb2-4e9e-b1aa-9b710ae95cdc;417.89;0.14500417;UNKNOWN
2016-03-23T03:32:48.000000;2016-03-23T03:32:48.000000;78be6540-f58c-4d9f-8482-a4f8a9f21d53;417.89;0.08111772;UNKNOWN
2016-03-23T03:32:51.000000;2016-03-23T03:32:51.000000;6dbb196a-091e-4b96-9f7c-fa5615c597cf;417.89;0.01232586;UNKNOWN
2016-03-23T03:32:59.000000;2016-03-23T03:32:59.000000;66fef148-b79a-4aba-9605-3422f2581b4c;417.89;0.16274446;UNKNOWN
2016-03-23T03:33:04.000000;2016-03-23T03:33:04.000000;dfbd0645-b216-4751-bbc3-9b1ef1643065;417.89;0.05756214;UNKNOWN
2016-03-23T03:33:07.000000;2016-03-23T03:33:07.000000;4f72fb3f-6237-4b8e-bf11-431cee420f93;417.89;0.02899638;UNKNOWN
2016-03-23T03:33:10.000000;2016-03-23T03:33:10.000000;e19dedde-d864-4995-88fa-b0a1911c058d;417.89;0.48575788;UNKNOWN
2016-03-23T03:33:10.000000;2016-03-23T03:33:10.000000;bb26dd14-aa2e-4e44-be2b-e875a09dbb66;417.89;0.14622576;UNKNOWN
2016-03-23T03:33:13.000000;2016-03-23T03:33:13.000000;7526a460-c3c6-4635-a8e0-5fecc0eade22;417.89;0.18893974;UNKNOWN
2016-03-23T03:33:17.000000;2016-03-23T03:33:17.000000;70b3c3cf-7c9d-4181-aff2-4eb5dc9dd335;417.89;0.06908345;UNKNOWN
2016-03-23T03:33:23.000000;2016-03-23T03:33:23.000000;a51716d1-967b-4852-9d6c-eb34d075ac3f;417.89;0.01862371;UNKNOWN
2016-03-23T03:33:30.000000;2016-03-23T03:33:30.000000;f9cad5ab-a449-472c-92dd-6f92101814fe;417.89;0.17582994;UNKNOWN
2016-03-23T03:34:03.000000;2016-03-23T03:34:03.000000;fbf7be13-5905-4fc8-8812-5328bffb6dba;417.89;0.04451556;UNKNOWN
2016-03-23T03:35:11.000000;2016-03-23T03:35:11.000000;0efc623f-5e62-408e-981e-bbdfdc314064;417.9;8.89;UNKNOWN
2016-03-23T03:35:31.000000;2016-03-23T03:35:31.000000;1b7837ee-1880-49f4-952f-aa46a12f7fca;417.9;0.40268;UNKNOWN
2016-03-23T03:35:31.000000;2016-03-23T03:35:31.000000;c67056f9-3b35-4eb7-932b-ac40c446f4ec;417.9;0.0759;UNKNOWN
2016-03-23T03:36:05.000000;2016-03-23T03:36:05.000000;5a369c35-e78e-4eb3-a538-e1532f92628a;417.95;0.03610961;UNKNOWN
2016-03-23T03:36:12.000000;2016-03-23T03:36:12.000000;a04011c6-bcbe-4601-878a-2165da5ba44f;417.89;0.2133915;UNKNOWN
2016-03-23T03:39:06.000000;2016-03-23T03:39:06.000000;cce24f0e-479b-402b-89a7-5186c8f73712;417.95;0.01082418;UNKNOWN
2016-03-23T03:41:38.000000;2016-03-23T03:41:38.000000;cfaf763b-500c-40e5-ac34-047c4f5a54ac;417.93;1.35;UNKNOWN
2016-03-23T03:41:55.000000;2016-03-23T03:41:55.000000;9efd7302-fd33-410d-b124-55d94aa34c2c;417.95;3.9128;UNKNOWN
2016-03-23T03:45:20.000000;2016-03-23T03:45:20.000000;bba49972-7c77-45c5-abfe-58fb05ba482d;417.92;0.6535986;UNKNOWN
2016-03-23T03:45:27.000000;2016-03-23T03:45:27.000000;fd441b21-099f-4e59-828a-50010d62dad3;417.92;0.40126547;UNKNOWN
2016-03-23T03:48:24.000000;2016-03-23T03:48:24.000000;f5a5d9dc-463c-4427-9dcd-e480c270a28c;417.94;0.01;UNKNOWN
2016-03-23T03:48:58.000000;2016-03-23T03:48:58.000000;18091d63-c173-4e07-aeeb-54db3926eb85;417.95;8.21;UNKNOWN
2016-03-23T03:54:04.000000;2016-03-23T03:54:04.000000;ef7dc4ad-75e3-490a-9bbe-037aef950067;417.94;0.08644723;UNKNOWN
2016-03-23T03:56:21.000000;2016-03-23T03:56:21.000000;770c8824-13ef-4608-a0b7-6ee4319ef254;417.95;2.73026621;UNKNOWN
2016-03-23T03:56:34.000000;2016-03-23T03:56:34.000000;76d83a63-26c3-4115-95a4-8212553dd263;417.94;0.39888122;UNKNOWN
2016-03-23T03:56:42.000000;2016-03-23T03:56:42.000000;fa360d4e-d3bb-4617-95af-c4a37cbc2aab;417.94;0.0510195;UNKNOWN
2016-03-23T03:56:46.000000;2016-03-23T03:56:46.000000;a4974dac-3d2d-4e12-b4dc-e89db43ac85a;417.94;0.11250305;UNKNOWN
2016-03-23T03:57:52.000000;2016-03-23T03:57:52.000000;71f44c5b-4867-4cd3-83a2-4012b004fd0c;418.0;0.5;UNKNOWN
2016-03-23T03:59:01.000000;2016-03-23T03:59:01.000000;54e85b17-68aa-442c-abc2-93464fc52acc;418.0;0.30726634;UNKNOWN
2016-03-23T04:00:06.000000;2016-03-23T04:00:06.000000;91abe696-0ec0-4c75-bc52-0f254db20f32;418.0;0.03;UNKNOWN
2016-03-23T04:00:18.000000;2016-03-23T04:00:18.000000;8e4dc8f6-7c52-42c8-b044-e05e6e60d597;418.0;0.03003;UNKNOWN
2016-03-23T04:02:05.000000;2016-03-23T04:02:05.000000;2f1a9f26-262d-4549-bf15-0c923e4e5b67;418.03;2.16389131;UNKNOWN
2016-03-23T04:02:53.000000;2016-03-23T04:02:53.000000;3ac1423c-be46-4170-9281-de749c5cd04a;418.16;1.1956;UNKNOWN
2016-03-23T04:05:05.000000;2016-03-23T04:05:05.000000;bb5abcac-6709-4c11-9e0c-2bc81ecbd879;418.0;0.077;UNKNOWN
2016-03-23T04:07:55.000000;2016-03-23T04:07:55.000000;8e350e1f-939b-46dd-891d-ba1b6f0bacf7;418.0;4.63520905;UNKNOWN
2016-03-23T04:07:55.000000;2016-03-23T04:07:55.000000;24b42631-b1db-4b45-8ef6-306c46a1d82e;418.0;24.80570366;UNKNOWN
2016-03-23T04:07:55.000000;2016-03-23T04:07:55.000000;45acb65d-9f9f-49d9-a538-cbe1ad309a7a;418.0;4.63520905;UNKNOWN
2016-03-23T04:07:55.000000;2016-03-23T04:07:55.000000;4bb9809f-2371-42f4-b67a-77e1c971c51a;418.0;4.63520905;UNKNOWN
2016-03-23T04:07:55.000000;2016-03-23T04:07:55.000000;4bfe6c03-a4ba-47c0-ab16-b81caf7e9558;418.0;4.63617608;UNKNOWN
2016-03-23T04:07:55.000000;2016-03-23T04:07:55.000000;888ad7fa-7c70-47a1-89e5-dd53b4c4dbc6;418.0;4.63520905;UNKNOWN
2016-03-23T04:07:55.000000;2016-03-23T04:07:55.000000;cb5bee78-7751-42ea-82a6-e5ca50f333c7;418.0;2.01728406;UNKNOWN
2016-03-23T04:12:19.000000;2016-03-23T04:12:19.000000;e2f5455b-4c21-4d4e-920f-7a59904e113b;418.0;0.7279165;UNKNOWN
2016-03-23T04:12:19.000000;2016-03-23T04:12:19.000000;e5403e00-0664-4189-988e-6ae3c7179bdb;418.0;4.63617608;UNKNOWN
2016-03-23T04:12:19.000000;2016-03-23T04:12:19.000000;4a4f5c3e-20df-4b48-ba3a-d15926051f92;418.0;4.63590742;UNKNOWN
2016-03-23T04:13:13.000000;2016-03-23T04:13:13.000000;936ae6a5-8518-41f5-b1d0-037c2a65610d;418.0;4.63698225;UNKNOWN
2016-03-23T04:13:13.000000;2016-03-23T04:13:13.000000;c570052a-7ac4-494c-a13b-061d724567bb;418.0;4.63746609;UNKNOWN
2016-03-23T04:13:13.000000;2016-03-23T04:13:13.000000;e15ecf92-0451-4c85-af01-e3c3d78fb907;418.0;4.636606;UNKNOWN
2016-03-23T04:13:13.000000;2016-03-23T04:13:13.000000;4800304c-d2d7-4fa3-ac02-e60dc1b426ca;418.0;3.90799092;UNKNOWN
2016-03-23T04:13:13.000000;2016-03-23T04:13:13.000000;ecc82845-12e0-4869-8f4b-38c87690b6d5;418.0;4.63590742;UNKNOWN
2016-03-23T04:14:11.000000;2016-03-23T04:14:11.000000;a3f0f6bb-4d7d-4f3a-928c-59d07942ffe9;417.94;0.055149;UNKNOWN
2016-03-23T04:14:11.000000;2016-03-23T04:14:11.000000;32eb0b3f-eef1-406a-aa53-01288faddcaf;417.94;0.05032341;UNKNOWN
2016-03-23T04:14:31.000000;2016-03-23T04:14:31.000000;6610fbb1-4b75-426a-aab2-9b3ae8989e0c;417.94;0.010437;UNKNOWN
2016-03-23T04:14:35.000000;2016-03-23T04:14:35.000000;f0ce2023-5950-4598-8542-4e36f3e5be98;417.94;0.015852;UNKNOWN
2016-03-23T04:16:13.000000;2016-03-23T04:16:13.000000;b0b6d383-3618-4225-abb4-2035ca926a62;417.94;0.01144;UNKNOWN
2016-03-23T04:19:35.000000;2016-03-23T04:19:35.000000;07fc7bb0-2545-471e-b977-61c33c090a33;417.94;0.010662;UNKNOWN
2016-03-23T04:21:17.000000;2016-03-23T04:21:17.000000;62395563-7834-4ac7-b324-c38d385c0788;417.94;0.011597;UNKNOWN
2016-03-23T04:22:59.000000;2016-03-23T04:22:59.000000;e466d39f-0cf5-4d23-aa95-b6d33c8b7e18;417.94;4.63665975;UNKNOWN
2016-03-23T04:22:59.000000;2016-03-23T04:22:59.000000;91e5729c-84a6-48aa-807e-347557d33d78;417.94;0.03283145;UNKNOWN
2016-03-23T04:22:59.000000;2016-03-23T04:22:59.000000;d2717135-3995-4605-8177-80a2d341b6d9;417.94;4.63665975;UNKNOWN
2016-03-23T04:22:59.000000;2016-03-23T04:22:59.000000;58c95545-0fff-4980-9aa1-52b3b48d605a;417.94;1.69384905;UNKNOWN
2016-03-23T04:23:45.000000;2016-03-23T04:23:45.000000;85940a2b-55cd-4156-9df1-834aec9cbc45;417.95;0.8714;UNKNOWN
2016-03-23T04:23:45.000000;2016-03-23T04:23:45.000000;32f6e022-aefb-4d99-8490-ffcbd732acc9;417.95;5.912;UNKNOWN
2016-03-23T04:23:45.000000;2016-03-23T04:23:45.000000;cecb1743-a49f-4c56-b73b-4ece9364b993;417.95;0.62867142;UNKNOWN
2016-03-23T04:23:45.000000;2016-03-23T04:23:45.000000;3de7f884-4cf9-4280-b0d6-db6c8b725cb9;417.95;15.8692;UNKNOWN
2016-03-23T04:24:06.000000;2016-03-23T04:24:06.000000;7c739da4-a097-4f05-ac64-ed7ad315ec96;417.94;0.04;UNKNOWN
2016-03-23T04:25:02.000000;2016-03-23T04:25:02.000000;a8860cb7-0747-4034-8374-ffc8a70b3591;417.94;2.9028107;UNKNOWN
2016-03-23T04:25:02.000000;2016-03-23T04:25:02.000000;a793f808-be45-451c-9dc4-49bee0500510;417.94;4.63665975;UNKNOWN
2016-03-23T04:25:02.000000;2016-03-23T04:25:02.000000;07f4c06f-a1df-4845-bd37-8fad028da023;417.94;4.63665975;UNKNOWN
2016-03-23T04:25:23.000000;2016-03-23T04:25:23.000000;b3367cae-e887-4fbe-9fa2-6a5b1057b287;417.52;0.26612061;UNKNOWN
2016-03-23T04:25:39.000000;2016-03-23T04:25:39.000000;9da60cfe-843f-46c2-895e-32af926f66eb;417.52;0.03387939;UNKNOWN
2016-03-23T04:25:39.000000;2016-03-23T04:25:39.000000;39838c74-bba0-438c-bed5-e72d7c7d4a76;417.52;2.150857;UNKNOWN
2016-03-23T04:25:39.000000;2016-03-23T04:25:39.000000;4e8ca06d-fe6b-4bdf-bf8d-af2f2ade1d64;417.52;4.63913341;UNKNOWN
2016-03-23T04:28:10.000000;2016-03-23T04:28:10.000000;c7835006-c8ca-4ac7-976e-c30a4226720b;417.52;4.63940244;UNKNOWN
2016-03-23T04:28:12.000000;2016-03-23T04:28:12.000000;96b9aa3f-3368-4226-a393-15655634131e;417.52;0.8366;UNKNOWN
2016-03-23T04:28:16.000000;2016-03-23T04:28:16.000000;aabd87df-979d-4035-9efa-d44740b209e2;417.53;0.8366;UNKNOWN
2016-03-23T04:32:28.000000;2016-03-23T04:32:28.000000;7b8aa5cc-53f0-44f2-8e03-11a022519fc6;417.56;0.09994511;UNKNOWN
2016-03-23T04:33:40.000000;2016-03-23T04:33:40.000000;2b85fd52-97a9-4b86-8e4e-1de3fd3cbd5c;417.57;0.04819644;UNKNOWN
2016-03-23T04:34:17.000000;2016-03-23T04:34:17.000000;6a1a0c03-7dce-432b-8cb3-12eaf0313e9b;417.71;0.8031;UNKNOWN
2016-03-23T04:35:07.000000;2016-03-23T04:35:07.000000;d8d8b079-a10d-4d90-964e-f0dc6b433856;417.93;0.09641674;UNKNOWN
2016-03-23T04:35:09.000000;2016-03-23T04:35:09.000000;e5e32323-c831-481f-a803-d51066401975;417.92;0.5;UNKNOWN
2016-03-23T04:36:04.000000;2016-03-23T04:36:04.000000;d8e4da6f-0ea2-4ad3-999b-7fe500954f08;417.71;0.273929;UNKNOWN
2016-03-23T04:36:08.000000;2016-03-23T04:36:08.000000;8e39e3f4-d0bb-418f-a57f-271974d38f89;417.71;0.240426;UNKNOWN
2016-03-23T04:36:17.000000;2016-03-23T04:36:17.000000;ef85e931-7f53-4e4a-a7cb-d12f68d739cc;417.88;0.1;UNKNOWN
2016-03-23T04:39:15.000000;2016-03-23T04:39:15.000000;774fc9e3-b0ed-483e-b870-764169cd3a21;417.73;0.070525;UNKNOWN
2016-03-23T04:39:15.000000;2016-03-23T04:39:15.000000;c96a3b93-3120-4dc8-a4c3-7a5d87fd57de;417.84;0.162275;UNKNOWN
2016-03-23T04:41:12.000000;2016-03-23T04:41:12.000000;7007c681-0972-4475-b82a-c4736df9c0e4;417.87;1.44069551;UNKNOWN
2016-03-23T04:41:48.000000;2016-03-23T04:41:48.000000;f8d9444c-d7f0-4f5c-9678-71a12cb4d87d;417.73;0.5525838;UNKNOWN
2016-03-23T04:41:48.000000;2016-03-23T04:41:48.000000;5aa873de-0d37-4a56-95ef-d19c342364bd;417.73;0.47191448;UNKNOWN
2016-03-23T04:41:51.000000;2016-03-23T04:41:51.000000;e140deb3-85b2-41a4-869a-ac4fc86e5216;417.73;0.04465108;UNKNOWN
2016-03-23T04:41:51.000000;2016-03-23T04:41:51.000000;83cb0d20-7a4d-4cdb-ad5c-9b8cac7b56ef;417.73;0.34232496;UNKNOWN
2016-03-23T04:41:53.000000;2016-03-23T04:41:53.000000;6f4d3205-80ca-41a8-8d05-7e4ed1ab1f12;417.73;0.2148098;UNKNOWN
2016-03-23T04:43:05.000000;2016-03-23T04:43:05.000000;295f73a4-4eb2-43b1-8074-501e5323490c;417.8;0.12043549;UNKNOWN
2016-03-23T04:43:32.000000;2016-03-23T04:43:32.000000;c616d9ba-d881-4690-8649-749a35688c0b;417.74;0.577887;UNKNOWN
2016-03-23T04:44:38.000000;2016-03-23T04:44:38.000000;d3da98ce-e661-4c2a-b6c6-3198beb7a114;417.8;2.04;UNKNOWN
2016-03-23T04:44:38.000000;2016-03-23T04:44:38.000000;8738ba71-a04d-4ad0-9eb0-9cd949e546fd;417.86;0.06268433;UNKNOWN
2016-03-23T04:44:43.000000;2016-03-23T04:44:43.000000;e65f9761-a47b-4d33-9313-fa6a9457d8f1;417.73;0.29886698;UNKNOWN
2016-03-23T04:44:43.000000;2016-03-23T04:44:43.000000;0c389b17-78cb-46f3-b043-135762c74e41;417.74;0.104103;UNKNOWN
2016-03-23T04:47:14.000000;2016-03-23T04:47:14.000000;582e4452-17e7-43c5-a91e-cabcf46da855;417.84;0.1;UNKNOWN
2016-03-23T04:49:52.000000;2016-03-23T04:49:52.000000;0789f190-7db4-4e94-916b-687811f7aa06;417.74;0.04872;UNKNOWN
2016-03-23T04:49:52.000000;2016-03-23T04:49:52.000000;3a3b8842-aeff-4f7a-afb0-f3c7ea01225f;417.74;4.63864922;UNKNOWN
2016-03-23T04:49:52.000000;2016-03-23T04:49:52.000000;a10fa258-1c79-43e4-929c-07533daa7d8c;417.74;2.84219382;UNKNOWN
2016-03-23T04:49:52.000000;2016-03-23T04:49:52.000000;9e2fd0e0-4801-490a-8cea-f235ef8424bd;417.74;4.63864922;UNKNOWN
2016-03-23T04:49:52.000000;2016-03-23T04:49:52.000000;95ee1ab4-8c00-4fec-844f-9f571b582f4c;417.74;4.63864922;UNKNOWN
2016-03-23T04:49:52.000000;2016-03-23T04:49:52.000000;ee237d85-918e-43e8-8e48-c218f1f84630;417.74;4.63859543;UNKNOWN
2016-03-23T04:49:52.000000;2016-03-23T04:49:52.000000;815ae506-dda7-4f21-88d6-a920d49337ba;417.74;4.63864922;UNKNOWN
2016-03-23T04:49:52.000000;2016-03-23T04:49:52.000000;30497055-e56f-4d53-80c5-2a82b6414996;417.74;4.63864922;UNKNOWN
2016-03-23T04:49:52.000000;2016-03-23T04:49:52.000000;1d1904a3-ce78-46ef-810e-7540f17368b5;417.74;4.63864922;UNKNOWN
2016-03-23T04:49:52.000000;2016-03-23T04:49:52.000000;6c43f03f-27c8-4cd4-957d-3783d946b2e2;417.74;4.63859543;UNKNOWN
2016-03-23T04:52:08.000000;2016-03-23T04:52:08.000000;d3382914-5dd4-4354-89b0-134068928325;417.74;0.46852459;UNKNOWN
2016-03-23T04:52:16.000000;2016-03-23T04:52:16.000000;79291c3c-5c45-4f7c-938d-a5d77f33fac5;417.74;0.06545647;UNKNOWN
2016-03-23T04:52:17.000000;2016-03-23T04:52:17.000000;59631fe3-f438-4221-8579-4bedab6ba082;417.74;0.03391385;UNKNOWN
2016-03-23T04:54:16.000000;2016-03-23T04:54:16.000000;47b90f49-e5ef-41c1-9687-cdd520e503b1;417.74;0.03846068;UNKNOWN
2016-03-23T04:54:46.000000;2016-03-23T04:54:46.000000;db53a2fe-cefe-48fe-a947-b0111ea446e6;417.74;1.19004602;UNKNOWN
2016-03-23T04:54:46.000000;2016-03-23T04:54:46.000000;bd157394-9d3b-4f04-869d-fa4bc8016dbf;417.74;3.80995398;UNKNOWN
2016-03-23T04:55:05.000000;2016-03-23T04:55:05.000000;5e457b5f-e7ea-4890-ad3a-7cb90fb65e3a;417.74;0.56407247;UNKNOWN
2016-03-23T04:55:06.000000;2016-03-23T04:55:06.000000;106288f8-25a5-431e-85fa-aadd82d8d106;417.74;0.11645798;UNKNOWN
2016-03-23T04:55:06.000000;2016-03-23T04:55:06.000000;84bf8e98-f4bb-4201-a48d-14a8f65f7e96;417.74;0.09179026;UNKNOWN
2016-03-23T04:55:06.000000;2016-03-23T04:55:06.000000;72f4cae6-a2ca-4ac3-96d7-36334e9de19a;417.74;0.34041447;UNKNOWN
2016-03-23T04:55:06.000000;2016-03-23T04:55:06.000000;66eabb98-229d-4567-8d6e-15fab76bb1f9;417.74;0.05637453;UNKNOWN
2016-03-23T04:55:07.000000;2016-03-23T04:55:07.000000;ba432685-c6f5-4291-8737-fc6dff57ba20;417.74;0.3494538;UNKNOWN
2016-03-23T04:55:07.000000;2016-03-23T04:55:07.000000;8cf81597-abd0-49ee-a94f-f88e4a6f181a;417.74;0.04558093;UNKNOWN
2016-03-23T04:55:13.000000;2016-03-23T04:55:13.000000;110a7871-3cb2-4a9e-b2c9-7a95eece1274;417.74;3.90325382;UNKNOWN
2016-03-23T04:55:13.000000;2016-03-23T04:55:13.000000;5e41802a-a14a-4666-9a55-5be15967f069;417.74;1.45804316;UNKNOWN
2016-03-23T04:55:13.000000;2016-03-23T04:55:13.000000;ee4354a8-9ae7-4d29-9c61-4088d2cb59ba;417.74;4.63870302;UNKNOWN
2016-03-23T04:55:55.000000;2016-03-23T04:55:55.000000;7596363b-150c-4f7b-bb84-7d2590656e68;417.74;0.3331;UNKNOWN
2016-03-23T04:56:20.000000;2016-03-23T04:56:20.000000;78e2a03d-6953-4707-a92f-48708d8499ba;417.74;0.1332;UNKNOWN
2016-03-23T04:56:31.000000;2016-03-23T04:56:31.000000;44cd821a-0198-463d-b2b7-a288a9d8f8f0;417.74;0.01300451;UNKNOWN
2016-03-23T04:56:58.000000;2016-03-23T04:56:58.000000;595dcc91-d13b-412f-a8b6-17335ecd003e;417.75;0.2935;UNKNOWN
2016-03-23T04:56:58.000000;2016-03-23T04:56:58.000000;b4a14e76-41c2-422d-bff7-f904e3deb6d7;417.75;0.2485;UNKNOWN
2016-03-23T04:57:07.000000;2016-03-23T04:57:07.000000;d52ad0bf-ad04-4bd8-b2c6-9f250758f98c;417.75;0.2424;UNKNOWN
2016-03-23T04:57:29.000000;2016-03-23T04:57:29.000000;2ecfcdbd-20e5-4428-9d7d-a68779d8f06c;417.75;5.99961466;UNKNOWN
2016-03-23T04:57:30.000000;2016-03-23T04:57:30.000000;645257b8-a544-4b9a-9118-25ef3eecaad7;417.75;0.0533;UNKNOWN
2016-03-23T04:58:11.000000;2016-03-23T04:58:11.000000;259251fc-2ac3-4581-8d96-f73a68966496;417.75;0.64034152;UNKNOWN
2016-03-23T04:58:15.000000;2016-03-23T04:58:15.000000;66491a57-c3a3-46f9-bcb6-3ad06b5b299e;417.75;0.04022097;UNKNOWN
2016-03-23T04:58:50.000000;2016-03-23T04:58:50.000000;30597c29-cdd9-42dd-8508-fd45a5df5c1e;417.75;1.14212285;UNKNOWN
2016-03-23T04:58:52.000000;2016-03-23T04:58:52.000000;a702565f-6b75-4947-bff6-a9093a5a880b;417.75;4.64026357;UNKNOWN
2016-03-23T04:58:54.000000;2016-03-23T04:58:54.000000;841d2a1d-57a5-46e4-a92c-b69e6e157116;417.75;4.64026357;UNKNOWN
2016-03-23T04:58:56.000000;2016-03-23T04:58:56.000000;cd2cc2ec-b6af-482a-9d29-41d0846948fe;417.74;0.05198284;UNKNOWN
2016-03-23T04:59:53.000000;2016-03-23T04:59:53.000000;dd4c3080-d6d6-4f9d-967b-445b6863806e;417.75;0.01;UNKNOWN
2016-03-23T04:59:57.000000;2016-03-23T04:59:57.000000;57cc82dd-7df9-4354-a874-d1d44fd423b4;417.75;1.0;UNKNOWN
2016-03-23T05:01:25.000000;2016-03-23T05:01:25.000000;546738aa-9b11-4896-bf75-76c7e7e591b1;417.75;0.642;UNKNOWN
2016-03-23T05:01:31.000000;2016-03-23T05:01:31.000000;fadfd92c-a604-4712-88db-b85ca00423ad;417.75;0.14341;UNKNOWN
2016-03-23T05:02:07.000000;2016-03-23T05:02:07.000000;d56d55f0-57fd-472c-8154-83d927d0dedc;417.74;4.63843406;UNKNOWN
2016-03-23T05:02:07.000000;2016-03-23T05:02:07.000000;c5d73aa5-cd54-431b-b939-51911df68f80;417.74;2.64937251;UNKNOWN
2016-03-23T05:02:07.000000;2016-03-23T05:02:07.000000;4891f6e1-2178-473e-9862-b0ed0c8f181d;417.74;4.63870302;UNKNOWN
2016-03-23T05:02:07.000000;2016-03-23T05:02:07.000000;a640cb7f-7f16-4389-9b25-5bd73e72bb08;417.74;4.638972;UNKNOWN
2016-03-23T05:02:07.000000;2016-03-23T05:02:07.000000;b228776b-4cbe-4e21-946c-50ca43118639;417.74;4.63875681;UNKNOWN
2016-03-23T05:02:07.000000;2016-03-23T05:02:07.000000;7cb9ca2c-26e6-4435-bee6-df6bed5f2f61;417.74;4.1567896;UNKNOWN
2016-03-23T05:02:07.000000;2016-03-23T05:02:07.000000;6adb5044-1676-453a-bfea-10942c3b560f;417.74;4.638972;UNKNOWN
2016-03-23T05:02:20.000000;2016-03-23T05:02:20.000000;81667103-ec1e-4cff-8250-e2919185a7f1;417.33;0.13229673;UNKNOWN
2016-03-23T05:02:20.000000;2016-03-23T05:02:20.000000;25349ac1-6a12-4489-accd-dce02785a3d6;417.5;0.3;UNKNOWN
2016-03-23T05:02:20.000000;2016-03-23T05:02:20.000000;261e4799-35fb-41e3-af56-096c262a9c6a;417.43;0.06;UNKNOWN
2016-03-23T05:02:25.000000;2016-03-23T05:02:25.000000;ae02a9d3-3644-44f3-8f55-88b3b07b3257;417.67;4.64139427;UNKNOWN
2016-03-23T05:02:26.000000;2016-03-23T05:02:26.000000;642e5ac0-b308-4dd2-9c0b-022737560e76;417.33;0.06991036;UNKNOWN
2016-03-23T05:05:54.000000;2016-03-23T05:05:54.000000;039ab103-7504-4beb-bf13-ae886acb6c34;417.51;0.01;UNKNOWN
2016-03-23T05:06:18.000000;2016-03-23T05:06:18.000000;39b84e25-43d8-44e4-8e77-9e18603a3477;417.37;17.6;UNKNOWN
2016-03-23T05:06:18.000000;2016-03-23T05:06:18.000000;a5be79f5-2d96-49f6-8021-c66c80722c65;417.37;5.9436;UNKNOWN
2016-03-23T05:06:18.000000;2016-03-23T05:06:18.000000;f0d70d0f-3ea2-4fa0-b80a-935c3a3ca56f;417.33;4.3262749;UNKNOWN
2016-03-23T05:06:18.000000;2016-03-23T05:06:18.000000;bcf0028e-5b14-4c4b-82cf-512d3d4e151c;417.34;8.95;UNKNOWN
2016-03-23T05:10:59.000000;2016-03-23T05:10:59.000000;02882372-f806-452b-9650-35b74a1dcd6e;417.65;14.0361;UNKNOWN
2016-03-23T05:10:59.000000;2016-03-23T05:10:59.000000;437a1b3c-67d0-43f9-9be9-8abf305435a9;417.51;5.9639;UNKNOWN
2016-03-23T05:13:39.000000;2016-03-23T05:13:39.000000;1a7fcdc4-dc1b-49dd-8b8c-a4490f917521;417.48;0.04818948;UNKNOWN
2016-03-23T05:15:08.000000;2016-03-23T05:15:08.000000;9241c498-3886-4e18-9d92-08956fed4b5a;417.49;0.16595971;UNKNOWN
2016-03-23T05:17:08.000000;2016-03-23T05:17:08.000000;0d669a08-227a-402c-954d-965090e9b95b;417.49;0.0356083;UNKNOWN
2016-03-23T05:17:08.000000;2016-03-23T05:17:08.000000;a28d5c75-db71-4b29-b25a-083a57fbea2c;417.49;0.02845451;UNKNOWN
2016-03-23T05:17:32.000000;2016-03-23T05:17:32.000000;071f4234-9c34-4784-8bc7-0ad4dad27248;417.49;4.57663144;UNKNOWN
2016-03-23T05:17:32.000000;2016-03-23T05:17:32.000000;cdcd4afc-71fa-46bb-a984-f877bbc35764;417.49;2.13336856;UNKNOWN
2016-03-23T05:19:39.000000;2016-03-23T05:19:39.000000;2122a300-0136-4dd6-981b-f2ed832fea39;417.5;0.02400067;UNKNOWN
2016-03-23T05:20:10.000000;2016-03-23T05:20:10.000000;3df7c583-1adb-47c7-bf0a-70c172976451;417.57;0.4;UNKNOWN
2016-03-23T05:20:10.000000;2016-03-23T05:20:10.000000;6908f1cc-bc1b-4f5a-8fbe-67c8d4dfa752;417.56;0.5;UNKNOWN
2016-03-23T05:21:05.000000;2016-03-23T05:21:05.000000;bc8b43af-e52b-4655-8d1f-2d8a2d8d11a9;417.53;0.25919326;UNKNOWN
2016-03-23T05:23:05.000000;2016-03-23T05:23:05.000000;194ffa84-60fb-473c-a828-3e3d8ed06a15;417.57;0.02411963;UNKNOWN
2016-03-23T05:25:45.000000;2016-03-23T05:25:45.000000;9ae73ba2-9029-4dc3-8bd3-9ec37e6b36f9;417.49;0.01;UNKNOWN
2016-03-23T05:30:05.000000;2016-03-23T05:30:05.000000;5a45c26d-73d8-4b81-a618-8ff0038aa730;417.56;0.3;UNKNOWN
2016-03-23T05:30:46.000000;2016-03-23T05:30:46.000000;0201aad6-5835-4225-88fc-96fcf7497131;417.56;0.2685054;UNKNOWN
2016-03-23T05:30:49.000000;2016-03-23T05:30:49.000000;043bf975-ab67-43e1-9e1b-eb011125a7d3;417.56;0.2685054;UNKNOWN
2016-03-23T05:30:50.000000;2016-03-23T05:30:50.000000;a7a0a779-6982-4a10-9a55-1673a29f431b;417.56;0.11816545;UNKNOWN
2016-03-23T05:31:45.000000;2016-03-23T05:31:45.000000;8025ca75-d466-405b-801b-16053deb35a6;417.56;0.56815125;UNKNOWN
2016-03-23T05:32:05.000000;2016-03-23T05:32:05.000000;90afe09c-f47b-4a46-b70e-6762959e68db;417.67;0.03;UNKNOWN
2016-03-23T05:34:20.000000;2016-03-23T05:34:20.000000;81d0d57c-34b5-4752-b259-4626ecafb6eb;417.57;0.65708191;UNKNOWN
2016-03-23T05:34:20.000000;2016-03-23T05:34:20.000000;8a06c072-0861-416c-97df-16fc8839bed3;417.57;0.28478798;UNKNOWN
2016-03-23T05:34:21.000000;2016-03-23T05:34:21.000000;8be0df48-eebb-487c-8ca2-1c7d97f18bdf;417.57;0.65781681;UNKNOWN
2016-03-23T05:34:23.000000;2016-03-23T05:34:23.000000;696afd84-f450-474a-bc61-7e61126659e7;417.57;0.01578088;UNKNOWN
2016-03-23T05:34:23.000000;2016-03-23T05:34:23.000000;2798c6b5-5283-4ad9-85d3-5fe03a384c61;417.57;0.01520793;UNKNOWN
2016-03-23T05:34:23.000000;2016-03-23T05:34:23.000000;4fe3164d-a723-4fd7-9c27-24b7a198a8ee;417.57;0.84417471;UNKNOWN
2016-03-23T05:34:23.000000;2016-03-23T05:34:23.000000;ede837fa-a8fc-4057-a8b2-f4a8359d1ee2;417.57;0.1165942;UNKNOWN
2016-03-23T05:34:23.000000;2016-03-23T05:34:23.000000;c80f4438-e8a5-4503-b3d2-8f1264464ed7;417.57;0.8938889;UNKNOWN
2016-03-23T05:34:24.000000;2016-03-23T05:34:24.000000;398b6003-bb79-4be4-b191-783e9aa2014e;417.57;0.01;UNKNOWN
2016-03-23T05:34:24.000000;2016-03-23T05:34:24.000000;c9a368ce-5bba-4411-a2b3-0b7bae24c5dc;417.57;0.28478798;UNKNOWN
2016-03-23T05:34:25.000000;2016-03-23T05:34:25.000000;5c7932bf-8486-48c1-a7f1-11c3b75f14c5;417.57;0.6608728;UNKNOWN
2016-03-23T05:34:26.000000;2016-03-23T05:34:26.000000;501dd65b-ecd5-411c-a7b9-723ac403998e;417.57;0.28478798;UNKNOWN
2016-03-23T05:34:27.000000;2016-03-23T05:34:27.000000;aec5d36b-8e80-4951-aa8e-9b41b0d7f1a8;417.57;0.01520793;UNKNOWN
2016-03-23T05:34:27.000000;2016-03-23T05:34:27.000000;4dddcd46-2695-4c95-8940-d56fb528775e;417.57;0.1165942;UNKNOWN
2016-03-23T05:34:27.000000;2016-03-23T05:34:27.000000;c43a9a57-420a-4c8b-885d-5a8d6934fc22;417.57;1.211009;UNKNOWN
2016-03-23T05:34:27.000000;2016-03-23T05:34:27.000000;01b3430a-e025-4b4a-b6cb-7a74ff194ab2;417.57;0.28478798;UNKNOWN
2016-03-23T05:34:27.000000;2016-03-23T05:34:27.000000;426eab77-f109-4307-9f0a-5abca7529fd7;417.57;0.84417471;UNKNOWN
2016-03-23T05:34:27.000000;2016-03-23T05:34:27.000000;2ee01eea-5bb8-474a-83f8-02443c21bbd7;417.57;0.8938889;UNKNOWN
2016-03-23T05:34:28.000000;2016-03-23T05:34:28.000000;0a22a1fd-1f5b-48b9-b5a4-dd59cba93046;417.57;0.01520793;UNKNOWN
2016-03-23T05:34:28.000000;2016-03-23T05:34:28.000000;c980809d-708c-4418-804d-65feab6a79dd;417.57;0.1165942;UNKNOWN
2016-03-23T05:34:28.000000;2016-03-23T05:34:28.000000;803ab266-a7cf-45d6-999c-700596e6007f;417.57;0.6608728;UNKNOWN
2016-03-23T05:34:28.000000;2016-03-23T05:34:28.000000;4215ff8c-7bcc-4014-8ffa-996bfa6f9b58;417.57;0.84417471;UNKNOWN
2016-03-23T05:34:28.000000;2016-03-23T05:34:28.000000;0b6ae41f-b458-4d7f-9c77-b599d3c0e3b2;417.57;0.28478798;UNKNOWN
2016-03-23T05:34:28.000000;2016-03-23T05:34:28.000000;a0295c42-b667-4545-ad02-0fb9b503d239;417.57;0.8938889;UNKNOWN
2016-03-23T05:34:29.000000;2016-03-23T05:34:29.000000;fee414b1-6e5b-41e2-8cd4-c68b13580e88;417.57;0.04688648;UNKNOWN
2016-03-23T05:34:30.000000;2016-03-23T05:34:30.000000;dd6eac79-049e-4741-8659-b150aae24ec9;417.57;0.84916612;UNKNOWN
2016-03-23T05:34:30.000000;2016-03-23T05:34:30.000000;ea0cb6e8-c914-4a60-9550-0caed68ffc17;417.57;0.01520793;UNKNOWN
2016-03-23T05:34:30.000000;2016-03-23T05:34:30.000000;27bc2122-5cdd-4784-9e2e-40267225e8f0;417.57;0.28478798;UNKNOWN
2016-03-23T05:34:30.000000;2016-03-23T05:34:30.000000;73b3da70-6ce2-40a0-b643-9f438e86467a;417.57;0.01523749;UNKNOWN
2016-03-23T05:34:30.000000;2016-03-23T05:34:30.000000;ec46974d-f1e9-48ef-9d2d-1e40ba9aa378;417.57;0.6608728;UNKNOWN
2016-03-23T05:34:31.000000;2016-03-23T05:34:31.000000;b9254208-3849-49a4-89b7-93d1614c8050;417.57;0.18364433;UNKNOWN
2016-03-23T05:34:31.000000;2016-03-23T05:34:31.000000;7c969a72-4d8a-403a-abc2-3218b2fd0c58;417.57;0.04693057;UNKNOWN
2016-03-23T05:34:31.000000;2016-03-23T05:34:31.000000;996ba4d1-763b-49f4-853a-933494daa7aa;417.57;0.84796164;UNKNOWN
2016-03-23T05:34:31.000000;2016-03-23T05:34:31.000000;6d8a88f8-5f66-47ba-8470-e04f9fa4b3a0;417.57;0.48732;UNKNOWN
2016-03-23T05:34:32.000000;2016-03-23T05:34:32.000000;a583bf4e-794a-4dcd-940b-72bed2a84e08;417.57;0.04685806;UNKNOWN
2016-03-23T05:34:32.000000;2016-03-23T05:34:32.000000;ec29424f-b9eb-466c-aae0-b1f3361510dc;417.57;0.039563;UNKNOWN
2016-03-23T05:34:33.000000;2016-03-23T05:34:33.000000;dec7163c-584b-4f5a-90f9-6ec46e129347;417.57;0.13792873;UNKNOWN
2016-03-23T05:34:33.000000;2016-03-23T05:34:33.000000;a65f9a91-4825-4061-b633-a1566ed1fd5a;417.57;0.01811765;UNKNOWN
2016-03-23T05:34:33.000000;2016-03-23T05:34:33.000000;b81d6f7b-1b82-49d0-87e0-6c6446b8b56a;417.57;0.05765792;UNKNOWN
2016-03-23T05:34:33.000000;2016-03-23T05:34:33.000000;d2ef091b-5b85-4e09-bcd0-fc20f3e095b9;417.57;0.84796164;UNKNOWN
2016-03-23T05:34:34.000000;2016-03-23T05:34:34.000000;f518cc28-e319-4900-9b1e-7355883bc08a;417.57;0.04685806;UNKNOWN
2016-03-23T05:34:34.000000;2016-03-23T05:34:34.000000;51b6df04-2d1c-467f-9fed-a9c848306915;417.57;0.01583813;UNKNOWN
2016-03-23T05:34:35.000000;2016-03-23T05:34:35.000000;f315a75c-e8e9-40ca-8be7-4a16f3aedf86;417.57;0.05765792;UNKNOWN
2016-03-23T05:34:39.000000;2016-03-23T05:34:39.000000;f9393d12-f2a3-4afb-8bb1-1d066046967c;417.57;0.48732;UNKNOWN
2016-03-23T05:34:43.000000;2016-03-23T05:34:43.000000;91d2ea21-2cb3-4421-b8c3-709ae74dbdad;417.57;0.19196856;UNKNOWN
2016-03-23T05:34:44.000000;2016-03-23T05:34:44.000000;cd560d05-097d-4c1f-b873-2365e60b2b89;417.62;0.3453694;UNKNOWN
2016-03-23T05:34:44.000000;2016-03-23T05:34:44.000000;a32645ef-d28a-40be-b477-aded5aa36da3;417.62;0.5;UNKNOWN
2016-03-23T05:34:45.000000;2016-03-23T05:34:45.000000;02adf9c8-bf1f-4e90-883c-7b216e3033a4;417.62;0.67070521;UNKNOWN
2016-03-23T05:34:47.000000;2016-03-23T05:34:47.000000;3682dbab-86dc-441c-8565-404cc58f426d;417.61;0.5;UNKNOWN
2016-03-23T05:34:47.000000;2016-03-23T05:34:47.000000;ef3bfc7d-6b89-44bf-b7d4-8974e91a674b;417.62;0.17070521;UNKNOWN
2016-03-23T05:34:52.000000;2016-03-23T05:34:52.000000;53aeec17-3374-4336-b842-50b14304ff8f;417.61;0.12520014;UNKNOWN
2016-03-23T05:34:52.000000;2016-03-23T05:34:52.000000;aa90efd2-1d45-4c89-9ee2-c915adfaeed8;417.61;0.01633045;UNKNOWN
2016-03-23T05:34:53.000000;2016-03-23T05:34:53.000000;3a72f0cf-0cd7-4914-b7d4-cc972efb7d0a;417.61;0.10558947;UNKNOWN
2016-03-23T05:35:07.000000;2016-03-23T05:35:07.000000;acfd9639-5b7a-4293-80ac-6083e3dc06c5;417.69;0.10558947;UNKNOWN
2016-03-23T05:35:36.000000;2016-03-23T05:35:36.000000;1662aae8-a4b1-4302-9978-b44ddb2000e1;417.66;0.306718;UNKNOWN
2016-03-23T05:35:56.000000;2016-03-23T05:35:56.000000;d1e33d24-40c7-4463-a395-b0521effc0da;417.66;2.12117098;UNKNOWN
2016-03-23T05:38:09.000000;2016-03-23T05:38:09.000000;deb8a3f6-bf2b-4a9f-a13b-08109fdfc52d;417.69;0.0245;UNKNOWN
2016-03-23T05:38:12.000000;2016-03-23T05:38:12.000000;24c0b878-f05a-415f-aed0-54448f009297;417.69;0.0555;UNKNOWN
2016-03-23T05:38:12.000000;2016-03-23T05:38:12.000000;16a0d4fc-1146-4340-be53-8c66fe00dcd8;417.67;0.41951983;UNKNOWN
2016-03-23T05:38:56.000000;2016-03-23T05:38:56.000000;aead20bb-5c43-448b-82ba-662b32257c7c;417.67;0.02;UNKNOWN
2016-03-23T05:39:40.000000;2016-03-23T05:39:40.000000;d793b9cc-580e-419d-8c18-a62a7ab08566;417.73;0.5;UNKNOWN
2016-03-23T05:39:40.000000;2016-03-23T05:39:40.000000;cb6d8922-2171-4589-9c11-6406d95a59d1;417.74;2.13283868;UNKNOWN
2016-03-23T05:41:32.000000;2016-03-23T05:41:32.000000;75935c9b-73c5-4c76-a76f-017d7cd54a06;417.67;0.23990325;UNKNOWN
2016-03-23T05:42:14.000000;2016-03-23T05:42:14.000000;edd3c5e0-7246-4116-a6ee-b5b46edb9ad9;417.68;2.74;UNKNOWN
2016-03-23T05:42:15.000000;2016-03-23T05:42:15.000000;032f7ae7-2cda-4a00-b812-84d7bf6bf56f;417.68;0.49857054;UNKNOWN
2016-03-23T05:42:59.000000;2016-03-23T05:42:59.000000;891403d3-d43f-4731-98af-b8652d33b5ab;417.68;2.217777;UNKNOWN
2016-03-23T05:43:00.000000;2016-03-23T05:43:00.000000;bb00fe56-7128-4ff6-b688-0292dd8bf007;417.6;23.956;UNKNOWN
2016-03-23T05:43:00.000000;2016-03-23T05:43:00.000000;33df23f1-c237-4e5d-a14c-ca26b9fd2755;417.66;17.56009621;UNKNOWN
2016-03-23T05:43:00.000000;2016-03-23T05:43:00.000000;9d9260ed-967b-4793-9333-1801f57ad000;417.68;3.14365246;UNKNOWN
2016-03-23T05:43:00.000000;2016-03-23T05:43:00.000000;050cbfba-755d-4dc6-8913-eeca1b17a5ce;417.57;15.34025133;UNKNOWN
2016-03-23T05:43:07.000000;2016-03-23T05:43:07.000000;9b36de8e-99b8-43c3-9670-98294c7ee677;417.67;5.72;UNKNOWN
2016-03-23T05:43:07.000000;2016-03-23T05:43:07.000000;ff2a8c91-6c0d-411b-b06d-8612a36ffe97;417.67;3.0;UNKNOWN
2016-03-23T05:44:37.000000;2016-03-23T05:44:37.000000;17ddce7f-bb91-42db-9bee-4668a0d94bd6;417.31;3.11126527;UNKNOWN
2016-03-23T05:44:37.000000;2016-03-23T05:44:37.000000;020f9977-e593-49d7-ad8a-ad2e999cb9e8;417.4;4.64900046;UNKNOWN
2016-03-23T05:44:37.000000;2016-03-23T05:44:37.000000;45bb4842-7a02-41c4-bb19-462d7b57b7b1;417.52;8.19;UNKNOWN
2016-03-23T05:44:37.000000;2016-03-23T05:44:37.000000;3a4b16e0-17b0-400f-9873-c19d7f92b61c;417.37;4.6490545;UNKNOWN
2016-03-23T05:44:37.000000;2016-03-23T05:44:37.000000;a0578e0f-6f87-41b7-85b7-f696d064e9fc;417.51;4.64835216;UNKNOWN
2016-03-23T05:44:37.000000;2016-03-23T05:44:37.000000;aa49dcd4-a899-4668-932f-9d175837e083;417.42;4.64900046;UNKNOWN
2016-03-23T05:44:37.000000;2016-03-23T05:44:37.000000;250811ed-7f01-42f1-a5da-60db482941dd;417.43;2.0;UNKNOWN
2016-03-23T05:44:37.000000;2016-03-23T05:44:37.000000;96ac18b9-d281-42d5-a9fa-6a0c581504ee;417.43;4.64900046;UNKNOWN
2016-03-23T05:44:37.000000;2016-03-23T05:44:37.000000;78f15c4c-91d3-47dd-bab4-336031c38a09;417.35;4.64900046;UNKNOWN
2016-03-23T05:44:37.000000;2016-03-23T05:44:37.000000;f900a0a3-0d2d-4970-9a56-d1c3e4ee8dc3;417.43;4.64829814;UNKNOWN
2016-03-23T05:44:37.000000;2016-03-23T05:44:37.000000;92c5f64d-a027-4aed-85c3-6193a1af6a24;417.33;4.64900046;UNKNOWN
2016-03-23T05:44:37.000000;2016-03-23T05:44:37.000000;4be47728-ed20-44f4-ba37-0ccb3ae7a1f6;417.46;4.64829814;UNKNOWN
2016-03-23T05:44:37.000000;2016-03-23T05:44:37.000000;ff16ec45-400d-4900-a366-33298fd9bbe7;417.57;4.85972949;UNKNOWN
2016-03-23T05:45:33.000000;2016-03-23T05:45:33.000000;d071ecd6-be85-4351-b9e1-993875c15f3f;417.2;1.28649109;UNKNOWN
2016-03-23T05:46:15.000000;2016-03-23T05:46:15.000000;fd8a9c86-b687-4997-915d-cc3c4cd5ada9;417.29;0.01;UNKNOWN
2016-03-23T05:46:52.000000;2016-03-23T05:46:52.000000;49384d51-41b0-4a6d-a7f1-eeb36e6865fe;417.7;50.0;UNKNOWN
2016-03-23T05:46:52.000000;2016-03-23T05:46:52.000000;404ec120-717e-4266-8266-de7e17ab8330;417.73;9.5443;UNKNOWN
2016-03-23T05:46:52.000000;2016-03-23T05:46:52.000000;7cae5060-9707-4bbc-8492-7210afee8b65;417.44;5.9457;UNKNOWN
2016-03-23T05:46:52.000000;2016-03-23T05:46:52.000000;bf85473f-3f76-4164-97c3-27d9e1518d25;417.69;4.51;UNKNOWN
2016-03-23T05:48:39.000000;2016-03-23T05:48:39.000000;63f3e4d1-69b8-4b8e-b5a6-17f0dee7bb5f;417.8;4.64279496;UNKNOWN
2016-03-23T05:48:39.000000;2016-03-23T05:48:39.000000;ba585800-6ab5-408a-b198-7ae88eb5fd0c;417.8;4.64279496;UNKNOWN
2016-03-23T05:48:39.000000;2016-03-23T05:48:39.000000;b8ef3120-2552-4195-bb11-aa5a969a9190;417.82;5.904;UNKNOWN
2016-03-23T05:48:39.000000;2016-03-23T05:48:39.000000;23f40fc7-dadc-4108-a61b-85f7444efb91;417.8;4.64220226;UNKNOWN
2016-03-23T05:48:39.000000;2016-03-23T05:48:39.000000;2a908f09-cd82-405a-b3f1-3095d0d10ceb;417.78;1.59896772;UNKNOWN
2016-03-23T05:48:39.000000;2016-03-23T05:48:39.000000;68f9f5e9-03fe-4af5-b983-e9926a07da2a;417.79;4.64214839;UNKNOWN
2016-03-23T05:48:39.000000;2016-03-23T05:48:39.000000;1e574d3e-c759-404d-aa21-7fbb98d278f9;417.8;4.64220226;UNKNOWN
2016-03-23T05:48:39.000000;2016-03-23T05:48:39.000000;6ed82a18-a158-456f-997d-a3f07ae85761;417.79;4.64268719;UNKNOWN
2016-03-23T05:48:39.000000;2016-03-23T05:48:39.000000;a286e83b-ec84-425d-915b-1241797e35e1;417.8;4.64220226;UNKNOWN
2016-03-23T05:48:56.000000;2016-03-23T05:48:56.000000;5e6a722f-ab31-4234-a9c2-0fe820194e25;417.35;2.35785161;UNKNOWN
2016-03-23T05:48:56.000000;2016-03-23T05:48:56.000000;39429b3d-3a83-4b2e-8402-1e8215208696;417.78;4.64214839;UNKNOWN
2016-03-23T05:49:09.000000;2016-03-23T05:49:09.000000;3b2d106d-9baf-4d30-97a1-6e3dc26e8cc1;417.78;4.64107116;UNKNOWN
2016-03-23T05:49:09.000000;2016-03-23T05:49:09.000000;d8416bd8-508c-4f8f-84b5-39b4a0b66cd0;417.34;3.71618777;UNKNOWN
2016-03-23T05:49:09.000000;2016-03-23T05:49:09.000000;d42f844f-91e3-41fb-a63a-722b906f1383;417.71;4.64274107;UNKNOWN
2016-03-23T05:49:33.000000;2016-03-23T05:49:33.000000;3129411e-5e29-47d2-bde4-c3312a7cb4de;417.76;4.64214839;UNKNOWN
2016-03-23T05:49:33.000000;2016-03-23T05:49:33.000000;baea1fa6-1aa8-478b-af26-2c526ca61f2c;417.78;4.64214839;UNKNOWN
2016-03-23T05:49:33.000000;2016-03-23T05:49:33.000000;f64dc59d-2149-4d5f-b20b-18f6e891623a;417.77;4.64171743;UNKNOWN
2016-03-23T05:49:33.000000;2016-03-23T05:49:33.000000;246a733a-84ce-426a-a828-cc58babbaa5c;417.31;1.07398579;UNKNOWN
2016-03-23T05:49:34.000000;2016-03-23T05:49:34.000000;52835e75-04d4-4e54-aaa7-a4c88f1a94dd;417.84;0.01427467;UNKNOWN
2016-03-23T05:51:20.000000;2016-03-23T05:51:20.000000;7b309f37-e206-4ca9-87bc-439b59fdae86;417.55;0.24680665;UNKNOWN
2016-03-23T05:57:49.000000;2016-03-23T05:57:49.000000;17bfa551-4b3e-4f5b-b928-4ab24c3a8237;417.42;0.48028764;UNKNOWN
2016-03-23T05:58:49.000000;2016-03-23T05:58:49.000000;a19144b3-9d2f-4b0d-a5d7-d5723e79bf35;417.55;1.2145;UNKNOWN
2016-03-23T05:59:00.000000;2016-03-23T05:59:00.000000;906c30f9-8076-41a8-ae29-f8cc8646826c;417.42;0.08699454;UNKNOWN
2016-03-23T05:59:04.000000;2016-03-23T05:59:04.000000;c83f410f-706b-4158-870f-e5767d7bb0b3;417.42;0.04628235;UNKNOWN
2016-03-23T05:59:07.000000;2016-03-23T05:59:07.000000;4bd2a982-b63f-4bb8-a4fc-0a936a3c4208;417.42;0.03287987;UNKNOWN
2016-03-23T05:59:09.000000;2016-03-23T05:59:09.000000;e43f03bb-7a7a-48d3-854d-3a439e7ca4be;417.42;0.06271267;UNKNOWN
2016-03-23T05:59:13.000000;2016-03-23T05:59:13.000000;d285b45c-e04c-4105-b3f1-476e731713cf;417.42;0.06796576;UNKNOWN
2016-03-23T05:59:18.000000;2016-03-23T05:59:18.000000;0c7117e9-6659-45df-a492-651477addb21;417.42;0.17036143;UNKNOWN
2016-03-23T05:59:21.000000;2016-03-23T05:59:21.000000;da3f72e8-5a86-422c-8f5a-beb27c59c20d;417.42;0.01325803;UNKNOWN
2016-03-23T05:59:24.000000;2016-03-23T05:59:24.000000;4ac4e4fb-d506-43ef-be8b-557df6a7fb1d;417.42;0.02891697;UNKNOWN
2016-03-23T05:59:28.000000;2016-03-23T05:59:28.000000;85c782a8-ab22-4cf3-90e5-019483d9b523;417.42;0.07531015;UNKNOWN
2016-03-23T05:59:32.000000;2016-03-23T05:59:32.000000;77c261c5-0a2e-47ff-a356-557707414b0a;417.42;0.04006372;UNKNOWN
2016-03-23T05:59:35.000000;2016-03-23T05:59:35.000000;2b522df4-f85e-4671-b2ed-2421e5f4944f;417.42;0.03607681;UNKNOWN
2016-03-23T05:59:38.000000;2016-03-23T05:59:38.000000;30ea7f81-6847-4a1b-b65c-8b16d2c23c45;417.42;0.0295646;UNKNOWN
2016-03-23T06:00:05.000000;2016-03-23T06:00:05.000000;c9371d39-70c8-49f0-a4a4-62f30995be30;417.42;0.4999998;UNKNOWN
2016-03-23T06:01:25.000000;2016-03-23T06:01:25.000000;b0ac6cff-83aa-4e8f-bfb9-e711e24238e1;417.42;0.10533301;UNKNOWN
2016-03-23T06:01:26.000000;2016-03-23T06:01:26.000000;359120eb-5132-493e-904d-cbed9a61a850;417.42;0.12463375;UNKNOWN
2016-03-23T06:01:28.000000;2016-03-23T06:01:28.000000;3db37dc0-7872-4f7e-b4b0-96435ea019da;417.42;0.01422599;UNKNOWN
2016-03-23T06:01:32.000000;2016-03-23T06:01:32.000000;78b7bbd0-d539-4c83-94f1-fc737638be01;417.42;0.05538041;UNKNOWN
2016-03-23T06:01:36.000000;2016-03-23T06:01:36.000000;56c494a2-1522-47b1-b5cf-6c70c2102566;417.42;0.14649043;UNKNOWN
2016-03-23T06:01:39.000000;2016-03-23T06:01:39.000000;d94432d9-c51f-48ff-af6e-88bf75847398;417.42;0.12617564;UNKNOWN
2016-03-23T06:01:43.000000;2016-03-23T06:01:43.000000;5361737d-4803-4f27-897a-91d205146165;417.42;0.08343988;UNKNOWN
2016-03-23T06:01:46.000000;2016-03-23T06:01:46.000000;5cd28d0e-b351-4bb8-a52d-4966667dab02;417.42;0.11239844;UNKNOWN
2016-03-23T06:01:49.000000;2016-03-23T06:01:49.000000;db699515-8ac6-4804-95d2-d05430ba26bb;417.42;0.15850819;UNKNOWN
2016-03-23T06:01:53.000000;2016-03-23T06:01:53.000000;f0cebdf1-c9c6-4e05-b850-c24caf1b254f;417.42;0.19491356;UNKNOWN
2016-03-23T06:02:09.000000;2016-03-23T06:02:09.000000;7654dc35-8527-4d5d-ab40-6d0af375f5ca;417.58;2.0042;UNKNOWN
2016-03-23T06:03:23.000000;2016-03-23T06:03:23.000000;b345c75c-bd34-48a0-9108-e422a8a36694;417.43;0.108;UNKNOWN
2016-03-23T06:03:34.000000;2016-03-23T06:03:34.000000;138fe8f0-43a3-4373-8470-9fabf4643bad;417.43;0.08949479;UNKNOWN
2016-03-23T06:03:37.000000;2016-03-23T06:03:37.000000;5d40b6a2-1779-4568-b76f-3249050caa9b;417.43;0.05879738;UNKNOWN
2016-03-23T06:03:40.000000;2016-03-23T06:03:40.000000;70d7a202-327c-469b-ae61-0d22617fd87f;417.43;0.02625411;UNKNOWN
2016-03-23T06:03:45.000000;2016-03-23T06:03:45.000000;a12eba97-2714-4da1-87c1-8a936e2a2b48;417.43;0.03588986;UNKNOWN
2016-03-23T06:03:47.000000;2016-03-23T06:03:47.000000;d69b6eb4-4032-4459-a70c-8fe7fadda53a;417.43;0.01171792;UNKNOWN
2016-03-23T06:03:49.000000;2016-03-23T06:03:49.000000;fa1ac8d3-de9a-455a-aa7a-a2961604fa30;417.44;0.14335325;UNKNOWN
2016-03-23T06:03:49.000000;2016-03-23T06:03:49.000000;2f317e7c-085f-4ede-a9ef-3af299ba5644;417.71;0.47580598;UNKNOWN
2016-03-23T06:03:49.000000;2016-03-23T06:03:49.000000;dbbeac9a-8af2-4b37-84c6-8f2924ec7230;417.44;0.05955345;UNKNOWN
2016-03-23T06:03:49.000000;2016-03-23T06:03:49.000000;cfd27f43-07fe-43d8-bb92-d353b3f34296;417.44;0.05955345;UNKNOWN
2016-03-23T06:03:49.000000;2016-03-23T06:03:49.000000;de129ba0-a395-4eec-929d-10d569f1a685;417.44;0.01333387;UNKNOWN
2016-03-23T06:03:51.000000;2016-03-23T06:03:51.000000;71635f40-f36e-4559-bb10-595db0d08c69;417.43;0.01009507;UNKNOWN
2016-03-23T06:03:56.000000;2016-03-23T06:03:56.000000;f4689b4a-4df0-4c16-b875-8caa0bf2f389;417.43;0.07789572;UNKNOWN
2016-03-23T06:04:00.000000;2016-03-23T06:04:00.000000;11480ab9-38de-430c-947c-0cab60dbf3e2;417.43;0.02648437;UNKNOWN
2016-03-23T06:04:05.000000;2016-03-23T06:04:05.000000;850aa952-c410-42de-a7d8-03eec4505020;417.43;0.16678395;UNKNOWN
2016-03-23T06:04:08.000000;2016-03-23T06:04:08.000000;0ca23d56-bb51-4fad-bd4d-7a9376e4aac9;417.43;0.01706352;UNKNOWN
2016-03-23T06:04:11.000000;2016-03-23T06:04:11.000000;9f9295c8-286e-4fc5-a457-8964df3fc01c;417.43;0.03110833;UNKNOWN
2016-03-23T06:04:14.000000;2016-03-23T06:04:14.000000;509d1148-e408-436f-8f15-e5da71c691cb;417.43;0.06959745;UNKNOWN
2016-03-23T06:04:18.000000;2016-03-23T06:04:18.000000;0f0fcc1f-9524-4762-a127-fed7000bf502;417.43;0.05377612;UNKNOWN
2016-03-23T06:05:06.000000;2016-03-23T06:05:06.000000;91e76217-f710-4a98-b5db-10c5b2fe8464;417.43;0.27445114;UNKNOWN
2016-03-23T06:06:05.000000;2016-03-23T06:06:05.000000;635d70d8-12f4-4165-ad88-cabaa822b458;417.43;0.04396965;UNKNOWN
2016-03-23T06:06:07.000000;2016-03-23T06:06:07.000000;1445225d-db7a-4973-aa64-1faec31547b1;417.58;0.04864935;UNKNOWN
2016-03-23T06:06:07.000000;2016-03-23T06:06:07.000000;9cdd0d1a-13b5-4039-9c18-264a915ccdd5;417.59;1.95135065;UNKNOWN
2016-03-23T06:06:10.000000;2016-03-23T06:06:10.000000;9146dbf7-f251-4078-9ec1-e2ebd3de78f0;417.45;0.064901;UNKNOWN
2016-03-23T06:06:12.000000;2016-03-23T06:06:12.000000;5203547c-edfc-4149-9c6a-82d6a8dbf12d;417.45;0.16599871;UNKNOWN
2016-03-23T06:06:30.000000;2016-03-23T06:06:30.000000;e3637205-eb7e-4b35-9cb4-dcb6c8d259b2;417.45;1.595;UNKNOWN
2016-03-23T06:07:12.000000;2016-03-23T06:07:12.000000;c57e506f-12a3-4292-9a63-0436459e8e6d;417.47;0.10176378;UNKNOWN
2016-03-23T06:07:16.000000;2016-03-23T06:07:16.000000;aafb8a4f-e2b5-4d66-9bd8-126fd8dfd3dc;417.47;0.10176378;UNKNOWN
2016-03-23T06:07:20.000000;2016-03-23T06:07:20.000000;3e5fdf0d-fca6-4a6b-b620-580b226c926c;417.47;0.10176378;UNKNOWN
2016-03-23T06:07:25.000000;2016-03-23T06:07:25.000000;53d752fc-c998-48a8-840b-d7fa867c24cc;417.47;0.10176378;UNKNOWN
2016-03-23T06:07:25.000000;2016-03-23T06:07:25.000000;3d7414f0-dd86-4fb8-9b2a-b093c63eb0bd;417.47;1.05389602;UNKNOWN
2016-03-23T06:07:29.000000;2016-03-23T06:07:29.000000;293e352a-3aab-4cb8-bccd-d1f0717a4dbb;417.48;0.10176378;UNKNOWN
2016-03-23T06:07:32.000000;2016-03-23T06:07:32.000000;1a793a68-ed78-4c27-9ed4-d7fd94e372f3;417.47;0.10176378;UNKNOWN
2016-03-23T06:07:36.000000;2016-03-23T06:07:36.000000;6f82989b-90dc-42b5-b502-b5ed863b666d;417.46;0.10127001;UNKNOWN
2016-03-23T06:07:39.000000;2016-03-23T06:07:39.000000;6e74287b-3812-4ded-9352-05a5c467ce7f;417.46;0.1012989;UNKNOWN
2016-03-23T06:07:43.000000;2016-03-23T06:07:43.000000;a8a85923-2a27-468e-9365-f9c728d75092;417.46;0.80351551;UNKNOWN
2016-03-23T06:07:45.000000;2016-03-23T06:07:45.000000;29da2215-12ab-4edf-97d1-afc597dc080b;417.43;0.96122854;UNKNOWN
2016-03-23T06:07:47.000000;2016-03-23T06:07:47.000000;9ea35f70-5a6d-447a-a1c3-018bd001c74d;417.43;0.96128629;UNKNOWN
2016-03-23T06:07:49.000000;2016-03-23T06:07:49.000000;b290e37b-84ef-4792-a2d8-0883b45f81f2;417.43;0.02640326;UNKNOWN
2016-03-23T06:07:49.000000;2016-03-23T06:07:49.000000;76d1f242-b1f1-4b14-9146-468a3f437ae6;417.43;0.10233844;UNKNOWN
2016-03-23T06:07:50.000000;2016-03-23T06:07:50.000000;50ebe192-36fa-4994-b32f-f93589738c5d;417.46;0.81696515;UNKNOWN
2016-03-23T06:07:50.000000;2016-03-23T06:07:50.000000;2147cd50-2cc8-4b7a-9b66-be84bf637ebe;417.46;0.1012989;UNKNOWN
2016-03-23T06:07:50.000000;2016-03-23T06:07:50.000000;63eb9831-043f-4c72-8395-b6348bd89f13;417.46;0.01583028;UNKNOWN
2016-03-23T06:07:53.000000;2016-03-23T06:07:53.000000;390432cb-1f44-42ac-9b02-7ef348658da9;417.46;0.10384184;UNKNOWN
2016-03-23T06:08:06.000000;2016-03-23T06:08:06.000000;d8e353d7-8fb8-4bc2-a048-170836d0bfba;417.46;0.01153802;UNKNOWN
2016-03-23T06:08:09.000000;2016-03-23T06:08:09.000000;953cb7b2-091a-434a-bb78-83b4139c8e71;417.46;0.01;UNKNOWN
2016-03-23T06:08:12.000000;2016-03-23T06:08:12.000000;6afece5b-9fde-4279-acd1-a319b538b9b2;417.46;0.04160089;UNKNOWN
2016-03-23T06:08:16.000000;2016-03-23T06:08:16.000000;9a837931-8432-48a8-b71c-d3d94a82cc9a;417.46;0.05250427;UNKNOWN
2016-03-23T06:08:20.000000;2016-03-23T06:08:20.000000;94eb8956-8877-4eda-bd10-5dd5a4773eda;417.46;0.01665853;UNKNOWN
2016-03-23T06:08:23.000000;2016-03-23T06:08:23.000000;260bdedc-5f2b-404e-baa0-f29314f8f10f;417.46;0.0167796;UNKNOWN
2016-03-23T06:08:26.000000;2016-03-23T06:08:26.000000;ce1bc3da-7ce6-476e-82aa-d6bd02ae95bd;417.46;0.02432656;UNKNOWN
2016-03-23T06:08:30.000000;2016-03-23T06:08:30.000000;75f0232a-1dca-4377-93a4-d1ca4c3179f9;417.46;0.17516804;UNKNOWN
2016-03-23T06:08:33.000000;2016-03-23T06:08:33.000000;42cc2674-35ea-4aaa-9a6d-3cdb03b638b2;417.46;0.03285335;UNKNOWN
2016-03-23T06:08:36.000000;2016-03-23T06:08:36.000000;697805a6-ea2e-4f93-9d3e-903dd86ca9ea;417.46;0.19283372;UNKNOWN
2016-03-23T06:08:40.000000;2016-03-23T06:08:40.000000;d665879d-a971-45c8-98c3-f1cb18a5e25b;417.46;0.6588524;UNKNOWN
2016-03-23T06:08:52.000000;2016-03-23T06:08:52.000000;a36771dd-7c0b-4979-9a1e-dc75f6636762;417.46;0.0288368;UNKNOWN
2016-03-23T06:09:49.000000;2016-03-23T06:09:49.000000;05be8d78-3c14-4383-b1c2-3e8909bc9329;417.58;0.05955345;UNKNOWN
2016-03-23T06:09:57.000000;2016-03-23T06:09:57.000000;13919608-ea1d-4007-9a75-6e82ff5b3f81;417.48;0.02717075;UNKNOWN
2016-03-23T06:09:59.000000;2016-03-23T06:09:59.000000;fbe8aa3d-d870-4f69-ba28-aff87c5c85eb;417.48;0.14580806;UNKNOWN
2016-03-23T06:10:03.000000;2016-03-23T06:10:03.000000;44822c82-a6bc-445f-8530-74c9a432214e;417.48;0.07129702;UNKNOWN
2016-03-23T06:10:08.000000;2016-03-23T06:10:08.000000;67dca022-f599-43e1-8ff8-73ed38c81320;417.48;0.02604616;UNKNOWN
2016-03-23T06:10:11.000000;2016-03-23T06:10:11.000000;47497419-6f2e-42dd-83f1-7ca1db06c34d;417.48;0.17392044;UNKNOWN
2016-03-23T06:10:41.000000;2016-03-23T06:10:41.000000;13ed80cd-def5-4917-a784-348f693544ba;417.62;0.07310396;UNKNOWN
2016-03-23T06:10:41.000000;2016-03-23T06:10:41.000000;25ea4469-1e7f-40e7-972e-9effd2e55e55;417.6;0.03018135;UNKNOWN
2016-03-23T06:11:27.000000;2016-03-23T06:11:27.000000;8081773c-d0c3-4874-bb4f-b64474d766d9;417.61;0.08121502;UNKNOWN
2016-03-23T06:11:33.000000;2016-03-23T06:11:33.000000;1679aee7-032b-4b2c-93bf-c2ab0ddcc4b2;417.61;0.1211511;UNKNOWN
2016-03-23T06:11:38.000000;2016-03-23T06:11:38.000000;22cbc155-0cbe-4d30-978c-cd947a34213b;417.61;0.08427963;UNKNOWN
