time_exchange;time_coinpai;guid;price;base_amount;taker_side
2016-03-23T00:01:01.027000;2016-03-23T00:01:01.070000;35be40dd-349b-4064-973f-a03bc625f4fa;416.66;0.13954;BUY
2016-03-23T00:01:30.810000;2016-03-23T00:01:30.850000;e9f1adb0-52fe-4f13-80d6-1f9db9e9b883;416.64;0.14552;SELL
2016-03-23T00:01:55.530000;2016-03-23T00:01:55.570000;5675fd2f-f77e-42a4-9321-b9100d6b7803;416.66;0.0002532;BUY
2016-03-23T00:02:00.853000;2016-03-23T00:02:00.897000;9ac1302c-2c51-4f7b-a13a-eb3371135ac1;416.66;0.01375038;BUY
2016-03-23T00:02:00.853000;2016-03-23T00:02:00.913000;634dd256-221f-4c68-9c5b-abd20b4667f5;416.66;0.25;BUY
2016-03-23T00:02:00.853000;2016-03-23T00:02:00.913000;cc07d8c8-0612-4dee-8477-86da2744ad74;416.67;0.01;BUY
2016-03-23T00:02:00.853000;2016-03-23T00:02:00.943000;63f4e40f-7690-4aa1-9e7f-eee39895df79;416.67;0.25;BUY
2016-03-23T00:02:00.857000;2016-03-23T00:02:00.943000;3d333e12-477c-4413-878a-100614b8308d;416.67;0.02;BUY
2016-03-23T00:02:00.857000;2016-03-23T00:02:00.943000;7b4d6786-283f-4643-adec-048f867824cb;416.67;0.05030962;BUY
2016-03-23T00:02:26.783000;2016-03-23T00:02:26.820000;af22e402-cf6d-4777-b0c0-2a46bd347681;416.66;0.01;SELL
2016-03-23T00:03:08.893000;2016-03-23T00:03:08.927000;0258f74f-bb1a-4f8f-9d36-97a5e45c2156;416.66;0.86326;SELL
2016-03-23T00:03:30.927000;2016-03-23T00:03:30.960000;079c558d-3cf7-4ad8-b52c-20d3b4e32ba1;416.67;0.01033;BUY
2016-03-23T00:04:00.920000;2016-03-23T00:04:00.960000;c10821e4-83b2-4fbc-a085-64a39f1ff3d1;416.67;0.42714;BUY
2016-03-23T00:04:07.627000;2016-03-23T00:04:07.677000;c132883c-021a-40ac-af95-9487267244fc;416.67;0.0228;BUY
2016-03-23T00:04:13.950000;2016-03-23T00:04:13.990000;63901c7c-89e9-441e-8a2a-d00f5a3f40a0;416.67;3.0;BUY
2016-03-23T00:04:31.040000;2016-03-23T00:04:31.070000;dd53de48-39aa-4e66-8bf1-abb5514bee77;416.66;0.14975;SELL
2016-03-23T00:05:01.033000;2016-03-23T00:05:01.070000;22ff5136-98a5-4e07-86dc-d6c823624e9f;416.67;0.28514;BUY
2016-03-23T00:05:31.030000;2016-03-23T00:05:31.070000;cd54e306-33d4-4987-8f8b-55a5a5c6446d;416.67;0.96296;BUY
2016-03-23T00:06:02.183000;2016-03-23T00:06:02.210000;9edfc269-fc03-47dc-9c47-1e151c6d730f;416.66;2.01048;SELL
2016-03-23T00:06:30.883000;2016-03-23T00:06:30.930000;f66ec307-3750-4f6c-bd67-40f416552a88;416.67;1.11762;BUY
2016-03-23T00:07:05.143000;2016-03-23T00:07:05.180000;5ee5593c-e696-4d43-9595-b64a2ff03c50;416.66;0.87536;SELL
2016-03-23T00:07:30.893000;2016-03-23T00:07:30.930000;36d7533c-fe1b-405f-8cce-a81daaa50482;416.67;0.49661;BUY
2016-03-23T00:08:00.890000;2016-03-23T00:08:00.913000;e36e6270-51a0-4b2c-96bb-c6be6a84bd76;416.67;1.02844;BUY
2016-03-23T00:08:30.903000;2016-03-23T00:08:30.930000;c12554d6-4fe6-46ab-abcb-94a606e83e0c;416.67;2.61754;BUY
2016-03-23T00:09:00.860000;2016-03-23T00:09:00.880000;6571e6b6-63b1-41bc-abaa-fb9260e75ef3;416.67;1.5975;BUY
2016-03-23T00:09:30.833000;2016-03-23T00:09:30.850000;bd872e37-ba98-4a60-bfcd-cbcfcbd0732c;416.67;2.88821;BUY
2016-03-23T00:10:01.023000;2016-03-23T00:10:01.037000;7bc92697-1dbd-4434-a62d-f2171ac6e729;416.67;0.95719;BUY
2016-03-23T00:10:32.067000;2016-03-23T00:10:32.083000;4a20e472-408e-4ffb-b329-d4c4c2d6d185;416.66;0.2;SELL
2016-03-23T00:10:32.067000;2016-03-23T00:10:32.100000;22bc3b7d-b8fc-442d-9d8d-c2c5495a14be;416.66;0.03437;SELL
2016-03-23T00:11:01.440000;2016-03-23T00:11:01.460000;43c11655-e585-4ea9-aab3-30dd2ad4db67;416.66;0.8797;SELL
2016-03-23T00:11:30.863000;2016-03-23T00:11:30.883000;f7291c10-0c69-4c93-ab7b-168234324422;416.66;0.02363;SELL
2016-03-23T00:12:00.907000;2016-03-23T00:12:00.930000;e6980331-a1bf-4228-a31b-da33f8b40ed8;416.66;0.20716;SELL
2016-03-23T00:12:30.963000;2016-03-23T00:12:31.000000;ce095a6b-4b82-4609-af9a-fc80f4954dc0;416.66;0.01466;SELL
2016-03-23T00:12:52.420000;2016-03-23T00:12:52.470000;89fb50ef-7772-40ac-a18a-f46e5f8a530d;416.66;7.66048;SELL
2016-03-23T00:12:52.420000;2016-03-23T00:12:52.487000;3481a8f4-598c-4609-8a9a-272230d8e02e;416.66;2.33952;SELL
2016-03-23T00:13:01.010000;2016-03-23T00:13:01.047000;494f4536-8fbb-4235-b9ca-0b6d0d1e2fc2;416.67;0.16318;BUY
2016-03-23T00:14:00.963000;2016-03-23T00:14:01.000000;a79fd77c-ec1a-4a6a-8555-b19ab5a1b27f;416.67;0.23762;BUY
2016-03-23T00:14:30.977000;2016-03-23T00:14:31.017000;b95e0b53-5679-4f30-910d-940b1b7ffa56;416.67;0.55552;BUY
2016-03-23T00:15:31.057000;2016-03-23T00:15:31.093000;aac77f4d-46fa-4cd5-bc1d-606fc4db9db7;416.67;0.20559;BUY
2016-03-23T00:16:00.980000;2016-03-23T00:16:01.017000;10abb35e-3bcd-4ac3-b9df-4f8d43a2b368;416.67;0.41418;BUY
2016-03-23T00:17:01.653000;2016-03-23T00:17:01.690000;36ed7e26-0ebc-48e4-a984-1b62dea0200c;416.66;0.12057;SELL
2016-03-23T00:17:32.240000;2016-03-23T00:17:32.267000;eaf2c373-3497-417b-8e6a-d1781dede8ff;416.67;0.0594;BUY
2016-03-23T00:18:01.077000;2016-03-23T00:18:01.110000;a1cc8cd8-df4d-4293-b22e-790be50e0668;416.67;0.3835;BUY
2016-03-23T00:18:37.607000;2016-03-23T00:18:37.627000;15201eb4-533f-4833-b149-e55501e76ad8;416.66;2.92337;SELL
2016-03-23T00:19:03.980000;2016-03-23T00:19:04.000000;8a207e4b-562f-47c2-91ce-595622410551;416.67;0.04752;BUY
2016-03-23T00:20:01.157000;2016-03-23T00:20:01.173000;2e634f3f-9128-481d-885c-7e1372fa6190;416.67;0.16634;BUY
2016-03-23T00:21:01.060000;2016-03-23T00:21:01.080000;d8bc7ac5-ec12-4a34-abdc-44b89f481e72;416.66;4.61654;SELL
2016-03-23T00:21:01.060000;2016-03-23T00:21:01.097000;7ddec291-215b-4beb-84ef-a6ceb79ed074;416.66;2.19635;SELL
2016-03-23T00:21:31.227000;2016-03-23T00:21:31.237000;7bc530e8-632c-46ad-9e53-5b3676d6c36e;416.67;0.18996;BUY
2016-03-23T00:22:01.097000;2016-03-23T00:22:01.110000;68892349-8ee6-422c-84ab-e24012e46cfd;416.67;1.8109;BUY
2016-03-23T00:22:22.883000;2016-03-23T00:22:22.893000;e64ae066-69d2-420a-a76a-e07a80db22b0;416.66;0.03233056;SELL
2016-03-23T00:22:22.890000;2016-03-23T00:22:22.907000;f950dfca-e71a-4b02-bbed-11a539a98201;416.66;0.0334;SELL
2016-03-23T00:22:22.893000;2016-03-23T00:22:22.940000;cda6a456-205c-4802-8562-ff4f67a7e43e;416.66;0.04615;SELL
2016-03-23T00:22:22.903000;2016-03-23T00:22:22.940000;51d52b42-dc1a-4245-b62f-377966f07be4;416.66;0.70588;SELL
2016-03-23T00:22:22.913000;2016-03-23T00:22:22.953000;9eddaf42-7962-473e-a110-ed9e0b18cd21;416.66;0.01582182;SELL
2016-03-23T00:22:22.947000;2016-03-23T00:22:22.987000;23640b07-0b61-466f-960c-9774cb06e85f;416.66;0.02641762;SELL
2016-03-23T00:22:31.063000;2016-03-23T00:22:31.080000;01ee8b1f-2105-48cc-a093-a6b9f2b7a4fc;416.67;0.15567;BUY
2016-03-23T00:23:01.010000;2016-03-23T00:23:01.063000;748bea3d-5412-4842-a1d6-6beab1a969c5;416.66;0.01594;SELL
2016-03-23T00:23:31.170000;2016-03-23T00:23:31.190000;8adfa09f-ece4-44ab-a653-ff3ca2e83608;416.67;0.27326;BUY
2016-03-23T00:24:31.010000;2016-03-23T00:24:31.017000;0071beb0-82c5-4923-963b-8aebe1ea135a;416.67;0.07346;BUY
2016-03-23T00:25:02.333000;2016-03-23T00:25:02.347000;7c16f9be-7315-4031-944a-5dae187f2ab5;416.67;0.04;BUY
2016-03-23T00:25:31.263000;2016-03-23T00:25:31.267000;a40a4c0a-41a7-4675-b030-bdfb923beb47;416.66;0.75731;SELL
2016-03-23T00:26:01.450000;2016-03-23T00:26:01.453000;4e7b2c51-ac2b-44bd-879f-2c3df14042df;416.66;0.18275;SELL
2016-03-23T00:26:31.073000;2016-03-23T00:26:31.080000;042986ce-59cc-4ac9-a33d-e740ac62c09b;416.67;0.39915;BUY
2016-03-23T00:26:38.917000;2016-03-23T00:26:38.923000;005e41b0-994c-4a10-803a-bf20fc86b56d;416.66;0.00411777;BUY
2016-03-23T00:27:02.000000;2016-03-23T00:27:02.000000;f84468b0-ac48-4127-8733-6a047c177760;416.66;1.14588223;BUY
2016-03-23T00:27:02.000000;2016-03-23T00:27:02.017000;b4641405-ece0-4f0a-ba0e-d9722cf03d64;416.67;2.23033777;BUY
2016-03-23T00:27:11.903000;2016-03-23T00:27:11.907000;ca971e96-9723-4691-a7ca-1e4472a3353b;416.67;1.72;BUY
2016-03-23T00:27:36.520000;2016-03-23T00:27:36.517000;b314d130-3344-409f-a5c7-ebe78a908b56;416.55;0.25;SELL
2016-03-23T00:27:36.520000;2016-03-23T00:27:36.533000;17767971-56eb-4547-90a5-5e00152ba0be;416.55;0.23402;SELL
2016-03-23T00:28:01.187000;2016-03-23T00:28:01.243000;4ca891a4-d3c1-49b6-8784-6484dc3a2e00;416.67;0.89106;BUY
2016-03-23T00:28:31.093000;2016-03-23T00:28:31.150000;ac84f6cc-43d4-4621-94b5-48ba5cb13b7e;416.67;0.69613;BUY
2016-03-23T00:29:01.033000;2016-03-23T00:29:01.087000;84059e96-0dd9-4c3c-9c8b-6d83211169d4;416.67;0.35858;BUY
2016-03-23T00:29:31.023000;2016-03-23T00:29:31.073000;44809460-461e-46ea-b40f-a5407224428a;416.67;0.78283;BUY
2016-03-23T00:30:02.327000;2016-03-23T00:30:02.387000;92ecdbb8-c476-4a61-adae-6c7890c0e63a;416.65;0.11081;BUY
2016-03-23T00:30:33.160000;2016-03-23T00:30:33.213000;cbde296c-1c99-429d-83f8-6ea721b3dab7;416.65;0.58772;BUY
2016-03-23T00:30:44.073000;2016-03-23T00:30:44.120000;469c0796-12fe-4654-9c90-e4ef5ca7c165;416.65;0.0275;BUY
2016-03-23T00:31:01.117000;2016-03-23T00:31:01.167000;e67fd2a1-af25-4586-834d-7e34fa8208cb;416.65;1.38;BUY
2016-03-23T00:31:01.117000;2016-03-23T00:31:01.183000;18e807f3-1456-42b9-8a61-4d113ef86466;416.66;0.03381;BUY
2016-03-23T00:31:31.110000;2016-03-23T00:31:31.167000;1c65fa5b-e024-4909-a6c1-c720c8acda14;416.6;0.15095;BUY
2016-03-23T00:32:01.187000;2016-03-23T00:32:01.230000;7dde09a4-865d-430f-87b1-8a1055df2cad;416.64;0.12666;BUY
2016-03-23T00:32:31.073000;2016-03-23T00:32:31.120000;d2249bef-a141-4119-a58a-01e1ffe8d086;416.56;0.01;BUY
2016-03-23T00:32:31.073000;2016-03-23T00:32:31.150000;d7dc9f88-088e-4b0d-81fb-a680f4aedd1d;416.66;0.05;BUY
2016-03-23T00:32:31.073000;2016-03-23T00:32:31.150000;f821b81f-634d-4b62-9f66-6f8f7b1a51d9;416.66;0.05;BUY
2016-03-23T00:32:31.073000;2016-03-23T00:32:31.150000;214d613c-a885-41f4-9816-fad7c1bb9fe2;416.67;1.41743;BUY
2016-03-23T00:33:02.050000;2016-03-23T00:33:02.103000;03e88c46-8976-4d51-9836-f2ace0fcec1f;416.6;0.0115;SELL
2016-03-23T00:33:02.050000;2016-03-23T00:33:02.103000;26b43f48-80b6-40fa-917d-6cdf166286fa;416.6;0.1;SELL
2016-03-23T00:33:02.050000;2016-03-23T00:33:02.137000;39231a56-5fa2-4df8-9030-51d2f7795db2;416.56;0.50488;SELL
2016-03-23T00:33:31.090000;2016-03-23T00:33:31.137000;ca65e6a6-ab75-4f32-873c-83fb5779f879;416.67;0.0594;BUY
2016-03-23T00:34:04.367000;2016-03-23T00:34:04.400000;cc6c1e71-3dc5-4fff-908c-e8603d2dd433;416.66;0.01071;SELL
2016-03-23T00:34:04.367000;2016-03-23T00:34:04.433000;b857f640-d8e7-4f90-8fe2-00ed35a209c7;416.58;0.00449;SELL
2016-03-23T00:34:31.520000;2016-03-23T00:34:31.557000;bd61372f-3224-4cc3-b866-3b6e33e5cf44;416.56;0.34794;SELL
2016-03-23T00:34:54.850000;2016-03-23T00:34:54.887000;956d9a46-70d5-4ba9-89a7-50c44bf8091a;416.67;0.36;BUY
2016-03-23T00:35:01.377000;2016-03-23T00:35:01.417000;c8f39e64-1445-4cc3-a1cb-984485913ac6;416.67;0.05349;BUY
2016-03-23T00:35:31.117000;2016-03-23T00:35:31.150000;9e895919-ceb5-415c-825b-6df71b4cb476;416.56;0.52756;SELL
2016-03-23T00:36:01.120000;2016-03-23T00:36:01.150000;9d13991e-c641-46bf-bfc4-afcf04b7a37e;416.66;0.283;BUY
2016-03-23T00:36:01.120000;2016-03-23T00:36:01.167000;ef18c27a-63b4-46f9-ab3f-ea8e7172c34b;416.67;0.92179;BUY
2016-03-23T00:36:31.427000;2016-03-23T00:36:31.463000;9b9d4b4d-93ab-4bf1-abe4-082efd241041;416.58;0.357;SELL
2016-03-23T00:36:31.427000;2016-03-23T00:36:31.480000;8356ce51-8cd9-4108-ac06-d3ce0e72f962;416.58;0.15;SELL
2016-03-23T00:36:31.427000;2016-03-23T00:36:31.480000;9f817472-e031-43b3-aaf9-6ab95e5035a5;416.58;0.83575;SELL
2016-03-23T00:37:01.277000;2016-03-23T00:37:01.323000;89cb92f2-f42e-41ac-90ad-f93b0ce89061;416.59;0.03096;SELL
2016-03-23T00:37:31.197000;2016-03-23T00:37:31.243000;986eaa09-ff47-4ef3-809e-e88d7fbb82da;416.67;0.11091;BUY
2016-03-23T00:38:01.320000;2016-03-23T00:38:01.353000;33382712-ca2c-4ee5-b4e6-696f3c89a36b;416.6;0.05;SELL
2016-03-23T00:38:01.320000;2016-03-23T00:38:01.370000;f5df007b-90fa-477e-8fab-6260f0e2a9cf;416.6;0.095;SELL
2016-03-23T00:38:01.320000;2016-03-23T00:38:01.387000;26bef7bb-f0e7-4afc-a7ef-b83a02cb5605;416.59;0.01904;SELL
2016-03-23T00:38:01.320000;2016-03-23T00:38:01.387000;0f565f99-90e2-4d9d-9a6e-c14a09735af7;416.58;0.15;SELL
2016-03-23T00:38:01.320000;2016-03-23T00:38:01.387000;b912b223-a629-463b-b8b3-fcb7917d0993;416.55;0.01598;SELL
2016-03-23T00:38:01.320000;2016-03-23T00:38:01.387000;1ee0f381-a2ec-4680-b68d-1a6d09605065;416.55;0.22373;SELL
2016-03-23T00:38:31.147000;2016-03-23T00:38:31.183000;48318ebf-44f7-4872-b77b-3f404b39a76d;416.67;0.53074;BUY
2016-03-23T00:39:01.353000;2016-03-23T00:39:01.387000;97e50b9c-cb14-4d1e-b7d1-d2460aac9a85;416.67;0.27192;BUY
2016-03-23T00:39:31.090000;2016-03-23T00:39:31.120000;e1357b56-a22b-431a-b28a-9e9478443179;416.67;9.02964;BUY
2016-03-23T00:40:19.753000;2016-03-23T00:40:19.793000;7a43e92c-a8e6-4cc9-a797-06afca3ef96c;416.65;0.01;BUY
2016-03-23T00:40:19.753000;2016-03-23T00:40:19.793000;55e9d857-1281-4d4f-b304-3cc485186539;416.66;0.025;BUY
2016-03-23T00:40:19.757000;2016-03-23T00:40:19.807000;74a0feea-2138-4da9-a9e3-bab894184aa1;416.66;0.065;BUY
2016-03-23T00:40:19.780000;2016-03-23T00:40:19.823000;43bb69aa-96dd-475f-b6e9-c86732fabefd;416.66;0.0164;BUY
2016-03-23T00:40:31.100000;2016-03-23T00:40:31.120000;f10a045b-fbf9-40a3-99a6-cc449096b27b;416.66;0.15535;BUY
2016-03-23T00:41:01.233000;2016-03-23T00:41:01.260000;530c2c75-d9f3-42fe-8b3b-cc46722b86cb;416.55;0.02627;SELL
2016-03-23T00:41:01.233000;2016-03-23T00:41:01.277000;59076965-7ab3-44bb-9394-6763a3971b1c;416.55;0.25;SELL
2016-03-23T00:41:01.233000;2016-03-23T00:41:01.293000;94a93eea-d8db-438d-a6b6-134c4f353bf0;416.55;0.249;SELL
2016-03-23T00:41:01.233000;2016-03-23T00:41:01.293000;a65b83f5-b026-430f-9c0d-df8fdfe08e64;416.55;0.249;SELL
2016-03-23T00:41:01.233000;2016-03-23T00:41:01.293000;7ec597cc-facd-479a-9865-46f77878f1a1;416.55;0.05;SELL
2016-03-23T00:41:01.233000;2016-03-23T00:41:01.293000;87147b70-359e-4220-8f93-1fc771f932f1;416.55;0.05;SELL
2016-03-23T00:41:01.233000;2016-03-23T00:41:01.293000;3fd550e0-9929-4c1e-98f3-96a960ade507;416.55;4.13717;SELL
2016-03-23T00:41:31.190000;2016-03-23T00:41:31.213000;1533c9d8-fa14-4533-a8b8-19678a40ebce;416.65;0.3;BUY
2016-03-23T00:41:31.190000;2016-03-23T00:41:31.230000;ad749adb-c718-42fc-bb44-85abd8440b61;416.66;2.31391;BUY
2016-03-23T00:42:34.383000;2016-03-23T00:42:34.400000;da974387-65a6-4bb6-83a6-6319254434bd;416.65;0.273;BUY
2016-03-23T00:42:34.383000;2016-03-23T00:42:34.417000;b5870558-c690-4311-b744-d1f567e34220;416.66;0.04061;BUY
2016-03-23T00:43:01.177000;2016-03-23T00:43:01.220000;f3073fbb-4696-473a-932c-ea7a5ac297d0;416.66;0.02;BUY
2016-03-23T00:43:01.177000;2016-03-23T00:43:01.237000;e2b91dbb-f874-4e0b-999c-2f6526100436;416.66;0.267;BUY
2016-03-23T00:43:01.177000;2016-03-23T00:43:01.237000;4cdb88d2-d49c-42bf-a462-baee7c3ac07b;416.67;3.429;BUY
2016-03-23T00:43:32.583000;2016-03-23T00:43:32.627000;9c3b018e-073d-428a-abc9-152ff8cd1bab;416.66;0.02;BUY
2016-03-23T00:43:32.583000;2016-03-23T00:43:32.643000;38c20e18-d0a7-4f85-8f93-ba29563bdf37;416.66;0.26;BUY
2016-03-23T00:43:32.583000;2016-03-23T00:43:32.643000;f62c6428-6faa-4b46-ac44-a7142759ba96;416.67;0.95563;BUY
2016-03-23T00:44:01.097000;2016-03-23T00:44:01.143000;5a4a5746-2e7c-4276-98cd-020a021d0ad4;416.67;0.29651;BUY
2016-03-23T00:44:31.070000;2016-03-23T00:44:31.127000;915dd18a-e9e1-4c5a-bac9-97514c1a4260;416.66;2.86365;BUY
2016-03-23T00:45:04.127000;2016-03-23T00:45:04.160000;ca4a1515-3922-4a78-8abe-7ee30f2030c9;416.65;0.06652407;BUY
2016-03-23T00:45:04.127000;2016-03-23T00:45:04.190000;bc095137-f544-4d0d-af6c-e510b768fa84;416.65;0.15;BUY
2016-03-23T00:45:04.127000;2016-03-23T00:45:04.190000;57d78f5b-b130-4525-abcc-46322be7b650;416.67;0.02110593;BUY
2016-03-23T00:45:31.103000;2016-03-23T00:45:31.143000;e2edd4a1-1e59-4b02-9bc4-310ab1853d13;416.67;2.52634349;BUY
2016-03-23T00:45:31.103000;2016-03-23T00:45:31.160000;a491308d-1303-4095-9ba4-3a4f021a50cc;416.67;0.83728651;BUY
2016-03-23T00:46:01.093000;2016-03-23T00:46:01.127000;38596901-e098-4aaa-ae97-19dc8c8364c6;416.67;0.21184;BUY
2016-03-23T00:47:01.447000;2016-03-23T00:47:01.470000;bfc2738f-d131-4684-8109-517b0fac479d;416.67;1.72038;BUY
2016-03-23T00:47:28.563000;2016-03-23T00:47:28.597000;349d1762-c50c-4818-a644-5aca378baa45;416.56;0.01753045;SELL
2016-03-23T00:47:31.163000;2016-03-23T00:47:31.190000;954e797a-4328-4d26-a1fb-36d852fee0f9;416.67;0.35642;BUY
2016-03-23T00:47:33.233000;2016-03-23T00:47:33.267000;00a1bd4f-448b-44cc-a705-3f74551246b9;416.67;0.03;BUY
2016-03-23T00:48:01.340000;2016-03-23T00:48:01.377000;5a1f5a53-9f9f-4b15-ab90-67dcb41338fc;416.56;0.399;SELL
2016-03-23T00:48:01.340000;2016-03-23T00:48:01.393000;f913eb08-4668-4032-9a20-5cc4c86684a9;416.56;2.44;SELL
2016-03-23T00:48:01.340000;2016-03-23T00:48:01.393000;a8911ec2-366f-4df2-a242-e2a0a40ac0ea;416.55;0.25;SELL
2016-03-23T00:48:01.340000;2016-03-23T00:48:01.393000;41696077-399f-42d6-b29d-6c42fc85f47c;416.55;8.93;SELL
2016-03-23T00:48:01.340000;2016-03-23T00:48:01.410000;992f6e7d-dc28-4380-b24b-6d74d32d75b2;416.55;0.8;SELL
2016-03-23T00:48:01.340000;2016-03-23T00:48:01.410000;6726def5-949d-4c67-8c27-482c84757e8f;416.55;0.25;SELL
2016-03-23T00:48:01.340000;2016-03-23T00:48:01.410000;91eaef3e-32b2-47b6-903d-eb8d74fa40cc;416.54;0.25;SELL
2016-03-23T00:48:01.340000;2016-03-23T00:48:01.410000;f329b0c1-d827-460a-97d9-0578b8954d18;416.54;0.25;SELL
2016-03-23T00:48:01.340000;2016-03-23T00:48:01.440000;44c0bc8c-e20d-4dc9-ad47-bcf36266c6f1;416.54;0.25;SELL
2016-03-23T00:48:01.340000;2016-03-23T00:48:01.457000;f72db94d-5e6a-426f-b3bd-761fb46615fa;416.54;0.249;SELL
2016-03-23T00:48:01.340000;2016-03-23T00:48:01.457000;2340b6b8-2e70-4469-8ab0-575447819409;416.54;0.15;SELL
2016-03-23T00:48:01.340000;2016-03-23T00:48:01.470000;c7e9a64c-0ad8-4801-8ce2-d9b567e8e3e3;416.54;0.25;SELL
2016-03-23T00:48:01.340000;2016-03-23T00:48:01.470000;b6997107-fb1d-477b-8cb7-1e72fd3eee2c;416.53;0.25;SELL
2016-03-23T00:48:01.340000;2016-03-23T00:48:01.470000;77e5f6d2-f72c-42e8-9a87-d78c991459ac;416.53;7.18957;SELL
2016-03-23T00:48:01.340000;2016-03-23T00:48:01.470000;82897895-cef2-404e-ae8d-710378792aa4;416.52;0.01;SELL
2016-03-23T00:48:01.340000;2016-03-23T00:48:01.470000;5e1b3163-ec47-407f-a1d1-31dbc62a39be;416.51;0.425;SELL
2016-03-23T00:48:01.340000;2016-03-23T00:48:01.503000;207ec51f-2c22-4b87-90e6-b905e015e03f;416.5;0.4;SELL
2016-03-23T00:48:01.340000;2016-03-23T00:48:01.503000;95e7cb43-a945-40ca-aeab-7da322ac454d;416.5;0.0115;SELL
2016-03-23T00:48:01.340000;2016-03-23T00:48:01.503000;130034ac-5ca7-4380-a351-1bc456cf74ea;416.5;0.02;SELL
2016-03-23T00:48:01.340000;2016-03-23T00:48:01.503000;3721bfa4-4d48-46b1-92f2-da17eb5306e7;416.47;0.248;SELL
2016-03-23T00:48:01.343000;2016-03-23T00:48:01.503000;33f0ef16-8ded-4b1f-951a-42963381e19d;416.46;0.386;SELL
2016-03-23T00:48:01.343000;2016-03-23T00:48:01.503000;5e66622a-5f02-4b33-9539-8a573aeea359;416.45;0.25;SELL
2016-03-23T00:48:01.343000;2016-03-23T00:48:01.503000;9eb7df77-af0d-4b87-bad1-83e6ed6293ce;416.45;0.25;SELL
2016-03-23T00:48:01.343000;2016-03-23T00:48:01.503000;a247f414-2619-4988-ba34-39857b354a2a;416.45;0.25;SELL
2016-03-23T00:48:01.343000;2016-03-23T00:48:01.503000;18d964c1-d2f9-408c-aeca-c29f30fc8518;416.45;0.25;SELL
2016-03-23T00:48:01.343000;2016-03-23T00:48:01.503000;bfab6cc8-af95-4d05-b31d-7deb14d63db0;416.43;0.25;SELL
2016-03-23T00:48:01.343000;2016-03-23T00:48:01.517000;8924826f-726b-41ae-8736-0020fc302b76;416.42;0.25;SELL
2016-03-23T00:48:01.343000;2016-03-23T00:48:01.517000;a614dcf4-1745-4ec7-8f78-9dc3b5745d3a;416.41;0.407;SELL
2016-03-23T00:48:01.343000;2016-03-23T00:48:01.517000;89a962da-e0ca-466a-8ac9-271769f40265;416.38;0.25;SELL
2016-03-23T00:48:01.343000;2016-03-23T00:48:01.517000;01f4df58-ff44-4845-b9e9-354408b43da7;416.38;0.25;SELL
2016-03-23T00:48:01.343000;2016-03-23T00:48:01.517000;2696c140-42d5-4676-aefd-b950405d75e1;416.36;0.411;SELL
2016-03-23T00:48:01.343000;2016-03-23T00:48:01.517000;b765e46d-ae8a-43a3-bd3f-64c06af8cea7;416.35;0.01;SELL
2016-03-23T00:48:01.343000;2016-03-23T00:48:01.517000;3d85b70d-1def-455b-87ab-f61c84489667;416.31;0.377;SELL
2016-03-23T00:48:01.343000;2016-03-23T00:48:01.517000;cbf50741-4a20-4f75-acd5-4f26d533ac70;416.26;0.37;SELL
2016-03-23T00:48:01.343000;2016-03-23T00:48:01.517000;abd3aea4-d7c4-4ab8-b92c-4ac6a033e56b;416.21;0.365;SELL
2016-03-23T00:48:01.343000;2016-03-23T00:48:01.517000;6de6d078-7125-425f-8660-164217dcc6d4;416.16;0.367;SELL
2016-03-23T00:48:01.343000;2016-03-23T00:48:01.517000;60a1dea9-74a9-44e1-90d7-45820e9a9da8;416.15;0.5;SELL
2016-03-23T00:48:01.343000;2016-03-23T00:48:01.517000;a3cf366c-bcdd-4ea5-ab34-7f25bcdcd4c8;416.14;4.0;SELL
2016-03-23T00:48:01.343000;2016-03-23T00:48:01.517000;a8eaf2d0-e1de-453e-8de0-e739243f215d;416.13;16.55;SELL
2016-03-23T00:48:01.343000;2016-03-23T00:48:01.517000;a51f1244-8f9a-419f-8ebe-24488e5f5c1c;416.11;0.356;SELL
2016-03-23T00:48:01.343000;2016-03-23T00:48:01.563000;dbe2db24-5c6b-4f7d-94e9-062b79a8918a;416.1;0.01;SELL
2016-03-23T00:48:01.343000;2016-03-23T00:48:01.580000;2e2f78b2-91e8-4fbc-b087-988bc55c8bd0;416.09;0.25;SELL
2016-03-23T00:48:01.347000;2016-03-23T00:48:01.580000;4a8d7340-1a26-40da-98d0-5e94b6b54cd4;416.08;0.01;SELL
2016-03-23T00:48:01.347000;2016-03-23T00:48:01.580000;d0762b8e-f448-4abb-adf1-83b3cfd25be8;416.06;0.36;SELL
2016-03-23T00:48:01.347000;2016-03-23T00:48:01.580000;7327ccb7-3fe2-4e13-8283-34d13b074825;416.06;0.01;SELL
2016-03-23T00:48:01.347000;2016-03-23T00:48:01.580000;ff2d94d6-bfdc-4a2b-badc-116ca9427eb0;416.06;0.01;SELL
2016-03-23T00:48:01.347000;2016-03-23T00:48:01.580000;6bc2f009-391a-47b3-9560-d23961faf397;416.01;0.09;SELL
2016-03-23T00:48:01.347000;2016-03-23T00:48:01.580000;8e43e964-3238-4eb5-8090-c09f0393c994;416.01;0.13893;SELL
2016-03-23T00:48:25.520000;2016-03-23T00:48:25.550000;9f4a06e9-68fc-499f-8ec9-6080dc5e7420;416.61;0.25;BUY
2016-03-23T00:48:25.520000;2016-03-23T00:48:25.563000;695e8dc2-0b78-4aec-9175-c4a572e41c80;416.61;0.118;BUY
2016-03-23T00:48:25.520000;2016-03-23T00:48:25.563000;1e205fa2-a627-4faf-82b9-cdc9ba211a50;416.64;1.61;BUY
2016-03-23T00:48:25.520000;2016-03-23T00:48:25.580000;143cd5f5-8e2e-44dc-8ae5-7fc9295ef1f1;416.65;0.01;BUY
2016-03-23T00:48:25.520000;2016-03-23T00:48:25.580000;e71632df-626a-4bb4-97f7-592e7b7c502d;416.65;0.15;BUY
2016-03-23T00:48:25.520000;2016-03-23T00:48:25.580000;494b8120-5cca-4c8f-bfc7-5c721a89720a;416.65;1.15;BUY
2016-03-23T00:48:25.520000;2016-03-23T00:48:25.597000;f3b630fb-63d5-4e30-b2d4-c1d964976239;416.66;0.01;BUY
2016-03-23T00:48:25.520000;2016-03-23T00:48:25.597000;6fb8d334-8577-4818-b624-da25e4d2819e;416.66;2.5012;BUY
2016-03-23T00:48:25.520000;2016-03-23T00:48:25.597000;8d5326d8-6d6f-4d68-9c98-9488dae6d7cd;416.66;7.14606;BUY
2016-03-23T00:48:25.520000;2016-03-23T00:48:25.597000;97257b5b-c61c-4a8a-8e13-30ed399f4ba1;416.67;10.99516166;BUY
2016-03-23T00:48:31.707000;2016-03-23T00:48:31.753000;6f2d9799-54f8-4c6f-b39f-e49281fa2c83;416.52;0.33695033;SELL
2016-03-23T00:48:31.707000;2016-03-23T00:48:31.753000;01c90a60-1981-426a-805d-97e1fcfcb48b;416.52;0.44217102;SELL
2016-03-23T00:48:31.707000;2016-03-23T00:48:31.753000;d174ccdf-26eb-4ed3-b7b5-fc4bada63eb6;416.52;0.07859744;SELL
2016-03-23T00:48:31.707000;2016-03-23T00:48:31.753000;51f614bb-e6e7-45ab-82ba-6eea4125b624;416.52;0.22939973;SELL
2016-03-23T00:48:31.707000;2016-03-23T00:48:31.753000;d5d3ff83-a8a1-48ce-9143-f49811dfa05d;416.52;0.19743336;SELL
2016-03-23T00:48:31.707000;2016-03-23T00:48:31.753000;2438551b-7fc6-47a4-b376-389eaf5b9312;416.52;20.37016429;SELL
2016-03-23T00:48:31.707000;2016-03-23T00:48:31.767000;da0b8437-7d90-4c61-8a10-3da8f6e7113e;416.52;1.38403677;SELL
2016-03-23T00:48:31.707000;2016-03-23T00:48:31.767000;3ede670b-87fd-4670-b510-4795ab49d6b8;416.52;1.79137706;SELL
2016-03-23T00:49:01.293000;2016-03-23T00:49:01.330000;4f6f0614-3be9-481f-9e41-72bcfdb95de5;416.52;0.0726;SELL
2016-03-23T00:49:31.133000;2016-03-23T00:49:31.160000;ca1ed2ac-cd45-4ce0-87c4-dc0f7dbea3f5;416.66;0.479;BUY
2016-03-23T00:49:31.133000;2016-03-23T00:49:31.173000;be9a8e3f-8663-474d-b0e4-bea36651799e;416.67;0.07;BUY
2016-03-23T00:50:01.167000;2016-03-23T00:50:01.190000;0ec91041-1c89-4bd8-a438-41eef6ae187b;416.66;0.414;BUY
2016-03-23T00:50:01.167000;2016-03-23T00:50:01.207000;0350be67-086b-4d5a-bb19-69daf369ad51;416.67;1.30886;BUY
2016-03-23T00:50:31.143000;2016-03-23T00:50:31.173000;8b96f98d-0faa-4738-958e-0dfb2569bb04;416.66;0.02364;BUY
2016-03-23T00:51:31.177000;2016-03-23T00:51:31.207000;224bdd98-390e-44dd-9566-fe4a56a3d7e9;416.66;0.15773;BUY
2016-03-23T00:52:01.187000;2016-03-23T00:52:01.207000;564bc94e-364f-4b19-ad87-fb84c198d4cb;416.55;0.25;SELL
2016-03-23T00:52:01.187000;2016-03-23T00:52:01.220000;13d5270c-f050-45bd-bca0-57088b5249e4;416.52;4.18901;SELL
2016-03-23T00:52:31.147000;2016-03-23T00:52:31.160000;cc01d2ab-1e8f-4694-8b65-2a558beced46;416.52;0.25262;SELL
2016-03-23T00:52:49.703000;2016-03-23T00:52:49.720000;1fba7e0c-5192-41e2-8c45-a7a0b30c7447;416.65;0.11;BUY
2016-03-23T00:53:01.083000;2016-03-23T00:53:01.097000;2867dfb8-3c44-41d0-a1b7-e6fab9e82ff3;416.65;0.23488;BUY
2016-03-23T00:54:01.223000;2016-03-23T00:54:01.237000;674dd22e-4822-43e6-8d71-d05881ad47fc;416.56;0.02124;BUY
2016-03-23T00:54:18.817000;2016-03-23T00:54:18.830000;f3ab9890-153e-49ee-915d-1d1cfdccfec0;416.55;0.09;BUY
2016-03-23T00:54:18.857000;2016-03-23T00:54:18.877000;ea4f4310-92b3-4121-b979-fe12b19dc5d6;416.55;0.115;BUY
2016-03-23T00:54:31.197000;2016-03-23T00:54:31.207000;de5f2ce7-48e1-440c-b15d-82071ceb506b;416.55;0.38469;BUY
2016-03-23T00:55:03.013000;2016-03-23T00:55:03.017000;91079b2f-1f21-4352-bdea-4bebe868ba9b;416.55;0.36204;BUY
2016-03-23T00:55:31.133000;2016-03-23T00:55:31.143000;9437294e-d58c-4798-9ca4-d716607cf5f3;416.55;0.01405;BUY
2016-03-23T00:56:01.207000;2016-03-23T00:56:01.220000;b521b219-a054-4ad7-99e2-2f00ea076f7a;416.58;0.376;BUY
2016-03-23T00:56:01.207000;2016-03-23T00:56:01.237000;e9d549a9-68b3-4eb2-bb7e-c40d630e1e08;416.66;0.345;BUY
2016-03-23T00:56:01.207000;2016-03-23T00:56:01.237000;83c48f19-865f-4bba-ad4c-27ec50d1edaf;416.67;0.09663;BUY
2016-03-23T00:56:01.577000;2016-03-23T00:56:01.597000;7fbddb0f-48ed-403c-9b9e-8037bdfe2a61;416.67;0.02;BUY
2016-03-23T00:57:01.260000;2016-03-23T00:57:01.283000;e488c1dc-4bad-4aee-bea5-94af5007f4aa;416.56;1.23936;BUY
2016-03-23T00:57:31.137000;2016-03-23T00:57:31.143000;46c74d66-5f6e-45e4-9b26-10d92a1f49aa;416.55;0.09257;SELL
2016-03-23T00:58:01.137000;2016-03-23T00:58:01.143000;1e506e17-f1aa-4f89-8208-eaf7a323efc8;416.55;0.15743;SELL
2016-03-23T00:58:01.137000;2016-03-23T00:58:01.160000;863b8c2d-582a-4a56-91ad-4ad90de68d84;416.54;0.01;SELL
2016-03-23T00:58:01.137000;2016-03-23T00:58:01.160000;77e28490-03c8-4902-8311-20e28d528481;416.54;0.02;SELL
2016-03-23T00:58:01.137000;2016-03-23T00:58:01.173000;03a22291-f4e8-420a-a96b-2f4055bcb028;416.54;0.07847;SELL
2016-03-23T00:58:31.330000;2016-03-23T00:58:31.377000;1ab5beef-24dc-46f1-88fe-907f43056db2;416.58;0.22343;BUY
2016-03-23T00:59:01.223000;2016-03-23T00:59:01.267000;876f3445-20ff-4fe6-aee7-4b973846789d;416.59;2.50509;BUY
2016-03-23T00:59:31.293000;2016-03-23T00:59:31.347000;7e55ec74-ed77-457d-9577-a836a583cabd;416.59;1.80376;BUY
2016-03-23T01:00:01.400000;2016-03-23T01:00:01.440000;b9a4799f-1ab1-4923-ae1f-2c0f6da0c3e1;416.59;0.07344;BUY
2016-03-23T01:00:31.340000;2016-03-23T01:00:31.393000;900b69d5-c43e-4c1a-bda8-23531b6a9b97;416.55;0.01097;SELL
2016-03-23T01:02:01.530000;2016-03-23T01:02:01.580000;b4d0f2ea-217f-4859-a8ff-01e79f7aa2b5;416.59;0.50751;BUY
2016-03-23T01:02:01.530000;2016-03-23T01:02:01.580000;e37bb37f-6fd6-4b99-a2f4-c2493245ba10;416.6;0.01;BUY
2016-03-23T01:02:01.530000;2016-03-23T01:02:01.597000;d9e5a1b4-13db-40f3-8a4d-ac73d4bc16fa;416.62;0.128;BUY
2016-03-23T01:02:01.530000;2016-03-23T01:02:01.597000;cb79b2b1-4907-4c53-b0ec-793966d5d9cd;416.67;0.27624;BUY
2016-03-23T01:02:03.740000;2016-03-23T01:02:03.800000;f311ce97-80c7-4b08-b07b-a85bdc28f9ef;416.67;0.0375;BUY
2016-03-23T01:02:34.747000;2016-03-23T01:02:34.783000;d98692e1-ea98-43c1-af5f-0fed5bca9080;416.65;0.334;BUY
2016-03-23T01:02:34.747000;2016-03-23T01:02:34.800000;adc27170-6c70-4672-8b69-bf65c71f4d21;416.66;0.07863;BUY
2016-03-23T01:03:01.253000;2016-03-23T01:03:01.313000;83c3150e-d7ac-4505-8a9d-6057476917c8;416.56;0.24603;SELL
2016-03-23T01:03:31.140000;2016-03-23T01:03:31.173000;c80bd39b-868e-4ac9-b764-c49b66df8669;416.65;0.296;BUY
2016-03-23T01:03:31.140000;2016-03-23T01:03:31.190000;5d853015-e1c0-4c29-bc08-6a5fb822135a;416.66;0.19123;BUY
2016-03-23T01:04:34.830000;2016-03-23T01:04:34.860000;8c406b6d-e37d-4dae-a0ea-dd503fbdee5b;416.66;0.277;BUY
2016-03-23T01:04:34.830000;2016-03-23T01:04:34.893000;0721df16-3857-4be3-b529-dab9b291553a;416.67;2.55746;BUY
2016-03-23T01:04:47.893000;2016-03-23T01:04:47.923000;c2b31698-d172-4cb8-b0ec-69aa22ffcb5f;416.58;0.04059;SELL
2016-03-23T01:05:01.223000;2016-03-23T01:05:01.253000;1252d8f2-ce63-4ec2-87aa-ca30f1fadb38;416.67;0.12191;BUY
2016-03-23T01:05:34.483000;2016-03-23T01:05:34.517000;a9216a53-cb7d-48b6-af81-f53aff393e20;416.56;0.5375;SELL
2016-03-23T01:06:01.227000;2016-03-23T01:06:01.253000;e7d67125-4ec3-4a30-9511-117263b9ed5d;416.57;1.68979;BUY
2016-03-23T01:06:31.193000;2016-03-23T01:06:31.220000;bb591b3e-c663-4241-96df-13bcf428f498;416.57;0.0895;BUY
2016-03-23T01:07:01.370000;2016-03-23T01:07:01.393000;4fb2da60-31a3-49b0-a39c-96a6f5075e31;416.56;0.66114;BUY
2016-03-23T01:07:31.240000;2016-03-23T01:07:31.267000;fbc528a3-883c-4378-873f-10315906d6c0;416.55;0.0115;SELL
2016-03-23T01:07:31.240000;2016-03-23T01:07:31.283000;2bf76a30-07a4-4f1f-b495-998a5e95798a;416.54;0.11406;SELL
2016-03-23T01:08:05.220000;2016-03-23T01:08:05.237000;a740cb36-a592-4f4b-85ed-47185922166c;416.55;0.291;BUY
2016-03-23T01:08:05.220000;2016-03-23T01:08:05.253000;e5da25c1-5a02-412a-92a4-821543c5ebd9;416.55;0.56766;BUY
2016-03-23T01:08:34.317000;2016-03-23T01:08:34.347000;3b2da37a-d9d0-483b-868f-18f148f43a85;416.55;1.25;BUY
2016-03-23T01:08:37.957000;2016-03-23T01:08:37.987000;2367ed03-0bb0-46b6-af5f-849fcfb9f321;416.54;0.04296;SELL
2016-03-23T01:09:01.130000;2016-03-23T01:09:01.157000;ca813b5c-e787-459f-8c08-b3389abd372d;416.54;0.09298;SELL
2016-03-23T01:09:01.130000;2016-03-23T01:09:01.173000;16ec6456-5159-4679-aade-d09022c82935;416.53;0.25;SELL
2016-03-23T01:09:01.130000;2016-03-23T01:09:01.173000;7a391cf9-4daf-4fce-ad26-e96b0b59eb74;416.53;0.02;SELL
2016-03-23T01:09:01.130000;2016-03-23T01:09:01.190000;05b6099f-a11e-43d6-b8b5-15e499d306c8;416.47;0.25;SELL
2016-03-23T01:09:01.130000;2016-03-23T01:09:01.190000;37f20cde-7ae0-4381-8686-f4e62fa0ac4f;416.44;0.1663;SELL
2016-03-23T01:09:31.637000;2016-03-23T01:09:31.657000;056b102b-e663-423f-8c18-f5602aece00f;416.53;0.02;SELL
2016-03-23T01:09:31.637000;2016-03-23T01:09:31.673000;02383c23-8d58-4dfc-8d46-b6cf0154f7cf;416.45;0.01;SELL
2016-03-23T01:09:31.637000;2016-03-23T01:09:31.673000;a60ef221-e35f-4d04-8d9b-7a3c8a9e8478;416.44;0.0837;SELL
2016-03-23T01:09:31.637000;2016-03-23T01:09:31.690000;a9420c87-d547-46cd-b4d4-0ba5843096b6;416.42;0.0863;SELL
2016-03-23T01:09:32.613000;2016-03-23T01:09:32.643000;e2ff68e3-8f62-4241-9738-055492b3b270;416.52;0.90322;BUY
2016-03-23T01:10:01.313000;2016-03-23T01:10:01.330000;96ef5ac3-beec-458c-84b2-c79aaf0eea11;416.43;0.77097;BUY
2016-03-23T01:10:31.210000;2016-03-23T01:10:31.220000;d5997b13-fdac-4bfe-85ff-4a4abe770c2a;416.43;0.53199;BUY
2016-03-23T01:10:40.983000;2016-03-23T01:10:41.003000;d0ea218c-aa70-4ba9-be14-e29559651491;416.43;0.03718;BUY
2016-03-23T01:10:48.657000;2016-03-23T01:10:48.673000;8a1ebefb-e576-4b16-a33c-e2bbbe271deb;416.43;0.0176458;BUY
2016-03-23T01:11:01.953000;2016-03-23T01:11:01.970000;cf04b859-fcd6-4afa-b1d9-5ad559b08652;416.42;0.1637;SELL
2016-03-23T01:11:01.953000;2016-03-23T01:11:01.987000;cb2ddb93-6def-44b6-91b4-b41dd4e8cd0a;416.35;0.09;SELL
2016-03-23T01:11:01.953000;2016-03-23T01:11:01.987000;82bcc543-1bcc-48ac-acc8-651814ef242c;416.33;0.02;SELL
2016-03-23T01:11:01.953000;2016-03-23T01:11:02.003000;93f1c135-4a93-4405-8ee4-f46efa8f32fb;416.32;0.01;SELL
2016-03-23T01:11:01.953000;2016-03-23T01:11:02.017000;3435a0a8-39e7-4875-aad2-a3b9b003acc7;416.3;0.106;SELL
2016-03-23T01:11:01.953000;2016-03-23T01:11:02.017000;65126b2b-cb3b-4ec9-a60f-7e9f23805058;416.25;0.094;SELL
2016-03-23T01:11:01.953000;2016-03-23T01:11:02.017000;88f68f90-0640-4969-b514-24fde037fd94;416.25;0.06247;SELL
2016-03-23T01:11:07.737000;2016-03-23T01:11:07.753000;bb08fbe3-9e78-4760-89fc-f9fdd14d20d8;416.33;0.01;SELL
2016-03-23T01:11:31.217000;2016-03-23T01:11:31.237000;65848a0d-842a-4101-8963-eb0cff0ef6e5;416.34;0.499;BUY
2016-03-23T01:11:31.217000;2016-03-23T01:11:31.237000;40452f10-14d1-4567-b801-1f097d9c6afb;416.34;0.37807;BUY
2016-03-23T01:11:48.450000;2016-03-23T01:11:48.457000;b912ea88-b269-427a-9050-fc37e5a576fa;416.33;0.01;SELL
2016-03-23T01:11:48.450000;2016-03-23T01:11:48.470000;d03c73ae-4c51-477a-91c8-f33ad9c1463e;416.28;0.01;SELL
2016-03-23T01:11:48.450000;2016-03-23T01:11:48.470000;d2c3e00c-f6b9-48f9-979b-83963be757b8;416.27;0.01;SELL
2016-03-23T01:11:48.450000;2016-03-23T01:11:48.503000;6e4c9040-3cd2-4040-bb28-8575a17abfc2;416.27;0.0386987;SELL
2016-03-23T01:12:01.180000;2016-03-23T01:12:01.190000;a75011c7-e270-46d7-bf7a-4be5c458278d;416.32;0.2257;BUY
2016-03-23T01:12:26.173000;2016-03-23T01:12:26.190000;ed663387-7e98-4cb2-a83d-5bf29772a51a;416.4;0.01;BUY
2016-03-23T01:12:26.173000;2016-03-23T01:12:26.207000;866f3c13-02c7-44f0-8bfd-6f5fcff0184a;416.4;0.29;BUY
2016-03-23T01:12:26.173000;2016-03-23T01:12:26.207000;15e7ba0b-fb86-424d-b711-1ba7be296d2c;416.41;0.01;BUY
2016-03-23T01:12:26.173000;2016-03-23T01:12:26.207000;82d1f54a-6ac3-48d3-acec-551d549765e4;416.41;0.0888;BUY
2016-03-23T01:12:26.180000;2016-03-23T01:12:26.220000;190095a9-4ab1-4d78-8b12-e2b616addf6d;416.41;0.39;BUY
2016-03-23T01:12:26.207000;2016-03-23T01:12:26.220000;fab71dda-2cf9-429c-895f-0090484ef483;416.41;0.0275;BUY
2016-03-23T01:12:26.580000;2016-03-23T01:12:26.610000;74179c27-da83-409d-ae3f-2968c5f39215;416.41;0.03;BUY
2016-03-23T01:12:27.087000;2016-03-23T01:12:27.110000;e0e96a3b-3db3-4325-b473-002bd1a21da1;416.41;0.0375;BUY
2016-03-23T01:12:27.237000;2016-03-23T01:12:27.253000;1991ce89-39a3-455a-865b-37a7d8a43d88;416.41;0.5066;BUY
2016-03-23T01:12:31.190000;2016-03-23T01:12:31.207000;61e58ed8-50b1-4be7-864e-36d0acc44d8f;416.44;0.25;BUY
2016-03-23T01:12:31.190000;2016-03-23T01:12:31.207000;7ae78834-a546-472b-b140-c0321d025861;416.45;0.238;BUY
2016-03-23T01:12:31.190000;2016-03-23T01:12:31.207000;cd4e25be-36ac-4370-8454-d48f88c35452;416.49;0.00852;BUY
2016-03-23T01:13:03.123000;2016-03-23T01:13:03.143000;8d51ac1b-1145-4031-bce2-c0fa705c8b3b;416.5;0.01;BUY
2016-03-23T01:13:03.123000;2016-03-23T01:13:03.143000;ea06259d-5adc-4cea-a9ac-e92ca6d47077;416.52;1.17868;BUY
2016-03-23T01:13:32.143000;2016-03-23T01:13:32.257000;65cefcb3-2a6e-493f-b66d-5e072d7b7875;416.55;0.01;BUY
2016-03-23T01:13:32.143000;2016-03-23T01:13:32.257000;9acf2ab5-eb24-4163-b0bd-6fc8d587db7a;416.57;1.38;BUY
2016-03-23T01:13:32.143000;2016-03-23T01:13:32.270000;d61a1e7e-9a08-4be4-98b2-3681f5bebce4;416.57;0.05;BUY
2016-03-23T01:13:32.147000;2016-03-23T01:13:32.270000;2a7252a1-84ab-4f37-8312-cf1cab386ab0;416.58;0.01;BUY
2016-03-23T01:13:32.147000;2016-03-23T01:13:32.270000;c1dea600-8063-4916-9cee-d095ce7076ae;416.58;7.19163;BUY
2016-03-23T01:13:32.147000;2016-03-23T01:13:32.270000;797da4bd-feec-4d57-94ba-c318073e50f2;416.63;0.23;BUY
2016-03-23T01:13:32.147000;2016-03-23T01:13:32.270000;641b8826-e7cd-4f9d-ae01-b3fd2b967aeb;416.64;0.5;BUY
2016-03-23T01:13:32.147000;2016-03-23T01:13:32.270000;05f87f71-d252-4c81-9ab4-a62feb1634be;416.65;1.15;BUY
2016-03-23T01:13:32.147000;2016-03-23T01:13:32.287000;53ef5fdf-ecd9-4c72-a25b-5facdd999096;416.66;0.25;BUY
2016-03-23T01:13:32.147000;2016-03-23T01:13:32.287000;9cb28ca6-7e08-4014-a52d-aa92e2579bd9;416.66;4.981;BUY
2016-03-23T01:13:32.147000;2016-03-23T01:13:32.287000;c0120748-9fb1-42a9-a372-e133074cfff7;416.67;0.9275;BUY
2016-03-23T01:14:01.460000;2016-03-23T01:14:01.570000;3743379d-c3eb-4f12-be6a-ea68a5122378;416.67;0.69421;BUY
2016-03-23T01:14:02.217000;2016-03-23T01:14:02.320000;a8700e2f-d5e9-4750-981d-f4305ef2dc13;416.56;0.396;SELL
2016-03-23T01:14:02.217000;2016-03-23T01:14:02.320000;63b9d041-387b-440f-a809-ad30d051a85d;416.55;2.53;SELL
2016-03-23T01:14:02.217000;2016-03-23T01:14:02.320000;dea95749-2570-47c6-99da-5cce02979ab1;416.54;0.15;SELL
2016-03-23T01:14:02.217000;2016-03-23T01:14:02.333000;46cfce17-3d0d-47b2-b31a-85464054638c;416.54;0.05;SELL
2016-03-23T01:14:02.303000;2016-03-23T01:14:02.443000;1c6287ff-19a9-4daf-b48e-16737c349bdf;416.54;0.05;BUY
2016-03-23T01:14:32.413000;2016-03-23T01:14:32.537000;814e77ca-949f-4794-b1cb-c904ed16810b;416.52;0.69;SELL
2016-03-23T01:14:32.413000;2016-03-23T01:14:32.537000;ab1fe57d-df86-462a-a888-65f5405e9a6d;416.52;0.46;SELL
2016-03-23T01:14:32.413000;2016-03-23T01:14:32.537000;6d7a30f0-5280-4942-be77-2b6fee55e6f9;416.51;0.397;SELL
2016-03-23T01:14:32.413000;2016-03-23T01:14:32.537000;1e8a5d55-a4aa-4633-a08e-4fd5714d5771;416.51;0.92;SELL
2016-03-23T01:15:01.700000;2016-03-23T01:15:01.820000;97812bf4-e038-4a82-baf1-dd5a2ba00d7d;416.55;0.8;SELL
2016-03-23T01:15:01.700000;2016-03-23T01:15:01.820000;1b99734c-b98f-4911-b71e-337814c0cdb6;416.55;0.387;SELL
2016-03-23T01:15:01.700000;2016-03-23T01:15:01.833000;10e2843b-190d-4bcc-9a68-42b89b711bcc;416.54;0.4458;SELL
2016-03-23T01:15:31.933000;2016-03-23T01:15:32.037000;24e7f56e-527e-4d71-b203-3d540b607522;416.52;0.23;SELL
2016-03-23T01:15:31.933000;2016-03-23T01:15:32.053000;9f774474-2ebf-4055-8f47-5308bf4bbb4f;416.51;0.332;SELL
2016-03-23T01:15:31.933000;2016-03-23T01:15:32.053000;b80e1789-e818-4f52-b73e-0654c639db09;416.5;6.65001;SELL
2016-03-23T01:16:01.370000;2016-03-23T01:16:01.473000;ef4a9ee1-d1b0-4375-9589-a48bd7ed4d80;416.55;0.23;SELL
2016-03-23T01:16:01.373000;2016-03-23T01:16:01.490000;399337aa-9ea6-4742-9427-526e5e93e0b5;416.54;0.2253;SELL
2016-03-23T01:17:02.853000;2016-03-23T01:17:02.943000;c7bc4cab-b243-43d8-9851-e4197644869d;416.64;1.24312;BUY
2016-03-23T01:17:31.257000;2016-03-23T01:17:31.350000;fdef0abd-292b-42e6-bd10-c98fae8e54b9;416.57;0.1426;BUY
2016-03-23T01:18:01.400000;2016-03-23T01:18:01.490000;27c49b83-762d-4a97-83de-861b051dbac6;416.64;0.01716;BUY
2016-03-23T01:18:31.737000;2016-03-23T01:18:31.867000;43e029c4-e510-41cb-b0e7-b0b54f436425;416.52;0.12242;SELL
2016-03-23T01:19:02.863000;2016-03-23T01:19:02.973000;7c4a7d32-79cc-4bbe-b72f-6181e2d6c2b4;416.65;0.01;BUY
2016-03-23T01:19:02.863000;2016-03-23T01:19:02.990000;8237f4ef-b5ba-4d56-b0f0-bf2603e159cc;416.66;0.25;BUY
2016-03-23T01:19:02.863000;2016-03-23T01:19:02.990000;3690debc-2d5a-4b45-acc6-a514ae42ee53;416.66;0.02;BUY
2016-03-23T01:19:02.863000;2016-03-23T01:19:02.990000;a00e5c70-91bf-4d75-8f19-17204fb116d3;416.66;0.05;BUY
2016-03-23T01:19:02.867000;2016-03-23T01:19:02.990000;fb843903-0860-4851-9648-4ab2381fb6f8;416.66;0.27825;BUY
2016-03-23T01:19:02.867000;2016-03-23T01:19:02.990000;7b7e09c1-b44b-4478-b266-a784fd707cc3;416.67;1.02860183;BUY
2016-03-23T01:19:02.867000;2016-03-23T01:19:02.990000;a7b60ac4-0221-402b-8a59-7025e16fd4c3;416.67;0.25;BUY
2016-03-23T01:19:02.867000;2016-03-23T01:19:02.990000;4c83e020-4ec1-46c6-84bc-8752bdf227b2;416.67;0.01;BUY
2016-03-23T01:19:02.867000;2016-03-23T01:19:03.007000;d2736fce-0412-4e91-9ad4-1b3b5cb43cf7;416.67;0.10260817;BUY
2016-03-23T01:19:31.337000;2016-03-23T01:19:31.427000;d24a307c-0e60-4a1f-b04d-85a70bec23a1;416.54;0.01;SELL
2016-03-23T01:19:31.340000;2016-03-23T01:19:31.443000;3a0b0476-6a58-404c-a9b1-3f600186c621;416.53;0.37;SELL
2016-03-23T01:19:31.340000;2016-03-23T01:19:31.460000;e4c78a73-2b14-4997-b345-c485065c268f;416.52;0.25;SELL
2016-03-23T01:19:31.340000;2016-03-23T01:19:31.460000;5a85b510-39c8-47d4-afe3-e08bdc67245e;416.52;0.05;SELL
2016-03-23T01:19:31.340000;2016-03-23T01:19:31.460000;50121e74-2dec-4e55-aaa4-f9ffd59166bf;416.52;6.77131;SELL
2016-03-23T01:20:01.347000;2016-03-23T01:20:01.427000;19290156-7c50-4ff3-b8ff-be5eee8b289f;416.66;0.02;BUY
2016-03-23T01:20:01.347000;2016-03-23T01:20:01.443000;66d843cd-b035-4a0c-b222-d9a84805ed2d;416.67;0.01;BUY
2016-03-23T01:20:01.347000;2016-03-23T01:20:01.443000;435961c3-c5e1-485b-9714-ad41d01e0cf3;416.67;0.04979;BUY
2016-03-23T01:20:31.743000;2016-03-23T01:20:31.833000;1c1bcd90-57f9-4a11-b0de-c075cf7366fe;416.66;0.02;BUY
2016-03-23T01:20:31.743000;2016-03-23T01:20:31.850000;1f089169-d262-4c8e-aef1-8549ea429956;416.66;0.12849;BUY
2016-03-23T01:21:01.217000;2016-03-23T01:21:01.303000;0308ec11-7aa9-48d0-ba79-997321a9b637;416.65;0.21477;BUY
2016-03-23T01:22:01.330000;2016-03-23T01:22:01.413000;bb224e77-a683-4a63-a455-daa1247fbf4b;416.65;0.301;BUY
2016-03-23T01:22:01.330000;2016-03-23T01:22:01.427000;9555559b-fd70-41ad-b6eb-c9a21c0fb5f0;416.66;0.83684;BUY
2016-03-23T01:22:31.707000;2016-03-23T01:22:31.787000;86043863-aac7-45d8-ad91-eab97ae4a60d;416.66;0.30411;BUY
2016-03-23T01:22:36.360000;2016-03-23T01:22:36.443000;4979cafb-8c79-423b-9e8b-e37e05925c97;416.66;0.0525;BUY
2016-03-23T01:23:01.197000;2016-03-23T01:23:01.273000;7da4ed3e-ba05-4515-a7b8-7ad5f439435d;416.66;0.17506;BUY
2016-03-23T01:23:31.167000;2016-03-23T01:23:31.240000;b4fbf6fa-15da-494c-8c98-501eee8f794c;416.66;0.306;BUY
2016-03-23T01:23:31.167000;2016-03-23T01:23:31.257000;7a1a6807-f2fa-49bf-8e4a-265cca8dccf0;416.67;3.88009;BUY
2016-03-23T01:24:01.157000;2016-03-23T01:24:01.223000;e650460b-7adf-4b68-96c1-0d6104089c5d;416.55;0.0115;SELL
2016-03-23T01:24:01.157000;2016-03-23T01:24:01.257000;6cdbc082-9ee8-429c-9943-14428169aef8;416.53;0.00336;SELL
2016-03-23T01:25:02.377000;2016-03-23T01:25:02.460000;8666bfb6-db88-4a2e-999e-8d2caad686c8;416.65;0.0845;BUY
2016-03-23T01:25:31.180000;2016-03-23T01:25:31.257000;0c65fc50-ef6b-4c02-9eba-0c1cee3f0bd9;416.65;0.1655;BUY
2016-03-23T01:25:31.180000;2016-03-23T01:25:31.273000;4ba8ee03-6f08-4f5d-b8b9-198398ae0ac6;416.68;0.01;BUY
2016-03-23T01:25:31.180000;2016-03-23T01:25:31.273000;a6d07d9a-ab25-4242-8226-845f30609bef;416.68;0.06212;BUY
2016-03-23T01:26:01.710000;2016-03-23T01:26:01.773000;eeb0e961-384b-42d9-80f5-3cbe0e762150;416.54;0.06963;SELL
2016-03-23T01:26:31.383000;2016-03-23T01:26:31.460000;de619993-29f7-413b-8a73-7f2a9d2bc6c3;416.68;0.18788;BUY
2016-03-23T01:26:31.383000;2016-03-23T01:26:31.473000;5820a18e-c5f8-4e73-8500-cc9ce0468292;416.69;0.25;BUY
2016-03-23T01:26:31.383000;2016-03-23T01:26:31.473000;2c542deb-0d1c-490f-99b1-d36140a6155d;416.69;0.2196;BUY
2016-03-23T01:27:04.933000;2016-03-23T01:27:05.007000;f03e407f-c8bf-469d-a33f-df5d59e4629d;416.68;0.27985;BUY
2016-03-23T01:27:31.293000;2016-03-23T01:27:31.350000;0ca05533-a139-40cb-b4a9-8046a1ffe8da;416.68;0.032;BUY
2016-03-23T01:28:01.227000;2016-03-23T01:28:01.303000;d34cb4e9-c209-4a79-90eb-e20d846877c6;416.56;0.25;SELL
2016-03-23T01:28:01.227000;2016-03-23T01:28:01.320000;c3164a6a-ca4c-4a28-ad39-6a5ff45644a8;416.54;0.05;SELL
2016-03-23T01:28:01.230000;2016-03-23T01:28:01.320000;c14a5357-1bed-45cf-87d7-73f6c05d3c5c;416.54;0.15;SELL
2016-03-23T01:28:01.230000;2016-03-23T01:28:01.320000;e005bbca-9c62-431e-8a56-b4782c1aea91;416.54;0.1;SELL
2016-03-23T01:28:01.230000;2016-03-23T01:28:01.320000;4bd3fc65-e467-40a7-a98c-224eef6143b8;416.53;0.24664;SELL
2016-03-23T01:28:01.230000;2016-03-23T01:28:01.320000;9eb77f2e-21c8-4a48-8f47-7b2e4018efd5;416.53;8.23;SELL
2016-03-23T01:28:01.230000;2016-03-23T01:28:01.333000;fe69d9ab-c523-4f99-8b29-343e20368c10;416.49;0.108;SELL
2016-03-23T01:28:01.230000;2016-03-23T01:28:01.333000;29472385-1407-4e52-9d32-ad3c47a14b5c;416.44;0.098;SELL
2016-03-23T01:28:01.230000;2016-03-23T01:28:01.333000;ae1ee8bb-19fd-4764-91ac-b72fe64d050b;416.43;0.8;SELL
2016-03-23T01:28:01.230000;2016-03-23T01:28:01.333000;ccc4ac49-aa31-48e4-b22a-193e2c650051;416.42;0.25;SELL
2016-03-23T01:28:01.230000;2016-03-23T01:28:01.333000;16187f25-c2a2-46fd-802c-cf4b6f7ab2c8;416.41;0.25;SELL
2016-03-23T01:28:01.230000;2016-03-23T01:28:01.333000;e912ea04-0917-4c50-a1bf-b0f4b678b2da;416.39;0.133;SELL
2016-03-23T01:28:01.230000;2016-03-23T01:28:01.350000;90193205-a014-4696-91f8-05f87a0d1a84;416.35;0.64262;SELL
2016-03-23T01:28:31.310000;2016-03-23T01:28:31.367000;9a9033ad-9e94-46eb-af61-5a0c78a0bd1a;416.68;0.81777;BUY
2016-03-23T01:29:01.487000;2016-03-23T01:29:01.543000;f9cb5391-ce62-4f12-ba36-d0e1988ebfc8;416.56;0.39;SELL
2016-03-23T01:29:01.487000;2016-03-23T01:29:01.557000;88b3f602-4642-41c2-af0b-7c9c805c584f;416.55;8.25;SELL
2016-03-23T01:29:01.487000;2016-03-23T01:29:01.557000;3418e026-ebd2-4c43-9cb8-5a9c3b9fa8eb;416.51;0.338;SELL
2016-03-23T01:29:01.487000;2016-03-23T01:29:01.557000;576b454c-6708-4115-805f-8ecfac2d0033;416.46;0.377;SELL
2016-03-23T01:29:01.487000;2016-03-23T01:29:01.573000;1aee678c-8b5f-493d-be20-123843dc77d5;416.44;0.8;SELL
2016-03-23T01:29:01.487000;2016-03-23T01:29:01.573000;04a1f05e-eecf-4754-acee-3694386f14eb;416.43;2.99;SELL
2016-03-23T01:29:01.487000;2016-03-23T01:29:01.573000;50745cb5-0464-4dd6-b159-6ed7272ecdb8;416.41;0.366;SELL
2016-03-23T01:29:01.487000;2016-03-23T01:29:01.573000;6fba3aa3-92f9-487b-941d-8196a4f06035;416.36;6.67;SELL
2016-03-23T01:29:01.487000;2016-03-23T01:29:01.573000;c375e52b-1607-4b8d-9330-e4f6e7334196;416.36;0.396;SELL
2016-03-23T01:29:01.487000;2016-03-23T01:29:01.573000;3b489c35-05ea-4910-b29a-1253968b764d;416.34;2.53;SELL
2016-03-23T01:29:01.487000;2016-03-23T01:29:01.650000;3677c227-aeee-43fd-88b6-546c120fff95;416.33;0.15;SELL
2016-03-23T01:29:01.487000;2016-03-23T01:29:01.650000;00a32a24-8919-4a1f-95e1-49b1d22c3f91;416.32;0.92;SELL
2016-03-23T01:29:01.487000;2016-03-23T01:29:01.650000;d5cfc605-c3f9-44cf-9e0c-d05b276e1860;416.31;0.01;SELL
2016-03-23T01:29:01.490000;2016-03-23T01:29:01.650000;cd96e1b2-ce4b-4070-8c29-84e6764d6914;416.31;0.05;SELL
2016-03-23T01:29:01.490000;2016-03-23T01:29:01.650000;11988fd8-412c-4a40-b04f-60096285ca7a;416.31;1.15;SELL
2016-03-23T01:29:01.490000;2016-03-23T01:29:01.650000;b190324e-ec4f-4a4a-94df-a8fd36b29c54;416.31;0.383;SELL
2016-03-23T01:29:01.490000;2016-03-23T01:29:01.650000;f07c31b4-0e72-4ea1-832b-ab3bc043ddbf;416.26;3.68;SELL
2016-03-23T01:29:01.490000;2016-03-23T01:29:01.650000;82a555e1-cccb-4aed-ac93-eae5f6a9cd78;416.26;4.0;SELL
2016-03-23T01:29:01.490000;2016-03-23T01:29:01.650000;012c9ea2-b5f7-41ed-84a8-f1c774df247c;416.25;0.388;SELL
2016-03-23T01:29:01.490000;2016-03-23T01:29:01.650000;fadf0266-a354-4384-819f-1aebbc978ce2;416.25;1.38;SELL
2016-03-23T01:29:01.490000;2016-03-23T01:29:01.650000;776e1775-fbd2-4453-a33c-5fb7bbf04539;416.24;0.02;SELL
2016-03-23T01:29:01.490000;2016-03-23T01:29:01.650000;f67d8ccf-4dc3-4c0c-b367-106b9cf08d18;416.22;2.3;SELL
2016-03-23T01:29:01.490000;2016-03-23T01:29:01.650000;c79c1af2-13db-4e73-95ee-1d8beba07c76;416.21;0.5;SELL
2016-03-23T01:29:01.490000;2016-03-23T01:29:01.650000;fb4c8bdf-bc29-4d8e-999e-827b42e075a8;416.21;1.15;SELL
2016-03-23T01:29:01.490000;2016-03-23T01:29:01.650000;bef8fde5-af35-4356-89a3-c9a46940b240;416.2;0.25;SELL
2016-03-23T01:29:01.490000;2016-03-23T01:29:01.650000;2145a55f-b8d6-402c-8a78-0335c980d6d7;416.2;0.343;SELL
2016-03-23T01:29:01.490000;2016-03-23T01:29:01.650000;4507654e-9098-4f7a-abd6-02ad2218cf61;416.16;2.07;SELL
2016-03-23T01:29:01.490000;2016-03-23T01:29:01.650000;9f878ec3-8cac-48c7-8850-553f9550ff90;416.15;0.01;SELL
2016-03-23T01:29:01.490000;2016-03-23T01:29:01.650000;80ea9e6c-5563-491d-9f0e-797a110dfdf7;416.15;0.362;SELL
2016-03-23T01:29:01.493000;2016-03-23T01:29:01.650000;28bd12ac-6cb5-4eab-bb5f-675fbe8eb4f3;416.14;1.84;SELL
2016-03-23T01:29:01.493000;2016-03-23T01:29:01.650000;9dd14d88-3933-4f14-b0da-f72c877ae8c3;416.13;1.0;SELL
2016-03-23T01:29:01.493000;2016-03-23T01:29:01.650000;ae65c380-95de-44c8-98f7-5023e7789705;416.13;4.937;SELL
2016-03-23T01:29:03.057000;2016-03-23T01:29:03.103000;38c27596-79d9-450b-b94a-61b496f370be;416.43;0.01;SELL
2016-03-23T01:29:03.057000;2016-03-23T01:29:03.137000;2d45b67c-c766-49a6-bf7c-0528521463e4;416.42;0.0239;SELL
2016-03-23T01:29:03.073000;2016-03-23T01:29:03.137000;33042aee-2951-4b37-9590-d873d2cc6fde;416.42;0.0275;SELL
2016-03-23T01:29:03.247000;2016-03-23T01:29:03.293000;e8e1dacc-4fbc-449d-8ac0-feae818409bc;416.27;0.01;SELL
2016-03-23T01:29:03.247000;2016-03-23T01:29:03.307000;b75c86ca-3e96-400a-b9ce-aeae52a1e1a3;416.27;0.01486966;SELL
2016-03-23T01:29:38.260000;2016-03-23T01:29:38.307000;b5c26546-6b43-4c1f-bdf4-0abd8d5ca38f;416.38;0.01;SELL
2016-03-23T01:29:38.260000;2016-03-23T01:29:38.323000;975ec1c0-989f-412a-840a-b70fa30bd85d;416.38;0.212;SELL
2016-03-23T01:29:38.260000;2016-03-23T01:29:38.323000;20de9072-1343-456f-8d25-15c203d2b938;416.38;0.05;SELL
2016-03-23T01:29:38.260000;2016-03-23T01:29:38.323000;608979f8-58b3-468a-9038-03eea155182b;416.37;1.27247;SELL
2016-03-23T01:30:01.753000;2016-03-23T01:30:01.807000;bf650710-a641-48c9-b598-0098747a1f6b;416.42;0.01;BUY
2016-03-23T01:30:02.383000;2016-03-23T01:30:02.447000;08ac5cf2-92a4-4544-af59-bc0ae8b02617;416.38;0.05;SELL
2016-03-23T01:30:02.383000;2016-03-23T01:30:02.447000;d8b7f7f9-efbd-48a8-ab60-d6415e285a72;416.38;0.217;SELL
2016-03-23T01:30:02.383000;2016-03-23T01:30:02.447000;4a7d00b4-11be-4800-b998-dda1662e35ae;416.37;0.035;SELL
2016-03-23T01:30:31.977000;2016-03-23T01:30:32.043000;2307155c-7bdd-419f-8846-5d70151b9762;416.42;0.24;BUY
2016-03-23T01:30:31.980000;2016-03-23T01:30:32.043000;f90074c2-b01e-4586-aa2d-c5765d66df96;416.44;0.2772;BUY
2016-03-23T01:31:02.067000;2016-03-23T01:31:02.120000;83d22d2c-fe77-492e-9a59-b5d92567811e;416.38;0.04212;SELL
2016-03-23T01:31:31.493000;2016-03-23T01:31:31.543000;14aeaceb-068f-42b5-9200-dfd4deb4560d;416.38;0.00788;SELL
2016-03-23T01:31:31.493000;2016-03-23T01:31:31.543000;48d2a74b-1bdc-4d49-ae12-881d57f76c57;416.38;0.184;SELL
2016-03-23T01:31:31.493000;2016-03-23T01:31:31.543000;b79a325c-020d-4d97-9c3a-c6a71118b0b1;416.37;0.41231;SELL
2016-03-23T01:32:02.007000;2016-03-23T01:32:02.057000;7b49efdb-d811-47d8-9a0e-d5cd9a0ade3c;416.46;0.25;BUY
2016-03-23T01:32:02.010000;2016-03-23T01:32:02.073000;6ed718e1-32d6-45cf-bb94-7ce848f9da40;416.5;0.01;BUY
2016-03-23T01:32:02.010000;2016-03-23T01:32:02.073000;ca21b2d4-b6b9-4a32-b4e2-04c05115484e;416.51;0.01;BUY
2016-03-23T01:32:02.010000;2016-03-23T01:32:02.090000;a91ba0d8-bbd8-41d5-ad55-76f960f9849f;416.52;0.15;BUY
2016-03-23T01:32:02.010000;2016-03-23T01:32:02.090000;43b60ef5-d2c7-4f59-afe0-b4a0c726e2ec;416.53;1.0;BUY
2016-03-23T01:32:02.010000;2016-03-23T01:32:02.090000;67905b5e-1588-41ee-9c0b-a3b167ae3617;416.53;0.15;BUY
2016-03-23T01:32:02.010000;2016-03-23T01:32:02.090000;d1b72aa3-0b55-4f92-b4b0-e22f066b0419;416.54;7.15627;BUY
2016-03-23T01:32:02.010000;2016-03-23T01:32:02.090000;9b0d375d-cb14-4156-9883-88f35d69cac6;416.55;0.92;BUY
2016-03-23T01:32:02.010000;2016-03-23T01:32:02.090000;1d0b668f-a4ee-46be-9cfb-f56ee6f04f85;416.56;0.25;BUY
2016-03-23T01:32:02.010000;2016-03-23T01:32:02.103000;b01d96eb-7051-4c51-a61c-18071451d681;416.56;0.461;BUY
2016-03-23T01:32:02.010000;2016-03-23T01:32:02.103000;8fe4e7b2-f3cc-4305-9e26-17814be23bed;416.6;5.06;BUY
2016-03-23T01:32:02.010000;2016-03-23T01:32:02.103000;3ed9ce89-a7b2-4cfb-83b6-34be12d43a72;416.61;0.472;BUY
2016-03-23T01:32:02.010000;2016-03-23T01:32:02.120000;9ebe47fa-014a-4835-8629-76d994ee7c65;416.62;0.01;BUY
2016-03-23T01:32:02.010000;2016-03-23T01:32:02.120000;71e145e5-f26d-4feb-9e7f-81689708adae;416.63;2.3;BUY
2016-03-23T01:32:02.010000;2016-03-23T01:32:02.120000;aa296341-cd71-4e5c-97a0-e2218c83f5ea;416.64;0.01;BUY
2016-03-23T01:32:02.010000;2016-03-23T01:32:02.120000;c4054c47-0b5c-4db0-bd46-5d6992cb5712;416.65;2.53;BUY
2016-03-23T01:32:02.013000;2016-03-23T01:32:02.120000;301a9880-68e5-4815-93bb-f9891a97ac43;416.66;0.01;BUY
2016-03-23T01:32:02.013000;2016-03-23T01:32:02.137000;6ae936fa-a62e-41c3-be05-39ade65f627c;416.66;2.07;BUY
2016-03-23T01:32:02.013000;2016-03-23T01:32:02.137000;a3a4192a-b944-4e24-83ae-94b17c635108;416.67;0.01;BUY
2016-03-23T01:32:02.013000;2016-03-23T01:32:02.137000;6cb74195-a059-4d9e-871e-778f39dbba3f;416.67;0.5;BUY
2016-03-23T01:32:02.013000;2016-03-23T01:32:02.150000;73f6d99f-5895-491e-92bf-7fd51ec0efb6;416.68;0.92;BUY
2016-03-23T01:32:02.013000;2016-03-23T01:32:02.150000;6675f38c-459d-42c8-b2cc-1a0fcdd74410;416.69;0.0304;BUY
2016-03-23T01:32:02.013000;2016-03-23T01:32:02.150000;5739e8e6-f17d-4f9d-898e-6cf389ac351c;416.69;0.25;BUY
2016-03-23T01:32:02.013000;2016-03-23T01:32:02.150000;db32fb3c-db85-4996-a9ab-2cad18738797;416.69;0.25;BUY
2016-03-23T01:32:02.013000;2016-03-23T01:32:02.150000;11ec9bc7-cbd2-40ad-a789-cfc6af364fd4;416.69;0.92;BUY
2016-03-23T01:32:02.013000;2016-03-23T01:32:02.150000;2ab4f98c-9137-4770-af13-23e2aea5f7c6;416.69;3.0637;BUY
2016-03-23T01:32:02.013000;2016-03-23T01:32:02.150000;99d513c7-8bc1-4047-844d-37ab4e9fba71;416.7;0.01;BUY
2016-03-23T01:32:02.013000;2016-03-23T01:32:02.150000;04aa74b0-a978-4cdd-950e-b24c2b8859c8;416.7;0.299;BUY
2016-03-23T01:32:02.013000;2016-03-23T01:32:02.167000;c72c36c0-2629-4591-a5d8-e9bfdc678466;416.7;1.38;BUY
2016-03-23T01:32:02.013000;2016-03-23T01:32:02.167000;c02b95df-4c5d-4118-b36c-4083de323473;416.71;0.01;BUY
2016-03-23T01:32:02.013000;2016-03-23T01:32:02.167000;4df0975c-d603-4ebd-ae95-6c0e2e94567d;416.71;0.25;BUY
2016-03-23T01:32:02.013000;2016-03-23T01:32:02.167000;cb2e3cdc-1a64-48ec-a52b-686720722071;416.71;0.5539;BUY
2016-03-23T01:32:32.343000;2016-03-23T01:32:32.400000;68413d9f-e054-4d1c-85e9-45d799bc0bfb;416.47;0.01;SELL
2016-03-23T01:32:32.343000;2016-03-23T01:32:32.400000;1b0cf6b7-e823-47e8-9b3b-cda062105218;416.46;0.01;SELL
2016-03-23T01:32:32.343000;2016-03-23T01:32:32.400000;f1f18c97-fa56-4217-9386-0993514d5426;416.4;0.092;SELL
2016-03-23T01:32:32.343000;2016-03-23T01:32:32.400000;fcf9b87b-8798-401a-8b7e-d438e0b899c6;416.39;7.16431;SELL
2016-03-23T01:32:32.343000;2016-03-23T01:32:32.400000;8147654b-996e-4162-b092-9c5a49f30d21;416.38;0.05;SELL
2016-03-23T01:32:32.343000;2016-03-23T01:32:32.400000;0ca09ed3-9194-43a6-a52c-a0e4ca689a83;416.38;0.098;SELL
2016-03-23T01:32:32.343000;2016-03-23T01:32:32.433000;93c22298-3e72-493b-a623-03719e98b76b;416.37;7.21022;SELL
2016-03-23T01:32:32.343000;2016-03-23T01:32:32.433000;af8ec241-2448-486e-8002-e3a45ce49b12;416.34;0.01;SELL
2016-03-23T01:32:32.343000;2016-03-23T01:32:32.433000;83cf648a-a99a-4224-b33a-e5eec6470737;416.33;0.165;SELL
2016-03-23T01:32:32.343000;2016-03-23T01:32:32.433000;a16f131b-1e08-4483-9182-f6ea8c10ec0d;416.32;0.25;SELL
2016-03-23T01:32:32.343000;2016-03-23T01:32:32.433000;af0c6322-3b04-4356-8662-90361d7c4ea4;416.28;0.091;SELL
2016-03-23T01:32:32.343000;2016-03-23T01:32:32.433000;3e2be3e2-b5a8-4a87-9a56-e338d5b04c57;416.26;0.02;SELL
2016-03-23T01:32:32.343000;2016-03-23T01:32:32.463000;f92a8aa7-6156-4fd6-988d-278e7b11ace1;416.23;0.122;SELL
2016-03-23T01:32:32.343000;2016-03-23T01:32:32.480000;f2ab3a5f-ed9b-4fef-8aee-fa47b4c66dc4;416.2;3.68;SELL
2016-03-23T01:32:32.343000;2016-03-23T01:32:32.480000;255a580f-4c1d-40e1-8501-7b878b7f5d51;416.18;0.112;SELL
2016-03-23T01:32:32.347000;2016-03-23T01:32:32.480000;ffd56d03-e4d5-4bef-a818-cde7ec3101dc;416.15;0.15;SELL
2016-03-23T01:32:32.347000;2016-03-23T01:32:32.480000;d5f5287a-077a-4351-9747-ab17cc18e87f;416.14;0.92;SELL
2016-03-23T01:32:32.347000;2016-03-23T01:32:32.480000;9ed035a0-a19d-41e3-9d67-e058b9055639;416.13;0.127;SELL
2016-03-23T01:32:32.347000;2016-03-23T01:32:32.480000;5c290884-6dc0-480d-aa85-9df48635b10d;416.12;0.69;SELL
2016-03-23T01:32:32.347000;2016-03-23T01:32:32.480000;1fef56a7-d22f-4522-85fd-65c8901d54c7;416.11;3.9938;SELL
2016-03-23T01:32:32.347000;2016-03-23T01:32:32.480000;9078dd30-9ab5-4706-8498-0547ad09cb28;416.1;5.73467;SELL
2016-03-23T01:33:06.593000;2016-03-23T01:33:06.637000;d7309935-7efd-41e9-9de6-84887320e538;416.45;0.0115;SELL
2016-03-23T01:33:06.593000;2016-03-23T01:33:06.637000;2e5d8442-3067-46cf-92ba-d8a20aed57da;416.38;0.15373;SELL
2016-03-23T01:33:31.340000;2016-03-23T01:33:31.370000;3c2e38a3-d04d-46f5-b165-fcd5978a50ad;416.46;0.25;BUY
2016-03-23T01:33:31.340000;2016-03-23T01:33:31.387000;d0e2725d-65c4-4403-8558-c290a7d5cbff;416.46;0.22227;BUY
2016-03-23T01:34:02.143000;2016-03-23T01:34:02.183000;36caeac1-c1b9-48ef-92cc-d1b4251d2c99;416.47;0.25;BUY
2016-03-23T01:34:02.143000;2016-03-23T01:34:02.197000;1c3a90aa-91ec-409b-8051-baf8cde9ebdc;416.47;0.101;BUY
2016-03-23T01:34:02.143000;2016-03-23T01:34:02.213000;b7a0093f-50c0-4b6c-a929-630e3fd59fba;416.52;0.084;BUY
2016-03-23T01:34:02.147000;2016-03-23T01:34:02.213000;c7af2e99-b16c-433e-9c07-d3e43045a9cb;416.55;0.01;BUY
2016-03-23T01:34:02.147000;2016-03-23T01:34:02.213000;d47c9854-3ef5-4cd6-8e93-c3bccaba3d21;416.57;0.01;BUY
2016-03-23T01:34:02.147000;2016-03-23T01:34:02.213000;90e8e93a-c7d3-44ec-95aa-3d191372521d;416.58;0.15;BUY
2016-03-23T01:34:02.147000;2016-03-23T01:34:02.213000;9fa8330f-29b4-4909-99b8-c936bfc99688;416.58;1.04895;BUY
2016-03-23T01:34:31.647000;2016-03-23T01:34:31.683000;3faff81e-66bf-461c-a947-3c5037f7de27;416.51;0.25;BUY
2016-03-23T01:34:31.647000;2016-03-23T01:34:31.697000;7193c097-03ae-42f1-87bb-932d842bebdd;416.51;0.097;BUY
2016-03-23T01:34:31.647000;2016-03-23T01:34:31.697000;499c820c-db1c-4dd6-9faa-1e43f76d098f;416.53;0.26151;BUY
2016-03-23T01:35:01.677000;2016-03-23T01:35:01.713000;c5a7e77e-4b94-455a-b7cf-c85d262eb635;416.54;0.25;BUY
2016-03-23T01:35:01.677000;2016-03-23T01:35:01.730000;df149db2-b849-4d7f-bab8-f326f0ab6003;416.54;0.093;BUY
2016-03-23T01:35:01.677000;2016-03-23T01:35:01.730000;fb2040f8-134a-491c-9d1a-8509c0b90a0a;416.56;2.30888;BUY
2016-03-23T01:35:31.440000;2016-03-23T01:35:31.480000;c00778d8-b1a4-479c-9173-567684548d3a;416.59;0.01;BUY
2016-03-23T01:35:31.440000;2016-03-23T01:35:31.497000;9bfbf650-7f54-433d-9b2e-abef16dd3a95;416.6;0.01;BUY
2016-03-23T01:35:31.440000;2016-03-23T01:35:31.497000;ee2d96d3-6adf-44cd-960c-32ebf1c0b9f2;416.6;0.1;BUY
2016-03-23T01:35:31.440000;2016-03-23T01:35:31.497000;3f7ce070-a710-4ca0-b939-ce600b90c50d;416.62;0.06644;BUY
2016-03-23T01:36:01.503000;2016-03-23T01:36:01.527000;9aa530e9-7087-445a-b312-aaa087ba3e1f;416.59;0.06323;BUY
2016-03-23T01:36:04.857000;2016-03-23T01:36:04.887000;18c10545-9411-4404-b81c-37fbedf84ed3;416.59;0.08677;BUY
2016-03-23T01:36:04.857000;2016-03-23T01:36:04.887000;55376e87-405e-4bdb-99b4-ef1687b3d81e;416.59;0.11323;BUY
2016-03-23T01:36:31.370000;2016-03-23T01:36:31.400000;502565cf-d0ad-4a2a-bdf3-d70a6bde333d;416.57;0.01;SELL
2016-03-23T01:36:31.370000;2016-03-23T01:36:31.417000;3bd8f7d1-68aa-48ab-b343-2392479025b4;416.56;0.05;SELL
2016-03-23T01:36:31.370000;2016-03-23T01:36:31.417000;6a98073c-87f2-43cd-91b1-9cc2fa47620e;416.51;0.101;SELL
2016-03-23T01:36:31.370000;2016-03-23T01:36:31.417000;4c601076-dee2-45fa-814b-bf0644aeb866;416.48;0.76544;SELL
2016-03-23T01:36:56.563000;2016-03-23T01:36:56.590000;ef31403c-c1f5-4dad-8e23-ea0e006ba27e;416.66;0.02;BUY
2016-03-23T01:37:01.777000;2016-03-23T01:37:01.807000;76158b9d-e0a2-439d-9f32-6545b29551b9;416.57;0.20188;SELL
2016-03-23T01:37:09.640000;2016-03-23T01:37:09.667000;9be8ec5c-34f3-4536-a97f-1d47fbb00142;416.7;0.25;BUY
2016-03-23T01:37:09.640000;2016-03-23T01:37:09.683000;54d0b1a0-74c0-4599-b248-68aac35d8888;416.7;0.01;BUY
2016-03-23T01:37:09.640000;2016-03-23T01:37:09.683000;fee5311c-1325-4130-9035-d7da5f757c6d;416.71;0.128;BUY
2016-03-23T01:37:09.640000;2016-03-23T01:37:09.683000;3939fcc3-8600-4adf-b721-b7ba17be4585;416.72;0.01;BUY
2016-03-23T01:37:09.640000;2016-03-23T01:37:09.760000;4fd488a5-b049-4b08-9336-2ea779739c42;416.74;0.20043307;BUY
2016-03-23T01:37:31.377000;2016-03-23T01:37:31.400000;098381d3-7a3a-4323-9cbf-495d260e6374;416.63;0.01;SELL
2016-03-23T01:37:31.377000;2016-03-23T01:37:31.417000;565546f7-f7c6-45e3-92c2-6d2940f8591e;416.62;0.25;SELL
2016-03-23T01:37:31.377000;2016-03-23T01:37:31.417000;2c971994-4b9c-4ecb-aa20-0eb2433d761a;416.59;0.46;SELL
2016-03-23T01:37:31.377000;2016-03-23T01:37:31.417000;2eeb0e3e-e6fc-4a5a-b9ab-f2d748da4cd2;416.58;0.15;SELL
2016-03-23T01:37:31.377000;2016-03-23T01:37:31.433000;4537af85-de91-4c23-851f-9a609790c1a1;416.58;0.05;SELL
2016-03-23T01:37:31.377000;2016-03-23T01:37:31.510000;8bc34c1e-0353-440f-b3e0-b31155da74dd;416.58;0.69;SELL
2016-03-23T01:37:31.377000;2016-03-23T01:37:31.510000;0fc098b4-75a2-4493-acd6-f4b00d4eea64;416.57;1.17857;SELL
2016-03-23T01:38:01.433000;2016-03-23T01:38:01.463000;85c327e1-2d9a-43c3-84d9-dc27950398d7;416.6;0.0152;SELL
2016-03-23T01:38:32.443000;2016-03-23T01:38:32.480000;bb4532b8-3624-4493-853b-52d8bb635927;416.68;0.25;BUY
2016-03-23T01:38:32.443000;2016-03-23T01:38:32.480000;2dcb7c7b-efea-4b7c-ae35-a9b40122f8f4;416.7;0.46282;BUY
2016-03-23T01:39:01.567000;2016-03-23T01:39:01.590000;003e79c3-2075-449a-8ec3-7353743bb99f;416.69;0.23761;BUY
2016-03-23T01:39:31.410000;2016-03-23T01:39:31.433000;f50872c9-336c-4bdd-b994-1c9fa69d14d8;416.69;0.01239;BUY
2016-03-23T01:39:31.410000;2016-03-23T01:39:31.450000;16a89f09-d1a5-47f6-83fc-bb6d4fa036d0;416.69;0.399;BUY
2016-03-23T01:39:31.410000;2016-03-23T01:39:31.480000;2d5ffc9a-571f-4136-9701-3567d9e827a2;416.7;1.42155;BUY
2016-03-23T01:40:02.003000;2016-03-23T01:40:02.027000;35a8d202-491b-460a-a09a-b85acc32de7a;416.63;0.01;SELL
2016-03-23T01:40:02.003000;2016-03-23T01:40:02.043000;af5b8a04-88c4-4239-9508-5fba2ec3f456;416.63;0.237;SELL
2016-03-23T01:40:02.003000;2016-03-23T01:40:02.043000;8bf335f4-6fd6-460f-a506-1d1f86087d42;416.61;0.00536;SELL
2016-03-23T01:40:31.370000;2016-03-23T01:40:31.387000;13196877-30fc-4da2-b751-12e3a41a03b9;416.67;0.25;BUY
2016-03-23T01:40:31.370000;2016-03-23T01:40:31.417000;af1ca5a0-9863-4165-a262-845b0053c9eb;416.71;0.1292;BUY
2016-03-23T01:41:01.357000;2016-03-23T01:41:01.370000;a72fd28a-1202-4eb2-8bd1-2f02ec6e7a6a;416.7;0.25;BUY
2016-03-23T01:41:01.357000;2016-03-23T01:41:01.400000;c52b8445-b92f-4c0f-a1b6-1dc6e44ae986;416.71;0.45806;BUY
2016-03-23T01:41:32.807000;2016-03-23T01:41:32.823000;04018b11-215c-428b-9fb6-cfc29cb2aaed;416.7;0.25;BUY
2016-03-23T01:41:32.807000;2016-03-23T01:41:32.840000;f67baef6-aa44-4e6d-95fb-3d52fdd55404;416.71;0.46902;BUY
2016-03-23T01:42:01.393000;2016-03-23T01:42:01.400000;3c2a083c-29ca-4a5e-aa0e-6250de503d54;416.7;0.25;BUY
2016-03-23T01:42:01.393000;2016-03-23T01:42:01.433000;7fdd6f98-2c20-455d-8c6f-629157211158;416.71;0.52372;BUY
2016-03-23T01:42:01.393000;2016-03-23T01:42:01.433000;f691fdaa-3af2-42ba-99bf-fa39626b4baa;416.71;0.05;BUY
2016-03-23T01:42:01.393000;2016-03-23T01:42:01.433000;c900870f-92fa-4936-b40a-e9b9bfe5eba5;416.72;6.35352;BUY
2016-03-23T01:42:31.360000;2016-03-23T01:42:31.370000;d837f584-18f2-4f1c-b8f0-410cb0776d0c;416.7;0.25;BUY
2016-03-23T01:42:31.360000;2016-03-23T01:42:31.387000;cad4ff3b-9eca-40e4-822e-b76d70fadb5e;416.7;0.05;BUY
2016-03-23T01:42:31.360000;2016-03-23T01:42:31.387000;ef38fe1f-9350-4e47-a6fb-5a0feb81e6e7;416.7;0.426;BUY
2016-03-23T01:42:31.360000;2016-03-23T01:42:31.387000;84ffb5fe-13d5-4a63-b57a-04355bfd6826;416.72;1.64996;BUY
2016-03-23T01:43:31.480000;2016-03-23T01:43:31.497000;dbfa806f-ec59-494b-a0e2-2fdd5e945ef2;416.69;0.25;BUY
2016-03-23T01:43:31.480000;2016-03-23T01:43:31.510000;b3db590d-cfcb-419d-bfcb-b6666c3df5ed;416.69;0.398;BUY
2016-03-23T01:43:31.480000;2016-03-23T01:43:31.510000;c7085a07-c197-4c83-80a4-a4d774bc5a6a;416.71;0.52483;BUY
2016-03-23T01:44:01.483000;2016-03-23T01:44:01.537000;280bbdf1-6231-4af3-b672-85c4e9c5b896;416.69;0.25;BUY
2016-03-23T01:44:01.483000;2016-03-23T01:44:01.550000;698d2319-e9fe-43b3-b625-665c10d4f51c;416.71;0.02;BUY
2016-03-23T01:44:01.483000;2016-03-23T01:44:01.550000;5b2e8f28-fd6b-4a60-a59c-01fad9dab2c4;416.72;0.1577;BUY
2016-03-23T01:44:31.487000;2016-03-23T01:44:31.537000;9e3654cd-10c9-478b-bdd4-c8e57fcd585a;416.69;0.012;BUY
2016-03-23T01:45:04.050000;2016-03-23T01:45:04.113000;34f29012-2244-4e1f-b8dc-1579f66df552;416.69;0.06213;BUY
2016-03-23T01:45:31.503000;2016-03-23T01:45:31.550000;0343d550-93de-4667-a01b-be8fa5b69ba7;416.65;0.0115;SELL
2016-03-23T01:45:31.503000;2016-03-23T01:45:31.567000;30b68d9b-4632-4ea0-b37e-c2bb4238e8ee;416.62;0.05;SELL
2016-03-23T01:45:31.503000;2016-03-23T01:45:31.567000;b5c71632-e564-4d28-9fe0-6025a24706ce;416.61;0.07566;SELL
2016-03-23T01:46:01.433000;2016-03-23T01:46:01.473000;265d48c3-c453-4392-ba89-76eafcb9e533;416.69;0.17587;BUY
2016-03-23T01:46:01.433000;2016-03-23T01:46:01.490000;4ba300e2-2694-4ed8-92fc-9e27ef28a879;416.7;0.01;BUY
2016-03-23T01:46:01.433000;2016-03-23T01:46:01.490000;15ccd17c-195f-4a44-b186-4c724076f716;416.71;0.69;BUY
2016-03-23T01:46:01.433000;2016-03-23T01:46:01.490000;35373b32-4b69-4992-8785-8706dd112bd0;416.71;0.05;BUY
2016-03-23T01:46:01.433000;2016-03-23T01:46:01.503000;bb749c15-e5d1-4427-952c-318f8c580bf4;416.72;1.75247;BUY
2016-03-23T01:46:31.320000;2016-03-23T01:46:31.363000;7484a5c8-782e-4ea8-b373-4f233fcbe171;416.61;0.71676;SELL
2016-03-23T01:47:31.457000;2016-03-23T01:47:31.490000;b8ac6f69-bbdf-44aa-9ba6-1ce7ea47f68b;416.7;0.35;BUY
2016-03-23T01:47:31.457000;2016-03-23T01:47:31.490000;d64acbce-90c8-4e35-ab77-003a3d19f4ae;416.71;0.37469;BUY
2016-03-23T01:48:01.470000;2016-03-23T01:48:01.503000;9bbf4511-35c8-4a06-9696-f21eee242eb4;416.72;0.16143;BUY
2016-03-23T01:48:28.560000;2016-03-23T01:48:28.600000;f2573351-39b8-4c16-b7aa-bcff021accc5;416.71;0.06;BUY
2016-03-23T01:48:31.437000;2016-03-23T01:48:31.473000;114f52dd-5af6-4cc4-a048-28be3680b49d;416.71;0.04906;BUY
2016-03-23T01:49:05.357000;2016-03-23T01:49:05.397000;a06c9294-0f33-48f3-a98f-a246b23b29c6;416.63;0.315;SELL
2016-03-23T01:49:05.357000;2016-03-23T01:49:05.410000;2e44ec7e-1e8d-4675-aa0d-46e7c09522ac;416.62;1.685;SELL
2016-03-23T01:50:01.553000;2016-03-23T01:50:01.583000;ddd227e5-f727-46c1-8c3e-c956ac0fd8f0;416.7;0.29938;BUY
2016-03-23T01:50:31.347000;2016-03-23T01:50:31.380000;52e9bbc4-f2e9-46b6-a5ed-e00a5f9b59b3;416.62;0.01519;SELL
2016-03-23T01:51:02.307000;2016-03-23T01:51:02.333000;1ccbd3b9-73d8-459c-b99c-079736d5c094;416.62;0.5;SELL
2016-03-23T01:51:31.410000;2016-03-23T01:51:31.443000;3be536c7-af78-433a-8f93-0189e9c4d9b1;416.62;2.57881;SELL
2016-03-23T01:51:31.410000;2016-03-23T01:51:31.457000;af4cc6db-38b8-45b1-b351-f82a9f608832;416.62;0.05;SELL
2016-03-23T01:51:31.410000;2016-03-23T01:51:31.457000;88ca13c0-7e67-4457-9c44-233559c9f746;416.62;0.84141;SELL
2016-03-23T01:52:06.447000;2016-03-23T01:52:06.473000;2edcf8e5-aa59-4d03-ab41-380670c8590e;416.7;0.363;BUY
2016-03-23T01:52:06.447000;2016-03-23T01:52:06.490000;932bf16e-4346-4925-8e1d-7ca8255f2c2f;416.71;2.05029;BUY
2016-03-23T01:52:31.333000;2016-03-23T01:52:31.363000;ae553015-e416-45fe-b76a-b5e7a25c2418;416.64;0.05;SELL
2016-03-23T01:52:31.333000;2016-03-23T01:52:31.380000;df8f11a3-a12a-415e-b8e6-a91193dbb2f0;416.63;4.131;SELL
2016-03-23T01:52:31.333000;2016-03-23T01:52:31.380000;ebade534-652b-45b7-b296-5d51113f6af8;416.63;0.05;SELL
2016-03-23T01:52:31.333000;2016-03-23T01:52:31.380000;3477e843-56e1-47c5-b5b2-b0ac242d5316;416.63;0.8;SELL
2016-03-23T01:52:31.333000;2016-03-23T01:52:31.380000;6380bf1c-4952-41af-87a0-2b52a184f45e;416.62;0.57919;SELL
2016-03-23T01:53:01.760000;2016-03-23T01:53:01.800000;53d0789e-406a-4cd2-9ee9-378cdeeaab20;416.71;0.57881;BUY
2016-03-23T01:53:32.230000;2016-03-23T01:53:32.253000;bbf463c3-c9db-49fc-89ad-826aad2275e9;416.71;0.22119;BUY
2016-03-23T01:53:32.230000;2016-03-23T01:53:32.270000;1878508d-17a3-465c-9acd-98789caba995;416.71;0.05;BUY
2016-03-23T01:53:32.230000;2016-03-23T01:53:32.270000;bbb6e060-295c-426f-9160-1e3f8d9c9881;416.71;0.318;BUY
2016-03-23T01:53:32.230000;2016-03-23T01:53:32.270000;ec384b9b-e45a-4d39-a914-4da7fc10ff3d;416.72;0.88049;BUY
2016-03-23T01:54:03.997000;2016-03-23T01:54:04.020000;9a2782d9-bdf4-4024-ab37-afc45946ec22;416.72;0.55663;BUY
2016-03-23T01:54:35.470000;2016-03-23T01:54:35.490000;f6ce2567-5d51-4e70-88c8-f7a059b817f4;416.72;0.47519;BUY
2016-03-23T01:55:01.970000;2016-03-23T01:55:01.990000;9b90507b-579c-447c-a281-1184efdc488d;416.72;2.50558;BUY
2016-03-23T01:55:31.430000;2016-03-23T01:55:31.443000;f3fda42f-2677-4931-82d6-515c2f81151d;416.72;0.19008;BUY
2016-03-23T01:56:01.400000;2016-03-23T01:56:01.427000;8c7c5ecf-d17f-4a86-989b-2b2f565d0586;416.72;0.08314;BUY
2016-03-23T01:56:31.450000;2016-03-23T01:56:31.490000;89fb6473-527d-432a-8d81-038fd6d1273c;416.71;0.01;BUY
2016-03-23T01:57:01.793000;2016-03-23T01:57:01.817000;4436dc55-e19e-45d3-98bc-b0af33680805;416.72;0.05939;BUY
2016-03-23T01:58:01.367000;2016-03-23T01:58:01.380000;e8d1e652-7ab3-481f-8c61-3746478639c4;416.72;7.12781;BUY
2016-03-23T01:58:31.513000;2016-03-23T01:58:31.520000;210c2ae4-eca9-4c81-9d80-52b1e944b419;416.71;0.2;SELL
2016-03-23T01:58:31.513000;2016-03-23T01:58:31.537000;81a26811-4d10-44eb-b495-d778c4dd3547;416.71;0.05;SELL
2016-03-23T01:58:31.513000;2016-03-23T01:58:31.537000;046484a6-03f8-47b0-ab69-d3d3085ba6bb;416.71;1.3241;SELL
2016-03-23T01:59:02.130000;2016-03-23T01:59:02.147000;775db942-15ab-4392-84ba-3f8e25de92e3;416.72;3.04661;BUY
2016-03-23T01:59:02.130000;2016-03-23T01:59:02.160000;bacba11b-833c-4527-a0df-57ab8b4425ae;416.72;0.291;BUY
2016-03-23T01:59:02.130000;2016-03-23T01:59:02.160000;2130b1b3-457f-4275-a0c6-240a15fb3a8f;416.73;0.25;BUY
2016-03-23T01:59:02.130000;2016-03-23T01:59:02.160000;d439c5c5-ef92-49ec-9c3b-89d419e65a00;416.73;0.25;BUY
2016-03-23T01:59:02.130000;2016-03-23T01:59:02.177000;9a6fcac6-7a7a-4ebd-a5f4-410513f02613;416.74;0.25;BUY
2016-03-23T01:59:02.130000;2016-03-23T01:59:02.240000;6a3d5d73-edda-488d-9084-4d3f38a9c2fa;416.75;0.01;BUY
2016-03-23T01:59:02.130000;2016-03-23T01:59:02.240000;f31e7f9e-52a1-4483-bc64-25f23fdd9180;416.75;0.15;BUY
2016-03-23T01:59:02.130000;2016-03-23T01:59:02.240000;cf9e2c70-0158-4a57-8792-7388033d70bc;416.76;0.25;BUY
2016-03-23T01:59:02.130000;2016-03-23T01:59:02.240000;a0703b97-6f39-4baa-ad09-2fab9f2bdefe;416.76;0.01;BUY
2016-03-23T01:59:02.130000;2016-03-23T01:59:02.240000;b77ce03f-d65c-4198-a1d4-ceb77a0eaf51;416.76;0.01;BUY
2016-03-23T01:59:02.133000;2016-03-23T01:59:02.240000;059d4afc-b4e4-4b6d-9dae-3de18b864014;416.77;0.25;BUY
2016-03-23T01:59:02.133000;2016-03-23T01:59:02.240000;3c52d4e4-c300-4a9c-a425-3f8275513dab;416.77;0.25;BUY
2016-03-23T01:59:02.133000;2016-03-23T01:59:02.240000;25381734-f089-49a5-857d-baeee2be2d94;416.77;0.25;BUY
2016-03-23T01:59:02.133000;2016-03-23T01:59:02.253000;6f8a89b8-93fb-463c-b4cf-ff6226bd23ac;416.77;0.06087;BUY
2016-03-23T01:59:31.603000;2016-03-23T01:59:31.663000;3ec5d82e-287f-470e-a597-a1d8f7878b47;416.78;0.25;BUY
2016-03-23T01:59:31.603000;2016-03-23T01:59:31.663000;e645dca2-0dd4-4673-b2e3-0269d926943d;416.78;0.25;BUY
2016-03-23T01:59:31.603000;2016-03-23T01:59:31.680000;fb55c2f4-00d8-47c9-a141-feeacc91f6f7;416.78;0.25;BUY
2016-03-23T01:59:31.603000;2016-03-23T01:59:31.680000;37036919-5173-463a-9448-54f4eb8492bd;416.78;0.25;BUY
2016-03-23T01:59:31.603000;2016-03-23T01:59:31.710000;6e5f52a3-8bf6-4d00-98ab-b440a574dc05;416.78;0.25;BUY
2016-03-23T01:59:31.603000;2016-03-23T01:59:31.710000;51053297-cf50-4447-b9e9-ba508dd5e380;416.79;0.25;BUY
2016-03-23T01:59:31.603000;2016-03-23T01:59:31.710000;fa0abb7d-4443-4b7b-8200-1f68f2558ddd;416.79;0.25;BUY
2016-03-23T01:59:31.603000;2016-03-23T01:59:31.710000;820b9b81-40e8-4aa3-9b2e-6e49fc6b0221;416.79;0.25;BUY
2016-03-23T01:59:31.603000;2016-03-23T01:59:31.710000;e356fb5e-8ca6-4b57-b1db-cf7febb22541;416.79;0.25;BUY
2016-03-23T01:59:31.603000;2016-03-23T01:59:31.710000;ee206583-d617-4dda-adb8-3fbc1475efa8;416.79;0.11599;BUY
2016-03-23T01:59:45.167000;2016-03-23T01:59:45.227000;e86bd3a3-d182-4f93-bfa9-eeb65c82b755;416.79;0.0385;BUY
2016-03-23T01:59:45.180000;2016-03-23T01:59:45.240000;95c47d4b-3e79-49fd-8791-eb4107baa70f;416.79;0.0315;BUY
2016-03-23T01:59:45.190000;2016-03-23T01:59:45.257000;cd788c44-6f8c-4708-8109-5c582022f970;416.79;0.06401;BUY
2016-03-23T01:59:45.190000;2016-03-23T01:59:45.257000;964aee5d-bf6b-4444-befa-2626d31a8c85;416.79;0.04599;BUY
2016-03-23T01:59:57.753000;2016-03-23T01:59:57.803000;11db30a2-faf6-40dd-9b57-8436796f77f6;416.79;0.0658;BUY
2016-03-23T01:59:57.757000;2016-03-23T01:59:57.820000;53f28370-602e-4892-9900-65ac1749f4f9;416.79;0.13821;BUY
2016-03-23T01:59:57.757000;2016-03-23T01:59:57.820000;d86c159e-2a45-4122-a621-399f28a6cf10;416.79;0.09599;BUY
2016-03-23T01:59:57.763000;2016-03-23T01:59:57.833000;7862ac2b-63a7-4ea5-bc87-c615b097ec70;416.79;0.03;BUY
2016-03-23T02:00:31.470000;2016-03-23T02:00:31.523000;d46e549d-340b-4da7-b633-2fa70f6b9d30;416.77;0.06;SELL
2016-03-23T02:00:31.470000;2016-03-23T02:00:31.537000;57451aad-1123-421d-8d6f-64acd20c7e72;416.76;0.352;SELL
2016-03-23T02:00:31.470000;2016-03-23T02:00:31.537000;af1367c2-355c-4339-9c75-de3c8d7967be;416.75;2.8877;SELL
2016-03-23T02:01:01.503000;2016-03-23T02:01:01.553000;1f631603-b559-4e8d-9892-055bc77c3598;416.79;0.05698;BUY
2016-03-23T02:01:31.583000;2016-03-23T02:01:31.647000;7884b18f-5837-4309-a1f5-586b9bcf308e;416.75;0.361;SELL
2016-03-23T02:01:31.583000;2016-03-23T02:01:31.663000;ab98e70e-4e75-4f56-8745-37194e4d87c2;416.75;0.05;SELL
2016-03-23T02:01:31.583000;2016-03-23T02:01:31.663000;e17cb99f-ca96-4ca7-b342-dc0ad2f5cb80;416.74;0.8;SELL
2016-03-23T02:01:31.583000;2016-03-23T02:01:31.663000;0fcdfa35-e450-4e5e-9939-05618fd92a15;416.74;1.83121;SELL
2016-03-23T02:01:53.040000;2016-03-23T02:01:53.083000;5558776f-3302-4ffc-a489-962ff8ecc580;416.79;0.0458;BUY
2016-03-23T02:01:53.077000;2016-03-23T02:01:53.147000;a44ea526-a42c-40e5-af1f-3a7d42962d8f;416.79;0.02123;BUY
2016-03-23T02:01:53.077000;2016-03-23T02:01:53.147000;41d9396b-38ea-4cf8-942e-965a803ee06c;416.79;0.02377;BUY
2016-03-23T02:01:54.033000;2016-03-23T02:01:54.083000;ecebda24-271a-4df8-8eb2-c54964955a05;416.79;0.22623;BUY
2016-03-23T02:01:54.033000;2016-03-23T02:01:54.100000;b404f15f-9918-4243-ba38-d123e23fe642;416.8;0.25;BUY
2016-03-23T02:01:54.033000;2016-03-23T02:01:54.100000;d388d3aa-cab3-47f2-9986-c8289197eb18;416.8;0.02;BUY
2016-03-23T02:01:54.033000;2016-03-23T02:01:54.100000;0323bcca-4c4a-4616-9c63-cb1345f0965d;416.81;0.05369022;BUY
2016-03-23T02:01:54.033000;2016-03-23T02:01:54.117000;243ca3e2-fc94-4bde-9982-c11114ed1c7c;416.83;0.01;BUY
2016-03-23T02:01:54.033000;2016-03-23T02:01:54.193000;78200e63-2442-480c-b97c-76da1e510ffc;416.83;0.07342978;BUY
2016-03-23T02:01:54.050000;2016-03-23T02:01:54.210000;feaf3076-2085-462b-a950-2fd2ba206adc;416.83;0.17657022;BUY
2016-03-23T02:01:54.050000;2016-03-23T02:01:54.210000;6054625a-a167-4ac3-8ef8-46749986ccc5;416.83;0.25;BUY
2016-03-23T02:01:54.050000;2016-03-23T02:01:54.210000;43b4f5dc-1033-4b84-8d13-032c122fb0c7;416.84;0.12007978;BUY
2016-03-23T02:02:01.373000;2016-03-23T02:02:01.430000;62f848f3-9c02-4e57-a447-e360a5808ba0;416.8;0.02;BUY
2016-03-23T02:02:01.377000;2016-03-23T02:02:01.443000;2f844387-e3d2-4f3a-8510-d9301e27f2da;416.84;0.07027;BUY
2016-03-23T02:02:32.543000;2016-03-23T02:02:32.583000;1262bb4a-2a43-4173-89f6-2179929d862d;416.8;0.02;BUY
2016-03-23T02:02:32.543000;2016-03-23T02:02:32.600000;ac39b55b-00f4-435a-b072-609912c6b6a6;416.8;0.36225;BUY
2016-03-23T02:03:01.420000;2016-03-23T02:03:01.460000;5b57da56-1a5c-4289-b7ac-264ee846fa66;416.8;0.23753;BUY
2016-03-23T02:03:31.583000;2016-03-23T02:03:31.633000;ef224fa2-02f1-4acc-9765-fd5d8d993aff;416.8;5.13489;BUY
2016-03-23T02:03:31.583000;2016-03-23T02:03:31.647000;389254e9-5789-46f6-8524-038f0b15282e;416.8;0.2;BUY
2016-03-23T02:03:31.583000;2016-03-23T02:03:31.647000;050c30a0-ff56-4edc-a3ac-fe458eee8532;416.83;0.342;BUY
2016-03-23T02:03:31.583000;2016-03-23T02:03:31.647000;0d4b1a4a-8f1a-410a-8a92-2fac934c2e0b;416.84;0.05965022;BUY
2016-03-23T02:03:31.583000;2016-03-23T02:03:31.663000;b4aa0495-9f13-413b-8e6e-cd044185e3ce;416.86;0.25;BUY
2016-03-23T02:03:31.583000;2016-03-23T02:03:31.740000;1eb46eee-5fae-4f92-be6a-d9d295037468;416.86;0.8;BUY
2016-03-23T02:03:31.583000;2016-03-23T02:03:31.740000;f61ed28f-6cd7-4da8-8bd9-5d257eaad83e;416.86;0.05;BUY
2016-03-23T02:03:31.587000;2016-03-23T02:03:31.740000;d6c2e8ce-d3ad-4236-a4ad-451990802e9d;416.87;17.10281978;BUY
2016-03-23T02:04:04.163000;2016-03-23T02:04:04.210000;bcb69979-bfd1-45ef-9553-44e6e1f9a38a;416.79;0.01679;SELL
2016-03-23T02:04:31.440000;2016-03-23T02:04:31.490000;0daac0a1-d4af-440d-a7ea-b00c902f96e1;416.86;0.05;BUY
2016-03-23T02:04:31.440000;2016-03-23T02:04:31.507000;6ff9ff99-d303-4e68-8d79-85bbbb6db1d5;416.86;0.33;BUY
2016-03-23T02:04:31.440000;2016-03-23T02:04:31.507000;63505fd2-a727-46fd-98a2-bda0515ab08c;416.87;2.03294;BUY
2016-03-23T02:05:01.807000;2016-03-23T02:05:01.850000;b655a0f2-e2ca-42fc-b080-1b5e58e9741d;416.79;0.01694;SELL
2016-03-23T02:05:34.343000;2016-03-23T02:05:34.383000;261820a8-3fab-444a-81a1-d53e317c9726;416.86;0.0475;BUY
2016-03-23T02:06:01.520000;2016-03-23T02:06:01.570000;e1923956-5862-4d1a-97d0-3fc9dacb08cf;416.81;0.324;BUY
2016-03-23T02:06:01.520000;2016-03-23T02:06:01.570000;a57c874a-f16f-41f3-ae9b-954bc6031886;416.82;0.676;BUY
2016-03-23T02:06:31.790000;2016-03-23T02:06:31.833000;64e67208-2364-4a4b-9db4-b9546fce335f;416.81;0.05;BUY
2016-03-23T02:06:31.790000;2016-03-23T02:06:31.850000;127de8b3-a042-4f30-a585-0a64b3cc370c;416.81;0.281;BUY
2016-03-23T02:06:31.790000;2016-03-23T02:06:31.850000;48368f16-ea69-422a-88e6-312468ebeeeb;416.84;1.76984;BUY
2016-03-23T02:07:31.530000;2016-03-23T02:07:31.570000;8575f3f1-17bc-47b4-88da-f6369d78320d;416.8;0.1;BUY
2016-03-23T02:07:31.530000;2016-03-23T02:07:31.587000;2939d70a-9811-48b5-bf00-83d9c8857509;416.81;0.05;BUY
2016-03-23T02:07:31.533000;2016-03-23T02:07:31.587000;858caf31-8b66-4c0a-a4b3-38a8ff60220a;416.81;0.087;BUY
2016-03-23T02:07:31.533000;2016-03-23T02:07:31.587000;eb28e049-63f4-49a2-849e-fa076b83ed4b;416.84;0.53014;BUY
2016-03-23T02:08:01.767000;2016-03-23T02:08:01.803000;b5571b06-e5f9-496b-a1fe-127ecf5c14fb;416.85;0.23751;BUY
2016-03-23T02:08:31.483000;2016-03-23T02:08:31.507000;3d84f35d-f064-4b97-bdf2-80e5e54f2f0c;416.85;0.253;BUY
2016-03-23T02:08:31.483000;2016-03-23T02:08:31.523000;36e5e604-c5bd-4348-bc0e-56182cd724d0;416.85;1.44292;BUY
2016-03-23T02:08:58.227000;2016-03-23T02:08:58.273000;a7a99804-b54b-4fb9-93fc-53dbd33091a3;416.86;0.281;BUY
2016-03-23T02:08:58.227000;2016-03-23T02:08:58.273000;101b2465-e2a6-4a7d-9423-e5c33899cee8;416.87;5.86424022;BUY
2016-03-23T02:08:58.227000;2016-03-23T02:08:58.287000;1c5acf7d-2545-460a-8b56-c046daecc1c3;416.88;1.0708;BUY
2016-03-23T02:08:58.227000;2016-03-23T02:08:58.287000;3b14a2e0-94b5-4892-bab7-7047c2d424ab;416.88;0.63495978;BUY
2016-03-23T02:09:01.770000;2016-03-23T02:09:01.803000;ce33c3ea-b56c-40db-8562-fbb2feea30fe;416.79;0.06627;SELL
2016-03-23T02:09:01.770000;2016-03-23T02:09:01.820000;1ab46f84-d871-43cb-bb71-e8c664a95a2a;416.76;0.073;SELL
2016-03-23T02:09:01.770000;2016-03-23T02:09:01.820000;cf2c9ac1-a225-4fe5-b6c6-a123304bc9e0;416.75;0.0115;SELL
2016-03-23T02:09:01.770000;2016-03-23T02:09:01.820000;1d23c5f0-80a2-4a60-9298-de40a51d69ac;416.75;0.15;SELL
2016-03-23T02:09:01.770000;2016-03-23T02:09:01.837000;a933e642-721f-4ae9-b3f7-ee5c8f1af157;416.74;0.25;SELL
2016-03-23T02:09:01.770000;2016-03-23T02:09:01.837000;ab6a7172-0659-4746-94b5-c1983291109e;416.74;1.95381;SELL
2016-03-23T02:09:31.413000;2016-03-23T02:09:31.443000;2efe56ed-c3c1-49d4-920c-10187b44eca0;416.73;0.25;SELL
2016-03-23T02:09:31.413000;2016-03-23T02:09:31.460000;a04f27cd-2bc6-4bef-84be-038364d190a2;416.69;0.119;SELL
2016-03-23T02:09:31.413000;2016-03-23T02:09:31.460000;8829472d-ffd5-46e9-9800-16959649d167;416.68;0.25;SELL
2016-03-23T02:09:31.413000;2016-03-23T02:09:31.460000;b05ae074-a2cc-4a88-adac-4ec797ebfb21;416.65;0.25;SELL
2016-03-23T02:09:31.413000;2016-03-23T02:09:31.477000;f677f894-ce1f-424f-904b-adf86447ac3a;416.6;0.14347;SELL
2016-03-23T02:10:06.207000;2016-03-23T02:10:06.240000;2ae476c5-906a-4a8d-bd99-7034d8f84385;416.76;0.243;BUY
2016-03-23T02:10:06.207000;2016-03-23T02:10:06.273000;f9884a82-d55a-4648-a582-26dab046d872;416.77;0.757;BUY
2016-03-23T02:10:31.703000;2016-03-23T02:10:31.740000;f55f3ace-7630-443e-b494-2790609c5edf;416.85;0.05;BUY
2016-03-23T02:10:31.703000;2016-03-23T02:10:31.757000;8bfbcef3-ac25-43a4-aa7a-60975cc1e3fc;416.85;0.05656;BUY
2016-03-23T02:11:03.917000;2016-03-23T02:11:03.943000;b1157ce9-8ef1-4129-8b5d-3027d743453e;416.87;0.15;BUY
2016-03-23T02:11:03.917000;2016-03-23T02:11:03.960000;fc1d10d8-a085-402a-8a1c-f8bfba23928e;416.88;0.38;BUY
2016-03-23T02:11:31.480000;2016-03-23T02:11:31.507000;acda187d-a3ea-42be-aa8f-4ac234e25bed;416.88;0.33585;BUY
2016-03-23T02:12:01.567000;2016-03-23T02:12:01.587000;e3b08672-1d00-4232-8023-beb185578359;416.89;0.25;BUY
2016-03-23T02:12:01.567000;2016-03-23T02:12:01.617000;070872ca-28bd-40d3-b178-267fa9b7b2d3;416.9;0.25;BUY
2016-03-23T02:12:01.567000;2016-03-23T02:12:01.617000;43c4dc36-993a-4d06-8e2f-2fc9602c41cd;416.91;0.64383;BUY
2016-03-23T02:14:00.430000;2016-03-23T02:14:00.443000;f250dfd9-282f-4d43-855d-8099fdcb8766;416.92;0.02112;BUY
2016-03-23T02:14:09.043000;2016-03-23T02:14:09.053000;ba1ccf0a-f270-4090-b068-65953c14604b;416.92;0.12888;BUY
2016-03-23T02:14:09.043000;2016-03-23T02:14:09.070000;b2ecbf27-4e94-40cd-a3dc-ec54467423ed;416.92;0.25;BUY
2016-03-23T02:14:09.043000;2016-03-23T02:14:09.070000;69aa882e-e46b-4c47-9cd1-fadebae4ca10;416.93;0.21476088;BUY
2016-03-23T02:14:09.043000;2016-03-23T02:14:09.070000;354b5158-a995-4e13-bf09-a45e258b9180;416.93;0.02;BUY
2016-03-23T02:14:10.770000;2016-03-23T02:14:10.787000;36aedbb5-4d2a-46aa-96f5-2a3fda730ca6;416.93;0.02;BUY
2016-03-23T02:14:11.460000;2016-03-23T02:14:11.477000;b75bf3cf-0726-4f52-9f82-c2b0d634d0d6;416.95;0.01;BUY
2016-03-23T02:14:11.463000;2016-03-23T02:14:11.477000;e8c7f926-1140-4c3b-a4a3-df0230f72605;416.95;0.01;BUY
2016-03-23T02:14:11.463000;2016-03-23T02:14:11.490000;8ad292b8-fa53-4284-8745-c7ec64894a25;416.95;0.01342256;BUY
2016-03-23T02:14:11.463000;2016-03-23T02:14:11.490000;2dd7638f-e47a-445d-97d5-2bf1ed793a00;416.97;0.25;BUY
2016-03-23T02:14:11.463000;2016-03-23T02:14:11.490000;089c4679-6ea0-40a9-b958-3d10656be61c;416.98;0.25;BUY
2016-03-23T02:14:11.463000;2016-03-23T02:14:11.537000;a3d5c042-0ca5-48cf-b435-8e1f940090f1;417.0;6.306;BUY
2016-03-23T02:14:11.463000;2016-03-23T02:14:11.537000;9dbb1840-1edb-4f37-aad2-8a56218d5ebf;417.0;0.1;BUY
2016-03-23T02:14:11.463000;2016-03-23T02:14:11.537000;1e564986-4e3d-4bcf-883b-da700a092e6e;417.0;0.05;BUY
2016-03-23T02:14:11.463000;2016-03-23T02:14:11.570000;4b28f57c-3079-4a95-a556-d696986f1aa5;417.0;2.79557744;BUY
2016-03-23T02:15:26.040000;2016-03-23T02:15:26.090000;0a858217-df5e-4b53-bf86-b03a3fb6a737;416.99;1.0;SELL
2016-03-23T02:19:30.897000;2016-03-23T02:19:30.933000;e6343d2a-56cf-45d7-a252-351dbb8cf32c;416.99;0.05;SELL
2016-03-23T02:19:30.897000;2016-03-23T02:19:30.947000;2415befe-7690-45f0-be91-783360d3daf0;416.99;0.407;SELL
2016-03-23T02:19:30.897000;2016-03-23T02:19:30.947000;791fea51-36a2-484e-a005-c5569d87be40;416.99;2.45826039;SELL
2016-03-23T02:19:30.897000;2016-03-23T02:19:30.947000;50b271c4-d8d4-477e-ad9a-4cda65ceee52;416.99;2.0;SELL
2016-03-23T02:19:30.897000;2016-03-23T02:19:31.010000;734eb2d8-20ea-4847-8b4c-cc18987f08de;416.94;0.459;SELL
2016-03-23T02:19:30.897000;2016-03-23T02:19:31.010000;03e2fee4-7870-4e79-a62a-24e7222643d9;416.9;0.05;SELL
2016-03-23T02:19:30.897000;2016-03-23T02:19:31.010000;21896049-672c-4e4d-970a-b00c6e28617b;416.9;0.8;SELL
2016-03-23T02:19:30.897000;2016-03-23T02:19:31.010000;b344477a-27a5-4bef-bfcd-36c1325a8ee1;416.89;1.41055961;SELL
2016-03-23T02:19:39.273000;2016-03-23T02:19:39.307000;bc189b4a-0726-49f9-85a3-cc4658e82225;417.0;0.18;BUY
2016-03-23T02:20:02.433000;2016-03-23T02:20:02.480000;a6b9436b-cd59-4cc2-b7a5-119c135d5a64;416.99;11.1953;SELL
2016-03-23T02:20:02.433000;2016-03-23T02:20:02.497000;bdf11714-4db4-47d1-9609-fb8865652e06;416.99;0.05;SELL
2016-03-23T02:20:02.433000;2016-03-23T02:20:02.510000;661eec98-4a35-4b1d-85e4-c5a5b5107ffa;416.99;0.359;SELL
2016-03-23T02:20:02.433000;2016-03-23T02:20:02.510000;2952021d-07ba-4bab-94da-2afeba725c23;416.94;7.12785;SELL
2016-03-23T02:20:02.433000;2016-03-23T02:20:02.510000;21018b4d-f99a-4fce-853f-7c7393d48233;416.94;0.407;SELL
2016-03-23T02:20:02.433000;2016-03-23T02:20:02.573000;76271926-238e-4a23-9d66-3a00876ae33c;416.9;0.15;SELL
2016-03-23T02:20:02.437000;2016-03-23T02:20:02.573000;6d9965b1-f5d8-4023-ae35-9095285c4b76;416.89;0.1649;SELL
2016-03-23T02:21:00.730000;2016-03-23T02:21:00.777000;aa601df8-b6ca-4059-88c4-fa768a603d47;416.9;0.1;SELL
2016-03-23T02:21:30.703000;2016-03-23T02:21:30.747000;74774a03-91b4-43fe-b83c-61a3ee5b6135;417.0;0.03724;BUY
2016-03-23T02:21:33.607000;2016-03-23T02:21:33.667000;b7155b61-7922-4f23-838f-990517be2ebd;416.9;0.02112;SELL
2016-03-23T02:22:00.633000;2016-03-23T02:22:00.667000;285f0925-88f0-4cfc-afd2-85777b53155e;417.0;1.17762;BUY
2016-03-23T02:23:00.577000;2016-03-23T02:23:00.603000;bb930658-475c-400b-9ca1-2f5f53ba8616;416.95;0.05435;SELL
2016-03-23T02:23:30.697000;2016-03-23T02:23:30.730000;cc9740f0-c9af-4b01-8b8f-2bde81cb9d63;417.0;0.92598;BUY
2016-03-23T02:24:00.737000;2016-03-23T02:24:00.777000;f45f0052-e434-40b7-a618-8b6a1b369e0f;417.0;0.1;BUY
2016-03-23T02:24:30.873000;2016-03-23T02:24:30.900000;7d23dd5a-493f-40e0-a160-e8a19158f86a;417.0;0.12071;BUY
2016-03-23T02:25:22.050000;2016-03-23T02:25:22.073000;839dc053-9501-4bb2-acc8-6fe37fd773a5;416.99;0.09654193;SELL
2016-03-23T02:25:22.183000;2016-03-23T02:25:22.213000;4cab7aff-6ab5-48ee-99fc-eea9d9bce610;417.0;4.66287256;BUY
2016-03-23T02:25:22.187000;2016-03-23T02:25:22.230000;98954689-e5ab-45db-ac0e-b61b4cf24fde;417.0;0.10005538;BUY
2016-03-23T02:25:22.187000;2016-03-23T02:25:22.230000;1b1dfee6-5833-4e90-8f96-fa5de315eaec;417.0;0.01;BUY
2016-03-23T02:25:24.577000;2016-03-23T02:25:24.620000;6743f8a0-c5a5-48bb-867e-ae391a37eec0;417.02;0.25;BUY
2016-03-23T02:25:28.980000;2016-03-23T02:25:29.010000;7a1726fe-7056-437b-b084-cb2f08348116;417.03;0.1;BUY
2016-03-23T02:25:28.980000;2016-03-23T02:25:29.027000;41a8881a-6001-45c2-8042-77aae2b46458;417.03;0.25;BUY
2016-03-23T02:25:28.980000;2016-03-23T02:25:29.043000;43c1b819-719f-4fe3-814c-efc50bc4e563;417.04;0.01;BUY
2016-03-23T02:25:28.980000;2016-03-23T02:25:29.043000;b11dfd94-663f-4440-ae48-91897533e4de;417.04;0.02377645;BUY
2016-03-23T02:25:28.980000;2016-03-23T02:25:29.043000;0a0d5aad-b21b-4b76-9968-518b4986e7f9;417.05;0.25;BUY
2016-03-23T02:25:28.980000;2016-03-23T02:25:29.043000;52676d85-e48a-46ae-b48d-5baeaed0bed5;417.05;0.02;BUY
2016-03-23T02:25:28.980000;2016-03-23T02:25:29.043000;3a27e161-bb14-4166-b229-dfd4e47ca8b7;417.06;0.1;BUY
2016-03-23T02:25:28.980000;2016-03-23T02:25:29.057000;578d4d3c-a5b7-4c58-b01f-a5044f83191b;417.06;0.02;BUY
2016-03-23T02:25:31.057000;2016-03-23T02:25:31.090000;e2993bd8-c4b0-4e9c-a45c-44454e5cdf7a;417.04;0.16876;SELL
2016-03-23T02:25:31.257000;2016-03-23T02:25:31.307000;2afd6d7f-4c81-4172-9bdf-03d77b7c6d5b;417.1;3.0;BUY
2016-03-23T02:25:32.970000;2016-03-23T02:25:33.010000;767a8aa4-7418-4bed-aa64-ad375b29d68f;417.06;0.02;BUY
2016-03-23T02:25:50.660000;2016-03-23T02:25:50.683000;c2397c0a-c97e-4145-bf1c-26abf3a0546d;417.11;0.021;BUY
2016-03-23T02:26:11.157000;2016-03-23T02:26:11.183000;469f0aee-8c70-4741-af00-9d9214e87f6c;417.1;0.73;SELL
2016-03-23T02:26:11.157000;2016-03-23T02:26:11.200000;25db15f7-1310-4524-9877-46080801972b;417.1;0.366;SELL
2016-03-23T02:26:11.157000;2016-03-23T02:26:11.213000;d796b45f-0abf-492b-b34c-2feb81e4561e;417.1;7.16143;SELL
2016-03-23T02:26:11.157000;2016-03-23T02:26:11.247000;4ab3ba97-a613-427f-b5c8-b676bc1409a6;417.1;0.05;SELL
2016-03-23T02:26:11.157000;2016-03-23T02:26:11.260000;1a1b40d2-9148-4fd1-93aa-2bc045328906;417.1;0.8;SELL
2016-03-23T02:26:11.157000;2016-03-23T02:26:11.260000;4b191c47-ff82-497f-bec1-8de45e4d8bcd;417.1;15.9059;SELL
2016-03-23T02:26:11.157000;2016-03-23T02:26:11.260000;d9076d45-3ac6-4939-af8f-ab39b028bd86;417.1;5.88;SELL
2016-03-23T02:26:11.157000;2016-03-23T02:26:11.260000;1816b5cc-3abd-4fea-8f60-17fad0f1f4ab;417.09;0.7;SELL
2016-03-23T02:26:11.157000;2016-03-23T02:26:11.260000;49e4c9f5-39ba-4f42-8549-ab39b2147849;417.08;2.0;SELL
2016-03-23T02:26:11.157000;2016-03-23T02:26:11.260000;a25f2a83-4c33-4373-9c58-f4f6eff10f19;417.07;4.914;SELL
2016-03-23T02:26:11.157000;2016-03-23T02:26:11.260000;a67d31ad-e5ef-4dbe-861f-e4bad7a7aa1d;417.05;0.321;SELL
2016-03-23T02:26:11.157000;2016-03-23T02:26:11.260000;aee74340-1262-4465-a562-d5a0c6e5942c;417.0;0.35;SELL
2016-03-23T02:26:11.157000;2016-03-23T02:26:11.260000;462b5fcd-36cd-4800-8f7d-78d9de07c45c;416.97;1.2;SELL
2016-03-23T02:26:11.157000;2016-03-23T02:26:11.277000;ef042e92-d902-4b7f-b99c-fc8117ccdf2e;416.95;0.14565;SELL
2016-03-23T02:26:11.160000;2016-03-23T02:26:11.277000;94bf6c90-0de1-412b-b40c-c8ce6859c5a2;416.95;0.325;SELL
2016-03-23T02:26:11.160000;2016-03-23T02:26:11.277000;458a395c-2b19-4408-9264-1fdf10b2b11c;416.9;0.359;SELL
2016-03-23T02:26:11.160000;2016-03-23T02:26:11.277000;99626a45-8bba-44c9-9c87-7835d8934a79;416.89;2.83354039;SELL
2016-03-23T02:26:11.160000;2016-03-23T02:26:11.277000;efb897cf-77aa-4561-aa21-612b32144f63;416.88;0.25;SELL
2016-03-23T02:26:11.160000;2016-03-23T02:26:11.293000;c67f2a78-c449-4422-963d-c69d0bee4285;416.88;0.25;SELL
2016-03-23T02:26:11.160000;2016-03-23T02:26:11.293000;0378d7fb-2089-4f49-b631-75af2b14b882;416.88;0.01;SELL
2016-03-23T02:26:11.160000;2016-03-23T02:26:11.293000;f0da9ca3-f847-43fe-a96a-88bc081d5667;416.87;0.25;SELL
2016-03-23T02:26:11.160000;2016-03-23T02:26:11.293000;ff2fd4bc-b97c-47ad-9826-a3836dc9d97f;416.86;0.15;SELL
2016-03-23T02:26:11.160000;2016-03-23T02:26:11.323000;ab780f59-928b-4898-aabd-7c98e5cfa413;416.85;0.358;SELL
2016-03-23T02:26:11.160000;2016-03-23T02:26:11.323000;0b458fde-0978-48bd-a8a2-2bd9530ab2e7;416.8;0.321;SELL
2016-03-23T02:26:11.160000;2016-03-23T02:26:11.323000;52577cff-b085-4b65-a8b8-97011dd64e28;416.79;0.25;SELL
2016-03-23T02:26:11.160000;2016-03-23T02:26:11.323000;6ca9355c-76c5-4d93-ac4d-253d5a7449e2;416.78;0.25;SELL
2016-03-23T02:26:11.160000;2016-03-23T02:26:11.323000;280236e7-55b9-46ad-91ee-f9b0cb292b0a;416.75;0.341;SELL
2016-03-23T02:26:11.160000;2016-03-23T02:26:11.323000;8e33e9c7-e193-480e-acab-8fe0a4c0a21d;416.73;3.5353606;SELL
2016-03-23T02:26:30.967000;2016-03-23T02:26:31.010000;b83d6b80-b4ab-4a6f-8eaf-cfd7e7570658;417.11;0.229;BUY
2016-03-23T02:26:30.970000;2016-03-23T02:26:31.010000;d16aa75c-3ad5-4116-8e8c-ae53ef7af790;417.11;0.25;BUY
2016-03-23T02:26:30.970000;2016-03-23T02:26:31.027000;7707228c-8bb8-432d-a579-a024c8cd500c;417.11;0.01;BUY
2016-03-23T02:26:30.970000;2016-03-23T02:26:31.027000;12e982e5-635c-41ea-9007-82d41359ae3a;417.12;0.01;BUY
2016-03-23T02:26:30.970000;2016-03-23T02:26:31.027000;b49c08a0-d4f7-4a1b-8010-c2e9fcfa5e95;417.12;0.25;BUY
2016-03-23T02:26:30.970000;2016-03-23T02:26:31.027000;a3b51783-2ab3-43aa-9409-bdb6a5a52627;417.12;0.25;BUY
2016-03-23T02:26:30.970000;2016-03-23T02:26:31.027000;0c284777-2ffb-4c5d-b127-53203da0e8a5;417.12;0.25;BUY
2016-03-23T02:26:30.970000;2016-03-23T02:26:31.043000;e5451c32-05a3-42e2-9f92-fc6d1978946b;417.14;0.25;BUY
2016-03-23T02:26:30.970000;2016-03-23T02:26:31.057000;31e9d4b0-3e27-4448-9f8e-45f4eb6f8a04;417.14;0.295;BUY
2016-03-23T02:26:30.970000;2016-03-23T02:26:31.057000;f219005d-51f0-462b-9dbe-b4ebbc9a1d3f;417.15;0.20528;BUY
2016-03-23T02:27:00.797000;2016-03-23T02:27:00.823000;c383100f-e09d-4e8c-9b03-311d1f7e4e7b;417.15;0.04472;BUY
2016-03-23T02:27:00.797000;2016-03-23T02:27:00.840000;2310ac1c-ef2a-4511-a059-965df48202c5;417.15;0.54856;BUY
2016-03-23T02:27:30.820000;2016-03-23T02:27:30.840000;1cdfabbd-e31c-4d96-a5bd-1d76ad4a3df9;417.16;0.01;BUY
2016-03-23T02:27:30.823000;2016-03-23T02:27:30.870000;8c3049d0-e3e6-4795-92d3-4519e3a6f4ea;417.16;0.09;BUY
2016-03-23T02:28:01.040000;2016-03-23T02:28:01.073000;9695f896-c417-4ce2-a141-ddcea3218595;417.16;3.54827;BUY
2016-03-23T02:28:30.727000;2016-03-23T02:28:30.747000;f6afa267-026e-4f0e-b9a8-dc7a057c99bf;417.19;0.04872;BUY
2016-03-23T02:28:30.727000;2016-03-23T02:28:30.760000;ddc1a53b-e054-4643-a565-6203b985dc53;417.19;0.12585;BUY
2016-03-23T02:29:00.660000;2016-03-23T02:29:00.683000;cd2fd8b4-e23e-43aa-959a-83581707667a;417.19;0.79445;BUY
2016-03-23T02:29:31.580000;2016-03-23T02:29:31.603000;501bed1f-4766-42ad-88d7-a78674aab6ac;417.19;0.25393;BUY
2016-03-23T02:30:31.837000;2016-03-23T02:30:31.873000;9dbf77c9-e785-402b-8d65-c04ebde44d5a;417.19;0.51577;BUY
2016-03-23T02:30:31.837000;2016-03-23T02:30:31.890000;635995fc-e207-4a9b-8345-fb15bc64ef87;417.19;0.01319;BUY
2016-03-23T02:31:01.920000;2016-03-23T02:31:01.953000;94c41a86-c675-49f6-8b3d-784a0fb9fb23;417.2;0.01;BUY
2016-03-23T02:31:01.920000;2016-03-23T02:31:01.970000;a05bdca6-d150-4231-a623-3525cb19c138;417.2;0.108;BUY
2016-03-23T02:31:01.920000;2016-03-23T02:31:01.983000;7cf708dd-6750-4762-b3e5-d4fb79efc600;417.21;0.25;BUY
2016-03-23T02:31:01.920000;2016-03-23T02:31:01.983000;3914c857-b451-4e90-94e3-86d8116de666;417.22;0.06733;BUY
2016-03-23T02:31:30.810000;2016-03-23T02:31:30.843000;5e70a79c-0b58-44e4-b68a-629843551aca;417.22;0.67092595;BUY
2016-03-23T02:31:30.810000;2016-03-23T02:31:30.873000;c997370b-90cd-45fd-854f-64d53b92bfab;417.22;0.01;BUY
2016-03-23T02:31:30.810000;2016-03-23T02:31:30.873000;4a4a2179-c8ae-435a-8d02-2625088a04d5;417.22;0.156;BUY
2016-03-23T02:31:30.810000;2016-03-23T02:31:30.873000;d520695c-b6e4-4c26-8438-2231b9cde32d;417.23;0.01;BUY
2016-03-23T02:31:30.810000;2016-03-23T02:31:30.873000;5cd96af0-9685-47b9-9da5-4d4ed2c014a5;417.23;0.02;BUY
2016-03-23T02:31:30.810000;2016-03-23T02:31:30.873000;b69225b3-0bae-435e-8250-dc63dbc2635b;417.24;0.13307405;BUY
2016-03-23T02:32:02.333000;2016-03-23T02:32:02.360000;829a3fd8-0f2b-48a8-a14e-d11437a5e165;417.23;0.10306;SELL
2016-03-23T02:32:31.297000;2016-03-23T02:32:31.327000;70f04135-bad9-4155-9c95-1973ce8c0ba7;417.23;0.00394;SELL
2016-03-23T02:32:31.300000;2016-03-23T02:32:31.343000;1bba58ed-ad6c-471a-90a6-11ad42fa4cd7;417.15;0.01;SELL
2016-03-23T02:32:31.300000;2016-03-23T02:32:31.360000;b81dc309-8695-475a-aeea-7abf359d130b;417.15;0.473594;SELL
2016-03-23T02:32:31.300000;2016-03-23T02:32:31.360000;211a07f4-f00c-4fe6-8575-835cf278d172;417.12;4.175466;SELL
2016-03-23T02:33:00.817000;2016-03-23T02:33:00.843000;704a2656-97d0-4c3f-8d0d-6aa2b4ce5a7f;417.14;0.237;SELL
2016-03-23T02:33:00.817000;2016-03-23T02:33:00.860000;3642c4ae-57c5-4fc8-bf1d-5f61ba80a146;417.13;5.55523;SELL
2016-03-23T02:33:29.653000;2016-03-23T02:33:29.687000;66472c56-9519-4c66-8ddf-2fc4f0565e5b;417.24;0.11692595;BUY
2016-03-23T02:33:29.653000;2016-03-23T02:33:29.720000;3223772c-4110-4e3c-915b-b5be92f7eac1;417.24;0.123;BUY
2016-03-23T02:33:29.653000;2016-03-23T02:33:29.720000;9928a151-952b-4ee3-b6e7-3b3fdbb3e7b2;417.25;0.08103751;BUY
2016-03-23T02:33:29.653000;2016-03-23T02:33:29.720000;dde1190b-4d24-4f4b-8fb9-ae245e651bbf;417.25;0.08085049;BUY
2016-03-23T02:33:29.653000;2016-03-23T02:33:29.720000;3719f9dd-0eea-407c-9eb0-157e138e61ea;417.25;0.057;BUY
2016-03-23T02:33:29.653000;2016-03-23T02:33:29.720000;ad15f17f-a7a5-495f-b7b3-7699a6b77f31;417.27;0.25;BUY
2016-03-23T02:33:29.653000;2016-03-23T02:33:29.720000;ddd5a7e7-a778-4ca2-a7fd-992f14a870f0;417.27;0.01180584;BUY
2016-03-23T02:33:29.653000;2016-03-23T02:33:29.720000;9ac8e0d0-fd6b-4645-9a53-8b7316554b74;417.28;0.25;BUY
2016-03-23T02:33:29.653000;2016-03-23T02:33:29.720000;de192232-35cd-4d70-9e59-5629a59c6e3c;417.29;0.095;BUY
2016-03-23T02:33:29.653000;2016-03-23T02:33:29.733000;d4d2d141-cea2-4976-b1bf-9f72d233cbae;417.3;0.25;BUY
2016-03-23T02:33:29.657000;2016-03-23T02:33:29.750000;86ed0035-1408-4884-926d-da6b338e259c;417.31;0.02583296;BUY
2016-03-23T02:33:30.620000;2016-03-23T02:33:30.657000;9e37454b-364b-425d-9d4e-915f0cc3fa46;417.31;0.44776104;BUY
2016-03-23T02:33:30.620000;2016-03-23T02:33:30.673000;8e006e94-4d35-4b1b-9677-5bc5ac36018c;417.31;0.086;BUY
2016-03-23T02:33:30.620000;2016-03-23T02:33:30.673000;bcf202ad-486a-4579-b54f-5ce3d2534537;417.32;0.01;BUY
2016-03-23T02:33:30.620000;2016-03-23T02:33:30.673000;3d017168-2073-4946-81de-d91170a1cda3;417.34;0.25;BUY
2016-03-23T02:33:30.620000;2016-03-23T02:33:30.673000;4edf925a-1adc-4837-8554-9ef90abeac87;417.34;0.127;BUY
2016-03-23T02:33:30.620000;2016-03-23T02:33:30.673000;8723440e-32a2-41f1-be8b-3fa4fec5ac30;417.34;0.42069171;BUY
2016-03-23T02:33:30.880000;2016-03-23T02:33:30.907000;d8a1b47d-44f9-4995-a51e-19c65bcd09e5;417.34;1.17930829;BUY
2016-03-23T02:33:30.880000;2016-03-23T02:33:30.937000;f7883cb1-3fb2-465a-b625-54127599f2ab;417.35;0.01;BUY
2016-03-23T02:33:30.880000;2016-03-23T02:33:30.937000;03aee91a-3308-4b51-9fb1-91d2c117a4e2;417.35;0.0395;BUY
2016-03-23T02:33:30.880000;2016-03-23T02:33:30.937000;a29fcaea-ff04-420b-bf6a-7f2fc44cbd8a;417.35;0.11264446;BUY
2016-03-23T02:33:31.460000;2016-03-23T02:33:31.500000;b178cc14-d769-45a8-91fa-51fd515d2e62;417.35;0.3467;BUY
2016-03-23T02:33:31.847000;2016-03-23T02:33:31.890000;4f86b973-899d-4576-9701-07d5d182eccb;417.35;0.1133;BUY
2016-03-23T02:33:31.847000;2016-03-23T02:33:31.890000;0092331a-e0b5-491e-a822-2128742b2449;417.35;0.69;BUY
2016-03-23T02:33:31.847000;2016-03-23T02:33:31.890000;62fe78e2-c3a8-4fd6-97cc-d5ee45bfe5a9;417.36;0.53815275;BUY
2016-03-23T02:34:01.360000;2016-03-23T02:34:01.390000;f580f6f6-96cb-4a4b-aa82-2bc74afcf690;417.34;0.05;BUY
2016-03-23T02:34:01.360000;2016-03-23T02:34:01.407000;e60948b0-8929-40ad-bc4a-c1f75a57243f;417.35;0.6783;BUY
2016-03-23T02:34:31.257000;2016-03-23T02:34:31.280000;51b8d649-3f68-47ad-ab88-aea90af49d47;417.34;0.37249;BUY
2016-03-23T02:35:30.773000;2016-03-23T02:35:30.797000;01ebdf15-c921-43fb-8fed-bbb7e3a62525;417.34;0.02751;BUY
2016-03-23T02:35:30.773000;2016-03-23T02:35:30.813000;f8117785-e472-4fbc-92d9-d00b1cd9aab0;417.34;0.124;BUY
2016-03-23T02:35:30.777000;2016-03-23T02:35:30.827000;ce1c1e6d-8191-46f4-9168-9b3d93257495;417.36;0.76896;BUY
2016-03-23T02:36:03.900000;2016-03-23T02:36:03.923000;43210331-9aa3-4460-916c-0d0938d31a54;417.36;0.69288725;BUY
2016-03-23T02:36:03.900000;2016-03-23T02:36:03.937000;b57cb465-264c-43c5-ba22-898dad17deaf;417.36;0.15;BUY
2016-03-23T02:36:03.900000;2016-03-23T02:36:03.970000;d714259c-209a-4bef-8b94-e77a8e477a37;417.36;0.16873275;BUY
2016-03-23T02:37:00.870000;2016-03-23T02:37:00.907000;8ce3b47e-1f73-4c62-807b-aa800fbcbd51;417.37;0.5;BUY
2016-03-23T02:37:00.870000;2016-03-23T02:37:00.907000;e2c4d663-3abf-497a-b227-ff663b2f8b05;417.37;0.346;BUY
2016-03-23T02:37:00.870000;2016-03-23T02:37:00.923000;3fbe5dcb-0368-4174-a4bd-f93b7b18b577;417.38;0.01;BUY
2016-03-23T02:37:00.870000;2016-03-23T02:37:00.923000;9134d108-55ef-40a2-8428-1ce2a0fb0d5f;417.38;0.69;BUY
2016-03-23T02:37:00.870000;2016-03-23T02:37:00.937000;03f90974-7eaa-4d79-b7c2-eb6d58ea19aa;417.39;0.00782;BUY
2016-03-23T02:37:20.927000;2016-03-23T02:37:20.953000;e6e838d1-ef8c-4b52-ad8e-229612546d29;417.38;0.353;BUY
2016-03-23T02:37:20.927000;2016-03-23T02:37:20.970000;abf38459-7203-4507-9b0a-7e4264f2d8e5;417.38;0.46;BUY
2016-03-23T02:37:20.927000;2016-03-23T02:37:20.983000;089a4c9a-ef07-4345-b47d-6e0158593b69;417.39;0.24218;BUY
2016-03-23T02:37:20.927000;2016-03-23T02:37:20.983000;8cb44b30-0eae-4de0-91fc-0de50ec2d269;417.39;0.01;BUY
2016-03-23T02:37:20.927000;2016-03-23T02:37:20.983000;96ed6eec-6a97-4b8d-8687-5c0541f3766a;417.39;0.12977255;BUY
2016-03-23T02:37:30.760000;2016-03-23T02:37:30.780000;bd4f62a9-0b05-45e2-b54b-fb14bc0af004;417.39;0.383;BUY
2016-03-23T02:37:30.760000;2016-03-23T02:37:30.797000;50bf1f75-4828-449f-a585-9f44e075b4d5;417.4;0.01153525;BUY
2016-03-23T02:37:30.760000;2016-03-23T02:37:30.813000;fa199f37-b5e1-40b5-9e1d-b9d943164c41;417.4;0.02;BUY
2016-03-23T02:37:30.760000;2016-03-23T02:37:30.813000;21e30e37-f29f-4ef8-b2c8-2474aa69a6c2;417.4;0.38817475;BUY
2016-03-23T02:38:01.253000;2016-03-23T02:38:01.267000;cf4a4643-8ff0-4b9c-ab28-55e478bea40a;417.4;0.02;BUY
2016-03-23T02:38:01.253000;2016-03-23T02:38:01.280000;28ab29d2-6493-4f19-8547-0791922f7c92;417.41;0.01074;BUY
2016-03-23T02:38:30.850000;2016-03-23T02:38:30.873000;0126abd9-1ef4-4318-919f-baf9f9b743eb;417.3;0.473616;SELL
2016-03-23T02:38:30.850000;2016-03-23T02:38:30.890000;d3f35d81-e516-4ade-b2ba-6ac3692f861e;417.3;0.291;SELL
2016-03-23T02:38:30.850000;2016-03-23T02:38:30.907000;ac606153-8256-48f2-bc9b-fa4261617f40;417.29;0.8;SELL
2016-03-23T02:38:30.850000;2016-03-23T02:38:30.907000;6c6f4bca-3db4-4379-9640-dab652ed6572;417.29;0.05;SELL
2016-03-23T02:38:30.850000;2016-03-23T02:38:30.907000;75a138a7-4536-47e6-bbc9-37a0070e1b72;417.29;0.15;SELL
2016-03-23T02:38:30.853000;2016-03-23T02:38:30.983000;8b6d22b4-e162-4f69-ab6d-d6e45ff9c3a0;417.28;8.22;SELL
2016-03-23T02:38:30.853000;2016-03-23T02:38:30.983000;00de5f9f-00e5-482b-9686-423fcf6d5dce;417.28;1.440434;SELL
2016-03-23T02:39:00.853000;2016-03-23T02:39:00.877000;4a282267-008e-4bbc-91b7-5c1e10aafddc;417.4;0.02;BUY
