time_exchange;time_coinpai;guid;price;base_amount;taker_side
2016-04-25T00:00:27.000000;2016-04-25T00:00:27.000000;9b7e2d10-2eb5-4c06-a171-2f6bea87062c;463.33;0.0535;UNKNOWN
2016-04-25T00:00:30.000000;2016-04-25T00:00:30.000000;084d87cc-439c-4420-8296-f48d8c9ccdb7;463.33;0.05173145;UNKNOWN
2016-04-25T00:00:37.000000;2016-04-25T00:00:37.000000;77d3bc9d-ddba-4f35-9472-cf5804837e79;463.33;0.05173145;UNKNOWN
2016-04-25T00:00:40.000000;2016-04-25T00:00:40.000000;82c15f03-58d9-4f48-82c8-49a16af8e770;463.33;0.05175141;UNKNOWN
2016-04-25T00:00:42.000000;2016-04-25T00:00:42.000000;7eaa7600-5230-4373-9a0e-c8224a93f05a;463.33;0.05175141;UNKNOWN
2016-04-25T00:00:44.000000;2016-04-25T00:00:44.000000;b76a9662-2782-4108-8606-cc7801df4679;463.33;0.05175141;UNKNOWN
2016-04-25T00:00:47.000000;2016-04-25T00:00:47.000000;8e5e7631-732c-44d5-93eb-a9c0829e842a;463.33;0.05175141;UNKNOWN
2016-04-25T00:00:49.000000;2016-04-25T00:00:49.000000;c181e653-990e-4584-a59c-fc109ff94823;463.33;0.01645481;UNKNOWN
2016-04-25T00:00:51.000000;2016-04-25T00:00:51.000000;3379c5fb-f58a-46ae-b293-dd992790211d;463.33;0.05173145;UNKNOWN
2016-04-25T00:00:53.000000;2016-04-25T00:00:53.000000;9572ade2-f7a3-4aa8-841c-b6ea2af932fe;463.33;0.6;UNKNOWN
2016-04-25T00:00:54.000000;2016-04-25T00:00:54.000000;d50c5fc3-f8fa-4ac7-8948-8952119e39f0;463.33;0.05172705;UNKNOWN
2016-04-25T00:01:00.000000;2016-04-25T00:01:00.000000;c4db124a-8168-4b60-89ed-92fd835172c8;463.33;0.05133683;UNKNOWN
2016-04-25T00:01:03.000000;2016-04-25T00:01:03.000000;bde2053a-589e-4efb-b756-fabea80d9f74;463.33;0.05083681;UNKNOWN
2016-04-25T00:01:05.000000;2016-04-25T00:01:05.000000;801c6240-6064-4a53-a65f-ebe7592704f1;463.33;0.0500392;UNKNOWN
2016-04-25T00:01:54.000000;2016-04-25T00:01:54.000000;66f90bc4-6648-4ac3-8995-d161b7d65b60;463.48;0.02;UNKNOWN
2016-04-25T00:02:13.000000;2016-04-25T00:02:13.000000;a9f08021-a4d2-4dc2-85a7-6ead11444e5f;463.33;0.506;UNKNOWN
2016-04-25T00:02:22.000000;2016-04-25T00:02:22.000000;6af730ab-8ae3-44b2-a241-ce89e626166f;463.32;0.0375;UNKNOWN
2016-04-25T00:02:23.000000;2016-04-25T00:02:23.000000;71890b17-8644-4dba-9663-7cf05f38779a;463.32;0.0808;UNKNOWN
2016-04-25T00:02:23.000000;2016-04-25T00:02:23.000000;98e130b6-d0c9-4fcc-8231-48d0ec11ece6;463.32;0.055;UNKNOWN
2016-04-25T00:02:32.000000;2016-04-25T00:02:32.000000;a137c474-6d8b-40ef-9a45-ee4477fd9c7a;463.5;0.0686811;UNKNOWN
2016-04-25T00:02:32.000000;2016-04-25T00:02:32.000000;9fbe6138-3488-4b21-9d27-2a032096fa94;463.49;23.3207;UNKNOWN
2016-04-25T00:02:32.000000;2016-04-25T00:02:32.000000;a3a22380-a125-454b-a2c9-26c87c2d3a97;463.49;11.6527;UNKNOWN
2016-04-25T00:02:32.000000;2016-04-25T00:02:32.000000;f1669a9c-23c3-42e1-80f0-e9ace8c92793;463.45;0.0255;UNKNOWN
2016-04-25T00:02:32.000000;2016-04-25T00:02:32.000000;6c18b1f7-8290-4e9b-9b43-bcf272754975;463.5;6.4053;UNKNOWN
2016-04-25T00:02:35.000000;2016-04-25T00:02:35.000000;2af35cd4-49b4-4b09-a5d8-a7f45de8f023;463.51;0.06494805;UNKNOWN
2016-04-25T00:02:37.000000;2016-04-25T00:02:37.000000;f910cd5d-2512-4323-9967-2ba171a6782e;463.51;0.0755542;UNKNOWN
2016-04-25T00:02:39.000000;2016-04-25T00:02:39.000000;e6213420-4810-4141-b4ac-69da79525cbe;463.52;0.06938478;UNKNOWN
2016-04-25T00:02:41.000000;2016-04-25T00:02:41.000000;205f65ea-3004-46a9-be84-577d230bb203;463.53;0.10494015;UNKNOWN
2016-04-25T00:02:41.000000;2016-04-25T00:02:41.000000;d0afecaa-4476-4ecf-a125-5b0ca7e55099;463.53;0.06108208;UNKNOWN
2016-04-25T00:02:44.000000;2016-04-25T00:02:44.000000;a789121f-42df-47e6-a7d5-a41e39d672a2;463.54;0.0529305;UNKNOWN
2016-04-25T00:02:45.000000;2016-04-25T00:02:45.000000;9e5e9a7b-17e7-4407-b68a-05f3e037403a;463.54;0.2537;UNKNOWN
2016-04-25T00:02:50.000000;2016-04-25T00:02:50.000000;ce8e8f95-96c8-4cec-87e9-015ac89df8db;463.68;1.23;UNKNOWN
2016-04-25T00:02:50.000000;2016-04-25T00:02:50.000000;eb0132e7-99b7-4836-ab9e-9cc5c8d5d67f;463.7;5.0;UNKNOWN
2016-04-25T00:03:12.000000;2016-04-25T00:03:12.000000;29dbad83-8686-4ba1-8949-fc45518e8631;463.37;0.0763;UNKNOWN
2016-04-25T00:03:46.000000;2016-04-25T00:03:46.000000;2c523c3b-d3b0-4c03-abc2-c8ebaeac56e0;463.37;0.13384105;UNKNOWN
2016-04-25T00:03:50.000000;2016-04-25T00:03:50.000000;72186e44-7f84-446d-a986-0cf5e3e97e47;463.37;0.10631968;UNKNOWN
2016-04-25T00:04:06.000000;2016-04-25T00:04:06.000000;b8356251-b2fd-4d52-9411-a440c1c017eb;463.33;0.252;UNKNOWN
2016-04-25T00:04:06.000000;2016-04-25T00:04:06.000000;6c4647b0-d1a7-4f73-81a8-896736f9b2a2;463.33;0.207;UNKNOWN
2016-04-25T00:04:18.000000;2016-04-25T00:04:18.000000;79b5f26d-d2af-4c51-80af-9c382e821644;463.33;0.252;UNKNOWN
2016-04-25T00:04:20.000000;2016-04-25T00:04:20.000000;ac08ac74-0150-4bf8-9fdd-1ea3916f23cb;463.33;0.0589;UNKNOWN
2016-04-25T00:04:32.000000;2016-04-25T00:04:32.000000;4004f479-4921-4735-b018-fd4338550537;463.33;0.252;UNKNOWN
2016-04-25T00:04:44.000000;2016-04-25T00:04:44.000000;c4814b86-88f9-4783-bb51-266fd9fb3b6e;463.33;0.252;UNKNOWN
2016-04-25T00:05:02.000000;2016-04-25T00:05:02.000000;fba4fd95-f6ea-4f71-9d78-e04dbe677767;463.33;0.252;UNKNOWN
2016-04-25T00:05:08.000000;2016-04-25T00:05:08.000000;b3b38956-e70c-4c83-af9a-0c14eb88cf8c;463.33;0.3828;UNKNOWN
2016-04-25T00:05:17.000000;2016-04-25T00:05:17.000000;631ea0de-1c55-4ebd-858c-49c87262fccc;463.33;0.252;UNKNOWN
2016-04-25T00:05:28.000000;2016-04-25T00:05:28.000000;32a9de38-b289-4f69-ba95-b1ffd1129000;463.37;0.07562438;UNKNOWN
2016-04-25T00:05:28.000000;2016-04-25T00:05:28.000000;280e221b-95fc-49c4-b076-74fa959c2843;463.37;0.252;UNKNOWN
2016-04-25T00:05:28.000000;2016-04-25T00:05:28.000000;4ca8f42e-8e26-40df-bcc0-a5c002d63856;463.63;1.45237562;UNKNOWN
2016-04-25T00:05:34.000000;2016-04-25T00:05:34.000000;f655fd28-86a1-4966-b979-896feb9b467d;463.33;0.252;UNKNOWN
2016-04-25T00:05:37.000000;2016-04-25T00:05:37.000000;7cfa8ac5-247d-4249-a4cd-ad193cd173dd;463.33;0.2524;UNKNOWN
2016-04-25T00:05:47.000000;2016-04-25T00:05:47.000000;27cedc1f-17ff-48e1-98e4-2b3a7e3c9fe5;463.33;0.252;UNKNOWN
2016-04-25T00:05:53.000000;2016-04-25T00:05:53.000000;4e6b3b97-b4b0-40d0-b96f-1fc99e39c072;463.34;0.407;UNKNOWN
2016-04-25T00:05:53.000000;2016-04-25T00:05:53.000000;ec6bc206-c132-4c04-909c-0c1ff07ee018;463.32;0.0245104;UNKNOWN
2016-04-25T00:06:00.000000;2016-04-25T00:06:00.000000;9a15e6fe-99ae-4505-9eb9-9836d195113b;463.34;0.252;UNKNOWN
2016-04-25T00:06:12.000000;2016-04-25T00:06:12.000000;86fb1585-27b6-46d7-8fb0-c9890a8cbcfc;463.34;0.252;UNKNOWN
2016-04-25T00:06:25.000000;2016-04-25T00:06:25.000000;3c6c7a03-cae3-4fff-bd82-53b53ecad521;463.34;0.252;UNKNOWN
2016-04-25T00:06:37.000000;2016-04-25T00:06:37.000000;42ec64b3-8684-44f7-80b1-d0bc94799e77;463.02;8.22;UNKNOWN
2016-04-25T00:06:37.000000;2016-04-25T00:06:37.000000;f1c31bd0-44d7-44aa-bbf7-8464e73858d9;463.02;13.2950551;UNKNOWN
2016-04-25T00:06:37.000000;2016-04-25T00:06:37.000000;7fe2235a-76ef-4242-96f4-af957e1c222b;463.34;5.7097;UNKNOWN
2016-04-25T00:06:37.000000;2016-04-25T00:06:37.000000;a886d69e-757d-4ff0-9507-4c6a717f3775;463.32;2.8021896;UNKNOWN
2016-04-25T00:06:37.000000;2016-04-25T00:06:37.000000;0e7bc2c2-5959-418a-b9b2-5e1170c839b4;463.05;6.0;UNKNOWN
2016-04-25T00:06:45.000000;2016-04-25T00:06:45.000000;ca22b82f-070c-4f21-8b6b-f04cd3fec4ae;463.01;12.2850551;UNKNOWN
2016-04-25T00:06:45.000000;2016-04-25T00:06:45.000000;e8ae3c7e-0b92-4d15-bf88-cffaba92b322;463.04;6.4703;UNKNOWN
2016-04-25T00:06:45.000000;2016-04-25T00:06:45.000000;7260563e-34bc-484e-9304-c258caa5dc1a;462.56;5.3607;UNKNOWN
2016-04-25T00:06:45.000000;2016-04-25T00:06:45.000000;f219facb-51c3-4199-9197-ad80405d327c;463.0;0.01;UNKNOWN
2016-04-25T00:06:45.000000;2016-04-25T00:06:45.000000;041cc168-5eb7-4c8d-8e79-41e8d47e10c9;462.68;0.408;UNKNOWN
2016-04-25T00:06:45.000000;2016-04-25T00:06:45.000000;dac94b59-003b-4575-819c-d37d909c0e0e;463.0;1.0;UNKNOWN
2016-04-25T00:06:50.000000;2016-04-25T00:06:50.000000;0654e277-005b-4ecc-b012-0e97f951a122;462.57;31.9165;UNKNOWN
2016-04-25T00:06:50.000000;2016-04-25T00:06:50.000000;73f6b490-0847-4ef9-8f7c-1b352675904a;462.58;6.0;UNKNOWN
2016-04-25T00:06:50.000000;2016-04-25T00:06:50.000000;43ad9fec-2476-4add-8736-fecda2e1fc39;462.38;5.4154;UNKNOWN
2016-04-25T00:06:53.000000;2016-04-25T00:06:53.000000;0f6524c7-ea67-4fe3-a2d8-ee532664fb01;462.28;3.0;UNKNOWN
2016-04-25T00:06:53.000000;2016-04-25T00:06:53.000000;caa17bdf-10be-4994-a5ce-37ae3dec4341;462.28;0.035;UNKNOWN
2016-04-25T00:06:53.000000;2016-04-25T00:06:53.000000;caef1efb-1620-445f-825b-f67ed0f65e7e;462.28;0.04184341;UNKNOWN
2016-04-25T00:07:08.000000;2016-04-25T00:07:08.000000;3e19e688-2d45-4180-86b4-cf7efe39c417;462.34;0.252;UNKNOWN
2016-04-25T00:07:10.000000;2016-04-25T00:07:10.000000;31413f45-8d6d-40f4-a431-7094009d6460;462.35;0.1831;UNKNOWN
2016-04-25T00:07:11.000000;2016-04-25T00:07:11.000000;648b0e0f-1cb6-4f60-bbab-53fe434453f4;462.35;3.0;UNKNOWN
2016-04-25T00:07:16.000000;2016-04-25T00:07:16.000000;7cfb4ff8-e0a0-42a0-9a97-943d06dfd1e2;462.34;6.5;UNKNOWN
2016-04-25T00:07:16.000000;2016-04-25T00:07:16.000000;94129177-fbea-4b40-a1e2-7e05d70d8fcf;462.35;0.5;UNKNOWN
2016-04-25T00:07:16.000000;2016-04-25T00:07:16.000000;15d4e595-3b43-4a3c-8940-e52dbb7796bf;462.35;3.0;UNKNOWN
2016-04-25T00:07:16.000000;2016-04-25T00:07:16.000000;5647ec63-6296-4121-a1ec-7d74f804dae2;462.34;3.0;UNKNOWN
2016-04-25T00:07:22.000000;2016-04-25T00:07:22.000000;7a8909c4-bf08-47d6-8c58-9117ebf02aad;462.35;0.252;UNKNOWN
2016-04-25T00:07:26.000000;2016-04-25T00:07:26.000000;0c6efcc2-b2e9-4d5e-b2a5-29a8c80a86a2;462.26;2.16357079;UNKNOWN
2016-04-25T00:07:30.000000;2016-04-25T00:07:30.000000;056dbeb4-67a1-42ba-84a3-ff93f6fad5c8;462.2;0.408;UNKNOWN
2016-04-25T00:07:31.000000;2016-04-25T00:07:31.000000;9bcbfe24-4516-45e0-a4ba-73249c5ff509;462.1;0.01;UNKNOWN
2016-04-25T00:07:34.000000;2016-04-25T00:07:34.000000;c41b0edb-69a3-46c5-83fb-7ec8ebf28fe9;462.09;0.01;UNKNOWN
2016-04-25T00:07:37.000000;2016-04-25T00:07:37.000000;6a25e522-61ea-4375-8e49-1d42ab56291c;462.11;0.252;UNKNOWN
2016-04-25T00:07:46.000000;2016-04-25T00:07:46.000000;28478361-b0e5-47d5-9ffe-268a8cda6ac0;462.2;2.26;UNKNOWN
2016-04-25T00:07:52.000000;2016-04-25T00:07:52.000000;f425f7cc-cb1e-4e4f-8a4e-ef2a2c628fbc;462.13;0.252;UNKNOWN
2016-04-25T00:08:04.000000;2016-04-25T00:08:04.000000;8411eabb-5722-4fdd-a046-77abbd8cee05;462.15;0.252;UNKNOWN
2016-04-25T00:08:09.000000;2016-04-25T00:08:09.000000;f997efdf-6466-4c48-96c4-d956d9dfd61d;462.16;0.2;UNKNOWN
2016-04-25T00:08:19.000000;2016-04-25T00:08:19.000000;7e1b10a5-5742-4224-86ed-70f6a9bc07cb;462.11;0.252;UNKNOWN
2016-04-25T00:08:36.000000;2016-04-25T00:08:36.000000;38dc9a47-e3fb-4b45-a92c-7e3cb82f90ca;462.16;0.252;UNKNOWN
2016-04-25T00:08:50.000000;2016-04-25T00:08:50.000000;c1eee79d-7f71-4a92-9ebd-4e0be2c2adbd;462.17;0.252;UNKNOWN
2016-04-25T00:09:05.000000;2016-04-25T00:09:05.000000;3f9eac72-7f83-4bc4-8686-edd994927036;462.09;0.1377;UNKNOWN
2016-04-25T00:09:05.000000;2016-04-25T00:09:05.000000;e3909cc0-90aa-4e5e-918e-f73ef7b95a96;462.12;0.5;UNKNOWN
2016-04-25T00:09:05.000000;2016-04-25T00:09:05.000000;51fb2be3-61e4-4eb1-a7b1-54950f7fccb7;462.12;3.0;UNKNOWN
2016-04-25T00:09:23.000000;2016-04-25T00:09:23.000000;0222a5ea-f7cb-462b-a67d-6fd1b95b1b00;462.15;0.252;UNKNOWN
2016-04-25T00:09:31.000000;2016-04-25T00:09:31.000000;50cf2f75-98b0-46fc-a227-bd330f11f987;462.18;0.04618227;UNKNOWN
2016-04-25T00:09:42.000000;2016-04-25T00:09:42.000000;41c55402-c300-4231-b026-540840fd2c9c;462.18;0.20581773;UNKNOWN
2016-04-25T00:09:42.000000;2016-04-25T00:09:42.000000;adbc692c-d7ab-42db-a091-6a5b55d25fb1;462.19;0.1391699;UNKNOWN
2016-04-25T00:09:43.000000;2016-04-25T00:09:43.000000;c3d49c91-5519-45e1-9300-5b89c542df41;462.19;0.34494794;UNKNOWN
2016-04-25T00:09:47.000000;2016-04-25T00:09:47.000000;c44fe204-7731-4c51-84b8-483bd4a2b4a2;462.19;0.19240114;UNKNOWN
2016-04-25T00:09:48.000000;2016-04-25T00:09:48.000000;9feb2f01-e7ab-4726-b887-3027292f8c79;462.2;0.08970951;UNKNOWN
2016-04-25T00:09:48.000000;2016-04-25T00:09:48.000000;cf60c4c6-8901-48f8-9a7c-9a6d3dfc2c50;462.19;0.1026812;UNKNOWN
2016-04-25T00:09:50.000000;2016-04-25T00:09:50.000000;4fd0b441-8cb9-458f-88b9-936d78d0d306;462.2;0.0787197;UNKNOWN
2016-04-25T00:09:50.000000;2016-04-25T00:09:50.000000;32e76198-5496-496d-bfb6-f507e5cc5530;462.33;0.11368144;UNKNOWN
2016-04-25T00:09:50.000000;2016-04-25T00:09:50.000000;5aa2e0d7-9417-449a-9911-49b8ff6615c5;462.33;0.18631856;UNKNOWN
2016-04-25T00:10:19.000000;2016-04-25T00:10:19.000000;85000c95-6ade-4dac-8b5f-d7c5e7e939e8;462.57;0.252;UNKNOWN
2016-04-25T00:11:05.000000;2016-04-25T00:11:05.000000;f5bcc2a4-e735-4553-8457-b8ed1e1fd928;462.57;0.125;UNKNOWN
2016-04-25T00:11:05.000000;2016-04-25T00:11:05.000000;9d26da62-7c42-4c9c-ba75-f33afa2b58b1;462.57;0.252;UNKNOWN
2016-04-25T00:11:16.000000;2016-04-25T00:11:16.000000;f2317b5d-37f0-4c87-967a-1f4a7ca7066a;462.57;7.9427;UNKNOWN
2016-04-25T00:11:16.000000;2016-04-25T00:11:16.000000;bf95a1d4-c5b2-472a-bccc-ef1b1a38eb57;462.57;5.8125;UNKNOWN
2016-04-25T00:11:26.000000;2016-04-25T00:11:26.000000;0d0b535d-c232-489a-a930-0491d73989bc;462.58;0.252;UNKNOWN
2016-04-25T00:11:26.000000;2016-04-25T00:11:26.000000;85a95a0b-a9ce-440b-a85c-0d641f538e09;463.0;0.25;UNKNOWN
2016-04-25T00:11:26.000000;2016-04-25T00:11:26.000000;da6bc406-aca5-41dd-ad25-666c3e4ddaf6;462.57;1.2448;UNKNOWN
2016-04-25T00:11:26.000000;2016-04-25T00:11:26.000000;40e356bb-bc4f-4cb8-9e28-a86675ea5f5c;462.59;0.01;UNKNOWN
2016-04-25T00:11:26.000000;2016-04-25T00:11:26.000000;30c8a8e1-ce01-475b-9ef2-854690ac3e6e;463.06;0.0345;UNKNOWN
2016-04-25T00:11:26.000000;2016-04-25T00:11:26.000000;6e450091-90f1-462e-871e-75c1a14390cb;463.2;0.0235;UNKNOWN
2016-04-25T00:11:26.000000;2016-04-25T00:11:26.000000;f8c3a28d-428c-4625-9170-87abc2e2a0ed;463.19;0.0507;UNKNOWN
2016-04-25T00:11:26.000000;2016-04-25T00:11:26.000000;99cab8ae-15fd-4c7f-b15e-4694f8da1954;463.21;0.6545;UNKNOWN
2016-04-25T00:11:32.000000;2016-04-25T00:11:32.000000;26cd6cb6-a91a-42b0-877f-ef906b0f0035;462.71;0.252;UNKNOWN
2016-04-25T00:11:44.000000;2016-04-25T00:11:44.000000;48e0ab28-40e4-4eb0-9686-7f20600dd721;462.72;0.01;UNKNOWN
2016-04-25T00:11:44.000000;2016-04-25T00:11:44.000000;4e674a57-df72-402a-a2c2-962e872cbce6;462.72;0.252;UNKNOWN
2016-04-25T00:11:48.000000;2016-04-25T00:11:48.000000;db843725-9fc4-4938-90c1-709233e38639;463.1;0.01;UNKNOWN
2016-04-25T00:11:56.000000;2016-04-25T00:11:56.000000;1ed4f135-74c7-411f-864c-c93920aaab07;463.11;0.252;UNKNOWN
2016-04-25T00:12:04.000000;2016-04-25T00:12:04.000000;fab608cd-5060-4f2e-aeec-826a5264c2de;463.11;0.01;UNKNOWN
2016-04-25T00:12:11.000000;2016-04-25T00:12:11.000000;0a59ad50-ccc0-400d-8667-1fe47f551e31;463.21;0.252;UNKNOWN
2016-04-25T00:12:20.000000;2016-04-25T00:12:20.000000;4da9f1d5-31b2-4477-8a86-a15b903b8741;463.1;0.14074;UNKNOWN
2016-04-25T00:12:20.000000;2016-04-25T00:12:20.000000;3b3f6be1-4c39-4310-a348-216cdfd15205;463.11;6.4092;UNKNOWN
2016-04-25T00:12:30.000000;2016-04-25T00:12:30.000000;523252e5-c7ec-420b-94e5-1dc5fddaba2b;463.11;0.252;UNKNOWN
2016-04-25T00:12:36.000000;2016-04-25T00:12:36.000000;45d39aab-ad16-4140-ad8d-ff7e32a187fb;463.17;0.252;UNKNOWN
2016-04-25T00:12:49.000000;2016-04-25T00:12:49.000000;765a1969-38bc-4a69-8f4b-b91c3fb5be36;463.17;0.252;UNKNOWN
2016-04-25T00:13:00.000000;2016-04-25T00:13:00.000000;48fb7a28-9ab0-49c5-95f2-0591c82863ce;463.2;0.252;UNKNOWN
2016-04-25T00:13:13.000000;2016-04-25T00:13:13.000000;1fa877e2-430b-4858-9492-a50404ee32e0;463.2;0.252;UNKNOWN
2016-04-25T00:13:25.000000;2016-04-25T00:13:25.000000;bb52bfbb-ff5d-41ba-94f3-91176fbc900f;463.22;0.252;UNKNOWN
2016-04-25T00:13:37.000000;2016-04-25T00:13:37.000000;4482d13d-94fd-4bd1-af05-8c3e3082aad8;463.27;2.52;UNKNOWN
2016-04-25T00:13:44.000000;2016-04-25T00:13:44.000000;53e34379-e83b-4b6f-ab07-007c14aaca94;463.22;0.252;UNKNOWN
2016-04-25T00:13:57.000000;2016-04-25T00:13:57.000000;5ec0ee0a-d4f1-4031-97fb-59cc8108fd76;463.22;0.252;UNKNOWN
2016-04-25T00:14:12.000000;2016-04-25T00:14:12.000000;2132e2ba-3f49-40bd-b8b4-41207eec6ed7;463.23;0.252;UNKNOWN
2016-04-25T00:14:24.000000;2016-04-25T00:14:24.000000;8ce69cc5-4c95-4ed7-a2b2-f277281cc3d8;463.22;0.252;UNKNOWN
2016-04-25T00:14:38.000000;2016-04-25T00:14:38.000000;871b78a1-02cf-4b37-8b4f-f85c7064b98e;463.22;0.252;UNKNOWN
2016-04-25T00:14:50.000000;2016-04-25T00:14:50.000000;626889e3-1474-444c-8f06-41cdc86eea90;463.22;0.252;UNKNOWN
2016-04-25T00:15:03.000000;2016-04-25T00:15:03.000000;2fbc659a-b13f-4173-a311-b3367b6cf6bd;463.23;0.252;UNKNOWN
2016-04-25T00:15:14.000000;2016-04-25T00:15:14.000000;bd5e06d6-c781-432c-98bd-a66e660189b9;463.22;0.252;UNKNOWN
2016-04-25T00:15:15.000000;2016-04-25T00:15:15.000000;f0c8b4a2-62a8-40ac-bc52-117f1c937a60;463.22;0.2164;UNKNOWN
2016-04-25T00:15:26.000000;2016-04-25T00:15:26.000000;b9c7a212-1136-4666-9d6a-45ed84a3e3d2;463.22;0.252;UNKNOWN
2016-04-25T00:15:41.000000;2016-04-25T00:15:41.000000;08474ab5-0341-4157-87ab-eaef9703fe9d;463.22;0.252;UNKNOWN
2016-04-25T00:15:50.000000;2016-04-25T00:15:50.000000;dcd15653-af64-45db-8d0a-f0127de7c8d0;463.27;2.52;UNKNOWN
2016-04-25T00:15:57.000000;2016-04-25T00:15:57.000000;c1819613-839a-46ff-a7b6-edcadf7f3ef4;463.26;0.252;UNKNOWN
2016-04-25T00:16:05.000000;2016-04-25T00:16:05.000000;7b172ce3-8c63-4a04-8127-50ef538995f3;463.26;0.1;UNKNOWN
2016-04-25T00:16:10.000000;2016-04-25T00:16:10.000000;eda796a5-6441-4460-b973-df8e43a7d502;463.26;0.252;UNKNOWN
2016-04-25T00:16:21.000000;2016-04-25T00:16:21.000000;10a063be-faa4-43fc-9fc8-520a83c50517;463.26;0.252;UNKNOWN
2016-04-25T00:16:27.000000;2016-04-25T00:16:27.000000;51964a34-d0ea-4a3f-8842-a73b83fdb300;463.26;0.025;UNKNOWN
2016-04-25T00:16:34.000000;2016-04-25T00:16:34.000000;a0991921-f246-42ba-a7c9-82d7be1da25d;463.26;0.252;UNKNOWN
2016-04-25T00:16:45.000000;2016-04-25T00:16:45.000000;b90f4b90-eb54-4875-8a8c-88fd1a08fd3b;463.26;0.252;UNKNOWN
2016-04-25T00:16:57.000000;2016-04-25T00:16:57.000000;b50e8bfa-74ea-4731-b354-77ba752a232f;463.26;0.252;UNKNOWN
2016-04-25T00:17:09.000000;2016-04-25T00:17:09.000000;f7e99d25-61ea-4e3d-9c6d-03cd7349a946;463.26;0.252;UNKNOWN
2016-04-25T00:17:22.000000;2016-04-25T00:17:22.000000;30cf3a3a-eaad-4812-bc3b-f783aef35b46;463.26;0.252;UNKNOWN
2016-04-25T00:17:37.000000;2016-04-25T00:17:37.000000;85dfbb56-00ba-42d8-b3f0-c4c3013cedc7;463.26;0.252;UNKNOWN
2016-04-25T00:17:48.000000;2016-04-25T00:17:48.000000;05df30c5-03f1-46fb-9f9f-0714c92e30de;463.26;0.252;UNKNOWN
2016-04-25T00:17:56.000000;2016-04-25T00:17:56.000000;ae3471ad-9ed6-4874-9795-f32374fcaaff;463.27;2.52;UNKNOWN
2016-04-25T00:18:00.000000;2016-04-25T00:18:00.000000;c082b8b6-f5cf-44af-8e46-b86a7ed0a192;463.27;3.31;UNKNOWN
2016-04-25T00:18:02.000000;2016-04-25T00:18:02.000000;5645bc50-287f-4726-af67-f5be2d053634;463.26;0.252;UNKNOWN
2016-04-25T00:18:15.000000;2016-04-25T00:18:15.000000;a3269a52-b9e8-4b94-87b3-8b586ef4bad4;463.26;0.252;UNKNOWN
2016-04-25T00:18:22.000000;2016-04-25T00:18:22.000000;4ef4c743-7d47-4d5b-bd77-f48ec3a64534;463.26;0.125;UNKNOWN
2016-04-25T00:18:27.000000;2016-04-25T00:18:27.000000;82778549-c0d6-409f-98fc-56807c0adcad;463.26;0.252;UNKNOWN
2016-04-25T00:18:39.000000;2016-04-25T00:18:39.000000;8ccf8805-ecbb-4ebd-8526-5ca0ad1cf44d;463.26;0.252;UNKNOWN
2016-04-25T00:18:53.000000;2016-04-25T00:18:53.000000;12929824-b07f-4c01-a7ed-7aa717585758;463.26;0.252;UNKNOWN
2016-04-25T00:19:06.000000;2016-04-25T00:19:06.000000;4e6bee5c-6105-42c0-a411-8cf8f820ad5e;463.26;0.252;UNKNOWN
2016-04-25T00:19:20.000000;2016-04-25T00:19:20.000000;b10724db-4ce6-4dc6-a63d-be90ccf4d562;463.26;0.252;UNKNOWN
2016-04-25T00:19:34.000000;2016-04-25T00:19:34.000000;68a379a9-76eb-4380-89a0-0a8510da9b8b;463.26;0.252;UNKNOWN
2016-04-25T00:19:46.000000;2016-04-25T00:19:46.000000;e043713c-5838-41bb-94ec-fc1db46e0ae5;463.26;0.214;UNKNOWN
2016-04-25T00:19:46.000000;2016-04-25T00:19:46.000000;7aa724e5-1c08-45bf-ab9a-dcee434c4c43;463.26;0.038;UNKNOWN
2016-04-25T00:19:59.000000;2016-04-25T00:19:59.000000;f16bee24-6176-44b0-94aa-d04af4ea98ee;463.26;0.252;UNKNOWN
2016-04-25T00:20:08.000000;2016-04-25T00:20:08.000000;07ebc393-2bdb-463d-848e-0e97abff3b23;463.27;2.52;UNKNOWN
2016-04-25T00:20:15.000000;2016-04-25T00:20:15.000000;b32c660b-50ea-4705-b28a-93afe6982b7f;463.26;0.252;UNKNOWN
2016-04-25T00:20:27.000000;2016-04-25T00:20:27.000000;33e4c8b5-9fa6-4cc1-a792-00d3b7e9feb8;463.26;0.252;UNKNOWN
2016-04-25T00:20:39.000000;2016-04-25T00:20:39.000000;0f99ffb5-8a7c-48ca-b257-f881ed930ccd;463.26;0.252;UNKNOWN
2016-04-25T00:20:50.000000;2016-04-25T00:20:50.000000;d528dab3-461a-476d-bf1d-e0ccf5ac12af;463.26;0.252;UNKNOWN
2016-04-25T00:21:03.000000;2016-04-25T00:21:03.000000;84bbc438-1336-4c66-8ec5-037f6101753c;463.26;0.252;UNKNOWN
2016-04-25T00:21:17.000000;2016-04-25T00:21:17.000000;d45f5e92-4201-4bb3-b593-b96040ef248b;463.26;0.252;UNKNOWN
2016-04-25T00:21:42.000000;2016-04-25T00:21:42.000000;2e907d22-a9a0-4c4d-999c-30e7171c7163;463.26;0.25;UNKNOWN
2016-04-25T00:21:53.000000;2016-04-25T00:21:53.000000;904fbfe0-f4f4-4f0c-9efa-f89ac9ea88e2;463.26;0.0635;UNKNOWN
2016-04-25T00:22:20.000000;2016-04-25T00:22:20.000000;00cf1e2a-34b1-4468-ba86-7f6651630b39;463.26;0.252;UNKNOWN
2016-04-25T00:22:32.000000;2016-04-25T00:22:32.000000;c9de548c-b840-4eb4-83b1-6c4455ec9acd;463.26;0.252;UNKNOWN
2016-04-25T00:22:38.000000;2016-04-25T00:22:38.000000;05c73cd4-42fd-44fc-b6b2-1e3deb7c7f28;462.87;0.106;UNKNOWN
2016-04-25T00:22:38.000000;2016-04-25T00:22:38.000000;4f3e8e4c-74a8-46d8-81fe-9a904683c0b9;462.88;12.9805;UNKNOWN
2016-04-25T00:22:38.000000;2016-04-25T00:22:38.000000;93976f8d-0c31-4fc9-8758-a4b33ddbdb1d;463.07;0.058662;UNKNOWN
2016-04-25T00:22:38.000000;2016-04-25T00:22:38.000000;3dded809-3dac-4bd8-8730-a547882fe9ae;463.04;13.1713;UNKNOWN
2016-04-25T00:22:38.000000;2016-04-25T00:22:38.000000;dee29228-13e4-4916-8dfd-7d8b6f3afc46;463.21;12.7417;UNKNOWN
2016-04-25T00:22:38.000000;2016-04-25T00:22:38.000000;49fbc475-aa47-446b-a8c5-33e74a6cf392;462.71;7.9852609;UNKNOWN
2016-04-25T00:22:38.000000;2016-04-25T00:22:38.000000;5dc3fc9b-3095-4706-90ba-b450ddfc3f8f;462.89;8.23;UNKNOWN
2016-04-25T00:22:38.000000;2016-04-25T00:22:38.000000;e3f502de-b0f0-49a4-ba57-520177282811;462.75;0.407;UNKNOWN
2016-04-25T00:22:38.000000;2016-04-25T00:22:38.000000;e8486d25-5d7f-4879-b582-d3d74139aa48;463.05;8.22;UNKNOWN
2016-04-25T00:22:38.000000;2016-04-25T00:22:38.000000;c9c1a7b7-c9c7-4d0c-ace7-9e07da0183e9;463.24;5.25;UNKNOWN
2016-04-25T00:22:38.000000;2016-04-25T00:22:38.000000;c9e5d17d-9b4d-4868-8c6e-b3cb04d6bab7;463.1;4.84926;UNKNOWN
2016-04-25T00:22:38.000000;2016-04-25T00:22:38.000000;76ab9859-7d06-49db-9e07-545fc92b5cba;463.26;16.5673;UNKNOWN
2016-04-25T00:22:38.000000;2016-04-25T00:22:38.000000;00f6af3e-db0a-4c3c-befd-3438fdc907f5;463.26;2.3805;UNKNOWN
2016-04-25T00:22:38.000000;2016-04-25T00:22:38.000000;65a531cd-eaeb-4220-95fb-ba2c4ce29cd6;463.25;0.01;UNKNOWN
2016-04-25T00:22:40.000000;2016-04-25T00:22:40.000000;f181f8b7-3ed5-4cf7-8539-9e791c71603d;462.71;1.0;UNKNOWN
2016-04-25T00:22:40.000000;2016-04-25T00:22:40.000000;40fefc7b-ae39-4a61-a2ad-bfcdbc71cb02;462.71;0.0736;UNKNOWN
2016-04-25T00:23:22.000000;2016-04-25T00:23:22.000000;9eda0574-ba09-4713-ba64-7b330d3d7df4;462.56;0.01;UNKNOWN
2016-04-25T00:23:22.000000;2016-04-25T00:23:22.000000;b22588ca-577d-4ffc-8a31-3a2cce349c52;462.56;12.2878;UNKNOWN
2016-04-25T00:23:22.000000;2016-04-25T00:23:22.000000;38d7de90-0c51-490e-b6d5-a01d0511daf4;462.67;0.106;UNKNOWN
2016-04-25T00:23:22.000000;2016-04-25T00:23:22.000000;45fe6d0f-cd93-4f38-8cb9-b4aa03ae3a30;462.4;9.83071985;UNKNOWN
2016-04-25T00:23:22.000000;2016-04-25T00:23:22.000000;fe919579-2163-48ae-bb31-b57c3da7dcdc;462.71;1.9246391;UNKNOWN
2016-04-25T00:23:31.000000;2016-04-25T00:23:31.000000;bf35bb92-1275-454a-b1ea-d0dff76402db;462.66;0.01;UNKNOWN
2016-04-25T00:23:33.000000;2016-04-25T00:23:33.000000;851fe064-a0d9-4ac0-9ef6-79764302357a;463.0;0.2669;UNKNOWN
2016-04-25T00:23:38.000000;2016-04-25T00:23:38.000000;8233df84-7297-4903-8a56-dcf6d4681044;463.01;0.01;UNKNOWN
2016-04-25T00:23:40.000000;2016-04-25T00:23:40.000000;0f487d71-060f-4bca-afe0-71f477df5336;462.86;0.01;UNKNOWN
2016-04-25T00:23:41.000000;2016-04-25T00:23:41.000000;2a41bde5-9afe-4045-89aa-e3d712490b41;462.87;0.01;UNKNOWN
2016-04-25T00:23:46.000000;2016-04-25T00:23:46.000000;ca98ebac-23d0-45c5-a34c-d7fcecf3027a;462.88;0.01;UNKNOWN
2016-04-25T00:23:47.000000;2016-04-25T00:23:47.000000;7fbd4dde-9de3-4421-9c28-c0d1e854f948;462.73;0.01;UNKNOWN
2016-04-25T00:25:25.000000;2016-04-25T00:25:25.000000;c088a60b-f78a-4966-9b8d-1003deb14176;463.15;0.5;UNKNOWN
2016-04-25T00:25:37.000000;2016-04-25T00:25:37.000000;3ab06538-c7d2-46c5-ae01-2c86b689d320;463.15;0.25;UNKNOWN
2016-04-25T00:25:59.000000;2016-04-25T00:25:59.000000;be705c32-d539-487f-9bdc-ab5b1322cca2;463.15;0.06163134;UNKNOWN
2016-04-25T00:26:07.000000;2016-04-25T00:26:07.000000;ec875056-28f4-40f5-863b-0b59cf40f34c;463.15;0.125;UNKNOWN
2016-04-25T00:26:56.000000;2016-04-25T00:26:56.000000;4852b11f-0eab-4549-8316-f071ccd53c5e;463.03;0.02192089;UNKNOWN
2016-04-25T00:28:00.000000;2016-04-25T00:28:00.000000;7e7766d5-b39e-479f-907e-9ce4819781fc;463.03;0.61310974;UNKNOWN
2016-04-25T00:28:00.000000;2016-04-25T00:28:00.000000;120dffc9-7be7-49af-b9ba-ea06f93942c9;463.04;0.2469;UNKNOWN
2016-04-25T00:28:00.000000;2016-04-25T00:28:00.000000;4f05da3a-3604-41fd-8157-5ff57a2b6b11;463.04;0.23416787;UNKNOWN
2016-04-25T00:28:07.000000;2016-04-25T00:28:07.000000;3160672e-db82-4df6-8ca8-c438d9bb5fb6;463.03;0.1344;UNKNOWN
2016-04-25T00:30:00.000000;2016-04-25T00:30:00.000000;25398a68-325e-48cf-97b3-773013131d03;463.2;0.0356;UNKNOWN
2016-04-25T00:30:22.000000;2016-04-25T00:30:22.000000;4bef96cd-14f0-4ed9-8633-7a769bde4f35;463.26;0.0233;UNKNOWN
2016-04-25T00:30:22.000000;2016-04-25T00:30:22.000000;c8ec65dc-97a6-473f-9025-a323b78b48f7;463.27;0.34396527;UNKNOWN
2016-04-25T00:30:22.000000;2016-04-25T00:30:22.000000;754eeaf2-6a55-42c7-9f4e-ab8c1c959bc0;463.25;0.0159;UNKNOWN
2016-04-25T00:30:49.000000;2016-04-25T00:30:49.000000;0854105c-d24c-453d-9a4c-9910f7c7f607;463.29;0.10396527;UNKNOWN
2016-04-25T00:30:49.000000;2016-04-25T00:30:49.000000;18fe492e-0137-432d-a3f4-3b3c2b4f6437;463.28;0.01;UNKNOWN
2016-04-25T00:30:49.000000;2016-04-25T00:30:49.000000;30254f79-7a31-4615-bb67-6cfa446433c4;463.27;1.26603473;UNKNOWN
2016-04-25T00:31:26.000000;2016-04-25T00:31:26.000000;5d60c290-8dfe-4262-b2cb-6b58be847f2e;463.3;0.07957851;UNKNOWN
2016-04-25T00:31:44.000000;2016-04-25T00:31:44.000000;e6a50e1e-4603-4ab8-93df-081b2dde3998;463.3;0.123;UNKNOWN
2016-04-25T00:32:21.000000;2016-04-25T00:32:21.000000;5cbf0d47-7c5f-4fb2-baf1-50206547ce20;463.25;0.01;UNKNOWN
2016-04-25T00:32:26.000000;2016-04-25T00:32:26.000000;1dba92b0-c155-4f33-b1f5-9d2ae8ea8aca;463.25;0.01;UNKNOWN
2016-04-25T00:32:27.000000;2016-04-25T00:32:27.000000;fd1f49fe-8ad1-4516-b200-478594c8373f;463.21;0.007864;UNKNOWN
2016-04-25T00:32:27.000000;2016-04-25T00:32:27.000000;13d2c572-2b83-4f44-8511-0af30f600d8c;463.25;0.002136;UNKNOWN
2016-04-25T00:32:30.000000;2016-04-25T00:32:30.000000;e649ac83-f668-4d4a-b2e4-40d01de93c50;463.26;0.01;UNKNOWN
2016-04-25T00:32:40.000000;2016-04-25T00:32:40.000000;e11115d3-6f65-4517-9287-db46cb3de012;463.21;0.01;UNKNOWN
2016-04-25T00:33:21.000000;2016-04-25T00:33:21.000000;018e532f-4e18-43f3-812d-4a989fd3b5ae;463.3;0.34528243;UNKNOWN
2016-04-25T00:33:22.000000;2016-04-25T00:33:22.000000;295eae95-e507-4bed-81b8-ac5cc1e399f2;463.3;0.01027297;UNKNOWN
2016-04-25T00:33:23.000000;2016-04-25T00:33:23.000000;d7aceb63-b073-49e0-a9fd-4a90fcffe102;463.3;0.35860937;UNKNOWN
2016-04-25T00:33:49.000000;2016-04-25T00:33:49.000000;06bd0eac-2bda-4ef7-b524-c64c7cfc592a;463.3;0.07365086;UNKNOWN
2016-04-25T00:33:56.000000;2016-04-25T00:33:56.000000;48a0faec-8717-4157-b3b3-c39adc5c099c;463.3;0.04376558;UNKNOWN
2016-04-25T00:33:57.000000;2016-04-25T00:33:57.000000;6ca7fba9-e992-4304-b108-3ae642249705;463.3;0.34504255;UNKNOWN
2016-04-25T00:33:58.000000;2016-04-25T00:33:58.000000;995ae919-429a-4172-918b-a40a05a8da97;463.3;0.18765779;UNKNOWN
2016-04-25T00:34:01.000000;2016-04-25T00:34:01.000000;6460932d-1bbe-4334-81d4-4312d99fe2c5;463.3;0.18765779;UNKNOWN
2016-04-25T00:34:01.000000;2016-04-25T00:34:01.000000;dc414d11-bffe-442f-96be-def7f1c6838d;463.3;0.05803049;UNKNOWN
2016-04-25T00:34:30.000000;2016-04-25T00:34:30.000000;0258b075-9856-452d-b656-77365501da53;463.27;0.407;UNKNOWN
2016-04-25T00:34:30.000000;2016-04-25T00:34:30.000000;c93edf01-accd-4b05-9745-c29e5b6d8924;463.23;0.01;UNKNOWN
2016-04-25T00:34:30.000000;2016-04-25T00:34:30.000000;2e5f7625-3ff0-4ec4-b373-e8483be24fb7;463.2;9.583;UNKNOWN
2016-04-25T00:34:39.000000;2016-04-25T00:34:39.000000;a4222a82-7476-4075-9aac-e75fae435889;463.03;10.0;UNKNOWN
2016-04-25T00:34:49.000000;2016-04-25T00:34:49.000000;0ee1f56e-9087-4dcc-ae97-470f64f4aecd;463.03;1.55116937;UNKNOWN
2016-04-25T00:34:49.000000;2016-04-25T00:34:49.000000;235e9db3-b3a7-4d06-a74a-42c84416cc49;463.06;0.407;UNKNOWN
2016-04-25T00:34:49.000000;2016-04-25T00:34:49.000000;6989c946-e46d-475f-b5d9-e78f9e0c723b;463.0;7.50113063;UNKNOWN
2016-04-25T00:34:49.000000;2016-04-25T00:34:49.000000;819170d2-d121-41b4-9e2d-921e23317576;463.0;0.5407;UNKNOWN
2016-04-25T00:34:54.000000;2016-04-25T00:34:54.000000;1eb49aa6-f1d1-4d08-90ee-4e861f0e9224;462.55;2.88677664;UNKNOWN
2016-04-25T00:34:54.000000;2016-04-25T00:34:54.000000;e58dda52-fd5e-4c20-bc67-b16e3c87a7d7;462.63;0.322;UNKNOWN
2016-04-25T00:34:54.000000;2016-04-25T00:34:54.000000;fbceb055-e7e0-4b55-b2ec-07454ded6dde;462.73;0.34362336;UNKNOWN
2016-04-25T00:34:54.000000;2016-04-25T00:34:54.000000;78db0b07-efbe-4a8b-b15f-4fdc51552d6b;462.64;8.23;UNKNOWN
2016-04-25T00:34:54.000000;2016-04-25T00:34:54.000000;898f0b2d-fdcb-4766-a313-d12a0ce64593;462.74;14.038;UNKNOWN
2016-04-25T00:34:54.000000;2016-04-25T00:34:54.000000;ff04d043-0141-46a2-acc7-aa6131a706d1;462.73;8.22;UNKNOWN
2016-04-25T00:34:54.000000;2016-04-25T00:34:54.000000;7f7da67e-f67c-47d3-9b86-e6f632eddb3c;462.87;12.5168;UNKNOWN
2016-04-25T00:34:54.000000;2016-04-25T00:34:54.000000;b9998c30-c81a-4ae2-b489-7dda590b7b0a;462.72;13.0832;UNKNOWN
2016-04-25T00:34:54.000000;2016-04-25T00:34:54.000000;a80b9f27-530f-4613-88d7-60d962d1de3d;463.01;0.3596;UNKNOWN
2016-04-25T00:38:16.000000;2016-04-25T00:38:16.000000;c34e6637-1baa-43e0-b7e3-b526c8374535;462.5;0.34358624;UNKNOWN
2016-04-25T00:38:16.000000;2016-04-25T00:38:16.000000;05757f78-c923-4386-9d91-39f0819e93b3;462.5;0.407;UNKNOWN
2016-04-25T00:38:16.000000;2016-04-25T00:38:16.000000;2edef88e-ca9e-48df-a48d-6aae87cafafc;462.61;16.6805;UNKNOWN
2016-04-25T00:38:16.000000;2016-04-25T00:38:16.000000;17789b9e-6658-475f-a496-719b9d8102e2;462.7;12.2043;UNKNOWN
2016-04-25T00:38:16.000000;2016-04-25T00:38:16.000000;93225d97-9654-46ad-8785-257410503cbc;462.54;12.915;UNKNOWN
2016-04-25T00:38:16.000000;2016-04-25T00:38:16.000000;311ff1e9-a04d-42bc-9272-d89fdab2090f;462.6;11.9;UNKNOWN
2016-04-25T00:38:16.000000;2016-04-25T00:38:16.000000;7b8678f1-5e85-4cd9-9b09-db451e50608b;462.72;0.34363079;UNKNOWN
2016-04-25T00:38:19.000000;2016-04-25T00:38:19.000000;d908883d-1b9d-4dc4-935f-7fbbda3a53c6;462.49;0.04709803;UNKNOWN
2016-04-25T00:38:21.000000;2016-04-25T00:38:21.000000;7421d65e-4453-4cec-be89-b9b47dc694dd;462.49;0.106;UNKNOWN
2016-04-25T00:38:21.000000;2016-04-25T00:38:21.000000;3a1bdbd6-781f-45cc-8c6d-ab74c84175c1;462.49;0.322;UNKNOWN
2016-04-25T00:38:26.000000;2016-04-25T00:38:26.000000;63bdb59f-3b80-45fc-9671-5b4e56db5174;462.49;2.0;UNKNOWN
2016-04-25T00:38:45.000000;2016-04-25T00:38:45.000000;c75d4199-3d29-4c90-aeed-782675cafcfb;462.4;0.407;UNKNOWN
2016-04-25T00:38:45.000000;2016-04-25T00:38:45.000000;737de69e-b1b1-49b0-9475-3af34a2d30c0;462.41;0.16543766;UNKNOWN
2016-04-25T00:38:46.000000;2016-04-25T00:38:46.000000;bf8638ff-4389-4170-9b5c-4b036f94a3ad;462.39;0.16544481;UNKNOWN
2016-04-25T00:38:48.000000;2016-04-25T00:38:48.000000;6be356a4-7f0f-47fe-bc2b-f0c273e40976;462.39;0.13414349;UNKNOWN
2016-04-25T00:38:48.000000;2016-04-25T00:38:48.000000;bc4feadb-9acf-4f99-86e2-0a5351ef5532;462.39;0.16571006;UNKNOWN
2016-04-25T00:38:52.000000;2016-04-25T00:38:52.000000;5ca40b23-868a-4785-a7a0-937ebeba866b;462.25;0.678;UNKNOWN
2016-04-25T00:38:52.000000;2016-04-25T00:38:52.000000;f10cc8b2-5752-4ac6-a286-003d2ac4a1d9;462.27;0.322;UNKNOWN
2016-04-25T00:39:04.000000;2016-04-25T00:39:04.000000;cefee67e-a108-4328-9b13-dbe7cbc25065;462.44;0.0131515;UNKNOWN
2016-04-25T00:39:04.000000;2016-04-25T00:39:04.000000;b3e7f57f-32b9-406c-8408-6321381c7f5c;462.39;0.96226398;UNKNOWN
2016-04-25T00:39:19.000000;2016-04-25T00:39:19.000000;411d1193-e747-41d3-9370-8fc9194de8ca;462.5;2.0;UNKNOWN
2016-04-25T00:39:21.000000;2016-04-25T00:39:21.000000;c5fd1c65-7c10-467a-a592-88fdb882795d;462.37;2.0;UNKNOWN
2016-04-25T00:39:33.000000;2016-04-25T00:39:33.000000;467d9ede-0bb6-47b5-83f9-dfe3569f97d5;462.38;0.407;UNKNOWN
2016-04-25T00:39:33.000000;2016-04-25T00:39:33.000000;5c3bc06c-1e4c-4cd6-a375-4a5fe80312d1;462.38;1.593;UNKNOWN
2016-04-25T00:39:43.000000;2016-04-25T00:39:43.000000;dbef55ae-36ea-487a-8847-4b5d64c96e3b;462.39;0.01;UNKNOWN
2016-04-25T00:39:50.000000;2016-04-25T00:39:50.000000;4e131907-307e-4149-8534-c80ff4d9b5a0;462.39;2.0;UNKNOWN
2016-04-25T00:39:59.000000;2016-04-25T00:39:59.000000;3b0ba779-35fb-4e40-b169-213e51fb842b;462.39;5.0;UNKNOWN
2016-04-25T00:40:05.000000;2016-04-25T00:40:05.000000;7039f50b-65ab-481b-8ea4-052d31032b78;462.1;1.593;UNKNOWN
2016-04-25T00:40:05.000000;2016-04-25T00:40:05.000000;0b15712f-15f4-4789-823b-123fd238c691;462.4;0.407;UNKNOWN
2016-04-25T00:40:33.000000;2016-04-25T00:40:33.000000;37bbf1cc-33fb-4aca-b826-23fa95c01258;462.09;0.15;UNKNOWN
2016-04-25T00:40:36.000000;2016-04-25T00:40:36.000000;4081e038-1d45-4d5e-a902-ba422eb3c04d;462.09;0.01;UNKNOWN
2016-04-25T00:40:41.000000;2016-04-25T00:40:41.000000;b2c8b260-1221-45f2-9683-8870387ade03;462.47;2.0;UNKNOWN
2016-04-25T00:41:31.000000;2016-04-25T00:41:31.000000;ca0e35db-09d2-417e-ab9b-95d4441b1e50;462.22;0.01;UNKNOWN
2016-04-25T00:43:05.000000;2016-04-25T00:43:05.000000;1629c16f-27bf-44a5-b8d5-6a0eb8bd3585;462.47;0.01;UNKNOWN
2016-04-25T00:44:33.000000;2016-04-25T00:44:33.000000;1e6cbff9-e8bc-4535-b96c-3bbdca600b12;462.48;0.01;UNKNOWN
2016-04-25T00:45:00.000000;2016-04-25T00:45:00.000000;dfc6d77b-698c-484b-9ecf-96b31e852761;462.49;0.407;UNKNOWN
2016-04-25T00:45:18.000000;2016-04-25T00:45:18.000000;79e55326-c23a-4f20-99dd-42a47034ebe5;462.49;1.0;UNKNOWN
2016-04-25T00:45:28.000000;2016-04-25T00:45:28.000000;e6458ea3-57bd-475b-bd7a-3e5b9c33b9ea;462.48;0.59;UNKNOWN
2016-04-25T00:45:28.000000;2016-04-25T00:45:28.000000;c4c65338-c5a2-40f7-8ecb-23f87782b07e;462.12;2.0;UNKNOWN
2016-04-25T00:45:28.000000;2016-04-25T00:45:28.000000;755f5a92-a1ed-4d75-b7da-eb181c24c141;462.12;1.6811957;UNKNOWN
2016-04-25T00:45:28.000000;2016-04-25T00:45:28.000000;4e877b86-541d-45af-8141-a9603b37fcc8;462.22;0.01;UNKNOWN
2016-04-25T00:45:28.000000;2016-04-25T00:45:28.000000;8969d9f1-d0a3-4fda-9581-e7fd8541ae31;462.24;0.054232;UNKNOWN
2016-04-25T00:46:01.000000;2016-04-25T00:46:01.000000;1e1af2a5-0fe0-4740-a338-fe392649c751;462.48;0.1002;UNKNOWN
2016-04-25T00:46:34.000000;2016-04-25T00:46:34.000000;37f607da-e5ff-47a3-ada5-6c330657f414;462.14;10.0;UNKNOWN
2016-04-25T00:46:41.000000;2016-04-25T00:46:41.000000;89455905-eb6a-49d9-81ca-43523477c860;462.11;6.456;UNKNOWN
2016-04-25T00:46:44.000000;2016-04-25T00:46:44.000000;550e65b5-3c93-4abd-b7b2-28931919d55c;462.11;0.11997177;UNKNOWN
2016-04-25T00:46:45.000000;2016-04-25T00:46:45.000000;6ae5788d-c454-4003-b960-ee62fcc71b8d;462.11;0.11997177;UNKNOWN
2016-04-25T00:46:45.000000;2016-04-25T00:46:45.000000;59cc58ac-d643-4603-b2a2-52513091318f;462.11;0.11997177;UNKNOWN
2016-04-25T00:46:52.000000;2016-04-25T00:46:52.000000;041eab22-9b04-434d-92e1-d07411bf53fc;462.1;0.01;UNKNOWN
2016-04-25T00:46:53.000000;2016-04-25T00:46:53.000000;8ddcfb78-8484-445a-8495-715b8622fee3;462.1;0.01;UNKNOWN
2016-04-25T00:46:54.000000;2016-04-25T00:46:54.000000;9c9f9f65-c589-4917-901a-34dd156ecbf6;462.1;0.01;UNKNOWN
2016-04-25T00:46:55.000000;2016-04-25T00:46:55.000000;9021b209-757f-4e14-9a71-bf0791572f49;462.1;0.0001;UNKNOWN
2016-04-25T00:46:55.000000;2016-04-25T00:46:55.000000;702f4d9c-c3f7-4b57-b3fc-6868c5a15a8b;462.09;0.0099;UNKNOWN
2016-04-25T00:46:56.000000;2016-04-25T00:46:56.000000;8f079a4a-e8aa-4aee-b249-30a76ab42c46;462.09;0.01;UNKNOWN
2016-04-25T00:47:52.000000;2016-04-25T00:47:52.000000;382a7980-c14a-4974-8dd7-1f5bf3274acf;462.11;0.05836533;UNKNOWN
2016-04-25T00:49:02.000000;2016-04-25T00:49:02.000000;ababc60d-de0c-4f28-a48f-b772ec2d3abd;462.09;0.8166;UNKNOWN
2016-04-25T00:49:02.000000;2016-04-25T00:49:02.000000;9a500d23-f576-4aa3-8f04-221e28835de9;462.09;2.6724;UNKNOWN
2016-04-25T00:50:45.000000;2016-04-25T00:50:45.000000;29785cf5-aa01-4113-a9f4-160008a8634b;462.1;0.10825;UNKNOWN
2016-04-25T00:53:21.000000;2016-04-25T00:53:21.000000;5d893053-fa22-4fc6-b996-aa21bd72dc92;462.1;25.0;UNKNOWN
2016-04-25T00:54:20.000000;2016-04-25T00:54:20.000000;5d58531f-557c-4f13-b4e8-9a85514d68cf;462.1;0.03470195;UNKNOWN
2016-04-25T00:54:20.000000;2016-04-25T00:54:20.000000;857095b6-1564-42a4-a165-2679261129f1;462.1;0.08546401;UNKNOWN
2016-04-25T00:54:26.000000;2016-04-25T00:54:26.000000;e7ce0336-68a7-47e4-b01d-1758130fefd9;462.1;3.0;UNKNOWN
2016-04-25T00:54:41.000000;2016-04-25T00:54:41.000000;b89f67b0-17f0-4d6b-b219-1f199ceda4a2;462.1;3.05173627;UNKNOWN
2016-04-25T00:55:55.000000;2016-04-25T00:55:55.000000;6b057da1-a948-4c01-8c0a-7e5ea8751891;462.12;4.0;UNKNOWN
2016-04-25T00:55:55.000000;2016-04-25T00:55:55.000000;4791e006-63fa-4877-85af-d611dce52864;462.11;3.12571936;UNKNOWN
2016-04-25T00:55:55.000000;2016-04-25T00:55:55.000000;d9e5d9e8-c739-420b-9be3-7973269229aa;462.11;0.01;UNKNOWN
2016-04-25T00:56:36.000000;2016-04-25T00:56:36.000000;1b3bec26-6c2e-4636-8b3c-6b976029cffd;462.46;1.3;UNKNOWN
2016-04-25T00:59:44.000000;2016-04-25T00:59:44.000000;ce45a658-dab0-428b-a9e1-c1841bf21213;462.46;1.7;UNKNOWN
2016-04-25T01:01:03.000000;2016-04-25T01:01:03.000000;3ad59107-4ab3-4d01-a3e3-f52ca89604d2;462.57;1.3;UNKNOWN
2016-04-25T01:03:11.000000;2016-04-25T01:03:11.000000;a5f6d6fb-5ea8-4499-a944-2845a140ca35;463.11;6.4582;UNKNOWN
2016-04-25T01:03:11.000000;2016-04-25T01:03:11.000000;b094d04d-3d26-4efb-b14a-248915948c56;463.23;3.5418;UNKNOWN
2016-04-25T01:03:20.000000;2016-04-25T01:03:20.000000;d0c6dd7e-3b4d-4ff3-9353-d5f397964614;462.82;6.4658;UNKNOWN
2016-04-25T01:03:20.000000;2016-04-25T01:03:20.000000;7601b894-6b92-4826-a80c-707c0fa94af4;462.8;4.0;UNKNOWN
2016-04-25T01:03:57.000000;2016-04-25T01:03:57.000000;617320f5-5553-4091-9f70-9caa81141dbf;462.8;5.0;UNKNOWN
2016-04-25T01:04:12.000000;2016-04-25T01:04:12.000000;087e3a9e-33b6-409a-ab8d-2173f0f1d503;462.8;0.252;UNKNOWN
2016-04-25T01:04:49.000000;2016-04-25T01:04:49.000000;3b170de0-09de-4a2a-86a2-377be397fa44;462.76;0.03;UNKNOWN
2016-04-25T01:05:03.000000;2016-04-25T01:05:03.000000;bb826b56-4c8c-4ddc-9549-16a004ae79d7;462.57;0.03264;UNKNOWN
2016-04-25T01:06:57.000000;2016-04-25T01:06:57.000000;38ead71c-14b8-4081-aed9-4f7bf4a221fa;462.74;3.1822;UNKNOWN
2016-04-25T01:08:13.000000;2016-04-25T01:08:13.000000;e5cab11c-9464-4d58-b887-382279066d0e;462.76;0.2;UNKNOWN
2016-04-25T01:08:21.000000;2016-04-25T01:08:21.000000;0d1683e1-238d-4f67-beac-95b03aa2e045;462.77;0.485961;UNKNOWN
2016-04-25T01:08:27.000000;2016-04-25T01:08:27.000000;1d25b19d-aa78-4df9-8e1e-85d6e82065aa;462.76;0.19268603;UNKNOWN
2016-04-25T01:08:31.000000;2016-04-25T01:08:31.000000;73dd60f1-2a00-4133-8724-5f114acf6a4a;462.77;0.514039;UNKNOWN
2016-04-25T01:09:24.000000;2016-04-25T01:09:24.000000;46a70920-2ec4-4857-863e-bffec37e9e86;462.8;0.8;UNKNOWN
2016-04-25T01:09:24.000000;2016-04-25T01:09:24.000000;9a044432-4c1f-4f30-bde3-ed5bf978b8e1;462.78;0.01;UNKNOWN
2016-04-25T01:09:35.000000;2016-04-25T01:09:35.000000;285cf8e5-40a5-4a4b-bc4e-4220e1edc891;462.8;0.252;UNKNOWN
2016-04-25T01:09:42.000000;2016-04-25T01:09:42.000000;80d51612-66d5-4d9b-9471-64325bf4ee63;462.8;18.0;UNKNOWN
2016-04-25T01:09:45.000000;2016-04-25T01:09:45.000000;35152089-f499-443d-8890-bd7d9cffd7c1;462.8;0.252;UNKNOWN
2016-04-25T01:10:12.000000;2016-04-25T01:10:12.000000;4c87df0b-8ad2-40eb-8103-2d660fee209a;462.8;0.65;UNKNOWN
2016-04-25T01:11:03.000000;2016-04-25T01:11:03.000000;c7b079a7-dc49-4e92-8316-6c2f6f6b2fb8;462.79;0.3085;UNKNOWN
2016-04-25T01:11:09.000000;2016-04-25T01:11:09.000000;a7236737-7496-4733-ae4b-d63c4b6c2e20;462.79;0.25;UNKNOWN
2016-04-25T01:11:25.000000;2016-04-25T01:11:25.000000;89a26c5f-78c4-4fd0-b112-4341c5f7419b;462.8;11.194;UNKNOWN
2016-04-25T01:11:35.000000;2016-04-25T01:11:35.000000;34abdbad-fdab-4aec-858f-e852ae8046e8;462.8;0.03907512;UNKNOWN
2016-04-25T01:11:37.000000;2016-04-25T01:11:37.000000;090e50f9-e821-4f84-8c76-356cda09aceb;462.8;0.03907512;UNKNOWN
2016-04-25T01:12:02.000000;2016-04-25T01:12:02.000000;f2fdb7ea-3cd7-44f6-bba8-e438abb61519;462.8;0.1512;UNKNOWN
2016-04-25T01:16:10.000000;2016-04-25T01:16:10.000000;fb868b19-eed4-49d7-b3bc-d14e1982785c;462.79;0.1;UNKNOWN
2016-04-25T01:16:28.000000;2016-04-25T01:16:28.000000;06f489fc-cb00-4b55-a4aa-a1ba3191846c;462.8;5.0;UNKNOWN
2016-04-25T01:18:19.000000;2016-04-25T01:18:19.000000;d5d4258f-5620-459b-bc30-fea266074fc4;462.81;0.01;UNKNOWN
2016-04-25T01:18:19.000000;2016-04-25T01:18:19.000000;5a782667-4334-44d0-b77b-377b25d76415;462.8;0.29170389;UNKNOWN
2016-04-25T01:18:19.000000;2016-04-25T01:18:19.000000;a1764d3a-dd68-4693-b43e-7331efdf6471;462.96;1.69829611;UNKNOWN
2016-04-25T01:18:44.000000;2016-04-25T01:18:44.000000;e93b2f47-9902-4740-8d74-edb32871d1fd;463.0;5.0;UNKNOWN
2016-04-25T01:18:47.000000;2016-04-25T01:18:47.000000;5332ff3a-f90f-4d92-8647-867d0c57c268;462.89;0.02684961;UNKNOWN
2016-04-25T01:21:23.000000;2016-04-25T01:21:23.000000;64e8aea5-d11f-4075-8c2c-cdac27c56753;462.89;8.75;UNKNOWN
2016-04-25T01:22:20.000000;2016-04-25T01:22:20.000000;c88248b1-f89c-4036-81ab-e52ee36f5a50;462.79;3.0;UNKNOWN
2016-04-25T01:22:53.000000;2016-04-25T01:22:53.000000;edd2ac8f-7bb0-464d-a71a-539f534e6604;462.57;5.35443397;UNKNOWN
2016-04-25T01:22:53.000000;2016-04-25T01:22:53.000000;cce7d9b0-3749-46d3-abdf-d189b84817ae;462.58;0.01;UNKNOWN
2016-04-25T01:22:53.000000;2016-04-25T01:22:53.000000;b50c5821-a639-4f1b-99d5-e612978912aa;462.57;12.0539;UNKNOWN
2016-04-25T01:22:53.000000;2016-04-25T01:22:53.000000;a4322ed0-ee65-462d-8429-5993bf720dcb;462.79;2.4714;UNKNOWN
2016-04-25T01:22:53.000000;2016-04-25T01:22:53.000000;36dbb102-5bbe-4ac3-bf97-1d3ae3a032d8;462.43;5.37397571;UNKNOWN
2016-04-25T01:22:53.000000;2016-04-25T01:22:53.000000;34a6ff9a-944d-48ca-ab7f-85b82dd1f313;462.42;10.5774151;UNKNOWN
2016-04-25T01:22:53.000000;2016-04-25T01:22:53.000000;2286422c-d18a-4433-8ca8-94f0f40531c1;462.78;0.01;UNKNOWN
2016-04-25T01:22:53.000000;2016-04-25T01:22:53.000000;213edd13-dfae-4843-8111-2fbd6242b8d4;462.56;11.5476;UNKNOWN
2016-04-25T01:22:53.000000;2016-04-25T01:22:53.000000;67011bfe-4cbb-49ff-a93c-f1ac29a0ef2c;462.6;6.4589;UNKNOWN
2016-04-25T01:22:58.000000;2016-04-25T01:22:58.000000;bbb6dbcb-4d3e-42cf-b697-0684a9b54880;462.09;2.941569;UNKNOWN
2016-04-25T01:22:58.000000;2016-04-25T01:22:58.000000;96ef8c12-7cbe-4fa2-b535-bf71754db06d;462.32;0.058431;UNKNOWN
2016-04-25T01:24:28.000000;2016-04-25T01:24:28.000000;26eb3cf4-5845-492f-918b-f7a975587baf;462.1;3.0;UNKNOWN
2016-04-25T01:24:46.000000;2016-04-25T01:24:46.000000;c847dc96-a980-48f2-96f3-f97690c3e9a1;462.09;3.0;UNKNOWN
2016-04-25T01:24:52.000000;2016-04-25T01:24:52.000000;f89ebd12-8bc4-419e-af5f-e40b334747aa;462.09;3.0;UNKNOWN
2016-04-25T01:25:00.000000;2016-04-25T01:25:00.000000;f6a29462-b57c-4346-b374-8bf17c2f4bfc;462.09;3.0;UNKNOWN
2016-04-25T01:25:11.000000;2016-04-25T01:25:11.000000;c3440c21-82b6-40a8-95c4-c7d8644bc254;462.09;2.0;UNKNOWN
2016-04-25T01:25:11.000000;2016-04-25T01:25:11.000000;02f3419e-0e98-4862-9ccd-26ff13b3444a;462.1;1.0;UNKNOWN
2016-04-25T01:25:38.000000;2016-04-25T01:25:38.000000;3fff9b87-c2be-431a-aa3c-a70e8913a19d;462.09;3.0;UNKNOWN
2016-04-25T01:25:49.000000;2016-04-25T01:25:49.000000;df5ad808-7093-465a-aaf0-592805d329db;462.08;2.758169;UNKNOWN
2016-04-25T01:25:49.000000;2016-04-25T01:25:49.000000;04989c32-fce5-42b7-93f6-ec37f1172d80;462.09;0.241831;UNKNOWN
2016-04-25T01:26:21.000000;2016-04-25T01:26:21.000000;34819637-8992-4180-8768-fd0320cafcb5;462.08;3.0;UNKNOWN
2016-04-25T01:26:32.000000;2016-04-25T01:26:32.000000;c4099815-b765-4704-a744-b7c4b8119e22;462.08;3.0;UNKNOWN
2016-04-25T01:26:40.000000;2016-04-25T01:26:40.000000;27e24b80-2172-4dfa-8477-a72a38eee8e3;462.08;3.0;UNKNOWN
2016-04-25T01:26:54.000000;2016-04-25T01:26:54.000000;d1c92d4e-be63-46a4-8710-ad73cb0279b9;462.08;0.01;UNKNOWN
2016-04-25T01:26:54.000000;2016-04-25T01:26:54.000000;00ccdc19-4784-40b4-93b9-dc713ca3b591;462.08;0.01;UNKNOWN
2016-04-25T01:26:54.000000;2016-04-25T01:26:54.000000;ce00dd13-384f-4be7-b011-e8b27caa3f76;462.08;0.241831;UNKNOWN
2016-04-25T01:26:54.000000;2016-04-25T01:26:54.000000;ef406f23-9ebb-4458-8fa9-26a1a439e27e;462.04;0.01;UNKNOWN
2016-04-25T01:26:54.000000;2016-04-25T01:26:54.000000;7f0ff480-d13a-47ee-b3a7-71873d218c28;462.02;2.728169;UNKNOWN
2016-04-25T01:27:01.000000;2016-04-25T01:27:01.000000;a1a816e9-b21a-4705-a122-aaba477b97a8;462.01;3.0;UNKNOWN
2016-04-25T01:27:07.000000;2016-04-25T01:27:07.000000;176b1e39-7289-400d-9fc5-2678c2ab2e1c;462.01;3.0;UNKNOWN
2016-04-25T01:27:14.000000;2016-04-25T01:27:14.000000;245aeaa8-f4b1-4d35-bb8d-8507cb5d88e7;462.01;0.83990337;UNKNOWN
2016-04-25T01:27:15.000000;2016-04-25T01:27:15.000000;0120f372-30ee-4b42-9279-e430adfbb90d;462.01;3.0;UNKNOWN
2016-04-25T01:28:30.000000;2016-04-25T01:28:30.000000;6c40bf4e-f20e-4254-b309-8daf98553482;462.04;0.12008238;UNKNOWN
2016-04-25T01:28:30.000000;2016-04-25T01:28:30.000000;7e93b8ff-862a-468a-b308-98017f1462ad;462.04;0.39699864;UNKNOWN
2016-04-25T01:29:15.000000;2016-04-25T01:29:15.000000;a17fd7de-1acd-4aad-8fdf-e2bc3c46d42a;462.02;0.252;UNKNOWN
2016-04-25T01:30:11.000000;2016-04-25T01:30:11.000000;6a98d00e-0bbe-4573-be84-a6d4f9665a81;462.01;0.01;UNKNOWN
2016-04-25T01:30:57.000000;2016-04-25T01:30:57.000000;ec0ef520-e4bf-4f67-82d0-01546a1f996d;462.03;10.0;UNKNOWN
2016-04-25T01:30:57.000000;2016-04-25T01:30:57.000000;5f82fa70-39d1-4a97-9cca-5cef3bea48fe;462.02;9.23091898;UNKNOWN
2016-04-25T01:30:57.000000;2016-04-25T01:30:57.000000;acb70a33-90d8-4f51-bba9-3c7f3f94937b;462.02;6.4528;UNKNOWN
2016-04-25T01:30:57.000000;2016-04-25T01:30:57.000000;55771e80-0283-4e47-b129-3c9e3af3eff9;462.04;0.88741061;UNKNOWN
2016-04-25T01:30:57.000000;2016-04-25T01:30:57.000000;ee83569b-8161-445c-93b2-6b2250ee5a07;462.02;23.42887041;UNKNOWN
2016-04-25T01:31:17.000000;2016-04-25T01:31:17.000000;58bf4324-6a78-4948-93a5-c159905e19cd;462.0;0.1169;UNKNOWN
2016-04-25T01:31:17.000000;2016-04-25T01:31:17.000000;a0814723-f697-4a38-a675-609c1b7734d8;462.0;2.24300337;UNKNOWN
2016-04-25T01:31:17.000000;2016-04-25T01:31:17.000000;cc8670d3-c2d6-4e1d-893c-a7d8e336a6fa;462.01;2.64009663;UNKNOWN
2016-04-25T01:31:23.000000;2016-04-25T01:31:23.000000;82151fe8-0ebb-49f7-8c0a-b6db76504b83;462.0;2.0;UNKNOWN
2016-04-25T01:31:47.000000;2016-04-25T01:31:47.000000;287467c7-48ed-4c00-9c36-7e431dda57b0;462.17;13.018;UNKNOWN
2016-04-25T01:31:47.000000;2016-04-25T01:31:47.000000;35091f9f-31f2-4b2b-b0a5-463973c66f4b;462.02;0.323;UNKNOWN
2016-04-25T01:31:47.000000;2016-04-25T01:31:47.000000;3bb60387-a49c-4475-8387-0a05f44e1522;462.05;12.9514;UNKNOWN
2016-04-25T01:31:47.000000;2016-04-25T01:31:47.000000;80abab9c-a3a0-4cea-a1ac-61614a526e04;462.18;6.4559;UNKNOWN
2016-04-25T01:31:47.000000;2016-04-25T01:31:47.000000;183ef695-06fe-4fd4-b2e7-e6a05aa491c3;462.01;8.24363032;UNKNOWN
2016-04-25T01:31:47.000000;2016-04-25T01:31:47.000000;5c108ac2-f64a-418c-853d-6d0a31c984fe;462.19;0.01;UNKNOWN
2016-04-25T01:31:47.000000;2016-04-25T01:31:47.000000;db8d0b02-1ed5-43b7-a8f8-ac65093a54de;462.21;8.99806968;UNKNOWN
2016-04-25T01:31:54.000000;2016-04-25T01:31:54.000000;e80b1b92-cce4-45a7-95db-adb5619a6f5b;462.0;0.6236812;UNKNOWN
2016-04-25T01:32:01.000000;2016-04-25T01:32:01.000000;11ee9820-b17b-4131-9296-178027174739;462.0;5.0;UNKNOWN
2016-04-25T01:32:26.000000;2016-04-25T01:32:26.000000;0efe2cd4-7786-4491-b0ed-b8a463240851;462.0;0.01;UNKNOWN
2016-04-25T01:33:00.000000;2016-04-25T01:33:00.000000;670cb146-1e7c-4451-9e4a-409637e132b1;462.0;0.48422623;UNKNOWN
2016-04-25T01:34:16.000000;2016-04-25T01:34:16.000000;d3fad6f2-b411-4955-8b22-3045a1544f17;462.0;0.23700903;UNKNOWN
2016-04-25T01:36:03.000000;2016-04-25T01:36:03.000000;b10fa061-c914-41a5-9ef4-2b615befff15;462.0;0.76968989;UNKNOWN
2016-04-25T01:37:55.000000;2016-04-25T01:37:55.000000;683d9b62-acad-438c-af2e-e9de0dd29c61;462.01;0.06984516;UNKNOWN
2016-04-25T01:37:55.000000;2016-04-25T01:37:55.000000;09ffc593-2506-4ddd-a238-85166ece3982;462.02;1.92015484;UNKNOWN
2016-04-25T01:38:08.000000;2016-04-25T01:38:08.000000;af9ffa0f-5096-4ad5-9744-229d5f646bcc;462.0;0.30146873;UNKNOWN
2016-04-25T01:38:15.000000;2016-04-25T01:38:15.000000;5b4504d5-2a02-4861-8887-5a8bce92d56a;462.02;0.6;UNKNOWN
2016-04-25T01:38:27.000000;2016-04-25T01:38:27.000000;c0166d83-0ebc-4516-8e3d-dc0a988cc3c5;462.02;0.058087;UNKNOWN
2016-04-25T01:38:56.000000;2016-04-25T01:38:56.000000;babeb2f1-89ca-449c-9d13-bd05f14d3ea7;462.01;0.46630056;UNKNOWN
2016-04-25T01:39:04.000000;2016-04-25T01:39:04.000000;efb33293-28a6-40f1-90ec-2097c79de11c;462.01;0.17016261;UNKNOWN
2016-04-25T01:40:51.000000;2016-04-25T01:40:51.000000;c6d3e7ed-6493-49ef-b97a-f01d5f37dc9d;462.01;0.01;UNKNOWN
2016-04-25T01:41:39.000000;2016-04-25T01:41:39.000000;f7c754b4-9b91-4d82-be3a-f20d1e49f7c7;462.02;0.39;UNKNOWN
2016-04-25T01:41:39.000000;2016-04-25T01:41:39.000000;a10116f4-ee94-47d1-88e7-8f32a4d76f7a;462.02;0.01;UNKNOWN
2016-04-25T01:43:46.000000;2016-04-25T01:43:46.000000;8370e185-8a69-4a2b-b533-dbaf41eaec00;462.01;0.01;UNKNOWN
2016-04-25T01:44:38.000000;2016-04-25T01:44:38.000000;40469ef9-6f10-49e0-bcdd-d8a45b46f62b;462.01;0.34383499;UNKNOWN
2016-04-25T01:44:38.000000;2016-04-25T01:44:38.000000;660fbd59-2324-41a1-b508-1afd24dcb6d4;462.01;0.19258089;UNKNOWN
2016-04-25T01:44:41.000000;2016-04-25T01:44:41.000000;6dad156b-6b92-408f-bf55-7ac28196f65b;462.01;0.34439022;UNKNOWN
2016-04-25T01:47:06.000000;2016-04-25T01:47:06.000000;5252fbaf-b5bc-459b-ade3-58b55f6f7fb6;462.0;0.01;UNKNOWN
2016-04-25T01:47:06.000000;2016-04-25T01:47:06.000000;464e670b-81b6-494a-8724-56ad3c84eb70;462.0;13.32092155;UNKNOWN
2016-04-25T01:47:06.000000;2016-04-25T01:47:06.000000;6f2a77a4-0c00-4849-b713-c74f7842e6e4;461.99;0.01;UNKNOWN
2016-04-25T01:47:06.000000;2016-04-25T01:47:06.000000;b51458a2-9a34-49dd-aaf2-aa4e07b7c60a;462.01;28.46273073;UNKNOWN
2016-04-25T01:47:07.000000;2016-04-25T01:47:07.000000;afa4a0cc-7cac-4316-a0c9-5c844319c49e;461.65;0.03466674;UNKNOWN
2016-04-25T01:47:07.000000;2016-04-25T01:47:07.000000;fa9c2947-921e-4d1c-a1a2-00e93e1c7fbd;461.51;0.54566674;UNKNOWN
2016-04-25T01:47:07.000000;2016-04-25T01:47:07.000000;1aeb8176-d972-49f0-94af-3e6d1aa90fd8;461.65;1.45433326;UNKNOWN
2016-04-25T01:47:07.000000;2016-04-25T01:47:07.000000;661223a5-8b21-4c65-9b38-1d8c5663ae7b;461.51;2.0;UNKNOWN
2016-04-25T01:47:07.000000;2016-04-25T01:47:07.000000;7a9d20fd-4a93-4020-9279-63741741cf38;461.51;1.0;UNKNOWN
2016-04-25T01:47:50.000000;2016-04-25T01:47:50.000000;9ba979fc-a9fb-48be-bbd9-9fd9bd129f93;461.15;3.64310164;UNKNOWN
2016-04-25T01:47:50.000000;2016-04-25T01:47:50.000000;36ebce7f-5f53-4d11-b752-af34540a4198;461.09;12.0695;UNKNOWN
2016-04-25T01:47:50.000000;2016-04-25T01:47:50.000000;7ec533bf-f203-48d3-b917-55d65dee4a20;461.03;3.59888931;UNKNOWN
2016-04-25T01:47:50.000000;2016-04-25T01:47:50.000000;3adcdd75-8a2c-400a-b4e9-b2bde1ad6bea;461.1;5.2701422;UNKNOWN
2016-04-25T01:47:50.000000;2016-04-25T01:47:50.000000;0255f38f-fa87-4a56-af1b-d5a52394391c;461.1;0.2;UNKNOWN
2016-04-25T01:47:50.000000;2016-04-25T01:47:50.000000;ddde670f-fc33-42a1-aa45-1893d97c415f;461.35;0.0332;UNKNOWN
2016-04-25T01:47:50.000000;2016-04-25T01:47:50.000000;4a625a42-e7b8-41c1-a93e-89beb0a67092;461.39;0.17520896;UNKNOWN
2016-04-25T01:47:50.000000;2016-04-25T01:47:50.000000;bcfd5749-db20-4d4d-9cbb-08099a1161a8;461.01;12.49;UNKNOWN
2016-04-25T01:47:50.000000;2016-04-25T01:47:50.000000;167ad77b-53b4-4c0c-8f54-b8b05aa62a48;461.02;33.0;UNKNOWN
2016-04-25T01:47:50.000000;2016-04-25T01:47:50.000000;e45c98b4-c4aa-47c1-aa03-959bb998d3fb;461.51;1.45433326;UNKNOWN
2016-04-25T01:47:50.000000;2016-04-25T01:47:50.000000;d61927d1-c8d4-41f5-a75a-aa5be96bfe1e;461.17;16.8025;UNKNOWN
2016-04-25T01:47:50.000000;2016-04-25T01:47:50.000000;8afbf8e2-2555-4806-8ca1-0aef772dcfb3;461.2;0.1;UNKNOWN
2016-04-25T01:47:50.000000;2016-04-25T01:47:50.000000;74a30aa5-e876-418a-957e-8a5fcda453b1;461.5;1.0;UNKNOWN
2016-04-25T01:47:50.000000;2016-04-25T01:47:50.000000;9ba179e0-f32f-4b80-86c2-047850b434bf;461.16;9.45;UNKNOWN
2016-04-25T01:47:57.000000;2016-04-25T01:47:57.000000;392bd9ae-aeb3-46b9-8d76-660a3fcd9b80;460.73;1.12;UNKNOWN
2016-04-25T01:47:57.000000;2016-04-25T01:47:57.000000;ff5f6d94-6fc7-4df5-a3ff-c1d7b93bfe16;460.64;2.0;UNKNOWN
2016-04-25T01:47:57.000000;2016-04-25T01:47:57.000000;3505543b-9762-46ce-b37c-b5e18457fb81;460.64;3.24;UNKNOWN
2016-04-25T01:47:57.000000;2016-04-25T01:47:57.000000;a34dd302-5588-4422-bc73-219f34c4f52c;460.73;2.76;UNKNOWN
2016-04-25T01:47:57.000000;2016-04-25T01:47:57.000000;631fefff-4830-4717-9392-f7de1093f691;460.64;2.16;UNKNOWN
2016-04-25T01:47:57.000000;2016-04-25T01:47:57.000000;d2cd5640-8c2e-49d7-9466-7a2618514bfc;460.64;1.0;UNKNOWN
2016-04-25T01:48:01.000000;2016-04-25T01:48:01.000000;76f0020c-24b0-4b01-9ac1-aae8eb498e7f;460.72;0.1002;UNKNOWN
2016-04-25T01:48:35.000000;2016-04-25T01:48:35.000000;0e6fc0b7-3d0a-484c-baa7-e49e13769fdc;460.48;7.7736867;UNKNOWN
2016-04-25T01:48:35.000000;2016-04-25T01:48:35.000000;ce519b62-0622-4d42-8c9f-6026a722b795;460.48;5.117;UNKNOWN
2016-04-25T01:48:35.000000;2016-04-25T01:48:35.000000;57a7e206-5cd7-4843-847a-0b92139e26d3;460.48;0.0478;UNKNOWN
2016-04-25T01:48:36.000000;2016-04-25T01:48:36.000000;138389c0-f8ee-416a-ae91-ba4912c07b02;460.49;0.12774571;UNKNOWN
2016-04-25T01:49:33.000000;2016-04-25T01:49:33.000000;f6a741d4-36fa-4a20-ad9d-03da77f5f17a;460.47;0.0967825;UNKNOWN
2016-04-25T01:49:59.000000;2016-04-25T01:49:59.000000;ca936416-7e32-4408-9e8b-1991ae3c2031;460.47;0.01774024;UNKNOWN
2016-04-25T01:50:13.000000;2016-04-25T01:50:13.000000;eb225872-edfe-4ad0-81f6-49224ed91393;460.46;0.01;UNKNOWN
2016-04-25T01:50:17.000000;2016-04-25T01:50:17.000000;cadbafae-31b9-4168-b112-2fbebdf03297;460.31;0.01;UNKNOWN
2016-04-25T01:50:19.000000;2016-04-25T01:50:19.000000;ab6c9cea-9089-4785-9f46-e9bf2f82f057;460.47;0.01252718;UNKNOWN
2016-04-25T01:50:21.000000;2016-04-25T01:50:21.000000;9edb31aa-9be4-4aff-8d50-24f68d04bf51;460.28;0.01;UNKNOWN
2016-04-25T01:50:21.000000;2016-04-25T01:50:21.000000;95a43631-2d2f-4d8f-9dfc-afcc2266ef81;460.47;0.01252718;UNKNOWN
2016-04-25T01:50:25.000000;2016-04-25T01:50:25.000000;09fbc08b-7b47-4838-9c19-3cf415b31c27;460.22;0.34549746;UNKNOWN
2016-04-25T01:50:25.000000;2016-04-25T01:50:25.000000;519d1b5e-2255-4e93-a303-1a015fc5fb43;460.21;3.45432974;UNKNOWN
2016-04-25T01:50:25.000000;2016-04-25T01:50:25.000000;e5b747c8-699d-4de9-b8b0-3d8e7b56cd75;460.21;4.0;UNKNOWN
2016-04-25T01:50:25.000000;2016-04-25T01:50:25.000000;35ce1088-b856-4920-9bbd-709ca7c58f23;460.21;0.75;UNKNOWN
2016-04-25T01:50:26.000000;2016-04-25T01:50:26.000000;d220832f-22e5-4ef1-b495-f3f5fd9bede7;460.34;0.01;UNKNOWN
2016-04-25T01:50:28.000000;2016-04-25T01:50:28.000000;a93b39db-8b9e-4b63-b07c-e4c7a423fcb1;460.18;0.01;UNKNOWN
2016-04-25T01:50:29.000000;2016-04-25T01:50:29.000000;21b6aecc-de98-4b6e-bb15-a82beabe6f07;460.47;1.0;UNKNOWN
2016-04-25T01:50:30.000000;2016-04-25T01:50:30.000000;3c8d2740-4d64-461f-95ee-2fe173387c19;460.18;0.01;UNKNOWN
2016-04-25T01:50:30.000000;2016-04-25T01:50:30.000000;1b22a276-6648-4a0f-80ba-01c8b1249b3d;460.47;1.0;UNKNOWN
2016-04-25T01:50:30.000000;2016-04-25T01:50:30.000000;f1d6e3bf-5af6-4564-be15-2f34593c4f77;460.47;0.82923656;UNKNOWN
2016-04-25T01:50:31.000000;2016-04-25T01:50:31.000000;ea4611fa-07c7-4fd8-bbd8-950e75f161b1;460.24;0.01;UNKNOWN
2016-04-25T01:50:33.000000;2016-04-25T01:50:33.000000;09c90cbf-b8af-4a6e-a235-bcc3b7960e66;460.18;0.01;UNKNOWN
2016-04-25T01:50:34.000000;2016-04-25T01:50:34.000000;ea86a7b4-8ce9-47d3-8b6a-0558d8282771;460.19;0.01;UNKNOWN
2016-04-25T01:50:36.000000;2016-04-25T01:50:36.000000;1d8a3267-7009-4f24-a65d-6c8028e4c37c;460.19;0.01;UNKNOWN
2016-04-25T01:50:38.000000;2016-04-25T01:50:38.000000;30d9b95b-13b5-42c6-9d4e-86301edcb69e;460.21;0.01;UNKNOWN
2016-04-25T01:50:52.000000;2016-04-25T01:50:52.000000;f02c7d27-f0a3-47bf-8125-dd3013c87897;460.18;0.0271;UNKNOWN
2016-04-25T01:50:53.000000;2016-04-25T01:50:53.000000;d0697ccc-8200-40c4-8e04-27fc4e79e2b9;460.17;0.01;UNKNOWN
2016-04-25T01:51:03.000000;2016-04-25T01:51:03.000000;cd435f5f-2aab-4508-9f3f-61f071805ae1;460.17;0.01;UNKNOWN
2016-04-25T01:51:16.000000;2016-04-25T01:51:16.000000;846097ed-dba9-4f90-9288-41291c841055;460.17;0.253;UNKNOWN
2016-04-25T01:52:19.000000;2016-04-25T01:52:19.000000;c106614a-de28-4f0e-b22d-6848ec6d4187;460.17;7.56932005;UNKNOWN
2016-04-25T01:52:33.000000;2016-04-25T01:52:33.000000;68716e7c-541d-465d-b6df-12449140d91d;460.1;0.243;UNKNOWN
2016-04-25T01:52:33.000000;2016-04-25T01:52:33.000000;df88ec0e-89a7-4975-b112-381e954189ec;460.16;0.01;UNKNOWN
2016-04-25T01:52:47.000000;2016-04-25T01:52:47.000000;e8ecc6a5-0c81-4f49-b76e-5e614b74ecc6;460.1;3.0;UNKNOWN
2016-04-25T01:53:03.000000;2016-04-25T01:53:03.000000;6dd9aade-ab71-4e42-b862-0a5817d25ad2;460.1;1.757;UNKNOWN
2016-04-25T01:53:28.000000;2016-04-25T01:53:28.000000;9e69f6ce-36e6-426b-8f34-bde740581b85;460.14;4.78964266;UNKNOWN
2016-04-25T01:53:28.000000;2016-04-25T01:53:28.000000;eaa74814-31e5-417e-9b4b-0a3693edc559;460.14;4.11878578;UNKNOWN
2016-04-25T01:53:28.000000;2016-04-25T01:53:28.000000;d31e15fa-8e89-4b10-b7b1-bfcfbe2047c5;460.12;1.53;UNKNOWN
2016-04-25T01:53:28.000000;2016-04-25T01:53:28.000000;76e8a978-1864-448f-8bb1-0cf590c63f29;460.14;4.11878578;UNKNOWN
2016-04-25T01:53:28.000000;2016-04-25T01:53:28.000000;001fd947-84f6-4d6b-bf43-197d7312648e;460.14;4.11878578;UNKNOWN
2016-04-25T01:53:28.000000;2016-04-25T01:53:28.000000;3ed1b517-58de-4516-b04f-786abb6de38c;460.14;0.324;UNKNOWN
2016-04-25T01:53:38.000000;2016-04-25T01:53:38.000000;6b70bcb9-6b15-438f-b471-a7d6149f9db7;460.07;0.01;UNKNOWN
2016-04-25T01:53:42.000000;2016-04-25T01:53:42.000000;ea1695d7-b3f9-4867-bcb3-67187ba33336;460.07;0.0266;UNKNOWN
2016-04-25T01:53:42.000000;2016-04-25T01:53:42.000000;ae399d0d-7c85-4fcb-ad70-f18af0a44b72;460.07;0.052;UNKNOWN
2016-04-25T01:53:42.000000;2016-04-25T01:53:42.000000;3c3de079-3231-4f89-8b95-f7486963fc31;460.02;0.1744;UNKNOWN
2016-04-25T01:53:44.000000;2016-04-25T01:53:44.000000;c0c93326-5b11-4b6b-a0bf-0249efb3a445;460.02;0.01;UNKNOWN
2016-04-25T01:54:14.000000;2016-04-25T01:54:14.000000;c990a0be-10c7-4ce0-90f9-4c1ff5f27509;460.02;0.0656;UNKNOWN
2016-04-25T01:54:14.000000;2016-04-25T01:54:14.000000;5019ef5f-f361-4c54-89ee-19bb5dabaa37;460.01;0.1874;UNKNOWN
2016-04-25T01:55:00.000000;2016-04-25T01:55:00.000000;bebfda9f-b994-4724-9385-8b1cf6fca8a4;460.03;3.0;UNKNOWN
2016-04-25T01:57:04.000000;2016-04-25T01:57:04.000000;cf410aef-ec2b-4bcc-9de5-0d206e9bcb4e;460.04;0.01315107;UNKNOWN
2016-04-25T01:57:07.000000;2016-04-25T01:57:07.000000;5d54c2f0-434e-4058-b2d2-b237a4ff235e;460.03;0.38858666;UNKNOWN
2016-04-25T01:57:08.000000;2016-04-25T01:57:08.000000;8e2a575f-139a-42cd-be1f-65e3eb9161c1;460.03;0.01;UNKNOWN
2016-04-25T01:57:53.000000;2016-04-25T01:57:53.000000;c05fb46a-b9cb-4df9-8c61-3417e10238a5;460.0;50.0;UNKNOWN
2016-04-25T01:57:53.000000;2016-04-25T01:57:53.000000;19a64343-6dde-4e29-8723-2fb7eb2b1829;460.03;1.60141334;UNKNOWN
2016-04-25T01:57:53.000000;2016-04-25T01:57:53.000000;ccd833d7-b5aa-426c-b3a2-9777916b4b9e;460.03;5.0;UNKNOWN
2016-04-25T01:57:53.000000;2016-04-25T01:57:53.000000;db530a4b-e330-4689-8aa6-b239324d4e00;460.0;24.99;UNKNOWN
2016-04-25T01:57:53.000000;2016-04-25T01:57:53.000000;5f602a3a-c172-4ca8-ab19-c6577c723d59;460.01;6.53816633;UNKNOWN
2016-04-25T01:57:53.000000;2016-04-25T01:57:53.000000;2cb92e78-9662-4deb-921e-545ed06b594c;460.0;11.67042033;UNKNOWN
2016-04-25T01:57:53.000000;2016-04-25T01:57:53.000000;162ec38f-d9b9-42b8-bfe9-34074b0ab197;460.0;0.2;UNKNOWN
2016-04-25T01:58:00.000000;2016-04-25T01:58:00.000000;99360e8b-57fe-4e93-adee-5c1ffd8d302f;460.0;3.01;UNKNOWN
2016-04-25T01:58:00.000000;2016-04-25T01:58:00.000000;e2c3570b-76fb-415c-83f7-efc514302bea;459.76;0.176572;UNKNOWN
2016-04-25T01:58:00.000000;2016-04-25T01:58:00.000000;90a0d3de-4c61-4375-9918-31473ad7dc83;460.0;38.31957967;UNKNOWN
2016-04-25T01:58:00.000000;2016-04-25T01:58:00.000000;e33a3b90-0686-4da1-b64e-a13d1112cdde;459.84;0.074;UNKNOWN
2016-04-25T01:58:00.000000;2016-04-25T01:58:00.000000;c873c33a-7404-4abd-9cdd-67771d9a0175;460.0;1.0;UNKNOWN
2016-04-25T01:58:00.000000;2016-04-25T01:58:00.000000;246c854e-d03d-465e-9dd9-2aa344de7faf;459.93;0.052;UNKNOWN
2016-04-25T01:58:00.000000;2016-04-25T01:58:00.000000;7bd5e0a6-b8fe-466c-8217-623326dbf4dc;459.93;0.0366;UNKNOWN
2016-04-25T01:58:00.000000;2016-04-25T01:58:00.000000;31a3af43-fca3-40a7-b1f6-65321117c9f1;460.0;25.0;UNKNOWN
2016-04-25T01:58:00.000000;2016-04-25T01:58:00.000000;74cd9580-9fa7-452b-80c5-e487b9e04afc;459.5;0.75034833;UNKNOWN
2016-04-25T01:58:00.000000;2016-04-25T01:58:00.000000;5526e2ed-58c1-45ad-a8aa-6f2e60172167;459.93;0.01;UNKNOWN
2016-04-25T01:58:00.000000;2016-04-25T01:58:00.000000;eb4e0bc3-a70a-4f98-a956-a0b660de410e;459.01;2.58512203;UNKNOWN
2016-04-25T01:58:00.000000;2016-04-25T01:58:00.000000;0bd1ccbd-0c91-48ad-bf83-51eb8187b7a6;459.02;2.55944859;UNKNOWN
2016-04-25T01:58:00.000000;2016-04-25T01:58:00.000000;b7a3dc45-571c-4887-ace5-2c401ca39455;459.26;1.0;UNKNOWN
2016-04-25T01:58:00.000000;2016-04-25T01:58:00.000000;2bf41e85-3196-4e9f-9e67-1ed97dccf0d6;459.5;0.24965167;UNKNOWN
2016-04-25T01:58:00.000000;2016-04-25T01:58:00.000000;3d00e11e-f08c-4b53-af92-700c219b3453;459.25;7.0;UNKNOWN
2016-04-25T01:58:00.000000;2016-04-25T01:58:00.000000;cea56f59-a54c-495d-bc54-837b9677c846;459.08;0.17730936;UNKNOWN
2016-04-25T01:58:00.000000;2016-04-25T01:58:00.000000;ab0cd821-3f55-43b4-a73c-9e2eb50563f0;459.42;0.01;UNKNOWN
2016-04-25T01:58:00.000000;2016-04-25T01:58:00.000000;9e67457d-4627-4e80-8c3a-ff8a09bf5950;459.33;0.3;UNKNOWN
2016-04-25T01:58:00.000000;2016-04-25T01:58:00.000000;dd5e38fa-1c59-4624-bb59-cd047189ed23;459.41;1.655831;UNKNOWN
2016-04-25T01:58:00.000000;2016-04-25T01:58:00.000000;23133c1a-1b49-4003-adfa-ee5244316f72;459.26;2.46263735;UNKNOWN
2016-04-25T01:58:00.000000;2016-04-25T01:58:00.000000;1c35f518-cd37-4e5f-882a-803288f29d40;459.51;6.4709;UNKNOWN
2016-04-25T01:58:00.000000;2016-04-25T01:58:00.000000;8987a177-8189-4ef1-a3ba-bdf599844604;459.69;0.1;UNKNOWN
2016-04-25T01:58:06.000000;2016-04-25T01:58:06.000000;033fea9d-7202-455f-a3ea-9d667df12cc0;459.01;2.0;UNKNOWN
2016-04-25T01:58:06.000000;2016-04-25T01:58:06.000000;f3825e06-4213-4910-a1e5-a7ee71fcb2b8;459.01;3.2;UNKNOWN
2016-04-25T01:58:10.000000;2016-04-25T01:58:10.000000;a52fa90f-d3eb-48e9-994c-81512e9b2c80;459.01;0.76105063;UNKNOWN
2016-04-25T01:58:10.000000;2016-04-25T01:58:10.000000;e9dbbccc-559e-4645-8bd3-d1f6e88757df;459.02;0.02359067;UNKNOWN
2016-04-25T01:58:10.000000;2016-04-25T01:58:10.000000;b04bc636-436f-44b4-8ce4-fa848870ea9c;459.01;4.70487797;UNKNOWN
2016-04-25T01:58:19.000000;2016-04-25T01:58:19.000000;bb48d913-ca86-4c3b-9ea9-b686e3116005;459.01;0.0905;UNKNOWN
2016-04-25T01:58:19.000000;2016-04-25T01:58:19.000000;165f40b7-df72-4e69-b2bf-3e978505f334;459.0;0.67055063;UNKNOWN
2016-04-25T01:58:19.000000;2016-04-25T01:58:19.000000;1989a7de-e577-4961-b756-73ced62b0e44;459.01;9.23894937;UNKNOWN
2016-04-25T01:58:22.000000;2016-04-25T01:58:22.000000;843b87eb-cec2-4970-84c7-9224dde19f99;459.01;3.06758126;UNKNOWN
2016-04-25T01:58:37.000000;2016-04-25T01:58:37.000000;55417a50-2d90-4357-a2b3-e8d99a66f7c7;459.02;0.11526026;UNKNOWN
2016-04-25T01:58:39.000000;2016-04-25T01:58:39.000000;211363b7-8b17-4f47-b1de-e42fdf273f21;459.02;1.23;UNKNOWN
2016-04-25T01:58:44.000000;2016-04-25T01:58:44.000000;e64b7f05-3fd2-4fbd-978a-1f4b5f3965ed;459.0;0.69525063;UNKNOWN
2016-04-25T01:58:44.000000;2016-04-25T01:58:44.000000;8c179192-7ebe-4226-a143-ce817a73b26c;459.0;3.72944937;UNKNOWN
2016-04-25T01:58:44.000000;2016-04-25T01:58:44.000000;ca467c56-531a-456d-b477-a32d25a7647f;459.01;0.0753;UNKNOWN
2016-04-25T01:58:48.000000;2016-04-25T01:58:48.000000;2e9cea7c-bd80-4ebc-a835-2f914f3f34e9;459.01;3.0;UNKNOWN
2016-04-25T01:59:01.000000;2016-04-25T01:59:01.000000;be309ae6-c135-448d-bbe6-6bf897250462;459.01;2.0;UNKNOWN
2016-04-25T01:59:04.000000;2016-04-25T01:59:04.000000;624ca59b-39e9-42c6-9d91-3441912802d6;459.02;0.02;UNKNOWN
2016-04-25T01:59:07.000000;2016-04-25T01:59:07.000000;6340cddb-7c5f-4dcd-b352-24fda39b0c76;459.02;0.05;UNKNOWN
2016-04-25T01:59:13.000000;2016-04-25T01:59:13.000000;02ee492e-aab3-4e5f-9f43-b411a606795c;459.01;0.01;UNKNOWN
2016-04-25T01:59:46.000000;2016-04-25T01:59:46.000000;7967337a-bac5-4fe5-9cdd-68202e786595;459.01;2.0;UNKNOWN
2016-04-25T01:59:52.000000;2016-04-25T01:59:52.000000;aed5302a-db17-4c6e-9da1-f8b5e47a3eb7;459.01;3.59;UNKNOWN
2016-04-25T02:00:16.000000;2016-04-25T02:00:16.000000;f712c99b-00d3-429f-b6d1-cc44b1c685a1;459.0;0.01;UNKNOWN
2016-04-25T02:00:17.000000;2016-04-25T02:00:17.000000;2ea97d03-f962-48a3-a736-a9c4d8c477ad;459.01;0.5;UNKNOWN
2016-04-25T02:00:23.000000;2016-04-25T02:00:23.000000;7486c8f2-3c2c-4835-9fb3-57dc5d5aa4c3;459.0;0.01;UNKNOWN
2016-04-25T02:00:32.000000;2016-04-25T02:00:32.000000;2fc41939-842d-434b-a6bb-3a5fb4db3a06;459.0;0.01;UNKNOWN
2016-04-25T02:00:32.000000;2016-04-25T02:00:32.000000;55070648-aec8-4425-88a6-2fbca0395066;459.0;0.28474937;UNKNOWN
2016-04-25T02:00:32.000000;2016-04-25T02:00:32.000000;97113898-9ddd-45ea-bc19-145d3488dd02;458.89;0.3332;UNKNOWN
2016-04-25T02:00:32.000000;2016-04-25T02:00:32.000000;afc6f814-f87e-4066-aba8-fe4a1a681a41;458.89;1.37205063;UNKNOWN
2016-04-25T02:00:35.000000;2016-04-25T02:00:35.000000;d6e1fe07-c0b4-4ec5-a1be-545c2e61824e;458.89;8.27;UNKNOWN
2016-04-25T02:00:35.000000;2016-04-25T02:00:35.000000;17ef6f81-88dd-4f04-8b61-db1dc4c68600;458.76;0.01;UNKNOWN
2016-04-25T02:00:35.000000;2016-04-25T02:00:35.000000;8ed52717-8b93-4a02-8ee8-7825f6d969aa;458.8;0.25;UNKNOWN
2016-04-25T02:00:35.000000;2016-04-25T02:00:35.000000;74bb8692-ff20-49e3-8dfb-416766f2e38a;458.73;3.0;UNKNOWN
2016-04-25T02:00:35.000000;2016-04-25T02:00:35.000000;675f4cc7-ff5f-4664-9b0d-d6961c738e45;458.88;3.0;UNKNOWN
2016-04-25T02:00:35.000000;2016-04-25T02:00:35.000000;4b48b417-9b83-4145-bfbe-a2d8c7ae0124;458.73;1.74;UNKNOWN
2016-04-25T02:00:39.000000;2016-04-25T02:00:39.000000;fa1b0ed2-a94b-4767-8a71-8f1f5cf15b50;458.6;0.01;UNKNOWN
2016-04-25T02:00:41.000000;2016-04-25T02:00:41.000000;3ea0d275-55e1-4f8d-80f3-ae570aa5e937;458.73;12.5602;UNKNOWN
2016-04-25T02:00:41.000000;2016-04-25T02:00:41.000000;3e5bda62-3c92-49c3-8138-edf84723c34a;458.6;7.4398;UNKNOWN
2016-04-25T02:00:41.000000;2016-04-25T02:00:41.000000;4885d0e9-a604-4ce7-9be9-c87b527e39fa;458.6;1.39;UNKNOWN
2016-04-25T02:00:41.000000;2016-04-25T02:00:41.000000;0cdb5515-8ed8-40ef-8aa1-8bc1dbbd4feb;458.6;0.098;UNKNOWN
2016-04-25T02:00:41.000000;2016-04-25T02:00:41.000000;d13397b6-1c51-4149-babf-55c0c6c4305e;458.6;1.2;UNKNOWN
2016-04-25T02:00:45.000000;2016-04-25T02:00:45.000000;73271396-3b8f-4207-9d74-99070b87918f;458.61;5.24;UNKNOWN
2016-04-25T02:00:51.000000;2016-04-25T02:00:51.000000;6c2df0e9-fc4a-4c2f-8400-0f188feea9c8;458.55;0.01;UNKNOWN
2016-04-25T02:00:55.000000;2016-04-25T02:00:55.000000;5c43f825-4a84-427c-be15-afefe0a78808;458.5;0.13919604;UNKNOWN
2016-04-25T02:00:55.000000;2016-04-25T02:00:55.000000;26267f5d-e37c-47ec-a68f-2fcc8477977d;458.55;0.06;UNKNOWN
2016-04-25T02:00:55.000000;2016-04-25T02:00:55.000000;2043f755-4d8d-48cf-aa82-98d8fe9d2c2e;458.58;0.24;UNKNOWN
2016-04-25T02:01:01.000000;2016-04-25T02:01:01.000000;8bd37ed7-744e-4e69-8a02-b7663c1c8445;458.59;0.1002;UNKNOWN
2016-04-25T02:01:03.000000;2016-04-25T02:01:03.000000;7c3beeba-8f18-410d-8ac3-f4bf4e7493f7;458.5;0.01;UNKNOWN
2016-04-25T02:01:12.000000;2016-04-25T02:01:12.000000;5f3716cf-f0c4-4564-ab71-86ee18c435bb;458.5;0.8;UNKNOWN
2016-04-25T02:01:40.000000;2016-04-25T02:01:40.000000;003997dd-caa4-468d-8aa4-62b953bb67a4;458.51;20.5;UNKNOWN
2016-04-25T02:01:43.000000;2016-04-25T02:01:43.000000;1d6d7bec-8f8d-4c9c-ae85-ff8aab8ef883;458.51;0.0246;UNKNOWN
2016-04-25T02:01:56.000000;2016-04-25T02:01:56.000000;1fee9d22-5496-411f-ac9d-230020b90bc5;458.51;0.10869;UNKNOWN
2016-04-25T02:02:05.000000;2016-04-25T02:02:05.000000;c6f7df17-e56f-486b-b4f8-64cba4d93123;458.51;0.019;UNKNOWN
2016-04-25T02:02:09.000000;2016-04-25T02:02:09.000000;4ed487f0-03eb-4925-b312-ec382c3afe7b;458.51;1.0;UNKNOWN
2016-04-25T02:02:27.000000;2016-04-25T02:02:27.000000;132d32c8-aeb0-4e63-9136-1e5c4692661b;458.5;0.01;UNKNOWN
2016-04-25T02:02:38.000000;2016-04-25T02:02:38.000000;06cf287b-5b48-4ebb-ba55-48a097d5130c;458.51;2.0;UNKNOWN
2016-04-25T02:03:19.000000;2016-04-25T02:03:19.000000;a93841e9-0a08-4900-bf48-d45cc4c32aad;458.51;4.13372604;UNKNOWN
2016-04-25T02:03:19.000000;2016-04-25T02:03:19.000000;1a360fcf-78c9-45c9-8d69-2a906ec6d1dc;458.51;1.54840785;UNKNOWN
2016-04-25T02:03:19.000000;2016-04-25T02:03:19.000000;6c8158ca-d266-4221-a4bf-34ffda32e839;458.51;4.13688968;UNKNOWN
2016-04-25T02:03:19.000000;2016-04-25T02:03:19.000000;284c9fb8-3aa2-413a-8d32-06d309734cfe;458.51;4.13813081;UNKNOWN
2016-04-25T02:03:19.000000;2016-04-25T02:03:19.000000;7f622758-282a-4796-8077-808aeff7f78b;458.51;4.1356493;UNKNOWN
2016-04-25T02:03:19.000000;2016-04-25T02:03:19.000000;6af06941-3e82-496f-94ab-d7e385a4e2fd;458.51;26.34771;UNKNOWN
2016-04-25T02:03:19.000000;2016-04-25T02:03:19.000000;e3103e1f-a71b-476a-91f6-7ec7adf48683;458.51;4.13821643;UNKNOWN
2016-04-25T02:03:19.000000;2016-04-25T02:03:19.000000;79918a67-5a48-40a6-b92e-d2b7ac869cef;458.51;4.13821643;UNKNOWN
2016-04-25T02:03:19.000000;2016-04-25T02:03:19.000000;813b6d78-ccf9-4968-846f-501fb74f72a5;458.51;4.13483703;UNKNOWN
2016-04-25T02:03:19.000000;2016-04-25T02:03:19.000000;8a018208-a626-4929-8f2b-c5cc202334eb;458.51;0.01;UNKNOWN
2016-04-25T02:03:19.000000;2016-04-25T02:03:19.000000;548b7f83-7222-4bed-b0a1-dcee358de3e4;458.51;4.13821643;UNKNOWN
2016-04-25T02:03:23.000000;2016-04-25T02:03:23.000000;0f885747-640a-49c5-8439-e991c17bd202;458.5;0.58;UNKNOWN
2016-04-25T02:03:35.000000;2016-04-25T02:03:35.000000;8f657c14-db5e-4ab4-94ff-d24891f8d661;458.52;8.76;UNKNOWN
2016-04-25T02:03:51.000000;2016-04-25T02:03:51.000000;e5c53300-7b2a-449c-8246-a5edc75af823;458.52;2.0;UNKNOWN
2016-04-25T02:04:47.000000;2016-04-25T02:04:47.000000;a2f5f06f-3f86-4176-92c6-7f416389cbe6;458.52;2.0;UNKNOWN
2016-04-25T02:04:51.000000;2016-04-25T02:04:51.000000;55ef53b2-ee02-4b63-86b0-41e3e124402b;458.52;2.0;UNKNOWN
2016-04-25T02:05:00.000000;2016-04-25T02:05:00.000000;e4f8e42d-de78-49c2-abfe-927ecc916c03;458.52;5.0;UNKNOWN
2016-04-25T02:05:05.000000;2016-04-25T02:05:05.000000;04597c73-3e2d-4e09-aa3f-7899beb77ae3;458.52;5.0;UNKNOWN
2016-04-25T02:05:11.000000;2016-04-25T02:05:11.000000;b7970716-0be9-44ca-9f65-2cfe30f7c03c;458.51;0.1167831;UNKNOWN
2016-04-25T02:05:23.000000;2016-04-25T02:05:23.000000;b80c2e08-0b7f-4beb-bf41-64d797557375;458.52;5.0;UNKNOWN
2016-04-25T02:05:36.000000;2016-04-25T02:05:36.000000;a6e85c57-7692-4758-b9c2-403ea092422a;458.52;5.0;UNKNOWN
2016-04-25T02:05:47.000000;2016-04-25T02:05:47.000000;7648d08f-ac03-4470-a12e-d1605254a1fd;458.52;0.01;UNKNOWN
2016-04-25T02:05:54.000000;2016-04-25T02:05:54.000000;a0e36dc8-5c1e-41ad-b2af-57f5d112a125;458.52;0.01;UNKNOWN
2016-04-25T02:05:55.000000;2016-04-25T02:05:55.000000;74c59a7f-c3da-4a83-a8a7-04508f608b3e;458.52;5.0;UNKNOWN
2016-04-25T02:06:01.000000;2016-04-25T02:06:01.000000;9e1d33bc-d1d4-4ae9-9f70-e691362d78d4;458.52;0.01;UNKNOWN
2016-04-25T02:06:08.000000;2016-04-25T02:06:08.000000;588dbb79-267c-4b5f-b6a7-0d66b9251749;458.52;0.01;UNKNOWN
2016-04-25T02:06:09.000000;2016-04-25T02:06:09.000000;25fcee3e-22b5-4cd8-8461-4b3f52c13dbc;458.52;10.2;UNKNOWN
2016-04-25T02:06:09.000000;2016-04-25T02:06:09.000000;24cfc779-8165-4107-9d10-680c96b20acd;458.52;0.01;UNKNOWN
2016-04-25T02:06:09.000000;2016-04-25T02:06:09.000000;9df0b571-0325-4ce9-8173-27eef9109930;458.53;0.324;UNKNOWN
2016-04-25T02:06:12.000000;2016-04-25T02:06:12.000000;7e55a67a-e969-4431-a10a-a0127b3be4ec;459.03;0.01;UNKNOWN
2016-04-25T02:06:12.000000;2016-04-25T02:06:12.000000;b8bd496f-0986-4559-b545-8ac4eda10bc8;458.55;0.19630829;UNKNOWN
2016-04-25T02:06:12.000000;2016-04-25T02:06:12.000000;2167b91b-c620-4876-aa75-6ee876c777fe;458.54;0.107;UNKNOWN
2016-04-25T02:06:12.000000;2016-04-25T02:06:12.000000;a6771e5e-9daf-40e5-8843-9f3284a4c391;459.1;0.67669171;UNKNOWN
2016-04-25T02:06:12.000000;2016-04-25T02:06:12.000000;64cf8008-a68e-4a8e-a4d7-133b41df648e;459.02;0.01;UNKNOWN
2016-04-25T02:06:16.000000;2016-04-25T02:06:16.000000;85498be7-3441-4c87-abd9-25cc6be05990;459.02;0.413;UNKNOWN
2016-04-25T02:06:17.000000;2016-04-25T02:06:17.000000;4e872269-25a4-49a8-a9ec-4a608c41992a;459.1;0.5;UNKNOWN
2016-04-25T02:06:19.000000;2016-04-25T02:06:19.000000;fb712b8f-43d3-4b53-9f1e-3c5b7bf6e195;459.1;0.01;UNKNOWN
2016-04-25T02:06:23.000000;2016-04-25T02:06:23.000000;a6722837-9ee3-458b-9533-ad58d29afbda;459.1;0.04356349;UNKNOWN
2016-04-25T02:06:23.000000;2016-04-25T02:06:23.000000;35ab76c0-1112-4e07-99ad-a40ac246d311;459.04;5.0;UNKNOWN
2016-04-25T02:06:24.000000;2016-04-25T02:06:24.000000;44bc0543-e769-4562-8607-744e069d06d1;459.05;0.324;UNKNOWN
2016-04-25T02:06:25.000000;2016-04-25T02:06:25.000000;6e0c9097-80cd-416d-9938-1232854a6f07;459.1;5.2416448;UNKNOWN
2016-04-25T02:06:25.000000;2016-04-25T02:06:25.000000;2be34f0e-84f9-45c4-9d20-6afbee0b3ffd;459.81;8.2997773;UNKNOWN
2016-04-25T02:06:32.000000;2016-04-25T02:06:32.000000;7ff6b3b9-104d-4778-b66c-7e8c4eff0475;459.84;0.107;UNKNOWN
2016-04-25T02:06:34.000000;2016-04-25T02:06:34.000000;0d2fc8dc-7d2b-4edc-87e7-77dc593b5135;459.84;5.0;UNKNOWN
2016-04-25T02:06:37.000000;2016-04-25T02:06:37.000000;3ffbd6ae-6197-46b5-978c-2ba660b6e6e1;459.99;8.75;UNKNOWN
2016-04-25T02:06:38.000000;2016-04-25T02:06:38.000000;43e70f16-b9be-4478-950b-389f41427ca9;459.99;3.74;UNKNOWN
2016-04-25T02:06:38.000000;2016-04-25T02:06:38.000000;a7f2c33b-7bb3-495e-939c-9819f22e1601;460.02;0.6746254;UNKNOWN
2016-04-25T02:06:41.000000;2016-04-25T02:06:41.000000;80b31297-5418-47eb-bb07-a54456de96f9;459.87;0.01;UNKNOWN
2016-04-25T02:06:46.000000;2016-04-25T02:06:46.000000;4b5d99f6-535e-4166-9def-f9891b53598f;459.87;0.010023;UNKNOWN
2016-04-25T02:06:48.000000;2016-04-25T02:06:48.000000;d4e634da-fbf3-422b-8832-600a8132905c;459.87;0.2482345;UNKNOWN
2016-04-25T02:06:57.000000;2016-04-25T02:06:57.000000;18a9df52-ddd5-48c0-bdb3-b931fa017749;459.86;1.03061546;UNKNOWN
2016-04-25T02:07:00.000000;2016-04-25T02:07:00.000000;67219953-58af-4b6a-bd08-dcfd6a8356f8;459.86;0.62519155;UNKNOWN
2016-04-25T02:07:03.000000;2016-04-25T02:07:03.000000;9b05435f-06e2-42e4-86a0-11ff122006e9;459.86;0.6293611;UNKNOWN
2016-04-25T02:07:04.000000;2016-04-25T02:07:04.000000;f7d2e571-dd08-48bc-9390-8b05fe6fdbe7;459.87;0.0816106;UNKNOWN
2016-04-25T02:07:05.000000;2016-04-25T02:07:05.000000;cca35673-cc61-4628-8599-8e7894aafa85;459.87;0.09290739;UNKNOWN
2016-04-25T02:07:06.000000;2016-04-25T02:07:06.000000;524465c5-8229-4d0d-ad4e-9d80f7dbcdcc;459.86;0.69867971;UNKNOWN
2016-04-25T02:07:08.000000;2016-04-25T02:07:08.000000;4367a650-d6e6-4d9e-89ff-c6107188bedf;459.87;0.07200335;UNKNOWN
2016-04-25T02:07:11.000000;2016-04-25T02:07:11.000000;4b45cbac-d731-4616-bb5a-0f7a46d6bf93;459.87;0.07068989;UNKNOWN
2016-04-25T02:07:19.000000;2016-04-25T02:07:19.000000;b73fb86f-a97d-47c4-8e12-3c48b5ee73e6;459.87;5.0;UNKNOWN
2016-04-25T02:07:19.000000;2016-04-25T02:07:19.000000;8b377e41-d65e-400d-96c4-8cd9e13dd76a;459.87;10.0;UNKNOWN
2016-04-25T02:07:42.000000;2016-04-25T02:07:42.000000;c0c983aa-9d25-4b4c-875c-91f61dccff8f;459.86;2.01;UNKNOWN
2016-04-25T02:07:50.000000;2016-04-25T02:07:50.000000;05f3316c-351b-4d02-b7a3-5595d998d2ec;459.85;0.34577545;UNKNOWN
2016-04-25T02:07:50.000000;2016-04-25T02:07:50.000000;0fab5df2-0a8c-4733-b406-9e266156a2e0;459.85;8.95;UNKNOWN
2016-04-25T02:07:51.000000;2016-04-25T02:07:51.000000;9e61bc3b-c7db-480e-9288-85f7a6a1fd9c;459.85;0.34577545;UNKNOWN
2016-04-25T02:07:52.000000;2016-04-25T02:07:52.000000;351450f3-5e00-421f-af4c-24981f6ea01d;459.85;0.34632979;UNKNOWN
2016-04-25T02:07:52.000000;2016-04-25T02:07:52.000000;2a757356-cc3a-42fb-b5a7-c343816795ff;459.85;0.34577545;UNKNOWN
2016-04-25T02:07:53.000000;2016-04-25T02:07:53.000000;8fcf7add-2df3-4dcc-97fc-c313acbadf2b;459.85;0.34577545;UNKNOWN
2016-04-25T02:07:55.000000;2016-04-25T02:07:55.000000;1cb0a2ca-dfbf-4d7d-8d14-680ce077c52b;459.85;0.34632979;UNKNOWN
2016-04-25T02:08:06.000000;2016-04-25T02:08:06.000000;e5ba49e4-2fb3-408e-b8e7-0575328ddd2b;459.84;4.6596357;UNKNOWN
2016-04-25T02:08:15.000000;2016-04-25T02:08:15.000000;eb6aebea-b55c-43d1-8afe-79db8fa29e3d;459.85;0.34488657;UNKNOWN
2016-04-25T02:08:15.000000;2016-04-25T02:08:15.000000;6f235bab-d728-458a-bfd8-efd89ddcefd9;459.85;0.18645972;UNKNOWN
2016-04-25T02:08:27.000000;2016-04-25T02:08:27.000000;8a3ff35c-4caa-4e1a-b364-ce143da5e561;459.84;1.7447643;UNKNOWN
2016-04-25T02:08:27.000000;2016-04-25T02:08:27.000000;dff98557-4d0b-47ee-9e01-37749d4ce814;459.84;5.0;UNKNOWN
2016-04-25T02:08:27.000000;2016-04-25T02:08:27.000000;d2288f7b-3793-4613-a269-c4a56b7db1f8;459.84;7.9493574;UNKNOWN
2016-04-25T02:08:45.000000;2016-04-25T02:08:45.000000;457eb643-6065-4732-ade0-550801590330;459.85;0.51679829;UNKNOWN
2016-04-25T02:08:46.000000;2016-04-25T02:08:46.000000;370240fd-22d0-4997-900d-70b79f68d045;459.85;0.34577545;UNKNOWN
2016-04-25T02:08:46.000000;2016-04-25T02:08:46.000000;d01d7468-5fa8-4319-ac21-6a33752cf3ab;459.85;0.51679829;UNKNOWN
2016-04-25T02:08:47.000000;2016-04-25T02:08:47.000000;09db7cf2-8865-42a5-b399-c762e21b1ca6;459.85;0.34577545;UNKNOWN
2016-04-25T02:08:47.000000;2016-04-25T02:08:47.000000;3687d5ec-aab7-407a-8934-814761d4c127;459.85;0.34577545;UNKNOWN
2016-04-25T02:08:48.000000;2016-04-25T02:08:48.000000;9d5d476d-4447-4c26-baea-8799bdbe4892;459.85;0.34577545;UNKNOWN
2016-04-25T02:09:17.000000;2016-04-25T02:09:17.000000;cc1c68e7-cf5c-4ae6-b6e9-911a54ceb447;459.84;0.25;UNKNOWN
2016-04-25T02:09:17.000000;2016-04-25T02:09:17.000000;326bc52d-49b0-4f63-a09d-7f9e7b009e41;459.84;6.4803;UNKNOWN
2016-04-25T02:09:17.000000;2016-04-25T02:09:17.000000;2345b679-2698-4f7d-a722-46dedb646653;459.84;1.0;UNKNOWN
2016-04-25T02:09:17.000000;2016-04-25T02:09:17.000000;523f3d64-8a39-4b12-9fbb-20f9f77c8f3f;459.82;8.2697;UNKNOWN
2016-04-25T02:09:17.000000;2016-04-25T02:09:17.000000;9256b668-f692-4f14-a731-a0227f08348d;459.82;4.0;UNKNOWN
2016-04-25T02:09:54.000000;2016-04-25T02:09:54.000000;dfd53025-4b62-4df1-a808-923d70c4323e;459.67;0.04646078;UNKNOWN
2016-04-25T02:09:56.000000;2016-04-25T02:09:56.000000;11f4dab0-2ce8-4b5d-953e-31da4c7a2d1e;459.67;0.17053729;UNKNOWN
2016-04-25T02:09:59.000000;2016-04-25T02:09:59.000000;c3e328a1-0672-4230-83a8-fdc0dce67556;459.67;0.64779504;UNKNOWN
2016-04-25T02:10:04.000000;2016-04-25T02:10:04.000000;a8558160-7241-44b3-93d2-d0565c49c726;459.67;0.02581654;UNKNOWN
2016-04-25T02:10:08.000000;2016-04-25T02:10:08.000000;d9e59dec-8bcd-4aa0-8bbb-5370df2a28fb;459.67;0.199152;UNKNOWN
2016-04-25T02:10:12.000000;2016-04-25T02:10:12.000000;ad999a17-47a6-4768-adce-24ffbf4a514b;459.67;0.0130727;UNKNOWN
2016-04-25T02:10:14.000000;2016-04-25T02:10:14.000000;9443bc74-8dd0-423e-8c7b-ce5dd9f5ffe9;459.68;0.017;UNKNOWN
2016-04-25T02:10:15.000000;2016-04-25T02:10:15.000000;aff33117-803c-43de-8402-d5bd152422f7;459.67;0.6252408;UNKNOWN
2016-04-25T02:10:19.000000;2016-04-25T02:10:19.000000;c8ae5ca3-6ad9-41ae-a983-eba1c0ad33b6;459.67;0.65004104;UNKNOWN
2016-04-25T02:10:22.000000;2016-04-25T02:10:22.000000;e6178c19-f1eb-4fdd-b779-8469a48464fa;459.67;0.62539627;UNKNOWN
2016-04-25T02:10:23.000000;2016-04-25T02:10:23.000000;6451c102-d2cb-46cf-ae7d-6bbb15fffca0;459.68;0.011;UNKNOWN
2016-04-25T02:10:53.000000;2016-04-25T02:10:53.000000;51cf1ecc-b475-4da7-9e08-9942fe4db429;459.68;0.027;UNKNOWN
2016-04-25T02:11:00.000000;2016-04-25T02:11:00.000000;d7878ad5-b257-48cb-88ca-e68235e72451;459.68;0.011;UNKNOWN
2016-04-25T02:11:09.000000;2016-04-25T02:11:09.000000;e940767c-88b9-434b-a3ae-eedf9f3eb976;459.68;0.015;UNKNOWN
2016-04-25T02:11:16.000000;2016-04-25T02:11:16.000000;b3406ab2-6e15-44ee-9a0a-a55f482ac737;459.68;0.011;UNKNOWN
2016-04-25T02:11:17.000000;2016-04-25T02:11:17.000000;55665b88-036d-450d-8058-32b58c1349f9;459.68;5.0;UNKNOWN
2016-04-25T02:11:58.000000;2016-04-25T02:11:58.000000;b63e4d67-c95a-466d-a179-4f3a48d56986;459.69;0.01;UNKNOWN
2016-04-25T02:11:58.000000;2016-04-25T02:11:58.000000;0392501e-3c14-46f2-9726-e55bd0ece333;459.69;0.24;UNKNOWN
2016-04-25T02:12:07.000000;2016-04-25T02:12:07.000000;907ea2a9-abdd-476f-b291-54a64bdc10cf;460.21;0.34491242;UNKNOWN
2016-04-25T02:12:07.000000;2016-04-25T02:12:07.000000;ba2e0790-4c16-40ea-a7cf-bf6379f91f9a;459.7;0.107;UNKNOWN
2016-04-25T02:12:07.000000;2016-04-25T02:12:07.000000;7e5f4fbc-fc81-48d4-9e8a-f69e42f18bca;460.19;0.01;UNKNOWN
2016-04-25T02:12:07.000000;2016-04-25T02:12:07.000000;7c7383e9-08ba-4fa1-8c60-c13811921c21;459.71;0.2383528;UNKNOWN
2016-04-25T02:12:07.000000;2016-04-25T02:12:07.000000;2428b9f4-deb9-485e-96a9-7a73a2cf35df;460.21;0.16269204;UNKNOWN
2016-04-25T02:12:07.000000;2016-04-25T02:12:07.000000;46a7c75a-92a1-43c1-9a2f-d6346a3ca837;459.71;0.1736472;UNKNOWN
2016-04-25T02:12:10.000000;2016-04-25T02:12:10.000000;8f074809-1106-4583-ba29-90427fe4ac52;459.97;0.25;UNKNOWN
2016-04-25T02:12:14.000000;2016-04-25T02:12:14.000000;226fc852-c638-4170-9540-0a107fbf415a;460.21;0.40207279;UNKNOWN
2016-04-25T02:12:16.000000;2016-04-25T02:12:16.000000;4925617a-7874-470e-b09d-6eb2cee7f1fe;460.21;0.02470398;UNKNOWN
2016-04-25T02:12:17.000000;2016-04-25T02:12:17.000000;f453f7dd-a98a-449b-86b0-e399481ed4d4;460.21;0.02467714;UNKNOWN
2016-04-25T02:12:17.000000;2016-04-25T02:12:17.000000;e60b9910-b576-46e7-95d1-a70f6ecadb23;460.21;0.40163363;UNKNOWN
2016-04-25T02:12:24.000000;2016-04-25T02:12:24.000000;4e22f9d6-1f7f-4277-9247-e7ac7994ec63;460.21;0.18440862;UNKNOWN
2016-04-25T02:12:42.000000;2016-04-25T02:12:42.000000;307d97ef-e80c-4cb7-9dbc-be72f21dda18;460.72;0.09905035;UNKNOWN
2016-04-25T02:12:42.000000;2016-04-25T02:12:42.000000;f1049bef-bed2-4f70-9f43-ae843755ca9d;460.71;0.01;UNKNOWN
2016-04-25T02:12:42.000000;2016-04-25T02:12:42.000000;00eac123-9cb3-418d-b166-966b79901203;460.2;0.324;UNKNOWN
2016-04-25T02:12:42.000000;2016-04-25T02:12:42.000000;23afff7b-1ae2-484c-a1fe-456bdc843e35;460.21;4.90069938;UNKNOWN
2016-04-25T02:12:42.000000;2016-04-25T02:12:42.000000;f8ac0fc5-6b73-4175-91d9-f204116789af;460.21;0.107;UNKNOWN
2016-04-25T02:12:47.000000;2016-04-25T02:12:47.000000;7f88ac5f-9ae6-48ee-b551-3a0d1c27b620;460.31;5.0;UNKNOWN
2016-04-25T02:12:57.000000;2016-04-25T02:12:57.000000;c27e4a30-778f-4e20-a13a-0484d412d5b7;460.19;8.35;UNKNOWN
2016-04-25T02:14:12.000000;2016-04-25T02:14:12.000000;cb03a8c8-240a-4bfe-8a70-11039cf76bab;460.19;0.31811676;UNKNOWN
2016-04-25T02:14:29.000000;2016-04-25T02:14:29.000000;91d4f052-65f4-4faf-9f2f-8b18125002a3;460.18;5.05;UNKNOWN
2016-04-25T02:14:29.000000;2016-04-25T02:14:29.000000;6bbfb9f4-40b3-4002-a1a7-6eaa046e145f;460.18;3.0;UNKNOWN
2016-04-25T02:14:52.000000;2016-04-25T02:14:52.000000;63300d0c-273a-4990-86a3-f939d0c77fc4;459.84;8.65;UNKNOWN
2016-04-25T02:15:10.000000;2016-04-25T02:15:10.000000;c58641d6-0112-453d-8302-709ade5966f4;459.74;6.4771;UNKNOWN
2016-04-25T02:15:15.000000;2016-04-25T02:15:15.000000;26e739a3-90f6-4b49-af36-82bfa2401720;459.74;0.0178;UNKNOWN
2016-04-25T02:15:16.000000;2016-04-25T02:15:16.000000;a8f928f1-8a0a-48d7-a8bc-0299622c7cce;459.74;8.63;UNKNOWN
2016-04-25T02:15:19.000000;2016-04-25T02:15:19.000000;871c8183-9481-4925-8f0c-dcdb5426f8da;459.73;0.01;UNKNOWN
2016-04-25T02:15:30.000000;2016-04-25T02:15:30.000000;e398fec6-33c0-40d2-8255-d87b351dd81a;459.74;2.0;UNKNOWN
2016-04-25T02:15:33.000000;2016-04-25T02:15:33.000000;57eb9c3e-ded0-4277-865a-704dd11d2cd5;459.73;0.01;UNKNOWN
2016-04-25T02:15:39.000000;2016-04-25T02:15:39.000000;68c6919c-82f6-453f-be24-90be654d508b;459.73;0.01;UNKNOWN
2016-04-25T02:15:40.000000;2016-04-25T02:15:40.000000;1eac5f00-a6c1-46b2-a8ee-fed79ae5215a;459.73;0.01;UNKNOWN
2016-04-25T02:15:53.000000;2016-04-25T02:15:53.000000;b4279631-5159-40a1-bf6a-04debedf57c1;459.74;0.2;UNKNOWN
2016-04-25T02:16:13.000000;2016-04-25T02:16:13.000000;8e7a1666-83b7-4186-9cbf-a2dde4dc128f;459.74;1.0;UNKNOWN
2016-04-25T02:16:16.000000;2016-04-25T02:16:16.000000;1fe3adaf-151c-4e03-8665-f20fb41a491d;459.74;1.0;UNKNOWN
2016-04-25T02:16:17.000000;2016-04-25T02:16:17.000000;cf1f4051-e573-4f6f-846b-8e194c6bce39;459.74;10.0;UNKNOWN
2016-04-25T02:16:57.000000;2016-04-25T02:16:57.000000;221a8768-67b4-457d-9f2a-af2d1bd8964c;459.74;10.0;UNKNOWN
2016-04-25T02:17:00.000000;2016-04-25T02:17:00.000000;56e579f2-9b78-4c03-ad5f-6535f77c2d35;459.74;0.14049367;UNKNOWN
2016-04-25T02:17:14.000000;2016-04-25T02:17:14.000000;3d0e1c08-0884-49f9-8d51-c279548d73c0;459.74;6.4957;UNKNOWN
2016-04-25T02:17:50.000000;2016-04-25T02:17:50.000000;1c185e33-cb96-4597-a133-68a2f7cdcb1c;459.74;6.4743;UNKNOWN
2016-04-25T02:18:18.000000;2016-04-25T02:18:18.000000;e147073a-1b76-4be6-be44-86f24d6a82d4;459.74;0.07;UNKNOWN
2016-04-25T02:18:30.000000;2016-04-25T02:18:30.000000;a77d0a40-54c9-48d0-8fc6-e90153fcf8a2;459.74;6.503;UNKNOWN
2016-04-25T02:20:40.000000;2016-04-25T02:20:40.000000;35b2bccb-12f7-48e7-b473-a66828f2b808;459.74;2.0;UNKNOWN
2016-04-25T02:21:04.000000;2016-04-25T02:21:04.000000;8b8e9a89-c644-4f31-a6cc-8f55047a5e4e;459.73;0.01;UNKNOWN
2016-04-25T02:21:16.000000;2016-04-25T02:21:16.000000;5c67fc8f-ed1d-4377-aea0-437a6370a9a5;459.73;0.253;UNKNOWN
2016-04-25T02:21:22.000000;2016-04-25T02:21:22.000000;c72b8ba1-5b7e-4e2c-b3ff-df90cdcc60b1;459.74;4.0;UNKNOWN
2016-04-25T02:21:26.000000;2016-04-25T02:21:26.000000;81308e1e-0210-41ea-b377-582ecdb89ecf;459.74;1.0;UNKNOWN
2016-04-25T02:21:37.000000;2016-04-25T02:21:37.000000;47cbe131-a45e-43dd-ba65-3776ad055bfa;459.74;0.07831689;UNKNOWN
2016-04-25T02:21:46.000000;2016-04-25T02:21:46.000000;7b61667d-fbd1-4ddb-8d50-93383e569249;459.74;1.0;UNKNOWN
2016-04-25T02:22:19.000000;2016-04-25T02:22:19.000000;a52055ec-2359-4c8d-b53a-3cdb7f5b957f;459.73;4.737;UNKNOWN
2016-04-25T02:22:19.000000;2016-04-25T02:22:19.000000;76185ed4-bbe7-4755-a7e7-8d0a4effd4fb;459.73;10.263;UNKNOWN
2016-04-25T02:22:58.000000;2016-04-25T02:22:58.000000;b2886bf9-0fd7-4534-bae1-df8de5273872;459.73;2.0;UNKNOWN
2016-04-25T02:22:59.000000;2016-04-25T02:22:59.000000;4ec794da-c3f0-4c45-bb01-f65aaf7b6bfc;459.73;2.4356038;UNKNOWN
2016-04-25T02:23:10.000000;2016-04-25T02:23:10.000000;de192470-4bc0-4fc6-8811-632840b21ae5;459.73;0.253;UNKNOWN
2016-04-25T02:23:13.000000;2016-04-25T02:23:13.000000;43e5e773-c696-42d2-8d0d-0fabadfbf1b7;459.74;0.1;UNKNOWN
2016-04-25T02:23:23.000000;2016-04-25T02:23:23.000000;d5686c5a-c070-483d-bc1a-4705978b3a4e;459.74;0.14947846;UNKNOWN
2016-04-25T02:23:45.000000;2016-04-25T02:23:45.000000;227a4865-a8c5-4da8-b64c-e12d576a30ee;459.75;0.01;UNKNOWN
2016-04-25T02:23:45.000000;2016-04-25T02:23:45.000000;e32ec33d-18a2-4227-a916-5fd780a42957;459.75;0.17545795;UNKNOWN
2016-04-25T02:23:46.000000;2016-04-25T02:23:46.000000;e9f22b83-13b4-4d25-8d0a-24d95a6642b5;459.75;0.412;UNKNOWN
2016-04-25T02:24:06.000000;2016-04-25T02:24:06.000000;401f526a-d6eb-44d0-8852-241b6a40e192;459.76;0.324;UNKNOWN
2016-04-25T02:24:06.000000;2016-04-25T02:24:06.000000;d0f18114-0733-4d6e-859f-eb5febab92ee;459.76;0.01;UNKNOWN
2016-04-25T02:24:10.000000;2016-04-25T02:24:10.000000;e2ae1bc1-f2d0-49cd-9849-6603e6a4fed3;459.76;0.412;UNKNOWN
2016-04-25T02:24:53.000000;2016-04-25T02:24:53.000000;5fde9d5a-045d-46b4-a57b-516b59cf7bd4;459.71;6.467;UNKNOWN
2016-04-25T02:24:53.000000;2016-04-25T02:24:53.000000;9dce611f-0902-47b5-ba5d-b156366042a2;459.5;8.06;UNKNOWN
2016-04-25T02:24:53.000000;2016-04-25T02:24:53.000000;3eb46e27-ecf6-452f-b261-ebab20238823;459.66;0.01;UNKNOWN
2016-04-25T02:24:53.000000;2016-04-25T02:24:53.000000;b7498184-0981-433c-917f-de136390743c;459.72;0.01;UNKNOWN
2016-04-25T02:25:15.000000;2016-04-25T02:25:15.000000;c5174650-725f-4438-840b-974c089f7fb2;459.33;0.01;UNKNOWN
2016-04-25T02:25:34.000000;2016-04-25T02:25:34.000000;b30e6207-940c-4e9f-a7a3-f9ef8768cc2e;459.2;0.1198039;UNKNOWN
2016-04-25T02:25:34.000000;2016-04-25T02:25:34.000000;3ea91e3a-8a07-4965-8660-f83690a94a67;459.27;4.1196766;UNKNOWN
2016-04-25T02:25:34.000000;2016-04-25T02:25:34.000000;8f98e75f-9749-48f1-ad8a-dff175606fb8;459.33;8.85;UNKNOWN
2016-04-25T02:26:06.000000;2016-04-25T02:26:06.000000;ad4e4427-2798-41e6-871d-30e905581b88;459.12;0.7;UNKNOWN
2016-04-25T02:26:25.000000;2016-04-25T02:26:25.000000;40b23920-f474-4855-bf4a-f227ff5a7c36;459.05;0.09279054;UNKNOWN
2016-04-25T02:26:25.000000;2016-04-25T02:26:25.000000;f571b821-7ed7-4dcf-94d3-32cf45b344bc;459.78;0.12962946;UNKNOWN
2016-04-25T02:26:25.000000;2016-04-25T02:26:25.000000;352cfe0d-fe20-4f38-a1c6-96eefc619b11;459.14;0.107;UNKNOWN
2016-04-25T02:26:32.000000;2016-04-25T02:26:32.000000;fec04f67-33bd-4406-a3b9-b6468d36d78b;459.17;0.412;UNKNOWN
2016-04-25T02:26:32.000000;2016-04-25T02:26:32.000000;3c18220c-f243-4a95-b472-d16ee462ed29;459.17;0.324;UNKNOWN
2016-04-25T02:27:03.000000;2016-04-25T02:27:03.000000;4b73f9d1-b3af-482a-bf02-c94dfcc49f8c;459.06;0.02506416;UNKNOWN
2016-04-25T02:27:03.000000;2016-04-25T02:27:03.000000;fdd5f903-147c-42a5-bb79-d0c5dd091b5e;459.09;0.07493584;UNKNOWN
2016-04-25T02:27:18.000000;2016-04-25T02:27:18.000000;31bd98bf-aeb9-4320-8f21-3d1ea05505e3;459.08;0.0635195;UNKNOWN
2016-04-25T02:27:42.000000;2016-04-25T02:27:42.000000;aa64f076-b078-480d-81c3-8da24b6f0e2a;459.06;0.05;UNKNOWN
2016-04-25T02:27:47.000000;2016-04-25T02:27:47.000000;c9a334fd-21ec-4285-9fbf-ccf1b245488d;459.21;0.1;UNKNOWN
2016-04-25T02:28:13.000000;2016-04-25T02:28:13.000000;a5561e6d-e621-4e8f-8f02-d529a16aeceb;459.06;0.15;UNKNOWN
2016-04-25T02:28:53.000000;2016-04-25T02:28:53.000000;4f4b25e2-7fa7-44c1-b831-12ca18622021;459.07;0.18;UNKNOWN
2016-04-25T02:29:03.000000;2016-04-25T02:29:03.000000;be419327-a65a-4aad-8a90-513df3b2d289;459.06;1.55;UNKNOWN
2016-04-25T02:29:24.000000;2016-04-25T02:29:24.000000;f076425a-ef10-449e-935d-2238800ecc56;459.06;0.18;UNKNOWN
2016-04-25T02:29:36.000000;2016-04-25T02:29:36.000000;cccc135a-2676-4512-a145-9869fc86fbf0;459.06;0.21828251;UNKNOWN
2016-04-25T02:30:00.000000;2016-04-25T02:30:00.000000;c7c407f5-956b-4d61-93cf-6f312cc14d23;459.06;2.17;UNKNOWN
2016-04-25T02:30:40.000000;2016-04-25T02:30:40.000000;b5cdc20e-aa0c-490e-87c6-266269f89c6c;459.08;0.01;UNKNOWN
2016-04-25T02:30:40.000000;2016-04-25T02:30:40.000000;50d89e1c-d810-43e5-9f4d-c6664643306e;459.08;0.107;UNKNOWN
2016-04-25T02:30:40.000000;2016-04-25T02:30:40.000000;b19e6766-ed1d-45e4-b02e-6b9b044a9c93;459.07;0.022922;UNKNOWN
2016-04-25T02:30:55.000000;2016-04-25T02:30:55.000000;d2418f08-5e16-4202-908b-3bccc47a18ac;459.53;3.05666864;UNKNOWN
2016-04-25T02:30:55.000000;2016-04-25T02:30:55.000000;2147b019-f6c8-41c1-814b-f623954edbab;459.53;2.17947537;UNKNOWN
2016-04-25T02:30:55.000000;2016-04-25T02:30:55.000000;4030b19d-7d4f-4379-8c84-41704f36f8cf;459.9;1.3606;UNKNOWN
2016-04-25T02:31:17.000000;2016-04-25T02:31:17.000000;2c2b5e21-f49c-43f6-9686-e5f1eeb76e5d;460.17;0.107;UNKNOWN
2016-04-25T02:31:17.000000;2016-04-25T02:31:17.000000;ffccbb72-d8bb-46ab-a456-bed889aed3f8;460.18;6.4987;UNKNOWN
2016-04-25T02:31:17.000000;2016-04-25T02:31:17.000000;a0780a8f-ec1e-4130-9cce-f85ff4018b03;460.18;0.324;UNKNOWN
2016-04-25T02:31:17.000000;2016-04-25T02:31:17.000000;c20753f9-4084-408a-8beb-d66660900afc;460.39;0.0703;UNKNOWN
2016-04-25T02:31:20.000000;2016-04-25T02:31:20.000000;aa751dc7-d94a-44f8-8c83-6b3b929ac26d;460.47;4.11963418;UNKNOWN
2016-04-25T02:31:20.000000;2016-04-25T02:31:20.000000;7d506419-7784-4ab4-a22f-794d123f30d6;460.53;2.88036582;UNKNOWN
2016-04-25T02:31:20.000000;2016-04-25T02:31:20.000000;c9ae94c9-3ec3-4624-ac4c-e10b1cc181c5;460.41;18.0;UNKNOWN
2016-04-25T02:31:33.000000;2016-04-25T02:31:33.000000;a39d1c12-5208-40dd-8854-45f8ccbc04ed;460.4;0.0699;UNKNOWN
2016-04-25T02:31:49.000000;2016-04-25T02:31:49.000000;e30a8c75-2db2-493f-800d-077370d84b5f;460.6;0.5;UNKNOWN
2016-04-25T02:31:49.000000;2016-04-25T02:31:49.000000;320c57f5-dc15-4e59-a1a0-3c9e7c99f205;460.6;0.393;UNKNOWN
2016-04-25T02:31:49.000000;2016-04-25T02:31:49.000000;e53136e5-3cbe-4699-ae31-8ca637fb328e;460.6;0.107;UNKNOWN
2016-04-25T02:31:58.000000;2016-04-25T02:31:58.000000;8267a1cf-8561-4705-a36c-e9ff39d84381;459.85;0.43858096;UNKNOWN
2016-04-25T02:32:15.000000;2016-04-25T02:32:15.000000;4d99d346-1ef1-442d-a534-39b8dc98d00b;460.61;0.324;UNKNOWN
2016-04-25T02:32:15.000000;2016-04-25T02:32:15.000000;79702c31-3775-4a45-afde-692dd655b197;460.62;0.107;UNKNOWN
2016-04-25T02:32:17.000000;2016-04-25T02:32:17.000000;a061f002-a37b-401f-82ae-f5e52c8d774f;460.7;0.412;UNKNOWN
2016-04-25T02:32:21.000000;2016-04-25T02:32:21.000000;7bfc5ecf-d0fd-4bef-bd81-1fc8c1c25ede;460.7;5.0;UNKNOWN
2016-04-25T02:32:24.000000;2016-04-25T02:32:24.000000;7840055a-f932-405f-bba1-da4dbb3b9bc3;460.7;0.107;UNKNOWN
2016-04-25T02:32:28.000000;2016-04-25T02:32:28.000000;baa0df8c-a24b-4278-88e6-191c0ce46a35;460.7;0.92;UNKNOWN
2016-04-25T02:32:42.000000;2016-04-25T02:32:42.000000;d856beeb-badd-435f-948a-b0cda44f770f;460.7;2.999;UNKNOWN
2016-04-25T02:32:44.000000;2016-04-25T02:32:44.000000;3a71be41-2e68-4457-bc46-e4a6dbd70fa7;460.7;4.631;UNKNOWN
2016-04-25T02:32:45.000000;2016-04-25T02:32:45.000000;4c7216e3-8cdc-4b5d-a145-ea8f657548d2;460.8;0.324;UNKNOWN
2016-04-25T02:32:45.000000;2016-04-25T02:32:45.000000;c6cc0272-3d54-444f-9e99-853be58a5581;460.81;2.8235;UNKNOWN
2016-04-25T02:32:45.000000;2016-04-25T02:32:45.000000;21993110-82d7-4a3e-9e8b-91409985186c;460.18;1.8525;UNKNOWN
2016-04-25T02:32:46.000000;2016-04-25T02:32:46.000000;eb8f98f9-3c8e-4ee5-bc0b-1c51330ef479;460.01;2.999;UNKNOWN
2016-04-25T02:33:12.000000;2016-04-25T02:33:12.000000;e70c6429-ad37-4dc4-a3a5-32e89861ace3;459.72;0.01;UNKNOWN
2016-04-25T02:33:18.000000;2016-04-25T02:33:18.000000;f7a8bbcd-3857-444b-964a-33fb6c8ed24f;459.71;0.01;UNKNOWN
2016-04-25T02:33:23.000000;2016-04-25T02:33:23.000000;5b1eab8a-0909-4430-999b-1399910f0dea;460.17;0.107;UNKNOWN
2016-04-25T02:33:23.000000;2016-04-25T02:33:23.000000;08f1e832-5431-4061-bce2-a334616d8809;459.73;0.14006109;UNKNOWN
2016-04-25T02:34:00.000000;2016-04-25T02:34:00.000000;e3751289-b220-4980-89ac-6661563cf334;460.85;0.324;UNKNOWN
2016-04-25T02:34:04.000000;2016-04-25T02:34:04.000000;e0a45cd8-142d-4edd-b11b-24941a1ab1bc;460.85;0.676;UNKNOWN
2016-04-25T02:34:04.000000;2016-04-25T02:34:04.000000;e1a3f4a6-f52c-43de-87b9-8f63278ce6c2;460.5;0.004;UNKNOWN
2016-04-25T02:34:45.000000;2016-04-25T02:34:45.000000;21591fe7-08f7-48ee-a2c0-3cede319a0ab;460.51;4.0;UNKNOWN
2016-04-25T02:34:55.000000;2016-04-25T02:34:55.000000;cb4c3788-1848-43d3-81cd-10c1a564bf3f;460.51;4.47124848;UNKNOWN
2016-04-25T02:34:55.000000;2016-04-25T02:34:55.000000;11a6405a-1d5c-436a-9d0a-4cdacd5dbdef;460.52;0.107;UNKNOWN
2016-04-25T02:35:03.000000;2016-04-25T02:35:03.000000;1082a9e8-de9d-4e6f-9682-d855ec6c0218;460.6;0.324;UNKNOWN
2016-04-25T02:35:08.000000;2016-04-25T02:35:08.000000;54c592bc-76b0-4669-89eb-b0d904585fa2;460.61;0.0123323;UNKNOWN
2016-04-25T02:35:30.000000;2016-04-25T02:35:30.000000;3ef31de0-9e23-476d-a67d-68040827fa9e;460.61;0.17572628;UNKNOWN
2016-04-25T02:35:35.000000;2016-04-25T02:35:35.000000;72bd77f5-0388-498f-8cf3-0551e3dc072f;460.61;0.03923171;UNKNOWN
2016-04-25T02:35:37.000000;2016-04-25T02:35:37.000000;26934cc4-9907-4d0e-ac27-309e2b0edf45;460.61;0.0404542;UNKNOWN
2016-04-25T02:35:39.000000;2016-04-25T02:35:39.000000;4dcda8dc-8e2f-4b52-8cfb-a3f6391b297d;460.61;0.65993796;UNKNOWN
2016-04-25T02:35:41.000000;2016-04-25T02:35:41.000000;7ccc3bff-fa6b-4926-a3f8-842a69d4a91b;460.61;0.07231755;UNKNOWN
2016-04-25T02:35:41.000000;2016-04-25T02:35:41.000000;332d9683-f4b9-4670-b7d2-560185fc97fe;460.6;0.6072372;UNKNOWN
2016-04-25T02:35:44.000000;2016-04-25T02:35:44.000000;1d6f879e-d819-4648-a131-20bf178a01a8;460.6;0.13214915;UNKNOWN
2016-04-25T02:35:45.000000;2016-04-25T02:35:45.000000;d03010e7-1be1-415f-8cf9-57ecc3460e55;460.62;0.01;UNKNOWN
2016-04-25T02:35:46.000000;2016-04-25T02:35:46.000000;16471c7f-3403-4937-b52f-8f3b10cd0311;460.6;0.02343092;UNKNOWN
2016-04-25T02:35:48.000000;2016-04-25T02:35:48.000000;d1848075-86da-433e-a07f-91d076403757;460.6;0.15671762;UNKNOWN
2016-04-25T02:35:51.000000;2016-04-25T02:35:51.000000;411d9b0f-0094-4db6-9d7d-b9595911e192;460.6;0.67076408;UNKNOWN
2016-04-25T02:35:56.000000;2016-04-25T02:35:56.000000;85c19106-b7d6-4f7d-be87-7d4b7ab45686;460.6;0.07044484;UNKNOWN
2016-04-25T02:36:02.000000;2016-04-25T02:36:02.000000;d1352126-0177-4794-9e63-ca74a9b0f775;460.6;0.33925619;UNKNOWN
2016-04-25T02:36:03.000000;2016-04-25T02:36:03.000000;44652f41-c2ea-4ad8-af10-2ec08ba175c6;460.17;0.0178248;UNKNOWN
2016-04-25T02:36:03.000000;2016-04-25T02:36:03.000000;597c6141-5167-4dc0-8bec-d0f89489f6db;460.6;0.12472944;UNKNOWN
2016-04-25T02:36:03.000000;2016-04-25T02:36:03.000000;d44746a4-fab4-4fc7-bab3-54608fd4ab7d;460.18;0.0736;UNKNOWN
2016-04-25T02:36:28.000000;2016-04-25T02:36:28.000000;1d2a72dd-7039-47a8-b6de-5c4488e1e1fe;460.17;0.04945888;UNKNOWN
2016-04-25T02:36:38.000000;2016-04-25T02:36:38.000000;b59fd37b-7f89-4ca0-a54f-5011faeedd91;460.17;0.82571632;UNKNOWN
2016-04-25T02:36:38.000000;2016-04-25T02:36:38.000000;b8153989-34b0-48f1-81ed-2eec53a6aa3e;460.0;2.8427531;UNKNOWN
2016-04-25T02:36:40.000000;2016-04-25T02:36:40.000000;01ba9705-b455-4449-8a9a-69d61df9a066;460.18;0.04561383;UNKNOWN
2016-04-25T02:36:48.000000;2016-04-25T02:36:48.000000;88c066e0-af51-4f90-b308-5c03493d3c08;459.91;0.03537149;UNKNOWN
2016-04-25T02:36:50.000000;2016-04-25T02:36:50.000000;6cfcf3da-ce37-4633-8f5f-bd987f593d39;459.91;0.02741052;UNKNOWN
2016-04-25T02:36:54.000000;2016-04-25T02:36:54.000000;c25876e0-68ec-4ebb-8e5b-94585871af3b;459.89;0.43650701;UNKNOWN
2016-04-25T02:36:58.000000;2016-04-25T02:36:58.000000;684cd4a3-f029-4518-b39e-61393599f4f8;459.9;0.02122715;UNKNOWN
2016-04-25T02:38:28.000000;2016-04-25T02:38:28.000000;8351951a-7880-4bc0-9b5a-9ad790a104c2;459.9;0.33112129;UNKNOWN
2016-04-25T02:39:38.000000;2016-04-25T02:39:38.000000;71e2782c-37ef-43c6-a40b-35400a0dc663;460.66;8.14;UNKNOWN
2016-04-25T02:39:38.000000;2016-04-25T02:39:38.000000;ca4ebac2-427f-4af9-9193-a587437d13dd;459.96;0.411;UNKNOWN
2016-04-25T02:39:38.000000;2016-04-25T02:39:38.000000;a10b97de-3d4e-49c3-888d-f2d6913a0cc5;459.91;0.324;UNKNOWN
2016-04-25T02:39:38.000000;2016-04-25T02:39:38.000000;d253bc2c-4c94-4e30-b3dd-1a509a98b440;459.9;7.70708304;UNKNOWN
2016-04-25T02:39:38.000000;2016-04-25T02:39:38.000000;175eb38f-9b94-43d3-91a5-c9859dde7913;460.64;0.107;UNKNOWN
2016-04-25T02:39:38.000000;2016-04-25T02:39:38.000000;e2d04e91-315b-4450-8b01-3d5f46ae8ae1;460.67;8.31091696;UNKNOWN
2016-04-25T02:40:14.000000;2016-04-25T02:40:14.000000;c406cfc8-9bf9-4b73-8295-a229658d32ed;460.6;0.01213532;UNKNOWN
2016-04-25T02:40:35.000000;2016-04-25T02:40:35.000000;cf57e59d-2ae5-4053-94ff-aec6a979f718;460.61;0.01;UNKNOWN
2016-04-25T02:40:35.000000;2016-04-25T02:40:35.000000;ad02c566-24f3-45b8-a460-ac56de5e7f5e;460.9;0.324;UNKNOWN
2016-04-25T02:40:35.000000;2016-04-25T02:40:35.000000;3de07911-df6d-4dc7-b83c-6a0b5aec0827;460.37;0.17081165;UNKNOWN
2016-04-25T02:40:35.000000;2016-04-25T02:40:35.000000;7dc47441-d110-43eb-9d71-b1b1d147edc0;460.91;0.666;UNKNOWN
2016-04-25T02:40:39.000000;2016-04-25T02:40:39.000000;7edf8249-893e-48dc-abdb-a7829aa02dc7;460.61;0.20461667;UNKNOWN
2016-04-25T02:40:42.000000;2016-04-25T02:40:42.000000;408802da-e0d9-4104-a4f7-031f56aa4cec;460.61;0.62964278;UNKNOWN
2016-04-25T02:40:46.000000;2016-04-25T02:40:46.000000;22f5dd7c-54ee-479d-ad6b-5f5146e6172f;460.61;0.86541512;UNKNOWN
2016-04-25T02:40:49.000000;2016-04-25T02:40:49.000000;0f8c99bf-b817-4545-abf6-5c302ff22f6a;460.61;0.66016842;UNKNOWN
