time_exchange;time_coinpai;guid;price;base_amount;taker_side
2016-04-25T00:00:01.416469;2016-04-25T00:00:01.441985;68ad7a41-a16f-493d-a73d-de60078dc5b1;464.47;0.01;SELL
2016-04-25T00:00:01.416700;2016-04-25T00:00:01.457605;e32f24e7-b977-496e-a262-0d564d30ceda;464.46;0.00487;SELL
2016-04-25T00:00:01.416891;2016-04-25T00:00:01.457605;34ea4760-3a9e-40f0-ac4d-9cb1f441a022;464.45;0.01;SELL
2016-04-25T00:00:01.417080;2016-04-25T00:00:01.457605;56146cda-87a9-49da-92df-6ae0aaf0f974;464.44;0.01;SELL
2016-04-25T00:00:01.417255;2016-04-25T00:00:01.473231;e35e6649-2bbb-4394-bde8-ee2bb428a433;464.43;0.01;SELL
2016-04-25T00:00:01.417418;2016-04-25T00:00:01.551356;5e613987-45fa-4892-a974-6a2a7c6a3c90;464.42;0.01;SELL
2016-04-25T00:00:01.417569;2016-04-25T00:00:01.551356;5ea4a881-a7ca-4c2a-b412-00d68ac35734;464.41;5.60371339;SELL
2016-04-25T00:00:01.417720;2016-04-25T00:00:01.551356;a4ee735a-d71c-4b23-8381-57f320f7e659;464.41;0.014;SELL
2016-04-25T00:00:01.417886;2016-04-25T00:00:01.551356;673da558-279e-4ca4-9527-90d574a99f61;464.41;0.49000031;SELL
2016-04-25T00:00:01.418052;2016-04-25T00:00:01.551356;cc28caa3-588c-4b74-ae39-5916356d49be;464.4;8.28618;SELL
2016-04-25T00:00:01.418219;2016-04-25T00:00:01.551356;6d89f251-989d-4122-a36f-1a9002498884;464.4;0.01;SELL
2016-04-25T00:00:01.418369;2016-04-25T00:00:01.551356;aeff9bbd-010d-487c-8af5-f963e27be549;464.4;0.01;SELL
2016-04-25T00:00:01.418522;2016-04-25T00:00:01.551356;3ae55dd6-642d-4150-a247-ee93dddf175f;464.4;0.015;SELL
2016-04-25T00:00:01.418674;2016-04-25T00:00:01.551356;2d513609-1a02-43c8-a29e-29b217a5c085;464.4;0.01;SELL
2016-04-25T00:00:01.418824;2016-04-25T00:00:01.551356;c9156216-ff8d-4ec5-98ad-b4baea252204;464.4;0.015;SELL
2016-04-25T00:00:01.418993;2016-04-25T00:00:01.551356;de2ca5cc-72ef-4bc5-8e20-ab2b8c3daae7;464.4;0.49000063;SELL
2016-04-25T00:00:01.419169;2016-04-25T00:00:01.551356;20f885ef-8d2f-4508-a9ca-56b42faf2461;464.4;0.089;SELL
2016-04-25T00:00:01.419325;2016-04-25T00:00:01.551356;bf4431ef-f6dd-4e10-be39-2dd5f454ca3b;464.39;0.015;SELL
2016-04-25T00:00:01.419489;2016-04-25T00:00:01.551356;c0848116-5d23-4e80-b36c-f5f4e3149f14;464.39;0.49000129;SELL
2016-04-25T00:00:01.419638;2016-04-25T00:00:01.551356;53caad83-3575-45eb-96df-0d8abb2248b1;464.38;0.015;SELL
2016-04-25T00:00:01.419791;2016-04-25T00:00:01.551356;332e4045-ccce-4869-90a5-74aef00da0ae;464.38;0.015;SELL
2016-04-25T00:00:01.419942;2016-04-25T00:00:01.551356;261a2069-d577-4ca1-8f6d-c98ef7562c90;464.38;0.015;SELL
2016-04-25T00:00:01.420106;2016-04-25T00:00:01.551356;c6b7624a-8625-4b3f-9879-48fce3ac866c;464.38;0.015;SELL
2016-04-25T00:00:01.420271;2016-04-25T00:00:01.551356;017ee3b0-b1b5-4dce-9d7a-c2f0b27797a4;464.38;0.49000265;SELL
2016-04-25T00:00:01.420423;2016-04-25T00:00:01.551356;8cc46d35-a8bb-49d5-a04d-e3642c9a7d1d;464.37;0.015;SELL
2016-04-25T00:00:01.420576;2016-04-25T00:00:01.566981;19bf1381-b051-4c85-9df1-270800d0cbc6;464.37;0.015;SELL
2016-04-25T00:00:01.420735;2016-04-25T00:00:01.566981;1bfb547c-858d-4822-8482-6dd9920b5acd;464.37;0.014;SELL
2016-04-25T00:00:01.420890;2016-04-25T00:00:01.566981;00bf6b17-5624-49fc-948f-22aa49ba69d0;464.37;0.01;SELL
2016-04-25T00:00:01.421060;2016-04-25T00:00:01.566981;79d7c1eb-1716-4b7e-8df4-edf3e54c89c0;464.37;0.015;SELL
2016-04-25T00:00:01.421221;2016-04-25T00:00:01.566981;3b18f585-4667-44d9-8940-3614f78e29c5;464.37;0.015;SELL
2016-04-25T00:00:01.421375;2016-04-25T00:00:01.566981;990f5a24-d951-4669-9d9a-4c3c606349f8;464.37;0.49000541;SELL
2016-04-25T00:00:01.421539;2016-04-25T00:00:01.566981;6a8e4f57-f978-4261-9f06-38ef2b9917d5;464.37;0.05598969;SELL
2016-04-25T00:00:01.421694;2016-04-25T00:00:01.566981;2634f164-45c9-41ce-ac7b-9ad261bdac33;464.36;0.015;SELL
2016-04-25T00:00:01.421863;2016-04-25T00:00:01.566981;a497d54e-9974-470c-9df9-21ad39fc8d64;464.36;0.49001104;SELL
2016-04-25T00:00:01.422029;2016-04-25T00:00:01.566981;9936686d-241b-4215-9760-59d98989c1f7;464.35;0.015;SELL
2016-04-25T00:00:01.422175;2016-04-25T00:00:01.566981;97b86abc-e8f9-4e60-a2b6-788464e805b4;464.35;0.01;SELL
2016-04-25T00:00:01.422322;2016-04-25T00:00:01.566981;dd235542-52fc-405a-8a99-73bffbb66bd9;464.35;0.19722559;SELL
2016-04-25T00:00:04.492546;2016-04-25T00:00:04.520108;3ac09f7e-d044-410e-be74-4509c37aed01;464.35;0.29279694;SELL
2016-04-25T00:00:04.492769;2016-04-25T00:00:04.520108;b8b74458-d72c-43a5-9497-1e58fb25d3cd;464.35;0.116;SELL
2016-04-25T00:00:04.492933;2016-04-25T00:00:04.520108;b15f7aa7-a30b-49b2-9abe-4fe0becdec2d;464.34;0.015;SELL
2016-04-25T00:00:04.493173;2016-04-25T00:00:04.535733;e2d26bff-94e5-472b-88ee-b62a0f4ecb71;464.34;0.015;SELL
2016-04-25T00:00:04.493377;2016-04-25T00:00:04.551358;e246ff99-e654-4f13-9393-629d6937426c;464.34;0.015;SELL
2016-04-25T00:00:04.493539;2016-04-25T00:00:04.551358;77680901-60ec-4545-8096-b4074ea978ff;464.34;0.015;SELL
2016-04-25T00:00:04.493684;2016-04-25T00:00:04.551358;46fa8975-96d6-4d43-81e2-490145ca3c72;464.34;0.03120306;SELL
2016-04-25T00:00:31.302054;2016-04-25T00:00:31.317001;adc8ccf9-eac1-4b7a-8412-c18e51269813;464.35;1.17091;BUY
2016-04-25T00:00:37.582643;2016-04-25T00:00:37.613876;a01262be-b4f2-4d74-9b17-22515a978254;464.35;0.01;BUY
2016-04-25T00:01:03.031685;2016-04-25T00:01:03.051396;80f9a8b1-c832-424a-886b-8abe94ca1157;464.4;0.01;BUY
2016-04-25T00:01:04.910717;2016-04-25T00:01:04.942018;13efccba-2d55-4747-8161-97fcb613f217;464.38;0.0593;BUY
2016-04-25T00:01:04.910926;2016-04-25T00:01:04.942018;884ea0a3-7d59-4e14-9945-50dc45857886;464.4;0.0015;BUY
2016-04-25T00:01:04.911116;2016-04-25T00:01:04.942018;1da8b002-59a5-4b8a-a1df-a984c27813c5;464.41;0.63616;BUY
2016-04-25T00:01:31.386598;2016-04-25T00:01:31.395161;99a4859c-7f73-44b3-9729-6607ab4be00d;464.36;0.01;SELL
2016-04-25T00:01:31.386835;2016-04-25T00:01:31.426404;711bcf4c-100c-4e50-8688-d19668d159f9;464.35;0.01;SELL
2016-04-25T00:01:31.387043;2016-04-25T00:01:31.426404;bcd67c2d-4cf6-4946-98e2-70296e0da821;464.34;0.01;SELL
2016-04-25T00:01:31.387198;2016-04-25T00:01:31.426404;77a5e214-27f5-4847-b17d-5cc7a8a5d88a;464.33;0.015;SELL
2016-04-25T00:01:31.387352;2016-04-25T00:01:31.442027;d21d6a87-8b13-461a-a872-698b38e287dc;464.33;0.01;SELL
2016-04-25T00:01:31.387526;2016-04-25T00:01:31.504527;63a6a0d1-29ea-4d27-87bf-d08a8365e421;464.33;0.012;SELL
2016-04-25T00:01:31.387682;2016-04-25T00:01:31.504527;2d395af0-c968-4434-9a1f-618ffe4a099f;464.32;0.015;SELL
2016-04-25T00:01:31.387830;2016-04-25T00:01:31.504527;8769ec16-4034-4080-8a81-84ba4303414b;464.32;0.01;SELL
2016-04-25T00:01:31.387994;2016-04-25T00:01:31.504527;70a5d105-2a9f-414b-b53a-847e057010a1;464.32;0.01;SELL
2016-04-25T00:01:31.388139;2016-04-25T00:01:31.504527;498b0928-e424-4bfc-a701-aa77ef182660;464.32;0.013;SELL
2016-04-25T00:01:31.388299;2016-04-25T00:01:31.504527;d635298d-fbf5-4cab-b520-1d827f20a398;464.32;0.05595222;SELL
2016-04-25T00:01:31.388445;2016-04-25T00:01:31.504527;14eb27b2-0565-4933-8323-07980f506e1f;464.31;0.015;SELL
2016-04-25T00:01:31.388599;2016-04-25T00:01:31.504527;224e20ef-60db-4f1a-bb43-a8a9a8a9730f;464.31;0.015;SELL
2016-04-25T00:01:31.388746;2016-04-25T00:01:31.504527;e0cee6d0-48a0-45e5-9d5e-3d6fbe730d60;464.31;0.014;SELL
2016-04-25T00:01:31.388895;2016-04-25T00:01:31.520156;72108599-427c-4b85-b201-0b0aa935a80b;464.31;0.015;SELL
2016-04-25T00:01:31.389063;2016-04-25T00:01:31.520156;3b9d34d0-dede-44ec-be84-54b86118e3cc;464.31;0.119;SELL
2016-04-25T00:01:31.389218;2016-04-25T00:01:31.520156;ad284c53-09cb-4dc2-af3a-f1616dcc8791;464.3;0.015;SELL
2016-04-25T00:01:31.389368;2016-04-25T00:01:31.520156;87ba5550-4bb5-4527-a20a-50f2a08b6fc4;464.3;0.01;SELL
2016-04-25T00:01:31.389515;2016-04-25T00:01:31.520156;ca518388-aa89-43f7-8479-2eca0666b6a1;464.3;0.01;SELL
2016-04-25T00:01:31.389665;2016-04-25T00:01:31.520156;c3f31d46-d097-4375-8a91-883314370a57;464.3;1.36764778;SELL
2016-04-25T00:02:03.093242;2016-04-25T00:02:03.098301;55e38a15-eec8-4621-99f6-e7b80877ba37;464.36;0.0289;BUY
2016-04-25T00:02:03.093495;2016-04-25T00:02:03.129542;ba68579a-9a71-4d15-8fbd-04be25943d44;464.36;0.107;BUY
2016-04-25T00:02:03.093679;2016-04-25T00:02:03.129542;581bb7cc-d7a1-4e78-9008-002263dc1066;464.37;0.025;BUY
2016-04-25T00:02:03.093841;2016-04-25T00:02:03.129542;09f4b931-a078-4109-8a4a-bb1075d14502;464.37;0.01687;BUY
2016-04-25T00:02:03.094008;2016-04-25T00:02:03.145174;7dd6f9a7-9c96-423a-80d7-c1501e318c83;464.38;0.085;BUY
2016-04-25T00:02:03.094149;2016-04-25T00:02:03.207669;2dc4c15e-7ced-4d9e-86f1-f66c6a471bfb;464.39;0.01792;BUY
2016-04-25T00:02:31.392318;2016-04-25T00:02:31.410810;81134b4c-bba5-4314-9054-2836c7ac07ba;464.37;0.025;BUY
2016-04-25T00:02:31.392533;2016-04-25T00:02:31.426438;ef73de5e-270c-435b-9e99-0f42d462e7d6;464.37;0.025;BUY
2016-04-25T00:02:31.392719;2016-04-25T00:02:31.426438;6524388c-0f1f-4023-ae6b-a98e74ba2121;464.37;0.025;BUY
2016-04-25T00:02:31.392876;2016-04-25T00:02:31.426438;05afb020-a077-49e8-9c9f-08ae97da5e2c;464.39;0.00708;BUY
2016-04-25T00:02:31.393068;2016-04-25T00:02:31.442057;5340be41-4941-430e-be1a-ca37ae3261b0;464.39;0.12;BUY
2016-04-25T00:02:31.393222;2016-04-25T00:02:31.520182;0394afb8-90c4-421d-accc-031c05b8d161;464.4;0.025;BUY
2016-04-25T00:02:31.393375;2016-04-25T00:02:31.520182;63ffb3d4-8279-41d8-ba34-d790da5a6ded;464.41;3.16784;BUY
2016-04-25T00:02:31.393533;2016-04-25T00:02:31.520182;cdb13c6d-3a9f-4a9f-adf1-5379e66e07d3;464.41;0.025;BUY
2016-04-25T00:02:31.393677;2016-04-25T00:02:31.520182;9377ce2d-f147-497d-98ad-9e8f01d95716;464.42;0.025;BUY
2016-04-25T00:02:31.393818;2016-04-25T00:02:31.520182;36cc9c06-76d9-4465-8e51-1a9cbe1dde8a;464.42;0.025;BUY
2016-04-25T00:02:31.393993;2016-04-25T00:02:31.520182;a4beab8c-2f17-427d-84c6-9a3f48032eef;464.42;0.025;BUY
2016-04-25T00:02:31.394152;2016-04-25T00:02:31.520182;5675800b-2b5b-447a-8cfa-daaab7d63e4a;464.43;0.025;BUY
2016-04-25T00:02:31.394306;2016-04-25T00:02:31.520182;137d0e45-cee8-43b2-a1fc-d34fd08b65f3;464.44;0.025;BUY
2016-04-25T00:02:31.394448;2016-04-25T00:02:31.520182;a67014c3-aafd-412a-a955-a6208a553c37;464.45;0.025;BUY
2016-04-25T00:02:31.394591;2016-04-25T00:02:31.520182;41feed83-1a1f-4eb1-94b9-04b1f68ed56e;464.45;0.025;BUY
2016-04-25T00:02:31.394744;2016-04-25T00:02:31.520182;7a2f5918-214a-41a3-9919-8327c55488c9;464.45;0.21;BUY
2016-04-25T00:02:31.394900;2016-04-25T00:02:31.520182;21c74f84-3394-45c3-85e7-3567aa6522cc;464.46;0.025;BUY
2016-04-25T00:02:31.395073;2016-04-25T00:02:31.520182;da934af4-68fc-487a-8751-9192d112e2b3;464.47;0.025;BUY
2016-04-25T00:02:31.395224;2016-04-25T00:02:31.520182;f62cdc17-818b-4f75-9875-a121196199c3;464.48;0.025;BUY
2016-04-25T00:02:31.395376;2016-04-25T00:02:31.520182;ce058b3b-0184-4476-a423-6281fe4e1887;464.49;0.025;BUY
2016-04-25T00:02:31.395521;2016-04-25T00:02:31.520182;75c64fe3-4823-4247-9972-2b8b96e2059f;464.5;0.0115;BUY
2016-04-25T00:02:31.395671;2016-04-25T00:02:31.520182;43808b84-a394-4412-a172-882570f6026e;464.5;0.025;BUY
2016-04-25T00:02:31.395824;2016-04-25T00:02:31.520182;a222da34-1f50-4289-9782-59eb6080d97a;464.51;0.025;BUY
2016-04-25T00:02:31.395993;2016-04-25T00:02:31.520182;1c138e56-24fd-4da9-8aac-66f460548105;464.52;0.015;BUY
2016-04-25T00:02:31.396155;2016-04-25T00:02:31.520182;63233b55-9d0d-42d0-ab82-14a6977775b9;464.53;0.025;BUY
2016-04-25T00:02:31.396315;2016-04-25T00:02:31.535806;b5bd99fb-04c4-42d8-a9ef-f972bfbda365;464.54;0.01513;BUY
2016-04-25T00:02:31.396477;2016-04-25T00:02:31.535806;4f2a4d4e-49fc-4f8e-b641-259359c63ae8;464.54;0.01;BUY
2016-04-25T00:02:31.396634;2016-04-25T00:02:31.535806;01368ba4-83a2-4268-aa44-da169aba0e06;464.55;0.025;BUY
2016-04-25T00:02:31.396791;2016-04-25T00:02:31.535806;b6fee0e3-a0e8-41a5-a498-ee51dcc068ee;464.56;0.025;BUY
2016-04-25T00:02:31.396932;2016-04-25T00:02:31.535806;16706132-3e27-4dca-a00a-a92a47c48abd;464.57;1.21486;BUY
2016-04-25T00:03:01.193548;2016-04-25T00:03:01.207702;5876621b-73f7-43ba-95a5-d39d38d70a48;464.56;0.447;BUY
2016-04-25T00:03:01.193771;2016-04-25T00:03:01.223328;ffa7f19a-e9aa-4669-bc51-f31ebe8a17b0;464.56;0.01;BUY
2016-04-25T00:03:01.193940;2016-04-25T00:03:01.223328;0ddb13a0-82d4-48e6-9c45-e5e8eafc96bb;464.57;0.55423;BUY
2016-04-25T00:03:45.562303;2016-04-25T00:03:45.567103;f5cec0f0-da8b-408b-be69-a1d6cbe5115d;464.56;0.01;BUY
2016-04-25T00:04:01.146915;2016-04-25T00:04:01.160854;59eca52d-1fd6-4433-b287-2a73c5b8bc86;464.57;1.12955;BUY
2016-04-25T00:04:31.212313;2016-04-25T00:04:31.223372;a3a5caf2-77e7-4e97-a1be-9b9e37d987a0;464.57;0.029736;BUY
2016-04-25T00:04:31.212549;2016-04-25T00:04:31.238994;994bc0b2-b892-43d8-8083-05827ad5b9aa;464.57;0.025;BUY
2016-04-25T00:04:31.212936;2016-04-25T00:04:31.238994;955ee6e0-74bd-407e-a45d-1257ec031130;464.57;0.5;BUY
2016-04-25T00:04:31.213173;2016-04-25T00:04:31.238994;a74d4052-dca2-4382-8e7e-a76dd9edf023;464.57;0.139;BUY
2016-04-25T00:04:31.213370;2016-04-25T00:04:31.254617;78519ef8-a7aa-4658-b420-60b82d7a9539;464.58;0.025;BUY
2016-04-25T00:04:31.213710;2016-04-25T00:04:31.332745;ffcddd15-215c-47cb-817b-d4bf28aa7151;464.59;0.025;BUY
2016-04-25T00:04:31.213907;2016-04-25T00:04:31.332745;1fc9b645-11d7-4119-bc72-7d4319eb2039;464.6;0.025;BUY
2016-04-25T00:04:31.214267;2016-04-25T00:04:31.332745;1cdf42d9-a7fb-4371-ba15-a53ecd021875;464.6;0.0115;BUY
2016-04-25T00:04:31.214458;2016-04-25T00:04:31.332745;1844148b-e2ed-42ac-b984-0f0f4cabc583;464.6;0.04;BUY
2016-04-25T00:04:31.214649;2016-04-25T00:04:31.332745;39be5e7e-b6b0-4416-8002-2ff4d97c238f;464.61;0.025;BUY
2016-04-25T00:04:31.214825;2016-04-25T00:04:31.332745;e88e52ea-3f55-4a06-ab1a-8f4d5e259a91;464.62;0.025;BUY
2016-04-25T00:04:31.215045;2016-04-25T00:04:31.332745;9240abd2-c1c5-414d-98c5-7fd1dd256c12;464.62;0.159;BUY
2016-04-25T00:04:31.215451;2016-04-25T00:04:31.332745;c5a15029-ce30-4573-8fea-ebe246de38b5;464.63;0.025;BUY
2016-04-25T00:04:31.215646;2016-04-25T00:04:31.332745;dd3210d3-0523-4a40-90b0-53ee7d62c1b7;464.63;0.01;BUY
2016-04-25T00:04:31.215836;2016-04-25T00:04:31.332745;4ff89d56-984e-47dd-95f8-be1f6c1cd839;464.64;0.025;BUY
2016-04-25T00:04:31.216176;2016-04-25T00:04:31.332745;b0ea976a-1740-4fec-95de-bf24ae64aa86;464.65;0.0559139;BUY
2016-04-25T00:04:31.216361;2016-04-25T00:04:31.332745;69b73181-8a39-484f-8bee-e873c99771b5;464.65;0.05591949;BUY
2016-04-25T00:04:31.216543;2016-04-25T00:04:31.332745;c92caab5-20ea-4428-bb85-363927ba1a37;464.65;0.1;BUY
2016-04-25T00:04:31.216722;2016-04-25T00:04:31.332745;e223616c-25df-4ad8-acff-f20f7596385c;464.65;0.025;BUY
2016-04-25T00:04:31.216907;2016-04-25T00:04:31.332745;c63515a3-23a9-4183-92f1-46774171b9c9;464.65;0.05598969;BUY
2016-04-25T00:04:31.217346;2016-04-25T00:04:31.332745;279810bb-1154-4286-896d-9524c518794f;464.65;0.05595222;BUY
2016-04-25T00:04:31.217545;2016-04-25T00:04:31.332745;91d093ec-90f8-451a-a7de-3c724dd1005c;464.66;0.025;BUY
2016-04-25T00:04:31.217858;2016-04-25T00:04:31.332745;d011a629-d639-41cf-910a-06f0eff05716;464.67;0.025;BUY
2016-04-25T00:04:31.218062;2016-04-25T00:04:31.332745;a763a2e5-6d55-4966-a847-92c3e564635c;464.67;0.146;BUY
2016-04-25T00:04:31.218268;2016-04-25T00:04:31.332745;fd156669-71fb-4044-8783-b4a4c5f2a2cd;464.68;0.025;BUY
2016-04-25T00:04:31.218467;2016-04-25T00:04:31.348369;d9f34b2f-74c9-4d73-8179-6ecdb116aff7;464.69;0.025;BUY
2016-04-25T00:04:31.218886;2016-04-25T00:04:31.348369;fe6f535f-cccb-45cc-89ea-23af82e3cd2b;464.7;0.025;BUY
2016-04-25T00:04:31.219118;2016-04-25T00:04:31.363994;f29f762c-2984-4f3c-aca3-c0c3e4c003cb;464.71;0.025;BUY
2016-04-25T00:04:31.219308;2016-04-25T00:04:31.363994;ced67fc6-2099-4bfe-9a6e-3dd6545798d8;464.72;0.61525;BUY
2016-04-25T00:04:31.219637;2016-04-25T00:04:31.363994;2260e7fd-5b5f-499b-aa99-bb5e6074e666;464.72;0.166;BUY
2016-04-25T00:04:31.219831;2016-04-25T00:04:31.363994;0f842eb7-b85c-4390-af74-335c45984196;464.75;1.6;BUY
2016-04-25T00:04:31.220033;2016-04-25T00:04:31.363994;2fed8084-0d26-4279-a98c-97681981b4b9;464.76;0.01;BUY
2016-04-25T00:04:31.220209;2016-04-25T00:04:31.363994;94e01da7-c862-40a3-93da-1791db7bd6fd;464.76;3.3714387;BUY
2016-04-25T00:05:04.038101;2016-04-25T00:05:04.051469;7c13a114-17b5-418f-9230-daa9c71b7a7a;464.57;1.28026;BUY
2016-04-25T00:05:38.917515;2016-04-25T00:05:38.926533;bbc86be6-24f0-4025-ad2b-1e09f369c68d;464.57;0.3025;BUY
2016-04-25T00:06:34.641052;2016-04-25T00:06:34.645312;62658677-8627-4fea-8888-1ee62f4c4e22;464.57;0.04226;BUY
2016-04-25T00:06:52.022179;2016-04-25T00:06:52.020316;5801424c-4594-4df9-a1c7-374682738b0c;464.55;0.011;SELL
2016-04-25T00:06:52.022505;2016-04-25T00:06:52.035942;80fbc34c-ddf9-4f12-9f04-825c8e229383;464.55;0.0116;SELL
2016-04-25T00:06:52.022778;2016-04-25T00:06:52.035942;4c91f343-ce28-4ee4-b82b-65a4e894a6bd;464.54;0.012;SELL
2016-04-25T00:06:52.023012;2016-04-25T00:06:52.035942;61cefa4c-4561-488f-b487-185a91c7871b;464.53;0.012;SELL
2016-04-25T00:06:52.023222;2016-04-25T00:06:52.051564;0ece5d48-f69d-4aad-892b-354146bc13c4;464.53;0.01;SELL
2016-04-25T00:06:52.023429;2016-04-25T00:06:52.067191;27e3f2ee-a27b-49cb-acf4-91a1aad3ed24;464.53;0.012;SELL
2016-04-25T00:06:52.023666;2016-04-25T00:06:52.067191;e8557fbb-9f1f-40c5-827a-be947d463514;464.53;0.012;SELL
2016-04-25T00:06:52.023905;2016-04-25T00:06:52.082816;953e0a92-47cc-4c60-8cf1-8a785cb4c9dd;464.52;0.012;SELL
2016-04-25T00:06:54.627702;2016-04-25T00:06:54.645320;f299d699-b4ca-4971-9432-0d67f8ca96f8;464.51;0.013;SELL
2016-04-25T00:06:54.627891;2016-04-25T00:06:54.660944;82ba878e-b87b-42f3-aaa2-a6981711f2eb;464.51;0.012;SELL
2016-04-25T00:06:54.628101;2016-04-25T00:06:54.660944;bc3156e3-4389-4b27-8342-ddecdda2472c;464.51;0.014;SELL
2016-04-25T00:06:54.628272;2016-04-25T00:06:54.660944;b7a7c545-5e4f-41d8-a2c7-fda39c5770a8;464.5;0.013;SELL
2016-04-25T00:06:54.628443;2016-04-25T00:06:54.660944;1c4e7b5d-65bc-45a9-80a4-eed0b7b36e09;464.5;0.011;SELL
2016-04-25T00:06:54.628617;2016-04-25T00:06:54.660944;6b24a2e8-60dd-454a-9c28-c12dfca1f1ed;464.5;0.013;SELL
2016-04-25T00:06:54.628791;2016-04-25T00:06:54.660944;20f23fa5-b37e-428f-88ea-726a8d87848e;464.49;0.013;SELL
2016-04-25T00:06:54.628991;2016-04-25T00:06:54.660944;e444b4c4-45a1-4ad9-bee3-0932aa666f42;464.48;0.013;SELL
2016-04-25T00:06:54.629194;2016-04-25T00:06:54.692193;255f4dc5-379f-49ef-bee8-5881891b53cb;464.47;0.012;SELL
2016-04-25T00:06:54.629375;2016-04-25T00:06:54.692193;bba23e86-dc55-46d6-a73c-e717bd19e89a;464.47;0.014;SELL
2016-04-25T00:06:54.629549;2016-04-25T00:06:54.692193;b5b9ca2c-2d40-453b-9956-9391b9f10596;464.47;0.013;SELL
2016-04-25T00:06:54.629733;2016-04-25T00:06:54.692193;8ffaebef-5f00-4872-aa70-726e3d1e42a3;464.47;0.21;SELL
2016-04-25T00:06:54.629916;2016-04-25T00:06:54.692193;94ac15fb-9788-4f65-8d04-cdb4aee55db7;464.46;0.012;SELL
2016-04-25T00:06:54.630110;2016-04-25T00:06:54.707825;c8145b8d-db2d-4163-96ae-d47cc779887c;464.45;0.012;SELL
2016-04-25T00:06:54.630282;2016-04-25T00:06:54.707825;777e24e2-e7bc-46a4-87e8-a52a84bf93f5;464.44;0.013;SELL
2016-04-25T00:06:54.630465;2016-04-25T00:06:54.707825;96e78091-d419-4718-92c8-28e6ac012fd3;464.44;0.012;SELL
2016-04-25T00:06:54.630645;2016-04-25T00:06:54.707825;412f13cb-73ca-4449-be1b-e10e1bd62277;464.43;0.013;SELL
2016-04-25T00:06:54.630812;2016-04-25T00:06:54.707825;e7d20dc8-3aa8-4ef4-9c8f-23bb5eaf301f;464.42;0.013;SELL
2016-04-25T00:06:54.631006;2016-04-25T00:06:54.707825;3a8eb35e-8761-4d95-b981-d62bbf038d43;464.42;0.012;SELL
2016-04-25T00:06:54.631193;2016-04-25T00:06:54.707825;271b291f-11d6-4778-b8ec-f4424451ce8a;464.41;0.013;SELL
2016-04-25T00:06:54.631362;2016-04-25T00:06:54.707825;ceea3784-f6a4-4701-93c1-88f3f0d8870f;464.4;0.014;SELL
2016-04-25T00:06:54.631543;2016-04-25T00:06:54.707825;c7d3c7db-9474-4b15-abb4-8e35a81d7573;464.4;0.01;SELL
2016-04-25T00:06:54.631715;2016-04-25T00:06:54.739066;80162bc5-34c4-4713-9fa6-690f657f123e;464.39;0.011;SELL
2016-04-25T00:06:54.631896;2016-04-25T00:06:54.739066;c675f244-0900-416f-91af-2343230c3560;464.39;0.014;SELL
2016-04-25T00:06:54.632071;2016-04-25T00:06:54.739066;6ffde833-b527-4fd8-95f6-f2761c8e08c7;464.38;0.011;SELL
2016-04-25T00:06:54.632251;2016-04-25T00:06:54.754692;9c5b78f4-6a09-49be-b6b7-a616a120b931;464.38;0.01;SELL
2016-04-25T00:06:54.632429;2016-04-25T00:06:54.754692;0901d6f2-80d1-4f9d-8897-72831c62a25a;464.38;0.012;SELL
2016-04-25T00:06:54.632613;2016-04-25T00:06:54.754692;7b369287-c475-414e-9865-c5cec3e676b9;464.37;0.011;SELL
2016-04-25T00:06:54.632798;2016-04-25T00:06:54.754692;555f4d24-f3cb-4187-abef-131e530cc1e2;464.36;0.012;SELL
2016-04-25T00:06:54.632964;2016-04-25T00:06:54.754692;55642bef-be55-4340-8b5e-fbaa1433198b;464.35;0.012;SELL
2016-04-25T00:06:54.633161;2016-04-25T00:06:54.754692;837fec79-e255-425a-98a3-fcd91d4208ce;464.35;0.012;SELL
2016-04-25T00:06:54.633343;2016-04-25T00:06:54.754692;4226bf29-5112-4978-a67a-54882d5b7579;464.34;0.01;SELL
2016-04-25T00:06:54.633519;2016-04-25T00:06:54.754692;a1d4cb9d-a4bc-44c0-b0d8-90909255c19b;464.33;0.01;SELL
2016-04-25T00:06:54.633685;2016-04-25T00:06:54.770319;8b7ed91b-de33-4cf3-b6e1-4be319d5beb9;464.32;0.01;SELL
2016-04-25T00:06:54.633860;2016-04-25T00:06:54.770319;01b1bdb8-922d-4550-8b90-a49f05b6b99f;464.32;0.01;SELL
2016-04-25T00:06:54.634041;2016-04-25T00:06:54.770319;f3e91a05-902d-41b8-aaa1-31929c57ab19;464.32;0.05595307;SELL
2016-04-25T00:06:54.634226;2016-04-25T00:06:54.770319;17accaa5-a4e0-4444-81d9-a4ba1f6b7e0c;464.32;0.49000031;SELL
2016-04-25T00:06:54.634400;2016-04-25T00:06:54.770319;9e323000-4105-4b8d-ba27-355a23f3d63f;464.31;0.01;SELL
2016-04-25T00:06:54.634564;2016-04-25T00:06:54.770319;9faf7c99-c7a6-4e5f-8df9-708428b20bfa;464.31;0.01;SELL
2016-04-25T00:06:54.634750;2016-04-25T00:06:54.770319;f00c4463-e237-406b-962d-c537b8e68af6;464.31;0.8;SELL
2016-04-25T00:06:54.634931;2016-04-25T00:06:54.785942;d73db26f-41cb-493d-8fde-a583f3d0378e;464.31;0.49000063;SELL
2016-04-25T00:06:54.635114;2016-04-25T00:06:54.785942;3b28987e-bd5a-4d8f-aea9-493473914a87;464.3;8.63235222;SELL
2016-04-25T00:06:54.635285;2016-04-25T00:06:54.785942;e34dc1c1-ebe8-444e-b6d9-7f1f89772691;464.3;0.015;SELL
2016-04-25T00:06:54.635465;2016-04-25T00:06:54.785942;b50279bf-b2ce-4833-8db7-9cd421a326d1;464.3;0.49000129;SELL
2016-04-25T00:06:54.635636;2016-04-25T00:06:54.785942;1ce54d70-c2b9-4fa2-a6e3-61542026543f;464.29;0.015;SELL
2016-04-25T00:06:54.635804;2016-04-25T00:06:54.785942;169b1849-aefd-48c0-8369-422a3b7e7875;464.29;0.014;SELL
2016-04-25T00:06:54.635996;2016-04-25T00:06:54.817193;c83891de-f4c7-4581-af14-31d1d041bb95;464.29;0.01;SELL
2016-04-25T00:06:54.636163;2016-04-25T00:06:54.817193;912c2178-fb5c-4146-9d09-3bcc635c62ce;464.29;0.015;SELL
2016-04-25T00:06:54.636349;2016-04-25T00:06:54.817193;41ab02c2-ffb3-4552-87b4-ae2d0b19c306;464.29;0.49000265;SELL
2016-04-25T00:07:02.575476;2016-04-25T00:07:02.598450;57af8bab-40ad-4090-836c-57491741c42d;464.34;0.52;BUY
2016-04-25T00:07:02.575640;2016-04-25T00:07:02.598450;24e822b8-0f62-4adf-a389-4a515453fc6b;464.35;0.31517;BUY
2016-04-25T00:07:27.424790;2016-04-25T00:07:27.426582;779bf1b8-d075-418f-b613-24730db693f6;464.32;0.01;SELL
2016-04-25T00:07:27.425037;2016-04-25T00:07:27.442221;7db4a199-a01e-409c-a342-25ec24875d07;464.31;0.011;SELL
2016-04-25T00:07:27.425232;2016-04-25T00:07:27.442221;a8974513-f70d-46c7-9032-355e8bcd24ae;464.3;0.011;SELL
2016-04-25T00:07:27.425404;2016-04-25T00:07:27.442221;001d094c-f1be-485a-a5df-679ba3e8ba8c;464.29;0.011;SELL
2016-04-25T00:07:27.425555;2016-04-25T00:07:27.457792;8186b59d-2746-45ac-9fd2-5c7e49ca6739;464.28;0.015;SELL
2016-04-25T00:07:27.425711;2016-04-25T00:07:27.457792;be6daf03-45e3-4cdc-8ce2-ce9556701171;464.28;0.01;SELL
2016-04-25T00:07:27.425864;2016-04-25T00:07:27.457792;674c3bb8-0579-4f40-b6b2-3b9d7f19deab;464.28;0.01;SELL
2016-04-25T00:07:27.426029;2016-04-25T00:07:27.457792;e6a149ae-5028-45b6-b33a-b4b1538f6e86;464.28;0.05595782;SELL
2016-04-25T00:07:27.426180;2016-04-25T00:07:27.473459;4d3c12aa-1001-4dd5-95fd-bd29359a7e94;464.28;0.49000541;SELL
2016-04-25T00:07:27.426345;2016-04-25T00:07:27.473459;a3a93f62-7472-45e4-ab11-eed956023221;464.28;0.21;SELL
2016-04-25T00:07:27.426498;2016-04-25T00:07:27.473459;b73d3891-1934-4b5d-a9fa-b585d029f960;464.27;0.015;SELL
2016-04-25T00:07:27.426654;2016-04-25T00:07:27.473459;b5e0ebb3-f4db-46ca-9225-397f88442882;464.27;0.015;SELL
2016-04-25T00:07:27.426802;2016-04-25T00:07:27.504711;5d9475ce-8496-45e6-96b4-4a1f34695887;464.27;0.01;SELL
2016-04-25T00:07:27.426951;2016-04-25T00:07:27.504711;47140581-ef19-4e9c-8b3b-482b60f7a1c8;464.27;0.01;SELL
2016-04-25T00:07:27.427113;2016-04-25T00:07:27.504711;4178db31-40b1-4e35-83e4-927d6baa054e;464.27;0.01;SELL
2016-04-25T00:07:27.427266;2016-04-25T00:07:27.504711;f78cccb0-54a0-4761-aa25-1a1ae33b18a6;464.27;0.015;SELL
2016-04-25T00:07:27.427418;2016-04-25T00:07:27.504711;2aebdce5-9dea-4af4-8ae0-268b35016f76;464.27;0.05604482;SELL
2016-04-25T00:07:27.427582;2016-04-25T00:07:27.520336;6dcac231-3e0d-46d3-bd99-62c7c14a8679;464.27;0.49001104;SELL
2016-04-25T00:07:27.427731;2016-04-25T00:07:27.520336;dc4d2d92-769c-47f3-95d1-e7e9c2cbd853;464.26;0.01;SELL
2016-04-25T00:07:27.427880;2016-04-25T00:07:27.520336;1d1afb61-cfb3-400a-988b-0bff388e9b5a;464.26;0.015;SELL
2016-04-25T00:07:27.428031;2016-04-25T00:07:27.520336;c5a46a4b-853a-4c01-b1f4-0178e343be6d;464.26;0.29198091;SELL
2016-04-25T00:07:31.197350;2016-04-25T00:07:31.207837;d22d23c0-2798-486f-91ae-34304f42b691;464.34;0.52888;BUY
2016-04-25T00:07:31.995409;2016-04-25T00:07:31.989087;62b54de2-5239-4e02-b79a-c6096fd3f1e5;464.26;0.011;SELL
2016-04-25T00:07:39.349657;2016-04-25T00:07:39.348465;fdfd7544-adae-4a8b-b3ce-be542606aa3e;464.25;0.01;SELL
2016-04-25T00:07:39.349871;2016-04-25T00:07:39.364091;e0969650-4581-48d0-8d8b-99bb7b6a91fa;464.25;0.01;SELL
2016-04-25T00:07:39.350085;2016-04-25T00:07:39.364091;b9ebf730-e6f3-4d21-a9a6-35deee9ee5ec;464.25;0.015;SELL
2016-04-25T00:07:39.350284;2016-04-25T00:07:39.364091;5aa920da-043e-4937-b176-4ab1cbd1d2e8;464.25;0.015;SELL
2016-04-25T00:07:39.350508;2016-04-25T00:07:39.395340;78576866-7449-44f4-8f36-d970ed1312a6;464.25;0.011;SELL
2016-04-25T00:07:39.350704;2016-04-25T00:07:39.395340;df5f792b-1fc6-40ad-b1ab-27ede6ae5d73;464.24;0.07887852;SELL
2016-04-25T00:07:39.350891;2016-04-25T00:07:39.395340;70e391b9-1eb9-48da-852a-e55a7f97742a;464.24;0.01;SELL
2016-04-25T00:07:39.351088;2016-04-25T00:07:39.395340;6d6d56da-17cf-439a-a9ae-20075b82b1bd;464.24;0.015;SELL
2016-04-25T00:07:39.351282;2016-04-25T00:07:39.395340;0ff608e8-49b5-46ca-a788-3bebe008c81e;464.24;0.01;SELL
2016-04-25T00:07:39.351478;2016-04-25T00:07:39.395340;554cba88-2446-40bc-aa92-2ff322e46077;464.24;0.012;SELL
2016-04-25T00:07:39.351663;2016-04-25T00:07:39.395340;97dc064c-82e2-4102-a5aa-efbebb180c59;464.23;0.01;SELL
2016-04-25T00:07:39.351854;2016-04-25T00:07:39.410967;8f335afd-75c7-40d6-ac25-03e4cd1ec57f;464.23;0.01;SELL
2016-04-25T00:07:39.352049;2016-04-25T00:07:39.410967;39776ce8-37dc-425e-81c5-bf5899e9b88d;464.23;0.05596342;SELL
2016-04-25T00:07:39.352254;2016-04-25T00:07:39.410967;854e00dd-346d-4b64-8e88-86ac026bed08;464.23;0.01;SELL
2016-04-25T00:07:46.272750;2016-04-25T00:07:46.270342;54dca7c6-3f1b-4958-bf9d-2f6239fcf408;464.29;0.01;SELL
2016-04-25T00:07:46.272936;2016-04-25T00:07:46.270342;b5efff30-5643-4662-adeb-5b801a4bec7a;464.28;0.01;SELL
2016-04-25T00:07:55.550810;2016-04-25T00:07:55.551599;abdc1b25-e7fc-408e-bedd-abc1776f2af8;464.3;4.0;SELL
2016-04-25T00:08:01.056305;2016-04-25T00:08:01.051601;a67c9362-db27-4a86-a6b5-deb7a3c6446c;464.3;0.39658;BUY
2016-04-25T00:08:03.486822;2016-04-25T00:08:03.489108;72652814-9b5a-4230-860d-d1f7444c9aa0;464.37;0.01;BUY
2016-04-25T00:08:14.711290;2016-04-25T00:08:14.707857;902ed72a-ef48-43cc-a86c-a6177cc5d495;464.29;0.01;SELL
2016-04-25T00:08:14.711527;2016-04-25T00:08:14.723484;7c880b7e-a874-46d8-85cd-7ad2067bb63f;464.28;0.01;SELL
2016-04-25T00:08:14.711842;2016-04-25T00:08:14.723484;f5b5575b-024c-4979-963d-c73a3fcc6b25;464.27;0.01;SELL
2016-04-25T00:08:14.712049;2016-04-25T00:08:14.723484;3896dc09-9fee-4e0f-8ae0-fca188f1e624;464.26;0.01;SELL
2016-04-25T00:08:14.712341;2016-04-25T00:08:14.739110;4bf3d4bc-6a5c-4e62-99c2-3ba6e83fa98a;464.25;0.01;SELL
2016-04-25T00:08:14.712533;2016-04-25T00:08:14.817235;971efd57-f527-48b7-bcfa-88d207e8bb28;464.24;0.01;SELL
2016-04-25T00:08:19.354528;2016-04-25T00:08:19.364111;b20e6c9d-119d-4a63-bfa1-3c1fe56941d5;464.22;0.015;SELL
2016-04-25T00:08:19.354762;2016-04-25T00:08:19.364111;22b05d67-1838-4b96-bcd8-346b2e9d1369;464.22;0.01;SELL
2016-04-25T00:08:19.354952;2016-04-25T00:08:19.379736;ca4d8380-9d1e-40f4-9c7b-c39b04fdd8c7;464.22;0.01;SELL
2016-04-25T00:08:19.355158;2016-04-25T00:08:19.379736;6f872307-197c-4e65-a9ca-771b1ecfab16;464.22;0.05600735;SELL
2016-04-25T00:08:24.655336;2016-04-25T00:08:24.660989;6c696672-4d02-4f8c-a670-a4369d67a886;464.21;0.015;SELL
2016-04-25T00:08:24.655498;2016-04-25T00:08:24.676612;681db22a-f184-442f-abe6-9471898f6f57;464.21;0.015;SELL
2016-04-25T00:08:24.655657;2016-04-25T00:08:24.676612;9557ece5-7927-45d4-92fb-d25d56cce0c5;464.21;0.01;SELL
2016-04-25T00:08:24.655813;2016-04-25T00:08:24.676612;45229188-d8cd-43f5-a257-5b3a6c60ff3d;464.21;0.01;SELL
2016-04-25T00:08:24.655964;2016-04-25T00:08:24.692240;20444008-d7eb-44ff-a224-89ce43d87b71;464.21;0.015;SELL
2016-04-25T00:08:24.656124;2016-04-25T00:08:24.692240;1866755c-8813-4196-8303-25e4c685931b;464.21;0.015;SELL
2016-04-25T00:08:24.656270;2016-04-25T00:08:24.692240;52355d46-231b-4922-85b4-2a037ee7c8e4;464.21;0.012;SELL
2016-04-25T00:08:24.656427;2016-04-25T00:08:24.692240;f71078ef-4394-44d0-9fe2-c542665e3884;464.21;1.1;SELL
2016-04-25T00:08:25.250185;2016-04-25T00:08:25.254738;47977f17-e145-4734-a6d2-cc8a8320dde4;464.23;0.01;SELL
2016-04-25T00:08:34.531267;2016-04-25T00:08:34.578420;51c0115d-764b-4f82-9ff3-d895afc045e4;464.21;0.55441;BUY
2016-04-25T00:08:39.349800;2016-04-25T00:08:39.406507;8bf39f18-75e6-4615-b819-27e5e9f9f3f8;464.2;0.015;SELL
2016-04-25T00:08:39.350065;2016-04-25T00:08:39.422167;c50c1e04-4d95-4c55-a939-c121aae3b0f9;464.2;0.01;SELL
2016-04-25T00:08:39.350302;2016-04-25T00:08:39.437791;0ae1fe65-6459-4108-bc38-1285bd946f53;464.2;1.25;SELL
2016-04-25T00:08:39.350524;2016-04-25T00:08:39.453418;f81983e8-3b36-4e80-9773-207f821a358d;464.19;0.015;SELL
2016-04-25T00:08:39.350750;2016-04-25T00:08:39.453418;bb3bfefb-db41-420f-8850-510474ce7407;464.19;0.05594748;SELL
2016-04-25T00:08:39.350992;2016-04-25T00:08:39.453418;880a5631-d5d1-4290-8b03-43e190a4f4db;464.18;0.01;SELL
2016-04-25T00:08:39.351206;2016-04-25T00:08:39.453418;255bfa18-97be-4bf2-97d1-4febd9d70c62;464.18;0.01;SELL
2016-04-25T00:08:39.351443;2016-04-25T00:08:39.453418;cfa9a8af-3bcf-4cea-96a0-56a4eb29a0c1;464.18;0.015;SELL
2016-04-25T00:08:39.351662;2016-04-25T00:08:39.453418;fd53d60a-1073-4800-a031-2d722152cd50;464.17;0.01;SELL
2016-04-25T00:08:39.351865;2016-04-25T00:08:39.453418;4603be59-4e97-4d6a-b3d5-e2565ba6b6c2;464.17;0.013;SELL
2016-04-25T00:08:39.352104;2016-04-25T00:08:39.453418;6b407f1c-fc70-4a8b-8d91-fba708a92029;464.17;0.011;SELL
2016-04-25T00:08:39.352330;2016-04-25T00:08:39.453418;5ef75e6f-3c5c-4de5-9e72-c7c62352f460;464.16;0.01;SELL
2016-04-25T00:08:39.352558;2016-04-25T00:08:39.453418;51cbfd50-d203-4589-bf93-9d0b6224108d;464.16;0.011;SELL
2016-04-25T00:09:03.467064;2016-04-25T00:09:03.515928;234f5fce-c8e0-4fe1-ac55-1c032f751988;464.2;0.01;BUY
2016-04-25T00:09:03.963923;2016-04-25T00:09:04.015928;f759b06c-0bb8-4882-865d-d83cd21685bb;464.2;0.39;BUY
2016-04-25T00:09:03.964147;2016-04-25T00:09:04.031554;2d78f87c-fbef-4316-a00d-f68ff47ce244;464.21;3.72559;BUY
2016-04-25T00:09:03.964302;2016-04-25T00:09:04.031554;823e07f8-ab34-4cd1-9ade-adc23b066950;464.25;0.15014;BUY
2016-04-25T00:09:32.514882;2016-04-25T00:09:32.562769;ceca6053-9fde-4201-9840-50138fdb3c8a;464.21;0.025;BUY
2016-04-25T00:09:32.515178;2016-04-25T00:09:32.578441;461d8aed-3963-476b-8300-cbc2fabad8d7;464.21;0.396;BUY
2016-04-25T00:09:32.515405;2016-04-25T00:09:32.578441;e10dc4fe-0f30-4b43-b1bf-ed10427e7b36;464.21;0.5;BUY
2016-04-25T00:09:32.515579;2016-04-25T00:09:32.578441;1d74ce86-d4e4-47b8-984f-2df0a6880796;464.22;0.04144;BUY
2016-04-25T00:10:01.339341;2016-04-25T00:10:01.406581;41cb94e1-bdfb-4709-85c2-3cdd8cc62def;464.21;0.344;BUY
2016-04-25T00:10:01.339504;2016-04-25T00:10:01.406581;fdbf6c2d-ff7b-4f91-beb5-a15feeab1c25;464.22;5.099;BUY
2016-04-25T00:10:31.535585;2016-04-25T00:10:31.594098;c0a9053b-d825-4611-bfd2-a0005109b7b4;464.23;0.025;BUY
2016-04-25T00:10:31.535782;2016-04-25T00:10:31.594098;b5ac0461-380f-40a4-96d6-045367e7de20;464.23;0.116;BUY
2016-04-25T00:10:31.535939;2016-04-25T00:10:31.594098;93e8afb2-dbce-433a-a347-52909cf9d20e;464.25;0.025;BUY
2016-04-25T00:10:31.536104;2016-04-25T00:10:31.609722;82d732e4-eeb2-46b2-82fb-7462c3fc0db9;464.25;0.0116;BUY
2016-04-25T00:10:31.536259;2016-04-25T00:10:31.609722;d62d909f-243a-4cc4-9256-8f76dcbeab0d;464.25;0.016;BUY
2016-04-25T00:10:31.536411;2016-04-25T00:10:31.609722;bf28033d-88ca-4758-90c0-6527a4522062;464.26;0.025;BUY
2016-04-25T00:10:31.536570;2016-04-25T00:10:31.609722;dd1a7c5f-bca7-4636-8760-184f9927eaeb;464.27;0.025;BUY
2016-04-25T00:10:31.536733;2016-04-25T00:10:31.640973;15f8e8e4-ac01-4705-ac06-169d4bea4476;464.28;0.025;BUY
2016-04-25T00:10:31.536883;2016-04-25T00:10:31.640973;70e61351-a96b-420b-81bf-3fc02148650d;464.29;0.025;BUY
2016-04-25T00:10:31.537051;2016-04-25T00:10:31.640973;b12cd21a-52d8-4364-870c-a468dab5ba44;464.29;0.103;BUY
2016-04-25T00:10:31.537277;2016-04-25T00:10:31.672228;7d2fde95-8511-4493-b929-77e9b69c9a08;464.3;0.025;BUY
2016-04-25T00:10:31.537479;2016-04-25T00:10:31.672228;2d1901ff-9c25-4dca-9479-819ff62641b2;464.31;0.025;BUY
2016-04-25T00:10:31.537638;2016-04-25T00:10:31.672228;c4ba1f89-c91a-4725-9466-2d85d25d6f87;464.31;0.024;BUY
2016-04-25T00:10:31.537805;2016-04-25T00:10:31.672228;e777611f-7826-4a06-b736-072b0f69d715;464.32;0.025;BUY
2016-04-25T00:10:31.537952;2016-04-25T00:10:31.672228;008f3359-949d-43da-b497-05e8265f5fee;464.32;0.025;BUY
2016-04-25T00:10:31.538120;2016-04-25T00:10:31.672228;a60a5d51-125a-4946-b49c-eb2c6fd0de08;464.32;0.025;BUY
2016-04-25T00:10:31.538273;2016-04-25T00:10:31.672228;35b67828-0879-4267-91d7-1b28aac3332b;464.33;0.025;BUY
2016-04-25T00:10:31.538417;2016-04-25T00:10:31.672228;ec58d127-4c2a-41bd-a79b-3a1ad142fe9d;464.34;0.025;BUY
2016-04-25T00:10:31.538561;2016-04-25T00:10:31.672228;ae539595-c508-44f9-ad7e-ab7bf4733d7d;464.34;0.025;BUY
2016-04-25T00:10:31.538724;2016-04-25T00:10:31.672228;312434b8-c380-44de-b557-6a5896075008;464.34;0.085;BUY
2016-04-25T00:10:31.538892;2016-04-25T00:10:31.672228;fa80ed9b-7ecb-4da6-86e7-e999dd0a6da2;464.35;0.025;BUY
2016-04-25T00:10:31.539067;2016-04-25T00:10:31.672228;15e55e66-901a-4af0-bb10-87fabf7fc7fa;464.36;0.025;BUY
2016-04-25T00:10:31.539207;2016-04-25T00:10:31.672228;8562c1fd-e70d-4c7a-838e-18d32423795a;464.37;0.025;BUY
2016-04-25T00:10:31.539344;2016-04-25T00:10:31.687852;bfa885a6-4169-4ee7-b4d0-36072141c30b;464.37;0.91342;BUY
2016-04-25T00:11:03.106532;2016-04-25T00:11:03.156613;5e63b876-359e-4b3a-9f87-9aa2869bbddd;464.37;0.01;BUY
2016-04-25T00:11:18.297081;2016-04-25T00:11:18.375372;4f09d951-309b-4dec-bdc9-64e2a4ad75a4;464.37;0.17658;BUY
2016-04-25T00:11:18.297392;2016-04-25T00:11:18.375372;e6d3e484-ea2b-487f-b71a-02a091c4cf80;464.37;0.55;BUY
2016-04-25T00:11:18.297592;2016-04-25T00:11:18.375372;3dae0418-a0f8-4b3f-954a-0aafaa3bd42d;464.37;0.205;BUY
2016-04-25T00:11:18.297763;2016-04-25T00:11:18.390998;465fd6ac-6f7c-4a57-9007-1989dca68148;464.38;0.025;BUY
2016-04-25T00:11:18.297925;2016-04-25T00:11:18.390998;f5cfa07b-91df-428f-a224-a1dbec66bfff;464.38;0.025;BUY
2016-04-25T00:11:18.298091;2016-04-25T00:11:18.406622;e0fda9ee-5d52-4dfe-9db1-e232485a114f;464.39;1.01842;BUY
2016-04-25T00:11:21.905201;2016-04-25T00:11:21.953500;cf397d6c-f2d3-4239-b0c3-0cdf8bb155bb;464.39;0.50864552;BUY
2016-04-25T00:11:33.031901;2016-04-25T00:11:33.078508;0a571621-01ed-441a-a661-433cea68afe0;464.39;0.025;BUY
2016-04-25T00:11:33.032157;2016-04-25T00:11:33.109756;637ca980-09a2-4edd-b38b-f5afbcb73bdc;464.39;0.025;BUY
2016-04-25T00:11:33.032354;2016-04-25T00:11:33.109756;34f347bd-159f-4ca3-a252-799db3ae7a5f;464.39;0.025;BUY
2016-04-25T00:11:33.032521;2016-04-25T00:11:33.109756;44a79f7e-9cf8-433b-90ab-9309ad4aed01;464.4;0.025;BUY
2016-04-25T00:11:33.032688;2016-04-25T00:11:33.125378;ff27760d-ab0f-4db7-9492-9b842e0bc2ec;464.4;0.096;BUY
2016-04-25T00:11:33.032854;2016-04-25T00:11:33.125378;e7e0a448-938d-46d9-a9b5-a8f0ceeb796f;464.41;0.025;BUY
2016-04-25T00:11:33.033039;2016-04-25T00:11:33.125378;8fad3790-3e29-4292-b2ad-7eb9951a7f19;464.42;0.025;BUY
2016-04-25T00:11:33.033218;2016-04-25T00:11:33.125378;3dd30408-9ac9-43af-a783-34dafe1d5270;464.43;0.025;BUY
2016-04-25T00:11:33.033380;2016-04-25T00:11:33.141004;f534ecf7-1766-4372-9383-52bead1fcdea;464.44;0.025;BUY
2016-04-25T00:11:33.033546;2016-04-25T00:11:33.141004;ce26aa59-9685-48cf-9702-adca7c92c93c;464.45;0.025;BUY
2016-04-25T00:11:33.033701;2016-04-25T00:11:33.187878;a2934669-cad9-4411-8995-19253bf54246;464.46;0.01;BUY
2016-04-25T00:11:33.033870;2016-04-25T00:11:33.187878;1b70a846-a0ac-4832-ad1d-117859878971;464.46;0.025;BUY
2016-04-25T00:11:33.034048;2016-04-25T00:11:33.187878;a56ce3ad-9fe5-4bb8-b94d-4986fab63fb1;464.47;0.025;BUY
2016-04-25T00:11:33.034214;2016-04-25T00:11:33.187878;8b321808-cbdf-4581-a0e7-85ec0afe0787;464.48;0.025;BUY
2016-04-25T00:11:33.034380;2016-04-25T00:11:33.187878;e7810401-9e02-4bb8-86fb-ab94b41c2693;464.48;0.328;BUY
2016-04-25T00:11:33.034547;2016-04-25T00:11:33.187878;795fae6b-b4db-4092-aa98-f4344d424028;464.49;0.025;BUY
2016-04-25T00:11:33.034713;2016-04-25T00:11:33.187878;d76ad38e-349a-4278-90a6-abc16a67b87a;464.5;0.025;BUY
2016-04-25T00:11:33.034879;2016-04-25T00:11:33.187878;60740939-b618-49e1-9ddd-964bf8e2e26a;464.51;0.025;BUY
2016-04-25T00:11:33.035061;2016-04-25T00:11:33.187878;70bdc1f5-6ee4-4a78-9f04-17d8f676cb83;464.52;0.025;BUY
2016-04-25T00:11:33.035228;2016-04-25T00:11:33.187878;284bb3c9-51fc-45f0-9c92-34a7c1de837c;464.53;0.025;BUY
2016-04-25T00:11:33.035385;2016-04-25T00:11:33.187878;76691358-260b-4b70-9273-88de3f5cfa6d;464.54;0.025;BUY
2016-04-25T00:11:33.035549;2016-04-25T00:11:33.187878;434a16ce-65ba-49bc-a7c1-f4203f579df7;464.54;0.05600735;BUY
2016-04-25T00:11:33.035709;2016-04-25T00:11:33.187878;b45b9712-62fb-432a-a6bf-52a4642ce680;464.55;0.05595307;BUY
2016-04-25T00:11:33.035862;2016-04-25T00:11:33.187878;bc296afe-6551-44f5-8bcc-9c24a51a3522;464.55;0.025;BUY
2016-04-25T00:11:33.036038;2016-04-25T00:11:33.187878;800dbbc9-9f0b-4928-b15e-eda9fb17e16e;464.55;0.05604482;BUY
2016-04-25T00:11:33.036196;2016-04-25T00:11:33.187878;047d75ed-e732-4caf-adf8-2b16b845af11;464.56;0.01;BUY
2016-04-25T00:11:33.036366;2016-04-25T00:11:33.187878;5d5f36f2-561c-49f9-b9b8-b3cf82d9df5e;464.56;0.025;BUY
2016-04-25T00:11:33.036530;2016-04-25T00:11:33.187878;0a4a8a73-72db-48e1-8b0c-09927c67fae7;464.56;0.04;BUY
2016-04-25T00:11:33.036692;2016-04-25T00:11:33.187878;b46e4284-608f-405d-b3ac-9d15d9f9c212;464.57;0.56298;BUY
2016-04-25T00:11:33.036848;2016-04-25T00:11:33.187878;e509f16e-b946-47c4-aa35-67eb65b46523;464.57;0.025;BUY
2016-04-25T00:11:33.037031;2016-04-25T00:11:33.219128;4258b3f9-0c2d-4f49-8e22-3cbd05cc0669;464.57;0.213;BUY
2016-04-25T00:11:33.037190;2016-04-25T00:11:33.219128;60cf6a47-51e0-48d6-80e2-07b71000fca6;464.58;0.025;BUY
2016-04-25T00:11:33.037351;2016-04-25T00:11:33.219128;e25fa39b-6d84-469e-b21b-796946b3f396;464.59;0.025;BUY
2016-04-25T00:11:33.037513;2016-04-25T00:11:33.219128;e43bad7d-f3ab-4aa5-8782-99aaafb33f3c;464.59;0.025;BUY
2016-04-25T00:11:33.037682;2016-04-25T00:11:33.219128;f2925f67-b8f9-49e9-8173-3af7a56155b7;464.6;0.025;BUY
2016-04-25T00:11:33.037847;2016-04-25T00:11:33.234754;cefbd5e7-6eeb-4095-9fd6-27bb6c704375;464.61;0.025;BUY
2016-04-25T00:11:33.038035;2016-04-25T00:11:33.234754;875c5f2a-c63b-406a-a233-4654ba90129f;464.62;0.194;BUY
2016-04-25T00:11:33.038195;2016-04-25T00:11:33.234754;08327082-2b4c-4283-b1d9-ffe58ba7b752;464.63;0.2;BUY
2016-04-25T00:11:33.038359;2016-04-25T00:11:33.234754;7167a488-2eec-48a1-b2a6-7a699ce67d4c;464.64;0.01;BUY
2016-04-25T00:11:33.038526;2016-04-25T00:11:33.234754;1a5d3640-6ea9-4fff-809d-a1d29e36d7c2;464.64;0.025;BUY
2016-04-25T00:11:33.038689;2016-04-25T00:11:33.234754;717bc5a6-2635-4b78-b5e6-913093acb26a;464.65;0.05595782;BUY
2016-04-25T00:11:33.038847;2016-04-25T00:11:33.234754;c9424c39-d15b-4405-b350-c6634bee710a;464.65;0.05596342;BUY
2016-04-25T00:11:33.039028;2016-04-25T00:11:33.234754;8774975f-62b1-401a-a93a-0873ab8c0a5c;464.65;0.05594748;BUY
2016-04-25T00:11:33.039177;2016-04-25T00:11:33.234754;95f9ab9b-c639-45dc-9822-75344faf10ca;464.67;0.186;BUY
2016-04-25T00:11:33.039341;2016-04-25T00:11:33.234754;84837bf0-b931-4881-8497-20c89e6f6013;464.67;0.21;BUY
2016-04-25T00:11:33.039504;2016-04-25T00:11:33.266009;caa5b566-9fb1-45e9-8820-d87776efca4d;464.71;0.46;BUY
2016-04-25T00:11:33.039675;2016-04-25T00:11:33.281634;c780d93a-df57-42fa-960e-de0c1e98d812;464.72;0.194;BUY
2016-04-25T00:11:33.039847;2016-04-25T00:11:33.281634;3d84e3f5-e54d-437c-b617-57cc5a5ead34;464.73;0.7;BUY
2016-04-25T00:11:33.040028;2016-04-25T00:11:33.281634;85a47bfc-b66c-458f-b501-32fc0cfdeb95;464.74;0.01;BUY
2016-04-25T00:11:33.040196;2016-04-25T00:11:33.281634;df74a4c9-4628-455e-b081-3025285269ce;464.75;1.71;BUY
2016-04-25T00:11:33.040348;2016-04-25T00:11:33.281634;0e72233c-4c9a-46e5-a493-564369c1e53b;464.76;0.71970604;BUY
2016-04-25T00:12:01.375229;2016-04-25T00:12:01.422268;e3cd9292-f568-4750-9d12-97c9572d2e1f;464.56;0.04;BUY
2016-04-25T00:12:01.375387;2016-04-25T00:12:01.437899;e9962043-c3fc-459b-9b15-0d4429c3bb7b;464.76;0.3785;BUY
2016-04-25T00:12:31.310252;2016-04-25T00:12:31.359788;3072e304-760a-486a-b352-2f6a54c2013e;464.55;0.01;BUY
2016-04-25T00:12:31.310432;2016-04-25T00:12:31.375414;ac62d285-30a7-419c-8555-c2b89a608836;464.56;0.04;BUY
2016-04-25T00:12:31.310591;2016-04-25T00:12:31.375414;c17490ae-7ab6-49f2-9c57-f8647f4322ae;464.75;0.1;BUY
2016-04-25T00:12:31.310738;2016-04-25T00:12:31.375414;eb83534a-dee9-4e08-8167-0a1f956f908f;464.76;0.04174;BUY
2016-04-25T00:13:01.131652;2016-04-25T00:13:01.172298;87562b74-5b9c-40d2-8732-aeaca5d95597;464.56;0.04;BUY
2016-04-25T00:13:01.131881;2016-04-25T00:13:01.187925;5684190e-a865-4fff-826b-09f91ad02582;464.66;0.1;BUY
2016-04-25T00:13:01.132093;2016-04-25T00:13:01.187925;b163beb7-dd97-4c27-ae49-eef51b797669;464.75;0.01;BUY
2016-04-25T00:13:01.132242;2016-04-25T00:13:01.187925;9e373e23-9335-4f5a-a605-05b49954ff64;464.76;0.11651;BUY
2016-04-25T00:13:32.039890;2016-04-25T00:13:32.094190;6dbdc688-b32b-4ff5-a090-7bd94b6b0246;464.71;0.04;BUY
2016-04-25T00:13:32.040344;2016-04-25T00:13:32.094190;1041148c-9be4-4d54-9f7e-1048af4a95ff;464.76;1.42510526;BUY
2016-04-25T00:13:32.040530;2016-04-25T00:13:32.109815;9bc1987f-72b3-48b9-9e93-8ed80569ccec;464.8;0.025;BUY
2016-04-25T00:13:32.040839;2016-04-25T00:13:32.109815;ab0cfe67-bb18-45b2-95fc-c7aee5e8c39d;464.84;0.025;BUY
2016-04-25T00:13:32.041041;2016-04-25T00:13:32.109815;036f4117-d3d6-44b2-bd5c-daf2ab8011f3;464.84;0.025;BUY
2016-04-25T00:13:32.041215;2016-04-25T00:13:32.125441;e6bcaf5c-ebff-465a-94d4-922ca5326da7;464.85;0.025;BUY
2016-04-25T00:13:32.041472;2016-04-25T00:13:32.125441;7b10e56c-3877-4577-a105-3c2ef120adb4;464.85;0.025;BUY
2016-04-25T00:13:32.041629;2016-04-25T00:13:32.125441;f1f55700-c255-412f-9112-fe8d5e86d41f;464.85;0.025;BUY
2016-04-25T00:13:32.041813;2016-04-25T00:13:32.125441;cc9a67d2-5671-4ac5-b05e-9b6eace176a4;464.85;0.025;BUY
2016-04-25T00:13:32.041992;2016-04-25T00:13:32.141067;8d5fc97b-1547-4123-823d-e186e6871022;464.86;0.025;BUY
2016-04-25T00:13:32.042233;2016-04-25T00:13:32.156691;3c6f41ec-9b80-41af-8a75-b12ad55fa2fb;464.86;0.025;BUY
2016-04-25T00:13:32.042676;2016-04-25T00:13:32.156691;bb241279-8fe7-4874-8ff8-6314ad59305d;464.86;0.025;BUY
2016-04-25T00:13:32.042851;2016-04-25T00:13:32.156691;c13c7e64-69db-4234-b281-49211fdcca18;464.86;0.025;BUY
2016-04-25T00:13:32.043059;2016-04-25T00:13:32.156691;57e3e0c1-7bd2-406d-bd9b-1e975bada5d8;464.86;0.00682474;BUY
2016-04-25T00:14:01.191248;2016-04-25T00:14:01.234834;3f61ffdd-6a61-4a7a-b7aa-808a8043980c;464.7;0.7018;SELL
2016-04-25T00:14:31.108555;2016-04-25T00:14:31.141105;a9511a8b-6090-4093-8a2e-479e5161cb91;464.7;2.2982;SELL
2016-04-25T00:14:31.108795;2016-04-25T00:14:31.156721;4a583558-e511-482c-91f5-7e8e403cccd1;464.7;0.66468;SELL
2016-04-25T00:14:35.236311;2016-04-25T00:14:35.266082;fc4fc811-3a55-4190-8e63-c004c707cfe7;464.71;0.04;BUY
2016-04-25T00:14:35.236527;2016-04-25T00:14:35.297347;6a3c60cb-9417-44d5-8afe-c5766749110d;464.71;0.01;BUY
2016-04-25T00:14:35.236705;2016-04-25T00:14:35.297347;bd6a3912-3ffc-4c1c-a461-fbab4f96ebce;464.74;0.28251066;BUY
2016-04-25T00:15:01.143804;2016-04-25T00:15:01.187990;ffa8454c-2c28-4c3f-9dbf-b795cf99b9bb;464.71;0.04;BUY
2016-04-25T00:15:01.144039;2016-04-25T00:15:01.203612;71def554-c6ed-4161-b34e-775868dc1a19;464.8;0.04357;BUY
2016-04-25T00:15:31.893097;2016-04-25T00:15:31.922379;7e8e0e89-18f0-4b7d-bd08-d2d27586b63b;464.86;0.00317526;BUY
2016-04-25T00:15:31.893328;2016-04-25T00:15:31.953627;9600cb75-f537-4382-a1e5-8bf178b08ecc;464.86;0.019;BUY
2016-04-25T00:15:31.893518;2016-04-25T00:15:31.953627;aebe2e4c-a50a-40a4-b45a-6245c1e95fd8;464.86;0.04;BUY
2016-04-25T00:15:31.893707;2016-04-25T00:15:31.953627;493be6c2-985a-44b0-bcca-a5f2a3cfad58;464.86;0.087;BUY
2016-04-25T00:15:31.893895;2016-04-25T00:15:31.969253;269662ac-0625-4963-821e-01121c99c69b;464.87;0.025;BUY
2016-04-25T00:15:31.894087;2016-04-25T00:15:32.031752;7a4ed6ae-cdfb-4908-9910-47e874583177;464.88;0.017;BUY
2016-04-25T00:15:31.894284;2016-04-25T00:15:32.031752;e27e2b3d-6119-4762-add1-5de13964a060;464.88;0.025;BUY
2016-04-25T00:15:31.894463;2016-04-25T00:15:32.031752;16fd2205-1f7e-4dfd-9d8e-f358d305c5eb;464.89;0.015;BUY
2016-04-25T00:15:31.894655;2016-04-25T00:15:32.047378;b070769e-16c0-4719-948f-1d156f75211c;464.89;0.01;BUY
2016-04-25T00:15:31.894841;2016-04-25T00:15:32.047378;71f3d76b-688a-4809-b21a-116d73443363;464.9;0.025;BUY
2016-04-25T00:15:31.895032;2016-04-25T00:15:32.047378;4dfa79d4-d00b-4fe8-a9a3-96daeee979f9;464.91;0.01;BUY
2016-04-25T00:15:31.895217;2016-04-25T00:15:32.047378;500dec94-c2cc-4712-b217-9181c38fd618;464.91;0.12;BUY
2016-04-25T00:15:31.895409;2016-04-25T00:15:32.047378;659765db-c7d2-4323-bd2f-52e2a40891fb;464.92;0.025;BUY
2016-04-25T00:15:31.895588;2016-04-25T00:15:32.047378;73ce6ea2-022d-42cc-bc85-c545a256642c;464.93;0.025;BUY
2016-04-25T00:15:31.895765;2016-04-25T00:15:32.047378;c47350b7-fb96-40d1-b2c6-cfca5e5e1377;464.93;0.025;BUY
2016-04-25T00:15:31.895936;2016-04-25T00:15:32.047378;89769c79-95ac-47b7-aaf7-0479f8789986;464.93;0.20174474;BUY
2016-04-25T00:16:01.143377;2016-04-25T00:16:01.172395;13b775fa-2453-459c-89e2-e44179d8cff1;464.86;0.04;BUY
2016-04-25T00:16:01.143557;2016-04-25T00:16:01.188017;7b0cbed3-c97b-4ae3-97b8-e205b9608f9f;464.86;0.078;BUY
2016-04-25T00:16:01.143721;2016-04-25T00:16:01.188017;83a3c7de-72ba-48e2-be83-5f9d1d4a2b21;464.91;0.113;BUY
2016-04-25T00:16:01.143893;2016-04-25T00:16:01.188017;c7199ed8-0c50-4152-a418-0a5cf96cd735;464.92;0.01;BUY
2016-04-25T00:16:01.144050;2016-04-25T00:16:01.219268;41e52355-0ea3-4287-8126-2ed901d98201;464.93;0.20693;BUY
2016-04-25T00:16:11.893146;2016-04-25T00:16:11.922401;b7d5a96e-0616-461c-b9c1-a747a4deb66e;464.86;0.04;BUY
2016-04-25T00:16:24.630695;2016-04-25T00:16:24.656783;5fff259c-a4ff-4e5e-8d01-c1cfb567abc0;464.86;0.04;BUY
2016-04-25T00:16:32.032952;2016-04-25T00:16:32.063035;ae59d1a1-70eb-4338-846b-1b0066e65319;464.85;1.06367;SELL
2016-04-25T00:17:01.111488;2016-04-25T00:17:01.156800;016e6575-f219-4c3a-87f0-ef0ed1eb9f5b;464.86;0.04;BUY
2016-04-25T00:17:01.111717;2016-04-25T00:17:01.172422;8d1e788a-cf6f-40df-bf61-c014591ee15d;464.86;0.071;BUY
2016-04-25T00:17:01.111913;2016-04-25T00:17:01.172422;570ce73b-ca91-4294-a0a9-c09716fb9262;464.89;0.2;BUY
2016-04-25T00:17:01.112096;2016-04-25T00:17:01.172422;a454a7f2-c4b1-4588-ba86-b330fd2392de;464.91;0.076;BUY
2016-04-25T00:17:01.112267;2016-04-25T00:17:01.188048;53117353-cffc-41bf-ad68-966036bc0a74;464.93;5.18332526;BUY
2016-04-25T00:17:01.112418;2016-04-25T00:17:01.234921;fdcdfe77-366c-43b8-9dff-108f57652be6;464.94;0.025;BUY
2016-04-25T00:17:01.112566;2016-04-25T00:17:01.234921;9be42c0f-9303-4056-a9f9-5ef6657be51c;464.94;0.025;BUY
2016-04-25T00:17:01.112719;2016-04-25T00:17:01.234921;dcbe4bd8-8e24-46e9-b869-353f4b964562;464.94;0.025;BUY
2016-04-25T00:17:01.112873;2016-04-25T00:17:01.234921;cfc37f5f-c87e-4381-a185-9e56e0ab7e87;464.95;0.025;BUY
2016-04-25T00:17:01.113039;2016-04-25T00:17:01.234921;494a8d69-58c3-4724-a5b1-0c8252987441;464.95;0.01;BUY
2016-04-25T00:17:01.113182;2016-04-25T00:17:01.250547;35b616fa-abdf-46cd-83e0-acb296e4ef9b;464.96;0.025;BUY
2016-04-25T00:17:01.113331;2016-04-25T00:17:01.250547;3dccd3aa-c47d-479d-9b10-10e074a682d8;464.96;0.025;BUY
2016-04-25T00:17:01.113475;2016-04-25T00:17:01.250547;703c4bcc-9eb8-4964-82df-d4239f3b50f7;464.96;0.025;BUY
2016-04-25T00:17:01.113621;2016-04-25T00:17:01.250547;ebc4a44f-56d0-41f0-b320-92baba474cd6;464.96;0.01;BUY
2016-04-25T00:17:01.113778;2016-04-25T00:17:01.250547;f79beab4-6589-4c3e-b314-928d190897c8;464.96;0.025;BUY
2016-04-25T00:17:01.113923;2016-04-25T00:17:01.250547;f54b686b-0565-4af0-848e-5d95fedae268;464.97;0.025;BUY
2016-04-25T00:17:01.114091;2016-04-25T00:17:01.250547;c3643a01-1cd4-4e32-b67f-165bc26c0ccd;464.97;0.025;BUY
2016-04-25T00:17:01.114231;2016-04-25T00:17:01.250547;dfe32144-1b44-4f1f-a861-bacb43f9bdd3;464.99;0.8;BUY
2016-04-25T00:17:01.114387;2016-04-25T00:17:01.250547;96a3b124-65ae-4b9e-9c07-2051e07ef267;464.99;0.21;BUY
2016-04-25T00:17:01.114531;2016-04-25T00:17:01.250547;ad084933-c882-4941-a3b5-7ade47aca2cc;465.0;11.62420273;BUY
2016-04-25T00:17:01.114680;2016-04-25T00:17:01.250547;2806c92e-9cfe-4cb3-92d4-efa9412f4657;465.0;0.01;BUY
2016-04-25T00:17:01.114820;2016-04-25T00:17:01.250547;a64e092b-e1e3-4f0b-9dcd-4e43c3a65a11;465.0;0.1;BUY
2016-04-25T00:17:01.114985;2016-04-25T00:17:01.250547;35fadc79-26b2-42d7-ae41-f68058a6d393;465.0;1.0;BUY
2016-04-25T00:17:01.115126;2016-04-25T00:17:01.250547;dd171a40-8489-44e4-be8b-426f9606708c;465.0;1.0;BUY
2016-04-25T00:17:01.115259;2016-04-25T00:17:01.250547;029a501d-4eba-4641-a3b3-47e923fbcdf7;465.0;0.01;BUY
2016-04-25T00:17:01.115401;2016-04-25T00:17:01.281797;08b318df-2be6-4921-9085-a408944f6fa3;465.0;0.84333201;BUY
2016-04-25T00:17:19.913442;2016-04-25T00:17:19.938061;d914b960-0b23-46c2-988a-1251084372f7;464.86;0.04;BUY
2016-04-25T00:17:22.559255;2016-04-25T00:17:22.594307;8f992546-b700-4949-ba82-d2f8c6febd87;464.86;0.04;BUY
2016-04-25T00:17:24.785397;2016-04-25T00:17:24.813068;ee6ccb34-9525-44fa-8dd2-9f8083a3399e;464.86;0.04;BUY
2016-04-25T00:17:31.663684;2016-04-25T00:17:31.688068;9dc72973-62ef-4d0b-bddf-d675a968488d;464.86;0.04;BUY
2016-04-25T00:17:31.663923;2016-04-25T00:17:31.719311;0e24e034-b710-4d5d-ac75-79f9e78a5fff;464.88;0.216;BUY
2016-04-25T00:17:31.664179;2016-04-25T00:17:31.719311;2a973ac9-aaf5-4ebe-8192-164570ebba06;464.93;0.214;BUY
2016-04-25T00:17:31.664390;2016-04-25T00:17:31.719311;2fabe894-f821-4c33-8dfc-8a5a762f0a8b;464.96;1.56194;BUY
2016-04-25T00:18:01.226041;2016-04-25T00:18:01.266202;543d2a62-3bee-4b85-abac-7d65d049bff9;464.96;2.36574;BUY
2016-04-25T00:18:32.364610;2016-04-25T00:18:32.391224;5182ed3a-2eb0-4248-b348-075c5cd7c4ee;464.99;0.19;BUY
2016-04-25T00:18:32.364827;2016-04-25T00:18:32.406844;65c1c9a6-86e1-46cd-9601-055c5e3621ef;465.0;0.02293;BUY
2016-04-25T00:19:01.241611;2016-04-25T00:19:01.266242;652aada0-b9b2-4d52-818d-6e0e301f3398;464.99;0.172;BUY
2016-04-25T00:19:01.241822;2016-04-25T00:19:01.281859;c54bd76a-0568-4f1c-a640-19a37de7e313;465.0;1.89265;BUY
2016-04-25T00:19:11.028727;2016-04-25T00:19:11.047487;1f8d0d3f-7824-440f-b9ef-4aab14e3179b;464.99;0.01119999;BUY
2016-04-25T00:19:32.634383;2016-04-25T00:19:32.656879;2080e60a-2558-499e-99ab-f33cbb64dd4b;464.98;0.46823;SELL
2016-04-25T00:20:02.311107;2016-04-25T00:20:02.328769;c4e7140a-8b94-45c4-97be-3551370ce744;464.98;0.02581;SELL
2016-04-25T00:20:04.071114;2016-04-25T00:20:04.094390;0827e623-e372-4568-b0c5-f0fdb766b36d;464.99;0.01;BUY
2016-04-25T00:20:12.754477;2016-04-25T00:20:12.781897;bb2a41fa-99e3-403d-a180-af38f719aac9;465.0;0.01;BUY
2016-04-25T00:20:31.140027;2016-04-25T00:20:31.172534;7dce6df1-b04a-4c0d-b602-b1833ca1e523;465.0;0.88675;BUY
2016-04-25T00:20:31.762492;2016-04-25T00:20:31.781910;4c0113bc-d9cd-4598-bc61-06a0766a20b4;465.0;1.84433799;BUY
2016-04-25T00:20:31.762677;2016-04-25T00:20:31.797536;7ceabca6-ec29-4017-8ae3-bd1417f24220;465.0;0.15566201;BUY
2016-04-25T00:21:01.202640;2016-04-25T00:21:01.219424;3b968884-ba70-4368-ac15-ba82872e5cc0;464.99;0.0333;BUY
2016-04-25T00:21:31.281851;2016-04-25T00:21:31.297559;66f315fe-0784-4316-b1df-21e8d54f0886;464.99;0.267;BUY
2016-04-25T00:21:31.282102;2016-04-25T00:21:31.313190;756affa1-6250-4b82-a0de-04c8b80893a6;465.0;0.65917133;BUY
2016-04-25T00:21:31.282276;2016-04-25T00:21:31.313190;69484a78-06ab-46a6-a5c1-d64d3c3b0a78;465.0;0.4;BUY
2016-04-25T00:21:31.282419;2016-04-25T00:21:31.313190;26228bcc-aa89-4806-9888-8b125c3290f4;465.0;0.05;BUY
2016-04-25T00:21:31.282561;2016-04-25T00:21:31.344433;ef5f693b-3a49-4820-a470-429cc8277ceb;465.0;0.0545;BUY
2016-04-25T00:21:31.282698;2016-04-25T00:21:31.406935;936fbe3c-c92d-4202-b65b-094430cb17a8;465.0;0.1;BUY
2016-04-25T00:21:31.282843;2016-04-25T00:21:31.406935;028a4cd0-df98-4752-b176-dd2aa606112c;465.0;2.1;BUY
2016-04-25T00:21:31.283016;2016-04-25T00:21:31.406935;3f1948f7-ff94-48a4-96f5-8176f2081973;465.0;0.1;BUY
2016-04-25T00:21:31.283156;2016-04-25T00:21:31.406935;041cd596-9b50-41d9-804f-20a486614ffa;465.0;0.08;BUY
2016-04-25T00:21:31.283294;2016-04-25T00:21:31.406935;1959c5ae-5ec2-405f-8d47-713ae27db3ad;465.0;0.15;BUY
2016-04-25T00:21:31.283429;2016-04-25T00:21:31.406935;ac4818be-135e-45ef-a591-ecd5414fa3bb;465.0;0.05;BUY
2016-04-25T00:21:31.283557;2016-04-25T00:21:31.406935;1bc421e5-4c44-47ec-bea5-ccdd5a531cd6;465.0;0.67980867;BUY
2016-04-25T00:22:01.260685;2016-04-25T00:22:01.281955;a24d03bc-1615-42a8-a8bf-0b91c004653e;464.99;0.229;BUY
2016-04-25T00:22:01.260941;2016-04-25T00:22:01.297576;4174c4ab-6bc9-40b3-91f1-53661d24857a;465.0;0.98752;BUY
2016-04-25T00:22:31.414595;2016-04-25T00:22:31.438220;dfe3418d-33cf-4fa5-ae89-5197478d4183;464.99;0.242;BUY
2016-04-25T00:22:31.414943;2016-04-25T00:22:31.453842;04ea4f2b-dd02-4175-9b86-401df165f195;465.0;0.04942;BUY
2016-04-25T00:23:34.116767;2016-04-25T00:23:34.125752;b1a1c016-9d0a-40f2-9daf-42e21b5f3ecc;464.98;0.0116;SELL
2016-04-25T00:23:34.117084;2016-04-25T00:23:34.141372;e6e5360a-40ed-46a7-b08d-54295ae99cbe;464.98;0.01421;SELL
2016-04-25T00:24:01.511033;2016-04-25T00:24:01.551139;684084fc-b6d0-4211-ad09-9395430ac714;464.99;0.262;BUY
2016-04-25T00:24:01.511266;2016-04-25T00:24:01.582421;485520c3-ac4b-4caf-ba0a-525582b9f174;465.0;0.28325133;BUY
2016-04-25T00:24:01.511448;2016-04-25T00:24:01.582421;693328a8-cc56-4540-bfdb-1367fb000b45;465.0;0.5;BUY
2016-04-25T00:24:01.511605;2016-04-25T00:24:01.582421;02bf064f-091b-4d1d-9654-74207dc232d2;465.0;0.04967184;BUY
2016-04-25T00:24:01.511763;2016-04-25T00:24:01.598046;04642fea-e780-4370-8226-aed05fd1d332;465.0;0.11;BUY
2016-04-25T00:24:01.511908;2016-04-25T00:24:01.660551;94c175b0-769c-47fe-a132-2b4b17d66df5;465.0;0.01;BUY
2016-04-25T00:24:01.512058;2016-04-25T00:24:01.660551;ccd896a5-ed9c-4a11-917a-583bcf92a799;465.0;0.75;BUY
2016-04-25T00:24:01.512206;2016-04-25T00:24:01.660551;9e7d8291-18fa-48db-a438-db6b93aca31b;465.0;0.45;BUY
2016-04-25T00:24:01.512341;2016-04-25T00:24:01.660551;7398c15a-27e9-4936-acc5-d0f0039377e3;465.0;1.20480683;BUY
2016-04-25T00:24:31.406115;2016-04-25T00:24:31.457421;159f3d11-6868-48de-9bcd-158d608bc9d2;465.0;0.07849;BUY
2016-04-25T00:25:01.162324;2016-04-25T00:25:01.207461;55e76900-7723-4444-b238-177eadcb9521;465.0;0.15277;BUY
2016-04-25T00:25:31.286674;2016-04-25T00:25:31.332468;5bbb0b3a-0cf2-400c-83f7-8d88870d79a2;465.0;0.06393317;BUY
2016-04-25T00:25:31.286893;2016-04-25T00:25:31.348092;0b50ecb7-b27a-4c65-a735-ae59257f0bc1;465.01;0.085;BUY
2016-04-25T00:25:31.287092;2016-04-25T00:25:31.363719;15bf10a8-3e0b-4227-af15-56162a748971;465.03;0.0211;BUY
2016-04-25T00:25:31.287259;2016-04-25T00:25:31.363719;0a7ae167-7fba-43b8-9a9d-354503c81796;465.05;0.0115;BUY
2016-04-25T00:25:31.287421;2016-04-25T00:25:31.363719;6a62c790-e136-4148-840f-20e31b8ffc1e;465.06;0.01;BUY
2016-04-25T00:25:31.287592;2016-04-25T00:25:31.363719;c54a3c0e-6689-48dc-88a7-08ab52f92a7d;465.06;0.098;BUY
2016-04-25T00:25:31.287744;2016-04-25T00:25:31.363719;712d121c-770b-483c-8c2a-ccc5fc3232de;465.11;0.03966683;BUY
2016-04-25T00:25:31.288464;2016-04-25T00:25:31.363719;e08ac33a-595e-4216-a7b0-f4a21c5397a6;465.11;0.05133317;BUY
2016-04-25T00:25:31.288638;2016-04-25T00:25:31.363719;86f8b453-1420-4ce9-8dc8-8f875252a906;465.11;0.21;BUY
2016-04-25T00:25:31.288804;2016-04-25T00:25:31.363719;9fd99daa-1041-4aaf-a6a4-d9c2a1aa20df;465.14;5.10000626;BUY
2016-04-25T00:26:01.370712;2016-04-25T00:26:01.410608;3ad3edda-c52b-41ec-9aae-46b58d07cb5e;465.12;0.01;BUY
2016-04-25T00:26:01.370880;2016-04-25T00:26:01.441854;632d9386-a1aa-49dc-89c4-679115bc9fd2;465.12;0.14954;BUY
2016-04-25T00:26:31.174150;2016-04-25T00:26:31.223127;70dcaf28-bf09-4090-97ab-7744345de04f;465.13;0.197;BUY
2016-04-25T00:26:31.174383;2016-04-25T00:26:31.238748;d0650e93-269e-4a41-81da-a7584368b9ce;465.14;0.26755;BUY
2016-04-25T00:27:04.844471;2016-04-25T00:27:04.879394;79bd7c0d-0625-4d21-9c97-0c7e2cc5061b;465.13;0.173;BUY
2016-04-25T00:27:04.844688;2016-04-25T00:27:04.910645;a42160cc-adf2-4ed7-ae4b-34c9810860b5;465.14;0.81737;BUY
2016-04-25T00:27:31.328772;2016-04-25T00:27:31.363782;3a4545a1-2ebd-4665-bb1f-76f80b05ed10;465.14;0.20507374;BUY
2016-04-25T00:27:31.329019;2016-04-25T00:27:31.395031;5ce7af5d-ad7d-4203-8299-b1a300900dd8;465.15;0.01;BUY
2016-04-25T00:27:31.329200;2016-04-25T00:27:31.395031;75b23b3b-fb40-4876-923a-eb5562dd0350;465.19;0.02;BUY
2016-04-25T00:27:31.329354;2016-04-25T00:27:31.410653;585885aa-2c27-4804-9643-9cf116fda03e;465.2;0.25;BUY
2016-04-25T00:27:31.329509;2016-04-25T00:27:31.410653;307e720c-72da-4265-9cd1-d88be2376798;465.24;0.01;BUY
2016-04-25T00:27:31.329671;2016-04-25T00:27:31.410653;d68e4fee-91e0-4712-b7ca-95affee4ef24;465.25;0.01110353;BUY
2016-04-25T00:27:31.329823;2016-04-25T00:27:31.457538;0802857b-c97a-468e-814a-7fb9fbc19fa8;465.3;0.097;BUY
2016-04-25T00:27:31.329967;2016-04-25T00:27:31.473158;b56bc208-5d1c-48f4-93f3-4b93f0828a83;465.33;3.23641273;BUY
2016-04-25T00:28:01.158688;2016-04-25T00:28:01.191923;611b6bdb-c263-4d18-bf74-870cdb699596;465.15;6.117;BUY
2016-04-25T00:28:01.158924;2016-04-25T00:28:01.223171;6792ec95-7170-4c75-b7a0-b7fa24c56495;465.33;1.97;BUY
2016-04-25T00:28:01.159110;2016-04-25T00:28:01.223171;54d9c5fe-2b80-4407-a49e-5d2fa3a8f45f;465.34;2.30466;BUY
2016-04-25T00:28:33.639080;2016-04-25T00:28:33.676310;9a90281b-a02e-402a-bf22-fa008f6a8a51;465.34;2.97421;BUY
2016-04-25T00:29:01.108697;2016-04-25T00:29:01.145083;ef9731a8-f30c-4f06-81d2-8d0eb60c7a7c;465.3;0.01;BUY
2016-04-25T00:29:01.108933;2016-04-25T00:29:01.160700;9e49c1ad-4729-496b-8ad0-905697bdfbf7;465.34;0.55213;BUY
2016-04-25T00:29:01.109130;2016-04-25T00:29:01.160700;652f21c9-b105-486a-a36a-d359d9b34147;465.35;0.123;BUY
2016-04-25T00:29:01.109292;2016-04-25T00:29:01.176326;02473f04-4afe-458d-a237-c5856f3c21d0;465.36;0.01;BUY
2016-04-25T00:29:01.109443;2016-04-25T00:29:01.176326;d06e3e51-85ee-415d-b15c-d6fdd12da9aa;465.37;0.5;BUY
2016-04-25T00:29:01.109584;2016-04-25T00:29:01.176326;db459318-2405-4d0d-9ddb-d1c3831a17e8;465.39;5.16403;BUY
2016-04-25T00:29:08.247092;2016-04-25T00:29:08.285703;5e86e092-35f7-4d8b-bb90-f051712fae20;465.35;0.01;BUY
2016-04-25T00:30:01.694954;2016-04-25T00:30:01.738855;1570584d-0d97-4fe8-95ae-95e5c76b019d;465.43;0.02;BUY
2016-04-25T00:30:01.695195;2016-04-25T00:30:01.770105;aecb6655-bc90-4eba-bea9-499346d7e1bb;465.44;0.01;BUY
2016-04-25T00:30:01.695383;2016-04-25T00:30:01.770105;526a2cf6-ae79-49dc-8574-1cefc0460a6a;465.48;0.0176;BUY
2016-04-25T00:30:01.695530;2016-04-25T00:30:01.770105;4a2f36e1-e300-4245-90b2-beffb0e0e5e3;465.48;4.84751;BUY
2016-04-25T00:30:33.507875;2016-04-25T00:30:33.535751;954889bb-92cb-4629-b24a-729820817b31;465.44;0.01;BUY
2016-04-25T00:30:33.508084;2016-04-25T00:30:33.566946;5b638c02-c61c-40bd-8995-a8572811c217;465.44;0.0057;BUY
2016-04-25T00:31:04.479618;2016-04-25T00:31:04.504508;3c071b37-e9ad-4ab9-a8c2-0d9c2b6ac210;465.52;0.01;BUY
2016-04-25T00:31:35.082192;2016-04-25T00:31:35.113902;d4328f80-5f58-408a-892c-b6b34edc4c7d;465.53;0.073;BUY
2016-04-25T00:31:55.663582;2016-04-25T00:31:55.692044;0b401b72-c9e7-41a3-a6a5-eb597d6706e7;465.53;2.0;BUY
2016-04-25T00:31:58.774351;2016-04-25T00:31:58.801392;7d5341d1-f98a-4e9d-b9bb-f5e0979be396;465.53;2.0;BUY
2016-04-25T00:32:05.092262;2016-04-25T00:32:05.129547;49fcb2df-e90f-40af-a00a-015b77e97128;465.53;0.55733;BUY
2016-04-25T00:32:05.773838;2016-04-25T00:32:05.801423;a32235b5-3090-4efd-ad4a-144793a94679;465.53;1.06367;BUY
2016-04-25T00:32:10.546699;2016-04-25T00:32:10.567051;a74e706d-3a6b-4bef-9298-adb9978461be;465.54;0.4626;BUY
2016-04-25T00:32:10.546890;2016-04-25T00:32:10.582672;92ea3ef3-853f-4e08-b320-4ca2af6862bd;465.54;1.5374;BUY
2016-04-25T00:32:15.011741;2016-04-25T00:32:15.051424;d55ceae9-6e5c-45ba-83c3-9a18eb8e76f0;465.54;0.03;BUY
2016-04-25T00:32:31.817314;2016-04-25T00:32:31.848312;8836c605-97d5-4beb-91bf-37861bff4f5c;465.54;0.19142;BUY
2016-04-25T00:33:02.039949;2016-04-25T00:33:02.067085;2a9a83f7-ce38-40a5-88c3-eb93ca9bc981;465.54;4.57524;BUY
2016-04-25T00:33:25.501434;2016-04-25T00:33:25.520212;301f68a5-b5f5-40f2-9e18-ecc4a163729f;465.54;0.01;BUY
2016-04-25T00:33:31.209684;2016-04-25T00:33:31.238961;b2e212c4-4f25-4d46-a8ac-b85993c5ff36;465.54;0.78034;BUY
2016-04-25T00:33:31.209884;2016-04-25T00:33:31.254593;37ce206b-3ea3-484d-ade4-78b6007c7cb6;465.54;0.01377;BUY
2016-04-25T00:33:39.792547;2016-04-25T00:33:39.817100;85f5e6fa-7750-4612-bb74-6de4bf62d679;465.54;0.01;BUY
2016-04-25T00:34:01.257769;2016-04-25T00:34:01.285852;b2c938c7-ca6f-4fff-9a3d-f4d6ac23c20b;465.54;7.05803;BUY
2016-04-25T00:34:01.258000;2016-04-25T00:34:01.285852;38d4c60e-40e1-4354-8f10-15a75d7408b9;465.55;0.1;BUY
2016-04-25T00:34:01.258189;2016-04-25T00:34:01.285852;51579222-a765-4e92-9e35-d3c7883ba1ed;465.55;0.0176;BUY
2016-04-25T00:34:01.258352;2016-04-25T00:34:01.317104;0f0dc5d5-fc80-43b5-928b-ff82dabb38e7;465.55;4.777;BUY
2016-04-25T00:34:01.258510;2016-04-25T00:34:01.317104;bfd134ce-ba19-405d-966f-adb037cbd215;465.56;0.01;BUY
2016-04-25T00:34:01.258652;2016-04-25T00:34:01.317104;9a6d0774-9d10-46d0-a028-4f65dc2ca005;465.56;8.56927;BUY
2016-04-25T00:34:13.963371;2016-04-25T00:34:13.988996;e86e0c07-d9a7-4722-8e9b-0784fbf69c2b;465.55;0.19821411;BUY
2016-04-25T00:34:14.248186;2016-04-25T00:34:14.270238;580ebc96-abcf-4e43-a120-0aeb346012bf;465.55;0.19821411;BUY
2016-04-25T00:34:14.522868;2016-04-25T00:34:14.551491;85f7ff7c-0c69-4e58-bc28-d73cf4eb8d02;465.55;0.10657178;BUY
2016-04-25T00:34:14.523064;2016-04-25T00:34:14.551491;7b3464ed-6905-46ba-90af-aec704e45511;465.55;0.09164233;BUY
2016-04-25T00:34:15.484767;2016-04-25T00:34:15.504622;4857627d-d5c2-4ed6-8ec0-4c570cea2b8f;465.55;0.19821411;BUY
2016-04-25T00:34:17.744255;2016-04-25T00:34:17.770242;b6f46706-0126-4f6a-af43-bf543e4c351a;465.55;0.19821411;BUY
2016-04-25T00:34:31.228837;2016-04-25T00:34:31.254624;33cc376a-e4c4-41a5-a8b0-67c1b0b753be;465.55;0.41684;BUY
2016-04-25T00:34:55.455035;2016-04-25T00:34:55.473380;4d410270-a270-446e-8d26-57c21a19d0aa;465.54;2.30545173;SELL
2016-04-25T00:34:55.455255;2016-04-25T00:34:55.504630;00fd1423-60d6-4823-94b5-17cd47ed0b4c;465.54;0.21;SELL
2016-04-25T00:34:55.455455;2016-04-25T00:34:55.504630;8e6d4350-6b24-4a01-93a9-831e56c70d46;465.54;0.02;SELL
2016-04-25T00:34:55.455621;2016-04-25T00:34:55.504630;7e2a7019-1666-4091-bffb-007f52c218c7;465.53;0.5;SELL
2016-04-25T00:34:55.455778;2016-04-25T00:34:55.504630;ba3fdb83-fd9a-4cae-a46c-6df709acdea9;465.53;0.011;SELL
2016-04-25T00:34:55.455942;2016-04-25T00:34:55.504630;79353e0c-dd5c-4803-8a62-7e33d5879992;465.53;0.49000031;SELL
2016-04-25T00:34:55.456104;2016-04-25T00:34:55.520257;e6cd9a1b-1a82-4a11-b606-043e6e3da571;465.52;0.015;SELL
2016-04-25T00:34:55.456260;2016-04-25T00:34:55.520257;a45d6f97-a904-4fbd-b01f-40dffd9c6910;465.52;0.49000063;SELL
2016-04-25T00:34:55.456411;2016-04-25T00:34:55.520257;742f8c4e-1282-4499-a462-c844086ec2ee;465.51;0.015;SELL
2016-04-25T00:34:55.456583;2016-04-25T00:34:55.535882;035c4bb0-82d0-48c4-8687-663234ddae0f;465.51;0.49000129;SELL
2016-04-25T00:34:55.456738;2016-04-25T00:34:55.535882;ec78f653-2e0b-478d-9e92-709bf0fb8b4d;465.5;0.015;SELL
2016-04-25T00:34:55.456887;2016-04-25T00:34:55.535882;a1f49adb-d6cf-4460-92e0-a668d87c6af5;465.5;0.0116;SELL
2016-04-25T00:34:55.457048;2016-04-25T00:34:55.535882;53f34893-287f-4bdd-b5ec-d24a5e601489;465.5;0.013;SELL
2016-04-25T00:34:55.457195;2016-04-25T00:34:55.535882;0a42fd9f-37d7-4288-9576-b36b9d140a9e;465.5;0.19821411;SELL
2016-04-25T00:34:55.457342;2016-04-25T00:34:55.551505;c9edf768-a1d1-45e2-bb26-7b0aceceee09;465.5;0.49000265;SELL
2016-04-25T00:34:55.457513;2016-04-25T00:34:55.551505;e6fd5dd4-dd7c-423e-a7b4-511544b5ba7b;465.5;2.3;SELL
2016-04-25T00:34:57.817574;2016-04-25T00:34:57.848382;691c81fe-041e-417f-9ab4-0ddd11b7792a;465.53;0.04;SELL
2016-04-25T00:34:57.817811;2016-04-25T00:34:57.848382;bed2c04b-f2a4-414c-80ec-c742a91dde00;465.51;0.21;SELL
2016-04-25T00:34:57.818045;2016-04-25T00:34:57.848382;0170113d-751f-4bfd-a67a-25516e0395c9;465.49;0.015;SELL
2016-04-25T00:34:57.818266;2016-04-25T00:34:57.864005;ec31dbe7-a7e4-4dc4-81b1-ffc624bcf8da;465.49;0.013;SELL
2016-04-25T00:34:57.818481;2016-04-25T00:34:57.864005;7521b6a0-7f7f-4e5c-bc42-18adab66c6bc;465.49;0.49000541;SELL
2016-04-25T00:34:57.818677;2016-04-25T00:34:57.864005;98040717-74fc-4fe8-aea6-7d9e143064b6;465.48;0.015;SELL
2016-04-25T00:34:57.818892;2016-04-25T00:34:57.879631;5237ceb1-f144-47da-825d-113e7353f16a;465.48;0.49001104;SELL
2016-04-25T00:34:57.819143;2016-04-25T00:34:57.879631;f1e59aa0-8417-40fd-bed4-947ea1d73e63;465.47;0.015;SELL
2016-04-25T00:34:57.819390;2016-04-25T00:34:57.879631;82b25846-5c5f-4ac1-b24b-9d3ebca7f33b;465.47;0.49002253;SELL
2016-04-25T00:34:57.819591;2016-04-25T00:34:57.879631;090e2f4b-455e-4cf7-95b6-f8a6d6360804;465.46;0.015;SELL
2016-04-25T00:34:57.819811;2016-04-25T00:34:57.879631;cfdce4bd-e36f-4bdb-a1de-c0a6ce0a4aec;465.46;0.014;SELL
2016-04-25T00:34:57.820105;2016-04-25T00:34:57.879631;00195659-db78-457f-97d1-3389a6d86e06;465.46;0.49004599;SELL
2016-04-25T00:34:57.820390;2016-04-25T00:34:57.910882;4303002f-33fa-4a0f-b6b7-188e4efaf6ed;465.46;0.49091503;SELL
2016-04-25T00:35:01.461509;2016-04-25T00:35:01.489015;d75419b9-dda4-411b-93d2-c061316ea261;465.52;0.06831;SELL
2016-04-25T00:35:31.289715;2016-04-25T00:35:31.301529;5d0827fd-326d-4d92-b2e7-500711f0ec23;465.52;0.01;SELL
2016-04-25T00:35:31.289899;2016-04-25T00:35:31.317150;28cb4a3d-cb8e-47fb-bfc0-8bc202cfa947;465.52;0.21;SELL
2016-04-25T00:35:31.290084;2016-04-25T00:35:31.317150;a2e6d2bb-ccd0-42c0-aa55-0653743b54b2;465.51;0.01;SELL
2016-04-25T00:35:31.290250;2016-04-25T00:35:31.317150;a8c58377-5f7c-4d4e-8df3-c4f35814669e;465.5;0.01;SELL
2016-04-25T00:35:31.290417;2016-04-25T00:35:31.348400;afe60aaa-d2b1-4233-b7a7-f1dd09b81d4c;465.49;0.01;SELL
2016-04-25T00:35:31.290603;2016-04-25T00:35:31.426523;4062bf12-5976-40e9-a067-5bd29f534b1a;465.48;0.01;SELL
2016-04-25T00:35:31.290748;2016-04-25T00:35:31.426523;b293e001-cf20-4312-8aaf-eaf604b8cf17;465.45;0.00349;SELL
2016-04-25T00:36:01.237207;2016-04-25T00:36:01.254669;522ae3de-15e7-4345-b9bb-b75d16374ed7;465.53;0.21;BUY
2016-04-25T00:36:01.237460;2016-04-25T00:36:01.270290;6e201799-c4d6-4487-af1b-8d3e49b2b592;465.53;0.49091503;BUY
2016-04-25T00:36:01.237649;2016-04-25T00:36:01.270290;89e3e943-ec3d-4dd8-a38c-fc8b5be68d1f;465.53;0.025;BUY
2016-04-25T00:36:01.237796;2016-04-25T00:36:01.270290;e45e303c-be78-42bd-b021-39303f0566b9;465.54;0.09904497;BUY
2016-04-25T00:36:31.281621;2016-04-25T00:36:31.301555;787e4667-b935-431d-972f-0c01fdf26dee;465.54;0.011;BUY
2016-04-25T00:36:31.281783;2016-04-25T00:36:31.301555;3f8129db-ae6b-4e1c-b1e0-875227fa5ecb;465.54;0.15299;BUY
2016-04-25T00:36:56.572190;2016-04-25T00:36:56.598447;df501719-4744-4069-9765-668299a640da;465.51;0.21;SELL
2016-04-25T00:36:56.572419;2016-04-25T00:36:56.614067;d8f38a99-f6e7-4243-af2e-b18340d1b51c;465.51;0.01;SELL
2016-04-25T00:36:56.572621;2016-04-25T00:36:56.614067;c607a04f-6afd-42dd-8ca7-92c5c9cd6da3;465.5;0.01;SELL
2016-04-25T00:36:56.573101;2016-04-25T00:36:56.614067;5c424776-29a0-422f-9bf7-3a0dbdadd5d9;465.49;0.01;SELL
2016-04-25T00:36:56.573315;2016-04-25T00:36:56.629692;67bf1cfe-28b7-4a88-a85c-a1992db1f54d;465.49;0.01;SELL
2016-04-25T00:36:56.573528;2016-04-25T00:36:56.707819;6a61c2dd-07c3-4613-ad2a-2813837b06f4;465.48;0.01;SELL
2016-04-25T00:36:56.573725;2016-04-25T00:36:56.707819;48c91ac9-cd17-475b-a16e-d8504379b0d7;465.47;0.01;SELL
2016-04-25T00:36:56.573946;2016-04-25T00:36:56.707819;5f37c16d-606e-40c7-965b-928aad2bac5c;465.46;0.01;SELL
2016-04-25T00:36:56.574462;2016-04-25T00:36:56.707819;406c2892-d047-4718-978f-d6d49dbc2c4a;465.45;0.01151;SELL
2016-04-25T00:36:56.574658;2016-04-25T00:36:56.707819;8806f663-3657-43d5-a647-67b1f8e00046;465.44;0.015;SELL
2016-04-25T00:36:56.574857;2016-04-25T00:36:56.707819;d198cf70-4e29-41fe-bf94-5e0f6f1fecd4;465.43;0.015;SELL
2016-04-25T00:36:56.575096;2016-04-25T00:36:56.707819;c1a8e5f8-4d03-4af9-9c44-bb60897d86b3;465.42;0.015;SELL
2016-04-25T00:36:56.575291;2016-04-25T00:36:56.707819;14fa21a0-39f3-4b6f-989b-44d071557ed9;465.42;0.013;SELL
2016-04-25T00:36:56.575789;2016-04-25T00:36:56.707819;6db33e2b-c4a5-4fcd-ae47-d391072ff175;465.41;0.015;SELL
2016-04-25T00:36:56.576025;2016-04-25T00:36:56.707819;505b755e-174a-4207-b1c8-afabc606a142;465.41;0.19821411;SELL
2016-04-25T00:36:56.576382;2016-04-25T00:36:56.707819;fd394b09-9e43-4985-b586-835f277b1cf3;465.4;0.01;SELL
2016-04-25T00:36:56.576592;2016-04-25T00:36:56.707819;e2ac5756-7175-4570-90f6-e68b5f02b903;465.4;0.013;SELL
2016-04-25T00:36:56.576943;2016-04-25T00:36:56.707819;8fb72bd6-9eec-41f5-9dcf-200f4a964fce;465.39;0.01;SELL
2016-04-25T00:36:56.577157;2016-04-25T00:36:56.707819;4bc929a4-7319-4f9b-a6b3-f150430bf17e;465.38;0.015;SELL
2016-04-25T00:36:56.577359;2016-04-25T00:36:56.723444;7446f1f8-b118-447e-998b-54341023b4fd;465.38;0.011;SELL
2016-04-25T00:36:56.577698;2016-04-25T00:36:56.723444;a4cc9816-6ebf-4f1d-a9e2-b7f1f4448af0;465.37;0.01;SELL
2016-04-25T00:36:56.577888;2016-04-25T00:36:56.723444;749170bc-446d-4ac0-b273-58f513a59b6d;465.37;0.013;SELL
2016-04-25T00:36:56.578279;2016-04-25T00:36:56.723444;43fdd8cc-02e6-4bdb-8656-2af3f1e236b8;465.37;0.012;SELL
2016-04-25T00:36:56.578478;2016-04-25T00:36:56.723444;43f0425c-9365-4237-af04-8dd7b7182765;465.36;0.01;SELL
2016-04-25T00:36:56.578681;2016-04-25T00:36:56.723444;cdad879a-1262-4c02-b835-55b8e3b038e2;465.36;0.014;SELL
2016-04-25T00:36:56.578880;2016-04-25T00:36:56.723444;b2758a37-9a29-4303-b273-db5693e1467d;465.35;0.015;SELL
2016-04-25T00:36:56.579084;2016-04-25T00:36:56.723444;7a7d5bfb-9709-48e2-b3d4-4b5f962595ee;465.35;0.05582849;SELL
2016-04-25T00:36:56.579600;2016-04-25T00:36:56.723444;7258386e-6e10-4665-81fd-e0733e7d2435;465.35;0.05569956;SELL
2016-04-25T00:36:56.579804;2016-04-25T00:36:56.723444;1cf4c155-346f-4c81-8473-6c3c48978da3;465.35;0.04;SELL
2016-04-25T00:36:56.580142;2016-04-25T00:36:56.723444;a80e7b61-5c15-40cc-af51-9d017b29de41;465.34;0.015;SELL
2016-04-25T00:36:56.580353;2016-04-25T00:36:56.723444;098358bd-53b1-47e7-8f2c-b4032977a7cc;465.34;0.015;SELL
2016-04-25T00:36:56.580668;2016-04-25T00:36:56.754694;6aef1756-b685-4da3-8d26-0af14eb5a378;465.33;0.01;SELL
2016-04-25T00:36:56.580884;2016-04-25T00:36:56.754694;3a947606-018d-4762-8c22-218381e1819e;465.33;0.01;SELL
2016-04-25T00:36:56.581084;2016-04-25T00:36:56.754694;76841cf3-672e-4adf-8df1-2a74a7c81fd6;465.32;0.01;SELL
2016-04-25T00:36:56.581438;2016-04-25T00:36:56.801578;696e52b0-3c24-4181-8144-e75a7a94e684;465.32;0.014;SELL
2016-04-25T00:36:56.581628;2016-04-25T00:36:56.801578;c3b8ad3e-d704-4e28-9d39-a3cdc1c43469;465.32;0.012;SELL
2016-04-25T00:36:56.581937;2016-04-25T00:36:56.801578;141283a0-e216-4225-9e89-b13c08f6a25c;465.32;0.00174784;SELL
2016-04-25T00:37:01.310685;2016-04-25T00:37:01.317200;c694bba4-7432-4fdd-8594-3dc3a320a1a7;465.32;0.07266;SELL
2016-04-25T00:37:31.446270;2016-04-25T00:37:31.457839;52535d22-4012-498a-9250-2e5e0d319512;465.49;0.025;BUY
2016-04-25T00:37:31.446510;2016-04-25T00:37:31.473461;7731795b-d947-469c-a777-180ad8146225;465.49;0.127;BUY
2016-04-25T00:37:31.446699;2016-04-25T00:37:31.473461;ae03dbba-0b34-4e14-8ba5-819a99773356;465.5;0.0417;BUY
2016-04-25T00:37:31.446862;2016-04-25T00:37:31.473461;8f1b026b-4196-41cf-9f44-945ef30e3410;465.5;0.025;BUY
2016-04-25T00:37:31.447029;2016-04-25T00:37:31.504710;5691feb1-a03c-4423-b8dd-a207e4649e0d;465.51;0.025;BUY
2016-04-25T00:37:31.447167;2016-04-25T00:37:31.504710;1d68c420-758a-4621-b9f6-54ccb132f0e4;465.51;0.15064;BUY
2016-04-25T00:38:01.296283;2016-04-25T00:38:01.317224;6d948560-35fa-4f08-be43-20154836d4b3;465.48;0.025;BUY
2016-04-25T00:38:01.296517;2016-04-25T00:38:01.332852;0a0f83f9-03ce-4758-bde9-4972d175ed40;465.48;0.092;BUY
2016-04-25T00:38:01.296706;2016-04-25T00:38:01.332852;e8800df6-f15f-49a9-83e2-7f5aaa664a02;465.49;0.025;BUY
2016-04-25T00:38:01.296868;2016-04-25T00:38:01.332852;711ebb09-4aaf-42b5-9d70-7126bd78e357;465.5;0.025;BUY
2016-04-25T00:38:01.297042;2016-04-25T00:38:01.348476;876918d2-c43b-4170-bb30-f58ae86a3824;465.51;0.025;BUY
2016-04-25T00:38:01.297187;2016-04-25T00:38:01.348476;955a0a5d-6bf3-4357-aafd-84f0c3338660;465.52;0.025;BUY
2016-04-25T00:38:01.297344;2016-04-25T00:38:01.348476;1b44d3ef-e27a-4341-baa2-88f252d5027e;465.52;0.21;BUY
2016-04-25T00:38:01.297500;2016-04-25T00:38:01.348476;5ebad14d-4609-4c50-8c62-73c84dc383db;465.53;0.025;BUY
2016-04-25T00:38:01.297656;2016-04-25T00:38:01.348476;ac56431e-e667-491d-af6d-cd195945fba7;465.53;0.08;BUY
2016-04-25T00:38:01.297799;2016-04-25T00:38:01.348476;17522d0f-f9d6-474f-aed5-c96285092ef6;465.54;0.01;BUY
2016-04-25T00:38:01.297947;2016-04-25T00:38:01.348476;5336bcc3-408e-4345-8934-5e0c350f207d;465.54;0.05582849;BUY
2016-04-25T00:38:01.298102;2016-04-25T00:38:01.364103;8b798a67-d883-45fb-acc2-2b7e99e27078;465.54;0.05569956;BUY
2016-04-25T00:38:01.298289;2016-04-25T00:38:01.364103;899e9076-31d8-46f7-8997-41c8f9f0cde5;465.54;0.017;BUY
2016-04-25T00:38:01.298439;2016-04-25T00:38:01.364103;a8ed29e4-f463-4347-a763-df684759293a;465.55;0.22275195;BUY
2016-04-25T00:38:31.192351;2016-04-25T00:38:31.223495;ee6f27b8-9074-488f-8283-9a00061122e8;465.5;0.21;SELL
2016-04-25T00:38:31.192589;2016-04-25T00:38:31.239117;bc454ffd-ea22-4200-8899-988ad7f759a6;465.46;0.01;SELL
2016-04-25T00:38:31.192780;2016-04-25T00:38:31.239117;ac88537e-5389-48b9-a2df-f76bc24724c7;465.45;0.0116;SELL
2016-04-25T00:38:31.192957;2016-04-25T00:38:31.239117;51ec4593-95cc-4aa0-8597-b05b2bfaf2f9;465.45;0.01;SELL
2016-04-25T00:38:31.193137;2016-04-25T00:38:31.254741;2ea9f543-23c8-49c2-bea4-8f0b457c9436;465.44;0.01;SELL
2016-04-25T00:38:31.193296;2016-04-25T00:38:31.317216;9b3a22c7-9eb7-4615-ad60-ae55ea1663e1;465.43;0.01;SELL
2016-04-25T00:38:31.193449;2016-04-25T00:38:31.332866;72ab11dd-c6ee-40b3-967f-c33b4d101c1e;465.42;0.01;SELL
2016-04-25T00:38:31.193611;2016-04-25T00:38:31.332866;cdca8832-83cd-4497-b211-c3adae0115c4;465.41;0.01;SELL
2016-04-25T00:38:31.193774;2016-04-25T00:38:31.332866;e97b4696-9bf4-4a19-a764-83f551a793bf;465.4;0.01;SELL
2016-04-25T00:38:31.193945;2016-04-25T00:38:31.332866;22941ff1-da1e-4bb8-88df-6d10eed16638;465.39;0.01;SELL
2016-04-25T00:38:31.194116;2016-04-25T00:38:31.332866;4f04b245-7832-4b2a-a81c-e79ecfb46976;465.38;0.01;SELL
2016-04-25T00:38:31.194270;2016-04-25T00:38:31.332866;6f5f68d3-089b-4698-b77f-4fcf603c8029;465.37;0.01;SELL
2016-04-25T00:38:31.194424;2016-04-25T00:38:31.332866;7264d9a7-ece6-4b40-9b75-ffdec16d91b4;465.36;0.01;SELL
2016-04-25T00:38:31.194585;2016-04-25T00:38:31.332866;9be7d95b-9dfb-48d9-aef7-c045a2581836;465.35;0.01;SELL
2016-04-25T00:38:31.194756;2016-04-25T00:38:31.332866;a882ee0d-bc1d-49c0-a8cf-73a13190b331;465.34;0.01;SELL
2016-04-25T00:38:31.194922;2016-04-25T00:38:31.332866;aed26d46-fb56-4bca-9d7a-227ffe8477d0;465.33;0.01;SELL
2016-04-25T00:38:31.195083;2016-04-25T00:38:31.332866;f9624672-1f7f-4a2f-acf9-801f55f0b331;465.32;0.12380627;SELL
2016-04-25T00:38:31.195234;2016-04-25T00:38:31.332866;01f9250f-c3fc-45fc-a7ae-aafd15a42afc;465.32;0.011;SELL
2016-04-25T00:38:31.195378;2016-04-25T00:38:31.332866;e687cf9a-8df2-4998-9ed5-da18ebef0f1a;465.31;0.015;SELL
2016-04-25T00:38:31.195525;2016-04-25T00:38:31.332866;e227238f-b821-4ba2-b94e-9d031c56421b;465.31;0.015;SELL
2016-04-25T00:38:31.195667;2016-04-25T00:38:31.348492;12fb36bc-8b79-4f87-8f2e-8b7fbe70e496;465.31;0.05585557;SELL
2016-04-25T00:38:31.195834;2016-04-25T00:38:31.348492;74416a88-f250-4729-9c83-1d1f3e1b8180;465.31;0.01;SELL
2016-04-25T00:38:31.196001;2016-04-25T00:38:31.348492;8866f0aa-876c-4512-8138-7db769aeba56;465.3;0.01;SELL
2016-04-25T00:38:31.196168;2016-04-25T00:38:31.348492;1a23f42b-3821-4455-8d56-4dd3e95c50dd;465.3;0.1;SELL
2016-04-25T00:38:31.196317;2016-04-25T00:38:31.348492;f68273e7-59ca-4e20-b1ab-43d7da55468d;465.3;0.012;SELL
2016-04-25T00:38:31.196476;2016-04-25T00:38:31.348492;5433c751-0848-4b45-a076-420e57ddcda3;465.3;0.011;SELL
2016-04-25T00:38:31.196624;2016-04-25T00:38:31.348492;e37a7dbf-6502-4d65-8729-4e1af8a96f0c;465.29;0.01;SELL
2016-04-25T00:38:31.196792;2016-04-25T00:38:31.348492;20b2a076-a180-4296-b634-9871dc3c9724;465.29;0.013;SELL
2016-04-25T00:38:31.196957;2016-04-25T00:38:31.348492;979e86bc-1004-4110-b838-4c8c8453fe63;465.29;0.012;SELL
2016-04-25T00:38:31.197129;2016-04-25T00:38:31.348492;f2cf999d-2dd7-4999-b640-0eacb886e51d;465.28;0.01;SELL
2016-04-25T00:38:31.197283;2016-04-25T00:38:31.348492;cc192fbc-cfa6-4e6c-8860-2d623fd4e259;465.27;0.01;SELL
2016-04-25T00:38:31.197432;2016-04-25T00:38:31.348492;96463dbc-b377-4924-9e5b-8b52c4645663;465.26;0.01;SELL
2016-04-25T00:38:31.197573;2016-04-25T00:38:31.348492;50c5a6e2-8ea4-43fb-a96b-cbb82d432146;465.26;0.015;SELL
2016-04-25T00:38:31.197732;2016-04-25T00:38:31.364115;50769197-0d66-4ee4-bdd6-4d5f83f547b4;465.26;0.05596862;SELL
2016-04-25T00:38:31.197887;2016-04-25T00:38:31.364115;18b81338-9a56-4f60-a0d1-93ea882b6d0a;465.25;0.015;SELL
2016-04-25T00:38:31.198070;2016-04-25T00:38:31.410946;e3bf91c0-4f86-4715-922e-c6efc56756b7;465.25;0.011;SELL
2016-04-25T00:38:31.198227;2016-04-25T00:38:31.426617;6239bc3f-0c08-4ef2-b4a9-581228a35c39;465.24;0.015;SELL
2016-04-25T00:38:31.198374;2016-04-25T00:38:31.426617;5cefde51-52f1-49f3-b27a-068ec6e7b70d;465.23;0.015;SELL
2016-04-25T00:38:31.198517;2016-04-25T00:38:31.426617;98c8f156-593e-481f-8885-968381036c2c;465.23;0.19821411;SELL
2016-04-25T00:38:31.198669;2016-04-25T00:38:31.426617;ae27d5d1-7d51-42f5-9255-6ba8cae228f2;465.23;0.011;SELL
2016-04-25T00:38:31.198830;2016-04-25T00:38:31.426617;bf785943-206e-46ef-8f8b-9277178bf491;465.22;0.015;SELL
2016-04-25T00:38:31.198998;2016-04-25T00:38:31.426617;b546bba9-b087-48f5-81b9-f8fc29001eda;465.21;0.01;SELL
2016-04-25T00:38:31.199139;2016-04-25T00:38:31.426617;74f45e7c-84e9-488e-9069-252f381071cf;465.21;0.01;SELL
2016-04-25T00:38:31.199297;2016-04-25T00:38:31.426617;7c26a450-de8f-4152-963d-2a09820e5329;465.21;0.05593123;SELL
2016-04-25T00:38:31.199454;2016-04-25T00:38:31.426617;8fa4420d-a42c-498f-a1b5-69856d4a64cf;465.2;0.01;SELL
2016-04-25T00:38:31.199606;2016-04-25T00:38:31.426617;b8a93497-be06-4a72-97b1-4be3167e5cfd;465.19;0.015;SELL
2016-04-25T00:38:31.199752;2016-04-25T00:38:31.426617;c1d23735-f541-4b2f-826e-f6a7988349de;465.18;0.015;SELL
2016-04-25T00:38:31.199915;2016-04-25T00:38:31.426617;c0d9024c-130c-4977-ab63-1bd142b3e783;465.18;0.01;SELL
2016-04-25T00:38:31.200082;2016-04-25T00:38:31.426617;8f34ba55-ad41-4b84-b0e4-19d9d497a43a;465.17;0.01;SELL
2016-04-25T00:38:31.200230;2016-04-25T00:38:31.426617;0b56701c-dd9b-421c-a92c-da5aeee29caa;465.17;0.014;SELL
2016-04-25T00:38:31.200376;2016-04-25T00:38:31.442242;050b1707-56c3-4888-ae31-83cfcf7cb45e;465.17;0.05589384;SELL
2016-04-25T00:38:31.200529;2016-04-25T00:38:31.442242;30c1da36-78ff-49ec-8eee-fcad04ac8361;465.17;0.94;SELL
2016-04-25T00:38:31.200676;2016-04-25T00:38:31.442242;d4de2045-ada3-4237-83bf-ad502d4f0ff0;465.16;0.01;SELL
2016-04-25T00:38:31.200853;2016-04-25T00:38:31.442242;e091b426-b264-42a6-a480-bfd7d03ef216;465.16;1.58;SELL
2016-04-25T00:38:31.201025;2016-04-25T00:38:31.442242;6c30c0d3-a1e4-4484-95d8-05a0a5b20f99;465.15;0.015;SELL
2016-04-25T00:38:31.201193;2016-04-25T00:38:31.442242;ee26e154-f3f3-43e2-bd8c-76fcb729142e;465.15;1.48;SELL
2016-04-25T00:38:31.201335;2016-04-25T00:38:31.442242;c5bb0e85-77a6-41ce-acf0-4ad42a682211;465.14;0.01;SELL
2016-04-25T00:38:31.201480;2016-04-25T00:38:31.442242;b2b23d60-5683-4031-bb87-d5292ae690d7;465.14;0.19821411;SELL
2016-04-25T00:38:31.201639;2016-04-25T00:38:31.442242;ecc0ad44-064d-4cf3-81dc-5abe75a209c0;465.14;0.81;SELL
2016-04-25T00:38:31.201781;2016-04-25T00:38:31.442242;2e81d768-cf1d-45f3-a587-954f282e5f90;465.13;0.01;SELL
2016-04-25T00:38:31.201925;2016-04-25T00:38:31.442242;ecb2f992-f4d8-4831-9b56-fbf79856506b;465.13;0.01;SELL
2016-04-25T00:38:31.202109;2016-04-25T00:38:31.442242;b9f287b0-014e-4f90-b5b0-e0d0818c8c93;465.13;1.18;SELL
2016-04-25T00:38:31.202259;2016-04-25T00:38:31.442242;851d3f49-5f52-4a7a-a5a1-fe6a424499f3;465.12;0.01;SELL
2016-04-25T00:38:31.202405;2016-04-25T00:38:31.442242;6d8d571e-db96-49ae-ae4d-6821466609a2;465.12;0.01;SELL
2016-04-25T00:38:31.202559;2016-04-25T00:38:31.457868;ef69e8b2-5aa1-4625-a09c-814f421a4797;465.12;0.01;SELL
2016-04-25T00:38:31.202708;2016-04-25T00:38:31.489121;3861e6d3-29b9-4210-b1e7-c93180d8a20d;465.12;0.05589943;SELL
2016-04-25T00:38:31.202865;2016-04-25T00:38:31.520372;d6a717ad-dc78-47db-a75c-5f4d3133470f;465.12;1.26;SELL
2016-04-25T00:38:31.203029;2016-04-25T00:38:31.520372;cf3ee09c-1c98-4efb-869c-c4788fed9f78;465.11;0.01;SELL
2016-04-25T00:38:31.203183;2016-04-25T00:38:31.520372;609300ec-ad43-4220-a609-510c2b401f05;465.11;0.015;SELL
2016-04-25T00:38:31.203336;2016-04-25T00:38:31.520372;775ca306-d5d7-4206-b4a2-b09f8987be85;465.11;0.087;SELL
2016-04-25T00:38:31.203508;2016-04-25T00:38:31.520372;e9a3e7b6-92fb-4f83-a929-e1d174f213dc;465.11;1.29;SELL
2016-04-25T00:38:31.203656;2016-04-25T00:38:31.520372;e27dd9b3-15ed-41b2-833d-6b7c56d893be;465.1;0.01;SELL
2016-04-25T00:38:31.203815;2016-04-25T00:38:31.520372;cc9c0551-5ccd-4df3-bfdb-15ba52b414a5;465.1;1.19;SELL
2016-04-25T00:38:31.203970;2016-04-25T00:38:31.520372;bdf076a8-de78-4652-b83b-02c0487730b6;465.09;0.01;SELL
2016-04-25T00:38:31.204156;2016-04-25T00:38:31.520372;cbfaaf04-3d0f-4299-b21a-ffba5666b230;465.09;1.32;SELL
2016-04-25T00:38:31.204308;2016-04-25T00:38:31.520372;da95f1b8-ce73-445e-9aac-7ca9f2908fb2;465.08;0.01;SELL
2016-04-25T00:38:31.204456;2016-04-25T00:38:31.520372;3c6f5079-b1f6-4d07-bb3e-5c00c6c46d0e;465.08;0.02;SELL
2016-04-25T00:38:31.204615;2016-04-25T00:38:31.520372;8fa4b65f-f3ce-4efb-abc2-57f0db7f32b6;465.08;1.02;SELL
2016-04-25T00:38:31.204762;2016-04-25T00:38:31.520372;55c19293-8db4-446a-b6da-b70390e3adec;465.07;0.01;SELL
2016-04-25T00:38:31.204915;2016-04-25T00:38:31.520372;09b01d09-80a5-4c1e-8f1a-b7e0fd093851;465.07;0.05590503;SELL
2016-04-25T00:38:31.205083;2016-04-25T00:38:31.520372;61eef24c-77dd-4a4a-b1f6-321a8307229e;465.07;0.8;SELL
2016-04-25T00:38:31.205238;2016-04-25T00:38:31.520372;7d4c7464-85ba-4a6d-8321-96de573100c7;465.06;0.01;SELL
2016-04-25T00:38:31.205401;2016-04-25T00:38:31.520372;9f27daed-8d54-4321-b3b1-7fb972c41434;465.06;0.013;SELL
2016-04-25T00:38:31.205558;2016-04-25T00:38:31.535995;306b8e31-6e2e-4d84-ac2b-cdc35afeed31;465.06;0.012;SELL
2016-04-25T00:38:31.205725;2016-04-25T00:38:31.535995;21f03840-0202-4319-a205-d93388ba3fc7;465.06;1.06;SELL
2016-04-25T00:38:31.205875;2016-04-25T00:38:31.535995;a9da3d7e-6927-4e4f-88bd-bf8ea9a2b3c3;465.05;0.01;SELL
2016-04-25T00:38:31.206035;2016-04-25T00:38:31.535995;1b18d8c3-0ecd-4772-800c-7f12227e1bcb;465.05;0.1;SELL
2016-04-25T00:38:31.206210;2016-04-25T00:38:31.535995;88684bc4-3d98-4ec1-9af9-e8a03818380b;465.05;1.03;SELL
2016-04-25T00:38:31.206360;2016-04-25T00:38:31.535995;6faf075c-5ed3-428b-be31-4b56bcd7b9c2;465.04;0.01;SELL
2016-04-25T00:38:31.207099;2016-04-25T00:38:31.535995;32517641-62f6-4729-ab8b-9cf02021c4a1;465.04;0.015;SELL
2016-04-25T00:38:31.207261;2016-04-25T00:38:31.551617;92dac3df-4a39-48ac-8a2b-8fd41d7accc7;465.04;0.62211179;SELL
2016-04-25T00:39:01.252519;2016-04-25T00:39:01.302864;f2ffc161-0991-4872-bb7b-7175950ac23d;465.34;0.73383;BUY
2016-04-25T00:39:08.490460;2016-04-25T00:39:08.537238;1472c2db-574b-4aff-ba7c-85d26ed763b6;465.27;0.01;BUY
2016-04-25T00:39:16.745080;2016-04-25T00:39:16.787247;55574b19-a168-4cbf-bcc8-e5849455c0c4;465.31;0.01;BUY
2016-04-25T00:39:31.300628;2016-04-25T00:39:31.365376;7a940bca-0990-4635-b5e7-5837529488ff;465.24;0.02149;BUY
2016-04-25T00:39:52.166445;2016-04-25T00:39:52.209146;4454b2f5-483f-401d-b7b8-4e6ef6295a72;465.24;0.00351;BUY
2016-04-25T00:39:52.166715;2016-04-25T00:39:52.224766;352c12d1-16ec-4987-a42a-79ac0f41d773;465.24;0.073;BUY
2016-04-25T00:39:52.166942;2016-04-25T00:39:52.224766;6904eabe-5363-4f23-967b-9feb906f0d45;465.25;0.025;BUY
2016-04-25T00:39:52.167164;2016-04-25T00:39:52.224766;3c4ff90d-4e6d-4ee8-993b-e133ddd654eb;465.26;0.025;BUY
2016-04-25T00:39:52.167376;2016-04-25T00:39:52.240385;5b3577fb-08ec-4c01-b433-432f6bada1f9;465.27;0.025;BUY
2016-04-25T00:39:52.167571;2016-04-25T00:39:52.318512;25718c35-338f-4a09-b099-0006471c97df;465.28;0.025;BUY
2016-04-25T00:39:52.167748;2016-04-25T00:39:52.318512;3d93fb1a-f61a-42d1-8efb-b487013a2768;465.28;0.02349;BUY
2016-04-25T00:40:01.828632;2016-04-25T00:40:01.865391;be81f0ec-7e8b-48f0-b657-d328d5d2fdb9;465.22;0.01;SELL
2016-04-25T00:40:01.828825;2016-04-25T00:40:01.881020;72bc7f97-a3b9-40f0-9036-6c7e45960d0a;465.21;0.01;SELL
2016-04-25T00:40:01.829014;2016-04-25T00:40:01.881020;9a31cc53-f88f-4b9e-a7de-baa468ab9946;465.2;0.01;SELL
2016-04-25T00:40:01.829187;2016-04-25T00:40:01.896641;77357767-76ac-4500-a4ab-6162807ddf2b;465.19;0.01;SELL
2016-04-25T00:40:01.829336;2016-04-25T00:40:01.896641;916345e5-2438-4c63-9718-564891e4a63f;465.18;0.00172;SELL
2016-04-25T00:40:31.328142;2016-04-25T00:40:31.365413;fd60c7f8-e22e-4225-84cb-8601bc00adff;465.25;0.01;SELL
2016-04-25T00:40:31.328334;2016-04-25T00:40:31.396656;4566dd3d-4957-4156-b354-997acb727bee;465.24;0.01;SELL
2016-04-25T00:40:31.328508;2016-04-25T00:40:31.396656;b66a45fa-ea17-4ec7-b68f-d6bed72c7ff7;465.23;0.01;SELL
2016-04-25T00:40:31.328678;2016-04-25T00:40:31.396656;51a7c404-57ad-493d-bbc4-2dadfb9fc6a7;465.22;0.01;SELL
2016-04-25T00:40:31.328846;2016-04-25T00:40:31.396656;e1395e3c-95e6-457c-b1a7-1f381c9e3d00;465.21;0.01;SELL
2016-04-25T00:40:31.329022;2016-04-25T00:40:31.412286;b2e2697e-75cf-4198-8669-1957e9254ef4;465.2;0.01;SELL
2016-04-25T00:40:31.329195;2016-04-25T00:40:31.412286;3bebe7fd-bf27-42c5-8214-f8f36902d080;465.18;0.00828;SELL
2016-04-25T00:40:31.329359;2016-04-25T00:40:31.412286;958a6d27-301b-42d1-a59f-1202a7a353e5;465.17;0.01;SELL
2016-04-25T00:40:31.329523;2016-04-25T00:40:31.412286;35519a06-e456-446b-9447-512f3807167e;465.17;0.21;SELL
2016-04-25T00:40:31.329687;2016-04-25T00:40:31.427905;a9007283-c82e-4ed5-aad0-a69b38d0eac9;465.16;0.01;SELL
2016-04-25T00:40:31.329849;2016-04-25T00:40:31.427905;2ec0ed85-1dd9-4d27-a31d-dd11e22a4076;465.15;0.01;SELL
2016-04-25T00:40:31.330025;2016-04-25T00:40:31.427905;8aaa0ca0-4134-45ee-a2b9-1916288adab4;465.14;0.01;SELL
2016-04-25T00:40:31.330192;2016-04-25T00:40:31.427905;e6f3a7d4-859a-4f34-8551-c1de2ed1abeb;465.13;0.01;SELL
2016-04-25T00:40:31.330363;2016-04-25T00:40:31.427905;ea47eb20-fd29-49fc-a5be-9c6489b19020;465.12;0.01;SELL
2016-04-25T00:40:31.330522;2016-04-25T00:40:31.459155;1a3cc275-5a5b-43f7-826c-31284e5cb80a;465.11;0.01;SELL
2016-04-25T00:40:31.330682;2016-04-25T00:40:31.474779;840d114f-c968-4c18-b368-58f8090d9ca7;465.1;0.01;SELL
2016-04-25T00:40:31.330847;2016-04-25T00:40:31.474779;577d342d-5b6a-4149-b293-740438ea9bcb;465.09;0.01;SELL
2016-04-25T00:40:31.331018;2016-04-25T00:40:31.474779;e0c65cb1-2859-4ffd-8913-a54de1cd24e4;465.03;0.01;SELL
2016-04-25T00:40:31.331173;2016-04-25T00:40:31.474779;696805e1-40fd-402f-a644-9bcbc81b6259;465.03;0.0557816;SELL
2016-04-25T00:40:31.331337;2016-04-25T00:40:31.474779;19c8b235-1fec-4011-982a-d59a8bac10b5;465.03;0.0558884;SELL
2016-04-25T00:40:31.331496;2016-04-25T00:40:31.474779;38ac9108-9271-42ff-aa10-bf1dd3beb4b9;465.03;0.05575937;SELL
2016-04-25T00:40:31.331660;2016-04-25T00:40:31.490404;f98f098d-78c5-456e-b792-f882d4b42161;465.02;0.01;SELL
2016-04-25T00:40:31.331816;2016-04-25T00:40:31.490404;a4c983d1-31a8-43b9-9da3-0205efe18eec;465.01;0.01;SELL
2016-04-25T00:40:31.331966;2016-04-25T00:40:31.490404;c8fa1526-d92f-4460-82c2-14d304c226f0;465.01;0.01;SELL
2016-04-25T00:40:31.332148;2016-04-25T00:40:31.490404;b9bcbf7d-f74a-4dba-9cc2-71e4fe6142ed;465.01;0.01;SELL
2016-04-25T00:40:31.332316;2016-04-25T00:40:31.490404;3920d922-a88b-4801-9ff3-9f8babbb8554;465.0;0.01;SELL
2016-04-25T00:40:31.332467;2016-04-25T00:40:31.490404;2f9feaae-6c4c-4c9d-9e9b-8984c8de3047;465.0;0.011;SELL
2016-04-25T00:40:31.332616;2016-04-25T00:40:31.490404;7ec1337b-77d4-4a4e-acb9-917ac3272135;465.0;0.01;SELL
2016-04-25T00:40:31.332777;2016-04-25T00:40:31.490404;071be003-b611-4cbe-a926-09bc61b374f1;465.0;0.1586;SELL
2016-04-25T00:40:31.332927;2016-04-25T00:40:31.490404;e1703809-18f9-40e3-b7bb-3adfe6240479;464.99;0.01;SELL
2016-04-25T00:40:31.333097;2016-04-25T00:40:31.490404;980f4502-2605-40cc-ae9b-6993bd80a5ba;464.99;0.01;SELL
2016-04-25T00:40:31.333244;2016-04-25T00:40:31.490404;2da41167-2250-4266-850b-c9e41bdea0e5;464.98;0.26414063;SELL
2016-04-25T00:41:01.283406;2016-04-25T00:41:01.318549;2e3d6182-9c43-438a-ac86-70d2a8473904;465.12;0.11043;BUY
2016-04-25T00:41:31.298000;2016-04-25T00:41:31.334190;66649764-1ea0-4650-b391-22eb5f41af79;465.07;0.01;SELL
2016-04-25T00:41:31.298230;2016-04-25T00:41:31.349812;f99c03e1-942b-442e-96c5-48b743bec3bc;465.06;0.01;SELL
2016-04-25T00:41:31.298410;2016-04-25T00:41:31.349812;ba8f211a-50c1-43ab-b5ff-a618bd70d85f;465.05;0.01;SELL
2016-04-25T00:41:31.298569;2016-04-25T00:41:31.349812;e2fa7403-4100-474b-8bdb-09ab466c13d8;465.04;0.01;SELL
2016-04-25T00:41:31.298726;2016-04-25T00:41:31.365437;35d85a07-d231-406a-96c9-a48d5facc900;465.03;0.01;SELL
2016-04-25T00:41:31.298899;2016-04-25T00:41:31.443561;f8cece1a-e6ed-4b6a-b861-9ea65575d489;465.02;0.01;SELL
2016-04-25T00:41:31.299072;2016-04-25T00:41:31.443561;24469b6a-cde5-492d-9692-aa86ef2a0dbc;465.01;0.01;SELL
2016-04-25T00:41:31.299231;2016-04-25T00:41:31.443561;1c7e8759-2fb7-4eb3-9a34-bcb474aa2517;465.0;0.01;SELL
2016-04-25T00:41:31.299389;2016-04-25T00:41:31.443561;794a6b40-2892-4d27-acd2-5eef345f2d7d;464.99;0.01;SELL
2016-04-25T00:41:31.299535;2016-04-25T00:41:31.443561;af441aa4-f1a6-452f-93ad-124e59f54ce1;464.98;4.72164937;SELL
2016-04-25T00:41:31.299678;2016-04-25T00:41:31.443561;935c8ff1-3227-4c57-8c4e-5dc27c30f4df;464.98;0.01;SELL
2016-04-25T00:41:31.299822;2016-04-25T00:41:31.443561;5ddb8fcf-b92d-418d-9ac0-14215ea44962;464.98;0.011;SELL
2016-04-25T00:41:31.299991;2016-04-25T00:41:31.443561;ac664046-fcfb-43dc-a302-8ce8bc9fb53f;464.98;0.05578718;SELL
2016-04-25T00:41:31.300150;2016-04-25T00:41:31.443561;34f07c60-8ae1-4629-8a5b-b18768b1045d;464.98;0.49000031;SELL
2016-04-25T00:41:31.300293;2016-04-25T00:41:31.443561;b41850d7-2202-41b9-88a4-2797c66d9316;464.97;0.014;SELL
2016-04-25T00:41:31.300437;2016-04-25T00:41:31.443561;7d9adf45-2063-4f80-bedd-2da81338f7f5;464.97;0.01;SELL
2016-04-25T00:41:31.300580;2016-04-25T00:41:31.443561;5d2f9a27-9c8b-411e-8f64-d748720692c4;464.97;0.015;SELL
2016-04-25T00:41:31.300731;2016-04-25T00:41:31.443561;aa00f078-fb16-427e-b3d3-b704096d1fe5;464.97;0.49000063;SELL
2016-04-25T00:41:31.300880;2016-04-25T00:41:31.443561;dec43bd0-3706-4b47-88ae-49d791027fca;464.96;0.014;SELL
2016-04-25T00:41:31.301044;2016-04-25T00:41:31.443561;80785898-7530-4efc-9a62-b8b8ba6ac078;464.96;0.01;SELL
2016-04-25T00:41:31.301180;2016-04-25T00:41:31.443561;1275945e-a964-40dd-92dc-5275428bdc72;464.96;0.27360251;SELL
2016-04-25T00:42:02.013422;2016-04-25T00:42:02.052957;4e79dea9-36e2-4e7b-b6c7-d46f7c2a7692;465.06;0.02953;BUY
2016-04-25T00:42:31.752874;2016-04-25T00:42:31.787347;7a619d84-4481-4642-8d59-e0f60ebde42a;465.06;1.03334;BUY
2016-04-25T00:42:39.037998;2016-04-25T00:42:39.068597;a2e81ec4-5dc0-49b7-98c0-8da256c5da89;465.06;0.01;BUY
2016-04-25T00:43:03.186162;2016-04-25T00:43:03.224858;014ef038-1fe9-4288-b5ee-eed364876c7f;465.06;1.23258173;BUY
2016-04-25T00:43:03.186366;2016-04-25T00:43:03.240484;e579b234-4dfb-4b2d-ab2c-9b9d5f3abdf9;465.06;0.03329827;BUY
2016-04-25T00:43:03.426134;2016-04-25T00:43:03.459231;ec26743f-726c-4f46-9e8a-554b5f9fb02b;465.06;0.01;BUY
2016-04-25T00:43:16.087617;2016-04-25T00:43:16.115494;fd4845b6-7f14-4e4b-a458-56fe96c1decd;465.07;0.01;BUY
2016-04-25T00:43:25.925038;2016-04-25T00:43:25.974870;af0c0a4c-d91a-483a-b1ef-16b3472d7440;465.07;0.015;BUY
2016-04-25T00:43:28.222523;2016-04-25T00:43:28.271747;1849eb86-8af5-4adf-aed5-1f49ad928640;465.08;0.025;BUY
2016-04-25T00:43:31.326614;2016-04-25T00:43:31.365498;50c7d96c-b7ae-47ae-a00e-734747c22406;465.05;0.01;SELL
2016-04-25T00:43:31.326813;2016-04-25T00:43:31.381123;bff9cea5-b683-45bf-8d9a-68090e79e76c;465.04;0.01;SELL
2016-04-25T00:43:31.327008;2016-04-25T00:43:31.381123;bb70295d-3813-403e-ab81-a0cf9b8475ea;465.03;0.01;SELL
2016-04-25T00:43:31.327207;2016-04-25T00:43:31.396748;370fba2c-fc21-4b00-b610-2f1eb65550e1;465.02;0.01;SELL
2016-04-25T00:43:31.327370;2016-04-25T00:43:31.396748;4e0acb37-099c-43ea-a617-174c0b8f8f68;465.01;0.01;SELL
2016-04-25T00:43:31.327545;2016-04-25T00:43:31.396748;42c0bcac-1537-405f-9122-4cd0cb15e684;465.0;0.01;SELL
2016-04-25T00:43:31.327717;2016-04-25T00:43:31.396748;ee07f4ce-a6b3-4dbb-ab82-a3ab23da3581;464.99;0.01;SELL
2016-04-25T00:43:31.327879;2016-04-25T00:43:31.396748;bda056a9-cffe-4855-8a46-7a548ef3fe6c;464.98;0.01;SELL
2016-04-25T00:43:31.328058;2016-04-25T00:43:31.396748;cc7cfe1d-69c4-464f-b8ef-e1b06b4e5115;464.97;0.01;SELL
2016-04-25T00:43:31.328212;2016-04-25T00:43:31.396748;bad84271-5773-4191-aa40-2c0e7b2b6fdb;464.96;0.01;SELL
2016-04-25T00:43:31.328360;2016-04-25T00:43:31.459249;a4ed70b7-c208-4f81-83c6-feaec58b1dbc;464.95;0.014;SELL
2016-04-25T00:43:31.328502;2016-04-25T00:43:31.459249;8b428fd8-98cc-47ba-b8b0-b14dd077a014;464.95;0.01;SELL
2016-04-25T00:43:31.328669;2016-04-25T00:43:31.459249;a1aade91-7108-44ef-8d03-7baeb657ee0b;464.95;0.01;SELL
2016-04-25T00:43:31.328819;2016-04-25T00:43:31.459249;c8f4c914-1cf0-4303-95f0-1be213237608;464.94;0.014;SELL
2016-04-25T00:43:31.329011;2016-04-25T00:43:31.459249;aa81fe3d-c323-4be7-b20d-2208c0ee23e9;464.94;0.01;SELL
2016-04-25T00:43:31.329170;2016-04-25T00:43:31.459249;96e25c5a-e178-4f55-b106-1af9668ea364;464.94;0.012;SELL
2016-04-25T00:43:31.329309;2016-04-25T00:43:31.459249;746aa898-6a4e-41af-8446-fba36a1f320d;464.93;0.014;SELL
2016-04-25T00:43:31.329453;2016-04-25T00:43:31.459249;bc8378b4-a4a0-4326-ab7a-48d8c3a5b45c;464.93;0.01;SELL
2016-04-25T00:43:31.329595;2016-04-25T00:43:31.459249;0c8ceb70-73d5-473a-9a4d-e07a69c5db25;464.93;0.01;SELL
2016-04-25T00:43:31.329757;2016-04-25T00:43:31.459249;72575a76-ba1d-45b7-aea7-e5403414c891;464.93;0.05579277;SELL
2016-04-25T00:43:31.329917;2016-04-25T00:43:31.459249;d36002ad-4252-48a6-93a8-fbb52c67a4e3;464.92;0.013;SELL
2016-04-25T00:43:31.330075;2016-04-25T00:43:31.459249;01819d5a-9a3b-4ad7-8cf7-ab952454bba5;464.92;0.01;SELL
2016-04-25T00:43:31.330219;2016-04-25T00:43:31.459249;7aa3fc7b-5c07-4cbe-9d7d-d91d8ae74ee5;464.92;0.015;SELL
2016-04-25T00:43:31.330368;2016-04-25T00:43:31.459249;89585dea-9855-4322-9c00-e792e20ee462;464.92;0.01;SELL
2016-04-25T00:43:31.330510;2016-04-25T00:43:31.459249;80c7f463-cc9a-41db-a377-7603b6cf877e;464.91;0.015;SELL
2016-04-25T00:43:31.330663;2016-04-25T00:43:31.490498;2bf00eec-da0d-43ee-a1a4-ed0bb8abc41a;464.91;0.01;SELL
2016-04-25T00:43:31.330826;2016-04-25T00:43:31.490498;71e5abec-7177-4d27-bd00-96c0f7720fe3;464.9;0.015;SELL
2016-04-25T00:43:31.330993;2016-04-25T00:43:31.490498;a1a39ffc-a3d5-4cc0-b83b-61931d3f5e66;464.9;0.012;SELL
2016-04-25T00:43:31.331138;2016-04-25T00:43:31.490498;1f41afe2-f347-4b10-a323-9270d551c0b7;464.9;0.01;SELL
2016-04-25T00:43:31.331289;2016-04-25T00:43:31.490498;10efadec-0d70-4b05-9e1e-970d2947c0ee;464.9;0.01;SELL
2016-04-25T00:43:31.331433;2016-04-25T00:43:31.490498;89f9368b-9a9c-4933-aad1-412947b07da9;464.89;0.015;SELL
2016-04-25T00:43:31.331586;2016-04-25T00:43:31.490498;86fbc738-e9a1-4bd7-b88f-521f3259b849;464.89;0.05579836;SELL
2016-04-25T00:43:31.331740;2016-04-25T00:43:31.490498;b44ea395-af75-4418-8a45-a459f56bb46b;464.88;0.014;SELL
2016-04-25T00:43:31.331891;2016-04-25T00:43:31.506123;8580da87-649f-4f70-b39e-64c455d66138;464.88;0.01;SELL
2016-04-25T00:43:31.332068;2016-04-25T00:43:31.506123;5555ac52-bc1d-473e-ade8-df9427481cde;464.88;0.01;SELL
2016-04-25T00:43:31.332218;2016-04-25T00:43:31.506123;b4186d20-14bc-40d5-94c4-d7aa27c6bb57;464.87;0.014;SELL
2016-04-25T00:43:31.332359;2016-04-25T00:43:31.506123;896ad964-e00d-4128-b96c-794fd983e1dd;464.86;0.013;SELL
2016-04-25T00:43:31.332500;2016-04-25T00:43:31.506123;1f8a2226-930b-4790-8774-fd4a7444e2e6;464.86;0.012;SELL
2016-04-25T00:43:31.332657;2016-04-25T00:43:31.506123;a6d04d29-a19a-4269-ab2e-22e0b905786b;464.86;0.011;SELL
2016-04-25T00:43:31.332810;2016-04-25T00:43:31.506123;17974dae-e36b-4fa3-abea-8fc4de25f602;464.85;0.013;SELL
2016-04-25T00:43:31.332965;2016-04-25T00:43:31.506123;891b779b-2147-42e8-9040-5d78c157ca3c;464.85;0.011;SELL
2016-04-25T00:43:31.333124;2016-04-25T00:43:31.537377;1d58373d-666c-4292-9afb-b0c4b483aba9;464.84;0.015;SELL
2016-04-25T00:43:31.333265;2016-04-25T00:43:31.568623;686851e2-5e10-409d-891e-bfeb9c6b6b89;464.84;0.014;SELL
2016-04-25T00:43:31.333403;2016-04-25T00:43:31.568623;0ebddf8a-d90c-41c1-b125-7e48f8ddb9db;464.84;0.012;SELL
2016-04-25T00:43:31.333586;2016-04-25T00:43:31.568623;c6d93278-5b25-4f7f-be80-a3865e7bd02e;464.84;0.05580394;SELL
2016-04-25T00:43:31.333742;2016-04-25T00:43:31.568623;08986424-13b1-4a9f-b959-3c83a811c8ce;464.83;0.015;SELL
2016-04-25T00:43:31.333899;2016-04-25T00:43:31.568623;5f433ccd-4ae4-4989-8ee8-94156f13b903;464.83;0.01;SELL
2016-04-25T00:43:31.334054;2016-04-25T00:43:31.568623;49b7b5da-3d65-4bbe-a51c-03bccb874a98;464.83;0.015;SELL
2016-04-25T00:43:31.334199;2016-04-25T00:43:31.568623;95bf0914-d30d-4701-bbec-df4e779cb94e;464.83;0.014;SELL
2016-04-25T00:43:31.334355;2016-04-25T00:43:31.568623;68d4689f-832d-4ad7-8fea-a87a57473312;464.83;0.014;SELL
2016-04-25T00:43:31.334505;2016-04-25T00:43:31.568623;d9105af4-09a4-49d6-a80d-6d88c9cdf3b8;464.82;0.015;SELL
2016-04-25T00:43:31.334649;2016-04-25T00:43:31.568623;83132093-3557-40ca-939f-26988d2a581e;464.82;0.015;SELL
2016-04-25T00:43:31.334803;2016-04-25T00:43:31.568623;c0894a8f-987a-4385-9895-20587deb68f9;464.82;0.011;SELL
2016-04-25T00:43:31.334956;2016-04-25T00:43:31.568623;d9f163bd-9196-4a19-97db-ba3635423ca8;464.82;0.012;SELL
2016-04-25T00:43:31.335126;2016-04-25T00:43:31.568623;ecc1ea67-774b-4d76-8622-f43e1bf48790;464.82;0.01;SELL
2016-04-25T00:43:31.335268;2016-04-25T00:43:31.568623;e66ad5e1-3193-459e-a4cd-de72a17bb471;464.81;0.015;SELL
2016-04-25T00:43:31.335425;2016-04-25T00:43:31.584247;0f1ef764-b404-4faa-8a6b-6e79fbdff7bd;464.81;0.015;SELL
2016-04-25T00:43:31.335571;2016-04-25T00:43:31.584247;c8a53172-41ef-4169-8989-8ad77babf0ed;464.8;0.015;SELL
2016-04-25T00:43:31.335720;2016-04-25T00:43:31.584247;2a49159a-c507-422f-a589-3d8f275018a3;464.8;0.015;SELL
2016-04-25T00:43:31.335883;2016-04-25T00:43:31.584247;2bcd1568-4ba5-453f-957e-3e685994293a;464.8;0.01;SELL
2016-04-25T00:43:31.336040;2016-04-25T00:43:31.584247;6647a994-981a-4818-875c-fe766d641fb2;464.8;0.01;SELL
2016-04-25T00:43:31.336183;2016-04-25T00:43:31.584247;e3aab765-c5cd-4d98-b302-1c148ec5ffce;464.8;0.05580953;SELL
2016-04-25T00:43:31.336350;2016-04-25T00:43:31.584247;c3a89c2f-9fdf-467c-ba2f-276c878fe8ba;464.8;0.45;SELL
