time_exchange;time_coinpai;guid;price;base_amount;taker_side
2016-04-25T00:05:56.000000;2016-04-25T00:05:56.963939;cd522444-d76e-4a0a-9855-ca1297ac76f4;8.1735;3.4942;BUY
2016-04-25T00:09:32.000000;2016-04-25T00:09:32.062457;ef41ebe2-7ba1-47c5-8c65-cb6352a41dc5;8.0827;2.64605875;SELL
2016-04-25T00:09:42.000000;2016-04-25T00:09:42.505499;817afc00-0895-4473-8cb7-e1be8340dc39;8.08;19.77318198;SELL
2016-04-25T00:09:43.000000;2016-04-25T00:09:43.455589;b1c9607e-9be8-4561-9f19-64985d639884;8.08;19.77090749;SELL
2016-04-25T00:09:46.000000;2016-04-25T00:09:47.212004;01c4851b-8624-450d-804d-84080ea3f828;8.08;10.45591053;SELL
2016-04-25T00:09:46.000000;2016-04-25T00:09:47.214977;beb0e55b-8ba5-4d05-8211-69226fc5bdf1;8.0782;0.5719515;SELL
2016-04-25T00:09:48.000000;2016-04-25T00:09:48.588141;6e3769bb-1a8a-4034-b350-69fe176431bb;8.062;2.747e-05;SELL
2016-04-25T00:09:52.000000;2016-04-25T00:09:52.437500;3b463c84-91c7-4001-9bec-2d9f0fd430f4;8.05;3.03;SELL
2016-04-25T00:11:10.000000;2016-04-25T00:11:10.974398;e160749b-ae22-453c-8f50-925df6472078;8.05;7.9978895;SELL
2016-04-25T00:23:33.000000;2016-04-25T00:23:33.550736;673c6f4f-ba55-483f-9482-eebedac8d1aa;8.05;11.06883119;SELL
2016-04-25T00:26:59.000000;2016-04-25T00:26:59.703483;7f404ba6-3d06-4014-8139-e4db8a47f104;8.0509;11.02786203;BUY
2016-04-25T00:26:59.000000;2016-04-25T00:26:59.713481;d6ee5fff-475c-4076-bef5-6c5cbb6dce10;8.0509;11.02786203;BUY
2016-04-25T00:26:59.000000;2016-04-25T00:26:59.714542;6bd240cf-3c91-43e4-bec7-e1f812e132fb;8.051;27.94427594;BUY
2016-04-25T00:29:57.000000;2016-04-25T00:29:57.477253;c6aee337-9e7f-4f97-b9b5-bf281ab2c5d3;8.05;0.57615852;SELL
2016-04-25T00:30:37.000000;2016-04-25T00:30:37.494256;8fbf7112-b53c-4521-9f79-f1755355fec4;8.05;0.31762809;SELL
2016-04-25T00:32:28.000000;2016-04-25T00:32:28.841391;6b09d5a2-4a1e-40c1-bc5a-0eb742432cf5;8.05;0.45341408;SELL
2016-04-25T00:32:41.000000;2016-04-25T00:32:41.066607;2a346859-c656-4ec6-91b4-8d8b840761e0;8.05;0.57656928;SELL
2016-04-25T00:33:21.000000;2016-04-25T00:33:21.303642;5ab526f2-0ff7-4384-b159-c23f58d7df66;8.05;19.91179278;SELL
2016-04-25T00:33:22.000000;2016-04-25T00:33:22.309745;a14a1496-79f8-45ec-9071-721118ec84ce;8.05;0.5924233;SELL
2016-04-25T00:33:23.000000;2016-04-25T00:33:23.820882;1e018576-adb7-4132-ba15-509dcc80183c;8.05;20.68033224;SELL
2016-04-25T00:33:47.000000;2016-04-25T00:33:47.836313;1de862b3-a375-4b88-be41-09aa5823f0dd;8.05;0.32542888;SELL
2016-04-25T00:33:49.000000;2016-04-25T00:33:49.348428;35ae0a55-a157-4f90-8aed-11c774fad4ed;8.05;4.25581889;SELL
2016-04-25T00:33:56.000000;2016-04-25T00:33:56.664166;72ceb017-5b5e-4e30-93be-eaf1782bbd2e;8.05;2.52387953;SELL
2016-04-25T00:33:57.000000;2016-04-25T00:33:57.326280;68bc4ab5-6261-48fb-a566-2b473d16c67a;8.05;19.89795958;SELL
2016-04-25T00:33:58.000000;2016-04-25T00:33:58.825388;29b8a1b4-ab19-40d2-b0f9-2df552ab8804;8.05;10.82187414;SELL
2016-04-25T00:34:18.000000;2016-04-25T00:34:18.112338;b3a4d744-1ca6-4096-9c47-7821a256b17b;8.03;0.31845885;SELL
2016-04-25T00:34:55.000000;2016-04-25T00:34:55.415039;b6311d86-ec60-46fd-b5c1-3d20ba5c27b7;8.03;19.84103167;SELL
2016-04-25T00:38:16.000000;2016-04-25T00:38:16.743165;049b4749-ccd3-405b-ae30-bdc1abe1c885;8.03;19.84103189;SELL
2016-04-25T00:38:17.000000;2016-04-25T00:38:17.433241;a175eced-79b6-4a29-a494-a8d8469a9f2d;8.03;2.71376811;SELL
2016-04-25T00:38:46.000000;2016-04-25T00:38:46.907186;b20ce5f6-d3c1-492d-9b02-9be15f2c642b;8.03;9.54587;SELL
2016-04-25T00:40:56.000000;2016-04-25T00:40:56.133119;e53350e9-f38c-4cc8-ae99-fceba3403d69;8.0309;9.54587;BUY
2016-04-25T00:40:56.000000;2016-04-25T00:40:56.137150;9f83dca2-4ce5-4967-8f24-ab17ad32bc04;8.0309;2.71376811;BUY
2016-04-25T00:40:56.000000;2016-04-25T00:40:56.154144;e102bb9f-abd1-4c69-b851-cd655ac169c7;8.0309;3.325076;BUY
2016-04-25T00:40:56.000000;2016-04-25T00:40:56.170114;a752e431-d29a-4f6c-961d-805fd849f1c3;8.031;34.41528589;BUY
2016-04-25T00:41:05.000000;2016-04-25T00:41:05.120252;ed9a12bd-ae44-4e92-a964-40a20b2899ec;8.031;50.0;BUY
2016-04-25T00:42:53.000000;2016-04-25T00:42:53.788095;84dfeb10-e1c1-44f8-bd9c-8da50179e01d;8.0491;10.0;BUY
2016-04-25T00:42:54.000000;2016-04-25T00:42:54.750425;0fd6295d-02b9-4f0c-9be9-616a85202fd2;8.03;0.82187414;SELL
2016-04-25T00:46:44.000000;2016-04-25T00:46:44.597166;1fd895c6-9b6a-4448-a4ab-773e80370306;8.03;6.91796534;SELL
2016-04-25T01:28:29.000000;2016-04-25T01:28:30.029584;e1053520-a05b-457f-80b1-e4eb8dbd1e90;8.03;6.91796534;SELL
2016-04-25T01:28:29.000000;2016-04-25T01:28:30.034593;3bc2771a-9c57-4686-a6fe-131a7b0e96fb;8.03;6.91796534;SELL
2016-04-25T01:28:29.000000;2016-04-25T01:28:30.043564;f0a86809-e683-4517-bfe1-49d8ec139506;8.03;6.91796534;SELL
2016-04-25T01:28:30.000000;2016-04-25T01:28:30.073570;9c77d765-cb41-4959-a2a4-da753b7f8d6c;8.03;22.88926859;SELL
2016-04-25T01:28:30.000000;2016-04-25T01:28:30.388613;1e4ac729-765a-4dcc-ab2c-330b2ae9dbba;8.03;6.35683539;SELL
2016-04-25T01:28:31.000000;2016-04-25T01:28:32.060778;f35cdcc2-fad6-484b-8709-5b5fb12d2f42;8.02;0.56660874;SELL
2016-04-25T01:33:22.000000;2016-04-25T01:33:22.913854;831c82da-096c-49c1-a7e6-22b639419039;8.05;3.35321619;BUY
2016-04-25T01:33:22.000000;2016-04-25T01:33:22.920869;a14ec526-15bc-4edc-be04-b2243679e7e7;8.05;46.64678381;BUY
2016-04-25T01:34:53.000000;2016-04-25T01:34:53.112866;decabf6b-8a7b-490e-b043-db9eca556234;8.051;50.0;BUY
2016-04-25T01:44:37.000000;2016-04-25T01:44:37.824393;2dcb2b90-7be3-4ac8-b83f-be12ee6d2c36;8.0519;11.02786203;BUY
2016-04-25T01:44:38.000000;2016-04-25T01:44:38.986503;33ee0efe-0006-4ab4-9d64-8ace7eb1bda4;8.0587;0.76509495;BUY
2016-04-25T01:44:38.000000;2016-04-25T01:44:39.029501;f57dabe9-1642-4e86-893f-02c011e00dfe;8.0587;2.56781903;BUY
2016-04-25T01:44:39.000000;2016-04-25T01:44:39.084519;efc0acdb-146b-4d5b-8de8-4b65e95d1c52;8.0587;3.33852744;BUY
2016-04-25T01:44:39.000000;2016-04-25T01:44:39.564581;5ad9451c-a81e-4eba-8b29-e3324c33a3e8;8.0587;1.80717341;BUY
2016-04-25T01:44:40.000000;2016-04-25T01:44:40.080610;8ddf9642-e8e2-48df-9b9d-8220b659bf72;8.0587;2.5492472;BUY
2016-04-25T01:44:40.000000;2016-04-25T01:44:40.102630;59c37026-033a-4821-b5bc-cfb0e5139d15;8.0587;11.02786203;BUY
2016-04-25T01:44:40.000000;2016-04-25T01:44:40.104612;8c411d9b-3dc2-49fa-9206-ae3ea4e5ba84;8.0601;6.12358502;BUY
2016-04-25T01:44:40.000000;2016-04-25T01:44:40.362641;1d4833be-581b-47d2-b117-b13315e4429c;8.0601;2.56781903;BUY
2016-04-25T01:44:42.000000;2016-04-25T01:44:43.098909;6a38f8f5-8173-40b2-b94a-9c628ee5f0ad;8.0601;0.76509495;BUY
2016-04-25T01:44:43.000000;2016-04-25T01:44:43.509956;b9f3ecc1-026b-49a5-9c82-a22528ec8569;8.0601;1.57136303;BUY
2016-04-25T01:47:56.000000;2016-04-25T01:47:56.448287;95a12f0f-eb7c-4ff6-9de1-06092cb98e32;8.0907;11.02786203;BUY
2016-04-25T01:47:56.000000;2016-04-25T01:47:56.455244;540dfe01-afe5-4408-b227-4a02cc9e7fdf;8.0908;6.18148334;BUY
2016-04-25T01:48:36.000000;2016-04-25T01:48:36.384245;437a9060-1241-467c-a379-27ba9975c04b;8.0914;7.287084;SELL
2016-04-25T01:49:33.000000;2016-04-25T01:49:33.120925;d68a0a78-48e0-4fed-ab3f-a8c318ee0d6f;8.0914;5.5187916;SELL
2016-04-25T01:49:59.000000;2016-04-25T01:49:59.392578;c636b75f-cdbd-4d9f-8b39-ec8938f540b9;8.0914;1.0115952;SELL
2016-04-25T01:50:17.000000;2016-04-25T01:50:18.009396;2bc7e267-4822-4231-b1f6-b45821f8ba36;8.0914;0.57002801;SELL
2016-04-25T01:50:19.000000;2016-04-25T01:50:19.746061;e9f00a2d-f7bb-4164-8394-8db5de1d2aeb;8.0914;0.71433271;SELL
2016-04-25T01:50:21.000000;2016-04-25T01:50:21.853794;15a93c22-ef1d-4c50-b5dc-94a628d7d959;8.0914;0.56999086;SELL
2016-04-25T01:50:25.000000;2016-04-25T01:50:25.609198;2b61d8a3-4913-4e8d-aa2a-521d2004c804;8.0914;19.69047278;SELL
2016-04-25T01:50:26.000000;2016-04-25T01:50:26.789292;65dcc1fc-219e-42b7-a6aa-0736e839b5ad;8.0914;0.57006516;SELL
2016-04-25T01:50:30.000000;2016-04-25T01:50:30.521660;0235a74c-6af3-40c7-acc6-48c7500fd263;8.0914;0.56986702;SELL
2016-04-25T01:50:32.000000;2016-04-25T01:50:32.352824;294c1c5b-ffef-4148-9485-bf67dce8b4a1;8.0914;0.56994132;SELL
2016-04-25T01:50:34.000000;2016-04-25T01:50:34.414032;edca3430-7f9c-43b1-8f0f-3e95d46d14c0;8.0914;0.56986702;SELL
2016-04-25T01:50:35.000000;2016-04-25T01:50:35.230587;01cff492-f93f-4f61-af74-97b1d7e01d8b;8.0914;0.5698794;SELL
2016-04-25T01:50:36.000000;2016-04-25T01:50:36.650283;7db64977-3c0a-4ed6-a3f8-bfdb2fe611d2;8.0914;1.28421196;SELL
2016-04-25T01:52:14.000000;2016-04-25T01:52:14.353055;6fddbea2-b398-4333-8591-abccc8e86bc8;8.0921;6.17298324;SELL
2016-04-25T01:52:14.000000;2016-04-25T01:52:14.353055;18cab927-47ac-4533-bad5-673d51475d93;8.0914;13.51695512;SELL
2016-04-25T01:52:22.000000;2016-04-25T01:52:22.728911;4d4d6f94-ada9-40e2-83d7-6c64ce049a6e;8.0914;19.69047239;SELL
2016-04-25T01:52:32.000000;2016-04-25T01:52:32.940905;fc98bb77-deb5-42bd-a600-99aa8fb9ea00;8.0914;18.32323593;SELL
2016-04-25T01:53:57.000000;2016-04-25T01:53:57.894392;4c8eb892-35c9-48f8-92d4-8aa413edbec2;8.0914;1.33855515;SELL
2016-04-25T01:56:26.000000;2016-04-25T01:56:26.174884;15e6c75e-829a-4fda-84de-0cf06358fb37;8.094;3.3642;BUY
2016-04-25T01:56:26.000000;2016-04-25T01:56:26.177875;45d33fb0-1a8e-4656-950b-06f38339b0ca;8.0948;0.57240985;BUY
2016-04-25T01:56:26.000000;2016-04-25T01:56:26.178882;37895c44-403c-4563-a33c-fdc7ec4f7a70;8.0948;0.52339015;BUY
2016-04-25T01:58:10.000000;2016-04-25T01:58:10.162300;081b6f98-9e8f-48ab-b9d8-3430de25885b;8.093;1.34070113;SELL
2016-04-25T02:06:46.000000;2016-04-25T02:06:46.801954;118aeb23-4641-4226-9555-833e76f2724d;8.0914;0.57079303;SELL
2016-04-25T02:06:48.000000;2016-04-25T02:06:48.978148;d829370b-2c99-407c-8046-37bd1374b2c0;8.0914;14.13653615;SELL
2016-04-25T02:07:51.000000;2016-04-25T02:07:51.657407;242f0ddc-c024-4ed8-9c34-920cc3e207b8;8.0914;19.69047231;SELL
2016-04-25T02:07:52.000000;2016-04-25T02:07:52.869527;6a384099-1077-4102-a41e-b20ea801cf59;8.0914;19.69047231;SELL
2016-04-25T02:07:53.000000;2016-04-25T02:07:53.463588;473bb3ca-78d6-40c4-a12c-aa8755ae72d9;8.0914;19.69047231;SELL
2016-04-25T02:07:53.000000;2016-04-25T02:07:53.546601;be92991b-62ed-4361-9fd1-889e8e1df08a;8.0914;19.69047231;SELL
2016-04-25T02:07:54.000000;2016-04-25T02:07:54.986778;ecf03655-7cf2-474f-8f1d-369f100b8ca4;8.0914;19.7220402;SELL
2016-04-25T02:08:05.000000;2016-04-25T02:08:05.132762;65c44c03-5e0d-445b-9575-feea7f2579aa;8.0914;19.7220402;SELL
2016-04-25T02:08:14.000000;2016-04-25T02:08:14.733727;5061ef3d-27c3-46e6-9190-a1123ad48170;8.0914;19.7220402;SELL
2016-04-25T02:08:15.000000;2016-04-25T02:08:15.133764;f34dd858-e60b-472e-806c-bbbe410756ae;8.0914;19.63985462;SELL
2016-04-25T02:08:15.000000;2016-04-25T02:08:15.739827;841d0ec8-d644-46f9-82da-afb8abed7c58;8.0914;10.61810518;SELL
2016-04-25T02:08:47.000000;2016-04-25T02:08:47.488000;db629e46-512d-4b51-b5ad-ee71ff2917d6;8.0914;19.69047231;SELL
2016-04-25T02:08:47.000000;2016-04-25T02:08:47.786039;1d9cb0d6-8181-49ee-a100-a9d833048df6;8.0914;19.69047231;SELL
2016-04-25T02:08:48.000000;2016-04-25T02:08:48.849125;d3c61936-1ab9-4449-baca-cb7569718e53;8.0914;19.69047231;SELL
2016-04-25T02:08:49.000000;2016-04-25T02:08:49.054184;2e20e331-f774-4063-abdb-9d698c515038;8.0914;19.69047231;SELL
2016-04-25T02:08:49.000000;2016-04-25T02:08:49.846265;8c75936b-aedd-413a-8e5a-2aa7e9693af5;8.0914;19.69047231;SELL
2016-04-25T02:12:07.000000;2016-04-25T02:12:07.693560;3c09ac7c-6805-48c9-ad78-d69641333c24;8.0914;19.7220402;SELL
2016-04-25T02:12:07.000000;2016-04-25T02:12:07.916543;52247af0-be6b-4dbb-9889-3eec6918d109;8.0914;15.06197876;SELL
2016-04-25T02:12:42.000000;2016-04-25T02:12:42.770050;b9bc84cc-de92-44d8-8e60-363e47c69601;8.0914;6.16681026;SELL
2016-04-25T02:14:12.000000;2016-04-25T02:14:12.885060;dab8d6ba-90dd-41c7-ab51-816707c74ab0;8.0914;18.12881941;SELL
2016-04-25T02:17:00.000000;2016-04-25T02:17:00.558796;e5e24f01-8163-45a6-ba23-ff47fe6b064b;8.09;8.0;SELL
2016-04-25T02:36:10.000000;2016-04-25T02:36:10.681286;37e9eb08-6c3f-422c-91a4-383fb5bab46c;8.034;18.12933122;SELL
2016-04-25T02:36:18.000000;2016-04-25T02:36:18.800125;1961093c-1c46-46b3-9f9a-08084a4ccb7c;8.03;50.0;SELL
2016-04-25T02:36:18.000000;2016-04-25T02:36:18.806163;47130ab8-4152-467e-80e8-43ea98d452e2;8.02;3.4882545;SELL
2016-04-25T02:47:49.000000;2016-04-25T02:47:49.420226;dfd08773-bcfd-4f07-ad55-50c116dad743;8.0899;22.88926859;BUY
2016-04-25T02:47:49.000000;2016-04-25T02:47:49.442223;3e20170b-2fc4-4089-a68e-80aeeae60aac;8.0899;3.341982;BUY
2016-04-25T02:47:49.000000;2016-04-25T02:47:49.453232;302bc0ea-ea3f-4369-90df-aae0b2ae04b6;8.09;90.029;BUY
2016-04-25T02:47:49.000000;2016-04-25T02:47:49.473232;6cb1dff3-b9bb-41de-bab6-d22738837b3a;8.0948;0.0490197;BUY
2016-04-25T02:47:49.000000;2016-04-25T02:47:49.888256;fe1f5d73-9a50-47aa-b6e9-6ba423cd72b7;8.1;22.88926859;SELL
2016-04-25T02:47:50.000000;2016-04-25T02:47:50.175290;6ec59ee5-39b5-4962-8cd5-8d81e7d32939;8.1;31.35751285;SELL
2016-04-25T02:47:50.000000;2016-04-25T02:47:50.825370;41526a28-072d-4da5-bdd6-92635a8e07b6;8.1;22.88926859;SELL
2016-04-25T02:47:51.000000;2016-04-25T02:47:51.263404;ed1aeebf-acfd-4eea-a663-a2b5e29aff03;8.1;17.15050681;SELL
2016-04-25T02:47:51.000000;2016-04-25T02:47:51.808482;cdba35b8-2829-4b92-abdf-28bc92b43566;8.1;19.66956637;SELL
2016-04-25T02:47:51.000000;2016-04-25T02:47:51.821460;f125abbf-fc28-4293-8057-0b74f8ac735b;8.1;2.87036702;SELL
2016-04-25T02:47:51.000000;2016-04-25T02:47:51.836456;2637801f-8e2c-479f-86fa-ab187e9b5735;8.1;22.00614892;SELL
2016-04-25T02:47:52.000000;2016-04-25T02:47:52.408519;4fd0c67c-e910-4862-a196-5666765a6026;8.1;9.04671084;SELL
2016-04-25T02:47:52.000000;2016-04-25T02:47:52.798593;4e6307a8-ffcb-48b5-b621-7e7dcd93f540;8.1;69.23;SELL
2016-04-25T02:47:53.000000;2016-04-25T02:47:53.369687;6caa88a8-7e6d-41c9-bf7e-3847ef6a6170;8.1;3.357789;SELL
2016-04-25T02:47:53.000000;2016-04-25T02:47:53.706680;cb819a0a-1bf5-4a7f-a968-8a1cf2a7ece5;8.1;1.44108141;SELL
2016-04-25T02:47:54.000000;2016-04-25T02:47:54.170709;a667de64-89b9-4128-90e6-eaaeff08bd31;8.1;1.05787402;SELL
2016-04-25T02:47:54.000000;2016-04-25T02:47:54.625758;0b59c1e4-edf3-48ae-bf86-e3bb8a8927a8;8.1;8.13464236;SELL
2016-04-25T02:47:55.000000;2016-04-25T02:48:05.796859;d035d8b5-c5fd-466b-ba96-9224d3ee22b6;8.1;3.357789;SELL
2016-04-25T02:48:02.000000;2016-04-25T02:48:05.970885;7faef1db-7e36-45de-9b1a-608a5bbada6f;8.1;11.52;SELL
2016-04-25T02:48:06.000000;2016-04-25T02:48:06.165887;e99f44d4-19fb-49a8-88d5-d28b090c2999;8.1;1.44339176;SELL
2016-04-25T02:48:07.000000;2016-04-25T02:48:07.573036;8336601e-2d6f-4529-8a4d-f0bb6e68a576;8.1;9.52494395;SELL
2016-04-25T02:48:07.000000;2016-04-25T02:48:07.979072;0f52a85d-482e-4f46-a955-2604b52c65b2;8.1;3.66740944;SELL
2016-04-25T02:48:09.000000;2016-04-25T02:48:09.894296;1431dcec-6cce-4acb-be73-78b9e773529a;8.1;1.74558119;SELL
2016-04-25T02:48:10.000000;2016-04-25T02:48:10.583333;40c4b7d1-2405-4e21-8be1-95f3378c55af;8.1;9.53914377;SELL
2016-04-25T02:48:11.000000;2016-04-25T02:48:11.211402;6e14051e-39f1-4773-b31e-e5b139533c23;8.1;3.66740944;SELL
2016-04-25T02:48:12.000000;2016-04-25T02:48:12.755550;e72734c3-c91f-43d5-b838-034126b10f13;8.1;3.66740944;SELL
2016-04-25T02:48:12.000000;2016-04-25T02:48:12.767545;be92f5f7-7bc6-4ede-b178-d156ca03bfde;8.1;1.74558119;SELL
2016-04-25T02:48:12.000000;2016-04-25T02:48:13.000567;beb128d4-7fcc-4753-8c8f-bc5106cab39c;8.1;1.26483435;SELL
2016-04-25T02:48:13.000000;2016-04-25T02:48:13.071612;d62ea1c2-5f0c-40fe-aa3b-6b3f6b3d3cdf;8.1;2.67368906;SELL
2016-04-25T02:48:13.000000;2016-04-25T02:48:13.207596;604f1a54-e060-4924-86ec-f9b611019953;8.1;3.84018742;SELL
2016-04-25T02:48:13.000000;2016-04-25T02:48:13.345615;6a48e7e9-f1cf-4349-9a2b-a210a5ad15af;8.1;1.74837972;SELL
2016-04-25T02:48:15.000000;2016-04-25T02:48:15.946871;cf6f32fb-1b2a-4f4e-aab5-c23f705bf0dc;8.1;2.67368906;SELL
2016-04-25T02:48:16.000000;2016-04-25T02:48:16.226913;7733c9e9-5b03-4e74-9e4f-039f4aec6e64;8.1;9.65261688;SELL
2016-04-25T02:48:17.000000;2016-04-25T02:48:17.070986;b262cfc7-3d12-47be-a54e-56e0ef1e9aa6;8.1;2.67368906;SELL
2016-04-25T02:48:17.000000;2016-04-25T02:48:17.177985;08311bf6-2d42-40ce-80c7-cb9b1c65bf35;8.1;8.136965;SELL
2016-04-25T02:48:17.000000;2016-04-25T02:48:17.225987;2410c119-da23-45ea-baf3-b7ec072465b6;8.1;1.26686214;SELL
2016-04-25T02:48:17.000000;2016-04-25T02:48:17.490042;b0089f09-3b77-48da-aeb1-caef95d9c001;8.1;9.062973;SELL
2016-04-25T02:48:17.000000;2016-04-25T02:48:17.822062;fd3aa66e-97a4-4731-b3d5-63fc95c81004;8.1;2.67368906;SELL
2016-04-25T02:48:17.000000;2016-04-25T02:48:17.971064;790e83e6-5169-4668-83d0-095a01815e6b;8.1;2.15253608;SELL
2016-04-25T02:48:18.000000;2016-04-25T02:48:18.864192;57081f3d-291c-4fe7-bd6d-fe4025f05469;8.1;2.67368906;SELL
2016-04-25T02:48:19.000000;2016-04-25T02:48:19.132203;69193e7c-d713-4a1e-9040-3a1059595028;8.1;9.65261688;SELL
2016-04-25T02:48:19.000000;2016-04-25T02:48:19.742255;80db8d70-ae8c-4212-8731-e17e1dae503c;8.1;39.93;SELL
2016-04-25T02:48:19.000000;2016-04-25T02:48:19.875259;c507d88a-1494-45f0-a5e0-5ea5b2c60da5;8.1;2.67368906;SELL
2016-04-25T02:48:21.000000;2016-04-25T02:48:21.437528;6547c425-aa97-48fa-b38e-5a70f796050e;8.1;8.0823941;SELL
2016-04-25T02:48:22.000000;2016-04-25T02:48:22.370579;e1c4950e-1f31-4553-932b-afa8a0e7f3ef;8.1;9.01454481;SELL
2016-04-25T02:48:22.000000;2016-04-25T02:48:22.391533;8949f03d-82a2-4752-b922-25c0c23c1542;8.1;21.73;SELL
2016-04-25T02:48:24.000000;2016-04-25T02:48:24.836834;49daa997-c887-46f7-8471-90cecdae22b4;8.1;8.24982305;SELL
2016-04-25T02:48:28.000000;2016-04-25T02:48:28.311117;e8ca4c58-f552-432d-8c23-d6d625cc7d47;8.1;8.24982305;SELL
2016-04-25T02:48:34.000000;2016-04-25T02:48:34.598746;081be12b-f077-482e-a538-1c14f07d6140;8.1;7.86785636;SELL
2016-04-25T02:48:36.000000;2016-04-25T02:48:37.248019;e3106720-02ff-4185-875e-f6af93c927ad;8.1;17.199945;SELL
2016-04-25T02:48:37.000000;2016-04-25T02:48:37.558026;e88fe047-d185-4935-a32e-c011138fc3f8;8.1;21.52479068;SELL
2016-04-25T02:48:37.000000;2016-04-25T02:48:37.934070;7d3b67f3-430e-49dc-bb5c-f50aa4714228;8.1;6.8505614;SELL
2016-04-25T02:48:38.000000;2016-04-25T02:48:38.357113;295f2633-95af-4231-ba89-b21e6ebc24c9;8.1;17.199945;SELL
2016-04-25T02:48:38.000000;2016-04-25T02:48:38.865170;b0abf467-c1e2-4af7-bd51-de3ed66fbfad;8.1;21.53014988;SELL
2016-04-25T02:48:39.000000;2016-04-25T02:48:39.431215;276f4d3a-007f-4b4f-bb93-3246a0e45f9c;8.1;17.199945;SELL
2016-04-25T02:48:39.000000;2016-04-25T02:48:39.935259;15db56b0-5a3c-4dbf-8232-aefbf4d1803e;8.1;21.53534786;SELL
2016-04-25T02:48:40.000000;2016-04-25T02:48:40.562331;fbc6b218-e546-4aa1-a166-ee9c4ae66461;8.1;17.199945;SELL
2016-04-25T02:48:40.000000;2016-04-25T02:48:40.824347;d10d68d6-21d6-44aa-9928-f03769b6c29c;8.1;4.61025565;SELL
2016-04-25T02:48:40.000000;2016-04-25T02:48:41.058385;8d0f8fb3-81f7-45af-b994-242639baa470;8.1;21.54054697;SELL
2016-04-25T02:48:41.000000;2016-04-25T02:48:42.006472;35a3ed03-5832-42db-ab2f-4c0052ca28e5;8.1;17.199945;SELL
2016-04-25T02:48:42.000000;2016-04-25T02:48:42.219499;76a35186-9a49-4917-a71c-c004059ec46e;8.1;2.0112268;SELL
2016-04-25T02:48:42.000000;2016-04-25T02:48:42.276507;22b463a4-e37d-4122-9420-205a3a0c8d49;8.1;15.41940507;SELL
2016-04-25T02:48:42.000000;2016-04-25T02:48:42.400510;c9e81744-7c80-4f8d-b2dd-b296791611a8;8.1;21.50009877;SELL
2016-04-25T02:48:42.000000;2016-04-25T02:48:42.477526;268cef17-272a-4773-bee4-04ebe0b5e003;8.1;19.66956594;SELL
2016-04-25T02:48:43.000000;2016-04-25T02:48:43.371648;7e7b413f-0b11-452f-b273-6dc6d7ba140c;8.1;17.199945;SELL
2016-04-25T02:48:43.000000;2016-04-25T02:48:43.414616;f7ab1eb3-ac29-4597-9952-b3c7ca680f37;8.1;19.66956603;SELL
2016-04-25T02:48:44.000000;2016-04-25T02:48:44.489228;118ed66b-e6c6-44e1-8087-204d18e85d9d;8.1;19.66956603;SELL
2016-04-25T02:48:44.000000;2016-04-25T02:48:44.568769;f9845862-8310-4a19-8763-44ea98d6a3bf;8.1;38.703034;SELL
2016-04-25T02:48:45.000000;2016-04-25T02:48:45.174787;3a8cbeaf-b219-4144-8d10-1aa84bdb9aa9;8.1;33.614263;SELL
2016-04-25T02:48:45.000000;2016-04-25T02:48:45.426814;253bbbe0-c76b-4c01-9473-a8c3681c0245;8.1;19.66956603;SELL
2016-04-25T02:48:46.000000;2016-04-25T02:48:46.215888;9c8daad7-cd28-4112-8785-7146c7a45450;8.1;19.66956594;SELL
2016-04-25T02:48:46.000000;2016-04-25T02:48:46.789949;d9f8ea9f-2ad8-41d7-907a-d166b2601902;8.1;2.03005995;SELL
2016-04-25T02:48:46.000000;2016-04-25T02:48:46.972972;07736e28-b977-4845-abe7-4823555f68ed;8.1;15.56379229;SELL
2016-04-25T02:48:47.000000;2016-04-25T02:48:47.965083;2527a456-b5a8-4107-a76d-a0261f7b27d4;8.1;22.88926859;SELL
2016-04-25T02:48:47.000000;2016-04-25T02:48:47.978078;70c12754-ddb9-4fe3-8c70-79839785b276;8.1;6.29488567;SELL
2016-04-25T02:48:52.000000;2016-04-25T02:48:52.751551;32cb4f18-b6f1-41b8-a41d-21fb9899321f;8.0564;0.57175529;SELL
2016-04-25T02:48:52.000000;2016-04-25T02:48:52.763544;bd201c11-e498-48a9-a4f2-8e8e264e10d3;8.02;24.82306893;SELL
2016-04-25T02:57:44.000000;2016-04-25T02:57:44.124796;9db2975c-c6b8-490b-99b7-85f18182117d;8.1065;20.0;BUY
2016-04-25T02:58:27.000000;2016-04-25T02:58:27.265129;0c6f8b60-279a-42a8-ac0d-74c01c5ef47c;8.0207;6.20875527;SELL
2016-04-25T02:58:27.000000;2016-04-25T02:58:27.274125;38700709-e5bb-40f2-809d-1c0bed43a25f;8.02;13.79124473;SELL
2016-04-25T02:58:41.000000;2016-04-25T02:58:41.617562;63643f36-ceb6-4a76-91aa-f633c052f7a8;8.02;7.3308231;SELL
2016-04-25T02:58:41.000000;2016-04-25T02:58:41.627548;07bda02d-22d3-4d57-aa7d-f60e94bbc97a;8.0184;0.57221332;SELL
2016-04-25T02:58:41.000000;2016-04-25T02:58:41.638526;63618b7f-93fe-4af6-b4b6-de1b00daa69a;8.0159;0.3;SELL
2016-04-25T02:58:41.000000;2016-04-25T02:58:41.658539;96ee9f51-2b6a-47c1-a25c-16636e3cbcb9;8.015;11.79696358;SELL
2016-04-25T02:58:43.000000;2016-04-25T02:58:43.650742;58083bef-7132-49f0-b230-f486955a290e;8.015;12.08258828;SELL
2016-04-25T02:58:43.000000;2016-04-25T02:58:43.655826;8775923b-2b40-4bf6-88b3-94d0555c40e8;8.013;7.91741172;SELL
2016-04-25T02:58:44.000000;2016-04-25T02:58:44.640846;023556e2-bf88-4f83-b0d7-6c7b31b1939c;8.013;20.0;SELL
2016-04-25T02:58:48.000000;2016-04-25T02:58:49.006277;8544d188-28e6-4ce7-b545-2abc7c203c92;8.013;20.0;SELL
2016-04-25T03:00:36.000000;2016-04-25T03:00:36.442002;0611646d-9aec-421d-bbb6-0c411ae16212;8.015;3.33321;SELL
2016-04-25T03:05:31.000000;2016-04-25T03:05:31.847549;2b59db86-116a-46ba-a7e3-0d0f7c643b39;8.012;39.29111344;SELL
2016-04-25T03:11:49.000000;2016-04-25T03:11:49.570304;f3f374b5-ec89-4ee8-bfa2-fcf9bad14e92;8.0593;0.82;BUY
2016-04-25T03:11:50.000000;2016-04-25T03:11:50.673430;6b4f8f8d-a1fe-41df-8794-bc583ce205bb;8.0593;0.82;BUY
2016-04-25T03:11:53.000000;2016-04-25T03:11:53.449265;88ea36d7-1723-4399-ba95-45b07907751d;8.0593;0.82;BUY
2016-04-25T03:11:53.000000;2016-04-25T03:11:53.479284;e0f6a0c0-8344-4b8d-9540-cb7ab7e6dd0b;8.0593;0.123524;BUY
2016-04-25T03:15:40.000000;2016-04-25T03:15:40.997039;2dcf68b5-e9f5-41d8-966e-59a9decd657a;8.0593;3.61902251;BUY
2016-04-25T03:25:52.000000;2016-04-25T03:25:52.195157;b3ccdf33-d865-408c-a7fc-09748f67becc;8.061;10.0;BUY
2016-04-25T03:50:08.000000;2016-04-25T03:50:08.262008;fe0e73e7-ef0f-485e-81e5-66200a28d08e;8.061;6.59438292;BUY
2016-04-25T03:50:08.000000;2016-04-25T03:50:08.272001;8455b04b-9761-4542-8439-f7e4a5de7a62;8.0611;0.57113484;BUY
2016-04-25T03:50:08.000000;2016-04-25T03:50:08.277005;e7fb83bf-49ef-45bc-bbb2-af4051d628a4;8.0619;0.83448224;BUY
2016-04-25T04:13:31.000000;2016-04-25T04:13:31.298945;b44d3eb8-1212-4d55-8123-37a10b9faaa5;8.012;2.00440126;SELL
2016-04-25T04:15:42.000000;2016-04-25T04:15:42.420025;0ed72761-7c6c-4a22-b4db-06ae7f4d0344;8.0354;3.365309;BUY
2016-04-25T04:15:42.000000;2016-04-25T04:15:42.426019;a11a7747-5617-411e-92b9-e96917259d56;8.0619;2.52141176;BUY
2016-04-25T04:15:42.000000;2016-04-25T04:15:42.429046;23e5c2b6-5d77-4362-8329-c4970a3b273d;8.0712;0.57461357;BUY
2016-04-25T04:16:39.000000;2016-04-25T04:16:39.296729;47a50f7f-b3a1-4968-9803-b204085f595a;8.0127;6.23235432;SELL
2016-04-25T04:57:47.000000;2016-04-25T04:57:47.929037;a446b1ab-b3f0-40ab-a7d7-223cdcdee54c;8.02;1.0;BUY
2016-04-25T05:07:22.000000;2016-04-25T05:07:22.614504;57302da4-5a37-474f-bc97-e4ea522fa38b;8.02;22.88926859;SELL
2016-04-25T05:07:22.000000;2016-04-25T05:07:22.635542;623910da-5c20-42ae-a676-8e8eac8a8df5;8.02;3.22146282;SELL
2016-04-25T05:07:22.000000;2016-04-25T05:07:22.822527;7fdd4c54-433d-41c3-bae7-bfdb73c869c1;8.02;22.88926859;SELL
2016-04-25T05:07:24.000000;2016-04-25T05:07:24.872766;2aa1f8b6-19a0-46f0-b58f-e9a0599ee4d1;8.015;3.22146282;SELL
2016-04-25T05:07:24.000000;2016-04-25T05:07:25.026750;65fb678c-6f96-4e49-8f95-a80d28553f9a;8.015;22.88926859;SELL
2016-04-25T05:07:25.000000;2016-04-25T05:07:25.508787;6581ea08-5b54-4814-b995-47058aa9fb56;8.015;22.88926859;SELL
2016-04-25T05:07:25.000000;2016-04-25T05:07:25.766815;120d1c72-1df0-4f1c-9d1c-29f7cd082d36;8.015;22.88926859;SELL
2016-04-25T05:07:26.000000;2016-04-25T05:07:26.195886;5cddf3e3-2fcf-4e8e-982e-2299a1a90605;8.015;22.88926859;SELL
2016-04-25T05:07:31.000000;2016-04-25T05:07:31.485407;cd346b2b-443b-421c-b6c4-fb85e8028876;8.015;5.22146282;SELL
2016-04-25T05:07:31.000000;2016-04-25T05:07:31.868416;702e2278-6198-4dc6-b094-d3f26a453ab2;8.012;14.73144142;SELL
2016-04-25T05:07:32.000000;2016-04-25T05:07:32.396476;21974ece-dcbd-4b26-8373-c6cf2fe88303;8.012;14.73144142;SELL
2016-04-25T05:09:34.000000;2016-04-25T05:09:34.571715;ab499659-2ad0-4095-8a58-029120f97199;8.02;50.0;SELL
2016-04-25T05:30:45.000000;2016-04-25T05:30:45.854615;6768388c-8aac-4b66-8abf-895228912f83;8.02;19.87379761;SELL
2016-04-25T06:06:07.000000;2016-04-25T06:06:08.004634;eb396e56-6d7c-44eb-a7e9-c2872d4bff2c;8.029;10.0;SELL
2016-04-25T06:08:08.000000;2016-04-25T06:08:08.228651;0bc0abf5-bb3d-4cb2-8e3e-2bc02598cca2;8.021;14.48044667;SELL
2016-04-25T06:22:42.000000;2016-04-25T06:22:42.814038;1112a51a-07ec-40b1-a7f9-5c6f94274ba3;8.029;10.0;SELL
2016-04-25T06:24:59.000000;2016-04-25T06:24:59.537668;b3f863ee-120d-4c29-a5df-533f99e17513;8.0692;0.57501006;BUY
2016-04-25T06:34:41.000000;2016-04-25T06:34:41.782617;6f95c814-b973-43f4-9db4-dace0fca2ce4;8.09;2.8;SELL
2016-04-25T06:34:41.000000;2016-04-25T06:34:41.800622;372cd66d-ce30-4d1a-ac37-967a4b93112b;8.089;3.365644;SELL
2016-04-25T06:49:40.000000;2016-04-25T06:49:40.294480;4d5ebf3d-4e7f-4af4-b324-554019587789;8.086;0.1;BUY
2016-04-25T07:05:43.000000;2016-04-25T07:05:43.132837;b0b0af80-cd86-45e1-aabb-2206c4922cc3;8.085;0.1;BUY
2016-04-25T07:30:56.000000;2016-04-25T07:30:56.787052;a737aef2-3fc1-4ac1-a557-b13d2eb4f8b1;8.086;39.90939714;BUY
2016-04-25T07:31:31.000000;2016-04-25T07:31:31.828548;8ecaed87-b93e-41f6-9a64-6156fd5518f7;8.0602;0.57501006;SELL
2016-04-25T07:31:31.000000;2016-04-25T07:31:31.834555;76c222db-7223-4a1f-a8d7-b72cfba076d4;8.0601;0.57501006;SELL
2016-04-25T07:31:31.000000;2016-04-25T07:31:31.836557;2bdf6fd1-4055-47b5-95d5-f4da1370de75;8.06;0.26996988;SELL
2016-04-25T07:31:32.000000;2016-04-25T07:31:32.066568;ca1f5253-8f34-497d-abbc-956b1e8210f7;8.06;0.31245541;SELL
2016-04-25T08:15:22.000000;2016-04-25T08:15:22.928310;4a9ff0bc-3d46-42fe-9ba4-35479746e636;8.0893;6.79070107;BUY
2016-04-25T08:23:56.000000;2016-04-25T08:23:56.695677;861ad5b4-6ca8-4d80-bc65-808a092e879f;8.0883;2.6;BUY
2016-04-25T08:24:39.000000;2016-04-25T08:24:39.455956;5631e67c-f6d9-4a10-88fd-20ad42af0e46;8.0893;6.3;BUY
2016-04-25T08:24:48.000000;2016-04-25T08:24:48.083805;ab02cc9d-7892-4f41-ac08-0b238d5ad1b7;8.0883;2.47309122;SELL
2016-04-25T08:26:31.000000;2016-04-25T08:26:31.687201;c9e7c135-a592-400e-85c2-2d33c81eab27;8.0894;1.0;BUY
2016-04-25T08:26:42.000000;2016-04-25T08:26:42.076213;94381e4e-639c-407c-b004-f07ba33df36b;8.0894;2.6;BUY
2016-04-25T08:28:26.000000;2016-04-25T08:28:26.118601;0d12173b-95ce-4abb-bbfe-d6ddaaffafa6;8.0884;9.9;SELL
2016-04-25T08:28:34.000000;2016-04-25T08:28:34.853508;2e78aaac-41cc-486c-8aab-6c0f3cdac1fe;8.0894;8.8;BUY
2016-04-25T08:30:26.000000;2016-04-25T08:30:26.215577;e2fd3999-9be3-4b5f-832b-4231656d9c40;8.09;3.0;BUY
2016-04-25T08:30:36.000000;2016-04-25T08:30:36.630594;bc654901-9db0-4a3f-a85e-1d1c923da39c;8.09;0.4;BUY
2016-04-25T08:30:45.000000;2016-04-25T08:30:45.157441;77abc0fb-4263-4f8e-9a0b-5d0be87f2e59;8.09;5.91121998;BUY
2016-04-25T08:30:45.000000;2016-04-25T08:30:45.980555;d1184afc-edf5-47cc-8be0-f8698c6e5139;8.09;0.68878002;BUY
2016-04-25T08:30:45.000000;2016-04-25T08:30:45.985519;18b67361-4d93-475e-8136-4ff9fa421996;8.09;2.60586725;BUY
2016-04-25T08:30:50.000000;2016-04-25T08:30:50.681996;775d8494-1c92-42b7-acc4-356dc095f4fc;8.1087;0.57277049;BUY
2016-04-25T08:30:51.000000;2016-04-25T08:30:51.357166;d981999c-c596-4077-8bde-107202aa6324;8.11;2.04380222;BUY
2016-04-25T08:33:06.000000;2016-04-25T08:33:06.260599;326da4d7-731f-4fa7-b6bc-29bc8dcebc46;8.0994;2.61657271;SELL
2016-04-25T08:33:06.000000;2016-04-25T08:33:06.267557;452cbe42-607c-4f1c-bdf8-c613deb0c53b;8.0994;3.29464727;SELL
2016-04-25T08:33:06.000000;2016-04-25T08:33:06.271582;f91c3721-50a8-4050-942d-bc4565107c70;8.0994;3.343842;SELL
2016-04-25T08:33:06.000000;2016-04-25T08:33:06.298996;35e2267e-5f43-4127-9207-2079e2d85938;8.0993;2.94493802;SELL
2016-04-25T08:33:23.000000;2016-04-25T08:33:23.769306;e6a219f5-3b8f-41f9-a79b-1bb52a4368b4;8.1;9.2;BUY
2016-04-25T08:33:33.000000;2016-04-25T08:33:33.814340;9a986bfa-ed60-4a4b-bd02-1d66e26a6bee;8.1;0.8;BUY
2016-04-25T08:34:15.000000;2016-04-25T08:34:16.068571;43244670-b69d-4d5e-a962-41485dad4ca8;8.11;0.1;BUY
2016-04-25T08:34:22.000000;2016-04-25T08:34:22.201182;de4f00da-56a4-446d-bf9c-821bbf015c1e;8.11;0.3;BUY
2016-04-25T08:34:26.000000;2016-04-25T08:34:26.202559;dd865836-38ef-4e59-b45b-1fed3f7ec43c;8.11;5.91121948;BUY
2016-04-25T08:34:27.000000;2016-04-25T08:34:27.956715;f49e1e2f-a22f-41ff-a1a7-299367e997be;8.11;1.6449783;BUY
2016-04-25T08:34:27.000000;2016-04-25T08:34:27.965750;58835ea7-cdcd-46a3-8dfe-e2abd4ef5e8e;8.11;4.26624118;BUY
2016-04-25T08:34:28.000000;2016-04-25T08:34:28.593775;ac6d5150-4df5-4e4c-bfc9-09a35a248594;8.11;5.73375882;BUY
2016-04-25T08:34:28.000000;2016-04-25T08:34:29.036826;3ad66724-8b6e-4fea-9e20-27d1d559df8c;8.1488;0.17746066;BUY
2016-04-25T08:34:29.000000;2016-04-25T08:34:29.625894;1cba3a7b-c343-4bac-a0dd-bd9702d6a4a8;8.1488;0.17746066;BUY
2016-04-25T08:35:12.000000;2016-04-25T08:35:13.001238;1e1aad53-81b9-43dc-9a2b-9462476d2904;8.113;2.0201789;SELL
2016-04-25T08:48:41.000000;2016-04-25T08:48:41.366076;d6b9721e-21cb-4092-a904-53198a53cd76;8.143;2.646419;BUY
2016-04-25T08:55:02.000000;2016-04-25T08:55:02.321134;8a29470a-dc1c-42c5-a194-6dc092aed885;8.123;7.1;BUY
2016-04-25T08:55:02.000000;2016-04-25T08:55:02.331128;3253715c-7cb2-4270-b0e2-c7ae89619ecd;8.123;3.3;BUY
2016-04-25T08:55:02.000000;2016-04-25T08:55:02.335399;b6cd65aa-b3c7-4a89-b9bc-e74762d176d6;8.124;45.02122788;BUY
2016-04-25T09:11:51.000000;2016-04-25T09:11:51.821790;74a6bf8d-00bc-4ef3-b6fa-72c29b077aab;8.127;3.358394;BUY
2016-04-25T09:11:51.000000;2016-04-25T09:11:51.828775;cda06f2d-6953-432e-b561-7478fd36d6e8;8.1276;4.49707784;BUY
2016-04-25T09:11:51.000000;2016-04-25T09:11:51.831793;3798da0a-0261-418e-a117-2030af5f88d7;8.1277;4.49707784;BUY
2016-04-25T09:11:51.000000;2016-04-25T09:11:51.860777;4e0e0fe4-509a-4cbe-9290-6ad15a0bbd7a;8.13;10.0;BUY
2016-04-25T09:11:51.000000;2016-04-25T09:11:51.860777;5fa41597-94fd-4a57-a907-c6a218eb74f6;8.15;20.0;BUY
2016-04-25T09:11:51.000000;2016-04-25T09:11:51.887789;77429dac-d1c5-499d-ba14-62306cedf930;8.152;67.64745032;BUY
2016-04-25T09:12:14.000000;2016-04-25T09:12:14.577091;8fa4e31b-5123-44c9-ab98-c3188f2a33ff;8.1;3.71916461;SELL
2016-04-25T09:12:15.000000;2016-04-25T09:12:15.508166;8e3a4572-8ead-4cbf-ab38-d8cadc877b77;8.1;3.71831208;SELL
2016-04-25T09:12:15.000000;2016-04-25T09:12:15.857189;aead4f01-cc42-4d68-889d-bcd1ed4c4a89;8.1;3.71916461;SELL
2016-04-25T09:12:18.000000;2016-04-25T09:12:18.664477;06779636-40c4-4f9d-8293-9209634fd501;8.1;3.71916461;SELL
2016-04-25T09:12:27.000000;2016-04-25T09:12:27.821397;9bea8a3a-c5c5-4a24-a3a7-80765a231be1;8.1007;3.71916461;SELL
2016-04-25T09:18:32.000000;2016-04-25T09:18:32.423405;5c7ed179-bf37-4a6b-8cb2-bc5e5477edf9;8.1;1.047071;SELL
2016-04-25T09:18:34.000000;2016-04-25T09:18:34.491588;90f0249e-1e5a-4bef-8a20-a7e90867602c;8.1;1.047071;SELL
2016-04-25T09:19:51.000000;2016-04-25T09:19:51.297263;5587a6ac-bdac-4a09-9b0a-66c9e3fb3167;8.1;7.17967053;SELL
2016-04-25T09:20:03.000000;2016-04-25T09:20:03.283441;0eef3f6b-2bdb-4776-b784-5f4ab5dbf4e9;8.1;3.69902205;SELL
2016-04-25T09:20:08.000000;2016-04-25T09:20:08.968016;36e8b300-b4e4-4a9f-a0f5-6cbd94de4de1;8.1;8.41948608;SELL
2016-04-25T09:20:28.000000;2016-04-25T09:20:28.393963;aef0d56e-8a48-4698-a2b3-8b7415d541c9;8.101;3.71916461;SELL
2016-04-25T09:20:29.000000;2016-04-25T09:20:29.177026;71248c63-84c9-40ac-9a3c-35a4c29051c6;8.101;3.71916461;SELL
2016-04-25T09:21:42.000000;2016-04-25T09:21:42.266371;8e645735-0f4b-4d55-919d-5bbe86929131;8.102;2.90466919;SELL
2016-04-25T09:21:45.000000;2016-04-25T09:21:45.588693;12c144db-a99e-4c9c-8b03-d844ab3f6a4c;8.102;2.90466919;SELL
2016-04-25T09:21:48.000000;2016-04-25T09:21:48.137966;6c6827f6-3b8f-4053-a515-d37f9a367a4f;8.102;2.90466919;SELL
2016-04-25T09:21:50.000000;2016-04-25T09:21:50.518196;1bdf452b-895c-4b94-bdaa-e33cedfdf2ff;8.102;2.90466919;SELL
2016-04-25T09:21:54.000000;2016-04-25T09:21:54.220552;c615fe48-12be-4d4a-8554-dfe5d8700636;8.102;2.90466919;SELL
2016-04-25T09:21:57.000000;2016-04-25T09:21:57.427882;2103d081-6c9a-4a07-9f47-3cb40798d958;8.102;2.90466919;SELL
2016-04-25T09:22:01.000000;2016-04-25T09:22:01.178370;bf597cd0-976d-44c7-abfc-138ae273e5ad;8.102;2.90466919;SELL
2016-04-25T09:22:05.000000;2016-04-25T09:22:05.735764;8eb06712-1336-4736-b508-098592a4535a;8.102;2.90466919;SELL
2016-04-25T09:22:08.000000;2016-04-25T09:22:08.655994;afb7f920-33c4-4fde-bdc4-36602db7d4bb;8.102;1.76264648;SELL
2016-04-25T09:25:44.000000;2016-04-25T09:25:44.464076;1d718948-9a55-4785-9f72-f0a2e571278d;8.1;0.66373353;SELL
2016-04-25T09:26:10.000000;2016-04-25T09:26:10.989598;4e52f81e-343b-4af4-b976-13194e98d8a3;8.1;1.4657318;SELL
2016-04-25T09:26:11.000000;2016-04-25T09:26:11.565269;d1baaebd-d4be-4f41-b98f-8bc1deef8efc;8.1;3.70684105;SELL
2016-04-25T09:26:19.000000;2016-04-25T09:26:19.458079;5f9f7dd8-5d09-4c37-8669-738c75b28b92;8.102;0.2;BUY
2016-04-25T09:26:47.000000;2016-04-25T09:26:48.016950;2d8a7435-fc2c-42f5-86d2-11d20d61a379;8.1;3.77473461;SELL
2016-04-25T10:03:11.000000;2016-04-25T10:03:11.453980;ff75d325-4a3d-4841-a9fb-bf33d3ece876;8.102;0.94202271;BUY
2016-04-25T10:03:11.000000;2016-04-25T10:03:11.460930;96f182a5-7708-4d6b-9504-6120a4d6f7bd;8.102;1.76264648;BUY
2016-04-25T10:05:27.000000;2016-04-25T10:05:27.983609;4a402058-e867-40a5-abfd-55b085b18b9e;8.102;4.38211321;SELL
2016-04-25T10:05:30.000000;2016-04-25T10:05:30.847892;c26faa46-eab3-46a3-8f88-73acd5e34ecf;8.102;4.38211321;SELL
2016-04-25T10:05:40.000000;2016-04-25T10:05:40.925884;d924d6c9-f6fe-4fcd-95d5-d3ac8d3c12cb;8.102;4.38211321;SELL
2016-04-25T10:05:44.000000;2016-04-25T10:05:44.891317;96da4219-cf9b-4d44-9ebc-256c8132905f;8.102;4.38211321;SELL
2016-04-25T10:05:48.000000;2016-04-25T10:05:48.536674;87434716-c617-4e4a-a8bc-c82bc6694ae1;8.102;4.38211321;SELL
2016-04-25T10:05:52.000000;2016-04-25T10:05:52.094022;070195d6-ffc9-4d11-98e6-12b445287a9a;8.102;4.38211321;SELL
2016-04-25T10:05:56.000000;2016-04-25T10:05:56.392423;60e0b657-72ad-4ece-888d-5a6d8a3c5e95;8.102;4.38211321;SELL
2016-04-25T10:06:08.000000;2016-04-25T10:06:08.759679;da5707c2-994a-4c0e-b57f-e0722d0bf74b;8.102;4.38211321;SELL
2016-04-25T10:06:11.000000;2016-04-25T10:06:11.984999;c397c2c9-e09a-4df7-ac64-df7f289b1c19;8.102;4.38211321;SELL
2016-04-25T10:06:16.000000;2016-04-25T10:06:16.675500;0906983a-93ab-4c3a-a1a3-4fa26e9d82e6;8.102;4.38211321;SELL
2016-04-25T10:06:20.000000;2016-04-25T10:06:20.208836;88ad9082-65c8-4ace-ba8d-869cd948b09c;8.102;4.38211321;SELL
2016-04-25T10:06:33.000000;2016-04-25T10:06:33.345121;f756a3ec-965e-40ad-b516-2e8c86db3ae4;8.102;5.01202098;SELL
2016-04-25T10:06:37.000000;2016-04-25T10:06:37.712560;d0ec42d7-e40d-4fea-a7d4-a335b262ff8c;8.102;5.10765403;SELL
2016-04-25T10:06:40.000000;2016-04-25T10:06:40.791886;5a4c842e-9121-4c69-903a-787924fd4307;8.102;5.10765403;SELL
2016-04-25T10:06:50.000000;2016-04-25T10:06:50.721855;fef999ce-3cd4-4891-88ba-107d0c30a3ff;8.102;5.10765403;SELL
2016-04-25T10:06:53.000000;2016-04-25T10:06:53.642154;80c7d7d5-01a8-410a-9b2c-4677214dfced;8.102;4.47769159;SELL
2016-04-25T10:06:56.000000;2016-04-25T10:06:56.510462;b9ff3091-d32f-40dd-bd16-f333cc767ccf;8.102;4.47769159;SELL
2016-04-25T10:06:58.000000;2016-04-25T10:06:58.956718;f85ded29-62d9-4887-bad2-275bfe2ff88c;8.102;4.47769159;SELL
2016-04-25T10:07:02.000000;2016-04-25T10:07:02.438163;ab034ee5-2572-45cb-b6d9-932b1c95f2f3;8.102;4.47769159;SELL
2016-04-25T10:07:06.000000;2016-04-25T10:07:06.264421;baabe5c9-96b9-4003-a013-2d5444dc2bfd;8.102;4.47769159;SELL
2016-04-25T10:07:09.000000;2016-04-25T10:07:09.592748;fea6496e-5795-4b79-a296-9dcb4800a4f2;8.102;0.72531753;SELL
2016-04-25T10:07:12.000000;2016-04-25T10:07:12.121011;19ba7845-94ec-48d7-9210-52b26e00096b;8.102;4.47769159;SELL
2016-04-25T10:07:14.000000;2016-04-25T10:07:14.714265;8e059891-e574-4e7a-8246-bf75db4f3593;8.102;13.83782373;SELL
2016-04-25T10:07:33.000000;2016-04-25T10:07:33.053106;3fb2fcd6-b4dd-44e7-890a-9b0998d0af86;8.102;13.83782373;SELL
2016-04-25T10:07:36.000000;2016-04-25T10:07:36.286418;6009c5fe-dee9-443b-8186-2bdfbbbfcc19;8.102;13.83782373;SELL
2016-04-25T10:07:39.000000;2016-04-25T10:07:39.130715;20e47174-56a4-4c8e-a790-390d0002640b;8.102;10.13270116;SELL
2016-04-25T10:07:41.000000;2016-04-25T10:07:41.562963;2b7900b1-b500-4534-a0c8-a44acf21e285;8.102;4.47769159;SELL
2016-04-25T10:07:43.000000;2016-04-25T10:07:43.646156;db1b2215-65d1-4a51-b11d-7095c11c7a95;8.102;4.47769159;SELL
2016-04-25T10:07:46.000000;2016-04-25T10:07:46.746477;a683d386-5e31-4172-9d91-ebcbd3795a00;8.102;4.47769159;SELL
2016-04-25T10:07:48.000000;2016-04-25T10:07:48.992697;12d94e1b-5132-441f-baa2-367182e0a570;8.102;4.47769159;SELL
2016-04-25T10:07:53.000000;2016-04-25T10:07:53.579171;03fc51aa-8f9a-4e9b-84f3-bd2725a6d17a;8.102;4.47769159;SELL
2016-04-25T10:07:56.000000;2016-04-25T10:07:56.648461;5a951cf5-1ccb-4125-9a57-c9533476078d;8.102;4.47769159;SELL
2016-04-25T10:08:08.000000;2016-04-25T10:08:08.036595;6103aba9-5b60-4ac7-904d-dd72e4818ffb;8.102;3.6795245;SELL
2016-04-25T10:08:11.000000;2016-04-25T10:08:11.272927;ddbbad1e-efab-4a54-bf2b-44d6a49c2ff3;8.102;3.54200051;SELL
2016-04-25T10:08:13.000000;2016-04-25T10:08:13.822203;995dca2b-c58c-4b40-bd5a-ceac37b3e29e;8.102;0.79967438;SELL
2016-04-25T10:08:16.000000;2016-04-25T10:08:16.528496;6a5d4e71-0d48-4be0-8df2-f0dc0890ce9a;8.102;3.92280538;SELL
2016-04-25T10:08:19.000000;2016-04-25T10:08:19.268716;24ca27fa-155f-4878-b2f6-0efda7ebf563;8.102;0.82349645;SELL
2016-04-25T10:08:22.000000;2016-04-25T10:08:22.530207;9ce63b32-8f6e-4537-8e4d-d3423a9f15d8;8.102;11.64949314;SELL
2016-04-25T10:08:23.000000;2016-04-25T10:08:23.654155;c926a034-4862-4a5e-991b-02398a9b50a4;8.102;14.02196704;SELL
2016-04-25T10:08:23.000000;2016-04-25T10:08:23.908221;8938ebf8-40c8-4164-97f6-86a990061731;8.102;3.70874797;SELL
2016-04-25T10:08:24.000000;2016-04-25T10:08:24.778298;707d9074-2232-4f9e-977b-4434c33fbfc4;8.102;3.70874797;SELL
2016-04-25T10:08:24.000000;2016-04-25T10:08:25.014316;c209449d-c33a-4b80-bb1e-c21373d22cd9;8.102;3.68063955;SELL
2016-04-25T10:08:24.000000;2016-04-25T10:08:25.031295;ca820d16-4eea-4413-830e-14d4fefb0153;8.102;23.11621658;SELL
2016-04-25T10:08:24.000000;2016-04-25T10:08:25.050291;4fbc94ae-af8e-4a29-a913-5fdea91df1b1;8.1;5.10201999;SELL
2016-04-25T10:08:25.000000;2016-04-25T10:08:25.237315;7779c231-808e-4277-a30f-7e2df1483379;8.1;3.70874797;SELL
2016-04-25T10:08:26.000000;2016-04-25T10:08:26.834469;7d008cd7-769b-43be-8e0b-57cec05e3d62;8.1;1.45062703;SELL
2016-04-25T10:08:27.000000;2016-04-25T10:08:27.278580;0cc03690-6a9c-47e9-a177-a997ec2577bc;8.1;3.70874797;SELL
2016-04-25T10:08:27.000000;2016-04-25T10:08:27.740575;21583180-735d-4e30-8232-82990b7469e8;8.1;21.06867621;SELL
2016-04-25T10:08:27.000000;2016-04-25T10:08:27.767563;15e34018-f3b1-40cc-a554-d70b4fb5d9c6;8.1;4.49707784;SELL
2016-04-25T10:08:27.000000;2016-04-25T10:08:27.784748;73284793-65ad-4ea8-bb7b-7ce719380491;8.1;4.49707784;SELL
2016-04-25T10:08:27.000000;2016-04-25T10:08:27.798560;ed301a9d-2c84-40f2-acac-05d364f4f90b;8.1;4.49707784;SELL
2016-04-25T10:08:27.000000;2016-04-25T10:08:27.925595;8bbedf9e-782d-4222-a58a-8d8d59d2a226;8.1;2.7480882;SELL
2016-04-25T10:08:27.000000;2016-04-25T10:08:27.951585;9f693abb-fdf7-435e-8d2b-cbc3cf6d485c;8.1;4.49707784;SELL
2016-04-25T10:08:27.000000;2016-04-25T10:08:27.967594;13001d8d-b5b7-4c88-b61d-83ab0d812f18;8.1;4.49707784;SELL
2016-04-25T10:08:27.000000;2016-04-25T10:08:27.991610;b08f8f77-c2e7-45b5-bb4b-022ff74bc6fb;8.1;4.49707784;SELL
2016-04-25T10:08:27.000000;2016-04-25T10:08:28.110604;d1026b8c-5257-4317-b4f3-9bc2f537c08d;8.1;4.49707784;SELL
2016-04-25T10:08:27.000000;2016-04-25T10:08:28.168662;a7289097-f8ad-4a97-9986-0e36d0cb5d58;8.1;4.49707784;SELL
2016-04-25T10:08:27.000000;2016-04-25T10:08:28.208626;0cdee985-7cce-4980-8058-53e5b7b2829a;8.1;3.12541243;SELL
2016-04-25T10:08:29.000000;2016-04-25T10:08:29.037711;3b6691d4-f11d-45ba-91a2-cfa559f2dfe0;8.1;11.1560224;SELL
2016-04-25T10:08:31.000000;2016-04-25T10:08:31.790969;be3bd597-4e7e-4c13-a1d1-f1bfc8e0b511;8.1;11.1560224;SELL
2016-04-25T10:08:34.000000;2016-04-25T10:08:36.738469;adfebdbe-54e5-4855-9632-d989bea4b274;8.1;11.1560224;SELL
2016-04-25T10:08:38.000000;2016-04-25T10:08:38.990680;d2725afb-c62f-41c7-85b0-cc8de36e9208;8.1;11.1560224;SELL
2016-04-25T10:08:48.000000;2016-04-25T10:08:48.573657;e28e336e-7a0d-4ba0-8082-2b7548b1eeab;8.1;5.0;SELL
2016-04-25T10:09:28.000000;2016-04-25T10:09:28.268622;37e46238-813e-43f8-9fdf-5e6149277d0b;8.1;10.98797407;SELL
2016-04-25T10:09:28.000000;2016-04-25T10:09:29.089704;ff998443-17b1-41d0-bb16-94477b0191cf;8.1;5.4909417;SELL
2016-04-25T10:09:31.000000;2016-04-25T10:09:31.156906;d844f22f-0379-4c69-92c2-35936be5d5bd;8.1;5.13969878;SELL
2016-04-25T10:09:31.000000;2016-04-25T10:09:31.357333;bf25f8a0-f52a-48a2-9bc6-2bbfec0825ed;8.1;3.57572435;SELL
2016-04-25T10:09:34.000000;2016-04-25T10:09:34.519238;96eea533-bc2d-4bb2-a08e-2e6965fa9fd9;8.1;2.52878002;SELL
2016-04-25T10:09:37.000000;2016-04-25T10:09:37.177507;077a1483-f0ab-4f04-a4b8-40fc0128ce0d;8.1;3.07345474;SELL
2016-04-25T10:09:39.000000;2016-04-25T10:09:39.885142;e0f8aa61-b5d5-41b4-8d74-07e9e95d3b2a;8.1;2.50578173;SELL
2016-04-25T10:09:42.000000;2016-04-25T10:09:42.584089;80b175ca-c341-4968-a962-5536e51738b8;8.1;3.35449802;SELL
2016-04-25T10:09:47.000000;2016-04-25T10:09:47.566014;8aef4bc5-4b2b-4a8e-af8d-2fd8ffcb08b1;8.1;2.52253497;SELL
2016-04-25T10:09:49.000000;2016-04-25T10:09:49.636762;1d715610-b028-49a3-a2c6-5fdcaf52c704;8.1;2.97418956;SELL
2016-04-25T10:09:59.000000;2016-04-25T10:09:59.919780;7db1f5a1-ae88-487e-9312-1e6a4929ab57;8.1;1.21475492;SELL
2016-04-25T10:10:03.000000;2016-04-25T10:10:03.106098;acff3e81-89d2-495d-bea9-7afdbe2fb5e8;8.1;6.06055369;SELL
2016-04-25T10:10:06.000000;2016-04-25T10:10:06.392441;9249a51d-f739-4a03-9ea4-6d50927aed6d;8.1;6.06055369;SELL
2016-04-25T10:10:08.000000;2016-04-25T10:10:08.782673;54bfe490-25cb-49f8-9e38-bcd7e3c18c6f;8.1;6.06055369;SELL
2016-04-25T10:10:12.000000;2016-04-25T10:10:12.163027;f3997b48-ca38-4482-b8da-bd47277f69db;8.1;6.06055369;SELL
2016-04-25T10:10:14.000000;2016-04-25T10:10:14.992284;342a1827-02ce-40e3-b52b-ccf6b8f7add8;8.1;6.06055369;SELL
2016-04-25T10:10:17.000000;2016-04-25T10:10:17.710569;93c6b892-7d04-415b-b672-4a2cfa21510f;8.1;6.06055369;SELL
2016-04-25T10:10:20.000000;2016-04-25T10:10:20.724894;f9f1697e-ee95-4782-936c-c5a13531e1eb;8.1;6.06055369;SELL
2016-04-25T10:10:23.000000;2016-04-25T10:10:23.471139;6e8cfa9b-1526-49c1-910d-a0f64b48fcc8;8.1;6.06055369;SELL
2016-04-25T10:10:27.000000;2016-04-25T10:10:27.461528;f6a11efc-2c3c-4902-9afa-348730bcadc1;8.1;6.06055369;SELL
2016-04-25T10:10:33.000000;2016-04-25T10:10:33.164116;5fec2dd5-ef57-4483-a1b1-07ad6d972c2e;8.1;6.58695462;SELL
2016-04-25T10:10:37.000000;2016-04-25T10:10:37.544574;77a700d6-6aee-42f4-9986-f3f4cdb01bd6;8.1;1.58993318;SELL
2016-04-25T10:10:41.000000;2016-04-25T10:10:41.905022;e744661d-a27d-4000-869a-c4079c76bfa3;8.1;1.21716702;SELL
2016-04-25T10:10:45.000000;2016-04-25T10:10:45.888425;4f551fe7-4b89-4bbb-8788-c098132be14b;8.1;6.13375881;SELL
2016-04-25T10:10:52.000000;2016-04-25T10:10:52.616133;90a1ee6d-f559-45ce-9169-56c5fb6cd674;8.1;54.5532808;SELL
2016-04-25T10:11:28.000000;2016-04-25T10:11:28.430656;e9e37775-9bf9-4e40-88cd-7f363e559922;8.1;6.12108807;SELL
2016-04-25T10:11:28.000000;2016-04-25T10:11:28.724684;80734b14-dd3d-499c-83ec-5abed5bf9815;8.1;299.34486229;SELL
2016-04-25T10:13:33.000000;2016-04-25T10:13:33.680152;201ae2cc-de69-4e84-84c1-235214e8b301;8.0822;0.56666856;SELL
2016-04-25T10:13:33.000000;2016-04-25T10:13:33.686164;0caefc09-2467-4cef-9562-aad91019269f;8.06;0.08049783;SELL
2016-04-25T10:14:54.000000;2016-04-25T10:14:54.746509;0c9fb696-524b-48a7-931f-a26e6ce6c9c9;8.0321;0.56776245;SELL
2016-04-25T10:14:54.000000;2016-04-25T10:14:54.759529;8e8a5cea-d50d-4372-ad9a-11b7e8b9a5be;8.0289;0.4;SELL
2016-04-25T10:14:54.000000;2016-04-25T10:14:54.763527;24bf0945-539e-4fbb-ac29-cb57b83439bd;8.0207;2.45091431;SELL
2016-04-25T10:14:54.000000;2016-04-25T10:14:54.790562;1445153d-f89c-41bd-aca0-7f63a0b5c0fb;8.02;16.19174874;SELL
2016-04-25T10:17:37.000000;2016-04-25T10:17:37.375781;45d40aaa-6676-4aba-984e-caa6619361cf;8.02;1.4994;SELL
2016-04-25T10:24:43.000000;2016-04-25T10:24:43.478400;ef526c39-e1eb-42be-9c82-6300821d052f;8.02;12.43505365;SELL
2016-04-25T10:25:08.000000;2016-04-25T10:25:08.111853;d62cf6db-4702-4b41-b887-7468d7f18c8d;8.012;1.01206114;SELL
2016-04-25T10:26:45.000000;2016-04-25T10:26:45.735636;50c908cb-4d0d-4c0a-b011-cc2e1cdb7175;8.012;11.74174132;SELL
2016-04-25T10:26:54.000000;2016-04-25T10:26:55.110546;ea810545-56a6-4df7-abf9-38d9202111d9;8.01;50.0;SELL
2016-04-25T10:27:41.000000;2016-04-25T10:27:41.614207;de79017e-0380-4e87-b916-d403ebfbd4f4;8.01;1.50089685;SELL
2016-04-25T10:27:41.000000;2016-04-25T10:27:41.912219;5aa17d29-3310-483b-915d-36bafc0938c2;8.01;19.6104255;SELL
2016-04-25T10:27:47.000000;2016-04-25T10:27:47.361798;8c45a0fc-e96a-47c7-941a-ae81225ec3b7;8.01;14.50374907;SELL
2016-04-25T10:27:49.000000;2016-04-25T10:27:49.429971;5d3f14b0-664a-4db4-aa0f-31de68ed3f1d;8.01;14.50374907;SELL
2016-04-25T10:27:59.000000;2016-04-25T10:27:59.891089;1415877f-6fb4-4d84-adf0-35a70cae8873;8.01;14.50437954;SELL
2016-04-25T10:28:01.000000;2016-04-25T10:28:01.057216;fb023bad-e5eb-4e1d-a415-9750b4a3fea0;8.01;14.50437954;SELL
2016-04-25T10:28:09.000000;2016-04-25T10:28:10.080052;79464883-d3ea-473b-be44-3030b1d0af3e;8.01;14.50469478;SELL
2016-04-25T10:28:41.000000;2016-04-25T10:28:41.827232;41b7a9a7-6289-48be-acb1-0719ba366a13;8.01;10.84022738;SELL
2016-04-25T10:28:42.000000;2016-04-25T10:28:42.465281;34d7854a-e4c1-46c8-b52d-e99449415296;8.01;14.50469478;SELL
2016-04-25T10:28:42.000000;2016-04-25T10:28:42.493283;b8842b17-bb49-47a2-881a-e648e29af8ef;8.01;19.6104255;SELL
2016-04-25T10:28:42.000000;2016-04-25T10:28:42.504279;5c9a30ea-77ca-46a7-b090-27bf74f87788;8.01;10.17718025;SELL
2016-04-25T10:28:42.000000;2016-04-25T10:28:42.661299;28f5116c-b303-4c00-ac00-76c5836e53c2;8.01;19.6104255;SELL
2016-04-25T10:28:42.000000;2016-04-25T10:28:42.908321;25100679-2fe9-4f34-b830-904b5cc1968a;8.01;5.92692497;SELL
2016-04-25T10:28:48.000000;2016-04-25T10:28:48.505909;8b8b2985-3b01-45b4-a819-33a66ff2ae9a;8.01;14.24414523;SELL
2016-04-25T10:30:42.000000;2016-04-25T10:30:42.217902;8f066730-3402-4f3b-a93a-da2ecee39bc9;8.01;3.10756599;SELL
2016-04-25T10:30:44.000000;2016-04-25T10:30:44.709151;29c289a8-16f2-4651-b9f9-e1e50c590b77;8.01;3.03474979;SELL
2016-04-25T10:33:03.000000;2016-04-25T10:33:03.942100;16f1b12b-45f9-42dc-985a-a6b910363d29;8.01;3.51099615;SELL
2016-04-25T10:33:06.000000;2016-04-25T10:33:06.783355;2aaa08d2-4549-4656-a76d-649163dd61f7;8.01;3.40879463;SELL
2016-04-25T10:33:10.000000;2016-04-25T10:33:10.099680;e0a2a27e-db9c-4594-bb1a-c6bf48c49ed2;8.01;3.29737334;SELL
2016-04-25T10:33:13.000000;2016-04-25T10:33:13.913097;cb343de0-20f6-4669-b632-5195cb607587;8.01;3.17738318;SELL
2016-04-25T10:33:16.000000;2016-04-25T10:33:16.700380;1922bd89-8374-492d-ba3a-e6b7a202602f;8.01;3.04966612;SELL
2016-04-25T10:33:18.000000;2016-04-25T10:33:18.770541;4669d601-2c9b-40c6-a11f-f6f4c25c5831;8.01;2.91523681;SELL
2016-04-25T10:35:45.000000;2016-04-25T10:35:45.578225;12053bf5-b6ff-4f3b-9239-a96a909f307f;8.01;4.76704049;SELL
2016-04-25T10:35:47.000000;2016-04-25T10:35:47.866488;eb14d0d5-c6ab-4555-ba19-c92f94f4ca4e;8.01;3.8552615;SELL
2016-04-25T10:35:50.000000;2016-04-25T10:35:50.919798;92344351-bafe-474e-a239-9db90fc076be;8.01;3.63104319;SELL
2016-04-25T10:35:54.000000;2016-04-25T10:35:54.459151;ab2d5524-e26e-41cd-b1c0-307055907956;8.01;3.39836791;SELL
2016-04-25T10:35:57.000000;2016-04-25T10:35:57.315405;855a22ec-285d-4b94-b5d2-84eb7f70f667;8.01;3.16040485;SELL
2016-04-25T10:36:01.000000;2016-04-25T10:36:01.981887;baabfab9-4c5e-4592-9480-9ac34876f3e6;8.01;2.92043842;SELL
2016-04-25T10:40:36.000000;2016-04-25T10:40:36.946378;1a5f38e4-eb92-4888-a775-cc68d3bfeaa4;8.01;4.11161446;SELL
2016-04-25T10:40:40.000000;2016-04-25T10:40:40.427722;ddf282be-5f3b-4fa1-a1d3-d7f14b33a50b;8.01;4.11161446;SELL
2016-04-25T10:40:43.000000;2016-04-25T10:40:43.209006;f1947d01-75c8-4ab3-a709-933ce544b558;8.01;4.11161446;SELL
2016-04-25T10:42:54.000000;2016-04-25T10:42:54.394096;0270f2e0-bf9d-48e5-baf0-85a19f5a872d;8.01;2.497;SELL
2016-04-25T10:42:55.000000;2016-04-25T10:42:55.125192;1112fb38-d0c5-43ed-8981-4758e7131d47;8.01;2.14695431;SELL
2016-04-25T10:42:57.000000;2016-04-25T10:42:57.662451;10a36220-5919-4f1f-9fed-6b72001c1527;8.01;2.14695431;SELL
2016-04-25T10:47:30.000000;2016-04-25T10:47:30.615372;6c08986d-e692-4757-93e2-955ec45ff689;8.01;3.04752537;SELL
2016-04-25T10:47:33.000000;2016-04-25T10:47:33.033628;fce84f47-6b98-487b-8e1b-588cf24ca601;8.01;3.04752537;SELL
2016-04-25T10:47:35.000000;2016-04-25T10:47:35.434987;5d43a69b-b510-47f6-9d91-b35dbac6476a;8.01;3.04752537;SELL
2016-04-25T10:47:37.000000;2016-04-25T10:47:37.919154;a07e0f49-4efb-46e2-8138-4727793372fe;8.01;3.04752537;SELL
2016-04-25T10:47:40.000000;2016-04-25T10:47:40.843405;a02dd71f-0a56-495b-8936-7c1783db7cbf;8.01;3.04752537;SELL
2016-04-25T10:47:43.000000;2016-04-25T10:47:43.856707;c8be79fb-c557-483b-a802-a77d57084752;8.01;3.04752537;SELL
2016-04-25T10:47:45.000000;2016-04-25T10:47:45.946907;060e2d76-ee96-4557-91d0-8071cb7b2d1b;8.01;3.04752537;SELL
2016-04-25T10:47:48.000000;2016-04-25T10:47:48.646173;aea52c33-7dac-4834-a259-29d2df6025cc;8.01;3.04752537;SELL
2016-04-25T10:47:51.000000;2016-04-25T10:47:51.551472;b6e112c9-5559-4cfe-9845-8bdc2ce52772;8.01;3.04752537;SELL
2016-04-25T10:47:54.000000;2016-04-25T10:47:54.082703;695f19b6-018f-4dbf-b292-99d424a9326b;8.01;3.09574662;SELL
2016-04-25T10:47:56.000000;2016-04-25T10:47:56.351935;998fcbe7-ba92-494c-995c-e1af63b275a3;8.01;3.14396787;SELL
2016-04-25T10:47:58.000000;2016-04-25T10:47:58.409137;c31097d2-b301-45cf-b33b-e58afeb494e3;8.01;3.14396787;SELL
2016-04-25T10:48:01.000000;2016-04-25T10:48:01.828319;99fb4b5d-2170-421a-ae8f-8e82f11f33d0;8.01;3.14396787;SELL
2016-04-25T10:48:05.000000;2016-04-25T10:48:05.716875;455a555c-af2b-45c7-a5d3-e8b934691a1c;8.01;3.14396787;SELL
2016-04-25T10:48:07.000000;2016-04-25T10:48:07.856094;be0553c5-9c4e-4615-a3e2-99401c585372;8.01;3.14396787;SELL
2016-04-25T10:48:11.000000;2016-04-25T10:48:11.751485;6442cf34-f3af-4f2e-a665-501b9e63f3d7;8.01;3.14396787;SELL
2016-04-25T10:48:14.000000;2016-04-25T10:48:15.005811;f8cd69e3-b51c-4bf1-ae73-26f58c682714;8.01;3.14396787;SELL
2016-04-25T10:48:17.000000;2016-04-25T10:48:17.706109;37dd93ac-7617-4b5d-acf4-bdc65f477196;8.01;3.24041037;SELL
2016-04-25T10:48:22.000000;2016-04-25T10:48:22.040134;98e30b2a-5cdb-4ff0-a918-a4ef3822f9e3;8.01;3.24041037;SELL
2016-04-25T10:48:24.000000;2016-04-25T10:48:24.843790;257e931b-eaaa-4181-9dc6-320e77f725ad;8.01;3.24041037;SELL
2016-04-25T10:48:27.000000;2016-04-25T10:48:27.647594;81a1b435-6112-4498-a62f-5f702953e10f;8.01;3.24041037;SELL
2016-04-25T10:48:30.000000;2016-04-25T10:48:30.623371;8b56e52a-0165-4e3f-aa27-e314cee399d0;8.01;3.28863161;SELL
2016-04-25T10:48:33.000000;2016-04-25T10:48:33.519663;069ad531-fe53-410f-809a-f378fee5ca95;8.01;3.28863161;SELL
2016-04-25T10:49:09.000000;2016-04-25T10:49:09.600255;c07e0b59-e3c8-4e3d-8fb2-bf2568e65b68;8.01;4.30127782;SELL
2016-04-25T10:49:14.000000;2016-04-25T10:49:14.862801;87e3f1fe-b56b-433f-8547-887e6790ec8a;8.01;4.30127782;SELL
2016-04-25T10:49:17.000000;2016-04-25T10:49:18.201111;e2ed3df1-5a39-4943-935d-d7d7dc6c03ce;8.01;4.34949907;SELL
2016-04-25T10:49:20.000000;2016-04-25T10:49:20.115306;9f2fb275-0498-4c0c-8e0b-644126e02873;8.01;4.39772031;SELL
2016-04-25T10:49:22.000000;2016-04-25T10:49:22.929598;dbf22349-b399-4f3a-86cc-c08fcbf35f5e;8.01;4.39772031;SELL
2016-04-25T10:49:26.000000;2016-04-25T10:49:26.469941;187b4d0f-bcbd-4e4f-bf29-aa36a851736c;8.01;4.39772031;SELL
2016-04-25T10:49:29.000000;2016-04-25T10:49:29.126234;f5655e48-2398-4d9a-b958-b9a34e52ace9;8.01;4.39772031;SELL
2016-04-25T10:49:32.000000;2016-04-25T10:49:32.826595;cd3b7cae-fd57-4285-a206-62efe672d2bf;8.01;4.97637529;SELL
2016-04-25T10:49:36.000000;2016-04-25T10:49:36.864988;3de4cd87-8895-4128-ad14-3145c15043f1;8.01;4.98366614;SELL
2016-04-25T10:49:39.000000;2016-04-25T10:49:39.467292;a7c549fb-bcbf-40e9-871b-d1778c739604;8.01;4.98366614;SELL
2016-04-25T10:49:42.000000;2016-04-25T10:49:42.815583;044c9b23-8672-44ac-9e17-ea46c7153c5d;8.01;4.98366614;SELL
2016-04-25T10:49:45.000000;2016-04-25T10:49:45.220929;e9bfd50d-ebfb-40c4-aad4-2e59e86b4af4;8.01;4.98366614;SELL
2016-04-25T10:49:48.000000;2016-04-25T10:49:48.869223;68a88164-ac56-48f0-8888-e5fa25b07452;8.01;4.98366614;SELL
2016-04-25T10:49:51.000000;2016-04-25T10:49:51.792528;e3c0879c-a46b-44c6-a0e6-d06208c432a2;8.01;4.98366614;SELL
2016-04-25T10:49:55.000000;2016-04-25T10:49:55.407850;0b5e7779-ab71-4bbd-b2b1-f057c1a81165;8.01;4.98366614;SELL
2016-04-25T10:49:58.000000;2016-04-25T10:49:58.055098;36d46535-5b0c-4884-9350-80f7bfb0a74f;8.01;4.98366614;SELL
2016-04-25T10:50:00.000000;2016-04-25T10:50:01.041396;32e0871a-6dc1-4c85-b1d1-33d708cc0898;8.01;4.98366614;SELL
2016-04-25T10:50:03.000000;2016-04-25T10:50:03.114647;3e9440f8-0872-471c-8e42-8311281dfb8e;8.01;4.98366614;SELL
2016-04-25T10:50:06.000000;2016-04-25T10:50:06.843001;22f714a6-1829-4ffc-95d2-ee74f36e2c93;8.01;4.98366614;SELL
2016-04-25T10:50:09.000000;2016-04-25T10:50:09.875296;7ced74fb-c50a-4905-957e-e3c8085ef1e7;8.01;4.98366614;SELL
2016-04-25T10:50:13.000000;2016-04-25T10:50:13.151220;891bb17f-2160-48af-adfc-bc19390d1a74;8.01;4.98366614;SELL
2016-04-25T10:50:17.000000;2016-04-25T10:50:17.280039;600a0053-544f-4901-976e-532421bfbfae;8.01;4.98366614;SELL
2016-04-25T10:50:37.000000;2016-04-25T10:50:38.000111;799eb4d4-c3a5-4168-b6b3-40c9841a0222;8.011;5.35;BUY
2016-04-25T10:50:44.000000;2016-04-25T10:50:44.985804;ee9004af-81a7-472f-b8a4-f28ec9b8cb76;8.0143;3.329189;BUY
2016-04-25T10:50:44.000000;2016-04-25T10:50:45.034807;6ed59b92-a6dc-4841-a0f8-cefadca81b01;8.015;4.26779241;SELL
2016-04-25T10:50:46.000000;2016-04-25T10:50:46.510949;589d37a2-2d43-4f69-97cb-9779541055b4;8.015;19.6104255;SELL
2016-04-25T10:50:46.000000;2016-04-25T10:50:46.611958;14c9e848-3b5a-453f-ab0c-9d7e27e50ad3;8.015;19.6104255;SELL
2016-04-25T10:50:47.000000;2016-04-25T10:50:47.969097;3e80c231-ddbb-4744-a6d6-df32021eb002;8.015;19.60609129;SELL
2016-04-25T10:50:47.000000;2016-04-25T10:50:48.582157;cd9dd719-6979-4300-83fb-ce60b72d4fb9;8.015;2.98434513;SELL
2016-04-25T10:50:51.000000;2016-04-25T10:50:51.204425;62af5d9b-c2a2-47ec-a1ff-5564e160fa35;8.015;7.69125389;SELL
2016-04-25T10:50:54.000000;2016-04-25T10:50:54.440248;1c38c8dc-21d3-4be3-95a1-9bc1ebba718e;8.015;7.73769864;SELL
2016-04-25T10:50:55.000000;2016-04-25T10:50:55.685882;e498b504-6f82-454f-b6af-5d74bee816b6;8.015;19.60609129;SELL
2016-04-25T10:51:03.000000;2016-04-25T10:51:03.691674;341f7762-b1e7-414d-9bc7-3da66bc9e80e;8.0585;19.6104255;BUY
2016-04-25T10:51:03.000000;2016-04-25T10:51:03.692700;76f12cc9-c642-4966-a8f7-aff84aa401cc;8.0586;0.57736721;BUY
2016-04-25T10:51:03.000000;2016-04-25T10:51:03.701683;9e3ce2bc-a185-4c13-aeb4-4fb19c3350c5;8.0589;78.64220729;BUY
2016-04-25T10:52:30.000000;2016-04-25T10:52:30.644407;8fd0bbdd-d686-44bb-b1ab-ca02cf61117f;8.015;8.80361111;SELL
2016-04-25T10:52:39.000000;2016-04-25T10:52:39.870290;f82c58fe-75ab-4d01-9079-43afce0b4873;8.015;7.68036519;SELL
2016-04-25T10:52:46.000000;2016-04-25T10:52:46.404063;a1f09ade-1ddf-4462-a72f-e6e32bc1d3fb;8.056;3.53969473;SELL
2016-04-25T10:52:50.000000;2016-04-25T10:52:50.736443;5073a6a7-10e0-4169-8a26-2e50f2b77b75;8.056;0.00030527;SELL
2016-04-25T11:02:35.000000;2016-04-25T11:02:35.361387;6ecf49ad-e2a2-4df8-a38b-97e6fd5cfff1;8.014;0.9996;SELL
2016-04-25T11:02:35.000000;2016-04-25T11:02:35.888851;88c2a2b1-0d57-4e8e-b039-ad78afb536ed;8.014;0.998;SELL
2016-04-25T11:02:37.000000;2016-04-25T11:02:37.137015;9c709c7b-ec16-4098-b5c4-f95ad7b75ee7;8.014;0.998;SELL
2016-04-25T11:02:37.000000;2016-04-25T11:02:37.584024;5ecb3736-1b9b-4566-b0dd-57868bf1a408;8.014;0.998;SELL
2016-04-25T11:17:03.000000;2016-04-25T11:17:03.047999;a29249b4-b834-41cb-9378-bf9326a588de;8.015;0.2602;SELL
2016-04-25T11:17:27.000000;2016-04-25T11:17:27.068422;73deb9a4-b7f1-4a44-a49d-c7991ef5f883;8.014;0.38207378;SELL
2016-04-25T11:33:21.000000;2016-04-25T11:33:21.432211;bb5ee3fe-4368-4897-958c-424a7a190b51;8.014;4.30432622;SELL
2016-04-25T11:33:21.000000;2016-04-25T11:33:21.441214;a0b7f6c9-4825-4567-bff5-26a68cbdf6f9;8.014;3.33;SELL
2016-04-25T11:33:21.000000;2016-04-25T11:33:21.444163;6a6f5398-1e48-4998-b312-7a5cb1c116fe;8.01;11.97609928;SELL
2016-04-25T11:33:21.000000;2016-04-25T11:33:21.560170;e806bab6-36b2-4620-ba04-844be4b2fd12;8.01;2.21892772;SELL
2016-04-25T11:33:24.000000;2016-04-25T11:33:24.400458;21185ee6-a3b9-4d61-a20d-c4ed8dc9f75d;8.01;2.21892772;SELL
2016-04-25T11:33:25.000000;2016-04-25T11:33:25.546570;ee22cbcf-2556-44a6-a44c-e91629caa46c;8.01;2.21892772;SELL
2016-04-25T11:34:09.000000;2016-04-25T11:34:09.319976;9481144b-ca4f-4cc1-ac41-2a62b7676412;8.0289;9.63;BUY
2016-04-25T11:34:10.000000;2016-04-25T11:34:10.418050;92c18657-8391-41bd-860c-3ea7f27d737d;8.0289;47.76;BUY
2016-04-25T11:34:11.000000;2016-04-25T11:34:11.482200;23ab0a6a-8243-4e65-b591-04a5e478afe9;8.0289;97.68;BUY
2016-04-25T11:34:12.000000;2016-04-25T11:34:12.409283;bab64c6c-3746-4e8e-9a83-5ec9f51e850d;8.0289;97.68;BUY
2016-04-25T11:35:47.000000;2016-04-25T11:35:47.581775;a244bc6a-7d5a-4cc1-b2d5-4ab82f24ded0;8.0247;0.2;BUY
2016-04-25T11:35:47.000000;2016-04-25T11:35:47.596784;965d7cdc-e4cb-479c-be11-f9739cfead05;8.0249;17.24666773;BUY
2016-04-25T11:35:47.000000;2016-04-25T11:35:47.664797;1998ffec-47bd-4d5e-b9d1-c7b9b18c4b48;8.025;26.34333227;BUY
2016-04-25T11:35:47.000000;2016-04-25T11:35:48.019830;a504fb48-d65a-4956-b2b2-e62df7a94fea;8.0249;114.35;BUY
2016-04-25T11:38:28.000000;2016-04-25T11:38:28.096814;a2ada97c-b58a-4f35-bbb8-f66362beb33c;8.0247;3.365519;BUY
2016-04-25T11:40:53.000000;2016-04-25T11:40:53.998431;79d34d0b-d569-4406-951f-c7d414b703e1;8.0522;10.60806029;BUY
2016-04-25T11:40:53.000000;2016-04-25T11:40:54.007401;93b5d5a8-c4b9-48fe-b983-2504236f82b6;8.0522;3.358331;BUY
2016-04-25T11:40:53.000000;2016-04-25T11:40:54.010437;6d88c724-0226-4525-9fb1-2a976d5087c3;8.0523;6.22408155;BUY
2016-04-25T11:40:53.000000;2016-04-25T11:40:54.038434;2c23d356-9a42-4be0-afe2-fd9a149c1350;8.0529;0.99623303;BUY
2016-04-25T11:40:53.000000;2016-04-25T11:40:54.038434;25285eb7-9394-4684-98c1-8a3becbe5b1e;8.0922;19.6104255;BUY
2016-04-25T11:40:53.000000;2016-04-25T11:40:54.038434;5908f639-8fd7-4328-b1a9-ec3580c66ff5;8.0929;300.0;BUY
2016-04-25T11:40:53.000000;2016-04-25T11:40:54.043418;09b73781-5c4d-4af8-8ecc-5b56e0223937;8.0939;0.57211511;BUY
2016-04-25T11:40:55.000000;2016-04-25T11:40:56.138644;ae106f15-06b8-4c97-94f2-a79a9f827f56;8.1;2.64258244;SELL
2016-04-25T11:40:55.000000;2016-04-25T11:40:56.303649;6b54661c-4be6-4c6f-8f08-67e6bcc202a5;8.1;20.25979875;SELL
2016-04-25T11:40:56.000000;2016-04-25T11:40:56.674680;720e5b0e-0a1f-445b-ae5d-c4cfc2337f1b;8.1;51.19130595;SELL
2016-04-25T11:40:57.000000;2016-04-25T11:40:57.069715;aa25669d-c1db-40aa-9a13-cd3a421786e1;8.1;0.90253458;SELL
2016-04-25T11:40:57.000000;2016-04-25T11:40:57.444751;d66ae036-6fa5-4aa2-9aed-e5a848ec47b3;8.1;583.6345318;SELL
2016-04-25T11:41:01.000000;2016-04-25T11:41:01.661164;57808c14-2313-4d2f-8d31-3841da46e889;8.0979;2.64258244;BUY
2016-04-25T11:41:01.000000;2016-04-25T11:41:01.671180;4d1a3a1b-8159-40d0-8226-3d2df620a8d3;8.0979;19.6104255;BUY
2016-04-25T11:41:01.000000;2016-04-25T11:41:01.681179;517105ba-7d55-4179-8225-ae36f1845ede;8.0979;20.25979875;BUY
2016-04-25T11:41:01.000000;2016-04-25T11:41:01.702181;0b008c45-6b77-4447-af84-8d76ff3aab5d;8.098;93.7586;BUY
2016-04-25T11:41:01.000000;2016-04-25T11:41:01.708168;86df9d9d-8ec3-4bed-99ff-26896cd32564;8.098;93.9173;BUY
2016-04-25T11:41:01.000000;2016-04-25T11:41:01.752181;e8dba952-52b2-4b5e-84fe-e3ec7f6d2b62;8.0999;300.0;BUY
2016-04-25T11:41:01.000000;2016-04-25T11:41:01.875183;716cb4fe-e006-41c4-a9fa-62480929e50a;8.1;19.00751628;BUY
2016-04-25T11:41:01.000000;2016-04-25T11:41:01.876190;23940389-16b9-41f1-a5b3-9e7466c5efa7;8.1;55.77;BUY
2016-04-25T11:41:01.000000;2016-04-25T11:41:02.023213;1b5e3afd-5f30-44d9-876f-dc6d2f718296;8.1;17.88478093;SELL
2016-04-25T11:41:02.000000;2016-04-25T11:41:02.332252;1227ec31-625b-4632-b3cc-de1e50b999eb;8.1;19.6104255;SELL
2016-04-25T11:41:02.000000;2016-04-25T11:41:02.459253;8c611b9f-cb35-4644-90f8-36ab42b04263;8.1;357.5385706;SELL
2016-04-25T11:41:09.000000;2016-04-25T11:41:09.754968;6b5eae21-279f-4417-a7e0-966b04840779;8.0976;19.6104255;BUY
2016-04-25T11:41:09.000000;2016-04-25T11:41:09.763996;0c044899-75c0-4c0f-84f0-fbc2b3d652ec;8.1;29.14859204;BUY
2016-04-25T11:41:09.000000;2016-04-25T11:41:09.813993;248ae0f5-f8d9-430e-a89a-6fa1de70558e;8.1;88.7771;SELL
2016-04-25T11:41:10.000000;2016-04-25T11:41:10.242043;5f619c02-744f-41b6-8aa9-bb150e34025e;8.1;19.6104255;SELL
2016-04-25T11:41:11.000000;2016-04-25T11:41:11.058127;99608230-00e1-4317-a0cd-fa5c60b12c24;8.1;19.6104255;SELL
2016-04-25T11:41:11.000000;2016-04-25T11:41:11.373325;b60c4779-681f-4b9a-989b-204f8d238107;8.1;3.27047689;SELL
2016-04-25T11:41:11.000000;2016-04-25T11:41:11.844205;186f0ad7-8f7d-4d37-9757-20287b62f261;8.1;3.27572014;SELL
2016-04-25T11:41:11.000000;2016-04-25T11:41:11.864194;45459466-5b7b-4b01-9a93-0f157b4f32a6;8.1;390.59;SELL
2016-04-25T11:41:12.000000;2016-04-25T11:41:12.547274;ec6e3b46-c94e-4230-a8d9-d235636f5f2c;8.1;267.62;SELL
2016-04-25T11:41:13.000000;2016-04-25T11:41:13.327443;002281b8-e873-41e3-a751-ce41b05a999b;8.1;158.48683443;SELL
2016-04-25T11:41:17.000000;2016-04-25T11:41:17.223726;7139dfdf-82b6-42c8-8803-9a2174a194dc;8.1;88.7771;BUY
2016-04-25T11:41:17.000000;2016-04-25T11:41:17.364745;2a0f97eb-f637-4c40-854c-59522fbacf67;8.1;30.0;SELL
2016-04-25T11:41:17.000000;2016-04-25T11:41:17.549767;474c5dc6-4f0f-4cf2-9d21-039f844cde18;8.1;93.2782;SELL
2016-04-25T11:41:17.000000;2016-04-25T11:41:17.828791;4ddb9b1a-fb98-46e1-97d8-d447f1fe05ac;8.1;29.22263413;SELL
2016-04-25T11:41:18.000000;2016-04-25T11:41:18.989908;56d29a29-01e8-4c13-91b7-fd0998c7de82;8.1;23.47001561;SELL
2016-04-25T11:41:20.000000;2016-04-25T11:41:20.406052;16f380f6-9658-4578-8d07-78a1c2d79f4f;8.1;23.87720149;SELL
2016-04-25T11:41:21.000000;2016-04-25T11:41:21.193152;f27baac4-17e0-4072-81cb-59fff0167149;8.1;23.62591401;SELL
2016-04-25T11:41:21.000000;2016-04-25T11:41:21.571179;6f5021c2-af20-4554-adef-ead26c0b0ddb;8.1;14.061365;SELL
2016-04-25T11:41:21.000000;2016-04-25T11:41:21.824177;1e527035-de96-4c0d-9cea-7f712c05761b;8.1;9.86078773;SELL
2016-04-25T11:41:22.000000;2016-04-25T11:41:22.489820;c3ef5e9b-47d7-46fc-b798-b90359589a9a;8.1;23.65807213;SELL
2016-04-25T11:41:23.000000;2016-04-25T11:41:23.408425;c523b287-98ae-4d7d-8361-9bc86c3388af;8.1;23.96962576;SELL
2016-04-25T11:41:24.000000;2016-04-25T11:41:24.309466;36924b8a-573b-4c39-b9a2-0e9111531f74;8.1;23.70501717;SELL
2016-04-25T11:41:24.000000;2016-04-25T11:41:24.628503;9f15766b-d46d-4e23-9674-cea4c9436f03;8.1;24.0022038;SELL
2016-04-25T11:41:25.000000;2016-04-25T11:41:25.645579;d2da3fd4-0647-4a6b-b28b-0473eee31b20;8.1;23.76421098;SELL
2016-04-25T11:41:26.000000;2016-04-25T11:41:26.318922;7827326c-d3dd-4328-b6d6-6529da740e19;8.1;24.0620838;SELL
2016-04-25T11:41:27.000000;2016-04-25T11:41:27.087715;b5cc83fb-56e7-4610-812c-907fb579072c;8.1;23.82352582;SELL
2016-04-25T11:41:27.000000;2016-04-25T11:41:27.539775;bedf3219-5a77-4318-8833-12ee4c9c04a0;8.1;24.12207806;SELL
2016-04-25T11:41:28.000000;2016-04-25T11:41:28.404844;3a792049-0413-43e8-8a54-a3a6b6205ffa;8.1;4.85495157;SELL
2016-04-25T11:41:28.000000;2016-04-25T11:41:28.411866;6bc34411-7a01-4055-8f4c-f1b373a30bae;8.1;23.88301009;SELL
2016-04-25T11:41:29.000000;2016-04-25T11:41:29.103340;1abe9b86-2ab4-4e84-833e-c4e61a0910d0;8.1;24.1433136;SELL
2016-04-25T11:41:29.000000;2016-04-25T11:41:29.853997;4006c89f-a21a-43e7-bc5d-fcf122f0c62a;8.1;6.452309;SELL
2016-04-25T11:41:30.000000;2016-04-25T11:41:30.067044;0177b23a-0b31-472e-ad7c-c30d6c98d610;8.1;11.16479613;SELL
2016-04-25T11:41:30.000000;2016-04-25T11:41:30.773084;8d61dfe2-01ae-4d34-9530-a0118a300227;8.1;0.66370642;SELL
2016-04-25T11:41:32.000000;2016-04-25T11:41:32.856324;9135c746-9f71-4f0e-913a-3d764fa10f5a;8.1;12.29359749;SELL
2016-04-25T11:41:32.000000;2016-04-25T11:41:33.071307;6ca88615-3736-4db7-b742-31ec4baf1c27;8.1;29.353992;SELL
2016-04-25T11:41:33.000000;2016-04-25T11:41:33.731392;515a974f-273c-4b32-8534-96bb1469900a;8.1;44.248945;SELL
2016-04-25T11:41:34.000000;2016-04-25T11:41:34.200430;bda0d50d-5bb8-4b98-b376-baa7f27fec25;8.1;41.17748;SELL
2016-04-25T11:41:34.000000;2016-04-25T11:41:34.559448;811b9738-26d5-47b2-8d98-d9e313969671;8.1;45.318738;SELL
2016-04-25T11:41:34.000000;2016-04-25T11:41:34.889514;ea20f2cb-2179-4fe6-950b-c1d40fa23f9d;8.1;12.29359749;SELL
2016-04-25T11:41:35.000000;2016-04-25T11:41:35.269534;3d572ae5-fb31-4d9d-923f-2adba42a5aed;8.1;29.353992;SELL
2016-04-25T11:41:35.000000;2016-04-25T11:41:35.539571;a1597d33-4dda-4fae-8e29-1292bc2ed825;8.1;2.199225;SELL
2016-04-25T11:41:35.000000;2016-04-25T11:41:35.557571;473d36f1-12c9-4c5b-be3f-fbef4a664556;8.1;6.98237484;SELL
2016-04-25T11:41:35.000000;2016-04-25T11:41:35.790582;3174a822-7b1f-44ff-8edb-bbb24949d0e4;8.1;9.62425595;SELL
2016-04-25T11:41:36.000000;2016-04-25T11:41:36.385651;5678fe67-95ca-469d-bbe4-ebdd1c8ebd2a;8.1;2.19922491;SELL
2016-04-25T11:41:36.000000;2016-04-25T11:41:36.899690;a0c7e22e-f512-463c-9e53-cf72e0eb61c4;8.1;2.04589391;SELL
2016-04-25T11:41:38.000000;2016-04-25T11:41:38.155823;24c28817-8e60-40f2-82c3-42312baec8f8;8.1;12.63829166;SELL
2016-04-25T11:41:38.000000;2016-04-25T11:41:38.696883;18a175e1-090b-4fba-8e2e-b4d82188e5fc;8.1;151.82826945;SELL
2016-04-25T11:41:40.000000;2016-04-25T11:41:40.829083;9660e05d-7e00-4920-b877-2d530bc30b94;8.1;249.72973055;BUY
2016-04-25T11:41:40.000000;2016-04-25T11:41:40.844416;442e16bf-e354-4188-a9a2-d0b5749ebafb;8.1;79.56304857;BUY
2016-04-25T11:41:44.000000;2016-04-25T11:41:44.786540;1bef949f-088a-45a0-8aec-06ba710a180b;8.1;401.558;SELL
2016-04-25T11:41:45.000000;2016-04-25T11:41:45.105527;39efd0dd-21dd-44a8-8a06-77c336a57d90;8.1;29.35367358;SELL
2016-04-25T11:41:46.000000;2016-04-25T11:41:46.587661;4035be1b-5810-4127-8240-c89807d9d884;8.1;51.70686821;SELL
2016-04-25T11:41:46.000000;2016-04-25T11:41:46.651674;d030c339-ee5d-4342-9f4f-569b85827587;8.1;188.08867909;SELL
2016-04-25T11:41:54.000000;2016-04-25T11:41:54.647481;bd712996-9666-4d8e-8088-cc38104228ea;8.0999;9.73598352;BUY
2016-04-25T11:41:54.000000;2016-04-25T11:41:54.670486;c747678f-4989-4695-af56-d26b4e2b18a2;8.1;213.46932091;BUY
2016-04-25T11:41:54.000000;2016-04-25T11:41:54.683763;d8de4b8c-e313-4c02-82d6-34550e8ccf9f;8.1;401.558;BUY
2016-04-25T11:41:54.000000;2016-04-25T11:41:54.714468;7bbbb5d3-5776-409a-bef9-edb4e94c50b0;8.1;10.89711239;BUY
2016-04-25T11:41:54.000000;2016-04-25T11:41:54.721520;f418ae10-b5a0-4866-ac35-edc5b60d41e4;8.1;79.56304857;BUY
2016-04-25T11:41:58.000000;2016-04-25T11:41:58.688195;12071862-69e8-48a1-beec-a285b4f37b05;8.1;19.6104255;SELL
2016-04-25T11:41:58.000000;2016-04-25T11:41:58.719884;7883461d-0b68-46d0-aead-c8d4cf80f84a;8.1;19.6104255;SELL
2016-04-25T11:41:58.000000;2016-04-25T11:41:58.845910;2a7526f8-a026-492c-875d-04bb0fcc0f1e;8.1;6.38366052;SELL
2016-04-25T11:41:58.000000;2016-04-25T11:41:58.860912;b2675371-7512-4117-90c5-c6f5b8854eb3;8.1;0.83265137;SELL
2016-04-25T11:41:58.000000;2016-04-25T11:41:58.918888;15f74c34-b3cf-448a-861e-00b47d52f7b0;8.1;19.6104255;SELL
2016-04-25T11:41:58.000000;2016-04-25T11:41:58.955939;b82a6462-7136-4ca8-9599-4837f1c145f3;8.1;19.6104255;SELL
2016-04-25T11:41:58.000000;2016-04-25T11:41:59.108928;31c6373c-5fdf-4baf-bb75-8b7fd4a72dfc;8.1;19.6104255;SELL
2016-04-25T11:41:59.000000;2016-04-25T11:41:59.328945;ff37b8d4-0fa5-46ce-aef2-e58f75509d79;8.1;42.18821362;SELL
2016-04-25T11:42:01.000000;2016-04-25T11:42:01.594292;a635a4ac-43f5-41ad-b1d1-758819b50ba3;8.1;9.78194487;SELL
2016-04-25T11:42:01.000000;2016-04-25T11:42:02.298230;bfd98fd7-e7fd-4220-be98-b886ea14607c;8.1;19.6104255;SELL
2016-04-25T11:42:01.000000;2016-04-25T11:42:02.328647;dcd432f6-ede3-4d8d-801a-b9fefd2c54dc;8.1;15.37846829;SELL
2016-04-25T11:42:02.000000;2016-04-25T11:42:02.592265;e52cacc0-5cd7-4f2a-a70b-e10647a76af7;8.1;19.6104255;SELL
2016-04-25T11:42:02.000000;2016-04-25T11:42:02.601268;5e124bb4-6f65-4337-9981-9d24dd2bb950;8.1;8.83235145;SELL
2016-04-25T11:42:02.000000;2016-04-25T11:42:02.615269;010d97be-7987-4c6f-be39-2104d6e570c2;8.1;1.97215543;SELL
2016-04-25T11:42:02.000000;2016-04-25T11:42:02.631278;c27f9883-6dea-4b68-bcfc-54a612f49cbc;8.1;19.6104255;SELL
2016-04-25T11:42:02.000000;2016-04-25T11:42:02.861298;266fef34-c6c4-4cc3-9241-aa3c179940ad;8.1;19.6104255;SELL
2016-04-25T11:42:02.000000;2016-04-25T11:42:02.943325;ba0253b4-b72c-4af5-b6b3-abf6080b9645;8.1;19.6104255;SELL
2016-04-25T11:42:02.000000;2016-04-25T11:42:03.066326;885a1548-10d7-4126-a070-cf5c2a1a941b;8.1;3.30283406;SELL
2016-04-25T11:43:13.000000;2016-04-25T11:43:13.095312;82f828e4-a45a-427d-8ccd-bd2b7b75e0ed;8.0999;1.97215543;BUY
2016-04-25T11:43:13.000000;2016-04-25T11:43:13.101326;1b74f5b9-47fa-4d7a-b3c1-d4de907e9df9;8.0999;19.6104255;BUY
2016-04-25T11:43:13.000000;2016-04-25T11:43:13.105357;7453344c-70a3-4126-94de-a1254161d7f2;8.0999;19.6104255;BUY
2016-04-25T11:43:13.000000;2016-04-25T11:43:13.133342;08fc71ac-6a46-4d23-ae83-f0a4ce7c4507;8.0999;19.6104255;BUY
2016-04-25T11:43:13.000000;2016-04-25T11:43:13.133342;cd237fad-68c4-43ea-ac91-bd4644f04d31;8.0999;19.6104255;BUY
2016-04-25T11:43:13.000000;2016-04-25T11:43:13.140403;47a35b56-4bfe-46cc-9109-1c4eb8c15161;8.0999;19.6104255;BUY
2016-04-25T11:43:13.000000;2016-04-25T11:43:13.164331;d8eda1ad-0e7c-44e0-a753-900f7361d2b9;8.0999;3.354812;BUY
2016-04-25T11:43:13.000000;2016-04-25T11:43:13.164331;7d449d63-80e1-4b30-813e-0d87258aa656;8.1;6.77375731;BUY
2016-04-25T11:43:13.000000;2016-04-25T11:43:13.164331;51dc1337-8acb-4e1c-9cf9-b4cb43e8965d;8.1;1.09149472;BUY
2016-04-25T11:43:13.000000;2016-04-25T11:43:13.165326;5a6c1c3f-a7bc-4a15-821e-668a919f0eae;8.1;28.03239029;BUY
2016-04-25T11:43:13.000000;2016-04-25T11:43:13.577388;763e7283-3fa6-4d5c-be6b-ab9df6e60f04;8.1;19.6104255;SELL
2016-04-25T11:43:13.000000;2016-04-25T11:43:13.999414;5aac1add-3128-43e0-8ade-8faefe4b21e1;8.1;9.81747469;SELL
2016-04-25T11:43:14.000000;2016-04-25T11:43:14.673479;7ed6b7ed-bb85-431a-be02-ed46376d6237;8.1;19.6104255;SELL
2016-04-25T11:43:15.000000;2016-04-25T11:43:15.420550;0bcb73a3-a2e5-4fbb-a077-750855452a0c;8.1;2.40823;SELL
2016-04-25T11:43:15.000000;2016-04-25T11:43:15.878586;d3006418-b807-4eac-9482-369090e23ae8;8.1;19.6104255;SELL
2016-04-25T11:43:15.000000;2016-04-25T11:43:15.956601;6e9312fe-e492-426a-a79d-82a83aa09c22;8.1;19.56983443;SELL
2016-04-25T11:43:15.000000;2016-04-25T11:43:15.999606;32e8c77b-ae8e-404d-b98f-ec00c508a342;8.1;2.5525871;SELL
2016-04-25T11:43:15.000000;2016-04-25T11:43:16.096962;8e397856-e349-4224-83a9-63475c8cf13f;8.1;19.6104255;SELL
2016-04-25T11:43:16.000000;2016-04-25T11:43:16.305658;467302b0-f987-47f5-bedc-26b76ede368c;8.1;19.57110051;SELL
2016-04-25T11:43:18.000000;2016-04-25T11:43:18.328842;768ec938-151e-4d52-8b6a-8843db7f5693;8.1;19.6104255;SELL
2016-04-25T11:43:18.000000;2016-04-25T11:43:18.430850;82f59234-9bbb-46f7-a27b-972204e0e875;8.1;16.03705;SELL
2016-04-25T11:43:19.000000;2016-04-25T11:43:19.150957;c033bf66-8762-4174-8207-fbbc89230b51;8.1;17.05474705;SELL
2016-04-25T11:43:19.000000;2016-04-25T11:43:19.299955;304fe42d-880e-45a5-bcf4-6023f4aebd3c;8.1;15.8877982;SELL
2016-04-25T11:43:19.000000;2016-04-25T11:43:19.567960;89885dc0-4acb-4ac5-b220-273e94032bb2;8.1;2.51635408;SELL
2016-04-25T11:43:19.000000;2016-04-25T11:43:20.063046;8ca3caf7-d22d-43f0-9cd6-a7191af9e29b;8.1;19.57110065;SELL
2016-04-25T11:43:20.000000;2016-04-25T11:43:20.420092;3b886b95-2e51-4077-8528-75f1e1da8b38;8.1;2.58326743;SELL
2016-04-25T11:43:20.000000;2016-04-25T11:43:20.433151;65ac03ea-e280-4694-9c26-98edeefcaca6;8.1;19.57110123;SELL
2016-04-25T11:43:20.000000;2016-04-25T11:43:20.492071;2c796ea0-a57a-4899-8307-8d6333c82dbf;8.1;16.06276635;SELL
2016-04-25T11:43:20.000000;2016-04-25T11:43:20.882111;653072fd-da9d-4410-a0b6-419d4c0c8219;8.1;2.52038831;SELL
2016-04-25T11:43:20.000000;2016-04-25T11:43:20.919123;bcb38cd8-3a56-4130-a387-0a8bc74eacd6;8.1;19.57110085;SELL
2016-04-25T11:43:20.000000;2016-04-25T11:43:20.944089;8d090651-0aaa-4006-b923-f3162c039236;8.1;2.51635408;SELL
2016-04-25T11:43:21.000000;2016-04-25T11:43:21.876206;5bfbf393-1033-4a54-8062-969eaf1482c8;8.1;19.57110065;SELL
2016-04-25T11:43:22.000000;2016-04-25T11:43:23.031333;de758395-6f73-4abc-b7e7-42a636e11c3d;8.1;19.60247716;SELL
2016-04-25T11:43:23.000000;2016-04-25T11:43:23.195321;9cf1226d-dcac-4aa2-a724-968ab7c5e0fc;8.1;19.57110123;SELL
2016-04-25T11:43:24.000000;2016-04-25T11:43:24.858495;f398b2f7-8c63-43fe-9e41-6ed373704294;8.1;2.86549911;SELL
2016-04-25T11:43:25.000000;2016-04-25T11:43:25.370545;d4f633dc-c8d5-418a-b236-0fa239df570c;8.1;1.11153354;SELL
2016-04-25T11:43:25.000000;2016-04-25T11:43:25.590576;7f071c37-375a-4ad5-b220-7c908b491922;8.1;2.86549911;SELL
2016-04-25T11:43:26.000000;2016-04-25T11:43:26.523662;c801cb1f-b360-4ce7-9a90-c70ef3bcb7d8;8.1;2.86549911;SELL
2016-04-25T11:43:27.000000;2016-04-25T11:43:27.918053;06e98c3d-645e-48dd-a2e0-808aa47570d9;8.1;1.50712377;SELL
2016-04-25T11:43:28.000000;2016-04-25T11:43:28.826103;2429f201-4e6e-4223-8b94-47e5c81c5ed6;8.1;16.70560188;SELL
2016-04-25T11:43:29.000000;2016-04-25T11:43:29.261949;2765ff37-0aca-4dc0-870a-adccae2dd442;8.1;19.57110065;SELL
2016-04-25T11:43:30.000000;2016-04-25T11:43:30.236043;b90741d2-18e9-428a-86a7-76de09dbb75e;8.1;2.01183015;SELL
2016-04-25T11:43:30.000000;2016-04-25T11:43:30.462068;f0881c05-5673-4b13-96b1-ad2ad5265270;8.1;19.60247716;SELL
2016-04-25T11:43:30.000000;2016-04-25T11:43:30.476050;bc22608e-c59b-4367-b73f-f1e442b32ec4;8.1;0.22923019;SELL
2016-04-25T11:43:31.000000;2016-04-25T11:43:31.861189;5295deef-298a-4cdc-8f41-2bfe80e273e6;8.1;19.60247716;SELL
2016-04-25T11:43:31.000000;2016-04-25T11:43:31.885198;10e067ad-b101-4127-bc20-332c2a73051b;8.1;0.22923019;SELL
2016-04-25T11:43:32.000000;2016-04-25T11:43:32.906290;64080a97-22d5-4639-8b17-f86b7e2fd8b1;8.1;19.34187082;SELL
2016-04-25T11:43:33.000000;2016-04-25T11:43:33.527362;d49df881-0c1c-417c-91ea-e7f092325f2f;8.1;3.49359534;SELL
2016-04-25T11:43:36.000000;2016-04-25T11:43:36.436674;cef578a5-732a-4086-a210-bc3ee44d78c9;8.1;5.48690058;SELL
2016-04-25T11:43:40.000000;2016-04-25T11:43:40.437050;5ed78761-c131-44b9-abe8-71ea3368ad83;8.1;2.84847281;SELL
2016-04-25T11:43:45.000000;2016-04-25T11:43:45.060505;6951fb59-e694-468b-8a4d-6f54fb64adf2;8.1;3.13116456;SELL
2016-04-25T11:44:08.000000;2016-04-25T11:44:08.621870;bf552ce3-c008-4e76-85e6-51354c22ea8c;8.1;1.79678317;SELL
2016-04-25T11:44:41.000000;2016-04-25T11:44:41.628242;ed77d669-8d23-42ac-bd49-09ab039da597;8.1;1.14584535;SELL
2016-04-25T11:45:04.000000;2016-04-25T11:45:04.265435;fa47d34a-5354-4e02-94bb-55ef8cef3712;8.1;335.50055718;SELL
2016-04-25T11:45:27.000000;2016-04-25T11:45:27.159010;2c19b336-ecb4-480a-9553-1ab9215c9cee;8.1;0.396192;SELL
2016-04-25T11:48:32.000000;2016-04-25T11:48:33.001076;f564d335-a9f3-4915-8a8b-2fdcd444204d;8.1;7.71663334;SELL
2016-04-25T11:48:35.000000;2016-04-25T11:48:35.432279;6b489435-71df-486e-a76b-97775e10f63b;8.1;2.95299992;SELL
2016-04-25T11:48:37.000000;2016-04-25T11:48:38.053578;7aa6d849-a94d-4f41-98fb-77e182c4c058;8.1;2.95299992;SELL
2016-04-25T11:48:45.000000;2016-04-25T11:48:45.650315;c1bb73c8-81da-4a09-8511-ead2b73210ba;8.1;40.18408424;SELL
2016-04-25T11:55:40.000000;2016-04-25T11:55:40.992836;6c9f3e97-9371-441e-97ba-a08db08a483b;8.0521;0.56341202;SELL
2016-04-25T12:33:01.000000;2016-04-25T12:33:01.095936;60b10333-367a-4ca1-a74a-7be30fa9f6c2;8.0177;1.09932359;SELL
2016-04-25T12:37:13.000000;2016-04-25T12:37:13.849187;2bf4bb9e-656f-477d-8efb-53446bb1769a;8.0711;1.09822427;BUY
2016-04-25T12:37:13.000000;2016-04-25T12:37:13.853185;971cd425-461e-46fb-9dc3-46aa531f4630;8.0734;3.339012;BUY
2016-04-25T12:37:13.000000;2016-04-25T12:37:13.857199;24eee461-5059-472f-a648-e9f46fb3ec3b;8.0868;0.56276373;BUY
2016-04-25T12:37:18.000000;2016-04-25T12:37:18.516664;1e0a6901-2c82-4165-b720-2cd7e7ddf59f;8.0868;7.69535974;BUY
2016-04-25T12:37:18.000000;2016-04-25T12:37:18.522725;871554dc-b0e1-4fa9-bd69-ccbc3ad0b06f;8.0868;8.25812347;BUY
2016-04-25T12:37:18.000000;2016-04-25T12:37:18.527691;9a426dd2-83a6-453a-92c4-00fd79662c06;8.0967;4.04651679;BUY
2016-04-25T12:37:22.000000;2016-04-25T12:37:22.914132;b37fcecd-6ee9-4fac-b000-d86b6053b4ed;8.0999;2.0;BUY
2016-04-25T13:09:32.000000;2016-04-25T13:09:32.697071;07e1e9f6-ef97-4022-80d4-858bad6a2be8;8.075;60.0;BUY
2016-04-25T13:26:45.000000;2016-04-25T13:26:45.095087;edc322b4-da55-41dc-9220-94c885f5d833;8.0187;6.24162456;SELL
2016-04-25T13:26:45.000000;2016-04-25T13:26:45.104119;1b7d02af-b303-47e8-a903-a281581a0101;8.0122;3.336767;SELL
2016-04-25T13:26:45.000000;2016-04-25T13:26:45.106117;1fcb35f1-8ee7-45b7-896f-4589fbecd396;8.012;79.40513214;SELL
2016-04-25T13:29:43.000000;2016-04-25T13:29:43.241896;d86e823b-74b9-439a-a815-1d0845f76572;8.012;66.5;SELL
2016-04-25T13:44:33.000000;2016-04-25T13:44:33.551574;ceaf6c58-9125-41a2-a655-4f1eb81203ab;8.02;5.0;SELL
2016-04-25T13:44:33.000000;2016-04-25T13:44:33.555568;da4cd4df-8b7b-4677-9fda-e5c2f70564e4;8.015;2.6276;SELL
2016-04-25T13:51:56.000000;2016-04-25T13:51:56.662741;a0ccb81d-9b17-4838-ac6e-2da0ad5cce8a;8.011;20.0;SELL
2016-04-25T13:52:00.000000;2016-04-25T13:52:01.022158;367a827b-093a-4592-85e6-bba12a86b4f2;8.011;20.0;SELL
2016-04-25T13:52:04.000000;2016-04-25T13:52:04.221450;cf4afed0-c008-442e-9ee6-f5a8999986b4;8.011;20.0;SELL
2016-04-25T13:52:19.000000;2016-04-25T13:52:19.572999;d97e81ec-6560-4b26-b15a-5486f42d9355;8.011;20.0;SELL
2016-04-25T14:02:59.000000;2016-04-25T14:02:59.098991;4edb38ad-5116-4693-8c02-7f36db66b53d;8.011;10.0;SELL
2016-04-25T14:05:19.000000;2016-04-25T14:05:19.313015;4764a7f6-ac8d-43c5-8787-070dff1d6fe5;8.01;0.475;SELL
2016-04-25T14:16:06.000000;2016-04-25T14:16:06.420726;624a987a-c537-4f00-ae2f-c8ecf40c0df9;8.01;15.9255083;SELL
2016-04-25T14:16:09.000000;2016-04-25T14:16:09.237029;33b06ca5-d1a6-44ec-8774-5e4494b0ee21;8.01;15.9255083;SELL
2016-04-25T14:18:30.000000;2016-04-25T14:18:30.450367;56125a76-e86e-4f74-8bb1-b98512b0091f;8.0102;0.1379;SELL
2016-04-25T14:18:30.000000;2016-04-25T14:18:30.456388;2f219741-eaa6-4491-9d7a-d0c9deb71a45;8.01;15.79314904;SELL
2016-04-25T14:18:54.000000;2016-04-25T14:18:54.361801;c9eab9eb-db7d-43cb-ab50-c5d842f821d5;8.01;18.07979569;SELL
2016-04-25T14:18:54.000000;2016-04-25T14:18:54.391764;685ed81d-a499-41ee-99ae-f5bd71e3cad9;8.01;3.23163578;SELL
2016-04-25T14:18:54.000000;2016-04-25T14:18:54.831805;7a0b0b9c-45c4-4b36-a358-a1fcebb6622f;8.01;3.23163578;SELL
2016-04-25T14:18:54.000000;2016-04-25T14:18:54.856845;487c5600-5d85-4f39-b984-c24190d45b34;8.01;18.07979569;SELL
2016-04-25T14:18:56.000000;2016-04-25T14:18:56.207944;f28b671e-31cc-4a18-9fe4-cff7ad239771;8.01;18.07979569;SELL
2016-04-25T14:18:56.000000;2016-04-25T14:18:56.676001;3fa8c0a9-0add-4152-93b5-cd7583089e2c;8.01;3.23163578;SELL
2016-04-25T14:18:57.000000;2016-04-25T14:18:57.185042;18169cb0-d36e-4914-ac12-d1262e209618;8.01;17.67327606;SELL
2016-04-25T14:18:57.000000;2016-04-25T14:18:57.335090;91dc7d2d-094e-403e-856c-75a223a31524;8.01;18.07979569;SELL
2016-04-25T14:18:57.000000;2016-04-25T14:18:57.561122;d00dca9e-de2d-4e77-8240-f8d479849327;8.01;3.23163578;SELL
2016-04-25T14:20:50.000000;2016-04-25T14:20:50.465781;c4346d4c-49b3-4490-9400-6acf7dd8b083;8.01;5.76721482;SELL
2016-04-25T14:20:51.000000;2016-04-25T14:20:52.060534;ed553e66-9abd-4150-bf25-fe1372a9b74e;8.01;19.80800913;SELL
2016-04-25T14:20:53.000000;2016-04-25T14:20:53.996727;8441995f-8897-4528-889c-d854da38232a;8.01;22.48656176;SELL
2016-04-25T14:20:53.000000;2016-04-25T14:20:54.004722;981bf995-a1b1-45cb-8e00-a081f2b92454;8.01;0.45;SELL
2016-04-25T14:20:57.000000;2016-04-25T14:20:58.102155;a6332d38-10e8-4d0f-a5eb-e9f992289441;8.0023;1.0135;SELL
2016-04-25T14:20:58.000000;2016-04-25T14:20:58.366159;2f73433d-2e4d-42bf-a99a-a7ef0d165b2e;8.0012;19.80800913;SELL
2016-04-25T14:26:55.000000;2016-04-25T14:26:55.469872;dc8cf86b-fe14-40fb-af0a-b24020729feb;8.0012;20.31837671;SELL
2016-04-25T14:26:56.000000;2016-04-25T14:26:56.586018;385c2a49-fbd6-4013-b45f-9768e0d0fec2;8.0012;20.31837671;SELL
2016-04-25T14:26:58.000000;2016-04-25T14:26:58.075127;bed40857-0449-448c-b7cf-e31b3802e8f5;8.0012;8.90130601;SELL
2016-04-25T14:26:58.000000;2016-04-25T14:26:58.548191;e29a1b5a-4e8e-4d16-9cad-05299d506cb7;8.0012;20.31837671;SELL
2016-04-25T14:26:58.000000;2016-04-25T14:26:59.006223;9203afdb-a335-4ec1-94f2-c5d8c7706f29;8.0012;20.31837671;SELL
2016-04-25T14:27:00.000000;2016-04-25T14:27:00.370370;d9c84c93-402a-4fe6-93b5-65cfcccd2b5d;8.0012;20.31837671;SELL
2016-04-25T14:27:00.000000;2016-04-25T14:27:01.023430;b4916fdd-c84e-427f-ba74-cb2a7ca4f2df;8.0012;20.31837671;SELL
2016-04-25T14:27:16.000000;2016-04-25T14:27:16.509967;253f7e63-bfb5-423d-9b27-a1be83e8027a;8.0012;0.57796941;SELL
2016-04-25T14:28:16.000000;2016-04-25T14:28:17.019018;119c9a0b-bbf5-4368-8586-0a05a9d1000c;8.0012;27.05693463;SELL
2016-04-25T14:28:17.000000;2016-04-25T14:28:17.583113;98719910-1cfa-4e77-b53e-76db7e2b8542;8.0012;166.74552056;SELL
2016-04-25T14:28:17.000000;2016-04-25T14:28:17.589113;7c756765-ea31-4951-bfcf-91c09eaed099;8.0;1.0;SELL
2016-04-25T14:28:17.000000;2016-04-25T14:28:17.604083;7ec2af17-8cc1-4310-8245-f79815123123;8.0;3.0;SELL
2016-04-25T14:28:17.000000;2016-04-25T14:28:17.620100;427f8732-88d3-4d64-8815-f241cf612755;7.9983;0.57240985;SELL
2016-04-25T14:28:17.000000;2016-04-25T14:28:17.629104;be53f70c-d217-45ad-aced-2bfbb8340713;7.9878;0.57116747;SELL
2016-04-25T14:28:17.000000;2016-04-25T14:28:17.651091;f952a5a1-3aff-4933-afb9-d5660ccaf14a;7.9784;0.57326301;SELL
2016-04-25T14:28:17.000000;2016-04-25T14:28:17.652087;911f200c-bc7a-4bb5-8e89-b4220c0136ab;7.968;0.578369;SELL
2016-04-25T14:28:17.000000;2016-04-25T14:28:17.652087;f69610ea-83a9-440d-8fa7-80291863f66d;7.95;10.0;SELL
2016-04-25T14:28:17.000000;2016-04-25T14:28:17.657090;f7aaf3cc-09ae-4588-82fb-64715dd32877;7.94;34.9291;SELL
2016-04-25T14:28:17.000000;2016-04-25T14:28:17.683098;47d07ede-3fb6-4b51-9253-8ae5a936c10d;7.939;3.364388;SELL
2016-04-25T14:28:17.000000;2016-04-25T14:28:17.689087;3e62eb10-23e1-404d-8f4b-3e205cf4e964;7.93;1.0;SELL
2016-04-25T14:28:17.000000;2016-04-25T14:28:17.714104;e91a09d5-6f57-4b31-b582-184e69edca46;7.9201;621.18;SELL
2016-04-25T14:28:17.000000;2016-04-25T14:28:17.714104;6a181b2a-1715-436f-9a7e-af64c0a571df;7.92;1.0;SELL
2016-04-25T14:28:17.000000;2016-04-25T14:28:17.714104;ea4302a7-8add-4cd2-8168-f305ebf451f7;7.92;500.0;SELL
2016-04-25T14:28:17.000000;2016-04-25T14:28:17.714104;2075e391-7a01-4aad-8475-9f6b8615dbfe;7.9132;718.99;SELL
2016-04-25T14:28:17.000000;2016-04-25T14:28:17.714104;ef581630-839a-42c1-974f-03c41b10fb0b;7.9101;300.0;SELL
2016-04-25T14:28:17.000000;2016-04-25T14:28:17.718107;88b5917d-4065-4045-99ff-4f95cf6dd088;7.91;400.0;SELL
2016-04-25T14:28:17.000000;2016-04-25T14:28:17.758113;73734fce-3a69-49b4-9fb8-c8b85bb248d7;7.91;1.0;SELL
2016-04-25T14:28:17.000000;2016-04-25T14:28:17.791106;b6d04f14-fc9f-4409-ba26-456e46c677e3;7.904;1000.0;SELL
2016-04-25T14:28:17.000000;2016-04-25T14:28:17.811139;f0d3cb1b-ea66-485a-bc90-f6c754f2d39b;7.904;7.951884;SELL
2016-04-25T14:28:17.000000;2016-04-25T14:28:17.824141;7e61baeb-05a4-4955-a9c5-419d81d24ce6;7.9034;4.0997;SELL
2016-04-25T14:28:17.000000;2016-04-25T14:28:17.842121;dc04031d-5ef7-4915-be46-bb9abfb595ce;7.9;140.0;SELL
2016-04-25T14:28:17.000000;2016-04-25T14:28:17.843116;fe8a3fd6-e11e-4009-afcc-24e0f3e7209c;7.9;0.6;SELL
2016-04-25T14:28:17.000000;2016-04-25T14:28:17.843116;e704ff87-7d95-44d2-b4de-89de57478c0a;7.9;1.0;SELL
2016-04-25T14:28:17.000000;2016-04-25T14:28:18.035126;f9fd372a-7452-424d-a074-d0cbe0355fd9;7.9;369.13;BUY
2016-04-25T14:28:18.000000;2016-04-25T14:28:18.389212;100d5d22-39b4-44d7-b8a9-34f6f8e601ac;7.9;249.65839933;BUY
2016-04-25T14:28:18.000000;2016-04-25T14:28:19.002212;fb317fc4-e49e-4df4-9d2d-7e2af2ed8adc;7.9;402.75764813;BUY
2016-04-25T14:28:18.000000;2016-04-25T14:28:19.030221;8b48e2ba-34e4-4696-8c64-465f939cbcb0;7.9;49.9;BUY
2016-04-25T14:28:19.000000;2016-04-25T14:28:19.435269;296a0089-c7f2-4d6e-800d-75d001e052c4;7.9;10.39815065;BUY
2016-04-25T14:28:25.000000;2016-04-25T14:28:25.810905;964df393-4cf1-4669-97cd-0a83791f2fd9;7.9211;12.8;SELL
2016-04-25T14:28:25.000000;2016-04-25T14:28:25.833913;fff07ec3-5a12-4d86-8b0a-a979fa4b053c;7.921;93.4681;SELL
2016-04-25T14:28:25.000000;2016-04-25T14:28:25.846912;46c42149-3a09-4192-af8d-dec5b3c06960;7.9202;315.47;SELL
2016-04-25T14:28:25.000000;2016-04-25T14:28:25.868930;dbcc137c-8bd3-4d38-a938-671246b4252d;7.901;78.2619;SELL
2016-04-25T14:28:25.000000;2016-04-25T14:28:25.899952;b98aa32d-df8f-41c2-b053-85c2f99a728f;7.901;150.0;SELL
2016-04-25T14:28:56.000000;2016-04-25T14:28:56.142929;426bcf58-cfe7-4bd4-a81b-f4257e4a3dfa;7.9226;7.3;SELL
2016-04-25T14:28:56.000000;2016-04-25T14:28:56.152942;81d89850-06e8-4388-b520-da7e8d1556a9;7.921;37.83102493;SELL
2016-04-25T14:29:52.000000;2016-04-25T14:29:52.135543;f87263f3-8ce0-4ffc-b20f-80d21cad9704;7.9098;0.57971014;SELL
2016-04-25T14:29:52.000000;2016-04-25T14:29:52.843622;d8fa3d04-22ae-4f6f-9747-f09dcfb6166a;7.9;44.9;BUY
2016-04-25T14:29:54.000000;2016-04-25T14:29:54.408851;e423f204-0034-4baa-833e-914f91924d01;7.9;49.9;BUY
2016-04-25T14:29:56.000000;2016-04-25T14:29:56.333989;134a9fcb-1915-496a-be28-a218bac90800;7.9;41.89;BUY
2016-04-25T14:29:56.000000;2016-04-25T14:29:57.059071;b8b7c00b-a7d6-465e-b712-60a5b3ed06ea;7.8911;10.1227955;SELL
2016-04-25T14:30:00.000000;2016-04-25T14:30:00.456405;09bbe292-1d21-4aa7-9bb2-f2c1d46b92ef;7.9;19.46;BUY
2016-04-25T14:30:07.000000;2016-04-25T14:30:07.188048;743714d9-f930-4a0f-9894-d411f7b428b9;7.9;902.50975;BUY
2016-04-25T14:30:10.000000;2016-04-25T14:30:10.918418;1e514a7c-64e6-4003-bbec-dc667dabb45f;7.9;9.98;BUY
2016-04-25T14:30:58.000000;2016-04-25T14:30:58.624212;ae8a3592-781d-4f52-b5b3-0a65a7e5a00d;7.9;16.64;BUY
2016-04-25T14:31:17.000000;2016-04-25T14:31:17.504074;2dd0ff1e-a1ab-438c-9442-b08db5618e62;7.899;3.4;SELL
2016-04-25T14:31:17.000000;2016-04-25T14:31:17.515092;24f73a27-db46-44c4-a3d8-c93a9bdf9feb;7.891;93.4936;SELL
2016-04-25T14:31:17.000000;2016-04-25T14:31:17.531118;85c203ba-f77a-4f30-a439-5aeee503ace1;7.891;92.9475;SELL
2016-04-25T14:31:17.000000;2016-04-25T14:31:17.548083;c10b1531-9c21-4157-8c31-7ba3aaa857ab;7.89;1.0;SELL
2016-04-25T14:31:17.000000;2016-04-25T14:31:17.554114;dde38b3a-3caf-4d3f-8b22-cbe6a8ea3509;7.8852;297.93;SELL
2016-04-25T14:31:17.000000;2016-04-25T14:31:17.579140;6e6bb41e-2782-48b7-ad6c-82a4e99249fd;7.885;17.325;SELL
2016-04-25T14:31:17.000000;2016-04-25T14:31:17.580079;592e3a4d-423a-4f7b-9572-23f98e3191db;7.885;8.668572;SELL
2016-04-25T14:31:17.000000;2016-04-25T14:31:17.649082;566e8a79-986e-4088-a8f7-43d18d36cb35;7.884;404.27408038;SELL
2016-04-25T14:31:31.000000;2016-04-25T14:31:31.449296;93a22293-3de8-45a7-8438-fd2424eadc07;7.9;902.50975;BUY
2016-04-25T14:31:53.000000;2016-04-25T14:31:53.666336;9ea64deb-9ef9-4159-a8bd-21eaf67fa813;7.9;2.74298151;BUY
2016-04-25T14:32:01.000000;2016-04-25T14:32:01.416102;27e6ce96-8d3c-4eb5-94a7-da646cf1887c;7.9;10.3;BUY
2016-04-25T14:32:08.000000;2016-04-25T14:32:08.330778;4a62b7c8-00f8-4c4f-af4b-9b6def114780;7.9;201.22432591;BUY
2016-04-25T14:32:08.000000;2016-04-25T14:32:08.371796;5bc3dc50-5bd6-48a4-b942-492a98afb12f;7.9;0.3;BUY
2016-04-25T14:32:13.000000;2016-04-25T14:32:13.060298;dd1200c8-242a-4e14-9fb0-e011b4655c0b;7.9;47.0225172;BUY
2016-04-25T14:32:13.000000;2016-04-25T14:32:13.256283;b7988223-4082-49dc-ad79-652668b229b6;7.9;201.22432591;BUY
2016-04-25T14:32:13.000000;2016-04-25T14:32:13.784329;63e8550a-f6c7-42a1-9fd0-3da1febaee1c;7.9;201.22432591;BUY
2016-04-25T14:32:13.000000;2016-04-25T14:32:13.917349;990b46b6-17f5-4d1e-970a-a8ac69cc6012;7.9;13.92128257;BUY
2016-04-25T14:32:14.000000;2016-04-25T14:32:14.655427;116ee2e5-e907-4b57-a435-1c126fe8ff82;7.9;33.1109024;BUY
2016-04-25T14:32:15.000000;2016-04-25T14:32:15.272479;00c5077d-c41e-47f1-886d-7083b3d1b289;7.9;42.71258392;BUY
2016-04-25T14:32:16.000000;2016-04-25T14:32:16.210608;f80a9cb1-4bad-4c1a-bf2a-c171ee6670b6;7.9;37.14124214;BUY
2016-04-25T14:32:16.000000;2016-04-25T14:32:16.851646;9eaf5f95-a76a-4189-9f7a-1489e59bca27;7.9;57.12;BUY
2016-04-25T14:32:17.000000;2016-04-25T14:32:17.305696;1d2f433c-719b-48b5-a210-1e4eb276acbf;7.9;2.2;BUY
2016-04-25T14:32:17.000000;2016-04-25T14:32:17.836742;8f3e51d8-e38f-443e-b38d-a5a1152b6d6f;7.9;198.55;BUY
2016-04-25T14:32:18.000000;2016-04-25T14:32:18.868842;0ca6f955-7093-4e87-8cb7-1ea519b428d2;7.9;119.82;BUY
2016-04-25T14:32:20.000000;2016-04-25T14:32:20.248021;3bdc00f6-e481-41da-a2ca-660d49d0e7dd;7.9;25.33;BUY
2016-04-25T14:32:22.000000;2016-04-25T14:32:22.362221;0455fd8f-930a-48ce-9dd5-6a8cb0459ba3;7.9;35.02;BUY
2016-04-25T14:32:24.000000;2016-04-25T14:32:24.187371;a87026c3-5120-42cf-989c-4da51984ebf2;7.9;1.04021354;BUY
2016-04-25T14:32:24.000000;2016-04-25T14:32:24.255384;86a9fb00-ac2b-44cd-b2f4-4b8c3fd41de1;7.9;7.97497014;BUY
2016-04-25T14:32:24.000000;2016-04-25T14:32:24.329423;0f9c7ab7-2a7d-4b0f-ad91-f6b9ef4ac316;7.9;2.49;BUY
2016-04-25T14:32:24.000000;2016-04-25T14:32:24.742431;6c7ab626-4d2a-4216-a1a7-bdf1a397328b;7.9;27.25002072;BUY
2016-04-25T14:32:25.000000;2016-04-25T14:32:25.259486;b35fbcce-3664-4805-ad9c-25b4943a4971;7.9;27.25002072;BUY
2016-04-25T14:32:26.000000;2016-04-25T14:32:26.578664;06dd2d0f-2bf7-417f-a520-97760be67698;7.9;136.7637;BUY
2016-04-25T14:32:28.000000;2016-04-25T14:32:28.165823;9c3eb827-7d2e-46ba-a9d9-7bec2a98fd60;7.9;18.86055908;BUY
2016-04-25T14:32:28.000000;2016-04-25T14:32:28.989878;2da77d1a-c031-416e-8b61-0924c5550741;7.9;844.68733378;BUY
2016-04-25T14:34:09.000000;2016-04-25T14:34:09.754937;958adaaf-34cb-4311-a175-8c5cd5818b1a;7.919;10.95481762;SELL
2016-04-25T14:36:44.000000;2016-04-25T14:36:44.885434;ac5d6f31-eed2-47eb-a6e7-685a74abc21f;7.9439;0.58;BUY
2016-04-25T14:36:45.000000;2016-04-25T14:36:45.939575;82ffb976-9411-4efa-95d1-de00aedab685;7.9439;0.0009225;BUY
2016-04-25T14:54:15.000000;2016-04-25T14:54:15.788400;28bccb1b-a98f-49fd-a60d-209228fc4daa;7.9609;30.47756502;BUY
2016-04-25T14:54:15.000000;2016-04-25T14:54:15.811422;910cb870-a902-41b5-b65b-317ab5fd3a14;7.9609;5.99904714;BUY
2016-04-25T14:54:15.000000;2016-04-25T14:54:15.818405;849e668b-f446-4416-ac66-8aa057652ec9;7.9609;30.47756502;BUY
2016-04-25T14:54:18.000000;2016-04-25T14:54:18.585676;f3b868e9-588d-486e-8e4d-43f7c457a46c;7.9647;14.74893571;BUY
2016-04-25T14:57:24.000000;2016-04-25T14:57:25.754427;9c5153af-3f18-44c9-b3ef-de985aa9c876;8.0053;0.57971014;BUY
2016-04-25T14:57:24.000000;2016-04-25T14:57:25.826394;fb7c8dda-3e37-4d83-8563-35db2ca2f40b;8.0053;0.57971014;BUY
2016-04-25T14:57:24.000000;2016-04-25T14:57:25.829419;4d969dd2-2c66-432d-ae99-09e1ee140a0d;8.0241;36.3;BUY
2016-04-25T14:57:24.000000;2016-04-25T14:57:25.841402;90a66ca2-bf37-4d6b-b31f-0d0e7c7b2af6;8.0448;6.23538294;BUY
2016-04-25T14:57:24.000000;2016-04-25T14:57:25.841402;d5dc2eaa-f27b-45f9-ab37-0410ec534886;8.0455;3.356414;BUY
2016-04-25T14:57:24.000000;2016-04-25T14:57:25.861380;ba96a65a-47c9-46b0-ab5a-0b8f17b7746b;8.0642;0.578369;BUY
2016-04-25T14:57:24.000000;2016-04-25T14:57:25.861380;b2428ddb-c165-4605-af13-316669fa9b5c;8.0747;0.57326301;BUY
2016-04-25T14:57:24.000000;2016-04-25T14:57:25.866421;27b504b2-71a5-44f1-b1f1-46accdc3384a;8.0749;300.0;BUY
2016-04-25T14:57:24.000000;2016-04-25T14:57:25.892400;a1f60079-96d5-49ec-a4c7-7bc1711f595b;8.0815;284.0;BUY
2016-04-25T14:57:24.000000;2016-04-25T14:57:25.892400;dd97e733-0078-48df-8213-d616f10b1085;8.082;367.79715077;BUY
2016-04-25T14:58:04.000000;2016-04-25T14:58:04.769288;09b36d7f-d0a5-4fef-a422-e120c4d69365;8.075;80.96124762;BUY
2016-04-25T14:58:20.000000;2016-04-25T14:58:20.425846;01d1bf88-587a-4f69-b9c7-d3d84c7b5689;7.9798;0.57471264;SELL
2016-04-25T14:58:20.000000;2016-04-25T14:58:20.436870;479a963d-b6f3-4fd3-b09d-3ee2d7041234;7.9761;7.8;SELL
2016-04-25T14:58:20.000000;2016-04-25T14:58:20.458880;12721b93-4ae2-4ede-a953-922bd0f499a4;7.9751;3.335857;SELL
2016-04-25T14:58:20.000000;2016-04-25T14:58:20.474882;58757897-dd15-4f7b-b0b1-573d27dd7c9a;7.9497;6.31311117;SELL
2016-04-25T14:58:20.000000;2016-04-25T14:58:20.481933;5bc6524c-848a-4dc3-94af-a4a0d5ab0b39;7.9341;143.89881443;SELL
2016-04-25T14:59:12.000000;2016-04-25T14:59:12.728115;ee39937a-9626-4a8d-bb3c-feff015190e4;7.965;4.5;SELL
2016-04-25T14:59:12.000000;2016-04-25T14:59:12.737085;e0793dd5-b8d1-4423-b1d4-3ee08315a745;7.962;0.5;SELL
2016-04-25T15:22:25.000000;2016-04-25T15:22:25.637872;9302f3fa-a9be-4107-96d4-c4d9b6313907;8.022;5.9;BUY
2016-04-25T15:22:25.000000;2016-04-25T15:22:25.647903;f95fc485-0ae3-4175-bdb8-eda649cc3c75;8.022;6.4;BUY
2016-04-25T15:22:25.000000;2016-04-25T15:22:25.685910;5109d9df-a7aa-4d23-abe3-d13b905f25ef;8.031;65.4;BUY
2016-04-25T15:22:44.000000;2016-04-25T15:22:44.197724;a4962ce6-1e78-4fb0-9566-16b3cee4fd2a;8.028;1.7208;BUY
2016-04-25T15:25:35.000000;2016-04-25T15:25:35.412341;a3fd050d-4c99-4d7f-8ea2-8866710ab82b;7.9529;0.57471264;SELL
2016-04-25T15:25:35.000000;2016-04-25T15:25:35.414931;f14ef536-9856-42a7-8a8e-74d067bd20c3;7.9441;0.57636888;SELL
2016-04-25T15:25:35.000000;2016-04-25T15:25:35.420898;6d45ec34-a5f6-4aec-9217-5bdc472a50a7;7.9242;1.44866848;SELL
2016-04-25T15:33:24.000000;2016-04-25T15:33:24.995437;b079926d-f70a-4068-9e38-bce48f518710;8.01;10.099;SELL
2016-04-25T15:33:47.000000;2016-04-25T15:33:47.975763;5e678e5e-c89f-4c15-8025-328ab4bcb509;8.01;1.0;SELL
2016-04-25T15:34:23.000000;2016-04-25T15:34:23.114246;919731ec-27a8-4b78-a029-a402d890ba0f;8.01;0.1;SELL
2016-04-25T15:35:38.000000;2016-04-25T15:35:38.081728;b37d11fa-08a6-4aef-8e36-d8b350e0e414;8.01;2.4579;SELL
2016-04-25T15:43:14.000000;2016-04-25T15:43:14.067330;f18ad6c1-b1d0-42f0-9b0d-3ab5d202dc99;7.9662;0.57607005;SELL
2016-04-25T15:43:14.000000;2016-04-25T15:43:14.086332;e1318a22-cf56-43af-8fc2-03f87e482399;7.96;11.40392995;SELL
2016-04-25T15:43:17.000000;2016-04-25T15:43:17.891695;4c3e2484-c0b7-4676-8c72-514ceed198c9;7.96;8.59607005;SELL
2016-04-25T15:43:47.000000;2016-04-25T15:43:47.546686;6f60016c-91bf-4595-840a-17573928cd94;7.9242;1.93279652;SELL
2016-04-25T15:43:47.000000;2016-04-25T15:43:47.552677;a9fa9c70-8745-4c40-91f0-126f2c08903c;7.91;18.06720348;SELL
2016-04-25T15:45:00.000000;2016-04-25T15:45:00.332961;ef22f630-7690-4070-a3e1-79f3a15133ab;7.91;1.93279652;SELL
2016-04-25T15:45:11.000000;2016-04-25T15:45:11.683091;b60a6f80-e965-439f-bd97-5e4748382dc5;7.8828;0.85;SELL
2016-04-25T15:45:11.000000;2016-04-25T15:45:11.693167;9c73b2b4-b3b6-4b89-a2e0-606f1f734c48;7.88;5.0;SELL
2016-04-25T15:45:11.000000;2016-04-25T15:45:11.703096;e97b28b0-1eee-4a31-a99f-a549971fd998;7.86;7.0;SELL
2016-04-25T15:45:11.000000;2016-04-25T15:45:11.724097;8e1e9656-bfbf-4901-acb0-0f64297fd2ee;7.854;3.6977;SELL
2016-04-25T15:45:11.000000;2016-04-25T15:45:11.724097;26f9ca01-8a49-4203-9d7d-2c8ee99f47c8;7.85;500.0;SELL
2016-04-25T15:45:11.000000;2016-04-25T15:45:11.728100;3475feda-ad89-4003-a140-a73d3141658b;7.85;20.0;SELL
2016-04-25T15:45:11.000000;2016-04-25T15:45:11.755115;dd7edef7-468c-425b-b3fa-6393b8090e87;7.839;3.393663;SELL
2016-04-25T15:45:11.000000;2016-04-25T15:45:11.755115;2f2055eb-00ab-4040-8462-e298f895c9f0;7.831;7.8375;SELL
2016-04-25T15:45:11.000000;2016-04-25T15:45:11.755115;900a3db2-8a86-4d1b-872c-8b0b0d4af4f0;7.83;6.0;SELL
2016-04-25T15:45:11.000000;2016-04-25T15:45:11.756095;0a9cd383-5d67-4a31-86e8-58e4e7ff3fd8;7.83;92.4166;SELL
2016-04-25T15:45:11.000000;2016-04-25T15:45:11.767128;252bb12f-72bc-473a-94e0-cb693a45604f;7.82;15.0;SELL
2016-04-25T15:45:11.000000;2016-04-25T15:45:11.786127;cd794e31-85f4-4327-ba2e-db0647b17eb4;7.82;15.0;SELL
2016-04-25T15:45:11.000000;2016-04-25T15:45:11.786127;4717609d-f177-40a2-9832-0b998db13067;7.82;500.0;SELL
2016-04-25T15:45:11.000000;2016-04-25T15:45:11.787099;a7a066c1-0b35-41b4-9b68-9d46b2191872;7.82;13.104331;SELL
2016-04-25T15:45:11.000000;2016-04-25T15:45:11.795089;cb853bc1-5e56-4d13-b605-3153f171d512;7.812;32.0;SELL
2016-04-25T15:45:11.000000;2016-04-25T15:45:11.817107;3f9586a2-2660-4079-a481-02c4ab71f5b7;7.812;32.0;SELL
2016-04-25T15:45:11.000000;2016-04-25T15:45:11.818115;26503693-217d-493a-89d6-b8cdc4ba10ac;7.81;773.79996108;SELL
2016-04-25T15:45:11.000000;2016-04-25T15:45:11.823113;6e23435a-5d94-4299-ac29-254b3d708c0a;7.81;8.0;SELL
2016-04-25T15:45:11.000000;2016-04-25T15:45:12.408195;b17d0952-7247-4786-abed-88887af3557c;7.81;8.38694837;BUY
2016-04-25T15:45:12.000000;2016-04-25T15:45:12.455201;cda421b9-12c8-4fca-8e9a-709402f1efb5;7.81;50.5;BUY
2016-04-25T15:45:12.000000;2016-04-25T15:45:12.632196;19ffa1a6-8b42-4b8a-9475-00f5827e20b6;7.81;8.319813;BUY
2016-04-25T15:45:13.000000;2016-04-25T15:45:13.775296;6a3dbeef-64a9-49c5-a9e6-196bea554046;7.81;8.25857725;BUY
2016-04-25T15:45:14.000000;2016-04-25T15:45:14.680390;495d2011-44a9-4a2d-aa2c-008509dadfd3;7.81;50.5;BUY
2016-04-25T15:45:16.000000;2016-04-25T15:45:16.864626;2ebd5d77-76af-4e1a-98da-9952ac1083a9;7.81;519.08;BUY
2016-04-25T15:45:17.000000;2016-04-25T15:45:17.532664;12dac0b5-8bac-49d9-af37-db7d03c5e51f;7.81;50.5;BUY
2016-04-25T15:45:17.000000;2016-04-25T15:45:17.945717;c03ede54-bc72-498b-a2b9-f5afe8c519f1;7.81;507.39;BUY
2016-04-25T15:45:19.000000;2016-04-25T15:45:19.378850;33a028cc-d7b4-4e9b-b28f-51c30f7c579c;7.81;174.18;BUY
2016-04-25T15:45:19.000000;2016-04-25T15:45:19.805911;8f115cf2-9e24-4442-a350-8d3865b637c4;7.81;243.87;BUY
2016-04-25T15:45:20.000000;2016-04-25T15:45:20.942007;46004d5b-64c7-44a7-b6df-e15389520ad0;7.81;202.78;BUY
2016-04-25T15:45:22.000000;2016-04-25T15:45:22.421626;c472a058-3710-47bd-bc0f-374d8d3d762a;7.81;141.1349063;BUY
2016-04-25T15:45:35.000000;2016-04-25T15:45:35.458488;6636cfe6-af94-4350-9ed2-79123041496b;7.8905;40.096;SELL
2016-04-25T15:45:35.000000;2016-04-25T15:45:35.484477;4429a1c4-d275-4d26-b24e-bf8ce3c2cca9;7.83;16.533345;SELL
2016-04-25T15:45:35.000000;2016-04-25T15:45:35.509469;9fac6e81-6f55-405a-b342-8f0023e46fd1;7.8101;20.05485878;SELL
2016-04-25T15:45:35.000000;2016-04-25T15:45:35.517508;94c20c91-ef2c-4f77-9fe9-08c8c8cc3022;7.81;8.62108681;SELL
2016-04-25T15:45:35.000000;2016-04-25T15:45:35.926621;011ba4aa-1e5e-49c5-bf72-9d367d9f9b7b;7.81;10.21202181;BUY
2016-04-25T15:45:37.000000;2016-04-25T15:45:37.991725;2a0898dc-72a8-488c-b799-5222184276de;7.81;10.7227441;BUY
2016-04-25T15:45:38.000000;2016-04-25T15:45:38.497761;32c4ce5d-12ed-4289-beec-9022c7b8b483;7.81;207.27;BUY
2016-04-25T15:45:39.000000;2016-04-25T15:45:39.829920;3db62590-c0b1-415c-a19d-9fdb4ea79ca8;7.81;20.054602;BUY
2016-04-25T15:45:48.000000;2016-04-25T15:45:48.446754;0b24579b-4098-4550-b92c-55c840368b32;7.8051;14.0;SELL
