time_exchange;time_coinpai;guid;price;base_amount;taker_side
2016-04-10T00:02:39.000000;2016-04-10T00:02:39.093000;84f1bd51-fd40-445d-bfca-aa4f54787a3e;9.204;1.0;BUY
2016-04-10T00:10:05.000000;2016-04-10T00:10:05.173000;e552cd35-9441-4526-a835-40f88bab3f4f;9.1;85.0;SELL
2016-04-10T00:10:05.000000;2016-04-10T00:10:05.190000;bf82a482-a3bc-418b-a0c8-6e5ac21c8c57;9.09;4.8155;SELL
2016-04-10T00:10:05.000000;2016-04-10T00:10:05.193000;ec78de79-193f-4939-8aae-dbd268697784;9.05;20.0;SELL
2016-04-10T00:10:05.000000;2016-04-10T00:10:05.227000;d9940d5e-6e52-4e44-9c1b-e7068adfc1de;9.002;181.5;SELL
2016-04-10T00:10:05.000000;2016-04-10T00:10:05.227000;b1be3ac2-f3d0-4a2c-8817-e46659f1fa55;9.0;22.19540458;SELL
2016-04-10T00:10:05.000000;2016-04-10T00:10:05.227000;efb3f230-2451-42cf-a268-6b979e2d43b0;9.0;20.0;SELL
2016-04-10T00:10:05.000000;2016-04-10T00:10:05.227000;ed1d8bd5-e568-4755-ae27-7b83637227ff;9.0;1.0;SELL
2016-04-10T00:10:05.000000;2016-04-10T00:10:05.230000;96f842d6-de02-4d7a-8f87-f0c739661ab3;9.0;2.5;SELL
2016-04-10T00:10:05.000000;2016-04-10T00:10:05.260000;baea1000-ee15-4ffe-a813-4afab701e348;9.0;315.120246;SELL
2016-04-10T00:10:05.000000;2016-04-10T00:10:05.260000;a8b0d68d-e11a-47c3-b7d8-23b0b2026463;8.99;5.0;SELL
2016-04-10T00:10:05.000000;2016-04-10T00:10:05.263000;3360c525-4b48-4046-aa2f-37cca4f93f45;8.99;30.0;SELL
2016-04-10T00:10:05.000000;2016-04-10T00:10:05.263000;83cee9ee-4add-438e-ad6f-db7d8941ec02;8.966;300.0;SELL
2016-04-10T00:10:05.000000;2016-04-10T00:10:05.287000;4fc2ca0a-894d-4c78-95f4-38a41d0261af;8.9655;5.272972;SELL
2016-04-10T00:10:05.000000;2016-04-10T00:10:05.300000;6379c4ff-3312-4fa2-85fb-8561d95c891f;8.926;1.99;SELL
2016-04-10T00:10:05.000000;2016-04-10T00:10:05.303000;bdc6cb71-17d7-45fc-947f-35e548552f10;8.841;5.60587742;SELL
2016-04-10T00:10:42.000000;2016-04-10T00:10:42.130000;f4b95598-5863-4441-a2c1-4f8fe1a8220e;9.026;100.0;SELL
2016-04-10T00:10:44.000000;2016-04-10T00:10:44.797000;0225412b-c9fa-4ff0-8874-dd57d767906b;9.026;19.69337247;SELL
2016-04-10T00:10:44.000000;2016-04-10T00:10:44.810000;df793e97-c65a-4a8d-bb71-002a48b201a1;9.025;80.30662753;SELL
2016-04-10T00:10:48.000000;2016-04-10T00:10:48.730000;9f37e864-cd3b-42d3-a1af-a045ced4020b;9.027;100.0;SELL
2016-04-10T00:11:02.000000;2016-04-10T00:11:02.067000;16a7161a-23aa-439c-82d8-2eb41a616f1d;9.03;14.0;SELL
2016-04-10T00:11:02.000000;2016-04-10T00:11:02.080000;9903a714-cf2e-4846-b0de-ada7e3f673d6;9.03;19.69337247;SELL
2016-04-10T00:11:02.000000;2016-04-10T00:11:02.090000;92a3b3f3-29ad-49d2-80a5-1a085f740b7a;9.03;46.30662753;SELL
2016-04-10T00:11:08.000000;2016-04-10T00:11:08.973000;000cc2ba-c76c-4311-a297-9ac5c26d36dd;9.031;15.0;SELL
2016-04-10T00:12:06.000000;2016-04-10T00:12:06.320000;ba40d204-3813-4db4-a5a4-4f0cc76af65e;8.856;19.69337247;SELL
2016-04-10T00:12:06.000000;2016-04-10T00:12:06.333000;e26a6252-09a7-4233-9b6b-53ae8404a88a;8.856;108.8484;SELL
2016-04-10T00:12:06.000000;2016-04-10T00:12:06.333000;6b1314c5-5e8d-477b-9cdf-ef42053e188f;8.854;9.91248184;SELL
2016-04-10T00:12:06.000000;2016-04-10T00:12:06.370000;54d9f3c1-01eb-4677-b28f-29af7bab0664;8.85;500.0;SELL
2016-04-10T00:12:06.000000;2016-04-10T00:12:06.370000;966a21e4-d107-49f4-a4d0-e698f90a22b4;8.841;0.16914058;SELL
2016-04-10T00:12:06.000000;2016-04-10T00:12:06.370000;93a1a21e-7778-463a-bdeb-77e298b051e7;8.806;354.99;SELL
2016-04-10T00:12:06.000000;2016-04-10T00:12:06.370000;d50872bf-6a2c-4fbc-9312-b319872726c7;8.806;6.38660511;SELL
2016-04-10T00:12:06.000000;2016-04-10T00:12:06.373000;8e3b5126-31b3-4c3b-8abd-dc00ebc20196;8.806;167.16339489;SELL
2016-04-10T00:12:06.000000;2016-04-10T00:12:06.407000;672f8c00-24b0-457a-9f23-989fbbd6bad3;8.804;2.43;SELL
2016-04-10T00:12:06.000000;2016-04-10T00:12:06.407000;a9ebe370-17a6-4d3f-bfdd-cc6d49cf022b;8.8;68.7543;SELL
2016-04-10T00:12:06.000000;2016-04-10T00:12:06.407000;3d1ff1fd-bab8-4d8e-a057-abe7a2a5ad81;8.79;50.0;SELL
2016-04-10T00:12:06.000000;2016-04-10T00:12:06.407000;7c8d0408-b887-4e90-98bd-bdbf548dfd5f;8.77;300.0;SELL
2016-04-10T00:12:06.000000;2016-04-10T00:12:06.407000;068591a8-6b3e-48eb-aa43-68eac4033d35;8.75;5.0;SELL
2016-04-10T00:12:06.000000;2016-04-10T00:12:06.407000;55b77112-1ab6-44e3-8ef7-e9611f1bc2cb;8.7165;6.32612;SELL
2016-04-10T00:12:06.000000;2016-04-10T00:12:06.417000;a2cc8d78-4b4f-437f-8771-0e1fa4e82851;8.7;100.0;SELL
2016-04-10T00:12:06.000000;2016-04-10T00:12:06.443000;7915ace6-69a8-4da3-8bfd-3516d4030360;8.683;2.46;SELL
2016-04-10T00:12:06.000000;2016-04-10T00:12:06.443000;57f0cdbb-0691-4c7f-bf48-68fec905cf59;8.61;10.0;SELL
2016-04-10T00:12:06.000000;2016-04-10T00:12:06.443000;af5ad3cb-8826-4856-9224-30b19b7ec15f;8.606;180.86618511;SELL
2016-04-10T00:12:06.000000;2016-04-10T00:12:06.443000;58404da2-ee9a-47bd-a3c7-fab6552f5cb2;8.606;17.86121441;SELL
2016-04-10T00:14:15.000000;2016-04-10T00:14:15.547000;87e53e20-698e-4f03-aeb1-81c2f1dbc9be;9.114;6.677;BUY
2016-04-10T00:14:55.000000;2016-04-10T00:14:55.540000;af192e5d-7875-4a8c-bd26-a2ce445d3ec0;9.114;3.128;BUY
2016-04-10T00:15:04.000000;2016-04-10T00:15:04.583000;17cf091a-7734-4c6f-8ac3-8907c4977f5f;9.1;0.1;SELL
2016-04-10T00:15:04.000000;2016-04-10T00:15:04.587000;bafb3c77-2cb7-46e3-a9ab-7c5e899908e5;9.09;0.1;SELL
2016-04-10T00:15:04.000000;2016-04-10T00:15:04.620000;a8d0cee4-86aa-43ee-8a34-051f7caf1fe2;9.08;0.1;SELL
2016-04-10T00:15:04.000000;2016-04-10T00:15:04.620000;f3718513-c227-4bd0-982d-b20a92183703;9.07;0.1;SELL
2016-04-10T00:15:04.000000;2016-04-10T00:15:04.620000;c4e234bc-903f-4b83-bfbe-c2cbe449e518;9.06;0.1;SELL
2016-04-10T00:15:04.000000;2016-04-10T00:15:04.620000;56cc8ff4-f690-472b-ab6a-dedb8cd45591;9.05;2.0;SELL
2016-04-10T00:15:04.000000;2016-04-10T00:15:04.620000;cae8d9e3-fc96-414d-84b0-4ab9accb6991;9.01;12.31953001;SELL
2016-04-10T00:15:15.000000;2016-04-10T00:15:15.693000;8f472a57-d7c0-4f88-bc92-4ed0617a560d;9.114;1.447;BUY
2016-04-10T00:43:05.000000;2016-04-10T00:43:46.353000;4973b9b5-9298-4ea5-aa24-34b52126ebbf;9.001;25.0;SELL
2016-04-10T00:43:28.000000;2016-04-10T00:43:46.880000;22274fee-6468-4217-857a-e215becd3cf0;9.001;20.0;SELL
2016-04-10T00:43:39.000000;2016-04-10T00:43:46.963000;60a51265-e9f9-459e-8856-b0e7855356e3;9.001;20.0;SELL
2016-04-10T00:43:39.000000;2016-04-10T00:43:46.997000;138a6cb2-b6cb-4bac-8ac4-c558c7a2d3e7;9.001;25.0;SELL
2016-04-10T00:48:18.000000;2016-04-10T00:48:19.043000;7c633cdb-062b-43e1-8579-6dc2ac63d5f9;9.1164;30.545481;BUY
2016-04-10T00:48:18.000000;2016-04-10T00:48:19.047000;14c47608-b2c9-4d63-9eb5-c17676d6936f;9.123;108.804519;BUY
2016-04-10T00:49:01.000000;2016-04-10T00:49:01.780000;f4e73c0c-c030-4530-a7b3-2e345221234c;9.136;0.2539;SELL
2016-04-10T00:53:36.000000;2016-04-10T00:53:36.097000;cdbe9bec-149a-49c1-a44a-8a08a58ea1f9;9.24;1.0;BUY
2016-04-10T00:55:06.000000;2016-04-10T00:55:06.820000;e94cceb4-2491-4320-bf51-6a93ebee367b;9.1938;0.6;SELL
2016-04-10T00:55:06.000000;2016-04-10T00:55:06.843000;a017b686-33ab-4236-94ee-e78b0e4e3de7;9.1938;3.488568;SELL
2016-04-10T00:57:48.000000;2016-04-10T00:57:48.683000;77812fd7-4091-4546-b318-fe1c2c5c8ab3;9.0712;0.221;SELL
2016-04-10T01:00:32.000000;2016-04-10T01:00:32.770000;93350aef-f399-47f2-877d-c01b4140eef9;9.0712;4.254324;SELL
2016-04-10T01:39:53.000000;2016-04-10T01:39:53.223000;f2116c3e-3660-4f26-942a-700f8c24acd1;9.125;1.9;SELL
2016-04-10T01:39:53.000000;2016-04-10T01:39:53.260000;61d980ea-0531-4487-8914-f0c8718f130d;9.125;20.9;SELL
2016-04-10T01:40:53.000000;2016-04-10T01:40:53.297000;527dfe9d-6eff-4d32-b484-55fd5468187e;9.126;3.0;BUY
2016-04-10T03:04:41.000000;2016-04-10T03:04:41.813000;a77e6855-0100-44a6-b574-3d5e2a0640ca;9.069;39.8;SELL
2016-04-10T03:05:26.000000;2016-04-10T03:05:26.603000;4be2e47c-870a-4b62-b004-6aa1fc9549b3;9.129;109.1352;BUY
2016-04-10T03:16:39.000000;2016-04-10T03:16:39.530000;bbb4a215-8031-43f5-be57-e6d04cfbf75b;9.191;200.0;BUY
2016-04-10T03:27:48.000000;2016-04-10T03:27:48.910000;08b756e9-0275-43cf-86cc-0a05a8742c30;9.15;5.98892086;SELL
2016-04-10T03:27:55.000000;2016-04-10T03:27:55.523000;1ad80174-bc04-4e7b-85db-d566c9835a58;9.15;2.9994;SELL
2016-04-10T03:28:08.000000;2016-04-10T03:28:08.637000;854517f5-755d-4acb-8374-cbadd53cf7d7;9.15;2.9994;SELL
2016-04-10T03:28:08.000000;2016-04-10T03:28:08.667000;1aca5286-a8f3-4572-b55a-befe6a3daa79;9.15;9.998;SELL
2016-04-10T03:28:40.000000;2016-04-10T03:28:40.837000;5f68a8f0-b15f-415c-9c70-26e6842d5aa3;9.15;4.44953737;SELL
2016-04-10T03:28:43.000000;2016-04-10T03:28:44.030000;5b40cc7a-9a7d-43dd-87a7-d3ca16020d16;9.15;4.44953737;SELL
2016-04-10T03:28:47.000000;2016-04-10T03:28:47.303000;927aa46e-3684-4477-834d-fdccfa38f71d;9.15;0.58860484;SELL
2016-04-10T03:28:52.000000;2016-04-10T03:28:52.783000;611fb042-a1c3-4087-9aa5-90986dc470be;9.15;1.34581432;SELL
2016-04-10T03:28:57.000000;2016-04-10T03:28:57.363000;a4292364-1deb-4fda-8dd2-28ecae9f6cb0;9.15;0.98342568;SELL
2016-04-10T03:28:57.000000;2016-04-10T03:28:57.410000;7688c357-9921-4078-b81d-3b8c0e286612;9.15;2.99399436;SELL
2016-04-10T03:29:00.000000;2016-04-10T03:29:00.790000;baa94e1c-2442-4ace-9db2-1afbea939ea8;9.15;4.81125404;SELL
2016-04-10T03:29:02.000000;2016-04-10T03:29:02.957000;793e9501-ecdd-43b7-ad32-a73618313fe2;9.15;39.43;SELL
2016-04-10T03:29:03.000000;2016-04-10T03:29:03.330000;34e91726-ee5b-4483-8452-ec856a89c0a2;9.15;18.96211116;SELL
2016-04-10T03:57:27.000000;2016-04-10T03:57:27.883000;1e1bbaa0-be98-4d2c-bbd1-f92817e5b5d8;9.047;1.5004121;SELL
2016-04-10T03:57:30.000000;2016-04-10T03:57:30.043000;ab8fdbba-f110-4d6d-b7ec-06f9c3a1a751;9.047;1.5;BUY
2016-04-10T03:57:40.000000;2016-04-10T03:57:40.230000;eb9a1a03-9983-4d77-9029-e3a91fc7969a;9.046;1.5;SELL
2016-04-10T03:58:55.000000;2016-04-10T03:58:55.323000;0afe5e38-f361-45db-a285-84421b5569ad;9.047;5.4;BUY
2016-04-10T03:59:50.000000;2016-04-10T03:59:50.160000;ab4e4e3d-8ae3-478c-bba3-ff5c56803208;9.047;153.20409485;BUY
2016-04-10T04:11:40.000000;2016-04-10T04:11:40.550000;5d8ca4db-ad5b-4bef-8f65-3da0e324a1d4;9.109;4.01333333;BUY
2016-04-10T04:23:32.000000;2016-04-10T04:23:32.060000;3ae4bdc6-85e0-410b-89f7-f2a32002f8dd;9.076;1.3645;SELL
2016-04-10T04:24:48.000000;2016-04-10T04:24:48.653000;c44dd395-b5c9-41df-93c1-1c9074b2861d;9.11;1.36;BUY
2016-04-10T04:24:49.000000;2016-04-10T04:24:49.333000;2d9405f8-8d5d-4a97-b122-5888fb405c47;9.11;0.0045;BUY
2016-04-10T04:24:49.000000;2016-04-10T04:24:49.640000;66d5996f-825a-4b08-a1c1-80681ce368e2;9.11;1.3555;SELL
2016-04-10T04:24:50.000000;2016-04-10T04:24:50.157000;6c68304c-5b89-4370-b4a6-8323481470f7;9.1;0.009;BUY
2016-04-10T04:24:50.000000;2016-04-10T04:24:50.163000;b245c71d-fa82-48f0-8c68-0d81ab83902b;9.1109;143.3232;BUY
2016-04-10T04:26:38.000000;2016-04-10T04:26:38.277000;cb64c2b4-3a4a-4b72-815c-0e7a74635854;9.12;1.3645;SELL
2016-04-10T04:27:10.000000;2016-04-10T04:27:10.067000;2eec8a12-32a6-4b83-9d50-b97e8e03f078;9.119;1.3645;SELL
2016-04-10T04:28:34.000000;2016-04-10T04:28:34.330000;38e03f9c-983b-446b-b049-8bc341a1851c;9.121;1.3645;SELL
2016-04-10T04:29:20.000000;2016-04-10T04:29:20.280000;e7ebd01f-8758-4e07-a779-0066e2c48d0a;9.15;4.81125404;BUY
2016-04-10T04:29:20.000000;2016-04-10T04:29:20.297000;239c8b80-68dc-4aeb-9703-90ffdd431efc;9.15;0.68683323;BUY
2016-04-10T04:29:20.000000;2016-04-10T04:29:20.300000;a32d1b72-dbe8-45d6-9fc3-74497958d9a8;9.15;10.0;BUY
2016-04-10T04:32:29.000000;2016-04-10T04:32:29.667000;75d5eab2-7ac5-408b-87dc-e66aaa063c62;9.151;1.1775;SELL
2016-04-10T04:36:24.000000;2016-04-10T04:36:24.150000;9752457c-d0ae-44cf-b4ff-8d0f5f874cab;9.17;1.1775;BUY
2016-04-10T04:44:02.000000;2016-04-10T04:44:03.023000;b185baea-9c38-4bec-bbae-380070fa4c89;9.151;107.299;SELL
2016-04-10T05:06:17.000000;2016-04-10T05:06:17.197000;f0a107c2-e0a0-4fe7-8e78-680ba4a1dd28;9.111;0.7357;SELL
2016-04-10T05:12:57.000000;2016-04-10T05:12:57.170000;6974a229-28a4-4211-b554-fd53f1fb2059;9.111;0.6221;SELL
2016-04-10T05:28:49.000000;2016-04-10T05:28:49.160000;4281ce8c-f3f6-4629-a835-28e1031c82fa;9.05;19.6894338;SELL
2016-04-10T05:30:18.000000;2016-04-10T05:30:18.583000;e5ce49f1-38c0-486d-8d09-317b9b631e16;9.05;170.3105662;SELL
2016-04-10T05:30:18.000000;2016-04-10T05:30:18.593000;e99269ea-8030-41cd-b6f1-eb26c235d6f3;9.046;13.7394338;SELL
2016-04-10T05:30:19.000000;2016-04-10T05:30:19.387000;454d58d6-9701-472c-8164-d9ac1a59d82f;9.046;4.45393867;SELL
2016-04-10T05:35:18.000000;2016-04-10T05:35:18.170000;7128f122-02ba-43a4-838f-d9ce2315f1ea;8.9496;0.5;SELL
2016-04-10T05:35:18.000000;2016-04-10T05:35:18.220000;a19c99d8-c8ec-4cb1-bff7-31004d231e72;8.9496;2.2;SELL
2016-04-10T05:35:28.000000;2016-04-10T05:35:28.550000;891bf412-91e4-4994-98c0-8b0901216f57;8.9496;16.99337167;SELL
2016-04-10T05:50:46.000000;2016-04-10T05:50:54.423000;d9cf970a-b7d7-46cd-a103-a661e1e6eb13;8.82;13.55;SELL
2016-04-10T05:50:59.000000;2016-04-10T05:50:59.770000;68325467-ec89-43ec-a30f-06b7b4f9917b;8.82;2.38507173;SELL
2016-04-10T05:52:11.000000;2016-04-10T05:52:11.523000;6efc3b6a-62a5-4e72-93a5-e30e0b136edd;8.82;19.6894338;SELL
2016-04-10T05:52:40.000000;2016-04-10T05:52:40.527000;5fb7b163-5a98-44f3-9f26-44d51d81e39b;8.82;65.5;SELL
2016-04-10T05:52:40.000000;2016-04-10T05:52:40.793000;bb58eb81-3501-4347-90c4-24aec74b43c8;8.82;97.7;SELL
2016-04-10T05:52:41.000000;2016-04-10T05:52:41.883000;915f5326-a51a-4b69-87d0-9afd3c76c239;8.82;146.75399447;SELL
2016-04-10T05:53:43.000000;2016-04-10T05:53:43.483000;9be71f25-e5f3-4b84-9982-96e9c1ab424c;8.8;1.0861;SELL
2016-04-10T05:55:44.000000;2016-04-10T05:55:44.880000;62cd00f3-8e04-4b63-a704-2f4678aabb81;8.809;18.2159;BUY
2016-04-10T05:56:28.000000;2016-04-10T05:56:29.033000;c28a408d-8687-4c24-972f-a8959e61e562;8.8;1.4735338;SELL
2016-04-10T05:57:25.000000;2016-04-10T05:57:26.010000;dd26327c-34e6-49c9-bf86-eb0b2fb9af9f;8.8;1.4735338;SELL
2016-04-10T05:58:13.000000;2016-04-10T05:58:13.287000;7cc36f55-77a3-4025-bd69-edfd833676e9;8.8;46.82;SELL
2016-04-10T05:58:15.000000;2016-04-10T05:58:15.593000;f9b85216-cd93-4578-9a2b-52a3ebc39e4c;8.8;49.1468324;SELL
2016-04-10T05:58:16.000000;2016-04-10T05:58:16.467000;c03e8e2a-c7b4-4289-a2f7-d69426785205;8.8;59.31;BUY
2016-04-10T05:58:16.000000;2016-04-10T05:58:16.473000;6fd4e31a-ba4f-42b9-84e6-9300691376fe;8.805;53.9881;BUY
2016-04-10T05:58:19.000000;2016-04-10T05:58:19.537000;6fa43049-5b7f-4952-887b-0193c9d30389;8.7313;3.072065;SELL
2016-04-10T05:58:24.000000;2016-04-10T05:58:24.303000;622221e3-d1bd-4f41-b3c4-764b4aa691b1;8.731;11.927935;BUY
2016-04-10T05:58:24.000000;2016-04-10T05:58:24.313000;29c15e34-9353-44bc-8761-91688bd4f902;8.738;113.8549;BUY
2016-04-10T05:58:50.000000;2016-04-10T05:58:52.393000;0e388252-1822-47fb-8717-44dfd90a8263;8.7;2.0;SELL
2016-04-10T05:58:50.000000;2016-04-10T05:58:52.400000;e58c0b81-2f91-45a0-ba42-27a848b49967;8.7;6.5863;SELL
2016-04-10T05:58:50.000000;2016-04-10T05:58:52.410000;771b429a-0101-4098-9ea0-4a58efc27bab;8.65;20.2;SELL
2016-04-10T05:58:50.000000;2016-04-10T05:58:52.437000;b54dc6fd-4ad0-498c-bca0-75bf174b8cc9;8.608;178.02;SELL
2016-04-10T05:58:50.000000;2016-04-10T05:58:52.437000;6f6bf85c-f82a-4db7-8776-817854d47c82;8.607;300.0;SELL
2016-04-10T05:58:50.000000;2016-04-10T05:58:52.437000;21220e70-5d70-43c4-98b4-1a6a11991f8f;8.606;493.1937;SELL
2016-04-10T06:09:02.000000;2016-04-10T06:09:02.620000;438df60c-1e4f-40fc-9b27-a0f0454285b5;8.73;304.37;SELL
2016-04-10T06:09:03.000000;2016-04-10T06:09:03.110000;a80d40a5-dfe3-4c76-adf6-684c8708bdfd;8.73;35.63;SELL
2016-04-10T06:13:04.000000;2016-04-10T06:13:04.153000;d4d43a1b-706c-46d8-aa81-10616bcc4586;8.697;135.6771338;BUY
2016-04-10T06:13:12.000000;2016-04-10T06:13:12.870000;8755a552-f5f9-4d41-86e6-36ae730a57fc;8.696;115.9257;BUY
2016-04-10T06:13:12.000000;2016-04-10T06:13:12.873000;ce671fd8-aafe-44ab-abba-2243d1ba3cfb;8.697;99.1317558;BUY
2016-04-10T06:13:18.000000;2016-04-10T06:13:18.190000;28209995-ba18-45be-a5ba-2cdc4fcfa643;8.697;65.1911104;BUY
2016-04-10T06:13:18.000000;2016-04-10T06:13:18.203000;bf4ac469-3353-4a1c-a978-ba16e510b306;8.697;19.6894338;BUY
2016-04-10T06:13:18.000000;2016-04-10T06:13:18.210000;e9c0a1fa-7e60-4f91-bbd2-f122aa0fd466;8.697;3.070322;BUY
2016-04-10T06:13:23.000000;2016-04-10T06:13:23.860000;13e18322-dd73-456a-8fad-23633cbf246f;8.7;14.1288896;SELL
2016-04-10T06:13:37.000000;2016-04-10T06:13:37.417000;dec906a0-4a02-4afc-b58c-cae46a21fd24;8.694;115.623;BUY
2016-04-10T06:13:37.000000;2016-04-10T06:13:37.427000;33cf0263-04a7-4582-b3fa-a32bf2af673a;8.697;3.125672;BUY
2016-04-10T06:13:37.000000;2016-04-10T06:13:37.437000;15bd5870-2dcf-4723-aebe-c601440dcef8;8.7;3.314228;BUY
2016-04-10T06:15:44.000000;2016-04-10T06:15:44.180000;c009b8d4-d1a9-4a64-8959-f11a9238a25c;8.68;4.367069;BUY
2016-04-10T06:17:20.000000;2016-04-10T06:17:20.320000;e82fcd36-7d1a-42e0-80a7-a1b1917026a2;8.674;115.51;BUY
2016-04-10T06:18:21.000000;2016-04-10T06:18:21.987000;0d0f8261-e9ae-4523-9b10-4e8e984f72ee;8.7;7.88149154;BUY
2016-04-10T06:22:12.000000;2016-04-10T06:22:12.510000;417e83ec-04b7-43a2-861c-f3610676057d;8.7;0.69989135;SELL
2016-04-10T06:22:26.000000;2016-04-10T06:22:26.877000;89c2a380-afaf-4729-9be3-ceed441b2e56;8.7;0.69989135;SELL
2016-04-10T06:37:45.000000;2016-04-10T06:37:45.917000;8467d35f-44df-4e0f-90ae-726e5b53f8fa;8.747;3.128745;BUY
2016-04-10T06:39:09.000000;2016-04-10T06:39:09.830000;1dcd0193-3259-4b19-a40a-0057764957a1;8.809;0.1;BUY
2016-04-10T06:42:38.000000;2016-04-10T06:42:38.427000;dab53e7e-fb7b-42a9-b03a-9b1e0ab15368;8.755;50.0;SELL
2016-04-10T06:43:32.000000;2016-04-10T06:43:32.137000;ecc97fb6-216f-4db4-a085-2da2713271ad;8.755;10.51891434;SELL
2016-04-10T06:43:37.000000;2016-04-10T06:43:37.400000;de5ff59a-30b4-485c-ac31-7d1e3a10c752;8.755;12.55;SELL
2016-04-10T06:43:38.000000;2016-04-10T06:43:38.253000;cb0bbeb5-d9a5-4492-9093-d5f0d6c50b23;8.755;23.80234066;SELL
2016-04-10T06:44:08.000000;2016-04-10T06:44:08.417000;70443066-8847-4acb-b11a-3263cbaf43a8;8.752;83.55;BUY
2016-04-10T06:44:08.000000;2016-04-10T06:44:08.427000;5695051f-f44f-4c3b-a7c6-cdb50b4a168c;8.752;43.67518626;BUY
2016-04-10T06:44:13.000000;2016-04-10T06:44:13.087000;825632d0-d7a3-4586-b109-427dda10ea0c;8.754;72.77;SELL
2016-04-10T06:44:15.000000;2016-04-10T06:44:15.453000;87db6911-8867-410b-918e-fa79779dfa8d;8.754;0.00481374;SELL
2016-04-10T06:45:06.000000;2016-04-10T06:45:06.540000;fdeac56b-b201-4a80-a713-4e5b085d43a0;8.753;114.9872;BUY
2016-04-10T06:45:06.000000;2016-04-10T06:45:06.553000;b5f23280-77a1-4ef1-97b4-b03f78ed0bae;8.753;54.08080007;BUY
2016-04-10T06:45:07.000000;2016-04-10T06:45:07.977000;2e381ca4-9d65-46c6-ac1b-c3ffe7e2ef73;8.754;30.93199993;SELL
2016-04-10T06:45:58.000000;2016-04-10T06:45:58.607000;ace27aa5-4dae-4c29-9a82-06919ab040da;8.73;1.91;SELL
2016-04-10T06:46:04.000000;2016-04-10T06:46:04.857000;959e74bb-906d-43fc-8408-46d482f19b24;8.73;41.3;SELL
2016-04-10T06:46:09.000000;2016-04-10T06:46:09.860000;ded528b7-d23d-4dc2-8ab1-6ad6d1174bdf;8.73;56.79;SELL
2016-04-10T06:47:02.000000;2016-04-10T06:47:02.317000;c4fbf9af-1537-4a07-89f2-583fed435cf6;8.72;12.59680922;SELL
2016-04-10T06:47:22.000000;2016-04-10T06:47:22.880000;e1532188-dd6e-4f0c-b43c-568f5fa5b125;8.72;23.693475;SELL
2016-04-10T06:47:23.000000;2016-04-10T06:47:23.403000;5336e825-982c-42ae-a86c-dddbe0d4469e;8.72;11.25191739;SELL
2016-04-10T06:47:23.000000;2016-04-10T06:47:23.820000;b30caac6-a4b9-4372-afb8-6a9858e8f494;8.72;12.5984682;SELL
2016-04-10T06:47:24.000000;2016-04-10T06:47:24.610000;d7c7c9c5-ee3b-4259-9982-2e5f41304d29;8.72;23.693475;SELL
2016-04-10T06:47:24.000000;2016-04-10T06:47:24.993000;a5180616-d62c-4c21-96de-a58a95bce51f;8.72;16.16585519;SELL
2016-04-10T06:47:24.000000;2016-04-10T06:47:24.993000;7477ae40-95ad-417b-a2c3-500447afef67;8.72;29.33878857;SELL
2016-04-10T06:47:25.000000;2016-04-10T06:47:25.127000;e7f5baaf-7bec-4d5f-bbad-e8443700c019;8.72;11.25663217;SELL
2016-04-10T06:47:30.000000;2016-04-10T06:47:30.687000;fa00f1d9-daec-4fc3-9359-c5043b4103d5;8.72;59.40457926;SELL
2016-04-10T06:47:35.000000;2016-04-10T06:47:35.173000;9edc97f0-0ace-4066-8586-f484e66e48b1;8.7;32.08;SELL
2016-04-10T06:47:47.000000;2016-04-10T06:47:47.880000;cb750163-318e-4d7e-a71f-4865b6d72b0e;8.7;40.0;SELL
2016-04-10T06:47:55.000000;2016-04-10T06:47:55.210000;3043ec39-5e84-462d-98f1-1625aef7bfb0;8.7;50.16;SELL
2016-04-10T06:47:56.000000;2016-04-10T06:47:56.480000;3d248e11-9a49-4315-b54b-9e9e646f7257;8.7;14.32;SELL
2016-04-10T06:47:57.000000;2016-04-10T06:47:57.280000;2be597f3-8da8-43b4-a0d1-de1ab3362ebc;8.7;5.45;SELL
2016-04-10T06:48:13.000000;2016-04-10T06:48:13.067000;064feb3b-0666-4e08-9a52-da80ede2404b;8.7;25.32;SELL
2016-04-10T06:48:26.000000;2016-04-10T06:48:26.210000;9cc2854c-1ad2-45ac-96cc-df68ecaf7f1d;8.7;0.54885;SELL
2016-04-10T06:48:28.000000;2016-04-10T06:48:28.557000;7765c4f7-e89a-4531-85c3-26d1a55685bc;8.7;44.6093;SELL
2016-04-10T06:48:34.000000;2016-04-10T06:48:34.340000;aaecafd9-e095-44e9-9b6b-2b711b70e898;8.7;10.9578;SELL
2016-04-10T06:48:40.000000;2016-04-10T06:48:40.727000;a6055602-c696-4379-beb3-cae4cde482be;8.7;19.6894338;SELL
2016-04-10T06:49:01.000000;2016-04-10T06:49:01.417000;3be4471b-76ec-4630-8bc3-cfbbdd7f93a7;8.7;2.00295775;SELL
2016-04-10T06:49:19.000000;2016-04-10T06:49:19.153000;9cc22f35-a033-4cc5-b46d-f3e19544f591;8.7;45.58;SELL
2016-04-10T06:49:36.000000;2016-04-10T06:49:36.720000;ca025ac1-13fb-4316-80fa-d54e742ddcf4;8.7;0.00038421;SELL
2016-04-10T06:50:09.000000;2016-04-10T06:50:10.027000;2a8f139e-e071-4c88-bdcc-b36f32ee3300;8.6683;3.125491;SELL
2016-04-10T07:11:13.000000;2016-04-10T07:11:13.727000;47a3b276-5902-42aa-81fd-79a45ebe8ac4;8.668;0.004509;BUY
2016-04-10T07:11:13.000000;2016-04-10T07:11:13.730000;4bced886-b138-4083-ac38-d60b3e376be1;8.7;6.495491;BUY
2016-04-10T07:11:15.000000;2016-04-10T07:11:15.457000;3d9ffae2-7282-4f05-9b4a-e98c8bf16997;8.7;23.69350579;BUY
2016-04-10T07:13:12.000000;2016-04-10T07:13:12.223000;fea863bb-fb7a-443c-82a6-257107ea23fc;8.7989;114.4944;BUY
2016-04-10T07:13:12.000000;2016-04-10T07:13:12.227000;f9ca675e-ccfa-4ddc-bbe6-d25622c72a50;8.799;267.7656;BUY
2016-04-10T07:13:13.000000;2016-04-10T07:13:13.447000;64bd0e52-e1da-4245-b43d-d4ea09659017;8.799;32.2344;BUY
2016-04-10T07:13:22.000000;2016-04-10T07:13:22.730000;e6825859-fff9-49a8-9362-cb2b5885853b;8.8119;26.91853618;BUY
2016-04-10T07:13:22.000000;2016-04-10T07:13:22.740000;dc268d34-ec9a-4f0a-bfd7-b0d0958722b6;8.8129;114.4944;BUY
2016-04-10T07:13:22.000000;2016-04-10T07:13:22.747000;c7677126-8c7c-473b-a750-0ad5920e9815;8.82;69.49706382;BUY
2016-04-10T07:13:23.000000;2016-04-10T07:13:23.853000;3f39d704-7d2f-484b-93bd-c34a90b695d3;8.82;64.02293618;BUY
2016-04-10T07:13:28.000000;2016-04-10T07:13:31.837000;e0aa8500-e4b4-4ab0-b471-947e8236d3dc;8.918;0.63;BUY
2016-04-10T07:41:22.000000;2016-04-10T07:41:22.067000;d42fba41-1a0a-4e08-8db2-1c77aa721960;8.812;0.1;BUY
2016-04-10T08:00:45.000000;2016-04-10T08:00:45.557000;41bebc7d-ae16-4d00-ae36-024529d68fca;8.8;0.62874;SELL
2016-04-10T08:04:48.000000;2016-04-10T08:04:48.307000;542f27eb-584b-4435-a855-03b1a9318039;8.81;1.0;SELL
2016-04-10T08:05:32.000000;2016-04-10T08:05:32.993000;9357f6e7-10d3-42fb-8af6-ce9b37986118;8.81;10.0;BUY
2016-04-10T08:08:02.000000;2016-04-10T08:08:02.193000;8e5599ad-5052-4e28-8599-d90500d61708;8.801;9.4;SELL
2016-04-10T08:08:02.000000;2016-04-10T08:08:02.203000;09092692-8af3-43f6-a096-42ba71242b5a;8.8;29.3998;SELL
2016-04-10T08:08:54.000000;2016-04-10T08:08:54.290000;93404aa6-0488-4040-ab8a-9c8be79ced28;8.885;3.8;BUY
2016-04-10T08:08:54.000000;2016-04-10T08:08:54.307000;6bf96198-7e18-4fe6-a972-30da4da34e5f;8.885;1.3566;BUY
2016-04-10T08:34:11.000000;2016-04-10T08:34:12.047000;a8a5361b-a7a3-417d-a8d8-3f3fdd70263b;8.8619;4.3;BUY
2016-04-10T08:34:11.000000;2016-04-10T08:34:12.050000;9bb04a5d-cbc2-422c-af21-474080632f8b;8.862;1.0084;BUY
2016-04-10T08:36:47.000000;2016-04-10T08:36:48.250000;96f6cfc5-9b70-4aea-a472-ba34b9b016e8;8.81;9.0;SELL
2016-04-10T08:36:47.000000;2016-04-10T08:36:48.260000;db97315d-069c-4edf-9e47-3f4463c6b796;8.8;4.0;SELL
2016-04-10T08:36:55.000000;2016-04-10T08:36:55.140000;a5b1a9d1-466a-4d58-a93d-709be44ccdd9;8.8;4.7;SELL
2016-04-10T08:36:55.000000;2016-04-10T08:36:55.150000;f6238f6a-bdd0-4ab0-b698-e51b547095aa;8.799;70.3856;SELL
2016-04-10T08:37:01.000000;2016-04-10T08:37:01.340000;5e0dcd98-333d-4aee-bfcb-6807557f90ca;8.799;4.7;SELL
2016-04-10T08:52:46.000000;2016-04-10T08:52:46.960000;49d0631e-effe-4320-97af-47b196a8f11c;8.77;7.33;SELL
2016-04-10T08:52:50.000000;2016-04-10T08:52:50.493000;ffa15d08-12d9-45d5-b8aa-0dd353c375de;8.77;1.17;SELL
2016-04-10T08:55:35.000000;2016-04-10T08:55:35.077000;fa415ab5-f6b0-45d5-ac73-dedf5cb3060a;8.75;3.13310337;SELL
2016-04-10T08:55:37.000000;2016-04-10T08:55:37.287000;987fd96a-4761-4d09-a97f-1c07b29e2c11;8.75;3.13223452;SELL
2016-04-10T08:55:55.000000;2016-04-10T08:55:55.793000;cee92445-21d6-43e2-9487-7d14bdd56117;8.75;3.68752887;SELL
2016-04-10T08:55:59.000000;2016-04-10T08:55:59.773000;8e3edd24-a08f-4cfd-80fa-db62647b33d8;8.75;0.74536428;SELL
2016-04-10T08:56:03.000000;2016-04-10T08:56:03.787000;bcd3801e-518c-4abb-a967-2205bd9c01d9;8.75;2.77432627;SELL
2016-04-10T08:56:06.000000;2016-04-10T08:56:06.250000;6d7859b0-beff-4f04-af90-0686bc2043bc;8.75;0.72469385;SELL
2016-04-10T08:56:09.000000;2016-04-10T08:56:09.690000;9629a6c7-0c7d-4517-bb58-91df75043c4a;8.75;2.77433883;SELL
2016-04-10T08:56:19.000000;2016-04-10T08:56:19.140000;1fe1a60b-79eb-4600-b5a9-e800be72f966;8.75;0.95601001;SELL
2016-04-10T09:08:58.000000;2016-04-10T09:08:58.373000;70be1eb0-5fc0-421c-8ea8-186741f20348;8.73;2.6;BUY
2016-04-10T09:08:58.000000;2016-04-10T09:08:58.387000;b95f684d-7ad4-4ec0-945b-e4f313e57367;8.73;2.1;BUY
2016-04-10T09:13:44.000000;2016-04-10T09:13:44.450000;dfdceba9-0406-4a66-9d35-5a5ed7ea9981;8.73;2.63050034;SELL
2016-04-10T09:13:46.000000;2016-04-10T09:13:46.773000;8667aacb-b54c-45dc-af65-771480bd8334;8.73;2.63050034;SELL
2016-04-10T09:16:55.000000;2016-04-10T09:16:55.970000;12f986ab-7c8c-4b91-9946-9573deda82cc;8.73;3.4546;SELL
2016-04-10T09:17:06.000000;2016-04-10T09:17:06.823000;b2cc59f0-9e5d-4db4-8692-6807787b1688;8.73;3.4546;SELL
2016-04-10T09:17:08.000000;2016-04-10T09:17:08.803000;49bc7c76-7916-400a-80e3-f2d58d62933f;8.73;3.4546;SELL
2016-04-10T09:28:00.000000;2016-04-10T09:28:00.547000;9392bc32-61b4-47fe-9782-784bcbf3a47b;8.73;4.67519932;SELL
2016-04-10T09:28:44.000000;2016-04-10T09:28:44.810000;46c7f49c-0133-490f-916d-aeab612d23df;8.703;3.02557624;SELL
2016-04-10T09:29:41.000000;2016-04-10T09:29:41.397000;57cbd22d-ec14-4e14-99ef-5751bf152c7a;8.703;3.97442376;SELL
2016-04-10T09:30:18.000000;2016-04-10T09:30:18.047000;45479899-9d90-44db-8c12-bb23cb9b7e75;8.7;23.73786317;SELL
2016-04-10T09:30:22.000000;2016-04-10T09:30:22.177000;21e39bd9-eb73-4a71-8e2f-874aa248a761;8.7;23.73786317;SELL
2016-04-10T09:30:23.000000;2016-04-10T09:30:23.207000;134c02d5-5a7a-4918-9cda-5cc64c32920b;8.7;12.61906834;SELL
2016-04-10T09:30:24.000000;2016-04-10T09:30:24.083000;07ef7bf3-cca7-4954-96b7-4da310eeb469;8.7;23.73786317;SELL
2016-04-10T09:30:26.000000;2016-04-10T09:30:26.960000;c84ea32c-c1f6-44d4-8244-1bb349e2a3be;8.7;9.92094215;SELL
2016-04-10T09:30:26.000000;2016-04-10T09:30:26.963000;4bca158b-ad41-4389-9362-4262cf05eea6;8.694;13.81692102;SELL
2016-04-10T09:44:27.000000;2016-04-10T09:44:27.673000;11a98777-d126-4e07-8fca-59acbe010fbc;8.75;0.95601001;BUY
2016-04-10T09:46:17.000000;2016-04-10T09:46:17.587000;05b5f10c-ad89-4cc3-aa36-db8fe00d0134;8.75;94.0;BUY
2016-04-10T09:52:44.000000;2016-04-10T09:52:44.613000;26d6ed78-643b-45ab-a287-622007fd6395;8.76;5.0;SELL
2016-04-10T09:52:44.000000;2016-04-10T09:52:44.627000;2f6d883b-38df-402e-a324-a941dcc1dd6d;8.752;18.11795819;SELL
2016-04-10T10:06:54.000000;2016-04-10T10:06:54.720000;dfe106ae-4d44-4f59-ab1b-e3991fac5d15;8.71;23.73786317;SELL
2016-04-10T10:07:44.000000;2016-04-10T10:07:44.370000;263448fd-5360-4322-9f7b-012f57967d4c;8.71;23.73786317;SELL
2016-04-10T10:07:51.000000;2016-04-10T10:07:51.280000;04ff2ac3-90e2-429e-bc73-75dd58fbadc4;8.745;1.0;BUY
2016-04-10T10:07:53.000000;2016-04-10T10:07:53.727000;89373d36-61de-45a9-9a69-9cbb13ef2925;8.745;1.0;BUY
2016-04-10T10:07:57.000000;2016-04-10T10:07:57.587000;b2d25cb7-432c-4832-a430-0f5122e0294a;8.745;1.0;BUY
2016-04-10T10:08:09.000000;2016-04-10T10:08:09.093000;c4374748-f172-4a83-8a33-5a1463d3da88;8.745;1.0;BUY
2016-04-10T10:08:09.000000;2016-04-10T10:08:09.867000;47aeb9e9-586a-476d-bee3-75ab165a4d84;8.745;1.0;BUY
2016-04-10T10:11:32.000000;2016-04-10T10:11:32.283000;5c424ba2-f52d-4d6c-987c-aa5010ec2c71;8.71;0.30262;SELL
2016-04-10T10:12:42.000000;2016-04-10T10:12:42.693000;601a96eb-6fb1-41e2-aea2-aadd6d84ba51;8.7459;1.0;BUY
2016-04-10T10:12:56.000000;2016-04-10T10:12:56.347000;6d3e8218-4028-42a1-af19-13032b9259d4;8.7445;1.0;SELL
2016-04-10T10:12:58.000000;2016-04-10T10:12:58.267000;755134fe-561f-4264-abcf-ae889d868a76;8.71;1.20649;SELL
2016-04-10T10:13:45.000000;2016-04-10T10:13:45.250000;cf0fb231-fecc-450a-81de-6ce77b7e85c8;8.72;1.0;SELL
2016-04-10T10:14:23.000000;2016-04-10T10:14:23.540000;3c99803b-b782-423f-8cff-5f4bfae78d06;8.71;145.09;SELL
2016-04-10T10:14:23.000000;2016-04-10T10:14:24.070000;7771270c-9b84-44f8-991f-241e39f4f0c3;8.71;5.92516366;SELL
2016-04-10T10:15:44.000000;2016-04-10T10:15:44.637000;33aa9e00-aaac-469d-aa9c-9321658614ff;8.74;681.4;SELL
2016-04-10T10:15:45.000000;2016-04-10T10:15:46.027000;9d47ba71-d244-454d-9831-5ebd561afb55;8.74;45.8;SELL
2016-04-10T10:15:47.000000;2016-04-10T10:15:47.547000;920d317c-17a8-42f8-b4d0-4f57437faef2;8.74;429.12;SELL
2016-04-10T10:15:48.000000;2016-04-10T10:15:48.557000;70ee4138-9eea-4671-bf67-ae8c4eb7f2fb;8.74;4.63456991;SELL
2016-04-10T10:15:51.000000;2016-04-10T10:15:51.173000;94f07497-f522-4594-b306-7a2cf9c104e2;8.74;4.63456991;SELL
2016-04-10T10:15:53.000000;2016-04-10T10:15:53.500000;9bbce4c7-a40f-4143-ba8b-47460523cf01;8.74;0.622752;SELL
2016-04-10T10:15:53.000000;2016-04-10T10:15:53.597000;7250be43-fe54-4f8e-803a-9f4f65eda2aa;8.74;4.63456991;SELL
2016-04-10T10:15:55.000000;2016-04-10T10:15:55.547000;c516ca5c-4ffa-44d8-9680-3ab93fddb166;8.74;0.622752;SELL
2016-04-10T10:15:55.000000;2016-04-10T10:15:55.600000;1a38bcb1-e163-401a-b1c1-184bc6f645c1;8.74;21.54658627;SELL
2016-04-10T10:15:56.000000;2016-04-10T10:15:56.137000;71b99fdb-8119-4fbc-b663-8e12e31dd6d8;8.711;23.73786317;SELL
2016-04-10T10:15:56.000000;2016-04-10T10:15:56.157000;da353bdc-91de-49bd-bf28-583671598c11;8.711;1.80152166;SELL
2016-04-10T10:15:56.000000;2016-04-10T10:15:56.190000;a0574f50-dd9e-493c-99fc-fc022db4b594;8.711;23.73786317;SELL
2016-04-10T10:15:56.000000;2016-04-10T10:15:56.927000;456a076c-a795-47e5-a002-c4db8ce49a29;8.711;0.6227518;SELL
2016-04-10T10:15:57.000000;2016-04-10T10:15:57.170000;dd393a33-7def-4507-ae0a-909bc004fb24;8.711;1.80152166;SELL
2016-04-10T10:15:57.000000;2016-04-10T10:15:57.193000;9bd2dc0d-ed80-43b8-b629-0d0b627fe6ff;8.711;0.6227518;SELL
2016-04-10T10:15:57.000000;2016-04-10T10:15:57.607000;124e1feb-60ca-4842-8ed9-6595b5d3db31;8.711;23.73786317;SELL
2016-04-10T10:15:58.000000;2016-04-10T10:15:58.130000;9a80352c-815d-46a1-9d90-8d5bb45a05cc;8.711;23.73786317;SELL
2016-04-10T10:17:03.000000;2016-04-10T10:17:03.490000;526b3ff8-4ac1-4b35-b708-e6f1492a48d7;8.711;0.2000004;SELL
2016-04-10T10:17:03.000000;2016-04-10T10:17:03.503000;43b40490-f792-4c7f-bae2-417494c6f8c5;8.711;97.1199996;SELL
2016-04-10T10:18:42.000000;2016-04-10T10:18:42.637000;dcf98fe2-d223-412e-8f9b-83aae1603ad1;8.711;2.88;SELL
2016-04-10T10:19:16.000000;2016-04-10T10:19:16.307000;e83082d5-9ab7-4675-93e2-d80a898496d6;8.71;100.0;SELL
2016-04-10T10:20:16.000000;2016-04-10T10:20:16.680000;40272b4f-1930-45bc-b0db-f6e2f581ce62;8.71;0.86840724;SELL
2016-04-10T10:20:34.000000;2016-04-10T10:20:34.710000;36485b62-9728-441d-9e27-ee6c56e94ec0;8.71;2.76450391;SELL
2016-04-10T10:21:13.000000;2016-04-10T10:21:13.303000;2259c213-01ee-477a-a188-29e94fc28d79;8.71;24.455;SELL
2016-04-10T10:21:47.000000;2016-04-10T10:21:47.117000;b8430647-00ae-41bf-b624-1fb45e605747;8.71;0.97092002;SELL
2016-04-10T10:21:47.000000;2016-04-10T10:21:47.670000;5f6dc5fa-3da0-4055-967c-e28cad533b4e;8.71;23.73786317;SELL
2016-04-10T10:21:48.000000;2016-04-10T10:21:48.370000;275c4b70-335b-46bc-9485-7aaf1a5abe87;8.71;23.73786317;SELL
2016-04-10T10:21:49.000000;2016-04-10T10:21:49.120000;e2b1570e-72a1-4622-a2e0-ec0c764118f4;8.71;23.46544249;SELL
2016-04-10T10:21:50.000000;2016-04-10T10:21:51.707000;ee43a3d0-620e-4a2f-aaa9-58508c9b58d3;8.7;23.7378624;SELL
2016-04-10T10:21:52.000000;2016-04-10T10:21:52.120000;fab86783-b133-4c28-9e31-5462e8d5fb07;8.7;5.47658917;SELL
2016-04-10T10:21:54.000000;2016-04-10T10:21:54.223000;903c69d3-d674-401c-81f5-3c9b3ffc4456;8.7;2.69791825;SELL
2016-04-10T10:21:55.000000;2016-04-10T10:21:55.613000;677bff17-ce24-44bf-a300-64d0da84d9d8;8.7;5.47658917;SELL
2016-04-10T10:22:00.000000;2016-04-10T10:22:01.390000;24000802-b55c-409a-83b2-b606bb5d3cbc;8.7;5.47658917;SELL
2016-04-10T10:22:01.000000;2016-04-10T10:22:01.427000;b4163f79-cb83-459e-87b9-01511f78d76c;8.707;23.46544249;BUY
2016-04-10T10:22:01.000000;2016-04-10T10:22:01.427000;d8a041a4-6ce1-4c63-a6b6-45f247ffd3b8;8.707;76.53455751;BUY
2016-04-10T10:22:04.000000;2016-04-10T10:22:04.330000;05315a70-fda1-4090-a841-7895c4f4a9a8;8.7;5.47658917;SELL
2016-04-10T10:22:07.000000;2016-04-10T10:22:07.060000;de1b0ae5-f55b-406e-a601-1e5c446ed35a;8.7;5.47658917;SELL
2016-04-10T10:22:09.000000;2016-04-10T10:22:09.133000;6cf4060e-59b9-4d49-8750-0d204264f645;8.7;5.47658917;SELL
2016-04-10T10:22:11.000000;2016-04-10T10:22:11.683000;240ae92d-da38-4b5c-94b8-e52eec62c461;8.7;1.59936832;SELL
2016-04-10T10:22:11.000000;2016-04-10T10:22:11.860000;9c4cb695-1fe6-477e-881f-9fee08f835fd;8.7;1.759648;SELL
2016-04-10T10:22:13.000000;2016-04-10T10:22:13.710000;191b2115-14f1-42ee-a492-dc3bf1aba031;8.701;5.47658917;SELL
2016-04-10T10:22:14.000000;2016-04-10T10:22:14.210000;d64bc6d3-f88c-48bc-83cd-d0bf42e0c310;8.701;1.759648;SELL
2016-04-10T10:22:14.000000;2016-04-10T10:22:15.200000;3528eb6e-c752-444b-b0f1-2bcdd0a2151b;8.701;23.46544249;SELL
2016-04-10T10:22:15.000000;2016-04-10T10:22:16.003000;e0416743-a2d6-4500-850a-625ae1baaef8;8.701;5.68727634;SELL
2016-04-10T10:22:17.000000;2016-04-10T10:22:18.027000;2c4e3f62-01a1-400f-908e-44446991c457;8.701;1.43041046;SELL
2016-04-10T10:22:19.000000;2016-04-10T10:22:19.837000;83442af7-a906-4d25-9d9b-91c5f4e019b9;8.701;5.6979245;SELL
2016-04-10T10:22:26.000000;2016-04-10T10:22:26.607000;19e0dcd5-bb94-42a5-b9bd-0b4892e18d82;8.701;5.6979245;SELL
2016-04-10T10:22:27.000000;2016-04-10T10:22:27.763000;ebae3870-9b89-4aa5-86fa-756b58630ccb;8.701;9.97120234;SELL
2016-04-10T10:22:29.000000;2016-04-10T10:22:29.407000;d73a5a34-ed95-4ff1-986b-70fe4f208eff;8.701;6.09379015;SELL
2016-04-10T10:22:30.000000;2016-04-10T10:22:30.157000;f2d941ef-ccff-4e70-aa3e-3248331ea1c3;8.701;13.077384;SELL
2016-04-10T10:22:32.000000;2016-04-10T10:22:32.360000;d4827ad4-e8f1-4a69-a35a-a92c48153774;8.701;21.64240805;SELL
2016-04-10T10:22:32.000000;2016-04-10T10:22:32.370000;9f417b9f-8366-4446-809b-6f394917aba9;8.7;2.09545512;SELL
2016-04-10T10:22:33.000000;2016-04-10T10:22:34.087000;2a5dd1b2-e62d-4dfe-8481-77aaf594f840;8.7;30.18;SELL
2016-04-10T10:22:36.000000;2016-04-10T10:22:36.377000;5e89f382-3216-4a29-a072-33e40f82076e;8.701;6.09379015;BUY
2016-04-10T10:22:36.000000;2016-04-10T10:22:36.383000;b1afa311-7406-4526-a3eb-4ad94937ec1f;8.701;84.67458593;BUY
2016-04-10T10:22:44.000000;2016-04-10T10:22:45.033000;c97b1c53-5c2c-4374-8a79-df717af65d68;8.701;9.23162392;SELL
2016-04-10T10:22:44.000000;2016-04-10T10:22:45.040000;200f825a-a588-4faa-9d4d-88762f4683a7;8.701;36.16837608;SELL
2016-04-10T10:22:51.000000;2016-04-10T10:22:51.507000;5358a3a9-89d4-488d-a56d-27db0d71218f;8.701;2.29283368;SELL
2016-04-10T10:23:05.000000;2016-04-10T10:23:05.383000;bb57299c-d13a-4260-93b4-6ade16dfbc66;8.701;2.9994;SELL
2016-04-10T10:23:12.000000;2016-04-10T10:23:12.150000;726bdd63-977b-4902-86c0-cceddd592ec8;8.701;11.9183885;SELL
2016-04-10T10:23:17.000000;2016-04-10T10:23:17.033000;c05ceb2f-8041-48ca-b967-7337082cec70;8.701;11.80431519;SELL
2016-04-10T10:23:17.000000;2016-04-10T10:23:17.100000;8e428c6d-3241-4d1c-9b51-c5a4dc52a980;8.701;2.9994;SELL
2016-04-10T10:23:18.000000;2016-04-10T10:23:19.047000;b39a78da-b9c6-49f5-92b0-b80475ea752b;8.701;31.81728655;SELL
2016-04-10T10:23:18.000000;2016-04-10T10:23:19.053000;529c4ecf-91b2-48af-b017-a737a1e0f84d;8.7;0.00201289;SELL
2016-04-10T10:23:18.000000;2016-04-10T10:23:19.083000;33816ccf-fc44-4251-9699-beeaafd50256;8.656;10.10070056;SELL
2016-04-10T10:23:38.000000;2016-04-10T10:23:38.633000;f9a078b7-b0b4-47c0-bbe6-5b6e3f3f4442;8.71;1.01146049;SELL
2016-04-10T10:23:39.000000;2016-04-10T10:23:39.510000;19adc4ef-d164-4789-af42-fe46c7140b40;8.71;23.73786317;SELL
2016-04-10T10:23:40.000000;2016-04-10T10:23:40.260000;f85a79a7-99b6-4cc6-86e9-d995e71af031;8.71;23.73786317;SELL
2016-04-10T10:23:40.000000;2016-04-10T10:23:40.370000;ed13aab0-b51e-4901-8417-a62fac4f185e;8.71;23.73786317;SELL
2016-04-10T10:23:41.000000;2016-04-10T10:23:41.717000;ea8a5165-7440-4cd3-bf3a-7eb0c051fbfe;8.71;23.73786317;SELL
2016-04-10T10:23:41.000000;2016-04-10T10:23:41.770000;aea9052b-960f-49a4-9ec5-6da5e1b5e165;8.71;2.9994;SELL
2016-04-10T10:23:41.000000;2016-04-10T10:23:41.803000;9a2d57f8-d3c3-4a57-9b9a-67d90cba1ef8;8.71;23.73786317;SELL
2016-04-10T10:23:42.000000;2016-04-10T10:23:42.360000;502b810c-44eb-4f94-b0e5-8e4a9d2c85ec;8.71;53.6;SELL
2016-04-10T10:23:42.000000;2016-04-10T10:23:42.770000;79994cfa-f883-431a-b726-79126e546889;8.71;23.73786317;SELL
2016-04-10T10:23:42.000000;2016-04-10T10:23:42.963000;706bcac9-d65f-415b-b702-6b7a5fab5f56;8.71;23.73786317;SELL
2016-04-10T10:23:43.000000;2016-04-10T10:23:43.337000;933d05ce-6b6b-4a0a-8510-7ff35893be91;8.71;23.73786317;SELL
2016-04-10T10:23:43.000000;2016-04-10T10:23:43.633000;af2318db-b226-4e9a-8710-410d6c85bfaa;8.71;23.73786317;SELL
2016-04-10T10:23:43.000000;2016-04-10T10:23:43.767000;4203a54c-424a-445c-8de0-b685efccfbf1;8.71;23.73786317;SELL
2016-04-10T10:23:43.000000;2016-04-10T10:23:43.777000;38891285-774a-4523-9045-d7e32bded3d6;8.71;5.01050781;SELL
2016-04-10T10:24:48.000000;2016-04-10T10:24:48.683000;13ea7c51-555e-4486-8886-164f39725cab;8.658;100.0;SELL
2016-04-10T10:24:48.000000;2016-04-10T10:24:48.693000;8563ebea-05f1-422b-aa83-0aaa98351e1a;8.656;9.89929944;SELL
2016-04-10T10:24:48.000000;2016-04-10T10:24:48.707000;e63f7ed6-9a47-4ee6-8913-1e6392a8bbab;8.651;90.10070056;SELL
2016-04-10T10:25:10.000000;2016-04-10T10:25:10.847000;8bb0e721-8f02-4f8c-99a8-bc2f27c1bb6f;8.68;18.72735536;BUY
2016-04-10T10:25:10.000000;2016-04-10T10:25:10.860000;f56c3311-774c-4892-bd41-d2cddb1da1f0;8.681;72.07272114;BUY
2016-04-10T10:25:11.000000;2016-04-10T10:25:11.153000;c05984bf-35dd-466b-b9a2-549f80030419;8.7;9.1999235;SELL
2016-04-10T10:25:13.000000;2016-04-10T10:25:13.270000;c0a0e923-82b5-480b-bcd5-84aaceb6c31d;8.651;9.89929944;SELL
2016-04-10T10:25:13.000000;2016-04-10T10:25:13.287000;be71810e-fe66-4d7e-b37b-3c3ec6609aa3;8.65;0.10070056;SELL
2016-04-10T10:25:51.000000;2016-04-10T10:25:52.003000;6b9a3e15-ca10-4987-9d2b-75419fba0ef4;8.68;18.72735536;SELL
2016-04-10T10:25:57.000000;2016-04-10T10:25:57.260000;29956d6c-7b93-4afc-811f-fcbb8626b832;8.68;3.36504958;SELL
2016-04-10T10:25:59.000000;2016-04-10T10:25:59.450000;da75e81d-5d8d-4829-9045-fa4dd6e7b801;8.68;2.00161805;SELL
2016-04-10T10:26:01.000000;2016-04-10T10:26:01.853000;61e3e1d8-a0e2-4ad9-ab66-c49d3527cb51;8.68;1.79653583;SELL
2016-04-10T10:26:08.000000;2016-04-10T10:26:08.890000;38882678-9d2e-44ff-8f4f-b75ae3d7736a;8.68;23.73786317;SELL
2016-04-10T10:26:09.000000;2016-04-10T10:26:09.617000;e288bf8c-8e70-4f8c-9aa8-6820aa917f22;8.68;23.73786317;SELL
2016-04-10T10:26:11.000000;2016-04-10T10:26:11.940000;191d2d55-b9aa-40c7-a442-c4d1f7804655;8.68;1.86927738;SELL
2016-04-10T10:26:12.000000;2016-04-10T10:26:12.630000;e3cfc2b5-a91c-45f1-b6a1-ab7cc000d506;8.69;23.73786317;SELL
2016-04-10T10:26:12.000000;2016-04-10T10:26:13.013000;9722ba45-8fc6-434f-a42a-45ea43d163a1;8.69;76.26213683;SELL
2016-04-10T10:26:19.000000;2016-04-10T10:26:19.940000;9aef1cbe-802a-404c-8082-a1c8031c2a67;8.68;5.62398441;SELL
2016-04-10T10:26:22.000000;2016-04-10T10:26:22.490000;098ba62e-95bc-45dd-a4c1-bc99244bc48f;8.685;2.9194202;SELL
2016-04-10T10:26:25.000000;2016-04-10T10:26:25.417000;63f975ec-3898-4ed5-b127-9cb15a0cfc70;8.685;3.79208879;SELL
2016-04-10T10:26:27.000000;2016-04-10T10:26:27.920000;ab6dfa04-5e87-4dde-b095-43f954d649fc;8.685;3.98095314;SELL
2016-04-10T10:26:30.000000;2016-04-10T10:26:30.260000;8c897b7a-256f-4756-888c-d464b7d22261;8.685;3.98185673;SELL
2016-04-10T10:26:38.000000;2016-04-10T10:26:38.190000;7e16f2f4-022b-4ad8-af2c-6c527a1898d8;8.685;39.7090841;SELL
2016-04-10T10:26:38.000000;2016-04-10T10:26:38.577000;1c5df32f-b186-4c68-855e-867bf474ad11;8.685;39.7090841;SELL
2016-04-10T10:26:39.000000;2016-04-10T10:26:39.860000;3b5975ab-ea64-48f0-b3d8-bb593fb13a53;8.685;5.90751294;SELL
2016-04-10T10:26:43.000000;2016-04-10T10:26:43.997000;eadc91d7-e099-49eb-9031-467fa7cdca0f;8.68;3.8366015;SELL
2016-04-10T10:26:49.000000;2016-04-10T10:26:49.837000;723be49e-045e-4a5d-ae4f-77980b6e48fd;8.68;2.92572581;SELL
2016-04-10T10:26:53.000000;2016-04-10T10:26:53.960000;2a393cac-8d87-462f-9b32-a9f1d0e21fe3;8.68;6.70574827;SELL
2016-04-10T10:26:54.000000;2016-04-10T10:26:54.157000;19463695-dde6-437c-ab4c-83dad8498991;8.68;2.92932904;SELL
2016-04-10T10:27:02.000000;2016-04-10T10:27:02.053000;31a476e0-e238-4fe0-a451-7479f5279138;8.68;1.53102464;SELL
2016-04-10T10:28:04.000000;2016-04-10T10:28:04.073000;35f96557-7f9f-4557-92cf-9b36d8dd3324;8.68;1.21202379;SELL
2016-04-10T10:28:38.000000;2016-04-10T10:28:38.133000;eb477cf6-125b-4ab2-bfa8-415748e1c565;8.67;0.7645285;SELL
2016-04-10T10:28:47.000000;2016-04-10T10:28:47.813000;45e3be70-82c3-43b0-b53f-4bb1ab7cc110;8.67;3.50651457;SELL
2016-04-10T10:28:51.000000;2016-04-10T10:28:51.120000;554fbd06-bbba-4dec-8f1e-5d1cd6eb76e4;8.67;3.50741802;SELL
2016-04-10T10:28:55.000000;2016-04-10T10:28:55.947000;b961adac-ca5a-42a5-bac4-3eb7bb463df3;8.67;3.50741802;SELL
2016-04-10T10:28:58.000000;2016-04-10T10:28:58.823000;f01ffd32-76de-47f5-be8e-05fc88047ea6;8.67;3.57011532;SELL
2016-04-10T10:29:00.000000;2016-04-10T10:29:00.963000;bccfa2a3-1233-463d-bb16-2bc350a9d5b9;8.67;3.6221258;SELL
2016-04-10T10:29:02.000000;2016-04-10T10:29:03.033000;175cb47c-9308-47e1-8c28-858f0728fc1b;8.67;3.50741802;SELL
2016-04-10T10:29:04.000000;2016-04-10T10:29:05.027000;d3f5d802-6095-4844-9a7d-c90e62675839;8.67;3.50741802;SELL
2016-04-10T10:29:08.000000;2016-04-10T10:29:08.183000;cb9ebc05-b825-4229-a004-a5a34b4d2c80;8.67;3.50741802;SELL
2016-04-10T10:29:10.000000;2016-04-10T10:29:10.697000;b11f1cd2-f0a3-4da1-9e23-0e780e2ab650;8.67;3.50741802;SELL
2016-04-10T10:29:12.000000;2016-04-10T10:29:12.823000;1a22ac80-e80f-4a4b-84ed-4d280ff1de51;8.67;3.50741802;SELL
2016-04-10T10:29:15.000000;2016-04-10T10:29:15.127000;646b6d53-8a3f-42ea-b6f2-fcfdb4c63f10;8.67;3.18181947;SELL
2016-04-10T10:29:17.000000;2016-04-10T10:29:17.583000;a55fd1f2-ffe2-46f9-ab71-55f68628ea25;8.681;100.0;SELL
2016-04-10T10:29:20.000000;2016-04-10T10:29:20.650000;0195ead8-25bc-4011-b10b-af883221ee7b;8.67;46.2;SELL
2016-04-10T10:30:02.000000;2016-04-10T10:30:02.547000;2a98c3c4-1b44-4e6b-aa1a-84fba3ecc481;8.671;4.6233005;SELL
2016-04-10T10:30:03.000000;2016-04-10T10:30:03.393000;e160326f-11dd-4d6f-b31e-b769431580d6;8.671;69.01;SELL
2016-04-10T10:30:05.000000;2016-04-10T10:30:05.190000;4588e0c0-723f-4184-b706-da1c163ec1c8;8.671;26.3666995;SELL
2016-04-10T10:30:05.000000;2016-04-10T10:30:05.200000;675d4b4c-8c40-4101-afad-04b4678f127e;8.67;8.9333005;SELL
2016-04-10T10:30:13.000000;2016-04-10T10:30:13.883000;0ce51d39-5198-486a-a340-539cdecc81c4;8.67;3.65571064;SELL
2016-04-10T10:30:19.000000;2016-04-10T10:30:19.207000;475d4f61-5a87-47a2-b648-91a97a2b88a7;8.67;2.01395906;SELL
2016-04-10T10:30:20.000000;2016-04-10T10:30:20.777000;d4aa742e-634b-4f0d-b004-5ee14b5b2298;8.671;4.60050326;BUY
2016-04-10T10:30:20.000000;2016-04-10T10:30:20.793000;18de0f51-0dd0-4ceb-aebe-4a32947f26b9;8.671;26.85180498;BUY
2016-04-10T10:30:20.000000;2016-04-10T10:30:20.810000;31de32bf-096f-4a66-9f96-a62a8505f0c9;8.671;4.25185531;BUY
2016-04-10T10:30:21.000000;2016-04-10T10:30:21.563000;0ed0f951-51e1-4f2d-aa23-e752a2096f31;8.671;1.68874101;SELL
2016-04-10T10:30:31.000000;2016-04-10T10:30:31.550000;4c276d13-6146-4d62-a7b7-5ed1204697cb;8.671;4.43687625;SELL
2016-04-10T10:30:33.000000;2016-04-10T10:30:33.817000;3eff6260-b9a4-4ea4-8063-0fd6962a4a7e;8.671;3.67553976;SELL
2016-04-10T10:30:36.000000;2016-04-10T10:30:36.573000;1d923207-c5be-42fa-9650-539dae9c0794;8.671;3.67492928;SELL
2016-04-10T10:30:39.000000;2016-04-10T10:30:39.533000;cc927479-10ac-4a12-aac1-86df720d2486;8.671;1.68058018;SELL
2016-04-10T10:30:42.000000;2016-04-10T10:30:42.090000;2f9dfe10-ce90-481b-95c8-e4130fc8d468;8.671;3.25828249;SELL
2016-04-10T10:30:44.000000;2016-04-10T10:30:44.750000;895353a1-0779-48b3-9eb2-346de4b2e85f;8.671;3.71850509;SELL
2016-04-10T10:30:47.000000;2016-04-10T10:30:47.443000;f89810e5-050f-41fb-bfee-a77c4d98da8a;8.671;2.64163313;SELL
2016-04-10T10:31:13.000000;2016-04-10T10:31:13.737000;1aa24583-a7f7-4909-b341-0c6aa04ae114;8.671;2.88236617;SELL
2016-04-10T10:31:16.000000;2016-04-10T10:31:16.430000;4ed3af67-5eed-4e19-a9f8-2f0df357927a;8.671;2.83409572;SELL
2016-04-10T10:31:18.000000;2016-04-10T10:31:18.903000;bc24a906-7aaf-4171-88e7-c123b51b2221;8.671;1.60391737;SELL
2016-04-10T10:31:21.000000;2016-04-10T10:31:21.223000;150393eb-7e29-4634-85d4-ccd13f38f3d6;8.671;2.80753235;SELL
2016-04-10T10:31:25.000000;2016-04-10T10:31:25.097000;f43133d9-f3d0-400a-b823-ce66aeb11b84;8.671;1.61737937;SELL
2016-04-10T10:31:59.000000;2016-04-10T10:31:59.907000;32500d31-f337-4cd1-a970-4b1f3ad2e442;8.671;2.71675772;SELL
2016-04-10T10:32:02.000000;2016-04-10T10:32:02.810000;def2ff0b-22ce-407d-8bc7-9f37c1b1ec1b;8.671;2.50678701;SELL
2016-04-10T10:32:13.000000;2016-04-10T10:32:13.357000;0d94a247-2ee4-4266-b8d3-9871ac82ab72;8.671;2.55075928;SELL
2016-04-10T10:32:23.000000;2016-04-10T10:32:23.533000;cc8da2d7-03a2-4d71-ba20-2834028ccba5;8.671;3.06327928;SELL
2016-04-10T10:32:27.000000;2016-04-10T10:32:27.113000;8fe6b990-e361-4444-98a0-04ab0ea1008a;8.671;3.20278494;SELL
2016-04-10T10:32:28.000000;2016-04-10T10:32:28.823000;ae466fa6-a0cb-4b83-b650-2de93d6339d1;8.671;13.73509005;SELL
2016-04-10T10:33:24.000000;2016-04-10T10:33:24.327000;9f476643-3295-4397-82fa-a9ed6efaede6;8.661;38.62;SELL
2016-04-10T10:33:31.000000;2016-04-10T10:33:31.457000;acb83782-91ec-4473-9df5-4046e16fe65e;8.661;61.38;SELL
2016-04-10T10:34:13.000000;2016-04-10T10:34:13.233000;65da5613-d85d-4cd2-ac3e-4d47a05dd804;8.661;100.0;SELL
2016-04-10T10:34:19.000000;2016-04-10T10:34:19.317000;3f12b5f2-ccdc-47af-bb51-8599c7bea781;8.661;20.22484504;SELL
2016-04-10T10:34:20.000000;2016-04-10T10:34:21.010000;403c3c8a-df6a-4bea-a473-cf96e3896b36;8.661;79.77515496;SELL
2016-04-10T10:34:20.000000;2016-04-10T10:34:21.017000;2296da2a-9b83-43df-8196-2832eb483485;8.66;105.96484504;SELL
2016-04-10T10:34:23.000000;2016-04-10T10:34:23.227000;2bac2c92-059e-4c9f-8b25-45fa97370c18;8.66;185.56;SELL
2016-04-10T10:34:55.000000;2016-04-10T10:34:55.337000;2c44d3e8-c740-4042-8e9c-ee3e95ce8f14;8.661;100.0;SELL
2016-04-10T10:35:00.000000;2016-04-10T10:35:00.530000;68c9fe0b-67e0-4d03-8488-d54c38e00d83;8.661;18.35910447;BUY
2016-04-10T10:35:30.000000;2016-04-10T10:35:30.400000;74fd4a61-aa71-4ba0-8ef6-7144f6875375;8.661;81.64;SELL
2016-04-10T10:35:38.000000;2016-04-10T10:35:39.000000;9f283d64-db52-4a61-93b3-12dd2e224f18;8.661;0.00089553;SELL
2016-04-10T10:35:38.000000;2016-04-10T10:35:39.007000;c98f4f1c-6cc8-4fc5-95a8-72c573d37df1;8.66;8.47515496;SELL
2016-04-10T10:35:43.000000;2016-04-10T10:35:43.450000;13e397a6-7d0e-469b-974d-f095d1a52b0d;8.66;0.00394951;BUY
2016-04-10T10:35:43.000000;2016-04-10T10:35:43.457000;44169f57-2caf-4df8-9bbb-2a48d1cabf71;8.66;2.99605049;BUY
2016-04-10T10:35:45.000000;2016-04-10T10:35:45.160000;4f7e459d-df8b-4c01-acd8-a8610c8dd711;8.66;3.0;BUY
2016-04-10T10:35:46.000000;2016-04-10T10:35:46.803000;0099fa65-f11c-41ee-a2f7-bd4d3a2626b6;8.66;3.0;BUY
2016-04-10T10:35:48.000000;2016-04-10T10:35:48.453000;74f710a1-147f-4104-b570-fa772cd2ad66;8.66;3.0;BUY
2016-04-10T10:35:51.000000;2016-04-10T10:35:51.433000;072e6e50-1027-4d9a-bef6-22ade61af676;8.66;1.82926444;BUY
2016-04-10T10:35:57.000000;2016-04-10T10:35:57.640000;c5f177d7-c4e6-4dc4-bf63-76863c545c5b;8.668;3.0;BUY
2016-04-10T10:35:59.000000;2016-04-10T10:35:59.740000;2cc7d938-c06e-463b-9c17-83537bc9ea6b;8.667;3.0;BUY
2016-04-10T10:36:53.000000;2016-04-10T10:36:53.150000;1cb6ed90-8e70-48cc-8653-01e6f90f0095;8.66;1.17073556;SELL
2016-04-10T10:36:53.000000;2016-04-10T10:36:53.160000;5fff514c-a878-4baf-a0d0-fc3c979d61a2;8.66;1.26125058;SELL
2016-04-10T10:40:33.000000;2016-04-10T10:40:33.630000;68c9074e-cdc3-4101-a943-e5098ddfcc1b;8.67;3.88842207;SELL
2016-04-10T10:40:35.000000;2016-04-10T10:40:35.643000;e283711f-d3be-4a27-a3d8-34c8998da78f;8.67;3.88842207;SELL
2016-04-10T10:40:37.000000;2016-04-10T10:40:37.823000;e5c49f48-ba82-4696-b81c-b6e1bd18cb1f;8.67;3.88842207;SELL
2016-04-10T10:40:40.000000;2016-04-10T10:40:40.080000;2d680275-8dca-4b19-b84c-a3fff7a4a279;8.67;3.88842207;SELL
2016-04-10T10:40:44.000000;2016-04-10T10:40:44.390000;a21e03d5-0a06-4ed7-926d-143718d34cd1;8.67;3.88842207;SELL
2016-04-10T10:40:51.000000;2016-04-10T10:40:51.170000;4a68d10f-ec99-4b73-b771-143d827d9f30;8.67;3.93214486;SELL
2016-04-10T10:40:56.000000;2016-04-10T10:40:56.523000;d33aca84-ecb0-42ac-9f6a-15264b848d20;8.67;1.59546481;SELL
2016-04-10T10:41:01.000000;2016-04-10T10:41:01.310000;4752fe5d-115d-45e2-8603-b3ce146a829f;8.67;2.89980846;SELL
2016-04-10T10:41:06.000000;2016-04-10T10:41:06.563000;5f16b1a8-94dc-4c48-a5bb-b6f8588d708c;8.67;4.38624291;SELL
2016-04-10T10:41:12.000000;2016-04-10T10:41:12.770000;5bd58496-402c-401f-8192-e977091b6c68;8.67;4.38624291;SELL
2016-04-10T10:41:14.000000;2016-04-10T10:41:14.973000;28459d92-e8ac-4396-881f-54725573682f;8.67;2.4289504;SELL
2016-04-10T10:41:24.000000;2016-04-10T10:41:24.747000;aaf1b33a-fac0-4465-82f3-604efa86ad39;8.67;4.38624291;SELL
2016-04-10T10:41:26.000000;2016-04-10T10:41:26.997000;059a429b-b38a-48ae-9f16-0e3e43563845;8.67;4.38624291;SELL
2016-04-10T10:41:29.000000;2016-04-10T10:41:29.250000;89c9c082-484e-4681-a3ca-57a258f979d9;8.67;2.69349553;SELL
2016-04-10T10:41:31.000000;2016-04-10T10:41:31.430000;a4bcbecc-3131-4a47-81eb-32546cde705d;8.67;1.29439039;SELL
2016-04-10T10:41:32.000000;2016-04-10T10:41:32.610000;9b61bf07-6b8a-4658-a0e7-4c9569fb6a83;8.67;148.16866356;SELL
2016-04-10T10:41:32.000000;2016-04-10T10:41:32.613000;69aaa05a-8064-469a-9bee-d90486548547;8.665;91.94894049;SELL
2016-04-10T10:42:14.000000;2016-04-10T10:42:14.150000;0b90b4f0-902a-49bb-9c12-2bbc51d307fd;8.67;4.34649825;BUY
2016-04-10T10:43:37.000000;2016-04-10T10:43:37.133000;1588b827-4f51-4ef6-90ad-6b0c7d251dd3;8.67;0.15201;SELL
2016-04-10T10:44:48.000000;2016-04-10T10:44:48.070000;416fed1a-3d3d-425e-9b25-73bdea312d3e;8.671;2.77623843;BUY
2016-04-10T10:45:00.000000;2016-04-10T10:45:00.587000;5d93b31b-c5a3-4b27-ae29-74141efb0ad8;8.671;29.16600745;SELL
2016-04-10T10:45:00.000000;2016-04-10T10:45:00.993000;b8481801-e29b-4dff-8bd7-205025bd1318;8.671;117.61951585;SELL
2016-04-10T10:45:35.000000;2016-04-10T10:45:35.057000;f9219a26-0415-49f2-9ce1-ae9c80ed7750;8.685;1.16;BUY
2016-04-10T10:45:36.000000;2016-04-10T10:45:37.190000;f8ff9642-2c6c-423d-9f9f-fea71f3e9159;8.685;0.0036094;BUY
2016-04-10T10:48:18.000000;2016-04-10T10:48:18.767000;145b15a1-b43a-49fe-a28e-b9cd675dbe57;8.737;23.73786317;BUY
2016-04-10T10:48:18.000000;2016-04-10T10:48:18.780000;d467a619-8775-4496-a91f-0e9defe00e21;8.738;1.01146049;BUY
2016-04-10T10:48:18.000000;2016-04-10T10:48:18.787000;75771077-e734-4c09-8d8e-1e1ac60c4bbf;8.738;23.73786317;BUY
2016-04-10T10:49:27.000000;2016-04-10T10:49:27.310000;e6261ebd-4542-49a3-90f0-671b981ec6c2;8.74;4.00801603;BUY
2016-04-10T10:49:31.000000;2016-04-10T10:49:31.380000;bc21de30-ac94-4263-9e6e-494efdb269a6;8.74;0.62050201;BUY
2016-04-10T10:49:35.000000;2016-04-10T10:49:35.250000;eac51047-a730-462e-8bad-def31605f7c9;8.7445;1.0;BUY
2016-04-10T10:51:53.000000;2016-04-10T10:51:53.750000;36bed8d3-d109-4cb6-979d-c9c5d46c024d;8.8179;23.24553189;BUY
2016-04-10T10:51:53.000000;2016-04-10T10:51:53.767000;cfd57a41-f92a-41f5-8510-6fcfc4871bf2;8.8189;1.0;BUY
2016-04-10T10:51:53.000000;2016-04-10T10:51:53.770000;0ae86fbe-9526-4083-b72d-d394fb06d03d;8.819;9.07943586;BUY
2016-04-10T10:51:53.000000;2016-04-10T10:51:53.830000;9efed18a-3c8c-4102-bb52-5ba6f9c4daf1;8.82;23.24553189;SELL
2016-04-10T10:51:54.000000;2016-04-10T10:51:54.520000;8bd6ebda-4a26-418e-905a-bb85445494bc;8.82;18.2;SELL
2016-04-10T10:51:55.000000;2016-04-10T10:51:55.103000;a53f4e2b-7a8b-43d7-85b8-184fc0205a2f;8.82;9.07943586;SELL
2016-04-10T10:51:55.000000;2016-04-10T10:51:55.313000;7d39b412-4080-46a8-8521-3a818eef892c;8.82;23.24553189;SELL
2016-04-10T10:51:56.000000;2016-04-10T10:51:56.130000;a2c37a87-e567-4efd-93f9-5db3559ec673;8.82;17.67246811;SELL
2016-04-10T10:51:56.000000;2016-04-10T10:51:56.223000;4dacec93-16bf-481f-857c-a53d237dbfc8;8.82;11.25850046;SELL
2016-04-10T10:51:56.000000;2016-04-10T10:51:56.553000;6e42e1bc-e40d-4a33-901c-6935888842ea;8.82;23.24553189;SELL
2016-04-10T10:51:56.000000;2016-04-10T10:51:56.577000;71af89d5-67b1-46cb-b687-e15145011988;8.82;11.25850046;SELL
2016-04-10T10:51:57.000000;2016-04-10T10:51:57.067000;79973b0d-bde6-401e-a9de-9447577d8c68;8.82;11.25850046;SELL
2016-04-10T10:51:57.000000;2016-04-10T10:51:57.133000;ecea73d6-80ce-4fba-a631-0fe5e9f31a20;8.82;218.21103123;SELL
2016-04-10T10:51:57.000000;2016-04-10T10:51:57.143000;b3423bda-2ca4-437c-b32a-10dd05a36103;8.736;85.68396877;SELL
2016-04-10T10:54:03.000000;2016-04-10T10:54:03.747000;dd8d0963-65a3-4c7e-b416-72e442199e8a;8.736;1.96511039;SELL
2016-04-10T10:54:04.000000;2016-04-10T10:54:04.320000;528a1af3-c34c-4176-b172-b89f203731d4;8.736;10.37110742;SELL
2016-04-10T10:54:05.000000;2016-04-10T10:54:05.797000;79e8b683-43df-468b-ae45-db79d0edfa96;8.736;11.98;SELL
2016-04-10T10:54:13.000000;2016-04-10T10:54:13.183000;41036dbb-8309-4741-ae34-b5edc523c2ad;8.797;29.05691486;BUY
2016-04-10T10:54:13.000000;2016-04-10T10:54:13.190000;afb5b6b5-13b9-4d7a-a1e1-1cda709a789c;8.798;12.89;BUY
2016-04-10T10:54:13.000000;2016-04-10T10:54:13.197000;8925409c-1110-4040-9f81-4216687bc484;8.801;158.05308514;BUY
2016-04-10T10:54:14.000000;2016-04-10T10:54:14.570000;beb44a18-9e46-457d-b2a7-2ad744d1c27e;8.736;27.08;SELL
2016-04-10T10:54:15.000000;2016-04-10T10:54:15.653000;ad5b3512-7d6f-44b3-98ff-067066d99349;8.736;93.19;SELL
2016-04-10T10:54:16.000000;2016-04-10T10:54:16.053000;0516ca24-51d7-475c-901b-45128ede9b91;8.736;93.19;SELL
2016-04-10T10:54:23.000000;2016-04-10T10:54:23.513000;b3f4bea9-4158-4cdd-b02c-a74465f610ee;8.736;1.27404437;SELL
2016-04-10T10:54:26.000000;2016-04-10T10:54:26.587000;366dd3a2-0771-48d6-a572-b84659fb04e4;8.736;36.6;SELL
2016-04-10T10:54:28.000000;2016-04-10T10:54:28.670000;4a339247-3fa5-498d-8292-ad9d4b4116c4;8.736;3.59612953;SELL
2016-04-10T10:54:30.000000;2016-04-10T10:54:30.873000;86a23619-6025-4018-bb9a-13d75043b554;8.736;3.57939639;SELL
2016-04-10T10:54:33.000000;2016-04-10T10:54:33.947000;a5bbd73a-9789-42f0-9d40-7e49f7abb319;8.736;3.55752014;SELL
2016-04-10T10:54:36.000000;2016-04-10T10:54:36.717000;255eb6f4-fcb0-4822-bc68-3b381fc3d0ca;8.74;3.28487601;SELL
2016-04-10T10:54:39.000000;2016-04-10T10:54:39.950000;67e96cc7-8afe-4ae9-8ada-135ba0d1d236;8.74;1.94174641;SELL
2016-04-10T10:54:43.000000;2016-04-10T10:54:43.043000;f3420cee-2d22-42c8-973d-7c9463f4dca2;8.74;0.90413157;SELL
2016-04-10T10:54:43.000000;2016-04-10T10:54:43.217000;0acd4b2d-ba2c-4b02-af37-688496aaa271;8.74;1.94174641;SELL
2016-04-10T10:54:45.000000;2016-04-10T10:54:45.657000;d2e99480-a189-4832-a5a5-bb2a49c95b71;8.74;1.42098142;SELL
2016-04-10T10:54:49.000000;2016-04-10T10:54:49.613000;9ece3133-d6a8-4df1-a030-5e7ea4aea5ab;8.74;27.45;SELL
2016-04-10T10:55:03.000000;2016-04-10T10:55:03.520000;85ee1a35-c7f4-46bc-b580-ec5381f47836;8.736;10.02054525;SELL
2016-04-10T10:55:05.000000;2016-04-10T10:55:05.290000;c30e8272-0e35-471f-9623-331681a8a0c2;8.736;1.65518556;SELL
2016-04-10T10:55:17.000000;2016-04-10T10:55:17.670000;f7886576-7df1-4a3b-a887-996504f000c2;8.736;3.56065503;SELL
2016-04-10T10:55:20.000000;2016-04-10T10:55:20.247000;e5d68e7b-c6ed-4548-815d-914fe60076ad;8.736;0.96509659;SELL
2016-04-10T10:55:20.000000;2016-04-10T10:55:20.693000;9f6f75b5-02f2-46e4-9e92-80ab49371f88;8.736;0.96509659;SELL
2016-04-10T10:55:21.000000;2016-04-10T10:55:21.747000;7f76c584-bbcd-42cc-af09-ee158a19acf1;8.736;3.50352741;SELL
2016-04-10T10:55:24.000000;2016-04-10T10:55:24.963000;bd13f53f-4b15-4de3-82b6-02894bcd6dfe;8.736;0.99799396;SELL
2016-04-10T10:55:25.000000;2016-04-10T10:55:25.370000;8c233cfd-b1a8-4e75-8fdd-b612e0f6e0d5;8.736;3.99422437;SELL
2016-04-10T10:55:27.000000;2016-04-10T10:55:27.710000;61d8b902-5fd3-41b6-91df-3b06537a8200;8.736;3.44113257;SELL
2016-04-10T10:55:28.000000;2016-04-10T10:55:28.163000;dc13006a-f76e-40bb-951d-329b938572ef;8.736;1.53619405;SELL
2016-04-10T10:55:30.000000;2016-04-10T10:55:30.387000;ca1da433-6798-4b23-90fc-3b37349cc52a;8.736;3.35223065;SELL
2016-04-10T10:55:30.000000;2016-04-10T10:55:30.880000;ef4618a1-6973-4984-baba-fd86e8381b33;8.736;19.32747616;SELL
2016-04-10T10:55:33.000000;2016-04-10T10:55:33.623000;b7b39a8e-2ff1-4ad9-950c-075e5d2e6a23;8.736;7.85349332;SELL
2016-04-10T10:55:36.000000;2016-04-10T10:55:36.430000;2779fa25-cbe2-4fa5-8557-8b6fa4abde82;8.736;6.19378304;SELL
2016-04-10T10:55:39.000000;2016-04-10T10:55:39.427000;62bce81c-dc2b-47ad-8ef9-21b1a6e5c478;8.736;4.51874831;SELL
2016-04-10T10:55:40.000000;2016-04-10T10:55:40.697000;7edc0e9b-9483-45da-a843-02bd87b1c198;8.736;12.354947;SELL
2016-04-10T10:55:40.000000;2016-04-10T10:55:40.817000;c1d91751-c2bb-4dd8-8462-5bbacb84413e;8.736;19.96;SELL
2016-04-10T10:55:40.000000;2016-04-10T10:55:40.977000;0897b903-65c1-4552-a918-26cef15200e5;8.736;19.96;SELL
2016-04-10T10:55:41.000000;2016-04-10T10:55:41.347000;fd8906e0-819c-4877-8bc5-d5f6783b1cc2;8.736;7.60504709;SELL
2016-04-10T10:55:41.000000;2016-04-10T10:55:41.757000;b8475bd4-abc1-484e-9018-a43f6df49688;8.736;0.41539815;SELL
2016-04-10T10:55:41.000000;2016-04-10T10:55:41.997000;951a8495-32db-4538-a0d0-786e2d2fb1ee;8.736;19.996;SELL
2016-04-10T10:55:42.000000;2016-04-10T10:55:42.053000;8d26d42d-448a-4c27-ae87-9ab32dc0a8f8;8.736;19.96;SELL
2016-04-10T10:55:42.000000;2016-04-10T10:55:42.823000;790cf97c-3ec1-487f-91d5-1846264812f3;8.736;3.72162164;SELL
2016-04-10T10:55:46.000000;2016-04-10T10:55:46.247000;b80f1fcd-3636-4287-93ae-566e72067ede;8.736;5.93159482;SELL
2016-04-10T10:55:48.000000;2016-04-10T10:55:48.410000;04ce592b-54d7-4fd3-b465-2b599e2ff59f;8.736;27.53663632;SELL
2016-04-10T10:55:49.000000;2016-04-10T10:55:49.330000;f3adaa2b-89d6-47a3-9d60-189d85826d74;8.736;27.53663632;SELL
2016-04-10T10:55:49.000000;2016-04-10T10:55:49.827000;6cc45b8c-73d4-45e8-9ff3-9c203617ae92;8.736;5.54822074;SELL
2016-04-10T10:55:50.000000;2016-04-10T10:55:50.330000;373d26fa-d23f-47be-b889-92bfefbb17ab;8.736;27.53663632;SELL
2016-04-10T10:55:50.000000;2016-04-10T10:55:50.540000;ae4f73f2-7f4e-4ab7-af87-77f1942828d4;8.736;20.61452737;SELL
2016-04-10T10:55:50.000000;2016-04-10T10:55:50.760000;1d419ee1-3efb-43a1-a2aa-f73accbdfcde;8.736;0.19301932;SELL
2016-04-10T10:55:50.000000;2016-04-10T10:55:50.767000;42358a68-677b-4b7a-8999-d7727653fd36;8.736;27.5863016;SELL
2016-04-10T10:55:51.000000;2016-04-10T10:55:51.157000;911423ee-2058-4078-aefb-27f69cdb37bb;8.736;0.19301932;SELL
2016-04-10T10:55:51.000000;2016-04-10T10:55:51.177000;a0827085-f877-4b37-b8f9-826f0b6ace11;8.736;9.39773412;SELL
2016-04-10T10:57:20.000000;2016-04-10T10:57:20.313000;7d8138bf-dd6d-4c99-899d-a1c61d004f45;8.7;11.98;SELL
2016-04-10T10:57:24.000000;2016-04-10T10:57:24.187000;1945709d-4fb8-458c-b87d-0f37fa0002d7;8.7;3.05140509;SELL
2016-04-10T10:57:27.000000;2016-04-10T10:57:27.433000;ed19b5b2-abf0-43c5-9e9c-c3601abd6405;8.7;3.98676248;SELL
2016-04-10T10:57:30.000000;2016-04-10T10:57:30.507000;1273f71e-8bc1-47a4-ba14-9d65762f5ed6;8.7;4.30540803;SELL
2016-04-10T10:57:33.000000;2016-04-10T10:57:33.517000;4572a6d8-914c-49e6-84c0-e964a38e5136;8.706;18.1389022;BUY
2016-04-10T10:57:33.000000;2016-04-10T10:57:33.520000;3d39950f-ffbe-425f-befe-46dbebeb0e8d;8.7129;109.9243978;BUY
2016-04-10T10:57:34.000000;2016-04-10T10:57:34.167000;b9a5aa05-f161-4268-8cb0-8758f3028b08;8.7;1.61525077;SELL
2016-04-10T10:57:38.000000;2016-04-10T10:57:38.143000;511cfd55-f43a-4a18-827c-4428da236afb;8.7;1.61578739;SELL
2016-04-10T10:58:06.000000;2016-04-10T10:58:06.783000;9c731e8a-f42c-4515-9107-d05207556ffa;8.7;1.53583202;SELL
2016-04-10T10:58:08.000000;2016-04-10T10:58:08.163000;64fdbe18-68d2-4192-af38-08afc8527731;8.7;1.2274868;SELL
2016-04-10T10:58:27.000000;2016-04-10T10:58:27.543000;2abe7017-c214-4300-b730-6150706283c6;8.7;0.26400837;SELL
2016-04-10T10:58:42.000000;2016-04-10T10:58:42.253000;469e77ea-5481-4de6-9bed-bdd43b6187d1;8.7;4.495;SELL
2016-04-10T10:58:50.000000;2016-04-10T10:58:50.897000;df41e312-5cda-4e75-a45b-bd02c75bcdfc;8.7;1.24446941;SELL
2016-04-10T10:58:59.000000;2016-04-10T10:58:59.193000;4ab871aa-4e22-4eb1-93b7-705d6fe3e18b;8.7;2.42275862;SELL
2016-04-10T11:00:29.000000;2016-04-10T11:00:29.817000;38fac9b1-1fcb-42c9-bfa5-ad3dd7ce68f6;8.7;0.11931798;SELL
2016-04-10T11:00:29.000000;2016-04-10T11:00:29.877000;6062302e-535c-45ac-b40a-30b84ac45af5;8.7;23.86593645;SELL
2016-04-10T11:00:31.000000;2016-04-10T11:00:31.657000;6f6c9702-3aae-4c19-b2b3-8f334a8ac6af;8.7;12.354947;SELL
2016-04-10T11:00:32.000000;2016-04-10T11:00:32.120000;15c34938-031f-4757-a2bd-5638906095e4;8.7;0.78393328;SELL
2016-04-10T11:01:02.000000;2016-04-10T11:01:02.683000;2c6da783-849b-4d37-844f-663de68be069;8.7;2.74616265;SELL
2016-04-10T11:01:13.000000;2016-04-10T11:01:13.877000;4993f40b-73c6-4652-b1e7-0ecbc86d75f2;8.7;2.11435104;SELL
2016-04-10T11:01:47.000000;2016-04-10T11:01:47.680000;2c0b383d-b895-405d-947b-a926b6ca958f;8.7;14.067;SELL
2016-04-10T11:02:21.000000;2016-04-10T11:02:21.920000;7a9b9ee2-22fb-4520-9b33-8a40a03ed1a7;8.7;1.09769;SELL
2016-04-10T11:03:06.000000;2016-04-10T11:03:06.700000;a7ce71ce-2ecb-4810-8d45-779436303d19;8.7;0.1;SELL
2016-04-10T11:03:14.000000;2016-04-10T11:03:14.400000;cede784d-b162-4df1-8c33-794a7c8e3bfd;8.7;23.96293819;SELL
2016-04-10T11:03:21.000000;2016-04-10T11:03:21.773000;f89b325e-a830-4da3-90cc-f7e407a17cf5;8.7;0.998;SELL
2016-04-10T11:03:21.000000;2016-04-10T11:03:21.977000;c875cf85-c77c-41db-b0d5-a7d8aae3cbfb;8.7;0.998;SELL
2016-04-10T11:03:22.000000;2016-04-10T11:03:22.510000;c4c6b429-5e0d-4e51-b99c-7fb7531a42a9;8.7;0.9998;SELL
2016-04-10T11:03:22.000000;2016-04-10T11:03:22.913000;4790e9d8-a33c-46fc-8052-e8e8ec422bcf;8.7;0.998;SELL
2016-04-10T11:03:22.000000;2016-04-10T11:03:22.940000;1fcff570-e12b-4d71-a748-8e286fc2181b;8.7;0.998;SELL
2016-04-10T11:03:23.000000;2016-04-10T11:03:23.457000;37f058d0-69b7-4d65-9681-f3c5f53251fb;8.7;0.998;SELL
2016-04-10T11:03:23.000000;2016-04-10T11:03:23.700000;b93120ea-16f4-401e-9092-28201bad08ea;8.7;12.368118;SELL
2016-04-10T11:03:23.000000;2016-04-10T11:03:23.977000;79ec6789-c44a-4f2d-8591-2d0ddbb18449;8.7;7.06355722;SELL
2016-04-10T11:03:23.000000;2016-04-10T11:03:24.020000;d8e77a23-c5d0-4a5e-972c-f99aeedb8547;8.7;0.998;SELL
2016-04-10T11:03:23.000000;2016-04-10T11:03:24.040000;6bf8bff7-4597-4c16-97ac-fb436e963c1e;8.7;54.15393874;SELL
2016-04-10T11:03:25.000000;2016-04-10T11:03:25.680000;1708d9bd-6ea0-4c2a-b4d7-b532cdbb0d11;8.7;0.47014047;SELL
2016-04-10T11:03:27.000000;2016-04-10T11:03:27.270000;ba9b2da2-3440-43a6-bef4-58a64009f918;8.685;1.15895962;SELL
2016-04-10T11:04:55.000000;2016-04-10T11:04:55.430000;a563fb89-52c4-4163-be37-622073dbf3fd;8.671;23.96176481;SELL
2016-04-10T11:04:58.000000;2016-04-10T11:04:58.763000;0e115d4e-14fc-49a8-b6b5-1f651d61f69b;8.671;6.47647264;SELL
2016-04-10T11:04:59.000000;2016-04-10T11:04:59.827000;4c1b0624-2d16-4f13-8b8a-ddf0b05df167;8.67;6.6944871;SELL
2016-04-10T11:05:59.000000;2016-04-10T11:05:59.320000;9a4349d0-7a0a-4be0-8d26-2d367f3f5a44;8.67;24.02529248;SELL
2016-04-10T11:06:00.000000;2016-04-10T11:06:00.993000;2ec3b388-94d2-47e1-bc73-021af6b85ede;8.67;2.15096994;SELL
2016-04-10T11:06:01.000000;2016-04-10T11:06:01.117000;88acab7d-849a-4a1f-8431-7484ae76534d;8.67;24.02529248;SELL
2016-04-10T11:07:20.000000;2016-04-10T11:07:20.303000;abb5c60a-5139-4765-a519-579e4a9ebdf6;8.67;24.03709406;SELL
2016-04-10T11:07:21.000000;2016-04-10T11:07:21.293000;6c1b5fb9-1251-43b8-9a1a-8a6494b6e547;8.67;12.368131;SELL
2016-04-10T11:07:21.000000;2016-04-10T11:07:21.780000;09c735ff-0b61-406a-a4da-ce51cffe95c2;8.67;0.87190593;SELL
2016-04-10T11:07:28.000000;2016-04-10T11:07:28.850000;9c00bd1b-d25b-4cfc-b791-1c9f93998ac5;8.692;2.3874;BUY
2016-04-10T11:08:34.000000;2016-04-10T11:08:34.550000;c3c9e2ae-1818-45d1-b6b5-a7b77cbaeba6;8.67;9.74636701;SELL
2016-04-10T11:08:35.000000;2016-04-10T11:08:35.097000;d708bd5b-45fb-4253-9179-3955d5bac181;8.67;2.43664953;SELL
2016-04-10T11:08:37.000000;2016-04-10T11:08:37.450000;ded914b2-37fc-4e75-91d8-1743b36e3e9a;8.67;2.43670732;SELL
2016-04-10T11:08:57.000000;2016-04-10T11:08:58.007000;814d21a8-2ffe-4124-917f-9adcf2d8f89a;8.67;2.43659214;SELL
2016-04-10T11:09:18.000000;2016-04-10T11:09:19.027000;21fea032-bb8e-407b-917d-34fa60f7e95c;8.67;2.43659175;SELL
2016-04-10T11:09:20.000000;2016-04-10T11:09:20.177000;c1c28182-388a-4466-a3dc-ec65cbbcb123;8.67;3.2435;SELL
2016-04-10T11:09:22.000000;2016-04-10T11:09:22.970000;eed02e08-23bc-41c4-9a86-54bd7ac2e957;8.67;2.44098641;SELL
2016-04-10T11:09:30.000000;2016-04-10T11:09:30.120000;2e1f6a8b-0757-4b68-a018-e91e1ee3431d;8.67;23.93129699;SELL
2016-04-10T11:09:32.000000;2016-04-10T11:09:32.770000;0309da3f-1661-42d2-aa64-efbd7e978669;8.67;100.0;SELL
2016-04-10T11:09:42.000000;2016-04-10T11:09:42.637000;04fd8b52-8189-4035-aefa-126fed3a7f76;8.67;23.7;SELL
2016-04-10T11:09:45.000000;2016-04-10T11:09:45.177000;b10f07f1-347d-49d1-9877-62f30c2e7216;8.67;2.43171857;SELL
2016-04-10T11:09:59.000000;2016-04-10T11:09:59.050000;46a0f77d-fd8a-4eae-887c-20635feb8162;8.67;5.88538607;SELL
2016-04-10T11:10:01.000000;2016-04-10T11:10:01.107000;6f3725d5-71ae-42b5-aee5-58181798617b;8.67;42.0;SELL
2016-04-10T11:10:01.000000;2016-04-10T11:10:01.317000;bd92e485-cce1-416e-b11f-8eaa8eb32a0f;8.67;5.35440495;SELL
2016-04-10T11:10:04.000000;2016-04-10T11:10:04.420000;d8473959-d09c-4694-9557-5e2b7df22cad;8.67;4.53315293;SELL
2016-04-10T11:10:15.000000;2016-04-10T11:10:15.423000;243c3be4-5f1a-4ca3-acde-22b749014f2e;8.67;2.75509498;SELL
2016-04-10T11:10:15.000000;2016-04-10T11:10:15.500000;d2dd19e2-efde-4a4f-8685-17d6b059c8d6;8.67;5.0;SELL
2016-04-10T11:10:18.000000;2016-04-10T11:10:18.500000;5adc67bc-d242-4785-bc5c-046febaba08b;8.67;3.88686086;SELL
2016-04-10T11:10:25.000000;2016-04-10T11:10:25.610000;14221867-8f32-4e18-80f7-299e97c14535;8.67;28.0;SELL
2016-04-10T11:10:30.000000;2016-04-10T11:10:30.323000;367039e4-3bc5-4307-9fee-b088565c6f59;8.67;24.10339676;SELL
2016-04-10T11:10:30.000000;2016-04-10T11:10:30.387000;18398765-ffec-4364-8b8d-3b8fb6f5d46f;8.67;24.09390256;SELL
2016-04-10T11:10:35.000000;2016-04-10T11:10:35.610000;4804f20a-a00b-4e1d-bc1e-1ea310682825;8.67;20.42;SELL
2016-04-10T11:10:36.000000;2016-04-10T11:10:36.820000;32241fa8-c968-463c-aa7b-dbae85e521c5;8.67;20.42;SELL
2016-04-10T11:10:37.000000;2016-04-10T11:10:37.813000;aeac971c-7c6d-485f-8aed-cfb25758c808;8.67;20.42;SELL
2016-04-10T11:10:39.000000;2016-04-10T11:10:39.553000;28231245-7b3c-4074-b6e7-f33c36160f8e;8.67;10.21;SELL
2016-04-10T11:10:53.000000;2016-04-10T11:10:53.633000;4b9d0b01-f5eb-4040-99a0-ae1b2a0f859d;8.67;0.99326134;SELL
2016-04-10T11:10:56.000000;2016-04-10T11:10:56.487000;c812bf9e-aa99-4318-b83b-99d05ec34a84;8.67;5.0;SELL
2016-04-10T11:10:56.000000;2016-04-10T11:10:56.527000;2e9b1c33-9a71-46a2-a1f0-c6961a6eb589;8.67;0.99326134;SELL
2016-04-10T11:10:59.000000;2016-04-10T11:10:59.497000;e4d11f4b-75a5-4300-9099-c72efd6eacbb;8.67;4.1900493;SELL
2016-04-10T11:11:08.000000;2016-04-10T11:11:08.183000;42a65798-f883-410c-b4e3-7e53d2d230f2;8.67;1.09663;SELL
2016-04-10T11:12:01.000000;2016-04-10T11:12:01.880000;18782388-5a8e-4b51-a662-ab220b10b5c6;8.67;12.368137;SELL
2016-04-10T11:12:02.000000;2016-04-10T11:12:02.323000;9efbcec8-0af1-46c8-8116-d6fcad7fe0df;8.67;47.975847;SELL
2016-04-10T11:12:03.000000;2016-04-10T11:12:03.223000;eb5f7439-cede-4366-bf14-ba69afe42d19;8.67;53.312192;SELL
2016-04-10T11:12:03.000000;2016-04-10T11:12:03.757000;2f49c60b-0e31-4e8b-8f8a-88ed8216abd0;8.67;9.44376839;SELL
2016-04-10T11:12:04.000000;2016-04-10T11:12:04.707000;ad64695f-b705-4dba-9e96-b21dae9a7c21;8.67;2.43387582;SELL
2016-04-10T11:12:05.000000;2016-04-10T11:12:05.870000;3580ac4d-9583-4aee-80a0-78ee4d43c3b7;8.67;2.43387582;SELL
2016-04-10T11:12:19.000000;2016-04-10T11:12:19.603000;367a6427-a240-4c98-adc5-9dbbe98d5838;8.67;4.730907;SELL
2016-04-10T11:12:20.000000;2016-04-10T11:12:20.490000;a403f183-308f-4fd4-899b-1ea5bb730f47;8.67;12.368137;SELL
2016-04-10T11:12:21.000000;2016-04-10T11:12:21.207000;0d32fbed-9d40-408c-bd0c-8b04b667b06f;8.67;47.986687;SELL
2016-04-10T11:12:21.000000;2016-04-10T11:12:21.477000;949af82f-decd-4dc6-b70d-acc40b95e0aa;8.67;3.67908092;SELL
2016-04-10T11:12:47.000000;2016-04-10T11:12:47.090000;b5bd8e59-5fc4-4955-aa9b-c7515ddcd2d7;8.65;2.43938744;SELL
2016-04-10T11:12:47.000000;2016-04-10T11:12:47.697000;68da9b87-04e8-4e4f-9ae0-130aae6269a0;8.65;2.44378713;SELL
2016-04-10T11:13:04.000000;2016-04-10T11:13:05.027000;19669380-7ce0-49b8-922d-7c07277b45a8;8.65;2.43938744;SELL
2016-04-10T11:13:09.000000;2016-04-10T11:13:09.820000;c22ff69e-9a25-4086-9bf5-ba543b4157f4;8.65;0.92908362;SELL
2016-04-10T11:13:25.000000;2016-04-10T11:13:25.423000;e37f8839-a1d3-4fb9-af5e-ffe2d2aac275;8.65;1.74835437;SELL
2016-04-10T11:13:25.000000;2016-04-10T11:13:25.440000;fb2dda65-3b49-40b8-bfeb-7917dd991762;8.65;0.69103307;SELL
2016-04-10T11:13:34.000000;2016-04-10T11:13:34.190000;c1d59d9f-671d-4a1e-a22c-9be01b7a70ac;8.65;0.998;SELL
2016-04-10T11:13:34.000000;2016-04-10T11:13:34.583000;d287bb44-1190-4989-be65-b137d041cd3a;8.65;12.368137;SELL
2016-04-10T11:13:34.000000;2016-04-10T11:13:34.927000;75e5ebc5-7050-4806-a938-0f0870b964cf;8.65;0.15236;SELL
2016-04-10T11:13:34.000000;2016-04-10T11:13:35.020000;ad6f40a6-9dc0-4e9a-bfa5-5504fcb5c8ed;8.65;0.998;SELL
2016-04-10T11:13:35.000000;2016-04-10T11:13:35.083000;79c55e69-1be8-47a1-b65a-ae12d0e59e3a;8.65;35.72910607;SELL
2016-04-10T11:13:35.000000;2016-04-10T11:13:35.110000;540805f7-25e6-4322-aa7f-f407c35d3991;8.65;1.19637804;SELL
2016-04-10T11:13:35.000000;2016-04-10T11:13:35.130000;da565216-f949-4848-9261-98f37221e145;8.65;9.17223164;SELL
2016-04-10T11:13:35.000000;2016-04-10T11:13:35.720000;c403dfbd-6fc8-4ecd-ba2f-c9001e3f8079;8.65;12.368137;SELL
2016-04-10T11:13:36.000000;2016-04-10T11:13:36.433000;d8b81eb7-3e64-44f7-be61-e747fe53f0fb;8.65;0.88682701;SELL
2016-04-10T11:13:37.000000;2016-04-10T11:13:37.690000;2f45b872-53d7-459b-a2ba-fa8120f80204;8.65;12.368137;SELL
2016-04-10T11:13:38.000000;2016-04-10T11:13:38.623000;0127cbb2-43cf-4a5e-9ce3-86a9eac4efb4;8.65;35.76585904;SELL
2016-04-10T11:13:38.000000;2016-04-10T11:13:38.653000;5aac3f71-f531-4daf-b392-5eb012f7ce57;8.65;12.368137;SELL
2016-04-10T11:13:38.000000;2016-04-10T11:13:38.983000;c0188e37-f0bc-4e48-95dd-369a931b2a6a;8.65;9.17223147;SELL
2016-04-10T11:13:38.000000;2016-04-10T11:13:38.997000;3a68fe8b-88c4-4616-ae06-28aff74db247;8.65;10.357928;SELL
2016-04-10T11:13:39.000000;2016-04-10T11:13:39.047000;11203dc2-d804-4dd8-b0f5-4b752aed81f0;8.65;0.89696827;SELL
2016-04-10T11:13:40.000000;2016-04-10T11:13:40.313000;30aec0fc-1e91-4a65-b955-e1022e23cea2;8.65;12.368137;SELL
2016-04-10T11:13:40.000000;2016-04-10T11:13:40.757000;5e3ea418-3d12-4ac4-a4ab-1f4918664821;8.65;35.73387102;SELL
2016-04-10T11:13:41.000000;2016-04-10T11:13:41.330000;2a3a357f-d15e-486a-982f-132fc95e3455;8.65;12.368137;SELL
2016-04-10T11:13:41.000000;2016-04-10T11:13:41.923000;3a60af5a-3fbf-4a90-9dfd-058995eb345c;8.65;35.77301427;SELL
2016-04-10T11:13:42.000000;2016-04-10T11:13:42.040000;a1ae81ff-6952-43f0-bfb4-44eca611aae9;8.65;12.368137;SELL
2016-04-10T11:13:42.000000;2016-04-10T11:13:42.587000;4309325d-e96f-47ad-a02f-b9d1c7925642;8.65;0.97755722;SELL
2016-04-10T11:13:43.000000;2016-04-10T11:13:43.187000;8be33708-fead-484a-b4dd-c9461500067e;8.65;12.368143;SELL
2016-04-10T11:13:43.000000;2016-04-10T11:13:43.250000;c85b191f-ba22-42d9-a4d5-7b164181c324;8.65;9.33705214;SELL
2016-04-10T11:13:43.000000;2016-04-10T11:13:43.447000;84bdc1e6-65ac-43bb-b939-49d236952fcd;8.65;13.21648074;SELL
2016-04-10T11:13:44.000000;2016-04-10T11:13:44.090000;0179ff13-7a3f-407a-98b9-bb7ada3caac3;8.64;9.18284748;SELL
2016-04-10T11:13:46.000000;2016-04-10T11:13:46.403000;3e65a101-70b2-422d-bd78-984ec0dc4b5f;8.64;0.87215252;SELL
2016-04-10T11:13:47.000000;2016-04-10T11:13:47.243000;8e6b610d-274b-473a-9f97-ec1e460e2c01;8.62;24.09152997;SELL
2016-04-10T11:13:48.000000;2016-04-10T11:13:48.977000;e764cb84-9173-4c9c-a575-51f8933824cd;8.62;8.60678622;SELL
2016-04-10T11:13:49.000000;2016-04-10T11:13:49.433000;cd1f966d-5605-4b1c-980c-d2ffc9bb3625;8.62;24.09034416;SELL
2016-04-10T11:13:49.000000;2016-04-10T11:13:49.653000;a1f33b9c-ed0b-4b2b-a151-c7f143615c86;8.62;17.264905;SELL
2016-04-10T11:13:50.000000;2016-04-10T11:13:50.447000;9e0e282b-19a0-4edf-a4b3-c30f85150bce;8.62;12.025254;SELL
2016-04-10T11:13:53.000000;2016-04-10T11:13:53.703000;8a095896-311d-49dd-81eb-108b62031a5b;8.62;8.694144;SELL
2016-04-10T11:13:54.000000;2016-04-10T11:13:54.300000;8613782c-59df-43a6-9dc9-313ce41647f1;8.62;3.15753916;SELL
2016-04-10T11:13:57.000000;2016-04-10T11:13:57.073000;ee11e2ee-93c7-422f-b3f2-0e4d12a31dfa;8.62;11.87306816;SELL
2016-04-10T11:14:23.000000;2016-04-10T11:14:23.453000;deb091dd-215d-4409-b34a-cc8f340538d0;8.62;2.64834372;SELL
2016-04-10T11:14:39.000000;2016-04-10T11:14:39.873000;3fcd2725-f0d5-4752-adc3-4b22f3c85ebe;8.62;7.54808561;SELL
2016-04-10T11:14:39.000000;2016-04-10T11:14:39.873000;6c36ccab-8d35-4173-a123-eec61235a150;8.606;16.53395977;SELL
2016-04-10T11:15:50.000000;2016-04-10T11:15:50.533000;90591d2d-d275-4b89-af3e-1233624a73f2;8.61;18.716256;SELL
2016-04-10T11:15:52.000000;2016-04-10T11:15:52.967000;878fbbf4-4cbf-4d73-bf4f-f0f1a0eae441;8.61;1.1987602;SELL
2016-04-10T11:15:57.000000;2016-04-10T11:15:57.563000;25dfd453-13bd-4368-a38e-b3c0311f9297;8.62;10.3213666;BUY
2016-04-10T11:15:57.000000;2016-04-10T11:15:57.570000;b834f1c7-097f-4968-bde1-838a46dfdb6c;8.62;1.749854;BUY
2016-04-10T11:15:57.000000;2016-04-10T11:15:57.573000;23ee3c22-21aa-4756-af1c-1e243f591d7b;8.644;0.9287794;BUY
2016-04-10T11:16:03.000000;2016-04-10T11:16:03.237000;b1968857-05b2-4b32-9b35-64d18c7d0f15;8.6459;5.0;BUY
2016-04-10T11:16:05.000000;2016-04-10T11:16:05.367000;54fa31f0-092c-4c90-b3f5-c22649f9497b;8.61;18.716256;SELL
2016-04-10T11:16:08.000000;2016-04-10T11:16:09.017000;ae14f026-a6d6-4d31-8ea6-a0931975415e;8.61;1.31074086;SELL
2016-04-10T11:16:12.000000;2016-04-10T11:16:12.837000;9ec1e8ae-876b-4def-874a-14ed78adcab3;8.61;1.31074086;SELL
2016-04-10T11:16:20.000000;2016-04-10T11:16:20.077000;51721973-858a-4b2e-bf29-6a1ac930bc3b;8.61;24.08678681;SELL
2016-04-10T11:16:20.000000;2016-04-10T11:16:20.787000;107ec5f9-0c90-4bfa-b55b-81a4bc51c00d;8.61;0.4999;SELL
2016-04-10T11:16:21.000000;2016-04-10T11:16:21.810000;0f8200ba-5165-4db5-a908-d0377e303387;8.61;24.08678681;SELL
2016-04-10T11:16:22.000000;2016-04-10T11:16:22.100000;643303fe-84b8-4ce0-89e5-8a084154c090;8.61;24.08678681;SELL
2016-04-10T11:16:22.000000;2016-04-10T11:16:22.717000;32177dcb-38a4-43b6-b09a-2793f4ebbd35;8.61;1.781592;SELL
2016-04-10T11:16:23.000000;2016-04-10T11:16:23.220000;fa2c7ee2-f499-463e-87e8-22c54ebd82b8;8.61;4.20539365;SELL
2016-04-10T11:16:23.000000;2016-04-10T11:16:23.237000;8427ad2a-5fdf-4a04-8d23-61e33cb1c422;8.606;0.36444;SELL
2016-04-10T11:16:23.000000;2016-04-10T11:16:23.897000;d6984ddc-a98e-4cf7-ad6f-806fc9105629;8.606;17.310873;SELL
2016-04-10T11:16:24.000000;2016-04-10T11:16:24.250000;2896802b-298a-4b48-a628-edc2aff25a11;8.606;0.99980629;SELL
2016-04-10T11:16:24.000000;2016-04-10T11:16:24.653000;95c04674-9077-49dd-ac18-ed2dde684112;8.606;1.99599416;SELL
2016-04-10T11:16:24.000000;2016-04-10T11:16:24.770000;1ff0e290-ea20-4e2f-ac01-fff02f8ad4c6;8.606;1.02148822;SELL
2016-04-10T11:16:26.000000;2016-04-10T11:16:26.483000;dc69a687-4e6d-4c40-a404-4973160390d4;8.606;20.335932;SELL
2016-04-10T11:16:26.000000;2016-04-10T11:16:26.517000;604946f5-30b1-4553-81a9-35048250c7dd;8.606;0.99980629;SELL
2016-04-10T11:16:27.000000;2016-04-10T11:16:27.770000;a6e79e47-ec1c-45f9-b3f7-37d41f275bcf;8.606;6.408718;SELL
2016-04-10T11:16:28.000000;2016-04-10T11:16:28.653000;4e250723-1c71-4c8f-a228-0ac640e5c7fc;8.606;3.10788275;SELL
2016-04-10T11:17:04.000000;2016-04-10T11:17:04.493000;97d59cb5-5bdd-492f-b008-9c14bda9d3ff;8.59;24.16171238;SELL
2016-04-10T11:17:05.000000;2016-04-10T11:17:05.420000;82a5bb28-8c07-4eba-a022-e55aaa7db61a;8.59;24.16171238;SELL
2016-04-10T11:17:06.000000;2016-04-10T11:17:06.923000;2e8f4b5c-c888-4ecd-9adc-13f8a73c5988;8.59;24.16171238;SELL
2016-04-10T11:17:08.000000;2016-04-10T11:17:08.523000;cb9da855-32eb-4547-85e4-dae9326d20a7;8.59;10.29211159;SELL
2016-04-10T11:17:09.000000;2016-04-10T11:17:09.583000;bcd537e2-3d79-46b4-b246-d879a6d004cd;8.59;10.29211159;SELL
2016-04-10T11:17:13.000000;2016-04-10T11:17:13.573000;f2b13293-971d-4161-9c0f-4a6f0fd82d6b;8.59;8.76093991;SELL
2016-04-10T11:17:13.000000;2016-04-10T11:17:13.960000;82be30fa-9c91-4539-bcf1-7fc9c77e3677;8.59;2.99940638;SELL
2016-04-10T11:17:15.000000;2016-04-10T11:17:15.733000;dac35906-9556-4508-ae44-59cd741c1f27;8.59;24.15694135;SELL
2016-04-10T11:17:16.000000;2016-04-10T11:17:16.470000;f65626cc-fc71-4170-ba1b-14797f94b5ec;8.59;21.01335204;SELL
2016-04-10T11:17:16.000000;2016-04-10T11:17:16.483000;d19a6935-c356-4f34-a462-702ca48e16ca;8.57;2.0;SELL
2016-04-10T11:17:16.000000;2016-04-10T11:17:16.507000;34135416-ad6e-41b1-aea7-eb10a2439e83;8.562;2.99;SELL
2016-04-10T11:17:16.000000;2016-04-10T11:17:17.023000;02ffc3b4-1897-4340-ac46-c831baf41d4b;8.55;120.0;SELL
2016-04-10T11:17:16.000000;2016-04-10T11:17:17.033000;b3ee8c0d-a26e-4ba9-9d0c-26f8ca2f1fd4;8.5274;20.35924893;SELL
2016-04-10T11:17:29.000000;2016-04-10T11:17:29.197000;743946f4-49ad-4d88-9419-f3c8ce8f7be8;8.5274;10.61069401;SELL
2016-04-10T11:18:10.000000;2016-04-10T11:18:10.603000;1a80906f-60bf-499c-b4e9-189d8df52a30;8.5274;20.65871684;SELL
2016-04-10T11:18:21.000000;2016-04-10T11:18:21.690000;ea832d27-1bd3-42b1-aae2-338ccf895064;8.5274;20.65769155;SELL
2016-04-10T11:18:47.000000;2016-04-10T11:18:47.530000;61817f03-4200-4f13-a263-43dfc92a5488;8.5274;6.01125995;SELL
2016-04-10T11:18:47.000000;2016-04-10T11:18:47.533000;3ead4687-5db3-407e-bc74-ed597e0ac6d2;8.51;5.0;SELL
2016-04-10T11:18:47.000000;2016-04-10T11:18:47.567000;acb81de4-68aa-4b21-881e-5d91ff725516;8.51;9.68546457;SELL
2016-04-10T11:18:48.000000;2016-04-10T11:18:48.133000;ea024017-577e-4253-8be4-832dbfa5e343;8.51;20.69569546;SELL
2016-04-10T11:18:49.000000;2016-04-10T11:18:49.163000;d905a0da-5951-42b6-9174-ba51cff60183;8.51;19.61883997;SELL
2016-04-10T11:18:49.000000;2016-04-10T11:18:49.820000;09dc3fef-3811-4ba4-9813-9cc3f9e9e530;8.5;1.07685549;SELL
2016-04-10T11:19:14.000000;2016-04-10T11:19:14.057000;811d9c83-c523-4a3e-b881-204a97e50280;8.5;2.55;SELL
2016-04-10T11:19:33.000000;2016-04-10T11:19:33.810000;15c5e383-af55-4c78-b20a-8c49f9f7aa67;8.5;1.92;SELL
2016-04-10T11:19:34.000000;2016-04-10T11:19:34.127000;1e1a9dd1-3f35-4c53-8f58-05507be5c03a;8.5;1.92;SELL
2016-04-10T11:19:43.000000;2016-04-10T11:19:43.923000;4912873f-0620-4d91-88bd-7980279a110f;8.5;0.96;SELL
2016-04-10T11:19:44.000000;2016-04-10T11:19:44.860000;d4d02c4c-a4b3-41b0-bf11-f2fb04abe4db;8.5;1.57314451;SELL
2016-04-10T11:19:44.000000;2016-04-10T11:19:44.880000;5fa5b71b-bb52-4876-a6d3-99d6717fd436;8.5;8.42685549;SELL
2016-04-10T11:20:39.000000;2016-04-10T11:20:39.870000;ed62ed28-d9c3-4efc-bae4-8217129c9c47;8.5;11.57314451;SELL
2016-04-10T11:20:39.000000;2016-04-10T11:20:39.880000;7ee6663d-416c-4cbf-aa45-1994eec8b8ae;8.5;22.2737233;SELL
2016-04-10T11:22:07.000000;2016-04-10T11:22:07.350000;b005a1e0-d6f6-4c33-abcb-7ec7765e9b52;8.5;0.71575813;SELL
2016-04-10T11:22:09.000000;2016-04-10T11:22:09.900000;ef0ef82c-2385-4280-aafd-80bbc9583b26;8.5;20.70702089;SELL
2016-04-10T11:22:10.000000;2016-04-10T11:22:10.707000;b301ed4d-a62c-41fb-a648-140ed0585f2c;8.5;9.998;SELL
2016-04-10T11:22:11.000000;2016-04-10T11:22:11.977000;1985fa4f-66ad-48de-bc83-267688f28103;8.5;20.70702089;SELL
2016-04-10T11:22:13.000000;2016-04-10T11:22:13.260000;5e9a2115-57ea-433e-bee2-ee471b72a79d;8.5;0.90507611;SELL
2016-04-10T11:22:23.000000;2016-04-10T11:22:23.983000;426c4936-d365-4f4b-9556-b6ee6f30a512;8.5;7.92381492;SELL
2016-04-10T11:22:25.000000;2016-04-10T11:22:26.057000;fe1852c3-8e53-44ed-a23c-6b91fbe86668;8.5;10.14776506;SELL
2016-04-10T11:22:27.000000;2016-04-10T11:22:27.183000;ffeb6874-42e6-4656-bf28-d01258906b70;8.5;0.55824813;SELL
2016-04-10T11:22:27.000000;2016-04-10T11:22:27.620000;7b241421-0658-4986-8eb0-8bf88ba0dd27;8.5;6.06357257;SELL
2016-04-10T11:25:10.000000;2016-04-10T11:25:10.497000;730eeee5-0e57-4be7-91e9-74894925497a;8.48;4.08419249;SELL
2016-04-10T11:25:11.000000;2016-04-10T11:25:11.503000;dd5a51eb-4f20-432e-a1c2-c1d15f1e5b81;8.48;4.08419249;SELL
2016-04-10T11:25:21.000000;2016-04-10T11:25:22.013000;db689b3e-4a7f-4280-bbb8-c72f16c2f076;8.48;20.81055096;SELL
2016-04-10T11:25:23.000000;2016-04-10T11:25:23.500000;ce818ce5-61fd-4093-af53-1d0137054193;8.48;20.8095102;SELL
2016-04-10T11:25:24.000000;2016-04-10T11:25:24.227000;7940d6e9-cfed-49e0-b4bf-7a613d5ca7e7;8.48;20.8095104;SELL
2016-04-10T11:25:24.000000;2016-04-10T11:25:24.737000;bc134aaa-f8f7-4750-b6a8-29debc3398d0;8.48;20.77307801;SELL
2016-04-10T11:25:26.000000;2016-04-10T11:25:26.520000;f62f5e0a-4e06-43c0-93e2-253a62675536;8.48;8.62896467;SELL
2016-04-10T11:25:28.000000;2016-04-10T11:25:28.077000;b32adcde-f5f4-46c1-a554-5cc63b54a384;8.44;3.04;SELL
2016-04-10T11:26:18.000000;2016-04-10T11:26:18.930000;14290b71-6bd9-4a02-a0c2-45055787adb0;8.46;17.7695104;SELL
2016-04-10T11:26:47.000000;2016-04-10T11:26:47.373000;15a5f345-cf35-492c-a965-15da6925e03d;8.46;19.1;SELL
2016-04-10T11:27:30.000000;2016-04-10T11:27:30.533000;0e9b25cd-0606-4aee-bf04-3cd9bfa420a9;8.46;0.13164167;SELL
2016-04-10T11:27:30.000000;2016-04-10T11:27:30.900000;36572795-170e-495b-a568-06c3e47ade83;8.46;0.13164167;SELL
2016-04-10T11:28:07.000000;2016-04-10T11:28:07.093000;d549c279-ca28-4529-8986-41efb2b12069;8.46;4.30157757;SELL
2016-04-10T11:28:08.000000;2016-04-10T11:28:08.970000;ac7accf8-0ca0-4bee-8b1b-6d78d60b9701;8.46;24.27769345;SELL
2016-04-10T11:28:09.000000;2016-04-10T11:28:09.807000;c4160c86-7f2d-4c85-aebe-97203598a6b4;8.46;24.27769345;SELL
2016-04-10T11:28:10.000000;2016-04-10T11:28:10.530000;d486b2ea-17fd-483c-9804-0fb44ed03aef;8.46;10.01024179;SELL
2016-04-10T11:28:14.000000;2016-04-10T11:28:14.880000;a34fcf6c-d728-4784-a703-2b9f8dcb48df;8.45;4.9999991;SELL
2016-04-10T11:28:14.000000;2016-04-10T11:28:14.937000;2ac79d33-87c3-4a64-ad30-5aa34ccf1c61;8.43;20.91846016;SELL
2016-04-10T11:28:15.000000;2016-04-10T11:28:15.173000;2eebcb07-deb4-401b-a583-6686d25c05cd;8.43;15.91845519;SELL
2016-04-10T11:28:16.000000;2016-04-10T11:28:16.250000;f5e33c14-5604-42ce-9e40-c8bde0cb9281;8.43;20.91846016;SELL
2016-04-10T11:28:16.000000;2016-04-10T11:28:16.833000;7858236a-d0c6-400e-b50b-e0918b885e21;8.43;20.91846016;SELL
2016-04-10T11:28:16.000000;2016-04-10T11:28:17.167000;4ffcf33e-1b3f-44c3-9baf-8a283c496ab4;8.43;16.52967039;SELL
2016-04-10T11:28:16.000000;2016-04-10T11:28:17.183000;a7d85ee4-d96c-4b70-a6ab-719d2f34f9c2;8.43;2.15604396;SELL
2016-04-10T11:28:17.000000;2016-04-10T11:28:17.300000;42fd9ede-f04c-4d10-9047-55a3638f343b;8.43;1.01294975;SELL
2016-04-10T11:28:18.000000;2016-04-10T11:28:18.883000;9d8285c4-380d-45f3-92f2-a67dae018a27;8.43;1.62750023;SELL
2016-04-10T11:28:19.000000;2016-04-10T11:28:19.430000;44cac2a2-98d3-4129-96f9-86c07af137f6;8.4;19.29095993;SELL
2016-04-10T11:28:20.000000;2016-04-10T11:28:20.837000;b40adb64-1471-4979-8841-0e75bbd952ec;8.4;5.70904007;SELL
2016-04-10T11:29:46.000000;2016-04-10T11:29:46.577000;3d9b2624-30ab-4a43-8d3f-7704e85e312f;8.334;23.9385306;SELL
2016-04-10T11:30:57.000000;2016-04-10T11:30:57.297000;1318526e-03d9-4311-9dd0-354227c0272b;8.34;1.0;SELL
2016-04-10T11:33:00.000000;2016-04-10T11:33:00.253000;3177c549-ecb8-481a-ad5b-575d98c23058;8.4;30.05988736;SELL
2016-04-10T11:35:02.000000;2016-04-10T11:35:02.177000;2c1ee49d-97e2-493c-9b7a-58abbb09cad0;8.4;43.47077821;SELL
2016-04-10T11:37:05.000000;2016-04-10T11:37:05.760000;3b665907-7067-4a00-af94-2db0ad349d65;8.4;26.34432381;SELL
2016-04-10T11:38:20.000000;2016-04-10T11:38:20.420000;b6c81eb6-a9f3-4439-8227-c620da74a2b0;8.4;138.22031062;SELL
2016-04-10T11:40:18.000000;2016-04-10T11:40:18.580000;4d4a2ffd-5bd2-437f-bf1d-70199abb2e1c;8.36;100.0;SELL
2016-04-10T11:40:36.000000;2016-04-10T11:40:36.487000;41522ae6-9149-48f4-a200-6c1b768037a0;8.36;848.16;BUY
2016-04-10T11:40:37.000000;2016-04-10T11:40:37.177000;1a7766f0-d169-4bf6-9518-525fad8c3dd5;8.36;0.00468938;BUY
2016-04-10T11:46:15.000000;2016-04-10T11:46:15.547000;c671ffd7-1412-4bc8-8f2d-d613043c7327;8.341;1.0354174;SELL
2016-04-10T11:50:50.000000;2016-04-10T11:50:50.367000;eb392658-411a-4ef1-bcda-04df916fdfdc;8.455;7.0;BUY
2016-04-10T12:00:58.000000;2016-04-10T12:00:58.947000;f074a75f-910b-4bb0-82da-27a1da20fe41;8.3449;2.72044069;SELL
2016-04-10T12:14:17.000000;2016-04-10T12:14:17.863000;e4b5c357-a226-4081-982e-a30cc1e4e885;8.3755;2.71017681;SELL
2016-04-10T12:16:47.000000;2016-04-10T12:16:47.397000;809d5b8c-eaa5-45db-875d-0b4683cba120;8.3755;0.27442;SELL
2016-04-10T12:19:53.000000;2016-04-10T12:19:53.317000;4ccc4932-b05f-455c-8efa-04ab52440a94;8.3755;2.01540319;SELL
2016-04-10T12:21:28.000000;2016-04-10T12:21:28.487000;36067cd4-1e42-4a7f-b57e-1c56dea5349f;8.3455;2.71017681;SELL
2016-04-10T12:22:08.000000;2016-04-10T12:22:08.233000;4d09b420-7ac7-47a4-8ab7-8f14c6c13344;8.3455;2.71991922;SELL
2016-04-10T12:22:09.000000;2016-04-10T12:22:09.490000;282c0d76-d60f-482e-a1a0-c26dfaced11b;8.3455;1.56990397;SELL
2016-04-10T12:22:09.000000;2016-04-10T12:22:09.500000;7252e4cd-8cbc-4dbb-93cf-982af633970c;8.3439;1.15001525;SELL
2016-04-10T12:22:11.000000;2016-04-10T12:22:11.047000;727b6c5f-d77d-4786-ac94-26665fdc9552;8.3439;1.81362685;SELL
2016-04-10T12:22:11.000000;2016-04-10T12:22:11.763000;2e84b315-f788-419c-bd5d-7621bbf73475;8.3439;2.71991922;SELL
2016-04-10T12:22:11.000000;2016-04-10T12:22:11.823000;b64f597f-4c51-45a4-a3b2-24bf6fc8be8c;8.3439;1.31643868;SELL
2016-04-10T12:22:13.000000;2016-04-10T12:22:13.233000;4a6a771a-f73c-47df-b08c-e4d22f1d1934;8.3393;0.49718817;SELL
2016-04-10T12:22:13.000000;2016-04-10T12:22:13.563000;9f090978-8a35-48cf-8b85-a0ea7a3da843;8.3393;0.49718817;SELL
2016-04-10T12:22:16.000000;2016-04-10T12:22:16.587000;02b6e09d-9803-4d40-b36d-4f48d0c71a79;8.3393;1.81362685;SELL
2016-04-10T12:22:17.000000;2016-04-10T12:22:17.083000;e048436d-9e23-45ca-92bd-dd1db9661846;8.3393;2.72014003;SELL
2016-04-10T12:22:19.000000;2016-04-10T12:22:19.920000;c09bee2f-6d1a-4f25-90d6-c890d4c4cd16;8.3393;1.47185678;SELL
2016-04-10T12:22:31.000000;2016-04-10T12:22:31.650000;76a6d446-1022-4f6d-a086-c4bd9ed35875;8.33;5.0;SELL
2016-04-10T12:22:39.000000;2016-04-10T12:22:39.103000;16838848-9b88-422f-bb95-d6ebd6591e0c;8.33;85.6;SELL
2016-04-10T12:22:39.000000;2016-04-10T12:22:39.950000;39e2f317-935f-462e-85f3-16154963cf06;8.33;9.4;SELL
2016-04-10T12:22:41.000000;2016-04-10T12:22:41.733000;999029d6-16bc-40b7-aa57-8703f1c0be75;8.319;3.7;SELL
2016-04-10T12:25:03.000000;2016-04-10T12:25:03.383000;cea4a001-1899-414c-8639-f302d5b23cd7;8.307;1.2;BUY
2016-04-10T12:25:03.000000;2016-04-10T12:25:03.387000;75f4dc06-cd5c-4c56-b6d8-6ddf2e4e3d37;8.308;118.95;BUY
2016-04-10T12:25:21.000000;2016-04-10T12:25:21.933000;7ac0382c-f1c3-4fe0-b6a4-d4c42704a41e;8.33;84.6;BUY
2016-04-10T12:25:22.000000;2016-04-10T12:25:22.160000;78d7b859-0060-48b4-93ab-008047d8cf32;8.33;1.0;BUY
2016-04-10T12:30:00.000000;2016-04-10T12:30:00.430000;14b3e1c2-b634-47b3-bf94-1cab048aa3c5;8.3;0.70494749;SELL
2016-04-10T12:31:50.000000;2016-04-10T12:31:50.053000;56aed403-b914-45dd-828e-b7b4e53002f0;8.3;0.70494748;SELL
2016-04-10T12:31:50.000000;2016-04-10T12:31:50.687000;bf4a4bd6-be0a-48b5-80a9-c5012736d7ca;8.3;0.70494748;SELL
2016-04-10T12:31:50.000000;2016-04-10T12:31:50.807000;c3f7a9c5-8810-4a41-aef1-8b0f87b89cc8;8.3;1.22598376;SELL
2016-04-10T12:31:50.000000;2016-04-10T12:31:51.007000;b8bcdb41-4a79-42d5-bb58-dd75032f605f;8.3;0.59527792;SELL
2016-04-10T12:31:51.000000;2016-04-10T12:31:51.190000;731a576d-f547-4135-b518-4f171dbd62b4;8.3;0.86950175;SELL
2016-04-10T12:31:51.000000;2016-04-10T12:31:51.327000;6fa966a8-bc68-4863-996f-a2c96c3b8fe4;8.3;0.70494748;SELL
2016-04-10T12:31:51.000000;2016-04-10T12:31:51.480000;8fa906c9-a8da-4569-89e2-21d2934e5ebb;8.3;0.70494748;SELL
2016-04-10T12:31:51.000000;2016-04-10T12:31:51.530000;d4b0c53a-7922-4fd4-9ce1-ff2db3f7e3e0;8.3;0.52324747;SELL
2016-04-10T12:31:52.000000;2016-04-10T12:31:52.167000;f75eeead-d171-4285-bfd8-cbb0ce087eb5;8.3;0.59635157;SELL
2016-04-10T12:31:52.000000;2016-04-10T12:31:52.827000;ef4aaa95-9450-4a76-beb2-f2c41f228134;8.3;0.70494749;SELL
2016-04-10T12:31:52.000000;2016-04-10T12:31:53.023000;face24fe-3f12-4993-a984-db5ddb75314f;8.3;0.74993599;SELL
2016-04-10T12:31:53.000000;2016-04-10T12:31:53.583000;cf9aed2c-54e6-494a-95fe-778da1579b2d;8.3;0.70494752;SELL
2016-04-10T12:31:57.000000;2016-04-10T12:31:57.050000;9e14f4ca-6f73-43a8-a3d8-389b0acb0881;8.3;25.75354565;SELL
2016-04-10T12:32:08.000000;2016-04-10T12:32:08.163000;45c6d487-b0da-4d92-80ad-017e4e860f78;8.3;0.70494749;SELL
2016-04-10T12:32:09.000000;2016-04-10T12:32:09.223000;d6abccde-19bc-4cb4-8d8c-52b2559e278c;8.3;0.70494749;SELL
2016-04-10T12:32:11.000000;2016-04-10T12:32:11.770000;bab97b3f-c7ec-4b35-ba77-5efacf1c1c69;8.3;0.70749888;SELL
2016-04-10T12:32:12.000000;2016-04-10T12:32:12.640000;881189e4-a50e-4d8c-b7eb-57dcf2657b94;8.3;0.70749888;SELL
2016-04-10T12:32:13.000000;2016-04-10T12:32:13.440000;9507a077-cd36-452e-bc3d-92d97963f3de;8.3;0.70690639;SELL
2016-04-10T12:32:18.000000;2016-04-10T12:32:18.880000;b3b30195-5551-4ca1-91ca-cf4117231502;8.3;1.06466768;SELL
2016-04-10T12:32:27.000000;2016-04-10T12:32:27.663000;22b7124d-871a-47c2-9ec6-1c4a7c362e05;8.3;0.70494748;SELL
2016-04-10T12:32:27.000000;2016-04-10T12:32:27.683000;0df64f85-e90a-4dd6-ae42-faf74b3f52fb;8.3;0.70494748;SELL
2016-04-10T12:33:26.000000;2016-04-10T12:33:26.147000;ccd4feb7-ca5f-4550-b773-f487543c829c;8.3;0.70494749;SELL
2016-04-10T12:33:35.000000;2016-04-10T12:33:35.160000;09cda910-d48e-4b93-9494-cfd1623d797f;8.3;58.04021421;SELL
2016-04-10T12:33:35.000000;2016-04-10T12:33:35.163000;060611fc-a5ff-4d95-aeb8-c8eab35d6969;8.3;5.62978579;SELL
2016-04-10T12:33:38.000000;2016-04-10T12:33:38.953000;23582647-5859-4ab6-b31e-55ad770ff7ce;8.3;0.70494749;SELL
2016-04-10T12:33:38.000000;2016-04-10T12:33:38.967000;a4b3d5d4-015b-41a5-b56c-6a7f444a3f69;8.3;0.70494749;SELL
2016-04-10T12:33:40.000000;2016-04-10T12:33:40.257000;2f257432-3037-4603-904a-19b55a00f637;8.3;2.96031923;SELL
2016-04-10T12:33:42.000000;2016-04-10T12:33:42.470000;b7f80fb7-c4f0-4842-bdff-a62279c98594;8.277;0.70494749;SELL
2016-04-10T12:35:21.000000;2016-04-10T12:35:21.130000;42c4b77d-c0dc-4bbd-ba36-3ae0103ca693;8.277;19.49505251;SELL
2016-04-10T12:36:13.000000;2016-04-10T12:36:13.917000;c2235b22-a19d-4e65-8572-bd1ec0a35145;8.21;0.71267529;SELL
2016-04-10T12:36:14.000000;2016-04-10T12:36:14.083000;44e9adf7-c434-4101-9f3b-d9408eaffb2a;8.21;0.28732471;SELL
2016-04-10T12:36:14.000000;2016-04-10T12:36:14.087000;4536c0b4-79fb-4545-b516-c2179aeca1a8;8.21;0.42535057;SELL
2016-04-10T12:36:14.000000;2016-04-10T12:36:14.680000;96dd943c-ff66-4e4c-8209-7b41ec31530f;8.21;0.71267528;SELL
2016-04-10T12:36:15.000000;2016-04-10T12:36:15.980000;38b09a63-77ee-4a36-bc99-444de31c8d10;8.21;0.71267528;SELL
2016-04-10T12:36:47.000000;2016-04-10T12:36:47.823000;35074f88-70eb-4443-ac84-7d7be0e9b952;8.21;0.71267528;SELL
2016-04-10T12:37:30.000000;2016-04-10T12:37:30.730000;e0bb1ba2-244d-4b29-9a17-a2381dcb6204;8.21;6.06009185;SELL
2016-04-10T12:37:33.000000;2016-04-10T12:37:33.163000;e535aa01-3474-453d-8853-44ad82356ae8;8.21;1.54288889;SELL
2016-04-10T12:37:35.000000;2016-04-10T12:37:35.230000;ee46e218-2a89-4127-9630-44523e6b66a0;8.21;1.54288889;SELL
2016-04-10T12:37:37.000000;2016-04-10T12:37:37.510000;6394d1c6-394f-4eea-a4fd-e7c05b6b35b4;8.21;1.02859259;SELL
2016-04-10T12:37:41.000000;2016-04-10T12:37:41.993000;7c40a344-73bf-4dbf-836b-3a4ae99f239c;8.21;2.92358621;SELL
2016-04-10T12:37:59.000000;2016-04-10T12:37:59.973000;3edd9d61-d5c8-4e54-90ae-1e4a96103503;8.21;0.7126753;SELL
2016-04-10T12:38:07.000000;2016-04-10T12:38:07.120000;5a8e463d-698a-4ef8-9eff-02b615b55f9f;8.21;0.71139223;SELL
2016-04-10T12:38:07.000000;2016-04-10T12:38:07.983000;d673f6dd-db47-4e90-9678-60686a2542e7;8.21;0.71139222;SELL
2016-04-10T12:38:08.000000;2016-04-10T12:38:08.487000;274d0d69-8d73-4ab8-bc93-9f4460979494;8.21;0.71267531;SELL
2016-04-10T12:38:08.000000;2016-04-10T12:38:08.817000;e6b985f5-1713-4353-a946-3799740cac2b;8.21;0.71139222;SELL
2016-04-10T12:38:09.000000;2016-04-10T12:38:09.363000;28793146-78bd-4ab4-8727-4ff39bb0b7a9;8.21;0.71139221;SELL
2016-04-10T12:38:10.000000;2016-04-10T12:38:10.110000;5a170473-502e-48c2-a575-adf7360d6443;8.21;0.71139221;SELL
2016-04-10T12:38:10.000000;2016-04-10T12:38:10.120000;3a6a4b7a-1e09-4d29-8015-91a9ac897475;8.21;0.71267528;SELL
2016-04-10T12:38:10.000000;2016-04-10T12:38:10.303000;e3c90aa5-2d9e-4296-8caf-d6dd4c5b4760;8.21;0.7126753;SELL
2016-04-10T12:38:10.000000;2016-04-10T12:38:11.017000;48b2b28d-93f3-477b-ac9f-d1e7079ec096;8.21;0.71267528;SELL
2016-04-10T12:38:12.000000;2016-04-10T12:38:12.230000;c493d066-e538-44fc-b366-c07b1b457a80;8.21;0.71139221;SELL
2016-04-10T12:38:12.000000;2016-04-10T12:38:12.543000;5492da9b-6d44-474f-b54c-bda7ccd8ccd3;8.21;0.7126753;SELL
2016-04-10T12:38:12.000000;2016-04-10T12:38:12.570000;45124ff0-6e34-456e-8bdb-49ec93b9dcc9;8.21;0.7126753;SELL
2016-04-10T12:38:13.000000;2016-04-10T12:38:13.517000;ddcdc575-5aa9-4018-b95f-fac750e68ffd;8.21;0.71139223;SELL
2016-04-10T12:38:13.000000;2016-04-10T12:38:13.820000;4e108b53-6e92-4db7-8a7e-ae76b11139b7;8.21;0.71139221;SELL
2016-04-10T12:38:13.000000;2016-04-10T12:38:13.853000;b192d1bc-87f4-4e64-af9f-3d2fde5d7825;8.21;0.71269172;SELL
2016-04-10T12:38:14.000000;2016-04-10T12:38:14.043000;e3989c27-964a-4b2d-9654-12739b5ff659;8.21;0.71267528;SELL
2016-04-10T12:38:14.000000;2016-04-10T12:38:14.773000;97e83700-b2d9-473e-bfe4-f2f0ce68f112;8.21;0.71139221;SELL
2016-04-10T12:38:15.000000;2016-04-10T12:38:15.213000;efcce30a-ea44-4dc1-aa71-73e63c0185c0;8.21;0.71267529;SELL
2016-04-10T12:38:15.000000;2016-04-10T12:38:15.490000;5624827f-fe68-4a36-a1c1-111e62ade430;8.21;0.71139222;SELL
2016-04-10T12:38:15.000000;2016-04-10T12:38:15.853000;2519f789-f420-4feb-ab73-2525d98fdedb;8.21;0.71267528;SELL
2016-04-10T12:38:16.000000;2016-04-10T12:38:16.710000;f5b1f861-e1e6-4c43-a0a3-2313da3bf0be;8.21;0.71139221;SELL
2016-04-10T12:38:17.000000;2016-04-10T12:38:17.487000;2bb78d01-6d1e-41ca-be87-24194f4efe57;8.21;0.71139221;SELL
2016-04-10T12:38:18.000000;2016-04-10T12:38:18.457000;af9c832a-1285-414c-ad45-43721abc3f53;8.21;0.71139221;SELL
2016-04-10T12:38:18.000000;2016-04-10T12:38:19.033000;acf9a28d-6fd9-4ea8-b9a4-88b00e28d27b;8.21;0.71139222;SELL
2016-04-10T12:38:19.000000;2016-04-10T12:38:19.237000;a80714e1-766d-41c8-9ca7-1a8868802f8e;8.21;0.71267477;SELL
2016-04-10T12:39:47.000000;2016-04-10T12:39:47.913000;0453682c-a6fe-48b0-acc0-1cba3d83d855;8.211;45.0;BUY
2016-04-10T12:40:30.000000;2016-04-10T12:40:30.753000;55ee6c14-d5ad-4ee8-81c0-68c4a42286c8;8.211;35.9699;BUY
2016-04-10T12:40:34.000000;2016-04-10T12:40:34.940000;3e76fe4e-ff6f-401e-8ef5-649731a4cf6c;8.21;0.71267532;SELL
2016-04-10T12:41:25.000000;2016-04-10T12:41:25.533000;ea05baa7-f759-47cc-9830-c65484335e41;8.21;0.71267532;SELL
2016-04-10T12:41:33.000000;2016-04-10T12:41:33.517000;e92035fc-ca84-450c-b317-a7f722cfac02;8.21;98.38161409;SELL
2016-04-10T12:41:33.000000;2016-04-10T12:41:33.523000;94772fc3-768f-4108-9620-aab06cd329b3;8.2;1.61838591;SELL
2016-04-10T12:41:59.000000;2016-04-10T12:41:59.380000;1f85982a-4ded-420c-9928-43a4afc4a6dd;8.2;8.38161409;SELL
2016-04-10T12:41:59.000000;2016-04-10T12:41:59.960000;991e84a5-32ed-4c09-af7f-82958ce70625;8.197;3.75;SELL
2016-04-10T12:42:13.000000;2016-04-10T12:42:13.793000;81db9ee3-d6c5-4c7b-a602-e7f87461d03e;8.18;0.71509723;SELL
2016-04-10T12:42:25.000000;2016-04-10T12:42:25.957000;e1c6328f-04da-4fe7-8035-530f45b44bc1;8.18;0.71400127;SELL
2016-04-10T12:42:26.000000;2016-04-10T12:42:26.293000;043f9596-6d15-4bd1-b1b8-ac13b31dc5ee;8.18;0.71509723;SELL
2016-04-10T12:42:26.000000;2016-04-10T12:42:26.793000;50ee320a-233a-4a83-8a32-1b3a302a720c;8.18;0.71400162;SELL
2016-04-10T12:42:27.000000;2016-04-10T12:42:27.333000;53685903-dc9a-420b-b6c6-29e0b70c60f5;8.18;0.71528904;SELL
2016-04-10T12:42:27.000000;2016-04-10T12:42:28.067000;00fd5c61-1a97-41a7-bf79-e82c798a62f6;8.18;0.71400127;SELL
2016-04-10T12:42:28.000000;2016-04-10T12:42:28.393000;38c503d8-5311-416f-b0b0-89904a77e7d9;8.18;0.71251234;SELL
2016-04-10T12:45:35.000000;2016-04-10T12:45:35.043000;4ef68b91-340e-4e3c-af1e-18f996882ded;8.15;0.71792229;SELL
2016-04-10T12:45:56.000000;2016-04-10T12:45:56.487000;c7383154-f5fc-4615-9e78-a83048fe8671;8.15;0.71792229;SELL
2016-04-10T12:45:57.000000;2016-04-10T12:45:57.253000;11ae9d88-3474-44ea-adfe-ea41e6af38a6;8.15;0.71792229;SELL
2016-04-10T12:46:18.000000;2016-04-10T12:46:18.220000;d3f822cb-ecd6-44b4-a4da-ce27ae579589;8.15;0.71792197;SELL
2016-04-10T12:46:45.000000;2016-04-10T12:46:45.937000;4340e1f2-fce6-4066-9c43-8ae27eedd7f3;8.15;0.71792229;SELL
2016-04-10T12:47:10.000000;2016-04-10T12:47:10.860000;a355eed5-87d8-4f8e-b05b-b5911f14e85d;8.15;0.71792189;SELL
2016-04-10T12:47:23.000000;2016-04-10T12:47:23.533000;e18e75fc-f75b-4a16-839a-3182ff7cbdac;8.15;0.71792188;SELL
2016-04-10T12:47:35.000000;2016-04-10T12:47:35.620000;2778b432-b8b1-4025-8544-7f592725a4da;8.15;0.71792188;SELL
2016-04-10T12:47:47.000000;2016-04-10T12:47:47.227000;41a8210e-7003-41ab-8641-e0ba2478afb5;8.15;0.71792189;SELL
2016-04-10T12:47:59.000000;2016-04-10T12:47:59.740000;feed4246-c730-447a-91a8-1dd68c2cbf49;8.15;0.71784812;SELL
2016-04-10T12:48:15.000000;2016-04-10T12:48:15.447000;293064ef-88d8-4366-b0a0-d08f3ebd6b8a;8.15;0.82085321;SELL
2016-04-10T12:48:15.000000;2016-04-10T12:48:15.457000;988b9e4e-485e-406f-8edc-7e51c291da38;8.1;23.80590621;SELL
2016-04-10T12:48:19.000000;2016-04-10T12:48:19.950000;70508148-c223-4c75-9627-2f8675f1c9c3;8.1;0.7223536;SELL
2016-04-10T12:49:01.000000;2016-04-10T12:49:02.027000;25d7b69f-081c-4ac3-ad16-530395c12e34;8.1;0.47174019;SELL
2016-04-10T12:49:01.000000;2016-04-10T12:49:02.040000;6e3b5455-62b5-4d5c-8152-343725ece327;8.1;0.2506134;SELL
2016-04-10T12:54:14.000000;2016-04-10T12:54:14.200000;dff0c7c7-8d4b-49d8-aa92-f03890b65b54;8.1014;0.56461603;SELL
2016-04-10T12:54:37.000000;2016-04-10T12:54:37.067000;21863f64-f117-4e13-bf49-cb2664a979b7;8.1014;0.5647891;SELL
2016-04-10T12:54:39.000000;2016-04-10T12:54:39.443000;8f2c4e08-6250-4f16-91ef-906c6e7e0ba4;8.1014;0.5647891;SELL
2016-04-10T12:55:12.000000;2016-04-10T12:55:12.557000;42c9565e-49d4-4394-b3df-09bae678d6f4;8.1014;1.17521684;SELL
2016-04-10T12:55:43.000000;2016-04-10T12:55:43.767000;762089e3-da0f-406f-815e-880c71d7bc9e;8.1014;0.5647892;SELL
2016-04-10T12:55:44.000000;2016-04-10T12:55:44.707000;46e2b13f-953d-4880-b3dd-ae15fce51e79;8.1014;0.5647892;SELL
2016-04-10T12:55:45.000000;2016-04-10T12:55:45.077000;cc90e953-a69b-4cea-a9c3-ffedb1df7f43;8.1014;0.5647892;SELL
2016-04-10T12:55:59.000000;2016-04-10T12:56:00.020000;61886957-214d-4fa7-a011-1528ad422c4d;8.123;4.92;BUY
2016-04-10T12:56:06.000000;2016-04-10T12:56:06.250000;8538f151-98c5-4978-a8b9-176ff58a32bd;8.1014;0.43622133;SELL
