time_exchange;time_coinpai;guid;price;base_amount;taker_side
2016-04-10T00:00:04.000000;2016-04-10T00:00:04.000000;8e2b81c7-a621-42a8-955b-517884db5139;418.48;0.030648;UNKNOWN
2016-04-10T00:01:02.000000;2016-04-10T00:01:02.000000;141f858d-b89d-4c08-9fa3-da5b7e8084d4;418.48;0.04070462;UNKNOWN
2016-04-10T00:06:22.000000;2016-04-10T00:06:22.000000;20202556-c443-400e-a308-3ada8af6e9b5;418.48;0.02834738;UNKNOWN
2016-04-10T00:06:22.000000;2016-04-10T00:06:22.000000;d66cc4e6-4df8-4696-af12-1e4fdf197e0e;418.36;0.06424565;UNKNOWN
2016-04-10T00:10:03.000000;2016-04-10T00:10:03.000000;8daeb48e-e066-4bed-969c-2796834c2156;418.5;0.858;UNKNOWN
2016-04-10T00:10:45.000000;2016-04-10T00:10:45.000000;331ccec2-1c70-4749-8075-bc7d309c7b2c;418.35;0.42574064;UNKNOWN
2016-04-10T00:11:02.000000;2016-04-10T00:11:02.000000;2a30d28a-8cd1-4058-8b7d-fee145fb900e;418.35;0.42592931;UNKNOWN
2016-04-10T00:11:34.000000;2016-04-10T00:11:34.000000;4a40233a-72c3-491d-ba0c-20685ec6d2a4;418.49;0.763;UNKNOWN
2016-04-10T00:12:06.000000;2016-04-10T00:12:06.000000;aa17ec9c-d5d1-4045-a765-3ea64a5ff3ea;418.37;0.41770206;UNKNOWN
2016-04-10T00:13:51.000000;2016-04-10T00:13:51.000000;b59a7f1d-302f-4c4b-b14d-4c63e8afc1a5;418.35;0.11975666;UNKNOWN
2016-04-10T00:15:04.000000;2016-04-10T00:15:04.000000;60a7fe08-d4af-4124-8b85-5fc850389212;418.35;0.26585731;UNKNOWN
2016-04-10T00:17:01.000000;2016-04-10T00:17:01.000000;ca0392c3-cf40-481d-b95a-42a25ddd8f63;418.36;0.01;UNKNOWN
2016-04-10T00:17:02.000000;2016-04-10T00:17:02.000000;97810bf0-1349-431d-9283-5ca9b2bba714;418.36;12.5;UNKNOWN
2016-04-10T00:17:18.000000;2016-04-10T00:17:18.000000;651ada1b-0019-4670-94c5-7f5b2f149a6d;418.36;0.1192;UNKNOWN
2016-04-10T00:19:23.000000;2016-04-10T00:19:23.000000;e4557c0a-3b70-4cad-82c5-94645a07474c;418.36;0.0325672;UNKNOWN
2016-04-10T00:26:20.000000;2016-04-10T00:26:20.000000;afa84c5e-2d09-4922-a0d6-543c48b45849;418.36;0.348293;UNKNOWN
2016-04-10T00:29:15.000000;2016-04-10T00:29:15.000000;3d4ca134-54e1-4ef0-9b93-e65cb0da8ccd;418.36;1.2;UNKNOWN
2016-04-10T00:29:18.000000;2016-04-10T00:29:18.000000;60cd7780-c61c-4758-ba6e-ba2f3caf56ab;418.36;0.11979961;UNKNOWN
2016-04-10T00:29:39.000000;2016-04-10T00:29:39.000000;cbdc0d8f-412d-48cf-8321-670a76c83a85;418.36;0.67014019;UNKNOWN
2016-04-10T00:29:39.000000;2016-04-10T00:29:39.000000;d44fabcc-88be-4189-98e1-635ee62a8c86;418.35;0.41442266;UNKNOWN
2016-04-10T00:30:22.000000;2016-04-10T00:30:22.000000;741610cb-007b-4767-8456-8ad07155de07;418.35;0.08755755;UNKNOWN
2016-04-10T00:32:58.000000;2016-04-10T00:32:58.000000;82e0d82c-2cf0-493d-80fa-a66233c8a4a6;418.35;0.28588889;UNKNOWN
2016-04-10T00:36:06.000000;2016-04-10T00:36:06.000000;fa51bb8d-3176-4232-a1a0-5107e934e0e2;418.35;1.0;UNKNOWN
2016-04-10T00:43:40.000000;2016-04-10T00:43:40.000000;97a704f6-2ff9-484a-a2f6-0ce4cc9974b6;418.08;0.15397;UNKNOWN
2016-04-10T00:50:18.000000;2016-04-10T00:50:18.000000;3ff4a2b8-be8e-4113-a447-060037c969e5;418.4;1.0;UNKNOWN
2016-04-10T00:50:18.000000;2016-04-10T00:50:18.000000;001106b1-ec58-4575-8d55-a80c3874a834;418.39;3.0;UNKNOWN
2016-04-10T00:50:22.000000;2016-04-10T00:50:22.000000;b43c1096-6f5b-4a86-ae88-c95e24fd0ddc;418.07;0.04730893;UNKNOWN
2016-04-10T00:54:48.000000;2016-04-10T00:54:48.000000;ad49258a-7443-4d5a-9417-9dfbc765b7fe;418.35;0.01;UNKNOWN
2016-04-10T00:56:31.000000;2016-04-10T00:56:31.000000;63672377-6297-4a04-94a1-a18997b2bc25;418.35;0.08143453;UNKNOWN
2016-04-10T00:56:47.000000;2016-04-10T00:56:47.000000;ac8d2b53-d998-4827-93ea-0a153b1a0e79;418.35;0.011;UNKNOWN
2016-04-10T00:57:49.000000;2016-04-10T00:57:49.000000;5a489726-4f0f-491d-a511-fb2f482950e9;418.2;1.3149;UNKNOWN
2016-04-10T00:59:04.000000;2016-04-10T00:59:04.000000;a250120f-bd15-4a40-b694-48d4cbf1c04e;418.02;0.01943;UNKNOWN
2016-04-10T01:10:32.000000;2016-04-10T01:10:32.000000;d6df4e00-c38e-4a92-a44d-7a1367c02843;418.11;0.18037929;UNKNOWN
2016-04-10T01:10:32.000000;2016-04-10T01:10:32.000000;2325a06d-788b-49ce-a600-a750ce32296b;418.11;0.242;UNKNOWN
2016-04-10T01:11:26.000000;2016-04-10T01:11:26.000000;875f04ff-b82d-42db-a89f-2ab32a6256ab;418.11;0.241;UNKNOWN
2016-04-10T01:11:26.000000;2016-04-10T01:11:26.000000;5ee4e237-6c32-4a33-86eb-f30d23f96d12;418.11;0.241;UNKNOWN
2016-04-10T01:11:26.000000;2016-04-10T01:11:26.000000;71eb3924-7521-41f2-9858-c771156ce481;418.11;0.06062071;UNKNOWN
2016-04-10T01:11:26.000000;2016-04-10T01:11:26.000000;2645732d-ab9c-4e20-943c-766f4d534606;418.11;0.242;UNKNOWN
2016-04-10T01:11:26.000000;2016-04-10T01:11:26.000000;f91162c5-5264-4ee0-bef3-773684f17457;418.11;4.38982389;UNKNOWN
2016-04-10T01:11:26.000000;2016-04-10T01:11:26.000000;57cd40b6-e5ff-483e-9ba0-ae2d6f13b10b;418.11;0.214;UNKNOWN
2016-04-10T01:11:26.000000;2016-04-10T01:11:26.000000;5bf2cef4-b53d-4f0c-96eb-c4c64d5cac0c;418.11;0.242;UNKNOWN
2016-04-10T01:11:26.000000;2016-04-10T01:11:26.000000;636fd252-f382-4464-bc2f-814832b4197f;418.11;0.241;UNKNOWN
2016-04-10T01:23:04.000000;2016-04-10T01:23:04.000000;0c11c626-19f5-41b4-af96-3cf0bd58401a;418.12;0.42293038;UNKNOWN
2016-04-10T01:23:20.000000;2016-04-10T01:23:20.000000;9cfac8b7-96ed-40b2-97c7-ad8796f2ba17;418.12;0.19683676;UNKNOWN
2016-04-10T01:27:44.000000;2016-04-10T01:27:44.000000;8f9e4c86-7532-4aa3-9fac-722308ef611e;418.15;0.2;UNKNOWN
2016-04-10T01:31:25.000000;2016-04-10T01:31:25.000000;8edb74bb-2228-457f-8cf5-fe8e8b083114;418.15;0.43278432;UNKNOWN
2016-04-10T01:31:28.000000;2016-04-10T01:31:28.000000;4d32da45-6f06-4e09-bcfd-4894ed3f1df5;418.15;0.43278432;UNKNOWN
2016-04-10T01:35:11.000000;2016-04-10T01:35:11.000000;d84b4804-e123-4deb-b606-9221efefa188;418.15;0.5;UNKNOWN
2016-04-10T01:35:40.000000;2016-04-10T01:35:40.000000;10759e4a-6af0-4da2-8592-770ab960648a;418.15;0.5;UNKNOWN
2016-04-10T01:36:08.000000;2016-04-10T01:36:08.000000;9826e31f-6735-4022-8b0b-25a231cf1a1e;418.15;0.5;UNKNOWN
2016-04-10T01:36:30.000000;2016-04-10T01:36:30.000000;6ed4aa28-8c9c-4798-9b73-8d1dda096f80;418.15;0.5;UNKNOWN
2016-04-10T01:36:35.000000;2016-04-10T01:36:35.000000;b80c3594-d95e-46d3-8738-ce6c5a571c0a;418.15;0.5;UNKNOWN
2016-04-10T01:37:27.000000;2016-04-10T01:37:27.000000;a09b97b8-ce3a-434a-93b8-b3d8f2467a0b;418.08;0.13356373;UNKNOWN
2016-04-10T01:37:27.000000;2016-04-10T01:37:27.000000;abc0b237-0b5e-44d1-b135-e9a4e0736de9;418.11;0.01643627;UNKNOWN
2016-04-10T01:37:32.000000;2016-04-10T01:37:32.000000;03007bd1-65db-4a34-988f-5f291b33e261;418.15;0.07747;UNKNOWN
2016-04-10T01:42:58.000000;2016-04-10T01:42:58.000000;a6641c4d-080e-4ad8-adda-3afd20acb2c5;418.15;0.096;UNKNOWN
2016-04-10T01:43:50.000000;2016-04-10T01:43:50.000000;35c6e8df-8598-44b7-85fb-0932635386f5;418.09;5.9193;UNKNOWN
2016-04-10T01:43:50.000000;2016-04-10T01:43:50.000000;6c3f4717-2ba7-4f6d-817c-dcc4de739062;418.1;3.0;UNKNOWN
2016-04-10T01:43:50.000000;2016-04-10T01:43:50.000000;2e18d184-5768-4e22-8739-f51e3a6323c3;418.11;0.5;UNKNOWN
2016-04-10T01:56:32.000000;2016-04-10T01:56:32.000000;4aadb559-2524-45dd-a8fb-cc8a0366b96e;418.05;1.0;UNKNOWN
2016-04-10T02:04:04.000000;2016-04-10T02:04:04.000000;8015914d-1396-409a-8c97-9aa673fda868;418.04;5.30353675;UNKNOWN
2016-04-10T02:04:16.000000;2016-04-10T02:04:16.000000;0bcbe486-e60d-44d1-85e1-5cc6654109c6;418.04;0.1;UNKNOWN
2016-04-10T02:06:35.000000;2016-04-10T02:06:35.000000;f757e350-21f8-4837-81b6-7354e8bcc95e;418.04;0.01;UNKNOWN
2016-04-10T02:07:20.000000;2016-04-10T02:07:20.000000;06935b13-8d49-4036-81d4-7f28df22b428;418.04;0.01;UNKNOWN
2016-04-10T02:08:08.000000;2016-04-10T02:08:08.000000;253a7bb3-4f1b-4360-80d3-90dfcb53d3c8;418.04;0.01;UNKNOWN
2016-04-10T02:08:53.000000;2016-04-10T02:08:53.000000;6fddaf4f-5b09-45b7-b476-0cbe82fa0d53;418.04;0.01;UNKNOWN
2016-04-10T02:09:08.000000;2016-04-10T02:09:08.000000;f38fba76-2a9a-4279-97e1-8b1ed6c68bfc;418.04;0.0714;UNKNOWN
2016-04-10T02:09:37.000000;2016-04-10T02:09:37.000000;3bc8cb9e-2cc2-4090-a849-6ebfc7d9187e;418.04;0.01;UNKNOWN
2016-04-10T02:10:23.000000;2016-04-10T02:10:23.000000;13d65afb-47f5-43ea-a502-d87b0bf1feb0;418.04;0.01;UNKNOWN
2016-04-10T02:10:55.000000;2016-04-10T02:10:55.000000;d0b06f60-f7da-48d4-9fcd-d43ea94fa59f;418.04;0.0127174;UNKNOWN
2016-04-10T02:11:08.000000;2016-04-10T02:11:08.000000;3bea221b-13b9-442a-9add-f236f636b035;418.04;0.01;UNKNOWN
2016-04-10T02:13:52.000000;2016-04-10T02:13:52.000000;a030f470-8fe2-469a-a842-077de04292da;418.04;0.01;UNKNOWN
2016-04-10T02:15:16.000000;2016-04-10T02:15:16.000000;84dd8a7c-712c-4f88-9720-066c35f859c4;418.04;2.0;UNKNOWN
2016-04-10T02:15:39.000000;2016-04-10T02:15:39.000000;a7a75d4c-c0f1-4f20-b862-be10a4e536d1;418.04;2.0;UNKNOWN
2016-04-10T02:19:30.000000;2016-04-10T02:19:30.000000;f3f629fd-ec36-43f2-8f07-6ea4d055a680;418.05;0.5802;UNKNOWN
2016-04-10T02:21:03.000000;2016-04-10T02:21:03.000000;dffeeac5-51cc-47e2-8e81-c2f01171ce8d;418.05;0.07173792;UNKNOWN
2016-04-10T02:23:04.000000;2016-04-10T02:23:04.000000;4da39447-e567-4150-958c-d6561d3456a6;418.05;3.6;UNKNOWN
2016-04-10T02:23:32.000000;2016-04-10T02:23:32.000000;12cafb83-86cb-450e-8ca2-dd675d1c0ee1;418.05;0.2392;UNKNOWN
2016-04-10T02:24:04.000000;2016-04-10T02:24:04.000000;f6cfeb3f-55df-4437-8fcc-6bf70ae2f70e;418.05;0.7184388;UNKNOWN
2016-04-10T02:25:39.000000;2016-04-10T02:25:39.000000;94d3d66a-8bb6-4390-b81e-86ba7e06a88f;418.05;1.0;UNKNOWN
2016-04-10T02:25:46.000000;2016-04-10T02:25:46.000000;4a20fd0a-cad1-41c2-870c-c7e2d4593a4e;418.04;5.43234585;UNKNOWN
2016-04-10T02:25:46.000000;2016-04-10T02:25:46.000000;56a266c2-7257-4535-87cb-1b4cbeb8b3a2;418.01;4.55773323;UNKNOWN
2016-04-10T02:27:05.000000;2016-04-10T02:27:05.000000;fd9f83da-d30c-4a85-9e52-927fcd009d77;418.01;4.074048;UNKNOWN
2016-04-10T02:27:15.000000;2016-04-10T02:27:15.000000;69a398fc-55f7-44f1-a033-37ca63a86cc0;418.04;0.5;UNKNOWN
2016-04-10T02:27:15.000000;2016-04-10T02:27:15.000000;682c395d-4ca1-443d-bf92-4f249fc92b30;418.05;3.5216;UNKNOWN
2016-04-10T02:29:46.000000;2016-04-10T02:29:46.000000;dcacbb61-4d4d-47b0-b128-bbf711798b81;418.01;1.35821877;UNKNOWN
2016-04-10T02:32:59.000000;2016-04-10T02:32:59.000000;5dc5db91-df7c-4ff0-ac69-6e79cec2b900;417.78;0.97891989;UNKNOWN
2016-04-10T02:32:59.000000;2016-04-10T02:32:59.000000;0d24d199-a913-404f-ab94-53d93326e8cf;417.82;1.09988153;UNKNOWN
2016-04-10T02:32:59.000000;2016-04-10T02:32:59.000000;88a972e1-da3a-4b7b-b059-8059f224287f;417.85;0.241;UNKNOWN
2016-04-10T02:32:59.000000;2016-04-10T02:32:59.000000;c569ce62-a8a2-4897-9808-db24f0bf0b95;417.78;0.23148206;UNKNOWN
2016-04-10T02:32:59.000000;2016-04-10T02:32:59.000000;9b229d88-f082-465b-8d85-170059a7d3d1;417.85;8.79;UNKNOWN
2016-04-10T02:32:59.000000;2016-04-10T02:32:59.000000;a7cacce0-e76f-440c-9b10-5ee5d9025bba;417.78;0.03001368;UNKNOWN
2016-04-10T02:32:59.000000;2016-04-10T02:32:59.000000;c342c5f6-e6e9-489a-ab8f-74a440604b4c;417.78;0.42040284;UNKNOWN
2016-04-10T02:32:59.000000;2016-04-10T02:32:59.000000;9d7efc86-d003-43d5-851b-5bdfab3d8834;417.84;5.9673;UNKNOWN
2016-04-10T02:32:59.000000;2016-04-10T02:32:59.000000;ec6240d5-b93e-4ae3-9741-65d2c4de4d99;417.85;0.241;UNKNOWN
2016-04-10T02:39:51.000000;2016-04-10T02:39:51.000000;6c21898b-0297-4517-9c9d-1f56882f19a9;417.77;2.0;UNKNOWN
2016-04-10T02:48:26.000000;2016-04-10T02:48:26.000000;22e8cb2d-ada9-4a72-9ae0-6edf7facf980;417.86;0.599841;UNKNOWN
2016-04-10T02:48:26.000000;2016-04-10T02:48:26.000000;9270aa70-c7ea-4390-9921-a613868b7c7b;418.0;0.260159;UNKNOWN
2016-04-10T02:52:47.000000;2016-04-10T02:52:47.000000;71816093-97c5-4951-b345-d580c38d645c;417.83;3.0;UNKNOWN
2016-04-10T02:53:04.000000;2016-04-10T02:53:04.000000;e9c5bf20-4f38-4972-8915-8f55aec160e6;417.62;3.0;UNKNOWN
2016-04-10T03:01:47.000000;2016-04-10T03:01:47.000000;ef462c4c-1022-44c6-9601-20d1e58eedcd;417.84;0.14991879;UNKNOWN
2016-04-10T03:02:52.000000;2016-04-10T03:02:52.000000;3ec5d513-a9ae-42dc-9ea0-3ee9dd686393;417.59;0.58;UNKNOWN
2016-04-10T03:04:09.000000;2016-04-10T03:04:09.000000;00bea5ae-1253-4bdf-975b-8f67b457b37b;417.59;0.58;UNKNOWN
2016-04-10T03:07:04.000000;2016-04-10T03:07:04.000000;d0851015-94f8-4ed8-879f-5a3407a99f4d;417.55;4.7999504;UNKNOWN
2016-04-10T03:07:04.000000;2016-04-10T03:07:04.000000;49ecb864-80f4-4767-aefb-c2fc1db1a86c;417.51;2.2000496;UNKNOWN
2016-04-10T03:07:04.000000;2016-04-10T03:07:04.000000;f20b9d87-087d-4ab2-922a-d1f2e70eeeb8;417.58;3.0;UNKNOWN
2016-04-10T03:09:04.000000;2016-04-10T03:09:04.000000;87546ff5-1d35-442a-b3b2-41fe5d7d14db;417.51;3.72;UNKNOWN
2016-04-10T03:11:43.000000;2016-04-10T03:11:43.000000;44ad402b-ee7e-4c89-827f-f6e7f3919028;417.51;4.0699504;UNKNOWN
2016-04-10T03:11:43.000000;2016-04-10T03:11:43.000000;41c30164-00a3-4587-abfd-6e88abf32a06;417.51;0.05189166;UNKNOWN
2016-04-10T03:11:43.000000;2016-04-10T03:11:43.000000;01489191-644b-4d9d-9b63-9bf44bce8f8a;417.51;0.52815794;UNKNOWN
2016-04-10T03:11:47.000000;2016-04-10T03:11:47.000000;07c45c76-192a-4db9-9806-e30f8343816b;417.51;3.19;UNKNOWN
2016-04-10T03:12:22.000000;2016-04-10T03:12:22.000000;c94955f8-7213-4600-a4ce-360f466f72b5;417.51;5.0;UNKNOWN
2016-04-10T03:14:02.000000;2016-04-10T03:14:02.000000;99f45c54-34bb-4acc-a527-c0595ca7b57a;417.51;0.03337281;UNKNOWN
2016-04-10T03:14:02.000000;2016-04-10T03:14:02.000000;0816fd36-a769-4e35-a53f-ecf70e16448e;417.51;0.1586928;UNKNOWN
2016-04-10T03:14:02.000000;2016-04-10T03:14:02.000000;c738e151-4fae-4fa5-8854-2a15d8f5bbe7;417.49;0.50793439;UNKNOWN
2016-04-10T03:27:48.000000;2016-04-10T03:27:48.000000;dc9e6590-665f-41c3-b22e-7d7c143094db;417.51;0.13098854;UNKNOWN
2016-04-10T03:27:55.000000;2016-04-10T03:27:55.000000;5f8a9f8d-6083-4dae-a0e1-5071d1d8e5c1;417.51;0.06560231;UNKNOWN
2016-04-10T03:28:08.000000;2016-04-10T03:28:08.000000;316880bd-caf2-4820-b678-a95889561156;417.51;0.21867437;UNKNOWN
2016-04-10T03:28:08.000000;2016-04-10T03:28:08.000000;1af62438-f0fe-4ec0-95aa-725df455a288;417.51;0.06560231;UNKNOWN
2016-04-10T03:28:32.000000;2016-04-10T03:28:32.000000;e1119835-6f34-4b9e-abcc-79efa6beddef;417.51;0.21867437;UNKNOWN
2016-04-10T03:28:40.000000;2016-04-10T03:28:40.000000;362bf02d-64ca-403c-8bf5-1df3563e575a;417.51;0.0971248;UNKNOWN
2016-04-10T03:28:44.000000;2016-04-10T03:28:44.000000;30af1401-eca5-4aa6-8988-bf77479d80be;417.51;0.0971248;UNKNOWN
2016-04-10T03:28:47.000000;2016-04-10T03:28:47.000000;f946c2b5-e633-4fcc-b17d-134c694b4a46;417.51;0.01284811;UNKNOWN
2016-04-10T03:28:52.000000;2016-04-10T03:28:52.000000;de470702-dd1d-4e65-9a91-a38f79e99c8a;417.51;0.02937653;UNKNOWN
2016-04-10T03:28:57.000000;2016-04-10T03:28:57.000000;979c55ca-938a-49cc-8416-29d5aee51801;417.51;0.06548408;UNKNOWN
2016-04-10T03:28:57.000000;2016-04-10T03:28:57.000000;770ef9fb-f5d4-4988-aa1d-3596d6c9918d;417.51;0.02146628;UNKNOWN
2016-04-10T03:29:00.000000;2016-04-10T03:29:00.000000;7960ddff-5fe8-44c1-afe9-e42250927a76;417.51;0.10502038;UNKNOWN
2016-04-10T03:29:04.000000;2016-04-10T03:29:04.000000;702f2850-e438-47a0-b02f-2a7c4f5292ff;417.51;0.10502038;UNKNOWN
2016-04-10T03:29:07.000000;2016-04-10T03:29:07.000000;170c86a3-17ce-49c8-b64e-1dc839de5ae9;417.51;0.01499224;UNKNOWN
2016-04-10T03:38:04.000000;2016-04-10T03:38:04.000000;fabfcf41-6c89-43d7-bb14-d4c587670d9a;417.5;3.0;UNKNOWN
2016-04-10T03:38:06.000000;2016-04-10T03:38:06.000000;af6ff652-8bbe-4ed4-8625-2a7a88503a21;417.5;0.22635881;UNKNOWN
2016-04-10T03:39:04.000000;2016-04-10T03:39:04.000000;dc996d4f-dd6d-4ff6-aa1f-6b074e57a69e;417.5;0.14371027;UNKNOWN
2016-04-10T03:40:05.000000;2016-04-10T03:40:05.000000;53d712e5-357b-49d2-a3ee-1269bff25a73;417.5;0.14376781;UNKNOWN
2016-04-10T03:40:38.000000;2016-04-10T03:40:38.000000;9b69e865-957f-4cb2-9f66-9c3d0b741f49;417.49;1.44031617;UNKNOWN
2016-04-10T03:42:22.000000;2016-04-10T03:42:22.000000;3388b3e8-4acf-4968-ade7-e96fcee56c02;417.49;4.2522784;UNKNOWN
2016-04-10T03:48:04.000000;2016-04-10T03:48:04.000000;fe3f521d-7a4e-4fac-b7c9-6b16bf74d55f;417.49;0.11958;UNKNOWN
2016-04-10T03:48:08.000000;2016-04-10T03:48:08.000000;7d1fbacd-5cbe-4ea8-88f2-a89d00a1616a;417.58;0.05941524;UNKNOWN
2016-04-10T03:48:08.000000;2016-04-10T03:48:08.000000;19a232c3-598c-479f-80b1-c576e93944cc;417.57;0.18;UNKNOWN
2016-04-10T03:49:04.000000;2016-04-10T03:49:04.000000;c674bd16-f53c-4eb4-9141-50cd023fd7c2;417.58;2.94;UNKNOWN
2016-04-10T03:49:04.000000;2016-04-10T03:49:04.000000;09d01c69-4468-4fe6-8bd9-28e0af4f55ae;417.57;0.06;UNKNOWN
2016-04-10T03:50:05.000000;2016-04-10T03:50:05.000000;2cdea9cd-371c-49e9-8364-21577414140c;417.5;0.22276661;UNKNOWN
2016-04-10T03:54:58.000000;2016-04-10T03:54:58.000000;00c80f4b-3948-46ad-b492-017ce2ca7e14;417.88;0.18;UNKNOWN
2016-04-10T03:54:58.000000;2016-04-10T03:54:58.000000;71f61901-17cd-4cda-97f6-e059d9e7f94b;417.9;1.6209;UNKNOWN
2016-04-10T03:54:58.000000;2016-04-10T03:54:58.000000;2ab85bbe-e41c-4746-8c2f-ca15a75186cb;417.88;13.9591;UNKNOWN
2016-04-10T03:54:58.000000;2016-04-10T03:54:58.000000;9f88f728-5966-4913-9f76-0b7279d37384;417.87;0.24;UNKNOWN
2016-04-10T03:57:04.000000;2016-04-10T03:57:04.000000;82383104-367e-4d99-94b4-c958a6f5a275;417.67;0.11819432;UNKNOWN
2016-04-10T03:57:28.000000;2016-04-10T03:57:28.000000;9de0b4c0-e96e-4437-a954-7fd8833a35e9;417.67;0.032565;UNKNOWN
2016-04-10T03:59:27.000000;2016-04-10T03:59:27.000000;2eef966b-6ea2-4cfe-9563-bd087c1c6ccb;417.86;0.1794;UNKNOWN
2016-04-10T04:00:47.000000;2016-04-10T04:00:47.000000;f186ec3b-8c66-4265-ae32-eafa94cc74fc;417.86;3.4953;UNKNOWN
2016-04-10T04:00:50.000000;2016-04-10T04:00:50.000000;079d5368-c02a-4699-8192-927281ebfbde;417.89;1.5;UNKNOWN
2016-04-10T04:07:48.000000;2016-04-10T04:07:48.000000;06a76cae-82f0-4fc0-a6c0-c4cd3c665400;417.82;1.0;UNKNOWN
2016-04-10T04:13:58.000000;2016-04-10T04:13:58.000000;c9d39438-6531-4159-bd82-4a6cbdee67b4;417.8;0.52;UNKNOWN
2016-04-10T04:13:58.000000;2016-04-10T04:13:58.000000;88ac62f2-4726-4560-9580-258f1534251e;417.8;0.06;UNKNOWN
2016-04-10T04:32:23.000000;2016-04-10T04:32:23.000000;b9c85c05-9697-415c-8b59-f26dfc5bcfed;417.8;0.76;UNKNOWN
2016-04-10T04:32:23.000000;2016-04-10T04:32:23.000000;2bbf7d4b-5952-432f-936d-8cca413642ba;417.79;0.24;UNKNOWN
2016-04-10T04:36:09.000000;2016-04-10T04:36:09.000000;45e0f0a8-b515-48b1-a341-fe119369477d;417.8;4.16140279;UNKNOWN
2016-04-10T04:37:46.000000;2016-04-10T04:37:46.000000;1d11fa68-aa32-4a4c-9c21-b7f5fa973613;417.75;0.5;UNKNOWN
2016-04-10T04:37:46.000000;2016-04-10T04:37:46.000000;3e92cc13-8fb6-47e5-9fe9-0e2957b42711;417.75;0.5;UNKNOWN
2016-04-10T04:39:05.000000;2016-04-10T04:39:05.000000;3c2661f4-6e17-43c5-a541-d4f8ae3acd2f;417.77;0.01538943;UNKNOWN
2016-04-10T04:40:46.000000;2016-04-10T04:40:46.000000;2643a8fc-7e31-4a7c-95ad-eb23c2f72f04;417.8;2.5;UNKNOWN
2016-04-10T04:47:39.000000;2016-04-10T04:47:39.000000;5d928938-715c-464d-9433-9148e4442ecf;417.8;2.18905691;UNKNOWN
2016-04-10T04:47:39.000000;2016-04-10T04:47:39.000000;c7949190-5ffc-4707-aa93-ef118e93c9ee;417.8;0.35864309;UNKNOWN
2016-04-10T04:50:54.000000;2016-04-10T04:50:54.000000;97cd14fa-0a85-49fb-a7f2-ad6b43116502;417.79;0.08150224;UNKNOWN
2016-04-10T04:50:57.000000;2016-04-10T04:50:57.000000;23f5fb67-6198-415a-aaf4-efd0df3ec761;417.79;0.03634932;UNKNOWN
2016-04-10T04:51:01.000000;2016-04-10T04:51:01.000000;a1c74b1f-4a9d-4ce6-a20d-2137d0131063;417.79;0.12399759;UNKNOWN
2016-04-10T04:51:05.000000;2016-04-10T04:51:05.000000;e24b6be1-cd24-4d59-a9e9-ecda4f5c3829;417.79;0.20608842;UNKNOWN
2016-04-10T04:51:09.000000;2016-04-10T04:51:09.000000;e3e17b78-552f-4992-a2fc-47a6c1988d8a;417.79;0.05794978;UNKNOWN
2016-04-10T04:51:09.000000;2016-04-10T04:51:09.000000;8e065b25-39d9-43fb-8b91-326b5eee04d3;417.79;0.55686728;UNKNOWN
2016-04-10T04:51:09.000000;2016-04-10T04:51:09.000000;391cfcdc-a1a8-436a-aa85-1f89f6e5d39a;417.79;0.07892164;UNKNOWN
2016-04-10T04:52:43.000000;2016-04-10T04:52:43.000000;3467e471-32af-4f83-8b7d-3493de3d4d5a;417.79;0.05971155;UNKNOWN
2016-04-10T04:52:47.000000;2016-04-10T04:52:47.000000;0da1dd90-5fd4-44be-bb3e-4b9c76f8acf4;417.79;0.08923762;UNKNOWN
2016-04-10T04:52:50.000000;2016-04-10T04:52:50.000000;fb9b3b56-042b-405b-b018-54f7d047e8c4;417.79;0.04425432;UNKNOWN
2016-04-10T04:52:50.000000;2016-04-10T04:52:50.000000;01db80dc-3aee-485f-960e-f6a8aa54e848;417.79;0.00249354;UNKNOWN
2016-04-10T04:52:50.000000;2016-04-10T04:52:50.000000;35412568-8c49-4928-a0ed-12f1a3df034c;417.79;0.13190023;UNKNOWN
2016-04-10T04:52:54.000000;2016-04-10T04:52:54.000000;45c02b4e-4afd-4a45-bac0-9e9e89c476e7;417.79;0.16559189;UNKNOWN
2016-04-10T04:52:54.000000;2016-04-10T04:52:54.000000;1801ef31-c36a-488f-a621-972527887480;417.79;0.08202895;UNKNOWN
2016-04-10T04:52:54.000000;2016-04-10T04:52:54.000000;d3956328-db21-420c-9a41-d6556b1ce4f9;417.79;0.05167303;UNKNOWN
2016-04-10T04:52:54.000000;2016-04-10T04:52:54.000000;56bbb16e-27e3-488f-b3c2-b4b4ad34d029;417.79;0.11709798;UNKNOWN
2016-04-10T04:52:59.000000;2016-04-10T04:52:59.000000;0b0d561c-1463-4b27-b7f0-daad928bc903;417.79;0.06749878;UNKNOWN
2016-04-10T04:52:59.000000;2016-04-10T04:52:59.000000;fd1943d0-e37c-4e60-8861-65751122274a;417.79;0.04751211;UNKNOWN
2016-04-10T04:55:51.000000;2016-04-10T04:55:51.000000;44886127-2630-4a31-bac9-944c69197ed0;417.79;0.24463106;UNKNOWN
2016-04-10T04:58:15.000000;2016-04-10T04:58:15.000000;271b38b2-e4e4-4d41-ad00-1e378f612611;417.79;0.79417929;UNKNOWN
2016-04-10T04:58:15.000000;2016-04-10T04:58:15.000000;de482229-567d-4f2b-95cf-5c1020b8550d;417.79;0.20582071;UNKNOWN
2016-04-10T05:09:25.000000;2016-04-10T05:09:25.000000;bb302d51-2cf8-407f-9c28-2d64a9cee6b1;417.65;0.01879915;UNKNOWN
2016-04-10T05:09:25.000000;2016-04-10T05:09:25.000000;4a404935-9e97-4f44-ad4b-e5d9c75b94f0;417.79;0.02349781;UNKNOWN
2016-04-10T05:09:25.000000;2016-04-10T05:09:25.000000;e4ad41ec-d7af-4686-8f16-bd17f9d907ce;417.58;0.05971691;UNKNOWN
2016-04-10T05:09:25.000000;2016-04-10T05:09:25.000000;04f3f006-2661-4259-86b1-3ec5a120119a;417.67;0.01644925;UNKNOWN
2016-04-10T05:12:57.000000;2016-04-10T05:12:57.000000;2d5db401-46f8-4c8f-b77d-247e1bbd54f7;417.82;0.01351133;UNKNOWN
2016-04-10T05:13:26.000000;2016-04-10T05:13:26.000000;4af86acf-2b34-4e86-af52-0ef23f6dd497;417.73;0.12953224;UNKNOWN
2016-04-10T05:14:39.000000;2016-04-10T05:14:39.000000;f6fb3537-5bce-442b-b909-642f0c16171d;417.82;0.49;UNKNOWN
2016-04-10T05:18:23.000000;2016-04-10T05:18:23.000000;6a274763-6903-4a13-a4ed-d2788aa9c75b;417.77;0.171072;UNKNOWN
2016-04-10T05:25:23.000000;2016-04-10T05:25:23.000000;bb0fd9f6-8a1d-4125-ba33-e55b2e4376bc;417.82;1.252;UNKNOWN
2016-04-10T05:26:22.000000;2016-04-10T05:26:22.000000;d6f09667-74c9-4cda-8943-b799bac8ec13;417.79;0.02398401;UNKNOWN
2016-04-10T05:27:10.000000;2016-04-10T05:27:10.000000;34f71cfb-2319-42c7-92ba-4aacc9f28c3e;417.79;0.01;UNKNOWN
2016-04-10T05:27:34.000000;2016-04-10T05:27:34.000000;6c3ad3f7-960d-4182-8fce-a03f9d003992;417.98;2.25551133;UNKNOWN
2016-04-10T05:27:34.000000;2016-04-10T05:27:34.000000;8f790aab-e583-44db-b05e-f83cb009d11b;417.82;1.24448867;UNKNOWN
2016-04-10T05:28:22.000000;2016-04-10T05:28:22.000000;26958f05-c846-43b3-b661-04cb6999831d;417.84;0.2477103;UNKNOWN
2016-04-10T05:28:48.000000;2016-04-10T05:28:48.000000;996aa060-acfa-4b59-addf-a1be1dfcf154;417.97;0.42546832;UNKNOWN
2016-04-10T05:30:21.000000;2016-04-10T05:30:21.000000;13e13f29-f374-41c3-ae26-e6335ed81bd6;417.99;0.08483221;UNKNOWN
2016-04-10T05:32:06.000000;2016-04-10T05:32:06.000000;62bd0018-2243-46e3-afb7-f238a236d166;417.8;3.5;UNKNOWN
2016-04-10T05:32:14.000000;2016-04-10T05:32:14.000000;a03b69d1-52ea-4850-b8ef-d6e3facb562d;417.81;0.382;UNKNOWN
2016-04-10T05:32:47.000000;2016-04-10T05:32:47.000000;f7bac40d-5af0-47d2-9b80-84bee2ccac4a;417.81;0.58;UNKNOWN
2016-04-10T05:33:04.000000;2016-04-10T05:33:04.000000;e76ee14c-d996-4e44-abd5-c5ae8b1fd48c;417.81;5.9632;UNKNOWN
2016-04-10T05:33:27.000000;2016-04-10T05:33:27.000000;d3dc032f-da47-4316-99cc-5b0089f2e6aa;417.81;2.17397332;UNKNOWN
2016-04-10T05:35:28.000000;2016-04-10T05:35:28.000000;3dcd063d-2673-48e1-bc97-9ff90a8136b4;417.99;0.3630937;UNKNOWN
2016-04-10T05:35:35.000000;2016-04-10T05:35:35.000000;8a251e98-7abf-4185-bbf5-a8c986d01692;417.99;0.42072808;UNKNOWN
2016-04-10T05:39:02.000000;2016-04-10T05:39:02.000000;7c3de592-9611-4b3f-8caf-31e2cdab971b;417.98;1.19862685;UNKNOWN
2016-04-10T05:39:04.000000;2016-04-10T05:39:04.000000;813b0b26-617f-4f34-b8b1-5fb1447a5aad;417.98;0.32102287;UNKNOWN
2016-04-10T05:42:03.000000;2016-04-10T05:42:03.000000;aef5422c-9a21-48e8-afff-a9e9b5674b21;417.99;8.0;UNKNOWN
2016-04-10T05:50:59.000000;2016-04-10T05:50:59.000000;59e9a27e-46c7-4b5b-b9f1-795e3bf7acac;417.99;0.05012625;UNKNOWN
2016-04-10T05:51:04.000000;2016-04-10T05:51:04.000000;89f98aef-5855-45e7-b101-a45ace6fab00;417.98;0.61034266;UNKNOWN
2016-04-10T05:51:04.000000;2016-04-10T05:51:04.000000;9171dd2b-52ac-4003-9f48-b802c864ea26;417.98;0.90930706;UNKNOWN
2016-04-10T05:52:11.000000;2016-04-10T05:52:11.000000;6cc029ba-08e9-4b97-8dc0-87c71a66db48;417.99;0.41463548;UNKNOWN
2016-04-10T05:52:56.000000;2016-04-10T05:52:56.000000;fb7c824c-f87e-4ba9-8fc0-9de14a9a80c4;417.99;0.41463548;UNKNOWN
2016-04-10T05:53:39.000000;2016-04-10T05:53:39.000000;e600ee49-48a7-4d36-99a8-ae4c0b85ca9d;417.99;0.17268668;UNKNOWN
2016-04-10T05:53:39.000000;2016-04-10T05:53:39.000000;03d54f07-8af8-4c7e-9e01-0029da7fe504;417.99;0.2419488;UNKNOWN
2016-04-10T05:54:24.000000;2016-04-10T05:54:24.000000;8205959b-7604-4815-b60e-7fedf29bcee2;417.98;0.1;UNKNOWN
2016-04-10T05:58:24.000000;2016-04-10T05:58:24.000000;d102925c-2a72-4d07-bb5a-81dbcd1895a7;417.99;0.24920125;UNKNOWN
2016-04-10T06:06:07.000000;2016-04-10T06:06:07.000000;76356358-bc41-4281-a7d8-19acb93bd093;417.99;0.0197;UNKNOWN
2016-04-10T06:07:46.000000;2016-04-10T06:07:46.000000;3f78a301-47fd-4399-aa2f-727533e95a74;417.99;0.49433284;UNKNOWN
2016-04-10T06:11:15.000000;2016-04-10T06:11:15.000000;6fec198c-079a-47b4-8903-f120bfc18f8c;417.99;0.58;UNKNOWN
2016-04-10T06:11:52.000000;2016-04-10T06:11:52.000000;92f9786c-bd6d-4499-912c-59134bb00d8e;417.99;0.57;UNKNOWN
2016-04-10T06:13:29.000000;2016-04-10T06:13:29.000000;b160d3a4-e304-4e22-abb0-fc2bcf1e517e;418.0;0.23208981;UNKNOWN
2016-04-10T06:13:40.000000;2016-04-10T06:13:40.000000;5922892a-e415-491c-96b1-b4e5f3859129;418.0;0.40958076;UNKNOWN
2016-04-10T06:13:58.000000;2016-04-10T06:13:58.000000;7d2aa448-6980-4533-95d4-5f924b2541e0;418.0;3.0;UNKNOWN
2016-04-10T06:14:20.000000;2016-04-10T06:14:20.000000;35582bc4-fbd7-4482-a2b8-0e76cae40624;418.0;30.0;UNKNOWN
2016-04-10T06:14:35.000000;2016-04-10T06:14:35.000000;c849ce81-9b3b-4879-928f-0782991633dd;418.0;6.14;UNKNOWN
2016-04-10T06:18:27.000000;2016-04-10T06:18:27.000000;354d132b-465a-438a-87c4-3eb389d63bb8;418.0;0.30330671;UNKNOWN
2016-04-10T06:23:04.000000;2016-04-10T06:23:04.000000;929efd23-90d8-4b80-93b5-193cd97d9490;418.0;3.0;UNKNOWN
2016-04-10T06:23:05.000000;2016-04-10T06:23:05.000000;c857f4b1-eeb4-4a2c-abfb-8834c639edbb;418.0;1.0;UNKNOWN
2016-04-10T06:24:03.000000;2016-04-10T06:24:03.000000;57b14fef-14e4-4e7c-a55b-eea3df25683a;418.0;1.00413988;UNKNOWN
2016-04-10T06:24:18.000000;2016-04-10T06:24:18.000000;86a62bc8-6b9d-47c2-ad34-581629e20470;418.0;0.22272051;UNKNOWN
2016-04-10T06:25:03.000000;2016-04-10T06:25:03.000000;f9c0d1ae-cae4-45eb-bec9-caab498ea3dc;418.0;0.28632149;UNKNOWN
2016-04-10T06:25:29.000000;2016-04-10T06:25:29.000000;b8eb424f-19aa-452c-acbd-f2c817c6c8fe;418.0;0.35805462;UNKNOWN
2016-04-10T06:25:39.000000;2016-04-10T06:25:39.000000;49262b92-0b75-4d1b-8aec-6916c118190a;418.0;0.57;UNKNOWN
2016-04-10T06:26:04.000000;2016-04-10T06:26:04.000000;a7c1c7d3-8382-4da1-8838-a55505e79553;418.0;0.07169949;UNKNOWN
2016-04-10T06:26:26.000000;2016-04-10T06:26:26.000000;4d218787-e5ef-4cc0-bf68-fb2bf973508c;417.99;0.55;UNKNOWN
2016-04-10T06:34:36.000000;2016-04-10T06:34:36.000000;0a0ac10c-56a2-4c0b-8461-588b008c4552;417.99;0.9;UNKNOWN
2016-04-10T06:35:55.000000;2016-04-10T06:35:55.000000;8f048403-a36e-4e30-bc72-5d582ab3cd92;417.99;0.13676591;UNKNOWN
2016-04-10T06:35:55.000000;2016-04-10T06:35:55.000000;b3cda3f3-aa5c-462d-990d-24fd300d5a3d;417.99;0.86323409;UNKNOWN
2016-04-10T06:35:58.000000;2016-04-10T06:35:58.000000;4aa24b0f-f821-430a-9a48-0720e4c466b1;417.99;0.05034112;UNKNOWN
2016-04-10T06:36:50.000000;2016-04-10T06:36:50.000000;1cd7747c-2f74-490a-a16e-e5377618c348;417.8;4.07515671;UNKNOWN
2016-04-10T06:36:50.000000;2016-04-10T06:36:50.000000;7a055918-d613-4424-a0a9-cf504ce513e3;417.99;2.20792479;UNKNOWN
2016-04-10T06:36:50.000000;2016-04-10T06:36:50.000000;555de8fe-8a35-4a47-ad80-bbeb945da8b6;417.98;0.01644178;UNKNOWN
2016-04-10T06:43:32.000000;2016-04-10T06:43:32.000000;fe7b534f-1cdc-45bc-9da0-5e0abd08ace8;417.89;0.21993565;UNKNOWN
2016-04-10T06:43:51.000000;2016-04-10T06:43:51.000000;34b20dc4-c5e0-425a-b7ba-a5ec3cd25824;417.81;0.24;UNKNOWN
2016-04-10T06:43:51.000000;2016-04-10T06:43:51.000000;1a4eb09f-71da-4de6-b258-70fd60664050;417.8;0.23486068;UNKNOWN
2016-04-10T06:43:59.000000;2016-04-10T06:43:59.000000;72ec1716-44b9-4450-b941-e0123ea2244e;417.89;0.25085537;UNKNOWN
2016-04-10T06:46:16.000000;2016-04-10T06:46:16.000000;0228aec1-789c-421c-9fab-3436d33ca373;417.88;5.9115;UNKNOWN
2016-04-10T06:46:16.000000;2016-04-10T06:46:16.000000;e8cf52c8-0d3d-4db8-8b09-71fbe0fe6235;417.88;4.0885;UNKNOWN
2016-04-10T06:46:58.000000;2016-04-10T06:46:58.000000;2e77f08f-9bb0-4188-9b8b-9970cd01e19c;417.68;1.0;UNKNOWN
2016-04-10T06:47:02.000000;2016-04-10T06:47:02.000000;af5a0fce-0af1-446c-bdba-ebebb1cb25a1;417.87;0.26234113;UNKNOWN
2016-04-10T06:47:05.000000;2016-04-10T06:47:05.000000;14f96a3b-6250-4c0b-9560-2edca521b6c5;417.87;1.06822633;UNKNOWN
2016-04-10T06:47:06.000000;2016-04-10T06:47:06.000000;057e2ad5-5cef-4e49-973b-381be9ad7603;417.87;0.13933387;UNKNOWN
2016-04-10T06:47:22.000000;2016-04-10T06:47:22.000000;aaada94b-5688-4014-8cfc-00d48519bb27;417.87;0.72777269;UNKNOWN
2016-04-10T06:47:23.000000;2016-04-10T06:47:23.000000;f95c18c6-34ec-464f-b1d6-f7bb725f62e3;417.87;0.26237568;UNKNOWN
2016-04-10T06:47:24.000000;2016-04-10T06:47:24.000000;b2d869eb-6a6c-4cb8-9d1e-6eb629a641d5;417.87;0.72787088;UNKNOWN
2016-04-10T06:48:40.000000;2016-04-10T06:48:40.000000;34746c17-732d-44e2-a11e-c0a117d0a7af;417.86;0.40910184;UNKNOWN
2016-04-10T06:56:38.000000;2016-04-10T06:56:38.000000;2402eaba-9a67-45bd-9d79-3c05f9008963;417.68;0.024;UNKNOWN
2016-04-10T06:57:02.000000;2016-04-10T06:57:02.000000;37f7a823-dd80-4b8d-973b-61e488e96858;417.86;0.01008719;UNKNOWN
2016-04-10T06:58:40.000000;2016-04-10T06:58:40.000000;4723a2d7-46ea-4570-b371-0022c8892e99;417.68;0.04;UNKNOWN
2016-04-10T06:59:27.000000;2016-04-10T06:59:27.000000;94f6ee61-5f37-4ae8-ae58-71e194ba045a;417.86;1.4463;UNKNOWN
2016-04-10T06:59:39.000000;2016-04-10T06:59:39.000000;cd45b4ef-d6c1-4355-944e-6bb35d6e3b4f;417.68;0.04797376;UNKNOWN
2016-04-10T07:02:05.000000;2016-04-10T07:02:05.000000;17bdcd03-838d-4934-a6c3-0cca75696276;417.99;0.06586502;UNKNOWN
2016-04-10T07:02:06.000000;2016-04-10T07:02:06.000000;f32aefca-1148-4b3d-93d2-132ec8cd8d78;417.68;0.06586502;UNKNOWN
2016-04-10T07:03:06.000000;2016-04-10T07:03:06.000000;395feaaa-a7a9-4577-8251-cc615d43cb18;417.99;0.06568454;UNKNOWN
2016-04-10T07:03:09.000000;2016-04-10T07:03:09.000000;3c0164b6-8cd2-4d80-82ae-6b50e21819ae;417.68;0.06568454;UNKNOWN
2016-04-10T07:04:43.000000;2016-04-10T07:04:43.000000;b0a756e8-11a7-4dcc-a7bd-40c2e9799aa5;417.69;0.5;UNKNOWN
2016-04-10T07:05:02.000000;2016-04-10T07:05:02.000000;0e933957-c4af-4fcc-a9f2-c8f94f5a95d2;417.69;0.23989755;UNKNOWN
2016-04-10T07:06:47.000000;2016-04-10T07:06:47.000000;2a6a6a47-2114-475d-addf-b4c973369e66;417.69;0.51038327;UNKNOWN
2016-04-10T07:07:03.000000;2016-04-10T07:07:03.000000;13a4cf3f-8863-4436-8906-e98d2c206c31;417.69;0.2809074;UNKNOWN
2016-04-10T07:11:08.000000;2016-04-10T07:11:08.000000;96165d98-651d-487f-b0be-ed28be133c53;417.91;1.0;UNKNOWN
2016-04-10T07:11:08.000000;2016-04-10T07:11:08.000000;ecb0a937-07c9-4c9e-adf6-066bec211c5d;417.7;1.16192362;UNKNOWN
2016-04-10T07:13:33.000000;2016-04-10T07:13:33.000000;13ca1584-1b7a-44e0-b125-7713cacc3060;417.85;0.03909341;UNKNOWN
2016-04-10T07:16:26.000000;2016-04-10T07:16:26.000000;f37415aa-6dee-4479-b5d4-924b00191905;417.85;0.0655265;UNKNOWN
2016-04-10T07:18:22.000000;2016-04-10T07:18:22.000000;f259574b-f707-4a75-a6ef-2cccf648b962;417.73;0.22199717;UNKNOWN
2016-04-10T07:21:43.000000;2016-04-10T07:21:43.000000;b83438cf-e885-4fd8-96e7-c22a97bd1708;417.71;0.0059;UNKNOWN
2016-04-10T07:21:43.000000;2016-04-10T07:21:43.000000;9112c436-7e7b-4721-9ac0-3bf25bb325e8;417.71;0.06;UNKNOWN
2016-04-10T07:23:36.000000;2016-04-10T07:23:36.000000;e0579679-82a6-413a-bb17-29ad41c532da;417.7;0.06598416;UNKNOWN
2016-04-10T07:24:14.000000;2016-04-10T07:24:14.000000;17960a6b-ca63-4b08-ba32-8f31f5ed27a2;417.99;0.0659;UNKNOWN
2016-04-10T07:25:25.000000;2016-04-10T07:25:25.000000;030aee4e-8d61-47e4-a4f3-057b37dd64de;418.0;0.06562908;UNKNOWN
2016-04-10T07:27:11.000000;2016-04-10T07:27:11.000000;9e106005-7b85-4d16-a1cb-d274939c6e49;417.84;0.06562908;UNKNOWN
2016-04-10T07:27:47.000000;2016-04-10T07:27:47.000000;42eab3c5-3c6f-4fec-8e35-63936338bad4;417.84;0.1;UNKNOWN
2016-04-10T07:27:48.000000;2016-04-10T07:27:48.000000;feabe622-3606-468c-9c21-118ec48ce86c;418.0;0.06547275;UNKNOWN
2016-04-10T07:28:05.000000;2016-04-10T07:28:05.000000;b1768da6-d1da-42ad-a1d8-c68f8bfba19d;417.84;0.06547275;UNKNOWN
2016-04-10T07:29:52.000000;2016-04-10T07:29:52.000000;9397ac05-3818-4faa-befa-234d642584c1;417.99;0.0653168;UNKNOWN
2016-04-10T07:32:35.000000;2016-04-10T07:32:35.000000;c1fb0205-77e7-4537-911b-ccc3f59d4a00;417.99;0.01;UNKNOWN
2016-04-10T07:32:47.000000;2016-04-10T07:32:47.000000;62959603-6273-4bcf-b6d5-c9ebb32e1b6c;417.84;0.00110183;UNKNOWN
2016-04-10T07:32:47.000000;2016-04-10T07:32:47.000000;e937cefb-774a-4ea7-bdd4-caf0912fcce5;417.84;0.00889817;UNKNOWN
2016-04-10T07:33:43.000000;2016-04-10T07:33:43.000000;4c2ca9de-5b08-4f16-ae3a-4bb5bacb12d8;418.0;0.01;UNKNOWN
2016-04-10T07:33:55.000000;2016-04-10T07:33:55.000000;af9a9e52-cc54-411e-b3ab-70c03c709457;417.84;0.01;UNKNOWN
2016-04-10T07:35:43.000000;2016-04-10T07:35:43.000000;88345cea-5e48-4ecc-8b45-2831725fa27c;417.84;0.10071838;UNKNOWN
2016-04-10T07:41:05.000000;2016-04-10T07:41:05.000000;ea99b4f1-1b61-496f-b92e-0aef9830b486;417.78;0.0594;UNKNOWN
2016-04-10T07:41:57.000000;2016-04-10T07:41:57.000000;f0a176c3-05f9-4103-a06c-96565b8841fe;417.78;0.01;UNKNOWN
2016-04-10T08:03:29.000000;2016-04-10T08:03:29.000000;becc805b-08a2-4d50-9712-32d6f09a6a66;417.98;0.05;UNKNOWN
2016-04-10T08:11:38.000000;2016-04-10T08:11:38.000000;2f1ad3c6-ab0f-45e6-9a9c-a086a99b29f8;417.98;0.95;UNKNOWN
2016-04-10T08:11:46.000000;2016-04-10T08:11:46.000000;2db5245d-4a85-4bd2-a569-cca2540921ca;418.0;0.161;UNKNOWN
2016-04-10T08:13:43.000000;2016-04-10T08:13:43.000000;05d9e45c-daa9-4960-bd7b-1c61d128b167;418.0;0.09516746;UNKNOWN
2016-04-10T08:15:51.000000;2016-04-10T08:15:51.000000;36eb2145-14d2-44ac-9664-51d56229c40d;418.0;1.67044737;UNKNOWN
2016-04-10T08:17:51.000000;2016-04-10T08:17:51.000000;88df2edb-fd4d-4f1e-9bdf-b35b578125e9;417.92;0.16783584;UNKNOWN
2016-04-10T08:22:58.000000;2016-04-10T08:22:58.000000;e440efe6-ecfc-438a-abe4-f7a915054e2f;417.92;0.01;UNKNOWN
2016-04-10T08:25:17.000000;2016-04-10T08:25:17.000000;d0d00fff-403f-44fa-9f9c-78cd428acd10;417.92;2.82216416;UNKNOWN
2016-04-10T08:25:17.000000;2016-04-10T08:25:17.000000;889e385d-8d9b-4e25-8d9d-7c7ef14fd127;417.92;4.67783584;UNKNOWN
2016-04-10T08:25:53.000000;2016-04-10T08:25:53.000000;42a82f3f-34eb-45fd-acf0-b7451c2a559c;417.85;2.49117147;UNKNOWN
2016-04-10T08:25:53.000000;2016-04-10T08:25:53.000000;f35b27c3-d948-4ba3-bcee-497f8f878a38;417.81;0.11238859;UNKNOWN
2016-04-10T08:25:53.000000;2016-04-10T08:25:53.000000;e75a8f68-6c27-4c04-8f98-0422de4fefcf;417.85;2.50882853;UNKNOWN
2016-04-10T08:25:53.000000;2016-04-10T08:25:53.000000;fe3c109b-467f-4452-a52a-39e99d77c3a9;417.8;4.69941609;UNKNOWN
2016-04-10T08:25:53.000000;2016-04-10T08:25:53.000000;ea2a6498-6fa0-48e1-ac59-6c1fe255d3a3;417.91;4.67453547;UNKNOWN
2016-04-10T08:25:53.000000;2016-04-10T08:25:53.000000;19f6843c-9ca4-45ec-8085-dd36d36261e7;417.91;0.01;UNKNOWN
2016-04-10T08:25:53.000000;2016-04-10T08:25:53.000000;68375f57-8a4e-4268-bdeb-0d96617bdb22;417.91;0.306636;UNKNOWN
2016-04-10T08:25:57.000000;2016-04-10T08:25:57.000000;aafbe36b-380f-46b4-a297-1531e467932e;417.8;0.03827118;UNKNOWN
2016-04-10T08:26:01.000000;2016-04-10T08:26:01.000000;b04bc918-b742-48bd-b4e8-9e1502cb415e;417.8;0.02385398;UNKNOWN
2016-04-10T08:26:05.000000;2016-04-10T08:26:05.000000;a48ddef4-f840-40b6-b352-9a8d9ab7f90a;417.8;0.12895833;UNKNOWN
2016-04-10T08:26:13.000000;2016-04-10T08:26:13.000000;3b1eaf15-bcfc-4a75-9447-8409f39b99e2;417.75;4.67732317;UNKNOWN
2016-04-10T08:26:13.000000;2016-04-10T08:26:13.000000;592168e5-96d3-4005-99d0-fc54e0ee78bc;417.72;2.62225394;UNKNOWN
2016-04-10T08:26:58.000000;2016-04-10T08:26:58.000000;680b2cb0-c3c4-480d-9a6c-5a294ade4a6b;417.73;0.03039341;UNKNOWN
2016-04-10T08:27:02.000000;2016-04-10T08:27:02.000000;571a8ed4-1a7d-424c-98e8-db0c738ce9f4;417.73;0.03243395;UNKNOWN
2016-04-10T08:27:07.000000;2016-04-10T08:27:07.000000;32d5a7f3-0887-472e-879b-d766f4c84a49;417.73;0.1036556;UNKNOWN
2016-04-10T08:27:12.000000;2016-04-10T08:27:12.000000;e3dfb3a3-2e24-4161-af4a-fcf4b2faf8fa;417.71;1.71388296;UNKNOWN
2016-04-10T08:27:12.000000;2016-04-10T08:27:12.000000;be230941-abea-4444-acfa-aa5031c02331;417.73;5.77611704;UNKNOWN
2016-04-10T08:27:12.000000;2016-04-10T08:27:12.000000;f96ccab4-4aa7-4c7a-a511-3541d997edfb;417.73;0.01;UNKNOWN
2016-04-10T08:27:37.000000;2016-04-10T08:27:37.000000;651e7f10-335d-4a76-80eb-4f1f45b2f9d1;417.71;0.03393993;UNKNOWN
2016-04-10T08:37:01.000000;2016-04-10T08:37:01.000000;6199d168-6ffe-448e-847d-b0faa1a6b13d;417.73;0.99;UNKNOWN
2016-04-10T08:37:01.000000;2016-04-10T08:37:01.000000;f2cb6fb4-e033-4e5d-be1a-24a6b546d84d;417.74;0.01;UNKNOWN
2016-04-10T08:37:46.000000;2016-04-10T08:37:46.000000;4e57de28-1af1-492e-b68f-3443b663b422;417.73;1.4;UNKNOWN
2016-04-10T08:46:25.000000;2016-04-10T08:46:25.000000;114cfb87-6c34-4856-9908-8c655035535a;417.73;2.61;UNKNOWN
2016-04-10T08:46:25.000000;2016-04-10T08:46:25.000000;1f186ca1-39c5-4a6e-8c7b-7dc4223bf2de;417.74;0.1;UNKNOWN
2016-04-10T08:46:25.000000;2016-04-10T08:46:25.000000;f3a976f7-2dc3-4ba0-a079-63e70e5e2528;417.73;4.67535503;UNKNOWN
2016-04-10T08:46:25.000000;2016-04-10T08:46:25.000000;325c19ea-e933-43b5-8913-badc98c2a1af;417.73;4.67409848;UNKNOWN
2016-04-10T08:46:25.000000;2016-04-10T08:46:25.000000;5a4170bc-89b1-4222-a0f1-be47a3d4174b;417.73;4.67628422;UNKNOWN
2016-04-10T08:46:31.000000;2016-04-10T08:46:31.000000;56235fc7-d0f4-4d9d-af53-abe045fca1d9;417.72;0.027;UNKNOWN
2016-04-10T08:46:55.000000;2016-04-10T08:46:55.000000;ac74a780-93b6-48c1-8c5b-fc3c1184934f;417.73;0.06;UNKNOWN
2016-04-10T08:47:05.000000;2016-04-10T08:47:05.000000;58303e58-68b2-4e84-b2cd-def13fc41175;417.72;0.1538703;UNKNOWN
2016-04-10T08:47:55.000000;2016-04-10T08:47:55.000000;b6c30d6d-6c6e-49a2-812f-36f0c4128cca;417.73;2.0;UNKNOWN
2016-04-10T08:49:28.000000;2016-04-10T08:49:28.000000;7c9d0362-6c1a-4824-a231-e11437f85e37;417.73;0.01;UNKNOWN
2016-04-10T08:49:28.000000;2016-04-10T08:49:28.000000;7d2eeb63-197d-4dde-b286-68cb5cb39cf1;417.72;0.18;UNKNOWN
2016-04-10T08:49:41.000000;2016-04-10T08:49:41.000000;55d82198-4004-4f97-bf23-ca25e075a86c;417.72;0.01;UNKNOWN
2016-04-10T08:49:57.000000;2016-04-10T08:49:57.000000;489f3c33-cb7d-426c-ab81-5ea75910e38c;417.72;0.01;UNKNOWN
2016-04-10T08:50:09.000000;2016-04-10T08:50:09.000000;6581f5f5-747d-4aaf-a654-dc7f415399a3;417.73;0.01;UNKNOWN
2016-04-10T08:50:21.000000;2016-04-10T08:50:21.000000;67c09b4e-eb75-4341-8fbe-8d0c1f401008;417.72;0.01;UNKNOWN
2016-04-10T08:50:33.000000;2016-04-10T08:50:33.000000;594308c4-53f9-4002-a99f-c05b9ad153f7;417.73;0.01;UNKNOWN
2016-04-10T08:50:46.000000;2016-04-10T08:50:46.000000;8f050f94-acea-4016-ba2b-bb51c16ecae4;417.73;0.01;UNKNOWN
2016-04-10T08:50:58.000000;2016-04-10T08:50:58.000000;cb756a55-ff8d-4ea2-bcd9-5ee50e9e2f37;417.72;0.01;UNKNOWN
2016-04-10T08:51:11.000000;2016-04-10T08:51:11.000000;a4b154a6-0bb2-4261-83a1-3e6e4559b77d;417.73;0.01;UNKNOWN
2016-04-10T08:51:22.000000;2016-04-10T08:51:22.000000;e3935ab7-6dcb-438d-8add-33bc32338520;417.72;0.01;UNKNOWN
2016-04-10T08:51:35.000000;2016-04-10T08:51:35.000000;fc8eccd0-d664-49bf-a301-67198bf72a97;417.72;0.01;UNKNOWN
2016-04-10T08:51:47.000000;2016-04-10T08:51:47.000000;1aa92365-5ae7-47f0-91d3-0db75101c2b5;417.73;0.01;UNKNOWN
2016-04-10T08:55:17.000000;2016-04-10T08:55:17.000000;e544aca5-5651-4900-953f-b0ddcb0862a4;417.73;1.678;UNKNOWN
2016-04-10T08:55:35.000000;2016-04-10T08:55:35.000000;85e44e6f-d22e-4d8f-8202-7bd0d82b5675;417.73;0.06536544;UNKNOWN
2016-04-10T08:55:37.000000;2016-04-10T08:55:37.000000;e967797d-9695-494b-bd94-0639a4642e15;417.73;0.06534731;UNKNOWN
2016-04-10T08:55:48.000000;2016-04-10T08:55:48.000000;72e2e807-4320-4a9e-a444-9f2dcf276885;417.73;0.01;UNKNOWN
2016-04-10T08:55:55.000000;2016-04-10T08:55:55.000000;7b589864-9a8c-4462-ab33-7f7a70c1377a;417.73;0.07693233;UNKNOWN
2016-04-10T08:55:59.000000;2016-04-10T08:55:59.000000;2b30fb52-b0ea-4038-bd5b-e7ea3c29647c;417.73;0.01555042;UNKNOWN
2016-04-10T08:56:03.000000;2016-04-10T08:56:03.000000;47d7dce3-4455-4a68-b8b3-a5f066164f9c;417.73;0.05788033;UNKNOWN
2016-04-10T08:56:06.000000;2016-04-10T08:56:06.000000;a8606d2a-0d45-4d94-8ed0-267aa789387f;417.73;0.01511917;UNKNOWN
2016-04-10T08:56:09.000000;2016-04-10T08:56:09.000000;b47c3aa5-7311-4d2d-8e88-cf22ffdaadc1;417.73;0.05788059;UNKNOWN
2016-04-10T08:56:19.000000;2016-04-10T08:56:19.000000;9aab66d7-3651-4c99-a811-a1e5989001c1;417.73;0.01994509;UNKNOWN
2016-04-10T08:58:40.000000;2016-04-10T08:58:40.000000;93be4060-16ff-45ea-bfd0-c763109ebbe4;417.72;0.01;UNKNOWN
2016-04-10T08:59:37.000000;2016-04-10T08:59:37.000000;396feb96-3a84-487b-bb87-4c31ed3bb7ef;417.73;0.01;UNKNOWN
2016-04-10T09:01:04.000000;2016-04-10T09:01:04.000000;20001db6-2e9f-478b-aa8f-1b894192bcff;417.72;0.29593155;UNKNOWN
2016-04-10T09:01:20.000000;2016-04-10T09:01:20.000000;65b6315a-8cd6-41d8-b372-d7ef84eb077e;417.72;0.01;UNKNOWN
2016-04-10T09:02:35.000000;2016-04-10T09:02:35.000000;7fbc1277-5db6-4185-b693-20b13d242d7f;417.73;0.01;UNKNOWN
2016-04-10T09:03:58.000000;2016-04-10T09:03:58.000000;bfcdeefb-00a9-43ae-9c15-86ae5a27eb21;417.72;0.1533;UNKNOWN
2016-04-10T09:04:21.000000;2016-04-10T09:04:21.000000;9025cfb0-1d02-48df-b621-752b17c688be;417.72;0.01;UNKNOWN
2016-04-10T09:06:04.000000;2016-04-10T09:06:04.000000;93a8d6ee-5328-4d2f-bc6d-6d3830ef5880;417.72;0.01;UNKNOWN
2016-04-10T09:06:16.000000;2016-04-10T09:06:16.000000;0377ddd3-0d47-4d7a-badc-8bdb7b11aead;417.72;4.06907496;UNKNOWN
2016-04-10T09:06:22.000000;2016-04-10T09:06:22.000000;4bd81f77-ef1c-4541-9bed-25dbf91549af;417.72;0.04721657;UNKNOWN
2016-04-10T09:08:24.000000;2016-04-10T09:08:24.000000;28a0823e-90c5-410a-bdec-d30529698dcf;417.73;0.01;UNKNOWN
2016-04-10T09:08:25.000000;2016-04-10T09:08:25.000000;388f4ec2-fa63-4c90-8c3f-d49ff96e3261;417.73;0.01;UNKNOWN
2016-04-10T09:08:26.000000;2016-04-10T09:08:26.000000;76f2a898-0dc3-4c8f-a9a0-f9490d579c23;417.72;0.01;UNKNOWN
2016-04-10T09:08:32.000000;2016-04-10T09:08:32.000000;6d6a9046-4bcb-4413-95e0-536e36b1ee4e;417.72;0.01;UNKNOWN
2016-04-10T09:08:33.000000;2016-04-10T09:08:33.000000;caf1806a-87fc-4e1d-9adc-432c94ca4ec3;417.73;0.01;UNKNOWN
2016-04-10T09:08:39.000000;2016-04-10T09:08:39.000000;acfb9292-f97a-4682-96f1-c2f0d67b269b;417.72;0.01;UNKNOWN
2016-04-10T09:08:40.000000;2016-04-10T09:08:40.000000;3a6aa3d3-212a-41fb-9dac-5331752f2da0;417.73;0.01;UNKNOWN
2016-04-10T09:08:40.000000;2016-04-10T09:08:40.000000;05f72403-5b3e-4420-ac19-da76b6749a15;417.73;0.01;UNKNOWN
2016-04-10T09:08:40.000000;2016-04-10T09:08:40.000000;9ef74f6f-24f2-47ef-b726-1d9dea6c0c4a;417.73;0.01;UNKNOWN
2016-04-10T09:08:42.000000;2016-04-10T09:08:42.000000;eea4bb57-a9e3-49aa-863a-3c2277f57657;417.72;0.02;UNKNOWN
2016-04-10T09:08:48.000000;2016-04-10T09:08:48.000000;b36ebaf9-d3f5-4d28-a10f-6fefb77b6615;417.73;0.01;UNKNOWN
2016-04-10T09:08:50.000000;2016-04-10T09:08:50.000000;7c777131-b37c-4af5-8e8c-6c789a26ec53;417.72;0.01;UNKNOWN
2016-04-10T09:08:54.000000;2016-04-10T09:08:54.000000;ac30a707-afa7-44ef-9372-17b8f59af687;417.73;0.01;UNKNOWN
2016-04-10T09:08:56.000000;2016-04-10T09:08:56.000000;b04c5d4d-1ea7-49c5-be17-3bf6565f5425;417.72;0.02;UNKNOWN
2016-04-10T09:08:58.000000;2016-04-10T09:08:58.000000;3954c38d-20d4-438f-abff-29900ddbc581;417.73;0.01;UNKNOWN
2016-04-10T09:09:03.000000;2016-04-10T09:09:03.000000;f4165c5e-1198-4cec-982b-783427dbca76;417.72;0.01;UNKNOWN
2016-04-10T09:09:05.000000;2016-04-10T09:09:05.000000;febcb46e-2dfe-466c-860c-7c2a23ca9654;417.73;0.01;UNKNOWN
2016-04-10T09:10:39.000000;2016-04-10T09:10:39.000000;c7df17eb-0faa-4dee-86aa-7d43c74b7a14;417.73;0.01;UNKNOWN
2016-04-10T09:10:41.000000;2016-04-10T09:10:41.000000;759cbb75-623b-4709-b25d-03f9710c73ca;417.72;0.01;UNKNOWN
2016-04-10T09:10:46.000000;2016-04-10T09:10:46.000000;7776e479-4676-4a58-848d-5f3ac47b2edd;417.73;0.01;UNKNOWN
2016-04-10T09:10:47.000000;2016-04-10T09:10:47.000000;894cfaed-0869-4eff-91fb-35f6507c549c;417.72;0.01;UNKNOWN
2016-04-10T09:10:52.000000;2016-04-10T09:10:52.000000;25b56ccc-439d-46a4-8b9f-e969742cf7e2;417.72;0.01;UNKNOWN
2016-04-10T09:10:53.000000;2016-04-10T09:10:53.000000;6b1758fd-8131-43f4-997d-861756530158;417.73;0.01;UNKNOWN
2016-04-10T09:10:58.000000;2016-04-10T09:10:58.000000;0683be93-473d-40da-967e-2a3200264d59;417.72;0.01;UNKNOWN
2016-04-10T09:11:01.000000;2016-04-10T09:11:01.000000;289c0947-1088-4b9a-a24b-49f64bc54e9e;417.73;0.01;UNKNOWN
2016-04-10T09:11:05.000000;2016-04-10T09:11:05.000000;921bfe8f-4e58-4feb-a320-9d8987b359be;417.72;0.01;UNKNOWN
2016-04-10T09:11:06.000000;2016-04-10T09:11:06.000000;f760f62a-a642-4dfc-ae50-24bfa1f6d2a2;417.73;0.02;UNKNOWN
2016-04-10T09:11:08.000000;2016-04-10T09:11:08.000000;fc306b77-483a-44ed-8b3c-912ab120db21;417.72;0.01;UNKNOWN
2016-04-10T09:11:13.000000;2016-04-10T09:11:13.000000;ceb7cea0-dce9-4975-9c1c-a7d4494efc0f;417.72;0.01;UNKNOWN
2016-04-10T09:12:47.000000;2016-04-10T09:12:47.000000;ee579535-f33b-4919-b0b9-319041368af5;417.73;0.01;UNKNOWN
2016-04-10T09:12:51.000000;2016-04-10T09:12:51.000000;247348ee-4e6b-4897-b05f-91d17a2bcc39;417.73;0.01;UNKNOWN
2016-04-10T09:12:53.000000;2016-04-10T09:12:53.000000;fe2df73b-890f-4b36-b348-6d9043540afb;417.72;0.01;UNKNOWN
2016-04-10T09:13:03.000000;2016-04-10T09:13:03.000000;901fc60c-6160-4438-8e59-b3ae236e3175;417.73;0.01;UNKNOWN
2016-04-10T09:13:44.000000;2016-04-10T09:13:44.000000;704d22e3-b6f3-4e82-ba05-ab48ac4aaca7;417.73;0.05475427;UNKNOWN
2016-04-10T09:13:46.000000;2016-04-10T09:13:46.000000;e2b2f7ae-1c78-4b51-97bc-0e3d83605dad;417.73;0.05475427;UNKNOWN
2016-04-10T09:14:17.000000;2016-04-10T09:14:17.000000;f8052f55-4c5e-4cde-8aa5-a09a2c071b4c;417.72;2.436;UNKNOWN
2016-04-10T09:14:36.000000;2016-04-10T09:14:36.000000;c2c00319-336e-41bd-bee6-b7d7da8e104d;417.72;0.01;UNKNOWN
2016-04-10T09:14:40.000000;2016-04-10T09:14:40.000000;51bf53ea-1e1d-4a0e-97f1-a91d7d3a3b78;417.73;0.01;UNKNOWN
2016-04-10T09:14:41.000000;2016-04-10T09:14:41.000000;6e80ac67-65ac-4497-a369-ddf4e128813d;417.72;0.02;UNKNOWN
2016-04-10T09:14:43.000000;2016-04-10T09:14:43.000000;b8339964-3b42-41b7-9a9a-01d20ea6362e;417.73;0.01;UNKNOWN
2016-04-10T09:14:54.000000;2016-04-10T09:14:54.000000;0cd6a8b5-fd36-4bc5-ad8f-db44e696a939;417.72;0.01;UNKNOWN
2016-04-10T09:14:56.000000;2016-04-10T09:14:56.000000;988149ae-84d4-4df2-80a9-c2989288206e;417.73;0.01;UNKNOWN
2016-04-10T09:16:10.000000;2016-04-10T09:16:10.000000;70d329ab-658d-4067-825a-b044f57061bd;417.73;0.012;UNKNOWN
2016-04-10T09:16:45.000000;2016-04-10T09:16:45.000000;96b289cc-3b6a-4ace-bedb-03ec38900ca6;417.73;0.86;UNKNOWN
2016-04-10T09:17:16.000000;2016-04-10T09:17:16.000000;e84415b5-ba1e-4a6f-a4d8-00a20c238f39;417.72;0.02836979;UNKNOWN
2016-04-10T09:18:42.000000;2016-04-10T09:18:42.000000;9718fc44-b871-4c35-8f3f-2d6a6db17924;417.72;2.71010713;UNKNOWN
2016-04-10T09:18:42.000000;2016-04-10T09:18:42.000000;97451cb2-5045-459a-8eb5-f0bafb486f7a;417.72;0.3588;UNKNOWN
2016-04-10T09:18:42.000000;2016-04-10T09:18:42.000000;68564cb2-5e91-4c17-9cc0-793d21705db4;417.72;2.28609287;UNKNOWN
2016-04-10T09:18:43.000000;2016-04-10T09:18:43.000000;c6516d62-06ff-4153-9f4c-2c8b9860c5d7;417.73;2.70019206;UNKNOWN
2016-04-10T09:18:50.000000;2016-04-10T09:18:50.000000;d6cb71d4-be9e-46bf-91a8-ee1ab572d7bc;417.77;4.0;UNKNOWN
2016-04-10T09:18:50.000000;2016-04-10T09:18:50.000000;745e71f1-1bab-4f06-8178-917cc101c5e8;417.78;1.0;UNKNOWN
2016-04-10T09:18:50.000000;2016-04-10T09:18:50.000000;bad84ebd-23c6-4073-8509-d69833447387;417.73;1.0982994;UNKNOWN
2016-04-10T09:18:58.000000;2016-04-10T09:18:58.000000;263b120f-a9e8-4a56-ac09-5ee84008b8b2;417.9;10.0;UNKNOWN
2016-04-10T09:21:11.000000;2016-04-10T09:21:11.000000;e9a78a41-cf15-41e0-8c13-ee7d3bdd9a56;417.96;0.06472738;UNKNOWN
2016-04-10T09:21:32.000000;2016-04-10T09:21:32.000000;0049ab6a-cb32-42c6-ab07-b426eed1df91;417.97;0.50274662;UNKNOWN
2016-04-10T09:25:25.000000;2016-04-10T09:25:25.000000;2ba4ba6b-e967-40f4-bc7a-4b08b178d550;417.93;0.0249;UNKNOWN
2016-04-10T09:26:19.000000;2016-04-10T09:26:19.000000;57ab3738-7c3d-47be-9ee0-52ca5def110f;417.93;0.6;UNKNOWN
2016-04-10T09:26:31.000000;2016-04-10T09:26:31.000000;9b28a667-bec4-4915-b18d-60e3173f66b7;417.9;0.17982842;UNKNOWN
2016-04-10T09:26:35.000000;2016-04-10T09:26:35.000000;81e5f5c9-0de6-4b97-9c06-31ae645674d2;417.9;0.82017158;UNKNOWN
2016-04-10T09:26:35.000000;2016-04-10T09:26:35.000000;32e66635-c418-4117-ad18-3ab6264d4e48;417.78;0.3943252;UNKNOWN
2016-04-10T09:28:00.000000;2016-04-10T09:28:00.000000;4da765de-f380-4186-ba4d-616569394fee;417.72;0.09751235;UNKNOWN
2016-04-10T09:29:41.000000;2016-04-10T09:29:41.000000;5d636b5a-9ae3-4f71-8924-ecbef19258f2;417.72;0.08263964;UNKNOWN
2016-04-10T09:30:18.000000;2016-04-10T09:30:18.000000;e38acca7-1a5a-4792-874d-fb30cbe679b2;417.72;0.49340795;UNKNOWN
2016-04-10T09:30:22.000000;2016-04-10T09:30:22.000000;7f5bf70f-dc58-4f12-be2f-4bb5bf513d33;417.72;0.49340795;UNKNOWN
2016-04-10T09:30:23.000000;2016-04-10T09:30:23.000000;e3098f7e-b629-420f-a1ec-c79ad7cb739e;417.72;0.26229609;UNKNOWN
2016-04-10T09:30:24.000000;2016-04-10T09:30:24.000000;f22d69c4-aa5c-4479-99e0-6e88cb8782a5;417.72;0.49340795;UNKNOWN
2016-04-10T09:30:26.000000;2016-04-10T09:30:26.000000;4388a841-99e8-43fe-91d3-44275e7710b6;417.72;0.49320988;UNKNOWN
2016-04-10T09:33:52.000000;2016-04-10T09:33:52.000000;abaa6110-6888-4625-9b12-d58aa23a00da;417.72;0.01;UNKNOWN
2016-04-10T09:33:53.000000;2016-04-10T09:33:53.000000;ccada3a8-cb82-401f-b901-ab89ad04a693;417.71;0.01;UNKNOWN
2016-04-10T09:33:59.000000;2016-04-10T09:33:59.000000;4aab090a-bfcb-438a-9875-3fa337212311;417.72;0.01;UNKNOWN
2016-04-10T09:34:02.000000;2016-04-10T09:34:02.000000;997bdecf-df12-4987-bf5c-3f7ea30a43c8;417.71;0.01;UNKNOWN
2016-04-10T09:34:07.000000;2016-04-10T09:34:07.000000;ff9fedcd-fd7c-4607-9e2f-72a47ba8c90e;417.71;0.01;UNKNOWN
2016-04-10T09:34:07.000000;2016-04-10T09:34:07.000000;e67081e9-e6dc-49d1-bcda-d4c9633cfe0e;417.72;0.01;UNKNOWN
2016-04-10T09:34:12.000000;2016-04-10T09:34:12.000000;ada14553-fc16-43dc-a8c0-0d2a49c5bcf8;417.71;0.01;UNKNOWN
2016-04-10T09:34:13.000000;2016-04-10T09:34:13.000000;b73647dd-0d91-49ed-b86e-2073fc04bb06;417.72;0.01;UNKNOWN
2016-04-10T09:34:20.000000;2016-04-10T09:34:20.000000;d84dcaec-9c26-4eb3-975d-6b5613fbab5a;417.71;0.01;UNKNOWN
2016-04-10T09:34:20.000000;2016-04-10T09:34:20.000000;ce4fa6ca-00bb-4053-92cc-d76184071659;417.72;0.01;UNKNOWN
2016-04-10T09:34:26.000000;2016-04-10T09:34:26.000000;da824948-a79e-4c76-b1ca-9ae1663868f6;417.71;0.01;UNKNOWN
2016-04-10T09:34:28.000000;2016-04-10T09:34:28.000000;325defd4-da6f-43c7-98e7-17c3e96d6c5a;417.72;0.01;UNKNOWN
2016-04-10T09:34:33.000000;2016-04-10T09:34:33.000000;33755519-bb9b-4b7a-bfdf-3e5fe5b6198c;417.71;0.01;UNKNOWN
2016-04-10T09:34:34.000000;2016-04-10T09:34:34.000000;edb00e3c-6909-4e2c-bb9d-042816de3dc5;417.72;0.02;UNKNOWN
2016-04-10T09:34:36.000000;2016-04-10T09:34:36.000000;8bebe2da-726e-4d2c-9239-7fa7d21d59b2;417.71;0.01;UNKNOWN
2016-04-10T09:34:43.000000;2016-04-10T09:34:43.000000;37e141d2-3422-48d9-9494-035c5fbd00b2;417.71;0.01;UNKNOWN
2016-04-10T09:34:44.000000;2016-04-10T09:34:44.000000;46f44d15-21a5-43f6-b7cb-bc3bc46930f3;417.72;0.01;UNKNOWN
2016-04-10T09:34:45.000000;2016-04-10T09:34:45.000000;306dc004-834e-4c8b-9669-1c8bb0ecde81;417.72;0.01;UNKNOWN
2016-04-10T09:34:45.000000;2016-04-10T09:34:45.000000;42077bcb-7559-4243-bcd1-1124aa6b286e;417.72;0.01;UNKNOWN
2016-04-10T09:34:47.000000;2016-04-10T09:34:47.000000;15fb9ccb-5801-499d-aa9d-aaffc252c951;417.71;0.02;UNKNOWN
2016-04-10T09:34:51.000000;2016-04-10T09:34:51.000000;ee3f50c1-b735-47d2-83fd-b3c61c01fca4;417.71;0.01;UNKNOWN
2016-04-10T09:34:57.000000;2016-04-10T09:34:57.000000;d9d6875a-bc55-4b20-b97f-46cf42d93687;417.72;0.01;UNKNOWN
2016-04-10T09:35:02.000000;2016-04-10T09:35:02.000000;6b0dd43f-242e-4f99-aa43-79572b4d1c1b;417.72;0.01;UNKNOWN
2016-04-10T09:35:04.000000;2016-04-10T09:35:04.000000;25ce87e0-f58b-4fd4-82df-a2e32ce34681;417.71;0.01;UNKNOWN
2016-04-10T09:35:05.000000;2016-04-10T09:35:05.000000;b582793d-e50a-4f01-aeb5-88c7619aefec;417.72;2.0;UNKNOWN
2016-04-10T09:35:10.000000;2016-04-10T09:35:10.000000;e59a5183-f435-43f9-a4b8-ddaff942e3c0;417.72;0.01;UNKNOWN
2016-04-10T09:35:12.000000;2016-04-10T09:35:12.000000;7d2d0566-2a6f-4162-b530-1d3fe3474792;417.71;0.01;UNKNOWN
2016-04-10T09:35:23.000000;2016-04-10T09:35:23.000000;5c855135-99fc-4a65-832f-b8b585406dd2;417.72;0.01;UNKNOWN
2016-04-10T09:35:24.000000;2016-04-10T09:35:24.000000;659ba1ac-fcbd-4374-be80-115134b12d19;417.71;0.02;UNKNOWN
2016-04-10T09:35:27.000000;2016-04-10T09:35:27.000000;bcdbb8b2-2316-4adf-8bf4-78c8e6420035;417.72;0.01;UNKNOWN
2016-04-10T09:35:32.000000;2016-04-10T09:35:32.000000;157881e9-002d-4f26-bbb9-26b19ae72a28;417.72;0.01;UNKNOWN
2016-04-10T09:35:37.000000;2016-04-10T09:35:37.000000;c3fa3ec3-ba7a-4cf2-bf02-6d5ba1ee4374;417.71;0.01;UNKNOWN
2016-04-10T09:35:42.000000;2016-04-10T09:35:42.000000;0bdc77b9-280d-4716-86c1-9cd5728975e3;417.72;0.01;UNKNOWN
2016-04-10T09:35:43.000000;2016-04-10T09:35:43.000000;2c101918-9933-463b-b70e-3ff2f8a5dfa3;417.71;0.02;UNKNOWN
2016-04-10T09:35:45.000000;2016-04-10T09:35:45.000000;1016810c-a8af-426c-a31d-c18f5647228d;417.72;0.01;UNKNOWN
2016-04-10T09:35:50.000000;2016-04-10T09:35:50.000000;2f35dc2b-a622-4e0c-bca1-0aeed2d462a3;417.71;0.01;UNKNOWN
2016-04-10T09:35:52.000000;2016-04-10T09:35:52.000000;aa5d6aed-a4b7-457a-bf9b-406ca5dc57b6;417.72;0.01;UNKNOWN
2016-04-10T09:36:03.000000;2016-04-10T09:36:03.000000;8750ad12-cbe3-467a-85e6-b6abf1e119bc;417.71;0.01;UNKNOWN
2016-04-10T09:36:04.000000;2016-04-10T09:36:04.000000;8082c9ac-fe53-429a-bfe5-945047c94e44;417.72;0.01;UNKNOWN
2016-04-10T09:37:58.000000;2016-04-10T09:37:58.000000;65b31690-5de6-4e6b-bc8e-b979be6964fb;417.71;0.09499259;UNKNOWN
2016-04-10T09:44:38.000000;2016-04-10T09:44:38.000000;5e9042bc-394f-4a1a-ba75-e2754254d6e8;417.72;0.37411819;UNKNOWN
2016-04-10T09:46:28.000000;2016-04-10T09:46:28.000000;8f15b678-da93-4c83-8922-b1bbc6aa820a;417.73;10.0;UNKNOWN
2016-04-10T09:46:46.000000;2016-04-10T09:46:46.000000;15641d3e-f69e-47c1-b281-3fc9fde87f9a;417.73;0.55109861;UNKNOWN
2016-04-10T09:49:45.000000;2016-04-10T09:49:45.000000;8122f1eb-9937-445b-b86a-ff416a825a63;417.73;0.241;UNKNOWN
2016-04-10T09:49:45.000000;2016-04-10T09:49:45.000000;05aeaeca-416f-4f41-b43c-e552d082a73e;417.73;0.241;UNKNOWN
2016-04-10T09:49:45.000000;2016-04-10T09:49:45.000000;5f4071c6-76b6-4902-87eb-d487c31afae3;417.73;0.242;UNKNOWN
2016-04-10T09:49:45.000000;2016-04-10T09:49:45.000000;f69c8d66-8d2e-4c8c-9d17-daad22d47c38;417.73;9.44890139;UNKNOWN
2016-04-10T09:49:45.000000;2016-04-10T09:49:45.000000;454367bf-8a71-4d61-946c-14a7037c0dbb;417.73;0.241;UNKNOWN
2016-04-10T09:49:45.000000;2016-04-10T09:49:45.000000;2415435b-e3ef-4a2f-b976-e8a3e3a06aff;417.73;0.241;UNKNOWN
2016-04-10T09:49:45.000000;2016-04-10T09:49:45.000000;799217d2-4508-4e44-86fe-98dad1db7c80;417.73;0.241;UNKNOWN
2016-04-10T09:49:45.000000;2016-04-10T09:49:45.000000;fecb707d-0e4e-4c45-a01f-1388490afe12;417.73;5.9464;UNKNOWN
2016-04-10T09:49:45.000000;2016-04-10T09:49:45.000000;c87a0d4d-c64d-4a76-87b6-1c7363f366e4;417.73;0.242;UNKNOWN
2016-04-10T09:59:46.000000;2016-04-10T09:59:46.000000;310690de-7ece-439f-b604-606433f3273e;417.72;0.2;UNKNOWN
2016-04-10T10:01:09.000000;2016-04-10T10:01:09.000000;e7aca541-18c3-459b-bc68-ae6e5da1e244;417.73;0.0535;UNKNOWN
2016-04-10T10:01:13.000000;2016-04-10T10:01:13.000000;24b97a51-bb06-41ee-8a50-3b9a3f3deff1;417.73;0.24;UNKNOWN
2016-04-10T10:01:17.000000;2016-04-10T10:01:17.000000;51a8ceea-7576-484e-8708-4a16d1397493;417.73;0.1689;UNKNOWN
2016-04-10T10:01:19.000000;2016-04-10T10:01:19.000000;f845358a-f20b-45bf-8e2e-eab6eb462f2d;417.73;2.0;UNKNOWN
2016-04-10T10:01:23.000000;2016-04-10T10:01:23.000000;0a01e720-ffbb-4f06-94fc-c35939e6e34f;417.73;0.9196;UNKNOWN
2016-04-10T10:01:25.000000;2016-04-10T10:01:25.000000;9d4733b1-7bd4-40c1-af4d-afce809a2995;417.73;0.026;UNKNOWN
2016-04-10T10:01:33.000000;2016-04-10T10:01:33.000000;8c257c03-9eb6-4956-928f-5bd5a3fc198f;417.73;37.6814;UNKNOWN
2016-04-10T10:01:37.000000;2016-04-10T10:01:37.000000;532f5da6-f5cc-4b2c-86cc-c63c259bb10e;417.73;2.0;UNKNOWN
2016-04-10T10:01:38.000000;2016-04-10T10:01:38.000000;cb78712a-edc8-4700-8893-d216d8402fec;417.73;14.8347;UNKNOWN
2016-04-10T10:01:41.000000;2016-04-10T10:01:41.000000;8e257d27-9c9d-40b3-a63d-18623e20e71c;417.73;20.89186261;UNKNOWN
2016-04-10T10:01:42.000000;2016-04-10T10:01:42.000000;44afdb70-e9e1-4c7d-a48e-488b62780438;417.74;0.1599;UNKNOWN
2016-04-10T10:01:45.000000;2016-04-10T10:01:45.000000;baae2ba2-d622-4a04-8800-1b1e2806ff77;417.76;5.0;UNKNOWN
2016-04-10T10:01:45.000000;2016-04-10T10:01:45.000000;9035fa19-30bb-4249-bd4e-7d409d0c0a91;417.99;1.0;UNKNOWN
2016-04-10T10:01:45.000000;2016-04-10T10:01:45.000000;d8f7e7c1-eff7-424f-a3d2-f7abd2163229;417.74;4.33735338;UNKNOWN
2016-04-10T10:01:45.000000;2016-04-10T10:01:45.000000;71216edb-5cab-4761-ab35-f0a22b351a39;417.75;4.3751;UNKNOWN
2016-04-10T10:01:45.000000;2016-04-10T10:01:45.000000;b854e7c6-b8ae-4c12-9c79-c5a0e219adaa;417.97;1.0;UNKNOWN
2016-04-10T10:01:45.000000;2016-04-10T10:01:45.000000;7dcdf5e9-6b4a-44c0-b8ca-f670aa386a3e;417.96;5.9489;UNKNOWN
2016-04-10T10:01:45.000000;2016-04-10T10:01:45.000000;3c90434b-c6e8-403b-bf40-1604a7bcfd9c;417.74;1.0;UNKNOWN
2016-04-10T10:01:45.000000;2016-04-10T10:01:45.000000;a7557e0b-f624-4618-a8d2-a856a18eed6f;417.99;1.8858;UNKNOWN
2016-04-10T10:01:50.000000;2016-04-10T10:01:50.000000;0e56dae5-7689-40cd-b19c-3dea774cea26;418.0;0.9831;UNKNOWN
2016-04-10T10:01:56.000000;2016-04-10T10:01:56.000000;492cd2de-1af1-47d5-b217-c2f976ca727e;418.0;14.8347;UNKNOWN
2016-04-10T10:01:57.000000;2016-04-10T10:01:57.000000;eee5daa3-d070-44a9-8b22-bd8fbc8a0798;418.0;10.0;UNKNOWN
2016-04-10T10:02:00.000000;2016-04-10T10:02:00.000000;39c3b839-4b8a-46e1-bc52-a5b0986b94f1;418.0;0.0236;UNKNOWN
2016-04-10T10:02:01.000000;2016-04-10T10:02:01.000000;2a22ce83-3ebf-4ede-91e9-e50bc0c7e7b8;418.0;0.259745;UNKNOWN
2016-04-10T10:02:02.000000;2016-04-10T10:02:02.000000;3203ce75-19bd-4a36-b627-fc02dc3b0a96;418.0;10.0;UNKNOWN
2016-04-10T10:02:07.000000;2016-04-10T10:02:07.000000;2ddf1d91-e6db-4d1e-914c-26597120e208;418.0;0.9974;UNKNOWN
2016-04-10T10:02:07.000000;2016-04-10T10:02:07.000000;5eb2627a-885b-401a-bb62-6e142fb88ea5;418.0;12.6174473;UNKNOWN
2016-04-10T10:02:07.000000;2016-04-10T10:02:07.000000;aa218d14-db7b-41b7-b185-f75f39570835;418.0;1.92279334;UNKNOWN
2016-04-10T10:02:08.000000;2016-04-10T10:02:08.000000;ad3eb6a3-8916-4669-adb2-6bf4e8f01eaf;418.15;0.38607978;UNKNOWN
2016-04-10T10:02:08.000000;2016-04-10T10:02:08.000000;81f2dbbc-b8c1-4583-b217-54b76009469d;418.15;8.8695;UNKNOWN
2016-04-10T10:02:08.000000;2016-04-10T10:02:08.000000;17410b54-b8bf-44d7-9119-1ab069cb9a09;418.14;5.9652;UNKNOWN
2016-04-10T10:02:08.000000;2016-04-10T10:02:08.000000;ee7d95bf-682c-4946-b9fc-99710b18f436;418.49;4.27519787;UNKNOWN
2016-04-10T10:02:08.000000;2016-04-10T10:02:08.000000;8356374d-7122-4803-90e0-7196684c6d24;418.23;0.1;UNKNOWN
2016-04-10T10:02:08.000000;2016-04-10T10:02:08.000000;849bfd9f-a089-458d-97d4-7a1c52422cec;418.29;0.23872235;UNKNOWN
2016-04-10T10:02:10.000000;2016-04-10T10:02:10.000000;beb7b8f1-573d-4156-bf26-db0524b754a0;418.49;3.0;UNKNOWN
2016-04-10T10:02:28.000000;2016-04-10T10:02:28.000000;392d5cc1-20dd-4389-a4b4-f111508970de;418.49;2.71480213;UNKNOWN
2016-04-10T10:02:28.000000;2016-04-10T10:02:28.000000;227b0566-b214-49ab-a63c-e1b0f0f4cbba;418.5;2.28519787;UNKNOWN
2016-04-10T10:02:30.000000;2016-04-10T10:02:30.000000;2cb40289-8300-4f4d-a93a-91807311317d;418.5;2.0;UNKNOWN
2016-04-10T10:02:41.000000;2016-04-10T10:02:41.000000;4b887c7e-b92b-4bb1-b4f5-96eabdc0abcf;418.5;2.39269;UNKNOWN
2016-04-10T10:02:42.000000;2016-04-10T10:02:42.000000;adfb82e3-2022-47df-a2c7-36d792d2fc0b;418.49;1.0;UNKNOWN
2016-04-10T10:02:50.000000;2016-04-10T10:02:50.000000;34df693c-d0ca-4db4-811f-1f265fac95f9;418.5;2.39269;UNKNOWN
2016-04-10T10:02:58.000000;2016-04-10T10:02:58.000000;441749e1-623c-479a-9e97-abed7c026fd7;418.5;0.13783563;UNKNOWN
2016-04-10T10:02:58.000000;2016-04-10T10:02:58.000000;600e7a67-2406-4410-bbbb-4bcf916fa5d6;418.5;0.02;UNKNOWN
2016-04-10T10:03:01.000000;2016-04-10T10:03:01.000000;1cf1e56f-8a82-4979-95ff-57ad5d64f4d3;418.8;1.43561;UNKNOWN
2016-04-10T10:03:15.000000;2016-04-10T10:03:15.000000;f94a5c62-4b19-42fe-b0b9-a226ee3d4210;418.89;4.50161;UNKNOWN
2016-04-10T10:03:15.000000;2016-04-10T10:03:15.000000;ab289350-d77a-4397-8d34-db4ef5f18015;418.8;0.49839;UNKNOWN
2016-04-10T10:03:24.000000;2016-04-10T10:03:24.000000;9aadfcc8-2bbc-4439-b0f7-03b45ee714d3;418.9;4.0;UNKNOWN
2016-04-10T10:03:24.000000;2016-04-10T10:03:24.000000;d796ce18-5718-49c8-87da-fb5658e953cd;418.9;1.0;UNKNOWN
2016-04-10T10:03:50.000000;2016-04-10T10:03:50.000000;28139cc9-ed58-45d1-9c1e-b686e6b36ad4;418.9;0.1;UNKNOWN
2016-04-10T10:03:56.000000;2016-04-10T10:03:56.000000;9c193c10-3bfe-4ced-b92c-161ea2d248a7;418.9;1.7;UNKNOWN
2016-04-10T10:04:06.000000;2016-04-10T10:04:06.000000;86fc75fb-0adc-4362-bbee-451b154ebd54;418.89;0.011;UNKNOWN
2016-04-10T10:04:36.000000;2016-04-10T10:04:36.000000;aa626f3b-f93d-4bac-a0e0-d42d45ee6b42;418.89;1.0;UNKNOWN
2016-04-10T10:04:40.000000;2016-04-10T10:04:40.000000;1da18b7a-fce1-401e-987b-3c855964a29c;418.92;1.0;UNKNOWN
2016-04-10T10:04:40.000000;2016-04-10T10:04:40.000000;53a39016-7103-4df3-b04c-79fafbfbe8da;418.99;4.6201;UNKNOWN
2016-04-10T10:04:40.000000;2016-04-10T10:04:40.000000;52b3b774-47cb-49da-8fc8-e902949cdf93;418.9;4.2;UNKNOWN
2016-04-10T10:04:40.000000;2016-04-10T10:04:40.000000;0d5de587-6669-4184-9c4e-65bae0e4958f;418.98;5.0;UNKNOWN
2016-04-10T10:04:48.000000;2016-04-10T10:04:48.000000;bfc81755-8345-44c7-884a-548c5b63e5d2;419.0;2.98051;UNKNOWN
2016-04-10T10:04:48.000000;2016-04-10T10:04:48.000000;f9f9f764-5f51-4afe-b734-db05efc6929b;418.99;5.3699;UNKNOWN
2016-04-10T10:04:48.000000;2016-04-10T10:04:48.000000;9fd8ab38-cd88-43f8-b756-a2010d887993;419.0;0.25;UNKNOWN
2016-04-10T10:04:48.000000;2016-04-10T10:04:48.000000;ecfbade7-2333-4c6f-9e0e-efd149570453;419.0;1.0;UNKNOWN
2016-04-10T10:04:48.000000;2016-04-10T10:04:48.000000;74046c20-a5bd-4f1b-83c1-c5b3b2b9a4b9;419.0;0.2;UNKNOWN
2016-04-10T10:04:55.000000;2016-04-10T10:04:55.000000;e2f75923-7082-468f-92c5-7d724c41b317;419.0;14.8201;UNKNOWN
2016-04-10T10:04:57.000000;2016-04-10T10:04:57.000000;4cec2ce9-1538-40aa-845f-63a4cb785442;419.0;0.81061;UNKNOWN
2016-04-10T10:04:57.000000;2016-04-10T10:04:57.000000;b1b8e520-9d69-49f1-877a-57dd0157b19f;419.0;2.18939;UNKNOWN
2016-04-10T10:05:00.000000;2016-04-10T10:05:00.000000;e68d2bf1-da98-482d-8d2b-be0d835e6e6b;419.41;1.39058188;UNKNOWN
2016-04-10T10:05:00.000000;2016-04-10T10:05:00.000000;1da1bd8f-9b02-4013-bb4a-65c51cc632da;419.0;4.0;UNKNOWN
2016-04-10T10:05:00.000000;2016-04-10T10:05:00.000000;211df485-3671-4c3c-ae95-33233327662d;419.0;0.59441812;UNKNOWN
2016-04-10T10:05:00.000000;2016-04-10T10:05:00.000000;170e5400-d805-4f4d-9738-1cdee2e272c1;419.25;0.01;UNKNOWN
2016-04-10T10:05:00.000000;2016-04-10T10:05:00.000000;28944710-c966-43fa-96a3-2238c553c1f7;419.3;0.965;UNKNOWN
2016-04-10T10:05:00.000000;2016-04-10T10:05:00.000000;c94051ed-1ab1-4a24-ae8f-fbe1284a677b;419.15;2.87;UNKNOWN
2016-04-10T10:05:00.000000;2016-04-10T10:05:00.000000;6eb595c1-59bb-408c-a28f-55c8084cd1a5;419.1;0.145;UNKNOWN
2016-04-10T10:05:00.000000;2016-04-10T10:05:00.000000;9ea03f23-6639-4031-893d-adc7896937b4;419.2;0.025;UNKNOWN
2016-04-10T10:05:02.000000;2016-04-10T10:05:02.000000;4c68e4d7-2526-43f8-824b-53b04f88fdee;419.47;1.17127188;UNKNOWN
2016-04-10T10:05:02.000000;2016-04-10T10:05:02.000000;166cf8d7-24f2-4c32-9a0b-d7c65ea0ee30;419.41;3.60941812;UNKNOWN
2016-04-10T10:05:03.000000;2016-04-10T10:05:03.000000;91690c10-3270-454b-807e-f5bc39305088;419.18;5.10862306;UNKNOWN
2016-04-10T10:05:42.000000;2016-04-10T10:05:42.000000;b5f3be6b-5769-49c8-9972-0c840a232951;419.38;0.1;UNKNOWN
2016-04-10T10:06:01.000000;2016-04-10T10:06:01.000000;d49051e6-690b-43c3-bef8-d6d1ce7140fd;419.43;0.1;UNKNOWN
2016-04-10T10:06:03.000000;2016-04-10T10:06:03.000000;bdeed03e-3127-4272-9fc6-3aee0eecb54e;419.43;0.05;UNKNOWN
2016-04-10T10:06:25.000000;2016-04-10T10:06:25.000000;874704c1-2129-43f8-80a6-7481a95bd8e5;419.46;1.0;UNKNOWN
2016-04-10T10:06:25.000000;2016-04-10T10:06:25.000000;b102d6d0-e5ef-4f38-bf4f-7b17b85e0d6b;419.48;2.0;UNKNOWN
2016-04-10T10:06:40.000000;2016-04-10T10:06:40.000000;318beddd-47fd-4d3d-a27e-0348e015fb0e;419.44;0.75;UNKNOWN
2016-04-10T10:06:53.000000;2016-04-10T10:06:53.000000;7bdca5b8-871f-405a-a481-62ebf11fc4f3;419.48;0.49190253;UNKNOWN
2016-04-10T10:07:00.000000;2016-04-10T10:07:00.000000;f244d036-602d-4274-9d88-5ac36ca0452b;419.46;0.179;UNKNOWN
2016-04-10T10:07:00.000000;2016-04-10T10:07:00.000000;f87e67f3-d657-474f-a8b3-12811a66ad02;419.46;0.821;UNKNOWN
2016-04-10T10:07:18.000000;2016-04-10T10:07:18.000000;dba63749-8e57-479c-8de3-2ecbbd8169cb;419.48;0.01;UNKNOWN
2016-04-10T10:07:44.000000;2016-04-10T10:07:44.000000;16c61426-ba05-40d2-b7dd-5d6e9cc7e733;419.48;0.49190253;UNKNOWN
2016-04-10T10:07:48.000000;2016-04-10T10:07:48.000000;6b070f45-7d4b-41c5-9535-e3c9171f10a5;419.48;0.49190253;UNKNOWN
2016-04-10T10:08:11.000000;2016-04-10T10:08:11.000000;1d474681-2cdf-4503-a0ce-1f8dbf715537;419.48;1.51429241;UNKNOWN
2016-04-10T10:08:11.000000;2016-04-10T10:08:11.000000;3be02010-0d2f-4b5f-9770-29b1780a3dbd;419.48;0.98570759;UNKNOWN
2016-04-10T10:08:16.000000;2016-04-10T10:08:16.000000;2cb72cae-cc01-4127-90a2-8df771b5d874;419.46;0.75;UNKNOWN
2016-04-10T10:10:18.000000;2016-04-10T10:10:18.000000;9e73edfb-7796-4c2e-8171-d36c13b976fa;419.47;1.0;UNKNOWN
2016-04-10T10:10:18.000000;2016-04-10T10:10:18.000000;e3087ba6-e035-4c28-a86d-814352c4d1a7;419.47;4.83;UNKNOWN
2016-04-10T10:11:58.000000;2016-04-10T10:11:58.000000;9576610c-534e-4dfb-88e2-d47a38cdd10e;419.49;4.81570759;UNKNOWN
2016-04-10T10:11:58.000000;2016-04-10T10:11:58.000000;798db9ab-ee8f-4c7b-b02f-3e72962445c1;419.47;5.17;UNKNOWN
2016-04-10T10:11:58.000000;2016-04-10T10:11:58.000000;720b9d7f-352c-400d-a129-e419ef9f4074;419.48;0.01429241;UNKNOWN
2016-04-10T10:12:21.000000;2016-04-10T10:12:21.000000;d9918941-a42d-4bd2-b96b-c009900b9035;419.49;5.17429241;UNKNOWN
2016-04-10T10:12:21.000000;2016-04-10T10:12:21.000000;c787557e-66a1-4800-9469-1829063dfd1b;419.5;0.1;UNKNOWN
2016-04-10T10:12:21.000000;2016-04-10T10:12:21.000000;666c97f7-18ba-496b-be8a-4ee0155c556b;419.5;10.0;UNKNOWN
2016-04-10T10:12:21.000000;2016-04-10T10:12:21.000000;1a2ba2c2-bb65-49e8-80ea-da08f2231adb;419.7;0.03;UNKNOWN
2016-04-10T10:12:21.000000;2016-04-10T10:12:21.000000;13e7aff5-6dd9-4cb1-b1d4-830734ffd2fa;419.5;3.0;UNKNOWN
2016-04-10T10:12:21.000000;2016-04-10T10:12:21.000000;940eeb35-0797-40c6-8b9f-8049e824e114;419.71;11.69570759;UNKNOWN
2016-04-10T10:12:37.000000;2016-04-10T10:12:37.000000;ea874aad-d19a-4c82-a21a-f74aaba14825;419.94;4.98701871;UNKNOWN
2016-04-10T10:12:37.000000;2016-04-10T10:12:37.000000;e359db76-5ff3-4b6a-98a0-1a81cfe1267e;419.92;1.0;UNKNOWN
2016-04-10T10:12:37.000000;2016-04-10T10:12:37.000000;7ddb8811-63bc-445c-be9e-5b8fa08709f3;419.79;19.01298129;UNKNOWN
2016-04-10T10:12:37.000000;2016-04-10T10:12:37.000000;fd76dc6d-4061-4414-9264-704153115ef6;419.8;3.0;UNKNOWN
2016-04-10T10:12:37.000000;2016-04-10T10:12:37.000000;afa52cda-58c5-41ec-80bf-20a18201f5ed;419.8;2.0;UNKNOWN
2016-04-10T10:12:37.000000;2016-04-10T10:12:37.000000;fc6b0542-7d4d-451f-b84f-95da0666b8e7;419.9;10.0;UNKNOWN
2016-04-10T10:12:56.000000;2016-04-10T10:12:56.000000;5dd3a645-9592-45a5-bd5d-a03a09d3bd27;419.97;0.02081637;UNKNOWN
2016-04-10T10:12:58.000000;2016-04-10T10:12:58.000000;c817da5f-0b79-4af1-bf51-e367dc443e56;419.97;0.02073852;UNKNOWN
2016-04-10T10:13:17.000000;2016-04-10T10:13:17.000000;e3276438-c149-43e2-b4b1-edcdc8fd90a7;419.99;2.57802263;UNKNOWN
2016-04-10T10:13:17.000000;2016-04-10T10:13:17.000000;2abfbba6-e93e-4448-a479-6302482b8754;419.98;9.42197737;UNKNOWN
2016-04-10T10:13:18.000000;2016-04-10T10:13:18.000000;28ae01f1-66c8-4fd2-b9d7-040ca250ed54;419.92;0.2929;UNKNOWN
2016-04-10T10:13:44.000000;2016-04-10T10:13:44.000000;f5c076f9-ec5e-4456-8f9e-bb3989a800a3;419.99;7.41197737;UNKNOWN
2016-04-10T10:13:44.000000;2016-04-10T10:13:44.000000;6b32d095-defd-4acb-b6ad-22fbe4051bc0;420.0;5.0;UNKNOWN
2016-04-10T10:13:44.000000;2016-04-10T10:13:44.000000;a1b948db-14da-484d-b1e0-37fe3ba1d2a6;420.0;0.01;UNKNOWN
2016-04-10T10:13:44.000000;2016-04-10T10:13:44.000000;77481c4c-d129-47dc-83b9-c9f445f32c2d;420.0;1.0;UNKNOWN
2016-04-10T10:13:44.000000;2016-04-10T10:13:44.000000;47cffa97-f6c8-4aa6-b1ba-ba9a0276412f;420.0;0.53202263;UNKNOWN
2016-04-10T10:13:44.000000;2016-04-10T10:13:44.000000;dbc15146-9816-46f4-a9b3-d2092b599159;420.0;0.2;UNKNOWN
2016-04-10T10:13:44.000000;2016-04-10T10:13:44.000000;8f925b6c-b440-44b5-8f9e-7256e61d0d73;420.0;0.3;UNKNOWN
2016-04-10T10:13:44.000000;2016-04-10T10:13:44.000000;9d6e21a4-fece-49b2-881c-eaadf9ffe598;419.99;0.1;UNKNOWN
2016-04-10T10:13:52.000000;2016-04-10T10:13:52.000000;4abae3b9-c69b-447e-919a-f50bf55eeea5;420.0;0.47797737;UNKNOWN
2016-04-10T10:13:52.000000;2016-04-10T10:13:52.000000;6856fdd2-4b08-4df4-8a1d-db60e281d9df;420.0;13.92602263;UNKNOWN
2016-04-10T10:13:52.000000;2016-04-10T10:13:52.000000;0886c53c-eca0-4329-9600-c97305c781df;420.0;0.15;UNKNOWN
2016-04-10T10:13:55.000000;2016-04-10T10:13:55.000000;3d58823c-1016-4475-80f2-825b0e6a8c3f;420.0;5.03;UNKNOWN
2016-04-10T10:13:59.000000;2016-04-10T10:13:59.000000;55b3a23f-4434-455b-a342-0e18c48aba95;419.99;1.0;UNKNOWN
2016-04-10T10:14:01.000000;2016-04-10T10:14:01.000000;37e8035c-f580-43e2-b22d-433706b8a533;420.0;5.0;UNKNOWN
2016-04-10T10:14:01.000000;2016-04-10T10:14:01.000000;0e66d761-3c16-44ca-b094-adbb34998562;420.0;3.32702263;UNKNOWN
2016-04-10T10:14:01.000000;2016-04-10T10:14:01.000000;4388cf65-53b4-4bbf-887d-bec2759838a4;420.0;5.0;UNKNOWN
2016-04-10T10:14:01.000000;2016-04-10T10:14:01.000000;a82fa6d7-e2d3-4e24-9388-79b18be3eb29;420.0;1.03397737;UNKNOWN
2016-04-10T10:14:01.000000;2016-04-10T10:14:01.000000;7d6b8788-8982-49a4-b683-23296b3d0f28;420.0;0.193;UNKNOWN
2016-04-10T10:14:05.000000;2016-04-10T10:14:05.000000;717c4f56-082a-45ab-b202-90febd09bd7d;419.99;0.011;UNKNOWN
2016-04-10T10:14:07.000000;2016-04-10T10:14:07.000000;4271c399-6b80-4d89-aa5c-ddfa45022041;420.2;0.025;UNKNOWN
2016-04-10T10:14:07.000000;2016-04-10T10:14:07.000000;1dca7869-01fe-4ea9-a78f-70b44841b076;420.0;0.67297737;UNKNOWN
2016-04-10T10:14:07.000000;2016-04-10T10:14:07.000000;18850994-eeac-4d07-a616-8366b06222f7;420.0;1.0;UNKNOWN
2016-04-10T10:14:07.000000;2016-04-10T10:14:07.000000;1df8980b-cd5b-4cfc-ae30-a813685a3437;420.01;0.1417581;UNKNOWN
2016-04-10T10:14:07.000000;2016-04-10T10:14:07.000000;d1ccf987-6ce4-4735-9797-e63577bae532;420.12;0.476;UNKNOWN
2016-04-10T10:14:07.000000;2016-04-10T10:14:07.000000;bdbea5ef-6c4e-40c6-b16b-c3f988ef6cd1;420.04;0.02063469;UNKNOWN
2016-04-10T10:14:07.000000;2016-04-10T10:14:07.000000;d0f90a4e-ea8f-4b8a-b1b3-55cd6852b07b;420.3;3.0;UNKNOWN
2016-04-10T10:14:07.000000;2016-04-10T10:14:07.000000;216c2d8d-9bf2-45b9-a6db-a23385ab2452;420.2;3.0;UNKNOWN
2016-04-10T10:14:07.000000;2016-04-10T10:14:07.000000;c27e274e-146a-458b-bb14-1345a9c23676;420.25;0.01;UNKNOWN
2016-04-10T10:14:07.000000;2016-04-10T10:14:07.000000;fdcc5309-0d60-4208-8c27-9a9c3a2caac3;420.3;1.65362984;UNKNOWN
2016-04-10T10:14:14.000000;2016-04-10T10:14:14.000000;854d57c4-92cf-488b-8bd9-314885bc0f04;420.5;4.0;UNKNOWN
2016-04-10T10:14:14.000000;2016-04-10T10:14:14.000000;d263b145-bb3e-4870-b3e0-588446287466;420.54;12.5;UNKNOWN
2016-04-10T10:14:14.000000;2016-04-10T10:14:14.000000;9326dcc2-0740-4a67-9cfe-5a4f9ccad753;420.5;10.0;UNKNOWN
2016-04-10T10:14:14.000000;2016-04-10T10:14:14.000000;8edfd4da-3495-4583-91ba-490f8d04ea44;420.9;2.15177203;UNKNOWN
2016-04-10T10:14:14.000000;2016-04-10T10:14:14.000000;d43a6476-f559-4990-9fa7-7e25e64984db;420.7;3.0;UNKNOWN
2016-04-10T10:14:14.000000;2016-04-10T10:14:14.000000;d9cb4726-6ef2-4cc1-b226-8110a3b8c39d;420.5;4.0;UNKNOWN
2016-04-10T10:14:14.000000;2016-04-10T10:14:14.000000;eac13aa5-2557-46c8-ab6e-f91d998d0c0a;420.47;30.0;UNKNOWN
2016-04-10T10:14:14.000000;2016-04-10T10:14:14.000000;406ae161-c312-41dc-a9a1-1c552103e7ad;420.5;0.0514485;UNKNOWN
2016-04-10T10:14:14.000000;2016-04-10T10:14:14.000000;87f2d97c-154d-4fe1-85b1-d78db0e9e3a9;420.4;5.0;UNKNOWN
2016-04-10T10:14:14.000000;2016-04-10T10:14:14.000000;e086202d-9d99-43e5-b9f8-2809de43e161;420.75;5.9313451;UNKNOWN
2016-04-10T10:14:14.000000;2016-04-10T10:14:14.000000;eaed1ecf-a375-4e8e-bff0-b39892c2667d;420.9;0.0803;UNKNOWN
2016-04-10T10:14:14.000000;2016-04-10T10:14:14.000000;a51d53b8-08bb-420c-afbc-c87bdc64da09;420.3;1.34637016;UNKNOWN
2016-04-10T10:14:14.000000;2016-04-10T10:14:14.000000;01fc2407-589d-4fe0-a890-0f574c073d99;420.49;9.99;UNKNOWN
2016-04-10T10:14:14.000000;2016-04-10T10:14:14.000000;4cab3322-110a-4944-abca-3590042690ab;420.75;4.0686549;UNKNOWN
2016-04-10T10:14:14.000000;2016-04-10T10:14:14.000000;a90c5d9f-f9a1-4e1f-b825-89a33160074b;420.5;11.0;UNKNOWN
2016-04-10T10:14:14.000000;2016-04-10T10:14:14.000000;68df80e6-d9a7-437b-b0df-bd34460e347e;420.31;0.18083624;UNKNOWN
2016-04-10T10:14:14.000000;2016-04-10T10:14:14.000000;4f3b246b-91a3-4114-a062-36dc58aebd45;420.4;3.0;UNKNOWN
2016-04-10T10:14:15.000000;2016-04-10T10:14:15.000000;b3974a3a-af4e-4286-98ba-ef82fdd5ff50;420.92;1.0;UNKNOWN
2016-04-10T10:14:15.000000;2016-04-10T10:14:15.000000;304cb7a9-6cb5-43c5-bab5-c467e87e1269;420.98;5.70577203;UNKNOWN
2016-04-10T10:14:15.000000;2016-04-10T10:14:15.000000;56a44248-fa52-40f0-8c94-46d82887913b;420.9;7.84822797;UNKNOWN
2016-04-10T10:14:20.000000;2016-04-10T10:14:20.000000;78bc769f-e40f-4ea6-a923-db6c0d6ff955;421.92;1.0;UNKNOWN
2016-04-10T10:14:20.000000;2016-04-10T10:14:20.000000;1376be34-fd69-4374-8b17-6f69bb7918d2;422.25;0.01;UNKNOWN
2016-04-10T10:14:20.000000;2016-04-10T10:14:20.000000;80881caa-e51f-45a8-84d2-d95b43166320;422.0;0.0283432;UNKNOWN
2016-04-10T10:14:20.000000;2016-04-10T10:14:20.000000;d58b2a69-e904-452c-b6de-43504d060fcc;420.98;3.74422797;UNKNOWN
2016-04-10T10:14:20.000000;2016-04-10T10:14:20.000000;17703873-15bf-4834-aa47-0b74367ecbd0;421.9;10.0;UNKNOWN
2016-04-10T10:14:20.000000;2016-04-10T10:14:20.000000;a405b45d-fa19-4a4f-b289-eb08a725db8c;421.97;13.9495;UNKNOWN
2016-04-10T10:14:20.000000;2016-04-10T10:14:20.000000;57a74c58-e445-48a9-9cff-a00e1b6aff48;421.65;12.1598;UNKNOWN
2016-04-10T10:14:20.000000;2016-04-10T10:14:20.000000;6b75da28-c510-4fc1-87c7-a3699251dc79;421.0;26.92;UNKNOWN
2016-04-10T10:14:20.000000;2016-04-10T10:14:20.000000;04aae183-0002-4583-9690-7d915815c902;421.99;9.99;UNKNOWN
2016-04-10T10:14:20.000000;2016-04-10T10:14:20.000000;ea302095-7d7f-471e-b09e-486757584f90;421.5;0.01;UNKNOWN
2016-04-10T10:14:20.000000;2016-04-10T10:14:20.000000;93ebdb54-a263-4974-bdf4-e662dbb4b41c;421.52;12.3745;UNKNOWN
2016-04-10T10:14:20.000000;2016-04-10T10:14:20.000000;62543058-2491-4f58-8207-923c0373ad33;422.43;13.1168;UNKNOWN
2016-04-10T10:14:20.000000;2016-04-10T10:14:20.000000;10b0cca1-eeb6-4241-a27d-17ac8271c1b6;421.41;0.06471;UNKNOWN
2016-04-10T10:14:20.000000;2016-04-10T10:14:20.000000;3e57afc0-621e-4345-ba7f-29d6075a55f4;421.35;4.17;UNKNOWN
2016-04-10T10:14:20.000000;2016-04-10T10:14:20.000000;d33df0a6-e0e0-4a69-b497-fa74543faa79;421.36;12.1525;UNKNOWN
2016-04-10T10:14:20.000000;2016-04-10T10:14:20.000000;4d06315a-5e43-4836-828e-0778dbf1cc2f;421.81;13.6202;UNKNOWN
2016-04-10T10:14:20.000000;2016-04-10T10:14:20.000000;99b3816c-4297-460f-bc31-998a3a914e0f;421.26;21.434;UNKNOWN
2016-04-10T10:14:20.000000;2016-04-10T10:14:20.000000;651fec1a-92e5-4f55-bbc9-b6e46463f9b9;421.48;4.24;UNKNOWN
2016-04-10T10:14:20.000000;2016-04-10T10:14:20.000000;e5b9eccf-fa02-45fd-ad9e-e0b03b2d64ac;421.52;0.5;UNKNOWN
2016-04-10T10:14:20.000000;2016-04-10T10:14:20.000000;330c08fc-1e60-4442-a86f-adcc17d6f638;421.49;9.99;UNKNOWN
2016-04-10T10:14:20.000000;2016-04-10T10:14:20.000000;23b7e4fb-a7fc-4a9a-8c12-4f2d6c0023e9;421.49;9.99;UNKNOWN
2016-04-10T10:14:20.000000;2016-04-10T10:14:20.000000;508a1e75-1347-4b86-850c-356ddd45ea2a;421.57;17.7340027;UNKNOWN
2016-04-10T10:14:20.000000;2016-04-10T10:14:20.000000;023f11a9-b182-4634-9c55-a7fd619f12cb;422.26;12.724;UNKNOWN
2016-04-10T10:14:20.000000;2016-04-10T10:14:20.000000;ecc992aa-5346-421d-9b1a-98f11607bece;421.99;9.99;UNKNOWN
2016-04-10T10:14:20.000000;2016-04-10T10:14:20.000000;686dc340-0f81-4d36-bfd9-8122c5473dcd;422.0;19.99;UNKNOWN
2016-04-10T10:14:20.000000;2016-04-10T10:14:20.000000;61c674dd-d9be-4046-883f-a16c34b22f59;422.0;10.0;UNKNOWN
2016-04-10T10:14:20.000000;2016-04-10T10:14:20.000000;5bcc4b22-3f75-4ec2-93c1-8e9a5b438bbd;422.9;29.51893466;UNKNOWN
2016-04-10T10:14:20.000000;2016-04-10T10:14:20.000000;9bd20bfe-8926-41e7-833d-79031068c088;421.99;4.0;UNKNOWN
2016-04-10T10:14:20.000000;2016-04-10T10:14:20.000000;c25186f3-812e-4cdc-a7a9-e777e1d4deb5;422.12;12.8472;UNKNOWN
2016-04-10T10:14:20.000000;2016-04-10T10:14:20.000000;f09611cb-6029-4366-be5a-41b34d807d1e;422.33;3.92711018;UNKNOWN
2016-04-10T10:14:20.000000;2016-04-10T10:14:20.000000;32959672-f958-490c-8b30-9733b0ad0c9b;422.0;19.99;UNKNOWN
2016-04-10T10:14:20.000000;2016-04-10T10:14:20.000000;a1b1383a-af78-48e3-b392-473a506e6639;422.0;0.3;UNKNOWN
2016-04-10T10:14:20.000000;2016-04-10T10:14:20.000000;619ee3cd-43ad-46d0-9e5a-df170762b751;422.0;10.0;UNKNOWN
2016-04-10T10:14:20.000000;2016-04-10T10:14:20.000000;23a9cb30-4210-4520-bc5f-738ba1c17883;422.0;3.0;UNKNOWN
2016-04-10T10:14:20.000000;2016-04-10T10:14:20.000000;dfb0c78a-3efe-4a69-bb8b-b6cce56ad0e2;422.0;1.978;UNKNOWN
2016-04-10T10:14:20.000000;2016-04-10T10:14:20.000000;177e02ec-83c8-4535-81df-18c3b84b84a3;422.0;0.1;UNKNOWN
2016-04-10T10:14:20.000000;2016-04-10T10:14:20.000000;c4e370d8-e79d-44be-b8ec-6961a5e36edc;422.0;0.4;UNKNOWN
2016-04-10T10:14:20.000000;2016-04-10T10:14:20.000000;6d0d9276-ae4e-4dad-9f1a-fe7b58c2c223;422.0;1.0;UNKNOWN
2016-04-10T10:14:20.000000;2016-04-10T10:14:20.000000;36a69cb8-b22b-413c-a3de-9ade8b223a57;422.0;0.8552439;UNKNOWN
2016-04-10T10:14:20.000000;2016-04-10T10:14:20.000000;05134fa2-152f-46c5-9f99-ef7eb34c5277;421.1;10.0;UNKNOWN
2016-04-10T10:14:20.000000;2016-04-10T10:14:20.000000;66ccefac-a278-4957-ad0a-4f245ece2bf6;421.25;2.84;UNKNOWN
2016-04-10T10:14:20.000000;2016-04-10T10:14:20.000000;2278d658-4324-4870-9ba2-4c2194d5d35d;421.22;12.4624;UNKNOWN
2016-04-10T10:14:20.000000;2016-04-10T10:14:20.000000;037e4fbb-d31a-4f02-9178-8d5c87a95d21;422.49;9.99;UNKNOWN
2016-04-10T10:14:20.000000;2016-04-10T10:14:20.000000;21a14164-7a57-402f-845a-4e42e1d41b35;421.21;2.0;UNKNOWN
2016-04-10T10:14:20.000000;2016-04-10T10:14:20.000000;a7a13e14-d0e8-486f-8511-2d8a0975a885;422.5;0.15;UNKNOWN
2016-04-10T10:14:20.000000;2016-04-10T10:14:20.000000;6543fe79-a142-4dbf-aa99-0e1b979b305d;422.48;1.338663;UNKNOWN
2016-04-10T10:14:20.000000;2016-04-10T10:14:20.000000;789e9d22-26c0-4cf5-aad8-2c171863fe85;422.5;11.932045;UNKNOWN
2016-04-10T10:14:20.000000;2016-04-10T10:14:20.000000;abf18196-9412-4c89-a39c-b00cfd0dae99;422.48;11.931337;UNKNOWN
2016-04-10T10:14:20.000000;2016-04-10T10:14:20.000000;ff09d72f-82a4-4413-a3d6-2b22ba25cabe;422.83;0.18083624;UNKNOWN
2016-04-10T10:14:20.000000;2016-04-10T10:14:20.000000;58289b51-8f5d-4d13-a792-2e8a34a3ea51;422.81;37.32;UNKNOWN
2016-04-10T10:14:20.000000;2016-04-10T10:14:20.000000;417bbb43-5bb8-4ee1-9f56-cdc80765db19;422.42;5.1;UNKNOWN
2016-04-10T10:14:20.000000;2016-04-10T10:14:20.000000;9cd50541-352b-45a9-9ae1-1f483e8d878b;422.74;0.0112;UNKNOWN
2016-04-10T10:14:20.000000;2016-04-10T10:14:20.000000;0b171839-c9ac-4622-b86d-9b5035c6a651;422.41;1.13;UNKNOWN
2016-04-10T10:14:20.000000;2016-04-10T10:14:20.000000;63f1b4dc-91a7-4b50-aff8-e0e4b671f77d;422.42;1.1367;UNKNOWN
2016-04-10T10:14:20.000000;2016-04-10T10:14:20.000000;c2dbe653-c421-45be-a9c8-bc6af1cebb0d;422.49;9.99;UNKNOWN
2016-04-10T10:14:20.000000;2016-04-10T10:14:20.000000;1f32dd3c-71ef-49eb-b202-80b20b667cf8;422.89;12.4945;UNKNOWN
2016-04-10T10:14:20.000000;2016-04-10T10:14:20.000000;17c77975-30b3-4723-9004-bc7be62d451e;422.88;38.33;UNKNOWN
2016-04-10T10:14:20.000000;2016-04-10T10:14:20.000000;03e1c2a0-26b1-41da-a023-e88e691abb71;422.5;0.89;UNKNOWN
2016-04-10T10:14:20.000000;2016-04-10T10:14:20.000000;0e0c1acc-89c4-4ec1-a5b3-f236b301652a;422.8;4.1;UNKNOWN
2016-04-10T10:14:20.000000;2016-04-10T10:14:20.000000;74a6d6a3-e7cd-4966-b5ff-46126e0ce469;422.5;3.0951511;UNKNOWN
2016-04-10T10:14:20.000000;2016-04-10T10:14:20.000000;6f9101c0-14c9-4965-ac59-683da9214c38;422.77;0.5;UNKNOWN
2016-04-10T10:14:20.000000;2016-04-10T10:14:20.000000;2d6f2420-8b82-4a50-be9f-be63e897ba07;422.57;12.5359;UNKNOWN
2016-04-10T10:14:20.000000;2016-04-10T10:14:20.000000;6e34adf0-1a57-41c0-9e2d-5c559c7423de;422.55;0.02307;UNKNOWN
2016-04-10T10:14:20.000000;2016-04-10T10:14:20.000000;144b2c59-712f-4b5c-91d4-3f84e3000774;422.48;0.3;UNKNOWN
2016-04-10T10:14:20.000000;2016-04-10T10:14:20.000000;078298f9-bf23-4347-9d9d-9882bf3a572d;422.7;12.7797;UNKNOWN
2016-04-10T10:14:20.000000;2016-04-10T10:14:20.000000;c201c2bf-fbfb-477e-a200-c5eead409e7a;422.56;14.82;UNKNOWN
2016-04-10T10:14:20.000000;2016-04-10T10:14:20.000000;774d2f4c-d5ef-4ac3-89c4-4b51ca239d00;421.0;1.0;UNKNOWN
2016-04-10T10:14:20.000000;2016-04-10T10:14:20.000000;99db3ddf-f78f-4a4e-8816-e43bc7a508b5;421.25;4.18;UNKNOWN
2016-04-10T10:14:20.000000;2016-04-10T10:14:20.000000;499e2685-8d0a-4959-a7aa-2a299bc42fb2;421.0;19.99;UNKNOWN
2016-04-10T10:14:20.000000;2016-04-10T10:14:20.000000;909996dd-5391-45e1-aa59-266affd0761e;421.0;99.99;UNKNOWN
2016-04-10T10:14:20.000000;2016-04-10T10:14:20.000000;49957655-4e32-48b2-8392-857f477f8e39;421.0;0.05;UNKNOWN
2016-04-10T10:14:20.000000;2016-04-10T10:14:20.000000;99dfd4cd-e2c8-41a2-a147-286ddb1c05b5;420.99;9.99;UNKNOWN
2016-04-10T10:14:20.000000;2016-04-10T10:14:20.000000;26880a2e-8821-42c2-967c-aebe51facea5;421.0;2.0;UNKNOWN
2016-04-10T10:14:20.000000;2016-04-10T10:14:20.000000;33bd06de-8c06-4e8e-b92f-64ad376343b2;421.0;0.2;UNKNOWN
2016-04-10T10:14:20.000000;2016-04-10T10:14:20.000000;62ee663f-1492-4627-80a4-d34bd9970601;421.0;10.0;UNKNOWN
2016-04-10T10:14:20.000000;2016-04-10T10:14:20.000000;86bd0da5-3dee-4e30-9138-40858fc9cc6a;420.99;0.597983;UNKNOWN
2016-04-10T10:14:20.000000;2016-04-10T10:14:20.000000;74de7693-68f1-403b-8ee1-a816d985b7f8;421.0;0.37;UNKNOWN
2016-04-10T10:14:20.000000;2016-04-10T10:14:20.000000;0114f9ce-b66b-4e54-b573-9933d9880605;421.0;20.23144205;UNKNOWN
2016-04-10T10:14:20.000000;2016-04-10T10:14:20.000000;6361163d-fa5e-4bf2-8f2f-30b8c8c68cfc;421.0;2.0;UNKNOWN
2016-04-10T10:14:20.000000;2016-04-10T10:14:20.000000;ef25fba0-e43d-48ce-beb8-275a8e51952c;421.0;1.5;UNKNOWN
2016-04-10T10:14:23.000000;2016-04-10T10:14:23.000000;1f62a117-e166-42f6-af48-237c26605836;422.82;0.19700085;UNKNOWN
2016-04-10T10:14:23.000000;2016-04-10T10:14:23.000000;2d3290fe-3a1c-463d-947d-c9a109a2850e;422.76;0.03823046;UNKNOWN
2016-04-10T10:14:23.000000;2016-04-10T10:14:23.000000;0561a9aa-0e1a-4225-9086-65b7673586f5;422.9;9.76476869;UNKNOWN
2016-04-10T10:14:26.000000;2016-04-10T10:14:26.000000;7cf4587e-4451-4027-906a-5cf4254a6b4b;420.66;0.0199;UNKNOWN
2016-04-10T10:14:26.000000;2016-04-10T10:14:26.000000;ae80aac3-ae4d-45a5-8a9e-026f1b26a082;420.67;0.02333;UNKNOWN
2016-04-10T10:14:27.000000;2016-04-10T10:14:27.000000;26fe9870-29e3-41a7-8718-64998a596964;422.14;0.02042835;UNKNOWN
2016-04-10T10:14:27.000000;2016-04-10T10:14:27.000000;6bfb4aea-0ab3-41ab-887b-0abadec06f4f;422.0;2.0;UNKNOWN
2016-04-10T10:14:27.000000;2016-04-10T10:14:27.000000;cb6f1ae7-0c76-4ac5-9523-b548c75064b9;422.0;11.613;UNKNOWN
2016-04-10T10:14:27.000000;2016-04-10T10:14:27.000000;75ddb05e-4334-4e01-8b0c-46090f29055d;422.17;7.36657165;UNKNOWN
2016-04-10T10:14:30.000000;2016-04-10T10:14:30.000000;ea10fe3a-9956-4c00-81be-b2bd6acd0068;421.66;0.5;UNKNOWN
2016-04-10T10:14:30.000000;2016-04-10T10:14:30.000000;a2c536ff-a9a7-4b9d-8679-e67b48b0f112;421.66;3.0;UNKNOWN
2016-04-10T10:14:30.000000;2016-04-10T10:14:30.000000;1465e6ef-fa6d-44ff-b88e-b1311ca31433;421.65;1.5;UNKNOWN
2016-04-10T10:14:31.000000;2016-04-10T10:14:31.000000;e3f6b925-09a7-43e0-a816-b298c0065393;421.88;2.5;UNKNOWN
2016-04-10T10:14:32.000000;2016-04-10T10:14:32.000000;f5dd0f3e-4c8e-495e-b629-8bb3f5ffb65c;421.66;5.9155;UNKNOWN
2016-04-10T10:14:32.000000;2016-04-10T10:14:32.000000;33386381-d821-4309-a2a0-6fadd2323590;421.65;3.5;UNKNOWN
2016-04-10T10:14:34.000000;2016-04-10T10:14:34.000000;aa2d2f02-120c-4bca-ad19-4018d4df3afc;421.63;3.0845;UNKNOWN
2016-04-10T10:14:34.000000;2016-04-10T10:14:34.000000;24cacac8-e1a7-4c24-bbc2-1384f1e08177;421.24;0.34;UNKNOWN
2016-04-10T10:14:34.000000;2016-04-10T10:14:34.000000;3382636d-76d6-498c-8e47-e035538a9d1e;421.24;2.5;UNKNOWN
2016-04-10T10:14:36.000000;2016-04-10T10:14:36.000000;1b19e41c-93d8-4609-b532-84edc696c332;421.88;2.5;UNKNOWN
2016-04-10T10:14:38.000000;2016-04-10T10:14:38.000000;2af1eeca-204e-4582-9c92-60df759a0489;421.81;0.5;UNKNOWN
2016-04-10T10:14:38.000000;2016-04-10T10:14:38.000000;755d9095-e1ef-449c-ba97-b1d19ec2b91f;421.81;3.0;UNKNOWN
2016-04-10T10:14:38.000000;2016-04-10T10:14:38.000000;56bd9da1-a581-4d7e-8432-3720e94c45be;421.8;1.5;UNKNOWN
2016-04-10T10:14:40.000000;2016-04-10T10:14:40.000000;b5409345-25ab-42bf-8d69-c86203466e6d;421.81;0.03112;UNKNOWN
2016-04-10T10:14:46.000000;2016-04-10T10:14:46.000000;8050242d-f223-42d0-b667-dddbda1b15d9;421.82;1.0;UNKNOWN
2016-04-10T10:14:46.000000;2016-04-10T10:14:46.000000;337d1b94-26df-4eb9-9962-7e7cc2f085ed;421.81;3.53112;UNKNOWN
2016-04-10T10:14:46.000000;2016-04-10T10:14:46.000000;eb44577e-9872-4cfe-9277-3f8261535d8b;421.81;0.46888;UNKNOWN
2016-04-10T10:14:47.000000;2016-04-10T10:14:47.000000;809fa18e-9872-431b-ae79-ae8b96f570df;422.0;2.8838;UNKNOWN
2016-04-10T10:14:47.000000;2016-04-10T10:14:47.000000;27c06509-7632-4414-876c-8e66abee3f15;421.88;7.1162;UNKNOWN
2016-04-10T10:14:54.000000;2016-04-10T10:14:54.000000;2fa2e140-687b-4feb-8b6d-bc9579918d09;421.82;3.0;UNKNOWN
2016-04-10T10:14:54.000000;2016-04-10T10:14:54.000000;bbc19e27-f181-43f1-9d1c-688ff57d1604;421.82;2.0;UNKNOWN
2016-04-10T10:15:00.000000;2016-04-10T10:15:00.000000;d9fa5661-cc55-4520-88fc-37a225cf04c2;421.84;2.0;UNKNOWN
2016-04-10T10:15:04.000000;2016-04-10T10:15:04.000000;77aed314-b578-4bca-b38f-b4a14a745653;421.85;0.05;UNKNOWN
2016-04-10T10:15:04.000000;2016-04-10T10:15:04.000000;6295af6e-e204-4693-b8a0-e3b67c3fe38d;421.85;0.011;UNKNOWN
2016-04-10T10:15:05.000000;2016-04-10T10:15:05.000000;b70d01a1-8af8-491b-ae46-f5ee340df284;421.85;0.012;UNKNOWN
2016-04-10T10:15:05.000000;2016-04-10T10:15:05.000000;e801c8ff-4464-4da0-a4ae-ca61e737d2cb;421.85;0.013;UNKNOWN
2016-04-10T10:15:33.000000;2016-04-10T10:15:33.000000;30d0ea3e-23f0-483a-aecc-6cfca7eb8e67;421.85;1.0;UNKNOWN
2016-04-10T10:15:35.000000;2016-04-10T10:15:35.000000;823c3305-2bf8-4493-83da-5116e8e14630;421.85;1.0;UNKNOWN
2016-04-10T10:15:48.000000;2016-04-10T10:15:48.000000;62c5ac38-b64a-46f7-9308-5e997344b94f;421.86;0.09563428;UNKNOWN
2016-04-10T10:15:51.000000;2016-04-10T10:15:51.000000;56d7fdcc-ebe8-4f52-8a29-3fdd56163066;421.86;0.09563428;UNKNOWN
2016-04-10T10:15:52.000000;2016-04-10T10:15:52.000000;b9859ed3-2a3b-41f1-8554-18a974035499;421.86;0.49081208;UNKNOWN
2016-04-10T10:15:53.000000;2016-04-10T10:15:53.000000;0f72eaef-6291-4832-9cdd-71b5a3bfc1bc;421.86;0.09563428;UNKNOWN
2016-04-10T10:15:54.000000;2016-04-10T10:15:54.000000;d52dbf4a-db47-4e43-b2b2-49e706250392;421.86;0.45838073;UNKNOWN
2016-04-10T10:15:55.000000;2016-04-10T10:15:55.000000;59920113-4b8c-4deb-b374-b9fdfde40458;421.86;0.0829497;UNKNOWN
2016-04-10T10:15:56.000000;2016-04-10T10:15:56.000000;5381286e-f516-46e1-84d4-9d9822dec6a0;421.86;0.0955094;UNKNOWN
2016-04-10T10:15:56.000000;2016-04-10T10:15:56.000000;fbb13df8-c51a-47a6-b0cd-ab44f3eeaab2;421.86;0.45838073;UNKNOWN
2016-04-10T10:16:00.000000;2016-04-10T10:16:00.000000;6fe2441e-7a8d-4a5f-9ea3-5660645ee834;421.85;0.1;UNKNOWN
2016-04-10T10:16:04.000000;2016-04-10T10:16:04.000000;e104166f-4b45-4db5-af14-a1647b87baf8;421.85;0.1;UNKNOWN
2016-04-10T10:16:04.000000;2016-04-10T10:16:04.000000;8df266d7-21c7-4e75-ba4f-0f2ba047c533;421.85;0.012;UNKNOWN
2016-04-10T10:16:05.000000;2016-04-10T10:16:05.000000;3157f15a-2c87-4f18-9d32-0beb59c53e5a;421.85;0.011;UNKNOWN
2016-04-10T10:16:05.000000;2016-04-10T10:16:05.000000;6c08c0a8-549b-4779-a584-53f316392fdc;421.85;0.05;UNKNOWN
2016-04-10T10:16:31.000000;2016-04-10T10:16:31.000000;0cdc80ab-d626-47e5-8570-65737bcb57e7;421.85;0.02;UNKNOWN
2016-04-10T10:16:49.000000;2016-04-10T10:16:49.000000;d0a0da4f-1b34-49b7-bc42-fef76cd8a936;421.86;0.12706452;UNKNOWN
2016-04-10T10:16:49.000000;2016-04-10T10:16:49.000000;acc83dec-f8f5-41a1-8283-f915210f1354;421.86;0.4;UNKNOWN
2016-04-10T10:16:50.000000;2016-04-10T10:16:50.000000;5a94179d-2083-4d2f-b4cd-80ffc3aedd2e;421.86;1.0;UNKNOWN
2016-04-10T10:16:55.000000;2016-04-10T10:16:55.000000;726239ca-943b-4189-bc49-b632953cc0ff;421.86;0.82063548;UNKNOWN
2016-04-10T10:16:55.000000;2016-04-10T10:16:55.000000;418a3437-7c9f-48f5-8dc3-e44d989c9ba1;421.86;0.17936452;UNKNOWN
2016-04-10T10:17:03.000000;2016-04-10T10:17:03.000000;59a8af22-6d9d-435b-889e-24ea1bc3489e;421.86;0.012;UNKNOWN
2016-04-10T10:17:08.000000;2016-04-10T10:17:08.000000;1b699cca-2f61-4b10-aef5-f59f9fcac78b;421.86;0.80863548;UNKNOWN
2016-04-10T10:17:08.000000;2016-04-10T10:17:08.000000;4c906a19-2eb3-48e3-b3e6-67559835c2e5;421.87;3.0;UNKNOWN
2016-04-10T10:17:08.000000;2016-04-10T10:17:08.000000;f5f1ab81-6669-4dc4-895d-2e3289eb1246;421.86;0.55936452;UNKNOWN
2016-04-10T10:17:08.000000;2016-04-10T10:17:08.000000;57477255-d66c-4282-8026-f443c8d4933b;421.96;1.0;UNKNOWN
2016-04-10T10:17:08.000000;2016-04-10T10:17:08.000000;96c1ad5d-b56d-4bb9-a0d0-fcb4a3727a2b;421.86;1.914;UNKNOWN
2016-04-10T10:17:11.000000;2016-04-10T10:17:11.000000;46f6a01f-b8ae-4ac8-a539-6fb69bf37d19;421.88;0.07173289;UNKNOWN
2016-04-10T10:17:14.000000;2016-04-10T10:17:14.000000;f46374ef-8420-47c9-af0f-5fc01784b13a;422.0;0.40327396;UNKNOWN
2016-04-10T10:17:14.000000;2016-04-10T10:17:14.000000;029e5cdb-724a-4955-a3ad-8d0f1ec2ac66;422.0;10.5879;UNKNOWN
2016-04-10T10:17:14.000000;2016-04-10T10:17:14.000000;c88b09b5-9c07-4b3f-8432-e97f691126be;421.96;32.0384;UNKNOWN
2016-04-10T10:17:20.000000;2016-04-10T10:17:20.000000;d94a8369-5d88-42a6-b067-f53731a5a201;421.89;0.2;UNKNOWN
2016-04-10T10:17:22.000000;2016-04-10T10:17:22.000000;1c2a4696-a799-4ea2-8936-3be95b0b0790;421.9;0.1;UNKNOWN
2016-04-10T10:17:42.000000;2016-04-10T10:17:42.000000;96b4f8f4-b618-419e-90dc-9478c5c56a6d;421.96;0.02533147;UNKNOWN
2016-04-10T10:17:45.000000;2016-04-10T10:17:45.000000;4e196bca-35b5-4b82-9f17-531a6268cf84;421.96;0.03453826;UNKNOWN
2016-04-10T10:17:45.000000;2016-04-10T10:17:45.000000;28fc710a-ab3b-4354-9cef-13b870461b42;421.96;0.47466853;UNKNOWN
2016-04-10T10:18:07.000000;2016-04-10T10:18:07.000000;88cada4d-faec-44f8-a74b-60fe18cc6d41;421.98;0.237;UNKNOWN
2016-04-10T10:18:09.000000;2016-04-10T10:18:09.000000;107c271c-6a61-45fd-b88f-b7e46d267408;421.98;1.763;UNKNOWN
2016-04-10T10:19:12.000000;2016-04-10T10:19:12.000000;1052fccc-bae6-4819-abd2-c96626b0e5fb;421.98;4.6173381;UNKNOWN
2016-04-10T10:19:12.000000;2016-04-10T10:19:12.000000;6decfab6-05b4-4e95-8673-2337057b31c5;421.98;4.61605927;UNKNOWN
2016-04-10T10:19:12.000000;2016-04-10T10:19:12.000000;67e6b273-fd5a-4c44-8e4c-0f62405f7fea;421.98;0.76660263;UNKNOWN
2016-04-10T10:19:21.000000;2016-04-10T10:19:21.000000;d0259bff-4392-4ab4-b9fc-30a98176bdbd;421.99;0.55;UNKNOWN
2016-04-10T10:19:29.000000;2016-04-10T10:19:29.000000;de87a52c-b9fc-4e61-af90-61c51e04e22d;421.98;0.1;UNKNOWN
2016-04-10T10:19:57.000000;2016-04-10T10:19:57.000000;480986e7-1247-4be6-91f5-932d633594a0;421.99;0.45;UNKNOWN
2016-04-10T10:20:01.000000;2016-04-10T10:20:01.000000;fd3ffdab-4a8b-4e74-92a1-393241e538da;421.98;0.1;UNKNOWN
2016-04-10T10:20:02.000000;2016-04-10T10:20:02.000000;5f7f875b-7989-44e5-a2a1-081b2f4ed866;421.98;0.02428185;UNKNOWN
2016-04-10T10:20:34.000000;2016-04-10T10:20:34.000000;746068a4-3b5c-46ab-a723-5c7bb5b22412;422.0;0.05683083;UNKNOWN
2016-04-10T10:21:46.000000;2016-04-10T10:21:46.000000;4086e3dc-4eef-426a-99eb-f7183cee3d4a;422.0;0.4889651;UNKNOWN
2016-04-10T10:21:46.000000;2016-04-10T10:21:46.000000;aec0230f-2dfc-46a1-89f6-6dd75fb29ccf;421.99;0.02;UNKNOWN
2016-04-10T10:21:47.000000;2016-04-10T10:21:47.000000;14f3e273-a0ab-4ee4-9d9b-69e4db47b527;422.0;0.4889651;UNKNOWN
2016-04-10T10:21:48.000000;2016-04-10T10:21:48.000000;4bbea33a-3802-4375-83d9-ee624cc51c17;422.0;0.48896509;UNKNOWN
2016-04-10T10:21:48.000000;2016-04-10T10:21:48.000000;771b94a2-73ea-4fb3-b984-9a06d25074a3;422.0;0.48896509;UNKNOWN
2016-04-10T10:21:49.000000;2016-04-10T10:21:49.000000;774648dc-35c0-4299-b771-79e8ecf896c5;422.0;0.3891658;UNKNOWN
2016-04-10T10:21:49.000000;2016-04-10T10:21:49.000000;04399b79-dd08-4266-a16e-5028061665c8;422.0;0.1006812;UNKNOWN
2016-04-10T10:21:49.000000;2016-04-10T10:21:49.000000;5f6eb6f5-f852-48f9-a2ad-6e1d5b095bde;422.0;0.48335363;UNKNOWN
2016-04-10T10:21:49.000000;2016-04-10T10:21:49.000000;93347272-4bfd-484f-a534-7bb466cfd1d4;422.0;0.48422541;UNKNOWN
2016-04-10T10:21:52.000000;2016-04-10T10:21:52.000000;f9584ddf-1257-4e4f-bb83-8f84422a86e1;422.0;0.11245481;UNKNOWN
2016-04-10T10:21:54.000000;2016-04-10T10:21:54.000000;87392a51-ad2e-464c-bbe7-4e22848b58f3;422.0;0.05550934;UNKNOWN
2016-04-10T10:21:55.000000;2016-04-10T10:21:55.000000;f6613810-ac90-4741-b649-a5687c712bd8;422.0;0.11245481;UNKNOWN
2016-04-10T10:22:01.000000;2016-04-10T10:22:01.000000;53553766-c6df-468d-93a8-02ad45900130;422.0;0.11245481;UNKNOWN
2016-04-10T10:22:04.000000;2016-04-10T10:22:04.000000;0779667c-32b5-49bd-bde7-3631f3398846;422.0;0.11245481;UNKNOWN
2016-04-10T10:22:07.000000;2016-04-10T10:22:07.000000;f88ca7f1-ba43-43dc-9f66-c19c63463cf4;422.0;0.11245481;UNKNOWN
2016-04-10T10:22:09.000000;2016-04-10T10:22:09.000000;14805ce9-90e9-4a20-8bc6-66144d4b3698;422.0;0.11245481;UNKNOWN
2016-04-10T10:22:11.000000;2016-04-10T10:22:11.000000;441e5ae2-9c29-4a19-a449-ec08386f9edf;422.0;0.03620454;UNKNOWN
2016-04-10T10:22:11.000000;2016-04-10T10:22:11.000000;0b13b1f9-9053-4859-80cd-95ba0cdfce5f;422.0;0.032841;UNKNOWN
2016-04-10T10:22:12.000000;2016-04-10T10:22:12.000000;50026262-6513-495c-a092-0a445f70092a;421.99;0.02596822;UNKNOWN
2016-04-10T10:22:13.000000;2016-04-10T10:22:13.000000;e2161368-1eaa-4b92-88b6-0b3f80147054;422.0;0.11245481;UNKNOWN
2016-04-10T10:22:14.000000;2016-04-10T10:22:14.000000;0fe2f3a6-5d89-4451-bd04-5f48bdaf4f6c;422.0;0.03620871;UNKNOWN
2016-04-10T10:22:16.000000;2016-04-10T10:22:16.000000;159fc94a-dad4-4937-a4dd-21d5b54ac16c;422.0;0.11679443;UNKNOWN
2016-04-10T10:22:18.000000;2016-04-10T10:22:18.000000;fb6dbf4b-0d11-4533-9e25-f359ea3f5956;422.0;0.02937504;UNKNOWN
2016-04-10T10:22:19.000000;2016-04-10T10:22:19.000000;f6d6c9b1-ebcd-4ca2-898d-0d81089290d9;422.0;0.1170131;UNKNOWN
2016-04-10T10:22:26.000000;2016-04-10T10:22:26.000000;98c73c58-83cd-43e2-b0bf-167e1e742274;422.0;0.1170131;UNKNOWN
2016-04-10T10:22:27.000000;2016-04-10T10:22:27.000000;7521d303-8a4c-40d8-839b-6ada845bfa48;422.0;0.20517988;UNKNOWN
2016-04-10T10:22:29.000000;2016-04-10T10:22:29.000000;0b6b2cd2-f7e9-4571-8e9b-2ab26a6793e9;422.0;0.12514263;UNKNOWN
2016-04-10T10:22:30.000000;2016-04-10T10:22:30.000000;dd77d41d-5dab-4fd4-93bb-87ed539fdcf2;422.0;0.26909655;UNKNOWN
2016-04-10T10:22:32.000000;2016-04-10T10:22:32.000000;07b5022f-8254-47c0-8a94-655807a4a586;422.0;0.4884549;UNKNOWN
2016-04-10T10:22:32.000000;2016-04-10T10:22:32.000000;d509fb73-7efe-44bb-8a2f-e0f238ed5437;422.0;0.12514263;UNKNOWN
2016-04-10T10:22:45.000000;2016-04-10T10:22:45.000000;df6391ad-a8d9-4a0e-bad3-cbb54f7a7ee9;422.0;1.0;UNKNOWN
2016-04-10T10:22:51.000000;2016-04-10T10:22:51.000000;8ece9e37-5b00-4df1-8f85-e37265db9808;422.0;0.04708584;UNKNOWN
2016-04-10T10:23:05.000000;2016-04-10T10:23:05.000000;17aba499-c122-400a-91b5-50c36634c1fd;422.0;0.06171939;UNKNOWN
2016-04-10T10:23:12.000000;2016-04-10T10:23:12.000000;06137e49-190c-498a-a287-2a47925c46a1;422.0;0.24524761;UNKNOWN
2016-04-10T10:23:16.000000;2016-04-10T10:23:16.000000;0ec9e567-8a1b-4e48-8819-8534a2a153d9;422.0;0.2429003;UNKNOWN
2016-04-10T10:23:16.000000;2016-04-10T10:23:16.000000;1cebfa00-b196-44ef-bcf6-c47636de32fb;422.0;0.06171939;UNKNOWN
2016-04-10T10:23:19.000000;2016-04-10T10:23:19.000000;04b9679a-ad17-41f6-a27e-049d0754ce63;422.0;0.02081307;UNKNOWN
2016-04-10T10:23:19.000000;2016-04-10T10:23:19.000000;cf555694-ab82-4694-84e8-50f66af839d9;422.0;0.0207756;UNKNOWN
2016-04-10T10:23:23.000000;2016-04-10T10:23:23.000000;49bd6642-a9df-45ab-b851-8eb8e514b774;422.0;0.02093927;UNKNOWN
2016-04-10T10:23:23.000000;2016-04-10T10:23:23.000000;e9997592-2be5-441a-bbfe-ca6cd30969c0;422.0;0.4914217;UNKNOWN
2016-04-10T10:23:35.000000;2016-04-10T10:23:35.000000;cee64678-b1f5-4f9c-86e1-324a68e1587b;421.99;4.58785479;UNKNOWN
2016-04-10T10:23:35.000000;2016-04-10T10:23:35.000000;2c32a77d-2c37-4e97-a07f-317fe12c5570;421.99;4.61382301;UNKNOWN
2016-04-10T10:23:35.000000;2016-04-10T10:23:35.000000;84c35a53-76fd-4f08-a1df-411d84e00e0c;421.99;0.7983222;UNKNOWN
2016-04-10T10:23:38.000000;2016-04-10T10:23:38.000000;cdc96a52-16fe-419f-af11-c72313e78c9d;422.0;0.4889651;UNKNOWN
2016-04-10T10:23:39.000000;2016-04-10T10:23:39.000000;bd1a7cc0-4f90-4596-8939-20c4a16b5680;422.0;0.41555757;UNKNOWN
2016-04-10T10:23:40.000000;2016-04-10T10:23:40.000000;992071c7-263a-4558-939b-6a6cbf843911;422.0;0.4889651;UNKNOWN
2016-04-10T10:23:40.000000;2016-04-10T10:23:40.000000;39c9ba75-3709-4b8a-92a1-95cbacd9ffd9;422.0;0.4889651;UNKNOWN
2016-04-10T10:23:41.000000;2016-04-10T10:23:41.000000;b922d1b7-6f1a-4f47-b481-9cf27f99ceb9;422.0;0.489847;UNKNOWN
2016-04-10T10:23:41.000000;2016-04-10T10:23:41.000000;4d46796b-bc33-421f-bca1-756c5bd845e1;422.0;0.06178323;UNKNOWN
2016-04-10T10:23:41.000000;2016-04-10T10:23:41.000000;f257a722-b55e-4d35-810a-dd08da15f727;422.0;0.4889651;UNKNOWN
2016-04-10T10:23:42.000000;2016-04-10T10:23:42.000000;7ea4aea7-3e4a-4c3f-8a8c-d6ccc05879dc;422.0;0.48973095;UNKNOWN
2016-04-10T10:23:42.000000;2016-04-10T10:23:42.000000;2b0b3f3a-6d2c-454b-9c6f-50365af84f95;422.0;0.4889651;UNKNOWN
2016-04-10T10:23:43.000000;2016-04-10T10:23:43.000000;cd51fa51-a124-42cc-b633-4cf2487d0f09;422.0;0.4889651;UNKNOWN
2016-04-10T10:23:43.000000;2016-04-10T10:23:43.000000;2c8ff64a-19ca-414d-9983-952508f667b8;422.0;0.489847;UNKNOWN
2016-04-10T10:23:43.000000;2016-04-10T10:23:43.000000;1463a4fd-8c0c-40a0-b3fe-1f81fc146d5f;422.0;0.4889651;UNKNOWN
2016-04-10T10:23:43.000000;2016-04-10T10:23:43.000000;97e33d14-2dd0-4a73-86ea-c349f7b37e17;422.0;0.48896509;UNKNOWN
2016-04-10T10:23:43.000000;2016-04-10T10:23:43.000000;50609d44-7647-4d82-aaaa-160b8787327a;422.0;0.489847;UNKNOWN
2016-04-10T10:23:45.000000;2016-04-10T10:23:45.000000;17b0b825-7a73-49e8-8394-1618b5a39d3b;422.0;0.14254758;UNKNOWN
2016-04-10T10:24:00.000000;2016-04-10T10:24:00.000000;71b5eb07-c65c-4caf-bfe6-eac76c863816;422.0;1.0;UNKNOWN
2016-04-10T10:24:01.000000;2016-04-10T10:24:01.000000;5afe1dad-45d3-4ae9-922d-f8070e23bb2f;421.99;1.5359227;UNKNOWN
2016-04-10T10:24:01.000000;2016-04-10T10:24:01.000000;edb09d4c-7186-4f68-bd64-6170e3495b93;421.99;4.61616581;UNKNOWN
2016-04-10T10:24:01.000000;2016-04-10T10:24:01.000000;6507db29-ea10-48ca-a01b-bed4caf00466;421.99;4.61605927;UNKNOWN
2016-04-10T10:24:01.000000;2016-04-10T10:24:01.000000;dd9709c8-a295-406c-acfd-018c2af76afb;421.99;4.61616581;UNKNOWN
