time_exchange;time_coinpai;guid;price;base_amount;taker_side
2016-04-10T00:01:00.000000;2016-04-10T00:01:00.000000;11c306e2-e5d8-4e10-90de-23e0b640ed2e;419.46;0.55495;UNKNOWN
2016-04-10T00:01:30.000000;2016-04-10T00:01:30.000000;36f5ad6b-5353-41e6-886e-d24990693372;419.47;0.28323;UNKNOWN
2016-04-10T00:02:00.000000;2016-04-10T00:02:00.000000;f0b26629-3dc6-4553-9b6d-dd2cc3959317;419.46;1.71784;UNKNOWN
2016-04-10T00:02:00.000000;2016-04-10T00:02:00.000000;32805d89-63bb-4fb9-99a4-689c77b213bc;419.46;0.5;UNKNOWN
2016-04-10T00:02:00.000000;2016-04-10T00:02:00.000000;55781aad-26c7-4258-afc6-d1d3441b54a7;419.46;0.23773;UNKNOWN
2016-04-10T00:02:30.000000;2016-04-10T00:02:30.000000;161aef35-c294-4226-8fe7-521ce44d183b;419.47;0.30212;UNKNOWN
2016-04-10T00:04:49.000000;2016-04-10T00:04:49.000000;fd3f26ee-ff35-4138-9f04-855c5c824c7e;419.47;0.01726101;UNKNOWN
2016-04-10T00:04:49.000000;2016-04-10T00:04:49.000000;84322536-a43f-4ad7-8b92-5e48151cc27d;419.47;0.05867317;UNKNOWN
2016-04-10T00:09:31.000000;2016-04-10T00:09:31.000000;7acd2e1f-0e37-41de-9624-2c9846e68de8;419.47;0.05;UNKNOWN
2016-04-10T00:09:31.000000;2016-04-10T00:09:31.000000;f9ff53f0-89ca-41e0-9947-cfd2fec93345;419.47;1.0;UNKNOWN
2016-04-10T00:09:31.000000;2016-04-10T00:09:31.000000;430e53d8-b1d9-415c-974a-0a1ede537b04;419.5;0.01;UNKNOWN
2016-04-10T00:09:31.000000;2016-04-10T00:09:31.000000;8dfe57b7-9621-44df-96d9-457d38cb8b40;419.5;0.1;UNKNOWN
2016-04-10T00:09:31.000000;2016-04-10T00:09:31.000000;81106295-628e-4329-86fd-44cfdde21776;419.5;0.02190999;UNKNOWN
2016-04-10T00:09:31.000000;2016-04-10T00:09:31.000000;14e473b7-9107-463b-ab43-f56d67020789;419.47;0.1;UNKNOWN
2016-04-10T00:09:31.000000;2016-04-10T00:09:31.000000;31fa777e-fd49-4c0a-bf19-a27615d22425;419.47;0.46079062;UNKNOWN
2016-04-10T00:09:31.000000;2016-04-10T00:09:31.000000;1c84c4a3-d5e0-40a2-9936-b32914986baa;419.48;0.02;UNKNOWN
2016-04-10T00:09:31.000000;2016-04-10T00:09:31.000000;abde2c5a-4b2f-4aea-a198-67011befab9d;419.49;3.8405;UNKNOWN
2016-04-10T00:09:31.000000;2016-04-10T00:09:31.000000;f508fe55-edaa-4616-ae41-1ef0dc1b6519;419.49;0.1;UNKNOWN
2016-04-10T00:09:31.000000;2016-04-10T00:09:31.000000;fba320bb-fd28-4441-9cc2-96fec2c0ba18;419.52;1.1;UNKNOWN
2016-04-10T00:09:31.000000;2016-04-10T00:09:31.000000;7d31a7d7-c481-435c-9452-b129ebbc1aff;419.5;8.99033774;UNKNOWN
2016-04-10T00:09:31.000000;2016-04-10T00:09:31.000000;ea52d1d1-e0e3-40d2-8c3e-10c170fe5a7a;419.71;0.2;UNKNOWN
2016-04-10T00:09:31.000000;2016-04-10T00:09:31.000000;31f36d77-59cf-409e-9d51-9bdabf53b7bf;419.52;0.0125;UNKNOWN
2016-04-10T00:09:31.000000;2016-04-10T00:09:31.000000;1e331572-2195-4fc2-9e40-1dd6e62eda6d;419.5;0.12850537;UNKNOWN
2016-04-10T00:09:31.000000;2016-04-10T00:09:31.000000;da388a8a-a828-4c37-8100-731624f860e6;419.7;0.01;UNKNOWN
2016-04-10T00:09:31.000000;2016-04-10T00:09:31.000000;0eb15cc8-3bca-4ae8-b40e-ffed7c66dbea;419.5;7.486395;UNKNOWN
2016-04-10T00:09:31.000000;2016-04-10T00:09:31.000000;d2d200eb-6fb3-4f0a-b523-4932a762417b;419.5;0.01;UNKNOWN
2016-04-10T00:09:31.000000;2016-04-10T00:09:31.000000;b79c845f-761e-4358-9222-3ca8fc043df4;419.58;0.35999999;UNKNOWN
2016-04-10T00:09:31.000000;2016-04-10T00:09:31.000000;c2e9687e-22fd-48c9-96e1-aa70a6eabbd3;419.61;0.01;UNKNOWN
2016-04-10T00:09:31.000000;2016-04-10T00:09:31.000000;5b505332-295e-4dda-a7b7-4d03d8469dcf;419.66;0.01;UNKNOWN
2016-04-10T00:09:31.000000;2016-04-10T00:09:31.000000;dd408e84-324f-4b04-a90d-9685156aa1d9;419.7;0.366;UNKNOWN
2016-04-10T00:09:31.000000;2016-04-10T00:09:31.000000;a0765945-90fb-439d-b9c4-6eb8578430e7;419.6;0.385;UNKNOWN
2016-04-10T00:09:31.000000;2016-04-10T00:09:31.000000;6b1ac530-556e-48e7-9a24-f15cb5a02571;419.6;0.1;UNKNOWN
2016-04-10T00:09:31.000000;2016-04-10T00:09:31.000000;eb6f5b2c-2115-4197-8263-05bcae7fd407;419.6;0.01;UNKNOWN
2016-04-10T00:09:31.000000;2016-04-10T00:09:31.000000;c9d56569-e54d-4d47-bf81-96a6d7d11b89;419.58;0.01;UNKNOWN
2016-04-10T00:09:31.000000;2016-04-10T00:09:31.000000;be4b6f30-12d6-4255-a942-e03a5db40960;419.54;0.01;UNKNOWN
2016-04-10T00:09:31.000000;2016-04-10T00:09:31.000000;1358f8dd-2a28-4db6-bee8-c39d0e8b5cc5;419.65;0.01;UNKNOWN
2016-04-10T00:09:31.000000;2016-04-10T00:09:31.000000;6a17e7e6-9bbb-4627-ba8d-ecbb447361a7;419.73;1.808;UNKNOWN
2016-04-10T00:09:31.000000;2016-04-10T00:09:31.000000;9eb326d6-7373-4b81-9c2d-fb116a1894bc;419.69;0.01;UNKNOWN
2016-04-10T00:09:31.000000;2016-04-10T00:09:31.000000;e93ec520-8763-4ac2-bf02-fc1dcce19253;419.66;0.05;UNKNOWN
2016-04-10T00:09:31.000000;2016-04-10T00:09:31.000000;3f55159b-e119-4ce0-ab5f-c24495285e49;419.65;0.341;UNKNOWN
2016-04-10T00:09:31.000000;2016-04-10T00:09:31.000000;85c49c83-d088-473f-8ebf-a7efc2718175;419.62;0.01;UNKNOWN
2016-04-10T00:09:31.000000;2016-04-10T00:09:31.000000;b302e0ca-7b18-434a-9e01-cb1c6348ebf6;419.64;0.01;UNKNOWN
2016-04-10T00:09:31.000000;2016-04-10T00:09:31.000000;810277df-0211-4214-86e8-00a4d63481af;419.69;0.02;UNKNOWN
2016-04-10T00:09:31.000000;2016-04-10T00:09:31.000000;1080453c-8a3f-4334-9ec4-cbb42e086f47;419.75;0.1114534;UNKNOWN
2016-04-10T00:09:31.000000;2016-04-10T00:09:31.000000;a760dafa-cfc7-44d9-933d-3367c1d9c15f;419.75;0.02190143;UNKNOWN
2016-04-10T00:09:31.000000;2016-04-10T00:09:31.000000;bf2c7581-0642-43d1-bb74-6ab569ee59f8;419.74;0.01;UNKNOWN
2016-04-10T00:09:31.000000;2016-04-10T00:09:31.000000;85ea949b-aaa3-4e09-841b-e4d76a8d0b2f;419.75;0.1;UNKNOWN
2016-04-10T00:09:31.000000;2016-04-10T00:09:31.000000;bbe1930c-6dd7-426b-802a-88a6929eb463;419.75;0.01845076;UNKNOWN
2016-04-10T00:09:31.000000;2016-04-10T00:09:31.000000;7cc074df-b055-4f47-8db7-3dc476d1fd9c;419.75;0.2008457;UNKNOWN
2016-04-10T00:10:01.000000;2016-04-10T00:10:01.000000;86d527dd-adf3-4000-8fec-01d137d0140f;419.73;2.0203;UNKNOWN
2016-04-10T00:10:01.000000;2016-04-10T00:10:01.000000;1014b8de-83f7-44b8-be19-d66cf7eed5c1;419.64;0.01;UNKNOWN
2016-04-10T00:10:01.000000;2016-04-10T00:10:01.000000;83848ea8-dd14-44b3-a7b2-b8aae4a1804d;419.64;0.22;UNKNOWN
2016-04-10T00:10:31.000000;2016-04-10T00:10:31.000000;b28ff618-39eb-4117-b651-c162db5dea0f;419.73;1.18777;UNKNOWN
2016-04-10T00:10:31.000000;2016-04-10T00:10:31.000000;2775f508-9579-425d-8c62-81d412d8d890;419.71;0.13;UNKNOWN
2016-04-10T00:10:31.000000;2016-04-10T00:10:31.000000;70c235bd-dbde-476d-9c32-d30de3f6dd6f;419.72;0.01;UNKNOWN
2016-04-10T00:11:01.000000;2016-04-10T00:11:01.000000;d0874c99-07e8-4bca-94f7-bd69529e348b;419.73;0.17489;UNKNOWN
2016-04-10T00:11:10.000000;2016-04-10T00:11:10.000000;f2885e98-3e50-48f1-80ac-1db6c7783b42;419.73;0.03;UNKNOWN
2016-04-10T00:11:31.000000;2016-04-10T00:11:31.000000;e0c684e1-0f9a-4b9a-a264-e5d3211f2e36;419.73;0.22335;UNKNOWN
2016-04-10T00:12:01.000000;2016-04-10T00:12:01.000000;16700f8f-c0e0-4661-b514-af5a659a91ac;419.65;0.04486;UNKNOWN
2016-04-10T00:12:01.000000;2016-04-10T00:12:01.000000;dc913cf5-c0fd-44b0-93f5-d844d0987222;419.65;0.0115;UNKNOWN
2016-04-10T00:12:31.000000;2016-04-10T00:12:31.000000;7a2ac0c7-95d6-43fb-9159-5b508e92f5c0;419.65;0.01002;UNKNOWN
2016-04-10T00:12:31.000000;2016-04-10T00:12:31.000000;6c6bc7fa-ed96-4d81-9daa-e5c3ddedb127;419.65;0.00514;UNKNOWN
2016-04-10T00:13:01.000000;2016-04-10T00:13:01.000000;fc152a6c-3c09-4c20-b427-a90f91eb40f9;419.74;0.01;UNKNOWN
2016-04-10T00:13:01.000000;2016-04-10T00:13:01.000000;793f46cd-ee60-426f-9477-ece0e880d994;419.74;0.44661;UNKNOWN
2016-04-10T00:14:01.000000;2016-04-10T00:14:01.000000;6d477e64-3ece-47fd-a69f-baf097fd411a;419.76;0.02;UNKNOWN
2016-04-10T00:14:01.000000;2016-04-10T00:14:01.000000;3c08e47c-21b1-4f79-bc0f-6f0eeac30d20;419.74;1.03739;UNKNOWN
2016-04-10T00:14:01.000000;2016-04-10T00:14:01.000000;389b7347-32e3-497c-a3eb-1e76e2fa33b5;419.77;0.272;UNKNOWN
2016-04-10T00:14:01.000000;2016-04-10T00:14:01.000000;3f51e4bb-6b1a-443c-b433-0fa4f91b7bd7;419.77;0.01;UNKNOWN
2016-04-10T00:14:01.000000;2016-04-10T00:14:01.000000;3104eefe-936a-4404-951c-7afbe811c448;419.79;1.00469;UNKNOWN
2016-04-10T00:14:01.000000;2016-04-10T00:14:01.000000;52bd2cee-5ad3-4132-a0cc-9eb8d4abefcd;419.78;0.01;UNKNOWN
2016-04-10T00:14:31.000000;2016-04-10T00:14:31.000000;1ac4e8e2-84d0-47b0-83c6-674d6f9fbcf2;419.66;0.01;UNKNOWN
2016-04-10T00:14:31.000000;2016-04-10T00:14:31.000000;45e55df0-572d-4f3c-a611-164c5d509332;419.66;0.03407;UNKNOWN
2016-04-10T00:15:01.000000;2016-04-10T00:15:01.000000;945ac229-3919-4702-b005-2b38961ef6e1;419.65;0.00207;UNKNOWN
2016-04-10T00:15:01.000000;2016-04-10T00:15:01.000000;1521d313-5684-46c1-90e0-e1e1561a4634;419.65;0.05;UNKNOWN
2016-04-10T00:15:01.000000;2016-04-10T00:15:01.000000;d3087cdc-114d-479e-b7b8-6a6781af015e;419.65;0.02;UNKNOWN
2016-04-10T00:15:01.000000;2016-04-10T00:15:01.000000;edfe7f97-ffd9-4248-8484-b33dac3c775f;419.66;0.1;UNKNOWN
2016-04-10T00:15:01.000000;2016-04-10T00:15:01.000000;f677c2fb-43de-4882-8069-508c3a4f5ffc;419.66;0.12593;UNKNOWN
2016-04-10T00:15:21.000000;2016-04-10T00:15:21.000000;01a2597e-c02a-455b-aed6-bf330ab4bbee;419.73;0.22478283;UNKNOWN
2016-04-10T00:15:21.000000;2016-04-10T00:15:21.000000;30a146ad-b830-45db-ba1a-811ab45cdfc8;419.73;0.0578;UNKNOWN
2016-04-10T00:15:21.000000;2016-04-10T00:15:21.000000;2e4cc425-2134-4c4d-a211-20c6d46122d4;419.72;0.011;UNKNOWN
2016-04-10T00:15:21.000000;2016-04-10T00:15:21.000000;6f704bf0-70a7-4fc6-bdf4-f5ebdd8eca46;419.72;0.019;UNKNOWN
2016-04-10T00:15:21.000000;2016-04-10T00:15:21.000000;8fdd3366-249c-4727-94f8-0b27fe5ad768;419.73;0.01741717;UNKNOWN
2016-04-10T00:15:31.000000;2016-04-10T00:15:31.000000;56727508-80ae-482c-884f-20d8cdfc34d1;419.73;0.42904;UNKNOWN
2016-04-10T00:16:01.000000;2016-04-10T00:16:01.000000;d693aec2-2435-4d74-b03d-3437cbdd6e74;419.65;0.00943;UNKNOWN
2016-04-10T00:16:01.000000;2016-04-10T00:16:01.000000;95950248-115d-48b6-84e2-e9966e616f2a;419.65;0.00573;UNKNOWN
2016-04-10T00:16:31.000000;2016-04-10T00:16:31.000000;fdfa88ae-6a09-4593-b918-6cc804c7bf47;419.73;0.50896;UNKNOWN
2016-04-10T00:16:31.000000;2016-04-10T00:16:31.000000;24503232-079e-49e9-a6b1-79dc9e465804;419.72;0.01;UNKNOWN
2016-04-10T00:17:31.000000;2016-04-10T00:17:31.000000;94d62e3c-41e6-4eec-851a-4a6d721336ef;419.73;0.08058;UNKNOWN
2016-04-10T00:18:01.000000;2016-04-10T00:18:01.000000;166ba9d4-1a35-46b7-8aca-670509dbf2cc;419.73;0.47458;UNKNOWN
2016-04-10T00:19:01.000000;2016-04-10T00:19:01.000000;48a85d85-93e1-4f06-ab34-1ea481ba53f9;419.73;1.50297;UNKNOWN
2016-04-10T00:19:31.000000;2016-04-10T00:19:31.000000;aa3a7abf-a735-43f4-9d64-05b71b548924;419.8;0.01;UNKNOWN
2016-04-10T00:19:31.000000;2016-04-10T00:19:31.000000;7300c424-d02c-4b51-b4ed-708ebaa69e0e;419.81;0.01;UNKNOWN
2016-04-10T00:19:31.000000;2016-04-10T00:19:31.000000;bb17f74b-733a-4138-aa12-72de4affc6b7;419.83;0.098;UNKNOWN
2016-04-10T00:19:31.000000;2016-04-10T00:19:31.000000;59ccd3a9-b3dc-4e62-a60d-8d2ae558f7f3;419.8;0.1;UNKNOWN
2016-04-10T00:19:31.000000;2016-04-10T00:19:31.000000;5db841ab-798a-44b7-834a-698bd3c56772;419.8;0.01;UNKNOWN
2016-04-10T00:19:31.000000;2016-04-10T00:19:31.000000;0aca4ceb-ff6a-4dad-bc1c-3b44300cb516;419.84;0.05;UNKNOWN
2016-04-10T00:19:31.000000;2016-04-10T00:19:31.000000;cb0b8dbe-667a-421f-830b-f5a7419c7c9e;419.8;0.02;UNKNOWN
2016-04-10T00:19:31.000000;2016-04-10T00:19:31.000000;a7d75c95-80f0-46e5-99fa-dd797296899b;419.85;0.01;UNKNOWN
2016-04-10T00:19:31.000000;2016-04-10T00:19:31.000000;4ecc55e3-0ad1-42a1-a0a9-01be0ffbf199;419.85;0.01463;UNKNOWN
2016-04-10T00:19:31.000000;2016-04-10T00:19:31.000000;493df7a9-c741-4048-90ea-631a461e4f9b;419.8;0.01;UNKNOWN
2016-04-10T00:19:31.000000;2016-04-10T00:19:31.000000;b55cf378-59bf-4054-8cfd-3d03b4bd48dc;419.78;0.084;UNKNOWN
2016-04-10T00:19:31.000000;2016-04-10T00:19:31.000000;bed881bd-daf9-4b8a-8848-ea4731e745de;419.77;0.01;UNKNOWN
2016-04-10T00:19:31.000000;2016-04-10T00:19:31.000000;231e9a7d-6de6-48cd-a9f9-918bfa366354;419.75;0.0125;UNKNOWN
2016-04-10T00:19:31.000000;2016-04-10T00:19:31.000000;8fd7a3af-cdd2-4e61-ba63-11dde7441e38;419.75;0.01;UNKNOWN
2016-04-10T00:19:31.000000;2016-04-10T00:19:31.000000;293d94e8-2e93-4d3a-b144-ea299bfa20e2;419.74;0.02;UNKNOWN
2016-04-10T00:19:31.000000;2016-04-10T00:19:31.000000;21bdd39f-02c3-451f-b994-67ff2c336149;419.73;0.16087;UNKNOWN
2016-04-10T00:20:01.000000;2016-04-10T00:20:01.000000;8e588860-5524-421c-a985-021c82ef3028;419.74;3.304;UNKNOWN
2016-04-10T00:20:01.000000;2016-04-10T00:20:01.000000;98dac850-3a15-4a7c-8ebc-78feb10ba03f;419.78;0.247;UNKNOWN
2016-04-10T00:20:01.000000;2016-04-10T00:20:01.000000;1ba0fe81-f32b-44d4-89db-6bbb860dfd5f;419.83;0.21809;UNKNOWN
2016-04-10T00:20:01.000000;2016-04-10T00:20:01.000000;237d1b03-ed11-4caa-9e2f-759c881cd88a;419.74;0.02;UNKNOWN
2016-04-10T00:20:32.000000;2016-04-10T00:20:32.000000;d1182842-4596-4e80-a730-449148c5cbf4;419.72;0.01515;UNKNOWN
2016-04-10T00:21:01.000000;2016-04-10T00:21:01.000000;43a424f2-e590-494d-9040-74bd2726ceec;419.79;0.255;UNKNOWN
2016-04-10T00:21:01.000000;2016-04-10T00:21:01.000000;43026733-1659-4313-8535-a51c625dd1c5;419.74;0.02;UNKNOWN
2016-04-10T00:21:01.000000;2016-04-10T00:21:01.000000;f34ca9b8-82cb-4061-a3ab-b3f8feb53867;419.74;2.986;UNKNOWN
2016-04-10T00:21:01.000000;2016-04-10T00:21:01.000000;674342d5-c20b-4f47-a4b2-2f4a18b69995;419.83;0.01;UNKNOWN
2016-04-10T00:21:01.000000;2016-04-10T00:21:01.000000;2925fd00-8bda-4284-b078-49706f958d08;419.83;0.12319;UNKNOWN
2016-04-10T00:21:01.000000;2016-04-10T00:21:01.000000;9986ee18-f73a-4bb9-a0d5-6c1263151d5c;419.82;0.05;UNKNOWN
2016-04-10T00:21:31.000000;2016-04-10T00:21:31.000000;7803eb20-08f0-4d4c-a7b9-14a3c9630ac0;419.73;0.01;UNKNOWN
2016-04-10T00:21:31.000000;2016-04-10T00:21:31.000000;73dc8ece-f1cf-44a2-8abe-f61463d4eccd;419.73;0.089;UNKNOWN
2016-04-10T00:21:31.000000;2016-04-10T00:21:31.000000;a832856c-a5ca-4695-9fdf-3f9d2a4c8791;419.68;0.24355;UNKNOWN
2016-04-10T00:21:31.000000;2016-04-10T00:21:31.000000;6ac9f917-cadc-4187-97a8-4a1be63e28c2;419.72;0.00485;UNKNOWN
2016-04-10T00:21:31.000000;2016-04-10T00:21:31.000000;02ad2311-f622-47d7-a6c6-7eb61117c674;419.73;0.05;UNKNOWN
2016-04-10T00:21:31.000000;2016-04-10T00:21:31.000000;6dd1c270-1dbc-41d5-9f0f-692a5814ae7a;419.7;0.0146;UNKNOWN
2016-04-10T00:21:31.000000;2016-04-10T00:21:31.000000;f1acb061-5256-4b8d-8420-d8c4453f0f9b;419.71;0.01;UNKNOWN
2016-04-10T00:21:31.000000;2016-04-10T00:21:31.000000;69881e6d-487d-4a16-ab1e-6f656edb7891;419.7;0.01;UNKNOWN
2016-04-10T00:22:01.000000;2016-04-10T00:22:01.000000;b07f9882-7bf0-4f7a-accf-1c8982a759c2;419.75;0.20073;UNKNOWN
2016-04-10T00:22:01.000000;2016-04-10T00:22:01.000000;4cf40c93-351d-4e8b-85ee-9c4d105ea8f0;419.74;0.02;UNKNOWN
2016-04-10T00:22:31.000000;2016-04-10T00:22:31.000000;2b535377-2cfe-4152-9ab1-db7b2bd4d246;419.75;0.00964;UNKNOWN
2016-04-10T00:22:31.000000;2016-04-10T00:22:31.000000;8c3aa3e1-73ef-484c-8cf4-300f36e88d4b;419.74;0.02;UNKNOWN
2016-04-10T00:22:55.000000;2016-04-10T00:22:55.000000;3ff6e71f-ef0d-4560-bc18-ffc5d7decd77;419.65;0.0525;UNKNOWN
2016-04-10T00:22:55.000000;2016-04-10T00:22:55.000000;c9a4ec9d-ce98-43b8-bf36-979967c5fb6f;419.65;0.01;UNKNOWN
2016-04-10T00:22:55.000000;2016-04-10T00:22:55.000000;795b0dc6-c23d-4dd9-9218-a0efd90a694a;419.65;0.1375;UNKNOWN
2016-04-10T00:22:57.000000;2016-04-10T00:22:57.000000;3cba7eb2-5d94-4b27-a8bf-96b66e5d9f6c;419.65;0.2;UNKNOWN
2016-04-10T00:22:59.000000;2016-04-10T00:22:59.000000;3e0b2fe4-8c88-40c4-b2bc-b967792e718c;419.65;0.2;UNKNOWN
2016-04-10T00:23:02.000000;2016-04-10T00:23:02.000000;dd7c8e25-55e4-4ae2-95ee-1b65d89e4f0f;419.65;0.2;UNKNOWN
2016-04-10T00:23:04.000000;2016-04-10T00:23:04.000000;0635ca62-ea8d-40f4-806f-e55944296768;419.65;0.08105;UNKNOWN
2016-04-10T00:23:04.000000;2016-04-10T00:23:04.000000;36d45829-03b9-4f3c-8949-72d0cdf03748;419.65;0.11895;UNKNOWN
2016-04-10T00:23:06.000000;2016-04-10T00:23:06.000000;f5289ff7-7d46-4b93-b626-a2996e8b2af9;419.64;0.13;UNKNOWN
2016-04-10T00:23:06.000000;2016-04-10T00:23:06.000000;1fe13d79-5076-4eec-8338-2367a8bd68e3;419.6;0.0115;UNKNOWN
2016-04-10T00:23:06.000000;2016-04-10T00:23:06.000000;edbdc3c7-327c-4145-85d6-7a8229d132be;419.6;0.0585;UNKNOWN
2016-04-10T00:23:08.000000;2016-04-10T00:23:08.000000;17fb07c8-6de0-41f9-9292-bfa4de5fed21;419.56;0.18;UNKNOWN
2016-04-10T00:23:08.000000;2016-04-10T00:23:08.000000;3e8c81f8-b381-48fd-9dc4-9c896284198b;419.56;0.01;UNKNOWN
2016-04-10T00:23:08.000000;2016-04-10T00:23:08.000000;6d603586-aaeb-449b-b3c3-f3abb6a3b19c;419.57;0.01;UNKNOWN
2016-04-10T00:23:11.000000;2016-04-10T00:23:11.000000;254b053e-efc8-4c2c-b30b-3d55a66fdc03;419.57;0.19;UNKNOWN
2016-04-10T00:23:11.000000;2016-04-10T00:23:11.000000;60dfe8e1-45bb-4ecc-9b29-2d3c11c5a581;419.57;0.01;UNKNOWN
2016-04-10T00:23:13.000000;2016-04-10T00:23:13.000000;5cb959d2-3cb6-48aa-b45d-5951fe4b4fe4;419.5;0.19;UNKNOWN
2016-04-10T00:23:13.000000;2016-04-10T00:23:13.000000;201a165c-3474-4aa1-852b-8077711e62db;419.51;0.01;UNKNOWN
2016-04-10T00:23:15.000000;2016-04-10T00:23:15.000000;deb7f6fa-0a06-4033-8255-d8921859d962;419.51;0.19;UNKNOWN
2016-04-10T00:23:15.000000;2016-04-10T00:23:15.000000;ab1a1063-2fb4-4b9c-875f-b5af2e2b9504;419.52;0.01;UNKNOWN
2016-04-10T00:23:17.000000;2016-04-10T00:23:17.000000;d77a96d9-def6-4031-a58a-2cb021769c0c;419.66;0.14;UNKNOWN
2016-04-10T00:23:17.000000;2016-04-10T00:23:17.000000;52f4a528-da02-4e82-b9f2-a183166b0f50;419.48;0.19;UNKNOWN
2016-04-10T00:23:17.000000;2016-04-10T00:23:17.000000;c8eb7a47-0c49-4032-9406-b976d3c6472b;419.49;0.01;UNKNOWN
2016-04-10T00:23:19.000000;2016-04-10T00:23:19.000000;25249cd2-5efc-49b2-a70f-107fb6a55965;419.47;0.18;UNKNOWN
2016-04-10T00:23:19.000000;2016-04-10T00:23:19.000000;b3559774-6dce-4be4-9b6a-6571a6b3d3aa;419.49;0.01;UNKNOWN
2016-04-10T00:23:19.000000;2016-04-10T00:23:19.000000;764e7614-afe7-4f55-9a04-6e22a7d6e2d3;419.47;0.01;UNKNOWN
2016-04-10T00:23:22.000000;2016-04-10T00:23:22.000000;34fbef8c-2ab9-4e05-a03e-e61a4677b4d3;419.48;0.01;UNKNOWN
2016-04-10T00:23:22.000000;2016-04-10T00:23:22.000000;2356a4cd-99e3-4a80-b51d-e99a746f23d5;419.47;0.052;UNKNOWN
2016-04-10T00:23:22.000000;2016-04-10T00:23:22.000000;09d126e9-1aa1-40c7-b505-b222c4a7b950;419.48;0.138;UNKNOWN
2016-04-10T00:23:24.000000;2016-04-10T00:23:24.000000;168dc77b-21f7-4894-947d-a05390187809;419.47;0.2;UNKNOWN
2016-04-10T00:23:26.000000;2016-04-10T00:23:26.000000;51948c2d-b493-4fdd-91e6-60fbddaec178;419.46;0.2;UNKNOWN
2016-04-10T00:23:28.000000;2016-04-10T00:23:28.000000;d5740bfa-ccf6-4ec3-8829-c6a6699108ac;419.47;0.8989;UNKNOWN
2016-04-10T00:23:31.000000;2016-04-10T00:23:31.000000;bcbbaf96-7915-4f43-8d25-886b26bf1783;419.62;0.10432;UNKNOWN
2016-04-10T00:24:01.000000;2016-04-10T00:24:01.000000;9c2e9d55-14a1-4be5-a44e-746be0e259ec;419.47;0.01516;UNKNOWN
2016-04-10T00:24:18.000000;2016-04-10T00:24:18.000000;dbe84407-d314-48bb-aaff-f058a7c60a33;419.62;2.377e-05;UNKNOWN
2016-04-10T00:24:31.000000;2016-04-10T00:24:31.000000;ff2d634e-5d1f-4701-a0de-c9c6292e50c8;419.47;0.01516;UNKNOWN
2016-04-10T00:24:36.000000;2016-04-10T00:24:36.000000;0ce64ba6-172a-4285-ba1c-57cf7a86d894;419.61;9.53e-06;UNKNOWN
2016-04-10T00:25:31.000000;2016-04-10T00:25:31.000000;82001e3b-e956-4d5a-a8cb-77efc1d17efe;419.59;0.22;UNKNOWN
2016-04-10T00:25:31.000000;2016-04-10T00:25:31.000000;097ac02a-b846-40c2-8572-cb4be59d7aad;419.62;0.65302;UNKNOWN
2016-04-10T00:26:31.000000;2016-04-10T00:26:31.000000;d5f20cb9-1845-415f-899c-09bdda464f35;419.63;0.01;UNKNOWN
2016-04-10T00:26:31.000000;2016-04-10T00:26:31.000000;15fbd09d-8a71-4dcb-a1c4-7a43ebaa9b33;419.64;0.06015;UNKNOWN
2016-04-10T00:27:01.000000;2016-04-10T00:27:01.000000;501d6907-03b3-40e5-af97-49d31230f2ff;419.69;0.44183;UNKNOWN
2016-04-10T00:27:01.000000;2016-04-10T00:27:01.000000;5a1bcb56-05be-464b-80ee-6f6bcaf1d4c8;419.67;0.01;UNKNOWN
2016-04-10T00:27:01.000000;2016-04-10T00:27:01.000000;a3429f6d-60f5-410d-b583-c15c376eb189;419.65;0.01;UNKNOWN
2016-04-10T00:27:01.000000;2016-04-10T00:27:01.000000;ad71ab99-8300-4f32-a108-60a6db775a13;419.64;0.01;UNKNOWN
2016-04-10T00:27:33.000000;2016-04-10T00:27:33.000000;5035e891-52d2-4965-aca0-7ea0f5b206a4;419.55;0.91;UNKNOWN
2016-04-10T00:27:33.000000;2016-04-10T00:27:33.000000;e761c547-3743-4ed9-8908-84d3841b9f36;419.56;0.26;UNKNOWN
2016-04-10T00:27:33.000000;2016-04-10T00:27:33.000000;ae5a278a-43c7-4e09-9246-0e184905955a;419.55;0.09;UNKNOWN
2016-04-10T00:27:33.000000;2016-04-10T00:27:33.000000;8d82505d-c935-43ca-b7e5-22e7a5269be9;419.53;1.17;UNKNOWN
2016-04-10T00:27:33.000000;2016-04-10T00:27:33.000000;92dfaf1d-71a0-416f-82dc-2acedaea3e73;419.53;0.088;UNKNOWN
2016-04-10T00:27:33.000000;2016-04-10T00:27:33.000000;b2ad8ab0-590c-449d-813d-b1ea71e7e898;419.54;0.24;UNKNOWN
2016-04-10T00:27:33.000000;2016-04-10T00:27:33.000000;8015cb96-8fbe-4ba9-99a3-8964ceef86c4;419.54;1.04;UNKNOWN
2016-04-10T00:27:33.000000;2016-04-10T00:27:33.000000;06332424-cded-499d-8c56-4805bf4de396;419.52;0.0525;UNKNOWN
2016-04-10T00:27:33.000000;2016-04-10T00:27:33.000000;cec88b48-2030-4f92-9850-6c0c0b2dc80c;419.5;0.5641;UNKNOWN
2016-04-10T00:27:33.000000;2016-04-10T00:27:33.000000;ed851cdb-1999-4e06-90c8-2ccf2a2fd46c;419.52;1.43;UNKNOWN
2016-04-10T00:27:33.000000;2016-04-10T00:27:33.000000;97585eb4-b657-4fb8-90ab-6b9834e00e98;419.51;0.01;UNKNOWN
2016-04-10T00:28:01.000000;2016-04-10T00:28:01.000000;6aec1c1e-a00a-4c81-aeb8-5264853326bd;419.66;0.06111;UNKNOWN
2016-04-10T00:28:01.000000;2016-04-10T00:28:01.000000;3440bd83-da9a-4769-abec-b475952923b7;419.66;0.0277;UNKNOWN
2016-04-10T00:29:06.000000;2016-04-10T00:29:06.000000;107f1db9-7af2-4a61-a4c2-e95389c11b27;419.67;0.01;UNKNOWN
2016-04-10T00:29:06.000000;2016-04-10T00:29:06.000000;2dad7a5a-a04d-4917-9f98-7445a5d1480d;419.68;0.01;UNKNOWN
2016-04-10T00:29:06.000000;2016-04-10T00:29:06.000000;3b4593c0-cd38-440d-a158-9a09603c6813;419.67;0.21;UNKNOWN
2016-04-10T00:29:06.000000;2016-04-10T00:29:06.000000;424a38ea-fe6a-4f93-8ed4-96c418a6e561;419.68;0.11439;UNKNOWN
2016-04-10T00:30:01.000000;2016-04-10T00:30:01.000000;522e8fa3-a345-40aa-b169-07ebaab55be4;419.6;0.02649;UNKNOWN
2016-04-10T00:30:31.000000;2016-04-10T00:30:31.000000;f5549682-5084-4b9e-b270-3b65cb90c6ec;419.58;0.01;UNKNOWN
2016-04-10T00:30:31.000000;2016-04-10T00:30:31.000000;aebf9bc4-ea14-4726-98ae-30c4b36cf6df;419.57;0.12139;UNKNOWN
2016-04-10T00:30:31.000000;2016-04-10T00:30:31.000000;5620f355-f668-465e-9c58-c67625a51d92;419.6;0.02351;UNKNOWN
2016-04-10T00:30:31.000000;2016-04-10T00:30:31.000000;60388ce3-381d-4fd4-8312-80f9edf34605;419.62;0.098;UNKNOWN
2016-04-10T00:30:31.000000;2016-04-10T00:30:31.000000;33e7d352-a6a5-4972-bf8d-e7f803925cb0;419.61;0.3;UNKNOWN
2016-04-10T00:30:31.000000;2016-04-10T00:30:31.000000;5c669fd8-d2f7-4a6d-b71c-440bc199ae13;419.62;0.13;UNKNOWN
2016-04-10T00:31:01.000000;2016-04-10T00:31:01.000000;94e1f1fc-49b5-4a85-b023-9a0721702287;419.66;0.05561;UNKNOWN
2016-04-10T00:31:31.000000;2016-04-10T00:31:31.000000;4b466488-fbdb-49c2-8be2-5b5ab4376aa0;419.68;0.2967;UNKNOWN
2016-04-10T00:31:31.000000;2016-04-10T00:31:31.000000;b033347c-f731-4c7d-90d8-53758b5bfc31;419.67;0.15;UNKNOWN
2016-04-10T00:31:31.000000;2016-04-10T00:31:31.000000;869bee72-42ad-4a39-9dff-8e3d105b43dc;419.67;0.01;UNKNOWN
2016-04-10T00:31:39.000000;2016-04-10T00:31:39.000000;e7328a97-0c30-4c4b-969d-3b5bfee99981;419.65;0.059;UNKNOWN
2016-04-10T00:31:39.000000;2016-04-10T00:31:39.000000;cc76fdeb-c238-432f-8da7-70e46551f991;419.65;0.01064827;UNKNOWN
2016-04-10T00:31:39.000000;2016-04-10T00:31:39.000000;c261e29d-bcc3-4e11-8f54-1f31ae2a2b96;419.65;0.01741717;UNKNOWN
2016-04-10T00:32:31.000000;2016-04-10T00:32:31.000000;578e1d31-f820-47b5-bce3-ec2627845982;419.55;0.00547;UNKNOWN
2016-04-10T00:32:31.000000;2016-04-10T00:32:31.000000;27c45e57-1e58-4c49-9db2-db8d74057e6f;419.55;0.0115;UNKNOWN
2016-04-10T00:33:01.000000;2016-04-10T00:33:01.000000;33674fa3-208b-45f5-b8c3-98d9db46e71e;419.66;0.01;UNKNOWN
2016-04-10T00:33:01.000000;2016-04-10T00:33:01.000000;2b1ecb70-4c1f-4865-876b-e560e11b7105;419.67;0.10783;UNKNOWN
2016-04-10T00:33:32.000000;2016-04-10T00:33:32.000000;d3877876-5969-4bf0-810e-4f9c6d23a292;419.75;0.1375;UNKNOWN
2016-04-10T00:33:32.000000;2016-04-10T00:33:32.000000;a09cf821-00ba-4515-8b32-2672bf8ade2e;419.75;0.2;UNKNOWN
2016-04-10T00:33:32.000000;2016-04-10T00:33:32.000000;c3e78d58-2531-4f75-b42c-6ee047066f45;419.75;0.2;UNKNOWN
2016-04-10T00:33:32.000000;2016-04-10T00:33:32.000000;77951d94-d5b7-4c96-a7bd-f85032026097;419.75;0.19999999;UNKNOWN
2016-04-10T00:33:32.000000;2016-04-10T00:33:32.000000;4089c4e4-fe2a-4fcd-b087-87d9acb90c15;419.75;0.11895;UNKNOWN
2016-04-10T00:33:32.000000;2016-04-10T00:33:32.000000;f028e71f-6787-498e-bd97-c480376b2135;419.75;0.01;UNKNOWN
2016-04-10T00:33:32.000000;2016-04-10T00:33:32.000000;cfbb2ce7-6802-40b7-b6f2-f0aaa7ce3678;419.73;1.43;UNKNOWN
2016-04-10T00:33:32.000000;2016-04-10T00:33:32.000000;0479c2ea-79ab-4563-ac42-6bc45e8e178c;419.71;0.01;UNKNOWN
2016-04-10T00:33:32.000000;2016-04-10T00:33:32.000000;40fcbdcc-5f54-4242-8ea6-f124af87c3f6;419.69;0.02;UNKNOWN
2016-04-10T00:33:32.000000;2016-04-10T00:33:32.000000;b725b564-a58a-451a-9040-bcc205496465;419.7;0.01;UNKNOWN
2016-04-10T00:33:32.000000;2016-04-10T00:33:32.000000;87a23c32-5b5a-402c-9433-360f6647d699;419.7;0.01;UNKNOWN
2016-04-10T00:33:32.000000;2016-04-10T00:33:32.000000;994c4e8c-d593-419b-85b6-720dc09de0db;419.83;0.52;UNKNOWN
2016-04-10T00:33:32.000000;2016-04-10T00:33:32.000000;80e15294-cdb9-4234-8847-fd64db4565ba;419.68;1.50675;UNKNOWN
2016-04-10T00:33:32.000000;2016-04-10T00:33:32.000000;2e60c246-1282-4cae-a814-1319b749af86;419.78;0.3;UNKNOWN
2016-04-10T00:33:32.000000;2016-04-10T00:33:32.000000;5a9918b1-9f64-4591-8f7c-88bd1a84877d;419.78;0.24354999;UNKNOWN
2016-04-10T00:33:32.000000;2016-04-10T00:33:32.000000;88b9e12c-0802-47bd-a329-b8bed05723e0;419.78;0.335;UNKNOWN
2016-04-10T00:33:32.000000;2016-04-10T00:33:32.000000;935f9cf4-4358-48b8-9c09-58b77e8e999d;419.79;0.01;UNKNOWN
2016-04-10T00:33:32.000000;2016-04-10T00:33:32.000000;6530e5d6-023d-4910-8950-f6da0406f211;419.8;0.01;UNKNOWN
2016-04-10T00:33:32.000000;2016-04-10T00:33:32.000000;a4000c4c-76a7-4998-84bb-5b05a41ff407;419.8;0.05;UNKNOWN
2016-04-10T00:33:32.000000;2016-04-10T00:33:32.000000;10dc2044-38c3-4171-83e0-a550ae9b44f6;419.83;0.318;UNKNOWN
2016-04-10T00:33:32.000000;2016-04-10T00:33:32.000000;bfd6366f-4ef1-415d-98ba-e8f2a3907853;419.84;0.52;UNKNOWN
2016-04-10T00:33:32.000000;2016-04-10T00:33:32.000000;33951fcf-a2d7-4cf7-a6e4-12ef028c6612;419.84;0.01;UNKNOWN
2016-04-10T00:33:32.000000;2016-04-10T00:33:32.000000;f797eb33-c01e-41b9-b580-16ecf04a70b3;419.85;0.01;UNKNOWN
2016-04-10T00:33:32.000000;2016-04-10T00:33:32.000000;9f1a4dc6-c30c-4cdf-9419-60680f14fc08;419.85;0.39;UNKNOWN
2016-04-10T00:33:32.000000;2016-04-10T00:33:32.000000;4b5970ae-2571-4877-a45c-b345ab43dd7d;419.85;0.2;UNKNOWN
2016-04-10T00:33:32.000000;2016-04-10T00:33:32.000000;775ea9fb-0267-4270-bc8f-773ba101b347;419.86;0.22552002;UNKNOWN
2016-04-10T00:34:31.000000;2016-04-10T00:34:31.000000;d5a477b1-01c6-4f65-ba23-ce1ac8c181b9;419.67;0.02002;UNKNOWN
2016-04-10T00:35:01.000000;2016-04-10T00:35:01.000000;cafca75f-a52b-4eac-9089-3cf2575ab4a3;419.48;2.38255003;UNKNOWN
2016-04-10T00:35:01.000000;2016-04-10T00:35:01.000000;7ec7a40b-8e16-4b00-ba7d-f7b2ffdd16a1;419.49;0.01;UNKNOWN
2016-04-10T00:35:01.000000;2016-04-10T00:35:01.000000;51395d83-4a32-4514-b1ed-c9172916cd38;419.67;0.13;UNKNOWN
2016-04-10T00:35:01.000000;2016-04-10T00:35:01.000000;d3065da8-1b0b-4bd2-b6dd-5706dbe28eff;419.67;0.092;UNKNOWN
2016-04-10T00:35:01.000000;2016-04-10T00:35:01.000000;99194cbd-99b7-4958-ab62-83b932d94461;419.67;0.00998;UNKNOWN
2016-04-10T00:35:01.000000;2016-04-10T00:35:01.000000;d620c524-23d8-4337-be80-ae23e61cb934;419.62;0.3;UNKNOWN
2016-04-10T00:35:01.000000;2016-04-10T00:35:01.000000;a34d137f-b14b-4e4b-8ebd-fabdb8f5f8e5;419.62;1.09999997;UNKNOWN
2016-04-10T00:35:01.000000;2016-04-10T00:35:01.000000;dc056d23-fe72-4278-8b51-0b5459a090c5;419.5;0.52;UNKNOWN
2016-04-10T00:35:01.000000;2016-04-10T00:35:01.000000;78a137c7-dfb9-48bf-82b6-27b88a98ea06;419.62;0.124;UNKNOWN
2016-04-10T00:35:01.000000;2016-04-10T00:35:01.000000;a73f92db-8a5b-4b8f-a97a-efa1f7f6c96a;419.65;0.05;UNKNOWN
2016-04-10T00:35:01.000000;2016-04-10T00:35:01.000000;61cd6da8-ff06-43c4-ba75-f8375e025c49;419.65;0.01;UNKNOWN
2016-04-10T00:35:01.000000;2016-04-10T00:35:01.000000;49bc305f-1306-4eed-92f6-ded5b9a468fc;419.57;0.124;UNKNOWN
2016-04-10T00:35:01.000000;2016-04-10T00:35:01.000000;521a5212-ef49-496e-ae56-c65aae8532eb;419.52;0.093;UNKNOWN
2016-04-10T00:35:01.000000;2016-04-10T00:35:01.000000;c95a0811-d0a6-45b0-b935-177629a7f393;419.53;0.01;UNKNOWN
2016-04-10T00:35:01.000000;2016-04-10T00:35:01.000000;013ba9b7-4a73-4804-870e-18bd03742e02;419.54;0.01;UNKNOWN
2016-04-10T00:35:01.000000;2016-04-10T00:35:01.000000;0f89040e-69f1-4bcb-804d-2a19a39e403a;419.56;0.01;UNKNOWN
2016-04-10T00:35:31.000000;2016-04-10T00:35:31.000000;23ac54e0-19b4-489d-8906-76cb03b3e361;419.7;0.01;UNKNOWN
2016-04-10T00:35:31.000000;2016-04-10T00:35:31.000000;c986b3df-6c57-4116-b1ba-8b5135f67cc3;419.69;0.3;UNKNOWN
2016-04-10T00:35:31.000000;2016-04-10T00:35:31.000000;edfc3c9e-c78f-4ed2-a046-3a96c0ceda83;419.69;0.3;UNKNOWN
2016-04-10T00:35:31.000000;2016-04-10T00:35:31.000000;22775d30-ecb3-45f2-a55e-a6bfd2e31bbd;419.68;0.02;UNKNOWN
2016-04-10T00:35:31.000000;2016-04-10T00:35:31.000000;ca998e80-c657-4a67-b3fa-bc037c00e511;419.68;0.01;UNKNOWN
2016-04-10T00:35:31.000000;2016-04-10T00:35:31.000000;e2079731-f6d8-4709-b93e-11cc6a78ee4f;419.67;0.01;UNKNOWN
2016-04-10T00:35:31.000000;2016-04-10T00:35:31.000000;a8914fb9-a4b1-4055-b83f-584852b20d19;419.7;0.13882;UNKNOWN
2016-04-10T00:35:31.000000;2016-04-10T00:35:31.000000;0e5ed03a-7bcb-410b-a389-e53b9a7381cb;419.66;0.01;UNKNOWN
2016-04-10T00:36:31.000000;2016-04-10T00:36:31.000000;5dc2f3d6-cc0d-4b79-bc86-52926158eee6;419.68;0.01;UNKNOWN
2016-04-10T00:36:31.000000;2016-04-10T00:36:31.000000;1f14c8d7-50de-468a-91db-3839f137486c;419.68;0.26;UNKNOWN
2016-04-10T00:36:31.000000;2016-04-10T00:36:31.000000;42edcb28-d70f-4907-8504-d5161c8a68b6;419.69;0.00151;UNKNOWN
2016-04-10T00:36:31.000000;2016-04-10T00:36:31.000000;75a47ced-a278-4a12-afec-74fb62e8d742;419.68;0.02;UNKNOWN
2016-04-10T00:37:03.000000;2016-04-10T00:37:03.000000;22437a70-2b9f-4fe7-a2bd-f71b322ebaba;419.59;0.01;UNKNOWN
2016-04-10T00:37:03.000000;2016-04-10T00:37:03.000000;d02a9185-b4fe-4c20-a1f2-6807993d3034;419.59;0.00516;UNKNOWN
2016-04-10T00:37:32.000000;2016-04-10T00:37:32.000000;def29976-cb3a-4fff-91d7-ad12f857e4bd;419.71;0.01811;UNKNOWN
2016-04-10T00:37:32.000000;2016-04-10T00:37:32.000000;2330d764-5e08-43f8-8d53-613a87eefe33;419.69;0.00849;UNKNOWN
2016-04-10T00:37:32.000000;2016-04-10T00:37:32.000000;fbb19103-db38-4477-a924-b91be05f76c9;419.68;0.02;UNKNOWN
2016-04-10T00:37:32.000000;2016-04-10T00:37:32.000000;d821a4bf-e3a9-41c0-a615-22b380ae46f2;419.67;0.01;UNKNOWN
2016-04-10T00:38:01.000000;2016-04-10T00:38:01.000000;c4bd0e81-5c03-4857-83ea-0c31c23b621f;419.72;0.27318;UNKNOWN
2016-04-10T00:38:01.000000;2016-04-10T00:38:01.000000;0af505fa-2983-4cf8-b479-ca0faa6aa3be;419.7;0.01;UNKNOWN
2016-04-10T00:38:01.000000;2016-04-10T00:38:01.000000;51597265-d7e3-478c-b86b-e7195d0069a0;419.68;0.02;UNKNOWN
2016-04-10T00:38:31.000000;2016-04-10T00:38:31.000000;7d3aa560-4f68-49ba-81f0-bf08afb3d7ff;419.62;0.27318;UNKNOWN
2016-04-10T00:38:31.000000;2016-04-10T00:38:31.000000;4af83f60-17ea-42d5-b506-cbb87fcafa4a;419.61;0.05;UNKNOWN
2016-04-10T00:38:31.000000;2016-04-10T00:38:31.000000;ece33cea-453d-4bba-ba8d-e74a222fd813;419.65;0.01;UNKNOWN
2016-04-10T00:38:31.000000;2016-04-10T00:38:31.000000;bc2c4475-6fed-498e-811d-f40d502a7613;419.65;0.13;UNKNOWN
2016-04-10T00:38:31.000000;2016-04-10T00:38:31.000000;c6311849-f6e1-450e-8e45-de1ede121dba;419.61;0.03218;UNKNOWN
2016-04-10T00:39:01.000000;2016-04-10T00:39:01.000000;7b796fd6-bb75-461b-a5e8-9f18b42d7285;419.6;0.00515;UNKNOWN
2016-04-10T00:39:01.000000;2016-04-10T00:39:01.000000;824ffe29-1820-4039-a154-2178a464a8b9;419.6;0.01;UNKNOWN
2016-04-10T00:39:31.000000;2016-04-10T00:39:31.000000;de7452ac-4227-4dc1-8054-80e91398af53;419.68;0.91;UNKNOWN
2016-04-10T00:39:31.000000;2016-04-10T00:39:31.000000;c0fb9681-0d05-4008-9555-6cd91dd4fa52;419.68;0.02;UNKNOWN
2016-04-10T00:39:31.000000;2016-04-10T00:39:31.000000;c2d3ab72-db4c-40a2-927c-0b273a9a8e2a;419.69;0.16;UNKNOWN
2016-04-10T00:39:31.000000;2016-04-10T00:39:31.000000;d0b1201c-221c-45f3-bfb5-098853235dc8;419.67;0.39;UNKNOWN
2016-04-10T00:39:31.000000;2016-04-10T00:39:31.000000;23ac2129-d7f5-4d55-957f-8a1700027857;419.69;0.04858;UNKNOWN
2016-04-10T00:40:01.000000;2016-04-10T00:40:01.000000;5fa68296-34bd-497e-a05f-8fabac163b69;419.6;0.01;UNKNOWN
2016-04-10T00:40:01.000000;2016-04-10T00:40:01.000000;d8adcee3-3e54-4961-aea6-e0df8c13af53;419.6;0.00516;UNKNOWN
2016-04-10T00:40:31.000000;2016-04-10T00:40:31.000000;ad3824db-1c94-4dcb-9cf1-655e10d12afd;419.6;0.01515;UNKNOWN
2016-04-10T00:41:31.000000;2016-04-10T00:41:31.000000;3b81c1c1-b1ac-430a-a828-81457cb3fd72;419.6;0.1193;UNKNOWN
2016-04-10T00:42:01.000000;2016-04-10T00:42:01.000000;44c9f252-7da4-4e10-ab5b-9089af8cdfad;419.7;0.01;UNKNOWN
2016-04-10T00:42:01.000000;2016-04-10T00:42:01.000000;322bf165-0476-4d01-9fb1-5748772a9e39;419.68;0.01;UNKNOWN
2016-04-10T00:42:01.000000;2016-04-10T00:42:01.000000;7acd5145-40dd-4667-8ff8-655b6097f5a4;419.71;0.26;UNKNOWN
2016-04-10T00:42:01.000000;2016-04-10T00:42:01.000000;ee67d230-b3d0-4e51-a002-0376faca5fa9;419.67;0.02;UNKNOWN
2016-04-10T00:42:01.000000;2016-04-10T00:42:01.000000;6ed409b1-3454-4f99-ac95-b7db6322822e;419.72;0.18057;UNKNOWN
2016-04-10T00:42:31.000000;2016-04-10T00:42:31.000000;8fd81e86-b314-48dd-84ef-8184e80d1b98;419.71;0.01;UNKNOWN
2016-04-10T00:42:31.000000;2016-04-10T00:42:31.000000;7d45059d-f1a4-49ac-aab1-1ad80a71e3fc;419.67;0.02;UNKNOWN
2016-04-10T00:42:31.000000;2016-04-10T00:42:31.000000;35206183-c63c-4ef8-82ab-4cd9e63dc91d;419.73;3.273;UNKNOWN
2016-04-10T00:42:31.000000;2016-04-10T00:42:31.000000;87d1d177-eab8-4396-8274-42120bdb042c;419.72;0.27317999;UNKNOWN
2016-04-10T00:42:31.000000;2016-04-10T00:42:31.000000;974e8af4-5779-40b8-b210-97e857c481ae;419.72;0.64624997;UNKNOWN
2016-04-10T00:42:31.000000;2016-04-10T00:42:31.000000;3b2e71e3-898f-4e79-9f86-fca47fa6beae;419.74;0.095;UNKNOWN
2016-04-10T00:42:31.000000;2016-04-10T00:42:31.000000;a7c0c92e-c680-40aa-a243-00aacfb4c0d2;419.8;0.01;UNKNOWN
2016-04-10T00:42:31.000000;2016-04-10T00:42:31.000000;3f644976-4afa-426a-9df2-de17732bb50a;419.82;0.55891004;UNKNOWN
2016-04-10T00:42:31.000000;2016-04-10T00:42:31.000000;7dc3a7af-e089-4db8-a135-e27595d2f9ac;419.75;0.01;UNKNOWN
2016-04-10T00:42:31.000000;2016-04-10T00:42:31.000000;2e22842e-1560-4840-bdbb-36b650a279e5;419.75;0.0125;UNKNOWN
2016-04-10T00:42:31.000000;2016-04-10T00:42:31.000000;b50da38b-b188-4431-b328-6b5dc45469f6;419.79;0.076;UNKNOWN
2016-04-10T00:43:01.000000;2016-04-10T00:43:01.000000;076d4956-fa62-49c4-aa04-d43d634e1590;419.66;0.01516;UNKNOWN
2016-04-10T00:43:31.000000;2016-04-10T00:43:31.000000;fedb9223-ee07-4919-9e2d-f7386b078e92;419.65;0.01031;UNKNOWN
2016-04-10T00:43:31.000000;2016-04-10T00:43:31.000000;777bbe50-32a0-4637-86b7-a946f5797a0b;419.66;0.00484;UNKNOWN
2016-04-10T00:44:01.000000;2016-04-10T00:44:01.000000;96d36268-33e5-4a44-934b-c988c1223ec1;419.79;0.1;UNKNOWN
2016-04-10T00:44:01.000000;2016-04-10T00:44:01.000000;4c37ef12-39e8-4e3e-ae58-927ca194bcb5;419.8;0.01;UNKNOWN
2016-04-10T00:44:01.000000;2016-04-10T00:44:01.000000;eafe72f2-a261-4e1b-ac28-785222c16600;419.76;0.05;UNKNOWN
2016-04-10T00:44:01.000000;2016-04-10T00:44:01.000000;40f349da-cd65-4652-9cc4-0bb762c816c7;419.83;2.29853;UNKNOWN
2016-04-10T00:44:01.000000;2016-04-10T00:44:01.000000;71ef63e9-5619-4108-92da-f2e5d29398d6;419.75;0.01;UNKNOWN
2016-04-10T00:44:01.000000;2016-04-10T00:44:01.000000;e720e794-9fb1-47be-9163-6462b3405cac;419.71;0.01;UNKNOWN
2016-04-10T00:44:01.000000;2016-04-10T00:44:01.000000;7c5c9630-6be3-498d-afd8-f511ed3d3cfa;419.67;0.02;UNKNOWN
2016-04-10T00:44:01.000000;2016-04-10T00:44:01.000000;898fa090-885b-432e-8ecb-14d5cd7a0bc4;419.66;0.01031;UNKNOWN
2016-04-10T00:44:01.000000;2016-04-10T00:44:01.000000;652342a6-b26a-4209-9df5-c23290307b7c;419.74;0.126;UNKNOWN
2016-04-10T00:44:31.000000;2016-04-10T00:44:31.000000;06db54f9-4e7f-461a-9608-22ec6de76354;419.87;0.03732;UNKNOWN
2016-04-10T00:44:31.000000;2016-04-10T00:44:31.000000;0a4cde35-2a94-43b7-b759-2a4046951ea9;419.82;0.01;UNKNOWN
2016-04-10T00:44:31.000000;2016-04-10T00:44:31.000000;3296f458-9708-4eab-b961-08fd72805b70;419.85;0.01;UNKNOWN
2016-04-10T00:44:31.000000;2016-04-10T00:44:31.000000;58254568-5a0c-4bd6-95ad-8506000de3a7;419.82;0.0525;UNKNOWN
2016-04-10T00:44:31.000000;2016-04-10T00:44:31.000000;d8689010-13d4-4a23-844c-39c2df17c71e;419.84;0.126;UNKNOWN
2016-04-10T00:49:06.000000;2016-04-10T00:49:06.000000;5993d0b1-c73e-4c96-bba0-9f839a1b9480;419.83;0.02375;UNKNOWN
2016-04-10T00:52:02.000000;2016-04-10T00:52:02.000000;6927a036-5207-412b-84b9-7bbb672bcf4f;419.9;0.01;UNKNOWN
2016-04-10T00:52:02.000000;2016-04-10T00:52:02.000000;e24ce90e-d269-419d-a36d-04a9e9c5bdc6;419.9;0.1;UNKNOWN
2016-04-10T00:52:02.000000;2016-04-10T00:52:02.000000;3c55b38e-c3e6-4610-8170-09eda40851a0;419.92;0.579;UNKNOWN
2016-04-10T00:52:02.000000;2016-04-10T00:52:02.000000;156b2589-a2a1-4e74-bf6d-1e223c27a914;419.92;0.02;UNKNOWN
2016-04-10T00:52:02.000000;2016-04-10T00:52:02.000000;c56e3592-20a8-4ed7-9518-a1c70a1db871;419.92;0.01;UNKNOWN
2016-04-10T00:52:02.000000;2016-04-10T00:52:02.000000;e420b2d6-ded5-478c-8a69-9ea404b7967e;419.9;0.01;UNKNOWN
2016-04-10T00:52:02.000000;2016-04-10T00:52:02.000000;829a23ee-db6d-4b5b-aa27-af490234ec1f;419.89;2.0;UNKNOWN
2016-04-10T00:52:02.000000;2016-04-10T00:52:02.000000;0f526a4e-eba6-4b63-a480-1569a6654b8b;419.9;0.01;UNKNOWN
2016-04-10T00:52:02.000000;2016-04-10T00:52:02.000000;d209ed93-d984-4b98-a83b-6b5b8e6da64c;419.91;0.01;UNKNOWN
2016-04-10T00:52:02.000000;2016-04-10T00:52:02.000000;3a7caab5-3826-4370-acf7-6184f3be99ef;419.89;0.328;UNKNOWN
2016-04-10T00:52:02.000000;2016-04-10T00:52:02.000000;d9b5749e-e3db-46c3-8c61-130cee05cd06;419.88;0.02410657;UNKNOWN
2016-04-10T00:52:02.000000;2016-04-10T00:52:02.000000;39ad3623-c960-495e-b2f1-cd4da5e54632;419.88;0.232;UNKNOWN
2016-04-10T00:52:02.000000;2016-04-10T00:52:02.000000;c9112fab-0ea7-4acf-b1d3-a085847bffc2;419.89;12.62;UNKNOWN
2016-04-10T00:52:02.000000;2016-04-10T00:52:02.000000;cddb4590-ce48-463b-b545-f039d0eda9d6;419.87;0.11936181;UNKNOWN
2016-04-10T00:52:02.000000;2016-04-10T00:52:02.000000;e4e81591-c63e-45a5-8fb0-e869f03c3109;419.87;0.08204181;UNKNOWN
2016-04-10T00:52:02.000000;2016-04-10T00:52:02.000000;3d595ed7-604e-4b39-92d3-60958b115d66;419.87;3.181;UNKNOWN
2016-04-10T00:52:02.000000;2016-04-10T00:52:02.000000;2a54a801-6031-464c-8d55-fb290e5193cc;419.84;0.306;UNKNOWN
2016-04-10T00:52:02.000000;2016-04-10T00:52:02.000000;3ee9281c-d88f-407b-b362-e3ead1c3dfe8;419.84;0.0249;UNKNOWN
2016-04-10T00:52:02.000000;2016-04-10T00:52:02.000000;f7bc7ec9-2c6b-4a7c-9609-cf34f15d1a9d;419.96;0.13220902;UNKNOWN
2016-04-10T00:52:02.000000;2016-04-10T00:52:02.000000;02fc6c56-65b3-4b52-b879-070df0a87515;419.95;0.0125;UNKNOWN
2016-04-10T00:52:02.000000;2016-04-10T00:52:02.000000;8b5f8df6-17d0-4f2f-9e09-16d0f41ab466;419.98;0.01;UNKNOWN
2016-04-10T00:52:02.000000;2016-04-10T00:52:02.000000;31ad55d7-4128-4b0b-8a40-2e237bf606e0;420.0;0.1;UNKNOWN
2016-04-10T00:52:02.000000;2016-04-10T00:52:02.000000;3c1cc4cb-6a3f-40bb-814d-b9edaa0c5d38;419.99;0.333;UNKNOWN
2016-04-10T00:52:02.000000;2016-04-10T00:52:02.000000;dc346d9e-a3dd-42ca-8402-02770dda39d4;419.95;0.01;UNKNOWN
2016-04-10T00:52:02.000000;2016-04-10T00:52:02.000000;3b1fdb43-032c-4741-a4b3-94b9e84d235d;419.95;0.47756966;UNKNOWN
2016-04-10T00:52:02.000000;2016-04-10T00:52:02.000000;ae5e914b-a9e6-425a-9088-3175130581cc;420.0;0.1;UNKNOWN
2016-04-10T00:52:02.000000;2016-04-10T00:52:02.000000;24d9f12c-cdc2-4e7f-8c7e-853430a76487;419.93;0.01;UNKNOWN
2016-04-10T00:52:02.000000;2016-04-10T00:52:02.000000;b0c86046-7623-4152-8207-0693e76209a0;419.95;0.01;UNKNOWN
2016-04-10T00:52:02.000000;2016-04-10T00:52:02.000000;506bd440-791c-4ec4-b4e0-2fefc43e89a3;419.95;0.01;UNKNOWN
2016-04-10T00:52:02.000000;2016-04-10T00:52:02.000000;294e406b-74c8-4e4e-b997-d974e896b166;419.94;0.329;UNKNOWN
2016-04-10T00:52:02.000000;2016-04-10T00:52:02.000000;f50d70f9-6dca-4035-91f8-5f12d18782c0;419.95;0.01;UNKNOWN
2016-04-10T00:52:02.000000;2016-04-10T00:52:02.000000;c71526a3-34f6-47f5-8a35-5954d354ce41;420.0;0.02188138;UNKNOWN
2016-04-10T00:52:02.000000;2016-04-10T00:52:02.000000;e1001689-6510-4cbf-b332-f7fd3cc9a01d;420.0;0.95691975;UNKNOWN
2016-04-10T00:52:30.000000;2016-04-10T00:52:30.000000;9923b344-098b-4ca3-8d8e-78cc12c28bd0;419.98;0.00656;UNKNOWN
2016-04-10T00:52:30.000000;2016-04-10T00:52:30.000000;8096d4cc-b5ec-4f1c-bee6-192ccd446067;419.96;0.01;UNKNOWN
2016-04-10T00:52:30.000000;2016-04-10T00:52:30.000000;cf5ec78a-5b18-4731-9012-32c16692fa78;419.92;0.02;UNKNOWN
2016-04-10T00:52:37.000000;2016-04-10T00:52:37.000000;383b5b2b-880f-499c-9f6d-b2e51b1ee908;419.92;0.02;UNKNOWN
2016-04-10T00:52:37.000000;2016-04-10T00:52:37.000000;e9730200-6cc7-4da3-a7d9-dc69a65d003e;420.0;0.66256;UNKNOWN
2016-04-10T00:52:37.000000;2016-04-10T00:52:37.000000;edf77afe-fc26-4f39-b1e5-af2fd8be02a1;419.98;0.114;UNKNOWN
2016-04-10T00:52:37.000000;2016-04-10T00:52:37.000000;d4ae3ade-4da5-497d-909e-31e0898f0b0f;419.97;0.01;UNKNOWN
2016-04-10T00:52:37.000000;2016-04-10T00:52:37.000000;e083f370-15b5-4f49-a572-5621d1535ab1;419.98;0.00344;UNKNOWN
2016-04-10T00:53:01.000000;2016-04-10T00:53:01.000000;2298a5b2-850a-4df7-b44f-ce4ac221d98e;419.99;0.02;UNKNOWN
2016-04-10T00:53:01.000000;2016-04-10T00:53:01.000000;bb4b2963-d2f5-4774-8f12-54a38c777caa;419.97;0.077;UNKNOWN
2016-04-10T00:53:01.000000;2016-04-10T00:53:01.000000;359cba51-9d1d-4443-9f6d-f0bbccba9e80;419.99;0.01;UNKNOWN
2016-04-10T00:53:01.000000;2016-04-10T00:53:01.000000;25bd9622-6f7c-48f3-82af-b487c6047fbe;419.92;0.082;UNKNOWN
2016-04-10T00:53:01.000000;2016-04-10T00:53:01.000000;1049396e-4800-443f-8fd4-c965bec201ea;420.0;1.0;UNKNOWN
2016-04-10T00:53:01.000000;2016-04-10T00:53:01.000000;349464a6-9f1c-4ad1-9adb-462c25d18f50;420.0;0.38052025;UNKNOWN
2016-04-10T00:53:01.000000;2016-04-10T00:53:01.000000;c5da5028-5699-4f32-9403-cf2170642961;419.92;0.05;UNKNOWN
2016-04-10T00:53:01.000000;2016-04-10T00:53:01.000000;d40fbf8f-b8f6-4c9e-ad08-b06a55cdeb38;419.92;0.02;UNKNOWN
2016-04-10T00:53:01.000000;2016-04-10T00:53:01.000000;fc1e519c-ee4b-4199-af73-0a6b3ebb60d9;420.0;0.1;UNKNOWN
2016-04-10T00:53:01.000000;2016-04-10T00:53:01.000000;8940cd8a-61de-40db-8f5b-887b6d84d5e1;420.0;0.61814975;UNKNOWN
2016-04-10T00:53:16.000000;2016-04-10T00:53:16.000000;4b50d0c2-73ce-4f21-a031-a92c8ad5c045;419.92;0.01808124;UNKNOWN
2016-04-10T00:53:16.000000;2016-04-10T00:53:16.000000;00885cb7-9934-4d85-ad6e-132915c6f873;419.92;0.02;UNKNOWN
2016-04-10T00:53:31.000000;2016-04-10T00:53:31.000000;b9917ace-4977-4124-ba33-ad44d82b40bf;419.89;0.0115;UNKNOWN
2016-04-10T00:53:31.000000;2016-04-10T00:53:31.000000;e838e5fb-8755-4b7f-9134-8e5ee9de7010;419.88;0.00284;UNKNOWN
2016-04-10T00:53:31.000000;2016-04-10T00:53:31.000000;70e8fafc-8a59-474b-96e0-419794684131;419.9;0.01;UNKNOWN
2016-04-10T00:53:31.000000;2016-04-10T00:53:31.000000;ade147b0-dcec-4022-9005-17ffc31db808;419.9;0.01;UNKNOWN
2016-04-10T00:54:00.000000;2016-04-10T00:54:00.000000;c413a596-a8bf-4d10-b97d-eb00c43d2b98;419.95;0.01;UNKNOWN
2016-04-10T00:54:00.000000;2016-04-10T00:54:00.000000;1b7038be-acbb-4e48-bfcd-fd048ed088d4;419.92;0.02;UNKNOWN
2016-04-10T00:54:00.000000;2016-04-10T00:54:00.000000;b343c405-93e2-4276-88e7-cdd0a160ee5c;419.93;0.05;UNKNOWN
2016-04-10T00:54:00.000000;2016-04-10T00:54:00.000000;ee943c71-b463-42c7-a057-1b50660d9d2b;420.0;0.076;UNKNOWN
2016-04-10T00:54:00.000000;2016-04-10T00:54:00.000000;0f4f29a6-7163-4e16-be64-2610fc183090;420.0;0.01;UNKNOWN
2016-04-10T00:54:00.000000;2016-04-10T00:54:00.000000;459939fc-6c4e-402c-8769-d1a976f35f15;419.95;0.098;UNKNOWN
2016-04-10T00:54:00.000000;2016-04-10T00:54:00.000000;ba2c351f-a1bb-4e61-a584-f486e91ee022;420.0;2.0;UNKNOWN
2016-04-10T00:54:00.000000;2016-04-10T00:54:00.000000;f745f408-760c-4887-aab0-cf313c4dce64;420.0;0.01;UNKNOWN
2016-04-10T00:54:00.000000;2016-04-10T00:54:00.000000;bec7fae0-f967-4ba2-ada0-1209a0504680;420.0;0.02;UNKNOWN
2016-04-10T00:54:00.000000;2016-04-10T00:54:00.000000;f90fb1e9-3aaf-480c-8563-dcba40f4b7f8;420.01;0.64787117;UNKNOWN
2016-04-10T00:54:00.000000;2016-04-10T00:54:00.000000;68dbb795-feca-4cc4-9e3c-650c369fd3b3;420.0;0.05;UNKNOWN
2016-04-10T00:54:00.000000;2016-04-10T00:54:00.000000;75e0057f-0371-4f5c-9053-a0980cb7ce4d;420.0;0.01077858;UNKNOWN
2016-04-10T00:54:00.000000;2016-04-10T00:54:00.000000;866dede4-daa5-4726-ae34-f7107060821f;420.0;0.1;UNKNOWN
2016-04-10T00:54:00.000000;2016-04-10T00:54:00.000000;0c053022-44bc-4233-9aa8-a91b28af216b;420.0;0.58885025;UNKNOWN
2016-04-10T00:54:00.000000;2016-04-10T00:54:00.000000;dfadd9ad-dc26-43bf-b73a-c964ef28cf38;419.99;0.78;UNKNOWN
2016-04-10T00:55:01.000000;2016-04-10T00:55:01.000000;f8be78e5-3c53-4d85-bb8b-63f1101f76af;420.0;0.01;UNKNOWN
2016-04-10T00:55:01.000000;2016-04-10T00:55:01.000000;b3cc261f-7c8b-4094-998e-ce335f143674;420.0;0.02053;UNKNOWN
2016-04-10T00:55:30.000000;2016-04-10T00:55:30.000000;65431314-660e-4294-b5a2-15e932a59197;419.93;0.112;UNKNOWN
2016-04-10T00:55:30.000000;2016-04-10T00:55:30.000000;ebc23f9e-49b6-46dc-9a0f-8b8cd4540798;419.9;0.00181;UNKNOWN
2016-04-10T00:55:30.000000;2016-04-10T00:55:30.000000;9d197903-e915-4a90-b394-90f8bf8ba6f7;419.91;0.12;UNKNOWN
2016-04-10T00:55:30.000000;2016-04-10T00:55:30.000000;03d13bc8-c5b7-4d25-9023-544eeb51de12;419.93;0.01;UNKNOWN
2016-04-10T00:55:30.000000;2016-04-10T00:55:30.000000;eda0e1f1-0a75-4247-860a-0128d574309f;419.91;0.05;UNKNOWN
2016-04-10T00:56:00.000000;2016-04-10T00:56:00.000000;fad5b798-041e-4ad4-8f33-43cf8fe8d452;419.91;0.0303;UNKNOWN
2016-04-10T00:56:30.000000;2016-04-10T00:56:30.000000;9b43c497-7d8a-44f1-9c1e-c4c56dc7bf24;420.12;0.112;UNKNOWN
2016-04-10T00:56:30.000000;2016-04-10T00:56:30.000000;b69c0326-6295-4ca1-ba68-50e86220474b;420.11;0.01;UNKNOWN
2016-04-10T00:56:30.000000;2016-04-10T00:56:30.000000;fa1937cf-e95c-4ec7-b068-88b96104ab42;419.98;0.15;UNKNOWN
2016-04-10T00:56:30.000000;2016-04-10T00:56:30.000000;2fe7da23-ea7d-4b2e-8249-aea402e55138;419.98;0.01;UNKNOWN
2016-04-10T00:56:30.000000;2016-04-10T00:56:30.000000;baa0168b-ffab-4d6d-9328-66d3c2ef6c6b;420.12;0.05;UNKNOWN
2016-04-10T00:56:30.000000;2016-04-10T00:56:30.000000;38d6237d-4af0-455c-8f37-b868dd395ca1;420.1;0.01;UNKNOWN
2016-04-10T00:56:30.000000;2016-04-10T00:56:30.000000;70d68a3c-a2bf-4f9a-9fc6-448157d63f66;420.1;0.01;UNKNOWN
2016-04-10T00:56:30.000000;2016-04-10T00:56:30.000000;8f538153-078c-4fed-998d-d0f090e1bda9;420.09;0.01;UNKNOWN
2016-04-10T00:56:30.000000;2016-04-10T00:56:30.000000;489cbf5a-f762-46cd-bbd3-599fa093880c;420.15;0.24720927;UNKNOWN
2016-04-10T00:56:30.000000;2016-04-10T00:56:30.000000;544e9bd1-2277-4ecf-8dba-906604dd4048;420.08;0.01;UNKNOWN
2016-04-10T00:56:30.000000;2016-04-10T00:56:30.000000;44b80f81-15b2-4d4f-a1d4-53a65f1764a9;420.0;0.0115;UNKNOWN
2016-04-10T00:56:30.000000;2016-04-10T00:56:30.000000;c8ec7148-090c-461f-b2cf-1a6cb7d635a6;420.14;0.01;UNKNOWN
2016-04-10T00:56:30.000000;2016-04-10T00:56:30.000000;553d0815-12c5-4824-85f4-aecf820bc7de;420.05;0.11939241;UNKNOWN
2016-04-10T00:56:30.000000;2016-04-10T00:56:30.000000;3cca19f2-c416-4d57-a79a-faad8aea58c5;420.13;0.01;UNKNOWN
2016-04-10T00:56:30.000000;2016-04-10T00:56:30.000000;0e1ee3ae-c474-4920-b436-98509fc68084;420.13;0.02;UNKNOWN
2016-04-10T00:56:30.000000;2016-04-10T00:56:30.000000;60314893-d2f0-4662-9952-5c413ee8d08a;420.08;0.02395832;UNKNOWN
2016-04-10T00:56:30.000000;2016-04-10T00:56:30.000000;5c4a8669-6340-4c91-a7fd-4fe50d1270a1;420.05;0.01;UNKNOWN
2016-04-10T00:56:30.000000;2016-04-10T00:56:30.000000;657dc6f0-c9f5-446a-9bb5-7dbefa1c4195;420.0;0.01;UNKNOWN
2016-04-10T00:56:30.000000;2016-04-10T00:56:30.000000;ae605310-8dc4-40a9-abb5-5c3bf0bccd27;420.13;0.01;UNKNOWN
2016-04-10T00:56:30.000000;2016-04-10T00:56:30.000000;8577a8b8-acbd-49a1-a77e-8081afe5cf99;420.06;0.01;UNKNOWN
2016-04-10T00:56:30.000000;2016-04-10T00:56:30.000000;76a30f16-a252-49de-961b-58a64f1ee41c;420.11;0.01;UNKNOWN
2016-04-10T00:57:00.000000;2016-04-10T00:57:00.000000;a7b7f91e-b44a-4d17-af60-08c106f578b8;420.13;0.01514;UNKNOWN
2016-04-10T00:57:30.000000;2016-04-10T00:57:30.000000;dba4e3a1-5a8e-4410-ba36-445b91c03686;420.17;0.03859927;UNKNOWN
2016-04-10T00:57:30.000000;2016-04-10T00:57:30.000000;9deba766-19f5-43d8-9dcb-2ebd02221a21;420.17;0.01;UNKNOWN
2016-04-10T00:57:30.000000;2016-04-10T00:57:30.000000;4819b109-6217-4834-8d58-7740f066f24f;420.15;0.01;UNKNOWN
2016-04-10T00:57:30.000000;2016-04-10T00:57:30.000000;1b511692-87f7-4840-b21e-9fa1e7a87646;420.16;0.05;UNKNOWN
2016-04-10T00:57:30.000000;2016-04-10T00:57:30.000000;c017adfc-f2fa-41d1-81b3-e991921de5be;420.16;0.01;UNKNOWN
2016-04-10T00:57:30.000000;2016-04-10T00:57:30.000000;4edf1c99-91fe-4cb8-b087-e042060ab14a;420.15;0.00279073;UNKNOWN
2016-04-10T00:57:30.000000;2016-04-10T00:57:30.000000;fa836889-ce36-4e8b-93d3-38f2e3b4b14f;420.16;0.01;UNKNOWN
2016-04-10T00:57:30.000000;2016-04-10T00:57:30.000000;2416219c-96b1-47f3-9a04-41ed71405b69;420.14;0.01;UNKNOWN
2016-04-10T00:58:01.000000;2016-04-10T00:58:01.000000;dd000b36-1023-46d4-a748-d337852bd36a;420.17;0.205;UNKNOWN
2016-04-10T00:58:32.000000;2016-04-10T00:58:32.000000;df493a82-4758-4f36-a717-66f2f327d39d;420.17;0.51505;UNKNOWN
2016-04-10T00:59:04.000000;2016-04-10T00:59:04.000000;b8310f44-242b-40eb-a714-f5e104cb5cbd;419.6;0.01;UNKNOWN
2016-04-10T00:59:04.000000;2016-04-10T00:59:04.000000;5e98a601-ed40-4779-b2ab-029c965c1c5f;419.57;2.99;UNKNOWN
2016-04-10T00:59:04.000000;2016-04-10T00:59:04.000000;9561042b-5ea8-41ab-bfaf-163f4a788c51;419.57;0.01;UNKNOWN
2016-04-10T00:59:04.000000;2016-04-10T00:59:04.000000;022039ac-688d-4240-abe0-e863d40084b5;419.56;0.3;UNKNOWN
2016-04-10T00:59:04.000000;2016-04-10T00:59:04.000000;bacf494b-fb61-4ff1-b842-4dfc44a871e7;419.6;0.01;UNKNOWN
2016-04-10T00:59:04.000000;2016-04-10T00:59:04.000000;090b73bb-3866-42fa-bfab-53fc7a48c746;419.58;0.01;UNKNOWN
2016-04-10T00:59:04.000000;2016-04-10T00:59:04.000000;d2da6d66-97bf-4b71-b89d-89ba455a517d;419.59;0.01;UNKNOWN
2016-04-10T00:59:04.000000;2016-04-10T00:59:04.000000;38751a58-d441-46e5-8102-7a762b1092d4;419.6;0.01;UNKNOWN
2016-04-10T00:59:04.000000;2016-04-10T00:59:04.000000;fb9ab47e-1610-4488-bac5-9bd1e1ea421e;419.6;0.1;UNKNOWN
2016-04-10T00:59:04.000000;2016-04-10T00:59:04.000000;acfe5ae1-734f-47fa-b519-d82833f74e4a;419.6;0.01;UNKNOWN
2016-04-10T00:59:04.000000;2016-04-10T00:59:04.000000;228a1657-c3f1-46b8-99da-797b2a9f4e2d;419.59;2.73;UNKNOWN
2016-04-10T00:59:04.000000;2016-04-10T00:59:04.000000;256ad4ca-bb34-4679-92ee-9fbc8a024ce0;419.6;2.86;UNKNOWN
2016-04-10T00:59:04.000000;2016-04-10T00:59:04.000000;89599dd4-622b-40de-a326-816631b010b3;419.56;1.3;UNKNOWN
2016-04-10T00:59:04.000000;2016-04-10T00:59:04.000000;f72d02e9-0b2e-4eae-9eb7-4909c12f6cac;419.58;2.99;UNKNOWN
2016-04-10T00:59:04.000000;2016-04-10T00:59:04.000000;9b1487b0-49cd-4ff0-9d33-a80797cfb9c4;419.55;0.01;UNKNOWN
2016-04-10T00:59:04.000000;2016-04-10T00:59:04.000000;271eac03-8c9c-4c36-9bb9-ff7623c2a5fd;419.56;0.262;UNKNOWN
2016-04-10T00:59:04.000000;2016-04-10T00:59:04.000000;d8a43711-c43a-4eb7-a7ba-a948a6c0f54d;419.55;0.06725007;UNKNOWN
2016-04-10T00:59:04.000000;2016-04-10T00:59:04.000000;5e8a7b26-50ac-4bd4-870e-727c0cc9e33b;419.66;0.26;UNKNOWN
2016-04-10T00:59:04.000000;2016-04-10T00:59:04.000000;d7632b51-d2ae-4621-bd61-b2e5a9e123bc;419.62;4.94;UNKNOWN
2016-04-10T00:59:04.000000;2016-04-10T00:59:04.000000;9b3b5f40-0a14-4832-bfc9-21cd884880a7;419.61;0.02;UNKNOWN
2016-04-10T00:59:04.000000;2016-04-10T00:59:04.000000;3df9ead4-e48d-4e9d-a7b5-d4849a34bc8e;419.61;0.28;UNKNOWN
2016-04-10T00:59:04.000000;2016-04-10T00:59:04.000000;3c968bae-5e8e-45c9-b560-0af679c2ff99;419.61;0.01;UNKNOWN
2016-04-10T00:59:04.000000;2016-04-10T00:59:04.000000;e35a30ce-cbb5-4c83-904a-cfb2ab62b2e1;419.72;1.17;UNKNOWN
2016-04-10T00:59:04.000000;2016-04-10T00:59:04.000000;43ae236e-1232-45d4-bd5d-afda9cb82319;419.68;0.01;UNKNOWN
2016-04-10T00:59:04.000000;2016-04-10T00:59:04.000000;931cfb95-447e-45dd-809c-2da16a185be3;419.94;0.268;UNKNOWN
2016-04-10T00:59:04.000000;2016-04-10T00:59:04.000000;cfde3422-0a20-4bcd-a81d-75b151f7cec8;419.7;0.01;UNKNOWN
2016-04-10T00:59:04.000000;2016-04-10T00:59:04.000000;7c476f74-b6c9-44f5-854d-e5da60cbc033;419.95;0.03;UNKNOWN
2016-04-10T00:59:04.000000;2016-04-10T00:59:04.000000;66bb50a5-3fbd-437c-8e20-409a38a2f37a;419.95;0.01;UNKNOWN
2016-04-10T00:59:04.000000;2016-04-10T00:59:04.000000;9e525f3f-799d-4f16-8628-7a183f0a7bb7;419.61;2.6;UNKNOWN
2016-04-10T00:59:04.000000;2016-04-10T00:59:04.000000;bb95d3f6-f2c7-4e87-8ef6-0f283e82c1e5;419.67;0.91;UNKNOWN
2016-04-10T00:59:04.000000;2016-04-10T00:59:04.000000;452ca438-7f25-4c95-9268-1a4de8d13914;419.65;0.01;UNKNOWN
2016-04-10T00:59:04.000000;2016-04-10T00:59:04.000000;ee18fd35-e331-49cb-8ac9-77b78bf09c44;419.66;0.305;UNKNOWN
2016-04-10T00:59:04.000000;2016-04-10T00:59:04.000000;a4bedd99-50ea-4a23-93ef-7c55d9dd05ff;419.71;0.065;UNKNOWN
2016-04-10T00:59:04.000000;2016-04-10T00:59:04.000000;91f53352-5a57-4302-85d5-0a841d201e29;419.71;0.13;UNKNOWN
2016-04-10T00:59:04.000000;2016-04-10T00:59:04.000000;349042c8-821e-497c-9f62-2fe8f45d14a2;419.69;0.91;UNKNOWN
2016-04-10T00:59:04.000000;2016-04-10T00:59:04.000000;29d54fc6-6ecf-4ad8-b73b-4c7b2b909c45;419.99;0.286;UNKNOWN
2016-04-10T00:59:04.000000;2016-04-10T00:59:04.000000;0d13e89e-3366-434c-aabe-c529dc6394c2;420.0;0.01;UNKNOWN
2016-04-10T00:59:04.000000;2016-04-10T00:59:04.000000;9b9ace5c-06e2-4c44-8958-1416ea7911cc;419.78;0.5;UNKNOWN
2016-04-10T00:59:04.000000;2016-04-10T00:59:04.000000;5f090b72-3e2e-470f-a841-eb198446aebf;419.77;0.39;UNKNOWN
2016-04-10T00:59:04.000000;2016-04-10T00:59:04.000000;c4a2b77b-8c08-4301-b393-d03a4995c1e7;419.79;1.04;UNKNOWN
2016-04-10T00:59:04.000000;2016-04-10T00:59:04.000000;b5e55cbc-6234-46b5-a8e2-f04cda475668;419.82;0.01;UNKNOWN
2016-04-10T00:59:04.000000;2016-04-10T00:59:04.000000;282b4856-3e03-45d6-a250-544889dec808;419.71;0.305;UNKNOWN
2016-04-10T00:59:04.000000;2016-04-10T00:59:04.000000;e239d3f7-5dab-4617-a8de-a92e359c45db;419.69;0.01;UNKNOWN
2016-04-10T00:59:04.000000;2016-04-10T00:59:04.000000;9fc0498c-e392-44db-84e4-158ceeb5ce6e;419.75;0.01;UNKNOWN
2016-04-10T00:59:04.000000;2016-04-10T00:59:04.000000;ae0e65f0-0764-4932-a04d-434cd60806a6;419.82;0.91;UNKNOWN
2016-04-10T00:59:04.000000;2016-04-10T00:59:04.000000;2d92c2e1-5b20-4bc2-8f51-0592dd981e4f;419.85;0.01;UNKNOWN
2016-04-10T00:59:04.000000;2016-04-10T00:59:04.000000;5fca4bdc-2218-46bb-90e8-1b9f21284003;419.8;0.01;UNKNOWN
2016-04-10T00:59:04.000000;2016-04-10T00:59:04.000000;d5ca4be3-993b-452a-962d-326e82c274e1;419.83;1.69;UNKNOWN
2016-04-10T00:59:04.000000;2016-04-10T00:59:04.000000;469ab8fd-5438-4593-918a-aaaf802cf502;419.7;0.91;UNKNOWN
2016-04-10T00:59:04.000000;2016-04-10T00:59:04.000000;2b22f08a-0c5b-43a9-a949-9238271bc127;419.76;0.26;UNKNOWN
2016-04-10T00:59:04.000000;2016-04-10T00:59:04.000000;4dd7f2c1-2e71-4d80-8862-9e273ea96ee9;419.76;0.271;UNKNOWN
2016-04-10T00:59:04.000000;2016-04-10T00:59:04.000000;24f2ae80-24fa-4213-bb93-154ce68afa83;419.81;0.78;UNKNOWN
2016-04-10T00:59:04.000000;2016-04-10T00:59:04.000000;0ff9f48c-2f37-4efe-8a7d-2cc02988c152;419.8;0.0125;UNKNOWN
2016-04-10T00:59:04.000000;2016-04-10T00:59:04.000000;4b0d5ad5-9639-4292-b233-ffb78e050364;419.89;0.3;UNKNOWN
2016-04-10T00:59:04.000000;2016-04-10T00:59:04.000000;cd978ff2-4f80-42b4-9899-e1b7abaabc4a;419.91;0.05;UNKNOWN
2016-04-10T00:59:04.000000;2016-04-10T00:59:04.000000;ec62057d-70fc-411a-a65c-4dd01e9197ba;419.8;0.03;UNKNOWN
2016-04-10T00:59:04.000000;2016-04-10T00:59:04.000000;87bcd414-a704-4f1e-9267-37a9822dcb1f;419.93;0.01;UNKNOWN
2016-04-10T00:59:04.000000;2016-04-10T00:59:04.000000;3191a8c7-ab4a-414e-95d3-f3d7174b454d;419.92;0.01;UNKNOWN
2016-04-10T00:59:04.000000;2016-04-10T00:59:04.000000;7058d718-b0d6-4f4a-b7e1-1eddb994a348;419.88;0.00716;UNKNOWN
2016-04-10T00:59:04.000000;2016-04-10T00:59:04.000000;e25bfcf0-a14d-4108-8bc9-e479f50dabce;419.81;0.01;UNKNOWN
2016-04-10T00:59:04.000000;2016-04-10T00:59:04.000000;1a82051b-8b2b-4584-abe1-f929b9f042d8;419.86;0.13;UNKNOWN
2016-04-10T00:59:04.000000;2016-04-10T00:59:04.000000;27277534-d0bd-46b4-b69a-8afb2a394221;419.89;0.302;UNKNOWN
2016-04-10T00:59:04.000000;2016-04-10T00:59:04.000000;2582336d-9d92-4e82-a07c-1c2895126d0a;419.9;0.01;UNKNOWN
2016-04-10T00:59:04.000000;2016-04-10T00:59:04.000000;8c12b71b-36ba-4cdc-be36-aad6b0cf5464;419.99;0.21;UNKNOWN
2016-04-10T00:59:04.000000;2016-04-10T00:59:04.000000;750709fa-d2b8-483c-9bcf-836b3c437e7e;419.91;0.2;UNKNOWN
2016-04-10T00:59:04.000000;2016-04-10T00:59:04.000000;9e8f0422-47eb-4bdf-bf18-7900a3088c0c;420.05;0.01;UNKNOWN
2016-04-10T00:59:04.000000;2016-04-10T00:59:04.000000;e99c7e3e-6266-416e-9f2f-0e7b25ac8ca3;420.08;1.09818993;UNKNOWN
2016-04-10T00:59:04.000000;2016-04-10T00:59:04.000000;cd32ddcd-192e-4d80-9efc-cb23803bb071;420.04;0.304;UNKNOWN
2016-04-10T00:59:04.000000;2016-04-10T00:59:04.000000;30e9c0e8-b507-4a5d-a42d-b3cb3083cc08;420.09;0.308;UNKNOWN
2016-04-10T00:59:04.000000;2016-04-10T00:59:04.000000;fb911cc7-15bf-44f8-90f9-1a9245d90b59;420.1;0.05;UNKNOWN
2016-04-10T00:59:04.000000;2016-04-10T00:59:04.000000;4fee9eb1-4e42-42ab-9914-5a7020a4eede;419.89;0.01;UNKNOWN
2016-04-10T00:59:04.000000;2016-04-10T00:59:04.000000;5000558c-b4ed-4225-ad7e-ffaebd851f43;420.1;0.01;UNKNOWN
2016-04-10T00:59:04.000000;2016-04-10T00:59:04.000000;3a2e1ec5-c865-457b-9659-f765ed3b8050;420.1;0.0125;UNKNOWN
2016-04-10T00:59:30.000000;2016-04-10T00:59:30.000000;2976bb1a-e2a2-4f1f-831c-b7bf16572832;419.85;2.93216;UNKNOWN
2016-04-10T00:59:30.000000;2016-04-10T00:59:30.000000;dac697e4-f376-4d30-b036-9084cfaa0b46;419.85;0.06;UNKNOWN
2016-04-10T01:00:00.000000;2016-04-10T01:00:00.000000;e07ddc5c-80ab-4f33-a4f1-a419f125cedb;419.84;0.01;UNKNOWN
2016-04-10T01:00:00.000000;2016-04-10T01:00:00.000000;f84ee8fc-9d77-47c7-ab05-bc329e3b9d4b;419.84;0.00164;UNKNOWN
2016-04-10T01:00:31.000000;2016-04-10T01:00:31.000000;ed53db98-46ff-4030-bafd-15b1c360ef32;419.8;0.24211;UNKNOWN
2016-04-10T01:00:31.000000;2016-04-10T01:00:31.000000;a785d7d9-184c-414d-93fe-a02a4a4467ad;419.8;0.05;UNKNOWN
2016-04-10T01:00:31.000000;2016-04-10T01:00:31.000000;dd55d783-6323-468a-800e-25980a27e142;419.8;0.01;UNKNOWN
2016-04-10T01:01:00.000000;2016-04-10T01:01:00.000000;81607f58-e8db-435c-9b40-7210a4884819;419.82;0.0576;UNKNOWN
2016-04-10T01:01:00.000000;2016-04-10T01:01:00.000000;6655e198-a178-41ec-ab74-de4d6f336db8;419.81;0.0179;UNKNOWN
2016-04-10T01:01:00.000000;2016-04-10T01:01:00.000000;3b763e1a-4e77-4d5d-82d8-f34f6c0b5283;419.81;0.13;UNKNOWN
2016-04-10T01:01:30.000000;2016-04-10T01:01:30.000000;0e32b8c4-56fb-4759-904b-a42488bfc4f2;419.84;0.15;UNKNOWN
2016-04-10T01:01:30.000000;2016-04-10T01:01:30.000000;d91dbfe8-e3dd-40cd-8833-f2fb1998086f;419.89;0.03046;UNKNOWN
2016-04-10T01:01:30.000000;2016-04-10T01:01:30.000000;2a2acb7f-c07b-47a1-8035-8bc1e6f79c0b;419.86;0.01;UNKNOWN
2016-04-10T01:01:30.000000;2016-04-10T01:01:30.000000;45ca1f8f-764b-424f-a48b-a334bcd2b1e1;419.85;0.01;UNKNOWN
2016-04-10T01:02:01.000000;2016-04-10T01:02:01.000000;fe948c77-e1b4-4ae7-9fd2-c69803fd29ae;419.82;0.676;UNKNOWN
2016-04-10T01:02:01.000000;2016-04-10T01:02:01.000000;029f2058-5b23-4a9b-9121-d4ce44e775a7;419.81;1.65267;UNKNOWN
2016-04-10T01:02:30.000000;2016-04-10T01:02:30.000000;5669bc97-425f-4e00-80c9-ec414972e2be;419.82;0.0564;UNKNOWN
2016-04-10T01:03:00.000000;2016-04-10T01:03:00.000000;ffe69d78-cc62-4308-af7e-d3a9d67c8a9f;419.82;0.06834;UNKNOWN
2016-04-10T01:03:31.000000;2016-04-10T01:03:31.000000;3e197f6d-03db-4525-a5b1-2b2be116a281;419.89;0.89322;UNKNOWN
2016-04-10T01:03:31.000000;2016-04-10T01:03:31.000000;9da6c2a7-4520-4612-9fb4-9676a6fbc162;419.88;0.01;UNKNOWN
2016-04-10T01:04:06.000000;2016-04-10T01:04:06.000000;a29aa7ff-7555-45a7-8106-dd1c5250a441;419.89;1.16385;UNKNOWN
2016-04-10T01:04:31.000000;2016-04-10T01:04:31.000000;19a9d94c-2461-46aa-9a85-51efdaafd224;419.85;0.29161;UNKNOWN
2016-04-10T01:05:01.000000;2016-04-10T01:05:01.000000;87a7431e-a680-4475-9cbe-fbd166b152f8;419.89;0.18485;UNKNOWN
2016-04-10T01:05:33.000000;2016-04-10T01:05:33.000000;b6eb52d0-0aca-4103-9419-b8b06525c7ca;419.88;0.0331;UNKNOWN
2016-04-10T01:05:33.000000;2016-04-10T01:05:33.000000;d62a9daf-f70e-4e23-b519-c39eda059cde;419.88;0.0316;UNKNOWN
2016-04-10T01:05:33.000000;2016-04-10T01:05:33.000000;b39f458b-1b45-47a2-83dc-991b2b634896;419.88;0.033;UNKNOWN
2016-04-10T01:05:33.000000;2016-04-10T01:05:33.000000;7f10c568-6f03-42a1-9bc8-99d7256ea997;419.88;0.0322;UNKNOWN
2016-04-10T01:05:33.000000;2016-04-10T01:05:33.000000;b24b3c10-22d7-4c85-ba0d-eca8342c40c0;419.88;0.346;UNKNOWN
2016-04-10T01:05:33.000000;2016-04-10T01:05:33.000000;c2c7def6-17c7-4054-86b8-5926b2393f6e;419.88;0.038;UNKNOWN
2016-04-10T01:05:33.000000;2016-04-10T01:05:33.000000;54b274d2-6e2b-4618-b968-d2538b057f7e;419.88;0.0338;UNKNOWN
2016-04-10T01:05:33.000000;2016-04-10T01:05:33.000000;3c1567dd-9292-4a0b-9754-649f1c58bcb7;419.88;0.0409;UNKNOWN
2016-04-10T01:05:33.000000;2016-04-10T01:05:33.000000;177b736e-d1e2-4347-9471-ed9ebaf1fc4c;419.88;0.0426;UNKNOWN
2016-04-10T01:05:33.000000;2016-04-10T01:05:33.000000;a8df269f-bb4f-4ff3-b3ba-040d12667741;419.88;0.0367;UNKNOWN
2016-04-10T01:05:33.000000;2016-04-10T01:05:33.000000;6be3f216-08c4-4563-94be-942c83d89003;419.88;0.0416;UNKNOWN
2016-04-10T01:05:33.000000;2016-04-10T01:05:33.000000;653f622c-25d3-4e56-a421-c02e9d6429eb;419.88;0.0413;UNKNOWN
2016-04-10T01:05:33.000000;2016-04-10T01:05:33.000000;02c240c0-0b50-48bf-b0df-ca4226dfcd14;419.88;0.0414;UNKNOWN
2016-04-10T01:05:33.000000;2016-04-10T01:05:33.000000;e430d7a0-5241-4b16-ba54-adc84d33ec1d;419.88;0.0405;UNKNOWN
2016-04-10T01:05:33.000000;2016-04-10T01:05:33.000000;0ed483b0-7f4c-452e-975c-b5f9c9452dc8;419.88;0.0388;UNKNOWN
2016-04-10T01:05:33.000000;2016-04-10T01:05:33.000000;bfb0b087-b76f-45ee-92f3-a6b29e8208e2;419.88;0.0397;UNKNOWN
2016-04-10T01:05:33.000000;2016-04-10T01:05:33.000000;930a1979-df97-461c-92c4-d7461aa41518;419.88;0.0398;UNKNOWN
2016-04-10T01:05:33.000000;2016-04-10T01:05:33.000000;efb5ee72-ea0b-4fd1-8779-d0ad17ff37c4;419.87;0.32707;UNKNOWN
2016-04-10T01:06:05.000000;2016-04-10T01:06:05.000000;54f33291-e9d2-4f0f-bbad-16ade2ed1909;420.03;0.26;UNKNOWN
2016-04-10T01:06:05.000000;2016-04-10T01:06:05.000000;82d36224-e3e1-4e91-b729-e452b3ec3dc0;420.03;0.03869;UNKNOWN
2016-04-10T01:06:05.000000;2016-04-10T01:06:05.000000;1516095c-6e85-49c4-95f6-89776ac535e0;420.03;0.117;UNKNOWN
2016-04-10T01:06:05.000000;2016-04-10T01:06:05.000000;a1f4672c-560a-45d1-b692-97d11433cf1f;420.02;0.01;UNKNOWN
2016-04-10T01:06:05.000000;2016-04-10T01:06:05.000000;9d8b63b8-a168-49eb-9039-abc25233f0af;420.0;0.06006;UNKNOWN
2016-04-10T01:06:05.000000;2016-04-10T01:06:05.000000;1f7abb61-c91d-4094-8442-b41a179a02c1;420.02;0.26;UNKNOWN
2016-04-10T01:06:05.000000;2016-04-10T01:06:05.000000;b746b886-360a-45d2-b55c-ffe36ee50717;419.95;0.0115;UNKNOWN
2016-04-10T01:06:05.000000;2016-04-10T01:06:05.000000;a27b1575-7e01-478a-960e-e89ca3d432b8;420.0;0.01;UNKNOWN
2016-04-10T01:06:05.000000;2016-04-10T01:06:05.000000;03a463fc-8347-4243-b216-68aca6589650;419.95;0.01;UNKNOWN
2016-04-10T01:06:05.000000;2016-04-10T01:06:05.000000;91d6b541-3deb-4a9e-82c7-ef987f62a78b;419.98;0.091;UNKNOWN
2016-04-10T01:06:05.000000;2016-04-10T01:06:05.000000;04e0a97b-e17e-497c-bc60-d7376b779116;419.9;0.1;UNKNOWN
2016-04-10T01:06:05.000000;2016-04-10T01:06:05.000000;cbd6022d-3c0b-4259-a8db-4c628a315707;419.95;0.05;UNKNOWN
2016-04-10T01:06:05.000000;2016-04-10T01:06:05.000000;ca0d6f79-b945-41a0-8e2a-4277331e3a72;419.9;0.01;UNKNOWN
2016-04-10T01:06:05.000000;2016-04-10T01:06:05.000000;b2ec2eca-116a-49f5-9fb0-fe3589e8098c;419.89;0.08262;UNKNOWN
2016-04-10T01:06:31.000000;2016-04-10T01:06:31.000000;9d38de32-9943-43fc-bf52-ad94e55b34a2;419.91;0.24728;UNKNOWN
2016-04-10T01:07:00.000000;2016-04-10T01:07:00.000000;ad30511f-835b-4a83-968e-602aba10ee7d;419.91;0.01155;UNKNOWN
2016-04-10T01:08:00.000000;2016-04-10T01:08:00.000000;9e8e52d1-7167-4a3a-94f2-393def82a632;419.9;0.00012;UNKNOWN
2016-04-10T01:08:00.000000;2016-04-10T01:08:00.000000;58a808d3-2726-4f86-8f2d-b4e2c7963fe8;419.9;0.02;UNKNOWN
2016-04-10T01:08:30.000000;2016-04-10T01:08:30.000000;a61ca0a0-2068-4d9e-a2d9-97e4aded6e26;419.87;0.42534;UNKNOWN
2016-04-10T01:08:30.000000;2016-04-10T01:08:30.000000;78f93052-84be-4a82-b889-62cbfc68abc9;419.87;0.0319;UNKNOWN
2016-04-10T01:08:30.000000;2016-04-10T01:08:30.000000;1bb7f4d9-0957-46c5-9b84-7ab1cb13fa93;419.87;0.0337;UNKNOWN
2016-04-10T01:08:30.000000;2016-04-10T01:08:30.000000;80a6989c-b797-40ac-8006-12c3a66ff7aa;419.87;0.0472;UNKNOWN
2016-04-10T01:08:30.000000;2016-04-10T01:08:30.000000;0fd5398d-0b41-4a19-9a13-227bd61efb46;419.87;0.0404;UNKNOWN
2016-04-10T01:08:54.000000;2016-04-10T01:08:54.000000;c286cf1d-5507-4633-9055-5f3258e4f238;419.86;0.05;UNKNOWN
2016-04-10T01:08:54.000000;2016-04-10T01:08:54.000000;3683bd0c-f35c-42c7-9f42-525a66ae005a;419.86;0.18;UNKNOWN
2016-04-10T01:08:58.000000;2016-04-10T01:08:58.000000;f9e1a08f-e948-4a7d-9007-7cbb482417df;419.86;0.0171;UNKNOWN
2016-04-10T01:09:01.000000;2016-04-10T01:09:01.000000;5375194a-9fb9-422c-895f-4a796b09c09d;419.87;0.0307;UNKNOWN
2016-04-10T01:09:01.000000;2016-04-10T01:09:01.000000;6a082212-c3c1-4820-8f51-3ebacbae2522;419.87;0.0321;UNKNOWN
2016-04-10T01:09:01.000000;2016-04-10T01:09:01.000000;cbdf6194-93f9-497a-b889-481843bf8ce6;419.87;0.0363;UNKNOWN
2016-04-10T01:09:01.000000;2016-04-10T01:09:01.000000;62409844-4b1a-4c24-9e7a-5358ebae2dc6;419.87;0.0123;UNKNOWN
2016-04-10T01:09:01.000000;2016-04-10T01:09:01.000000;15952181-a917-47b8-a11d-5f5b765b0abc;419.87;0.0342;UNKNOWN
2016-04-10T01:09:01.000000;2016-04-10T01:09:01.000000;8c2bdd85-07a2-4a7f-a558-47361eebd445;419.87;0.0319;UNKNOWN
2016-04-10T01:09:01.000000;2016-04-10T01:09:01.000000;c47f3abb-0c51-4859-8d19-da6195ce9a47;419.87;0.0456;UNKNOWN
2016-04-10T01:09:01.000000;2016-04-10T01:09:01.000000;44e998d7-ecd5-4ffb-a126-f6b2a530c4dd;419.86;0.0386;UNKNOWN
2016-04-10T01:09:01.000000;2016-04-10T01:09:01.000000;50e6042d-5e07-412f-8958-0cc222400287;419.87;0.0317;UNKNOWN
2016-04-10T01:09:01.000000;2016-04-10T01:09:01.000000;ae9552e5-8e43-412a-b969-c9fb892e71c1;419.87;0.0293;UNKNOWN
2016-04-10T01:09:01.000000;2016-04-10T01:09:01.000000;22862dd1-6e61-4525-bb5d-fe50a157d31c;419.87;0.0168;UNKNOWN
2016-04-10T01:09:01.000000;2016-04-10T01:09:01.000000;b885ef5a-0ca3-438c-abc0-d88e27936265;419.87;0.0184;UNKNOWN
2016-04-10T01:09:01.000000;2016-04-10T01:09:01.000000;ab4333b5-2f32-4189-91b3-52b5b38efcfc;419.87;0.0347;UNKNOWN
2016-04-10T01:09:01.000000;2016-04-10T01:09:01.000000;441a8782-fced-4a62-8759-d276fff36a60;419.91;1.46504;UNKNOWN
2016-04-10T01:09:01.000000;2016-04-10T01:09:01.000000;f101aab3-7ddf-44c7-bd6c-43e80615c51e;419.87;0.0287;UNKNOWN
2016-04-10T01:10:01.000000;2016-04-10T01:10:01.000000;f4979fe1-5be6-46fb-9745-5b28117db7d6;420.0;0.01;UNKNOWN
2016-04-10T01:10:01.000000;2016-04-10T01:10:01.000000;ee0ede24-5961-4f1f-a660-7fa6a03b434a;419.98;0.01;UNKNOWN
2016-04-10T01:10:01.000000;2016-04-10T01:10:01.000000;ba28e831-c1a4-4766-b638-b2b73da366dc;420.03;0.42343;UNKNOWN
2016-04-10T01:10:30.000000;2016-04-10T01:10:30.000000;19db0cd7-a442-43df-9f73-469e4b518470;420.07;0.01099;UNKNOWN
2016-04-10T01:10:30.000000;2016-04-10T01:10:30.000000;5c487e6e-9cb3-421b-98a1-deb57fc0093f;420.06;0.05;UNKNOWN
2016-04-10T01:10:30.000000;2016-04-10T01:10:30.000000;b61e443e-68b9-4d9a-9f59-c29efe797e87;419.98;0.0134;UNKNOWN
2016-04-10T01:10:30.000000;2016-04-10T01:10:30.000000;1808f768-c4c2-4dee-b817-1b743dbfc11a;419.97;0.01;UNKNOWN
2016-04-10T01:10:30.000000;2016-04-10T01:10:30.000000;fcb1fb1d-6097-4118-bc37-e6f78f1cf0fd;420.05;0.13;UNKNOWN
2016-04-10T01:10:30.000000;2016-04-10T01:10:30.000000;ab63dc0b-5e15-41e2-9695-76da860247c6;420.02;0.106;UNKNOWN
2016-04-10T01:10:30.000000;2016-04-10T01:10:30.000000;dc2a8b97-145e-4c6b-bffb-32558322ad3f;420.05;0.01;UNKNOWN
2016-04-10T01:11:01.000000;2016-04-10T01:11:01.000000;caf056e8-dcaa-4bf6-a10a-cc713770b1ad;420.06;0.01;UNKNOWN
2016-04-10T01:11:01.000000;2016-04-10T01:11:01.000000;aa263b58-cdae-4746-a68f-5f4f355f8055;420.05;0.01;UNKNOWN
2016-04-10T01:11:01.000000;2016-04-10T01:11:01.000000;71b0bfbc-2769-4046-ad23-d5f0ac07e390;420.09;0.03892;UNKNOWN
2016-04-10T01:11:31.000000;2016-04-10T01:11:31.000000;5018c1b0-b92b-4f50-96f0-95d3bad841e8;420.09;1.07093;UNKNOWN
2016-04-10T01:11:31.000000;2016-04-10T01:11:31.000000;ac89fc12-9e81-44ed-8b5b-8ef6febfb5e4;420.09;0.0334;UNKNOWN
2016-04-10T01:12:31.000000;2016-04-10T01:12:31.000000;ac714aa5-3b0e-4121-b53f-bb296f642cd7;420.1;0.05;UNKNOWN
2016-04-10T01:12:31.000000;2016-04-10T01:12:31.000000;db2639ff-8e2f-43d0-8492-e6e721fe5f83;420.1;0.0115;UNKNOWN
2016-04-10T01:12:31.000000;2016-04-10T01:12:31.000000;1dee20d1-fb17-4817-b1f2-0fb4a4230aaf;420.1;0.01;UNKNOWN
2016-04-10T01:12:31.000000;2016-04-10T01:12:31.000000;cba69985-1ccb-4249-b09b-183c0ae1a871;420.1;0.02001145;UNKNOWN
2016-04-10T01:12:31.000000;2016-04-10T01:12:31.000000;01b07a93-8e39-4e14-becb-c856ffeca665;420.11;0.125;UNKNOWN
2016-04-10T01:12:31.000000;2016-04-10T01:12:31.000000;036962cc-a8c5-41db-bed0-d57f65235720;420.18;0.47328855;UNKNOWN
2016-04-10T01:12:31.000000;2016-04-10T01:12:31.000000;3f975dd8-9219-4330-9eb0-bf133049daaa;420.16;0.091;UNKNOWN
2016-04-10T01:12:31.000000;2016-04-10T01:12:31.000000;98f84fdc-ed40-4166-abe5-6bb6314cab4c;420.16;0.01;UNKNOWN
2016-04-10T01:12:31.000000;2016-04-10T01:12:31.000000;5fba9b06-3e7d-487b-bfdd-40940202c358;420.16;0.01;UNKNOWN
2016-04-10T01:12:31.000000;2016-04-10T01:12:31.000000;9ce88b69-e822-4d45-8213-4caa0bd9d284;420.11;0.02;UNKNOWN
2016-04-10T01:12:31.000000;2016-04-10T01:12:31.000000;f7634397-edbf-4cbd-9fd0-b053569a1b1b;420.15;0.01;UNKNOWN
2016-04-10T01:12:41.000000;2016-04-10T01:12:41.000000;542fe9a8-d4c2-41c4-88e3-d35ee1cc6e3e;420.09;0.023;UNKNOWN
2016-04-10T01:12:41.000000;2016-04-10T01:12:41.000000;662b8c92-ba0d-4c5a-bc9f-f0abdcc53ed6;420.09;0.0247;UNKNOWN
2016-04-10T01:12:41.000000;2016-04-10T01:12:41.000000;2a262b82-cdcc-41a4-b74d-b8a85fcacf7d;420.09;0.0267;UNKNOWN
2016-04-10T01:12:41.000000;2016-04-10T01:12:41.000000;935aaca6-4537-4ca8-a7fb-0e625d01b5c2;420.09;0.0219;UNKNOWN
2016-04-10T01:12:41.000000;2016-04-10T01:12:41.000000;0d3d72a7-8818-4f5e-a8b1-b8885af096e3;420.09;0.0176;UNKNOWN
2016-04-10T01:12:41.000000;2016-04-10T01:12:41.000000;7cc7fdf0-989b-43c0-a87b-b0229c7caa74;420.09;0.0199;UNKNOWN
2016-04-10T01:12:41.000000;2016-04-10T01:12:41.000000;aa6f649b-6841-491d-b0fc-e274738cb0e2;420.09;0.01;UNKNOWN
2016-04-10T01:12:41.000000;2016-04-10T01:12:41.000000;5252c07f-9d7b-4ef6-a161-c5052c6584d2;420.09;0.0185;UNKNOWN
2016-04-10T01:12:41.000000;2016-04-10T01:12:41.000000;4f3f37b9-2844-4d78-93b4-f714cfe70434;420.09;0.0269;UNKNOWN
2016-04-10T01:12:41.000000;2016-04-10T01:12:41.000000;a2d2c552-3ee4-4393-a773-114eb27beccb;420.09;0.05907;UNKNOWN
2016-04-10T01:13:01.000000;2016-04-10T01:13:01.000000;aba34de7-f5b0-4501-8185-1c7cbb3229a2;420.08;0.16437;UNKNOWN
2016-04-10T01:13:30.000000;2016-04-10T01:13:30.000000;1c1a660b-51fa-4978-8063-a0cd828676ed;420.03;0.02754142;UNKNOWN
2016-04-10T01:13:30.000000;2016-04-10T01:13:30.000000;2b553ccd-c6d0-492b-8c6d-a08bd1c49564;420.04;0.01;UNKNOWN
2016-04-10T01:13:30.000000;2016-04-10T01:13:30.000000;b2f816b6-3a9d-471e-a60f-3e6b6d98ecd1;420.08;0.30891858;UNKNOWN
2016-04-10T01:13:30.000000;2016-04-10T01:13:30.000000;4fb722a9-33c7-44ea-9678-e28a26666052;420.07;0.05;UNKNOWN
2016-04-10T01:14:01.000000;2016-04-10T01:14:01.000000;7c6cdb51-d755-414b-8d72-f4b1bc5a2d45;419.97;0.02431;UNKNOWN
2016-04-10T01:14:01.000000;2016-04-10T01:14:01.000000;56a5ad7c-c780-4c1b-afbe-2c3954216b2e;419.97;0.01;UNKNOWN
2016-04-10T01:14:01.000000;2016-04-10T01:14:01.000000;43658a7c-d514-4584-a2b2-c6ca7d091d4e;419.98;0.01;UNKNOWN
2016-04-10T01:14:31.000000;2016-04-10T01:14:31.000000;16a44d4d-25bf-4443-940b-fc858fb6bb7b;419.94;0.05;UNKNOWN
2016-04-10T01:14:31.000000;2016-04-10T01:14:31.000000;13c86bdc-edd5-4194-8abd-af24447543cc;419.95;0.01;UNKNOWN
2016-04-10T01:14:31.000000;2016-04-10T01:14:31.000000;db2636b2-4371-4e2a-b95d-2c4ff1f8600b;419.96;0.01;UNKNOWN
2016-04-10T01:14:31.000000;2016-04-10T01:14:31.000000;319a4e29-cc81-48d0-9af0-09252a20107b;419.92;0.23074;UNKNOWN
2016-04-10T01:14:31.000000;2016-04-10T01:14:31.000000;c7cdfe0b-36a0-4fed-800f-aadcb5a29c78;419.93;0.01;UNKNOWN
2016-04-10T01:14:31.000000;2016-04-10T01:14:31.000000;3024f90e-8e82-4abd-a44f-23f6fc09a9ca;419.94;0.109;UNKNOWN
2016-04-10T01:15:01.000000;2016-04-10T01:15:01.000000;1cb808f3-e503-4082-9ff0-90af79103d3b;419.67;0.05;UNKNOWN
2016-04-10T01:15:01.000000;2016-04-10T01:15:01.000000;add20d05-0335-4518-877e-30ac9484cd22;419.65;0.01;UNKNOWN
2016-04-10T01:15:01.000000;2016-04-10T01:15:01.000000;bda46d64-0a86-47c4-a8c2-a788f3d41e52;419.61;0.41912;UNKNOWN
2016-04-10T01:15:01.000000;2016-04-10T01:15:01.000000;55f016a1-cc78-46aa-9baf-59df9440781d;419.64;0.075;UNKNOWN
2016-04-10T01:15:01.000000;2016-04-10T01:15:01.000000;8f39917b-70c5-4a52-bea1-b86c39fcbbca;419.69;0.085;UNKNOWN
2016-04-10T01:15:01.000000;2016-04-10T01:15:01.000000;587a37ff-737c-4f22-bb28-ac96fc9b4c55;419.75;0.01;UNKNOWN
2016-04-10T01:15:01.000000;2016-04-10T01:15:01.000000;4974e485-214d-4077-9fa6-fcd74c103581;419.71;0.02;UNKNOWN
2016-04-10T01:15:01.000000;2016-04-10T01:15:01.000000;b3e07fe6-7bcc-4e29-abb8-64af42de3b89;419.7;0.01;UNKNOWN
2016-04-10T01:15:01.000000;2016-04-10T01:15:01.000000;8c3e7504-66fb-421f-9b80-12619b4dcd95;419.74;0.108;UNKNOWN
2016-04-10T01:15:01.000000;2016-04-10T01:15:01.000000;d40791d5-72f9-4017-8c55-9cde93adc65a;419.88;0.3;UNKNOWN
2016-04-10T01:15:01.000000;2016-04-10T01:15:01.000000;e617ad50-cb18-4002-b652-ee3cc053803a;419.89;0.0125;UNKNOWN
2016-04-10T01:15:01.000000;2016-04-10T01:15:01.000000;3a1a162d-96c7-4e3b-bde0-61b6e9025eaf;419.8;0.01;UNKNOWN
2016-04-10T01:15:01.000000;2016-04-10T01:15:01.000000;fdad0f00-1e4b-46b4-b686-fe391f9ac0f1;419.75;0.01;UNKNOWN
2016-04-10T01:15:01.000000;2016-04-10T01:15:01.000000;f2194ae5-ea14-49a4-ba80-9315c3fd1d64;419.65;0.2;UNKNOWN
2016-04-10T01:15:01.000000;2016-04-10T01:15:01.000000;c7d60249-ad66-422a-9e62-4651d81e8e9b;419.89;0.01;UNKNOWN
2016-04-10T01:15:01.000000;2016-04-10T01:15:01.000000;db86ea7c-ac2f-4e4d-a43e-3144cfd23672;419.89;0.115;UNKNOWN
2016-04-10T01:15:01.000000;2016-04-10T01:15:01.000000;821b5f7b-5d23-4be9-87b3-58be065fdc26;419.84;0.124;UNKNOWN
2016-04-10T01:15:01.000000;2016-04-10T01:15:01.000000;6f944fbf-11f4-40ef-a411-d53ea04cabbb;419.88;0.01;UNKNOWN
2016-04-10T01:15:01.000000;2016-04-10T01:15:01.000000;1f23df08-e8bd-42ad-912e-8d7043d00053;419.88;0.01;UNKNOWN
2016-04-10T01:15:01.000000;2016-04-10T01:15:01.000000;fa0b0cb8-d926-4050-96b7-afe53b250b58;419.76;0.01;UNKNOWN
2016-04-10T01:15:01.000000;2016-04-10T01:15:01.000000;41e49cec-7868-4613-8b6f-1fd1b6cf80a8;419.79;0.121;UNKNOWN
2016-04-10T01:15:01.000000;2016-04-10T01:15:01.000000;f7204d3f-3770-403a-b5ef-ecfb80a194a7;419.85;0.05;UNKNOWN
2016-04-10T01:15:01.000000;2016-04-10T01:15:01.000000;0d7fad77-7937-4132-a8d6-e332e5fc481f;419.88;0.01;UNKNOWN
2016-04-10T01:15:01.000000;2016-04-10T01:15:01.000000;42a70a95-a05b-44c5-9e89-96bc31df7522;419.85;0.01;UNKNOWN
2016-04-10T01:15:01.000000;2016-04-10T01:15:01.000000;9accb4a6-7848-48ba-b7dd-82cae032f443;419.79;0.01;UNKNOWN
2016-04-10T01:15:30.000000;2016-04-10T01:15:30.000000;b8e8cfbd-5e0d-4e0d-aa53-8975e1cc7d18;419.85;0.01;UNKNOWN
2016-04-10T01:15:30.000000;2016-04-10T01:15:30.000000;6a752b47-f510-47ab-b31c-b91af3c1d3c2;419.86;0.01;UNKNOWN
2016-04-10T01:15:30.000000;2016-04-10T01:15:30.000000;901dee9b-41d8-45f0-89e4-6483b9d557b1;419.85;0.39;UNKNOWN
2016-04-10T01:15:30.000000;2016-04-10T01:15:30.000000;5dc9e181-0838-491f-8c2a-276fda49afba;419.87;0.03153;UNKNOWN
2016-04-10T01:15:30.000000;2016-04-10T01:15:30.000000;cf9c7834-33ae-4d0f-a195-ff24789cbecf;419.83;0.03;UNKNOWN
2016-04-10T01:16:01.000000;2016-04-10T01:16:01.000000;db93aaa9-1fdd-4e04-800a-b75a0193e861;419.78;0.0286;UNKNOWN
2016-04-10T01:16:01.000000;2016-04-10T01:16:01.000000;d9a547ee-a4f5-4266-ae6e-8b900f3262d4;419.78;0.0292;UNKNOWN
2016-04-10T01:16:01.000000;2016-04-10T01:16:01.000000;ddc330f6-3129-4571-8570-4aec143538af;419.78;0.0306;UNKNOWN
2016-04-10T01:16:01.000000;2016-04-10T01:16:01.000000;1ca1bffb-a44c-46ba-a76c-4d35a8b1f8fd;419.8;0.00351;UNKNOWN
2016-04-10T01:16:01.000000;2016-04-10T01:16:01.000000;40316945-2547-4f91-885f-5a5ec1236031;419.78;0.0298;UNKNOWN
2016-04-10T01:16:01.000000;2016-04-10T01:16:01.000000;17b200cc-75a4-4908-b2ad-b2414571b36a;419.78;0.0294;UNKNOWN
2016-04-10T01:16:01.000000;2016-04-10T01:16:01.000000;166cdc16-8319-4202-ba7b-379128c9c656;419.78;0.0102;UNKNOWN
2016-04-10T01:16:31.000000;2016-04-10T01:16:31.000000;81c98f95-6d36-4f2e-ba2d-d089041e1369;419.89;0.01;UNKNOWN
2016-04-10T01:16:31.000000;2016-04-10T01:16:31.000000;4b7954fd-b017-46c9-929b-0e697f22bf70;419.89;0.57829;UNKNOWN
2016-04-10T01:16:31.000000;2016-04-10T01:16:31.000000;34d6bf99-a20d-4ce9-8223-efbebaa9c2c5;419.88;0.01;UNKNOWN
2016-04-10T01:16:31.000000;2016-04-10T01:16:31.000000;5a21581d-13e3-45a9-abf0-49dc07a32335;419.87;0.05;UNKNOWN
2016-04-10T01:16:31.000000;2016-04-10T01:16:31.000000;c6e7b51a-78cf-4374-a50e-889a17874ef5;419.9;0.0115;UNKNOWN
2016-04-10T01:16:31.000000;2016-04-10T01:16:31.000000;a6ae0c3d-5da7-40c8-ab4d-175987cc1714;419.91;0.12576;UNKNOWN
2016-04-10T01:16:31.000000;2016-04-10T01:16:31.000000;ef26cd98-f5c1-4d80-b29d-af84945c2de4;419.9;0.01;UNKNOWN
2016-04-10T01:17:02.000000;2016-04-10T01:17:02.000000;e9e7e40b-6e36-4df3-a254-0af547c0fa04;419.94;0.3;UNKNOWN
2016-04-10T01:17:02.000000;2016-04-10T01:17:02.000000;fc2fddee-0f3c-42bf-8322-3ea6eafb5ac0;419.84;0.0307;UNKNOWN
2016-04-10T01:17:02.000000;2016-04-10T01:17:02.000000;d95715b8-7a41-4303-a50b-e56a6527b0df;419.86;0.0206;UNKNOWN
2016-04-10T01:17:02.000000;2016-04-10T01:17:02.000000;d03d5611-0238-4d90-9bf4-eefeb1a61492;419.93;0.39;UNKNOWN
2016-04-10T01:17:02.000000;2016-04-10T01:17:02.000000;a74aa340-2ded-46aa-ae5b-a57353c67865;419.99;0.01;UNKNOWN
2016-04-10T01:17:02.000000;2016-04-10T01:17:02.000000;e20f189d-4247-48c7-97f5-c75e76c7cba9;419.98;0.3;UNKNOWN
2016-04-10T01:17:02.000000;2016-04-10T01:17:02.000000;b9c5a9bc-bfd9-4a0b-95e5-1763fe33e6e7;419.98;0.13;UNKNOWN
2016-04-10T01:17:02.000000;2016-04-10T01:17:02.000000;b91347bc-59c6-4310-a5de-1394e9a42880;419.98;0.01;UNKNOWN
2016-04-10T01:17:02.000000;2016-04-10T01:17:02.000000;3c821bd8-efc3-478f-ab72-050964018232;419.94;0.122;UNKNOWN
2016-04-10T01:17:02.000000;2016-04-10T01:17:02.000000;80d197cf-d64a-4d3a-b52b-216fa1b2b43e;419.97;0.26;UNKNOWN
2016-04-10T01:17:02.000000;2016-04-10T01:17:02.000000;fca9370b-d2b3-4582-b98e-3c649aa578f6;419.95;0.3;UNKNOWN
2016-04-10T01:17:02.000000;2016-04-10T01:17:02.000000;dddca2c7-0040-4968-ae68-1e17c0e38c23;419.95;0.01;UNKNOWN
2016-04-10T01:17:02.000000;2016-04-10T01:17:02.000000;64a003bc-7a75-4f12-8808-a4a202c52d4e;419.99;0.01123;UNKNOWN
2016-04-10T01:17:02.000000;2016-04-10T01:17:02.000000;2e37869e-e181-4e9e-8f8e-ef1796e4999e;419.99;0.082;UNKNOWN
2016-04-10T01:17:31.000000;2016-04-10T01:17:31.000000;8a9862e3-1221-4e7e-aa29-bbd437c67268;419.94;0.01;UNKNOWN
2016-04-10T01:17:31.000000;2016-04-10T01:17:31.000000;05661332-1fc5-48c2-8d90-a86dd2aabdc1;419.98;0.01;UNKNOWN
2016-04-10T01:17:31.000000;2016-04-10T01:17:31.000000;7ce41f36-4c84-43a5-876d-083d681a970a;419.88;0.1;UNKNOWN
2016-04-10T01:17:31.000000;2016-04-10T01:17:31.000000;76b435ab-ef4e-43ac-9525-bbe82136a7d0;419.96;0.077;UNKNOWN
2016-04-10T01:17:31.000000;2016-04-10T01:17:31.000000;fd3f4d95-430c-4830-abc6-1e6d363dc0c9;419.99;0.05588;UNKNOWN
2016-04-10T01:18:01.000000;2016-04-10T01:18:01.000000;6cf59595-cfc1-48f1-aefc-f2bad773135a;420.0;0.01;UNKNOWN
2016-04-10T01:18:01.000000;2016-04-10T01:18:01.000000;7b5f294a-4970-4955-8359-f5c87c382fc8;419.98;0.01;UNKNOWN
2016-04-10T01:18:01.000000;2016-04-10T01:18:01.000000;d9f885a7-6330-4139-8dce-f9e1528a5bef;419.97;0.01;UNKNOWN
2016-04-10T01:18:01.000000;2016-04-10T01:18:01.000000;5dae3024-124e-45f9-a7c9-1a02f9f2c405;419.97;0.05;UNKNOWN
2016-04-10T01:18:01.000000;2016-04-10T01:18:01.000000;ff612ed8-156c-4993-a02c-8cf329ee29af;420.04;0.32557;UNKNOWN
2016-04-10T01:18:32.000000;2016-04-10T01:18:32.000000;e79ca914-3756-482b-9085-25913e2d4dbe;419.95;0.01;UNKNOWN
2016-04-10T01:18:32.000000;2016-04-10T01:18:32.000000;8532f048-476f-42f8-bf10-dab67e057e3e;419.94;0.02601;UNKNOWN
2016-04-10T01:19:01.000000;2016-04-10T01:19:01.000000;71239641-ed48-45f8-95a8-7db0f38b9d3f;420.05;0.01;UNKNOWN
2016-04-10T01:19:01.000000;2016-04-10T01:19:01.000000;a143bfda-268d-4340-98b6-c63f61f2c109;420.03;0.01;UNKNOWN
2016-04-10T01:19:01.000000;2016-04-10T01:19:01.000000;75ae7876-e0e8-43f1-b45b-f79f113bc36f;420.11;0.18029;UNKNOWN
2016-04-10T01:19:01.000000;2016-04-10T01:19:01.000000;7956eab5-9bda-4cab-851c-0f8b4db9b3ef;420.0;0.01;UNKNOWN
2016-04-10T01:19:01.000000;2016-04-10T01:19:01.000000;6212976c-3a96-4555-b071-755d0b3ac826;420.01;0.01;UNKNOWN
2016-04-10T01:19:01.000000;2016-04-10T01:19:01.000000;ea5766ce-4974-4093-8867-31a4cdaef192;420.11;0.01;UNKNOWN
2016-04-10T01:19:01.000000;2016-04-10T01:19:01.000000;68c2dda7-0df4-4e23-a773-2a4547cc8719;420.08;0.78;UNKNOWN
2016-04-10T01:19:01.000000;2016-04-10T01:19:01.000000;ab23eb1b-d0d9-4611-b6cd-63ac3eb4f39d;420.07;0.02;UNKNOWN
2016-04-10T01:19:01.000000;2016-04-10T01:19:01.000000;7af7d566-1a27-4d0e-9ce3-f5e26075d5df;420.07;0.01;UNKNOWN
2016-04-10T01:19:01.000000;2016-04-10T01:19:01.000000;90dd9470-af23-4b1e-acb4-7a4c2b0540b8;420.06;0.13;UNKNOWN
2016-04-10T01:19:01.000000;2016-04-10T01:19:01.000000;03db42b6-4cbb-4807-9a02-702d6a709bc0;420.07;0.01;UNKNOWN
2016-04-10T01:19:01.000000;2016-04-10T01:19:01.000000;b8d49928-5734-4ca9-afa2-67cb0a9903ba;420.1;0.78;UNKNOWN
2016-04-10T01:19:01.000000;2016-04-10T01:19:01.000000;80e3023b-795f-4dc6-b3f8-1a9776f1ab15;420.09;0.39;UNKNOWN
2016-04-10T01:19:01.000000;2016-04-10T01:19:01.000000;b39771d6-68f3-494d-b156-d6d665a6bf3d;420.1;0.01;UNKNOWN
2016-04-10T01:19:01.000000;2016-04-10T01:19:01.000000;283e4107-ef65-4598-b7e2-39b75cae519e;420.09;0.19;UNKNOWN
2016-04-10T01:19:34.000000;2016-04-10T01:19:34.000000;d76df844-1115-4f3f-ae86-245ed5c631af;420.05;0.01;UNKNOWN
2016-04-10T01:19:34.000000;2016-04-10T01:19:34.000000;ffe710af-f5f6-4b0e-88d4-74b84fbaad38;420.05;0.05;UNKNOWN
2016-04-10T01:19:34.000000;2016-04-10T01:19:34.000000;0cbc2b9c-886b-4a15-9924-85d19e53ffa9;420.05;0.0598;UNKNOWN
2016-04-10T01:20:01.000000;2016-04-10T01:20:01.000000;d0f05d27-cd4d-4ede-a6a4-a852c1ec285d;420.11;1.1096;UNKNOWN
2016-04-10T01:20:01.000000;2016-04-10T01:20:01.000000;b790890c-6f5c-4229-b599-336885a2358c;420.07;0.125;UNKNOWN
2016-04-10T01:20:01.000000;2016-04-10T01:20:01.000000;51bd7360-f4dc-411b-9e8a-8f3b532be424;420.07;0.02;UNKNOWN
2016-04-10T01:20:31.000000;2016-04-10T01:20:31.000000;e2978cb5-2b05-46e4-9ae8-7fcbec85dad6;420.14;1.11402;UNKNOWN
2016-04-10T01:20:31.000000;2016-04-10T01:20:31.000000;63d1aa29-fba0-4a6d-bd7a-ffcb27c0aea5;420.11;0.65;UNKNOWN
2016-04-10T01:20:31.000000;2016-04-10T01:20:31.000000;69954163-cfe3-42ce-86bd-a689b21b5439;420.1;0.01;UNKNOWN
2016-04-10T01:20:31.000000;2016-04-10T01:20:31.000000;af3fa541-34a3-47a0-9426-11de5a919505;420.07;0.123;UNKNOWN
2016-04-10T01:20:31.000000;2016-04-10T01:20:31.000000;d99f976b-f35b-400c-b1e6-348f83baa5c0;420.07;0.0525;UNKNOWN
2016-04-10T01:20:31.000000;2016-04-10T01:20:31.000000;98f19af2-5db9-40f0-a88a-6a82f2cf7c13;420.09;0.13;UNKNOWN
2016-04-10T01:20:31.000000;2016-04-10T01:20:31.000000;bdcafca9-c844-47a5-9596-0d560c323c48;420.12;0.084;UNKNOWN
2016-04-10T01:20:31.000000;2016-04-10T01:20:31.000000;c173669f-23eb-42bc-bf93-5bdc4b82822f;420.07;0.02;UNKNOWN
2016-04-10T01:20:42.000000;2016-04-10T01:20:42.000000;99c0d7b4-8d26-4413-adcb-2442d5059255;420.12;0.00869515;UNKNOWN
2016-04-10T01:20:42.000000;2016-04-10T01:20:42.000000;202ba4d3-9da7-4c0c-a457-40fecf7e333e;420.07;0.145;UNKNOWN
2016-04-10T01:20:42.000000;2016-04-10T01:20:42.000000;900a3319-1115-4fc3-95a4-74aafe39673b;420.07;0.02;UNKNOWN
2016-04-10T01:21:01.000000;2016-04-10T01:21:01.000000;074a140b-c501-48dd-be5d-6bae8d2a8cb1;420.13;0.01;UNKNOWN
2016-04-10T01:21:01.000000;2016-04-10T01:21:01.000000;b6a8d03c-7754-4ad8-8a95-35d4f627b684;420.14;0.19622;UNKNOWN
2016-04-10T01:21:01.000000;2016-04-10T01:21:01.000000;599d89d7-575e-4a7a-97d0-3fe1800412b9;420.12;0.13;UNKNOWN
2016-04-10T01:21:01.000000;2016-04-10T01:21:01.000000;1d1891bb-3df9-4ff7-a5b5-08e773d78b8e;420.08;0.1;UNKNOWN
2016-04-10T01:21:01.000000;2016-04-10T01:21:01.000000;6184e7fe-df79-40ea-9bb8-46a542868d6d;420.07;0.02;UNKNOWN
2016-04-10T01:21:31.000000;2016-04-10T01:21:31.000000;70f49707-108c-4ba9-9945-f105d4f97b05;420.07;0.03357;UNKNOWN
2016-04-10T01:21:31.000000;2016-04-10T01:21:31.000000;688eb946-8710-4f75-8776-e8d331d044f5;420.07;0.02;UNKNOWN
2016-04-10T01:22:01.000000;2016-04-10T01:22:01.000000;2db8e7bc-c78c-483b-9026-7f87705b4d3a;420.14;1.21373;UNKNOWN
2016-04-10T01:22:01.000000;2016-04-10T01:22:01.000000;93acc24c-607b-4516-b7d2-8f5874296221;420.07;0.02;UNKNOWN
2016-04-10T01:22:01.000000;2016-04-10T01:22:01.000000;bf4d97ee-df21-498d-b635-6175ea91ff1b;420.07;0.181;UNKNOWN
2016-04-10T01:22:31.000000;2016-04-10T01:22:31.000000;055deb73-d395-4b21-b801-129b9e9a290f;420.01;0.01;UNKNOWN
2016-04-10T01:22:31.000000;2016-04-10T01:22:31.000000;852114b5-8874-44fe-8485-f0dcc96864fe;420.0;0.00753;UNKNOWN
2016-04-10T01:23:01.000000;2016-04-10T01:23:01.000000;e5051832-09d9-4e5c-ab33-b0d91fec0132;420.0;0.05;UNKNOWN
2016-04-10T01:23:01.000000;2016-04-10T01:23:01.000000;ea1f0261-a282-48ff-8eff-1b53f538f8e7;419.95;0.0125;UNKNOWN
2016-04-10T01:23:01.000000;2016-04-10T01:23:01.000000;500307c4-0deb-4b8e-9789-73860cc4fd71;420.0;0.00247;UNKNOWN
2016-04-10T01:23:01.000000;2016-04-10T01:23:01.000000;4c814a33-9a42-42fc-9bba-66da9ac958cf;419.96;0.3;UNKNOWN
2016-04-10T01:23:01.000000;2016-04-10T01:23:01.000000;932c8b21-c331-405f-bdbe-a58d0fa8e4a0;419.96;0.3;UNKNOWN
2016-04-10T01:23:01.000000;2016-04-10T01:23:01.000000;cd068201-e85e-47dd-aa59-164f06785deb;419.98;0.11;UNKNOWN
2016-04-10T01:23:01.000000;2016-04-10T01:23:01.000000;ac897214-c639-4b07-95e4-5c90d11f0a2e;419.98;0.01;UNKNOWN
2016-04-10T01:23:01.000000;2016-04-10T01:23:01.000000;397627aa-52d3-49dd-b1ad-4f794d4e6745;419.96;0.01;UNKNOWN
2016-04-10T01:23:01.000000;2016-04-10T01:23:01.000000;1a483185-ee65-42c0-a561-fde2c9e16c99;419.96;0.01;UNKNOWN
2016-04-10T01:23:01.000000;2016-04-10T01:23:01.000000;307f8c46-0c6b-4e6d-9c2a-cbe9d33d9825;419.97;0.08;UNKNOWN
2016-04-10T01:23:01.000000;2016-04-10T01:23:01.000000;5cfd493a-e8c2-4ab3-b632-374953786a5b;419.95;0.07178;UNKNOWN
2016-04-10T01:23:01.000000;2016-04-10T01:23:01.000000;7c3013de-3bf4-4036-85e6-09adfed057f9;419.95;0.01;UNKNOWN
2016-04-10T01:30:31.000000;2016-04-10T01:30:31.000000;e4b2ad67-48e9-4f6e-8010-e8fd5ac1bd2a;420.05;0.01;UNKNOWN
2016-04-10T01:30:31.000000;2016-04-10T01:30:31.000000;b83d2744-12c6-4662-9a8d-357331450e1e;420.05;0.02;UNKNOWN
2016-04-10T01:30:31.000000;2016-04-10T01:30:31.000000;31733b35-292d-4a86-9f8c-c2a6cddb38c9;420.06;0.117;UNKNOWN
2016-04-10T01:30:31.000000;2016-04-10T01:30:31.000000;40b7df8d-fab7-4dcf-8ebd-9cbf995da77e;420.09;0.26;UNKNOWN
2016-04-10T01:30:31.000000;2016-04-10T01:30:31.000000;37b495b4-0c2f-430d-b320-98d3246bfa91;420.04;0.25;UNKNOWN
2016-04-10T01:30:31.000000;2016-04-10T01:30:31.000000;175dc1bb-5e05-4965-ba67-1f76aa8bb43e;420.03;0.01;UNKNOWN
2016-04-10T01:30:31.000000;2016-04-10T01:30:31.000000;337b48b6-1129-4a02-a486-269fecaef46d;420.1;0.01;UNKNOWN
2016-04-10T01:30:31.000000;2016-04-10T01:30:31.000000;9d36d8f7-caed-4d3a-95f3-4c66098ba91f;420.02;0.13;UNKNOWN
2016-04-10T01:30:31.000000;2016-04-10T01:30:31.000000;ef8ed9af-e3f0-4156-a737-83542e47c079;420.19;0.01;UNKNOWN
2016-04-10T01:30:31.000000;2016-04-10T01:30:31.000000;224163ae-a165-4bde-85e8-212105e75fa3;420.18;0.30891858;UNKNOWN
2016-04-10T01:30:31.000000;2016-04-10T01:30:31.000000;8bd51901-d6c8-4e33-9197-4b8c0f46a630;420.02;0.3;UNKNOWN
2016-04-10T01:30:31.000000;2016-04-10T01:30:31.000000;55b478be-75ac-4744-b275-c6471bccefcc;420.18;0.62490138;UNKNOWN
2016-04-10T01:30:31.000000;2016-04-10T01:30:31.000000;0e1f7597-f92b-430e-853f-aff043c93f62;420.18;0.16436999;UNKNOWN
2016-04-10T01:30:31.000000;2016-04-10T01:30:31.000000;48a44382-a3a9-4ae2-9826-3f4f57a1f022;420.24;1.17;UNKNOWN
2016-04-10T01:30:31.000000;2016-04-10T01:30:31.000000;2e2ed40a-fb75-485e-8861-3803da6e4eb7;420.01;0.01;UNKNOWN
2016-04-10T01:30:31.000000;2016-04-10T01:30:31.000000;040140e7-a620-4aaf-8ffa-7a295cbd133c;420.17;2.08;UNKNOWN
2016-04-10T01:30:31.000000;2016-04-10T01:30:31.000000;03ea3bcf-f8c0-47e2-8f8e-3597fe571aea;420.21;0.5;UNKNOWN
2016-04-10T01:30:31.000000;2016-04-10T01:30:31.000000;ba2d224a-7c49-4865-a8c9-3ecee5ca84ab;420.23;0.2;UNKNOWN
2016-04-10T01:30:31.000000;2016-04-10T01:30:31.000000;66bea1d5-40c1-4cc2-b66e-7d62a5cb6fbc;420.15;0.01;UNKNOWN
2016-04-10T01:30:31.000000;2016-04-10T01:30:31.000000;b5e6ce9d-a1f4-401a-9e7f-44dfd68cc136;420.14;3.12;UNKNOWN
2016-04-10T01:30:31.000000;2016-04-10T01:30:31.000000;2d7b15cf-8c49-49f6-9ba7-8423129f8c81;420.21;0.01;UNKNOWN
2016-04-10T01:30:31.000000;2016-04-10T01:30:31.000000;61d20dc0-c8d6-4253-b508-05168501a243;420.2;0.01;UNKNOWN
2016-04-10T01:30:31.000000;2016-04-10T01:30:31.000000;26e9e061-f721-4c38-b056-39dfdf867f47;420.21;0.01;UNKNOWN
2016-04-10T01:30:31.000000;2016-04-10T01:30:31.000000;1e1f2049-00b5-4b4b-94c8-ccac3a90b1bf;420.16;0.125;UNKNOWN
2016-04-10T01:30:31.000000;2016-04-10T01:30:31.000000;b99882f3-2842-4de9-8f92-064ddce5dcb6;420.19;0.52;UNKNOWN
2016-04-10T01:30:31.000000;2016-04-10T01:30:31.000000;044ed9ac-54ab-45a7-b19b-ecf85b4804ed;420.2;2.5;UNKNOWN
2016-04-10T01:30:31.000000;2016-04-10T01:30:31.000000;a433641b-5b7e-4029-9500-6656804493d5;420.2;0.0298481;UNKNOWN
2016-04-10T01:30:31.000000;2016-04-10T01:30:31.000000;cac99b15-49c0-4f1e-9c64-ec4cf0395c19;420.25;0.02188322;UNKNOWN
2016-04-10T01:30:31.000000;2016-04-10T01:30:31.000000;a51d2304-a6da-4893-8c93-0081f7c48509;420.25;0.20065821;UNKNOWN
2016-04-10T01:30:31.000000;2016-04-10T01:30:31.000000;decbd737-d62d-49b8-97e2-2417a5a2b752;420.2;0.01;UNKNOWN
2016-04-10T01:30:31.000000;2016-04-10T01:30:31.000000;bc8c211f-8f62-4638-9c32-06d4c827e1c1;420.26;0.01;UNKNOWN
2016-04-10T01:30:31.000000;2016-04-10T01:30:31.000000;fe177a9e-132b-45da-9ca8-c51ac841ef2c;420.26;0.09854797;UNKNOWN
2016-04-10T01:30:31.000000;2016-04-10T01:30:31.000000;f08e628c-c667-4daf-a6a2-d18a003ceef1;420.25;0.01;UNKNOWN
2016-04-10T01:30:31.000000;2016-04-10T01:30:31.000000;1f7db808-189f-4eb0-8b72-60e4e591c4bb;420.25;0.2;UNKNOWN
2016-04-10T01:30:31.000000;2016-04-10T01:30:31.000000;0ba6ec75-4df2-4938-8f9d-eb6dd99a5da9;420.25;0.01;UNKNOWN
2016-04-10T01:30:31.000000;2016-04-10T01:30:31.000000;7d834a23-30c6-4e02-beea-04cd173d48db;420.25;0.1;UNKNOWN
2016-04-10T01:30:31.000000;2016-04-10T01:30:31.000000;29174638-fc9b-49ba-9269-22906aa91ef4;420.26;0.084;UNKNOWN
2016-04-10T01:30:31.000000;2016-04-10T01:30:31.000000;2ad3e96a-44d7-40ab-baee-6c78d885dfb9;420.29;3.12;UNKNOWN
2016-04-10T01:30:31.000000;2016-04-10T01:30:31.000000;6dc7c705-f983-4cf6-b951-d20997aec24c;420.3;0.01;UNKNOWN
2016-04-10T01:30:31.000000;2016-04-10T01:30:31.000000;ed6fa425-28a4-4340-94aa-90c6e4a15fd1;420.3;0.01;UNKNOWN
2016-04-10T01:30:31.000000;2016-04-10T01:30:31.000000;49570abb-1c80-4159-b1d9-1ec461f12d78;420.3;0.01;UNKNOWN
2016-04-10T01:30:31.000000;2016-04-10T01:30:31.000000;1cfa70d1-f4c6-46e9-863c-9979f673b859;420.34;1.91818193;UNKNOWN
2016-04-10T01:30:31.000000;2016-04-10T01:30:31.000000;54a5fe39-57d2-40ef-ab62-6369ce6f64e0;420.33;7.8;UNKNOWN
2016-04-10T01:30:31.000000;2016-04-10T01:30:31.000000;2e630260-4210-426c-bcf9-0951545d6679;420.34;0.47967062;UNKNOWN
2016-04-10T01:31:01.000000;2016-04-10T01:31:01.000000;4126e24b-1340-4424-a691-67290089e106;420.27;0.17425;UNKNOWN
2016-04-10T01:31:01.000000;2016-04-10T01:31:01.000000;eab1fef8-0f75-413c-b135-1705a88ce381;420.05;0.02;UNKNOWN
2016-04-10T01:31:31.000000;2016-04-10T01:31:31.000000;94232f22-018f-42c1-9d7b-d3eccf093f08;420.27;0.07501;UNKNOWN
2016-04-10T01:31:40.000000;2016-04-10T01:31:40.000000;59470244-abcb-4a32-b170-8ec261a27ff6;420.27;0.0664;UNKNOWN
2016-04-10T01:31:40.000000;2016-04-10T01:31:40.000000;da49a99e-abe6-4db8-87aa-6bb720258029;420.27;0.00239;UNKNOWN
2016-04-10T01:31:40.000000;2016-04-10T01:31:40.000000;e9af34b3-e991-491f-9828-e5711b9cd79a;420.27;0.076;UNKNOWN
2016-04-10T01:31:40.000000;2016-04-10T01:31:40.000000;d4e0f6b2-880a-4fe4-8f13-4cad10232597;420.27;0.02890515;UNKNOWN
2016-04-10T01:32:01.000000;2016-04-10T01:32:01.000000;00dfb45e-00ce-41d2-be98-ab0cdf5bda03;420.28;0.0525;UNKNOWN
2016-04-10T01:32:01.000000;2016-04-10T01:32:01.000000;ce8e97f5-53bb-4d1f-9852-6487679ccbc4;420.28;0.01;UNKNOWN
2016-04-10T01:32:01.000000;2016-04-10T01:32:01.000000;b6a734e6-10a4-4042-b9c2-737a128f4328;420.33;0.02561927;UNKNOWN
2016-04-10T01:32:01.000000;2016-04-10T01:32:01.000000;1e9fde73-b40d-488b-879d-28fc8ac567f6;420.28;0.074;UNKNOWN
2016-04-10T01:32:01.000000;2016-04-10T01:32:01.000000;bea5011c-166d-42ad-b81c-183e31ffac63;420.3;0.02001073;UNKNOWN
2016-04-10T01:32:34.000000;2016-04-10T01:32:34.000000;051ca6dc-65b7-41d6-94f2-bb8dcf7fdb49;420.37;0.36025;UNKNOWN
2016-04-10T01:32:34.000000;2016-04-10T01:32:34.000000;8a622803-a854-4273-9c8c-517b1e00ead8;420.36;0.01;UNKNOWN
2016-04-10T01:32:34.000000;2016-04-10T01:32:34.000000;7896ccd4-099d-49a1-b8fe-1d883b4987f7;420.37;0.01;UNKNOWN
2016-04-10T01:32:34.000000;2016-04-10T01:32:34.000000;6d5e887d-3089-46df-8dbd-bd802d775804;420.36;0.01;UNKNOWN
2016-04-10T01:32:34.000000;2016-04-10T01:32:34.000000;0e7673ce-bdb4-40ce-be0c-b2b2f969beb9;420.35;0.117;UNKNOWN
2016-04-10T01:32:34.000000;2016-04-10T01:32:34.000000;b2a57df5-e0ef-475b-a74e-e318d7a18725;420.35;0.01;UNKNOWN
2016-04-10T01:32:34.000000;2016-04-10T01:32:34.000000;5070b0a7-e307-4a27-8648-0372ea67e7a8;420.35;0.02;UNKNOWN
2016-04-10T01:33:31.000000;2016-04-10T01:33:31.000000;811e3ba2-32f7-4aba-a161-7068eb21c535;420.48;0.01;UNKNOWN
2016-04-10T01:33:31.000000;2016-04-10T01:33:31.000000;247a9eb1-e0ce-44ee-ba13-dcb1056ac236;420.47;0.03284435;UNKNOWN
2016-04-10T01:33:31.000000;2016-04-10T01:33:31.000000;893a4c2b-a447-466d-85c5-2a7aaaae94da;420.54;1.87310112;UNKNOWN
2016-04-10T01:33:31.000000;2016-04-10T01:33:31.000000;5f259f4b-b049-4f67-b66a-b497fb071140;420.5;0.65112136;UNKNOWN
2016-04-10T01:33:31.000000;2016-04-10T01:33:31.000000;d5a200a5-5b93-4731-8b9b-dc5175e55b09;420.5;0.01;UNKNOWN
2016-04-10T01:33:31.000000;2016-04-10T01:33:31.000000;f12cb20a-e1c7-4849-b107-226d47794c27;420.5;0.02189356;UNKNOWN
2016-04-10T01:33:31.000000;2016-04-10T01:33:31.000000;db7e2962-de1e-4972-b965-11c350d44031;420.5;0.1;UNKNOWN
2016-04-10T01:33:31.000000;2016-04-10T01:33:31.000000;df3608cb-bddb-47b6-bf48-860cd7760028;420.54;0.01;UNKNOWN
2016-04-10T01:33:31.000000;2016-04-10T01:33:31.000000;de4a5a56-737d-489c-9d94-5dd2234144f1;420.51;0.03359688;UNKNOWN
2016-04-10T01:33:31.000000;2016-04-10T01:33:31.000000;27ac3be0-aabd-4ad8-b62a-bfb382fc47fe;420.5;0.0358;UNKNOWN
2016-04-10T01:33:31.000000;2016-04-10T01:33:31.000000;6ff9e440-6a55-43dc-9332-8e78bba62d5f;420.52;0.107;UNKNOWN
2016-04-10T01:33:31.000000;2016-04-10T01:33:31.000000;dc62a498-9724-4d34-a592-6f9c558f8429;420.5;0.01;UNKNOWN
2016-04-10T01:33:31.000000;2016-04-10T01:33:31.000000;e497170e-1117-4e80-b975-ab264cddb3c4;420.4;0.01;UNKNOWN
2016-04-10T01:33:31.000000;2016-04-10T01:33:31.000000;5ba33989-6f28-4c19-9e2b-355dcac91d4a;420.42;0.12440837;UNKNOWN
2016-04-10T01:33:31.000000;2016-04-10T01:33:31.000000;301a21f0-51bf-4d73-a372-f4eb4d8c2540;420.4;0.1;UNKNOWN
2016-04-10T01:33:31.000000;2016-04-10T01:33:31.000000;ae414a2a-c7d7-48cb-b8d4-7b57735361a2;420.45;0.01;UNKNOWN
2016-04-10T01:33:31.000000;2016-04-10T01:33:31.000000;e41a99fe-037b-473c-a4a2-5b7fa66d2153;420.43;0.01;UNKNOWN
2016-04-10T01:33:31.000000;2016-04-10T01:33:31.000000;2b2dcec6-1669-434c-89ff-5a7a5355abe4;420.42;0.112;UNKNOWN
2016-04-10T01:33:31.000000;2016-04-10T01:33:31.000000;919332d0-699b-4599-8514-d88de60acbb7;420.45;0.01;UNKNOWN
2016-04-10T01:33:31.000000;2016-04-10T01:33:31.000000;0769f13e-a3fc-41db-ae4e-7a7198e6efd5;420.47;0.108;UNKNOWN
2016-04-10T01:33:31.000000;2016-04-10T01:33:31.000000;9ccbe31f-2355-4de5-b14d-84d9e569bbd0;420.42;0.01;UNKNOWN
2016-04-10T01:33:31.000000;2016-04-10T01:33:31.000000;3e10365b-cc6b-4674-8c3b-0cf5963d0cee;420.4;0.01;UNKNOWN
2016-04-10T01:33:31.000000;2016-04-10T01:33:31.000000;dde30723-3e3a-4f1c-8417-1b68fb34511e;420.4;0.01;UNKNOWN
2016-04-10T01:33:31.000000;2016-04-10T01:33:31.000000;49e369b3-39d7-4fa4-8e12-f96079bea526;420.37;0.23736436;UNKNOWN
2016-04-10T01:33:31.000000;2016-04-10T01:33:31.000000;03a6b255-b282-4f53-9adc-64404722ceca;420.38;0.05;UNKNOWN
2016-04-10T01:33:31.000000;2016-04-10T01:33:31.000000;6471c71c-8ada-41eb-ba96-90a29a9a8d6b;420.37;0.141;UNKNOWN
2016-04-10T01:33:31.000000;2016-04-10T01:33:31.000000;b4bd7317-9d0d-41af-818b-8c8cbf4b1261;420.41;0.01;UNKNOWN
2016-04-10T01:33:31.000000;2016-04-10T01:33:31.000000;056d0b1f-13a3-4640-9994-2469b871e047;420.37;0.13975;UNKNOWN
2016-04-10T01:34:08.000000;2016-04-10T01:34:08.000000;02344d0e-271a-4654-a46f-25fe12247283;420.39;0.0585;UNKNOWN
2016-04-10T01:34:31.000000;2016-04-10T01:34:31.000000;3b13da42-d5e8-4eb2-8c38-01212479f81e;420.39;0.10263;UNKNOWN
2016-04-10T01:35:01.000000;2016-04-10T01:35:01.000000;6fa1313f-3362-470e-b9bb-f1b0c177c078;420.39;0.0231;UNKNOWN
2016-04-10T01:35:01.000000;2016-04-10T01:35:01.000000;efd866bb-6b44-46fb-bc40-df99ad249a1b;420.39;0.36;UNKNOWN
2016-04-10T01:35:01.000000;2016-04-10T01:35:01.000000;7893299d-16ec-4242-9d08-2139d18776b8;420.4;2.02101;UNKNOWN
2016-04-10T01:35:04.000000;2016-04-10T01:35:04.000000;f44fa2e4-d921-468b-a2ff-b7861596813e;420.39;0.0451;UNKNOWN
2016-04-10T01:35:04.000000;2016-04-10T01:35:04.000000;c0648a3c-255e-4c51-9c44-7c2c3b22afca;420.39;0.02;UNKNOWN
2016-04-10T01:35:14.000000;2016-04-10T01:35:14.000000;86a4bb45-2990-487b-bbaf-76d35e07c739;420.39;0.0518;UNKNOWN
2016-04-10T01:35:17.000000;2016-04-10T01:35:17.000000;a38542cb-ddc4-4d21-867c-d1e5eaaa3cbe;420.39;0.0483;UNKNOWN
2016-04-10T01:35:20.000000;2016-04-10T01:35:20.000000;379c8d9b-ab90-4823-9a45-e9f2daad187b;420.39;0.0581;UNKNOWN
2016-04-10T01:35:24.000000;2016-04-10T01:35:24.000000;a730230e-5562-4417-9b85-664cee789ef6;420.39;0.0605;UNKNOWN
2016-04-10T01:35:29.000000;2016-04-10T01:35:29.000000;59e7d331-2084-44c8-bd60-1cb85f760a94;420.39;0.0614;UNKNOWN
2016-04-10T01:35:33.000000;2016-04-10T01:35:33.000000;deaef760-ffd2-4d5e-b1c6-d0b8266bf1a1;420.39;0.046;UNKNOWN
2016-04-10T01:35:42.000000;2016-04-10T01:35:42.000000;94fbc28d-7e08-4c21-a537-a70a3197e973;420.39;0.0413;UNKNOWN
2016-04-10T01:35:44.000000;2016-04-10T01:35:44.000000;a60661b1-242d-42dc-a7ad-fd0637f362ce;420.39;0.037;UNKNOWN
2016-04-10T01:36:04.000000;2016-04-10T01:36:04.000000;fbb5b9c7-d0cd-446c-a38e-acba3de09fd1;420.39;0.0163;UNKNOWN
2016-04-10T01:36:06.000000;2016-04-10T01:36:06.000000;5b4c6181-53e9-4cb9-88f6-fd81d0084005;420.39;0.0366;UNKNOWN
2016-04-10T01:36:31.000000;2016-04-10T01:36:31.000000;da42c796-dc19-406d-8ca1-276fbd9c19c0;420.38;0.025;UNKNOWN
2016-04-10T01:37:01.000000;2016-04-10T01:37:01.000000;9d2de5b1-f353-4a52-9c03-5fdbaf4aa150;420.38;0.0302;UNKNOWN
2016-04-10T01:37:01.000000;2016-04-10T01:37:01.000000;0e38590d-7c2e-43ed-9bfa-a61dd79e78b2;420.38;0.00532;UNKNOWN
2016-04-10T01:37:30.000000;2016-04-10T01:37:30.000000;f3834fd9-d0e7-4fb1-a9d2-786d65debca1;420.39;0.0178;UNKNOWN
2016-04-10T01:37:33.000000;2016-04-10T01:37:33.000000;7851ec5d-6fe7-495b-9dba-03f61c6abc86;420.4;0.24106;UNKNOWN
2016-04-10T01:38:31.000000;2016-04-10T01:38:31.000000;ead022dc-9bbc-415a-ab3f-655578972934;420.39;0.01513;UNKNOWN
2016-04-10T01:39:01.000000;2016-04-10T01:39:01.000000;be2ff6b5-4cce-41fb-b3be-f30b78a30741;420.4;1.17757;UNKNOWN
2016-04-10T01:39:34.000000;2016-04-10T01:39:34.000000;089afb22-9e8e-4a98-acf2-d2fa08bbf8c3;420.38;0.4254;UNKNOWN
2016-04-10T01:39:34.000000;2016-04-10T01:39:34.000000;51cdbb9a-ba29-4696-a1bb-55f3ac0a456f;420.38;0.0305;UNKNOWN
