time_exchange;time_coinpai;guid;price;base_amount;taker_side
2016-02-21T00:00:01.507000;2016-02-21T00:00:01.480000;fd46ca77-11bb-49b4-9f5c-76a8d0d166b2;438.04;0.02;BUY
2016-02-21T00:00:02.433000;2016-02-21T00:00:02.420000;ce1bebfa-766d-4d66-b8f9-637688154721;438.03;0.01;BUY
2016-02-21T00:00:02.433000;2016-02-21T00:00:02.433000;6421e3ff-787b-4143-882b-b3136920feb5;438.03;0.43;BUY
2016-02-21T00:00:02.433000;2016-02-21T00:00:02.433000;698f21f0-dbbb-440a-b44f-ce0d02662329;438.04;0.23;BUY
2016-02-21T00:00:02.433000;2016-02-21T00:00:02.433000;d11fd142-4ac2-48be-b925-06c39b8bd36c;438.04;0.05;BUY
2016-02-21T00:00:02.433000;2016-02-21T00:00:02.433000;8039747d-dfb4-440c-908f-f5c214d1b70e;438.04;0.05;BUY
2016-02-21T00:00:02.433000;2016-02-21T00:00:02.450000;e47de70b-865a-44dc-926f-4c11fc439e82;438.1;0.01;BUY
2016-02-21T00:00:02.433000;2016-02-21T00:00:02.450000;68f38533-0cf9-4495-abfe-4a53e5a2c05e;438.1;0.05;BUY
2016-02-21T00:00:02.437000;2016-02-21T00:00:02.450000;e82a1fdc-b574-4d9e-8236-8e9c7a034ac8;438.12;0.011;BUY
2016-02-21T00:00:02.437000;2016-02-21T00:00:02.450000;d7704978-3cb5-4a71-a89f-2d9bb484d44a;438.13;0.03;BUY
2016-02-21T00:00:02.437000;2016-02-21T00:00:02.450000;c37fb6f3-b950-4a19-86ee-7bd693ed9f89;438.13;0.05;BUY
2016-02-21T00:00:02.437000;2016-02-21T00:00:02.467000;6b1ff12d-f652-4ca7-8292-56f8bd970b28;438.15;0.011;BUY
2016-02-21T00:00:02.437000;2016-02-21T00:00:02.467000;4420c92e-26dc-4f24-b8b6-37c3c71bf109;438.17;0.011;BUY
2016-02-21T00:00:02.437000;2016-02-21T00:00:02.467000;8db31299-08c9-4f12-8534-469762ee5cde;438.2;0.011;BUY
2016-02-21T00:00:02.437000;2016-02-21T00:00:02.467000;810ae18a-c042-4cbf-bc0b-b08a6228f638;438.21;0.73818;BUY
2016-02-21T00:00:22.477000;2016-02-21T00:00:22.450000;b4400029-0b73-465b-9451-72ff7459ecc3;438.0;0.128;BUY
2016-02-21T00:00:34.137000;2016-02-21T00:00:34.107000;eecffaa3-c5b2-4d5e-8413-0aca4b61504e;438.0;0.44791;BUY
2016-02-21T00:01:01.697000;2016-02-21T00:01:01.683000;8ee2589b-b659-4be8-8e56-17bc3da6d6d3;437.78;0.02;BUY
2016-02-21T00:01:05.287000;2016-02-21T00:01:05.263000;3d515c2c-e81c-44d0-ad84-5d7bcc88abac;437.78;0.28802;BUY
2016-02-21T00:01:22.573000;2016-02-21T00:01:22.560000;882747fb-9872-470b-bf51-cc394c8ea58a;437.77;0.01;SELL
2016-02-21T00:01:22.573000;2016-02-21T00:01:22.560000;25611ec4-0a19-4ac6-9f20-7d0f0f659ff0;437.77;0.46;SELL
2016-02-21T00:01:27.847000;2016-02-21T00:01:27.827000;251e5fd7-b4cb-42b1-b2aa-d1d05732a253;437.78;0.05398;BUY
2016-02-21T00:01:27.847000;2016-02-21T00:01:27.840000;db26811a-f54a-4a4f-ac9b-e68028e1442a;437.8;0.03702;BUY
2016-02-21T00:01:32.250000;2016-02-21T00:01:32.217000;4ff7f0d0-dd2d-4356-b633-5201c647064d;437.8;0.0237;BUY
2016-02-21T00:01:54.427000;2016-02-21T00:01:54.403000;8cbe6284-87ae-4145-88f5-cf7a83d462d5;437.78;0.01;SELL
2016-02-21T00:01:54.427000;2016-02-21T00:01:54.420000;95847eab-0819-4ee6-88df-3018c7591250;437.78;0.05;SELL
2016-02-21T00:01:54.427000;2016-02-21T00:01:54.420000;3a99a247-d452-48f9-8444-363ad65847be;437.77;0.01;SELL
2016-02-21T00:01:54.427000;2016-02-21T00:01:54.420000;f748c321-935c-4061-b84d-f7015757d18b;437.76;0.01;SELL
2016-02-21T00:01:54.427000;2016-02-21T00:01:54.420000;8cd524ae-b521-4b05-902e-62fb9b36fc4b;437.76;0.5;SELL
2016-02-21T00:01:54.427000;2016-02-21T00:01:54.420000;3dbdcf38-c29d-47a7-b7fd-026a09ec9c7c;437.75;0.0125;SELL
2016-02-21T00:01:54.427000;2016-02-21T00:01:54.467000;761d9330-8bd0-469d-8329-e4e5ae095df3;437.75;0.2594;SELL
2016-02-21T00:02:01.447000;2016-02-21T00:02:01.420000;d5b87105-c5b0-4fc1-9396-2c384a5d6161;437.79;0.01;BUY
2016-02-21T00:02:12.460000;2016-02-21T00:02:12.433000;90f56684-1e45-47ae-ada9-b2af1e4c5da3;437.79;0.01;SELL
2016-02-21T00:02:12.460000;2016-02-21T00:02:12.450000;ba2800c1-3751-4650-b388-3a456b8cbcc5;437.79;0.05;SELL
2016-02-21T00:02:28.893000;2016-02-21T00:02:28.857000;40fe6af1-7833-4a53-a292-5709f96933fc;437.79;0.12;BUY
2016-02-21T00:02:32.207000;2016-02-21T00:02:32.170000;986a70dd-f265-4f37-9a7e-14237c050cda;437.79;0.88151;BUY
2016-02-21T00:02:32.577000;2016-02-21T00:02:32.543000;ab3ddfa8-971a-4d19-a1c6-fcf9410b50fa;437.8;0.13928;BUY
2016-02-21T00:02:32.577000;2016-02-21T00:02:32.560000;b3d08baa-94d4-418e-87e2-8c3b73a3829e;437.8;0.03;BUY
2016-02-21T00:02:34.850000;2016-02-21T00:02:34.840000;6877405e-ca8b-4875-884e-1c6c5f5d28e3;437.83;0.011;BUY
2016-02-21T00:02:34.850000;2016-02-21T00:02:34.840000;286eb84c-4994-42d0-a3ee-1de7c51fb37e;437.83;0.05;BUY
2016-02-21T00:02:34.850000;2016-02-21T00:02:34.840000;f627337b-6221-4316-b829-3cec51e420d7;437.85;0.01;BUY
2016-02-21T00:02:37.380000;2016-02-21T00:02:37.357000;63394679-ff0d-4079-b360-852fd2ec0eaf;437.98;0.011;BUY
2016-02-21T00:02:37.380000;2016-02-21T00:02:37.357000;3cc676e5-65c2-4b8d-acd7-93b92596f940;438.0;0.42409;BUY
2016-02-21T00:02:37.383000;2016-02-21T00:02:37.373000;cadf7be1-5d06-413d-a961-58d48495deed;438.0;11.47391;BUY
2016-02-21T00:02:49.383000;2016-02-21T00:02:49.357000;1aa2d524-01cb-4c7d-b6b8-dd62e1a1958a;437.97;0.05;SELL
2016-02-21T00:02:59.297000;2016-02-21T00:02:59.263000;dd558680-fbb1-47eb-b00b-f99a7808f28b;437.96;0.05;SELL
2016-02-21T00:02:59.300000;2016-02-21T00:02:59.277000;f15a961c-8c2f-42e7-abc2-73845977ec15;437.96;0.05;SELL
2016-02-21T00:03:01.637000;2016-02-21T00:03:01.607000;620df949-6db4-43f9-8a69-2ea721ffbc03;437.97;0.01;BUY
2016-02-21T00:03:02.987000;2016-02-21T00:03:02.967000;63b65799-d421-41ce-99c3-82747c75a675;437.98;0.25751;SELL
2016-02-21T00:03:09.687000;2016-02-21T00:03:09.653000;f24fd9fe-b0d6-4664-8c82-d973adde8b35;438.0;4.52609;BUY
2016-02-21T00:03:12.517000;2016-02-21T00:03:12.497000;750423ac-a6c0-47b9-a8e4-321b7c973cde;438.04;0.01;BUY
2016-02-21T00:03:12.517000;2016-02-21T00:03:12.497000;1c1df6a2-004a-4d47-a020-4119e4518c7a;438.05;0.02;BUY
2016-02-21T00:03:12.517000;2016-02-21T00:03:12.513000;0d4fc5c8-5a19-4ec6-be87-ab8573770b6f;438.07;0.01;BUY
2016-02-21T00:03:12.517000;2016-02-21T00:03:12.513000;80efd3e2-6c11-4c20-8f0f-936e76e6ebdb;438.14;0.011;BUY
2016-02-21T00:03:12.517000;2016-02-21T00:03:12.513000;1b376750-6392-4585-a11f-5fffda4a3624;438.16;0.011;BUY
2016-02-21T00:03:12.517000;2016-02-21T00:03:12.513000;1cc7aba7-a81c-4bc3-b323-7e1f0121e8e8;438.17;0.011;BUY
2016-02-21T00:03:12.520000;2016-02-21T00:03:12.527000;dfa52bdc-baf1-4c6e-8d33-318366c6eca2;438.19;0.011;BUY
2016-02-21T00:03:12.520000;2016-02-21T00:03:12.527000;6e648b81-76a6-428b-9649-73c0e22de21a;438.2;0.011;BUY
2016-02-21T00:03:12.520000;2016-02-21T00:03:12.527000;e9163079-97d0-4b75-bf0c-d9da2501572d;438.21;0.375;BUY
2016-02-21T00:03:22.093000;2016-02-21T00:03:22.060000;6103b275-f3ea-44db-aea4-9f57562439aa;438.2;0.011;BUY
2016-02-21T00:03:32.640000;2016-02-21T00:03:32.607000;e2de326d-07d0-47cf-9c52-9449705f5f06;438.21;0.05;SELL
2016-02-21T00:03:32.640000;2016-02-21T00:03:32.623000;922c2942-b1f5-4f3f-933f-568bf0163e83;438.21;0.248;SELL
2016-02-21T00:03:42.470000;2016-02-21T00:03:42.433000;7892c12a-c606-499a-858f-0c0a59ff2234;438.22;0.01;BUY
2016-02-21T00:03:47.223000;2016-02-21T00:03:47.263000;1561a7cf-c59d-47e5-a841-2181283c68a5;438.25;0.011;BUY
2016-02-21T00:03:47.223000;2016-02-21T00:03:47.280000;119c539a-4b51-4cce-955d-75728cd7c9f7;438.25;0.01;BUY
2016-02-21T00:03:50.737000;2016-02-21T00:03:50.780000;b62fda68-8de9-47c6-ac70-70bf22ea1710;438.27;0.011;BUY
2016-02-21T00:03:50.737000;2016-02-21T00:03:50.810000;de2b4850-86e6-45cf-9613-508ba24a0cae;438.29;0.011;BUY
2016-02-21T00:03:50.737000;2016-02-21T00:03:50.810000;5a0e3d23-368b-4aeb-a29c-e45cc1ff9aca;438.3;0.01;BUY
2016-02-21T00:03:50.737000;2016-02-21T00:03:50.810000;3f66b28b-c7e0-4ecb-be00-0fca51c06748;438.31;0.01;BUY
2016-02-21T00:03:50.737000;2016-02-21T00:03:50.810000;bd869fbe-38fb-45b8-b653-640dd74329a1;438.32;0.011;BUY
2016-02-21T00:03:50.737000;2016-02-21T00:03:50.890000;e9aaee99-4196-4931-9dc4-73388eb072c3;438.45;0.047;BUY
2016-02-21T00:04:02.283000;2016-02-21T00:04:02.343000;d14af10e-a034-47b3-b762-fa3f49eb610e;438.37;0.05;SELL
2016-02-21T00:04:02.283000;2016-02-21T00:04:02.343000;2c8e272e-1d63-4ad2-b014-e9de50be7528;438.36;0.01;SELL
2016-02-21T00:04:02.283000;2016-02-21T00:04:02.357000;534b9cc9-7a06-4fdd-9d06-588a2f01df74;438.27;0.011;SELL
2016-02-21T00:04:02.283000;2016-02-21T00:04:02.357000;c5d9d356-e585-4aaa-a1ad-75c2e093f163;438.25;0.394;SELL
2016-02-21T00:04:02.800000;2016-02-21T00:04:02.857000;d30db1f7-7146-4f0b-9c82-e3d0552359cb;438.4;0.011;BUY
2016-02-21T00:04:02.800000;2016-02-21T00:04:02.857000;9835f774-cb09-4f94-a6b6-20538d3def74;438.41;0.009;BUY
2016-02-21T00:04:34.627000;2016-02-21T00:04:34.670000;095e9643-c600-4c36-87f2-ac27c579ff96;438.39;0.05;SELL
2016-02-21T00:04:34.627000;2016-02-21T00:04:34.687000;181e46ea-9f13-4b8d-b354-2d2d4ffff734;438.27;0.011;SELL
2016-02-21T00:04:34.627000;2016-02-21T00:04:34.687000;938a450a-b42f-45b1-a703-773efcee5181;438.25;0.585;SELL
2016-02-21T00:04:34.627000;2016-02-21T00:04:34.687000;20a3dc84-e7c6-4a54-ace0-07ae0e5fd389;438.13;0.01;SELL
2016-02-21T00:04:34.627000;2016-02-21T00:04:34.687000;027fa505-7bd7-4554-8205-574b0d1916f9;438.05;0.3426;SELL
2016-02-21T00:05:03.467000;2016-02-21T00:05:03.513000;010bcc1f-9c08-43f0-b3e6-7d94c81e23b4;438.25;0.011;BUY
2016-02-21T00:05:03.467000;2016-02-21T00:05:03.513000;ed500a66-d7c2-4a61-82b8-8b6b175b93a1;438.27;0.011;BUY
2016-02-21T00:05:03.467000;2016-02-21T00:05:03.513000;93d47285-0da5-4865-862e-591015de02ba;438.29;0.011;BUY
2016-02-21T00:05:03.467000;2016-02-21T00:05:03.547000;0a00357b-480c-4195-b4b5-a696b2334704;438.31;0.011;BUY
2016-02-21T00:05:03.467000;2016-02-21T00:05:03.547000;e8ee6cdc-2c2f-4fdc-abc1-2b9357586fb1;438.33;0.011;BUY
2016-02-21T00:05:03.467000;2016-02-21T00:05:03.547000;6195a886-250e-4ed3-82a8-e70f1a9fcac1;438.35;0.011;BUY
2016-02-21T00:05:03.467000;2016-02-21T00:05:03.547000;1ef71cba-7b8e-4753-89fe-229a22b10c60;438.36;0.011;BUY
2016-02-21T00:05:03.467000;2016-02-21T00:05:03.547000;c07c62f0-a28f-4c7a-a7fc-9fd5a11000a9;438.39;0.011;BUY
2016-02-21T00:05:03.470000;2016-02-21T00:05:03.547000;9ff5f248-67d8-4317-a6eb-fb4177f0202b;438.4;0.14029;BUY
2016-02-21T00:05:32.117000;2016-02-21T00:05:32.153000;72e71f14-426b-45c8-bcec-f157dbb2d4d7;438.32;0.41073;BUY
2016-02-21T00:06:02.413000;2016-02-21T00:06:02.450000;4930026d-1b1c-419d-8f7b-959d76cc8e82;438.34;0.2287;BUY
2016-02-21T00:06:32.280000;2016-02-21T00:06:32.310000;278ea3cf-fdd1-46d7-82b8-7bc0c23cbb51;438.34;0.7713;BUY
2016-02-21T00:06:32.280000;2016-02-21T00:06:32.343000;830111d7-9e11-47b6-a35e-4dea5e89095b;438.34;0.40504;BUY
2016-02-21T00:06:39.160000;2016-02-21T00:06:39.200000;2fa398d7-9887-4f2b-8410-b4e8694c4c3d;438.34;3.59514479;BUY
2016-02-21T00:06:39.160000;2016-02-21T00:06:39.200000;e9ad578c-d4f9-4895-8ebd-0695c8382c66;438.38;0.011;BUY
2016-02-21T00:06:39.160000;2016-02-21T00:06:39.217000;b18f4a99-1b24-479b-b664-396a110d9e9f;438.39;0.011;BUY
2016-02-21T00:06:39.160000;2016-02-21T00:06:39.217000;d4d9b5b3-c2fd-4dae-be3a-59cb3c3ed053;438.39;0.23;BUY
2016-02-21T00:06:39.160000;2016-02-21T00:06:39.297000;b031282e-b71d-4c9f-83a5-62ab0cd69a34;438.4;0.00717567;BUY
2016-02-21T00:06:39.160000;2016-02-21T00:06:39.310000;09c03246-9d20-4c23-a427-53e3c1dd8ebf;438.4;0.01;BUY
2016-02-21T00:06:39.160000;2016-02-21T00:06:39.310000;e3ba7763-dfe2-4b4b-9290-fc4840d02d6a;438.41;0.001;BUY
2016-02-21T00:06:39.160000;2016-02-21T00:06:39.310000;e9a90574-f852-4746-add4-83d73addc886;438.44;0.011;BUY
2016-02-21T00:06:39.160000;2016-02-21T00:06:39.310000;94cd3b20-b85c-4828-9939-77041e9a4ea6;438.45;0.007;BUY
2016-02-21T00:06:39.160000;2016-02-21T00:06:39.310000;74c8901d-d0b9-435a-bf7e-4841d0ae0199;438.49;0.01;BUY
2016-02-21T00:06:39.160000;2016-02-21T00:06:39.310000;4d373ba9-65ab-45f0-8f91-d633d6476584;438.5;0.01;BUY
2016-02-21T00:06:39.160000;2016-02-21T00:06:39.310000;77e28cb5-f93b-4824-b146-fe67b2e81138;438.5;0.09998;BUY
2016-02-21T00:06:39.160000;2016-02-21T00:06:39.310000;f639e306-c917-4f0e-a7d2-1335e03e1aec;438.51;0.512925;BUY
2016-02-21T00:06:39.160000;2016-02-21T00:06:39.310000;57bf7438-11f1-46c1-a1e4-dec1000612f1;438.68;0.075;BUY
2016-02-21T00:06:39.160000;2016-02-21T00:06:39.310000;2ea50d7a-d657-4474-a554-12cc14a9e47e;438.7;0.01;BUY
2016-02-21T00:06:39.163000;2016-02-21T00:06:39.310000;b45914a8-2aa7-406e-885c-7b9921a1416f;438.72;0.01;BUY
2016-02-21T00:06:39.163000;2016-02-21T00:06:39.310000;aae44ce5-17a2-4635-b03f-9f429870c659;438.73;0.075;BUY
2016-02-21T00:06:39.163000;2016-02-21T00:06:39.310000;745706ff-6591-427f-8cf0-3fea6ae513f4;438.75;0.02;BUY
2016-02-21T00:06:39.163000;2016-02-21T00:06:39.310000;e3bc5441-80c5-4c6a-9df6-8eb236a3edce;438.76;0.011;BUY
2016-02-21T00:07:15.420000;2016-02-21T00:07:15.450000;6793f9e1-fc2f-4e5f-90ea-e7040d0f24e9;438.83;0.011;BUY
2016-02-21T00:07:15.420000;2016-02-21T00:07:15.467000;41ee4dae-331c-4b28-b2d2-a5109cd20c03;438.84;0.01;BUY
2016-02-21T00:07:15.420000;2016-02-21T00:07:15.467000;b5136748-06a8-451c-a66f-5a416ee0a28b;438.85;0.01;BUY
2016-02-21T00:07:15.420000;2016-02-21T00:07:15.467000;6f98eefd-333a-4856-9e65-6a6f16cd0d39;438.86;0.01;BUY
2016-02-21T00:07:15.420000;2016-02-21T00:07:15.467000;39123ac7-f37c-4668-af09-b5d45c42d6ed;438.89;0.01;BUY
2016-02-21T00:07:15.420000;2016-02-21T00:07:15.483000;d82628c2-040c-4e01-8f79-684870e7ebe1;438.9;0.01;BUY
2016-02-21T00:07:32.337000;2016-02-21T00:07:32.390000;a1cc63e7-705a-41ba-85e4-bd87f12cab14;439.03;0.0242;BUY
2016-02-21T00:07:58.570000;2016-02-21T00:07:58.607000;e247d33e-f2f0-47d4-9de3-dbc7b1474795;439.01;0.05;SELL
2016-02-21T00:07:58.570000;2016-02-21T00:07:58.623000;2f8295b3-2571-4bf3-aeb7-7ada3361a28e;439.01;0.42;SELL
2016-02-21T00:08:01.827000;2016-02-21T00:08:01.857000;bbd28a6b-4cfc-422a-8d1a-8f0470a276b6;439.02;0.23149;BUY
2016-02-21T00:08:38.407000;2016-02-21T00:08:38.437000;59737a5c-4106-402e-852f-d210e203fa6c;439.02;0.03974;BUY
2016-02-21T00:08:57.110000;2016-02-21T00:08:57.140000;1f500094-41b9-42ab-905a-af98a146ed33;439.01;0.139;SELL
2016-02-21T00:08:57.110000;2016-02-21T00:08:57.153000;327e92a3-a287-48b3-a68b-b938641a96c3;439.01;0.38;SELL
2016-02-21T00:08:57.110000;2016-02-21T00:08:57.153000;8d4de4ca-096d-42f9-bba1-1ccd477f6b1e;439.0;0.01;SELL
2016-02-21T00:08:57.110000;2016-02-21T00:08:57.153000;c0518548-6c6c-4ebf-928f-8081d5675558;438.96;0.239;SELL
2016-02-21T00:08:57.110000;2016-02-21T00:08:57.170000;08dcc362-5e3d-460b-92aa-7ea284cd9603;438.94;0.014093;SELL
2016-02-21T00:09:05.813000;2016-02-21T00:09:05.843000;d02225e7-216a-4e4c-b727-90fdec5964d1;438.92;0.011;SELL
2016-02-21T00:09:05.813000;2016-02-21T00:09:05.857000;f3a5dbe8-916f-458f-9095-2d5408478ddd;438.92;0.41;SELL
2016-02-21T00:09:05.813000;2016-02-21T00:09:05.857000;70cf82bb-f580-4855-86ae-cdefb35a0091;438.92;0.148;SELL
2016-02-21T00:09:05.813000;2016-02-21T00:09:05.857000;b340b4d7-eb43-4ee3-b966-cdc70a2f562f;438.91;0.245;SELL
2016-02-21T00:09:05.813000;2016-02-21T00:09:05.873000;9f8eb38b-5601-4ec8-9d74-57846385b45d;438.86;0.21;SELL
2016-02-21T00:09:05.813000;2016-02-21T00:09:05.873000;e5235a82-d2a3-4e25-b69b-7f857cc60d7c;438.81;0.241;SELL
2016-02-21T00:09:05.813000;2016-02-21T00:09:05.890000;c706ee68-2b06-40f9-aafb-59ebee642f82;438.79;1.734;SELL
2016-02-21T00:10:18.023000;2016-02-21T00:10:18.047000;bc82a6e5-fc13-4182-bb73-c47a415f5f8c;438.99;0.011;BUY
2016-02-21T00:10:18.023000;2016-02-21T00:10:18.060000;f99846a7-5201-4052-89e6-c08092438e3f;439.0;0.011;BUY
2016-02-21T00:10:18.023000;2016-02-21T00:10:18.060000;4c45baf7-dcf6-4d3e-8b27-da851043fd56;439.0;0.22;BUY
2016-02-21T00:10:18.023000;2016-02-21T00:10:18.060000;8e5e89a9-1e75-4429-9d9f-ae0ee840152d;439.01;0.011;BUY
2016-02-21T00:10:18.023000;2016-02-21T00:10:18.077000;71cbd123-79a5-4874-9523-80a396273452;439.02;0.02877;BUY
2016-02-21T00:10:18.023000;2016-02-21T00:10:18.077000;5c08afa9-4d67-4fc2-8828-dd06b714c02d;439.02;2.525;BUY
2016-02-21T00:10:18.023000;2016-02-21T00:10:18.077000;e8fa2218-99bc-405a-99be-d80377f411fe;439.02;4.542816;BUY
2016-02-21T00:10:18.023000;2016-02-21T00:10:18.077000;c64512ac-5ed1-432e-8dfa-8086f99d8eda;439.03;0.00056;BUY
2016-02-21T00:10:18.023000;2016-02-21T00:10:18.123000;0e232548-ced6-4d1e-96fe-3be74395f2b3;439.1;0.011;BUY
2016-02-21T00:10:18.023000;2016-02-21T00:10:18.123000;6968588e-951b-4c88-84f7-87efed07f8bd;439.1;0.01;BUY
2016-02-21T00:10:18.023000;2016-02-21T00:10:18.123000;8b11c28d-8468-445a-9bbb-641ff37b6e76;439.13;0.01;BUY
2016-02-21T00:10:18.023000;2016-02-21T00:10:18.123000;108ccf1b-22ae-49b2-81f2-6311a70751dc;439.17;0.036;BUY
2016-02-21T00:16:27.477000;2016-02-21T00:16:27.500000;a2ef3a7a-9c5e-45f8-9b78-77f67fef5490;439.12;0.2255;BUY
2016-02-21T00:16:27.477000;2016-02-21T00:16:27.513000;468744e0-a133-499c-82de-c179afe1d6ff;439.22;0.075;BUY
2016-02-21T00:16:27.477000;2016-02-21T00:16:27.513000;ca53482e-de48-4beb-8c24-ab233467967f;439.24;0.18;BUY
2016-02-21T00:16:27.477000;2016-02-21T00:16:27.513000;c757908c-8a32-4699-b36f-fb236e68d127;439.29;0.01;BUY
2016-02-21T00:16:27.480000;2016-02-21T00:16:27.513000;eb7b5702-a482-437d-80e6-89b86577c80a;439.3;0.01;BUY
2016-02-21T00:16:37.677000;2016-02-21T00:16:37.687000;66878ae6-a332-4a0f-9fae-6054eb7083e1;439.42;0.01;BUY
2016-02-21T00:16:37.677000;2016-02-21T00:16:37.703000;5f27886b-f520-4ba5-a573-2d9450d4b0fc;439.44;0.011;BUY
2016-02-21T00:16:37.677000;2016-02-21T00:16:37.703000;1881a395-ae97-41d8-a1ce-a9ebcd491a15;439.45;0.01;BUY
2016-02-21T00:16:37.677000;2016-02-21T00:16:37.703000;df34c27b-e952-4bc6-9f93-ed1c93871c89;439.46;0.011;BUY
2016-02-21T00:16:37.677000;2016-02-21T00:16:37.717000;5961d5a0-8867-4dc9-8065-95cca420552e;439.47;0.01810771;BUY
2016-02-21T00:16:37.680000;2016-02-21T00:16:37.717000;e620657d-1e80-43fb-9dcd-224b19cecec6;439.48;0.075;BUY
2016-02-21T00:16:37.680000;2016-02-21T00:16:37.717000;fc6a538f-b8b4-4158-b374-826a81a97394;439.48;0.089;BUY
2016-02-21T00:16:37.680000;2016-02-21T00:16:37.717000;309b5244-a968-4e4f-a9d7-ce773e4bea81;439.49;0.075;BUY
2016-02-21T00:16:37.680000;2016-02-21T00:16:37.750000;b7ddca09-0e3f-445e-bb20-5a4f8b7ae5b4;439.5;0.01;BUY
2016-02-21T00:16:37.680000;2016-02-21T00:16:37.750000;f30786e1-a879-4586-af32-8899907d779e;439.5;0.19089229;BUY
2016-02-21T00:16:49.283000;2016-02-21T00:16:49.297000;0fef19a5-ca1c-4bb0-bd6f-f616f66f9e17;439.46;0.01;BUY
2016-02-21T00:16:49.283000;2016-02-21T00:16:49.310000;9a8417e3-d91e-4039-9753-59a2abab2963;439.47;0.01;BUY
2016-02-21T00:16:49.283000;2016-02-21T00:16:49.310000;cc2ec4ed-f88e-46ea-bfd8-62f4295adc27;439.5;0.0367141;BUY
2016-02-21T00:16:49.283000;2016-02-21T00:16:49.310000;2810e40a-e824-4331-beda-0436038bcd07;439.5;0.01;BUY
2016-02-21T00:16:49.283000;2016-02-21T00:16:49.310000;7565bcea-d702-4def-b574-97d51b854198;439.51;0.107;BUY
2016-02-21T00:16:49.283000;2016-02-21T00:16:49.390000;dcda4054-4459-464d-9c0e-3df0c7038ffc;439.58;0.02357;BUY
2016-02-21T00:16:49.283000;2016-02-21T00:16:49.403000;9f16d86e-ba57-4536-8ebb-5232cab2010d;439.64;0.02;BUY
2016-02-21T00:16:49.283000;2016-02-21T00:16:49.403000;9dd2c039-2380-4e9e-9ca3-10028022d4e2;439.7;0.01;BUY
2016-02-21T00:16:49.283000;2016-02-21T00:16:49.403000;6e0697e1-f81e-4d99-8fb9-30ed64e5bffa;439.71;0.01;BUY
2016-02-21T00:16:49.283000;2016-02-21T00:16:49.403000;fb581328-afc4-4413-8150-9fae8fa111ff;439.73;0.011;BUY
2016-02-21T00:16:49.283000;2016-02-21T00:16:49.403000;541c12b7-8904-48ca-8e07-2849a5281657;439.86;0.00256737;BUY
2016-02-21T00:16:49.287000;2016-02-21T00:16:49.403000;4f7abea3-5b9d-46aa-b9f5-e0b8381b8875;439.86;0.03578653;BUY
2016-02-21T00:17:01.760000;2016-02-21T00:17:01.780000;14cba563-a176-4604-abed-17f3e46f202c;439.58;4.4;SELL
2016-02-21T00:17:01.760000;2016-02-21T00:17:01.797000;bc4621d6-a79b-4f46-a141-bd74440a82ab;439.58;1.12;SELL
2016-02-21T00:17:01.760000;2016-02-21T00:17:01.797000;7f03c7dd-0dc1-4f00-8272-514cc1051808;439.58;0.15;SELL
2016-02-21T00:17:01.760000;2016-02-21T00:17:01.797000;43e924bd-c141-44bf-8464-a6d6dafa90ab;439.56;3.6;SELL
2016-02-21T00:17:01.760000;2016-02-21T00:17:01.797000;8a7945ac-005d-4967-84eb-5fac9badb6f1;439.55;1.43933;SELL
2016-02-21T00:17:31.860000;2016-02-21T00:17:31.890000;70f6a059-18d7-457b-b768-dfdc5627e225;439.8;0.51474;BUY
2016-02-21T00:18:01.710000;2016-02-21T00:18:01.763000;a60e3f8d-36ad-4b89-8fbf-e8413d5c3634;439.8;0.07966;BUY
2016-02-21T00:18:08.017000;2016-02-21T00:18:08.030000;b3ecb37c-5836-47db-9b06-9014211c4610;439.79;0.01;SELL
2016-02-21T00:18:08.017000;2016-02-21T00:18:08.047000;54ca7244-4efb-4348-b0d6-941fef4c2777;439.79;0.009;SELL
2016-02-21T00:18:35.387000;2016-02-21T00:18:35.390000;7ceeb2f3-f1c2-41bb-934b-965975c04564;439.79;0.041;SELL
2016-02-21T00:18:35.387000;2016-02-21T00:18:35.403000;ebe46faa-2e64-4b8d-bf72-3323a1a41e8c;439.79;0.259;SELL
2016-02-21T00:18:35.387000;2016-02-21T00:18:35.403000;6bfd9554-99e6-4055-a672-5f700d7d42c9;439.75;0.66631;SELL
2016-02-21T00:18:49.040000;2016-02-21T00:18:49.047000;96112feb-8000-465b-b8b5-2f66e2f4ac7e;439.8;0.31034;BUY
2016-02-21T00:18:49.040000;2016-02-21T00:18:49.060000;4b8c0e53-8086-4b09-8048-0a2a4a8b2b40;439.8;0.04;BUY
2016-02-21T00:18:49.040000;2016-02-21T00:18:49.060000;57b74c13-a28a-4ee1-b86c-c4d358314539;439.8;0.12;BUY
2016-02-21T00:18:52.823000;2016-02-21T00:18:52.827000;75cb6522-7e14-4fc7-91c1-3b606421df68;439.8;2.0;SELL
2016-02-21T00:18:53.493000;2016-02-21T00:18:53.500000;2df59d66-338e-4b67-84c1-1efda60f6f83;439.81;0.01;BUY
2016-02-21T00:18:53.493000;2016-02-21T00:18:53.513000;c120e901-47c6-4b3a-b4bf-98c7f9fcd4b3;439.85;0.01;BUY
2016-02-21T00:18:53.493000;2016-02-21T00:18:53.513000;aa02e204-de91-4405-9030-11a670dde0c9;439.85;0.01812328;BUY
2016-02-21T00:19:31.733000;2016-02-21T00:19:31.783000;f3209fa8-f949-47a8-b439-d736f3abef55;439.81;0.01;SELL
2016-02-21T00:19:31.733000;2016-02-21T00:19:31.783000;4b2ebffd-8e1f-4019-b07d-03295525dffd;439.81;0.05;SELL
2016-02-21T00:19:31.733000;2016-02-21T00:19:31.800000;aa21971a-0b0e-49ce-8e16-cf9bc547a7ca;439.8;1.16966;SELL
2016-02-21T00:19:31.733000;2016-02-21T00:19:31.800000;41b141ca-0f67-4b39-9a8a-f4ca1c101a70;439.8;0.01;SELL
2016-02-21T00:19:31.733000;2016-02-21T00:19:31.800000;80072b90-cb26-4fbf-995e-e2353c41e8e4;439.79;0.251;SELL
2016-02-21T00:19:31.737000;2016-02-21T00:19:31.817000;f23e9983-3c7c-45fd-9bb4-50c190607133;439.74;0.227;SELL
2016-02-21T00:19:31.737000;2016-02-21T00:19:31.817000;237259fd-fe83-4e4f-ac20-d8fa26c137b7;439.72;0.17358;SELL
2016-02-21T00:20:02.107000;2016-02-21T00:20:02.143000;288d5353-0cf0-44ae-925f-5740d86068f7;439.82;0.08202;BUY
2016-02-21T00:20:20.843000;2016-02-21T00:20:20.880000;6ae6f333-99a4-404e-b5aa-7eacaa826ae9;439.83;0.1955;BUY
2016-02-21T00:20:31.977000;2016-02-21T00:20:32.020000;c45b2356-c4bb-4d2c-bfd2-ce4702fdd141;439.82;0.01;SELL
2016-02-21T00:20:31.977000;2016-02-21T00:20:32.033000;b0c83e8f-f804-4ad5-bea1-e91fc5ea00a6;439.81;0.05;SELL
2016-02-21T00:20:31.977000;2016-02-21T00:20:32.033000;3b74e2fc-a690-427e-b508-b7b5d2132496;439.79;0.0529;SELL
2016-02-21T00:21:01.910000;2016-02-21T00:21:01.973000;00df8615-817f-4868-a1e8-c6fb84f1a776;439.82;4.47;BUY
2016-02-21T00:21:01.910000;2016-02-21T00:21:01.973000;e3bcdbc2-3773-4850-99ea-f5dc0db55de4;439.83;0.01;BUY
2016-02-21T00:21:01.910000;2016-02-21T00:21:01.973000;d399f7e5-2d8b-4085-8267-f08bdbd1cc64;439.83;0.23;BUY
2016-02-21T00:21:01.910000;2016-02-21T00:21:01.973000;2418be61-e9b7-41e2-a367-53f13c303839;439.84;0.075;BUY
2016-02-21T00:21:01.910000;2016-02-21T00:21:01.973000;d80a0ac0-7b74-4c8e-980c-6194c5385c6c;439.86;0.01;BUY
2016-02-21T00:21:01.910000;2016-02-21T00:21:01.987000;ab9a5cc2-02c6-4e34-8938-65a1c81be90c;439.87;0.35786533;BUY
2016-02-21T00:21:01.910000;2016-02-21T00:21:01.987000;51e89e6d-b77b-4282-beb5-916c34841e21;439.88;0.05;BUY
2016-02-21T00:21:01.910000;2016-02-21T00:21:01.987000;050cd5a0-944f-40cb-ade7-4f0d1e37535f;439.9;10.79742223;BUY
2016-02-21T00:21:01.910000;2016-02-21T00:21:01.987000;20fa5323-a57a-43a8-a7bd-4bc11e247d3d;439.91;0.01;BUY
2016-02-21T00:21:01.910000;2016-02-21T00:21:02.003000;9996db5f-3cdc-47e9-b2ca-bef31db708a4;439.92;0.01;BUY
2016-02-21T00:21:01.910000;2016-02-21T00:21:02.003000;0b4c94a4-3aa8-4f24-bddc-9ef469464152;439.92;0.09;BUY
2016-02-21T00:21:01.910000;2016-02-21T00:21:02.003000;b81baef8-d1a5-4ecb-9b7a-46451565b922;439.95;0.1;BUY
2016-02-21T00:21:01.910000;2016-02-21T00:21:02.020000;2cdcee3f-1f94-4d10-a2b3-4bc19ed85593;439.95;0.01;BUY
2016-02-21T00:21:01.910000;2016-02-21T00:21:02.020000;7f7129db-841d-4d1d-a34e-0fad82f57381;439.97;0.127;BUY
2016-02-21T00:21:01.910000;2016-02-21T00:21:02.020000;ba133d31-0299-4361-a571-5e2de481d4e7;439.99;0.107;BUY
2016-02-21T00:21:01.910000;2016-02-21T00:21:02.033000;13a88384-cfaa-4e87-a6c9-b594f97d9d27;440.0;0.8;BUY
2016-02-21T00:21:01.910000;2016-02-21T00:21:02.033000;e1203cbf-df2e-4d0d-aa2d-684eebe328cb;440.0;0.88;BUY
2016-02-21T00:21:01.913000;2016-02-21T00:21:02.033000;c3ceb590-6138-4fe6-86ef-9a8d6a149561;440.01;0.01089229;BUY
2016-02-21T00:21:01.913000;2016-02-21T00:21:02.033000;d172b2ee-5991-4b99-b8f9-5abdd750fba6;440.02;0.103;BUY
2016-02-21T00:21:01.913000;2016-02-21T00:21:02.050000;dfc03e92-7485-463a-8c5f-83c40023e0dd;440.03;0.117;BUY
2016-02-21T00:21:01.913000;2016-02-21T00:21:02.050000;2205393e-2a10-42bd-a010-2ff8f0f76937;440.06;0.01;BUY
2016-02-21T00:21:01.913000;2016-02-21T00:21:02.050000;c969bc10-4378-4ae7-a6d7-fb830f42da46;440.1;0.01;BUY
2016-02-21T00:21:01.913000;2016-02-21T00:21:02.067000;6caa6d59-ad7f-4559-8aa6-3d01331dd772;440.12;0.272;BUY
2016-02-21T00:21:01.913000;2016-02-21T00:21:02.067000;d3091be6-89d3-44e6-867f-2c343d50cdd8;440.18;0.011;BUY
2016-02-21T00:21:01.913000;2016-02-21T00:21:02.067000;06fdcd99-e16c-4161-a153-547484186866;440.2;0.01;BUY
2016-02-21T00:21:01.913000;2016-02-21T00:21:02.067000;61a217e4-40f5-43f3-8a5d-da3d430e4c48;440.25;0.01;BUY
2016-02-21T00:21:01.913000;2016-02-21T00:21:02.067000;8234552e-7c21-40c5-bf75-f3b017042b59;440.26;0.29020015;BUY
2016-02-21T00:21:31.683000;2016-02-21T00:21:31.723000;0ccc6a4c-9b79-490d-a540-3a06bc92c5e9;440.0;0.0125;SELL
2016-02-21T00:21:31.683000;2016-02-21T00:21:31.737000;b3512daf-21dd-492c-9162-a31825bab60d;439.98;6.19633;SELL
2016-02-21T00:22:01.917000;2016-02-21T00:22:01.957000;c278d8ca-c83e-49b0-9544-0088c007406a;440.24;0.01;BUY
2016-02-21T00:22:01.917000;2016-02-21T00:22:01.973000;512e7a56-24cf-45eb-958e-1f6c355670b7;440.25;0.01;BUY
2016-02-21T00:22:01.917000;2016-02-21T00:22:01.973000;198b0a19-9e9d-442c-ba71-d54368074440;440.27;0.011;BUY
2016-02-21T00:22:01.917000;2016-02-21T00:22:01.987000;cc3dad69-f378-4925-b9f4-512725b243dc;440.29;0.02;BUY
2016-02-21T00:22:01.917000;2016-02-21T00:22:01.987000;10a2bb5c-8f9e-46bb-b53a-b31bf1d47088;440.3;0.01;BUY
2016-02-21T00:22:01.917000;2016-02-21T00:22:01.987000;4514e9d3-8307-4eed-94f6-ebb980e665ed;440.32;0.01;BUY
2016-02-21T00:22:01.917000;2016-02-21T00:22:01.987000;9d6bfe83-8c95-4540-a06a-bbe43a9d3aba;440.33;0.02;BUY
2016-02-21T00:22:01.917000;2016-02-21T00:22:02.003000;46aea72e-9636-443d-adcf-8f9cbe4d69de;440.38;0.05;BUY
2016-02-21T00:22:01.917000;2016-02-21T00:22:02.003000;10c26e88-2c4e-422b-be69-149dfb313647;440.39;0.011;BUY
2016-02-21T00:22:01.917000;2016-02-21T00:22:02.003000;2dc3a310-851b-43b1-8074-bc5e9e0c401b;440.39;0.2;BUY
2016-02-21T00:22:01.917000;2016-02-21T00:22:02.020000;e83c9e65-e598-495a-9f06-ae8debb912df;440.4;0.02519;BUY
2016-02-21T00:22:01.917000;2016-02-21T00:22:02.020000;5291efd1-d9b8-4ba5-b92c-dc78d08fa3b0;440.4;0.01;BUY
2016-02-21T00:22:01.917000;2016-02-21T00:22:02.020000;5157900a-9c12-4248-8003-127f441a64b0;440.43;0.6;BUY
2016-02-21T00:22:01.917000;2016-02-21T00:22:02.020000;528c6c2a-ebf0-46bb-9415-f4a40e40cfad;440.44;0.011;BUY
2016-02-21T00:22:01.920000;2016-02-21T00:22:02.050000;268b142a-9b63-4f4f-900f-fe1330780f50;440.44;0.43080108;BUY
2016-02-21T00:22:01.920000;2016-02-21T00:22:02.050000;5b49be8e-7585-40d2-86b6-51dde0bdf39f;440.44;0.02;BUY
2016-02-21T00:22:01.920000;2016-02-21T00:22:02.050000;18f69e14-d05e-4fc7-9dcf-b8482262d2ef;440.45;0.4;BUY
2016-02-21T00:22:01.920000;2016-02-21T00:22:02.050000;94c77648-e7a0-4bcc-a17b-101b24b01e01;440.46;0.011;BUY
2016-02-21T00:22:01.920000;2016-02-21T00:22:02.067000;e22b2371-a383-4566-981c-ee442cbdd6d4;440.46;0.6;BUY
2016-02-21T00:22:01.920000;2016-02-21T00:22:02.067000;c7c25904-dd63-43e3-87d3-1792ad157ea9;440.47;0.01;BUY
2016-02-21T00:22:01.920000;2016-02-21T00:22:02.067000;6aeef77f-17d1-43f2-a047-48a2590e75d5;440.49;1.0;BUY
2016-02-21T00:22:01.920000;2016-02-21T00:22:02.067000;f7fababb-c320-471b-ae8b-3e214534ea6d;440.5;0.01;BUY
2016-02-21T00:22:01.920000;2016-02-21T00:22:02.067000;8457c578-0092-40e3-a8c3-4af0ae7084fe;440.5;0.22763745;BUY
2016-02-21T00:22:01.920000;2016-02-21T00:22:02.067000;db33b706-4e0c-4d6b-9f6e-ab8af45a5ff0;440.51;1.4;BUY
2016-02-21T00:22:01.920000;2016-02-21T00:22:02.067000;6bc01942-bbed-4e45-9493-c271241298e6;440.52;0.011;BUY
2016-02-21T00:22:01.920000;2016-02-21T00:22:02.097000;26f4a200-db48-48ce-b088-5dc2a4f0efbf;440.52;0.062;BUY
2016-02-21T00:22:01.920000;2016-02-21T00:22:02.097000;166c6058-4fa2-47a2-95cb-3440f082e394;440.54;2.0;BUY
2016-02-21T00:22:01.920000;2016-02-21T00:22:02.113000;a218705f-ee85-4db4-83e5-94318403e1ae;440.55;0.02;BUY
2016-02-21T00:22:01.920000;2016-02-21T00:22:02.113000;789932cc-4094-4da1-8513-78603759b249;440.56;2.6;BUY
2016-02-21T00:22:01.920000;2016-02-21T00:22:02.113000;49fea874-5d1d-44d8-a538-831a6906632b;440.57;0.012;BUY
2016-02-21T00:22:01.920000;2016-02-21T00:22:02.113000;e6a799a4-b21c-468b-be40-e86343b5f5a3;440.57;0.01;BUY
2016-02-21T00:22:01.920000;2016-02-21T00:22:02.113000;7ae54a91-d24d-4e3f-95c2-d420d6e5397a;440.59;2.02873147;BUY
2016-02-21T00:22:23.417000;2016-02-21T00:22:23.457000;2571b0be-9428-47e7-94f0-509ca55c95fc;440.07;0.01;SELL
2016-02-21T00:22:23.417000;2016-02-21T00:22:23.457000;bd520c48-7fe7-464a-90f1-ef55ce20f112;440.06;0.01;SELL
2016-02-21T00:22:23.417000;2016-02-21T00:22:23.473000;b7f8375b-ce19-43f5-aeba-39a7e7d7ed2e;440.06;0.05;SELL
2016-02-21T00:22:23.440000;2016-02-21T00:22:23.503000;9b041340-2a5e-4410-a74c-93acf5d692dc;440.06;0.05;BUY
2016-02-21T00:22:23.563000;2016-02-21T00:22:23.597000;8e626731-bf4a-4cbb-8db1-df351acb647b;440.06;0.001;BUY
2016-02-21T00:22:30.860000;2016-02-21T00:22:30.910000;125153ae-c306-46fb-abb9-81b860f1ad3e;440.05;0.01;SELL
2016-02-21T00:22:30.860000;2016-02-21T00:22:30.910000;e1ac06c0-9cf0-46bb-bef0-4d42abc417a8;440.04;0.01;SELL
2016-02-21T00:22:30.860000;2016-02-21T00:22:30.927000;5ccdedf1-0a49-4a69-b034-a6f2b7943118;440.04;0.01;SELL
2016-02-21T00:22:30.860000;2016-02-21T00:22:30.927000;d9179587-20f6-4f6e-8f17-d8c07e083f25;440.04;0.05;SELL
2016-02-21T00:22:30.860000;2016-02-21T00:22:30.927000;fa5c240c-e5ec-414c-9e28-d8c63515fa8a;440.03;0.011;SELL
2016-02-21T00:22:30.860000;2016-02-21T00:22:30.927000;ba5c6238-1ecb-4f80-b9d3-d0d9bd616557;440.02;0.01;SELL
2016-02-21T00:22:30.860000;2016-02-21T00:22:30.927000;0d8c7292-1080-46aa-b7d0-283d1b27de24;440.02;0.05;SELL
2016-02-21T00:22:30.863000;2016-02-21T00:22:30.940000;6b245345-2149-4c75-8c13-8cf55c6ac56b;440.01;0.01;SELL
2016-02-21T00:22:30.863000;2016-02-21T00:22:30.940000;11998e55-e5bd-4cfa-8a6c-66cf0a18b988;440.0;0.01;SELL
2016-02-21T00:22:30.863000;2016-02-21T00:22:30.940000;dbbdfd25-a60a-47c5-9ca4-525e507c086a;440.0;0.3;SELL
2016-02-21T00:22:30.863000;2016-02-21T00:22:30.940000;24c60836-fa65-4a7a-b935-908a107112ae;439.88;0.01;SELL
2016-02-21T00:22:30.863000;2016-02-21T00:22:30.957000;3621bea1-a915-47b1-8068-ac4de23bf0fc;439.83;0.4;SELL
2016-02-21T00:22:30.863000;2016-02-21T00:22:30.957000;1d6044ca-48a7-4698-a764-7bef566f7388;439.82;0.01;SELL
2016-02-21T00:22:30.863000;2016-02-21T00:22:30.957000;dd46bb22-c579-48f3-abe7-67a48ef7ee4e;439.82;0.6;SELL
2016-02-21T00:22:30.863000;2016-02-21T00:22:30.957000;5dc7afa8-79c4-4013-8f4e-6d19924c06bb;439.81;0.01;SELL
2016-02-21T00:22:30.863000;2016-02-21T00:22:30.973000;96d23f64-e96d-4283-b61a-2dfd153faba3;439.81;0.27;SELL
2016-02-21T00:22:30.863000;2016-02-21T00:22:30.973000;58dd0a55-6136-494b-923b-39eaa363a6e0;439.81;0.4;SELL
2016-02-21T00:22:30.863000;2016-02-21T00:22:30.973000;c7167612-a323-4c51-b6d4-70df5d266763;439.8;0.011;SELL
2016-02-21T00:22:30.863000;2016-02-21T00:22:30.973000;c27a57eb-ef54-4725-9af2-767a8a7337ee;439.8;0.211;SELL
2016-02-21T00:22:30.863000;2016-02-21T00:22:30.973000;0ec3b68a-528a-4852-a29f-a00632d1a92d;439.8;0.01;SELL
2016-02-21T00:22:30.863000;2016-02-21T00:22:30.973000;fc167c32-40de-41df-b029-41fa20b60ec0;439.8;0.2;SELL
2016-02-21T00:22:30.863000;2016-02-21T00:22:30.987000;ab8316a0-96b6-422c-b7d8-bef7c94e367f;439.8;0.02;SELL
2016-02-21T00:22:30.863000;2016-02-21T00:22:30.987000;16d44111-ac09-4ba5-a605-46e08bee4d5f;439.79;0.05;SELL
2016-02-21T00:22:30.863000;2016-02-21T00:22:31.003000;5a19a8e2-64a8-4377-8f8e-e18b85cc644b;439.79;0.231;SELL
2016-02-21T00:22:30.863000;2016-02-21T00:22:31.003000;45724371-a13a-4e41-a1bc-76736f6613ad;439.77;0.6;SELL
2016-02-21T00:22:30.863000;2016-02-21T00:22:31.003000;ff2a8ce0-c6d3-410d-95ae-37669f2ec484;439.76;0.19;SELL
2016-02-21T00:22:30.863000;2016-02-21T00:22:31.003000;cf2d8361-c7ce-4cfe-b764-6f6e772b0630;439.75;0.8;SELL
2016-02-21T00:22:30.863000;2016-02-21T00:22:31.003000;8288586d-e592-4c42-8ab6-98513a6c7127;439.74;0.01;SELL
2016-02-21T00:22:30.867000;2016-02-21T00:22:31.003000;c274cd22-31b4-4ee6-aa8c-263b857807ef;439.74;1.0;SELL
2016-02-21T00:22:30.867000;2016-02-21T00:22:31.020000;9abee47a-0ca9-4689-bfb3-630e4782ee33;439.73;0.8386;SELL
2016-02-21T00:22:32.097000;2016-02-21T00:22:32.143000;cb3a1ffb-141a-49e6-a566-0aaadfb25930;439.74;0.011;SELL
2016-02-21T00:22:32.097000;2016-02-21T00:22:32.143000;51d0a444-a631-4515-93b1-ad581896a92f;439.73;1.4334;SELL
2016-02-21T00:22:32.097000;2016-02-21T00:22:32.160000;88a51a7d-9dd4-41c2-bd96-aeaa30bf63c2;439.69;0.248;SELL
2016-02-21T00:22:32.097000;2016-02-21T00:22:32.160000;483d0121-5c2b-47b2-be09-86355e4028cf;439.68;0.01;SELL
2016-02-21T00:22:32.097000;2016-02-21T00:22:32.160000;e81e8518-bc60-4ef8-91b8-ad1bf94e33ff;439.65;0.8;SELL
2016-02-21T00:22:32.097000;2016-02-21T00:22:32.160000;e14265f7-9d6c-4a67-bb46-b9209c9d1b7c;439.64;0.248;SELL
2016-02-21T00:22:32.097000;2016-02-21T00:22:32.160000;aec5d1b5-42cf-4a15-8a12-3ff089cdd6e0;439.64;0.6;SELL
2016-02-21T00:22:32.097000;2016-02-21T00:22:32.177000;ee62eb40-e9fb-466e-aed2-10f73f1e4f81;439.63;0.01;SELL
2016-02-21T00:22:32.097000;2016-02-21T00:22:32.177000;6b183f8f-d3ea-4577-8f43-9b2863cf8fba;439.63;0.47;SELL
2016-02-21T00:22:32.097000;2016-02-21T00:22:32.177000;42b957b3-fb7e-4d9f-b74a-86d29cb88901;439.63;0.05;SELL
2016-02-21T00:22:32.097000;2016-02-21T00:22:32.177000;abbc9a5d-10b1-44f3-884b-251a3d848583;439.56;0.94822;SELL
2016-02-21T00:23:01.907000;2016-02-21T00:23:01.940000;32226f71-e4db-46d9-8c9b-c4866d58c2d1;439.83;0.01;SELL
2016-02-21T00:23:01.907000;2016-02-21T00:23:01.957000;6f78f428-3b76-4619-99a9-5bc57cd3ba72;439.82;0.01;SELL
2016-02-21T00:23:01.907000;2016-02-21T00:23:01.957000;279f64df-a5e4-4e1d-8f0f-ac7417f48d08;439.81;0.147;SELL
2016-02-21T00:23:01.907000;2016-02-21T00:23:01.957000;50d757fe-847f-4b27-a29b-d5a718df19ad;439.74;0.34123;SELL
2016-02-21T00:23:32.203000;2016-02-21T00:23:32.237000;52e0f4db-d543-4e06-95fa-29c1b7d2944f;439.85;0.01;BUY
2016-02-21T00:23:32.203000;2016-02-21T00:23:32.237000;ec21e03b-23b8-4db9-9a7c-f755b3a48da0;439.85;0.02;BUY
2016-02-21T00:23:32.203000;2016-02-21T00:23:32.237000;aa3efe9e-5be4-4765-8deb-40a8a5f1bce0;439.85;0.05;BUY
2016-02-21T00:23:32.203000;2016-02-21T00:23:32.237000;641475eb-f96f-4376-a6ea-775aaa91faba;439.86;0.01;BUY
2016-02-21T00:23:32.203000;2016-02-21T00:23:32.253000;08becc3d-f1bf-49cf-bd19-1fc5ebf9c23b;440.0;0.16111;BUY
2016-02-21T00:23:42.467000;2016-02-21T00:23:42.487000;2e26f86c-572f-41a5-93bc-45e556691242;439.84;0.01;SELL
2016-02-21T00:24:02.150000;2016-02-21T00:24:02.190000;7acb49ef-c713-473d-94df-44d0e2acf3d2;439.84;0.46;BUY
2016-02-21T00:24:02.150000;2016-02-21T00:24:02.207000;392bcc2d-5470-47ba-ba6a-c43f1a1c3bc7;439.84;0.05;BUY
2016-02-21T00:24:02.150000;2016-02-21T00:24:02.207000;97834491-d001-4a89-8ca2-7c1e0305aefc;439.85;0.01;BUY
2016-02-21T00:24:02.150000;2016-02-21T00:24:02.207000;33c50979-c1a9-4924-8e43-c2c4ad841b6a;439.86;0.2;BUY
2016-02-21T00:24:02.150000;2016-02-21T00:24:02.207000;7a3e1f89-9351-40e1-b986-fe04ffa6757b;439.99;0.01;BUY
2016-02-21T00:24:02.150000;2016-02-21T00:24:02.283000;d840de52-eea8-4c61-856b-45dadb004a9e;440.01;0.1;BUY
2016-02-21T00:24:02.150000;2016-02-21T00:24:02.283000;92a1796e-8b39-423f-87a3-2d576707d354;440.01;0.05;BUY
2016-02-21T00:24:02.150000;2016-02-21T00:24:02.283000;f3657aaa-f7a3-412e-a8ad-7e38973b0928;440.03;0.011;BUY
2016-02-21T00:24:02.150000;2016-02-21T00:24:02.283000;83669f2a-740b-4441-9859-764cbd9bf14f;440.04;0.011;BUY
2016-02-21T00:24:02.150000;2016-02-21T00:24:02.283000;8462c931-d9b5-4e47-9ee1-9360797a4b69;440.04;0.41143;BUY
2016-02-21T00:24:32.113000;2016-02-21T00:24:32.207000;343955ee-5753-43ac-ac1b-caa1f1587505;439.85;0.01;SELL
2016-02-21T00:24:32.113000;2016-02-21T00:24:32.207000;e5b14162-6dec-43fd-973d-7c3d648b6a43;439.84;0.011;SELL
2016-02-21T00:24:32.113000;2016-02-21T00:24:32.207000;c7dba79f-4a0b-48a0-b997-e04b8ea614e0;439.83;0.01;SELL
2016-02-21T00:24:32.113000;2016-02-21T00:24:32.207000;22657fae-0bf6-4a70-ae7d-cb3e4cecf665;439.82;0.01;SELL
2016-02-21T00:24:32.113000;2016-02-21T00:24:32.207000;4fd931a3-f3c7-4263-822b-c9e2c0045f8a;439.81;0.195;SELL
2016-02-21T00:24:32.113000;2016-02-21T00:24:32.207000;5ca99a55-5fce-4916-8998-0b32ed9e8a34;439.81;0.01;SELL
2016-02-21T00:24:32.113000;2016-02-21T00:24:32.207000;46259aca-88c3-4bab-917d-e552388598fe;439.81;0.05;SELL
2016-02-21T00:24:32.113000;2016-02-21T00:24:32.207000;7cf318e2-47e6-4fb0-9df3-5fd323f5407e;439.8;0.01;SELL
2016-02-21T00:24:32.113000;2016-02-21T00:24:32.207000;6f532b35-67be-4d9f-81a6-eee29c730c95;439.79;0.31;SELL
2016-02-21T00:24:32.113000;2016-02-21T00:24:32.207000;8ef9503f-fabb-4686-a25f-55816a68bdaa;439.76;0.11194;SELL
2016-02-21T00:24:42.913000;2016-02-21T00:24:42.940000;b081b534-20ce-4321-b869-caf5c7293069;439.86;0.01;SELL
2016-02-21T00:24:52.813000;2016-02-21T00:24:52.847000;acbc11d4-7c9a-4355-a5bb-a864be4c523f;439.78;0.011;SELL
2016-02-21T00:24:52.813000;2016-02-21T00:24:52.863000;9d062c7c-29f1-4541-a17a-7968c3a775b6;439.77;0.011;SELL
2016-02-21T00:24:52.813000;2016-02-21T00:24:52.863000;1a77eb4a-c4cf-46b8-a8f7-bd5b98c52a81;439.75;0.011;SELL
2016-02-21T00:25:08.457000;2016-02-21T00:25:08.503000;01b734c2-2491-4ece-9c89-ffb434c23acd;439.68;0.01;SELL
2016-02-21T00:25:08.457000;2016-02-21T00:25:08.503000;c050dcf4-3e69-47f3-94b8-7b145849f246;439.67;0.01;SELL
2016-02-21T00:25:08.457000;2016-02-21T00:25:08.503000;99f5580e-6643-49e4-b79e-3426c3b95756;439.67;0.198;SELL
2016-02-21T00:25:12.337000;2016-02-21T00:25:12.363000;fe6b2e11-e87f-48e3-8cac-6fecf657f5a9;439.66;0.195;SELL
2016-02-21T00:25:12.337000;2016-02-21T00:25:12.380000;0abe9a0b-f883-452a-a7fd-6b354bdb2fad;439.61;0.011;SELL
2016-02-21T00:25:12.337000;2016-02-21T00:25:12.380000;96df1a9d-afbe-4dbb-928d-6bed60cb0b45;439.6;0.011;SELL
2016-02-21T00:25:12.337000;2016-02-21T00:25:12.380000;ea4c3a28-bb7a-4291-8edd-b13cb361b600;439.6;0.01;SELL
2016-02-21T00:25:13.297000;2016-02-21T00:25:13.333000;b217fe08-69c7-42fa-9eb3-646a2f0412cd;439.59;0.142;BUY
2016-02-21T00:25:33.070000;2016-02-21T00:25:33.130000;81fc2c35-0e5d-4a6d-80c1-07286e756ce2;439.59;0.71;BUY
2016-02-21T00:25:33.070000;2016-02-21T00:25:33.130000;b0a81baf-75a6-4f4e-b8c9-ca30e01c947d;439.59;0.05;BUY
2016-02-21T00:25:33.070000;2016-02-21T00:25:33.130000;8dc27ad0-e415-4ad3-ad54-2bad2b02b219;439.59;0.1;BUY
2016-02-21T00:25:33.070000;2016-02-21T00:25:33.130000;18772e82-8dac-47ce-a258-540be4d9beaf;439.62;0.04892;BUY
2016-02-21T00:26:02.300000;2016-02-21T00:26:02.347000;505e6204-c57f-4839-b500-017c99920b75;439.59;0.05;BUY
2016-02-21T00:26:02.300000;2016-02-21T00:26:02.347000;9e26ba97-8a64-459c-a932-1ae1828e5d10;439.59;2.56975;BUY
2016-02-21T00:26:32.797000;2016-02-21T00:26:32.833000;ab89902a-2372-448c-a176-d0f9f06bd9ca;439.58;0.011;SELL
2016-02-21T00:26:32.797000;2016-02-21T00:26:32.847000;205bb31f-1fb5-45a1-851c-0bc22ee2afdb;439.58;0.01;SELL
2016-02-21T00:26:32.797000;2016-02-21T00:26:32.847000;621f8c5a-9da1-4f59-a0ec-740865635f5b;439.58;0.35;SELL
2016-02-21T00:26:32.797000;2016-02-21T00:26:32.847000;16435bce-77b4-4f55-b807-80c585b14b4d;439.58;0.02;SELL
2016-02-21T00:26:32.797000;2016-02-21T00:26:32.863000;ba9ff81e-c094-43eb-81d1-2d842183d02b;439.58;0.01;SELL
2016-02-21T00:26:32.797000;2016-02-21T00:26:32.863000;c61867a2-8bf8-4cfa-8765-c273b78d9359;439.58;0.01;SELL
2016-02-21T00:26:32.797000;2016-02-21T00:26:32.863000;825a5de1-62f8-4f37-b572-c18012c21289;439.57;0.01;SELL
2016-02-21T00:26:32.797000;2016-02-21T00:26:32.863000;110a8ce5-4b65-4e66-a85d-eb3eadf72a9b;439.46;0.01;SELL
2016-02-21T00:26:32.797000;2016-02-21T00:26:32.863000;54c41049-4d4c-4851-8028-be63e2c287d9;439.42;0.011;SELL
2016-02-21T00:26:32.797000;2016-02-21T00:26:32.863000;a0e72284-323d-429a-8de5-82c6bb5b6207;439.42;0.01;SELL
2016-02-21T00:26:32.797000;2016-02-21T00:26:32.893000;2aefbf9e-6d31-490f-b48f-a7fb63a1e9a5;439.4;0.02525;SELL
2016-02-21T00:26:32.797000;2016-02-21T00:26:32.893000;f6676c99-71e9-40e4-8a9c-60ed8c2b9c10;439.4;0.01;SELL
2016-02-21T00:26:32.797000;2016-02-21T00:26:32.893000;968c0857-2c82-420d-819e-86a434881782;439.39;0.01;SELL
2016-02-21T00:26:32.797000;2016-02-21T00:26:32.893000;6ee3c948-5b28-4be7-a9cf-db24894a56cd;439.29;0.01;SELL
2016-02-21T00:26:32.797000;2016-02-21T00:26:32.910000;d57c625e-ede8-4caa-ad6f-aef2b9fc3929;439.28;0.01;SELL
2016-02-21T00:26:32.800000;2016-02-21T00:26:32.910000;af8cf394-4c41-454f-9c7e-089773d0ad62;439.27;0.01;SELL
2016-02-21T00:26:32.800000;2016-02-21T00:26:32.910000;be1ea140-731c-47e5-9095-6af69b9bdbcc;439.24;0.01;SELL
2016-02-21T00:26:32.800000;2016-02-21T00:26:32.927000;c292bfc8-b34d-42f0-a7e5-d8504dba7dd1;439.2;0.01;SELL
2016-02-21T00:26:32.800000;2016-02-21T00:26:32.927000;484f7065-3879-400e-851d-698cbeea576f;439.14;0.47;SELL
2016-02-21T00:26:32.800000;2016-02-21T00:26:32.927000;08966b9a-faca-4e02-ac2e-abb7532d5630;439.11;0.01;SELL
2016-02-21T00:26:32.800000;2016-02-21T00:26:32.940000;88e845d7-3735-4711-994f-e78442c0fcab;439.11;0.01;SELL
2016-02-21T00:26:32.800000;2016-02-21T00:26:32.940000;44320939-3ff8-44a9-8e87-21f5dff81811;439.08;0.01;SELL
2016-02-21T00:26:32.800000;2016-02-21T00:26:32.940000;04f75783-3d6e-47b7-9a29-b07055c0f93f;439.08;0.05;SELL
2016-02-21T00:26:32.800000;2016-02-21T00:26:32.940000;e1e4b38a-57a6-4954-bb56-95f02a78c7f5;439.02;0.011;SELL
2016-02-21T00:26:32.800000;2016-02-21T00:26:32.940000;9c5810ed-6b91-4416-8c1b-9c0734a70652;439.01;0.01;SELL
2016-02-21T00:26:32.800000;2016-02-21T00:26:32.957000;9907c9cb-6dc6-44f1-a1e3-5f65b32203b3;439.0;0.01;SELL
2016-02-21T00:26:32.800000;2016-02-21T00:26:32.957000;50ad3c06-f5e7-4d6d-b119-e63f044cd155;439.0;0.01;SELL
2016-02-21T00:26:32.800000;2016-02-21T00:26:32.957000;198e4814-24cc-4d56-989f-1632668ed503;438.99;0.011;SELL
2016-02-21T00:26:32.800000;2016-02-21T00:26:32.973000;368f05d8-0ac5-4f98-a8e7-7a9b0b364043;438.95;0.01;SELL
2016-02-21T00:26:32.800000;2016-02-21T00:26:32.973000;d37c5f89-be1d-4fa5-b172-814dd6a384da;438.94;0.01;SELL
2016-02-21T00:26:32.800000;2016-02-21T00:26:32.973000;0b99dcee-79af-4004-b55e-d7ffca718dfc;438.84;1.0;SELL
2016-02-21T00:26:32.800000;2016-02-21T00:26:32.973000;4a1471d9-1bc0-4727-a51c-ae4217c30e0e;438.82;0.011;SELL
2016-02-21T00:26:32.800000;2016-02-21T00:26:32.987000;37e64bfb-ef5c-45ac-be95-fd6562ec8658;438.81;0.011;SELL
2016-02-21T00:26:32.800000;2016-02-21T00:26:32.987000;470a5c58-427b-4bee-a541-c840b009e973;438.81;0.2;SELL
2016-02-21T00:26:32.800000;2016-02-21T00:26:32.987000;3b7d0c1e-aec7-4b35-83cf-b9ce8439389d;438.81;1.0;SELL
2016-02-21T00:26:32.803000;2016-02-21T00:26:33.003000;0343801a-5299-42f6-b649-e27e89ddd1e0;438.8;0.011;SELL
2016-02-21T00:26:32.803000;2016-02-21T00:26:33.003000;eba5823e-b45f-47a0-9b32-0f68c3b05e76;438.72;0.8;SELL
2016-02-21T00:26:32.803000;2016-02-21T00:26:33.003000;f7cb5f16-6bd9-4a4e-bb26-61358610793c;438.71;0.01;SELL
2016-02-21T00:26:32.803000;2016-02-21T00:26:33.003000;0022b4d5-4ebb-492e-a435-ae5360cf0ca6;438.69;1.2;SELL
2016-02-21T00:26:32.803000;2016-02-21T00:26:33.003000;945310b1-992c-4228-95e3-fbe77945cc40;438.68;0.01;SELL
2016-02-21T00:26:32.803000;2016-02-21T00:26:33.020000;3fe05bb8-fed0-4ab2-bd8c-b1b1ec75010a;438.68;0.50772;SELL
2016-02-21T00:27:02.150000;2016-02-21T00:27:02.190000;6d7c6f6d-5017-4bd8-9406-5cc8698ca8e6;438.95;0.01;SELL
2016-02-21T00:27:02.150000;2016-02-21T00:27:02.190000;53e822d4-c637-4d63-b887-452afa144cc9;438.94;0.011;SELL
2016-02-21T00:27:02.150000;2016-02-21T00:27:02.190000;a81117ac-56d5-42db-9c9e-bfadd4d819c9;438.93;0.00983;SELL
2016-02-21T00:27:32.330000;2016-02-21T00:27:32.347000;19bbcc68-360a-4096-a03e-9f3f16245ad2;439.0;0.01;BUY
2016-02-21T00:27:32.330000;2016-02-21T00:27:32.363000;2756eb1a-8e7b-4f90-beaa-75f03c22176e;439.01;0.015;BUY
2016-02-21T00:27:32.330000;2016-02-21T00:27:32.363000;c72ad9a6-0ae5-4f2e-9b1d-5eb400ff24f9;439.03;0.25;BUY
2016-02-21T00:27:32.330000;2016-02-21T00:27:32.363000;aed152c9-0236-4ba1-ab6a-8d752bf9143f;439.15;0.2;BUY
2016-02-21T00:27:32.330000;2016-02-21T00:27:32.380000;b42f56b5-0e91-43b1-a783-dc618097d7dc;439.16;0.011;BUY
2016-02-21T00:27:32.330000;2016-02-21T00:27:32.380000;544b00ae-001f-4821-a164-58c651906e20;439.16;0.05;BUY
2016-02-21T00:27:32.330000;2016-02-21T00:27:32.380000;69f09902-c8e0-43ae-b53b-01865bcd9d07;439.17;0.2;BUY
2016-02-21T00:27:32.330000;2016-02-21T00:27:32.380000;8d6e47ba-3edc-458e-a62b-07e5461b6494;439.18;0.2;BUY
2016-02-21T00:27:32.330000;2016-02-21T00:27:32.380000;84e1cb40-4794-4dae-a07f-871455158bab;439.19;0.011;BUY
2016-02-21T00:27:32.330000;2016-02-21T00:27:32.393000;d04c865b-1e12-4832-b968-ba6141f43e3d;439.2;0.5568;BUY
2016-02-21T00:28:02.497000;2016-02-21T00:28:02.533000;7c179feb-7162-4be7-b6df-c46f749054ee;439.06;0.01;BUY
2016-02-21T00:28:02.497000;2016-02-21T00:28:02.533000;b702c73f-c259-4b44-80d0-f84835db0b00;439.07;0.25;BUY
2016-02-21T00:28:02.497000;2016-02-21T00:28:02.550000;3506c641-bd1f-4bc9-9dfe-e4b0c9b25265;439.16;0.011;BUY
2016-02-21T00:28:02.497000;2016-02-21T00:28:02.550000;fe2fb0fa-5d10-450d-b7e2-05845ff4225e;439.17;0.011;BUY
2016-02-21T00:28:02.497000;2016-02-21T00:28:02.550000;1ac7766b-4026-4ebd-acbb-feb7d243ed95;439.17;0.05;BUY
2016-02-21T00:28:02.500000;2016-02-21T00:28:02.567000;effbc880-9ca2-4bc9-99fe-067bf7af108b;439.19;0.011;BUY
2016-02-21T00:28:02.500000;2016-02-21T00:28:02.567000;ae9dc281-8830-4965-9979-7a14cf70ff07;439.19;0.05;BUY
2016-02-21T00:28:02.500000;2016-02-21T00:28:02.567000;ee43567a-3fe8-483c-a990-456641ead0ef;439.21;0.011;BUY
2016-02-21T00:28:02.500000;2016-02-21T00:28:02.567000;22e48ce0-8203-4ccd-ba99-b1c1269db2cc;439.21;0.2;BUY
2016-02-21T00:28:02.500000;2016-02-21T00:28:02.583000;ad4404ea-3e62-4a47-9738-a31e919fbf6d;439.22;0.011;BUY
2016-02-21T00:28:02.500000;2016-02-21T00:28:02.583000;2575118a-2942-4bb8-8b4f-4f6f158421c8;439.23;0.4;BUY
2016-02-21T00:28:02.500000;2016-02-21T00:28:02.597000;fc09f912-f894-4e12-9a75-a3dc40cd7318;439.24;0.011;BUY
2016-02-21T00:28:02.500000;2016-02-21T00:28:02.597000;74fa2947-3a6b-4155-9698-ee4bd3e66dd8;439.25;0.6;BUY
2016-02-21T00:28:02.500000;2016-02-21T00:28:02.597000;d914a159-1e4e-45c9-9dd2-d38fb54424a5;439.26;0.011;BUY
2016-02-21T00:28:02.500000;2016-02-21T00:28:02.597000;9e7b87b2-a195-4f12-b72e-ba5332d920d1;439.27;0.71308;BUY
2016-02-21T00:28:32.017000;2016-02-21T00:28:32.050000;fb0c6c0c-0fcc-4725-b7bc-fea97a4afb88;439.2;0.25;BUY
2016-02-21T00:28:32.017000;2016-02-21T00:28:32.050000;86de5bd3-7fb3-406f-a0ca-dc20f0bc61dd;439.28;0.011;BUY
2016-02-21T00:28:32.017000;2016-02-21T00:28:32.050000;5ec60976-6df2-4817-a882-bf2cc835c12d;439.3;0.011;BUY
2016-02-21T00:28:32.017000;2016-02-21T00:28:32.067000;f341e398-eb91-464c-a65c-b7577794e0a5;439.32;0.011;BUY
2016-02-21T00:28:32.017000;2016-02-21T00:28:32.067000;d4cc42ac-0d72-440e-a366-62cbb2dd3a8c;439.33;0.01;BUY
2016-02-21T00:28:32.017000;2016-02-21T00:28:32.083000;792035f7-51a7-451a-a8e0-d7cd43aac13c;439.49;0.09214;BUY
2016-02-21T00:29:01.737000;2016-02-21T00:29:01.770000;81da11a6-d872-4df9-bc83-6e855a5b9a0f;439.37;0.01;BUY
2016-02-21T00:29:01.737000;2016-02-21T00:29:01.770000;ce06c662-39c6-4f05-8816-a6cf613df86d;439.38;0.2497;BUY
2016-02-21T00:29:01.737000;2016-02-21T00:29:01.770000;4dd616ac-b9a3-49bc-8f26-500e168772e9;439.49;0.05;BUY
2016-02-21T00:29:01.737000;2016-02-21T00:29:01.787000;22575137-65d4-4ba1-96a3-75548e3dc255;439.49;1.04303;BUY
2016-02-21T00:29:48.557000;2016-02-21T00:29:48.583000;b878fbca-8af3-40ed-ae7a-33ffd31a3bc0;439.32;2.04351181;BUY
2016-02-21T00:30:31.947000;2016-02-21T00:30:31.973000;12766128-fde6-43f1-918f-12c7b7736fa4;439.32;0.47;BUY
2016-02-21T00:30:31.947000;2016-02-21T00:30:31.973000;36094249-e77a-4639-8668-3c7654ff06d5;439.5;0.011;BUY
2016-02-21T00:30:31.950000;2016-02-21T00:30:31.973000;ac2a47d7-04fd-4a72-abdc-db38dc4c5ed9;439.51;0.01;BUY
2016-02-21T00:30:31.950000;2016-02-21T00:30:31.973000;a5fcb651-a66f-40c1-9481-084ac205f065;439.56;0.4;BUY
2016-02-21T00:30:31.950000;2016-02-21T00:30:31.987000;bcd02d2b-92bf-49ca-a411-e0ab12249bbb;439.56;0.05;BUY
2016-02-21T00:30:31.950000;2016-02-21T00:30:31.987000;0e3945ee-cfad-48f3-886d-c4dc907f7267;439.57;0.011;BUY
2016-02-21T00:30:31.950000;2016-02-21T00:30:31.987000;484be828-4118-48f4-b921-9975c1afd157;439.63;0.52474;BUY
2016-02-21T00:31:06.053000;2016-02-21T00:31:06.083000;a9ebf4e1-7069-4386-8bd5-06352988b61b;439.52;0.01;BUY
2016-02-21T00:31:06.053000;2016-02-21T00:31:06.083000;ec2dea34-da56-4317-a930-245a3e25e803;439.53;0.44315;BUY
2016-02-21T00:32:03.503000;2016-02-21T00:32:03.503000;c9d4e3f2-0382-4e58-a15c-4a8ea8a6086b;439.53;0.73931;BUY
2016-02-21T00:32:28.043000;2016-02-21T00:32:28.050000;01fc46ec-4aa5-4e68-b996-3d3f197e4ef3;439.61;0.01;BUY
2016-02-21T00:32:48.203000;2016-02-21T00:32:48.223000;1e2fcf74-7ada-4fbb-b9e4-7be368871ca8;439.56;1.76251;BUY
2016-02-21T00:33:27.430000;2016-02-21T00:33:27.440000;aabdb961-34ff-4021-bf7f-86f4f3e85216;439.64;0.01;BUY
2016-02-21T00:33:27.430000;2016-02-21T00:33:27.440000;2c6a6a32-def9-47bd-92d5-79844c5ed877;439.69;0.075;BUY
2016-02-21T00:33:27.430000;2016-02-21T00:33:27.440000;f79782f4-6762-4482-b592-ddb4ad62f57d;439.7;0.01;BUY
2016-02-21T00:33:27.430000;2016-02-21T00:33:27.457000;d3dd9243-b0c3-4119-bbb0-f2cf29bace33;439.75;0.01;BUY
2016-02-21T00:33:27.430000;2016-02-21T00:33:27.457000;70fc5de4-e768-4659-82b2-3118ac39510c;439.88;0.7976;BUY
2016-02-21T00:34:31.850000;2016-02-21T00:34:31.923000;1456ee80-e901-4c74-86d1-02ab3a8e5b21;439.77;0.39;SELL
2016-02-21T00:34:31.850000;2016-02-21T00:34:31.923000;e7843ba8-6b0a-4927-aabd-ab0de3794dc2;439.76;0.4;SELL
2016-02-21T00:34:31.850000;2016-02-21T00:34:31.923000;3ec545bd-27dd-4684-897a-c04f63e7fe1e;439.75;0.0125;SELL
2016-02-21T00:34:31.850000;2016-02-21T00:34:31.923000;6214ef56-43c4-477c-92f6-24b75ac8be90;439.72;0.01;SELL
2016-02-21T00:34:31.850000;2016-02-21T00:34:31.953000;cdf10617-9ddb-43f9-a7d5-af37fc30e178;439.6;0.01;SELL
2016-02-21T00:34:31.850000;2016-02-21T00:34:31.953000;0c97ef19-ff33-4375-af73-6b69758e47cb;439.56;0.4;SELL
2016-02-21T00:34:31.850000;2016-02-21T00:34:31.953000;93f583ea-25de-496c-900e-5d83d375ee72;439.55;0.011;SELL
2016-02-21T00:34:31.850000;2016-02-21T00:34:31.953000;6c9019af-0d5a-4b0b-b2cb-dfb14218205a;439.52;0.76571;SELL
2016-02-21T00:34:39.820000;2016-02-21T00:34:39.890000;d2b681e0-ef63-424f-8d43-824493d4413a;439.57;0.05;SELL
2016-02-21T00:34:39.820000;2016-02-21T00:34:39.890000;27d9a802-d2fc-4e4a-bbb7-0c1dfeabb0a1;439.54;0.034;SELL
2016-02-21T00:34:39.837000;2016-02-21T00:34:39.907000;9f21697b-4f28-4ac9-bdf0-472e097f4d04;439.54;0.04;SELL
2016-02-21T00:34:39.850000;2016-02-21T00:34:39.923000;ee98d86b-c716-4518-9efb-1312cb4cf092;439.54;0.132;SELL
2016-02-21T00:34:39.867000;2016-02-21T00:34:39.937000;2ea89ff7-1e36-4018-b2cd-e5bc9e647cdf;439.54;0.448;SELL
2016-02-21T00:34:39.880000;2016-02-21T00:34:39.953000;71edd58c-3d70-4cf9-96df-26e446870c00;439.55;0.208;SELL
2016-02-21T00:34:39.883000;2016-02-21T00:34:39.953000;dd38ad64-086d-4df5-a765-87b620c2c095;439.55;0.288;SELL
2016-02-21T00:34:39.900000;2016-02-21T00:34:39.970000;75cf8019-626a-4848-a603-2f66612a3a04;439.55;0.26;SELL
2016-02-21T00:34:39.917000;2016-02-21T00:34:39.983000;a7523215-6655-4585-89cf-25fe1963bb13;439.55;0.21;SELL
2016-02-21T00:34:39.937000;2016-02-21T00:34:40.017000;a128c1fa-839a-4e35-be5c-a758268d94a0;439.54;0.374;SELL
2016-02-21T00:34:39.943000;2016-02-21T00:34:40.017000;519b4457-1498-4602-a850-e5974adcccb4;439.54;0.3301771;SELL
2016-02-21T00:35:02.097000;2016-02-21T00:35:02.173000;f50b4fdf-046e-47a6-8e77-aacbcce8fcae;439.56;0.01;SELL
2016-02-21T00:35:02.097000;2016-02-21T00:35:02.173000;82de0804-945e-4b5a-bdb8-4e6e414b4878;439.54;0.09267;SELL
2016-02-21T00:35:31.820000;2016-02-21T00:35:31.890000;214f0683-afc9-440a-a17a-12f343c0d1ef;439.63;0.96;BUY
2016-02-21T00:35:31.820000;2016-02-21T00:35:31.890000;8bb23d66-cd4e-492e-a8e5-b82b5ecc9b84;439.64;0.07841;BUY
2016-02-21T00:36:01.813000;2016-02-21T00:36:01.877000;da46d617-cad6-4f0d-9b8c-b6a27dace92a;439.65;0.1018;BUY
2016-02-21T00:36:31.850000;2016-02-21T00:36:31.907000;2baa6392-f5b6-4689-a288-516c57d53454;439.67;0.01;BUY
2016-02-21T00:36:31.850000;2016-02-21T00:36:31.923000;e0ca5ec6-8d42-431e-8c81-4f44a8c04112;439.68;0.01322;BUY
2016-02-21T00:37:01.807000;2016-02-21T00:37:01.860000;e3841894-0222-4629-b58d-f0c7fafac832;439.69;0.25;BUY
2016-02-21T00:37:01.807000;2016-02-21T00:37:01.877000;a57b049e-96a5-47b5-b428-1400fcaf6392;439.69;0.01054;BUY
2016-02-21T00:37:32.370000;2016-02-21T00:37:32.423000;8ece727e-6fb0-4deb-96d4-391c9d35345c;439.69;0.09853;BUY
2016-02-21T00:38:04.550000;2016-02-21T00:38:04.610000;cfc5f922-9c67-4901-8286-a5c65be4708f;439.62;0.01;SELL
2016-02-21T00:38:04.550000;2016-02-21T00:38:04.627000;5d4ea3e3-a7bc-4f4d-bc37-79337d2ac80c;439.62;0.124;SELL
2016-02-21T00:38:04.550000;2016-02-21T00:38:04.627000;3a141422-8e32-4356-9691-31096f565cd6;439.61;0.01;SELL
2016-02-21T00:38:04.550000;2016-02-21T00:38:04.627000;7656784b-1804-4872-88ba-6a65dc93ca44;439.61;0.12;SELL
2016-02-21T00:38:04.550000;2016-02-21T00:38:04.627000;7469ae8f-b70d-4f93-8331-08c1dbc54010;439.6;0.01;SELL
2016-02-21T00:38:04.550000;2016-02-21T00:38:04.640000;6574f471-dc49-4f1b-9de5-3153c59fb18b;439.59;0.01;SELL
2016-02-21T00:38:04.550000;2016-02-21T00:38:04.640000;3a0085a6-d72c-4551-bd69-2ed5a1e4e06b;439.58;0.01;SELL
2016-02-21T00:38:04.550000;2016-02-21T00:38:04.640000;4f8ee479-f2ea-42da-8fad-2bc914ec7ea7;439.58;0.05;SELL
2016-02-21T00:38:04.550000;2016-02-21T00:38:04.640000;0f115ff5-4997-4f2c-88f0-a12fce4a55ea;439.57;0.01;SELL
2016-02-21T00:38:04.550000;2016-02-21T00:38:04.657000;2c326222-e93d-477b-b759-2a4d6b632ea6;439.56;0.01;SELL
2016-02-21T00:38:04.550000;2016-02-21T00:38:04.657000;471e4476-5ed4-43ac-93d4-2ec0643f3996;439.56;0.117;SELL
2016-02-21T00:38:04.550000;2016-02-21T00:38:04.657000;1e26bd1d-b0e1-45d5-adc3-9fe0e3967d2e;439.55;0.01;SELL
2016-02-21T00:38:04.550000;2016-02-21T00:38:04.657000;20e4cba8-93be-4fc7-88fc-a666aa290eb3;439.54;0.01;SELL
2016-02-21T00:38:04.553000;2016-02-21T00:38:04.657000;882f5a73-c4fb-4da6-a022-5e797796cc75;439.53;0.01;SELL
2016-02-21T00:38:04.553000;2016-02-21T00:38:04.673000;9384caeb-0579-421d-b298-9f7c58b0942b;439.51;0.01;SELL
2016-02-21T00:38:04.553000;2016-02-21T00:38:04.673000;1c58380c-8a30-441e-8737-64c5066f1532;439.51;0.097;SELL
2016-02-21T00:38:04.553000;2016-02-21T00:38:04.673000;b3387c73-69ee-4129-b893-ea99fb133a32;439.5;0.0125;SELL
2016-02-21T00:38:04.553000;2016-02-21T00:38:04.673000;ac745723-fb90-45d6-850a-cf604b4e1e04;439.49;0.01;SELL
2016-02-21T00:38:04.553000;2016-02-21T00:38:04.703000;f854941d-9702-4b99-88aa-eae82c43f20c;439.47;0.01;SELL
2016-02-21T00:38:04.553000;2016-02-21T00:38:04.703000;f06efeb3-2ead-45d2-bee0-2082c4bff798;439.47;0.073;SELL
2016-02-21T00:38:04.553000;2016-02-21T00:38:04.703000;1ee5f658-1001-4d96-b0a3-0d6bb5737966;439.46;0.011;SELL
2016-02-21T00:38:04.553000;2016-02-21T00:38:04.703000;5b0c1688-2a97-41a8-9fad-a0fd75e67a54;439.46;0.01;SELL
2016-02-21T00:38:04.553000;2016-02-21T00:38:04.703000;8eae28bb-9101-48e3-b789-a350e269e120;439.46;0.113;SELL
2016-02-21T00:38:04.553000;2016-02-21T00:38:04.703000;db086194-4b65-4d7a-9389-07107a892773;439.45;0.01;SELL
2016-02-21T00:38:04.553000;2016-02-21T00:38:04.703000;4c811c4c-9067-4239-b015-7dbe61a50f68;439.44;0.011;SELL
2016-02-21T00:38:04.553000;2016-02-21T00:38:04.720000;539dc21b-2c34-40fa-a33f-f2673640b7e2;439.43;0.01;SELL
2016-02-21T00:38:04.553000;2016-02-21T00:38:04.720000;972cde26-6652-4727-89bf-c7de9918640b;439.42;0.01;SELL
2016-02-21T00:38:04.553000;2016-02-21T00:38:04.720000;b2359ba5-a321-444d-a5e2-47400a681286;439.42;0.079;SELL
2016-02-21T00:38:04.553000;2016-02-21T00:38:04.720000;e52b10b7-4b31-4c39-89c1-af4ca98e2559;439.41;0.011;SELL
2016-02-21T00:38:04.553000;2016-02-21T00:38:04.720000;217efcfb-8554-4abd-abc4-e9dcd8fbe735;439.41;0.109;SELL
2016-02-21T00:38:04.553000;2016-02-21T00:38:04.720000;c6a51461-452f-47ba-ba7b-c4492051c63c;439.4;0.01;SELL
2016-02-21T00:38:04.553000;2016-02-21T00:38:04.733000;2bccac1f-4637-47b6-be49-0dcea299629d;439.39;0.011;SELL
2016-02-21T00:38:04.557000;2016-02-21T00:38:04.733000;e95a637f-9ea5-4df6-b8a2-f9d107787964;439.38;0.01;SELL
2016-02-21T00:38:04.557000;2016-02-21T00:38:04.733000;c66cbd08-52ec-4f23-9b41-27ba49c14208;439.37;0.01;SELL
2016-02-21T00:38:04.557000;2016-02-21T00:38:04.733000;d7359bce-1d45-45ed-a6c4-72c4d4c91037;439.36;0.011;SELL
2016-02-21T00:38:04.557000;2016-02-21T00:38:04.733000;00d55e11-6091-47ff-b44f-0e0fe8451e3c;439.36;0.088;SELL
2016-02-21T00:38:04.557000;2016-02-21T00:38:04.733000;59b40921-8ee6-43b0-a50e-487842f8f6ea;439.35;0.01;SELL
2016-02-21T00:38:04.557000;2016-02-21T00:38:04.733000;cd0a95d2-6018-4e40-8ecb-acfe64536564;439.34;0.01;SELL
2016-02-21T00:38:04.557000;2016-02-21T00:38:04.750000;cad4e136-2da0-4b5d-a2a2-c344b2acb5f5;439.32;0.4;SELL
2016-02-21T00:38:04.557000;2016-02-21T00:38:04.750000;f56c913a-4768-41e9-8fad-2f7750fbbeaa;439.31;0.093;SELL
2016-02-21T00:38:04.557000;2016-02-21T00:38:04.750000;e3d1cabf-32c0-401f-9606-13a88d15adb4;439.3;0.8;SELL
2016-02-21T00:38:04.557000;2016-02-21T00:38:04.750000;c5ce084f-c15a-4ec7-8d29-ddce7599b4f6;439.29;0.011;SELL
2016-02-21T00:38:04.557000;2016-02-21T00:38:04.750000;be2b6387-edc2-4467-b55e-429504dbbc53;439.27;1.4;SELL
2016-02-21T00:38:04.557000;2016-02-21T00:38:04.767000;8989b1f8-c493-4fc0-9726-378396fd3c7c;439.26;0.079;SELL
2016-02-21T00:38:04.557000;2016-02-21T00:38:04.767000;07520855-beb4-4fb6-92b2-abfd6e89401e;439.26;0.19322;SELL
2016-02-21T00:38:33.363000;2016-02-21T00:38:33.423000;f55b36cf-4bea-428d-9e78-4ff43a106e87;439.28;0.01;SELL
2016-02-21T00:38:33.363000;2016-02-21T00:38:33.437000;18ab2319-92b9-4c98-a851-b5c9067bcd1c;439.28;0.095;SELL
2016-02-21T00:38:33.363000;2016-02-21T00:38:33.437000;427bce45-1084-4a7b-82a4-6ff37d715d2b;439.27;0.01;SELL
2016-02-21T00:38:33.363000;2016-02-21T00:38:33.437000;e62553a2-b596-429c-beff-68f5c391638b;439.27;0.099;SELL
2016-02-21T00:38:33.363000;2016-02-21T00:38:33.437000;8fcef5fd-14b7-46b8-9868-5e71b9ed1b4a;439.25;0.0125;SELL
2016-02-21T00:38:33.363000;2016-02-21T00:38:33.437000;200d883e-0984-4406-b676-11b07b366e39;439.23;0.00686;SELL
2016-02-21T00:39:01.910000;2016-02-21T00:39:01.970000;a1e9bd0a-1a6b-4a44-9a9e-1858d934ca84;439.41;0.02;BUY
2016-02-21T00:39:01.910000;2016-02-21T00:39:01.970000;e4cda0de-0696-4c4e-9faf-5f9d59cc81a3;439.41;0.128;BUY
2016-02-21T00:39:01.910000;2016-02-21T00:39:01.983000;46385ec1-70c6-408b-a953-24a9c64ecda1;439.42;0.011;BUY
2016-02-21T00:39:01.910000;2016-02-21T00:39:01.983000;b0ee488d-5000-4f76-9f8b-ed26f9b82a55;439.46;0.02166;BUY
2016-02-21T00:39:31.937000;2016-02-21T00:39:32.000000;e82e2811-c12a-4c0b-9468-c04bbf0d81a1;439.39;0.011;BUY
2016-02-21T00:39:31.937000;2016-02-21T00:39:32.000000;c9d71e67-1922-42d0-b97e-2367fc279c7d;439.4;0.011;BUY
2016-02-21T00:39:31.937000;2016-02-21T00:39:32.000000;1567f03b-03bb-402c-a970-d15edb3ce122;439.41;0.1;BUY
2016-02-21T00:39:31.937000;2016-02-21T00:39:32.017000;0dd73402-ad33-48ee-b8e7-d7bca9de05b6;439.5;0.01;BUY
2016-02-21T00:39:31.937000;2016-02-21T00:39:32.017000;1e6ab4b4-a321-45cf-8b87-9526910699a5;439.51;0.01;BUY
2016-02-21T00:39:31.937000;2016-02-21T00:39:32.017000;6b47280a-3e92-4b8c-af9d-791902dd2817;439.56;0.04;BUY
2016-02-21T00:39:31.937000;2016-02-21T00:39:32.017000;19c39153-0014-4f5a-bf17-3be8f666d724;439.59;0.104;BUY
2016-02-21T00:39:31.937000;2016-02-21T00:39:32.017000;144d705b-1960-492d-9e0d-ba6dba7e498b;439.62;0.081;BUY
2016-02-21T00:39:31.937000;2016-02-21T00:39:32.033000;e6e9a8e8-32bc-4d39-8419-1453ca353407;439.66;0.01;BUY
2016-02-21T00:39:31.937000;2016-02-21T00:39:32.033000;76b38a61-25e9-4480-8315-f64d2bc82356;439.66;0.129;BUY
2016-02-21T00:39:31.940000;2016-02-21T00:39:32.033000;3415ede9-6c06-4d9d-9f60-e9a2827aa378;439.7;0.01;BUY
2016-02-21T00:39:31.940000;2016-02-21T00:39:32.033000;b906701b-aa53-41bf-8e9f-efa57801c1de;439.71;0.081;BUY
2016-02-21T00:39:31.940000;2016-02-21T00:39:32.033000;a06963a9-7d5f-4e35-8b0e-c30439a9806a;439.75;0.01;BUY
2016-02-21T00:39:31.940000;2016-02-21T00:39:32.033000;f83dd91f-3d90-45d2-880e-f81fc806eaa1;439.76;0.112;BUY
2016-02-21T00:39:31.940000;2016-02-21T00:39:32.047000;2556396f-37a7-4bbd-8959-17cccde60be1;439.78;0.02;BUY
2016-02-21T00:39:31.940000;2016-02-21T00:39:32.047000;b22cf0e8-807e-4c44-a2e1-487968819e1d;439.81;0.114;BUY
2016-02-21T00:39:31.940000;2016-02-21T00:39:32.047000;4292f6ff-8d59-4c52-971c-49765a595084;439.82;0.075;BUY
2016-02-21T00:39:31.940000;2016-02-21T00:39:32.047000;6d877396-61ca-4da2-a814-e374e6c0a0dd;439.84;0.011;BUY
2016-02-21T00:39:31.940000;2016-02-21T00:39:32.063000;fb51a63c-ce3d-4c0b-a884-06e3be431b85;439.86;0.082;BUY
2016-02-21T00:39:31.940000;2016-02-21T00:39:32.063000;fc4efe38-b48c-4007-9cd1-a282ae5d56b3;439.87;0.10724;BUY
2016-02-21T00:40:12.287000;2016-02-21T00:40:12.330000;f628ebcb-d480-4a28-918a-7ea71989413b;439.44;0.01;BUY
2016-02-21T00:40:12.287000;2016-02-21T00:40:12.360000;2ab5ce3b-0643-451b-9679-e3fa9daeb080;439.45;0.0025;BUY
2016-02-21T00:41:01.880000;2016-02-21T00:41:01.937000;90825b48-8e72-47a0-8850-f7c4c50e77ae;439.44;0.01;SELL
2016-02-21T00:41:01.880000;2016-02-21T00:41:01.953000;af0b467f-8112-4966-b534-891190050731;439.43;0.01;SELL
2016-02-21T00:41:01.880000;2016-02-21T00:41:01.953000;a449d4b3-8063-463a-a24a-541fa3e60557;439.38;0.01;SELL
2016-02-21T00:41:01.880000;2016-02-21T00:41:01.953000;76b2915e-23eb-4f25-bdc2-866f6cfd5c45;439.37;0.011;SELL
2016-02-21T00:41:01.880000;2016-02-21T00:41:01.953000;25e706b7-cb9b-45c8-81a1-f66cdcb5720e;439.34;0.011;SELL
2016-02-21T00:41:01.880000;2016-02-21T00:41:01.953000;48039042-68da-466d-89e7-d04a00cc6997;439.34;0.05;SELL
2016-02-21T00:41:01.880000;2016-02-21T00:41:01.970000;f8a6e003-bccc-4b90-8e8d-a3c0095d7cbf;439.33;0.011;SELL
2016-02-21T00:41:01.880000;2016-02-21T00:41:01.970000;a1793ec2-7e5c-4f2a-8260-54fbba89f33a;439.32;0.01;SELL
2016-02-21T00:41:01.880000;2016-02-21T00:41:01.970000;3901de8f-d802-4dd5-b007-8feb68d97dc8;439.32;0.01;SELL
2016-02-21T00:41:01.880000;2016-02-21T00:41:01.970000;ff38ac1c-96bc-42af-80d4-9413e2b52333;439.31;0.01;SELL
2016-02-21T00:41:01.880000;2016-02-21T00:41:01.970000;05e23ec9-5b0a-456c-81a7-a984a30bd3cd;439.3;0.106;SELL
2016-02-21T00:41:01.880000;2016-02-21T00:41:01.970000;24f78c20-f178-4245-938c-0673e0e41ac6;439.26;0.01;SELL
2016-02-21T00:41:01.880000;2016-02-21T00:41:01.970000;81537726-dc63-488a-bf99-64887b273f97;439.26;0.01;SELL
2016-02-21T00:41:01.883000;2016-02-21T00:41:01.983000;c61f8524-5c3c-4c7c-8ae6-49bc49ac1d3c;439.25;0.011;SELL
2016-02-21T00:41:01.883000;2016-02-21T00:41:02.000000;e26024e5-7366-4faf-91f9-0eaef93b0913;439.24;0.01;SELL
2016-02-21T00:41:01.883000;2016-02-21T00:41:02.000000;8788b30b-ae1a-483b-94b7-36aaabf43e52;439.23;0.00314;SELL
2016-02-21T00:41:01.883000;2016-02-21T00:41:02.000000;9fb737bd-75fc-44c3-9374-997ebc5ef149;439.23;0.01;SELL
2016-02-21T00:41:01.883000;2016-02-21T00:41:02.000000;c35b8544-4995-412b-a5d0-49f80a6095df;439.22;0.01;SELL
2016-02-21T00:41:01.883000;2016-02-21T00:41:02.000000;571fb2bc-ed0a-4e2e-8e3f-0d0c187b788b;439.21;0.011;SELL
2016-02-21T00:41:01.883000;2016-02-21T00:41:02.000000;62334f71-7433-4829-bcfd-43a15c119b7b;439.21;0.118;SELL
2016-02-21T00:41:01.883000;2016-02-21T00:41:02.000000;1ca728d3-dfda-4859-8846-4562100c5837;439.2;0.01;SELL
2016-02-21T00:41:01.883000;2016-02-21T00:41:02.000000;c0e45e01-f7e4-4775-8fbc-2fa4e1256a31;439.2;0.01;SELL
2016-02-21T00:41:01.883000;2016-02-21T00:41:02.033000;7b386a4d-7b8a-4663-b1c9-0066c023825e;439.19;0.011;SELL
2016-02-21T00:41:01.883000;2016-02-21T00:41:02.033000;145b0912-9225-4dab-9b2a-cc561c3f9c4b;439.18;0.01;SELL
2016-02-21T00:41:01.883000;2016-02-21T00:41:02.033000;c9f4aae7-b185-4358-a749-6eafd6a14f1b;439.17;0.01;SELL
2016-02-21T00:41:01.883000;2016-02-21T00:41:02.033000;0ecdc20d-3a41-4953-a392-83dc23986133;439.16;0.115;SELL
2016-02-21T00:41:01.883000;2016-02-21T00:41:02.033000;26d8f5c5-cdc2-4941-812e-ba4238d66ea4;439.15;0.011;SELL
2016-02-21T00:41:01.883000;2016-02-21T00:41:02.033000;e7e773c8-f9c2-4234-8242-de7177408261;439.15;0.01276573;SELL
2016-02-21T00:41:01.883000;2016-02-21T00:41:02.033000;342dc2f7-cede-4614-8ccd-73b7e6c97793;439.13;0.01;SELL
2016-02-21T00:41:01.883000;2016-02-21T00:41:02.033000;89d86215-bfc7-48d6-a755-57b6b7436037;439.11;0.102;SELL
2016-02-21T00:41:01.883000;2016-02-21T00:41:02.047000;69c1215a-791e-4efc-b443-cf60e621daa7;439.1;0.01;SELL
2016-02-21T00:41:01.887000;2016-02-21T00:41:02.047000;df54de55-3537-4c89-8c49-83acf84ca2e1;439.06;0.103;SELL
2016-02-21T00:41:01.887000;2016-02-21T00:41:02.047000;031990ec-e7ab-42c9-ac0c-b1fcec5b1693;439.05;0.011;SELL
2016-02-21T00:41:01.887000;2016-02-21T00:41:02.047000;22b4999c-fd98-49ca-988d-f39ac8506d98;439.02;0.01;SELL
2016-02-21T00:41:01.887000;2016-02-21T00:41:02.047000;5bc0eeb9-96d4-4b98-bac0-fff656e72b5a;439.02;0.01;SELL
2016-02-21T00:41:01.887000;2016-02-21T00:41:02.063000;7c66e3eb-e4ed-4373-9f0c-951bb43c6a1c;439.01;0.079;SELL
2016-02-21T00:41:01.887000;2016-02-21T00:41:02.063000;92929506-fc30-4d0f-bcc7-a2a9eed1658b;439.0;0.01;SELL
2016-02-21T00:41:01.887000;2016-02-21T00:41:02.063000;b255c44f-5fee-4536-93ef-c24947d43abe;438.99;0.01;SELL
2016-02-21T00:41:01.887000;2016-02-21T00:41:02.080000;d2ddc70c-dc0f-4763-aaa0-d25a6da14daa;438.99;0.47;SELL
2016-02-21T00:41:01.887000;2016-02-21T00:41:02.080000;8095b0d9-407d-4178-b817-9ac6100405ae;438.98;0.011;SELL
2016-02-21T00:41:01.887000;2016-02-21T00:41:02.080000;e0ab3147-ec4b-44b4-8517-504c697c06dc;438.97;0.01;SELL
2016-02-21T00:41:01.887000;2016-02-21T00:41:02.080000;8fbb35b5-c009-453d-8c70-2f334cc5a3d6;438.96;0.011;SELL
2016-02-21T00:41:01.887000;2016-02-21T00:41:02.080000;98bcb3f4-778b-49bf-a8c4-931c322357e3;438.96;0.077;SELL
2016-02-21T00:41:01.887000;2016-02-21T00:41:02.080000;b4236988-5ac8-476c-acb4-2c11ceb96b6a;438.95;0.011;SELL
2016-02-21T00:41:01.887000;2016-02-21T00:41:02.080000;571919be-84e2-4590-acf4-84205303da3d;438.95;0.01;SELL
2016-02-21T00:41:01.887000;2016-02-21T00:41:02.080000;490c9ce8-0b6f-4597-ad8b-30110387cde7;438.94;0.01;SELL
2016-02-21T00:41:01.887000;2016-02-21T00:41:02.080000;69c84d20-7d09-48e5-a416-91f60d379e0f;438.93;0.00117;SELL
2016-02-21T00:41:01.887000;2016-02-21T00:41:02.093000;b2975930-766f-4baa-8982-0736a20b3764;438.92;0.011;SELL
2016-02-21T00:41:01.887000;2016-02-21T00:41:02.093000;ee916d30-2b4c-47e5-8cfd-63f78c72df90;438.91;0.011;SELL
2016-02-21T00:41:01.887000;2016-02-21T00:41:02.093000;0e73e72f-97fb-48e1-91b0-a83107b9b596;438.9;0.011;SELL
2016-02-21T00:41:01.887000;2016-02-21T00:41:02.093000;7749cd6a-1409-432a-9981-b46285c6e892;438.9;0.01;SELL
2016-02-21T00:41:01.890000;2016-02-21T00:41:02.110000;60e807d8-b72b-4cde-bd6d-9020435e5bf2;438.89;0.011;SELL
2016-02-21T00:41:01.890000;2016-02-21T00:41:02.110000;f2e5bb1a-8bfd-446b-845b-a4656ff0e4e6;438.88;0.011;SELL
2016-02-21T00:41:01.890000;2016-02-21T00:41:02.110000;921b1e5c-2b82-482f-bf28-828e2fb6946f;438.88;0.01;SELL
2016-02-21T00:41:01.890000;2016-02-21T00:41:02.110000;9858e1e0-53d0-43cb-b560-96d44ef2c246;438.87;0.011;SELL
2016-02-21T00:41:01.890000;2016-02-21T00:41:02.110000;cc7582d1-dc88-42d8-9811-8751ed095b48;438.86;0.011;SELL
2016-02-21T00:41:01.890000;2016-02-21T00:41:02.110000;d5081f0e-6bce-4649-a595-5850f879941c;438.84;0.011;SELL
2016-02-21T00:41:01.890000;2016-02-21T00:41:02.140000;69c7fbe4-8078-4cff-b48d-67f94df6e855;438.82;0.01;SELL
2016-02-21T00:41:01.890000;2016-02-21T00:41:02.140000;ca2d7ab7-a839-4ddd-a968-796fec24ddb6;438.71;1.0;SELL
2016-02-21T00:41:01.890000;2016-02-21T00:41:02.140000;06b4116a-e3fb-4519-b427-d23b4eab2730;438.7;1.54180427;SELL
2016-02-21T00:41:07.210000;2016-02-21T00:41:07.250000;73e14579-297f-4371-b9b7-c9fc65903e9a;439.03;0.287353;BUY
2016-02-21T00:41:07.213000;2016-02-21T00:41:07.267000;85d9eb0a-4cc7-4467-94d8-9d3e5103e0d0;439.03;0.13507679;BUY
2016-02-21T00:41:07.230000;2016-02-21T00:41:07.283000;bbb8e27a-de3f-4d85-89ec-43f1320a0930;439.03;0.1903;BUY
2016-02-21T00:41:31.697000;2016-02-21T00:41:31.750000;5a1eea61-25d9-497e-9eee-aa259c91cb6d;438.69;0.25;BUY
2016-02-21T00:41:31.697000;2016-02-21T00:41:31.750000;3ff8c539-c7aa-4327-8b6f-89830948abf7;438.84;0.6;BUY
2016-02-21T00:41:31.697000;2016-02-21T00:41:31.750000;946c0887-2a8f-4f40-bc08-570826bf6e67;438.85;0.236;BUY
2016-02-21T00:41:31.697000;2016-02-21T00:41:31.750000;9cc58ba8-6a67-424d-8cda-10a2472fc547;438.88;3.0;BUY
2016-02-21T00:41:31.697000;2016-02-21T00:41:31.750000;279f583a-c542-4d33-b877-26a01420224b;438.89;0.05;BUY
2016-02-21T00:41:31.697000;2016-02-21T00:41:31.750000;2e929736-d505-4a50-a66f-d9e6b2f0b3b4;438.9;2.0;BUY
2016-02-21T00:41:31.697000;2016-02-21T00:41:31.767000;fb5568ff-8de9-4c12-b776-64d7a70f2d79;438.91;0.01;BUY
2016-02-21T00:41:31.697000;2016-02-21T00:41:31.767000;246a2bca-c840-4031-a338-f86b933ce812;438.93;3.2;BUY
2016-02-21T00:41:31.697000;2016-02-21T00:41:31.767000;25ccc82e-cb30-464f-8ab9-e75c952ddba5;438.94;0.772;BUY
2016-02-21T00:41:31.697000;2016-02-21T00:41:31.797000;6ee08ccb-9cf7-4016-b803-6367d61aaca1;438.98;1.16009;BUY
2016-02-21T00:42:05.177000;2016-02-21T00:42:05.233000;93ae20b0-3bc9-4004-9dfe-3cff6d7dde2a;438.82;0.67746;BUY
2016-02-21T00:42:20.450000;2016-02-21T00:42:20.483000;727965d4-c714-4351-ae04-b8c061944f77;438.78;0.25;BUY
2016-02-21T00:42:20.450000;2016-02-21T00:42:20.500000;6a8c8d8c-fbab-4424-a3c4-d8eed00de6d7;438.81;0.011;BUY
2016-02-21T00:42:20.720000;2016-02-21T00:42:20.783000;d495fa10-9fcf-4d06-9c20-734ccde37205;438.85;0.094;BUY
2016-02-21T00:42:20.720000;2016-02-21T00:42:20.783000;576b5913-4b89-428c-8354-1e97b8ff3531;438.89;0.01;BUY
2016-02-21T00:42:20.720000;2016-02-21T00:42:20.783000;ce024ffe-bba9-47ce-b713-0837a37efa54;438.9;0.13;BUY
2016-02-21T00:42:20.813000;2016-02-21T00:42:20.877000;590d2e95-163d-4174-9425-4ca1d00a7b64;438.91;0.089;SELL
2016-02-21T00:42:21.793000;2016-02-21T00:42:21.843000;5baa9eaa-7970-4cf5-88ee-0bca748a3ae0;438.96;0.011;BUY
2016-02-21T00:42:21.793000;2016-02-21T00:42:21.843000;3601f653-2afb-4ef6-95bf-a7ca72826e24;439.0;0.25;BUY
2016-02-21T00:42:22.077000;2016-02-21T00:42:22.127000;04f3e90e-8b1f-4250-8ee6-7eae97bb23d2;439.01;0.05;BUY
2016-02-21T00:42:22.077000;2016-02-21T00:42:22.127000;4f6aace1-ee39-43ca-9ad5-c63134e86e03;439.01;0.35369709;BUY
2016-02-21T00:42:23.077000;2016-02-21T00:42:23.110000;a26165cd-92b3-4445-b4a7-52d6ccdaadc2;439.02;0.40369709;BUY
2016-02-21T00:42:31.687000;2016-02-21T00:42:31.733000;37d346dd-b606-4ecb-b00d-30e5a9fa6daf;439.05;0.19008;BUY
2016-02-21T00:43:01.710000;2016-02-21T00:43:01.750000;0d95adbd-3dc6-43c6-9f07-553d51929979;439.05;0.05992;BUY
2016-02-21T00:43:01.713000;2016-02-21T00:43:01.767000;e9e110bc-e289-4d26-a90b-727c646def2e;439.05;0.119;BUY
2016-02-21T00:43:01.713000;2016-02-21T00:43:01.767000;5a93bbe0-427f-4781-83f3-553eb243887f;439.06;0.0021;BUY
2016-02-21T00:43:22.867000;2016-02-21T00:43:22.907000;239b25ac-6eb9-441f-9020-c9125b2d290b;439.05;0.48;SELL
2016-02-21T00:43:22.867000;2016-02-21T00:43:22.923000;004d23c7-c37c-4191-8511-bf22d54a0629;439.04;0.01;SELL
2016-02-21T00:43:22.867000;2016-02-21T00:43:22.923000;e0559fdf-ded5-4c75-ac18-663b63d11d92;439.03;0.01;SELL
2016-02-21T00:43:22.867000;2016-02-21T00:43:22.923000;2aa8d962-30e6-46fd-b1a5-7b53157f1fb5;439.0;0.14269709;SELL
2016-02-21T00:43:22.867000;2016-02-21T00:43:22.923000;f154f290-86a4-47c9-8620-a28055af6d64;438.92;0.121;SELL
2016-02-21T00:43:22.867000;2016-02-21T00:43:22.923000;4610be83-996e-41fd-b5b1-259d487bff4e;438.92;0.05;SELL
2016-02-21T00:43:22.867000;2016-02-21T00:43:22.937000;de5674ad-d1fa-4a61-a9a0-ace6f6e45ce8;438.91;0.08069709;SELL
2016-02-21T00:43:22.867000;2016-02-21T00:43:22.937000;52e9bb2f-025e-4a97-b228-c0fa1f5f9c11;438.87;0.138;SELL
2016-02-21T00:43:22.867000;2016-02-21T00:43:22.937000;c0d020cc-8db3-48ce-8b58-7906e971bc81;438.82;0.14269709;SELL
2016-02-21T00:43:22.867000;2016-02-21T00:43:22.937000;dbd133f9-d77d-4b50-8dc2-82349c5ba287;438.82;0.104;SELL
2016-02-21T00:43:22.867000;2016-02-21T00:43:22.937000;90f83bc2-f9ca-4a02-b3ae-9746797ccf7f;438.8;0.01;SELL
2016-02-21T00:43:22.867000;2016-02-21T00:43:22.953000;5ecb0e1d-e1c4-4d34-922d-3bfb94876731;438.77;0.102;SELL
2016-02-21T00:43:22.867000;2016-02-21T00:43:22.953000;1d80a3ed-dc99-4136-b9fb-1f4dc59d2fb2;438.76;0.01;SELL
2016-02-21T00:43:22.867000;2016-02-21T00:43:22.953000;c1d8bc05-87aa-4085-837b-d03a80239109;438.73;0.40369709;SELL
2016-02-21T00:43:22.867000;2016-02-21T00:43:22.953000;73dddc05-81d2-40de-adc0-d5bd44110e4a;438.72;0.097;SELL
2016-02-21T00:43:22.867000;2016-02-21T00:43:22.953000;8aa64565-0c71-4df5-ae84-7341aaffb0c0;438.71;0.01;SELL
2016-02-21T00:43:22.867000;2016-02-21T00:43:22.970000;0f1bda0b-90aa-4a8e-955b-3afa90e1e2b6;438.7;0.01;SELL
2016-02-21T00:43:22.867000;2016-02-21T00:43:22.970000;f0055a0d-d09c-4b9f-af22-80cdf9e04e16;438.69;0.01;SELL
2016-02-21T00:43:22.870000;2016-02-21T00:43:22.970000;4382a6d2-6bab-432e-acb7-d121bb203cb9;438.69;0.01;SELL
2016-02-21T00:43:22.870000;2016-02-21T00:43:23.017000;53b4ba91-3e98-4d64-b0e8-463390c54bb2;438.68;0.01;SELL
2016-02-21T00:43:22.870000;2016-02-21T00:43:23.017000;fb55fa97-5a49-456b-ab19-7feb3c1ccfe5;438.67;0.01;SELL
2016-02-21T00:43:22.870000;2016-02-21T00:43:23.017000;1f3a427b-cb57-4cf3-8139-0ea3115dfb37;438.67;0.091;SELL
2016-02-21T00:43:22.870000;2016-02-21T00:43:23.017000;abfe766b-efb6-473d-a48b-c831297090a8;438.66;0.01;SELL
2016-02-21T00:43:22.870000;2016-02-21T00:43:23.017000;af4b075b-6520-4e91-a026-948f683fb983;438.64;0.40369709;SELL
2016-02-21T00:43:22.870000;2016-02-21T00:43:23.017000;5342df95-d82c-4cd9-b693-1b1b28eaeb28;438.62;0.149;SELL
2016-02-21T00:43:22.870000;2016-02-21T00:43:23.017000;34bc4f8e-ee7e-4775-824d-e735e366943d;438.6;0.01;SELL
2016-02-21T00:43:22.870000;2016-02-21T00:43:23.017000;bc8724f8-3da5-481a-8766-78f004fe6e8a;438.6;0.47;SELL
2016-02-21T00:43:22.870000;2016-02-21T00:43:23.017000;aba43cc8-da0d-4b91-9735-8191688b7521;438.58;0.00451455;SELL
2016-02-21T00:43:31.383000;2016-02-21T00:43:31.423000;87bb7dcb-a0e7-41e1-9c28-14ebb214d013;438.82;4.67;SELL
2016-02-21T00:43:31.383000;2016-02-21T00:43:31.437000;eaddb66a-49b3-4216-bf0b-4316b1d018e6;438.81;0.119;SELL
2016-02-21T00:43:31.383000;2016-02-21T00:43:31.437000;c31c9dde-de00-4941-8790-0e05c50ecdb5;438.8;0.011;SELL
2016-02-21T00:43:31.383000;2016-02-21T00:43:31.437000;ee211b99-f224-435d-95a1-c73d5e4bc438;438.8;0.01;SELL
2016-02-21T00:43:31.383000;2016-02-21T00:43:31.437000;aa10031c-6a0e-44f8-8813-9fe9a474cc61;438.78;0.011;SELL
2016-02-21T00:43:31.383000;2016-02-21T00:43:31.437000;88dba069-45bd-4118-ba84-5dfa48b45540;438.6;0.01;SELL
2016-02-21T00:43:31.383000;2016-02-21T00:43:31.453000;280ff175-8eca-4300-a960-7edab15766b1;438.58;0.01910545;SELL
2016-02-21T00:43:31.383000;2016-02-21T00:43:31.453000;891207f2-08d6-4ea7-901b-5ea53ffcec50;438.57;0.145;SELL
2016-02-21T00:43:31.383000;2016-02-21T00:43:31.453000;38c7b66c-97e2-422e-ae46-e8623a1a04c4;438.55;0.011;SELL
2016-02-21T00:43:31.383000;2016-02-21T00:43:31.453000;2bacbcba-80f3-4552-ab2c-06a1b9055acf;438.55;0.40369709;SELL
2016-02-21T00:43:31.383000;2016-02-21T00:43:31.453000;f20e44b0-7fc7-471a-a6d3-24e4cd2a0fad;438.54;0.01;SELL
2016-02-21T00:43:31.383000;2016-02-21T00:43:31.470000;4f0bee7d-0639-4444-9978-849d9d367bbd;438.53;0.01265594;SELL
2016-02-21T00:43:31.383000;2016-02-21T00:43:31.470000;d7c2418d-8a32-4e80-9e7b-34b36ee3b6ef;438.52;0.116;SELL
2016-02-21T00:43:31.383000;2016-02-21T00:43:31.470000;c4f630fe-f2f5-4c0b-8083-569c6de06a77;438.5;0.117;SELL
2016-02-21T00:43:31.383000;2016-02-21T00:43:31.470000;db07eb1f-f794-4690-b7b8-964fba0691a7;438.48;0.6;SELL
2016-02-21T00:43:31.383000;2016-02-21T00:43:31.470000;5e13622d-73e8-47a8-acc2-62b70d433a7b;438.47;0.131;SELL
2016-02-21T00:43:31.383000;2016-02-21T00:43:31.500000;1be149dd-3116-4741-bdc8-dd300fd5e48a;438.47;1.0;SELL
2016-02-21T00:43:31.383000;2016-02-21T00:43:31.500000;59abfb38-96e9-463e-9a9a-aacb2271897f;438.46;0.40369709;SELL
2016-02-21T00:43:31.383000;2016-02-21T00:43:31.500000;67b5a32d-7dfe-4934-9bca-7622dec9da98;438.43;2.4;SELL
2016-02-21T00:43:31.383000;2016-02-21T00:43:31.500000;43226c24-d019-414d-9f26-6201993f304a;438.42;0.141;SELL
2016-02-21T00:43:31.387000;2016-02-21T00:43:31.500000;26c999a6-a549-4229-a143-b4720cf8eedd;438.38;3.2;SELL
2016-02-21T00:43:31.387000;2016-02-21T00:43:31.500000;3c830b25-7993-4f0b-b271-d24009e87f23;438.37;0.40369709;SELL
2016-02-21T00:43:31.387000;2016-02-21T00:43:31.517000;abff8ad1-dbae-48fc-b7e9-89c9733e6632;438.37;0.116;SELL
2016-02-21T00:43:31.387000;2016-02-21T00:43:31.517000;0dc01dde-e847-40d1-b9f2-25b49952380c;438.33;3.6;SELL
2016-02-21T00:43:31.387000;2016-02-21T00:43:31.517000;3903697e-f47a-4898-96be-1e808a3faa22;438.32;0.92;SELL
2016-02-21T00:43:31.387000;2016-02-21T00:43:31.517000;950635de-dfc3-4161-b36a-55aee2bb1d97;438.32;0.127;SELL
2016-02-21T00:43:31.387000;2016-02-21T00:43:31.517000;8f4b3dd4-da81-4e5e-9f34-5777ef9795e9;438.32;3.0;SELL
2016-02-21T00:43:31.387000;2016-02-21T00:43:31.517000;37392f6e-7ee1-4f3b-a2a2-a716980769e9;438.31;0.01;SELL
2016-02-21T00:43:31.387000;2016-02-21T00:43:31.533000;67ad02a3-1481-4664-9cd8-77df9b51f770;438.31;0.01;SELL
2016-02-21T00:43:31.387000;2016-02-21T00:43:31.533000;1312a74c-ee56-4fc9-bc7a-5634b1b77370;438.29;0.27214734;SELL
2016-02-21T00:43:31.983000;2016-02-21T00:43:32.033000;a3eec479-9be3-4bfd-a57a-84e2b641d424;438.94;0.1;BUY
2016-02-21T00:43:31.983000;2016-02-21T00:43:32.033000;7c282b50-0879-4f88-b7a3-1d6bb768d5a8;438.95;0.01;BUY
2016-02-21T00:43:31.983000;2016-02-21T00:43:32.033000;d1898a7c-551c-4874-92c6-fdce22e81ec0;438.95;0.098;BUY
2016-02-21T00:43:31.983000;2016-02-21T00:43:32.047000;18b216db-3d52-484d-a2fe-42fbeeef8418;438.96;0.01;BUY
2016-02-21T00:43:31.983000;2016-02-21T00:43:32.047000;7cfb1880-a669-45af-8276-c74519e44792;438.96;0.09;BUY
2016-02-21T00:43:31.983000;2016-02-21T00:43:32.047000;b0ee9dac-af35-4632-aeb1-9190484ae9bd;438.97;0.099;BUY
2016-02-21T00:43:31.983000;2016-02-21T00:43:32.047000;75543445-2300-4fb7-8271-cdad669ede49;438.99;0.04456;BUY
2016-02-21T00:44:01.893000;2016-02-21T00:44:01.937000;ebffb18e-732b-45a1-b130-490005e68797;438.36;0.01;SELL
2016-02-21T00:44:01.893000;2016-02-21T00:44:01.937000;eff27b9b-1e5e-4253-b13d-ebf8b6a1bc46;438.36;0.121;SELL
2016-02-21T00:44:01.893000;2016-02-21T00:44:01.937000;5e54536f-2017-4bd2-939c-4127c523bc8a;438.35;0.01;SELL
2016-02-21T00:44:01.893000;2016-02-21T00:44:01.937000;fc054ed3-9d21-4468-a278-eeabad449079;438.34;0.01;SELL
2016-02-21T00:44:01.893000;2016-02-21T00:44:01.937000;4389d532-0db5-43de-9ef0-7bd3b46df691;438.34;0.01;SELL
2016-02-21T00:44:01.893000;2016-02-21T00:44:01.937000;3146e87d-f320-4259-bb30-85e92ea78fda;438.31;0.114;SELL
2016-02-21T00:44:01.893000;2016-02-21T00:44:01.953000;8cb05ec7-1148-4383-ad70-dfc1c7f3bf0b;438.29;0.36773;SELL
2016-02-21T00:44:31.800000;2016-02-21T00:44:31.843000;9a9947e8-714a-4e1b-8c9b-97de19be9288;438.36;0.25;BUY
2016-02-21T00:44:31.800000;2016-02-21T00:44:31.843000;730b7e19-10a2-4082-8a66-1c332489854c;438.38;0.02;BUY
2016-02-21T00:44:31.800000;2016-02-21T00:44:31.843000;b7e63f12-1a95-49b4-a54e-5f0768776ebb;438.5;0.2;BUY
2016-02-21T00:44:31.800000;2016-02-21T00:44:31.877000;34e1d661-26b3-4c0f-b645-6ac05ac0b439;438.51;0.44;BUY
2016-02-21T00:44:31.800000;2016-02-21T00:44:31.877000;951a3323-36e7-44c6-b9e4-79349c9bd737;438.52;0.01;BUY
2016-02-21T00:44:31.800000;2016-02-21T00:44:31.877000;a816e3e1-1f74-48d0-bdd2-b276bca9d7c1;438.54;0.093;BUY
2016-02-21T00:44:31.800000;2016-02-21T00:44:31.877000;278f1650-6a63-4668-be15-0784942a3fd2;438.58;0.2;BUY
2016-02-21T00:44:31.800000;2016-02-21T00:44:31.877000;688aa735-688d-4130-b6b9-b595ab72156f;438.59;0.11727;BUY
2016-02-21T00:45:32.000000;2016-02-21T00:45:32.033000;f0cde29d-d4ef-4e3c-af61-42d1def0bbf5;438.55;0.01;BUY
2016-02-21T00:45:32.000000;2016-02-21T00:45:32.047000;18fdc774-130d-4f81-a1e4-cb34302a87d4;438.56;0.011;BUY
2016-02-21T00:45:32.000000;2016-02-21T00:45:32.047000;e98c11d8-7c51-44c0-bdd2-faa8d39138b8;438.58;0.011;BUY
2016-02-21T00:45:32.000000;2016-02-21T00:45:32.047000;ec244755-ff62-49ed-9744-59afe8ae348d;438.6;0.011;BUY
2016-02-21T00:45:32.000000;2016-02-21T00:45:32.047000;347ced10-1901-4d55-8be2-12e68e990dcd;438.66;0.01;BUY
2016-02-21T00:45:32.000000;2016-02-21T00:45:32.047000;1d990b4e-80b0-4f8b-a209-bc1fbce90d88;438.67;0.11;BUY
2016-02-21T00:45:32.000000;2016-02-21T00:45:32.080000;4e7e6dba-654e-48cb-92e8-f3b09a604f5f;438.78;0.112;BUY
2016-02-21T00:45:32.000000;2016-02-21T00:45:32.080000;933e5ad1-ab76-4ff9-ac76-519bb5dfa47d;438.78;0.05;BUY
2016-02-21T00:45:32.000000;2016-02-21T00:45:32.080000;91d74e0b-3166-4bf0-8a64-b25a3575ebc4;438.83;0.112;BUY
2016-02-21T00:45:32.000000;2016-02-21T00:45:32.080000;c5dceb12-593c-4b95-818a-f0155bc34dbf;438.84;0.01;BUY
2016-02-21T00:45:32.003000;2016-02-21T00:45:32.080000;cf17e299-a437-4553-b2a1-8db19b6beb8f;438.88;0.109;BUY
2016-02-21T00:45:32.003000;2016-02-21T00:45:32.080000;1a23aae2-c445-4580-a1bb-3a81192da3be;438.92;0.2;BUY
2016-02-21T00:45:32.003000;2016-02-21T00:45:32.080000;a128a2cd-a6dd-483e-b9e0-553c0540327f;438.93;0.111;BUY
2016-02-21T00:45:32.003000;2016-02-21T00:45:32.093000;6bf897a6-8dbe-4f62-b4bf-28361e9bd9db;438.98;0.6;BUY
2016-02-21T00:45:32.003000;2016-02-21T00:45:32.093000;b824c621-4f68-4219-8719-d6c8770a0b69;438.99;0.129;BUY
2016-02-21T00:45:32.003000;2016-02-21T00:45:32.093000;09a5dda3-7c39-45c3-9105-28a966fa394c;439.01;0.0149826;BUY
2016-02-21T00:45:32.003000;2016-02-21T00:45:32.093000;253bcbc3-515b-4519-8dff-f1e5ed511736;439.02;1.4;BUY
2016-02-21T00:45:32.003000;2016-02-21T00:45:32.093000;53431a2f-c79e-4e09-adeb-ceee96b5a9a3;439.03;0.011;BUY
2016-02-21T00:45:32.003000;2016-02-21T00:45:32.093000;d47f4afd-01ff-409f-be83-b1afbbc75f4e;439.03;0.6150074;BUY
2016-02-21T00:46:03.940000;2016-02-21T00:46:03.987000;4cd61a24-c38e-4cca-bc85-d348ee9a4534;438.62;0.011;BUY
2016-02-21T00:46:03.940000;2016-02-21T00:46:03.987000;8e4e04f2-b36a-4ffa-9441-94516d3b87ae;438.64;0.011;BUY
2016-02-21T00:46:03.940000;2016-02-21T00:46:04.000000;3fb78c66-3c39-4420-aa4c-42672fed501c;438.66;0.011;BUY
2016-02-21T00:46:03.940000;2016-02-21T00:46:04.000000;ad2214d4-c04c-4739-9809-d04ceee40e2d;438.68;0.124;BUY
2016-02-21T00:46:03.940000;2016-02-21T00:46:04.000000;a62579f7-b356-4f5f-93c9-0196f2122142;438.69;0.02985;BUY
2016-02-21T00:46:32.013000;2016-02-21T00:46:32.047000;7282f630-e9b4-4e78-a8d4-31d421049336;438.64;0.01;SELL
2016-02-21T00:46:32.013000;2016-02-21T00:46:32.080000;45853203-f5c1-418d-a06f-c6b17c158916;438.64;0.32;SELL
2016-02-21T00:46:32.013000;2016-02-21T00:46:32.080000;81095fd5-9d12-4e1b-a45e-4cadf6f0a620;438.64;0.16105328;SELL
2016-02-21T00:46:32.013000;2016-02-21T00:46:32.080000;a39ea785-7630-4cd2-943a-f5f7ef682ad4;438.63;0.099;SELL
2016-02-21T00:46:32.013000;2016-02-21T00:46:32.080000;57923b2b-7895-4bae-899b-dda46111a39a;438.61;0.01;SELL
2016-02-21T00:46:32.013000;2016-02-21T00:46:32.080000;cf74f660-00c2-4f58-a0b4-1e78c37b3173;438.58;0.146;SELL
2016-02-21T00:46:32.017000;2016-02-21T00:46:32.080000;acc25576-a53f-4eaf-b7f1-154b370cb2a3;438.53;0.11;SELL
2016-02-21T00:46:32.017000;2016-02-21T00:46:32.093000;787f4fbf-28bd-49c1-9664-cd06dae07775;438.53;0.05;SELL
2016-02-21T00:46:32.017000;2016-02-21T00:46:32.093000;a01d8b40-057d-46e5-8eb3-4f90c3e0acb6;438.51;0.011;SELL
2016-02-21T00:46:32.017000;2016-02-21T00:46:32.093000;00dde150-5bac-4351-8a55-f801f7adea94;438.5;0.011;SELL
2016-02-21T00:46:32.017000;2016-02-21T00:46:32.093000;269ef231-9bc5-4eda-a605-2b2206f0cac2;438.49;0.011;SELL
2016-02-21T00:46:32.017000;2016-02-21T00:46:32.110000;dd7788af-89d8-40a3-aa18-79f950e49b51;438.48;0.01;SELL
2016-02-21T00:46:32.017000;2016-02-21T00:46:32.110000;a1eaefee-7a49-4adb-b570-61bd2cd69410;438.48;0.154;SELL
2016-02-21T00:46:32.017000;2016-02-21T00:46:32.110000;a3b10757-63c1-4bef-a5b7-d80bbb1fd164;438.47;0.01;SELL
2016-02-21T00:46:32.017000;2016-02-21T00:46:32.110000;fc071251-da36-442d-b593-504aa21afecd;438.47;0.01;SELL
2016-02-21T00:46:32.017000;2016-02-21T00:46:32.127000;1b026ecc-2544-4912-aeaf-96fb94f6fec3;438.47;0.011;SELL
2016-02-21T00:46:32.017000;2016-02-21T00:46:32.127000;b7d69307-63c9-484c-9900-2dbdd1dd22ea;438.46;0.01;SELL
2016-02-21T00:46:32.017000;2016-02-21T00:46:32.140000;3a270d6f-6078-4d2e-a831-b258900d88e2;438.46;0.05;SELL
2016-02-21T00:46:32.017000;2016-02-21T00:46:32.140000;39c7fc16-3d82-4eff-9ce1-e170774fdbf4;438.46;0.2;SELL
2016-02-21T00:46:32.017000;2016-02-21T00:46:32.140000;118d64e1-5b41-412f-86fd-39dab0c78128;438.45;0.01;SELL
2016-02-21T00:46:32.017000;2016-02-21T00:46:32.140000;ce4b61bf-2b9c-43ef-b050-1f856d07b8ff;438.44;0.8;SELL
2016-02-21T00:46:32.017000;2016-02-21T00:46:32.140000;941b2ee0-3e2f-45c9-8230-1856de1714c6;438.43;0.01301672;SELL
2016-02-21T00:47:02.917000;2016-02-21T00:47:02.970000;933e7b2c-98c7-43f5-9794-37080f78c246;438.62;0.03;BUY
2016-02-21T00:47:02.917000;2016-02-21T00:47:02.970000;49b0c548-678b-4679-97c9-e055441ae472;438.62;0.123;BUY
2016-02-21T00:47:02.917000;2016-02-21T00:47:02.970000;bc634132-2451-4dfa-894d-5046ce9b1eae;438.62;0.11883;BUY
2016-02-21T00:47:03.593000;2016-02-21T00:47:03.640000;faae0eb4-33f8-4810-9f78-346b587a4df3;438.47;0.01;SELL
2016-02-21T00:47:03.597000;2016-02-21T00:47:03.640000;26427f74-b28b-4d61-ba29-b86d21fb5336;438.46;0.011;SELL
2016-02-21T00:47:03.597000;2016-02-21T00:47:03.640000;8c528be5-9162-4e97-ba83-89e1b5bd928c;438.45;0.011;SELL
2016-02-21T00:47:03.597000;2016-02-21T00:47:03.640000;4721c805-202a-4392-af14-ab0b39a6941a;438.44;0.011;SELL
2016-02-21T00:47:03.597000;2016-02-21T00:47:03.640000;c026f4fa-844e-4ddd-b296-841521e622b0;438.44;0.01;SELL
2016-02-21T00:47:03.597000;2016-02-21T00:47:03.640000;3c70d916-ca8a-40d2-a96d-17496441b514;438.41;0.2;SELL
2016-02-21T00:47:03.597000;2016-02-21T00:47:03.657000;246dcf50-8572-485e-b9c1-c87030ec666a;438.41;0.05;SELL
2016-02-21T00:47:03.597000;2016-02-21T00:47:03.657000;91b7c6c1-8cc9-4932-b0de-8c90bb8e37c5;438.4;0.01;SELL
2016-02-21T00:47:03.597000;2016-02-21T00:47:03.657000;de715ae6-1992-4317-a049-03cd4fd9796b;438.4;0.6863;SELL
2016-02-21T00:47:03.597000;2016-02-21T00:47:03.657000;198e39bb-2833-4a35-a0e2-3250caef1c65;438.38;0.31;SELL
2016-02-21T00:47:03.597000;2016-02-21T00:47:03.657000;22425d0b-c7c2-42f2-a593-b5c7bc831053;438.37;0.01;SELL
2016-02-21T00:47:03.597000;2016-02-21T00:47:03.673000;4dbd3b0c-83c8-4128-9609-3ad5fdf76aa3;438.37;0.3;SELL
2016-02-21T00:47:03.597000;2016-02-21T00:47:03.673000;236c88d0-ae22-423d-a8dc-375f2b2d378f;438.34;0.01;SELL
2016-02-21T00:47:03.597000;2016-02-21T00:47:03.673000;a40f4027-b1d9-4a71-adbe-3352e284f954;438.3;0.01;SELL
2016-02-21T00:47:03.597000;2016-02-21T00:47:03.687000;86bafc03-e5d7-42fa-b423-2f302d6d2191;438.29;0.01;SELL
2016-02-21T00:47:03.597000;2016-02-21T00:47:03.703000;dbddce5d-a2b9-41ea-ac15-b08a7909104a;438.29;0.118;SELL
2016-02-21T00:47:03.597000;2016-02-21T00:47:03.703000;5808448c-7150-4b5c-9317-de619564ac39;438.28;0.011;SELL
2016-02-21T00:47:03.597000;2016-02-21T00:47:03.703000;465d5644-f715-482e-929c-55ab8cfcd9a3;438.27;0.4;SELL
2016-02-21T00:47:03.597000;2016-02-21T00:47:03.703000;b3ffaf9e-286f-4088-9fa1-767f73d372bc;438.26;0.011;SELL
2016-02-21T00:47:03.597000;2016-02-21T00:47:03.703000;1d7f65b2-c15a-4385-ab3a-4de78dccf72c;438.26;0.8107;SELL
2016-02-21T00:47:34.653000;2016-02-21T00:47:34.687000;a7f56898-f8ac-44ce-b595-66d1009c6b69;438.45;0.01;SELL
2016-02-21T00:47:34.653000;2016-02-21T00:47:34.687000;464f787a-a674-40ae-b21a-82c648a6ef2f;438.45;0.075;SELL
2016-02-21T00:47:34.653000;2016-02-21T00:47:34.687000;472f3efa-8aaa-4524-83af-8ca0a777afd6;438.44;0.01;SELL
2016-02-21T00:47:34.653000;2016-02-21T00:47:34.687000;e143abd9-b55a-4d14-a808-89b3e6d0d60f;438.42;0.22363;SELL
2016-02-21T00:48:32.573000;2016-02-21T00:48:32.593000;b0061239-fd82-4c90-b64c-20af88cfb357;438.44;0.01;SELL
2016-02-21T00:48:32.573000;2016-02-21T00:48:32.610000;6b245b48-a6bb-49c1-9821-4ff32addb998;438.44;0.08612;SELL
2016-02-21T00:49:04.643000;2016-02-21T00:49:04.673000;9e3339b8-ba82-460b-b3d9-41f676e823fd;438.45;0.14727;BUY
2016-02-21T00:49:35.227000;2016-02-21T00:49:35.277000;14e7fcb7-14a2-48ff-ba54-5266257129d3;438.44;0.01;SELL
2016-02-21T00:49:35.227000;2016-02-21T00:49:35.293000;ef99587a-07a4-4c0e-8756-d6582d48feef;438.42;1.04534;SELL
2016-02-21T00:50:02.467000;2016-02-21T00:50:02.513000;3f87bab8-5b0a-418b-9116-1999bdd31b17;438.43;0.01;SELL
2016-02-21T00:50:02.467000;2016-02-21T00:50:02.513000;f423b796-e426-4b73-96ed-b111e09b0159;438.42;1.21999;SELL
2016-02-21T00:50:32.307000;2016-02-21T00:50:32.340000;98972f34-36f0-4b83-9eea-1abf1272c8a2;438.44;0.15948;BUY
2016-02-21T00:51:01.883000;2016-02-21T00:51:01.933000;2af6bd04-5a43-49ae-af18-6b9de29f2c29;438.43;0.01;SELL
2016-02-21T00:51:01.943000;2016-02-21T00:51:01.997000;df8ff089-86e4-4b87-9b73-afe10c8b5c33;438.44;0.09052;BUY
2016-02-21T00:51:01.943000;2016-02-21T00:51:01.997000;de9c26fc-ab81-4c03-b3de-b558ce656746;438.44;0.39;BUY
2016-02-21T00:51:01.943000;2016-02-21T00:51:01.997000;c40b1d9e-1061-49c0-bef9-d431065efa1b;438.44;0.09296;BUY
2016-02-21T00:51:08.290000;2016-02-21T00:51:08.357000;af5668b4-4f3b-40f0-9082-7e8f5d99c8a4;438.43;0.14645236;BUY
2016-02-21T00:51:32.030000;2016-02-21T00:51:32.090000;322b4efc-c3d1-4633-a8b8-f51947484547;438.42;0.02291973;SELL
2016-02-21T00:51:32.030000;2016-02-21T00:51:32.107000;9929da58-f429-4102-abcf-415c258683f7;438.32;1.0;SELL
2016-02-21T00:51:32.030000;2016-02-21T00:51:32.107000;b57c0c53-400a-4094-b1b2-30b9e74a36fa;438.29;0.02291973;SELL
2016-02-21T00:51:32.030000;2016-02-21T00:51:32.107000;063197b5-db81-41f6-a02c-cbb22f60d868;438.23;0.01;SELL
2016-02-21T00:51:32.030000;2016-02-21T00:51:32.123000;2c319e0c-b03a-4997-8d84-122687613b9b;438.21;0.085;SELL
2016-02-21T00:51:32.030000;2016-02-21T00:51:32.123000;d6fbe5c7-c634-4fb4-b502-8f950c396ac5;438.2;0.01;SELL
2016-02-21T00:51:32.030000;2016-02-21T00:51:32.123000;b6ea136e-916e-405a-ba7c-379690d51239;438.19;0.01;SELL
2016-02-21T00:51:32.030000;2016-02-21T00:51:32.123000;30a4cf00-fcc5-4e68-98c2-82f725556c43;438.16;0.12;SELL
2016-02-21T00:51:32.030000;2016-02-21T00:51:32.123000;8425fe87-99a3-4d54-911b-1d37afbd16d4;438.15;0.011;SELL
2016-02-21T00:51:32.030000;2016-02-21T00:51:32.123000;bd05adda-99a7-4e08-8c60-3c5b674c0d14;438.14;0.011;SELL
2016-02-21T00:51:32.030000;2016-02-21T00:51:32.123000;a128f5ef-012d-4939-9a2e-5776f7eada36;438.13;0.011;SELL
2016-02-21T00:51:32.033000;2016-02-21T00:51:32.123000;ea46ef28-6391-4d20-bf91-250bfbc3428e;438.12;0.011;SELL
2016-02-21T00:51:32.033000;2016-02-21T00:51:32.137000;e7ad1a58-0cc3-4005-bae3-db8213440a2d;438.12;0.2;SELL
2016-02-21T00:51:32.033000;2016-02-21T00:51:32.137000;fcbebdb5-ca8b-4467-b22a-f5fc07206950;438.12;0.05;SELL
2016-02-21T00:51:32.033000;2016-02-21T00:51:32.137000;251eb2a6-85a9-40af-9b88-6c3278e853a5;438.11;0.011;SELL
2016-02-21T00:51:32.033000;2016-02-21T00:51:32.137000;91cdd023-6ce6-49e8-9904-69a4637b7b96;438.11;0.4;SELL
2016-02-21T00:51:32.033000;2016-02-21T00:51:32.137000;00fb7a96-9b27-48a5-9207-ad1d18eeeb67;438.11;0.121;SELL
2016-02-21T00:51:32.033000;2016-02-21T00:51:32.137000;7670d6d5-4c16-4633-9562-5ceaedb20b6a;438.1;0.011;SELL
2016-02-21T00:51:32.033000;2016-02-21T00:51:32.153000;7cf678f1-457d-45d0-994e-fb1a558b1af5;438.1;0.02;SELL
2016-02-21T00:51:32.033000;2016-02-21T00:51:32.153000;575b2ea8-6990-4bb2-8da2-61ff46284b77;438.1;0.8;SELL
2016-02-21T00:51:32.033000;2016-02-21T00:51:32.153000;82858e5c-a8c5-4d28-9f98-4c9cadd5f062;438.09;1.788;SELL
2016-02-21T00:51:32.033000;2016-02-21T00:51:32.153000;d675bea8-4968-4237-a7f1-9da679b85b57;438.08;0.011;SELL
2016-02-21T00:51:32.033000;2016-02-21T00:51:32.183000;7c7b5e24-8172-4143-871d-2b591a2f8935;438.07;0.011;SELL
2016-02-21T00:51:32.033000;2016-02-21T00:51:32.183000;dcf19531-1a49-4be2-ae49-a2cf778ea4b2;438.07;0.124;SELL
2016-02-21T00:51:32.033000;2016-02-21T00:51:32.183000;50443e54-3a6a-4143-9e64-4de42c312b87;438.04;0.6;SELL
2016-02-21T00:51:32.033000;2016-02-21T00:51:32.183000;7514cef3-5c6d-4289-a944-2eef4c648a79;438.03;0.02481;SELL
2016-02-21T00:51:32.033000;2016-02-21T00:51:32.183000;cb464a03-3b74-45e4-8f2e-b4e3a0979c0c;438.03;1.0;SELL
2016-02-21T00:51:32.033000;2016-02-21T00:51:32.183000;2f424589-4ef7-4c01-90ff-f00be686d97f;438.02;0.011;SELL
2016-02-21T00:51:32.033000;2016-02-21T00:51:32.183000;128827c3-0c92-4321-8bc1-d872f706ed57;438.02;0.117;SELL
2016-02-21T00:51:32.037000;2016-02-21T00:51:32.183000;5d681156-f9eb-403e-9428-e0790d7decbe;438.02;1.2;SELL
2016-02-21T00:51:32.037000;2016-02-21T00:51:32.183000;eeb5ff83-7fea-4e97-9bcd-5f920167aead;438.01;0.01;SELL
2016-02-21T00:51:32.037000;2016-02-21T00:51:32.183000;fcf63e0a-22d7-46a2-966e-0f03942d3904;438.01;0.47;SELL
2016-02-21T00:51:32.037000;2016-02-21T00:51:32.200000;fd395938-8e70-4c53-a188-66ea8b80328d;438.01;1.0;SELL
2016-02-21T00:51:32.037000;2016-02-21T00:51:32.200000;495e4f55-d026-49f9-8c2d-3e0309803d33;438.0;0.01;SELL
2016-02-21T00:51:32.037000;2016-02-21T00:51:32.200000;47b0a06f-96b2-4c77-bf52-e7523e3d98bb;438.0;0.22779197;SELL
2016-02-21T00:51:32.037000;2016-02-21T00:51:32.200000;350822c7-c7fb-4dc2-bda2-9ab77624b338;438.0;0.01;SELL
2016-02-21T00:51:32.037000;2016-02-21T00:51:32.200000;1f4a0ba5-b3bc-43a8-95ec-2f752e956677;437.98;1.6;SELL
2016-02-21T00:51:32.037000;2016-02-21T00:51:32.200000;ddcd0c29-c154-4e73-bfbf-9cc6723d7104;437.97;0.112;SELL
2016-02-21T00:51:32.037000;2016-02-21T00:51:32.200000;118bc46c-3175-4525-b370-74bf4b4f74cc;437.93;3.2;SELL
2016-02-21T00:51:32.037000;2016-02-21T00:51:32.217000;6a0f01d2-6d28-4853-bde8-8e8f95e7706a;437.92;5.219;SELL
2016-02-21T00:51:32.037000;2016-02-21T00:51:32.217000;f590b576-2ced-4c94-b72d-b4def693156a;437.92;0.075;SELL
2016-02-21T00:51:32.037000;2016-02-21T00:51:32.217000;4cee1b1e-71e0-462e-88a8-c905ad2ebb9c;437.92;0.01;SELL
2016-02-21T00:51:32.037000;2016-02-21T00:51:32.217000;2ab41fe2-d33f-44cf-8078-373066c409b3;437.89;0.01;SELL
2016-02-21T00:51:32.037000;2016-02-21T00:51:32.230000;20da074c-4ae5-4d11-8923-50fdcb14b8b1;437.87;0.128;SELL
2016-02-21T00:51:32.037000;2016-02-21T00:51:32.230000;a656cd7a-3478-4423-a38d-008ea22d95b6;437.86;0.01;SELL
2016-02-21T00:51:32.037000;2016-02-21T00:51:32.230000;2adf0dc8-6481-4a73-8d2d-66aa55bdb122;437.83;0.2;SELL
2016-02-21T00:51:32.037000;2016-02-21T00:51:32.230000;c3f43ca4-5c53-44de-8407-6b76be0367c1;437.82;0.097;SELL
2016-02-21T00:51:32.040000;2016-02-21T00:51:32.230000;a8074e6e-73d0-45ed-b4d8-b6ee6e2c71dc;437.8;0.4;SELL
2016-02-21T00:51:32.040000;2016-02-21T00:51:32.230000;db336fae-b909-4354-a99a-24d48111b55e;437.79;0.01255055;SELL
2016-02-21T00:51:32.040000;2016-02-21T00:51:32.230000;f3c1cfca-6e96-4d2b-a6c7-cfd07887c104;437.78;1.2;SELL
2016-02-21T00:51:32.040000;2016-02-21T00:51:32.230000;36587d21-bd41-48ac-b616-f6bf91bb77e3;437.77;0.079;SELL
2016-02-21T00:51:32.040000;2016-02-21T00:51:32.247000;efece6a1-128b-4b64-8928-1ace77ad47e2;437.73;2.0;SELL
2016-02-21T00:51:32.040000;2016-02-21T00:51:32.247000;893d579b-ab9d-4319-83ec-3b748473e296;437.72;0.1;SELL
2016-02-21T00:51:32.040000;2016-02-21T00:51:32.247000;fd3ad3f9-d79c-4cbc-a464-437dc8a3dcf8;437.72;2.6;SELL
2016-02-21T00:51:32.040000;2016-02-21T00:51:32.247000;425cf58d-98b1-4f83-99c6-d34e35ff8354;437.71;0.01;SELL
2016-02-21T00:51:32.040000;2016-02-21T00:51:32.247000;41de9fba-2184-4979-89fa-44525a6334ab;437.7;4.0;SELL
2016-02-21T00:51:32.040000;2016-02-21T00:51:32.263000;99e08fd9-7a88-4676-acda-6b713e1e0390;437.69;5.642;SELL
2016-02-21T00:51:32.040000;2016-02-21T00:51:32.263000;cc400603-9767-413e-866e-98c318feeb62;437.68;0.14651802;SELL
2016-02-21T00:52:03.023000;2016-02-21T00:52:03.077000;c46c95c4-d6e2-422b-a386-3459bc7c1a9b;437.83;0.01;SELL
2016-02-21T00:52:03.023000;2016-02-21T00:52:03.077000;325c7e45-95e3-4daf-9d3a-c7714ba2c922;437.83;0.119;SELL
2016-02-21T00:52:03.023000;2016-02-21T00:52:03.090000;fced99fa-8d34-4696-b677-d50e5a5978dd;437.82;4.232;SELL
2016-02-21T00:52:03.027000;2016-02-21T00:52:03.090000;778ab188-baee-4c38-a628-1d4dd525956a;437.8;0.01;SELL
2016-02-21T00:52:03.027000;2016-02-21T00:52:03.090000;279e34be-7a3b-43ae-b4ca-42ea39d382cb;437.78;0.075;SELL
2016-02-21T00:52:03.027000;2016-02-21T00:52:03.090000;2989df27-9017-4aec-b248-55d5a5c692e4;437.73;0.088;SELL
2016-02-21T00:52:03.027000;2016-02-21T00:52:03.090000;66d36054-c1bf-4f05-b168-d0cf71d814c1;437.73;0.05;SELL
2016-02-21T00:52:03.027000;2016-02-21T00:52:03.107000;4557b01a-c6cc-4005-916e-c01e07738486;437.69;0.03;SELL
2016-02-21T00:52:03.027000;2016-02-21T00:52:03.107000;47522fe6-b9d5-4f70-ac35-0e83d13841a8;437.68;0.21224197;SELL
2016-02-21T00:52:03.027000;2016-02-21T00:52:03.107000;dcecb286-f1a0-4733-b7de-9d80c89ec828;437.68;0.075;SELL
2016-02-21T00:52:03.027000;2016-02-21T00:52:03.107000;cbff4485-9726-4d73-bc12-3a90b66f6bdf;437.67;0.01;SELL
2016-02-21T00:52:03.027000;2016-02-21T00:52:03.107000;70558a53-8761-4349-a09b-f7080a4f8bb8;437.66;0.01;SELL
2016-02-21T00:52:03.027000;2016-02-21T00:52:03.107000;281fd117-4b97-45ba-8b3d-8e65bb7e5ca0;437.65;0.011;SELL
2016-02-21T00:52:03.027000;2016-02-21T00:52:03.107000;76ffa48f-1db7-4cd7-a820-d4ed5e3bc748;437.64;0.011;SELL
2016-02-21T00:52:03.027000;2016-02-21T00:52:03.123000;2c8079d8-b279-4e7a-b2cc-5a62f040f315;437.64;1.55;SELL
2016-02-21T00:52:03.027000;2016-02-21T00:52:03.137000;2befc8e7-e82a-40cb-8a1d-967bb8332513;437.63;0.011;SELL
2016-02-21T00:52:03.027000;2016-02-21T00:52:03.137000;b4fac890-b1de-46a8-8dc1-1a00f1ec9d42;437.63;0.103;SELL
2016-02-21T00:52:03.027000;2016-02-21T00:52:03.137000;366eda8a-8e33-4e7b-a79d-fbbc9df7fab0;437.62;0.011;SELL
2016-02-21T00:52:03.027000;2016-02-21T00:52:03.137000;32955da4-7952-4266-bf80-1f9c4cea1710;437.61;0.01;SELL
2016-02-21T00:52:03.027000;2016-02-21T00:52:03.137000;79709cbb-4c46-4398-a69d-f697f752be31;437.6;0.01;SELL
2016-02-21T00:52:03.027000;2016-02-21T00:52:03.137000;88f45cbb-0b4e-4a94-a940-32bd7416052c;437.58;0.123;SELL
2016-02-21T00:52:03.027000;2016-02-21T00:52:03.137000;51d2cdc0-8c1e-4153-af11-1b2f34d5a729;437.53;0.082;SELL
2016-02-21T00:52:03.027000;2016-02-21T00:52:03.137000;c63ca372-473a-414f-a764-5207650e81fe;437.48;6.096;SELL
2016-02-21T00:52:03.027000;2016-02-21T00:52:03.137000;fc9e355a-0e66-4c94-a350-12642fff09df;437.43;0.011;SELL
2016-02-21T00:52:03.027000;2016-02-21T00:52:03.153000;c9c0fba9-8d59-4474-882a-ad307418daf5;437.43;0.108;SELL
2016-02-21T00:52:03.030000;2016-02-21T00:52:03.153000;8a08ba4d-1225-4e85-9d5f-29a30643e366;437.42;0.011;SELL
2016-02-21T00:52:03.030000;2016-02-21T00:52:03.153000;0e1716d3-e878-4773-8f86-d8803184d51a;437.41;0.011;SELL
2016-02-21T00:52:03.030000;2016-02-21T00:52:03.153000;99c007c4-f5bd-4e17-9e89-1a7b50acac98;437.4;0.011;SELL
2016-02-21T00:52:03.030000;2016-02-21T00:52:03.153000;a1313796-13d7-4475-83b0-ff2e99639a41;437.38;0.011;SELL
2016-02-21T00:52:03.030000;2016-02-21T00:52:03.153000;cb4c6b44-3c82-421f-9095-4874fb9bce4d;437.37;0.01;SELL
2016-02-21T00:52:03.030000;2016-02-21T00:52:03.153000;17c82e0c-fe61-4ac1-aeb8-9d86a5b77ef5;437.37;0.01;SELL
2016-02-21T00:52:03.030000;2016-02-21T00:52:03.183000;dd6cfb7e-e666-4c54-957c-f73f85a3fd3e;437.36;0.01;SELL
2016-02-21T00:52:03.030000;2016-02-21T00:52:03.183000;bde97063-8cd8-4561-b45e-04aae4209c30;437.35;0.01;SELL
2016-02-21T00:52:03.030000;2016-02-21T00:52:03.183000;8325c3e4-4c76-4a79-95b3-f9d31e722120;437.32;0.01;SELL
2016-02-21T00:52:03.030000;2016-02-21T00:52:03.183000;393f917a-b336-4cf4-bd4f-5502c2e95fec;437.25;3.2;SELL
2016-02-21T00:52:03.030000;2016-02-21T00:52:03.183000;23ba7791-5d64-41b0-a34c-678db8659af2;437.24;6.07147803;SELL
