time_exchange;time_coinpai;guid;price;base_amount;taker_side
2016-02-21T00:00:06.000000;2016-02-21T00:00:06.000000;9f198cf3-d9d5-40e9-80b9-76044c8e9742;438.73;0.09666759;UNKNOWN
2016-02-21T00:00:11.000000;2016-02-21T00:00:11.000000;f1e7fe48-8623-4e35-a33f-8e692d776860;438.76;1.0;UNKNOWN
2016-02-21T00:00:19.000000;2016-02-21T00:00:19.000000;51dc278c-d14b-45a5-a6f2-332a422ff41f;438.91;0.061661;UNKNOWN
2016-02-21T00:00:32.000000;2016-02-21T00:00:32.000000;c423787a-4466-4d33-97e8-3a7e9e315f4f;438.96;0.01547536;UNKNOWN
2016-02-21T00:00:40.000000;2016-02-21T00:00:40.000000;cbfe07d3-1303-418a-959d-f8e3ebee8762;438.96;0.125;UNKNOWN
2016-02-21T00:00:50.000000;2016-02-21T00:00:50.000000;3a5fd8a2-5d4d-4b19-8247-d541c375923c;438.96;0.125;UNKNOWN
2016-02-21T00:01:00.000000;2016-02-21T00:01:00.000000;a9e6c164-9201-4366-a4f3-51a3d1cf5587;438.96;0.125;UNKNOWN
2016-02-21T00:01:04.000000;2016-02-21T00:01:04.000000;29f804ba-fdb2-4148-8a4b-ca5d55b1ec7b;438.97;0.37;UNKNOWN
2016-02-21T00:01:04.000000;2016-02-21T00:01:04.000000;4b5432fe-f3a0-43ec-b6ef-bc0a1dc95694;439.27;0.0289;UNKNOWN
2016-02-21T00:01:04.000000;2016-02-21T00:01:04.000000;bff87b70-87b2-4396-a614-2792d49132c5;438.97;0.061618;UNKNOWN
2016-02-21T00:01:04.000000;2016-02-21T00:01:04.000000;d9881953-33f3-4878-9469-a43ed429e11a;438.99;0.8;UNKNOWN
2016-02-21T00:01:04.000000;2016-02-21T00:01:04.000000;41b9a1e1-aed5-4ec2-9f4b-eb4f666decdb;439.3;1.739482;UNKNOWN
2016-02-21T00:01:05.000000;2016-02-21T00:01:05.000000;aab6a062-f09e-4ef6-a9d9-a1c3c6c22367;439.1;0.8;UNKNOWN
2016-02-21T00:01:06.000000;2016-02-21T00:01:06.000000;dc15baec-6fce-408b-b455-9e83eb6bf8ab;439.31;2.0;UNKNOWN
2016-02-21T00:01:09.000000;2016-02-21T00:01:09.000000;06a4af32-4147-4fe9-acef-982d44e0ef80;439.13;0.5;UNKNOWN
2016-02-21T00:01:14.000000;2016-02-21T00:01:14.000000;e48f1f32-e8cb-4c1c-a2ca-a349afe09cc2;439.15;0.5;UNKNOWN
2016-02-21T00:01:17.000000;2016-02-21T00:01:17.000000;33c4a7c5-507d-42eb-8d28-42cc61fb6e7c;439.17;0.5;UNKNOWN
2016-02-21T00:01:23.000000;2016-02-21T00:01:23.000000;be7f5c17-8c2a-47c8-a28e-43cb32d63a2b;439.67;0.08933121;UNKNOWN
2016-02-21T00:01:23.000000;2016-02-21T00:01:23.000000;77dbbbba-bca1-48dd-9fd6-1e160071f8dd;439.68;2.21066879;UNKNOWN
2016-02-21T00:01:23.000000;2016-02-21T00:01:23.000000;f95b4e24-7188-4a8e-b8dd-f80678965f60;439.5;0.2;UNKNOWN
2016-02-21T00:01:26.000000;2016-02-21T00:01:26.000000;9967661a-aa84-4842-a9c8-672a70d32056;439.23;0.5;UNKNOWN
2016-02-21T00:01:32.000000;2016-02-21T00:01:32.000000;96e9d372-886d-420c-a223-bcb90f25922a;439.29;0.9214554;UNKNOWN
2016-02-21T00:01:35.000000;2016-02-21T00:01:35.000000;d637fc27-98b9-47dc-b7da-40e422a5f932;439.3;0.052;UNKNOWN
2016-02-21T00:01:38.000000;2016-02-21T00:01:38.000000;fe50417c-bb76-45ef-a2c5-07c33d7b545b;439.32;0.5;UNKNOWN
2016-02-21T00:01:44.000000;2016-02-21T00:01:44.000000;5dbff3c6-2605-43e8-bcd0-7ec32dfc1dc6;439.66;0.08933324;UNKNOWN
2016-02-21T00:01:44.000000;2016-02-21T00:01:44.000000;3a5c75d6-c678-4c37-8282-8fd79ddb0e93;439.66;1.91066676;UNKNOWN
2016-02-21T00:01:45.000000;2016-02-21T00:01:45.000000;ce449c4f-3316-4025-ba23-340dc06e41c5;439.45;0.5;UNKNOWN
2016-02-21T00:01:50.000000;2016-02-21T00:01:50.000000;95edd934-da7e-4328-8ae3-c525c0b4f6b4;439.48;0.5;UNKNOWN
2016-02-21T00:01:52.000000;2016-02-21T00:01:52.000000;71605e35-135d-4369-afbc-93376814f702;439.49;0.5;UNKNOWN
2016-02-21T00:01:52.000000;2016-02-21T00:01:52.000000;41642deb-d93e-4e30-8747-35224bcb03bb;439.5;19.19;UNKNOWN
2016-02-21T00:01:58.000000;2016-02-21T00:01:58.000000;586f17b0-d395-4207-9708-60ba96c8c2c4;439.52;5.36;UNKNOWN
2016-02-21T00:01:59.000000;2016-02-21T00:01:59.000000;b9849f54-8b81-4300-b673-290debd283ae;439.5;0.16077227;UNKNOWN
2016-02-21T00:02:02.000000;2016-02-21T00:02:02.000000;a356a01d-294c-4634-acb2-2c2f7498366d;439.46;0.5;UNKNOWN
2016-02-21T00:02:32.000000;2016-02-21T00:02:32.000000;32e0b7b6-31ff-4af8-80e7-5a26f711e8d3;439.99;3.67826676;UNKNOWN
2016-02-21T00:02:32.000000;2016-02-21T00:02:32.000000;3a55a611-2b55-4fa4-94cd-86c7f20141df;439.68;0.95;UNKNOWN
2016-02-21T00:02:32.000000;2016-02-21T00:02:32.000000;1e877a46-9e90-4256-9147-f1c67c22bcf9;439.67;4.7;UNKNOWN
2016-02-21T00:02:32.000000;2016-02-21T00:02:32.000000;4f876df4-6300-4702-9614-3116c324990c;439.66;0.2424;UNKNOWN
2016-02-21T00:02:32.000000;2016-02-21T00:02:32.000000;a352d990-c52a-402c-95b9-3a16e9cd9d56;439.96;0.34;UNKNOWN
2016-02-21T00:02:32.000000;2016-02-21T00:02:32.000000;7093192e-d7ca-421b-8a2c-3156751db9c2;439.66;0.08933324;UNKNOWN
2016-02-21T00:02:39.000000;2016-02-21T00:02:39.000000;e7f728a6-db8b-419b-bf55-0981def1a9ca;439.77;0.34;UNKNOWN
2016-02-21T00:02:39.000000;2016-02-21T00:02:39.000000;97c6b236-d180-4642-bfe6-ea5e295cb8d6;439.77;5.65;UNKNOWN
2016-02-21T00:02:45.000000;2016-02-21T00:02:45.000000;e03594cf-27f2-45c1-8c53-ee255b59183a;439.76;0.5;UNKNOWN
2016-02-21T00:02:45.000000;2016-02-21T00:02:45.000000;8b789061-674c-49ba-a870-9784d91184ce;439.96;0.5;UNKNOWN
2016-02-21T00:02:45.000000;2016-02-21T00:02:45.000000;432a06f0-314a-4633-8095-7f61cb3a2d52;439.75;0.08931496;UNKNOWN
2016-02-21T00:02:45.000000;2016-02-21T00:02:45.000000;d6e72859-f527-49b6-be54-ddd4dd9cc629;439.97;2.54902404;UNKNOWN
2016-02-21T00:02:49.000000;2016-02-21T00:02:49.000000;275c5586-7fa0-45f6-b417-cbc03fcecff5;439.61;0.34521528;UNKNOWN
2016-02-21T00:02:50.000000;2016-02-21T00:02:50.000000;868842ab-21e9-4667-a586-be67e1c5ea97;439.62;0.25;UNKNOWN
2016-02-21T00:02:56.000000;2016-02-21T00:02:56.000000;8aeeabec-411f-46a5-8ca3-5d34fd7c09a4;439.98;0.955;UNKNOWN
2016-02-21T00:02:56.000000;2016-02-21T00:02:56.000000;03cb34e8-8f0e-4a13-970b-e551d16fdf41;440.0;13.3977;UNKNOWN
2016-02-21T00:02:56.000000;2016-02-21T00:02:56.000000;8858c1a1-3f03-4f43-a9b6-bb9a9a5395e9;439.97;5.6473;UNKNOWN
2016-02-21T00:03:00.000000;2016-02-21T00:03:00.000000;5bc4e78d-9f4e-4dd4-9c09-6823bf117a69;440.0;0.09;UNKNOWN
2016-02-21T00:03:00.000000;2016-02-21T00:03:00.000000;fb023cb7-2459-450f-8c2b-5a69f4e71da3;440.0;3.0;UNKNOWN
2016-02-21T00:03:00.000000;2016-02-21T00:03:00.000000;9415fb4b-7f59-41fd-a0e8-f56ed3187286;439.84;0.5;UNKNOWN
2016-02-21T00:03:02.000000;2016-02-21T00:03:02.000000;1417adee-53bc-40ef-9884-fbb52d502fd5;439.86;0.01104;UNKNOWN
2016-02-21T00:03:03.000000;2016-02-21T00:03:03.000000;0e3f5412-dc12-46a4-8ae9-ef8feb2b1e61;439.87;0.5;UNKNOWN
2016-02-21T00:03:04.000000;2016-02-21T00:03:04.000000;9dc5f433-9212-4fb2-8bc2-ae505e04b9f3;439.89;0.15;UNKNOWN
2016-02-21T00:03:05.000000;2016-02-21T00:03:05.000000;c89444f1-12c4-4819-bd16-873de21e9714;439.91;0.04;UNKNOWN
2016-02-21T00:03:08.000000;2016-02-21T00:03:08.000000;9bbfc023-deb3-4368-b657-e45bf41f1fc0;439.96;4.66;UNKNOWN
2016-02-21T00:03:08.000000;2016-02-21T00:03:08.000000;d95067e3-092d-4243-9031-f133a86d0959;440.2;2.08948263;UNKNOWN
2016-02-21T00:03:08.000000;2016-02-21T00:03:08.000000;3c8a27bc-b184-43b6-ba6a-bf425168f221;440.17;3.25051737;UNKNOWN
2016-02-21T00:03:18.000000;2016-02-21T00:03:18.000000;6ee60872-da2a-425a-8bb3-f510ffcc6d7e;439.98;0.5;UNKNOWN
2016-02-21T00:03:24.000000;2016-02-21T00:03:24.000000;84d0c97d-7a98-4cde-8e10-a5265bf10112;439.84;0.5;UNKNOWN
2016-02-21T00:03:26.000000;2016-02-21T00:03:26.000000;cc8f32cc-f910-40bb-ac23-40b62dffa8c7;440.11;3.0;UNKNOWN
2016-02-21T00:03:26.000000;2016-02-21T00:03:26.000000;dc5f78d0-52cd-44e9-bf97-b96b4d415dbc;440.2;0.2798;UNKNOWN
2016-02-21T00:03:26.000000;2016-02-21T00:03:26.000000;17d99815-c34e-41c2-87ce-ad5b7d423403;440.15;5.6647;UNKNOWN
2016-02-21T00:03:26.000000;2016-02-21T00:03:26.000000;3dce0a0d-fa11-4f3a-97e9-3561fed88439;440.11;0.5;UNKNOWN
2016-02-21T00:03:26.000000;2016-02-21T00:03:26.000000;03940f39-1a57-4b29-8423-67d21d0d3481;440.12;0.08923988;UNKNOWN
2016-02-21T00:03:27.000000;2016-02-21T00:03:27.000000;a77bdceb-0d6d-4b36-9f5c-ea0025419c45;440.2;0.0892419;UNKNOWN
2016-02-21T00:03:28.000000;2016-02-21T00:03:28.000000;94ad4b19-e67f-4daf-a692-fd8af4b37fba;440.21;0.08924393;UNKNOWN
2016-02-21T00:03:29.000000;2016-02-21T00:03:29.000000;8819c44f-c4ab-4575-a7ba-a28988746df6;440.21;0.08924393;UNKNOWN
2016-02-21T00:03:29.000000;2016-02-21T00:03:29.000000;da37ea5a-5d64-4011-9067-f8356171dcd7;440.21;0.0132;UNKNOWN
2016-02-21T00:03:30.000000;2016-02-21T00:03:30.000000;f0668750-7137-4505-8e03-81bcce37eb41;440.21;0.60831214;UNKNOWN
2016-02-21T00:03:30.000000;2016-02-21T00:03:30.000000;2dbf4963-4066-4773-a3c2-1150f121dc36;440.16;0.02122976;UNKNOWN
2016-02-21T00:03:30.000000;2016-02-21T00:03:30.000000;b225d006-2817-43a6-9aba-a0fdd8ab4c2d;440.2;0.9404581;UNKNOWN
2016-02-21T00:03:30.000000;2016-02-21T00:03:30.000000;0d3671c0-242e-4d71-8045-2326855d5f7f;440.21;3.25;UNKNOWN
2016-02-21T00:03:31.000000;2016-02-21T00:03:31.000000;25f57156-3a29-4078-ad8d-744acaf6145f;440.24;0.35;UNKNOWN
2016-02-21T00:03:32.000000;2016-02-21T00:03:32.000000;148fe74e-635b-4927-a107-52239f86fa61;440.21;0.19792688;UNKNOWN
2016-02-21T00:03:44.000000;2016-02-21T00:03:44.000000;e2da6b9e-ba6b-4c9e-9c59-a47f83b57c9b;440.25;5.329224;UNKNOWN
2016-02-21T00:03:44.000000;2016-02-21T00:03:44.000000;bb89082c-395f-46c8-b4b9-0636fa8f24fa;440.19;1.58;UNKNOWN
2016-02-21T00:03:44.000000;2016-02-21T00:03:44.000000;beb9cd8f-1520-4878-a999-3d64d732465c;440.16;3.25;UNKNOWN
2016-02-21T00:03:44.000000;2016-02-21T00:03:44.000000;baa3b6e7-a8c6-4d5d-a9b9-85a1afe49d80;440.25;0.0793;UNKNOWN
2016-02-21T00:03:44.000000;2016-02-21T00:03:44.000000;2a3a94e1-b32e-47f6-a0e8-681995f3e6e4;440.12;0.061476;UNKNOWN
2016-02-21T00:03:59.000000;2016-02-21T00:03:59.000000;12b3a8b6-37f8-4aee-bd14-68be27698a82;440.15;1.5;UNKNOWN
2016-02-21T00:04:04.000000;2016-02-21T00:04:04.000000;eaebf9e2-e0b4-4635-8c4a-126778442e14;439.76;0.5;UNKNOWN
2016-02-21T00:04:04.000000;2016-02-21T00:04:04.000000;454149cb-2ccc-49a1-b877-7a2467a869bc;439.57;6.5;UNKNOWN
2016-02-21T00:04:04.000000;2016-02-21T00:04:04.000000;003e6696-68dc-4b80-ba22-6d399ab9497e;439.76;3.0;UNKNOWN
2016-02-21T00:04:05.000000;2016-02-21T00:04:05.000000;0f78217a-ee15-4d1c-8491-5a7996278742;440.14;11.0;UNKNOWN
2016-02-21T00:04:16.000000;2016-02-21T00:04:16.000000;4f7572db-559c-4275-9b98-0494231fcd5c;439.65;5.6172;UNKNOWN
2016-02-21T00:04:16.000000;2016-02-21T00:04:16.000000;7daf9d1a-029d-4530-b027-92c59a27f654;439.54;8.8828;UNKNOWN
2016-02-21T00:05:23.000000;2016-02-21T00:05:23.000000;5bc2b234-dcac-45f7-9ada-53279a5515d2;439.71;11.01;UNKNOWN
2016-02-21T00:05:23.000000;2016-02-21T00:05:23.000000;71f1d2fe-a930-4850-94a5-87d53ba77b77;439.7;0.2;UNKNOWN
2016-02-21T00:05:29.000000;2016-02-21T00:05:29.000000;a5978128-154d-4998-8029-f6d9e019ac6b;439.7;0.5;UNKNOWN
2016-02-21T00:05:29.000000;2016-02-21T00:05:29.000000;18dc5b8f-07be-49ef-920d-10a9f64d906d;439.66;0.5;UNKNOWN
2016-02-21T00:05:29.000000;2016-02-21T00:05:29.000000;3a787865-3929-4498-b26a-e59da9a0ca78;439.7;0.15336231;UNKNOWN
2016-02-21T00:05:29.000000;2016-02-21T00:05:29.000000;a6442461-1dca-4954-9f78-803974bf7e5d;439.66;3.0;UNKNOWN
2016-02-21T00:05:29.000000;2016-02-21T00:05:29.000000;fedf14b3-e5f8-4186-9ab9-d7e732e10d77;439.66;6.0;UNKNOWN
2016-02-21T00:05:57.000000;2016-02-21T00:05:57.000000;8b4d2c45-9807-4e5a-99f0-7307fe55a543;439.76;0.2;UNKNOWN
2016-02-21T00:06:03.000000;2016-02-21T00:06:03.000000;3c4d5f4f-657f-404f-a442-b9e8ef62ebf2;439.76;0.2;UNKNOWN
2016-02-21T00:06:17.000000;2016-02-21T00:06:17.000000;8191ba52-d37c-4d6c-ad09-62779b7c4b7e;439.77;0.03;UNKNOWN
2016-02-21T00:06:32.000000;2016-02-21T00:06:32.000000;c6986c19-f529-4ed2-be3e-9f851a5d38f4;439.75;0.45266278;UNKNOWN
2016-02-21T00:06:34.000000;2016-02-21T00:06:34.000000;cf889ab2-0f67-4309-a07a-4be93a283314;439.77;0.2;UNKNOWN
2016-02-21T00:06:51.000000;2016-02-21T00:06:51.000000;bc653263-a630-4a9d-8595-1baeb4c03468;439.77;0.84;UNKNOWN
2016-02-21T00:06:51.000000;2016-02-21T00:06:51.000000;f7526962-1d3d-4ad2-b7ad-523b78479d5b;439.77;3.16;UNKNOWN
2016-02-21T00:07:13.000000;2016-02-21T00:07:13.000000;d4d7f131-d7af-4c4e-87f2-b8c2255f99a7;439.75;0.09116;UNKNOWN
2016-02-21T00:07:16.000000;2016-02-21T00:07:16.000000;9c0d8387-93c5-4313-8910-56307c1d14ff;439.75;0.34185;UNKNOWN
2016-02-21T00:07:21.000000;2016-02-21T00:07:21.000000;63b59f98-c88b-4495-b25b-b6dd20928b18;439.77;0.01479783;UNKNOWN
2016-02-21T00:08:19.000000;2016-02-21T00:08:19.000000;7d78923f-d2f2-490e-bba9-f05d5a650efd;439.76;2.1668522;UNKNOWN
2016-02-21T00:08:42.000000;2016-02-21T00:08:42.000000;a3857975-ac7e-403c-ae55-82cf91f43267;439.77;0.061478;UNKNOWN
2016-02-21T00:08:42.000000;2016-02-21T00:08:42.000000;da8a6d39-d364-4413-8b51-34de733c6433;439.77;0.14514499;UNKNOWN
2016-02-21T00:08:59.000000;2016-02-21T00:08:59.000000;8858533f-e16d-442b-8282-66e2eb7634a1;439.77;2.79485501;UNKNOWN
2016-02-21T00:08:59.000000;2016-02-21T00:08:59.000000;303e7ad9-b0dd-4c31-8a22-1286614dc0ec;440.33;3.24889808;UNKNOWN
2016-02-21T00:08:59.000000;2016-02-21T00:08:59.000000;61ba2d49-1627-4ef7-a72d-4af74722ae5a;440.32;5.6543;UNKNOWN
2016-02-21T00:08:59.000000;2016-02-21T00:08:59.000000;9dff28c1-927d-4197-8711-12124feee9ad;440.0;0.02355;UNKNOWN
2016-02-21T00:08:59.000000;2016-02-21T00:08:59.000000;538fd807-b29e-4d36-a81d-c72cba08762b;440.38;16.30761273;UNKNOWN
2016-02-21T00:09:03.000000;2016-02-21T00:09:03.000000;a419e29b-1270-4875-98f6-2eb8590c5e06;440.38;0.05879204;UNKNOWN
2016-02-21T00:09:45.000000;2016-02-21T00:09:45.000000;42ee1ca9-e505-4d94-a1ee-7da06ca2f760;440.25;0.24406103;UNKNOWN
2016-02-21T00:09:53.000000;2016-02-21T00:09:53.000000;21b26ed4-aa50-4bbd-b4e7-e19d998b234c;440.25;0.05987;UNKNOWN
2016-02-21T00:10:06.000000;2016-02-21T00:10:06.000000;74a7a514-733f-42ce-86d9-d0f807d46589;440.17;0.77412944;UNKNOWN
2016-02-21T00:10:11.000000;2016-02-21T00:10:11.000000;1f508552-4b97-4bb6-995f-9febfe05b255;440.19;0.02;UNKNOWN
2016-02-21T00:10:20.000000;2016-02-21T00:10:20.000000;d873fe71-9499-4de5-8765-ea16d9147480;440.54;0.08428036;UNKNOWN
2016-02-21T00:10:34.000000;2016-02-21T00:10:34.000000;b947af27-9bf4-4a93-8b0a-03717dc7cf92;440.38;0.01397;UNKNOWN
2016-02-21T00:10:34.000000;2016-02-21T00:10:34.000000;5b801402-fcab-482e-84ce-e0619c713877;440.38;0.20149739;UNKNOWN
2016-02-21T00:10:37.000000;2016-02-21T00:10:37.000000;acfcb900-8009-4cd7-a96d-303a8447d581;440.18;0.5;UNKNOWN
2016-02-21T00:10:51.000000;2016-02-21T00:10:51.000000;fc54bc80-ebbd-433f-adda-dec024b83ff2;440.53;0.01;UNKNOWN
2016-02-21T00:11:23.000000;2016-02-21T00:11:23.000000;ed23066f-a967-402e-ba4f-80876ed451a5;440.22;0.01397;UNKNOWN
2016-02-21T00:11:42.000000;2016-02-21T00:11:42.000000;6d910c2c-78f2-4f5b-8d52-4cf88400dff9;440.06;0.5;UNKNOWN
2016-02-21T00:11:42.000000;2016-02-21T00:11:42.000000;1efc9830-3e8c-4417-a840-bbd451422a0d;440.06;2.91188322;UNKNOWN
2016-02-21T00:11:45.000000;2016-02-21T00:11:45.000000;f292d792-fc95-4243-b846-d4abd6324d41;440.3;0.1;UNKNOWN
2016-02-21T00:11:45.000000;2016-02-21T00:11:45.000000;033b88df-4377-42be-bdb0-58057bce7a79;440.49;2.4;UNKNOWN
2016-02-21T00:11:45.000000;2016-02-21T00:11:45.000000;befec7fb-11b5-4dda-9f8f-f0f5f8aa670d;440.49;0.5;UNKNOWN
2016-02-21T00:13:21.000000;2016-02-21T00:13:21.000000;2ecb7089-a57f-49e9-bcac-a626ac652841;440.31;1.0;UNKNOWN
2016-02-21T00:14:26.000000;2016-02-21T00:14:26.000000;562c48fe-d42d-46c0-8a7a-43d76e185156;440.27;2.3;UNKNOWN
2016-02-21T00:14:29.000000;2016-02-21T00:14:29.000000;c0652df4-722f-4042-a66b-335af1668ac4;440.29;0.1;UNKNOWN
2016-02-21T00:15:18.000000;2016-02-21T00:15:18.000000;4ff543e8-c25c-4860-acc1-d5740be185e3;440.32;0.01397;UNKNOWN
2016-02-21T00:16:05.000000;2016-02-21T00:16:05.000000;884e58b5-9a53-48f2-be3a-bf71b545e98c;440.42;2.90519533;UNKNOWN
2016-02-21T00:16:55.000000;2016-02-21T00:16:55.000000;185ae92a-05e7-4d47-9dc8-52beccc1f5de;441.0;0.01;UNKNOWN
2016-02-21T00:16:55.000000;2016-02-21T00:16:55.000000;340885f9-9810-4f4b-bfa7-2ca354164991;441.32;5.166155;UNKNOWN
2016-02-21T00:16:55.000000;2016-02-21T00:16:55.000000;ed3fb9bb-4da8-4124-99a9-08f558345a4b;440.89;0.061445;UNKNOWN
2016-02-21T00:16:55.000000;2016-02-21T00:16:55.000000;1f0ce7f8-def5-4d2a-80a7-b91ddb3e8814;440.5;0.01;UNKNOWN
2016-02-21T00:16:55.000000;2016-02-21T00:16:55.000000;11c90c2d-e619-496d-82ba-018bf572ae22;441.0;0.01;UNKNOWN
2016-02-21T00:16:55.000000;2016-02-21T00:16:55.000000;379936c2-fefd-46a6-b688-0b67c2be4d1f;440.5;0.1;UNKNOWN
2016-02-21T00:16:55.000000;2016-02-21T00:16:55.000000;e6030886-69eb-479e-b525-eb07d55bba47;441.26;0.955;UNKNOWN
2016-02-21T00:16:55.000000;2016-02-21T00:16:55.000000;53a4c943-4ae1-427c-bb17-617cafdbdb4b;440.8;5.0;UNKNOWN
2016-02-21T00:16:55.000000;2016-02-21T00:16:55.000000;6fc0f777-8e35-4ae8-9d94-f9e63de28683;441.27;6.0;UNKNOWN
2016-02-21T00:16:55.000000;2016-02-21T00:16:55.000000;8929ec84-66d3-4013-b7f5-6065df2ec291;441.0;0.75;UNKNOWN
2016-02-21T00:16:55.000000;2016-02-21T00:16:55.000000;2124fd94-e26d-4761-8d2d-894bd1153a06;440.46;0.1;UNKNOWN
2016-02-21T00:16:55.000000;2016-02-21T00:16:55.000000;f9dc34e8-547b-4ff2-b1ac-a60f16d559f1;440.84;5.0;UNKNOWN
2016-02-21T00:16:55.000000;2016-02-21T00:16:55.000000;d47c7d05-ef26-40d0-b729-7c986a9dd2d8;440.8;0.2;UNKNOWN
2016-02-21T00:16:55.000000;2016-02-21T00:16:55.000000;22cedb01-ca27-43f4-908f-73bf5684f5ce;440.89;5.0;UNKNOWN
2016-02-21T00:16:55.000000;2016-02-21T00:16:55.000000;e3fc81fb-836c-4b7b-8cf1-3648f8c5a7a2;440.79;5.6374;UNKNOWN
2016-02-21T00:16:59.000000;2016-02-21T00:16:59.000000;96078635-c254-4ae2-a821-b2d0209d5157;441.4;0.04;UNKNOWN
2016-02-21T00:17:03.000000;2016-02-21T00:17:03.000000;487f9538-b9c9-4ebe-ab15-a853dfdacbc1;441.24;0.15023873;UNKNOWN
2016-02-21T00:17:22.000000;2016-02-21T00:17:22.000000;a0f2a824-42a9-403b-9027-3c7c09034cfa;441.15;0.28449408;UNKNOWN
2016-02-21T00:17:44.000000;2016-02-21T00:17:44.000000;4a018117-7ef9-4142-b9c6-661a5caf27e5;441.04;0.69373379;UNKNOWN
2016-02-21T00:17:58.000000;2016-02-21T00:17:58.000000;a00e785b-a618-4f1d-bbbc-3e007ad75417;441.01;0.5257714;UNKNOWN
2016-02-21T00:17:59.000000;2016-02-21T00:17:59.000000;b781d923-e698-40bf-b704-186beb680471;441.22;14.5;UNKNOWN
2016-02-21T00:19:05.000000;2016-02-21T00:19:05.000000;48e92c0f-c8f1-4069-ac2c-15b77bee3054;441.21;0.02258458;UNKNOWN
2016-02-21T00:19:35.000000;2016-02-21T00:19:35.000000;0f113393-6a91-46fb-99f0-db1efab4e7dd;441.0;0.0842;UNKNOWN
2016-02-21T00:20:04.000000;2016-02-21T00:20:04.000000;019e9a61-418c-40f4-9248-559a357c8018;441.0;0.5;UNKNOWN
2016-02-21T00:20:23.000000;2016-02-21T00:20:23.000000;2dcac5b2-cbde-41af-a73c-a624fc28267d;441.01;0.0499;UNKNOWN
2016-02-21T00:20:23.000000;2016-02-21T00:20:23.000000;d1ab638b-ebc7-4df9-8bfe-7556a97dc949;441.01;0.9501;UNKNOWN
2016-02-21T00:20:24.000000;2016-02-21T00:20:24.000000;93b00a88-023e-4fb0-b8c0-455f7aae622e;441.01;0.04;UNKNOWN
2016-02-21T00:20:34.000000;2016-02-21T00:20:34.000000;154530f9-2ee5-4712-899d-c50d0fb4f545;441.0;0.5;UNKNOWN
2016-02-21T00:21:05.000000;2016-02-21T00:21:05.000000;86d66bb9-4f5c-4675-98be-8bc2e59bcee6;441.0;0.5;UNKNOWN
2016-02-21T00:21:20.000000;2016-02-21T00:21:20.000000;3fb96099-6fa3-4d84-a907-4c48dac46e48;441.0;0.4158;UNKNOWN
2016-02-21T00:21:31.000000;2016-02-21T00:21:31.000000;d7c8cf4b-4a52-42f5-a35e-f2c6940d9068;440.97;0.01524393;UNKNOWN
2016-02-21T00:22:04.000000;2016-02-21T00:22:04.000000;b0676d51-9278-41af-bf35-930ae48c7f84;440.98;19.3647;UNKNOWN
2016-02-21T00:22:04.000000;2016-02-21T00:22:04.000000;d5cf2c01-673a-4472-9eac-6e1b6cd52e9f;440.98;5.6353;UNKNOWN
2016-02-21T00:22:35.000000;2016-02-21T00:22:35.000000;619a3175-590b-4674-b7b9-e009e9d1f3db;441.0;1.0;UNKNOWN
2016-02-21T00:22:45.000000;2016-02-21T00:22:45.000000;8a8c99f3-c8f5-4b89-963d-fc78b657de7c;440.97;0.08915711;UNKNOWN
2016-02-21T00:22:48.000000;2016-02-21T00:22:48.000000;6247d565-f30e-4f98-8178-c215f2c2f862;440.97;0.3;UNKNOWN
2016-02-21T00:22:58.000000;2016-02-21T00:22:58.000000;226fe0b2-c13d-44a6-88b7-5d173105f676;440.97;0.08915711;UNKNOWN
2016-02-21T00:22:59.000000;2016-02-21T00:22:59.000000;e585cdda-ccb5-4d7f-8e16-20cc063c463c;440.97;0.29481487;UNKNOWN
2016-02-21T00:22:59.000000;2016-02-21T00:22:59.000000;4b7d0e8b-8466-4742-98f6-55f0e88e60a5;440.97;0.137798;UNKNOWN
2016-02-21T00:22:59.000000;2016-02-21T00:22:59.000000;64c83f8c-fa18-4ff9-a7a3-2cf7beb0b0c2;440.97;0.01180865;UNKNOWN
2016-02-21T00:23:17.000000;2016-02-21T00:23:17.000000;7d795796-2e00-47c0-bba1-914c77363055;440.97;0.56;UNKNOWN
2016-02-21T00:23:35.000000;2016-02-21T00:23:35.000000;b8ea43d4-2e26-4fd0-b88b-deff88f46cf0;440.96;0.08915913;UNKNOWN
2016-02-21T00:23:36.000000;2016-02-21T00:23:36.000000;915df320-d83b-4c13-8db3-d9e922135e41;440.96;0.138179;UNKNOWN
2016-02-21T00:23:37.000000;2016-02-21T00:23:37.000000;b696171d-aeb6-4660-9ec8-340eae368804;440.96;0.01180865;UNKNOWN
2016-02-21T00:23:41.000000;2016-02-21T00:23:41.000000;0e5acf07-7c5c-4ab5-9826-70e1ebbe64c0;440.96;0.08906988;UNKNOWN
2016-02-21T00:23:43.000000;2016-02-21T00:23:43.000000;fb39f264-3fd8-4725-902c-20c84ab72095;440.96;0.08906988;UNKNOWN
2016-02-21T00:23:43.000000;2016-02-21T00:23:43.000000;7d5aadaf-ff8b-4085-95bd-c6b6692db0ae;440.96;0.08915912;UNKNOWN
2016-02-21T00:23:44.000000;2016-02-21T00:23:44.000000;8b6e9407-4a89-4601-8978-7ddd2150e14a;440.96;0.05781864;UNKNOWN
2016-02-21T00:23:54.000000;2016-02-21T00:23:54.000000;0e5347c0-533c-4d5a-86a7-70b63bec3dff;440.96;0.08906988;UNKNOWN
2016-02-21T00:23:55.000000;2016-02-21T00:23:55.000000;27bfaedc-8f49-4c3b-b257-9e167c3a5951;440.96;0.99;UNKNOWN
2016-02-21T00:23:56.000000;2016-02-21T00:23:56.000000;e21780db-b4a5-4717-9733-c501f91b2f0f;440.96;0.08906988;UNKNOWN
2016-02-21T00:24:07.000000;2016-02-21T00:24:07.000000;1bd4828d-c851-47f8-915b-9e74b124d9fc;440.96;0.13855;UNKNOWN
2016-02-21T00:24:11.000000;2016-02-21T00:24:11.000000;7b3dd8ec-fb1f-4cf0-8ef9-1b3abfc3267b;440.76;5.6616;UNKNOWN
2016-02-21T00:24:11.000000;2016-02-21T00:24:11.000000;5464a94c-1845-4938-b364-c209e44f5844;440.96;12.96204594;UNKNOWN
2016-02-21T00:24:11.000000;2016-02-21T00:24:11.000000;078edb5f-b6ca-4530-985d-3a401ea37b44;440.76;34.17185146;UNKNOWN
2016-02-21T00:24:22.000000;2016-02-21T00:24:22.000000;80ff94e5-aa51-4ea2-a68b-51b68ff19c46;440.74;0.13892;UNKNOWN
2016-02-21T00:24:40.000000;2016-02-21T00:24:40.000000;43f82b75-4075-4051-ba56-b027439248b0;440.18;14.9929;UNKNOWN
2016-02-21T00:24:40.000000;2016-02-21T00:24:40.000000;3eb8bbcd-2ae4-4eb6-a054-f94ea7eeff48;440.58;12.0;UNKNOWN
2016-02-21T00:24:40.000000;2016-02-21T00:24:40.000000;416e8db9-1e52-43de-9755-b730dbabe3c9;440.57;15.6314;UNKNOWN
2016-02-21T00:24:40.000000;2016-02-21T00:24:40.000000;fefab1c9-7c92-4764-a645-064c9239d94b;440.6;3.0;UNKNOWN
2016-02-21T00:24:40.000000;2016-02-21T00:24:40.000000;d33ec7d1-826c-46de-ae47-e91791dd4159;440.02;3.2402657;UNKNOWN
2016-02-21T00:24:40.000000;2016-02-21T00:24:40.000000;b4c12592-3c9a-4bdc-9bae-d00660e09577;440.58;1.12;UNKNOWN
2016-02-21T00:24:40.000000;2016-02-21T00:24:40.000000;f3e4e086-5d82-4408-940d-08c8e4cbbee6;440.58;6.0;UNKNOWN
2016-02-21T00:24:40.000000;2016-02-21T00:24:40.000000;78929662-4041-41e7-8c37-4f3f32496626;440.6;0.5;UNKNOWN
2016-02-21T00:24:40.000000;2016-02-21T00:24:40.000000;876921e0-ca05-4943-b1f8-9bb773b384cd;440.61;32.782;UNKNOWN
2016-02-21T00:24:40.000000;2016-02-21T00:24:40.000000;c706c6b6-1c8e-4b4b-bec5-73c87fbc29cc;440.08;3.2404057;UNKNOWN
2016-02-21T00:24:40.000000;2016-02-21T00:24:40.000000;5d76cf6c-542d-45b0-80c9-ed39a8b0bf7f;440.61;5.6076;UNKNOWN
2016-02-21T00:24:40.000000;2016-02-21T00:24:40.000000;9e4142b9-5d6d-4122-b7fa-a3e773e8814c;440.05;3.2402657;UNKNOWN
2016-02-21T00:24:40.000000;2016-02-21T00:24:40.000000;5bb0f490-19a3-4958-9e7a-db45a3ec073b;440.13;3.2404057;UNKNOWN
2016-02-21T00:24:40.000000;2016-02-21T00:24:40.000000;f2022e70-6a0c-43d9-ae99-ff1c00c2c8db;440.39;17.1523;UNKNOWN
2016-02-21T00:24:40.000000;2016-02-21T00:24:40.000000;026e88e5-5c94-4445-9cd6-f41d4b8b8a22;440.08;3.23963586;UNKNOWN
2016-02-21T00:24:40.000000;2016-02-21T00:24:40.000000;b4efefb0-1d01-4896-b58f-477406e4901f;440.54;1.0887;UNKNOWN
2016-02-21T00:24:40.000000;2016-02-21T00:24:40.000000;9db34827-f70a-4350-bda0-261a4e6c40fd;440.26;3.2402657;UNKNOWN
2016-02-21T00:24:40.000000;2016-02-21T00:24:40.000000;a00f7be7-6335-4a6f-a357-ee4a83b2f7c1;440.21;3.2402657;UNKNOWN
2016-02-21T00:24:42.000000;2016-02-21T00:24:42.000000;cbdc2371-b450-49ba-97b7-354a7eafc398;440.0;3.23960088;UNKNOWN
2016-02-21T00:24:43.000000;2016-02-21T00:24:43.000000;3844c40c-f16b-4752-a2cc-30871853e1a2;440.0;1.12;UNKNOWN
2016-02-21T00:24:43.000000;2016-02-21T00:24:43.000000;2e6d66e0-602d-47cd-956b-da74ed8c8ed8;440.0;8.0;UNKNOWN
2016-02-21T00:24:46.000000;2016-02-21T00:24:46.000000;3badd8a3-82b0-4730-8f1b-af56bb424622;439.99;3.23960088;UNKNOWN
2016-02-21T00:24:49.000000;2016-02-21T00:24:49.000000;d5171828-c985-4cfd-bb4c-3cceda0faf67;439.97;0.139223;UNKNOWN
2016-02-21T00:24:51.000000;2016-02-21T00:24:51.000000;9c099cd8-4626-4f9f-8248-344e86aadf98;439.97;0.04;UNKNOWN
2016-02-21T00:24:51.000000;2016-02-21T00:24:51.000000;6e55ba61-0317-4bda-9282-6b72a02412d7;439.96;0.285009;UNKNOWN
2016-02-21T00:24:51.000000;2016-02-21T00:24:51.000000;a9badf92-515e-4ed9-8c9d-d5b233711a2f;439.97;0.320777;UNKNOWN
2016-02-21T00:25:07.000000;2016-02-21T00:25:07.000000;b90cba77-3035-4a15-9922-700d9c6d7dd3;439.96;1.0;UNKNOWN
2016-02-21T00:25:21.000000;2016-02-21T00:25:21.000000;2a35eef6-2206-43a1-bc03-b9c3ef0d0d03;439.96;0.04458845;UNKNOWN
2016-02-21T00:25:21.000000;2016-02-21T00:25:21.000000;a9c0e14d-fd53-49c7-95ec-af31cdc571c3;439.96;0.05112442;UNKNOWN
2016-02-21T00:25:24.000000;2016-02-21T00:25:24.000000;b3d67ac8-71d8-4885-9994-bf7428d1cede;439.96;0.08428713;UNKNOWN
2016-02-21T00:25:57.000000;2016-02-21T00:25:57.000000;94f84676-4af3-4389-8724-861e0c278ce1;440.0;0.2806611;UNKNOWN
2016-02-21T00:25:57.000000;2016-02-21T00:25:57.000000;b6ab496e-fa70-4f54-8999-392df07180d7;439.99;0.061316;UNKNOWN
2016-02-21T00:26:31.000000;2016-02-21T00:26:31.000000;79b00d28-d248-45e6-b677-980966c204fd;439.98;0.07189327;UNKNOWN
2016-02-21T00:27:13.000000;2016-02-21T00:27:13.000000;3005f5b7-3aae-4702-b9e9-9858c201946a;439.95;0.06500653;UNKNOWN
2016-02-21T00:27:48.000000;2016-02-21T00:27:48.000000;1d91ada0-95c4-4020-b106-48a0c4994293;439.98;0.3338;UNKNOWN
2016-02-21T00:28:06.000000;2016-02-21T00:28:06.000000;9a6c92e2-3e43-4e9a-afc5-a8573859606d;439.98;1.43144041;UNKNOWN
2016-02-21T00:28:27.000000;2016-02-21T00:28:27.000000;f6ccdb74-64a2-4552-a525-3682c26a2e68;439.98;0.4;UNKNOWN
2016-02-21T00:28:31.000000;2016-02-21T00:28:31.000000;2a16e347-e15c-4945-80b3-6e5f6dab93ea;439.98;10.0;UNKNOWN
2016-02-21T00:29:00.000000;2016-02-21T00:29:00.000000;acdee89b-529b-47f7-aceb-9f362528f83d;439.97;0.86;UNKNOWN
2016-02-21T00:29:05.000000;2016-02-21T00:29:05.000000;557192ef-9424-4815-b6dd-414ee2701aaa;439.93;0.99326851;UNKNOWN
2016-02-21T00:29:05.000000;2016-02-21T00:29:05.000000;a966c2c7-ce32-4e64-83b2-696685b836ca;439.95;0.66;UNKNOWN
2016-02-21T00:29:09.000000;2016-02-21T00:29:09.000000;09015165-7b9a-491e-9ad1-cf5b2c33a52c;439.79;0.19634661;UNKNOWN
2016-02-21T00:29:09.000000;2016-02-21T00:29:09.000000;67ac0fd0-5b71-49f6-b721-2ba490dfa595;439.89;3.23946095;UNKNOWN
2016-02-21T00:29:09.000000;2016-02-21T00:29:09.000000;04065851-33de-4f9b-92e7-2cce543e8ede;439.95;1.0;UNKNOWN
2016-02-21T00:29:09.000000;2016-02-21T00:29:09.000000;891ac8e9-013b-4fd0-aa90-801f4f6a2049;439.83;3.23946095;UNKNOWN
2016-02-21T00:29:09.000000;2016-02-21T00:29:09.000000;edd2d9bf-df6b-481c-a4f0-671084530e44;439.93;13.32473149;UNKNOWN
2016-02-21T00:29:17.000000;2016-02-21T00:29:17.000000;eda60f0b-4990-4a92-ac23-932c35611bf9;439.93;3.2381672;UNKNOWN
2016-02-21T00:29:23.000000;2016-02-21T00:29:23.000000;f3f17f11-6b94-499f-896d-7feaaf840209;439.91;1.0;UNKNOWN
2016-02-21T00:29:35.000000;2016-02-21T00:29:35.000000;e18179d4-e336-40b2-9eb2-a27d8c90bbc5;439.9;6.27;UNKNOWN
2016-02-21T00:29:35.000000;2016-02-21T00:29:35.000000;be639d6d-6831-48fb-9483-a0d95121130b;439.9;1.0;UNKNOWN
2016-02-21T00:29:35.000000;2016-02-21T00:29:35.000000;8fa32b02-0f41-46a3-acdb-5853459d6af0;439.9;5.6408;UNKNOWN
2016-02-21T00:29:55.000000;2016-02-21T00:29:55.000000;2dadcaca-80d8-4120-9b76-968576991d83;439.93;0.6;UNKNOWN
2016-02-21T00:30:54.000000;2016-02-21T00:30:54.000000;7f2de596-541f-4a2f-91a2-7fcb641e857b;439.91;0.01180865;UNKNOWN
2016-02-21T00:31:38.000000;2016-02-21T00:31:38.000000;c842f195-07eb-429c-850a-7b5aa1d14c0c;439.9;0.08937397;UNKNOWN
2016-02-21T00:32:26.000000;2016-02-21T00:32:26.000000;c27a7432-ca6e-4818-9e1a-0f6261c8919c;439.93;0.34;UNKNOWN
2016-02-21T00:32:38.000000;2016-02-21T00:32:38.000000;c08ea597-bb2b-464a-bb86-07e1fbfc136e;439.9;0.01143115;UNKNOWN
2016-02-21T00:32:47.000000;2016-02-21T00:32:47.000000;976c7a4d-0df8-434d-a47e-4ba466faab46;439.99;5.6098;UNKNOWN
2016-02-21T00:32:47.000000;2016-02-21T00:32:47.000000;fe9f55af-612b-4376-8846-b65f0ae27fa1;439.95;1.0;UNKNOWN
2016-02-21T00:32:47.000000;2016-02-21T00:32:47.000000;12ded58e-86cd-4d1d-9ad3-8c57c39fffb4;439.99;0.071912;UNKNOWN
2016-02-21T00:32:47.000000;2016-02-21T00:32:47.000000;f5c841aa-4b04-4831-be2d-86193d7239a4;440.0;1.62671936;UNKNOWN
2016-02-21T00:32:47.000000;2016-02-21T00:32:47.000000;d01111c6-7302-42de-aa22-c408f9a79393;439.93;0.061477;UNKNOWN
2016-02-21T00:32:47.000000;2016-02-21T00:32:47.000000;d80e0acd-e928-49e5-9bb3-6674da9c9023;439.99;0.07189164;UNKNOWN
2016-02-21T00:32:47.000000;2016-02-21T00:32:47.000000;79ebecdf-765d-470a-b26c-29d0aa485eca;439.93;0.06;UNKNOWN
2016-02-21T00:33:11.000000;2016-02-21T00:33:11.000000;f707d072-ecb1-4e6e-9963-ed0c91b2efd0;440.0;22.6326;UNKNOWN
2016-02-21T00:33:15.000000;2016-02-21T00:33:15.000000;d3336bdb-e4a0-4bc8-9d90-9e2198aa69e9;440.0;24.1085;UNKNOWN
2016-02-21T00:33:23.000000;2016-02-21T00:33:23.000000;e785f480-ee3d-468d-90ea-fdb53811b597;440.0;0.06148;UNKNOWN
2016-02-21T00:33:23.000000;2016-02-21T00:33:23.000000;4b1e55a1-8b7d-465c-a60e-aac7093e6a0c;440.0;6.4355086;UNKNOWN
2016-02-21T00:33:28.000000;2016-02-21T00:33:28.000000;977b0212-0805-4b5b-9df5-3768eef7b3f9;440.25;0.061475;UNKNOWN
2016-02-21T00:33:48.000000;2016-02-21T00:33:48.000000;9a8cfbca-1640-4950-a090-feea74aa7a03;440.46;0.4;UNKNOWN
2016-02-21T00:33:58.000000;2016-02-21T00:33:58.000000;2cb75ab5-c0bd-4db4-814e-0923b573689f;440.49;0.2;UNKNOWN
2016-02-21T00:34:21.000000;2016-02-21T00:34:21.000000;49efb9f4-9cc3-472e-a804-4b5703ad496f;440.7;1.8;UNKNOWN
2016-02-21T00:34:36.000000;2016-02-21T00:34:36.000000;c9c0afec-2082-41aa-b2e1-362ded166790;441.0;6.407;UNKNOWN
2016-02-21T00:34:36.000000;2016-02-21T00:34:36.000000;c7843bb5-9660-4e37-b976-eb6d4116963a;440.99;5.593;UNKNOWN
2016-02-21T00:35:38.000000;2016-02-21T00:35:38.000000;345f4217-25ca-4bb4-ae76-c67bd9d4f465;440.77;0.10205424;UNKNOWN
2016-02-21T00:35:40.000000;2016-02-21T00:35:40.000000;3be9178b-ed46-4866-9e96-f914ce9d879d;440.8;1.5977;UNKNOWN
2016-02-21T00:35:40.000000;2016-02-21T00:35:40.000000;5b934a5a-1578-450e-b33b-6d0700333325;440.89;0.4023;UNKNOWN
2016-02-21T00:35:46.000000;2016-02-21T00:35:46.000000;f988a60d-f07d-4d0a-9a12-71b2360c3a87;440.77;0.52;UNKNOWN
2016-02-21T00:35:46.000000;2016-02-21T00:35:46.000000;7ee1adab-5226-4286-bf9f-5359f4758a75;440.7;4.48;UNKNOWN
2016-02-21T00:36:55.000000;2016-02-21T00:36:55.000000;ddeb891d-ae74-4352-b512-1c1811cb4710;440.77;0.46;UNKNOWN
2016-02-21T00:36:55.000000;2016-02-21T00:36:55.000000;9e9f53ac-6f21-47b6-9570-a710ba5e72a5;440.75;0.54;UNKNOWN
2016-02-21T00:38:24.000000;2016-02-21T00:38:24.000000;54cd661b-513a-49e8-a1c6-92ab9807179e;440.78;1.0;UNKNOWN
2016-02-21T00:38:36.000000;2016-02-21T00:38:36.000000;d0f577f0-c7db-45e6-aa91-77fe3bc5815b;440.78;1.0;UNKNOWN
2016-02-21T00:38:44.000000;2016-02-21T00:38:44.000000;eafb8fb1-bae4-48be-ba50-33e00d1e8eb6;440.78;1.22771531;UNKNOWN
2016-02-21T00:38:44.000000;2016-02-21T00:38:44.000000;9e032347-f0aa-41fe-bad4-ca04595d8e43;440.78;0.47228469;UNKNOWN
2016-02-21T00:38:46.000000;2016-02-21T00:38:46.000000;9f75b178-a020-40fa-b828-6e6b1b25c55f;440.78;1.0;UNKNOWN
2016-02-21T00:39:06.000000;2016-02-21T00:39:06.000000;7766cdaf-6209-43ab-97da-3359d85d73c9;440.79;0.99428946;UNKNOWN
2016-02-21T00:39:07.000000;2016-02-21T00:39:07.000000;361572a8-9835-4e71-a406-84b2cb353469;440.78;1.0;UNKNOWN
2016-02-21T00:39:21.000000;2016-02-21T00:39:21.000000;259af97e-c770-4a26-9e41-fc96d4c3a056;440.78;0.05;UNKNOWN
2016-02-21T00:39:22.000000;2016-02-21T00:39:22.000000;558aca2e-cab5-4539-bdad-cacf0952d87a;440.78;0.29352722;UNKNOWN
2016-02-21T00:39:22.000000;2016-02-21T00:39:22.000000;9e4bea0c-4a95-4882-bf38-336d4a01c843;440.78;0.70647278;UNKNOWN
2016-02-21T00:39:31.000000;2016-02-21T00:39:31.000000;07ae173e-78a6-4416-9d71-1e5f5ef32d9e;440.78;1.0;UNKNOWN
2016-02-21T00:39:59.000000;2016-02-21T00:39:59.000000;f45c8754-fa9f-478e-b4c3-3e0de95b054e;440.78;0.46966222;UNKNOWN
2016-02-21T00:40:14.000000;2016-02-21T00:40:14.000000;0aa2e453-ce0a-467a-91e2-627ee3f08d68;440.6;0.09;UNKNOWN
2016-02-21T00:40:14.000000;2016-02-21T00:40:14.000000;bed06c12-d423-427e-8ff9-0e563193c36d;440.61;0.41;UNKNOWN
2016-02-21T00:40:59.000000;2016-02-21T00:40:59.000000;b6bb284e-826b-4544-934e-6a7aa872154d;440.42;5.6455;UNKNOWN
2016-02-21T00:40:59.000000;2016-02-21T00:40:59.000000;c7d2e659-b8d2-47ea-b938-ba9cb57cd321;440.42;22.69;UNKNOWN
2016-02-21T00:40:59.000000;2016-02-21T00:40:59.000000;1c7da259-57e7-4138-8e10-06add92088f3;440.42;0.39;UNKNOWN
2016-02-21T00:40:59.000000;2016-02-21T00:40:59.000000;26796c33-5b5a-471c-b71c-0739690266dc;440.28;0.2;UNKNOWN
2016-02-21T00:40:59.000000;2016-02-21T00:40:59.000000;3eae899e-08bc-4a8c-8398-e46f6449609d;440.07;13.8607;UNKNOWN
2016-02-21T00:40:59.000000;2016-02-21T00:40:59.000000;6c3dc8bd-f418-4ad4-be8a-8ff7170e07d4;440.25;12.944025;UNKNOWN
2016-02-21T00:40:59.000000;2016-02-21T00:40:59.000000;f1d2103b-66b1-4f82-bf07-d0220b368ca1;440.41;12.796;UNKNOWN
2016-02-21T00:41:04.000000;2016-02-21T00:41:04.000000;8d1d80b2-9f25-4a52-9249-2e596dc0f132;439.94;0.5;UNKNOWN
2016-02-21T00:42:19.000000;2016-02-21T00:42:19.000000;c21ce3d3-765a-4308-bdff-f17f8053d4c3;439.92;0.4;UNKNOWN
2016-02-21T00:43:06.000000;2016-02-21T00:43:06.000000;6af4a3d3-3734-4187-8c89-c4a381a0ad67;439.94;0.06614898;UNKNOWN
2016-02-21T00:43:07.000000;2016-02-21T00:43:07.000000;ba613a02-64f4-428a-9a87-3ba7f01c3523;439.94;2.07685693;UNKNOWN
2016-02-21T00:45:18.000000;2016-02-21T00:45:18.000000;e11e3810-6912-4b66-a10e-8a7de75b787d;439.95;0.14827505;UNKNOWN
2016-02-21T00:45:38.000000;2016-02-21T00:45:38.000000;a70419b9-f776-439d-9878-4ecc7577603a;439.89;0.25;UNKNOWN
2016-02-21T00:46:20.000000;2016-02-21T00:46:20.000000;9ce52f9e-f23a-4eb2-a36b-097b8115fc1b;439.89;0.34;UNKNOWN
2016-02-21T00:48:41.000000;2016-02-21T00:48:41.000000;0c506aaf-eddb-4e0c-95b0-d3287dc6190e;439.95;0.5;UNKNOWN
2016-02-21T00:49:47.000000;2016-02-21T00:49:47.000000;c3e33033-0e14-4769-bc0c-501d3a4bd272;439.86;0.64577465;UNKNOWN
2016-02-21T00:50:06.000000;2016-02-21T00:50:06.000000;4023822c-5447-477c-9cf3-d345ba8d2b95;439.87;0.80005697;UNKNOWN
2016-02-21T00:50:09.000000;2016-02-21T00:50:09.000000;e48dc4ed-1fe4-4cd9-b46c-38d998ff74d0;439.87;0.1;UNKNOWN
2016-02-21T00:51:51.000000;2016-02-21T00:51:51.000000;8b7d1bdf-0f82-446a-b2fc-1abe1ff61723;439.78;0.03;UNKNOWN
2016-02-21T00:52:25.000000;2016-02-21T00:52:25.000000;4fa89d4c-38b6-401b-a97b-b2d3ee231194;439.76;0.31;UNKNOWN
2016-02-21T00:52:27.000000;2016-02-21T00:52:27.000000;b864e72d-ebed-4904-ac60-5f8596d5e53a;439.75;0.32;UNKNOWN
2016-02-21T00:52:49.000000;2016-02-21T00:52:49.000000;92f7af4b-3691-4d47-8b43-e233016e9003;439.56;0.33;UNKNOWN
2016-02-21T00:52:49.000000;2016-02-21T00:52:49.000000;e03b8edb-0a25-4997-8b95-92d7ab1f895f;439.5;0.17;UNKNOWN
2016-02-21T00:52:52.000000;2016-02-21T00:52:52.000000;9ce98363-5d7f-4dc0-bb07-a985f6c310b4;439.5;7.22279158;UNKNOWN
2016-02-21T00:52:56.000000;2016-02-21T00:52:56.000000;f97f9cd2-474d-499b-bd66-e19a278cb28b;439.5;0.5;UNKNOWN
2016-02-21T00:53:00.000000;2016-02-21T00:53:00.000000;51387668-3cdc-4198-af20-812653a5c667;439.52;0.33;UNKNOWN
2016-02-21T00:53:32.000000;2016-02-21T00:53:32.000000;05ec2244-9a62-447c-81a2-c3a1f301a775;439.51;0.0321094;UNKNOWN
2016-02-21T00:53:44.000000;2016-02-21T00:53:44.000000;38c02cd6-e284-4318-b21a-ad7a3cd79f5f;436.0;40.0;UNKNOWN
2016-02-21T00:53:44.000000;2016-02-21T00:53:44.000000;d91b5f58-1860-4ec7-b287-47c62422d30f;438.0;0.02;UNKNOWN
2016-02-21T00:53:44.000000;2016-02-21T00:53:44.000000;e70ee445-fee3-4b0a-8b44-1cc6390cae87;436.4;0.03;UNKNOWN
2016-02-21T00:53:44.000000;2016-02-21T00:53:44.000000;4a927c8b-5ee8-4875-a1e8-28166869b63c;437.5;0.5;UNKNOWN
2016-02-21T00:53:44.000000;2016-02-21T00:53:44.000000;290379bc-960f-4515-b6f3-852e497dc40f;437.12;0.08667853;UNKNOWN
2016-02-21T00:53:44.000000;2016-02-21T00:53:44.000000;bef16658-2d0b-4b3c-b728-dd527b5a8a83;436.95;10.86860871;UNKNOWN
2016-02-21T00:53:44.000000;2016-02-21T00:53:44.000000;63ebce17-df59-47e2-8de0-ff30ef5d9f7b;436.75;0.01;UNKNOWN
2016-02-21T00:53:44.000000;2016-02-21T00:53:44.000000;7c275e75-4f2b-451c-8d9c-5e70ff118714;436.58;0.03428243;UNKNOWN
2016-02-21T00:53:44.000000;2016-02-21T00:53:44.000000;259922f5-bcf2-4f17-8b92-b66ba68b9f24;436.0;0.5;UNKNOWN
2016-02-21T00:53:44.000000;2016-02-21T00:53:44.000000;4884dfeb-1820-4cdb-b7c7-8bbde7987983;436.2;1.0;UNKNOWN
2016-02-21T00:53:44.000000;2016-02-21T00:53:44.000000;1552b5f3-8759-46bd-8138-3b2197e52659;437.02;0.08669951;UNKNOWN
2016-02-21T00:53:44.000000;2016-02-21T00:53:44.000000;e08d84a6-073d-46c5-a320-ce97472f1fbb;436.35;12.5;UNKNOWN
2016-02-21T00:53:44.000000;2016-02-21T00:53:44.000000;f4aa8b92-629c-4cdd-8b11-7050e0421c9d;438.41;5.87682405;UNKNOWN
2016-02-21T00:53:44.000000;2016-02-21T00:53:44.000000;80aead65-45f4-46ec-8613-38598d373153;437.53;16.3945;UNKNOWN
2016-02-21T00:53:44.000000;2016-02-21T00:53:44.000000;ec3cfe29-6839-48f4-9ade-cf461a4270a6;437.04;0.14044026;UNKNOWN
2016-02-21T00:53:44.000000;2016-02-21T00:53:44.000000;d92895cf-50c7-42e5-b6ef-3fc54f269ce6;437.92;4.584;UNKNOWN
2016-02-21T00:53:44.000000;2016-02-21T00:53:44.000000;3e9c855f-cf17-47cb-a4ad-1e0eb1982e8f;437.91;50.0;UNKNOWN
2016-02-21T00:53:44.000000;2016-02-21T00:53:44.000000;1d6ce214-d4d7-43ce-891e-94f00f672a81;437.02;4.825;UNKNOWN
2016-02-21T00:53:44.000000;2016-02-21T00:53:44.000000;2f61f43d-e2ba-4bb2-bce8-cae073295f3c;437.2;8.1644;UNKNOWN
2016-02-21T00:53:44.000000;2016-02-21T00:53:44.000000;ec4c6a51-34e6-4fac-ad19-446abae89940;437.96;15.2509;UNKNOWN
2016-02-21T00:53:44.000000;2016-02-21T00:53:44.000000;ae1add66-8f75-4639-95bb-ad1882e141e0;436.27;0.1;UNKNOWN
2016-02-21T00:53:44.000000;2016-02-21T00:53:44.000000;0462a906-4584-45e6-935c-ba8c568166f0;436.75;20.1959;UNKNOWN
2016-02-21T00:53:44.000000;2016-02-21T00:53:44.000000;01f7f97e-29e8-47d3-b355-b70c3eb67c34;436.5;50.0;UNKNOWN
2016-02-21T00:53:44.000000;2016-02-21T00:53:44.000000;edae2bf5-6f36-4df7-99f4-8461f8427a32;436.95;0.01;UNKNOWN
2016-02-21T00:53:44.000000;2016-02-21T00:53:44.000000;a44f4ab5-5571-46d8-bb77-6c98a0ac5bca;436.51;5.067;UNKNOWN
2016-02-21T00:53:44.000000;2016-02-21T00:53:44.000000;a58f9560-da1e-42ab-a53a-82959d5804d8;436.51;5.9580705;UNKNOWN
2016-02-21T00:53:44.000000;2016-02-21T00:53:44.000000;de6dc057-f87f-4eed-a4e4-919bb9b86b6a;436.55;0.01;UNKNOWN
2016-02-21T00:53:44.000000;2016-02-21T00:53:44.000000;f4745798-1d26-42e8-bd60-337de7212c46;436.33;16.14;UNKNOWN
2016-02-21T00:53:44.000000;2016-02-21T00:53:44.000000;e01088de-ca7a-4630-b182-47e5c5e5a256;436.2;0.03;UNKNOWN
2016-02-21T00:53:44.000000;2016-02-21T00:53:44.000000;c2792372-6bdc-4d53-acc1-a8d0e96972fa;437.0;3.0;UNKNOWN
2016-02-21T00:53:44.000000;2016-02-21T00:53:44.000000;ede489fe-a67e-474b-bb1b-25fbcb2824b1;437.0;5.0;UNKNOWN
2016-02-21T00:53:44.000000;2016-02-21T00:53:44.000000;16e2afde-a34e-4809-8252-78b5e827f051;436.8;0.03;UNKNOWN
2016-02-21T00:53:44.000000;2016-02-21T00:53:44.000000;8a5176f9-47c2-4a39-b8e8-b6c95f279293;437.01;4.584;UNKNOWN
2016-02-21T00:53:44.000000;2016-02-21T00:53:44.000000;9a41edef-0cfb-41d2-b3b9-c15303fd932c;437.0;6.0;UNKNOWN
2016-02-21T00:53:44.000000;2016-02-21T00:53:44.000000;c5d1b1a1-c7da-4f94-9bd0-bfa201f54bed;437.51;32.237;UNKNOWN
2016-02-21T00:53:44.000000;2016-02-21T00:53:44.000000;09a74306-3785-44cd-8d73-23d7f3cbd4c6;436.65;0.01;UNKNOWN
2016-02-21T00:53:44.000000;2016-02-21T00:53:44.000000;dca93a7a-0110-4053-92a9-17ab7cc53fe2;436.88;0.08672745;UNKNOWN
2016-02-21T00:53:44.000000;2016-02-21T00:53:44.000000;1063a210-cf53-4a67-a856-26418dc46ecc;436.55;10.0;UNKNOWN
2016-02-21T00:53:44.000000;2016-02-21T00:53:44.000000;830554da-5d05-442d-a0f5-79baad705341;438.47;3.2449622;UNKNOWN
2016-02-21T00:53:44.000000;2016-02-21T00:53:44.000000;fd2a73f3-14c2-4f9c-ab8a-ca305403d768;436.94;0.09933112;UNKNOWN
2016-02-21T00:53:44.000000;2016-02-21T00:53:44.000000;f6de8027-bafc-4d87-92df-4489d32900ce;438.53;3.2449622;UNKNOWN
2016-02-21T00:53:44.000000;2016-02-21T00:53:44.000000;d2b83b8b-662c-44ca-9162-3227f832b660;436.57;3.82;UNKNOWN
2016-02-21T00:53:44.000000;2016-02-21T00:53:44.000000;e88e6ab9-dc48-47ab-aafd-132c0d232f55;436.57;7.64;UNKNOWN
2016-02-21T00:53:44.000000;2016-02-21T00:53:44.000000;89b9ac6c-fa1a-4461-a63e-34d98c78693a;438.79;3.24429545;UNKNOWN
2016-02-21T00:53:44.000000;2016-02-21T00:53:44.000000;717753a7-af2a-44c3-a840-828626d28490;438.0;18.0;UNKNOWN
2016-02-21T00:53:44.000000;2016-02-21T00:53:44.000000;165dbfc0-57c1-4e5b-8792-a10cd3058803;438.17;17.2215;UNKNOWN
2016-02-21T00:53:44.000000;2016-02-21T00:53:44.000000;f10a2216-868c-44a9-9dec-1211d694c8e6;436.0;0.03;UNKNOWN
2016-02-21T00:53:44.000000;2016-02-21T00:53:44.000000;958ac0ce-5d44-4779-83d1-2f076704b140;436.0;5.0;UNKNOWN
2016-02-21T00:53:44.000000;2016-02-21T00:53:44.000000;655e40ae-aebb-48d4-9169-26f72903e443;436.0;0.02;UNKNOWN
2016-02-21T00:53:44.000000;2016-02-21T00:53:44.000000;8c663550-5adf-4dea-9cb5-bb62e5ca2c95;436.4;0.5874;UNKNOWN
2016-02-21T00:53:44.000000;2016-02-21T00:53:44.000000;7a44a3d5-54a3-4aad-8bb4-dc21573bd905;436.14;14.9509;UNKNOWN
2016-02-21T00:53:44.000000;2016-02-21T00:53:44.000000;388a5624-69b0-4665-98dc-66d74a1b44cc;437.93;5.067;UNKNOWN
2016-02-21T00:53:44.000000;2016-02-21T00:53:44.000000;412a504c-2acb-4279-b28f-cbd5b696988f;437.25;0.01;UNKNOWN
2016-02-21T00:53:44.000000;2016-02-21T00:53:44.000000;2711094c-94a6-4d7f-8e67-9ea61341a70a;438.63;18.5115;UNKNOWN
2016-02-21T00:53:44.000000;2016-02-21T00:53:44.000000;d6115bf3-4841-482f-ae26-58b9ba27cb99;437.22;0.12068922;UNKNOWN
2016-02-21T00:53:44.000000;2016-02-21T00:53:44.000000;8222a823-90ce-491a-96cb-785e3f606386;438.8;13.8333;UNKNOWN
2016-02-21T00:53:44.000000;2016-02-21T00:53:44.000000;93e816de-cb00-4d2d-98b5-732a8a7fb667;438.65;3.24412003;UNKNOWN
2016-02-21T00:53:44.000000;2016-02-21T00:53:44.000000;2f856137-389e-4294-aaea-12c0785fc4eb;437.13;15.7852;UNKNOWN
2016-02-21T00:53:44.000000;2016-02-21T00:53:44.000000;dcc85bdb-6b3a-407b-b074-ea145c98af55;436.0;0.5874;UNKNOWN
2016-02-21T00:53:44.000000;2016-02-21T00:53:44.000000;1b8f5e6c-ab03-4f5c-933f-548e3f6f2f87;436.56;16.1565;UNKNOWN
2016-02-21T00:53:44.000000;2016-02-21T00:53:44.000000;cdeb5e29-4935-4a08-93bf-05fb5bea0a26;436.0;3.0;UNKNOWN
2016-02-21T00:53:44.000000;2016-02-21T00:53:44.000000;46cc6ac2-b972-49ac-a62a-4971d10044d3;438.4;17.99;UNKNOWN
2016-02-21T00:53:44.000000;2016-02-21T00:53:44.000000;a8fea6fc-2f6d-4444-b47e-9b1acbe6cb25;436.5;53.219;UNKNOWN
2016-02-21T00:53:44.000000;2016-02-21T00:53:44.000000;af75e1db-c50a-4633-9b24-b54c13e2d360;436.6;0.03;UNKNOWN
2016-02-21T00:53:44.000000;2016-02-21T00:53:44.000000;6d4b1f38-3838-4a71-9428-5990631cb45e;437.4;18.0;UNKNOWN
2016-02-21T00:53:44.000000;2016-02-21T00:53:44.000000;0bf21516-0de8-4d8b-9f96-11f714f21dbf;438.2;0.5874;UNKNOWN
2016-02-21T00:53:44.000000;2016-02-21T00:53:44.000000;33e1ff82-bbbc-4099-bfc3-319b2e8db515;439.01;2.865;UNKNOWN
2016-02-21T00:53:44.000000;2016-02-21T00:53:44.000000;bdb0dc8a-74a8-4de1-a706-b6d6895a2514;437.5;0.02;UNKNOWN
2016-02-21T00:53:44.000000;2016-02-21T00:53:44.000000;9e077fb0-e5a5-4121-a5cd-b19e50f70928;439.0;18.0;UNKNOWN
2016-02-21T00:53:44.000000;2016-02-21T00:53:44.000000;6a3bf5db-6e2e-4148-a19a-3773f9b244fe;439.5;10.10720842;UNKNOWN
2016-02-21T00:53:44.000000;2016-02-21T00:53:44.000000;0f9d8a33-a7d6-4898-a7ef-c10498b90637;438.4;16.9448;UNKNOWN
2016-02-21T00:53:44.000000;2016-02-21T00:53:44.000000;a77de242-6d91-440b-9868-3098fc23e0ee;438.35;3.2449271;UNKNOWN
2016-02-21T00:53:44.000000;2016-02-21T00:53:44.000000;54668a92-91ea-4dd0-95b8-9702f792a395;438.7;1.0;UNKNOWN
2016-02-21T00:53:44.000000;2016-02-21T00:53:44.000000;191afc84-fac1-4d4d-bfb2-b16852a00a1d;439.25;1.81;UNKNOWN
2016-02-21T00:53:44.000000;2016-02-21T00:53:44.000000;08042563-f695-4797-8a59-a3e08c681dca;437.75;15.3271;UNKNOWN
2016-02-21T00:53:44.000000;2016-02-21T00:53:44.000000;4af940b6-d6b7-4165-bb83-fe1372fda0da;438.29;3.2449622;UNKNOWN
2016-02-21T00:53:44.000000;2016-02-21T00:53:44.000000;d2310f7e-c6ef-41f1-adf3-2e6eb3f723d2;437.33;15.0434;UNKNOWN
2016-02-21T00:53:44.000000;2016-02-21T00:53:44.000000;a91a3dc1-3dfb-4d43-96c8-3f38b21d38b4;436.0;6.15;UNKNOWN
2016-02-21T00:53:44.000000;2016-02-21T00:53:44.000000;00184e86-d8fd-4a87-bc25-5560eb217531;438.41;3.2449622;UNKNOWN
2016-02-21T00:53:44.000000;2016-02-21T00:53:44.000000;e7c3b24f-fbdb-42bb-ab31-8eac2fde9ba9;438.42;4.07;UNKNOWN
2016-02-21T00:53:44.000000;2016-02-21T00:53:44.000000;5c5fe061-2fc8-4f26-8986-e8e840c6887d;439.51;0.3078906;UNKNOWN
2016-02-21T00:53:44.000000;2016-02-21T00:53:44.000000;095a5146-816f-4eb6-93b6-a51dc33d51d4;438.86;13.328;UNKNOWN
2016-02-21T00:53:44.000000;2016-02-21T00:53:44.000000;98920b3c-0ff9-4ba0-a70d-0c43bba49373;438.85;3.24429545;UNKNOWN
2016-02-21T00:53:44.000000;2016-02-21T00:53:44.000000;79fc8e80-5dd6-4374-a1ed-e503a54aa325;438.41;15.93;UNKNOWN
2016-02-21T00:53:44.000000;2016-02-21T00:53:44.000000;7645dac7-8e28-4660-befd-ad5b8acd21e2;438.76;3.24412003;UNKNOWN
2016-02-21T00:53:44.000000;2016-02-21T00:53:44.000000;aca956d7-78bc-42af-9969-a8814fe0d993;439.06;0.2;UNKNOWN
2016-02-21T00:53:47.000000;2016-02-21T00:53:47.000000;a2143cb3-eda5-4d00-a63c-81935f7c626e;436.0;3.24412003;UNKNOWN
2016-02-21T00:53:48.000000;2016-02-21T00:53:48.000000;2a5bd9bf-758e-416d-842f-33271a0e4b7b;435.98;0.0459;UNKNOWN
2016-02-21T00:53:48.000000;2016-02-21T00:53:48.000000;f24ed5ca-4183-4b75-8db6-75b63c314a21;435.96;0.4541;UNKNOWN
2016-02-21T00:53:48.000000;2016-02-21T00:53:48.000000;d9353a3f-b0e5-4e61-bfc7-57bd7d4ad4e2;436.0;3.24412003;UNKNOWN
2016-02-21T00:53:49.000000;2016-02-21T00:53:49.000000;95e4845d-60dd-4b2b-a003-201bb4c870c4;436.0;0.0553;UNKNOWN
2016-02-21T00:53:49.000000;2016-02-21T00:53:49.000000;f6e7fe3d-7df0-41e8-a266-8f2cb97d82e2;436.0;0.1202;UNKNOWN
2016-02-21T00:53:49.000000;2016-02-21T00:53:49.000000;5177449f-2885-42cd-9255-672597af766f;436.0;0.0815;UNKNOWN
2016-02-21T00:53:50.000000;2016-02-21T00:53:50.000000;f67a563c-1b16-4d7d-8442-ad9eafe7a462;435.98;0.228;UNKNOWN
2016-02-21T00:53:50.000000;2016-02-21T00:53:50.000000;44280d7a-8185-47cd-ac0f-14d330ed223f;435.98;0.228;UNKNOWN
2016-02-21T00:53:50.000000;2016-02-21T00:53:50.000000;0a89dfc9-a2db-40c7-80aa-278b0e752931;435.98;0.228;UNKNOWN
2016-02-21T00:53:50.000000;2016-02-21T00:53:50.000000;122af643-e6ef-411f-8141-a6450f253554;435.99;0.36;UNKNOWN
2016-02-21T00:53:51.000000;2016-02-21T00:53:51.000000;3401c376-2c9a-4634-bb73-7850d65737ed;435.98;4.5366;UNKNOWN
2016-02-21T00:53:51.000000;2016-02-21T00:53:51.000000;ce4ce409-34b1-4137-842e-b527b3304f0f;436.0;1.7034;UNKNOWN
2016-02-21T00:53:51.000000;2016-02-21T00:53:51.000000;85d6a526-b3aa-45fe-9162-72db839591c0;435.99;24.63;UNKNOWN
2016-02-21T00:53:51.000000;2016-02-21T00:53:51.000000;4018e9f8-e00f-462e-8ca1-bdf49e535a0a;435.98;0.4579;UNKNOWN
2016-02-21T00:53:52.000000;2016-02-21T00:53:52.000000;3a9b9483-1ea9-49dd-896c-1cfdd2535433;436.0;0.1;UNKNOWN
2016-02-21T00:53:52.000000;2016-02-21T00:53:52.000000;4a9bf8ec-e74c-4449-8a55-a9d205eecb6f;436.0;4.59;UNKNOWN
2016-02-21T00:53:52.000000;2016-02-21T00:53:52.000000;45b69332-18c5-4c5b-a88c-a798da977ef0;436.0;7.2;UNKNOWN
2016-02-21T00:53:52.000000;2016-02-21T00:53:52.000000;ebcd9f15-470a-4a43-8561-d4d8c00bd43a;436.0;8.21;UNKNOWN
2016-02-21T00:53:52.000000;2016-02-21T00:53:52.000000;f4d97410-4c67-4181-94d4-88c2a619b62d;436.0;0.42;UNKNOWN
2016-02-21T00:53:52.000000;2016-02-21T00:53:52.000000;0f4934cc-5602-4518-9d83-e59c7a9c9c4c;435.97;0.02;UNKNOWN
2016-02-21T00:53:53.000000;2016-02-21T00:53:53.000000;b5db9711-3e01-4db3-af3c-38c11c4dbaf4;436.0;2.8;UNKNOWN
2016-02-21T00:53:54.000000;2016-02-21T00:53:54.000000;ddec43c2-c07b-4ee4-8d1a-c89d9c97601a;436.0;15.0;UNKNOWN
2016-02-21T00:53:55.000000;2016-02-21T00:53:55.000000;91423817-874d-4766-9730-978500ef1926;435.98;7.00696;UNKNOWN
2016-02-21T00:53:55.000000;2016-02-21T00:53:55.000000;a1bedc9b-0c1d-4823-b8ae-c92e34a4b3f2;435.83;33.988949;UNKNOWN
2016-02-21T00:53:55.000000;2016-02-21T00:53:55.000000;ae9ec9cc-9e63-4cad-8aaf-649fb8d4d72d;435.97;0.35;UNKNOWN
2016-02-21T00:53:55.000000;2016-02-21T00:53:55.000000;b31fa775-b712-4e81-a439-c44e60e7437e;435.7;13.6982;UNKNOWN
2016-02-21T00:53:55.000000;2016-02-21T00:53:55.000000;17e0c39c-f458-4934-b1e7-c195089b8657;435.86;0.01;UNKNOWN
2016-02-21T00:53:55.000000;2016-02-21T00:53:55.000000;11c4805e-0f44-40ce-be37-c27523d8c2df;435.9;0.176091;UNKNOWN
2016-02-21T00:53:55.000000;2016-02-21T00:53:55.000000;d8e3ee5c-33a4-486a-aac6-cf09a7a4d5fa;435.8;0.03;UNKNOWN
2016-02-21T00:53:55.000000;2016-02-21T00:53:55.000000;dd50e0ed-22e4-48c3-8ec6-392ad4090da9;435.83;1.011051;UNKNOWN
2016-02-21T00:53:55.000000;2016-02-21T00:53:55.000000;83f7a3fd-8429-4fa9-a7d7-33b60691e810;435.79;0.035942;UNKNOWN
2016-02-21T00:53:55.000000;2016-02-21T00:53:55.000000;5f697f94-6107-49e1-95a2-fb2c207d51f6;436.0;5.0;UNKNOWN
2016-02-21T00:53:55.000000;2016-02-21T00:53:55.000000;17d1aae2-d7aa-4e97-adf0-5e7dd96da5de;435.8;0.5874;UNKNOWN
2016-02-21T00:53:55.000000;2016-02-21T00:53:55.000000;c1f459a7-b574-4405-b6da-1a4bcb5fa30c;435.98;0.228;UNKNOWN
2016-02-21T00:53:55.000000;2016-02-21T00:53:55.000000;15e8d7c9-da25-47fa-ab41-9a979d90f560;435.98;0.228;UNKNOWN
2016-02-21T00:53:55.000000;2016-02-21T00:53:55.000000;2a425eea-69fb-4394-a797-6fe3c4ff372d;435.65;0.01558731;UNKNOWN
2016-02-21T00:53:55.000000;2016-02-21T00:53:55.000000;f0a304a6-eb26-4c71-8de9-1f422b68e9f0;435.69;3.0;UNKNOWN
2016-02-21T00:53:55.000000;2016-02-21T00:53:55.000000;3bdc6423-7243-4eec-bdf5-879aeeb2234a;435.55;2.0;UNKNOWN
2016-02-21T00:53:55.000000;2016-02-21T00:53:55.000000;c6f6d526-a78f-4311-b380-8dffe0a33ea0;435.99;0.35;UNKNOWN
2016-02-21T00:53:55.000000;2016-02-21T00:53:55.000000;1834ec85-8f62-4d55-a790-ca28e1b9a66d;435.99;0.5;UNKNOWN
2016-02-21T00:53:55.000000;2016-02-21T00:53:55.000000;4b19050d-e122-4443-977a-0b66596fd145;435.99;0.5;UNKNOWN
2016-02-21T00:53:55.000000;2016-02-21T00:53:55.000000;67e76479-6206-406e-a0e8-02b943bd8a6d;435.99;10.0;UNKNOWN
2016-02-21T00:53:55.000000;2016-02-21T00:53:55.000000;93ec45e6-1d8a-45b9-bd9c-7aae88cb71d0;435.99;0.228;UNKNOWN
2016-02-21T00:53:55.000000;2016-02-21T00:53:55.000000;d6e43fb7-7f78-4267-bed8-d538de7a99e5;435.57;0.01418433;UNKNOWN
2016-02-21T00:53:55.000000;2016-02-21T00:53:55.000000;31430f5b-32ef-4036-9aa9-6880ea4574b6;435.6;0.03;UNKNOWN
2016-02-21T00:53:55.000000;2016-02-21T00:53:55.000000;b5d25258-04d8-4154-96ad-e79c90bfffc7;435.52;8.33763536;UNKNOWN
2016-02-21T00:53:55.000000;2016-02-21T00:53:55.000000;6162dcc0-e9b2-4be3-9deb-daa2f9e04823;435.99;0.228;UNKNOWN
2016-02-21T00:53:55.000000;2016-02-21T00:53:55.000000;2399fda8-378c-403f-8875-c04b74b659b2;435.99;3.55;UNKNOWN
2016-02-21T00:53:55.000000;2016-02-21T00:53:55.000000;61310456-277e-443f-916a-cc4303237894;435.99;2.0;UNKNOWN
2016-02-21T00:53:55.000000;2016-02-21T00:53:55.000000;1ea253d5-cbc8-4bef-91eb-f82b93f98036;435.99;2.0;UNKNOWN
2016-02-21T00:53:55.000000;2016-02-21T00:53:55.000000;743f8906-cce4-451c-92f4-0098baa6d25f;435.99;0.5;UNKNOWN
2016-02-21T00:53:55.000000;2016-02-21T00:53:55.000000;d6fa538a-5b8f-46f1-b083-4187c6ef91c6;435.99;0.5;UNKNOWN
2016-02-21T00:53:55.000000;2016-02-21T00:53:55.000000;992fc5f1-556c-4be8-bd73-156cb0a40103;435.99;0.3;UNKNOWN
2016-02-21T00:53:55.000000;2016-02-21T00:53:55.000000;903b20d1-dfef-4391-9858-f7db9ed6df35;435.99;0.228;UNKNOWN
2016-02-21T00:53:55.000000;2016-02-21T00:53:55.000000;67f288ab-87a5-456a-bc63-0f8786ab7216;435.99;2.0;UNKNOWN
2016-02-21T00:53:55.000000;2016-02-21T00:53:55.000000;59f1e053-0222-431a-ba0b-e156e73419d5;435.99;1.0;UNKNOWN
2016-02-21T00:53:55.000000;2016-02-21T00:53:55.000000;82161403-5718-45fb-b229-b7efcf02f4c6;435.99;0.37;UNKNOWN
2016-02-21T00:53:55.000000;2016-02-21T00:53:55.000000;d0c99ada-d95f-455e-ae6e-e0f9a25a2611;435.99;1.95;UNKNOWN
2016-02-21T00:53:55.000000;2016-02-21T00:53:55.000000;c7a16bb2-4ba5-4915-8324-62f82a3b475f;435.99;0.5;UNKNOWN
2016-02-21T00:53:55.000000;2016-02-21T00:53:55.000000;db0725a1-3abd-45cd-9bbc-575de3c80adf;435.99;0.5;UNKNOWN
2016-02-21T00:53:55.000000;2016-02-21T00:53:55.000000;da462a37-eb8b-4680-9bd0-1a6fd773cb6f;435.99;0.228;UNKNOWN
2016-02-21T00:53:55.000000;2016-02-21T00:53:55.000000;120eb07d-1feb-4a06-8f26-9accdef3b2e2;435.99;1.05;UNKNOWN
2016-02-21T00:53:55.000000;2016-02-21T00:53:55.000000;c55dda67-6389-4b51-a7cb-ce5be7f0c9d8;435.99;7.1;UNKNOWN
2016-02-21T00:53:58.000000;2016-02-21T00:53:58.000000;7f54f64e-5229-4581-b85d-aed7d01140f6;436.0;0.1;UNKNOWN
2016-02-21T00:53:59.000000;2016-02-21T00:53:59.000000;0874b22b-7f0c-4abd-94c8-37d55747c638;436.0;0.0186;UNKNOWN
2016-02-21T00:54:00.000000;2016-02-21T00:54:00.000000;eed33d11-ac1d-410d-a2a3-647de03ff431;436.0;0.034;UNKNOWN
2016-02-21T00:54:01.000000;2016-02-21T00:54:01.000000;e4aed8dc-1760-4a42-bf02-293dc7d35f37;436.0;15.0;UNKNOWN
2016-02-21T00:54:01.000000;2016-02-21T00:54:01.000000;4af348c6-a1cd-4b62-a364-f64cf935cbb4;436.0;2.24;UNKNOWN
2016-02-21T00:54:02.000000;2016-02-21T00:54:02.000000;9cfac55a-85f8-4c76-b06d-1a63e7aa13c8;436.0;0.1002;UNKNOWN
2016-02-21T00:54:04.000000;2016-02-21T00:54:04.000000;0d526f28-a7df-4c51-a64a-aa61e69597e3;436.0;24.3076;UNKNOWN
2016-02-21T00:54:07.000000;2016-02-21T00:54:07.000000;fa22c1c4-7f47-48fa-9a09-022da2684bee;436.0;4.98;UNKNOWN
2016-02-21T00:54:08.000000;2016-02-21T00:54:08.000000;d1fd5c2a-054e-41a8-a051-874565a3424e;436.0;2.02;UNKNOWN
2016-02-21T00:54:09.000000;2016-02-21T00:54:09.000000;20d517f5-fd17-4481-a803-cb5853a25926;436.0;0.0568182;UNKNOWN
2016-02-21T00:54:09.000000;2016-02-21T00:54:09.000000;2cf2a978-d3ab-4380-a34b-42057f755295;436.0;0.01;UNKNOWN
2016-02-21T00:54:10.000000;2016-02-21T00:54:10.000000;ccb0bdf1-081e-4c99-a4ba-bdd8c23aab79;436.0;20.739;UNKNOWN
2016-02-21T00:54:10.000000;2016-02-21T00:54:10.000000;93de52a7-2ab3-4f1c-8446-fe450e33bb6c;436.0;24.8898;UNKNOWN
2016-02-21T00:54:11.000000;2016-02-21T00:54:11.000000;17871b7c-b4a4-4c29-9d5b-db68a6353fde;436.0;2.04855;UNKNOWN
2016-02-21T00:54:12.000000;2016-02-21T00:54:12.000000;99338954-6e9f-43aa-8d10-9d864f70c1be;436.0;23.0131;UNKNOWN
2016-02-21T00:54:15.000000;2016-02-21T00:54:15.000000;85ef68c3-f257-4703-ab3a-10ef65edcbed;436.0;0.432;UNKNOWN
2016-02-21T00:54:16.000000;2016-02-21T00:54:16.000000;ab8c90cf-f940-42bd-9220-ebbc0ad9c557;436.0;0.026;UNKNOWN
2016-02-21T00:54:16.000000;2016-02-21T00:54:16.000000;1b876b0d-8668-49d0-8ddd-b8f4d0fe8234;436.0;28.3712;UNKNOWN
2016-02-21T00:54:18.000000;2016-02-21T00:54:18.000000;3edbc770-8528-40f9-91de-70b257c5db0a;435.99;0.228;UNKNOWN
2016-02-21T00:54:18.000000;2016-02-21T00:54:18.000000;67331d35-0a9a-4c06-98fb-94fb97dc5097;435.99;0.032;UNKNOWN
2016-02-21T00:54:18.000000;2016-02-21T00:54:18.000000;9f984099-2bca-4d29-8218-41151d4c5dd2;436.0;23.5958;UNKNOWN
2016-02-21T00:54:18.000000;2016-02-21T00:54:18.000000;e0aa6125-0625-4379-8f73-87dbadcde1a9;435.99;0.228;UNKNOWN
2016-02-21T00:54:18.000000;2016-02-21T00:54:18.000000;ad48a28c-03e4-461e-9c25-d209c4ea3ed2;435.99;0.228;UNKNOWN
2016-02-21T00:54:18.000000;2016-02-21T00:54:18.000000;998c41bd-c09a-42a2-94e5-2c7d586de1cd;435.99;0.228;UNKNOWN
2016-02-21T00:54:18.000000;2016-02-21T00:54:18.000000;40c694e9-a720-4224-815c-95008d3e20b3;435.99;0.228;UNKNOWN
2016-02-21T00:54:18.000000;2016-02-21T00:54:18.000000;c41f688a-cc0b-4ae4-a481-87a0cfb3deb1;435.99;0.228;UNKNOWN
2016-02-21T00:54:19.000000;2016-02-21T00:54:19.000000;bf49ff5c-cdae-47c1-a886-d54de5c88946;436.0;1.82;UNKNOWN
2016-02-21T00:54:21.000000;2016-02-21T00:54:21.000000;1a6a4d0e-1a64-446d-b981-a2e282ee425c;436.0;27.4874;UNKNOWN
2016-02-21T00:54:21.000000;2016-02-21T00:54:21.000000;efa504a2-5f1e-4b1d-96ee-5e85891cf7eb;436.0;2.0;UNKNOWN
2016-02-21T00:54:21.000000;2016-02-21T00:54:21.000000;62917f37-3a42-4616-9818-d778bcc8d2fa;436.0;15.0;UNKNOWN
2016-02-21T00:54:22.000000;2016-02-21T00:54:22.000000;e81e55de-7739-4425-bf21-19756c4dde08;436.0;0.1;UNKNOWN
2016-02-21T00:54:23.000000;2016-02-21T00:54:23.000000;3c8f786b-57ca-4d56-a25e-ead4bd1f4fbf;436.55;0.01;UNKNOWN
2016-02-21T00:54:23.000000;2016-02-21T00:54:23.000000;b82b6ff3-1fed-40bd-b9c7-c2a940550d3c;436.0;19.47650408;UNKNOWN
2016-02-21T00:54:23.000000;2016-02-21T00:54:23.000000;e8b952ff-c9db-4fe5-bfda-10a8425bc882;436.0;0.46163;UNKNOWN
2016-02-21T00:54:23.000000;2016-02-21T00:54:23.000000;3d7442d9-25fb-4688-ab5a-d4dbcc22c2e1;437.74;5.6735;UNKNOWN
2016-02-21T00:54:23.000000;2016-02-21T00:54:23.000000;fa9072fd-9eaa-49c4-b900-883e14a1be35;437.75;9.3165;UNKNOWN
2016-02-21T00:54:25.000000;2016-02-21T00:54:25.000000;439be34f-69bc-479e-bdae-ce5e57e7dcbc;437.74;0.1;UNKNOWN
2016-02-21T00:54:26.000000;2016-02-21T00:54:26.000000;ca8b06e9-9041-40e4-ba4a-3f2dc52eca57;437.74;0.01;UNKNOWN
2016-02-21T00:54:28.000000;2016-02-21T00:54:28.000000;a622cce3-cc94-4cb4-9920-2007661e7ead;436.01;0.2;UNKNOWN
2016-02-21T00:54:33.000000;2016-02-21T00:54:33.000000;6244ff87-5894-4c8c-be69-929a15dbae9b;437.72;3.0;UNKNOWN
2016-02-21T00:54:33.000000;2016-02-21T00:54:33.000000;293b4c13-593f-4b4a-8dfc-82f531b57e52;437.9;6.0;UNKNOWN
2016-02-21T00:54:33.000000;2016-02-21T00:54:33.000000;ff7f4ce0-5a4a-41a4-a019-5bdad2e67e16;437.72;0.5;UNKNOWN
2016-02-21T00:54:33.000000;2016-02-21T00:54:33.000000;23c43d48-c857-476a-b392-31840281dab5;437.91;5.5;UNKNOWN
2016-02-21T00:54:37.000000;2016-02-21T00:54:37.000000;0e083497-2b8d-453b-a9ad-4125cbd61aa8;438.76;5.0;UNKNOWN
2016-02-21T00:54:46.000000;2016-02-21T00:54:46.000000;4e3f2afd-2876-4cc3-a4e0-4557c60003b1;437.86;0.46108298;UNKNOWN
2016-02-21T00:55:15.000000;2016-02-21T00:55:15.000000;4673c0ad-04f0-4a33-ae12-9ecd6e734ad2;438.66;7.0;UNKNOWN
2016-02-21T00:55:30.000000;2016-02-21T00:55:30.000000;71befd49-db78-42b7-8205-84e44425577f;438.75;1.0;UNKNOWN
2016-02-21T00:55:32.000000;2016-02-21T00:55:32.000000;2b2fa8e2-61ec-497e-b013-a607330524b9;438.76;5.6299;UNKNOWN
2016-02-21T00:55:32.000000;2016-02-21T00:55:32.000000;69d3a2ea-9422-4e41-aa6b-2c3ab7c9de34;438.63;0.11252391;UNKNOWN
2016-02-21T00:55:32.000000;2016-02-21T00:55:32.000000;6f216e58-3260-46ce-aa2e-c87e39a9ebd6;438.76;0.5;UNKNOWN
2016-02-21T00:55:32.000000;2016-02-21T00:55:32.000000;1af43f36-f8a0-496e-8550-f987a143e0b6;438.76;3.0;UNKNOWN
2016-02-21T00:55:39.000000;2016-02-21T00:55:39.000000;7d01134c-dc2e-42d6-be9b-8e6c5bb282f1;438.24;14.7373;UNKNOWN
2016-02-21T00:55:39.000000;2016-02-21T00:55:39.000000;1e7f34e1-f163-479f-8fc5-7fcd8ad9fd85;438.06;12.6413;UNKNOWN
2016-02-21T00:55:39.000000;2016-02-21T00:55:39.000000;a7a36141-e5d3-4991-972e-fbce9ae6b215;438.4;14.1707;UNKNOWN
2016-02-21T00:55:39.000000;2016-02-21T00:55:39.000000;cc6e2d68-0c67-4455-a5dc-c14c63fa5174;438.65;24.17;UNKNOWN
2016-02-21T00:55:39.000000;2016-02-21T00:55:39.000000;d946553f-e689-4236-b34a-45ecae2982bb;438.64;14.72;UNKNOWN
2016-02-21T00:55:43.000000;2016-02-21T00:55:43.000000;d7de7309-deef-49b3-818e-a56711b97bf2;437.99;1.64;UNKNOWN
2016-02-21T00:55:45.000000;2016-02-21T00:55:45.000000;3a1dd727-9682-4423-9a2d-8fe65008b37c;437.99;15.0;UNKNOWN
2016-02-21T00:55:49.000000;2016-02-21T00:55:49.000000;a0c7cfa8-5f49-42d0-8e53-f77622209c28;438.0;6.81;UNKNOWN
2016-02-21T00:55:49.000000;2016-02-21T00:55:49.000000;eb8b8244-3264-41e0-8fdc-fdb6f279f072;437.99;8.19;UNKNOWN
2016-02-21T00:55:54.000000;2016-02-21T00:55:54.000000;eb0ecdde-e2f4-457e-8513-baafe9ad3c88;438.0;12.7507;UNKNOWN
2016-02-21T00:55:54.000000;2016-02-21T00:55:54.000000;08581602-c6a5-49c5-925e-a5e2defb086a;438.69;2.2493;UNKNOWN
2016-02-21T00:55:59.000000;2016-02-21T00:55:59.000000;b97124d4-0e71-4fac-a282-192c606fcb71;438.7;0.045;UNKNOWN
2016-02-21T00:55:59.000000;2016-02-21T00:55:59.000000;4e358732-d48a-4840-8514-29a6b7f8755c;437.96;0.43157624;UNKNOWN
2016-02-21T00:55:59.000000;2016-02-21T00:55:59.000000;04a72343-fa95-44e2-a9c3-ab1ff4c4ec9f;437.99;0.955;UNKNOWN
2016-02-21T00:56:21.000000;2016-02-21T00:56:21.000000;4875589c-a417-41ad-8434-2a33f97ff794;438.06;5.958;UNKNOWN
2016-02-21T00:57:07.000000;2016-02-21T00:57:07.000000;104ad79d-fe69-49df-9711-aa22b97baf80;437.92;1.0;UNKNOWN
2016-02-21T00:57:07.000000;2016-02-21T00:57:07.000000;9232b1a5-a84a-43df-bb29-896537e08047;437.97;1.0;UNKNOWN
2016-02-21T00:57:08.000000;2016-02-21T00:57:08.000000;d22fddd6-b393-4f0e-9661-1031d667b425;437.99;2.5;UNKNOWN
2016-02-21T00:57:12.000000;2016-02-21T00:57:12.000000;90b6dc33-bd3a-464f-baa5-8b7e98b6ddf2;437.55;9.64504667;UNKNOWN
2016-02-21T00:57:12.000000;2016-02-21T00:57:12.000000;5b3bead0-cdc3-4148-905c-d7d184ba5266;437.92;3.24397971;UNKNOWN
2016-02-21T00:57:12.000000;2016-02-21T00:57:12.000000;f47d7b4a-64dc-4071-9ed6-c69a7b1d52a6;437.92;1.78;UNKNOWN
2016-02-21T00:57:12.000000;2016-02-21T00:57:12.000000;514ff915-036b-443b-8663-56a061fd08f1;437.92;3.24397971;UNKNOWN
2016-02-21T00:57:12.000000;2016-02-21T00:57:12.000000;a7419730-4a7b-4a94-9272-a098623ba3c5;437.55;3.24801871;UNKNOWN
2016-02-21T00:57:12.000000;2016-02-21T00:57:12.000000;90a5382d-09e9-46d9-a646-35cf2a037215;437.58;12.0;UNKNOWN
2016-02-21T00:57:12.000000;2016-02-21T00:57:12.000000;3dde98d8-c641-4f8b-9d69-82bf75714d0b;437.71;5.6773;UNKNOWN
2016-02-21T00:57:12.000000;2016-02-21T00:57:12.000000;2bdf8601-b42a-42e0-8316-3153fbe77788;437.57;14.3381;UNKNOWN
2016-02-21T00:57:24.000000;2016-02-21T00:57:24.000000;d1d56fae-099d-4280-9c0d-388994725694;437.92;0.17428951;UNKNOWN
2016-02-21T00:57:24.000000;2016-02-21T00:57:24.000000;72a2186a-c875-47fc-ad84-0fa34d15413d;437.89;3.89;UNKNOWN
2016-02-21T00:57:24.000000;2016-02-21T00:57:24.000000;482a76bf-6a28-4c4e-a01c-d0d2216850aa;437.92;1.11;UNKNOWN
2016-02-21T00:57:27.000000;2016-02-21T00:57:27.000000;92c6977c-0bc2-403d-98ec-0276e9d227ae;437.06;13.6934;UNKNOWN
2016-02-21T00:57:27.000000;2016-02-21T00:57:27.000000;ba48753c-3da9-4c1c-afb1-087246b5d547;437.22;12.6727;UNKNOWN
2016-02-21T00:57:27.000000;2016-02-21T00:57:27.000000;9039adf5-2fcd-46a8-a08f-76e86d91e519;437.48;18.52;UNKNOWN
2016-02-21T00:57:27.000000;2016-02-21T00:57:27.000000;0ea326c7-fd03-42b9-b88c-58b4477f41f1;437.01;9.07;UNKNOWN
2016-02-21T00:57:27.000000;2016-02-21T00:57:27.000000;56024dcf-8bac-4e78-a582-5b6ace125b3d;437.61;10.8511;UNKNOWN
2016-02-21T00:57:27.000000;2016-02-21T00:57:27.000000;878b535c-dc12-498f-b2cc-8364dd01cf2e;437.49;3.24794838;UNKNOWN
2016-02-21T00:57:27.000000;2016-02-21T00:57:27.000000;ece2a35f-7468-4333-add5-5cc4acc38589;437.0;2.3;UNKNOWN
2016-02-21T00:57:30.000000;2016-02-21T00:57:30.000000;842664d8-2a5f-4a80-839e-ceb752b3b8ad;436.71;5.7146;UNKNOWN
2016-02-21T00:57:30.000000;2016-02-21T00:57:30.000000;bb73f247-d6e1-4c03-818a-00ed473e8825;436.7;4.2854;UNKNOWN
2016-02-21T00:57:36.000000;2016-02-21T00:57:36.000000;cdac54ea-e23c-4910-94e2-5e446c8f0102;437.0;15.0;UNKNOWN
2016-02-21T00:57:41.000000;2016-02-21T00:57:41.000000;cbafc9b4-9fd5-4a44-8a8f-1cd9f9d102c0;437.0;14.045;UNKNOWN
2016-02-21T00:57:41.000000;2016-02-21T00:57:41.000000;e46098fc-9e91-40da-9305-75853645c797;436.98;0.955;UNKNOWN
2016-02-21T00:57:45.000000;2016-02-21T00:57:45.000000;aa8587b4-d706-4c99-8143-80c41650e2d5;437.0;0.59985162;UNKNOWN
2016-02-21T00:57:46.000000;2016-02-21T00:57:46.000000;ad18a90a-b1af-411a-bd68-ad4d7b2227d9;437.8;0.20970307;UNKNOWN
2016-02-21T00:57:46.000000;2016-02-21T00:57:46.000000;d4a4a6df-0923-4cad-8c1e-ac8bc8fdf28d;437.8;2.5;UNKNOWN
2016-02-21T00:57:50.000000;2016-02-21T00:57:50.000000;98ceaf53-b6e2-4e93-95e7-9f607c2e81ec;437.89;1.0;UNKNOWN
2016-02-21T00:57:56.000000;2016-02-21T00:57:56.000000;690e7346-acd0-417b-a369-5198edead655;437.8;5.687;UNKNOWN
2016-02-21T00:57:56.000000;2016-02-21T00:57:56.000000;6f1e06f1-fd56-49e5-8910-fb471c509328;437.73;2.865;UNKNOWN
2016-02-21T00:57:56.000000;2016-02-21T00:57:56.000000;834d7389-97bc-4ca8-8aae-96895d6f5672;437.55;0.01;UNKNOWN
2016-02-21T00:57:56.000000;2016-02-21T00:57:56.000000;9c14cce9-aa16-4a81-b783-9d0a547d7b1e;438.0;2.318;UNKNOWN
2016-02-21T00:57:56.000000;2016-02-21T00:57:56.000000;3475e9fa-243a-4224-bda1-e5af03420aea;437.88;3.82;UNKNOWN
2016-02-21T00:57:56.000000;2016-02-21T00:57:56.000000;5a760b9d-442d-4543-a676-3aea3bb1392a;438.0;0.3;UNKNOWN
2016-02-21T00:58:03.000000;2016-02-21T00:58:03.000000;a4e76a11-8714-4873-a083-e6ea5c5f6586;438.44;10.0;UNKNOWN
2016-02-21T00:58:05.000000;2016-02-21T00:58:05.000000;d7de09b5-0a38-4aee-ad54-a411a8603acd;437.48;17.7897;UNKNOWN
2016-02-21T00:58:05.000000;2016-02-21T00:58:05.000000;04b94902-f9e5-4df4-b698-4665e8516395;437.49;24.86;UNKNOWN
2016-02-21T00:58:05.000000;2016-02-21T00:58:05.000000;7bb27c07-6096-4e98-b7f5-ea92326c4fdb;437.34;4.96661662;UNKNOWN
2016-02-21T00:58:08.000000;2016-02-21T00:58:08.000000;35abc743-d55f-485f-a446-012569cf9481;437.79;1.0;UNKNOWN
2016-02-21T00:58:13.000000;2016-02-21T00:58:13.000000;c7f769e9-e074-4a0b-8078-cfbf708fb57b;437.78;3.0;UNKNOWN
2016-02-21T00:58:27.000000;2016-02-21T00:58:27.000000;19d9538c-506c-4972-98a4-c0b8917d5b66;437.65;1.0;UNKNOWN
2016-02-21T00:58:34.000000;2016-02-21T00:58:34.000000;998c8c3b-f73d-4967-9e14-a44588c0e48b;437.67;3.0;UNKNOWN
2016-02-21T00:58:34.000000;2016-02-21T00:58:34.000000;579c2b63-39a4-49a9-a700-d3b166802fe4;437.67;0.5;UNKNOWN
2016-02-21T00:58:52.000000;2016-02-21T00:58:52.000000;d6229358-b805-4bce-b0cf-3187450ce5a6;437.77;5.024;UNKNOWN
2016-02-21T00:59:07.000000;2016-02-21T00:59:07.000000;16ac57a7-9f37-4816-aa16-9278ac0b2507;437.77;2.8437;UNKNOWN
2016-02-21T00:59:07.000000;2016-02-21T00:59:07.000000;4f740a32-b024-43c6-a859-9191fd285566;437.8;0.0941;UNKNOWN
2016-02-21T00:59:07.000000;2016-02-21T00:59:07.000000;95ba47f2-0b35-494d-98de-37bf6d5544c6;437.77;10.0;UNKNOWN
2016-02-21T01:00:05.000000;2016-02-21T01:00:05.000000;060e51a7-2c97-484b-b47a-dd7e0f0d1b4e;437.77;3.24021003;UNKNOWN
2016-02-21T01:00:05.000000;2016-02-21T01:00:05.000000;db1aa890-4847-4d4e-bf83-302f6cfc51df;437.78;2.0;UNKNOWN
2016-02-21T01:00:09.000000;2016-02-21T01:00:09.000000;79e7027f-f993-4804-bd9c-8d1ae598f4b9;437.77;5.06229873;UNKNOWN
2016-02-21T01:00:09.000000;2016-02-21T01:00:09.000000;2beac591-62e5-464b-8f60-401f1743eadb;437.57;0.125;UNKNOWN
2016-02-21T01:00:09.000000;2016-02-21T01:00:09.000000;bc7543cf-fece-4ef2-84d2-8c265a4db415;437.57;0.0913;UNKNOWN
2016-02-21T01:00:09.000000;2016-02-21T01:00:09.000000;dc37efea-82b4-49c9-b1a9-c6ac15f1792b;437.31;1.72140127;UNKNOWN
2016-02-21T01:01:06.000000;2016-02-21T01:01:06.000000;050e1a3b-65ac-47c3-aa47-4c51be6f3c7b;437.62;0.4;UNKNOWN
2016-02-21T01:01:47.000000;2016-02-21T01:01:47.000000;3197d712-bc17-4b41-8009-d566ba347a8e;437.8;0.9059;UNKNOWN
2016-02-21T01:01:47.000000;2016-02-21T01:01:47.000000;24df6f8d-a853-4c8d-bdc9-65de207c463c;437.98;5.6731;UNKNOWN
2016-02-21T01:01:47.000000;2016-02-21T01:01:47.000000;d434d9ad-79a3-4e78-91d2-cc4189cc3498;437.99;12.5;UNKNOWN
2016-02-21T01:01:47.000000;2016-02-21T01:01:47.000000;398309e6-d536-4431-8a9e-2bc258b849a7;438.23;0.921;UNKNOWN
2016-02-21T01:02:13.000000;2016-02-21T01:02:13.000000;35a404e9-b2ae-4223-b417-772a28fbe7e7;438.09;0.3333;UNKNOWN
2016-02-21T01:02:13.000000;2016-02-21T01:02:13.000000;89e25e6f-7719-4646-bbed-f1399ecaaf0d;438.09;0.5;UNKNOWN
2016-02-21T01:02:33.000000;2016-02-21T01:02:33.000000;5dfc32d8-ac10-4d59-bf1d-2f6f107abf17;438.11;0.03379596;UNKNOWN
2016-02-21T01:02:34.000000;2016-02-21T01:02:34.000000;039d0d4b-6df2-4602-b9cc-aa4804d237bb;438.11;0.8333;UNKNOWN
2016-02-21T01:02:50.000000;2016-02-21T01:02:50.000000;ac183c6e-24bb-4ddd-a318-95b85aaf0147;438.11;0.5;UNKNOWN
2016-02-21T01:02:52.000000;2016-02-21T01:02:52.000000;d2d4e419-8cd2-454d-8dfc-31495c346faa;438.36;0.6;UNKNOWN
2016-02-21T01:02:54.000000;2016-02-21T01:02:54.000000;b1fe82c0-a0de-4908-b5be-d3647cebc099;438.17;1.8;UNKNOWN
2016-02-21T01:02:54.000000;2016-02-21T01:02:54.000000;a2e8dbfc-d1ed-46d9-8186-8efa7f09e234;438.17;0.8333;UNKNOWN
2016-02-21T01:03:16.000000;2016-02-21T01:03:16.000000;70e55209-c5b4-4585-80fd-3fad0ecceb28;438.15;0.8333;UNKNOWN
2016-02-21T01:03:21.000000;2016-02-21T01:03:21.000000;d0fa51b3-53ea-4700-8f4c-478a04fd88ff;438.15;0.5;UNKNOWN
2016-02-21T01:03:37.000000;2016-02-21T01:03:37.000000;b76fe8a1-e793-4749-8dc9-03fff677455b;438.15;0.8333;UNKNOWN
2016-02-21T01:03:52.000000;2016-02-21T01:03:52.000000;7e52574f-8fe3-4ef9-971f-4f25c826745a;438.15;0.5;UNKNOWN
2016-02-21T01:03:57.000000;2016-02-21T01:03:57.000000;96a59c38-15c2-428d-91ea-31bcc1dc12d7;438.15;0.164;UNKNOWN
2016-02-21T01:04:16.000000;2016-02-21T01:04:16.000000;3a252e90-91e5-4aff-a938-456425aacff8;438.1;0.0526;UNKNOWN
2016-02-21T01:04:16.000000;2016-02-21T01:04:16.000000;8914bc34-e945-4759-9c38-ee4fe9b73445;438.15;0.1694;UNKNOWN
2016-02-21T01:04:16.000000;2016-02-21T01:04:16.000000;a348c902-0b3a-4f21-b4dc-91dd26972913;438.15;0.1;UNKNOWN
2016-02-21T01:04:38.000000;2016-02-21T01:04:38.000000;03fbe922-b94c-4d49-9e1a-26176dc72d3b;438.15;0.5;UNKNOWN
2016-02-21T01:05:06.000000;2016-02-21T01:05:06.000000;64eb80a9-862a-47f8-a3b3-a596c553ef45;438.19;0.5;UNKNOWN
2016-02-21T01:05:06.000000;2016-02-21T01:05:06.000000;3a922bb2-9433-4fd2-8725-934ee00993c0;438.2;5.6962;UNKNOWN
2016-02-21T01:05:06.000000;2016-02-21T01:05:06.000000;dff0d8c9-d16c-4d38-be12-d8adbc87246a;438.19;3.0;UNKNOWN
2016-02-21T01:05:09.000000;2016-02-21T01:05:09.000000;0bc3ab2a-895e-4838-9a34-39b6fe54e755;438.15;0.5;UNKNOWN
2016-02-21T01:05:26.000000;2016-02-21T01:05:26.000000;c1a3976f-6ae6-443b-ae50-fce8688159fb;438.16;0.0201;UNKNOWN
2016-02-21T01:05:53.000000;2016-02-21T01:05:53.000000;e687d770-e834-4b2d-8dc0-92727f6b941a;438.15;0.45690077;UNKNOWN
2016-02-21T01:05:59.000000;2016-02-21T01:05:59.000000;4f2caa71-abfa-41ea-b412-22767f373293;438.18;2.0;UNKNOWN
2016-02-21T01:06:07.000000;2016-02-21T01:06:07.000000;d9ba8aed-f72c-4813-8140-96950cad717f;438.18;2.0;UNKNOWN
2016-02-21T01:06:26.000000;2016-02-21T01:06:26.000000;493b6147-9c21-4fda-b436-2acfd088759d;438.5;5.6355;UNKNOWN
2016-02-21T01:06:31.000000;2016-02-21T01:06:31.000000;2d3253cc-c0ea-4ce8-a6ac-c79ae8679c58;438.5;0.955;UNKNOWN
2016-02-21T01:06:43.000000;2016-02-21T01:06:43.000000;c2c76f9c-b710-436e-9bcd-143aa1634c60;438.5;5.6219;UNKNOWN
2016-02-21T01:06:45.000000;2016-02-21T01:06:45.000000;ebee6e24-9194-4d57-b460-00111a0f8bd0;438.5;0.06135;UNKNOWN
2016-02-21T01:06:51.000000;2016-02-21T01:06:51.000000;a37d48c4-0107-4b5c-8783-081e112191d5;438.62;1.0;UNKNOWN
2016-02-21T01:07:06.000000;2016-02-21T01:07:06.000000;7ae98510-e340-4675-b529-c7a58cebca34;438.62;4.5;UNKNOWN
2016-02-21T01:07:22.000000;2016-02-21T01:07:22.000000;8577c379-8512-43e6-bb29-0b2f176c8cab;438.91;2.0;UNKNOWN
2016-02-21T01:07:26.000000;2016-02-21T01:07:26.000000;55e12894-7cba-4cda-9173-52a22b7b6aaf;438.61;0.028;UNKNOWN
2016-02-21T01:07:26.000000;2016-02-21T01:07:26.000000;9df22439-b953-43ed-9abc-cc12a9b430db;438.74;0.02;UNKNOWN
2016-02-21T01:07:26.000000;2016-02-21T01:07:26.000000;67635e12-428f-4cc6-85ec-4c78b2a2198e;438.96;2.452;UNKNOWN
2016-02-21T01:07:31.000000;2016-02-21T01:07:31.000000;776c88cc-0bf6-4a7d-bb49-554d44d87b14;438.9;0.02;UNKNOWN
2016-02-21T01:08:05.000000;2016-02-21T01:08:05.000000;8ab0f1d4-fedd-4b9c-a4e2-effc15d31901;438.5;3.0;UNKNOWN
2016-02-21T01:10:56.000000;2016-02-21T01:10:56.000000;963983fc-3512-40a8-98d2-16ebbcd3c92a;438.5;0.7529;UNKNOWN
2016-02-21T01:11:06.000000;2016-02-21T01:11:06.000000;fda0e808-0009-42ff-94ca-b01dd18aff7a;438.54;0.06;UNKNOWN
2016-02-21T01:12:07.000000;2016-02-21T01:12:07.000000;c5853929-81ae-4a03-81b0-f6e53df96bf1;438.66;0.17003499;UNKNOWN
2016-02-21T01:12:22.000000;2016-02-21T01:12:22.000000;d09835ba-4bc0-4bb1-b02e-5acd8c5aab1b;438.65;0.6828886;UNKNOWN
2016-02-21T01:12:47.000000;2016-02-21T01:12:47.000000;b25a5376-fab9-44a6-87b0-cbae03ae1ff6;438.5;8.97335;UNKNOWN
2016-02-21T01:12:47.000000;2016-02-21T01:12:47.000000;b756d141-9316-4782-8651-62e2be43e8fa;438.37;6.25944923;UNKNOWN
2016-02-21T01:12:52.000000;2016-02-21T01:12:52.000000;393caad9-2ffb-424a-be63-ccc0e3f1ea0b;438.6;0.227;UNKNOWN
2016-02-21T01:12:52.000000;2016-02-21T01:12:52.000000;08d2058b-3dcd-4b18-829c-c5320d32d762;438.6;0.227;UNKNOWN
2016-02-21T01:12:52.000000;2016-02-21T01:12:52.000000;c5abce30-ff79-462a-9789-da785867faee;438.8;0.955;UNKNOWN
2016-02-21T01:12:52.000000;2016-02-21T01:12:52.000000;5a7ade79-f0f1-4dda-b0e4-92153da2f2fe;438.71;0.028;UNKNOWN
2016-02-21T01:12:52.000000;2016-02-21T01:12:52.000000;9b394802-55f4-49fa-9d27-fdd3436e320f;438.83;0.135;UNKNOWN
2016-02-21T01:12:52.000000;2016-02-21T01:12:52.000000;f161c2bc-ecda-41bd-b975-8be900797416;438.6;0.04;UNKNOWN
2016-02-21T01:12:52.000000;2016-02-21T01:12:52.000000;822de8c5-7702-420f-b877-7e213e0db4d6;438.6;0.04;UNKNOWN
2016-02-21T01:12:52.000000;2016-02-21T01:12:52.000000;381e1765-e0e2-4413-a02a-a287db025016;438.6;0.04;UNKNOWN
2016-02-21T01:12:52.000000;2016-02-21T01:12:52.000000;68d976f1-b8d3-4d04-bb81-3d467da91e5b;438.6;0.04;UNKNOWN
2016-02-21T01:12:52.000000;2016-02-21T01:12:52.000000;3e121c36-3e32-4e5f-a952-2481d7603442;438.57;0.5;UNKNOWN
2016-02-21T01:12:52.000000;2016-02-21T01:12:52.000000;9cd091d3-eb63-4e1a-b329-1007aa128ca4;438.6;0.04;UNKNOWN
2016-02-21T01:12:52.000000;2016-02-21T01:12:52.000000;6c7ea20c-d882-4ed3-b50e-dadcedfcc66d;438.6;0.228;UNKNOWN
2016-02-21T01:13:02.000000;2016-02-21T01:13:02.000000;6e87abf9-92bc-4e49-875e-05d585714bd8;438.81;0.4;UNKNOWN
2016-02-21T01:13:29.000000;2016-02-21T01:13:29.000000;0eec8a89-8561-40d9-aeeb-b17aeabc941c;438.44;0.8333;UNKNOWN
2016-02-21T01:13:30.000000;2016-02-21T01:13:30.000000;09ab3ecf-0795-4d8f-bac3-676268e91d62;438.44;0.36391482;UNKNOWN
2016-02-21T01:13:34.000000;2016-02-21T01:13:34.000000;c0b3f743-30e8-43af-b95f-e41653fc5c57;438.41;0.08967772;UNKNOWN
2016-02-21T01:13:49.000000;2016-02-21T01:13:49.000000;bd614495-812b-4467-b753-3b69b2ef0e89;438.41;0.167;UNKNOWN
2016-02-21T01:14:13.000000;2016-02-21T01:14:13.000000;a4d97261-61b5-43ae-96a4-ec2a9c928b98;438.58;10.0;UNKNOWN
2016-02-21T01:14:34.000000;2016-02-21T01:14:34.000000;5581c220-3a29-4369-b5ad-20a54a4257d3;438.86;3.79734873;UNKNOWN
2016-02-21T01:14:34.000000;2016-02-21T01:14:34.000000;6febcccd-f709-40aa-b2ac-2c5d326e5da3;438.77;3.24822971;UNKNOWN
2016-02-21T01:14:34.000000;2016-02-21T01:14:34.000000;d1f7ec4e-2b2d-4af4-a53d-d9fa39971b63;438.83;3.24822971;UNKNOWN
2016-02-21T01:14:37.000000;2016-02-21T01:14:37.000000;eefd5d1d-5b78-46d2-8843-8395561f6fe4;438.0;0.2;UNKNOWN
2016-02-21T01:14:37.000000;2016-02-21T01:14:37.000000;f939e500-d5c4-4ea6-bffa-5abdc87fbd28;438.41;1.0;UNKNOWN
2016-02-21T01:14:37.000000;2016-02-21T01:14:37.000000;ab229850-43a8-4fdc-9dfd-486832e1d5e8;438.0;18.0;UNKNOWN
2016-02-21T01:14:37.000000;2016-02-21T01:14:37.000000;af877a1d-ba6b-449a-ade3-6e38b4f8e6d4;438.43;12.48;UNKNOWN
2016-02-21T01:14:37.000000;2016-02-21T01:14:37.000000;c9de24cf-90fe-4d7e-8165-d9efd45888fc;438.02;14.0748;UNKNOWN
2016-02-21T01:14:37.000000;2016-02-21T01:14:37.000000;52692a8a-7f31-4862-8627-3bf34ce04554;437.11;3.24822971;UNKNOWN
2016-02-21T01:14:37.000000;2016-02-21T01:14:37.000000;2f5a52bd-454b-4666-9419-9b571f5fed10;437.28;0.5;UNKNOWN
2016-02-21T01:14:37.000000;2016-02-21T01:14:37.000000;52bbb9e3-acb9-4cad-9fb4-77533a03a186;437.48;18.0;UNKNOWN
2016-02-21T01:14:37.000000;2016-02-21T01:14:37.000000;abec6a3d-3ee5-4965-9918-dc81c7b76f76;438.11;6.0;UNKNOWN
2016-02-21T01:14:37.000000;2016-02-21T01:14:37.000000;91bfaee1-d6bb-4b34-abdb-69ad37213775;438.01;12.0;UNKNOWN
2016-02-21T01:14:37.000000;2016-02-21T01:14:37.000000;44293e17-224a-4289-b3ae-6b808aaa68ab;437.1;3.24780773;UNKNOWN
2016-02-21T01:14:37.000000;2016-02-21T01:14:37.000000;d54587d0-2512-49d9-82d1-74454938d2e6;437.88;13.9537;UNKNOWN
2016-02-21T01:14:37.000000;2016-02-21T01:14:37.000000;4e0dc203-0d34-482a-94bd-67974fd23c78;437.71;16.8251;UNKNOWN
2016-02-21T01:14:37.000000;2016-02-21T01:14:37.000000;9949f989-0cea-4f94-ae34-5e45b6568e98;437.57;0.0913;UNKNOWN
2016-02-21T01:14:37.000000;2016-02-21T01:14:37.000000;3920137e-426c-4f7a-85db-1016b20898b2;438.42;5.6177;UNKNOWN
2016-02-21T01:14:37.000000;2016-02-21T01:14:37.000000;b13566d1-dd43-4d05-a732-92b37ac03a7e;437.57;0.125;UNKNOWN
2016-02-21T01:14:37.000000;2016-02-21T01:14:37.000000;74889630-3a82-42ad-9a1e-f52e178a75ce;437.47;18.4103;UNKNOWN
2016-02-21T01:14:37.000000;2016-02-21T01:14:37.000000;ef40fdb6-137b-4dd0-8410-7ca2161352ec;438.15;0.54309923;UNKNOWN
2016-02-21T01:14:37.000000;2016-02-21T01:14:37.000000;81e10f3a-c803-4aa9-8424-fa0691268f99;437.25;3.24822971;UNKNOWN
2016-02-21T01:14:37.000000;2016-02-21T01:14:37.000000;6ddb868d-8cd8-4170-83e6-b6a4191a3e0d;437.24;19.8507;UNKNOWN
2016-02-21T01:14:37.000000;2016-02-21T01:14:37.000000;85e999ae-4ca1-4375-adfd-f0fc79adce11;437.03;3.24780773;UNKNOWN
2016-02-21T01:14:37.000000;2016-02-21T01:14:37.000000;b2858702-9dc2-4906-ab2d-f66a6c09bd61;437.18;3.24822971;UNKNOWN
2016-02-21T01:14:37.000000;2016-02-21T01:14:37.000000;c4c87448-eec2-4956-aa4e-57c394846ec0;437.31;3.24822971;UNKNOWN
2016-02-21T01:14:37.000000;2016-02-21T01:14:37.000000;59f7b8b4-4a0a-4c40-9b78-8fd0950283cf;437.02;3.33861719;UNKNOWN
2016-02-21T01:14:37.000000;2016-02-21T01:14:37.000000;49e9f861-97ea-4a6e-b3bf-29ed8ba095fe;437.44;3.24822971;UNKNOWN
2016-02-21T01:14:37.000000;2016-02-21T01:14:37.000000;d0e7340e-0b43-4d13-a72f-aa14449b2cb2;437.38;3.24822971;UNKNOWN
2016-02-21T01:15:13.000000;2016-02-21T01:15:13.000000;1485722d-cfe5-471d-bb87-41a582829a58;437.88;4.0;UNKNOWN
2016-02-21T01:15:48.000000;2016-02-21T01:15:48.000000;84ea0aa4-2f01-4c7e-977d-4e4497ca4faa;437.7;0.02;UNKNOWN
2016-02-21T01:15:48.000000;2016-02-21T01:15:48.000000;2d562dff-1e5a-4131-8eaa-84aa3b87e17b;437.62;2.09409861;UNKNOWN
2016-02-21T01:15:56.000000;2016-02-21T01:15:56.000000;4359bab1-5775-4f72-a5b6-3d4d1f56ff94;437.38;0.5;UNKNOWN
2016-02-21T01:15:57.000000;2016-02-21T01:15:57.000000;a3f58b18-a755-455a-8fdd-6f917816c2f9;437.11;0.37;UNKNOWN
2016-02-21T01:15:57.000000;2016-02-21T01:15:57.000000;575599aa-7edc-4b4b-90d5-6d76ab184547;437.1;0.4211;UNKNOWN
2016-02-21T01:15:57.000000;2016-02-21T01:15:57.000000;bec0730f-3c64-492d-814e-c6c5cce8f796;437.11;5.6799;UNKNOWN
2016-02-21T01:15:57.000000;2016-02-21T01:15:57.000000;d755c7a7-6211-430f-a52e-3a5b06236df1;437.38;9.529;UNKNOWN
2016-02-21T01:17:01.000000;2016-02-21T01:17:01.000000;3ae56e4b-300e-4e76-901f-bfe0d29dd4a3;437.36;0.1002;UNKNOWN
2016-02-21T01:17:05.000000;2016-02-21T01:17:05.000000;e6d7df5f-a99a-4dbc-bb30-3499175141b5;437.0;0.94778224;UNKNOWN
2016-02-21T01:17:05.000000;2016-02-21T01:17:05.000000;ced4e72a-cf2d-4ecf-8eec-00499b6120c9;437.1;0.5789;UNKNOWN
2016-02-21T01:17:07.000000;2016-02-21T01:17:07.000000;27cd8c5b-688c-405d-ab80-2e5131493467;437.01;0.5;UNKNOWN
2016-02-21T01:17:35.000000;2016-02-21T01:17:35.000000;277d3e47-50dd-40b6-81ec-be489fc07475;437.21;1.33129479;UNKNOWN
2016-02-21T01:17:59.000000;2016-02-21T01:17:59.000000;29400e89-45bc-44c3-8bca-5e9bd81e0be4;437.2;2.0;UNKNOWN
2016-02-21T01:17:59.000000;2016-02-21T01:17:59.000000;571baded-a5f0-4426-95bb-09e4cca614d2;437.15;5.0;UNKNOWN
2016-02-21T01:18:05.000000;2016-02-21T01:18:05.000000;83de7e3b-52c1-44be-be87-5747dc0d7717;437.15;0.35413198;UNKNOWN
2016-02-21T01:18:54.000000;2016-02-21T01:18:54.000000;87513118-f4cf-4046-bd87-53907539c9bb;437.07;1.8;UNKNOWN
2016-02-21T01:18:56.000000;2016-02-21T01:18:56.000000;5d6428e5-dd0b-4b1d-9d1c-179e7cc16854;437.08;3.0;UNKNOWN
2016-02-21T01:19:08.000000;2016-02-21T01:19:08.000000;4d6842a1-90e0-4f79-b5d3-5bbc55d83171;437.1;3.0;UNKNOWN
2016-02-21T01:19:19.000000;2016-02-21T01:19:19.000000;5e3e5262-3a32-4000-ae44-5a65e2e9399b;437.09;0.5;UNKNOWN
2016-02-21T01:19:28.000000;2016-02-21T01:19:28.000000;b5f3e006-0f37-4a79-a28e-3adaac500a54;436.91;0.228;UNKNOWN
2016-02-21T01:19:28.000000;2016-02-21T01:19:28.000000;d2da35d3-3754-4a1f-a72c-6500e52b14b3;436.91;0.228;UNKNOWN
2016-02-21T01:19:28.000000;2016-02-21T01:19:28.000000;a3677065-0414-4dbc-b1ae-4a36638e7f92;436.91;0.227;UNKNOWN
2016-02-21T01:19:28.000000;2016-02-21T01:19:28.000000;8a694d36-44bf-416d-a2bd-0c2ee50a9153;436.91;0.227;UNKNOWN
2016-02-21T01:19:28.000000;2016-02-21T01:19:28.000000;0f359e4f-90c9-4f2a-a84f-2d0921c96926;436.91;0.227;UNKNOWN
2016-02-21T01:19:28.000000;2016-02-21T01:19:28.000000;a6649aa2-3653-46d6-bcd1-ee09ec16d822;436.91;0.228;UNKNOWN
2016-02-21T01:19:28.000000;2016-02-21T01:19:28.000000;88d7d33b-fa6c-41b6-bfb9-5d2460c42cfc;436.74;15.5196;UNKNOWN
2016-02-21T01:19:28.000000;2016-02-21T01:19:28.000000;eb26aaf6-910a-4e18-99d9-6dc7b7785748;436.91;0.227;UNKNOWN
2016-02-21T01:19:28.000000;2016-02-21T01:19:28.000000;54d45164-f052-47dd-9b40-33df9fa0f13d;436.91;0.228;UNKNOWN
2016-02-21T01:19:28.000000;2016-02-21T01:19:28.000000;eee3e9c2-ae6e-4882-b581-d4170029edb1;436.91;0.227;UNKNOWN
2016-02-21T01:19:28.000000;2016-02-21T01:19:28.000000;cc0c7374-d615-428a-ba53-5d4a402c27c8;436.91;0.227;UNKNOWN
2016-02-21T01:19:28.000000;2016-02-21T01:19:28.000000;daffadb6-44ea-4230-ac38-f1c04fb94437;436.91;0.228;UNKNOWN
2016-02-21T01:19:28.000000;2016-02-21T01:19:28.000000;d1b87edd-9b3b-4476-9671-438d6152fea6;436.91;0.227;UNKNOWN
2016-02-21T01:19:28.000000;2016-02-21T01:19:28.000000;943411f1-d18d-4eab-845f-bb0aed98810f;436.91;0.228;UNKNOWN
2016-02-21T01:19:28.000000;2016-02-21T01:19:28.000000;0e19fe6a-67d1-41b9-abea-d3c13600aefb;437.05;0.0914;UNKNOWN
2016-02-21T01:19:28.000000;2016-02-21T01:19:28.000000;aa98e93e-4436-4885-b9ec-c964beedabfb;436.91;0.228;UNKNOWN
2016-02-21T01:19:28.000000;2016-02-21T01:19:28.000000;4ebd75ef-6414-4f00-a647-64c78fe216e5;436.91;0.227;UNKNOWN
2016-02-21T01:19:28.000000;2016-02-21T01:19:28.000000;1bcb00d5-f620-4641-b407-fcd3d2ad6720;436.85;0.1713;UNKNOWN
2016-02-21T01:19:28.000000;2016-02-21T01:19:28.000000;6dfd2c7b-f02b-4c2a-8e24-3996a8f55fde;436.91;0.227;UNKNOWN
2016-02-21T01:19:28.000000;2016-02-21T01:19:28.000000;5e090883-7505-4740-9391-a764be933c33;436.91;0.228;UNKNOWN
2016-02-21T01:19:28.000000;2016-02-21T01:19:28.000000;3255b04b-1e9f-4154-80af-232bc0fe976a;436.91;0.228;UNKNOWN
2016-02-21T01:19:28.000000;2016-02-21T01:19:28.000000;bb44ff2b-0672-4244-a898-c09a008bb798;436.91;0.227;UNKNOWN
2016-02-21T01:19:28.000000;2016-02-21T01:19:28.000000;4568978b-f047-4061-bd7a-be60ab597be3;436.91;0.227;UNKNOWN
2016-02-21T01:19:28.000000;2016-02-21T01:19:28.000000;09704e8a-27e0-4ea6-ba03-9f7d2435d769;437.07;8.2466;UNKNOWN
2016-02-21T01:19:28.000000;2016-02-21T01:19:28.000000;28c3b1b1-d837-49e4-b9ad-f862ef04d02f;437.0;1.05221776;UNKNOWN
2016-02-21T01:19:28.000000;2016-02-21T01:19:28.000000;c5432246-b541-4149-b19b-46736e4c7eae;436.92;5.6618;UNKNOWN
2016-02-21T01:19:28.000000;2016-02-21T01:19:28.000000;8df62167-a306-4f49-908b-c5924145a68a;437.0;2.0;UNKNOWN
2016-02-21T01:19:28.000000;2016-02-21T01:19:28.000000;c16133a3-e371-4a29-9a92-5d8e4e7edb74;436.91;0.228;UNKNOWN
2016-02-21T01:19:28.000000;2016-02-21T01:19:28.000000;19360bcd-5a79-4e9d-a61c-76fe4b04311d;436.91;0.227;UNKNOWN
2016-02-21T01:19:28.000000;2016-02-21T01:19:28.000000;329d8f06-fec1-4c44-ab4f-8f39a512474f;436.62;0.37598224;UNKNOWN
2016-02-21T01:19:28.000000;2016-02-21T01:19:28.000000;808860b8-f744-4858-801d-fef1c24eec92;436.91;0.295;UNKNOWN
2016-02-21T01:19:28.000000;2016-02-21T01:19:28.000000;9366b3a5-72fc-4c92-9bd1-79d53cb8bc2e;436.62;0.955;UNKNOWN
2016-02-21T01:19:28.000000;2016-02-21T01:19:28.000000;eae8c0fb-b59b-4433-a9fe-e953b05af4be;436.91;0.228;UNKNOWN
2016-02-21T01:19:28.000000;2016-02-21T01:19:28.000000;127d2320-f41b-4d6a-91f1-e0b22aae5c36;436.91;0.228;UNKNOWN
2016-02-21T01:19:28.000000;2016-02-21T01:19:28.000000;4c15d060-79d0-4656-a6f6-a1bc772d8edb;437.05;0.1251;UNKNOWN
2016-02-21T01:19:28.000000;2016-02-21T01:19:28.000000;1a500c85-637d-4d80-969a-9c4751dd8e03;436.91;0.228;UNKNOWN
2016-02-21T01:19:28.000000;2016-02-21T01:19:28.000000;10af3945-8de1-4c05-8786-036de7ba3d5a;436.91;0.227;UNKNOWN
2016-02-21T01:19:28.000000;2016-02-21T01:19:28.000000;f3c911f8-1417-4c7b-9349-0d0bc63b4d95;436.91;0.228;UNKNOWN
2016-02-21T01:19:28.000000;2016-02-21T01:19:28.000000;bb214fcf-3670-4912-baf6-12eb1f2c49fd;436.91;0.228;UNKNOWN
2016-02-21T01:19:28.000000;2016-02-21T01:19:28.000000;51b0aac5-8e88-405c-8a5e-107743bb03ac;436.91;0.227;UNKNOWN
2016-02-21T01:19:28.000000;2016-02-21T01:19:28.000000;6e791c47-29e7-498b-8841-efe8bb01a4e5;436.91;0.227;UNKNOWN
2016-02-21T01:19:28.000000;2016-02-21T01:19:28.000000;15075099-485b-479f-a333-c1d91de1d0c7;436.91;0.227;UNKNOWN
2016-02-21T01:19:28.000000;2016-02-21T01:19:28.000000;d79651c4-5c1b-4f1b-b70d-11797f4477e6;436.91;0.227;UNKNOWN
2016-02-21T01:19:28.000000;2016-02-21T01:19:28.000000;d097edbe-6d53-45cd-83f4-306d47e724c6;436.91;0.227;UNKNOWN
2016-02-21T01:19:35.000000;2016-02-21T01:19:35.000000;f8a3ccc1-40ee-4484-bd1d-0f9a409621ab;436.6;0.0328671;UNKNOWN
2016-02-21T01:19:42.000000;2016-02-21T01:19:42.000000;f6914edd-bcc4-40de-a65b-7a1f968114e0;436.77;0.7;UNKNOWN
2016-02-21T01:20:02.000000;2016-02-21T01:20:02.000000;50baee5b-e4b7-4ebc-9372-078d5c0dadcb;437.17;0.03;UNKNOWN
2016-02-21T01:20:02.000000;2016-02-21T01:20:02.000000;ba586f2a-76c8-48e1-9c64-915eda6d6b80;437.37;0.02;UNKNOWN
2016-02-21T01:20:06.000000;2016-02-21T01:20:06.000000;7b0fbc48-fd37-4d8b-a155-97212de17d9c;436.78;5.7198;UNKNOWN
2016-02-21T01:20:06.000000;2016-02-21T01:20:06.000000;e108a15d-d5fa-4a7a-b8ff-dc66e936be2f;436.77;4.2802;UNKNOWN
2016-02-21T01:20:29.000000;2016-02-21T01:20:29.000000;657e185e-3070-40af-9b24-91de96f68aa7;437.09;5.0;UNKNOWN
2016-02-21T01:20:29.000000;2016-02-21T01:20:29.000000;c8fe6d52-4601-4248-bc1d-799981c86c3a;436.77;0.1;UNKNOWN
2016-02-21T01:21:13.000000;2016-02-21T01:21:13.000000;30235a4d-684c-4d9f-a878-5e45bcbed50c;437.02;0.73;UNKNOWN
2016-02-21T01:21:47.000000;2016-02-21T01:21:47.000000;2326d03a-49cd-490e-bb3a-cd9bbc3a1eae;437.0;1.0;UNKNOWN
2016-02-21T01:22:22.000000;2016-02-21T01:22:22.000000;3fa68ab0-31fb-4c0f-a4c5-30bfcffcd53d;437.01;0.73;UNKNOWN
2016-02-21T01:22:40.000000;2016-02-21T01:22:40.000000;f8ace890-7ebf-44b3-85a6-3d48fee2cd71;437.08;7.0;UNKNOWN
2016-02-21T01:22:40.000000;2016-02-21T01:22:40.000000;0c09df91-d980-48be-9f3d-d690457626b9;437.07;2.0;UNKNOWN
2016-02-21T01:22:49.000000;2016-02-21T01:22:49.000000;e372fe84-2d9d-4a40-b3f8-c608fcfdabd3;437.57;0.03;UNKNOWN
2016-02-21T01:22:49.000000;2016-02-21T01:22:49.000000;e4e7653d-0bf2-4574-9260-aec796dabf6d;437.37;0.01;UNKNOWN
2016-02-21T01:22:49.000000;2016-02-21T01:22:49.000000;69a26ad8-f1bd-46db-aa78-1d9077d5d321;437.55;0.01;UNKNOWN
2016-02-21T01:22:49.000000;2016-02-21T01:22:49.000000;a244378d-e539-44a3-bb75-43acedfa1981;437.58;0.95;UNKNOWN
2016-02-21T01:23:06.000000;2016-02-21T01:23:06.000000;c5bdd609-5a76-4f11-b6a5-5faab8e91932;437.58;0.5;UNKNOWN
2016-02-21T01:23:06.000000;2016-02-21T01:23:06.000000;3ace3dec-6431-4284-93e2-ed4f87e43cfa;437.58;0.06309794;UNKNOWN
2016-02-21T01:23:25.000000;2016-02-21T01:23:25.000000;4d7e059e-5b03-4ff2-a153-ece6543374f2;437.54;0.3191;UNKNOWN
2016-02-21T01:24:12.000000;2016-02-21T01:24:12.000000;11e50e3d-292d-4b10-a6ef-c7e9710a36a0;437.82;0.7126;UNKNOWN
2016-02-21T01:24:12.000000;2016-02-21T01:24:12.000000;d5e3ea38-b37c-440f-a892-bfcff5d2cf19;437.59;5.6722;UNKNOWN
2016-02-21T01:24:12.000000;2016-02-21T01:24:12.000000;4700eacf-2e10-4038-a6b8-5db94d4147bf;437.6;5.0;UNKNOWN
2016-02-21T01:24:12.000000;2016-02-21T01:24:12.000000;26341e43-35ad-4b16-bea2-908295601b27;437.77;0.03;UNKNOWN
2016-02-21T01:26:04.000000;2016-02-21T01:26:04.000000;014fd779-1765-4ada-bdfa-583cd745dc24;437.8;5.0;UNKNOWN
2016-02-21T01:26:04.000000;2016-02-21T01:26:04.000000;680262de-c06b-41b6-8967-5ce2af832fb7;437.72;0.028;UNKNOWN
2016-02-21T01:26:04.000000;2016-02-21T01:26:04.000000;f71a5e28-5914-40ba-813a-1ed6b841a388;437.8;5.7013;UNKNOWN
2016-02-21T01:26:04.000000;2016-02-21T01:26:04.000000;26965b24-b987-4071-9294-5130f5e3b243;437.76;3.25347851;UNKNOWN
2016-02-21T01:26:04.000000;2016-02-21T01:26:04.000000;1a91a716-1d08-44ff-b019-a13c8bccf9a9;437.73;3.25347851;UNKNOWN
2016-02-21T01:26:06.000000;2016-02-21T01:26:06.000000;1d1d8366-cc25-47a9-a753-ac854c729338;437.8;5.0;UNKNOWN
2016-02-21T01:26:35.000000;2016-02-21T01:26:35.000000;774439a0-6ec4-4b6a-ab5c-4bb45807991c;437.8;0.42;UNKNOWN
2016-02-21T01:26:52.000000;2016-02-21T01:26:52.000000;c9a4cfa0-ddda-497e-86c9-2b9ff95030aa;437.8;3.0;UNKNOWN
2016-02-21T01:27:06.000000;2016-02-21T01:27:06.000000;b26f3e86-b0aa-4ff1-899b-5b2b7a48092f;437.81;0.65;UNKNOWN
2016-02-21T01:27:07.000000;2016-02-21T01:27:07.000000;eefa76e7-cf8c-49a3-a900-344d7f454568;437.81;0.33;UNKNOWN
2016-02-21T01:27:46.000000;2016-02-21T01:27:46.000000;7ed591ee-1e4f-40b5-bd6b-168a6132b1f8;437.8;0.08980267;UNKNOWN
2016-02-21T01:28:09.000000;2016-02-21T01:28:09.000000;e2c98975-7ae1-461c-bf34-18137e762fc2;437.8;0.08980267;UNKNOWN
2016-02-21T01:28:22.000000;2016-02-21T01:28:22.000000;11dc0be9-e7b9-43da-b830-9a516801b3d8;437.8;0.0154677;UNKNOWN
2016-02-21T01:28:22.000000;2016-02-21T01:28:22.000000;28c1beae-8132-422a-a1b9-74c102f95f20;437.8;0.08980267;UNKNOWN
2016-02-21T01:28:22.000000;2016-02-21T01:28:22.000000;dbb986b0-b5f8-432f-a482-687ebac290bc;437.8;0.07433497;UNKNOWN
2016-02-21T01:29:05.000000;2016-02-21T01:29:05.000000;677921f2-86cf-45d1-bd1e-7a8955f75b9a;437.8;0.08980267;UNKNOWN
2016-02-21T01:29:31.000000;2016-02-21T01:29:31.000000;4d3dc107-e1ab-4e74-9dca-5197e2e5baca;437.8;0.09099898;UNKNOWN
2016-02-21T01:29:42.000000;2016-02-21T01:29:42.000000;15b85eeb-1186-44dd-8e62-f4bf2f62125e;437.8;0.5988;UNKNOWN
2016-02-21T01:30:25.000000;2016-02-21T01:30:25.000000;e6d63aa4-2039-481c-b58a-bf34b78b2002;437.81;15.0;UNKNOWN
2016-02-21T01:32:13.000000;2016-02-21T01:32:13.000000;7f3d52ff-a105-4bd8-bd75-41cbdaadc4bf;437.8;0.202;UNKNOWN
2016-02-21T01:32:17.000000;2016-02-21T01:32:17.000000;727bd180-1e6c-45bb-ba50-960e2cd7a846;437.86;0.2;UNKNOWN
2016-02-21T01:32:17.000000;2016-02-21T01:32:17.000000;e0286e7e-8904-421d-a7b5-dda752a0ab04;437.81;0.061675;UNKNOWN
2016-02-21T01:32:17.000000;2016-02-21T01:32:17.000000;f713541f-5c29-4d2b-9dbc-f81dfa478e5a;437.81;0.028;UNKNOWN
2016-02-21T01:32:17.000000;2016-02-21T01:32:17.000000;1b525f77-edc6-4167-b0d4-e214a9e2015b;438.0;0.01146387;UNKNOWN
2016-02-21T01:32:17.000000;2016-02-21T01:32:17.000000;7bccaa6e-9058-4079-b746-b126d60015c8;437.97;0.03;UNKNOWN
2016-02-21T01:32:19.000000;2016-02-21T01:32:19.000000;4e21d8af-3903-48b6-85d0-41797d5e6ac1;438.01;0.43168988;UNKNOWN
2016-02-21T01:32:20.000000;2016-02-21T01:32:20.000000;1da04979-a029-41e4-89d5-ef890815e218;438.02;0.43168987;UNKNOWN
2016-02-21T01:32:23.000000;2016-02-21T01:32:23.000000;e6067e7c-79d5-4375-9ca2-3db75ef075d0;438.02;0.372;UNKNOWN
2016-02-21T01:32:23.000000;2016-02-21T01:32:23.000000;38d7619c-05e0-419e-b639-ec4d3c62d523;438.02;0.43168002;UNKNOWN
2016-02-21T01:32:23.000000;2016-02-21T01:32:23.000000;05780949-28be-4248-95ca-475455ca7743;438.02;0.39300814;UNKNOWN
2016-02-21T01:32:32.000000;2016-02-21T01:32:32.000000;29c45a8c-7f4b-45c0-989c-688c86f7d567;438.15;1.0;UNKNOWN
2016-02-21T01:33:04.000000;2016-02-21T01:33:04.000000;5031cd68-92b5-4677-acb2-77f68458f7c3;438.38;0.03;UNKNOWN
2016-02-21T01:33:04.000000;2016-02-21T01:33:04.000000;06487631-ff0f-4b4c-bc5f-82817d9ab10a;438.4;1.0;UNKNOWN
2016-02-21T01:33:04.000000;2016-02-21T01:33:04.000000;8067ff4b-2e33-4082-8d22-9f8711339e3d;438.78;0.03;UNKNOWN
2016-02-21T01:33:04.000000;2016-02-21T01:33:04.000000;d75a562b-27d9-41cd-955a-008295d8fcb8;438.15;0.8;UNKNOWN
2016-02-21T01:33:04.000000;2016-02-21T01:33:04.000000;6ecf3bb7-1f7e-4fab-8993-955258c7d8b7;438.39;5.6561;UNKNOWN
2016-02-21T01:33:04.000000;2016-02-21T01:33:04.000000;53b15b16-b9a8-4ab7-8921-cbdea4b8426c;438.57;0.03;UNKNOWN
2016-02-21T01:33:04.000000;2016-02-21T01:33:04.000000;5ecb3b17-b7a3-4692-814d-f27e98cd166c;438.95;2.865;UNKNOWN
2016-02-21T01:33:04.000000;2016-02-21T01:33:04.000000;b48d0e1c-a46a-4901-b214-e92a8992adec;438.98;0.03;UNKNOWN
2016-02-21T01:33:04.000000;2016-02-21T01:33:04.000000;ba44bd37-cb8d-4615-8981-6d2c63eadfde;438.17;0.03;UNKNOWN
2016-02-21T01:33:04.000000;2016-02-21T01:33:04.000000;3ed548c5-fedc-4afb-918c-0183d0b690a3;438.96;6.0;UNKNOWN
2016-02-21T01:33:04.000000;2016-02-21T01:33:04.000000;547e0ad9-c03b-4e41-bef3-4cdddf7a7557;438.99;3.57589806;UNKNOWN
2016-02-21T01:33:13.000000;2016-02-21T01:33:13.000000;55909809-4f80-42fd-ba00-e9e5d6c82cad;439.11;3.0;UNKNOWN
2016-02-21T01:33:37.000000;2016-02-21T01:33:37.000000;eaad1dd7-6f5f-45ab-b40e-62bc65e2815f;439.17;1.75524839;UNKNOWN
2016-02-21T01:33:37.000000;2016-02-21T01:33:37.000000;bc9e28b6-08c0-4f9e-ab37-7d3697ffa1d2;439.12;3.24475161;UNKNOWN
2016-02-21T01:34:23.000000;2016-02-21T01:34:23.000000;d9e002d6-e381-493f-bd5a-03698c058651;439.5;3.2451377;UNKNOWN
2016-02-21T01:34:23.000000;2016-02-21T01:34:23.000000;a932241c-2363-45f7-b7c5-d282c96e148e;439.18;0.03;UNKNOWN
2016-02-21T01:34:23.000000;2016-02-21T01:34:23.000000;03ea1fde-fc8b-4f70-bb70-d88337004658;439.17;3.24534833;UNKNOWN
2016-02-21T01:34:23.000000;2016-02-21T01:34:23.000000;275b5669-786f-4509-84be-ff6a46be0d22;439.28;3.24534833;UNKNOWN
2016-02-21T01:34:23.000000;2016-02-21T01:34:23.000000;6a02ccac-60dd-4b0a-a964-752f88670223;439.4;2.0;UNKNOWN
2016-02-21T01:34:23.000000;2016-02-21T01:34:23.000000;509ff6d0-790b-4204-bcb3-368d02a37d27;439.38;3.2451377;UNKNOWN
2016-02-21T01:34:23.000000;2016-02-21T01:34:23.000000;3c9eb623-8c37-4eb0-8f82-51e24c84e7cd;439.23;3.24527812;UNKNOWN
2016-02-21T01:34:23.000000;2016-02-21T01:34:23.000000;9dd8ded0-83bc-4f5a-94aa-5e883e1092b9;439.44;0.01;UNKNOWN
2016-02-21T01:34:23.000000;2016-02-21T01:34:23.000000;4e9aefa6-0561-4d27-8a6b-b271a6457930;439.43;3.24527812;UNKNOWN
2016-02-21T01:34:23.000000;2016-02-21T01:34:23.000000;640ccfbd-4074-41e0-bb5d-de5b0752b5dc;439.38;0.03;UNKNOWN
2016-02-21T01:34:30.000000;2016-02-21T01:34:30.000000;21507e86-c2b7-4d24-b6ff-6d7e2da504f4;439.54;0.01004;UNKNOWN
2016-02-21T01:34:36.000000;2016-02-21T01:34:36.000000;a2be25f4-1f5b-419b-9228-a97a55f1972c;439.51;0.02399591;UNKNOWN
2016-02-21T01:34:38.000000;2016-02-21T01:34:38.000000;540d35a3-7b0e-4e95-8531-abe4b56a0243;439.51;0.1001983;UNKNOWN
2016-02-21T01:34:38.000000;2016-02-21T01:34:38.000000;fe78b844-02be-44af-b1cd-ad2b00063bd2;439.99;11.07157438;UNKNOWN
2016-02-21T01:34:38.000000;2016-02-21T01:34:38.000000;c3c24e00-d4aa-4b48-b865-7f1bf37f28c5;439.98;0.03;UNKNOWN
2016-02-21T01:34:38.000000;2016-02-21T01:34:38.000000;15d4273c-98c7-4fb9-b27a-70484b336815;439.58;0.03;UNKNOWN
2016-02-21T01:34:38.000000;2016-02-21T01:34:38.000000;251595c7-355e-48ad-91ea-1c11806899da;439.94;3.82;UNKNOWN
2016-02-21T01:34:38.000000;2016-02-21T01:34:38.000000;c2a0d3f6-a32a-49c5-8983-851991e80369;439.98;12.0;UNKNOWN
2016-02-21T01:34:38.000000;2016-02-21T01:34:38.000000;458c2b14-dd44-4396-ad38-9390286613bf;439.68;0.011;UNKNOWN
2016-02-21T01:34:38.000000;2016-02-21T01:34:38.000000;f459e13b-81b3-4ca1-b046-92253fbb69df;439.93;3.0;UNKNOWN
2016-02-21T01:34:38.000000;2016-02-21T01:34:38.000000;0c420b12-a900-4716-9271-81bcd23c5043;439.75;1.91;UNKNOWN
2016-02-21T01:34:38.000000;2016-02-21T01:34:38.000000;ab6a4e83-854c-4958-8674-51a0d9bc6a78;439.98;6.0;UNKNOWN
2016-02-21T01:34:38.000000;2016-02-21T01:34:38.000000;708206f7-dcbf-4362-bdc9-aeb88756c9b5;439.78;0.03;UNKNOWN
2016-02-21T01:34:38.000000;2016-02-21T01:34:38.000000;ed73e80e-4684-45c0-ba0d-3baddc0a6dca;439.54;0.94496;UNKNOWN
2016-02-21T01:34:38.000000;2016-02-21T01:34:38.000000;d060e58e-337c-4d2d-b9c8-d1168e834b79;439.67;0.2;UNKNOWN
2016-02-21T01:34:38.000000;2016-02-21T01:34:38.000000;3964fbdb-3b23-4222-858f-0991e337651a;439.59;3.24436562;UNKNOWN
2016-02-21T01:34:40.000000;2016-02-21T01:34:40.000000;c1fc065e-2016-4eaa-801c-9b1a09e906df;440.0;0.01102008;UNKNOWN
2016-02-21T01:34:54.000000;2016-02-21T01:34:54.000000;e03fce70-ce8c-4bf7-965a-62416aad1f40;439.99;6.0;UNKNOWN
2016-02-21T01:34:54.000000;2016-02-21T01:34:54.000000;cd1e719c-b97e-426f-be02-6a570285c806;439.94;0.01;UNKNOWN
2016-02-21T01:34:54.000000;2016-02-21T01:34:54.000000;22337a1b-967c-4ea1-89a8-6a237a522642;439.92;0.955;UNKNOWN
2016-02-21T01:34:54.000000;2016-02-21T01:34:54.000000;b9da0ef9-6c72-4a7d-a976-b2584e054796;439.77;2.2441902;UNKNOWN
2016-02-21T01:34:54.000000;2016-02-21T01:34:54.000000;26e3ecd0-ef56-46ee-970b-50a0b8f50d8c;439.83;3.2441902;UNKNOWN
2016-02-21T01:34:54.000000;2016-02-21T01:34:54.000000;50294e7f-ed23-4e4f-aa94-9f7588e16b74;440.0;0.05897992;UNKNOWN
2016-02-21T01:34:54.000000;2016-02-21T01:34:54.000000;91b43c11-c81c-4dd4-9c44-a19af367c749;439.77;1.0;UNKNOWN
2016-02-21T01:34:54.000000;2016-02-21T01:34:54.000000;7e010c80-9530-4f5a-8d0a-2963e432f668;440.0;18.72673968;UNKNOWN
2016-02-21T01:34:58.000000;2016-02-21T01:34:58.000000;3a2fca7d-ff3e-40ba-9fcf-032e3dfea92b;440.0;50.0;UNKNOWN
2016-02-21T01:34:59.000000;2016-02-21T01:34:59.000000;89d0a4d4-1c26-4f33-967d-1c9245af200a;440.0;0.01002204;UNKNOWN
2016-02-21T01:35:07.000000;2016-02-21T01:35:07.000000;e0ee74d0-ffd9-47fe-90de-76d8ca08b49c;439.78;0.5;UNKNOWN
2016-02-21T01:35:15.000000;2016-02-21T01:35:15.000000;743283b6-238e-48d0-a5d2-9e4d27d621fe;439.94;0.01;UNKNOWN
2016-02-21T01:35:15.000000;2016-02-21T01:35:15.000000;2e7244e8-9a76-4c0b-9010-ff8d2e97d9d5;440.0;0.99;UNKNOWN
2016-02-21T01:35:18.000000;2016-02-21T01:35:18.000000;539a9537-84ea-4a04-ba2a-5e6ed9d9bd99;439.78;0.01002004;UNKNOWN
2016-02-21T01:35:29.000000;2016-02-21T01:35:29.000000;07c64ee6-ba0f-4138-90cb-0ef0a7ff68a7;439.77;2.865;UNKNOWN
2016-02-21T01:35:33.000000;2016-02-21T01:35:33.000000;d96190bb-9c12-45fe-af81-af6323fcfcbe;439.75;2.0;UNKNOWN
2016-02-21T01:35:35.000000;2016-02-21T01:35:35.000000;5c0d49a3-d6bb-4291-b6d6-5d8e22ad1bc9;439.75;1.995;UNKNOWN
2016-02-21T01:35:38.000000;2016-02-21T01:35:38.000000;9cd15d9b-0be5-4212-9ef1-e383e2971992;439.75;0.5;UNKNOWN
2016-02-21T01:35:42.000000;2016-02-21T01:35:42.000000;5c04da73-9d1a-42b8-906f-16d5c59fae91;439.75;0.8304;UNKNOWN
2016-02-21T01:35:54.000000;2016-02-21T01:35:54.000000;5e5856f6-6ff3-4302-abe2-aee8e3318113;439.75;0.5;UNKNOWN
2016-02-21T01:35:58.000000;2016-02-21T01:35:58.000000;aa106569-8ab2-4d38-b355-388b87e144e7;439.75;0.5;UNKNOWN
2016-02-21T01:36:02.000000;2016-02-21T01:36:02.000000;4bafa5df-45b9-42e8-88c7-129355663154;439.75;0.5;UNKNOWN
2016-02-21T01:36:03.000000;2016-02-21T01:36:03.000000;b445e119-b387-4fd8-bbc5-1b69f9df2530;439.75;0.8304;UNKNOWN
2016-02-21T01:36:09.000000;2016-02-21T01:36:09.000000;8ce367ac-c478-4c2b-b13f-5ffd54234427;439.75;0.5;UNKNOWN
2016-02-21T01:36:09.000000;2016-02-21T01:36:09.000000;f28ddbae-7bee-4f34-a06c-140a399163f9;439.75;0.05989267;UNKNOWN
2016-02-21T01:36:16.000000;2016-02-21T01:36:16.000000;b2b0d43c-16e2-4786-948d-217103d2bc9e;439.75;0.5;UNKNOWN
2016-02-21T01:36:25.000000;2016-02-21T01:36:25.000000;1608e4ee-0f39-4ba8-a837-8e861d77a616;439.75;0.8304;UNKNOWN
2016-02-21T01:36:41.000000;2016-02-21T01:36:41.000000;544e1c2c-13db-4280-9b1f-b7fb520e75eb;439.73;0.5;UNKNOWN
2016-02-21T01:36:45.000000;2016-02-21T01:36:45.000000;9e011d34-e848-401d-993f-ced180179c8b;439.73;1.8;UNKNOWN
2016-02-21T01:37:01.000000;2016-02-21T01:37:01.000000;7ffc76b3-b71f-49ab-8fd0-a5d7a04b8935;439.73;2.1967;UNKNOWN
2016-02-21T01:37:11.000000;2016-02-21T01:37:11.000000;6d406b85-5956-4359-8ddf-2340b0bfc8bf;439.71;0.4865174;UNKNOWN
2016-02-21T01:37:28.000000;2016-02-21T01:37:28.000000;6ecb5adf-c904-4289-babb-102b9c34cfe9;439.51;5.653;UNKNOWN
2016-02-21T01:37:28.000000;2016-02-21T01:37:28.000000;34303fa5-bd99-4429-ba43-b6c51d972602;439.52;0.817;UNKNOWN
2016-02-21T01:37:55.000000;2016-02-21T01:37:55.000000;9061bee6-5f2a-4ede-a4c2-ce730156b148;439.2;5.6825;UNKNOWN
2016-02-21T01:37:55.000000;2016-02-21T01:37:55.000000;864a7b2b-5ef8-4f9d-bc6d-a492b69d7f45;439.19;0.9283;UNKNOWN
2016-02-21T01:37:57.000000;2016-02-21T01:37:57.000000;1c03a99c-69c1-4660-9f27-2c05003827a3;439.19;1.9367;UNKNOWN
2016-02-21T01:37:57.000000;2016-02-21T01:37:57.000000;bdbdfdb9-3ccd-4423-86fa-88b78e12cd0e;439.17;1.0;UNKNOWN
2016-02-21T01:38:52.000000;2016-02-21T01:38:52.000000;458ea25d-7598-4746-8e9e-1839018e7377;439.04;0.955;UNKNOWN
2016-02-21T01:38:53.000000;2016-02-21T01:38:53.000000;d18a6ef9-e5fa-4332-aaff-13b7b8017074;439.03;0.11540483;UNKNOWN
2016-02-21T01:39:40.000000;2016-02-21T01:39:40.000000;a895ba90-39ff-4f35-abc0-2ab52faf2d07;439.03;0.25;UNKNOWN
2016-02-21T01:40:45.000000;2016-02-21T01:40:45.000000;2c38d5e1-3f7e-4f5b-9c49-e867bcd6093a;439.01;0.15551053;UNKNOWN
