time_exchange;time_coinpai;guid;price;base_amount;taker_side
2016-01-30T00:00:08.000000;2016-01-30T00:00:08.000000;d75f0ca0-10cc-41e2-91c7-b5081adbddf2;377.59;0.3;UNKNOWN
2016-01-30T00:00:08.000000;2016-01-30T00:00:08.000000;b3432971-11b9-468e-9c43-1ec520ef7a6c;377.4;2.33465257;UNKNOWN
2016-01-30T00:00:32.000000;2016-01-30T00:00:32.000000;d592e687-a8d4-438a-b376-a7c8c69ff3bc;377.66;5.0;UNKNOWN
2016-01-30T00:00:47.000000;2016-01-30T00:00:47.000000;623e684f-bbcc-49df-950f-f9f6bcc855ce;377.49;23.42129068;UNKNOWN
2016-01-30T00:00:47.000000;2016-01-30T00:00:47.000000;f5288a0d-1b9d-4ca2-b8aa-5615a8a55f82;377.48;16.23;UNKNOWN
2016-01-30T00:02:27.000000;2016-01-30T00:02:27.000000;e7228c44-6009-4aaf-b624-1bdc79ca8128;377.47;0.0716;UNKNOWN
2016-01-30T00:02:27.000000;2016-01-30T00:02:27.000000;9813b8cb-ab68-4839-ba7b-50d81e7e033d;377.38;0.1169;UNKNOWN
2016-01-30T00:03:45.000000;2016-01-30T00:03:45.000000;89ac5589-2283-4e86-a4aa-7b15be8fb964;377.15;2.03;UNKNOWN
2016-01-30T00:03:45.000000;2016-01-30T00:03:45.000000;7f510cd1-a92f-4d10-93d7-eed5b2e33efe;377.47;0.071655;UNKNOWN
2016-01-30T00:03:45.000000;2016-01-30T00:03:45.000000;93f8bf88-0e17-48cf-9e96-d67927cb765a;377.38;4.8831;UNKNOWN
2016-01-30T00:03:45.000000;2016-01-30T00:03:45.000000;b2284c63-4de7-40a8-bb03-584028507bc5;377.2;17.1274;UNKNOWN
2016-01-30T00:03:45.000000;2016-01-30T00:03:45.000000;cca04bb8-428e-4b76-a76e-aa03ba5d20dd;377.05;11.97261339;UNKNOWN
2016-01-30T00:03:45.000000;2016-01-30T00:03:45.000000;13461334-561f-414a-94e6-429ab8c2f670;377.47;0.02835722;UNKNOWN
2016-01-30T00:04:15.000000;2016-01-30T00:04:15.000000;c61ec333-2497-4c00-8279-1d5c80b96c69;377.46;0.0108;UNKNOWN
2016-01-30T00:04:15.000000;2016-01-30T00:04:15.000000;fc57323c-de9b-45e5-84b7-3ff5e9a43406;377.46;0.0174;UNKNOWN
2016-01-30T00:06:29.000000;2016-01-30T00:06:29.000000;a3957092-bb4a-4eaa-82cc-35369993e5df;377.22;0.26092628;UNKNOWN
2016-01-30T00:06:35.000000;2016-01-30T00:06:35.000000;af0ca915-3fca-43c0-87e2-1ec3d646a4de;377.19;2.0;UNKNOWN
2016-01-30T00:07:38.000000;2016-01-30T00:07:38.000000;0228f178-4bcf-4481-80a5-e86ff3b253a1;377.3;0.01;UNKNOWN
2016-01-30T00:09:03.000000;2016-01-30T00:09:03.000000;0f6191e6-a504-497b-ad55-f3575c3c6bc1;377.48;0.2543;UNKNOWN
2016-01-30T00:09:06.000000;2016-01-30T00:09:06.000000;77ab5c09-8bca-434a-bee4-e21bd0a8c86b;377.32;1.5;UNKNOWN
2016-01-30T00:09:38.000000;2016-01-30T00:09:38.000000;45f6f993-3064-49e7-8db6-baf37ba5db6f;377.35;0.67656718;UNKNOWN
2016-01-30T00:10:10.000000;2016-01-30T00:10:10.000000;6266af65-6534-4c39-82c8-06dd07c757b6;377.4;0.08224061;UNKNOWN
2016-01-30T00:11:30.000000;2016-01-30T00:11:30.000000;206bcdc7-d401-4ae6-9253-863535cfab85;377.49;0.47012482;UNKNOWN
2016-01-30T00:11:30.000000;2016-01-30T00:11:30.000000;aab20c22-c8bb-43cd-bc81-ed841393a7b6;377.47;0.03187518;UNKNOWN
2016-01-30T00:11:40.000000;2016-01-30T00:11:40.000000;0e925ec5-d483-4df9-8655-144bfc82e4be;377.49;0.502;UNKNOWN
2016-01-30T00:11:52.000000;2016-01-30T00:11:52.000000;e01a0212-6229-4ebb-a7db-036a10ba1109;377.49;0.502;UNKNOWN
2016-01-30T00:12:01.000000;2016-01-30T00:12:01.000000;8d385249-f351-4319-9470-203cd0d3b463;377.49;1.661;UNKNOWN
2016-01-30T00:12:06.000000;2016-01-30T00:12:06.000000;cf45f0c3-a05d-4aa9-b2f3-ace462304a87;377.49;0.502;UNKNOWN
2016-01-30T00:12:18.000000;2016-01-30T00:12:18.000000;cefe8649-1165-43bc-9ea7-028301f9a538;377.49;0.502;UNKNOWN
2016-01-30T00:12:32.000000;2016-01-30T00:12:32.000000;7e985749-f697-4c97-92e3-7c496cd06a6f;377.49;0.502;UNKNOWN
2016-01-30T00:13:12.000000;2016-01-30T00:13:12.000000;0ca25214-1e26-469b-8b09-c0f1eab7f73d;377.22;0.0108;UNKNOWN
2016-01-30T00:13:12.000000;2016-01-30T00:13:12.000000;481d0a97-f46b-407f-8eda-524d52a86296;377.22;0.0175;UNKNOWN
2016-01-30T00:13:12.000000;2016-01-30T00:13:12.000000;0ff6ce9b-82d6-469a-8f46-ca5083b481a3;377.4;9.91775939;UNKNOWN
2016-01-30T00:13:12.000000;2016-01-30T00:13:12.000000;90084585-7c65-468d-8eca-88b0c4a963f1;377.34;6.5957;UNKNOWN
2016-01-30T00:13:12.000000;2016-01-30T00:13:12.000000;96bc512c-4799-48ba-93ef-c1328c3b713a;377.32;0.64852115;UNKNOWN
2016-01-30T00:13:12.000000;2016-01-30T00:13:12.000000;e02ca94e-da62-4f7c-9dc9-4c861f2f24e6;377.2;2.80971946;UNKNOWN
2016-01-30T00:13:15.000000;2016-01-30T00:13:15.000000;6fb12f45-6446-457e-b186-9e5a1620158f;377.48;0.502;UNKNOWN
2016-01-30T00:13:26.000000;2016-01-30T00:13:26.000000;fd5b61be-259d-4de9-a308-4e7baaaf49aa;377.48;0.502;UNKNOWN
2016-01-30T00:13:35.000000;2016-01-30T00:13:35.000000;8712b3e7-87f6-4aa3-aa7a-5df82c55d61a;377.48;0.502;UNKNOWN
2016-01-30T00:13:45.000000;2016-01-30T00:13:45.000000;490c1295-cc5c-4397-8533-29d1a19c008a;377.49;0.502;UNKNOWN
2016-01-30T00:13:56.000000;2016-01-30T00:13:56.000000;bc7da066-0123-4656-8096-6c023dbcf6cc;377.49;0.502;UNKNOWN
2016-01-30T00:14:07.000000;2016-01-30T00:14:07.000000;b35f26f3-5b25-4b46-bf11-e2ecfe6e1451;377.49;0.26964923;UNKNOWN
2016-01-30T00:14:07.000000;2016-01-30T00:14:07.000000;3d7a39b4-f426-4213-98e3-097729f2bf42;377.8;0.23235077;UNKNOWN
2016-01-30T00:14:18.000000;2016-01-30T00:14:18.000000;f788ac0f-3848-48b7-bd54-c117df3b1e1b;377.75;0.13232151;UNKNOWN
2016-01-30T00:14:19.000000;2016-01-30T00:14:19.000000;c867f765-93ae-437f-87c7-5c726a30a6e5;377.75;6.5632;UNKNOWN
2016-01-30T00:14:19.000000;2016-01-30T00:14:19.000000;83adeb0a-1d63-48c0-841c-459f1f6a2714;377.76;0.06912151;UNKNOWN
2016-01-30T00:14:19.000000;2016-01-30T00:14:19.000000;d8621f01-3bb6-4ee3-866f-25e52408863e;377.75;0.5;UNKNOWN
2016-01-30T00:14:19.000000;2016-01-30T00:14:19.000000;20832236-4d3c-4d4f-9629-aa54d4c078e7;377.75;2.86767849;UNKNOWN
2016-01-30T00:14:20.000000;2016-01-30T00:14:20.000000;d274691c-c2e3-425b-a63b-e577ca38979d;377.74;0.5;UNKNOWN
2016-01-30T00:14:20.000000;2016-01-30T00:14:20.000000;e9e4b56b-0c12-4ce7-860c-2d8f4b780b20;377.76;0.002;UNKNOWN
2016-01-30T00:14:31.000000;2016-01-30T00:14:31.000000;eab4add6-625c-43d9-8f22-a1fd74e5a266;377.81;0.002;UNKNOWN
2016-01-30T00:14:31.000000;2016-01-30T00:14:31.000000;a69803e3-a984-4d07-ba07-14d4622ba4e6;377.81;0.5;UNKNOWN
2016-01-30T00:14:42.000000;2016-01-30T00:14:42.000000;094ccdee-5a6d-46c5-bb89-e0aeda255ccb;377.82;0.502;UNKNOWN
2016-01-30T00:14:43.000000;2016-01-30T00:14:43.000000;4ad3420b-48ca-4711-8287-b6b5efd53e4f;377.81;0.5;UNKNOWN
2016-01-30T00:14:43.000000;2016-01-30T00:14:43.000000;c56d1939-26a5-4e4a-be86-4bb1946bfcc3;377.81;0.5;UNKNOWN
2016-01-30T00:14:52.000000;2016-01-30T00:14:52.000000;b1e72ee4-641e-431d-b621-db63b4fc2ac5;377.82;0.502;UNKNOWN
2016-01-30T00:15:03.000000;2016-01-30T00:15:03.000000;6a824883-7fdb-4541-ad6c-5c93293909b8;377.81;0.502;UNKNOWN
2016-01-30T00:15:14.000000;2016-01-30T00:15:14.000000;9e5a21e3-33b1-41c4-8f72-66f568f24266;377.82;0.502;UNKNOWN
2016-01-30T00:15:24.000000;2016-01-30T00:15:24.000000;0fceb184-14ea-4783-8306-0ea969ac858e;377.82;12.8;UNKNOWN
2016-01-30T00:15:24.000000;2016-01-30T00:15:24.000000;0112a108-70de-4081-aa2a-bba60709a2fa;377.82;0.502;UNKNOWN
2016-01-30T00:15:29.000000;2016-01-30T00:15:29.000000;bb30fa2f-b24b-40c2-9de8-edfb824ef365;377.49;2.65320465;UNKNOWN
2016-01-30T00:15:34.000000;2016-01-30T00:15:34.000000;fed55e7d-4ebf-4b8c-a5b9-5772e297d830;377.82;0.502;UNKNOWN
2016-01-30T00:15:44.000000;2016-01-30T00:15:44.000000;b65d9963-bf8c-43e8-bece-cf2081ab51de;377.79;0.5;UNKNOWN
2016-01-30T00:15:44.000000;2016-01-30T00:15:44.000000;3e616647-b248-42b6-90b7-f65493faea3e;377.8;0.002;UNKNOWN
2016-01-30T00:15:55.000000;2016-01-30T00:15:55.000000;32bc1276-6ae4-4935-8656-b8da3e0ed242;377.64;0.502;UNKNOWN
2016-01-30T00:16:37.000000;2016-01-30T00:16:37.000000;788db672-d026-446c-bd4a-83733b2912c2;377.57;0.06634594;UNKNOWN
2016-01-30T00:17:05.000000;2016-01-30T00:17:05.000000;2e9d48fc-2e28-474c-944e-03ba90470d38;377.56;0.0175;UNKNOWN
2016-01-30T00:17:31.000000;2016-01-30T00:17:31.000000;d5df0c7d-89e0-42d5-ab32-e4bc8414ce2e;377.82;5.55762943;UNKNOWN
2016-01-30T00:17:31.000000;2016-01-30T00:17:31.000000;af7c15b8-a22f-4dec-8b02-87c0914c3471;377.64;1.45837123;UNKNOWN
2016-01-30T00:17:31.000000;2016-01-30T00:17:31.000000;395d8759-8e02-41b2-b85f-701a9730cc77;377.79;0.03399934;UNKNOWN
2016-01-30T00:18:07.000000;2016-01-30T00:18:07.000000;56b763e9-0fc2-4f37-beb7-e80039f02423;377.82;5.29075894;UNKNOWN
2016-01-30T00:18:42.000000;2016-01-30T00:18:42.000000;ba9e8f7e-22db-4cbc-ba74-09d145f017cb;378.67;0.07173923;UNKNOWN
2016-01-30T00:18:47.000000;2016-01-30T00:18:47.000000;c31e0718-4d0f-494e-83fd-a3bc33df9aaa;378.49;0.124;UNKNOWN
2016-01-30T00:18:57.000000;2016-01-30T00:18:57.000000;a680ffeb-91a4-4622-9a96-0aebd7124921;378.49;0.68779866;UNKNOWN
2016-01-30T00:19:24.000000;2016-01-30T00:19:24.000000;80bf5420-25cd-4304-827c-dee5e1171424;378.49;0.06;UNKNOWN
2016-01-30T00:19:48.000000;2016-01-30T00:19:48.000000;ba7f492b-cd0e-4c6f-969e-d966f04f22fd;378.49;9.3711;UNKNOWN
2016-01-30T00:20:30.000000;2016-01-30T00:20:30.000000;d5f73d0c-4578-46f3-abc8-de3a4ad54f23;378.47;0.3;UNKNOWN
2016-01-30T00:20:52.000000;2016-01-30T00:20:52.000000;d2c664b0-3313-4419-9bd9-3a2a464cef36;378.43;0.502;UNKNOWN
2016-01-30T00:21:03.000000;2016-01-30T00:21:03.000000;2ca7d942-71ca-4b7c-9864-e2cfbb571679;378.47;0.502;UNKNOWN
2016-01-30T00:21:05.000000;2016-01-30T00:21:05.000000;9ee947d8-0518-4792-b79c-2efbffd4f126;378.28;5.54872078;UNKNOWN
2016-01-30T00:21:13.000000;2016-01-30T00:21:13.000000;7a29ec1b-0174-41dd-a2c0-2bcda9e83b9d;378.47;0.502;UNKNOWN
2016-01-30T00:21:24.000000;2016-01-30T00:21:24.000000;4bb56be2-26ec-46b1-a399-58389d365fc4;378.45;0.502;UNKNOWN
2016-01-30T00:21:34.000000;2016-01-30T00:21:34.000000;47241a3d-fc05-4344-acd5-3d558a97a184;378.46;0.502;UNKNOWN
2016-01-30T00:21:44.000000;2016-01-30T00:21:44.000000;bb1bf51c-3c52-4d27-840f-9f334f9efb5a;378.28;3.0;UNKNOWN
2016-01-30T00:21:45.000000;2016-01-30T00:21:45.000000;0d860719-d96e-4341-b993-1c4ae1ba000c;378.45;0.502;UNKNOWN
2016-01-30T00:21:55.000000;2016-01-30T00:21:55.000000;15b637b6-513b-4ed0-9b1b-f9ae652d45ee;378.48;0.502;UNKNOWN
2016-01-30T00:22:06.000000;2016-01-30T00:22:06.000000;c8f3bf0c-b3fa-4e87-87ac-a6c3bf58dc9b;378.43;0.502;UNKNOWN
2016-01-30T00:22:16.000000;2016-01-30T00:22:16.000000;a48c67c9-45ca-4207-afa7-15982b26c8eb;378.47;0.502;UNKNOWN
2016-01-30T00:22:19.000000;2016-01-30T00:22:19.000000;1399c318-939e-4d4e-a8a2-2e7b649a5f24;378.2;0.5290172;UNKNOWN
2016-01-30T00:22:28.000000;2016-01-30T00:22:28.000000;37d8a154-86ea-4d2e-bd0b-0222b816f2b4;378.43;0.502;UNKNOWN
2016-01-30T00:22:39.000000;2016-01-30T00:22:39.000000;6bbcea4c-00f2-486b-a1f5-3a69682ecae8;378.48;0.502;UNKNOWN
2016-01-30T00:22:39.000000;2016-01-30T00:22:39.000000;1f3b96c0-ce36-4ace-9268-7fd0e27a4c82;378.32;0.1191195;UNKNOWN
2016-01-30T00:23:22.000000;2016-01-30T00:23:22.000000;a1c8a0d1-f0b8-483e-96aa-5d896de958bf;378.41;0.502;UNKNOWN
2016-01-30T00:23:35.000000;2016-01-30T00:23:35.000000;83eef5f9-c0ca-44b3-b2bf-2417b54ae26c;378.49;0.502;UNKNOWN
2016-01-30T00:23:46.000000;2016-01-30T00:23:46.000000;62e56568-c000-411f-9f78-b87140bbdc89;378.48;0.502;UNKNOWN
2016-01-30T00:24:06.000000;2016-01-30T00:24:06.000000;bf0e8b5f-2dfe-4ce7-be71-115cd18ecec1;378.47;0.502;UNKNOWN
2016-01-30T00:24:17.000000;2016-01-30T00:24:17.000000;12345f5f-0e5d-4a25-bb72-77dca04d5315;378.49;0.502;UNKNOWN
2016-01-30T00:24:28.000000;2016-01-30T00:24:28.000000;a8c3c795-bf58-4fde-950d-9fc1eb763827;378.49;0.502;UNKNOWN
2016-01-30T00:24:37.000000;2016-01-30T00:24:37.000000;b7787012-01ec-42b3-82d2-bcad9ab20cf5;378.49;0.502;UNKNOWN
2016-01-30T00:24:46.000000;2016-01-30T00:24:46.000000;e75279f8-ea75-4869-98a1-8ada3b783e2b;378.49;0.502;UNKNOWN
2016-01-30T00:24:57.000000;2016-01-30T00:24:57.000000;467ab79f-a83b-400d-9054-f408b01220d6;378.49;0.502;UNKNOWN
2016-01-30T00:25:08.000000;2016-01-30T00:25:08.000000;b9e86980-bbe3-4dff-82f9-e368484e9a0f;378.49;0.502;UNKNOWN
2016-01-30T00:25:19.000000;2016-01-30T00:25:19.000000;ec6458ce-8844-4d7b-abc9-00023ae35c59;378.49;0.502;UNKNOWN
2016-01-30T00:25:30.000000;2016-01-30T00:25:30.000000;d229c2e2-07e0-4a47-8ea2-cf5392c8c3d9;378.49;0.502;UNKNOWN
2016-01-30T00:25:40.000000;2016-01-30T00:25:40.000000;50ce1117-c0d0-4bc7-bb9c-7d4e65b7ce88;378.49;0.502;UNKNOWN
2016-01-30T00:25:51.000000;2016-01-30T00:25:51.000000;ebe30503-50ce-46c8-a1e4-650363021681;378.49;0.502;UNKNOWN
2016-01-30T00:25:59.000000;2016-01-30T00:25:59.000000;ea66b186-21b0-4a4e-978d-84fe7d4b0e23;378.49;0.502;UNKNOWN
2016-01-30T00:26:10.000000;2016-01-30T00:26:10.000000;0b698103-e7f6-402d-80eb-efdd1c58d13f;378.49;0.502;UNKNOWN
2016-01-30T00:26:20.000000;2016-01-30T00:26:20.000000;42565d47-d171-4c2c-b932-d4756b015cf9;378.49;0.502;UNKNOWN
2016-01-30T00:26:29.000000;2016-01-30T00:26:29.000000;76b2fc7a-f9e6-484b-9502-affbccfff92e;378.49;0.502;UNKNOWN
2016-01-30T00:26:39.000000;2016-01-30T00:26:39.000000;68af18f3-1156-44db-9edc-db819352eb6f;378.49;0.502;UNKNOWN
2016-01-30T00:26:46.000000;2016-01-30T00:26:46.000000;f107cf29-6add-49e5-85cd-4d5db67051bb;378.48;0.114;UNKNOWN
2016-01-30T00:26:46.000000;2016-01-30T00:26:46.000000;b861cada-54bc-426d-9c0b-d8ac209e07d2;378.48;2.386;UNKNOWN
2016-01-30T00:26:52.000000;2016-01-30T00:26:52.000000;7b109926-4c81-4303-8387-96e4b79ed762;378.49;0.502;UNKNOWN
2016-01-30T00:26:57.000000;2016-01-30T00:26:57.000000;7fb74d57-783a-4981-bd3a-c5ba191879f8;378.33;4.44325134;UNKNOWN
2016-01-30T00:27:04.000000;2016-01-30T00:27:04.000000;2bd1836a-f027-4985-8540-64c209804947;378.47;0.002;UNKNOWN
2016-01-30T00:27:04.000000;2016-01-30T00:27:04.000000;7dce0b38-0ff7-4e0d-a768-963197215381;378.47;0.5;UNKNOWN
2016-01-30T00:27:15.000000;2016-01-30T00:27:15.000000;f0fcba9d-a94a-441e-a6ee-644a9ed9df03;378.43;0.502;UNKNOWN
2016-01-30T00:27:28.000000;2016-01-30T00:27:28.000000;754defc2-8353-4d55-bc05-ebbd35699b95;378.46;0.502;UNKNOWN
2016-01-30T00:27:39.000000;2016-01-30T00:27:39.000000;119745c2-61f7-45f0-bca8-75b73a581be1;378.49;0.502;UNKNOWN
2016-01-30T00:27:49.000000;2016-01-30T00:27:49.000000;a129b3a7-1e6d-4b48-9191-24d4fd608d23;378.48;0.502;UNKNOWN
2016-01-30T00:28:00.000000;2016-01-30T00:28:00.000000;fdfe5275-509f-4422-b092-f97d22a0ebc9;378.49;0.502;UNKNOWN
2016-01-30T00:28:13.000000;2016-01-30T00:28:13.000000;5f9a8682-fdc2-470f-9425-94c7ed9bdc71;378.49;0.502;UNKNOWN
2016-01-30T00:28:17.000000;2016-01-30T00:28:17.000000;290367a4-54ce-4ca3-a6e1-9c7f97ebca5e;378.49;1.98807765;UNKNOWN
2016-01-30T00:28:18.000000;2016-01-30T00:28:18.000000;8cad06bc-5569-4506-aa76-7990badb33df;378.49;3.50821982;UNKNOWN
2016-01-30T00:28:18.000000;2016-01-30T00:28:18.000000;acf170a2-6654-4518-a880-1141f17f6d9a;378.87;6.5398;UNKNOWN
2016-01-30T00:28:18.000000;2016-01-30T00:28:18.000000;da2d3e26-cbdc-4c5b-b705-bd45187279b9;378.67;0.42826077;UNKNOWN
2016-01-30T00:28:18.000000;2016-01-30T00:28:18.000000;b3cc96b1-164b-4489-a0f0-9025656f74fe;378.5;0.08403027;UNKNOWN
2016-01-30T00:28:18.000000;2016-01-30T00:28:18.000000;c7251d58-5084-4e8e-ab04-e9b8be5a1c2a;378.49;0.086;UNKNOWN
2016-01-30T00:28:23.000000;2016-01-30T00:28:23.000000;cc9c7f19-1c54-4417-9d36-7b438d17b51a;378.88;0.502;UNKNOWN
2016-01-30T00:28:28.000000;2016-01-30T00:28:28.000000;ec7a3312-b440-458a-b383-522b953c6bcf;378.88;0.1;UNKNOWN
2016-01-30T00:28:34.000000;2016-01-30T00:28:34.000000;31f9f80d-693d-404d-a0a3-da6cfca0d515;379.0;0.45547885;UNKNOWN
2016-01-30T00:28:34.000000;2016-01-30T00:28:34.000000;6e94465d-ff77-4b5f-abab-8388e74f4ee1;378.88;0.04652115;UNKNOWN
2016-01-30T00:28:44.000000;2016-01-30T00:28:44.000000;de557047-5ed1-44d2-8b3b-5ef63c49bc06;378.99;0.502;UNKNOWN
2016-01-30T00:28:57.000000;2016-01-30T00:28:57.000000;357bf557-2548-4641-85d0-0df189fe6e2e;378.94;0.502;UNKNOWN
2016-01-30T00:28:58.000000;2016-01-30T00:28:58.000000;fe1fd5e1-4737-4b3b-9ff9-b84fb9419e19;378.99;1.75451376;UNKNOWN
2016-01-30T00:29:07.000000;2016-01-30T00:29:07.000000;72b76727-151e-4f66-88af-db9822e0af3b;378.97;0.502;UNKNOWN
2016-01-30T00:29:17.000000;2016-01-30T00:29:17.000000;080aeaba-8d0d-44cb-89ae-44e7bc956520;378.95;1.40085544;UNKNOWN
2016-01-30T00:29:18.000000;2016-01-30T00:29:18.000000;990aaf3f-64ed-466f-b010-7d4d963af5c2;378.97;0.502;UNKNOWN
2016-01-30T00:29:24.000000;2016-01-30T00:29:24.000000;11fc33b4-a1d9-4c0a-83dc-d2e9141da0ed;378.88;0.1;UNKNOWN
2016-01-30T00:29:29.000000;2016-01-30T00:29:29.000000;9c114d2f-713a-4794-a76b-90f13d05322a;378.96;0.502;UNKNOWN
2016-01-30T00:29:39.000000;2016-01-30T00:29:39.000000;e6ac719c-252e-4aa0-a907-10adb98d3f39;378.96;0.502;UNKNOWN
2016-01-30T00:29:42.000000;2016-01-30T00:29:42.000000;8f24d865-8b73-4a6e-83ec-fc90b60057c4;378.87;0.1;UNKNOWN
2016-01-30T00:29:48.000000;2016-01-30T00:29:48.000000;b69fda02-81ac-46e5-b995-0e68b8ca07fc;378.92;0.15896296;UNKNOWN
2016-01-30T00:29:48.000000;2016-01-30T00:29:48.000000;efaa5ba3-3e6d-40db-a201-c8a2261ff71c;378.91;3.24;UNKNOWN
2016-01-30T00:29:51.000000;2016-01-30T00:29:51.000000;1ee3e131-28e0-4e5d-a5ee-8b0495dd70f4;378.93;0.16096296;UNKNOWN
2016-01-30T00:29:51.000000;2016-01-30T00:29:51.000000;8d999edc-9022-4a26-96a2-ebd44f4e4320;378.92;0.34103704;UNKNOWN
2016-01-30T00:30:03.000000;2016-01-30T00:30:03.000000;7a293c0c-8314-40de-bfd9-91640514ccde;378.99;0.502;UNKNOWN
2016-01-30T00:30:14.000000;2016-01-30T00:30:14.000000;315be6e5-b6e4-4003-b07e-ae1819f7dd6e;378.96;0.502;UNKNOWN
2016-01-30T00:30:26.000000;2016-01-30T00:30:26.000000;ce4ac413-ccea-48ba-8929-4a442a65c989;378.96;0.502;UNKNOWN
2016-01-30T00:30:36.000000;2016-01-30T00:30:36.000000;9fb6755b-fe2f-4fc3-9833-8a54a465c7fb;378.96;0.502;UNKNOWN
2016-01-30T00:30:36.000000;2016-01-30T00:30:36.000000;eef55730-63d1-4bad-87b0-3d7cb58dac8b;378.95;0.5;UNKNOWN
2016-01-30T00:30:36.000000;2016-01-30T00:30:36.000000;672bed0d-c5bb-4b28-ae1b-c7b23eb181e3;378.96;0.29183146;UNKNOWN
2016-01-30T00:30:44.000000;2016-01-30T00:30:44.000000;8aed0e20-227c-4ab6-85b5-53704be4a25d;378.96;1.73629733;UNKNOWN
2016-01-30T00:30:44.000000;2016-01-30T00:30:44.000000;674c41a4-73c1-4d48-98a7-0f2a354cf109;378.96;0.79566405;UNKNOWN
2016-01-30T00:30:44.000000;2016-01-30T00:30:44.000000;6902e736-acde-4940-aaff-80068802796d;378.49;0.0291027;UNKNOWN
2016-01-30T00:30:44.000000;2016-01-30T00:30:44.000000;e42b2ceb-93ce-4d4b-9ee0-d6d0671b037d;378.95;0.5;UNKNOWN
2016-01-30T00:30:44.000000;2016-01-30T00:30:44.000000;b9056db9-ffdc-4c7a-8abc-ffec09f13565;378.49;0.13231304;UNKNOWN
2016-01-30T00:30:46.000000;2016-01-30T00:30:46.000000;5ee49646-a990-42df-85e7-3d3e3c525a4a;378.95;0.002;UNKNOWN
2016-01-30T00:30:46.000000;2016-01-30T00:30:46.000000;9144209e-68fa-42de-b350-2670e72394dd;378.95;0.5;UNKNOWN
2016-01-30T00:31:15.000000;2016-01-30T00:31:15.000000;c17a243f-f2be-4fd7-bfda-b77afdcd42de;378.94;2.44;UNKNOWN
2016-01-30T00:31:18.000000;2016-01-30T00:31:18.000000;188f827a-0df8-48bd-ba9b-b53fdb670d72;378.94;0.15329374;UNKNOWN
2016-01-30T00:31:18.000000;2016-01-30T00:31:18.000000;3617310c-4d60-469e-9fd4-e3bc8e9d2ab2;379.0;4.4029573;UNKNOWN
2016-01-30T00:31:19.000000;2016-01-30T00:31:19.000000;a4fe2307-9c6a-4043-ae51-c6ad01ea9a88;378.94;0.14;UNKNOWN
2016-01-30T00:31:19.000000;2016-01-30T00:31:19.000000;de2db68f-df17-47b8-b0eb-6fc374903346;379.0;0.362;UNKNOWN
2016-01-30T00:31:30.000000;2016-01-30T00:31:30.000000;ba289c18-f13b-4150-8e65-9fe750040603;379.0;0.05243615;UNKNOWN
2016-01-30T00:31:30.000000;2016-01-30T00:31:30.000000;faced425-26d6-4051-b985-0e0109687979;379.0;0.44956385;UNKNOWN
2016-01-30T00:31:37.000000;2016-01-30T00:31:37.000000;ac1f05e7-c42a-4b63-9b0d-ad66c4bde0d8;379.0;0.01;UNKNOWN
2016-01-30T00:31:40.000000;2016-01-30T00:31:40.000000;16be7287-92dc-45fc-82eb-3ce3dd83f85f;379.14;4.06463785;UNKNOWN
2016-01-30T00:31:40.000000;2016-01-30T00:31:40.000000;c25afebe-5bad-4d29-bd80-128b436137ad;379.0;0.43756385;UNKNOWN
2016-01-30T00:31:40.000000;2016-01-30T00:31:40.000000;69bbf23c-8056-4070-a0d5-f58c4d897a05;379.01;2.59389915;UNKNOWN
2016-01-30T00:31:40.000000;2016-01-30T00:31:40.000000;3b73bda2-ac2f-4d29-9e49-506e56e2de2b;379.0;2.59389915;UNKNOWN
2016-01-30T00:31:53.000000;2016-01-30T00:31:53.000000;db86dc9a-a15b-4194-88a1-f5453c070333;379.02;9.69750878;UNKNOWN
2016-01-30T00:31:59.000000;2016-01-30T00:31:59.000000;aa3b6b0c-099d-4771-b125-184c972086f2;379.02;3.1145371;UNKNOWN
2016-01-30T00:32:02.000000;2016-01-30T00:32:02.000000;c699cfa6-cc14-4168-bf41-72a38c1c9e05;379.02;0.502;UNKNOWN
2016-01-30T00:32:19.000000;2016-01-30T00:32:19.000000;3e75169f-927b-4b0a-b1a4-8534bd5aedc0;379.13;0.502;UNKNOWN
2016-01-30T00:33:02.000000;2016-01-30T00:33:02.000000;1e94217a-15f3-4c10-9777-0cab595a034d;379.14;2.99486846;UNKNOWN
2016-01-30T00:34:10.000000;2016-01-30T00:34:10.000000;6d421ad0-6048-4851-80c4-1403e1216488;379.24;2.59289029;UNKNOWN
2016-01-30T00:34:10.000000;2016-01-30T00:34:10.000000;cc012e51-6b14-4239-b27b-43311ee88137;379.32;2.59289029;UNKNOWN
2016-01-30T00:34:10.000000;2016-01-30T00:34:10.000000;8a2820a2-1bc4-415f-a9cb-c3e22e605f8b;379.31;15.7271;UNKNOWN
2016-01-30T00:34:10.000000;2016-01-30T00:34:10.000000;97831400-962d-4d70-bf13-bdd446088abf;379.36;7.84252573;UNKNOWN
2016-01-30T00:34:10.000000;2016-01-30T00:34:10.000000;2fadf9fb-634d-4e35-89e8-af6ef77e79c2;379.14;7.08049369;UNKNOWN
2016-01-30T00:34:16.000000;2016-01-30T00:34:16.000000;5d8b25c5-085c-4286-a354-3b9327c3991a;379.02;0.07164362;UNKNOWN
2016-01-30T00:37:53.000000;2016-01-30T00:37:53.000000;0f03193d-71b9-43d2-b20a-6e886a2ef73b;379.49;1.289;UNKNOWN
2016-01-30T00:37:53.000000;2016-01-30T00:37:53.000000;7bbc93b3-f8ea-473a-94d9-fcb1f0265c6b;379.44;3.0;UNKNOWN
2016-01-30T00:37:53.000000;2016-01-30T00:37:53.000000;d9928478-c8e2-437e-8e59-acddb7427580;379.36;0.05;UNKNOWN
2016-01-30T00:37:53.000000;2016-01-30T00:37:53.000000;accce85e-8790-4610-8965-b93a2170628e;379.36;0.061;UNKNOWN
2016-01-30T00:38:37.000000;2016-01-30T00:38:37.000000;758a47eb-141f-4e48-8ce9-ae74376bd077;379.36;0.049;UNKNOWN
2016-01-30T00:38:58.000000;2016-01-30T00:38:58.000000;ca6ee13f-9c10-4bb0-b1dd-a74d9f7bac3a;379.41;0.36942169;UNKNOWN
2016-01-30T00:39:26.000000;2016-01-30T00:39:26.000000;8e76f185-1378-4bbc-9c92-81381c272021;379.49;4.35;UNKNOWN
2016-01-30T00:39:28.000000;2016-01-30T00:39:28.000000;6d695b0c-9311-44a9-bce5-53cf435811cb;379.35;0.06523157;UNKNOWN
2016-01-30T00:40:06.000000;2016-01-30T00:40:06.000000;93fe574f-e347-4731-a0de-477c58066e84;379.07;0.03874403;UNKNOWN
2016-01-30T00:40:06.000000;2016-01-30T00:40:06.000000;c6955a11-9186-443e-b476-e9ad5d071a44;379.35;0.12575943;UNKNOWN
2016-01-30T00:43:11.000000;2016-01-30T00:43:11.000000;3b49fe9c-c122-4352-b926-f100926793e4;379.02;2.14362951;UNKNOWN
2016-01-30T00:43:27.000000;2016-01-30T00:43:27.000000;2767d51d-8a48-4476-a02c-466aa732d763;379.04;0.07839928;UNKNOWN
2016-01-30T00:44:05.000000;2016-01-30T00:44:05.000000;58e7ab24-8b57-4218-b47b-ec1e8087c463;379.48;5.72431436;UNKNOWN
2016-01-30T00:44:05.000000;2016-01-30T00:44:05.000000;8d659910-313e-4d67-b415-52ca54701a24;379.47;2.14;UNKNOWN
2016-01-30T00:46:05.000000;2016-01-30T00:46:05.000000;f1df3f93-ec2d-4c8a-bfcf-e094627108a7;379.07;6.5463;UNKNOWN
2016-01-30T00:46:05.000000;2016-01-30T00:46:05.000000;dd39088a-6f22-4464-b1c0-b6ffc32f25f2;379.07;0.5;UNKNOWN
2016-01-30T00:46:05.000000;2016-01-30T00:46:05.000000;c261d0b1-f323-4dc9-b280-5a5ab365ac96;379.06;2.9537;UNKNOWN
2016-01-30T00:46:48.000000;2016-01-30T00:46:48.000000;a05ca80b-fb7c-4d7f-892e-d6507671b892;379.06;0.12941359;UNKNOWN
2016-01-30T00:47:05.000000;2016-01-30T00:47:05.000000;b4d9c85d-fe6e-44f3-836e-750624fd99ad;379.01;5.275;UNKNOWN
2016-01-30T00:48:05.000000;2016-01-30T00:48:05.000000;eeeb5ef9-011d-4d9e-ad81-b32a3543b44f;379.39;8.59463339;UNKNOWN
2016-01-30T00:48:05.000000;2016-01-30T00:48:05.000000;9bd0a20f-d8fb-425f-ade5-8ed384a0bc36;379.39;1.40536661;UNKNOWN
2016-01-30T00:48:45.000000;2016-01-30T00:48:45.000000;180ac14b-f136-406e-bc4f-c806622d2189;379.4;0.5;UNKNOWN
2016-01-30T00:48:45.000000;2016-01-30T00:48:45.000000;059b0f68-33b3-4893-91d9-b1507fea462a;379.51;0.02;UNKNOWN
2016-01-30T00:48:45.000000;2016-01-30T00:48:45.000000;5ccd082d-836f-48f4-ae66-5edd02535836;379.67;0.222;UNKNOWN
2016-01-30T00:48:45.000000;2016-01-30T00:48:45.000000;529d3044-2453-4db2-95ee-7da1b674716e;379.4;0.092;UNKNOWN
2016-01-30T00:48:45.000000;2016-01-30T00:48:45.000000;eaff22cd-01a4-49e2-8750-55329c8b383d;379.51;5.0;UNKNOWN
2016-01-30T00:49:05.000000;2016-01-30T00:49:05.000000;75812539-6f67-4492-b47e-b2f3e1d586d5;379.31;1.0;UNKNOWN
2016-01-30T00:49:20.000000;2016-01-30T00:49:20.000000;c69c6c36-27f2-4d9d-aba6-f6ec43d433dc;379.67;0.278;UNKNOWN
2016-01-30T00:49:20.000000;2016-01-30T00:49:20.000000;ad7dcd72-dfc3-48d6-812b-0894ebe41ae4;379.94;2.7018;UNKNOWN
2016-01-30T00:49:20.000000;2016-01-30T00:49:20.000000;130ef55f-8dca-415c-af62-0ca3b2323785;379.78;0.0102;UNKNOWN
2016-01-30T00:49:20.000000;2016-01-30T00:49:20.000000;c39d3c76-78a4-4d60-9585-5735e3d5b8c5;379.75;0.01;UNKNOWN
2016-01-30T00:50:36.000000;2016-01-30T00:50:36.000000;bd2e681b-a6ff-43e0-a473-fb0d1b143f56;379.73;3.0;UNKNOWN
2016-01-30T00:50:36.000000;2016-01-30T00:50:36.000000;020a44de-3cb0-48a3-b100-37360eb78102;379.71;8.6;UNKNOWN
2016-01-30T00:50:36.000000;2016-01-30T00:50:36.000000;b310cad6-aaa6-432c-b377-e9ccfe5c3fb1;379.8;0.011;UNKNOWN
2016-01-30T00:50:36.000000;2016-01-30T00:50:36.000000;22492f9a-5f19-44c4-bed8-9379bbec6174;379.72;0.5;UNKNOWN
2016-01-30T00:52:05.000000;2016-01-30T00:52:05.000000;dea3980c-e5c3-46e7-828e-45d0b75bc397;379.51;0.514286;UNKNOWN
2016-01-30T00:52:58.000000;2016-01-30T00:52:58.000000;f5f653a3-5abc-41ea-998f-b64cb4012ac4;379.13;3.5634;UNKNOWN
2016-01-30T00:52:58.000000;2016-01-30T00:52:58.000000;278a177a-8822-4cb1-9674-4a418b6a8474;379.14;6.5366;UNKNOWN
2016-01-30T00:53:06.000000;2016-01-30T00:53:06.000000;81708e71-b5df-4242-9d6a-2bda9e3c6221;379.36;0.2;UNKNOWN
2016-01-30T00:53:41.000000;2016-01-30T00:53:41.000000;b9c1c470-7990-4fe6-9243-afbef1c23d24;379.21;1.111;UNKNOWN
2016-01-30T00:54:30.000000;2016-01-30T00:54:30.000000;1b83b9b5-39dd-46db-8032-f25171071166;379.3;2.58344528;UNKNOWN
2016-01-30T00:57:03.000000;2016-01-30T00:57:03.000000;0308cc16-c9e6-4aa3-9643-edb8fc5145e7;379.38;2.58017906;UNKNOWN
2016-01-30T00:57:03.000000;2016-01-30T00:57:03.000000;baebac61-4370-481b-b189-12b73d5bf30a;379.38;2.25866369;UNKNOWN
2016-01-30T00:57:03.000000;2016-01-30T00:57:03.000000;246b1721-44bd-4c53-8b0a-59c5548b7f0d;379.38;2.58017906;UNKNOWN
2016-01-30T00:57:03.000000;2016-01-30T00:57:03.000000;22d5c830-8256-41da-a3e6-3c4281d4cbd9;379.38;2.58097819;UNKNOWN
2016-01-30T00:58:07.000000;2016-01-30T00:58:07.000000;9880910c-f8cb-41d0-ab97-3cebe53bc90b;379.31;2.58177781;UNKNOWN
2016-01-30T00:58:07.000000;2016-01-30T00:58:07.000000;12059c12-ef3e-406b-97ae-490349150c1f;379.24;0.05667082;UNKNOWN
2016-01-30T00:59:06.000000;2016-01-30T00:59:06.000000;cb1c82c9-9ca7-459b-94b2-b358dbce55b9;379.37;2.09;UNKNOWN
2016-01-30T00:59:06.000000;2016-01-30T00:59:06.000000;bab0b2e0-b34c-461f-a378-d84f14cb70c1;379.7;0.16285623;UNKNOWN
2016-01-30T00:59:06.000000;2016-01-30T00:59:06.000000;14938237-feec-4770-8556-eb1626f580ca;379.38;0.02;UNKNOWN
2016-01-30T00:59:06.000000;2016-01-30T00:59:06.000000;20ce523b-f5f6-442d-b943-e640b4941371;379.39;0.167;UNKNOWN
2016-01-30T00:59:07.000000;2016-01-30T00:59:07.000000;71e6a592-3c01-4395-b6cb-02c902d70568;379.7;0.08714377;UNKNOWN
2016-01-30T00:59:07.000000;2016-01-30T00:59:07.000000;b2dbe4a3-fe1c-4913-86be-2e047ec81e31;379.75;0.91334622;UNKNOWN
2016-01-30T00:59:22.000000;2016-01-30T00:59:22.000000;a713c9dd-120c-4487-86c1-a3ddcb2c1cb9;379.96;16.254;UNKNOWN
2016-01-30T00:59:22.000000;2016-01-30T00:59:22.000000;42c73fc3-2435-49e0-8d1e-88ce12206a3d;379.75;0.08665378;UNKNOWN
2016-01-30T00:59:22.000000;2016-01-30T00:59:22.000000;3e10d8fd-24c3-41a8-852c-0b9b64d5af01;379.82;0.0109;UNKNOWN
2016-01-30T00:59:22.000000;2016-01-30T00:59:22.000000;7736fa8c-9fe0-467d-a21d-22a2861faa48;379.95;0.5;UNKNOWN
2016-01-30T00:59:22.000000;2016-01-30T00:59:22.000000;a84cb9b2-5071-417f-8266-57a799db13e3;379.95;3.0;UNKNOWN
2016-01-30T00:59:22.000000;2016-01-30T00:59:22.000000;1ca396a4-015c-49b7-a8e1-a361c17c8289;379.99;0.14844622;UNKNOWN
2016-01-30T00:59:43.000000;2016-01-30T00:59:43.000000;749db518-efe4-4e26-8ef7-9a8a8ba47496;379.35;2.57938043;UNKNOWN
2016-01-30T00:59:43.000000;2016-01-30T00:59:43.000000;537dca3e-c411-4a2c-8545-02731876d72a;379.14;16.7556;UNKNOWN
2016-01-30T00:59:43.000000;2016-01-30T00:59:43.000000;6cae4445-717a-4ab6-9d7d-9f70fac1c56b;379.53;0.5;UNKNOWN
2016-01-30T00:59:43.000000;2016-01-30T00:59:43.000000;56dd1aa4-2309-4e76-8f6b-9ec38ba2b2f7;379.53;3.0;UNKNOWN
2016-01-30T00:59:43.000000;2016-01-30T00:59:43.000000;c53e5d69-1884-44e7-b8b7-d74e17f78d59;379.41;25.1315;UNKNOWN
2016-01-30T00:59:43.000000;2016-01-30T00:59:43.000000;8a0ac93e-1ff8-46fa-a2be-189a242efd11;379.2;2.5793139;UNKNOWN
2016-01-30T00:59:43.000000;2016-01-30T00:59:43.000000;2333fad9-7783-4d81-82c0-cc4adb3b23a6;379.37;2.57938043;UNKNOWN
2016-01-30T00:59:43.000000;2016-01-30T00:59:43.000000;d7c77ab7-cf53-43e1-8cf0-35993a78e5af;379.41;6.545;UNKNOWN
2016-01-30T00:59:43.000000;2016-01-30T00:59:43.000000;155c817e-85fa-4980-a201-c8b20a0f3a49;379.29;15.713;UNKNOWN
2016-01-30T00:59:43.000000;2016-01-30T00:59:43.000000;0b383e3a-f020-4934-9f9d-52d752c2620e;379.28;2.5793139;UNKNOWN
2016-01-30T00:59:43.000000;2016-01-30T00:59:43.000000;04b3e989-5f1c-44b7-8645-55f8506f751a;379.27;2.57888154;UNKNOWN
2016-01-30T00:59:43.000000;2016-01-30T00:59:43.000000;c94b867f-96cc-4827-875a-c2ea603fee0b;379.27;2.57888154;UNKNOWN
2016-01-30T00:59:43.000000;2016-01-30T00:59:43.000000;172e4b58-fb40-4e20-b4ef-2153058b485b;379.01;0.51;UNKNOWN
2016-01-30T00:59:43.000000;2016-01-30T00:59:43.000000;9873b681-0040-4f04-b413-ed2926f5537b;379.0;21.36974826;UNKNOWN
2016-01-30T00:59:54.000000;2016-01-30T00:59:54.000000;9a8c6a4e-9f5e-495a-bcd7-3a6b12bd5e38;379.6;1.0;UNKNOWN
2016-01-30T01:00:54.000000;2016-01-30T01:00:54.000000;c1fef8a8-379e-4a24-8448-fa4534aec76c;379.69;0.01;UNKNOWN
2016-01-30T01:01:04.000000;2016-01-30T01:01:04.000000;d1ad8712-0d10-4e56-9a13-9cdc709e82a9;379.67;6.4968;UNKNOWN
2016-01-30T01:01:04.000000;2016-01-30T01:01:04.000000;3ead9aee-b74e-4b1b-b206-edc1950acba9;379.48;1.0274073;UNKNOWN
2016-01-30T01:01:04.000000;2016-01-30T01:01:04.000000;f970d311-8527-46c3-9f47-cc576046ea90;379.65;2.5757927;UNKNOWN
2016-01-30T01:01:42.000000;2016-01-30T01:01:42.000000;31266664-7b3d-44c7-bbbb-cf4b9395f371;379.54;0.5;UNKNOWN
2016-01-30T01:01:42.000000;2016-01-30T01:01:42.000000;a923570c-63a2-4872-a2b3-f11edf145dd3;379.54;3.0;UNKNOWN
2016-01-30T01:01:42.000000;2016-01-30T01:01:42.000000;e6b73fa6-f7bd-476e-a2fc-f9eaca162922;379.53;6.5427;UNKNOWN
2016-01-30T01:01:42.000000;2016-01-30T01:01:42.000000;c5ad0034-355f-4b7f-a4dc-9753ec4e3dbe;379.52;0.0573;UNKNOWN
2016-01-30T01:02:10.000000;2016-01-30T01:02:10.000000;386f0436-c253-4114-9da1-7d535787f30d;379.68;0.79476358;UNKNOWN
2016-01-30T01:03:05.000000;2016-01-30T01:03:05.000000;761e87a0-fa9a-4b21-8a84-f6520cc457e2;379.85;0.23277318;UNKNOWN
2016-01-30T01:03:21.000000;2016-01-30T01:03:21.000000;da7316fb-b422-45bf-b8b9-76275776bd9f;379.32;0.5720019;UNKNOWN
2016-01-30T01:03:21.000000;2016-01-30T01:03:21.000000;2345abfd-c04c-4ffd-843f-7587d7b0abf4;379.34;6.5034;UNKNOWN
2016-01-30T01:04:05.000000;2016-01-30T01:04:05.000000;e640455a-1b29-49d4-b6f1-cc41eed4352b;379.56;0.77763884;UNKNOWN
2016-01-30T01:06:14.000000;2016-01-30T01:06:14.000000;ba3e0d70-88ca-49fa-ac50-c2fa95b96c75;379.64;3.0;UNKNOWN
2016-01-30T01:06:14.000000;2016-01-30T01:06:14.000000;134ad3e9-a4f2-43a0-9443-ee351e8ac89a;379.63;0.1136;UNKNOWN
2016-01-30T01:06:14.000000;2016-01-30T01:06:14.000000;09ce9752-fddb-4ce8-a5b1-583aebdcdaf4;379.65;6.4864;UNKNOWN
2016-01-30T01:06:14.000000;2016-01-30T01:06:14.000000;ddcfda83-8679-4e8b-934a-5a35b8b61004;379.66;0.5;UNKNOWN
2016-01-30T01:07:05.000000;2016-01-30T01:07:05.000000;87c25582-aa7d-475d-a401-ec608fb7d132;379.74;1.86089999;UNKNOWN
2016-01-30T01:09:13.000000;2016-01-30T01:09:13.000000;0e21a882-cf17-479d-9cd7-05c11d1cea1d;379.7;6.5495;UNKNOWN
2016-01-30T01:09:28.000000;2016-01-30T01:09:28.000000;d380683a-6a1c-4b5c-8fcf-33ece5a38fd4;379.6;0.23652;UNKNOWN
2016-01-30T01:09:56.000000;2016-01-30T01:09:56.000000;d845857a-2119-4d51-abdb-7b7564eb5359;379.6;0.15048;UNKNOWN
2016-01-30T01:09:56.000000;2016-01-30T01:09:56.000000;725110e6-7ccf-4519-84be-519998f25d84;379.18;6.5163;UNKNOWN
2016-01-30T01:10:04.000000;2016-01-30T01:10:04.000000;8dd5af50-7993-475e-8587-e226ab48c1ac;379.15;21.25;UNKNOWN
2016-01-30T01:10:51.000000;2016-01-30T01:10:51.000000;89c4626b-140b-4bb2-afef-446661d9b0a8;379.15;0.3;UNKNOWN
2016-01-30T01:10:51.000000;2016-01-30T01:10:51.000000;950c267b-5251-4e75-897b-c08e4d1fd078;379.01;6.5461;UNKNOWN
2016-01-30T01:10:51.000000;2016-01-30T01:10:51.000000;1220d74d-52f1-43c8-acbd-7b8a8e7a718f;379.13;0.3;UNKNOWN
2016-01-30T01:10:51.000000;2016-01-30T01:10:51.000000;2157c607-32d7-4419-88ee-636ebc277546;379.0;8.63025174;UNKNOWN
2016-01-30T01:10:51.000000;2016-01-30T01:10:51.000000;a8da7ae3-4c11-4614-82e6-efca3071a3ac;379.0;0.1585;UNKNOWN
2016-01-30T01:11:11.000000;2016-01-30T01:11:11.000000;db0d8f6d-f696-4f01-89cf-69598e426b86;378.93;0.016091;UNKNOWN
2016-01-30T01:11:11.000000;2016-01-30T01:11:11.000000;1163948b-490a-41de-adfd-d1a9391c31ef;378.9;6.5334;UNKNOWN
2016-01-30T01:11:11.000000;2016-01-30T01:11:11.000000;9a9ded3b-306d-4644-b62b-6469172ac118;378.89;2.57914759;UNKNOWN
2016-01-30T01:11:11.000000;2016-01-30T01:11:11.000000;cb4acbdb-222c-47e0-ab44-8176daec9a61;378.97;2.57914759;UNKNOWN
2016-01-30T01:11:17.000000;2016-01-30T01:11:17.000000;cfcad710-230d-4687-a1f3-963e3345eec7;378.85;0.26370584;UNKNOWN
2016-01-30T01:12:05.000000;2016-01-30T01:12:05.000000;2d31bd60-982c-455b-acf0-8f9f3a78f7fd;379.13;0.28246088;UNKNOWN
2016-01-30T01:12:05.000000;2016-01-30T01:12:05.000000;c308e7a7-3d00-4378-8311-9f000c293793;379.13;0.5;UNKNOWN
2016-01-30T01:12:05.000000;2016-01-30T01:12:05.000000;192ccf97-9b11-4e10-a5e0-36384ee45925;378.97;0.02;UNKNOWN
2016-01-30T01:12:08.000000;2016-01-30T01:12:08.000000;15730747-71d1-40fb-ab06-f7eeeddc7301;378.75;15.9106;UNKNOWN
2016-01-30T01:12:33.000000;2016-01-30T01:12:33.000000;1d251c95-2b84-46f2-af9a-bd5fc2c6d6f0;378.71;0.1798;UNKNOWN
2016-01-30T01:13:48.000000;2016-01-30T01:13:48.000000;9426b834-6e2d-432c-a4e3-2be70a933291;378.7;0.1;UNKNOWN
2016-01-30T01:14:06.000000;2016-01-30T01:14:06.000000;6ed1ca76-d2c1-44c9-b916-0eac9b35a7f0;378.68;0.96769999;UNKNOWN
2016-01-30T01:14:06.000000;2016-01-30T01:14:06.000000;193402df-7a3a-4537-86e3-cdf18802d138;378.5;0.01;UNKNOWN
2016-01-30T01:14:06.000000;2016-01-30T01:14:06.000000;7d3db67c-4d1c-4d40-b048-98a0029a8a81;378.66;0.5;UNKNOWN
2016-01-30T01:14:06.000000;2016-01-30T01:14:06.000000;a9b179cf-8174-4bc9-b6bf-3a77d01ee199;378.5;0.097;UNKNOWN
2016-01-30T01:14:14.000000;2016-01-30T01:14:14.000000;63ea6652-8f6b-475b-9dd9-ad581ab78c07;378.49;0.015;UNKNOWN
2016-01-30T01:16:50.000000;2016-01-30T01:16:50.000000;a1e69aa2-2167-46e2-a1de-f885d8b3ce48;378.68;0.285;UNKNOWN
2016-01-30T01:16:50.000000;2016-01-30T01:16:50.000000;ed4c5e7b-41d9-4c38-ad52-3c592de25a2b;378.68;0.071422;UNKNOWN
2016-01-30T01:17:52.000000;2016-01-30T01:17:52.000000;ce019e27-25cc-4a8f-9942-7bd316ab96c7;378.38;1.40396125;UNKNOWN
2016-01-30T01:19:03.000000;2016-01-30T01:19:03.000000;177154e6-d35e-4abc-a425-85f19b161ea8;378.38;1.40081236;UNKNOWN
2016-01-30T01:19:07.000000;2016-01-30T01:19:07.000000;5c4bf2ca-8485-4e73-a514-b81fe995b732;378.38;6.5389;UNKNOWN
2016-01-30T01:19:07.000000;2016-01-30T01:19:07.000000;688d9553-6cf0-440a-a825-98e87c63da73;378.38;3.4611;UNKNOWN
2016-01-30T01:19:15.000000;2016-01-30T01:19:15.000000;d2767f0b-97b6-4c68-8229-f69e7fa9ab80;378.38;0.7;UNKNOWN
2016-01-30T01:19:25.000000;2016-01-30T01:19:25.000000;8363e9be-805e-43af-8241-5680ac0f2ee8;378.41;0.142;UNKNOWN
2016-01-30T01:19:38.000000;2016-01-30T01:19:38.000000;731a9f41-9924-476f-aab4-1f16bbb8b25f;378.52;0.02;UNKNOWN
2016-01-30T01:20:29.000000;2016-01-30T01:20:29.000000;aafbb199-bb2e-4321-b79d-84630fb2ed08;378.48;1.39833893;UNKNOWN
2016-01-30T01:20:44.000000;2016-01-30T01:20:44.000000;fa469361-900a-4e95-b6a6-5a44c7c04eb6;378.51;0.5;UNKNOWN
2016-01-30T01:20:44.000000;2016-01-30T01:20:44.000000;3e1d0899-cf0e-4371-ab03-a00da748943a;378.51;3.0;UNKNOWN
2016-01-30T01:20:44.000000;2016-01-30T01:20:44.000000;d5f1d685-d512-4afd-82f6-f439c91b4100;378.47;9.858;UNKNOWN
2016-01-30T01:20:44.000000;2016-01-30T01:20:44.000000;e6cca293-e0e7-46d6-9782-9f0ba7f13e44;378.5;6.5846;UNKNOWN
2016-01-30T01:20:44.000000;2016-01-30T01:20:44.000000;44aa1caa-7f30-4c52-bf36-2bd80cbac855;378.48;0.029462;UNKNOWN
2016-01-30T01:20:44.000000;2016-01-30T01:20:44.000000;32bea180-edbe-4997-9c50-eeab2745fda9;378.12;8.027938;UNKNOWN
2016-01-30T01:20:44.000000;2016-01-30T01:20:44.000000;fdc9a9dd-af90-4014-9842-bcc029028b03;378.15;12.0;UNKNOWN
2016-01-30T01:20:51.000000;2016-01-30T01:20:51.000000;e93fe6d7-31fc-46f0-8e6d-346fd1b06280;378.16;0.0519;UNKNOWN
2016-01-30T01:20:51.000000;2016-01-30T01:20:51.000000;0fddc0f2-4bfe-4fb4-8b54-7c9138461416;377.9;7.06295168;UNKNOWN
2016-01-30T01:20:51.000000;2016-01-30T01:20:51.000000;37df7df1-f129-4a0c-b586-4295bc986dda;377.9;2.58514832;UNKNOWN
2016-01-30T01:21:08.000000;2016-01-30T01:21:08.000000;2fd36b5c-b982-4562-90e2-d985b3e15b29;377.92;0.31746737;UNKNOWN
2016-01-30T01:21:15.000000;2016-01-30T01:21:15.000000;a854b563-1b49-4600-941a-adf17c352d45;377.84;0.12908157;UNKNOWN
2016-01-30T01:21:15.000000;2016-01-30T01:21:15.000000;dfa6781d-7c27-4f65-bb03-3e1bceba4c4c;377.84;0.5;UNKNOWN
2016-01-30T01:21:18.000000;2016-01-30T01:21:18.000000;700e63cc-6703-4eb7-adcd-1240974eaf9b;377.84;4.24091843;UNKNOWN
2016-01-30T01:21:18.000000;2016-01-30T01:21:18.000000;bab398c3-85c0-48bc-b02c-03a99f0d6e93;377.81;0.3;UNKNOWN
2016-01-30T01:21:18.000000;2016-01-30T01:21:18.000000;f5c64938-9ace-45f0-808b-e5d8b12c4858;377.84;20.2715;UNKNOWN
2016-01-30T01:21:18.000000;2016-01-30T01:21:18.000000;a32c1945-3879-48dd-a4ce-b7f986390825;377.76;8.3665612;UNKNOWN
2016-01-30T01:21:18.000000;2016-01-30T01:21:18.000000;fef42991-a863-44e2-8dd8-d33b12837086;377.8;2.58524857;UNKNOWN
2016-01-30T01:22:17.000000;2016-01-30T01:22:17.000000;3a917ada-e8b2-475c-80c7-66fcdc91078e;377.6;4.6613;UNKNOWN
2016-01-30T01:22:17.000000;2016-01-30T01:22:17.000000;aaa2dc6b-088a-4dc3-a200-81fd5bec2a5c;377.69;0.05005;UNKNOWN
2016-01-30T01:22:17.000000;2016-01-30T01:22:17.000000;5a60818a-ae86-4700-a3ff-f42046abf712;377.38;5.7757499;UNKNOWN
2016-01-30T01:22:17.000000;2016-01-30T01:22:17.000000;71b34aa7-e4b2-4f05-a19f-28261add8d65;377.54;0.64893786;UNKNOWN
2016-01-30T01:22:17.000000;2016-01-30T01:22:17.000000;2cbc2710-f67f-4e53-97b7-49c5924f513c;377.5;3.03;UNKNOWN
2016-01-30T01:22:17.000000;2016-01-30T01:22:17.000000;18379bce-b0ad-42fc-a7e1-43cdc3deefa9;377.39;20.0;UNKNOWN
2016-01-30T01:22:17.000000;2016-01-30T01:22:17.000000;6d8eb9df-c498-4994-bffa-3588eec556d1;377.4;2.58511491;UNKNOWN
2016-01-30T01:22:17.000000;2016-01-30T01:22:17.000000;6c12e678-c0f9-48d1-a325-75bb925b97ea;377.47;16.1017;UNKNOWN
2016-01-30T01:22:17.000000;2016-01-30T01:22:17.000000;a4856937-61f6-4e1b-96b5-7ae6e0d5d80f;377.69;0.05005;UNKNOWN
2016-01-30T01:22:24.000000;2016-01-30T01:22:24.000000;99089769-130d-47bc-a402-4adfd723cc4a;377.7;0.197;UNKNOWN
2016-01-30T01:22:28.000000;2016-01-30T01:22:28.000000;446e2245-44af-4310-a377-09b91c17a004;377.47;0.18203094;UNKNOWN
2016-01-30T01:22:44.000000;2016-01-30T01:22:44.000000;3b2f0024-094d-4e94-b1ae-c377ff0db938;377.7;0.015;UNKNOWN
2016-01-30T01:22:44.000000;2016-01-30T01:22:44.000000;6ed1edd9-f112-4910-b953-62c7c5be7cbd;377.7;0.068;UNKNOWN
2016-01-30T01:24:27.000000;2016-01-30T01:24:27.000000;1a77c5fe-a20a-4c31-abb4-863e6d4c32f6;377.69;0.06502965;UNKNOWN
2016-01-30T01:26:48.000000;2016-01-30T01:26:48.000000;f788a63f-c627-4198-91bb-d1facaa2c7a7;377.7;0.015;UNKNOWN
2016-01-30T01:26:48.000000;2016-01-30T01:26:48.000000;1a9a92c2-4891-4902-a71a-8b62494cb6f8;377.7;0.015;UNKNOWN
2016-01-30T01:27:15.000000;2016-01-30T01:27:15.000000;17436093-7a9e-487e-9d2e-2c044d97bfff;377.94;0.09;UNKNOWN
2016-01-30T01:27:17.000000;2016-01-30T01:27:17.000000;964aa22f-731c-4e4e-8cd5-1c3cc66ec13d;378.71;0.066;UNKNOWN
2016-01-30T01:27:27.000000;2016-01-30T01:27:27.000000;71968f15-4e8c-496c-899c-3f33ebe55305;378.11;0.3156;UNKNOWN
2016-01-30T01:27:35.000000;2016-01-30T01:27:35.000000;e2472ca6-f618-4ac6-b21e-05df2c2008f1;378.59;0.826887;UNKNOWN
2016-01-30T01:27:48.000000;2016-01-30T01:27:48.000000;e6f65d48-6948-41c1-861b-1f4efe1f0f11;377.96;0.06359431;UNKNOWN
2016-01-30T01:28:18.000000;2016-01-30T01:28:18.000000;12dc338c-5d9d-4860-9257-11c8e02530c5;378.3;0.06625811;UNKNOWN
2016-01-30T01:29:06.000000;2016-01-30T01:29:06.000000;f95ff087-266c-4d66-bbcc-8ae8b17b00d7;377.95;6.0;UNKNOWN
2016-01-30T01:29:27.000000;2016-01-30T01:29:27.000000;462a5cf0-b892-43bd-8c28-5cd91e7b5b80;377.95;0.0317526;UNKNOWN
2016-01-30T01:31:57.000000;2016-01-30T01:31:57.000000;cd82a711-1b53-41b5-94f6-804030b88e9f;377.96;0.14956906;UNKNOWN
2016-01-30T01:32:29.000000;2016-01-30T01:32:29.000000;68b121a4-ad5d-4c1a-9028-33d77994dd6a;377.96;1.22246716;UNKNOWN
2016-01-30T01:34:05.000000;2016-01-30T01:34:05.000000;7cc7a53c-b316-4018-ab7a-1d279c9ed870;378.32;0.2072;UNKNOWN
2016-01-30T01:34:05.000000;2016-01-30T01:34:05.000000;4b261434-44b7-4dfb-8dbf-ee6fa1158e13;378.12;3.7594137;UNKNOWN
2016-01-30T01:35:42.000000;2016-01-30T01:35:42.000000;6a85618d-b209-458d-913c-5e7b59a6916d;378.6;1.0;UNKNOWN
2016-01-30T01:36:04.000000;2016-01-30T01:36:04.000000;aa476880-ca8a-4493-82cc-7bc9973d1183;378.13;0.25;UNKNOWN
2016-01-30T01:36:27.000000;2016-01-30T01:36:27.000000;94f6ddd6-d383-4bb8-a3a5-524dd7ac9b6f;378.13;0.13029745;UNKNOWN
2016-01-30T01:37:51.000000;2016-01-30T01:37:51.000000;334f7293-ee0c-401e-b069-88192ace19df;377.95;5.0;UNKNOWN
2016-01-30T01:37:52.000000;2016-01-30T01:37:52.000000;ff089c99-9298-4295-b3ff-16cfff08c7ed;378.02;0.3;UNKNOWN
2016-01-30T01:38:05.000000;2016-01-30T01:38:05.000000;e48111a1-da6a-4dac-91a8-61563a2293ec;378.63;1.1;UNKNOWN
2016-01-30T01:38:19.000000;2016-01-30T01:38:19.000000;c4574d43-d166-4b60-9267-13607240ab49;378.14;0.3;UNKNOWN
2016-01-30T01:38:19.000000;2016-01-30T01:38:19.000000;3e551c52-6de4-464f-8c6d-269985e17f49;378.13;4.7;UNKNOWN
2016-01-30T01:38:21.000000;2016-01-30T01:38:21.000000;0f817620-2b9f-410d-87dc-c49a3a159d25;378.53;0.5;UNKNOWN
2016-01-30T01:38:25.000000;2016-01-30T01:38:25.000000;e9e97cc4-e87c-4bb3-bf5d-2ecc297fe74a;378.14;5.0;UNKNOWN
2016-01-30T01:40:34.000000;2016-01-30T01:40:34.000000;b344ab01-1524-4706-907c-70798ef6d340;378.14;4.96295421;UNKNOWN
2016-01-30T01:41:27.000000;2016-01-30T01:41:27.000000;2ea24fba-7435-4d03-9979-5b48dcfabcc9;378.14;0.0804895;UNKNOWN
2016-01-30T01:42:05.000000;2016-01-30T01:42:05.000000;63e76c0e-42a4-46e8-b8c4-9a15dddc9d59;378.44;0.42814172;UNKNOWN
2016-01-30T01:42:05.000000;2016-01-30T01:42:05.000000;d18c30eb-6524-4506-a1ed-04826a1e0f0e;378.44;0.5;UNKNOWN
2016-01-30T01:42:50.000000;2016-01-30T01:42:50.000000;be109f17-a2b3-4af0-879b-9a0318b5c46b;378.51;6.5935;UNKNOWN
2016-01-30T01:42:50.000000;2016-01-30T01:42:50.000000;17f004a8-6eef-40e1-87f7-9467092b2866;378.52;3.0;UNKNOWN
2016-01-30T01:42:50.000000;2016-01-30T01:42:50.000000;120f6e11-6a72-4122-b871-6d08452f471e;378.52;0.5;UNKNOWN
2016-01-30T01:42:50.000000;2016-01-30T01:42:50.000000;f87cd3ef-e230-4ad1-a231-984da9335dd2;378.52;4.86305629;UNKNOWN
2016-01-30T01:42:58.000000;2016-01-30T01:42:58.000000;d577d635-48dc-4b46-a71d-1bc9e268f228;378.33;0.52943401;UNKNOWN
2016-01-30T01:43:21.000000;2016-01-30T01:43:21.000000;dfb2b7d7-1a30-4c18-a5fe-dda7310e1d96;378.3;0.01;UNKNOWN
2016-01-30T01:44:05.000000;2016-01-30T01:44:05.000000;39abaaf5-6fae-49bb-855b-7faa01613d63;378.46;0.23;UNKNOWN
2016-01-30T01:44:05.000000;2016-01-30T01:44:05.000000;6fd638d6-f9e8-4f26-b1e1-b8ee7f6d8ee1;378.33;0.01;UNKNOWN
2016-01-30T01:44:05.000000;2016-01-30T01:44:05.000000;8272310d-04a1-49ad-9b67-9edc79262959;378.33;0.01;UNKNOWN
2016-01-30T01:44:17.000000;2016-01-30T01:44:17.000000;f877d97a-f06a-4306-afe0-dac3651bb0cc;378.33;0.0661775;UNKNOWN
2016-01-30T01:44:20.000000;2016-01-30T01:44:20.000000;994e174d-8955-4517-8fd9-970dcc73f421;378.64;0.03;UNKNOWN
2016-01-30T01:44:32.000000;2016-01-30T01:44:32.000000;b1f8feab-5d14-470e-8682-a77acb864f18;378.46;1.0;UNKNOWN
2016-01-30T01:44:32.000000;2016-01-30T01:44:32.000000;533a41a5-4cc2-4a63-ba26-a87e874af05b;378.28;2.453;UNKNOWN
2016-01-30T01:44:32.000000;2016-01-30T01:44:32.000000;00ed42d5-3f9f-4c88-b5fe-9cd792ece281;378.29;6.547;UNKNOWN
2016-01-30T01:44:50.000000;2016-01-30T01:44:50.000000;27bcb2ad-1ea4-4851-b3d5-5c2cc6661cdb;378.12;0.98717125;UNKNOWN
2016-01-30T01:44:50.000000;2016-01-30T01:44:50.000000;3bc670b5-9309-4be0-8209-e58aa93a3c47;378.47;0.02923144;UNKNOWN
2016-01-30T01:44:59.000000;2016-01-30T01:44:59.000000;150a4d97-d684-4cc1-b207-f1e330febe6c;378.42;0.1;UNKNOWN
2016-01-30T01:45:05.000000;2016-01-30T01:45:05.000000;002ad570-9e5f-4f7f-8490-0ab1bc89a31d;378.11;0.13;UNKNOWN
2016-01-30T01:45:05.000000;2016-01-30T01:45:05.000000;375b3fb6-02b3-437f-8471-0f0b691f16c5;378.1;0.01;UNKNOWN
2016-01-30T01:45:05.000000;2016-01-30T01:45:05.000000;d35d3fd2-0b0e-413b-abe9-c46c2f578c94;377.96;1.86;UNKNOWN
2016-01-30T01:45:16.000000;2016-01-30T01:45:16.000000;6f059606-a69a-4fbb-acc1-155e444df9c6;378.02;6.5525;UNKNOWN
2016-01-30T01:45:16.000000;2016-01-30T01:45:16.000000;c7ac9bf5-c49c-4e39-b18b-0758e45d6169;378.02;0.5;UNKNOWN
2016-01-30T01:45:16.000000;2016-01-30T01:45:16.000000;6b74e40f-e928-466e-b7ac-6b875f1d9a03;378.01;3.0;UNKNOWN
2016-01-30T01:45:16.000000;2016-01-30T01:45:16.000000;e6de7354-29a5-4307-94f0-912ec5a7ae8d;378.03;6.0;UNKNOWN
2016-01-30T01:45:16.000000;2016-01-30T01:45:16.000000;ad8de359-7a7c-49d2-8b50-cf18e7f85b80;378.0;0.77245734;UNKNOWN
2016-01-30T01:45:27.000000;2016-01-30T01:45:27.000000;f54b110e-f6c5-41ee-857c-acdf7517c08d;377.95;5.0819474;UNKNOWN
2016-01-30T01:45:27.000000;2016-01-30T01:45:27.000000;8bbedcae-31e6-413f-9eee-081269070ffb;377.82;0.066937;UNKNOWN
2016-01-30T01:45:27.000000;2016-01-30T01:45:27.000000;043d7efe-6b22-4901-b339-8aecb446b64a;377.77;2.17847294;UNKNOWN
2016-01-30T01:45:27.000000;2016-01-30T01:45:27.000000;c54aa417-2314-4c65-b6e9-a375b60c94da;378.0;2.67264266;UNKNOWN
2016-01-30T01:45:50.000000;2016-01-30T01:45:50.000000;c90ed48f-ef9e-4c65-a25c-35358ef24779;377.77;0.01;UNKNOWN
2016-01-30T01:46:17.000000;2016-01-30T01:46:17.000000;6002a801-0fad-4bd5-9b53-cb1f98e50735;377.97;3.44150331;UNKNOWN
2016-01-30T01:48:12.000000;2016-01-30T01:48:12.000000;fa1c398d-60a7-4636-81b9-ea7678c25a9a;378.12;12.5336;UNKNOWN
2016-01-30T01:48:21.000000;2016-01-30T01:48:21.000000;3f416d58-167c-4fc2-a10c-467eab73868f;378.09;0.25;UNKNOWN
2016-01-30T01:50:08.000000;2016-01-30T01:50:08.000000;fa488d1d-b00e-4f2e-a72a-650973e02e7b;378.1;12.4664;UNKNOWN
2016-01-30T01:50:08.000000;2016-01-30T01:50:08.000000;cd5f79cb-7b1a-492d-ac1b-3a349dad1667;378.5;1.0072;UNKNOWN
2016-01-30T01:50:08.000000;2016-01-30T01:50:08.000000;1108e3d2-a243-463d-99ac-d1fbd787a045;378.09;6.5264;UNKNOWN
2016-01-30T01:50:47.000000;2016-01-30T01:50:47.000000;a62eb5b0-7042-43a7-959b-30395c60a665;378.13;0.52158915;UNKNOWN
2016-01-30T01:51:48.000000;2016-01-30T01:51:48.000000;34a19fdf-d43d-4ba1-a02d-85945d8fd949;378.43;0.158;UNKNOWN
2016-01-30T01:52:09.000000;2016-01-30T01:52:09.000000;cb646e36-986e-48e0-b0e8-04047f3c0fad;378.13;11.6112;UNKNOWN
2016-01-30T01:52:09.000000;2016-01-30T01:52:09.000000;439403e4-a575-4852-a5ab-65f37ea27adc;378.14;6.5135;UNKNOWN
2016-01-30T01:52:19.000000;2016-01-30T01:52:19.000000;d4adf5c7-e37a-43f4-b905-c41a4ea14c35;378.1;5.0;UNKNOWN
2016-01-30T01:52:32.000000;2016-01-30T01:52:32.000000;0a0664dc-19d4-4899-a852-623feeed47c2;378.1;0.12;UNKNOWN
2016-01-30T01:52:39.000000;2016-01-30T01:52:39.000000;b1bb1543-86ea-4516-b81f-7202a9ea1645;378.1;1.7553;UNKNOWN
2016-01-30T01:52:39.000000;2016-01-30T01:52:39.000000;6707ff89-5de9-4db1-91d6-ae543446a698;378.79;1.0;UNKNOWN
2016-01-30T01:52:39.000000;2016-01-30T01:52:39.000000;52666466-39d8-4f97-821a-08297af6c13d;378.83;2.58638527;UNKNOWN
2016-01-30T01:52:39.000000;2016-01-30T01:52:39.000000;9bc7f459-9517-4dcc-8788-c2eed31df7b7;378.5;2.4345347;UNKNOWN
2016-01-30T01:52:39.000000;2016-01-30T01:52:39.000000;6ec44d6f-e5e7-4dd2-b69c-bf34827cacbe;378.22;6.6127;UNKNOWN
2016-01-30T01:52:39.000000;2016-01-30T01:52:39.000000;ccfd7f62-b4ef-49b8-8b20-5bf2d5b7f0bc;378.83;9.20508003;UNKNOWN
2016-01-30T01:52:39.000000;2016-01-30T01:52:39.000000;db732694-54b6-4205-bc96-ba56206efddd;378.8;12.0;UNKNOWN
2016-01-30T01:53:20.000000;2016-01-30T01:53:20.000000;086d152b-96e0-44c1-87ad-5f48f7bbd7a7;378.8;0.145743;UNKNOWN
2016-01-30T01:53:25.000000;2016-01-30T01:53:25.000000;3214b8a3-4046-4e25-93b0-fbf7e5a04bd1;378.78;3.0;UNKNOWN
2016-01-30T01:53:25.000000;2016-01-30T01:53:25.000000;338e30e1-444f-41e6-be86-4b51408ed067;378.78;21.11;UNKNOWN
2016-01-30T01:53:25.000000;2016-01-30T01:53:25.000000;913595d8-e121-4a9b-8a1d-e3f2cddd2d50;378.78;0.89;UNKNOWN
2016-01-30T01:53:38.000000;2016-01-30T01:53:38.000000;efaaac10-125c-4251-b57a-4bd11de4040c;378.56;0.06619151;UNKNOWN
2016-01-30T01:54:02.000000;2016-01-30T01:54:02.000000;5161cdcc-e677-467a-9838-865f69aef39d;378.73;10.0;UNKNOWN
2016-01-30T01:54:05.000000;2016-01-30T01:54:05.000000;3062b356-b56b-480b-819d-94557d28ea13;378.74;1.84147528;UNKNOWN
2016-01-30T01:54:30.000000;2016-01-30T01:54:30.000000;cf921726-dfb5-4c9a-8f27-7745ae755b5a;378.46;0.19807903;UNKNOWN
2016-01-30T01:54:30.000000;2016-01-30T01:54:30.000000;0a420a9f-a157-41d6-a90a-d71e12030ec7;378.64;0.04021043;UNKNOWN
2016-01-30T01:54:43.000000;2016-01-30T01:54:43.000000;eae639f3-bfbb-4a95-881e-de853203e776;378.72;0.3;UNKNOWN
2016-01-30T01:55:20.000000;2016-01-30T01:55:20.000000;f1ca8003-24e6-49e9-b93d-6de77c1f8173;378.54;9.42;UNKNOWN
2016-01-30T01:55:21.000000;2016-01-30T01:55:21.000000;27855f35-833d-482e-8ec3-f27ef7ed5e56;378.5;6.545;UNKNOWN
2016-01-30T01:55:56.000000;2016-01-30T01:55:56.000000;49da994f-64b0-4771-9f90-8b2f1a54e8f4;378.29;25.0;UNKNOWN
2016-01-30T01:56:28.000000;2016-01-30T01:56:28.000000;f9296113-2e5d-44cd-bd7d-6c6fc0c70594;378.1;0.144925;UNKNOWN
2016-01-30T01:57:02.000000;2016-01-30T01:57:02.000000;17aad439-7657-480c-ae1f-461e566c214a;378.2;0.02;UNKNOWN
2016-01-30T01:57:02.000000;2016-01-30T01:57:02.000000;c345ae94-d4a9-47cb-8379-ee1f18ca629a;378.41;0.28;UNKNOWN
2016-01-30T01:58:00.000000;2016-01-30T01:58:00.000000;4c551b72-279d-4ef6-b3e5-dbee5b6f5a0a;378.5;9.035;UNKNOWN
2016-01-30T01:58:00.000000;2016-01-30T01:58:00.000000;8a1f2030-2844-48ae-8194-dd5a9147320d;378.49;6.5149;UNKNOWN
2016-01-30T01:58:00.000000;2016-01-30T01:58:00.000000;67aee06a-1b71-4571-a03e-445795d220c6;378.45;0.5;UNKNOWN
2016-01-30T01:58:00.000000;2016-01-30T01:58:00.000000;12d6c4f5-62c3-4829-b9db-b177d5ceb7f2;378.45;3.0;UNKNOWN
2016-01-30T01:58:00.000000;2016-01-30T01:58:00.000000;6c858871-34dc-41a9-88e3-604be4c22db4;378.99;0.0181207;UNKNOWN
2016-01-30T01:58:00.000000;2016-01-30T01:58:00.000000;0d0d7bd5-ed6c-4039-bac1-bf3642ddc38a;379.0;0.25;UNKNOWN
2016-01-30T01:58:00.000000;2016-01-30T01:58:00.000000;1f18646e-27d4-441a-81ed-201a8e2e0c7b;378.9;0.35155378;UNKNOWN
2016-01-30T01:58:00.000000;2016-01-30T01:58:00.000000;db6f2421-cf95-448a-bc99-b8d37c68b517;379.0;1.0;UNKNOWN
2016-01-30T01:58:00.000000;2016-01-30T01:58:00.000000;e899d8d7-24d5-481e-9677-0fd0ee43c736;379.01;0.5;UNKNOWN
2016-01-30T01:58:00.000000;2016-01-30T01:58:00.000000;d2360b1b-b9bc-4755-b8aa-d3ec9ac9f50f;379.01;3.83042552;UNKNOWN
2016-01-30T01:58:05.000000;2016-01-30T01:58:05.000000;7ebaeebf-202c-4012-a0ac-756127945eeb;378.47;0.4583;UNKNOWN
2016-01-30T01:58:05.000000;2016-01-30T01:58:05.000000;9d7327b8-2a26-4dbf-80a2-6a2b65d0b2db;378.48;6.5417;UNKNOWN
2016-01-30T01:58:05.000000;2016-01-30T01:58:05.000000;31190cf0-c78d-4676-a8e2-fc6d11b0a1af;378.47;3.0;UNKNOWN
2016-01-30T01:58:27.000000;2016-01-30T01:58:27.000000;094e5601-e14b-4c20-8a53-ee74250e192a;378.47;0.3948;UNKNOWN
2016-01-30T01:59:35.000000;2016-01-30T01:59:35.000000;fd181813-e2dc-4f3b-8b59-f8796f530f69;378.79;0.3;UNKNOWN
2016-01-30T02:00:06.000000;2016-01-30T02:00:06.000000;4f0d9bf4-e3af-47b3-805a-15f5c9b02095;378.46;9.7;UNKNOWN
2016-01-30T02:00:06.000000;2016-01-30T02:00:06.000000;a3aa8eed-0a23-4703-85fb-c1ad7ce08ee2;378.47;0.3;UNKNOWN
2016-01-30T02:01:05.000000;2016-01-30T02:01:05.000000;71e076a9-f89f-4d23-9162-ed0109c402e2;378.3;1.42274167;UNKNOWN
2016-01-30T02:01:05.000000;2016-01-30T02:01:05.000000;1f61bc21-edff-4215-9d6f-f3d8bc3562fd;378.31;3.0;UNKNOWN
2016-01-30T02:01:05.000000;2016-01-30T02:01:05.000000;bc4cbbf0-c8ca-4c23-8fd7-497a4a21a4d5;378.32;0.5;UNKNOWN
2016-01-30T02:01:08.000000;2016-01-30T02:01:08.000000;9500788b-28ec-495d-b332-a3b858cf836f;378.32;0.06612156;UNKNOWN
2016-01-30T02:02:08.000000;2016-01-30T02:02:08.000000;f54d64d7-ccc8-45c8-bf65-a0f13b2cbde7;378.31;3.0;UNKNOWN
2016-01-30T02:02:08.000000;2016-01-30T02:02:08.000000;022148c4-37ef-461f-a447-ed2e2e825811;378.26;12.0;UNKNOWN
2016-01-30T02:02:08.000000;2016-01-30T02:02:08.000000;1de93c0d-0975-4c51-b92e-85676ce7cf2c;378.1;8.56561487;UNKNOWN
2016-01-30T02:02:08.000000;2016-01-30T02:02:08.000000;ae028cac-27f8-4d63-a0d4-af3e522a1f5e;378.25;17.82444836;UNKNOWN
2016-01-30T02:02:08.000000;2016-01-30T02:02:08.000000;1e7122e9-3e21-4154-9f9b-c6ef4fd1490a;378.27;6.0;UNKNOWN
2016-01-30T02:02:08.000000;2016-01-30T02:02:08.000000;fc11a8ea-0d12-4f51-aa04-d2253fdde843;378.3;2.17605833;UNKNOWN
2016-01-30T02:02:08.000000;2016-01-30T02:02:08.000000;b9a4e02b-15fb-490b-8add-d637b6811ae3;378.32;0.43387844;UNKNOWN
2016-01-30T02:03:10.000000;2016-01-30T02:03:10.000000;ff745cfe-08fb-4778-a5d4-3bba3e52b177;378.39;0.3;UNKNOWN
2016-01-30T02:03:18.000000;2016-01-30T02:03:18.000000;0e222bdd-8aca-4f1f-81cf-1822e3ac14bc;378.1;0.15875464;UNKNOWN
2016-01-30T02:03:37.000000;2016-01-30T02:03:37.000000;e435a3f7-a0c4-4537-befc-ccfefd572e01;378.1;0.07937732;UNKNOWN
2016-01-30T02:05:27.000000;2016-01-30T02:05:27.000000;f5e97493-2749-4ef3-9f0a-8277345b0af5;378.07;0.3;UNKNOWN
2016-01-30T02:05:27.000000;2016-01-30T02:05:27.000000;5b2f1260-7fb4-4dc3-ad1d-a4174f96bdbd;377.93;0.74229835;UNKNOWN
2016-01-30T02:05:47.000000;2016-01-30T02:05:47.000000;16fc425e-cbd6-4154-af0e-ece0e67a3641;377.95;0.3;UNKNOWN
2016-01-30T02:06:05.000000;2016-01-30T02:06:05.000000;59fbda82-85fd-4634-84dc-9cd99a4069b3;377.7;3.5254;UNKNOWN
2016-01-30T02:06:05.000000;2016-01-30T02:06:05.000000;977547db-1c42-411d-a1da-61c39e3428cf;377.85;3.03;UNKNOWN
2016-01-30T02:06:05.000000;2016-01-30T02:06:05.000000;f1fd197e-2160-46ff-a389-5820c6df9940;377.8;3.4446;UNKNOWN
2016-01-30T02:06:06.000000;2016-01-30T02:06:06.000000;e4311568-3bec-49a8-9e91-5aeb8031cd43;377.7;0.2912456;UNKNOWN
2016-01-30T02:06:07.000000;2016-01-30T02:06:07.000000;bb3f4b80-567d-4531-ab37-95fc8502756d;377.7;6.1833544;UNKNOWN
2016-01-30T02:06:07.000000;2016-01-30T02:06:07.000000;4fea036a-e180-42fa-899a-361cfea5b528;377.7;2.17393082;UNKNOWN
2016-01-30T02:06:31.000000;2016-01-30T02:06:31.000000;02e2d2c1-d6e5-453e-b4ed-dc2b10e634d8;377.7;0.01;UNKNOWN
2016-01-30T02:07:06.000000;2016-01-30T02:07:06.000000;190c497f-61b1-4699-86bf-8a21d7507968;377.73;0.095;UNKNOWN
2016-01-30T02:07:06.000000;2016-01-30T02:07:06.000000;7d269b8b-a459-4756-a6d0-950e0302e18d;378.2;0.01;UNKNOWN
2016-01-30T02:07:06.000000;2016-01-30T02:07:06.000000;03484392-c387-47cd-80d4-445a983b9755;378.27;0.39216514;UNKNOWN
2016-01-30T02:08:27.000000;2016-01-30T02:08:27.000000;89d2924d-5a63-4a3e-8bfc-c373eceb3ba0;377.8;0.06624057;UNKNOWN
2016-01-30T02:09:05.000000;2016-01-30T02:09:05.000000;72acb829-fa15-4606-a42d-c5477b910984;378.01;0.38755334;UNKNOWN
2016-01-30T02:10:57.000000;2016-01-30T02:10:57.000000;bfe41b69-def5-48b3-aace-624a742da540;377.7;0.06625635;UNKNOWN
2016-01-30T02:11:28.000000;2016-01-30T02:11:28.000000;373923e7-919d-4f7f-827b-6bff2b1739ad;377.79;0.04187293;UNKNOWN
2016-01-30T02:12:05.000000;2016-01-30T02:12:05.000000;53e54291-a114-4845-8247-cc346bf0a9e2;377.7;1.6120601;UNKNOWN
2016-01-30T02:12:05.000000;2016-01-30T02:12:05.000000;724b1790-8f69-4385-8c6d-75b41fce4be6;377.7;7.74981283;UNKNOWN
2016-01-30T02:12:05.000000;2016-01-30T02:12:05.000000;c6cb46fa-1581-482e-bc85-32bdf8b0b6a6;377.79;0.63812707;UNKNOWN
2016-01-30T02:12:06.000000;2016-01-30T02:12:06.000000;5cd81a4d-8cb9-4166-a46d-987c8a5aad8a;377.69;0.108;UNKNOWN
2016-01-30T02:12:06.000000;2016-01-30T02:12:06.000000;9d8846af-e6b3-4232-9cfd-d7a4404773fa;377.69;0.23497035;UNKNOWN
2016-01-30T02:12:06.000000;2016-01-30T02:12:06.000000;4ea8480e-f11a-487e-9610-1fe3127c59ed;377.69;0.3;UNKNOWN
2016-01-30T02:12:06.000000;2016-01-30T02:12:06.000000;9934b21d-d781-4293-b7ba-88d06f79b4b4;377.7;3.3879399;UNKNOWN
2016-01-30T02:12:06.000000;2016-01-30T02:12:06.000000;1fd1639d-afa4-4276-b712-af5593b7e120;377.61;5.96908975;UNKNOWN
2016-01-30T02:12:07.000000;2016-01-30T02:12:07.000000;d6be83ba-b8d0-411d-ad32-71ab99f1b35f;377.5;5.0;UNKNOWN
2016-01-30T02:12:07.000000;2016-01-30T02:12:07.000000;d5e33bed-2223-4c1d-b9ce-d80b4aff6702;377.47;5.0;UNKNOWN
2016-01-30T02:12:08.000000;2016-01-30T02:12:08.000000;2b58a2a0-ea88-48a3-9b26-db64bb3a0539;377.3;3.47633094;UNKNOWN
2016-01-30T02:12:08.000000;2016-01-30T02:12:08.000000;da01b9b7-f061-43cd-a1e9-67fc03b3c86c;377.47;6.52366906;UNKNOWN
2016-01-30T02:12:22.000000;2016-01-30T02:12:22.000000;cfae1de1-87f0-45e5-acdd-9793bcccc9df;378.06;4.12;UNKNOWN
2016-01-30T02:13:05.000000;2016-01-30T02:13:05.000000;f4912134-a0ea-4bd3-af8f-46ef3c1cf0a6;378.06;0.15615;UNKNOWN
2016-01-30T02:13:05.000000;2016-01-30T02:13:05.000000;198f6d11-b2bb-43a8-810d-b6370298c337;377.64;0.84385;UNKNOWN
2016-01-30T02:13:45.000000;2016-01-30T02:13:45.000000;4df706ac-c185-46aa-a77b-61da46e78ed0;377.41;0.1;UNKNOWN
2016-01-30T02:13:52.000000;2016-01-30T02:13:52.000000;a0277dcb-f569-477a-9d31-1e827ec23ea8;377.82;0.135;UNKNOWN
2016-01-30T02:14:05.000000;2016-01-30T02:14:05.000000;0a4aea03-5ccd-4bd2-89b6-348d2aef9a32;377.76;0.14;UNKNOWN
2016-01-30T02:14:28.000000;2016-01-30T02:14:28.000000;5288235a-1033-450e-b8f2-86144a301628;377.41;0.0528;UNKNOWN
2016-01-30T02:15:16.000000;2016-01-30T02:15:16.000000;88973411-022d-45c1-afc6-8dc3a91ec527;378.03;1.7;UNKNOWN
2016-01-30T02:17:05.000000;2016-01-30T02:17:05.000000;a13eaa2d-2593-446e-b04f-dfb99a5e5e86;377.81;3.0;UNKNOWN
2016-01-30T02:17:05.000000;2016-01-30T02:17:05.000000;8bbe1772-c842-4b7a-8db7-82fac89478c9;377.91;1.0;UNKNOWN
2016-01-30T02:17:05.000000;2016-01-30T02:17:05.000000;e26139d4-9f85-4e0d-bad9-de7c55772edc;377.82;6.0;UNKNOWN
2016-01-30T02:17:36.000000;2016-01-30T02:17:36.000000;146867c8-0688-46cf-b2a5-b7856c624829;377.65;0.03;UNKNOWN
2016-01-30T02:17:36.000000;2016-01-30T02:17:36.000000;83d54489-68ea-40f6-82ec-7eb2da7caa0c;377.51;3.47;UNKNOWN
2016-01-30T02:18:19.000000;2016-01-30T02:18:19.000000;20aec92d-2f3f-43f6-81e1-a2cd100be115;377.23;0.2927;UNKNOWN
2016-01-30T02:18:19.000000;2016-01-30T02:18:19.000000;08aa0e72-1c3f-4bb6-9538-57bb2c54cd3d;377.22;0.06916936;UNKNOWN
2016-01-30T02:18:19.000000;2016-01-30T02:18:19.000000;9925e998-33f1-42be-8446-c537dbfef33a;377.5;0.1;UNKNOWN
2016-01-30T02:18:19.000000;2016-01-30T02:18:19.000000;a57933e8-f2f6-4333-ace3-80718e6ee732;377.5;0.1;UNKNOWN
2016-01-30T02:18:27.000000;2016-01-30T02:18:27.000000;25bc62b5-6f3b-44bf-afe7-d6b5b682b865;377.23;0.1315;UNKNOWN
2016-01-30T02:19:05.000000;2016-01-30T02:19:05.000000;25bf1dd7-5eb9-46ab-8fba-02f63c3c4c18;377.3;3.93504552;UNKNOWN
2016-01-30T02:19:17.000000;2016-01-30T02:19:17.000000;dfdcca60-fef9-4adc-91fa-67ddc7365df8;377.24;1.7;UNKNOWN
2016-01-30T02:19:47.000000;2016-01-30T02:19:47.000000;4d144dfe-2e6f-4f69-9b2c-041bf00d0ed0;377.22;0.23227753;UNKNOWN
2016-01-30T02:19:47.000000;2016-01-30T02:19:47.000000;fbb5465c-2936-4079-b732-a9adce389b3f;377.23;6.563;UNKNOWN
2016-01-30T02:19:47.000000;2016-01-30T02:19:47.000000;78e8b673-b90f-44d0-aaa4-9cb7dd05872d;377.23;1.96195719;UNKNOWN
2016-01-30T02:20:51.000000;2016-01-30T02:20:51.000000;9487cb29-4692-4964-8b70-388385631b01;377.16;0.1;UNKNOWN
2016-01-30T02:21:03.000000;2016-01-30T02:21:03.000000;66ebe51b-56a3-4920-b6ea-e2016aefee32;377.27;0.323;UNKNOWN
2016-01-30T02:21:58.000000;2016-01-30T02:21:58.000000;88ed7e42-8f9b-4b87-b156-28dab98d8e76;377.27;0.086;UNKNOWN
2016-01-30T02:22:06.000000;2016-01-30T02:22:06.000000;62a7d364-9b72-418e-9654-6dea349dc8cd;377.69;3.48442441;UNKNOWN
2016-01-30T02:22:29.000000;2016-01-30T02:22:29.000000;2816da47-2840-45b5-8cd5-489fdb1684ac;377.27;0.08349859;UNKNOWN
2016-01-30T02:23:24.000000;2016-01-30T02:23:24.000000;0661d313-0669-4a9f-a57f-c4cdb4d5faa0;377.28;0.49168309;UNKNOWN
2016-01-30T02:23:59.000000;2016-01-30T02:23:59.000000;cf3cbc94-349b-47af-9ef6-0f4c5e7cff8a;377.27;0.90751951;UNKNOWN
2016-01-30T02:23:59.000000;2016-01-30T02:23:59.000000;4a36b6a5-3a93-4769-9101-91ac362a3e29;377.0;0.04;UNKNOWN
2016-01-30T02:23:59.000000;2016-01-30T02:23:59.000000;011f0139-fa90-468b-aaa4-aca36d6ccc55;377.2;0.01;UNKNOWN
2016-01-30T02:23:59.000000;2016-01-30T02:23:59.000000;868d6211-0ec2-4dd7-8fe5-666217d2cec9;377.0;0.5;UNKNOWN
2016-01-30T02:23:59.000000;2016-01-30T02:23:59.000000;3b257168-44cb-4aa9-b5c7-9e4b3fe7f41e;377.28;3.34;UNKNOWN
2016-01-30T02:23:59.000000;2016-01-30T02:23:59.000000;088b95d4-a1ea-404f-b39e-a426dc425d9a;376.97;6.0421;UNKNOWN
2016-01-30T02:23:59.000000;2016-01-30T02:23:59.000000;a8c73946-7ec1-4785-ad72-0a2ebc3a0513;376.81;2.40729249;UNKNOWN
2016-01-30T02:23:59.000000;2016-01-30T02:23:59.000000;3a2bee79-5194-4e91-a4e7-8ebaeb5e4307;376.82;0.52;UNKNOWN
2016-01-30T02:23:59.000000;2016-01-30T02:23:59.000000;85e3ca09-1da3-43d9-995c-fa97b65f06b1;376.82;0.05;UNKNOWN
2016-01-30T02:23:59.000000;2016-01-30T02:23:59.000000;1c0f59ff-5a23-4516-85f5-24995aad1d7b;377.13;16.7059;UNKNOWN
2016-01-30T02:23:59.000000;2016-01-30T02:23:59.000000;636c90f0-9d6d-4c7a-b7fe-34d15b8e4c88;377.15;5.0;UNKNOWN
2016-01-30T02:24:17.000000;2016-01-30T02:24:17.000000;a9524723-b800-4ec8-9a83-38bc81de8078;376.81;2.1514;UNKNOWN
2016-01-30T02:24:17.000000;2016-01-30T02:24:17.000000;361e42bb-6a90-46f3-ba2c-fa3221201a2e;376.82;0.0486;UNKNOWN
2016-01-30T02:24:46.000000;2016-01-30T02:24:46.000000;cc809742-cade-4757-826c-e36e285a6cd7;377.17;0.52;UNKNOWN
2016-01-30T02:24:46.000000;2016-01-30T02:24:46.000000;8a54288c-4e92-4034-bc45-b2487a203d29;377.18;0.48;UNKNOWN
2016-01-30T02:25:37.000000;2016-01-30T02:25:37.000000;993b7f76-e3c8-4ac6-99e6-d2f78647ffcd;377.16;1.32374132;UNKNOWN
2016-01-30T02:26:30.000000;2016-01-30T02:26:30.000000;c800eeba-fd2d-4438-84b7-74d72868df29;376.77;2.35991263;UNKNOWN
2016-01-30T02:26:30.000000;2016-01-30T02:26:30.000000;957b0e02-4265-422b-bedd-97777497a733;376.98;1.0;UNKNOWN
2016-01-30T02:26:30.000000;2016-01-30T02:26:30.000000;8165431e-c6ba-4cda-a686-cc2b1ccf32f9;376.99;0.0813;UNKNOWN
2016-01-30T02:27:04.000000;2016-01-30T02:27:04.000000;cb1a3424-eb00-4638-a198-6015d670b78a;377.07;0.05;UNKNOWN
2016-01-30T02:27:05.000000;2016-01-30T02:27:05.000000;5b9a29ca-47d7-49fc-b38b-2fb170356c59;377.07;1.93648035;UNKNOWN
2016-01-30T02:27:12.000000;2016-01-30T02:27:12.000000;056aec79-a4af-4066-9499-c53fe7ffbe58;377.19;0.024;UNKNOWN
2016-01-30T02:28:12.000000;2016-01-30T02:28:12.000000;e891d600-95be-435c-ac0b-89b5e4a6b5ed;377.09;0.1;UNKNOWN
2016-01-30T02:28:33.000000;2016-01-30T02:28:33.000000;8224407b-0544-406c-acdc-fae18c4a6a22;377.12;0.4584;UNKNOWN
2016-01-30T02:30:22.000000;2016-01-30T02:30:22.000000;8e5a33d7-0cde-4413-8e78-f3d3bdd0fc2f;377.09;0.01;UNKNOWN
2016-01-30T02:30:49.000000;2016-01-30T02:30:49.000000;f7f8271b-6b6d-4e4c-be68-abc06a6441ba;377.14;0.17;UNKNOWN
2016-01-30T02:31:03.000000;2016-01-30T02:31:03.000000;ca43025e-42c3-4b33-891c-dc7d53581418;377.61;1.0;UNKNOWN
2016-01-30T02:31:25.000000;2016-01-30T02:31:25.000000;45920d1a-8086-46ff-bf35-c8ba9d42d5d6;377.61;0.99;UNKNOWN
2016-01-30T02:32:32.000000;2016-01-30T02:32:32.000000;27e9a0b7-57ea-4a4f-bf3b-f6221a657319;377.82;0.83;UNKNOWN
2016-01-30T02:34:02.000000;2016-01-30T02:34:02.000000;8c99e3c9-2156-419b-a10f-b5de91de329d;377.91;0.01;UNKNOWN
2016-01-30T02:34:03.000000;2016-01-30T02:34:03.000000;c7e0591d-6516-4403-a231-fffda17a6ae3;377.9;1.01;UNKNOWN
2016-01-30T02:34:22.000000;2016-01-30T02:34:22.000000;58897b5a-d65a-45d7-9313-f2075f98745f;377.38;0.90661199;UNKNOWN
2016-01-30T02:35:16.000000;2016-01-30T02:35:16.000000;c28ee1ad-9d9b-4ac8-911d-cfd6d436213d;377.88;0.5;UNKNOWN
2016-01-30T02:35:17.000000;2016-01-30T02:35:17.000000;22451725-ee9d-4216-a9aa-43820e1b4e97;377.54;0.04694234;UNKNOWN
2016-01-30T02:35:17.000000;2016-01-30T02:35:17.000000;135d2d88-8522-417e-8e4b-b790ee3a19d1;377.5;9.9416;UNKNOWN
2016-01-30T02:35:17.000000;2016-01-30T02:35:17.000000;af4b90da-0ab1-4d1c-8652-24204bc1a4c8;377.28;5.66541754;UNKNOWN
2016-01-30T02:35:17.000000;2016-01-30T02:35:17.000000;b7441b27-16de-482e-b9a8-355165f7a626;377.43;16.1068;UNKNOWN
2016-01-30T02:35:17.000000;2016-01-30T02:35:17.000000;e89bebf2-39d2-4d75-8880-040ca90c2254;377.34;0.070948;UNKNOWN
2016-01-30T02:37:00.000000;2016-01-30T02:37:00.000000;7e30b364-6824-484f-841d-977b4a43479d;377.61;1.0;UNKNOWN
2016-01-30T02:37:05.000000;2016-01-30T02:37:05.000000;b2abe5e2-ba7a-42b0-8137-5409f16b56a4;377.86;6.5605;UNKNOWN
2016-01-30T02:37:05.000000;2016-01-30T02:37:05.000000;d62c351d-8aa2-4f72-87db-3b1713d1b763;377.87;3.4395;UNKNOWN
2016-01-30T02:37:06.000000;2016-01-30T02:37:06.000000;a39f5219-6b26-48eb-8da4-5d7e7d1bbe57;377.91;1.0;UNKNOWN
2016-01-30T02:37:08.000000;2016-01-30T02:37:08.000000;7e3f28b9-9d37-4cd3-8c24-aa8a3f23b1a5;377.56;0.30990599;UNKNOWN
2016-01-30T02:38:28.000000;2016-01-30T02:38:28.000000;004b5385-ecc4-4f1b-9274-8626d1504c54;377.85;0.389;UNKNOWN
2016-01-30T02:39:05.000000;2016-01-30T02:39:05.000000;54e05b3f-9645-4093-a810-838ee76971eb;377.68;2.32452185;UNKNOWN
2016-01-30T02:39:06.000000;2016-01-30T02:39:06.000000;0ee6a48e-423a-4f4c-abb9-e897efedb597;377.68;0.07748406;UNKNOWN
2016-01-30T02:39:08.000000;2016-01-30T02:39:08.000000;74ac2a1b-346c-4a8d-81d1-59b49aa292cd;377.98;3.3873;UNKNOWN
2016-01-30T02:39:08.000000;2016-01-30T02:39:08.000000;ba193653-6b17-4edf-94ae-3ff7be02a269;377.97;6.6127;UNKNOWN
2016-01-30T02:40:17.000000;2016-01-30T02:40:17.000000;4bc80067-db65-4e9b-812b-0d4544ab752c;377.57;6.5947;UNKNOWN
2016-01-30T02:40:17.000000;2016-01-30T02:40:17.000000;97143c41-64b7-44c8-bf65-99dc1f4ae469;377.56;13.38444074;UNKNOWN
2016-01-30T02:40:17.000000;2016-01-30T02:40:17.000000;7829334d-01ea-4dbf-99c5-681010317064;377.6;0.02085926;UNKNOWN
2016-01-30T02:40:53.000000;2016-01-30T02:40:53.000000;b6d74318-b81d-484e-a81d-991d8b8f80c3;377.25;1.5;UNKNOWN
2016-01-30T02:40:53.000000;2016-01-30T02:40:53.000000;ef59c7c9-837a-44ab-9528-3a0752816903;377.32;0.5;UNKNOWN
2016-01-30T02:40:53.000000;2016-01-30T02:40:53.000000;a86df9e0-09d7-42b7-ac57-ba16a81e440e;377.32;3.0;UNKNOWN
2016-01-30T02:42:12.000000;2016-01-30T02:42:12.000000;3300abbe-89d6-40a7-886d-1f807ebc8bf4;377.12;0.4;UNKNOWN
2016-01-30T02:42:22.000000;2016-01-30T02:42:22.000000;bad335f7-1427-4820-a9cf-84f10844e76d;377.31;1.0;UNKNOWN
2016-01-30T02:42:25.000000;2016-01-30T02:42:25.000000;24bdbf51-5ee4-4159-ab87-93566ab092a0;377.3;0.5;UNKNOWN
2016-01-30T02:42:25.000000;2016-01-30T02:42:25.000000;e54b41c3-bf81-4676-a2d1-bdf86a022638;377.31;0.5;UNKNOWN
2016-01-30T02:44:47.000000;2016-01-30T02:44:47.000000;29ff9169-f537-4374-aa4f-fe79d4725ead;377.47;0.06102854;UNKNOWN
2016-01-30T02:48:10.000000;2016-01-30T02:48:10.000000;8f8535b0-9c7c-496c-b1d4-cfa66192e0d0;377.96;0.032;UNKNOWN
2016-01-30T02:48:10.000000;2016-01-30T02:48:10.000000;e94b014b-4802-436a-aa26-f63c0260d99d;377.48;0.467;UNKNOWN
2016-01-30T02:48:10.000000;2016-01-30T02:48:10.000000;14d5f8a8-94ef-4186-b6a5-627344e7b97e;377.95;0.5;UNKNOWN
2016-01-30T02:51:44.000000;2016-01-30T02:51:44.000000;c18ee03a-0b66-4461-8c19-2052af1a4859;377.55;6.582;UNKNOWN
2016-01-30T02:52:05.000000;2016-01-30T02:52:05.000000;188c3d72-d9f9-43bb-86db-56d958dec230;377.48;0.032;UNKNOWN
2016-01-30T02:52:05.000000;2016-01-30T02:52:05.000000;19ed0269-8772-44be-83cb-a20ea6d4bf99;377.11;0.2555;UNKNOWN
2016-01-30T02:52:05.000000;2016-01-30T02:52:05.000000;440d1d6e-7e4d-4b4c-af6f-b361541cd42b;377.47;0.05005;UNKNOWN
2016-01-30T02:52:05.000000;2016-01-30T02:52:05.000000;7b2b6912-95de-44fa-bdaa-ebeadf04bc5d;377.09;3.05275;UNKNOWN
2016-01-30T02:52:05.000000;2016-01-30T02:52:05.000000;7401c5be-a7ba-4677-9d44-2a21c207939b;377.1;6.6097;UNKNOWN
2016-01-30T02:53:27.000000;2016-01-30T02:53:27.000000;be8fac45-9c13-4be0-b025-81b33f4b2b30;377.13;0.03645843;UNKNOWN
2016-01-30T02:54:05.000000;2016-01-30T02:54:05.000000;c972d445-8b9c-4141-a018-cdc9c3c1364e;377.14;0.08352723;UNKNOWN
2016-01-30T02:54:05.000000;2016-01-30T02:54:05.000000;6ab3cc17-b2f5-4541-8f75-008fb4728073;377.14;0.11647277;UNKNOWN
2016-01-30T02:55:45.000000;2016-01-30T02:55:45.000000;93bddf94-ef3d-4156-9287-45f8e109b51d;377.08;0.05;UNKNOWN
2016-01-30T02:55:45.000000;2016-01-30T02:55:45.000000;addb1add-0355-4140-a358-65800e55f268;377.08;3.95;UNKNOWN
2016-01-30T02:56:04.000000;2016-01-30T02:56:04.000000;36410451-c912-4140-9a78-4f2019cef238;377.09;0.0825;UNKNOWN
2016-01-30T02:56:04.000000;2016-01-30T02:56:04.000000;8c4da441-c93f-44eb-be6d-e35b883dcf11;377.49;1.0;UNKNOWN
2016-01-30T02:56:26.000000;2016-01-30T02:56:26.000000;07949bdf-dd13-4293-aea8-ca1f033a3bce;377.49;0.1;UNKNOWN
2016-01-30T02:57:05.000000;2016-01-30T02:57:05.000000;e96aebb0-6d71-4bf1-a438-37c78767ba54;377.49;0.02;UNKNOWN
2016-01-30T02:58:19.000000;2016-01-30T02:58:19.000000;cfa503f6-3064-4059-924f-7b16d0c46d7a;377.49;0.181;UNKNOWN
2016-01-30T03:00:22.000000;2016-01-30T03:00:22.000000;8a89be54-b900-490d-b15e-9a2a4b8808a3;377.92;0.50095;UNKNOWN
2016-01-30T03:00:22.000000;2016-01-30T03:00:22.000000;6e191d3f-69dd-4414-96c0-e1ac543d0857;377.49;1.49905;UNKNOWN
2016-01-30T03:02:00.000000;2016-01-30T03:02:00.000000;9d34f687-5b17-46ff-9673-cdeb2df25cc6;377.91;0.467;UNKNOWN
2016-01-30T03:03:21.000000;2016-01-30T03:03:21.000000;9fd1d91b-7612-49b7-8b3c-6bef8fa21b0f;377.8;1.0;UNKNOWN
2016-01-30T03:06:27.000000;2016-01-30T03:06:27.000000;8f7453e9-5806-4abb-8795-d3d97232894f;377.55;0.49604469;UNKNOWN
2016-01-30T03:06:52.000000;2016-01-30T03:06:52.000000;6bab7455-f176-4f95-9642-798862a03919;377.56;1.0;UNKNOWN
2016-01-30T03:07:05.000000;2016-01-30T03:07:05.000000;e68c4422-5677-4668-8614-ccf0368e343d;377.94;0.5;UNKNOWN
2016-01-30T03:07:05.000000;2016-01-30T03:07:05.000000;3e5973f6-c259-48cc-b43b-4b9fbe697a4a;377.99;0.297;UNKNOWN
2016-01-30T03:07:05.000000;2016-01-30T03:07:05.000000;7f899c47-1910-4a81-8e35-428e8d163271;377.95;3.0;UNKNOWN
2016-01-30T03:07:05.000000;2016-01-30T03:07:05.000000;631b3d93-13a6-415f-969d-056ace9aec3b;377.6;0.203;UNKNOWN
2016-01-30T03:07:05.000000;2016-01-30T03:07:05.000000;1b7de03d-9705-4d7a-94b1-f0dcd091944c;377.96;6.0;UNKNOWN
2016-01-30T03:07:27.000000;2016-01-30T03:07:27.000000;dda9422c-b495-4cbd-b6cd-b268f8abf510;377.59;0.130547;UNKNOWN
2016-01-30T03:10:32.000000;2016-01-30T03:10:32.000000;1b3ee242-27df-439c-8db9-165ac35b0a5e;377.91;0.011;UNKNOWN
2016-01-30T03:10:33.000000;2016-01-30T03:10:33.000000;ccaa399f-6986-403e-b9e5-8bfa4ab7c925;377.66;1.0;UNKNOWN
2016-01-30T03:10:59.000000;2016-01-30T03:10:59.000000;65ff452c-709a-41e3-89ee-76e6a719276d;378.2;0.01;UNKNOWN
2016-01-30T03:10:59.000000;2016-01-30T03:10:59.000000;1136b8ca-1dc8-4357-bc8c-1374807ce1d0;378.25;2.59302476;UNKNOWN
2016-01-30T03:10:59.000000;2016-01-30T03:10:59.000000;fb45990e-ab46-416f-aaf8-d792911bee9b;378.53;7.39315944;UNKNOWN
2016-01-30T03:10:59.000000;2016-01-30T03:10:59.000000;319cf3a1-d4b9-4f42-b2d6-96ef95390ba5;377.99;2.593092;UNKNOWN
2016-01-30T03:10:59.000000;2016-01-30T03:10:59.000000;62797ea3-2090-46f6-ad3b-89c9c37bac37;378.32;0.5;UNKNOWN
2016-01-30T03:10:59.000000;2016-01-30T03:10:59.000000;63f2f168-ecd0-4188-a94d-f05278472faf;378.0;1.4;UNKNOWN
2016-01-30T03:10:59.000000;2016-01-30T03:10:59.000000;ab3128fb-1bda-4fab-a2b7-e0a76cbfbbe6;378.17;2.59302476;UNKNOWN
2016-01-30T03:10:59.000000;2016-01-30T03:10:59.000000;02739fdc-5155-4a74-bc4f-1dbe7e90387a;377.91;0.34;UNKNOWN
2016-01-30T03:10:59.000000;2016-01-30T03:10:59.000000;31b82bf2-76a9-4923-942f-09887fb92137;378.07;2.593092;UNKNOWN
2016-01-30T03:10:59.000000;2016-01-30T03:10:59.000000;ec41eecd-080d-4b5f-93cd-1504e26fbc00;378.42;1.01;UNKNOWN
2016-01-30T03:10:59.000000;2016-01-30T03:10:59.000000;e6c7c538-a1f0-49a8-882c-57bfeccfb44b;378.49;2.59302476;UNKNOWN
2016-01-30T03:10:59.000000;2016-01-30T03:10:59.000000;fd08c05a-115d-4602-bf17-ab90485d5146;377.99;6.5573;UNKNOWN
2016-01-30T03:10:59.000000;2016-01-30T03:10:59.000000;f143b46b-5ca8-42bb-bac6-51827428973d;378.33;2.59299114;UNKNOWN
2016-01-30T03:10:59.000000;2016-01-30T03:10:59.000000;ff8bd95e-f676-44da-8195-3405389a7c40;378.42;2.59299114;UNKNOWN
2016-01-30T03:11:24.000000;2016-01-30T03:11:24.000000;c4c44797-564d-4500-af55-d9e40d30be17;378.5;0.09;UNKNOWN
2016-01-30T03:12:06.000000;2016-01-30T03:12:06.000000;2b49bdba-5360-438e-bb21-dd5d5e9ffcf9;378.41;2.5;UNKNOWN
2016-01-30T03:12:06.000000;2016-01-30T03:12:06.000000;bb149d43-3022-41a4-a27c-e3a832a2ca67;378.4;0.5;UNKNOWN
2016-01-30T03:12:07.000000;2016-01-30T03:12:07.000000;9ab56c43-a65a-4999-ad42-0f298dda6d2f;378.4;7.6;UNKNOWN
2016-01-30T03:13:02.000000;2016-01-30T03:13:02.000000;d5accff0-7866-4367-84cd-36dae30b107d;378.25;0.02;UNKNOWN
2016-01-30T03:13:05.000000;2016-01-30T03:13:05.000000;cd54ecec-1e92-4825-828b-0c23e98875a9;378.29;0.90686439;UNKNOWN
2016-01-30T03:13:30.000000;2016-01-30T03:13:30.000000;ec3c825a-84fd-4830-a511-f2b6ff070ae2;378.41;0.01085;UNKNOWN
2016-01-30T03:14:24.000000;2016-01-30T03:14:24.000000;f8a42fe3-0660-448d-984f-f5d312598a46;378.39;0.01;UNKNOWN
2016-01-30T03:14:50.000000;2016-01-30T03:14:50.000000;afde7349-900b-4c7b-81f4-b274b930a722;378.07;0.01;UNKNOWN
2016-01-30T03:22:47.000000;2016-01-30T03:22:47.000000;61eeddee-de53-4d9d-bcc9-a317b4e6b838;377.9;0.01;UNKNOWN
2016-01-30T03:22:47.000000;2016-01-30T03:22:47.000000;ce13a219-c99f-40e4-b9e2-cf3a28088b19;377.9;0.01;UNKNOWN
2016-01-30T03:22:47.000000;2016-01-30T03:22:47.000000;288d38f4-0294-405b-bc53-b6faccb6c51f;378.07;0.01;UNKNOWN
2016-01-30T03:22:47.000000;2016-01-30T03:22:47.000000;9c5191c5-447f-485b-9b3d-cc19943e7025;377.74;0.37;UNKNOWN
2016-01-30T03:24:08.000000;2016-01-30T03:24:08.000000;7915c099-dc28-4b89-ba02-d6fd284b0f1d;377.56;0.57313561;UNKNOWN
2016-01-30T03:24:08.000000;2016-01-30T03:24:08.000000;44417a32-751c-42b8-953d-00607aa59a43;377.42;3.35539739;UNKNOWN
2016-01-30T03:24:08.000000;2016-01-30T03:24:08.000000;9d9cf6a0-822c-4ca0-bf41-db12fb1f14aa;377.5;0.071467;UNKNOWN
2016-01-30T03:25:06.000000;2016-01-30T03:25:06.000000;59896457-3719-4cf6-bafe-6e36a452db4f;377.11;2.0;UNKNOWN
2016-01-30T03:25:39.000000;2016-01-30T03:25:39.000000;6386af2e-44b5-43bb-b8ea-9c01ee05d78e;377.87;0.5;UNKNOWN
2016-01-30T03:25:39.000000;2016-01-30T03:25:39.000000;e58fbff8-d224-43f6-8e79-78f3638b83ec;377.86;10.08;UNKNOWN
2016-01-30T03:25:39.000000;2016-01-30T03:25:39.000000;5b8dff2b-50a6-4f9f-8c39-7270b7256bd5;378.08;3.5486;UNKNOWN
2016-01-30T03:25:39.000000;2016-01-30T03:25:39.000000;54a4ffb2-a287-4c54-836c-d3ff0ae1350b;377.87;3.0;UNKNOWN
2016-01-30T03:25:39.000000;2016-01-30T03:25:39.000000;d8d37154-7f5a-495c-81c1-6dcb93dfd9cb;377.91;16.3475;UNKNOWN
2016-01-30T03:25:39.000000;2016-01-30T03:25:39.000000;45dbcb41-0098-498f-b380-c81dccef5ee0;378.05;12.0;UNKNOWN
2016-01-30T03:25:39.000000;2016-01-30T03:25:39.000000;91c48a00-5131-4d7e-8d5c-57b5e7d5ced8;377.87;6.0;UNKNOWN
2016-01-30T03:25:39.000000;2016-01-30T03:25:39.000000;6332d8aa-46ec-4793-a5c9-0d729e8d427d;377.85;6.5239;UNKNOWN
2016-01-30T03:26:21.000000;2016-01-30T03:26:21.000000;74ba51fd-270f-4bf1-b8fa-cf5ed734d43c;377.33;0.5;UNKNOWN
2016-01-30T03:26:21.000000;2016-01-30T03:26:21.000000;955fd306-4af6-40c4-ac0c-a78ef751ea98;377.33;6.5819;UNKNOWN
2016-01-30T03:26:21.000000;2016-01-30T03:26:21.000000;2d22657e-3ef3-4f92-be22-80600c054607;377.34;3.0;UNKNOWN
2016-01-30T03:26:42.000000;2016-01-30T03:26:42.000000;a73e70c6-23be-44c0-864e-ef7c5934515a;376.5;4.0;UNKNOWN
2016-01-30T03:26:42.000000;2016-01-30T03:26:42.000000;5870046d-810e-4c4c-96e6-b22261bd02a5;376.75;17.6837;UNKNOWN
2016-01-30T03:26:42.000000;2016-01-30T03:26:42.000000;5b86e3ac-cc09-4dd0-b110-6ffb5bd1f42b;376.61;19.0376733;UNKNOWN
2016-01-30T03:26:42.000000;2016-01-30T03:26:42.000000;84b176ea-8ce8-4c61-9f2d-09b7cf652270;376.6;5.0;UNKNOWN
2016-01-30T03:26:42.000000;2016-01-30T03:26:42.000000;f3327803-14d2-47d7-a0f0-c465631d7e6c;376.62;0.5;UNKNOWN
2016-01-30T03:26:42.000000;2016-01-30T03:26:42.000000;abb82b15-bd1e-4234-84f1-6c1a580ac3cf;377.08;0.05005;UNKNOWN
2016-01-30T03:26:42.000000;2016-01-30T03:26:42.000000;3900f96e-d7af-40f2-823f-c6ba92d67f00;376.5;0.47;UNKNOWN
2016-01-30T03:26:42.000000;2016-01-30T03:26:42.000000;3317138e-61bc-4152-a01e-105e76a21ef9;375.72;11.91339592;UNKNOWN
2016-01-30T03:26:42.000000;2016-01-30T03:26:42.000000;70813bda-e1cf-498a-a78b-380ba3fb3806;376.75;2.4429;UNKNOWN
2016-01-30T03:26:42.000000;2016-01-30T03:26:42.000000;37f6f34a-fc19-443d-8363-cda54fd7da77;376.5;0.5;UNKNOWN
2016-01-30T03:26:42.000000;2016-01-30T03:26:42.000000;783f23fa-cd4e-4821-9db8-55c08c336ef0;376.7;1.9;UNKNOWN
2016-01-30T03:26:42.000000;2016-01-30T03:26:42.000000;8f16aa21-6f29-4cc8-a1a5-1d2e0fc8fc00;376.93;15.6408;UNKNOWN
2016-01-30T03:26:42.000000;2016-01-30T03:26:42.000000;284f82ec-231f-4cc5-aa90-57205b150052;376.81;0.015;UNKNOWN
2016-01-30T03:26:42.000000;2016-01-30T03:26:42.000000;8b7130ed-b358-40a0-9abc-2a2d7135c4ee;376.7;0.3;UNKNOWN
2016-01-30T03:26:42.000000;2016-01-30T03:26:42.000000;9604c362-a930-4213-9ddb-2547f0629588;376.49;0.364;UNKNOWN
2016-01-30T03:26:42.000000;2016-01-30T03:26:42.000000;ba1df084-7714-44b3-9afb-b46ceffd3358;376.17;0.28;UNKNOWN
2016-01-30T03:26:42.000000;2016-01-30T03:26:42.000000;f5e2e40f-d4a1-44ba-b8c6-d558faa18698;376.49;0.364;UNKNOWN
2016-01-30T03:26:42.000000;2016-01-30T03:26:42.000000;83d3c626-1344-4bbb-a6b9-8033724fb3fb;376.14;2.59524551;UNKNOWN
2016-01-30T03:26:42.000000;2016-01-30T03:26:42.000000;4b3c0dcd-1ee9-4a51-8257-57ac06f3166f;375.88;2.5;UNKNOWN
2016-01-30T03:26:42.000000;2016-01-30T03:26:42.000000;2fa1aca4-4002-420f-86e6-ecd461d85b5f;376.51;1.02;UNKNOWN
2016-01-30T03:26:42.000000;2016-01-30T03:26:42.000000;fafe0144-94ae-487b-b2b8-5d0d260fa54d;377.06;0.05;UNKNOWN
2016-01-30T03:26:42.000000;2016-01-30T03:26:42.000000;9f7adc44-44c6-4ea7-abb3-e025e34cd82f;376.43;2.59824618;UNKNOWN
2016-01-30T03:26:42.000000;2016-01-30T03:26:42.000000;22a4ce8a-1469-4aa6-b39b-bc750dcde075;376.0;0.5;UNKNOWN
2016-01-30T03:26:42.000000;2016-01-30T03:26:42.000000;cd6ebd98-f66f-4782-b291-49d582025e8d;376.15;15.1051;UNKNOWN
2016-01-30T03:26:42.000000;2016-01-30T03:26:42.000000;1df24a06-b28a-4302-8246-4781cb492ffc;376.16;2.59733513;UNKNOWN
2016-01-30T03:26:42.000000;2016-01-30T03:26:42.000000;8191d7c4-d7c5-42bb-ad27-5f34d5aa7271;376.41;10.0;UNKNOWN
2016-01-30T03:26:42.000000;2016-01-30T03:26:42.000000;c4fcec4d-e735-4958-aa14-e4dc931de92c;375.87;50.0;UNKNOWN
2016-01-30T03:26:42.000000;2016-01-30T03:26:42.000000;ff84110e-c4d4-4305-aefb-df4a5a2476f5;376.36;14.5392;UNKNOWN
2016-01-30T03:26:42.000000;2016-01-30T03:26:42.000000;de7f5bc6-f630-4d7a-a42f-f75a6a9cd71c;375.75;0.5;UNKNOWN
2016-01-30T03:26:42.000000;2016-01-30T03:26:42.000000;5958b51d-4ba5-40f0-a8fb-5165279dbc07;376.39;0.0724;UNKNOWN
2016-01-30T03:26:42.000000;2016-01-30T03:26:42.000000;2e8deffe-eb15-46c0-9559-ea87ce00fd15;376.37;2.01;UNKNOWN
2016-01-30T03:26:42.000000;2016-01-30T03:26:42.000000;16eb1e4a-58b7-44d5-bc5e-0559a024fc22;376.07;2.59733513;UNKNOWN
2016-01-30T03:26:42.000000;2016-01-30T03:26:42.000000;5250758c-7441-4676-aa39-495cf681cc3c;376.0;1.0;UNKNOWN
2016-01-30T03:26:42.000000;2016-01-30T03:26:42.000000;1581774f-71e9-4271-9f06-fd7767638eb3;376.28;2.59817868;UNKNOWN
2016-01-30T03:26:42.000000;2016-01-30T03:26:42.000000;47f82339-8249-4bc5-9647-5d0116f2182b;376.34;2.5950098;UNKNOWN
2016-01-30T03:26:42.000000;2016-01-30T03:26:42.000000;b38729d0-1290-4489-9001-2aacf6c28199;376.17;6.2853;UNKNOWN
2016-01-30T03:26:42.000000;2016-01-30T03:26:42.000000;d26ad31d-5956-430f-9c63-6c20fcd73b3e;376.22;2.59524551;UNKNOWN
2016-01-30T03:26:42.000000;2016-01-30T03:26:42.000000;bbdcbf71-165e-47ae-877a-616c2c9bb60a;376.37;1.52;UNKNOWN
2016-01-30T03:26:42.000000;2016-01-30T03:26:42.000000;98bb4229-bcfe-4073-b933-64b270e55a82;376.35;2.59824618;UNKNOWN
2016-01-30T03:26:42.000000;2016-01-30T03:26:42.000000;d45e6775-7cdf-49fc-8434-b6bd2efdbdfe;375.95;20.2872;UNKNOWN
2016-01-30T03:26:42.000000;2016-01-30T03:26:42.000000;83009107-c3c5-48a5-9708-0de609986d5d;376.2;2.59817868;UNKNOWN
2016-01-30T03:26:42.000000;2016-01-30T03:26:42.000000;ebfb84a0-e07a-4902-afb9-d7e3dd18adf2;376.0;0.1;UNKNOWN
2016-01-30T03:26:42.000000;2016-01-30T03:26:42.000000;7966cbe1-e054-44cd-be12-d70a41fb958c;376.21;3.0;UNKNOWN
2016-01-30T03:26:42.000000;2016-01-30T03:26:42.000000;057a3f7a-3131-43c5-9a59-4b6d841ab033;376.26;2.59716649;UNKNOWN
2016-01-30T03:26:42.000000;2016-01-30T03:26:42.000000;ae1c6fb0-c380-4254-bde2-b54d0b2fd8e8;376.06;0.12;UNKNOWN
2016-01-30T03:26:42.000000;2016-01-30T03:26:42.000000;92527a3b-b92c-4bc9-a42b-0b4a99126a05;376.08;12.5;UNKNOWN
2016-01-30T03:26:42.000000;2016-01-30T03:26:42.000000;b65a2933-f4df-4232-b77c-a914400e5b09;376.0;0.5;UNKNOWN
2016-01-30T03:26:42.000000;2016-01-30T03:26:42.000000;d51a8ce8-7ee8-4d7c-aad8-17e64bad978c;376.0;0.5;UNKNOWN
2016-01-30T03:26:51.000000;2016-01-30T03:26:51.000000;123102e9-bced-49c8-8954-5841929c814f;375.77;0.01258959;UNKNOWN
2016-01-30T03:26:51.000000;2016-01-30T03:26:51.000000;216997d0-be9e-41a2-890c-5d758d6b1349;375.76;1.43882041;UNKNOWN
2016-01-30T03:26:57.000000;2016-01-30T03:26:57.000000;d331b72a-cbda-40e5-a69a-709d7dd3b7a7;375.76;1.16392288;UNKNOWN
2016-01-30T03:27:00.000000;2016-01-30T03:27:00.000000;b376c4c0-f12c-47da-8779-7bbf5694b87e;375.68;2.60274329;UNKNOWN
2016-01-30T03:27:00.000000;2016-01-30T03:27:00.000000;94a2f4f5-1360-4e45-b7ae-b3839f18cf6d;375.5;0.5;UNKNOWN
2016-01-30T03:27:00.000000;2016-01-30T03:27:00.000000;86e23f6b-b798-4270-aacc-3f5eed38168c;375.21;0.25;UNKNOWN
2016-01-30T03:27:00.000000;2016-01-30T03:27:00.000000;7aefd456-ae3c-4e70-8add-dd8ab22f3473;375.0;0.25;UNKNOWN
2016-01-30T03:27:00.000000;2016-01-30T03:27:00.000000;9962153d-854f-4298-b52d-48a9ed4026f3;375.0;0.1;UNKNOWN
2016-01-30T03:27:00.000000;2016-01-30T03:27:00.000000;0daa28b2-345b-4474-91d5-698b10ffee05;375.5;5.0;UNKNOWN
2016-01-30T03:27:00.000000;2016-01-30T03:27:00.000000;c05d385e-5b4e-43f6-8b30-e1361ef4f76d;375.67;1.0;UNKNOWN
2016-01-30T03:27:00.000000;2016-01-30T03:27:00.000000;89dda4c5-e95d-4d17-beba-e6444217fb71;375.5;0.1;UNKNOWN
2016-01-30T03:27:00.000000;2016-01-30T03:27:00.000000;b96602bb-3fdd-4c74-9f9e-547ca4e81f61;375.25;0.5;UNKNOWN
2016-01-30T03:27:00.000000;2016-01-30T03:27:00.000000;da4d0f82-a8b4-4ccc-a372-ee858060ae32;375.15;8.67;UNKNOWN
2016-01-30T03:27:00.000000;2016-01-30T03:27:00.000000;e21803d5-cd8f-47c8-987d-5f5a01a3bee2;375.0;2.0;UNKNOWN
2016-01-30T03:27:00.000000;2016-01-30T03:27:00.000000;40d4f28a-7178-454e-960b-aa8babb0ffb3;375.0;15.28536444;UNKNOWN
2016-01-30T03:27:00.000000;2016-01-30T03:27:00.000000;f5b77698-7d7d-4cbb-b042-7514bf325ac1;375.01;1.52;UNKNOWN
2016-01-30T03:27:00.000000;2016-01-30T03:27:00.000000;47bcdc02-41a7-4fcc-9f25-fdda29ab9df3;375.14;18.0;UNKNOWN
2016-01-30T03:27:00.000000;2016-01-30T03:27:00.000000;266cbe31-a138-4698-a98e-e38a7b2497fe;375.1;22.1758;UNKNOWN
2016-01-30T03:27:00.000000;2016-01-30T03:27:00.000000;f81bbad1-d49c-465a-8a9c-1da783ad3fad;375.0;50.0;UNKNOWN
2016-01-30T03:27:00.000000;2016-01-30T03:27:00.000000;d9e8c184-ee85-4f0b-9c70-3a24398f549a;375.0;50.0;UNKNOWN
2016-01-30T03:27:00.000000;2016-01-30T03:27:00.000000;3ea6255f-0a95-45c7-94b8-2e8c8b0ab169;375.03;0.05;UNKNOWN
2016-01-30T03:27:00.000000;2016-01-30T03:27:00.000000;88a163a6-c2fd-4945-af3c-6b6349df04cb;375.11;1.02;UNKNOWN
2016-01-30T03:27:00.000000;2016-01-30T03:27:00.000000;d8974d1f-b371-4c2f-aa6a-917744f0bf6a;375.11;10.11;UNKNOWN
2016-01-30T03:27:00.000000;2016-01-30T03:27:00.000000;d7ceb6fa-85ab-4b95-add8-e64813bec9b5;375.22;0.12;UNKNOWN
2016-01-30T03:27:00.000000;2016-01-30T03:27:00.000000;3b37b98d-13b4-47b0-8048-1cb2cc7a4daa;375.16;0.5;UNKNOWN
2016-01-30T03:27:00.000000;2016-01-30T03:27:00.000000;3943a287-9acf-4919-b6a8-1f38bab70582;375.21;1.21;UNKNOWN
2016-01-30T03:27:00.000000;2016-01-30T03:27:00.000000;dd143741-946d-44fa-9ce7-f78271d57c7f;375.31;9.0235;UNKNOWN
2016-01-30T03:27:00.000000;2016-01-30T03:27:00.000000;2806e9fd-382f-4de0-83dc-1f677f89e81f;375.69;0.01259227;UNKNOWN
2016-01-30T03:27:05.000000;2016-01-30T03:27:05.000000;af4f5d0b-3c36-4015-bd49-9cc9466167a7;375.06;2.62288202;UNKNOWN
2016-01-30T03:27:15.000000;2016-01-30T03:27:15.000000;c613bc70-7194-4d32-8c4e-02b1f468503c;375.92;0.5;UNKNOWN
2016-01-30T03:27:15.000000;2016-01-30T03:27:15.000000;dabb419c-7faf-43c0-aa76-a632eaf52ea1;375.92;0.5;UNKNOWN
2016-01-30T03:27:19.000000;2016-01-30T03:27:19.000000;3b391c92-cbe0-4b7f-af99-01e2f67da2ef;375.91;0.5;UNKNOWN
2016-01-30T03:27:20.000000;2016-01-30T03:27:20.000000;8724c4d0-a858-4869-8e4a-038876b02cb2;375.91;0.5;UNKNOWN
2016-01-30T03:27:20.000000;2016-01-30T03:27:20.000000;70880b8b-f16e-4631-b8d5-3360cae9678a;375.78;9.5;UNKNOWN
2016-01-30T03:27:27.000000;2016-01-30T03:27:27.000000;54bc8567-6512-4b05-8ab7-5cbe26f3a17b;375.94;0.1;UNKNOWN
2016-01-30T03:27:32.000000;2016-01-30T03:27:32.000000;668247a5-bc17-4b9d-a36c-cc0f3cbf8817;375.81;1.0;UNKNOWN
2016-01-30T03:27:53.000000;2016-01-30T03:27:53.000000;65c6cf82-2a8b-4c2d-ac64-a14c7aaec755;375.91;0.292;UNKNOWN
2016-01-30T03:28:00.000000;2016-01-30T03:28:00.000000;aeff3af2-582f-49a5-9840-7462abcaf107;376.09;1.0;UNKNOWN
2016-01-30T03:28:07.000000;2016-01-30T03:28:07.000000;1d7e7952-7c84-4a2b-9122-8eaf22a8b624;376.08;1.0;UNKNOWN
2016-01-30T03:28:10.000000;2016-01-30T03:28:10.000000;d3ff92bc-ab9c-4736-80df-de488b8e17b0;376.04;1.0;UNKNOWN
2016-01-30T03:28:38.000000;2016-01-30T03:28:38.000000;cbbd8214-29b1-4fad-a2e9-b9723f173782;376.1;0.06126892;UNKNOWN
2016-01-30T03:28:53.000000;2016-01-30T03:28:53.000000;9bce4515-082f-4869-b925-15167a5ee825;376.11;1.0;UNKNOWN
2016-01-30T03:29:05.000000;2016-01-30T03:29:05.000000;9f190460-3f25-46da-8a93-ca5cd50a5870;376.11;0.27631129;UNKNOWN
2016-01-30T03:29:06.000000;2016-01-30T03:29:06.000000;f4045d6d-5f80-4694-9c70-fe75fba9556d;376.11;1.0;UNKNOWN
2016-01-30T03:29:06.000000;2016-01-30T03:29:06.000000;1de700bc-bf72-4575-81c9-12a98d13b792;376.11;0.72368871;UNKNOWN
2016-01-30T03:29:06.000000;2016-01-30T03:29:06.000000;a8e7ed8a-40bc-4a0f-9552-1d310048ac62;376.1;0.10177833;UNKNOWN
2016-01-30T03:29:06.000000;2016-01-30T03:29:06.000000;51689eba-f108-4b2d-a533-fc5b4c1cdb92;376.11;1.0;UNKNOWN
2016-01-30T03:29:46.000000;2016-01-30T03:29:46.000000;0ca543e0-eac1-4977-a360-ac9bac8a2d53;376.11;0.837;UNKNOWN
2016-01-30T03:30:03.000000;2016-01-30T03:30:03.000000;ee05a67e-2935-42fc-854b-735bcf3dbf70;376.11;1.76740405;UNKNOWN
2016-01-30T03:30:03.000000;2016-01-30T03:30:03.000000;005c0aff-e487-4aa8-b033-2ce42f8a8142;376.11;0.02585667;UNKNOWN
2016-01-30T03:30:03.000000;2016-01-30T03:30:03.000000;ab07d261-ee5b-41d8-8c03-0d68ab397220;376.11;2.60440405;UNKNOWN
2016-01-30T03:30:03.000000;2016-01-30T03:30:03.000000;4cc4a204-eb8d-4c10-9e19-73bc92693c94;376.11;0.36473523;UNKNOWN
2016-01-30T03:30:13.000000;2016-01-30T03:30:13.000000;431c5557-a4c4-4874-b781-96a9b387c321;376.11;1.0;UNKNOWN
2016-01-30T03:31:25.000000;2016-01-30T03:31:25.000000;697d53d4-c3b8-4b45-bef3-e80a74bbf8dd;376.11;1.0;UNKNOWN
2016-01-30T03:31:33.000000;2016-01-30T03:31:33.000000;5ced8896-101f-4fcc-80e5-9def4ede51f4;376.18;0.066;UNKNOWN
2016-01-30T03:33:04.000000;2016-01-30T03:33:04.000000;f6c06706-489c-4898-8f61-045c1a5870dd;376.54;2.1;UNKNOWN
2016-01-30T03:33:04.000000;2016-01-30T03:33:04.000000;e604ba04-0f3c-4abe-8159-d491bd354f2e;376.55;0.5;UNKNOWN
2016-01-30T03:33:22.000000;2016-01-30T03:33:22.000000;e4476e6a-c431-4f02-ae2c-2b87ad4ab22a;376.73;7.524;UNKNOWN
2016-01-30T03:33:22.000000;2016-01-30T03:33:22.000000;7e65d73e-1781-4aed-a05e-674b67d0d877;376.79;2.60017161;UNKNOWN
2016-01-30T03:33:22.000000;2016-01-30T03:33:22.000000;5ad64690-986b-4179-96fe-9a9e1662953d;376.73;6.626;UNKNOWN
2016-01-30T03:33:22.000000;2016-01-30T03:33:22.000000;b1f0dc8c-1ee5-4b2b-a454-b230d6d8cd03;376.74;9.5;UNKNOWN
2016-01-30T03:33:22.000000;2016-01-30T03:33:22.000000;f40ee351-0854-4f2c-8a9e-e3dcfb76569d;376.86;2.59959706;UNKNOWN
2016-01-30T03:33:22.000000;2016-01-30T03:33:22.000000;41b86cbe-3b8c-49a7-a660-17e9c27f0780;376.95;2.6000702;UNKNOWN
2016-01-30T03:33:22.000000;2016-01-30T03:33:22.000000;734ca756-96e6-4c7c-b6f1-352ef805a971;376.87;2.6000702;UNKNOWN
2016-01-30T03:33:22.000000;2016-01-30T03:33:22.000000;c7fa12b0-795b-4e70-a25f-959e1cc16631;377.02;1.46726319;UNKNOWN
2016-01-30T03:34:05.000000;2016-01-30T03:34:05.000000;44fd544f-5899-42bd-87fe-33ca40c5d0b6;376.51;6.57951438;UNKNOWN
2016-01-30T03:36:21.000000;2016-01-30T03:36:21.000000;7e9ed4a3-086f-4423-ab08-46c1a3307167;375.92;9.1455;UNKNOWN
2016-01-30T03:36:21.000000;2016-01-30T03:36:21.000000;3cf29cf3-4922-4736-8b20-d2f15fbbaf97;376.1;9.3346;UNKNOWN
2016-01-30T03:36:21.000000;2016-01-30T03:36:21.000000;821d4501-bf25-44a9-bbad-97974b91e8cf;375.73;4.9698;UNKNOWN
2016-01-30T03:36:21.000000;2016-01-30T03:36:21.000000;b5bc08c3-12b0-4627-9c03-cd59eba24798;376.11;6.5501;UNKNOWN
2016-01-30T03:36:30.000000;2016-01-30T03:36:30.000000;06bce0a2-0dac-4abc-b1db-cee63969c83a;375.73;0.6;UNKNOWN
2016-01-30T03:36:39.000000;2016-01-30T03:36:39.000000;6fc55104-8e04-4f60-bf66-79319756fef0;375.53;1.0;UNKNOWN
2016-01-30T03:36:41.000000;2016-01-30T03:36:41.000000;62ad8da0-3079-42d6-8b20-b2550401aa16;375.53;1.0;UNKNOWN
2016-01-30T03:36:42.000000;2016-01-30T03:36:42.000000;eeb84efb-d0c0-44ca-9b34-7603512937b7;375.53;1.0;UNKNOWN
2016-01-30T03:37:07.000000;2016-01-30T03:37:07.000000;81994b29-673a-4c97-bfe6-4c54baabe38c;375.53;0.59850979;UNKNOWN
2016-01-30T03:37:27.000000;2016-01-30T03:37:27.000000;52ae0a7c-f8d5-4a36-a439-49ff50664c41;375.72;0.088533;UNKNOWN
2016-01-30T03:39:05.000000;2016-01-30T03:39:05.000000;90cb051a-dbe3-4261-ba39-59d3e8343f69;376.44;0.8;UNKNOWN
2016-01-30T03:39:18.000000;2016-01-30T03:39:18.000000;806e6595-ac9a-4f6d-88e0-5192700cfac0;376.6;25.0;UNKNOWN
2016-01-30T03:39:18.000000;2016-01-30T03:39:18.000000;978dc778-593b-44d0-9f7a-d2367b9f716d;376.98;2.60423448;UNKNOWN
2016-01-30T03:39:18.000000;2016-01-30T03:39:18.000000;a972d799-29a4-4248-92ea-002a207f57f5;376.59;6.5926;UNKNOWN
2016-01-30T03:39:18.000000;2016-01-30T03:39:18.000000;8926440d-88a4-41e8-9a9f-969c2c0a12e1;376.92;2.60135531;UNKNOWN
2016-01-30T03:39:18.000000;2016-01-30T03:39:18.000000;c6631077-e20d-4b62-b35d-50b45ac8774b;377.0;0.52;UNKNOWN
2016-01-30T03:39:18.000000;2016-01-30T03:39:18.000000;f605fde0-0eb1-4d3c-807a-1971d086d229;376.9;2.60423448;UNKNOWN
2016-01-30T03:39:18.000000;2016-01-30T03:39:18.000000;a9a0e962-05a0-43bc-873e-92cede4c5da0;377.02;6.42002042;UNKNOWN
2016-01-30T03:39:18.000000;2016-01-30T03:39:18.000000;b6d420a4-3c30-4aa8-87fc-945cc61d3e92;376.98;19.1054;UNKNOWN
2016-01-30T03:39:18.000000;2016-01-30T03:39:18.000000;ac9f941f-e9dd-40d2-a9c9-2c3c6ad0b173;377.01;2.60135531;UNKNOWN
2016-01-30T03:39:18.000000;2016-01-30T03:39:18.000000;8d9add17-f8cd-48d5-a94f-0ffc642d9882;377.01;31.9508;UNKNOWN
2016-01-30T03:39:23.000000;2016-01-30T03:39:23.000000;11de188e-0053-4127-9195-f2dcc7b249fa;376.96;0.02;UNKNOWN
2016-01-30T03:39:25.000000;2016-01-30T03:39:25.000000;abc39217-c8ca-40fb-8e97-2c4e3c61cfad;377.02;0.02;UNKNOWN
2016-01-30T03:39:33.000000;2016-01-30T03:39:33.000000;1e7ab681-4f41-4e6d-a727-cb13691b1c8d;377.01;0.01;UNKNOWN
2016-01-30T03:40:22.000000;2016-01-30T03:40:22.000000;5bd90ff7-5524-4ea4-8275-9b248e0e614d;377.03;0.05;UNKNOWN
2016-01-30T03:40:22.000000;2016-01-30T03:40:22.000000;1cb6d362-f1ec-42a4-9361-5536079a64e3;377.26;2.11392288;UNKNOWN
2016-01-30T03:42:18.000000;2016-01-30T03:42:18.000000;fedb46e2-0f79-480b-a006-1dfd7c571b1c;376.28;6.5832;UNKNOWN
2016-01-30T03:42:18.000000;2016-01-30T03:42:18.000000;18dfc59e-b9cf-4ea6-a4cd-6d500b46715f;376.54;6.0;UNKNOWN
2016-01-30T03:42:18.000000;2016-01-30T03:42:18.000000;fae01d66-a045-42ad-b0be-b9d7d6cd8fcf;376.54;3.0;UNKNOWN
2016-01-30T03:42:18.000000;2016-01-30T03:42:18.000000;56c94f82-d4cd-42d4-b857-fc564f29c342;376.26;6.6615;UNKNOWN
2016-01-30T03:42:18.000000;2016-01-30T03:42:18.000000;0115ac06-3cba-4900-93ef-7b3b10130dbc;376.08;12.55273147;UNKNOWN
2016-01-30T03:42:18.000000;2016-01-30T03:42:18.000000;e7e16a23-381c-4391-8317-b966fdf5d699;376.55;0.5;UNKNOWN
2016-01-30T03:42:27.000000;2016-01-30T03:42:27.000000;b6dc424a-0fa2-4e9a-8cde-80658e95df43;376.55;0.3;UNKNOWN
2016-01-30T03:44:47.000000;2016-01-30T03:44:47.000000;04797304-9943-4837-998d-f9777c340898;376.27;0.10497628;UNKNOWN
2016-01-30T03:45:27.000000;2016-01-30T03:45:27.000000;1bf4e3c3-f7c9-4fe4-af41-ad23ffa422b4;376.0;0.1;UNKNOWN
2016-01-30T03:45:49.000000;2016-01-30T03:45:49.000000;de84f3a4-a12d-431a-b265-a0395970c13f;375.96;0.0146;UNKNOWN
2016-01-30T03:45:57.000000;2016-01-30T03:45:57.000000;e3385696-c27d-428e-aeeb-3bae2e5be440;375.95;0.03375386;UNKNOWN
2016-01-30T03:47:06.000000;2016-01-30T03:47:06.000000;cfb39a59-8d89-4e46-9dbf-e7e4aaddf3d5;375.97;0.03888164;UNKNOWN
2016-01-30T03:47:07.000000;2016-01-30T03:47:07.000000;b19bdffd-f198-4ffa-b8a6-710c1e1007c4;375.97;0.058;UNKNOWN
2016-01-30T03:47:15.000000;2016-01-30T03:47:15.000000;3ad77665-dd2b-47e3-a7e3-2768e51e4791;375.53;2.39509021;UNKNOWN
2016-01-30T03:47:15.000000;2016-01-30T03:47:15.000000;ba1df726-4488-413e-8fdf-3ef35c039dca;375.96;0.225;UNKNOWN
2016-01-30T03:47:15.000000;2016-01-30T03:47:15.000000;0a5defcf-cdd3-49a0-beb9-179b57b93578;375.55;0.5;UNKNOWN
2016-01-30T03:47:15.000000;2016-01-30T03:47:15.000000;6df29dfb-e8ef-4665-b4f6-cca196c4a129;375.54;6.6435;UNKNOWN
2016-01-30T03:47:15.000000;2016-01-30T03:47:15.000000;8b55d006-d23a-4713-80d7-3c496957c9c8;375.54;0.05;UNKNOWN
2016-01-30T03:47:15.000000;2016-01-30T03:47:15.000000;91bbac92-999d-44dc-a0f0-655186be4d11;375.56;15.9092;UNKNOWN
2016-01-30T03:47:15.000000;2016-01-30T03:47:15.000000;f37cda0f-da00-4f83-bb2b-72baf7e70939;375.5;0.05;UNKNOWN
2016-01-30T03:47:34.000000;2016-01-30T03:47:34.000000;bd7dfd4b-0973-4340-9414-3c47170381c9;375.24;2.60572739;UNKNOWN
2016-01-30T03:47:34.000000;2016-01-30T03:47:34.000000;98a8ebaf-ff02-4aea-8bb4-48ab1d025b49;375.43;0.02;UNKNOWN
2016-01-30T03:47:34.000000;2016-01-30T03:47:34.000000;184ff9c1-b821-4d8b-a632-0e2b02660696;375.42;15.6703;UNKNOWN
2016-01-30T03:47:34.000000;2016-01-30T03:47:34.000000;cc6ee468-f0b0-46b8-b660-cfedf3ee9db8;375.23;12.82937261;UNKNOWN
2016-01-30T03:47:34.000000;2016-01-30T03:47:34.000000;96bfaa6a-f355-4446-9d04-6a4490f22934;375.37;15.9646;UNKNOWN
2016-01-30T03:47:34.000000;2016-01-30T03:47:34.000000;c84bcd94-ccc3-440a-b96c-0178dbfc7068;375.43;21.31;UNKNOWN
2016-01-30T03:47:42.000000;2016-01-30T03:47:42.000000;22240dd0-f982-48cf-b4f9-50e51b56284e;375.16;0.08286717;UNKNOWN
2016-01-30T03:47:42.000000;2016-01-30T03:47:42.000000;0e4936dd-2a09-4c7f-8dad-8f79058f7d9b;375.23;0.11942739;UNKNOWN
2016-01-30T03:47:55.000000;2016-01-30T03:47:55.000000;efd1ca88-9058-4e22-b24c-348e3e6325bd;375.97;0.02;UNKNOWN
2016-01-30T03:48:05.000000;2016-01-30T03:48:05.000000;f307259a-0b75-4724-a7fc-8de83264147e;375.23;3.0;UNKNOWN
2016-01-30T03:48:06.000000;2016-01-30T03:48:06.000000;9812c19d-c17e-4869-87c1-3433cfd60f8c;375.23;0.2632;UNKNOWN
2016-01-30T03:48:16.000000;2016-01-30T03:48:16.000000;4b7111d5-18d2-426c-885c-6c5daab613ef;375.23;0.63713677;UNKNOWN
2016-01-30T03:48:56.000000;2016-01-30T03:48:56.000000;d1929588-8bc7-47a3-96e0-497c6fe1d71d;375.16;0.03;UNKNOWN
2016-01-30T03:48:56.000000;2016-01-30T03:48:56.000000;b2c74926-104d-49c2-842f-ab51d7ca5287;375.24;0.02;UNKNOWN
2016-01-30T03:49:21.000000;2016-01-30T03:49:21.000000;3d006c6f-3fcb-4284-8a01-1120b7520faa;375.79;0.02;UNKNOWN
2016-01-30T03:53:29.000000;2016-01-30T03:53:29.000000;61cb7bc6-ccd3-4b1e-89a3-e027510605c3;375.71;21.43;UNKNOWN
2016-01-30T03:53:29.000000;2016-01-30T03:53:29.000000;741cca63-4a82-4131-a6e9-8c2bca333184;375.7;6.5734;UNKNOWN
2016-01-30T03:53:35.000000;2016-01-30T03:53:35.000000;50a441bd-db2f-4416-a9f5-b82147fe011f;375.72;0.154;UNKNOWN
2016-01-30T03:53:35.000000;2016-01-30T03:53:35.000000;9acaa7ed-bf0e-45ff-9743-2609cd7cebef;376.24;0.347;UNKNOWN
2016-01-30T03:53:37.000000;2016-01-30T03:53:37.000000;33eadc73-eb7c-4f88-a057-f8baa36592b6;376.5;1.0;UNKNOWN
2016-01-30T03:54:49.000000;2016-01-30T03:54:49.000000;189e45af-1b1e-4585-8c4d-c86eba70fc69;376.28;0.32699738;UNKNOWN
2016-01-30T03:56:22.000000;2016-01-30T03:56:22.000000;d4c81458-4f99-49a8-87a1-e0a2e504dcaf;376.52;0.47;UNKNOWN
2016-01-30T03:56:25.000000;2016-01-30T03:56:25.000000;2a622a61-bbc4-4d7a-bfb7-de6d4ada4f43;376.52;0.1;UNKNOWN
2016-01-30T03:58:58.000000;2016-01-30T03:58:58.000000;f0de85e8-d0ba-485f-b773-c5517e1ee63f;376.04;0.21;UNKNOWN
2016-01-30T04:00:07.000000;2016-01-30T04:00:07.000000;bfd357fa-268d-4965-beb1-94e08b63b2b9;375.71;0.13321457;UNKNOWN
2016-01-30T04:00:27.000000;2016-01-30T04:00:27.000000;338f901a-3cc8-447c-935a-bf8360512c64;375.74;5.99465596;UNKNOWN
2016-01-30T04:01:05.000000;2016-01-30T04:01:05.000000;0db836e3-8f4b-4074-bfab-0ea1bf9bca11;375.73;0.159214;UNKNOWN
2016-01-30T04:01:47.000000;2016-01-30T04:01:47.000000;83bd7484-9982-4ae3-bd1d-0eb0d9437c67;375.74;6.6163;UNKNOWN
2016-01-30T04:01:47.000000;2016-01-30T04:01:47.000000;fdafcf60-af07-46bf-a27b-9b50a81eb4ea;375.76;0.201;UNKNOWN
2016-01-30T04:01:47.000000;2016-01-30T04:01:47.000000;212cc10d-2442-43c8-b61c-4872c7135e8d;375.74;0.16;UNKNOWN
2016-01-30T04:01:47.000000;2016-01-30T04:01:47.000000;e0bdbdd6-05a9-42d0-b979-ec51161aa11c;375.73;6.0;UNKNOWN
2016-01-30T04:01:47.000000;2016-01-30T04:01:47.000000;24d79997-5bfc-40b2-ae74-506629015055;375.92;5.3827;UNKNOWN
2016-01-30T04:01:47.000000;2016-01-30T04:01:47.000000;493726d7-6452-4dab-b43c-02e150fea91f;375.73;0.5;UNKNOWN
2016-01-30T04:01:47.000000;2016-01-30T04:01:47.000000;6dc0abca-a02b-4778-ba6c-c63019cc3eb0;375.73;3.0;UNKNOWN
2016-01-30T04:02:15.000000;2016-01-30T04:02:15.000000;7ee73d5f-fd63-470d-9932-a346e57a7de2;375.68;0.1;UNKNOWN
2016-01-30T04:02:15.000000;2016-01-30T04:02:15.000000;eaa9e3e8-d8df-4776-90b6-eec2cea75277;375.68;0.5;UNKNOWN
2016-01-30T04:02:57.000000;2016-01-30T04:02:57.000000;143f8cb5-bf49-45c3-9a21-b3d8a11c90cf;375.63;0.5;UNKNOWN
2016-01-30T04:02:57.000000;2016-01-30T04:02:57.000000;80d3c6bd-ed88-4901-9043-95eea179ec1b;375.63;0.191;UNKNOWN
2016-01-30T04:02:57.000000;2016-01-30T04:02:57.000000;0d62228c-32bd-4d08-a73b-635e82a95730;375.64;2.809;UNKNOWN
2016-01-30T04:03:13.000000;2016-01-30T04:03:13.000000;1f4c07b0-8a4c-46e0-af52-2b4f5f66b738;375.0;1.0;UNKNOWN
2016-01-30T04:03:13.000000;2016-01-30T04:03:13.000000;ed5527d3-6092-43c5-be3b-19154878e8e5;375.1;0.1;UNKNOWN
2016-01-30T04:03:13.000000;2016-01-30T04:03:13.000000;4149da0c-4550-4055-bace-228cf135eb16;375.5;10.0;UNKNOWN
2016-01-30T04:03:13.000000;2016-01-30T04:03:13.000000;6128ea0b-394a-4fd0-9285-fa8f462db2d9;375.0;34.71463556;UNKNOWN
2016-01-30T04:03:13.000000;2016-01-30T04:03:13.000000;d974e976-f335-41aa-ae4f-0d2e27f3a990;375.0;0.1;UNKNOWN
2016-01-30T04:03:13.000000;2016-01-30T04:03:13.000000;1d496a77-ed51-4266-afa3-ccbcbc28109c;375.0;0.5;UNKNOWN
2016-01-30T04:03:13.000000;2016-01-30T04:03:13.000000;804fb9d8-49a0-4045-88d0-7721fd5bebbf;375.0;1.51;UNKNOWN
2016-01-30T04:03:13.000000;2016-01-30T04:03:13.000000;a6f232eb-979a-4c9a-98ff-d2951c2719d1;375.01;1.0;UNKNOWN
2016-01-30T04:03:13.000000;2016-01-30T04:03:13.000000;e16b75c3-9f47-4ea0-83be-3e64d3e2cb1a;375.0;5.0;UNKNOWN
2016-01-30T04:03:13.000000;2016-01-30T04:03:13.000000;995fbfd9-b9b1-4bbd-8c19-69bd956af47e;375.56;3.0;UNKNOWN
2016-01-30T04:03:17.000000;2016-01-30T04:03:17.000000;5c13b931-f82a-40b9-a0fd-012a9be76595;374.76;0.01259094;UNKNOWN
2016-01-30T04:03:17.000000;2016-01-30T04:03:17.000000;75138a91-126c-48f6-accd-5a1753ffadcd;374.77;0.26112609;UNKNOWN
2016-01-30T04:03:17.000000;2016-01-30T04:03:17.000000;5f66b92e-1434-4b44-b358-0fb45de7fb2d;374.75;0.5;UNKNOWN
2016-01-30T04:03:17.000000;2016-01-30T04:03:17.000000;3a74a432-4102-4524-b3a0-324382bd3a2a;374.6;0.22628297;UNKNOWN
2016-01-30T04:03:21.000000;2016-01-30T04:03:21.000000;23df0805-d39a-4f28-98cd-21cbf771898c;374.6;0.54825624;UNKNOWN
2016-01-30T04:03:23.000000;2016-01-30T04:03:23.000000;2443426a-4dd7-49ae-87e9-9b4c61c9a24f;375.18;0.012594;UNKNOWN
2016-01-30T04:03:23.000000;2016-01-30T04:03:23.000000;fd41264c-8368-4c6d-8eb0-1200a2bca335;375.18;0.012594;UNKNOWN
2016-01-30T04:03:24.000000;2016-01-30T04:03:24.000000;93c86b9b-d2c5-4813-8c7d-1d2067143e7b;374.5;0.1;UNKNOWN
