time_exchange;time_coinpai;guid;price;base_amount;taker_side
2016-01-30T00:00:01.670000;2016-01-30T00:00:01.683000;04cfa56d-d394-4aca-bcda-89ad0b5b6633;378.68;0.105;BUY
2016-01-30T00:00:01.670000;2016-01-30T00:00:01.683000;1af2804f-4203-47d5-8c3c-d9640708d880;378.68;0.857;BUY
2016-01-30T00:00:01.670000;2016-01-30T00:00:01.700000;1b95f258-c573-4928-bba5-bdc9b2e08b7a;378.68;1.1871;BUY
2016-01-30T00:00:01.670000;2016-01-30T00:00:01.700000;b16438a5-27fa-43db-87e4-0a2839dcdbbc;378.68;0.21;BUY
2016-01-30T00:00:01.670000;2016-01-30T00:00:01.700000;b236d213-590d-49e7-aa88-629dfd4eb74c;378.68;0.47002;BUY
2016-01-30T00:00:31.047000;2016-01-30T00:00:31.073000;bfd1b84e-9de8-4dcd-9952-02dc0b34342e;378.68;1.05474;BUY
2016-01-30T00:00:43.360000;2016-01-30T00:00:43.370000;8335df13-4dc0-46df-b385-6b21ef2b9a88;378.67;0.01;SELL
2016-01-30T00:00:43.360000;2016-01-30T00:00:43.370000;523a490e-9ed9-4b36-9a6f-b1afebc156c4;378.58;0.28;SELL
2016-01-30T00:00:43.360000;2016-01-30T00:00:43.370000;3e941758-6f06-4d1a-b6a5-653553f5ebb7;378.51;0.02;SELL
2016-01-30T00:00:43.360000;2016-01-30T00:00:43.370000;523cac47-5215-4542-8f82-f506d22ebc3c;378.5;0.01063303;SELL
2016-01-30T00:00:43.360000;2016-01-30T00:00:43.403000;b5e4ab24-a379-4a09-a93c-2d62998ce8b0;378.49;0.076;SELL
2016-01-30T00:00:43.360000;2016-01-30T00:00:43.403000;3ef9de20-cbce-4b89-a5ad-3352e638270f;378.47;0.01;SELL
2016-01-30T00:00:43.360000;2016-01-30T00:00:43.403000;3df187d1-5c91-4f02-bd1c-fe6bbe0f8183;378.46;0.115;SELL
2016-01-30T00:01:01.213000;2016-01-30T00:01:01.230000;200153dd-ef81-415e-9e23-dfd6d073f7f0;378.44;0.073;BUY
2016-01-30T00:01:01.213000;2016-01-30T00:01:01.230000;e72d1792-ab02-4004-bc4b-c835b7b7e244;378.56;0.25161;BUY
2016-01-30T00:01:12.150000;2016-01-30T00:01:12.167000;543ef6f5-f5b1-4022-b4f8-67fd7ef252e6;378.5;10.34;SELL
2016-01-30T00:01:12.150000;2016-01-30T00:01:12.167000;e4457d61-a0c1-431e-9340-f31c08099cd8;378.49;0.01;SELL
2016-01-30T00:01:12.150000;2016-01-30T00:01:12.183000;b6c298b7-48dc-4345-9593-108a7d6fdeb5;378.45;0.112;SELL
2016-01-30T00:01:12.150000;2016-01-30T00:01:12.183000;1f256ff9-051c-4ff3-830b-64bd26f3b61e;378.43;0.01;SELL
2016-01-30T00:01:12.153000;2016-01-30T00:01:12.200000;2da3a0de-a110-4130-9118-431ead5e75c2;378.41;0.105;SELL
2016-01-30T00:01:12.153000;2016-01-30T00:01:12.200000;17254683-5957-4d7a-9d7b-1c6e5e623f24;378.39;9.22347;SELL
2016-01-30T00:01:12.153000;2016-01-30T00:01:12.200000;0ec98c9c-d0ed-468a-bb9a-079e6b9fef10;378.38;0.11;SELL
2016-01-30T00:01:12.153000;2016-01-30T00:01:12.200000;800847d7-6520-43b3-ab8b-3d1187ea54d9;378.35;0.097;SELL
2016-01-30T00:01:12.153000;2016-01-30T00:01:12.200000;f9bcdda5-6237-4bdc-ae26-2a2e00abe828;378.33;0.01;SELL
2016-01-30T00:01:12.153000;2016-01-30T00:01:12.200000;db0402e1-6b66-4baa-a181-1fd0c4abc502;378.32;0.01;SELL
2016-01-30T00:01:12.153000;2016-01-30T00:01:12.200000;198ab583-ceb9-4d73-9a36-2b0fd120aa70;378.32;0.089;SELL
2016-01-30T00:01:12.153000;2016-01-30T00:01:12.200000;e96fb3f7-b1e3-4a41-817b-c57da8add791;378.29;0.098;SELL
2016-01-30T00:01:12.153000;2016-01-30T00:01:12.200000;e8ca3431-98f6-476a-95f5-223236af387a;378.26;0.094;SELL
2016-01-30T00:01:12.153000;2016-01-30T00:01:12.200000;4c8b4137-7774-4fb2-8080-df1a5d8cb794;378.26;0.07;SELL
2016-01-30T00:01:31.263000;2016-01-30T00:01:31.277000;f2cb3f25-eeb1-41f8-9fb9-37d93d984a76;378.3;0.54085;BUY
2016-01-30T00:01:36.607000;2016-01-30T00:01:36.603000;c83f6586-f859-4f02-905a-c67efe528330;378.33;0.54;SELL
2016-01-30T00:01:36.607000;2016-01-30T00:01:36.653000;517bd5e0-f8db-4bd6-8e16-67e3489dbbca;378.32;0.158;SELL
2016-01-30T00:01:36.607000;2016-01-30T00:01:36.653000;05cb9ea2-cb52-486b-8ad6-3efb99657215;378.31;0.01;SELL
2016-01-30T00:01:36.607000;2016-01-30T00:01:36.653000;af70cc19-2c32-431c-bbd1-bee9b2b01c1f;378.29;0.01;SELL
2016-01-30T00:01:51.720000;2016-01-30T00:01:51.713000;33508b6a-30cb-4a59-8d35-d2be6d0bc193;378.27;0.14;BUY
2016-01-30T00:01:56.087000;2016-01-30T00:01:56.090000;32de57d4-5622-45e1-9f70-d250ff4181b3;378.26;0.125;SELL
2016-01-30T00:02:01.133000;2016-01-30T00:02:01.153000;44b0d584-be81-41cc-9d1c-459c96b94ce3;378.25;0.01063303;SELL
2016-01-30T00:02:01.133000;2016-01-30T00:02:01.153000;177ea3c1-0c3a-419f-bcbf-428fa3d1478e;378.24;0.075;SELL
2016-01-30T00:02:01.133000;2016-01-30T00:02:01.153000;9786809b-8b55-46b2-acc9-892b76c88338;378.22;0.111;SELL
2016-01-30T00:02:01.133000;2016-01-30T00:02:01.153000;2504efd0-cb62-4768-9c07-04b3075d0318;378.21;0.126;SELL
2016-01-30T00:02:01.133000;2016-01-30T00:02:01.167000;e9129f40-65f7-47ad-b9d4-03aac42f3ae9;378.19;0.092;SELL
2016-01-30T00:02:01.133000;2016-01-30T00:02:01.167000;5119f0c8-873d-4472-a35d-5957210afe50;378.16;0.083;SELL
2016-01-30T00:02:01.133000;2016-01-30T00:02:01.167000;47123758-88c5-4f7d-84bc-f33f2f178ea9;378.13;0.02;SELL
2016-01-30T00:02:01.133000;2016-01-30T00:02:01.167000;f8efd1f5-4d72-47a3-9b44-19ca67ac2cb9;378.13;0.106;SELL
2016-01-30T00:02:01.137000;2016-01-30T00:02:01.167000;fd72a8b4-27b1-4baf-b63f-560b708e4638;378.1;0.01;SELL
2016-01-30T00:02:01.137000;2016-01-30T00:02:01.167000;7e2e0edf-dd4e-4f6c-bee9-96f4a66cb892;378.1;0.121;SELL
2016-01-30T00:02:01.137000;2016-01-30T00:02:01.167000;f6dbee35-35f2-4b81-975a-af7ec0546a72;378.07;0.077;SELL
2016-01-30T00:02:01.137000;2016-01-30T00:02:01.167000;3c57a09e-cd35-42af-837a-0fed6a2fc7a1;378.06;0.081;SELL
2016-01-30T00:02:01.137000;2016-01-30T00:02:01.183000;a86dd133-4e51-4d6b-917e-8c5a6ce18763;378.04;0.01;SELL
2016-01-30T00:02:01.137000;2016-01-30T00:02:01.183000;130d9766-83e6-431a-951d-768b87b537bb;378.04;0.12;SELL
2016-01-30T00:02:01.137000;2016-01-30T00:02:01.183000;18d0e3a2-ca88-4ed9-bf69-90ffae6336f9;378.03;0.01;SELL
2016-01-30T00:02:01.137000;2016-01-30T00:02:01.183000;f7125471-1eda-41b7-bb89-f8009cce94ab;378.03;0.076;SELL
2016-01-30T00:02:01.137000;2016-01-30T00:02:01.183000;b0d05bee-9737-424c-8abc-d6254063089e;378.01;0.01;SELL
2016-01-30T00:02:01.137000;2016-01-30T00:02:01.183000;72b500c1-94c7-4b3e-97c1-251a7099ff22;378.01;0.075;SELL
2016-01-30T00:02:01.137000;2016-01-30T00:02:01.183000;00dd4d79-716b-4e22-a1a9-1847e11fbc62;378.0;2.25;SELL
2016-01-30T00:02:01.137000;2016-01-30T00:02:01.200000;b6c41e04-93e7-4d5f-b4ed-9fb935e197ff;377.99;0.33470697;SELL
2016-01-30T00:02:01.677000;2016-01-30T00:02:01.683000;ec021946-c0e8-491d-8e08-6cbc427b4883;378.26;0.01;BUY
2016-01-30T00:02:31.190000;2016-01-30T00:02:31.200000;d0e3a580-cdd8-48ad-aaee-798344b57b64;378.06;0.01;SELL
2016-01-30T00:02:31.190000;2016-01-30T00:02:31.213000;117e6c3c-53e9-43a1-989f-1bc1845f1dec;378.06;0.14;SELL
2016-01-30T00:02:31.190000;2016-01-30T00:02:31.213000;f42c771f-5efe-41be-bb38-a80e595679ba;378.05;0.086;SELL
2016-01-30T00:02:31.190000;2016-01-30T00:02:31.213000;1c323c11-c159-4b95-9598-dc0347eddf90;378.02;0.126;SELL
2016-01-30T00:02:31.190000;2016-01-30T00:02:31.213000;8c04dffa-36c0-470b-88a6-442f076ccb77;378.0;0.01063303;SELL
2016-01-30T00:02:31.190000;2016-01-30T00:02:31.213000;20ad05d3-b4d9-46c1-81ca-f086ed748620;377.99;0.11;SELL
2016-01-30T00:02:31.190000;2016-01-30T00:02:31.213000;49d5e2a5-d198-4565-9845-a816f06f9ece;377.98;0.28;SELL
2016-01-30T00:02:31.190000;2016-01-30T00:02:31.213000;544b5749-2abb-43b2-9b39-25d2739e8748;377.98;0.126;SELL
2016-01-30T00:02:31.190000;2016-01-30T00:02:31.230000;804caf47-0900-41dc-8d11-16a0469804ba;377.9;0.18786697;SELL
2016-01-30T00:02:42.783000;2016-01-30T00:02:42.777000;8ed016d2-46ee-4f80-8a73-8e206b76467a;378.06;0.097;BUY
2016-01-30T00:02:46.793000;2016-01-30T00:02:46.793000;413635fa-4017-439d-919b-e9043c78b7f0;378.06;0.01;BUY
2016-01-30T00:03:01.273000;2016-01-30T00:03:01.277000;b92e4fff-0be2-40d0-8120-5a07675ad98e;378.03;0.46691;BUY
2016-01-30T00:03:01.873000;2016-01-30T00:03:01.870000;1a81b857-fdba-44b0-9193-87866dd58db3;378.01;0.01;BUY
2016-01-30T00:03:31.343000;2016-01-30T00:03:31.377000;f3d6a0d8-4ab8-4de4-84a5-3c2e84953393;378.01;0.12;BUY
2016-01-30T00:03:31.343000;2016-01-30T00:03:31.393000;2d3f78e7-0eec-42a1-a94f-d834bc2c7069;378.01;0.07983;BUY
2016-01-30T00:03:48.410000;2016-01-30T00:03:48.440000;d811e028-a86d-4203-a915-d2dc7d3a400a;378.02;0.106;BUY
2016-01-30T00:04:01.030000;2016-01-30T00:04:01.063000;b0c3d3a4-6900-4003-8f63-b318aaf357f1;378.01;0.01;SELL
2016-01-30T00:04:01.030000;2016-01-30T00:04:01.080000;8f15c2df-9bf4-44e6-8589-5f43494cf8b2;378.01;0.103;SELL
2016-01-30T00:04:01.030000;2016-01-30T00:04:01.080000;44ff2c28-cd45-4bce-bca0-d027f17798d5;378.0;0.37;SELL
2016-01-30T00:04:01.030000;2016-01-30T00:04:01.080000;32a6add8-a2bb-4841-bb46-06cf1943e697;377.98;0.111;SELL
2016-01-30T00:04:01.030000;2016-01-30T00:04:01.080000;a5259f0a-9652-4b59-8aec-ec2f9f6d8ce6;377.95;0.07;SELL
2016-01-30T00:04:01.030000;2016-01-30T00:04:01.080000;5698474f-50c5-4686-aaf8-5431ec9f0362;377.94;0.244;SELL
2016-01-30T00:04:01.030000;2016-01-30T00:04:01.080000;aa226c71-7e3a-467a-a97c-17a99a8439c2;377.91;2.00855;SELL
2016-01-30T00:04:01.693000;2016-01-30T00:04:01.737000;c5deec16-2cbf-4e9d-a880-e2916e55c326;378.01;0.01;BUY
2016-01-30T00:04:31.100000;2016-01-30T00:04:31.160000;6b1a6f77-d315-4428-ac56-007c2de1aaee;378.02;1.66935;BUY
2016-01-30T00:04:31.580000;2016-01-30T00:04:31.627000;755174fe-6fa7-4724-b2ee-42ebc7418a40;378.0;0.37;SELL
2016-01-30T00:04:48.863000;2016-01-30T00:04:48.910000;3102edef-cdb8-4509-a264-be498e6188f9;377.99;0.66;SELL
2016-01-30T00:05:01.153000;2016-01-30T00:05:01.207000;24fb52c1-5b41-4d6f-a397-93033fd58817;378.0;2.2279;BUY
2016-01-30T00:05:01.750000;2016-01-30T00:05:01.783000;97cbf401-a612-4c82-b9f1-4e129dc3e3dc;378.0;0.01;BUY
2016-01-30T00:05:12.880000;2016-01-30T00:05:12.923000;55bfbe0d-75af-418d-b2ad-bda850c8fa97;378.03;0.38;BUY
2016-01-30T00:05:12.883000;2016-01-30T00:05:12.923000;739de645-48be-436c-b06b-2a57d1eb070c;378.03;0.16;BUY
2016-01-30T00:05:31.507000;2016-01-30T00:05:31.533000;ad2ba164-2624-4e2f-92b4-b02b89795f87;378.04;7.1351;BUY
2016-01-30T00:06:00.983000;2016-01-30T00:06:01.017000;bf8f0ce7-5556-4117-b9f5-370e2f317da3;378.05;0.01;BUY
2016-01-30T00:06:00.983000;2016-01-30T00:06:01.033000;ec029192-4a0b-4bab-8b90-783f490cc18f;378.05;0.43;BUY
2016-01-30T00:06:00.983000;2016-01-30T00:06:01.033000;a9f0b61a-d51f-4d3f-bfe0-e3b63de40053;378.12;0.21;BUY
2016-01-30T00:06:00.983000;2016-01-30T00:06:01.033000;5f994920-bbab-41ba-94a1-345d9f2aadf3;378.18;4.96878;BUY
2016-01-30T00:06:21.957000;2016-01-30T00:06:21.987000;8609fde7-6704-4468-9ce4-178b0a735c61;378.19;0.01;BUY
2016-01-30T00:07:01.037000;2016-01-30T00:07:01.067000;5d25986e-b9d8-49f0-a616-0b97901eaec6;378.19;1.57956;BUY
2016-01-30T00:07:36.940000;2016-01-30T00:07:36.970000;6d19c1f6-a27f-4e42-94f6-f5b541641c66;378.2;0.58063;BUY
2016-01-30T00:08:01.240000;2016-01-30T00:08:01.267000;c56742da-b8f6-45f7-961f-a0ec14b26b94;378.19;0.13;SELL
2016-01-30T00:08:01.240000;2016-01-30T00:08:01.300000;730592b2-3bd1-4e18-8864-f452778cd774;378.19;1.25772;SELL
2016-01-30T00:08:31.090000;2016-01-30T00:08:31.113000;ed5f466d-e5e1-47c7-aaba-92f061cc6d55;378.19;0.19864;BUY
2016-01-30T00:09:01.067000;2016-01-30T00:09:01.097000;392cc1f2-9008-4f08-8ef3-1c708c100b83;378.19;0.3732;BUY
2016-01-30T00:09:30.997000;2016-01-30T00:09:31.017000;27712424-9741-488a-8b8d-e8a68bb63999;378.24;0.01;BUY
2016-01-30T00:09:30.997000;2016-01-30T00:09:31.050000;f4479ec6-0404-434a-94b9-6e640c745a06;378.24;0.12;BUY
2016-01-30T00:09:30.997000;2016-01-30T00:09:31.050000;561642e9-9ad4-4310-858e-dabceeb36771;378.25;0.01063303;BUY
2016-01-30T00:09:30.997000;2016-01-30T00:09:31.050000;8a3e2c8d-c192-4fdb-b897-44be451b50ca;378.25;3.84;BUY
2016-01-30T00:09:30.997000;2016-01-30T00:09:31.050000;a98ad37e-9ed6-4cc5-9b0b-302a4650ba49;378.26;9.27032;BUY
2016-01-30T00:09:30.997000;2016-01-30T00:09:31.127000;b8c90e91-cf22-415f-a44b-ecce6d615e5b;378.26;1.051;BUY
2016-01-30T00:09:30.997000;2016-01-30T00:09:31.127000;e031eb91-76f3-42e1-bd03-d6f435f0af8b;378.29;1.031;BUY
2016-01-30T00:09:30.997000;2016-01-30T00:09:31.127000;bcdd6950-ece7-49a4-80d3-7d0daa4d6544;378.32;0.956;BUY
2016-01-30T00:09:30.997000;2016-01-30T00:09:31.127000;2f14cfbb-8b04-4b1d-b1b2-34c97c0d5d45;378.35;1.031;BUY
2016-01-30T00:09:30.997000;2016-01-30T00:09:31.127000;8eb4896f-72b1-4d9d-94e0-2afefae8ac78;378.37;4.258;BUY
2016-01-30T00:09:31.000000;2016-01-30T00:09:31.127000;8319a604-767b-400f-8cd8-e43386ca1f00;378.38;1.037;BUY
2016-01-30T00:09:31.000000;2016-01-30T00:09:31.127000;08c59ad2-3786-46cc-9ff8-d2754200fa0e;378.41;1.052;BUY
2016-01-30T00:09:31.000000;2016-01-30T00:09:31.127000;802ecea0-9e2e-41ed-9f0e-71290aeb8759;378.44;1.069;BUY
2016-01-30T00:09:31.000000;2016-01-30T00:09:31.127000;f8d1d289-5095-48f4-b7f3-b501aab2ce84;378.47;0.01;BUY
2016-01-30T00:09:31.000000;2016-01-30T00:09:31.127000;418f6105-a0b6-4e9b-bd67-bd5ea2176ad9;378.47;1.065;BUY
2016-01-30T00:09:31.000000;2016-01-30T00:09:31.127000;a5e2d2fc-6296-4e5b-ae4e-aef666371ac5;378.49;0.01;BUY
2016-01-30T00:09:31.000000;2016-01-30T00:09:31.127000;3c19f8fc-8925-48fb-9d5e-30ce87ec448e;378.5;0.01063303;BUY
2016-01-30T00:09:31.000000;2016-01-30T00:09:31.127000;2bd09fb5-a414-4026-a5f4-d0bbf931cba4;378.5;1.059;BUY
2016-01-30T00:09:31.000000;2016-01-30T00:09:31.127000;97931c1c-e5b4-4372-a8cc-c12dd3e6c3b7;378.51;23.10941394;BUY
2016-01-30T00:10:01.213000;2016-01-30T00:10:01.237000;ab7f36b1-66a2-4059-be88-1e24d390bb63;378.37;10.8182;BUY
2016-01-30T00:10:01.213000;2016-01-30T00:10:01.253000;1ef4e705-94a2-45a9-946c-2949f8efe398;378.38;4.139;BUY
2016-01-30T00:10:01.217000;2016-01-30T00:10:01.253000;5a3a5338-554a-4b9a-8999-39cd2b2b17d2;378.42;9.22124;BUY
2016-01-30T00:10:01.217000;2016-01-30T00:10:01.253000;2ac40aac-f27c-433d-aa40-9c863267b0b8;378.45;0.562;BUY
2016-01-30T00:10:01.217000;2016-01-30T00:10:01.253000;773e7a17-17ff-4567-851e-e8283ac8a99a;378.53;1.059;BUY
2016-01-30T00:10:01.217000;2016-01-30T00:10:01.267000;54903f37-21f3-4a5c-a523-6119f1be523e;378.55;4.476;BUY
2016-01-30T00:10:01.217000;2016-01-30T00:10:01.267000;36dfb2f0-7a65-40dd-81f9-1b405d3a8a68;378.58;0.01;BUY
2016-01-30T00:10:01.217000;2016-01-30T00:10:01.267000;de6e1a03-f266-4879-8be5-b21f3abe5185;378.6;1.026;BUY
2016-01-30T00:10:01.217000;2016-01-30T00:10:01.347000;92e1fc8e-0abc-4add-88cd-d91cbaadbf8d;378.62;1.058;BUY
2016-01-30T00:10:01.217000;2016-01-30T00:10:01.347000;60ce5d5e-02c7-4034-b073-3ca678d86de4;378.64;0.972;BUY
2016-01-30T00:10:01.217000;2016-01-30T00:10:01.347000;0d50867c-8dad-4d0f-bbe7-7d01fa242de9;378.65;0.844;BUY
2016-01-30T00:10:01.220000;2016-01-30T00:10:01.347000;9d7f2ce5-91aa-44fd-a5b1-610ee5f00a9c;378.67;0.01;BUY
2016-01-30T00:10:01.220000;2016-01-30T00:10:01.347000;f59dceb0-88d4-4507-8dab-345424bd374c;378.67;0.99;BUY
2016-01-30T00:10:01.220000;2016-01-30T00:10:01.347000;f56c3863-5048-4f50-ba87-b493ccf653fb;378.7;0.955;BUY
2016-01-30T00:10:01.220000;2016-01-30T00:10:01.347000;8a262c23-1302-4c80-a249-a8d535278afa;378.73;0.983;BUY
2016-01-30T00:10:01.220000;2016-01-30T00:10:01.347000;037f3982-98b8-462d-8ea6-724a9a8c7844;378.74;3.976;BUY
2016-01-30T00:10:01.220000;2016-01-30T00:10:01.347000;5c223749-7769-4ff8-8d66-14837ee4b723;378.75;0.01063303;BUY
2016-01-30T00:10:01.220000;2016-01-30T00:10:01.347000;424a10ae-630b-43e2-bd77-17bb39238805;378.76;0.965;BUY
2016-01-30T00:10:01.220000;2016-01-30T00:10:01.347000;72551c77-2873-4d95-b2be-7a6ea924800a;378.8;0.01;BUY
2016-01-30T00:10:01.220000;2016-01-30T00:10:01.347000;65d81d86-b07d-4551-adde-c26fad647b4b;378.92;4.547;BUY
2016-01-30T00:10:01.220000;2016-01-30T00:10:01.347000;c20fb8bf-ce70-493b-90ce-e1fccc0e1602;378.95;0.01;BUY
2016-01-30T00:10:01.220000;2016-01-30T00:10:01.347000;a1bb980b-0ae8-4558-86c1-ce0ec889d6ef;379.0;0.01063303;BUY
2016-01-30T00:10:01.220000;2016-01-30T00:10:01.347000;0a6e7719-19cb-442f-bd73-6d39d1623af7;379.0;0.01;BUY
2016-01-30T00:10:01.220000;2016-01-30T00:10:01.347000;72a811e8-47e0-49c5-b7ab-607e8236bee7;379.0;3.33729394;BUY
2016-01-30T00:10:31.040000;2016-01-30T00:10:31.067000;b994235f-68e8-4841-aa20-efb802794f88;378.72;0.125;BUY
2016-01-30T00:10:31.040000;2016-01-30T00:10:31.067000;ec2edc8b-dbf9-4958-9b35-e478698b1b9c;378.73;0.094;BUY
2016-01-30T00:10:31.040000;2016-01-30T00:10:31.067000;6834a0df-80ff-403c-924c-55fa1065b1c3;378.74;2.60468;BUY
2016-01-30T00:11:01.030000;2016-01-30T00:11:01.097000;370a4b8b-2cd1-4597-93a9-e7968d3184dd;378.73;0.109;BUY
2016-01-30T00:11:01.030000;2016-01-30T00:11:01.097000;287a362f-ab20-428d-95de-8cf5905a24f5;378.74;1.19553;BUY
2016-01-30T00:11:31.073000;2016-01-30T00:11:31.097000;b3a5d4e5-837f-4c15-a73f-5c7ec2db5c87;378.74;0.03079;BUY
2016-01-30T00:11:31.073000;2016-01-30T00:11:31.113000;48fa43dd-bbd2-45f6-b06f-2b704a76b16f;378.74;0.098;BUY
2016-01-30T00:11:31.073000;2016-01-30T00:11:31.113000;44e51dc4-4431-4a6a-a04d-3d4e237e6fec;378.77;0.12;BUY
2016-01-30T00:11:31.073000;2016-01-30T00:11:31.113000;9d0d43f5-97a9-4f94-823a-18a83521d007;378.8;0.123;BUY
2016-01-30T00:11:31.073000;2016-01-30T00:11:31.113000;b1e99905-fd77-4bde-84fa-7306aaff9aa8;378.83;0.108;BUY
2016-01-30T00:11:31.073000;2016-01-30T00:11:31.173000;dcc3535d-d5b1-472d-996b-6fe429acfdd7;378.85;0.52171;BUY
2016-01-30T00:12:01.180000;2016-01-30T00:12:01.190000;009e8ec9-ba95-49cf-961f-0e864501d915;378.78;0.09296;SELL
2016-01-30T00:12:31.597000;2016-01-30T00:12:31.613000;a92baba3-228c-4f9b-966f-95b8cf0ae342;378.82;0.087;BUY
2016-01-30T00:12:31.597000;2016-01-30T00:12:31.627000;c3663c92-9ba5-4436-b521-53c20a8fe576;378.85;0.09;BUY
2016-01-30T00:12:31.597000;2016-01-30T00:12:31.627000;8b63d6e2-c979-4684-9755-62b2602f8a3d;378.88;0.106;BUY
2016-01-30T00:12:31.597000;2016-01-30T00:12:31.627000;a2812ffe-3e51-480d-a8cd-da7fe5d8587a;378.9;0.92017;BUY
2016-01-30T00:12:57.673000;2016-01-30T00:12:57.690000;99fcb03f-cf42-44fc-b569-59a741539f31;378.78;0.29994473;SELL
2016-01-30T00:13:01.223000;2016-01-30T00:13:01.237000;5b00d609-a37a-43db-a6d8-86b29555a526;378.78;0.10051;SELL
2016-01-30T00:13:35.913000;2016-01-30T00:13:35.923000;0f8631e8-86ac-4435-882b-673f2ce4c5fe;378.79;2.8097;BUY
2016-01-30T00:13:35.913000;2016-01-30T00:13:35.940000;0dcd81d5-4946-4ae3-afac-04ae65c70137;378.79;0.088;BUY
2016-01-30T00:13:35.913000;2016-01-30T00:13:35.940000;b5ffc5e7-4f20-49bd-9cdc-b1a571a5c702;378.81;9.24133;BUY
2016-01-30T00:13:35.913000;2016-01-30T00:13:35.940000;3888ebfc-fd30-45d2-b8cd-f6bfe047d14c;378.82;0.102;BUY
2016-01-30T00:13:35.913000;2016-01-30T00:13:35.940000;5a44fbb9-d5e5-44f0-b522-91e6fe75e152;378.85;0.104;BUY
2016-01-30T00:13:35.913000;2016-01-30T00:13:35.940000;be019905-5e95-4b34-b343-c45d24f83058;378.88;0.115;BUY
2016-01-30T00:13:35.913000;2016-01-30T00:13:35.940000;f68e1592-5eed-40f1-9c8a-4553b26c87bf;378.91;4.59;BUY
2016-01-30T00:13:35.913000;2016-01-30T00:13:35.940000;38d7f95d-7ba8-40c7-9bcb-53a09a446ad1;378.91;0.079;BUY
2016-01-30T00:13:35.913000;2016-01-30T00:13:35.940000;f5e5b9a7-d215-4d20-bed7-2bdbdf3a3a4a;378.94;0.107;BUY
2016-01-30T00:13:35.913000;2016-01-30T00:13:35.970000;90051e29-0303-431d-91d3-947259777db0;378.97;0.082;BUY
2016-01-30T00:13:35.913000;2016-01-30T00:13:35.970000;3f3bcd34-6113-4735-bb8f-f56f6998cf66;379.0;0.084;BUY
2016-01-30T00:13:35.913000;2016-01-30T00:13:35.970000;ef4010a4-9a0a-4147-8d12-4325c677bf6d;379.06;0.01;BUY
2016-01-30T00:13:35.913000;2016-01-30T00:13:35.970000;07689805-8bbb-42f6-9246-2cfcf7f766c1;379.09;0.24;BUY
2016-01-30T00:13:35.917000;2016-01-30T00:13:36.003000;61582239-2b12-4b1a-b2b1-44280d3c44f9;379.1;4.246;BUY
2016-01-30T00:13:35.917000;2016-01-30T00:13:36.020000;abc7aad6-6c02-4594-82fd-eaeee0c302f6;379.13;0.02;BUY
2016-01-30T00:13:35.917000;2016-01-30T00:13:36.020000;9b2c943d-e1e8-422c-ae53-a7db9207e291;379.15;0.01;BUY
2016-01-30T00:13:35.917000;2016-01-30T00:13:36.020000;c3ec19c6-9c95-4f0c-a358-e850c44e022a;379.17;0.01;BUY
2016-01-30T00:13:35.917000;2016-01-30T00:13:36.020000;756108ed-7b23-4c0f-8cab-2021f917a097;379.2;0.01;BUY
2016-01-30T00:13:35.917000;2016-01-30T00:13:36.020000;6128a6fe-8514-42d9-ba45-b68491f9de7a;379.25;0.01062379;BUY
2016-01-30T00:13:35.917000;2016-01-30T00:13:36.020000;6c2c8a41-3f77-4af7-a7b5-0ed9f2b528fe;379.26;3.0;BUY
2016-01-30T00:13:35.917000;2016-01-30T00:13:36.020000;30d81c86-09d8-4ceb-be8f-1954aadf5128;379.27;1.123;BUY
2016-01-30T00:13:35.917000;2016-01-30T00:13:36.020000;9c2c10b8-2e9e-4fdb-8a4d-9ce92a9f8566;379.31;0.01;BUY
2016-01-30T00:13:35.917000;2016-01-30T00:13:36.020000;4111656d-35cc-4d3e-9f2d-968c00375e06;379.34;0.01;BUY
2016-01-30T00:13:35.917000;2016-01-30T00:13:36.020000;af6aeac3-4aaa-4b17-903a-638b98c531fa;379.35;0.22047621;BUY
2016-01-30T00:14:01.063000;2016-01-30T00:14:01.067000;ba1e362c-5601-4c78-9bd3-c5198096549a;378.84;0.37244;SELL
2016-01-30T00:14:14.793000;2016-01-30T00:14:14.817000;043fb3ba-a1a3-4539-807d-fb2382a06507;378.85;0.083;BUY
2016-01-30T00:14:14.793000;2016-01-30T00:14:14.817000;3e2a0af4-77dc-449d-bfcb-e50c313aa507;378.85;0.137;BUY
2016-01-30T00:14:31.103000;2016-01-30T00:14:31.113000;577aae5b-a0fc-4179-9707-1399efa9f8a0;378.87;0.01166;SELL
2016-01-30T00:15:01.127000;2016-01-30T00:15:01.127000;5ec0d595-7085-4908-9046-812015f45a07;379.06;0.25298;BUY
2016-01-30T00:15:36.560000;2016-01-30T00:15:36.580000;bb94bd37-259e-4f8f-aa3d-26ae2e3c5249;379.06;0.1012;BUY
2016-01-30T00:16:31.093000;2016-01-30T00:16:31.113000;ae7d03d1-391d-4d59-ba31-638d7c9e7434;379.06;0.38413;BUY
2016-01-30T00:17:01.080000;2016-01-30T00:17:01.080000;c9769094-265a-4618-a5c6-ab0a4a31b5e5;379.06;0.2629;BUY
2016-01-30T00:18:01.230000;2016-01-30T00:18:01.223000;e4bcc5a1-d008-4a21-9cc5-39eb9bfcf3f9;379.32;0.52011;BUY
2016-01-30T00:18:18.423000;2016-01-30T00:18:18.423000;8be95302-7213-4c96-a805-5ea47743db90;379.34;0.5;BUY
2016-01-30T00:18:25.230000;2016-01-30T00:18:25.223000;726aae74-fdf9-4983-8599-68b711eff86d;379.35;0.3;SELL
2016-01-30T00:18:31.190000;2016-01-30T00:18:31.190000;f161cef5-48b2-435d-ac2c-7ecb95b951ed;379.36;0.01;BUY
2016-01-30T00:18:31.190000;2016-01-30T00:18:31.207000;ef397a06-e8af-4566-bd75-e1982273b373;379.37;0.05664;BUY
2016-01-30T00:18:31.807000;2016-01-30T00:18:31.817000;58fc0b43-bfe8-4a86-b23a-3d96f728b9ce;379.37;0.5;BUY
2016-01-30T00:18:46.377000;2016-01-30T00:18:46.423000;b0ede6a8-fabf-4607-a52a-cad5dbfd09df;379.38;0.01;BUY
2016-01-30T00:18:46.377000;2016-01-30T00:18:46.423000;548575d3-6ab8-4c14-8053-7417307bf6c7;379.4;0.01;BUY
2016-01-30T00:18:46.377000;2016-01-30T00:18:46.423000;7e6e7de7-ae12-4f2d-b9df-d541a44ef0bb;379.5;0.01062379;BUY
2016-01-30T00:18:46.377000;2016-01-30T00:18:46.437000;2901d86a-8243-4a22-a562-8169eb2ab9b2;379.51;0.02;BUY
2016-01-30T00:18:46.377000;2016-01-30T00:18:46.437000;95b5f831-dc9d-43a8-b869-73948b0f5c23;379.52;0.01;BUY
2016-01-30T00:18:46.377000;2016-01-30T00:18:46.437000;82f35c06-9063-426e-bd65-aea1ac1f22ae;379.54;0.01;BUY
2016-01-30T00:18:46.380000;2016-01-30T00:18:46.437000;c260fc80-3dcd-4cd8-acd2-c50cd7254025;379.61;0.01;BUY
2016-01-30T00:18:46.380000;2016-01-30T00:18:46.437000;e7345924-e187-4738-9bc8-0f5c84c70c53;379.66;0.09;BUY
2016-01-30T00:18:46.380000;2016-01-30T00:18:46.437000;8cb15813-8189-44cb-87ab-d9829463006f;379.67;0.095;BUY
2016-01-30T00:18:46.380000;2016-01-30T00:18:46.453000;12600557-61c8-43ca-9387-a0bbc0e0447f;379.71;0.01;BUY
2016-01-30T00:18:46.380000;2016-01-30T00:18:46.453000;425568ca-fd31-4862-9527-4ce816e1a200;379.75;0.01062914;BUY
2016-01-30T00:18:46.380000;2016-01-30T00:18:46.453000;973956ff-1835-4846-bb87-79258724166b;379.81;0.01;BUY
2016-01-30T00:18:46.380000;2016-01-30T00:18:46.453000;f8b473f9-1468-47e1-a737-f5e8ae69be63;379.85;0.20374707;BUY
2016-01-30T00:19:01.267000;2016-01-30T00:19:01.313000;861664b1-cc0a-49a9-9824-21290758b336;379.89;0.01;BUY
2016-01-30T00:19:01.267000;2016-01-30T00:19:01.330000;0ad9142f-f13f-48d9-9a87-31bd48484bb0;379.89;0.02;BUY
2016-01-30T00:19:01.267000;2016-01-30T00:19:01.330000;54934f63-6734-4ea0-b723-8dcfa580096f;379.95;0.01;BUY
2016-01-30T00:19:01.267000;2016-01-30T00:19:01.330000;e5351f62-d203-4a2d-8dd8-403813399139;379.95;0.48492;BUY
2016-01-30T00:19:22.020000;2016-01-30T00:19:22.063000;f39ce141-2a23-4fb0-a594-f0766b8eee37;379.98;0.086;BUY
2016-01-30T00:19:32.787000;2016-01-30T00:19:32.830000;829788d1-7ae6-461f-9551-d0617a4cae39;379.99;0.08271;SELL
2016-01-30T00:19:34.390000;2016-01-30T00:19:34.437000;e283fe4e-0170-4696-9ddc-e2c79ce255e1;379.99;0.11;SELL
2016-01-30T00:19:40.747000;2016-01-30T00:19:40.783000;2261131f-2eb6-40d3-b0b0-c24eae6bf387;379.99;0.127;SELL
2016-01-30T00:20:31.297000;2016-01-30T00:20:31.360000;6b5cd08a-2635-45ef-a543-cd0b3799adc1;379.99;1.1033;BUY
2016-01-30T00:21:01.310000;2016-01-30T00:21:01.360000;96cbae5b-3f32-403e-b7dc-e362f62291a2;379.92;1.43502;SELL
2016-01-30T00:21:31.220000;2016-01-30T00:21:31.250000;4a95f10d-efab-4db3-9dc5-a51f23dbf247;379.92;0.11979;SELL
2016-01-30T00:22:01.320000;2016-01-30T00:22:01.360000;4f0c0ee3-c769-4575-9912-d4cb85d1b3cc;379.93;0.3;BUY
2016-01-30T00:22:01.320000;2016-01-30T00:22:01.360000;5edef2d1-69f8-4225-872c-4df9c5d5ded9;379.93;0.5;BUY
2016-01-30T00:22:01.323000;2016-01-30T00:22:01.360000;122b74cf-d91b-4734-8a04-156b96420572;379.93;0.62193;BUY
2016-01-30T00:22:31.280000;2016-01-30T00:22:31.313000;73fa8966-d3a3-4f45-8e04-af54e1a22124;379.92;0.64735;SELL
2016-01-30T00:23:01.397000;2016-01-30T00:23:01.423000;26b93e83-cb31-4235-8b0d-7c71cb091676;379.92;0.05681;SELL
2016-01-30T00:23:31.313000;2016-01-30T00:23:31.343000;0ca40774-f6ec-4db3-862c-d08704635400;379.98;0.3008;BUY
2016-01-30T00:24:31.563000;2016-01-30T00:24:31.593000;f0fa3820-b357-4dd3-8181-c877eb095563;379.92;0.49368;SELL
2016-01-30T00:24:52.030000;2016-01-30T00:24:52.063000;8dcfbcaf-66c4-47d2-9e73-5fadbb3b6d4a;379.93;0.07;BUY
2016-01-30T00:25:01.317000;2016-01-30T00:25:01.343000;b63bd284-0dbf-4c83-87fd-941535785ab4;379.93;0.044;BUY
2016-01-30T00:25:01.317000;2016-01-30T00:25:01.360000;ad973240-7f56-4c45-a895-35873fbc9106;379.99;0.18041;BUY
2016-01-30T00:25:31.183000;2016-01-30T00:25:31.203000;9b099cc0-dc24-4e67-8df1-444116d1e2e2;379.99;0.21065;BUY
2016-01-30T00:26:01.283000;2016-01-30T00:26:01.297000;402115e1-b04c-4788-b75d-66898c9501f6;379.99;0.07886;BUY
2016-01-30T00:26:31.250000;2016-01-30T00:26:31.267000;93abc24d-80c4-4f9d-a5c4-9c1e534f4577;379.99;1.53008;BUY
2016-01-30T00:26:31.250000;2016-01-30T00:26:31.283000;42b8acb0-20c1-4e6c-b297-f07f706870fa;379.99;0.086;BUY
2016-01-30T00:26:31.250000;2016-01-30T00:26:31.283000;39733292-2395-4e2a-b2c7-4890c3914e85;380.0;0.01062914;BUY
2016-01-30T00:26:31.253000;2016-01-30T00:26:31.283000;9061029d-342c-4a2e-93cd-84eced31255e;380.13;0.01;BUY
2016-01-30T00:26:31.253000;2016-01-30T00:26:31.313000;7dedba74-c24f-41a8-bdb3-dec54fc341df;380.15;0.68408086;BUY
2016-01-30T00:27:01.367000;2016-01-30T00:27:01.390000;ee312978-49aa-4c4a-b5a9-68d2cddbc62e;379.94;0.99932;SELL
2016-01-30T00:27:04.470000;2016-01-30T00:27:04.487000;027d2897-8650-409e-94c7-970754aa0df5;379.95;0.0115;BUY
2016-01-30T00:27:07.737000;2016-01-30T00:27:07.750000;092574ec-d4d3-4934-a5bc-41d6c562e13d;379.94;0.8484;SELL
2016-01-30T00:27:31.247000;2016-01-30T00:27:31.283000;850cbb7a-d753-44ce-9723-680061b4b823;379.91;0.6;SELL
2016-01-30T00:27:31.247000;2016-01-30T00:27:31.283000;edba7bd7-c556-4d1d-a029-5d41da4d81d4;379.91;0.03;SELL
2016-01-30T00:27:31.247000;2016-01-30T00:27:31.283000;f7da8ee5-1c1b-4fc1-8700-d35f24e3b956;379.89;0.01;SELL
2016-01-30T00:27:31.247000;2016-01-30T00:27:31.283000;98699b61-aede-41bd-a5e4-12e68c996f7d;379.87;0.11684;SELL
2016-01-30T00:28:01.330000;2016-01-30T00:28:01.343000;316d64b7-4984-4538-843b-3190c021e644;379.92;0.55097;BUY
2016-01-30T00:28:31.263000;2016-01-30T00:28:31.283000;b63f3f68-8517-422c-b2ca-f2db0cbccb9f;380.1;0.01;BUY
2016-01-30T00:28:31.263000;2016-01-30T00:28:31.297000;7a02f619-4b61-474e-a460-603206bc923b;380.18;0.01;BUY
2016-01-30T00:28:31.263000;2016-01-30T00:28:31.297000;7579d110-fb4d-4586-845c-6e2ad2d63cbb;380.24;0.01;BUY
2016-01-30T00:28:31.263000;2016-01-30T00:28:31.297000;3e14f41e-74fe-4cdc-9e12-f800366094af;380.25;0.01062914;BUY
2016-01-30T00:28:31.263000;2016-01-30T00:28:31.297000;50c1973c-6b62-4403-ba89-81ebd1492ea6;380.26;0.24320086;BUY
2016-01-30T00:29:01.287000;2016-01-30T00:29:01.313000;4c8f457a-5fb7-4a23-8ec2-862e6c9c78df;380.27;0.02;BUY
2016-01-30T00:29:01.287000;2016-01-30T00:29:01.313000;c95791db-b7be-43a8-b2cd-12379cbeda62;380.3;0.5945;BUY
2016-01-30T00:29:01.287000;2016-01-30T00:29:01.313000;f2b4db93-0ed5-48d4-978c-0154495bf6c5;380.31;9.19532;BUY
2016-01-30T00:29:01.287000;2016-01-30T00:29:01.313000;62e7eb36-ca6c-4367-a442-53eba098dda0;380.32;0.15151515;BUY
2016-01-30T00:29:01.287000;2016-01-30T00:29:01.330000;44f9ac79-d3dd-4669-8597-6e8d96289370;380.35;0.01;BUY
2016-01-30T00:29:01.287000;2016-01-30T00:29:01.330000;85f1711f-1041-4326-9304-24bd03d83d76;380.36;0.00360485;BUY
2016-01-30T00:29:31.227000;2016-01-30T00:29:31.237000;5c18763c-c458-4514-babe-55dbb3e58eb1;380.29;0.3;BUY
2016-01-30T00:29:31.227000;2016-01-30T00:29:31.250000;ed9d1558-1efd-4a73-8770-4b3fdd5a3e84;380.36;0.00639515;BUY
2016-01-30T00:29:31.227000;2016-01-30T00:29:31.250000;db27b8ff-9a1c-4dfc-b892-94063c82551a;380.37;0.01;BUY
2016-01-30T00:29:31.227000;2016-01-30T00:29:31.250000;d4a221da-a79e-442a-833b-9987b055382f;380.38;0.01;BUY
2016-01-30T00:29:31.227000;2016-01-30T00:29:31.250000;e8cb5a19-cf70-4584-b0d2-84166420e22b;380.38;0.01455485;BUY
2016-01-30T00:30:01.447000;2016-01-30T00:30:01.453000;8f06d4c4-c97b-45c7-9df4-dfcbcc430808;380.27;0.062;BUY
2016-01-30T00:30:01.447000;2016-01-30T00:30:01.470000;77460ef3-04ca-4f6f-85a2-c6f7787b5097;380.38;0.07419;BUY
2016-01-30T00:30:31.913000;2016-01-30T00:30:31.953000;f2653d80-cb94-4208-83e7-bc8c7bed2eaa;380.23;0.01;SELL
2016-01-30T00:30:31.913000;2016-01-30T00:30:31.953000;1e8bb42f-8a37-49f5-87cb-e3faf967d7b1;380.21;0.082;SELL
2016-01-30T00:30:31.913000;2016-01-30T00:30:31.953000;6a3c49fa-f1a4-4b3d-8495-01fc29246bef;380.21;0.24;SELL
2016-01-30T00:30:31.913000;2016-01-30T00:30:31.953000;2b6c246f-cde9-463b-bcd0-6db094544fae;380.16;0.115;SELL
2016-01-30T00:30:31.913000;2016-01-30T00:30:31.953000;b8d65a9b-8832-48b6-88ce-4e9691bccc19;380.1;0.01;SELL
2016-01-30T00:30:31.913000;2016-01-30T00:30:31.953000;da876b02-7b37-4a38-99d4-8769fb822c59;380.09;0.11;SELL
2016-01-30T00:30:31.917000;2016-01-30T00:30:31.953000;2230e0de-97a7-41e0-8f4d-30811fd04401;380.06;0.096;SELL
2016-01-30T00:30:31.917000;2016-01-30T00:30:31.953000;b66f86c0-4b83-477c-876c-8abb58d0ecce;380.03;0.095;SELL
2016-01-30T00:30:31.917000;2016-01-30T00:30:31.953000;fcf234a3-1bbf-471e-82ff-35f81f0693a3;380.0;0.0115;SELL
2016-01-30T00:30:31.917000;2016-01-30T00:30:31.953000;eab3009a-dfc8-454f-9d07-a54d329139ec;379.96;1.33;SELL
2016-01-30T00:30:31.917000;2016-01-30T00:30:31.953000;ae38a933-0237-40fe-b3a4-d2ccb414fdb6;379.95;0.01;SELL
2016-01-30T00:30:31.917000;2016-01-30T00:30:31.970000;a48e1388-f181-4340-b334-5dd8adeb12e0;379.88;0.104;SELL
2016-01-30T00:30:31.917000;2016-01-30T00:30:31.970000;f8f9d176-5c9f-4236-8df0-ffa879400516;379.85;0.124;SELL
2016-01-30T00:30:31.917000;2016-01-30T00:30:31.970000;f0c2b3a1-cb3a-4017-a0d7-71e7cd2c3e70;379.84;0.109;SELL
2016-01-30T00:30:31.917000;2016-01-30T00:30:31.970000;8a907af9-317a-4661-8e23-e7a28de75f91;379.8;0.48;SELL
2016-01-30T00:30:31.917000;2016-01-30T00:30:31.970000;16085fda-9fdd-4d28-96a2-be4b9605338a;379.79;1.156;SELL
2016-01-30T00:30:31.917000;2016-01-30T00:30:31.970000;463285b0-22ca-4832-9adc-f0498e28e6f8;379.78;0.128;SELL
2016-01-30T00:30:31.917000;2016-01-30T00:30:31.970000;5c73aa60-742a-4204-9ba2-24983d908385;379.78;0.01;SELL
2016-01-30T00:30:31.917000;2016-01-30T00:30:31.970000;537b5190-0f42-4f5c-8dd4-8fe00f860c52;379.76;1.161;SELL
2016-01-30T00:30:31.917000;2016-01-30T00:30:31.970000;1a368903-f6e5-4630-8839-9c2b7a38337f;379.75;0.01;SELL
2016-01-30T00:30:31.917000;2016-01-30T00:30:31.970000;33669b13-551f-43b0-a4ee-5088e13fe1a5;379.74;0.01;SELL
2016-01-30T00:30:31.917000;2016-01-30T00:30:32.000000;e8a56b15-43f2-4e35-aff5-ef870457af66;379.74;1.87;SELL
2016-01-30T00:30:31.917000;2016-01-30T00:30:32.000000;ba05f687-02e0-42bc-9072-38219edd9c36;379.58;0.70251;SELL
2016-01-30T00:31:01.990000;2016-01-30T00:31:02.017000;f4d282a8-b5aa-4451-8727-0e8ab37d37ff;380.07;0.344;BUY
2016-01-30T00:31:01.990000;2016-01-30T00:31:02.017000;d5b927a0-1079-4df3-b7d9-e72cfc71d715;380.1;0.04753;BUY
2016-01-30T00:31:31.237000;2016-01-30T00:31:31.250000;d6ffcdb1-1288-4273-8fa2-d8afbce8ceb7;380.06;4.02131;SELL
2016-01-30T00:31:35.347000;2016-01-30T00:31:35.360000;4ac492d6-3fd5-428b-bbc4-95cf84aa4b95;380.07;0.291;SELL
2016-01-30T00:32:01.840000;2016-01-30T00:32:01.843000;ff12ac3d-b9d9-423d-bd9e-4af8f8eb90b7;380.07;1.06692;BUY
2016-01-30T00:32:31.280000;2016-01-30T00:32:31.283000;30582e8c-1c66-4f30-875a-da44d7298a3d;380.07;0.01653;BUY
2016-01-30T00:32:51.693000;2016-01-30T00:32:51.703000;89913e92-2ab3-4ce4-9934-fbf3e20c0677;380.04;0.00039469;SELL
2016-01-30T00:33:01.397000;2016-01-30T00:33:01.407000;76a45cb1-8f87-4990-af5a-1b59208b9d6b;380.04;0.00960531;SELL
2016-01-30T00:33:01.397000;2016-01-30T00:33:01.423000;4812ce50-9dcc-4a55-84ab-eda854f5ee5d;380.03;0.084;SELL
2016-01-30T00:33:01.397000;2016-01-30T00:33:01.423000;30567d06-6999-4118-b2bf-7031a20e3975;380.0;0.01062182;SELL
2016-01-30T00:33:01.397000;2016-01-30T00:33:01.423000;490bbaba-1ba9-4a49-8b5f-deec0dd14fcf;380.0;0.123;SELL
2016-01-30T00:33:01.397000;2016-01-30T00:33:01.423000;224c4a05-bf84-4239-b5c7-9f6396e9a024;379.97;0.07133287;SELL
2016-01-30T00:33:04.480000;2016-01-30T00:33:04.487000;605a1e98-150e-4d33-854c-a28b34fd3d1c;380.0;0.00039473;SELL
2016-01-30T00:33:26.157000;2016-01-30T00:33:26.173000;864823ac-5c71-4b0d-923e-3dcee5b6058b;379.97;0.00070881;BUY
2016-01-30T00:33:31.377000;2016-01-30T00:33:31.393000;76243bc6-36a2-498b-85de-623275622b22;379.99;1.55438;BUY
2016-01-30T00:33:39.657000;2016-01-30T00:33:39.657000;23632599-c758-4e9f-aa0a-be3b91753755;379.89;0.00039485;SELL
2016-01-30T00:33:50.463000;2016-01-30T00:33:50.690000;4987a8c5-0cbf-4dc2-a3f5-ca3f1a90c488;379.97;0.00047254;BUY
2016-01-30T00:34:01.380000;2016-01-30T00:34:01.627000;8beb043c-44d9-4f4e-91f5-16e296665887;379.98;0.02093;BUY
2016-01-30T00:34:11.627000;2016-01-30T00:34:11.863000;36bab486-61dd-441c-9845-13d24df5b222;379.89;0.00039485;SELL
2016-01-30T00:34:28.637000;2016-01-30T00:34:28.863000;07170b83-464c-40f7-ae8b-939c6914e9a9;379.97;0.00039476;SELL
2016-01-30T00:34:29.157000;2016-01-30T00:34:29.393000;9b72c18a-6a13-4f92-a8eb-752c5f72598a;379.97;0.12975583;SELL
2016-01-30T00:34:31.260000;2016-01-30T00:34:31.473000;62889bd2-f70d-47ba-b0e4-a8fc29377ec6;379.98;0.70453;SELL
2016-01-30T00:34:35.000000;2016-01-30T00:34:35.223000;6690fe50-3848-4074-8a20-52649f2c6f2c;379.98;2.282;BUY
2016-01-30T00:34:42.060000;2016-01-30T00:34:42.283000;fee2127b-bacc-458b-8b5e-6e12974c4fe4;379.98;0.00070879;BUY
2016-01-30T00:34:49.287000;2016-01-30T00:34:49.520000;27385c2c-bf2d-4dc1-939e-f4c6f8dcc667;379.97;2.14;BUY
2016-01-30T00:34:54.363000;2016-01-30T00:34:54.580000;e6d2a6ab-0420-4ab6-b9b9-fb79d1c68d8b;379.97;2.058;BUY
2016-01-30T00:34:58.527000;2016-01-30T00:34:58.770000;4f161299-3d9c-495c-acfd-e624e499cd45;379.96;0.00092114;SELL
2016-01-30T00:35:01.303000;2016-01-30T00:35:01.550000;e10e7c01-1e02-4497-8c7f-732d46b2dfba;379.98;0.27;BUY
2016-01-30T00:35:01.303000;2016-01-30T00:35:01.550000;c4f5d0f9-54fc-49bf-bda0-b0703e87edd3;380.0;0.14;BUY
2016-01-30T00:35:01.303000;2016-01-30T00:35:01.550000;d6e38ad6-36e2-49b7-8fbe-603c2220a811;380.09;0.23;BUY
2016-01-30T00:35:01.303000;2016-01-30T00:35:01.550000;37553bba-c77a-48df-a02f-51fcdfa8cfa0;380.13;0.287;BUY
2016-01-30T00:35:01.303000;2016-01-30T00:35:01.550000;08485100-d653-4a09-b116-16258aff07ef;380.18;0.072;BUY
2016-01-30T00:35:01.307000;2016-01-30T00:35:01.550000;d62189b1-1fb0-414a-9382-53c65448ce8b;380.2;0.01;BUY
2016-01-30T00:35:01.307000;2016-01-30T00:35:01.550000;0d9fd3d0-15c7-4021-aeb8-29d9e849b2ff;380.21;0.077;BUY
2016-01-30T00:35:01.307000;2016-01-30T00:35:01.567000;98afc73f-0da3-46a1-b23b-e50704e04c2e;380.22;0.01;BUY
2016-01-30T00:35:01.307000;2016-01-30T00:35:01.567000;c3fbb380-8698-41df-9b60-019428d5f5b4;380.24;0.072;BUY
2016-01-30T00:35:01.307000;2016-01-30T00:35:01.567000;4c317a69-7a67-451c-a2c3-3b93c1ede11f;380.25;0.01062182;BUY
2016-01-30T00:35:01.307000;2016-01-30T00:35:01.567000;7f7a0af6-f627-43b0-8937-9cbf6166bc3d;380.28;0.12;BUY
2016-01-30T00:35:01.307000;2016-01-30T00:35:01.567000;dedf56ff-eb9d-4f88-ac79-e4ee357d94a4;380.29;0.59;BUY
2016-01-30T00:35:01.307000;2016-01-30T00:35:01.580000;ffea237a-8263-43cc-8afb-b1947a954b63;380.3;0.36;BUY
2016-01-30T00:35:01.307000;2016-01-30T00:35:01.580000;5467a151-c19f-4b99-8d1a-28df729a3ecb;380.31;0.15;BUY
2016-01-30T00:35:01.307000;2016-01-30T00:35:01.597000;0659ed79-6522-41b4-a08e-f2397f23ffe0;380.31;0.96;BUY
2016-01-30T00:35:01.307000;2016-01-30T00:35:01.597000;b8829f89-0e60-45fe-a51b-3c095ca97255;380.32;0.274;BUY
2016-01-30T00:35:01.307000;2016-01-30T00:35:01.613000;46ae80e6-9625-46eb-ac24-4d4ac4b0392a;380.32;1.2;BUY
2016-01-30T00:35:01.307000;2016-01-30T00:35:01.613000;56ba69c3-f188-46f7-a86a-8f288d329ce5;380.33;0.01;BUY
2016-01-30T00:35:01.307000;2016-01-30T00:35:01.613000;ee8c9b3d-0867-42ae-b1f8-6d6ea9f92602;380.33;1.92;BUY
2016-01-30T00:35:01.307000;2016-01-30T00:35:01.613000;3df55b7a-9a94-4dc9-990c-f13aa3cc1de9;380.34;0.01;BUY
2016-01-30T00:35:01.307000;2016-01-30T00:35:01.613000;25cf8ed6-28b3-4cdc-8276-6d2fe1ffc6a0;380.34;2.52;BUY
2016-01-30T00:35:01.310000;2016-01-30T00:35:01.613000;4202487c-cae8-4027-a299-e46195746497;380.35;0.293;BUY
2016-01-30T00:35:01.310000;2016-01-30T00:35:01.613000;1dbd5d1d-5f47-400a-a258-2bd02061a628;380.36;3.48;BUY
2016-01-30T00:35:01.310000;2016-01-30T00:35:01.613000;9a55ece8-d855-461a-8df1-b2082ae43b2c;380.37;0.60383818;BUY
2016-01-30T00:35:11.743000;2016-01-30T00:35:11.973000;d167a65b-8508-4394-87a2-1cd049e81e05;380.38;0.0009965;BUY
2016-01-30T00:35:31.247000;2016-01-30T00:35:31.457000;8e1c4b78-964a-4c80-930b-1c452c32049f;380.3;0.23613;BUY
2016-01-30T00:35:31.873000;2016-01-30T00:35:32.113000;8c352eff-3b52-4fa0-bc42-c17f6acd6198;380.26;0.3;SELL
2016-01-30T00:35:40.597000;2016-01-30T00:35:40.817000;66f93bc6-aaab-43ac-9ff3-dac38a0feccf;380.16;0.00328808;SELL
2016-01-30T00:36:01.307000;2016-01-30T00:36:01.533000;2e011be6-1f25-4466-ae12-ac67beef5806;380.19;0.20096;SELL
2016-01-30T00:36:31.233000;2016-01-30T00:36:31.457000;4f7b639c-1cbd-48f1-a318-5e9b268f81ec;380.36;0.638;BUY
2016-01-30T00:36:31.233000;2016-01-30T00:36:31.473000;0061eb67-4168-4883-b1e1-648d16e92cc3;380.38;1.21118;BUY
2016-01-30T00:37:01.280000;2016-01-30T00:37:01.503000;dff6e8b5-4713-4ce1-8480-6eef0e90370a;380.35;0.605;BUY
2016-01-30T00:37:01.280000;2016-01-30T00:37:01.503000;68c652de-473e-4fa7-b639-a89809fcd91b;380.37;0.566;BUY
2016-01-30T00:37:01.280000;2016-01-30T00:37:01.503000;40052394-5183-48ae-b0bc-313f4b508864;380.38;4.119;BUY
2016-01-30T00:37:01.280000;2016-01-30T00:37:01.533000;16ddfccb-ef65-4ea5-831b-e25c0389d114;380.38;0.35109;BUY
2016-01-30T00:37:32.163000;2016-01-30T00:37:32.380000;1f60c7f0-7208-4bcf-bd60-50e9c7267c9a;380.37;0.53387;BUY
2016-01-30T00:37:39.220000;2016-01-30T00:37:39.427000;fb18e811-8435-4da0-8908-f41f168ba2be;380.36;0.00262253;BUY
2016-01-30T00:37:59.730000;2016-01-30T00:37:59.940000;4c920a45-05f2-4ecf-a523-dda8daeab168;380.22;0.00284046;SELL
2016-01-30T00:38:01.373000;2016-01-30T00:38:01.580000;a41fe17e-14f8-4f16-b44b-3d948b7318a6;380.31;0.13998;BUY
2016-01-30T00:38:13.793000;2016-01-30T00:38:14.020000;337f265c-b270-4746-98fe-813fe12b72ec;380.31;0.00070817;BUY
2016-01-30T00:38:24.053000;2016-01-30T00:38:24.270000;35c18711-f20c-48cc-aea5-e9369f79d9f8;380.31;0.00262287;BUY
2016-01-30T00:38:31.317000;2016-01-30T00:38:31.533000;ab97b766-e8ed-4850-a822-1300fc85ccbb;380.16;0.26;SELL
2016-01-30T00:38:31.317000;2016-01-30T00:38:31.550000;6ae56001-12e5-4239-99f4-ea7ab9432c25;380.16;0.072;SELL
2016-01-30T00:38:31.317000;2016-01-30T00:38:31.550000;33485b66-f558-4c38-9861-3217f8b5cc7f;380.15;0.01;SELL
2016-01-30T00:38:31.320000;2016-01-30T00:38:31.550000;5d3e4215-7303-4149-89b2-174942e7cb05;380.15;0.221;SELL
2016-01-30T00:38:31.320000;2016-01-30T00:38:31.550000;d3c91734-4c36-460e-929e-3faf9a645571;380.14;0.127;SELL
2016-01-30T00:38:31.320000;2016-01-30T00:38:31.550000;39f519dc-af86-4c2e-b725-a52106320c1f;380.12;0.081;SELL
2016-01-30T00:38:31.320000;2016-01-30T00:38:31.550000;ad65e515-db10-49e7-893a-2703c8cf761d;380.09;0.108;SELL
2016-01-30T00:38:31.320000;2016-01-30T00:38:31.567000;5afa0753-7bcb-4733-98c8-7b1b667923ee;380.08;3.69674;SELL
2016-01-30T00:38:38.630000;2016-01-30T00:38:38.863000;8a893f71-96f1-4b12-963c-62ce7269dcca;380.02;0.3;SELL
2016-01-30T00:38:46.113000;2016-01-30T00:38:46.330000;6e623b41-caca-4ca6-9cd8-d801865265a9;380.1;0.00302551;SELL
2016-01-30T00:38:57.100000;2016-01-30T00:38:57.317000;ab5481eb-1e54-4f77-8581-e6148138bd34;380.14;0.6;SELL
2016-01-30T00:38:57.670000;2016-01-30T00:38:57.880000;4057ae08-4c2a-4e73-9595-b828e867c074;380.21;0.00039353;BUY
2016-01-30T00:39:01.270000;2016-01-30T00:39:01.503000;5d0bc971-753b-4ba5-9bcc-4f5430369099;380.37;0.3;BUY
2016-01-30T00:39:01.270000;2016-01-30T00:39:01.503000;d6dc715e-5ffc-4311-9862-7c8c984ba689;380.38;0.24;BUY
2016-01-30T00:39:01.270000;2016-01-30T00:39:01.503000;1db79950-101e-4341-902a-8cf54f8c95f6;380.39;2.12515;BUY
2016-01-30T00:39:06.290000;2016-01-30T00:39:06.503000;e0027ed3-f20f-4afe-9c12-e57fab593825;380.36;0.00262253;BUY
2016-01-30T00:39:20.597000;2016-01-30T00:39:20.800000;78ddc4e0-2c3a-4bee-a70f-f72b1cb693f5;380.3;0.00302392;SELL
2016-01-30T00:39:21.980000;2016-01-30T00:39:22.190000;3418179a-f214-4a65-97f0-29294224c785;380.35;0.59;BUY
2016-01-30T00:39:21.980000;2016-01-30T00:39:22.207000;caa7aa33-1637-4f06-a1cf-a983e01d6c46;380.36;0.248;BUY
2016-01-30T00:39:21.980000;2016-01-30T00:39:22.207000;0c0ae26a-3037-43a4-a9af-c8ebda754af7;380.39;0.31;BUY
2016-01-30T00:39:21.980000;2016-01-30T00:39:22.207000;f7462910-7902-4ed6-ad56-0e335b057f21;380.4;0.28;BUY
2016-01-30T00:39:25.287000;2016-01-30T00:39:25.503000;036dc4f6-38b0-4bd6-b11e-584c2291729c;380.4;0.15;BUY
2016-01-30T00:39:31.237000;2016-01-30T00:39:31.457000;a57786de-8341-4981-b13e-7321c4a4afeb;380.33;0.07276;SELL
2016-01-30T00:39:33.890000;2016-01-30T00:39:34.113000;dcecde67-51da-4c61-bd9a-a1ba5d024113;380.33;0.137;SELL
2016-01-30T00:39:36.073000;2016-01-30T00:39:36.283000;da8ede6b-6956-42c4-a583-7952374e069c;380.4;0.00049822;BUY
2016-01-30T00:39:44.220000;2016-01-30T00:39:44.427000;978aae0a-76ba-44f6-9118-456afcfb8d55;380.39;0.00262232;BUY
2016-01-30T00:39:56.003000;2016-01-30T00:39:56.237000;00bebadc-901a-480e-b85e-1f4f070de71d;380.28;0.21;BUY
2016-01-30T00:39:56.003000;2016-01-30T00:39:56.237000;02498cc0-1cb5-44c5-857e-e6ae22865497;380.29;1.845;BUY
2016-01-30T00:40:14.617000;2016-01-30T00:40:14.830000;00b7082d-cfc5-45b1-b53f-5d00ed5fa040;380.24;0.00341889;SELL
2016-01-30T00:40:31.240000;2016-01-30T00:40:31.440000;77aa9055-34c6-4176-be88-94ac77ecc48f;380.24;1.64685;BUY
2016-01-30T00:40:32.607000;2016-01-30T00:40:32.817000;fa616098-c60f-479c-b759-a1046d02e516;380.26;0.00062957;BUY
2016-01-30T00:40:41.877000;2016-01-30T00:40:42.080000;6d0f7473-0772-4d92-89a0-c4e964b9d313;380.16;0.00262391;BUY
2016-01-30T00:40:41.957000;2016-01-30T00:40:42.160000;a90fa5cf-0102-4992-beac-cea820b66a2f;380.16;0.093;BUY
2016-01-30T00:40:47.907000;2016-01-30T00:40:48.113000;37616585-af88-4298-b433-45b3739d4cb0;380.15;0.104;BUY
2016-01-30T00:40:55.137000;2016-01-30T00:40:55.363000;538e1338-c166-4ac5-9471-8c287a82ae2c;380.15;0.51;BUY
2016-01-30T00:40:59.847000;2016-01-30T00:41:00.050000;3f8109c2-5d27-4121-b1b4-423d2b3b22c3;380.14;0.0030252;SELL
2016-01-30T00:41:01.353000;2016-01-30T00:41:01.567000;83afd0cb-cf97-4c11-89cc-9852acbace5a;380.15;0.13529;BUY
2016-01-30T00:41:11.503000;2016-01-30T00:41:11.707000;c6925be2-a098-41c8-838e-880fc2a7b9eb;380.15;1.931;BUY
2016-01-30T00:41:11.930000;2016-01-30T00:41:12.130000;9d432eaf-c0e7-43d5-9317-49696ff207b1;380.15;0.00055103;BUY
2016-01-30T00:41:20.657000;2016-01-30T00:41:20.863000;e983300a-7ba9-41c9-b3e5-0e66e3605c94;380.15;0.00262398;BUY
2016-01-30T00:41:32.227000;2016-01-30T00:41:32.440000;41099192-e2a9-4fd4-9a6a-ea9532c6d5e7;380.15;0.64702;BUY
2016-01-30T00:41:35.513000;2016-01-30T00:41:35.723000;836b5a80-bd98-4003-9331-3273caba465f;380.14;6.5764;SELL
2016-01-30T00:41:40.577000;2016-01-30T00:41:40.783000;3d69d026-a414-4b00-bd93-0ebbf3f088b0;380.13;0.00302528;SELL
2016-01-30T00:42:01.303000;2016-01-30T00:42:01.503000;faa5d3f6-7d4d-4788-8f98-d3f304b5d5ba;380.15;0.2;SELL
2016-01-30T00:42:01.303000;2016-01-30T00:42:01.520000;57ffc1ae-6cbf-4401-afd1-7f404fb80d16;380.15;3.71;SELL
2016-01-30T00:42:01.303000;2016-01-30T00:42:01.520000;52ccc781-ef62-4e28-ba67-7cb1d4a2bc60;380.13;0.00697472;SELL
2016-01-30T00:42:01.303000;2016-01-30T00:42:01.520000;e5bd472c-9ad2-4c3e-8e28-bdcde0b4980b;380.12;0.095;SELL
2016-01-30T00:42:01.303000;2016-01-30T00:42:01.520000;1e394736-a821-486b-9975-3d5ce0bf494a;380.1;0.128;SELL
2016-01-30T00:42:01.307000;2016-01-30T00:42:01.520000;6e92cef5-9fe6-4933-b12d-2005cc9ebce4;380.05;2.078;SELL
2016-01-30T00:42:01.307000;2016-01-30T00:42:01.520000;98256fcc-af0a-4036-bf82-13d63bd05732;380.04;0.83252528;SELL
2016-01-30T00:42:03.473000;2016-01-30T00:42:03.677000;dc9f5032-3be0-4b7f-9657-9f261bf1d11e;380.14;0.203;SELL
2016-01-30T00:42:18.723000;2016-01-30T00:42:18.940000;e2126e95-6d43-48d4-a3c2-1197108cd1eb;380.3;0.00262294;BUY
2016-01-30T00:42:31.283000;2016-01-30T00:42:31.487000;d7a51ea6-90d4-4640-b6cf-f7c97cbce681;380.15;1.2;SELL
2016-01-30T00:42:31.283000;2016-01-30T00:42:31.487000;14728cd4-5d5f-4b49-aa0f-e4740d3f7fc4;380.14;0.00871;SELL
2016-01-30T00:42:35.747000;2016-01-30T00:42:35.940000;2b401c9d-d4fc-496b-9a9c-2555b04b7735;380.04;5.262e-05;SELL
2016-01-30T00:42:44.667000;2016-01-30T00:42:44.880000;715115a8-f8c6-4023-a186-41e18d9934cc;380.31;0.00010919;BUY
2016-01-30T00:42:46.750000;2016-01-30T00:42:46.957000;e457eb53-96f9-475e-bf36-2ddece4e6f4c;380.15;0.0030106;SELL
2016-01-30T00:43:01.410000;2016-01-30T00:43:01.630000;603e27ca-3eb7-46ce-a6a4-57bb994b9373;380.15;0.397;SELL
2016-01-30T00:43:01.410000;2016-01-30T00:43:01.630000;627e13de-b1b2-4849-b1d6-5799eb27ec18;380.12;0.02;SELL
2016-01-30T00:43:01.410000;2016-01-30T00:43:01.630000;7643593b-6b70-49c5-afaa-2aaf97650352;380.11;0.02;SELL
2016-01-30T00:43:01.413000;2016-01-30T00:43:01.630000;f1cf1533-a091-4234-9b83-2ba3ff0a0ae3;380.04;0.30103;SELL
2016-01-30T00:43:07.430000;2016-01-30T00:43:07.630000;9791938c-5cc6-4270-9b49-94be7b44d76c;380.36;0.00338306;BUY
2016-01-30T00:43:32.880000;2016-01-30T00:43:33.083000;f8d817fa-6334-4a7f-8306-2d74aa427f31;380.3;0.24;BUY
2016-01-30T00:43:32.880000;2016-01-30T00:43:33.083000;9f1a51a2-deb0-4361-a138-35f8f2927f52;380.34;0.994;BUY
2016-01-30T00:43:32.880000;2016-01-30T00:43:33.113000;83941ffb-b8e8-4b06-9705-08b34aa7d61a;380.4;2.06255;BUY
2016-01-30T00:43:38.040000;2016-01-30T00:43:38.237000;22035de3-571b-4f7d-95da-63b56113b60f;380.18;0.00338306;SELL
2016-01-30T00:44:01.573000;2016-01-30T00:44:01.770000;0bb94836-c3de-4448-95e9-1db9af1c3900;380.37;0.39475;BUY
2016-01-30T00:44:31.237000;2016-01-30T00:44:31.440000;db4f51a9-9fd9-425e-bde0-6519bf9b481e;380.35;0.50248;BUY
2016-01-30T00:45:01.530000;2016-01-30T00:45:01.737000;794c2fc3-e973-48e0-8bd1-7781d5bddc3a;380.39;0.17377;BUY
2016-01-30T00:45:13.007000;2016-01-30T00:45:13.207000;3044cbc8-e3d0-4e2c-9f1f-f148d067c2ea;380.34;0.01;SELL
2016-01-30T00:45:31.287000;2016-01-30T00:45:31.487000;d2c6413f-a251-4cdc-97d5-1972360a7e8b;380.39;0.02623;BUY
2016-01-30T00:45:31.287000;2016-01-30T00:45:31.487000;c2af599f-aa6a-4aa3-8cc1-8508de56fd72;380.4;0.21276413;BUY
2016-01-30T00:45:31.287000;2016-01-30T00:45:31.487000;d44a82f6-1067-4e0b-bd6a-1ab0b35fb6ec;380.43;0.01;BUY
2016-01-30T00:45:31.287000;2016-01-30T00:45:31.487000;5c45c268-da55-409f-9993-3062195dc99b;380.43;0.01;BUY
2016-01-30T00:45:31.287000;2016-01-30T00:45:31.487000;29724b68-f1bd-4091-a68c-8fc543812fb3;380.43;1.0;BUY
2016-01-30T00:45:31.287000;2016-01-30T00:45:31.503000;30b32441-ca3d-4f95-9820-eee001618d46;380.44;0.01;BUY
2016-01-30T00:45:31.287000;2016-01-30T00:45:31.503000;43e7b3a1-9fac-44aa-876e-a4580caf06af;380.44;0.01;BUY
2016-01-30T00:45:31.287000;2016-01-30T00:45:31.503000;ec1b7d81-c558-4f4d-a825-4373567d8106;380.45;0.01;BUY
2016-01-30T00:45:31.287000;2016-01-30T00:45:31.503000;eb70dcb7-17ab-4a8d-9994-126923238621;380.45;0.01;BUY
2016-01-30T00:45:31.287000;2016-01-30T00:45:31.503000;780d40f5-6478-45b9-9546-f1e0ed9d6847;380.47;0.01;BUY
2016-01-30T00:45:31.287000;2016-01-30T00:45:31.503000;ff25198e-3b4a-4d3c-9ece-9e94cb85d30b;380.48;0.01;BUY
2016-01-30T00:45:31.287000;2016-01-30T00:45:31.503000;66912451-c5ab-4e54-95c8-e25a3bda9fbc;380.48;0.01;BUY
2016-01-30T00:45:31.287000;2016-01-30T00:45:31.503000;451eac42-deb1-45c7-8821-2571b0bbbdc6;380.49;0.01;BUY
2016-01-30T00:45:31.287000;2016-01-30T00:45:31.520000;08c29a00-37b8-470d-a7b4-f7f8971f7347;380.5;0.01060069;BUY
2016-01-30T00:45:31.287000;2016-01-30T00:45:31.520000;8b3d52f0-a9b3-4ed7-b96b-debe63fdbfb7;380.5;0.03440479;BUY
2016-01-30T00:45:31.287000;2016-01-30T00:45:31.520000;aa972931-c98b-4c6f-946a-b506dfd01e14;380.55;0.01;BUY
2016-01-30T00:45:31.290000;2016-01-30T00:45:31.520000;a286ab1a-e53d-4298-abbe-58953cddf442;380.55;0.01045581;BUY
2016-01-30T00:45:31.290000;2016-01-30T00:45:31.520000;d420078c-7a35-49b9-9e94-fede2732ca9a;380.56;1.28019458;BUY
2016-01-30T00:46:02.920000;2016-01-30T00:46:03.113000;da6235e8-60e5-4b64-a3ad-98b7c36724c2;380.4;0.05;SELL
2016-01-30T00:46:31.247000;2016-01-30T00:46:31.457000;27eb44e1-1b4b-4526-aba9-1689a7eb3b4f;380.29;0.13792;SELL
2016-01-30T00:47:01.283000;2016-01-30T00:47:01.473000;c191c101-d41b-44ae-99b9-7878a06d95ec;380.5;0.0428;BUY
2016-01-30T00:47:31.270000;2016-01-30T00:47:31.473000;52854178-1b03-49ad-86f4-5ca4d7c69c39;380.56;1.12165;BUY
2016-01-30T00:48:01.533000;2016-01-30T00:48:01.723000;c50d2494-66ca-46cc-a6cb-bc0349cf650e;380.45;0.32;SELL
2016-01-30T00:48:01.533000;2016-01-30T00:48:01.737000;715d0582-bba6-4d02-a3ed-49419a904e43;380.39;0.33;SELL
2016-01-30T00:48:01.533000;2016-01-30T00:48:01.737000;221e485c-e3d5-4e40-a2ad-2bab74d07d80;380.33;0.84;SELL
2016-01-30T00:48:01.533000;2016-01-30T00:48:01.737000;d738669a-a153-487d-a976-5565142750c1;380.32;1.99;SELL
2016-01-30T00:48:01.533000;2016-01-30T00:48:01.737000;1c6a98a9-26eb-4d3c-8d79-5c914e0efb26;380.27;0.01;SELL
2016-01-30T00:48:01.533000;2016-01-30T00:48:01.737000;69a8a92f-2ea3-4188-8eef-53aaa1be3920;380.19;1.16572;SELL
2016-01-30T00:48:31.333000;2016-01-30T00:48:31.520000;65b44ef1-76b9-484b-86a3-68b333c34049;380.26;1.61;SELL
2016-01-30T00:48:31.333000;2016-01-30T00:48:31.550000;f8812802-1f42-4671-9ca7-4a174b3aa684;380.25;0.01061384;SELL
2016-01-30T00:48:31.333000;2016-01-30T00:48:31.550000;99ee8495-ee21-46b3-99eb-2cc44543edb7;380.18;0.01;SELL
2016-01-30T00:48:31.333000;2016-01-30T00:48:31.550000;b97eacd7-c688-4299-8028-8193cb5e8dbe;380.18;0.01;SELL
2016-01-30T00:48:31.333000;2016-01-30T00:48:31.550000;b7b4e039-af6b-4696-a55e-d3f1216346de;380.18;0.01;SELL
2016-01-30T00:48:31.333000;2016-01-30T00:48:31.630000;19d52002-cb3d-463a-84ba-a0d99fa48f66;380.17;0.01;SELL
2016-01-30T00:48:31.333000;2016-01-30T00:48:31.630000;ed1b875c-3e65-4566-9186-25d32e1b5e04;380.17;0.01;SELL
2016-01-30T00:48:31.333000;2016-01-30T00:48:31.630000;98568e02-b12e-41ef-be12-ed7d61368f75;380.17;0.01;SELL
2016-01-30T00:48:31.333000;2016-01-30T00:48:31.630000;b5019cad-f248-428c-82f5-6c3f24e9a4ed;380.16;0.01;SELL
2016-01-30T00:48:31.333000;2016-01-30T00:48:31.630000;0805b9d8-40c4-4816-87d4-fe2930495225;380.16;0.01;SELL
2016-01-30T00:48:31.333000;2016-01-30T00:48:31.630000;dacc9a40-39ff-41c6-b05a-2ac52b3c7e9f;380.12;0.01;SELL
2016-01-30T00:48:31.333000;2016-01-30T00:48:31.630000;3464369b-90ea-4e83-9609-8bd2e527a399;380.03;0.87996616;SELL
2016-01-30T00:49:54.350000;2016-01-30T00:49:54.387000;4b35dd41-0c1d-43e9-b23d-13ba86c2aa3d;380.29;0.0288;BUY
2016-01-30T00:50:01.313000;2016-01-30T00:50:01.353000;6ac93629-0e4d-4cfe-a2bf-779bfc8ec5e1;380.28;0.15677;SELL
2016-01-30T00:50:10.353000;2016-01-30T00:50:10.387000;9626f7ac-574b-4556-a621-cfa3ea5d2b16;380.3;0.1372;SELL
2016-01-30T00:50:31.367000;2016-01-30T00:50:31.400000;369ad8cf-e4bb-47ef-99bd-a27969170f81;380.35;0.104;BUY
2016-01-30T00:50:31.367000;2016-01-30T00:50:31.417000;9307c9d1-80d0-4f95-8232-b63c34491fff;380.35;0.33506;BUY
2016-01-30T00:50:41.717000;2016-01-30T00:50:41.743000;5fde9018-803f-4a11-9a89-08b5d0b74813;380.36;0.01;BUY
2016-01-30T00:50:41.717000;2016-01-30T00:50:41.760000;51ceab73-244b-4cfe-a89e-a39117f722d2;380.36;0.01;BUY
2016-01-30T00:50:41.717000;2016-01-30T00:50:41.760000;259265c0-71d7-4f94-a077-f939fecc62d5;380.36;0.078;BUY
2016-01-30T00:50:41.720000;2016-01-30T00:50:41.760000;92522be4-0d43-4091-b662-d0362c6571fe;380.36;0.462;BUY
2016-01-30T00:51:01.370000;2016-01-30T00:51:01.400000;7340b040-ff06-49c8-9617-c821677664d4;380.36;0.058;BUY
2016-01-30T00:51:01.370000;2016-01-30T00:51:01.417000;31e8eb5e-7041-4483-a58f-443eaa49b2ad;380.36;3.46456;BUY
2016-01-30T00:51:51.920000;2016-01-30T00:51:51.963000;89eac997-6f49-494e-b434-a793e5477609;380.37;0.01;BUY
2016-01-30T00:51:51.920000;2016-01-30T00:51:51.980000;3c19c473-e50b-4546-8318-1e97ad85e03c;380.37;0.01;BUY
2016-01-30T00:51:51.920000;2016-01-30T00:51:51.980000;35dc30b1-e986-4432-ac23-c02c5986fdcf;380.37;0.046;BUY
2016-01-30T00:51:51.920000;2016-01-30T00:51:51.980000;14b41ee3-98ed-4331-9047-5669c8a7d4c0;380.37;0.024;BUY
2016-01-30T00:51:55.113000;2016-01-30T00:51:55.137000;4e90456b-aff8-47aa-8f55-7d9bcb39d6a3;380.37;0.033;SELL
2016-01-30T00:52:00.077000;2016-01-30T00:52:00.103000;1a561356-1cb7-44fb-a292-8bf907e96dca;380.37;1.593;BUY
2016-01-30T00:52:46.247000;2016-01-30T00:52:46.277000;9bb131b0-b22f-4ed3-a4db-91ef06d138fd;380.33;0.091;SELL
2016-01-30T00:53:01.247000;2016-01-30T00:53:01.277000;6982aba7-afcb-42b9-b980-394a32e4b279;380.32;1.8;BUY
2016-01-30T00:53:01.283000;2016-01-30T00:53:01.323000;29afbac0-5631-46e2-bba2-2d9ac9d257d4;380.32;0.3086;BUY
2016-01-30T00:53:31.307000;2016-01-30T00:53:31.337000;85ef83b7-707a-4757-8d25-b2f61c004027;380.32;0.3501;BUY
2016-01-30T00:53:34.820000;2016-01-30T00:53:34.853000;11d45f59-45e5-4771-af87-099b2f4453a1;380.33;0.168;BUY
2016-01-30T00:53:34.820000;2016-01-30T00:53:34.853000;39b9ee7d-583e-40b1-a0a6-67e973ce43db;380.38;0.719;BUY
2016-01-30T00:53:34.820000;2016-01-30T00:53:34.853000;d534ccca-c3bf-48fc-ba48-35b7fca1b9ec;380.39;0.01;BUY
2016-01-30T00:53:34.820000;2016-01-30T00:53:34.870000;16035718-9a5e-4ac1-bc51-3633a9dd5191;380.4;0.01;BUY
2016-01-30T00:53:34.820000;2016-01-30T00:53:34.870000;11fbb10e-5682-4690-bf94-333d96b37318;380.4;0.01;BUY
2016-01-30T00:53:34.820000;2016-01-30T00:53:34.870000;a8096971-638a-4c1d-aee9-fb8e43afc739;380.41;0.01;BUY
2016-01-30T00:53:34.820000;2016-01-30T00:53:34.870000;9e1cce8b-271a-4b32-8931-88a8ab40277e;380.41;0.607;BUY
2016-01-30T00:53:34.820000;2016-01-30T00:53:34.870000;f8f27ca5-8c3d-4948-b667-b2d82bd18bae;380.43;0.186;BUY
2016-01-30T00:53:34.820000;2016-01-30T00:53:34.870000;456d79a0-439a-455d-be63-7cceb0392a34;380.5;0.01061384;BUY
2016-01-30T00:53:34.820000;2016-01-30T00:53:34.870000;87f37b92-9337-448b-a5b1-9b99fe19c7ed;380.5;0.1;BUY
2016-01-30T00:53:34.820000;2016-01-30T00:53:34.870000;697dfa36-f791-4f79-a15f-76bce713c1e7;380.52;1.057;BUY
2016-01-30T00:53:34.820000;2016-01-30T00:53:34.900000;3b7e235d-167d-4356-aa69-2583ec8898f4;380.53;1.02;BUY
2016-01-30T00:53:34.820000;2016-01-30T00:53:34.900000;394abbef-1175-4d00-9505-c16a30199f50;380.57;0.01;BUY
2016-01-30T00:53:34.820000;2016-01-30T00:53:34.900000;5d71e54f-a54d-458d-bff5-2d0f28a6a364;380.58;0.01;BUY
2016-01-30T00:53:34.820000;2016-01-30T00:53:34.917000;8bb7980e-f5b9-4ab0-9464-a33a9b69de52;380.58;0.01;BUY
2016-01-30T00:53:34.823000;2016-01-30T00:53:34.917000;bc52934f-f3a3-46f4-a2d3-c22fbf084f85;380.6;0.01;BUY
2016-01-30T00:53:34.823000;2016-01-30T00:53:34.917000;6e56fba6-ffe1-4455-9f07-31c699758327;380.6;0.96;BUY
2016-01-30T00:53:34.823000;2016-01-30T00:53:34.917000;48f27ed9-3df4-4fe3-870e-4c9cff24ee19;380.61;0.01;BUY
2016-01-30T00:53:34.823000;2016-01-30T00:53:34.917000;f79fec37-e8a6-4277-9c32-cd99e4314094;380.61;0.01;BUY
2016-01-30T00:53:34.823000;2016-01-30T00:53:34.917000;5d29a057-4ca1-4530-8ed6-32fc09fced71;380.61;1.0;BUY
2016-01-30T00:53:34.823000;2016-01-30T00:53:34.917000;e351198f-3f83-41af-8cff-280e1d565151;380.61;1.016;BUY
2016-01-30T00:53:34.823000;2016-01-30T00:53:34.917000;b0411ef4-f360-4f33-af2b-9cf9088fa4cc;380.63;0.38343644;BUY
2016-01-30T00:53:34.823000;2016-01-30T00:53:34.933000;ffc6a22c-774f-4af9-bdf3-c983772def2d;380.63;0.01;BUY
2016-01-30T00:53:34.823000;2016-01-30T00:53:34.933000;4e3f150a-2b82-46be-bbb6-d4e1b973ae32;380.63;3.24;BUY
2016-01-30T00:53:34.823000;2016-01-30T00:53:34.933000;0864cc4f-447f-4ae9-a63f-1b03ceeef477;380.64;0.02;BUY
2016-01-30T00:53:34.823000;2016-01-30T00:53:34.933000;6116a212-f653-4a44-b22d-61fc7e53ae8b;380.64;1.0;BUY
2016-01-30T00:53:34.823000;2016-01-30T00:53:34.933000;c7539b0d-1174-4fbb-9669-522f2373226d;380.64;1.004;BUY
2016-01-30T00:53:34.823000;2016-01-30T00:53:34.933000;523089a8-5417-4e76-b2d9-d9f30eb9b88e;380.67;0.46409062;BUY
2016-01-30T00:54:01.427000;2016-01-30T00:54:01.447000;ea635982-e469-4658-9c68-0d4f498869ae;380.57;0.27127;BUY
2016-01-30T00:54:32.493000;2016-01-30T00:54:32.510000;e014167c-a4a1-4218-b882-9a52b34877ff;380.46;0.01;SELL
2016-01-30T00:54:32.493000;2016-01-30T00:54:32.527000;e6d78357-d323-4332-b751-00a71ec25c4c;380.44;0.02423;SELL
2016-01-30T00:55:01.513000;2016-01-30T00:55:01.527000;bd5861d8-9a93-461d-addb-7cd2d49baf9b;380.54;1.6019;BUY
2016-01-30T00:56:01.313000;2016-01-30T00:56:01.323000;be99a715-7967-412f-af4a-900e88e0016a;380.54;0.37;SELL
2016-01-30T00:56:01.313000;2016-01-30T00:56:01.353000;0cb7f0db-9b17-4059-a8d0-07c79613c0c6;380.49;0.141;SELL
2016-01-30T00:56:01.313000;2016-01-30T00:56:01.353000;c9c76d82-7f76-4151-84b3-3d8ca889dfa9;380.43;0.125;SELL
2016-01-30T00:56:01.313000;2016-01-30T00:56:01.353000;0e86874d-d872-45c4-9b25-ee4473f76818;380.4;0.12;SELL
2016-01-30T00:56:01.313000;2016-01-30T00:56:01.353000;2e376176-432c-4652-9846-e5eeb8c1a3ef;380.39;0.18571;SELL
2016-01-30T00:57:01.497000;2016-01-30T00:57:01.510000;9a19df84-52c2-496a-ab73-ca7aede8cf88;380.55;0.33102;BUY
2016-01-30T00:57:32.617000;2016-01-30T00:57:32.637000;1d203c03-f649-42b5-9d74-3fd109f7f057;380.54;0.01;SELL
2016-01-30T00:57:32.617000;2016-01-30T00:57:32.650000;14161a24-d773-45ca-ad06-fec3ff5dbb4a;380.46;0.29367;SELL
2016-01-30T00:58:01.397000;2016-01-30T00:58:01.400000;1192292f-954d-4962-be5c-2c3073327366;380.48;0.05454;BUY
2016-01-30T00:58:31.357000;2016-01-30T00:58:31.370000;1f9e0514-0188-4c6b-a06c-9c1f3301040c;380.56;0.64;BUY
2016-01-30T00:58:31.357000;2016-01-30T00:58:31.400000;d69d7048-d789-45e1-a44d-40660d13a0d9;380.57;0.334;BUY
2016-01-30T00:58:31.357000;2016-01-30T00:58:31.400000;42e84838-9450-464d-82fa-07ea95d7044c;380.58;0.38;BUY
2016-01-30T00:58:31.357000;2016-01-30T00:58:31.417000;cab08fc8-d201-4dbb-8522-99a6b2f44321;380.61;0.321;BUY
2016-01-30T00:58:31.357000;2016-01-30T00:58:31.417000;6b2c558e-eb87-416d-af94-48aa0e688131;380.64;0.01;BUY
2016-01-30T00:58:31.357000;2016-01-30T00:58:31.417000;608d4a8b-2ad6-4002-94cd-0f2e165262e3;380.64;0.025;BUY
2016-01-30T00:58:31.357000;2016-01-30T00:58:31.417000;62141318-436b-43f1-81c3-735779ad7ffa;380.64;0.311;BUY
2016-01-30T00:58:31.357000;2016-01-30T00:58:31.417000;0591841c-9a62-4b0d-bf99-fa16ea8a544d;380.67;0.06445;BUY
2016-01-30T00:59:01.390000;2016-01-30T00:59:01.400000;7710fc07-7536-4100-aa8e-fc4b66838b30;380.49;0.01;SELL
2016-01-30T00:59:01.390000;2016-01-30T00:59:01.400000;d95e2a90-0e7d-445f-9756-ab1de6f82777;380.48;0.12;SELL
2016-01-30T00:59:01.390000;2016-01-30T00:59:01.433000;0d10efea-88bd-4b6b-a3ae-6407a8f0b0e2;380.47;0.31;SELL
2016-01-30T00:59:01.390000;2016-01-30T00:59:01.433000;0133b0a4-695f-4faf-b3b5-deca7bb8f5c8;380.46;0.13873;SELL
2016-01-30T00:59:31.307000;2016-01-30T00:59:31.323000;3c3db5cd-9e82-450f-bfae-a43de94bf5c7;380.67;0.01;BUY
2016-01-30T00:59:31.310000;2016-01-30T00:59:31.323000;dc75e304-4b9a-4b2d-9472-fd020a85288c;380.68;0.04942;BUY
2016-01-30T01:00:01.480000;2016-01-30T01:00:01.493000;9fcd7226-75c9-43e8-a6d2-40e433b80ade;380.68;0.00058;BUY
2016-01-30T01:00:01.483000;2016-01-30T01:00:01.493000;a1ea1a21-9fb9-4c3c-8c74-ed22f07b85fb;380.73;0.01;BUY
2016-01-30T01:00:01.483000;2016-01-30T01:00:01.493000;c840cb9a-4f4b-4094-a69a-99521faa4700;380.75;0.01060069;BUY
2016-01-30T01:00:01.483000;2016-01-30T01:00:01.510000;5b674922-de57-486a-9540-b5a962411e31;380.75;0.01;BUY
2016-01-30T01:00:01.483000;2016-01-30T01:00:01.510000;cc735960-cd39-4f7a-94d3-299faba29ae4;380.76;0.01;BUY
2016-01-30T01:00:01.483000;2016-01-30T01:00:01.510000;650e4e52-1cee-4de9-ac91-8f7c2ed5c2e0;380.79;0.7;BUY
2016-01-30T01:00:01.483000;2016-01-30T01:00:01.510000;f2dfd3d7-1842-4202-a40f-9ce3bb478d0f;380.8;0.4;BUY
2016-01-30T01:00:01.483000;2016-01-30T01:00:01.510000;dc4d356c-f13c-4bd0-85bc-f964d72a030b;380.85;0.01;BUY
2016-01-30T01:00:01.483000;2016-01-30T01:00:01.527000;c2a27c77-fab8-48c8-a76e-2f3dcf1b8ece;380.85;0.01;BUY
2016-01-30T01:00:01.483000;2016-01-30T01:00:01.527000;d4531a7b-270b-4b5a-95c0-f00b10dd5591;380.86;0.01;BUY
2016-01-30T01:00:01.483000;2016-01-30T01:00:01.540000;1fcb1536-4165-4a77-9ad4-a0dad2459173;380.86;0.01;BUY
2016-01-30T01:00:01.483000;2016-01-30T01:00:01.540000;544bf47e-587a-4db9-812d-8c42a33e1a37;380.86;0.01;BUY
2016-01-30T01:00:01.483000;2016-01-30T01:00:01.540000;d70d6dee-5b45-4206-8a3f-5c1d8115816e;380.86;0.22260929;BUY
2016-01-30T01:00:01.483000;2016-01-30T01:00:01.540000;02f3c6bc-fe93-4d9c-a1cb-d54983d12b9e;380.86;0.091;BUY
2016-01-30T01:00:01.483000;2016-01-30T01:00:01.540000;17ce349f-37d2-40a5-8d28-ce52120214bc;380.87;0.01;BUY
2016-01-30T01:00:01.483000;2016-01-30T01:00:01.557000;700dd78f-e172-4901-abb2-e455fe962cb2;380.87;0.01;BUY
2016-01-30T01:00:01.483000;2016-01-30T01:00:01.557000;ebbf62e7-0dc7-47f8-b5cb-cc3926c8c960;380.87;0.01;BUY
2016-01-30T01:00:01.483000;2016-01-30T01:00:01.557000;fa3dd4e1-1b12-4cd2-b27b-c2028e2add8d;380.88;0.01;BUY
2016-01-30T01:00:01.483000;2016-01-30T01:00:01.557000;958f975f-5219-45e5-8aed-df4253a89426;380.88;0.01;BUY
2016-01-30T01:00:01.483000;2016-01-30T01:00:01.557000;9418f7b1-2a49-4c6a-8d37-0d61d977c4c3;380.88;1.11399002;BUY
2016-01-30T01:00:31.467000;2016-01-30T01:00:31.493000;3edce114-b099-4be1-94c5-518ffb2cb0ea;380.88;0.26157;BUY
2016-01-30T01:01:31.350000;2016-01-30T01:01:31.353000;a26348b4-5909-42ed-b41c-a547ff337fd4;380.89;0.01;BUY
2016-01-30T01:01:31.350000;2016-01-30T01:01:31.370000;0afc7e57-b9e9-4e1f-a6df-cbf0a8e26243;380.9;0.01;BUY
2016-01-30T01:01:31.350000;2016-01-30T01:01:31.370000;ca8b3d6a-f3cf-4b99-9ede-82a081785df2;380.95;0.89165;BUY
2016-01-30T01:02:01.400000;2016-01-30T01:02:01.417000;fd2e4492-ab66-4993-934d-e37e76ecd995;380.95;0.19711;BUY
2016-01-30T01:02:08.763000;2016-01-30T01:02:08.760000;2d1a4076-338e-4392-be16-a022620eb534;380.94;1.67;SELL
2016-01-30T01:02:09.807000;2016-01-30T01:02:09.807000;ec083f10-5b8a-4637-9d4c-fd7b9ff90d34;380.94;0.229;SELL
2016-01-30T01:02:09.807000;2016-01-30T01:02:09.823000;9476f023-2be4-434f-8c73-4fe467dda300;380.94;1.441;SELL
2016-01-30T01:02:16.477000;2016-01-30T01:02:16.480000;b2f5d03c-7dc5-4847-a84d-ccf141801373;380.94;1.67;SELL
2016-01-30T01:02:23.907000;2016-01-30T01:02:23.900000;23135994-d320-45d1-b609-2fb1298d49f4;380.94;1.67;SELL
2016-01-30T01:02:31.510000;2016-01-30T01:02:31.510000;ff9f3f5b-761c-4db9-9e75-64644ac60beb;380.95;0.78135;BUY
2016-01-30T01:02:32.873000;2016-01-30T01:02:32.887000;619f1857-0e8d-47cd-8ae1-7c1244b84d9c;380.94;1.67;SELL
2016-01-30T01:02:36.380000;2016-01-30T01:02:36.387000;c4b1498e-d030-478f-a687-e83560683aac;380.94;1.67;SELL
2016-01-30T01:02:37.787000;2016-01-30T01:02:37.793000;f3fc310d-0a21-4719-89c2-3096d429547c;380.94;1.67;SELL
2016-01-30T01:02:50.437000;2016-01-30T01:02:50.433000;e0c5f28a-0ccf-4b29-8e3a-e9ac16a4e56e;380.94;1.67;SELL
2016-01-30T01:03:01.387000;2016-01-30T01:03:01.400000;67cec09a-fad3-4722-a6f3-24765666971c;380.94;0.34;BUY
2016-01-30T01:03:01.387000;2016-01-30T01:03:01.400000;6c96fad3-c590-4ee3-9157-ca19c6e51c5d;380.95;0.42989;BUY
2016-01-30T01:03:01.387000;2016-01-30T01:03:01.400000;6681a970-6933-40da-abc7-15e3a899fb65;380.95;0.093;BUY
2016-01-30T01:03:01.387000;2016-01-30T01:03:01.417000;c9f289fe-814b-4d47-9c41-733ce698815f;381.0;0.01060069;BUY
2016-01-30T01:03:01.387000;2016-01-30T01:03:01.417000;2c8befdf-1c70-41ef-b314-dd679fee4ce8;381.0;0.01002;BUY
2016-01-30T01:03:01.387000;2016-01-30T01:03:01.417000;0b6737e6-ca74-4253-9eeb-87511a380bc4;381.0;0.1;BUY
2016-01-30T01:03:01.387000;2016-01-30T01:03:01.417000;a7ec289c-1f87-41a5-9bb9-d683d9ab6fb0;381.0;0.13183568;BUY
2016-01-30T01:03:01.387000;2016-01-30T01:03:01.417000;71c3669a-27ba-4d62-bb26-2ad51f905403;381.0;0.01020126;BUY
2016-01-30T01:03:01.387000;2016-01-30T01:03:01.433000;5ae2e491-3c45-48da-98fa-c29604696872;381.01;0.01;BUY
2016-01-30T01:03:01.387000;2016-01-30T01:03:01.433000;ad5eebdc-e877-4de5-9829-0a1911fd524f;381.01;0.02;BUY
2016-01-30T01:03:01.387000;2016-01-30T01:03:01.433000;bbe88701-c844-43a3-8bc4-351a668fb6b3;381.02;0.01;BUY
2016-01-30T01:03:01.387000;2016-01-30T01:03:01.433000;cac67b9c-837c-4bc3-a3e3-d1ba91314af1;381.08;0.243;BUY
2016-01-30T01:03:01.387000;2016-01-30T01:03:01.433000;f2a7d608-dbcb-46cb-b663-4583124c2bdc;381.12;0.5;BUY
2016-01-30T01:03:01.387000;2016-01-30T01:03:01.447000;1745dc19-6721-48da-b8e6-8c84c329df6c;381.13;0.184;BUY
2016-01-30T01:03:01.387000;2016-01-30T01:03:01.447000;847250ea-e26b-47c8-931d-2b3a16fd94a4;381.16;0.01;BUY
2016-01-30T01:03:01.387000;2016-01-30T01:03:01.447000;84ad280f-9134-4b5d-be96-9f69325ebb4a;381.16;0.172;BUY
2016-01-30T01:03:01.387000;2016-01-30T01:03:01.447000;09bce567-156b-49ee-a74f-89a8b18e0752;381.19;0.198;BUY
2016-01-30T01:03:01.387000;2016-01-30T01:03:01.447000;fcb3db0b-c561-4f2d-ab61-84a3920fcb05;381.2;0.391;BUY
2016-01-30T01:03:01.387000;2016-01-30T01:03:01.480000;22fb28cc-7bdd-412b-94da-c2ded828c517;381.22;2.4;BUY
2016-01-30T01:03:01.387000;2016-01-30T01:03:01.480000;35180c3e-37ad-4a8c-aacc-5fc94fba75e5;381.23;0.356;BUY
2016-01-30T01:03:01.387000;2016-01-30T01:03:01.480000;d151830c-0e71-450b-9b2f-cf94ec88ce59;381.26;0.347;BUY
2016-01-30T01:03:01.387000;2016-01-30T01:03:01.480000;e79f78b8-5747-44c8-8820-98fde55b4b7a;381.26;1.81455237;BUY
2016-01-30T01:03:11.607000;2016-01-30T01:03:11.620000;1118d5ab-1554-417f-9ece-e2a05a696634;381.02;0.34;SELL
2016-01-30T01:03:15.287000;2016-01-30T01:03:15.277000;3b4df47d-4cdb-4e6f-a184-922a243481d6;381.02;0.14;SELL
2016-01-30T01:03:15.287000;2016-01-30T01:03:15.293000;eb487d22-dc9f-4097-b1b0-cbff9ef5ff07;381.01;0.01;SELL
2016-01-30T01:03:15.287000;2016-01-30T01:03:15.293000;9c4f6243-98c2-43dd-9430-fa9e0fcc58d5;381.0;0.01;SELL
2016-01-30T01:03:15.287000;2016-01-30T01:03:15.293000;8cff17d3-7bb7-4f40-8c32-00f3f9e1155b;381.0;0.01060701;SELL
2016-01-30T01:03:15.287000;2016-01-30T01:03:15.293000;82594473-699e-4c32-a516-05f2170f0a2d;380.99;0.124;SELL
2016-01-30T01:03:15.287000;2016-01-30T01:03:15.307000;77c1f451-2d39-4998-98b5-2b896f5923dd;380.97;0.04539299;SELL
2016-01-30T01:03:31.393000;2016-01-30T01:03:31.400000;264856f5-8d09-445e-9f80-e7cd9209a450;380.94;0.10634;BUY
2016-01-30T01:04:01.517000;2016-01-30T01:04:01.510000;a3c3de70-6706-49ee-ada0-fe25b3338966;380.94;0.37801;BUY
2016-01-30T01:04:31.387000;2016-01-30T01:04:31.447000;c9a1e6ae-7569-465f-a56c-4592a34df37f;380.93;0.01;SELL
2016-01-30T01:04:31.387000;2016-01-30T01:04:31.463000;932960b0-ecb8-4cff-b1f6-49f0436821d2;380.92;0.01;SELL
2016-01-30T01:04:31.387000;2016-01-30T01:04:31.463000;21d29d82-3319-4c11-b8bf-5220f27119fa;380.9;0.0115;SELL
2016-01-30T01:04:31.387000;2016-01-30T01:04:31.463000;e495e091-9a2a-4477-83a2-be65a95b03d5;380.9;0.123;SELL
2016-01-30T01:04:31.387000;2016-01-30T01:04:31.463000;6b2bb6bd-61c5-4255-a18a-56858ca0061c;380.9;0.35;SELL
2016-01-30T01:04:31.387000;2016-01-30T01:04:31.463000;8b3a477c-e19a-4bc2-a4c3-602e3a557e9b;380.87;0.126;SELL
2016-01-30T01:04:31.387000;2016-01-30T01:04:31.523000;7e9fc1ba-fbf4-4d07-8bcc-7219b69cc76a;380.86;0.01;SELL
2016-01-30T01:04:31.387000;2016-01-30T01:04:31.540000;12f10a4a-bbca-4c70-8bae-591129b73659;380.84;0.108;SELL
2016-01-30T01:04:31.387000;2016-01-30T01:04:31.540000;f7284066-906c-4116-8f5f-2f6524f2860f;380.81;0.117;SELL
2016-01-30T01:04:31.387000;2016-01-30T01:04:31.540000;06f0c64e-345c-4ecb-91bd-6eacb460e17d;380.75;0.01060701;SELL
2016-01-30T01:04:31.387000;2016-01-30T01:04:31.540000;05d03224-a3c4-4802-8ffb-258ed096c98f;380.75;9.09834299;SELL
2016-01-30T01:05:01.637000;2016-01-30T01:05:01.697000;92158ec9-eae8-4baf-b50e-03bf4c47efa3;380.77;0.01;SELL
2016-01-30T01:05:01.637000;2016-01-30T01:05:01.697000;e3a96ae6-3783-4dbb-bc80-aa698b15c465;380.77;0.21094;SELL
2016-01-30T01:05:09.620000;2016-01-30T01:05:09.680000;370a19b1-d196-415d-a2ac-3c6b55a27822;380.92;0.052;BUY
2016-01-30T01:05:09.620000;2016-01-30T01:05:09.697000;08f4cd8e-78d3-41db-a4de-0e3a481dbde7;380.92;0.25;BUY
2016-01-30T01:05:09.620000;2016-01-30T01:05:09.697000;a03045ad-8058-40ad-b673-393de1cc18d2;380.93;0.01;BUY
2016-01-30T01:05:09.620000;2016-01-30T01:05:09.697000;5a39cd23-58a0-43bb-b26e-d203c4ed18c8;380.95;0.01;BUY
2016-01-30T01:05:09.620000;2016-01-30T01:05:09.697000;ed083f46-ffd3-429a-a18b-b2968154bb79;381.0;0.01060701;BUY
2016-01-30T01:05:09.623000;2016-01-30T01:05:09.697000;ea4164d8-8acd-4640-9916-7979c5630caa;381.11;0.01;BUY
2016-01-30T01:05:09.623000;2016-01-30T01:05:09.713000;3c771e79-85db-4bfd-a2c1-4223565e611d;381.12;0.01739299;BUY
2016-01-30T01:05:12.803000;2016-01-30T01:05:12.853000;b16446fe-99ab-4ab4-9a90-e41258b44c5d;380.94;0.71092935;BUY
2016-01-30T01:05:31.400000;2016-01-30T01:05:31.447000;5e22c36b-7d31-41ad-971a-2223baf74271;380.94;2.3;BUY
2016-01-30T01:05:31.400000;2016-01-30T01:05:31.477000;993abad3-7884-47bd-a54c-cc2b750fd332;380.99;0.27;BUY
2016-01-30T01:05:31.400000;2016-01-30T01:05:31.477000;6e6cba33-7e8b-4aea-b2bc-3bf00b2b7538;381.01;0.777;BUY
2016-01-30T01:05:31.400000;2016-01-30T01:05:31.477000;88c0cc00-cd07-4c26-9034-a5f29d7a7a78;381.05;1.45;BUY
2016-01-30T01:05:31.400000;2016-01-30T01:05:31.477000;d2bf1242-bb6a-4f3b-9ef4-7112d4bfe49c;381.18;0.01;BUY
2016-01-30T01:05:31.400000;2016-01-30T01:05:31.477000;2985bac4-32b7-4bb0-a06b-c932d3e9294a;381.18;0.364;BUY
2016-01-30T01:05:31.400000;2016-01-30T01:05:31.477000;cb36f5f6-4a69-4d96-abda-38b5c6ee89c2;381.19;0.01;BUY
2016-01-30T01:05:31.400000;2016-01-30T01:05:31.493000;1385bbe4-8f4e-456e-913e-22ae0ef06ab2;381.21;0.714;BUY
2016-01-30T01:05:31.400000;2016-01-30T01:05:31.493000;6913aa83-6cb6-487c-b762-3d354e1c842a;381.24;0.746;BUY
2016-01-30T01:05:31.400000;2016-01-30T01:05:31.493000;56659155-4864-4221-a94a-d5ecd7eb0e4a;381.25;0.01060701;BUY
2016-01-30T01:05:31.400000;2016-01-30T01:05:31.493000;5a247e24-48a6-41a4-9494-cc157d08128b;381.26;2.25844763;BUY
2016-01-30T01:05:31.400000;2016-01-30T01:05:31.493000;2363ef16-17b4-4611-a83e-662492d27f9c;381.27;0.712;BUY
2016-01-30T01:05:31.400000;2016-01-30T01:05:31.493000;fe1cf7c4-8adf-48df-8523-6c181804245e;381.3;0.719;BUY
2016-01-30T01:05:31.400000;2016-01-30T01:05:31.493000;44c7a002-5f3f-4970-9901-fcd9c77385cc;381.33;0.732;BUY
2016-01-30T01:05:31.400000;2016-01-30T01:05:31.493000;5601fe22-2b04-4fb3-a91f-54c1f2d53c37;381.36;0.723;BUY
2016-01-30T01:05:31.400000;2016-01-30T01:05:31.510000;76ec52fa-fb29-469e-8541-237739a56928;381.38;0.02;BUY
2016-01-30T01:05:31.400000;2016-01-30T01:05:31.510000;a7cfeae7-d3b4-4dc6-bb1d-b437833c81cf;381.39;0.01;BUY
2016-01-30T01:05:31.400000;2016-01-30T01:05:31.510000;d7b25259-94f2-4384-8f4a-7481abe6fec7;381.4;0.01;BUY
2016-01-30T01:05:31.400000;2016-01-30T01:05:31.510000;c4cc5b68-7490-41fa-ac81-769f319e1589;381.41;0.11;BUY
2016-01-30T01:05:31.403000;2016-01-30T01:05:31.510000;2eee4fd5-3230-4560-bb83-e4d995b464ae;381.44;4.30093536;BUY
2016-01-30T01:06:04.933000;2016-01-30T01:06:04.977000;ed7d9459-a75a-403a-aca1-5d7b30aacfff;381.16;0.48117;BUY
2016-01-30T01:06:31.460000;2016-01-30T01:06:31.523000;04b103a0-7ea6-4e8f-99ba-9c6b05921e8e;381.21;0.05194;BUY
2016-01-30T01:07:01.463000;2016-01-30T01:07:01.510000;8cfd2e64-bc8c-48f3-aa46-26f05097ea7d;381.23;0.09645;SELL
2016-01-30T01:07:31.380000;2016-01-30T01:07:31.430000;03326f6b-a594-4737-bd91-2152f0192d49;381.25;0.01;SELL
2016-01-30T01:07:31.380000;2016-01-30T01:07:31.447000;040cd8cd-afe8-44ca-be10-663e35160327;381.23;0.54107;SELL
2016-01-30T01:08:01.487000;2016-01-30T01:08:01.540000;185b5116-754d-4333-949b-06b2e0c6a485;381.27;0.39049;BUY
2016-01-30T01:08:18.963000;2016-01-30T01:08:19.010000;8b89c16a-2c9c-4aca-b735-5582188de69b;381.25;0.462;SELL
2016-01-30T01:08:26.143000;2016-01-30T01:08:26.197000;f884b841-a58d-4ede-8995-b99008c52efc;381.25;0.41;SELL
2016-01-30T01:08:31.407000;2016-01-30T01:08:31.463000;38ef409d-b6c7-4b5e-9ae2-d7c1bf26444e;381.25;0.23708;BUY
2016-01-30T01:08:40.417000;2016-01-30T01:08:40.463000;ed646530-e410-4166-8c37-880cec47457a;381.24;0.24;SELL
2016-01-30T01:09:31.487000;2016-01-30T01:09:31.527000;da88481a-c4d9-427d-992f-a46024aeff32;381.23;0.73235;SELL
2016-01-30T01:09:47.103000;2016-01-30T01:09:47.150000;4a9a63e2-7bf9-4bd8-b02e-602b53f1c94e;381.24;0.018;BUY
2016-01-30T01:10:01.620000;2016-01-30T01:10:01.667000;2d074c04-1d82-4c8d-ae09-6f2e9ff832eb;381.24;5.45112;BUY
2016-01-30T01:10:31.370000;2016-01-30T01:10:31.417000;192f3112-173e-44ca-a66b-2767ece46d41;381.24;0.20888;BUY
2016-01-30T01:10:53.730000;2016-01-30T01:10:53.760000;78773e08-f993-4cd9-b75c-4896ea85b8df;381.23;5.08013;SELL
2016-01-30T01:10:54.683000;2016-01-30T01:10:54.743000;84143401-cb68-489e-935e-7de019c88a6e;381.12;0.01;SELL
2016-01-30T01:10:54.683000;2016-01-30T01:10:54.743000;eea1cbc8-4ff2-49b4-a93f-21e5c321f953;381.11;0.01;SELL
2016-01-30T01:10:54.683000;2016-01-30T01:10:54.743000;44fd8b71-9639-4946-909f-9fd5726feca8;381.1;0.01;SELL
2016-01-30T01:10:54.683000;2016-01-30T01:10:54.760000;c37e0d30-fddd-4aa9-b601-1d5d08442361;381.0;0.01060297;SELL
2016-01-30T01:10:54.683000;2016-01-30T01:10:54.760000;4f778d91-b741-47fc-b40c-af35aafb10bc;380.92;0.097;SELL
2016-01-30T01:10:54.683000;2016-01-30T01:10:54.760000;426e704d-de32-41b3-961b-20f3df98805e;380.91;0.01;SELL
2016-01-30T01:10:54.683000;2016-01-30T01:10:54.760000;270036a7-7c52-40a9-85ac-088c8dd638df;380.91;0.32;SELL
2016-01-30T01:10:54.687000;2016-01-30T01:10:54.760000;d690ee28-9219-4fa9-807a-1e151b7e2209;380.88;0.03239703;SELL
2016-01-30T01:11:01.430000;2016-01-30T01:11:01.477000;339492bf-5b9b-411a-a67a-6eaa4a0b7abd;380.81;0.01;SELL
2016-01-30T01:11:01.430000;2016-01-30T01:11:01.477000;7c561eed-e926-4308-bda0-c99028033cbf;380.8;0.01;SELL
2016-01-30T01:11:01.430000;2016-01-30T01:11:01.477000;59a61724-94b9-4d9b-96da-b2213c2ca258;380.75;0.00047;SELL
2016-01-30T01:11:31.383000;2016-01-30T01:11:31.417000;fbfe7e05-b7a4-422b-9c68-c6f9b4d9e51d;380.76;0.01;SELL
2016-01-30T01:11:31.383000;2016-01-30T01:11:31.447000;096cfbbe-f7e1-4c30-9563-72d31e511360;380.75;0.01060297;SELL
2016-01-30T01:11:31.383000;2016-01-30T01:11:31.447000;41533d53-a285-4184-aa00-cb44ccad4552;380.73;0.01;SELL
2016-01-30T01:11:31.383000;2016-01-30T01:11:31.447000;4e79a568-f8c8-418a-a056-9a8e957e75a7;380.68;0.02144703;SELL
2016-01-30T01:12:01.420000;2016-01-30T01:12:01.463000;90dd2d8b-a723-4f63-9a28-c0d5cf3ea125;380.59;0.01;SELL
2016-01-30T01:12:01.420000;2016-01-30T01:12:01.493000;39b50254-8ab1-46f9-ae05-e8f51cb62ea5;380.59;0.122;SELL
2016-01-30T01:12:01.420000;2016-01-30T01:12:01.493000;0a82f24d-f507-4ced-8bb1-674a2f362984;380.58;0.01;SELL
2016-01-30T01:12:01.420000;2016-01-30T01:12:01.493000;dd9546c7-ebc3-49eb-8647-a9305266e4e9;380.57;0.01;SELL
2016-01-30T01:12:01.420000;2016-01-30T01:12:01.493000;55e2bc4f-d426-4181-9bf5-a82d65be8f25;380.57;0.01;SELL
2016-01-30T01:12:01.420000;2016-01-30T01:12:01.493000;402144f0-c224-4542-8dce-75c8124e66e9;380.56;0.01;SELL
2016-01-30T01:12:01.420000;2016-01-30T01:12:01.493000;4b491d1c-86fc-4513-84fe-d6b53faab30c;380.56;0.01;SELL
2016-01-30T01:12:01.420000;2016-01-30T01:12:01.510000;fbb5da66-db29-4e9e-b660-52bedd5d7983;380.56;0.072;SELL
2016-01-30T01:12:01.420000;2016-01-30T01:12:01.510000;570aec9c-3218-477b-adc0-87b80b011164;380.55;0.01;SELL
2016-01-30T01:12:01.423000;2016-01-30T01:12:01.510000;6568e69c-7de7-4b46-bcbd-ae633a7877e5;380.53;0.127;SELL
2016-01-30T01:12:01.423000;2016-01-30T01:12:01.510000;0ad79f39-b658-4d50-90f9-9d344eed0ac5;380.51;0.01;SELL
2016-01-30T01:12:01.423000;2016-01-30T01:12:01.510000;b77ee594-2d4b-4f9b-88ba-0b16dee16227;380.5;0.102;SELL
2016-01-30T01:12:01.423000;2016-01-30T01:12:01.510000;e03af264-4f5a-47e1-b6f2-5c4d943e6c25;380.5;0.01060297;SELL
2016-01-30T01:12:01.423000;2016-01-30T01:12:01.510000;10d2857d-1ea3-42cb-abd2-45aa197613ba;380.49;0.638;SELL
2016-01-30T01:12:01.423000;2016-01-30T01:12:01.510000;0ba7abe0-68c5-4128-9bc1-2e892401b79b;380.47;0.08;SELL
2016-01-30T01:12:01.423000;2016-01-30T01:12:01.527000;378d19e8-58f5-4de7-9859-824f9ceab13d;380.44;0.117;SELL
2016-01-30T01:12:01.423000;2016-01-30T01:12:01.527000;6339ee48-da18-4f5e-a0bf-272975164ce0;380.41;0.127;SELL
2016-01-30T01:12:01.423000;2016-01-30T01:12:01.527000;35706e5b-f175-4c6e-8955-45d75ff3e6c4;380.38;0.02;SELL
2016-01-30T01:12:01.423000;2016-01-30T01:12:01.527000;081a8b7e-f572-44a6-89f4-d0abff3b577f;380.38;0.129;SELL
2016-01-30T01:12:01.423000;2016-01-30T01:12:01.527000;476584ec-00cd-48b9-84d5-2ad8317426f7;380.35;0.124;SELL
2016-01-30T01:12:01.423000;2016-01-30T01:12:01.540000;5209b972-b389-4dd7-8ab6-7ccb1e32f7a3;380.32;0.01;SELL
2016-01-30T01:12:01.423000;2016-01-30T01:12:01.540000;34be61c8-d4e9-4bcd-9b21-91308ef12670;380.32;0.01;SELL
2016-01-30T01:12:01.423000;2016-01-30T01:12:01.540000;ae7d247b-bc43-4bca-96ce-4b66a114cd83;380.32;0.01;SELL
2016-01-30T01:12:01.423000;2016-01-30T01:12:01.540000;2a162956-a2d4-4672-ac8b-0cd7635a4711;380.32;0.106;SELL
2016-01-30T01:12:01.423000;2016-01-30T01:12:01.540000;22ef5691-d2a9-41e7-bb37-deb03c51241f;380.31;0.01;SELL
2016-01-30T01:12:01.423000;2016-01-30T01:12:01.540000;bfa19abd-194e-40e5-a641-46a117a09372;380.31;0.01;SELL
2016-01-30T01:12:01.423000;2016-01-30T01:12:01.540000;1bdf4f83-0e5b-4c96-9a09-a6dd7a6dca32;380.31;0.01;SELL
2016-01-30T01:12:01.423000;2016-01-30T01:12:01.540000;998a8c34-134c-420e-9eb7-b5b2f6d23be8;380.31;0.01;SELL
2016-01-30T01:12:01.427000;2016-01-30T01:12:01.557000;f1c3a314-54ea-4dbe-8f50-4c1cd5567c76;380.31;0.01;SELL
2016-01-30T01:12:01.427000;2016-01-30T01:12:01.557000;9133e14c-33dc-4438-962e-3bc35ac7864f;380.3;0.01;SELL
2016-01-30T01:12:01.427000;2016-01-30T01:12:01.557000;83f9b5e2-9d60-4e88-8096-df3e9a24b125;380.29;0.087;SELL
2016-01-30T01:12:01.427000;2016-01-30T01:12:01.557000;39055a7b-34ea-4ee4-9c92-24d7d4f5d9ea;380.28;3.56323;SELL
2016-01-30T01:12:01.427000;2016-01-30T01:12:01.557000;2103f456-82b9-47d2-b66b-682b5dd9ffbe;380.26;0.072;SELL
2016-01-30T01:12:01.427000;2016-01-30T01:12:01.557000;c4bc88d1-afe0-45f5-a7ac-6c0a2c7872a5;380.24;0.01;SELL
2016-01-30T01:12:01.427000;2016-01-30T01:12:01.557000;ce637d26-8c04-4e96-a924-60ac9370c1c5;380.23;0.06153703;SELL
2016-01-30T01:12:31.533000;2016-01-30T01:12:31.573000;5cc544ac-be1c-4947-860b-ce7b3843b255;380.33;0.30206;BUY
2016-01-30T01:12:43.307000;2016-01-30T01:12:43.353000;96336ede-7f95-4ade-b088-b8acb3d80273;380.26;0.05;BUY
2016-01-30T01:13:31.380000;2016-01-30T01:13:31.417000;f8841efd-a9ac-4a8a-831e-04f95cf6f79f;380.26;0.097;BUY
2016-01-30T01:13:31.380000;2016-01-30T01:13:31.430000;bf91a9a5-22ac-4ada-9cb9-3c713fa2b0eb;380.26;1.05374;BUY
2016-01-30T01:14:01.423000;2016-01-30T01:14:01.447000;f9f64a09-a82a-4b42-8e4c-a7e6a0c0da26;380.26;0.70482;BUY
2016-01-30T01:14:21.350000;2016-01-30T01:14:21.383000;b74ac910-6717-46a5-a66c-6eede717b0e4;380.26;0.12;BUY
2016-01-30T01:14:31.383000;2016-01-30T01:14:31.417000;7a1a1293-b472-4a66-903a-04d5815e20f2;380.25;0.01060297;SELL
2016-01-30T01:14:31.383000;2016-01-30T01:14:31.430000;fb812a4e-b4a4-4fb2-9933-e3f561bba513;380.25;0.115;SELL
2016-01-30T01:14:31.383000;2016-01-30T01:14:31.430000;1579ff99-6384-4ec6-9f7a-77132edaa80d;380.23;0.125;SELL
2016-01-30T01:14:31.383000;2016-01-30T01:14:31.430000;27f3747f-2ba7-4885-9849-2b09f99b0802;380.22;0.1;SELL
2016-01-30T01:14:31.383000;2016-01-30T01:14:31.430000;6ed46c4a-5abb-4305-a6e5-4a1236783a98;380.19;0.095;SELL
2016-01-30T01:14:31.383000;2016-01-30T01:14:31.510000;8b7d3e3c-a247-4653-9d93-93641bf24da7;380.16;0.123;SELL
2016-01-30T01:14:31.383000;2016-01-30T01:14:31.510000;843f66a6-4359-457b-9c99-2e937704a9dd;380.13;0.01;SELL
2016-01-30T01:14:31.383000;2016-01-30T01:14:31.510000;fabc7ded-a312-4d21-ad57-be4cf78a3e12;380.13;0.113;SELL
2016-01-30T01:14:31.383000;2016-01-30T01:14:31.510000;0b3e0a11-b551-4c1d-8c3b-cc4a95d91a19;380.1;0.116;SELL
2016-01-30T01:14:31.383000;2016-01-30T01:14:31.510000;5ea1741e-317a-49fd-aa0b-cfbb4c09e462;380.07;0.085;SELL
2016-01-30T01:14:31.383000;2016-01-30T01:14:31.510000;90283f35-ba60-470c-b205-7066d44a6b59;380.04;0.073;SELL
2016-01-30T01:14:31.383000;2016-01-30T01:14:31.510000;c856b8f0-2aac-42b0-bb0d-118b2c135bbd;380.01;0.02;SELL
2016-01-30T01:14:31.383000;2016-01-30T01:14:31.510000;effb81ff-179a-469c-962a-026533b5ee17;380.01;0.01319703;SELL
2016-01-30T01:15:01.457000;2016-01-30T01:15:01.480000;042e81c7-5650-43e7-b6a4-e6e7079f0511;380.09;0.3;BUY
2016-01-30T01:15:01.457000;2016-01-30T01:15:01.493000;d5e4a207-b0c6-40ec-9ee1-6b57c235fe0c;380.09;0.37955;BUY
2016-01-30T01:15:13.523000;2016-01-30T01:15:13.557000;d945357c-87ff-4054-b13a-a2c119fc553b;380.1;1.99;BUY
2016-01-30T01:15:13.523000;2016-01-30T01:15:13.573000;f8b7a92f-4b1a-4224-9b47-8f284f76ee65;380.11;0.01;BUY
2016-01-30T01:15:31.540000;2016-01-30T01:15:31.573000;bc27e4fb-8dbf-4938-ae43-a764783a7633;380.11;0.038;BUY
2016-01-30T01:15:31.540000;2016-01-30T01:15:31.587000;1dfcd828-ebcd-4a83-9bb4-94c13c0fce84;380.11;0.2;BUY
2016-01-30T01:15:31.540000;2016-01-30T01:15:31.587000;8823b8b9-f6c8-4b5e-89ac-4b79df74f3d9;380.25;0.49321;BUY
2016-01-30T01:16:01.420000;2016-01-30T01:16:01.447000;c42d7c40-2c1d-4ff6-9ba3-a6e0eff0c1ec;380.22;0.01;SELL
2016-01-30T01:16:01.420000;2016-01-30T01:16:01.463000;0aa44197-bc92-4b9c-8582-c214f709e525;380.22;0.1;SELL
2016-01-30T01:16:01.420000;2016-01-30T01:16:01.463000;546234df-79da-43e0-9823-e7487dd7edab;380.21;0.01;SELL
2016-01-30T01:16:01.420000;2016-01-30T01:16:01.463000;7df7e303-2ca3-4f6a-af50-8697a0d00a58;380.21;0.107;SELL
2016-01-30T01:16:01.420000;2016-01-30T01:16:01.463000;5d8f8307-9c05-47c4-9392-6610bc8f144a;380.2;0.095;SELL
2016-01-30T01:16:01.420000;2016-01-30T01:16:01.557000;3846ea90-caa9-4a07-87b2-421e84fe8fe7;380.19;0.121;SELL
2016-01-30T01:16:01.420000;2016-01-30T01:16:01.557000;2b8ed73f-6d32-493a-9969-9001a27c936a;380.18;0.12;SELL
2016-01-30T01:16:01.420000;2016-01-30T01:16:01.557000;83700a86-3325-48b5-bbd3-3bad1e51f2b3;380.17;0.073;SELL
2016-01-30T01:16:01.420000;2016-01-30T01:16:01.557000;5a3567f4-c812-49dc-9769-1597a52abd2c;380.15;0.087;SELL
2016-01-30T01:16:01.420000;2016-01-30T01:16:01.557000;78f38694-36ac-4e9d-82ba-2f5d059838c9;380.14;0.108;SELL
2016-01-30T01:16:01.420000;2016-01-30T01:16:01.557000;36b715d7-2c12-41ff-ae6d-a38eb8b58ecb;380.14;0.01;SELL
2016-01-30T01:16:01.420000;2016-01-30T01:16:01.557000;51abd843-21a0-4765-bf7a-1f3247e5b7ee;380.13;0.118;SELL
2016-01-30T01:16:01.420000;2016-01-30T01:16:01.557000;94a526fc-920d-4a8f-89d9-5e4017da0e5f;380.12;0.097;SELL
2016-01-30T01:16:01.420000;2016-01-30T01:16:01.557000;edc4b576-3828-4d75-8176-2ef634552842;380.11;0.116;SELL
2016-01-30T01:16:01.420000;2016-01-30T01:16:01.557000;c8941903-47ad-4836-8b63-c920ae2a6a56;380.1;0.093;SELL
2016-01-30T01:16:01.420000;2016-01-30T01:16:01.557000;bc010600-c72c-49a0-a1d0-96e769e52830;380.09;0.077;SELL
2016-01-30T01:16:01.423000;2016-01-30T01:16:01.557000;bf4969f0-3d9d-405f-8b50-32bd289a4de5;380.09;0.31;SELL
2016-01-30T01:16:01.423000;2016-01-30T01:16:01.557000;42ebfb6b-b1ae-428f-a30f-590e549d6ede;380.08;0.122;SELL
2016-01-30T01:16:01.423000;2016-01-30T01:16:01.557000;b7559113-8739-4997-81d7-90accd34d7d3;380.07;0.072;SELL
2016-01-30T01:16:01.423000;2016-01-30T01:16:01.557000;a7b680f0-cb72-4f64-ba9b-8e0e6d542b17;380.05;0.097;SELL
2016-01-30T01:16:01.423000;2016-01-30T01:16:01.557000;f590a5da-1ce4-4722-8327-e7c5a91ad2e8;380.02;0.082;SELL
2016-01-30T01:16:01.423000;2016-01-30T01:16:01.557000;8f1a4227-439d-4968-a547-1c9b3cbb51b0;379.99;0.088;SELL
2016-01-30T01:16:01.423000;2016-01-30T01:16:01.557000;da047645-3d70-456b-8478-8e29b2ff7bd2;379.97;0.01;SELL
2016-01-30T01:16:01.423000;2016-01-30T01:16:01.557000;c3544426-6e57-4ac5-9773-e9adefce976d;379.96;0.0973;SELL
2016-01-30T01:16:31.367000;2016-01-30T01:16:31.400000;e1315b29-babb-4ddc-8d77-212c3af4ae37;380.03;0.36223;BUY
2016-01-30T01:17:01.657000;2016-01-30T01:17:01.680000;1f3e8b58-c22f-4582-af68-4bcff1d5a540;380.03;0.24572;BUY
2016-01-30T01:18:01.443000;2016-01-30T01:18:01.463000;0824be7b-6665-4f71-ab70-daa20123e5d2;380.07;0.01428;BUY
2016-01-30T01:18:31.680000;2016-01-30T01:18:31.697000;f88492d8-35ea-453b-bd37-b6f3b8956440;380.05;0.02956;BUY
2016-01-30T01:19:01.537000;2016-01-30T01:19:01.557000;36c04106-95ea-42d8-a000-ed295fe37e99;380.01;0.01;SELL
2016-01-30T01:19:01.537000;2016-01-30T01:19:01.573000;ae5947ce-f466-4d77-ae1d-88295a250588;380.0;0.01061614;SELL
2016-01-30T01:19:01.537000;2016-01-30T01:19:01.573000;f1a15583-11d7-49a3-9fc5-b79321285d50;379.96;0.073;SELL
2016-01-30T01:19:01.537000;2016-01-30T01:19:01.573000;3fc02511-14c2-4198-bf13-e002292bb58c;379.93;0.088;SELL
2016-01-30T01:19:01.537000;2016-01-30T01:19:01.573000;aa6e5714-1a1c-4ddb-a8cd-54c2d12962e2;379.9;0.10205386;SELL
2016-01-30T01:19:15.077000;2016-01-30T01:19:15.087000;2cadc750-561a-4533-a3fd-027f02bf5adc;379.9;1.00189455;BUY
2016-01-30T01:19:31.467000;2016-01-30T01:19:31.493000;aa92398a-ebdd-45b0-b514-34325a1756e6;379.89;0.0092103;SELL
2016-01-30T01:19:31.467000;2016-01-30T01:19:31.493000;5d96edad-6566-4c68-9e90-b3287785734c;379.89;0.086;SELL
2016-01-30T01:19:31.467000;2016-01-30T01:19:31.510000;bad70bc5-8eaf-4bc7-8bd7-24098c103762;379.86;0.123;SELL
2016-01-30T01:19:31.467000;2016-01-30T01:19:31.510000;b25823e5-321d-4cc3-91ec-b14342434eb2;379.85;0.01;SELL
2016-01-30T01:19:31.467000;2016-01-30T01:19:31.510000;eaa216a4-aba1-49b3-86cb-483ff64647c3;379.83;0.106;SELL
2016-01-30T01:19:31.467000;2016-01-30T01:19:31.510000;561b787e-3e85-477c-bdb1-4cf186532dfc;379.78;0.126;SELL
2016-01-30T01:19:31.467000;2016-01-30T01:19:31.510000;1c19d12d-e7bb-4c45-a414-e84f8eabb229;379.75;0.01062;SELL
2016-01-30T01:19:31.467000;2016-01-30T01:19:31.527000;df8045ee-5c59-4e63-bf01-809c676532ad;379.75;0.128;SELL
2016-01-30T01:19:31.467000;2016-01-30T01:19:31.527000;185f3e5e-bf02-4b18-b07e-8cc661ab22f8;379.72;0.096;SELL
2016-01-30T01:19:31.467000;2016-01-30T01:19:31.527000;b274e630-05a2-4fc6-9e11-6c699b603904;379.69;0.121;SELL
2016-01-30T01:19:31.467000;2016-01-30T01:19:31.540000;bb24213f-14d2-41ab-ac90-42889aa8ebe8;379.68;0.02;SELL
2016-01-30T01:19:31.467000;2016-01-30T01:19:31.540000;136520b5-2e12-4323-b3c3-bd199ce3fc60;379.67;0.01;SELL
2016-01-30T01:19:31.467000;2016-01-30T01:19:31.540000;c0442e12-74ec-46c9-8ff4-8fe0278f0c4e;379.67;0.01;SELL
2016-01-30T01:19:31.467000;2016-01-30T01:19:31.540000;b9abdfbe-386e-42ed-9ed1-3370b9698e30;379.66;0.095;SELL
2016-01-30T01:19:31.467000;2016-01-30T01:19:31.540000;1f589f25-6f0b-4a48-896d-4d79a2a176c0;379.64;0.02;SELL
2016-01-30T01:19:31.467000;2016-01-30T01:19:31.540000;5fc60d1c-078c-493d-9f5f-2f879eb74b23;379.64;4.5541497;SELL
2016-01-30T01:20:01.587000;2016-01-30T01:20:01.640000;12c21017-de99-4ae5-b9cb-bd15235346a6;379.89;0.723;BUY
2016-01-30T01:20:01.587000;2016-01-30T01:20:01.657000;6cdeb3cb-12c5-49ea-8c1d-8a5d48c969dc;379.9;13.9704;BUY
2016-01-30T01:20:31.463000;2016-01-30T01:20:31.517000;a9c510b1-e9c4-4220-a870-e5d8ceeaa2fe;379.85;0.01;SELL
2016-01-30T01:20:31.463000;2016-01-30T01:20:31.530000;30a61200-3a73-4a2a-a46c-068006ab221a;379.85;0.13076;SELL
2016-01-30T01:21:01.507000;2016-01-30T01:21:01.563000;f412946f-0a5a-4149-b6e1-965245f50195;379.84;0.01;SELL
2016-01-30T01:21:01.507000;2016-01-30T01:21:01.577000;c5d060ca-0a10-4e29-aee2-a6b2af3c2f68;379.84;0.01;SELL
2016-01-30T01:21:01.510000;2016-01-30T01:21:01.577000;32acedb3-a944-4b3a-a798-e67e83b8a8fd;379.84;0.00088;SELL
2016-01-30T01:21:31.980000;2016-01-30T01:21:32.030000;aa6e9351-2d5c-45f8-a105-c2d056851b59;379.84;0.2829;BUY
2016-01-30T01:22:01.537000;2016-01-30T01:22:01.593000;81c9e2db-6570-4d84-a003-e62015ba52e1;379.83;0.01;SELL
2016-01-30T01:22:01.540000;2016-01-30T01:22:01.610000;dde10f4b-5a27-4420-9705-d355f082b593;379.83;0.01;SELL
2016-01-30T01:22:01.540000;2016-01-30T01:22:01.610000;21a6f8f7-725d-493f-938a-2261e102f326;379.83;0.01;SELL
2016-01-30T01:22:01.540000;2016-01-30T01:22:01.610000;066a18ff-ea98-4079-9123-4654c0e91562;379.83;0.01;SELL
2016-01-30T01:22:01.540000;2016-01-30T01:22:01.610000;c4d1b834-b67a-4149-aa63-093a2cb90501;379.83;0.01;SELL
2016-01-30T01:22:01.540000;2016-01-30T01:22:01.703000;7e9fb941-8ab8-44f0-a045-5ed4248d8e0d;379.83;0.01;SELL
2016-01-30T01:22:01.540000;2016-01-30T01:22:01.703000;997a6b8d-e648-40f1-9400-43d6a50394c5;379.83;0.01;SELL
2016-01-30T01:22:01.540000;2016-01-30T01:22:01.703000;8824dfd6-c18f-4d27-80bd-e94ab5ce2786;379.83;0.01;SELL
2016-01-30T01:22:01.540000;2016-01-30T01:22:01.703000;c863bb31-c3f1-4cfe-b8a5-b7993d40f45e;379.83;0.01;SELL
2016-01-30T01:22:01.540000;2016-01-30T01:22:01.703000;c49e921a-1226-4529-a2b2-c1ec120b70d4;379.83;0.01;SELL
2016-01-30T01:22:01.540000;2016-01-30T01:22:01.703000;f8c8b8ca-3e3d-4296-bebb-56e9484417e1;379.83;0.01;SELL
2016-01-30T01:22:01.540000;2016-01-30T01:22:01.703000;73a81e3a-14cc-4b2d-b360-8562fa7504ed;379.83;0.01;SELL
2016-01-30T01:22:01.540000;2016-01-30T01:22:01.703000;7ea752f4-d24c-4752-ac5a-9ebb2320d2fd;379.83;0.01;SELL
2016-01-30T01:22:01.540000;2016-01-30T01:22:01.703000;d2b17326-fdb6-4334-a4a7-72338b162e66;379.83;0.01;SELL
2016-01-30T01:22:01.540000;2016-01-30T01:22:01.703000;ffc2079c-d0c8-4ffc-bf67-d7d62f26523a;379.83;0.01;SELL
2016-01-30T01:22:01.540000;2016-01-30T01:22:01.703000;f5ebc227-8942-43c3-abc7-cf7263679773;379.83;0.01;SELL
2016-01-30T01:22:01.540000;2016-01-30T01:22:01.703000;7560171f-85b9-4af8-87d3-652529841df5;379.83;0.01;SELL
2016-01-30T01:22:01.540000;2016-01-30T01:22:01.703000;d0dd2178-b782-4a1c-b988-cab3db9b8df5;379.83;0.01;SELL
2016-01-30T01:22:01.540000;2016-01-30T01:22:01.703000;6c38c4b8-239e-4e22-9699-940cfb350ac3;379.83;0.01;SELL
2016-01-30T01:22:01.543000;2016-01-30T01:22:01.703000;b2c1d5f7-bf0a-473f-b75d-63c28a505954;379.83;0.01;SELL
2016-01-30T01:22:01.543000;2016-01-30T01:22:01.703000;8897965d-0806-4ed1-afd6-de0a13d5310d;379.83;0.01;SELL
2016-01-30T01:22:01.543000;2016-01-30T01:22:01.703000;b5797023-1862-4447-8ed7-8bf9a85dfe98;379.83;0.01;SELL
2016-01-30T01:22:01.543000;2016-01-30T01:22:01.703000;4c934cc5-766f-4f35-92e3-a6e811692c48;379.83;0.01;SELL
2016-01-30T01:22:01.543000;2016-01-30T01:22:01.703000;702e477c-2a08-42fd-befb-904fca4dad68;379.83;0.01;SELL
2016-01-30T01:22:01.543000;2016-01-30T01:22:01.703000;25b2cb60-15b6-4d70-b56e-29d9826e6bc5;379.83;0.01;SELL
2016-01-30T01:22:01.543000;2016-01-30T01:22:01.703000;609005db-c2e1-4703-8da5-eca596645c77;379.83;0.01;SELL
2016-01-30T01:22:01.543000;2016-01-30T01:22:01.703000;7c81ee3c-88f3-49e5-867f-c823c638b2df;379.83;0.01;SELL
2016-01-30T01:22:01.543000;2016-01-30T01:22:01.703000;2c7f022f-83b6-4e17-95f2-1f50867fa9e6;379.83;0.01;SELL
2016-01-30T01:22:01.543000;2016-01-30T01:22:01.703000;f2785718-91c4-4eac-babc-088b995e5d5d;379.83;0.01;SELL
2016-01-30T01:22:01.543000;2016-01-30T01:22:01.703000;b81e9097-6a87-43f1-87f5-3e4e584e69e6;379.83;0.01;SELL
2016-01-30T01:22:01.543000;2016-01-30T01:22:01.703000;6a5b8383-8ce2-446f-9860-f189fcbefa19;379.83;0.01;SELL
2016-01-30T01:22:01.543000;2016-01-30T01:22:01.703000;22023821-9d0a-4838-bdb0-8ac02142dbb2;379.83;0.01;SELL
2016-01-30T01:22:01.543000;2016-01-30T01:22:01.703000;0b64cfa5-4eec-4682-9fc2-0f94c4bf61dd;379.83;0.01;SELL
2016-01-30T01:22:01.543000;2016-01-30T01:22:01.703000;981bb9cd-ca0f-41fd-aaec-5926e8949a2c;379.83;0.01;SELL
2016-01-30T01:22:01.543000;2016-01-30T01:22:01.703000;00332343-99dc-4a8e-9ad2-913d64698327;379.83;0.01;SELL
2016-01-30T01:22:01.543000;2016-01-30T01:22:01.703000;a3d66d13-e6d0-4e5a-9a78-50ec399454de;379.83;0.01;SELL
2016-01-30T01:22:01.543000;2016-01-30T01:22:01.720000;b02eb685-83c1-43e5-a942-dbb8cddc89e5;379.83;0.01;SELL
2016-01-30T01:22:01.547000;2016-01-30T01:22:01.720000;f9d4312d-0ce5-42b4-95e5-ccd0d4ce12c1;379.83;0.01;SELL
2016-01-30T01:22:01.547000;2016-01-30T01:22:01.720000;afb7b14b-4a23-4f1d-9025-04c8b23df9c0;379.83;0.01;SELL
2016-01-30T01:22:01.547000;2016-01-30T01:22:01.797000;ab18443f-fe36-44db-9ea6-f1d5081ba96b;379.83;0.01;SELL
2016-01-30T01:22:01.547000;2016-01-30T01:22:01.797000;2db92aba-b5e6-41e2-8fdc-df9935d1f4c3;379.83;0.01;SELL
2016-01-30T01:22:01.547000;2016-01-30T01:22:01.797000;5380503d-e202-441c-ba7f-5aa909975f9b;379.83;0.01;SELL
2016-01-30T01:22:01.547000;2016-01-30T01:22:01.797000;32ba06e9-4bf9-4b3c-a71c-163f1e5ffc8d;379.83;0.01;SELL
2016-01-30T01:22:01.547000;2016-01-30T01:22:01.797000;0671f4e0-973e-45c2-a336-1b8c441f703b;379.83;0.01;SELL
2016-01-30T01:22:01.547000;2016-01-30T01:22:01.797000;5e39ea2c-7ce6-404a-84b3-0df25993e6ec;379.83;0.01;SELL
2016-01-30T01:22:01.547000;2016-01-30T01:22:01.797000;725d4254-fda1-4032-8141-5e283d8e6382;379.83;0.01;SELL
2016-01-30T01:22:01.547000;2016-01-30T01:22:01.797000;7921b3dd-3dc1-4749-9c10-cc2e40842a0a;379.83;0.01;SELL
2016-01-30T01:22:01.547000;2016-01-30T01:22:01.797000;6434cd41-e72c-4f43-9da4-f0c50d2e840c;379.76;0.85513;SELL
2016-01-30T01:22:31.483000;2016-01-30T01:22:31.530000;cc37acd0-7640-4e24-926d-234d0bb220cd;379.76;0.04122;SELL
2016-01-30T01:23:01.560000;2016-01-30T01:23:01.610000;f98c4ba8-3170-4842-93cb-33eea468bbae;379.77;0.238;BUY
2016-01-30T01:23:01.560000;2016-01-30T01:23:01.627000;5ef5436f-60a6-4885-8e85-2cbebe2fd672;379.77;0.2639;BUY
2016-01-30T01:23:31.483000;2016-01-30T01:23:31.530000;80be6409-e29c-46c6-bb70-4998c99d851c;379.77;0.0361;BUY
2016-01-30T01:23:31.483000;2016-01-30T01:23:31.547000;539255af-be61-4326-8e84-974943494c21;379.77;0.50591;BUY
2016-01-30T01:23:31.813000;2016-01-30T01:23:31.877000;182b701d-0bbb-4fe6-ac89-8e9c6660c694;379.77;1.7204;BUY
2016-01-30T01:23:31.850000;2016-01-30T01:23:31.890000;db4a0b55-5848-4c4d-a711-cadad98eeb6d;379.77;0.0996;BUY
2016-01-30T01:24:02.777000;2016-01-30T01:24:02.813000;992042d7-e757-4d4a-8b63-19fd72b78424;379.77;0.09365;BUY
2016-01-30T01:25:01.553000;2016-01-30T01:25:01.593000;238c433f-b659-4706-8c04-6d12af6a8094;379.77;0.03765;BUY
2016-01-30T01:25:31.447000;2016-01-30T01:25:31.483000;7115ba38-0845-4ec7-a4fc-11c727a5aeb5;379.77;0.1687;BUY
2016-01-30T01:25:31.447000;2016-01-30T01:25:31.500000;507597e8-6729-45d4-9b4a-ec16ec5e8a8f;379.77;0.17688;BUY
2016-01-30T01:26:24.433000;2016-01-30T01:26:24.470000;134947c8-d4e2-45dc-9a98-8e8451f0ccad;379.77;0.00222709;BUY
2016-01-30T01:26:31.527000;2016-01-30T01:26:31.563000;1f384735-4090-44c0-8977-e1a96331d589;379.77;0.10577291;BUY
2016-01-30T01:26:31.527000;2016-01-30T01:26:31.580000;03009dc9-d7e5-40c4-88a5-748cf45a7142;379.79;0.01;BUY
2016-01-30T01:26:31.530000;2016-01-30T01:26:31.580000;34921e8d-a62e-49a3-9178-a865110f81bf;379.83;0.11;BUY
2016-01-30T01:26:31.530000;2016-01-30T01:26:31.593000;a3d4ed49-7981-4dce-9af2-565431154f79;379.86;0.072;BUY
2016-01-30T01:26:31.530000;2016-01-30T01:26:31.593000;4c3dd678-7e07-4ec5-b020-05a4c6b6abf1;379.89;0.01;BUY
2016-01-30T01:26:31.530000;2016-01-30T01:26:31.673000;c6b615bb-65f7-4187-a377-ec469f116311;379.9;0.02717709;BUY
2016-01-30T01:27:01.637000;2016-01-30T01:27:01.687000;94385ba6-65eb-489f-82c4-ed3c5f70d1c7;379.79;0.01;BUY
2016-01-30T01:27:01.637000;2016-01-30T01:27:01.687000;5a0d11df-acf4-413e-9ae3-e9cce6b5e429;379.79;0.01;BUY
2016-01-30T01:27:01.637000;2016-01-30T01:27:01.687000;c1e66234-dd46-4a99-a209-5cc973b86074;379.8;0.01;BUY
2016-01-30T01:27:01.637000;2016-01-30T01:27:01.687000;bd8605d1-c69e-4380-bf3c-6f756cddecac;379.8;0.01;BUY
2016-01-30T01:27:01.637000;2016-01-30T01:27:01.720000;ef46579b-a5ac-4c81-8267-1b39a64c4564;379.9;3.0952;BUY
2016-01-30T01:27:31.557000;2016-01-30T01:27:31.610000;806f9a93-0f44-49bf-9698-a7678d0c9597;379.81;0.01;BUY
2016-01-30T01:27:31.557000;2016-01-30T01:27:31.610000;1081f743-cde1-41f1-9c11-062ac05ec8e0;379.81;0.01;BUY
2016-01-30T01:27:31.557000;2016-01-30T01:27:31.610000;740f4913-20a1-41a7-a696-82ef883bc31e;379.82;0.01;BUY
2016-01-30T01:27:31.560000;2016-01-30T01:27:31.627000;c135c54a-e088-4eec-bbfc-e6aefbb472ef;379.82;0.01;BUY
2016-01-30T01:27:31.560000;2016-01-30T01:27:31.627000;708917f4-bebd-4e8e-b661-89eb57f56d71;379.83;0.01;BUY
2016-01-30T01:27:31.560000;2016-01-30T01:27:31.640000;3f46d3e8-9dc8-46e7-9f96-d8eca75bb9d3;379.83;0.01;BUY
2016-01-30T01:27:31.560000;2016-01-30T01:27:31.640000;ddf5587e-992f-484c-a126-612c72d60b3e;379.84;0.01;BUY
2016-01-30T01:27:31.560000;2016-01-30T01:27:31.640000;b26c8081-4635-48dc-871f-5b70a1b4b419;379.85;0.01;BUY
2016-01-30T01:27:31.560000;2016-01-30T01:27:31.640000;34b7028e-93b7-4dd1-8b0c-14f19631606a;379.85;0.01;BUY
2016-01-30T01:27:31.560000;2016-01-30T01:27:31.640000;179ee9db-1368-4eb6-b754-4ed0014e322f;379.86;0.01;BUY
2016-01-30T01:27:31.560000;2016-01-30T01:27:31.640000;e9329e56-536a-4c16-b7b2-c8fe2556e35a;379.86;0.01;BUY
2016-01-30T01:27:31.560000;2016-01-30T01:27:31.640000;60db07c2-0a82-4aba-8daa-f3ae74d2afc9;379.87;0.01;BUY
2016-01-30T01:27:31.560000;2016-01-30T01:27:31.640000;b8bfa72b-1f52-4c61-adb1-9a84f30abbc8;379.87;0.01;BUY
2016-01-30T01:27:31.560000;2016-01-30T01:27:31.640000;c72fa4ab-c22e-4655-aea8-1718754c316d;379.88;0.01;BUY
2016-01-30T01:27:31.560000;2016-01-30T01:27:31.640000;8480d26f-ef7e-4f2e-817c-de1af08a5d27;379.88;0.01;BUY
2016-01-30T01:27:31.560000;2016-01-30T01:27:31.657000;31d368b0-2850-4c54-a478-15447debc735;379.89;0.01;BUY
2016-01-30T01:27:31.560000;2016-01-30T01:27:31.657000;7fa70b2d-2769-417c-bc20-1bf5e870aec1;379.89;0.01;BUY
2016-01-30T01:27:31.560000;2016-01-30T01:27:31.657000;16598932-23c8-4f7a-bc7e-b58df50118d3;379.9;0.16158;BUY
2016-01-30T01:27:58.610000;2016-01-30T01:27:58.640000;ce6167aa-51a3-44dd-a308-01ebe3e18833;379.81;0.01;BUY
2016-01-30T01:27:58.610000;2016-01-30T01:27:58.657000;d65031b7-3399-4600-a97d-50136cb64c1b;379.81;0.01;BUY
2016-01-30T01:27:58.610000;2016-01-30T01:27:58.657000;95232f9e-4d30-430b-bffb-52595b2ae68b;379.82;0.01;BUY
2016-01-30T01:27:58.610000;2016-01-30T01:27:58.687000;041daba5-f8c2-4fa8-bc5f-116db98afd33;379.82;0.01;BUY
2016-01-30T01:27:58.610000;2016-01-30T01:27:58.687000;5ed741aa-eaa8-42cc-a08d-3418dd87f8ca;379.83;0.01;BUY
2016-01-30T01:27:58.610000;2016-01-30T01:27:58.687000;706eaab0-b5a4-430f-a77f-abbe3b863d9d;379.83;0.01;BUY
2016-01-30T01:27:58.610000;2016-01-30T01:27:58.687000;8fb72656-d06c-4745-97cc-f1a08c062db1;379.84;0.01;BUY
2016-01-30T01:27:58.610000;2016-01-30T01:27:58.687000;d9fd2537-b10a-444f-bdfd-a8149d095d98;379.84;0.01;BUY
2016-01-30T01:27:58.610000;2016-01-30T01:27:58.687000;c117dd0b-50ad-4328-8c50-f7c5927d05a1;379.85;0.01;BUY
2016-01-30T01:27:58.610000;2016-01-30T01:27:58.687000;f7e18296-fc76-49db-b575-8bb8875be8ac;379.85;0.01;BUY
2016-01-30T01:27:58.610000;2016-01-30T01:27:58.687000;07069263-0533-40db-a814-7ff43230dafe;379.86;0.01;BUY
2016-01-30T01:27:58.613000;2016-01-30T01:27:58.687000;bc17b791-f7b2-4367-bc69-f035bdbf1730;379.86;0.01;BUY
2016-01-30T01:27:58.613000;2016-01-30T01:27:58.687000;7032f230-10cc-42a4-80e4-5cef015a8be1;379.87;0.01;BUY
2016-01-30T01:27:58.613000;2016-01-30T01:27:58.687000;61f47d7a-b54e-42ec-b10c-9904671edc9f;379.87;0.01;BUY
2016-01-30T01:27:58.613000;2016-01-30T01:27:58.703000;71fcbef8-18ea-43aa-b1b9-836cbcdb16d4;379.88;0.01;BUY
2016-01-30T01:27:58.613000;2016-01-30T01:27:58.703000;dfeeaf6e-5dc9-497e-a1a9-3a25f92cd514;379.88;0.01;BUY
2016-01-30T01:27:58.613000;2016-01-30T01:27:58.703000;b48f685d-5d30-41d5-ada0-8dd671194249;379.89;0.01;BUY
2016-01-30T01:27:58.613000;2016-01-30T01:27:58.733000;c24f3003-cbf5-4440-b472-bb936fb633f6;379.89;0.01;BUY
2016-01-30T01:27:58.613000;2016-01-30T01:27:58.750000;1fe87364-b373-4d69-af43-d8ec18b77e8e;379.89;0.025;BUY
2016-01-30T01:27:58.613000;2016-01-30T01:27:58.750000;df649b01-f5fb-4d5b-a64b-fce121d0e224;379.9;0.295;BUY
2016-01-30T01:28:01.433000;2016-01-30T01:28:01.470000;2ca74ff6-b9e7-46ab-85be-5b21f988bd70;379.78;0.01;SELL
2016-01-30T01:28:01.433000;2016-01-30T01:28:01.483000;f85504af-fcd6-40e4-899d-d1e87e52c242;379.78;0.00889;SELL
