time_exchange;time_coinpai;guid;price;base_amount;taker_side
2016-03-01T00:00:02.000000;2016-03-01T00:00:02.000000;0186cf46-27d7-4e51-82a3-58bb0d05528c;439.53;4.17059244;UNKNOWN
2016-03-01T00:00:02.000000;2016-03-01T00:00:02.000000;1ca11ba5-ba88-4e36-a31e-60780495b09d;439.16;4.7595;UNKNOWN
2016-03-01T00:00:05.000000;2016-03-01T00:00:05.000000;d6cd4757-f902-452f-acf4-c4b14290a0e0;439.0;0.7;UNKNOWN
2016-03-01T00:00:49.000000;2016-03-01T00:00:49.000000;b39c53d0-6fb4-43b8-89fb-bc53f9f55b1c;439.32;4.1;UNKNOWN
2016-03-01T00:01:11.000000;2016-03-01T00:01:11.000000;3128534b-a0ce-4781-9d12-9d0a22e4cbaa;439.25;0.834867;UNKNOWN
2016-03-01T00:03:44.000000;2016-03-01T00:03:44.000000;627e6bc5-e89e-4af5-8693-dd0634226e5f;439.26;1.6;UNKNOWN
2016-03-01T00:04:16.000000;2016-03-01T00:04:16.000000;04685e49-d667-4503-b31e-55e6e058065c;439.11;1.0;UNKNOWN
2016-03-01T00:05:18.000000;2016-03-01T00:05:18.000000;1eb55357-58fb-4127-942b-312996c70269;438.78;0.215;UNKNOWN
2016-03-01T00:07:18.000000;2016-03-01T00:07:18.000000;e10873e8-ae15-4149-9faa-a60734bccdba;438.7;0.03;UNKNOWN
2016-03-01T00:07:18.000000;2016-03-01T00:07:18.000000;c51a9951-0a66-42e9-8b3c-fd8b766dffef;438.68;0.08269637;UNKNOWN
2016-03-01T00:08:12.000000;2016-03-01T00:08:12.000000;0e421006-9ce6-42c9-982d-813f3c9462e8;439.09;0.03162886;UNKNOWN
2016-03-01T00:08:37.000000;2016-03-01T00:08:37.000000;87b061b5-2499-454d-9948-a3d23dabebef;439.17;3.02;UNKNOWN
2016-03-01T00:10:30.000000;2016-03-01T00:10:30.000000;233b1518-bab9-4de3-93bd-c872183287b9;439.19;5.6186;UNKNOWN
2016-03-01T00:10:30.000000;2016-03-01T00:10:30.000000;b329b5f3-e46b-4d13-a6e4-667a765a397d;439.2;4.3814;UNKNOWN
2016-03-01T00:13:13.000000;2016-03-01T00:13:13.000000;5ec8846e-6a4e-4381-a9a4-d19f751715d5;439.15;0.023;UNKNOWN
2016-03-01T00:13:18.000000;2016-03-01T00:13:18.000000;e1463cdd-ef90-4d6b-977d-4e723bbf6880;439.14;0.33886818;UNKNOWN
2016-03-01T00:13:18.000000;2016-03-01T00:13:18.000000;3ed1796f-56a0-413f-9702-685f0a1f8a22;439.14;0.2291;UNKNOWN
2016-03-01T00:13:42.000000;2016-03-01T00:13:42.000000;f3ef9296-6558-4275-942b-1381080b1a08;439.15;0.6108;UNKNOWN
2016-03-01T00:13:42.000000;2016-03-01T00:13:42.000000;08fbf204-77ba-4023-887c-0c60147ddcc3;439.27;0.0499;UNKNOWN
2016-03-01T00:13:42.000000;2016-03-01T00:13:42.000000;5249fe16-c880-4000-b511-297e9d98aaeb;439.8;5.6805;UNKNOWN
2016-03-01T00:13:42.000000;2016-03-01T00:13:42.000000;065b9b75-35c0-4759-b595-c35dbdd20bdb;439.86;10.23160351;UNKNOWN
2016-03-01T00:13:42.000000;2016-03-01T00:13:42.000000;eee915aa-600e-49f6-b3ad-4226bf6e16b4;439.2;5.6186;UNKNOWN
2016-03-01T00:16:20.000000;2016-03-01T00:16:20.000000;98d94661-82be-4cac-9417-b47652a0b33a;439.64;0.6;UNKNOWN
2016-03-01T00:21:06.000000;2016-03-01T00:21:06.000000;dc3f0e89-98e8-40fd-ab1e-95f9f369db82;439.58;0.56160326;UNKNOWN
2016-03-01T00:21:58.000000;2016-03-01T00:21:58.000000;260958f4-920f-44d1-938c-a39d890c7133;439.58;0.22544042;UNKNOWN
2016-03-01T00:22:48.000000;2016-03-01T00:22:48.000000;db9b0ddb-f6bc-4ca5-8e41-f0e55fdd628c;439.58;0.025;UNKNOWN
2016-03-01T00:24:50.000000;2016-03-01T00:24:50.000000;91459b02-5124-40ff-87ff-fe87a2776032;439.65;0.59;UNKNOWN
2016-03-01T00:24:57.000000;2016-03-01T00:24:57.000000;d082e697-3895-41ac-a420-a4db2651c218;439.61;1.41;UNKNOWN
2016-03-01T00:25:06.000000;2016-03-01T00:25:06.000000;6f38303a-f6a8-451f-8e06-c1d0420f68c5;439.58;0.9718159;UNKNOWN
2016-03-01T00:25:06.000000;2016-03-01T00:25:06.000000;6e919645-c662-47f9-aafc-8e32c5faac74;439.58;0.5;UNKNOWN
2016-03-01T00:25:07.000000;2016-03-01T00:25:07.000000;4eeb18b8-f19e-46ff-837f-343564c86490;439.68;0.22760378;UNKNOWN
2016-03-01T00:26:05.000000;2016-03-01T00:26:05.000000;32f82cb4-1f90-47f0-a422-fb8477f57dd5;439.5;10.0;UNKNOWN
2016-03-01T00:26:06.000000;2016-03-01T00:26:06.000000;f944e60c-a660-4b2c-9d0b-4e85b0f6c664;439.5;0.7;UNKNOWN
2016-03-01T00:30:05.000000;2016-03-01T00:30:05.000000;0f51dd11-493b-4941-8e96-d1893a155a91;439.6;4.29756408;UNKNOWN
2016-03-01T00:30:19.000000;2016-03-01T00:30:19.000000;f38488db-b045-4b6e-ac58-d3872558b7f8;439.68;0.6816;UNKNOWN
2016-03-01T00:31:05.000000;2016-03-01T00:31:05.000000;eace65df-2697-457f-9bf5-95b7654865b5;439.61;2.9;UNKNOWN
2016-03-01T00:31:05.000000;2016-03-01T00:31:05.000000;5bc768df-4179-48a0-b487-a36198efc2a3;439.61;0.5;UNKNOWN
2016-03-01T00:33:05.000000;2016-03-01T00:33:05.000000;b8605b3d-7365-48b6-8f24-65a612619ada;439.68;2.39531457;UNKNOWN
2016-03-01T00:33:05.000000;2016-03-01T00:33:05.000000;e0b87247-406e-49d6-a2a5-c3040d2e3c40;439.68;0.44845576;UNKNOWN
2016-03-01T00:33:05.000000;2016-03-01T00:33:05.000000;054f35e7-4d26-44bb-9e1e-cbde689bd42a;439.7;0.3516388;UNKNOWN
2016-03-01T00:33:17.000000;2016-03-01T00:33:17.000000;e9534eeb-718e-4665-b829-bfbc6e5f59ad;439.67;0.13727216;UNKNOWN
2016-03-01T00:33:33.000000;2016-03-01T00:33:33.000000;54db35ff-2a09-4c66-b41e-474b49d3f3cd;439.92;0.925;UNKNOWN
2016-03-01T00:33:33.000000;2016-03-01T00:33:33.000000;6b2c834f-6125-45c3-92ee-b060e5c565bd;439.7;0.0483612;UNKNOWN
2016-03-01T00:33:33.000000;2016-03-01T00:33:33.000000;43d33f7d-df42-415d-a37b-ab9d140d35e7;439.99;3.09335429;UNKNOWN
2016-03-01T00:33:33.000000;2016-03-01T00:33:33.000000;671da411-7d3e-4fd9-9925-9cc170d7351c;439.84;5.6532;UNKNOWN
2016-03-01T00:33:33.000000;2016-03-01T00:33:33.000000;bf65d1ee-e4c3-4f57-9f19-63f892c1f786;440.0;0.023;UNKNOWN
2016-03-01T00:33:33.000000;2016-03-01T00:33:33.000000;6a6de525-31f7-468a-b08b-ccb554e07b6d;440.0;0.25;UNKNOWN
2016-03-01T00:33:33.000000;2016-03-01T00:33:33.000000;83c84f92-92ff-4e54-a2c2-523feb9d4c7f;440.0;3.2967;UNKNOWN
2016-03-01T00:33:35.000000;2016-03-01T00:33:35.000000;2c58737e-e05e-4770-afcb-1433f1530bef;440.0;0.4608571;UNKNOWN
2016-03-01T00:33:38.000000;2016-03-01T00:33:38.000000;43e32be3-369c-4fb1-bd8e-d3b254f7e589;440.01;0.0499;UNKNOWN
2016-03-01T00:33:38.000000;2016-03-01T00:33:38.000000;525ccc45-905b-4abf-9a8c-9c6b9bd9cb66;440.1;0.0251;UNKNOWN
2016-03-01T00:33:38.000000;2016-03-01T00:33:38.000000;e753695c-cb42-4f6c-8ee3-b9d7f9aee4d2;440.01;0.925;UNKNOWN
2016-03-01T00:33:46.000000;2016-03-01T00:33:46.000000;6767ed51-00fd-49dd-bf7c-a2c82ccfca0b;440.1;0.8999;UNKNOWN
2016-03-01T00:33:46.000000;2016-03-01T00:33:46.000000;f70da1de-ee9a-491b-be56-4e0e5a329aa3;440.18;0.1001;UNKNOWN
2016-03-01T00:33:55.000000;2016-03-01T00:33:55.000000;d44e1bc9-46b6-41c0-98e5-ccae68fd5131;440.27;0.075;UNKNOWN
2016-03-01T00:33:55.000000;2016-03-01T00:33:55.000000;a4c243e3-15a2-4521-a402-687a5cf25120;440.18;0.767;UNKNOWN
2016-03-01T00:33:55.000000;2016-03-01T00:33:55.000000;a7f638ce-22da-4c90-8fce-41af513ad295;440.18;0.158;UNKNOWN
2016-03-01T00:34:00.000000;2016-03-01T00:34:00.000000;37175e33-6b49-4b8f-aa2c-e51023ccb1de;440.27;0.05531719;UNKNOWN
2016-03-01T00:34:01.000000;2016-03-01T00:34:01.000000;d67f66ae-eb76-48a0-b1c9-43daebf067db;440.34;5.6892;UNKNOWN
2016-03-01T00:34:01.000000;2016-03-01T00:34:01.000000;e217291a-ac1c-47c2-867a-38ae30585f63;440.27;0.79468281;UNKNOWN
2016-03-01T00:34:01.000000;2016-03-01T00:34:01.000000;93edf677-1a0a-487b-9b3c-4004da396720;440.5;0.01;UNKNOWN
2016-03-01T00:34:01.000000;2016-03-01T00:34:01.000000;8a68319b-aee2-425d-9ed7-aa5447fe6f31;440.3;0.01;UNKNOWN
2016-03-01T00:34:01.000000;2016-03-01T00:34:01.000000;596ab0c1-8526-4374-99d5-3e9293773f4b;440.54;0.925;UNKNOWN
2016-03-01T00:34:01.000000;2016-03-01T00:34:01.000000;186ba372-ea53-40de-9c27-98c492fddf1d;440.69;0.00111719;UNKNOWN
2016-03-01T00:34:01.000000;2016-03-01T00:34:01.000000;f97c0dea-1763-43f3-8680-28af1fda18d6;440.5;0.5;UNKNOWN
2016-03-01T00:34:01.000000;2016-03-01T00:34:01.000000;e52de13f-a18a-47d7-bc34-0cd62e45ce52;440.45;0.925;UNKNOWN
2016-03-01T00:34:01.000000;2016-03-01T00:34:01.000000;8bc542c3-0fdf-4b8f-9662-28d6f6dc49af;440.6;0.01;UNKNOWN
2016-03-01T00:34:01.000000;2016-03-01T00:34:01.000000;256ddafe-a8a4-4614-9af7-8653a812d1e2;440.55;0.1;UNKNOWN
2016-03-01T00:34:01.000000;2016-03-01T00:34:01.000000;63f9e6dc-ba6f-497b-ba64-e374dacb83e3;440.36;0.925;UNKNOWN
2016-03-01T00:34:01.000000;2016-03-01T00:34:01.000000;d3850737-386e-4814-a938-739943831f1f;440.45;0.1;UNKNOWN
2016-03-01T00:34:01.000000;2016-03-01T00:34:01.000000;84cbcbac-44af-41b1-bfb5-d81ec032ca10;440.4;0.01;UNKNOWN
2016-03-01T00:34:39.000000;2016-03-01T00:34:39.000000;87dec0b3-5199-4f5f-8106-750c8daff609;440.6;2.0;UNKNOWN
2016-03-01T00:34:50.000000;2016-03-01T00:34:50.000000;1c437d11-1d9a-4055-ab66-cacf55140d4d;440.29;2.0;UNKNOWN
2016-03-01T00:35:02.000000;2016-03-01T00:35:02.000000;28b29e8e-0475-4677-a5fc-9db56d557953;440.64;2.0;UNKNOWN
2016-03-01T00:35:43.000000;2016-03-01T00:35:43.000000;11121e6f-934f-4f41-9574-f41925fb7f84;440.37;2.0;UNKNOWN
2016-03-01T00:36:02.000000;2016-03-01T00:36:02.000000;1d660950-db03-485f-8464-3e08f4060fde;440.18;0.04611795;UNKNOWN
2016-03-01T00:36:58.000000;2016-03-01T00:36:58.000000;c121c14c-429c-47c9-9ce4-7337d2574e0f;440.7;0.03;UNKNOWN
2016-03-01T00:36:58.000000;2016-03-01T00:36:58.000000;aea6fd69-58c5-46f5-9801-1429db5c8a01;440.69;2.69888281;UNKNOWN
2016-03-01T00:36:58.000000;2016-03-01T00:36:58.000000;8a16ab7e-103c-4e3b-a62a-329de0ac5c68;440.59;5.6272;UNKNOWN
2016-03-01T00:36:58.000000;2016-03-01T00:36:58.000000;2839baa0-1e35-4ecc-961e-b2ea7c390c08;440.7;0.01;UNKNOWN
2016-03-01T00:36:58.000000;2016-03-01T00:36:58.000000;fc627d29-53cf-4d84-a513-33c817e8fc99;440.87;1.62391719;UNKNOWN
2016-03-01T00:36:58.000000;2016-03-01T00:36:58.000000;a470442e-712d-4961-a21f-5d28a9db33d4;440.8;0.01;UNKNOWN
2016-03-01T00:37:03.000000;2016-03-01T00:37:03.000000;af5ad7cf-f031-465e-98ce-1a0a776a6ac8;441.0;0.01;UNKNOWN
2016-03-01T00:37:03.000000;2016-03-01T00:37:03.000000;d6aacb00-70d5-408c-9c56-f9d04432b1fd;440.9;0.03;UNKNOWN
2016-03-01T00:37:03.000000;2016-03-01T00:37:03.000000;64040e1c-f481-49e2-a5e7-b40d1a92249a;441.02;0.66724365;UNKNOWN
2016-03-01T00:37:03.000000;2016-03-01T00:37:03.000000;578709f9-3b7c-49c3-8380-e1fd516184bf;441.0;0.03;UNKNOWN
2016-03-01T00:37:03.000000;2016-03-01T00:37:03.000000;5e52fa10-f09a-4a75-8966-84a62b51ea47;440.9;0.01;UNKNOWN
2016-03-01T00:37:05.000000;2016-03-01T00:37:05.000000;eb17b61d-9019-4724-9795-5126e8229852;441.05;0.15;UNKNOWN
2016-03-01T00:37:05.000000;2016-03-01T00:37:05.000000;801c991e-8a80-4dcf-9185-e5116d59c892;441.07;0.22843832;UNKNOWN
2016-03-01T00:37:05.000000;2016-03-01T00:37:05.000000;da4d6fc4-30c7-460e-be17-63746472a1c0;441.02;15.0635;UNKNOWN
2016-03-01T00:37:05.000000;2016-03-01T00:37:05.000000;d90bfb1b-459f-4455-bcf5-158f906746dd;441.08;10.22530533;UNKNOWN
2016-03-01T00:37:05.000000;2016-03-01T00:37:05.000000;10ba8be4-642e-4533-b6c1-e76806bec335;441.02;4.33275635;UNKNOWN
2016-03-01T00:37:09.000000;2016-03-01T00:37:09.000000;35b40e88-5b59-4c4c-bf89-6aa6b29a9108;440.45;0.0454804;UNKNOWN
2016-03-01T00:37:10.000000;2016-03-01T00:37:10.000000;0a00ffbd-9ac5-44a3-bf64-c7caea6b21a6;441.08;7.0;UNKNOWN
2016-03-01T00:38:28.000000;2016-03-01T00:38:28.000000;b14f9d9a-28ef-4d9e-8ebc-008bf9b593e0;440.75;0.07955637;UNKNOWN
2016-03-01T00:39:06.000000;2016-03-01T00:39:06.000000;bbd19a29-6eef-4988-b8dc-e374eeec1ecb;440.87;5.6435;UNKNOWN
2016-03-01T00:39:06.000000;2016-03-01T00:39:06.000000;ec02cb10-80d2-41b5-b362-67364fb6aac7;440.37;4.3565;UNKNOWN
2016-03-01T00:39:08.000000;2016-03-01T00:39:08.000000;74a929b2-7603-4cde-ba1f-05973944445e;440.37;0.1;UNKNOWN
2016-03-01T00:40:06.000000;2016-03-01T00:40:06.000000;964ebef2-d3e0-40b9-83df-5748539696d4;440.41;0.7;UNKNOWN
2016-03-01T00:40:30.000000;2016-03-01T00:40:30.000000;eee5c9b7-0ff8-428e-8d46-5bad62dca020;440.85;0.5;UNKNOWN
2016-03-01T00:40:35.000000;2016-03-01T00:40:35.000000;c8f89e0c-7944-40e6-b4d2-169078414f36;440.85;0.5;UNKNOWN
2016-03-01T00:40:40.000000;2016-03-01T00:40:40.000000;a59ff814-9fbc-4922-bec2-bf189b24c677;440.95;3.0;UNKNOWN
2016-03-01T00:40:46.000000;2016-03-01T00:40:46.000000;2e38a420-a3cc-407b-a664-6a16aaa67290;441.08;15.7;UNKNOWN
2016-03-01T00:41:20.000000;2016-03-01T00:41:20.000000;7f9d4d2e-152c-400b-b2d8-1eeee40c2e0a;441.23;1.1;UNKNOWN
2016-03-01T00:41:20.000000;2016-03-01T00:41:20.000000;b96a2465-8d62-470a-ba44-d2c24b07ba46;441.1;0.03;UNKNOWN
2016-03-01T00:41:20.000000;2016-03-01T00:41:20.000000;282d8279-bbdf-49fd-b7f6-55cdd227d457;441.1;0.01;UNKNOWN
2016-03-01T00:41:20.000000;2016-03-01T00:41:20.000000;1dc8ba20-d38b-4d52-afc2-fba5d282ceb0;441.2;0.03;UNKNOWN
2016-03-01T00:41:20.000000;2016-03-01T00:41:20.000000;9eaecb0b-d552-4204-b7d3-d8e6d5c682cc;441.25;2.0;UNKNOWN
2016-03-01T00:41:20.000000;2016-03-01T00:41:20.000000;2001c74c-794f-4f20-baa6-ba7ba4313b88;441.12;0.4;UNKNOWN
2016-03-01T00:41:20.000000;2016-03-01T00:41:20.000000;d11b0fc6-f7bf-432e-98c8-7241f059923c;441.3;0.01;UNKNOWN
2016-03-01T00:41:20.000000;2016-03-01T00:41:20.000000;f09fa8b5-120d-4328-ad5f-c434a68b5127;441.2;0.01;UNKNOWN
2016-03-01T00:41:20.000000;2016-03-01T00:41:20.000000;2aaee9ee-3f7f-40a9-a6fa-269c94b42310;441.45;0.1;UNKNOWN
2016-03-01T00:41:20.000000;2016-03-01T00:41:20.000000;9a531d07-e85b-4d0c-9bd7-83573c6f5581;441.44;14.9898;UNKNOWN
2016-03-01T00:41:20.000000;2016-03-01T00:41:20.000000;e3b57f3d-4f9a-4e05-8c39-651167bd2acc;441.55;0.2;UNKNOWN
2016-03-01T00:41:20.000000;2016-03-01T00:41:20.000000;211c3443-3e13-47a2-9af6-b44b0f9491fd;441.3;0.03;UNKNOWN
2016-03-01T00:41:20.000000;2016-03-01T00:41:20.000000;153b5099-3fba-4824-8c61-30f72770610d;441.4;0.01;UNKNOWN
2016-03-01T00:41:20.000000;2016-03-01T00:41:20.000000;4e6b010e-69f9-467a-abed-1939b4682a85;441.25;13.6755;UNKNOWN
2016-03-01T00:41:20.000000;2016-03-01T00:41:20.000000;ed8623d4-50ae-495b-ab8b-07b53f17a6b0;441.19;0.23;UNKNOWN
2016-03-01T00:41:20.000000;2016-03-01T00:41:20.000000;d0a5d9b1-ff80-4e7e-ad7c-7a17f71b7c4a;441.5;0.01;UNKNOWN
2016-03-01T00:41:20.000000;2016-03-01T00:41:20.000000;5e389d74-0bcf-4805-9637-71001ac81dda;441.62;8.4639;UNKNOWN
2016-03-01T00:41:20.000000;2016-03-01T00:41:20.000000;b494724b-f61b-4526-a7fe-f55ab3deb741;441.29;13.6908;UNKNOWN
2016-03-01T00:41:20.000000;2016-03-01T00:41:20.000000;5968b79e-99ee-4f3e-b51b-d82c107440d1;441.6;0.01;UNKNOWN
2016-03-01T00:41:20.000000;2016-03-01T00:41:20.000000;41f89291-a2cf-4eb2-aa0f-f0eb2af5df35;441.29;5.0;UNKNOWN
2016-03-01T00:41:27.000000;2016-03-01T00:41:27.000000;0683a7eb-d175-434e-af2c-9a01d5c3f104;441.28;3.0;UNKNOWN
2016-03-01T00:41:27.000000;2016-03-01T00:41:27.000000;66102c0e-48ba-4b5f-b987-68b2879109ad;441.28;0.32727031;UNKNOWN
2016-03-01T00:41:28.000000;2016-03-01T00:41:28.000000;1d541f7b-045c-4005-9114-64a1918cf1f0;441.7;0.03;UNKNOWN
2016-03-01T00:41:28.000000;2016-03-01T00:41:28.000000;57bf5236-aa04-40ed-ba04-2511144c3da1;441.8;14.5416;UNKNOWN
2016-03-01T00:41:28.000000;2016-03-01T00:41:28.000000;057189e5-259f-41f3-adc8-e33c16d142b7;441.97;0.15416679;UNKNOWN
2016-03-01T00:41:28.000000;2016-03-01T00:41:28.000000;aafd2afe-6836-4b65-8c50-3eb1ce448f41;441.66;3.32446808;UNKNOWN
2016-03-01T00:41:28.000000;2016-03-01T00:41:28.000000;fc2444f6-4a08-4835-aa09-b4dfcc63f6e0;441.66;11.9954;UNKNOWN
2016-03-01T00:41:28.000000;2016-03-01T00:41:28.000000;adc3e00f-3ae1-46e9-91bb-c73b65cabfbb;441.8;1.99;UNKNOWN
2016-03-01T00:41:28.000000;2016-03-01T00:41:28.000000;8602826d-60d0-4aeb-91eb-ad6efa63feee;441.9;0.03;UNKNOWN
2016-03-01T00:41:28.000000;2016-03-01T00:41:28.000000;19b11df7-0b03-4c51-a855-ed0877ab8b92;441.7;0.01;UNKNOWN
2016-03-01T00:41:28.000000;2016-03-01T00:41:28.000000;742b1706-8b37-4fae-9dfd-700083e0bb9a;441.95;0.2;UNKNOWN
2016-03-01T00:41:28.000000;2016-03-01T00:41:28.000000;ee5e5380-8ae9-480e-8258-54bbe0e46300;441.9;0.01;UNKNOWN
2016-03-01T00:41:28.000000;2016-03-01T00:41:28.000000;24bef550-62a2-4692-9876-7d27f8e61d29;441.97;11.10701852;UNKNOWN
2016-03-01T00:41:28.000000;2016-03-01T00:41:28.000000;45dd8660-4452-4823-8303-236fca74c44a;441.8;0.01;UNKNOWN
2016-03-01T00:41:28.000000;2016-03-01T00:41:28.000000;58d5f27b-648c-4ac6-ab54-7cedbe11272e;441.87;0.23;UNKNOWN
2016-03-01T00:41:28.000000;2016-03-01T00:41:28.000000;62dce3ef-6fba-44fc-938e-e07732d0f4f1;441.85;3.3236578;UNKNOWN
2016-03-01T00:41:28.000000;2016-03-01T00:41:28.000000;15d188a2-bbd2-4169-93bb-67ccdf8d99e7;441.81;3.3236578;UNKNOWN
2016-03-01T00:41:28.000000;2016-03-01T00:41:28.000000;eba331a5-3922-469b-a03a-239f1830141b;441.88;3.3236578;UNKNOWN
2016-03-01T00:41:32.000000;2016-03-01T00:41:32.000000;8f872f28-d00a-4aa6-be7d-224fa52f3755;441.25;0.02389;UNKNOWN
2016-03-01T00:41:35.000000;2016-03-01T00:41:35.000000;49046473-dfca-4e3f-b5fd-1b2bc5a1e13e;441.27;0.02389;UNKNOWN
2016-03-01T00:41:36.000000;2016-03-01T00:41:36.000000;f0b4f237-2bbb-4b51-86e5-b4c208761fbb;441.97;2.82291469;UNKNOWN
2016-03-01T00:41:36.000000;2016-03-01T00:41:36.000000;7c2871c9-8136-44c3-adbe-ee4251dc6eff;441.78;11.4741;UNKNOWN
2016-03-01T00:41:36.000000;2016-03-01T00:41:36.000000;58900aec-206c-46c5-b3f3-0a8436aa7819;442.0;29.20951331;UNKNOWN
2016-03-01T00:41:36.000000;2016-03-01T00:41:36.000000;aeaafd5b-be16-48c9-b426-c45e29c53ca3;442.0;0.1840158;UNKNOWN
2016-03-01T00:41:36.000000;2016-03-01T00:41:36.000000;8332534f-5283-4716-bbab-fa549bdbabdc;441.99;4.5;UNKNOWN
2016-03-01T00:41:36.000000;2016-03-01T00:41:36.000000;f904bf2d-dcf2-45fd-8ee0-1dd75b8bc4fa;442.0;0.05;UNKNOWN
2016-03-01T00:41:36.000000;2016-03-01T00:41:36.000000;b973e740-673b-4290-b723-d01f2bf39a08;441.78;6.0;UNKNOWN
2016-03-01T00:41:36.000000;2016-03-01T00:41:36.000000;85dac4da-d93e-471a-92a7-c80c143de93e;441.77;0.5;UNKNOWN
2016-03-01T00:41:36.000000;2016-03-01T00:41:36.000000;a85c00f5-9a1e-4d51-89de-a2cae8c8e27e;441.8;3.3281562;UNKNOWN
2016-03-01T00:41:36.000000;2016-03-01T00:41:36.000000;08d44499-3ea8-416b-964d-1d1cb02e8488;442.0;0.65;UNKNOWN
2016-03-01T00:41:36.000000;2016-03-01T00:41:36.000000;8eda7c95-6af2-43b4-94a2-44750bc965f0;441.77;3.0;UNKNOWN
2016-03-01T00:41:36.000000;2016-03-01T00:41:36.000000;0a01fb6a-7302-4c65-804a-63b2087ae7b8;441.79;13.6813;UNKNOWN
2016-03-01T00:41:36.000000;2016-03-01T00:41:36.000000;d8899bba-a608-4eb8-aff5-a7620a4b23e0;441.99;4.6;UNKNOWN
2016-03-01T00:41:36.000000;2016-03-01T00:41:36.000000;6dddd1fa-952d-4ab5-917c-0c6149b51446;441.99;20.0;UNKNOWN
2016-03-01T00:42:09.000000;2016-03-01T00:42:09.000000;4a24705c-2b81-4a64-a392-a96ae41fca89;441.51;1.0;UNKNOWN
2016-03-01T00:43:00.000000;2016-03-01T00:43:00.000000;92d8bb78-60b0-41f1-81ed-4db585bd3a71;441.8;15.987;UNKNOWN
2016-03-01T00:43:00.000000;2016-03-01T00:43:00.000000;2c869e62-e0ca-4601-8e04-750bf61307a3;441.78;3.32583173;UNKNOWN
2016-03-01T00:43:00.000000;2016-03-01T00:43:00.000000;2e7ddf04-faa2-4ba0-885a-17b806206774;441.78;3.32631112;UNKNOWN
2016-03-01T00:43:00.000000;2016-03-01T00:43:00.000000;018c166d-db11-4bdf-96b8-526010437a00;441.84;3.32645865;UNKNOWN
2016-03-01T00:43:00.000000;2016-03-01T00:43:00.000000;22c7ae7f-cc3a-4176-9cad-c1ef9e64b28f;441.78;3.32583173;UNKNOWN
2016-03-01T00:43:00.000000;2016-03-01T00:43:00.000000;f715335e-76eb-4938-9bdf-7baaf470f825;441.7;1.0;UNKNOWN
2016-03-01T00:43:00.000000;2016-03-01T00:43:00.000000;afccaeb3-97bf-43ae-a475-a72c803c4349;441.9;3.32546307;UNKNOWN
2016-03-01T00:43:00.000000;2016-03-01T00:43:00.000000;f46aa635-be18-4024-97a7-b5a00c843645;441.78;3.32631112;UNKNOWN
2016-03-01T00:43:00.000000;2016-03-01T00:43:00.000000;fbf2e0f3-c202-41e4-af02-bd1ddf131970;441.8;3.3281562;UNKNOWN
2016-03-01T00:43:00.000000;2016-03-01T00:43:00.000000;9b9b0efb-7507-45be-841e-1bf3f1f9e179;441.94;4.72863638;UNKNOWN
2016-03-01T00:43:05.000000;2016-03-01T00:43:05.000000;8fb521d9-8b18-4807-9cc4-fe309100de31;441.57;0.0252;UNKNOWN
2016-03-01T00:43:14.000000;2016-03-01T00:43:14.000000;3ce36794-b0d1-4741-9b05-e27231a8c310;441.61;5.5891;UNKNOWN
2016-03-01T00:43:14.000000;2016-03-01T00:43:14.000000;6ea003be-9a66-40a1-a6e4-5fced9ee3e1d;441.31;6.0;UNKNOWN
2016-03-01T00:43:14.000000;2016-03-01T00:43:14.000000;14d80852-0278-4448-9767-f50cb2439a3f;441.01;11.6423;UNKNOWN
2016-03-01T00:43:14.000000;2016-03-01T00:43:14.000000;9e1859de-ee05-4391-8125-1767db563005;441.61;0.5;UNKNOWN
2016-03-01T00:43:14.000000;2016-03-01T00:43:14.000000;61815da4-9746-42e7-b85d-b99b6d73d6ed;441.6;3.0;UNKNOWN
2016-03-01T00:43:14.000000;2016-03-01T00:43:14.000000;0ddc6293-5f3b-4bf8-a32b-47364d79ec54;441.02;13.2686;UNKNOWN
2016-03-01T00:43:51.000000;2016-03-01T00:43:51.000000;a8f5e214-6586-4865-a9c3-07376bb706f7;441.7;0.2;UNKNOWN
2016-03-01T00:43:51.000000;2016-03-01T00:43:51.000000;71473313-5bba-4766-9efd-3c4148b98ab5;441.7;1.0;UNKNOWN
2016-03-01T00:43:54.000000;2016-03-01T00:43:54.000000;32f47acc-70ba-4cc2-af69-55d67c5f7c56;441.69;0.5;UNKNOWN
2016-03-01T00:43:54.000000;2016-03-01T00:43:54.000000;86d62ae0-4beb-4b8f-a44a-0d9c1ba8b0cd;441.76;6.0;UNKNOWN
2016-03-01T00:43:54.000000;2016-03-01T00:43:54.000000;c9b45fcf-4200-4ad2-b5d5-2c971f88de12;441.97;12.0;UNKNOWN
2016-03-01T00:43:54.000000;2016-03-01T00:43:54.000000;66fab8f6-088b-48f2-a22d-9590bf8ad3a4;441.98;13.93793638;UNKNOWN
2016-03-01T00:43:54.000000;2016-03-01T00:43:54.000000;dd58e592-7cfb-4a52-9a09-a707f240ae09;441.94;9.08876362;UNKNOWN
2016-03-01T00:43:54.000000;2016-03-01T00:43:54.000000;2fac53c3-2c91-4a78-a764-b1a166ead431;441.69;3.0;UNKNOWN
2016-03-01T00:43:54.000000;2016-03-01T00:43:54.000000;a2504d0a-631f-448b-8d0b-9040f8549699;441.7;5.4733;UNKNOWN
2016-03-01T00:43:57.000000;2016-03-01T00:43:57.000000;ba8d389e-70e5-4125-9792-93d0ea201526;442.0;2.9880867;UNKNOWN
2016-03-01T00:44:00.000000;2016-03-01T00:44:00.000000;bab28a3e-c914-4d50-af95-80d44a863fb1;442.0;1.0;UNKNOWN
2016-03-01T00:44:00.000000;2016-03-01T00:44:00.000000;eb226985-9f76-47bd-a883-3f0f515a3583;441.39;0.4;UNKNOWN
2016-03-01T00:44:09.000000;2016-03-01T00:44:09.000000;bf32b2ab-c145-44a4-acac-b1e2b2b57c32;442.0;10.0;UNKNOWN
2016-03-01T00:44:11.000000;2016-03-01T00:44:11.000000;68f91860-f8f3-493d-9aa3-bc70d6a3f4fb;442.0;55.3;UNKNOWN
2016-03-01T00:44:17.000000;2016-03-01T00:44:17.000000;168068a7-6097-442e-8b0f-954a79fd5b54;441.51;0.02389;UNKNOWN
2016-03-01T00:44:17.000000;2016-03-01T00:44:17.000000;624828dc-d293-4924-8de6-76170fc5edd4;441.51;0.13;UNKNOWN
2016-03-01T00:44:20.000000;2016-03-01T00:44:20.000000;fd6cea87-d8a2-4fd5-af37-34c0ffac9b6e;442.27;1.10120339;UNKNOWN
2016-03-01T00:44:20.000000;2016-03-01T00:44:20.000000;119aee95-d4c3-4886-86e7-6e6c8e03ce29;442.0;0.01;UNKNOWN
2016-03-01T00:44:20.000000;2016-03-01T00:44:20.000000;5b45722e-f2e6-48fe-a53b-a4f61586e55e;442.13;0.19160188;UNKNOWN
2016-03-01T00:44:20.000000;2016-03-01T00:44:20.000000;78668eb2-4844-41bc-a449-829ea64f2fbc;442.1;0.01;UNKNOWN
2016-03-01T00:44:20.000000;2016-03-01T00:44:20.000000;c9dd5547-51ff-4d6e-979c-761b2eebb1b7;442.2;0.01;UNKNOWN
2016-03-01T00:44:20.000000;2016-03-01T00:44:20.000000;597140f2-8308-4ac4-b37f-23674978f9bc;442.0;0.5;UNKNOWN
2016-03-01T00:44:20.000000;2016-03-01T00:44:20.000000;b3f356b3-d29e-4d2f-b121-86b737a36ce2;442.0;0.11;UNKNOWN
2016-03-01T00:44:20.000000;2016-03-01T00:44:20.000000;2a06aa01-c8b0-4ce4-9b96-9abbaac111da;442.2;0.03;UNKNOWN
2016-03-01T00:44:20.000000;2016-03-01T00:44:20.000000;fbd7df5c-951b-47ee-8899-4f03bae32234;442.1;0.24181854;UNKNOWN
2016-03-01T00:44:20.000000;2016-03-01T00:44:20.000000;83ed220b-7b0d-42e7-91ab-6fadac790215;442.05;0.25;UNKNOWN
2016-03-01T00:44:20.000000;2016-03-01T00:44:20.000000;61d09c41-862c-4df0-b88d-005d21bb48b8;442.0;0.0329762;UNKNOWN
2016-03-01T00:44:20.000000;2016-03-01T00:44:20.000000;5a9d50ff-6c33-4d76-a2b2-e374f861107a;442.0;1.50239999;UNKNOWN
2016-03-01T00:44:20.000000;2016-03-01T00:44:20.000000;63ff8a66-fa60-4373-bed1-f4cc1767e789;442.0;1.01;UNKNOWN
2016-03-01T00:44:24.000000;2016-03-01T00:44:24.000000;765edbf0-bb2b-43a7-8481-47fc0fc8dc10;442.27;3.89879661;UNKNOWN
2016-03-01T00:44:24.000000;2016-03-01T00:44:24.000000;3e03b4dc-8f9e-4be6-a771-2be93b2e9846;442.3;0.01;UNKNOWN
2016-03-01T00:44:24.000000;2016-03-01T00:44:24.000000;4d3216ed-acdd-4054-b1c9-b7b974c84320;442.3;6.09120339;UNKNOWN
2016-03-01T00:44:25.000000;2016-03-01T00:44:25.000000;07e7e635-7e6b-4955-8ab0-eaffe5147235;442.3;0.06;UNKNOWN
2016-03-01T00:44:28.000000;2016-03-01T00:44:28.000000;f5d871a8-743a-4dbd-8797-54383032661d;442.3;0.25;UNKNOWN
2016-03-01T00:44:30.000000;2016-03-01T00:44:30.000000;0eabd375-6e25-4624-b051-523d7bccd1e1;442.3;3.59879661;UNKNOWN
2016-03-01T00:44:30.000000;2016-03-01T00:44:30.000000;129e3102-67ca-453c-b450-00a26c995d44;442.36;1.40120339;UNKNOWN
2016-03-01T00:44:37.000000;2016-03-01T00:44:37.000000;f872b2e6-bcef-4b8c-8fc1-b6fcea7723cc;441.63;0.47173015;UNKNOWN
2016-03-01T00:44:54.000000;2016-03-01T00:44:54.000000;e6da8507-5139-4e1f-9f02-00a2a2809344;441.71;2.70415906;UNKNOWN
2016-03-01T00:45:45.000000;2016-03-01T00:45:45.000000;5484d893-eda9-4cba-b69e-f26035d2aed9;441.94;0.03060682;UNKNOWN
2016-03-01T00:46:17.000000;2016-03-01T00:46:17.000000;2d2aa262-45c7-4886-8471-5cdf13559dd5;442.36;3.59879661;UNKNOWN
2016-03-01T00:46:17.000000;2016-03-01T00:46:17.000000;b28844c1-2897-439e-b749-fbc9ba1dc2e4;442.4;0.03;UNKNOWN
2016-03-01T00:46:17.000000;2016-03-01T00:46:17.000000;3d7b77ed-4fa8-4fe3-99bc-123a4841abfb;442.49;0.0101;UNKNOWN
2016-03-01T00:46:17.000000;2016-03-01T00:46:17.000000;a95c8bc8-631b-4225-9938-88303e64eade;442.5;1.28849926;UNKNOWN
2016-03-01T00:46:17.000000;2016-03-01T00:46:17.000000;4cecb31f-0b38-4fde-aa40-732ae9f4918f;442.49;14.8806;UNKNOWN
2016-03-01T00:46:17.000000;2016-03-01T00:46:17.000000;5d01157c-8135-41ce-8052-5f770b36fc34;442.45;0.1;UNKNOWN
2016-03-01T00:46:17.000000;2016-03-01T00:46:17.000000;3fb614cc-77cd-4f36-96a0-e0cc73aff245;442.39;0.07200413;UNKNOWN
2016-03-01T00:46:17.000000;2016-03-01T00:46:17.000000;baf7265a-96c1-4ed3-8dc3-6bd243ad3a00;442.4;0.01;UNKNOWN
2016-03-01T00:46:17.000000;2016-03-01T00:46:17.000000;3be47852-9cd4-4530-a073-b5771c77dde3;442.5;0.01;UNKNOWN
2016-03-01T00:46:19.000000;2016-03-01T00:46:19.000000;133359f9-881f-4d86-9e32-a6096d2ae775;442.12;0.3459;UNKNOWN
2016-03-01T00:46:21.000000;2016-03-01T00:46:21.000000;2b30c4f7-23bd-41d4-b7c6-bd700a4b10f6;442.12;0.06800895;UNKNOWN
2016-03-01T00:46:23.000000;2016-03-01T00:46:23.000000;3c61e1d1-b05f-40eb-81c9-0cc6d298df6c;442.79;11.5252;UNKNOWN
2016-03-01T00:46:23.000000;2016-03-01T00:46:23.000000;79877a90-5673-4cfe-8fbd-f3a8d7ac877a;442.23;13.0;UNKNOWN
2016-03-01T00:46:23.000000;2016-03-01T00:46:23.000000;de4ca568-f9c0-4a84-bf84-00378353aa55;442.51;1.0;UNKNOWN
2016-03-01T00:46:23.000000;2016-03-01T00:46:23.000000;577d2526-a071-4812-83e0-4c52bcc16253;442.7;14.1548;UNKNOWN
2016-03-01T00:46:23.000000;2016-03-01T00:46:23.000000;ade2f20a-3035-4670-9070-95361e9813b2;442.55;0.3;UNKNOWN
2016-03-01T00:46:23.000000;2016-03-01T00:46:23.000000;c065bea3-9040-4ed1-90cb-207af51f827c;442.7;0.01;UNKNOWN
2016-03-01T00:46:23.000000;2016-03-01T00:46:23.000000;19bb050b-2435-4f9f-9b88-988395493c9b;442.6;0.01;UNKNOWN
2016-03-01T00:46:37.000000;2016-03-01T00:46:37.000000;b0a4420d-60a4-4472-b2e9-fb2e18560fb7;442.16;0.8396;UNKNOWN
2016-03-01T00:46:41.000000;2016-03-01T00:46:41.000000;df9f6faf-11a2-4f7f-b85f-676ea11f0272;442.2;1.0;UNKNOWN
2016-03-01T00:46:41.000000;2016-03-01T00:46:41.000000;99397a4c-4b5a-490c-be5b-41f3a6f3ff5f;442.79;1.0;UNKNOWN
2016-03-01T00:47:20.000000;2016-03-01T00:47:20.000000;34640567-4f90-4120-87a0-dd6a3b241342;442.51;0.01;UNKNOWN
2016-03-01T00:47:27.000000;2016-03-01T00:47:27.000000;00f43493-13a7-4dd5-94da-f66e707d17b6;442.39;0.5;UNKNOWN
2016-03-01T00:47:27.000000;2016-03-01T00:47:27.000000;ff2af0d0-c86a-48c8-b236-0520eee37efc;442.39;0.5;UNKNOWN
2016-03-01T00:47:32.000000;2016-03-01T00:47:32.000000;f04c6b7b-cc99-4d4e-a190-95881595e3a2;442.4;0.02;UNKNOWN
2016-03-01T00:47:39.000000;2016-03-01T00:47:39.000000;6c403bfb-43aa-4382-8301-9708e3a68927;442.39;2.65;UNKNOWN
2016-03-01T00:47:41.000000;2016-03-01T00:47:41.000000;eb29f508-2809-4184-b973-a21db2b36cad;442.35;0.04378302;UNKNOWN
2016-03-01T00:47:41.000000;2016-03-01T00:47:41.000000;0d4e00de-085d-422c-8ddd-858d858a7844;442.38;0.35784505;UNKNOWN
2016-03-01T00:47:41.000000;2016-03-01T00:47:41.000000;4e60ea9e-4db4-443c-8dd5-a0a34a06e8f5;442.38;0.30637193;UNKNOWN
2016-03-01T00:47:41.000000;2016-03-01T00:47:41.000000;8898209d-d85c-4ec9-ab31-cd9f1d8d5a10;442.37;0.292;UNKNOWN
2016-03-01T00:47:47.000000;2016-03-01T00:47:47.000000;c060efe8-632d-44b2-806f-e7e681dbd687;442.35;1.0;UNKNOWN
2016-03-01T00:47:57.000000;2016-03-01T00:47:57.000000;e5ac6cf1-529b-4560-81a4-89cca6601399;442.39;0.1;UNKNOWN
2016-03-01T00:48:00.000000;2016-03-01T00:48:00.000000;8d3cfeba-0fdc-40e6-9523-add516015ed3;442.35;0.04521698;UNKNOWN
2016-03-01T00:48:01.000000;2016-03-01T00:48:01.000000;d6e84b54-b0a4-464c-9e28-838878a27618;442.31;0.319;UNKNOWN
2016-03-01T00:48:43.000000;2016-03-01T00:48:43.000000;4b6c297e-e5f6-437f-889c-17fa504f1d67;442.2;10.0;UNKNOWN
2016-03-01T00:49:03.000000;2016-03-01T00:49:03.000000;cf7b0a13-5cd8-485f-8126-be0a88704dfb;442.21;0.01;UNKNOWN
2016-03-01T00:49:04.000000;2016-03-01T00:49:04.000000;c5c7bb16-88ea-475a-911e-399261b73314;442.2;2.0;UNKNOWN
2016-03-01T00:49:45.000000;2016-03-01T00:49:45.000000;7cc13b9f-149e-47c4-9c2b-154e530b6ee6;442.21;0.03;UNKNOWN
2016-03-01T00:49:53.000000;2016-03-01T00:49:53.000000;df720472-7686-4fa3-8d9b-8924160aeb21;442.2;0.01;UNKNOWN
2016-03-01T00:50:42.000000;2016-03-01T00:50:42.000000;37b35e4d-c280-4f28-8dc3-7389cd010fa7;442.21;1.5832;UNKNOWN
2016-03-01T00:51:39.000000;2016-03-01T00:51:39.000000;1204add6-5301-4077-b89d-64225fe7131f;442.2;0.8398;UNKNOWN
2016-03-01T00:53:01.000000;2016-03-01T00:53:01.000000;a88777a9-85d7-4c09-9d29-2ce76304f46f;442.2;32.1502;UNKNOWN
2016-03-01T00:53:01.000000;2016-03-01T00:53:01.000000;f679dabd-e396-4ef1-95f3-9d21f8e42507;441.79;15.694;UNKNOWN
2016-03-01T00:53:01.000000;2016-03-01T00:53:01.000000;f3664d18-d9e8-4d82-9224-ea757ccf573a;442.2;0.38063505;UNKNOWN
2016-03-01T00:53:01.000000;2016-03-01T00:53:01.000000;1b9b796d-8eb9-45de-85c5-818bae23c91b;442.2;0.11713649;UNKNOWN
2016-03-01T00:53:01.000000;2016-03-01T00:53:01.000000;a34812ea-36a2-4853-b053-98935edd2e3d;441.59;2.65046546;UNKNOWN
2016-03-01T00:53:01.000000;2016-03-01T00:53:01.000000;911a91dc-9af2-44e0-84f2-9443b6fc259c;442.01;15.9644;UNKNOWN
2016-03-01T00:53:01.000000;2016-03-01T00:53:01.000000;d9330095-1a5e-4fe6-9492-ed9084ba295c;442.02;5.6195;UNKNOWN
2016-03-01T00:53:05.000000;2016-03-01T00:53:05.000000;dcc774a6-2e33-4f46-924a-02826df121fa;441.51;0.228767;UNKNOWN
2016-03-01T00:53:08.000000;2016-03-01T00:53:08.000000;b30e0496-9d38-4324-8113-f9ab49591b80;441.51;5.60828535;UNKNOWN
2016-03-01T00:53:08.000000;2016-03-01T00:53:08.000000;ca4fbf8c-9e39-4478-b17a-0b376a736be1;441.51;0.696233;UNKNOWN
2016-03-01T00:54:05.000000;2016-03-01T00:54:05.000000;c5993ff8-c242-494f-a938-0f304455b5cb;441.51;1.2551;UNKNOWN
2016-03-01T00:54:10.000000;2016-03-01T00:54:10.000000;4f19df62-d882-40d5-be2d-16f3d9d00c15;441.51;0.055;UNKNOWN
2016-03-01T00:54:33.000000;2016-03-01T00:54:33.000000;3faa0c9d-5d21-41c6-80fc-989edbbbf348;441.51;2.2;UNKNOWN
2016-03-01T00:54:43.000000;2016-03-01T00:54:43.000000;b504a1e2-91ac-497f-83cf-3aefdb37d620;441.33;0.925;UNKNOWN
2016-03-01T00:54:43.000000;2016-03-01T00:54:43.000000;4d892ec4-dd9e-425c-83b4-e32cd49632e9;441.2;0.01;UNKNOWN
2016-03-01T00:54:43.000000;2016-03-01T00:54:43.000000;b36e2213-953a-4ca8-8b6d-5bea5ec4bf3f;441.42;0.925;UNKNOWN
2016-03-01T00:54:43.000000;2016-03-01T00:54:43.000000;31c1e861-b070-45a9-bac0-6c0e68030a19;441.5;25.0;UNKNOWN
2016-03-01T00:54:43.000000;2016-03-01T00:54:43.000000;f827f4a4-a590-4bf2-99a9-0e55808ff070;441.24;0.925;UNKNOWN
2016-03-01T00:54:43.000000;2016-03-01T00:54:43.000000;7db4a9fc-3084-450d-bc0a-56e98afc2631;441.51;6.445;UNKNOWN
2016-03-01T00:54:43.000000;2016-03-01T00:54:43.000000;06a8c662-a193-4fb1-ba05-0e8111644d81;441.16;16.293388;UNKNOWN
2016-03-01T00:54:48.000000;2016-03-01T00:54:48.000000;d2d4e5c7-9f6b-4926-a020-a703d485eb82;441.05;2.58868378;UNKNOWN
2016-03-01T00:54:48.000000;2016-03-01T00:54:48.000000;d98e1d54-b889-45d0-a553-a0d0024c928a;441.11;0.01056247;UNKNOWN
2016-03-01T00:54:48.000000;2016-03-01T00:54:48.000000;cce09fb9-67e0-4844-b0d9-4aac54b99183;441.06;0.925;UNKNOWN
2016-03-01T00:54:48.000000;2016-03-01T00:54:48.000000;e200b0c7-6731-4809-b81a-03d03d0ea6d7;441.15;0.925;UNKNOWN
2016-03-01T00:54:48.000000;2016-03-01T00:54:48.000000;b866a259-e4a4-42b0-97b8-62ea889864da;441.1;0.01;UNKNOWN
2016-03-01T00:55:03.000000;2016-03-01T00:55:03.000000;acfe2069-bc4b-4b6e-aa4c-c89060dbdf30;441.21;3.85;UNKNOWN
2016-03-01T00:55:03.000000;2016-03-01T00:55:03.000000;c480df63-4e56-4d99-8ec3-cdcca1f0918d;441.29;10.0;UNKNOWN
2016-03-01T00:55:06.000000;2016-03-01T00:55:06.000000;63029c43-63c6-46de-a2a9-bd6642dae32d;441.22;0.5;UNKNOWN
2016-03-01T00:55:06.000000;2016-03-01T00:55:06.000000;97bdebae-a77c-4643-9d9a-3264b7f5a6a2;441.21;0.35;UNKNOWN
2016-03-01T00:55:06.000000;2016-03-01T00:55:06.000000;bed9d887-ebc4-441a-b851-040b5012d501;441.22;3.0;UNKNOWN
2016-03-01T00:55:16.000000;2016-03-01T00:55:16.000000;00f3d3e4-dc1f-49a4-8cc0-87235d8f46ac;440.9;0.03;UNKNOWN
2016-03-01T00:55:16.000000;2016-03-01T00:55:16.000000;16ebad54-3bfd-41eb-a7cb-df056ccf4f56;440.98;14.4845;UNKNOWN
2016-03-01T00:55:16.000000;2016-03-01T00:55:16.000000;90741b01-f133-42d8-b0e5-0e3d293ed006;441.21;6.9052;UNKNOWN
2016-03-01T00:55:16.000000;2016-03-01T00:55:16.000000;4b38c201-2d6e-4950-a84d-d15c962aec8c;441.03;3.32277429;UNKNOWN
2016-03-01T00:55:16.000000;2016-03-01T00:55:16.000000;3a45fb67-52d5-4cba-a1fe-e15e70e8d324;440.84;3.32306874;UNKNOWN
2016-03-01T00:55:16.000000;2016-03-01T00:55:16.000000;1958db93-cc64-460e-9e64-c91714c9ab67;440.89;0.925;UNKNOWN
2016-03-01T00:55:16.000000;2016-03-01T00:55:16.000000;eca5ff93-489d-412f-9125-75ff3e98a849;440.91;3.32310555;UNKNOWN
2016-03-01T00:55:16.000000;2016-03-01T00:55:16.000000;cfc3514a-afae-42f6-bdc1-9c7225d7960a;440.99;3.32277429;UNKNOWN
2016-03-01T00:55:16.000000;2016-03-01T00:55:16.000000;1b3d8b04-2557-4c30-81e8-9c02428a4403;441.0;0.01;UNKNOWN
2016-03-01T00:55:16.000000;2016-03-01T00:55:16.000000;76364e53-aca9-4a75-9388-1034c1688ef6;440.92;12.0;UNKNOWN
2016-03-01T00:55:16.000000;2016-03-01T00:55:16.000000;a1b55128-61d1-47e1-a241-d62e01cefbb3;440.81;15.95283158;UNKNOWN
2016-03-01T00:55:16.000000;2016-03-01T00:55:16.000000;0910cdd7-f947-498e-b791-980234964028;440.87;3.32310555;UNKNOWN
2016-03-01T00:55:16.000000;2016-03-01T00:55:16.000000;5bf0aeba-5032-40d6-a7ad-140a007a5c6a;440.9;0.01;UNKNOWN
2016-03-01T00:55:22.000000;2016-03-01T00:55:22.000000;1b3ae441-7c98-4c50-ae64-658f597ffa65;440.87;3.32259029;UNKNOWN
2016-03-01T00:55:22.000000;2016-03-01T00:55:22.000000;7837f218-827d-4273-8638-e48e43dedb4d;440.85;3.32328961;UNKNOWN
2016-03-01T00:55:22.000000;2016-03-01T00:55:22.000000;bf198027-a5ce-40fb-8320-8ccd318fdf5e;440.73;16.0947;UNKNOWN
2016-03-01T00:55:22.000000;2016-03-01T00:55:22.000000;91478869-36b1-466b-8ca2-706be90e0054;440.21;4.30558711;UNKNOWN
2016-03-01T00:55:22.000000;2016-03-01T00:55:22.000000;1b461982-8810-4c54-84f9-f9a5eef9a0a9;440.61;14.4086;UNKNOWN
2016-03-01T00:55:22.000000;2016-03-01T00:55:22.000000;c25df76e-3d44-401a-8836-0cd82ce26d2c;440.27;13.0429;UNKNOWN
2016-03-01T00:55:22.000000;2016-03-01T00:55:22.000000;2b0d9187-e6f7-4843-b1e4-56bd1517c591;440.28;5.95;UNKNOWN
2016-03-01T00:55:22.000000;2016-03-01T00:55:22.000000;87bb83aa-755e-4513-a92d-299416c301f6;440.22;1.92;UNKNOWN
2016-03-01T00:55:22.000000;2016-03-01T00:55:22.000000;a61082fc-bd87-4dca-b668-a7867c2f6214;440.8;0.01;UNKNOWN
2016-03-01T00:55:22.000000;2016-03-01T00:55:22.000000;65406c71-2bf3-4494-9fc3-453ffb825c7b;440.6;0.01;UNKNOWN
2016-03-01T00:55:22.000000;2016-03-01T00:55:22.000000;1b003a0e-3a0b-40b7-b0dc-bf0097d72848;440.5;0.01;UNKNOWN
2016-03-01T00:55:22.000000;2016-03-01T00:55:22.000000;8f9b4b25-e8b4-42b6-8822-4d5f6b7d72df;440.72;23.69265538;UNKNOWN
2016-03-01T00:55:22.000000;2016-03-01T00:55:22.000000;dc41bcce-cb91-4b31-9c68-32d1d26988d1;440.42;13.078;UNKNOWN
2016-03-01T00:55:22.000000;2016-03-01T00:55:22.000000;d82e3578-09b5-4c4b-80f8-02d0a1673358;440.8;0.925;UNKNOWN
2016-03-01T00:55:22.000000;2016-03-01T00:55:22.000000;1f145bcd-80d0-41ad-ad8b-604528da9f40;440.6;0.03;UNKNOWN
2016-03-01T00:55:22.000000;2016-03-01T00:55:22.000000;4ac1392c-aee6-4551-bd7b-f67c64e98add;440.4;0.01;UNKNOWN
2016-03-01T00:55:22.000000;2016-03-01T00:55:22.000000;9c309327-3b43-4aed-857c-3876ead00128;440.81;3.32328961;UNKNOWN
2016-03-01T00:55:22.000000;2016-03-01T00:55:22.000000;450411dd-1dd5-4ad2-8cb0-7a50ee97d3c1;440.3;0.01;UNKNOWN
2016-03-01T00:55:22.000000;2016-03-01T00:55:22.000000;c198e7aa-08b7-467a-befa-a31f2ff593f8;440.7;0.01;UNKNOWN
2016-03-01T00:56:01.000000;2016-03-01T00:56:01.000000;eba677f4-4d85-47a7-98fc-367453eb705a;441.46;15.3091;UNKNOWN
2016-03-01T00:56:01.000000;2016-03-01T00:56:01.000000;d7b412bf-d6c3-4eac-86d3-e2b570dc1ff0;441.5;0.012;UNKNOWN
2016-03-01T00:56:01.000000;2016-03-01T00:56:01.000000;95df6077-c2a5-4320-9596-b1b06471b189;441.25;50.877137;UNKNOWN
2016-03-01T00:56:01.000000;2016-03-01T00:56:01.000000;6ee02e99-b84e-4846-9202-e92d0e968014;440.99;5.6555;UNKNOWN
2016-03-01T00:56:01.000000;2016-03-01T00:56:01.000000;e90a4741-961c-47bc-bab4-a300b7bdd728;441.51;50.0;UNKNOWN
2016-03-01T00:56:01.000000;2016-03-01T00:56:01.000000;a5df13e2-1ba8-415d-bea6-6fe38c2ed12a;441.52;31.17297298;UNKNOWN
2016-03-01T00:56:01.000000;2016-03-01T00:56:01.000000;e2c4a22b-68eb-4fd6-ab4c-7be6867b22b9;440.89;1.99;UNKNOWN
2016-03-01T00:56:01.000000;2016-03-01T00:56:01.000000;58dd725b-66b7-4703-bcb8-09bc201b5486;441.0;0.24959002;UNKNOWN
2016-03-01T00:56:01.000000;2016-03-01T00:56:01.000000;7ffe6f9d-adeb-4381-8902-70500cf76b5f;441.48;15.1907;UNKNOWN
2016-03-01T00:56:01.000000;2016-03-01T00:56:01.000000;ff74bf3c-4e03-4a1e-8446-7589a879471d;441.24;6.0;UNKNOWN
2016-03-01T00:56:01.000000;2016-03-01T00:56:01.000000;0cb69e29-6d18-4958-8797-bdd1a34c8455;441.33;14.693;UNKNOWN
2016-03-01T00:56:01.000000;2016-03-01T00:56:01.000000;9128ebf2-78e9-475d-80d7-26806cd5883d;441.0;3.85;UNKNOWN
2016-03-01T00:57:17.000000;2016-03-01T00:57:17.000000;4dfedb0b-dd46-4a20-9cf0-47bac500a68d;440.84;0.23992361;UNKNOWN
2016-03-01T00:57:38.000000;2016-03-01T00:57:38.000000;484fac3c-cc3c-4fd7-896a-4d583ff5c279;440.83;0.07832736;UNKNOWN
2016-03-01T00:58:12.000000;2016-03-01T00:58:12.000000;fe6a08f0-ac93-44fd-a913-78cc2acf2a5f;440.88;0.114;UNKNOWN
2016-03-01T00:59:06.000000;2016-03-01T00:59:06.000000;50962a78-7341-4fc9-a121-451ed7744ae9;440.9;1.3924;UNKNOWN
2016-03-01T00:59:06.000000;2016-03-01T00:59:06.000000;d95c24cc-dfd8-4cbe-96be-cb672520026c;440.91;5.6076;UNKNOWN
2016-03-01T00:59:06.000000;2016-03-01T00:59:06.000000;a00f7887-f84c-46f2-845b-6121cd0b748b;440.9;3.0;UNKNOWN
2016-03-01T00:59:07.000000;2016-03-01T00:59:07.000000;2cfb1788-1d24-40ab-a60c-6642b5bd74d6;440.91;8.47;UNKNOWN
2016-03-01T01:00:06.000000;2016-03-01T01:00:06.000000;91bfdfcf-3dbe-4b1e-adb4-762a52e8e0e9;440.92;0.14002455;UNKNOWN
2016-03-01T01:00:27.000000;2016-03-01T01:00:27.000000;fd39e36f-ea52-4323-9254-e6172b8db4b7;440.66;2.30790582;UNKNOWN
2016-03-01T01:00:27.000000;2016-03-01T01:00:27.000000;84db222a-6300-49dc-b336-2e989507421b;440.68;13.8497;UNKNOWN
2016-03-01T01:00:27.000000;2016-03-01T01:00:27.000000;0c5783bc-b897-492b-b12f-8c20554434d4;440.91;0.24879118;UNKNOWN
2016-03-01T01:00:46.000000;2016-03-01T01:00:46.000000;778c50f0-18ec-4c24-b2fe-17664d9afc38;440.49;2.95211053;UNKNOWN
2016-03-01T01:00:46.000000;2016-03-01T01:00:46.000000;40bb9efa-2f87-4df3-afc2-8cb3bfa7d981;440.6;0.03;UNKNOWN
2016-03-01T01:01:17.000000;2016-03-01T01:01:17.000000;cfa2355e-69cf-43ce-bca6-ad41ec97c1de;440.35;0.5;UNKNOWN
2016-03-01T01:02:05.000000;2016-03-01T01:02:05.000000;9f80200c-e531-426f-b410-54ededec08c5;440.3;3.32594235;UNKNOWN
2016-03-01T01:02:05.000000;2016-03-01T01:02:05.000000;e2905b42-cc43-4e1d-8e68-09b8da5ed458;440.26;0.67405765;UNKNOWN
2016-03-01T01:02:08.000000;2016-03-01T01:02:08.000000;0444e741-c929-413d-bb82-97162a81ce11;440.27;16.0492;UNKNOWN
2016-03-01T01:02:08.000000;2016-03-01T01:02:08.000000;65dfde64-4b78-4872-9d24-240c4fba9f70;440.3;3.32546307;UNKNOWN
2016-03-01T01:02:08.000000;2016-03-01T01:02:08.000000;4e69fc8a-28cf-4940-bbe1-a1c908c09d87;440.26;2.93757593;UNKNOWN
2016-03-01T01:02:58.000000;2016-03-01T01:02:58.000000;a315436b-f4e2-4810-9eab-35ba65368963;440.31;1.0;UNKNOWN
2016-03-01T01:03:05.000000;2016-03-01T01:03:05.000000;928c425f-36bc-4eee-8095-11949f28bed9;439.98;3.32749174;UNKNOWN
2016-03-01T01:03:05.000000;2016-03-01T01:03:05.000000;7d088d61-b677-4e15-a719-e96685ed0c9c;440.31;14.6014;UNKNOWN
2016-03-01T01:03:05.000000;2016-03-01T01:03:05.000000;75136aad-2b88-46b4-a5a4-71969146e91c;440.1;13.5633;UNKNOWN
2016-03-01T01:03:05.000000;2016-03-01T01:03:05.000000;db123616-33fd-4cf8-a224-c4f1e21c3987;440.0;0.03;UNKNOWN
2016-03-01T01:03:05.000000;2016-03-01T01:03:05.000000;7cd27a07-de07-4c2d-967f-c8c955ab2fa7;439.98;9.85170522;UNKNOWN
2016-03-01T01:03:05.000000;2016-03-01T01:03:05.000000;9b07d28a-c67b-4530-b28c-4dd7b0160a28;440.2;0.01;UNKNOWN
2016-03-01T01:03:05.000000;2016-03-01T01:03:05.000000;59bf7353-d5cc-4f9a-82d9-6b60bd02098c;440.21;0.69441289;UNKNOWN
2016-03-01T01:03:05.000000;2016-03-01T01:03:05.000000;1a8315cf-3ab4-4453-a512-f1b2403defb2;440.1;0.01;UNKNOWN
2016-03-01T01:03:05.000000;2016-03-01T01:03:05.000000;68dde67b-58a2-48a0-977a-ef7acb9d26ec;440.0;0.01;UNKNOWN
2016-03-01T01:03:13.000000;2016-03-01T01:03:13.000000;1e6009c6-4103-4b08-89fe-a009cd992eb6;439.94;13.0234;UNKNOWN
2016-03-01T01:03:13.000000;2016-03-01T01:03:13.000000;741c5832-2e84-47be-b248-d3f5723a2adc;439.87;11.9666;UNKNOWN
2016-03-01T01:03:13.000000;2016-03-01T01:03:13.000000;68065ed9-7f5d-4f43-a089-d683acfc8bdd;439.9;0.01;UNKNOWN
2016-03-01T01:04:15.000000;2016-03-01T01:04:15.000000;ef1064ba-0758-401f-a0e2-5647ffd08163;439.84;0.530831;UNKNOWN
2016-03-01T01:04:17.000000;2016-03-01T01:04:17.000000;1305f10c-42a6-422b-afa3-de7afd73db67;439.84;0.22443666;UNKNOWN
2016-03-01T01:05:35.000000;2016-03-01T01:05:35.000000;b0aa3b28-b12d-47d7-a113-98841e89a1e2;439.9;0.581132;UNKNOWN
2016-03-01T01:05:44.000000;2016-03-01T01:05:44.000000;054d70c3-7177-4eba-a988-95a950a9fb3d;439.9;0.418868;UNKNOWN
2016-03-01T01:05:44.000000;2016-03-01T01:05:44.000000;5d732b18-d336-471d-b51f-801993681680;439.6;0.03;UNKNOWN
2016-03-01T01:05:44.000000;2016-03-01T01:05:44.000000;ab7a985c-988b-452a-bc67-25fc67238a7d;439.6;0.01;UNKNOWN
2016-03-01T01:05:44.000000;2016-03-01T01:05:44.000000;17f59fa8-96dd-44c8-9819-c3198c0149dc;439.8;0.01;UNKNOWN
2016-03-01T01:05:44.000000;2016-03-01T01:05:44.000000;7e889b5c-8d55-4af7-b73e-d97aad06e5d2;439.6;0.20754684;UNKNOWN
2016-03-01T01:05:44.000000;2016-03-01T01:05:44.000000;671ed9b1-4693-4f4d-ab98-1cd6006ad216;439.67;3.32823005;UNKNOWN
2016-03-01T01:05:44.000000;2016-03-01T01:05:44.000000;01e59fac-2c98-4aec-8c46-693f4710b8da;439.8;1.0;UNKNOWN
2016-03-01T01:05:44.000000;2016-03-01T01:05:44.000000;ec19e0a9-423e-4ef9-899f-611082419ce2;439.7;0.01;UNKNOWN
2016-03-01T01:05:44.000000;2016-03-01T01:05:44.000000;f43a2da6-15c7-4d96-aea0-5b1cfe4d14f9;439.64;3.32922729;UNKNOWN
2016-03-01T01:05:44.000000;2016-03-01T01:05:44.000000;3b2e5bc0-d1ca-4e05-87e0-bd2d8f494871;439.68;3.32789777;UNKNOWN
2016-03-01T01:05:44.000000;2016-03-01T01:05:44.000000;800edabe-87b7-4757-a44f-3c388620c321;439.7;3.32823005;UNKNOWN
2016-03-01T01:05:48.000000;2016-03-01T01:05:48.000000;0aada89b-8d5d-43da-a6d9-02b4c4168370;439.6;0.576747;UNKNOWN
2016-03-01T01:06:00.000000;2016-03-01T01:06:00.000000;c488afb8-aa78-4d03-85a2-6152e34b063e;439.2;0.03;UNKNOWN
2016-03-01T01:06:00.000000;2016-03-01T01:06:00.000000;64dfec10-7bcc-4855-a650-060df52c61c1;439.54;0.01113021;UNKNOWN
2016-03-01T01:06:00.000000;2016-03-01T01:06:00.000000;42f3878a-dc9b-4cbc-996b-e3145f192992;439.2;0.01;UNKNOWN
2016-03-01T01:06:00.000000;2016-03-01T01:06:00.000000;dd083ab9-7453-4ff7-b66c-91c18698d6ae;439.36;2.13;UNKNOWN
2016-03-01T01:06:00.000000;2016-03-01T01:06:00.000000;46678abb-d4ee-4106-ae7f-1e904bf1eece;439.3;0.01;UNKNOWN
2016-03-01T01:06:00.000000;2016-03-01T01:06:00.000000;ea9a9c00-10ae-40c4-bf5f-422cfcbb7778;439.19;2.74766979;UNKNOWN
2016-03-01T01:06:00.000000;2016-03-01T01:06:00.000000;ff618927-8201-486b-ac83-3ad53dec9733;439.5;0.01;UNKNOWN
2016-03-01T01:06:00.000000;2016-03-01T01:06:00.000000;8bedfb22-2c0d-48ef-8d92-88b1391808b6;439.26;15.0412;UNKNOWN
2016-03-01T01:06:00.000000;2016-03-01T01:06:00.000000;1ab5a82b-8e53-454f-9d29-08adfa6b38b0;439.4;0.01;UNKNOWN
2016-03-01T01:06:02.000000;2016-03-01T01:06:02.000000;e2b85861-7a29-4a52-92da-005824381a8d;439.09;14.0687;UNKNOWN
2016-03-01T01:06:02.000000;2016-03-01T01:06:02.000000;b71c1106-f518-4946-86f5-1f6689ba6693;439.08;3.33203754;UNKNOWN
2016-03-01T01:06:02.000000;2016-03-01T01:06:02.000000;3bf1d0d2-520c-4bf9-9695-0ba019af10d5;439.08;2.58926246;UNKNOWN
2016-03-01T01:06:02.000000;2016-03-01T01:06:02.000000;a8b0a04b-c72a-48f6-948d-5abcc56fbb38;439.1;0.01;UNKNOWN
2016-03-01T01:06:03.000000;2016-03-01T01:06:03.000000;60012d7c-e108-4bc5-9420-71817f0b2790;439.08;0.74277508;UNKNOWN
2016-03-01T01:06:03.000000;2016-03-01T01:06:03.000000;9650904b-cfd7-4a3a-bb75-9a5065472ade;439.02;0.75444705;UNKNOWN
2016-03-01T01:06:03.000000;2016-03-01T01:06:03.000000;d7c86fa8-fe1a-4bbb-90c8-59c8653c7624;439.09;3.33277787;UNKNOWN
2016-03-01T01:06:12.000000;2016-03-01T01:06:12.000000;b54bb1bf-6a13-45c5-b1da-6697becc09fc;439.1;0.2274;UNKNOWN
2016-03-01T01:06:12.000000;2016-03-01T01:06:12.000000;37510cfe-e87d-4571-9b19-1c8191bef18d;438.93;6.24;UNKNOWN
2016-03-01T01:06:12.000000;2016-03-01T01:06:12.000000;47b6a838-8c35-4748-b7d4-1aa7c4e56bf0;439.1;0.22721174;UNKNOWN
2016-03-01T01:06:12.000000;2016-03-01T01:06:12.000000;e6e6281d-f7c6-4421-b6ca-5365ce3109cb;439.1;0.2906645;UNKNOWN
2016-03-01T01:06:12.000000;2016-03-01T01:06:12.000000;e52521e2-caaa-491b-a998-877f1f93252c;439.1;0.228;UNKNOWN
2016-03-01T01:06:12.000000;2016-03-01T01:06:12.000000;5f9f831a-31b6-4df1-8813-8c441a57cdf0;438.9;0.01;UNKNOWN
2016-03-01T01:06:12.000000;2016-03-01T01:06:12.000000;4e3de910-5158-45d8-bb7f-ced2a8ec9d76;438.8;0.01;UNKNOWN
2016-03-01T01:06:12.000000;2016-03-01T01:06:12.000000;0a26e60d-8290-47ff-ad93-bffcc62d1763;439.02;2.57833082;UNKNOWN
2016-03-01T01:06:12.000000;2016-03-01T01:06:12.000000;c9f8d456-f5c4-44dd-8117-7b03308b0e02;439.0;0.01;UNKNOWN
2016-03-01T01:06:12.000000;2016-03-01T01:06:12.000000;455527d9-4ca2-4670-b4d6-4253d8eb2542;439.5;0.02672376;UNKNOWN
2016-03-01T01:06:12.000000;2016-03-01T01:06:12.000000;d003da6d-ec6f-4e1b-b443-cf32253222b3;438.78;7.81837288;UNKNOWN
2016-03-01T01:06:12.000000;2016-03-01T01:06:12.000000;e7bfed92-ede3-45c1-adb5-d0c752e1a366;438.93;3.3332963;UNKNOWN
2016-03-01T01:06:18.000000;2016-03-01T01:06:18.000000;26f47fa7-22ef-4369-a4df-c94fc8956b6e;438.86;0.02251429;UNKNOWN
2016-03-01T01:06:25.000000;2016-03-01T01:06:25.000000;0373a373-97d0-4d16-a471-44036dcec748;439.06;1.0;UNKNOWN
2016-03-01T01:06:30.000000;2016-03-01T01:06:30.000000;122f9e3c-05b2-4ec2-948e-ca3ecbc42814;439.06;1.0;UNKNOWN
2016-03-01T01:06:37.000000;2016-03-01T01:06:37.000000;aa7b0fb6-48b5-4260-940d-1f3f67608ffa;439.06;1.0;UNKNOWN
2016-03-01T01:06:47.000000;2016-03-01T01:06:47.000000;792f63af-1b7c-4d16-a957-8fe8e940bbde;438.86;3.33122356;UNKNOWN
2016-03-01T01:06:47.000000;2016-03-01T01:06:47.000000;1b6ba59e-5e02-48b7-bf63-31f9a7f5eb39;438.86;3.33192652;UNKNOWN
2016-03-01T01:06:47.000000;2016-03-01T01:06:47.000000;40fbf7ff-7351-4cd8-b21b-2228d8654842;438.73;3.33281489;UNKNOWN
2016-03-01T01:06:47.000000;2016-03-01T01:06:47.000000;7d12c5a3-ade6-450f-80c3-2a5c5c2a184b;438.34;14.9822678;UNKNOWN
2016-03-01T01:06:47.000000;2016-03-01T01:06:47.000000;2c576d86-4e31-4582-8aca-78848037deb8;438.73;15.5306;UNKNOWN
2016-03-01T01:06:47.000000;2016-03-01T01:06:47.000000;c9920971-3ab7-4ea3-8a52-9c3565802698;438.86;3.33122356;UNKNOWN
2016-03-01T01:06:47.000000;2016-03-01T01:06:47.000000;96bccb3b-f9cd-4861-b905-ee91b37be9ad;438.66;3.33233363;UNKNOWN
2016-03-01T01:06:47.000000;2016-03-01T01:06:47.000000;3704d206-8b25-4f7c-9990-2681be12b28d;438.76;14.8814;UNKNOWN
2016-03-01T01:06:47.000000;2016-03-01T01:06:47.000000;39b4f4b9-e184-445a-809e-38b32f4a782a;438.38;14.9684;UNKNOWN
2016-03-01T01:06:47.000000;2016-03-01T01:06:47.000000;7a790fa5-c5f9-4761-b229-12c648b09b79;438.59;0.24351004;UNKNOWN
2016-03-01T01:06:47.000000;2016-03-01T01:06:47.000000;fda3d9fd-ff14-424c-b2a7-164ea9e815d5;438.4;0.0101;UNKNOWN
2016-03-01T01:06:47.000000;2016-03-01T01:06:47.000000;b8d54ea0-8339-473c-8a92-1743646cccdc;438.81;7.65;UNKNOWN
2016-03-01T01:06:47.000000;2016-03-01T01:06:47.000000;554684aa-06e2-44ea-921e-86d85345424c;438.55;15.0742;UNKNOWN
2016-03-01T01:07:05.000000;2016-03-01T01:07:05.000000;fc2b84fc-801e-4719-bd4f-66d0dd450f0e;438.5;1.0;UNKNOWN
2016-03-01T01:07:05.000000;2016-03-01T01:07:05.000000;1f592c3e-4f90-492c-9588-05a704395f0a;438.06;14.9788;UNKNOWN
2016-03-01T01:07:05.000000;2016-03-01T01:07:05.000000;2cf74f14-a579-4162-ab15-4f2f9336af9d;438.08;13.4054;UNKNOWN
2016-03-01T01:07:05.000000;2016-03-01T01:07:05.000000;b185d0b3-b968-436f-b881-61e0c7312e2f;437.96;0.01172888;UNKNOWN
2016-03-01T01:07:05.000000;2016-03-01T01:07:05.000000;38b2f215-2fcd-4a78-b881-dbb9da9910d7;438.2;0.02;UNKNOWN
2016-03-01T01:07:05.000000;2016-03-01T01:07:05.000000;284b13ff-a5ee-4bbe-9285-a1bd36f71d07;438.9;1.0;UNKNOWN
2016-03-01T01:07:05.000000;2016-03-01T01:07:05.000000;74fd79a2-1631-4797-889c-d9e9852563bf;437.86;0.33454371;UNKNOWN
2016-03-01T01:07:09.000000;2016-03-01T01:07:09.000000;8d8355e7-8ca5-4838-b4aa-d5a5438b9372;437.54;13.6954;UNKNOWN
2016-03-01T01:07:09.000000;2016-03-01T01:07:09.000000;9f16b368-3333-4ab1-b1ed-ca55f27e2a81;438.09;6.11;UNKNOWN
2016-03-01T01:07:09.000000;2016-03-01T01:07:09.000000;f6943af8-66d2-43a6-87f8-c812aee5326d;437.8;0.02;UNKNOWN
2016-03-01T01:07:09.000000;2016-03-01T01:07:09.000000;cae30d82-6cdb-42d6-8cd4-ae0cceddaa3a;438.07;6.83;UNKNOWN
2016-03-01T01:07:09.000000;2016-03-01T01:07:09.000000;0d0a733e-93db-417c-96e6-5c618f7f8a77;437.72;14.3534;UNKNOWN
2016-03-01T01:07:09.000000;2016-03-01T01:07:09.000000;0d6f8388-0345-453f-be63-94f92370b13c;437.53;2.56630206;UNKNOWN
2016-03-01T01:07:09.000000;2016-03-01T01:07:09.000000;af5748d6-01d2-47d7-b79f-d23e870ab91a;437.87;6.39;UNKNOWN
2016-03-01T01:07:10.000000;2016-03-01T01:07:10.000000;79e121c0-2e44-45f9-8325-3f5c59f7a04b;437.54;14.0225;UNKNOWN
2016-03-01T01:07:10.000000;2016-03-01T01:07:10.000000;73dba3b2-f127-4f88-89ec-a530d0332f98;437.54;0.5;UNKNOWN
2016-03-01T01:07:10.000000;2016-03-01T01:07:10.000000;a9a6f2a0-bd5b-4ab4-bd7e-85058d0b177a;437.53;4.41546921;UNKNOWN
2016-03-01T01:07:12.000000;2016-03-01T01:07:12.000000;34d779f0-30a0-40e4-ad56-b04cdd4cfe25;437.86;0.19184214;UNKNOWN
2016-03-01T01:07:25.000000;2016-03-01T01:07:25.000000;06fb000f-e044-4d66-a71e-4b10b3e49479;437.84;0.5;UNKNOWN
2016-03-01T01:07:25.000000;2016-03-01T01:07:25.000000;4328908e-3af0-4af9-bb79-2d107c319be8;437.83;0.5;UNKNOWN
2016-03-01T01:07:30.000000;2016-03-01T01:07:30.000000;f4780771-142d-4c9b-a38f-9456f4702d91;437.84;1.0;UNKNOWN
2016-03-01T01:07:31.000000;2016-03-01T01:07:31.000000;6c69badb-9c07-4975-95ec-949d7a2f8c56;437.54;0.77;UNKNOWN
2016-03-01T01:07:31.000000;2016-03-01T01:07:31.000000;8ca0e911-cf55-49e5-8296-2bfac3bbdbd2;437.53;0.89497259;UNKNOWN
2016-03-01T01:07:31.000000;2016-03-01T01:07:31.000000;c42d5e66-f60d-46e5-83de-2cacc807f0ea;437.57;14.8486;UNKNOWN
2016-03-01T01:07:31.000000;2016-03-01T01:07:31.000000;86ee2e20-9f9f-498e-99f5-d3d9f4f42b91;437.54;13.2369;UNKNOWN
2016-03-01T01:07:31.000000;2016-03-01T01:07:31.000000;65b61727-7376-4a9d-9700-fbe38ff063d6;437.7;1.0;UNKNOWN
2016-03-01T01:07:37.000000;2016-03-01T01:07:37.000000;cb19a6f3-c257-419c-8f6e-8d2422484a55;437.76;0.5;UNKNOWN
2016-03-01T01:07:37.000000;2016-03-01T01:07:37.000000;064a0e61-296d-4a2b-b61b-8da41378f162;437.53;0.54830748;UNKNOWN
2016-03-01T01:07:51.000000;2016-03-01T01:07:51.000000;fefef4d7-d74b-485d-b20d-63c683d770f5;437.84;0.229;UNKNOWN
2016-03-01T01:07:51.000000;2016-03-01T01:07:51.000000;4e04e0b7-6402-4e8c-8a9e-b2f01779780f;437.84;0.227;UNKNOWN
2016-03-01T01:07:51.000000;2016-03-01T01:07:51.000000;7d13b12a-09c9-4338-a501-f9593bae0cd6;437.84;0.22809;UNKNOWN
2016-03-01T01:07:51.000000;2016-03-01T01:07:51.000000;61497eb7-a21e-41e8-9dff-a09a0cd1cc73;437.84;0.23;UNKNOWN
2016-03-01T01:07:51.000000;2016-03-01T01:07:51.000000;54354f6a-2ecb-4d02-aa8f-889c0d4b708b;437.84;0.23;UNKNOWN
2016-03-01T01:07:51.000000;2016-03-01T01:07:51.000000;9f675a41-f0af-44ff-a268-3c0b4192fd70;437.84;4.6534;UNKNOWN
2016-03-01T01:07:51.000000;2016-03-01T01:07:51.000000;555dbd1f-60cd-4b97-ac8b-a34807a9f201;437.84;0.229;UNKNOWN
2016-03-01T01:07:51.000000;2016-03-01T01:07:51.000000;24eaeb75-0f5b-4905-92d2-570529252bd8;437.84;0.229;UNKNOWN
2016-03-01T01:07:51.000000;2016-03-01T01:07:51.000000;678f2199-47e3-4822-88e6-25806e7fc014;437.84;0.291;UNKNOWN
2016-03-01T01:07:51.000000;2016-03-01T01:07:51.000000;9f4f4f6a-0e04-4c88-919a-80696707ada3;437.84;0.228;UNKNOWN
2016-03-01T01:07:51.000000;2016-03-01T01:07:51.000000;0313ae13-79a1-4459-a366-59ae796f1397;437.84;0.227;UNKNOWN
2016-03-01T01:08:04.000000;2016-03-01T01:08:04.000000;2bd782b8-e9d3-473e-95d7-7c44bdddf6cf;438.15;0.03;UNKNOWN
2016-03-01T01:08:04.000000;2016-03-01T01:08:04.000000;d76d1a21-5796-4bc0-92bb-b00ea560a06a;438.78;17.7355;UNKNOWN
2016-03-01T01:08:04.000000;2016-03-01T01:08:04.000000;0bb8a005-b1cc-4c86-9b9b-0fc1003d0751;438.81;12.98497259;UNKNOWN
2016-03-01T01:08:16.000000;2016-03-01T01:08:16.000000;b7f88497-776f-4a54-baf8-62c27967eeeb;438.2;0.2;UNKNOWN
2016-03-01T01:08:17.000000;2016-03-01T01:08:17.000000;b999bfdf-6c3e-4645-99e5-0376e73c37fb;438.2;0.2;UNKNOWN
2016-03-01T01:08:18.000000;2016-03-01T01:08:18.000000;89f4b93f-94d2-4183-b3c4-a7e34729d47b;438.2;0.1;UNKNOWN
2016-03-01T01:08:18.000000;2016-03-01T01:08:18.000000;75b21a60-88d0-449b-881d-8101ada82fc4;438.08;0.5;UNKNOWN
2016-03-01T01:08:18.000000;2016-03-01T01:08:18.000000;72327852-bbad-486f-b393-821d36978f24;438.07;1.722;UNKNOWN
2016-03-01T01:08:18.000000;2016-03-01T01:08:18.000000;024f8b0a-66ef-44a9-be7f-ce42517fb3b2;438.08;3.0;UNKNOWN
2016-03-01T01:08:32.000000;2016-03-01T01:08:32.000000;0dcd320e-64b2-4fb1-84b8-0ba332861368;438.88;0.5;UNKNOWN
2016-03-01T01:08:32.000000;2016-03-01T01:08:32.000000;e97e0674-5bcd-4288-a72f-a7e3576c4632;438.88;1.242;UNKNOWN
2016-03-01T01:08:32.000000;2016-03-01T01:08:32.000000;49ee5176-4562-4aa2-99eb-8f1ff601efc1;438.45;0.03;UNKNOWN
2016-03-01T01:08:32.000000;2016-03-01T01:08:32.000000;93cc959c-d965-4c4b-9134-b84688068d82;438.44;0.228;UNKNOWN
2016-03-01T01:08:55.000000;2016-03-01T01:08:55.000000;e6007da3-8abc-448c-b41e-57ade5ec93c3;438.74;0.1;UNKNOWN
2016-03-01T01:09:54.000000;2016-03-01T01:09:54.000000;697d58c6-b2b8-402b-a283-4da7f191bf5e;438.61;0.0499;UNKNOWN
2016-03-01T01:10:01.000000;2016-03-01T01:10:01.000000;b9080be7-05dc-427f-9a74-cc9a24101fb3;438.74;5.5741;UNKNOWN
2016-03-01T01:10:06.000000;2016-03-01T01:10:06.000000;70e91f0c-eff0-40d8-8349-f34110aded6d;438.95;0.02351709;UNKNOWN
2016-03-01T01:10:14.000000;2016-03-01T01:10:14.000000;110ff6a7-03f3-4f5b-a026-a62d88d9e7fb;438.78;0.22715786;UNKNOWN
2016-03-01T01:12:07.000000;2016-03-01T01:12:07.000000;04da6401-ac04-471a-8f40-6ededcded63d;438.61;0.146752;UNKNOWN
2016-03-01T01:12:28.000000;2016-03-01T01:12:28.000000;8aff399a-a6a9-4e6c-b57b-e6968eca5437;438.64;0.23;UNKNOWN
2016-03-01T01:12:41.000000;2016-03-01T01:12:41.000000;770f298b-d942-42ce-9361-8954ec6b6b25;438.88;0.5015;UNKNOWN
2016-03-01T01:14:14.000000;2016-03-01T01:14:14.000000;e00e4d44-714f-4ded-b3e8-ab64c5350c26;438.61;0.227;UNKNOWN
2016-03-01T01:14:38.000000;2016-03-01T01:14:38.000000;22ba324b-4cd9-4c91-bf8b-fab894b10d47;438.61;0.05650355;UNKNOWN
2016-03-01T01:14:46.000000;2016-03-01T01:14:46.000000;968f52ba-e996-41bb-b2e4-3c33b8ac6ba4;438.64;1.8;UNKNOWN
2016-03-01T01:15:54.000000;2016-03-01T01:15:54.000000;dbe0cd12-e7c4-4eb9-8795-316510aa895e;438.61;0.034;UNKNOWN
2016-03-01T01:16:20.000000;2016-03-01T01:16:20.000000;d49e048d-515d-4fac-bf14-6657f9a74789;438.64;0.228;UNKNOWN
2016-03-01T01:16:20.000000;2016-03-01T01:16:20.000000;c346de70-4b6b-4e7e-ba63-8bd6f659e478;439.13;0.925;UNKNOWN
2016-03-01T01:16:20.000000;2016-03-01T01:16:20.000000;12cf2884-26d5-42fb-9956-18fb6d39d993;438.89;5.6675;UNKNOWN
2016-03-01T01:16:20.000000;2016-03-01T01:16:20.000000;a8531772-ff55-496f-8390-e2af446e20fd;438.95;0.90148291;UNKNOWN
2016-03-01T01:16:20.000000;2016-03-01T01:16:20.000000;2e2e5861-8c38-4774-adde-2c5be795ef89;439.37;11.26079709;UNKNOWN
2016-03-01T01:16:20.000000;2016-03-01T01:16:20.000000;783f501b-a8b0-42e0-b4f7-0cf188f3bb3a;439.27;6.0;UNKNOWN
2016-03-01T01:16:20.000000;2016-03-01T01:16:20.000000;1fe03fa1-9e72-497a-a36a-5c750631916e;438.64;0.228;UNKNOWN
2016-03-01T01:16:20.000000;2016-03-01T01:16:20.000000;a0e25af8-12b9-404b-89ef-a347ecadd10c;439.3;0.925;UNKNOWN
2016-03-01T01:16:20.000000;2016-03-01T01:16:20.000000;2d3d88e1-3e89-4930-b1ac-2756bce8678e;438.64;0.227;UNKNOWN
2016-03-01T01:16:20.000000;2016-03-01T01:16:20.000000;8609e3ce-25d2-43c1-ac76-1e6741ca901a;438.64;0.29;UNKNOWN
2016-03-01T01:16:20.000000;2016-03-01T01:16:20.000000;e7f29a0d-61df-42f7-b4f3-5b037e5416de;438.64;0.15415;UNKNOWN
2016-03-01T01:16:20.000000;2016-03-01T01:16:20.000000;29aa0fdc-6c80-48ff-b577-1e310c06c868;438.64;0.227;UNKNOWN
2016-03-01T01:16:20.000000;2016-03-01T01:16:20.000000;ac0d98f0-a9c2-4948-a1e8-72a1ac037e18;439.04;0.925;UNKNOWN
2016-03-01T01:16:20.000000;2016-03-01T01:16:20.000000;b80eda89-2c59-45ce-89b8-d7c021ae0b00;438.64;0.20107;UNKNOWN
2016-03-01T01:16:20.000000;2016-03-01T01:16:20.000000;db37836e-0290-433e-b6e1-19afd371a74d;438.64;0.228;UNKNOWN
2016-03-01T01:16:20.000000;2016-03-01T01:16:20.000000;f253ac77-8c19-4db7-8fa1-cda6cc99ccec;439.22;0.925;UNKNOWN
2016-03-01T01:16:20.000000;2016-03-01T01:16:20.000000;110df336-fab6-421a-84ae-daed211fe025;438.64;0.23;UNKNOWN
2016-03-01T01:16:20.000000;2016-03-01T01:16:20.000000;3feaa6a9-d5ef-476b-92fb-0e2d532554a4;438.64;0.228;UNKNOWN
2016-03-01T01:16:20.000000;2016-03-01T01:16:20.000000;27b156a1-ca61-4b16-acb5-1f6f087efe94;438.64;0.229;UNKNOWN
2016-03-01T01:16:47.000000;2016-03-01T01:16:47.000000;e02033fb-1263-4e65-a28d-a40b25cd3a99;438.91;0.0361;UNKNOWN
2016-03-01T01:17:18.000000;2016-03-01T01:17:18.000000;6289b3d6-8556-4cfd-aa52-dde27e196b17;438.99;0.16894936;UNKNOWN
2016-03-01T01:17:30.000000;2016-03-01T01:17:30.000000;bd80ec9b-a66f-490b-ba25-b28fc350a444;439.48;0.925;UNKNOWN
2016-03-01T01:17:30.000000;2016-03-01T01:17:30.000000;ac826643-155e-434f-8245-7111e35ddef5;439.95;3.0;UNKNOWN
2016-03-01T01:17:30.000000;2016-03-01T01:17:30.000000;1ee3e513-ee9b-450a-9aed-72f1db03ca3b;439.57;0.925;UNKNOWN
2016-03-01T01:17:30.000000;2016-03-01T01:17:30.000000;3fa119e5-4e23-4258-870a-1c3aab318a13;439.95;6.0;UNKNOWN
2016-03-01T01:17:30.000000;2016-03-01T01:17:30.000000;ac9953af-e45e-4940-bb4e-35d3693bd1e5;439.98;2.8909;UNKNOWN
2016-03-01T01:17:30.000000;2016-03-01T01:17:30.000000;7b185ad8-bd08-466a-98fc-39d62d0eff0b;439.95;16.2591;UNKNOWN
2016-03-01T01:17:34.000000;2016-03-01T01:17:34.000000;f083f1b3-d224-459e-a6c1-6c05e6d95818;440.26;3.33029906;UNKNOWN
2016-03-01T01:17:34.000000;2016-03-01T01:17:34.000000;bdb190c2-d5ad-4302-892e-4330a0f18f7d;440.29;3.33063182;UNKNOWN
2016-03-01T01:17:34.000000;2016-03-01T01:17:34.000000;db236186-8993-4071-84d6-b330161fe1c4;439.98;3.33240766;UNKNOWN
2016-03-01T01:17:34.000000;2016-03-01T01:17:34.000000;272cc9f6-899d-400e-9227-d39ee37fc10b;440.09;3.33063182;UNKNOWN
2016-03-01T01:17:34.000000;2016-03-01T01:17:34.000000;a55b88f6-2e81-4382-a7ff-b80a52892f50;440.29;3.33144551;UNKNOWN
2016-03-01T01:17:34.000000;2016-03-01T01:17:34.000000;84493f16-768b-4085-b744-b02c6a1dc8d6;440.26;3.33140852;UNKNOWN
2016-03-01T01:18:01.000000;2016-03-01T01:18:01.000000;c3887978-7bbb-494d-9dc7-e51ed3d3ff8f;440.4;3.33089068;UNKNOWN
2016-03-01T01:18:01.000000;2016-03-01T01:18:01.000000;83e49b70-accf-4aee-8848-102f9743ae97;440.56;12.5;UNKNOWN
2016-03-01T01:18:01.000000;2016-03-01T01:18:01.000000;89a1e04b-1a3d-4617-9542-e5be897e20cd;440.67;4.17625236;UNKNOWN
2016-03-01T01:18:01.000000;2016-03-01T01:18:01.000000;0db3ad08-8479-4eba-9ec9-9c2a5386a1c0;440.54;3.3310756;UNKNOWN
2016-03-01T01:18:01.000000;2016-03-01T01:18:01.000000;3f1f967e-bfb2-4652-b22f-de196bac6e50;440.5;3.33089068;UNKNOWN
2016-03-01T01:18:01.000000;2016-03-01T01:18:01.000000;39d4c4e7-29c4-40f9-ac3a-bf9fc24d4ab3;440.42;3.33089068;UNKNOWN
2016-03-01T01:18:31.000000;2016-03-01T01:18:31.000000;1c848555-1004-47c0-8e05-afc9e8f22a6e;440.68;2.7;UNKNOWN
2016-03-01T01:18:31.000000;2016-03-01T01:18:31.000000;748d5119-523e-463a-a921-71489aa23b2e;440.72;13.7225;UNKNOWN
2016-03-01T01:18:31.000000;2016-03-01T01:18:31.000000;c44c7602-5239-467d-89e1-877f8c7f9c76;440.6;1.0;UNKNOWN
2016-03-01T01:18:31.000000;2016-03-01T01:18:31.000000;c2576df9-bd94-4e14-ac97-812854e3fa22;440.67;16.5775;UNKNOWN
2016-03-01T01:18:31.000000;2016-03-01T01:18:31.000000;d6595edb-9c55-44a5-9817-a2cc22f54c57;440.32;1.0;UNKNOWN
2016-03-01T01:18:37.000000;2016-03-01T01:18:37.000000;c9f8986d-1648-403b-8c88-0c6df5fd9ab7;440.3;0.45724136;UNKNOWN
2016-03-01T01:18:54.000000;2016-03-01T01:18:54.000000;1ea1e679-077e-4a51-95a1-6f2d6c3ca089;440.56;3.33077973;UNKNOWN
2016-03-01T01:18:54.000000;2016-03-01T01:18:54.000000;b4db85da-3fc3-4378-b432-3cd97e4b0d84;440.7;1.0;UNKNOWN
2016-03-01T01:18:54.000000;2016-03-01T01:18:54.000000;7716895e-e62e-45b8-8324-c0222cae200f;441.09;16.0063;UNKNOWN
2016-03-01T01:18:54.000000;2016-03-01T01:18:54.000000;b6d8b6aa-27cb-4878-ba94-06d56610e9c1;441.29;0.24;UNKNOWN
2016-03-01T01:18:54.000000;2016-03-01T01:18:54.000000;143ba1ce-bc3c-4a43-86de-e8b261f7c9b2;441.29;14.39292027;UNKNOWN
2016-03-01T01:18:54.000000;2016-03-01T01:18:54.000000;f40050e9-b3bb-4e49-bb7e-c84000f1c7df;441.2;0.03;UNKNOWN
2016-03-01T01:19:37.000000;2016-03-01T01:19:37.000000;a6864ad0-8437-4db6-a218-399e8fd3bb29;441.17;3.32682754;UNKNOWN
2016-03-01T01:19:37.000000;2016-03-01T01:19:37.000000;0c0ce6f5-9a16-4b3d-8d09-d95c55f0e401;441.2;12.0;UNKNOWN
2016-03-01T01:19:37.000000;2016-03-01T01:19:37.000000;58c240ab-4eeb-4ef0-a318-4203b766ef92;440.75;3.32944898;UNKNOWN
2016-03-01T01:19:37.000000;2016-03-01T01:19:37.000000;96eaf8a8-56bc-40a8-9651-9cf58d57444e;441.19;6.0;UNKNOWN
2016-03-01T01:19:37.000000;2016-03-01T01:19:37.000000;8781ec46-59cf-4f3a-bea2-d65475acd2ec;441.28;4.18352348;UNKNOWN
2016-03-01T01:19:37.000000;2016-03-01T01:19:37.000000;3a124e52-557c-479e-ae19-880f1de20e5d;441.17;15.1602;UNKNOWN
2016-03-01T01:19:37.000000;2016-03-01T01:19:37.000000;5342c4e5-8447-45ca-80fe-cf9ce81330e6;441.0;1.0;UNKNOWN
2016-03-01T01:20:34.000000;2016-03-01T01:20:34.000000;d6556f57-1f65-4897-b6a5-07a10bf5e13b;441.3;3.3271965;UNKNOWN
2016-03-01T01:20:34.000000;2016-03-01T01:20:34.000000;5d1f3e8e-bd2b-4e45-a66e-ed640b479bff;441.35;3.32653242;UNKNOWN
2016-03-01T01:20:34.000000;2016-03-01T01:20:34.000000;e390b8ac-4636-4a8f-a481-c09cae5f5108;441.0;1.0;UNKNOWN
2016-03-01T01:20:34.000000;2016-03-01T01:20:34.000000;9b3031a0-966b-4390-9aa7-d6195b968cc9;441.37;5.70819848;UNKNOWN
2016-03-01T01:20:34.000000;2016-03-01T01:20:34.000000;f506b940-26a2-433b-9d6b-abb6c03a4ad7;441.0;1.0;UNKNOWN
2016-03-01T01:20:34.000000;2016-03-01T01:20:34.000000;fb08e538-f465-4247-ab8d-ee063be35acd;441.19;2.30790582;UNKNOWN
2016-03-01T01:20:34.000000;2016-03-01T01:20:34.000000;8a16aa7d-e8c7-4b92-939e-8b623eccf692;441.29;3.32620048;UNKNOWN
2016-03-01T01:20:34.000000;2016-03-01T01:20:34.000000;f7179634-1f28-44b3-a97e-2889312c5bb8;441.32;3.32653242;UNKNOWN
2016-03-01T01:20:34.000000;2016-03-01T01:20:34.000000;fd222110-2d52-4cf8-b312-7105157d6638;441.32;3.32620048;UNKNOWN
2016-03-01T01:20:34.000000;2016-03-01T01:20:34.000000;d1fab8c7-b7b3-48ea-a8a6-0249b3b535d4;441.34;3.3272334;UNKNOWN
2016-03-01T01:20:34.000000;2016-03-01T01:20:34.000000;d96e3620-9787-4149-8b1c-18b813747cc6;441.0;0.024;UNKNOWN
2016-03-01T01:20:39.000000;2016-03-01T01:20:39.000000;92d3b266-1bdb-44d8-b321-560c6ca0dfa1;440.42;0.05;UNKNOWN
2016-03-01T01:20:47.000000;2016-03-01T01:20:47.000000;337307b4-c3c7-42da-a6ae-84c92bb35850;441.81;0.19174214;UNKNOWN
2016-03-01T01:20:47.000000;2016-03-01T01:20:47.000000;8a3f020f-ae30-4fbb-91c1-850393ebcf27;441.86;13.50125786;UNKNOWN
2016-03-01T01:20:47.000000;2016-03-01T01:20:47.000000;a9eab644-42ba-4973-9d4e-736ea60d006a;441.69;16.277;UNKNOWN
2016-03-01T01:20:47.000000;2016-03-01T01:20:47.000000;196599d1-2c48-403f-b092-634c9464f3af;441.6;0.03;UNKNOWN
2016-03-01T01:21:13.000000;2016-03-01T01:21:13.000000;c013fe57-83bc-4dad-bf50-37cd1a683400;441.5;0.01;UNKNOWN
2016-03-01T01:21:47.000000;2016-03-01T01:21:47.000000;01b6f491-ba90-4d1b-ab9b-9da84c85ba31;441.17;25.0;UNKNOWN
2016-03-01T01:21:53.000000;2016-03-01T01:21:53.000000;8dc45643-907d-4bec-aeaa-f1fb9f7602ed;441.17;25.0;UNKNOWN
2016-03-01T01:21:55.000000;2016-03-01T01:21:55.000000;b8c1943d-2073-42da-966f-c9618c7742df;441.17;3.0;UNKNOWN
2016-03-01T01:21:55.000000;2016-03-01T01:21:55.000000;4a91a240-5b4d-46a2-a372-9a546b6d7780;441.17;1.03891;UNKNOWN
2016-03-01T01:21:56.000000;2016-03-01T01:21:56.000000;58a4f732-358e-49a4-986c-1d5a2faa363e;441.17;23.96109;UNKNOWN
2016-03-01T01:22:02.000000;2016-03-01T01:22:02.000000;1ea63036-6aec-4eae-a599-0cd9f64bc700;441.5;0.99;UNKNOWN
2016-03-01T01:22:02.000000;2016-03-01T01:22:02.000000;0676e470-bf3f-429a-a7c2-4d7cf5bc1deb;441.5;0.6242;UNKNOWN
2016-03-01T01:22:02.000000;2016-03-01T01:22:02.000000;109e71a8-6556-4199-b49e-177beef81ffa;441.74;3.2158;UNKNOWN
2016-03-01T01:22:12.000000;2016-03-01T01:22:12.000000;a2275e4a-e67e-4781-abcf-95406be94eac;441.78;1.0;UNKNOWN
2016-03-01T01:22:12.000000;2016-03-01T01:22:12.000000;b2f8df8e-049b-4743-9008-d24f1756c8dd;441.77;7.36;UNKNOWN
2016-03-01T01:22:12.000000;2016-03-01T01:22:12.000000;0278860f-e6bb-4c5f-a1cf-dfb4be695d14;441.82;2.39113752;UNKNOWN
2016-03-01T01:22:12.000000;2016-03-01T01:22:12.000000;e2721009-af1b-4ecc-9bf8-b2146119ab7c;441.78;3.32443124;UNKNOWN
2016-03-01T01:22:12.000000;2016-03-01T01:22:12.000000;7f596f1d-9fdb-4328-bb3f-c3a1b1858a5f;441.75;7.6;UNKNOWN
2016-03-01T01:22:12.000000;2016-03-01T01:22:12.000000;7e886329-3b05-46f6-9089-ca9ed089f642;441.82;3.32443124;UNKNOWN
2016-03-01T01:22:37.000000;2016-03-01T01:22:37.000000;3b653391-6721-4448-a34c-7a4b5fdb2d47;441.18;0.47792218;UNKNOWN
2016-03-01T01:22:58.000000;2016-03-01T01:22:58.000000;e5e8d32c-3043-43e2-ae1f-50f9c75c027b;441.18;0.01;UNKNOWN
2016-03-01T01:24:06.000000;2016-03-01T01:24:06.000000;02e03355-d5fb-423c-a469-569e70286774;441.59;0.01;UNKNOWN
2016-03-01T01:24:07.000000;2016-03-01T01:24:07.000000;7684d08f-86f7-41b2-b4bf-7c85619829f4;440.7;6.0;UNKNOWN
2016-03-01T01:24:07.000000;2016-03-01T01:24:07.000000;8451d0ab-26fc-4fe7-823e-776d1d1484fc;441.18;0.036;UNKNOWN
2016-03-01T01:24:07.000000;2016-03-01T01:24:07.000000;b50e240b-ded3-4b50-9bc1-550103842f95;440.66;3.31653712;UNKNOWN
2016-03-01T01:24:07.000000;2016-03-01T01:24:07.000000;df152280-b48b-4fce-b82b-cdd499d2587b;440.72;3.32373144;UNKNOWN
2016-03-01T01:24:07.000000;2016-03-01T01:24:07.000000;3fd105f0-b0f3-4a6e-99ff-4154594923bd;440.82;0.5;UNKNOWN
2016-03-01T01:24:07.000000;2016-03-01T01:24:07.000000;9ec8f2bc-ab45-4ec0-80de-77317d7d2287;440.81;3.0;UNKNOWN
2016-03-01T01:24:07.000000;2016-03-01T01:24:07.000000;1e84700b-a458-4b6b-bd57-185eebedb50f;440.68;3.32373144;UNKNOWN
2016-03-01T01:24:07.000000;2016-03-01T01:24:07.000000;82620fed-1a63-45c8-ac1b-4c938428d3f3;440.82;0.5;UNKNOWN
2016-03-01T01:26:00.000000;2016-03-01T01:26:00.000000;799fa4a0-ae76-4daa-915b-2e395cef1730;440.62;1.0;UNKNOWN
2016-03-01T01:27:18.000000;2016-03-01T01:27:18.000000;30cde78b-b725-4ada-89d8-8b9aea9916a5;440.48;0.23423097;UNKNOWN
2016-03-01T01:27:18.000000;2016-03-01T01:27:18.000000;54d742ca-0cdb-445e-95c1-0053c2208606;440.49;0.5;UNKNOWN
2016-03-01T01:28:39.000000;2016-03-01T01:28:39.000000;394a5662-56d9-4824-88e3-4eb10d79bff2;440.52;0.01;UNKNOWN
2016-03-01T01:29:01.000000;2016-03-01T01:29:01.000000;76256a8e-337c-4c9d-abcd-09cd22127cdc;440.52;0.01;UNKNOWN
2016-03-01T01:29:04.000000;2016-03-01T01:29:04.000000;0e7d1ec8-2ba2-4b25-a88f-18d131877da6;440.52;0.01;UNKNOWN
2016-03-01T01:29:37.000000;2016-03-01T01:29:37.000000;69efa8eb-fb33-4c78-8b52-aa53e7d2c047;440.52;0.08023266;UNKNOWN
2016-03-01T01:29:37.000000;2016-03-01T01:29:37.000000;8e7d0488-dd9e-46be-b7b1-37bac01324ed;440.52;0.0447892;UNKNOWN
2016-03-01T01:29:37.000000;2016-03-01T01:29:37.000000;17c8c039-0994-43c9-9f6e-7bcc326f6de0;440.52;0.91937776;UNKNOWN
2016-03-01T01:29:37.000000;2016-03-01T01:29:37.000000;38a6f49f-6849-40a6-b3e4-222ef6406e45;440.52;0.20540296;UNKNOWN
2016-03-01T01:30:17.000000;2016-03-01T01:30:17.000000;b02ab6ce-7967-408e-a1dd-0de820193bb5;440.52;0.0225907;UNKNOWN
2016-03-01T01:31:06.000000;2016-03-01T01:31:06.000000;e5d21cd3-9576-4f7d-a8f9-1bb751f09400;440.62;0.539;UNKNOWN
2016-03-01T01:31:06.000000;2016-03-01T01:31:06.000000;349b57b6-7623-4dfe-a596-bac1711bd5e6;440.6;0.01;UNKNOWN
2016-03-01T01:31:31.000000;2016-03-01T01:31:31.000000;335a096b-9b9c-47fe-aa5e-24ca9eb0a414;440.52;3.3232528;UNKNOWN
2016-03-01T01:31:31.000000;2016-03-01T01:31:31.000000;726a13da-2b75-47ec-9fab-df1b630ff08a;440.52;0.10020386;UNKNOWN
2016-03-01T01:31:31.000000;2016-03-01T01:31:31.000000;c1af4aa6-1afe-48c4-afc1-21355b6a7cf2;440.52;0.48393428;UNKNOWN
2016-03-01T01:31:31.000000;2016-03-01T01:31:31.000000;8224fdea-69ab-49e7-8d5e-2d1958184a91;440.52;0.09260906;UNKNOWN
2016-03-01T01:33:17.000000;2016-03-01T01:33:17.000000;bf79fde5-c70c-4c5f-b427-83aa57e8d791;440.48;2.70532053;UNKNOWN
2016-03-01T01:34:27.000000;2016-03-01T01:34:27.000000;202c18ba-d7de-46e7-91ff-ec4e4b43da02;440.6;0.03408862;UNKNOWN
2016-03-01T01:35:01.000000;2016-03-01T01:35:01.000000;72a2b38b-62fd-4ecb-8582-b31a78e1f5fb;440.6;0.28591138;UNKNOWN
2016-03-01T01:35:01.000000;2016-03-01T01:35:01.000000;651835c8-d5d8-4924-81d6-751715ded058;440.53;2.87391887;UNKNOWN
2016-03-01T01:35:08.000000;2016-03-01T01:35:08.000000;a1b40580-70e1-4870-9bc2-e50dac2e918c;440.57;0.05454055;UNKNOWN
2016-03-01T01:35:50.000000;2016-03-01T01:35:50.000000;6e719b17-fccc-44b5-ae28-5e1165ef653b;440.43;3.32398923;UNKNOWN
2016-03-01T01:35:50.000000;2016-03-01T01:35:50.000000;3ae6fa67-e200-4760-8beb-c71bec82d063;440.57;3.26889633;UNKNOWN
2016-03-01T01:35:50.000000;2016-03-01T01:35:50.000000;6987e538-0a3c-4642-b8d5-ba6626b5fc17;440.39;3.32398923;UNKNOWN
2016-03-01T01:35:50.000000;2016-03-01T01:35:50.000000;96187c9b-97c4-4641-97fd-3564f1976821;440.44;3.32332643;UNKNOWN
2016-03-01T01:35:50.000000;2016-03-01T01:35:50.000000;a319cbda-70e5-4160-8bed-6e08b37a7dcf;440.36;0.925;UNKNOWN
2016-03-01T01:35:50.000000;2016-03-01T01:35:50.000000;a751e876-8f54-457e-b911-cc1a6ac5a813;440.31;1.7743619;UNKNOWN
2016-03-01T01:35:50.000000;2016-03-01T01:35:50.000000;f994675c-1a0d-4f1c-9f71-48b2b0d182c8;440.54;3.32343688;UNKNOWN
2016-03-01T01:35:50.000000;2016-03-01T01:35:50.000000;da8aca0c-2f88-47b4-80f8-30320943559d;440.45;0.925;UNKNOWN
2016-03-01T01:35:57.000000;2016-03-01T01:35:57.000000;f719f43b-7544-4eff-93e4-57822aba94cf;440.27;0.08;UNKNOWN
2016-03-01T01:35:58.000000;2016-03-01T01:35:58.000000;9002aebf-711d-4327-bb18-4fe08d1f0a97;440.27;0.04;UNKNOWN
2016-03-01T01:36:22.000000;2016-03-01T01:36:22.000000;6d1253a2-8ab9-429e-bc13-8047be28459f;440.27;0.03;UNKNOWN
2016-03-01T01:37:08.000000;2016-03-01T01:37:08.000000;fe33c9fc-244e-41cd-a4e0-293e0505335d;440.27;0.775;UNKNOWN
2016-03-01T01:37:08.000000;2016-03-01T01:37:08.000000;f86b8c81-61e8-442d-b6b3-1c19fee17160;440.27;0.12;UNKNOWN
2016-03-01T01:37:14.000000;2016-03-01T01:37:14.000000;cb4b0c45-c838-40aa-9a82-942acd9b9960;440.27;0.22657543;UNKNOWN
2016-03-01T01:37:27.000000;2016-03-01T01:37:27.000000;a581d97f-4a86-48a2-9773-7ff40a1d80b5;440.18;0.0243958;UNKNOWN
2016-03-01T01:37:37.000000;2016-03-01T01:37:37.000000;4948e92d-aa37-45b6-8898-c8580c5fd0fa;440.1;1.5418872;UNKNOWN
2016-03-01T01:37:37.000000;2016-03-01T01:37:37.000000;8832de39-b83a-4f03-bc0e-8e47bbd75d0b;440.1;0.925;UNKNOWN
2016-03-01T01:37:37.000000;2016-03-01T01:37:37.000000;787fa75b-b992-466e-b22f-9674cfd9cd05;440.18;0.9006042;UNKNOWN
2016-03-01T01:37:37.000000;2016-03-01T01:37:37.000000;8a71c373-7dcf-4351-9913-d6c7a32f1994;440.1;0.03;UNKNOWN
2016-03-01T01:37:46.000000;2016-03-01T01:37:46.000000;6e5633a0-bc52-4674-b8dc-511a6b96b739;440.1;2.81750572;UNKNOWN
2016-03-01T01:38:35.000000;2016-03-01T01:38:35.000000;eabeb894-c870-407e-a636-813e7bc0a528;440.1;10.64060708;UNKNOWN
2016-03-01T01:38:35.000000;2016-03-01T01:38:35.000000;6c55be2e-c3a7-44d7-9429-0afe9a94504f;440.11;15.74;UNKNOWN
2016-03-01T01:38:39.000000;2016-03-01T01:38:39.000000;e6a1826d-87c7-49c9-bb31-789adf89b60e;439.41;4.116;UNKNOWN
2016-03-01T01:38:39.000000;2016-03-01T01:38:39.000000;4fe97e8d-896b-4285-afff-dcff27f1578e;439.5;0.03;UNKNOWN
2016-03-01T01:38:39.000000;2016-03-01T01:38:39.000000;1e4ef381-f0c0-475f-ae8a-d9eacdee1dc9;439.92;0.925;UNKNOWN
2016-03-01T01:38:39.000000;2016-03-01T01:38:39.000000;d85f1180-04d8-4ca7-8e2d-6f7f48dd4202;439.83;0.925;UNKNOWN
2016-03-01T01:38:43.000000;2016-03-01T01:38:43.000000;a6ec021b-1538-41ed-b6c3-abc48bce8d8a;439.2;0.64637804;UNKNOWN
2016-03-01T01:38:43.000000;2016-03-01T01:38:43.000000;85a2359a-444e-4fd9-a2ff-3d6ac14dd2ba;439.24;3.3317045;UNKNOWN
2016-03-01T01:38:43.000000;2016-03-01T01:38:43.000000;f9f5c2e4-b425-4b85-9b4c-884f5ad3daee;439.27;3.3317045;UNKNOWN
2016-03-01T01:38:43.000000;2016-03-01T01:38:43.000000;118bf032-b90b-43d5-a8ad-72cf334d0add;439.5;0.03;UNKNOWN
2016-03-01T01:39:42.000000;2016-03-01T01:39:42.000000;9990f47c-ea9f-49f4-b89e-540f7fa920d8;439.31;0.21349357;UNKNOWN
2016-03-01T01:40:05.000000;2016-03-01T01:40:05.000000;5431c0f1-293a-4735-8cf1-05aaadcd004e;439.15;0.5;UNKNOWN
2016-03-01T01:40:05.000000;2016-03-01T01:40:05.000000;1fc32ba3-1fb9-4f37-bd32-3eca94ae1cb1;439.14;3.0;UNKNOWN
2016-03-01T01:40:05.000000;2016-03-01T01:40:05.000000;94950431-a503-451b-b3a3-8c0dd693f671;439.11;0.53891;UNKNOWN
2016-03-01T01:40:17.000000;2016-03-01T01:40:17.000000;6666eba3-9aec-4488-9c37-ca12abae7d34;439.1;0.01;UNKNOWN
2016-03-01T01:40:17.000000;2016-03-01T01:40:17.000000;eafed645-e0a7-4af7-a0f9-3751add842bb;439.05;0.26023375;UNKNOWN
2016-03-01T01:40:23.000000;2016-03-01T01:40:23.000000;e565a543-ba77-4d9a-ad05-5bf11cc853bb;439.05;6.0;UNKNOWN
2016-03-01T01:40:23.000000;2016-03-01T01:40:23.000000;c4f72350-d9e0-42aa-aa66-60a2e1a42865;439.03;11.7855;UNKNOWN
2016-03-01T01:40:23.000000;2016-03-01T01:40:23.000000;6527d6a1-5976-4f2f-a360-f331fce1cd9a;439.06;3.0;UNKNOWN
2016-03-01T01:40:23.000000;2016-03-01T01:40:23.000000;aad43112-1995-4a84-bb1a-5b1a6ff765e4;439.06;18.7145;UNKNOWN
2016-03-01T01:40:23.000000;2016-03-01T01:40:23.000000;69ce652a-9a06-4b78-ac4a-89a1fb1f7630;439.07;0.5;UNKNOWN
2016-03-01T01:41:22.000000;2016-03-01T01:41:22.000000;f7984947-cf61-4f52-889b-392069ad6a00;439.28;0.118;UNKNOWN
2016-03-01T01:42:48.000000;2016-03-01T01:42:48.000000;aa883d0d-7b11-432c-b232-d4972af4ded3;439.28;1.16215291;UNKNOWN
2016-03-01T01:43:05.000000;2016-03-01T01:43:05.000000;d7b645fc-6cec-40bb-b845-95fd4758df6c;439.39;4.32297599;UNKNOWN
2016-03-01T01:43:14.000000;2016-03-01T01:43:14.000000;b9d20b4a-94fb-468a-8908-34776df1bba6;439.51;1.01709;UNKNOWN
2016-03-01T01:43:14.000000;2016-03-01T01:43:14.000000;69b95079-c04e-41fc-b2df-bcfb8a9dad6e;439.51;3.0;UNKNOWN
2016-03-01T01:43:14.000000;2016-03-01T01:43:14.000000;fd5b58f3-d562-4a29-ab19-957fea9a7b9f;439.5;0.5;UNKNOWN
2016-03-01T01:43:14.000000;2016-03-01T01:43:14.000000;5b8b3b4b-031b-4f17-95a4-b4e6f27bb42a;439.52;1.87039974;UNKNOWN
2016-03-01T01:45:21.000000;2016-03-01T01:45:21.000000;11b73272-549b-4f17-90c2-ae48aa64341a;439.39;0.04510206;UNKNOWN
2016-03-01T01:46:06.000000;2016-03-01T01:46:06.000000;9543ac2d-13ce-4c22-aa3c-9cdccab1a57a;439.39;0.12805637;UNKNOWN
2016-03-01T01:46:28.000000;2016-03-01T01:46:28.000000;6b670c4c-3092-4d54-be50-88130fd55c02;439.55;0.03;UNKNOWN
2016-03-01T01:46:28.000000;2016-03-01T01:46:28.000000;2fbc75d6-ad66-4efe-accc-f00de6c1219c;439.4;0.05;UNKNOWN
2016-03-01T01:46:28.000000;2016-03-01T01:46:28.000000;2b073a8b-4dc5-40f1-9e2a-d05076b45c99;439.41;0.92;UNKNOWN
2016-03-01T01:47:05.000000;2016-03-01T01:47:05.000000;fd98678c-3d1c-40bb-b3eb-c781e11c6440;439.42;0.1146066;UNKNOWN
2016-03-01T01:47:05.000000;2016-03-01T01:47:05.000000;fedc4c76-1b9e-479c-ae25-805a6cc9150a;439.42;0.28661535;UNKNOWN
2016-03-01T01:47:05.000000;2016-03-01T01:47:05.000000;4bc66376-7969-40cc-8097-234dba29ca37;439.42;0.5;UNKNOWN
2016-03-01T01:47:05.000000;2016-03-01T01:47:05.000000;07a399be-9e33-4797-b158-59ffcb0ea595;439.41;2.64877805;UNKNOWN
2016-03-01T01:48:06.000000;2016-03-01T01:48:06.000000;802ef024-dd80-4d12-819e-e686d8088fc0;439.5;0.2;UNKNOWN
2016-03-01T01:48:32.000000;2016-03-01T01:48:32.000000;1ee54dfb-a38d-4d2b-9385-81c10f154775;439.52;3.5;UNKNOWN
2016-03-01T01:48:35.000000;2016-03-01T01:48:35.000000;cb3e4e08-5440-48d0-bb0b-d3de918370f2;439.54;3.5;UNKNOWN
2016-03-01T01:49:01.000000;2016-03-01T01:49:01.000000;edf668e6-d620-4532-abce-35883c97cace;439.54;0.21;UNKNOWN
2016-03-01T01:50:06.000000;2016-03-01T01:50:06.000000;6103be98-3a75-4be6-ae91-f4e8071813ed;439.46;7.0;UNKNOWN
2016-03-01T01:51:00.000000;2016-03-01T01:51:00.000000;293cd190-b448-4733-97e8-f1f7ca3e5e5c;439.44;0.5;UNKNOWN
2016-03-01T01:51:00.000000;2016-03-01T01:51:00.000000;63541e99-8f14-4e23-9227-b48d2ca0cc18;439.44;0.228;UNKNOWN
2016-03-01T01:51:00.000000;2016-03-01T01:51:00.000000;f67b85c7-05f3-4f71-b614-df29e0f5d2fe;439.44;0.229;UNKNOWN
2016-03-01T01:51:00.000000;2016-03-01T01:51:00.000000;836a1d6c-f27d-45c1-8f28-6c1b1efa20d0;439.44;0.043;UNKNOWN
2016-03-01T01:51:58.000000;2016-03-01T01:51:58.000000;83d49c1b-7e12-4c0a-ae3f-861155f8f02c;439.42;2.27779796;UNKNOWN
2016-03-01T01:53:12.000000;2016-03-01T01:53:12.000000;b3c67ceb-05ae-4db1-b929-c72977ef99da;439.39;0.15989163;UNKNOWN
2016-03-01T01:53:49.000000;2016-03-01T01:53:49.000000;e24d6dc1-5a62-42ef-8390-00839bbc6dd6;439.42;0.01214;UNKNOWN
2016-03-01T01:55:22.000000;2016-03-01T01:55:22.000000;efb73dd2-3e23-4be0-9d29-9e654a434893;439.44;0.229;UNKNOWN
2016-03-01T01:55:22.000000;2016-03-01T01:55:22.000000;bfcd5e74-19a4-4f29-90ec-941a72faaffe;439.44;0.229;UNKNOWN
2016-03-01T01:55:22.000000;2016-03-01T01:55:22.000000;4ba7f725-7e1c-49b8-8b14-537ee31b7368;439.44;0.227;UNKNOWN
2016-03-01T01:55:22.000000;2016-03-01T01:55:22.000000;b3ff2465-5cd3-40f9-b3d6-0302ff74cae5;439.44;0.01719287;UNKNOWN
2016-03-01T01:55:22.000000;2016-03-01T01:55:22.000000;2622acb7-e9c5-4192-b873-6f589a1f188e;439.74;0.59580713;UNKNOWN
2016-03-01T01:55:22.000000;2016-03-01T01:55:22.000000;34e1e3e2-5fae-4de8-a2b3-7e4b5220efbe;439.44;0.228;UNKNOWN
2016-03-01T01:55:22.000000;2016-03-01T01:55:22.000000;830bb725-69de-4420-9278-7c9a20a900cb;439.44;0.228;UNKNOWN
2016-03-01T01:55:22.000000;2016-03-01T01:55:22.000000;fd2b2df5-a181-445c-acc5-ceeee08a9a96;439.44;0.228;UNKNOWN
2016-03-01T01:55:22.000000;2016-03-01T01:55:22.000000;3f946d64-e656-4cbc-b789-7d4551d4471a;439.44;0.29;UNKNOWN
2016-03-01T01:55:22.000000;2016-03-01T01:55:22.000000;58f018d6-11e6-4952-96da-5b54c1a8aa1d;439.44;0.228;UNKNOWN
2016-03-01T01:56:01.000000;2016-03-01T01:56:01.000000;3ff5fc1d-c538-49c4-833a-f0fd9295dd5b;439.6;1.220815;UNKNOWN
2016-03-01T01:56:01.000000;2016-03-01T01:56:01.000000;c6fb63bb-543d-4a8e-b052-a71f38d79ceb;439.62;0.5;UNKNOWN
2016-03-01T01:56:01.000000;2016-03-01T01:56:01.000000;2833c635-f465-4721-b891-485fda6b3d9e;439.61;3.0;UNKNOWN
2016-03-01T01:56:05.000000;2016-03-01T01:56:05.000000;b3fdd433-15b1-4e09-8e6f-4fcd5d2cf364;439.62;0.2568953;UNKNOWN
2016-03-01T01:57:06.000000;2016-03-01T01:57:06.000000;0f40e477-00d5-49fe-a313-08c6b9a18df4;439.71;8.0;UNKNOWN
2016-03-01T01:57:38.000000;2016-03-01T01:57:38.000000;388b504a-a253-4481-9cff-839a79519fe5;439.71;0.27335437;UNKNOWN
2016-03-01T01:58:28.000000;2016-03-01T01:58:28.000000;e1e3654d-0fe4-4001-8402-fd43d75dd2d7;439.71;0.5;UNKNOWN
2016-03-01T01:59:28.000000;2016-03-01T01:59:28.000000;34468ffc-bc6c-4a31-a29c-8d259d4d2538;439.67;0.0572;UNKNOWN
2016-03-01T01:59:37.000000;2016-03-01T01:59:37.000000;5b4b0fda-d5c6-49cb-a81b-2063d9fdad78;439.67;0.47985132;UNKNOWN
2016-03-01T01:59:47.000000;2016-03-01T01:59:47.000000;6b945099-ef8f-4624-ac2c-8c25c22f5603;439.67;2.72;UNKNOWN
2016-03-01T02:01:17.000000;2016-03-01T02:01:17.000000;249dcef2-5c69-4b48-bb69-9c62e10700d6;439.48;0.11284643;UNKNOWN
2016-03-01T02:01:18.000000;2016-03-01T02:01:18.000000;cf8ca113-4b57-4aaf-9baf-5aaf72c3ab38;439.48;0.04381885;UNKNOWN
2016-03-01T02:02:10.000000;2016-03-01T02:02:10.000000;d99aef1b-abe0-4972-b1ff-9d2f368cf360;439.48;2.0;UNKNOWN
2016-03-01T02:02:28.000000;2016-03-01T02:02:28.000000;c96162c6-6306-41e6-824e-35f47ddb9636;439.3;0.92;UNKNOWN
2016-03-01T02:02:28.000000;2016-03-01T02:02:28.000000;82fedd8e-d405-4651-8525-c3248a902689;439.48;11.9558;UNKNOWN
2016-03-01T02:02:28.000000;2016-03-01T02:02:28.000000;cddca168-959b-493d-90a3-ef4aefe17936;439.39;0.84010837;UNKNOWN
2016-03-01T02:02:28.000000;2016-03-01T02:02:28.000000;93f9a7cc-8937-42d4-b9d7-f1aecf82060c;439.23;2.22106137;UNKNOWN
2016-03-01T02:02:38.000000;2016-03-01T02:02:38.000000;3b618988-df61-4af4-904e-2f2471f72353;439.13;0.01212;UNKNOWN
2016-03-01T02:02:38.000000;2016-03-01T02:02:38.000000;6e248578-8640-4f91-9011-a079b944dace;439.13;0.72053734;UNKNOWN
2016-03-01T02:02:59.000000;2016-03-01T02:02:59.000000;b6009c3e-6339-4112-b9d2-160cd6f07d2b;439.27;5.0;UNKNOWN
2016-03-01T02:03:06.000000;2016-03-01T02:03:06.000000;f4764a6d-fc0a-4ca7-beb7-95a083826079;439.27;4.7;UNKNOWN
2016-03-01T02:04:05.000000;2016-03-01T02:04:05.000000;3e93bfa5-465d-4352-aaed-86b6c580dcdb;439.38;1.0;UNKNOWN
2016-03-01T02:04:28.000000;2016-03-01T02:04:28.000000;90a4c0e4-96f5-4ad1-a711-85c772850b01;439.36;0.11618884;UNKNOWN
2016-03-01T02:05:13.000000;2016-03-01T02:05:13.000000;4b73c3dd-d720-454e-9d09-7e8024ad3137;439.56;0.02426;UNKNOWN
2016-03-01T02:07:02.000000;2016-03-01T02:07:02.000000;441da111-3288-40c1-840a-20e536f81659;439.28;0.012;UNKNOWN
2016-03-01T02:10:43.000000;2016-03-01T02:10:43.000000;7b0447b9-48bb-40c9-9ae4-35d42562875c;439.48;0.229;UNKNOWN
2016-03-01T02:10:43.000000;2016-03-01T02:10:43.000000;c7d167d0-53eb-43fd-9d91-6201c63c7fb6;439.57;0.0271;UNKNOWN
2016-03-01T02:10:43.000000;2016-03-01T02:10:43.000000;6913f466-77ac-49a8-a9f2-4e226d9c6421;439.48;0.228;UNKNOWN
2016-03-01T02:10:43.000000;2016-03-01T02:10:43.000000;d8a26570-8a60-437b-af15-cf12ee0ceea8;439.48;0.228;UNKNOWN
2016-03-01T02:11:30.000000;2016-03-01T02:11:30.000000;9153aed0-e9a5-4d26-add3-2a121f1fb866;439.73;0.011;UNKNOWN
2016-03-01T02:12:08.000000;2016-03-01T02:12:08.000000;08b8c4b7-1b9f-49b3-911d-670af33d8ea7;439.5;0.22786273;UNKNOWN
2016-03-01T02:12:10.000000;2016-03-01T02:12:10.000000;63643aae-c7f7-41e1-97bc-ac99a724ce91;439.5;0.011;UNKNOWN
2016-03-01T02:14:05.000000;2016-03-01T02:14:05.000000;e923a2cc-d930-4d51-9afd-aefec258b882;439.72;0.5;UNKNOWN
2016-03-01T02:14:05.000000;2016-03-01T02:14:05.000000;b57f214b-a41d-43b9-a478-eea8ebbf4fe2;439.73;0.229;UNKNOWN
2016-03-01T02:14:05.000000;2016-03-01T02:14:05.000000;95d1a811-fc0f-478f-9830-c0e5be0272f8;439.74;0.02776225;UNKNOWN
2016-03-01T02:14:05.000000;2016-03-01T02:14:05.000000;f7fd8a96-7c50-4046-b540-4ff030d00e78;439.74;0.29;UNKNOWN
2016-03-01T02:14:05.000000;2016-03-01T02:14:05.000000;5626a87e-e49d-479a-ad06-89cf694754b3;439.72;0.228;UNKNOWN
2016-03-01T02:14:05.000000;2016-03-01T02:14:05.000000;32c809cf-90be-44b5-b31a-702ff8e34ff9;439.73;0.228;UNKNOWN
2016-03-01T02:14:05.000000;2016-03-01T02:14:05.000000;c95b2bd3-b847-4c7f-be7a-02183d011dc1;439.74;0.228;UNKNOWN
2016-03-01T02:14:05.000000;2016-03-01T02:14:05.000000;64841fde-41b8-4b2f-a954-6a05cc88d93c;439.73;1.019;UNKNOWN
2016-03-01T02:14:06.000000;2016-03-01T02:14:06.000000;09f8081b-5e43-48df-9a9c-3d1db22eb55e;439.74;0.06802225;UNKNOWN
2016-03-01T02:14:06.000000;2016-03-01T02:14:06.000000;fa2e5118-b6b7-4a27-9eaa-0a322a5e228f;439.74;0.19923775;UNKNOWN
2016-03-01T02:14:06.000000;2016-03-01T02:14:06.000000;1e86e2e9-ac4e-4fdd-88d8-ed86afb3f955;439.74;0.229;UNKNOWN
2016-03-01T02:14:06.000000;2016-03-01T02:14:06.000000;42f07fe8-7a7d-42de-9ed7-f4c5e9dfc3c8;439.74;0.20374;UNKNOWN
2016-03-01T02:14:07.000000;2016-03-01T02:14:07.000000;21b2c205-c3ce-4573-9db6-5f837d37ec71;439.72;0.33515501;UNKNOWN
2016-03-01T02:14:08.000000;2016-03-01T02:14:08.000000;08015c50-cfa0-4481-8c62-07cf156e0e0b;439.74;0.15897775;UNKNOWN
2016-03-01T02:14:08.000000;2016-03-01T02:14:08.000000;6f16cc59-86e7-4d07-b476-bac4721a7457;439.83;0.01183085;UNKNOWN
2016-03-01T02:14:08.000000;2016-03-01T02:14:08.000000;774d086c-e762-43e5-b5a6-cf540fa284c4;439.72;0.16484499;UNKNOWN
2016-03-01T02:14:36.000000;2016-03-01T02:14:36.000000;cf384ee6-11ce-4b1c-a575-2c1716a41b99;439.51;0.011123;UNKNOWN
2016-03-01T02:16:05.000000;2016-03-01T02:16:05.000000;21d90876-b904-4da9-b813-17653c29bd81;439.31;0.4;UNKNOWN
2016-03-01T02:16:19.000000;2016-03-01T02:16:19.000000;fb49da66-15c8-43f2-b141-47dc46d0fb6b;439.31;0.05639903;UNKNOWN
2016-03-01T02:16:50.000000;2016-03-01T02:16:50.000000;166b2405-935b-4921-a0f5-16ff60e8567b;439.31;1.0;UNKNOWN
2016-03-01T02:16:58.000000;2016-03-01T02:16:58.000000;c546283a-f101-4fa2-a2d3-f3fec05be389;439.1;0.0111057;UNKNOWN
2016-03-01T02:17:06.000000;2016-03-01T02:17:06.000000;96510bc1-ce6d-4e77-b07c-e144827e3051;439.1;0.9888943;UNKNOWN
2016-03-01T02:17:06.000000;2016-03-01T02:17:06.000000;1d4c11cb-96df-4069-b3bd-82ecb2014050;439.01;0.0111057;UNKNOWN
2016-03-01T02:18:05.000000;2016-03-01T02:18:05.000000;3574fa67-23bc-4b80-bfa3-32fa5f6f9c1b;439.17;9.43845;UNKNOWN
2016-03-01T02:18:05.000000;2016-03-01T02:18:05.000000;fbf9c386-494b-4e24-b0df-dcdb71278e69;439.02;0.56155;UNKNOWN
2016-03-01T02:18:49.000000;2016-03-01T02:18:49.000000;94c9a5d4-b870-4bcd-8c6a-3e91910892d6;439.0;6.0;UNKNOWN
2016-03-01T02:18:50.000000;2016-03-01T02:18:50.000000;604f0e02-9bcb-4cd1-9144-c63efb2e0d7e;439.0;6.0;UNKNOWN
2016-03-01T02:18:54.000000;2016-03-01T02:18:54.000000;1e8ac3d5-79cf-4516-86cd-ade4a7996fde;439.0;0.8;UNKNOWN
2016-03-01T02:18:55.000000;2016-03-01T02:18:55.000000;07e279de-55a1-4989-b975-22cce31d914a;438.9;0.01;UNKNOWN
2016-03-01T02:18:55.000000;2016-03-01T02:18:55.000000;5cccd1ac-486f-48ed-9ca4-2ca4b866bf48;439.0;0.01;UNKNOWN
2016-03-01T02:18:55.000000;2016-03-01T02:18:55.000000;ac319545-430f-4179-8d4c-0307145b7609;438.01;3.91848772;UNKNOWN
2016-03-01T02:18:55.000000;2016-03-01T02:18:55.000000;e8b5fb4e-2b66-4620-aaa5-1beaa9f07fd9;438.43;0.92;UNKNOWN
2016-03-01T02:18:55.000000;2016-03-01T02:18:55.000000;562bb66f-feaf-43cf-9201-342c74a85c4f;439.0;2.98;UNKNOWN
2016-03-01T02:18:55.000000;2016-03-01T02:18:55.000000;694448f2-a628-4462-9858-97781ac799bc;438.8;0.01;UNKNOWN
2016-03-01T02:18:55.000000;2016-03-01T02:18:55.000000;45a0b63d-13f7-459e-8ac6-e7a5f5d67af8;438.51;0.92;UNKNOWN
2016-03-01T02:18:55.000000;2016-03-01T02:18:55.000000;bbf8bd0a-c5a3-4f63-8af4-2d30752ab67e;439.0;37.2;UNKNOWN
2016-03-01T02:18:55.000000;2016-03-01T02:18:55.000000;4b2477d8-42b6-4031-94d7-00ee5918afad;438.6;0.92;UNKNOWN
2016-03-01T02:18:55.000000;2016-03-01T02:18:55.000000;0853cada-843a-488d-a53c-84cfebccd82f;438.9;0.03;UNKNOWN
2016-03-01T02:19:11.000000;2016-03-01T02:19:11.000000;76b84a21-1cb1-40e6-a225-3c63536b4adf;438.54;0.0111057;UNKNOWN
2016-03-01T02:19:13.000000;2016-03-01T02:19:13.000000;8a225421-1d9e-4141-beb2-6fe5de2a461d;438.14;0.19171954;UNKNOWN
2016-03-01T02:19:13.000000;2016-03-01T02:19:13.000000;4d20e119-09cd-4b9c-9586-2c81c9fc120b;438.0;2.30828046;UNKNOWN
2016-03-01T02:19:15.000000;2016-03-01T02:19:15.000000;9baa282a-8b87-4df9-a67c-2e242504a513;438.0;0.08311954;UNKNOWN
2016-03-01T02:19:15.000000;2016-03-01T02:19:15.000000;b9f0d505-6774-4ae2-9904-8ad7e5ec317f;437.6;1.87496502;UNKNOWN
2016-03-01T02:19:15.000000;2016-03-01T02:19:15.000000;eef1d98f-9a00-4439-aa38-5aacf276820c;437.67;12.5;UNKNOWN
2016-03-01T02:19:20.000000;2016-03-01T02:19:20.000000;e1baa423-a2af-4329-b726-0120e2271928;437.6;0.16850157;UNKNOWN
2016-03-01T02:19:25.000000;2016-03-01T02:19:25.000000;2654077f-1f54-461b-81a2-8f51f6368075;437.6;5.95653341;UNKNOWN
2016-03-01T02:19:32.000000;2016-03-01T02:19:32.000000;4a331d9a-be99-43bf-b3b4-e21af72f9f06;437.2;13.3861;UNKNOWN
2016-03-01T02:19:32.000000;2016-03-01T02:19:32.000000;d425fac8-238a-4069-9555-a76410f41d76;437.2;0.03;UNKNOWN
2016-03-01T02:19:32.000000;2016-03-01T02:19:32.000000;a5842d31-361d-4a91-885c-b53244568901;437.5;5.0;UNKNOWN
2016-03-01T02:19:32.000000;2016-03-01T02:19:32.000000;46922360-16ae-42a2-828c-44bb99eab1b2;437.04;1.5639;UNKNOWN
2016-03-01T02:19:32.000000;2016-03-01T02:19:32.000000;e73569d9-979a-49f3-b682-1c1024b76b07;437.2;0.02;UNKNOWN
2016-03-01T02:19:51.000000;2016-03-01T02:19:51.000000;5b6f0732-6318-4370-a0ec-0541057358d4;437.04;15.2179;UNKNOWN
2016-03-01T02:19:51.000000;2016-03-01T02:19:51.000000;ec04b635-7c82-4a1d-a764-8b0585f983d1;437.11;1.0;UNKNOWN
2016-03-01T02:19:51.000000;2016-03-01T02:19:51.000000;40fb398c-73e6-4f06-a110-6be3b5be95ba;437.23;0.01;UNKNOWN
2016-03-01T02:19:51.000000;2016-03-01T02:19:51.000000;c8d41b14-f1fd-4f86-8166-1b8ef568ec5b;437.0;3.6741;UNKNOWN
2016-03-01T02:19:51.000000;2016-03-01T02:19:51.000000;cad6e60c-6cf7-4e45-915b-c6f904e09540;437.01;11.97;UNKNOWN
2016-03-01T02:19:51.000000;2016-03-01T02:19:51.000000;8c677636-9649-47e0-b189-42d135a2543c;437.22;0.409555;UNKNOWN
2016-03-01T02:19:53.000000;2016-03-01T02:19:53.000000;8bf1dd45-6624-4bc1-8181-78a6b4ca0b16;436.9;8.09;UNKNOWN
2016-03-01T02:19:53.000000;2016-03-01T02:19:53.000000;0be01c0d-97e4-4a20-828b-3cc8c579dd06;437.0;6.94;UNKNOWN
2016-03-01T02:19:53.000000;2016-03-01T02:19:53.000000;17663504-7fb1-45f0-aaa6-aab65cf03d89;437.0;4.98;UNKNOWN
2016-03-01T02:19:53.000000;2016-03-01T02:19:53.000000;c1546a4f-237e-4fb5-b843-2a27e2b3fc76;436.89;1.3099;UNKNOWN
2016-03-01T02:19:54.000000;2016-03-01T02:19:54.000000;d0abc0ae-6852-458b-ad2b-53e7516ad759;437.0;2.8776;UNKNOWN
2016-03-01T02:20:04.000000;2016-03-01T02:20:04.000000;37fb68d1-f2b5-4c79-a6d3-31aadde9d527;437.25;1.52726658;UNKNOWN
2016-03-01T02:20:05.000000;2016-03-01T02:20:05.000000;73ff53c9-4ba0-4f6a-a921-b833d74ae6dc;437.25;4.64288576;UNKNOWN
2016-03-01T02:20:59.000000;2016-03-01T02:20:59.000000;49ea6d3d-0b68-4ce2-820d-14ac32f6874f;437.25;0.15886956;UNKNOWN
2016-03-01T02:20:59.000000;2016-03-01T02:20:59.000000;f8947283-43af-4b23-93e5-6017563977a5;437.25;0.09113044;UNKNOWN
2016-03-01T02:21:02.000000;2016-03-01T02:21:02.000000;1cde9b4a-404d-4cc6-b6ff-636df9e521f6;437.25;0.13113044;UNKNOWN
2016-03-01T02:21:02.000000;2016-03-01T02:21:02.000000;df5bfd2e-1c81-4e8e-9a8a-b97b25c0ddea;437.25;0.227;UNKNOWN
2016-03-01T02:21:02.000000;2016-03-01T02:21:02.000000;9c28c918-697b-4bfa-a2ed-ce28ee39f3e9;437.25;0.04186956;UNKNOWN
2016-03-01T02:22:02.000000;2016-03-01T02:22:02.000000;638d9082-3a77-4672-9c2d-8743e1c672be;437.24;2.99851;UNKNOWN
2016-03-01T02:22:04.000000;2016-03-01T02:22:04.000000;cdd7b626-1987-4fcc-b4eb-120dbe94b42e;437.24;2.0;UNKNOWN
2016-03-01T02:22:06.000000;2016-03-01T02:22:06.000000;2cbd5bda-e3de-4f4b-8ecf-4b2e077fc06e;437.24;2.0;UNKNOWN
2016-03-01T02:22:08.000000;2016-03-01T02:22:08.000000;52fc354b-c32d-497c-b08c-b30559140738;437.24;0.229;UNKNOWN
2016-03-01T02:22:08.000000;2016-03-01T02:22:08.000000;8a94594b-2515-4506-bfff-33592ea15a5e;437.24;0.228;UNKNOWN
2016-03-01T02:22:08.000000;2016-03-01T02:22:08.000000;5241bf8f-898a-4284-866a-4e42d379a765;437.24;0.18613044;UNKNOWN
2016-03-01T02:22:08.000000;2016-03-01T02:22:08.000000;80be7476-ee91-49ed-9d5a-4cf37fe2f2ae;437.24;8.74149;UNKNOWN
2016-03-01T02:22:08.000000;2016-03-01T02:22:08.000000;4847d0b3-0559-4480-acb9-513300c17e0e;437.24;0.227;UNKNOWN
2016-03-01T02:22:08.000000;2016-03-01T02:22:08.000000;2995faeb-a7e6-4670-bca2-964ee1556352;437.24;0.229;UNKNOWN
2016-03-01T02:22:08.000000;2016-03-01T02:22:08.000000;5da998ac-f130-404e-983a-2a41b55aa905;437.24;0.228;UNKNOWN
2016-03-01T02:22:08.000000;2016-03-01T02:22:08.000000;0443caa2-de9d-4f4c-ac6d-2c0f4b5ae1be;437.24;0.228;UNKNOWN
2016-03-01T02:22:10.000000;2016-03-01T02:22:10.000000;80b47715-fa70-4671-89bc-e7b5ebe6d94c;437.25;1.0;UNKNOWN
2016-03-01T02:22:10.000000;2016-03-01T02:22:10.000000;bb960b51-047a-4698-8ec2-de188c14c4c1;437.25;1.0;UNKNOWN
2016-03-01T02:22:11.000000;2016-03-01T02:22:11.000000;8adbe652-7023-4459-88c1-b7affd5171ea;437.24;2.0;UNKNOWN
2016-03-01T02:22:21.000000;2016-03-01T02:22:21.000000;8ff00647-326a-4002-b1b5-dcc69f0e775a;437.24;7.70337956;UNKNOWN
2016-03-01T02:22:21.000000;2016-03-01T02:22:21.000000;9316db2b-a9ed-4baf-a571-13d9b5793416;437.23;50.0;UNKNOWN
2016-03-01T02:22:21.000000;2016-03-01T02:22:21.000000;5ca3112c-b9f1-479a-9040-ff6e35a44ced;437.24;13.43;UNKNOWN
2016-03-01T02:22:21.000000;2016-03-01T02:22:21.000000;2d5c9e51-ccb4-46ad-8212-463b8e56977c;437.25;15.74;UNKNOWN
2016-03-01T02:22:22.000000;2016-03-01T02:22:22.000000;a1b90ebf-695c-407d-9645-c998bdd26e4f;437.2;0.16;UNKNOWN
2016-03-01T02:23:06.000000;2016-03-01T02:23:06.000000;4d8371c3-fd4e-4269-88a1-b2c4fe5a9d6b;437.21;0.0118;UNKNOWN
2016-03-01T02:23:13.000000;2016-03-01T02:23:13.000000;6bc1dd32-bbc2-4959-bc40-1cad40043e01;437.21;0.16;UNKNOWN
2016-03-01T02:23:17.000000;2016-03-01T02:23:17.000000;f1976d5a-b563-4c34-9062-03629c5c0257;437.21;0.16;UNKNOWN
2016-03-01T02:23:57.000000;2016-03-01T02:23:57.000000;49c8fa6e-70ae-4ff8-a1ec-b938840c9f6b;437.2;0.17;UNKNOWN
2016-03-01T02:23:57.000000;2016-03-01T02:23:57.000000;72bdef23-2691-4c95-90bb-d5d7de864338;437.1;2.0;UNKNOWN
2016-03-01T02:23:57.000000;2016-03-01T02:23:57.000000;53a62b16-0a39-43b9-a97c-b273a7d3fb34;437.2;2.0;UNKNOWN
2016-03-01T02:24:07.000000;2016-03-01T02:24:07.000000;19b7395f-ff6d-48ab-b20c-12cd54a1cd63;436.8;0.02;UNKNOWN
2016-03-01T02:24:07.000000;2016-03-01T02:24:07.000000;a3985bdd-eb2d-415f-8431-7ece43b74980;436.69;0.01;UNKNOWN
2016-03-01T02:24:24.000000;2016-03-01T02:24:24.000000;d1803c76-6de8-44e3-b3b1-5c3d05768b0f;436.98;0.5;UNKNOWN
2016-03-01T02:24:50.000000;2016-03-01T02:24:50.000000;8d13838a-3282-4a9b-97ed-ef5380a8021c;437.0;2.0;UNKNOWN
2016-03-01T02:25:05.000000;2016-03-01T02:25:05.000000;6f6499fe-45e8-4fa6-8168-651d0993a687;436.93;2.86;UNKNOWN
2016-03-01T02:25:05.000000;2016-03-01T02:25:05.000000;3d17f53d-83ba-44a0-87d7-736a7630f1e3;436.98;1.5;UNKNOWN
2016-03-01T02:25:50.000000;2016-03-01T02:25:50.000000;c6be8b38-f0c8-4817-990a-ad9015d9ed63;437.0;1.6;UNKNOWN
2016-03-01T02:26:04.000000;2016-03-01T02:26:04.000000;f96967eb-48a5-482a-91d7-8f626a246eeb;437.0;0.25;UNKNOWN
2016-03-01T02:26:28.000000;2016-03-01T02:26:28.000000;5dc6e645-9be3-46d0-860f-5fc8a23cce34;436.99;6.85397984;UNKNOWN
2016-03-01T02:28:51.000000;2016-03-01T02:28:51.000000;ff6de14a-a51a-44c2-b786-a6004163151b;436.99;2.42278232;UNKNOWN
2016-03-01T02:28:51.000000;2016-03-01T02:28:51.000000;bac1ebbe-de97-4ae9-8d2a-19cd7c99643f;436.99;1.0;UNKNOWN
2016-03-01T02:28:51.000000;2016-03-01T02:28:51.000000;e989b078-a101-4d2a-8776-1c7df18e2a33;436.99;3.34731768;UNKNOWN
2016-03-01T02:29:02.000000;2016-03-01T02:29:02.000000;54f8e927-b39d-4893-8819-3054f13fba73;437.0;1.98;UNKNOWN
2016-03-01T02:29:03.000000;2016-03-01T02:29:03.000000;25915c91-b621-47a6-995b-2c8e0858fec8;437.46;0.92;UNKNOWN
2016-03-01T02:29:03.000000;2016-03-01T02:29:03.000000;9239d344-9162-4a30-aa26-0e22baa0fa2e;437.55;0.92;UNKNOWN
2016-03-01T02:29:03.000000;2016-03-01T02:29:03.000000;875dc624-249a-4fc8-898e-4a734f68c63a;437.21;5.7089;UNKNOWN
2016-03-01T02:29:03.000000;2016-03-01T02:29:03.000000;8587cb9b-5940-424f-84e3-b90f7a68ed37;437.64;0.92;UNKNOWN
2016-03-01T02:29:03.000000;2016-03-01T02:29:03.000000;acf9945a-048f-40d3-bd88-034fa50fe602;437.62;6.0;UNKNOWN
2016-03-01T02:29:03.000000;2016-03-01T02:29:03.000000;6978e026-45e7-4ca8-81ee-36716f757928;437.72;5.5311;UNKNOWN
2016-03-01T02:29:34.000000;2016-03-01T02:29:34.000000;45b587e2-bd0a-4dbb-8643-85b4f4115e02;437.94;0.4724316;UNKNOWN
2016-03-01T02:30:08.000000;2016-03-01T02:30:08.000000;2346867d-b6d3-45e6-8d61-b056f248b9e3;438.51;0.92;UNKNOWN
2016-03-01T02:30:08.000000;2016-03-01T02:30:08.000000;df88d2f4-1148-4b5c-891d-1ec1b2022651;438.55;2.67860132;UNKNOWN
2016-03-01T02:30:08.000000;2016-03-01T02:30:08.000000;60b65989-b5cd-48be-91cb-4d92398bf115;438.43;0.92;UNKNOWN
2016-03-01T02:30:08.000000;2016-03-01T02:30:08.000000;b183f525-b473-4d4e-b37c-7e79491e88de;438.48;3.34657088;UNKNOWN
2016-03-01T02:30:08.000000;2016-03-01T02:30:08.000000;a7498fc8-107c-480c-9f2d-520c4eaadc8e;438.51;3.34657088;UNKNOWN
2016-03-01T02:30:08.000000;2016-03-01T02:30:08.000000;0e0290c3-defa-49d2-8bad-b6185967cd57;438.34;0.92;UNKNOWN
2016-03-01T02:30:08.000000;2016-03-01T02:30:08.000000;99505ab0-91b2-45fa-96ed-68f1113a26d4;438.43;3.34608564;UNKNOWN
2016-03-01T02:30:08.000000;2016-03-01T02:30:08.000000;fecebb45-fea6-4e79-b3b9-9f4d9eda2117;438.47;3.34608564;UNKNOWN
2016-03-01T02:30:08.000000;2016-03-01T02:30:08.000000;04ee4a86-3839-41f0-9361-85461f7858b9;438.51;3.34608564;UNKNOWN
2016-03-01T02:30:08.000000;2016-03-01T02:30:08.000000;ce755322-2cd6-43c6-b9a7-7a22326a3d3d;438.35;0.03;UNKNOWN
2016-03-01T02:30:48.000000;2016-03-01T02:30:48.000000;45020287-ba3f-4ab9-a9b0-d859d9636e15;437.88;0.0230282;UNKNOWN
2016-03-01T02:31:05.000000;2016-03-01T02:31:05.000000;ad4a0050-bc51-494e-b826-1d2985281a3b;437.94;4.48;UNKNOWN
2016-03-01T02:31:06.000000;2016-03-01T02:31:06.000000;d50073a0-ec04-4cd0-889e-f2c8d4503508;437.72;3.1949;UNKNOWN
2016-03-01T02:31:06.000000;2016-03-01T02:31:06.000000;8711a919-e298-44e9-b445-c139b7fb6f08;437.94;6.8051;UNKNOWN
2016-03-01T02:33:01.000000;2016-03-01T02:33:01.000000;edb9ff70-40dc-4917-ac8d-a4de51414ac4;438.61;2.05;UNKNOWN
2016-03-01T02:33:01.000000;2016-03-01T02:33:01.000000;20dc3bf3-f38d-4333-bcc2-508776824696;438.55;0.03;UNKNOWN
2016-03-01T02:33:01.000000;2016-03-01T02:33:01.000000;1550415c-aee9-4b3f-9440-f1914cc4a631;438.6;0.92;UNKNOWN
2016-03-01T02:33:15.000000;2016-03-01T02:33:15.000000;7cfb0b7f-db44-4d9b-acc8-ec93124e6166;438.55;0.01012114;UNKNOWN
2016-03-01T02:33:18.000000;2016-03-01T02:33:18.000000;3b0630a8-e9a7-4ea7-914b-3972d1e29264;438.64;0.47143258;UNKNOWN
2016-03-01T02:33:18.000000;2016-03-01T02:33:18.000000;8c26a616-bb8b-43c0-980f-0f4226405b60;438.55;0.01987886;UNKNOWN
2016-03-01T02:33:22.000000;2016-03-01T02:33:22.000000;c0bbbf96-0be2-488a-b330-0ae51b2b668e;438.64;0.01;UNKNOWN
2016-03-01T02:33:26.000000;2016-03-01T02:33:26.000000;1086d9bf-db95-49d2-8635-d600bcaf910d;438.64;0.49266029;UNKNOWN
2016-03-01T02:35:06.000000;2016-03-01T02:35:06.000000;384e1171-9345-4481-9ec8-c80dbabb96a4;438.97;1.02069275;UNKNOWN
2016-03-01T02:35:06.000000;2016-03-01T02:35:06.000000;992ae194-d719-409c-accf-026a97bcfaf2;438.75;0.12762;UNKNOWN
2016-03-01T02:35:18.000000;2016-03-01T02:35:18.000000;3dcee431-bda9-4b48-b533-e0b3a0cf2a64;439.0;2.0;UNKNOWN
2016-03-01T02:37:30.000000;2016-03-01T02:37:30.000000;6dd81d84-469a-4483-a17b-acd1a29d359a;438.59;0.228;UNKNOWN
2016-03-01T02:37:30.000000;2016-03-01T02:37:30.000000;205cfa1e-245c-4f52-80c8-d4ea951da660;438.59;0.227;UNKNOWN
2016-03-01T02:40:16.000000;2016-03-01T02:40:16.000000;7562d9e8-2d52-4766-a329-2f31446c91ae;438.46;0.01397;UNKNOWN
2016-03-01T02:40:38.000000;2016-03-01T02:40:38.000000;274afd82-2107-40e2-b82a-56ea5d553b17;438.72;0.58;UNKNOWN
2016-03-01T02:40:58.000000;2016-03-01T02:40:58.000000;1eab774a-f3d6-4cca-ab2d-43080d62d777;438.46;0.18943223;UNKNOWN
2016-03-01T02:45:05.000000;2016-03-01T02:45:05.000000;aefde83c-85d2-49c9-9684-87e5ea183998;438.5;4.42;UNKNOWN
2016-03-01T02:45:05.000000;2016-03-01T02:45:05.000000;26e221c3-c862-4279-bc3c-e79f9363c414;438.51;0.58;UNKNOWN
2016-03-01T02:47:18.000000;2016-03-01T02:47:18.000000;06672dcc-8a45-42ae-8248-243068e8a0c7;438.5;0.03869349;UNKNOWN
2016-03-01T02:48:57.000000;2016-03-01T02:48:57.000000;03f3b262-4885-4d38-bc29-db658c76db18;438.5;0.1;UNKNOWN
2016-03-01T02:50:17.000000;2016-03-01T02:50:17.000000;28437c4d-4b72-4576-85d3-fcac30eb6c10;438.5;0.11413922;UNKNOWN
2016-03-01T02:52:44.000000;2016-03-01T02:52:44.000000;43fa5895-91fd-43c8-b0f8-7416f5db276e;438.51;0.228;UNKNOWN
2016-03-01T02:52:44.000000;2016-03-01T02:52:44.000000;520ef31f-7122-4faf-8f9b-95ab2ad22dc1;438.51;0.2606;UNKNOWN
2016-03-01T02:52:44.000000;2016-03-01T02:52:44.000000;58c5b430-f2a2-48d9-b565-6397105e4222;438.51;0.228;UNKNOWN
2016-03-01T02:52:44.000000;2016-03-01T02:52:44.000000;6a7b08e4-f460-4078-a1d8-8cdc689dc6b6;438.51;0.228;UNKNOWN
2016-03-01T02:52:44.000000;2016-03-01T02:52:44.000000;b5aaf5b7-3cf6-4b03-8206-052d8ce67d73;438.51;0.229;UNKNOWN
2016-03-01T02:52:44.000000;2016-03-01T02:52:44.000000;19452d97-c0e7-4956-9072-bb40f4e9bd63;438.51;0.05;UNKNOWN
2016-03-01T02:53:34.000000;2016-03-01T02:53:34.000000;342d5e02-1529-4be0-a082-25e21ec10c7a;438.51;0.229;UNKNOWN
2016-03-01T02:53:34.000000;2016-03-01T02:53:34.000000;67273369-0881-4ec1-929e-476c94c8a137;438.51;0.22621;UNKNOWN
2016-03-01T02:53:34.000000;2016-03-01T02:53:34.000000;b0634189-aedb-41f8-902b-df1af74c243a;438.51;0.90150372;UNKNOWN
