time_exchange;time_coinpai;guid;price;base_amount;taker_side
2016-03-01T00:00:06.797000;2016-03-01T00:00:06.830000;f2b5d927-3795-4025-95e0-cdefe4b43aca;436.41;0.01;SELL
2016-03-01T00:00:06.797000;2016-03-01T00:00:06.847000;380c842f-da3b-4c15-95e6-9db9b8cd6eda;436.4;0.01;SELL
2016-03-01T00:00:06.797000;2016-03-01T00:00:06.847000;5743cfe0-0fb5-43b5-9fd0-85c132dd2e82;436.39;0.26;SELL
2016-03-01T00:00:06.797000;2016-03-01T00:00:06.880000;f34e8232-3131-4d5c-8cd4-3b90ca8bcd05;436.38;0.01;SELL
2016-03-01T00:00:06.797000;2016-03-01T00:00:06.893000;3465767d-b33e-40b7-88a6-0cd896555d49;436.33;0.02;SELL
2016-03-01T00:00:06.797000;2016-03-01T00:00:06.893000;f6700a39-2332-45f9-954e-d491696055ea;436.31;0.02;SELL
2016-03-01T00:00:06.797000;2016-03-01T00:00:06.893000;af3d24af-921b-434e-887a-e511ff438880;436.31;0.02;SELL
2016-03-01T00:00:06.797000;2016-03-01T00:00:06.893000;56031fac-3f19-475d-942c-ae64502d6646;436.31;0.01;SELL
2016-03-01T00:00:06.797000;2016-03-01T00:00:06.910000;4412fc5f-790a-471f-9a3c-7d3110313ae1;436.3;0.01;SELL
2016-03-01T00:00:06.800000;2016-03-01T00:00:06.910000;21b65e57-8f8a-4f7d-8d3d-a6533aea5d82;436.29;0.02;SELL
2016-03-01T00:00:06.800000;2016-03-01T00:00:06.910000;19dde788-931b-49c0-9caf-4fdcd943677a;436.29;0.01;SELL
2016-03-01T00:00:06.800000;2016-03-01T00:00:06.910000;132ec22f-1f50-4c93-bbfb-be5e5788efcd;436.29;0.02;SELL
2016-03-01T00:00:06.800000;2016-03-01T00:00:06.910000;4cb8cd9d-6099-4e3c-9c73-d2b8063de589;436.28;0.01;SELL
2016-03-01T00:00:06.800000;2016-03-01T00:00:06.927000;31139ac8-49ff-4c08-86e9-78e52cc963e0;436.27;0.01;SELL
2016-03-01T00:00:06.800000;2016-03-01T00:00:06.927000;b7c50df3-21ff-43d1-a214-62109ab69544;436.27;0.02;SELL
2016-03-01T00:00:06.800000;2016-03-01T00:00:06.927000;cc6862e5-070f-4ed3-a9a1-e5b8ee2825b9;436.26;0.01;SELL
2016-03-01T00:00:06.800000;2016-03-01T00:00:06.927000;464dac7d-b30b-4630-9038-c2fdf3a78ee1;436.25;0.01942;SELL
2016-03-01T00:00:31.483000;2016-03-01T00:00:31.520000;67c25238-b1bc-4038-904e-37391b3ca409;436.32;0.02;BUY
2016-03-01T00:00:31.483000;2016-03-01T00:00:31.533000;485da538-1dcf-4a09-a414-eeaf693801b9;436.32;0.109;BUY
2016-03-01T00:00:31.483000;2016-03-01T00:00:31.550000;23649cb8-cb9e-4f66-8842-d65271b66014;436.34;0.02;BUY
2016-03-01T00:00:31.487000;2016-03-01T00:00:31.550000;56e8264c-be31-49e6-94ff-a985446a168f;436.36;0.02;BUY
2016-03-01T00:00:31.487000;2016-03-01T00:00:31.567000;b1786a7d-177d-4120-8631-b56daed964ba;436.37;0.105;BUY
2016-03-01T00:00:31.487000;2016-03-01T00:00:31.567000;1f01b6bd-2fbd-4e19-afc6-1ee4a25720c5;436.38;0.02;BUY
2016-03-01T00:00:31.487000;2016-03-01T00:00:31.630000;3e6c64a6-0b59-4a9a-aec2-75e5b91c632c;436.39;0.24;BUY
2016-03-01T00:00:31.487000;2016-03-01T00:00:31.630000;6bfc3525-448a-4262-8764-5db3a77f4052;436.42;0.02;BUY
2016-03-01T00:00:31.487000;2016-03-01T00:00:31.630000;b5cb9a27-8dd3-4ebd-8aaa-b60acefc0d0d;436.42;0.074;BUY
2016-03-01T00:00:31.487000;2016-03-01T00:00:31.630000;ea242c71-cac3-470e-8f0e-bcb20313e404;436.43;0.01;BUY
2016-03-01T00:00:31.487000;2016-03-01T00:00:31.630000;bf560156-83ca-4d63-9d4e-c82824a631bc;436.45;0.01;BUY
2016-03-01T00:00:31.487000;2016-03-01T00:00:31.630000;212947b5-ccc5-4e8c-ad38-e4e5c626f690;436.45;0.084;BUY
2016-03-01T00:00:31.487000;2016-03-01T00:00:31.630000;ffa8747f-ebb9-42fe-90bd-785ecfd7f2ce;436.45;0.01;BUY
2016-03-01T00:00:31.487000;2016-03-01T00:00:31.630000;7ef3a240-ff0c-4bec-9844-af123b35fe15;436.45;4.927;BUY
2016-03-01T00:00:31.490000;2016-03-01T00:00:31.630000;f4c15d6b-0c12-432b-ad2a-59bffcef9840;436.47;0.01;BUY
2016-03-01T00:00:31.490000;2016-03-01T00:00:31.630000;9604266c-8c7a-41ad-94df-1deed9f8da2e;436.47;0.3236;BUY
2016-03-01T00:01:02.080000;2016-03-01T00:01:02.113000;ed740848-a8ca-49e9-8b2f-22c0d7cfd4d5;436.43;0.01;BUY
2016-03-01T00:01:02.080000;2016-03-01T00:01:02.130000;057a0830-bb6c-426c-bc19-8e6227e286a6;436.43;0.101;BUY
2016-03-01T00:01:02.083000;2016-03-01T00:01:02.130000;e035d1f7-1884-41cd-9495-79308a00f4d6;436.44;0.02;BUY
2016-03-01T00:01:02.083000;2016-03-01T00:01:02.130000;eb2314ed-d451-45df-8e05-b2fb78c4a161;436.45;0.01;BUY
2016-03-01T00:01:02.083000;2016-03-01T00:01:02.143000;ed5408f0-0512-45b3-86b7-9fad2665f37f;436.48;0.113;BUY
2016-03-01T00:01:02.083000;2016-03-01T00:01:02.237000;17fdb3f1-53b4-47c7-9b54-772cd21a6b5c;436.49;0.01;BUY
2016-03-01T00:01:02.083000;2016-03-01T00:01:02.237000;013eebcc-41c8-4d09-9b9f-dc75ce520b55;436.49;0.05;BUY
2016-03-01T00:01:02.083000;2016-03-01T00:01:02.237000;b6ec5906-8759-4d71-a3cc-e3961f4968cc;436.5;1.00428;BUY
2016-03-01T00:01:31.783000;2016-03-01T00:01:31.817000;3366abc8-1956-4494-ba2f-c2bdc2ac3577;436.48;0.01;BUY
2016-03-01T00:01:31.783000;2016-03-01T00:01:31.833000;bb203a9c-713d-49ae-a9e8-5e333ee5a113;436.48;0.21745;BUY
2016-03-01T00:02:02.720000;2016-03-01T00:02:02.753000;1818b8bb-734f-407e-8f9e-f2d93aeafd9e;436.49;0.01;BUY
2016-03-01T00:02:02.720000;2016-03-01T00:02:02.770000;0ae49a36-e76b-45d1-9ac7-53afc6436bc1;436.49;0.489;BUY
2016-03-01T00:02:02.723000;2016-03-01T00:02:02.770000;ed7e130e-65df-4faa-94b1-20bf3f921326;436.5;0.58889;BUY
2016-03-01T00:02:02.927000;2016-03-01T00:02:02.973000;5d7e7c32-7d4a-43ae-aef1-6746017d19d0;436.47;0.01;SELL
2016-03-01T00:02:02.927000;2016-03-01T00:02:02.973000;4c13cd05-5ba2-4995-87d3-db434e449ed9;436.46;0.01;SELL
2016-03-01T00:02:36.653000;2016-03-01T00:02:36.677000;54cc0097-b67e-4f9a-94d1-563824452fc7;436.45;0.01;SELL
2016-03-01T00:02:36.653000;2016-03-01T00:02:36.690000;d3ddcf1b-c991-4ca9-91f2-5b94a8b9bdf2;436.44;0.01;SELL
2016-03-01T00:02:36.653000;2016-03-01T00:02:36.690000;68ef4bb5-a8f8-496b-bfcc-0fe6acfcb5cc;436.42;0.01;SELL
2016-03-01T00:02:36.653000;2016-03-01T00:02:36.690000;ad89d020-72d1-45fa-8cfa-f3adc98a1a3c;436.42;0.01;SELL
2016-03-01T00:02:36.657000;2016-03-01T00:02:36.707000;bd9fa420-f0bb-48ed-95de-3d1d83d2eea7;436.41;0.01;SELL
2016-03-01T00:02:36.657000;2016-03-01T00:02:36.800000;914fb648-5261-45cd-87b5-f01a372d739e;436.4;0.01;SELL
2016-03-01T00:02:36.657000;2016-03-01T00:02:36.800000;291ed271-d2fd-4889-9c4f-02d79d9bd966;436.4;3.0;SELL
2016-03-01T00:03:03.237000;2016-03-01T00:03:03.253000;efd3807c-4afd-4dd2-9a41-89d688ea8b5e;436.39;0.474;BUY
2016-03-01T00:03:03.237000;2016-03-01T00:03:03.270000;858b395f-7fe6-49dc-9aff-2a3676331eb1;436.44;0.15239;BUY
2016-03-01T00:03:35.580000;2016-03-01T00:03:35.613000;8ab66339-b219-4e0a-8882-e337933ef8fb;436.4;0.01;SELL
2016-03-01T00:03:35.580000;2016-03-01T00:03:35.630000;c74bcd35-d0e8-430b-90ba-ec991324461c;436.39;0.01;SELL
2016-03-01T00:03:35.580000;2016-03-01T00:03:35.630000;50c15372-bfc2-4fb4-8eb2-8cb33a2c3df7;436.38;0.01;SELL
2016-03-01T00:03:35.580000;2016-03-01T00:03:35.630000;e0dff60a-9f2c-497a-8820-7a89c9e14a0f;436.36;0.01;SELL
2016-03-01T00:03:35.580000;2016-03-01T00:03:35.630000;c30e4106-af71-47c1-85a0-1df5e34998ae;436.35;0.01;SELL
2016-03-01T00:03:35.580000;2016-03-01T00:03:35.630000;a2088517-2e09-4a78-8876-68c09eecba76;436.34;0.2;SELL
2016-03-01T00:03:35.580000;2016-03-01T00:03:35.643000;0032269e-298e-4f69-b61c-86d6e1bbe94c;436.33;0.02;SELL
2016-03-01T00:03:35.580000;2016-03-01T00:03:35.643000;06a1ae3f-548d-4af6-a382-4c709eb2abc4;436.32;0.01;SELL
2016-03-01T00:03:35.580000;2016-03-01T00:03:35.643000;a6636bc8-ba46-4965-baed-aa08e6634da1;436.31;0.02;SELL
2016-03-01T00:03:35.580000;2016-03-01T00:03:35.660000;f94ed169-5041-4b37-aa82-210953bffffe;436.3;0.02;SELL
2016-03-01T00:03:35.580000;2016-03-01T00:03:35.660000;e7e88d64-b7c0-488a-8037-7bddc0290a5e;436.3;0.01;SELL
2016-03-01T00:03:35.580000;2016-03-01T00:03:35.660000;68132f67-60e7-40da-be3d-3cc49e812a87;436.3;0.26185;SELL
2016-03-01T00:04:02.580000;2016-03-01T00:04:02.597000;6737c299-c0bb-48b8-ac97-c4618d8c8d31;436.35;0.01;BUY
2016-03-01T00:04:02.580000;2016-03-01T00:04:02.630000;7f43ee53-c917-440a-955e-58e7d0419e74;436.35;0.01;BUY
2016-03-01T00:04:02.580000;2016-03-01T00:04:02.630000;aa4a5406-fea4-4d92-ab91-8e2ad0f21f58;436.35;0.01099;BUY
2016-03-01T00:04:35.670000;2016-03-01T00:04:35.707000;b64acd62-0e18-49b8-82dc-89ce3bad64c7;436.36;0.02;BUY
2016-03-01T00:04:35.670000;2016-03-01T00:04:35.707000;d116e196-04c2-40e0-809d-d43d9854fdc3;436.36;0.24;BUY
2016-03-01T00:04:35.670000;2016-03-01T00:04:35.723000;c9ab0784-2b1b-427a-99d6-9b80bd1715af;436.36;0.133;BUY
2016-03-01T00:04:35.673000;2016-03-01T00:04:35.723000;0c651bf8-3f72-42d0-8390-2d1a85936711;436.38;0.02;BUY
2016-03-01T00:04:35.673000;2016-03-01T00:04:35.723000;49b6b799-c672-42a6-881d-b44f33da4b0f;436.41;0.163;BUY
2016-03-01T00:04:35.673000;2016-03-01T00:04:35.723000;0be41213-c7d6-4ed5-8138-06dbe6a65613;436.43;0.01;BUY
2016-03-01T00:04:35.673000;2016-03-01T00:04:35.723000;8f0c0245-354e-4fe5-8a94-ebf4a719db0c;436.44;0.01;BUY
2016-03-01T00:04:35.673000;2016-03-01T00:04:35.737000;0d827f3a-1fc1-4c1a-ad15-43ec9510cd97;436.45;0.01;BUY
2016-03-01T00:04:35.673000;2016-03-01T00:04:35.783000;61f73847-c946-4573-b0d6-486b2e2a5ef6;436.46;0.48595;BUY
2016-03-01T00:05:32.137000;2016-03-01T00:05:32.160000;391a6dde-035a-4f89-a927-11972a557a8a;436.42;0.01;SELL
2016-03-01T00:05:32.137000;2016-03-01T00:05:32.177000;cc409953-a7d8-43c6-979b-3de2407350f6;436.41;0.01;SELL
2016-03-01T00:05:32.137000;2016-03-01T00:05:32.177000;f08dc2b2-e593-442a-830b-44490ce4730d;436.4;0.01;SELL
2016-03-01T00:05:32.137000;2016-03-01T00:05:32.177000;31907b61-5056-406a-bd04-1fd4e96f0e9c;436.38;0.01;SELL
2016-03-01T00:05:32.137000;2016-03-01T00:05:32.177000;5b25af35-c962-46b2-8ab1-fb5c6228a34e;436.36;0.02;SELL
2016-03-01T00:05:32.137000;2016-03-01T00:05:32.190000;3c5fc7cf-22e3-4314-bbe3-41c8b23c0139;436.35;0.01;SELL
2016-03-01T00:05:32.137000;2016-03-01T00:05:32.190000;8ef985c3-6d14-4b89-b040-dac8ecdd5a0f;436.33;0.01;SELL
2016-03-01T00:05:32.137000;2016-03-01T00:05:32.190000;ddaf8426-1d3d-4070-9860-ad71806606af;436.33;0.02;SELL
2016-03-01T00:05:32.137000;2016-03-01T00:05:32.207000;7d4e0d9e-5c57-4b6f-a0b3-0a2cdd2594e8;436.32;0.01;SELL
2016-03-01T00:05:32.137000;2016-03-01T00:05:32.207000;fb4a0f2d-826d-4860-9a4f-388629faa3a8;436.31;0.02;SELL
2016-03-01T00:05:32.140000;2016-03-01T00:05:32.207000;3b298b58-e34f-4eec-915b-4530315e5783;436.31;0.01;SELL
2016-03-01T00:05:32.140000;2016-03-01T00:05:32.237000;564ff28f-82c8-4d55-ac47-c5fe105b2854;436.31;0.02;SELL
2016-03-01T00:05:32.140000;2016-03-01T00:05:32.237000;128bd534-99cd-4a6c-bd2c-9eaf03ba22e6;436.31;0.22;SELL
2016-03-01T00:05:32.140000;2016-03-01T00:05:32.237000;22a2e9de-d5ad-40b6-893a-feb90704d202;436.29;0.02;SELL
2016-03-01T00:05:32.140000;2016-03-01T00:05:32.237000;680b7d13-8343-4ee3-9885-815e147a258a;436.29;0.02;SELL
2016-03-01T00:05:32.140000;2016-03-01T00:05:32.237000;09db120a-fc57-4c7f-8307-d59ed21ecbe2;436.28;0.01;SELL
2016-03-01T00:05:32.140000;2016-03-01T00:05:32.237000;f3f03544-05c0-401c-912e-95434c862d65;436.28;0.119;SELL
2016-03-01T00:05:32.140000;2016-03-01T00:05:32.237000;92d1444a-b462-4b15-8d77-0c96ad9514d7;436.27;0.02;SELL
2016-03-01T00:05:32.140000;2016-03-01T00:05:32.253000;1f2a5ced-731e-40fe-a76d-8123431a8461;436.26;0.02;SELL
2016-03-01T00:05:32.140000;2016-03-01T00:05:32.253000;545dfc1a-1f4d-44d6-9ee4-6c96dea9ca7a;436.25;0.00058;SELL
2016-03-01T00:05:32.140000;2016-03-01T00:05:32.253000;0c9894aa-b242-4ed6-8ce6-eb855a4ed224;436.25;0.0115;SELL
2016-03-01T00:05:32.140000;2016-03-01T00:05:32.253000;25e71505-a0a2-405f-a0db-4fff0ac935e6;436.24;0.16;SELL
2016-03-01T00:05:32.140000;2016-03-01T00:05:32.253000;5c61ffb8-fde5-471c-ab0c-421243d945ad;436.23;0.02;SELL
2016-03-01T00:05:32.140000;2016-03-01T00:05:32.270000;9919d650-56d4-465a-8f8b-2cb20a420d48;436.23;0.06323;SELL
2016-03-01T00:06:11.960000;2016-03-01T00:06:11.987000;121b84bd-1ff6-434a-b2e4-1f9952b0ee57;436.28;0.02;BUY
2016-03-01T00:06:11.960000;2016-03-01T00:06:12.003000;331d08fd-382c-41bc-990b-bc5f5f991753;436.28;0.084;BUY
2016-03-01T00:06:11.963000;2016-03-01T00:06:12.003000;f583f990-e909-4124-9f6d-faa0350b9977;436.3;0.02;BUY
2016-03-01T00:06:11.963000;2016-03-01T00:06:12.003000;38534497-632e-4b98-af11-a67377375625;436.32;0.02;BUY
2016-03-01T00:06:11.963000;2016-03-01T00:06:12.003000;f618f1fc-0d56-4ac7-8c59-cbe82c8f0965;436.33;0.111;BUY
2016-03-01T00:06:11.963000;2016-03-01T00:06:12.097000;8debb5a4-5200-40f5-b45b-e6c69f29f11e;436.33;0.26;BUY
2016-03-01T00:06:11.963000;2016-03-01T00:06:12.097000;db8be032-2cf2-4f55-8106-7300f3b1eb16;436.34;0.02;BUY
2016-03-01T00:06:11.963000;2016-03-01T00:06:12.097000;db47fd6a-8153-411e-b032-c10d9612be08;436.34;0.36486;BUY
2016-03-01T00:06:44.523000;2016-03-01T00:06:44.533000;aa54d051-1a5d-4763-b5ad-5c1db933de45;436.33;0.01;BUY
2016-03-01T00:06:44.523000;2016-03-01T00:06:44.567000;985c775b-cc24-42ec-992a-2fce00872faf;436.35;0.64;BUY
2016-03-01T00:06:44.523000;2016-03-01T00:06:44.567000;8c4d82e7-5012-48a4-b284-11fca2b4c7a4;436.36;0.02;BUY
2016-03-01T00:06:44.523000;2016-03-01T00:06:44.567000;870ef15b-3041-4acc-bed1-2af7fb3f2c26;436.37;0.12581;BUY
2016-03-01T00:07:32.320000;2016-03-01T00:07:32.333000;1ab116e6-3e51-42db-b244-81c442c44b92;436.37;0.01;BUY
2016-03-01T00:07:32.320000;2016-03-01T00:07:32.347000;aeff8293-5e50-4490-8933-f0bde05ef526;436.38;0.02;BUY
2016-03-01T00:07:32.320000;2016-03-01T00:07:32.347000;7981f836-4851-41ae-a020-297c7ed65b84;436.4;0.1;BUY
2016-03-01T00:07:32.320000;2016-03-01T00:07:32.347000;1ae26885-31b5-495e-a918-f0a775632f19;436.41;0.02;BUY
2016-03-01T00:07:32.320000;2016-03-01T00:07:32.380000;14e3b11c-f7ff-456c-b5ca-265bbabfa572;436.42;0.02;BUY
2016-03-01T00:07:32.320000;2016-03-01T00:07:32.457000;f0bc37a4-0ed1-4063-b674-3a89cf9258ea;436.43;0.01;BUY
2016-03-01T00:07:32.320000;2016-03-01T00:07:32.457000;ededacbf-583e-4545-bba2-bba0215c1d24;436.43;0.01;BUY
2016-03-01T00:07:32.320000;2016-03-01T00:07:32.457000;01174908-37b2-4346-b876-12fb15a7bbf6;436.45;0.02;BUY
2016-03-01T00:07:32.323000;2016-03-01T00:07:32.457000;987bd87a-5817-45c4-900c-f74c55e618c5;436.45;0.01;BUY
2016-03-01T00:07:32.323000;2016-03-01T00:07:32.457000;059e9d34-c6d3-40d1-9479-999e81e832bb;436.45;0.116;BUY
2016-03-01T00:07:32.323000;2016-03-01T00:07:32.457000;1364d80e-290e-44a9-b27d-a9fe605df3b2;436.47;0.01;BUY
2016-03-01T00:07:32.323000;2016-03-01T00:07:32.457000;a051264a-c67f-475b-b870-41489dc6f841;436.47;0.03;BUY
2016-03-01T00:07:32.323000;2016-03-01T00:07:32.457000;51e9d823-6c82-4c26-87d9-7fea841fc6e9;436.49;0.01;BUY
2016-03-01T00:07:32.323000;2016-03-01T00:07:32.457000;d0b5e46c-5b73-4896-a660-888727d31fd5;436.5;12.16809;BUY
2016-03-01T00:08:01.853000;2016-03-01T00:08:01.863000;1cf54f73-8b14-4b8f-af53-befe060e9758;436.45;0.01;SELL
2016-03-01T00:08:01.853000;2016-03-01T00:08:01.880000;175fd2c3-5d92-4905-9deb-b0eee572adb9;436.45;0.16652;SELL
2016-03-01T00:08:38.133000;2016-03-01T00:08:38.143000;b27c2faa-9705-4409-b6b7-8ba123caa0a1;436.46;0.01;BUY
2016-03-01T00:08:38.133000;2016-03-01T00:08:38.160000;0f8bcbae-a979-4b70-a117-22a0b09d70b6;436.47;0.02;BUY
2016-03-01T00:08:38.133000;2016-03-01T00:08:38.160000;9bf72bc3-3919-4aa7-9653-783623d9b2b5;436.48;0.02;BUY
2016-03-01T00:08:38.137000;2016-03-01T00:08:38.160000;e15ea049-e2a2-4550-a614-d7a87a566590;436.48;0.01;BUY
2016-03-01T00:08:38.137000;2016-03-01T00:08:38.237000;803b7d60-61f3-4018-8888-57ff1d97cb59;436.49;0.02;BUY
2016-03-01T00:08:38.137000;2016-03-01T00:08:38.237000;28fb8d9b-b854-4060-b093-6b2e2908966e;436.5;5.89768;BUY
2016-03-01T00:09:04.180000;2016-03-01T00:09:04.190000;7a5ffc46-4d2f-4ffd-b99f-5559882e89eb;436.49;0.01;BUY
2016-03-01T00:09:04.180000;2016-03-01T00:09:04.207000;4ca3752b-cabc-4096-b1f8-1dfa859c79ca;436.5;0.92194;BUY
2016-03-01T00:10:32.703000;2016-03-01T00:10:32.707000;d679fe07-ff1f-42d7-91bc-3ef61e04a30d;436.5;0.38736;BUY
2016-03-01T00:11:01.537000;2016-03-01T00:11:01.537000;53653cc8-77ac-432c-9df9-e0e6e9b3091b;436.5;4.67522;BUY
2016-03-01T00:12:02.630000;2016-03-01T00:12:02.660000;8df755b5-d564-4cfe-b5a8-66a63612a42e;436.5;2.52994;BUY
2016-03-01T00:12:31.560000;2016-03-01T00:12:31.597000;2ac4468e-f566-4ad3-8460-3e45131780f9;436.5;0.48725;BUY
2016-03-01T00:13:32.307000;2016-03-01T00:13:32.330000;8a3fd85e-e3f1-4149-aaf5-e702a75ae5bc;436.5;0.70541;BUY
2016-03-01T00:14:02.233000;2016-03-01T00:14:02.253000;cb72dc99-4642-4322-ad7f-90f54f903768;436.5;0.4543;BUY
2016-03-01T00:15:03.487000;2016-03-01T00:15:03.520000;cf679330-4196-42e5-afff-8478d8684409;436.49;0.01;SELL
2016-03-01T00:15:03.487000;2016-03-01T00:15:03.533000;8a23a902-9a0f-4139-b141-08fcf33249cf;436.49;0.103;SELL
2016-03-01T00:15:03.487000;2016-03-01T00:15:03.533000;5bc36074-7e1b-4b74-804c-502ca55e7c25;436.48;0.01;SELL
2016-03-01T00:15:03.487000;2016-03-01T00:15:03.533000;e5b622df-07eb-4da8-90f2-94a45940a679;436.48;0.19558;SELL
2016-03-01T00:15:34.803000;2016-03-01T00:15:34.830000;91e87264-daa5-46c0-b959-851a6ca47180;436.5;1.33863;BUY
2016-03-01T00:16:02.443000;2016-03-01T00:16:02.457000;e7cf6d95-83fa-4d6f-8beb-5c80c91b22f5;436.5;0.03576;BUY
2016-03-01T00:16:33.823000;2016-03-01T00:16:33.847000;135a4821-7f5a-46e6-bcad-1f6e8fa7ef67;436.5;0.22843;BUY
2016-03-01T00:17:26.580000;2016-03-01T00:17:26.597000;2d397d80-d884-4959-9195-d5c6b74e15a4;436.5;0.26501;BUY
2016-03-01T00:17:33.693000;2016-03-01T00:17:33.707000;1db69c75-7721-4539-a579-5ea62a193880;436.5;0.67703;BUY
2016-03-01T00:18:03.870000;2016-03-01T00:18:03.893000;c993ea09-e119-4583-831e-dfb9b8da19d0;436.5;0.23083;BUY
2016-03-01T00:18:31.980000;2016-03-01T00:18:31.987000;ee2062c0-592e-4935-9f02-41296e4d3caa;436.49;1.092;SELL
2016-03-01T00:18:31.980000;2016-03-01T00:18:32.003000;6789fa08-1865-4d97-9213-22cf2d3be046;436.48;0.82592;SELL
2016-03-01T00:19:02.680000;2016-03-01T00:19:02.690000;baa3112e-aa1f-42ed-9cfc-69bc88efd239;436.5;0.57525;BUY
2016-03-01T00:19:38.447000;2016-03-01T00:19:38.457000;857d5479-3aa8-4ed4-98f1-c5b9e1bed4c0;436.5;1.39876;BUY
2016-03-01T00:20:04.150000;2016-03-01T00:20:04.160000;853e1f38-f043-4df4-9dcf-4f90c869487c;436.47;0.01;SELL
2016-03-01T00:20:04.150000;2016-03-01T00:20:04.190000;4258f7ca-c7f9-4382-aa90-335556ce7ba6;436.47;0.076;SELL
2016-03-01T00:20:04.150000;2016-03-01T00:20:04.190000;910b35e0-081a-4029-85a7-ad29dfc66d89;436.46;0.01;SELL
2016-03-01T00:20:04.150000;2016-03-01T00:20:04.190000;0f795b5a-e0f3-4bab-9d11-71593e2cff24;436.46;0.13;SELL
2016-03-01T00:20:04.150000;2016-03-01T00:20:04.190000;14667fce-500b-4ecf-8e08-9b77e595b311;436.45;0.01;SELL
2016-03-01T00:20:04.150000;2016-03-01T00:20:04.270000;657fead3-45b1-4aa0-923c-61679d5ac652;436.44;0.01;SELL
2016-03-01T00:20:04.150000;2016-03-01T00:20:04.270000;30273894-a712-43ad-9a1d-0f7017145377;436.42;0.01;SELL
2016-03-01T00:20:04.150000;2016-03-01T00:20:04.270000;2df48306-cb3b-4600-aecb-d702db17aa8e;436.42;0.126;SELL
2016-03-01T00:20:04.150000;2016-03-01T00:20:04.270000;d7ec06cb-07fe-4f25-9a31-334e91db343d;436.4;0.01;SELL
2016-03-01T00:20:04.150000;2016-03-01T00:20:04.270000;690ef422-f80c-435f-80b9-d36dda1329c6;436.38;0.01;SELL
2016-03-01T00:20:04.150000;2016-03-01T00:20:04.270000;bd8a81c7-e21a-4353-aaf4-91a31f83250e;436.38;0.02;SELL
2016-03-01T00:20:04.153000;2016-03-01T00:20:04.270000;a4102f60-df9a-4911-8b9b-c211d9d5af28;436.37;0.02;SELL
2016-03-01T00:20:04.153000;2016-03-01T00:20:04.270000;3059be9a-5d7c-413f-88f1-6762191c8383;436.37;0.095;SELL
2016-03-01T00:20:04.153000;2016-03-01T00:20:04.270000;6c7ebe3d-5cb4-4312-a077-2d9e21ba9a4a;436.36;0.02;SELL
2016-03-01T00:20:04.153000;2016-03-01T00:20:04.270000;66ce5655-aa53-455c-a46e-f6d8df75723e;436.36;1.0;SELL
2016-03-01T00:20:04.153000;2016-03-01T00:20:04.270000;8fb86323-9b96-4bfa-9dc8-2599c00369e6;436.35;0.02;SELL
2016-03-01T00:20:04.153000;2016-03-01T00:20:04.270000;793c86fb-dc21-47a3-ad0c-c78a1bb18fa7;436.35;0.01;SELL
2016-03-01T00:20:04.153000;2016-03-01T00:20:04.270000;0c014154-25aa-4b25-b8f0-f4519f621401;436.35;0.01;SELL
2016-03-01T00:20:04.153000;2016-03-01T00:20:04.270000;87a2a91f-ed21-4151-b14c-1fb892b21303;436.34;0.01;SELL
2016-03-01T00:20:04.153000;2016-03-01T00:20:04.270000;883867f1-eaab-4e26-8c33-4cf1137fc57f;436.33;0.01;SELL
2016-03-01T00:20:04.153000;2016-03-01T00:20:04.270000;c5bc45e8-d0fd-4701-b8d6-42231dc64391;436.33;0.02;SELL
2016-03-01T00:20:04.153000;2016-03-01T00:20:04.270000;d1a2982f-5cc3-43be-bec7-3c301d7854fa;436.33;0.32;SELL
2016-03-01T00:20:04.153000;2016-03-01T00:20:04.270000;15a3623b-ff35-4468-a292-16f70c4f0156;436.32;0.01;SELL
2016-03-01T00:20:04.153000;2016-03-01T00:20:04.283000;09fd2e14-f81d-4c84-a39a-06145ba6bf82;436.32;0.087;SELL
2016-03-01T00:20:04.153000;2016-03-01T00:20:04.283000;254dabd5-878d-4554-bdb9-cde2feea30eb;436.32;0.64;SELL
2016-03-01T00:20:04.153000;2016-03-01T00:20:04.283000;47b105f1-0ddc-4986-8a1d-37e1f111da14;436.31;0.02;SELL
2016-03-01T00:20:04.157000;2016-03-01T00:20:04.347000;f36b4277-9060-4636-97b5-70777acfa341;436.3;1.44;SELL
2016-03-01T00:20:04.157000;2016-03-01T00:20:04.363000;bcfe4a5c-8cab-42b0-a586-400fb1f8ba3e;436.29;0.02;SELL
2016-03-01T00:20:04.157000;2016-03-01T00:20:04.363000;673a5af9-b69d-4962-9f67-4788dc3b6527;436.29;0.66848;SELL
2016-03-01T00:21:02.793000;2016-03-01T00:21:02.817000;82c43848-109a-477c-a9bf-098ac4cc0967;436.3;0.01;SELL
2016-03-01T00:21:02.797000;2016-03-01T00:21:02.863000;b2f9e440-2c92-441c-86f2-464ac86f6700;436.3;0.103;SELL
2016-03-01T00:21:02.797000;2016-03-01T00:21:02.863000;88e2e29e-637d-4d50-a3d6-2154c0cd2cf2;436.28;0.01;SELL
2016-03-01T00:21:02.797000;2016-03-01T00:21:02.863000;1cd5c4e8-2e85-4435-808b-6b195f949771;436.27;0.01;SELL
2016-03-01T00:21:02.797000;2016-03-01T00:21:02.863000;f9a71e90-0d78-4b68-8781-2ee4cfe2c8c3;436.27;0.02;SELL
2016-03-01T00:21:02.797000;2016-03-01T00:21:02.863000;9dc156db-c5e7-4c92-a1a1-424f8e8adb0f;436.27;0.01;SELL
2016-03-01T00:21:02.797000;2016-03-01T00:21:02.863000;80cbd5b9-16ee-4793-af96-ce53c5177f13;436.26;0.01;SELL
2016-03-01T00:21:02.797000;2016-03-01T00:21:02.863000;a4cbb914-ad00-4e77-a761-cacc1ca081c1;436.25;0.02;SELL
2016-03-01T00:21:02.797000;2016-03-01T00:21:02.893000;773f8e31-e677-4d3f-a796-b61be077a428;436.25;0.02;SELL
2016-03-01T00:21:02.797000;2016-03-01T00:21:02.893000;60681a57-2e4f-430a-8a49-5997258835a6;436.25;0.104;SELL
2016-03-01T00:21:02.797000;2016-03-01T00:21:02.893000;9d1dc359-4b18-49ce-bab4-bd9aa19e4f02;436.24;0.02;SELL
2016-03-01T00:21:02.797000;2016-03-01T00:21:02.893000;b5073e12-59a2-45ab-b25f-fed5191af94a;436.23;0.02;SELL
2016-03-01T00:21:02.797000;2016-03-01T00:21:02.893000;4eca384e-967a-496f-80ed-36177fa5aae3;436.22;0.01;SELL
2016-03-01T00:21:02.797000;2016-03-01T00:21:02.910000;ee155eea-205d-41c3-b6a3-64fbe7501a52;436.22;0.01;SELL
2016-03-01T00:21:02.797000;2016-03-01T00:21:02.910000;661b998c-a60d-47a2-b46c-26b4382119ac;436.21;0.01;SELL
2016-03-01T00:21:02.797000;2016-03-01T00:21:02.927000;4e032fc2-61b9-40d5-b7e1-5a8b584e335d;436.21;0.02;SELL
2016-03-01T00:21:02.800000;2016-03-01T00:21:02.927000;7b787186-06c1-4b0a-9df0-684bf1f91464;436.21;0.16;SELL
2016-03-01T00:21:02.800000;2016-03-01T00:21:02.957000;8d48b525-07fa-4964-a213-f18a941c048c;436.2;0.02;SELL
2016-03-01T00:21:02.800000;2016-03-01T00:21:02.957000;af4eac2e-50f8-4db5-9496-e971279cccc3;436.2;0.081;SELL
2016-03-01T00:21:02.800000;2016-03-01T00:21:02.957000;ccc618c8-8421-4018-8bd3-58abb93a8102;436.2;3.11661;SELL
2016-03-01T00:21:24.437000;2016-03-01T00:21:24.440000;b570d1b3-40d4-435a-a525-ccc0322b1b09;436.2;0.01;SELL
2016-03-01T00:21:24.440000;2016-03-01T00:21:24.457000;59f102d5-2521-457b-91a7-2036f261b855;436.2;0.08;SELL
2016-03-01T00:21:42.403000;2016-03-01T00:21:42.410000;87bf5cc2-e0c8-4b76-97ad-5e8d29e812cd;436.2;0.59331;BUY
2016-03-01T00:21:42.910000;2016-03-01T00:21:42.927000;d80e9706-7b8b-45c9-ad5b-3c56e13e2268;436.2;0.00815004;BUY
2016-03-01T00:21:42.910000;2016-03-01T00:21:42.940000;5ec73da8-cdce-4541-8408-0bd14e1324dc;436.25;0.01;BUY
2016-03-01T00:21:42.910000;2016-03-01T00:21:42.957000;47c540c9-a7b9-4619-b0af-1f584230c22b;436.26;0.02;BUY
2016-03-01T00:21:42.910000;2016-03-01T00:21:42.957000;29148bd6-8276-4257-9d40-1d0d30cd9945;436.28;0.02;BUY
2016-03-01T00:21:42.910000;2016-03-01T00:21:42.957000;138a14fb-7fee-47e0-a0e0-30edb2e63c6a;436.3;0.02;BUY
2016-03-01T00:21:42.913000;2016-03-01T00:21:42.957000;c16f3fef-94ac-4058-b1a8-57814cbfc5f7;436.32;0.02;BUY
2016-03-01T00:21:42.913000;2016-03-01T00:21:42.973000;100f24ff-8da6-4ee3-9c07-998aa8213a81;436.32;0.24;BUY
2016-03-01T00:21:42.913000;2016-03-01T00:21:42.987000;a0654a31-6b8e-4ac0-b267-1272a14531eb;436.33;0.01;BUY
2016-03-01T00:21:42.913000;2016-03-01T00:21:42.987000;0547abb5-8640-4e32-b9c9-ccb54404b9e4;436.34;0.02;BUY
2016-03-01T00:21:42.913000;2016-03-01T00:21:42.987000;2d0b85c3-380c-42af-8d15-c640059809b9;436.35;0.02;BUY
2016-03-01T00:21:42.913000;2016-03-01T00:21:42.987000;53a2c418-7c93-4662-9398-033b64d507ee;436.35;0.02;BUY
2016-03-01T00:21:42.913000;2016-03-01T00:21:42.987000;572c90db-fb13-431a-a86d-991eaf63463d;436.35;0.02;BUY
2016-03-01T00:21:42.913000;2016-03-01T00:21:43.003000;f065fa40-6485-4c60-8c68-7c0b307c520c;436.35;0.02;BUY
2016-03-01T00:21:42.913000;2016-03-01T00:21:43.003000;62d73170-6ecf-40cf-8050-9d05a9ffe586;436.35;0.02;BUY
2016-03-01T00:21:42.913000;2016-03-01T00:21:43.020000;43f7b81b-c167-43a6-82d9-b49a9aab93f4;436.35;0.02;BUY
2016-03-01T00:21:42.913000;2016-03-01T00:21:43.020000;e8d2a944-9aaa-4e24-a59f-4f5c32af4814;436.35;0.02;BUY
2016-03-01T00:21:42.913000;2016-03-01T00:21:43.020000;a275f337-93e3-4259-8dea-c611028ceb4d;436.35;0.02;BUY
2016-03-01T00:21:42.913000;2016-03-01T00:21:43.033000;d040b621-461c-46a5-b35b-b4368d7ef8be;436.35;0.02;BUY
2016-03-01T00:21:42.913000;2016-03-01T00:21:43.033000;7b41df46-ea16-464f-988f-e467f3dd5094;436.35;0.02;BUY
2016-03-01T00:21:42.913000;2016-03-01T00:21:43.033000;e91e2d59-7008-4ab6-bd48-1be4fcd3c84a;436.35;0.02;BUY
2016-03-01T00:21:42.913000;2016-03-01T00:21:43.033000;d7afd5aa-ac54-4796-b3bb-9803e578567a;436.35;0.02;BUY
2016-03-01T00:21:42.913000;2016-03-01T00:21:43.033000;dfab3175-dd0a-4eef-b6b2-3a241338eee9;436.35;0.01184996;BUY
2016-03-01T00:23:34.053000;2016-03-01T00:23:34.067000;23e4e5e0-82b8-4c2c-9e3a-6dea8310c9de;436.34;0.01;BUY
2016-03-01T00:23:34.053000;2016-03-01T00:23:34.067000;81a36155-9857-4865-89e9-68028838a61d;436.35;0.00815004;BUY
2016-03-01T00:23:34.053000;2016-03-01T00:23:34.067000;68280e96-bf84-4a5f-a8cc-4794a35b77d7;436.36;0.02;BUY
2016-03-01T00:23:34.053000;2016-03-01T00:23:34.097000;137947bb-4d0d-4070-a3b1-942943322a2b;436.38;0.02;BUY
2016-03-01T00:23:34.053000;2016-03-01T00:23:34.097000;6a5910c0-9b42-4f16-ad8b-5661d278ad6a;436.38;0.05;BUY
2016-03-01T00:23:34.053000;2016-03-01T00:23:34.160000;2fba69e2-c490-4bff-8043-abbf7a2bb51e;436.42;0.48;BUY
2016-03-01T00:23:34.053000;2016-03-01T00:23:34.160000;970da030-1928-49d9-842e-3e5320d2ba84;436.43;0.01;BUY
2016-03-01T00:23:34.053000;2016-03-01T00:23:34.160000;9feeab26-2036-4f23-a89d-832bed9b969a;436.44;0.61340996;BUY
2016-03-01T00:23:51.830000;2016-03-01T00:23:51.830000;0e6c577d-285b-4ee6-9cd9-3ad5d7512374;436.42;0.01;BUY
2016-03-01T00:23:51.830000;2016-03-01T00:23:51.847000;e60249ee-16fc-4c1d-a511-488f39bf8a1f;436.42;0.00371393;BUY
2016-03-01T00:24:03.630000;2016-03-01T00:24:03.630000;4cf24d05-84aa-425d-96a7-6480c359b488;436.42;0.00628607;BUY
2016-03-01T00:24:03.630000;2016-03-01T00:24:03.643000;6d3a9622-ba1e-4379-b42c-7bebb8a061a9;436.43;0.01;BUY
2016-03-01T00:24:03.630000;2016-03-01T00:24:03.643000;c03c0cf7-5373-4e37-ba98-436265fb897f;436.45;0.01;BUY
2016-03-01T00:24:03.630000;2016-03-01T00:24:03.643000;d0011151-25a7-41d5-a232-eeaf0d885580;436.47;0.01;BUY
2016-03-01T00:24:03.630000;2016-03-01T00:24:03.660000;b22d0c42-6a6c-40fc-8b70-f07f4e8a670e;436.49;0.01;BUY
2016-03-01T00:24:03.630000;2016-03-01T00:24:03.660000;2e6664f0-c4cb-4984-aaf2-d96909e62b98;436.5;0.89573393;BUY
2016-03-01T00:24:50.993000;2016-03-01T00:24:51.003000;af2b66b5-edb3-4a14-8933-454aa15a368a;436.46;0.01;SELL
2016-03-01T00:24:50.993000;2016-03-01T00:24:51.020000;df529f6a-a23a-4b72-ab6b-aa48542f1c2a;436.46;0.11;SELL
2016-03-01T00:24:50.993000;2016-03-01T00:24:51.020000;3c97e64f-21a8-48c5-b895-ba320256e328;436.45;0.01;SELL
2016-03-01T00:24:50.993000;2016-03-01T00:24:51.020000;a78404a0-52e1-4317-820b-6d4a45c1986e;436.44;0.00342;SELL
2016-03-01T00:25:33.710000;2016-03-01T00:25:33.707000;3507a5a5-86b9-47a4-8d22-2f31d4c8b28e;436.47;0.02;BUY
2016-03-01T00:25:33.710000;2016-03-01T00:25:33.723000;c9201c41-dfb6-403d-b46e-d9cd0ff4ca21;436.48;0.01;BUY
2016-03-01T00:25:33.710000;2016-03-01T00:25:33.723000;bdd8bbe7-434e-4242-aca1-3983e8305341;436.49;0.01;BUY
2016-03-01T00:25:33.710000;2016-03-01T00:25:33.723000;e7fa731b-f83a-45e8-9459-b9ce718c02f3;436.5;0.3152;BUY
2016-03-01T00:27:13.690000;2016-03-01T00:27:13.743000;e2def526-b9d1-4a23-b6ab-54fe10c2dd66;436.49;0.01;SELL
2016-03-01T00:27:13.690000;2016-03-01T00:27:13.743000;f7975853-3714-434e-bbba-b95fb736aea9;436.49;0.07;SELL
2016-03-01T00:27:33.783000;2016-03-01T00:27:33.837000;048e9bec-3b81-4e91-a741-3d0d426eaa0a;436.5;2.57035;BUY
2016-03-01T00:28:08.010000;2016-03-01T00:28:08.057000;a1e87adb-c811-4f36-aec6-76d0717e0cd1;436.49;0.109;SELL
2016-03-01T00:28:08.010000;2016-03-01T00:28:08.070000;a49cccdf-7da8-4b02-9927-34612cb7fb71;436.49;0.17;SELL
2016-03-01T00:28:08.010000;2016-03-01T00:28:08.070000;8415b5fa-dbcb-41ed-b9b9-31e6c1af787c;436.48;0.01;SELL
2016-03-01T00:28:08.010000;2016-03-01T00:28:08.087000;36f27672-e0ad-4d7f-bfc0-c4e1ccf5fed4;436.47;0.01;SELL
2016-03-01T00:28:08.010000;2016-03-01T00:28:08.087000;4228c2e5-7368-4bf1-b5a6-89e0133e5de8;436.46;0.01;SELL
2016-03-01T00:28:08.010000;2016-03-01T00:28:08.163000;b68a364d-4873-4550-9894-df6d19523566;436.45;0.01;SELL
2016-03-01T00:28:08.010000;2016-03-01T00:28:08.180000;bfb2a54e-ba02-47e3-816d-cac89146d1f7;436.44;0.00658;SELL
2016-03-01T00:28:08.010000;2016-03-01T00:28:08.180000;d74f33d8-091d-458f-8de1-6b90140dda6a;436.44;0.104;SELL
2016-03-01T00:28:08.010000;2016-03-01T00:28:08.180000;26c0b5d5-9ed5-40b4-8842-fa9e068dea42;436.42;0.01;SELL
2016-03-01T00:28:08.010000;2016-03-01T00:28:08.180000;9cbf3e17-a472-46bc-b9f0-c8e97b186031;436.4;0.01;SELL
2016-03-01T00:28:08.010000;2016-03-01T00:28:08.180000;44065262-7d4e-4b3c-8258-0fefb5f437e1;436.4;0.01;SELL
2016-03-01T00:28:08.013000;2016-03-01T00:28:08.180000;5c8653be-4b2f-4a7e-8aaf-bcbb16e726bd;436.4;0.1;SELL
2016-03-01T00:28:08.013000;2016-03-01T00:28:08.180000;f82d01c1-c596-49ba-b9ba-f77382050c0b;436.39;0.01;SELL
2016-03-01T00:28:08.013000;2016-03-01T00:28:08.180000;af50b01b-64d4-4033-9833-08b880487601;436.39;0.11;SELL
2016-03-01T00:28:08.013000;2016-03-01T00:28:08.180000;4606c7c5-d6e1-4aaf-a428-426d5a59a2ee;436.38;0.01;SELL
2016-03-01T00:28:08.013000;2016-03-01T00:28:08.180000;128bbaee-4daf-4b8e-99f2-383533cd7f69;436.38;0.02;SELL
2016-03-01T00:28:08.013000;2016-03-01T00:28:08.180000;6dbe5de6-8459-44ff-b804-40850c819a69;436.36;0.01;SELL
2016-03-01T00:28:08.013000;2016-03-01T00:28:08.180000;8b28fecd-8627-4f6a-9ce4-0c68d1e7044b;436.35;0.09937;SELL
2016-03-01T00:29:23.190000;2016-03-01T00:29:23.243000;5d41b20c-7ff9-469a-a6fa-a48292cb266b;436.39;0.01;BUY
2016-03-01T00:29:23.190000;2016-03-01T00:29:23.260000;7e27b592-21e5-4959-99da-4b05329c8586;436.4;0.01;BUY
2016-03-01T00:29:23.190000;2016-03-01T00:29:23.260000;7a1c149c-bd6f-4042-b519-c4780d3a382b;436.42;0.01;BUY
2016-03-01T00:29:23.190000;2016-03-01T00:29:23.260000;b3a2e572-509c-4174-87be-cc8cee851be5;436.43;0.01;BUY
2016-03-01T00:29:23.190000;2016-03-01T00:29:23.260000;3e3d0a2a-387e-499a-8f45-9e465752f400;436.45;0.01;BUY
2016-03-01T00:29:23.190000;2016-03-01T00:29:23.353000;e0f3e4d5-f52c-4ce1-a708-f6d70ba80dae;436.46;0.15;BUY
2016-03-01T00:29:23.190000;2016-03-01T00:29:23.353000;0e927637-aa05-4987-b24d-842a402d2347;436.47;0.01;BUY
2016-03-01T00:29:23.193000;2016-03-01T00:29:23.353000;ddd11abc-7255-4749-b6aa-ca103bde6fa6;436.49;0.01;BUY
2016-03-01T00:29:23.193000;2016-03-01T00:29:23.353000;513161e6-6e2e-4664-b3d9-36aa6adf7bf8;436.5;0.14792;BUY
2016-03-01T00:29:32.940000;2016-03-01T00:29:32.977000;812641a8-2ea7-4d7a-9407-c29a313c204d;436.49;0.01;BUY
2016-03-01T00:29:32.940000;2016-03-01T00:29:32.993000;502ddd82-04a2-4ef7-ad16-804e4b7f52a7;436.5;1.92983;BUY
2016-03-01T00:30:03.850000;2016-03-01T00:30:03.883000;d0add6be-9ff1-4127-8a14-5d0bf1636d10;436.5;2.6488;BUY
2016-03-01T00:30:34.187000;2016-03-01T00:30:34.227000;992efb70-f54a-4473-b13c-fd3119ef6127;436.49;0.01;BUY
2016-03-01T00:30:34.187000;2016-03-01T00:30:34.243000;33782a56-e90d-43a9-973f-410c9c807de3;436.5;0.20689;BUY
2016-03-01T00:30:57.933000;2016-03-01T00:30:57.977000;86905795-15b6-4c71-b1ee-302e29974595;436.5;8.30838607;BUY
2016-03-01T00:30:57.933000;2016-03-01T00:30:57.993000;62c25dad-46dc-4cf1-8219-c215f2ffd822;436.5;15.0;BUY
2016-03-01T00:30:57.933000;2016-03-01T00:30:57.993000;7745ef09-b369-429f-b0e9-c21a867bbb0a;436.5;1.69161393;BUY
2016-03-01T00:32:04.110000;2016-03-01T00:32:04.150000;87b44ca1-0bd8-4ae6-8336-5b072ed3ab8f;436.49;0.01;SELL
2016-03-01T00:32:04.110000;2016-03-01T00:32:04.163000;f5f367f0-6464-4082-9164-e29f5fd199f8;436.49;0.094;SELL
2016-03-01T00:32:04.110000;2016-03-01T00:32:04.163000;97b27c1d-1e17-4b53-ac71-668f9442bf3f;436.47;0.01;SELL
2016-03-01T00:32:04.110000;2016-03-01T00:32:04.163000;a2eff482-df73-4110-a251-a2a31f98addc;436.47;0.16;SELL
2016-03-01T00:32:04.110000;2016-03-01T00:32:04.180000;c1b3b276-c77e-4107-ac62-0e290decc6f8;436.46;0.01;SELL
2016-03-01T00:32:04.113000;2016-03-01T00:32:04.260000;d4e1d8a0-4b08-46b4-9da4-cffd0e7d06a1;436.45;0.01;SELL
2016-03-01T00:32:04.113000;2016-03-01T00:32:04.260000;1c32f64b-55d4-4c56-af9b-871cd4517df8;436.44;0.01;SELL
2016-03-01T00:32:04.113000;2016-03-01T00:32:04.260000;06e0b04c-6ec2-412d-93cb-86efd842e89c;436.44;0.114;SELL
2016-03-01T00:32:04.113000;2016-03-01T00:32:04.260000;85353763-6314-4cc6-95d3-88b8785da0b0;436.44;1.2108;SELL
2016-03-01T00:32:35.593000;2016-03-01T00:32:35.633000;42f4ed88-005d-4efb-94b7-cb781d6cb2b6;436.49;0.01;BUY
2016-03-01T00:32:35.593000;2016-03-01T00:32:35.650000;dc0cf92c-50fa-4c16-adbf-c1935eca946a;436.5;0.01944;BUY
2016-03-01T00:33:03.147000;2016-03-01T00:33:03.180000;52e8c4fc-fe73-4144-80bc-d2f3b96c3d97;436.5;0.22793;BUY
2016-03-01T00:33:04.983000;2016-03-01T00:33:05.023000;d2eba870-d604-4069-aa63-20faa7288a18;436.5;0.21445071;BUY
2016-03-01T00:33:06.080000;2016-03-01T00:33:06.117000;18881be3-7523-4ad9-a47f-f3b1d7334620;436.5;0.21445071;BUY
2016-03-01T00:33:07.063000;2016-03-01T00:33:07.103000;022b809f-3bf0-42d4-b95a-5f57c67a55f7;436.5;0.21445071;BUY
2016-03-01T00:33:08.057000;2016-03-01T00:33:08.087000;7a25eb7e-5e00-472d-9466-f3b4275e497c;436.5;0.21445071;BUY
2016-03-01T00:33:08.317000;2016-03-01T00:33:08.353000;7156a015-3490-42a3-8e40-c109b03802fb;436.5;0.21445071;BUY
2016-03-01T00:33:33.607000;2016-03-01T00:33:33.633000;781b1e35-6a52-452d-a5d5-3902be52c146;436.5;0.37822;BUY
2016-03-01T00:34:02.493000;2016-03-01T00:34:02.523000;39185b01-e079-4e1f-970c-bf05855ae14f;436.5;1.61054252;BUY
2016-03-01T00:34:02.493000;2016-03-01T00:34:02.540000;411bb82f-db84-4220-9a59-df4b0365f143;436.53;0.01;BUY
2016-03-01T00:34:02.493000;2016-03-01T00:34:02.540000;1827c1b0-7916-4b5b-8c37-a4bc6c9c1efc;436.53;0.01;BUY
2016-03-01T00:34:02.493000;2016-03-01T00:34:02.540000;14f378cf-719f-4fd6-80d6-fa311b0f4073;436.53;0.04;BUY
2016-03-01T00:34:02.493000;2016-03-01T00:34:02.557000;2f318a98-d868-47cf-9f79-0796a454ad86;436.54;0.01;BUY
2016-03-01T00:34:03.843000;2016-03-01T00:34:03.867000;d2d9a24c-5c51-475e-b02b-fb90e6103f3a;436.54;0.01;BUY
2016-03-01T00:34:03.843000;2016-03-01T00:34:03.883000;da1b5050-e19b-4b78-ab52-f26072fda858;436.55;0.01;BUY
2016-03-01T00:34:03.843000;2016-03-01T00:34:03.883000;8d1d298e-09aa-4049-803f-4edff4502d8e;436.55;0.00457;BUY
2016-03-01T00:34:04.747000;2016-03-01T00:34:04.773000;f83691e9-ad45-483d-971a-75a8d0e06e09;436.55;0.05543;BUY
2016-03-01T00:34:04.747000;2016-03-01T00:34:04.790000;e3983fcc-2644-4ff7-bccd-f441a44ddad2;436.55;0.015;BUY
2016-03-01T00:34:33.560000;2016-03-01T00:34:33.587000;80c137b4-6ab8-426b-804a-0dbecd6a6b04;436.55;0.01;SELL
2016-03-01T00:34:33.560000;2016-03-01T00:34:33.603000;a23cee6d-5fec-4a26-8005-1d2b71ecff48;436.51;0.098;SELL
2016-03-01T00:34:46.823000;2016-03-01T00:34:46.853000;5c46aa13-3c5f-479e-bc1e-41f7fe022a8b;436.56;0.01;BUY
2016-03-01T00:34:48.993000;2016-03-01T00:34:49.023000;a629ccd8-e49f-4f9a-8ee5-33e2d0234d67;436.57;0.01;BUY
2016-03-01T00:35:24.197000;2016-03-01T00:35:24.227000;47a44bf5-7396-456b-a771-5a0fe47e34ee;436.57;0.01;BUY
2016-03-01T00:35:26.447000;2016-03-01T00:35:26.477000;58e78252-b29f-4dd1-95d1-fb405219e8f8;436.58;0.05;BUY
2016-03-01T00:35:33.970000;2016-03-01T00:35:33.993000;1c6cbe63-7f2d-45ad-aae8-f58497334175;436.59;0.01;BUY
2016-03-01T00:35:33.970000;2016-03-01T00:35:34.010000;b6fb4cc2-33e5-41a5-87d5-22ee95952e20;436.59;0.02;BUY
2016-03-01T00:35:33.970000;2016-03-01T00:35:34.010000;f6333b22-886b-4b5b-9a85-ad3ce4f5b156;436.59;0.014;BUY
2016-03-01T00:35:33.970000;2016-03-01T00:35:34.010000;7d1d68c4-a4f2-43c9-ab22-7998274c253b;436.6;0.03593;BUY
2016-03-01T00:36:06.843000;2016-03-01T00:36:06.883000;b6c159eb-e7a6-4b02-be3f-9fd2a475434f;436.6;0.03907;BUY
2016-03-01T00:36:06.843000;2016-03-01T00:36:06.900000;6082bde1-5aaa-46cd-b7b6-4a6e0c2cc715;436.6;0.02;BUY
2016-03-01T00:36:06.843000;2016-03-01T00:36:06.900000;544db224-3d5c-4830-b17f-2aa884315800;436.6;0.04;BUY
2016-03-01T00:36:06.843000;2016-03-01T00:36:06.913000;8591b0f9-6d0b-47ad-ab03-8c1510418288;436.6;0.03;BUY
2016-03-01T00:36:06.847000;2016-03-01T00:36:06.913000;fb32508c-2607-4d44-969a-e4f2660164c2;436.61;0.01;BUY
2016-03-01T00:36:06.847000;2016-03-01T00:36:07.010000;62a4aa86-b6e2-4189-92cb-f95290ceb07c;436.61;0.02;BUY
2016-03-01T00:36:06.847000;2016-03-01T00:36:07.010000;0c5b7ff2-673c-48c4-a87f-e7197864547d;436.61;0.02;BUY
2016-03-01T00:36:06.847000;2016-03-01T00:36:07.010000;2561dfbe-e771-432f-808e-c9c512710ecf;436.62;0.04;BUY
2016-03-01T00:36:06.847000;2016-03-01T00:36:07.010000;c805a57a-f1ad-4178-9d8c-6a75d1abaeea;436.63;0.01;BUY
2016-03-01T00:36:06.847000;2016-03-01T00:36:07.010000;1c539953-2000-4b86-8d7c-ac398e6cf4f3;436.64;0.06;BUY
2016-03-01T00:36:06.847000;2016-03-01T00:36:07.010000;24ce880c-cb2f-4984-a32a-fbe9ff939562;436.64;0.01;BUY
2016-03-01T00:36:06.847000;2016-03-01T00:36:07.010000;aeb7cf41-d757-4e36-94a9-5688a112f9b1;436.65;0.01;BUY
2016-03-01T00:36:06.847000;2016-03-01T00:36:07.010000;0c12e776-4a85-4a6c-9b18-c90ceae138c2;436.65;0.01;BUY
2016-03-01T00:36:06.847000;2016-03-01T00:36:07.010000;ed49875f-9b51-4719-bdc5-337e6b371533;436.67;0.01;BUY
2016-03-01T00:36:06.847000;2016-03-01T00:36:07.010000;88e8d1f1-010d-439d-aa33-26ec31c7afd0;436.67;0.01;BUY
2016-03-01T00:36:06.847000;2016-03-01T00:36:07.010000;05083f95-c07c-4e50-b569-9950ae944238;436.69;0.01;BUY
2016-03-01T00:36:06.850000;2016-03-01T00:36:07.010000;1e63fdff-57be-41b4-b281-2b54fca7c9d5;436.7;0.0186052;BUY
2016-03-01T00:36:06.850000;2016-03-01T00:36:07.010000;6011c4a3-a6fe-4129-836f-d3164a577424;436.71;0.01;BUY
2016-03-01T00:36:06.850000;2016-03-01T00:36:07.010000;76a415e5-5660-4efa-947c-0d88880efeb2;436.71;0.01;BUY
2016-03-01T00:36:06.850000;2016-03-01T00:36:07.010000;de2e7abd-3640-4e52-887c-c44cc9bf6e70;436.73;0.01;BUY
2016-03-01T00:36:06.850000;2016-03-01T00:36:07.010000;30d24319-4f5a-4076-8b71-25602eabd947;436.73;0.01;BUY
2016-03-01T00:36:06.850000;2016-03-01T00:36:07.010000;6a71b5d1-5e2e-4570-8acb-2b2f236800f8;436.75;0.01;BUY
2016-03-01T00:36:06.850000;2016-03-01T00:36:07.010000;1141284e-7fb4-4a35-b51e-4c7b2d8b12fb;436.75;0.02;BUY
2016-03-01T00:36:06.850000;2016-03-01T00:36:07.010000;702f4ee3-cc59-4d07-b2cb-a341580b2d8a;436.76;0.06948685;BUY
2016-03-01T00:36:06.850000;2016-03-01T00:36:07.010000;bbbd6e18-fa8e-473b-8173-b24af0352149;436.77;0.01;BUY
2016-03-01T00:36:06.850000;2016-03-01T00:36:07.010000;c0e2484e-975e-4256-a2ad-ef5f97ab72d7;436.78;0.01;BUY
2016-03-01T00:36:06.850000;2016-03-01T00:36:07.023000;0a4b3714-b903-43b4-8dfe-ab88500a318e;436.79;0.01;BUY
2016-03-01T00:36:06.850000;2016-03-01T00:36:07.023000;885c4d4e-961e-4bf4-9748-8a759970b9fd;436.81;0.01;BUY
2016-03-01T00:36:06.853000;2016-03-01T00:36:07.023000;808889b9-d2e5-44d8-bc1e-bb21d59b4888;436.82;1.28;BUY
2016-03-01T00:36:06.853000;2016-03-01T00:36:07.023000;5a84eda7-daec-4ad4-9149-991e55b29ace;436.83;0.01;BUY
2016-03-01T00:36:06.853000;2016-03-01T00:36:07.023000;3501b674-6482-4f5e-96f7-028618b06d4b;436.83;0.01;BUY
2016-03-01T00:36:06.853000;2016-03-01T00:36:07.103000;5fd06c82-7782-44c4-8241-fe976421076e;436.83;0.01;BUY
2016-03-01T00:36:06.853000;2016-03-01T00:36:07.103000;2b615ae8-7c5a-4b31-9b73-499d35dc9b23;436.84;1.92;BUY
2016-03-01T00:36:06.853000;2016-03-01T00:36:07.103000;923930e9-dc6b-4bb6-bfc2-2b4c958f0dcf;436.85;0.01;BUY
2016-03-01T00:36:06.853000;2016-03-01T00:36:07.103000;cf1ac9ee-01a8-472d-9838-e4e7bc879ce7;436.85;0.01;BUY
2016-03-01T00:36:06.853000;2016-03-01T00:36:07.103000;45afbbe4-bfc2-4eba-8fbf-a1457010b386;436.85;0.96;BUY
2016-03-01T00:36:06.853000;2016-03-01T00:36:07.103000;775af590-e2b5-4e8f-9bbf-10b6c085ab18;436.86;0.2332;BUY
2016-03-01T00:36:06.853000;2016-03-01T00:36:07.103000;68177e9e-a7be-446e-9b15-13e60652581b;436.86;1.12;BUY
2016-03-01T00:36:06.853000;2016-03-01T00:36:07.103000;d3fd7228-ab37-41d2-bed0-0cb9a8bda49e;436.87;0.01;BUY
2016-03-01T00:36:06.853000;2016-03-01T00:36:07.103000;2f2e9967-cf6a-4eb6-9129-2f7bb5bd75d4;436.87;2.5461;BUY
2016-03-01T00:36:06.857000;2016-03-01T00:36:07.103000;fcc275a2-b23d-4d2d-879d-c8c08640b048;436.89;0.01;BUY
2016-03-01T00:36:06.857000;2016-03-01T00:36:07.103000;4f88f2e3-fed8-4ce1-9970-050e91ce052b;436.89;7.29;BUY
2016-03-01T00:36:06.857000;2016-03-01T00:36:07.103000;09e1c509-4f75-44f1-80a0-f26bef4e4fce;436.9;0.0186052;BUY
2016-03-01T00:36:06.857000;2016-03-01T00:36:07.103000;14eced94-5a8d-4cd2-9de8-9d2343900f10;436.9;0.0186052;BUY
2016-03-01T00:36:06.857000;2016-03-01T00:36:07.103000;85b544b1-a076-4a6a-b4f4-b06db63b1872;436.9;4.96;BUY
2016-03-01T00:36:06.857000;2016-03-01T00:36:07.103000;0b41966a-8078-4e4b-b9c3-ee3f131cc4d7;436.91;0.01;BUY
2016-03-01T00:36:06.857000;2016-03-01T00:36:07.103000;da634e52-e0ee-4011-ba98-fefbfc94fcb9;436.91;0.06312;BUY
2016-03-01T00:36:06.857000;2016-03-01T00:36:07.103000;168dfb40-2dec-469f-bf17-f8d2c095a56f;436.91;1.67024755;BUY
2016-03-01T00:37:07.260000;2016-03-01T00:37:07.290000;ad0ce3c0-11ca-4412-b624-eac5e4865de1;436.69;0.01;BUY
2016-03-01T00:37:07.260000;2016-03-01T00:37:07.307000;54fbcf2b-495d-4676-ad32-add90a0c52e7;436.7;0.01;BUY
2016-03-01T00:37:27.483000;2016-03-01T00:37:27.510000;3efb15b8-c261-4822-8e48-3e0b8e7e857a;436.74;0.01;BUY
2016-03-01T00:37:27.483000;2016-03-01T00:37:27.510000;a8145148-6ad0-452e-b961-e6c992204add;436.74;0.01;BUY
2016-03-01T00:37:27.483000;2016-03-01T00:37:27.523000;b1b2076b-e59d-4fdf-9438-b1adfca2ca68;436.75;0.01;BUY
2016-03-01T00:37:27.483000;2016-03-01T00:37:27.523000;6846b045-83bf-4a33-9dde-d4b3a2d78f54;436.9;0.01;BUY
2016-03-01T00:37:27.483000;2016-03-01T00:37:27.523000;11727c72-09f7-432f-ab59-42b2527f172f;436.92;0.01;BUY
2016-03-01T00:37:27.483000;2016-03-01T00:37:27.523000;3af1d095-c5fa-4b6f-ade7-6d03abc4b2a0;436.93;0.01;BUY
2016-03-01T00:37:27.483000;2016-03-01T00:37:27.540000;47cd70d5-bf90-444d-a00a-46bf8befc581;436.95;0.01;BUY
2016-03-01T00:37:27.483000;2016-03-01T00:37:27.540000;dc9db27a-114f-42be-a9c9-a891dc74ea56;436.95;0.07;BUY
2016-03-01T00:37:28.430000;2016-03-01T00:37:28.463000;9276b11f-d422-4629-9f3f-2812a684d013;436.9;0.01;BUY
2016-03-01T00:37:28.430000;2016-03-01T00:37:28.477000;daa9514d-06cb-4367-ad75-863930c9910b;436.91;0.01;BUY
2016-03-01T00:37:28.430000;2016-03-01T00:37:28.477000;c4f44fbb-82b1-47d3-ad4f-ebaf44233f7c;436.92;0.01;BUY
2016-03-01T00:37:28.430000;2016-03-01T00:37:28.477000;e2f1c604-e6f6-4b7d-9a2f-eb72cfba1a5d;436.94;0.01;BUY
2016-03-01T00:37:28.430000;2016-03-01T00:37:28.477000;82287f7c-a8e4-4306-8712-fd3e8eb52acf;436.94;0.01;BUY
2016-03-01T00:37:28.430000;2016-03-01T00:37:28.477000;d200e3df-16c4-44eb-af0a-518de154b516;436.95;0.03;BUY
2016-03-01T00:37:28.430000;2016-03-01T00:37:28.477000;18d8582c-0d37-4652-8d9d-67359ad4a5b6;436.95;0.01;BUY
2016-03-01T00:37:28.430000;2016-03-01T00:37:28.510000;24dbc8ac-1567-4229-8267-a6da478f0f34;436.97;0.01;BUY
2016-03-01T00:37:28.430000;2016-03-01T00:37:28.510000;ea6c1a3a-0ec4-4cad-a84c-d5ca284ef5c6;436.98;0.04006;BUY
2016-03-01T00:37:28.430000;2016-03-01T00:37:28.510000;3bfbd849-3fd5-414d-9afd-ef3bfa394358;436.99;0.01;BUY
2016-03-01T00:37:28.430000;2016-03-01T00:37:28.510000;e9af243e-9033-49d1-960f-b2c8351f8b6a;437.0;0.01994;BUY
2016-03-01T00:39:32.537000;2016-03-01T00:39:32.557000;decc2f31-08d2-46d5-afd7-dc764837d728;436.99;0.01;BUY
2016-03-01T00:39:32.537000;2016-03-01T00:39:32.570000;7c69b59f-ce6d-49bd-afbc-948310ffd795;436.99;0.01;BUY
2016-03-01T00:39:32.537000;2016-03-01T00:39:32.570000;65fd02ad-c907-4d29-9ed4-db5c3d7fa176;437.0;0.29;BUY
2016-03-01T00:41:21.803000;2016-03-01T00:41:21.820000;38bfa881-a933-4fe1-928d-1180f27b00ac;437.0;0.69006;BUY
2016-03-01T00:41:21.803000;2016-03-01T00:41:21.820000;c6af3365-3f58-48e6-b563-aa63b87a280c;437.0;0.0292;BUY
2016-03-01T00:41:21.803000;2016-03-01T00:41:21.820000;4e8c73e4-28ce-4c1b-a776-cfc69ce71ae8;437.0;6.38274;BUY
2016-03-01T00:42:48.777000;2016-03-01T00:42:48.840000;249ed8c7-5dc0-45d4-84bd-45012d4bb6b9;436.99;0.01;SELL
2016-03-01T00:42:48.777000;2016-03-01T00:42:48.853000;4ed265f2-5224-496d-9182-327e6bc6cc95;436.99;5.642e-05;SELL
2016-03-01T00:43:04.027000;2016-03-01T00:43:04.090000;a2c1d48d-f7ed-4709-8408-66b20f199d04;437.0;2.09692;BUY
2016-03-01T00:43:11.280000;2016-03-01T00:43:11.340000;f17d0b6e-8560-4011-aaeb-30f1c76b4091;437.0;2.282e-05;BUY
2016-03-01T00:43:34.167000;2016-03-01T00:43:34.213000;8947de71-7bf3-49fb-a3cd-225e120ccc51;437.0;0.01520226;BUY
2016-03-01T00:43:36.597000;2016-03-01T00:43:36.650000;b74b7397-1a58-47b3-b0b1-e7c796dc3e30;437.0;0.13684;BUY
2016-03-01T00:44:02.050000;2016-03-01T00:44:02.103000;c446163c-ab4b-4f63-b809-825986d1f24c;437.0;0.01004354;BUY
2016-03-01T00:44:05.327000;2016-03-01T00:44:05.387000;c00ee7a3-36f0-4af8-a38b-79f23c676b38;437.0;22.60419;BUY
2016-03-01T00:44:45.063000;2016-03-01T00:44:45.137000;870d12ad-60ec-4851-bfd1-be67310d9e65;437.0;0.45888;BUY
2016-03-01T00:45:14.737000;2016-03-01T00:45:14.793000;5472b0e3-4d88-499a-a0a0-ad7b65980af0;437.0;1.4153;BUY
2016-03-01T00:45:42.440000;2016-03-01T00:45:42.497000;c4448673-6591-4037-b365-453f8ae095af;437.0;0.3;BUY
2016-03-01T00:46:02.407000;2016-03-01T00:46:02.463000;ab9a291f-ff34-454a-9fc3-bd22778e7fd8;437.0;16.57986138;BUY
2016-03-01T00:46:02.407000;2016-03-01T00:46:02.480000;883c4679-3c05-4f04-8ea0-e8ada4995ced;437.01;0.01;BUY
2016-03-01T00:46:02.407000;2016-03-01T00:46:02.480000;7e2b749e-721f-4c08-853b-705fed36dc9c;437.03;0.01;BUY
2016-03-01T00:46:02.407000;2016-03-01T00:46:02.480000;73a6ced3-fe73-4c76-8e6e-83213741c39f;437.05;0.01;BUY
2016-03-01T00:46:02.410000;2016-03-01T00:46:02.510000;f5c5a051-5ec4-484d-88cf-e98d4e87a6d4;437.06;6.81032;BUY
2016-03-01T00:46:02.410000;2016-03-01T00:46:02.510000;5f857a77-24f6-4bca-8509-ab08356f7ea9;437.07;0.01;BUY
2016-03-01T00:46:02.410000;2016-03-01T00:46:02.510000;c8fdfcf6-12e8-4142-b9b7-e1828c769c5f;437.08;0.05;BUY
2016-03-01T00:46:02.410000;2016-03-01T00:46:02.510000;94323473-547d-439c-944c-8fa5127b38f9;437.09;0.01;BUY
2016-03-01T00:46:02.410000;2016-03-01T00:46:02.510000;36359771-fd34-43d1-b85b-589fbd43cfb1;437.09;0.01;BUY
2016-03-01T00:46:02.410000;2016-03-01T00:46:02.557000;ebb453f6-6041-4c68-9250-04d9a4f4c58d;437.1;0.01862814;BUY
2016-03-01T00:46:02.410000;2016-03-01T00:46:02.557000;f4dfa4d1-3439-4ba6-a498-1d77ed410c29;437.1;0.02;BUY
2016-03-01T00:46:02.410000;2016-03-01T00:46:02.557000;0bb85f91-2780-4a81-b4c2-32a3e7606b37;437.1;0.0153;BUY
2016-03-01T00:46:02.410000;2016-03-01T00:46:02.557000;6fc1c6df-63f2-4fd6-b2ae-293f5eabf9db;437.11;0.01;BUY
2016-03-01T00:46:02.410000;2016-03-01T00:46:02.557000;82fd4279-b795-4e6b-9c87-e27ceced653f;437.12;1.27;BUY
2016-03-01T00:46:02.410000;2016-03-01T00:46:02.573000;8671d04a-4eb0-45c7-8bfd-b7e8d5f35589;437.13;0.01;BUY
2016-03-01T00:46:02.410000;2016-03-01T00:46:02.573000;c7e5b0f1-204d-4ec8-9ab6-a3aa957539ad;437.15;0.01;BUY
2016-03-01T00:46:02.410000;2016-03-01T00:46:02.573000;40e40c2a-5da0-4164-ad23-80f39414ddbe;437.18;0.01;BUY
2016-03-01T00:46:02.410000;2016-03-01T00:46:02.573000;c6aa8d3d-0e2a-441e-af4e-93ce8bec8974;437.25;0.18;BUY
2016-03-01T00:46:02.413000;2016-03-01T00:46:02.590000;04b710d6-fc15-479b-867e-ac8e0a517c42;437.26;0.01;BUY
2016-03-01T00:46:02.413000;2016-03-01T00:46:02.590000;f5cd5a97-5cbd-487c-be46-d01b829e64e6;437.29;0.01;BUY
2016-03-01T00:46:02.413000;2016-03-01T00:46:02.590000;81769f09-16b8-425a-bf2e-43060d96ac31;437.3;0.04;BUY
2016-03-01T00:46:02.413000;2016-03-01T00:46:02.590000;479eb74a-89d9-4e82-b80d-bc3912022bc2;437.3;0.01862814;BUY
2016-03-01T00:46:02.413000;2016-03-01T00:46:02.590000;125be50f-f4a1-4dcf-aef4-02e5cc9b9307;437.3;12.6;BUY
2016-03-01T00:46:02.413000;2016-03-01T00:46:02.590000;c4bfbf3b-0ff9-4066-acfb-921f1c58f5f1;437.31;0.01;BUY
2016-03-01T00:46:02.413000;2016-03-01T00:46:02.590000;61324054-2cad-47d6-8db3-f6345e6df502;437.37;0.05;BUY
2016-03-01T00:46:02.413000;2016-03-01T00:46:02.590000;5b25360a-8698-4bac-b19d-12a34ca992d9;437.37;0.075;BUY
2016-03-01T00:46:02.413000;2016-03-01T00:46:02.590000;8844ff82-c646-4b14-9157-407d74342d8c;437.37;0.1;BUY
2016-03-01T00:46:02.413000;2016-03-01T00:46:02.590000;65631e7a-cf1b-4eb8-a9cf-ae751cb547c2;437.38;0.546;BUY
2016-03-01T00:46:02.413000;2016-03-01T00:46:02.590000;4874f526-bb1b-476f-95d2-6413a346b2fa;437.41;0.05448;BUY
2016-03-01T00:46:02.413000;2016-03-01T00:46:02.590000;28bf0282-7874-45fe-a25b-3881fbeb4dee;437.42;0.065;BUY
2016-03-01T00:46:02.413000;2016-03-01T00:46:02.590000;805f4113-83cf-49a7-b303-5d24adcc0b1b;437.43;0.01;BUY
2016-03-01T00:46:02.413000;2016-03-01T00:46:02.590000;42f039c8-c159-4e81-8566-bf38f85577ef;437.43;0.01279875;BUY
2016-03-01T00:46:02.413000;2016-03-01T00:46:02.603000;4eccf418-1fbe-4a11-9f3b-561e8d1c4b7d;437.46;0.05;BUY
2016-03-01T00:46:02.417000;2016-03-01T00:46:02.603000;5a73cc79-09ed-4a25-a8fe-30eb3cfe8842;437.46;0.02;BUY
2016-03-01T00:46:02.417000;2016-03-01T00:46:02.603000;7491ad8b-5dbf-439c-8057-b3d5ea551436;437.46;7.97;BUY
2016-03-01T00:46:02.417000;2016-03-01T00:46:02.603000;d232e995-6aa6-4dce-bcef-d8fd825fcfca;437.47;0.531;BUY
2016-03-01T00:46:02.417000;2016-03-01T00:46:02.603000;cc9eddba-b976-49af-8ce8-fa593a4aecde;437.47;2.78298359;BUY
2016-03-01T00:46:32.467000;2016-03-01T00:46:32.543000;2fbe69ec-70fa-493f-a0fc-8cb716f15b4c;437.27;0.01;BUY
2016-03-01T00:46:32.467000;2016-03-01T00:46:32.543000;6a3d39b2-b899-496d-adbe-6c8162542d17;437.28;0.01;BUY
2016-03-01T00:46:32.467000;2016-03-01T00:46:32.557000;bbf292d0-8273-4e9b-8b5e-2a71b22b50cf;437.29;0.01;BUY
2016-03-01T00:46:32.467000;2016-03-01T00:46:32.557000;5016d18b-7f53-4a23-a4e3-74c04facd05c;437.36;0.01;BUY
2016-03-01T00:46:32.467000;2016-03-01T00:46:32.557000;e28bdc75-0412-4b59-b5a2-26830a397bd4;437.46;0.01;BUY
2016-03-01T00:46:32.467000;2016-03-01T00:46:32.557000;2defcdd6-99db-4e9e-8b09-fe865b52d29b;437.48;0.674;BUY
2016-03-01T00:46:32.467000;2016-03-01T00:46:32.557000;ce933b43-2e51-406c-a26f-0dfeccf1ee31;437.5;0.01859397;BUY
2016-03-01T00:46:32.467000;2016-03-01T00:46:32.557000;35d54f79-50c9-426c-b675-8d36106640f0;437.5;0.19213578;BUY
2016-03-01T00:46:32.470000;2016-03-01T00:46:32.557000;35e98ed0-42bb-40ef-bc5f-390ac93f989d;437.5;0.125;BUY
2016-03-01T00:46:32.470000;2016-03-01T00:46:32.557000;e76eb664-2144-4db6-912b-518ef14de3c0;437.5;3.88760025;BUY
2016-03-01T00:46:46.337000;2016-03-01T00:46:46.400000;2eb2b42b-e7dd-4026-a214-aa658a0619fe;437.48;0.01;BUY
2016-03-01T00:46:46.337000;2016-03-01T00:46:46.400000;430eeb1e-a076-4ae4-b87f-c8bb425acf53;437.49;0.01;BUY
2016-03-01T00:46:46.337000;2016-03-01T00:46:46.400000;48ef999e-84cf-4e0f-bc43-a3dbc483f9ed;437.5;0.18;BUY
2016-03-01T00:47:01.690000;2016-03-01T00:47:01.730000;baca7ee6-5cd4-448f-90b0-6660cf149d3e;437.49;0.01;BUY
2016-03-01T00:47:01.690000;2016-03-01T00:47:01.747000;141da01f-429f-4eaf-8be5-7994a915ceb1;437.5;0.03717;BUY
2016-03-01T00:47:05.760000;2016-03-01T00:47:05.807000;1ea94d63-48c9-401c-adda-8b8dcec5b6e6;437.5;0.1;BUY
2016-03-01T00:47:14.323000;2016-03-01T00:47:14.370000;92e60877-4cc1-4544-81eb-a3fad6f32d7e;437.5;0.05;BUY
2016-03-01T00:47:40.437000;2016-03-01T00:47:40.480000;55ad81f1-8d95-44ea-a683-a07b54b139ae;437.49;0.03889;SELL
2016-03-01T00:48:18.790000;2016-03-01T00:48:18.840000;920e5ca3-c84d-4b99-8228-b17ca1fe0ebf;437.5;1.30521;BUY
2016-03-01T00:48:38.507000;2016-03-01T00:48:38.543000;935d7538-2664-4c1d-b6f8-3285eb0c4d8c;437.5;1.75542;BUY
2016-03-01T00:49:05.977000;2016-03-01T00:49:06.010000;b3e78a01-1c8f-432d-a25a-b5e66972876a;437.5;0.50892;BUY
2016-03-01T00:50:06.693000;2016-03-01T00:50:06.747000;c68abfe8-1f91-4dfd-ba60-61ea5f60a201;437.5;0.46055;BUY
2016-03-01T00:50:32.057000;2016-03-01T00:50:32.090000;4c8760af-20b6-49b0-a111-1dce7058d274;437.5;0.43956;BUY
2016-03-01T00:51:04.160000;2016-03-01T00:51:04.200000;a56c5afe-868d-4884-a34b-9f70f11ba23e;437.49;6.76111;SELL
2016-03-01T00:51:04.160000;2016-03-01T00:51:04.213000;d9e8d334-743c-47f8-a234-9877e412fa2e;437.49;0.17;SELL
2016-03-01T00:51:04.160000;2016-03-01T00:51:04.213000;01ed2fd5-addd-46dd-bafc-afbf5b951e68;437.49;1.235;SELL
2016-03-01T00:51:04.160000;2016-03-01T00:51:04.213000;fa4b3120-905d-4b0e-aa9d-ed7df48ee24d;437.44;0.01;SELL
2016-03-01T00:51:04.160000;2016-03-01T00:51:04.230000;cdbcb784-6536-423b-9993-665cc6939ea1;437.44;1.192;SELL
2016-03-01T00:51:04.160000;2016-03-01T00:51:04.230000;9e916912-3739-42c2-b9a3-bc9f8b872d71;437.39;1.15846;SELL
2016-03-01T00:51:11.973000;2016-03-01T00:51:12.010000;3638c8a0-c6fd-48a5-9224-9b4f63ee09b5;437.44;0.01;BUY
2016-03-01T00:51:11.977000;2016-03-01T00:51:12.027000;bb5a6a12-a072-47cc-bb32-f9d88abaca1b;437.45;0.01;BUY
2016-03-01T00:51:11.977000;2016-03-01T00:51:12.027000;6b72b0e4-29ba-4aaf-89e3-e8536045421c;437.46;0.005;BUY
2016-03-01T00:51:31.657000;2016-03-01T00:51:31.700000;27813f92-7f61-4b7c-9d03-70459cac4124;437.42;0.01;SELL
2016-03-01T00:51:31.657000;2016-03-01T00:51:31.700000;d08cabf3-47a4-4a7c-b84c-65a764728cc3;437.42;0.04568;SELL
2016-03-01T00:51:52.237000;2016-03-01T00:51:52.277000;23448c03-e7b6-46e1-bad6-a173c640fc1c;437.44;0.01;BUY
2016-03-01T00:52:05.473000;2016-03-01T00:52:05.527000;186f58a0-bbc8-4c12-8a4f-b9731b65fac5;437.45;0.01;BUY
2016-03-01T00:52:05.477000;2016-03-01T00:52:05.527000;e8bd6a72-085c-4639-bd84-24454fece81a;437.46;0.005;BUY
2016-03-01T00:52:05.477000;2016-03-01T00:52:05.527000;1f615991-7cd9-410a-a137-d63bb4fb6e67;437.49;0.01;BUY
2016-03-01T00:52:05.477000;2016-03-01T00:52:05.527000;a2dd0d1c-0e47-436a-a53f-e38be1934418;437.49;0.01;BUY
2016-03-01T00:52:05.477000;2016-03-01T00:52:05.543000;77b8f977-0dcf-4426-a7d5-7a7ea9baeee6;437.5;2.30992;BUY
2016-03-01T00:53:04.093000;2016-03-01T00:53:04.120000;5f388961-9b11-4ad3-8ef5-f650b753f304;437.5;1.0673;BUY
2016-03-01T00:53:31.770000;2016-03-01T00:53:31.793000;7387ca5b-7665-4cb0-94fd-f1368d8cb153;437.5;2.37357;BUY
2016-03-01T00:53:55.000000;2016-03-01T00:53:55.027000;ea1cb8ca-5499-4f6b-9749-a8838ea2dd1d;437.49;0.01;SELL
2016-03-01T00:54:05.567000;2016-03-01T00:54:05.590000;c74acce2-7127-4799-9b0a-2d3d1a7f4592;437.49;0.99;BUY
2016-03-01T00:54:05.567000;2016-03-01T00:54:05.620000;58224312-88e1-4ad0-a09d-1f3ec5a38c5f;437.49;0.27;BUY
2016-03-01T00:54:05.567000;2016-03-01T00:54:05.637000;246b5985-b82c-44f8-9494-b9360a0e58a4;437.49;0.685;BUY
2016-03-01T00:54:05.567000;2016-03-01T00:54:05.637000;d5a762da-53f7-488e-a3e1-2f5c7768b018;437.5;2.60435;BUY
2016-03-01T00:54:33.813000;2016-03-01T00:54:33.853000;dddb52c3-2bdc-465f-afe8-3c2a62850df4;437.48;0.01;SELL
2016-03-01T00:54:33.817000;2016-03-01T00:54:33.870000;16233e90-52ef-4cec-868a-c81011a3a0a1;437.48;0.0115;SELL
2016-03-01T00:54:33.817000;2016-03-01T00:54:33.870000;08eb501a-5aea-4128-a647-b07362eb4398;437.47;0.01;SELL
2016-03-01T00:54:33.817000;2016-03-01T00:54:33.870000;4869dc0f-87c3-44eb-867a-c7a528aff72d;437.46;0.01;SELL
2016-03-01T00:54:33.817000;2016-03-01T00:54:33.887000;6e10789a-820a-4672-be20-991ccabe6dd9;437.44;0.01;SELL
2016-03-01T00:54:33.817000;2016-03-01T00:54:33.887000;b2b6a0f8-13fb-4915-ab34-7a6057757a5c;437.43;0.01;SELL
2016-03-01T00:54:33.817000;2016-03-01T00:54:33.917000;9be5e815-0723-4196-b731-0de043f180b8;437.41;0.01;SELL
2016-03-01T00:54:33.817000;2016-03-01T00:54:33.917000;74db7a6f-0785-47cc-aa30-f70aa3572a49;437.4;0.01;SELL
2016-03-01T00:54:33.817000;2016-03-01T00:54:33.917000;3a625a2e-c1a0-4765-b449-1e53c03c9a04;437.39;0.2;SELL
2016-03-01T00:54:33.817000;2016-03-01T00:54:33.917000;a421e3a3-8f99-430e-a0e4-a5f6d6b5106a;437.36;0.01;SELL
2016-03-01T00:54:33.817000;2016-03-01T00:54:33.917000;a1564054-5e14-416b-b8b6-a18de5e7d274;437.35;0.01;SELL
2016-03-01T00:54:33.817000;2016-03-01T00:54:33.933000;23211bac-c944-4cb5-8796-5ab40385ab56;437.33;0.01;SELL
2016-03-01T00:54:33.817000;2016-03-01T00:54:33.933000;4f3eff03-c29a-42b4-bd3d-88d524e55856;437.32;0.01;SELL
2016-03-01T00:54:33.817000;2016-03-01T00:54:33.933000;c61daa7d-c2b3-420d-9252-91f08ac04ff3;437.32;0.01;SELL
2016-03-01T00:54:33.817000;2016-03-01T00:54:33.933000;7717f5e3-dc27-4c29-a0e8-1c8e6517803a;437.31;0.01;SELL
2016-03-01T00:54:33.817000;2016-03-01T00:54:33.933000;cd8eeac5-c364-46b2-aee8-4e4870f15fd6;437.31;0.01;SELL
2016-03-01T00:54:33.820000;2016-03-01T00:54:33.933000;fe4b53c8-41d0-498e-bb2d-184b20c38c0f;437.28;0.01;SELL
2016-03-01T00:54:33.820000;2016-03-01T00:54:33.933000;814d61ad-382f-4d5b-b4ad-0c2aa9a0d178;437.28;0.097;SELL
2016-03-01T00:54:33.820000;2016-03-01T00:54:33.933000;d05692ef-86fa-425a-a242-58ca8e7db526;437.28;0.03;SELL
2016-03-01T00:54:33.820000;2016-03-01T00:54:33.933000;0b27be28-a0bc-49d6-8cc9-9b2184b18761;437.27;0.01;SELL
2016-03-01T00:54:33.820000;2016-03-01T00:54:33.933000;bf253e02-a54d-4944-908c-b92f9f70a957;437.26;0.01;SELL
2016-03-01T00:54:33.820000;2016-03-01T00:54:33.950000;882b1948-5f5e-4198-9116-e1dde761b150;437.26;0.01;SELL
2016-03-01T00:54:33.820000;2016-03-01T00:54:33.950000;806d8618-d085-444c-9622-d571e35746ce;437.26;0.1;SELL
2016-03-01T00:54:33.820000;2016-03-01T00:54:33.950000;e186e49a-4272-4b35-8e1c-43c469431902;437.25;0.0115;SELL
2016-03-01T00:54:33.820000;2016-03-01T00:54:33.950000;6b5a84e2-f356-4225-8035-be45bd594149;437.24;0.01;SELL
2016-03-01T00:54:33.820000;2016-03-01T00:54:33.950000;572d4d8a-7ff9-4266-8c2b-d083a7ab43c7;437.23;0.092;SELL
2016-03-01T00:54:33.820000;2016-03-01T00:54:33.950000;31ff1d11-f8ec-4c18-8578-7175eb903c8e;437.18;1.55426;SELL
2016-03-01T00:55:11.610000;2016-03-01T00:55:11.653000;a5230941-057a-475d-b0ad-52039c7020bf;437.26;0.01;SELL
2016-03-01T00:55:11.610000;2016-03-01T00:55:11.667000;8714fddd-969e-4619-85aa-695d46b87425;437.25;0.01;SELL
2016-03-01T00:55:11.610000;2016-03-01T00:55:11.667000;64b093e6-c338-4107-9dc2-36f82e20efab;437.24;0.01;SELL
2016-03-01T00:55:11.610000;2016-03-01T00:55:11.667000;f57aaa67-4bc6-4ad5-86a4-18e203eadb19;437.19;0.01;SELL
2016-03-01T00:55:11.613000;2016-03-01T00:55:11.667000;9fea341f-b836-4c8c-a317-02f347c681c1;437.16;0.01;SELL
2016-03-01T00:55:11.613000;2016-03-01T00:55:11.683000;50078838-c349-406d-b982-1051e5558a2b;437.15;0.01;SELL
2016-03-01T00:55:11.613000;2016-03-01T00:55:11.683000;e77f737e-6bd1-4af0-ab97-d0a25d98e6da;437.14;0.01;SELL
2016-03-01T00:55:11.613000;2016-03-01T00:55:11.683000;ead8f4d5-066a-4cec-8032-047dabfd10fa;437.1;0.01;SELL
2016-03-01T00:55:11.613000;2016-03-01T00:55:11.683000;eb41cbbe-dc23-4a4f-a1dd-15864ed88335;437.1;0.114;SELL
2016-03-01T00:55:11.613000;2016-03-01T00:55:11.700000;fde3a2b8-5fba-48fb-a2ef-e07df24d3757;437.08;0.01;SELL
2016-03-01T00:55:11.613000;2016-03-01T00:55:11.700000;9572f5dc-2d99-410a-b91b-fd8461b81d94;437.06;0.01;SELL
2016-03-01T00:55:11.613000;2016-03-01T00:55:11.700000;f9c4016a-7221-4dc7-9c3a-230a2d71103f;437.05;0.01;SELL
2016-03-01T00:55:11.613000;2016-03-01T00:55:11.700000;38035ed1-8c6b-4160-91e1-70a256bd10ac;437.04;0.01;SELL
2016-03-01T00:55:11.613000;2016-03-01T00:55:11.713000;321eaeb1-9792-4d37-8612-1627de160be4;437.03;0.1;SELL
2016-03-01T00:55:11.613000;2016-03-01T00:55:11.713000;06fb1023-f6c8-43db-bc43-6ea0672c552f;437.02;0.01;SELL
2016-03-01T00:55:11.613000;2016-03-01T00:55:11.713000;c52078ee-7c63-4127-9a4f-8f426d3233e1;437.02;0.01;SELL
2016-03-01T00:55:11.613000;2016-03-01T00:55:11.730000;237ebed5-34e3-481f-bf6e-0223893278f1;437.01;0.01;SELL
2016-03-01T00:55:11.613000;2016-03-01T00:55:11.730000;ee51b79d-0eab-4447-b72f-e70edfef09d5;437.01;0.05;SELL
2016-03-01T00:55:11.613000;2016-03-01T00:55:11.730000;a98bcfa0-8d9b-48e9-8018-884bd1b57f43;437.0;0.01;SELL
2016-03-01T00:55:11.617000;2016-03-01T00:55:11.730000;12d0d540-f4ca-46d1-b76a-6b71e8506137;437.0;0.01;SELL
2016-03-01T00:55:11.617000;2016-03-01T00:55:11.747000;870db481-12e7-48fb-b015-1ce2706bb957;437.0;0.01;SELL
2016-03-01T00:55:11.617000;2016-03-01T00:55:11.747000;594900cf-a602-49c6-8035-ef67ed9085e0;437.0;0.01861134;SELL
2016-03-01T00:55:11.617000;2016-03-01T00:55:11.747000;a941de93-a637-48a4-be36-e870f8221983;436.99;1.0;SELL
2016-03-01T00:55:11.617000;2016-03-01T00:55:11.747000;a8618a64-7fa9-401e-9bce-b90424a6392b;436.99;0.337;SELL
2016-03-01T00:55:11.617000;2016-03-01T00:55:11.747000;54f21ab0-53fb-4b12-aee9-fa3113fdd509;436.98;0.01;SELL
2016-03-01T00:55:11.617000;2016-03-01T00:55:11.777000;aa9ccc48-983b-465d-a856-f10c6af74f97;436.98;0.01;SELL
2016-03-01T00:55:11.617000;2016-03-01T00:55:11.777000;7f62c843-1c80-427d-8b72-9ee7b6cf7977;436.98;0.2;SELL
2016-03-01T00:55:11.617000;2016-03-01T00:55:11.777000;d3e38e20-e98f-4bff-bfdf-a80190f0c572;436.97;0.01;SELL
2016-03-01T00:55:11.617000;2016-03-01T00:55:11.777000;1ba97864-4bff-4546-90e5-4ecdfb3680df;436.96;0.01;SELL
2016-03-01T00:55:11.617000;2016-03-01T00:55:11.777000;ccb4c810-53fe-4530-ba03-2e9bd9072527;436.94;0.01;SELL
2016-03-01T00:55:11.617000;2016-03-01T00:55:11.793000;8e1c8002-c978-4aef-982a-ca03f42ab1b3;436.94;0.326;SELL
2016-03-01T00:55:11.617000;2016-03-01T00:55:11.793000;8950c209-d868-47af-962b-617abc781359;436.92;0.01;SELL
2016-03-01T00:55:11.617000;2016-03-01T00:55:11.793000;3d0e168c-6f10-4fe8-adcb-14d14a42e5be;436.91;0.1;SELL
2016-03-01T00:55:11.617000;2016-03-01T00:55:11.793000;c18004c0-e3b0-4be5-9301-9574588e7330;436.91;0.01;SELL
2016-03-01T00:55:11.617000;2016-03-01T00:55:11.807000;44522267-3967-4ced-84de-3a3a4989ac7f;436.91;0.16;SELL
2016-03-01T00:55:11.617000;2016-03-01T00:55:11.807000;7e63938b-6f30-4e3f-adaf-c9ca522c01cc;436.9;0.01;SELL
2016-03-01T00:55:11.620000;2016-03-01T00:55:11.807000;749f842e-4c5c-4e53-9560-de47bab4a706;436.9;0.39491866;SELL
2016-03-01T00:55:17.207000;2016-03-01T00:55:17.247000;ff66cd90-f76f-457c-95a5-f3d134284186;436.95;0.01;BUY
2016-03-01T00:55:17.207000;2016-03-01T00:55:17.247000;172c3e3d-ba04-4889-a639-1d4f847e6f8a;436.97;0.01;BUY
2016-03-01T00:55:17.207000;2016-03-01T00:55:17.247000;569196b5-be9f-4d32-8667-57ed84b5fd05;436.99;0.01;BUY
2016-03-01T00:55:40.800000;2016-03-01T00:55:40.823000;997af7f8-51ec-46e7-badc-f6808d60ec42;436.97;0.16;BUY
2016-03-01T00:55:40.800000;2016-03-01T00:55:40.840000;e1b5e375-fc9a-4c2f-9eac-e1e13afc1f2c;436.98;0.01;BUY
2016-03-01T00:55:40.800000;2016-03-01T00:55:40.840000;7c66b371-0968-4476-a96b-3c62b9e2734d;436.98;0.148;BUY
2016-03-01T00:55:40.800000;2016-03-01T00:55:40.840000;0bee88f5-81f2-4a56-8030-ee598d0055d1;437.01;0.01;BUY
2016-03-01T00:55:40.800000;2016-03-01T00:55:40.853000;48dfcd5f-af6a-4e5c-a6b9-fe86836e8291;437.03;0.01;BUY
2016-03-01T00:55:40.800000;2016-03-01T00:55:40.853000;cd4636bd-c163-4fa6-82d7-49baa32c586d;437.03;0.64;BUY
2016-03-01T00:55:40.800000;2016-03-01T00:55:40.917000;b7957bd7-9ed7-44dc-b30b-fbbc9e0a5e23;437.04;0.45;BUY
2016-03-01T00:55:40.800000;2016-03-01T00:55:40.917000;b3b37c59-1984-4dc2-93f2-0dc09a1d6c2b;437.05;0.01;BUY
2016-03-01T00:55:40.800000;2016-03-01T00:55:40.917000;efee251e-0748-4779-a8b1-041a70d32bbf;437.07;0.01;BUY
2016-03-01T00:55:40.800000;2016-03-01T00:55:40.933000;6dbd5d0c-e938-4950-b8a8-d3d8949480d1;437.09;0.01;BUY
2016-03-01T00:55:40.800000;2016-03-01T00:55:40.933000;a9e7e656-e926-4792-868f-4f7562efd8d9;437.1;0.10658;BUY
2016-03-01T00:56:01.433000;2016-03-01T00:56:01.463000;ea51e3eb-04d0-4d37-81f0-1aecc2990b0b;437.02;0.01;BUY
2016-03-01T00:56:01.433000;2016-03-01T00:56:01.480000;206b47bd-7076-43c3-913c-42af79b8319f;437.02;0.117;BUY
2016-03-01T00:56:01.433000;2016-03-01T00:56:01.480000;f39f6933-dae1-434b-9aae-f0ac2cf1d99a;437.08;0.32;BUY
2016-03-01T00:56:01.433000;2016-03-01T00:56:01.480000;8a9edcdd-c1f7-4b58-8f61-bfec205e09bd;437.09;0.00972;BUY
2016-03-01T00:56:32.173000;2016-03-01T00:56:32.200000;1bd6d6d5-1fe0-4c46-ac96-a85c14d21fd3;437.07;0.01;BUY
2016-03-01T00:56:32.173000;2016-03-01T00:56:32.213000;d810a5de-1842-47b7-beed-469565f70658;437.07;0.117;BUY
2016-03-01T00:56:32.173000;2016-03-01T00:56:32.213000;1861839a-b437-4494-831e-7f7acd7ec58f;437.09;0.01;BUY
2016-03-01T00:56:32.173000;2016-03-01T00:56:32.230000;cd60f5a1-6c6c-498f-9e49-157a45422ac1;437.11;0.01;BUY
2016-03-01T00:56:32.173000;2016-03-01T00:56:32.230000;eb4da3ec-af0c-473c-a5ae-5093b083e885;437.12;0.123;BUY
2016-03-01T00:56:32.173000;2016-03-01T00:56:32.293000;2851502b-98dc-43ed-b2e1-bbee401f1099;437.13;0.01;BUY
2016-03-01T00:56:32.173000;2016-03-01T00:56:32.293000;d2d28189-ef46-4ebd-be49-14776680b184;437.13;0.01;BUY
2016-03-01T00:56:32.173000;2016-03-01T00:56:32.293000;30bf714d-546a-469e-9f3f-ebdf98853e64;437.15;0.01;BUY
2016-03-01T00:56:32.173000;2016-03-01T00:56:32.293000;c47141c2-98b1-4585-8ca9-a30b2a46663c;437.17;0.02;BUY
2016-03-01T00:56:32.173000;2016-03-01T00:56:32.293000;66b9eedf-22bb-4482-aa3f-30b615beca32;437.17;0.087;BUY
2016-03-01T00:56:32.173000;2016-03-01T00:56:32.293000;a6bca717-de10-400b-b5bd-53d24ed55703;437.18;0.04;BUY
2016-03-01T00:56:32.177000;2016-03-01T00:56:32.293000;94ef83c0-1d69-4280-a287-e62a37183292;437.25;0.01;BUY
2016-03-01T00:56:32.177000;2016-03-01T00:56:32.293000;6eccd6cf-7b09-48de-a24d-9f5b7b47de86;437.26;0.07292;BUY
2016-03-01T00:57:04.010000;2016-03-01T00:57:04.057000;f866ccdf-db47-497e-af06-c953ddd11c61;437.15;0.01;BUY
2016-03-01T00:57:04.010000;2016-03-01T00:57:04.057000;da4653a3-c7ad-47b7-89ef-837b734ef24a;437.15;0.09;BUY
2016-03-01T00:57:04.010000;2016-03-01T00:57:04.057000;083005ee-0f28-41f9-bb7d-71fe5142cf4b;437.16;0.01;BUY
2016-03-01T00:57:04.010000;2016-03-01T00:57:04.057000;be75e992-70c4-4834-8b55-3b2a1472fe38;437.18;0.01;BUY
2016-03-01T00:57:04.010000;2016-03-01T00:57:04.073000;47365df7-9eba-419d-a6d6-2f1fcd8f6253;437.2;0.105;BUY
2016-03-01T00:57:04.013000;2016-03-01T00:57:04.090000;bea74010-97ae-4628-b7cb-be10f95661f4;437.26;0.04;BUY
2016-03-01T00:57:04.013000;2016-03-01T00:57:04.090000;e3c42b5e-68e7-4350-81cf-a355376b9b28;437.27;0.01;BUY
2016-03-01T00:57:04.013000;2016-03-01T00:57:04.090000;cbb98086-e35e-43e9-bb19-7455973dd470;437.27;0.01;BUY
2016-03-01T00:57:04.013000;2016-03-01T00:57:04.090000;14282028-3857-456d-91aa-a202c6d045c9;437.29;0.01;BUY
2016-03-01T00:57:04.013000;2016-03-01T00:57:04.103000;07d3ad95-511c-4031-89a1-e3e971f590bd;437.31;0.01;BUY
2016-03-01T00:57:04.013000;2016-03-01T00:57:04.103000;7cb2486e-4bdd-4781-9e18-97c576479990;437.32;0.01;BUY
2016-03-01T00:57:04.013000;2016-03-01T00:57:04.103000;d40bcde6-fa4b-4818-9aa0-be62c9a54355;437.36;0.10666;BUY
2016-03-01T00:57:31.557000;2016-03-01T00:57:31.600000;f03a6465-6430-4277-aa28-511e1c989d36;437.3;0.01;BUY
2016-03-01T00:57:31.557000;2016-03-01T00:57:31.617000;5af7f187-380d-4ee0-b4d6-59c4c5091411;437.3;0.085;BUY
2016-03-01T00:57:31.557000;2016-03-01T00:57:31.617000;996e6f3b-bf02-407f-aef6-db87b57a350e;437.31;0.01;BUY
2016-03-01T00:57:31.557000;2016-03-01T00:57:31.647000;93984d0b-905b-49ef-a762-ea95f4a1d965;437.32;0.01;BUY
2016-03-01T00:57:31.557000;2016-03-01T00:57:31.647000;7d2fb9b0-4369-4959-a3d2-2023080116c1;437.32;0.01;BUY
2016-03-01T00:57:31.557000;2016-03-01T00:57:31.710000;1cfb4919-1e12-4a21-ae57-078fb871c66b;437.35;0.09833;BUY
2016-03-01T00:58:08.460000;2016-03-01T00:58:08.507000;506578b8-2b8a-4c55-ab8a-e21590ae6261;437.3;0.01;SELL
2016-03-01T00:58:08.460000;2016-03-01T00:58:08.520000;adb22903-3301-4547-8aaa-768a7e8403c3;437.3;0.17786;SELL
2016-03-01T00:58:31.767000;2016-03-01T00:58:31.820000;599bbf3f-5be7-4590-bfb9-c614d7178362;437.31;1.45;BUY
2016-03-01T00:58:31.767000;2016-03-01T00:58:31.833000;4c9c5710-4d52-48eb-9032-978c461fe1f7;437.31;0.456;BUY
2016-03-01T00:58:31.767000;2016-03-01T00:58:31.833000;670dff6e-1bcd-4e59-9e7b-7290f179171e;437.34;0.01;BUY
2016-03-01T00:58:31.767000;2016-03-01T00:58:31.833000;39bddbd5-6ee7-4fe3-9a14-67392ac0d50a;437.34;0.01;BUY
2016-03-01T00:58:31.767000;2016-03-01T00:58:31.867000;d752567d-5502-4753-b07a-ab16cbeac8a5;437.36;0.4768;BUY
2016-03-01T00:59:07.960000;2016-03-01T00:59:08.007000;1d18c92b-4c23-47f4-93b3-1f3c8f2d2dbc;437.35;0.01;BUY
2016-03-01T00:59:07.963000;2016-03-01T00:59:08.037000;29cc83bc-7a3d-4ad8-9610-fb30b54fd357;437.35;0.188;BUY
2016-03-01T00:59:07.963000;2016-03-01T00:59:08.053000;e769bea0-40bc-4221-875b-2802b71156a7;437.4;0.01;BUY
2016-03-01T00:59:07.963000;2016-03-01T00:59:08.053000;087821ba-836b-4ed0-94dd-2bf906a50e11;437.4;0.02161;BUY
2016-03-01T00:59:31.750000;2016-03-01T00:59:31.787000;43654144-dfc9-438e-b63c-66d906d11a62;437.4;0.151;BUY
2016-03-01T00:59:31.750000;2016-03-01T00:59:31.803000;c56b83b4-11ce-4233-9b9f-81b46db3a6e0;437.44;0.02;BUY
2016-03-01T00:59:31.750000;2016-03-01T00:59:31.803000;520d5efe-0d35-489b-8f99-45ee457ac865;437.45;0.05678;BUY
2016-03-01T01:00:01.913000;2016-03-01T01:00:01.960000;18022cdb-fb06-4f31-88ce-d62fa5133409;437.42;0.01;BUY
2016-03-01T01:00:01.913000;2016-03-01T01:00:01.973000;6a06c7df-6a21-4b71-acc5-e5b78d6199ce;437.42;0.093;BUY
2016-03-01T01:00:01.913000;2016-03-01T01:00:01.973000;fc8b9c68-cf7b-44f9-b4ea-5156a006d10f;437.45;0.01;BUY
2016-03-01T01:00:01.917000;2016-03-01T01:00:01.973000;ed3c4274-0644-4a6f-8c97-5d7af28b4130;437.47;0.01;BUY
2016-03-01T01:00:01.917000;2016-03-01T01:00:01.973000;c0a7cceb-565c-4f1c-b311-28ca65abc64b;437.49;0.01;BUY
2016-03-01T01:00:01.917000;2016-03-01T01:00:01.990000;21b58ff5-fdd6-43a2-a01c-54d2fe574bad;437.49;0.19916;BUY
2016-03-01T01:00:37.397000;2016-03-01T01:00:37.427000;f4e68298-cba6-4c9c-bc64-53c24305bd90;437.44;0.02923;BUY
2016-03-01T01:00:40.340000;2016-03-01T01:00:40.380000;d36cee1d-e36d-4cea-aa40-c038faf50737;437.42;0.01;SELL
2016-03-01T01:00:40.340000;2016-03-01T01:00:40.397000;bd13959e-0a0f-4bff-b89c-254cc9d1c515;437.41;0.01;SELL
2016-03-01T01:00:40.340000;2016-03-01T01:00:40.397000;bf34ac3a-b3f2-469b-b602-e1fd54674479;437.4;0.01;SELL
2016-03-01T01:00:40.340000;2016-03-01T01:00:40.397000;53406031-4e5e-47e3-a8d1-641c14fbd1b8;437.39;0.01;SELL
2016-03-01T01:00:40.340000;2016-03-01T01:00:40.413000;7c406537-0722-401f-87ee-450cc7f1ab00;437.38;0.01;SELL
2016-03-01T01:00:40.343000;2016-03-01T01:00:40.473000;aec904a6-f8ba-4309-8ba0-88e58dee7411;437.37;0.01;SELL
2016-03-01T01:00:40.343000;2016-03-01T01:00:40.473000;6a40ea4d-777e-4cd4-82a7-40792912a5ff;437.37;0.01;SELL
2016-03-01T01:00:41.680000;2016-03-01T01:00:41.723000;52551ea1-60be-45f8-9898-82ba6b06650d;437.36;0.01;SELL
2016-03-01T01:00:41.680000;2016-03-01T01:00:41.740000;b2f7aeb2-3a0c-4b0e-8e34-4cc379a03ede;437.36;0.01;SELL
2016-03-01T01:01:01.910000;2016-03-01T01:01:01.943000;b1297c9f-c455-45ce-9650-d33773cc1322;437.36;0.44267;BUY
2016-03-01T01:01:18.237000;2016-03-01T01:01:18.270000;bb4ca2cd-07f6-43d3-ba26-64235d922dba;437.37;0.01;SELL
2016-03-01T01:01:18.237000;2016-03-01T01:01:18.287000;a7a1340e-4ba6-4b04-8a2f-b8b3d03fb69d;437.36;0.01;SELL
2016-03-01T01:01:18.237000;2016-03-01T01:01:18.287000;f595b9df-57a3-4da5-8f34-ebff4cf6cc67;437.35;0.01;SELL
2016-03-01T01:01:18.237000;2016-03-01T01:01:18.287000;46e19f2f-52b0-4406-8a02-54198cc90a52;437.34;0.01;SELL
2016-03-01T01:01:18.237000;2016-03-01T01:01:18.303000;d9a31606-cf14-4312-8667-fa553bc5abdb;437.33;0.01;SELL
2016-03-01T01:01:18.237000;2016-03-01T01:01:18.380000;e5ae1100-e76b-462a-9091-f0b504e4466b;437.32;0.01;SELL
2016-03-01T01:01:18.240000;2016-03-01T01:01:18.380000;18c5ccac-b119-4972-b203-e08194a679a4;437.31;0.01;SELL
2016-03-01T01:01:18.240000;2016-03-01T01:01:18.380000;efad8dc9-ba54-4cd4-a230-e60693ea2d2b;437.31;0.01;SELL
2016-03-01T01:01:41.017000;2016-03-01T01:01:41.053000;14731b18-6c7a-43e3-9426-677578548545;437.3;0.01;SELL
2016-03-01T01:01:41.017000;2016-03-01T01:01:41.070000;65399438-0dbb-4f00-aea2-9ba357b3888f;437.29;0.01;SELL
2016-03-01T01:01:41.017000;2016-03-01T01:01:41.070000;99e385dd-e64d-47be-a5a0-448a490b73d5;437.29;0.01;SELL
2016-03-01T01:01:41.017000;2016-03-01T01:01:41.070000;660869e6-6035-4c67-af3a-9d6a4db6bf66;437.28;0.00143;SELL
2016-03-01T01:01:46.800000;2016-03-01T01:01:46.880000;6a65a8aa-6f97-4a37-a084-1c485a10f683;437.28;0.00857;SELL
2016-03-01T01:01:46.800000;2016-03-01T01:01:46.880000;c39eb736-b988-4e97-8a02-5cd478de4bdb;437.27;0.01;SELL
2016-03-01T01:01:46.800000;2016-03-01T01:01:46.880000;6684c134-604b-42df-85bf-7280ce1fb54b;437.26;0.01;SELL
2016-03-01T01:01:46.800000;2016-03-01T01:01:46.897000;08a3193c-6d81-4cbc-9b51-26ec5657dd9e;437.24;0.01;SELL
2016-03-01T01:01:46.800000;2016-03-01T01:01:46.897000;869f8c65-bcfb-42f5-9871-b5a12cd25fbb;437.21;0.01;SELL
2016-03-01T01:01:46.800000;2016-03-01T01:01:46.990000;cfd2e21a-badf-4999-a508-8f3d0ee91d20;437.19;0.01;SELL
2016-03-01T01:01:46.803000;2016-03-01T01:01:46.990000;032079b0-0120-4649-bdb6-9add0e51af14;437.18;0.01;SELL
2016-03-01T01:01:46.803000;2016-03-01T01:01:46.990000;488043b2-cef9-42cb-8c14-b5bc8a0a5334;437.17;0.01;SELL
2016-03-01T01:01:46.803000;2016-03-01T01:01:46.990000;1f75ddac-4d73-4e1b-a9ec-9a888fb53509;437.16;0.01;SELL
2016-03-01T01:01:46.803000;2016-03-01T01:01:46.990000;30041221-4e58-40ed-91c8-15504e9a0e33;437.14;0.01;SELL
2016-03-01T01:01:46.803000;2016-03-01T01:01:46.990000;5f5461fa-8ef3-4875-9221-5859950d37bb;437.14;0.01;SELL
2016-03-01T01:01:46.803000;2016-03-01T01:01:46.990000;8d48a00b-d796-4f1a-b83b-f623eddd23e0;437.14;0.01;SELL
2016-03-01T01:01:46.803000;2016-03-01T01:01:46.990000;47a68755-d6c1-427e-8757-993f1f5f0d1d;437.13;0.01;SELL
2016-03-01T01:01:46.803000;2016-03-01T01:01:46.990000;f6e2abe8-0235-462a-8c97-972477aa17dd;437.12;0.01;SELL
2016-03-01T01:01:46.803000;2016-03-01T01:01:46.990000;4abba2b7-ada3-46e9-97c7-ac5bd0a6740f;437.11;0.01;SELL
2016-03-01T01:01:46.803000;2016-03-01T01:01:46.990000;4b24a69e-4c8a-4408-869d-4f763717f5d4;437.11;0.27;SELL
2016-03-01T01:01:46.803000;2016-03-01T01:01:46.990000;19f85148-8291-49cd-9506-73e98f4c1dca;437.1;0.01;SELL
2016-03-01T01:01:46.803000;2016-03-01T01:01:46.990000;7c66b02f-f35d-4081-a465-12cfe4b4b52f;437.08;0.01;SELL
2016-03-01T01:01:46.803000;2016-03-01T01:01:46.990000;c1166d09-7d38-4987-b521-38cd4c0d0460;437.06;0.01;SELL
2016-03-01T01:01:46.803000;2016-03-01T01:01:46.990000;edbe8565-303c-4cb7-ac3d-7ff6d33b9d90;437.06;0.01;SELL
2016-03-01T01:01:46.803000;2016-03-01T01:01:46.990000;1eb0e477-6697-40cf-8ba4-f2d34ed8ece6;437.05;0.01;SELL
2016-03-01T01:01:46.807000;2016-03-01T01:01:46.990000;1a9c753e-c6a3-467f-9bd4-f7f4e7edffe6;437.05;0.01;SELL
2016-03-01T01:01:46.807000;2016-03-01T01:01:46.990000;6c4b035f-2037-4cc1-9a85-477ac32e3c83;437.03;0.01;SELL
2016-03-01T01:01:46.807000;2016-03-01T01:01:46.990000;3a95210c-1a4f-4835-9a54-68c1d31af105;437.03;0.1;SELL
2016-03-01T01:01:46.807000;2016-03-01T01:01:46.990000;d1e8e4d9-362e-4550-bffc-7bfe45991816;437.03;0.96;SELL
2016-03-01T01:01:46.807000;2016-03-01T01:01:47.007000;9daed26e-896d-4602-a260-6ea60d63c7ed;437.02;0.01;SELL
2016-03-01T01:01:46.807000;2016-03-01T01:01:47.007000;d73c8f67-36e3-459f-811d-dbef058c4742;437.02;0.01;SELL
2016-03-01T01:01:46.807000;2016-03-01T01:01:47.070000;280a7a5d-3bdc-4ae7-b515-74ce743d4063;437.01;2.24;SELL
2016-03-01T01:01:46.807000;2016-03-01T01:01:47.070000;6d2c61fd-d8a7-4b99-a91d-93468bd09b55;437.0;0.01;SELL
2016-03-01T01:01:46.807000;2016-03-01T01:01:47.070000;f0e2a06e-3dde-4980-bb43-239c6b744a65;436.99;0.071;SELL
2016-03-01T01:01:46.807000;2016-03-01T01:01:47.070000;c45d7303-c1df-4df0-b983-580b834c1fb9;436.99;1.12;SELL
2016-03-01T01:01:46.807000;2016-03-01T01:01:47.070000;bf4ae741-f0ae-414b-82ad-6adba314d327;436.98;0.01;SELL
2016-03-01T01:01:46.807000;2016-03-01T01:01:47.070000;70a12dae-9843-4cb1-9bad-e55b997e948c;436.97;2.24;SELL
2016-03-01T01:01:46.807000;2016-03-01T01:01:47.070000;b135588e-4830-4e2e-9ed8-95f665b9eb5a;436.96;0.01;SELL
2016-03-01T01:01:46.807000;2016-03-01T01:01:47.070000;07713513-7889-4d1c-825f-baa1ef233247;436.96;0.01;SELL
2016-03-01T01:01:46.807000;2016-03-01T01:01:47.070000;2d998615-dcc4-41ad-b2fb-6fc2a2a07adc;436.96;0.01;SELL
2016-03-01T01:01:46.810000;2016-03-01T01:01:47.070000;87f1f77d-a84c-4beb-b836-9121af24b8bf;436.96;0.8;SELL
2016-03-01T01:01:46.810000;2016-03-01T01:01:47.070000;ae92ec08-8838-4e00-9da6-e5798ce9f25e;436.95;0.01;SELL
2016-03-01T01:01:46.810000;2016-03-01T01:01:47.070000;5040250a-8486-43dc-ae8b-371fc3f81d99;436.95;0.01;SELL
2016-03-01T01:01:46.810000;2016-03-01T01:01:47.070000;b5c45c5b-1f68-4b1e-87ca-9b426d31c6a5;436.95;0.8;SELL
2016-03-01T01:01:46.810000;2016-03-01T01:01:47.070000;28ff469b-92b4-464b-a773-f884d012c526;436.94;0.01;SELL
2016-03-01T01:01:46.810000;2016-03-01T01:01:47.070000;64d61451-c416-433d-8e79-1063ee0dcdf7;436.94;0.01;SELL
2016-03-01T01:01:46.810000;2016-03-01T01:01:47.083000;e3dbfd6d-526f-4444-909d-33a1db594855;436.94;0.01;SELL
2016-03-01T01:01:46.810000;2016-03-01T01:01:47.083000;0c5a8515-defe-4742-8b8e-76f1dad19e81;436.94;0.8;SELL
2016-03-01T01:01:46.810000;2016-03-01T01:01:47.083000;feb42cbc-f173-46ec-a1a3-06a4238db0d1;436.93;0.01;SELL
2016-03-01T01:01:46.810000;2016-03-01T01:01:47.083000;ea55f177-0470-4544-8dd5-4b4a0b28ac3b;436.93;0.102;SELL
2016-03-01T01:01:46.810000;2016-03-01T01:01:47.100000;9b60ffd5-80b9-474e-887a-f91c0c3a20f7;436.93;1.12;SELL
2016-03-01T01:01:46.810000;2016-03-01T01:01:47.100000;6a56e0b7-c176-4329-bfce-8901eb0c9b83;436.92;0.01;SELL
2016-03-01T01:01:46.810000;2016-03-01T01:01:47.100000;e3564ecc-26ea-4eb8-a9b9-1989a50cc25b;436.91;1.76;SELL
2016-03-01T01:01:46.810000;2016-03-01T01:01:47.130000;da0969d5-45d1-4ecd-8907-dc40e39d7684;436.9;0.01;SELL
2016-03-01T01:01:46.810000;2016-03-01T01:01:47.147000;41e37d53-f4af-4ac6-98f9-5b8e3ba117bd;436.9;3.56;SELL
2016-03-01T01:01:46.810000;2016-03-01T01:01:47.147000;dc65d1b9-de45-456c-b5e7-99e660884ee5;436.89;0.01;SELL
2016-03-01T01:01:46.813000;2016-03-01T01:01:47.147000;312d297a-9277-416b-a124-dd8167b84ea2;436.89;3.84;SELL
2016-03-01T01:01:46.813000;2016-03-01T01:01:47.147000;fbe517bc-3ad7-4840-b449-0b1a3647259a;436.88;0.01;SELL
2016-03-01T01:01:46.813000;2016-03-01T01:01:47.147000;4fc6554e-cf0f-48eb-9a5b-9f4272df1685;436.87;4.64;SELL
2016-03-01T01:01:46.813000;2016-03-01T01:01:47.147000;80969bfa-00f4-4cf2-b647-957409aea7b3;436.86;0.01;SELL
2016-03-01T01:01:46.813000;2016-03-01T01:01:47.147000;bc39a49e-fbd0-4f4b-b0c4-0ae6888c7536;436.86;0.01;SELL
2016-03-01T01:01:46.813000;2016-03-01T01:01:47.147000;c8d7b249-d021-4236-ba94-4bd5d66c7197;436.86;2.4;SELL
2016-03-01T01:01:46.813000;2016-03-01T01:01:47.147000;e9922138-5be0-4cad-922a-032a1282d20d;436.85;0.01;SELL
2016-03-01T01:01:46.813000;2016-03-01T01:01:47.147000;7d33bd6a-214b-4ff7-87be-a0db26e23efe;436.84;2.88;SELL
2016-03-01T01:01:46.813000;2016-03-01T01:01:47.147000;2bcd26e7-e34e-4dc5-8c89-8d63883e6a74;436.83;9.05644;SELL
2016-03-01T01:01:46.813000;2016-03-01T01:01:47.147000;58181847-3a4d-4089-8e7e-4fb998429467;436.81;0.01;SELL
2016-03-01T01:01:46.813000;2016-03-01T01:01:47.147000;2fda27c3-7d40-4727-b8ad-867ebfced0c1;436.8;0.01861134;SELL
2016-03-01T01:01:46.813000;2016-03-01T01:01:47.147000;5825d709-5086-42bc-b717-e553d7c1417a;436.78;0.01;SELL
2016-03-01T01:01:46.813000;2016-03-01T01:01:47.147000;d448c7b3-641a-487c-9795-2f661636daa1;436.78;0.105;SELL
2016-03-01T01:01:46.813000;2016-03-01T01:01:47.177000;76fab75c-1b8d-4039-a45a-01d74e552f93;436.76;0.01;SELL
2016-03-01T01:01:46.813000;2016-03-01T01:01:47.177000;f7ac06ed-2b5e-43ca-b2e8-425143adc709;436.75;0.01;SELL
2016-03-01T01:01:46.813000;2016-03-01T01:01:47.177000;7106448c-2326-4c95-a668-1e9b71c015bc;436.75;0.1;SELL
2016-03-01T01:01:46.817000;2016-03-01T01:01:47.177000;97e74f5a-3b3e-48a8-971c-2aa08e73310f;436.75;0.01;SELL
2016-03-01T01:01:46.817000;2016-03-01T01:01:47.177000;8d436b69-9b0c-43c0-860c-ff2b39b34920;436.74;0.01;SELL
2016-03-01T01:01:46.817000;2016-03-01T01:01:47.177000;e419aead-7420-445f-8862-9d04bff3870f;436.74;0.01;SELL
2016-03-01T01:01:46.817000;2016-03-01T01:01:47.177000;c9693ffa-ac00-4eb7-9e4b-2d4a270229da;436.73;0.187;SELL
2016-03-01T01:01:46.817000;2016-03-01T01:01:47.177000;75cfac39-b681-430e-8be3-94f7e5b1b72a;436.72;0.01;SELL
2016-03-01T01:01:46.817000;2016-03-01T01:01:47.223000;40851ac8-31c6-491b-933c-40f4e865bfdc;436.71;0.01;SELL
2016-03-01T01:01:46.817000;2016-03-01T01:01:47.223000;70516e2e-7a65-429d-bd04-f36e710eb478;436.7;0.01;SELL
2016-03-01T01:01:46.817000;2016-03-01T01:01:47.223000;045442bd-7e2b-4d5d-bc44-af52bcb51fef;436.68;0.01;SELL
2016-03-01T01:01:46.817000;2016-03-01T01:01:47.223000;d3d8d484-1a9a-4164-a95e-9be1f89986ee;436.68;0.2;SELL
2016-03-01T01:01:46.817000;2016-03-01T01:01:47.223000;824577b5-7ac8-48d9-b5a8-56330f7fe0da;436.66;0.01;SELL
2016-03-01T01:01:46.817000;2016-03-01T01:01:47.223000;6a37c670-dc49-4009-98fa-04750b7729f8;436.66;0.01;SELL
2016-03-01T01:01:46.817000;2016-03-01T01:01:47.223000;9f7cfc7f-b470-496f-a5fc-f08c2acb3cf4;436.64;0.01;SELL
2016-03-01T01:01:46.817000;2016-03-01T01:01:47.223000;a824270a-c157-4358-8579-3ff2aa267651;436.62;0.01;SELL
2016-03-01T01:01:46.817000;2016-03-01T01:01:47.240000;1e70e145-00e4-466b-a34c-5bfc44adb474;436.62;0.01;SELL
2016-03-01T01:01:46.817000;2016-03-01T01:01:47.240000;08864314-29e4-45c5-8ecb-65f40637223c;436.62;0.01;SELL
2016-03-01T01:01:46.817000;2016-03-01T01:01:47.240000;e2e3b658-da41-4ef7-a227-dd4d8c0495c4;436.6;0.01;SELL
2016-03-01T01:01:46.820000;2016-03-01T01:01:47.270000;0106ea7f-76d4-4def-b251-be4469cab83b;436.6;0.01;SELL
2016-03-01T01:01:46.820000;2016-03-01T01:01:47.270000;2e692178-2f2c-40b3-89f5-59e8c09366be;436.6;0.01;SELL
2016-03-01T01:01:46.820000;2016-03-01T01:01:47.270000;65c847fe-8f4b-46be-9562-06196072e18c;436.6;0.01;SELL
2016-03-01T01:01:46.820000;2016-03-01T01:01:47.270000;d216d80a-cbf6-4093-9b0a-37f4049982e5;436.6;0.01859366;SELL
2016-03-01T01:01:46.820000;2016-03-01T01:01:47.287000;e0576352-91bb-4097-a777-f30454a4c9e0;436.59;0.01;SELL
2016-03-01T01:01:46.820000;2016-03-01T01:01:47.287000;f4356ac6-44ae-4824-ad2f-c1f7bbcf4b59;436.58;0.01;SELL
2016-03-01T01:01:46.820000;2016-03-01T01:01:47.287000;2f81540b-532e-4705-b8ce-9e03eb3c9ff8;436.58;0.01;SELL
2016-03-01T01:01:46.820000;2016-03-01T01:01:47.287000;952d89ce-0ae6-4065-b848-2bb9b8787ebf;436.58;0.072;SELL
2016-03-01T01:01:46.820000;2016-03-01T01:01:47.287000;8f2e5d20-79d3-4c5c-85b5-bb51144218f3;436.56;0.01;SELL
2016-03-01T01:01:46.820000;2016-03-01T01:01:47.287000;560ff846-b8c6-47de-8cc9-861b56cdc055;436.56;0.01;SELL
2016-03-01T01:01:46.820000;2016-03-01T01:01:47.287000;aa5928e4-b8a3-4d69-8825-019a31084ba7;436.56;0.01;SELL
2016-03-01T01:01:46.820000;2016-03-01T01:01:47.320000;38e5d49e-5569-4f30-bb94-4d14bcac4693;436.55;0.01;SELL
2016-03-01T01:01:46.820000;2016-03-01T01:01:47.320000;3ffe912f-c87b-42db-9d24-190631af763b;436.55;0.01;SELL
2016-03-01T01:01:46.820000;2016-03-01T01:01:47.320000;053982e0-9ac7-4e43-92f3-31a8bc8ee6d1;436.54;0.01;SELL
2016-03-01T01:01:46.820000;2016-03-01T01:01:47.320000;32cb828c-f115-4c4b-88c2-02cc87c6a09b;436.53;0.8;SELL
2016-03-01T01:01:46.823000;2016-03-01T01:01:47.320000;37b9d0f9-f2f7-4908-bcef-5951255be826;436.52;0.01;SELL
2016-03-01T01:01:46.823000;2016-03-01T01:01:47.320000;abb5cf08-5f64-452b-88d9-65fc7ef55f71;436.52;0.01;SELL
2016-03-01T01:01:46.823000;2016-03-01T01:01:47.350000;b84726e8-845a-4e9a-a79b-7e38ff5c1538;436.51;1.6;SELL
2016-03-01T01:01:46.823000;2016-03-01T01:01:47.350000;551da81b-664d-4c02-bd86-518533816240;436.5;0.01;SELL
2016-03-01T01:01:46.823000;2016-03-01T01:01:47.350000;91cef6f9-d0c6-48c6-b3a1-e8ae8fb8fb99;436.5;0.01;SELL
2016-03-01T01:01:46.823000;2016-03-01T01:01:47.350000;b4d82989-7059-4c70-96ab-7fa3c5af09a4;436.5;0.01;SELL
2016-03-01T01:01:46.823000;2016-03-01T01:01:47.350000;1da8c59f-5a52-4e79-b3f3-7374b753dee9;436.5;1.76;SELL
2016-03-01T01:01:46.823000;2016-03-01T01:01:47.350000;6f429c70-90d5-4e78-aa0a-286cd6eccdeb;436.49;0.01;SELL
2016-03-01T01:01:46.823000;2016-03-01T01:01:47.367000;12e6cae2-59de-4250-96f9-9878e96be4a5;436.49;0.01;SELL
2016-03-01T01:01:46.823000;2016-03-01T01:01:47.367000;30f7c5a7-14da-4da3-a039-05b8a2c60298;436.49;0.01;SELL
2016-03-01T01:01:46.823000;2016-03-01T01:01:47.367000;7dc552ac-2501-4c0b-b3b9-5ba53bd6d5f9;436.49;1.76;SELL
2016-03-01T01:01:46.823000;2016-03-01T01:01:47.380000;0992ab1e-c01f-4403-8cdd-dfb86f887d09;436.48;0.01;SELL
2016-03-01T01:01:46.823000;2016-03-01T01:01:47.380000;3bbfa892-5667-412a-849e-d21e77a65cf4;436.48;0.01;SELL
2016-03-01T01:01:46.823000;2016-03-01T01:01:47.380000;e29dc1fe-3a9e-46f8-ad1d-7ad8cf0f5432;436.48;1.92;SELL
2016-03-01T01:01:46.823000;2016-03-01T01:01:47.380000;b741d73f-5107-4492-b9dc-3a2bee793556;436.47;0.01;SELL
2016-03-01T01:01:46.823000;2016-03-01T01:01:47.397000;4868caa2-a539-491e-a28a-416698ed1a52;436.47;0.01;SELL
2016-03-01T01:01:46.823000;2016-03-01T01:01:47.397000;7e36be2d-369c-46a8-99ae-50db04fcc15f;436.47;0.01;SELL
2016-03-01T01:01:46.827000;2016-03-01T01:01:47.397000;bef27700-97b3-4a92-a205-ecda3a413a82;436.47;2.4;SELL
2016-03-01T01:01:46.827000;2016-03-01T01:01:47.413000;56920da1-3a29-4b82-ba01-5c64080fecf4;436.46;0.01;SELL
2016-03-01T01:01:46.827000;2016-03-01T01:01:47.413000;836a683e-8c83-48be-a50d-0a71953441fe;436.46;0.01;SELL
2016-03-01T01:01:46.827000;2016-03-01T01:01:47.413000;fd089b47-ffce-4518-b87d-44ffecdabe74;436.46;0.2334;SELL
2016-03-01T01:01:46.827000;2016-03-01T01:01:47.413000;d51d55b5-e358-4656-b531-771e4852a49c;436.46;0.01;SELL
2016-03-01T01:01:46.827000;2016-03-01T01:01:47.427000;56ee4c46-c332-4acf-b04c-2683b67417b3;436.46;1.6;SELL
2016-03-01T01:01:46.827000;2016-03-01T01:01:47.427000;bab54973-3779-4ae8-ab61-2f2a7fb0c768;436.45;0.05;SELL
2016-03-01T01:01:46.827000;2016-03-01T01:01:47.427000;bda49904-0ace-4f4f-b4f7-4ca0c9f6c51b;436.45;1.6;SELL
2016-03-01T01:01:46.827000;2016-03-01T01:01:47.427000;bdb1bee3-454c-499a-8a18-81eb6f08c67e;436.44;0.01;SELL
2016-03-01T01:01:46.827000;2016-03-01T01:01:47.427000;54f65a9e-41a7-4ddb-bf4a-8e3c1aadbe63;436.44;0.21445071;SELL
2016-03-01T01:01:46.827000;2016-03-01T01:01:47.427000;492c3482-02c2-4fc1-abe3-564ec8e49db2;436.44;0.307;SELL
2016-03-01T01:01:46.827000;2016-03-01T01:01:47.443000;8ca01272-e72c-41f2-8eec-83d1a540da27;436.44;0.96;SELL
2016-03-01T01:01:46.827000;2016-03-01T01:01:47.443000;9397ac5a-1a01-42fb-93ae-bb0eb66bde08;436.43;0.1;SELL
2016-03-01T01:01:46.827000;2016-03-01T01:01:47.443000;6ee8af04-556b-4e9b-8cf4-7fe41e7ea0ac;436.43;0.48;SELL
2016-03-01T01:01:46.827000;2016-03-01T01:01:47.460000;ccb47786-b61e-4a4b-951c-be188938b8c2;436.42;0.01;SELL
2016-03-01T01:01:46.827000;2016-03-01T01:01:47.460000;072824d9-21b3-45de-9a5d-ab3f56b05c36;436.42;0.96;SELL
2016-03-01T01:01:46.827000;2016-03-01T01:01:47.460000;28cbbc05-6281-4c37-8eb7-a854892ae4d4;436.41;0.01;SELL
2016-03-01T01:01:46.830000;2016-03-01T01:01:47.460000;3ce40a05-a213-4b65-a91e-c6794f8c1e59;436.41;0.96;SELL
2016-03-01T01:01:46.830000;2016-03-01T01:01:47.490000;904b98d6-7c96-43f1-9a59-ced1354afcea;436.4;0.01;SELL
2016-03-01T01:01:46.830000;2016-03-01T01:01:47.490000;11c7ccf8-8148-4d0c-b9e3-7e61afe86770;436.4;0.01;SELL
2016-03-01T01:01:46.830000;2016-03-01T01:01:47.490000;3a85757e-5f4c-4812-884f-80deda9f4116;436.4;0.01;SELL
2016-03-01T01:01:46.830000;2016-03-01T01:01:47.490000;edcad05f-6460-4d9a-bf49-e961e34a67b5;436.4;0.8;SELL
2016-03-01T01:01:46.830000;2016-03-01T01:01:47.490000;95da99a1-9085-4694-804d-2f996f99587a;436.39;0.308;SELL
2016-03-01T01:01:46.830000;2016-03-01T01:01:47.490000;34c0a6d3-667d-4b26-bc0c-6be5f76f8958;436.39;0.01;SELL
2016-03-01T01:01:46.830000;2016-03-01T01:01:47.490000;b6d93181-11e0-4251-9c88-bdd28e729abe;436.39;0.48;SELL
2016-03-01T01:01:46.830000;2016-03-01T01:01:47.490000;3a04f67d-31f0-4a84-b186-828825240084;436.38;0.01;SELL
2016-03-01T01:01:46.830000;2016-03-01T01:01:47.490000;52dea449-8b60-4b65-ae95-23023900457a;436.38;0.01;SELL
2016-03-01T01:01:46.830000;2016-03-01T01:01:47.507000;28e0e00d-6efa-4cc5-b762-f675b771b83c;436.38;0.01;SELL
2016-03-01T01:01:46.830000;2016-03-01T01:01:47.507000;585f2a92-0c85-4591-8d9b-7557aa839316;436.38;0.01;SELL
2016-03-01T01:01:46.830000;2016-03-01T01:01:47.507000;04f2c2d3-a544-4758-ab4f-5ea00f42120a;436.38;0.01;SELL
2016-03-01T01:01:46.830000;2016-03-01T01:01:47.507000;637e906b-9ca0-4387-a90c-76b26d7d58f6;436.38;0.01;SELL
2016-03-01T01:01:46.830000;2016-03-01T01:01:47.520000;76270a62-5fe4-40b9-b460-0e390e38ab58;436.38;1.12;SELL
2016-03-01T01:01:46.830000;2016-03-01T01:01:47.520000;9d4c5a1f-46ba-4089-b7b8-326660759a7a;436.37;0.01;SELL
2016-03-01T01:01:46.830000;2016-03-01T01:01:47.520000;871c9137-39d8-463e-811c-623087a16a2e;436.37;0.01;SELL
2016-03-01T01:01:46.830000;2016-03-01T01:01:47.537000;f85df509-044b-472c-b87d-9f70d304fa1d;436.37;0.01;SELL
2016-03-01T01:01:46.833000;2016-03-01T01:01:47.537000;fde6297b-3495-4cf0-a19f-4f7746f1e78b;436.37;0.01;SELL
2016-03-01T01:01:46.833000;2016-03-01T01:01:47.537000;c9373f0a-d593-4a4b-8baa-73fa94e477f0;436.37;0.01;SELL
2016-03-01T01:01:46.833000;2016-03-01T01:01:47.537000;cce80630-e637-4a7c-bdcd-4cdca9c99da7;436.37;0.33993429;SELL
2016-03-01T01:02:09.787000;2016-03-01T01:02:09.833000;33c6e489-aff2-4c5c-b020-62dc9133eeaf;436.89;0.075;BUY
2016-03-01T01:02:09.787000;2016-03-01T01:02:09.833000;d9043812-8e5a-4353-9d4b-8bd5bc7df3c3;436.89;0.075;BUY
2016-03-01T01:02:09.787000;2016-03-01T01:02:09.833000;132b7cba-35a7-4458-9a9d-feb6b4495d3f;436.89;0.076;BUY
2016-03-01T01:02:09.787000;2016-03-01T01:02:09.850000;24a09a83-1d9d-4059-b6f3-7d97536cdfef;436.89;0.16;BUY
2016-03-01T01:02:09.787000;2016-03-01T01:02:09.850000;4a125eb2-ff2f-4840-899e-5b185be77912;436.9;0.075;BUY
2016-03-01T01:02:09.787000;2016-03-01T01:02:09.850000;bba1655e-bf6f-4841-85ba-54799571b606;436.9;0.16;BUY
2016-03-01T01:02:09.787000;2016-03-01T01:02:09.850000;e1c27b15-dca2-4aad-9794-bec43232d515;436.91;0.01;BUY
2016-03-01T01:02:09.787000;2016-03-01T01:02:09.850000;11d03a45-e485-4348-91fe-39a492289681;436.91;0.01;BUY
2016-03-01T01:02:09.787000;2016-03-01T01:02:09.867000;b519bb33-0fd7-4445-b3f0-b2b164938ee7;436.91;0.28722;BUY
2016-03-01T01:02:31.103000;2016-03-01T01:02:31.147000;a8fab731-abe9-4433-b67b-3f88075cc42b;436.9;0.01;BUY
2016-03-01T01:02:31.107000;2016-03-01T01:02:31.163000;87745c39-4c0d-40c9-9b44-133220b37ad1;436.9;0.045;BUY
2016-03-01T01:02:31.107000;2016-03-01T01:02:31.163000;cddddddc-0ef5-4e78-abbb-39a568d865f2;436.9;0.11571;BUY
2016-03-01T01:03:03.213000;2016-03-01T01:03:03.240000;37d7d0ea-e8e6-4579-b590-286985cd9b13;436.92;0.01;BUY
2016-03-01T01:03:03.213000;2016-03-01T01:03:03.257000;b345ac51-2751-4d82-a2e2-bef8866c8f41;436.92;0.01;BUY
2016-03-01T01:03:03.213000;2016-03-01T01:03:03.257000;46277780-5d87-497e-afe9-07cb8581f512;436.92;0.01;BUY
2016-03-01T01:03:03.213000;2016-03-01T01:03:03.257000;1b2838c6-20d2-42b7-a075-27bde807936f;436.92;0.01;BUY
2016-03-01T01:03:03.213000;2016-03-01T01:03:03.270000;e9cba2a1-70be-461b-be9d-da3df8f12522;436.92;0.01;BUY
2016-03-01T01:03:03.213000;2016-03-01T01:03:03.270000;161e0a00-08eb-46f4-ad4a-4c97a2ef8b11;436.92;0.01;BUY
2016-03-01T01:03:03.213000;2016-03-01T01:03:03.270000;edba1eee-81af-434d-aa7c-287a136ff5ea;436.92;0.01;BUY
2016-03-01T01:03:03.213000;2016-03-01T01:03:03.303000;815d6a7d-5563-4edd-85ba-b43022595596;436.92;0.01;BUY
2016-03-01T01:03:03.213000;2016-03-01T01:03:03.303000;8476305f-6452-4c6b-adc3-446114b8bbc6;436.92;0.01;BUY
2016-03-01T01:03:03.217000;2016-03-01T01:03:03.303000;b8c22390-9311-41e1-8f86-27e703abda9c;436.92;0.01;BUY
2016-03-01T01:03:03.217000;2016-03-01T01:03:03.303000;a856f541-f182-4a7d-88a9-9c541c5f1d51;436.92;0.00967;BUY
2016-03-01T01:03:31.553000;2016-03-01T01:03:31.600000;3d0f5c3b-d97d-436d-95dd-df6afc19d3e3;436.92;0.00033;BUY
2016-03-01T01:03:31.553000;2016-03-01T01:03:31.600000;8b26f93d-63a7-468c-8c35-314e69c43192;436.92;0.01;BUY
2016-03-01T01:03:31.557000;2016-03-01T01:03:31.600000;5ca15368-1173-4555-bf30-02a81d869fbf;436.92;0.01;BUY
2016-03-01T01:03:31.557000;2016-03-01T01:03:31.600000;5dd5b74b-63d5-4ab5-9d07-9678da252454;436.92;0.01;BUY
2016-03-01T01:03:31.557000;2016-03-01T01:03:31.630000;c5641564-5426-40e8-8bcd-1df6ed917903;436.92;0.01;BUY
2016-03-01T01:03:31.557000;2016-03-01T01:03:31.630000;b414b5d3-ae77-4eb7-9bad-5a490f94106e;436.92;0.01;BUY
2016-03-01T01:03:31.557000;2016-03-01T01:03:31.630000;aacfed8e-bad5-4efe-aa9d-b87230277aed;436.92;0.01;BUY
2016-03-01T01:03:31.557000;2016-03-01T01:03:31.630000;a8870458-06e6-48fe-93a1-b8e93793f1c7;436.92;0.01;BUY
2016-03-01T01:03:31.557000;2016-03-01T01:03:31.647000;2f366fbc-4feb-4512-b963-c8229876a9e0;436.92;0.01;BUY
2016-03-01T01:03:31.557000;2016-03-01T01:03:31.647000;e602f587-b3d1-48be-8ebe-8f1521a16a85;436.92;0.01;BUY
2016-03-01T01:03:31.560000;2016-03-01T01:03:31.647000;a68a9aee-d5fc-428a-bfb8-7d5a07bdd15f;436.92;0.01217803;BUY
2016-03-01T01:03:31.560000;2016-03-01T01:03:31.647000;1a53ad55-52fa-48e8-92a4-59951bb727e5;436.92;0.128;BUY
2016-03-01T01:03:31.560000;2016-03-01T01:03:31.647000;159ed731-631b-4d57-af4a-76e12bd82953;436.93;0.01;BUY
2016-03-01T01:03:31.560000;2016-03-01T01:03:31.663000;4c347c6e-16c9-4cb8-9e9b-f71b754b19a6;436.95;0.01;BUY
2016-03-01T01:03:31.560000;2016-03-01T01:03:31.663000;1ca85f79-0794-4912-bab4-80ffa0d4795f;436.95;0.29;BUY
2016-03-01T01:03:31.560000;2016-03-01T01:03:31.663000;fe6c002a-fed2-4ee4-b4e9-12be14abd02e;436.97;0.01;BUY
2016-03-01T01:03:31.560000;2016-03-01T01:03:31.677000;76eeae88-4106-482b-9216-0beb62d2dffc;436.97;0.101;BUY
2016-03-01T01:03:31.560000;2016-03-01T01:03:31.693000;afddfde8-2dd9-49f1-8f77-fcb0aeda7c3f;436.98;0.35160197;BUY
2016-03-01T01:04:01.807000;2016-03-01T01:04:01.833000;827693fe-99f0-472a-a910-bc3ec9cb519b;436.95;0.22;BUY
2016-03-01T01:04:01.807000;2016-03-01T01:04:01.833000;a3a0fedc-c431-43df-bff3-7d69968a9188;436.96;0.01;BUY
2016-03-01T01:04:01.807000;2016-03-01T01:04:01.867000;02859dcc-05d4-4b5b-a8a5-591ecb086434;436.96;0.01;BUY
2016-03-01T01:04:01.807000;2016-03-01T01:04:01.867000;e986ce7b-557d-41ab-9feb-1aa4fc410001;436.96;0.102;BUY
2016-03-01T01:04:01.807000;2016-03-01T01:04:01.867000;9e6502c5-4a1b-454c-b89f-69c83ad895e6;436.96;0.59406;BUY
2016-03-01T01:04:31.233000;2016-03-01T01:04:31.270000;309bc6e0-f13c-4b24-ad8e-9d4961b4bdb0;436.95;0.01;SELL
2016-03-01T01:04:31.237000;2016-03-01T01:04:31.287000;cf47710b-d408-4630-8dbe-78d25276387f;436.95;0.04309;SELL
2016-03-01T01:05:01.200000;2016-03-01T01:05:01.223000;bbc2e529-7f87-469c-a3a3-4a6ffbb55b6c;436.96;0.01;BUY
2016-03-01T01:05:01.200000;2016-03-01T01:05:01.240000;e424132c-c738-4737-8997-c48be2867f7e;436.96;0.08;BUY
2016-03-01T01:05:01.200000;2016-03-01T01:05:01.240000;a2bcaa80-b8f2-42cd-9b5b-f9a96599e47a;436.97;0.01;BUY
2016-03-01T01:05:01.200000;2016-03-01T01:05:01.240000;38789355-7857-4aae-9ddc-6cb0b17501ea;436.97;0.01;BUY
2016-03-01T01:05:01.200000;2016-03-01T01:05:01.257000;ae278ebe-853a-4974-80f8-5da80e78f922;436.97;0.01;BUY
2016-03-01T01:05:01.200000;2016-03-01T01:05:01.333000;667220d1-b3fe-4420-af34-fc6357f91efd;436.99;0.01;BUY
2016-03-01T01:05:01.200000;2016-03-01T01:05:01.333000;917fed39-0130-4518-8f94-cfac9e1b3135;437.0;0.01;BUY
2016-03-01T01:05:01.200000;2016-03-01T01:05:01.333000;f17b6a6a-8392-4e96-9295-e97fb42fa3d8;437.01;0.01;BUY
2016-03-01T01:05:01.203000;2016-03-01T01:05:01.333000;1ce0905f-7267-47e5-bee3-b305112d6407;437.01;0.087;BUY
2016-03-01T01:05:01.203000;2016-03-01T01:05:01.333000;12456b8d-c248-42b8-a675-6970e19104d8;437.03;0.01;BUY
2016-03-01T01:05:01.203000;2016-03-01T01:05:01.333000;e72675ce-fa85-49a5-aca7-e45fcfc88df4;437.05;0.01;BUY
2016-03-01T01:05:01.203000;2016-03-01T01:05:01.333000;e49832ed-a189-4669-afa8-a7bc93554bf7;437.06;0.12;BUY
2016-03-01T01:05:01.203000;2016-03-01T01:05:01.333000;b879a6d0-9d37-4fa8-9fa8-1c49d3e50fe3;437.07;0.075;BUY
2016-03-01T01:05:01.203000;2016-03-01T01:05:01.333000;c2b78f9c-20da-4bff-b47d-0fbf41076172;437.08;0.01;BUY
2016-03-01T01:05:01.203000;2016-03-01T01:05:01.333000;030842bc-eb7e-4500-bf6c-fc6d02b1cf72;437.09;0.53111;BUY
2016-03-01T01:05:30.490000;2016-03-01T01:05:30.523000;94e484b2-e421-45bd-a02d-b19801545074;437.02;0.01;SELL
2016-03-01T01:05:30.490000;2016-03-01T01:05:30.553000;31510b90-7ad9-4101-9401-2f98a13910fe;437.02;0.227;SELL
2016-03-01T01:05:30.490000;2016-03-01T01:05:30.553000;765d7086-8519-4b3a-94b2-d0c120fa745e;437.02;0.228;SELL
2016-03-01T01:05:30.490000;2016-03-01T01:05:30.553000;c1e5aa27-1d47-45a0-8a81-33c775040d46;437.02;0.229;SELL
2016-03-01T01:05:30.490000;2016-03-01T01:05:30.553000;6bfc6527-b320-492d-9af2-bb5c6a6d956f;437.02;0.197;SELL
2016-03-01T01:05:30.490000;2016-03-01T01:05:30.553000;505134c9-dbb0-40b1-8e80-d0b470a04711;437.02;0.185;SELL
2016-03-01T01:05:30.490000;2016-03-01T01:05:30.570000;3216bd06-4030-4436-90ce-c48d135ada8f;437.02;0.228;SELL
2016-03-01T01:05:30.493000;2016-03-01T01:05:30.570000;4b5ff614-8235-4132-9e2f-2acf9c1ae6ab;437.02;0.229;SELL
2016-03-01T01:05:30.493000;2016-03-01T01:05:30.570000;81bfc357-bf5d-4ea3-8ee3-cebb86f4d93e;437.02;0.29;SELL
2016-03-01T01:05:30.493000;2016-03-01T01:05:30.570000;60723de2-afc6-4eaf-9ff5-138758ecbb28;437.02;0.229;SELL
2016-03-01T01:05:30.493000;2016-03-01T01:05:30.583000;56adb200-6eb7-4e92-99e4-c6fd6ce7fad5;437.02;0.23;SELL
2016-03-01T01:05:30.493000;2016-03-01T01:05:30.600000;649b86e6-ddc8-4d67-a548-1dfa5aed2dee;437.02;0.23;SELL
2016-03-01T01:05:30.493000;2016-03-01T01:05:30.600000;dfefe746-8c3c-4eda-abe7-b19f344d8e53;437.02;0.02;SELL
2016-03-01T01:05:30.493000;2016-03-01T01:05:30.617000;697dda5d-780c-44cb-a521-38daf48711cc;437.01;0.01;SELL
2016-03-01T01:05:30.493000;2016-03-01T01:05:30.617000;f576b59d-82c1-4c30-b4a9-2fcdb4e79b18;437.0;0.01;SELL
2016-03-01T01:05:30.493000;2016-03-01T01:05:30.617000;1ce46298-36a7-4704-b970-2f86bc63d8c8;436.98;0.01;SELL
2016-03-01T01:05:30.493000;2016-03-01T01:05:30.617000;4b7df8a7-058d-4853-afa2-aec5f9ee8917;436.97;0.01;SELL
2016-03-01T01:05:30.493000;2016-03-01T01:05:30.617000;e74235fe-8497-4aa7-b17c-73b26849942b;436.97;0.01;SELL
2016-03-01T01:05:30.493000;2016-03-01T01:05:30.630000;8b04bce0-9b0a-41bd-86dd-e719282b96a1;436.96;0.01;SELL
2016-03-01T01:05:30.493000;2016-03-01T01:05:30.630000;4b5e9659-f725-44f2-b016-a0cfada16864;436.96;0.01;SELL
2016-03-01T01:05:30.493000;2016-03-01T01:05:30.630000;cc67ceff-31c5-4917-b8b5-654c95da0599;436.95;0.27;SELL
2016-03-01T01:05:30.493000;2016-03-01T01:05:30.630000;1b86db34-b5f9-48b3-b393-2cde9e991868;436.94;0.01;SELL
2016-03-01T01:05:30.497000;2016-03-01T01:05:30.630000;a3b77378-76e8-4b80-a24f-b8c975be6553;436.94;0.01;SELL
2016-03-01T01:05:30.497000;2016-03-01T01:05:30.630000;92665112-822f-4e07-b7a1-8358560a4b37;436.93;0.01;SELL
2016-03-01T01:05:30.497000;2016-03-01T01:05:30.630000;1ed6554c-01d3-4efa-aec7-82145730f8c7;436.92;0.01;SELL
2016-03-01T01:05:30.497000;2016-03-01T01:05:30.647000;59a3411f-ef8a-4d66-8cea-f24335752fb4;436.92;0.01;SELL
2016-03-01T01:05:30.497000;2016-03-01T01:05:30.647000;fe5f9cb1-3cf9-46d4-a651-dd5d83f81a90;436.91;0.01;SELL
2016-03-01T01:05:30.497000;2016-03-01T01:05:30.647000;9f1b2039-b3cc-40e3-8f63-f6ad3b6b57af;436.91;0.233;SELL
2016-03-01T01:05:30.497000;2016-03-01T01:05:30.647000;43b7ac9b-6b71-4b1d-91b5-c53e7c55e1f0;436.91;0.233;SELL
2016-03-01T01:05:30.497000;2016-03-01T01:05:30.663000;63613554-cac9-493e-b7e1-84d7608ce936;436.91;0.233;SELL
2016-03-01T01:05:30.497000;2016-03-01T01:05:30.663000;ef867578-74be-4580-a21c-380ee0875905;436.91;0.232;SELL
2016-03-01T01:05:30.497000;2016-03-01T01:05:30.677000;db898294-0a6a-48e7-a55c-4dfb80e273d3;436.91;0.233;SELL
2016-03-01T01:05:30.497000;2016-03-01T01:05:30.677000;a8a01f3f-cb74-4886-b44a-17ef70ae7159;436.91;0.232;SELL
2016-03-01T01:05:30.497000;2016-03-01T01:05:30.677000;32b7a690-2e10-4b6c-8ccc-29a25178fbbf;436.91;0.232;SELL
2016-03-01T01:05:30.497000;2016-03-01T01:05:30.677000;e0e5e2be-cba5-410b-a6de-e778f8a23070;436.91;0.365;SELL
2016-03-01T01:05:30.497000;2016-03-01T01:05:30.677000;625c64d4-eaf2-4b6e-a8bd-51166fc6cc18;436.91;0.235;SELL
2016-03-01T01:05:30.497000;2016-03-01T01:05:30.677000;db59012d-44d7-41f2-8396-197e406c16fb;436.91;0.234;SELL
2016-03-01T01:05:30.500000;2016-03-01T01:05:30.693000;b939544f-95a2-4a85-b54b-d16899b25db6;436.9;0.01;SELL
