time_exchange;time_coinpai;guid;price;base_amount;taker_side
2016-01-27T00:00:06.000000;2016-01-27T00:00:06.000000;79ee5544-2ec6-49d2-9000-9f0c06355d5b;391.21;0.75;UNKNOWN
2016-01-27T00:00:06.000000;2016-01-27T00:00:06.000000;3f61768c-9dca-48dc-bef6-6a4ea03a845e;391.22;6.3613;UNKNOWN
2016-01-27T00:00:06.000000;2016-01-27T00:00:06.000000;e02571ec-c242-4b94-adb9-079f513f325a;391.23;0.5;UNKNOWN
2016-01-27T00:00:06.000000;2016-01-27T00:00:06.000000;c5080c27-4c37-4224-b652-8cdc46b08fd8;391.41;0.02;UNKNOWN
2016-01-27T00:00:06.000000;2016-01-27T00:00:06.000000;f8c0a4ea-cabd-47cd-87ed-71f62b6063ff;391.23;3.0;UNKNOWN
2016-01-27T00:00:06.000000;2016-01-27T00:00:06.000000;8b32d104-dc78-4224-bbbb-14337ef1be93;391.17;3.3687;UNKNOWN
2016-01-27T00:00:06.000000;2016-01-27T00:00:06.000000;3d58f410-488a-425b-a158-ea8d7f40289f;391.23;6.0;UNKNOWN
2016-01-27T00:00:10.000000;2016-01-27T00:00:10.000000;9932593b-2df2-4e9e-bb71-0fd48a3f0916;391.4;1.0;UNKNOWN
2016-01-27T00:00:10.000000;2016-01-27T00:00:10.000000;e5c2b31e-21f0-492c-9bdf-0b0570cd989e;391.41;0.75;UNKNOWN
2016-01-27T00:00:20.000000;2016-01-27T00:00:20.000000;fd50618a-e8aa-427d-beb1-717ead01e3b1;391.4;0.76031901;UNKNOWN
2016-01-27T00:00:42.000000;2016-01-27T00:00:42.000000;ef8136e8-33d8-4da4-9d77-418f24c534c9;391.42;0.05348977;UNKNOWN
2016-01-27T00:01:05.000000;2016-01-27T00:01:05.000000;b89327e4-75e0-4565-8e2a-7831e0b091bd;391.48;0.3;UNKNOWN
2016-01-27T00:01:05.000000;2016-01-27T00:01:05.000000;b75fbda1-0b8b-49a1-acdc-8f64b91b135f;391.5;0.55;UNKNOWN
2016-01-27T00:01:12.000000;2016-01-27T00:01:12.000000;dee9f75c-b567-4b23-b6f1-afb1460b48f2;391.4;1.35173485;UNKNOWN
2016-01-27T00:01:12.000000;2016-01-27T00:01:12.000000;715857d5-274d-49e6-8f34-84d626215952;391.42;0.08472852;UNKNOWN
2016-01-27T00:01:12.000000;2016-01-27T00:01:12.000000;c4409d1b-2cd4-48ea-bb05-eff6964a42ba;391.42;6.3008;UNKNOWN
2016-01-27T00:01:12.000000;2016-01-27T00:01:12.000000;dcc0b611-5d3c-4387-b978-896cd50f0c77;391.41;0.75;UNKNOWN
2016-01-27T00:01:19.000000;2016-01-27T00:01:19.000000;6c89e2b7-4992-46fe-9fb8-30b91763e25f;391.55;1.61516285;UNKNOWN
2016-01-27T00:01:47.000000;2016-01-27T00:01:47.000000;3c413cc3-02f0-4d56-b10e-85a0495f8a05;391.6;0.25;UNKNOWN
2016-01-27T00:01:47.000000;2016-01-27T00:01:47.000000;9ca708b7-04f4-49d3-90d7-473985acc284;391.57;0.75;UNKNOWN
2016-01-27T00:02:32.000000;2016-01-27T00:02:32.000000;868b0971-bcc0-4f11-a5fe-048987a84702;391.57;0.7462;UNKNOWN
2016-01-27T00:02:32.000000;2016-01-27T00:02:32.000000;b3349145-72c2-4804-83de-d7df726c3f5d;391.56;0.5;UNKNOWN
2016-01-27T00:02:32.000000;2016-01-27T00:02:32.000000;8774aef0-d046-48f0-b7dc-2aea64816e10;391.57;0.75;UNKNOWN
2016-01-27T00:02:32.000000;2016-01-27T00:02:32.000000;5a34d5bc-b610-4c71-a4b5-ddcbdefbd0d9;391.57;3.0;UNKNOWN
2016-01-27T00:02:42.000000;2016-01-27T00:02:42.000000;80037cee-37a8-4879-87bd-234baa6d0406;391.04;2.55742309;UNKNOWN
2016-01-27T00:03:18.000000;2016-01-27T00:03:18.000000;e42ecbfc-00f4-46af-b3e6-77590c8ac9c5;391.18;5.5;UNKNOWN
2016-01-27T00:04:21.000000;2016-01-27T00:04:21.000000;16c18799-a252-49ca-9a3f-2472135a004d;391.32;1.53;UNKNOWN
2016-01-27T00:04:23.000000;2016-01-27T00:04:23.000000;4dd2f698-be5e-4700-9ccb-3d1551abe16e;391.1;1.0359;UNKNOWN
2016-01-27T00:04:23.000000;2016-01-27T00:04:23.000000;fb8da158-d283-4327-bf03-e11e59982a93;390.76;4.9141;UNKNOWN
2016-01-27T00:04:23.000000;2016-01-27T00:04:23.000000;5ec843e9-daeb-4a5c-9ca4-86f2c47c54b8;391.31;0.75;UNKNOWN
2016-01-27T00:04:24.000000;2016-01-27T00:04:24.000000;16a2bb69-3c1f-4b7e-9386-281be4957a89;391.11;0.75;UNKNOWN
2016-01-27T00:04:33.000000;2016-01-27T00:04:33.000000;baa2bb87-34d9-4aa0-8bcd-591e19efa041;390.79;0.04989396;UNKNOWN
2016-01-27T00:04:52.000000;2016-01-27T00:04:52.000000;3750d191-fe82-47f1-bc34-9771e1bbf4ef;390.85;0.91;UNKNOWN
2016-01-27T00:04:52.000000;2016-01-27T00:04:52.000000;16a7c9a0-fff5-426c-bf11-8df938f5f462;390.85;0.37;UNKNOWN
2016-01-27T00:04:52.000000;2016-01-27T00:04:52.000000;102700d7-00f4-4e41-b0c9-96606b6767f4;390.85;0.32;UNKNOWN
2016-01-27T00:04:56.000000;2016-01-27T00:04:56.000000;4582b3a1-6018-4e74-88ef-126a956906a4;390.88;0.94;UNKNOWN
2016-01-27T00:05:17.000000;2016-01-27T00:05:17.000000;57906d3d-91e5-449b-bdf0-eecef9dcf908;391.01;0.43;UNKNOWN
2016-01-27T00:05:46.000000;2016-01-27T00:05:46.000000;2a671085-2cc7-4b71-be2c-bf919d864506;391.03;0.75;UNKNOWN
2016-01-27T00:05:46.000000;2016-01-27T00:05:46.000000;633ad584-43be-45c2-8123-d878c79cd9c1;391.02;0.37;UNKNOWN
2016-01-27T00:05:49.000000;2016-01-27T00:05:49.000000;5082f803-523e-4f97-bd74-f265564aac5a;390.96;0.98078802;UNKNOWN
2016-01-27T00:05:49.000000;2016-01-27T00:05:49.000000;cccdcd65-9406-407d-b979-6cf132415c9a;390.96;0.16921198;UNKNOWN
2016-01-27T00:05:53.000000;2016-01-27T00:05:53.000000;7c6ce5ad-ac7f-4f49-a142-9dc0a2bfb42d;390.96;1.8;UNKNOWN
2016-01-27T00:06:00.000000;2016-01-27T00:06:00.000000;c8e09ac2-ecf0-4f0f-b293-ef374d3a1138;390.9;2.29;UNKNOWN
2016-01-27T00:06:07.000000;2016-01-27T00:06:07.000000;f71e7c2d-8310-4545-91b4-68645eebe325;390.9;2.15;UNKNOWN
2016-01-27T00:06:11.000000;2016-01-27T00:06:11.000000;aba7320b-b226-4f5f-a8aa-7d43cf6d1b95;390.91;0.67;UNKNOWN
2016-01-27T00:06:13.000000;2016-01-27T00:06:13.000000;50a29924-f6a6-42d8-9c62-727ba8ae373f;390.93;0.3;UNKNOWN
2016-01-27T00:06:41.000000;2016-01-27T00:06:41.000000;231926c8-44ff-4677-a37e-3445480dff8c;390.9;0.37;UNKNOWN
2016-01-27T00:06:41.000000;2016-01-27T00:06:41.000000;d5385d3f-0d4a-4a3f-951d-96768d210803;390.9;1.56;UNKNOWN
2016-01-27T00:06:41.000000;2016-01-27T00:06:41.000000;238643af-7a0a-445f-acb1-91bd48c4b446;390.9;0.37;UNKNOWN
2016-01-27T00:06:43.000000;2016-01-27T00:06:43.000000;2d8d1314-3e9b-46e6-8816-a981210a2ec5;390.76;0.37;UNKNOWN
2016-01-27T00:06:45.000000;2016-01-27T00:06:45.000000;0c5772c8-f4fd-49e4-b019-a3645a2cc76f;390.75;0.37;UNKNOWN
2016-01-27T00:07:29.000000;2016-01-27T00:07:29.000000;877ac00c-f067-4b0c-9d78-3a1a8d49ac00;390.81;0.37;UNKNOWN
2016-01-27T00:07:29.000000;2016-01-27T00:07:29.000000;e479d6c3-fac8-47c0-84b1-a6c4ab106a96;390.84;0.37;UNKNOWN
2016-01-27T00:07:29.000000;2016-01-27T00:07:29.000000;0eb843a1-032a-4db5-a258-24ec4c2d5b47;390.86;0.28;UNKNOWN
2016-01-27T00:07:29.000000;2016-01-27T00:07:29.000000;803d5f48-8db2-4a10-95b3-ff1eb491517f;390.86;0.37;UNKNOWN
2016-01-27T00:07:45.000000;2016-01-27T00:07:45.000000;4e947deb-e0e2-438d-aa34-91e17a02b02d;390.7;2.45;UNKNOWN
2016-01-27T00:08:36.000000;2016-01-27T00:08:36.000000;a161bef7-4ccb-42d4-8336-b82ccca8a5f6;390.87;1.11;UNKNOWN
2016-01-27T00:08:36.000000;2016-01-27T00:08:36.000000;5af909a3-c82e-43ee-aa79-93c97abd663b;390.87;0.37;UNKNOWN
2016-01-27T00:08:37.000000;2016-01-27T00:08:37.000000;91b92545-9378-4aeb-bda1-9c42cd6e63e4;390.87;0.28;UNKNOWN
2016-01-27T00:08:37.000000;2016-01-27T00:08:37.000000;ad4467be-5bcd-4f4a-ac5f-5996114379a5;390.88;0.09;UNKNOWN
2016-01-27T00:08:38.000000;2016-01-27T00:08:38.000000;e0a3e751-e353-4678-a858-6c501cc02bd1;390.86;6.3293;UNKNOWN
2016-01-27T00:09:58.000000;2016-01-27T00:09:58.000000;27b39c52-6e2f-4d22-a818-6a6987f18504;390.88;0.34;UNKNOWN
2016-01-27T00:09:59.000000;2016-01-27T00:09:59.000000;59641a92-6346-4a63-b6f2-f1c416b934ea;390.88;4.0;UNKNOWN
2016-01-27T00:10:01.000000;2016-01-27T00:10:01.000000;d41a71ba-8931-4d6f-9d69-49cc152e9cd9;390.88;4.12;UNKNOWN
2016-01-27T00:10:11.000000;2016-01-27T00:10:11.000000;e0013272-d851-4f22-b4d0-84e228dcfbba;390.83;2.69;UNKNOWN
2016-01-27T00:10:14.000000;2016-01-27T00:10:14.000000;56284028-584a-4e46-943c-8b2e3a9c5d63;390.83;0.28;UNKNOWN
2016-01-27T00:10:18.000000;2016-01-27T00:10:18.000000;e5a3c1f1-89ad-477c-9219-892b8c163599;390.82;0.37;UNKNOWN
2016-01-27T00:10:18.000000;2016-01-27T00:10:18.000000;22dbb0a6-e5fb-4b0a-bead-580e4813bc35;390.82;0.083929;UNKNOWN
2016-01-27T00:10:18.000000;2016-01-27T00:10:18.000000;3c933877-0508-476f-9cc7-5b32669e47a8;390.83;5.27;UNKNOWN
2016-01-27T00:10:55.000000;2016-01-27T00:10:55.000000;1120871a-de01-47d8-a558-0507bcd2d810;390.59;0.42825634;UNKNOWN
2016-01-27T00:10:55.000000;2016-01-27T00:10:55.000000;c4fded3e-633c-4fab-bad0-9d9d239919dd;390.63;0.3;UNKNOWN
2016-01-27T00:10:55.000000;2016-01-27T00:10:55.000000;b039bab6-ef88-4c86-8a08-89318ec5de60;390.63;0.069149;UNKNOWN
2016-01-27T00:11:45.000000;2016-01-27T00:11:45.000000;bac0680d-b325-4b83-bc42-5d43d714d421;390.51;2.26089094;UNKNOWN
2016-01-27T00:11:45.000000;2016-01-27T00:11:45.000000;dfc5ac25-a27e-4a92-81c1-a130ed844e76;390.56;0.3;UNKNOWN
2016-01-27T00:11:52.000000;2016-01-27T00:11:52.000000;6ae8195d-9b5c-4976-921d-6f9ef825c566;391.24;6.43;UNKNOWN
2016-01-27T00:11:52.000000;2016-01-27T00:11:52.000000;23015f83-f91e-4204-a646-0b1a1da0cf28;390.69;0.75;UNKNOWN
2016-01-27T00:11:52.000000;2016-01-27T00:11:52.000000;77184108-9851-410c-83f0-13b4c198c33c;391.0;2.0;UNKNOWN
2016-01-27T00:11:52.000000;2016-01-27T00:11:52.000000;0403442d-b0b9-4f34-bc86-6dffc278c30a;390.68;6.0;UNKNOWN
2016-01-27T00:11:52.000000;2016-01-27T00:11:52.000000;ad44ed13-997f-406f-8479-f179176f4095;391.2;15.0;UNKNOWN
2016-01-27T00:11:52.000000;2016-01-27T00:11:52.000000;ce7c699c-4a56-45e4-8b0a-9af4233d0266;390.69;0.5;UNKNOWN
2016-01-27T00:11:52.000000;2016-01-27T00:11:52.000000;0362689d-3d99-48fe-8dc7-a0485fdfb736;390.69;6.3962;UNKNOWN
2016-01-27T00:12:06.000000;2016-01-27T00:12:06.000000;c384ab96-727f-4c31-b7e3-d4f1384bbed8;390.58;1.01;UNKNOWN
2016-01-27T00:12:06.000000;2016-01-27T00:12:06.000000;d6b1fc2b-b55a-4caa-912d-1ed4f6c72270;390.57;0.37;UNKNOWN
2016-01-27T00:12:06.000000;2016-01-27T00:12:06.000000;3b0d27b3-82c0-4b7e-a53c-038ca4374779;390.56;0.42073653;UNKNOWN
2016-01-27T00:12:07.000000;2016-01-27T00:12:07.000000;c0741383-684a-4646-8fda-0008170115a5;390.57;0.37;UNKNOWN
2016-01-27T00:12:08.000000;2016-01-27T00:12:08.000000;56df5d4e-0de5-48a0-ae0b-4f852be9231a;390.57;0.75;UNKNOWN
2016-01-27T00:12:11.000000;2016-01-27T00:12:11.000000;e18bc147-5975-4ac2-a2b5-e8281f928f9d;390.56;1.05;UNKNOWN
2016-01-27T00:12:11.000000;2016-01-27T00:12:11.000000;db3fde9d-a244-43b6-9129-14b3b0d01db3;390.57;8.95;UNKNOWN
2016-01-27T00:12:13.000000;2016-01-27T00:12:13.000000;e2ca7e3c-8aba-4a26-8176-03560bffafdf;390.55;0.37;UNKNOWN
2016-01-27T00:12:13.000000;2016-01-27T00:12:13.000000;006bcfbe-39d1-4eb9-9b68-11dabbff22d7;390.5;4.29;UNKNOWN
2016-01-27T00:12:17.000000;2016-01-27T00:12:17.000000;ad349817-3347-4bf8-904f-d8474109e165;390.5;9.87;UNKNOWN
2016-01-27T00:12:17.000000;2016-01-27T00:12:17.000000;25f81e0f-49fd-43be-9264-8bfa98be9b59;390.56;0.6;UNKNOWN
2016-01-27T00:12:28.000000;2016-01-27T00:12:28.000000;4fc09cc7-158c-4ba2-9c2f-c1efac6dc770;390.5;3.20825634;UNKNOWN
2016-01-27T00:12:35.000000;2016-01-27T00:12:35.000000;b53c940f-0c3a-4a01-8d43-ee12dccef159;390.35;1.0;UNKNOWN
2016-01-27T00:12:36.000000;2016-01-27T00:12:36.000000;3ea607bf-cef4-432c-8462-6cea9ed526b3;390.41;0.31658;UNKNOWN
2016-01-27T00:12:37.000000;2016-01-27T00:12:37.000000;12aba5fc-f68a-4c90-b132-399e2ec01938;390.35;3.86;UNKNOWN
2016-01-27T00:12:44.000000;2016-01-27T00:12:44.000000;ab2d7d88-6dd7-43d3-b8f8-7801663c0998;390.2;0.03;UNKNOWN
2016-01-27T00:12:44.000000;2016-01-27T00:12:44.000000;faee7d47-2e83-400c-b7db-7824676fb9c4;390.16;1.05;UNKNOWN
2016-01-27T00:12:47.000000;2016-01-27T00:12:47.000000;74dc3bcb-500e-41c9-b373-83199b2d8964;390.17;1.14;UNKNOWN
2016-01-27T00:12:50.000000;2016-01-27T00:12:50.000000;fd862d61-b083-4ccc-8833-7151602bd168;390.0;0.5;UNKNOWN
2016-01-27T00:12:50.000000;2016-01-27T00:12:50.000000;66b6088a-82ba-4ffa-9348-641f558cb9df;390.0;0.01;UNKNOWN
2016-01-27T00:12:50.000000;2016-01-27T00:12:50.000000;959dc035-4b94-423f-b71c-0ead31df796f;390.0;0.5;UNKNOWN
2016-01-27T00:12:50.000000;2016-01-27T00:12:50.000000;4cb781d4-3650-490b-bd6e-71e861dc2739;389.92;1.8099;UNKNOWN
2016-01-27T00:12:50.000000;2016-01-27T00:12:50.000000;64317eb0-492e-41ac-9a4f-a213175c989b;390.01;6.3861;UNKNOWN
2016-01-27T00:12:55.000000;2016-01-27T00:12:55.000000;41cd3917-41f3-4dfb-b913-b4abd64d14f7;389.66;0.571;UNKNOWN
2016-01-27T00:13:00.000000;2016-01-27T00:13:00.000000;a78cf09b-4407-41d3-9acb-88d80c9a5b93;389.66;4.77;UNKNOWN
2016-01-27T00:13:04.000000;2016-01-27T00:13:04.000000;6a46dd15-5293-4015-8fbb-40c2bc3a7226;389.67;3.63;UNKNOWN
2016-01-27T00:13:05.000000;2016-01-27T00:13:05.000000;1cd4581b-a685-4db8-8087-368f7e64124e;389.67;0.5064;UNKNOWN
2016-01-27T00:13:07.000000;2016-01-27T00:13:07.000000;410f7480-d93d-4430-a366-66d5d74ebacb;389.67;4.95;UNKNOWN
2016-01-27T00:13:13.000000;2016-01-27T00:13:13.000000;e7c137f2-00a8-4aaa-849a-044d403716b4;389.66;15.0;UNKNOWN
2016-01-27T00:13:32.000000;2016-01-27T00:13:32.000000;7234913d-8de2-4669-9987-c781e7b9f986;390.24;0.07162942;UNKNOWN
2016-01-27T00:13:49.000000;2016-01-27T00:13:49.000000;f8a4917f-6638-4270-a101-4cae427d90aa;390.19;14.07967774;UNKNOWN
2016-01-27T00:13:49.000000;2016-01-27T00:13:49.000000;113a0860-5624-464e-b42b-58eec1207d8b;390.18;0.5;UNKNOWN
2016-01-27T00:13:49.000000;2016-01-27T00:13:49.000000;a29a47ca-74f8-44c2-b637-865f0e2a201e;390.18;3.0;UNKNOWN
2016-01-27T00:13:49.000000;2016-01-27T00:13:49.000000;e80d8a79-ae8b-4a6b-a73d-4e2aa3f6b134;390.17;0.75;UNKNOWN
2016-01-27T00:13:49.000000;2016-01-27T00:13:49.000000;a90de7bc-3b2c-4476-982c-085d57629bc6;390.18;6.0;UNKNOWN
2016-01-27T00:14:36.000000;2016-01-27T00:14:36.000000;18f7558b-a525-46b9-8ef7-29dfe70517d2;390.24;0.75;UNKNOWN
2016-01-27T00:14:36.000000;2016-01-27T00:14:36.000000;e6bb3e33-dc09-4242-9fb6-2ffe59724392;390.23;6.3478;UNKNOWN
2016-01-27T00:14:36.000000;2016-01-27T00:14:36.000000;a9f8354a-4fa1-4970-9bdf-a037cf041e8e;390.19;9.0;UNKNOWN
2016-01-27T00:14:38.000000;2016-01-27T00:14:38.000000;88e8f2d2-7c62-4fc7-bf35-42aad6be43a8;390.82;0.8;UNKNOWN
2016-01-27T00:14:38.000000;2016-01-27T00:14:38.000000;a5dab680-045d-4367-9ad2-87e89583cbf7;390.81;0.2;UNKNOWN
2016-01-27T00:14:38.000000;2016-01-27T00:14:38.000000;95d6a1d0-5125-411a-8679-d34ba1eec2d6;390.82;1.0;UNKNOWN
2016-01-27T00:15:18.000000;2016-01-27T00:15:18.000000;782f191c-af07-4443-a4ca-687500effce4;390.81;15.0;UNKNOWN
2016-01-27T00:15:18.000000;2016-01-27T00:15:18.000000;3ca6e1cd-36b8-4a82-8cd1-d39885f17e6b;390.0;16.4513;UNKNOWN
2016-01-27T00:15:18.000000;2016-01-27T00:15:18.000000;794cddc2-67aa-4dd4-a13a-7e6ad8194484;390.23;7.9154;UNKNOWN
2016-01-27T00:15:18.000000;2016-01-27T00:15:18.000000;14892e39-34ba-4a76-a3d1-62e47fd28157;389.8;15.37270949;UNKNOWN
2016-01-27T00:15:18.000000;2016-01-27T00:15:18.000000;b7cf7d7c-8a37-46fc-a707-f33ec0fdbd50;390.33;0.555;UNKNOWN
2016-01-27T00:15:18.000000;2016-01-27T00:15:18.000000;edfa401a-4e94-4abd-8bac-ce1d44dd19c2;390.81;0.186;UNKNOWN
2016-01-27T00:15:18.000000;2016-01-27T00:15:18.000000;d18319ba-fe78-4ef3-a254-8cdf60196a81;390.18;0.06924;UNKNOWN
2016-01-27T00:15:18.000000;2016-01-27T00:15:18.000000;f7ef5749-f65d-44f8-b45a-1f626f774e29;390.81;0.75;UNKNOWN
2016-01-27T00:15:39.000000;2016-01-27T00:15:39.000000;fd5a3f5b-6b72-4c1d-b8de-fcab59eb381f;390.38;0.08;UNKNOWN
2016-01-27T00:16:15.000000;2016-01-27T00:16:15.000000;70d53b4b-c860-4d08-bf06-0ac1e3978521;390.7;0.75;UNKNOWN
2016-01-27T00:18:37.000000;2016-01-27T00:18:37.000000;cb8d85a8-c0bc-4ce0-a6c8-9360cf45af7c;390.49;0.2;UNKNOWN
2016-01-27T00:18:39.000000;2016-01-27T00:18:39.000000;4a316aa4-99e0-4188-a2c6-fbcf2d396712;390.49;0.17;UNKNOWN
2016-01-27T00:18:39.000000;2016-01-27T00:18:39.000000;eae46298-abdd-43f2-9f5e-6298fa3040c4;390.29;0.2;UNKNOWN
2016-01-27T00:18:39.000000;2016-01-27T00:18:39.000000;1620514e-33c7-45fa-8b7e-a3b62774c725;390.49;0.37;UNKNOWN
2016-01-27T00:19:05.000000;2016-01-27T00:19:05.000000;74e9da94-82c5-48e2-a542-d9f1f8c0191b;390.37;0.12607069;UNKNOWN
2016-01-27T00:19:17.000000;2016-01-27T00:19:17.000000;19321455-9893-4067-94cc-0c8bcbdcb200;390.43;0.07;UNKNOWN
2016-01-27T00:19:33.000000;2016-01-27T00:19:33.000000;13cd799d-1314-4fce-a79b-d49e13bc5fc8;390.48;17.64;UNKNOWN
2016-01-27T00:19:33.000000;2016-01-27T00:19:33.000000;7306a26a-983f-4e07-ada6-b4a4aa6c2b5d;390.4;0.01;UNKNOWN
2016-01-27T00:20:19.000000;2016-01-27T00:20:19.000000;fc7decdb-bb3b-4747-8530-6924e7d4bd25;390.33;0.03891076;UNKNOWN
2016-01-27T00:21:13.000000;2016-01-27T00:21:13.000000;f392a62c-05f4-4dcf-b997-d00542e23a17;390.42;0.5;UNKNOWN
2016-01-27T00:21:13.000000;2016-01-27T00:21:13.000000;1cfcb4b2-bd66-47ce-80ca-18546c5f19c9;390.27;1.910797;UNKNOWN
2016-01-27T00:21:13.000000;2016-01-27T00:21:13.000000;e3719542-81e8-41e1-8924-c752f68213b3;390.31;0.069203;UNKNOWN
2016-01-27T00:21:13.000000;2016-01-27T00:21:13.000000;7015a429-146f-4308-a02f-563785e721ee;390.41;3.0;UNKNOWN
2016-01-27T00:21:13.000000;2016-01-27T00:21:13.000000;243df594-4496-4c1f-bdc0-35cbeea48b10;390.43;0.44;UNKNOWN
2016-01-27T00:21:13.000000;2016-01-27T00:21:13.000000;5aa2b7d1-c07a-4cf5-afc9-8da2eb4931f3;390.43;0.08;UNKNOWN
2016-01-27T00:26:23.000000;2016-01-27T00:26:23.000000;dddb3b1d-647d-4a59-9c03-065748a6ba1e;390.46;0.37;UNKNOWN
2016-01-27T00:26:23.000000;2016-01-27T00:26:23.000000;dd996b5f-b6b9-461a-b028-b5b636024de3;390.46;0.74;UNKNOWN
2016-01-27T00:26:24.000000;2016-01-27T00:26:24.000000;b33cee09-9094-48fc-8288-96f1e47d105c;390.45;0.17;UNKNOWN
2016-01-27T00:31:06.000000;2016-01-27T00:31:06.000000;329066d9-fca2-4192-88a9-ac7e744b0c29;390.67;6.3844;UNKNOWN
2016-01-27T00:31:06.000000;2016-01-27T00:31:06.000000;c00ebaa6-ef93-456f-8f48-1b02ac49174f;390.67;2.54962202;UNKNOWN
2016-01-27T00:31:06.000000;2016-01-27T00:31:06.000000;d572121a-0e6b-49c4-b8f3-b05f4137674d;390.67;0.64;UNKNOWN
2016-01-27T00:31:06.000000;2016-01-27T00:31:06.000000;f6a59e56-d172-4adc-b723-52eb34c284f9;390.67;0.42597798;UNKNOWN
2016-01-27T00:31:08.000000;2016-01-27T00:31:08.000000;ec5772ea-a154-4f4e-b93b-dcf8a8263e3c;390.65;2.54968702;UNKNOWN
2016-01-27T00:31:08.000000;2016-01-27T00:31:08.000000;4f41166d-9964-4c69-8016-ea766c33e9ad;390.67;0.069277;UNKNOWN
2016-01-27T00:31:08.000000;2016-01-27T00:31:08.000000;119f4a4e-a409-48d8-a442-a9aabff244ef;390.67;2.54991458;UNKNOWN
2016-01-27T00:31:08.000000;2016-01-27T00:31:08.000000;462215f3-54ea-46df-a341-c3c03a867f46;390.67;0.37;UNKNOWN
2016-01-27T00:31:08.000000;2016-01-27T00:31:08.000000;c664bf48-ec89-4634-9c9b-406e060bbedb;390.59;2.33747736;UNKNOWN
2016-01-27T00:31:08.000000;2016-01-27T00:31:08.000000;d5710bf6-0d40-484c-b8b0-a4d25c375982;390.67;2.12364404;UNKNOWN
2016-01-27T00:31:18.000000;2016-01-27T00:31:18.000000;c29204cf-168a-4bed-b491-28f492bf3f9d;390.67;0.069232;UNKNOWN
2016-01-27T00:31:18.000000;2016-01-27T00:31:18.000000;5e7d9a17-3f14-4b36-89fe-c9d80f7f6f2f;390.65;0.130768;UNKNOWN
2016-01-27T00:31:49.000000;2016-01-27T00:31:49.000000;750523da-a89a-41de-9a09-65392a9d2863;390.69;0.068361;UNKNOWN
2016-01-27T00:31:49.000000;2016-01-27T00:31:49.000000;dbd1b156-7b5b-4f88-8ea7-8292bf706d9d;390.5;1.931639;UNKNOWN
2016-01-27T00:32:05.000000;2016-01-27T00:32:05.000000;7c549d9f-1c71-4f83-b296-be3b737ad4d5;390.5;4.5;UNKNOWN
2016-01-27T00:33:52.000000;2016-01-27T00:33:52.000000;85b0ebac-feba-4bbb-bcc5-bb1269136818;390.65;1.53428866;UNKNOWN
2016-01-27T00:34:32.000000;2016-01-27T00:34:32.000000;ebe60314-4b48-47cf-938b-a8bf00f2809c;390.68;0.75;UNKNOWN
2016-01-27T00:34:32.000000;2016-01-27T00:34:32.000000;e02369cd-81aa-46cd-a76b-711ec6456aff;390.79;0.2;UNKNOWN
2016-01-27T00:34:32.000000;2016-01-27T00:34:32.000000;addfbeb9-4151-4b74-9a2e-4128a19c1d14;390.69;0.2;UNKNOWN
2016-01-27T00:34:32.000000;2016-01-27T00:34:32.000000;69e29560-9dd4-4f96-b0c4-99ffcdbc94c9;391.01;2.38330588;UNKNOWN
2016-01-27T00:34:32.000000;2016-01-27T00:34:32.000000;8e353b3c-4adf-4f15-8df3-708281aa23be;390.9;0.01;UNKNOWN
2016-01-27T00:34:32.000000;2016-01-27T00:34:32.000000;f0296d3b-9d25-4c97-b866-eb75691a5fab;390.67;6.341;UNKNOWN
2016-01-27T00:34:32.000000;2016-01-27T00:34:32.000000;391aa249-b054-4723-85b5-c6dcea6f39cf;390.9;0.2;UNKNOWN
2016-01-27T00:34:32.000000;2016-01-27T00:34:32.000000;3d767b84-913d-4323-a795-5cce1280f594;390.7;0.2;UNKNOWN
2016-01-27T00:34:32.000000;2016-01-27T00:34:32.000000;331bc979-1f4b-43d3-954f-d127e9cce4a9;390.79;0.2;UNKNOWN
2016-01-27T00:35:05.000000;2016-01-27T00:35:05.000000;ad74aa35-07c2-49dd-a00c-7eaa7ccd511c;390.72;6.303;UNKNOWN
2016-01-27T00:35:05.000000;2016-01-27T00:35:05.000000;20259706-3152-4ba8-887e-f9fd61a99573;390.69;0.37;UNKNOWN
2016-01-27T00:35:05.000000;2016-01-27T00:35:05.000000;6e328763-51cf-4a81-b18c-8e98b7c840a6;390.71;0.37;UNKNOWN
2016-01-27T00:35:05.000000;2016-01-27T00:35:05.000000;cd14740e-45c5-4fb7-9bd3-8f9080392f24;390.56;2.587;UNKNOWN
2016-01-27T00:35:05.000000;2016-01-27T00:35:05.000000;4c6b1d66-86e0-479e-88e7-e2f4f72b356e;390.71;0.37;UNKNOWN
2016-01-27T00:35:06.000000;2016-01-27T00:35:06.000000;8c5e032c-8fa1-416a-a416-fde43296b0dc;390.73;0.37;UNKNOWN
2016-01-27T00:35:06.000000;2016-01-27T00:35:06.000000;9b2cdc87-78e6-4592-bc38-23a45e2a9226;390.56;5.3425;UNKNOWN
2016-01-27T00:35:06.000000;2016-01-27T00:35:06.000000;b796d56f-1608-4a00-a5f0-e0315846da6d;390.55;0.2875;UNKNOWN
2016-01-27T00:35:12.000000;2016-01-27T00:35:12.000000;eab3a3d7-a655-475c-93a2-48e6281bff4c;390.56;0.04614562;UNKNOWN
2016-01-27T00:36:35.000000;2016-01-27T00:36:35.000000;41d3c780-163b-4967-8c46-1be3232938c1;391.1;0.01;UNKNOWN
2016-01-27T00:36:35.000000;2016-01-27T00:36:35.000000;50ba5c76-4286-4199-9507-d5d2c0143360;391.24;3.0;UNKNOWN
2016-01-27T00:36:35.000000;2016-01-27T00:36:35.000000;c121536d-253e-4ada-9da0-e4f8ae0a2ed4;391.29;5.61315171;UNKNOWN
2016-01-27T00:36:58.000000;2016-01-27T00:36:58.000000;3e00697b-09cc-4aa5-ba04-99ba99a66f4b;390.84;0.25;UNKNOWN
2016-01-27T00:39:26.000000;2016-01-27T00:39:26.000000;0a6207df-4f6d-41ea-90c1-2c7f3c9a3fdf;390.98;0.7632704;UNKNOWN
2016-01-27T00:40:14.000000;2016-01-27T00:40:14.000000;25207999-8970-4cd6-a93b-886c5f7e4932;391.01;3.8;UNKNOWN
2016-01-27T00:43:22.000000;2016-01-27T00:43:22.000000;8b3c2fb0-e6be-47b1-a0ae-11102ae7f8c4;391.29;0.25338265;UNKNOWN
2016-01-27T00:43:22.000000;2016-01-27T00:43:22.000000;16c518a4-2811-4c51-b428-dd7286a09d37;391.29;1.0;UNKNOWN
2016-01-27T00:43:22.000000;2016-01-27T00:43:22.000000;722d746c-b6d8-420e-af86-1989801c2676;391.29;0.37;UNKNOWN
2016-01-27T00:43:22.000000;2016-01-27T00:43:22.000000;8545f03b-26c7-492c-b617-d371bd863664;391.29;0.5;UNKNOWN
2016-01-27T00:44:05.000000;2016-01-27T00:44:05.000000;82c2025b-dfcb-4e65-9ee9-c964f41bd87e;391.3;0.01;UNKNOWN
2016-01-27T00:44:05.000000;2016-01-27T00:44:05.000000;48371779-caec-486e-9c91-84afb3a66998;391.7;0.01;UNKNOWN
2016-01-27T00:44:05.000000;2016-01-27T00:44:05.000000;79da1bac-cba6-4ec5-aa60-78bea25429d4;391.5;0.01;UNKNOWN
2016-01-27T00:44:05.000000;2016-01-27T00:44:05.000000;bba17d34-1cb8-47f4-8879-462a5c8e4bb7;391.71;0.68164194;UNKNOWN
2016-01-27T00:44:53.000000;2016-01-27T00:44:53.000000;24be5b6d-ccbc-4480-b594-968871482af7;391.29;1.45820753;UNKNOWN
2016-01-27T00:44:53.000000;2016-01-27T00:44:53.000000;5b754d1a-722c-4cbc-8ef6-bd89240c0a4b;391.31;0.37;UNKNOWN
2016-01-27T00:44:53.000000;2016-01-27T00:44:53.000000;55d555a2-cb66-4c00-960e-4e4205c0e12d;391.3;0.36;UNKNOWN
2016-01-27T00:44:53.000000;2016-01-27T00:44:53.000000;5e444084-f6d9-4eb5-acb0-391c3ec06c36;391.29;0.37;UNKNOWN
2016-01-27T00:46:05.000000;2016-01-27T00:46:05.000000;84d1b6f6-6cc0-44e3-924a-b511f7c8d79e;391.31;0.17110642;UNKNOWN
2016-01-27T00:46:05.000000;2016-01-27T00:46:05.000000;456579ea-d20d-4c21-9d93-e3fea12fd2c8;391.31;6.20749358;UNKNOWN
2016-01-27T00:46:05.000000;2016-01-27T00:46:05.000000;48aa54b4-bf1c-4107-b983-c1e6fb687233;391.32;0.37;UNKNOWN
2016-01-27T00:46:05.000000;2016-01-27T00:46:05.000000;e8263e64-fd6f-4119-b711-b4f6b12f34f5;391.3;0.13250642;UNKNOWN
2016-01-27T00:46:28.000000;2016-01-27T00:46:28.000000;7ecdfebd-5b10-4877-86bd-da5a73dea3e7;391.32;0.37;UNKNOWN
2016-01-27T00:46:28.000000;2016-01-27T00:46:28.000000;10354da3-bdde-459f-9e6d-3112f3010f46;391.31;2.74;UNKNOWN
2016-01-27T00:46:39.000000;2016-01-27T00:46:39.000000;9746ea85-b7f3-44ba-9f52-9bc6fc1730e9;391.3;1.81;UNKNOWN
2016-01-27T00:47:05.000000;2016-01-27T00:47:05.000000;c0717e05-2d61-4b10-9146-b4237f7ecfe2;391.32;0.37;UNKNOWN
2016-01-27T00:47:05.000000;2016-01-27T00:47:05.000000;3e2b11aa-e76f-49b9-b401-553a67e3e318;391.3;0.2741;UNKNOWN
2016-01-27T00:47:05.000000;2016-01-27T00:47:05.000000;85f2adaa-b073-4392-8303-e9904389b798;391.31;6.3559;UNKNOWN
2016-01-27T00:47:29.000000;2016-01-27T00:47:29.000000;d7066e1d-e544-49f9-9220-bdd7c4edde19;391.71;4.0;UNKNOWN
2016-01-27T00:47:34.000000;2016-01-27T00:47:34.000000;b799cf2a-775e-4135-8a09-fa5cb911258e;391.81;0.5819;UNKNOWN
2016-01-27T00:47:45.000000;2016-01-27T00:47:45.000000;833a82c8-fb3d-4b05-bbdd-c9ccb88a7846;391.79;2.0;UNKNOWN
2016-01-27T00:48:32.000000;2016-01-27T00:48:32.000000;a30d1871-a1e4-4a46-8832-88869a59e570;391.46;0.03069613;UNKNOWN
2016-01-27T00:49:22.000000;2016-01-27T00:49:22.000000;450f2a66-075d-40ac-9e4f-31ab8ed1f64e;391.41;0.04603479;UNKNOWN
2016-01-27T00:49:25.000000;2016-01-27T00:49:25.000000;1330103d-6bf6-4d2d-aae4-59879ac77723;391.41;0.09303589;UNKNOWN
2016-01-27T00:50:24.000000;2016-01-27T00:50:24.000000;d73e7fdd-bee4-4c77-b27d-5d3fe536d7f9;391.43;0.04116642;UNKNOWN
2016-01-27T00:50:54.000000;2016-01-27T00:50:54.000000;bd472fdf-ab71-4c2a-b7a6-694df2af1911;391.44;5.75;UNKNOWN
2016-01-27T00:50:54.000000;2016-01-27T00:50:54.000000;804358d7-aa37-4221-a0bf-bef68ac17d4e;391.45;0.37;UNKNOWN
2016-01-27T00:50:57.000000;2016-01-27T00:50:57.000000;0f88faf0-7493-4d0a-bfb2-dd6e7fdede68;391.45;0.5;UNKNOWN
2016-01-27T00:50:57.000000;2016-01-27T00:50:57.000000;705d0085-28c6-47cb-abe2-f39a42e8b319;391.43;2.34116642;UNKNOWN
2016-01-27T00:50:57.000000;2016-01-27T00:50:57.000000;06ffaf6f-62d4-4901-8fbd-0b9460351540;391.43;0.32883358;UNKNOWN
2016-01-27T00:51:04.000000;2016-01-27T00:51:04.000000;e38e6e1c-81d2-4d85-8b13-9584445d0fde;391.34;2.82;UNKNOWN
2016-01-27T00:51:04.000000;2016-01-27T00:51:04.000000;be964ee6-13fa-40fe-bbe4-a11e91ce541b;391.4;1.1;UNKNOWN
2016-01-27T00:51:22.000000;2016-01-27T00:51:22.000000;ea7b1207-96d6-49fd-9f8d-33cac3b08400;391.33;0.1184814;UNKNOWN
2016-01-27T00:51:30.000000;2016-01-27T00:51:30.000000;5bbbdd64-9694-48d4-948d-92bdbaff48ea;391.31;0.12834902;UNKNOWN
2016-01-27T00:51:41.000000;2016-01-27T00:51:41.000000;5fc8e64b-11c7-4853-9b7d-bf52fdf88461;391.36;0.47372068;UNKNOWN
2016-01-27T00:51:41.000000;2016-01-27T00:51:41.000000;738138e0-6a30-487c-be83-8e1b986a039f;391.37;6.3691;UNKNOWN
2016-01-27T00:54:05.000000;2016-01-27T00:54:05.000000;3059c837-6352-454f-afc0-62aa77d91f65;391.33;0.33;UNKNOWN
2016-01-27T00:54:05.000000;2016-01-27T00:54:05.000000;5fab4f1d-a455-4ca2-b02f-5b5810155dd4;391.33;0.37;UNKNOWN
2016-01-27T00:54:56.000000;2016-01-27T00:54:56.000000;01a96fcf-f302-4f56-8eda-f2cf5dac034d;391.31;0.33;UNKNOWN
2016-01-27T00:55:00.000000;2016-01-27T00:55:00.000000;779f2dcb-99ed-4c2c-aaba-2c9b7f125fa6;391.32;0.37;UNKNOWN
2016-01-27T00:55:02.000000;2016-01-27T00:55:02.000000;3c6a3f20-c2d1-45d2-8131-7aa98fcd82ff;391.31;0.73;UNKNOWN
2016-01-27T00:55:23.000000;2016-01-27T00:55:23.000000;72b5efcd-59fd-469b-bf5e-9be267221e97;391.32;0.14308;UNKNOWN
2016-01-27T00:56:04.000000;2016-01-27T00:56:04.000000;d54b8abe-78c1-4434-aac5-ac2d7bd5d330;391.6;0.1;UNKNOWN
2016-01-27T00:56:24.000000;2016-01-27T00:56:24.000000;6faf420a-ea62-4b2c-a040-f7b40abe0807;391.32;0.22692;UNKNOWN
2016-01-27T00:56:24.000000;2016-01-27T00:56:24.000000;7d2a7b8c-2a32-4a61-8ef5-abc5adeab44d;391.32;0.12308;UNKNOWN
2016-01-27T00:56:51.000000;2016-01-27T00:56:51.000000;f64b02cd-ee11-4b60-bb2d-5422f0f55472;391.33;0.02;UNKNOWN
2016-01-27T00:56:51.000000;2016-01-27T00:56:51.000000;10d1a6f5-1bd4-42f3-b2ce-c926d6cf133e;391.31;0.32;UNKNOWN
2016-01-27T00:57:49.000000;2016-01-27T00:57:49.000000;9686c3fe-9a41-4cff-a1c9-46b108203c89;391.64;0.2607;UNKNOWN
2016-01-27T00:57:49.000000;2016-01-27T00:57:49.000000;1f07e164-f72f-4c47-bf0a-068f4a823959;391.64;0.5;UNKNOWN
2016-01-27T00:59:18.000000;2016-01-27T00:59:18.000000;de676015-89db-49aa-b8f5-ad87f3f688b7;391.71;0.5;UNKNOWN
2016-01-27T00:59:22.000000;2016-01-27T00:59:22.000000;a7e22e3c-3d03-4eeb-b9d2-d32b05f4e1ae;391.31;0.02529532;UNKNOWN
2016-01-27T01:00:14.000000;2016-01-27T01:00:14.000000;d9a9bfd7-3f4c-4c07-bf2b-ca52820732c2;391.31;0.03913954;UNKNOWN
2016-01-27T01:00:18.000000;2016-01-27T01:00:18.000000;81426f2d-589e-421a-8d3d-56a5fd08076e;391.31;0.10086118;UNKNOWN
2016-01-27T01:01:34.000000;2016-01-27T01:01:34.000000;5905e07c-90c7-4446-b070-8250d04f88e0;391.31;0.32635494;UNKNOWN
2016-01-27T01:01:34.000000;2016-01-27T01:01:34.000000;35369ee3-ff14-41c9-924c-5745eb61008a;391.31;0.17364506;UNKNOWN
2016-01-27T01:02:05.000000;2016-01-27T01:02:05.000000;5a0bfcce-3c74-4efb-9239-7742c3854c65;391.31;0.09504;UNKNOWN
2016-01-27T01:03:05.000000;2016-01-27T01:03:05.000000;a8ceb04d-0114-430e-85d4-2fd6e9a836e1;391.32;1.23905748;UNKNOWN
2016-01-27T01:03:05.000000;2016-01-27T01:03:05.000000;2b1d6c69-dcf5-40a8-98a4-f6f1fd8ebec2;391.32;0.03864252;UNKNOWN
2016-01-27T01:03:05.000000;2016-01-27T01:03:05.000000;67542ade-ae1c-4e63-8da0-137127c1c27a;391.32;0.26135748;UNKNOWN
2016-01-27T01:03:29.000000;2016-01-27T01:03:29.000000;dcf03860-11ff-4870-b3c8-2a609b5f2324;391.31;0.73131494;UNKNOWN
2016-01-27T01:03:32.000000;2016-01-27T01:03:32.000000;05839467-2774-4dba-bc17-0047c43969ce;391.07;3.1;UNKNOWN
2016-01-27T01:03:39.000000;2016-01-27T01:03:39.000000;43b752c9-5f83-415f-bd94-a9c2193c6a3f;391.07;0.52;UNKNOWN
2016-01-27T01:03:42.000000;2016-01-27T01:03:42.000000;315967a1-c886-4875-8b87-5bbc4d43e9ce;391.07;0.65;UNKNOWN
2016-01-27T01:06:22.000000;2016-01-27T01:06:22.000000;dad8e080-0f4d-4479-b58c-314a34894677;391.08;0.2754;UNKNOWN
2016-01-27T01:07:05.000000;2016-01-27T01:07:05.000000;8aca4ce2-29e8-489b-a8c0-817b86549f5e;391.38;0.60443769;UNKNOWN
2016-01-27T01:07:24.000000;2016-01-27T01:07:24.000000;d074a731-05db-44cb-816d-3d510bc10340;391.16;0.5;UNKNOWN
2016-01-27T01:09:37.000000;2016-01-27T01:09:37.000000;ec00ca72-d8d3-42bf-9d3e-439dccc06542;391.16;0.03184409;UNKNOWN
2016-01-27T01:12:05.000000;2016-01-27T01:12:05.000000;e02e17d0-bd84-4520-a733-3c23403d2b6a;391.11;3.39;UNKNOWN
2016-01-27T01:12:05.000000;2016-01-27T01:12:05.000000;671421d0-feda-4174-99c5-9fc8a33f8a37;391.18;1.24;UNKNOWN
2016-01-27T01:12:05.000000;2016-01-27T01:12:05.000000;fcdc9447-35d9-4804-a40e-00404cc538d8;391.16;0.37;UNKNOWN
2016-01-27T01:12:24.000000;2016-01-27T01:12:24.000000;eb965f19-bb6d-4d58-b147-8f3f11f9fd8c;391.12;0.15176809;UNKNOWN
2016-01-27T01:14:13.000000;2016-01-27T01:14:13.000000;2205546a-6bf8-47bd-81a7-d9fed2b6af2f;391.38;1.0;UNKNOWN
2016-01-27T01:19:41.000000;2016-01-27T01:19:41.000000;d11e0b1b-5530-4cbf-aed2-034c2bbdce2b;391.5;1.0;UNKNOWN
2016-01-27T01:19:41.000000;2016-01-27T01:19:41.000000;c4ed6630-cde4-465d-9ec1-dcfca4dd1340;391.42;0.2;UNKNOWN
2016-01-27T01:19:41.000000;2016-01-27T01:19:41.000000;77479d89-c760-4453-b12c-5bc693118dd0;391.85;4.8;UNKNOWN
2016-01-27T01:20:18.000000;2016-01-27T01:20:18.000000;1e7afa47-a131-40e2-97ec-1df656eeb544;391.98;2.58;UNKNOWN
2016-01-27T01:20:32.000000;2016-01-27T01:20:32.000000;10410dcc-7f32-4bd0-9dbe-d795c42bf6ed;392.0;0.1;UNKNOWN
2016-01-27T01:20:50.000000;2016-01-27T01:20:50.000000;3bff923d-bf99-4ebd-8b1d-c0bac2159220;391.96;0.1;UNKNOWN
2016-01-27T01:21:10.000000;2016-01-27T01:21:10.000000;0300c993-0afb-43c3-9f66-e7ba2b2816e7;391.6;0.05180252;UNKNOWN
2016-01-27T01:21:40.000000;2016-01-27T01:21:40.000000;9505697c-ba88-4e57-95fc-cce25bc674dc;391.6;0.10936364;UNKNOWN
2016-01-27T01:22:43.000000;2016-01-27T01:22:43.000000;2a60eee9-5b4b-4fb3-98af-77c25e09bd52;391.6;0.12914397;UNKNOWN
2016-01-27T01:22:51.000000;2016-01-27T01:22:51.000000;5f81e69c-5fc1-494d-a2b5-897654ef9f5f;391.47;0.04831176;UNKNOWN
2016-01-27T01:23:08.000000;2016-01-27T01:23:08.000000;be3900ee-122d-4757-9aad-5eb2d680df69;391.94;1.2997;UNKNOWN
2016-01-27T01:23:10.000000;2016-01-27T01:23:10.000000;8fbe0ea3-a3df-44d3-a7c0-decea69ce233;391.51;0.04638122;UNKNOWN
2016-01-27T01:23:24.000000;2016-01-27T01:23:24.000000;ad211f7c-6b8d-4c91-ae3f-a2dfb5258ff1;391.98;0.5;UNKNOWN
2016-01-27T01:23:24.000000;2016-01-27T01:23:24.000000;fad577c8-67a1-4372-9aec-871e8ba17fbd;392.0;0.15;UNKNOWN
2016-01-27T01:23:24.000000;2016-01-27T01:23:24.000000;653b297f-cc82-45fd-8f7d-b6b2ee2347e1;391.99;18.0;UNKNOWN
2016-01-27T01:23:24.000000;2016-01-27T01:23:24.000000;21da50f3-caa1-4043-a855-bf5c219c4f3a;391.98;3.0;UNKNOWN
2016-01-27T01:23:24.000000;2016-01-27T01:23:24.000000;685b2c36-17e7-488a-b95b-75e7a1bf7c36;392.0;6.5;UNKNOWN
2016-01-27T01:23:42.000000;2016-01-27T01:23:42.000000;af3f7298-311c-47c5-ad0f-cdd824e11c3a;391.7;0.04222057;UNKNOWN
2016-01-27T01:23:59.000000;2016-01-27T01:23:59.000000;3ff49efa-23fe-47ba-86a1-33f9f2e673c0;391.78;0.07789596;UNKNOWN
2016-01-27T01:24:13.000000;2016-01-27T01:24:13.000000;d7bcc421-7a9b-438b-a077-98d8e016508b;391.57;0.04154264;UNKNOWN
2016-01-27T01:24:43.000000;2016-01-27T01:24:43.000000;8c598353-c52d-46e4-9706-a26de5ed041b;391.69;0.0618647;UNKNOWN
2016-01-27T01:25:41.000000;2016-01-27T01:25:41.000000;5cdb41fe-0c92-4338-946d-fbe5999b33c1;391.68;0.050994;UNKNOWN
2016-01-27T01:26:05.000000;2016-01-27T01:26:05.000000;a0b35c16-cbc2-4b73-8c06-ebceb515d5c0;391.66;0.3399938;UNKNOWN
2016-01-27T01:26:05.000000;2016-01-27T01:26:05.000000;485b34cf-30a0-4a10-9a17-8f243193674d;391.68;0.319006;UNKNOWN
2016-01-27T01:26:23.000000;2016-01-27T01:26:23.000000;069985a9-928f-4159-be5b-47d69949574b;391.66;0.0300062;UNKNOWN
2016-01-27T01:26:23.000000;2016-01-27T01:26:23.000000;357ca54e-ecd0-43be-b11c-df733faa7d6c;391.41;0.22561752;UNKNOWN
2016-01-27T01:26:40.000000;2016-01-27T01:26:40.000000;a87feafc-b884-4292-8bc6-37d42475c984;391.5;0.03851393;UNKNOWN
2016-01-27T01:26:51.000000;2016-01-27T01:26:51.000000;e195c42a-3c6e-4e8c-a2f5-5bd4d345f9b1;391.62;0.10226256;UNKNOWN
2016-01-27T01:26:58.000000;2016-01-27T01:26:58.000000;4accd28e-2657-4d94-9fe3-3f57d746de14;392.0;2.551;UNKNOWN
2016-01-27T01:27:15.000000;2016-01-27T01:27:15.000000;e88aa27a-e0e9-4319-8212-dce525471aac;392.0;0.2;UNKNOWN
2016-01-27T01:27:54.000000;2016-01-27T01:27:54.000000;86210ce3-ed87-4c73-88e6-be7b8d3242b9;391.76;0.05863066;UNKNOWN
2016-01-27T01:27:57.000000;2016-01-27T01:27:57.000000;f77501cd-0748-4bf2-b861-ed8afb8d3aee;391.74;0.05647727;UNKNOWN
2016-01-27T01:28:00.000000;2016-01-27T01:28:00.000000;03e4fa22-8854-472a-82fd-b6aa5c70439e;391.71;0.1292005;UNKNOWN
2016-01-27T01:28:23.000000;2016-01-27T01:28:23.000000;4ef9c4e9-2c3c-4291-8a9a-dbd9b68b233e;391.7;0.025;UNKNOWN
2016-01-27T01:28:23.000000;2016-01-27T01:28:23.000000;1eb86609-965c-4988-95b0-f6497d9b127d;391.51;0.01592841;UNKNOWN
2016-01-27T01:28:50.000000;2016-01-27T01:28:50.000000;d2640bfe-6836-4272-a524-27ba1d585aa4;391.57;0.04371334;UNKNOWN
2016-01-27T01:29:23.000000;2016-01-27T01:29:23.000000;7a2f620e-9f91-409b-8b13-d54533f00439;391.6;0.0998;UNKNOWN
2016-01-27T01:29:53.000000;2016-01-27T01:29:53.000000;263f4613-517a-406c-b6a6-d893a44c9432;391.64;0.11421922;UNKNOWN
2016-01-27T01:30:59.000000;2016-01-27T01:30:59.000000;5abfee63-3424-4120-918d-0a6536cb6f0f;391.53;0.03431627;UNKNOWN
2016-01-27T01:31:24.000000;2016-01-27T01:31:24.000000;8eb49e91-6e03-4d7d-82f0-50fd2c298513;391.59;0.09604856;UNKNOWN
2016-01-27T01:31:28.000000;2016-01-27T01:31:28.000000;79cfcef4-18bd-44e4-9461-bf1bc4ce314d;391.59;0.0597959;UNKNOWN
2016-01-27T01:31:31.000000;2016-01-27T01:31:31.000000;6ab0189c-d684-4a9b-83bd-180e1c53d7f2;391.59;0.12915277;UNKNOWN
2016-01-27T01:31:34.000000;2016-01-27T01:31:34.000000;544032ec-1948-4001-bdf5-d4dfa68aa57e;391.53;0.07022099;UNKNOWN
2016-01-27T01:31:34.000000;2016-01-27T01:31:34.000000;16efd874-51fe-4b18-9c33-79d20b73af69;391.59;0.00500277;UNKNOWN
2016-01-27T01:31:58.000000;2016-01-27T01:31:58.000000;93ea786e-dd1e-4857-8e7e-70a6c1db22d6;391.6;0.03233879;UNKNOWN
2016-01-27T01:32:01.000000;2016-01-27T01:32:01.000000;48dde4c4-32ad-4d54-ae97-59bdc9a34be8;391.59;0.07361614;UNKNOWN
2016-01-27T01:32:01.000000;2016-01-27T01:32:01.000000;9b461f1b-8292-483a-9cd9-fe6a1ca0b981;391.6;0.03766121;UNKNOWN
2016-01-27T01:32:12.000000;2016-01-27T01:32:12.000000;7f91612b-34c7-4012-84bf-936780d4e89e;391.54;0.03630706;UNKNOWN
2016-01-27T01:32:13.000000;2016-01-27T01:32:13.000000;1e2cc79c-2163-402a-8c0c-c7a807361704;391.55;0.10082595;UNKNOWN
2016-01-27T01:34:17.000000;2016-01-27T01:34:17.000000;8ae9a64e-825b-4ef5-91bf-29e74fc36199;391.67;3.0;UNKNOWN
2016-01-27T01:34:17.000000;2016-01-27T01:34:17.000000;31d50b58-ba1d-46c2-9698-d8ee7591381a;391.37;0.05;UNKNOWN
2016-01-27T01:34:17.000000;2016-01-27T01:34:17.000000;09862141-8498-4a15-a455-1be5048b7362;391.37;1.51342154;UNKNOWN
2016-01-27T01:34:17.000000;2016-01-27T01:34:17.000000;02ca723b-a28b-4e7e-8f5d-fa273551f743;391.67;0.5;UNKNOWN
2016-01-27T01:34:17.000000;2016-01-27T01:34:17.000000;25e58bb5-3768-44c1-b01f-b973492d51e1;391.56;0.37;UNKNOWN
2016-01-27T01:35:05.000000;2016-01-27T01:35:05.000000;f310c76e-390d-48a0-a1ba-10c5593cece6;391.51;4.0;UNKNOWN
2016-01-27T01:36:09.000000;2016-01-27T01:36:09.000000;64ad20f1-5bde-4eea-8750-637639476bf8;391.45;0.287704;UNKNOWN
2016-01-27T01:38:05.000000;2016-01-27T01:38:05.000000;8cbfbd6d-7903-496d-a43d-c21fbf60db46;391.88;1.34384746;UNKNOWN
2016-01-27T01:39:06.000000;2016-01-27T01:39:06.000000;7a71dae6-5095-4a82-a6a2-8bc714c24172;391.99;1.49512701;UNKNOWN
2016-01-27T01:39:41.000000;2016-01-27T01:39:41.000000;40adbb8e-f442-4192-80f3-8562005af824;391.98;0.9393;UNKNOWN
2016-01-27T01:39:44.000000;2016-01-27T01:39:44.000000;d4aca773-cca5-43f3-9654-cdcfc2fd98cf;392.0;0.4422;UNKNOWN
2016-01-27T01:40:43.000000;2016-01-27T01:40:43.000000;8db20ac8-00a7-4e9c-8751-9d47e00fcf45;392.0;0.3068;UNKNOWN
2016-01-27T01:40:43.000000;2016-01-27T01:40:43.000000;1ac84e3d-1458-4eb0-92e2-ea1c8840bd16;392.0;0.5;UNKNOWN
2016-01-27T01:40:43.000000;2016-01-27T01:40:43.000000;a1795f34-a592-4bbe-8996-444839352d12;392.0;0.0224;UNKNOWN
2016-01-27T01:40:43.000000;2016-01-27T01:40:43.000000;871e9143-ac9a-4e7e-a4cf-32bf340bb573;392.0;1.0;UNKNOWN
2016-01-27T01:41:21.000000;2016-01-27T01:41:21.000000;3b820c2a-e8b1-4e80-8e2a-1588bc804366;392.07;0.0141749;UNKNOWN
2016-01-27T01:42:45.000000;2016-01-27T01:42:45.000000;9d23e926-435e-4173-ab2d-f36fbe8a40f1;392.0;0.1708;UNKNOWN
2016-01-27T01:46:03.000000;2016-01-27T01:46:03.000000;6f75469c-8fd9-4c9c-857a-9261fd86ba84;391.81;0.07872035;UNKNOWN
2016-01-27T01:47:05.000000;2016-01-27T01:47:05.000000;fc00e7c4-a226-46ca-90ff-ebbd82f07a0b;391.89;1.67;UNKNOWN
2016-01-27T01:47:23.000000;2016-01-27T01:47:23.000000;97c41d3c-6a0c-4094-a257-49bcf4ce17c8;391.78;2.54745;UNKNOWN
2016-01-27T01:48:43.000000;2016-01-27T01:48:43.000000;09fd61b6-f830-4d5a-8266-7a238d0ae1ba;391.69;0.71310195;UNKNOWN
2016-01-27T01:49:27.000000;2016-01-27T01:49:27.000000;d36e7899-486b-489f-9a0d-774247c04c58;391.89;3.0;UNKNOWN
2016-01-27T01:49:27.000000;2016-01-27T01:49:27.000000;9eb99b4d-b3c8-43a9-b97e-e9ca5e0c4d13;391.88;1.5;UNKNOWN
2016-01-27T01:49:27.000000;2016-01-27T01:49:27.000000;a1e9f69a-f1a2-44a2-a3dc-f8b74ef80366;391.89;0.5;UNKNOWN
2016-01-27T01:49:54.000000;2016-01-27T01:49:54.000000;8a889edc-3355-4d2f-afe7-8587ad452488;392.0;0.4708;UNKNOWN
2016-01-27T01:49:54.000000;2016-01-27T01:49:54.000000;a10748b6-a7a4-4274-b9b5-5e80d509585d;392.0;0.3292;UNKNOWN
2016-01-27T01:49:54.000000;2016-01-27T01:49:54.000000;d681a204-d60f-429c-8cf9-e111d1f38c0e;391.94;0.2;UNKNOWN
2016-01-27T01:50:02.000000;2016-01-27T01:50:02.000000;b7233786-1148-419a-b33a-025f59d19e87;391.97;0.25559209;UNKNOWN
2016-01-27T01:50:47.000000;2016-01-27T01:50:47.000000;ca14da01-680c-4966-9cc0-581f9921a8dd;391.84;0.32128963;UNKNOWN
2016-01-27T01:51:04.000000;2016-01-27T01:51:04.000000;c1aba9fe-f39c-479c-9776-f6abf1eafd30;392.0;0.1982352;UNKNOWN
2016-01-27T01:51:04.000000;2016-01-27T01:51:04.000000;6cbbf704-6dae-436f-8a39-1328c1991bb1;392.3;3.0;UNKNOWN
2016-01-27T01:51:04.000000;2016-01-27T01:51:04.000000;71274bcf-1dfd-49d4-b58d-4fba315b4ec0;392.3;3.0;UNKNOWN
2016-01-27T01:51:04.000000;2016-01-27T01:51:04.000000;82978d24-332e-44ca-b7cd-fa9a7275e9b3;392.29;6.367;UNKNOWN
2016-01-27T01:51:04.000000;2016-01-27T01:51:04.000000;e6aa2420-98d5-4522-b24c-3003ecddbfab;392.0;0.0292;UNKNOWN
2016-01-27T01:51:04.000000;2016-01-27T01:51:04.000000;82f054eb-5d5d-4c3d-999b-b64450e102c0;392.1;0.01;UNKNOWN
2016-01-27T01:51:04.000000;2016-01-27T01:51:04.000000;b8c33967-1ead-4b6d-b473-46763e212efb;391.99;3.8;UNKNOWN
2016-01-27T01:51:15.000000;2016-01-27T01:51:15.000000;eda68ff2-333b-4252-8924-fb3a6c0ae3ae;392.5;0.265;UNKNOWN
2016-01-27T01:51:43.000000;2016-01-27T01:51:43.000000;f598e23b-e3c5-4d8b-a077-62e7f089c3fa;392.37;0.0260322;UNKNOWN
2016-01-27T01:51:46.000000;2016-01-27T01:51:46.000000;ee978d32-96a2-4270-917c-c46e58ea4ac5;392.56;2.9591;UNKNOWN
2016-01-27T01:51:46.000000;2016-01-27T01:51:46.000000;82c0d012-3522-4329-ab5c-df323c1140dd;392.5;0.235;UNKNOWN
2016-01-27T01:52:05.000000;2016-01-27T01:52:05.000000;3be2137c-2478-4453-9bb1-d57b82e9f614;392.43;0.5;UNKNOWN
2016-01-27T01:52:05.000000;2016-01-27T01:52:05.000000;9ad0aa97-791a-42da-b412-d2b69cb84a15;392.42;0.45159142;UNKNOWN
2016-01-27T01:52:05.000000;2016-01-27T01:52:05.000000;d903663d-0900-413e-a307-19fefd903543;392.43;3.0;UNKNOWN
2016-01-27T01:53:17.000000;2016-01-27T01:53:17.000000;17040774-5302-49c5-9dcd-8a57f9114d58;392.52;5.35725196;UNKNOWN
2016-01-27T01:53:17.000000;2016-01-27T01:53:17.000000;02008290-b9d4-4ffe-8c2b-a52556998cb6;392.51;0.5;UNKNOWN
2016-01-27T01:53:17.000000;2016-01-27T01:53:17.000000;1b837a9c-1031-4ac8-9bd9-c1b4c3140bb6;392.52;3.0;UNKNOWN
2016-01-27T01:53:17.000000;2016-01-27T01:53:17.000000;7bbab2dd-9ff8-445b-b46f-24f368d06586;392.38;0.197;UNKNOWN
2016-01-27T01:54:05.000000;2016-01-27T01:54:05.000000;592d1da6-aa88-4db5-8d1d-55fd90cc8a2a;391.94;0.05;UNKNOWN
2016-01-27T01:54:06.000000;2016-01-27T01:54:06.000000;a5fab086-18ff-4950-b647-fc938f845ef4;392.56;1.79;UNKNOWN
2016-01-27T01:54:06.000000;2016-01-27T01:54:06.000000;764dccf9-2914-4f1c-92cb-0313e16c9a82;392.55;0.21;UNKNOWN
2016-01-27T01:54:15.000000;2016-01-27T01:54:15.000000;ce09a165-bdb8-4b4d-9b59-fcfbf8e634fb;392.04;0.497;UNKNOWN
2016-01-27T01:56:23.000000;2016-01-27T01:56:23.000000;3a71c1aa-7e8d-44e2-9a7a-fab3b0a3c89e;392.35;0.12634558;UNKNOWN
2016-01-27T01:57:00.000000;2016-01-27T01:57:00.000000;cb120188-8ab3-4677-8c8d-344732e93bfb;392.09;0.16768135;UNKNOWN
2016-01-27T01:57:35.000000;2016-01-27T01:57:35.000000;3f380699-3bf4-4400-950e-dd5264857846;392.63;0.9;UNKNOWN
2016-01-27T01:57:49.000000;2016-01-27T01:57:49.000000;949f1162-2c80-48b1-a72b-bb3329f0e53c;392.63;1.41514169;UNKNOWN
2016-01-27T01:57:49.000000;2016-01-27T01:57:49.000000;19f2f60e-9488-421b-8dce-14b74b149c8f;392.62;0.37;UNKNOWN
2016-01-27T02:00:35.000000;2016-01-27T02:00:35.000000;594db5d0-da55-414d-a14e-48d521070bbc;392.64;0.2;UNKNOWN
2016-01-27T02:02:31.000000;2016-01-27T02:02:31.000000;65a8b3d3-3c05-4012-8b63-989da025d7e7;392.64;0.066;UNKNOWN
2016-01-27T02:03:05.000000;2016-01-27T02:03:05.000000;e536aabc-469d-4b1d-ab4d-103b14988d5e;392.45;0.3;UNKNOWN
2016-01-27T02:03:12.000000;2016-01-27T02:03:12.000000;08a9c9cd-c592-4fca-93f7-676457bceaa6;392.29;0.03826066;UNKNOWN
2016-01-27T02:04:02.000000;2016-01-27T02:04:02.000000;202e9706-4eb1-48b4-bac4-90a7aa21fb88;392.3;0.38263588;UNKNOWN
2016-01-27T02:04:06.000000;2016-01-27T02:04:06.000000;908678bf-ade3-462b-aff1-096618acdb39;392.51;0.76306411;UNKNOWN
2016-01-27T02:04:31.000000;2016-01-27T02:04:31.000000;9ca81592-870e-4797-a414-0877f37a05ad;392.33;2.0;UNKNOWN
2016-01-27T02:06:36.000000;2016-01-27T02:06:36.000000;018dd41b-8fc4-487b-9cfa-f10a79098cfd;392.24;0.29576;UNKNOWN
2016-01-27T02:07:37.000000;2016-01-27T02:07:37.000000;038b147a-60a5-4d42-8ccc-1fd0ecf77326;392.29;1.0;UNKNOWN
2016-01-27T02:08:48.000000;2016-01-27T02:08:48.000000;7543ba71-f5cc-41ea-97f6-0f23d410b4d0;392.43;0.28630561;UNKNOWN
2016-01-27T02:09:05.000000;2016-01-27T02:09:05.000000;6464ffd8-4653-4e54-bf41-1fc726734e78;392.49;0.22437254;UNKNOWN
2016-01-27T02:11:05.000000;2016-01-27T02:11:05.000000;76ff7650-7603-4433-bff4-4efabd9a5dbe;392.5;0.37276685;UNKNOWN
2016-01-27T02:11:18.000000;2016-01-27T02:11:18.000000;4cf2dde9-4bd6-40ec-bba3-107a73541632;392.5;1.62723315;UNKNOWN
2016-01-27T02:11:18.000000;2016-01-27T02:11:18.000000;142c6436-c173-466b-a402-adfe3e1c073f;392.5;4.50276685;UNKNOWN
2016-01-27T02:13:33.000000;2016-01-27T02:13:33.000000;c4744bed-a9ea-4abe-ae70-49596b5574d0;392.59;0.01;UNKNOWN
2016-01-27T02:14:06.000000;2016-01-27T02:14:06.000000;8d4b0b1b-2454-4286-86b4-b0bcaa97580a;392.59;0.36;UNKNOWN
2016-01-27T02:14:06.000000;2016-01-27T02:14:06.000000;2025a8a3-f44f-4b6a-a0c8-3ea327da6086;392.58;12.42;UNKNOWN
2016-01-27T02:14:06.000000;2016-01-27T02:14:06.000000;fdac56a1-0fc6-4aa6-ac17-1cefdaa5302b;392.59;0.37;UNKNOWN
2016-01-27T02:14:06.000000;2016-01-27T02:14:06.000000;f51c3610-8a21-434e-8ada-1c278b4c115c;392.59;0.37;UNKNOWN
2016-01-27T02:14:06.000000;2016-01-27T02:14:06.000000;ff7e4efb-1eb6-466d-ac63-d8265e5bdb61;392.06;4.94;UNKNOWN
2016-01-27T02:14:15.000000;2016-01-27T02:14:15.000000;95274e51-738e-4a54-b1f2-592cc076ce0d;392.08;0.25;UNKNOWN
2016-01-27T02:14:17.000000;2016-01-27T02:14:17.000000;5cb9e8b2-9d80-4a2f-b9a6-2241ecb19a90;392.48;0.19976;UNKNOWN
2016-01-27T02:14:52.000000;2016-01-27T02:14:52.000000;bbee4637-8f55-4b03-875f-6cbad87c58c9;392.3;0.07139262;UNKNOWN
2016-01-27T02:16:06.000000;2016-01-27T02:16:06.000000;4ed9ecf1-4730-4ebf-aa0a-03d2908307be;392.32;6.3329;UNKNOWN
2016-01-27T02:16:06.000000;2016-01-27T02:16:06.000000;d227f6c7-753e-40b2-a741-2c324d58d272;392.26;2.99849262;UNKNOWN
2016-01-27T02:16:06.000000;2016-01-27T02:16:06.000000;fd07608c-7f7f-43dd-8294-633789587784;392.32;0.37;UNKNOWN
2016-01-27T02:16:06.000000;2016-01-27T02:16:06.000000;ec458481-2a36-4ef7-a2e7-8b9986d89070;392.3;0.29860738;UNKNOWN
2016-01-27T02:16:07.000000;2016-01-27T02:16:07.000000;efa96d71-6fd4-4e83-9000-0c94a072da58;392.33;0.11046288;UNKNOWN
2016-01-27T02:16:08.000000;2016-01-27T02:16:08.000000;d6f31c06-2d2a-469f-a070-d48745f99be3;392.26;9.42150738;UNKNOWN
2016-01-27T02:16:08.000000;2016-01-27T02:16:08.000000;4b428653-b34e-43f8-ba45-4fb714313955;392.06;0.3189555;UNKNOWN
2016-01-27T02:16:08.000000;2016-01-27T02:16:08.000000;3141fc6d-5fbd-4745-84be-c6376a5f3d54;392.33;0.25953712;UNKNOWN
2016-01-27T02:16:33.000000;2016-01-27T02:16:33.000000;37048075-4d2a-443e-824b-dfcef1334255;392.12;0.51059758;UNKNOWN
2016-01-27T02:16:42.000000;2016-01-27T02:16:42.000000;08ce15c8-6b40-4952-ac1f-0c16f12ec69d;392.31;2.03;UNKNOWN
2016-01-27T02:16:57.000000;2016-01-27T02:16:57.000000;81a68a26-d3e5-467a-8168-501fde67390b;392.31;4.36;UNKNOWN
2016-01-27T02:17:06.000000;2016-01-27T02:17:06.000000;10d21bf5-441c-438b-9468-78972f4ad5b5;392.25;4.62;UNKNOWN
2016-01-27T02:17:06.000000;2016-01-27T02:17:06.000000;1c527aba-b97e-4cb1-b74d-4b517ee9380d;392.16;4.13;UNKNOWN
2016-01-27T02:17:06.000000;2016-01-27T02:17:06.000000;7769f763-0d8b-4871-8efa-a86a1af5bc0c;392.19;0.37;UNKNOWN
2016-01-27T02:17:06.000000;2016-01-27T02:17:06.000000;9c85fa80-f023-40c3-b760-1aaac3c1347a;392.17;3.0;UNKNOWN
2016-01-27T02:17:06.000000;2016-01-27T02:17:06.000000;1711c3d4-f9ca-414a-a3b4-aaf655e62cdb;392.18;0.5;UNKNOWN
2016-01-27T02:18:05.000000;2016-01-27T02:18:05.000000;9f2b2713-1f26-47ce-a82b-13ac3bea4652;391.84;0.06088527;UNKNOWN
2016-01-27T02:18:55.000000;2016-01-27T02:18:55.000000;d6bcdd31-655b-4587-8165-439efcc5eab0;391.82;3.40105635;UNKNOWN
2016-01-27T02:18:55.000000;2016-01-27T02:18:55.000000;4d173b93-527f-4e2b-b63f-a3f62d81c6ca;391.83;3.0;UNKNOWN
2016-01-27T02:18:55.000000;2016-01-27T02:18:55.000000;13e6aef4-0727-4b82-b4fd-2081226d69ee;391.87;0.37;UNKNOWN
2016-01-27T02:18:55.000000;2016-01-27T02:18:55.000000;be6af272-49e1-43b0-a427-46cd16315549;391.85;0.5;UNKNOWN
2016-01-27T02:19:06.000000;2016-01-27T02:19:06.000000;331b720a-8f6d-4687-9374-19b6e40eba19;391.92;1.3;UNKNOWN
2016-01-27T02:19:07.000000;2016-01-27T02:19:07.000000;3df71fc5-a5f3-4ff7-ae25-2187041752fa;391.92;0.09;UNKNOWN
2016-01-27T02:19:09.000000;2016-01-27T02:19:09.000000;08f60393-f636-4a57-868a-ebc39233348b;391.92;2.19519098;UNKNOWN
2016-01-27T02:19:19.000000;2016-01-27T02:19:19.000000;cb164bef-98bd-4d68-b894-84125888f95b;391.94;0.01403;UNKNOWN
2016-01-27T02:20:28.000000;2016-01-27T02:20:28.000000;f4190ca7-683c-4574-91f1-f8514f49f836;391.82;0.32;UNKNOWN
2016-01-27T02:20:41.000000;2016-01-27T02:20:41.000000;18d5a600-61b4-4960-b3ce-f4a34d0cbd92;392.11;0.6581468;UNKNOWN
2016-01-27T02:20:41.000000;2016-01-27T02:20:41.000000;0f0d81ef-d0ab-472a-9eb7-9a0de86fc73f;391.88;1.39;UNKNOWN
2016-01-27T02:20:48.000000;2016-01-27T02:20:48.000000;8e03e70c-518b-49e7-bdc9-bfdfaddb6b32;392.3;0.32;UNKNOWN
2016-01-27T02:20:48.000000;2016-01-27T02:20:48.000000;9edd3e5f-0a34-4262-ba20-58f3f576b5cc;392.32;1.87289282;UNKNOWN
2016-01-27T02:21:03.000000;2016-01-27T02:21:03.000000;e48978d5-f20e-4170-9785-657f3555d7a3;392.3;29.5575;UNKNOWN
2016-01-27T02:21:03.000000;2016-01-27T02:21:03.000000;b980de2a-116e-4d62-8217-7b3eef535cd5;392.29;0.5;UNKNOWN
2016-01-27T02:21:03.000000;2016-01-27T02:21:03.000000;41c0e04e-ab6e-4bd9-b206-e177ee1c9b53;392.29;3.0;UNKNOWN
2016-01-27T02:21:21.000000;2016-01-27T02:21:21.000000;220f0ab9-5f14-4c9b-98b7-91f17204c18a;392.47;15.9167;UNKNOWN
2016-01-27T02:21:21.000000;2016-01-27T02:21:21.000000;958c79e3-417f-4431-8177-c3f7b2960a3a;392.47;2.5437849;UNKNOWN
2016-01-27T02:21:44.000000;2016-01-27T02:21:44.000000;21ebe5a1-428a-4ed4-9e49-207e58da6cb4;392.43;0.12369394;UNKNOWN
2016-01-27T02:23:05.000000;2016-01-27T02:23:05.000000;1196c665-5392-4a35-9097-4befc1d003ab;392.49;0.37260517;UNKNOWN
2016-01-27T02:23:22.000000;2016-01-27T02:23:22.000000;5df78e4c-7fe3-4ab9-b9c1-fad276804946;392.39;0.37;UNKNOWN
2016-01-27T02:23:22.000000;2016-01-27T02:23:22.000000;cef60cdd-0929-4429-9b49-f40aca5a2a41;392.39;2.1803766;UNKNOWN
2016-01-27T02:23:43.000000;2016-01-27T02:23:43.000000;9f02364a-ff73-4839-b2a0-8acd927b459b;392.49;0.32;UNKNOWN
2016-01-27T02:23:56.000000;2016-01-27T02:23:56.000000;ce6262d6-2f1d-45f0-9b16-700d11e45e58;392.5;3.0;UNKNOWN
2016-01-27T02:25:05.000000;2016-01-27T02:25:05.000000;f4985eac-f4f7-4f3a-9496-b90fed32a0ce;392.56;0.06444271;UNKNOWN
2016-01-27T02:25:06.000000;2016-01-27T02:25:06.000000;b7ca305b-d8c8-428e-8a60-8534722cef78;392.57;0.02353;UNKNOWN
2016-01-27T02:26:05.000000;2016-01-27T02:26:05.000000;ba3fe753-1045-4f32-b12e-63be7fac6069;392.5;3.64945;UNKNOWN
2016-01-27T02:26:05.000000;2016-01-27T02:26:05.000000;cfd2b22e-2450-4d79-a3ff-e704e629a2a6;392.55;0.13;UNKNOWN
2016-01-27T02:26:06.000000;2016-01-27T02:26:06.000000;73a15356-6c24-4f98-bd08-9bd042fda30f;392.5;0.0212;UNKNOWN
2016-01-27T02:27:23.000000;2016-01-27T02:27:23.000000;e66dcded-847b-4141-b256-5d31343b1f45;392.5;0.313;UNKNOWN
2016-01-27T02:28:05.000000;2016-01-27T02:28:05.000000;7365b19c-e38f-4333-a288-c6f127ed5159;392.65;0.14892429;UNKNOWN
2016-01-27T02:28:27.000000;2016-01-27T02:28:27.000000;4be55093-c813-4a52-b579-803829549c6e;392.59;0.07110883;UNKNOWN
2016-01-27T02:28:30.000000;2016-01-27T02:28:30.000000;705e56f6-5444-4fd1-8d2e-28a476c35c1e;392.64;0.025;UNKNOWN
2016-01-27T02:28:30.000000;2016-01-27T02:28:30.000000;7d38a9de-af13-46ad-a313-968c1466c356;392.65;2.13579159;UNKNOWN
2016-01-27T02:28:30.000000;2016-01-27T02:28:30.000000;03b6c81d-ee26-4bc6-88fb-f63c91147572;392.64;0.025;UNKNOWN
2016-01-27T02:28:32.000000;2016-01-27T02:28:32.000000;d917f364-4e21-44b4-b17b-6f89847e4e67;392.65;2.1893975;UNKNOWN
2016-01-27T02:28:35.000000;2016-01-27T02:28:35.000000;1c9ef995-a012-45d3-96ba-b3043a1ee36a;392.65;0.14182891;UNKNOWN
2016-01-27T02:29:05.000000;2016-01-27T02:29:05.000000;0db285cb-ae20-4116-a9bd-54a3bf786889;392.65;0.4;UNKNOWN
2016-01-27T02:29:22.000000;2016-01-27T02:29:22.000000;33848b70-8c5a-44a7-9de0-9bcd00474fdb;392.65;3.81657441;UNKNOWN
2016-01-27T02:29:42.000000;2016-01-27T02:29:42.000000;147b0f20-a82a-46c9-8785-0f21ba184eba;392.67;1.0;UNKNOWN
2016-01-27T02:29:42.000000;2016-01-27T02:29:42.000000;b31326a8-fec7-4bb6-8970-f091c330318a;392.65;3.1674833;UNKNOWN
2016-01-27T02:29:42.000000;2016-01-27T02:29:42.000000;5f211b84-e1f5-4841-a267-08d6f1ea63b5;392.8;0.05;UNKNOWN
2016-01-27T02:29:42.000000;2016-01-27T02:29:42.000000;a98b5cd8-f52a-4f4b-a725-fd049b5b6bee;392.77;10.0;UNKNOWN
2016-01-27T02:29:42.000000;2016-01-27T02:29:42.000000;07f6dde9-25db-47db-8a0e-3a7939add97c;392.95;0.01;UNKNOWN
2016-01-27T02:29:42.000000;2016-01-27T02:29:42.000000;ccd015f2-82d9-46eb-84dd-1ceba8d58d32;392.8;0.01;UNKNOWN
2016-01-27T02:29:42.000000;2016-01-27T02:29:42.000000;db906a82-296d-4e78-985c-e9e465866e8c;392.75;0.04995;UNKNOWN
2016-01-27T02:29:42.000000;2016-01-27T02:29:42.000000;bf6b5a97-8f2b-41b1-9670-ad8f846fbb6b;392.99;10.6925667;UNKNOWN
2016-01-27T02:29:42.000000;2016-01-27T02:29:42.000000;8429788f-9bd8-4a2a-a17a-001f928ec688;392.9;0.01;UNKNOWN
2016-01-27T02:29:42.000000;2016-01-27T02:29:42.000000;b4b5009d-b53d-4876-a7a3-8d2e8f1422d3;392.7;0.01;UNKNOWN
2016-01-27T02:30:02.000000;2016-01-27T02:30:02.000000;82132a1a-c71f-4efb-8278-d5be653e7b54;392.99;18.77;UNKNOWN
2016-01-27T02:31:22.000000;2016-01-27T02:31:22.000000;fca4aa75-4f57-4405-a940-b8e82d893c1b;392.68;0.058535;UNKNOWN
2016-01-27T02:31:52.000000;2016-01-27T02:31:52.000000;e14c28fa-da91-46a5-8d9c-78806d6302fe;392.68;0.055;UNKNOWN
2016-01-27T02:33:17.000000;2016-01-27T02:33:17.000000;9cc49b31-5c32-4b44-ad3a-c907d1fdec66;392.68;0.01;UNKNOWN
2016-01-27T02:33:17.000000;2016-01-27T02:33:17.000000;3febd87e-837b-4e10-a910-366396858e8e;392.57;0.024535;UNKNOWN
2016-01-27T02:33:17.000000;2016-01-27T02:33:17.000000;d0fba037-2bae-4d95-821c-1d3e7ee2f18d;392.68;0.015465;UNKNOWN
2016-01-27T02:33:46.000000;2016-01-27T02:33:46.000000;9159a5ad-e26b-41e0-96f6-5be1aabe9997;392.66;0.07169703;UNKNOWN
2016-01-27T02:34:41.000000;2016-01-27T02:34:41.000000;d6140f40-0771-449c-b062-76176f9c1730;392.91;14.33;UNKNOWN
2016-01-27T02:34:41.000000;2016-01-27T02:34:41.000000;6fb0c16c-1d1d-4488-9aec-b2d35f0c6c04;393.0;10.0;UNKNOWN
2016-01-27T02:34:41.000000;2016-01-27T02:34:41.000000;ff70a6a2-73a0-48c2-a61f-4a79073f65a9;393.0;0.17;UNKNOWN
2016-01-27T02:34:41.000000;2016-01-27T02:34:41.000000;4163d5db-83c1-466e-983e-25022704375f;393.0;0.5;UNKNOWN
2016-01-27T02:34:41.000000;2016-01-27T02:34:41.000000;a41c873f-e489-47cb-9ed6-9f3e6294bb95;392.99;5.0;UNKNOWN
2016-01-27T02:35:05.000000;2016-01-27T02:35:05.000000;82c98295-87f5-4ece-bf7c-45007f077ebb;392.99;3.9;UNKNOWN
2016-01-27T02:35:06.000000;2016-01-27T02:35:06.000000;43d72435-1fb7-44dc-aaa1-bd558aa552fa;393.0;4.83;UNKNOWN
2016-01-27T02:35:06.000000;2016-01-27T02:35:06.000000;bef0d24a-bd88-4070-bbe6-89da40629490;393.0;0.25;UNKNOWN
2016-01-27T02:35:06.000000;2016-01-27T02:35:06.000000;570f68ac-d1b7-4545-81ba-5c557036808e;393.0;0.05;UNKNOWN
2016-01-27T02:35:28.000000;2016-01-27T02:35:28.000000;eab9d9b3-0e51-44db-9b90-ca562cece1aa;392.67;0.7221;UNKNOWN
2016-01-27T02:35:28.000000;2016-01-27T02:35:28.000000;c7c21f2d-1b26-46d2-97c6-772cba64818f;393.09;6.2809;UNKNOWN
2016-01-27T02:35:28.000000;2016-01-27T02:35:28.000000;cc3437fb-8be6-43d7-ab4e-c6cd3d1175f8;393.03;0.127;UNKNOWN
2016-01-27T02:35:28.000000;2016-01-27T02:35:28.000000;a102b7a2-7dd9-4917-8154-8d60eb325990;393.0;19.87;UNKNOWN
2016-01-27T02:35:52.000000;2016-01-27T02:35:52.000000;fe3ac39c-2eb5-46f9-a4c2-b285eb3a332b;392.69;0.10450724;UNKNOWN
2016-01-27T02:37:14.000000;2016-01-27T02:37:14.000000;10c5e73d-2ed6-4d1f-aff6-b0469cbb74e4;392.73;0.07089384;UNKNOWN
2016-01-27T02:38:23.000000;2016-01-27T02:38:23.000000;d38424c7-dab7-4488-b0e6-801dfc54ea8d;392.85;0.16563581;UNKNOWN
2016-01-27T02:39:32.000000;2016-01-27T02:39:32.000000;a2ab7190-2fa5-4d32-bd76-741fb6e2dfc4;392.83;0.3;UNKNOWN
2016-01-27T02:39:44.000000;2016-01-27T02:39:44.000000;ce54e56b-1ea4-41ea-8a36-600e0ebb2620;392.7;2.5;UNKNOWN
2016-01-27T02:46:05.000000;2016-01-27T02:46:05.000000;bd9e87ba-6bb1-440f-9676-d846e7a6d654;392.75;6.12735989;UNKNOWN
2016-01-27T02:46:47.000000;2016-01-27T02:46:47.000000;e87f4644-d3c5-4324-a156-20681c0a7d41;392.75;7.5;UNKNOWN
2016-01-27T02:46:47.000000;2016-01-27T02:46:47.000000;5ece6443-0b32-4adb-bef3-c8e35bf7e169;392.75;7.5;UNKNOWN
2016-01-27T02:46:48.000000;2016-01-27T02:46:48.000000;93ba48cd-0604-47a0-b7d8-0ffe94dd5657;393.09;5.62735989;UNKNOWN
2016-01-27T02:46:48.000000;2016-01-27T02:46:48.000000;e20c518c-79e9-4f08-8d05-69e1d9644334;392.88;0.1;UNKNOWN
2016-01-27T02:46:48.000000;2016-01-27T02:46:48.000000;ba56c70f-b44f-4833-b341-35d4f38d6ee1;392.75;1.77264011;UNKNOWN
2016-01-27T02:46:48.000000;2016-01-27T02:46:48.000000;a2404acd-12bd-441c-ac4e-ee4e20f15589;393.09;0.31632233;UNKNOWN
2016-01-27T02:47:19.000000;2016-01-27T02:47:19.000000;9a784d50-23b2-4209-83a0-81ac06b4f760;393.0;1.52863987;UNKNOWN
2016-01-27T02:47:19.000000;2016-01-27T02:47:19.000000;583cb6c5-23b4-4d3b-b812-8d4b6a634d82;393.0;0.5;UNKNOWN
2016-01-27T02:47:20.000000;2016-01-27T02:47:20.000000;78282f23-d57c-4507-9f2f-4ca261bcce3d;393.01;0.026;UNKNOWN
2016-01-27T02:47:38.000000;2016-01-27T02:47:38.000000;d66e21c9-d175-471d-9fab-c47c04a2664f;393.2;0.006;UNKNOWN
2016-01-27T02:47:38.000000;2016-01-27T02:47:38.000000;f042bdc2-1e11-471b-ba55-6ae040ed3b79;393.1;0.01;UNKNOWN
2016-01-27T02:47:38.000000;2016-01-27T02:47:38.000000;691d0f7c-7c6d-4c9f-aa6a-513f4a61bd6c;393.15;0.01;UNKNOWN
2016-01-27T02:47:55.000000;2016-01-27T02:47:55.000000;a339b2d0-f215-4d02-9f45-6c166bec555f;393.2;0.059;UNKNOWN
2016-01-27T02:47:55.000000;2016-01-27T02:47:55.000000;6c7a997c-55b2-47b8-860f-2a83400322e1;393.4;3.0;UNKNOWN
2016-01-27T02:47:55.000000;2016-01-27T02:47:55.000000;c6eba885-4b88-4a73-a78d-f925aca9f6e8;393.41;3.845;UNKNOWN
2016-01-27T02:47:55.000000;2016-01-27T02:47:55.000000;f22ffe8a-fa82-45bf-9dae-0b6f625d91de;393.2;0.03;UNKNOWN
2016-01-27T02:47:55.000000;2016-01-27T02:47:55.000000;50c3ac48-c893-4e07-920e-5f910ba06063;393.3;0.01;UNKNOWN
2016-01-27T02:47:55.000000;2016-01-27T02:47:55.000000;5913aeec-15f7-4a5e-bd82-fb396cc90861;393.4;0.03;UNKNOWN
2016-01-27T02:47:55.000000;2016-01-27T02:47:55.000000;ebe40197-d347-40bd-8371-a6b8fc102e37;393.4;0.5;UNKNOWN
2016-01-27T02:47:55.000000;2016-01-27T02:47:55.000000;336efba2-dda7-4021-9791-24a25dff19ac;393.0;0.026;UNKNOWN
2016-01-27T02:48:55.000000;2016-01-27T02:48:55.000000;15b0f927-953b-4281-9f3f-9a583450b715;393.2;1.0;UNKNOWN
2016-01-27T02:49:13.000000;2016-01-27T02:49:13.000000;b6643b8e-18fe-474f-8475-43c6d18fe86f;392.91;0.76462868;UNKNOWN
2016-01-27T02:49:59.000000;2016-01-27T02:49:59.000000;d9a2cc3e-fa41-4a72-b28d-bc4449692eed;392.53;0.66009258;UNKNOWN
2016-01-27T02:51:05.000000;2016-01-27T02:51:05.000000;657e3731-e76a-40d0-9feb-cafda1e4b6a8;392.88;0.3;UNKNOWN
2016-01-27T02:52:42.000000;2016-01-27T02:52:42.000000;82375fba-dbd3-47b2-98db-4b54befa0fd0;392.98;0.63749896;UNKNOWN
2016-01-27T02:53:05.000000;2016-01-27T02:53:05.000000;f5973c95-b68f-416e-8240-e8247f98e177;392.72;3.0;UNKNOWN
2016-01-27T02:53:05.000000;2016-01-27T02:53:05.000000;f1f9cd16-2fe4-4f41-bd69-4b6cff512a69;392.71;0.7008;UNKNOWN
2016-01-27T02:53:05.000000;2016-01-27T02:53:05.000000;33c38ffd-9589-4df4-ba5f-5b6217107e9e;392.72;6.2992;UNKNOWN
2016-01-27T02:53:06.000000;2016-01-27T02:53:06.000000;d6c46477-c6c4-416b-8dcc-9736ff229802;392.72;0.5;UNKNOWN
2016-01-27T02:53:06.000000;2016-01-27T02:53:06.000000;05a958b0-c38f-4350-b8cc-e65fe0d45ee2;392.71;3.78319075;UNKNOWN
2016-01-27T02:56:52.000000;2016-01-27T02:56:52.000000;fd2b3113-effe-44ed-a320-7794f08b8847;392.74;0.12750954;UNKNOWN
2016-01-27T02:57:06.000000;2016-01-27T02:57:06.000000;b0bc9d5b-fda3-4fb2-83eb-6ded8a043d1d;392.9;0.497;UNKNOWN
2016-01-27T02:57:06.000000;2016-01-27T02:57:06.000000;5c9fe6b8-454a-47c6-8075-1a0a9f3a1bd7;392.74;6.23399046;UNKNOWN
2016-01-27T02:57:06.000000;2016-01-27T02:57:06.000000;e666f447-40e8-4d34-bbb1-e92cc14df9fb;392.73;3.26900954;UNKNOWN
2016-01-27T02:59:05.000000;2016-01-27T02:59:05.000000;54ce3a53-97e4-4188-8564-b201a7e840e5;392.5;0.15484552;UNKNOWN
2016-01-27T02:59:05.000000;2016-01-27T02:59:05.000000;742ae5c1-65a9-4f65-9ad6-9d5c8496160d;392.51;0.025;UNKNOWN
2016-01-27T02:59:06.000000;2016-01-27T02:59:06.000000;b117af10-bb91-46f8-bf2f-066d0be35632;392.52;0.111688;UNKNOWN
2016-01-27T03:00:05.000000;2016-01-27T03:00:05.000000;f300f7ec-275a-4ba6-936a-91df6afc7707;392.5;0.031425;UNKNOWN
2016-01-27T03:01:05.000000;2016-01-27T03:01:05.000000;eefa8eed-edfe-436e-ad25-831faecdeafe;392.5;0.4;UNKNOWN
2016-01-27T03:07:05.000000;2016-01-27T03:07:05.000000;8f122d68-a348-427a-9560-9f444177aee0;392.51;1.78354977;UNKNOWN
2016-01-27T03:07:22.000000;2016-01-27T03:07:22.000000;38066912-8633-4bda-869a-2e0e85423d79;392.5;0.14281797;UNKNOWN
2016-01-27T03:08:05.000000;2016-01-27T03:08:05.000000;5aa65988-fefe-437c-bcf5-026cad80a10b;392.51;2.24189443;UNKNOWN
2016-01-27T03:08:06.000000;2016-01-27T03:08:06.000000;7d12885e-d5f4-45d7-9d10-2962f06798e2;392.51;0.5;UNKNOWN
2016-01-27T03:09:05.000000;2016-01-27T03:09:05.000000;e1a3a224-0ba1-48c0-ac04-82378a004d43;392.5;0.0536095;UNKNOWN
2016-01-27T03:09:27.000000;2016-01-27T03:09:27.000000;04a49310-7703-4b08-bf21-9bb13ba08953;392.5;0.23365201;UNKNOWN
2016-01-27T03:09:27.000000;2016-01-27T03:09:27.000000;e5d482ad-8ff0-46ff-a85e-ed809f5669e7;392.31;4.76634799;UNKNOWN
2016-01-27T03:09:59.000000;2016-01-27T03:09:59.000000;1c50d6ef-33a9-4424-9bfd-edf75bb10044;392.32;0.56;UNKNOWN
2016-01-27T03:10:42.000000;2016-01-27T03:10:42.000000;37b8aaf7-bced-46b2-b7d0-25f0115a8bf5;392.32;0.12496573;UNKNOWN
2016-01-27T03:12:55.000000;2016-01-27T03:12:55.000000;b83f1194-f969-4583-b48f-45f23dcfffc4;392.31;1.60375201;UNKNOWN
2016-01-27T03:12:55.000000;2016-01-27T03:12:55.000000;a34a809b-d280-4d82-81d5-238452154978;392.01;0.01;UNKNOWN
2016-01-27T03:12:55.000000;2016-01-27T03:12:55.000000;9f7a8032-83f3-4507-8ce3-21e2a8de7f8e;391.98;5.0;UNKNOWN
2016-01-27T03:12:55.000000;2016-01-27T03:12:55.000000;62211cf5-23e1-404b-8327-6014f3779abe;392.13;6.284;UNKNOWN
2016-01-27T03:12:55.000000;2016-01-27T03:12:55.000000;6f28259d-7f56-47fa-b82e-9d4ccec88daf;392.1;1.86;UNKNOWN
2016-01-27T03:12:55.000000;2016-01-27T03:12:55.000000;50fa6267-83dd-496d-ac16-effac713ec4a;391.9;7.16224799;UNKNOWN
2016-01-27T03:12:55.000000;2016-01-27T03:12:55.000000;198af4e9-0aa8-4bb8-b059-334d3c6a46f8;392.12;3.0;UNKNOWN
2016-01-27T03:12:55.000000;2016-01-27T03:12:55.000000;5c2118a7-b21c-4c47-8040-f26a1bb13d08;392.0;0.05;UNKNOWN
2016-01-27T03:12:55.000000;2016-01-27T03:12:55.000000;3b9fb48a-2da9-4f88-99e5-964b6cfd5d3e;392.2;0.03;UNKNOWN
2016-01-27T03:16:05.000000;2016-01-27T03:16:05.000000;d2af41f8-5257-456f-9a64-e53054cf4a49;391.91;0.75742274;UNKNOWN
2016-01-27T03:16:06.000000;2016-01-27T03:16:06.000000;e16726a1-2eed-4f6b-a43a-809da03861be;392.05;2.0;UNKNOWN
2016-01-27T03:17:05.000000;2016-01-27T03:17:05.000000;c194f2f2-3794-4670-9ba8-e48db4e2e2b2;391.97;3.74961893;UNKNOWN
2016-01-27T03:18:01.000000;2016-01-27T03:18:01.000000;5397f6f2-8800-420d-9f68-8426f8bd1f2d;391.97;0.02;UNKNOWN
2016-01-27T03:19:05.000000;2016-01-27T03:19:05.000000;dd65e08b-4029-43c2-ba45-029bba330743;392.24;0.14954691;UNKNOWN
2016-01-27T03:20:05.000000;2016-01-27T03:20:05.000000;582d6723-5ea4-43c0-97d1-f253fcf6217b;391.67;0.23676841;UNKNOWN
2016-01-27T03:21:05.000000;2016-01-27T03:21:05.000000;8baabaa3-cb26-4dfd-aa21-aa05429e1c2c;392.21;0.373033;UNKNOWN
2016-01-27T03:21:06.000000;2016-01-27T03:21:06.000000;a9007456-c6a4-4204-b086-96412be819c6;392.2;0.40875514;UNKNOWN
2016-01-27T03:21:07.000000;2016-01-27T03:21:07.000000;3b00daf5-2a07-4be8-85e7-f31d2258cf7a;392.2;0.8947171;UNKNOWN
2016-01-27T03:21:07.000000;2016-01-27T03:21:07.000000;cdc3f034-d5b6-4e67-a0b0-2342d1879d6f;392.19;3.0;UNKNOWN
2016-01-27T03:21:07.000000;2016-01-27T03:21:07.000000;e6af20ce-f01c-4a6b-9834-869922d29a83;392.19;0.5;UNKNOWN
2016-01-27T03:21:19.000000;2016-01-27T03:21:19.000000;d6b2dbcf-1269-4866-bb45-f913f9df1ca2;391.83;6.3241;UNKNOWN
2016-01-27T03:21:25.000000;2016-01-27T03:21:25.000000;8ff64d52-7f76-4553-a2f3-8f8e9cd80170;392.24;4.48;UNKNOWN
2016-01-27T03:21:25.000000;2016-01-27T03:21:25.000000;03eb7ba3-286b-4c3d-857c-030e5a05d354;392.24;1.8441;UNKNOWN
2016-01-27T03:22:05.000000;2016-01-27T03:22:05.000000;e6f49b13-fb9a-4906-a130-614da356544f;391.7;7.38705205;UNKNOWN
2016-01-27T03:22:05.000000;2016-01-27T03:22:05.000000;4d8bad4b-3a0f-431e-bc6c-f757b4da5ac9;391.7;0.5;UNKNOWN
2016-01-27T03:23:05.000000;2016-01-27T03:23:05.000000;dfdb349b-1de6-41a1-867c-fb7d08810c40;392.07;6.3729;UNKNOWN
2016-01-27T03:23:05.000000;2016-01-27T03:23:05.000000;58f2ada2-0d8a-48cf-81e4-fb16a7cb24fd;392.08;3.6271;UNKNOWN
2016-01-27T03:23:06.000000;2016-01-27T03:23:06.000000;2fe03bde-73d2-4675-b796-de98f2850ed9;392.18;1.5;UNKNOWN
2016-01-27T03:24:05.000000;2016-01-27T03:24:05.000000;31f0a664-2f9a-49fc-8074-5bf5ff740ee8;391.78;0.04735;UNKNOWN
2016-01-27T03:27:12.000000;2016-01-27T03:27:12.000000;2055fb97-e5ed-424b-a8d3-38e0f0a67553;391.72;0.18547277;UNKNOWN
2016-01-27T03:29:06.000000;2016-01-27T03:29:06.000000;706ee673-7ea8-4674-8541-419deacbfb88;392.2;0.401;UNKNOWN
2016-01-27T03:31:13.000000;2016-01-27T03:31:13.000000;59de11ab-ac92-44c1-b091-657a150a46cb;391.68;3.83329461;UNKNOWN
2016-01-27T03:33:05.000000;2016-01-27T03:33:05.000000;de18555f-9a3b-4dea-b92c-55d5a7810899;391.7;0.24487;UNKNOWN
2016-01-27T03:34:26.000000;2016-01-27T03:34:26.000000;104ff814-ddb4-41a3-afb8-33971bfcc595;391.66;4.86999999;UNKNOWN
2016-01-27T03:34:26.000000;2016-01-27T03:34:26.000000;14077920-22fe-4e5b-a408-eee0f20ea7ae;391.7;0.05687502;UNKNOWN
2016-01-27T03:34:49.000000;2016-01-27T03:34:49.000000;e9e5e137-2496-4430-9f4c-8eb231985d3f;391.6;0.0502;UNKNOWN
2016-01-27T03:34:59.000000;2016-01-27T03:34:59.000000;ab50a5d7-a93b-4fd5-84a7-756bd27cba48;391.6;1.0;UNKNOWN
2016-01-27T03:35:01.000000;2016-01-27T03:35:01.000000;f1aa4dfd-ada5-4511-b23e-1a9c4401c4fe;391.6;2.19451272;UNKNOWN
2016-01-27T03:35:40.000000;2016-01-27T03:35:40.000000;d6e2d263-ac50-43ec-8fd6-2c8b70a71ae7;391.6;1.01;UNKNOWN
2016-01-27T03:35:54.000000;2016-01-27T03:35:54.000000;818c6f2c-e902-4e02-b989-325e9f83b26b;391.53;0.5;UNKNOWN
2016-01-27T03:35:54.000000;2016-01-27T03:35:54.000000;74ac98d1-5a3f-4d54-aa26-8b85ef744a7f;391.53;0.07499419;UNKNOWN
2016-01-27T03:39:43.000000;2016-01-27T03:39:43.000000;3cee149d-2236-4ae1-a15e-522231262dbd;391.6;10.0;UNKNOWN
2016-01-27T03:40:02.000000;2016-01-27T03:40:02.000000;de6464ba-85f8-473b-bcc8-484b7f79af38;391.59;0.12783849;UNKNOWN
2016-01-27T03:40:05.000000;2016-01-27T03:40:05.000000;ac066154-d970-448f-a723-7baec50dc723;391.59;0.32837551;UNKNOWN
2016-01-27T03:40:05.000000;2016-01-27T03:40:05.000000;85392855-89ca-400e-bec0-5fe3aa3ae5af;391.59;0.17216151;UNKNOWN
2016-01-27T03:40:50.000000;2016-01-27T03:40:50.000000;dc06357b-9442-4b6c-962c-80f8c1c42c85;391.6;0.04919922;UNKNOWN
2016-01-27T03:40:52.000000;2016-01-27T03:40:52.000000;3657a996-f2fd-4412-9ff8-0121891c40ca;391.6;0.02415266;UNKNOWN
2016-01-27T03:41:02.000000;2016-01-27T03:41:02.000000;e024e4f2-6eb5-4ded-8233-b560bce45203;391.6;0.07586588;UNKNOWN
2016-01-27T03:41:05.000000;2016-01-27T03:41:05.000000;9836cda9-2ff8-4e40-aaca-4c2d9c11b9a4;391.6;0.66919451;UNKNOWN
2016-01-27T03:41:05.000000;2016-01-27T03:41:05.000000;a9c69e0f-be28-414e-84e3-e6bea0a55b86;391.6;1.43080549;UNKNOWN
2016-01-27T03:41:10.000000;2016-01-27T03:41:10.000000;f89c6fcf-06bc-4a14-bcbb-776111059e52;391.6;2.711;UNKNOWN
2016-01-27T03:42:10.000000;2016-01-27T03:42:10.000000;3ba05987-8408-455c-92b9-94d82f4ea5ec;392.55;0.3462139;UNKNOWN
2016-01-27T03:44:05.000000;2016-01-27T03:44:05.000000;28b1b324-270a-45ed-a715-7c318f029d38;392.24;10.0;UNKNOWN
2016-01-27T03:44:23.000000;2016-01-27T03:44:23.000000;437acf9f-12a6-4817-8f99-c74bffdf92e8;392.39;1.0;UNKNOWN
2016-01-27T03:44:28.000000;2016-01-27T03:44:28.000000;3a488b0c-4746-46f5-b679-9c9f864b1ddc;392.39;1.5;UNKNOWN
2016-01-27T03:44:36.000000;2016-01-27T03:44:36.000000;545c2ba5-de01-46fd-a370-76d5e71d4fdf;392.39;9.7691;UNKNOWN
2016-01-27T03:44:58.000000;2016-01-27T03:44:58.000000;76149631-0b13-4f6f-8354-95bb10a7d0f7;392.39;0.04355117;UNKNOWN
2016-01-27T03:45:01.000000;2016-01-27T03:45:01.000000;adcf4c12-3faf-4350-abf0-8a96e1b15063;392.39;0.31565619;UNKNOWN
2016-01-27T03:45:04.000000;2016-01-27T03:45:04.000000;255d52d9-4ead-4efa-84bf-835e3fecb48e;392.39;0.15786827;UNKNOWN
2016-01-27T03:45:05.000000;2016-01-27T03:45:05.000000;e77b9804-d95b-4583-a14a-8be166a66a5b;392.36;6.00533511;UNKNOWN
2016-01-27T03:46:11.000000;2016-01-27T03:46:11.000000;a34d5c2c-0c23-4ce0-8827-511ac47149a3;392.8;0.02516838;UNKNOWN
2016-01-27T03:46:13.000000;2016-01-27T03:46:13.000000;9afa55c5-7cf8-495a-b0fa-ef9cc479b4c7;392.82;0.00026194;UNKNOWN
2016-01-27T03:46:13.000000;2016-01-27T03:46:13.000000;8f495252-759f-41a4-b698-c513b5673bdd;392.8;0.02483162;UNKNOWN
2016-01-27T03:46:15.000000;2016-01-27T03:46:15.000000;c8360e16-9723-43dc-8baf-f80b3f3f0be1;393.1;0.04357886;UNKNOWN
2016-01-27T03:46:21.000000;2016-01-27T03:46:21.000000;bc35385f-b612-4215-a09b-45c31bb4e857;393.07;0.14;UNKNOWN
2016-01-27T03:46:21.000000;2016-01-27T03:46:21.000000;ca898fcc-eeb6-4fa3-a7fa-731cb2d780c1;393.07;0.13305857;UNKNOWN
2016-01-27T03:46:24.000000;2016-01-27T03:46:24.000000;c6f00c29-fde8-44bf-b792-0e3643324d83;392.78;0.09320083;UNKNOWN
2016-01-27T03:46:32.000000;2016-01-27T03:46:32.000000;12fecda6-1796-48fa-a80c-132a34e88339;392.75;0.32941974;UNKNOWN
2016-01-27T03:46:49.000000;2016-01-27T03:46:49.000000;74422a1d-4847-48dc-92ff-c470d2fc3c14;392.96;0.01969359;UNKNOWN
2016-01-27T03:46:55.000000;2016-01-27T03:46:55.000000;776a74e5-da93-46eb-b791-32a75d445553;392.9;1.0;UNKNOWN
2016-01-27T03:47:00.000000;2016-01-27T03:47:00.000000;04fdf4b7-a6dd-452c-8435-1f2b9c79ddb2;392.88;0.27015176;UNKNOWN
2016-01-27T03:47:05.000000;2016-01-27T03:47:05.000000;a1161e1d-56b0-4a3a-acb4-5fad517e7c23;392.47;3.0015;UNKNOWN
2016-01-27T03:47:36.000000;2016-01-27T03:47:36.000000;484d3fe7-1899-445a-95f2-f930d4b960c2;392.68;0.52474966;UNKNOWN
2016-01-27T03:48:05.000000;2016-01-27T03:48:05.000000;e625eb54-84cd-46ee-9482-8960b2127577;392.39;3.05013588;UNKNOWN
2016-01-27T03:48:05.000000;2016-01-27T03:48:05.000000;e257f9d4-7206-416f-a6ab-d2d032a9c2d9;392.39;6.2922;UNKNOWN
2016-01-27T03:48:05.000000;2016-01-27T03:48:05.000000;83a4575d-70d9-479c-b67b-0add215cff91;392.45;0.128;UNKNOWN
2016-01-27T03:48:50.000000;2016-01-27T03:48:50.000000;457d9444-f24c-4f59-9cd8-a3b6c6be8887;393.03;0.02413829;UNKNOWN
2016-01-27T03:48:52.000000;2016-01-27T03:48:52.000000;24a01047-5e18-4aae-90b1-a2e4e727dec3;393.02;0.0314854;UNKNOWN
2016-01-27T03:48:52.000000;2016-01-27T03:48:52.000000;8d468714-7b2c-4e37-a1a1-e929d50fd74f;393.0;0.0131;UNKNOWN
2016-01-27T03:48:55.000000;2016-01-27T03:48:55.000000;ab51963e-43bd-4ee4-bdd4-1869190c7730;393.01;0.0807134;UNKNOWN
2016-01-27T03:52:32.000000;2016-01-27T03:52:32.000000;edab82d7-11e5-4986-9179-a6c2080de578;392.15;0.15319487;UNKNOWN
2016-01-27T03:56:31.000000;2016-01-27T03:56:31.000000;4b35974d-94cc-43a7-8930-220b98df6adf;392.5;0.17;UNKNOWN
2016-01-27T03:57:23.000000;2016-01-27T03:57:23.000000;6b881bc2-c91c-4d16-bf9c-648d1197c04e;392.0;0.05;UNKNOWN
2016-01-27T03:57:23.000000;2016-01-27T03:57:23.000000;ebb55350-0c80-441b-8c9f-4ca5534d0b71;391.92;0.00088;UNKNOWN
2016-01-27T03:58:03.000000;2016-01-27T03:58:03.000000;465e0c1b-863d-4b86-85d1-e1faf56c7af4;391.92;0.84;UNKNOWN
2016-01-27T03:58:03.000000;2016-01-27T03:58:03.000000;8990ae0b-925c-4cd5-9d19-219cff9572d3;391.94;6.3711;UNKNOWN
2016-01-27T03:58:03.000000;2016-01-27T03:58:03.000000;b05a9a53-821a-4dee-b5f6-3d912f70ce65;391.9;12.6189;UNKNOWN
2016-01-27T04:00:05.000000;2016-01-27T04:00:05.000000;d9736728-c955-4a73-af26-63502f158b28;392.19;0.5;UNKNOWN
2016-01-27T04:00:05.000000;2016-01-27T04:00:05.000000;fa001f5f-1f71-4ff1-bfb8-e8abfd4584ec;392.19;3.0;UNKNOWN
2016-01-27T04:00:05.000000;2016-01-27T04:00:05.000000;55f2e935-96d8-4e2e-8131-ca5c55f09991;392.18;1.5;UNKNOWN
2016-01-27T04:02:05.000000;2016-01-27T04:02:05.000000;f0119ca5-8cc4-4010-8771-7555775ba6dd;392.11;0.19856979;UNKNOWN
2016-01-27T04:04:05.000000;2016-01-27T04:04:05.000000;66049c38-4225-4785-8b49-6286cfd09c51;391.95;0.4;UNKNOWN
2016-01-27T04:04:06.000000;2016-01-27T04:04:06.000000;aa351890-ed26-463a-b630-e2882a2f865d;392.31;0.22358643;UNKNOWN
2016-01-27T04:06:05.000000;2016-01-27T04:06:05.000000;084252c4-cebc-4531-9d38-335f5539ea0f;391.94;0.1615;UNKNOWN
2016-01-27T04:06:06.000000;2016-01-27T04:06:06.000000;74c63fc6-da34-47f2-9bb7-5c0b16af0e5b;391.94;0.15704911;UNKNOWN
2016-01-27T04:06:25.000000;2016-01-27T04:06:25.000000;89df4416-e674-4d26-8409-182c9babfa0b;391.85;0.2;UNKNOWN
2016-01-27T04:07:42.000000;2016-01-27T04:07:42.000000;8b49acf9-3304-4563-9224-070bfa726010;391.81;5.0;UNKNOWN
2016-01-27T04:07:42.000000;2016-01-27T04:07:42.000000;52e08f0a-c4bc-4136-9a97-8ec06a163877;392.0;0.363701;UNKNOWN
2016-01-27T04:07:42.000000;2016-01-27T04:07:42.000000;ada0c5de-27bf-4c6e-a010-b7faffddaf5e;391.84;2.54148982;UNKNOWN
2016-01-27T04:07:42.000000;2016-01-27T04:07:42.000000;f71fe692-c6f6-45eb-9d3d-a98b1152e76e;391.93;0.48;UNKNOWN
2016-01-27T04:07:42.000000;2016-01-27T04:07:42.000000;69a10149-cba9-4b41-ae7e-ca672da47951;391.78;1.61480918;UNKNOWN
2016-01-27T04:08:05.000000;2016-01-27T04:08:05.000000;d2023498-f860-4bfb-a09a-29d6be7bcea9;391.73;0.08;UNKNOWN
2016-01-27T04:08:05.000000;2016-01-27T04:08:05.000000;637011c7-35b2-401d-9989-d4219c819b64;391.81;0.02;UNKNOWN
2016-01-27T04:10:17.000000;2016-01-27T04:10:17.000000;bbb06a3e-b5bb-44ba-ac6b-6ce1857fce17;391.81;0.025;UNKNOWN
2016-01-27T04:11:32.000000;2016-01-27T04:11:32.000000;c8eb4cf9-6bc4-4586-b7dd-f12e0b5426ed;391.82;0.15;UNKNOWN
2016-01-27T04:11:32.000000;2016-01-27T04:11:32.000000;06006af5-5653-4fe2-9705-6ff4822094fd;391.82;0.1;UNKNOWN
2016-01-27T04:11:33.000000;2016-01-27T04:11:33.000000;1723e6bc-087c-43eb-8614-f866b57c2bb6;391.82;0.54928462;UNKNOWN
2016-01-27T04:12:04.000000;2016-01-27T04:12:04.000000;4fc4c0b2-8361-44d7-b9d9-fdcf3e625a71;391.82;1.083942;UNKNOWN
2016-01-27T04:12:52.000000;2016-01-27T04:12:52.000000;39a50c5c-a89f-4be2-9bda-7a632b8e91d4;391.88;2.54019864;UNKNOWN
2016-01-27T04:12:52.000000;2016-01-27T04:12:52.000000;c8f9a2a7-1a72-4fd5-9511-e28806d4ab63;391.87;0.0145483;UNKNOWN
2016-01-27T04:13:05.000000;2016-01-27T04:13:05.000000;546834cd-1fcd-482f-8e81-5a903171a325;391.89;0.07882169;UNKNOWN
2016-01-27T04:14:27.000000;2016-01-27T04:14:27.000000;95943b89-d751-4baa-be78-aedbed4e987e;392.54;0.1;UNKNOWN
2016-01-27T04:15:05.000000;2016-01-27T04:15:05.000000;d30097b5-7c7e-4a17-89b4-42dedfecfac2;391.82;1.0;UNKNOWN
2016-01-27T04:17:33.000000;2016-01-27T04:17:33.000000;3307246c-4f9d-42ab-b661-bdf7c05fc3aa;392.06;0.08941614;UNKNOWN
2016-01-27T04:17:43.000000;2016-01-27T04:17:43.000000;bf9c3c9f-be13-4ece-ab34-1399f813a96d;392.26;0.3;UNKNOWN
2016-01-27T04:18:06.000000;2016-01-27T04:18:06.000000;8df3ca9d-417e-4dda-8784-00c26c0a46fb;392.12;5.87262012;UNKNOWN
2016-01-27T04:18:50.000000;2016-01-27T04:18:50.000000;943b2894-162b-40da-8cee-c4b971c6c420;392.24;6.3626;UNKNOWN
2016-01-27T04:19:03.000000;2016-01-27T04:19:03.000000;df8bbbd2-7e0d-4280-ac92-1bf13bcfd869;392.3;0.60612;UNKNOWN
2016-01-27T04:19:03.000000;2016-01-27T04:19:03.000000;2cc978ec-9e61-4b23-8670-9b53735fa7d3;392.29;0.5;UNKNOWN
2016-01-27T04:19:03.000000;2016-01-27T04:19:03.000000;e3f07ac8-e052-422b-a076-01c382217d86;392.51;3.0;UNKNOWN
2016-01-27T04:19:03.000000;2016-01-27T04:19:03.000000;8b8e5c8a-04bf-4f7d-8e71-21776e880a69;392.52;0.89388;UNKNOWN
2016-01-27T04:22:56.000000;2016-01-27T04:22:56.000000;83ce769c-571f-4ebb-b5f4-8f3287f27ef6;392.51;1.0;UNKNOWN
2016-01-27T04:24:05.000000;2016-01-27T04:24:05.000000;511193cc-a290-421e-a65f-fd73eddc1bb7;392.41;10.0;UNKNOWN
2016-01-27T04:24:06.000000;2016-01-27T04:24:06.000000;16a32b62-1c27-4532-b7db-e8ee4c2cd3ab;392.15;0.86;UNKNOWN
2016-01-27T04:24:06.000000;2016-01-27T04:24:06.000000;a6efd489-c126-48eb-91a8-4fa8937f22fe;392.41;2.21;UNKNOWN
2016-01-27T04:27:03.000000;2016-01-27T04:27:03.000000;91c71853-6f6b-42c7-9996-0a561028fd92;392.37;1.0;UNKNOWN
2016-01-27T04:27:05.000000;2016-01-27T04:27:05.000000;7a945458-e63b-4412-a3df-2a1a51687299;391.87;0.18777595;UNKNOWN
2016-01-27T04:27:56.000000;2016-01-27T04:27:56.000000;4ef5932d-2759-4379-8b6d-627267cc9c44;391.85;0.9474;UNKNOWN
2016-01-27T04:27:56.000000;2016-01-27T04:27:56.000000;a7ca6d68-676b-4ac3-b1a9-7079c9600902;391.85;0.5;UNKNOWN
2016-01-27T04:28:27.000000;2016-01-27T04:28:27.000000;f2c636c0-4411-4445-94ff-78eb7eed43bf;391.93;0.5;UNKNOWN
2016-01-27T04:28:27.000000;2016-01-27T04:28:27.000000;81a99a9c-ceca-4da9-87fd-44ec15bd922c;391.93;1.05788744;UNKNOWN
2016-01-27T04:29:03.000000;2016-01-27T04:29:03.000000;349b6da4-4859-4959-ab14-20cfa84d0244;391.92;0.02553964;UNKNOWN
2016-01-27T04:29:05.000000;2016-01-27T04:29:05.000000;33d65670-15b0-44b6-87ae-14649d8e8996;391.92;3.6;UNKNOWN
2016-01-27T04:29:06.000000;2016-01-27T04:29:06.000000;1c6703d7-af0c-4a03-be55-39c2487d2b15;391.92;1.37446036;UNKNOWN
2016-01-27T04:29:06.000000;2016-01-27T04:29:06.000000;9c58584a-319d-44d3-b62c-e15604f64fe4;391.85;6.313;UNKNOWN
2016-01-27T04:29:06.000000;2016-01-27T04:29:06.000000;6d2b11cf-57c1-4983-8189-8d26d0618465;391.84;2.31253964;UNKNOWN
2016-01-27T04:30:53.000000;2016-01-27T04:30:53.000000;71ab1be6-7039-4a2d-938b-fb64743dbb9c;391.82;0.08430664;UNKNOWN
2016-01-27T04:31:06.000000;2016-01-27T04:31:06.000000;9827e92f-03af-4dab-88de-d447ba49a783;391.82;2.4553114;UNKNOWN
2016-01-27T04:31:06.000000;2016-01-27T04:31:06.000000;3ce10715-2121-4b98-bf58-a13649dfa602;391.83;6.3464;UNKNOWN
2016-01-27T04:31:06.000000;2016-01-27T04:31:06.000000;29015c58-0a51-4df9-96d9-57302942e83d;391.82;1.1982886;UNKNOWN
2016-01-27T04:31:07.000000;2016-01-27T04:31:07.000000;d8aea3c2-0d85-4139-88e0-4cdb104e236a;391.82;1.34132944;UNKNOWN
2016-01-27T04:31:07.000000;2016-01-27T04:31:07.000000;7f978edb-6e11-4866-a441-ad87216275f7;391.82;2.53961804;UNKNOWN
2016-01-27T04:31:07.000000;2016-01-27T04:31:07.000000;49c8ab7a-3c1f-4511-90cf-517f4e84e0ca;391.82;1.11905252;UNKNOWN
2016-01-27T04:31:07.000000;2016-01-27T04:31:07.000000;7c031952-7038-42ca-a746-2a7f30699cbd;391.82;5.0;UNKNOWN
2016-01-27T04:31:16.000000;2016-01-27T04:31:16.000000;77c93398-4ca2-4961-b90a-10560549336e;391.82;5.0;UNKNOWN
2016-01-27T04:31:16.000000;2016-01-27T04:31:16.000000;729b98d2-a015-466b-98ed-82df5135e943;391.82;4.0;UNKNOWN
2016-01-27T04:31:48.000000;2016-01-27T04:31:48.000000;9d6c9d65-a3ad-4fcb-83fe-e949817ae0cf;391.83;6.3327;UNKNOWN
2016-01-27T04:31:48.000000;2016-01-27T04:31:48.000000;b32271a7-762c-4ccf-bdaf-9172f1a5ee9f;391.82;2.53861874;UNKNOWN
2016-01-27T04:31:48.000000;2016-01-27T04:31:48.000000;58894597-93f7-4560-b50d-58263efcd851;391.76;0.98008978;UNKNOWN
2016-01-27T04:31:48.000000;2016-01-27T04:31:48.000000;5530f843-5ae5-468a-ab9d-e23a34436d07;391.82;5.0;UNKNOWN
2016-01-27T04:31:48.000000;2016-01-27T04:31:48.000000;ff6dcbc1-8d96-418b-8226-c1dd90b8a86d;391.81;2.53861874;UNKNOWN
2016-01-27T04:31:48.000000;2016-01-27T04:31:48.000000;69d35481-285c-4751-a513-94604c9f8872;391.82;2.53861874;UNKNOWN
2016-01-27T04:31:48.000000;2016-01-27T04:31:48.000000;59764e3c-4421-4201-b15a-eb8cca170c1f;391.81;0.071354;UNKNOWN
2016-01-27T04:32:01.000000;2016-01-27T04:32:01.000000;e394baae-2336-41bf-94fe-977403f1dcaa;391.7;0.31981521;UNKNOWN
2016-01-27T04:32:05.000000;2016-01-27T04:32:05.000000;206dbea2-c02c-49e2-84f7-fec701ac03dc;391.7;4.59764743;UNKNOWN
2016-01-27T04:32:05.000000;2016-01-27T04:32:05.000000;0f972bc4-9ac4-4bc7-97f5-1abbaf332218;391.7;2.21883575;UNKNOWN
2016-01-27T04:32:06.000000;2016-01-27T04:32:06.000000;23e6866b-f631-43d4-a202-4977673208b8;391.7;0.40235257;UNKNOWN
2016-01-27T04:32:06.000000;2016-01-27T04:32:06.000000;7ea34863-3335-4ff6-88df-cf4a06451ccc;391.65;3.59764743;UNKNOWN
2016-01-27T04:32:06.000000;2016-01-27T04:32:06.000000;3f9ec587-595e-432f-a1ac-b291292bd7e6;391.69;1.0;UNKNOWN
2016-01-27T04:32:22.000000;2016-01-27T04:32:22.000000;cd5a492c-8da3-4a7c-bd71-e2992867f44a;391.7;0.12627857;UNKNOWN
2016-01-27T04:33:38.000000;2016-01-27T04:33:38.000000;2b800186-6a9a-4aaa-b8ca-3572b076f323;391.99;2.0;UNKNOWN
2016-01-27T04:35:34.000000;2016-01-27T04:35:34.000000;2484ba3a-effb-4aaf-9250-c2bbb48a9bc0;392.0;0.01;UNKNOWN
2016-01-27T04:36:59.000000;2016-01-27T04:36:59.000000;44154f82-bb48-4210-86ec-cb1260207e6b;392.0;0.095;UNKNOWN
2016-01-27T04:36:59.000000;2016-01-27T04:36:59.000000;e2e111a8-4940-49ee-8e46-b501c8f38b41;392.0;1.905;UNKNOWN
2016-01-27T04:37:05.000000;2016-01-27T04:37:05.000000;3cca025d-4614-486f-918b-a99b22b0d652;391.9;0.04316678;UNKNOWN
2016-01-27T04:39:05.000000;2016-01-27T04:39:05.000000;228d4af7-223a-4e04-8151-f8dda1a61d53;391.84;0.81;UNKNOWN
2016-01-27T04:39:06.000000;2016-01-27T04:39:06.000000;bde4acdc-08f1-4e4e-b7c4-bd41b8892e8a;391.99;0.59756495;UNKNOWN
2016-01-27T04:40:11.000000;2016-01-27T04:40:11.000000;5e74c31e-2cc4-4c51-8965-81742dcff5cc;391.93;0.39960018;UNKNOWN
2016-01-27T04:40:42.000000;2016-01-27T04:40:42.000000;2ed526a2-4aef-4540-9d06-01cd3768e71d;391.95;0.08173521;UNKNOWN
2016-01-27T04:41:05.000000;2016-01-27T04:41:05.000000;c7ef9ce3-ab4c-4041-ab09-5c4f4ffacb2a;392.0;0.03;UNKNOWN
2016-01-27T04:41:24.000000;2016-01-27T04:41:24.000000;e61b6f87-d8a9-4835-b836-3e64c4099a85;392.0;0.1;UNKNOWN
2016-01-27T04:41:26.000000;2016-01-27T04:41:26.000000;0f10b3cb-c522-4875-8520-6a51e501fbdf;392.0;0.1;UNKNOWN
2016-01-27T04:41:27.000000;2016-01-27T04:41:27.000000;ee73b686-0860-4b58-9169-0ad0d148c62f;392.0;0.1;UNKNOWN
2016-01-27T04:41:29.000000;2016-01-27T04:41:29.000000;41adaaf5-20e0-449a-ac3c-30cb9a64a4c8;392.0;0.1;UNKNOWN
2016-01-27T04:41:30.000000;2016-01-27T04:41:30.000000;b6f44598-90b3-4c11-b42c-a4235b02f19f;392.0;0.1;UNKNOWN
2016-01-27T04:41:32.000000;2016-01-27T04:41:32.000000;9ea7dca0-d5b7-4a12-9f40-ceea51ec394e;392.0;0.1;UNKNOWN
2016-01-27T04:41:33.000000;2016-01-27T04:41:33.000000;d68fa7e2-4342-4253-a16f-dc51f5b9603d;392.0;0.1;UNKNOWN
2016-01-27T04:41:34.000000;2016-01-27T04:41:34.000000;c4bd733b-9f10-458a-bb5c-6fae98ee8ddb;392.19;6.3763;UNKNOWN
2016-01-27T04:41:34.000000;2016-01-27T04:41:34.000000;2e41f14a-45d5-4a88-b7bc-12874739e386;392.0;0.6498;UNKNOWN
2016-01-27T04:41:34.000000;2016-01-27T04:41:34.000000;9c3d6608-35a5-4cf0-9d86-7ad913f43c15;392.2;1.8139;UNKNOWN
2016-01-27T04:41:35.000000;2016-01-27T04:41:35.000000;aa60e0b3-e25a-4ee7-b683-5a6f4e564c8d;392.2;0.1;UNKNOWN
2016-01-27T04:41:37.000000;2016-01-27T04:41:37.000000;172e0c1f-8261-4a7d-aa01-0ee5da525707;392.2;0.1;UNKNOWN
2016-01-27T04:41:38.000000;2016-01-27T04:41:38.000000;746b5db8-c479-4ad3-b886-e0fcf6b35354;392.2;0.1;UNKNOWN
2016-01-27T04:41:40.000000;2016-01-27T04:41:40.000000;10353c6e-1ee1-42ad-890b-99475aa9789a;392.2;0.1;UNKNOWN
2016-01-27T04:41:42.000000;2016-01-27T04:41:42.000000;ad061f04-e95f-4303-9429-87d7e9b6f21c;392.2;0.1;UNKNOWN
2016-01-27T04:41:43.000000;2016-01-27T04:41:43.000000;2a11025d-8b3e-4bff-b7c2-a679a99cef4c;392.2;0.1;UNKNOWN
2016-01-27T04:41:45.000000;2016-01-27T04:41:45.000000;ac862807-601f-4b99-bba3-8fec0ba5d27b;392.2;0.1;UNKNOWN
2016-01-27T04:41:46.000000;2016-01-27T04:41:46.000000;9c352ca1-008c-41a5-8a4b-63bd6f1a1087;392.2;7.0;UNKNOWN
2016-01-27T04:41:46.000000;2016-01-27T04:41:46.000000;e35e7926-42b9-4ee9-939d-4ea9e7c07af1;392.2;0.1;UNKNOWN
2016-01-27T04:41:48.000000;2016-01-27T04:41:48.000000;f7eba8e0-0a72-4988-9b36-ce6c47c20428;392.2;0.1;UNKNOWN
2016-01-27T04:41:50.000000;2016-01-27T04:41:50.000000;cbaab019-6836-4a95-ac2e-8db845673a4d;392.23;0.157;UNKNOWN
2016-01-27T04:41:50.000000;2016-01-27T04:41:50.000000;b0d0b5e4-9cdf-4eff-8faf-a59364e9e3ac;392.54;3.8761;UNKNOWN
2016-01-27T04:41:50.000000;2016-01-27T04:41:50.000000;17cca796-c54d-435f-a7ac-9205e78d85d6;393.3;15.6551;UNKNOWN
2016-01-27T04:41:50.000000;2016-01-27T04:41:50.000000;dee32cc4-8620-4d0a-98c0-554510f8d6e2;393.73;2.53283183;UNKNOWN
2016-01-27T04:41:50.000000;2016-01-27T04:41:50.000000;12488e77-4540-4053-b6be-396084bab256;393.7;10.0;UNKNOWN
2016-01-27T04:41:50.000000;2016-01-27T04:41:50.000000;32908c0c-b9cc-47e6-b031-be91d7f37b35;392.56;4.9398;UNKNOWN
2016-01-27T04:41:50.000000;2016-01-27T04:41:50.000000;b424ca81-198d-4a61-b17a-ff0b8b852fb3;393.35;0.5;UNKNOWN
2016-01-27T04:41:50.000000;2016-01-27T04:41:50.000000;b68219fe-c221-489c-a518-40b713eb3c67;393.75;2.53196607;UNKNOWN
2016-01-27T04:41:50.000000;2016-01-27T04:41:50.000000;c5bd534b-4a9d-4c1f-9fb3-0c7244ccc80f;393.79;17.1596;UNKNOWN
2016-01-27T04:41:50.000000;2016-01-27T04:41:50.000000;cc2500f3-1e78-4bcc-86fd-e4f7d6638267;393.7;2.53196607;UNKNOWN
2016-01-27T04:41:50.000000;2016-01-27T04:41:50.000000;2fc7a3a6-d91d-4ed0-bf3f-60ebcf1f929b;392.58;0.5109;UNKNOWN
2016-01-27T04:41:50.000000;2016-01-27T04:41:50.000000;d8d7b4f9-8146-4a2b-b404-ce44798cef77;392.23;0.026;UNKNOWN
2016-01-27T04:41:50.000000;2016-01-27T04:41:50.000000;a86584a4-9a14-49dd-b71c-23d90186225f;392.6;0.01431567;UNKNOWN
2016-01-27T04:41:50.000000;2016-01-27T04:41:50.000000;a8b7f726-3de8-4bf1-81cc-6d0786861c7c;393.04;0.05;UNKNOWN
2016-01-27T04:41:50.000000;2016-01-27T04:41:50.000000;dc8d8362-40e3-426b-b4fc-7a4f5f51e365;393.0;0.05;UNKNOWN
2016-01-27T04:41:50.000000;2016-01-27T04:41:50.000000;e4f6964f-0e6d-41a9-92c9-45671bb24b2b;392.8;0.05;UNKNOWN
2016-01-27T04:41:50.000000;2016-01-27T04:41:50.000000;99cb551c-52d0-4ca3-8db9-4493ea1e5aec;393.05;0.05;UNKNOWN
2016-01-27T04:41:50.000000;2016-01-27T04:41:50.000000;b079f3a1-6999-4f10-9128-f5cde57dafbb;392.7;6.5794;UNKNOWN
2016-01-27T04:41:50.000000;2016-01-27T04:41:50.000000;fdb1713c-729e-42bd-aabc-6701b55226a6;393.61;1.01;UNKNOWN
2016-01-27T04:41:50.000000;2016-01-27T04:41:50.000000;47de46cb-d2dc-4b31-ae70-e184e73e36ef;392.59;0.055586;UNKNOWN
2016-01-27T04:41:50.000000;2016-01-27T04:41:50.000000;46882666-defc-4d81-8f4e-27402c2a0a31;393.47;16.2378;UNKNOWN
2016-01-27T04:41:50.000000;2016-01-27T04:41:50.000000;f1e6c16c-7081-41bf-a1e7-d60898a9d2fa;393.35;0.5;UNKNOWN
2016-01-27T04:41:50.000000;2016-01-27T04:41:50.000000;68b934e3-246e-43c1-9f51-41072c262987;393.45;0.78991;UNKNOWN
2016-01-27T04:41:50.000000;2016-01-27T04:41:50.000000;6ab128a2-f5c8-476b-bfde-7cdce3540384;393.81;2.53196607;UNKNOWN
2016-01-27T04:41:50.000000;2016-01-27T04:41:50.000000;bf75d4c8-90a0-4813-989e-e99e60701cbb;392.2;2.4183;UNKNOWN
2016-01-27T04:41:50.000000;2016-01-27T04:41:50.000000;c83ceb05-f8bb-421d-93ae-e19a6f3bd27c;393.35;14.9704;UNKNOWN
2016-01-27T04:41:50.000000;2016-01-27T04:41:50.000000;abe3f524-a6ea-4c47-999e-aaee6f0c8ff9;393.4;1.0;UNKNOWN
2016-01-27T04:41:50.000000;2016-01-27T04:41:50.000000;f1669a1e-0fb7-4b61-9f08-e09a341a1809;393.8;2.53276768;UNKNOWN
2016-01-27T04:41:50.000000;2016-01-27T04:41:50.000000;cdf8003c-296c-4c26-973c-fa4587b73541;393.46;0.5;UNKNOWN
2016-01-27T04:41:50.000000;2016-01-27T04:41:50.000000;5eb7662b-49db-45c0-aec4-9f37553832b9;393.73;2.0;UNKNOWN
2016-01-27T04:41:50.000000;2016-01-27T04:41:50.000000;4233320c-9b96-4bd8-a60e-765e667938bb;393.6;0.3;UNKNOWN
2016-01-27T04:41:50.000000;2016-01-27T04:41:50.000000;0767f2d4-901e-4dfb-aeab-cd17a892ce51;393.62;14.5785;UNKNOWN
2016-01-27T04:41:50.000000;2016-01-27T04:41:50.000000;f54ec475-65ff-407f-903f-01667a2ea5a2;392.2;0.1;UNKNOWN
2016-01-27T04:41:50.000000;2016-01-27T04:41:50.000000;941ddde9-b214-4673-a7d6-b1f3901c38e9;393.86;2.53276768;UNKNOWN
2016-01-27T04:41:50.000000;2016-01-27T04:41:50.000000;dc5786e7-6d75-4ec1-b1b1-99848a1485d8;393.91;2.53283183;UNKNOWN
2016-01-27T04:41:50.000000;2016-01-27T04:41:50.000000;5c57af9e-8401-4401-8677-68939d0e7eee;393.97;2.53276768;UNKNOWN
2016-01-27T04:41:50.000000;2016-01-27T04:41:50.000000;4708f517-fd4d-45c7-aab7-ce17fe2576bd;393.99;5.0736943;UNKNOWN
2016-01-27T04:41:50.000000;2016-01-27T04:41:50.000000;eb68f0c4-8627-4f1f-a4fc-cc57068aa080;393.84;0.04995;UNKNOWN
2016-01-27T04:41:50.000000;2016-01-27T04:41:50.000000;1e3192ca-2623-4ebe-befd-ecab10cecab4;393.89;0.25250337;UNKNOWN
2016-01-27T04:41:51.000000;2016-01-27T04:41:51.000000;04cf8a1b-0ca9-4b0e-83cd-48f34768cffb;393.94;0.03;UNKNOWN
2016-01-27T04:42:21.000000;2016-01-27T04:42:21.000000;2eda736a-ac6b-430d-b939-f1336c447acd;394.0;0.5;UNKNOWN
2016-01-27T04:42:21.000000;2016-01-27T04:42:21.000000;7b17e370-37bc-4470-a6d9-86cdb5c2788d;394.0;0.5;UNKNOWN
2016-01-27T04:42:45.000000;2016-01-27T04:42:45.000000;eab548ef-e641-43e8-aa2f-7c2eed0507eb;394.0;0.07;UNKNOWN
2016-01-27T04:42:45.000000;2016-01-27T04:42:45.000000;df022a51-e1e6-499e-ac32-9be7f210208f;393.99;0.23;UNKNOWN
2016-01-27T04:42:45.000000;2016-01-27T04:42:45.000000;b858c970-fc89-4260-962d-7f779030f500;394.0;0.5;UNKNOWN
2016-01-27T04:43:16.000000;2016-01-27T04:43:16.000000;1e45f374-4029-48f5-b184-d3d341c12f94;393.99;0.56;UNKNOWN
2016-01-27T04:43:21.000000;2016-01-27T04:43:21.000000;692a7f68-b3e0-4f4f-aa37-303a7b50d5b6;393.78;4.28;UNKNOWN
2016-01-27T04:43:21.000000;2016-01-27T04:43:21.000000;71420b27-c4f1-40f4-9f12-9e638bf2abf1;393.98;0.17;UNKNOWN
2016-01-27T04:43:26.000000;2016-01-27T04:43:26.000000;a2887e44-50d8-4bb2-a92c-bf3f6d3e10af;393.96;0.114;UNKNOWN
2016-01-27T04:43:32.000000;2016-01-27T04:43:32.000000;b885879f-7bad-47ef-b669-3f49ab3f6546;393.62;0.6;UNKNOWN
2016-01-27T04:43:39.000000;2016-01-27T04:43:39.000000;957a5f9c-056a-4642-9b60-f04e4203cd1c;393.44;0.021055;UNKNOWN
2016-01-27T04:44:01.000000;2016-01-27T04:44:01.000000;d9dc7906-a599-4520-95c0-09613792a8ca;393.42;0.124;UNKNOWN
2016-01-27T04:44:05.000000;2016-01-27T04:44:05.000000;89d8c6f6-241a-49fc-b8ff-0f094742fd20;393.83;0.5;UNKNOWN
2016-01-27T04:44:05.000000;2016-01-27T04:44:05.000000;b9d63405-1fb3-4491-adf1-80f1546cf2c8;393.84;1.5;UNKNOWN
2016-01-27T04:44:26.000000;2016-01-27T04:44:26.000000;36cea854-f7cf-4105-bac4-fb185a3061fd;393.43;0.2;UNKNOWN
2016-01-27T04:45:03.000000;2016-01-27T04:45:03.000000;f050c693-2cdc-48f3-bfd9-54bace2ad8a0;393.67;0.2368312;UNKNOWN
2016-01-27T04:45:43.000000;2016-01-27T04:45:43.000000;e5ecc11a-3a85-4c84-8ea8-97e83ada9bb7;393.42;0.05;UNKNOWN
2016-01-27T04:46:06.000000;2016-01-27T04:46:06.000000;f92f3ae9-f588-448e-a2f5-38cb3748bccd;393.79;2.54985;UNKNOWN
2016-01-27T04:49:12.000000;2016-01-27T04:49:12.000000;80b90d2f-361c-4713-aa69-a7552b04ef8a;393.59;4.1612;UNKNOWN
2016-01-27T04:49:12.000000;2016-01-27T04:49:12.000000;abbb932f-4678-4a71-969b-f3e8df03c759;393.59;6.3388;UNKNOWN
2016-01-27T04:51:05.000000;2016-01-27T04:51:05.000000;9714d0c9-23a0-4fe4-9368-989564f8d724;393.25;0.0875;UNKNOWN
2016-01-27T04:51:07.000000;2016-01-27T04:51:07.000000;42214470-d0b0-4315-82ec-31aa917737e9;393.25;0.0398223;UNKNOWN
2016-01-27T04:52:41.000000;2016-01-27T04:52:41.000000;da27a0f3-46da-46e5-8fd0-2863ab1eda31;393.32;0.5;UNKNOWN
2016-01-27T04:52:53.000000;2016-01-27T04:52:53.000000;a98790e1-d32e-42e4-8c1d-71f8ca03c1b6;393.26;0.02800002;UNKNOWN
2016-01-27T04:55:12.000000;2016-01-27T04:55:12.000000;29862941-7a1c-419f-a88f-698cbf14f75e;393.26;0.24944847;UNKNOWN
2016-01-27T04:56:04.000000;2016-01-27T04:56:04.000000;1f863fb0-1ca4-4890-bdb1-0c1e14136adc;393.26;0.1;UNKNOWN
2016-01-27T04:56:06.000000;2016-01-27T04:56:06.000000;870d27ef-a3e4-4a50-97b5-2c69d4586fdf;393.26;0.1;UNKNOWN
2016-01-27T04:56:11.000000;2016-01-27T04:56:11.000000;3580d5e8-bc64-429b-8ef9-6215262f0665;393.26;1.52255151;UNKNOWN
2016-01-27T04:56:11.000000;2016-01-27T04:56:11.000000;32470c0a-8366-462c-a8a3-6a124a174c03;393.26;0.13237434;UNKNOWN
2016-01-27T04:56:11.000000;2016-01-27T04:56:11.000000;7ba7d007-1330-49a6-8b51-ef0ed84b919e;393.25;2.0;UNKNOWN
2016-01-27T04:56:11.000000;2016-01-27T04:56:11.000000;95647cac-d87a-45bd-b184-708ed2fc3423;393.08;0.34507415;UNKNOWN
2016-01-27T04:57:06.000000;2016-01-27T04:57:06.000000;ab3caceb-6220-4901-8772-c5613f209083;393.08;0.596584;UNKNOWN
2016-01-27T05:01:05.000000;2016-01-27T05:01:05.000000;a85dabf5-81e6-41e1-8885-1996087fd798;392.97;0.5;UNKNOWN
2016-01-27T05:01:05.000000;2016-01-27T05:01:05.000000;79b89879-720f-4b46-8a1c-9b420ceab0e3;392.96;3.0;UNKNOWN
2016-01-27T05:01:05.000000;2016-01-27T05:01:05.000000;f713aba2-7912-48e0-8dc7-46af3db65ab2;392.92;0.15149917;UNKNOWN
2016-01-27T05:01:05.000000;2016-01-27T05:01:05.000000;618f1c29-f87c-42d1-82e8-ea122cdab22d;392.95;6.0;UNKNOWN
2016-01-27T05:01:06.000000;2016-01-27T05:01:06.000000;375fab72-0bcd-42d9-bf76-582dd90257fc;392.73;2.0;UNKNOWN
2016-01-27T05:01:26.000000;2016-01-27T05:01:26.000000;3a1f7a0b-d164-42ea-bf60-16cd449895d9;393.29;2.18907318;UNKNOWN
2016-01-27T05:01:40.000000;2016-01-27T05:01:40.000000;05b006ce-2592-4e8e-b3ed-e472fd67cf76;393.22;2.18600115;UNKNOWN
2016-01-27T05:02:59.000000;2016-01-27T05:02:59.000000;f7e9aeb8-9787-465e-889d-ced9d90b2194;393.18;2.19521436;UNKNOWN
2016-01-27T05:03:05.000000;2016-01-27T05:03:05.000000;7be80415-b4c9-41fc-8873-0594b6af22b0;392.79;3.7179;UNKNOWN
2016-01-27T05:03:05.000000;2016-01-27T05:03:05.000000;8d92c938-0fd1-4e53-b96a-687ab6602df8;392.83;6.2821;UNKNOWN
2016-01-27T05:03:09.000000;2016-01-27T05:03:09.000000;68a6d51e-4cfe-4870-a411-55ab19b596e4;393.18;2.18273255;UNKNOWN
2016-01-27T05:03:13.000000;2016-01-27T05:03:13.000000;c0d9cc44-7ce8-4c6a-a068-78cd5111d01f;393.17;2.18569931;UNKNOWN
2016-01-27T05:04:03.000000;2016-01-27T05:04:03.000000;6cdbeea9-bf43-4ced-b215-2c3299e64ac3;393.0;1.0;UNKNOWN
2016-01-27T05:04:05.000000;2016-01-27T05:04:05.000000;e94ccaba-b369-4845-98f9-6bd146a2cd47;393.09;2.16894823;UNKNOWN
2016-01-27T05:04:15.000000;2016-01-27T05:04:15.000000;62079498-35c5-457b-bc7a-4f0809cc2bb2;393.74;2.19414511;UNKNOWN
2016-01-27T05:05:04.000000;2016-01-27T05:05:04.000000;692b04c6-4949-464c-9e29-9e62068ead7e;393.7;0.1;UNKNOWN
2016-01-27T05:05:04.000000;2016-01-27T05:05:04.000000;ca862d94-3ca2-4f42-a718-32ac08002ca7;393.7;0.1;UNKNOWN
2016-01-27T05:05:04.000000;2016-01-27T05:05:04.000000;da8b7cfd-f6e2-4fcf-9d8a-7a9a4d11f7e9;393.7;0.1;UNKNOWN
2016-01-27T05:05:05.000000;2016-01-27T05:05:05.000000;6dc90a26-3164-4d6c-bf29-1c6ffe5d4b96;393.7;4.7;UNKNOWN
2016-01-27T05:05:05.000000;2016-01-27T05:05:05.000000;19074de0-4946-47ce-83dc-36b1246153d2;393.31;5.3;UNKNOWN
2016-01-27T05:05:30.000000;2016-01-27T05:05:30.000000;e4e2545e-7dd6-4c9b-9378-fe76fb246613;393.64;1.2003;UNKNOWN
2016-01-27T05:06:05.000000;2016-01-27T05:06:05.000000;f48d1772-2de9-47e8-b77e-0edf8598836b;393.26;1.7298;UNKNOWN
2016-01-27T05:06:05.000000;2016-01-27T05:06:05.000000;3375b7c1-4025-47bb-b91c-42e9a3da741f;393.27;6.2702;UNKNOWN
2016-01-27T05:07:45.000000;2016-01-27T05:07:45.000000;9402cd65-adeb-43d2-896d-7f7d0067d0e5;393.19;0.2;UNKNOWN
2016-01-27T05:08:07.000000;2016-01-27T05:08:07.000000;9af99ae7-1abf-4805-9076-2089144faca4;393.47;2.19060214;UNKNOWN
2016-01-27T05:08:14.000000;2016-01-27T05:08:14.000000;a5901517-3f1e-4ca5-98ee-4f6556663bd7;393.08;24.95;UNKNOWN
2016-01-27T05:08:25.000000;2016-01-27T05:08:25.000000;b9ac74bf-fe47-483a-8bb3-bd3d47f42dc5;393.41;2.17006941;UNKNOWN
2016-01-27T05:10:06.000000;2016-01-27T05:10:06.000000;f32211a4-c9ad-480b-8c49-c121228343d3;393.43;0.5;UNKNOWN
2016-01-27T05:10:06.000000;2016-01-27T05:10:06.000000;c975908a-adfa-4256-bb51-7a71083cdef5;393.43;3.0;UNKNOWN
2016-01-27T05:10:06.000000;2016-01-27T05:10:06.000000;15dc6eb7-f287-4456-8184-db13b55dc031;393.39;0.5;UNKNOWN
2016-01-27T05:10:06.000000;2016-01-27T05:10:06.000000;4d0d4cab-4f30-4d5b-a494-334ef6ece2a0;393.43;6.0;UNKNOWN
2016-01-27T05:11:11.000000;2016-01-27T05:11:11.000000;f5526ec4-2e27-44ae-a191-2d8422f97165;393.38;5.0;UNKNOWN
2016-01-27T05:11:32.000000;2016-01-27T05:11:32.000000;da6dce74-fdf5-4c31-a7a2-629dd2962e99;393.39;0.05;UNKNOWN
2016-01-27T05:11:41.000000;2016-01-27T05:11:41.000000;17482361-1086-4a71-b1c9-17df75957b4b;393.29;5.0;UNKNOWN
2016-01-27T05:12:05.000000;2016-01-27T05:12:05.000000;167e7658-7402-4d7d-95ba-ee3628269af9;393.29;2.568;UNKNOWN
2016-01-27T05:12:23.000000;2016-01-27T05:12:23.000000;937468f9-5460-4d5c-b79d-8c8e555aaa5f;393.29;0.9549;UNKNOWN
2016-01-27T05:12:52.000000;2016-01-27T05:12:52.000000;263333d8-9eae-423e-8b23-c0de6ddf37d8;393.49;0.13432372;UNKNOWN
2016-01-27T05:12:52.000000;2016-01-27T05:12:52.000000;2d56babd-371d-471e-84cd-1a8921b8b695;393.39;0.14;UNKNOWN
2016-01-27T05:12:54.000000;2016-01-27T05:12:54.000000;3ced9a32-ba36-451c-aeb5-bf42bccb97b0;393.48;0.27422394;UNKNOWN
2016-01-27T05:13:23.000000;2016-01-27T05:13:23.000000;cb10746a-badb-4a90-a2c1-63fab3d37373;393.49;0.3;UNKNOWN
2016-01-27T05:14:06.000000;2016-01-27T05:14:06.000000;66c1ef61-209c-4cf8-bd28-3ebadc9d1584;393.29;0.068565;UNKNOWN
2016-01-27T05:14:06.000000;2016-01-27T05:14:06.000000;2eb0dc44-0489-4702-8532-89be49e91b5a;393.29;6.2817;UNKNOWN
2016-01-27T05:14:06.000000;2016-01-27T05:14:06.000000;73741122-64f8-4e5b-8b13-fc89c160cbe3;393.29;3.649735;UNKNOWN
2016-01-27T05:14:29.000000;2016-01-27T05:14:29.000000;86299a69-002c-45ec-94d7-b1e69e975bb1;393.28;4.76124;UNKNOWN
2016-01-27T05:14:29.000000;2016-01-27T05:14:29.000000;526ae270-6dd0-4093-a18c-cf8197bfd3bc;393.29;0.06876;UNKNOWN
2016-01-27T05:14:45.000000;2016-01-27T05:14:45.000000;379bfee2-e0c0-4059-a9ff-131961dcfc8a;393.45;0.07440882;UNKNOWN
2016-01-27T05:14:56.000000;2016-01-27T05:14:56.000000;00441eb4-27fc-4322-b643-a2b46ebd008e;393.25;1.44739;UNKNOWN
2016-01-27T05:14:56.000000;2016-01-27T05:14:56.000000;d2ed22e3-e49b-4c50-b168-c5d57877dd7b;393.25;0.05261;UNKNOWN
2016-01-27T05:15:03.000000;2016-01-27T05:15:03.000000;d7784d4c-1cba-4dca-9283-263eb474c155;393.36;0.07458718;UNKNOWN
2016-01-27T05:15:05.000000;2016-01-27T05:15:05.000000;36236419-6ec9-44b4-8f49-b526ab44cb8f;393.2;0.2388;UNKNOWN
2016-01-27T05:15:05.000000;2016-01-27T05:15:05.000000;17bcbda7-5af3-47c4-ad23-139a3d51a428;393.13;0.3092958;UNKNOWN
2016-01-27T05:15:07.000000;2016-01-27T05:15:07.000000;71fe7777-692a-4b5f-8cdd-520827d05391;393.23;0.2388;UNKNOWN
2016-01-27T05:15:07.000000;2016-01-27T05:15:07.000000;041517c8-25f6-4c9a-80d6-062ef2ad8d3b;393.13;3.7177958;UNKNOWN
2016-01-27T05:15:07.000000;2016-01-27T05:15:07.000000;52773758-0bbe-498e-9bf4-962d145d0cca;393.13;6.0434042;UNKNOWN
2016-01-27T05:15:33.000000;2016-01-27T05:15:33.000000;3882c714-f119-4f80-93d8-e1ffe766c9a0;393.44;0.1726;UNKNOWN
2016-01-27T05:15:33.000000;2016-01-27T05:15:33.000000;9e023d1d-0d43-4bc9-9640-139ab179c662;393.31;3.0;UNKNOWN
2016-01-27T05:15:33.000000;2016-01-27T05:15:33.000000;78ab7a88-85c5-4530-92fd-91f8a19c9335;393.4;1.0;UNKNOWN
2016-01-27T05:15:33.000000;2016-01-27T05:15:33.000000;3ece08fc-47f2-4fc4-be0d-cc2cbcc31837;393.33;6.3274;UNKNOWN
2016-01-27T05:15:33.000000;2016-01-27T05:15:33.000000;51ac73fc-0d1b-4ed7-855f-8b12e7340ca4;393.32;6.0;UNKNOWN
2016-01-27T05:15:33.000000;2016-01-27T05:15:33.000000;485a58b5-1f39-497c-8e1d-c9ac98523cce;393.3;0.5;UNKNOWN
2016-01-27T05:15:49.000000;2016-01-27T05:15:49.000000;b91ae23f-7049-44b5-86b5-546ecd73b065;393.29;0.20224449;UNKNOWN
2016-01-27T05:15:50.000000;2016-01-27T05:15:50.000000;6625df7d-6b18-4540-918d-c1f7d72a8e7e;393.29;0.10705444;UNKNOWN
2016-01-27T05:16:14.000000;2016-01-27T05:16:14.000000;c102d7e1-8d8e-4326-9863-786d1d854590;393.4;0.17852244;UNKNOWN
2016-01-27T05:16:14.000000;2016-01-27T05:16:14.000000;76c46c88-d909-4b88-8d1e-39532e919190;393.4;0.29652151;UNKNOWN
2016-01-27T05:16:15.000000;2016-01-27T05:16:15.000000;f03b0f70-6252-4ed8-b7d2-68ce538e7a12;393.4;0.17873088;UNKNOWN
2016-01-27T05:16:16.000000;2016-01-27T05:16:16.000000;bddb03e2-0221-47f3-8714-47a747690357;393.4;0.17846032;UNKNOWN
2016-01-27T05:16:18.000000;2016-01-27T05:16:18.000000;d5487045-d34d-4b1e-bcf4-6e6e78222b63;393.4;0.55180198;UNKNOWN
2016-01-27T05:16:19.000000;2016-01-27T05:16:19.000000;e62841ee-4a2d-4eaf-83fe-061003d94283;393.4;0.26696312;UNKNOWN
2016-01-27T05:16:19.000000;2016-01-27T05:16:19.000000;ca5c6660-38a7-46c8-8f66-9347b3e3c9eb;393.4;0.01907447;UNKNOWN
2016-01-27T05:16:19.000000;2016-01-27T05:16:19.000000;308c65f5-c42a-4a98-abc0-e63f033af63e;393.4;0.34289146;UNKNOWN
2016-01-27T05:16:20.000000;2016-01-27T05:16:20.000000;9c52c66e-512a-43c8-9133-60566f83247c;393.4;0.19753479;UNKNOWN
2016-01-27T05:16:20.000000;2016-01-27T05:16:20.000000;ba801760-f016-4ed6-b22a-49ee1be92227;393.4;0.01907447;UNKNOWN
2016-01-27T05:16:21.000000;2016-01-27T05:16:21.000000;2881ca42-7241-4da1-9691-2920134b151d;393.4;0.09405356;UNKNOWN
2016-01-27T05:16:21.000000;2016-01-27T05:16:21.000000;26ac90ab-bbc6-435b-aa8b-ee1ecc6fad88;393.4;0.05130311;UNKNOWN
2016-01-27T05:16:22.000000;2016-01-27T05:16:22.000000;d555a88e-df03-49e2-86cb-10b570551c90;393.4;0.04869689;UNKNOWN
2016-01-27T05:16:24.000000;2016-01-27T05:16:24.000000;12aa9ca3-85e3-4411-9df6-434a3515957a;393.43;0.1;UNKNOWN
2016-01-27T05:16:29.000000;2016-01-27T05:16:29.000000;dab1b833-fb2f-4e0a-92a2-5c9d8c8ddb3e;393.44;0.08284473;UNKNOWN
2016-01-27T05:16:33.000000;2016-01-27T05:16:33.000000;7ab4966e-033f-4ae9-9cad-5d2559676abe;393.44;0.06044289;UNKNOWN
2016-01-27T05:16:33.000000;2016-01-27T05:16:33.000000;546776b8-51dd-44a5-8b44-16cdfb8fc9be;393.4;0.1;UNKNOWN
2016-01-27T05:16:34.000000;2016-01-27T05:16:34.000000;8450986d-9f1e-4f2b-a165-e3896940acdd;393.44;0.04588077;UNKNOWN
2016-01-27T05:16:36.000000;2016-01-27T05:16:36.000000;c48f0a78-7173-4d20-b931-f8f622abc299;393.42;0.1;UNKNOWN
