time_exchange;time_coinpai;guid;price;base_amount;taker_side
2016-01-27T00:00:01.730000;2016-01-27T00:00:01.753000;4fdcbcbd-73f7-4ba3-879e-e602f93cd229;391.7;0.09;BUY
2016-01-27T00:00:01.730000;2016-01-27T00:00:01.770000;10d78ff3-13af-4b22-83e9-904dbc9cd290;391.71;0.01;BUY
2016-01-27T00:00:01.730000;2016-01-27T00:00:01.770000;938ea42d-7e9b-4d19-ad79-8590cf08bbf4;391.74;0.00065;BUY
2016-01-27T00:00:31.697000;2016-01-27T00:00:31.723000;2e10b09b-fa38-4f82-8d2e-464f619484da;391.73;0.26;SELL
2016-01-27T00:00:31.697000;2016-01-27T00:00:31.737000;ac119a1a-3ebd-479b-ad3c-f4d574d3b09c;391.72;0.25;SELL
2016-01-27T00:00:31.697000;2016-01-27T00:00:31.737000;60451d46-7468-4fef-a139-a20a75823ff7;391.71;0.03;SELL
2016-01-27T00:00:31.697000;2016-01-27T00:00:31.737000;29af784e-52b6-4877-baf5-6585097acba9;391.71;0.20988;SELL
2016-01-27T00:01:01.653000;2016-01-27T00:01:01.677000;5dc40043-9621-4b53-b3e8-f8acb0ec18af;391.8;0.02404993;BUY
2016-01-27T00:01:01.653000;2016-01-27T00:01:01.690000;48ab9c94-b1c3-4766-a018-cc25ac9c22e7;391.81;0.02911148;BUY
2016-01-27T00:01:01.653000;2016-01-27T00:01:01.690000;d5cd66f2-118f-4511-90be-cf5766a933c3;391.82;0.0199381;BUY
2016-01-27T00:01:01.653000;2016-01-27T00:01:01.690000;af975ed4-1f58-4840-9874-870596267399;391.83;0.0238;BUY
2016-01-27T00:01:01.653000;2016-01-27T00:01:01.707000;1ea1f20d-f639-4681-b1d7-878c23908506;391.84;0.25;BUY
2016-01-27T00:01:01.653000;2016-01-27T00:01:01.707000;0710d145-f275-4729-b0ca-82cca15fdecc;391.86;0.01;BUY
2016-01-27T00:01:01.653000;2016-01-27T00:01:01.707000;b1571f8d-8590-480b-838a-88b45d72519f;391.87;0.088;BUY
2016-01-27T00:01:01.657000;2016-01-27T00:01:01.707000;f6b2aa7b-82ca-47d9-acc5-d47523ad0013;391.92;0.087;BUY
2016-01-27T00:01:01.657000;2016-01-27T00:01:01.707000;c8b997ad-bf9c-4adf-8f23-e381460c1160;391.97;0.081;BUY
2016-01-27T00:01:01.657000;2016-01-27T00:01:01.723000;0caf577a-bdd7-4518-b78b-1bde257f3ca7;392.0;0.01;BUY
2016-01-27T00:01:01.657000;2016-01-27T00:01:01.723000;6e1934a9-6598-45a3-aa82-2700b04e8279;392.02;0.11;BUY
2016-01-27T00:01:01.657000;2016-01-27T00:01:01.723000;c0c21cae-f340-4a2b-813d-cc69441b3ed8;392.03;3.10952049;BUY
2016-01-27T00:01:31.707000;2016-01-27T00:01:31.723000;8387e6dd-dd08-40a3-b119-2e9cad4256ec;391.93;0.813;BUY
2016-01-27T00:01:31.707000;2016-01-27T00:01:31.737000;3de06102-bd54-462c-b57a-4b9a86159a02;391.94;0.813;BUY
2016-01-27T00:01:31.707000;2016-01-27T00:01:31.737000;63fbc3e3-1905-4293-9089-0e7d5cf65738;391.94;0.25;BUY
2016-01-27T00:01:31.707000;2016-01-27T00:01:31.737000;ded713e6-598c-4bf5-ba23-6adf7b8b764e;391.95;0.786;BUY
2016-01-27T00:01:31.707000;2016-01-27T00:01:31.737000;1ad901d1-c985-492f-84d2-6c3b65218d3b;391.96;0.828;BUY
2016-01-27T00:01:31.710000;2016-01-27T00:01:31.737000;7d674a2a-12ea-4015-bac1-23bada0becce;391.96;2.82884;BUY
2016-01-27T00:02:01.670000;2016-01-27T00:02:01.690000;f6168037-a1d3-4278-8b17-ecbde66cdab6;391.92;0.38122;SELL
2016-01-27T00:03:01.473000;2016-01-27T00:03:01.487000;0b790c52-ef87-4cc1-ab41-8107c02a538f;391.83;0.617;BUY
2016-01-27T00:03:01.473000;2016-01-27T00:03:01.487000;79b24027-daa2-4d7c-aa70-a9f9f854c0d1;391.83;0.2392;BUY
2016-01-27T00:03:31.400000;2016-01-27T00:03:31.410000;0e3eaf4c-ccac-486f-999d-a530b48bc9d7;391.82;0.020289;BUY
2016-01-27T00:03:31.400000;2016-01-27T00:03:31.427000;7041e2ce-428c-4aef-82da-164673473f11;391.83;0.023536;BUY
2016-01-27T00:03:31.400000;2016-01-27T00:03:31.427000;dc1a079f-831a-4a8c-8a69-152cb7928a12;391.84;0.222115;BUY
2016-01-27T00:04:01.447000;2016-01-27T00:04:01.457000;2e8f4d0d-3429-4fbf-a263-f1a5925a717d;391.85;0.01762444;BUY
2016-01-27T00:04:01.447000;2016-01-27T00:04:01.473000;defcc7e3-4cb3-4aac-85fa-65ee7ae17f24;391.86;0.020556;BUY
2016-01-27T00:04:01.447000;2016-01-27T00:04:01.473000;f85de083-6a19-4f4e-b41b-7e4d4600d769;391.9;0.16;BUY
2016-01-27T00:04:01.447000;2016-01-27T00:04:01.473000;f626da08-6327-4d31-b29d-1ab9f7b8c54d;391.93;0.02710857;BUY
2016-01-27T00:04:01.447000;2016-01-27T00:04:01.473000;bd236b27-0e57-477c-9eda-14d0020ebf04;391.93;0.103;BUY
2016-01-27T00:04:01.447000;2016-01-27T00:04:01.473000;b65d87bb-4f37-4cbe-895e-80407ca8294b;391.94;0.88558099;BUY
2016-01-27T00:04:31.870000;2016-01-27T00:04:31.880000;b5f3cfb5-90a5-44ad-9d72-01ce5a553fbb;391.75;0.592;BUY
2016-01-27T00:04:31.870000;2016-01-27T00:04:31.893000;ae9da666-486d-41b6-81a9-e3a452fd7cdd;391.75;0.31833;BUY
2016-01-27T00:05:01.503000;2016-01-27T00:05:01.503000;76fc7ee4-b4d8-4a88-9104-7188dcbbd7d4;391.75;0.05167;BUY
2016-01-27T00:05:01.503000;2016-01-27T00:05:01.520000;75001869-0c2e-4dbe-85c3-5d511067a94b;391.75;1.28098;BUY
2016-01-27T00:05:30.130000;2016-01-27T00:05:30.130000;abd141cb-d58f-4e2b-a7bf-13a7b9b0da34;391.74;0.01;SELL
2016-01-27T00:05:30.130000;2016-01-27T00:05:30.160000;795144de-d8e9-4ef5-9b7e-adb5901f9381;391.74;0.01;SELL
2016-01-27T00:05:30.130000;2016-01-27T00:05:30.160000;51ace8a4-d3ce-4cc2-b888-c93307fe41e8;391.73;0.02989804;SELL
2016-01-27T00:05:30.130000;2016-01-27T00:05:30.160000;b3afc850-d1bf-4de1-b396-f441d8f6285c;391.72;0.0283362;SELL
2016-01-27T00:05:30.130000;2016-01-27T00:05:30.160000;282579fe-28aa-41a6-9907-23c5811de792;391.7;0.25;SELL
2016-01-27T00:05:30.130000;2016-01-27T00:05:30.160000;da85fb0b-3f5e-439f-97cc-cf1610ec1056;391.69;0.0263048;SELL
2016-01-27T00:05:30.130000;2016-01-27T00:05:30.160000;b7639336-3b23-4de5-b9af-ad44225cc6df;391.69;0.102;SELL
2016-01-27T00:05:30.130000;2016-01-27T00:05:30.177000;f2f553a5-579c-43a8-8292-0a2cfffe9b2b;391.68;0.01;SELL
2016-01-27T00:05:30.130000;2016-01-27T00:05:30.177000;cd4c359d-94e3-4ce0-9625-0b0d3ed49ac1;391.64;0.106;SELL
2016-01-27T00:05:30.217000;2016-01-27T00:05:30.223000;d44312c2-c589-4ab7-aa27-244d94bca595;391.63;0.25;BUY
2016-01-27T00:06:01.610000;2016-01-27T00:06:01.630000;caadd08c-65ad-4b0b-84c6-a2d48967f4f4;391.58;0.01;SELL
2016-01-27T00:06:01.610000;2016-01-27T00:06:01.630000;10bf670f-e0e3-4abd-ab31-cf458b778596;391.57;0.020578;SELL
2016-01-27T00:06:01.610000;2016-01-27T00:06:01.630000;ff089ab7-f530-402f-9dcb-f435f31ee6b0;391.56;0.005442;SELL
2016-01-27T00:06:31.560000;2016-01-27T00:06:31.567000;1cd0e0cc-e24f-48ad-a3f8-d1fbecdd4210;391.56;0.37;BUY
2016-01-27T00:06:31.560000;2016-01-27T00:06:31.580000;f17db2ae-be51-4268-889d-98c688556299;391.56;0.32;BUY
2016-01-27T00:06:31.560000;2016-01-27T00:06:31.580000;f4133951-4ebd-47b3-a8a7-1dbefac20582;391.56;0.37;BUY
2016-01-27T00:06:31.560000;2016-01-27T00:06:31.580000;f267fb97-2812-4d29-969b-6a77d01e9f99;391.56;0.3;BUY
2016-01-27T00:06:31.560000;2016-01-27T00:06:31.580000;91caa96e-df8f-4c29-80d6-bf4a0b62d353;391.56;0.0264;BUY
2016-01-27T00:07:02.170000;2016-01-27T00:07:02.177000;e6ee4f09-ca4f-4f98-b596-52dc7f828090;391.56;0.0952;BUY
2016-01-27T00:07:10.433000;2016-01-27T00:07:10.440000;c04d22d5-f62b-4c6f-a0d6-c6454ac25b5b;391.56;0.04026857;BUY
2016-01-27T00:07:10.473000;2016-01-27T00:07:10.487000;488323ef-fc0d-4000-8193-845bdd7e5262;391.56;0.23453143;BUY
2016-01-27T00:07:10.473000;2016-01-27T00:07:10.487000;f75549f7-c936-44a6-a051-42924f26915f;391.56;0.65;BUY
2016-01-27T00:07:10.473000;2016-01-27T00:07:10.503000;0b8bc551-9638-468a-9e40-afeefa1f1b74;391.57;0.74488343;BUY
2016-01-27T00:07:30.907000;2016-01-27T00:07:30.910000;e1b03e6b-adbc-444b-be1c-065d87f316f5;391.58;0.37;BUY
2016-01-27T00:07:30.907000;2016-01-27T00:07:30.927000;1a2a0348-ca7d-44aa-a433-303d38c311b3;391.6;0.74;BUY
2016-01-27T00:07:30.907000;2016-01-27T00:07:30.927000;2525aff2-6468-497a-9de5-da7d8e94b1df;391.6;0.37;BUY
2016-01-27T00:07:30.907000;2016-01-27T00:07:30.927000;0403cec2-a4fe-4837-9d01-88fa49337644;391.61;3.6028;BUY
2016-01-27T00:07:31.450000;2016-01-27T00:07:31.457000;6def19c6-f4cb-4630-baf0-51b18b83b784;391.61;0.25;BUY
2016-01-27T00:07:31.450000;2016-01-27T00:07:31.457000;be1ed322-45b5-411d-9f42-c71b1b6b5707;391.61;0.06256;BUY
2016-01-27T00:08:01.510000;2016-01-27T00:08:01.503000;50ed1529-22a6-499f-a5cb-89e2b8984b73;391.54;0.37;BUY
2016-01-27T00:08:01.510000;2016-01-27T00:08:01.520000;c0c0bdaf-89e3-49d8-9cbb-8c49309a5dba;391.55;0.37;BUY
2016-01-27T00:08:01.510000;2016-01-27T00:08:01.520000;e7ab1462-5e32-4cb6-b3b9-525aa481aebf;391.56;2.83908;BUY
2016-01-27T00:08:31.520000;2016-01-27T00:08:31.520000;f05c033d-715f-4a14-818a-5e6ef4d11836;391.52;0.0279595;SELL
2016-01-27T00:08:31.520000;2016-01-27T00:08:31.533000;d3d5c7ab-2e11-4ea4-804e-fa382066950e;391.51;0.03;SELL
2016-01-27T00:08:31.520000;2016-01-27T00:08:31.533000;76c5f904-3036-4e1a-befc-0a9f991cb577;391.5;0.015;SELL
2016-01-27T00:08:31.520000;2016-01-27T00:08:31.533000;6d2b45f1-3082-4e20-be45-8eefbbc23fc1;391.5;0.25;SELL
2016-01-27T00:08:31.520000;2016-01-27T00:08:31.533000;d5268ced-fa2d-496d-9a19-1f9cf0a0010a;391.49;0.019;SELL
2016-01-27T00:08:31.520000;2016-01-27T00:08:31.550000;7f398e38-ddc6-4c16-a7ff-d3f87aa282eb;391.48;0.018306;SELL
2016-01-27T00:08:31.520000;2016-01-27T00:08:31.550000;19a205a6-9e67-4112-85ca-4c58ed0a1b3e;391.48;0.077;SELL
2016-01-27T00:08:31.520000;2016-01-27T00:08:31.550000;3f5f825c-acf3-426b-aa5d-9bc356016447;391.47;0.01;SELL
2016-01-27T00:08:31.520000;2016-01-27T00:08:31.550000;98d8965c-dae4-4418-bac2-7812d034d8df;391.46;0.3651545;SELL
2016-01-27T00:08:38.403000;2016-01-27T00:08:38.393000;70faa2a3-84d5-4cd3-8246-7eb1046161a6;391.46;0.6208455;SELL
2016-01-27T00:08:38.403000;2016-01-27T00:08:38.410000;07b7d8e2-0d4e-4112-9a41-08eec8463f1f;391.46;0.25;SELL
2016-01-27T00:08:38.403000;2016-01-27T00:08:38.410000;07fef339-6853-4c8d-b05f-d555cdb0c55e;391.46;0.24;SELL
2016-01-27T00:08:38.403000;2016-01-27T00:08:38.410000;33b84d45-be4e-4b69-8ae2-0706bff00442;391.45;0.0216312;SELL
2016-01-27T00:08:58.430000;2016-01-27T00:08:58.427000;5b94b20e-83b7-4024-bfd8-0c47e3a82f30;391.44;0.02157638;SELL
2016-01-27T00:08:58.430000;2016-01-27T00:08:58.440000;15b4f257-553c-412e-80c6-09f00a7bab4c;391.43;0.0183009;SELL
2016-01-27T00:08:58.430000;2016-01-27T00:08:58.440000;ce4d127b-92be-4f21-86e5-b787e71bd131;391.42;0.0186829;SELL
2016-01-27T00:08:58.430000;2016-01-27T00:08:58.440000;e6de0b06-c9c1-4835-b1ca-25280f341550;391.41;0.027725;SELL
2016-01-27T00:08:58.430000;2016-01-27T00:08:58.503000;46b3a446-26df-48fd-bdce-021eeac17659;391.41;0.121;SELL
2016-01-27T00:08:58.430000;2016-01-27T00:08:58.520000;e3a34dc9-db86-4239-80ec-27ad35685ea6;391.4;0.25;SELL
2016-01-27T00:08:58.430000;2016-01-27T00:08:58.520000;a30f50be-ab79-4696-9d50-d89f035e531f;391.39;0.02;SELL
2016-01-27T00:08:58.430000;2016-01-27T00:08:58.520000;203ade9d-3b69-4380-ad3e-fad49f2a1e8f;391.38;0.0277952;SELL
2016-01-27T00:08:58.430000;2016-01-27T00:08:58.520000;c9f85a22-b11b-4015-bf21-3d58aa602327;391.36;0.103;SELL
2016-01-27T00:08:58.433000;2016-01-27T00:08:58.533000;38e7f924-bba0-4f22-a64a-a664fd20c643;391.35;0.01;SELL
2016-01-27T00:08:58.537000;2016-01-27T00:08:58.533000;7153b4a1-eb0e-4467-b016-7ada417e670b;391.35;0.25;BUY
2016-01-27T00:08:58.717000;2016-01-27T00:08:58.723000;01d6bca4-8d64-45ab-9058-e5596dbccd07;391.35;0.25;BUY
2016-01-27T00:09:01.637000;2016-01-27T00:09:01.643000;3690dac2-c2e2-45f1-be93-af30215c9cd7;391.31;0.083;SELL
2016-01-27T00:09:01.637000;2016-01-27T00:09:01.643000;2656b7a0-b969-471a-a65d-fb674a8620c4;391.26;0.02;SELL
2016-01-27T00:09:01.637000;2016-01-27T00:09:01.643000;e5baf81e-605c-4e6c-b782-9d800e0aa8cd;391.26;1.07065;SELL
2016-01-27T00:09:31.683000;2016-01-27T00:09:31.677000;8de15cf8-1926-47d5-ad29-74ad62fafda2;391.31;0.29299;BUY
2016-01-27T00:10:01.697000;2016-01-27T00:10:01.690000;a363f92d-b7f8-4d1e-855e-6805305e8e86;391.36;0.59427;BUY
2016-01-27T00:10:31.460000;2016-01-27T00:10:31.457000;d90d2fdd-3589-4615-919c-6f2da57c6693;391.33;0.01;SELL
2016-01-27T00:10:31.460000;2016-01-27T00:10:31.473000;31610f45-6aa3-4664-8f27-6188e287d7ae;391.32;0.0297377;SELL
2016-01-27T00:10:31.460000;2016-01-27T00:10:31.473000;300b5b9d-f21e-49d8-b06d-3ebd88cfbda3;391.31;0.0156285;SELL
2016-01-27T00:10:31.460000;2016-01-27T00:10:31.473000;c5404cd0-8af6-42c2-86a3-f6dfb2059490;391.3;0.03;SELL
2016-01-27T00:10:31.463000;2016-01-27T00:10:31.473000;cbaa97ec-fe8b-408c-ae94-78e312641660;391.29;0.0289;SELL
2016-01-27T00:10:31.463000;2016-01-27T00:10:31.473000;4946aafb-0507-45f3-9ddd-395f5c0568bc;391.26;0.017953;SELL
2016-01-27T00:10:31.463000;2016-01-27T00:10:31.487000;f829e470-eb89-4827-ae97-fbb275698adc;391.24;0.119;SELL
2016-01-27T00:10:31.463000;2016-01-27T00:10:31.487000;36f86b35-eae5-47a3-844b-b73f0e23c683;391.22;0.01;SELL
2016-01-27T00:10:31.463000;2016-01-27T00:10:31.487000;413c093e-354b-4a49-b69f-623379ca6a36;391.21;0.0250201;SELL
2016-01-27T00:10:31.463000;2016-01-27T00:10:31.487000;6732b1af-7ef4-4899-ba78-46ada0469a4b;391.2;0.01;SELL
2016-01-27T00:10:31.463000;2016-01-27T00:10:31.487000;e99692ea-4807-4fd3-aca6-8339ed5994c0;391.19;0.122;SELL
2016-01-27T00:10:31.463000;2016-01-27T00:10:31.487000;42140e67-41a6-477e-bfb6-2015280ca897;391.14;0.075;SELL
2016-01-27T00:10:31.463000;2016-01-27T00:10:31.503000;968e7a77-efdd-46a8-afbe-06c31e480325;391.13;0.32;SELL
2016-01-27T00:10:31.463000;2016-01-27T00:10:31.503000;f11e58ce-1ab5-4441-b4b1-de09849928c4;391.12;0.02322;SELL
2016-01-27T00:10:31.463000;2016-01-27T00:10:31.503000;d9d796e3-cecf-47bb-8b2a-66db846b5150;391.12;1.0255407;SELL
2016-01-27T00:11:03.320000;2016-01-27T00:11:03.377000;dff76d68-ec1d-4a48-bfc4-82ebc11aaf8b;391.13;0.10434;BUY
2016-01-27T00:11:31.560000;2016-01-27T00:11:31.610000;41148a72-92b9-4f15-a617-6b77b456b523;391.13;0.06209;BUY
2016-01-27T00:12:01.483000;2016-01-27T00:12:01.530000;36b8fd54-1f08-42e2-90a8-177c897dc867;391.13;0.57357;BUY
2016-01-27T00:12:01.483000;2016-01-27T00:12:01.547000;4f2c8554-a398-4ccb-b4f3-9988195ab206;391.13;0.23;BUY
2016-01-27T00:12:01.483000;2016-01-27T00:12:01.547000;2a709aca-a58f-426c-ace6-f0165dda0dbe;391.13;0.13622;BUY
2016-01-27T00:12:33.203000;2016-01-27T00:12:33.250000;5ac53133-e197-4677-a8ea-d495929a8ef0;391.13;0.01331867;SELL
2016-01-27T00:12:33.203000;2016-01-27T00:12:33.267000;9dd0a0ad-652a-46ee-a8e0-15c885ae4438;391.12;0.01;SELL
2016-01-27T00:12:33.203000;2016-01-27T00:12:33.267000;44104b9b-ae79-4d2f-a6ed-fd101ff9514f;391.11;0.0215676;SELL
2016-01-27T00:12:33.203000;2016-01-27T00:12:33.267000;851ad8dc-6eac-4921-88b5-8117e90a937d;391.1;0.0218453;SELL
2016-01-27T00:12:33.203000;2016-01-27T00:12:33.267000;38ff492c-79cd-466e-86fa-14ecdc060acf;391.09;0.029078;SELL
2016-01-27T00:12:33.203000;2016-01-27T00:12:33.267000;57080646-92d1-4e31-a329-934d2ae62aa8;391.08;0.01;SELL
2016-01-27T00:12:33.203000;2016-01-27T00:12:33.267000;d4ac4e68-4084-4702-9b18-ccc129e66058;391.07;0.097;SELL
2016-01-27T00:12:33.203000;2016-01-27T00:12:33.267000;83d18176-1a60-4798-b3df-2d8e3805e76b;391.06;0.02301868;SELL
2016-01-27T00:12:33.203000;2016-01-27T00:12:33.280000;e5ded1ec-4f95-4a12-9465-fa1a14eb8346;391.05;0.02249575;SELL
2016-01-27T00:13:01.457000;2016-01-27T00:13:01.517000;d516f807-2b1c-47ba-baca-65dda6c4705b;391.03;0.01861289;SELL
2016-01-27T00:13:01.457000;2016-01-27T00:13:01.517000;247788f2-e06a-4288-af29-b5c7ad7b659a;391.02;0.0272685;SELL
2016-01-27T00:13:01.457000;2016-01-27T00:13:01.517000;8c17f351-049f-46c1-929f-198369f0aa1c;391.01;0.021919;SELL
2016-01-27T00:13:01.457000;2016-01-27T00:13:01.517000;bb77fef1-dc30-4072-a10c-6f3de18535dc;391.0;0.0277631;SELL
2016-01-27T00:13:01.457000;2016-01-27T00:13:01.517000;590a2be4-e656-4580-82ee-e45195422255;390.99;0.02749446;SELL
2016-01-27T00:13:01.457000;2016-01-27T00:13:01.530000;aa8bce7b-19cc-463f-a645-a0cf7350144a;390.98;0.00152205;SELL
2016-01-27T00:13:03.070000;2016-01-27T00:13:03.127000;b012ced1-042d-4f93-8e51-0788bc57a553;390.99;0.01;SELL
2016-01-27T00:13:03.073000;2016-01-27T00:13:03.127000;6652994b-c4bc-4865-96df-d862790db5ad;390.98;0.02764995;SELL
2016-01-27T00:13:03.073000;2016-01-27T00:13:03.140000;cad5dfad-35fc-4333-b0a7-b97583ffec13;390.88;0.01;SELL
2016-01-27T00:13:03.073000;2016-01-27T00:13:03.140000;eae26e7b-d08f-4555-a4be-3dad6864e0f8;390.79;0.129;SELL
2016-01-27T00:13:03.073000;2016-01-27T00:13:03.140000;30751438-84dd-4259-a532-c10cc6d15ba9;390.76;0.02;SELL
2016-01-27T00:13:03.073000;2016-01-27T00:13:03.140000;3f3bf369-aa19-42e2-aa39-20299b805577;390.76;0.127;SELL
2016-01-27T00:13:31.430000;2016-01-27T00:13:31.470000;b66f15be-f19c-440f-82d4-d9dbe2548e0b;390.73;0.01488;BUY
2016-01-27T00:13:43.170000;2016-01-27T00:13:43.220000;4e85c1a7-daf9-4872-9665-28a23fadd1f9;390.74;0.36;BUY
2016-01-27T00:14:24.050000;2016-01-27T00:14:24.110000;204a6fa6-e44a-4ab8-a6fa-c0bfcac91ebc;390.74;0.09044;BUY
2016-01-27T00:14:33.597000;2016-01-27T00:14:33.640000;a7bae61f-0505-495b-8352-741a57dca617;390.74;0.07537;BUY
2016-01-27T00:14:43.517000;2016-01-27T00:14:43.563000;a19f32da-2c47-4b8c-b006-95e3accf7bde;390.77;1.82;SELL
2016-01-27T00:14:43.517000;2016-01-27T00:14:43.563000;b5d3bb45-3e58-4030-a846-f2aecd9f2aaf;390.77;0.25;SELL
2016-01-27T00:14:43.517000;2016-01-27T00:14:43.580000;35d8a428-a7d6-44fc-a617-fb6701fc3588;390.76;8.95476;SELL
2016-01-27T00:14:43.517000;2016-01-27T00:14:43.580000;cb4925cd-7ab6-407d-b147-eaaf8b2c7d2d;390.75;2.005;SELL
2016-01-27T00:14:43.517000;2016-01-27T00:14:43.580000;28f61e4d-523c-4c71-ac51-f18f9815bc8b;390.74;0.0207957;SELL
2016-01-27T00:14:43.517000;2016-01-27T00:14:43.580000;7cefd3bc-2694-4275-99c9-11f3daf9dc31;390.72;0.01;SELL
2016-01-27T00:14:43.517000;2016-01-27T00:14:43.580000;bbbd2d7a-1762-4749-8a68-512e27876a6c;390.72;0.1;SELL
2016-01-27T00:14:43.517000;2016-01-27T00:14:43.593000;6f784697-dfce-4b4a-ba32-432033b11ec4;390.71;0.03;SELL
2016-01-27T00:15:01.647000;2016-01-27T00:15:01.687000;e2f3bf96-5ace-4ef8-8991-f5b482156d48;390.81;0.01;SELL
2016-01-27T00:15:01.647000;2016-01-27T00:15:01.703000;ed43217c-59f8-4645-bbd2-41c5c536ebe7;390.8;0.13;SELL
2016-01-27T00:15:01.647000;2016-01-27T00:15:01.703000;2a7dde31-52bf-4c94-aa41-e88a3150084d;390.79;0.095;SELL
2016-01-27T00:15:01.647000;2016-01-27T00:15:01.703000;384c3a7a-5963-4eff-b8a1-02220629fca7;390.77;0.020275;SELL
2016-01-27T00:15:01.647000;2016-01-27T00:15:01.703000;c362c965-e49e-4833-9049-578650f33b9d;390.77;0.093;SELL
2016-01-27T00:15:01.647000;2016-01-27T00:15:01.720000;2d75dbd3-172c-48f8-9c0f-0a7e131c0dbf;390.71;0.26;SELL
2016-01-27T00:15:01.650000;2016-01-27T00:15:01.720000;d819b241-8544-405c-befb-dff6d5831252;390.7;0.02;SELL
2016-01-27T00:15:01.650000;2016-01-27T00:15:01.720000;ceb26294-73d2-4c1b-a2b8-a11f7fb4e157;390.7;0.107;SELL
2016-01-27T00:15:01.650000;2016-01-27T00:15:01.720000;1b0ee3b1-4e73-4e4d-9cde-e3cf62ace320;390.7;3.232815;SELL
2016-01-27T00:15:31.553000;2016-01-27T00:15:31.593000;5f0f84fa-5b23-4b08-9aa4-906c0af5bc84;391.1;1.21981;BUY
2016-01-27T00:16:01.600000;2016-01-27T00:16:01.640000;2bf75920-86e5-4899-9337-fa1e02c89d31;391.06;0.0161532;SELL
2016-01-27T00:16:01.600000;2016-01-27T00:16:01.657000;dff1c647-453a-4d04-b324-510acce16173;391.05;0.0293;SELL
2016-01-27T00:16:01.600000;2016-01-27T00:16:01.657000;60b02bab-c999-4879-8e75-330a816c547d;391.05;0.128;SELL
2016-01-27T00:16:01.600000;2016-01-27T00:16:01.657000;fa916b88-a6ba-4cb1-950b-5db31055f986;391.04;0.023545;SELL
2016-01-27T00:16:01.600000;2016-01-27T00:16:01.657000;2980325f-4961-4ade-b639-b7021106381c;391.03;0.01770254;SELL
2016-01-27T00:16:01.600000;2016-01-27T00:16:01.673000;2f7cf613-ef7a-49d5-82c5-fd88b1b246a7;391.02;0.0197392;SELL
2016-01-27T00:16:01.600000;2016-01-27T00:16:01.673000;2f5454f2-600e-409d-b1bb-c27e63e6bdeb;391.02;1.02816006;SELL
2016-01-27T00:16:31.533000;2016-01-27T00:16:31.580000;f07f8999-8c93-407b-85ae-d870e7a38530;391.05;0.51649;BUY
2016-01-27T00:17:01.523000;2016-01-27T00:17:01.563000;37dfc665-c241-4afd-8d7d-e8915799dbbe;391.01;0.019381;SELL
2016-01-27T00:17:01.523000;2016-01-27T00:17:01.563000;de79740c-28ae-48de-bc5a-1271cb5b8e73;391.01;0.175639;SELL
2016-01-27T00:17:46.227000;2016-01-27T00:17:46.250000;9a61280a-12f3-476e-bed1-57aa32b22978;391.01;0.37;SELL
2016-01-27T00:18:01.663000;2016-01-27T00:18:01.687000;cb44007b-1b88-4cc9-985a-38dc00107aae;391.01;0.37;BUY
2016-01-27T00:18:01.663000;2016-01-27T00:18:01.703000;6e865436-c93a-46b9-b9f3-4d3cab6edd45;391.01;0.821;BUY
2016-01-27T00:18:01.663000;2016-01-27T00:18:01.720000;c3ef116b-cbc3-4309-b3d7-f4b3e33dd54e;391.01;5.45;BUY
2016-01-27T00:18:01.663000;2016-01-27T00:18:01.720000;1e6d050d-517a-43d3-a247-0dd0e890eadc;391.01;7.63826;BUY
2016-01-27T00:18:31.630000;2016-01-27T00:18:31.657000;b7bfc182-fe69-4257-b55c-6923a542c9a3;391.01;5.36174;BUY
2016-01-27T00:18:31.630000;2016-01-27T00:18:31.673000;2cb767f6-ab20-4f13-8617-4fefd7098163;391.01;0.04161;BUY
2016-01-27T00:18:35.843000;2016-01-27T00:18:35.877000;c262f8d6-4aea-426d-a95b-468620bab6ed;391.01;0.761;SELL
2016-01-27T00:19:01.637000;2016-01-27T00:19:01.687000;5f659668-4c66-44f5-b077-de54d6874dac;391.0;0.12532;BUY
2016-01-27T00:19:31.633000;2016-01-27T00:19:31.657000;1a0af057-c1bc-489f-8cb9-2f476ef6d6f3;390.99;0.32504;BUY
2016-01-27T00:20:01.693000;2016-01-27T00:20:01.733000;3768dd34-fc37-4353-8aa1-1b7f281a930e;390.97;0.98;BUY
2016-01-27T00:20:01.693000;2016-01-27T00:20:01.733000;890244d7-1016-40ef-a7af-d3ea8981d5e4;390.97;0.25;BUY
2016-01-27T00:20:01.693000;2016-01-27T00:20:01.733000;fded2eb9-f9af-466a-bf4e-07750ffb4658;390.97;0.60332;BUY
2016-01-27T00:20:31.720000;2016-01-27T00:20:31.750000;5c4005fa-49c4-4890-8c47-6597da694b35;390.97;0.01;BUY
2016-01-27T00:20:31.720000;2016-01-27T00:20:31.750000;310e67eb-c16f-456d-ba69-64e2ac74bf5b;390.97;0.2;BUY
2016-01-27T00:20:31.720000;2016-01-27T00:20:31.750000;a27cb65c-7e4a-45cb-b56a-70375f791db5;390.97;0.37;BUY
2016-01-27T00:20:31.720000;2016-01-27T00:20:31.750000;3eb9c0ee-e115-4320-ba73-bce7778cbee5;390.97;0.04;BUY
2016-01-27T00:20:31.720000;2016-01-27T00:20:31.750000;11956591-5ce6-4a8f-bc99-c9495135d1fc;390.99;0.662;BUY
2016-01-27T00:20:31.720000;2016-01-27T00:20:31.767000;fbf79ff5-161b-4bcd-8ed7-2339740bb784;391.01;2.04036;BUY
2016-01-27T00:20:34.130000;2016-01-27T00:20:34.157000;868576c0-a09d-4bdd-bbaa-76525261c038;390.98;0.712;SELL
2016-01-27T00:20:47.187000;2016-01-27T00:20:47.203000;f1e3d6dc-6f34-4c68-ab09-dfeb849d644b;391.02;0.05718;BUY
2016-01-27T00:20:51.507000;2016-01-27T00:20:51.533000;a0a41076-1788-4e62-b67c-ae415be834c1;391.02;0.02;BUY
2016-01-27T00:21:01.533000;2016-01-27T00:21:01.563000;cce2cbd0-adf2-43e6-b724-023cbde5c92f;391.01;0.07547;BUY
2016-01-27T00:21:25.390000;2016-01-27T00:21:25.407000;9c4b43a7-0163-42f6-b125-f3eb2083aab6;391.0;0.08;BUY
2016-01-27T00:21:25.390000;2016-01-27T00:21:25.423000;7222b05c-bfc5-471c-9411-75cad3e1302b;391.0;0.71;BUY
2016-01-27T00:21:25.390000;2016-01-27T00:21:25.423000;64c6787a-1c2b-4312-8e48-01d996601b94;391.0;0.37;BUY
2016-01-27T00:21:25.390000;2016-01-27T00:21:25.423000;531c42a7-d69e-434c-87b0-a56fe76dd872;391.01;0.913;BUY
2016-01-27T00:21:28.920000;2016-01-27T00:21:28.953000;339183b1-9f8e-4990-97f1-2d852dc68fae;391.0;0.0848;BUY
2016-01-27T00:21:31.487000;2016-01-27T00:21:31.500000;a2645d86-2b1a-40ab-b121-e96dfe7c3ca9;390.99;0.0269237;SELL
2016-01-27T00:21:31.487000;2016-01-27T00:21:31.517000;1930927c-0e66-43b2-944c-7f13bd86de0c;390.99;4.0086263;SELL
2016-01-27T00:21:57.033000;2016-01-27T00:21:57.047000;aef8d921-9bf1-4e59-8f6c-b4dc6d312488;391.0;0.2852;BUY
2016-01-27T00:21:57.033000;2016-01-27T00:21:57.063000;7dc0f9fe-6f84-41b6-8b61-5e8a153b625c;391.03;0.0748;BUY
2016-01-27T00:22:01.647000;2016-01-27T00:22:01.673000;abaf7960-9c66-416f-b8e0-ff86621e456a;391.07;0.157;BUY
2016-01-27T00:22:01.647000;2016-01-27T00:22:01.687000;599c2c6d-37c9-4b8d-8ca7-cf8432a00f61;391.08;0.151;BUY
2016-01-27T00:22:01.647000;2016-01-27T00:22:01.687000;54311b45-1753-4d6d-9c39-3517efeaf3f2;391.09;0.116;BUY
2016-01-27T00:22:01.647000;2016-01-27T00:22:01.687000;c25c5c45-4391-4f34-8c37-c27682d4be98;391.09;0.25;BUY
2016-01-27T00:22:01.647000;2016-01-27T00:22:01.687000;ed55af0d-aaa0-4c14-a1c5-c594a9389979;391.11;0.0679;BUY
2016-01-27T00:22:31.600000;2016-01-27T00:22:31.610000;fd1cfeb3-5e48-456a-b0c9-ad90523675f4;391.11;0.22553;BUY
2016-01-27T00:22:58.223000;2016-01-27T00:22:58.237000;8e081c9b-475c-4f34-9fb9-a17936a12452;390.99;0.01847;SELL
2016-01-27T00:22:58.223000;2016-01-27T00:22:58.250000;e2b7c04b-16a5-4161-95ea-93c161fe8812;390.98;0.02319433;SELL
2016-01-27T00:22:58.227000;2016-01-27T00:22:58.250000;d309d8cc-546b-4959-80d6-faf64e6afa3d;390.97;0.017;SELL
2016-01-27T00:22:58.227000;2016-01-27T00:22:58.250000;f3887307-9b50-4202-95bc-d79ca0645bcb;390.96;0.0224154;SELL
2016-01-27T00:22:58.227000;2016-01-27T00:22:58.283000;e1ee55e0-575d-423d-98ec-f379203f9ec4;390.95;0.0255873;SELL
2016-01-27T00:22:58.227000;2016-01-27T00:22:58.343000;fa770728-4479-4fca-aa6c-51402eb0b668;390.95;0.11;SELL
2016-01-27T00:22:58.227000;2016-01-27T00:22:58.343000;83a62034-4507-463d-9f50-3eb4e1963426;390.94;0.02937167;SELL
2016-01-27T00:22:58.227000;2016-01-27T00:22:58.343000;f676a0c8-15be-47fa-9aab-b16cdfba94af;390.91;0.01;SELL
2016-01-27T00:22:58.227000;2016-01-27T00:22:58.343000;c0292602-396e-4ce4-b4e1-b6eeb27c072b;390.89;0.02810633;SELL
2016-01-27T00:22:58.227000;2016-01-27T00:22:58.343000;62bfe1ca-72f1-403a-9275-c32ffcd13a6c;390.89;0.087;SELL
2016-01-27T00:22:58.227000;2016-01-27T00:22:58.343000;c31d73e5-1b6d-46cb-ba91-d03d74fa65b7;390.88;0.020934;SELL
2016-01-27T00:22:58.227000;2016-01-27T00:22:58.343000;08cea537-cc63-495b-a76a-c44d4997265e;390.86;0.60783097;SELL
2016-01-27T00:23:00.637000;2016-01-27T00:23:00.673000;2ea49817-30f5-497f-b8d0-d785c91088cf;390.95;0.25;BUY
2016-01-27T00:23:00.637000;2016-01-27T00:23:00.673000;b7c5b4e8-096f-410e-ad9b-c46d3af265c1;390.96;0.75753;BUY
2016-01-27T00:23:01.407000;2016-01-27T00:23:01.423000;b36f2602-a1f3-4c6d-a291-9fc321ab1845;391.02;0.02304;BUY
2016-01-27T00:23:31.557000;2016-01-27T00:23:31.580000;8c2aa45c-5f71-443d-b2b5-20085e5de2e6;390.96;1.13839;BUY
2016-01-27T00:24:31.547000;2016-01-27T00:24:31.563000;62295215-8885-437c-ac72-7b863150ca93;391.01;0.1159;SELL
2016-01-27T00:25:31.497000;2016-01-27T00:25:31.517000;a4b1470f-b060-423f-aaaa-8fc33b48639d;391.08;0.733;BUY
2016-01-27T00:25:31.497000;2016-01-27T00:25:31.517000;c6ca93f9-6899-43b9-8be1-086d5d29c798;391.1;0.01652;BUY
2016-01-27T00:25:52.330000;2016-01-27T00:25:52.343000;b776593d-ca81-48df-a87a-fa9ba680774c;391.08;0.678;SELL
2016-01-27T00:26:01.517000;2016-01-27T00:26:01.533000;91af3a71-c45b-415a-b33b-b9286c418fa2;391.05;4.99675;SELL
2016-01-27T00:26:31.583000;2016-01-27T00:26:31.637000;39b756bf-c5d7-4d65-85c2-bcbb29543fa2;391.09;0.07167;BUY
2016-01-27T00:27:01.447000;2016-01-27T00:27:01.497000;ffa521e5-3d11-4621-b97a-54717f7f4880;391.08;0.37;BUY
2016-01-27T00:27:01.447000;2016-01-27T00:27:01.510000;1d61831d-16b9-43b0-a9bf-9530cc8e84e3;391.09;0.1625;BUY
2016-01-27T00:27:19.893000;2016-01-27T00:27:19.950000;c59ed3e0-72e9-4a15-a32d-59f767c41877;391.08;0.625;SELL
2016-01-27T00:27:31.467000;2016-01-27T00:27:31.510000;c82ad632-ece0-4db6-9e14-77e8343fc1c8;391.09;0.2075;BUY
2016-01-27T00:27:31.467000;2016-01-27T00:27:31.527000;491afac0-9bbe-4bb7-8923-4cb0ab064bc4;391.09;0.47915;BUY
2016-01-27T00:28:01.487000;2016-01-27T00:28:01.527000;91b79d19-4fd8-4b1e-a615-7793ad941e12;391.08;0.37;BUY
2016-01-27T00:28:01.487000;2016-01-27T00:28:01.543000;0dc2998e-094f-4ad9-851c-96add00f8a87;391.09;0.7632;BUY
2016-01-27T00:28:31.883000;2016-01-27T00:28:31.917000;c1f42e42-0e68-464e-b6cc-bb6b0c13d646;391.01;0.34;SELL
2016-01-27T00:28:31.883000;2016-01-27T00:28:31.933000;4851614b-75cf-417e-a5aa-63b3f372ee80;390.99;0.39;SELL
2016-01-27T00:28:31.883000;2016-01-27T00:28:31.933000;374153e6-0a01-45b1-9a4d-e7550b6101f9;390.98;0.25;SELL
2016-01-27T00:28:31.883000;2016-01-27T00:28:31.933000;3bbecff3-f9ba-4bdf-bf4f-6b7dbde615e4;390.94;2.34;SELL
2016-01-27T00:28:31.883000;2016-01-27T00:28:31.933000;86f7d2f0-2344-48c0-b7af-27de3797534c;390.93;1.58874;SELL
2016-01-27T00:29:01.573000;2016-01-27T00:29:01.620000;d5ad3907-56d8-4354-a325-d00b0932e83b;391.08;8.92109;BUY
2016-01-27T00:29:01.573000;2016-01-27T00:29:01.620000;023ed1b7-39f4-429d-afa2-6ff8807ed751;391.08;1.303;BUY
2016-01-27T00:29:01.573000;2016-01-27T00:29:01.620000;e3c3d098-a17e-4a34-883e-cf2eff16eaa0;391.08;0.23;BUY
2016-01-27T00:29:01.573000;2016-01-27T00:29:01.637000;ab637268-b03a-4ad4-8e66-9381e3e0d0bf;391.08;0.02;BUY
2016-01-27T00:29:01.573000;2016-01-27T00:29:01.637000;eae92999-5e1e-4c77-a2a5-babfc4abba62;391.08;0.25;BUY
2016-01-27T00:29:01.573000;2016-01-27T00:29:01.637000;f372669d-61b5-4c0f-8e93-31055d47146b;391.09;2.65765;BUY
2016-01-27T00:29:01.573000;2016-01-27T00:29:01.637000;eecca8fe-6cf6-4d83-bc03-fa54be3a353b;391.15;0.01;BUY
2016-01-27T00:29:01.573000;2016-01-27T00:29:01.653000;bc326328-2388-47b9-a5c1-3db01e7e6cfa;391.17;0.01;BUY
2016-01-27T00:29:01.573000;2016-01-27T00:29:01.653000;48ea19b4-066b-4ba1-af17-c4242a85492a;391.2;0.01;BUY
2016-01-27T00:29:01.573000;2016-01-27T00:29:01.653000;c307886a-c304-4100-89a0-edcada70baa0;391.29;0.71;BUY
2016-01-27T00:29:01.573000;2016-01-27T00:29:01.653000;24747499-d061-4a25-9870-37f588d490f7;391.3;5.33;BUY
2016-01-27T00:29:01.573000;2016-01-27T00:29:01.667000;fffe6bee-c3cd-41e9-b266-d81ea78e0428;391.31;6.3;BUY
2016-01-27T00:29:01.573000;2016-01-27T00:29:01.667000;c36eec2f-d645-44ba-81fd-ca550fe8318e;391.31;7.41;BUY
2016-01-27T00:29:01.573000;2016-01-27T00:29:01.667000;eb564071-3e50-44d7-a8a7-86828bd9ef2f;391.32;2.61;BUY
2016-01-27T00:29:01.573000;2016-01-27T00:29:01.667000;afa6837a-ad53-4f34-b61e-b069e511db5d;391.35;13.26;BUY
2016-01-27T00:29:01.577000;2016-01-27T00:29:01.667000;b0cdb91c-938c-488c-b533-d00d562bb135;391.36;0.01;BUY
2016-01-27T00:29:01.577000;2016-01-27T00:29:01.667000;b7e82939-b4f3-4cdf-9315-bc364d89aa91;391.36;0.95826;BUY
2016-01-27T00:29:31.647000;2016-01-27T00:29:31.700000;87b6a1cc-c33d-49ce-94f4-2828c4531479;391.38;8.89373;BUY
2016-01-27T00:29:31.647000;2016-01-27T00:29:31.700000;a839eb19-3921-48d3-b226-e6c1fe29d82c;391.38;0.25;BUY
2016-01-27T00:29:31.647000;2016-01-27T00:29:31.700000;0fbbe5f2-b265-4d4e-b3ab-77b0b0e2d5f4;391.39;0.01;BUY
2016-01-27T00:29:31.647000;2016-01-27T00:29:31.700000;87c9947a-a610-475f-a81c-d9e525e71932;391.39;0.72;BUY
2016-01-27T00:29:31.647000;2016-01-27T00:29:31.713000;85eb5c77-8a5b-454b-bf09-8d7e691d015e;391.46;2.2;BUY
2016-01-27T00:29:31.650000;2016-01-27T00:29:31.713000;1f4c0113-3da5-4d46-8a3b-d1d9387b2870;391.47;5.0316;BUY
2016-01-27T00:29:58.980000;2016-01-27T00:29:59.027000;c89cc1f2-a00d-4a44-b8c2-53193d80ee33;391.45;0.3;BUY
2016-01-27T00:30:02.047000;2016-01-27T00:30:02.090000;97a240ce-b915-4446-b719-2a96f155f15c;391.45;1.0669;BUY
2016-01-27T00:30:03.173000;2016-01-27T00:30:03.213000;1fae934a-9a56-415e-b131-9b6228b3954a;391.34;0.025;SELL
2016-01-27T00:30:06.320000;2016-01-27T00:30:06.357000;5a65a8c7-f097-4dd2-98ba-bb0ea27ff577;391.34;0.025;SELL
2016-01-27T00:30:10.193000;2016-01-27T00:30:10.230000;60722b57-2abe-4f3f-916f-144daede961d;391.25;0.025;SELL
2016-01-27T00:30:13.190000;2016-01-27T00:30:13.247000;ed44677a-0f35-4839-9971-c2645d3420d0;391.32;0.025;SELL
2016-01-27T00:30:17.020000;2016-01-27T00:30:17.073000;5d88db93-69d9-463c-9998-ec621531dfce;391.37;0.025;SELL
2016-01-27T00:30:21.507000;2016-01-27T00:30:21.557000;efd3cfc1-3241-48b6-80c6-735797e2a1f0;391.35;0.025;SELL
2016-01-27T00:30:22.780000;2016-01-27T00:30:22.823000;b7b8e10e-4fc1-406c-877c-344685a5d9e2;391.45;0.06;BUY
2016-01-27T00:30:32.113000;2016-01-27T00:30:32.153000;f9b9a715-02c5-4fb0-ae72-07b8aac5dcdf;391.27;4.03;SELL
2016-01-27T00:30:32.113000;2016-01-27T00:30:32.167000;960be95a-4e57-4195-9061-f284e2239528;391.26;0.22924;SELL
2016-01-27T00:30:44.403000;2016-01-27T00:30:44.450000;eb199053-5392-453f-9fb3-ccef53e6f2cb;391.26;0.025;SELL
2016-01-27T00:30:48.150000;2016-01-27T00:30:48.200000;290fabc1-b0f5-4a09-abad-c3e8ed49bb9c;391.33;0.025;SELL
2016-01-27T00:30:55.870000;2016-01-27T00:30:55.917000;4448a7cf-8cbd-43ef-af6b-051fe4f4e95c;391.19;0.025;SELL
2016-01-27T00:31:01.597000;2016-01-27T00:31:01.637000;3cb44ec6-e9f8-4fca-ae9d-cc21c991e265;391.34;0.075;SELL
2016-01-27T00:31:01.627000;2016-01-27T00:31:01.667000;b4abc2d7-8916-4cb8-97e3-2f40590b6105;391.34;0.18705;SELL
2016-01-27T00:31:31.730000;2016-01-27T00:31:31.760000;523f1155-c026-4197-a85b-750e1ff678c4;391.26;1.06415;SELL
2016-01-27T00:31:40.223000;2016-01-27T00:31:40.277000;69fea097-ac57-42f3-bf4d-b259122d30a0;391.26;0.78;SELL
2016-01-27T00:31:40.223000;2016-01-27T00:31:40.277000;342cc3f2-78b7-44cd-a5f5-342d4dee432e;391.26;0.25;SELL
2016-01-27T00:31:40.223000;2016-01-27T00:31:40.277000;c2803711-b5e5-4a04-b908-4b3ef86be1a3;391.25;0.78;SELL
2016-01-27T00:31:40.227000;2016-01-27T00:31:40.277000;03b7d3d9-d135-4a8d-a318-ad05dc500507;391.24;8.91976;SELL
2016-01-27T00:31:40.270000;2016-01-27T00:31:40.307000;2b2534b2-fab6-4201-a803-46c47a5003ba;391.23;0.25;BUY
2016-01-27T00:32:02.057000;2016-01-27T00:32:02.090000;8689916f-3356-4754-9cf3-419e5b7ce96a;391.12;0.01;SELL
2016-01-27T00:32:02.057000;2016-01-27T00:32:02.107000;e662c8b8-66ec-4437-bc67-339d4d119f94;391.11;0.01;SELL
2016-01-27T00:32:02.057000;2016-01-27T00:32:02.107000;cd67113a-5684-438c-9e87-b5da291fa1f3;391.04;0.0126545;SELL
2016-01-27T00:32:02.057000;2016-01-27T00:32:02.107000;d3e746ab-caa0-425b-b570-7180ce1af64d;391.0;0.015;SELL
2016-01-27T00:32:02.057000;2016-01-27T00:32:02.120000;5917c518-b355-44ac-bc72-25426ee01e65;390.95;0.52;SELL
2016-01-27T00:32:02.060000;2016-01-27T00:32:02.120000;ff312f4c-8ec8-4c1b-ae64-90d4d3d7e8dd;390.94;0.05;SELL
2016-01-27T00:32:02.060000;2016-01-27T00:32:02.120000;6a5fdc1d-26b3-417c-8012-36e548a2541a;390.94;0.65;SELL
2016-01-27T00:32:02.060000;2016-01-27T00:32:02.120000;cbd2ffcc-460a-4315-bbd3-b20e63a99552;390.93;0.02795;SELL
2016-01-27T00:32:02.060000;2016-01-27T00:32:02.120000;40007ba0-80ea-42ed-8216-6ab5db4fc552;390.92;1.3;SELL
2016-01-27T00:32:02.060000;2016-01-27T00:32:02.120000;bc9dc5b8-2190-4cc5-818a-cb9e3e5f5663;390.91;0.01;SELL
2016-01-27T00:32:02.060000;2016-01-27T00:32:02.137000;e4d56182-e460-4194-9afa-3abdec4f2e43;390.91;0.3518555;SELL
2016-01-27T00:32:22.297000;2016-01-27T00:32:22.340000;c4d8c183-7548-42e7-86e7-148eb512f87a;391.08;0.13;BUY
2016-01-27T00:32:22.297000;2016-01-27T00:32:22.340000;1ccccacd-b13b-4db9-af92-06306f4fce67;391.08;0.01;BUY
2016-01-27T00:32:36.460000;2016-01-27T00:32:36.497000;5036d724-5dd9-4550-9e25-3014235d503a;390.91;0.1;BUY
2016-01-27T00:32:43.143000;2016-01-27T00:32:43.183000;ff8d20d9-7d17-4e60-a51a-24729e4c75c4;390.9;0.01;SELL
2016-01-27T00:32:46.943000;2016-01-27T00:32:46.980000;2b896486-d5d4-4bab-b684-a0a202b1a563;390.9;0.01;SELL
2016-01-27T00:32:49.993000;2016-01-27T00:32:50.027000;0f40650f-497a-468c-bce2-95c1fda64d3e;390.9;0.002368;SELL
2016-01-27T00:32:49.993000;2016-01-27T00:32:50.043000;7f54c2f6-6940-4b99-8071-c04c6d35db28;390.9;0.007632;SELL
2016-01-27T00:32:53.470000;2016-01-27T00:32:53.497000;1fcf82f4-17c1-4100-837c-b1533a5c20ba;390.9;0.07;SELL
2016-01-27T00:33:01.613000;2016-01-27T00:33:01.637000;b5b858b3-338b-4cba-9b38-89590886aac9;390.9;0.58626;SELL
2016-01-27T00:33:16.073000;2016-01-27T00:33:16.107000;71151e5f-d2f5-4cb2-9542-14d424140b47;390.91;0.1;BUY
2016-01-27T00:33:19.977000;2016-01-27T00:33:20.010000;9c103b12-45de-4bbe-b1b7-0bbee51fc1aa;390.9;0.01;SELL
2016-01-27T00:33:25.077000;2016-01-27T00:33:25.120000;2f11c27f-0b21-4ff6-be6d-2090f1502716;390.9;0.36;BUY
2016-01-27T00:33:30.703000;2016-01-27T00:33:30.730000;e72b27fb-fbab-4bd4-852f-3366277ce156;390.89;0.01;SELL
2016-01-27T00:33:31.770000;2016-01-27T00:33:31.807000;e889972e-d737-4ef9-a897-6c40f6c5bfab;390.9;0.14;BUY
2016-01-27T00:33:31.770000;2016-01-27T00:33:31.807000;85d5107b-ebca-4294-ba17-46725553c103;390.9;0.11353;BUY
2016-01-27T00:33:35.843000;2016-01-27T00:33:35.887000;025c9ca8-4572-4b7e-be8d-9b392a3f81bc;390.89;0.008991;SELL
2016-01-27T00:33:35.843000;2016-01-27T00:33:35.887000;67b80965-0bdf-4884-9292-8f896f9db44c;390.89;0.001009;SELL
2016-01-27T00:33:39.187000;2016-01-27T00:33:39.213000;5255534e-ae45-4f7f-924b-e519c5529dcf;390.88;0.027289;SELL
2016-01-27T00:33:39.187000;2016-01-27T00:33:39.247000;354c556b-de10-4c04-9d1f-25202ec02db2;390.88;0.079;SELL
2016-01-27T00:33:39.187000;2016-01-27T00:33:39.247000;b5e68cfc-ce16-4247-8a38-2eeb61fdc2a8;390.85;0.022;SELL
2016-01-27T00:33:39.187000;2016-01-27T00:33:39.247000;cc4face6-3e29-40b9-b42d-07b423ad9931;390.77;1.871711;SELL
2016-01-27T00:33:40.887000;2016-01-27T00:33:40.933000;aa0780e6-eb11-4e34-9491-3538d6c393a6;390.77;0.01;SELL
2016-01-27T00:33:46.270000;2016-01-27T00:33:46.307000;0ad2fdb4-dd43-45c0-a024-00ca5afa22c3;390.89;0.06;SELL
2016-01-27T00:34:04.163000;2016-01-27T00:34:04.213000;04c8d1dd-71c0-4cc7-95f4-505a294fb043;391.13;0.1;BUY
2016-01-27T00:34:04.163000;2016-01-27T00:34:04.213000;b5830314-5ff0-4c2f-b84a-ed54737739da;391.18;0.66117;BUY
2016-01-27T00:34:27.080000;2016-01-27T00:34:27.120000;d938be37-e650-4a31-a90a-29be974a6821;391.21;0.2;BUY
2016-01-27T00:34:29.987000;2016-01-27T00:34:30.027000;d1b1d52e-ec9e-489b-af34-83db84d0deda;391.17;0.01;SELL
2016-01-27T00:34:31.537000;2016-01-27T00:34:31.573000;f1975b70-585c-487f-a719-ee0924920d7f;391.2;0.77;BUY
2016-01-27T00:34:31.537000;2016-01-27T00:34:31.573000;4ec9cc93-2af3-4253-b12b-9f821e9cdded;391.21;0.17;BUY
2016-01-27T00:34:31.540000;2016-01-27T00:34:31.573000;6d3f8b35-1c5d-4954-af0c-3cd9abc1cfe3;391.22;0.25;BUY
2016-01-27T00:34:31.540000;2016-01-27T00:34:31.573000;8d3df965-8e2a-440a-b8b7-e14e93634694;391.3;0.01;BUY
2016-01-27T00:34:31.540000;2016-01-27T00:34:31.573000;c96768c0-d499-4c10-8ab8-9d3cff5aad26;391.31;3.86462;BUY
2016-01-27T00:34:32.950000;2016-01-27T00:34:32.997000;abcc832c-ff62-460b-b2e3-396eef047891;391.17;0.01;SELL
2016-01-27T00:34:35.837000;2016-01-27T00:34:35.887000;d526be69-9194-4ea0-8411-37113defb2e2;391.2;0.01;SELL
2016-01-27T00:34:39.683000;2016-01-27T00:34:39.730000;dad768db-a419-4d92-97fe-52b5d45f2228;391.34;0.01;SELL
2016-01-27T00:34:43.710000;2016-01-27T00:34:43.747000;38aa149e-9886-433c-95c0-2f6bcde8432b;391.36;0.01;SELL
2016-01-27T00:34:48.240000;2016-01-27T00:34:48.260000;52dd0ce9-3ac7-47e1-ae39-56eb8f297d4c;391.37;0.01;SELL
2016-01-27T00:34:51.853000;2016-01-27T00:34:51.887000;88f176e5-cdb9-4368-8ce0-85a258aa459d;391.37;0.01;SELL
2016-01-27T00:34:55.653000;2016-01-27T00:34:55.683000;1a8350de-ff90-4c28-9c7e-f166464e0f67;391.37;0.01;SELL
2016-01-27T00:34:59.843000;2016-01-27T00:34:59.870000;9a6681f0-e577-4a85-bc00-d7c9002d2382;391.38;0.01;SELL
2016-01-27T00:35:01.820000;2016-01-27T00:35:01.870000;75a202a1-fc6f-4133-bf5b-006a796406ed;391.39;0.01;BUY
2016-01-27T00:35:01.820000;2016-01-27T00:35:01.870000;3fabbd6f-d559-4a4f-880c-b8f74681b745;391.51;0.01;BUY
2016-01-27T00:35:01.820000;2016-01-27T00:35:01.870000;cbc4cc64-5f24-47c8-9e20-c9e43d686f0c;391.51;0.23309;BUY
2016-01-27T00:35:03.127000;2016-01-27T00:35:03.153000;8612d331-a46c-426a-9945-aea0fac68372;391.41;0.01;SELL
2016-01-27T00:35:12.307000;2016-01-27T00:35:12.340000;5ad2fdea-3832-4c6f-92d6-a07351b64f28;391.48;0.01;SELL
2016-01-27T00:35:14.150000;2016-01-27T00:35:14.183000;f8cb9b65-f28e-48bc-9b3e-10ea2c56f572;391.48;0.01;SELL
2016-01-27T00:35:15.893000;2016-01-27T00:35:15.917000;3bdf723d-ed8d-4b37-94a0-ee46c23191f3;391.48;0.3;SELL
2016-01-27T00:35:17.183000;2016-01-27T00:35:17.213000;40e4b8a5-56fc-4b85-acd9-06f7768c05e1;391.47;0.01;SELL
2016-01-27T00:35:21.020000;2016-01-27T00:35:21.057000;a37331e6-6658-4c94-b0ef-8d92c61ec52f;391.46;0.01;SELL
2016-01-27T00:35:25.090000;2016-01-27T00:35:25.137000;01723502-c3c6-43cb-84f4-051f4b6bc4cc;391.46;0.01;SELL
2016-01-27T00:35:28.757000;2016-01-27T00:35:28.777000;49415073-7b25-48e3-9799-bd23a070ce7f;391.47;0.01;SELL
2016-01-27T00:35:31.600000;2016-01-27T00:35:31.620000;1919ebf0-2f2b-456d-b05d-6e5ae2b388b2;391.47;1.82151;SELL
2016-01-27T00:35:32.163000;2016-01-27T00:35:32.200000;2af4d0f2-1299-426d-a1b1-906f5d978e83;391.47;0.01;SELL
2016-01-27T00:35:35.947000;2016-01-27T00:35:35.980000;4c372c44-3c3f-48a7-90eb-203a63aced60;391.47;0.01;SELL
2016-01-27T00:35:39.307000;2016-01-27T00:35:39.340000;6a77b0a9-5a5d-4954-8f00-3d5c412c4df1;391.47;0.01;SELL
2016-01-27T00:35:43.930000;2016-01-27T00:35:43.950000;0df442a3-55e7-482f-9a04-d1621b24374a;391.46;0.01;SELL
2016-01-27T00:36:00.940000;2016-01-27T00:36:00.963000;b7fac832-06a7-4241-97a6-b03e8affffc3;391.44;0.3;SELL
2016-01-27T00:36:24.250000;2016-01-27T00:36:24.277000;3a10cb67-a067-4971-a13c-a3bdb3a7af4f;391.48;0.1;BUY
2016-01-27T00:36:28.043000;2016-01-27T00:36:28.073000;d70b47bc-9012-45ca-8547-7a64db3e3ef2;391.46;0.01;SELL
2016-01-27T00:36:31.510000;2016-01-27T00:36:31.543000;3b843f66-0e18-4372-90cd-e55ae31a6298;391.43;0.01;SELL
2016-01-27T00:36:31.973000;2016-01-27T00:36:32.010000;51d301d3-be72-4d16-a989-0ca4cffabdb0;391.48;0.23265;BUY
2016-01-27T00:36:35.690000;2016-01-27T00:36:35.730000;a4e97273-8bd9-401b-bcd0-ec33568151a4;391.43;0.01;SELL
2016-01-27T00:36:39.397000;2016-01-27T00:36:39.417000;97faa0bf-3282-4208-877a-f1ad743b0ff2;391.47;0.01;SELL
2016-01-27T00:36:47.340000;2016-01-27T00:36:47.370000;e4ae114b-f115-402b-9062-afff224b3ddf;391.48;0.14;BUY
2016-01-27T00:36:53.583000;2016-01-27T00:36:53.620000;ca7bc794-3698-4432-b964-57c023abdae2;391.47;0.01;SELL
2016-01-27T00:36:54.303000;2016-01-27T00:36:54.323000;cf13f14f-7481-4cdd-9075-6851517fe773;391.48;0.14;BUY
2016-01-27T00:37:01.633000;2016-01-27T00:37:01.683000;f77ae074-30fc-4382-b656-35317e475fcf;391.48;0.06702;BUY
2016-01-27T00:37:07.733000;2016-01-27T00:37:07.760000;5e59102e-1fae-467c-afa8-aefea8ce4c8f;391.47;0.01;SELL
2016-01-27T00:37:20.720000;2016-01-27T00:37:20.760000;86ec4a7f-83e7-48fd-8d80-1ddce5f8193b;391.47;0.8142;SELL
2016-01-27T00:37:20.727000;2016-01-27T00:37:20.760000;57c3a18d-25ac-4f64-ba63-437d61fc1ae6;391.47;0.05678705;SELL
2016-01-27T00:37:20.730000;2016-01-27T00:37:20.760000;14cf1245-503f-400e-9515-17830f6e3337;391.47;0.340428;SELL
2016-01-27T00:37:20.733000;2016-01-27T00:37:20.760000;78302419-5f66-4993-a54e-58e8664e3615;391.47;0.95904;SELL
2016-01-27T00:37:20.757000;2016-01-27T00:37:20.777000;063a8434-2573-4230-954a-0f50975c1f6f;391.47;0.53954495;SELL
2016-01-27T00:37:25.933000;2016-01-27T00:37:25.963000;67325cc1-6efe-4ee7-bd33-20e3f3dd1cbc;391.38;0.01;SELL
2016-01-27T00:37:32.090000;2016-01-27T00:37:32.137000;bbb3813f-41ad-4b04-8878-a0638afe10c8;391.47;7.55836;SELL
2016-01-27T00:38:07.767000;2016-01-27T00:38:07.793000;2da7c921-dc6d-4a45-a3f1-bb237f3477b4;391.47;0.01;SELL
2016-01-27T00:38:15.243000;2016-01-27T00:38:15.277000;224b1647-3013-4b69-aaa4-f71408e06bfd;391.46;0.3;SELL
2016-01-27T00:38:23.453000;2016-01-27T00:38:23.463000;6f46c8b2-2f56-47e8-a71e-4c2d0ccff431;391.42;0.858;BUY
2016-01-27T00:38:24.800000;2016-01-27T00:38:24.823000;c1d24424-537a-45e3-80c8-6f68c18b85a8;391.41;0.01;SELL
2016-01-27T00:38:31.573000;2016-01-27T00:38:31.590000;19bcab4e-35ee-4f21-be73-6c0a6d979064;391.42;0.06169;BUY
2016-01-27T00:38:46.457000;2016-01-27T00:38:46.480000;70495b50-2c7d-4231-98f8-fb837e1f3e97;391.4;0.01;SELL
2016-01-27T00:38:47.037000;2016-01-27T00:38:47.060000;171e5bb3-ccdf-4b74-9f4e-ee32c2c3bc29;391.42;0.3;SELL
2016-01-27T00:38:49.227000;2016-01-27T00:38:49.247000;44b5cc77-0dd6-4e6e-b9f2-cba77266771b;391.45;0.14155412;SELL
2016-01-27T00:38:59.370000;2016-01-27T00:38:59.403000;fd729ec6-7f2a-4ef1-9761-8f1809077192;391.53;0.25;SELL
2016-01-27T00:39:31.637000;2016-01-27T00:39:31.653000;355ab971-5ca3-4769-8d41-b8035cbdfa59;391.43;0.68086;SELL
2016-01-27T00:39:37.550000;2016-01-27T00:39:37.573000;f6e1a1c2-21be-459b-a485-109783e9f63c;391.44;0.01;BUY
2016-01-27T00:40:01.503000;2016-01-27T00:40:01.527000;ad8489dc-a418-4051-aaf4-85019729d5c8;391.38;0.02107;SELL
2016-01-27T00:40:14.590000;2016-01-27T00:40:14.607000;b9c670f0-e8ad-495b-bf62-6fb6d87b5acc;391.36;0.04;SELL
2016-01-27T00:40:54.627000;2016-01-27T00:40:54.653000;a22fa5b6-830c-402d-8221-c67dd3e2deef;391.54;0.08;BUY
2016-01-27T00:41:01.677000;2016-01-27T00:41:01.700000;81af00e7-aa97-4d62-b867-39e91be8040b;391.53;0.01;BUY
2016-01-27T00:41:01.677000;2016-01-27T00:41:01.700000;8de913a9-6996-466c-9659-d15345be73e3;391.53;0.04294;BUY
2016-01-27T00:41:22.583000;2016-01-27T00:41:22.620000;e6074dae-f828-4ccb-b80b-ef1a12fd8eba;391.55;0.094;SELL
2016-01-27T00:41:30.433000;2016-01-27T00:41:30.480000;3d5f7eae-2949-47b2-a26a-fcd31403bb3b;391.55;1.32;BUY
2016-01-27T00:41:31.680000;2016-01-27T00:41:31.717000;56a1f125-e5c1-4146-a041-9a4701517cf4;391.56;0.01;BUY
2016-01-27T00:41:31.680000;2016-01-27T00:41:31.730000;b3d10d18-9aeb-4478-a29f-181cec8c964f;391.59;0.01;BUY
2016-01-27T00:41:31.680000;2016-01-27T00:41:31.730000;6ba11a51-8664-4b88-a1f6-f3055e5b5fc2;391.69;0.094;BUY
2016-01-27T00:41:31.680000;2016-01-27T00:41:31.730000;67f89407-46a2-46e5-9a78-4ef6e4a89bed;391.7;0.34695;BUY
2016-01-27T00:42:01.627000;2016-01-27T00:42:01.670000;ab6af12a-16e5-4680-97fb-4d31e8e699cd;391.76;0.01;BUY
2016-01-27T00:42:01.627000;2016-01-27T00:42:01.683000;337e5469-379c-47f6-adbe-9e2ce28d5a83;391.76;0.02;BUY
2016-01-27T00:42:01.627000;2016-01-27T00:42:01.683000;7fc6d573-ed9f-4c72-8b14-bf8b5d9748be;391.78;0.08227;BUY
2016-01-27T00:42:12.380000;2016-01-27T00:42:12.420000;d549c971-e25a-45bb-a397-89cf9072d63e;391.79;0.01;BUY
2016-01-27T00:42:12.380000;2016-01-27T00:42:12.433000;af5b8cb0-7afc-4bb1-ab0b-30eb26927186;391.8;0.0262829;BUY
2016-01-27T00:42:12.380000;2016-01-27T00:42:12.433000;2962f7ef-dab8-4a57-b90c-5ab116498048;391.82;0.25;BUY
2016-01-27T00:42:12.380000;2016-01-27T00:42:12.433000;fcb89c47-8ccb-4467-81c4-dd172e32860b;391.83;0.01;BUY
2016-01-27T00:42:12.380000;2016-01-27T00:42:12.433000;09860ee8-7de6-4fe6-af39-6aadd5222e32;391.84;0.2037171;BUY
2016-01-27T00:42:23.370000;2016-01-27T00:42:23.403000;1ba6f4af-06ad-4c11-bc93-f3719c9977c9;391.92;0.01;BUY
2016-01-27T00:42:23.370000;2016-01-27T00:42:23.433000;f788f2fd-cd1e-4164-9bb3-331e5b992e03;391.93;0.22;BUY
2016-01-27T00:42:31.603000;2016-01-27T00:42:31.637000;5d9030ce-ab43-43c6-9f96-7aa1b329b509;391.93;0.1;BUY
2016-01-27T00:42:31.603000;2016-01-27T00:42:31.670000;5bf697b3-81e3-48de-9669-77cfc7bd15b5;391.94;0.02203;BUY
2016-01-27T00:42:31.603000;2016-01-27T00:42:31.670000;ed4b7119-e6b4-4724-9bbe-7864c81e9772;391.95;0.01;BUY
2016-01-27T00:42:31.603000;2016-01-27T00:42:31.670000;bf33c9b6-3042-42dd-a661-4e20ee3b9d46;391.96;0.022206;BUY
2016-01-27T00:42:31.603000;2016-01-27T00:42:31.670000;06587be1-ec8d-4efe-a2e4-976ee8ac20bf;391.97;0.02232;BUY
2016-01-27T00:42:31.603000;2016-01-27T00:42:31.670000;274cf366-eb74-4490-be81-09378e94939d;391.97;0.25;BUY
2016-01-27T00:42:31.603000;2016-01-27T00:42:31.670000;ee23da4e-15fc-4485-a4b8-288a7ac27881;392.0;0.01;BUY
2016-01-27T00:42:31.607000;2016-01-27T00:42:31.670000;69ac56a5-3b09-49a3-ba80-674c25bda000;392.0;0.769464;BUY
2016-01-27T00:43:00.810000;2016-01-27T00:43:00.857000;65c566e8-c057-41eb-a4ab-465693e32b60;392.0;0.23919792;BUY
2016-01-27T00:43:31.523000;2016-01-27T00:43:31.560000;62fab71b-68c9-45af-ad65-ab9c497824a9;392.0;0.29917;BUY
2016-01-27T00:43:56.207000;2016-01-27T00:43:56.247000;235c83b1-6d6a-48a5-a630-53c481d9eb96;391.92;0.01;BUY
2016-01-27T00:44:31.673000;2016-01-27T00:44:31.717000;c99f62a5-4a08-4c67-85c2-8576b130a243;391.94;5.85;BUY
2016-01-27T00:44:31.673000;2016-01-27T00:44:31.717000;ad87fd8e-8afe-4904-aa62-2ba298d3375a;391.95;0.0243588;BUY
2016-01-27T00:44:31.673000;2016-01-27T00:44:31.730000;f830f6c6-8187-4ae5-8871-08b6b0871ee8;391.96;0.0266843;BUY
2016-01-27T00:44:31.673000;2016-01-27T00:44:31.730000;013f3d26-bc68-4f29-9ff5-c487571b044d;391.96;0.25;BUY
2016-01-27T00:44:31.673000;2016-01-27T00:44:31.730000;56bb2ca3-219b-49b5-ab5c-c201203a1f38;391.97;0.019923;BUY
2016-01-27T00:44:31.673000;2016-01-27T00:44:31.730000;95e9799d-ec26-46c2-8ecc-6c6c383b3584;391.98;0.02293311;BUY
2016-01-27T00:44:31.673000;2016-01-27T00:44:31.730000;9e57e518-aa40-4931-ac1b-ba9043338760;392.0;0.12139079;BUY
2016-01-27T00:45:01.720000;2016-01-27T00:45:01.747000;11a413be-3859-4d41-84b0-2b09fb84d85a;391.95;0.0787;BUY
2016-01-27T00:45:14.010000;2016-01-27T00:45:14.043000;8e751cf8-a239-47ab-9460-6840d4e2e217;391.9;0.01;SELL
2016-01-27T00:45:17.093000;2016-01-27T00:45:17.137000;7de8a768-1e25-47be-acd3-fd0f6a98937a;391.89;0.01;SELL
2016-01-27T00:45:22.240000;2016-01-27T00:45:22.277000;69aa7ed0-bf70-4dea-85c6-13bfaa65af3a;391.9;0.01;SELL
2016-01-27T00:45:25.903000;2016-01-27T00:45:25.933000;b9527890-09a3-4d7c-9e3d-8c1d3ed66236;391.9;0.01;SELL
2016-01-27T00:45:29.443000;2016-01-27T00:45:29.467000;735b962a-4b37-4a2e-93a5-8e3ff283a33d;391.9;0.01;SELL
2016-01-27T00:45:31.970000;2016-01-27T00:45:32.013000;d292d121-ac67-4de5-b3de-9c36ce55d6e8;391.95;0.2913;BUY
2016-01-27T00:45:31.973000;2016-01-27T00:45:32.013000;569513f3-0a1f-4667-ba05-4092ad5925a0;391.96;0.02722041;BUY
2016-01-27T00:45:31.973000;2016-01-27T00:45:32.027000;d1817251-05da-445c-9f7b-a467b679abcc;391.97;0.0234406;BUY
2016-01-27T00:45:31.973000;2016-01-27T00:45:32.027000;ed3afe0a-a902-4317-8a40-e3bd4afae1ae;391.97;0.74;BUY
2016-01-27T00:45:31.973000;2016-01-27T00:45:32.027000;6b762959-e489-4889-9cd4-22272a135f73;391.98;0.02842581;BUY
2016-01-27T00:45:31.973000;2016-01-27T00:45:32.027000;36ee9a2f-dd56-4605-ab64-033a3d106778;392.0;1.57077729;BUY
2016-01-27T00:45:31.973000;2016-01-27T00:45:32.027000;54c08c6a-225c-4809-8b1e-717297cb13f9;392.0;0.1;BUY
2016-01-27T00:45:31.973000;2016-01-27T00:45:32.027000;6633f449-3d63-47fd-9272-8aa3e35a8987;392.0;0.40268569;BUY
2016-01-27T00:45:31.973000;2016-01-27T00:45:32.027000;8104a555-1db8-4dac-b98c-c3d02380baf7;392.01;0.072;BUY
2016-01-27T00:45:31.973000;2016-01-27T00:45:32.043000;e62967ce-913e-4e70-8e23-939b48940312;392.02;0.026581;BUY
2016-01-27T00:45:31.973000;2016-01-27T00:45:32.043000;ebe450a7-3fc4-4c2b-b2a8-16081d082bf0;392.02;0.01;BUY
2016-01-27T00:45:31.973000;2016-01-27T00:45:32.043000;7313816e-1523-48a5-ac7e-ec1bf0477f22;392.03;1.6556592;BUY
2016-01-27T00:45:32.567000;2016-01-27T00:45:32.607000;28b21af6-68eb-4797-8f77-688e6f5e91b3;391.9;0.01;SELL
2016-01-27T00:45:38.087000;2016-01-27T00:45:38.123000;a5345ade-c3a4-436e-abd9-e22f53972956;391.96;0.01;SELL
2016-01-27T00:45:44.833000;2016-01-27T00:45:44.887000;0d0b8079-f713-4588-b984-651188c4e938;391.93;0.01;SELL
2016-01-27T00:45:46.637000;2016-01-27T00:45:46.670000;02864516-105e-4946-be64-60925a2220e7;392.04;0.01767;BUY
2016-01-27T00:45:46.637000;2016-01-27T00:45:46.670000;4e6bc77b-e575-42d6-b13f-b4857bd4fa4b;392.04;0.01483;BUY
2016-01-27T00:45:50.203000;2016-01-27T00:45:50.230000;497f6d58-501b-4767-a317-3e786b9bb150;391.88;0.01;SELL
2016-01-27T00:45:55.577000;2016-01-27T00:45:55.623000;ce8bbce1-202e-42c4-b753-990b3c0188e7;391.87;0.01;SELL
2016-01-27T00:46:01.633000;2016-01-27T00:46:01.670000;a67a84d2-1188-48bf-8fb8-dac4de6a3793;391.82;0.32897;SELL
2016-01-27T00:46:31.640000;2016-01-27T00:46:31.670000;ffc6fe94-5a45-4cb1-bb3b-634a6afb8e7e;391.98;0.0251;BUY
2016-01-27T00:46:31.640000;2016-01-27T00:46:31.700000;38049fae-74ec-4b24-ad5d-47a72e32b067;391.98;0.33522;BUY
2016-01-27T00:47:01.670000;2016-01-27T00:47:01.717000;22fdd458-be26-489d-9cf4-d92f98dc9ff1;391.98;0.03478;BUY
2016-01-27T00:47:01.670000;2016-01-27T00:47:01.717000;3b87cdbf-3e73-4f49-a7b1-3efcf4d954b4;391.98;0.19034;BUY
2016-01-27T00:47:04.797000;2016-01-27T00:47:04.823000;d6d40553-1711-4571-a4f2-ebaa76d63ef7;391.94;0.01;SELL
2016-01-27T00:47:24.437000;2016-01-27T00:47:24.467000;29aad475-6a53-4b5e-adb6-ffd7fc40a1bc;391.93;0.01;SELL
2016-01-27T00:47:31.583000;2016-01-27T00:47:31.623000;b3be61a1-e685-4b67-a970-fe5e6bfd00ef;391.96;0.01;BUY
2016-01-27T00:47:31.583000;2016-01-27T00:47:31.623000;bee147d3-bf78-4bab-8131-8ad323197db4;391.97;0.021732;BUY
2016-01-27T00:47:31.587000;2016-01-27T00:47:31.623000;ef1cdfad-c69d-4ae1-ab08-b136e2797f31;391.98;0.197198;BUY
2016-01-27T00:47:56.157000;2016-01-27T00:47:56.183000;f6a8ec54-b3e1-4dcb-8018-c106be9a5e04;391.96;0.01;SELL
2016-01-27T00:48:02.000000;2016-01-27T00:48:02.043000;fc1f7760-d773-4b3b-8aa3-deaf01d804a4;391.99;0.02320215;BUY
2016-01-27T00:48:02.003000;2016-01-27T00:48:02.043000;6e9804b6-dfe3-4bc2-9b61-9e739e692e5e;391.99;0.35;BUY
2016-01-27T00:48:02.003000;2016-01-27T00:48:02.043000;d7082aa6-b623-4ed9-b4fe-46854a09cbd3;392.0;0.02306192;BUY
2016-01-27T00:48:02.003000;2016-01-27T00:48:02.043000;4fb28b27-88a0-487c-9b5b-6c8d8625294d;392.01;0.02372787;BUY
2016-01-27T00:48:02.003000;2016-01-27T00:48:02.043000;0b7cbcbf-a719-4364-a3f5-d7dfe640152d;392.02;0.25;BUY
2016-01-27T00:48:02.003000;2016-01-27T00:48:02.060000;8693e2d7-0c47-4574-b37b-c37f26c6204e;392.03;0.02851098;BUY
2016-01-27T00:48:02.003000;2016-01-27T00:48:02.060000;a9b2ae5d-a4cd-4db9-82e4-23224d925564;392.03;0.17;BUY
2016-01-27T00:48:02.003000;2016-01-27T00:48:02.060000;cf179457-4103-4d37-9987-76941ab17447;392.04;0.14336708;BUY
2016-01-27T00:48:06.657000;2016-01-27T00:48:06.683000;3d02b8c2-d219-4481-82f6-9cb59955adc8;392.04;0.01;SELL
2016-01-27T00:48:13.570000;2016-01-27T00:48:13.607000;d19d12ea-09be-4c45-b66a-d87b4c1be145;392.04;0.01;SELL
2016-01-27T00:48:18.927000;2016-01-27T00:48:18.950000;4ab8ecd3-f9ff-40dd-8a41-ac1040fff135;392.04;0.01;SELL
2016-01-27T00:48:26.303000;2016-01-27T00:48:26.340000;3ec16db1-a49d-4534-b537-4bbe7dce7a40;392.04;0.34;SELL
2016-01-27T00:48:31.710000;2016-01-27T00:48:31.730000;ed76f5e9-abc8-4a4b-b717-34e46d8e1eb7;392.05;0.02790181;BUY
2016-01-27T00:48:31.710000;2016-01-27T00:48:31.747000;5fd0ed91-80a8-430c-98c4-634ad0606a44;392.06;0.01619;BUY
2016-01-27T00:48:31.710000;2016-01-27T00:48:31.747000;36e88ed8-65d9-40ad-84c3-d4845f42f972;392.07;0.0250832;BUY
2016-01-27T00:48:31.710000;2016-01-27T00:48:31.747000;d6af1597-ea3e-48ea-94ab-0baa809b3dd9;392.08;0.0139284;BUY
2016-01-27T00:48:31.710000;2016-01-27T00:48:31.747000;bd23ba75-6b6d-4976-acd7-9abb1b74d6cf;392.09;0.25;BUY
2016-01-27T00:48:31.710000;2016-01-27T00:48:31.840000;9082d5f4-3d5c-4856-a9d3-6f21b94f782e;392.09;0.077;BUY
2016-01-27T00:48:31.710000;2016-01-27T00:48:31.840000;ad549f62-16f9-46fd-8382-d7e7d07d39e5;392.1;0.01;BUY
2016-01-27T00:48:31.710000;2016-01-27T00:48:31.840000;7001d007-eb2c-43bf-895b-31434e7152bf;392.11;0.0218826;BUY
2016-01-27T00:48:31.710000;2016-01-27T00:48:31.840000;8509e442-12eb-4f7b-9573-4cad2d88d7a3;392.12;0.01655399;BUY
2016-01-27T00:49:01.653000;2016-01-27T00:49:01.683000;f1ce81cd-bf45-433a-9b4a-945cc6295d75;392.09;0.5437;SELL
2016-01-27T00:49:31.550000;2016-01-27T00:49:31.573000;ae65ddde-db7e-437f-ba19-30bb2b926b32;392.12;0.00471891;BUY
2016-01-27T00:49:31.550000;2016-01-27T00:49:31.590000;a27db9c2-6fdd-4188-b29c-afc739671e15;392.12;0.03;BUY
2016-01-27T00:49:31.550000;2016-01-27T00:49:31.590000;6d8038a6-4764-4e26-b897-9138985bfbe6;392.12;0.05;BUY
2016-01-27T00:49:31.550000;2016-01-27T00:49:31.590000;dd4cccf5-adb0-4428-81fd-73f8c297d37e;392.12;0.09;BUY
2016-01-27T00:49:31.550000;2016-01-27T00:49:31.590000;f075315d-5d98-4734-9fea-caf6accefd97;392.12;0.27589109;BUY
2016-01-27T00:50:01.717000;2016-01-27T00:50:01.747000;eaf123de-a16d-4502-b4fe-2724fb926ab6;392.13;0.01;BUY
2016-01-27T00:50:01.717000;2016-01-27T00:50:01.747000;041564a4-fa55-423b-b7cf-3d7fe5dc06d9;392.13;0.084;BUY
2016-01-27T00:50:01.717000;2016-01-27T00:50:01.747000;c41de271-6891-4844-862a-04e1c991847e;392.14;0.021;BUY
2016-01-27T00:50:01.717000;2016-01-27T00:50:01.747000;5217baf7-120e-4982-9bd7-9cf2fd7fac76;392.15;0.01;BUY
2016-01-27T00:50:01.717000;2016-01-27T00:50:01.763000;a0b6ccfa-c620-4e8b-9bb7-4980adafc473;392.16;0.01;BUY
2016-01-27T00:50:01.717000;2016-01-27T00:50:01.763000;387a564c-19ce-4dbc-a7e5-a16fe8d7ed75;392.16;0.26;BUY
2016-01-27T00:50:01.717000;2016-01-27T00:50:01.763000;420632bd-e364-466e-938f-4e2409c39086;392.17;0.02475356;BUY
2016-01-27T00:50:01.717000;2016-01-27T00:50:01.763000;4d5fb174-3e38-424b-93bd-27d4b96f3260;392.17;2.43715644;BUY
2016-01-27T00:50:31.627000;2016-01-27T00:50:31.637000;ef8686f8-d77e-4634-8dfd-c97bab3a2938;392.17;0.01308;SELL
2016-01-27T00:50:31.627000;2016-01-27T00:50:31.653000;50824e43-f4cb-4050-aadf-6f152e252e9e;392.09;2.86;SELL
2016-01-27T00:50:31.627000;2016-01-27T00:50:31.653000;9df36827-d849-4bbe-a858-842be63c5ebc;392.09;0.25;SELL
2016-01-27T00:50:31.627000;2016-01-27T00:50:31.653000;51c0c08c-308a-48c4-a91a-b429d4ab6cd6;392.08;6.38329;SELL
2016-01-27T00:51:31.977000;2016-01-27T00:51:31.997000;49c86761-b7bc-4386-bd3b-a702cf521364;391.96;0.8;SELL
2016-01-27T00:51:31.977000;2016-01-27T00:51:32.013000;ec4f5bed-4380-4cc5-b356-0886ec8f659e;391.93;8.26681;SELL
2016-01-27T00:51:32.827000;2016-01-27T00:51:32.840000;d6713a5b-6ca9-421c-9730-0583c017c226;391.92;0.01;SELL
2016-01-27T00:51:32.827000;2016-01-27T00:51:32.857000;8002ff4b-1dd0-464a-96ee-0f3c036f9526;391.91;0.01;SELL
2016-01-27T00:51:32.827000;2016-01-27T00:51:32.857000;6ebdd22e-61a0-447e-8252-82298f3a4271;391.87;1.128604;SELL
2016-01-27T00:51:32.833000;2016-01-27T00:51:32.857000;d23463d5-9a89-4dd6-96e0-90b9c7f3c032;391.87;0.153524;SELL
2016-01-27T00:51:32.837000;2016-01-27T00:51:32.857000;4c26f30c-c3f4-462d-a546-931ccc5032e5;391.87;0.675872;SELL
2016-01-27T00:51:32.837000;2016-01-27T00:51:32.873000;087c9901-75a8-4931-998b-9606127b8e7c;391.87;0.25;SELL
2016-01-27T00:51:32.837000;2016-01-27T00:51:32.873000;6e4c6ae8-8034-469f-ae45-6662a4b2bfe0;391.85;0.2235;SELL
2016-01-27T00:51:32.843000;2016-01-27T00:51:32.873000;cddda5fd-7045-49ad-9829-902ed5d28813;391.85;0.936;SELL
2016-01-27T00:51:32.857000;2016-01-27T00:51:32.873000;b09151ab-4726-4698-b773-c08038e766a0;391.85;0.635;SELL
2016-01-27T00:52:01.677000;2016-01-27T00:52:01.700000;4bf72a57-5181-4654-99e8-c518d3a3c481;391.92;0.74;BUY
2016-01-27T00:52:01.677000;2016-01-27T00:52:01.717000;a8251d72-e44e-4444-89f5-d0ba7c982609;391.93;0.01909553;BUY
2016-01-27T00:52:01.680000;2016-01-27T00:52:01.717000;2b935b35-9a90-450f-a24c-6e4484bf0fe4;391.94;0.01728106;BUY
2016-01-27T00:52:01.680000;2016-01-27T00:52:01.717000;62f105b7-5ba8-4b11-b716-4910c47e9dbf;391.95;0.202;BUY
2016-01-27T00:52:01.680000;2016-01-27T00:52:01.730000;fd9506ea-2880-4ffe-9bc5-60e00e746e63;391.96;0.023;BUY
2016-01-27T00:52:01.680000;2016-01-27T00:52:01.810000;b0a90070-0d26-4fbf-9d4e-9f359599c861;391.97;0.027167;BUY
2016-01-27T00:52:01.680000;2016-01-27T00:52:01.810000;4cbd80d5-e212-46e8-9af0-5188c3f5dcf8;391.97;0.25;BUY
2016-01-27T00:52:01.680000;2016-01-27T00:52:01.810000;3294fac7-07b6-43dc-867f-a068a7d9db8b;391.98;0.175;BUY
2016-01-27T00:52:01.680000;2016-01-27T00:52:01.810000;6fec47d2-ba80-4fb6-af4b-fe7155c3289d;392.0;0.02693;BUY
2016-01-27T00:52:01.680000;2016-01-27T00:52:01.810000;345e6134-9c04-4113-ac2f-3e3d0ce7be77;392.01;0.274;BUY
2016-01-27T00:52:01.680000;2016-01-27T00:52:01.810000;6e6cd95e-5df6-4848-93a9-dbb16d9cc53b;392.04;0.16;BUY
2016-01-27T00:52:01.680000;2016-01-27T00:52:01.810000;f5fbadae-7ede-44e0-a82a-21428a7c8df6;392.05;3.25;BUY
2016-01-27T00:52:01.680000;2016-01-27T00:52:01.810000;b3ab3f85-ceb5-4db4-9796-55fc8396fca5;392.06;0.81826641;BUY
2016-01-27T00:52:31.633000;2016-01-27T00:52:31.653000;4ace5392-2f0d-46dd-a751-947fb2d0e391;392.07;0.55477;BUY
2016-01-27T00:53:01.633000;2016-01-27T00:53:01.653000;a32bb1d1-73e6-4123-b53d-1023c81b98ef;392.07;0.10136;BUY
2016-01-27T00:53:31.563000;2016-01-27T00:53:31.590000;1eea511a-7e00-412e-8f58-25222cb09aa1;391.97;0.26;SELL
2016-01-27T00:53:31.563000;2016-01-27T00:53:31.590000;b017e122-3ee4-4937-8842-72805f673ad8;391.97;0.00587;SELL
2016-01-27T00:54:01.697000;2016-01-27T00:54:01.700000;d63182fd-c02e-44ab-9808-e3aa2776c79f;391.91;0.01;SELL
2016-01-27T00:54:01.697000;2016-01-27T00:54:01.717000;a1446437-25d4-4b6a-85eb-4b27d8185b34;391.91;0.25;SELL
2016-01-27T00:54:01.697000;2016-01-27T00:54:01.717000;982eb856-9eb0-406b-9083-4894b3d2645a;391.91;0.4977;SELL
2016-01-27T00:54:26.923000;2016-01-27T00:54:26.950000;b4519554-72b4-4a2a-be0e-bccc84622011;392.04;0.37;BUY
2016-01-27T00:54:26.923000;2016-01-27T00:54:26.950000;24379ea4-02a6-4317-afec-4333082b1338;392.05;0.0176392;BUY
2016-01-27T00:54:26.927000;2016-01-27T00:54:26.950000;143fd6a1-5e19-4506-b249-98aa9c2c1ae7;392.07;0.02831;BUY
2016-01-27T00:54:26.927000;2016-01-27T00:54:26.950000;de69dc65-6f56-455f-a33c-36ff8a898d94;392.08;0.1427508;BUY
2016-01-27T00:54:31.753000;2016-01-27T00:54:31.763000;276b2ad3-fd78-4418-b725-69d69e8e6426;392.07;1.26184;BUY
2016-01-27T00:55:01.710000;2016-01-27T00:55:01.717000;3defe982-5551-4759-bc6f-9005fa0096d2;391.94;0.37;BUY
2016-01-27T00:55:01.710000;2016-01-27T00:55:01.717000;a9cd68ad-3bdd-41ef-b832-872e9ffaad31;391.95;0.135;BUY
2016-01-27T00:55:01.710000;2016-01-27T00:55:01.747000;aac8c2dc-9929-4b14-9d95-8ff096b495da;391.96;0.15883;BUY
2016-01-27T00:55:31.590000;2016-01-27T00:55:31.590000;67986435-209d-4a3f-9943-ea1dc0e852d1;391.96;0.37;BUY
2016-01-27T00:55:31.590000;2016-01-27T00:55:31.607000;8f4dbca9-b4f0-496b-a6f7-64ea9906fbd3;391.96;0.15;BUY
2016-01-27T00:55:31.590000;2016-01-27T00:55:31.607000;4a9d1ba6-9174-4ae4-9e90-3f3948cab8f5;391.97;0.01496771;BUY
2016-01-27T00:55:31.590000;2016-01-27T00:55:31.607000;64873cf4-f9d3-4c99-bb27-8b083fb51286;391.98;0.024;BUY
2016-01-27T00:55:31.590000;2016-01-27T00:55:31.607000;c3c67291-1a0e-481b-881d-62da4c2a84c3;391.99;0.016927;BUY
2016-01-27T00:55:31.590000;2016-01-27T00:55:31.607000;ee30d9d5-9965-42b9-85dc-466bed6fe6f3;392.0;0.02360334;BUY
2016-01-27T00:55:31.590000;2016-01-27T00:55:31.637000;d1970aea-f20d-4815-ad64-da44bd3d7547;392.0;0.151;BUY
2016-01-27T00:55:31.590000;2016-01-27T00:55:31.637000;bc0b4bec-6947-4c9e-af16-dbb7389386a1;392.05;1.00298195;BUY
2016-01-27T00:56:31.547000;2016-01-27T00:56:31.543000;25476cce-e00f-4d04-b008-fc5ae401757f;392.02;0.016;BUY
2016-01-27T00:56:31.547000;2016-01-27T00:56:31.560000;45d25473-bd7f-4c58-88f5-556b142a6d1e;392.03;0.02212;BUY
2016-01-27T00:56:31.547000;2016-01-27T00:56:31.560000;5eb1dcfb-2fac-48cb-9cf1-101409234fe2;392.04;0.0158;BUY
2016-01-27T00:56:31.547000;2016-01-27T00:56:31.560000;8fb1a03e-1cf9-4faf-b4ad-767f93901413;392.04;0.77006;BUY
2016-01-27T00:57:01.863000;2016-01-27T00:57:01.893000;fdd577ca-b930-4ad9-8d7a-075868ab59e3;391.93;0.01614;BUY
2016-01-27T00:57:31.653000;2016-01-27T00:57:31.707000;efffd852-9e16-4e5f-819c-e2eb8c1f79c9;391.94;0.25081;BUY
2016-01-27T00:58:01.643000;2016-01-27T00:58:01.690000;d4c84bd5-888c-433c-9fa1-4e5024f9b452;391.96;0.0226258;BUY
2016-01-27T00:58:01.643000;2016-01-27T00:58:01.707000;7c478768-e272-4ecc-8028-43e651e487c3;391.97;0.02159;BUY
2016-01-27T00:58:01.643000;2016-01-27T00:58:01.707000;2d09d6bc-cfca-4cb7-930f-554fd4d68bbe;392.0;0.101;BUY
2016-01-27T00:58:01.643000;2016-01-27T00:58:01.707000;922d8447-8322-438d-975b-ffda24bfb3ea;392.01;0.021084;BUY
2016-01-27T00:58:01.647000;2016-01-27T00:58:01.707000;f3ec237b-1fad-4856-a677-f91783719f02;392.02;0.02036;BUY
2016-01-27T00:58:01.647000;2016-01-27T00:58:01.787000;690f053c-b18b-4e7f-888e-1507211153d4;392.04;0.1056002;BUY
2016-01-27T00:58:50.120000;2016-01-27T00:58:50.160000;c39d5f9b-d273-4337-aa5c-c0c99fd96a62;391.93;0.28;SELL
2016-01-27T00:58:50.120000;2016-01-27T00:58:50.177000;90ae1fd1-8418-48c7-91bc-6c443668b17e;391.93;0.077;SELL
2016-01-27T00:59:01.667000;2016-01-27T00:59:01.707000;2817ee6a-3678-4d4c-9e31-381e566cec34;391.92;0.01;SELL
2016-01-27T00:59:01.667000;2016-01-27T00:59:01.723000;aafe44cb-0147-4666-87c0-c57b04046456;391.92;0.12;SELL
2016-01-27T00:59:01.670000;2016-01-27T00:59:01.723000;aa45fb7e-8126-4191-a1c6-8e6f12dc55ec;391.91;0.25;SELL
2016-01-27T00:59:01.670000;2016-01-27T00:59:01.723000;132047f3-831b-423f-b0da-583cf1a6d772;391.89;0.081;SELL
2016-01-27T00:59:01.670000;2016-01-27T00:59:01.723000;fa0167fe-ee63-4d6e-b3c5-b23a8ae94ed4;391.86;0.112;SELL
2016-01-27T00:59:01.670000;2016-01-27T00:59:01.800000;5868ea13-1856-421f-94ba-0c1b650095b4;391.81;0.154;SELL
2016-01-27T00:59:01.670000;2016-01-27T00:59:01.800000;88f16c11-524a-402a-ba4c-b2e8eea3a961;391.79;0.498;SELL
2016-01-27T00:59:01.670000;2016-01-27T00:59:01.800000;e6312e12-2c45-4bd5-af9d-37397cd97db4;391.78;4.16;SELL
2016-01-27T00:59:01.670000;2016-01-27T00:59:01.800000;898d81a2-8ac4-45cd-a747-54000482dc3f;391.78;0.141;SELL
2016-01-27T00:59:01.670000;2016-01-27T00:59:01.800000;82a5dee8-6125-4976-aa91-fbd6bbb7b98a;391.75;0.102;SELL
2016-01-27T00:59:01.670000;2016-01-27T00:59:01.800000;f3c12f7a-ceb3-47e7-a792-0049c4dc6837;391.72;0.01;SELL
2016-01-27T00:59:01.670000;2016-01-27T00:59:01.800000;717f6c87-5c8e-4e26-9dff-fc218ba0cb73;391.72;0.13;SELL
2016-01-27T00:59:01.670000;2016-01-27T00:59:01.800000;0d949d7e-fa36-4960-9506-59d81e44882c;391.69;0.12;SELL
2016-01-27T00:59:01.670000;2016-01-27T00:59:01.817000;efcd6e01-2143-4db3-bc0b-696bf7053bdc;391.64;9.76541;SELL
2016-01-27T00:59:31.887000;2016-01-27T00:59:31.927000;4af54a1a-bb98-4d5b-8722-2da52faf05c0;391.76;0.014;SELL
2016-01-27T01:00:02.040000;2016-01-27T01:00:02.083000;cc273ee8-11be-48cc-b287-dfc86279d44a;391.79;0.37;BUY
2016-01-27T01:00:02.040000;2016-01-27T01:00:02.083000;c0015a23-c9dd-4c22-a56d-4b8699d7e0af;391.79;0.19;BUY
2016-01-27T01:00:02.040000;2016-01-27T01:00:02.083000;f6d10084-cd6e-4115-af24-2a87524da1d4;391.8;0.01913;BUY
2016-01-27T01:01:00.270000;2016-01-27T01:01:00.300000;a2743543-9520-4740-9bab-d14df34e6802;391.78;0.0286;BUY
2016-01-27T01:01:00.297000;2016-01-27T01:01:00.333000;720535ba-1195-47e1-a238-3ea63405bf83;391.78;0.041;BUY
2016-01-27T01:01:09.377000;2016-01-27T01:01:09.410000;0fd3f62c-bfac-4339-bbb7-3b079110508a;391.76;0.01;SELL
2016-01-27T01:01:09.377000;2016-01-27T01:01:09.427000;4319a566-c997-4634-8c3a-81317880b654;391.75;0.01;SELL
2016-01-27T01:01:09.377000;2016-01-27T01:01:09.427000;eb997cd8-b22c-4d07-84a0-5e87a56871a3;391.74;0.01937823;SELL
2016-01-27T01:01:09.377000;2016-01-27T01:01:09.427000;46f591d7-e308-4058-973f-9d0bd35eeba4;391.73;0.25;SELL
2016-01-27T01:01:09.377000;2016-01-27T01:01:09.427000;3ab24b38-0127-46f9-b7c7-201bb03cd893;391.72;0.096;SELL
2016-01-27T01:01:09.377000;2016-01-27T01:01:09.427000;01cfdb05-4b25-43fe-851e-a8a8c6451539;391.69;0.086;SELL
2016-01-27T01:01:09.380000;2016-01-27T01:01:09.427000;f8c696c6-536e-47fb-8fca-d03ef63f1e64;391.66;0.103;SELL
2016-01-27T01:01:09.380000;2016-01-27T01:01:09.427000;8dffd085-4a7b-4c86-b9da-bae20e193900;391.63;0.123;SELL
2016-01-27T01:01:09.380000;2016-01-27T01:01:09.503000;e1f6e927-6333-44ab-be11-3aca790bb36d;391.6;0.126;SELL
2016-01-27T01:01:09.380000;2016-01-27T01:01:09.520000;78cceb0d-4d98-4e8b-81d2-5803fac843ee;391.57;0.079;SELL
2016-01-27T01:01:09.380000;2016-01-27T01:01:09.520000;e63f98b2-26ee-49fd-ad85-a048393e9a28;391.55;0.01;SELL
2016-01-27T01:01:09.380000;2016-01-27T01:01:09.520000;c2d8a7a4-1afe-4cab-8839-15f3b3e1032a;391.54;0.07462177;SELL
2016-01-27T01:01:09.683000;2016-01-27T01:01:09.707000;d4585031-b02b-4909-a85e-5478ce054dbd;391.54;0.013;SELL
2016-01-27T01:01:31.093000;2016-01-27T01:01:31.130000;84fe95c6-2af5-490b-8d02-df55d2bcdd58;391.57;0.26;BUY
2016-01-27T01:01:31.093000;2016-01-27T01:01:31.143000;ebe455cb-9eac-4cb5-b158-a308aed468a8;391.57;0.37;BUY
2016-01-27T01:01:31.093000;2016-01-27T01:01:31.143000;d64328ce-071d-4bf1-8bb1-464d3fd404d2;391.61;1.22388;BUY
2016-01-27T01:02:30.920000;2016-01-27T01:02:30.957000;3be81058-1e1a-4838-a006-97c25701ed51;391.57;0.11;BUY
2016-01-27T01:02:30.920000;2016-01-27T01:02:30.957000;40cb9d71-803f-456b-8f34-73dcde358a87;391.61;0.02383;BUY
2016-01-27T01:03:00.933000;2016-01-27T01:03:00.973000;5d63bbaf-5186-4d8a-be7d-4ff73c3e4244;391.69;0.52;BUY
2016-01-27T01:03:00.933000;2016-01-27T01:03:00.973000;b7670655-2518-43a4-aa4f-29847adc34cb;391.69;2.1662;BUY
2016-01-27T01:03:30.867000;2016-01-27T01:03:30.893000;92f50600-c25c-4642-8073-b993c1a72e4c;391.66;0.2546;BUY
2016-01-27T01:03:36.823000;2016-01-27T01:03:36.847000;9199ca3b-daff-401c-9403-47e23110bee3;391.64;0.1;BUY
2016-01-27T01:03:43.573000;2016-01-27T01:03:43.597000;1261e001-f498-45cd-a155-d30828685101;391.57;0.01;SELL
2016-01-27T01:03:43.573000;2016-01-27T01:03:43.613000;1a58a506-ce15-4d6e-9a22-23c9478ac40c;391.56;0.01;SELL
2016-01-27T01:03:43.573000;2016-01-27T01:03:43.613000;8570bbb8-16a7-44e1-b7d2-d1ba1adf5f04;391.55;0.0211049;SELL
2016-01-27T01:03:43.573000;2016-01-27T01:03:43.613000;6cc805e0-aab2-4b72-835f-8c1cbae53b17;391.55;0.0588951;SELL
2016-01-27T01:04:03.113000;2016-01-27T01:04:03.143000;d5692deb-4816-4bab-aadc-f3189f0fd7ae;391.61;8.88832;BUY
2016-01-27T01:04:03.113000;2016-01-27T01:04:03.160000;17bba81a-663f-4f7b-b1ab-74e4d7af447e;391.61;0.13;BUY
2016-01-27T01:04:03.113000;2016-01-27T01:04:03.160000;ae1fa861-8cd7-43af-8c2a-b20d25cdcdd3;391.62;0.25;BUY
2016-01-27T01:04:03.113000;2016-01-27T01:04:03.160000;07edefcf-4ca6-4106-b6e6-962da170047b;391.62;0.91;BUY
2016-01-27T01:04:03.113000;2016-01-27T01:04:03.177000;1ec0a8fe-ca41-45f7-9f2f-abbff20dbc23;391.65;0.937;BUY
2016-01-27T01:04:03.113000;2016-01-27T01:04:03.177000;6d0b0d15-77d4-4cb9-92ae-7fdb977520e5;391.67;0.948;BUY
2016-01-27T01:04:03.113000;2016-01-27T01:04:03.177000;3969d7e0-1bb0-4bd3-9787-cff5a60ccc80;391.7;0.01;BUY
2016-01-27T01:04:03.113000;2016-01-27T01:04:03.177000;56c4329b-d861-40a0-bd9a-bd38d54d76c1;391.7;0.04;BUY
2016-01-27T01:04:03.113000;2016-01-27T01:04:03.177000;0d55b203-1075-428b-83b5-eb985686bd5e;391.72;11.09125;BUY
2016-01-27T01:04:12.977000;2016-01-27T01:04:12.990000;8647615b-d8f1-4dbb-b333-2418b760b2ca;391.74;0.02;BUY
2016-01-27T01:04:30.863000;2016-01-27T01:04:30.880000;eefa04e2-e4c9-45fc-8926-fce143f7a1bd;391.75;0.01;BUY
2016-01-27T01:04:30.863000;2016-01-27T01:04:30.893000;d5dd164f-aca4-40f5-9b35-9595e39f7dd5;391.75;2.51555;BUY
2016-01-27T01:06:30.953000;2016-01-27T01:06:30.973000;9da92339-1759-4f53-8297-e7fa21c9ffb3;391.58;0.155;SELL
2016-01-27T01:06:30.953000;2016-01-27T01:06:30.990000;5e95e8e8-b7da-42ff-afbc-cb21e45e9e26;391.58;0.13026;SELL
2016-01-27T01:07:00.927000;2016-01-27T01:07:00.943000;af8172cb-674e-41e8-82c0-846ff13d94c4;391.58;0.02578;SELL
2016-01-27T01:07:30.950000;2016-01-27T01:07:30.990000;310e4ef9-30cf-4fd5-a8f8-a09320ee76cb;391.8;0.858;BUY
2016-01-27T01:07:30.953000;2016-01-27T01:07:30.990000;241d5e61-8f1e-4c92-a868-8ace0a0f74aa;391.8;0.25;BUY
2016-01-27T01:07:30.953000;2016-01-27T01:07:30.990000;3f09d2e4-1d52-4318-89e7-148d0098c799;391.81;3.37945;BUY
2016-01-27T01:08:00.830000;2016-01-27T01:08:00.863000;28319217-cb7c-411d-a0af-1f25ecc31145;391.69;1.33447;SELL
2016-01-27T01:08:02.367000;2016-01-27T01:08:02.380000;1fed3cd1-7f63-47aa-b470-fcc64eb67162;391.81;0.815;BUY
2016-01-27T01:08:02.367000;2016-01-27T01:08:02.393000;e833041f-07c8-470a-b8fd-9b5138b6dc42;391.81;0.25;BUY
2016-01-27T01:08:22.810000;2016-01-27T01:08:22.817000;3923ba19-142c-4668-bd01-42022ca1a14e;391.82;2.96742744;BUY
2016-01-27T01:09:00.873000;2016-01-27T01:09:00.880000;f77a72b5-97c7-4f9e-adb1-29145d3455d2;391.8;0.0203449;BUY
2016-01-27T01:09:00.873000;2016-01-27T01:09:00.893000;27f92f55-2d56-4529-ae59-2eb33cfd6bf5;391.81;0.0171536;BUY
2016-01-27T01:09:00.873000;2016-01-27T01:09:00.893000;53796e23-f70e-42ca-beab-92c2aaedc6c8;391.81;0.2174115;BUY
2016-01-27T01:09:30.860000;2016-01-27T01:09:30.863000;54a7abbf-b66d-425b-833c-cf10a88b0302;391.79;0.753;BUY
2016-01-27T01:09:30.860000;2016-01-27T01:09:30.880000;1a57bd9f-3586-4bb9-a1ca-7bb1757ae9bb;391.79;0.4127;BUY
2016-01-27T01:10:00.817000;2016-01-27T01:10:00.817000;95681580-548f-496e-9150-d4d4a2610324;391.78;0.03;BUY
2016-01-27T01:10:00.817000;2016-01-27T01:10:00.833000;15faa00f-1895-4c61-938b-cf30694725c9;391.79;0.0225;BUY
2016-01-27T01:10:00.817000;2016-01-27T01:10:00.833000;b495427f-deb1-4843-a9ab-8e52be6c3720;391.8;0.021883;BUY
2016-01-27T01:10:00.817000;2016-01-27T01:10:00.833000;75f4a59c-842c-4587-8383-2126c5c6a579;391.81;0.0138702;BUY
2016-01-27T01:10:00.817000;2016-01-27T01:10:00.833000;e857da11-1884-42d3-aa5d-b115b90d707e;391.82;1.1511868;BUY
2016-01-27T01:10:32.877000;2016-01-27T01:10:32.880000;ee006e4a-1558-4e9b-a92b-5a702612ebaf;391.79;0.16417;BUY
2016-01-27T01:11:00.800000;2016-01-27T01:11:00.800000;601b4a21-8ba4-4d40-ae3c-d56d852de773;391.72;0.01;SELL
2016-01-27T01:11:00.800000;2016-01-27T01:11:00.817000;6a236e8f-bdfb-468e-86d4-35338fb1d39b;391.71;0.25;SELL
2016-01-27T01:11:00.800000;2016-01-27T01:11:00.817000;c788722c-239d-4d2b-9f0c-3ae487db766c;391.71;0.116;SELL
2016-01-27T01:11:00.800000;2016-01-27T01:11:00.817000;1090e943-fc3d-4976-95dc-56b126a06973;391.7;0.0222;SELL
2016-01-27T01:11:00.803000;2016-01-27T01:11:00.817000;b14ec170-525d-422f-bff7-84d1ce5d0ebb;391.7;0.16;SELL
2016-01-27T01:11:00.803000;2016-01-27T01:11:00.927000;c3a0825a-e49d-464d-a185-dcb0a24212db;391.69;0.03;SELL
2016-01-27T01:11:00.803000;2016-01-27T01:11:00.927000;1cfe4d48-4ab7-42a7-badb-c9667349d48c;391.68;0.121;SELL
2016-01-27T01:11:00.803000;2016-01-27T01:11:00.927000;cc44fdc5-b566-456a-bffb-0dce6e822018;391.67;0.02252217;SELL
2016-01-27T01:11:00.803000;2016-01-27T01:11:00.927000;f8249e1d-0ad7-4a33-a427-654883ca928e;391.67;0.82657783;SELL
2016-01-27T01:11:23.420000;2016-01-27T01:11:23.427000;6994f254-1748-44e6-bf32-c9a869e4ef76;391.65;0.108;SELL
2016-01-27T01:11:23.420000;2016-01-27T01:11:23.443000;068090a1-2011-41ba-aca9-9e5fe2ded777;391.65;0.25;SELL
2016-01-27T01:11:23.420000;2016-01-27T01:11:23.443000;95fdd77f-ad78-42d8-b2b1-67fc13095728;391.64;0.024324;SELL
2016-01-27T01:11:23.423000;2016-01-27T01:11:23.443000;ede57e57-b08e-4ec1-ae13-907743262181;391.63;0.01738586;SELL
2016-01-27T01:11:23.423000;2016-01-27T01:11:23.443000;d3102646-0048-4bf0-a650-36a1446e8a47;391.63;0.25;SELL
2016-01-27T01:11:23.423000;2016-01-27T01:11:23.443000;994614b3-10b8-4d16-a1f0-f1f8bd467b42;391.63;0.62879014;SELL
2016-01-27T01:11:30.917000;2016-01-27T01:11:30.927000;16ba08ea-befa-457d-9169-c341dde1a9a1;391.74;0.22;BUY
2016-01-27T01:11:30.917000;2016-01-27T01:11:30.943000;1d73e065-56d9-4777-abd7-d47fd5a71307;391.74;0.25;BUY
2016-01-27T01:11:30.917000;2016-01-27T01:11:30.943000;a308177b-6c27-4cbf-98e0-4f66fe1e3f2d;391.75;1.08386;BUY
2016-01-27T01:12:01.340000;2016-01-27T01:12:01.377000;00855bf5-37f0-469b-8238-de231a8370a8;391.78;0.12875;BUY
2016-01-27T01:12:30.800000;2016-01-27T01:12:30.830000;47ea09d7-fa19-4467-94d1-8bd0ec8fc9d6;391.74;0.0945;BUY
2016-01-27T01:13:02.020000;2016-01-27T01:13:02.047000;9f696443-e3ed-40cc-be2c-8b3b0b86c064;391.74;0.0794;BUY
2016-01-27T01:14:00.973000;2016-01-27T01:14:01.000000;c406ae36-8e35-4cbd-bd30-250956d338e2;391.73;0.05334;BUY
2016-01-27T01:14:30.863000;2016-01-27T01:14:30.890000;5f245b8a-0e23-40ac-9e57-3279dd9c9f2c;391.67;0.079;SELL
2016-01-27T01:14:30.863000;2016-01-27T01:14:30.907000;b0238e0d-f002-4130-bfaa-5472dd0e0835;391.67;0.24;SELL
2016-01-27T01:14:30.863000;2016-01-27T01:14:30.907000;34ac2465-e56c-4cfb-99ef-8072f7bd5b76;391.66;0.01908;SELL
2016-01-27T01:14:30.863000;2016-01-27T01:14:30.907000;3cfda41e-95f6-4ed0-be87-d6d42090c1ab;391.65;0.25;SELL
2016-01-27T01:14:30.863000;2016-01-27T01:14:30.907000;214eda06-8404-44f8-83cb-a36fb42ede6c;391.64;0.093;SELL
2016-01-27T01:14:30.863000;2016-01-27T01:14:30.907000;651e92c6-c8f2-4d28-8c90-9ae8da2bd70f;391.63;0.0278137;SELL
2016-01-27T01:14:30.863000;2016-01-27T01:14:30.987000;b92cbf0b-0008-4fe1-83dd-4106ef026163;391.62;0.0271;SELL
2016-01-27T01:14:30.863000;2016-01-27T01:14:31.000000;a0731f59-3845-4bef-b765-1e1367b74825;391.61;0.075;SELL
2016-01-27T01:14:30.863000;2016-01-27T01:14:31.000000;a10f72df-ffa6-4a5d-bdbd-8ea3e816b219;391.6;0.02;SELL
2016-01-27T01:14:30.863000;2016-01-27T01:14:31.000000;098b71e9-73b7-44ef-8cf3-7d70dd1dd508;391.59;8.91706;SELL
2016-01-27T01:14:30.863000;2016-01-27T01:14:31.000000;fcc0334e-2ce4-4b06-a3b9-eae07ed3a9c1;391.58;0.111;SELL
2016-01-27T01:14:30.863000;2016-01-27T01:14:31.000000;c19e1d52-0f4d-431e-ae6e-38ff22118c29;391.57;0.0252728;SELL
2016-01-27T01:14:30.867000;2016-01-27T01:14:31.000000;04d0cf6c-eed1-488c-9b05-77cbbdfc6a2e;391.56;0.0191696;SELL
2016-01-27T01:14:30.867000;2016-01-27T01:14:31.000000;3d1bcae7-c7a9-4107-90a9-1e7b98b24411;391.56;1.56;SELL
2016-01-27T01:14:30.867000;2016-01-27T01:14:31.000000;e42db902-7302-4b86-81e7-a55b0a29f211;391.55;0.122;SELL
2016-01-27T01:14:30.867000;2016-01-27T01:14:31.000000;9c404a76-bfac-4c16-b256-d78e84c1d4fb;391.53;0.01;SELL
2016-01-27T01:14:30.867000;2016-01-27T01:14:31.000000;29b9f67f-7c5e-46c0-94a7-4e1c01177682;391.53;6.76;SELL
2016-01-27T01:14:30.867000;2016-01-27T01:14:31.000000;566506a6-22fe-4000-92fa-86807e269788;391.53;6.7307739;SELL
2016-01-27T01:14:51.613000;2016-01-27T01:14:51.627000;a0357bd0-46c7-41ce-bd81-18b26aff929a;391.69;0.09;BUY
2016-01-27T01:15:00.827000;2016-01-27T01:15:00.843000;c771e8db-dc4d-4b52-9a36-97c4546553da;391.68;0.7942;BUY
2016-01-27T01:15:30.963000;2016-01-27T01:15:30.987000;fbd4781d-a3ed-48af-b7ef-56aced61001c;391.67;0.2;BUY
2016-01-27T01:15:30.963000;2016-01-27T01:15:30.987000;c606d6b4-ab3b-4cd4-ac7d-ea12a3df1eed;391.69;2.28253;BUY
2016-01-27T01:16:00.913000;2016-01-27T01:16:00.940000;dd2c8cb4-dcd5-4b67-9358-36164a403c18;391.65;0.132;SELL
2016-01-27T01:16:00.913000;2016-01-27T01:16:00.953000;12f460dd-f0e6-440b-9130-6800d56fb509;391.65;0.00103;SELL
2016-01-27T01:16:31.030000;2016-01-27T01:16:31.063000;a5c2883e-0486-462e-a30e-37eaebe22090;391.75;0.14;BUY
2016-01-27T01:16:31.033000;2016-01-27T01:16:31.063000;7288ae59-a142-4175-bb2d-cea20e5fcb3e;391.75;0.2;BUY
2016-01-27T01:16:31.033000;2016-01-27T01:16:31.063000;ae479d3f-dcfd-45bd-ba98-839fcdaa15e6;391.76;0.0256829;BUY
2016-01-27T01:16:31.033000;2016-01-27T01:16:31.063000;9a80bbc2-c6b7-443f-a328-4864d43fb884;391.77;0.02;BUY
2016-01-27T01:16:31.033000;2016-01-27T01:16:31.063000;44ca4d31-638a-4d76-b5d2-fb05643fa929;391.77;0.1137471;BUY
2016-01-27T01:17:00.990000;2016-01-27T01:17:01.017000;dfd4e5eb-4a79-418d-8167-3ab01c2c6fa8;391.75;0.0184;SELL
2016-01-27T01:18:01.817000;2016-01-27T01:18:01.830000;21658f95-6eb3-4d16-976b-109127ca71c4;391.83;0.0277413;BUY
2016-01-27T01:18:01.817000;2016-01-27T01:18:01.830000;cf4b3d7d-68f7-4705-8726-9432881ec7ad;391.84;0.0272132;BUY
2016-01-27T01:18:01.817000;2016-01-27T01:18:01.830000;fb1bd851-eb21-4ac1-9453-0c3e3d025ab9;391.85;0.02244929;BUY
2016-01-27T01:18:01.817000;2016-01-27T01:18:01.860000;3920f397-e439-4bf2-8c85-d27b87f69fec;391.85;0.25;BUY
2016-01-27T01:18:01.817000;2016-01-27T01:18:01.860000;21e4b646-39a7-4831-beed-a98cc7c59ed6;391.86;0.0232;BUY
2016-01-27T01:18:01.817000;2016-01-27T01:18:01.860000;1757ff65-2351-4b25-a88e-b26cad695d5f;391.87;0.0227934;BUY
2016-01-27T01:18:01.817000;2016-01-27T01:18:01.860000;bfec7c31-cc9b-4f5e-bc32-d129c207f79c;391.91;0.8;BUY
2016-01-27T01:18:01.817000;2016-01-27T01:18:01.860000;3501d297-afd0-4765-9868-5235d8ee72eb;391.93;0.54;BUY
2016-01-27T01:18:01.817000;2016-01-27T01:18:01.860000;b1414119-593c-4e87-8c98-216f0c288f2c;391.94;0.01;BUY
2016-01-27T01:18:01.817000;2016-01-27T01:18:01.860000;0e2b77ce-16ff-49c2-9cb0-1dff996c3d3c;391.98;0.87717281;BUY
2016-01-27T01:18:30.883000;2016-01-27T01:18:30.907000;1eb61871-12c6-4454-a64f-c989385a9a4a;391.96;0.16;BUY
2016-01-27T01:18:30.883000;2016-01-27T01:18:30.907000;b30bd024-a5c2-431d-8cb5-03f8bc5c31da;391.96;0.75;BUY
2016-01-27T01:18:30.883000;2016-01-27T01:18:30.907000;31066d5c-df35-4089-8db7-733cc11ea1de;391.97;0.0203;BUY
2016-01-27T01:18:30.883000;2016-01-27T01:18:30.907000;209a693d-41d3-4dce-ad93-c6cba528b29e;391.98;0.02902285;BUY
2016-01-27T01:18:30.883000;2016-01-27T01:18:30.923000;fd9c4f48-c4d1-4b88-b849-00582e03e8b3;391.99;0.25;BUY
2016-01-27T01:18:30.883000;2016-01-27T01:18:30.923000;dc4b7a67-6e95-451b-92e6-1b30d578b266;392.0;0.02984519;BUY
2016-01-27T01:18:30.883000;2016-01-27T01:18:30.923000;2b6bfb8e-2cad-4459-8308-4c2ed82571fb;392.01;0.01;BUY
2016-01-27T01:18:30.883000;2016-01-27T01:18:30.923000;11a68315-1660-4537-8e9f-7350bdf4e41d;392.01;7.942;BUY
2016-01-27T01:18:30.883000;2016-01-27T01:18:30.923000;af8a68ee-62fe-4603-9073-6bda68c5af2e;392.02;10.33;BUY
2016-01-27T01:18:30.883000;2016-01-27T01:18:30.923000;619895c8-7396-4923-b053-c02d70f1e871;392.02;8.90885;BUY
2016-01-27T01:18:30.883000;2016-01-27T01:18:30.923000;5a8410c6-23d9-4856-97b2-b809a6e2cef9;392.02;0.22;BUY
2016-01-27T01:18:30.883000;2016-01-27T01:18:30.940000;20f3d60d-49de-471d-8930-b77eba4f5af1;392.03;0.01;BUY
2016-01-27T01:18:30.883000;2016-01-27T01:18:30.940000;74da9349-1447-461e-8ed4-d81172dbd749;392.04;0.01;BUY
2016-01-27T01:18:30.883000;2016-01-27T01:18:30.940000;07e4be20-1870-42a0-beb7-bcc5ed14fd76;392.05;4.18898196;BUY
2016-01-27T01:19:31.210000;2016-01-27T01:19:31.220000;988631bc-2d77-41dd-b171-e6d704e0a2d4;391.95;0.14843;BUY
2016-01-27T01:20:00.963000;2016-01-27T01:20:02.080000;6cdcdc7f-5b03-49fe-bc0f-527c050c10d2;391.94;0.19812;SELL
2016-01-27T01:20:30.950000;2016-01-27T01:20:30.953000;72b9ce54-4dca-4a12-b3e0-cb7cfd3370eb;391.97;0.02277188;BUY
2016-01-27T01:20:30.950000;2016-01-27T01:20:30.970000;1fa1788d-e981-4742-bc72-005e836c0ab8;391.98;0.02308446;BUY
2016-01-27T01:20:30.950000;2016-01-27T01:20:30.970000;ab49f0bf-2912-450c-b5af-3aaea78361ad;391.99;0.0299;BUY
2016-01-27T01:20:30.950000;2016-01-27T01:20:30.970000;7c9a0b84-b136-4fd5-9d2a-944572c30a15;391.99;0.05072366;BUY
2016-01-27T01:21:01.320000;2016-01-27T01:21:01.330000;1ab2781b-b696-476a-81af-724db098f462;391.99;0.27327;SELL
2016-01-27T01:22:00.887000;2016-01-27T01:22:00.893000;0b63c313-7aa5-4b30-a9f6-ad80e7e1093b;392.06;0.01771;BUY
2016-01-27T01:22:00.887000;2016-01-27T01:22:00.907000;acf782b4-ffab-4ddd-a276-6bafda4f4e2b;392.07;0.01986639;BUY
2016-01-27T01:22:00.887000;2016-01-27T01:22:00.907000;4c6155c6-31f1-4d7d-8b84-78c9e3c7ce3c;392.07;0.21593361;BUY
2016-01-27T01:22:31.100000;2016-01-27T01:22:31.093000;824e60fd-fe22-4d62-9b03-baf47eb51a15;392.08;0.0241;BUY
2016-01-27T01:22:31.100000;2016-01-27T01:22:31.110000;58dfb177-7761-489a-b89c-a00d90699927;392.09;0.01446;BUY
2016-01-27T01:22:31.100000;2016-01-27T01:22:31.110000;383f8e20-c94a-449e-9715-55240690092f;392.1;0.01;BUY
2016-01-27T01:22:31.100000;2016-01-27T01:22:31.110000;f49b250a-207e-415f-acbc-0fe20f1c9f69;392.1;0.01;BUY
2016-01-27T01:22:31.103000;2016-01-27T01:22:31.110000;002645ac-ae8b-42f8-943d-3605cbc2752e;392.11;0.02091392;BUY
2016-01-27T01:22:31.103000;2016-01-27T01:22:31.203000;59d1b9fd-6d01-42af-9040-6704ca85d9c4;392.12;0.02775;BUY
2016-01-27T01:22:31.103000;2016-01-27T01:22:31.203000;26fcac66-7c24-40f1-b12d-303cea0fb060;392.13;0.01977475;BUY
2016-01-27T01:22:31.103000;2016-01-27T01:22:31.203000;241348ac-865b-47e2-9e48-a3c0318bda57;392.14;0.02134598;BUY
2016-01-27T01:22:31.103000;2016-01-27T01:22:31.203000;27c82174-7dab-4826-80fd-eca5986c4d72;392.15;0.01438882;BUY
2016-01-27T01:22:31.103000;2016-01-27T01:22:31.203000;3374afd3-5231-46cf-b4b2-bc90dde8eaa1;392.16;0.01286653;BUY
2016-01-27T01:23:01.313000;2016-01-27T01:23:01.313000;a948fc8c-f571-4c01-8a04-74276dd5ca44;392.16;0.00713347;BUY
2016-01-27T01:23:01.313000;2016-01-27T01:23:01.330000;d1ced81c-7bf6-493f-b4da-83b531c1b796;392.17;0.02979;BUY
2016-01-27T01:23:01.313000;2016-01-27T01:23:01.330000;ba41b20b-11bd-42f8-a42f-ec75e996a25f;392.18;0.01;BUY
2016-01-27T01:23:01.313000;2016-01-27T01:23:01.330000;24dce4a0-3a20-49c8-b68f-c1f33aa233af;392.18;0.01;BUY
2016-01-27T01:23:01.313000;2016-01-27T01:23:01.330000;43223086-1b50-4825-a84c-b57d8a408098;392.19;0.01570832;BUY
2016-01-27T01:23:01.313000;2016-01-27T01:23:01.330000;c84d792a-221f-4e84-abe4-2a38f34da6f6;392.2;0.01;BUY
2016-01-27T01:23:01.313000;2016-01-27T01:23:01.330000;c3e349e9-d56c-42fc-a760-161fd8767ac0;392.2;0.01;BUY
2016-01-27T01:23:01.313000;2016-01-27T01:23:01.330000;249269ae-8e23-4592-9e47-d9597819cffa;392.2;0.01;BUY
2016-01-27T01:23:01.313000;2016-01-27T01:23:01.343000;6cfac6de-71d5-4490-9c6e-29c9020f6243;392.21;0.02542;BUY
2016-01-27T01:23:01.317000;2016-01-27T01:23:01.343000;b158de73-276c-418f-a5ed-44bdcdef49d7;392.22;0.01807;BUY
2016-01-27T01:23:01.317000;2016-01-27T01:23:01.343000;f74892d7-932a-44ff-ae3f-9d142a40fe04;392.22;0.089;BUY
2016-01-27T01:23:01.317000;2016-01-27T01:23:01.343000;d9e25373-e50a-401e-af6b-3bed7645fa3e;392.23;0.01;BUY
2016-01-27T01:23:01.317000;2016-01-27T01:23:01.343000;99570298-e09b-44e1-a56f-c1305d6daf71;392.23;0.11;BUY
2016-01-27T01:23:01.317000;2016-01-27T01:23:01.343000;2d818ec3-f899-4a5e-8fb7-c61da722acdd;392.24;0.0238827;BUY
2016-01-27T01:23:01.317000;2016-01-27T01:23:01.343000;1e98adb0-59b1-447e-b053-166713c986f3;392.26;0.02;BUY
2016-01-27T01:23:01.317000;2016-01-27T01:23:01.343000;55e5f03b-9d18-4e1a-b0f5-16f0340870b0;392.27;0.105;BUY
2016-01-27T01:23:01.317000;2016-01-27T01:23:01.360000;79bed43b-8559-4c51-9c01-8367e2b3fe10;392.3;0.09214551;BUY
2016-01-27T01:24:01.263000;2016-01-27T01:24:01.267000;7e627b59-3382-4d86-a631-b310ce072d36;392.29;0.02611;BUY
2016-01-27T01:24:31.137000;2016-01-27T01:24:31.127000;74e3160b-fa6e-4b67-95ab-382b74b26fb3;392.29;0.00389;BUY
2016-01-27T01:24:31.137000;2016-01-27T01:24:31.143000;b810d21b-5962-44a5-8bf3-cd0cd29d5dee;392.3;0.02917972;BUY
2016-01-27T01:24:31.137000;2016-01-27T01:24:31.143000;8d127b7a-dcc3-41ff-8a61-21b5a3989315;392.31;0.027407;BUY
2016-01-27T01:24:31.137000;2016-01-27T01:24:31.143000;c54a5a90-1f0f-4ed7-862f-a930f2470e30;392.32;0.02866366;BUY
2016-01-27T01:24:31.140000;2016-01-27T01:24:31.143000;bf42bc16-0c7c-4467-8550-fefa9f57a256;392.33;0.08349962;BUY
2016-01-27T01:24:36.297000;2016-01-27T01:24:36.283000;33429e19-7b45-4eee-a61a-ef7be283e5a7;392.33;0.1;BUY
2016-01-27T01:24:42.370000;2016-01-27T01:24:42.360000;f2df7635-be2a-447a-a203-3ad5f26f7f08;392.24;0.01;SELL
2016-01-27T01:24:46.407000;2016-01-27T01:24:46.393000;239bca6a-1acf-4db2-8209-72e52a51a10a;392.24;0.01;SELL
2016-01-27T01:24:51.363000;2016-01-27T01:24:51.360000;a7fc3a76-91f1-4f4c-9ebf-1f01cb48df2e;392.23;0.08;SELL
2016-01-27T01:24:56.167000;2016-01-27T01:24:56.157000;06911a9b-451e-400c-8fe7-a7ff8e7df634;392.32;0.06;BUY
2016-01-27T01:24:56.167000;2016-01-27T01:24:56.173000;17db2fdc-ece2-4c65-a772-983e2609cfbd;392.33;0.27;BUY
2016-01-27T01:24:56.167000;2016-01-27T01:24:56.173000;ca243051-ad21-40b0-ab5e-85c4d0d71327;392.34;0.021691;BUY
2016-01-27T01:24:56.167000;2016-01-27T01:24:56.173000;9382951d-60d5-480f-afe4-a655a4b7b1b2;392.35;0.19812;BUY
2016-01-27T01:24:56.167000;2016-01-27T01:24:56.173000;c5653c08-a7bb-4c71-93f0-554fdd260b59;392.36;1.200189;BUY
2016-01-27T01:25:32.410000;2016-01-27T01:25:32.407000;6049df6a-ed69-4485-b83d-e3eb0e6eb479;392.33;0.58139;BUY
2016-01-27T01:26:01.067000;2016-01-27T01:26:01.063000;93f9f938-7697-440c-96c7-6698435cb14a;392.35;0.05;BUY
2016-01-27T01:26:01.067000;2016-01-27T01:26:01.080000;4083ff0a-61bb-4630-9a5b-0df1da7254e9;392.36;0.2028;BUY
2016-01-27T01:26:31.000000;2016-01-27T01:26:30.987000;213e698a-c06b-408c-808c-f64272633527;392.25;0.34;BUY
2016-01-27T01:26:31.000000;2016-01-27T01:26:31.000000;8c226818-7803-42d9-9872-39b85a2b1a4d;392.25;0.19718;BUY
2016-01-27T01:27:01.193000;2016-01-27T01:27:01.203000;5f4b9ae7-d391-4b36-8bf4-380d6fd1af49;392.22;0.16;BUY
2016-01-27T01:27:01.193000;2016-01-27T01:27:01.203000;4856903a-a6cf-4b4c-9c4f-77c0f6b87deb;392.23;0.0139;BUY
2016-01-27T01:27:01.193000;2016-01-27T01:27:01.220000;9dcb7583-98da-4fec-967a-d3fdcd2ba801;392.24;0.02852;BUY
2016-01-27T01:27:01.193000;2016-01-27T01:27:01.220000;dbeb19eb-8f5b-41be-a090-f71e2d29d838;392.25;0.029873;BUY
2016-01-27T01:27:01.193000;2016-01-27T01:27:01.220000;05b0e4aa-f877-4b93-81e1-111494eadbaa;392.26;0.096;BUY
2016-01-27T01:27:01.197000;2016-01-27T01:27:01.220000;175824b9-10c7-4f2e-a6f6-d3401e66d1e3;392.29;0.1;BUY
2016-01-27T01:27:01.197000;2016-01-27T01:27:01.220000;b466c6e3-38da-4c0c-b375-707c5c83fe2e;392.3;0.29;BUY
2016-01-27T01:27:01.197000;2016-01-27T01:27:01.220000;77d75c26-bb54-4a59-b2d4-5dd2090d0beb;392.3;0.08;BUY
2016-01-27T01:27:01.197000;2016-01-27T01:27:01.220000;84095ab8-62be-4325-af71-3a34e453848b;392.3;1.994297;BUY
2016-01-27T01:27:30.990000;2016-01-27T01:27:31.043000;aeb7e5a8-a5cf-45da-9a2b-db33a83508e3;392.31;0.1;BUY
2016-01-27T01:27:30.990000;2016-01-27T01:27:31.060000;c5c3f716-739b-41ea-80f7-0f2324d32cb5;392.32;0.025634;BUY
2016-01-27T01:27:30.990000;2016-01-27T01:27:31.060000;b35cf986-4427-4370-b7ad-155f3a94c176;392.33;0.021778;BUY
2016-01-27T01:27:30.990000;2016-01-27T01:27:31.060000;6d0a1916-5412-4710-bf7c-7e12a47742bc;392.33;0.27;BUY
2016-01-27T01:27:30.993000;2016-01-27T01:27:31.060000;f53e7ec6-1228-4bb6-9540-e498e03e7644;392.34;0.01658732;BUY
2016-01-27T01:27:30.993000;2016-01-27T01:27:31.060000;0f9b59a4-0fa2-4d2d-948c-62af5e9b0174;392.35;0.0219338;BUY
2016-01-27T01:27:30.993000;2016-01-27T01:27:31.060000;2ad45e85-f1a2-4205-8825-6e22d7a92fb4;392.35;0.19977688;BUY
2016-01-27T01:28:30.830000;2016-01-27T01:28:30.890000;89872aef-a8fb-4a7b-a1fe-469cb5181a42;392.31;0.24;BUY
2016-01-27T01:28:30.830000;2016-01-27T01:28:30.890000;dce0706c-f250-44d9-aac0-4f670959cdc1;392.31;0.02;BUY
2016-01-27T01:28:30.830000;2016-01-27T01:28:30.903000;d731f448-9510-41bd-bab5-264110691015;392.32;0.029501;BUY
2016-01-27T01:28:30.833000;2016-01-27T01:28:30.903000;b1b25b46-8e66-4f93-9f34-43151539dad4;392.34;0.03;BUY
2016-01-27T01:28:30.833000;2016-01-27T01:28:30.903000;a46927a7-6d84-4e65-ac32-2e5372f8a6be;392.35;0.02075024;BUY
2016-01-27T01:28:30.833000;2016-01-27T01:28:30.903000;5dd7787c-c7c1-47bd-928a-9b6f06c70329;392.35;1.08629876;BUY
2016-01-27T01:29:00.933000;2016-01-27T01:29:00.983000;3c34acfa-518d-4e07-9965-e1dfafd93b74;392.31;0.04;BUY
2016-01-27T01:29:00.933000;2016-01-27T01:29:00.997000;b1592279-f3d3-428e-bd1c-2034b104cc8d;392.32;0.0155762;BUY
2016-01-27T01:29:00.933000;2016-01-27T01:29:00.997000;b3391534-00aa-4ebb-8d84-d6280cb3ba88;392.33;0.03;BUY
2016-01-27T01:29:00.933000;2016-01-27T01:29:00.997000;bfc98273-0fff-4225-a11e-e20c870deb1f;392.34;0.024;BUY
2016-01-27T01:29:00.933000;2016-01-27T01:29:00.997000;cd603fbc-0f56-4050-9bac-ccb7080304d8;392.34;0.1465238;BUY
2016-01-27T01:29:31.820000;2016-01-27T01:29:31.890000;d791a297-c6f6-4588-97b3-6f1a80633c49;392.31;0.25;BUY
2016-01-27T01:29:31.823000;2016-01-27T01:29:31.890000;9078f518-2613-43fc-9e00-1c3ee5b4c628;392.32;0.01663016;BUY
2016-01-27T01:29:31.823000;2016-01-27T01:29:31.890000;150d2037-c2ca-4eb0-87c9-f50a19abb7d5;392.33;0.02359257;BUY
2016-01-27T01:29:31.823000;2016-01-27T01:29:31.890000;51da196e-06d6-470f-809b-0a8828971417;392.34;0.0205;BUY
2016-01-27T01:29:31.823000;2016-01-27T01:29:31.890000;cebca02f-a803-4460-b7ae-b958b350fce8;392.34;0.1;BUY
2016-01-27T01:29:31.823000;2016-01-27T01:29:31.890000;be7f5a07-15c4-4e85-83a0-2d4997b0b956;392.35;0.01827;BUY
2016-01-27T01:29:31.823000;2016-01-27T01:29:31.890000;c8ba2798-6ca2-4931-bc48-e2db9a5fbfce;392.35;0.12;BUY
2016-01-27T01:29:31.823000;2016-01-27T01:29:31.903000;c89f0200-c04a-47b3-8b88-a01189050ade;392.36;0.09974727;BUY
2016-01-27T01:30:00.973000;2016-01-27T01:30:01.013000;9f679596-aec0-4889-895a-7a6732614702;392.3;0.015;SELL
2016-01-27T01:30:00.973000;2016-01-27T01:30:01.030000;6bdd2b23-13f7-4590-bb5e-af282414557f;392.26;0.16;SELL
2016-01-27T01:30:00.973000;2016-01-27T01:30:01.030000;6ac58514-2c30-4612-bb66-5cadcd2d3515;392.26;0.25;SELL
2016-01-27T01:30:00.973000;2016-01-27T01:30:01.030000;93343e2c-b5dd-47c0-b2f7-9dd42f570ea8;392.23;0.128;SELL
2016-01-27T01:30:00.973000;2016-01-27T01:30:01.030000;32f7a4d9-01b4-4e77-a4df-807b45d02f2b;392.2;0.1228;SELL
2016-01-27T01:30:06.127000;2016-01-27T01:30:06.170000;4b11c1d7-fbad-43ae-8686-56e29726d3d2;392.2;0.01955427;SELL
2016-01-27T01:30:30.940000;2016-01-27T01:30:30.983000;e527f6a0-5ee9-42e0-b074-7bc7fdc92e1a;392.26;0.20201;BUY
2016-01-27T01:31:02.183000;2016-01-27T01:31:02.217000;e86ae689-3009-44cf-a404-8f7d8fdafe22;392.17;0.03;BUY
2016-01-27T01:31:02.183000;2016-01-27T01:31:02.233000;5b41510b-16b4-4510-8f46-7cb8d8873874;392.18;0.2398;BUY
2016-01-27T01:31:30.950000;2016-01-27T01:31:30.983000;b127cdf4-83ca-4b4f-8697-2570fb5db33d;392.18;0.1;BUY
2016-01-27T01:31:30.950000;2016-01-27T01:31:30.997000;b3356720-f9ae-4ee6-acf1-1e92f6c5c258;392.18;0.28048;BUY
2016-01-27T01:32:01.000000;2016-01-27T01:32:01.030000;af829e96-51ba-49c7-b901-37d15027fd54;392.14;0.01;SELL
2016-01-27T01:32:01.000000;2016-01-27T01:32:01.043000;23f6b823-bec9-4bed-9a4e-908f4909bf76;392.14;0.075;SELL
2016-01-27T01:32:01.003000;2016-01-27T01:32:01.043000;56d41063-344b-48e6-88d5-c0dca8aeafd3;392.13;0.01;SELL
2016-01-27T01:32:01.003000;2016-01-27T01:32:01.043000;385871a6-b311-461c-9043-9f9e5d667859;392.11;0.097;SELL
2016-01-27T01:32:01.003000;2016-01-27T01:32:01.043000;648387f7-5a8e-4607-ac37-0ecc7aac21c4;392.1;0.16468;SELL
2016-01-27T01:32:31.130000;2016-01-27T01:32:31.170000;06456a01-8655-4b68-80a4-3de3f45fa844;392.04;0.072;SELL
2016-01-27T01:32:31.130000;2016-01-27T01:32:31.170000;cf81b262-aee3-4a2f-8298-9b6aadf2927f;391.97;0.01721;SELL
2016-01-27T01:33:01.343000;2016-01-27T01:33:01.390000;23216974-b67c-46e0-952e-5c8424571f03;392.1;0.11;BUY
2016-01-27T01:33:01.343000;2016-01-27T01:33:01.390000;303f8d97-0159-4cf9-af58-f752272ee408;392.1;0.22;BUY
2016-01-27T01:33:01.347000;2016-01-27T01:33:01.390000;2c4d0592-c0d1-4e24-ad5a-dc06680e139e;392.12;0.029152;BUY
2016-01-27T01:33:01.347000;2016-01-27T01:33:01.390000;e75bdb03-473b-4e61-a83a-b9db7f18176e;392.13;0.02637;BUY
2016-01-27T01:33:01.347000;2016-01-27T01:33:01.390000;bbd52187-50b1-4f71-a70c-3b65d98001dc;392.13;0.18;BUY
2016-01-27T01:33:01.347000;2016-01-27T01:33:01.390000;50a4fcdd-ea9e-4a5f-89e3-19f982212db4;392.14;0.02;BUY
2016-01-27T01:33:01.347000;2016-01-27T01:33:01.390000;a03e546d-4819-41ec-a397-05fa5b9486e8;392.15;0.01534985;BUY
2016-01-27T01:33:01.347000;2016-01-27T01:33:01.390000;5ca47374-db53-4435-b3d1-bc548c8bf1a8;392.16;0.0267;BUY
2016-01-27T01:33:01.347000;2016-01-27T01:33:01.403000;412dd802-5628-47ff-8f51-48c197ff09aa;392.19;3.77;BUY
2016-01-27T01:33:01.347000;2016-01-27T01:33:01.403000;a7a68367-ff57-4289-9873-6147b304c1ba;392.2;0.0168914;BUY
2016-01-27T01:33:01.347000;2016-01-27T01:33:01.403000;c6a8b976-b0e8-4147-9e50-69fbe578168a;392.2;7.74893675;BUY
2016-01-27T01:33:30.943000;2016-01-27T01:33:30.967000;00e750f3-de70-4be3-b40b-b844e28aa4b7;392.21;0.0293;BUY
2016-01-27T01:33:30.943000;2016-01-27T01:33:30.983000;4ea35038-6b72-4b01-a065-cd59b928f5ab;392.22;0.01994;BUY
2016-01-27T01:33:30.943000;2016-01-27T01:33:30.983000;a23022ab-ecbc-49d6-b143-5b41faba969b;392.23;0.0288887;BUY
2016-01-27T01:33:30.943000;2016-01-27T01:33:30.983000;f850b3a4-2bd0-45b2-b151-3a204e6bd81c;392.24;0.0295;BUY
2016-01-27T01:33:30.943000;2016-01-27T01:33:30.997000;f6a64ee8-0c20-40ff-8c69-9eac2023fff7;392.27;0.0195813;BUY
2016-01-27T01:33:50.267000;2016-01-27T01:33:50.293000;108aba69-7e30-4bbc-b90d-126c989520c3;392.14;0.05280921;SELL
2016-01-27T01:34:01.100000;2016-01-27T01:34:01.140000;b3361af1-3b56-41c3-af1a-ce49bbd6ae0e;392.21;0.0119;BUY
2016-01-27T01:34:31.010000;2016-01-27T01:34:31.043000;9343de39-fbb6-4230-bce3-709c6327e14f;392.21;0.10383;BUY
2016-01-27T01:35:01.703000;2016-01-27T01:35:01.733000;adf10245-9803-4ec4-b945-c516d68b7fe1;392.09;1.963;SELL
2016-01-27T01:35:01.703000;2016-01-27T01:35:01.747000;ea0f2c2f-655e-40a7-8d98-44f66a3fc0cd;392.08;4.69894;SELL
2016-01-27T01:35:30.873000;2016-01-27T01:35:30.903000;e42be851-e627-4505-8743-d0dd802a8f0f;392.08;1.0;BUY
2016-01-27T01:35:30.873000;2016-01-27T01:35:30.920000;8e6c4e1a-f3ba-420c-ac0b-284502dac757;392.15;0.99765;BUY
2016-01-27T01:36:01.100000;2016-01-27T01:36:01.123000;8f5eb855-77b5-4c73-80c4-e139b35482e9;392.02;0.01434;SELL
2016-01-27T01:36:31.400000;2016-01-27T01:36:31.420000;ac31c9df-6b1d-493e-b839-6e522cbf1b23;392.12;2.924;BUY
2016-01-27T01:36:31.400000;2016-01-27T01:36:31.437000;92de6504-ee5c-415a-99d8-27b67ed78ed9;392.12;0.25;BUY
2016-01-27T01:36:31.400000;2016-01-27T01:36:31.437000;83be411e-e35c-46ae-8ec3-d6ce628f18b7;392.15;8.93196;BUY
2016-01-27T01:36:31.400000;2016-01-27T01:36:31.437000;297a53c7-2d4f-4e04-ac40-b3c4c9ca2283;392.16;0.9955;BUY
2016-01-27T01:37:00.917000;2016-01-27T01:37:00.937000;a92564d9-ac3d-4818-a9b5-6b4c45c43cdf;392.1;1.69;BUY
2016-01-27T01:37:00.917000;2016-01-27T01:37:00.950000;3e10e2e4-5642-4d85-8f3d-97efc910cdec;392.11;0.848;BUY
2016-01-27T01:37:00.917000;2016-01-27T01:37:00.950000;68bb02dc-cc74-42b2-a9e1-7797ac21d7b2;392.11;2.86;BUY
2016-01-27T01:37:00.917000;2016-01-27T01:37:00.950000;59fb760e-a5b5-42a7-a352-2f34112f37dd;392.12;0.2725;BUY
2016-01-27T01:37:30.873000;2016-01-27T01:37:30.890000;44dfe95c-860c-4d37-bf87-042c87ab409c;392.12;0.79925;BUY
2016-01-27T01:38:00.800000;2016-01-27T01:38:00.810000;064e5e7a-a0cd-48bb-91a8-30e11d951a84;392.12;0.05385;BUY
2016-01-27T01:38:30.927000;2016-01-27T01:38:30.967000;efdbf11f-cb7f-4f06-b6fa-e4f6df7b9c88;392.2;0.4788;BUY
2016-01-27T01:39:01.563000;2016-01-27T01:39:01.577000;04e7aa78-1a6f-4f42-b899-656b58b44133;392.12;0.26;SELL
2016-01-27T01:39:01.563000;2016-01-27T01:39:01.593000;bb422e5e-add2-40de-ba40-570e07268bf7;392.11;0.24304;SELL
2016-01-27T01:39:17.930000;2016-01-27T01:39:17.950000;e36253f1-cb2e-4e79-8e9c-2caccc8e4643;392.2;0.0204656;BUY
2016-01-27T01:40:40.783000;2016-01-27T01:40:40.797000;23d8e499-0d56-4363-b6d1-905fc0f684d6;392.2;0.4;BUY
2016-01-27T01:41:00.867000;2016-01-27T01:41:00.873000;80d9bda8-1db7-4c51-bbe2-d99e3505baaa;392.19;0.25482;SELL
2016-01-27T01:41:11.330000;2016-01-27T01:41:11.343000;f49b4b98-1cbb-4489-909c-418f97489fde;392.2;9.1007344;BUY
2016-01-27T01:41:11.330000;2016-01-27T01:41:11.357000;2fcc115c-af7d-4d9b-85a9-8d6af83e7d7f;392.2;0.1228;BUY
2016-01-27T01:41:11.330000;2016-01-27T01:41:11.357000;cdc2f491-635f-4ae3-9fcd-27423a162b82;392.22;0.0146721;BUY
2016-01-27T01:41:30.947000;2016-01-27T01:41:30.950000;bf0fda60-5b45-4999-bd44-7e5cc4c9e444;392.28;0.01;BUY
2016-01-27T01:41:30.947000;2016-01-27T01:41:30.967000;f321c8c0-3380-4486-96d9-0e7ac571a07a;392.32;0.01;BUY
2016-01-27T01:41:30.947000;2016-01-27T01:41:30.967000;f897c531-b263-4fc4-95f4-6d67d588a9a8;392.37;0.05837;BUY
2016-01-27T01:42:00.973000;2016-01-27T01:42:00.997000;37032153-59ba-435a-b08d-331428f88542;392.39;0.01;BUY
2016-01-27T01:42:00.973000;2016-01-27T01:42:00.997000;c4271e6b-7ac8-440b-8e6f-4f92fcd461f1;392.39;0.01;BUY
2016-01-27T01:42:00.973000;2016-01-27T01:42:00.997000;55d8e13d-c257-4711-aa8c-a49f2e3e9f08;392.4;0.2708;BUY
2016-01-27T01:42:30.897000;2016-01-27T01:42:30.953000;90d030e2-b469-4b3b-ae35-24aed3b1089c;392.4;0.24062;BUY
2016-01-27T01:43:01.493000;2016-01-27T01:43:01.547000;cbc5c6cb-ebc4-4aed-b34b-314869ac814b;392.39;9.91;SELL
2016-01-27T01:43:01.497000;2016-01-27T01:43:01.563000;3f7284f3-fb03-460b-aa79-8008ac141be0;392.39;1.901;SELL
2016-01-27T01:43:01.497000;2016-01-27T01:43:01.563000;e5959fa1-6bd3-4d91-a65a-957d3b092653;392.39;0.8;SELL
2016-01-27T01:43:01.497000;2016-01-27T01:43:01.563000;368b461f-397e-4d22-b72e-a5f6b45e7672;392.37;8.91999;SELL
2016-01-27T01:43:01.497000;2016-01-27T01:43:01.563000;7342a2a4-6fb5-4dce-bf76-92fc60bddd8d;392.36;1.889;SELL
2016-01-27T01:43:01.497000;2016-01-27T01:43:01.563000;8fc08ba5-ab38-43e2-ac7e-d0cd4e8577f9;392.34;0.25;SELL
2016-01-27T01:43:01.497000;2016-01-27T01:43:01.563000;8734ceac-13de-4102-921a-3681e31bc95d;392.33;1.889;SELL
2016-01-27T01:43:01.497000;2016-01-27T01:43:01.577000;11aed90b-be53-451d-9270-9b0e51b3eb04;392.3;1.891;SELL
2016-01-27T01:43:01.497000;2016-01-27T01:43:01.577000;0d710c92-bd1f-484e-aff9-e00960c4657e;392.27;1.901;SELL
2016-01-27T01:43:01.497000;2016-01-27T01:43:01.577000;86a9c92a-59b7-4420-951a-181bee2b5b2a;392.24;1.87;SELL
2016-01-27T01:43:01.497000;2016-01-27T01:43:01.657000;546bf4ee-5085-44ba-9cf2-5757af66ff7a;392.21;1.862;SELL
2016-01-27T01:43:01.497000;2016-01-27T01:43:01.657000;7479cd0d-c3ea-4a56-a17b-f9e661e80257;392.18;1.884;SELL
2016-01-27T01:43:01.497000;2016-01-27T01:43:01.657000;abbe89ae-f2e8-4075-94c4-750fc1429f92;392.15;0.01;SELL
2016-01-27T01:43:01.497000;2016-01-27T01:43:01.657000;d2297c51-c065-4b4e-ab0a-4c629e17dd98;392.15;1.885;SELL
2016-01-27T01:43:01.497000;2016-01-27T01:43:01.657000;4226394b-6c13-49e6-8439-9b34a55cc014;392.12;1.87;SELL
2016-01-27T01:43:01.497000;2016-01-27T01:43:01.657000;80d800a3-f443-49c0-9dcf-2322964568e6;392.11;1.902;SELL
2016-01-27T01:43:01.497000;2016-01-27T01:43:01.657000;43f6cdc6-0cd5-4c53-9dc2-36ad72163d81;392.08;1.887;SELL
2016-01-27T01:43:01.497000;2016-01-27T01:43:01.657000;6fe6b93a-2879-48d7-9387-80b97b535c80;392.02;7.47901;SELL
2016-01-27T01:43:30.800000;2016-01-27T01:43:30.843000;05ce353b-dc2e-467e-a195-c8f94cdd0b54;392.14;3.81611;SELL
2016-01-27T01:44:00.860000;2016-01-27T01:44:00.920000;2defd839-9990-4571-9512-57752543cf55;392.12;0.01;SELL
2016-01-27T01:44:00.860000;2016-01-27T01:44:00.920000;5581077c-6cd1-46c3-a6ae-0e02740abf67;392.12;0.03831;SELL
2016-01-27T01:44:31.110000;2016-01-27T01:44:31.157000;89f9dc48-fbcd-4d4f-8918-8559e42c66e7;392.14;0.35478;BUY
2016-01-27T01:45:01.197000;2016-01-27T01:45:01.250000;d97fcd79-5e44-4328-a44e-9cf8113ab93e;392.07;0.01;SELL
2016-01-27T01:45:01.197000;2016-01-27T01:45:01.267000;7b6e7a2d-677e-4be4-81bf-dbba9b56ca37;392.06;0.16705;SELL
2016-01-27T01:45:31.010000;2016-01-27T01:45:31.047000;d7fd8c6e-f57f-414a-aae6-315ee5e3d78d;392.04;1.982;BUY
2016-01-27T01:45:31.010000;2016-01-27T01:45:31.077000;b6de597e-69e4-4886-899e-6461c4edaac0;392.04;0.25;BUY
