time_exchange;time_coinpai;guid;price;base_amount;taker_side
2016-01-25T00:01:22.300000;2016-01-25T00:01:22.320000;126e490c-348a-4852-8e2a-95ed08a31840;403.04;2.32;SELL
2016-01-25T00:01:22.300000;2016-01-25T00:01:22.337000;9c1983c6-2192-4164-b4c9-9173b91a709c;402.99;0.421;SELL
2016-01-25T00:01:22.300000;2016-01-25T00:01:22.337000;19c978e6-a5c4-41ae-bd8e-072833cdf097;402.95;0.05;SELL
2016-01-25T00:01:22.300000;2016-01-25T00:01:22.337000;130df531-e3d2-431e-b6ec-67029bede791;402.93;0.3205;SELL
2016-01-25T00:01:39.747000;2016-01-25T00:01:39.773000;fd7b6dfa-bcb4-4df4-9dcb-4e5abced8dc2;402.88;0.02;SELL
2016-01-25T00:01:39.747000;2016-01-25T00:01:39.790000;7397188e-342f-4013-9f07-f78bd3a3e9a7;402.87;0.005;SELL
2016-01-25T00:01:46.020000;2016-01-25T00:01:46.057000;d4dc3346-11ed-49b0-851a-847862a54453;402.87;0.005;SELL
2016-01-25T00:01:47.150000;2016-01-25T00:01:47.180000;71ef20a1-9306-4637-910c-c7ede671e301;402.71;0.01;SELL
2016-01-25T00:01:55.773000;2016-01-25T00:01:55.790000;0d69c7bc-f4d8-492a-b449-0d7e267b2b87;402.71;0.01;SELL
2016-01-25T00:01:55.773000;2016-01-25T00:01:55.820000;5db356b1-a1ec-4d4e-ac0f-4d4a1eca9100;402.69;0.015;SELL
2016-01-25T00:02:00.097000;2016-01-25T00:02:00.117000;966e2660-1630-497f-b7ab-321ad70aad3a;402.69;0.78;SELL
2016-01-25T00:02:00.097000;2016-01-25T00:02:00.133000;92bd8d0f-dbab-4750-bdc0-2bf5e73d66b4;402.67;0.01;SELL
2016-01-25T00:02:00.100000;2016-01-25T00:02:00.150000;02a7d440-dbef-41ef-b9ee-76f940ecb7ad;402.65;0.05;SELL
2016-01-25T00:02:14.057000;2016-01-25T00:02:14.070000;6aeb6053-e149-48aa-8afd-63f0dc4223fb;402.5;25.0;SELL
2016-01-25T00:03:30.117000;2016-01-25T00:03:30.133000;a91045cf-c4b4-4f95-a787-98aa109a527a;402.51;1.102;BUY
2016-01-25T00:03:30.117000;2016-01-25T00:03:30.163000;aa76d7fb-b6a7-4bde-b666-465aa98b354b;402.51;0.138;BUY
2016-01-25T00:04:24.647000;2016-01-25T00:04:24.680000;90fb76fb-d588-46e0-88c4-f7efc6002e7f;402.51;0.067021;BUY
2016-01-25T00:06:33.873000;2016-01-25T00:06:33.913000;cf138e5f-6eab-4478-b9fa-40b2b01d23cb;402.5;0.01;SELL
2016-01-25T00:06:39.620000;2016-01-25T00:06:39.663000;939c92d8-cd27-4ffe-a1f8-18289facdc06;402.5;0.05;SELL
2016-01-25T00:07:01.693000;2016-01-25T00:07:01.740000;cc4fa6e6-3fc8-4cb1-9970-3809b645d28d;402.5;0.025;SELL
2016-01-25T00:07:04.700000;2016-01-25T00:07:04.740000;90eafb2f-5929-4587-b6f9-2db7300ac22c;402.5;11.798;SELL
2016-01-25T00:07:06.830000;2016-01-25T00:07:06.867000;86f40b97-182e-469f-88be-a792dd24e967;402.5;11.653;SELL
2016-01-25T00:07:09.337000;2016-01-25T00:07:09.367000;961242f9-be6e-4c9b-8671-d1a949a1ade3;402.5;12.216;SELL
2016-01-25T00:07:11.993000;2016-01-25T00:07:12.020000;d5250ba3-0142-4d96-be28-0a54576ee563;402.5;0.28116492;SELL
2016-01-25T00:07:14.203000;2016-01-25T00:07:14.240000;4966cb2a-a97e-43aa-927e-708f79eca8bd;402.49;0.06;SELL
2016-01-25T00:07:14.203000;2016-01-25T00:07:14.257000;7be84f80-64a0-43e6-a52d-0ad95aac4523;402.47;0.3;SELL
2016-01-25T00:07:14.203000;2016-01-25T00:07:14.270000;5f79c8de-0ba1-48c2-9fe0-47db4ccff52c;402.46;0.01;SELL
2016-01-25T00:07:14.203000;2016-01-25T00:07:14.270000;b3698f8f-4a35-4513-9e6d-cf6c8adec427;402.41;0.02;SELL
2016-01-25T00:07:14.203000;2016-01-25T00:07:14.270000;2f2da0f5-aa25-4a03-9af5-f1677df77e4c;402.35;0.05;SELL
2016-01-25T00:07:14.203000;2016-01-25T00:07:14.270000;4435b0d9-7013-4696-a0c2-a68c506a8c5e;402.32;0.01;SELL
2016-01-25T00:07:18.843000;2016-01-25T00:07:18.897000;064f6834-bc8e-4075-b9d2-f836c4c818f6;402.15;0.01;SELL
2016-01-25T00:07:32.453000;2016-01-25T00:07:32.490000;1591ec71-a985-484e-9342-f6e920522fc4;402.14;0.01;SELL
2016-01-25T00:07:32.453000;2016-01-25T00:07:32.507000;5f3d2fbf-562d-46e2-ab41-6961102e3611;402.14;0.01;SELL
2016-01-25T00:07:32.453000;2016-01-25T00:07:32.507000;61c0c164-6e4d-4847-a07e-a193f9853e36;402.12;0.01;SELL
2016-01-25T00:07:32.453000;2016-01-25T00:07:32.507000;9837c778-5a86-4003-8c3a-ccdc016f0ea1;402.1;0.225;SELL
2016-01-25T00:07:48.540000;2016-01-25T00:07:48.570000;f9fd502d-c864-4037-ae3f-72570b8e0f86;402.1;0.14792779;SELL
2016-01-25T00:07:48.540000;2016-01-25T00:07:48.600000;3ce0a106-a5f0-4bdd-9ac0-bea0d0f7b395;402.05;0.05;SELL
2016-01-25T00:07:48.540000;2016-01-25T00:07:48.617000;5bfb67d1-8546-4d53-bcbb-4b423d4f77ac;402.0;0.01;SELL
2016-01-25T00:07:48.540000;2016-01-25T00:07:48.617000;9773d2f8-a28a-43b0-80fb-298cb61be97f;402.0;0.01;SELL
2016-01-25T00:07:48.540000;2016-01-25T00:07:48.617000;550fdfb8-c6c5-4ab2-8b06-c9fda4398db0;402.0;1.0;SELL
2016-01-25T00:07:48.540000;2016-01-25T00:07:48.617000;e29e3284-c2cc-482f-8578-0468e0ceeee8;402.0;0.03140386;SELL
2016-01-25T00:07:48.543000;2016-01-25T00:07:48.617000;797484a0-0367-4e47-8739-027acc788c83;402.0;12.37466835;SELL
2016-01-25T00:07:51.373000;2016-01-25T00:07:51.427000;2374bd05-0996-48cf-a543-a87b1429ee51;402.0;10.12533165;SELL
2016-01-25T00:07:51.373000;2016-01-25T00:07:51.427000;1f755f00-0a49-43cf-acec-757a018f5241;402.0;0.03142099;SELL
2016-01-25T00:08:01.807000;2016-01-25T00:08:01.833000;ade6fb94-ecc2-4f41-9081-1cbbcd168dea;401.95;0.01;BUY
2016-01-25T00:08:02.147000;2016-01-25T00:08:02.177000;6af055b3-cad6-473e-a838-d5785fe6fa7d;401.95;0.01;BUY
2016-01-25T00:08:02.487000;2016-01-25T00:08:02.520000;5bfc33f0-bbee-44de-bc6d-90c4941d5010;401.95;0.01;BUY
2016-01-25T00:09:01.927000;2016-01-25T00:09:01.960000;b3a0f26b-4571-4a9f-b874-2dd90a3a25fb;401.95;0.01;BUY
2016-01-25T00:09:02.173000;2016-01-25T00:09:02.210000;285b8dee-a0a7-425f-bbfe-98cabe758138;401.95;0.01;BUY
2016-01-25T00:09:02.393000;2016-01-25T00:09:02.427000;63e7e935-51a1-40a6-96ea-d19fe34c53e8;401.95;0.01;BUY
2016-01-25T00:10:02.160000;2016-01-25T00:10:02.193000;c2c769b3-c30d-4ea1-a4e0-39f0401fe682;401.95;0.01;BUY
2016-01-25T00:10:02.573000;2016-01-25T00:10:02.617000;451143e5-9dc7-4375-962d-73b222226afc;401.95;0.01;BUY
2016-01-25T00:10:03.150000;2016-01-25T00:10:03.210000;0a0f8f26-526f-46d7-a7ef-1a96dbee5790;401.95;0.01;BUY
2016-01-25T00:11:01.813000;2016-01-25T00:11:01.833000;f3380888-5589-47d1-9247-a5a118c1aa98;401.95;0.01;BUY
2016-01-25T00:11:02.040000;2016-01-25T00:11:02.070000;15ec6c83-38e6-415a-a31c-878705e53197;401.95;0.01;BUY
2016-01-25T00:11:02.400000;2016-01-25T00:11:02.427000;7a8727a6-caaf-4798-baf0-32161021acb8;401.95;0.01;BUY
2016-01-25T00:11:10.133000;2016-01-25T00:11:10.163000;2dfe4c38-a5df-4eae-8e6a-507040ad7fdd;401.94;0.02;SELL
2016-01-25T00:11:10.133000;2016-01-25T00:11:10.177000;03f773da-cc1a-4e67-81c2-e190617f9072;401.9;0.01;SELL
2016-01-25T00:11:10.133000;2016-01-25T00:11:10.177000;5a35566d-f516-4f7e-b758-a144036bfd79;401.89;0.5;SELL
2016-01-25T00:11:10.133000;2016-01-25T00:11:10.177000;e21531d9-131f-454f-9473-198dc4a6f223;401.88;0.1024;SELL
2016-01-25T00:11:10.133000;2016-01-25T00:11:10.193000;036ae83c-62cb-47cf-8b43-47cdb4aa29b2;401.83;0.21;SELL
2016-01-25T00:11:10.133000;2016-01-25T00:11:10.273000;755fb10e-ed07-418d-9878-45fb087f70b4;401.75;0.05;SELL
2016-01-25T00:11:10.133000;2016-01-25T00:11:10.273000;b610dfce-66a2-4838-9421-89cb9184c00a;401.72;0.01;SELL
2016-01-25T00:11:10.133000;2016-01-25T00:11:10.273000;427b45d4-1f14-4f45-ace0-ab802449746e;401.71;0.5415;SELL
2016-01-25T00:11:10.133000;2016-01-25T00:11:10.273000;c212b166-7d46-4bb8-b13c-4d9674124729;401.67;0.01;SELL
2016-01-25T00:11:10.133000;2016-01-25T00:11:10.273000;c0cf8eb5-9219-4acd-a7b1-8546662d9508;401.59;0.077;SELL
2016-01-25T00:11:10.133000;2016-01-25T00:11:10.273000;a6a6d04b-4588-4756-bde2-23ef6c8f0586;401.52;0.01;SELL
2016-01-25T00:11:10.133000;2016-01-25T00:11:10.273000;ab64ff72-db19-4818-a1a1-91826538fc70;401.46;0.01;SELL
2016-01-25T00:11:10.133000;2016-01-25T00:11:10.273000;c59353f8-1b58-49f9-b2dc-961288f464cf;401.46;0.092;SELL
2016-01-25T00:11:10.133000;2016-01-25T00:11:10.273000;e1feec36-33ff-4363-bb74-46e051b3758f;401.45;0.05;SELL
2016-01-25T00:11:10.137000;2016-01-25T00:11:10.273000;43a4c660-c02b-4b88-a605-6a4b0599a91f;401.39;0.6271;SELL
2016-01-25T00:11:31.083000;2016-01-25T00:11:31.117000;88332605-232b-4362-8784-0661b7b51d46;401.69;0.51;BUY
2016-01-25T00:11:31.083000;2016-01-25T00:11:31.130000;719bdaed-9843-4adb-90e6-9720f68082f8;401.69;0.37;BUY
2016-01-25T00:11:31.083000;2016-01-25T00:11:31.130000;cd8f4474-4b54-4fdc-b92b-7673a26a68e9;401.69;4.6914;BUY
2016-01-25T00:12:01.623000;2016-01-25T00:12:01.663000;396abc3b-9945-416e-8484-d5b73b867985;401.68;0.01;SELL
2016-01-25T00:12:01.890000;2016-01-25T00:12:01.913000;e137988d-b022-4f5d-b6fe-535ad192eb8c;401.68;0.01;BUY
2016-01-25T00:12:02.217000;2016-01-25T00:12:02.257000;c304cb87-6dbd-46b3-b24e-c720ca5651d8;401.68;0.01;BUY
2016-01-25T00:12:21.990000;2016-01-25T00:12:22.007000;7ad1a78f-0e7e-4334-8180-283bc5ff322e;401.67;0.01;SELL
2016-01-25T00:12:42.290000;2016-01-25T00:12:42.320000;2e6e2942-5dc5-4381-a002-493225d361ea;401.62;0.01;SELL
2016-01-25T00:13:01.243000;2016-01-25T00:13:01.257000;32b04b89-b428-4207-9127-b49e2410bc95;401.57;0.01;SELL
2016-01-25T00:13:01.767000;2016-01-25T00:13:01.803000;034007da-4161-411e-8021-1b586c09f927;401.57;0.01;BUY
2016-01-25T00:13:01.933000;2016-01-25T00:13:01.960000;f2a11fdf-553c-4976-8c2a-98fbae202592;401.57;0.01;BUY
2016-01-25T00:13:02.370000;2016-01-25T00:13:02.397000;52216431-db49-4c3c-a4e1-02cd8611cb02;401.57;0.01;BUY
2016-01-25T00:13:02.607000;2016-01-25T00:13:02.647000;b25d58c8-40e9-4922-98b1-4f1fd6f18d2c;401.56;0.01;SELL
2016-01-25T00:13:09.983000;2016-01-25T00:13:10.007000;1ffad66d-c61d-49ae-8be5-63414e306ea3;401.48;0.1;BUY
2016-01-25T00:13:13.357000;2016-01-25T00:13:13.380000;12d72797-b0ba-476c-9d79-1fa0a607bb41;401.47;0.02;SELL
2016-01-25T00:13:15.607000;2016-01-25T00:13:15.630000;333ffabb-4a4a-43fe-be59-b2d08754872f;401.37;0.01;SELL
2016-01-25T00:13:15.607000;2016-01-25T00:13:15.630000;8b011387-b001-4428-9e7e-54909a6a21ee;401.36;0.01;SELL
2016-01-25T00:13:15.607000;2016-01-25T00:13:15.647000;e048cfc2-0da8-4ba4-a5ee-e0eee02bc0ed;401.35;0.25;SELL
2016-01-25T00:13:15.607000;2016-01-25T00:13:15.647000;c7d322ac-8c7c-44f5-b55e-d11a5d77fc3a;401.28;0.01;SELL
2016-01-25T00:13:18.447000;2016-01-25T00:13:18.473000;d74a2d19-4feb-49a6-9fef-2ede4a5568b5;401.15;0.05;SELL
2016-01-25T00:13:18.447000;2016-01-25T00:13:18.507000;fee41861-f023-4594-bfe4-f4ad2b40c2ca;401.14;0.01;SELL
2016-01-25T00:13:23.060000;2016-01-25T00:13:23.100000;590010fe-a92a-459d-835c-f28c209ad4c3;401.02;0.01;SELL
2016-01-25T00:13:24.387000;2016-01-25T00:13:24.413000;57c8c072-2ffd-4105-963b-1bfe14c2f491;401.0;0.01;SELL
2016-01-25T00:13:24.387000;2016-01-25T00:13:24.427000;56977fba-f463-4a4d-89ba-b66f1c5b3bec;401.0;0.03142099;SELL
2016-01-25T00:13:24.387000;2016-01-25T00:13:24.427000;2935a7a8-bb87-4fb9-bd04-d0fd3744d25a;401.0;0.03142099;SELL
2016-01-25T00:13:24.387000;2016-01-25T00:13:24.427000;ee4b4394-479d-4a96-9a99-375a31cfbb06;401.0;0.02;SELL
2016-01-25T00:13:26.840000;2016-01-25T00:13:26.867000;26fdc951-8b6f-405d-ac30-bf9f239c94f5;400.94;0.01;SELL
2016-01-25T00:13:26.840000;2016-01-25T00:13:26.867000;b43e1d64-d301-4023-96a7-9efd2717bd82;400.92;0.01;SELL
2016-01-25T00:13:36.217000;2016-01-25T00:13:36.240000;e1e00c54-8ed4-4f63-8bb1-0a1ace47d1af;400.85;0.05;SELL
2016-01-25T00:13:36.217000;2016-01-25T00:13:36.257000;7c0ea1c6-bf02-4bc0-8161-9559703a454f;400.69;0.01;SELL
2016-01-25T00:13:43.357000;2016-01-25T00:13:43.380000;9c1c1468-7044-471c-a82e-b68f6d1187fd;400.58;0.01;SELL
2016-01-25T00:14:02.290000;2016-01-25T00:14:02.350000;f43a1bcc-8c83-410b-8a92-63680eabe0f6;400.57;0.01;BUY
2016-01-25T00:14:02.350000;2016-01-25T00:14:02.380000;24000e92-9a10-471a-8a6c-6ba059b830f2;400.57;0.01;BUY
2016-01-25T00:14:03.650000;2016-01-25T00:14:03.677000;815af6a8-6d50-4d2b-8d51-5a2b10c4b471;400.56;0.01;SELL
2016-01-25T00:14:23.950000;2016-01-25T00:14:23.960000;a5ba23c6-dd2e-4e82-a34b-b26659a7416e;400.55;0.05;SELL
2016-01-25T00:14:23.950000;2016-01-25T00:14:23.990000;370b03d7-4505-4986-b430-356d7dbf9cab;400.55;0.24815503;SELL
2016-01-25T00:14:48.117000;2016-01-25T00:14:48.147000;68f941e3-7248-4a67-9670-6010cd69479b;400.54;0.01;BUY
2016-01-25T00:15:01.867000;2016-01-25T00:15:01.880000;897e31ba-5581-40e8-9648-9f46a1b1e152;400.54;0.01;BUY
2016-01-25T00:15:02.007000;2016-01-25T00:15:02.023000;ccd1239f-2f67-493a-8538-eaed06c31b22;400.54;0.01;BUY
2016-01-25T00:15:02.070000;2016-01-25T00:15:02.100000;d17f8f34-398a-415b-bb0f-567f0e001fb5;400.54;0.01;BUY
2016-01-25T00:16:01.807000;2016-01-25T00:16:01.820000;b6d41f73-ff5c-4c2b-bd4b-590c1ae4d80e;400.54;0.01;BUY
2016-01-25T00:16:01.843000;2016-01-25T00:16:01.850000;d5a964a4-44ef-42d9-9766-d1496637546e;400.54;0.01;BUY
2016-01-25T00:16:02.157000;2016-01-25T00:16:02.163000;835c0b08-b344-48aa-a510-1d43ad22ba7b;400.54;0.01;BUY
2016-01-25T00:16:10.933000;2016-01-25T00:16:10.960000;99aafd6e-4077-4893-a472-b82a605318e2;400.53;0.01;SELL
2016-01-25T00:17:01.930000;2016-01-25T00:17:01.943000;31c22d5b-9325-44ac-85a6-dfe5df724aca;400.54;0.01;BUY
2016-01-25T00:17:02.280000;2016-01-25T00:17:02.287000;813d2e16-354d-4c4a-afc5-fb234a8c6737;400.54;0.01;BUY
2016-01-25T00:18:01.830000;2016-01-25T00:18:01.833000;c9ea4147-3f0d-4a32-95cb-6440fb6c82d1;400.54;0.01;BUY
2016-01-25T00:18:02.187000;2016-01-25T00:18:02.210000;e5d0e4c9-73ce-4c5a-b188-cc8ea4811ead;400.54;0.01;BUY
2016-01-25T00:18:37.403000;2016-01-25T00:18:37.413000;7bdeeb36-0e6e-4a4c-b051-2a14ebc64e14;400.53;0.01;SELL
2016-01-25T00:18:37.403000;2016-01-25T00:18:37.427000;b41d7671-0287-4057-b911-b9786a94f64d;400.53;0.010287;SELL
2016-01-25T00:18:37.403000;2016-01-25T00:18:37.427000;e1e18916-b700-44c4-82ce-de76eb74764a;400.53;0.108;SELL
2016-01-25T00:18:37.403000;2016-01-25T00:18:37.427000;7a3bd096-3882-483e-bcc0-de08739a01b3;400.5;0.01;SELL
2016-01-25T00:18:39.650000;2016-01-25T00:18:39.663000;2712abe4-dbd2-4ace-bad7-77c877377822;400.49;0.01;SELL
2016-01-25T00:18:41.887000;2016-01-25T00:18:41.897000;972f32d7-f5f7-4870-a404-844e661cdafa;400.36;0.01;SELL
2016-01-25T00:18:44.120000;2016-01-25T00:18:44.147000;e4737a1a-7c37-4c5e-9c69-04b5e50b55e2;400.35;0.01;SELL
2016-01-25T00:18:44.120000;2016-01-25T00:18:44.147000;fae0a5e5-b7e6-4bda-a101-7d03bafb985c;400.34;0.01;SELL
2016-01-25T00:18:44.120000;2016-01-25T00:18:44.147000;f053b8a4-d49d-446e-8257-4d90c768e71f;400.33;0.01;SELL
2016-01-25T00:18:46.773000;2016-01-25T00:18:46.787000;f9d9eb7c-4178-4fdd-962e-84314f1caa59;400.25;0.05;SELL
2016-01-25T00:19:01.903000;2016-01-25T00:19:01.913000;4ed8e2df-10b4-4dfe-ab41-2dccbdba461b;400.18;0.01;BUY
2016-01-25T00:19:02.373000;2016-01-25T00:19:02.380000;89259b4f-e22b-47a1-9f4d-2035b68cb0f6;400.18;0.01;BUY
2016-01-25T00:19:30.363000;2016-01-25T00:19:30.367000;afe20249-2510-44f1-bc30-c1a909d22b44;400.18;5.05389;BUY
2016-01-25T00:19:56.370000;2016-01-25T00:19:56.367000;b13701a6-0497-42c6-8ec5-3cdefe6af0be;400.17;0.01;SELL
2016-01-25T00:19:56.370000;2016-01-25T00:19:56.380000;75631fec-d2b0-4efa-8aa2-0fae8b6ca5dd;400.16;0.01;SELL
2016-01-25T00:20:01.910000;2016-01-25T00:20:01.913000;14d4a58c-8d0e-455c-befc-eadd89997d65;400.16;0.01;BUY
2016-01-25T00:20:02.147000;2016-01-25T00:20:02.147000;a5c0fdac-abbf-4568-8383-03ed412bc1dd;400.16;0.009799;BUY
2016-01-25T00:20:02.147000;2016-01-25T00:20:02.163000;e5ee25cd-caec-491e-a1e6-2193780e4de0;400.16;0.000201;BUY
2016-01-25T00:21:01.773000;2016-01-25T00:21:01.823000;533cee97-37b9-4ea9-a8f2-f0b1681c7c38;400.16;0.01;BUY
2016-01-25T00:21:02.377000;2016-01-25T00:21:02.433000;babe2778-aaa7-4337-b246-91bd6d3677ee;400.16;0.01;BUY
2016-01-25T00:22:01.860000;2016-01-25T00:22:01.917000;134b42cf-37c0-4fdd-9848-013b83583697;400.16;0.01;BUY
2016-01-25T00:22:02.097000;2016-01-25T00:22:02.167000;ea4d12ba-44ab-4b97-826f-3a902b093e67;400.16;0.01;BUY
2016-01-25T00:22:09.167000;2016-01-25T00:22:09.213000;8e78862c-55c1-4bce-b2a2-6529d9db8d4c;400.16;0.33;BUY
2016-01-25T00:22:09.167000;2016-01-25T00:22:09.230000;3c642d7d-5485-46b6-b453-89a11f5e2ca2;400.16;1.094;BUY
2016-01-25T00:22:09.167000;2016-01-25T00:22:09.230000;0ec08131-aea1-44cf-9299-6005065b0d0c;400.16;0.90232832;BUY
2016-01-25T00:23:01.943000;2016-01-25T00:23:02.010000;6b532f67-c2bf-4b36-94c9-776cc90745e4;400.16;0.01;BUY
2016-01-25T00:23:02.330000;2016-01-25T00:23:02.370000;2319fe36-b27b-4440-843e-a90ae0422e7d;400.16;0.01;BUY
2016-01-25T00:24:01.843000;2016-01-25T00:24:01.887000;714b2882-959a-4dec-a9e4-fe32bfec30c0;400.16;0.01;BUY
2016-01-25T00:24:02.043000;2016-01-25T00:24:02.090000;f54d751e-c111-496b-a7ac-ff40634709e3;400.16;0.01;BUY
2016-01-25T00:24:41.090000;2016-01-25T00:24:41.137000;fb96fe20-1a23-4ed5-9cb4-0dfc06636985;400.15;0.01;SELL
2016-01-25T00:24:41.093000;2016-01-25T00:24:41.153000;e13fc524-d22f-488d-a211-988e1668cbea;400.15;0.2;SELL
2016-01-25T00:25:01.753000;2016-01-25T00:25:01.793000;d8431f83-b69a-4a42-be21-43b676727192;400.13;0.01;BUY
2016-01-25T00:25:02.227000;2016-01-25T00:25:02.260000;8198dca8-a077-40ba-b052-09d76161a8f8;400.13;0.01;BUY
2016-01-25T00:26:01.943000;2016-01-25T00:26:01.980000;8c1b3aae-f034-4213-b8d4-66988f1dde3c;400.13;0.01;BUY
2016-01-25T00:26:02.473000;2016-01-25T00:26:02.510000;58c1aef8-856a-47dd-b47d-0dedea0d380b;400.13;0.01;BUY
2016-01-25T00:27:01.693000;2016-01-25T00:27:01.730000;4ce607a8-65ac-4ca2-a34e-9e12cbc71575;400.13;0.01;BUY
2016-01-25T00:27:02.530000;2016-01-25T00:27:02.573000;3a9110ba-08c8-48af-995c-3966b7873366;400.13;0.01;BUY
2016-01-25T00:27:24.387000;2016-01-25T00:27:24.417000;267035cd-7098-431e-95f5-8e431bce7dd7;400.12;0.04;SELL
2016-01-25T00:27:24.387000;2016-01-25T00:27:24.450000;f9cf2a32-bea8-40b7-ae2f-be97339933f5;400.12;0.2;SELL
2016-01-25T00:28:01.670000;2016-01-25T00:28:01.700000;76eb3bc3-4d17-4b76-9299-c7a9ae7c371b;400.11;0.01;BUY
2016-01-25T00:28:02.597000;2016-01-25T00:28:02.637000;c92aa20e-f766-40c5-9e7d-0570a41e201e;400.11;0.01;BUY
2016-01-25T00:29:01.880000;2016-01-25T00:29:01.903000;44f3e65e-73bd-4ff9-8e96-7b996f51ba3d;400.11;0.01;BUY
2016-01-25T00:29:02.900000;2016-01-25T00:29:02.933000;520a6f06-c5d9-478c-bf31-ddf96098b070;400.11;0.01;BUY
2016-01-25T00:30:01.773000;2016-01-25T00:30:01.793000;910c6a8e-5799-4e9d-9de3-87ca2b6609b9;400.11;0.01;BUY
2016-01-25T00:30:02.457000;2016-01-25T00:30:02.480000;c2beb048-6501-4e18-a0c7-542a4d9d7af4;400.11;0.01;BUY
2016-01-25T00:35:16.670000;2016-01-25T00:35:16.700000;eba7446f-ac01-4711-a1d4-1947e6ada138;400.1;0.37386011;SELL
2016-01-25T00:35:16.670000;2016-01-25T00:35:16.700000;9a41e0b9-e8af-431c-97ad-1c09a1d10890;400.1;0.2;SELL
2016-01-25T00:35:16.673000;2016-01-25T00:35:16.700000;7ea129ce-b533-4136-9425-74c4ca4d2876;400.1;0.3;SELL
2016-01-25T00:35:16.673000;2016-01-25T00:35:16.730000;af1c8eb7-6811-424b-881c-63954808b550;400.1;0.13;SELL
2016-01-25T00:35:16.673000;2016-01-25T00:35:16.730000;512b8a60-f29d-45c8-9383-c82651eda5dc;400.06;0.02;SELL
2016-01-25T00:35:16.673000;2016-01-25T00:35:16.730000;7be405c7-54c7-46b2-8b9e-6d3adc43a649;400.0;4.81027665;SELL
2016-01-25T00:35:16.673000;2016-01-25T00:35:16.730000;f013efa4-12d4-4821-9c54-fd3c3d21f23b;400.0;0.01;SELL
2016-01-25T00:35:16.673000;2016-01-25T00:35:16.747000;63d0184a-b49b-4235-a679-5eac5b7efaae;400.0;1.0;SELL
2016-01-25T00:35:16.673000;2016-01-25T00:35:16.747000;768078e3-2cec-46e8-8b0f-b3ac47b96d87;400.0;5.0;SELL
2016-01-25T00:35:16.673000;2016-01-25T00:35:16.747000;72785c37-2e66-40db-9ff1-fbab6bb1ba13;400.0;0.01;SELL
2016-01-25T00:35:16.673000;2016-01-25T00:35:16.747000;a8b9b78b-a9b0-4a2d-99dc-370ff4327686;400.0;0.050625;SELL
2016-01-25T00:35:16.673000;2016-01-25T00:35:16.747000;8c16b1ae-ab36-4eb8-97e0-0a46873bfe70;400.0;0.01005;SELL
2016-01-25T00:35:16.673000;2016-01-25T00:35:16.760000;41678b86-983d-475f-9631-030d5bc4997e;400.0;0.01;SELL
2016-01-25T00:35:16.673000;2016-01-25T00:35:16.760000;fa19da87-9f67-4964-91bf-8591302f677a;400.0;1.0;SELL
2016-01-25T00:35:16.673000;2016-01-25T00:35:16.760000;5ba7c577-b7c1-475c-b7b8-0e652cf24793;400.0;0.015;SELL
2016-01-25T00:35:16.673000;2016-01-25T00:35:16.777000;c9904523-2fec-468b-8eaf-7dc8b5b026f7;400.0;0.03142943;SELL
2016-01-25T00:35:16.673000;2016-01-25T00:35:16.777000;a350c26e-d229-4081-b67e-cc47776f0bba;399.95;0.05;SELL
2016-01-25T00:35:16.673000;2016-01-25T00:35:16.777000;da7adf19-476e-4f00-83dc-32e696b7e5fa;399.91;0.01;SELL
2016-01-25T00:35:16.673000;2016-01-25T00:35:16.777000;635315dd-d646-4189-ac5f-d29197322c74;399.9;0.276;SELL
2016-01-25T00:35:16.677000;2016-01-25T00:35:16.777000;e1c5835c-7146-4dc9-bd5f-c1e2a5a36431;399.85;0.247;SELL
2016-01-25T00:35:16.677000;2016-01-25T00:35:16.777000;a1561bbb-27a5-4879-aaa8-c53efa302077;399.8;0.254;SELL
2016-01-25T00:35:16.677000;2016-01-25T00:35:16.777000;ecdaa6ce-9f78-4daa-ae4f-29af36aa299d;399.73;0.287;SELL
2016-01-25T00:35:16.677000;2016-01-25T00:35:16.793000;1682ef8a-2ada-4e30-a0f9-f7bf528b335e;399.68;0.247;SELL
2016-01-25T00:35:16.677000;2016-01-25T00:35:16.793000;4514bb6d-ca66-43cc-8829-de0cb1280e50;399.66;0.01;SELL
2016-01-25T00:35:16.677000;2016-01-25T00:35:16.793000;d3c7ed9b-c285-4e25-94c1-987a55a94204;399.65;0.05;SELL
2016-01-25T00:35:16.677000;2016-01-25T00:35:16.793000;07f72aea-11c5-452b-9f06-5c0903200a6c;399.63;0.234;SELL
2016-01-25T00:35:16.677000;2016-01-25T00:35:16.793000;d1040ab6-588f-4d3f-9073-e2b3dd61ff12;399.6;0.7865;SELL
2016-01-25T00:35:16.677000;2016-01-25T00:35:16.793000;6683fbd0-cac5-4f75-99c9-766b65bb4f1c;399.58;0.29;SELL
2016-01-25T00:35:16.677000;2016-01-25T00:35:16.793000;cfc462dd-4cc0-4d00-a67f-e30118213b10;399.55;0.01;SELL
2016-01-25T00:35:16.677000;2016-01-25T00:35:16.793000;22714263-e96b-442d-9c45-79278165de6d;399.51;7.68725881;SELL
2016-01-25T00:35:40.020000;2016-01-25T00:35:40.043000;66ff306a-035f-46f0-9f65-cf2886d804e7;399.79;0.01;SELL
2016-01-25T00:35:40.020000;2016-01-25T00:35:40.043000;cc126e5e-5fe5-48a2-b36f-26946414f865;399.78;0.01;SELL
2016-01-25T00:35:40.023000;2016-01-25T00:35:40.073000;4653e0c3-4965-406f-808a-ffd1fd1bf84d;399.75;0.01;SELL
2016-01-25T00:35:40.023000;2016-01-25T00:35:40.073000;c67a1689-27fa-4eac-8319-79a29c65eb62;399.69;0.117;SELL
2016-01-25T00:35:40.023000;2016-01-25T00:35:40.073000;fca6324a-6201-49b2-8030-d2b8a865e9c3;399.6;0.107;SELL
2016-01-25T00:35:40.023000;2016-01-25T00:35:40.073000;fc2fd85b-497a-4ff0-a1a9-bec10f81ef9b;399.59;0.02;SELL
2016-01-25T00:35:40.023000;2016-01-25T00:35:40.073000;28c8085d-81ae-40e0-b787-e985831f6ecb;399.51;4.49180279;SELL
2016-01-25T00:36:01.697000;2016-01-25T00:36:01.750000;c0d1ad94-2e32-407f-b0af-84627d71d39b;399.56;0.01;BUY
2016-01-25T00:36:02.187000;2016-01-25T00:36:02.233000;25c3d3d9-62de-4460-b723-42108f54b11a;399.56;0.01;BUY
2016-01-25T00:38:42.917000;2016-01-25T00:38:42.953000;2621f3d9-872d-4c3b-84e7-da4afc580db8;399.55;0.01;SELL
2016-01-25T00:38:42.917000;2016-01-25T00:38:42.970000;6126d2b2-4b5c-44ba-97d6-db4b7bff6ffc;399.55;0.08;SELL
2016-01-25T00:41:53.850000;2016-01-25T00:41:53.890000;707e94f5-3883-4b49-8d5e-82330219162a;399.56;0.5;BUY
2016-01-25T00:41:57.137000;2016-01-25T00:41:57.203000;27976c66-fd77-431f-8497-87bf56ce31a4;399.73;0.01;BUY
2016-01-25T00:42:28.017000;2016-01-25T00:42:28.047000;d009e5f8-fa88-4f7a-b9de-15b23e1e44c2;399.96;0.01;BUY
2016-01-25T00:42:28.017000;2016-01-25T00:42:28.063000;a7dcfdcf-bc89-4df0-ba88-24e3daf7b17b;399.97;0.01;BUY
2016-01-25T00:42:28.020000;2016-01-25T00:42:28.063000;fa424fa8-9977-4ba2-92cc-4383d289d539;400.1;0.01;BUY
2016-01-25T00:42:38.510000;2016-01-25T00:42:38.547000;dbba5ab9-8383-4d26-9c66-da06e81c5265;400.14;0.01;BUY
2016-01-25T00:42:38.510000;2016-01-25T00:42:38.547000;876502e7-51dd-4736-a108-efc7b9804438;400.16;0.03;BUY
2016-01-25T00:45:12.160000;2016-01-25T00:45:12.190000;e7401117-cc77-4788-a907-14935e7d38d4;400.09;0.15;SELL
2016-01-25T00:45:21.990000;2016-01-25T00:45:22.017000;dad273c8-1b0f-4154-9ea7-ba235983b6b2;400.13;0.10656136;BUY
2016-01-25T00:45:37.903000;2016-01-25T00:45:37.923000;3837fe1a-7d5e-4e68-985a-2120a6238458;400.12;0.75;BUY
2016-01-25T00:50:18.903000;2016-01-25T00:50:18.923000;eb016194-9d5e-43ca-9196-a35d175ab37f;400.09;0.01;SELL
2016-01-25T00:50:51.470000;2016-01-25T00:50:51.487000;87fe95f9-fd1f-4f4d-b326-defdad5c4822;400.04;0.01;SELL
2016-01-25T00:50:51.470000;2016-01-25T00:50:51.500000;4f25d2fc-c7e8-4c81-ac36-62b3967d289b;400.03;0.01;SELL
2016-01-25T00:50:51.470000;2016-01-25T00:50:51.500000;bf77b930-28bb-4d8c-975d-57da5207fd9e;400.0;0.01;SELL
2016-01-25T00:51:34.343000;2016-01-25T00:51:34.390000;07275374-7e78-417f-a628-566f57bf2f4b;399.92;0.15106;BUY
2016-01-25T00:53:22.690000;2016-01-25T00:53:22.733000;651b1e71-8936-4e3e-83b0-44f29d4f00b7;399.92;0.00967131;BUY
2016-01-25T00:53:44.937000;2016-01-25T00:53:44.983000;bad9c3c6-e1b1-4fea-93d2-e53cb3ede39d;399.91;0.01;SELL
2016-01-25T00:53:44.937000;2016-01-25T00:53:45.000000;2f94145b-19b6-4949-b184-a7ff58ee5a12;399.91;5.33;SELL
2016-01-25T00:53:44.937000;2016-01-25T00:53:45.000000;ad8bab37-c0a0-425c-9341-c94f17ed6cbe;399.91;1.337;SELL
2016-01-25T00:54:49.033000;2016-01-25T00:54:49.077000;a4c7dd39-e760-4118-b0dc-9afb5c2fc048;399.88;0.33459125;BUY
2016-01-25T00:54:49.300000;2016-01-25T00:54:49.360000;a9e98a0d-bd58-421e-b331-9116e882dec0;399.88;0.03540875;BUY
2016-01-25T00:54:49.300000;2016-01-25T00:54:49.360000;6abed7fa-5b75-43b4-a7d3-f971e5f40ac8;399.88;0.2991825;BUY
2016-01-25T00:54:49.563000;2016-01-25T00:54:49.610000;d816d2fd-7421-494c-9c4e-6220152ea482;399.88;0.33459125;BUY
2016-01-25T00:54:50.543000;2016-01-25T00:54:50.593000;96262958-28ee-4c54-aae1-6b6b2e323514;399.88;0.33459125;BUY
2016-01-25T00:54:51.513000;2016-01-25T00:54:51.593000;0ef9981f-c12c-46fb-9b40-52ec429ee120;399.88;0.33459125;BUY
2016-01-25T00:55:30.343000;2016-01-25T00:55:30.390000;c978a655-f311-4c14-a9f9-aa5130ac10ae;399.88;5.80802;BUY
2016-01-25T01:04:13.783000;2016-01-25T01:04:13.813000;ee7fb83c-5773-49af-b5f3-3d51ac381994;399.88;0.1364;BUY
2016-01-25T01:04:15.987000;2016-01-25T01:04:16.017000;473e344c-bd34-4424-87b4-5f7c2837b143;399.87;0.01;SELL
2016-01-25T01:04:18.597000;2016-01-25T01:04:18.627000;3a0ba18c-785c-467b-ab6b-63684161b0b6;399.85;0.01;SELL
2016-01-25T01:04:18.597000;2016-01-25T01:04:18.627000;f55946ac-9725-42bd-8f11-5a478d3288cb;399.83;0.33459125;SELL
2016-01-25T01:04:25.323000;2016-01-25T01:04:25.343000;f76312ab-367b-4b2f-b1b1-894742752aca;399.75;0.01;SELL
2016-01-25T01:04:26.073000;2016-01-25T01:04:26.093000;a59c30ee-dbd6-44da-92fe-7ebd129385ef;399.74;0.33459125;SELL
2016-01-25T01:06:05.897000;2016-01-25T01:06:05.907000;464dff72-252e-4868-b55f-1d9041d848c0;399.67;0.01;SELL
2016-01-25T01:06:05.897000;2016-01-25T01:06:05.937000;bb99474b-c8be-4da7-b584-59907c58274a;399.65;0.25;SELL
2016-01-25T01:06:31.603000;2016-01-25T01:06:31.663000;206c2b98-a939-4e6e-a440-bd9549908035;399.65;0.08459125;SELL
2016-01-25T01:06:36.173000;2016-01-25T01:06:36.227000;014fba3e-b66b-4440-8592-3cb1c35d2b77;399.57;0.01;SELL
2016-01-25T01:06:36.173000;2016-01-25T01:06:36.240000;da09076d-76e4-42eb-88c0-f4c7be9a4f58;399.56;0.01;SELL
2016-01-25T01:06:36.173000;2016-01-25T01:06:36.240000;0c0cd5dc-450c-4225-ab75-26ae426fdc11;399.56;0.33459125;SELL
2016-01-25T01:06:36.173000;2016-01-25T01:06:36.273000;1805ebc0-d5e0-4b3f-901d-589e2200af64;399.55;0.3;SELL
2016-01-25T01:06:36.173000;2016-01-25T01:06:36.273000;59751438-77d1-48a4-877a-d12e9c5877b9;399.53;0.01;SELL
2016-01-25T01:06:36.177000;2016-01-25T01:06:36.273000;d107d906-12c8-46af-b7af-b3bfd5f096a0;399.5;19.33540875;SELL
2016-01-25T01:06:53.203000;2016-01-25T01:06:53.257000;9914d2ac-1586-49fd-a8a3-5a9700ba92e7;399.5;0.75;SELL
2016-01-25T01:06:53.620000;2016-01-25T01:06:53.680000;d180f591-abf8-43da-a29d-52a0092b4085;399.5;2.91459125;SELL
2016-01-25T01:06:53.620000;2016-01-25T01:06:53.693000;337609eb-a120-4fc3-84b9-ccc5bec5101f;399.48;0.01;SELL
2016-01-25T01:06:53.623000;2016-01-25T01:06:53.693000;e09bcec1-2c48-4b09-99b5-19458c1e4774;399.48;0.01;SELL
2016-01-25T01:06:57.693000;2016-01-25T01:06:57.740000;c59c509c-4371-48b2-b6bf-a995e5465356;399.47;0.33459125;SELL
2016-01-25T01:06:57.693000;2016-01-25T01:06:57.757000;bda90b1b-4caf-4b4f-bd97-6ccbae0d7b35;399.35;0.05;SELL
2016-01-25T01:07:05.033000;2016-01-25T01:07:05.087000;79fa31e9-6313-488e-9958-3d3dadc54133;399.27;0.01;SELL
2016-01-25T01:07:05.033000;2016-01-25T01:07:05.117000;332884c1-52e6-4fd7-8aee-9f94284d44b6;399.26;0.01;SELL
2016-01-25T01:07:05.033000;2016-01-25T01:07:05.117000;078e4655-c8f6-46c6-bd43-e68a93cb6d3b;399.21;0.01;SELL
2016-01-25T01:07:05.033000;2016-01-25T01:07:05.117000;6f326e43-1938-479a-b961-3e225393c1e3;399.15;0.01;SELL
2016-01-25T01:07:05.033000;2016-01-25T01:07:05.117000;a487542e-5965-4293-af8f-f72ad4ff6d4d;399.12;0.02;SELL
2016-01-25T01:07:05.037000;2016-01-25T01:07:05.117000;0d389419-0838-44c7-918b-bb07676ac979;399.07;0.25;SELL
2016-01-25T01:07:09.387000;2016-01-25T01:07:09.443000;5a3afc20-0c6a-406d-8cdd-27c8406a5dc8;399.07;0.61594;BUY
2016-01-25T01:07:09.413000;2016-01-25T01:07:09.477000;188c77ad-0f27-46dd-9a59-4dd6cf9d3e7a;399.07;0.05131844;BUY
2016-01-25T01:07:09.423000;2016-01-25T01:07:09.477000;050f2aa8-2a5b-4d55-b3bd-9ee028c72a90;399.06;0.01;SELL
2016-01-25T01:07:09.423000;2016-01-25T01:07:09.490000;1254316b-afbb-4173-bd7e-efaa54b8c7a6;399.06;0.01;SELL
2016-01-25T01:07:10.883000;2016-01-25T01:07:10.930000;12849603-8e6e-4c4a-9bf6-c15eec9a97af;399.05;0.05;SELL
2016-01-25T01:07:10.883000;2016-01-25T01:07:10.943000;b35b58b6-6f74-4fe6-8f4f-1e3601755143;399.0;0.01;SELL
2016-01-25T01:07:10.883000;2016-01-25T01:07:10.943000;efa37cdb-983c-4a5e-a4b6-da2a7a0f7f37;399.0;0.03145167;SELL
2016-01-25T01:07:12.680000;2016-01-25T01:07:12.757000;14cff9c2-17af-436c-9166-eb348d48b8c0;398.91;0.01;SELL
2016-01-25T01:07:12.680000;2016-01-25T01:07:12.757000;4c96e1f6-548c-47ea-b838-36e4318a79fc;398.9;0.3;SELL
2016-01-25T01:07:13.183000;2016-01-25T01:07:13.240000;3997ee3a-ada5-4f26-a748-61f3c118808a;398.91;0.01;SELL
2016-01-25T01:07:13.183000;2016-01-25T01:07:13.240000;40a4d34c-d4bd-401c-baeb-ce10028f8f25;398.9;0.01;SELL
2016-01-25T01:07:20.690000;2016-01-25T01:07:20.740000;2b3fbb04-a992-4f09-9fc0-a1e8e3aa3776;398.75;0.05;SELL
2016-01-25T01:07:20.690000;2016-01-25T01:07:20.757000;198a4a3d-3658-4448-ae15-bec2861287d4;398.73;0.01;SELL
2016-01-25T01:07:20.690000;2016-01-25T01:07:20.757000;08c2762e-7ab4-40be-b0ab-c8414ecf86dd;398.72;0.45209315;SELL
2016-01-25T01:07:22.547000;2016-01-25T01:07:22.600000;75cd8704-6953-47dc-9cf1-bed98ae05653;398.71;0.03539835;SELL
2016-01-25T01:07:23.103000;2016-01-25T01:07:23.163000;982c2a26-b1e5-4adc-a718-d5defd965928;398.65;0.02;SELL
2016-01-25T01:07:27.513000;2016-01-25T01:07:27.570000;9f542e5f-58f5-4327-bb84-7554db5e6847;398.56;3.0;SELL
2016-01-25T01:07:37.023000;2016-01-25T01:07:37.070000;6d5bfbbe-864f-4b5c-afe2-8f285c4290ea;398.52;0.01;SELL
2016-01-25T01:07:45.250000;2016-01-25T01:07:45.303000;e08a225e-6507-47fa-a49a-7cb4739d7cfc;398.51;0.3;SELL
2016-01-25T01:07:58.833000;2016-01-25T01:07:58.883000;18856ee1-43d2-466c-a17e-39e53112b058;398.46;0.01;SELL
2016-01-25T01:07:58.833000;2016-01-25T01:07:58.897000;60fbe95e-0692-4847-bd65-398edf47edd9;398.45;0.05;SELL
2016-01-25T01:08:02.193000;2016-01-25T01:08:02.257000;df38d329-e07e-488c-8efb-d1f422bd5592;398.34;0.01;BUY
2016-01-25T01:08:02.497000;2016-01-25T01:08:02.570000;1f1a77bd-9902-4af0-a57d-2621c826cd7d;398.35;0.01;BUY
2016-01-25T01:08:02.520000;2016-01-25T01:08:02.570000;e3a0a4b7-3a3c-48d0-a808-02849c6dbf42;398.33;0.01;SELL
2016-01-25T01:08:06.380000;2016-01-25T01:08:06.430000;4c123c85-04b4-4f7a-9a6b-21bf2338b774;398.32;0.01;SELL
2016-01-25T01:08:16.773000;2016-01-25T01:08:16.820000;90a2807a-eeb9-43ad-a026-7411cbe68393;398.3;0.01;SELL
2016-01-25T01:08:30.630000;2016-01-25T01:08:30.680000;6b12706a-38c2-4940-9f57-7565efaedb86;398.2;0.01;SELL
2016-01-25T01:08:50.147000;2016-01-25T01:08:50.193000;8e909422-ad8d-4a15-938d-1d9476dac4fb;398.19;0.02;SELL
2016-01-25T01:08:53.360000;2016-01-25T01:08:53.413000;2b15ce57-441b-467c-90e8-92a6d7557fd2;398.18;0.02;SELL
2016-01-25T01:08:53.360000;2016-01-25T01:08:53.430000;66d11aac-2e67-41f3-9846-27f650f0903a;398.18;0.02;SELL
2016-01-25T01:09:02.400000;2016-01-25T01:09:02.460000;4dd27179-41be-4183-94c2-25d938f5f965;398.16;0.01;BUY
2016-01-25T01:09:02.873000;2016-01-25T01:09:02.913000;6cf29f4b-9732-4611-b8ae-4e7ad17bd5d1;398.16;0.01;BUY
2016-01-25T01:10:02.110000;2016-01-25T01:10:02.147000;8b3b9c69-7f98-43ac-87dc-772b858e2397;398.16;0.01;BUY
2016-01-25T01:10:02.150000;2016-01-25T01:10:02.193000;8a30b5db-9efc-4173-97d8-7961d6c0aa4b;398.16;0.01;BUY
2016-01-25T01:10:12.073000;2016-01-25T01:10:12.133000;57f5404d-5cf0-459a-8c4e-200017be7637;398.15;0.01;SELL
2016-01-25T01:10:12.077000;2016-01-25T01:10:12.133000;8379b9a1-ed85-4c88-b576-ff5422972e13;398.15;0.05;SELL
2016-01-25T01:10:12.077000;2016-01-25T01:10:12.133000;c0244b31-a09c-4cd8-9753-2b2a2877dcb8;398.15;0.02;SELL
2016-01-25T01:10:12.077000;2016-01-25T01:10:12.133000;46f68e8e-8197-4b0f-a143-4d48e448be60;398.11;0.37479476;SELL
2016-01-25T01:10:12.077000;2016-01-25T01:10:12.163000;44efa942-1da7-4ca7-97f9-6cdf7604dedf;398.0;0.01;SELL
2016-01-25T01:10:12.077000;2016-01-25T01:10:12.163000;096e0c6a-905d-4573-b704-afb5b5680552;398.0;1.0;SELL
2016-01-25T01:10:12.077000;2016-01-25T01:10:12.163000;90f6e32a-8afc-4a4c-b489-dbbdcde0a191;398.0;0.25;SELL
2016-01-25T01:10:12.077000;2016-01-25T01:10:12.163000;d4e3c4ec-fb9e-4b12-8ce6-1ac0f32d4521;398.0;2.0;SELL
2016-01-25T01:10:12.077000;2016-01-25T01:10:12.163000;ca959d5c-0dbe-48e1-9cc9-3e2ad3127ed9;398.0;2.1;SELL
2016-01-25T01:10:12.077000;2016-01-25T01:10:12.163000;6887065d-b271-425d-b5b1-705423119cc1;398.0;0.03146409;SELL
2016-01-25T01:10:34.213000;2016-01-25T01:10:34.257000;bfb2a965-950c-48b4-811a-ea06fe1409d3;397.94;0.01;SELL
2016-01-25T01:10:34.213000;2016-01-25T01:10:34.273000;df863401-a322-475e-866c-53bcc6dbbe42;397.92;0.01;SELL
2016-01-25T01:10:34.213000;2016-01-25T01:10:34.273000;bda26fc5-7dce-4773-a726-0589b5da9c7a;397.92;0.02;SELL
2016-01-25T01:10:34.213000;2016-01-25T01:10:34.273000;a723305b-5461-4d98-8455-57f79fa324cc;397.91;0.01;SELL
2016-01-25T01:10:36.553000;2016-01-25T01:10:36.600000;9de4235e-c363-487f-b261-02f9b04cebed;397.85;0.05;SELL
2016-01-25T01:10:36.553000;2016-01-25T01:10:36.617000;95bc7cd6-1e4c-44aa-8afb-7876885f85dc;397.85;0.02;SELL
2016-01-25T01:10:36.557000;2016-01-25T01:10:36.617000;2923c798-2d7d-4d4b-a32a-878769445c22;397.71;0.02;SELL
2016-01-25T01:10:47.733000;2016-01-25T01:10:47.773000;146fb65c-65bd-4867-a1aa-0c4d60c9b5b3;397.7;0.01;SELL
2016-01-25T01:10:50.153000;2016-01-25T01:10:50.193000;bc27ef8b-a773-4181-924d-65beaf985fa7;397.68;0.01;SELL
2016-01-25T01:10:50.153000;2016-01-25T01:10:50.210000;fae0a6dc-04ac-4ea9-b0d5-f221c6566d0a;397.67;0.01;SELL
2016-01-25T01:10:50.153000;2016-01-25T01:10:50.210000;ca2d37c9-3936-4163-960b-99b9ef2b3a46;397.67;0.02;SELL
2016-01-25T01:11:01.940000;2016-01-25T01:11:01.990000;587c7652-4b40-4d7a-99e8-d99547a4ce7c;397.59;0.01;SELL
2016-01-25T01:11:01.940000;2016-01-25T01:11:02.007000;c5fd4d44-5b91-434c-b6ec-256ac6b8bbbf;397.59;0.02;SELL
2016-01-25T01:11:01.940000;2016-01-25T01:11:02.007000;2a809249-defb-4fc3-9d29-da9c056162b7;397.58;0.706;SELL
2016-01-25T01:11:02.143000;2016-01-25T01:11:02.193000;551327f8-b4c0-431e-b964-906146e689df;397.6;0.01;BUY
2016-01-25T01:11:02.623000;2016-01-25T01:11:02.680000;44207f79-ac73-4847-a99c-85abc84abdf9;397.59;0.01;BUY
2016-01-25T01:11:06.737000;2016-01-25T01:11:06.773000;eee1b26f-2de3-4405-b88f-635cc4873541;397.56;4.74464901;SELL
2016-01-25T01:11:06.737000;2016-01-25T01:11:06.803000;933da0a5-d5c2-4cad-80fc-556239c4e352;397.56;0.02;SELL
2016-01-25T01:11:07.903000;2016-01-25T01:11:07.943000;6f552d50-2093-4107-90f6-013cae60d4a1;397.56;0.02;SELL
2016-01-25T01:11:24.457000;2016-01-25T01:11:24.490000;b9a18097-e95f-4c72-bf6f-7fc50db0a5ae;397.55;0.05;SELL
2016-01-25T01:11:24.457000;2016-01-25T01:11:24.507000;6e312a92-d0ad-42ef-874f-b8dcf6854ffc;397.55;0.02;SELL
2016-01-25T01:11:24.457000;2016-01-25T01:11:24.507000;ed2e25fd-8f08-4419-adf2-4e5763d439a9;397.55;0.43;SELL
2016-01-25T01:12:02.273000;2016-01-25T01:12:02.320000;9751a71d-6298-42f8-9ad8-fbfacb1944fa;397.55;0.01;BUY
2016-01-25T01:12:02.360000;2016-01-25T01:12:02.397000;c6c14011-2725-4f20-aaa0-b250ee4e93b7;397.55;0.01;BUY
2016-01-25T01:12:02.937000;2016-01-25T01:12:02.977000;b10c25cb-d0ee-4fa6-9453-acdc5992ca92;397.55;0.01;BUY
2016-01-25T01:12:15.133000;2016-01-25T01:12:15.180000;157cfd0f-4140-49c6-a218-40ee91727ecd;397.54;0.01;SELL
2016-01-25T01:12:15.133000;2016-01-25T01:12:15.193000;fee5ebdf-019d-40f8-a19d-c8516db0f5ce;397.54;0.02;SELL
2016-01-25T01:12:15.133000;2016-01-25T01:12:15.193000;e76f5c7a-30e1-4473-9f6c-2592593117d0;397.54;0.22;SELL
2016-01-25T01:12:30.200000;2016-01-25T01:12:30.240000;f5713b3b-82ff-4eb6-b66b-5ec3eef885eb;397.4;0.03;SELL
2016-01-25T01:12:30.200000;2016-01-25T01:12:30.257000;876ceba8-116f-4683-8cd9-858d956c08e3;397.39;0.01;SELL
2016-01-25T01:12:30.200000;2016-01-25T01:12:30.257000;f5efa748-f061-482e-87b2-d6770661104e;397.34;0.02;SELL
2016-01-25T01:12:30.200000;2016-01-25T01:12:30.257000;904c397d-395b-469f-9be9-a906b20bfee0;397.33;0.01;SELL
2016-01-25T01:12:30.200000;2016-01-25T01:12:30.257000;6d05e51d-cbd7-4d97-b297-dbbe1348b65c;397.29;0.01;SELL
2016-01-25T01:12:30.200000;2016-01-25T01:12:30.273000;7768264e-e888-40c4-a56d-9986c16a7141;397.25;0.05;SELL
2016-01-25T01:12:30.203000;2016-01-25T01:12:30.273000;7e72e1e8-4ce7-48ff-8237-ef835768a83f;397.24;0.02;SELL
2016-01-25T01:12:30.203000;2016-01-25T01:12:30.273000;0eb7dea6-35c1-422e-ba00-7eca4e6dd318;397.17;0.083;SELL
2016-01-25T01:12:30.203000;2016-01-25T01:12:30.273000;33da16e5-39f0-4320-ad89-74b31b2a6d8b;397.17;0.3;SELL
2016-01-25T01:12:30.203000;2016-01-25T01:12:30.273000;cc824e25-0ca0-4402-b0b6-020cdc8fd7cc;397.17;1.1;SELL
2016-01-25T01:12:30.203000;2016-01-25T01:12:30.273000;0d537478-3e54-49fb-b5aa-741b097ba381;397.16;0.01;SELL
2016-01-25T01:12:30.203000;2016-01-25T01:12:30.273000;7238b08d-93ae-4011-90a5-fd363c51d328;397.15;1.0206;SELL
2016-01-25T01:12:30.203000;2016-01-25T01:12:30.273000;61f58afd-4179-4e79-98da-0dd04b4d89af;397.15;3.52;SELL
2016-01-25T01:12:30.203000;2016-01-25T01:12:30.273000;d991fa73-0f2d-46e4-906b-dbd10c07d17f;397.13;1.01;SELL
2016-01-25T01:12:30.203000;2016-01-25T01:12:30.290000;4491cc6f-b267-4254-bcd8-7450f6d2e1e7;397.12;1.01;SELL
2016-01-25T01:12:30.203000;2016-01-25T01:12:30.290000;fe6305b6-9595-4190-81d1-ff4bb65e958c;397.1;14.58;SELL
2016-01-25T01:12:30.203000;2016-01-25T01:12:30.337000;7ea59b50-06e8-4a76-8bd2-ce584fecf2e0;397.09;1.01;SELL
2016-01-25T01:12:30.203000;2016-01-25T01:12:30.350000;601ffae6-cfb4-4132-a200-8936836854f6;397.07;1.01;SELL
2016-01-25T01:12:30.203000;2016-01-25T01:12:30.350000;ccd875c8-2561-4ce1-85a7-bc76a51be390;397.05;0.089;SELL
2016-01-25T01:12:30.203000;2016-01-25T01:12:30.350000;4dde63fc-1cb8-4ccc-a02c-31a296c52cbd;397.01;1.0;SELL
2016-01-25T01:12:30.203000;2016-01-25T01:12:30.350000;acaea5d1-5c7d-47c1-b93f-d91d5af96160;397.01;0.01;SELL
2016-01-25T01:12:30.203000;2016-01-25T01:12:30.350000;d33de295-4f30-48e5-a9ba-9d1a18dac24b;397.01;4.17;SELL
2016-01-25T01:12:30.203000;2016-01-25T01:12:30.350000;567c7863-b834-4797-9335-286907e24845;397.0;0.01;SELL
2016-01-25T01:12:30.203000;2016-01-25T01:12:30.350000;3184f9fb-2e0e-4f0c-acbd-4978171ffd1a;397.0;0.1;SELL
2016-01-25T01:12:30.203000;2016-01-25T01:12:30.350000;74201631-d5ae-4ae5-98a0-fb3f6299bde0;397.0;1.01;SELL
2016-01-25T01:12:30.203000;2016-01-25T01:12:30.350000;7c39bbf6-47ac-4f51-8d81-e835068a6204;397.0;0.03146739;SELL
2016-01-25T01:12:30.207000;2016-01-25T01:12:30.350000;020375b9-56ac-4ca9-901b-6de5756f5dba;396.99;1.01;SELL
2016-01-25T01:12:30.207000;2016-01-25T01:12:30.350000;07cc3a06-6502-48ac-bb6c-4ade262eeafe;396.97;1.0;SELL
2016-01-25T01:12:30.207000;2016-01-25T01:12:30.350000;9405f4e5-e680-4f54-935d-4af718c9dcdb;396.95;0.05;SELL
2016-01-25T01:12:30.207000;2016-01-25T01:12:30.350000;9d54c218-6b0b-4462-848b-f0b51759df34;396.9;0.01;SELL
2016-01-25T01:12:30.207000;2016-01-25T01:12:30.350000;0bc2be04-715b-4c5f-ab6d-ead0a2ccf573;396.81;0.25;SELL
2016-01-25T01:12:30.207000;2016-01-25T01:12:30.350000;4cc69aa2-932c-4918-827d-4df07f6ccfca;396.7;0.01;SELL
2016-01-25T01:12:30.207000;2016-01-25T01:12:30.350000;395138f2-f9da-4214-aa5e-fa1d8e90b242;396.65;0.05;SELL
2016-01-25T01:12:30.207000;2016-01-25T01:12:30.350000;d9da79c2-49b0-4e60-ae99-3d0a1744e4c1;396.56;16.39593261;SELL
2016-01-25T01:12:50.770000;2016-01-25T01:12:50.820000;c44c20ac-c0c4-4b3b-b37c-fbd8b3c1268e;396.99;0.37;BUY
2016-01-25T01:12:50.770000;2016-01-25T01:12:50.820000;2b80cfa3-a0fc-49b3-afb7-af8ee6c2b220;396.99;0.51;BUY
2016-01-25T01:12:51.083000;2016-01-25T01:12:51.133000;ed099c7a-0150-4c8d-865d-f0ac38d5fc74;396.97;0.01;SELL
2016-01-25T01:12:51.083000;2016-01-25T01:12:51.133000;dfb4b2c5-f17c-45d5-9b46-9d56ca6b7046;396.97;0.128;SELL
2016-01-25T01:12:51.083000;2016-01-25T01:12:51.133000;ad7ecf7e-f170-4e13-b71f-964e6e288dab;396.96;0.01;SELL
2016-01-25T01:12:51.083000;2016-01-25T01:12:51.133000;9e70af12-4fa7-49b3-9256-cbe268dec6a2;396.95;0.01;SELL
2016-01-25T01:12:51.083000;2016-01-25T01:12:51.133000;24175aac-44dd-4b6b-9134-68fa9482a0bf;396.94;0.01;SELL
2016-01-25T01:12:51.083000;2016-01-25T01:12:51.133000;6f5b8aa3-b69c-492e-bf37-6fed8fd40a96;396.93;0.01;SELL
2016-01-25T01:12:51.083000;2016-01-25T01:12:51.133000;ccd85841-4cdb-4f68-89e2-d80095d26fed;396.9;0.07;SELL
2016-01-25T01:12:51.087000;2016-01-25T01:12:51.147000;7a290cd9-4ba3-406c-b051-5ce89875dfc9;396.88;0.01;SELL
2016-01-25T01:12:51.087000;2016-01-25T01:12:51.147000;c412fcd1-40d8-4408-82b9-2ae8a09595df;396.82;0.01;SELL
2016-01-25T01:12:51.087000;2016-01-25T01:12:51.163000;aff3db0d-8627-4ee3-a789-0e825d1e32d1;396.81;0.02;SELL
2016-01-25T01:12:51.087000;2016-01-25T01:12:51.163000;ac8e9677-bbee-4b1a-b34e-b82dd6f88f8f;396.79;0.08;SELL
2016-01-25T01:12:51.087000;2016-01-25T01:12:51.163000;03917a38-5b15-4f82-bf58-835023009bd1;396.77;0.02;SELL
2016-01-25T01:12:51.087000;2016-01-25T01:12:51.163000;b60e4694-0e8d-4d45-84fb-1c9db1a217fa;396.72;0.01;SELL
2016-01-25T01:12:51.087000;2016-01-25T01:12:51.163000;891254c8-71b8-4de5-a6c7-a7f4179bb0e0;396.66;0.074;SELL
2016-01-25T01:12:51.087000;2016-01-25T01:12:51.163000;7c397ee5-a2a9-4d66-8446-60a22e71b222;396.56;3.36;SELL
2016-01-25T01:12:51.087000;2016-01-25T01:12:51.163000;a2fd2c7f-3e6b-4b22-b686-45e6f9f23000;396.55;0.01;SELL
2016-01-25T01:12:51.087000;2016-01-25T01:12:51.180000;072a78bd-3012-4ff9-8bc8-8d76cc93465a;396.51;1.08;SELL
2016-01-25T01:12:51.087000;2016-01-25T01:12:51.180000;6f68344a-745a-408f-ab42-1fb9a9f7d07e;396.5;0.05;SELL
2016-01-25T01:12:51.087000;2016-01-25T01:12:51.180000;dcb61ef3-0713-4906-aa96-d066e9b27d16;396.46;6.36;SELL
2016-01-25T01:12:51.087000;2016-01-25T01:12:51.180000;39510645-18c8-4dc8-b58f-920f55881418;396.45;8.71756429;SELL
2016-01-25T01:13:01.823000;2016-01-25T01:13:01.867000;fe30d539-dd4f-4db7-8ed2-e0902cd01e22;396.94;0.01;BUY
2016-01-25T01:13:01.883000;2016-01-25T01:13:01.930000;82bee473-88f0-4eb9-a967-fc52d0628621;396.94;0.01;BUY
2016-01-25T01:13:02.190000;2016-01-25T01:13:02.240000;1b008a9d-62ee-4f83-a677-3a09a73ea465;396.94;0.01;BUY
2016-01-25T01:13:16.363000;2016-01-25T01:13:16.413000;e148f44c-2026-4070-a418-f0026474289c;396.71;0.01;SELL
2016-01-25T01:13:16.363000;2016-01-25T01:13:16.413000;8608d410-9a4e-4e7a-825b-3cf84c9a9419;396.71;0.094;SELL
2016-01-25T01:13:16.363000;2016-01-25T01:13:16.430000;a21cb95f-7854-400f-b2ca-1f93cf8d07f4;396.7;0.01;SELL
2016-01-25T01:13:16.363000;2016-01-25T01:13:16.430000;4f2833fc-8c9e-4be1-883f-01909d129d2a;396.69;0.088;SELL
2016-01-25T01:13:16.367000;2016-01-25T01:13:16.430000;af0ecdfc-f169-4ce0-937d-8f7347a79b2b;396.68;0.01;SELL
2016-01-25T01:13:16.367000;2016-01-25T01:13:16.430000;bf4caa7c-ac6b-4187-82d8-81669816d24a;396.66;0.085;SELL
2016-01-25T01:13:16.367000;2016-01-25T01:13:16.430000;e9bb70e6-0688-403f-a086-088ea8238f53;396.65;0.01;SELL
2016-01-25T01:13:16.367000;2016-01-25T01:13:16.430000;1c6b57ab-967b-40fb-a9e8-e08619bc6f12;396.58;0.02;SELL
2016-01-25T01:13:16.367000;2016-01-25T01:13:16.430000;6339b834-7994-4769-a3ec-f65149f79008;396.48;0.173;SELL
2016-01-25T01:14:01.887000;2016-01-25T01:14:01.930000;72f66bbf-a22e-40a3-a4d7-f82fc9a89e2b;396.62;0.01;BUY
2016-01-25T01:14:01.980000;2016-01-25T01:14:02.007000;b01496db-6a6b-4ac3-a72a-0a8cd4bc1a5a;396.62;0.01;BUY
2016-01-25T01:14:02.367000;2016-01-25T01:14:02.397000;6a790e51-2d6a-4019-8f10-ccd10f78b7f7;396.62;0.01;BUY
2016-01-25T01:14:24.263000;2016-01-25T01:14:24.303000;bcebeeb6-7c1d-49c4-90b2-333d3895102f;396.54;0.01;SELL
2016-01-25T01:14:24.263000;2016-01-25T01:14:24.320000;76684ed0-26fe-4206-a99c-52c51a83f322;396.54;0.098;SELL
2016-01-25T01:14:24.263000;2016-01-25T01:14:24.320000;10a8c77d-d695-411f-98c9-7e39c77bd7ce;396.53;0.01;SELL
2016-01-25T01:14:24.263000;2016-01-25T01:14:24.320000;7358f4c4-1216-4c4e-852c-da2237ba0b7b;396.49;0.073;SELL
2016-01-25T01:14:24.263000;2016-01-25T01:14:24.320000;57476164-be73-4495-9239-7f4ec6bf9ff3;396.47;0.01;SELL
2016-01-25T01:14:24.263000;2016-01-25T01:14:24.337000;67251da2-8233-497c-ab82-88e8c12b0067;396.44;0.101;SELL
2016-01-25T01:14:24.267000;2016-01-25T01:14:24.367000;8e965cf1-fd56-4646-aa15-a55af0a91c08;396.44;0.2502;SELL
2016-01-25T01:14:24.267000;2016-01-25T01:14:24.367000;79db156a-e97c-46d9-aa0a-698c154c641c;396.43;6.015;SELL
2016-01-25T01:14:24.267000;2016-01-25T01:14:24.367000;4ea10e22-0153-416c-8564-04a304f55ced;396.39;0.074;SELL
2016-01-25T01:14:24.267000;2016-01-25T01:14:24.367000;e619f19e-a1b8-4a9a-ad10-f2aa879ac983;396.35;0.05;SELL
2016-01-25T01:14:24.267000;2016-01-25T01:14:24.367000;21291550-3725-40c2-8692-7bdcb0a54669;396.34;0.09;SELL
2016-01-25T01:14:24.267000;2016-01-25T01:14:24.383000;775baf2e-b219-4f45-942a-db4e080f4372;396.33;8.80246;SELL
2016-01-25T01:14:24.267000;2016-01-25T01:14:24.383000;126b81df-f140-4b35-93c4-a1833c9c010e;396.32;6.054;SELL
2016-01-25T01:14:24.267000;2016-01-25T01:14:24.383000;479ffc02-7c9a-4e82-82b0-8b21624753f1;396.3;0.02;SELL
2016-01-25T01:14:24.267000;2016-01-25T01:14:24.383000;aa61b598-d9f3-4c9a-b34e-169ccc794573;396.29;0.111;SELL
2016-01-25T01:14:24.267000;2016-01-25T01:14:24.383000;e1f5fa26-1442-462a-a4c3-db329dbb8702;396.27;0.01;SELL
2016-01-25T01:14:24.267000;2016-01-25T01:14:24.383000;66140cc2-8539-4124-877c-54aed371ab35;396.24;3.6;SELL
2016-01-25T01:14:24.267000;2016-01-25T01:14:24.383000;8b87c9e3-4100-4976-b787-f993eef5a860;396.23;2.54;SELL
2016-01-25T01:14:24.267000;2016-01-25T01:14:24.383000;333fa932-e9ac-4832-b66c-78bdc72b8845;396.15;0.01;SELL
2016-01-25T01:14:24.267000;2016-01-25T01:14:24.383000;840c0326-63b6-45b2-9f7b-8cdc60f4dece;396.14;3.6;SELL
2016-01-25T01:14:24.267000;2016-01-25T01:14:24.383000;ae5b630a-c0ef-4c1f-8dda-67ad0e4dfd92;396.13;0.37573175;SELL
2016-01-25T01:14:24.267000;2016-01-25T01:14:24.397000;df65dd75-4c15-400c-9ce6-632c1a3e7b43;396.13;15.58;SELL
2016-01-25T01:14:24.267000;2016-01-25T01:14:24.397000;f1a4dd91-c30a-4779-8a4d-bf661c32ea1a;396.05;0.05;SELL
2016-01-25T01:14:24.270000;2016-01-25T01:14:24.397000;8cbc7bd5-538d-4d0c-a67a-59598f08ae77;396.05;21.72;SELL
2016-01-25T01:14:24.270000;2016-01-25T01:14:24.397000;89d8dfb7-ca47-47e3-b05a-fc4e86aba99b;396.04;4.14191825;SELL
2016-01-25T01:14:43.540000;2016-01-25T01:14:43.570000;33360705-dd2c-4e6e-b1f4-1f655cfe8ec2;396.6;0.11;BUY
2016-01-25T01:14:57.657000;2016-01-25T01:14:57.680000;9c1774ce-2d54-43c1-8f4a-84fcbff421f6;396.6;0.248;BUY
2016-01-25T01:14:57.657000;2016-01-25T01:14:57.710000;e46df89a-8d5d-41a9-9b1b-776d06d623e7;396.6;7.987;BUY
2016-01-25T01:14:57.657000;2016-01-25T01:14:57.710000;30fd3b24-f4ae-4d07-b319-7242eccd80de;396.63;0.01;BUY
2016-01-25T01:15:01.690000;2016-01-25T01:15:01.727000;c9950293-2206-4ae1-93f5-76b754cbb2c7;396.72;0.01;BUY
2016-01-25T01:15:02.043000;2016-01-25T01:15:02.070000;b571275c-340d-4623-b21c-9ae8fd9dc1bd;396.75;0.01;BUY
2016-01-25T01:15:22.657000;2016-01-25T01:15:22.693000;277b6c3d-415d-45f2-9f05-7071253887e2;396.8;0.01;BUY
2016-01-25T01:16:01.850000;2016-01-25T01:16:01.883000;32e61a48-7de5-4ffb-817e-330f120b7b91;396.79;0.01;BUY
2016-01-25T01:16:01.910000;2016-01-25T01:16:01.943000;27a577aa-6441-43c7-87b2-8686f1635859;396.79;0.01;BUY
2016-01-25T01:16:02.103000;2016-01-25T01:16:02.133000;c6de8f62-0b02-4543-86ee-cdb59bd44e69;396.79;0.01;BUY
2016-01-25T01:16:21.043000;2016-01-25T01:16:21.070000;c16bb70d-a771-4e5d-ab05-5829d67bff8b;396.75;0.0157;SELL
2016-01-25T01:16:21.043000;2016-01-25T01:16:21.087000;b8a020f2-6c7c-4531-9b70-5fe615dceb34;396.75;0.106;SELL
2016-01-25T01:16:21.043000;2016-01-25T01:16:21.087000;ac84a173-a61d-4262-a9cf-dfbc76001b45;396.7;0.3783;SELL
2016-01-25T01:16:32.673000;2016-01-25T01:16:32.710000;f309a3ea-e1e8-4f9d-87f4-14efac3183be;396.63;1.343;SELL
2016-01-25T01:17:01.753000;2016-01-25T01:17:01.790000;99de5a77-4eb1-4258-8519-9c4d31c16811;396.54;0.01;BUY
2016-01-25T01:17:01.773000;2016-01-25T01:17:01.803000;3703d258-f703-469a-a70b-2da77df06afe;396.54;0.01;BUY
2016-01-25T01:17:02.147000;2016-01-25T01:17:02.163000;be21eb4b-fb63-4c16-af7b-eb9d30a74400;396.53;0.01;BUY
2016-01-25T01:18:01.967000;2016-01-25T01:18:01.990000;e291829a-98e4-43d7-84bf-baf6f006554e;396.51;0.01;BUY
2016-01-25T01:18:02.070000;2016-01-25T01:18:02.100000;84139f95-edbe-4f37-8492-c860a80c09ab;396.51;0.01;BUY
2016-01-25T01:18:02.430000;2016-01-25T01:18:02.477000;c42cf131-ea3a-4fee-823b-07e2407ea896;396.51;0.01;BUY
2016-01-25T01:18:18.060000;2016-01-25T01:18:18.100000;2c8fded7-07ab-445f-84cc-19c3ac0661f1;396.5;0.01;SELL
2016-01-25T01:18:18.060000;2016-01-25T01:18:18.100000;a3269b09-2299-4840-abd9-8f970d2b93c4;396.5;0.109;SELL
2016-01-25T01:18:18.060000;2016-01-25T01:18:18.100000;493ee36d-afb7-45ad-9942-bbe3c1f6f9e7;396.49;0.01;SELL
2016-01-25T01:18:18.060000;2016-01-25T01:18:18.117000;8d4ac091-89d0-4e25-a50a-f26d6f06bcf3;396.49;0.03695842;SELL
2016-01-25T01:18:18.060000;2016-01-25T01:18:18.133000;42ad807b-dd16-477c-ac28-5e64dd298684;396.45;0.1;SELL
2016-01-25T01:18:18.060000;2016-01-25T01:18:18.133000;9f2cfb48-1fee-44dd-998e-cc7f656d3c82;396.4;0.102;SELL
2016-01-25T01:18:18.060000;2016-01-25T01:18:18.133000;a6f2c707-12d6-4680-9aa9-8465cc88e8aa;396.35;0.123;SELL
2016-01-25T01:18:18.060000;2016-01-25T01:18:18.147000;9dcb3c91-359f-4e8d-8c6b-22f55782d13c;396.34;6.607;SELL
2016-01-25T01:18:18.060000;2016-01-25T01:18:18.147000;29a82dbb-fb95-4dc6-bbad-b3c6e294222c;396.33;8.79367;SELL
2016-01-25T01:18:18.063000;2016-01-25T01:18:18.147000;47904013-9570-4cdb-b071-3ffe1e4f5a0c;396.32;4.10837158;SELL
2016-01-25T01:18:28.557000;2016-01-25T01:18:28.587000;688b7703-8980-4364-8f85-095529ea2a56;396.34;1.284;SELL
2016-01-25T01:18:28.557000;2016-01-25T01:18:28.587000;59c3d462-38f3-4dac-b452-d8ce21c240df;396.33;5.149;SELL
2016-01-25T01:18:28.557000;2016-01-25T01:18:28.587000;e87a4af6-bd64-4c39-b299-ff07b15fddf8;396.32;2.56462842;SELL
2016-01-25T01:18:28.557000;2016-01-25T01:18:28.600000;f33309c0-1136-489f-965a-66d85836a529;396.31;0.01;SELL
2016-01-25T01:18:28.557000;2016-01-25T01:18:28.600000;926615bc-0c91-4423-8aca-9ec85ebdb4a0;396.29;1.242;SELL
2016-01-25T01:18:28.557000;2016-01-25T01:18:28.600000;10c17360-e74e-473a-8cf0-0216162cf144;396.24;1.257;SELL
2016-01-25T01:18:28.557000;2016-01-25T01:18:28.600000;0d2f974e-0136-4637-8bbe-167108da6f52;396.19;1.77;SELL
2016-01-25T01:18:28.557000;2016-01-25T01:18:28.600000;acaf8457-2a36-4f19-8c92-39a4c69dda8e;396.18;0.39;SELL
2016-01-25T01:18:28.557000;2016-01-25T01:18:28.617000;226dedbf-b962-4546-a325-71e70d1fd675;396.15;0.072;SELL
2016-01-25T01:18:28.557000;2016-01-25T01:18:28.617000;a13efe49-8738-4166-a87d-b17010f870f8;396.12;5.5;SELL
2016-01-25T01:18:28.557000;2016-01-25T01:18:28.617000;9f9a21de-051d-4b5d-98cc-94e4315eb3b9;396.11;0.01;SELL
2016-01-25T01:18:28.557000;2016-01-25T01:18:28.617000;c9704d97-145e-4cc2-af99-dc79a6cbf75e;396.11;0.75137158;SELL
2016-01-25T01:18:38.787000;2016-01-25T01:18:38.820000;36079c92-6450-451f-9552-b358072a2b68;396.35;0.37;SELL
2016-01-25T01:18:38.787000;2016-01-25T01:18:38.820000;4ff2c1e7-4b8d-4e40-b326-b0c1f05dc823;396.34;5.784;SELL
2016-01-25T01:18:38.787000;2016-01-25T01:18:38.837000;6459a21f-8e45-431c-badb-7494ee15f135;396.33;8.7985;SELL
2016-01-25T01:18:38.787000;2016-01-25T01:18:38.837000;23195430-fb21-411b-af90-2be1e1beb21b;396.32;5.0475;SELL
2016-01-25T01:18:42.190000;2016-01-25T01:18:42.210000;79df965a-efc7-4c78-b26e-0e09462bc54b;396.47;2.42;BUY
2016-01-25T01:18:46.530000;2016-01-25T01:18:46.553000;d42fbba7-c2e4-4771-aede-97f55bd3d385;396.48;1.06;SELL
2016-01-25T01:18:46.530000;2016-01-25T01:18:46.570000;fd17df3b-41a1-4cd9-8d44-7a50e1551101;396.47;18.94;SELL
2016-01-25T01:19:01.660000;2016-01-25T01:19:01.680000;05fbc5ca-a729-4838-8309-06861c6cf85d;396.43;0.01;BUY
2016-01-25T01:19:09.353000;2016-01-25T01:19:09.383000;ff3a4aef-2500-467c-b8f7-3d6c3490463e;396.44;0.37;SELL
2016-01-25T01:19:09.353000;2016-01-25T01:19:09.397000;a8c8aef8-e527-45f3-af8a-b63f9b815ba3;396.44;0.01;SELL
2016-01-25T01:19:09.353000;2016-01-25T01:19:09.397000;4fbd7aba-0fae-4c78-b7a5-6391e9f60a5f;396.44;0.13;SELL
2016-01-25T01:19:09.353000;2016-01-25T01:19:09.397000;5e942cff-88b9-4bbb-82cc-91053a19374a;396.43;0.01;SELL
2016-01-25T01:19:09.353000;2016-01-25T01:19:09.397000;37891d75-13ab-47d1-92c2-c9ab1b0371d8;396.43;0.01;SELL
2016-01-25T01:19:09.353000;2016-01-25T01:19:09.413000;9d41bd53-a0a0-4805-a916-00e120902357;396.35;19.47;SELL
2016-01-25T01:19:10.863000;2016-01-25T01:19:10.883000;0f363e4f-9899-4ebc-995e-9dbcbb3f9498;396.36;0.37;SELL
2016-01-25T01:19:10.863000;2016-01-25T01:19:10.897000;9133bffa-ff97-4ffe-996e-537d570856f0;396.35;5.34;SELL
2016-01-25T01:20:02.117000;2016-01-25T01:20:02.147000;db1fe664-0e49-4f70-9089-48e3a8e983fe;396.45;0.01;BUY
2016-01-25T01:20:02.273000;2016-01-25T01:20:02.290000;59567591-5e8c-48e5-88a7-57622087b0ee;396.44;0.01;BUY
2016-01-25T01:20:02.577000;2016-01-25T01:20:02.600000;f4da4679-c1bf-4d2d-acd0-cf39bd75566a;396.43;0.01;BUY
2016-01-25T01:21:29.757000;2016-01-25T01:21:29.773000;78169bca-8c21-4495-bb11-faf214c48f0e;396.39;0.02;BUY
2016-01-25T01:21:36.477000;2016-01-25T01:21:36.493000;fe98e987-b56e-4662-ad46-483ee91e6be4;396.37;0.045;BUY
2016-01-25T01:21:56.453000;2016-01-25T01:21:56.500000;b6eec32c-e79f-47f1-b535-d78e11316e2b;396.38;0.06387985;BUY
2016-01-25T01:22:25.513000;2016-01-25T01:22:25.563000;e4dc661c-7a8f-4ee7-84c2-1a1d4043d982;396.36;0.01;BUY
2016-01-25T01:24:58.543000;2016-01-25T01:24:58.577000;202e5e4e-6189-4a3f-a814-4cb31c18a82d;396.36;0.5;BUY
2016-01-25T01:25:07.633000;2016-01-25T01:25:07.673000;bf5d0660-30da-4cc9-886d-22bbd32bd028;396.36;0.49;BUY
2016-01-25T01:25:20.163000;2016-01-25T01:25:20.203000;43898c1a-6a60-462a-abad-c2e81a814aca;396.59;0.01;BUY
2016-01-25T01:25:20.163000;2016-01-25T01:25:20.220000;aa26a07b-7e47-4411-a382-b6bd6d7765a1;396.68;0.01;BUY
2016-01-25T01:25:20.163000;2016-01-25T01:25:20.220000;c86ff4fa-970a-4a89-92a2-c8202eb50622;396.79;0.01;BUY
2016-01-25T01:25:20.163000;2016-01-25T01:25:20.220000;ef08536d-bc00-4c63-bcf1-c2c36ce53fc7;396.8;0.04;BUY
2016-01-25T01:25:20.163000;2016-01-25T01:25:20.220000;8b7a1190-5f84-4267-9cf1-7c9ccd04df17;396.87;0.43;BUY
2016-01-25T01:25:27.937000;2016-01-25T01:25:27.983000;cd6ac56a-c281-4fa8-b932-b772c18d4f07;396.82;0.03;BUY
2016-01-25T01:25:27.937000;2016-01-25T01:25:27.983000;34c19e95-1a9b-4bb9-ae83-20eb1c806874;396.82;0.03;BUY
2016-01-25T01:26:26.120000;2016-01-25T01:26:26.157000;d00f86fe-d87f-43b8-a13b-05841759f199;396.89;0.01;BUY
2016-01-25T01:26:26.120000;2016-01-25T01:26:26.173000;e402d6ae-8c8c-42b6-b8c9-da7a0fd10ac2;396.89;0.2502;BUY
2016-01-25T01:29:59.977000;2016-01-25T01:30:00.017000;e9a3fcc2-45b4-48e3-b848-3481d6bc647e;396.95;0.01;BUY
2016-01-25T01:29:59.977000;2016-01-25T01:30:00.017000;17e05565-95fe-4ae3-832d-46effc81a6b4;396.95;0.34180973;BUY
2016-01-25T01:30:04.397000;2016-01-25T01:30:04.437000;5b5a14b5-c6ca-4183-b258-0259df8ab1a9;396.94;0.37;SELL
2016-01-25T01:30:04.397000;2016-01-25T01:30:04.437000;ec3b7318-6cec-4e02-95e9-945bdb63833e;396.94;1.9568;SELL
2016-01-25T01:32:33.103000;2016-01-25T01:32:33.140000;efce3eeb-07d9-40f5-be44-27ba571dd5fe;396.95;0.15819027;BUY
2016-01-25T01:32:33.103000;2016-01-25T01:32:33.157000;613a8e62-b42b-4bf4-9375-bd580ca8296b;396.95;0.5;BUY
2016-01-25T01:32:33.103000;2016-01-25T01:32:33.157000;734d6dd5-787a-48db-80c0-4acc23e256cd;396.95;0.5;BUY
2016-01-25T01:32:33.107000;2016-01-25T01:32:33.157000;4e22859c-ce95-4645-a80f-ce9af6ee98d1;396.95;0.5;BUY
2016-01-25T01:32:33.107000;2016-01-25T01:32:33.157000;57d5321c-3c76-49ee-8753-b9802a0c4247;396.95;0.2736;BUY
2016-01-25T01:32:33.107000;2016-01-25T01:32:33.233000;f1eb43d7-a362-42f7-9f72-ec6b48df1fa1;396.97;0.01;BUY
2016-01-25T01:32:33.107000;2016-01-25T01:32:33.233000;b604cb3d-a335-41ae-8f36-5386938e16e0;397.0;0.01;BUY
2016-01-25T01:32:33.107000;2016-01-25T01:32:33.233000;922c82aa-3865-48bc-a250-501f3ce01c19;397.03;0.01;BUY
2016-01-25T01:32:33.107000;2016-01-25T01:32:33.233000;9c6d524c-3183-4807-b7db-6b2eb740fecb;397.06;0.0157;BUY
2016-01-25T01:32:33.107000;2016-01-25T01:32:33.233000;fbfcdd5d-b06f-4f25-8200-06b035f50942;397.06;0.8;BUY
2016-01-25T01:32:33.107000;2016-01-25T01:32:33.233000;493f0ac2-7ea6-4085-b5f7-8e7ac71d1777;397.07;8.74848;BUY
2016-01-25T01:32:33.107000;2016-01-25T01:32:33.233000;86340da3-1e13-4498-b77c-2650b9531d97;397.08;0.88;BUY
2016-01-25T01:32:33.107000;2016-01-25T01:32:33.233000;d530867b-6e24-4289-96c2-fc96930c870e;397.1;0.05;BUY
2016-01-25T01:32:33.107000;2016-01-25T01:32:33.233000;fe22b2c9-848f-4bd0-9156-6cad637496b7;397.12;0.01;BUY
2016-01-25T01:32:33.107000;2016-01-25T01:32:33.233000;354a353d-e65c-4c42-9fa3-ee079d3136b6;397.13;0.01;BUY
2016-01-25T01:32:33.107000;2016-01-25T01:32:33.233000;5039e085-bc00-40ec-a0f2-6f056f890375;397.14;0.01;BUY
2016-01-25T01:32:38.687000;2016-01-25T01:32:38.720000;c9731c14-dcac-45d3-bdef-6c11f7f1cc76;397.15;0.01;BUY
2016-01-25T01:32:38.687000;2016-01-25T01:32:38.733000;0d7f1062-6783-4787-8e15-f88f760ae290;397.2;0.01;BUY
2016-01-25T01:32:38.687000;2016-01-25T01:32:38.733000;5bfa8a2b-b38d-4dda-b0db-9071c6c58a61;397.3;0.02;BUY
2016-01-25T01:32:38.687000;2016-01-25T01:32:38.733000;ad0ff692-65f4-42e0-abf0-82e7ffe075a4;397.38;0.06;BUY
2016-01-25T01:32:48.290000;2016-01-25T01:32:48.313000;2bcdaa2e-dffb-4955-978c-8b4bdf18356d;397.39;0.01;BUY
2016-01-25T01:32:48.290000;2016-01-25T01:32:48.313000;f63cb550-1e1b-43d3-8fbe-257e34af6646;397.4;0.01;BUY
2016-01-25T01:32:48.290000;2016-01-25T01:32:48.327000;1e28e1e6-c288-4a84-9c39-7fefd30350bc;397.4;0.05;BUY
2016-01-25T01:32:48.290000;2016-01-25T01:32:48.327000;e1bf19ae-44d9-4449-aa19-07f02eaacd19;397.42;0.01;BUY
2016-01-25T01:32:48.290000;2016-01-25T01:32:48.327000;ca5b38a8-97ec-43fc-ae92-7484444d94f6;397.43;0.02;BUY
2016-01-25T01:34:27.843000;2016-01-25T01:34:27.860000;8922e9a8-3dd4-45f1-811a-7998198a3865;397.44;0.19576662;BUY
2016-01-25T01:35:07.793000;2016-01-25T01:35:07.813000;a0a87cdf-c672-4ad1-9afc-944c7534a516;397.43;0.37;SELL
2016-01-25T01:35:07.793000;2016-01-25T01:35:07.813000;907609c1-63b2-405a-a7c4-4349bdfb70f7;397.43;0.74;SELL
2016-01-25T01:35:07.793000;2016-01-25T01:35:07.813000;63234e5e-55e6-4612-ac64-7dbe53dbf3f7;397.43;0.365;SELL
2016-01-25T01:35:07.793000;2016-01-25T01:35:07.843000;e3d872e2-f503-4aa8-9fb2-ebeca000fefe;397.41;0.37;SELL
2016-01-25T01:35:48.663000;2016-01-25T01:35:48.687000;71764aff-d914-46de-bb09-22f69b8d7919;397.34;0.01;SELL
2016-01-25T01:35:48.663000;2016-01-25T01:35:48.687000;efc50ac9-05ff-4233-a976-16b1b240c607;397.34;0.079;SELL
2016-01-25T01:35:48.663000;2016-01-25T01:35:48.687000;49a3c64c-0e53-48a0-adba-1792924c63c3;397.33;0.01;SELL
2016-01-25T01:35:48.663000;2016-01-25T01:35:48.687000;f624c277-2787-4263-87b6-52065952dbd8;397.29;0.121;SELL
2016-01-25T01:36:05.327000;2016-01-25T01:36:05.343000;9169f975-92c8-4eb1-af08-3e75cf5f5816;397.21;0.01;SELL
2016-01-25T01:36:32.587000;2016-01-25T01:36:32.610000;13db88b4-a8f5-4bc7-8712-e05b2393eb86;397.19;8.7976;SELL
2016-01-25T01:36:32.587000;2016-01-25T01:36:32.610000;a05fb61c-33f5-4452-8ac7-e8c5d3ce8df5;397.16;0.8;SELL
2016-01-25T01:37:14.690000;2016-01-25T01:37:14.737000;c5ce087b-9cbb-424d-8ec5-7eead546f1ad;397.09;0.01;SELL
2016-01-25T01:37:14.690000;2016-01-25T01:37:14.753000;25e21291-d639-4c20-be95-f4579df0ad6d;397.07;0.01;SELL
2016-01-25T01:51:19.023000;2016-01-25T01:51:19.033000;2288bbe3-8d51-48ca-bd7b-e40c59fc2e0b;397.27;0.01;BUY
2016-01-25T01:51:31.690000;2016-01-25T01:51:31.690000;e9069efc-b978-40fe-9dee-767d20bc89e6;397.39;0.01;BUY
2016-01-25T01:51:37.790000;2016-01-25T01:51:37.800000;dad3c569-c37a-44a4-be55-6ee0c86093b9;397.44;0.48523338;BUY
2016-01-25T01:51:51.313000;2016-01-25T01:51:51.317000;b8b1c6ea-26cc-4ef6-a183-367fc6d90ce1;397.51;0.01;BUY
2016-01-25T01:51:54.067000;2016-01-25T01:51:54.080000;7183e158-b325-4974-b4ca-441555afd4f2;397.52;0.01;BUY
2016-01-25T01:51:54.067000;2016-01-25T01:51:54.097000;d37a9d5c-5619-4bb4-8ebd-d23033d184d8;397.55;0.01;BUY
2016-01-25T01:51:54.067000;2016-01-25T01:51:54.097000;6e2f591f-b65d-4352-8cb6-da0c52f378e8;397.57;0.01;BUY
2016-01-25T01:52:05.477000;2016-01-25T01:52:05.503000;7fd40464-4857-4b9b-b4a5-72729855b1cd;397.63;0.01;BUY
2016-01-25T01:52:05.477000;2016-01-25T01:52:05.503000;aec03860-0175-45d9-a78c-2216f9bbcbfe;397.64;0.01;BUY
2016-01-25T01:52:05.477000;2016-01-25T01:52:05.503000;6e23be6b-28c9-4bbb-a614-4ce3a6d3c821;397.66;0.01;BUY
2016-01-25T01:52:05.480000;2016-01-25T01:52:05.520000;ee848132-d7d1-4309-bd41-c57dbcb923ed;397.68;0.01;BUY
2016-01-25T01:52:05.480000;2016-01-25T01:52:05.533000;25160aeb-fe2c-4d36-80d4-8557040b411f;397.7;0.05;BUY
2016-01-25T01:52:05.480000;2016-01-25T01:52:05.533000;1fb944ef-fb8f-4975-ae9a-1056ee130620;397.76;0.33;BUY
2016-01-25T01:52:05.480000;2016-01-25T01:52:05.533000;75af7a0c-cc28-4d65-954c-9eb695de3c7f;397.77;0.01;BUY
2016-01-25T01:52:05.480000;2016-01-25T01:52:05.533000;bd9a453c-65cb-413c-91f7-e348e4e32bd9;397.77;0.02;BUY
2016-01-25T01:52:05.480000;2016-01-25T01:52:05.567000;23fb5aa0-280c-44d3-b87c-0981cd4a7bc6;397.77;0.8;BUY
2016-01-25T01:52:05.480000;2016-01-25T01:52:05.580000;018c3194-de4b-4aa5-ab5c-7dce274632b2;397.78;2.0642139;BUY
2016-01-25T01:52:24.157000;2016-01-25T01:52:24.090000;3f2ef279-4109-4751-ae54-9c4b85737a73;397.8;0.01;BUY
2016-01-25T01:52:24.897000;2016-01-25T01:52:24.827000;66bb6844-41c4-45d1-b388-749051cf9b83;397.81;0.01;BUY
2016-01-25T01:52:24.897000;2016-01-25T01:52:24.840000;806e9c53-1e8b-46ff-8f30-87b55c8a8c40;397.86;0.01;BUY
2016-01-25T01:52:24.897000;2016-01-25T01:52:24.840000;510dfdb6-c97b-4783-ac76-560338434269;397.88;0.01;BUY
2016-01-25T01:52:24.897000;2016-01-25T01:52:24.840000;5f1a7233-fa51-4be2-9113-0a4a97ea6a64;397.91;0.01;BUY
2016-01-25T01:52:24.897000;2016-01-25T01:52:24.840000;b0bb5229-1dcb-43ca-8ecc-d268bf001f00;397.94;8.76975;BUY
2016-01-25T01:52:24.897000;2016-01-25T01:52:24.840000;46c580a2-e0d6-4bd2-bf8f-a2319d9aadfa;397.95;11.95;BUY
2016-01-25T01:52:26.443000;2016-01-25T01:52:26.403000;8ff9a31c-7753-45f3-8da0-8e88bdbb493e;398.0;0.05;BUY
2016-01-25T01:52:26.443000;2016-01-25T01:52:26.403000;f2f39dbc-9a53-4551-afd0-671d748b8cea;398.0;0.01;BUY
2016-01-25T01:52:26.447000;2016-01-25T01:52:26.403000;10ff6507-88fb-4585-83cf-c7a9a9e13523;398.02;0.01;BUY
2016-01-25T01:52:32.323000;2016-01-25T01:52:32.263000;06bc93fe-ebec-4911-a047-424445522556;398.11;0.37479709;BUY
2016-01-25T01:52:34.647000;2016-01-25T01:52:34.590000;97194fe1-f872-4b15-a5ce-e73965ca19bc;398.12;0.01;BUY
2016-01-25T01:52:34.647000;2016-01-25T01:52:34.623000;28b8065b-6d5e-4387-881d-542a2a74d368;398.15;0.01;BUY
2016-01-25T01:52:50.137000;2016-01-25T01:52:50.077000;e87eefb6-d666-4c2f-91f0-562d38c29cd3;398.24;0.02;BUY
2016-01-25T01:53:01.080000;2016-01-25T01:53:01.013000;87d92e9d-e53c-4ad3-9a52-7e831d81548c;398.3;0.05;BUY
2016-01-25T01:53:18.100000;2016-01-25T01:53:18.030000;a144f55f-a650-46ae-be1c-6ad187015fc3;398.3;0.8;SELL
2016-01-25T01:53:18.100000;2016-01-25T01:53:18.043000;91c33207-0d26-47a0-b51f-c73d7dea0f7c;398.3;0.37;SELL
2016-01-25T01:53:18.100000;2016-01-25T01:53:18.043000;dc912362-4f98-49d5-a13e-e41f80845449;398.3;1.011;SELL
2016-01-25T01:53:18.100000;2016-01-25T01:53:18.043000;8e10e810-4911-41f9-8718-d9b35fedf345;398.3;0.53;SELL
2016-01-25T01:53:18.100000;2016-01-25T01:53:18.043000;552d3810-b46e-40af-a04c-91c190c869b7;398.3;7.289;SELL
2016-01-25T01:54:01.960000;2016-01-25T01:54:01.890000;8d45dac7-9d87-4c2e-8fda-39a96a4e799c;398.3;0.01;SELL
2016-01-25T01:54:45.770000;2016-01-25T01:54:45.700000;0e35c841-de58-4640-b468-8d2fb8187005;398.24;0.73694799;BUY
2016-01-25T01:54:46.070000;2016-01-25T01:54:45.997000;dde96148-5984-461d-bcb0-09f747a9c163;398.24;0.03305201;BUY
2016-01-25T01:54:46.070000;2016-01-25T01:54:46.013000;eb4ef939-c6ef-4405-bd45-d8450114047c;398.25;0.70389598;BUY
2016-01-25T01:54:47.063000;2016-01-25T01:54:46.997000;ef084ba5-6f20-40e3-9bf7-8ec628eb9ac9;398.27;0.33;BUY
2016-01-25T01:54:47.063000;2016-01-25T01:54:47.013000;105c5aaa-4fe7-4954-8f94-26af61799b21;398.3;0.40694799;BUY
2016-01-25T01:54:47.320000;2016-01-25T01:54:47.263000;1afdfbbe-521d-42ca-8f75-6246f1f801c2;398.29;0.29;BUY
2016-01-25T01:54:47.320000;2016-01-25T01:54:47.263000;5e7cf226-751c-4fe7-885c-ac94fc2bebdf;398.3;0.39305201;BUY
2016-01-25T01:54:47.320000;2016-01-25T01:54:47.263000;32a94c80-f99c-439c-8cf8-a72cc1ba09ae;398.31;0.01;BUY
2016-01-25T01:54:47.320000;2016-01-25T01:54:47.280000;b8252422-2a9f-44e9-88af-c5729fa8736d;398.31;0.04389598;BUY
2016-01-25T01:54:47.583000;2016-01-25T01:54:47.530000;73110f8b-1045-42e8-8458-62d332b9ef02;398.28;0.22;BUY
2016-01-25T01:54:47.583000;2016-01-25T01:54:47.530000;3aa1a7e7-a597-41a1-a2ce-eb3fa75f6d57;398.29;0.11;BUY
2016-01-25T01:54:47.583000;2016-01-25T01:54:47.530000;aa45b603-652d-464c-93cb-848cf6f11b97;398.31;0.35610402;BUY
2016-01-25T01:54:47.583000;2016-01-25T01:54:47.530000;cd7cb4a7-f12d-46a7-b76d-89bc3b13b5d8;398.34;0.05084397;BUY
2016-01-25T01:55:02.020000;2016-01-25T01:55:01.950000;f06e7b22-91e0-47a4-924e-63aa703c2a5c;398.27;0.01;SELL
2016-01-25T01:56:01.940000;2016-01-25T01:56:01.890000;3a152ccb-5f7d-4fec-a51c-33b16708cc1b;398.25;0.01;SELL
2016-01-25T01:57:21.347000;2016-01-25T01:57:21.280000;decde2f0-9f3e-488c-807f-a8e149d86f9b;398.33;0.01;SELL
2016-01-25T01:57:21.347000;2016-01-25T01:57:21.280000;a44f3453-04cd-4cc5-a97a-28bdf3ce8bbf;398.33;0.37;SELL
2016-01-25T01:57:21.347000;2016-01-25T01:57:21.293000;8142e6e1-d4f6-4381-9d7b-fdc688faf596;398.33;0.37;SELL
2016-01-25T01:57:21.347000;2016-01-25T01:57:21.293000;6731b7cf-3b90-4b20-8ca8-ee9ef2a618cf;398.32;0.21;SELL
2016-01-25T01:57:21.347000;2016-01-25T01:57:21.293000;d43989b3-bc9a-442f-b977-42ec42062e89;398.31;0.37;SELL
2016-01-25T01:57:21.350000;2016-01-25T01:57:21.293000;c58f735e-77ae-42b4-9715-038a96977275;398.31;0.02;SELL
2016-01-25T01:57:30.357000;2016-01-25T01:57:30.280000;c368fc36-f380-4abd-9674-992f82df1253;398.31;5.254;SELL
2016-01-25T01:57:30.357000;2016-01-25T01:57:30.293000;d6ef26bb-38ff-4a4a-81c5-7a7aecb39b56;398.31;0.934;SELL
2016-01-25T01:57:30.357000;2016-01-25T01:57:30.293000;dbef0dd9-b690-4531-ad7e-6584de701098;398.27;0.83984;SELL
2016-01-25T01:57:57.640000;2016-01-25T01:57:57.560000;3b0f276a-2d41-4f88-b6f6-3710eba4f928;398.33;0.09780133;BUY
2016-01-25T02:06:54.857000;2016-01-25T02:06:54.763000;4e217900-bc88-456d-81cc-a841a3f60d40;398.36;0.2833767;SELL
2016-01-25T02:07:58.853000;2016-01-25T02:07:58.897000;f23c54b6-bea7-4ac6-90ac-a071ded09611;398.37;0.08;BUY
2016-01-25T02:07:58.853000;2016-01-25T02:07:58.927000;a331f242-90bf-4727-9d14-ecc5897592fd;398.38;0.01;BUY
2016-01-25T02:07:58.853000;2016-01-25T02:07:58.927000;ce34c18a-080c-4258-bfbd-efa8674c0f89;398.38;0.11;BUY
2016-01-25T02:07:58.853000;2016-01-25T02:07:58.927000;06da2197-71ea-420b-94d5-a02acf37b763;398.39;0.01;BUY
2016-01-25T02:07:58.853000;2016-01-25T02:07:58.927000;73f38369-2f55-4224-b0ef-71c994f721b4;398.41;0.66;BUY
2016-01-25T02:07:58.853000;2016-01-25T02:07:59.003000;0c22cc72-ad91-4f0e-ac2f-8d35b8a12cd7;398.42;0.13;BUY
2016-01-25T02:07:58.853000;2016-01-25T02:07:59.003000;13dce13f-f3c5-444b-966d-e67e36c810bb;398.45;1.32;BUY
2016-01-25T02:07:58.853000;2016-01-25T02:07:59.003000;099f404f-325d-488b-a1fe-84e539bcefe8;398.46;0.088;BUY
2016-01-25T02:07:58.853000;2016-01-25T02:07:59.003000;0c0c77a2-0a93-4987-b9b5-e90de5984504;398.46;1.65;BUY
2016-01-25T02:07:58.857000;2016-01-25T02:07:59.003000;801ce3c1-57d9-41dc-bb7f-d509d2d99ba5;398.47;6.442;BUY
2016-01-25T02:08:14.820000;2016-01-25T02:08:14.863000;d8c52c1f-f978-4f46-b40b-861ccafbd873;398.5;0.22;BUY
2016-01-25T02:08:14.820000;2016-01-25T02:08:14.880000;a387aee5-7c6c-4c89-883a-7f7026c74358;398.51;0.01;BUY
2016-01-25T02:08:14.820000;2016-01-25T02:08:14.880000;5406b486-ace1-4f05-85d4-73b5ef3619b7;398.52;0.08979799;BUY
2016-01-25T02:08:39.163000;2016-01-25T02:08:39.207000;1f47fe72-6679-4a5a-b3ab-8ef311019be1;398.54;0.01967131;SELL
2016-01-25T02:15:59.877000;2016-01-25T02:15:59.910000;6c4a6964-9078-4455-9b1b-72a17a95a353;398.54;4.0;SELL
2016-01-25T02:15:59.877000;2016-01-25T02:15:59.910000;15fe4306-30c5-42ed-8f98-b89c6a4cedcb;398.54;0.2504;SELL
2016-01-25T02:15:59.877000;2016-01-25T02:15:59.910000;49e33379-5356-49b0-a4db-210168428e7d;398.54;0.37;SELL
2016-01-25T02:15:59.877000;2016-01-25T02:15:59.910000;ade9fd90-d4a0-402c-9e62-c8ccd4598137;398.54;0.8;SELL
2016-01-25T02:15:59.877000;2016-01-25T02:15:59.910000;5c7a01f3-5c2e-4578-82d2-15ebd643232b;398.54;8.72584;SELL
2016-01-25T02:15:59.877000;2016-01-25T02:15:59.910000;37b2c118-457a-4725-a802-e3e0f456d137;398.54;0.08;SELL
2016-01-25T02:15:59.877000;2016-01-25T02:15:59.910000;6014b55e-e9be-441f-be63-7b1e1c53fd8a;398.53;5.222;SELL
2016-01-25T02:15:59.877000;2016-01-25T02:15:59.943000;5a8880b0-e2ba-4940-9fa6-866b946ab984;398.53;0.06;SELL
2016-01-25T02:15:59.877000;2016-01-25T02:15:59.943000;b9cf70f6-5014-4011-af37-30f8523bb812;398.52;0.01;SELL
2016-01-25T02:15:59.880000;2016-01-25T02:15:59.943000;1bf0ab75-70b5-4c39-bcc4-93092b805ad1;398.52;4.09;SELL
2016-01-25T02:15:59.880000;2016-01-25T02:15:59.943000;f679338d-4123-414c-87c1-d36383d3f43d;398.5;0.015;SELL
2016-01-25T02:15:59.880000;2016-01-25T02:15:59.943000;a30fe86a-3e61-4a61-8e5e-754021c4f4c8;398.5;1.37676;SELL
2016-01-25T02:21:07.513000;2016-01-25T02:21:07.520000;f2c9248f-688c-4c7c-970a-487f351192c8;398.54;0.01898821;BUY
2016-01-25T02:22:44.473000;2016-01-25T02:22:44.520000;51e04bf2-5df3-4bda-9ee8-5cd3727a1c97;398.54;0.1;BUY
2016-01-25T02:22:44.473000;2016-01-25T02:22:44.520000;e39b8756-5b1f-44af-a426-8212eb2ba02f;398.54;0.276;BUY
2016-01-25T02:22:44.473000;2016-01-25T02:22:44.537000;67685d64-4491-4abb-a51d-3c53bb3c37f4;398.55;0.088;BUY
2016-01-25T02:22:44.473000;2016-01-25T02:22:44.537000;cd26093a-c109-4d76-b9df-7e9e3154ae2a;398.55;0.0365771;BUY
2016-01-25T02:25:14.347000;2016-01-25T02:25:14.397000;e30e1976-e27e-4401-9495-b483d876865f;398.54;1.35;SELL
2016-01-25T02:25:14.347000;2016-01-25T02:25:14.397000;d8dc5c2f-32f6-405f-9d54-59b1d868a362;398.51;0.01;SELL
2016-01-25T02:25:14.347000;2016-01-25T02:25:14.397000;d5c3f466-908d-4047-b370-9148438eabbe;398.49;0.17;SELL
2016-01-25T02:25:14.347000;2016-01-25T02:25:14.397000;15e75b7e-edb7-440e-aaa8-be301293e1fb;398.41;0.8;SELL
2016-01-25T02:25:47.030000;2016-01-25T02:25:47.067000;4ad1c8b7-7c8b-4297-a37e-f06757fd9895;398.3;0.01;SELL
2016-01-25T02:25:47.030000;2016-01-25T02:25:47.083000;8205b6f5-cc6f-410f-bb16-069b4937eb04;398.21;0.1352822;SELL
2016-01-25T02:25:53.837000;2016-01-25T02:25:53.867000;51bd13c0-202b-47f6-8fa1-c47bf08733eb;398.21;31.8647178;SELL
2016-01-25T02:26:03.100000;2016-01-25T02:26:03.130000;4e8bbadb-c05b-43cf-9298-8a8c0ccc182c;398.18;0.01;SELL
2016-01-25T02:26:03.103000;2016-01-25T02:26:03.147000;363958f7-7ee6-492d-93a1-dd681ad2d4a3;398.17;0.73694799;SELL
2016-01-25T02:26:03.103000;2016-01-25T02:26:03.147000;1d3d2466-1194-4ffa-aabc-4ee44184b3b0;398.15;0.01;SELL
2016-01-25T02:27:06.407000;2016-01-25T02:27:06.443000;69e4490e-fd87-403e-8a8e-37fdbdb0eafd;398.09;0.01;SELL
2016-01-25T02:28:06.620000;2016-01-25T02:28:06.663000;66e1aad2-e585-4c8d-b880-185f1f2aa628;398.08;0.22;SELL
2016-01-25T02:28:14.703000;2016-01-25T02:28:14.740000;f8dc9d67-7270-484b-9433-f9ea90dbb047;398.08;0.51694799;SELL
2016-01-25T02:28:14.703000;2016-01-25T02:28:14.740000;a7c01b4d-e6c7-49c1-8653-3e858da7a8c2;398.0;0.5;SELL
2016-01-25T02:28:14.703000;2016-01-25T02:28:14.757000;5df30963-577c-4b4e-89fb-820387763968;398.0;0.019;SELL
2016-01-25T02:28:14.703000;2016-01-25T02:28:14.757000;afb4b538-64a2-4954-a208-d7f67c5b8493;397.99;0.73694799;SELL
2016-01-25T02:28:14.703000;2016-01-25T02:28:14.757000;629f0135-16db-4cf7-885b-4df3d6bdd3f4;397.91;8.77035;SELL
2016-01-25T02:28:14.703000;2016-01-25T02:28:14.770000;41ba430d-1e97-43fd-84ff-70b650e6f860;397.9;0.01;SELL
2016-01-25T02:28:14.703000;2016-01-25T02:28:14.770000;5affbb22-9a6f-43e4-83b4-c12e8530fae5;397.9;0.73694799;SELL
2016-01-25T02:29:06.297000;2016-01-25T02:29:06.317000;686cc516-a1af-4411-827b-485901f267d7;397.81;0.73694799;SELL
2016-01-25T02:29:06.297000;2016-01-25T02:29:06.333000;11416e6b-97e7-48cc-9852-c63e1c96da84;397.71;0.01;SELL
2016-01-25T02:29:06.300000;2016-01-25T02:29:06.333000;282e74f5-4151-4fd5-bb65-0b0ea94bf204;397.55;0.05;SELL
2016-01-25T02:29:06.300000;2016-01-25T02:29:06.333000;cac27369-519e-4371-b204-5374c62aad68;397.46;0.01;SELL
2016-01-25T02:29:06.300000;2016-01-25T02:29:06.333000;e27c69ef-7c10-415d-8b0d-0b076c8b8b0c;397.43;1.51938033;SELL
2016-01-25T02:29:12.590000;2016-01-25T02:29:12.617000;d30b0e9e-2ef8-4752-9c64-d0fcd7382fe7;397.73;0.5;BUY
2016-01-25T02:31:20.877000;2016-01-25T02:31:20.897000;a456be30-4556-4ec9-9f4a-fa3158a40b0c;397.63;0.101607;BUY
2016-01-25T02:33:54.540000;2016-01-25T02:33:54.553000;bb869459-a458-4c58-a3d3-92bbc38b5c2f;397.65;0.03;BUY
2016-01-25T02:33:54.540000;2016-01-25T02:33:54.570000;9a33c2e7-4f39-4faa-ac14-4c337627a35c;397.65;0.04;BUY
2016-01-25T02:38:27.383000;2016-01-25T02:38:27.493000;23e7ef76-328a-4c90-bb7d-761b3400516e;397.61;1.806;BUY
2016-01-25T02:38:27.383000;2016-01-25T02:38:27.493000;71d8dc7f-4aa6-407b-814f-c42567901609;397.61;2.95879383;BUY
2016-01-25T02:38:51.613000;2016-01-25T02:38:51.727000;275cee6a-e4ca-4836-a0af-50fad90be0a0;397.61;0.06271888;BUY
2016-01-25T02:39:46.110000;2016-01-25T02:39:46.227000;f897b0a2-30b8-4431-9fc4-eafc5a4a4dee;397.61;0.01003502;BUY
2016-01-25T02:39:55.947000;2016-01-25T02:39:56.053000;ec371f4e-f0f8-4e74-a649-7497cb61db95;397.62;1.718;SELL
2016-01-25T02:40:22.170000;2016-01-25T02:40:22.290000;d10e8e1c-4bc2-461d-b138-78c7a3f3df4c;397.64;0.05564;BUY
2016-01-25T02:42:09.290000;2016-01-25T02:42:09.400000;8554fd9f-20a9-46ce-94bc-0a0677b92363;397.63;1.34;SELL
2016-01-25T02:43:59.317000;2016-01-25T02:43:59.413000;6cf2aa41-55f4-4a4c-bf49-cc80ad2fc59c;397.65;5.96;BUY
2016-01-25T02:44:12.890000;2016-01-25T02:44:12.977000;45018b75-72d3-41c2-a9db-089587638e9c;397.69;0.03;BUY
2016-01-25T02:44:12.890000;2016-01-25T02:44:12.993000;c9392ba7-5051-4fd0-b465-830a2bbb2871;397.73;0.01;BUY
2016-01-25T02:45:30.637000;2016-01-25T02:45:30.743000;182576a2-28e3-4fbe-a239-cb5d5c23b718;397.94;0.01;BUY
2016-01-25T02:45:30.637000;2016-01-25T02:45:30.743000;69cb8ed6-804b-4861-a26c-b991ccc6ef24;398.09;1.6;BUY
2016-01-25T02:45:30.637000;2016-01-25T02:45:30.743000;3e9bd68d-24c9-4330-8b9b-c4e49e357021;398.1;8.74574;BUY
2016-01-25T02:45:30.637000;2016-01-25T02:45:30.743000;5d9071cb-e1cf-452e-90b2-18b3e280290a;398.19;0.01;BUY
2016-01-25T02:45:30.637000;2016-01-25T02:45:30.773000;232c7a19-d74c-4875-ba0a-bb71079ab70f;398.27;0.01;BUY
2016-01-25T02:45:30.640000;2016-01-25T02:45:30.773000;5a5da69d-131d-4823-8900-83fe7b8aaf1f;398.3;0.05;BUY
2016-01-25T02:45:30.640000;2016-01-25T02:45:30.773000;89decce2-fc8a-4afb-a7d5-6b248212a8a5;398.35;0.375;BUY
2016-01-25T02:45:30.640000;2016-01-25T02:45:30.773000;16ec51eb-77be-4d42-8597-f0c0c0bc61fe;398.36;0.01;BUY
2016-01-25T02:45:30.640000;2016-01-25T02:45:30.773000;fe6b65cb-da7b-4491-ba8f-cd0494464f5f;398.38;0.01;BUY
2016-01-25T02:45:30.640000;2016-01-25T02:45:30.773000;d613a67a-4737-46f3-be0c-54c082bfb65c;398.44;1.62;BUY
2016-01-25T02:45:30.640000;2016-01-25T02:45:30.773000;fee3cee3-bd6a-4320-921b-c3021a8103f0;398.55;11.1;BUY
2016-01-25T02:45:30.640000;2016-01-25T02:45:30.773000;da9e36a2-4b76-48b0-a672-57c0564a60da;398.56;0.02173278;BUY
2016-01-25T02:45:30.640000;2016-01-25T02:45:30.773000;eaf2d142-37a8-44f0-bdbb-2f4d77999f77;398.56;2.13752722;BUY
2016-01-25T02:47:20.970000;2016-01-25T02:47:21.057000;27b4e0d8-814b-4cdd-9a40-135fce3a032d;398.57;0.01;BUY
2016-01-25T02:47:20.970000;2016-01-25T02:47:21.070000;d6bfe84b-9ee9-4f17-a354-ebe2c3776009;398.6;0.05;BUY
2016-01-25T02:47:20.973000;2016-01-25T02:47:21.070000;864bd3ad-9221-44f3-96d4-d41eb707af8c;398.63;0.01;BUY
2016-01-25T02:47:20.973000;2016-01-25T02:47:21.070000;03dc53a7-4cca-47d7-9eb4-a9b0f3e5d94b;398.63;0.01;BUY
2016-01-25T02:47:37.033000;2016-01-25T02:47:37.117000;92f14cad-8948-4330-b972-a28d6f224c41;398.66;0.01;BUY
2016-01-25T02:47:37.037000;2016-01-25T02:47:37.133000;61c76a25-5382-4801-a395-e8f968db4ba0;398.69;0.01;BUY
2016-01-25T02:47:37.037000;2016-01-25T02:47:37.133000;fbecdc07-4798-455a-ae94-1b661ddad0f3;398.7;0.01;BUY
2016-01-25T02:47:37.037000;2016-01-25T02:47:37.163000;9689409e-e685-44bb-b256-ad7cfc2ef606;398.7;0.01;BUY
2016-01-25T02:47:37.037000;2016-01-25T02:47:37.163000;2f856104-9934-4cc8-8fec-b46a0f71f64d;398.71;0.02;BUY
2016-01-25T02:47:37.037000;2016-01-25T02:47:37.163000;8a193620-b614-4ae0-957a-38c627ff3676;398.78;0.01;BUY
2016-01-25T02:47:37.037000;2016-01-25T02:47:37.163000;3d9b2ce1-6a67-417e-adbb-b9f1e02cd9e6;398.78;0.01;BUY
2016-01-25T02:47:37.037000;2016-01-25T02:47:37.163000;f2c3b0cf-4459-4d04-8478-2148a60216e2;398.84;0.12;BUY
2016-01-25T02:50:02.897000;2016-01-25T02:50:02.977000;8392c57a-97c7-4a3c-a844-8e4addfe0e79;398.85;0.2504;BUY
2016-01-25T02:50:02.897000;2016-01-25T02:50:02.993000;9603add1-078b-4a17-b987-1f81fd31b618;398.9;0.05;BUY
2016-01-25T02:50:02.897000;2016-01-25T02:50:02.993000;5334cc6d-820b-45b6-b3bf-c53151c2c848;398.9;0.01;BUY
2016-01-25T02:51:28.007000;2016-01-25T02:51:28.087000;aabe7cf8-952d-4cc2-a054-c577b43a737f;398.94;0.01;BUY
2016-01-25T02:54:45.273000;2016-01-25T02:54:45.313000;ad3c6f5b-6406-4199-befa-84d775dc0c10;399.0;0.01;BUY
2016-01-25T02:54:45.657000;2016-01-25T02:54:45.720000;aa26b86c-08e5-4340-8054-ae88bb58bc1e;399.09;0.01;BUY
2016-01-25T02:54:45.657000;2016-01-25T02:54:45.720000;7d1a2319-f527-4859-827e-21a925ccc00a;399.09;0.099;BUY
2016-01-25T02:54:45.657000;2016-01-25T02:54:45.720000;f737366b-bbcd-4dcd-b8ea-723db76b161a;399.1;0.05401446;BUY
2016-01-25T02:54:46.643000;2016-01-25T02:54:46.690000;7204c802-5c5f-4ea5-bd41-5f805a1adda0;399.1;0.16301446;BUY
2016-01-25T02:54:47.610000;2016-01-25T02:54:47.657000;0069bd1e-6b6f-4ae3-af44-c65457b71fdf;399.1;0.03297108;BUY
2016-01-25T02:54:47.610000;2016-01-25T02:54:47.673000;610db8fe-a4da-4f53-bd00-4759c161edee;399.14;0.13004338;BUY
2016-01-25T02:54:48.580000;2016-01-25T02:54:48.643000;698a6bfe-cccf-4c47-a08e-cbf59c558287;399.13;0.16301446;BUY
2016-01-25T02:55:56.437000;2016-01-25T02:55:56.487000;4b235f0f-2f10-4b2d-ae2e-acff5bd96ed1;399.18;0.02;BUY
2016-01-25T02:55:56.437000;2016-01-25T02:55:56.503000;6c1678e1-197c-41a0-b24e-439d82e79e88;399.18;0.00356219;BUY
2016-01-25T02:56:01.543000;2016-01-25T02:56:01.580000;23e4e2cb-29c8-4bf8-8fd2-d9cea81c7339;399.13;0.01;SELL
2016-01-25T02:57:01.897000;2016-01-25T02:57:01.940000;f1864471-0101-4020-bc1a-40052b383179;399.13;0.01;SELL
2016-01-25T02:57:59.943000;2016-01-25T02:57:59.987000;1d7e2739-72d3-477b-97bb-4a355aef985e;399.13;0.0157;SELL
2016-01-25T02:59:09.377000;2016-01-25T02:59:09.407000;44acf519-2daf-490c-b305-5ca5de3002ef;399.04;0.2499765;BUY
2016-01-25T03:02:01.613000;2016-01-25T03:02:01.643000;06a83413-da6c-4e5a-b373-70062c7761e3;399.04;0.38792154;BUY
2016-01-25T03:03:28.130000;2016-01-25T03:03:28.157000;0f08da72-250b-4af5-8a89-e492fe44aafb;399.03;0.15301446;SELL
2016-01-25T03:03:28.130000;2016-01-25T03:03:28.173000;6ffcefbd-45cf-4cd9-bebc-56a376104eae;399.03;0.2;SELL
2016-01-25T03:03:28.130000;2016-01-25T03:03:28.173000;3a59cf5c-a0b0-4d82-a417-a2a801769198;399.03;0.01;SELL
2016-01-25T03:06:22.187000;2016-01-25T03:06:22.207000;30d388c7-95e2-40fc-9934-3b3c5ea85232;398.96;0.01;SELL
2016-01-25T03:06:52.667000;2016-01-25T03:06:52.673000;0ec632cb-2c51-4294-95c5-043f9de1a3e7;398.94;25.0;SELL
2016-01-25T03:07:45.537000;2016-01-25T03:07:45.550000;3a024554-0c7f-41c4-902c-369372bd3b99;398.94;6.99;SELL
2016-01-25T03:07:45.537000;2016-01-25T03:07:45.563000;40ea04ec-57c5-4d2a-85d4-9928e17a05cd;398.94;0.16301446;SELL
2016-01-25T03:07:45.537000;2016-01-25T03:07:45.563000;0e931caa-d2f8-474c-963b-b300903a2117;398.94;0.01;SELL
2016-01-25T03:08:18.937000;2016-01-25T03:08:18.957000;eb291556-bf56-4c03-a0da-880f38e247a3;398.86;0.01205235;BUY
2016-01-25T03:08:50.180000;2016-01-25T03:08:50.220000;e366b11d-aece-4431-8870-695779ab9460;398.85;0.16301446;SELL
2016-01-25T03:09:59.807000;2016-01-25T03:09:59.847000;186ae769-1132-45fd-80b8-f73494794225;398.77;0.01;SELL
2016-01-25T03:09:59.810000;2016-01-25T03:09:59.860000;ce2f8d55-846f-4ef1-b42a-9fd4ac8697ff;398.76;0.119;SELL
2016-01-25T03:10:11.957000;2016-01-25T03:10:11.987000;c1d8054c-dcfb-4c32-8343-0d81af8bc5d1;398.76;0.04401446;SELL
2016-01-25T03:10:11.957000;2016-01-25T03:10:12.000000;e6e0cb2f-563e-4028-88b3-fe5346d4da95;398.74;0.05598554;SELL
2016-01-25T03:10:57.547000;2016-01-25T03:10:57.580000;7812415a-ef7b-41ed-b8b5-0f7abae67478;398.73;0.01;SELL
2016-01-25T03:13:14.977000;2016-01-25T03:13:15.000000;fb20caf6-d491-4b46-a0cb-d059ca74af1c;398.67;0.101607;SELL
2016-01-25T03:13:37.670000;2016-01-25T03:13:37.690000;73bd5d2c-1c2a-4286-a0b0-9185038e3d53;398.68;0.00035028;BUY
2016-01-25T03:16:36.930000;2016-01-25T03:16:36.953000;25b9fa13-6fd6-4251-99be-72e0e1a679cf;398.68;0.01;BUY
2016-01-25T03:16:36.930000;2016-01-25T03:16:36.970000;3384d63a-1f60-4fb4-9d22-d441f566f92e;398.68;9.51;BUY
2016-01-25T03:17:08.650000;2016-01-25T03:17:08.673000;2b63e1f6-70f2-41c5-be1d-921933c5b253;398.95;0.01;BUY
2016-01-25T03:17:08.650000;2016-01-25T03:17:08.690000;cd6159e8-4709-4b1d-ba1b-09f8ca3aa353;398.95;0.01;BUY
2016-01-25T03:17:08.650000;2016-01-25T03:17:08.690000;52c71fa4-3c0f-44bf-85e6-7ff5e8184e3e;398.95;0.08102944;BUY
2016-01-25T03:37:54.600000;2016-01-25T03:37:54.603000;52d73b17-ad3a-4e2e-a1e7-6e5cf7c7b28e;398.71;0.01;SELL
2016-01-25T03:37:54.600000;2016-01-25T03:37:54.603000;cd1ca6c7-eef0-4a2d-9657-acd2843102c9;398.7;0.01;SELL
2016-01-25T03:37:54.600000;2016-01-25T03:37:54.603000;b8e8939b-62dd-4dd0-baa0-80b879fd11b0;398.69;0.1;SELL
2016-01-25T03:37:54.600000;2016-01-25T03:37:54.620000;a7c66753-9a69-4497-af4f-907ab971c760;398.67;0.06140746;SELL
2016-01-25T03:37:54.600000;2016-01-25T03:37:54.620000;221aaad4-e29e-4c8b-8d39-dffae86a7603;398.58;0.16301446;SELL
2016-01-25T03:37:54.600000;2016-01-25T03:37:54.620000;75ff07ab-4c8f-49c7-a50f-62cbbc35fec7;398.49;0.01;SELL
2016-01-25T03:38:10.880000;2016-01-25T03:38:10.887000;45d8f59c-e49f-4fa5-8ff7-b2be014a5254;398.32;0.01;SELL
2016-01-25T03:38:10.883000;2016-01-25T03:38:10.900000;1b1d13b2-ac99-4c2f-9fdd-51433791f7a5;398.31;0.01;SELL
2016-01-25T03:38:10.883000;2016-01-25T03:38:10.900000;c8ffe1ca-c1c4-4f94-b6ac-5b4fe1c84124;398.29;0.01;SELL
2016-01-25T03:38:28.390000;2016-01-25T03:38:28.400000;848058d4-2d68-4c9d-858d-6da20aac74c8;398.18;0.02;SELL
2016-01-25T03:38:36.333000;2016-01-25T03:38:36.337000;e5b5b3a4-e3b5-4973-8a3d-f432c4f73112;398.15;0.05;SELL
2016-01-25T03:38:48.773000;2016-01-25T03:38:48.777000;56416661-6dce-47e7-a657-276655ab4486;398.1;0.01;SELL
2016-01-25T03:39:14.737000;2016-01-25T03:39:14.797000;c81854e3-1038-4715-a0ca-256969cef906;398.02;0.01;SELL
2016-01-25T03:39:22.733000;2016-01-25T03:39:22.780000;7f5c5d86-7f6e-4781-b9e1-bc3971a8c7f5;398.0;0.01;SELL
2016-01-25T03:39:27.683000;2016-01-25T03:39:27.733000;8e8d9850-a72c-4676-b766-e981b3672f31;397.96;0.01;SELL
2016-01-25T03:39:27.687000;2016-01-25T03:39:27.750000;c8070f96-c519-4d5e-88a4-fd67fe6c65e9;397.85;0.015;SELL
2016-01-25T03:39:34.300000;2016-01-25T03:39:34.343000;e9c803fc-3090-4f60-bee5-bb411c7c094c;397.88;0.01;SELL
2016-01-25T03:39:34.300000;2016-01-25T03:39:34.357000;968d63b3-9922-476e-91a4-824234707810;397.87;0.01;SELL
2016-01-25T03:39:34.300000;2016-01-25T03:39:34.357000;9668c2e9-c7a3-4b89-b1bf-80e5bb5f9b07;397.86;0.01;SELL
2016-01-25T03:39:34.300000;2016-01-25T03:39:34.357000;b0957e7d-d18f-45ad-a632-6f341f9cd795;397.85;0.035;SELL
2016-01-25T03:39:34.300000;2016-01-25T03:39:34.357000;f3b87a40-8c0a-4186-af82-30551e8302dd;397.73;0.01;SELL
2016-01-25T03:39:34.300000;2016-01-25T03:39:34.467000;a0333bad-5632-46f1-b8d8-413d5e03bc52;397.71;0.025;SELL
2016-01-25T03:40:47.843000;2016-01-25T03:40:47.890000;a9f577d0-ff7b-4792-9e22-fe1b5f77c317;397.73;0.01;SELL
2016-01-25T03:40:47.843000;2016-01-25T03:40:47.903000;0d3ae9bd-808a-4c15-9ce5-637d811fa248;397.72;0.01;SELL
2016-01-25T03:40:47.843000;2016-01-25T03:40:47.903000;d5859ccf-52bb-4e49-9b11-44b21797c466;397.69;0.02;SELL
2016-01-25T03:40:47.843000;2016-01-25T03:40:47.903000;37615d46-5211-404b-9ea7-8fc0216b978c;397.63;0.06;SELL
2016-01-25T03:41:02.373000;2016-01-25T03:41:02.420000;9ff87e04-c149-4552-8b61-c3515952439b;397.71;0.01;BUY
2016-01-25T03:42:02.067000;2016-01-25T03:42:02.140000;6bb42cff-8758-444a-a984-f5c3435196cb;397.66;0.01;BUY
2016-01-25T03:43:02.023000;2016-01-25T03:43:02.060000;10cb688e-8f0c-4762-a38e-9581df096eaf;397.66;0.01;BUY
2016-01-25T03:43:11.200000;2016-01-25T03:43:11.233000;97664343-a75f-4703-8b55-66e67b612cee;397.66;0.01;BUY
2016-01-25T03:44:02.330000;2016-01-25T03:44:02.373000;bedf1088-8004-491d-9288-cdafffc3e63d;397.66;0.01;BUY
2016-01-25T03:44:02.417000;2016-01-25T03:44:02.453000;f80a833c-7c40-4fcb-b232-c747048f85ef;397.65;0.01;SELL
2016-01-25T03:44:02.417000;2016-01-25T03:44:02.467000;fa306fa4-9f40-4623-9bbb-8e2a90d21b52;397.65;0.27;SELL
2016-01-25T03:44:02.417000;2016-01-25T03:44:02.467000;7b3cffbf-cfbd-43a3-9fc9-6562b3993332;397.65;0.22;SELL
2016-01-25T03:44:23.007000;2016-01-25T03:44:23.047000;e21e1f54-2a20-4905-8430-0008692e4f1b;397.66;0.5;BUY
2016-01-25T03:45:02.627000;2016-01-25T03:45:02.670000;b339fd77-09e3-4a97-824b-9031c9f6dc3e;397.66;0.255;BUY
2016-01-25T03:46:17.363000;2016-01-25T03:46:17.390000;3879dd53-efc4-4652-bc70-5e82f93cb9ff;397.76;1.0;SELL
2016-01-25T03:50:48.223000;2016-01-25T03:50:48.263000;5df5420d-1585-4057-af70-0841f18af232;397.91;0.01;BUY
2016-01-25T03:50:48.223000;2016-01-25T03:50:48.263000;0698a93a-c847-40a1-bad1-88666079bc6c;397.91;0.38;BUY
2016-01-25T03:50:48.223000;2016-01-25T03:50:48.280000;eae95309-bc64-4d5b-a131-ec282d9b8215;398.0;0.01;BUY
2016-01-25T03:50:48.223000;2016-01-25T03:50:48.280000;74ea12f9-fc0e-4efb-8449-1e22b0187523;398.05;0.01;BUY
2016-01-25T03:50:48.223000;2016-01-25T03:50:48.297000;b040d992-9c22-4e2d-9f11-1e0cc0f9a0d1;398.06;0.01;BUY
2016-01-25T03:54:46.093000;2016-01-25T03:54:46.133000;4599e049-9aea-4bc9-9a7c-970609ef0c20;398.2;0.01;BUY
2016-01-25T03:54:46.093000;2016-01-25T03:54:46.147000;046a7575-cef7-43a6-8160-566b7981b2a1;398.2;0.11632661;BUY
2016-01-25T03:54:46.353000;2016-01-25T03:54:46.413000;78e0bd24-d09c-434e-8b68-222a4b8c236a;398.2;0.08367339;BUY
2016-01-25T03:54:46.353000;2016-01-25T03:54:46.413000;f7c4bef5-6e62-4de9-ba2d-4be284a57f7b;398.2;0.04265322;BUY
2016-01-25T03:54:47.337000;2016-01-25T03:54:47.383000;0c0810ae-40f2-40c0-928e-330ad2d39437;398.2;0.12632661;BUY
2016-01-25T03:54:47.607000;2016-01-25T03:54:47.820000;05d93056-f367-4b5c-971f-60125f730f0f;398.2;0.12632661;BUY
2016-01-25T03:54:48.097000;2016-01-25T03:54:48.133000;668f79d1-abf3-4666-add0-e26c22746dea;398.2;0.42969356;BUY
2016-01-25T03:54:48.603000;2016-01-25T03:54:48.647000;94aadbb2-2ef1-429e-8ff4-c6e88df06a1d;398.21;0.01;BUY
2016-01-25T03:54:48.603000;2016-01-25T03:54:48.647000;664b1283-ed05-4746-bcf5-f6a5e1438c0d;398.33;0.11632661;BUY
2016-01-25T03:55:03.327000;2016-01-25T03:55:03.367000;dcaee13d-04ce-4f6f-a8d0-ba61601028b7;398.33;0.18367339;BUY
2016-01-25T04:04:43.060000;2016-01-25T04:04:43.070000;6ca53e62-ce00-4f1d-b9fd-989e9e0181f5;398.44;0.01;BUY
2016-01-25T04:07:01.790000;2016-01-25T04:07:01.790000;ce8dd51c-9a9b-4c33-bca2-6b6a0f8dbd1b;398.49;0.38792154;SELL
2016-01-25T04:08:05.960000;2016-01-25T04:08:05.960000;3e783377-b65e-4aff-9827-b73ba80db13a;398.5;0.01;BUY
2016-01-25T04:08:23.770000;2016-01-25T04:08:23.773000;357af74e-4995-49a3-8387-033f6b5d523a;398.58;0.01;BUY
2016-01-25T04:13:14.983000;2016-01-25T04:13:15.027000;7ba4dfa4-2c0d-4ef2-afca-4fe9983e3ad2;398.6;0.05;BUY
2016-01-25T04:14:00.873000;2016-01-25T04:14:00.903000;2c7c9f60-4bc2-4470-bda7-541d47fa9d9b;398.63;0.01;BUY
2016-01-25T04:14:00.873000;2016-01-25T04:14:00.933000;72762771-6e92-4beb-9096-74f872122183;398.63;3.138;BUY
2016-01-25T04:14:54.163000;2016-01-25T04:14:54.200000;6d02125c-1c80-41e9-a833-069f8a6d9091;398.7;0.01;BUY
2016-01-25T04:17:55.460000;2016-01-25T04:17:55.480000;e9eef5e0-6738-43b8-9d5b-b63904c2aa71;398.77;0.01;BUY
2016-01-25T04:17:55.460000;2016-01-25T04:17:55.497000;0ed4c2bb-9627-4796-bb12-4e13e3d8914f;398.8;0.4485;BUY
2016-01-25T04:18:59.517000;2016-01-25T04:18:59.543000;87fca48d-f366-4477-9e5a-e96f09da77ab;398.84;0.01;BUY
2016-01-25T04:18:59.517000;2016-01-25T04:18:59.560000;4d1d9460-6eb3-4ca0-8023-c499464767ca;398.89;0.01;BUY
2016-01-25T04:18:59.517000;2016-01-25T04:18:59.560000;bb957a5e-2ce7-4d6c-8862-2b8b03c947d6;398.89;0.17;BUY
2016-01-25T04:22:01.537000;2016-01-25T04:22:01.543000;faeced7b-b28f-46db-9f37-c85082329b5c;398.9;0.05;BUY
2016-01-25T04:22:01.537000;2016-01-25T04:22:01.560000;d1e099a7-22ed-4479-80e6-7f1eb3ef0a08;398.9;0.127;BUY
2016-01-25T04:22:21.913000;2016-01-25T04:22:21.933000;e88b9d7a-041f-4f0f-820e-f33ac0057329;398.95;0.01;BUY
2016-01-25T04:22:21.913000;2016-01-25T04:22:21.950000;97e8b6b0-3bfa-4c75-9e79-ddbf9603a133;398.95;0.106;BUY
2016-01-25T04:22:42.237000;2016-01-25T04:22:42.277000;c54e2a92-0852-42cf-ac84-0ee85704cbb2;398.97;0.01;BUY
2016-01-25T04:22:42.237000;2016-01-25T04:22:42.277000;c03c6c51-d75d-4a1c-ac80-6751502af58b;398.97;0.01;BUY
2016-01-25T04:22:42.237000;2016-01-25T04:22:42.277000;aded761a-7b7f-4a32-9895-2464c42795c5;398.97;0.07254755;BUY
2016-01-25T04:28:45.557000;2016-01-25T04:28:45.597000;10e97e5e-aa41-4f34-a3a0-2ea0f4f1c1dc;399.0;0.01;BUY
2016-01-25T04:28:45.557000;2016-01-25T04:28:45.597000;5aa41912-39e9-43ec-b853-8bee1e457fbe;399.0;0.01;BUY
2016-01-25T04:29:15.737000;2016-01-25T04:29:15.770000;1ced0d02-c0f8-4aeb-82bf-0caace0450d0;399.14;0.01;BUY
2016-01-25T04:29:15.737000;2016-01-25T04:29:15.783000;edefd076-791b-4b78-b5de-817e6e578554;399.18;0.01;BUY
2016-01-25T04:29:52.170000;2016-01-25T04:29:52.207000;8424138a-0d0f-42c5-bff7-088572ab9fd6;399.2;0.05;BUY
2016-01-25T04:29:52.170000;2016-01-25T04:29:52.220000;b9a60d8f-7823-4946-afb2-4c74d87e6a80;399.21;0.01;BUY
2016-01-25T04:29:52.170000;2016-01-25T04:29:52.220000;2557bc57-e316-45b4-9677-edb9ca77bc21;399.21;0.01;BUY
2016-01-25T04:29:52.170000;2016-01-25T04:29:52.220000;e9e01a94-a6e2-4304-b41e-0545b3fc23ea;399.24;0.01;BUY
2016-01-25T04:29:52.170000;2016-01-25T04:29:52.220000;25a5d540-0ed8-43de-b7ae-2f873989b25e;399.29;0.01;BUY
2016-01-25T04:29:52.170000;2016-01-25T04:29:52.300000;fc3325a7-3505-4940-b34c-f457bc322137;399.3;0.01;BUY
2016-01-25T04:30:28.780000;2016-01-25T04:30:28.830000;ffc982fa-c2d8-4ad3-a2b4-5150456430a5;399.32;0.01;SELL
2016-01-25T04:34:10.543000;2016-01-25T04:34:10.567000;47229eac-7f9a-4ece-95c2-53696a7e4bda;399.32;0.72;SELL
2016-01-25T04:34:10.547000;2016-01-25T04:34:10.580000;c31bcbc2-a275-439a-baa7-1dcf1d1c8701;399.32;3.28;SELL
2016-01-25T04:37:59.623000;2016-01-25T04:37:59.627000;5e20b7ec-4b12-4e48-8a2f-c8698ce7ed3a;399.32;0.02;SELL
2016-01-25T04:38:11.893000;2016-01-25T04:38:11.923000;4c2d407a-f44a-4caa-8471-2cd9c87aa67d;399.21;0.8;SELL
2016-01-25T04:38:11.893000;2016-01-25T04:38:11.923000;71436e65-e49c-4b33-83be-f24a647db382;399.2;1.59;SELL
2016-01-25T04:38:11.893000;2016-01-25T04:38:11.940000;9e9ed652-61a5-4a18-b634-7f92ee8efa7d;399.15;0.01;SELL
2016-01-25T04:40:32.960000;2016-01-25T04:40:33.013000;088e4dfa-f645-4ddb-82ea-5f4de405f615;398.97;0.01;SELL
2016-01-25T04:40:32.960000;2016-01-25T04:40:33.013000;3ad706d9-0d76-478f-9ae8-f8351a264704;398.97;0.2;SELL
2016-01-25T04:40:32.963000;2016-01-25T04:40:33.013000;fcb39ca1-7a5b-499d-9a42-620819265844;398.97;1.45;SELL
2016-01-25T04:40:32.963000;2016-01-25T04:40:33.013000;968f07e1-1a55-4462-aeb8-f6089292191b;398.97;8.55;SELL
2016-01-25T04:41:30.533000;2016-01-25T04:41:30.563000;1a1b859e-71f9-4f6b-b940-6218f66e422a;398.97;0.37;BUY
2016-01-25T04:41:30.533000;2016-01-25T04:41:30.577000;56372cfc-6c9d-4ab8-aa32-487c3e61a382;398.97;1.422;BUY
2016-01-25T04:41:30.533000;2016-01-25T04:41:30.577000;844ffa97-35d3-452a-b18c-87ebe119b481;398.97;0.74;BUY
2016-01-25T04:41:30.533000;2016-01-25T04:41:30.577000;4612386d-1b47-4e76-8883-fe18d22c5448;398.97;3.7611;BUY
2016-01-25T04:41:32.177000;2016-01-25T04:41:32.217000;6ea1cc00-0e3b-49d6-bb59-5fe0cb3a8f3d;398.97;0.45;BUY
2016-01-25T04:41:32.280000;2016-01-25T04:41:32.313000;b5b81a77-3228-498b-b5f0-da931d57490b;398.97;0.55;BUY
2016-01-25T04:41:32.280000;2016-01-25T04:41:32.327000;952d72a3-a616-494f-ae5b-ca922127e4fe;398.97;0.37;BUY
2016-01-25T04:41:32.280000;2016-01-25T04:41:32.327000;6e1362d8-0284-4d18-839f-e003a3db8660;398.97;3.35;BUY
2016-01-25T04:43:45.433000;2016-01-25T04:43:45.467000;7fba47f9-e40c-424a-8fc1-a2950d18cf53;398.96;0.01;SELL
2016-01-25T04:44:00.860000;2016-01-25T04:44:00.873000;e1163927-942c-454e-bbf7-838e1f022467;398.87;0.01;SELL
2016-01-25T04:44:00.860000;2016-01-25T04:44:00.890000;42aecb64-ec2a-4608-9ce3-bf9c5b4d378f;398.83;0.02;SELL
2016-01-25T04:45:03.200000;2016-01-25T04:45:03.250000;f0a14b60-3939-4121-adcc-65864f805568;398.69;0.01;SELL
2016-01-25T04:45:03.200000;2016-01-25T04:45:03.250000;36a1d7ab-7c12-4a35-98ab-a3fe8485cb62;398.68;0.01;SELL
2016-01-25T04:45:03.200000;2016-01-25T04:45:03.250000;8ab4c876-8fa2-405a-aca4-ce4db634e823;398.61;0.32;SELL
2016-01-25T04:50:03.093000;2016-01-25T04:50:03.110000;3e6aa1a1-b47f-4eb7-9e67-95a169d0d8ef;398.6;0.37;BUY
2016-01-25T04:50:03.093000;2016-01-25T04:50:03.110000;65324077-d78b-4e99-9e4e-5987409ec269;398.6;5.0;BUY
2016-01-25T04:50:03.093000;2016-01-25T04:50:03.110000;075e0274-b8d9-4754-bade-4283e165d904;398.6;0.37;BUY
2016-01-25T04:50:03.097000;2016-01-25T04:50:03.123000;14479993-1b2f-41de-a4d5-3b6cc93dc8da;398.6;0.37;BUY
2016-01-25T04:53:17.753000;2016-01-25T04:53:17.750000;63be7dbd-3775-4a23-8694-07467ee916f5;398.62;0.00045155;SELL
2016-01-25T04:53:39.770000;2016-01-25T04:53:39.780000;0ec6941d-40d4-463f-9906-b9502071d4b6;398.69;0.0009007;BUY
2016-01-25T04:54:46.983000;2016-01-25T04:54:47.000000;e742cf1d-5700-455f-90c1-ecc1010a31c5;398.68;0.37;SELL
2016-01-25T04:54:46.983000;2016-01-25T04:54:47.000000;d6d32255-fa64-429f-8bad-dcb10b23232d;398.68;0.46787248;SELL
2016-01-25T04:54:47.990000;2016-01-25T04:54:47.983000;737396ae-9fb0-4d1e-963b-d2d487f87480;398.68;0.27212752;SELL
2016-01-25T04:54:47.990000;2016-01-25T04:54:48.000000;5d90c51c-41fd-4e09-94c5-65138df8a133;398.68;0.376;SELL
2016-01-25T04:54:47.990000;2016-01-25T04:54:48.000000;93998b31-0930-4f6b-aed7-2a77694d1941;398.68;0.18974496;SELL
2016-01-25T04:54:48.363000;2016-01-25T04:54:48.360000;9e23f98d-c080-4d91-b865-462ae3d30974;398.68;0.83787248;SELL
2016-01-25T04:54:49.330000;2016-01-25T04:54:49.343000;803322cd-f705-4cb5-a61b-1ad48e7b9ce6;398.68;0.83787248;SELL
2016-01-25T04:54:50.450000;2016-01-25T04:54:50.453000;a322a3fb-7016-479c-8840-812ec4f73471;398.68;0.37;SELL
2016-01-25T04:54:50.450000;2016-01-25T04:54:50.470000;90394f3c-f2a6-45cc-94b9-756c420803f8;398.68;0.46787248;SELL
2016-01-25T04:56:21.397000;2016-01-25T04:56:21.440000;048a4c22-bf16-4553-bf18-097148915817;398.62;1.334;BUY
2016-01-25T05:00:07.937000;2016-01-25T05:00:07.970000;a431812e-7fd1-45b2-903b-bf40caa46e54;398.59;0.01;SELL
2016-01-25T05:00:07.937000;2016-01-25T05:00:07.970000;9ed637cb-cc93-4646-93f2-fcc56cd070a1;398.58;0.01;SELL
2016-01-25T05:00:07.937000;2016-01-25T05:00:07.987000;805b10e5-c8b7-46c0-8ebb-c139e4561cea;398.52;0.01;SELL
2016-01-25T05:00:07.937000;2016-01-25T05:00:07.987000;d11ac654-737d-4264-af8c-f7bf93886ddb;398.52;8.77977;SELL
2016-01-25T05:00:07.937000;2016-01-25T05:00:07.987000;ebdf2977-51d0-436c-adbf-74a7532955c2;398.5;0.116;SELL
2016-01-25T05:00:07.937000;2016-01-25T05:00:08.003000;1cd0f836-4639-4497-9326-bcdca145119f;398.46;0.01;SELL
2016-01-25T05:00:07.937000;2016-01-25T05:00:08.003000;f2b7ae25-d819-4f50-8bdd-820c43b902f8;398.46;0.25;SELL
2016-01-25T05:00:07.937000;2016-01-25T05:00:08.003000;f9e4b2bd-b22b-40c5-9f8b-39f8bbe26591;398.45;0.05;SELL
2016-01-25T05:00:07.937000;2016-01-25T05:00:08.003000;a3a34c2d-ccce-4137-8610-b1a0bda35077;398.45;0.081;SELL
2016-01-25T05:00:07.940000;2016-01-25T05:00:08.003000;3228a370-be00-4f9e-b314-0ea180a4e81b;398.41;0.12;SELL
2016-01-25T05:00:07.940000;2016-01-25T05:00:08.003000;7041c461-a90b-4f82-8599-e3b8e36e1317;398.4;0.129;SELL
2016-01-25T05:00:07.940000;2016-01-25T05:00:08.003000;60fb7ff9-2548-4f32-a1fe-a8533a6197cb;398.35;0.112;SELL
2016-01-25T05:00:07.940000;2016-01-25T05:00:08.033000;8d52e10c-de6e-4297-83e8-c02cb3f6a83c;398.34;0.02;SELL
2016-01-25T05:00:07.940000;2016-01-25T05:00:08.050000;16de8a4e-20a0-468a-b43c-7265f4824fed;398.33;0.01;SELL
2016-01-25T05:00:07.940000;2016-01-25T05:00:08.050000;22078313-6c9f-4970-9f9f-fe1c4e2627fe;398.32;0.3231;SELL
2016-01-25T05:00:07.940000;2016-01-25T05:00:08.050000;27cce69f-066b-47d7-96cd-a36d36ac64ef;398.3;0.086;SELL
2016-01-25T05:00:07.940000;2016-01-25T05:00:08.050000;074fce11-fefc-499b-8c71-785146d0d2c8;398.25;0.08;SELL
2016-01-25T05:00:07.940000;2016-01-25T05:00:08.050000;f4da0b1c-e69e-4628-b774-7c8ee83f2b9b;398.22;8.4;SELL
2016-01-25T05:00:07.940000;2016-01-25T05:00:08.050000;ddad4874-abec-4609-bf71-fad12d0ada1b;398.21;0.01;SELL
2016-01-25T05:00:07.940000;2016-01-25T05:00:08.050000;820b47ec-7830-4016-ad82-a1475b47f749;398.2;0.09;SELL
2016-01-25T05:00:07.940000;2016-01-25T05:00:08.050000;c996cc4b-13e3-4524-b569-edebec29a571;398.15;0.05;SELL
2016-01-25T05:00:07.940000;2016-01-25T05:00:08.050000;10e29d46-9cef-4709-b01d-de97456da7f3;398.15;0.079;SELL
2016-01-25T05:00:07.940000;2016-01-25T05:00:08.050000;122f4ede-907b-484e-a53e-f3f1e6d16248;398.11;0.17412999;SELL
2016-01-25T05:00:33.957000;2016-01-25T05:00:33.987000;3cd18762-eb5a-4f90-a7f2-7c6cff2d51ff;398.44;0.0736248;BUY
2016-01-25T05:01:26.447000;2016-01-25T05:01:26.470000;150f3cc7-ef52-44f2-82a6-5cd006f89079;398.3;0.81;BUY
2016-01-25T05:04:38.423000;2016-01-25T05:04:38.440000;3c75d020-b3cf-4575-ad0d-cde86ce7241d;398.28;0.01;SELL
2016-01-25T05:04:38.423000;2016-01-25T05:04:38.457000;b2ce1967-bee3-485f-b7a7-0db319dd6bf2;398.27;0.01;SELL
2016-01-25T05:04:38.423000;2016-01-25T05:04:38.457000;33b6c37b-2245-409f-a1b0-7f254034d595;398.23;0.01;SELL
2016-01-25T05:04:38.423000;2016-01-25T05:04:38.457000;5f156524-9f48-483f-a0ab-195dbee45ca4;398.21;0.01;SELL
2016-01-25T05:05:02.297000;2016-01-25T05:05:02.317000;de0d2420-c7e0-4750-822c-472bdd38ce7f;398.09;0.01;SELL
2016-01-25T05:05:02.297000;2016-01-25T05:05:02.317000;753b6a55-28a1-4afc-a85f-b52d85a4523e;398.08;0.01;SELL
2016-01-25T05:05:02.297000;2016-01-25T05:05:02.317000;2d394dfd-c080-4307-8668-d5e51c59ba3b;398.07;0.01;SELL
2016-01-25T05:05:02.297000;2016-01-25T05:05:02.330000;27222754-cf33-40d1-a6eb-c799815e227e;398.02;0.01;SELL
2016-01-25T05:05:19.137000;2016-01-25T05:05:19.160000;c17d3bdd-f121-4254-a093-bfb0d300a373;398.0;0.015;SELL
2016-01-25T05:05:19.137000;2016-01-25T05:05:19.160000;9dbd5a96-db46-45fe-b667-48e9bebc6acf;398.0;0.01;SELL
2016-01-25T05:05:19.137000;2016-01-25T05:05:19.173000;77607c68-f86e-4fe7-90bf-25d5f2a838e3;397.96;0.01;SELL
2016-01-25T05:05:19.137000;2016-01-25T05:05:19.173000;7fef5796-2c2d-4ea8-aab4-cb2050c9f1d1;397.91;0.01;SELL
2016-01-25T05:06:01.697000;2016-01-25T05:06:01.720000;23ae91ae-75dc-4ac5-8b47-5a3beb5e199b;397.87;0.01;SELL
2016-01-25T05:06:01.697000;2016-01-25T05:06:01.720000;a9daa39e-85fb-4882-ac07-47829c47c503;397.86;0.01;SELL
2016-01-25T05:06:01.697000;2016-01-25T05:06:01.720000;297f6762-0e6b-415b-8e25-7d6a06a3e7b6;397.85;0.05;SELL
2016-01-25T05:06:01.697000;2016-01-25T05:06:01.770000;55e14afb-544a-4f50-9fbd-34e43a8cf80b;397.85;0.02;SELL
2016-01-25T05:06:01.697000;2016-01-25T05:06:01.783000;f3b10aeb-949b-4c56-919e-5be4fa1a4506;397.76;0.095;SELL
2016-01-25T05:06:01.697000;2016-01-25T05:06:01.783000;eaff93d9-c3fa-4c58-aa01-f433d3f840d3;397.73;0.01;SELL
2016-01-25T05:06:01.697000;2016-01-25T05:06:01.783000;8a4c0fbc-67c7-471e-a642-36d336fd4493;397.72;0.095;SELL
2016-01-25T05:06:58.953000;2016-01-25T05:06:58.973000;33a2599d-a175-4602-982b-165e33efabfd;397.85;1.0;BUY
2016-01-25T05:07:01.767000;2016-01-25T05:07:01.800000;00a414ce-36bb-405d-8e65-d79ec5cd854e;397.84;0.2523;SELL
