time_exchange;time_coinpai;guid;price;base_amount;taker_side
2016-01-25T00:00:28.000000;2016-01-25T00:00:28.000000;7a0c6aa4-704a-4918-a82e-53dd63a48aec;402.76;0.0754;UNKNOWN
2016-01-25T00:00:44.000000;2016-01-25T00:00:44.000000;062ef4d2-d77a-4e3f-8888-71a83b293f94;402.71;6.2123;UNKNOWN
2016-01-25T00:00:44.000000;2016-01-25T00:00:44.000000;20d59a98-183c-4a20-9e2a-217dd12c54a3;402.77;1.63;UNKNOWN
2016-01-25T00:00:44.000000;2016-01-25T00:00:44.000000;c9676885-c587-4640-94bf-75cbaeb1c8c1;402.6;0.0279;UNKNOWN
2016-01-25T00:00:44.000000;2016-01-25T00:00:44.000000;47e681d0-ba7f-4097-85c1-8c54da2bc4b6;402.76;0.9246;UNKNOWN
2016-01-25T00:01:06.000000;2016-01-25T00:01:06.000000;7c6c627e-1e8e-493a-93e9-9ddf9d811eb4;402.59;8.0;UNKNOWN
2016-01-25T00:01:11.000000;2016-01-25T00:01:11.000000;49333223-4aa5-4878-9d4a-4f7d6ffe6d4b;401.71;2.48240595;UNKNOWN
2016-01-25T00:01:11.000000;2016-01-25T00:01:11.000000;18c65f87-acea-45d0-b296-d6db31fe8800;401.81;2.48240595;UNKNOWN
2016-01-25T00:01:11.000000;2016-01-25T00:01:11.000000;45faa829-5c52-48c3-9102-42d433957016;401.69;11.3358458;UNKNOWN
2016-01-25T00:01:11.000000;2016-01-25T00:01:11.000000;1e321c1e-f09a-44ab-b11b-289773b20372;402.21;9.19;UNKNOWN
2016-01-25T00:01:11.000000;2016-01-25T00:01:11.000000;92242774-812e-42ab-8830-feec9f57021d;402.26;13.4;UNKNOWN
2016-01-25T00:01:11.000000;2016-01-25T00:01:11.000000;00ea0d80-a205-424d-b889-493fa00f8524;401.84;15.1723;UNKNOWN
2016-01-25T00:01:11.000000;2016-01-25T00:01:11.000000;0520e36c-4569-4cb0-a489-ee03da005f88;401.94;2.48212867;UNKNOWN
2016-01-25T00:01:11.000000;2016-01-25T00:01:11.000000;8d231c10-6d98-454a-a56e-25053872539d;402.22;1.08;UNKNOWN
2016-01-25T00:01:11.000000;2016-01-25T00:01:11.000000;35bb4a1a-e677-4e2a-8bb3-0b867b2e7ee9;402.26;0.37;UNKNOWN
2016-01-25T00:01:11.000000;2016-01-25T00:01:11.000000;1691bfb1-de4a-40a2-9caf-703829623ae5;402.27;15.1359;UNKNOWN
2016-01-25T00:01:11.000000;2016-01-25T00:01:11.000000;61f85be4-3e64-4f44-a3e5-5d3c0a3a0a32;401.85;0.51;UNKNOWN
2016-01-25T00:01:11.000000;2016-01-25T00:01:11.000000;6d82d7d0-b250-453e-afea-637d83a63a68;401.97;2.4837624;UNKNOWN
2016-01-25T00:01:11.000000;2016-01-25T00:01:11.000000;68fc310e-fbf7-45a7-a18e-695d658d016c;402.13;2.48215948;UNKNOWN
2016-01-25T00:01:11.000000;2016-01-25T00:01:11.000000;40098763-1f44-43ca-a68b-e34968cfb513;402.14;2.87;UNKNOWN
2016-01-25T00:01:11.000000;2016-01-25T00:01:11.000000;455104a9-9cd1-4466-af1b-bdb8419d7526;402.2;15.4422;UNKNOWN
2016-01-25T00:01:11.000000;2016-01-25T00:01:11.000000;7d9802ca-67b4-425b-8cfe-7ceed30af513;402.21;10.0;UNKNOWN
2016-01-25T00:01:11.000000;2016-01-25T00:01:11.000000;0aa34d0b-be29-44ae-9519-be972d1dee61;402.2;4.711;UNKNOWN
2016-01-25T00:01:11.000000;2016-01-25T00:01:11.000000;bcdf5978-52fa-4efb-9c8e-bb6e69f067e9;402.17;35.0;UNKNOWN
2016-01-25T00:01:11.000000;2016-01-25T00:01:11.000000;7e1bc2a1-144b-4857-82c5-029374eabfe2;402.19;8.9893;UNKNOWN
2016-01-25T00:01:11.000000;2016-01-25T00:01:11.000000;e65b94bb-9ef5-4038-b635-a589f673dc45;402.07;2.8;UNKNOWN
2016-01-25T00:01:11.000000;2016-01-25T00:01:11.000000;a465d3bf-0782-43b6-856a-0458d305c006;402.08;2.48370071;UNKNOWN
2016-01-25T00:01:11.000000;2016-01-25T00:01:11.000000;a462ae6e-6560-423b-9262-8e7cc6bae077;402.03;2.48215948;UNKNOWN
2016-01-25T00:01:11.000000;2016-01-25T00:01:11.000000;26705bcd-c394-4814-be00-204f4c5c6b9d;402.18;2.48373156;UNKNOWN
2016-01-25T00:01:11.000000;2016-01-25T00:01:11.000000;f8c053e6-e9dd-4c76-9511-2d3734d21b9c;402.12;17.4078;UNKNOWN
2016-01-25T00:01:11.000000;2016-01-25T00:01:11.000000;557d958c-c017-4db4-94d1-c32240a10ea3;402.05;15.7232;UNKNOWN
2016-01-25T00:01:11.000000;2016-01-25T00:01:11.000000;3c8723c9-d3a1-491f-bf53-2133c763ba14;402.05;1.0;UNKNOWN
2016-01-25T00:01:15.000000;2016-01-25T00:01:15.000000;c6266c6e-cac5-4d6f-9a3c-fb0725924b80;402.09;7.9036;UNKNOWN
2016-01-25T00:01:15.000000;2016-01-25T00:01:15.000000;6909cfa9-055d-45de-a6e1-5a0e75092626;402.09;1.13;UNKNOWN
2016-01-25T00:01:15.000000;2016-01-25T00:01:15.000000;af284b8c-b3db-4cd3-8793-f0e652460cd9;401.98;0.9664;UNKNOWN
2016-01-25T00:01:16.000000;2016-01-25T00:01:16.000000;042ce019-1eb8-49af-a005-a04c73a1cc8e;402.28;0.37;UNKNOWN
2016-01-25T00:01:16.000000;2016-01-25T00:01:16.000000;5b2f442f-8d17-47f3-91f8-5772fca6f7f8;401.82;0.0626376;UNKNOWN
2016-01-25T00:01:16.000000;2016-01-25T00:01:16.000000;c0cd14fa-d93a-4d31-a1ad-04da9cebe00b;401.85;6.92;UNKNOWN
2016-01-25T00:01:16.000000;2016-01-25T00:01:16.000000;e9ab46b9-1ba4-4160-9d2b-50f8b233d424;401.98;0.1636;UNKNOWN
2016-01-25T00:01:16.000000;2016-01-25T00:01:16.000000;c8ae9603-8869-4151-ad8e-3243125d799d;401.87;2.4837624;UNKNOWN
2016-01-25T00:01:17.000000;2016-01-25T00:01:17.000000;09765553-c2b6-43e2-aab3-4ee389e3b063;401.72;0.9326376;UNKNOWN
2016-01-25T00:01:17.000000;2016-01-25T00:01:17.000000;701e461e-365a-4f3a-bdfc-4458665940dc;401.82;1.0673624;UNKNOWN
2016-01-25T00:01:19.000000;2016-01-25T00:01:19.000000;21d06f85-2457-4794-99c7-5150ec1cb13d;401.69;8.29;UNKNOWN
2016-01-25T00:01:19.000000;2016-01-25T00:01:19.000000;5e4db67e-18aa-4411-883d-1ef622569462;401.7;1.71;UNKNOWN
2016-01-25T00:01:24.000000;2016-01-25T00:01:24.000000;905e598d-7086-417b-829f-9fe65f684aba;401.7;1.2;UNKNOWN
2016-01-25T00:01:34.000000;2016-01-25T00:01:34.000000;b8566144-d0d6-4313-bb75-3210aff2eeda;401.73;0.0205588;UNKNOWN
2016-01-25T00:01:57.000000;2016-01-25T00:01:57.000000;a0702237-3c00-4f9e-89d8-7e24c140a91b;401.72;8.969;UNKNOWN
2016-01-25T00:01:57.000000;2016-01-25T00:01:57.000000;3f36fd52-acac-4fbb-b9ea-6477d81f824d;401.8;0.049;UNKNOWN
2016-01-25T00:01:57.000000;2016-01-25T00:01:57.000000;a38eed33-d95a-42d8-ab4a-9543d2e44549;401.71;0.982;UNKNOWN
2016-01-25T00:02:00.000000;2016-01-25T00:02:00.000000;9ead2405-9624-4f0b-a059-387175183016;401.49;7.50244684;UNKNOWN
2016-01-25T00:02:00.000000;2016-01-25T00:02:00.000000;f65e9ab4-763e-43cd-a954-519161faed6c;401.52;2.48305316;UNKNOWN
2016-01-25T00:02:00.000000;2016-01-25T00:02:00.000000;deb65529-0e05-4aec-b93d-e898198b50d1;401.53;0.0145;UNKNOWN
2016-01-25T00:02:23.000000;2016-01-25T00:02:23.000000;eb5ac977-5414-4a58-81a3-8a57489ec2b8;402.04;0.17;UNKNOWN
2016-01-25T00:02:29.000000;2016-01-25T00:02:29.000000;5ba2f712-16ea-4c69-a588-5c673fcff89d;401.53;0.2921146;UNKNOWN
2016-01-25T00:02:55.000000;2016-01-25T00:02:55.000000;5b60632c-068d-4406-944a-5995a5e55e8b;401.88;0.16;UNKNOWN
2016-01-25T00:03:18.000000;2016-01-25T00:03:18.000000;14061c5c-8957-440a-bae0-71c0a9ce9f19;401.53;0.5;UNKNOWN
2016-01-25T00:03:18.000000;2016-01-25T00:03:18.000000;91466164-7e56-49d0-a4fd-fe155bb49447;401.53;0.49411681;UNKNOWN
2016-01-25T00:03:19.000000;2016-01-25T00:03:19.000000;d60a34ee-9b63-4549-8558-cf54651b452e;401.81;5.1;UNKNOWN
2016-01-25T00:03:19.000000;2016-01-25T00:03:19.000000;55620391-5a7e-4aec-a81a-b577351b07d3;401.8;1.0;UNKNOWN
2016-01-25T00:03:19.000000;2016-01-25T00:03:19.000000;a083713e-027a-4ebb-b950-eb83e1bc4854;401.8;5.0;UNKNOWN
2016-01-25T00:03:19.000000;2016-01-25T00:03:19.000000;f39392d9-8a91-4ee3-b202-be47c599ee9b;401.53;0.15962279;UNKNOWN
2016-01-25T00:03:23.000000;2016-01-25T00:03:23.000000;a180d111-8f41-4bf5-9f99-042c1c133f72;402.09;0.27;UNKNOWN
2016-01-25T00:03:25.000000;2016-01-25T00:03:25.000000;bc5b9c22-6997-4b13-827f-f155c0b25ca4;402.0;0.1;UNKNOWN
2016-01-25T00:03:38.000000;2016-01-25T00:03:38.000000;0b36105a-e1c5-4434-82f5-cc6d86ecfabc;401.75;0.5;UNKNOWN
2016-01-25T00:03:38.000000;2016-01-25T00:03:38.000000;1b95222c-d767-443f-b120-6f3c865d23ad;401.75;0.63;UNKNOWN
2016-01-25T00:03:38.000000;2016-01-25T00:03:38.000000;c968f465-0b68-46d8-bd15-07bbe39aa0d0;401.75;0.37;UNKNOWN
2016-01-25T00:03:43.000000;2016-01-25T00:03:43.000000;1865fa2b-184f-454b-8bc9-3d3052baea56;401.77;9.0;UNKNOWN
2016-01-25T00:03:55.000000;2016-01-25T00:03:55.000000;0e24cd03-41fa-4175-a03d-ea6b551d402b;402.09;0.14;UNKNOWN
2016-01-25T00:04:16.000000;2016-01-25T00:04:16.000000;afbef5ca-956f-41bb-ab75-bdcf2932102d;401.52;5.5964;UNKNOWN
2016-01-25T00:04:16.000000;2016-01-25T00:04:16.000000;54539d44-6544-44fe-9f15-dcd0c2b3a1c3;401.51;4.0037;UNKNOWN
2016-01-25T00:04:16.000000;2016-01-25T00:04:16.000000;004536a7-e4d3-40e8-8e08-423c0d2f7168;401.7;6.868;UNKNOWN
2016-01-25T00:04:16.000000;2016-01-25T00:04:16.000000;dbb0822f-33db-4c78-b9cd-06f164742b7f;401.8;0.1;UNKNOWN
2016-01-25T00:04:16.000000;2016-01-25T00:04:16.000000;e6bef696-5dc6-45bb-a397-2d34575f9fa4;401.82;6.1986;UNKNOWN
2016-01-25T00:04:16.000000;2016-01-25T00:04:16.000000;05c67b92-2bf2-4204-a9fb-c91c0620a1c2;401.8;0.1;UNKNOWN
2016-01-25T00:04:16.000000;2016-01-25T00:04:16.000000;9371eeac-e063-40d7-a752-68b135e97041;401.8;0.1;UNKNOWN
2016-01-25T00:04:16.000000;2016-01-25T00:04:16.000000;1b6a52c0-3b20-4114-8c17-f8ffe73c215d;401.8;0.1;UNKNOWN
2016-01-25T00:04:16.000000;2016-01-25T00:04:16.000000;e725396c-82f1-4a0b-a562-3b7cab47c5a6;401.81;1.0;UNKNOWN
2016-01-25T00:04:16.000000;2016-01-25T00:04:16.000000;11e2df97-ae77-4f87-9cd4-e9029278024d;401.7;18.3749;UNKNOWN
2016-01-25T00:04:16.000000;2016-01-25T00:04:16.000000;3b9f49fe-43c1-4bcd-92c2-67c1a5d16897;401.8;0.1;UNKNOWN
2016-01-25T00:04:16.000000;2016-01-25T00:04:16.000000;6a91aeaf-87c6-4694-9ea8-92d431f74c87;401.69;6.214;UNKNOWN
2016-01-25T00:04:16.000000;2016-01-25T00:04:16.000000;dabb129f-d89a-47f3-b088-a01f30fabbaa;401.68;15.2444;UNKNOWN
2016-01-25T00:04:25.000000;2016-01-25T00:04:25.000000;992c7cff-1b8c-4511-8364-cb903489ff40;401.98;0.4;UNKNOWN
2016-01-25T00:04:25.000000;2016-01-25T00:04:25.000000;1d09e344-0abb-4c81-bab1-d8eb5076c37a;401.4;5.0;UNKNOWN
2016-01-25T00:04:47.000000;2016-01-25T00:04:47.000000;c8af8a26-57f1-4f71-b7b2-b993e59c508f;401.41;0.5;UNKNOWN
2016-01-25T00:04:54.000000;2016-01-25T00:04:54.000000;350a93f8-41c1-4e21-88fb-600af52ec261;401.4;5.0;UNKNOWN
2016-01-25T00:04:54.000000;2016-01-25T00:04:54.000000;3819ff12-cbf9-4fb7-b8d4-6b950d3cc049;401.86;0.24;UNKNOWN
2016-01-25T00:05:06.000000;2016-01-25T00:05:06.000000;fddbd1c0-af2d-42e2-bca0-23a362cbeb2d;401.41;0.01914558;UNKNOWN
2016-01-25T00:05:42.000000;2016-01-25T00:05:42.000000;52a2e2af-7d6a-46cb-8192-3158b9eb2153;401.72;1.0;UNKNOWN
2016-01-25T00:05:42.000000;2016-01-25T00:05:42.000000;8aee60ea-68be-485b-91f4-84db38e3a6ef;401.72;2.3;UNKNOWN
2016-01-25T00:05:44.000000;2016-01-25T00:05:44.000000;1ba4a878-6408-462e-b651-1306e05e9fcc;401.71;1.0;UNKNOWN
2016-01-25T00:06:11.000000;2016-01-25T00:06:11.000000;23fecfc7-991d-4078-941c-cb59139a2a7c;401.92;1.0;UNKNOWN
2016-01-25T00:06:18.000000;2016-01-25T00:06:18.000000;caded8d1-5700-4238-8092-2f0528b6b698;401.9;1.0;UNKNOWN
2016-01-25T00:06:18.000000;2016-01-25T00:06:18.000000;8c528dff-3c67-475b-9d2a-0efe1bdac95e;401.99;1.0;UNKNOWN
2016-01-25T00:06:18.000000;2016-01-25T00:06:18.000000;5008f539-4afe-4109-916b-3142b50ed781;401.9;1.0;UNKNOWN
2016-01-25T00:06:23.000000;2016-01-25T00:06:23.000000;a7f203c4-36a9-44a2-b587-09c415e3e208;401.51;16.2803;UNKNOWN
2016-01-25T00:06:23.000000;2016-01-25T00:06:23.000000;a4e40326-9358-4e96-b0b4-aebe3acdb710;401.06;1.9039;UNKNOWN
2016-01-25T00:06:23.000000;2016-01-25T00:06:23.000000;a2962db9-1eda-4f85-969c-80267e2a6a6f;401.53;15.0;UNKNOWN
2016-01-25T00:06:23.000000;2016-01-25T00:06:23.000000;249c6d06-85fa-49e9-bec8-032aa02eb286;401.07;0.15;UNKNOWN
2016-01-25T00:06:23.000000;2016-01-25T00:06:23.000000;61863ef1-48ec-4c9a-84f7-ae4443ee9051;401.32;15.3035;UNKNOWN
2016-01-25T00:06:23.000000;2016-01-25T00:06:23.000000;b0cdd47e-3a1a-453f-8c16-49c732812e33;401.07;5.7;UNKNOWN
2016-01-25T00:06:23.000000;2016-01-25T00:06:23.000000;a7ca5051-e089-4416-a497-064b3eeefb6a;401.33;0.51;UNKNOWN
2016-01-25T00:06:23.000000;2016-01-25T00:06:23.000000;413380d9-a2a6-4324-a3ee-dc46db15daa4;401.6;1.0;UNKNOWN
2016-01-25T00:06:23.000000;2016-01-25T00:06:23.000000;debed9e9-a92f-45bf-a755-1c01d26b42d0;401.7;1.0;UNKNOWN
2016-01-25T00:06:23.000000;2016-01-25T00:06:23.000000;78a43676-7aec-4571-8168-db1d3a50bde4;401.12;15.7488;UNKNOWN
2016-01-25T00:06:23.000000;2016-01-25T00:06:23.000000;984f69ab-fc08-4cd3-b4d6-b7dfa64fae40;401.7;1.0;UNKNOWN
2016-01-25T00:06:23.000000;2016-01-25T00:06:23.000000;dc2ca914-76ce-4bf4-99b1-333ac0177b2a;401.6;21.4915;UNKNOWN
2016-01-25T00:06:23.000000;2016-01-25T00:06:23.000000;2b6db168-343e-4a01-bef2-e20c26b1c618;401.5;1.0;UNKNOWN
2016-01-25T00:06:23.000000;2016-01-25T00:06:23.000000;087d0308-6355-48d0-9917-324918a6e704;401.36;1.0;UNKNOWN
2016-01-25T00:06:23.000000;2016-01-25T00:06:23.000000;1b5b47e1-13b2-476b-aadb-e3262629e924;401.8;1.0;UNKNOWN
2016-01-25T00:06:23.000000;2016-01-25T00:06:23.000000;776891c8-0f60-4463-a301-0106e131b0a9;401.13;7.18;UNKNOWN
2016-01-25T00:06:23.000000;2016-01-25T00:06:23.000000;16074a41-e886-4332-b867-baf0a55f616b;401.4;15.0;UNKNOWN
2016-01-25T00:06:23.000000;2016-01-25T00:06:23.000000;0b609817-fd40-45a6-b5dd-7cc808b9587d;401.18;9.9372;UNKNOWN
2016-01-25T00:06:50.000000;2016-01-25T00:06:50.000000;5958d092-32cc-4971-ade9-96582a747fac;401.54;1.0;UNKNOWN
2016-01-25T00:06:50.000000;2016-01-25T00:06:50.000000;2434c879-ad7e-4738-bf75-d97ec00f4766;401.53;2.873;UNKNOWN
2016-01-25T00:06:50.000000;2016-01-25T00:06:50.000000;2e2177c3-cfb9-4d2c-bb7d-91dff177f7fa;401.52;0.952;UNKNOWN
2016-01-25T00:06:50.000000;2016-01-25T00:06:50.000000;5e4f0bd2-caf3-42c7-a877-68231cb3b46b;401.53;3.175;UNKNOWN
2016-01-25T00:07:03.000000;2016-01-25T00:07:03.000000;16c6afdf-8acf-4b53-b50c-2dc949e87db0;400.42;2.48573808;UNKNOWN
2016-01-25T00:07:03.000000;2016-01-25T00:07:03.000000;d2dda5a1-44d5-4904-b946-aa47e8d2464f;400.2;0.2;UNKNOWN
2016-01-25T00:07:03.000000;2016-01-25T00:07:03.000000;1abd3935-dc96-4718-92a5-5f7955748338;400.21;19.96;UNKNOWN
2016-01-25T00:07:03.000000;2016-01-25T00:07:03.000000;e59358ae-c7ed-4db3-a462-f2587c811f7c;400.12;4.18193097;UNKNOWN
2016-01-25T00:07:03.000000;2016-01-25T00:07:03.000000;5782a449-f0ab-4932-a197-8e2e6c493031;400.17;2.48583076;UNKNOWN
2016-01-25T00:07:03.000000;2016-01-25T00:07:03.000000;9f8db4a7-ca62-4074-a8aa-492ca32287c7;400.16;0.35275864;UNKNOWN
2016-01-25T00:07:03.000000;2016-01-25T00:07:03.000000;69119b2d-6c2c-45bb-bf47-7abac276081a;399.41;18.2979;UNKNOWN
2016-01-25T00:07:03.000000;2016-01-25T00:07:03.000000;0a8e098e-4482-462a-a4ed-9c013deea7d1;400.25;2.48579987;UNKNOWN
2016-01-25T00:07:03.000000;2016-01-25T00:07:03.000000;78061972-3ce7-49fd-ac15-198abf14b73c;399.82;18.0255;UNKNOWN
2016-01-25T00:07:03.000000;2016-01-25T00:07:03.000000;a2243c49-91a9-4fd4-b946-8254a3e313b7;399.22;12.52731509;UNKNOWN
2016-01-25T00:07:03.000000;2016-01-25T00:07:03.000000;6bc8b963-f8d2-4d6f-8a5b-043ee418c79d;400.2;18.2228;UNKNOWN
2016-01-25T00:07:03.000000;2016-01-25T00:07:03.000000;5cdfb696-5fb5-4f3b-8c21-1f3bdf9b2e71;399.86;0.15392741;UNKNOWN
2016-01-25T00:07:03.000000;2016-01-25T00:07:03.000000;4c01dbc9-f5ca-4525-a806-b4a2822508f3;399.29;0.1954738;UNKNOWN
2016-01-25T00:07:03.000000;2016-01-25T00:07:03.000000;d05152a4-7985-4404-acfa-82e39d71359f;400.0;0.06;UNKNOWN
2016-01-25T00:07:03.000000;2016-01-25T00:07:03.000000;660d9348-0dcb-497e-b6c4-d1bcb538041a;399.26;2.84;UNKNOWN
2016-01-25T00:07:03.000000;2016-01-25T00:07:03.000000;8a876226-223f-483f-bf49-728591001bef;399.61;16.3649;UNKNOWN
2016-01-25T00:07:03.000000;2016-01-25T00:07:03.000000;9e073fe8-7c3e-4fba-8ac7-f3e804e330cc;399.98;0.1;UNKNOWN
2016-01-25T00:07:03.000000;2016-01-25T00:07:03.000000;711b2259-d29f-4de0-84c8-ea65546d7d8b;399.98;15.9288;UNKNOWN
2016-01-25T00:07:03.000000;2016-01-25T00:07:03.000000;6d41d599-2301-46ee-ba17-3f4957737b50;399.42;1.52;UNKNOWN
2016-01-25T00:07:03.000000;2016-01-25T00:07:03.000000;68ef22f7-1f06-4def-ba2f-08efcb6b853a;399.83;1.0;UNKNOWN
2016-01-25T00:07:03.000000;2016-01-25T00:07:03.000000;4bd8256b-3197-4678-b5c0-29ba1c68e401;400.02;61.23;UNKNOWN
2016-01-25T00:07:03.000000;2016-01-25T00:07:03.000000;1d064d84-ee2b-40e5-9703-ba4749b6cd8a;400.07;0.03703145;UNKNOWN
2016-01-25T00:07:03.000000;2016-01-25T00:07:03.000000;61cf0386-bf9e-4d4a-be5b-d2df0fb2c2f1;400.02;0.12475939;UNKNOWN
2016-01-25T00:07:03.000000;2016-01-25T00:07:03.000000;c7ccafce-c203-45ef-9f00-1ea09b94d8de;400.49;2.48573808;UNKNOWN
2016-01-25T00:07:03.000000;2016-01-25T00:07:03.000000;0a6d8bd9-ce04-4932-9784-89f14830910f;400.38;16.7658;UNKNOWN
2016-01-25T00:07:03.000000;2016-01-25T00:07:03.000000;664d84cb-110f-4c98-b0a9-7779b66ad30e;400.42;2.48870749;UNKNOWN
2016-01-25T00:07:03.000000;2016-01-25T00:07:03.000000;86813718-432a-4e9e-81da-ea73429fec42;400.0;80.4033;UNKNOWN
2016-01-25T00:07:03.000000;2016-01-25T00:07:03.000000;827d89c1-8671-4446-a7be-1cdd249efb7a;400.6;2.48604706;UNKNOWN
2016-01-25T00:07:03.000000;2016-01-25T00:07:03.000000;f1685c7c-d9bd-47b3-8f37-7963cfc10028;400.32;2.48586166;UNKNOWN
2016-01-25T00:07:03.000000;2016-01-25T00:07:03.000000;a53bce94-7a6d-4ccb-afa1-bf8c1e55d628;400.39;16.76;UNKNOWN
2016-01-25T00:07:03.000000;2016-01-25T00:07:03.000000;32ae48a8-04f8-4530-ab13-30c1397cd130;400.01;0.51;UNKNOWN
2016-01-25T00:07:03.000000;2016-01-25T00:07:03.000000;d71253cb-61e8-4873-adec-89488a7d8cfe;400.62;0.09984499;UNKNOWN
2016-01-25T00:07:03.000000;2016-01-25T00:07:03.000000;3a52adcc-c72d-4805-96bc-8e95b85b0499;400.57;2.48576897;UNKNOWN
2016-01-25T00:07:03.000000;2016-01-25T00:07:03.000000;29a7bebd-d8f9-40cd-8b6e-f2eb39ffa891;400.55;16.842;UNKNOWN
2016-01-25T00:07:03.000000;2016-01-25T00:07:03.000000;7cbec296-a5ea-48a0-9818-2e9cad8a288c;400.47;5.0;UNKNOWN
2016-01-25T00:07:03.000000;2016-01-25T00:07:03.000000;e6cc8078-4445-4231-9f7a-6c54abd4c5db;400.43;2.48811923;UNKNOWN
2016-01-25T00:07:03.000000;2016-01-25T00:07:03.000000;ed4f9904-7854-4575-9820-9cda780d13f3;400.0;0.05;UNKNOWN
2016-01-25T00:07:03.000000;2016-01-25T00:07:03.000000;b3b72aa3-36f0-44c6-b678-3a84ebd34501;400.4;1.705;UNKNOWN
2016-01-25T00:07:03.000000;2016-01-25T00:07:03.000000;84120beb-2f36-45ec-bb9b-38a85a447054;401.03;18.1258;UNKNOWN
2016-01-25T00:07:03.000000;2016-01-25T00:07:03.000000;aded6d09-2527-4d94-8344-9aafb77dae43;401.13;17.675;UNKNOWN
2016-01-25T00:07:03.000000;2016-01-25T00:07:03.000000;062eba17-5dd8-4fb1-8606-6e85ccf5d13a;400.75;16.8815;UNKNOWN
2016-01-25T00:07:03.000000;2016-01-25T00:07:03.000000;c5e2bd9b-58b4-46e8-8c12-9761558a913a;400.68;2.48604706;UNKNOWN
2016-01-25T00:07:03.000000;2016-01-25T00:07:03.000000;9011f268-cff4-4305-859f-bf1cb458207a;400.98;3.0;UNKNOWN
2016-01-25T00:07:03.000000;2016-01-25T00:07:03.000000;d4e20b91-d7b1-43e1-8172-2bf090517051;400.63;40.0;UNKNOWN
2016-01-25T00:07:03.000000;2016-01-25T00:07:03.000000;7e38b61e-c8c6-493d-acc4-756e8634d4f7;400.75;5.7;UNKNOWN
2016-01-25T00:07:03.000000;2016-01-25T00:07:03.000000;75ab46b2-ad80-4cfc-b9cb-efc608e8a447;401.0;0.01;UNKNOWN
2016-01-25T00:07:03.000000;2016-01-25T00:07:03.000000;2c7c4c50-a5c7-428f-badf-087e0cfdbd74;400.74;12.5;UNKNOWN
2016-01-25T00:07:03.000000;2016-01-25T00:07:03.000000;72908969-eb67-4002-8e96-a72dfb29fa2b;400.76;5.52;UNKNOWN
2016-01-25T00:07:03.000000;2016-01-25T00:07:03.000000;5ce45faa-05cf-4526-a71a-355b3a3eb9f7;400.94;16.485;UNKNOWN
2016-01-25T00:07:03.000000;2016-01-25T00:07:03.000000;b9ccfa78-4bcf-4516-aeeb-8b90bfc1fd79;401.0;1.0;UNKNOWN
2016-01-25T00:07:03.000000;2016-01-25T00:07:03.000000;417cb771-6a42-4ed5-a728-e16f7cb863bd;400.95;7.52;UNKNOWN
2016-01-25T00:07:03.000000;2016-01-25T00:07:03.000000;e393eb86-3ea5-4f19-8581-21687ad3d632;400.99;1.26;UNKNOWN
2016-01-25T00:07:09.000000;2016-01-25T00:07:09.000000;cb934221-1d87-45c1-8f6c-d983023bbf59;401.32;0.7039;UNKNOWN
2016-01-25T00:07:09.000000;2016-01-25T00:07:09.000000;62a00bb0-e123-403e-8626-49a9baf345c5;401.16;15.6961;UNKNOWN
2016-01-25T00:07:12.000000;2016-01-25T00:07:12.000000;9021859a-222f-4106-b53c-0a231e84b1b9;400.56;1.0;UNKNOWN
2016-01-25T00:07:17.000000;2016-01-25T00:07:17.000000;875e431a-f0ef-4cc6-943a-c2dfc20c7343;400.0;0.7163834;UNKNOWN
2016-01-25T00:07:17.000000;2016-01-25T00:07:17.000000;6ee21827-f89c-4b0e-b690-451c6b3affbd;400.99;0.5;UNKNOWN
2016-01-25T00:07:17.000000;2016-01-25T00:07:17.000000;146d16bc-d521-4c83-9f27-412c3c48f18d;400.11;0.4;UNKNOWN
2016-01-25T00:07:17.000000;2016-01-25T00:07:17.000000;2bc26c96-6adb-4199-868f-bd175cf04285;400.11;0.3;UNKNOWN
2016-01-25T00:07:17.000000;2016-01-25T00:07:17.000000;810edc61-abe5-446b-88a6-ca594d98059e;400.11;0.7;UNKNOWN
2016-01-25T00:07:27.000000;2016-01-25T00:07:27.000000;15d8a449-29e2-4441-9dc8-314b97e1e5b3;400.85;0.1;UNKNOWN
2016-01-25T00:07:28.000000;2016-01-25T00:07:28.000000;4cfaae70-f30d-42f1-8b54-71bda8f50ae0;400.21;0.07454342;UNKNOWN
2016-01-25T00:07:31.000000;2016-01-25T00:07:31.000000;ff2c7613-0b6e-4f27-b831-56bb814fd4a5;400.21;0.7;UNKNOWN
2016-01-25T00:07:31.000000;2016-01-25T00:07:31.000000;53c88457-b715-49fe-910f-35a051877e60;400.83;0.35;UNKNOWN
2016-01-25T00:07:31.000000;2016-01-25T00:07:31.000000;4ee2bb15-eab2-4a54-b908-d71b70e7a3a3;400.21;0.62545658;UNKNOWN
2016-01-25T00:07:31.000000;2016-01-25T00:07:31.000000;6c9c1e38-6703-4eb1-a15c-be90651a66a6;400.21;0.67454342;UNKNOWN
2016-01-25T00:07:47.000000;2016-01-25T00:07:47.000000;fe5be075-3526-44c0-882b-7b5e0da03b97;400.1;1.0;UNKNOWN
2016-01-25T00:07:47.000000;2016-01-25T00:07:47.000000;47789e98-8d22-45b8-88a9-e867f4a1538c;400.04;9.01;UNKNOWN
2016-01-25T00:07:47.000000;2016-01-25T00:07:47.000000;280ca4cc-cac3-4313-93a8-5051563d8af4;399.74;12.5;UNKNOWN
2016-01-25T00:07:47.000000;2016-01-25T00:07:47.000000;9ce8578b-8507-4b1b-8716-fbfc89d2393e;399.8;16.7854;UNKNOWN
2016-01-25T00:07:47.000000;2016-01-25T00:07:47.000000;2589c6b8-81e7-43e8-bf45-b208ff825138;400.03;19.7664;UNKNOWN
2016-01-25T00:07:47.000000;2016-01-25T00:07:47.000000;09b81820-3fb6-4575-915e-62e867efef13;400.21;0.0255;UNKNOWN
2016-01-25T00:07:47.000000;2016-01-25T00:07:47.000000;9d723486-7704-404f-b590-99f7b157fcee;400.21;0.7;UNKNOWN
2016-01-25T00:07:47.000000;2016-01-25T00:07:47.000000;fa9bc213-aec4-4cfd-89f2-92cfd809f6b8;400.21;0.7;UNKNOWN
2016-01-25T00:07:47.000000;2016-01-25T00:07:47.000000;692ea47d-c197-4b34-92df-47ce00df3c13;399.64;2.84;UNKNOWN
2016-01-25T00:07:47.000000;2016-01-25T00:07:47.000000;6264cc45-1611-4236-8c98-c0356cbcc035;400.2;1.0;UNKNOWN
2016-01-25T00:07:47.000000;2016-01-25T00:07:47.000000;5bce35f6-cc21-4c83-9420-4cd161c0d94a;399.81;2.69;UNKNOWN
2016-01-25T00:07:47.000000;2016-01-25T00:07:47.000000;fee5df90-3324-4972-bc57-4979bdf01940;400.22;0.11399;UNKNOWN
2016-01-25T00:07:47.000000;2016-01-25T00:07:47.000000;9bcfbe20-5730-494d-8c1d-c64685bf54d4;400.3;1.0;UNKNOWN
2016-01-25T00:07:47.000000;2016-01-25T00:07:47.000000;d4e36380-e2f4-4866-ae63-11c5bd563393;400.11;8.3;UNKNOWN
2016-01-25T00:07:47.000000;2016-01-25T00:07:47.000000;5cddcd23-8f40-4c6a-b6d3-88f1718073c4;399.25;40.0;UNKNOWN
2016-01-25T00:07:47.000000;2016-01-25T00:07:47.000000;64b0ef29-0846-4942-a8f8-1d693dc73039;399.61;17.2896;UNKNOWN
2016-01-25T00:07:47.000000;2016-01-25T00:07:47.000000;4e7a5374-d394-4293-8c75-1adbf64f8db1;399.04;0.51;UNKNOWN
2016-01-25T00:07:47.000000;2016-01-25T00:07:47.000000;55cc7191-84fa-456c-8b0a-032829523041;399.62;1.347;UNKNOWN
2016-01-25T00:07:47.000000;2016-01-25T00:07:47.000000;2d3c740b-0b82-481a-9087-b13c27127e82;399.44;18.0918;UNKNOWN
2016-01-25T00:07:47.000000;2016-01-25T00:07:47.000000;180a2687-110a-4c3d-a4c7-5392a571df5c;399.05;2.49180818;UNKNOWN
2016-01-25T00:07:47.000000;2016-01-25T00:07:47.000000;5bddc347-fcaf-45e5-bb6f-33e86d050e64;399.03;0.40167691;UNKNOWN
2016-01-25T00:07:47.000000;2016-01-25T00:07:47.000000;7af811f1-bc78-4d30-9bce-fa4d8cbedaa8;399.1;0.16864;UNKNOWN
2016-01-25T00:07:47.000000;2016-01-25T00:07:47.000000;5f217656-b2e2-40b9-9b16-20025cff7c23;399.22;4.25818491;UNKNOWN
2016-01-25T00:07:47.000000;2016-01-25T00:07:47.000000;8c890e0e-3e0e-44d0-8763-777a25473cf5;399.1;0.01;UNKNOWN
2016-01-25T00:07:53.000000;2016-01-25T00:07:53.000000;e41e16ef-e967-4b1b-95f1-007820e7569b;400.51;2.1;UNKNOWN
2016-01-25T00:07:59.000000;2016-01-25T00:07:59.000000;cbb22063-58c0-4ca6-9858-71d5024874ab;400.48;1.0;UNKNOWN
2016-01-25T00:08:05.000000;2016-01-25T00:08:05.000000;a21a6581-4263-4bb9-aa3c-cc5be4e59aae;400.47;0.8739;UNKNOWN
2016-01-25T00:08:05.000000;2016-01-25T00:08:05.000000;bca7a2ec-25e7-4cce-83bd-0d2d64198b6c;400.45;16.13;UNKNOWN
2016-01-25T00:08:05.000000;2016-01-25T00:08:05.000000;4e800570-f290-4cd5-a05c-ff8e09d0344f;400.46;2.9961;UNKNOWN
2016-01-25T00:08:10.000000;2016-01-25T00:08:10.000000;b9b5887b-7bb4-4464-b31c-0793ef1a9ca0;400.25;0.1204586;UNKNOWN
2016-01-25T00:08:11.000000;2016-01-25T00:08:11.000000;e5226eca-a2fd-4fff-bb9d-506a5ced20e0;400.46;2.4445;UNKNOWN
2016-01-25T00:08:11.000000;2016-01-25T00:08:11.000000;5558b75a-0df7-4cd1-8d5b-8c5c2f82c822;400.25;0.7;UNKNOWN
2016-01-25T00:08:11.000000;2016-01-25T00:08:11.000000;b3f49e4a-c0d4-4af4-9799-f58e2b186907;400.45;6.1555;UNKNOWN
2016-01-25T00:08:11.000000;2016-01-25T00:08:11.000000;5bff4c10-fa8e-4ab2-b77f-61c548592319;400.24;0.1;UNKNOWN
2016-01-25T00:08:11.000000;2016-01-25T00:08:11.000000;7a2ec12e-de66-49db-8067-41a7a267d6ea;400.25;0.7;UNKNOWN
2016-01-25T00:08:11.000000;2016-01-25T00:08:11.000000;154aeaca-37eb-47db-b935-bff3f7eab390;399.93;5.5204586;UNKNOWN
2016-01-25T00:08:11.000000;2016-01-25T00:08:11.000000;bd531610-55aa-4f90-869e-e6300758485d;400.25;0.7;UNKNOWN
2016-01-25T00:08:11.000000;2016-01-25T00:08:11.000000;ce1c7c0e-e698-4595-ad38-1b10f8d26f83;400.25;0.7;UNKNOWN
2016-01-25T00:08:11.000000;2016-01-25T00:08:11.000000;e19e1ffb-6413-4d5e-99d8-bf1119390f11;400.25;0.5795414;UNKNOWN
2016-01-25T00:08:11.000000;2016-01-25T00:08:11.000000;8ff65159-9c33-41cb-a660-39c8fe8db188;399.93;3.0;UNKNOWN
2016-01-25T00:08:18.000000;2016-01-25T00:08:18.000000;07529f14-fa75-4fef-8439-4a3d118cdcc1;400.46;1.7;UNKNOWN
2016-01-25T00:08:18.000000;2016-01-25T00:08:18.000000;99652140-a0a6-4c1c-81c0-172388303061;400.44;0.24457701;UNKNOWN
2016-01-25T00:08:20.000000;2016-01-25T00:08:20.000000;2c631337-ecae-4795-a683-704b764ab741;400.44;0.35;UNKNOWN
2016-01-25T00:08:24.000000;2016-01-25T00:08:24.000000;2a1a3a8b-6f25-4120-b1db-f49cdb3d9e04;400.88;0.5;UNKNOWN
2016-01-25T00:08:24.000000;2016-01-25T00:08:24.000000;51f848c7-8fa2-47ab-9224-32f2129c160c;400.46;0.79146673;UNKNOWN
2016-01-25T00:08:24.000000;2016-01-25T00:08:24.000000;c3192a78-b7e2-4eaa-ba86-e24ef0514d94;400.89;0.3;UNKNOWN
2016-01-25T00:08:24.000000;2016-01-25T00:08:24.000000;3025d9ce-2427-4d36-b7be-d99334a30968;400.89;0.50145732;UNKNOWN
2016-01-25T00:08:24.000000;2016-01-25T00:08:24.000000;3dacbe05-4ec8-4c1d-9e24-77ca493ca16a;400.44;1.89707595;UNKNOWN
2016-01-25T00:08:30.000000;2016-01-25T00:08:30.000000;9f8df063-4d37-4f38-9d4e-3c0013222738;400.84;1.0;UNKNOWN
2016-01-25T00:08:39.000000;2016-01-25T00:08:39.000000;ae613db5-7640-45fe-9874-2e21f2affb32;400.25;12.8136;UNKNOWN
2016-01-25T00:08:39.000000;2016-01-25T00:08:39.000000;c64251eb-cbe8-42de-83bb-17d93359d5a5;400.24;6.1864;UNKNOWN
2016-01-25T00:08:39.000000;2016-01-25T00:08:39.000000;4e1f7059-e58a-43e9-a4b6-0d66a6f90aa7;400.24;1.0;UNKNOWN
2016-01-25T00:08:45.000000;2016-01-25T00:08:45.000000;bae77768-8aba-4165-9d84-f35fe78b9f07;400.25;20.0;UNKNOWN
2016-01-25T00:08:51.000000;2016-01-25T00:08:51.000000;608cac19-80e7-4307-bc10-5dfaa5c7984d;400.25;7.6;UNKNOWN
2016-01-25T00:08:52.000000;2016-01-25T00:08:52.000000;6b9d77e6-b78e-4ff1-af19-e86c8696c9a8;400.04;0.37;UNKNOWN
2016-01-25T00:08:52.000000;2016-01-25T00:08:52.000000;d50ad9ab-dc81-48f7-ad5b-b633b83e2dae;400.06;0.5;UNKNOWN
2016-01-25T00:08:52.000000;2016-01-25T00:08:52.000000;6f4648fa-8f95-44ff-9914-21558cb1faaa;399.69;6.85275;UNKNOWN
2016-01-25T00:08:52.000000;2016-01-25T00:08:52.000000;2add2f97-ee98-41d4-b151-f2112b757734;399.96;7.97;UNKNOWN
2016-01-25T00:08:52.000000;2016-01-25T00:08:52.000000;3155400e-1f20-4186-b877-c747b284fe5c;399.93;20.6715;UNKNOWN
2016-01-25T00:08:52.000000;2016-01-25T00:08:52.000000;be94c1a8-0b13-41a3-80ad-3a49c5fcafef;400.06;0.37;UNKNOWN
2016-01-25T00:08:52.000000;2016-01-25T00:08:52.000000;76a02264-0f73-4f81-974b-a5addd82d709;399.94;9.43;UNKNOWN
2016-01-25T00:08:52.000000;2016-01-25T00:08:52.000000;48c114d2-ae8d-4d9c-b250-5b05752fd7a2;400.05;2.6;UNKNOWN
2016-01-25T00:08:52.000000;2016-01-25T00:08:52.000000;8fe859f2-f11e-47eb-b6fc-10f1a7bac75f;400.05;1.0;UNKNOWN
2016-01-25T00:08:52.000000;2016-01-25T00:08:52.000000;7752b6c4-9c55-4590-bcfb-aea1296e213a;400.03;0.23575;UNKNOWN
2016-01-25T00:08:57.000000;2016-01-25T00:08:57.000000;5aef07a9-3890-494f-af1b-d0f746187b0c;400.25;9.0002;UNKNOWN
2016-01-25T00:08:57.000000;2016-01-25T00:08:57.000000;d608e306-8abe-4b2d-baf1-ce4ebdfd1efb;400.24;1.0;UNKNOWN
2016-01-25T00:08:57.000000;2016-01-25T00:08:57.000000;72a23f8a-b82c-4d47-9375-976601aca882;400.24;6.1998;UNKNOWN
2016-01-25T00:09:03.000000;2016-01-25T00:09:03.000000;516f6d9c-9bc5-4745-9e33-816a3fa5f510;400.25;2.1;UNKNOWN
2016-01-25T00:09:10.000000;2016-01-25T00:09:10.000000;25c4877e-42c3-4a31-9414-4cecfeefbf74;400.25;0.2;UNKNOWN
2016-01-25T00:09:16.000000;2016-01-25T00:09:16.000000;b188baaf-c2d1-4d58-b2ac-a6b600e8a0f1;400.12;1.0;UNKNOWN
2016-01-25T00:09:16.000000;2016-01-25T00:09:16.000000;eb79665b-a7e7-47f5-bf34-a4a017f49ad4;400.12;0.23558829;UNKNOWN
2016-01-25T00:09:26.000000;2016-01-25T00:09:26.000000;926df84c-b924-4543-8658-7e2c9a40f991;400.24;0.3;UNKNOWN
2016-01-25T00:09:45.000000;2016-01-25T00:09:45.000000;6ab20b95-9e40-4c5a-a3bd-c59ccf2f03ab;400.44;1.0;UNKNOWN
2016-01-25T00:09:48.000000;2016-01-25T00:09:48.000000;405c4bff-9c5d-4748-9130-1401213cf825;400.44;0.62322614;UNKNOWN
2016-01-25T00:09:57.000000;2016-01-25T00:09:57.000000;0bd44912-4562-482b-ab28-5b636847f1b0;400.53;2.49103228;UNKNOWN
2016-01-25T00:09:57.000000;2016-01-25T00:09:57.000000;b32ec774-4364-4a3f-b695-f0bba301d0f5;400.61;3.03462702;UNKNOWN
2016-01-25T00:09:57.000000;2016-01-25T00:09:57.000000;009d7433-c5cb-4fc1-9646-083d47b73a3d;400.48;2.49087716;UNKNOWN
2016-01-25T00:10:05.000000;2016-01-25T00:10:05.893000;776b29b7-3fea-4204-aa8d-9a9faffa2344;400.52;12.0;SELL
2016-01-25T00:10:06.000000;2016-01-25T00:10:06.103000;cf3dceb4-c0e7-4c8a-8ce5-82039b7e3c73;400.52;5.9837;SELL
2016-01-25T00:10:15.000000;2016-01-25T00:10:16.007000;b141f377-d502-4117-8b90-74952a459d61;400.62;0.4644;BUY
2016-01-25T00:10:33.000000;2016-01-25T00:10:33.893000;ef16c644-a5e4-4fb6-a428-be12150e8088;400.73;0.62395488;BUY
2016-01-25T00:10:38.000000;2016-01-25T00:10:38.423000;f318aa7c-113d-4610-9c0f-27816305de72;400.73;5.0;BUY
2016-01-25T00:11:06.000000;2016-01-25T00:11:06.033000;5ec2ab54-c814-4b21-bd8f-3e3bc5fdf252;400.72;9.30355277;SELL
2016-01-25T00:11:23.000000;2016-01-25T00:11:23.557000;23e0ce8a-ec49-4a9e-9e3d-bdc40fab3437;400.73;1.0;BUY
2016-01-25T00:11:26.000000;2016-01-25T00:11:26.547000;a86d5dd7-bbe9-4745-826b-d1e2e50ddf1b;400.73;1.0;BUY
2016-01-25T00:11:32.000000;2016-01-25T00:11:32.127000;fb278c80-cafc-458c-b3db-f1910df9c548;400.73;1.0;BUY
2016-01-25T00:11:34.000000;2016-01-25T00:11:35.883000;8fb3c5ca-d643-4a1a-bbcb-20c2f6e5a0a9;400.73;0.1;BUY
2016-01-25T00:11:37.000000;2016-01-25T00:11:38.033000;261fdf80-bab2-4044-9fd8-c40dd7bc1fb2;400.73;0.143;BUY
2016-01-25T00:11:45.000000;2016-01-25T00:11:45.110000;98dc7094-cc62-4d8a-9a32-b67d434263a3;400.73;0.188;BUY
2016-01-25T00:12:30.000000;2016-01-25T00:12:30.763000;2d0aa0d0-73e0-49ac-b834-44646426a2f3;400.72;0.37;SELL
2016-01-25T00:12:30.000000;2016-01-25T00:12:30.770000;6d352d1a-1adf-4ef8-9d26-43bcbdd9966a;400.72;0.37;SELL
2016-01-25T00:12:30.000000;2016-01-25T00:12:30.777000;610775b6-87d7-4f44-8a5c-83ce9b6dad9f;400.66;0.0216376;SELL
2016-01-25T00:12:38.000000;2016-01-25T00:12:39.213000;583f51a3-e07b-4826-a138-6bb92d77d15f;400.67;0.37;SELL
2016-01-25T00:12:38.000000;2016-01-25T00:12:39.247000;7c551777-71c2-47ed-ab25-48622671e0ec;400.64;1.0;SELL
2016-01-25T00:12:38.000000;2016-01-25T00:12:39.260000;b1459c9b-082e-4590-b08f-7884c6f304bd;400.5;4.1;SELL
2016-01-25T00:12:38.000000;2016-01-25T00:12:39.273000;9e0d9580-f56c-4150-8a7e-920c506e64b2;400.43;0.6;SELL
2016-01-25T00:12:38.000000;2016-01-25T00:12:39.293000;c4335e1e-ea09-43ea-8295-2b47d3406b80;400.25;0.3;SELL
2016-01-25T00:12:38.000000;2016-01-25T00:12:39.310000;9f185eca-e080-4e9a-90df-46d55ab480b1;400.23;0.112;SELL
2016-01-25T00:12:38.000000;2016-01-25T00:12:39.317000;830f02b0-feb6-46f8-9df5-5870e723e5b2;400.21;0.51;SELL
2016-01-25T00:12:38.000000;2016-01-25T00:12:39.647000;a229d36d-69d3-443e-b3b0-7fd18e2eae63;400.21;18.221;SELL
2016-01-25T00:12:38.000000;2016-01-25T00:12:39.690000;9c29c6ad-9421-44df-9c52-d244534d9df6;400.2;21.6363;SELL
2016-01-25T00:12:38.000000;2016-01-25T00:12:39.723000;c36f36e5-b349-4d22-aa15-283389ecfa02;400.04;0.05;SELL
2016-01-25T00:12:38.000000;2016-01-25T00:12:39.733000;dc8ed622-aa7c-490e-be1a-3584190dfc24;399.97;1.52;SELL
2016-01-25T00:12:38.000000;2016-01-25T00:12:39.743000;1a40e8a8-1e1a-49e2-a376-4545fdbd1f5d;399.96;1.5807;SELL
2016-01-25T00:12:48.000000;2016-01-25T00:12:49.347000;0c3deb2c-fefd-4fce-b05b-f311eed75738;399.55;15.0;SELL
2016-01-25T00:12:48.000000;2016-01-25T00:12:49.363000;cc586d41-9a55-47e4-acaf-ebeb6826ea3b;399.46;8.29;SELL
2016-01-25T00:12:48.000000;2016-01-25T00:12:49.383000;f3c234c3-c3e1-40f1-a455-3c66385a0a18;399.46;1.48113448;SELL
2016-01-25T00:12:51.000000;2016-01-25T00:12:51.983000;d330ec67-61a2-4607-a61f-e1b314835d95;399.26;0.5;SELL
2016-01-25T00:12:57.000000;2016-01-25T00:12:57.680000;6edf4fbb-af72-4071-97c2-3d310aba7b5a;399.27;1.0;SELL
2016-01-25T00:12:57.000000;2016-01-25T00:12:57.703000;5454d0d7-d15e-4838-8ef0-2720cbb97612;399.27;2.57;SELL
2016-01-25T00:12:57.000000;2016-01-25T00:12:57.720000;0861633c-7c35-4f2c-bccb-de75f442dad0;399.26;7.82;SELL
2016-01-25T00:12:57.000000;2016-01-25T00:12:57.740000;e633eed4-ee2b-4f9b-81de-c385abfe1cbd;399.2;0.1;SELL
2016-01-25T00:12:57.000000;2016-01-25T00:12:57.753000;caf21285-73e9-4191-91f7-88767aed2c82;399.04;4.51;SELL
2016-01-25T00:12:57.000000;2016-01-25T00:12:57.913000;01b175ef-cbc4-4bc8-87e1-24d845f3a489;399.04;1.0;SELL
2016-01-25T00:13:04.000000;2016-01-25T00:13:05.253000;0f05e3b7-cae5-4e90-91fc-d38260186bbb;399.97;0.178;BUY
2016-01-25T00:13:12.000000;2016-01-25T00:13:12.430000;0a920f20-99d7-4940-87d5-f9fba92adb81;399.96;0.01;SELL
2016-01-25T00:13:12.000000;2016-01-25T00:13:12.460000;31f84d4e-fc85-45c5-9c2e-bf53d76f689d;399.17;20.3332;SELL
2016-01-25T00:13:12.000000;2016-01-25T00:13:12.477000;f4d38b64-a7fc-49d1-afb9-e526c0872d5d;399.04;0.067479;SELL
2016-01-25T00:13:12.000000;2016-01-25T00:13:12.490000;a430b7b4-db53-4eeb-a37d-0311ce6b8c25;399.01;1.0;SELL
2016-01-25T00:13:12.000000;2016-01-25T00:13:12.507000;83107deb-2148-4ff7-9b7a-63b32d681fd4;399.0;0.02;SELL
2016-01-25T00:13:12.000000;2016-01-25T00:13:12.523000;2347011a-cf93-46a1-ac78-5db6d0735b88;399.0;0.5;SELL
2016-01-25T00:13:12.000000;2016-01-25T00:13:12.537000;4be4704c-16e8-44d1-a561-03f01553a5bc;399.0;0.05;SELL
2016-01-25T00:13:12.000000;2016-01-25T00:13:12.553000;8fb717ae-af16-4983-90f1-5cf0420dceb8;399.0;0.01;SELL
2016-01-25T00:13:12.000000;2016-01-25T00:13:12.567000;f022dacc-2356-4605-bf59-1c4c478e3751;398.98;2.49267776;SELL
2016-01-25T00:13:12.000000;2016-01-25T00:13:12.583000;7cb18fdb-7225-4a58-a042-2d25a89379cd;398.98;21.8172;SELL
2016-01-25T00:13:12.000000;2016-01-25T00:13:12.907000;f49efb38-a362-434d-a778-8158a52e6d37;398.96;2.49233607;SELL
2016-01-25T00:13:12.000000;2016-01-25T00:13:12.933000;0690737d-17ca-48cf-8ea0-223d2f712403;398.93;2.4903809;SELL
2016-01-25T00:13:12.000000;2016-01-25T00:13:12.947000;06ae5be2-ca9a-46d3-b57a-ffcf4a134e45;398.92;20.1486;SELL
2016-01-25T00:13:12.000000;2016-01-25T00:13:12.957000;71d2ea34-4435-437d-a208-7b694ec1bc1b;398.85;0.50400803;SELL
2016-01-25T00:13:12.000000;2016-01-25T00:13:12.967000;5c354d38-f4b9-460c-9791-e08a16f0d4b2;398.84;2.49267776;SELL
2016-01-25T00:13:12.000000;2016-01-25T00:13:12.990000;2f01ca43-8e06-44f0-91eb-f025fac85b62;398.8;8.5;SELL
2016-01-25T00:13:12.000000;2016-01-25T00:13:13.000000;e503fed6-7ce3-4e73-94d2-9f2225956584;398.8;2.49519675;SELL
2016-01-25T00:13:12.000000;2016-01-25T00:13:13.023000;130e6248-f390-4aed-adb8-b4f6ba1bf066;398.77;0.51;SELL
2016-01-25T00:13:12.000000;2016-01-25T00:13:13.043000;5fb3b247-07a5-4271-8732-e4b386eca1da;398.76;24.5861;SELL
2016-01-25T00:13:12.000000;2016-01-25T00:13:13.063000;390d5acc-47c0-4b63-8c78-a72685b0ef41;398.72;2.49519675;SELL
2016-01-25T00:13:12.000000;2016-01-25T00:13:13.077000;54536db0-52d3-4045-b837-655fa87fb0c5;398.67;16.0828;SELL
2016-01-25T00:13:12.000000;2016-01-25T00:13:13.097000;205bc362-1376-4b06-a579-3ed1a69875a3;398.63;2.49529014;SELL
2016-01-25T00:13:12.000000;2016-01-25T00:13:13.107000;52aed303-89bf-46e9-af87-6e13cdb77dd5;398.56;6.31;SELL
2016-01-25T00:13:12.000000;2016-01-25T00:13:13.117000;4af775cf-10d2-47aa-94bd-0082a8c64bca;398.55;15.0;SELL
2016-01-25T00:13:12.000000;2016-01-25T00:13:13.130000;177cbf69-868b-4544-8ef1-0786892c4e72;398.52;2.4978768;SELL
2016-01-25T00:13:12.000000;2016-01-25T00:13:13.147000;57f29ecc-51a6-4f04-ad35-6464deb75bbe;398.49;1.0;SELL
2016-01-25T00:13:12.000000;2016-01-25T00:13:13.167000;836f1d77-d464-4172-93ab-7c2ca49ea918;398.49;13.69;SELL
2016-01-25T00:13:12.000000;2016-01-25T00:13:13.190000;58d22193-9fc0-41d5-9bb6-e99e5d2408ca;398.48;17.5215;SELL
2016-01-25T00:13:12.000000;2016-01-25T00:13:13.217000;d3523847-fe5f-4a9f-b288-8a487aafe701;398.48;12.38748004;SELL
2016-01-25T00:13:17.000000;2016-01-25T00:13:17.757000;5a473cc9-0d37-4903-9ed3-25b2c4467108;399.2;0.1;SELL
2016-01-25T00:13:17.000000;2016-01-25T00:13:17.767000;6442424f-69e0-4f51-b065-300d53a95e2b;398.44;1.9;SELL
2016-01-25T00:13:23.000000;2016-01-25T00:13:23.577000;1825e1a8-9705-40d2-a63f-776b3775d833;398.69;0.522;SELL
2016-01-25T00:13:23.000000;2016-01-25T00:13:23.597000;20c52380-99f4-4d2c-a722-91599db54762;398.69;0.478;SELL
2016-01-25T00:13:23.000000;2016-01-25T00:13:23.617000;3b2537cd-7a78-49a0-92bf-e7f6c6bdae72;398.69;0.222;SELL
2016-01-25T00:13:23.000000;2016-01-25T00:13:23.637000;e95c0772-8b40-4618-8c65-a35a3dcf920f;398.69;0.7;SELL
2016-01-25T00:13:23.000000;2016-01-25T00:13:23.647000;88243efe-a107-4683-8289-5dea0ace5887;398.36;2.4978768;SELL
2016-01-25T00:13:23.000000;2016-01-25T00:13:23.650000;20612bf9-c980-4f87-acf4-a30d21427ea2;398.31;3.5801232;SELL
2016-01-25T00:13:23.000000;2016-01-25T00:13:23.677000;065343c6-795c-482a-ab1f-1c89da43584d;398.31;8.0;SELL
2016-01-25T00:13:23.000000;2016-01-25T00:13:23.690000;b89a45b4-437d-4c22-ac7c-66c31eefed16;398.31;10.0;SELL
2016-01-25T00:13:23.000000;2016-01-25T00:13:23.700000;1b5dcf5a-9e1e-4669-9281-212730a115e3;398.31;0.597;SELL
2016-01-25T00:13:30.000000;2016-01-25T00:13:31.020000;482e0a84-4c65-4968-b298-ad581e4e5e0e;398.47;0.7;SELL
2016-01-25T00:13:30.000000;2016-01-25T00:13:31.043000;a4dc5b1f-33e5-42f7-8c56-cc8113423971;398.47;0.7;SELL
2016-01-25T00:13:30.000000;2016-01-25T00:13:31.067000;281bf906-1dcf-40cc-adb0-31c1173809b0;398.47;0.01;SELL
2016-01-25T00:13:30.000000;2016-01-25T00:13:31.090000;184c58f3-1384-4922-8acc-0401840bcee2;398.47;0.7;SELL
2016-01-25T00:13:30.000000;2016-01-25T00:13:31.110000;90f9a5a7-dc26-4392-bdb4-1ecbbfb813ee;398.47;0.69;SELL
2016-01-25T00:13:30.000000;2016-01-25T00:13:31.130000;8368aa26-134a-4d6b-bde8-cdf902c89481;398.31;1.34;SELL
2016-01-25T00:13:35.000000;2016-01-25T00:13:35.207000;99f4f756-876b-47bf-aafe-b29ea7a07aae;398.47;0.1;SELL
2016-01-25T00:13:35.000000;2016-01-25T00:13:35.250000;f7529bb0-3fdf-4b95-ac7f-196fe26f805f;398.47;0.6;SELL
2016-01-25T00:13:35.000000;2016-01-25T00:13:35.270000;0c471c0b-d8f6-4408-87ad-d24e711ae525;398.32;0.166;SELL
2016-01-25T00:13:35.000000;2016-01-25T00:13:35.280000;d14d9b10-844e-4b59-a9d5-6a02601f4562;398.11;20.5189;SELL
2016-01-25T00:13:35.000000;2016-01-25T00:13:35.303000;2fc97726-f6ef-43ac-b04e-4f6c0dcb22ba;398.1;0.01;SELL
2016-01-25T00:13:35.000000;2016-01-25T00:13:35.303000;e2e8f510-9a87-43a7-b84c-c52c850f925a;398.1;1.065;SELL
2016-01-25T00:13:35.000000;2016-01-25T00:13:35.327000;32e96eaa-2084-4f28-a769-1d038fa2b9af;398.09;15.0;SELL
2016-01-25T00:13:35.000000;2016-01-25T00:13:35.350000;cdff04f4-e1a2-42bf-bf7c-c32b461f6f5a;398.09;16.4546;SELL
2016-01-25T00:13:35.000000;2016-01-25T00:13:35.367000;8352d09e-e174-4b6b-8b0f-217bb972c2f2;398.0;38.4114;SELL
2016-01-25T00:13:35.000000;2016-01-25T00:13:35.367000;9c545441-6090-4392-bb61-e7ea36ad8a89;398.0;0.6;SELL
2016-01-25T00:13:35.000000;2016-01-25T00:13:35.370000;50965836-011f-4280-85c1-5f18d8472dae;398.0;2.0;SELL
2016-01-25T00:13:35.000000;2016-01-25T00:13:35.387000;e14e98e9-a396-46e0-8d14-aa9b3e6a3a35;398.0;0.05;SELL
2016-01-25T00:13:35.000000;2016-01-25T00:13:35.393000;64529cae-9e74-41a9-91d0-bdd757eb605d;398.0;22.15408826;SELL
2016-01-25T00:13:54.000000;2016-01-25T00:13:54.760000;b1554507-6cca-4494-a553-6b4f0b42087c;399.14;0.01;BUY
2016-01-25T00:14:03.000000;2016-01-25T00:14:03.457000;ee776b3a-c8a9-402f-a991-06ad9c25595e;399.09;0.05;BUY
2016-01-25T00:14:08.000000;2016-01-25T00:14:09.033000;6759d7b6-c05c-4e29-898c-5b7d9e892ded;398.24;0.534;SELL
2016-01-25T00:14:08.000000;2016-01-25T00:14:09.053000;74126aca-3017-4aa5-a631-88b92ddb1649;398.24;3.466;SELL
2016-01-25T00:14:19.000000;2016-01-25T00:14:19.640000;b4fe00f6-36a4-44e5-894a-47f87162ea67;399.01;0.021962;SELL
2016-01-25T00:14:19.000000;2016-01-25T00:14:19.653000;b6cffa57-d881-4ddc-8155-db0e6426a075;398.27;0.084;SELL
2016-01-25T00:14:19.000000;2016-01-25T00:14:19.653000;355e48d1-6b13-44ed-850c-942816cfdd3f;398.27;0.914038;SELL
2016-01-25T00:14:19.000000;2016-01-25T00:14:20.243000;6924f656-5aab-4069-9ec0-efb485ce6eb5;399.03;0.3;BUY
2016-01-25T00:14:21.000000;2016-01-25T00:14:22.100000;210f2455-10f2-4f9a-ab32-72b173e064a0;399.0;0.7;BUY
2016-01-25T00:14:23.000000;2016-01-25T00:14:23.250000;4c34df9c-ba37-4676-85fa-1d8d228d79da;399.0;0.7;BUY
2016-01-25T00:14:33.000000;2016-01-25T00:14:33.653000;6a9b45c0-f86e-4b88-ba6f-fc5aa057e79a;398.97;2.0355;SELL
2016-01-25T00:14:35.000000;2016-01-25T00:14:35.897000;d26cee80-c97d-41f0-8b2f-89a8e13d59bd;398.98;0.37;BUY
2016-01-25T00:14:36.000000;2016-01-25T00:14:36.980000;efc628a6-5262-4371-8b36-6462177ddb7a;398.97;0.4945;SELL
2016-01-25T00:14:36.000000;2016-01-25T00:14:36.983000;36aa3901-d244-4d87-acb1-5a8513c69685;398.96;0.032757;SELL
2016-01-25T00:14:36.000000;2016-01-25T00:14:37.007000;9d5c36ca-0f5e-4d8b-8d38-0a0f3466a560;398.42;1.517343;SELL
2016-01-25T00:14:37.000000;2016-01-25T00:14:37.193000;9f1f84dd-fcf2-4b61-8968-e6b6c23963f1;398.98;0.37;BUY
2016-01-25T00:14:37.000000;2016-01-25T00:14:37.890000;43cd27b4-12f2-4576-ab3c-f75249487c7e;398.98;0.7;BUY
2016-01-25T00:14:38.000000;2016-01-25T00:14:38.683000;5c7fd930-cf36-41db-926a-5b22206c3dd0;398.98;0.7;BUY
2016-01-25T00:14:40.000000;2016-01-25T00:14:40.903000;858412e0-8bc3-424f-800b-390c17fc5b9d;398.43;2.0513;SELL
2016-01-25T00:14:41.000000;2016-01-25T00:14:41.113000;3e10e4ed-6541-4841-b8e7-cbd75f3c87c5;399.0;29.21342274;BUY
2016-01-25T00:14:45.000000;2016-01-25T00:14:45.840000;83cebc07-4cec-4295-b28f-083b3b748521;399.0;1.0315;SELL
2016-01-25T00:14:49.000000;2016-01-25T00:14:49.783000;17e5cbae-6f6e-453b-871c-3a823e700e7d;399.01;0.386;SELL
2016-01-25T00:14:49.000000;2016-01-25T00:14:49.797000;2d220d13-722d-4f55-bed6-9abc97908382;399.01;1.6645;SELL
2016-01-25T00:15:04.000000;2016-01-25T00:15:04.777000;0996fe56-ad0c-4f44-ae82-577a9062c783;399.11;0.3;BUY
2016-01-25T00:15:08.000000;2016-01-25T00:15:08.297000;024426b5-415d-4608-9318-223efcf5517b;399.1;0.06522159;SELL
2016-01-25T00:15:17.000000;2016-01-25T00:15:17.243000;64363bc4-f7b5-4071-8574-63a7e932e59d;399.12;0.616;BUY
2016-01-25T00:15:17.000000;2016-01-25T00:15:18.080000;b74167b8-0ebe-4ada-b8e4-da61dfc6d55c;399.12;0.314;BUY
2016-01-25T00:15:19.000000;2016-01-25T00:15:19.630000;47c4903a-ae61-48e8-82a2-d4f40cd62dd4;399.12;0.429;BUY
2016-01-25T00:15:20.000000;2016-01-25T00:15:20.300000;37f940f2-473e-4504-9162-5f11bdc1932f;399.12;0.7;BUY
2016-01-25T00:15:21.000000;2016-01-25T00:15:21.067000;0f25c284-3fc5-4e02-aed1-120b1dd8b3e9;399.12;0.271;BUY
2016-01-25T00:15:25.000000;2016-01-25T00:15:26.017000;b792a048-5c4e-41a2-9a03-edc817a09b90;399.11;0.3495;SELL
2016-01-25T00:15:48.000000;2016-01-25T00:15:48.963000;69375277-0751-41ad-9e58-2632905acd8c;399.1;2.0;SELL
2016-01-25T00:15:51.000000;2016-01-25T00:15:51.340000;8ecf5b30-463d-4713-a812-2dd08bf48dd2;399.1;4.5;SELL
2016-01-25T00:16:35.000000;2016-01-25T00:16:36.160000;ad2876b0-378a-4655-9dbe-75f23f2c2335;399.1;0.7;SELL
2016-01-25T00:17:01.000000;2016-01-25T00:17:01.363000;413a742e-97cb-470d-ad9f-24695bf8e250;399.11;0.11518;BUY
2016-01-25T00:17:47.000000;2016-01-25T00:17:47.583000;9585983d-1383-42b6-b3ae-ba3b10f7f520;399.11;0.4;BUY
2016-01-25T00:18:12.000000;2016-01-25T00:18:12.110000;2e5bb3ca-cbe7-434f-a3bd-6546c9f81c6a;399.1;1.0;SELL
2016-01-25T00:18:12.000000;2016-01-25T00:18:12.740000;6b48f03c-5191-40d7-8022-0011d6bef1a2;399.1;41.73477841;SELL
2016-01-25T00:18:12.000000;2016-01-25T00:18:12.773000;b6597584-a3f7-4480-978d-5ff1188561ae;399.1;0.3;SELL
2016-01-25T00:18:12.000000;2016-01-25T00:18:12.777000;71030db6-3f40-48c4-9a01-dbe5c9aad7f4;399.1;0.37;SELL
2016-01-25T00:18:14.000000;2016-01-25T00:18:14.207000;caed0c4d-1355-4651-9572-0d94fe8be5d1;399.1;0.45;BUY
2016-01-25T00:18:24.000000;2016-01-25T00:18:24.880000;21bd7c53-e915-4c14-8895-02da654dd11f;399.07;3.0;BUY
2016-01-25T00:18:24.000000;2016-01-25T00:18:24.903000;3c27bf36-9630-4167-9b93-3ec1779eb9d0;399.07;0.5;BUY
2016-01-25T00:18:24.000000;2016-01-25T00:18:24.907000;a586cd11-1739-42f2-84cd-1879875a5a7a;399.08;19.84;BUY
2016-01-25T00:18:24.000000;2016-01-25T00:18:25.247000;7cedd012-2da2-4db0-9fa4-eab35fd62366;399.08;3.0;BUY
2016-01-25T00:18:24.000000;2016-01-25T00:18:25.270000;6e1b91c7-16d4-40bd-b8d9-067ccbad89f3;399.09;6.2134;BUY
2016-01-25T00:18:24.000000;2016-01-25T00:18:25.283000;97bb6d2f-07b0-410b-a85d-8a0017fe68e8;399.1;7.14522159;BUY
2016-01-25T00:18:24.000000;2016-01-25T00:18:25.293000;3773c685-816e-4898-86fe-0888be8cc269;399.1;3.83;BUY
2016-01-25T00:18:24.000000;2016-01-25T00:18:25.320000;e59ee91e-813e-41a8-adb7-8ee95a1239a1;399.1;1.0;BUY
2016-01-25T00:18:24.000000;2016-01-25T00:18:25.333000;361ce6ef-8f5a-4ddb-a000-c3fac17acc2d;399.11;1.98357062;BUY
2016-01-25T00:18:24.000000;2016-01-25T00:18:25.353000;c2a41459-e749-4116-834b-e40e4fc40fa9;399.11;2.49884428;BUY
2016-01-25T00:18:24.000000;2016-01-25T00:18:25.377000;289465dc-761c-4a05-bc9b-b4ca3eabb339;399.11;2.49893795;BUY
2016-01-25T00:18:24.000000;2016-01-25T00:18:25.390000;d3980553-3a93-4855-b8fd-cbaf5a375af0;399.11;2.49946886;BUY
2016-01-25T00:18:24.000000;2016-01-25T00:18:25.407000;9e60858d-593b-4115-806b-5a1321cd81da;399.11;2.49953134;BUY
2016-01-25T00:18:24.000000;2016-01-25T00:18:25.430000;7e273792-8e1d-4781-8800-0a3028b18f47;399.11;2.5015009;BUY
2016-01-25T00:18:24.000000;2016-01-25T00:18:25.430000;ecea8c85-385e-4a6e-8902-0b629a9b2c17;399.11;2.50153219;BUY
2016-01-25T00:18:24.000000;2016-01-25T00:18:25.460000;3b101965-dfa6-4526-9e8c-ffe1dbd131a0;399.11;2.48799227;BUY
2016-01-25T00:18:35.000000;2016-01-25T00:18:35.850000;af203b15-1dff-4118-84ac-fe0dc1082c77;399.0;0.4;SELL
2016-01-25T00:18:35.000000;2016-01-25T00:18:35.863000;bc10ab38-a683-44de-b7d7-45aa87bfc906;399.0;0.8584;SELL
2016-01-25T00:18:35.000000;2016-01-25T00:18:35.877000;c0149f36-97ed-43d0-877c-401b650f5f41;398.98;1.0;SELL
2016-01-25T00:18:35.000000;2016-01-25T00:18:35.890000;497a9a60-84a6-4a62-a9be-e557e0f81ab6;398.55;7.6306;SELL
2016-01-25T00:18:35.000000;2016-01-25T00:18:35.917000;f76ce528-2171-43ee-954e-0f0980d5f0b3;398.51;6.221;SELL
2016-01-25T00:18:35.000000;2016-01-25T00:18:35.960000;8b8fb92d-593c-41ce-987d-bc83f7383b5a;398.5;15.0;SELL
2016-01-25T00:18:35.000000;2016-01-25T00:18:35.970000;d6d821ef-8779-4d7d-b73d-ed711dab4e68;398.15;18.89;SELL
2016-01-25T00:18:38.000000;2016-01-25T00:18:38.420000;3d1b8124-e811-4970-a216-dad608c722c6;397.95;4.84170783;SELL
2016-01-25T00:18:38.000000;2016-01-25T00:18:38.443000;b349b551-f9b8-49e6-953f-4e7187dcf392;397.95;3.0;SELL
2016-01-25T00:18:40.000000;2016-01-25T00:18:40.703000;11a200c4-0819-4d07-b129-f12b8575a042;397.98;0.02;SELL
2016-01-25T00:19:05.000000;2016-01-25T00:19:05.680000;37bff244-a12d-42ac-aac5-721ef408c9a9;397.99;0.38413268;SELL
2016-01-25T00:19:06.000000;2016-01-25T00:19:07.027000;c130c48c-299d-440d-a9f3-5d8f252f4a16;398.04;9.6;SELL
2016-01-25T00:19:13.000000;2016-01-25T00:19:13.993000;d9c43cdd-92ea-499d-bd66-c8e40dc0903a;398.33;0.01;BUY
2016-01-25T00:19:40.000000;2016-01-25T00:19:40.683000;17811f10-2a99-4818-83f2-617dce093dab;398.33;10.0;BUY
2016-01-25T00:19:45.000000;2016-01-25T00:19:46.290000;89d039e7-a222-45b8-b91f-e6fdc1ada2f9;398.16;8.16836703;SELL
2016-01-25T00:20:00.000000;2016-01-25T00:20:00.000000;1e79c094-72f1-4d5f-9e79-4c2ac7e16b0e;398.22;0.039801;UNKNOWN
2016-01-25T00:20:14.000000;2016-01-25T00:20:14.000000;a21a4cf2-c664-4885-a183-9df7f9405d1a;398.2;1.0;UNKNOWN
2016-01-25T00:20:25.000000;2016-01-25T00:20:25.000000;9dbbb1f3-70f0-4bc5-aef2-31c1dda25fa2;398.2;2.960199;UNKNOWN
2016-01-25T00:20:25.000000;2016-01-25T00:20:25.000000;7a8f1282-7f46-44d1-88ae-71f263fbf8b7;398.38;1.0;UNKNOWN
2016-01-25T00:20:25.000000;2016-01-25T00:20:25.000000;96e6a12a-8aa3-46b3-a8c1-5287bf0e5bc4;398.37;6.2179;UNKNOWN
2016-01-25T00:20:49.000000;2016-01-25T00:20:49.000000;06f8278f-fd1b-4e3e-9b35-337310f01d2a;398.68;2.50391236;UNKNOWN
2016-01-25T00:20:49.000000;2016-01-25T00:20:49.000000;8373b814-934a-4a9b-bc9b-149378a3ad74;398.72;0.64708764;UNKNOWN
2016-01-25T00:20:55.000000;2016-01-25T00:20:55.000000;c8fbd7b5-5712-493d-9c71-8ab665479626;398.57;2.29735599;UNKNOWN
2016-01-25T00:20:55.000000;2016-01-25T00:20:55.000000;9b268eec-3208-4fef-8017-299c0cf2d0a9;398.57;0.37;UNKNOWN
2016-01-25T00:20:55.000000;2016-01-25T00:20:55.000000;f528a053-cdb4-41d2-801e-54056bff16ec;398.57;0.5;UNKNOWN
2016-01-25T00:21:05.000000;2016-01-25T00:21:05.000000;3e2a8af6-bc21-4b9e-a0ce-c9aeff7a63e1;398.62;0.37;UNKNOWN
2016-01-25T00:21:05.000000;2016-01-25T00:21:05.000000;54e29c9c-5c0a-4133-bae5-2bc4931295ae;398.6;8.11356987;UNKNOWN
2016-01-25T00:21:05.000000;2016-01-25T00:21:05.000000;6e4c9fa2-3f88-4700-87a6-4645bfd2c6dd;398.61;6.2557;UNKNOWN
2016-01-25T00:21:06.000000;2016-01-25T00:21:06.000000;cc0d8e69-5905-4c27-8a74-bc790d743e4d;398.6;4.17706814;UNKNOWN
2016-01-25T00:21:10.000000;2016-01-25T00:21:10.000000;4282bd19-87c2-4af2-9322-b596b2f03823;398.6;0.3;UNKNOWN
2016-01-25T00:21:13.000000;2016-01-25T00:21:13.000000;1df5a9ab-c813-48e5-91bb-b251ea335d0a;398.75;2.0329;UNKNOWN
2016-01-25T00:21:14.000000;2016-01-25T00:21:14.000000;d4826ef0-fc8c-47da-839c-57ab38566eef;398.75;7.9671;UNKNOWN
2016-01-25T00:21:35.000000;2016-01-25T00:21:35.000000;21f00664-7430-4b20-a53a-12d93fe0b053;398.75;35.19;UNKNOWN
2016-01-25T00:21:35.000000;2016-01-25T00:21:35.000000;b9dff284-2286-4ffb-9fea-2148ce1ef9fa;398.77;11.31;UNKNOWN
2016-01-25T00:21:35.000000;2016-01-25T00:21:35.000000;b8c7533d-4fbb-4e33-bbde-0e367ef01555;398.77;0.5;UNKNOWN
2016-01-25T00:21:35.000000;2016-01-25T00:21:35.000000;42e05497-41bf-492b-a5aa-419c885b6018;398.77;3.0;UNKNOWN
2016-01-25T00:21:36.000000;2016-01-25T00:21:36.000000;39980f8e-5a53-409d-9b54-442d8369888b;398.75;2.0;UNKNOWN
2016-01-25T00:22:00.000000;2016-01-25T00:22:00.000000;8dee1ab5-1013-4d73-bef9-9a3a02db92f3;398.76;0.9;UNKNOWN
2016-01-25T00:22:06.000000;2016-01-25T00:22:06.000000;b2d5c333-3ce8-4de0-ad77-df3cdd40563e;399.03;1.0231;UNKNOWN
2016-01-25T00:22:06.000000;2016-01-25T00:22:06.000000;f4255bb5-1741-4d48-a5c2-0d18470e80a4;398.35;2.49890673;UNKNOWN
2016-01-25T00:22:06.000000;2016-01-25T00:22:06.000000;9f005f84-d203-4e94-ad92-e4be1dd0c57c;398.75;4.8429;UNKNOWN
2016-01-25T00:22:06.000000;2016-01-25T00:22:06.000000;2fb6b4d9-0ba8-4f4f-aa39-97666ff74a52;398.35;0.33690374;UNKNOWN
2016-01-25T00:23:06.000000;2016-01-25T00:23:06.000000;e5e3f473-efbc-4311-b753-1a5f2ae909ee;398.4;1.0;UNKNOWN
2016-01-25T00:23:06.000000;2016-01-25T00:23:06.000000;384ee16f-72cf-43bc-b7d7-8491a5a4cbc0;398.45;0.37;UNKNOWN
2016-01-25T00:23:06.000000;2016-01-25T00:23:06.000000;91407e0a-607a-4e69-8d18-b2e39927e1c8;398.44;1.0;UNKNOWN
2016-01-25T00:23:06.000000;2016-01-25T00:23:06.000000;d697b539-5025-41df-8a09-7297204edcb7;398.42;2.4979392;UNKNOWN
2016-01-25T00:23:06.000000;2016-01-25T00:23:06.000000;49b7f9ea-abf4-4c4b-977c-eeb7d4963e18;398.32;0.0507419;UNKNOWN
2016-01-25T00:23:07.000000;2016-01-25T00:23:07.000000;73b0c216-e472-426d-808d-d11fde84e092;398.46;0.07940286;UNKNOWN
2016-01-25T00:23:17.000000;2016-01-25T00:23:17.000000;d6a17b50-970f-48e5-9452-dc2a0d8568d5;399.0;3.0;UNKNOWN
2016-01-25T00:23:19.000000;2016-01-25T00:23:19.000000;674e9b5a-6348-44e3-8400-4d9a6b1a6d7c;398.46;0.01359;UNKNOWN
2016-01-25T00:23:31.000000;2016-01-25T00:23:31.000000;f8b91df2-5544-4416-876e-55f7cbc6697a;398.48;0.37;UNKNOWN
2016-01-25T00:23:31.000000;2016-01-25T00:23:31.000000;d9f8344a-e764-45f0-9931-3dcc86c9dedc;398.46;0.35641;UNKNOWN
2016-01-25T00:23:31.000000;2016-01-25T00:23:31.000000;b6da82bc-d270-4bc8-b7cd-7089850f6e7b;398.37;1.3024242;UNKNOWN
2016-01-25T00:23:36.000000;2016-01-25T00:23:36.000000;a5a72c33-1153-40c1-9c2c-f2547cbf566d;398.37;3.7595;UNKNOWN
2016-01-25T00:23:36.000000;2016-01-25T00:23:36.000000;37344181-d9c2-4971-a785-1d15ec6dc65f;398.39;6.2405;UNKNOWN
2016-01-25T00:23:38.000000;2016-01-25T00:23:38.000000;e7bda45e-2ebc-408f-81f3-a193601feb11;398.37;1.14372817;UNKNOWN
2016-01-25T00:24:20.000000;2016-01-25T00:24:20.000000;ae440c62-17e2-4c4b-8be0-2805d0e20c98;398.37;3.79434763;UNKNOWN
2016-01-25T00:24:27.000000;2016-01-25T00:24:27.000000;dbc44fbb-8cee-4988-9dce-e7b894768fbb;398.35;0.5;UNKNOWN
2016-01-25T00:24:27.000000;2016-01-25T00:24:27.000000;37262aa9-912a-4dff-9094-32804f3ad9a8;398.36;2.5;UNKNOWN
2016-01-25T00:24:30.000000;2016-01-25T00:24:30.000000;c710cb8f-127d-412f-9ff5-187ce02e2a63;398.37;1.0;UNKNOWN
2016-01-25T00:24:37.000000;2016-01-25T00:24:37.000000;c7af8059-5b07-4933-a358-d4b28ca54520;397.83;2.50068769;UNKNOWN
2016-01-25T00:24:37.000000;2016-01-25T00:24:37.000000;68f32752-5192-401d-9098-03512a699aec;397.83;0.24875891;UNKNOWN
2016-01-25T00:24:37.000000;2016-01-25T00:24:37.000000;b84209a7-abc7-4021-a401-955a62af0282;397.79;19.9482;UNKNOWN
2016-01-25T00:24:37.000000;2016-01-25T00:24:37.000000;a61b67a4-6973-4b0f-91ff-7dabb5139727;397.56;1.33974886;UNKNOWN
2016-01-25T00:24:37.000000;2016-01-25T00:24:37.000000;c5c1b5bf-9d41-4aad-a215-f18b800a2f8e;397.95;2.49856333;UNKNOWN
2016-01-25T00:24:37.000000;2016-01-25T00:24:37.000000;e5f66b9a-291e-4b1c-9648-0f2dd7df6124;397.8;3.0;UNKNOWN
2016-01-25T00:24:37.000000;2016-01-25T00:24:37.000000;758f58ae-6f1d-46b4-a3db-8a0ec37afdcd;398.32;0.37;UNKNOWN
2016-01-25T00:24:37.000000;2016-01-25T00:24:37.000000;60ba4067-1128-49ce-a139-3482e08d771c;398.11;1.0;UNKNOWN
2016-01-25T00:24:37.000000;2016-01-25T00:24:37.000000;d7de16b4-4e55-4ea6-b11d-de0514ea3a46;398.04;2.49846969;UNKNOWN
2016-01-25T00:24:37.000000;2016-01-25T00:24:37.000000;77426f4a-127d-4e8b-a0fb-01284b0f7b47;398.13;10.0;UNKNOWN
2016-01-25T00:24:37.000000;2016-01-25T00:24:37.000000;3f781804-f723-4cbb-85bb-887bf5dbfcb9;397.57;1.0056;UNKNOWN
2016-01-25T00:24:37.000000;2016-01-25T00:24:37.000000;b978e876-9d84-4588-ae94-46f4fa26b2d3;397.87;2.49859454;UNKNOWN
2016-01-25T00:24:37.000000;2016-01-25T00:24:37.000000;171a07b1-3c5f-4e17-8451-a854470f65d5;397.62;2.49884428;UNKNOWN
2016-01-25T00:24:37.000000;2016-01-25T00:24:37.000000;82626f05-5ebf-458e-9bad-1038431abedc;397.92;2.50059389;UNKNOWN
2016-01-25T00:24:37.000000;2016-01-25T00:24:37.000000;1e7df435-242c-40ff-8e35-101ece37d5b3;397.7;2.50103167;UNKNOWN
2016-01-25T00:24:37.000000;2016-01-25T00:24:37.000000;1bb80fdc-ebcf-4577-b418-b3a6b3d3423b;397.72;2.49909408;UNKNOWN
2016-01-25T00:24:37.000000;2016-01-25T00:24:37.000000;b2fc611f-0960-4cb6-be82-138ec5b80b8a;398.32;6.1955;UNKNOWN
2016-01-25T00:24:37.000000;2016-01-25T00:24:37.000000;27a3cff9-fc5c-4133-a07d-eac29f9318c1;398.31;15.0;UNKNOWN
2016-01-25T00:24:37.000000;2016-01-25T00:24:37.000000;212d2832-bbc0-42d8-a63a-e6994f032d36;397.72;10.0126;UNKNOWN
2016-01-25T00:24:37.000000;2016-01-25T00:24:37.000000;f59aa0d2-5769-4b29-bbaa-26fae9e1af6f;397.7;2.49881306;UNKNOWN
2016-01-25T00:24:37.000000;2016-01-25T00:24:37.000000;58348ba6-d300-449c-812a-4624820fe335;398.32;0.37;UNKNOWN
2016-01-25T00:24:37.000000;2016-01-25T00:24:37.000000;cc24b773-b982-49d2-9566-daa5999f8778;397.9;24.0149;UNKNOWN
2016-01-25T00:24:59.000000;2016-01-25T00:24:59.000000;9a5e8421-5f91-43ca-bb2c-deec5bc472d7;398.35;0.181;UNKNOWN
2016-01-25T00:24:59.000000;2016-01-25T00:24:59.000000;d7125510-8a65-4555-b7d0-934a73144959;398.35;0.519;UNKNOWN
2016-01-25T00:25:07.000000;2016-01-25T00:25:07.000000;6ed6371c-e013-49ad-98d3-c20cc7721f26;397.63;0.37;UNKNOWN
2016-01-25T00:25:07.000000;2016-01-25T00:25:07.000000;fa394f73-07cd-478c-a789-9c51b3dbde2d;397.6;0.556;UNKNOWN
2016-01-25T00:25:07.000000;2016-01-25T00:25:07.000000;3581e708-eac5-497a-afd5-b6d551e50a76;397.62;0.7;UNKNOWN
2016-01-25T00:25:07.000000;2016-01-25T00:25:07.000000;46c8e06a-e209-44b4-a04c-6d6ec7e0ccbb;397.61;0.37;UNKNOWN
2016-01-25T00:25:46.000000;2016-01-25T00:25:46.000000;b17a3c5c-6006-4535-a8f1-02fa13c2a541;398.21;0.11518866;UNKNOWN
2016-01-25T00:26:01.000000;2016-01-25T00:26:01.000000;912a646b-1882-4b95-b5c9-099d64f0f44f;397.65;4.52037665;UNKNOWN
2016-01-25T00:26:01.000000;2016-01-25T00:26:01.000000;71f61507-e69b-485c-abde-9c96ce2123a3;397.7;1.0;UNKNOWN
2016-01-25T00:26:04.000000;2016-01-25T00:26:04.000000;1232f979-6ae4-43b6-9421-5e50454c87f7;398.15;0.05;UNKNOWN
2016-01-25T00:26:05.000000;2016-01-25T00:26:05.000000;5f1a874f-2962-4dc5-bbee-8337cf1dcef6;397.61;0.24037665;UNKNOWN
2016-01-25T00:26:05.000000;2016-01-25T00:26:05.000000;414bb0d0-ebc1-45b9-a2e6-6e455632f0c3;397.66;2.28;UNKNOWN
2016-01-25T00:26:05.000000;2016-01-25T00:26:05.000000;74519be5-7d34-401b-a4e2-acfb9e53674f;397.65;0.47962335;UNKNOWN
2016-01-25T00:26:21.000000;2016-01-25T00:26:21.000000;6dad801e-e03e-420e-8faf-92b6da840ac0;398.0;0.159;UNKNOWN
2016-01-25T00:27:29.000000;2016-01-25T00:27:29.000000;9a636f12-8703-47d3-9634-8b7663ea09a5;397.97;6.2527;UNKNOWN
2016-01-25T00:27:29.000000;2016-01-25T00:27:29.000000;153d599d-4638-401b-ab15-d22c77f2be2a;397.93;2.5032229;UNKNOWN
2016-01-25T00:27:30.000000;2016-01-25T00:27:30.000000;7ecee65e-883e-409c-9df9-95eca8ccac93;397.97;1.2440771;UNKNOWN
2016-01-25T00:27:59.000000;2016-01-25T00:27:59.000000;c5a7b50c-f627-4df7-b31a-47d2eef374b0;397.96;0.01;UNKNOWN
2016-01-25T00:28:01.000000;2016-01-25T00:28:01.000000;f2bce714-9c1c-4e87-bbbe-87b0645c2457;397.68;0.37;UNKNOWN
2016-01-25T00:28:01.000000;2016-01-25T00:28:01.000000;014c89e9-962f-428c-a459-3ed166b8c0fd;397.65;0.46670137;UNKNOWN
2016-01-25T00:28:01.000000;2016-01-25T00:28:01.000000;a163b3d6-1346-4555-94c9-7c3d3fcd0d30;397.67;10.39;UNKNOWN
2016-01-25T00:28:01.000000;2016-01-25T00:28:01.000000;989dca00-9f38-4bbc-a9e2-69041b025c5b;397.68;0.75;UNKNOWN
2016-01-25T00:28:01.000000;2016-01-25T00:28:01.000000;78be890c-3a98-4dc9-8866-e5bbb4c8c508;397.68;2.63;UNKNOWN
2016-01-25T00:28:01.000000;2016-01-25T00:28:01.000000;7e9b4eff-e32b-42ff-99ec-95e549f94de9;397.66;3.53;UNKNOWN
2016-01-25T00:28:01.000000;2016-01-25T00:28:01.000000;bad96688-55f9-47aa-a4e8-7f85f846479a;397.66;0.37;UNKNOWN
2016-01-25T00:28:06.000000;2016-01-25T00:28:06.000000;66259d9b-9683-4da8-8bea-5608db1c1ada;397.68;4.74;UNKNOWN
2016-01-25T00:28:06.000000;2016-01-25T00:28:06.000000;2d32b74c-f24f-4b41-a2fc-d998674cef6c;397.65;1.86;UNKNOWN
2016-01-25T00:28:06.000000;2016-01-25T00:28:06.000000;0b80b3b6-dff1-4574-9b9f-2738d582d3cc;397.66;2.28;UNKNOWN
2016-01-25T00:28:06.000000;2016-01-25T00:28:06.000000;2acd95b6-02fc-4441-b258-b6dbe4cb15a1;397.67;1.12;UNKNOWN
2016-01-25T00:28:18.000000;2016-01-25T00:28:18.000000;039b5b79-2383-451d-b6c8-13a76fc6c842;397.65;0.10542665;UNKNOWN
2016-01-25T00:28:25.000000;2016-01-25T00:28:25.000000;0250cc4d-53c2-42fd-b265-a3502009bc80;398.0;0.02;UNKNOWN
2016-01-25T00:28:25.000000;2016-01-25T00:28:25.000000;72d69556-e2e6-4069-8f52-68076903d060;398.03;4.61;UNKNOWN
2016-01-25T00:29:01.000000;2016-01-25T00:29:01.000000;53a7616d-6b34-49bb-afb3-db3eeff1f571;398.19;0.01;UNKNOWN
2016-01-25T00:29:01.000000;2016-01-25T00:29:01.000000;38db0697-f219-4c8e-995c-16c8eef2429b;398.19;0.13037641;UNKNOWN
2016-01-25T00:29:04.000000;2016-01-25T00:29:04.000000;ebb1f808-5e96-4b03-b892-112687986d81;398.19;5.0;UNKNOWN
2016-01-25T00:29:10.000000;2016-01-25T00:29:10.000000;9a54776b-d378-4026-949c-b1afc6329305;398.2;2.0261;UNKNOWN
2016-01-25T00:29:27.000000;2016-01-25T00:29:27.000000;d0414286-2b45-4a80-aa93-d0b6495a5d9a;397.87;0.6369165;UNKNOWN
2016-01-25T00:29:27.000000;2016-01-25T00:29:27.000000;494a8742-2805-4abc-9f66-1730cb3a0b4e;397.87;0.37;UNKNOWN
2016-01-25T00:29:53.000000;2016-01-25T00:29:53.000000;c52ef3ed-2cdd-4251-b4b6-f66a9bd3f1cb;397.93;0.7;UNKNOWN
2016-01-25T00:29:53.000000;2016-01-25T00:29:53.000000;a8d96b7b-fa73-43c2-ae6b-18a61c9f06dc;397.92;0.25203894;UNKNOWN
2016-01-25T00:29:53.000000;2016-01-25T00:29:53.000000;8eab7d13-ffb2-4bc1-b786-c25f6d3def58;397.93;0.7;UNKNOWN
2016-01-25T00:29:53.000000;2016-01-25T00:29:53.000000;63133168-7221-4ed2-93d5-a52133944f89;397.94;0.37;UNKNOWN
2016-01-25T00:30:04.000000;2016-01-25T00:30:04.000000;bf6b8c43-880b-4446-abf9-4d7182f89030;398.01;4.09999999;UNKNOWN
2016-01-25T00:30:04.000000;2016-01-25T00:30:04.000000;6b81141b-4cf5-45b1-a523-bc4169fc7112;398.34;1.0;UNKNOWN
2016-01-25T00:30:16.000000;2016-01-25T00:30:16.000000;9a904633-57f0-48ed-8a74-c11c12bd8f9c;398.01;0.2;UNKNOWN
2016-01-25T00:30:33.000000;2016-01-25T00:30:33.000000;1c5e5912-6330-4048-b59b-517290138c4c;398.2;1.0;UNKNOWN
2016-01-25T00:30:33.000000;2016-01-25T00:30:33.000000;6efbcd81-b897-4340-bf1c-051f8a1282f5;398.11;1.4;UNKNOWN
2016-01-25T00:30:55.000000;2016-01-25T00:30:55.000000;5dd304ff-1db5-4135-925d-38c65bfdf4d9;398.0;1.34544036;UNKNOWN
2016-01-25T00:30:55.000000;2016-01-25T00:30:55.000000;472c8499-a961-45e8-9386-eb8b46de2139;398.1;1.0;UNKNOWN
2016-01-25T00:30:58.000000;2016-01-25T00:30:58.000000;3397088e-c53d-4347-ab6d-eafb5dbe4ad3;398.23;1.5164;UNKNOWN
2016-01-25T00:30:58.000000;2016-01-25T00:30:58.000000;c42d7426-c7be-4e18-9695-d989fcf3659f;398.21;0.5;UNKNOWN
2016-01-25T00:30:59.000000;2016-01-25T00:30:59.000000;64d9aabd-2bc7-4783-a180-49c7848aac2f;398.2;0.2;UNKNOWN
2016-01-25T00:31:10.000000;2016-01-25T00:31:10.000000;f4189a43-33b6-48ac-a5a4-91c0db519543;398.17;0.5;UNKNOWN
2016-01-25T00:31:24.000000;2016-01-25T00:31:24.000000;344d8319-c920-4e11-8c3b-88c10eee448c;398.0;2.01245982;UNKNOWN
2016-01-25T00:32:05.000000;2016-01-25T00:32:05.000000;4420efab-f8da-442c-b586-f3666dc4472c;397.85;3.07485282;UNKNOWN
2016-01-25T00:32:06.000000;2016-01-25T00:32:06.000000;c2f041de-c65e-4bfd-8ebe-e97052716037;397.85;6.19517272;UNKNOWN
2016-01-25T00:33:09.000000;2016-01-25T00:33:09.000000;33582a7d-1e8f-491d-97f6-5da1ed9b82cd;397.86;0.37;UNKNOWN
2016-01-25T00:33:09.000000;2016-01-25T00:33:09.000000;40d8019d-bdcf-451f-ba94-422e63ab4ada;397.69;9.12002554;UNKNOWN
2016-01-25T00:33:09.000000;2016-01-25T00:33:09.000000;8143464b-9a96-4c45-94a2-9529f1f494cb;397.85;0.72997446;UNKNOWN
2016-01-25T00:33:18.000000;2016-01-25T00:33:18.000000;19f909c4-b239-4b33-b05e-8038ce9921d9;397.69;0.31450322;UNKNOWN
2016-01-25T00:33:19.000000;2016-01-25T00:33:19.000000;14a0e529-ea3a-42f5-8d00-37390c907b0e;398.09;0.9;UNKNOWN
2016-01-25T00:34:17.000000;2016-01-25T00:34:17.000000;8f60b2a6-1589-41d4-814b-18e53bfb5dbe;398.16;2.50281567;UNKNOWN
2016-01-25T00:34:17.000000;2016-01-25T00:34:17.000000;75a6dd21-1f3a-4ae7-950e-c5098b1a889a;398.11;6.2209;UNKNOWN
2016-01-25T00:34:17.000000;2016-01-25T00:34:17.000000;0f779dec-7e45-46e2-b3e0-3ed4bf35f89c;398.12;1.0;UNKNOWN
2016-01-25T00:34:17.000000;2016-01-25T00:34:17.000000;58d2b1da-bd20-4a53-93a5-9b812eafb01e;398.12;2.5046963;UNKNOWN
2016-01-25T00:34:17.000000;2016-01-25T00:34:17.000000;fc969700-3a11-4b21-ab02-1628b8c78377;398.32;0.29284972;UNKNOWN
2016-01-25T00:34:17.000000;2016-01-25T00:34:17.000000;4a301b8e-4cd4-435e-9b84-71aed94bd650;398.25;2.50272171;UNKNOWN
2016-01-25T00:35:06.000000;2016-01-25T00:35:06.000000;1e9aa874-8c1d-41e8-9564-d24b70cf204d;397.87;0.53380805;UNKNOWN
2016-01-25T00:35:06.000000;2016-01-25T00:35:06.000000;fca53b7b-a0df-4f19-a0e8-ebc7daffa9cf;397.88;1.0;UNKNOWN
2016-01-25T00:35:44.000000;2016-01-25T00:35:44.000000;e82e64b4-1ed4-4150-86bd-7ee017c29194;398.03;1.0;UNKNOWN
2016-01-25T00:36:06.000000;2016-01-25T00:36:06.000000;a5a7a8d5-9501-474c-a57e-4f821f3b9fc9;398.03;0.37;UNKNOWN
2016-01-25T00:36:06.000000;2016-01-25T00:36:06.000000;2c8e00a3-a710-4b8f-bd38-3bf2fb2105af;398.01;0.36235931;UNKNOWN
2016-01-25T00:36:06.000000;2016-01-25T00:36:06.000000;13c5c89b-252b-4a0b-9d4b-c14372bdcac9;398.02;0.49902;UNKNOWN
2016-01-25T00:36:48.000000;2016-01-25T00:36:48.000000;13caae53-9bd7-4b21-8884-3a154e8e2191;398.21;0.5;UNKNOWN
2016-01-25T00:36:48.000000;2016-01-25T00:36:48.000000;2f9f9827-f6c8-481f-bb50-649719099210;398.21;0.5;UNKNOWN
2016-01-25T00:37:28.000000;2016-01-25T00:37:28.000000;40baec94-1a57-4499-8003-a2f27526da52;398.05;0.19343744;UNKNOWN
2016-01-25T00:37:31.000000;2016-01-25T00:37:31.000000;de2e7c1d-d251-495b-9ae5-9d0031c0bb7c;398.28;1.0;UNKNOWN
2016-01-25T00:37:49.000000;2016-01-25T00:37:49.000000;6a172997-2c4d-48b7-b92d-f8aa17f0f24a;398.14;0.02;UNKNOWN
2016-01-25T00:37:58.000000;2016-01-25T00:37:58.000000;bde83598-1111-44c4-91d4-958c1be306fd;398.17;0.02515014;UNKNOWN
2016-01-25T00:38:06.000000;2016-01-25T00:38:06.000000;721c7718-4d32-4128-9d78-6666c87f0a4f;398.19;0.01;UNKNOWN
2016-01-25T00:38:06.000000;2016-01-25T00:38:06.000000;ab14a148-bf35-492c-b276-63cd1222c4f5;398.2;1.0;UNKNOWN
2016-01-25T00:38:06.000000;2016-01-25T00:38:06.000000;94d1e8b8-a262-4bc1-be6c-01c621c77ff3;398.19;0.37;UNKNOWN
2016-01-25T00:38:06.000000;2016-01-25T00:38:06.000000;7ef7cd65-0a0a-40da-ab4e-d2f4960da353;398.17;2.27515014;UNKNOWN
2016-01-25T00:38:06.000000;2016-01-25T00:38:06.000000;d6294e8e-aeb3-4f28-8aad-0565f803dd88;398.17;0.34484986;UNKNOWN
2016-01-25T00:38:30.000000;2016-01-25T00:38:30.000000;0a8576a7-e46e-4869-a0d5-9102ac3a6eaa;398.2;0.1;UNKNOWN
2016-01-25T00:38:46.000000;2016-01-25T00:38:46.000000;8095d3bc-424a-402c-81ed-c4813c0e472d;398.53;1.0;UNKNOWN
2016-01-25T00:38:46.000000;2016-01-25T00:38:46.000000;d5339ac2-8735-417a-b286-24b0ff5dcea4;398.54;4.0;UNKNOWN
2016-01-25T00:39:10.000000;2016-01-25T00:39:10.000000;15ce321c-3078-4840-8cd9-4db19a8e5e7e;398.74;0.28549;UNKNOWN
2016-01-25T00:39:10.000000;2016-01-25T00:39:10.000000;924872ac-5418-4493-90cf-0c7071501ef3;398.75;3.71451;UNKNOWN
2016-01-25T00:39:15.000000;2016-01-25T00:39:15.000000;08b695b9-893c-410f-b6ad-98b4178dd0d5;398.78;1.0;UNKNOWN
2016-01-25T00:39:27.000000;2016-01-25T00:39:27.000000;33f2283a-f1bc-4531-ab0c-9e4394ffda84;398.79;2.0044;UNKNOWN
2016-01-25T00:39:42.000000;2016-01-25T00:39:42.000000;f608dac8-527f-4d46-8252-e17cfbbb8a04;398.79;0.49829039;UNKNOWN
2016-01-25T00:39:50.000000;2016-01-25T00:39:50.000000;62d7e574-33b1-442b-bc29-ed078f5e48d1;398.85;23.169;UNKNOWN
2016-01-25T00:40:03.000000;2016-01-25T00:40:03.000000;905c0134-87b0-4004-b771-3e2cb0dbdc46;398.84;14.67;UNKNOWN
2016-01-25T00:40:05.000000;2016-01-25T00:40:05.000000;a1fba024-0c9f-4967-b798-2e6f62ef2005;398.84;3.92;UNKNOWN
2016-01-25T00:40:07.000000;2016-01-25T00:40:07.000000;022e5cf2-d2ae-4216-8be4-150ba584a108;398.84;0.2298803;UNKNOWN
2016-01-25T00:40:31.000000;2016-01-25T00:40:31.000000;9a00c80a-ff0b-445c-9ed2-1d87bcbb49dd;398.85;10.0;UNKNOWN
2016-01-25T00:40:44.000000;2016-01-25T00:40:44.000000;1cc6e05a-85cf-4d40-a25d-f5442e6d5eb1;398.85;38.8383736;UNKNOWN
2016-01-25T00:41:15.000000;2016-01-25T00:41:15.000000;e033784b-a8cf-46ea-a7cf-be2f96b49b96;398.86;0.10152914;UNKNOWN
2016-01-25T00:41:25.000000;2016-01-25T00:41:25.000000;cdfdd1e1-0e4e-47f9-ae2d-f0e7ac93a251;399.04;2.50269039;UNKNOWN
2016-01-25T00:41:25.000000;2016-01-25T00:41:25.000000;f84edc5a-22d5-42cd-8064-1ac88469696a;399.27;0.14;UNKNOWN
2016-01-25T00:41:25.000000;2016-01-25T00:41:25.000000;4f3fc3d1-b694-43b2-b783-c73099a8d093;398.97;1.0;UNKNOWN
2016-01-25T00:41:25.000000;2016-01-25T00:41:25.000000;fc252778-bc30-4bdd-8997-52254acd6a03;399.5;0.67320961;UNKNOWN
2016-01-25T00:41:25.000000;2016-01-25T00:41:25.000000;1797b9a1-ffe5-48fc-a468-580199cdea23;399.03;6.1841;UNKNOWN
2016-01-25T00:41:25.000000;2016-01-25T00:41:25.000000;e435a569-ea11-41b6-af80-cfe1e9a78c72;399.1;1.5;UNKNOWN
2016-01-25T00:41:45.000000;2016-01-25T00:41:45.000000;f628d654-d078-4725-a588-984b2da34c0e;399.45;3.0;UNKNOWN
2016-01-25T00:41:49.000000;2016-01-25T00:41:49.000000;7d7e5b3e-4e4d-45a4-b386-e6f84bcdfed7;399.5;0.6;UNKNOWN
2016-01-25T00:41:49.000000;2016-01-25T00:41:49.000000;232b3cab-0b3a-4df7-8784-a28fbf1c19c0;399.49;3.54;UNKNOWN
2016-01-25T00:41:53.000000;2016-01-25T00:41:53.000000;3eae34f6-2ef5-4bab-920c-5438f52af977;399.5;0.72679039;UNKNOWN
2016-01-25T00:41:53.000000;2016-01-25T00:41:53.000000;8013d46b-31d1-4c93-ae91-2dededb34c94;399.49;1.0;UNKNOWN
2016-01-25T00:42:06.000000;2016-01-25T00:42:06.000000;80464a6e-602d-4120-93da-ea56de7a3af3;399.55;0.43;UNKNOWN
2016-01-25T00:42:06.000000;2016-01-25T00:42:06.000000;0431d17e-5469-4a62-887c-7f38b6d86c43;399.55;0.57;UNKNOWN
2016-01-25T00:42:08.000000;2016-01-25T00:42:08.000000;8f13f7ee-42d4-461b-b286-f4672806aa63;399.87;0.1;UNKNOWN
2016-01-25T00:42:10.000000;2016-01-25T00:42:10.000000;63d61150-4830-442c-b846-4c03a50a026d;399.87;0.1;UNKNOWN
2016-01-25T00:42:22.000000;2016-01-25T00:42:22.000000;083b2e67-85ba-4d43-b716-42eec8b7c124;399.9;0.1;UNKNOWN
2016-01-25T00:42:24.000000;2016-01-25T00:42:24.000000;9a33561d-4717-41c2-873c-7a644256d78b;399.9;0.1;UNKNOWN
2016-01-25T00:42:25.000000;2016-01-25T00:42:25.000000;93eb0407-a05c-426a-89db-206d637d770e;399.9;0.1;UNKNOWN
2016-01-25T00:42:31.000000;2016-01-25T00:42:31.000000;e35a5ea8-abc2-46f7-8204-1944bbefc914;399.86;0.1;UNKNOWN
2016-01-25T00:42:34.000000;2016-01-25T00:42:34.000000;9b3e7af3-0c74-477a-8276-8afd5e67d9bd;399.9;0.0305;UNKNOWN
2016-01-25T00:42:34.000000;2016-01-25T00:42:34.000000;77b33a9e-f605-448a-9b50-182add7f333b;399.85;0.5;UNKNOWN
2016-01-25T00:42:34.000000;2016-01-25T00:42:34.000000;56f198a0-16b6-4bd1-ba22-5881c0708f58;399.86;0.4441;UNKNOWN
2016-01-25T00:43:06.000000;2016-01-25T00:43:06.000000;08a5c68e-467f-40ea-9cef-95522e25b028;399.59;5.0;UNKNOWN
2016-01-25T00:43:06.000000;2016-01-25T00:43:06.000000;48c98d79-6e73-4f89-bd40-8583d1f2f86a;399.6;0.5;UNKNOWN
2016-01-25T00:43:06.000000;2016-01-25T00:43:06.000000;043428bb-8ccc-4dab-911f-6a39d11dec6f;399.75;3.5;UNKNOWN
2016-01-25T00:43:06.000000;2016-01-25T00:43:06.000000;cf7b3fb9-48d7-414e-947c-6884021adc34;399.77;1.0;UNKNOWN
2016-01-25T00:43:11.000000;2016-01-25T00:43:11.000000;0a5d7080-a98b-4db4-ab16-789e0d1d5f87;399.78;3.0;UNKNOWN
2016-01-25T00:43:11.000000;2016-01-25T00:43:11.000000;4b689d8d-d21e-43d7-807b-7a20c810f003;399.78;0.02;UNKNOWN
2016-01-25T00:43:35.000000;2016-01-25T00:43:35.000000;4c4faa9c-4307-4a9d-b3b0-51e92e7589ba;399.53;1.0;UNKNOWN
2016-01-25T00:43:35.000000;2016-01-25T00:43:35.000000;0145b673-f11d-46ca-9c64-a7f7423d3647;399.52;0.37;UNKNOWN
2016-01-25T00:43:35.000000;2016-01-25T00:43:35.000000;1790e1bf-43ad-427a-8009-f2684c6f8b8f;399.39;2.85679039;UNKNOWN
2016-01-25T00:43:35.000000;2016-01-25T00:43:35.000000;b3b2e3a4-a8e8-43e1-89dd-17c7184f2254;399.5;0.77320961;UNKNOWN
2016-01-25T00:44:07.000000;2016-01-25T00:44:07.000000;05ef9555-0b63-45e9-92c3-4fb727f63a08;399.54;1.0;UNKNOWN
2016-01-25T00:44:07.000000;2016-01-25T00:44:07.000000;53394239-56f8-41d4-80b3-e4507a1018fa;399.53;0.5;UNKNOWN
2016-01-25T00:44:17.000000;2016-01-25T00:44:17.000000;1fdc0930-758c-4a30-a41b-1407eb9c15d8;399.55;0.14994;UNKNOWN
2016-01-25T00:44:31.000000;2016-01-25T00:44:31.000000;b92d3b16-1871-4115-a61b-83eb27949d5c;399.54;11.77994;UNKNOWN
2016-01-25T00:44:31.000000;2016-01-25T00:44:31.000000;0faac8a4-f2c1-47f3-b793-5abfcf7c73ae;399.55;0.22006;UNKNOWN
2016-01-25T00:44:54.000000;2016-01-25T00:44:54.000000;6f0dcc1e-515c-4d4f-ae92-07aa5074bc79;399.55;0.23629678;UNKNOWN
2016-01-25T00:45:13.000000;2016-01-25T00:45:13.000000;d3ace0c4-c3ba-44d7-b250-9dbb06346dd9;399.59;0.075396;UNKNOWN
2016-01-25T00:45:14.000000;2016-01-25T00:45:14.000000;2d399ddf-2b26-49de-a773-c977dbdd13f9;399.54;0.03996;UNKNOWN
2016-01-25T00:46:58.000000;2016-01-25T00:46:58.000000;b055a290-ab86-41a3-9022-7b54839722c4;399.56;0.37;UNKNOWN
2016-01-25T00:46:58.000000;2016-01-25T00:46:58.000000;18988450-0b6a-4a1c-82c3-83e7d850e3fd;399.55;0.63;UNKNOWN
2016-01-25T00:47:06.000000;2016-01-25T00:47:06.000000;989f42d6-c33d-4887-8a8f-08698a9caa8a;399.55;0.24;UNKNOWN
2016-01-25T00:47:17.000000;2016-01-25T00:47:17.000000;e5fbeef3-3094-4a68-af67-4d81a5c272f2;399.59;1.0;UNKNOWN
2016-01-25T00:47:18.000000;2016-01-25T00:47:18.000000;4a61828e-186f-405a-9f5f-dc6e2dffb3bb;399.55;0.032137;UNKNOWN
2016-01-25T00:47:29.000000;2016-01-25T00:47:29.000000;0e100952-a797-444b-ae28-b12a73445d0e;399.54;1.902137;UNKNOWN
2016-01-25T00:47:29.000000;2016-01-25T00:47:29.000000;3e6e55ac-c9e9-429e-9021-b44c6f15d25f;399.55;0.097863;UNKNOWN
2016-01-25T00:48:17.000000;2016-01-25T00:48:17.000000;07ed9333-4435-4da7-ab91-64f12317cdef;399.54;0.03964813;UNKNOWN
2016-01-25T00:48:35.000000;2016-01-25T00:48:35.000000;63afdb69-586f-4d9c-8e86-e276641866c3;399.54;4.0;UNKNOWN
2016-01-25T00:48:40.000000;2016-01-25T00:48:40.000000;517713c4-210e-435c-9527-ac13c11e82de;399.54;4.0;UNKNOWN
2016-01-25T00:49:14.000000;2016-01-25T00:49:14.000000;bf9f1b3b-0fd9-437f-88a9-d07ba34cd6a7;399.55;0.5;UNKNOWN
2016-01-25T00:49:27.000000;2016-01-25T00:49:27.000000;aed89029-dac5-4082-bbbf-9e14e829507b;399.54;1.25262926;UNKNOWN
2016-01-25T00:49:52.000000;2016-01-25T00:49:52.000000;aa514c52-60d7-4dc6-952d-51975cc67f43;399.28;0.3;UNKNOWN
2016-01-25T00:49:52.000000;2016-01-25T00:49:52.000000;d51d5ede-8732-4ce4-b8f1-f076b32c483e;399.15;0.56511439;UNKNOWN
2016-01-25T00:49:52.000000;2016-01-25T00:49:52.000000;43736e3b-900a-4eda-844a-4de73a0ea132;399.54;5.48568561;UNKNOWN
2016-01-25T00:49:52.000000;2016-01-25T00:49:52.000000;048c7779-fbef-4419-98e8-17192808c985;399.51;1.0;UNKNOWN
2016-01-25T00:49:52.000000;2016-01-25T00:49:52.000000;21cc9d05-ca54-4f21-b4bd-6df3d38c1543;399.15;4.6492;UNKNOWN
2016-01-25T00:50:03.000000;2016-01-25T00:50:03.000000;98c4dc3a-2ffc-41d6-83d6-b7eb1583e868;398.74;2.0003912;UNKNOWN
2016-01-25T00:50:29.000000;2016-01-25T00:50:29.000000;d0212edf-7500-4a6e-a289-832030864fa3;398.53;5.0;UNKNOWN
2016-01-25T00:50:33.000000;2016-01-25T00:50:33.000000;f9d8f544-a419-4b08-80ad-e4a536a2e0b1;398.53;1.5;UNKNOWN
2016-01-25T00:50:54.000000;2016-01-25T00:50:54.000000;929ab5ce-4df8-4ecf-b4bb-89668781bb1c;398.5;1.0;UNKNOWN
2016-01-25T00:50:54.000000;2016-01-25T00:50:54.000000;454b747a-f0dd-4f74-a430-6eec5397a5ee;398.49;2.0;UNKNOWN
2016-01-25T00:52:06.000000;2016-01-25T00:52:06.000000;617dc55f-877f-4cdd-8437-14e09d9c1143;398.7;6.2516;UNKNOWN
2016-01-25T00:52:06.000000;2016-01-25T00:52:06.000000;0575e5eb-742d-4831-a6d4-972ac9f7349b;398.7;0.17180094;UNKNOWN
2016-01-25T00:52:07.000000;2016-01-25T00:52:07.000000;a99d89b4-002b-4574-9f9f-45f409d201e2;398.69;1.0;UNKNOWN
2016-01-25T00:52:07.000000;2016-01-25T00:52:07.000000;19f1b7f9-6b75-45f9-8c4d-81e3d5dbd284;398.69;8.63180094;UNKNOWN
2016-01-25T00:52:07.000000;2016-01-25T00:52:07.000000;de43075e-40fc-4e97-81c5-9ebdd67df8e8;398.7;0.17;UNKNOWN
2016-01-25T00:52:07.000000;2016-01-25T00:52:07.000000;9aced216-c529-43c7-9050-e4249b17d122;398.7;0.19819906;UNKNOWN
2016-01-25T00:52:42.000000;2016-01-25T00:52:42.000000;fa918de9-073a-4b31-966c-77ccf4a9254c;398.88;0.129;UNKNOWN
2016-01-25T00:52:58.000000;2016-01-25T00:52:58.000000;e75f3b24-aa74-4492-98c1-3748fc45d4d4;398.79;0.06781678;UNKNOWN
2016-01-25T00:53:21.000000;2016-01-25T00:53:21.000000;fe828873-bb39-4586-8b8c-8252fcb20194;398.98;0.4;UNKNOWN
2016-01-25T00:53:42.000000;2016-01-25T00:53:42.000000;ff24df41-5a0e-4ab6-8f21-c8bc8b7088d5;398.85;1.0;UNKNOWN
2016-01-25T00:54:01.000000;2016-01-25T00:54:01.000000;3371f2bc-7a55-4830-9a5a-6a4d89db0414;398.87;0.37;UNKNOWN
2016-01-25T00:54:01.000000;2016-01-25T00:54:01.000000;c6fa0198-fc1c-45fc-94ef-07ae9f52d660;398.87;0.13;UNKNOWN
2016-01-25T00:54:03.000000;2016-01-25T00:54:03.000000;f213ee0c-24f0-44bb-9e94-fc9681c45a72;398.95;0.05;UNKNOWN
2016-01-25T00:54:24.000000;2016-01-25T00:54:24.000000;d08943e1-09f0-40ee-b976-31afa101d60b;398.86;0.45;UNKNOWN
2016-01-25T00:54:24.000000;2016-01-25T00:54:24.000000;0011d19b-ff40-4d42-bd49-e1f866f063d2;398.87;0.37;UNKNOWN
2016-01-25T00:54:24.000000;2016-01-25T00:54:24.000000;0bcec88e-96b8-48c0-abc5-77b68ff902b8;398.88;0.37;UNKNOWN
2016-01-25T00:54:24.000000;2016-01-25T00:54:24.000000;e7d3e787-05cb-4943-b659-0d71d5e3dfe1;398.88;0.37;UNKNOWN
2016-01-25T00:55:58.000000;2016-01-25T00:55:58.000000;77003040-aa4a-470a-b805-3a6c263773a0;399.09;0.24845587;UNKNOWN
2016-01-25T00:56:06.000000;2016-01-25T00:56:06.000000;0be7eb86-0ee8-4242-bfdf-71dec1809c54;399.11;5.10574104;UNKNOWN
2016-01-25T00:56:06.000000;2016-01-25T00:56:06.000000;2c524eb1-9ddb-45a4-bf9f-3cd0540a2184;399.11;0.49;UNKNOWN
2016-01-25T00:56:06.000000;2016-01-25T00:56:06.000000;bdbae35e-0c5b-48c3-a1d8-65d30085e9a9;399.11;0.37;UNKNOWN
2016-01-25T00:56:06.000000;2016-01-25T00:56:06.000000;4733f6f8-ac98-40f1-86f1-313c63728ee1;399.22;0.1;UNKNOWN
2016-01-25T00:56:06.000000;2016-01-25T00:56:06.000000;5e71db16-a324-4a62-9f79-3a1fffc5c45e;399.12;1.0;UNKNOWN
2016-01-25T00:56:44.000000;2016-01-25T00:56:44.000000;b44aa2ff-f901-48bd-b719-9514fe1cbb85;399.38;4.5;UNKNOWN
2016-01-25T00:56:44.000000;2016-01-25T00:56:44.000000;a5a68403-654a-4f60-bc86-83a2d1a71f83;399.38;3.0;UNKNOWN
2016-01-25T00:56:44.000000;2016-01-25T00:56:44.000000;d8e7d3fa-82bb-4e4e-8e9d-67699d3a8cc8;399.38;0.5;UNKNOWN
2016-01-25T00:56:48.000000;2016-01-25T00:56:48.000000;c0dbec18-31b3-4a86-96bd-bbe82ba3e881;399.33;0.22077215;UNKNOWN
2016-01-25T00:57:03.000000;2016-01-25T00:57:03.000000;a0e57be7-81d1-4180-ba43-335659544c6c;399.37;0.37;UNKNOWN
2016-01-25T00:57:03.000000;2016-01-25T00:57:03.000000;d971b451-8f5e-4f63-b539-d9389a291e77;399.37;0.15;UNKNOWN
2016-01-25T00:57:03.000000;2016-01-25T00:57:03.000000;52efd153-644d-40ef-8d65-3cb45291341a;399.37;0.45275375;UNKNOWN
2016-01-25T00:57:58.000000;2016-01-25T00:57:58.000000;bd49bac9-8ed3-40df-85db-a0f2b810108a;399.38;0.7;UNKNOWN
2016-01-25T00:57:58.000000;2016-01-25T00:57:58.000000;0caae07d-2230-4299-8a15-6b2b6997246b;399.38;0.5222;UNKNOWN
2016-01-25T00:58:10.000000;2016-01-25T00:58:10.000000;22851994-8a6e-411c-b9de-ff86f44b75cd;399.37;0.02;UNKNOWN
2016-01-25T00:58:10.000000;2016-01-25T00:58:10.000000;4661f0e0-beb6-4c62-917a-38e0ff2ec710;399.34;0.0522;UNKNOWN
2016-01-25T00:58:10.000000;2016-01-25T00:58:10.000000;349e04f9-00ad-43a8-b90c-4baae6444269;399.38;0.1778;UNKNOWN
2016-01-25T00:58:22.000000;2016-01-25T00:58:22.000000;2795fb09-c6c9-4cc4-b24c-81a1238fff9d;399.36;0.043159;UNKNOWN
2016-01-25T00:58:22.000000;2016-01-25T00:58:22.000000;ec393d5f-dbd6-418e-94e2-1410c20aa3a5;399.35;0.132641;UNKNOWN
2016-01-25T00:58:29.000000;2016-01-25T00:58:29.000000;75fc98bf-0041-41de-812c-a6212ea9351e;399.15;0.054896;UNKNOWN
2016-01-25T00:58:31.000000;2016-01-25T00:58:31.000000;b093604a-765a-458e-83c3-a5b4c7dc8a1f;399.16;0.153778;UNKNOWN
2016-01-25T00:58:34.000000;2016-01-25T00:58:34.000000;b62e00a7-4bce-4dea-b5eb-e1cfbcafd44b;399.16;0.24825;UNKNOWN
2016-01-25T00:58:48.000000;2016-01-25T00:58:48.000000;0c4ccb50-7328-4ce4-b9d7-adb2e1fbbe72;399.15;0.14940576;UNKNOWN
2016-01-25T00:59:06.000000;2016-01-25T00:59:06.000000;cbf38e62-56b0-4e16-89a5-05c769b304b4;399.12;5.18864135;UNKNOWN
2016-01-25T00:59:06.000000;2016-01-25T00:59:06.000000;86e8565a-32d1-45ab-bbe1-238c5f6f2582;399.13;0.37;UNKNOWN
2016-01-25T00:59:06.000000;2016-01-25T00:59:06.000000;ab9a5ee0-9c71-42b2-a8df-b109a9153edf;399.15;0.16569824;UNKNOWN
2016-01-25T00:59:07.000000;2016-01-25T00:59:07.000000;8bfbf8e3-abc6-4822-99e6-855c27491b90;399.12;0.11;UNKNOWN
2016-01-25T00:59:49.000000;2016-01-25T00:59:49.000000;c1318936-2f8b-4881-b5e7-808c7a01df55;399.39;0.25553436;UNKNOWN
2016-01-25T01:01:08.000000;2016-01-25T01:01:08.000000;90b84041-6d44-4699-8c9f-8474c39e2a3a;398.88;0.54675783;UNKNOWN
2016-01-25T01:01:08.000000;2016-01-25T01:01:08.000000;d3c40a66-dcdc-47b5-afad-1f9ee027c9e9;399.08;0.025;UNKNOWN
2016-01-25T01:01:08.000000;2016-01-25T01:01:08.000000;ebf46fc8-716a-404d-8f67-fb8f9b8dfa36;398.89;0.0552;UNKNOWN
2016-01-25T01:02:43.000000;2016-01-25T01:02:43.000000;f029f5e4-537a-4fef-b70a-a2cdf1e38aa9;398.5;4.0;UNKNOWN
2016-01-25T01:03:11.000000;2016-01-25T01:03:11.000000;7ff03a60-7dff-4f5b-a279-7ef0e57a6bfa;398.06;5.0;UNKNOWN
2016-01-25T01:03:11.000000;2016-01-25T01:03:11.000000;f1666e93-46d9-40b1-a8d0-f8a268840e86;398.06;2.0;UNKNOWN
2016-01-25T01:03:22.000000;2016-01-25T01:03:22.000000;ee7bceb1-d36e-4e25-a205-de5a9b169c72;398.01;5.0;UNKNOWN
2016-01-25T01:03:30.000000;2016-01-25T01:03:30.000000;82caa63c-b273-470d-9af8-82b69899b0a3;398.05;0.033672;UNKNOWN
2016-01-25T01:03:30.000000;2016-01-25T01:03:30.000000;ebbd2755-73e3-444b-b40a-cbbf5153f913;398.05;0.08533828;UNKNOWN
2016-01-25T01:03:31.000000;2016-01-25T01:03:31.000000;0ebfd23b-e321-4756-97a9-9375e27997fc;398.01;0.187935;UNKNOWN
2016-01-25T01:03:31.000000;2016-01-25T01:03:31.000000;0f7ac142-7842-4fb6-8903-4b24c9e616ad;398.01;0.55;UNKNOWN
2016-01-25T01:03:33.000000;2016-01-25T01:03:33.000000;03708bcb-90ce-41a1-961a-3d06e43ff0a1;398.01;0.08065;UNKNOWN
2016-01-25T01:03:35.000000;2016-01-25T01:03:35.000000;38424bf6-dcd6-4c6f-918f-942fe4342a23;398.01;6.08433162;UNKNOWN
2016-01-25T01:03:36.000000;2016-01-25T01:03:36.000000;1c9b9f3e-50e2-46f2-9cec-edb86458fe1e;398.01;5.0;UNKNOWN
2016-01-25T01:03:52.000000;2016-01-25T01:03:52.000000;6a4ba236-7764-4b3a-9455-70b696cad93a;398.01;0.25;UNKNOWN
2016-01-25T01:04:01.000000;2016-01-25T01:04:01.000000;18481d5a-08cb-4df9-83e6-009ffb62814c;398.01;2.48472407;UNKNOWN
2016-01-25T01:04:01.000000;2016-01-25T01:04:01.000000;72efb256-6695-4dce-9e02-696ea8236c2c;398.02;0.33161;UNKNOWN
2016-01-25T01:04:06.000000;2016-01-25T01:04:06.000000;a4c5118c-4fa2-461c-a775-2cb5603282d6;397.59;0.29912506;UNKNOWN
2016-01-25T01:04:10.000000;2016-01-25T01:04:10.000000;f0962392-7821-401f-9e9d-8fe677fe8610;397.59;0.55;UNKNOWN
2016-01-25T01:04:12.000000;2016-01-25T01:04:12.000000;8cb99632-9300-43a2-b4e0-ec10512275a5;397.59;1.27642362;UNKNOWN
2016-01-25T01:04:24.000000;2016-01-25T01:04:24.000000;4c12c069-d3f8-4372-b311-e45d2f4362f3;397.6;0.49959;UNKNOWN
2016-01-25T01:04:48.000000;2016-01-25T01:04:48.000000;c30a2748-00bd-40ce-a99c-4a3e6a8a7a23;397.6;0.05041;UNKNOWN
2016-01-25T01:04:50.000000;2016-01-25T01:04:50.000000;646d4a79-efc1-4b0c-91e3-010014c5e7fa;397.77;0.03507;UNKNOWN
2016-01-25T01:05:05.000000;2016-01-25T01:05:05.000000;527d9928-6e5b-4e00-8b39-5fb29141a20b;397.64;0.63;UNKNOWN
2016-01-25T01:05:05.000000;2016-01-25T01:05:05.000000;df9f8ceb-2f07-4df4-8a2f-58b15a8f7bb6;397.65;0.37;UNKNOWN
2016-01-25T01:05:06.000000;2016-01-25T01:05:06.000000;077877f9-026f-42b6-a5ae-cf3185370d02;397.51;0.03904044;UNKNOWN
2016-01-25T01:05:06.000000;2016-01-25T01:05:06.000000;026a1735-5fb1-4e83-bf15-a40a4b0c3865;397.63;0.37;UNKNOWN
2016-01-25T01:05:06.000000;2016-01-25T01:05:06.000000;2bfdb78a-1e6f-4a37-a35d-f35b22899cd8;397.55;2.49878184;UNKNOWN
2016-01-25T01:05:06.000000;2016-01-25T01:05:06.000000;a6782555-294d-45f6-847b-dfe6e110082c;397.59;0.37257772;UNKNOWN
2016-01-25T01:05:06.000000;2016-01-25T01:05:06.000000;19b6165e-ee92-4345-aaa4-50f22a48dc05;397.64;0.6496;UNKNOWN
2016-01-25T01:05:06.000000;2016-01-25T01:05:06.000000;4739fa96-cb63-4b71-b421-afedbec48527;397.64;0.07;UNKNOWN
2016-01-25T01:05:13.000000;2016-01-25T01:05:13.000000;01ec9e39-916a-4fc1-ae71-061b54113a54;397.51;1.0;UNKNOWN
2016-01-25T01:05:17.000000;2016-01-25T01:05:17.000000;5d0a1a16-2fd5-44eb-a115-20ba7df4f8c6;397.51;0.25;UNKNOWN
2016-01-25T01:06:52.000000;2016-01-25T01:06:52.000000;244e527c-491e-49ce-bf5b-7efa569efe95;397.64;5.0;UNKNOWN
2016-01-25T01:06:58.000000;2016-01-25T01:06:58.000000;c08ce1e2-5f63-4c77-a2fb-6836806981da;397.6;0.01;UNKNOWN
2016-01-25T01:06:58.000000;2016-01-25T01:06:58.000000;c865d19a-d21f-4530-a12f-7ef87e9764d1;397.6;0.7;UNKNOWN
2016-01-25T01:07:01.000000;2016-01-25T01:07:01.000000;06f60e3d-f212-47c2-98a0-0ecce70b1b9d;397.59;0.04;UNKNOWN
2016-01-25T01:07:03.000000;2016-01-25T01:07:03.000000;cc712259-b42d-44b2-b031-c1fff1d2e2ad;397.6;0.65;UNKNOWN
2016-01-25T01:07:10.000000;2016-01-25T01:07:10.000000;d88bee71-e18a-4292-aee9-9081fe1be47e;397.07;10.0;UNKNOWN
2016-01-25T01:07:10.000000;2016-01-25T01:07:10.000000;85cd2ca2-a5a8-4b78-b04b-db5bdc9e1572;397.04;5.0;UNKNOWN
2016-01-25T01:07:10.000000;2016-01-25T01:07:10.000000;5da01566-bbea-4c80-b5d2-0e9278add317;397.17;5.0;UNKNOWN
2016-01-25T01:07:10.000000;2016-01-25T01:07:10.000000;d59063d9-fdcf-444d-abb2-aa44628044ad;397.0;3.0;UNKNOWN
2016-01-25T01:07:10.000000;2016-01-25T01:07:10.000000;a965b8b3-884a-4fc5-8fc7-a39fc2529c68;397.08;1.01;UNKNOWN
2016-01-25T01:07:10.000000;2016-01-25T01:07:10.000000;046bb9ad-6317-4dc4-85c3-c5e39a7f3029;397.0;0.02;UNKNOWN
2016-01-25T01:07:10.000000;2016-01-25T01:07:10.000000;44c653ea-c734-4bb5-bd63-f5c9f0c87fec;397.0;1.0;UNKNOWN
2016-01-25T01:07:10.000000;2016-01-25T01:07:10.000000;c810e453-e019-4248-ae7a-27d06a854aba;397.53;1.0;UNKNOWN
2016-01-25T01:07:10.000000;2016-01-25T01:07:10.000000;b89978a4-9210-4e78-adc1-8852fe1b291c;397.0;0.07;UNKNOWN
2016-01-25T01:07:10.000000;2016-01-25T01:07:10.000000;1fe6d485-c7a3-4be9-b2d0-cb8f73d163f3;397.0;0.05;UNKNOWN
2016-01-25T01:07:10.000000;2016-01-25T01:07:10.000000;4f6c4f29-9f62-4bc7-9cb7-3583eb067aba;397.51;18.71095956;UNKNOWN
2016-01-25T01:07:10.000000;2016-01-25T01:07:10.000000;6872fdb3-c8fc-4882-90aa-021566c77bed;397.0;0.6;UNKNOWN
2016-01-25T01:07:10.000000;2016-01-25T01:07:10.000000;6bd40963-fec6-48da-a089-77e4ba6987bb;397.0;0.5118;UNKNOWN
2016-01-25T01:07:10.000000;2016-01-25T01:07:10.000000;9986c23d-3859-4b8b-9176-4063bf0191f7;397.15;0.1911;UNKNOWN
2016-01-25T01:07:10.000000;2016-01-25T01:07:10.000000;7bfd62ca-caaa-4f0f-9117-ab3870f4c7f9;397.19;0.52;UNKNOWN
2016-01-25T01:07:10.000000;2016-01-25T01:07:10.000000;ed4a30e7-5bc8-43d3-9b0a-e477ed2129be;397.1;0.01;UNKNOWN
2016-01-25T01:07:10.000000;2016-01-25T01:07:10.000000;5976fdfc-2d43-4222-9ea9-c8e8fe49391e;397.58;1.0;UNKNOWN
2016-01-25T01:07:10.000000;2016-01-25T01:07:10.000000;7331b6e5-0c70-4469-abb4-7b708014bf4e;397.01;20.0;UNKNOWN
2016-01-25T01:07:20.000000;2016-01-25T01:07:20.000000;e7bada6b-83a8-4c08-a056-9795fad3501c;396.51;0.998;UNKNOWN
2016-01-25T01:07:20.000000;2016-01-25T01:07:20.000000;74002916-b7a0-4b19-90cf-918073e87e1b;396.54;0.01;UNKNOWN
2016-01-25T01:07:20.000000;2016-01-25T01:07:20.000000;6a13a21f-05b4-4625-b281-e081fd881761;396.51;0.37928722;UNKNOWN
2016-01-25T01:07:20.000000;2016-01-25T01:07:20.000000;6ba4815e-7ebc-461b-9f8a-0b09b104ba0f;396.7;10.0;UNKNOWN
2016-01-25T01:07:20.000000;2016-01-25T01:07:20.000000;a24f82ac-7a40-49aa-af8e-1ce0fe152309;396.76;0.1823;UNKNOWN
2016-01-25T01:07:20.000000;2016-01-25T01:07:20.000000;a2d1dd31-73c0-44bf-a031-330c4c54d120;396.52;0.62071278;UNKNOWN
2016-01-25T01:07:20.000000;2016-01-25T01:07:20.000000;624fb240-f4dd-4866-ba09-3f69c296461e;396.59;1.55312646;UNKNOWN
2016-01-25T01:07:20.000000;2016-01-25T01:07:20.000000;f32eedfc-dc36-4860-ab77-abc706f012b3;396.88;5.0;UNKNOWN
2016-01-25T01:07:20.000000;2016-01-25T01:07:20.000000;71234794-112d-4474-b406-b542a46054ce;396.55;0.60551449;UNKNOWN
2016-01-25T01:07:20.000000;2016-01-25T01:07:20.000000;ad8f762f-5876-475e-9844-cbd5ec885776;396.62;2.50544935;UNKNOWN
2016-01-25T01:07:20.000000;2016-01-25T01:07:20.000000;f808cb0e-2fff-4f7a-ac25-51b2bf9b0570;396.75;0.1;UNKNOWN
2016-01-25T01:07:20.000000;2016-01-25T01:07:20.000000;412c833a-0d8c-48cc-b341-b0f4d3e97e1f;396.6;0.5;UNKNOWN
2016-01-25T01:07:20.000000;2016-01-25T01:07:20.000000;0ea63e40-a951-47d7-846d-8c923b9d920e;396.51;5.0;UNKNOWN
2016-01-25T01:07:20.000000;2016-01-25T01:07:20.000000;38157a25-32b5-44ab-9166-f08f1b2b2e3d;396.67;2.50554351;UNKNOWN
2016-01-25T01:07:20.000000;2016-01-25T01:07:20.000000;d4ff25e3-81dc-4f74-bcd6-8f0395c54f8f;396.55;4.39448551;UNKNOWN
2016-01-25T01:07:20.000000;2016-01-25T01:07:20.000000;4a58458a-30c5-461c-b62d-84b6165249d5;396.68;0.24346098;UNKNOWN
2016-01-25T01:07:20.000000;2016-01-25T01:07:20.000000;21561917-7291-40e7-b417-39235221f013;396.52;1.88448551;UNKNOWN
2016-01-25T01:07:20.000000;2016-01-25T01:07:20.000000;d7236f47-5211-425b-9337-b95e24a73011;396.68;0.15;UNKNOWN
2016-01-25T01:07:20.000000;2016-01-25T01:07:20.000000;34ca37e4-4cfb-451e-95b6-e271855d13a7;396.59;0.34652596;UNKNOWN
2016-01-25T01:07:20.000000;2016-01-25T01:07:20.000000;590b623d-631f-472d-8898-b52c62491496;396.59;0.60551449;UNKNOWN
2016-01-25T01:07:20.000000;2016-01-25T01:07:20.000000;0d6f2a6e-a38a-4868-ae56-5fe8c5e11966;396.59;6.25;UNKNOWN
2016-01-25T01:07:20.000000;2016-01-25T01:07:20.000000;94409578-9bf5-48ed-9ba4-192d7c50c5e7;396.89;0.33;UNKNOWN
2016-01-25T01:07:26.000000;2016-01-25T01:07:26.000000;1ca53d41-b666-437b-9803-abab86dbe1df;396.51;0.08449202;UNKNOWN
2016-01-25T01:07:26.000000;2016-01-25T01:07:26.000000;df23a5c5-dc13-4939-a75e-9824150187a0;396.52;0.36;UNKNOWN
2016-01-25T01:07:26.000000;2016-01-25T01:07:26.000000;5a0d02af-a689-45bf-aeb9-a86fd4ddc83b;396.51;3.53822076;UNKNOWN
2016-01-25T01:07:26.000000;2016-01-25T01:07:26.000000;0d35190f-7186-4511-9a6d-f5800d20cf79;396.51;5.0;UNKNOWN
2016-01-25T01:07:26.000000;2016-01-25T01:07:26.000000;283a8ea6-0fd2-4cc6-b86c-6e4083702901;396.51;6.46177924;UNKNOWN
2016-01-25T01:07:29.000000;2016-01-25T01:07:29.000000;0cf244c9-44ef-444a-9487-ac1265d77703;396.51;2.0;UNKNOWN
2016-01-25T01:07:33.000000;2016-01-25T01:07:33.000000;2c0ebb22-a2a2-4cd6-8f03-905c38307854;396.87;0.31493286;UNKNOWN
2016-01-25T01:07:36.000000;2016-01-25T01:07:36.000000;cdd9e663-6bdf-4d35-9c95-f384362775c7;396.42;2.50538658;UNKNOWN
2016-01-25T01:07:36.000000;2016-01-25T01:07:36.000000;26ca000d-7501-43e9-aeb7-1cfd4ec46c7e;396.51;6.53822076;UNKNOWN
2016-01-25T01:07:36.000000;2016-01-25T01:07:36.000000;5918ef66-8037-46f4-9038-2dab5665bb0c;396.23;0.85639266;UNKNOWN
2016-01-25T01:07:36.000000;2016-01-25T01:07:36.000000;56fd367f-3ef6-45ef-8691-fce7c92485ed;396.24;0.1;UNKNOWN
2016-01-25T01:07:43.000000;2016-01-25T01:07:43.000000;4d316137-0148-4991-b188-c74ab8a74768;396.82;0.31493286;UNKNOWN
2016-01-25T01:07:57.000000;2016-01-25T01:07:57.000000;45b6a88b-96d0-4029-9d54-5abb3cc61014;396.16;6.49;UNKNOWN
2016-01-25T01:07:57.000000;2016-01-25T01:07:57.000000;5cc82e54-98de-4835-8f55-469e1452ab65;396.23;0.04360734;UNKNOWN
2016-01-25T01:07:57.000000;2016-01-25T01:07:57.000000;533b3eb7-5d3f-4dea-a504-5aa3d0843e96;396.24;0.28926;UNKNOWN
2016-01-25T01:07:57.000000;2016-01-25T01:07:57.000000;edd9bb3d-488e-47c6-b7a1-e8560823051b;396.15;0.214;UNKNOWN
2016-01-25T01:07:57.000000;2016-01-25T01:07:57.000000;8542f5c1-dc75-499f-b883-398c2706611d;396.15;2.47263266;UNKNOWN
2016-01-25T01:07:57.000000;2016-01-25T01:07:57.000000;5783ca0d-bbe5-4e1b-a5a5-9c1d977dfe66;396.22;0.0105;UNKNOWN
2016-01-25T01:07:57.000000;2016-01-25T01:07:57.000000;f696aa7d-36ba-4309-8bb1-789a32743304;396.17;0.48;UNKNOWN
2016-01-25T01:08:01.000000;2016-01-25T01:08:01.000000;e24ca206-1c97-4783-bf05-a26ae454613b;396.03;0.9;UNKNOWN
2016-01-25T01:08:01.000000;2016-01-25T01:08:01.000000;efbe11f3-62a9-49cc-a713-ed40df0fd71d;396.01;6.09;UNKNOWN
2016-01-25T01:08:01.000000;2016-01-25T01:08:01.000000;0cace9da-b548-4b3c-b738-2d28dbc32d3e;396.1;0.01;UNKNOWN
2016-01-25T01:08:04.000000;2016-01-25T01:08:04.000000;ac5a185f-4624-4632-86a8-d69eb9eae394;396.26;0.05;UNKNOWN
2016-01-25T01:08:06.000000;2016-01-25T01:08:06.000000;3fedc772-a76f-4cad-939a-41a903553f2c;396.01;1.34;UNKNOWN
2016-01-25T01:08:06.000000;2016-01-25T01:08:06.000000;e2f33fb9-59e6-4d09-b3a9-7f70adbd0a82;396.11;0.68;UNKNOWN
2016-01-25T01:08:07.000000;2016-01-25T01:08:07.000000;e3395ce4-3ed7-4fd8-b5db-3ef679b83a12;396.01;1.0;UNKNOWN
2016-01-25T01:08:08.000000;2016-01-25T01:08:08.000000;8196e83e-c616-4b5d-af9f-014e8c73f687;396.01;1.0210538;UNKNOWN
2016-01-25T01:08:09.000000;2016-01-25T01:08:09.000000;1802ba3d-4f76-4cfb-a5bf-f632ba402dd1;396.01;0.1;UNKNOWN
2016-01-25T01:08:09.000000;2016-01-25T01:08:09.000000;a7e3657f-5fdd-4c19-b616-a78aad7c1fdb;396.01;9.0;UNKNOWN
2016-01-25T01:08:14.000000;2016-01-25T01:08:14.000000;54c55211-b719-4be5-9233-889d1ee20cb5;396.2;0.31544945;UNKNOWN
2016-01-25T01:08:16.000000;2016-01-25T01:08:16.000000;9c9ed4e5-612b-49e2-9115-299730507d18;396.01;0.02;UNKNOWN
2016-01-25T01:08:16.000000;2016-01-25T01:08:16.000000;cecac602-fcbf-4df1-b8b5-28cf68ed367f;396.0;0.1463;UNKNOWN
2016-01-25T01:08:16.000000;2016-01-25T01:08:16.000000;f34fc923-2f2c-4f4c-b18b-2d26ba1c9ee0;396.0;0.05;UNKNOWN
2016-01-25T01:08:16.000000;2016-01-25T01:08:16.000000;f0e25327-97fe-411c-813e-93e5f152285c;395.71;13.40958993;UNKNOWN
2016-01-25T01:08:16.000000;2016-01-25T01:08:16.000000;e212c9e2-9177-4e23-ac86-5e6ad920b8ce;396.0;0.01;UNKNOWN
2016-01-25T01:08:16.000000;2016-01-25T01:08:16.000000;f42c84d2-bbad-4403-8ed1-a51a7a289865;396.0;1.0;UNKNOWN
2016-01-25T01:08:16.000000;2016-01-25T01:08:16.000000;1f62e136-8afd-4038-a360-292a278885ee;396.02;5.02;UNKNOWN
2016-01-25T01:08:16.000000;2016-01-25T01:08:16.000000;826e0fdc-4335-4c29-b09b-9917172f1ace;396.01;0.32;UNKNOWN
2016-01-25T01:08:16.000000;2016-01-25T01:08:16.000000;5fd5abb9-d1fb-400b-bc33-e69f97b5829d;396.0;0.6771;UNKNOWN
2016-01-25T01:08:16.000000;2016-01-25T01:08:16.000000;0b08db53-7218-4cf0-bb8e-672720f15a7e;396.0;0.5;UNKNOWN
2016-01-25T01:08:16.000000;2016-01-25T01:08:16.000000;4d2896dc-0359-48c9-96b8-327b3f027ea6;396.01;0.7;UNKNOWN
2016-01-25T01:08:16.000000;2016-01-25T01:08:16.000000;bd7c9798-10e7-408c-85b0-5361fb75d9d1;396.01;1.4489462;UNKNOWN
2016-01-25T01:08:16.000000;2016-01-25T01:08:16.000000;35e0a816-38f2-4f82-a49f-7407a924f35c;396.0;0.1019;UNKNOWN
2016-01-25T01:08:16.000000;2016-01-25T01:08:16.000000;38d5fec2-11a2-43ac-a0cb-4b32f6b625eb;396.0;0.5;UNKNOWN
2016-01-25T01:08:16.000000;2016-01-25T01:08:16.000000;f896a302-ad53-4562-970b-b5337054c192;396.0;5.0;UNKNOWN
2016-01-25T01:08:16.000000;2016-01-25T01:08:16.000000;f807ff48-3965-4551-9c7b-586ef67a517b;395.85;0.0525;UNKNOWN
2016-01-25T01:08:16.000000;2016-01-25T01:08:16.000000;b853927e-b38c-4a44-8e32-8349be0d6eae;395.75;0.013;UNKNOWN
2016-01-25T01:08:22.000000;2016-01-25T01:08:22.000000;8d3eb4b7-e634-4476-8573-c415cdfc02e2;396.02;0.02;UNKNOWN
2016-01-25T01:08:22.000000;2016-01-25T01:08:22.000000;6b292b59-eef1-432a-a4f2-f1e1d98b1270;396.02;0.1795;UNKNOWN
2016-01-25T01:08:23.000000;2016-01-25T01:08:23.000000;5289fda8-7e1d-48c2-b9e1-e27117478fb0;396.02;0.342;UNKNOWN
2016-01-25T01:08:29.000000;2016-01-25T01:08:29.000000;74cedaf1-141c-4f15-b73f-bd752bd8a5cd;395.6;6.5;UNKNOWN
2016-01-25T01:08:29.000000;2016-01-25T01:08:29.000000;78e0565c-8094-4be8-9dd4-c7afc793820a;395.6;25.841821;UNKNOWN
2016-01-25T01:08:29.000000;2016-01-25T01:08:29.000000;b6e42e81-d741-4bdd-8bc9-6469ede0a697;395.61;0.5;UNKNOWN
2016-01-25T01:08:29.000000;2016-01-25T01:08:29.000000;ce97ffe7-76c0-4299-a470-b873920a0e59;395.59;15.0;UNKNOWN
2016-01-25T01:08:29.000000;2016-01-25T01:08:29.000000;07693cc8-3fac-45ab-b4b8-393ad41c51b8;395.74;13.9488;UNKNOWN
2016-01-25T01:08:29.000000;2016-01-25T01:08:29.000000;b4aad3a9-4997-4b2f-9cb8-eea25bbb807f;395.74;4.0;UNKNOWN
2016-01-25T01:08:29.000000;2016-01-25T01:08:29.000000;8eeecdbe-ab98-48cb-80ee-c4de99facab7;395.61;6.0;UNKNOWN
2016-01-25T01:08:29.000000;2016-01-25T01:08:29.000000;f6c7496d-8a74-40a9-be54-ebfd532213f5;395.61;3.0;UNKNOWN
2016-01-25T01:08:29.000000;2016-01-25T01:08:29.000000;1088abff-afbe-42ad-8842-f23f28e74fca;395.59;0.841;UNKNOWN
2016-01-25T01:08:29.000000;2016-01-25T01:08:29.000000;6343e606-6d29-4957-999f-e2b3704ac95d;395.6;1.012679;UNKNOWN
2016-01-25T01:08:29.000000;2016-01-25T01:08:29.000000;c0e8c906-6ca9-47cd-ab6c-df3cdf80f23f;395.54;1.949179;UNKNOWN
2016-01-25T01:08:29.000000;2016-01-25T01:08:29.000000;0a52e930-8bfb-4101-a020-472cd7690fdf;395.58;5.33;UNKNOWN
2016-01-25T01:08:29.000000;2016-01-25T01:08:29.000000;d26b7db2-347c-4104-9de6-5c233e76c052;395.54;3.0;UNKNOWN
2016-01-25T01:08:29.000000;2016-01-25T01:08:29.000000;a56fce38-b690-48e1-bf7d-39b711ba7cab;395.59;0.338;UNKNOWN
2016-01-25T01:08:29.000000;2016-01-25T01:08:29.000000;398e61ea-7b46-4935-aa6f-60a37e196b2b;395.59;0.7;UNKNOWN
2016-01-25T01:08:35.000000;2016-01-25T01:08:35.000000;fd2e5284-de0e-4d4b-926d-645d188b7ac9;395.55;0.7;UNKNOWN
2016-01-25T01:08:35.000000;2016-01-25T01:08:35.000000;deb67604-d40a-4ff7-a058-50c7a19b1eb5;395.51;0.7885;UNKNOWN
2016-01-25T01:08:35.000000;2016-01-25T01:08:35.000000;3f852cf4-0ef7-4e5a-a671-5603226198c7;395.55;0.7;UNKNOWN
2016-01-25T01:08:35.000000;2016-01-25T01:08:35.000000;1a10838d-2bee-4682-8c54-5d2c78402386;395.51;20.0;UNKNOWN
2016-01-25T01:08:35.000000;2016-01-25T01:08:35.000000;595dcdb3-889c-4d01-bca9-55a254297f6e;395.55;18.0374;UNKNOWN
2016-01-25T01:08:41.000000;2016-01-25T01:08:41.000000;4fe00575-d292-4749-98f3-e54d4df926bd;395.95;0.31567251;UNKNOWN
2016-01-25T01:08:48.000000;2016-01-25T01:08:48.000000;de0e0869-6f68-4549-982e-dfa5d098d935;395.58;0.7;UNKNOWN
2016-01-25T01:08:48.000000;2016-01-25T01:08:48.000000;5159021f-c7c6-415d-9435-f69e42642c9c;395.57;42.34210293;UNKNOWN
2016-01-25T01:08:48.000000;2016-01-25T01:08:48.000000;ec3caf2a-de3f-498b-86fd-68ea036f8ef4;395.57;6.3056;UNKNOWN
2016-01-25T01:08:48.000000;2016-01-25T01:08:48.000000;ffe98c5c-ed36-4d95-a815-1b3687f66cdf;395.58;0.7;UNKNOWN
2016-01-25T01:09:01.000000;2016-01-25T01:09:01.000000;5275b7bd-4be6-4003-9143-954d32446c42;395.59;2.5700636;UNKNOWN
2016-01-25T01:09:01.000000;2016-01-25T01:09:01.000000;2792bc1a-3053-47b7-9809-2ae732e26157;395.59;0.352;UNKNOWN
2016-01-25T01:09:01.000000;2016-01-25T01:09:01.000000;43a42a0f-6971-4499-9e47-845c19be45f0;395.59;0.25;UNKNOWN
2016-01-25T01:09:01.000000;2016-01-25T01:09:01.000000;4fc83957-4288-4ed7-a9e3-c7e27a19bf57;395.59;0.25;UNKNOWN
2016-01-25T01:09:01.000000;2016-01-25T01:09:01.000000;de1959af-2a26-4a02-beff-edd7790d3468;395.59;0.249;UNKNOWN
2016-01-25T01:09:01.000000;2016-01-25T01:09:01.000000;6540c8a2-4543-46cf-81c4-0e7e1eb6bef1;395.6;0.7;UNKNOWN
2016-01-25T01:09:01.000000;2016-01-25T01:09:01.000000;c6a8a5f0-2c0b-40d4-b139-ea05e6856ee1;395.59;0.248;UNKNOWN
2016-01-25T01:09:01.000000;2016-01-25T01:09:01.000000;fadcb7d2-4154-4cc7-8906-d6f8ceac817a;395.59;0.25;UNKNOWN
2016-01-25T01:09:01.000000;2016-01-25T01:09:01.000000;c570c6b4-fdf0-4041-a1e1-7c0cfb996ef9;395.59;0.248;UNKNOWN
2016-01-25T01:09:01.000000;2016-01-25T01:09:01.000000;c5e44c00-7492-46f3-b38d-5875475417d5;395.59;0.249;UNKNOWN
2016-01-25T01:09:01.000000;2016-01-25T01:09:01.000000;3bc01497-bc83-4139-a728-016ce799591c;395.6;0.7;UNKNOWN
2016-01-25T01:09:05.000000;2016-01-25T01:09:05.000000;0a735998-5670-4787-8829-666edd5aa72e;395.89;0.05;UNKNOWN
2016-01-25T01:09:14.000000;2016-01-25T01:09:14.000000;6a4328fc-420a-49be-822a-8d5df5528521;396.16;0.0415;UNKNOWN
2016-01-25T01:09:14.000000;2016-01-25T01:09:14.000000;738998d1-7ae0-4a4a-afd5-ebbd3185b247;395.85;0.5;UNKNOWN
2016-01-25T01:09:14.000000;2016-01-25T01:09:14.000000;1cf795c3-8472-41ab-899e-34f219936c21;395.87;1.0;UNKNOWN
2016-01-25T01:09:14.000000;2016-01-25T01:09:14.000000;8d7a9051-39bd-4b32-8c29-df870caa380f;396.0;2.0;UNKNOWN
2016-01-25T01:09:14.000000;2016-01-25T01:09:14.000000;303d43a8-4e61-4f7a-a38c-b858ec5b93ab;395.85;3.0;UNKNOWN
2016-01-25T01:09:14.000000;2016-01-25T01:09:14.000000;866c5b13-a14f-4ee1-86e2-325335f98499;396.02;0.4585;UNKNOWN
2016-01-25T01:09:17.000000;2016-01-25T01:09:17.000000;dad0a490-74aa-437e-8bfa-d9fb5c0c46d2;395.84;0.1031;UNKNOWN
2016-01-25T01:09:35.000000;2016-01-25T01:09:35.000000;db9733ea-1e3f-46db-bc9d-e63f060b4aa7;395.87;0.1;UNKNOWN
2016-01-25T01:09:56.000000;2016-01-25T01:09:56.000000;19d7c618-33bf-488e-abf5-0f36f2de7c4c;395.84;0.5;UNKNOWN
2016-01-25T01:09:56.000000;2016-01-25T01:09:56.000000;8f08f02e-ba43-475e-9eae-5c571a87eea7;395.84;1.9;UNKNOWN
2016-01-25T01:10:05.000000;2016-01-25T01:10:05.000000;cec64caf-82cd-4a18-abaa-9fc2b3ef29fe;395.77;0.55;UNKNOWN
2016-01-25T01:10:06.000000;2016-01-25T01:10:06.000000;5281e8c8-6089-4b28-84aa-f61d7dc72ea7;395.77;0.08391128;UNKNOWN
2016-01-25T01:10:08.000000;2016-01-25T01:10:08.000000;23d5e91c-71db-4afa-890c-3f9a7ff36336;395.77;0.06608872;UNKNOWN
2016-01-25T01:10:08.000000;2016-01-25T01:10:08.000000;dfac4789-eebc-4ccc-80ca-50822bfa8988;395.77;0.01;UNKNOWN
2016-01-25T01:10:08.000000;2016-01-25T01:10:08.000000;bfc41081-f613-4bcd-9ccf-480f97aa267e;395.74;0.02512472;UNKNOWN
2016-01-25T01:10:10.000000;2016-01-25T01:10:10.000000;bd5197f2-e43a-4894-ba24-ed804ea327ec;395.51;45.4903;UNKNOWN
2016-01-25T01:10:10.000000;2016-01-25T01:10:10.000000;67849e84-445d-4463-95ce-cf8463d9dd20;395.54;1.0;UNKNOWN
2016-01-25T01:10:10.000000;2016-01-25T01:10:10.000000;6bec46b4-4bd5-49f3-b17d-2f8c4d85e930;395.74;0.01;UNKNOWN
