time_exchange;time_coinpai;guid;price;base_amount;taker_side
2016-04-05T00:01:59.000000;2016-04-05T00:01:59.000000;16bb4f64-aff4-41df-b401-8d3ae881cfb4;420.46;0.03;UNKNOWN
2016-04-05T00:02:04.000000;2016-04-05T00:02:04.000000;abd3cdbc-e6a1-4f8f-8175-62a6215a44de;420.46;0.264;UNKNOWN
2016-04-05T00:02:09.000000;2016-04-05T00:02:09.000000;88c14798-3c04-405e-930d-e1a8f71aa193;420.46;1.0;UNKNOWN
2016-04-05T00:02:14.000000;2016-04-05T00:02:14.000000;8e40d9ef-2e4b-445b-a6da-8912f50070f4;420.46;0.102;UNKNOWN
2016-04-05T00:02:19.000000;2016-04-05T00:02:19.000000;b7e3d5c3-5a89-4650-b9c9-2b585fbcb0bb;420.46;0.85035;UNKNOWN
2016-04-05T00:02:24.000000;2016-04-05T00:02:24.000000;f6d52541-eaed-4bb6-a1d7-4bacbd93c713;420.46;0.668;UNKNOWN
2016-04-05T00:02:28.000000;2016-04-05T00:02:28.000000;c6bb1ab6-13d2-428a-8716-38250a0d7d72;420.29;0.4227;UNKNOWN
2016-04-05T00:02:29.000000;2016-04-05T00:02:29.000000;e9f033a7-af3d-4a2b-9b21-4a8d6751fa89;420.29;0.80268;UNKNOWN
2016-04-05T00:03:10.000000;2016-04-05T00:03:10.000000;86016649-b7b8-43ff-ae7d-af1adc3fe203;420.42;0.7127;UNKNOWN
2016-04-05T00:03:50.000000;2016-04-05T00:03:50.000000;3d5e838c-176e-49ba-8879-248755114384;420.38;0.1188;UNKNOWN
2016-04-05T00:07:17.000000;2016-04-05T00:07:17.000000;a4d5da95-507d-47b1-a780-bc3a01a6c1ad;420.29;0.96607902;UNKNOWN
2016-04-05T00:12:17.000000;2016-04-05T00:12:17.000000;8d9e9806-1359-4d73-aea0-6113bb822046;420.29;0.80854098;UNKNOWN
2016-04-05T00:16:13.000000;2016-04-05T00:16:13.000000;a0434cf0-fa89-4b79-83c9-6bdf839a1889;420.01;0.078076;UNKNOWN
2016-04-05T00:17:40.000000;2016-04-05T00:17:40.000000;6d398c38-e833-4aca-befe-f739845a1b17;420.01;8.53527229;UNKNOWN
2016-04-05T00:18:06.000000;2016-04-05T00:18:06.000000;2f56264b-133e-4a33-ac78-97770fad80f2;420.03;0.362;UNKNOWN
2016-04-05T00:19:10.000000;2016-04-05T00:19:10.000000;c4c0d3fd-9825-4877-b69b-d98b16271719;420.02;0.045;UNKNOWN
2016-04-05T00:19:33.000000;2016-04-05T00:19:33.000000;6d532952-73dd-4dba-9338-07babbd6faa0;420.01;0.46994083;UNKNOWN
2016-04-05T00:21:37.000000;2016-04-05T00:21:37.000000;0822a3a1-6dd0-42ea-bb52-9277bef886a1;420.01;0.43;UNKNOWN
2016-04-05T00:25:03.000000;2016-04-05T00:25:03.000000;6f837d5b-3303-4584-9863-8fa5ca42a8ff;420.01;0.024656;UNKNOWN
2016-04-05T00:27:10.000000;2016-04-05T00:27:10.000000;e0762396-2456-4600-a4d8-714fc21b0faf;420.01;0.02388458;UNKNOWN
2016-04-05T00:27:50.000000;2016-04-05T00:27:50.000000;87ed522e-9042-4142-b73f-d265918130a3;420.01;0.4281703;UNKNOWN
2016-04-05T00:27:50.000000;2016-04-05T00:27:50.000000;dd5dce7f-1d56-436c-afb8-c038e61e5207;419.7;0.76466315;UNKNOWN
2016-04-05T00:30:53.000000;2016-04-05T00:30:53.000000;c2a2026f-2471-47ac-8a51-319daab9571d;419.7;4.2525719;UNKNOWN
2016-04-05T00:34:23.000000;2016-04-05T00:34:23.000000;730c70e6-b4af-40da-82d0-60401bf595cb;419.71;0.19;UNKNOWN
2016-04-05T00:38:18.000000;2016-04-05T00:38:18.000000;a02c781d-520e-4a2f-8c91-052a2a3c681b;419.74;0.01;UNKNOWN
2016-04-05T00:39:05.000000;2016-04-05T00:39:05.000000;0afea82f-7874-46c4-ac9b-522acc9931b0;420.06;0.03098715;UNKNOWN
2016-04-05T00:40:43.000000;2016-04-05T00:40:43.000000;4ed218a3-21a7-44a0-be38-5e988373e903;420.06;0.5;UNKNOWN
2016-04-05T00:40:53.000000;2016-04-05T00:40:53.000000;fda30e1d-fdb5-4fd8-a053-b4670628f05f;419.74;0.02;UNKNOWN
2016-04-05T00:47:41.000000;2016-04-05T00:47:41.000000;80db56cd-1a9c-430d-bdc2-19c98912d1cc;419.76;0.1180341;UNKNOWN
2016-04-05T00:50:13.000000;2016-04-05T00:50:13.000000;25b6d3b9-6225-4d91-95fe-c68f99310e76;419.84;0.11805942;UNKNOWN
2016-04-05T00:53:17.000000;2016-04-05T00:53:17.000000;85fbe754-0e2f-4898-8138-904984f3cf76;420.06;4.0;UNKNOWN
2016-04-05T00:53:32.000000;2016-04-05T00:53:32.000000;e15aedd6-a397-4a28-a5ee-69899e4bec14;420.06;3.0;UNKNOWN
2016-04-05T00:53:51.000000;2016-04-05T00:53:51.000000;454ec32f-ca13-4803-8ab6-1aa59d1b31e6;419.84;0.35888395;UNKNOWN
2016-04-05T00:54:21.000000;2016-04-05T00:54:21.000000;1392db3b-0530-4319-82f2-2ac2a5bd40df;419.84;2.2;UNKNOWN
2016-04-05T00:56:54.000000;2016-04-05T00:56:54.000000;3491a131-594f-4a2f-89fc-2a4cb5e5ab4a;420.06;0.56261393;UNKNOWN
2016-04-05T00:56:55.000000;2016-04-05T00:56:55.000000;a1ffc90d-b070-4972-88b1-889e09da7957;420.06;0.53639891;UNKNOWN
2016-04-05T01:00:06.000000;2016-04-05T01:00:06.000000;2355e692-8223-4c8e-8767-448f0536a546;420.12;0.36076826;UNKNOWN
2016-04-05T01:00:13.000000;2016-04-05T01:00:13.000000;f2a88db1-5180-41cd-8090-b44b32ff37f6;420.12;0.12039765;UNKNOWN
2016-04-05T01:03:35.000000;2016-04-05T01:03:35.000000;64b5b977-dfb4-40bb-b03c-72dc5cf06f8e;420.12;3.27930189;UNKNOWN
2016-04-05T01:04:32.000000;2016-04-05T01:04:32.000000;117f1a85-2b1c-4904-a928-7c9d65d998f7;420.11;3.82465487;UNKNOWN
2016-04-05T01:04:53.000000;2016-04-05T01:04:53.000000;72779a8f-d8b4-4cb4-8453-e60297dd1fa6;419.83;0.28143497;UNKNOWN
2016-04-05T01:10:37.000000;2016-04-05T01:10:37.000000;3483a4e6-57d2-4aa2-b642-b849f0769d87;419.77;0.05967719;UNKNOWN
2016-04-05T01:17:50.000000;2016-04-05T01:17:50.000000;e94f0016-debd-4407-9d85-2ce8d0ec2461;419.76;0.04774175;UNKNOWN
2016-04-05T01:18:53.000000;2016-04-05T01:18:53.000000;6923f60d-2f90-4633-9df7-449e24b8ec66;419.76;0.2339346;UNKNOWN
2016-04-05T01:19:05.000000;2016-04-05T01:19:05.000000;a56a75fe-47b1-44f5-aa6c-f5f7e2fe006c;420.03;0.02166134;UNKNOWN
2016-04-05T01:19:10.000000;2016-04-05T01:19:10.000000;ec54fcc6-6858-481f-af88-ceb50fdb4330;419.76;0.09459254;UNKNOWN
2016-04-05T01:23:41.000000;2016-04-05T01:23:41.000000;1e08f8b8-ad70-44f6-93dd-dc8f7bd0ff11;419.62;0.9799;UNKNOWN
2016-04-05T01:24:18.000000;2016-04-05T01:24:18.000000;4bab3ce1-2357-4672-b8d4-339395fe92de;419.92;0.0491373;UNKNOWN
2016-04-05T01:26:38.000000;2016-04-05T01:26:38.000000;c1ac7c91-e0bc-44d2-b75d-2015d80bd2f9;419.9;0.0995;UNKNOWN
2016-04-05T01:27:39.000000;2016-04-05T01:27:39.000000;12ac7a59-9bf7-4911-ab9f-712651e01029;419.61;0.514;UNKNOWN
2016-04-05T01:28:05.000000;2016-04-05T01:28:05.000000;48916d23-c2f2-4d54-9051-e7872f539a67;419.9;0.02376369;UNKNOWN
2016-04-05T01:30:31.000000;2016-04-05T01:30:31.000000;d424c571-ec2a-4cc7-8988-bced96f05071;419.61;0.335;UNKNOWN
2016-04-05T01:35:33.000000;2016-04-05T01:35:33.000000;eb35cf0e-6de3-4924-b0b0-6079e5481685;419.89;0.742;UNKNOWN
2016-04-05T01:35:50.000000;2016-04-05T01:35:50.000000;0def370f-f792-4d79-8f7c-04454d760f4f;419.89;0.23386219;UNKNOWN
2016-04-05T01:48:00.000000;2016-04-05T01:48:00.000000;e9af87d8-c8a2-4699-9edb-4fc87a3b50e4;419.89;0.03246388;UNKNOWN
2016-04-05T01:48:02.000000;2016-04-05T01:48:02.000000;31b6150d-33ba-4c09-b6ea-bfb0dec18a4b;419.89;0.02780061;UNKNOWN
2016-04-05T01:48:06.000000;2016-04-05T01:48:06.000000;cd9f9dc2-9c0c-4802-a71a-f1d8ac3ab628;419.89;0.03666089;UNKNOWN
2016-04-05T01:48:10.000000;2016-04-05T01:48:10.000000;d343942b-4704-4918-b7a0-9a46ab47fe73;419.89;0.06755693;UNKNOWN
2016-04-05T01:48:16.000000;2016-04-05T01:48:16.000000;9d888def-4b3c-429d-b997-9c11cd15e7fc;419.89;0.04977845;UNKNOWN
2016-04-05T01:50:14.000000;2016-04-05T01:50:14.000000;4a260078-9a47-4571-99d0-ab6321d43e49;419.89;0.20242066;UNKNOWN
2016-04-05T01:50:21.000000;2016-04-05T01:50:21.000000;6b255740-1e08-4c8b-890f-ba8566179001;419.89;0.06204507;UNKNOWN
2016-04-05T01:52:09.000000;2016-04-05T01:52:09.000000;88daf7e7-8a9d-4cf6-bea9-e07ddefe99b3;419.81;5.0;UNKNOWN
2016-04-05T01:52:09.000000;2016-04-05T01:52:09.000000;e15dc819-7f9c-4510-9b05-78bd3d8abf83;419.81;1.0;UNKNOWN
2016-04-05T01:52:38.000000;2016-04-05T01:52:38.000000;4df96280-f89d-46be-bf2a-fa184e51fba0;420.43;5.0;UNKNOWN
2016-04-05T01:52:43.000000;2016-04-05T01:52:43.000000;3158876c-9a47-466c-9d16-260c317560bd;419.89;0.024;UNKNOWN
2016-04-05T01:53:26.000000;2016-04-05T01:53:26.000000;fb768dfe-52f3-469d-bc86-f8c65dd6de2a;420.49;5.0;UNKNOWN
2016-04-05T01:54:14.000000;2016-04-05T01:54:14.000000;724d73ac-25db-4c47-ad7b-cf3250dde4eb;420.5;0.01;UNKNOWN
2016-04-05T01:54:14.000000;2016-04-05T01:54:14.000000;ae26266e-0f75-4964-9fe6-3750596f9991;420.49;4.99;UNKNOWN
2016-04-05T01:54:53.000000;2016-04-05T01:54:53.000000;b53a11e2-c006-4504-991b-13e768bf7b57;420.02;0.83522212;UNKNOWN
2016-04-05T01:55:10.000000;2016-04-05T01:55:10.000000;f24eaca3-69b7-4bfd-9d56-632a8c3f53bd;420.02;0.47820577;UNKNOWN
2016-04-05T01:55:19.000000;2016-04-05T01:55:19.000000;bef482fb-7fa0-4494-be7a-28653a8a5bdb;420.5;0.07001582;UNKNOWN
2016-04-05T01:55:19.000000;2016-04-05T01:55:19.000000;6a3081bf-5fa5-4241-ba09-178f8d00f19d;420.57;4.92998418;UNKNOWN
2016-04-05T01:55:49.000000;2016-04-05T01:55:49.000000;82b79541-26f5-4e9f-a493-afa353208216;420.6;5.3;UNKNOWN
2016-04-05T01:56:20.000000;2016-04-05T01:56:20.000000;40497cd1-58fc-4e4f-ba68-00517551f102;420.6;0.05;UNKNOWN
2016-04-05T01:58:38.000000;2016-04-05T01:58:38.000000;de5dc758-7d6c-45b4-bda8-38c358a7c8be;420.25;0.675;UNKNOWN
2016-04-05T02:00:16.000000;2016-04-05T02:00:16.000000;18b54e83-241e-4474-8512-d5a420adaa03;420.57;0.2459;UNKNOWN
2016-04-05T02:01:13.000000;2016-04-05T02:01:13.000000;533d9806-4a7b-4662-a675-3849ff27bbfe;420.57;2.78174037;UNKNOWN
2016-04-05T02:01:49.000000;2016-04-05T02:01:49.000000;b1580ade-536d-47de-9fa5-9691de20cc9e;420.3;0.0844;UNKNOWN
2016-04-05T02:01:49.000000;2016-04-05T02:01:49.000000;e0216ebe-c839-4ae4-9639-51ef705d2cdf;420.25;0.3426;UNKNOWN
2016-04-05T02:04:05.000000;2016-04-05T02:04:05.000000;5297afab-0e06-4706-9877-1a35b2de68f3;420.25;0.0426;UNKNOWN
2016-04-05T02:04:39.000000;2016-04-05T02:04:39.000000;79fc0010-dfb2-4f12-8bdf-0c5258ede51c;420.57;0.08227721;UNKNOWN
2016-04-05T02:04:40.000000;2016-04-05T02:04:40.000000;1dbdfe3a-f951-4890-b35a-c3e4f3514656;420.57;0.08227721;UNKNOWN
2016-04-05T02:07:05.000000;2016-04-05T02:07:05.000000;4dffd5e8-acec-4c3b-bf64-e2ed208e4fca;420.25;1.60795874;UNKNOWN
2016-04-05T02:07:50.000000;2016-04-05T02:07:50.000000;8efdb75e-fe4e-4416-9ed4-b083a10560ba;420.02;0.36;UNKNOWN
2016-04-05T02:07:53.000000;2016-04-05T02:07:53.000000;edbab196-0aca-47e9-9cb3-4acd1b817444;420.58;0.25;UNKNOWN
2016-04-05T02:07:53.000000;2016-04-05T02:07:53.000000;f420941a-a39d-4eb7-93b9-17a2e1dc4c07;420.6;9.75;UNKNOWN
2016-04-05T02:09:12.000000;2016-04-05T02:09:12.000000;2f26645f-8aea-4d62-99bc-c86d81b6a9cb;420.02;0.808;UNKNOWN
2016-04-05T02:12:05.000000;2016-04-05T02:12:05.000000;01736dfc-3e24-4881-b703-291e0ced807a;420.02;0.02723028;UNKNOWN
2016-04-05T02:12:09.000000;2016-04-05T02:12:09.000000;aaa93de4-bbaa-4287-9c1d-e9971831a88d;420.02;0.03892603;UNKNOWN
2016-04-05T02:12:13.000000;2016-04-05T02:12:13.000000;4c0723b7-3269-46fa-869f-f8e510d0d77c;420.02;0.03733504;UNKNOWN
2016-04-05T02:12:17.000000;2016-04-05T02:12:17.000000;0643fc88-ca7b-4155-aadc-d7cf16ecb968;420.02;0.03873136;UNKNOWN
2016-04-05T02:12:23.000000;2016-04-05T02:12:23.000000;10f55c1b-d6cd-48d5-8153-28d295b5373f;420.02;0.04369768;UNKNOWN
2016-04-05T02:12:28.000000;2016-04-05T02:12:28.000000;31805c83-6efd-4c0b-9a9d-50e50cc1b0cc;420.02;0.02147909;UNKNOWN
2016-04-05T02:12:30.000000;2016-04-05T02:12:30.000000;258ffb9a-5599-445c-a372-4b18c7cfb504;420.02;0.05983255;UNKNOWN
2016-04-05T02:12:32.000000;2016-04-05T02:12:32.000000;c25233fb-4e5f-4e87-b7af-37ed891aa19d;420.02;0.0330916;UNKNOWN
2016-04-05T02:12:36.000000;2016-04-05T02:12:36.000000;e2795b33-c6d5-4678-b729-93904e4d2804;420.02;0.06528386;UNKNOWN
2016-04-05T02:12:40.000000;2016-04-05T02:12:40.000000;8fc0195f-e764-4a51-8a53-3868d1d60ea5;420.02;0.04699905;UNKNOWN
2016-04-05T02:12:44.000000;2016-04-05T02:12:44.000000;fcb14f15-7b8b-4953-8047-047589b7de63;420.02;0.02469066;UNKNOWN
2016-04-05T02:12:46.000000;2016-04-05T02:12:46.000000;36e51d3e-5241-44ed-b5dc-e3c03bab94e3;420.02;0.56097121;UNKNOWN
2016-04-05T02:12:46.000000;2016-04-05T02:12:46.000000;89d171fc-6772-4780-8821-f7bfa371348d;420.37;0.01459419;UNKNOWN
2016-04-05T02:12:48.000000;2016-04-05T02:12:48.000000;14f90009-e927-4a7f-be3c-ec639334580e;420.02;0.02266674;UNKNOWN
2016-04-05T02:12:52.000000;2016-04-05T02:12:52.000000;371b0ab3-90c0-4f11-98f3-d7de4bd12944;420.02;0.03471864;UNKNOWN
2016-04-05T02:12:57.000000;2016-04-05T02:12:57.000000;dd8c469e-6f1a-4052-b954-d4e3f389867e;420.02;0.07470391;UNKNOWN
2016-04-05T02:13:01.000000;2016-04-05T02:13:01.000000;d27b0d4b-0b07-469b-a597-1f74c40d028e;420.02;0.03638314;UNKNOWN
2016-04-05T02:13:05.000000;2016-04-05T02:13:05.000000;e158ecca-fc52-4b5a-b7f8-9cfa5431fde9;420.02;0.02267849;UNKNOWN
2016-04-05T02:13:10.000000;2016-04-05T02:13:10.000000;98f2b930-0bb7-4245-b6aa-dfc3f45a6ccb;420.31;0.0232;UNKNOWN
2016-04-05T02:13:10.000000;2016-04-05T02:13:10.000000;02c5fc07-1860-43d8-a023-75df9a8c6c57;420.02;0.03755562;UNKNOWN
2016-04-05T02:13:15.000000;2016-04-05T02:13:15.000000;d4d3991e-198b-4100-b529-b5d7f78fc39c;420.02;0.06698573;UNKNOWN
2016-04-05T02:13:19.000000;2016-04-05T02:13:19.000000;605b071f-64f5-412f-84ad-069d33190536;420.02;0.02888207;UNKNOWN
2016-04-05T02:13:23.000000;2016-04-05T02:13:23.000000;98f9c473-545e-40bd-87dd-74f1be220a0e;420.02;0.04281235;UNKNOWN
2016-04-05T02:13:27.000000;2016-04-05T02:13:27.000000;23516c4b-f9b4-4b1a-9213-194a85960246;420.02;0.0367992;UNKNOWN
2016-04-05T02:13:32.000000;2016-04-05T02:13:32.000000;b76f08db-2a46-4983-b50d-bdcdc58d5b8c;420.02;0.04231436;UNKNOWN
2016-04-05T02:13:36.000000;2016-04-05T02:13:36.000000;7f7a67b3-b363-4afc-ac00-505b402332fa;420.02;0.060239;UNKNOWN
2016-04-05T02:13:40.000000;2016-04-05T02:13:40.000000;95cfaeb1-f905-476e-a8da-1efcdacefa2f;420.02;0.03137059;UNKNOWN
2016-04-05T02:13:44.000000;2016-04-05T02:13:44.000000;52e7f034-4605-47b5-a631-df03fd6c314e;420.02;0.0365764;UNKNOWN
2016-04-05T02:13:48.000000;2016-04-05T02:13:48.000000;4a7208d6-9d7e-4e24-88bd-d2c818290114;420.02;0.03696569;UNKNOWN
2016-04-05T02:13:53.000000;2016-04-05T02:13:53.000000;3dd0cc0e-8325-46d5-97a9-21afeabd9464;420.02;0.02522016;UNKNOWN
2016-04-05T02:13:57.000000;2016-04-05T02:13:57.000000;0489e27b-1b79-4782-ad13-4540c476ec74;420.02;0.04386696;UNKNOWN
2016-04-05T02:14:05.000000;2016-04-05T02:14:05.000000;49e6a4a3-cac5-43da-99fc-657ee9bda3b6;420.02;0.04626862;UNKNOWN
2016-04-05T02:14:10.000000;2016-04-05T02:14:10.000000;d5b586d7-f742-418c-ab5d-c72a02eebe84;420.02;0.04287258;UNKNOWN
2016-04-05T02:14:13.000000;2016-04-05T02:14:13.000000;f7a17396-20a4-46b1-9f87-d61089a7f8c9;420.02;0.03580736;UNKNOWN
2016-04-05T02:14:17.000000;2016-04-05T02:14:17.000000;233a2bd8-07f4-4bc8-abbb-ebc655f4136c;420.02;0.04051544;UNKNOWN
2016-04-05T02:14:21.000000;2016-04-05T02:14:21.000000;d9b630fa-483e-4ebf-8f77-c470c5138b65;420.02;0.0357472;UNKNOWN
2016-04-05T02:14:24.000000;2016-04-05T02:14:24.000000;eb6f45d4-7559-4f43-b412-cfdf80e5fc50;420.02;0.04064917;UNKNOWN
2016-04-05T02:14:28.000000;2016-04-05T02:14:28.000000;9ef35bd2-24ba-4d68-8068-3fbe6bd4633a;420.02;0.04443505;UNKNOWN
2016-04-05T02:14:45.000000;2016-04-05T02:14:45.000000;40f11d21-85ef-414b-b182-3e8e5bdff685;420.02;0.04784911;UNKNOWN
2016-04-05T02:14:51.000000;2016-04-05T02:14:51.000000;baff700c-0498-4344-b7e9-3405da987f6a;420.02;5.005558;UNKNOWN
2016-04-05T02:18:19.000000;2016-04-05T02:18:19.000000;d4eef9a8-03e8-457b-93d6-8d528dac484b;420.02;0.02065604;UNKNOWN
2016-04-05T02:18:37.000000;2016-04-05T02:18:37.000000;8057663c-dca4-4084-b23e-290be8167d95;420.02;1.1599;UNKNOWN
2016-04-05T02:19:04.000000;2016-04-05T02:19:04.000000;0f9bd3d0-d94f-456b-9c01-57fcd98a36f3;420.02;0.30763701;UNKNOWN
2016-04-05T02:21:49.000000;2016-04-05T02:21:49.000000;726a63b0-1fb9-4ec5-9402-61f6775ae382;420.02;1.495;UNKNOWN
2016-04-05T02:26:05.000000;2016-04-05T02:26:05.000000;400259be-9810-45b2-a6cc-46cb4648b2a1;420.04;5.0;UNKNOWN
2016-04-05T02:29:05.000000;2016-04-05T02:29:05.000000;be16d7eb-a5c3-4e0e-89cb-c7b93c205d3f;420.39;0.02166592;UNKNOWN
2016-04-05T02:33:44.000000;2016-04-05T02:33:44.000000;c73d828d-ad25-4293-9c37-6813a3d398c3;420.29;0.25;UNKNOWN
2016-04-05T02:33:44.000000;2016-04-05T02:33:44.000000;c057b83f-a399-402b-8330-2b5370a8b5a3;420.54;3.76580259;UNKNOWN
2016-04-05T02:37:23.000000;2016-04-05T02:37:23.000000;67433e64-4b9d-49b2-8080-6c9391714fc9;420.59;0.3;UNKNOWN
2016-04-05T02:38:26.000000;2016-04-05T02:38:26.000000;a6ff6fa0-623d-4da3-8141-3432dea071b6;420.6;0.11888062;UNKNOWN
2016-04-05T02:41:13.000000;2016-04-05T02:41:13.000000;b760c97f-596c-4dc7-841b-cc75b63463d7;420.55;0.11887779;UNKNOWN
2016-04-05T02:46:54.000000;2016-04-05T02:46:54.000000;a8b76823-8436-4c95-86b4-786d856d8bf0;420.42;12.0;UNKNOWN
2016-04-05T02:46:54.000000;2016-04-05T02:46:54.000000;3752f433-e027-4f09-86a0-7ff5b2c2c1db;420.58;12.5194;UNKNOWN
2016-04-05T02:46:54.000000;2016-04-05T02:46:54.000000;15c7e698-197f-49b5-be13-21a390415421;421.0;1.0;UNKNOWN
2016-04-05T02:46:54.000000;2016-04-05T02:46:54.000000;ba79e376-c555-4e1e-94bd-a536445527d1;420.72;12.335;UNKNOWN
2016-04-05T02:46:54.000000;2016-04-05T02:46:54.000000;987b4fca-729b-4fc7-b4ad-f968cffa816b;420.6;48.31219161;UNKNOWN
2016-04-05T02:46:54.000000;2016-04-05T02:46:54.000000;fdc63c16-d89a-4e62-a977-c4dad1c9b66d;420.69;0.34;UNKNOWN
2016-04-05T02:46:54.000000;2016-04-05T02:46:54.000000;f2af0f35-f225-4525-b88c-f989dd3928d9;421.0;0.25;UNKNOWN
2016-04-05T02:46:54.000000;2016-04-05T02:46:54.000000;50b8ad5c-9767-416b-8084-9bbfedf44b04;420.41;15.9015;UNKNOWN
2016-04-05T02:46:54.000000;2016-04-05T02:46:54.000000;bec30340-706d-44ad-a1a6-5ed699e459b7;420.42;4.19;UNKNOWN
2016-04-05T02:46:54.000000;2016-04-05T02:46:54.000000;c6c502ae-d521-416f-aa0b-7e8dbda2ac0c;420.59;18.0;UNKNOWN
2016-04-05T02:46:54.000000;2016-04-05T02:46:54.000000;82cc190e-c93f-4a22-9463-66c3bca5272e;420.68;4.23;UNKNOWN
2016-04-05T02:46:54.000000;2016-04-05T02:46:54.000000;eb069e65-4319-4794-8214-313b6469c707;420.99;0.036538;UNKNOWN
2016-04-05T02:46:54.000000;2016-04-05T02:46:54.000000;4b42c0d9-52e7-4be0-a508-b2fec339c2f7;420.99;10.01031112;UNKNOWN
2016-04-05T02:46:54.000000;2016-04-05T02:46:54.000000;95bd0229-b5af-4ee8-abc4-c1ac83f2aa70;421.0;1.0;UNKNOWN
2016-04-05T02:46:54.000000;2016-04-05T02:46:54.000000;7a1ba66b-ab3b-4d45-9240-29049a734a91;420.69;50.0;UNKNOWN
2016-04-05T02:46:54.000000;2016-04-05T02:46:54.000000;e7c31793-5f23-496c-bb01-83e23324545b;420.85;13.0698;UNKNOWN
2016-04-05T02:46:54.000000;2016-04-05T02:46:54.000000;1fadd30b-4e4a-49e6-a46b-840d009241bd;420.21;5.947;UNKNOWN
2016-04-05T02:46:54.000000;2016-04-05T02:46:54.000000;c8f82ec0-e94c-4a1e-8df1-11fc0ae52900;420.8;0.65;UNKNOWN
2016-04-05T02:46:54.000000;2016-04-05T02:46:54.000000;0b583bbb-45d2-4c5f-a727-4c56c24b2a3b;420.99;2.650154;UNKNOWN
2016-04-05T02:46:54.000000;2016-04-05T02:46:54.000000;5f415bfe-0057-41ea-b035-6ee489663532;421.0;15.36070527;UNKNOWN
2016-04-05T02:46:54.000000;2016-04-05T02:46:54.000000;933afbe6-8386-4dea-a4da-195e375aaa69;420.58;12.0174;UNKNOWN
2016-04-05T02:46:54.000000;2016-04-05T02:46:54.000000;feebce5d-299d-4b74-9b57-8f5af7d1c1b8;420.41;6.0;UNKNOWN
2016-04-05T02:46:54.000000;2016-04-05T02:46:54.000000;3c26f247-b96d-474f-ab7e-dbfd62a4616e;420.59;4.18;UNKNOWN
2016-04-05T02:54:21.000000;2016-04-05T02:54:21.000000;5a60aa9d-0b8d-476d-8c0b-532638e95db2;422.0;0.6094;UNKNOWN
2016-04-05T02:54:21.000000;2016-04-05T02:54:21.000000;3f934dcc-c557-4afc-834f-04d508dc8b42;421.0;10.68375954;UNKNOWN
2016-04-05T02:54:21.000000;2016-04-05T02:54:21.000000;5055d060-c73d-4fd2-a13f-771859196e3d;421.43;2.19390028;UNKNOWN
2016-04-05T02:54:21.000000;2016-04-05T02:54:21.000000;c873e54a-f131-47e8-899f-a39c29adb440;421.01;29.0;UNKNOWN
2016-04-05T02:54:21.000000;2016-04-05T02:54:21.000000;8ae1bd5e-faa2-4dc9-a5b2-2c288992c9c4;421.42;12.0;UNKNOWN
2016-04-05T02:54:21.000000;2016-04-05T02:54:21.000000;565bbd5b-c60e-4d0c-9469-feab9b196bd8;421.8;0.65;UNKNOWN
2016-04-05T02:54:21.000000;2016-04-05T02:54:21.000000;90709dd6-a3fd-4cf7-b499-2db5eb05a833;421.97;4.60914454;UNKNOWN
2016-04-05T02:54:21.000000;2016-04-05T02:54:21.000000;93c2c1b7-5f59-4068-b20b-11b63789fa9a;422.0;0.1;UNKNOWN
2016-04-05T02:54:21.000000;2016-04-05T02:54:21.000000;8fd96085-71c8-4bda-beed-5584fa7a41c6;421.94;5.0;UNKNOWN
2016-04-05T02:54:21.000000;2016-04-05T02:54:21.000000;e5d1acdd-b114-4e31-8e17-a7c4b979baa4;421.98;6.5;UNKNOWN
2016-04-05T02:54:21.000000;2016-04-05T02:54:21.000000;747b3c90-7090-4fc2-8cf6-54a395946fa1;421.44;12.5;UNKNOWN
2016-04-05T02:54:21.000000;2016-04-05T02:54:21.000000;9b993aac-8d2d-46b7-ad81-10397381118e;422.0;7.413;UNKNOWN
2016-04-05T02:54:21.000000;2016-04-05T02:54:21.000000;452cab4d-6a93-4219-b8d5-f1e843a9363d;422.0;0.146;UNKNOWN
2016-04-05T02:54:21.000000;2016-04-05T02:54:21.000000;78d11253-69f8-46b0-ad17-bdf916f51350;421.77;0.5;UNKNOWN
2016-04-05T02:54:21.000000;2016-04-05T02:54:21.000000;f3eede27-3ca0-4b6d-92c9-ba2a257130b7;422.0;10.0;UNKNOWN
2016-04-05T02:54:21.000000;2016-04-05T02:54:21.000000;bec58a08-bc55-4aae-9c52-5fa81e06a39c;422.0;1.0;UNKNOWN
2016-04-05T02:54:21.000000;2016-04-05T02:54:21.000000;7e8c0c21-6fbf-4717-8d9f-16f53eb43bef;420.99;7.979;UNKNOWN
2016-04-05T02:54:21.000000;2016-04-05T02:54:21.000000;20db0005-95ce-490c-813d-de3e41721826;421.93;0.025;UNKNOWN
2016-04-05T02:54:21.000000;2016-04-05T02:54:21.000000;3ddb74d2-847f-4491-8fa7-291525a48e15;422.0;0.0433566;UNKNOWN
2016-04-05T02:54:21.000000;2016-04-05T02:54:21.000000;8ad75832-b1d7-4cac-9d5e-ee83be87ec13;421.71;13.4075;UNKNOWN
2016-04-05T02:54:21.000000;2016-04-05T02:54:21.000000;1cc483e8-cedb-4f6e-a8c7-b5b93a9d8bfa;421.29;1.94;UNKNOWN
2016-04-05T02:54:21.000000;2016-04-05T02:54:21.000000;6f143006-9e17-45d9-ac86-d4dd6626ce04;421.99;9.99;UNKNOWN
2016-04-05T02:54:21.000000;2016-04-05T02:54:21.000000;928df124-9ef3-4f0f-97cd-53d5a59c81eb;421.31;0.01067022;UNKNOWN
2016-04-05T02:54:21.000000;2016-04-05T02:54:21.000000;e93309c2-ed34-4285-a5a3-6bccae3d31a3;421.7;2.23609065;UNKNOWN
2016-04-05T02:54:21.000000;2016-04-05T02:54:21.000000;fdc61596-0605-4fe2-97b5-1bb26e610e44;421.29;3.0;UNKNOWN
2016-04-05T02:54:21.000000;2016-04-05T02:54:21.000000;96d6f266-b7a9-4fa3-ab96-1a2a9beffe70;422.0;0.25;UNKNOWN
2016-04-05T02:54:21.000000;2016-04-05T02:54:21.000000;db024356-b028-4cb5-8d2e-6154906eb5b1;421.0;3.0;UNKNOWN
2016-04-05T02:54:21.000000;2016-04-05T02:54:21.000000;3f2cae5c-5ac9-4482-abca-b68d68a84fa7;421.27;5.0;UNKNOWN
2016-04-05T02:54:21.000000;2016-04-05T02:54:21.000000;3c20046a-dc50-41eb-ac0c-a114eb909d05;422.0;0.05;UNKNOWN
2016-04-05T02:54:21.000000;2016-04-05T02:54:21.000000;8cafbf9f-bc8b-4222-916f-1140cb12d0d4;422.0;0.2;UNKNOWN
2016-04-05T02:54:21.000000;2016-04-05T02:54:21.000000;f34ac37a-4924-4392-b299-a42a14deadb8;422.0;0.3605;UNKNOWN
2016-04-05T02:54:21.000000;2016-04-05T02:54:21.000000;f23a02be-26a0-48b8-a0a1-b4f819f2bcb8;422.0;5.0;UNKNOWN
2016-04-05T02:54:21.000000;2016-04-05T02:54:21.000000;eb2233c4-57bb-4f9f-a664-b7bc9d8fc57b;421.99;4.61243975;UNKNOWN
2016-04-05T02:54:21.000000;2016-04-05T02:54:21.000000;a3d1d4f7-531f-40b6-92f9-325ddb2733c9;421.99;0.25;UNKNOWN
2016-04-05T02:54:21.000000;2016-04-05T02:54:21.000000;6551b5d1-2c85-46d6-b924-045580a0c354;421.99;12.6888;UNKNOWN
2016-04-05T02:54:21.000000;2016-04-05T02:54:21.000000;fcb2c2d6-6931-448b-9700-453b2c42a8b9;422.0;0.09497992;UNKNOWN
2016-04-05T02:54:21.000000;2016-04-05T02:54:21.000000;87b06e18-7912-4fa5-9dbc-b49961352204;421.95;1.0;UNKNOWN
2016-04-05T02:54:21.000000;2016-04-05T02:54:21.000000;a0fb48ff-d273-4abb-924b-d02198d5ddeb;422.11;0.24131557;UNKNOWN
2016-04-05T02:54:21.000000;2016-04-05T02:54:21.000000;6ca3b932-7032-4f3a-ba19-3ac70f3c9787;422.1;18.24;UNKNOWN
2016-04-05T02:54:21.000000;2016-04-05T02:54:21.000000;6b82615d-177d-42e1-bb35-47159c3bb103;421.83;13.048;UNKNOWN
2016-04-05T02:54:21.000000;2016-04-05T02:54:21.000000;9fe52ab1-8c4f-4500-95fe-59e3d482f8b3;422.02;4.61041955;UNKNOWN
2016-04-05T02:54:21.000000;2016-04-05T02:54:21.000000;54ee5b91-b370-4be8-a980-8b962163a853;422.05;4.60914454;UNKNOWN
2016-04-05T02:54:21.000000;2016-04-05T02:54:21.000000;a97565d1-a701-4075-b7cf-737e3fcb951c;421.49;9.99;UNKNOWN
2016-04-05T02:54:21.000000;2016-04-05T02:54:21.000000;2c7b9459-dc79-43ec-989f-afc98da83d15;422.1;2.10951954;UNKNOWN
2016-04-05T02:54:21.000000;2016-04-05T02:54:21.000000;3a53c3cb-0dab-45c0-bfa1-92d64e182759;421.77;10.0;UNKNOWN
2016-04-05T02:54:21.000000;2016-04-05T02:54:21.000000;b14ccc9b-743c-4e25-bc61-be0f8313f73f;422.06;4.61041955;UNKNOWN
2016-04-05T02:54:21.000000;2016-04-05T02:54:21.000000;ee13386f-1f3f-45bf-bd4a-46cd5f258824;421.46;2.0;UNKNOWN
2016-04-05T02:54:21.000000;2016-04-05T02:54:21.000000;551036d8-5003-45b1-a7fd-36a946900b68;422.09;4.61243975;UNKNOWN
2016-04-05T02:54:21.000000;2016-04-05T02:54:21.000000;bc650717-6b77-44eb-b00b-c253827ec179;421.5;0.35;UNKNOWN
2016-04-05T02:54:21.000000;2016-04-05T02:54:21.000000;ed754f66-b5b2-4610-a38a-7587a758868b;421.5;1.2352;UNKNOWN
2016-04-05T02:54:21.000000;2016-04-05T02:54:21.000000;119a9ce0-40a9-4fef-beda-66179b3d590d;421.6;0.3;UNKNOWN
2016-04-05T02:54:23.000000;2016-04-05T02:54:23.000000;0c8214ea-73a2-42a3-9cf7-2308f27dd4a2;421.7;0.8;UNKNOWN
2016-04-05T02:54:27.000000;2016-04-05T02:54:27.000000;4bb5cdd3-f055-4d3e-87ee-a1115ba6443c;421.52;0.43827;UNKNOWN
2016-04-05T02:54:29.000000;2016-04-05T02:54:29.000000;9a07c923-4652-432b-9658-2511aea05ab9;422.1;3.0;UNKNOWN
2016-04-05T02:54:45.000000;2016-04-05T02:54:45.000000;7195f490-bad4-4644-bab0-9f5c3f03c502;421.59;0.2;UNKNOWN
2016-04-05T02:55:03.000000;2016-04-05T02:55:03.000000;5999349d-b8f8-4179-a3d3-6e1911a8759a;421.93;0.025;UNKNOWN
2016-04-05T02:55:03.000000;2016-04-05T02:55:03.000000;a49631b1-22f3-4801-995e-e8824b2b9345;421.95;8.021;UNKNOWN
2016-04-05T02:55:03.000000;2016-04-05T02:55:03.000000;f94274b2-390c-4719-bfee-269e5a75ab98;421.96;6.954;UNKNOWN
2016-04-05T02:55:11.000000;2016-04-05T02:55:11.000000;622282e2-ed7c-4853-8e61-b7922a048309;421.74;0.0301831;UNKNOWN
2016-04-05T02:55:29.000000;2016-04-05T02:55:29.000000;f47dce2b-f3d5-43a8-bc2e-d2306d845d7e;421.94;0.02528462;UNKNOWN
2016-04-05T02:55:38.000000;2016-04-05T02:55:38.000000;3da37e4a-1a61-4470-aed0-67abd8ae3f36;421.94;0.025;UNKNOWN
2016-04-05T02:55:48.000000;2016-04-05T02:55:48.000000;9e27bdaa-e9b4-492f-aba0-4e129ade676c;421.94;0.04566989;UNKNOWN
2016-04-05T02:56:07.000000;2016-04-05T02:56:07.000000;676e6286-b37e-4fab-87fe-49410be45144;421.94;0.03397402;UNKNOWN
2016-04-05T02:56:12.000000;2016-04-05T02:56:12.000000;5f146c2c-eece-472a-bb17-ad786c3437d9;421.97;2.6987;UNKNOWN
2016-04-05T02:56:12.000000;2016-04-05T02:56:12.000000;c2b166a3-3a75-4275-8a2c-7f2c60cdb61d;421.95;0.2;UNKNOWN
2016-04-05T02:56:12.000000;2016-04-05T02:56:12.000000;50c73d3a-856d-478b-a60a-2c04a8aa319c;421.95;0.2;UNKNOWN
2016-04-05T02:56:12.000000;2016-04-05T02:56:12.000000;e371fe3b-51b5-42d6-b051-0973db78f495;421.94;0.02261452;UNKNOWN
2016-04-05T02:56:17.000000;2016-04-05T02:56:17.000000;d47e8bfa-652e-481e-817d-cb5cbc6522fb;421.94;0.02919486;UNKNOWN
2016-04-05T02:56:23.000000;2016-04-05T02:56:23.000000;148e65e1-1903-46f1-8fc4-bfb31a92f342;421.58;0.04549511;UNKNOWN
2016-04-05T02:56:44.000000;2016-04-05T02:56:44.000000;b698d6ed-9b8e-4577-9921-4e2a836ad648;421.67;0.07087769;UNKNOWN
2016-04-05T02:56:49.000000;2016-04-05T02:56:49.000000;57c42f6e-4a93-47d8-9c10-a584d3aebdc8;421.69;0.03565756;UNKNOWN
2016-04-05T02:56:53.000000;2016-04-05T02:56:53.000000;e754ba35-178e-4db6-b958-9889ade77691;421.69;0.03011972;UNKNOWN
2016-04-05T02:56:58.000000;2016-04-05T02:56:58.000000;f4a1b2fc-54e0-4d31-bb44-45ffd60e5c90;421.69;0.04358929;UNKNOWN
2016-04-05T02:57:03.000000;2016-04-05T02:57:03.000000;08971d20-71f1-486e-9b7c-89a6572bc7e8;421.67;0.03634342;UNKNOWN
2016-04-05T02:57:19.000000;2016-04-05T02:57:19.000000;f2af6fc0-0b63-479a-8d2d-d22ba69b2b7e;421.67;0.04689664;UNKNOWN
2016-04-05T02:57:24.000000;2016-04-05T02:57:24.000000;20169dfe-180b-4f78-97a4-8c907449dc65;421.67;0.02794147;UNKNOWN
2016-04-05T02:57:28.000000;2016-04-05T02:57:28.000000;0222cf7f-7293-4a41-a869-1177b6dc93e3;421.67;0.07570901;UNKNOWN
2016-04-05T02:57:33.000000;2016-04-05T02:57:33.000000;70234527-faa1-441c-b4ae-e6179aa2d7b6;421.67;0.03078827;UNKNOWN
2016-04-05T02:57:37.000000;2016-04-05T02:57:37.000000;1209062c-6f7b-4cd8-b180-bc0eb23764d2;421.67;0.0432039;UNKNOWN
2016-04-05T02:57:47.000000;2016-04-05T02:57:47.000000;91718f01-5f02-4a3e-9844-c53c6570959b;421.67;0.04616081;UNKNOWN
2016-04-05T02:57:50.000000;2016-04-05T02:57:50.000000;a0c1f3a4-7ecb-4b4a-a23e-2d21df77a2a6;421.67;0.02049908;UNKNOWN
2016-04-05T02:57:54.000000;2016-04-05T02:57:54.000000;6b1a75b9-b425-4185-a7fe-289c40e20e29;421.67;0.02336501;UNKNOWN
2016-04-05T02:57:58.000000;2016-04-05T02:57:58.000000;4549c9d5-0ca7-4a47-8aa9-018f982d22de;421.67;0.03265678;UNKNOWN
2016-04-05T02:59:05.000000;2016-04-05T02:59:05.000000;c8516e38-288e-4356-896e-a237cdd0e67f;421.68;0.2;UNKNOWN
2016-04-05T02:59:05.000000;2016-04-05T02:59:05.000000;3d9b7834-f9d9-465f-917d-6ded2848c6a3;421.68;1.8;UNKNOWN
2016-04-05T02:59:06.000000;2016-04-05T02:59:06.000000;174f2470-7d47-4b48-920f-c9a5b6b9f091;421.68;1.4;UNKNOWN
2016-04-05T02:59:09.000000;2016-04-05T02:59:09.000000;b7a5bd75-2d32-45e6-bbda-125182b2b95e;421.67;0.03175392;UNKNOWN
2016-04-05T02:59:14.000000;2016-04-05T02:59:14.000000;d779b05d-b864-43cc-b6ab-4284b77033be;421.67;0.04554487;UNKNOWN
2016-04-05T02:59:19.000000;2016-04-05T02:59:19.000000;8ac21c66-0843-4f33-80a0-01dc4811d9c8;421.67;0.03037414;UNKNOWN
2016-04-05T02:59:24.000000;2016-04-05T02:59:24.000000;e8d548d2-ca8a-4ebd-b9da-22f2e824a52c;421.67;0.03011674;UNKNOWN
2016-04-05T02:59:29.000000;2016-04-05T02:59:29.000000;e6b7465d-74e1-423b-b925-793488a08117;421.67;0.03023738;UNKNOWN
2016-04-05T02:59:33.000000;2016-04-05T02:59:33.000000;59dc2a8c-16d5-48e3-a046-23c3afb3ae38;421.67;0.22783725;UNKNOWN
2016-04-05T02:59:33.000000;2016-04-05T02:59:33.000000;effa779f-39bf-4cfc-9f62-bedb7c9b7a52;421.67;0.47687172;UNKNOWN
2016-04-05T02:59:33.000000;2016-04-05T02:59:33.000000;0685761a-687e-44d8-ba70-30f983db82ee;421.67;0.03889092;UNKNOWN
2016-04-05T02:59:54.000000;2016-04-05T02:59:54.000000;13e436a5-6e24-4308-a50c-7d4dd1919bb1;421.67;0.02640741;UNKNOWN
2016-04-05T03:00:06.000000;2016-04-05T03:00:06.000000;f0f6a1dd-b2b0-4fbc-9a43-3ac6c4e8415e;421.68;5.78610387;UNKNOWN
2016-04-05T03:00:09.000000;2016-04-05T03:00:09.000000;ab99cf88-5654-41a7-a757-be8dd4a2e395;421.67;4.207302;UNKNOWN
2016-04-05T03:00:24.000000;2016-04-05T03:00:24.000000;fe833505-1a32-478e-9eaa-0cdd50ba02a6;421.51;9.99;UNKNOWN
2016-04-05T03:00:24.000000;2016-04-05T03:00:24.000000;66bd365b-a444-472b-8460-0dad36fa77c7;421.52;5.8996;UNKNOWN
2016-04-05T03:00:52.000000;2016-04-05T03:00:52.000000;7e0a6d3e-9fe6-4b26-b8da-73c05e71046c;421.08;0.01841531;UNKNOWN
2016-04-05T03:01:03.000000;2016-04-05T03:01:03.000000;1f245355-d4ae-450a-b604-5ef8202c1364;421.05;1.641023;UNKNOWN
2016-04-05T03:02:27.000000;2016-04-05T03:02:27.000000;ac38bd37-e7b2-4d7a-baf0-281a5061bf14;421.09;0.03877458;UNKNOWN
2016-04-05T03:02:32.000000;2016-04-05T03:02:32.000000;e7a8a5cb-268a-499c-b87b-25ff0fcab8bd;421.09;0.0311584;UNKNOWN
2016-04-05T03:02:36.000000;2016-04-05T03:02:36.000000;6826724d-c8d2-41f3-b800-316f0fad98eb;421.1;0.03880996;UNKNOWN
2016-04-05T03:04:05.000000;2016-04-05T03:04:05.000000;d76c0403-7281-44dc-8508-3c530f925a0f;421.1;0.22908094;UNKNOWN
2016-04-05T03:08:05.000000;2016-04-05T03:08:05.000000;b05b11b9-791e-45c8-b396-532266da9dc8;421.22;0.1037;UNKNOWN
2016-04-05T03:08:05.000000;2016-04-05T03:08:05.000000;d2af85fa-ed0b-440c-a26f-da6e2b2c2adf;421.23;0.11279999;UNKNOWN
2016-04-05T03:08:06.000000;2016-04-05T03:08:06.000000;9fe5fa01-74fd-4dd0-addc-89983ac115c9;421.23;0.252536;UNKNOWN
2016-04-05T03:08:07.000000;2016-04-05T03:08:07.000000;a59d511c-70b4-4ddd-958a-8cacb858215e;421.11;0.5;UNKNOWN
2016-04-05T03:08:07.000000;2016-04-05T03:08:07.000000;698f64dd-3d46-4ff9-b056-ab20fa8b5e9b;421.09;4.60627836;UNKNOWN
2016-04-05T03:08:07.000000;2016-04-05T03:08:07.000000;37056911-9c4f-4c8b-b56f-2014c257ab66;421.09;4.60627836;UNKNOWN
2016-04-05T03:08:07.000000;2016-04-05T03:08:07.000000;64fd698b-14ff-48fa-9f85-4ee01b902807;421.09;1.28744328;UNKNOWN
2016-04-05T03:08:07.000000;2016-04-05T03:08:07.000000;3c120c11-16be-4f77-9f8f-dc61042cf39d;421.1;3.0;UNKNOWN
2016-04-05T03:09:05.000000;2016-04-05T03:09:05.000000;a2d4448a-16af-477c-abd7-44fc96d69784;421.12;0.12286593;UNKNOWN
2016-04-05T03:09:24.000000;2016-04-05T03:09:24.000000;884a99f3-3421-4ad9-b336-34bfe28de0c5;421.01;0.39;UNKNOWN
2016-04-05T03:09:32.000000;2016-04-05T03:09:32.000000;b773afd2-5c33-4848-8107-4cc624a69e52;421.01;0.052;UNKNOWN
2016-04-05T03:09:37.000000;2016-04-05T03:09:37.000000;0ef2b4d1-0032-43b1-aacc-a10c34648dc1;421.01;0.594;UNKNOWN
2016-04-05T03:09:42.000000;2016-04-05T03:09:42.000000;5cfd2eef-a6e1-4686-9def-2f259fa81a47;421.01;0.05;UNKNOWN
2016-04-05T03:09:47.000000;2016-04-05T03:09:47.000000;fdd64ba4-34ef-4c78-8db0-1797853ced0a;421.01;0.534;UNKNOWN
2016-04-05T03:09:53.000000;2016-04-05T03:09:53.000000;50abafe3-e4ac-4593-880b-cb908e6a1609;421.01;0.323;UNKNOWN
2016-04-05T03:09:58.000000;2016-04-05T03:09:58.000000;0d2e47b6-e0b6-4e4a-8ca6-501b993ab4f5;421.01;0.398;UNKNOWN
2016-04-05T03:10:04.000000;2016-04-05T03:10:04.000000;e10d771a-6c54-42b2-ac41-4215bb9357e9;421.01;0.105;UNKNOWN
2016-04-05T03:10:09.000000;2016-04-05T03:10:09.000000;3e910c02-ae7c-430a-887e-fa2f448db747;421.01;0.966;UNKNOWN
2016-04-05T03:10:14.000000;2016-04-05T03:10:14.000000;9f004f06-7102-4f07-ba8f-fae48aa99869;421.01;0.6;UNKNOWN
2016-04-05T03:10:20.000000;2016-04-05T03:10:20.000000;2f1485f6-dfe6-457a-8448-dc8b1921ab7e;421.01;0.38709;UNKNOWN
2016-04-05T03:10:28.000000;2016-04-05T03:10:28.000000;76c68479-d725-4a7e-b5a4-7135d7f51ff9;421.01;0.03;UNKNOWN
2016-04-05T03:10:34.000000;2016-04-05T03:10:34.000000;131a1dc2-1a3b-4067-9e07-52a1099c967b;421.01;0.04;UNKNOWN
2016-04-05T03:10:40.000000;2016-04-05T03:10:40.000000;26571701-2a2b-4b2e-a70e-a73f2c169ebb;421.01;0.052;UNKNOWN
2016-04-05T03:15:10.000000;2016-04-05T03:15:10.000000;f128bf31-ecf1-4a7e-bc73-9dca8e303308;421.02;0.2;UNKNOWN
2016-04-05T03:16:05.000000;2016-04-05T03:16:05.000000;c60e1377-6391-455a-80a8-2ab4dd2f5854;421.01;0.1;UNKNOWN
2016-04-05T03:16:14.000000;2016-04-05T03:16:14.000000;bc343b57-1973-4d7c-b3e8-2230b25de100;421.01;0.4;UNKNOWN
2016-04-05T03:17:24.000000;2016-04-05T03:17:24.000000;ce436e8c-3b27-48b7-a5f5-f8424dd1e81b;421.02;8.14;UNKNOWN
2016-04-05T03:17:25.000000;2016-04-05T03:17:25.000000;633d61a5-5319-4735-a8eb-be641947cd53;421.13;6.9826;UNKNOWN
2016-04-05T03:17:25.000000;2016-04-05T03:17:25.000000;005f28ef-858e-457c-9983-da5ccb9cb333;421.12;5.9316;UNKNOWN
2016-04-05T03:17:25.000000;2016-04-05T03:17:25.000000;ded0c5b4-deb1-4411-b8ad-f3c6298173cd;421.02;1.86;UNKNOWN
2016-04-05T03:17:37.000000;2016-04-05T03:17:37.000000;998f70e8-2ca6-4dbe-8bd1-c59b1945d50b;421.69;14.7739;UNKNOWN
2016-04-05T03:17:40.000000;2016-04-05T03:17:40.000000;86743116-a5ba-4d44-988f-035c1e1931e7;421.68;1.0;UNKNOWN
2016-04-05T03:17:42.000000;2016-04-05T03:17:42.000000;88f3e975-f2d7-4191-a341-87fb0852fb12;421.68;0.8777;UNKNOWN
2016-04-05T03:17:42.000000;2016-04-05T03:17:42.000000;ef86f613-be59-4d61-8ce9-fda1308c1179;421.69;13.8962;UNKNOWN
2016-04-05T03:17:46.000000;2016-04-05T03:17:46.000000;a2231f68-950a-4eb6-9d0b-b2319bdff077;421.98;5.883;UNKNOWN
2016-04-05T03:17:46.000000;2016-04-05T03:17:46.000000;b8d7c45f-9733-4389-93aa-4d46a4e606a3;421.99;9.99;UNKNOWN
2016-04-05T03:17:46.000000;2016-04-05T03:17:46.000000;b4c8515d-9b2b-436d-8be8-ed73102498b5;422.22;0.01;UNKNOWN
2016-04-05T03:17:46.000000;2016-04-05T03:17:46.000000;e99e899e-e806-4264-827c-ce8f1a2f6cd7;422.0;3.0;UNKNOWN
2016-04-05T03:17:46.000000;2016-04-05T03:17:46.000000;85220b2e-3039-4e9b-80df-1c44301215fc;421.69;42.3299;UNKNOWN
2016-04-05T03:17:46.000000;2016-04-05T03:17:46.000000;0491772b-0c4e-48d4-b9bc-e4b17e1158e3;422.15;0.5;UNKNOWN
2016-04-05T03:17:47.000000;2016-04-05T03:17:47.000000;a4adc121-f7e8-4b71-852b-93941222511a;422.34;0.025;UNKNOWN
2016-04-05T03:17:47.000000;2016-04-05T03:17:47.000000;d0a0f4d2-87c9-4dbb-8a82-0e314cf9726e;422.3;5.0;UNKNOWN
2016-04-05T03:17:47.000000;2016-04-05T03:17:47.000000;4afe788d-0438-486c-8870-d8ce296a9ed9;422.37;9.2489;UNKNOWN
2016-04-05T03:17:47.000000;2016-04-05T03:17:47.000000;b2a16794-e056-4fd8-9427-1009658b0e90;422.33;0.5;UNKNOWN
2016-04-05T03:17:52.000000;2016-04-05T03:17:52.000000;e3bf36b9-f388-4122-b1b6-ded791f516f2;422.27;0.46405;UNKNOWN
2016-04-05T03:17:53.000000;2016-04-05T03:17:53.000000;7644883c-af89-445e-97df-82701c30f8df;422.35;14.7739;UNKNOWN
2016-04-05T03:17:55.000000;2016-04-05T03:17:55.000000;6a4c0c48-2a1e-4e81-98a4-ef9cd7a4f1d1;422.35;4.76;UNKNOWN
2016-04-05T03:17:58.000000;2016-04-05T03:17:58.000000;f10b39d4-9745-4cb3-bc4b-b1f754887989;422.35;14.7739;UNKNOWN
2016-04-05T03:18:03.000000;2016-04-05T03:18:03.000000;33f09aec-9078-454e-95ba-c57b7dbfb0a8;422.5;0.15;UNKNOWN
2016-04-05T03:18:03.000000;2016-04-05T03:18:03.000000;6d80d6eb-4386-4762-a507-9cd319060a7b;422.5;4.0839;UNKNOWN
2016-04-05T03:18:03.000000;2016-04-05T03:18:03.000000;e0c1b3f0-088f-4be3-bba9-54f72410e282;422.49;9.99;UNKNOWN
2016-04-05T03:18:03.000000;2016-04-05T03:18:03.000000;88f666de-c048-4ffc-bb2e-a38015f86873;422.41;0.5;UNKNOWN
2016-04-05T03:18:03.000000;2016-04-05T03:18:03.000000;00f9d360-0f00-49e1-abab-844e30fc0406;422.38;0.05;UNKNOWN
2016-04-05T03:18:05.000000;2016-04-05T03:18:05.000000;a7f7199e-8c38-453c-aedd-6d4ba1391ee4;422.31;0.2;UNKNOWN
2016-04-05T03:18:08.000000;2016-04-05T03:18:08.000000;17e3a3dd-62c5-4056-91bd-dfd622a85405;422.32;0.2;UNKNOWN
2016-04-05T03:18:08.000000;2016-04-05T03:18:08.000000;11e95989-f10d-4eb5-a119-daaed20dcd36;422.34;10.0;UNKNOWN
2016-04-05T03:18:08.000000;2016-04-05T03:18:08.000000;1c066956-5756-46d9-ba62-2ca3e2b5d92d;422.5;4.7739;UNKNOWN
2016-04-05T03:18:08.000000;2016-04-05T03:18:08.000000;d87ba7af-a34c-4337-9563-a7835b1a3129;422.5;70.0;UNKNOWN
2016-04-05T03:18:11.000000;2016-04-05T03:18:11.000000;37abf355-0324-4ef1-93cc-84e7963070a8;422.5;121.1422;UNKNOWN
2016-04-05T03:18:12.000000;2016-04-05T03:18:12.000000;9610cf72-6d17-4cc0-9d04-ee6f2d04ac27;422.93;1.10179419;UNKNOWN
2016-04-05T03:18:12.000000;2016-04-05T03:18:12.000000;5582f6ba-d890-4656-960b-7c8fe6ee6d73;422.93;1.10973978;UNKNOWN
2016-04-05T03:18:12.000000;2016-04-05T03:18:12.000000;5701ebd3-e25d-40ee-a3f8-2563a1172461;422.69;0.22;UNKNOWN
2016-04-05T03:18:12.000000;2016-04-05T03:18:12.000000;2556e796-170b-4ee3-b164-257a25376046;422.8;0.5;UNKNOWN
2016-04-05T03:18:12.000000;2016-04-05T03:18:12.000000;7ed47c96-5f4d-483a-8816-f1ad8deb1392;422.65;1.05;UNKNOWN
2016-04-05T03:18:12.000000;2016-04-05T03:18:12.000000;4a143039-863c-4924-9a34-e33024df8ac6;422.8;0.65;UNKNOWN
2016-04-05T03:18:12.000000;2016-04-05T03:18:12.000000;0a8a670a-7494-42b1-a810-9ea0293d8e3c;422.8;0.056;UNKNOWN
2016-04-05T03:18:12.000000;2016-04-05T03:18:12.000000;77667383-e63d-4639-bc74-fd7022e04355;422.77;0.5;UNKNOWN
2016-04-05T03:18:12.000000;2016-04-05T03:18:12.000000;f3d64b7c-e465-418f-bf66-de4399a9bb14;422.94;8.43236603;UNKNOWN
2016-04-05T03:18:12.000000;2016-04-05T03:18:12.000000;4c431f28-ab3b-40c1-973b-76bedc2180a5;422.8;0.154;UNKNOWN
2016-04-05T03:18:12.000000;2016-04-05T03:18:12.000000;8a3b67c6-6e19-4455-9ce7-9de020b21e38;422.86;1.0;UNKNOWN
2016-04-05T03:18:16.000000;2016-04-05T03:18:16.000000;3fef42a9-cb3c-455f-bd9e-13b6345e8ca5;423.0;1.0;UNKNOWN
2016-04-05T03:18:16.000000;2016-04-05T03:18:16.000000;28bd3004-154f-4dc9-b8f6-317f1e5e3935;423.0;3.7;UNKNOWN
2016-04-05T03:18:16.000000;2016-04-05T03:18:16.000000;c849672a-9f8a-4342-88f7-5366eb0b197a;422.99;9.99;UNKNOWN
2016-04-05T03:18:16.000000;2016-04-05T03:18:16.000000;6162b0d9-93db-4d10-a68a-7de98f804fc1;423.0;0.0839;UNKNOWN
2016-04-05T03:18:17.000000;2016-04-05T03:18:17.000000;ba52bdc0-56f1-43c7-9de8-ccca39b9886d;423.0;3.42716969;UNKNOWN
2016-04-05T03:18:17.000000;2016-04-05T03:18:17.000000;303af1a6-a3d8-4938-a5b2-3546b8dbfd56;423.0;0.20673031;UNKNOWN
2016-04-05T03:18:17.000000;2016-04-05T03:18:17.000000;aafa115a-162f-4394-8a77-6cc171d4e512;423.0;0.5;UNKNOWN
2016-04-05T03:18:17.000000;2016-04-05T03:18:17.000000;374521bd-b983-4967-9380-efe20a1ee628;423.37;1.0;UNKNOWN
2016-04-05T03:18:17.000000;2016-04-05T03:18:17.000000;06125a54-562f-4083-80ca-fc4e234e4b00;423.0;3.50830892;UNKNOWN
2016-04-05T03:18:17.000000;2016-04-05T03:18:17.000000;c3544aed-e714-4827-9529-6f4bc6645ea6;423.0;16.0;UNKNOWN
2016-04-05T03:18:17.000000;2016-04-05T03:18:17.000000;4724161f-2c66-4f97-b72f-6f35c04b2b3c;423.0;21.56452139;UNKNOWN
2016-04-05T03:18:17.000000;2016-04-05T03:18:17.000000;87c98b92-41da-4cca-8d29-8ef4ae25e2ce;423.0;0.2;UNKNOWN
2016-04-05T03:18:17.000000;2016-04-05T03:18:17.000000;4ad37416-18da-4238-8b0e-50492d0539d1;423.0;0.25;UNKNOWN
2016-04-05T03:18:17.000000;2016-04-05T03:18:17.000000;a68be0d7-3517-427e-839c-dd20b7bb9001;423.2;2.5;UNKNOWN
2016-04-05T03:18:17.000000;2016-04-05T03:18:17.000000;fa75d821-777c-4cf3-94e2-9752a320bdca;423.0;0.5839;UNKNOWN
2016-04-05T03:18:17.000000;2016-04-05T03:18:17.000000;e97d09ab-dbd6-463c-89e8-42a4ede90a6e;423.3;0.1702;UNKNOWN
2016-04-05T03:18:17.000000;2016-04-05T03:18:17.000000;9793bf7a-a65f-494a-8651-24ffc0cad0eb;423.0;0.4161;UNKNOWN
2016-04-05T03:18:17.000000;2016-04-05T03:18:17.000000;74f334c3-6c35-4e0d-844c-446ae8047fef;423.0;0.2;UNKNOWN
2016-04-05T03:18:17.000000;2016-04-05T03:18:17.000000;90563621-a5e4-4d93-ab61-1c8cb88d1e47;423.03;1.2765;UNKNOWN
2016-04-05T03:18:17.000000;2016-04-05T03:18:17.000000;64459f32-324a-4084-849e-a0c862414aff;423.0;0.4161;UNKNOWN
2016-04-05T03:18:17.000000;2016-04-05T03:18:17.000000;1cd2f5bb-f3eb-4a00-8e7c-02d4a10be8b9;423.08;4.48715482;UNKNOWN
2016-04-05T03:18:17.000000;2016-04-05T03:18:17.000000;6462e808-64ea-413e-8534-4be496d6c4c1;423.3;2.0;UNKNOWN
2016-04-05T03:18:17.000000;2016-04-05T03:18:17.000000;33077d18-db42-4147-8ac5-a4613ac102b6;423.25;5.34;UNKNOWN
2016-04-05T03:18:17.000000;2016-04-05T03:18:17.000000;b05cea3b-45df-4dad-a4f1-deba132edc80;423.37;12.66162379;UNKNOWN
2016-04-05T03:18:21.000000;2016-04-05T03:18:21.000000;616599f4-a70b-4cc1-98af-cb82df933e73;423.38;12.5;UNKNOWN
2016-04-05T03:18:21.000000;2016-04-05T03:18:21.000000;f8ea9099-1c99-4930-8672-e2f7414c97ce;423.4;0.65;UNKNOWN
2016-04-05T03:18:21.000000;2016-04-05T03:18:21.000000;7f784c02-9bfb-40e8-9de1-7664b7c04e71;423.4;1.6239;UNKNOWN
2016-04-05T03:18:23.000000;2016-04-05T03:18:23.000000;b90c6c20-ece2-4743-a2f8-377a6f6e09ff;423.4;1.1761;UNKNOWN
2016-04-05T03:18:23.000000;2016-04-05T03:18:23.000000;300ae542-f5bd-4bae-a863-1cc5e3ec7b0b;423.49;2.8239;UNKNOWN
2016-04-05T03:18:26.000000;2016-04-05T03:18:26.000000;5bef9699-5099-4b87-a2ee-8d8016b8ab37;423.55;2.0;UNKNOWN
2016-04-05T03:18:26.000000;2016-04-05T03:18:26.000000;65abd0cf-853a-4888-8b3f-886dfa454035;423.5;5.0;UNKNOWN
2016-04-05T03:18:26.000000;2016-04-05T03:18:26.000000;f0720612-e0e5-4c93-977f-6871a8772f48;423.49;7.1661;UNKNOWN
2016-04-05T03:18:26.000000;2016-04-05T03:18:26.000000;b6832d76-c26e-4360-8acd-7d0d2265356b;423.58;0.6078;UNKNOWN
2016-04-05T03:18:29.000000;2016-04-05T03:18:29.000000;7a2f06a7-4d21-4db3-8a87-160aa07fef16;423.48;0.855;UNKNOWN
2016-04-05T03:18:32.000000;2016-04-05T03:18:32.000000;ecf6a18e-977c-472b-b311-778caf5e3a05;423.79;11.0972255;UNKNOWN
2016-04-05T03:18:32.000000;2016-04-05T03:18:32.000000;5e2b5926-1d80-4b0c-8cfc-f9995aff3797;423.59;0.24086105;UNKNOWN
2016-04-05T03:18:32.000000;2016-04-05T03:18:32.000000;9629c62d-8b5f-4ea7-a199-ee9ee5ea625c;423.74;1.0;UNKNOWN
2016-04-05T03:18:32.000000;2016-04-05T03:18:32.000000;5e083be9-5df4-48a9-a70f-73a97c0525d5;423.6;0.04361345;UNKNOWN
2016-04-05T03:18:32.000000;2016-04-05T03:18:32.000000;32158fc4-72d4-4166-98ba-b8a24145e8c8;423.58;2.3922;UNKNOWN
2016-04-05T03:18:33.000000;2016-04-05T03:18:33.000000;2b242f0a-eb42-4ae9-ac4b-1b6841fdd15a;423.48;0.01006;UNKNOWN
2016-04-05T03:18:35.000000;2016-04-05T03:18:35.000000;7cec373f-774f-4eb2-96d0-970a75da73af;423.78;0.1;UNKNOWN
2016-04-05T03:18:36.000000;2016-04-05T03:18:36.000000;33f6f612-11d8-4f79-bd4e-714471ba9678;423.49;0.62598601;UNKNOWN
2016-04-05T03:18:38.000000;2016-04-05T03:18:38.000000;ed712cf8-f934-4604-a5be-c9fd37893854;423.94;5.0;UNKNOWN
2016-04-05T03:18:38.000000;2016-04-05T03:18:38.000000;a0bff607-2654-435a-ae8d-ad5f03e660d3;423.81;0.509158;UNKNOWN
2016-04-05T03:18:38.000000;2016-04-05T03:18:38.000000;66603ed1-4b49-44d5-a618-eb3d51e643b3;423.78;8.21;UNKNOWN
2016-04-05T03:18:38.000000;2016-04-05T03:18:38.000000;0ea1b188-9717-4855-9d2b-b065cd5a8517;423.95;1.054742;UNKNOWN
2016-04-05T03:18:42.000000;2016-04-05T03:18:42.000000;a74f0acb-d7b3-4b36-a240-0ad2d905fd93;424.0;2.51796556;UNKNOWN
2016-04-05T03:18:42.000000;2016-04-05T03:18:42.000000;930f36a2-da0a-48fa-ab6f-c967f162be0a;423.99;2.0;UNKNOWN
2016-04-05T03:18:42.000000;2016-04-05T03:18:42.000000;1f7f15c1-577c-4a47-bba4-15d7511202be;423.99;7.99;UNKNOWN
2016-04-05T03:18:45.000000;2016-04-05T03:18:45.000000;7dd1f4e2-04cc-4acc-a2e8-d8de33ec9294;424.0;6.0;UNKNOWN
2016-04-05T03:18:45.000000;2016-04-05T03:18:45.000000;d01d6d1a-e09c-40c3-ba7b-5c5f2076c9c6;424.0;0.25;UNKNOWN
2016-04-05T03:18:45.000000;2016-04-05T03:18:45.000000;e02709ab-f6aa-4005-900e-56bd5642156f;424.0;0.09;UNKNOWN
2016-04-05T03:18:45.000000;2016-04-05T03:18:45.000000;ed8ff56c-3902-4748-bd9c-258b39808ece;424.0;0.05810904;UNKNOWN
2016-04-05T03:18:45.000000;2016-04-05T03:18:45.000000;0ac8a282-da1b-452c-93da-b2d6ae1a0f1d;424.07;2.13015652;UNKNOWN
2016-04-05T03:18:45.000000;2016-04-05T03:18:45.000000;1ba3f8ff-b97a-4e6a-bd19-334332a12be5;424.0;0.25;UNKNOWN
2016-04-05T03:18:45.000000;2016-04-05T03:18:45.000000;9228cffc-8dc9-4c3f-86b1-f152d99e05c1;424.0;4.79563444;UNKNOWN
2016-04-05T03:18:45.000000;2016-04-05T03:18:45.000000;48152175-ecda-4e53-b66d-d827e3392fb2;424.0;0.2;UNKNOWN
2016-04-05T03:18:45.000000;2016-04-05T03:18:45.000000;455cccdc-2e9e-45b5-9cd3-9751a4d445fe;424.0;1.0;UNKNOWN
2016-04-05T03:18:46.000000;2016-04-05T03:18:46.000000;5f94d916-edeb-497e-8b22-671855b73198;423.82;0.13839;UNKNOWN
2016-04-05T03:18:48.000000;2016-04-05T03:18:48.000000;643e6d9c-d150-47ff-8099-6cd850793367;423.97;8.0;UNKNOWN
2016-04-05T03:18:51.000000;2016-04-05T03:18:51.000000;44cb15af-d5d8-41bd-afb7-269bc9dca533;424.25;0.36657764;UNKNOWN
2016-04-05T03:18:51.000000;2016-04-05T03:18:51.000000;54b7ba9c-97a7-4a19-b5d3-b9ced38a0731;423.96;0.95;UNKNOWN
2016-04-05T03:18:51.000000;2016-04-05T03:18:51.000000;1cb39f3a-1268-4e49-bc27-4f90ce8e1a84;423.97;0.04;UNKNOWN
2016-04-05T03:18:51.000000;2016-04-05T03:18:51.000000;78449b05-3b56-4402-9fa0-8e9df5ef9a42;424.21;0.59162236;UNKNOWN
2016-04-05T03:18:51.000000;2016-04-05T03:18:51.000000;49c7db3d-fa7e-4c86-b0a1-6abe0f3268cf;424.21;13.7757;UNKNOWN
2016-04-05T03:18:55.000000;2016-04-05T03:18:55.000000;47fbd4db-89e8-4421-abee-006aae1b929f;423.98;0.855;UNKNOWN
2016-04-05T03:18:59.000000;2016-04-05T03:18:59.000000;2d64fa28-e455-4b7a-b015-fa505c2a8566;423.98;0.48983;UNKNOWN
2016-04-05T03:19:03.000000;2016-04-05T03:19:03.000000;25c5a116-eff7-4005-9d70-9b39bf14a993;423.99;0.014;UNKNOWN
2016-04-05T03:19:03.000000;2016-04-05T03:19:03.000000;5f554243-14ae-4d00-a5fb-006768dbb136;423.99;0.011;UNKNOWN
2016-04-05T03:19:04.000000;2016-04-05T03:19:04.000000;6ccce4bc-3600-4c33-a82b-c45549c4bfd4;423.99;0.012;UNKNOWN
2016-04-05T03:19:05.000000;2016-04-05T03:19:05.000000;04d59206-6b8d-4a16-ace0-6b731d3d6e36;423.99;0.013;UNKNOWN
2016-04-05T03:19:06.000000;2016-04-05T03:19:06.000000;fa3f60e9-3ee1-4528-9cc7-78a7052a2200;424.2;14.7739;UNKNOWN
2016-04-05T03:19:07.000000;2016-04-05T03:19:07.000000;aec3a8ac-134e-4aba-b21f-b5b8c75b2a05;423.99;4.318;UNKNOWN
2016-04-05T03:19:11.000000;2016-04-05T03:19:11.000000;215582c9-0243-41f6-a8f2-d595fd193e9a;424.21;0.05;UNKNOWN
2016-04-05T03:19:13.000000;2016-04-05T03:19:13.000000;02ccac1f-3d47-4798-9944-7944968b5141;424.25;6.5339;UNKNOWN
2016-04-05T03:19:13.000000;2016-04-05T03:19:13.000000;20807283-5ed0-4394-9b18-da49435f8f23;424.21;8.24;UNKNOWN
2016-04-05T03:19:14.000000;2016-04-05T03:19:14.000000;37fcd306-46b7-40aa-a45b-4655b3225d33;424.2;0.136;UNKNOWN
2016-04-05T03:19:20.000000;2016-04-05T03:19:20.000000;b03fbb71-fff0-4c71-a0e8-fa0bfe002f13;424.2;8.49;UNKNOWN
2016-04-05T03:19:20.000000;2016-04-05T03:19:20.000000;2883a829-ae9b-4a08-a281-f6f6770155a3;424.25;10.2;UNKNOWN
2016-04-05T03:19:21.000000;2016-04-05T03:19:21.000000;14e69c1e-583f-4094-a37b-3b0fe18af866;424.25;2.001;UNKNOWN
2016-04-05T03:19:27.000000;2016-04-05T03:19:27.000000;6dd041b3-1bb5-4580-86eb-5643de1e9b38;424.22;0.02139;UNKNOWN
2016-04-05T03:19:28.000000;2016-04-05T03:19:28.000000;c45c36dd-d89c-4fe1-acb8-20a58c49e4f9;424.25;0.01;UNKNOWN
2016-04-05T03:19:28.000000;2016-04-05T03:19:28.000000;914bfc83-a456-4fc3-8495-0bb72c4f2eaf;424.22;1.0;UNKNOWN
2016-04-05T03:19:32.000000;2016-04-05T03:19:32.000000;a30c7a02-98b2-45d3-b1fd-0adf99dce2ad;424.22;0.02854555;UNKNOWN
2016-04-05T03:19:33.000000;2016-04-05T03:19:33.000000;717cc856-9640-4b50-860d-23d890222c64;424.22;0.14;UNKNOWN
2016-04-05T03:19:36.000000;2016-04-05T03:19:36.000000;38f81bfc-881f-492a-9544-41a3305defc2;424.25;10.0;UNKNOWN
2016-04-05T03:19:36.000000;2016-04-05T03:19:36.000000;c2669b76-a200-4b40-8ab8-dd997f1c0e5c;424.23;0.03059351;UNKNOWN
2016-04-05T03:19:37.000000;2016-04-05T03:19:37.000000;875fcb27-9353-4c42-940e-e7f1775d3f3d;424.23;1.0;UNKNOWN
2016-04-05T03:19:40.000000;2016-04-05T03:19:40.000000;e690e30d-3935-4c5b-90d3-536ec45a46dd;424.23;0.06747281;UNKNOWN
2016-04-05T03:19:42.000000;2016-04-05T03:19:42.000000;be0da368-7dc0-4ca6-87b0-2bf53a4631e9;424.23;0.3;UNKNOWN
2016-04-05T03:19:47.000000;2016-04-05T03:19:47.000000;2fa666e6-6c41-4e34-abfa-84a14f18e855;424.22;1.0;UNKNOWN
2016-04-05T03:19:51.000000;2016-04-05T03:19:51.000000;9d53b271-8404-4b50-8448-b725dc84d853;424.22;0.80022;UNKNOWN
2016-04-05T03:19:51.000000;2016-04-05T03:19:51.000000;d94360f5-d293-4484-88be-99263ea16039;424.23;0.2;UNKNOWN
2016-04-05T03:19:52.000000;2016-04-05T03:19:52.000000;f872cc22-970e-4286-a9e7-5ce664410d6d;424.23;0.05;UNKNOWN
2016-04-05T03:20:04.000000;2016-04-05T03:20:04.000000;0afe9894-47e7-4437-aa7f-3cb38c90ec0f;424.24;0.012;UNKNOWN
2016-04-05T03:20:04.000000;2016-04-05T03:20:04.000000;714a4529-d62e-4893-bfd4-bdab50feed91;424.24;0.011;UNKNOWN
2016-04-05T03:20:04.000000;2016-04-05T03:20:04.000000;2ec46c5d-8ce8-4627-bec9-7e5d1ec7cbc3;424.24;0.014;UNKNOWN
2016-04-05T03:20:05.000000;2016-04-05T03:20:05.000000;299a7ab0-6fb6-400d-8e3a-90fa7b3495e9;424.24;0.013;UNKNOWN
2016-04-05T03:20:22.000000;2016-04-05T03:20:22.000000;bf2d3348-e282-479b-8d8d-5c92edf95a48;424.25;0.236;UNKNOWN
2016-04-05T03:20:23.000000;2016-04-05T03:20:23.000000;5b3a6d7b-49de-4f86-a972-7d4876f47a2f;424.25;0.36687216;UNKNOWN
2016-04-05T03:20:43.000000;2016-04-05T03:20:43.000000;9010b255-4791-45be-95b6-6e938cffda6b;424.31;0.02748428;UNKNOWN
2016-04-05T03:20:45.000000;2016-04-05T03:20:45.000000;1af7f6c6-a16e-40fe-a00e-9be3068279dd;424.31;0.2;UNKNOWN
2016-04-05T03:20:48.000000;2016-04-05T03:20:48.000000;a4baf033-e816-4cf8-92c8-86548a3c0e7a;424.31;0.04736151;UNKNOWN
2016-04-05T03:20:53.000000;2016-04-05T03:20:53.000000;e4008875-ec4c-4e8a-9f59-5e059a72f73a;424.31;0.03607151;UNKNOWN
2016-04-05T03:20:57.000000;2016-04-05T03:20:57.000000;42f0566a-f927-4160-9f49-209ebaf20bfd;424.31;0.06915759;UNKNOWN
2016-04-05T03:21:03.000000;2016-04-05T03:21:03.000000;f902f9f6-d4d6-443a-8556-2a60b492bd29;424.31;0.04202903;UNKNOWN
2016-04-05T03:21:04.000000;2016-04-05T03:21:04.000000;764700a7-d954-4972-a805-babeee214c01;424.31;0.011;UNKNOWN
2016-04-05T03:21:08.000000;2016-04-05T03:21:08.000000;3290c410-de56-48cd-a3b6-b9d8f155ec98;424.31;0.03100723;UNKNOWN
2016-04-05T03:21:08.000000;2016-04-05T03:21:08.000000;8812b698-ad1e-4bd3-84e7-b0556ef9c416;424.31;0.28609247;UNKNOWN
2016-04-05T03:21:08.000000;2016-04-05T03:21:08.000000;c0fd2418-d631-4f9b-a475-28db539b2603;424.29;0.71390753;UNKNOWN
2016-04-05T03:21:11.000000;2016-04-05T03:21:11.000000;c673b348-5676-4e42-af83-6413ef71e766;424.31;4.5731533;UNKNOWN
2016-04-05T03:21:11.000000;2016-04-05T03:21:11.000000;a2859044-a67f-4c96-bd7c-52074b3c3860;424.3;4.5731533;UNKNOWN
2016-04-05T03:21:11.000000;2016-04-05T03:21:11.000000;078e67a7-76af-4a8d-a0e4-a00ca35c3da4;424.29;4.28609247;UNKNOWN
2016-04-05T03:21:11.000000;2016-04-05T03:21:11.000000;c5648f75-201c-4fdf-b7e3-ba570dfccd58;424.31;0.01;UNKNOWN
2016-04-05T03:21:12.000000;2016-04-05T03:21:12.000000;e54a8116-2dc8-4eb1-8bbc-75ad83aa5d78;424.25;0.07941335;UNKNOWN
2016-04-05T03:21:12.000000;2016-04-05T03:21:12.000000;aded623c-727f-46c6-8a95-01390aa36423;424.25;0.085;UNKNOWN
2016-04-05T03:21:16.000000;2016-04-05T03:21:16.000000;22cfd168-f23b-48cc-9465-e83454d4c20e;424.25;0.46871449;UNKNOWN
2016-04-05T03:21:16.000000;2016-04-05T03:21:16.000000;4d0ea3a3-90a3-4e99-84ad-4755a3f04fde;424.22;0.53128551;UNKNOWN
2016-04-05T03:21:17.000000;2016-04-05T03:21:17.000000;e33e4174-9081-444c-82fe-820908ac7409;424.31;0.03101221;UNKNOWN
2016-04-05T03:21:18.000000;2016-04-05T03:21:18.000000;c031bbf9-e104-4a52-9d44-5e56d51296f7;424.31;17.16288779;UNKNOWN
2016-04-05T03:21:20.000000;2016-04-05T03:21:20.000000;93c865e1-838d-41dd-ad68-0c1d438db0ec;424.22;0.82659;UNKNOWN
2016-04-05T03:21:22.000000;2016-04-05T03:21:22.000000;d37d4d32-654e-4361-a9a6-2aa08800afa1;424.22;0.03816043;UNKNOWN
2016-04-05T03:21:24.000000;2016-04-05T03:21:24.000000;31b4ba2e-ad51-4c72-9dbf-aa73d260d67c;424.22;0.1;UNKNOWN
2016-04-05T03:21:26.000000;2016-04-05T03:21:26.000000;9474f6c2-293c-437b-863d-f0504b03a3cb;424.22;0.02839609;UNKNOWN
2016-04-05T03:21:27.000000;2016-04-05T03:21:27.000000;6543bb46-1911-4540-a73b-64d45a9836cd;424.22;0.115;UNKNOWN
2016-04-05T03:21:30.000000;2016-04-05T03:21:30.000000;efedd79e-0486-40fe-8119-bacdc1d923db;424.22;0.04582442;UNKNOWN
2016-04-05T03:21:34.000000;2016-04-05T03:21:34.000000;07995b5d-cc70-43e9-bb9d-d48d347decd0;424.22;2.3604;UNKNOWN
2016-04-05T03:21:34.000000;2016-04-05T03:21:34.000000;a5bbbfd4-3b6f-47a0-bf3d-e014706f8e5e;424.22;1.0;UNKNOWN
2016-04-05T03:21:35.000000;2016-04-05T03:21:35.000000;1a878f7d-6b71-4608-ad1e-6ada7f224290;424.22;0.03092814;UNKNOWN
2016-04-05T03:21:38.000000;2016-04-05T03:21:38.000000;04592ec2-12f4-4776-8de9-bcd61c3a2570;424.22;0.18;UNKNOWN
2016-04-05T03:21:40.000000;2016-04-05T03:21:40.000000;35468ab6-1ebe-48fd-a767-976c7002d916;424.22;0.06866848;UNKNOWN
2016-04-05T03:21:44.000000;2016-04-05T03:21:44.000000;f877ed39-918a-44d2-88a1-9f50f63bf555;424.22;0.0269754;UNKNOWN
2016-04-05T03:21:48.000000;2016-04-05T03:21:48.000000;11b2f490-9388-4805-bef1-e025444eb042;424.25;0.6;UNKNOWN
2016-04-05T03:21:49.000000;2016-04-05T03:21:49.000000;c1311f7d-968e-4c47-9b4a-8b8cd80c226d;424.22;0.03915693;UNKNOWN
2016-04-05T03:21:50.000000;2016-04-05T03:21:50.000000;dc781d1b-e16a-4e28-8f37-0a2a7d5eec79;424.22;1.61845905;UNKNOWN
2016-04-05T03:21:52.000000;2016-04-05T03:21:52.000000;a1d72e41-77d1-46c6-b92f-f68344b5c13d;423.95;1.0;UNKNOWN
2016-04-05T03:21:54.000000;2016-04-05T03:21:54.000000;5b4a3576-7b0f-4581-a2b7-7d78864f3595;423.95;0.02660519;UNKNOWN
2016-04-05T03:21:58.000000;2016-04-05T03:21:58.000000;53f5af27-c7cb-40da-a6e2-5020bd9a566f;423.95;0.07590008;UNKNOWN
2016-04-05T03:22:16.000000;2016-04-05T03:22:16.000000;df609fa1-9c77-4891-940d-d766ea506e84;423.85;0.331;UNKNOWN
2016-04-05T03:22:30.000000;2016-04-05T03:22:30.000000;2d224f0c-056c-4986-a625-0ed20012e27b;423.63;0.10996509;UNKNOWN
2016-04-05T03:22:50.000000;2016-04-05T03:22:50.000000;db52ca05-2042-44a1-9815-c1c67568fb60;423.68;0.04936525;UNKNOWN
2016-04-05T03:22:54.000000;2016-04-05T03:22:54.000000;243aac6d-a488-41a0-85f7-8addd4948d50;423.68;0.03502567;UNKNOWN
2016-04-05T03:22:54.000000;2016-04-05T03:22:54.000000;0a00bf78-017d-41d0-895b-c9afe0321b5f;423.68;0.0995;UNKNOWN
2016-04-05T03:22:59.000000;2016-04-05T03:22:59.000000;b938aa63-8486-4aa6-9ec0-24754bfcd5a7;423.68;0.061263;UNKNOWN
2016-04-05T03:23:03.000000;2016-04-05T03:23:03.000000;711480c7-7e84-482c-8501-9040b3e4c434;423.68;0.03659816;UNKNOWN
2016-04-05T03:23:08.000000;2016-04-05T03:23:08.000000;97f78030-7866-42f9-9d82-127dc64db6a3;423.68;0.03333534;UNKNOWN
2016-04-05T03:23:13.000000;2016-04-05T03:23:13.000000;5299266f-5a93-4bd3-84f2-9aaf6e5fd996;423.68;0.03231289;UNKNOWN
2016-04-05T03:23:17.000000;2016-04-05T03:23:17.000000;c77321e7-1a1c-436d-932b-24765ebc8e7d;423.68;0.04558025;UNKNOWN
2016-04-05T03:23:22.000000;2016-04-05T03:23:22.000000;55a281ea-4af0-4c84-907a-033faafb7280;423.68;0.01589348;UNKNOWN
2016-04-05T03:23:27.000000;2016-04-05T03:23:27.000000;83fc8f52-95e8-44b6-91ba-18753ac478c0;423.68;0.02012276;UNKNOWN
2016-04-05T03:23:34.000000;2016-04-05T03:23:34.000000;04ec4045-75bc-4c3c-8df1-108a6bd4e903;423.68;1.2;UNKNOWN
2016-04-05T03:23:35.000000;2016-04-05T03:23:35.000000;6f872aad-b8aa-437e-935e-e3ba8fb3ded1;423.72;8.26;UNKNOWN
2016-04-05T03:23:35.000000;2016-04-05T03:23:35.000000;b6f6f68e-a8b3-41a6-a8b9-8210529bb768;423.69;0.2;UNKNOWN
2016-04-05T03:23:35.000000;2016-04-05T03:23:35.000000;93267d6d-94b9-48bf-9c25-9e9b07868970;423.69;5.8563;UNKNOWN
2016-04-05T03:23:35.000000;2016-04-05T03:23:35.000000;e2b28f27-0153-4803-9b29-a0cf96e29066;423.73;0.1219;UNKNOWN
2016-04-05T03:23:35.000000;2016-04-05T03:23:35.000000;cb26d508-3e53-4062-857e-4fb589a7b585;423.69;0.5088;UNKNOWN
2016-04-05T03:23:36.000000;2016-04-05T03:23:36.000000;bf013932-514a-4cb4-b532-4f99c8075c4d;423.68;0.03139263;UNKNOWN
2016-04-05T03:23:40.000000;2016-04-05T03:23:40.000000;c168aa6c-e578-4736-8b94-a04702449954;423.68;0.06321769;UNKNOWN
2016-04-05T03:23:43.000000;2016-04-05T03:23:43.000000;2af7f9c2-02ea-4a1d-b134-835f07773b2a;423.68;0.03181222;UNKNOWN
2016-04-05T03:23:47.000000;2016-04-05T03:23:47.000000;4fcd2db3-31ca-4f0c-81ca-9d1e4de57f06;423.68;0.03233929;UNKNOWN
2016-04-05T03:23:51.000000;2016-04-05T03:23:51.000000;14841ec4-6561-4458-b23c-d9a27c123bb3;423.69;0.04353287;UNKNOWN
2016-04-05T03:23:53.000000;2016-04-05T03:23:53.000000;a127d693-7baa-4f22-a2cb-46b0c9d0f89d;424.47;18.9;UNKNOWN
2016-04-05T03:23:53.000000;2016-04-05T03:23:53.000000;6f8c5623-d2ec-48a0-91b1-763743728ae9;424.33;4.0;UNKNOWN
2016-04-05T03:23:53.000000;2016-04-05T03:23:53.000000;368acee2-df87-430e-95d9-2813ba6228f0;424.5;0.1;UNKNOWN
2016-04-05T03:23:53.000000;2016-04-05T03:23:53.000000;e71c019a-574c-4fba-b7a6-a082929c8ac3;424.4;0.65;UNKNOWN
2016-04-05T03:23:53.000000;2016-04-05T03:23:53.000000;f89e723b-378d-4033-8a8a-6c2e9c7781d4;424.28;10.0;UNKNOWN
2016-04-05T03:23:53.000000;2016-04-05T03:23:53.000000;4d0ea3a4-f458-4c36-8a73-980f3f7a58f2;424.35;12.4306;UNKNOWN
2016-04-05T03:23:53.000000;2016-04-05T03:23:53.000000;67ce348e-2ef2-441a-9f0a-aca9d3e822e9;424.3;32.62;UNKNOWN
2016-04-05T03:23:53.000000;2016-04-05T03:23:53.000000;37793f40-3766-4893-964d-af1c711913cf;424.32;0.0112;UNKNOWN
2016-04-05T03:23:53.000000;2016-04-05T03:23:53.000000;6b6fd2dc-4424-44c0-a4be-acb5d80abb07;424.19;0.73246536;UNKNOWN
2016-04-05T03:23:53.000000;2016-04-05T03:23:53.000000;12030260-daa4-4eba-b6b0-dc51202cdb33;424.2;18.38154095;UNKNOWN
2016-04-05T03:23:53.000000;2016-04-05T03:23:53.000000;4963d4f0-9e2d-4906-8cd8-0ac5c0571acc;424.05;13.5017;UNKNOWN
2016-04-05T03:23:53.000000;2016-04-05T03:23:53.000000;905d20f4-b792-4aa2-b5a1-1e531e53ee3c;424.2;14.6564;UNKNOWN
2016-04-05T03:23:53.000000;2016-04-05T03:23:53.000000;2add7cbc-0263-4012-a1ef-121c5a020985;423.86;5.8725;UNKNOWN
2016-04-05T03:23:53.000000;2016-04-05T03:23:53.000000;2d841ca4-c476-4808-93c5-4d5eaec5e3c6;423.88;8.29;UNKNOWN
2016-04-05T03:23:53.000000;2016-04-05T03:23:53.000000;a6cb6ae9-32dd-46fa-a8e1-268407b35d0c;423.86;35.1129;UNKNOWN
2016-04-05T03:23:53.000000;2016-04-05T03:23:53.000000;3aae970a-d5e3-4575-81e5-87cf9e46d994;423.86;0.5088;UNKNOWN
2016-04-05T03:23:53.000000;2016-04-05T03:23:53.000000;a0633c6c-a828-4b3b-b3db-40060f6127c9;423.89;3.4545;UNKNOWN
2016-04-05T03:23:53.000000;2016-04-05T03:23:53.000000;680db8c4-3bcb-4f99-8290-80477cd39b40;423.89;13.0167;UNKNOWN
2016-04-05T03:23:54.000000;2016-04-05T03:23:54.000000;472804ea-754c-46e4-923f-264a4f11696b;424.5;0.02662202;UNKNOWN
2016-04-05T03:23:58.000000;2016-04-05T03:23:58.000000;efe398b9-d2b0-446a-8e7b-fa02822b7a9d;424.5;0.07077872;UNKNOWN
2016-04-05T03:23:58.000000;2016-04-05T03:23:58.000000;b6f9e14a-1206-48b4-8993-79958908ed5d;424.5;4.4509468;UNKNOWN
2016-04-05T03:24:33.000000;2016-04-05T03:24:33.000000;498a56db-58c3-4e10-a541-243a1f0a8bef;424.13;0.5805;UNKNOWN
2016-04-05T03:24:33.000000;2016-04-05T03:24:33.000000;0a1fe555-93ef-471e-8ddc-f7b615ce2461;424.13;5.8399;UNKNOWN
2016-04-05T03:24:51.000000;2016-04-05T03:24:51.000000;53f1c4f0-abdf-4cba-a6cf-65f0dbb49221;424.0;0.03732798;UNKNOWN
2016-04-05T03:24:55.000000;2016-04-05T03:24:55.000000;0ac663ee-5293-4170-99ef-cd58f0cc7a3f;424.0;0.07877973;UNKNOWN
2016-04-05T03:25:03.000000;2016-04-05T03:25:03.000000;d22e230f-a594-4d6a-bf3a-fa227f1f7621;424.0;0.012;UNKNOWN
2016-04-05T03:25:17.000000;2016-04-05T03:25:17.000000;e6ee8d7e-92c2-4353-9e6a-4c836900a282;424.01;2.641;UNKNOWN
2016-04-05T03:25:17.000000;2016-04-05T03:25:17.000000;9c5ddb19-fd28-466f-9f8d-ed95b6a5b674;424.01;0.059;UNKNOWN
2016-04-05T03:25:37.000000;2016-04-05T03:25:37.000000;6a38e9e7-96f8-408b-b821-cb66c265ae18;424.01;0.059;UNKNOWN
2016-04-05T03:25:39.000000;2016-04-05T03:25:39.000000;c791a80d-f4f4-4588-9a11-efb0c6b0808a;424.01;0.122;UNKNOWN
2016-04-05T03:26:09.000000;2016-04-05T03:26:09.000000;f3e78003-4061-41f4-ae46-8a96bae5f1a2;424.0;0.4699;UNKNOWN
2016-04-05T03:26:10.000000;2016-04-05T03:26:10.000000;be615455-9c45-47e5-848f-bed9276a1f80;424.02;0.01;UNKNOWN
2016-04-05T03:26:15.000000;2016-04-05T03:26:15.000000;139505b7-db9b-4100-afbd-8a1561bc8420;424.02;0.0280158;UNKNOWN
2016-04-05T03:26:20.000000;2016-04-05T03:26:20.000000;94e9e739-9b28-42a3-b8cf-84c57472467d;424.02;0.03739554;UNKNOWN
2016-04-05T03:26:25.000000;2016-04-05T03:26:25.000000;0cdd2353-ba4f-4ff1-8eff-029317a6edbc;424.02;0.02542205;UNKNOWN
2016-04-05T03:26:32.000000;2016-04-05T03:26:32.000000;c352a0fa-1851-4f11-99bd-e1cbd426fb1c;424.02;0.0444045;UNKNOWN
2016-04-05T03:26:36.000000;2016-04-05T03:26:36.000000;09ee09c6-a380-44a5-87da-64a5d2904d64;424.02;0.02259682;UNKNOWN
2016-04-05T03:26:41.000000;2016-04-05T03:26:41.000000;609ab535-d35f-4691-a206-1e15919e55d4;424.02;0.02598444;UNKNOWN
2016-04-05T03:26:46.000000;2016-04-05T03:26:46.000000;1cdbf306-00ee-49aa-bc55-2679ca731cf2;424.02;0.03125184;UNKNOWN
2016-04-05T03:26:51.000000;2016-04-05T03:26:51.000000;1edb505e-ddee-4183-a04c-63a163a905a1;424.02;0.0384832;UNKNOWN
2016-04-05T03:26:55.000000;2016-04-05T03:26:55.000000;99920b68-b5bf-4584-84b1-b05c3c5953a4;424.02;0.06273339;UNKNOWN
2016-04-05T03:27:00.000000;2016-04-05T03:27:00.000000;c17199bd-4ebf-4cfe-abf5-36ea83eb4c28;424.02;0.04124644;UNKNOWN
2016-04-05T03:27:05.000000;2016-04-05T03:27:05.000000;788bf16d-0041-4fca-978a-29ccd586554c;424.02;0.03332619;UNKNOWN
2016-04-05T03:27:10.000000;2016-04-05T03:27:10.000000;02cf53a1-8fb6-4d60-b8ab-f300edb536f1;424.02;0.02743968;UNKNOWN
2016-04-05T03:27:15.000000;2016-04-05T03:27:15.000000;3c2ff40e-9e1f-4400-b805-557cb66ce0a8;424.02;0.07996562;UNKNOWN
2016-04-05T03:27:19.000000;2016-04-05T03:27:19.000000;ad227c8d-74c7-40d2-8762-c4bd2855f6fd;424.02;0.03712623;UNKNOWN
2016-04-05T03:27:24.000000;2016-04-05T03:27:24.000000;04424194-74b7-4d03-9585-46345c28ded1;424.02;0.03643661;UNKNOWN
2016-04-05T03:27:28.000000;2016-04-05T03:27:28.000000;177b11e3-577b-469e-8511-e8c63471f1cd;424.02;0.04508684;UNKNOWN
2016-04-05T03:27:33.000000;2016-04-05T03:27:33.000000;c110d155-fa82-4721-a707-6a0601298f3c;424.02;0.02716484;UNKNOWN
2016-04-05T03:27:38.000000;2016-04-05T03:27:38.000000;3d450a01-21d5-4b82-bc31-3c98bacbd28f;424.02;0.06967713;UNKNOWN
2016-04-05T03:27:43.000000;2016-04-05T03:27:43.000000;d3f12c67-d951-4646-aa8d-2b4a3e75a331;424.02;0.0317084;UNKNOWN
2016-04-05T03:27:48.000000;2016-04-05T03:27:48.000000;1b105cce-8245-446d-b612-bf4a0d22e1ae;424.02;0.03486368;UNKNOWN
2016-04-05T03:27:54.000000;2016-04-05T03:27:54.000000;58e1c23f-babb-47c8-bbe1-93bc163987a8;424.02;0.03896151;UNKNOWN
2016-04-05T03:27:59.000000;2016-04-05T03:27:59.000000;2b2b45c4-9f61-412d-91be-8a80fb31d419;424.02;0.06408452;UNKNOWN
2016-04-05T03:28:04.000000;2016-04-05T03:28:04.000000;5bc6c230-2c54-4597-837f-7afad5664ec4;424.02;0.02472632;UNKNOWN
2016-04-05T03:28:10.000000;2016-04-05T03:28:10.000000;e1109cf5-001e-4e23-a986-e8089fb79dcd;424.02;0.04276784;UNKNOWN
2016-04-05T03:28:15.000000;2016-04-05T03:28:15.000000;74a23bcc-44ed-4ff5-90c4-b368024b204b;424.02;0.03620039;UNKNOWN
2016-04-05T03:28:19.000000;2016-04-05T03:28:19.000000;673cdbe9-1afd-4652-93cc-e9c4d59730b7;424.02;0.07457471;UNKNOWN
2016-04-05T03:28:24.000000;2016-04-05T03:28:24.000000;ee22225f-fd1f-45d1-b5f9-0a63635ce72a;424.02;0.02825999;UNKNOWN
2016-04-05T03:28:28.000000;2016-04-05T03:28:28.000000;03264ec8-9483-4fa5-8a46-8ca75a252ffc;424.02;0.02556994;UNKNOWN
2016-04-05T03:28:33.000000;2016-04-05T03:28:33.000000;871d26c5-6ce7-46c7-8395-3e1083dbfbaf;424.02;0.047355;UNKNOWN
2016-04-05T03:28:38.000000;2016-04-05T03:28:38.000000;5f0e05a0-992c-4e53-9959-7c32884f91c2;424.02;0.03287907;UNKNOWN
2016-04-05T03:28:43.000000;2016-04-05T03:28:43.000000;c7d20e6f-726d-4049-8cda-06676d74e350;424.02;0.06208281;UNKNOWN
2016-04-05T03:28:49.000000;2016-04-05T03:28:49.000000;aa5e4087-a2f4-4da4-9351-0618cbcbdd1c;424.02;0.0318505;UNKNOWN
2016-04-05T03:28:53.000000;2016-04-05T03:28:53.000000;b879eeb9-28ce-4614-ac4d-7e79da0a7073;424.02;0.03370469;UNKNOWN
2016-04-05T03:28:58.000000;2016-04-05T03:28:58.000000;941e77e6-0e9a-4f44-a27a-145a004b8916;424.02;0.02074982;UNKNOWN
2016-04-05T03:29:04.000000;2016-04-05T03:29:04.000000;dfe370cd-c29d-47d5-bca0-67f1cc23a757;424.02;0.04795902;UNKNOWN
2016-04-05T03:29:05.000000;2016-04-05T03:29:05.000000;bd4d3a2b-c97e-458c-a261-4b0eb47e3265;424.03;0.3;UNKNOWN
2016-04-05T03:29:05.000000;2016-04-05T03:29:05.000000;cdf6357d-7e62-4c87-8d33-b879dab24286;424.03;0.36836942;UNKNOWN
2016-04-05T03:29:10.000000;2016-04-05T03:29:10.000000;71d11e7c-5fc8-422b-9653-b918a2befe90;424.02;0.03541112;UNKNOWN
2016-04-05T03:29:15.000000;2016-04-05T03:29:15.000000;f2b11620-7a66-4f77-8533-1b0f51695aa0;424.02;0.06485494;UNKNOWN
2016-04-05T03:29:19.000000;2016-04-05T03:29:19.000000;a5eded6e-3ae5-41c5-b45a-a24586006911;424.02;0.03368837;UNKNOWN
2016-04-05T03:29:24.000000;2016-04-05T03:29:24.000000;9b0778f8-7157-448a-ad41-64911cf4cefe;424.02;0.03029025;UNKNOWN
2016-04-05T03:29:28.000000;2016-04-05T03:29:28.000000;6213dd78-b20c-4c1c-8169-e77398d2eb70;424.02;0.0441078;UNKNOWN
2016-04-05T03:29:33.000000;2016-04-05T03:29:33.000000;42d19c53-8f1b-4948-8ba9-6c022339db66;424.02;0.06371786;UNKNOWN
2016-04-05T03:29:37.000000;2016-04-05T03:29:37.000000;77a31c9b-ed25-4af4-8eb8-12fc419a3600;424.02;0.04434695;UNKNOWN
2016-04-05T03:29:43.000000;2016-04-05T03:29:43.000000;6fb99f30-6c49-4d28-8af9-3409c9d6b1a4;424.02;0.04114181;UNKNOWN
2016-04-05T03:29:48.000000;2016-04-05T03:29:48.000000;b53d759e-4ac8-4f7f-b07a-acf5a8a3660f;424.02;0.07372961;UNKNOWN
2016-04-05T03:29:53.000000;2016-04-05T03:29:53.000000;4309d8bd-fdc2-4523-b56d-342d078c8a44;424.02;0.02884682;UNKNOWN
2016-04-05T03:30:02.000000;2016-04-05T03:30:02.000000;932607e4-1488-4e49-9411-e6e3d98218a7;424.03;0.07972613;UNKNOWN
2016-04-05T03:30:04.000000;2016-04-05T03:30:04.000000;87a3f828-1870-4b28-8b6d-ecc575a5988d;424.03;0.05371865;UNKNOWN
2016-04-05T03:30:04.000000;2016-04-05T03:30:04.000000;4545caa8-de23-47d5-a0ed-2d744c6d5aa5;424.03;0.04752666;UNKNOWN
2016-04-05T03:30:11.000000;2016-04-05T03:30:11.000000;318df8bb-eb37-43ac-bfce-3bbb2fa72067;424.03;0.1;UNKNOWN
2016-04-05T03:30:12.000000;2016-04-05T03:30:12.000000;19fc5c94-30cc-4a31-8dba-60d9d82aabd8;424.03;0.0535405;UNKNOWN
2016-04-05T03:30:16.000000;2016-04-05T03:30:16.000000;f8fe6aef-70a5-470d-8bf7-a32dcb172927;424.03;0.05633828;UNKNOWN
2016-04-05T03:30:16.000000;2016-04-05T03:30:16.000000;38fb1a76-dc94-46b0-b2f6-e5f76466b608;424.03;10.0;UNKNOWN
2016-04-05T03:30:22.000000;2016-04-05T03:30:22.000000;e9ba94a4-2508-4fc4-82b3-5d39e17c90a9;424.03;0.05313395;UNKNOWN
2016-04-05T03:30:26.000000;2016-04-05T03:30:26.000000;35777e29-4eb0-42e7-99e9-326f793db37b;424.03;0.04837885;UNKNOWN
2016-04-05T03:30:30.000000;2016-04-05T03:30:30.000000;6b0ff0f0-dae0-429c-8938-7b2ecd9dc9e3;424.02;2.0;UNKNOWN
2016-04-05T03:30:32.000000;2016-04-05T03:30:32.000000;844d338d-04c6-4ed1-8912-d57a7a4a2801;424.03;0.05030819;UNKNOWN
2016-04-05T03:30:35.000000;2016-04-05T03:30:35.000000;e18e1c86-759f-45ab-acf9-26ed255984b6;424.03;0.05035418;UNKNOWN
2016-04-05T03:30:42.000000;2016-04-05T03:30:42.000000;2113bb8d-7dc0-429f-a007-1979a487de3d;424.03;0.05582511;UNKNOWN
2016-04-05T03:30:46.000000;2016-04-05T03:30:46.000000;f68199f4-81d7-403e-845b-1af549d040c3;424.03;0.05009667;UNKNOWN
2016-04-05T03:30:52.000000;2016-04-05T03:30:52.000000;cfb24c27-a514-444a-9ccd-0609e210b62b;424.03;0.04714542;UNKNOWN
2016-04-05T03:30:55.000000;2016-04-05T03:30:55.000000;9482a044-a4dd-408f-962d-88e3202ba71a;424.03;0.05498729;UNKNOWN
2016-04-05T03:31:02.000000;2016-04-05T03:31:02.000000;2b6f66fe-e2e1-42b3-aa59-660b9688ef5f;424.03;0.05169429;UNKNOWN
2016-04-05T03:31:06.000000;2016-04-05T03:31:06.000000;fca2d423-471a-4d82-b068-e2079053c0fe;424.03;0.05518285;UNKNOWN
2016-04-05T03:31:12.000000;2016-04-05T03:31:12.000000;5eaecb5b-a7a0-4443-a9cb-eeb880fd9eb7;424.03;0.05633586;UNKNOWN
2016-04-05T03:31:12.000000;2016-04-05T03:31:12.000000;215b2e22-3d50-44b9-b081-df9870af3315;424.02;0.03456959;UNKNOWN
2016-04-05T03:31:15.000000;2016-04-05T03:31:15.000000;a078072f-5eb9-4a80-8c00-e573229dd9e0;424.02;0.888;UNKNOWN
2016-04-05T03:31:15.000000;2016-04-05T03:31:15.000000;6e7f780a-e265-4d7d-8de4-e81351a8b3cf;424.03;0.04891072;UNKNOWN
2016-04-05T03:31:17.000000;2016-04-05T03:31:17.000000;61dd23af-2c5c-459e-a284-22b4dbb6d344;424.02;0.0319019;UNKNOWN
2016-04-05T03:31:20.000000;2016-04-05T03:31:20.000000;0b82e1d0-57db-41f5-a4e1-96a757d0536e;424.02;0.75787;UNKNOWN
2016-04-05T03:31:22.000000;2016-04-05T03:31:22.000000;507bb557-dd92-49fc-ae98-4b7a48618ddb;424.02;23.0156;UNKNOWN
2016-04-05T03:31:22.000000;2016-04-05T03:31:22.000000;ef23a4be-a3fe-4fe3-be2b-0666c7bcf34f;424.03;0.05374023;UNKNOWN
2016-04-05T03:31:23.000000;2016-04-05T03:31:23.000000;847a1f25-b6d6-4619-b4e1-3cdd6b8827d6;424.02;0.686;UNKNOWN
2016-04-05T03:31:24.000000;2016-04-05T03:31:24.000000;8e8a1eb3-99a6-4293-8221-a397f6ebcbf5;424.02;0.07062847;UNKNOWN
2016-04-05T03:31:26.000000;2016-04-05T03:31:26.000000;02e62cbe-11ea-4e48-bd04-b47522e9315a;424.03;0.05023263;UNKNOWN
2016-04-05T03:31:28.000000;2016-04-05T03:31:28.000000;009a2607-ecb5-49da-8495-3420acfd84ee;424.02;0.02;UNKNOWN
2016-04-05T03:31:28.000000;2016-04-05T03:31:28.000000;139f9d75-42fa-4553-b419-7d7186205f1f;424.02;0.03465694;UNKNOWN
2016-04-05T03:31:32.000000;2016-04-05T03:31:32.000000;eac8014e-04ac-438a-ad15-5e11bdbd4ad6;424.02;1.0;UNKNOWN
2016-04-05T03:31:32.000000;2016-04-05T03:31:32.000000;40161f08-5d4c-4c2b-99fc-f1d593f330c8;424.03;0.05176784;UNKNOWN
2016-04-05T03:31:33.000000;2016-04-05T03:31:33.000000;18eeab2e-6baa-4edc-be87-d8b0b9e88c4f;424.02;0.03695789;UNKNOWN
2016-04-05T03:31:36.000000;2016-04-05T03:31:36.000000;8b6c163a-9c6a-49a7-aaeb-71aea9d44950;424.02;0.032;UNKNOWN
2016-04-05T03:31:36.000000;2016-04-05T03:31:36.000000;c85a8cd3-ab10-426e-b663-51a60f4b6bc6;424.03;0.0526238;UNKNOWN
2016-04-05T03:31:38.000000;2016-04-05T03:31:38.000000;a43f54d4-12aa-4c69-8ab7-bdb77d21e133;424.02;25.6613;UNKNOWN
2016-04-05T03:31:38.000000;2016-04-05T03:31:38.000000;47d66e13-f0da-4d56-9879-c4c575306131;424.02;0.03011186;UNKNOWN
2016-04-05T03:31:40.000000;2016-04-05T03:31:40.000000;923c68e8-730d-443d-b988-dbdeddc3e3d5;424.02;1.0;UNKNOWN
2016-04-05T03:31:42.000000;2016-04-05T03:31:42.000000;2d070cbe-7a2a-45f6-a1b9-d065040c3251;424.03;0.05474901;UNKNOWN
2016-04-05T03:31:43.000000;2016-04-05T03:31:43.000000;886595f5-ca69-45b5-a767-387212f947c8;424.02;0.07729764;UNKNOWN
2016-04-05T03:31:48.000000;2016-04-05T03:31:48.000000;79d9ea48-ff6e-490d-920f-dc7a7d15ab9e;424.02;0.02887515;UNKNOWN
2016-04-05T03:31:52.000000;2016-04-05T03:31:52.000000;3dfa8cbc-ca11-4166-85f7-26f86efa149c;424.03;0.05067473;UNKNOWN
2016-04-05T03:31:53.000000;2016-04-05T03:31:53.000000;76d244c2-fdca-43ea-bfc7-1d03494e0a2e;424.03;0.05692991;UNKNOWN
2016-04-05T03:31:54.000000;2016-04-05T03:31:54.000000;8ef85ab1-6201-483b-8d8c-d8970b985665;424.02;0.03042858;UNKNOWN
2016-04-05T03:31:57.000000;2016-04-05T03:31:57.000000;43cf2581-276d-4fb7-976f-aeaecbac258a;424.03;0.04967869;UNKNOWN
2016-04-05T03:31:58.000000;2016-04-05T03:31:58.000000;c12359a2-eb03-4c98-8e27-3892fecfd6cc;424.02;0.04361338;UNKNOWN
2016-04-05T03:32:02.000000;2016-04-05T03:32:02.000000;d5e7566a-5338-4bfc-b9b1-ed3a71f5186f;424.02;0.25;UNKNOWN
2016-04-05T03:32:02.000000;2016-04-05T03:32:02.000000;ee214533-423e-4f89-88f0-17f7beb12c4e;424.03;0.04518413;UNKNOWN
2016-04-05T03:32:04.000000;2016-04-05T03:32:04.000000;19109081-7ff3-4cd8-baaa-5541bfeff6e8;424.02;0.0448918;UNKNOWN
2016-04-05T03:32:06.000000;2016-04-05T03:32:06.000000;1eae4ee5-7828-4533-88f4-07bccdab157e;424.03;0.05291926;UNKNOWN
2016-04-05T03:32:10.000000;2016-04-05T03:32:10.000000;301fca60-7252-4263-8cf8-d46f67baa1df;424.03;0.0103;UNKNOWN
2016-04-05T03:32:10.000000;2016-04-05T03:32:10.000000;27579fab-c414-4198-8b6a-ee2cef58e8fe;424.03;0.0101;UNKNOWN
2016-04-05T03:32:10.000000;2016-04-05T03:32:10.000000;5c63588d-591d-42a3-9a10-42af5c2515cb;424.03;0.8152682;UNKNOWN
2016-04-05T03:32:11.000000;2016-04-05T03:32:11.000000;b1503554-1c8e-4899-ad2a-fcdca778f465;424.02;0.06275135;UNKNOWN
2016-04-05T03:32:11.000000;2016-04-05T03:32:11.000000;5af48001-8ff5-48c1-9873-180e4a21cfce;424.03;0.0103;UNKNOWN
2016-04-05T03:32:12.000000;2016-04-05T03:32:12.000000;4091dec6-b23e-4f7d-82eb-9b99fb387e24;424.03;0.05430278;UNKNOWN
2016-04-05T03:32:12.000000;2016-04-05T03:32:12.000000;a4cd8091-c9fa-4536-9762-88febe08756f;424.03;0.0103;UNKNOWN
2016-04-05T03:32:12.000000;2016-04-05T03:32:12.000000;8b53e734-733e-4479-b82a-7e7bffcbe9ee;424.03;0.01873133;UNKNOWN
2016-04-05T03:32:12.000000;2016-04-05T03:32:12.000000;a3a7de6c-f0fc-4fc2-adf5-971d7a2df5db;424.03;0.0101;UNKNOWN
2016-04-05T03:32:13.000000;2016-04-05T03:32:13.000000;97a40c83-46a0-4bff-bb9c-460181eecfe8;424.03;0.14384301;UNKNOWN
2016-04-05T03:32:14.000000;2016-04-05T03:32:14.000000;53c0a778-d6b6-44c5-a553-3c131e700e9a;424.02;15.43074397;UNKNOWN
2016-04-05T03:32:14.000000;2016-04-05T03:32:14.000000;7681a98b-ae73-48d9-bcc2-a09522ecf039;424.02;2.33813315;UNKNOWN
2016-04-05T03:32:16.000000;2016-04-05T03:32:16.000000;e24e8a13-dc18-43d2-ba8f-b67ecef0b055;424.03;0.0101;UNKNOWN
2016-04-05T03:32:16.000000;2016-04-05T03:32:16.000000;89b23303-cc98-4cb9-bac8-8002e4bec677;424.03;0.05728806;UNKNOWN
2016-04-05T03:32:16.000000;2016-04-05T03:32:16.000000;5a0ab0a0-a08f-42b7-a274-7c4f56671dbd;424.03;0.0103;UNKNOWN
2016-04-05T03:32:16.000000;2016-04-05T03:32:16.000000;7494a0e3-a9e2-4216-be5d-f70c8ea6f3dc;424.0;0.04698244;UNKNOWN
2016-04-05T03:32:17.000000;2016-04-05T03:32:17.000000;8d0d1386-5797-4cc5-904b-2b987e4a1c92;424.02;0.16300418;UNKNOWN
2016-04-05T03:32:17.000000;2016-04-05T03:32:17.000000;08631214-d2ee-48ea-9154-7c95bb6592f4;424.02;0.0103;UNKNOWN
2016-04-05T03:32:18.000000;2016-04-05T03:32:18.000000;141f29e7-25db-463b-a7e0-fc003c9673fd;424.02;2.82887161;UNKNOWN
2016-04-05T03:32:19.000000;2016-04-05T03:32:19.000000;c64af07a-46ea-47e1-8542-7ebaa5bd14a0;424.02;2.09048489;UNKNOWN
2016-04-05T03:32:19.000000;2016-04-05T03:32:19.000000;fa40573e-7afb-4d08-b55b-dc35caa1637a;424.02;0.0101;UNKNOWN
2016-04-05T03:32:20.000000;2016-04-05T03:32:20.000000;c9034c5e-1e43-4384-aec3-fcec02485194;424.02;0.0103;UNKNOWN
2016-04-05T03:32:20.000000;2016-04-05T03:32:20.000000;69d91c3f-ecfb-4d0a-86c4-1021cf09e969;424.02;0.0103;UNKNOWN
2016-04-05T03:32:20.000000;2016-04-05T03:32:20.000000;56832f27-17e3-4b63-ab0e-f1fada668308;424.01;0.02913584;UNKNOWN
2016-04-05T03:32:20.000000;2016-04-05T03:32:20.000000;4be52437-e53a-4e93-86b2-94daadac5a7f;424.02;0.27260826;UNKNOWN
2016-04-05T03:32:20.000000;2016-04-05T03:32:20.000000;a0aa1ef8-d1d9-4b6a-aa50-6bda3e27d87d;424.02;0.08149786;UNKNOWN
2016-04-05T03:32:21.000000;2016-04-05T03:32:21.000000;1e41ef50-5d8e-4389-bf42-dc4c87dbbdbb;424.02;0.1955805;UNKNOWN
2016-04-05T03:32:21.000000;2016-04-05T03:32:21.000000;7a6c71eb-4af2-4a2a-a37f-5528f0e73966;424.01;0.2;UNKNOWN
2016-04-05T03:32:21.000000;2016-04-05T03:32:21.000000;c9492584-45da-419a-98b8-d6cd59c8b8aa;424.02;0.02551049;UNKNOWN
2016-04-05T03:32:22.000000;2016-04-05T03:32:22.000000;47167b95-5065-4529-86c1-8d23b58381df;424.01;0.05311549;UNKNOWN
2016-04-05T03:32:22.000000;2016-04-05T03:32:22.000000;f6888d37-1f6c-4aaa-9153-895b282a9cd1;424.01;0.0103;UNKNOWN
2016-04-05T03:32:22.000000;2016-04-05T03:32:22.000000;21754d25-fcc8-4d4b-ba95-18a6a1149e30;424.01;0.02553471;UNKNOWN
2016-04-05T03:32:22.000000;2016-04-05T03:32:22.000000;165b2092-e74f-4675-9cf8-ce79cdf024aa;424.01;0.0101;UNKNOWN
2016-04-05T03:32:22.000000;2016-04-05T03:32:22.000000;6bf5ff24-cf0b-4e84-a1e3-35d7bc4e96f1;424.01;0.18043993;UNKNOWN
2016-04-05T03:32:23.000000;2016-04-05T03:32:23.000000;420d8b21-8ff0-4054-818b-208be894c1fe;424.01;0.76015416;UNKNOWN
2016-04-05T03:32:23.000000;2016-04-05T03:32:23.000000;dd8b1292-91ff-4197-b713-25d8154e2852;424.01;0.0103;UNKNOWN
2016-04-05T03:32:23.000000;2016-04-05T03:32:23.000000;0dd52180-2425-4820-ace6-4ac0eba98b8c;424.01;0.0103;UNKNOWN
2016-04-05T03:32:24.000000;2016-04-05T03:32:24.000000;8a0df9a9-736f-4882-bf5d-2e96013dcc4b;424.01;0.0101;UNKNOWN
2016-04-05T03:32:25.000000;2016-04-05T03:32:25.000000;899fd8d6-76c1-4135-b0f1-2947ac9076ae;424.01;0.0103;UNKNOWN
2016-04-05T03:32:26.000000;2016-04-05T03:32:26.000000;a60a320c-47cd-4301-910e-5d2e1ec00b21;424.01;0.05583881;UNKNOWN
2016-04-05T03:32:26.000000;2016-04-05T03:32:26.000000;dc34051c-3019-4d50-8217-0a59fbd29c46;424.01;0.09022232;UNKNOWN
2016-04-05T03:32:26.000000;2016-04-05T03:32:26.000000;66d97f0e-31a4-455c-92bc-b207cbe88c98;424.0;0.06471208;UNKNOWN
2016-04-05T03:32:27.000000;2016-04-05T03:32:27.000000;13ab574b-c2b7-47df-a9aa-5d769f9d1f2d;424.01;0.0103;UNKNOWN
2016-04-05T03:32:27.000000;2016-04-05T03:32:27.000000;c7155278-f9b9-4778-8cb5-3bcaf290552c;424.01;0.0101;UNKNOWN
2016-04-05T03:32:27.000000;2016-04-05T03:32:27.000000;4442646e-b0dc-4202-ae1a-f974deb37cbd;424.01;0.0103;UNKNOWN
2016-04-05T03:32:28.000000;2016-04-05T03:32:28.000000;7fb4717c-b07a-4e95-9988-d596a88a8a0b;424.01;0.0103;UNKNOWN
2016-04-05T03:32:28.000000;2016-04-05T03:32:28.000000;211d81c4-0240-4174-b192-b1e3f70d936d;424.01;0.02553531;UNKNOWN
2016-04-05T03:32:28.000000;2016-04-05T03:32:28.000000;de372d19-82c0-478f-902c-ddd69bbccdd3;424.0;19.63238981;UNKNOWN
2016-04-05T03:32:29.000000;2016-04-05T03:32:29.000000;7a47316d-b22b-4f0a-8f6c-2f81ef194d71;424.01;0.10976758;UNKNOWN
2016-04-05T03:32:30.000000;2016-04-05T03:32:30.000000;1530df6d-8e78-44c3-a239-8edc0d8beb61;424.01;0.24641274;UNKNOWN
2016-04-05T03:32:30.000000;2016-04-05T03:32:30.000000;56a6426b-c4bd-42f8-ae82-e99fec2ab5c1;424.01;0.0103;UNKNOWN
2016-04-05T03:32:30.000000;2016-04-05T03:32:30.000000;fc8b1e2e-1421-4974-aca3-a369dfb4ac8a;424.0;0.03389618;UNKNOWN
2016-04-05T03:32:31.000000;2016-04-05T03:32:31.000000;0047430f-52b5-4810-8289-493e28925768;424.01;0.02546586;UNKNOWN
2016-04-05T03:32:32.000000;2016-04-05T03:32:32.000000;97794d2f-1d91-4240-81b1-4127fcc74b08;424.01;0.45296253;UNKNOWN
2016-04-05T03:32:32.000000;2016-04-05T03:32:32.000000;bccb731c-a9f1-438b-a3c3-a716f7c9c138;424.01;0.22023248;UNKNOWN
2016-04-05T03:32:32.000000;2016-04-05T03:32:32.000000;5f16d5cd-cf03-4916-9995-7505bba1eb61;424.01;0.05317284;UNKNOWN
2016-04-05T03:32:33.000000;2016-04-05T03:32:33.000000;764e0c2b-0671-4288-9af6-73b2d89638fa;424.01;0.61739645;UNKNOWN
2016-04-05T03:32:34.000000;2016-04-05T03:32:34.000000;69599b91-062a-4f06-81b8-c53fb1746431;424.01;0.07852231;UNKNOWN
2016-04-05T03:32:34.000000;2016-04-05T03:32:34.000000;def01774-f395-424d-b9cc-00145b56b179;424.01;0.01024204;UNKNOWN
2016-04-05T03:32:34.000000;2016-04-05T03:32:34.000000;e2146347-f7b2-4dfc-92ad-2ad9ae23e441;424.01;0.61739645;UNKNOWN
2016-04-05T03:32:35.000000;2016-04-05T03:32:35.000000;e070ed8c-e6d4-4f29-83e3-924f9a53ef60;424.01;0.61739645;UNKNOWN
2016-04-05T03:32:35.000000;2016-04-05T03:32:35.000000;630ed2b1-0754-4b23-92fd-f64b15b8698d;424.0;0.03829529;UNKNOWN
2016-04-05T03:32:35.000000;2016-04-05T03:32:35.000000;b6d7f7d8-4aab-49c9-a3e3-8451d2569714;424.0;0.02877756;UNKNOWN
2016-04-05T03:32:36.000000;2016-04-05T03:32:36.000000;a1554bdf-ea56-4170-a73b-c81772964797;424.01;0.45296253;UNKNOWN
2016-04-05T03:32:36.000000;2016-04-05T03:32:36.000000;d16c7f83-14ad-4b76-983d-46a37b4f3ab6;424.01;0.14402639;UNKNOWN
2016-04-05T03:32:36.000000;2016-04-05T03:32:36.000000;f9c0ce48-251b-4eea-a0c6-8ad512deea6f;424.01;0.05099529;UNKNOWN
2016-04-05T03:32:36.000000;2016-04-05T03:32:36.000000;3968a7c7-4b23-4461-9767-28cd3fc74881;424.01;0.67491395;UNKNOWN
2016-04-05T03:32:36.000000;2016-04-05T03:32:36.000000;e3708112-7fca-4b97-b1ce-1715cff5b4ec;424.01;0.27337006;UNKNOWN
2016-04-05T03:32:36.000000;2016-04-05T03:32:36.000000;eca974f6-7440-47b5-818b-608282f74b61;424.01;0.61826253;UNKNOWN
2016-04-05T03:32:36.000000;2016-04-05T03:32:36.000000;f8e6e33d-a434-4fca-8cd1-53541274e85c;424.01;0.2;UNKNOWN
2016-04-05T03:32:36.000000;2016-04-05T03:32:36.000000;40fc0614-d8c0-445e-9297-e2a8d0342183;424.01;0.67491395;UNKNOWN
2016-04-05T03:32:37.000000;2016-04-05T03:32:37.000000;aa6ad747-08d2-48e7-a6a6-daceb213d19e;424.01;0.61739645;UNKNOWN
2016-04-05T03:32:38.000000;2016-04-05T03:32:38.000000;674ebf01-3946-4815-9b96-0c860bc43bbe;424.01;0.39150973;UNKNOWN
2016-04-05T03:32:39.000000;2016-04-05T03:32:39.000000;4687a621-1d69-4a23-8bc5-1ea53eb1d99a;424.01;0.39205894;UNKNOWN
2016-04-05T03:32:39.000000;2016-04-05T03:32:39.000000;574e4fba-076f-4d6c-a9b1-85eb7f85d81c;424.01;0.39150973;UNKNOWN
2016-04-05T03:32:40.000000;2016-04-05T03:32:40.000000;68848072-ee16-4dce-b08b-e40e74317be8;424.01;0.3474952;UNKNOWN
2016-04-05T03:32:40.000000;2016-04-05T03:32:40.000000;66169a16-d6c9-40f8-b949-44091592bf1a;424.0;0.03676664;UNKNOWN
2016-04-05T03:32:41.000000;2016-04-05T03:32:41.000000;3c428368-a3d2-4dbb-aadd-0ede716810f0;424.01;0.0101;UNKNOWN
2016-04-05T03:32:41.000000;2016-04-05T03:32:41.000000;a8425788-0e03-4545-9d52-dfd6922d492f;424.01;0.17875289;UNKNOWN
2016-04-05T03:32:41.000000;2016-04-05T03:32:41.000000;459acf45-28c6-412f-89fe-0df049f2a8fe;424.01;0.04401452;UNKNOWN
2016-04-05T03:32:41.000000;2016-04-05T03:32:41.000000;fea46405-7ec0-4d72-a579-3668dfd9653d;424.01;0.39150973;UNKNOWN
2016-04-05T03:32:42.000000;2016-04-05T03:32:42.000000;cafd89f3-2b22-4365-81be-0e627f42f320;424.01;0.0103;UNKNOWN
2016-04-05T03:32:42.000000;2016-04-05T03:32:42.000000;65bff7d1-6c1c-4620-8f5c-7d0038b9aff3;424.01;0.04917946;UNKNOWN
2016-04-05T03:32:43.000000;2016-04-05T03:32:43.000000;fcdda1d0-737f-49ff-8f14-efcc6c718398;424.01;0.0103;UNKNOWN
2016-04-05T03:32:43.000000;2016-04-05T03:32:43.000000;c50214ce-e324-4aa7-9686-a3dd494aebfa;424.01;0.26898622;UNKNOWN
2016-04-05T03:32:43.000000;2016-04-05T03:32:43.000000;1032993f-f5ff-474e-85af-e04ae92a1b8b;424.01;0.14029218;UNKNOWN
2016-04-05T03:32:44.000000;2016-04-05T03:32:44.000000;6dffcccf-69b2-4f71-8ab1-3fbd305855d7;424.01;0.0101;UNKNOWN
2016-04-05T03:32:44.000000;2016-04-05T03:32:44.000000;2b1f29f3-1a44-48e2-b64c-543e6f8ffd83;424.0;0.03009485;UNKNOWN
2016-04-05T03:32:45.000000;2016-04-05T03:32:45.000000;7cc433e5-c92f-4bb1-9290-ef421e2609da;424.01;0.13496287;UNKNOWN
2016-04-05T03:32:46.000000;2016-04-05T03:32:46.000000;94b94700-7d29-479d-9818-c5ad2adf7551;424.01;0.04948849;UNKNOWN
2016-04-05T03:32:46.000000;2016-04-05T03:32:46.000000;67c2f1e3-e855-490f-a006-1225fac9c1bc;424.01;0.0103;UNKNOWN
2016-04-05T03:32:49.000000;2016-04-05T03:32:49.000000;e255fa50-32d8-4a47-846c-bff3878db99f;424.0;0.06313471;UNKNOWN
2016-04-05T03:32:52.000000;2016-04-05T03:32:52.000000;98e28b1b-b51d-41f8-826c-235d831fa2ce;424.01;0.0488609;UNKNOWN
2016-04-05T03:32:54.000000;2016-04-05T03:32:54.000000;96b3b340-3f52-4f06-89f7-79e6fc64d40c;424.0;0.02928064;UNKNOWN
2016-04-05T03:32:55.000000;2016-04-05T03:32:55.000000;6719f8db-b044-42e9-acdd-781fac3f49b5;424.01;0.0483807;UNKNOWN
2016-04-05T03:32:58.000000;2016-04-05T03:32:58.000000;8d0f95c0-06fd-466a-bc98-34c6618cb2d8;424.0;0.02468329;UNKNOWN
2016-04-05T03:33:02.000000;2016-04-05T03:33:02.000000;7771e830-ec3f-4b15-8c89-e1fcb1b61f01;424.01;0.04959449;UNKNOWN
2016-04-05T03:33:03.000000;2016-04-05T03:33:03.000000;80d5ec0f-be33-4baf-a774-50590a42292c;424.0;0.03340853;UNKNOWN
2016-04-05T03:33:06.000000;2016-04-05T03:33:06.000000;49a71e8b-dd16-41ae-ad18-6463ab9d8a0b;424.01;0.05375912;UNKNOWN
2016-04-05T03:33:08.000000;2016-04-05T03:33:08.000000;3c6353dc-49e1-472e-adc1-a3ebac0f526c;424.0;0.69041391;UNKNOWN
2016-04-05T03:33:08.000000;2016-04-05T03:33:08.000000;fab04d83-ec4e-4472-ba5d-5ba0081ef9dd;424.0;0.03802415;UNKNOWN
2016-04-05T03:33:11.000000;2016-04-05T03:33:11.000000;ef997dfd-5ebf-40c3-aa39-6a423c83a9cc;424.01;0.40989175;UNKNOWN
2016-04-05T03:33:12.000000;2016-04-05T03:33:12.000000;6992d94c-d4e6-449a-b970-7e79dd2e4915;424.01;0.0521483;UNKNOWN
2016-04-05T03:33:14.000000;2016-04-05T03:33:14.000000;019c63a6-cd94-4aff-8b00-39aa2f7101c0;424.0;0.07808327;UNKNOWN
2016-04-05T03:33:15.000000;2016-04-05T03:33:15.000000;2c853677-10ad-4cf5-828e-bb5b849a4207;424.01;0.05612054;UNKNOWN
2016-04-05T03:33:19.000000;2016-04-05T03:33:19.000000;28471ce1-e9ab-478c-9367-5ca757b3aecb;424.0;0.02286273;UNKNOWN
2016-04-05T03:33:22.000000;2016-04-05T03:33:22.000000;0bed1e1f-156e-431d-825b-8c055be1cae8;424.01;0.051756;UNKNOWN
2016-04-05T03:33:25.000000;2016-04-05T03:33:25.000000;194f601e-2cad-4f03-8254-744dbbc523d0;424.0;0.04093729;UNKNOWN
2016-04-05T03:33:26.000000;2016-04-05T03:33:26.000000;c3c346bb-f7e2-4e1c-bb42-8f90f48b6739;424.01;0.05246756;UNKNOWN
2016-04-05T03:33:31.000000;2016-04-05T03:33:31.000000;db94b9a2-4704-4e4b-b093-3ba3fca84b2d;424.0;0.02635488;UNKNOWN
2016-04-05T03:33:32.000000;2016-04-05T03:33:32.000000;1d360dd6-2829-4c5c-919a-3a56adc657ad;424.01;0.04219228;UNKNOWN
2016-04-05T03:33:35.000000;2016-04-05T03:33:35.000000;0415a28a-625a-45e6-8904-7be83b6cc29f;424.01;0.05648619;UNKNOWN
2016-04-05T03:33:35.000000;2016-04-05T03:33:35.000000;0701caa8-d8f0-4f56-9a81-ce9fd4fd7e0c;424.01;0.03792528;UNKNOWN
2016-04-05T03:33:36.000000;2016-04-05T03:33:36.000000;62277111-456a-492a-85a5-1fe7b7bbe1d0;424.0;0.04239503;UNKNOWN
2016-04-05T03:33:41.000000;2016-04-05T03:33:41.000000;eed68f0c-705b-4125-be44-aa2eb131ba1e;424.0;0.06048697;UNKNOWN
2016-04-05T03:33:42.000000;2016-04-05T03:33:42.000000;64d61c20-ad1c-47cc-af54-c8d36aa044a7;424.01;0.0453863;UNKNOWN
2016-04-05T03:33:46.000000;2016-04-05T03:33:46.000000;a76cdfaa-3c98-4147-92c5-9100929eb277;424.01;0.05255972;UNKNOWN
2016-04-05T03:33:46.000000;2016-04-05T03:33:46.000000;fadd1ea7-c297-4b69-b91f-5ec57a970200;424.0;0.02502418;UNKNOWN
2016-04-05T03:33:52.000000;2016-04-05T03:33:52.000000;887d4a8a-6219-462e-9fb7-d620e28f33b8;424.01;0.04816845;UNKNOWN
2016-04-05T03:33:53.000000;2016-04-05T03:33:53.000000;2cccfe32-f3f3-4d9b-bc89-9ca175d5dc79;424.0;0.04970338;UNKNOWN
2016-04-05T03:33:56.000000;2016-04-05T03:33:56.000000;ee59e4b3-4256-4961-82f1-95f857d6ee64;424.01;0.05352544;UNKNOWN
2016-04-05T03:33:58.000000;2016-04-05T03:33:58.000000;c1646a90-fbed-491c-a550-c25a38cd27a2;424.0;0.04137099;UNKNOWN
2016-04-05T03:34:02.000000;2016-04-05T03:34:02.000000;9051ccdf-0cc1-41cd-96ae-efbda9d8badd;424.01;0.05076228;UNKNOWN
2016-04-05T03:34:03.000000;2016-04-05T03:34:03.000000;e9e343f1-9a05-49ad-bc14-69d7225336e0;424.0;0.06454184;UNKNOWN
2016-04-05T03:34:05.000000;2016-04-05T03:34:05.000000;4b99fc2e-f284-4df3-b5dc-ad9397f7c529;424.01;0.05380029;UNKNOWN
2016-04-05T03:34:09.000000;2016-04-05T03:34:09.000000;da7580ed-3364-47c4-910c-cb77787d790a;424.0;0.02457702;UNKNOWN
2016-04-05T03:34:12.000000;2016-04-05T03:34:12.000000;25bc76e9-c4be-4845-bd4c-b20329b5604a;424.01;0.04555415;UNKNOWN
2016-04-05T03:34:14.000000;2016-04-05T03:34:14.000000;112d9645-128e-45bc-a341-a6ddce9f031f;424.0;0.04714484;UNKNOWN
2016-04-05T03:34:16.000000;2016-04-05T03:34:16.000000;f92b598c-626e-4029-aebd-4b8ec6228659;424.01;0.04853252;UNKNOWN
2016-04-05T03:34:19.000000;2016-04-05T03:34:19.000000;879d043d-3457-4a60-848b-d36ecc111c6a;424.0;0.0356393;UNKNOWN
2016-04-05T03:34:22.000000;2016-04-05T03:34:22.000000;51240f51-c8f1-40b3-aa13-4c71db59ec16;424.01;0.04894262;UNKNOWN
2016-04-05T03:34:25.000000;2016-04-05T03:34:25.000000;9dcf3309-cd62-47b8-8d36-b0ffcf02e2a2;424.0;0.0778582;UNKNOWN
2016-04-05T03:34:26.000000;2016-04-05T03:34:26.000000;d8179ee2-e841-40a4-a434-8c74b8522afa;424.01;0.05204722;UNKNOWN
2016-04-05T03:34:27.000000;2016-04-05T03:34:27.000000;d1ba64ba-4d11-4860-8b33-c2f44665044f;424.0;0.57216;UNKNOWN
2016-04-05T03:34:29.000000;2016-04-05T03:34:29.000000;b8b36862-8575-453f-b541-19921f6c16a1;423.81;0.02337914;UNKNOWN
2016-04-05T03:34:32.000000;2016-04-05T03:34:32.000000;bdd9faec-7fb9-475b-994d-f4e48bd37ed9;423.89;0.04109515;UNKNOWN
2016-04-05T03:34:36.000000;2016-04-05T03:34:36.000000;4a35486b-c9b9-4a4a-a994-228d46e393f8;423.8;0.04547771;UNKNOWN
2016-04-05T03:34:36.000000;2016-04-05T03:34:36.000000;0b0e95b7-364f-44d9-92bd-40e35b0c11ac;423.81;0.055;UNKNOWN
2016-04-05T03:34:36.000000;2016-04-05T03:34:36.000000;07faa3a5-634e-40bd-a4a3-ac2e4d880668;423.89;0.00247215;UNKNOWN
2016-04-05T03:34:42.000000;2016-04-05T03:34:42.000000;abd73e0a-5288-46a6-81e0-c6d9a430adde;423.81;0.0489182;UNKNOWN
2016-04-05T03:34:42.000000;2016-04-05T03:34:42.000000;d8df4dbb-5386-4aba-8ecd-c2ed4900b5c1;423.8;0.04047026;UNKNOWN
2016-04-05T03:34:46.000000;2016-04-05T03:34:46.000000;e1ea2596-9e4e-4cc2-9998-3c910b809e08;423.81;0.05807024;UNKNOWN
2016-04-05T03:34:47.000000;2016-04-05T03:34:47.000000;a28fbbb4-d4bb-4ccb-9e6f-0b35b4406cf4;423.8;0.07541012;UNKNOWN
2016-04-05T03:34:52.000000;2016-04-05T03:34:52.000000;2163ad39-1442-4bf4-a3db-32fd09688884;423.81;0.04231116;UNKNOWN
2016-04-05T03:34:55.000000;2016-04-05T03:34:55.000000;41e3cd6b-0e49-4ffe-afcc-9153cfdd6f26;423.8;0.02407818;UNKNOWN
2016-04-05T03:34:56.000000;2016-04-05T03:34:56.000000;1d5296d9-399d-49ea-a875-00cd9b6a3abc;423.81;0.05010549;UNKNOWN
2016-04-05T03:35:00.000000;2016-04-05T03:35:00.000000;72609b1a-4e76-4a1b-8be7-15c841f0b5ca;423.8;9.81456373;UNKNOWN
2016-04-05T03:35:00.000000;2016-04-05T03:35:00.000000;2e0246bd-cf11-4bc0-906d-ac28e56e150f;423.58;0.03024957;UNKNOWN
2016-04-05T03:35:02.000000;2016-04-05T03:35:02.000000;7ba7e891-1e33-4bcf-9d2c-e34a40066d6b;423.61;0.04107108;UNKNOWN
2016-04-05T03:35:05.000000;2016-04-05T03:35:05.000000;345dc47e-8c32-40cd-8cb1-f136e6b3fadd;423.55;0.04429498;UNKNOWN
2016-04-05T03:35:06.000000;2016-04-05T03:35:06.000000;8fe4c9b4-71e6-4090-8af2-cb8c6bbb7fde;423.61;0.04949822;UNKNOWN
2016-04-05T03:35:11.000000;2016-04-05T03:35:11.000000;d63e1504-d6f9-4d19-81ff-bfbc11a4bcb3;423.55;0.02639753;UNKNOWN
2016-04-05T03:35:12.000000;2016-04-05T03:35:12.000000;7df84f6a-13e7-4452-8120-39403cd7ba9b;423.59;0.03974772;UNKNOWN
2016-04-05T03:35:16.000000;2016-04-05T03:35:16.000000;5ffd3e7a-c13d-48cc-bede-3f13ffd54692;423.59;0.05809161;UNKNOWN
2016-04-05T03:35:16.000000;2016-04-05T03:35:16.000000;e75a82b6-b337-476b-8677-661bef4bf300;423.51;0.06062939;UNKNOWN
2016-04-05T03:35:22.000000;2016-04-05T03:35:22.000000;ee40f4e9-c7b0-4e86-b287-6357924253dd;423.51;2.5;UNKNOWN
2016-04-05T03:35:22.000000;2016-04-05T03:35:22.000000;3d07eade-9407-460c-b274-d50ad8114496;423.57;0.04609912;UNKNOWN
2016-04-05T03:35:26.000000;2016-04-05T03:35:26.000000;5f76050f-ba28-4db6-a572-c2fac5c41159;423.57;0.05492628;UNKNOWN
2016-04-05T03:35:27.000000;2016-04-05T03:35:27.000000;f8df43da-3539-4c5a-b21b-f663e6b0d334;423.51;0.017;UNKNOWN
2016-04-05T03:35:32.000000;2016-04-05T03:35:32.000000;f40a8d43-ae6a-45b1-8ef8-2715bd5074c3;423.55;0.04626369;UNKNOWN
2016-04-05T03:35:36.000000;2016-04-05T03:35:36.000000;61bd5500-80fc-4231-b4ed-7dcd6ec752d7;423.55;0.05173295;UNKNOWN
2016-04-05T03:35:42.000000;2016-04-05T03:35:42.000000;2972b906-4654-482a-8855-04748f5855a4;423.52;0.03785459;UNKNOWN
2016-04-05T03:35:45.000000;2016-04-05T03:35:45.000000;26b26c64-7c3d-4814-8edd-61bea9b67941;423.52;0.04997015;UNKNOWN
2016-04-05T03:35:47.000000;2016-04-05T03:35:47.000000;6defdc1b-9e9e-451a-99ae-d9d9229edb4e;423.52;0.18616881;UNKNOWN
2016-04-05T03:35:47.000000;2016-04-05T03:35:47.000000;ddfaa189-323b-4371-8e3f-a770a20e5d78;423.51;1.06912353;UNKNOWN
2016-04-05T03:35:48.000000;2016-04-05T03:35:48.000000;4c4afdfe-3b77-4e80-beb0-901a2bb603d1;423.52;0.47971665;UNKNOWN
2016-04-05T03:35:52.000000;2016-04-05T03:35:52.000000;7fd6c93a-0043-431d-a70e-179c3ab2e7d9;423.52;0.0431203;UNKNOWN
2016-04-05T03:35:56.000000;2016-04-05T03:35:56.000000;ffa83963-1bfe-44ba-9648-ce0c05707d35;423.52;0.06091963;UNKNOWN
2016-04-05T03:36:02.000000;2016-04-05T03:36:02.000000;43e8b07f-a0b0-4f96-a476-5c70ec8bcbdc;423.52;0.04248046;UNKNOWN
2016-04-05T03:36:05.000000;2016-04-05T03:36:05.000000;53222891-51eb-4343-b970-f404abc5ce86;423.52;0.05312633;UNKNOWN
2016-04-05T03:36:12.000000;2016-04-05T03:36:12.000000;dee5bc25-5fb8-44a6-a7ee-73647278ee37;423.52;0.03956046;UNKNOWN
2016-04-05T03:36:14.000000;2016-04-05T03:36:14.000000;ad96ef55-4045-420d-88f3-805a6bd4d40b;423.51;5.0;UNKNOWN
2016-04-05T03:36:16.000000;2016-04-05T03:36:16.000000;3f63be07-0e9b-4c9d-98a5-bc93d21c99ae;423.52;0.05644539;UNKNOWN
2016-04-05T03:36:22.000000;2016-04-05T03:36:22.000000;e4d485d9-4c08-4079-afed-9373cf9a5a4c;423.52;0.03999924;UNKNOWN
2016-04-05T03:36:26.000000;2016-04-05T03:36:26.000000;1ec7d0c8-2370-43a8-bcde-a9db4ded5fb1;423.52;0.05829565;UNKNOWN
2016-04-05T03:36:32.000000;2016-04-05T03:36:32.000000;24a1f2e6-53d3-4829-9ec7-629cb0573ef1;423.52;0.04120933;UNKNOWN
2016-04-05T03:36:36.000000;2016-04-05T03:36:36.000000;d008a0a0-f027-48c2-a03d-d2211c9febf1;423.52;0.05924302;UNKNOWN
2016-04-05T03:36:40.000000;2016-04-05T03:36:40.000000;a57ab514-1bc2-4ad9-a215-262e71e5b291;423.51;0.06146002;UNKNOWN
2016-04-05T03:36:42.000000;2016-04-05T03:36:42.000000;580e74dd-51c5-40a3-90b3-d731d8966a4c;423.52;0.04148886;UNKNOWN
2016-04-05T03:36:46.000000;2016-04-05T03:36:46.000000;6bd25202-6200-4621-9aba-b7b20a9c7a74;423.52;0.06121851;UNKNOWN
2016-04-05T03:36:48.000000;2016-04-05T03:36:48.000000;55334802-ed11-4f92-9f16-28b8b042a850;423.51;0.02379084;UNKNOWN
2016-04-05T03:36:52.000000;2016-04-05T03:36:52.000000;4280cdc8-5cef-4053-bb04-5459362116c4;423.52;0.03867247;UNKNOWN
2016-04-05T03:36:53.000000;2016-04-05T03:36:53.000000;7f007b2d-483d-422f-8208-9e79d6327eb9;423.51;0.04233566;UNKNOWN
2016-04-05T03:36:56.000000;2016-04-05T03:36:56.000000;e5361805-f9c5-444a-805e-540834acdc8f;423.52;0.05252353;UNKNOWN
2016-04-05T03:36:58.000000;2016-04-05T03:36:58.000000;7089f4b1-4416-4d48-8673-688aa716223e;423.51;0.03402699;UNKNOWN
2016-04-05T03:37:03.000000;2016-04-05T03:37:03.000000;ef6da818-5da3-4d87-b4f0-37acb91be256;423.52;0.04058904;UNKNOWN
2016-04-05T03:37:03.000000;2016-04-05T03:37:03.000000;199f4b40-bad6-461b-83ee-9dc9329b9e48;423.51;0.07182974;UNKNOWN
2016-04-05T03:37:06.000000;2016-04-05T03:37:06.000000;3f4a6947-d81e-4020-a18d-faa6358cd185;423.52;0.05610674;UNKNOWN
2016-04-05T03:37:09.000000;2016-04-05T03:37:09.000000;12c7a557-80b5-43f1-8601-3bf90047817b;423.51;0.02016777;UNKNOWN
2016-04-05T03:37:12.000000;2016-04-05T03:37:12.000000;c53a7930-be68-42cf-8689-942ad8ec049d;423.52;0.03771059;UNKNOWN
2016-04-05T03:37:14.000000;2016-04-05T03:37:14.000000;c4e0753f-230c-4794-947d-b7ed24e03a2a;423.51;0.0234062;UNKNOWN
2016-04-05T03:37:15.000000;2016-04-05T03:37:15.000000;90b09d6a-5c23-4a37-8250-31db4ec7f80e;423.52;0.05239503;UNKNOWN
2016-04-05T03:37:20.000000;2016-04-05T03:37:20.000000;4c3a83a7-b1ef-4d89-9909-41d368daddeb;423.51;0.03521118;UNKNOWN
2016-04-05T03:37:22.000000;2016-04-05T03:37:22.000000;68e01969-e8a7-4caf-ab8e-5a3882f0f371;423.52;0.03390153;UNKNOWN
2016-04-05T03:37:25.000000;2016-04-05T03:37:25.000000;8524149b-b619-4bb8-a0cc-c51267878f66;423.51;0.03735113;UNKNOWN
2016-04-05T03:37:26.000000;2016-04-05T03:37:26.000000;2d8e0c01-d238-44ee-9bd0-42a373b3733c;423.52;0.06304372;UNKNOWN
2016-04-05T03:37:30.000000;2016-04-05T03:37:30.000000;8c4a6a67-f64f-4af0-9451-945927ece397;423.51;0.07242289;UNKNOWN
2016-04-05T03:37:32.000000;2016-04-05T03:37:32.000000;811083fb-27c1-4e28-b724-227d2c448491;423.52;0.03419438;UNKNOWN
2016-04-05T03:37:35.000000;2016-04-05T03:37:35.000000;0700ed69-5ed9-4ebd-b2a0-0da2d59e7397;423.52;0.05337609;UNKNOWN
2016-04-05T03:37:35.000000;2016-04-05T03:37:35.000000;5f456419-260e-473c-92a4-c9a3834945ee;423.51;0.03701028;UNKNOWN
2016-04-05T03:37:42.000000;2016-04-05T03:37:42.000000;365e65c1-ddbd-4fa7-bce9-65e37d0f7ef3;423.52;0.03351276;UNKNOWN
2016-04-05T03:37:46.000000;2016-04-05T03:37:46.000000;4e804bc0-9afa-453a-99c8-ea507bace936;423.52;0.06161284;UNKNOWN
2016-04-05T03:37:48.000000;2016-04-05T03:37:48.000000;19ce3e13-e9b8-4819-98d7-707c4018fb3d;424.09;0.62237597;UNKNOWN
2016-04-05T03:37:48.000000;2016-04-05T03:37:48.000000;46e44d1c-19f5-4a8d-9997-14553afc22ea;424.03;13.5579;UNKNOWN
2016-04-05T03:37:48.000000;2016-04-05T03:37:48.000000;f5a02d13-8dfe-4d7f-bfd6-d61083152474;424.1;39.75868443;UNKNOWN
2016-04-05T03:37:48.000000;2016-04-05T03:37:48.000000;5b258447-65e7-4572-a8cb-b849faf487d7;424.15;12.06487428;UNKNOWN
2016-04-05T03:37:48.000000;2016-04-05T03:37:48.000000;1cc8844f-139e-4489-b511-10bdad273b56;423.52;3.9134439;UNKNOWN
2016-04-05T03:37:48.000000;2016-04-05T03:37:48.000000;ff40f186-00c9-4f0e-a705-8d446407e5e0;423.96;32.47;UNKNOWN
2016-04-05T03:37:48.000000;2016-04-05T03:37:48.000000;c78be695-bd11-4d72-ac24-5377fea4b1e5;424.02;10.0;UNKNOWN
2016-04-05T03:37:48.000000;2016-04-05T03:37:48.000000;6fb0cb12-bd00-493a-9215-c4b6e67c6191;423.95;0.61063303;UNKNOWN
2016-04-05T03:37:48.000000;2016-04-05T03:37:48.000000;61dd8838-2d51-488b-9eb5-d88306795792;424.13;10.0;UNKNOWN
2016-04-05T03:37:48.000000;2016-04-05T03:37:48.000000;8c020a19-c972-4aee-bac8-62ed972d299f;423.52;32.833;UNKNOWN
2016-04-05T03:37:48.000000;2016-04-05T03:37:48.000000;543e30c7-33ff-490d-ba06-12938da5b087;423.61;12.3180307;UNKNOWN
2016-04-05T03:37:48.000000;2016-04-05T03:37:48.000000;62de7f7d-cff0-4da8-9ada-6256a3b4577f;423.54;8.08;UNKNOWN
2016-04-05T03:37:48.000000;2016-04-05T03:37:48.000000;2a5dd90c-d7a3-44f3-a9f1-3f8a48ba5812;423.89;13.3167327;UNKNOWN
2016-04-05T03:37:48.000000;2016-04-05T03:37:48.000000;42eb2c6f-3ab9-4306-b370-495dcf767dbb;423.52;15.9898;UNKNOWN
2016-04-05T03:37:48.000000;2016-04-05T03:37:48.000000;d09227ea-bbd8-4ad5-8853-3c61831ca478;423.53;3.0;UNKNOWN
2016-04-05T03:37:48.000000;2016-04-05T03:37:48.000000;e48a8de4-84fe-41e5-af55-e1890dde8d53;423.74;13.4439;UNKNOWN
2016-04-05T03:37:48.000000;2016-04-05T03:37:48.000000;72ce8c91-09d0-4512-a315-fe1b0d4156bd;423.73;0.61503662;UNKNOWN
2016-04-05T03:37:48.000000;2016-04-05T03:37:48.000000;eacac35c-a41c-4f5f-8ca6-c2baa2463f8f;424.03;0.400595;UNKNOWN
2016-04-05T03:37:48.000000;2016-04-05T03:37:48.000000;cc4488ab-cdcc-43be-8abf-2d040ed5efa6;424.03;76.93899337;UNKNOWN
2016-04-05T03:37:48.000000;2016-04-05T03:37:48.000000;fc02debe-8749-4aa7-9f84-7e78a408f41f;424.01;0.066;UNKNOWN
2016-04-05T03:37:50.000000;2016-04-05T03:37:50.000000;2b2b0b57-60d7-4028-ad36-4287bcabdfef;423.52;0.65887563;UNKNOWN
2016-04-05T03:38:25.000000;2016-04-05T03:38:25.000000;0416cdc0-4463-4322-8252-74cb7f176fce;423.98;0.04212268;UNKNOWN
2016-04-05T03:38:28.000000;2016-04-05T03:38:28.000000;4cc8e30c-6f31-486d-8d50-98b2efe2ca64;423.98;0.06929727;UNKNOWN
2016-04-05T03:38:32.000000;2016-04-05T03:38:32.000000;b6adbfd4-4fb9-4e8d-8566-46a16407f4a7;423.98;0.04086992;UNKNOWN
2016-04-05T03:38:36.000000;2016-04-05T03:38:36.000000;89a726a4-6eed-4034-9555-7fb04470a74c;423.98;0.06719847;UNKNOWN
2016-04-05T03:38:40.000000;2016-04-05T03:38:40.000000;71fb3513-f75c-4a2c-a0a2-4694348d231d;423.52;0.04966734;UNKNOWN
2016-04-05T03:38:41.000000;2016-04-05T03:38:41.000000;5bec8363-8a2b-45e5-9561-46e75347a831;423.98;0.03277382;UNKNOWN
2016-04-05T03:38:45.000000;2016-04-05T03:38:45.000000;ad39dece-7fc5-42f1-a01e-51d0bc42fbb8;423.52;0.02739396;UNKNOWN
2016-04-05T03:38:46.000000;2016-04-05T03:38:46.000000;86726ba0-b118-458a-a79a-b3fd28f4ce51;423.98;0.07125218;UNKNOWN
2016-04-05T03:38:50.000000;2016-04-05T03:38:50.000000;cd017f24-5e06-472a-81be-4f8ef85086ea;423.52;0.06467667;UNKNOWN
2016-04-05T03:38:52.000000;2016-04-05T03:38:52.000000;2bc75f03-e6c7-4277-ba55-6e2ae5715cb2;423.98;0.0366953;UNKNOWN
2016-04-05T03:38:56.000000;2016-04-05T03:38:56.000000;8baca9c0-379d-4f57-860a-485b95e1eb9a;423.52;0.03334836;UNKNOWN
2016-04-05T03:38:56.000000;2016-04-05T03:38:56.000000;d2c02c05-d13e-4b62-a2ce-3325cacfd8e5;423.98;0.08179719;UNKNOWN
2016-04-05T03:39:00.000000;2016-04-05T03:39:00.000000;685a7c70-1396-4857-9c4b-fffd6478d5e6;423.52;0.04639428;UNKNOWN
2016-04-05T03:39:02.000000;2016-04-05T03:39:02.000000;427058c0-74f2-4066-81c5-b0751c8809ca;423.53;0.02711763;UNKNOWN
