time_exchange;time_coinpai;guid;price;base_amount;taker_side
2016-04-05T00:00:02.870000;2016-04-05T00:00:02.917000;e365b26a-a397-45fe-bed8-5bb9e326e715;419.48;0.87096;BUY
2016-04-05T00:00:31.657000;2016-04-05T00:00:31.713000;0a9ef6e9-1ecf-4c4a-8fbf-1b6d8d22069e;419.48;0.39499;BUY
2016-04-05T00:01:03.487000;2016-04-05T00:01:03.513000;3bf074b7-c2f9-4892-83c3-beda89a638e9;419.48;0.34211;BUY
2016-04-05T00:01:31.280000;2016-04-05T00:01:31.313000;e2dff06e-5c24-49d1-bc4a-aa35b0d55ac5;419.47;0.04593;SELL
2016-04-05T00:02:01.310000;2016-04-05T00:02:01.323000;ba87402e-b039-4da7-b095-7e5d5e297317;419.48;0.70809;BUY
2016-04-05T00:03:01.903000;2016-04-05T00:03:01.937000;0a4059e7-4017-441d-b1ef-2cfc43ddba04;419.48;2.80472;BUY
2016-04-05T00:03:31.347000;2016-04-05T00:03:31.387000;3668e702-565d-4fdd-a1da-a0f9fc39e0c2;419.48;0.23603;BUY
2016-04-05T00:04:02.220000;2016-04-05T00:04:02.230000;97748c91-1e9d-4f29-b222-7495d7c1a0bc;419.48;0.03528;BUY
2016-04-05T00:05:01.897000;2016-04-05T00:05:01.917000;0c1eb1b0-b44e-4c21-8e8a-885492a998b2;419.48;0.23603;BUY
2016-04-05T00:05:25.653000;2016-04-05T00:05:25.673000;003fc480-7bc6-4764-8ece-60c1b2701e5a;419.48;0.06281;BUY
2016-04-05T00:05:25.687000;2016-04-05T00:05:25.713000;bf770206-7363-4a3e-beb1-beaa0a1c9e50;419.48;0.03719;BUY
2016-04-05T00:06:01.540000;2016-04-05T00:06:01.607000;76212323-3d49-4907-8dd5-cabd4f4311b6;419.47;0.01963402;SELL
2016-04-05T00:06:01.540000;2016-04-05T00:06:01.607000;b69c199b-58d2-45d0-ad66-4c992864745a;419.44;0.016;SELL
2016-04-05T00:06:01.543000;2016-04-05T00:06:01.607000;f986eb55-dfbc-4b0b-82d1-cd51ea84622d;419.42;0.01;SELL
2016-04-05T00:06:01.543000;2016-04-05T00:06:01.607000;a8ecc42e-f433-47a0-9018-9505cb53af51;419.4;0.01;SELL
2016-04-05T00:06:01.543000;2016-04-05T00:06:01.607000;c0e2595b-ff8b-4e3b-825f-78955f57dfdd;419.38;0.25;SELL
2016-04-05T00:06:01.543000;2016-04-05T00:06:01.607000;97c66bf4-f2e6-4122-bb46-ddb5375ea803;419.35;0.01;SELL
2016-04-05T00:06:01.543000;2016-04-05T00:06:01.607000;d5d342e4-437f-4f0c-965e-a257f696895f;419.35;0.121;SELL
2016-04-05T00:06:01.543000;2016-04-05T00:06:01.607000;861a833d-a165-4818-a061-b91364488afd;419.35;0.1;SELL
2016-04-05T00:06:01.543000;2016-04-05T00:06:01.607000;eade7123-2f17-4f42-aad8-dbca73d72148;419.33;0.01;SELL
2016-04-05T00:06:01.543000;2016-04-05T00:06:01.607000;17124c4a-d14c-4730-acf3-4a55f65bfe2c;419.31;0.01;SELL
2016-04-05T00:06:01.543000;2016-04-05T00:06:01.607000;3e04883c-a9f1-4dee-99e4-b59b6bc55f9c;419.3;0.01;SELL
2016-04-05T00:06:01.543000;2016-04-05T00:06:01.620000;0e036faa-6a82-4230-bd2a-d847d9614d9b;419.3;0.01;SELL
2016-04-05T00:06:01.543000;2016-04-05T00:06:01.620000;b031a19d-b881-42db-b96b-74805db1b347;419.28;0.01;SELL
2016-04-05T00:06:01.543000;2016-04-05T00:06:01.620000;416c1426-0199-43ec-9cfb-2a4c64ce0dbd;419.27;0.016;SELL
2016-04-05T00:06:01.543000;2016-04-05T00:06:01.620000;29efa558-17d8-4d9d-9346-53063c291a77;419.25;0.01;SELL
2016-04-05T00:06:01.543000;2016-04-05T00:06:01.620000;7e8d72b4-d67d-418f-ada3-7dfe1ad6bb5b;419.25;0.107;SELL
2016-04-05T00:06:01.543000;2016-04-05T00:06:01.620000;cd06961a-c4bc-4dbe-ab10-70cbac88abac;419.23;0.08405598;SELL
2016-04-05T00:06:07.810000;2016-04-05T00:06:07.827000;e6734743-838e-4535-b494-cd5ddc53f1d1;419.31;0.3;BUY
2016-04-05T00:06:07.817000;2016-04-05T00:06:07.857000;4233cfbb-cecb-4812-bfd2-b302a2ace11f;419.31;0.3;BUY
2016-04-05T00:06:07.820000;2016-04-05T00:06:07.857000;5b991835-9bc2-40ee-8e73-27718f99c173;419.31;0.3;BUY
2016-04-05T00:06:07.823000;2016-04-05T00:06:07.857000;9fc48fb3-0384-48cb-8cdf-694484e3644a;419.31;0.3;BUY
2016-04-05T00:06:07.830000;2016-04-05T00:06:07.870000;d67e3a48-a7ee-40d6-9d2b-3395f8d968b6;419.31;0.3;BUY
2016-04-05T00:06:31.453000;2016-04-05T00:06:31.480000;177dcc87-1d6b-45ff-84cf-6408c79904ba;419.3;0.01;BUY
2016-04-05T00:06:31.453000;2016-04-05T00:06:31.480000;bca6de2b-2d44-48bf-a4a7-6d32c0b76dd2;419.3;0.56;BUY
2016-04-05T00:06:31.453000;2016-04-05T00:06:31.480000;35ed752a-18ec-4107-b0e8-02e0255a9bf5;419.31;0.99996;BUY
2016-04-05T00:06:37.920000;2016-04-05T00:06:37.933000;af107ae5-c7c0-4cb8-a4fc-024c34ce3706;419.27;0.01;SELL
2016-04-05T00:06:37.920000;2016-04-05T00:06:37.967000;e7cfaae2-4ba2-41f9-bf7f-5e45f60b660f;419.26;0.01;SELL
2016-04-05T00:06:37.920000;2016-04-05T00:06:37.967000;7b1a5672-aac1-4b56-bd37-d1e0badd5a59;419.26;0.0502;SELL
2016-04-05T00:06:37.947000;2016-04-05T00:06:37.967000;017bbeb5-4492-41e0-97da-17d69fe8ff80;419.26;0.0498;SELL
2016-04-05T00:06:37.947000;2016-04-05T00:06:37.967000;2bc32880-bdfe-47ab-8177-5b57ad9dd59e;419.25;0.0042;SELL
2016-04-05T00:06:46.287000;2016-04-05T00:06:46.310000;84cb01ee-2348-482f-8bcd-3fcebffc1f67;419.31;0.19904;BUY
2016-04-05T00:06:46.287000;2016-04-05T00:06:46.327000;a7cf8618-84ca-464f-b61b-db12dbb71773;419.31;2.423;BUY
2016-04-05T00:06:46.287000;2016-04-05T00:06:46.327000;2902bf74-fe1c-4347-ad0c-54a66a4ade3d;419.33;0.559;BUY
2016-04-05T00:06:46.287000;2016-04-05T00:06:46.327000;89151da6-0347-46b8-a4ca-4b9052c30cd1;419.34;0.1;BUY
2016-04-05T00:06:46.287000;2016-04-05T00:06:46.327000;e07a1fa5-4898-4db7-9cef-8aa6871786bb;419.35;0.01;BUY
2016-04-05T00:06:46.287000;2016-04-05T00:06:46.327000;7ad867fe-915a-43d9-b471-5f28e8a7625d;419.38;0.581;BUY
2016-04-05T00:06:46.290000;2016-04-05T00:06:46.343000;7abde883-7960-4dbd-9f64-be2027ffd34e;419.39;0.01;BUY
2016-04-05T00:06:46.290000;2016-04-05T00:06:46.343000;58559611-a48c-4c56-bacb-bc17d5ec146f;419.4;0.25;BUY
2016-04-05T00:06:46.290000;2016-04-05T00:06:46.343000;0182e8a8-8831-4fd8-93a8-a674aeafe7a6;419.4;0.01;BUY
2016-04-05T00:06:46.290000;2016-04-05T00:06:46.343000;99b38092-ba37-459c-add4-bbd1ab81dcfe;419.41;0.9;BUY
2016-04-05T00:06:46.290000;2016-04-05T00:06:46.343000;810e6da3-7e86-4f70-84e4-6de144826cdc;419.42;0.3;BUY
2016-04-05T00:06:46.290000;2016-04-05T00:06:46.343000;adbeb363-2245-48c2-a0d0-aa45d7c04680;419.42;0.9;BUY
2016-04-05T00:06:46.290000;2016-04-05T00:06:46.343000;89d7c407-82d7-4a9f-b738-5c1467e66979;419.43;0.55;BUY
2016-04-05T00:06:46.290000;2016-04-05T00:06:46.373000;1976c50e-0571-4356-9b7b-b8d0d8c052b8;419.44;1.62;BUY
2016-04-05T00:06:46.290000;2016-04-05T00:06:46.373000;c969a25a-0c8a-416b-a219-13995791e895;419.45;0.01;BUY
2016-04-05T00:06:46.290000;2016-04-05T00:06:46.373000;d3dcce21-2847-4bb6-8f5f-2a7fe8b8ba81;419.45;0.03;BUY
2016-04-05T00:06:46.290000;2016-04-05T00:06:46.373000;4dc22208-44da-46f1-b596-b3ecc9f6d525;419.45;0.01;BUY
2016-04-05T00:06:46.290000;2016-04-05T00:06:46.373000;223fa61f-0dc6-405a-b1aa-43583a363d0c;419.45;1.32626;BUY
2016-04-05T00:06:47.910000;2016-04-05T00:06:47.933000;804cad36-2dc7-47ff-b62b-7ef9323e2ccb;419.43;0.01;BUY
2016-04-05T00:06:47.910000;2016-04-05T00:06:47.933000;41041ea5-7a28-46ac-84d3-6955ba11155f;419.43;0.1;BUY
2016-04-05T00:06:47.910000;2016-04-05T00:06:47.963000;293905bb-b198-4812-95ad-1723d752c853;419.44;0.01;BUY
2016-04-05T00:06:47.910000;2016-04-05T00:06:47.963000;28284d03-3bf3-4cd0-948b-ae45abed798b;419.44;0.119;BUY
2016-04-05T00:06:47.910000;2016-04-05T00:06:47.963000;112991c0-2785-4cb5-b8a7-6f9a0964c8df;419.44;2.7573;BUY
2016-04-05T00:07:01.483000;2016-04-05T00:07:01.510000;47c7ea96-1334-44a0-a88e-79c571d5c00f;419.36;0.01;SELL
2016-04-05T00:07:01.483000;2016-04-05T00:07:01.577000;4ff4cce3-6312-4a39-9247-1ab427819f67;419.35;0.01;SELL
2016-04-05T00:07:01.483000;2016-04-05T00:07:01.590000;a3edddb4-82fe-4f2e-8b35-b71e4e6ff62f;419.35;0.01;SELL
2016-04-05T00:07:01.483000;2016-04-05T00:07:01.590000;e24a72b8-cb75-42d1-9b77-5a557c45415e;419.34;0.01;SELL
2016-04-05T00:07:01.483000;2016-04-05T00:07:01.590000;8900d92b-e176-4a68-8189-55abb62fb521;419.32;0.25;SELL
2016-04-05T00:07:01.483000;2016-04-05T00:07:01.590000;53e92940-e7b3-4154-a7c1-471922da92ff;419.32;0.102;SELL
2016-04-05T00:07:01.483000;2016-04-05T00:07:01.590000;803791e8-0dff-4076-a060-f8093c484f8d;419.3;0.01;SELL
2016-04-05T00:07:01.483000;2016-04-05T00:07:01.590000;15b8f872-877e-459a-a167-129f31178533;419.28;0.01;SELL
2016-04-05T00:07:01.483000;2016-04-05T00:07:01.590000;971272b7-bd37-46bf-99d5-2e8879fce4cc;419.27;0.31;SELL
2016-04-05T00:07:01.487000;2016-04-05T00:07:01.590000;9cd383e8-4b72-4592-9003-5222a2fd7d09;419.27;0.087;SELL
2016-04-05T00:07:01.487000;2016-04-05T00:07:01.590000;ff40eb5d-205e-4aa7-bd51-450b1ce2d54b;419.25;0.01;SELL
2016-04-05T00:07:01.487000;2016-04-05T00:07:01.590000;4b68e2c8-1444-460d-b2cc-1767ab6e6035;419.24;0.01;SELL
2016-04-05T00:07:01.487000;2016-04-05T00:07:01.590000;6e554771-f66c-4a86-8ec6-ac79ab4a279e;419.22;0.016;SELL
2016-04-05T00:07:01.487000;2016-04-05T00:07:01.590000;8d00e6c8-7bc9-426e-891d-54913b302551;419.21;0.01;SELL
2016-04-05T00:07:01.487000;2016-04-05T00:07:01.590000;59373c6d-47d5-49b4-af89-f616b560be32;419.2;0.01;SELL
2016-04-05T00:07:01.487000;2016-04-05T00:07:01.590000;8026ae67-fd2b-42ef-afd9-e18b76cf9887;419.2;0.01;SELL
2016-04-05T00:07:01.487000;2016-04-05T00:07:01.590000;7ba6bd36-e5ba-485a-a0f3-be04938e7d4c;419.15;0.01;SELL
2016-04-05T00:07:01.487000;2016-04-05T00:07:01.590000;62a32680-baa8-44be-9f30-32e378ea8414;419.15;0.124;SELL
2016-04-05T00:07:01.487000;2016-04-05T00:07:01.590000;7e315522-1844-4e51-8903-6f9b900c71cb;419.12;0.01;SELL
2016-04-05T00:07:01.487000;2016-04-05T00:07:01.590000;e3fd09e3-d3fe-42f5-897e-cb0b76d5568e;419.1;0.01;SELL
2016-04-05T00:07:01.487000;2016-04-05T00:07:01.590000;5e867b4d-7231-4c10-975c-fbab8a251042;419.1;0.102;SELL
2016-04-05T00:07:01.487000;2016-04-05T00:07:01.607000;a47848f6-d7fc-4ac4-bfcb-1a592103accb;419.07;0.1003;SELL
2016-04-05T00:07:01.487000;2016-04-05T00:07:01.607000;1e80e187-bf34-4fe6-8e8f-c00363d2959c;419.05;0.01;SELL
2016-04-05T00:07:01.487000;2016-04-05T00:07:01.607000;b0d651e2-5d15-417d-9889-aab84e07b170;419.05;0.129;SELL
2016-04-05T00:07:01.487000;2016-04-05T00:07:01.607000;2db3d942-c315-4414-9e4d-ce2b9777f662;419.05;0.016;SELL
2016-04-05T00:07:01.487000;2016-04-05T00:07:01.607000;0cc45002-e622-4896-84d2-281d31c0be91;419.02;0.30012;SELL
2016-04-05T00:07:34.457000;2016-04-05T00:07:34.463000;b2ba8d9e-6aa6-4652-8ea7-f53d6834b377;419.28;0.01;BUY
2016-04-05T00:07:34.457000;2016-04-05T00:07:34.483000;7f920cbf-08ec-4d89-801d-89504aacbcc1;419.28;0.016;BUY
2016-04-05T00:07:34.457000;2016-04-05T00:07:34.483000;6d9843b6-6c0f-49c2-aca8-2ee0484d828d;419.28;0.04;BUY
2016-04-05T00:07:34.460000;2016-04-05T00:07:34.483000;f9995faf-9216-4f3c-94f2-2ce41d0904e6;419.29;0.01;BUY
2016-04-05T00:07:34.460000;2016-04-05T00:07:34.483000;73955283-a080-4dfe-bd7b-855371c09c0d;419.29;0.29;BUY
2016-04-05T00:07:34.460000;2016-04-05T00:07:34.483000;65626538-4554-4d9c-b1a8-6204a879a2af;419.3;0.01;BUY
2016-04-05T00:07:34.460000;2016-04-05T00:07:34.510000;9c59e5fe-1291-4d41-b8f8-bc3036d9e4bb;419.31;0.01;BUY
2016-04-05T00:07:34.460000;2016-04-05T00:07:34.510000;d6303b41-3945-4dd8-a2a8-93c6525df74b;419.31;1.53598;BUY
2016-04-05T00:08:01.547000;2016-04-05T00:08:01.577000;34bed45b-7d99-47e6-ad48-ca5ccee5e978;419.32;0.01;BUY
2016-04-05T00:08:01.547000;2016-04-05T00:08:01.577000;43e2384a-f733-475b-ba06-b3995d858cc6;419.32;0.016;BUY
2016-04-05T00:08:01.547000;2016-04-05T00:08:01.590000;e2ae9c32-c6c5-40d1-9bb4-5ece12d09c84;419.33;0.01;BUY
2016-04-05T00:08:01.550000;2016-04-05T00:08:01.590000;ff347a07-d9ce-4e21-9370-a337c13d7c07;419.34;0.25;BUY
2016-04-05T00:08:01.550000;2016-04-05T00:08:01.607000;6a78393e-c4e0-4195-8ee3-9731ab194e2a;419.35;0.01;BUY
2016-04-05T00:08:01.550000;2016-04-05T00:08:01.607000;e3dfcf8c-bf32-42bc-92ad-63bae3df38a8;419.35;0.01;BUY
2016-04-05T00:08:01.550000;2016-04-05T00:08:01.607000;2abf372f-332f-4767-b517-dc5a1192d368;419.36;0.1;BUY
2016-04-05T00:08:01.550000;2016-04-05T00:08:01.607000;6dfb7f3c-805a-4dc4-a43b-edbbdb9f43c9;419.37;1.49606;BUY
2016-04-05T00:08:09.553000;2016-04-05T00:08:09.573000;b2fdf0e8-4ddd-4886-b380-f1f12fa9e8e1;419.33;0.01;SELL
2016-04-05T00:08:22.270000;2016-04-05T00:08:22.293000;93528ebb-3817-45aa-a893-c64dfc11a47c;419.4;0.01;BUY
2016-04-05T00:08:31.677000;2016-04-05T00:08:31.683000;1997a106-b7bb-4e00-819a-ba30f098fdda;419.39;0.3;BUY
2016-04-05T00:08:31.677000;2016-04-05T00:08:31.700000;5fe21973-f575-465d-9564-3ac7994dfda0;419.39;0.04563;BUY
2016-04-05T00:08:47.527000;2016-04-05T00:08:47.543000;6f268bcd-3b7a-4361-87f1-74c50f98880c;419.41;0.043;SELL
2016-04-05T00:08:47.527000;2016-04-05T00:08:47.543000;30e0faa2-a792-4908-9277-6d021abd4678;419.39;0.0375;SELL
2016-04-05T00:08:51.863000;2016-04-05T00:08:51.890000;45a7cc44-a7c1-4d65-9ed7-71ab9333a232;419.4;0.0317;SELL
2016-04-05T00:08:54.903000;2016-04-05T00:08:54.937000;eb784ba7-f34d-4be0-9f52-99d62fba86cb;419.4;0.0251;SELL
2016-04-05T00:08:59.230000;2016-04-05T00:08:59.260000;433b9f33-e358-4f4a-b931-e185cb88fa47;419.39;0.0304;SELL
2016-04-05T00:08:59.230000;2016-04-05T00:08:59.293000;1ce7e994-0457-4d24-b1b8-882adc5b007c;419.39;0.0272;SELL
2016-04-05T00:08:59.230000;2016-04-05T00:08:59.293000;d8bee462-9c4d-47c5-9bef-2affbe9c203b;419.39;0.1;SELL
2016-04-05T00:08:59.350000;2016-04-05T00:08:59.360000;ce756d0f-0dd9-45ff-a323-2300a4e1f800;419.39;0.1;BUY
2016-04-05T00:09:04.457000;2016-04-05T00:09:04.463000;45eaf82a-f037-4a07-b3e2-55416c0fb055;419.39;0.3;BUY
2016-04-05T00:09:04.457000;2016-04-05T00:09:04.463000;b56afad3-94a9-421f-983b-b0af7d92e30f;419.43;0.01;BUY
2016-04-05T00:09:04.457000;2016-04-05T00:09:04.497000;ec76952a-b04f-4ae9-b8e7-676cb9350e9c;419.43;2.47717;BUY
2016-04-05T00:09:11.030000;2016-04-05T00:09:11.027000;2ff47a47-1985-4abf-bf92-4c8371b5c3d8;419.45;0.01;BUY
2016-04-05T00:09:11.030000;2016-04-05T00:09:11.060000;6306568c-1fe9-4367-95bf-3bbc95add36a;419.46;0.0964;BUY
2016-04-05T00:09:11.037000;2016-04-05T00:09:11.060000;f02fabb4-4c82-4f49-a5f7-98eccda08646;419.46;0.0236;BUY
2016-04-05T00:09:31.663000;2016-04-05T00:09:31.683000;ecf72c09-6692-40ff-b74b-8bcb63ec25dd;419.45;0.01;BUY
2016-04-05T00:09:31.663000;2016-04-05T00:09:31.683000;e68d091d-9912-4fff-88aa-5a68af810fa1;419.45;0.04849;BUY
2016-04-05T00:09:32.323000;2016-04-05T00:09:32.323000;f1b8e1b3-cdfc-4e88-a477-67ba67eecd1a;419.4;0.016;BUY
2016-04-05T00:09:33.043000;2016-04-05T00:09:33.063000;b39cb817-10c3-4015-9de8-82d7fa9b731a;419.42;0.3;SELL
2016-04-05T00:09:33.233000;2016-04-05T00:09:33.310000;e860892e-7484-4ec4-aa1b-18caa96c956e;419.44;0.0239;SELL
2016-04-05T00:09:33.233000;2016-04-05T00:09:33.310000;2c505605-9b28-427d-8450-7e0a23331c24;419.42;0.2761;SELL
2016-04-05T00:09:33.770000;2016-04-05T00:09:33.793000;64ccec6a-09fd-4ecd-8340-8f8d38448dec;419.44;0.0227;SELL
2016-04-05T00:09:34.913000;2016-04-05T00:09:34.933000;d563a527-8602-41a0-9000-a1ec92355fb1;419.42;0.3;SELL
2016-04-05T00:09:34.947000;2016-04-05T00:09:34.963000;9236b64a-331f-43eb-bd2a-47d4f05e8fae;419.42;0.1;SELL
2016-04-05T00:09:36.877000;2016-04-05T00:09:36.870000;4fbd2be8-81e8-4ea2-8c6a-8611dd543018;419.44;0.0218;SELL
2016-04-05T00:09:36.877000;2016-04-05T00:09:36.903000;94be1cb5-fc09-4a1a-aa41-e302b08f7056;419.42;0.2782;SELL
2016-04-05T00:09:38.700000;2016-04-05T00:09:38.713000;0051d8b9-9f2b-487b-87f4-8e109b1574fc;419.44;0.0283;SELL
2016-04-05T00:09:38.827000;2016-04-05T00:09:38.827000;8c227b8d-af1c-470d-aee8-eb46d8c3bff1;419.42;0.3;SELL
2016-04-05T00:10:01.507000;2016-04-05T00:10:01.527000;c8770c58-0e03-478c-a144-219fd1eb0d2c;419.45;0.0192;SELL
2016-04-05T00:10:01.507000;2016-04-05T00:10:01.527000;e50e67cb-037b-4808-9634-2b882c153315;419.45;0.0209;SELL
2016-04-05T00:10:01.507000;2016-04-05T00:10:01.547000;37fe9226-01a1-441c-9f2c-cc124b25116e;419.45;0.0199;SELL
2016-04-05T00:10:01.507000;2016-04-05T00:10:01.547000;d635d9f7-ed3f-4993-8f31-a1844579cb18;419.45;0.0181;SELL
2016-04-05T00:10:01.510000;2016-04-05T00:10:01.547000;47eb3024-dde3-416f-beaf-269e592d7b8a;419.45;0.0237;SELL
2016-04-05T00:10:01.510000;2016-04-05T00:10:01.547000;a079fb83-af40-4f19-bc07-43a09370198e;419.45;0.028;SELL
2016-04-05T00:10:01.510000;2016-04-05T00:10:01.547000;8ed78705-7935-44ce-b5db-e3ae94705067;419.45;0.034;SELL
2016-04-05T00:10:01.510000;2016-04-05T00:10:01.560000;00031e81-5a5f-4e32-8221-74c8a59ffd92;419.45;0.0354;SELL
2016-04-05T00:10:01.510000;2016-04-05T00:10:01.560000;8513e274-d054-4186-9f25-76ac645301fc;419.45;0.0352;SELL
2016-04-05T00:10:01.510000;2016-04-05T00:10:01.590000;588f228e-9005-4186-8168-a611df6fc706;419.45;0.0305;SELL
2016-04-05T00:10:01.510000;2016-04-05T00:10:01.590000;abffa0d4-7747-4394-b80f-52732b463c6e;419.45;0.0276;SELL
2016-04-05T00:10:01.510000;2016-04-05T00:10:01.590000;f5b65f8c-7622-4c5b-a001-c9bc6a984460;419.44;0.0201;SELL
2016-04-05T00:10:01.510000;2016-04-05T00:10:01.590000;4914507c-dbe8-413f-a151-e920a06895f0;419.44;0.0252;SELL
2016-04-05T00:10:01.510000;2016-04-05T00:10:01.590000;808bbf09-f2fb-422b-9c13-d34b0631f000;419.42;0.8097;SELL
2016-04-05T00:10:01.510000;2016-04-05T00:10:01.590000;ce348bcf-b315-40c0-ae77-488b8ae6221f;419.42;0.1;SELL
2016-04-05T00:10:01.510000;2016-04-05T00:10:01.623000;115211f6-5d35-43c3-996b-f685836fe580;419.4;0.01;SELL
2016-04-05T00:10:01.510000;2016-04-05T00:10:01.623000;cebd478e-2cdb-4af9-a67b-2624236a1c10;419.39;0.119;SELL
2016-04-05T00:10:01.510000;2016-04-05T00:10:01.623000;8791f44e-2db7-48bf-9e9a-9425e7bf6a32;419.38;0.0369;SELL
2016-04-05T00:10:31.633000;2016-04-05T00:10:31.640000;8a0a676b-8904-48c8-8d1d-0b35ab58df47;419.46;0.01;BUY
2016-04-05T00:10:31.633000;2016-04-05T00:10:31.667000;5498a5ca-ea0a-4cd9-bf6e-e3a55d758ec0;419.46;0.02;BUY
2016-04-05T00:10:31.633000;2016-04-05T00:10:31.667000;4ce54354-973e-41bf-b6e7-62f9b5116878;419.46;0.01;BUY
2016-04-05T00:10:31.633000;2016-04-05T00:10:31.667000;cb40b42d-7c93-4a81-8810-486c82d78d1a;419.47;0.01;BUY
2016-04-05T00:10:31.633000;2016-04-05T00:10:31.683000;a9771ca4-042e-4ca0-aa66-88e8711fbb5f;419.47;0.081;BUY
2016-04-05T00:10:31.633000;2016-04-05T00:10:31.683000;2ea815c8-70ce-420a-ad18-c2b7ee16e3ff;419.48;0.01332;BUY
2016-04-05T00:11:01.650000;2016-04-05T00:11:01.653000;9f35a31e-9ead-4c07-95c9-66a2dd12bf0a;419.46;0.02;BUY
2016-04-05T00:11:01.650000;2016-04-05T00:11:01.670000;760bdc47-c7ca-49a5-9902-551975289a2e;419.46;0.095;BUY
2016-04-05T00:11:01.650000;2016-04-05T00:11:01.670000;4c181f56-b3c7-4566-af0e-01a66b48440f;419.47;0.1;BUY
2016-04-05T00:11:01.650000;2016-04-05T00:11:01.670000;e93fd876-376b-4980-ab5d-b0cc318d6590;419.48;0.05879;BUY
2016-04-05T00:11:35.010000;2016-04-05T00:11:35.093000;05c83604-8002-4016-a608-58d55fefcc04;419.41;0.01;SELL
2016-04-05T00:11:35.010000;2016-04-05T00:11:35.093000;bc2ea34d-6b01-4f7a-b1fd-655db7e40c78;419.4;0.01;SELL
2016-04-05T00:11:35.010000;2016-04-05T00:11:35.093000;b9fdef85-0b70-4593-81ca-91b92e19e500;419.4;0.3;SELL
2016-04-05T00:11:35.010000;2016-04-05T00:11:35.093000;c5bb558b-c5ce-42ea-84a8-006b141745c4;419.38;0.1;SELL
2016-04-05T00:11:35.010000;2016-04-05T00:11:35.093000;1aba785f-df5e-494a-add1-d5751afdb19c;419.38;0.163;SELL
2016-04-05T00:11:35.010000;2016-04-05T00:11:35.093000;14256668-f55b-496f-8d92-1674924bcbe0;419.36;0.01;SELL
2016-04-05T00:11:35.010000;2016-04-05T00:11:35.093000;d2f88a17-97da-477b-aced-1346141d747d;419.35;0.01;SELL
2016-04-05T00:11:35.010000;2016-04-05T00:11:35.107000;3a7d78da-1c73-45d7-addc-6cdf83aa0e47;419.35;0.01;SELL
2016-04-05T00:11:35.010000;2016-04-05T00:11:35.107000;901462bd-b75d-41a6-88b1-bac7f2b4f99b;419.35;0.3;SELL
2016-04-05T00:11:35.010000;2016-04-05T00:11:35.107000;89b34d5c-a81d-4673-8ba6-dae74a66e0e6;419.33;0.104;SELL
2016-04-05T00:11:35.010000;2016-04-05T00:11:35.107000;425b6918-c231-41dd-b04b-92097384f930;419.31;0.25;SELL
2016-04-05T00:11:35.013000;2016-04-05T00:11:35.107000;4d79e589-1ef1-4e61-a329-846883b3a8a3;419.3;0.01;SELL
2016-04-05T00:11:35.013000;2016-04-05T00:11:35.107000;4097f699-ab22-45b7-a068-c03e9e19040c;419.25;0.01;SELL
2016-04-05T00:11:35.013000;2016-04-05T00:11:35.107000;d6d2e963-df08-42fe-88ec-637fb3d74fab;419.24;0.08;SELL
2016-04-05T00:11:35.013000;2016-04-05T00:11:35.107000;e35c8aac-6b39-4c90-ab94-06d4d638b758;419.2;0.01;SELL
2016-04-05T00:11:35.013000;2016-04-05T00:11:35.123000;494338a5-41ee-497e-9cff-73c701db0ea9;419.2;0.016;SELL
2016-04-05T00:11:35.013000;2016-04-05T00:11:35.140000;eebfdfd9-b93a-4582-b212-fecf86ae0f71;419.19;0.01;SELL
2016-04-05T00:11:35.013000;2016-04-05T00:11:35.140000;d2b3aec7-7804-481f-b5d5-85a3ae2720d6;419.19;0.101;SELL
2016-04-05T00:11:35.013000;2016-04-05T00:11:35.140000;c6fea2af-4361-45a1-b2b3-7dcb83d32b05;419.17;0.01;SELL
2016-04-05T00:11:35.013000;2016-04-05T00:11:35.140000;d7041f07-0c57-4994-9cee-2f67a7fa48d1;419.15;0.01;SELL
2016-04-05T00:11:35.013000;2016-04-05T00:11:35.140000;934e3ffa-f244-4dcf-ac1b-080523a6d34b;419.14;0.091;SELL
2016-04-05T00:11:35.013000;2016-04-05T00:11:35.153000;7278b3bd-668d-4b0a-a88e-34b6b0d7d465;419.13;0.01;SELL
2016-04-05T00:11:35.013000;2016-04-05T00:11:35.153000;6ec78d33-2248-46a0-b79b-60b57cd19211;419.1;0.01;SELL
2016-04-05T00:11:35.013000;2016-04-05T00:11:35.153000;ba9c1c0e-48c3-4718-9bc6-2dc69705e5d8;419.1;0.01;SELL
2016-04-05T00:11:35.013000;2016-04-05T00:11:35.153000;6490f06e-0261-43cf-9e57-aab8ca46f2aa;419.1;0.18;SELL
2016-04-05T00:11:35.013000;2016-04-05T00:11:35.187000;68427a4a-3426-4dce-9640-a27a6df195b9;419.09;0.01;SELL
2016-04-05T00:11:35.013000;2016-04-05T00:11:35.187000;8dcafb6b-9c0b-4f4f-bc08-6788f2252a20;419.09;0.116;SELL
2016-04-05T00:11:35.013000;2016-04-05T00:11:35.187000;f9938c4a-de23-4f03-850f-fde6f296eb66;419.09;0.07895;SELL
2016-04-05T00:11:35.823000;2016-04-05T00:11:35.890000;5b3d08bf-ec1e-42ea-824c-1dc563910440;419.33;0.1;BUY
2016-04-05T00:11:35.923000;2016-04-05T00:11:35.997000;af5b8218-d505-435f-9f8b-4284b6daade3;419.33;0.1;BUY
2016-04-05T00:11:35.963000;2016-04-05T00:11:36.030000;0d285356-884b-49e1-85e0-1f1ec5b6c95a;419.33;0.05;BUY
2016-04-05T00:11:36.213000;2016-04-05T00:11:36.280000;672649a1-baa9-4c36-ab0b-9a9e10a45d02;419.4;0.1;SELL
2016-04-05T00:11:36.347000;2016-04-05T00:11:36.403000;7da191e6-2dbc-4d9c-9df3-cd250772fe2e;419.4;0.1;SELL
2016-04-05T00:11:36.360000;2016-04-05T00:11:36.420000;1d51da07-96f4-4c91-b07d-ea1a76e0182c;419.4;0.1;SELL
2016-04-05T00:11:36.407000;2016-04-05T00:11:36.467000;6e8d6778-decc-46b2-8c36-ccec537b1ea2;419.39;0.1;SELL
2016-04-05T00:11:36.460000;2016-04-05T00:11:36.497000;fc7e406f-39e2-4248-977b-e5084098b6e8;419.39;0.1;SELL
2016-04-05T00:11:36.527000;2016-04-05T00:11:36.593000;d203568f-02d7-45ba-b4db-a4a83813b043;419.39;0.1;SELL
2016-04-05T00:11:36.620000;2016-04-05T00:11:36.670000;3cd0dd65-8d12-414d-877c-e50a652b8ce1;419.35;0.1;SELL
2016-04-05T00:11:36.947000;2016-04-05T00:11:37.013000;868e2198-922b-4e08-ae7e-09a92f267329;419.35;0.1;SELL
2016-04-05T00:12:01.640000;2016-04-05T00:12:01.700000;a5a85c72-355f-43bb-b002-b68d3f9b2dc2;419.41;0.01;BUY
2016-04-05T00:12:01.640000;2016-04-05T00:12:01.717000;8cf18cfb-bf44-4c8a-a750-c6b00c58af9d;419.41;0.06;BUY
2016-04-05T00:12:01.647000;2016-04-05T00:12:01.717000;d8376f81-793f-48e8-bd28-da6e2d3d9d41;419.44;0.096;BUY
2016-04-05T00:12:01.647000;2016-04-05T00:12:01.717000;da997e53-b154-42cb-a151-08a71c4bcc9e;419.45;0.01;BUY
2016-04-05T00:12:01.647000;2016-04-05T00:12:01.717000;a257379f-57a6-4b1a-9775-2806865919a9;419.48;3.761732;BUY
2016-04-05T00:12:01.647000;2016-04-05T00:12:01.717000;cd7bb8dc-a66d-4f0a-8ad5-1130c59a011b;419.49;0.006428;BUY
2016-04-05T00:12:31.883000;2016-04-05T00:12:31.920000;55f93a03-92c4-434b-bad2-50432d0c245e;419.44;0.492;BUY
2016-04-05T00:12:31.883000;2016-04-05T00:12:31.950000;5ae02570-213d-4785-a486-332d611c4495;419.45;0.39314;BUY
2016-04-05T00:13:01.777000;2016-04-05T00:13:01.810000;292ee1d5-db04-456a-a794-c5c18f1d0cd4;419.43;0.514;BUY
2016-04-05T00:13:01.777000;2016-04-05T00:13:01.827000;9db497c8-c151-47a1-8a72-01d7c2160506;419.44;0.42112;BUY
2016-04-05T00:13:08.373000;2016-04-05T00:13:08.450000;7b41c90d-8a65-4a34-96da-670bbb976759;419.4;0.3;BUY
2016-04-05T00:13:17.967000;2016-04-05T00:13:18.030000;6be35857-62b2-4752-921b-4b340b81248b;419.4;0.3;BUY
2016-04-05T00:13:18.203000;2016-04-05T00:13:18.250000;eb304bd6-32c1-4ac2-bda7-73eae68a4a83;419.4;0.153;BUY
2016-04-05T00:13:31.720000;2016-04-05T00:13:31.780000;503bdfd3-e3ec-4c41-a233-660fda4c14ff;419.41;0.23606;BUY
2016-04-05T00:14:01.450000;2016-04-05T00:14:01.497000;1968b7a5-840a-4e8e-acda-c8935087a098;419.41;0.04;BUY
2016-04-05T00:14:31.440000;2016-04-05T00:14:31.483000;9b826b63-4857-45e9-8b27-19aa7d2b9bc0;419.4;0.01;SELL
2016-04-05T00:14:31.440000;2016-04-05T00:14:31.500000;4a47af21-7abe-4726-b476-8c5c3caa7714;419.4;2.382;SELL
2016-04-05T00:14:31.440000;2016-04-05T00:14:31.500000;4eb5ac87-efbb-4985-a455-950e051d4163;419.37;0.1;SELL
2016-04-05T00:14:31.440000;2016-04-05T00:14:31.500000;8db83a67-b26b-443e-af8f-28a9b1d91cd2;419.35;0.01;SELL
2016-04-05T00:14:31.440000;2016-04-05T00:14:31.500000;a983972a-bccb-44c2-b99e-52770bdf3902;419.35;0.016;SELL
2016-04-05T00:14:31.440000;2016-04-05T00:14:31.577000;748816d4-a97a-4e09-8d6a-ee9d5b94dc61;419.33;0.01;SELL
2016-04-05T00:14:31.440000;2016-04-05T00:14:31.593000;3c853a9d-c02d-4571-9a4d-ff42892920fa;419.3;0.01;SELL
2016-04-05T00:14:31.440000;2016-04-05T00:14:31.593000;b93902d1-990e-4226-b436-9212cdc18d67;419.25;0.01;SELL
2016-04-05T00:14:31.440000;2016-04-05T00:14:31.593000;a6789dd3-1a3d-4e65-893d-8ed907b3e5b5;419.2;0.01;SELL
2016-04-05T00:14:31.440000;2016-04-05T00:14:31.593000;331926ec-5e17-486f-ad3f-13618eaa7654;419.19;0.605;SELL
2016-04-05T00:14:31.443000;2016-04-05T00:14:31.593000;83a4257e-b465-44eb-bafb-49716bdce688;419.18;0.016;SELL
2016-04-05T00:14:31.443000;2016-04-05T00:14:31.593000;d376ca65-149b-4eec-9123-50f61d8f84c7;419.15;0.01;SELL
2016-04-05T00:14:31.443000;2016-04-05T00:14:31.593000;cfa2d877-87a3-4551-9591-fe193cfae4be;419.14;0.65;SELL
2016-04-05T00:14:31.443000;2016-04-05T00:14:31.593000;3d16a667-b8dd-4016-a509-32c2dd5cee6c;419.11;0.01;SELL
2016-04-05T00:14:31.443000;2016-04-05T00:14:31.593000;6397c1a2-a927-4df9-8301-bc2c20cbf3d3;419.1;0.01;SELL
2016-04-05T00:14:31.443000;2016-04-05T00:14:31.593000;9e654444-f04f-4c6d-a7f0-7534067ed5ed;419.09;0.644;SELL
2016-04-05T00:14:31.443000;2016-04-05T00:14:31.593000;e22d22e0-dd16-4748-a428-40b19b6b9e9c;419.08;0.01;SELL
2016-04-05T00:14:31.443000;2016-04-05T00:14:31.593000;7e9318ae-a6d7-4a16-a0ea-49035c57ae14;419.06;2.31431;SELL
2016-04-05T00:15:01.793000;2016-04-05T00:15:01.843000;1fd50d40-58b0-48c7-a6ff-6e7a832bedb8;419.27;0.01;SELL
2016-04-05T00:15:01.793000;2016-04-05T00:15:01.857000;001305f2-f9b6-48da-b933-bf6b8a554ca3;419.26;0.01;SELL
2016-04-05T00:15:01.793000;2016-04-05T00:15:01.857000;c7ecb484-a097-4677-ada9-6c2b46ebf256;419.24;0.1;SELL
2016-04-05T00:15:01.793000;2016-04-05T00:15:01.873000;31f38bfb-3fdf-4245-9518-43908fd9a2ed;419.11;0.01;SELL
2016-04-05T00:15:01.793000;2016-04-05T00:15:01.873000;81271847-2893-4e90-9f12-8f63901110cc;419.1;0.111;SELL
2016-04-05T00:15:01.797000;2016-04-05T00:15:01.873000;6f50581c-217d-40ec-b4b7-902abb7c4149;419.08;0.01;SELL
2016-04-05T00:15:01.797000;2016-04-05T00:15:01.873000;d1185817-7cfd-4303-a89c-3355494678ae;419.08;0.01;SELL
2016-04-05T00:15:01.797000;2016-04-05T00:15:01.873000;acb459a1-8b84-4c1e-ba52-a99a4a7badd1;419.06;1.767;SELL
2016-04-05T00:15:31.773000;2016-04-05T00:15:31.827000;39905c46-0ed5-4278-af53-b95ed4a23d81;419.12;0.01;SELL
2016-04-05T00:15:31.773000;2016-04-05T00:15:31.827000;cc0215ca-c3e8-461b-9709-6f9a64a43031;419.09;0.01;SELL
2016-04-05T00:15:31.773000;2016-04-05T00:15:31.827000;4173ed36-e0b8-491a-a534-bf072ba2af35;419.08;0.01;SELL
2016-04-05T00:15:31.773000;2016-04-05T00:15:31.827000;aa6d3e20-96a4-4e6e-a912-e4b688368ce4;419.05;0.01;SELL
2016-04-05T00:15:31.777000;2016-04-05T00:15:31.873000;04487758-b9dd-4c4b-bda0-a082f76dc6e8;419.05;0.55646;SELL
2016-04-05T00:16:28.867000;2016-04-05T00:16:28.920000;2333c553-f71c-4e94-8ef9-a89068ea38dd;419.13;0.01;BUY
2016-04-05T00:16:28.870000;2016-04-05T00:16:28.920000;88a1450b-8b34-4492-9a11-0d26635e3a30;419.13;0.06758;BUY
2016-04-05T00:16:28.903000;2016-04-05T00:16:28.940000;895980bf-d73a-4b1b-9604-42fc53208b09;419.13;0.11509;BUY
2016-04-05T00:16:31.980000;2016-04-05T00:16:32.017000;28393371-1eab-4a19-a821-5560a1929e33;419.13;0.554;BUY
2016-04-05T00:16:31.980000;2016-04-05T00:16:32.030000;940c5eeb-0de3-47e0-9f3d-3159fdf24677;419.14;0.21034;BUY
2016-04-05T00:17:01.463000;2016-04-05T00:17:01.497000;b64fdc15-a94b-4019-bbf2-44de84735f56;419.08;0.01;SELL
2016-04-05T00:17:01.463000;2016-04-05T00:17:01.513000;f56cc523-db25-4f6b-ab10-4d4da40f9ac2;419.08;0.30837;SELL
2016-04-05T00:18:01.563000;2016-04-05T00:18:01.607000;5d2d10c8-df7c-4211-8c1b-c4a0647c7443;419.07;0.01;SELL
2016-04-05T00:18:01.567000;2016-04-05T00:18:01.640000;f948beb2-4720-4943-babf-02a0150b9cf8;419.06;0.15;SELL
2016-04-05T00:18:01.567000;2016-04-05T00:18:01.640000;0fa2054f-79fc-4440-acd9-af37aa802f60;419.06;0.1;SELL
2016-04-05T00:18:01.567000;2016-04-05T00:18:01.640000;2a7a1f47-557e-48e0-a957-e602acfa576a;419.05;3.267983;SELL
2016-04-05T00:18:01.567000;2016-04-05T00:18:01.640000;0bebd9a0-3664-4faa-bb6c-d1636362d9d0;419.05;10.611018;SELL
2016-04-05T00:18:01.567000;2016-04-05T00:18:01.653000;88c464bb-ef87-4a6b-ae79-337c9e56ccaf;419.03;0.01;SELL
2016-04-05T00:18:01.567000;2016-04-05T00:18:01.653000;07446d53-8c2c-4170-a7b0-3a1e42fe9d90;419.01;0.646;SELL
2016-04-05T00:18:01.567000;2016-04-05T00:18:01.653000;58f07c98-d2d5-441a-b26a-d094dfcd88c8;419.0;0.01;SELL
2016-04-05T00:18:01.567000;2016-04-05T00:18:01.653000;cb204f8a-cce1-4136-820c-1a0b80734341;418.99;0.016;SELL
2016-04-05T00:18:01.567000;2016-04-05T00:18:01.653000;4790644a-ff14-47e9-a415-c8af9be0b070;418.98;0.2;SELL
2016-04-05T00:18:01.567000;2016-04-05T00:18:01.670000;69970f03-ad97-4fe2-a76f-dbe82ad876b5;418.95;0.01;SELL
2016-04-05T00:18:01.567000;2016-04-05T00:18:01.670000;d7b0a124-0418-4d5a-b293-8b9344355aa5;418.95;0.084;SELL
2016-04-05T00:18:01.567000;2016-04-05T00:18:01.670000;e35452d0-95aa-430e-8652-44c183d9edae;418.9;0.01;SELL
2016-04-05T00:18:01.567000;2016-04-05T00:18:01.670000;ecf4dafb-dd56-421c-a074-3823f6af3b51;418.9;0.11;SELL
2016-04-05T00:18:01.567000;2016-04-05T00:18:01.670000;116bdb6f-8b65-4916-b7e9-fe0936464745;418.87;0.01;SELL
2016-04-05T00:18:01.567000;2016-04-05T00:18:01.717000;c25154bc-fe1c-453c-a16a-82d78dbeae52;418.86;0.01;SELL
2016-04-05T00:18:01.570000;2016-04-05T00:18:01.717000;e5c0f609-ee07-4465-b13c-4f776b78c428;418.85;0.01;SELL
2016-04-05T00:18:01.570000;2016-04-05T00:18:01.717000;69a9a26d-23b0-4c5a-8437-f44fd380c44a;418.85;0.02;SELL
2016-04-05T00:18:01.570000;2016-04-05T00:18:01.717000;43621bab-8878-4864-8c33-f8575c6e2875;418.81;0.0296;SELL
2016-04-05T00:18:01.570000;2016-04-05T00:18:01.717000;2865fcbd-d0ed-4916-9033-1f3fcbb83a25;418.8;0.01;SELL
2016-04-05T00:18:01.570000;2016-04-05T00:18:01.717000;980b1fa5-41a3-428a-8578-6881772037ab;418.8;0.1;SELL
2016-04-05T00:18:01.570000;2016-04-05T00:18:01.717000;03d34491-48e4-46c7-b45a-62ec0d04a782;418.77;0.489242;SELL
2016-04-05T00:18:01.570000;2016-04-05T00:18:01.717000;04161a49-5d22-4f7e-9b2f-e61bbf380f9e;418.75;0.01;SELL
2016-04-05T00:18:01.570000;2016-04-05T00:18:01.717000;b0bfcf25-18c2-422a-bda3-97bb72e83f7e;418.71;2.52;SELL
2016-04-05T00:18:01.570000;2016-04-05T00:18:01.717000;b8e5775a-b0ab-48b8-b2d0-7e77b2914cb0;418.7;0.01;SELL
2016-04-05T00:18:01.570000;2016-04-05T00:18:01.717000;6df44062-0242-4670-92e0-7d42bfe93109;418.7;1.98;SELL
2016-04-05T00:18:01.570000;2016-04-05T00:18:01.717000;d6b6cb66-1ed9-4b9d-bcad-cc3eb3df9698;418.69;0.11;SELL
2016-04-05T00:18:01.570000;2016-04-05T00:18:01.717000;0c74fa68-6935-4cba-af8a-8789d5315db9;418.65;0.01;SELL
2016-04-05T00:18:01.570000;2016-04-05T00:18:01.717000;de625c6c-5abc-429a-8506-2e4f97183ad9;418.65;0.01;SELL
2016-04-05T00:18:01.570000;2016-04-05T00:18:01.717000;1324289b-6a5e-4738-9a09-f8c7f4ea58e1;418.65;1.44;SELL
2016-04-05T00:18:01.573000;2016-04-05T00:18:01.717000;61add406-1bbd-4c5e-9b56-fcb07c6385d5;418.64;0.2;SELL
2016-04-05T00:18:01.573000;2016-04-05T00:18:01.733000;67be2581-e9a0-4647-842d-a871983fba02;418.64;0.103;SELL
2016-04-05T00:18:01.573000;2016-04-05T00:18:01.733000;a193d3c6-1200-48de-8ff6-856c51cd6c30;418.62;2.16;SELL
2016-04-05T00:18:01.573000;2016-04-05T00:18:01.733000;80579985-3488-4d41-ac47-a0a3d6df6b60;418.61;0.0208;SELL
2016-04-05T00:18:01.573000;2016-04-05T00:18:01.733000;29e9567f-17ed-4cf5-9d28-3ed845a85598;418.61;1.44;SELL
2016-04-05T00:18:01.573000;2016-04-05T00:18:01.733000;c6a4c70b-7d90-4ae1-8555-5ab8a30d02e9;418.6;0.01;SELL
2016-04-05T00:18:01.573000;2016-04-05T00:18:01.763000;303adea4-394e-46cf-bfd6-de32e42c90d1;418.6;1.44;SELL
2016-04-05T00:18:01.573000;2016-04-05T00:18:01.763000;3bff8e42-3e64-4220-804e-9e48f21ffb60;418.59;0.11;SELL
2016-04-05T00:18:01.573000;2016-04-05T00:18:01.763000;027f0649-a6e4-4c70-8de8-caa020cd9d7b;418.59;1.26;SELL
2016-04-05T00:18:01.573000;2016-04-05T00:18:01.763000;cae40f8b-dbc7-4dea-a4b4-b16f06ccf692;418.58;0.152;SELL
2016-04-05T00:18:01.573000;2016-04-05T00:18:01.763000;0ce32d5e-406f-40a0-b091-744eb8adb375;418.57;1.98;SELL
2016-04-05T00:18:01.573000;2016-04-05T00:18:01.763000;da12479f-37fd-4e9d-8c24-c939148976c7;418.56;0.01;SELL
2016-04-05T00:18:01.573000;2016-04-05T00:18:01.763000;1ba26576-eeee-47df-8d01-809ba33069a7;418.56;0.01;SELL
2016-04-05T00:18:01.573000;2016-04-05T00:18:01.797000;83adf6ba-899f-4ab5-9cdf-813a4df0ccd3;418.56;1.26;SELL
2016-04-05T00:18:01.573000;2016-04-05T00:18:01.797000;f18c1568-998c-443e-87f8-d120c26f3e3f;418.55;0.01;SELL
2016-04-05T00:18:01.573000;2016-04-05T00:18:01.797000;2cd1cc24-4628-438d-8cea-943cf0ee00a2;418.55;0.01;SELL
2016-04-05T00:18:01.573000;2016-04-05T00:18:01.797000;e0d57809-e1c9-4673-843d-511ce6987e52;418.55;1.44;SELL
2016-04-05T00:18:01.577000;2016-04-05T00:18:01.797000;7e21d1f7-0839-48db-80f4-acb03af03d09;418.54;0.111;SELL
2016-04-05T00:18:01.577000;2016-04-05T00:18:01.797000;9c0af920-d5f9-4f44-bb33-1719099d0ffd;418.51;1.8;SELL
2016-04-05T00:18:01.577000;2016-04-05T00:18:01.797000;2ebfdd79-fda3-4aff-a935-ddb526f02393;418.5;0.01;SELL
2016-04-05T00:18:01.577000;2016-04-05T00:18:01.810000;88c92a32-bff6-45b7-9867-29e10b3a091e;418.5;0.01439646;SELL
2016-04-05T00:18:01.577000;2016-04-05T00:18:01.810000;236b3e58-641e-4e0c-a29d-ae6815bf2c68;418.5;1.44;SELL
2016-04-05T00:18:01.577000;2016-04-05T00:18:01.810000;d57c909b-241c-4e78-adc0-795e977e6902;418.49;0.1005;SELL
2016-04-05T00:18:01.577000;2016-04-05T00:18:01.810000;7e654b0e-ca5d-43ef-bbcf-9cc7adf3ad15;418.49;0.088;SELL
2016-04-05T00:18:01.577000;2016-04-05T00:18:01.810000;09664aa2-40e1-4b88-a6bd-b3824d5f17d6;418.46;1.44;SELL
2016-04-05T00:18:01.577000;2016-04-05T00:18:01.810000;39b61dcb-474d-47ff-8f2f-0136f58f1fca;418.45;0.01;SELL
2016-04-05T00:18:01.577000;2016-04-05T00:18:01.827000;4408d748-2f17-4a1e-b316-484ab8505da0;418.45;0.0296;SELL
2016-04-05T00:18:01.577000;2016-04-05T00:18:01.827000;c626b6a3-d964-4074-8f66-a50c0e6565d6;418.41;1.44;SELL
2016-04-05T00:18:01.577000;2016-04-05T00:18:01.827000;c5dd9a07-1190-4323-a167-87a6b28b341c;418.4;0.01;SELL
2016-04-05T00:18:01.577000;2016-04-05T00:18:01.827000;df027404-0b88-4b7e-adb0-e08bd02b019f;418.4;1.44;SELL
2016-04-05T00:18:01.577000;2016-04-05T00:18:01.827000;3d584857-df5a-419e-b7bf-e6177e78af3d;418.39;5.5;SELL
2016-04-05T00:18:01.577000;2016-04-05T00:18:01.827000;439b781d-ccff-4a14-9c7c-12800b45c021;418.35;0.01;SELL
2016-04-05T00:18:01.577000;2016-04-05T00:18:01.827000;b0dbfd9b-088a-473e-acb8-24ffbca4a56f;418.34;0.2;SELL
2016-04-05T00:18:01.580000;2016-04-05T00:18:01.827000;64359c60-1e19-4c54-af25-bd6727833d0a;418.3;0.01;SELL
2016-04-05T00:18:01.580000;2016-04-05T00:18:01.873000;28ec32ae-1ce0-456c-ab5b-10737f1120f4;418.3;0.2004255;SELL
2016-04-05T00:18:01.580000;2016-04-05T00:18:01.873000;1b888504-55bd-46eb-a572-ffc2798afdc2;418.29;0.01;SELL
2016-04-05T00:18:01.580000;2016-04-05T00:18:01.873000;6fd36cd2-bb4b-4ea7-9875-3a213c858dfd;418.27;0.5;SELL
2016-04-05T00:18:01.580000;2016-04-05T00:18:01.873000;ba590d29-1e53-4e4a-a595-760fee305892;418.26;2.01468504;SELL
2016-04-05T00:18:13.980000;2016-04-05T00:18:14.013000;9750c8c1-f298-4318-83e0-832b47e9c888;419.04;0.05;BUY
2016-04-05T00:18:31.733000;2016-04-05T00:18:31.763000;d1ce79f0-2a95-45af-b12f-a2fe3f9b17a3;419.06;0.15;BUY
2016-04-05T00:18:31.733000;2016-04-05T00:18:31.780000;a815685c-72bd-4285-80cc-800285f45b05;419.08;0.124;BUY
2016-04-05T00:18:31.733000;2016-04-05T00:18:31.780000;ca249eaa-5089-4247-a3cb-a000b8cfac3f;419.1;0.01;BUY
2016-04-05T00:18:31.733000;2016-04-05T00:18:31.780000;e1040d52-453c-4dbe-97d6-c4eeddefaece;419.11;0.01;BUY
2016-04-05T00:18:31.733000;2016-04-05T00:18:31.780000;528159e0-dfd6-4ef6-8828-0d34bdf4ef25;419.11;0.54;BUY
2016-04-05T00:18:31.733000;2016-04-05T00:18:31.780000;0a67b816-5e30-4cf8-8f92-0df66ba75f75;419.11;0.72;BUY
2016-04-05T00:18:31.733000;2016-04-05T00:18:31.810000;9dfaffdf-ce23-467f-9376-767fcff63acd;419.11;0.4907;BUY
2016-04-05T00:19:33.887000;2016-04-05T00:19:33.920000;1cf91208-fec1-4361-9ad2-ebd53ed2fd78;419.07;0.01;SELL
2016-04-05T00:19:33.887000;2016-04-05T00:19:33.937000;edadf112-7998-46b1-a6a0-0dcbcb060af4;419.07;0.119;SELL
2016-04-05T00:19:33.887000;2016-04-05T00:19:33.937000;21248bfc-4d63-4512-b692-50176c153865;419.06;0.01;SELL
2016-04-05T00:19:33.887000;2016-04-05T00:19:33.937000;33a18aa3-adf4-4465-ae25-9202e7f10024;419.05;0.1;SELL
2016-04-05T00:19:33.887000;2016-04-05T00:19:33.937000;99c6c179-72a3-443e-a2d5-edf0fd13a797;419.05;0.01;SELL
2016-04-05T00:19:33.887000;2016-04-05T00:19:33.950000;218b1165-fd45-4a38-b395-98180ea33a25;419.02;0.01;SELL
2016-04-05T00:19:33.890000;2016-04-05T00:19:33.967000;8bf9b615-fa5b-4029-9e3f-36d1f601a244;419.02;0.103;SELL
2016-04-05T00:19:33.890000;2016-04-05T00:19:33.983000;1228f8af-3f3e-43b6-a4ff-fa26798f51b9;419.0;0.01;SELL
2016-04-05T00:19:33.890000;2016-04-05T00:19:33.983000;b167eaed-930e-4b54-afac-9523ce39a4be;418.97;0.127;SELL
2016-04-05T00:19:33.890000;2016-04-05T00:19:33.983000;471381d8-908a-41a6-8654-1c5503e1a3be;418.95;0.01;SELL
2016-04-05T00:19:33.890000;2016-04-05T00:19:34.030000;f92e3293-bdb5-4967-8d86-3d0593580747;418.95;0.01;SELL
2016-04-05T00:19:33.890000;2016-04-05T00:19:34.030000;1dab9852-00ab-431c-9940-9b3cbdb7b5e8;418.94;0.01;SELL
2016-04-05T00:19:33.890000;2016-04-05T00:19:34.030000;135f879d-a982-494b-a34a-cb2729dd0650;418.92;0.116;SELL
2016-04-05T00:19:33.890000;2016-04-05T00:19:34.030000;9fc8c4be-f469-4dec-af14-1f28e9fc0e7f;418.9;0.01;SELL
2016-04-05T00:19:33.890000;2016-04-05T00:19:34.030000;cb186934-aefc-4726-b65e-7a800d40d45e;418.88;0.36;SELL
2016-04-05T00:19:33.890000;2016-04-05T00:19:34.030000;bd407674-4ca9-40c1-84f3-ecc995d3dfb2;418.87;0.119;SELL
2016-04-05T00:19:33.890000;2016-04-05T00:19:34.030000;518dc783-7cb1-4f61-a57a-2317c04c3a75;418.86;0.36;SELL
2016-04-05T00:19:33.890000;2016-04-05T00:19:34.030000;a883acaf-9595-4be2-90f9-6787abead5fe;418.85;0.02;SELL
2016-04-05T00:19:33.890000;2016-04-05T00:19:34.030000;c7e44616-21d9-4291-8bf3-c2a2aa3be222;418.85;0.01;SELL
2016-04-05T00:19:33.890000;2016-04-05T00:19:34.030000;0c5aa7bb-975b-4cf6-9a18-cb4fdc82e99f;418.82;0.072;SELL
2016-04-05T00:19:33.890000;2016-04-05T00:19:34.030000;207562e7-2d36-4fed-8162-c26461786eb2;418.81;1.8;SELL
2016-04-05T00:19:33.890000;2016-04-05T00:19:34.030000;a5501881-a171-42e2-b9b3-a87166b104f8;418.8;0.01;SELL
2016-04-05T00:19:33.890000;2016-04-05T00:19:34.030000;550165c1-2eff-4310-b8bf-68a666653ece;418.8;0.54;SELL
2016-04-05T00:19:33.890000;2016-04-05T00:19:34.030000;9613305e-4c64-4a60-a381-1432cb4d1e76;418.78;1.62;SELL
2016-04-05T00:19:33.890000;2016-04-05T00:19:34.030000;249c0282-db7f-4c17-988c-61386264b238;418.77;0.01;SELL
2016-04-05T00:19:33.890000;2016-04-05T00:19:34.030000;9512b8f1-f9b9-4a81-89c8-3d53951c704f;418.76;1.8;SELL
2016-04-05T00:19:33.890000;2016-04-05T00:19:34.047000;028b0d01-7100-44b1-9f2d-382b04af6ec0;418.75;0.01;SELL
2016-04-05T00:19:33.893000;2016-04-05T00:19:34.047000;969e6d77-9253-4037-9936-c04bcc09ab88;418.71;3.24;SELL
2016-04-05T00:19:33.893000;2016-04-05T00:19:34.047000;2e590718-9a04-44e2-b6a8-51e4307fc1d7;418.7;0.01;SELL
2016-04-05T00:19:33.893000;2016-04-05T00:19:34.047000;c9c3dc50-55ea-45d7-b4d6-541d909967f2;418.69;2.34;SELL
2016-04-05T00:19:33.893000;2016-04-05T00:19:34.047000;e7c83114-1238-48e9-b775-3a111584efef;418.68;0.01;SELL
2016-04-05T00:19:33.893000;2016-04-05T00:19:34.047000;01ee515c-3656-4cce-82e3-6d5d3bfa5b24;418.68;1.26;SELL
2016-04-05T00:19:33.893000;2016-04-05T00:19:34.047000;4f625564-5b58-4787-b5f0-2e791cfcbf8b;418.67;0.01;SELL
2016-04-05T00:19:33.893000;2016-04-05T00:19:34.047000;a2c48cd2-bdcb-419b-94e3-826168dccf19;418.66;0.9;SELL
2016-04-05T00:19:33.893000;2016-04-05T00:19:34.060000;5c0253d6-4c4e-488a-b54a-81a7e2d892bb;418.65;0.01;SELL
2016-04-05T00:19:33.893000;2016-04-05T00:19:34.077000;23f5c0f2-4146-4985-a424-3ab670c9509c;418.61;4.5;SELL
2016-04-05T00:19:33.893000;2016-04-05T00:19:34.077000;bc6c4880-b9b5-4a46-96ed-0a2644611e80;418.6;0.01;SELL
2016-04-05T00:19:33.893000;2016-04-05T00:19:34.123000;be045803-52b9-4b61-9079-e8ad4eadf9ed;418.56;3.24;SELL
2016-04-05T00:19:33.893000;2016-04-05T00:19:34.123000;470c2227-1375-469b-8f0e-61c00eef330e;418.55;0.01;SELL
2016-04-05T00:19:33.893000;2016-04-05T00:19:34.123000;c007fb75-8d3c-4cb8-9819-0297bff3208c;418.51;3.6;SELL
2016-04-05T00:19:33.893000;2016-04-05T00:19:34.123000;a7532898-0c4f-4104-91a7-1815966a78d8;418.5;0.01;SELL
2016-04-05T00:19:33.893000;2016-04-05T00:19:34.123000;cd039b37-a6ab-4027-98db-3538851189b8;418.5;0.0208;SELL
2016-04-05T00:19:33.893000;2016-04-05T00:19:34.123000;2838f01c-3fd2-4d6d-ac2f-965163108342;418.47;3.24;SELL
2016-04-05T00:19:33.893000;2016-04-05T00:19:34.140000;45a40a08-efb3-4f50-9542-9eaa56ae10a2;418.46;0.01;SELL
2016-04-05T00:19:33.893000;2016-04-05T00:19:34.140000;8be2739e-0523-426d-aaf7-7bef95731822;418.46;1.26;SELL
2016-04-05T00:19:33.893000;2016-04-05T00:19:34.140000;497d2d63-b9d2-4246-b19f-eb457172989e;418.45;0.01;SELL
2016-04-05T00:19:33.893000;2016-04-05T00:19:34.140000;311d387e-6772-4193-b2db-898318d42c60;418.41;1.8;SELL
2016-04-05T00:19:33.893000;2016-04-05T00:19:34.140000;738fd565-c5bc-48cb-8c79-758833b4b772;418.4;2.686;SELL
2016-04-05T00:19:33.893000;2016-04-05T00:19:34.140000;6d642f99-6a4f-477a-afdc-bca527c00b94;418.4;0.01;SELL
2016-04-05T00:19:33.897000;2016-04-05T00:19:34.140000;f3865a3b-7da7-493d-9835-1ddc84da2933;418.35;0.01;SELL
2016-04-05T00:19:33.897000;2016-04-05T00:19:34.140000;cbdb5740-578d-4159-924a-b14215fcd208;418.34;0.0296;SELL
2016-04-05T00:19:33.897000;2016-04-05T00:19:34.140000;cc6d55de-471c-4ee5-b8f6-3d7520a4832a;418.3;0.01;SELL
2016-04-05T00:19:33.897000;2016-04-05T00:19:34.140000;c87671ea-24c6-4385-b033-4ac909c48a2e;418.28;1.62;SELL
2016-04-05T00:19:33.897000;2016-04-05T00:19:34.140000;c830babe-1143-458d-98f4-162de02c49b7;418.27;0.01;SELL
2016-04-05T00:19:33.897000;2016-04-05T00:19:34.153000;8d961548-af0a-4238-a534-ec4697b1289d;418.26;1.44;SELL
2016-04-05T00:19:33.897000;2016-04-05T00:19:34.153000;e8318cfb-eb86-4c5e-ab2c-3fcecf24d250;418.25;3.8;SELL
2016-04-05T00:19:33.897000;2016-04-05T00:19:34.153000;ffada924-c6df-4e9b-8430-8eeafab53e87;418.25;0.01438374;SELL
2016-04-05T00:19:33.897000;2016-04-05T00:19:34.153000;e61fb089-2327-46aa-8a6d-6c95a15c0f0c;418.25;2.579;SELL
2016-04-05T00:19:33.897000;2016-04-05T00:19:34.153000;e17f77f1-986c-49ed-9907-620ac59c9487;418.19;0.153;SELL
2016-04-05T00:19:33.897000;2016-04-05T00:19:34.153000;fca8f752-e636-4559-8711-1536a46be376;418.17;0.2;SELL
2016-04-05T00:19:33.897000;2016-04-05T00:19:34.153000;076c57f3-360b-4af5-8c86-e6328a9bdbd9;418.16;0.2;SELL
2016-04-05T00:19:33.897000;2016-04-05T00:19:34.153000;386edafe-35f2-4004-9446-42535e093ad6;418.15;0.1;SELL
2016-04-05T00:19:33.897000;2016-04-05T00:19:34.170000;73e72436-79b4-42ee-9bdf-71fc0771d5b5;418.15;0.01;SELL
2016-04-05T00:19:33.897000;2016-04-05T00:19:34.170000;c29bb625-7d47-4f74-b280-8d87ce5344c7;418.11;0.02;SELL
2016-04-05T00:19:33.897000;2016-04-05T00:19:34.170000;30072cf1-4aaf-4482-8215-82fa0d396ba5;418.11;2.891;SELL
2016-04-05T00:19:33.897000;2016-04-05T00:19:34.203000;119190a9-24ea-4ad6-a0cf-ccc826d1c5be;418.1;1.0;SELL
2016-04-05T00:19:33.897000;2016-04-05T00:19:34.233000;7ebbe7c0-d805-492b-bd8d-456b2b5619ec;418.01;0.015;SELL
2016-04-05T00:19:33.897000;2016-04-05T00:19:34.233000;01d85a1c-0a35-49bc-819a-2513c507a7c7;418.01;0.31914626;SELL
2016-04-05T00:19:43.633000;2016-04-05T00:19:43.670000;11455269-79ae-4177-8151-dc866364548a;419.04;0.14;BUY
2016-04-05T00:19:43.633000;2016-04-05T00:19:43.670000;bbcfab23-e272-4bc2-be76-1848d968eee0;419.05;0.01;BUY
2016-04-05T00:19:43.633000;2016-04-05T00:19:43.670000;506cf9c9-ec7e-42fc-891d-22e0e6256cd0;419.05;0.01438374;BUY
2016-04-05T00:19:43.633000;2016-04-05T00:19:43.670000;20dd2acb-0d61-47f3-a7c2-ea2b1f8e2e4b;419.05;0.01;BUY
2016-04-05T00:19:43.633000;2016-04-05T00:19:43.780000;9b778c1a-f2dd-472c-94df-4b47f2b7962c;419.06;0.01;BUY
2016-04-05T00:19:43.633000;2016-04-05T00:19:43.827000;2ab10d9a-0ab3-4439-818a-8fce6bba5c36;419.07;0.01;BUY
2016-04-05T00:19:43.633000;2016-04-05T00:19:43.873000;21cdf7f4-5638-4e5f-af2f-41f4782822c2;419.07;0.1;BUY
2016-04-05T00:19:43.633000;2016-04-05T00:19:43.983000;a0202579-125f-4310-ba8b-35ad3e034c82;419.08;0.01;BUY
2016-04-05T00:19:43.633000;2016-04-05T00:19:44.030000;66972bb9-b214-48e5-8995-be3afceca7b3;419.08;0.19561626;BUY
2016-04-05T00:20:02.217000;2016-04-05T00:20:02.247000;2c3360e8-ca82-4a74-b513-6bae9ba3d59d;419.0;0.01;SELL
2016-04-05T00:20:02.217000;2016-04-05T00:20:02.247000;07ff2c3b-3233-4986-bff1-590a015fe055;419.0;0.05834;SELL
2016-04-05T00:20:19.853000;2016-04-05T00:20:19.873000;1ee8531f-ee72-4fe3-8b9c-f41f6d16a28e;419.01;0.27;BUY
2016-04-05T00:20:54.197000;2016-04-05T00:20:54.217000;1ced11a0-4a58-4ea4-b700-2904cecbffb3;419.01;0.05225;BUY
2016-04-05T00:21:02.230000;2016-04-05T00:21:02.327000;787e134f-d141-47f4-98bf-12fb5d5730d9;419.01;0.15464232;BUY
2016-04-05T00:21:02.230000;2016-04-05T00:21:02.327000;04f02499-1d77-4899-a773-3ea0e70a4c38;419.01;0.016;BUY
2016-04-05T00:21:02.230000;2016-04-05T00:21:02.357000;6ed27d28-a917-4ec1-8f05-2969edb30885;419.02;0.06456768;BUY
2016-04-05T00:21:32.850000;2016-04-05T00:21:32.873000;11fb7d4d-dcd9-40c5-9739-9401f57097ba;419.0;0.3;BUY
2016-04-05T00:21:32.850000;2016-04-05T00:21:32.890000;b3ce8423-2817-45d0-a9bc-24f74490ec17;419.0;0.9;BUY
2016-04-05T00:21:32.850000;2016-04-05T00:21:32.890000;478834a4-37c7-45ce-a47e-e83192624a60;419.01;0.2;BUY
2016-04-05T00:21:32.850000;2016-04-05T00:21:32.903000;c17b9798-49c2-4912-bdc6-c048d4a327c8;419.02;0.85107;BUY
2016-04-05T00:22:01.800000;2016-04-05T00:22:01.827000;0ac64eac-4462-4dc0-91be-56f9ef1e0f3d;419.01;0.016;BUY
2016-04-05T00:22:01.800000;2016-04-05T00:22:01.827000;d7a6e275-0aaa-40ce-aae0-da34ad081816;419.04;0.28884;BUY
2016-04-05T00:22:31.817000;2016-04-05T00:22:31.843000;9ca6b931-5e7d-439d-add2-fbe4d534010a;419.02;0.1003;BUY
2016-04-05T00:22:31.817000;2016-04-05T00:22:31.857000;a33239fa-2cf6-4192-93d9-a7a8d4dbbaca;419.02;1.08;BUY
2016-04-05T00:22:31.817000;2016-04-05T00:22:31.857000;b7cdec78-f6a9-4871-b32b-492fac66f518;419.03;0.152;BUY
2016-04-05T00:22:31.817000;2016-04-05T00:22:31.857000;73fea590-d0a7-4ed8-b3db-84f459222686;419.04;0.03297;BUY
2016-04-05T00:23:01.567000;2016-04-05T00:23:01.577000;ab60b7c4-6614-483a-8107-a87694cfa98b;419.02;0.016;BUY
2016-04-05T00:23:01.567000;2016-04-05T00:23:01.607000;c10955b1-f9e7-4d1c-a58b-24f580809449;419.03;0.51209;BUY
2016-04-05T00:23:31.687000;2016-04-05T00:23:31.703000;dd04d221-b8c7-48d7-a481-330386c4ae2f;419.03;0.12;BUY
2016-04-05T00:23:31.687000;2016-04-05T00:23:31.717000;5dd6d629-7432-47e8-a235-86b30e44c20f;419.03;0.34876;BUY
2016-04-05T00:24:03.623000;2016-04-05T00:24:03.640000;76c4ebad-9ac9-4714-b321-662ff69f5da6;419.01;0.01;SELL
2016-04-05T00:24:03.623000;2016-04-05T00:24:03.653000;4f0a5a9e-86ed-43b0-b606-3511a93e787d;419.01;0.101;SELL
2016-04-05T00:24:03.623000;2016-04-05T00:24:03.653000;cf1b24a0-f71a-446f-a12e-db53c2a83603;418.99;0.01;SELL
2016-04-05T00:24:03.623000;2016-04-05T00:24:03.653000;4d62678e-c6fc-4b4e-9942-88fa0905ea42;418.97;0.2;SELL
2016-04-05T00:24:03.623000;2016-04-05T00:24:03.687000;5147a0b3-ef12-4ca5-be7c-cf13a1fdd3a2;418.97;0.1;SELL
2016-04-05T00:24:03.623000;2016-04-05T00:24:03.687000;fffeb84c-1645-4af0-8150-ad885a335c18;418.96;0.103;SELL
2016-04-05T00:24:03.623000;2016-04-05T00:24:03.687000;a8742036-7527-404c-9aca-002d20d70a65;418.95;0.01;SELL
2016-04-05T00:24:03.623000;2016-04-05T00:24:03.687000;3be32eb3-ca69-4cad-9752-38ce8e9e506d;418.91;0.099;SELL
2016-04-05T00:24:03.623000;2016-04-05T00:24:03.687000;68b0086a-7698-41f3-8492-4c63ac19796f;418.9;0.01;SELL
2016-04-05T00:24:03.623000;2016-04-05T00:24:03.687000;e14c0a45-5426-4084-b190-9f363eea0bf5;418.88;0.01;SELL
2016-04-05T00:24:03.623000;2016-04-05T00:24:03.687000;69d9e205-dea5-44bf-a882-cbe4f95206ec;418.86;0.11;SELL
2016-04-05T00:24:03.623000;2016-04-05T00:24:03.687000;0a7e0589-1911-47fa-ad24-3b5ba1f31dd0;418.85;0.01;SELL
2016-04-05T00:24:03.623000;2016-04-05T00:24:03.687000;03ea05a6-306b-4c4f-9214-a6b7b5c18b0f;418.82;0.02;SELL
2016-04-05T00:24:03.623000;2016-04-05T00:24:03.700000;7e863b26-14d4-4d20-9b64-bfd637cf7ee6;418.82;0.016;SELL
2016-04-05T00:24:03.623000;2016-04-05T00:24:03.700000;f9f65cd9-9c55-4f87-8efd-d8d74cab3fbe;418.81;0.101;SELL
2016-04-05T00:24:03.627000;2016-04-05T00:24:03.700000;90736186-a790-4cea-afbd-20cc1dee33d6;418.8;0.01;SELL
2016-04-05T00:24:03.627000;2016-04-05T00:24:03.733000;4ed66bb6-b176-46b4-9cdb-28a714d6cac6;418.76;0.083;SELL
2016-04-05T00:24:03.627000;2016-04-05T00:24:03.733000;1c4ea320-1507-4c51-9b1a-3197b78a85db;418.75;0.01;SELL
2016-04-05T00:24:03.627000;2016-04-05T00:24:03.733000;f4092da5-4ec9-41ed-ad7b-9f8f93cbb766;418.71;0.085;SELL
2016-04-05T00:24:03.627000;2016-04-05T00:24:03.750000;0d24c594-d084-4a80-aae0-f47a2dc3bd66;418.71;0.1004;SELL
2016-04-05T00:24:03.627000;2016-04-05T00:24:03.763000;81a880d9-5c75-4f9d-8b50-0dd127c21d61;418.7;0.01;SELL
2016-04-05T00:24:03.627000;2016-04-05T00:24:03.763000;570716f6-b290-47cc-a918-1d58c2ba56d6;418.69;0.01;SELL
2016-04-05T00:24:03.627000;2016-04-05T00:24:03.763000;7b31a2df-57e6-40d7-9075-7b25bba9be31;418.66;0.097;SELL
2016-04-05T00:24:03.627000;2016-04-05T00:24:03.763000;0ac95109-e6ec-4281-901d-8ed486c02d5a;418.65;0.01;SELL
2016-04-05T00:24:03.627000;2016-04-05T00:24:03.763000;6f43ce93-4bb6-4151-a19a-eb6512e39667;418.65;0.016;SELL
2016-04-05T00:24:03.627000;2016-04-05T00:24:03.763000;4b78d5ee-6802-4497-aee5-d71c0c87dfa5;418.61;0.108;SELL
2016-04-05T00:24:03.627000;2016-04-05T00:24:03.763000;7d211efa-91bc-47f1-b8c4-3364aad0e3b1;418.6;0.01;SELL
2016-04-05T00:24:03.627000;2016-04-05T00:24:03.763000;0880595b-b51b-4178-a93e-ea8ea29d248b;418.56;0.109;SELL
2016-04-05T00:24:03.627000;2016-04-05T00:24:03.763000;1ade038a-e139-4786-9b8e-d3bcac6e4e65;418.55;0.01;SELL
2016-04-05T00:24:03.627000;2016-04-05T00:24:03.763000;8ff60b8d-fe9f-44ee-8d77-243aa3cd169e;418.55;0.01;SELL
2016-04-05T00:24:03.627000;2016-04-05T00:24:03.763000;b9f0ffe6-0a74-4d8c-b6aa-f9943b4c20d8;418.54;0.15721;SELL
2016-04-05T00:24:31.653000;2016-04-05T00:24:31.673000;2a515068-94a4-42b5-bec9-e9ecf3016488;418.99;0.08;BUY
2016-04-05T00:24:31.653000;2016-04-05T00:24:31.733000;36ed9ba6-94f8-44f4-9c41-aabef6c6a7df;418.99;0.1004;BUY
2016-04-05T00:24:31.653000;2016-04-05T00:24:31.733000;2041899d-a198-4a1f-9db6-a30d60388bb1;419.0;0.01;BUY
2016-04-05T00:24:31.653000;2016-04-05T00:24:31.733000;0823b437-de8d-431a-b5a9-00a06ff50075;419.0;0.18;BUY
2016-04-05T00:24:31.653000;2016-04-05T00:24:31.733000;a02e0e9b-d4df-4c8d-b76c-a04bc936fce0;419.01;0.01;BUY
2016-04-05T00:24:31.653000;2016-04-05T00:24:31.733000;626e1c56-45f3-4992-820e-1a864d1f1397;419.01;0.27318;BUY
2016-04-05T00:25:04.050000;2016-04-05T00:25:04.077000;9346dccd-4ace-4ee5-ad31-70756c637efb;418.96;0.1;SELL
2016-04-05T00:25:04.050000;2016-04-05T00:25:04.077000;61870cc0-e008-4d0e-810a-6e4047d74c3a;418.96;0.119;SELL
2016-04-05T00:25:04.050000;2016-04-05T00:25:04.107000;44fd9f1f-1a1e-4600-a33d-6005c0356c9a;418.95;0.01;SELL
2016-04-05T00:25:04.050000;2016-04-05T00:25:04.107000;ae3e8c94-800b-406c-87f0-80c00ba760ed;418.91;0.01;SELL
2016-04-05T00:25:04.050000;2016-04-05T00:25:04.107000;83c99417-806b-4e38-affa-56686708cdee;418.91;0.073;SELL
2016-04-05T00:25:04.050000;2016-04-05T00:25:04.107000;03850fac-0d75-4f1d-b374-ab5fb7b8d170;418.9;0.01;SELL
2016-04-05T00:25:04.050000;2016-04-05T00:25:04.107000;b344a357-f08c-4346-a367-210411963957;418.86;0.089;SELL
2016-04-05T00:25:04.050000;2016-04-05T00:25:04.107000;df7b1de8-77ab-430a-8d9a-94403c51b0d0;418.85;0.01;SELL
2016-04-05T00:25:04.050000;2016-04-05T00:25:04.107000;9e53c574-6609-496f-9a60-6dd5cffe2d7e;418.82;0.02;SELL
2016-04-05T00:25:04.050000;2016-04-05T00:25:04.107000;2f8dc8be-c149-4574-8957-0fc60e2c6567;418.81;0.115;SELL
2016-04-05T00:25:04.050000;2016-04-05T00:25:04.107000;a2c4f89c-4d39-452d-a071-0ae9995c9952;418.8;0.01;SELL
2016-04-05T00:25:04.050000;2016-04-05T00:25:04.107000;691666d2-d7ea-49dd-b034-5d444b731d49;418.75;0.01;SELL
2016-04-05T00:25:04.053000;2016-04-05T00:25:04.123000;ddad12fa-56b0-40fb-97c2-75b78fac76e5;418.73;0.089;SELL
2016-04-05T00:25:04.053000;2016-04-05T00:25:04.123000;112a40a8-56bd-4bc4-9b06-83508dbbfbd2;418.72;0.0176;SELL
2016-04-05T00:25:04.053000;2016-04-05T00:25:04.123000;632d1ed7-ba77-4319-bbc5-cd62ab877084;418.7;0.01;SELL
2016-04-05T00:25:04.053000;2016-04-05T00:25:04.123000;4263a0b5-8bbb-4c1a-90c7-e00555e92415;418.69;0.01;SELL
2016-04-05T00:25:04.053000;2016-04-05T00:25:04.140000;88fedb57-56fd-41c0-a73a-f9aa290521f5;418.68;0.081;SELL
2016-04-05T00:25:04.053000;2016-04-05T00:25:04.140000;fd698307-fe25-4c9b-8063-9a0ea4ff2ff6;418.65;0.01;SELL
2016-04-05T00:25:04.053000;2016-04-05T00:25:04.140000;6f22b4a7-aefc-443f-8890-33eb9c84c05c;418.63;0.089;SELL
2016-04-05T00:25:04.053000;2016-04-05T00:25:04.140000;4781cc99-7dd5-402f-92e2-0bec27b5c794;418.63;0.1006;SELL
2016-04-05T00:25:04.053000;2016-04-05T00:25:04.140000;bf4aaa3b-4f6f-41ca-8450-a6f6550d5e94;418.6;0.01;SELL
2016-04-05T00:25:04.053000;2016-04-05T00:25:04.170000;23c41585-bd0a-4317-b478-0204e3a105ae;418.56;0.97476;SELL
2016-04-05T00:25:31.560000;2016-04-05T00:25:31.577000;46fa5a77-82bb-4717-977d-0490f8a3bd2e;418.9;0.06;BUY
2016-04-05T00:25:31.560000;2016-04-05T00:25:31.577000;79741e0f-4c46-435a-981f-68a25d239a75;418.9;0.1006;BUY
2016-04-05T00:25:31.560000;2016-04-05T00:25:31.577000;9bf4e010-1b68-4490-a794-402821bd9626;418.91;0.01;BUY
2016-04-05T00:25:31.560000;2016-04-05T00:25:31.607000;bbaefaec-19db-4fb8-8361-c5db70a449a1;418.92;0.01;BUY
2016-04-05T00:25:31.560000;2016-04-05T00:25:31.607000;a5b0a4d4-e6a1-4ca4-9110-c49373dc7e57;418.93;0.01;BUY
2016-04-05T00:25:31.560000;2016-04-05T00:25:31.607000;08e32c5a-99e3-495e-b98d-524254434cb8;418.93;0.1;BUY
2016-04-05T00:25:31.560000;2016-04-05T00:25:31.607000;34f25b42-abc9-43fb-9836-404d773463df;418.94;0.01;BUY
2016-04-05T00:25:31.560000;2016-04-05T00:25:31.607000;611d7d52-345e-407b-8f99-85d43ea494cb;418.95;0.01;BUY
2016-04-05T00:25:31.560000;2016-04-05T00:25:31.607000;63968367-242e-47dc-9d55-7948445ef4df;418.95;0.01;BUY
2016-04-05T00:25:31.560000;2016-04-05T00:25:31.623000;b8ea4fa1-74c2-42dc-b98f-e245575e5aa2;418.96;0.54;BUY
2016-04-05T00:25:31.560000;2016-04-05T00:25:31.623000;e0f2a2cd-b91c-4294-988e-a9c645f30cff;418.96;0.36;BUY
2016-04-05T00:25:31.560000;2016-04-05T00:25:31.623000;4d8c839e-9650-4c76-9315-9520872da218;418.97;0.01;BUY
2016-04-05T00:25:31.560000;2016-04-05T00:25:31.623000;651b1749-2bb5-4865-be53-5b9d1f63d4e6;418.97;0.36;BUY
2016-04-05T00:25:31.560000;2016-04-05T00:25:31.623000;1ad4ee11-9584-46f2-8a27-c1ff0ec13600;418.98;0.29;BUY
2016-04-05T00:25:31.560000;2016-04-05T00:25:31.623000;8bc4afb6-12fa-4cc1-b142-5eb0eb743965;418.99;0.01;BUY
2016-04-05T00:25:31.563000;2016-04-05T00:25:31.640000;7261e2c4-149a-4c66-9c97-c0baac2af01f;418.99;0.36;BUY
2016-04-05T00:25:31.563000;2016-04-05T00:25:31.640000;ce7dd122-bdab-4a69-98fc-b2fc5dac060e;419.0;0.01;BUY
2016-04-05T00:25:31.563000;2016-04-05T00:25:31.640000;c2dfedda-1c7d-4d9f-8cc1-aa4505b8939d;419.01;1.26;BUY
2016-04-05T00:25:31.563000;2016-04-05T00:25:31.640000;16f19739-2b01-4160-803e-15873e90c19b;419.01;0.9;BUY
2016-04-05T00:25:31.563000;2016-04-05T00:25:31.640000;91aeaa44-ef3d-41ba-94ba-5baa17a98f28;419.01;0.72;BUY
2016-04-05T00:25:31.563000;2016-04-05T00:25:31.640000;7cfd2a4e-e416-47b9-9dc8-3d2768096427;419.02;0.01;BUY
2016-04-05T00:25:31.563000;2016-04-05T00:25:31.640000;f955bfd0-0281-48e5-b53e-eb181b410d85;419.02;0.01;BUY
2016-04-05T00:25:31.563000;2016-04-05T00:25:31.640000;cd10ac41-ef3d-4c14-bd31-510f9a3221d2;419.02;0.40122;BUY
2016-04-05T00:25:37.287000;2016-04-05T00:25:37.310000;792ba1f7-9b16-4032-ac73-58853925276f;418.92;0.0174;BUY
2016-04-05T00:25:37.287000;2016-04-05T00:25:37.310000;04871196-5834-43a0-80ee-a1352d732b7b;418.94;0.0026;BUY
2016-04-05T00:26:01.553000;2016-04-05T00:26:01.577000;5decfbe9-46da-4930-a003-071400e44c5a;419.0;0.015;BUY
2016-04-05T00:26:01.553000;2016-04-05T00:26:01.577000;0bb9b44e-b4f5-49b5-9b60-379bb5885910;419.01;0.076;BUY
2016-04-05T00:26:07.017000;2016-04-05T00:26:07.030000;f15d9468-f3b8-4118-bde9-f19b6354ac79;419.02;0.18;BUY
2016-04-05T00:26:07.017000;2016-04-05T00:26:07.047000;901b30e3-8384-4fcc-ad82-ffb672a1b194;419.03;0.016;BUY
2016-04-05T00:26:07.017000;2016-04-05T00:26:07.047000;84c002bf-8bf0-481a-bd0f-c1ce53e71478;419.04;0.04000736;BUY
2016-04-05T00:26:24.533000;2016-04-05T00:26:24.577000;f83d81bc-2f5e-48fd-ac62-23a110b78b8c;418.97;0.02;BUY
2016-04-05T00:27:01.693000;2016-04-05T00:27:01.737000;85c7b9c5-7428-4dcc-9a42-245de8719a07;418.95;0.105;SELL
2016-04-05T00:27:01.693000;2016-04-05T00:27:01.767000;65e3da49-0177-4226-8074-e575992deee1;418.95;0.01;SELL
2016-04-05T00:27:01.693000;2016-04-05T00:27:01.767000;db078b73-41fc-4c6d-bcf4-e545fe1ef7f0;418.92;0.1;SELL
2016-04-05T00:27:01.693000;2016-04-05T00:27:01.767000;522b5ae6-51c6-4b8c-820f-60baf1d553ec;418.9;0.01;SELL
2016-04-05T00:27:01.693000;2016-04-05T00:27:01.767000;b03a9f8e-de0b-498d-9020-b21fe804c57a;418.9;0.127;SELL
2016-04-05T00:27:01.697000;2016-04-05T00:27:01.767000;1c45462a-7c87-4996-96a6-3ff5d8ca379a;418.85;0.01;SELL
2016-04-05T00:27:01.697000;2016-04-05T00:27:01.767000;dceda339-8b4c-4c90-a129-30ac29d64b47;418.85;0.112;SELL
2016-04-05T00:27:01.697000;2016-04-05T00:27:01.780000;227384d8-8c9d-4820-bee6-027c58d24443;418.8;0.01;SELL
2016-04-05T00:27:01.697000;2016-04-05T00:27:01.780000;23411b8b-f533-47d0-b0ce-54b68f17944e;418.8;0.01;SELL
2016-04-05T00:27:01.697000;2016-04-05T00:27:01.780000;06a58944-be81-4e31-87fc-8b3c6ef452c9;418.8;0.128;SELL
2016-04-05T00:27:01.697000;2016-04-05T00:27:01.780000;04d6b79c-30e9-4b29-9088-fd5848583a38;418.78;0.01;SELL
2016-04-05T00:27:01.697000;2016-04-05T00:27:01.843000;5301f03f-d279-436b-8a60-26da4fcae861;418.75;0.01;SELL
2016-04-05T00:27:01.697000;2016-04-05T00:27:01.843000;83e94ab1-9dcb-4e1d-a0b2-15785af431a3;418.75;0.126;SELL
2016-04-05T00:27:01.697000;2016-04-05T00:27:01.843000;ecc757be-8e89-4378-997b-e42231e52f9e;418.74;0.01;SELL
2016-04-05T00:27:01.697000;2016-04-05T00:27:01.843000;89a7fdb3-36fd-49dc-bc2b-f5b559e64661;418.74;0.01;SELL
2016-04-05T00:27:01.697000;2016-04-05T00:27:01.843000;c8364ffe-a3d4-4719-94d9-c04d275013de;418.73;0.016;SELL
2016-04-05T00:27:01.697000;2016-04-05T00:27:01.843000;f9cfe8ab-daa6-48ab-9962-138484211f1b;418.72;0.01;SELL
2016-04-05T00:27:01.697000;2016-04-05T00:27:01.843000;965b05a2-cc04-4ee4-8807-43d91651dfe4;418.71;0.01;SELL
2016-04-05T00:27:01.697000;2016-04-05T00:27:01.843000;0fbd11b5-0eb8-49ff-adc2-c8846230f61e;418.7;0.01;SELL
2016-04-05T00:27:01.697000;2016-04-05T00:27:01.843000;dcc91557-01d2-44d6-85f1-20eb99c83c53;418.7;0.1;SELL
2016-04-05T00:27:01.697000;2016-04-05T00:27:01.843000;660a6181-ec1b-4fee-8357-5b1bf699a623;418.65;0.01;SELL
2016-04-05T00:27:01.697000;2016-04-05T00:27:01.843000;fcba6c25-68c3-406a-a33b-06df5092eea5;418.65;0.129;SELL
2016-04-05T00:27:01.697000;2016-04-05T00:27:01.843000;0a0cc6ef-79f9-4b7d-acfc-67f878697bce;418.64;0.11567;SELL
2016-04-05T00:27:31.497000;2016-04-05T00:27:31.530000;0edc3c45-1c49-4bb1-9fd0-a3f08d65d89f;418.9;0.05;BUY
2016-04-05T00:27:31.497000;2016-04-05T00:27:31.547000;758c1dbc-0c79-46c5-8023-9ab5381ada6e;418.91;0.36;BUY
2016-04-05T00:27:31.497000;2016-04-05T00:27:31.547000;4d5835ec-93f3-4057-b6fe-b5d38a8619a3;418.92;0.01;BUY
2016-04-05T00:27:31.497000;2016-04-05T00:27:31.610000;4f2aae95-dda2-455e-ab93-9abce467f61a;418.92;0.09492;BUY
2016-04-05T00:28:01.697000;2016-04-05T00:28:01.890000;a7651998-c9a2-46d1-a3af-64342f582d62;418.89;0.762;BUY
2016-04-05T00:28:01.697000;2016-04-05T00:28:01.907000;f65fa2fd-b3e0-4b30-8a70-3a0395eb77d0;418.9;3.24;BUY
2016-04-05T00:28:01.700000;2016-04-05T00:28:01.907000;f1905105-d7eb-4a79-9a17-638382a394c8;418.9;2.34;BUY
2016-04-05T00:28:01.700000;2016-04-05T00:28:01.907000;05e4ea1d-1912-4b16-844a-5d4cf7884aa9;418.9;0.74781;BUY
2016-04-05T00:28:31.673000;2016-04-05T00:28:31.703000;bf2c9081-b1db-4134-bd33-34b66c3d96d5;418.89;0.38663;BUY
2016-04-05T00:29:02.583000;2016-04-05T00:29:02.623000;231f8186-74b6-4eb4-98b2-471ecf2db26d;418.89;0.0176;BUY
2016-04-05T00:29:02.583000;2016-04-05T00:29:02.623000;434abb4c-592f-4998-a733-77a674e810eb;418.9;0.0259;BUY
2016-04-05T00:29:02.583000;2016-04-05T00:29:02.623000;5a76ff99-28d8-412c-a60b-1bd7602bc69c;418.92;0.25216;BUY
2016-04-05T00:30:05.763000;2016-04-05T00:30:05.813000;67fa9f55-4d8e-419d-b347-dfae85e2019f;418.93;0.01;BUY
2016-04-05T00:30:05.763000;2016-04-05T00:30:05.813000;e833fcc8-2927-4b41-a41a-63a22925705e;418.93;0.016;BUY
2016-04-05T00:30:05.763000;2016-04-05T00:30:05.813000;b900bb25-d923-4f18-86c9-7bf40fa1a861;418.95;0.01;BUY
2016-04-05T00:30:05.763000;2016-04-05T00:30:05.813000;da8bc6dc-00fe-4f45-a073-2e448b229b32;418.95;0.01;BUY
2016-04-05T00:30:05.763000;2016-04-05T00:30:05.827000;794d7bf3-a710-44d1-a349-5a7482df4229;418.97;0.01;BUY
2016-04-05T00:30:05.763000;2016-04-05T00:30:05.827000;fc6d95c7-04c5-4b1b-b720-4e8f68a99ef4;418.98;0.113;BUY
2016-04-05T00:30:05.763000;2016-04-05T00:30:05.827000;4711de41-fea6-4263-b9f2-e5d7bd5e76fa;418.99;0.72;BUY
2016-04-05T00:30:05.763000;2016-04-05T00:30:05.827000;97c2abbd-a0ae-4982-b823-d268d9b062aa;419.0;0.01;BUY
2016-04-05T00:30:05.763000;2016-04-05T00:30:05.827000;1dacdacd-cc49-40b7-a43f-a7dbd1b07ba6;419.0;0.01;BUY
2016-04-05T00:30:05.763000;2016-04-05T00:30:05.827000;12f688c2-c7a5-4847-8f1e-6454ba5bec5e;419.02;0.6389;BUY
2016-04-05T00:30:32.277000;2016-04-05T00:30:32.327000;1b312a96-a092-4517-a50b-5ab0c34a81a5;418.9;0.01;SELL
2016-04-05T00:30:32.277000;2016-04-05T00:30:32.327000;e21f1e4b-b253-4ef5-8e52-14de8469270c;418.89;0.16;SELL
2016-04-05T00:30:32.277000;2016-04-05T00:30:32.327000;def3696f-a3be-42c7-8014-2f0bb11f155a;418.89;0.1;SELL
2016-04-05T00:30:32.277000;2016-04-05T00:30:32.327000;d8a78254-a02f-4022-ae16-9ba1bdfa42a8;418.86;0.115;SELL
2016-04-05T00:30:32.277000;2016-04-05T00:30:32.327000;221d4fa9-3f4a-4179-b6ee-2fc5372d3ac4;418.86;0.1;SELL
2016-04-05T00:30:32.277000;2016-04-05T00:30:32.343000;08343f37-d2fc-4655-9e78-cc2916a84efe;418.85;0.01;SELL
2016-04-05T00:30:32.280000;2016-04-05T00:30:32.343000;466cf9a6-0497-438a-9990-b9fdac293fba;418.85;0.093;SELL
2016-04-05T00:30:32.280000;2016-04-05T00:30:32.343000;27eea93f-b193-4487-a009-1c95acec87c7;418.82;0.01;SELL
2016-04-05T00:30:32.280000;2016-04-05T00:30:32.343000;a27a3dce-b9ab-4602-9b40-a59148fc92ef;418.8;0.01;SELL
2016-04-05T00:30:32.280000;2016-04-05T00:30:32.343000;2445523a-5de3-4d43-821f-ad7f5f1561ac;418.8;0.01;SELL
2016-04-05T00:30:32.280000;2016-04-05T00:30:32.380000;ae9e9754-8110-4a66-bbae-6fb4574d5048;418.8;0.2;SELL
2016-04-05T00:30:32.280000;2016-04-05T00:30:32.380000;d3c06dd3-d2c3-410d-85a1-406b8586cbbd;418.77;0.01;SELL
2016-04-05T00:30:32.280000;2016-04-05T00:30:32.380000;068de670-d857-4fa3-9ac7-86416b72aa52;418.75;0.01;SELL
2016-04-05T00:30:32.280000;2016-04-05T00:30:32.380000;79d9e7d9-1114-457f-a397-5ef4fd9bd586;418.75;0.2;SELL
2016-04-05T00:30:32.280000;2016-04-05T00:30:32.380000;557e94b6-d210-4b6b-8c4d-43bdaf7b2942;418.74;0.129;SELL
2016-04-05T00:30:32.280000;2016-04-05T00:30:32.380000;fcc6fcb1-0a38-43a2-9fe1-d136de7b28de;418.72;0.01;SELL
2016-04-05T00:30:32.280000;2016-04-05T00:30:32.380000;d554ddfa-963b-4014-ad9b-b2d407ead21d;418.7;0.01;SELL
2016-04-05T00:30:32.280000;2016-04-05T00:30:32.390000;2afb9c5e-9e0d-4376-b9c4-4658c0a49144;418.7;0.2;SELL
2016-04-05T00:30:32.280000;2016-04-05T00:30:32.390000;6f08d123-f1a5-4bcc-bd3d-000707862b1a;418.69;0.085;SELL
2016-04-05T00:30:32.283000;2016-04-05T00:30:32.390000;b275aef4-757f-4c2f-ae2c-11555508fd09;418.65;0.01;SELL
2016-04-05T00:30:32.283000;2016-04-05T00:30:32.390000;a6d0f5d8-0b20-47c4-9498-69eadc2881de;418.65;0.02;SELL
2016-04-05T00:30:32.283000;2016-04-05T00:30:32.390000;5a4cca73-1241-4204-9827-d08af5f5d957;418.64;0.08433;SELL
2016-04-05T00:30:32.283000;2016-04-05T00:30:32.423000;ed0942c5-973e-4a84-b3e6-a3e3b9f7f3eb;418.63;0.10075;SELL
2016-04-05T00:30:32.283000;2016-04-05T00:30:32.423000;f470495d-4693-4a70-845b-8656b62fdd40;418.61;0.087;SELL
2016-04-05T00:30:32.283000;2016-04-05T00:30:32.423000;1cf5e6c4-36f2-45a3-b896-8b989e0c36e7;418.61;0.2;SELL
2016-04-05T00:30:32.283000;2016-04-05T00:30:32.423000;d8141c0e-ae59-4908-bcd6-ddf6434c2175;418.6;0.01;SELL
2016-04-05T00:30:32.283000;2016-04-05T00:30:32.423000;ac89443e-967e-4cca-99f7-e4683151bdae;418.6;0.2;SELL
2016-04-05T00:30:32.283000;2016-04-05T00:30:32.423000;3e23793a-ad6f-488d-9c29-547e94bfa471;418.6;0.36;SELL
2016-04-05T00:30:32.283000;2016-04-05T00:30:32.437000;3bb8e187-bd3b-46a3-a2f3-4ab6b2585b09;418.59;0.01;SELL
2016-04-05T00:30:32.283000;2016-04-05T00:30:32.437000;c6964ba0-9bc6-4ed8-b3a3-fdefeed6eb10;418.59;0.18;SELL
2016-04-05T00:30:32.283000;2016-04-05T00:30:32.437000;dd65c9dd-a38d-4173-a12d-b56fe593a4d1;418.58;4.33742;SELL
2016-04-05T00:31:07.120000;2016-04-05T00:31:07.160000;df7b5358-72ac-4920-b2eb-385ecd13fbc2;418.91;0.06;BUY
2016-04-05T00:31:07.120000;2016-04-05T00:31:07.160000;e6157c6f-3b9b-4603-8876-fb6674a02c44;418.91;0.016;BUY
2016-04-05T00:31:07.120000;2016-04-05T00:31:07.160000;852407cb-f0d0-4ce4-9361-f8a5cfd1187b;418.92;0.18;BUY
2016-04-05T00:31:07.120000;2016-04-05T00:31:07.160000;a19d3ea5-a2c7-49b0-a332-b4835bc55c33;418.93;0.01;BUY
2016-04-05T00:31:07.120000;2016-04-05T00:31:07.160000;b48daf62-a2ca-4595-ad0b-b039ff044760;418.93;0.18;BUY
2016-04-05T00:31:07.120000;2016-04-05T00:31:07.173000;80363433-c3ac-4918-bc34-b43822094147;418.94;0.26295;BUY
2016-04-05T00:31:31.667000;2016-04-05T00:31:31.703000;f5677338-5e17-47bf-8812-3152dfed9e26;418.95;0.01;BUY
2016-04-05T00:31:31.667000;2016-04-05T00:31:31.703000;b0bd1325-c3aa-4cd3-89d2-a88dcb3a9adb;418.96;0.01;BUY
2016-04-05T00:31:31.670000;2016-04-05T00:31:31.723000;540ea002-530a-45e9-b959-33e47b8260e2;418.97;0.06271;BUY
2016-04-05T00:31:32.397000;2016-04-05T00:31:32.437000;6cc29cbf-50d9-4bfd-b5ab-19e684230463;419.0;0.01;BUY
2016-04-05T00:31:32.397000;2016-04-05T00:31:32.437000;e62f6b6e-d585-41fb-81a7-b9c2c8207e00;419.02;0.01;BUY
2016-04-05T00:32:03.810000;2016-04-05T00:32:03.827000;7feea2fb-2c68-491d-9b3e-be5809e76b60;418.89;0.01;SELL
2016-04-05T00:32:03.810000;2016-04-05T00:32:03.860000;e20e2720-c7b0-46d4-9ecd-eddd72bab188;418.88;0.01;SELL
2016-04-05T00:32:03.810000;2016-04-05T00:32:03.860000;e3907c56-433b-410f-be4b-b86b0e28867b;418.88;0.1;SELL
2016-04-05T00:32:03.810000;2016-04-05T00:32:03.860000;db23bf3c-570d-4d9b-8e13-5a7052f2a5a3;418.87;0.01;SELL
2016-04-05T00:32:03.813000;2016-04-05T00:32:03.873000;87aa54ac-6c2b-4fc0-8eb9-abcf15eb5869;418.85;0.01;SELL
2016-04-05T00:32:03.813000;2016-04-05T00:32:03.873000;c3b08f25-66c6-42fc-8e17-4036e614a322;418.83;0.00168;SELL
2016-04-05T00:32:35.217000;2016-04-05T00:32:35.253000;a30488d1-310f-48e1-bbbd-ebc648edf899;418.87;0.01;SELL
2016-04-05T00:32:35.217000;2016-04-05T00:32:35.253000;f1beff97-8bf5-482f-8131-81db73a6c26b;418.86;0.01;SELL
2016-04-05T00:32:35.217000;2016-04-05T00:32:35.253000;72c38928-0047-4355-b20f-69512e057aa4;418.85;0.01;SELL
2016-04-05T00:32:35.217000;2016-04-05T00:32:35.253000;f667e1ac-a46d-485e-ab61-218d32f07f43;418.85;0.0115;SELL
2016-04-05T00:32:35.217000;2016-04-05T00:32:35.267000;18fd56f4-5839-49fe-bd89-52bac7025883;418.85;0.1;SELL
2016-04-05T00:32:35.217000;2016-04-05T00:32:35.267000;24fdf49a-086e-439f-95c7-4d3df4ce9ea7;418.84;0.01;SELL
2016-04-05T00:32:35.217000;2016-04-05T00:32:35.267000;31becc2f-0ee8-4ad8-b81c-a6e978a145a1;418.83;0.00832;SELL
2016-04-05T00:32:35.217000;2016-04-05T00:32:35.267000;60e8fe2b-ae9c-4b5d-a9eb-954492748002;418.8;0.01;SELL
2016-04-05T00:32:35.217000;2016-04-05T00:32:35.267000;d3114b3a-2b9b-463b-9165-42566ae10485;418.77;0.02;SELL
2016-04-05T00:32:35.217000;2016-04-05T00:32:35.297000;b1bb9b21-cd80-4c0c-9f8c-ed4f2b049602;418.75;0.01;SELL
2016-04-05T00:32:35.217000;2016-04-05T00:32:35.297000;c4d825ec-73cf-4fc3-a2b7-8682fd8605b1;418.74;0.01;SELL
2016-04-05T00:32:35.217000;2016-04-05T00:32:35.297000;402c152c-71db-464d-9c0f-564a48d72dd8;418.7;0.01;SELL
2016-04-05T00:32:35.217000;2016-04-05T00:32:35.297000;89699dc4-6593-4f8a-876b-f7c619b14593;418.67;0.05;SELL
2016-04-05T00:32:35.217000;2016-04-05T00:32:35.297000;a91dd05f-9266-4c0c-83a4-59a2f4d7e9ed;418.67;0.2;SELL
2016-04-05T00:32:35.217000;2016-04-05T00:32:35.313000;c82449b1-b01b-4bd8-8cac-4ae13dbb443b;418.66;0.02;SELL
2016-04-05T00:32:35.220000;2016-04-05T00:32:35.327000;6d3590d6-32a5-489d-93d9-9b63787a3080;418.66;0.016;SELL
2016-04-05T00:32:35.220000;2016-04-05T00:32:35.327000;f9d062ca-6137-48ac-9444-34dcf91ef20b;418.65;0.01;SELL
2016-04-05T00:32:35.220000;2016-04-05T00:32:35.327000;4767263c-d740-4763-b7fb-98cc4d251a24;418.61;0.01;SELL
2016-04-05T00:32:35.220000;2016-04-05T00:32:35.327000;1cc28e06-ec49-4fb7-8025-21994619b354;418.61;0.2;SELL
2016-04-05T00:32:35.220000;2016-04-05T00:32:35.327000;2c4da25c-fcfd-46c9-9ef3-35581d3beab4;418.6;0.01;SELL
2016-04-05T00:32:35.220000;2016-04-05T00:32:35.327000;806314a5-745d-4105-a232-eef7596ed0ea;418.58;1.8;SELL
2016-04-05T00:32:35.220000;2016-04-05T00:32:35.327000;e2a03cfb-c72e-4d75-a4a6-a23a0a12acad;418.58;0.75727;SELL
2016-04-05T00:33:01.627000;2016-04-05T00:33:01.640000;0c2a4e0c-d544-4f93-8d3f-aebc74a04318;418.9;0.0185;SELL
2016-04-05T00:33:01.627000;2016-04-05T00:33:01.673000;6cc2d376-5f95-4b05-8be5-cbd0f3d5327f;418.88;0.01;SELL
2016-04-05T00:33:01.627000;2016-04-05T00:33:01.673000;6a60916f-f0dc-4fae-91db-f56663efbee8;418.85;0.01;SELL
2016-04-05T00:33:01.627000;2016-04-05T00:33:01.673000;f7d6bfb8-aeeb-4d90-a784-1fe4a94afaae;418.67;0.01;SELL
2016-04-05T00:33:01.627000;2016-04-05T00:33:01.673000;99bef1d7-cd38-45ba-aabe-a59a582be6c6;418.66;0.01;SELL
2016-04-05T00:33:01.627000;2016-04-05T00:33:01.750000;9475ef19-d408-4eb2-bd4a-e0e9f3c68912;418.66;0.02;SELL
2016-04-05T00:33:01.627000;2016-04-05T00:33:01.750000;4af48c9d-1793-446a-9304-25072d52ee11;418.57;0.08508;SELL
2016-04-05T00:33:31.580000;2016-04-05T00:33:31.610000;93e5febd-d5cf-49ef-9772-aa27e68baa29;418.8;0.0183;SELL
2016-04-05T00:33:31.583000;2016-04-05T00:33:31.623000;8107ff0c-5a36-4eb9-ad17-6d096f540def;418.8;0.0197;SELL
2016-04-05T00:33:31.583000;2016-04-05T00:33:31.623000;21f362b8-9d9f-4daa-97a1-abe790a55e61;418.8;0.0214;SELL
2016-04-05T00:33:31.583000;2016-04-05T00:33:31.623000;cc55ee7f-4fca-4677-bb31-6c5a711f05b8;418.8;0.0223;SELL
2016-04-05T00:33:31.583000;2016-04-05T00:33:31.623000;9c3892fa-e217-4b74-802d-7bea84bccfcd;418.8;0.0222;SELL
2016-04-05T00:33:31.583000;2016-04-05T00:33:31.720000;a0304888-f339-4718-81ad-4d0703d40365;418.79;0.0188;SELL
2016-04-05T00:33:31.583000;2016-04-05T00:33:31.720000;fa235636-9fa4-447b-92d1-0348ea70b49e;418.77;0.0182;SELL
2016-04-05T00:33:31.583000;2016-04-05T00:33:31.720000;b50f1268-42f3-426a-a401-a3f70f71190c;418.75;0.0166;SELL
2016-04-05T00:33:31.583000;2016-04-05T00:33:31.720000;7e1e8b24-7caa-45d6-b096-0f848ffef9e5;418.73;0.01;SELL
2016-04-05T00:33:31.583000;2016-04-05T00:33:31.720000;2a1a8a46-0f75-447e-9502-83188ccd25b5;418.72;0.0173;SELL
2016-04-05T00:33:31.583000;2016-04-05T00:33:31.720000;44e456cf-2cc5-4d01-bb4b-6e26f0415402;418.71;0.01;SELL
2016-04-05T00:33:31.583000;2016-04-05T00:33:31.720000;d249e716-5674-413f-a9a5-4c74090dea12;418.7;0.01;SELL
2016-04-05T00:33:31.583000;2016-04-05T00:33:31.720000;35c8e3e6-ebdd-4598-959e-6dd6e6884c25;418.69;0.0179;SELL
2016-04-05T00:33:31.583000;2016-04-05T00:33:31.720000;afc677ec-7c84-4c45-b2aa-c70bdcc333c9;418.67;0.01;SELL
2016-04-05T00:33:31.583000;2016-04-05T00:33:31.720000;4ea82bb3-7714-427f-bafe-c74a75bce063;418.66;0.02;SELL
2016-04-05T00:33:31.583000;2016-04-05T00:33:31.720000;84013b23-fd28-4b98-91b8-7502fae84161;418.6;0.01;SELL
2016-04-05T00:33:31.583000;2016-04-05T00:33:31.720000;16846ffe-fbad-4785-aa73-cb231a6594fe;418.57;4.3269;SELL
2016-04-05T00:34:01.653000;2016-04-05T00:34:01.673000;526e39b1-a138-402c-bfbb-44497d74ffb9;418.77;0.03;BUY
2016-04-05T00:34:01.653000;2016-04-05T00:34:01.687000;0271e8ae-04bb-4abc-8313-1d1a81fe489d;418.77;0.023;BUY
2016-04-05T00:34:01.653000;2016-04-05T00:34:01.687000;f4f3ad62-19b5-43dd-b2c0-cbc5af334a54;418.78;0.9;BUY
2016-04-05T00:34:01.653000;2016-04-05T00:34:01.687000;f26f451d-918a-4f4e-9621-edcfaaf8c5c1;418.79;0.01;BUY
2016-04-05T00:34:01.653000;2016-04-05T00:34:01.687000;3cf311b3-aa14-4274-9473-1ddbdc7eedae;418.79;0.36;BUY
2016-04-05T00:34:01.653000;2016-04-05T00:34:01.737000;71830b6f-45ca-42e0-b981-bda7aa38fc2e;418.8;0.01;BUY
2016-04-05T00:34:01.653000;2016-04-05T00:34:01.737000;8bedeec0-0847-4b40-8011-01deeb417823;418.8;0.01;BUY
2016-04-05T00:34:01.653000;2016-04-05T00:34:01.737000;3c018737-2587-4847-aa9f-39cffb6d8b30;418.8;0.54;BUY
2016-04-05T00:34:01.653000;2016-04-05T00:34:01.737000;4a32b545-0d49-4590-a482-b1867325ec7c;418.81;0.1;BUY
2016-04-05T00:34:01.657000;2016-04-05T00:34:01.737000;32bcf863-9d19-4f2e-b6a3-79b5599f14fb;418.81;0.54;BUY
2016-04-05T00:34:01.657000;2016-04-05T00:34:01.750000;6acdd5e2-668b-4f62-9190-cce408019efc;418.82;0.01;BUY
2016-04-05T00:34:01.657000;2016-04-05T00:34:01.750000;ab8075b2-533f-4792-ac2b-d171441df8a0;418.83;0.9;BUY
2016-04-05T00:34:01.657000;2016-04-05T00:34:01.750000;65747e22-f77b-4233-9877-52862fc29d47;418.84;0.01;BUY
2016-04-05T00:34:01.657000;2016-04-05T00:34:01.750000;5eae18c8-abd8-43ac-a34e-667f8747cbff;418.84;0.54;BUY
2016-04-05T00:34:01.657000;2016-04-05T00:34:01.750000;976e1c15-da0d-4e82-a7e4-55794d826416;418.85;0.01;BUY
2016-04-05T00:34:01.657000;2016-04-05T00:34:01.750000;11f023d7-cfe3-4c43-969b-c3f4371a0b32;418.85;0.61479;BUY
2016-04-05T00:34:31.510000;2016-04-05T00:34:31.530000;c2f11691-ae47-4291-a996-164f84056cce;418.81;0.39245;BUY
2016-04-05T00:35:01.760000;2016-04-05T00:35:01.797000;cbf25fb6-be3f-49d4-a4d7-99ee5af8e7cd;418.82;0.01;BUY
2016-04-05T00:35:01.760000;2016-04-05T00:35:01.797000;f81cc2fd-3073-46fd-9524-d25f26eaef99;418.85;0.10819;BUY
2016-04-05T00:35:45.373000;2016-04-05T00:35:45.390000;65541777-03b9-47a6-9f95-0aa282c142f5;418.84;0.01;BUY
2016-04-05T00:35:45.373000;2016-04-05T00:35:45.407000;ad5aca19-c06d-408a-8d64-024a14ae0ca8;418.85;0.01;BUY
2016-04-05T00:35:45.373000;2016-04-05T00:35:45.407000;bec8e903-6065-4255-9db3-12eb99c4d898;418.85;0.045;BUY
2016-04-05T00:36:01.937000;2016-04-05T00:36:01.970000;aa78486e-6f4a-4261-b49e-6d74b27b71e3;418.86;0.016;BUY
2016-04-05T00:36:01.937000;2016-04-05T00:36:01.970000;f3c6779e-1f4f-414f-ac55-f9ac0d3e5422;418.87;0.01;BUY
2016-04-05T00:36:01.937000;2016-04-05T00:36:01.970000;d5a0ce7f-f77e-4dae-928d-6efe7b18be77;418.89;0.01;BUY
2016-04-05T00:36:01.937000;2016-04-05T00:36:01.970000;fc55670c-dac1-40dc-a6e8-e2feade12014;418.9;0.01;BUY
2016-04-05T00:36:01.940000;2016-04-05T00:36:01.970000;150c3a60-d721-4946-9cf0-845a8550b3a2;418.9;0.01;BUY
2016-04-05T00:36:01.940000;2016-04-05T00:36:01.983000;b069aebc-2a59-4619-9247-3fb1fe2a676f;418.91;0.04301;BUY
2016-04-05T00:36:12.280000;2016-04-05T00:36:12.297000;d0cebace-9fbd-4eae-9669-ad079daa1e6e;418.95;0.01;BUY
2016-04-05T00:36:12.280000;2016-04-05T00:36:12.297000;db6b51d2-ad9e-4722-9cea-b57cfafcf937;418.95;0.01;BUY
2016-04-05T00:36:31.697000;2016-04-05T00:36:31.720000;c313b878-bbaa-4724-8897-cf5fba0df79d;418.96;0.01;BUY
2016-04-05T00:36:31.697000;2016-04-05T00:36:31.720000;0d44b9dd-e693-49f8-a965-d70a52e833c3;418.96;0.016;BUY
2016-04-05T00:36:31.697000;2016-04-05T00:36:31.733000;c1f62de0-8c7f-4021-86ba-5ba0eeea6035;418.97;0.01;BUY
2016-04-05T00:36:31.697000;2016-04-05T00:36:31.733000;f22f95d2-a026-47a8-b97b-20b41cec433c;418.97;0.01;BUY
2016-04-05T00:36:31.697000;2016-04-05T00:36:31.767000;94a6ea88-cbf0-4bc7-a27a-0a56b94bf308;418.97;0.02016;BUY
2016-04-05T00:36:41.920000;2016-04-05T00:36:41.940000;9532df22-63f2-45c5-a678-73b601a3b484;418.96;0.018;SELL
2016-04-05T00:36:41.920000;2016-04-05T00:36:41.940000;c3e056e4-878f-495c-8bf7-b7814abedd69;418.96;0.0193;SELL
2016-04-05T00:36:54.903000;2016-04-05T00:36:54.923000;75dd6e60-f52f-48e8-a024-f6f674f0afa5;418.98;0.01;BUY
2016-04-05T00:36:54.903000;2016-04-05T00:36:54.923000;4c8c3fa8-78d3-40ea-a962-dffe11251304;418.99;0.01;BUY
2016-04-05T00:36:54.903000;2016-04-05T00:36:54.923000;fcf11e17-da98-4d21-8773-59f44e24a840;418.99;0.01;BUY
2016-04-05T00:37:01.963000;2016-04-05T00:37:02.000000;d4ebd04b-8003-445b-8f22-5497aee6bf36;418.96;0.01;BUY
2016-04-05T00:37:01.963000;2016-04-05T00:37:02.000000;1e794b53-ddf8-4dfc-8b2e-ae9a22dcaf2f;418.97;0.01;BUY
2016-04-05T00:37:01.963000;2016-04-05T00:37:02.000000;89164785-b97f-4ef8-8972-8010d2ae19e5;418.97;0.1;BUY
2016-04-05T00:37:01.963000;2016-04-05T00:37:02.000000;573fff37-012e-40d3-a382-a14e1a561f81;418.98;0.01;BUY
2016-04-05T00:37:01.963000;2016-04-05T00:37:02.017000;f64a9a7c-b577-4fe6-9c26-538521cbce46;418.99;0.07905;BUY
2016-04-05T00:37:32.030000;2016-04-05T00:37:32.047000;583acda9-0c79-4cca-bb50-a826f26ec05d;418.9;0.01;SELL
2016-04-05T00:37:32.030000;2016-04-05T00:37:32.063000;48331bba-5791-4aae-923e-c19aa906c1c2;418.89;0.01;SELL
2016-04-05T00:37:32.030000;2016-04-05T00:37:32.063000;4bb9bd4e-930d-46a0-bc07-7f3c4950904d;418.89;0.1;SELL
2016-04-05T00:37:32.030000;2016-04-05T00:37:32.063000;dc2aa937-9a03-4f3c-b402-6494f99647a8;418.88;0.01;SELL
2016-04-05T00:37:32.030000;2016-04-05T00:37:32.063000;3baa400b-fc07-484e-b8f5-4b1cf168560a;418.87;0.01;SELL
2016-04-05T00:37:32.030000;2016-04-05T00:37:32.063000;46f587c2-c801-4b5f-888b-a8375d9365dc;418.86;0.01;SELL
2016-04-05T00:37:32.030000;2016-04-05T00:37:32.077000;86242474-a139-496f-af72-402e8687b8aa;418.85;0.01;SELL
2016-04-05T00:37:32.033000;2016-04-05T00:37:32.077000;351d7daa-4ff6-4b2a-adda-9dd085dfa39e;418.82;0.01;SELL
2016-04-05T00:37:32.033000;2016-04-05T00:37:32.077000;53ddab3c-ee29-49a9-ae65-943303052cc9;418.8;0.01;SELL
2016-04-05T00:37:32.033000;2016-04-05T00:37:32.077000;ff39a8db-895b-4829-9963-4b4c7e43cfae;418.76;0.01;SELL
2016-04-05T00:37:32.033000;2016-04-05T00:37:32.077000;bd0ac599-7695-4181-935c-3b784854156b;418.75;0.01;SELL
2016-04-05T00:37:32.033000;2016-04-05T00:37:32.077000;c7e5b876-1b7d-4e2a-ad9a-844830ef1666;418.75;0.01;SELL
2016-04-05T00:37:32.033000;2016-04-05T00:37:32.110000;084e2c52-708e-44b0-bc78-2be2fb9798e1;418.75;0.016;SELL
2016-04-05T00:37:32.033000;2016-04-05T00:37:32.110000;74fd4c2a-e8a9-47d1-ae9d-66575dc935be;418.73;0.01;SELL
2016-04-05T00:37:32.033000;2016-04-05T00:37:32.110000;4bf9b306-3f82-4062-a140-ac573066f174;418.71;0.54;SELL
2016-04-05T00:37:32.033000;2016-04-05T00:37:32.110000;d558ab86-98f2-47a2-964c-5d57f86c5089;418.7;0.01;SELL
2016-04-05T00:37:32.033000;2016-04-05T00:37:32.110000;36b6512a-6200-4f36-b803-261f6e61edea;418.69;0.9;SELL
2016-04-05T00:37:32.033000;2016-04-05T00:37:32.127000;a0c5cfce-01ec-417d-9bcf-5cd26e735e7e;418.68;0.01;SELL
2016-04-05T00:37:32.033000;2016-04-05T00:37:32.127000;38a5656b-26f6-4579-bb28-53fe0ea66461;418.68;0.02;SELL
2016-04-05T00:37:32.033000;2016-04-05T00:37:32.127000;e04659d2-66e4-44a1-b7ec-dc8e074fb82f;418.68;0.8;SELL
2016-04-05T00:37:32.033000;2016-04-05T00:37:32.127000;a445d655-a5e7-4c71-b701-34d2235fbb0f;418.67;5.94332;SELL
2016-04-05T00:38:02.057000;2016-04-05T00:38:02.093000;d22f566b-46bc-476a-847c-8a7f63c79482;418.93;0.01;BUY
2016-04-05T00:38:02.057000;2016-04-05T00:38:02.093000;a03cd802-4489-4402-bbae-5e2dc67b5ddc;418.95;0.01;BUY
2016-04-05T00:38:02.057000;2016-04-05T00:38:02.093000;4e198986-52be-43a7-8ef9-4d342133f286;418.95;0.01;BUY
2016-04-05T00:38:02.057000;2016-04-05T00:38:02.127000;ee50f712-7307-4a7b-9800-0612440a5282;418.95;0.016;BUY
2016-04-05T00:38:02.057000;2016-04-05T00:38:02.127000;f4be9c07-89aa-4503-b3e2-baf29a27794d;418.95;0.1;BUY
2016-04-05T00:38:02.060000;2016-04-05T00:38:02.127000;e9626d57-f2cc-47de-b375-6eadbc843f60;418.96;0.01;BUY
2016-04-05T00:38:02.060000;2016-04-05T00:38:02.127000;0163d097-2927-4422-be69-2ee4e3741f16;418.96;0.00993;BUY
2016-04-05T00:38:31.797000;2016-04-05T00:38:31.813000;6059e805-fbc0-4d63-b4f3-f3b446f0016f;418.88;0.0188;BUY
2016-04-05T00:38:31.797000;2016-04-05T00:38:31.827000;0f3799e7-f5f6-40f9-926b-38a087039fdf;418.88;0.0289;BUY
2016-04-05T00:38:31.797000;2016-04-05T00:38:31.827000;d706527b-2ec8-4586-b1b5-1002f63f0d91;418.9;0.0187;BUY
2016-04-05T00:38:31.797000;2016-04-05T00:38:31.827000;63535662-5945-448c-a664-b7e8b178af1b;418.92;0.0283;BUY
2016-04-05T00:38:31.797000;2016-04-05T00:38:31.827000;3b3d9160-01a2-4a65-84e4-8392756fbed5;418.93;0.14;BUY
2016-04-05T00:38:31.797000;2016-04-05T00:38:31.827000;f90d3b8e-0e9b-4866-9e3a-2bac08e5c09c;418.94;0.1;BUY
2016-04-05T00:38:31.797000;2016-04-05T00:38:31.860000;61c159c9-7748-4e6c-8af4-136acbd50717;418.95;0.01;BUY
2016-04-05T00:38:31.797000;2016-04-05T00:38:31.860000;283c0d75-4e23-4d96-9aeb-05326685ef9e;418.96;0.01;BUY
2016-04-05T00:38:31.797000;2016-04-05T00:38:31.860000;9a88d6f4-c1fa-4c84-988b-921f03b71a4a;418.96;0.3;BUY
2016-04-05T00:38:31.797000;2016-04-05T00:38:31.860000;f3fdfea2-0bac-4f67-88e7-6b96e22cd235;418.97;0.01;BUY
2016-04-05T00:38:31.800000;2016-04-05T00:38:31.860000;f374ea84-26d5-49e4-acaf-c0105defbee7;418.97;0.18;BUY
2016-04-05T00:38:31.800000;2016-04-05T00:38:31.860000;1ba494be-df7f-48c1-8083-631995f4b9ba;418.97;0.36;BUY
2016-04-05T00:38:31.800000;2016-04-05T00:38:31.860000;27848401-9c4b-44e4-b651-c37e5e0899d9;418.97;0.18;BUY
2016-04-05T00:38:31.800000;2016-04-05T00:38:31.860000;fb535a7f-290a-47c1-88dc-299dbb43d8a4;418.97;0.10422;BUY
2016-04-05T00:39:01.183000;2016-04-05T00:39:01.203000;5c5b41ee-7592-4a9a-a7c5-ab49e10991f5;418.95;0.016;BUY
2016-04-05T00:39:01.183000;2016-04-05T00:39:01.203000;d06f876a-1c74-42e6-ab19-65672fc809f3;418.98;0.01;BUY
2016-04-05T00:39:01.187000;2016-04-05T00:39:01.203000;f2a25395-a733-4515-a8f2-2b0a52421c80;418.98;0.00861;BUY
2016-04-05T00:39:30.923000;2016-04-05T00:39:30.937000;ce2fea1a-5ba7-444e-8407-aa03f0d6305d;418.88;0.0254;BUY
2016-04-05T00:39:30.923000;2016-04-05T00:39:30.957000;ae72200f-d930-44d4-9a3a-895349f04a7f;418.88;0.0223;BUY
2016-04-05T00:39:30.923000;2016-04-05T00:39:30.957000;5b251ff3-8736-4329-a0c8-696c8eca2af3;418.88;0.105;BUY
2016-04-05T00:39:30.923000;2016-04-05T00:39:30.957000;bcae6633-1b61-4bb6-bcf6-89957a7ba6e1;418.88;0.0193;BUY
2016-04-05T00:39:30.923000;2016-04-05T00:39:30.970000;4ddd8dd2-3352-4968-a7ef-987d96b28f12;418.9;0.0237;BUY
2016-04-05T00:39:30.923000;2016-04-05T00:39:30.970000;54a6013a-7fee-4cc0-a58a-ad6ada49c7a4;418.91;0.18;BUY
2016-04-05T00:39:30.923000;2016-04-05T00:39:30.970000;38fcbec6-21d1-4707-a897-4071eb1c002d;418.92;0.0198;BUY
2016-04-05T00:39:30.923000;2016-04-05T00:39:30.970000;ae01dd68-70ca-453d-9527-a67442dc8c0f;418.93;0.19531;BUY
2016-04-05T00:39:45.583000;2016-04-05T00:39:45.593000;8c64ed4c-3db2-4b61-9744-c45c35cf200d;418.88;0.0295;BUY
2016-04-05T00:39:45.583000;2016-04-05T00:39:45.593000;030083cb-949f-473c-aabf-882e6cfd13b5;418.88;0.075;BUY
2016-04-05T00:39:45.583000;2016-04-05T00:39:45.610000;97eb47eb-58f8-45b3-83b5-eedca27462c0;418.88;0.0236;BUY
2016-04-05T00:39:45.583000;2016-04-05T00:39:45.610000;312cf8e0-6825-48f4-a5bc-beff01a70d6d;418.88;0.0214;BUY
2016-04-05T00:39:45.583000;2016-04-05T00:39:45.610000;f64f2754-36dd-44bb-b6e9-e812b217b9e3;418.88;0.1505;BUY
2016-04-05T00:39:45.620000;2016-04-05T00:39:45.643000;681c3be5-fcdd-454e-9103-7f07bae7a887;418.88;0.1895;BUY
2016-04-05T00:39:45.620000;2016-04-05T00:39:45.643000;15db0898-2871-4df3-ae51-7c782d1201bf;418.88;0.0263;BUY
2016-04-05T00:39:45.620000;2016-04-05T00:39:45.643000;351a66d8-8bf4-4207-bf9a-9396c70e7a7f;418.88;0.0298;BUY
2016-04-05T00:40:01.590000;2016-04-05T00:40:01.593000;552e4cb5-167e-46d3-a3ef-cead90727a9c;418.87;0.01;SELL
2016-04-05T00:40:01.590000;2016-04-05T00:40:01.627000;6b3ba2d4-a86f-4642-8b51-bf2bd8cefe77;418.86;0.01;SELL
2016-04-05T00:40:01.590000;2016-04-05T00:40:01.627000;61e821c9-76ab-4c7a-9ecd-6be08220c100;418.85;0.00671;SELL
2016-04-05T00:40:30.917000;2016-04-05T00:40:30.923000;870e86a2-70e0-4bb7-b61e-0c48df956d35;418.86;0.0419;BUY
2016-04-05T00:40:30.917000;2016-04-05T00:40:30.937000;5ac4e43f-25df-425f-9512-4ae39cac631a;418.86;0.0432;BUY
2016-04-05T00:40:30.917000;2016-04-05T00:40:30.937000;c4199737-034b-46fe-9b51-234da3b8eee7;418.86;0.116;BUY
2016-04-05T00:40:30.917000;2016-04-05T00:40:30.937000;f7d2385b-eb3b-4ad1-a010-b55c1a4ced1d;418.86;0.0343;BUY
2016-04-05T00:40:30.917000;2016-04-05T00:40:30.937000;e50f8d06-04e5-415a-803b-adde7bd93abb;418.86;0.0274;BUY
2016-04-05T00:40:30.917000;2016-04-05T00:40:30.937000;4e51fd28-9180-4c38-a773-272a0638b7e0;418.86;0.0305;BUY
2016-04-05T00:40:30.917000;2016-04-05T00:40:30.953000;f2fc2b0a-2cc0-4a4e-a0a3-1e861653bdb8;418.86;0.0237;BUY
2016-04-05T00:40:30.917000;2016-04-05T00:40:30.953000;d583466f-9870-4608-bb63-7c86edc56713;418.86;0.022;BUY
2016-04-05T00:40:30.917000;2016-04-05T00:40:30.953000;1bc00b69-77f6-4277-b543-80fb9fa301ab;418.86;0.72;BUY
2016-04-05T00:40:30.917000;2016-04-05T00:40:30.953000;3bcc7a57-800a-4652-abaf-b9e4ba853d7f;418.87;0.0492;BUY
2016-04-05T00:40:30.917000;2016-04-05T00:40:30.983000;b55a008b-4afd-4d17-b73f-302cdad56e95;418.87;0.54;BUY
2016-04-05T00:40:30.917000;2016-04-05T00:40:30.983000;abb9213a-c901-4ea3-8dda-1674e85c1e26;418.88;0.0439;BUY
2016-04-05T00:40:30.917000;2016-04-05T00:40:30.983000;a0149bb6-8cbf-4db4-8eec-80351ebcc187;418.91;1.82988;BUY
2016-04-05T00:41:01.177000;2016-04-05T00:41:01.187000;d7bc162d-14c6-4d4d-a2d8-8abe7a745c54;418.85;0.00329;SELL
2016-04-05T00:41:01.177000;2016-04-05T00:41:01.187000;ec14aa77-7a3b-4bc9-a06b-d4c780bab85d;418.84;0.01;SELL
2016-04-05T00:41:01.177000;2016-04-05T00:41:01.220000;053eb504-e5aa-43a6-81c6-1d45307fbf04;418.83;0.01;SELL
2016-04-05T00:41:01.177000;2016-04-05T00:41:01.220000;8e59690b-69d1-4f4e-ae4d-d6e0136e264f;418.83;0.1;SELL
2016-04-05T00:41:01.177000;2016-04-05T00:41:01.220000;69d3d850-db17-4b59-835d-00b7f78868b1;418.82;0.01;SELL
2016-04-05T00:41:01.177000;2016-04-05T00:41:01.220000;4c143e87-ca49-4ffe-9f47-90d6a5cb334d;418.82;0.01;SELL
2016-04-05T00:41:01.177000;2016-04-05T00:41:01.220000;4c29aba6-917f-4124-b3ad-d01e54703b42;418.81;0.01;SELL
2016-04-05T00:41:01.177000;2016-04-05T00:41:01.220000;06f72aa0-01a0-4ebd-a6c1-dab89c9a1375;418.81;0.16;SELL
2016-04-05T00:41:01.177000;2016-04-05T00:41:01.233000;5b08e9f0-f431-4955-9e32-70311f4ca82d;418.8;0.01;SELL
2016-04-05T00:41:01.177000;2016-04-05T00:41:01.233000;dcd65df1-d03a-4835-8681-1690b0efce8a;418.75;0.01;SELL
2016-04-05T00:41:01.180000;2016-04-05T00:41:01.233000;25ea736c-d790-4dd7-9dd2-027953b780ea;418.75;0.016;SELL
2016-04-05T00:41:01.180000;2016-04-05T00:41:01.233000;c93e81ad-5c5e-4278-896a-710061f3c9e4;418.7;0.01;SELL
2016-04-05T00:41:01.180000;2016-04-05T00:41:01.233000;9cb2f05d-42be-4258-8e1b-3862c240d804;418.7;0.01;SELL
2016-04-05T00:41:01.180000;2016-04-05T00:41:01.250000;442631f5-5357-45a0-bc0d-8622ca8e4060;418.7;0.02;SELL
2016-04-05T00:41:01.180000;2016-04-05T00:41:01.250000;46c2a553-7c5c-47d1-8242-86ae5ae1452c;418.69;0.2;SELL
2016-04-05T00:41:01.180000;2016-04-05T00:41:01.250000;4423f72a-14d0-4fa8-b1ff-94a4caf7ddf5;418.67;0.088;SELL
2016-04-05T00:41:01.180000;2016-04-05T00:41:01.250000;a373943c-68e6-4df2-ae0d-591fd62d507f;418.65;0.01;SELL
2016-04-05T00:41:01.180000;2016-04-05T00:41:01.250000;40ce1b90-2760-42fb-9135-23749a4ace62;418.6;0.01;SELL
2016-04-05T00:41:01.180000;2016-04-05T00:41:01.250000;c841ead3-6abb-4288-804b-68a7ea66a569;418.6;0.35;SELL
2016-04-05T00:41:01.180000;2016-04-05T00:41:01.280000;315cc6eb-5780-43f9-b9f5-1bab424db3f9;418.58;0.01;SELL
2016-04-05T00:41:01.180000;2016-04-05T00:41:01.280000;2bddf8d7-6c69-4ddc-b9c9-dd79ca7d421c;418.58;0.016;SELL
2016-04-05T00:41:01.180000;2016-04-05T00:41:01.280000;3f56ec77-f2a7-4ac9-9c7e-09a6f1a3e749;418.58;0.077;SELL
2016-04-05T00:41:01.180000;2016-04-05T00:41:01.280000;58fe9739-46bb-4090-8aff-29280ce91f86;418.55;0.01;SELL
2016-04-05T00:41:01.180000;2016-04-05T00:41:01.280000;a4d30e8a-21b4-4f33-98de-2d8f31d1f098;418.53;0.101;SELL
2016-04-05T00:41:01.180000;2016-04-05T00:41:01.280000;16c6b38e-df1f-4f50-bcdb-bc8ae5a6de57;418.52;0.01;SELL
2016-04-05T00:41:01.180000;2016-04-05T00:41:01.280000;209e9444-8eea-42c6-b15f-270fd310812f;418.5;0.01;SELL
2016-04-05T00:41:01.180000;2016-04-05T00:41:01.280000;c26f3fb0-a8d1-43f5-ad43-8e52fe57f60b;418.49;1.26;SELL
2016-04-05T00:41:01.180000;2016-04-05T00:41:01.280000;f0553b72-a8b0-41b8-bcf6-903ec6249792;418.49;0.9;SELL
2016-04-05T00:41:01.180000;2016-04-05T00:41:01.300000;e9179f1c-f953-48eb-ac9a-787d184c39cb;418.49;1.26;SELL
2016-04-05T00:41:01.180000;2016-04-05T00:41:01.300000;dbfe6f5b-1b18-4694-8ae4-5e5439a811fe;418.49;1.08;SELL
2016-04-05T00:41:01.180000;2016-04-05T00:41:01.300000;9bc34532-b848-4ce3-ab25-2479ff247e58;418.48;2.81327;SELL
2016-04-05T00:41:30.863000;2016-04-05T00:41:30.877000;7a8b1bf5-d390-4173-948c-2debd6d4a565;418.81;0.715;BUY
2016-04-05T00:41:30.863000;2016-04-05T00:41:30.890000;9df50539-1fe1-4ee9-b53d-cde6bbbb47e9;418.81;1.98;BUY
2016-04-05T00:41:30.863000;2016-04-05T00:41:30.890000;072d3723-b999-40aa-acde-313b754e7162;418.81;2.34;BUY
2016-04-05T00:41:30.863000;2016-04-05T00:41:30.890000;3ed6c624-6ba2-4702-97db-5dacd8a1e7c1;418.82;1.96337;BUY
2016-04-05T00:42:01.563000;2016-04-05T00:42:01.570000;a3defaa2-af9e-4d15-a220-71cd5bdd4044;418.77;0.01;SELL
2016-04-05T00:42:01.563000;2016-04-05T00:42:01.583000;dc4a0a2e-4020-4f39-883c-e7d96e7cacae;418.77;0.02;SELL
2016-04-05T00:42:01.563000;2016-04-05T00:42:01.583000;1d1e9f7a-e7a5-41ce-be6f-528045bd5eb7;418.76;0.01;SELL
2016-04-05T00:42:01.563000;2016-04-05T00:42:01.583000;2f4b86ed-d341-45a6-a0b3-ba2458e8a4f4;418.74;0.01;SELL
2016-04-05T00:42:01.563000;2016-04-05T00:42:01.583000;b9389381-1c61-4a07-98d8-ddb2f53d8d0c;418.74;0.1;SELL
2016-04-05T00:42:01.563000;2016-04-05T00:42:01.583000;0d3eb7bc-95c6-4042-826e-09337fbdb4ab;418.7;0.02;SELL
2016-04-05T00:42:01.563000;2016-04-05T00:42:01.680000;6d03fab7-edd0-4280-9815-f0a3364268b9;418.66;0.129;SELL
2016-04-05T00:42:01.563000;2016-04-05T00:42:01.680000;28f9b937-cc21-44d8-9ead-e1a7d133af5c;418.61;0.114;SELL
2016-04-05T00:42:01.563000;2016-04-05T00:42:01.680000;1296510c-f06e-4c25-abd3-23cd87593675;418.56;0.077;SELL
2016-04-05T00:42:01.563000;2016-04-05T00:42:01.680000;c2689757-1a75-4885-b33a-246fe87b45bd;418.51;0.072;SELL
2016-04-05T00:42:01.563000;2016-04-05T00:42:01.680000;b308f4d7-cc82-485a-b953-4e78cd902f9c;418.5;0.01;SELL
2016-04-05T00:42:01.563000;2016-04-05T00:42:01.680000;88f8ea16-df65-4934-bf9f-656c2c6f18c7;418.49;0.1525;SELL
2016-04-05T00:42:01.563000;2016-04-05T00:42:01.680000;eff258b3-ef00-462f-88f5-de84bae7c557;418.48;0.20727;SELL
2016-04-05T00:42:22.657000;2016-04-05T00:42:22.663000;e2b1076a-5e1a-4d13-b591-ced6c3bee629;418.78;0.01;BUY
2016-04-05T00:42:24.217000;2016-04-05T00:42:24.227000;3f83d9ea-2837-4de8-99ef-69e59ec75087;418.78;0.01717;BUY
2016-04-05T00:42:31.473000;2016-04-05T00:42:31.490000;dc22ff97-686c-49a7-adbf-5bfc921ff35f;418.78;0.117;BUY
2016-04-05T00:42:31.473000;2016-04-05T00:42:31.520000;10db965d-63a3-45b8-9d1e-250b55cf65aa;418.78;0.016;BUY
2016-04-05T00:42:31.473000;2016-04-05T00:42:31.520000;8ab9562f-9573-4179-92cf-7791db053017;418.8;0.35;BUY
2016-04-05T00:42:31.473000;2016-04-05T00:42:31.520000;000c8f01-3009-48fa-9717-427b3b1de47c;418.82;0.1;BUY
2016-04-05T00:42:31.473000;2016-04-05T00:42:31.520000;842de90a-d3d0-426b-b704-9a00eb7d7310;418.83;0.084;BUY
2016-04-05T00:42:31.473000;2016-04-05T00:42:31.570000;b3440959-47ea-45e8-afe7-200712174ed4;418.83;0.01283;BUY
2016-04-05T00:42:31.473000;2016-04-05T00:42:31.570000;4e347f2d-3b0b-4377-a017-42aaf80a82aa;418.85;0.01;BUY
2016-04-05T00:42:31.473000;2016-04-05T00:42:31.583000;af67765a-b157-4121-8108-f49822b5c4b6;418.86;0.01;BUY
2016-04-05T00:42:31.473000;2016-04-05T00:42:31.583000;42be4c0c-a634-498d-96db-0786c4b5ccbb;418.87;0.01;BUY
2016-04-05T00:42:31.473000;2016-04-05T00:42:31.583000;20796fcc-4980-4887-bfd0-fbc52a7e8c43;418.87;0.36;BUY
2016-04-05T00:42:31.473000;2016-04-05T00:42:31.583000;9c8b6e42-15ab-4deb-84b0-d4905df786d4;418.88;0.101;BUY
2016-04-05T00:42:31.473000;2016-04-05T00:42:31.583000;da7f755f-0623-494b-9d53-61206bde9b60;418.89;0.5399;BUY
2016-04-05T00:43:00.903000;2016-04-05T00:43:00.927000;6c14e3dd-18ea-4623-8be7-1ea27e14b1ed;418.87;0.18;BUY
2016-04-05T00:43:00.903000;2016-04-05T00:43:00.927000;20c06306-aa33-4aa8-a015-c517e9663695;418.88;0.23374;BUY
2016-04-05T00:44:01.537000;2016-04-05T00:44:01.540000;30c76a35-5b01-4f67-9fe5-5063eb43ea28;418.87;0.01;BUY
2016-04-05T00:44:01.537000;2016-04-05T00:44:01.583000;8d6f23d8-a7ed-437d-b9d9-52bd1b0f9255;418.87;0.1525;BUY
2016-04-05T00:44:01.540000;2016-04-05T00:44:01.583000;5d568160-cde5-407c-861b-17e62783f9b4;418.87;0.146;BUY
2016-04-05T00:44:01.540000;2016-04-05T00:44:01.583000;0c2502ef-36e2-4625-9ace-f377560e0d31;418.87;0.14;BUY
2016-04-05T00:44:01.540000;2016-04-05T00:44:01.583000;6519e732-1a51-408b-9435-4aea69e4830b;418.88;0.255502;BUY
2016-04-05T00:44:01.540000;2016-04-05T00:44:01.583000;0caad840-d62c-410b-b21f-0360e561f555;418.88;0.016;BUY
2016-04-05T00:44:01.540000;2016-04-05T00:44:01.583000;b4a67090-138f-43ae-addb-2c9107351631;418.89;0.1;BUY
2016-04-05T00:44:01.540000;2016-04-05T00:44:01.583000;3a115ee6-6b90-4860-97ab-76ea7f9c8171;418.9;0.01;BUY
2016-04-05T00:44:01.540000;2016-04-05T00:44:01.583000;01e8ac50-539b-488b-a597-c9fb60962117;418.9;1.0;BUY
2016-04-05T00:44:01.540000;2016-04-05T00:44:01.600000;2b3b6c24-4240-4cca-a6f5-0d5451ead405;418.9;0.01;BUY
2016-04-05T00:44:01.540000;2016-04-05T00:44:01.600000;51f59d14-c48a-461c-9be6-bf48eafdd3cd;418.9;0.01;BUY
2016-04-05T00:44:01.540000;2016-04-05T00:44:01.600000;16e80519-6072-470b-b30c-960abd256180;418.91;0.3;BUY
2016-04-05T00:44:01.540000;2016-04-05T00:44:01.600000;4ce1ba12-b5df-472d-af69-094ef979c085;418.91;0.3;BUY
2016-04-05T00:44:01.540000;2016-04-05T00:44:01.600000;cb890aeb-99a3-423a-acb4-3289e9451bcd;418.92;0.145;BUY
2016-04-05T00:44:01.540000;2016-04-05T00:44:01.600000;cfc212ac-bf81-47b6-b1e1-218bf89d185e;418.92;0.3;BUY
2016-04-05T00:44:01.540000;2016-04-05T00:44:01.617000;fcca2ae4-68cd-47b2-8b62-946b5a47f61e;418.93;0.01;BUY
2016-04-05T00:44:01.540000;2016-04-05T00:44:01.617000;1e7a3ebf-59d5-4d00-898f-7bcc10dd450d;418.95;0.3;BUY
2016-04-05T00:44:01.540000;2016-04-05T00:44:01.617000;2e90b7a6-25a5-4125-a7fa-b55ca902f2dc;418.95;0.01;BUY
2016-04-05T00:44:01.540000;2016-04-05T00:44:01.617000;d2d6e890-8a8c-4540-a4b1-67852127df50;418.95;0.18;BUY
2016-04-05T00:44:01.540000;2016-04-05T00:44:01.617000;235d2725-dbcb-4ed6-9fb5-ab2acae64e88;418.96;0.3;BUY
2016-04-05T00:44:01.540000;2016-04-05T00:44:01.617000;d810a6d2-dc1d-4354-b373-1c93e9f7f9e0;418.96;0.72;BUY
2016-04-05T00:44:01.540000;2016-04-05T00:44:01.647000;b8ab0b80-4f55-4364-b7a8-27c161515acd;418.97;0.01;BUY
2016-04-05T00:44:01.540000;2016-04-05T00:44:01.647000;21dc8dfa-02d0-41c0-8f97-f1253b57d187;418.97;0.167;BUY
2016-04-05T00:44:01.543000;2016-04-05T00:44:01.647000;b4bd9360-301a-4189-9097-8b3c6a0c3216;418.98;1.26;BUY
2016-04-05T00:44:01.543000;2016-04-05T00:44:01.647000;fb67dd92-d243-4777-b4d9-b5594cadd4f8;418.99;0.01095;BUY
2016-04-05T00:44:01.543000;2016-04-05T00:44:01.647000;855cd9f3-36b5-4c9c-8b9d-5f248e309d27;418.99;1.08;BUY
2016-04-05T00:44:01.543000;2016-04-05T00:44:01.663000;4e544b2d-9540-4bca-8d29-7a8541d8f0a2;419.0;0.01;BUY
2016-04-05T00:44:01.543000;2016-04-05T00:44:01.663000;e079b4da-0966-4f97-96cd-a5754f4664c4;419.0;0.01;BUY
2016-04-05T00:44:01.543000;2016-04-05T00:44:01.663000;468da302-732a-42ee-a4b4-0ee2bcd93cf3;419.0;0.9;BUY
2016-04-05T00:44:01.543000;2016-04-05T00:44:01.663000;fb352f0e-fb5f-4cb1-a833-61feeb6ea0d2;419.01;0.01;BUY
2016-04-05T00:44:01.543000;2016-04-05T00:44:01.663000;b47e3be0-6bdf-40aa-9228-14159c079987;419.01;0.9;BUY
2016-04-05T00:44:01.543000;2016-04-05T00:44:01.663000;187870be-2659-416c-a98d-fa8d4fdd4363;419.02;0.157;BUY
2016-04-05T00:44:01.543000;2016-04-05T00:44:01.663000;8012a708-7123-4bbb-9f50-f619d0f09ea0;419.02;0.9;BUY
2016-04-05T00:44:01.543000;2016-04-05T00:44:01.693000;a6f3d961-4f0a-467a-9a68-b1bac5ddf8c4;419.03;0.01;BUY
2016-04-05T00:44:01.543000;2016-04-05T00:44:01.693000;12c3d6e3-2e47-4b61-9c7b-7b1dac967e30;419.03;0.01;BUY
2016-04-05T00:44:01.543000;2016-04-05T00:44:01.693000;7309187a-a67c-46b4-8222-acfc28566195;419.03;0.10075;BUY
2016-04-05T00:44:01.543000;2016-04-05T00:44:01.693000;9cd7ce0a-dbf3-45a7-ad2a-a68b293bb0fb;419.04;1.98;BUY
2016-04-05T00:44:01.543000;2016-04-05T00:44:01.693000;b741f600-8fe9-4a47-b7ab-91aa134da575;419.05;0.01;BUY
2016-04-05T00:44:01.543000;2016-04-05T00:44:01.710000;28c55e11-f9ed-4340-8084-7e8d9abd6295;419.05;0.01;BUY
2016-04-05T00:44:01.543000;2016-04-05T00:44:01.710000;347e1bc7-46e4-4302-9138-f245e6571bc0;419.05;0.02;BUY
2016-04-05T00:44:01.543000;2016-04-05T00:44:01.710000;d116a620-f077-469f-8d3a-8fa3069f9d45;419.05;0.016;BUY
2016-04-05T00:44:01.543000;2016-04-05T00:44:01.710000;56082cb6-8608-42ac-bed4-22b2649fbbb0;419.06;0.013298;BUY
2016-04-05T00:44:31.117000;2016-04-05T00:44:31.130000;6c9af096-e023-4c64-8fbe-1ba4f8cbcc67;418.94;0.01;BUY
2016-04-05T00:44:31.120000;2016-04-05T00:44:31.130000;d60526e9-b365-44b1-b69d-7fc568f833ef;418.94;0.05227;BUY
2016-04-05T00:44:35.553000;2016-04-05T00:44:35.570000;8fe7ffbd-d602-4d8f-9b34-842b46538dad;418.95;0.01;BUY
2016-04-05T00:44:35.553000;2016-04-05T00:44:35.570000;ae57eb3a-352a-41f7-baed-474d94a26f6e;418.95;0.07;BUY
2016-04-05T00:45:20.010000;2016-04-05T00:45:20.023000;2e874ff8-1224-4f49-a532-490b3f5daa9a;418.94;0.0248;BUY
2016-04-05T00:45:20.010000;2016-04-05T00:45:20.023000;8d25a7ee-aee9-4014-bd6a-dec96e3771bf;418.94;0.0152;BUY
2016-04-05T00:45:20.013000;2016-04-05T00:45:20.023000;245a8a31-1195-4bf3-9b31-5465085f652c;418.94;0.0200484;BUY
2016-04-05T00:45:20.017000;2016-04-05T00:45:20.023000;052b22c0-9f4a-4872-9ffc-00700f34970a;418.94;0.016;BUY
2016-04-05T00:45:20.030000;2016-04-05T00:45:20.053000;36b41d00-36d8-4d64-918f-cb96dcae8de7;418.94;0.0377516;BUY
2016-04-05T00:45:20.030000;2016-04-05T00:45:20.053000;7cdcd05a-9694-4f5a-bb66-be24e023fc61;418.96;0.01;BUY
2016-04-05T00:45:20.030000;2016-04-05T00:45:20.053000;a8a4048c-f637-4ecd-878f-ca576e32622d;418.96;0.016;BUY
2016-04-05T00:45:20.030000;2016-04-05T00:45:20.053000;0b416516-2443-4f0e-8954-b6e822bce652;419.01;0.12;BUY
2016-04-05T00:45:20.030000;2016-04-05T00:45:20.070000;bddafcdc-e42d-4691-8d18-793f04e0895d;419.05;0.02;BUY
2016-04-05T00:45:20.030000;2016-04-05T00:45:20.070000;9ce192dd-696e-4938-a191-3e3525e17949;419.06;0.0502;BUY
2016-04-05T00:45:31.830000;2016-04-05T00:45:31.850000;8614ad78-0a75-4cfb-9765-cd4d5a60197b;419.04;0.01;BUY
2016-04-05T00:45:31.833000;2016-04-05T00:45:31.850000;d7e0c50b-2cfd-4109-9ca5-cc39c26cdcac;419.04;0.09;BUY
2016-04-05T00:45:31.833000;2016-04-05T00:45:31.850000;d8c1d6b5-f412-4dde-8e1e-fa0b47ee0b3d;419.04;0.0176;BUY
2016-04-05T00:45:31.833000;2016-04-05T00:45:31.850000;625e4926-21c5-4150-8324-6e94e985168d;419.05;0.02;BUY
2016-04-05T00:45:31.833000;2016-04-05T00:45:31.867000;e1295be9-cbec-4bef-910a-b97857adca59;419.12;0.01;BUY
2016-04-05T00:45:31.833000;2016-04-05T00:45:31.867000;eed3fcde-c542-4067-af18-e002d6310a14;419.08;0.01;BUY
2016-04-05T00:45:31.833000;2016-04-05T00:45:31.867000;c81ab30f-8289-4a55-a905-60334bfaca0d;419.09;0.126;BUY
2016-04-05T00:45:31.833000;2016-04-05T00:45:31.867000;108ad4d0-0c56-4415-9256-40542141fe2a;419.1;0.01;BUY
2016-04-05T00:45:31.833000;2016-04-05T00:45:31.867000;f49ae298-96b6-412f-aa6e-f1c8a2d12d2f;419.11;0.01;BUY
2016-04-05T00:45:31.833000;2016-04-05T00:45:31.867000;47bfdd40-c8de-4f04-ba86-2fab1621bf29;419.11;0.01;BUY
2016-04-05T00:45:31.833000;2016-04-05T00:45:31.867000;dcbb8b45-5408-427f-a91f-14b61539c8d3;419.11;0.18;BUY
2016-04-05T00:45:31.833000;2016-04-05T00:45:31.897000;cc475250-c6bf-4a2b-bc81-62b6e399664f;419.12;0.72;BUY
2016-04-05T00:45:31.837000;2016-04-05T00:45:31.897000;1857bc60-d7e3-4390-b207-240577e993af;419.14;0.01;BUY
2016-04-05T00:45:31.837000;2016-04-05T00:45:31.897000;17233c4c-8544-4204-b385-528b93368dcb;419.13;0.01;BUY
