time_exchange;time_coinpai;guid;price;base_amount;taker_side
2016-03-16T00:00:02.007000;2016-03-16T00:00:02.030000;9ed9ac8b-6130-4ae5-afa8-d93e7256cb12;415.41;0.317;BUY
2016-03-16T00:00:02.007000;2016-03-16T00:00:02.047000;75263da0-0c4b-4c49-8611-ce0a0959a6fa;415.42;0.77532;BUY
2016-03-16T00:00:31.890000;2016-03-16T00:00:31.913000;c7060bdb-d400-4303-ae80-c393bfb10c5a;415.27;0.282;BUY
2016-03-16T00:00:31.890000;2016-03-16T00:00:31.927000;ddc05196-3216-4409-90f0-b1f370f8cfd3;415.28;0.6918;BUY
2016-03-16T00:01:02.037000;2016-03-16T00:01:02.057000;26a41feb-5fd4-4510-8d0d-c90744a8bd7a;415.27;0.12153;BUY
2016-03-16T00:01:31.557000;2016-03-16T00:01:31.577000;37a5dc0b-1c81-4f70-907a-ebf4b50804f9;415.27;0.274;BUY
2016-03-16T00:01:31.557000;2016-03-16T00:01:31.593000;d4d0255d-dc6a-4562-ad84-dce9037a017f;415.28;0.00482;BUY
2016-03-16T00:02:01.697000;2016-03-16T00:02:01.713000;c901af7a-a1d5-4e97-a600-f5e6d9ae8c6c;415.28;0.131;BUY
2016-03-16T00:02:10.667000;2016-03-16T00:02:10.707000;5ff74ddd-57a5-4cd7-969e-419450acf3f6;415.4;0.25;BUY
2016-03-16T00:02:10.667000;2016-03-16T00:02:10.707000;32f9c8e6-c4b4-4254-967e-7210aee9329e;415.42;2.87944;BUY
2016-03-16T00:02:10.670000;2016-03-16T00:02:10.707000;068d6bd2-d5d0-4da1-8fd9-1ffbda09a658;415.44;0.01;BUY
2016-03-16T00:02:10.670000;2016-03-16T00:02:10.707000;2a6ff616-4f36-4573-be0f-b7a1203dc56f;415.44;0.05;BUY
2016-03-16T00:02:10.670000;2016-03-16T00:02:10.723000;b05fddc7-089e-4e27-b51d-31d33fe0a3d3;415.45;7.20645;BUY
2016-03-16T00:02:10.670000;2016-03-16T00:02:10.723000;4996a08d-977b-4143-87fd-429d7a687efd;415.47;0.47149286;BUY
2016-03-16T00:02:10.670000;2016-03-16T00:02:10.723000;2372f930-f515-4e0e-9582-c894938184dc;415.48;0.02;BUY
2016-03-16T00:02:10.670000;2016-03-16T00:02:10.740000;59f98d8f-71cd-4128-af22-ff52859ecad2;415.52;0.254;BUY
2016-03-16T00:02:10.670000;2016-03-16T00:02:10.740000;1f8b62a9-cee4-4e4d-8e9e-fc93af11b440;415.53;0.01;BUY
2016-03-16T00:02:10.670000;2016-03-16T00:02:10.740000;cc3e86ca-efe6-438e-ad11-ca6d4c62ed2c;415.55;1.23;BUY
2016-03-16T00:02:10.670000;2016-03-16T00:02:10.740000;6095e152-c9ac-492d-8469-46eccd661e95;415.56;1.0;BUY
2016-03-16T00:02:10.670000;2016-03-16T00:02:10.740000;823ad6e2-7f71-449b-b5b5-dbbded175133;415.57;0.01;BUY
2016-03-16T00:02:10.670000;2016-03-16T00:02:10.767000;f2b3b4ab-b2ef-4d26-89cc-8403cc55fabf;415.57;0.281;BUY
2016-03-16T00:02:10.670000;2016-03-16T00:02:10.767000;3553b58a-3282-4467-baf6-b4289a35b295;415.58;0.25;BUY
2016-03-16T00:02:10.670000;2016-03-16T00:02:10.767000;074ff890-b1b8-4ef6-9bec-526216ac2ad8;415.59;0.01;BUY
2016-03-16T00:02:10.670000;2016-03-16T00:02:10.767000;49369589-0262-472e-9d23-e16fec78e54e;415.6;0.01;BUY
2016-03-16T00:02:10.670000;2016-03-16T00:02:10.767000;400915d5-38d4-4392-af23-81de4b009cc2;415.62;0.264;BUY
2016-03-16T00:02:10.670000;2016-03-16T00:02:10.767000;569930d4-730a-483f-9ce4-0c9d5dfc146f;415.66;0.01;BUY
2016-03-16T00:02:10.670000;2016-03-16T00:02:10.767000;eb1b9ddd-9094-40d5-a743-3309eb121049;415.67;0.05;BUY
2016-03-16T00:02:10.670000;2016-03-16T00:02:10.787000;d975d7c7-4f34-4b8c-a356-f6f87cc2ca96;415.67;0.295;BUY
2016-03-16T00:02:10.670000;2016-03-16T00:02:10.787000;16e0801c-82c1-4004-986c-06cd12e9d50a;415.69;0.01;BUY
2016-03-16T00:02:10.673000;2016-03-16T00:02:10.790000;b2324e62-3481-4e21-8dd1-5657e3e9ce15;415.7;0.42861714;BUY
2016-03-16T00:02:31.813000;2016-03-16T00:02:31.830000;4a8a2b79-7e7a-4fa4-bf5a-3b0bd32b61c4;415.47;0.01524;SELL
2016-03-16T00:02:50.663000;2016-03-16T00:02:50.680000;fe527534-d0f0-4158-b8f3-3f6d2af08ac2;415.48;0.02;BUY
2016-03-16T00:02:50.663000;2016-03-16T00:02:50.697000;dd4f3997-3471-44c8-bde1-a0dc3fcf13a7;415.7;1.24138286;BUY
2016-03-16T00:02:50.663000;2016-03-16T00:02:50.697000;4d8e7cca-4407-4021-8396-ac07537bbdad;415.71;0.33276009;BUY
2016-03-16T00:02:50.903000;2016-03-16T00:02:50.920000;9ee1918c-c294-472c-b7a9-d83e1e919fb4;415.71;0.02490848;BUY
2016-03-16T00:02:50.910000;2016-03-16T00:02:50.943000;2aedc259-c36f-42f1-80dd-81ad2e87ee67;415.71;0.33722255;BUY
2016-03-16T00:02:50.933000;2016-03-16T00:02:50.963000;cd4a1814-8b32-47b7-aec5-c2a4c5d2bc80;415.71;0.11496223;BUY
2016-03-16T00:02:51.057000;2016-03-16T00:02:51.077000;ac77eac1-76a2-49d4-a778-9d6e71def992;415.71;0.19014665;BUY
2016-03-16T00:02:51.057000;2016-03-16T00:02:51.077000;0fc9ae79-5e29-4a1e-b505-47a1736b6514;415.74;0.18755335;BUY
2016-03-16T00:02:51.060000;2016-03-16T00:02:51.097000;5c9c0dfd-b4e7-4568-af45-6e78cdcc67ec;415.74;0.37539006;BUY
2016-03-16T00:02:51.137000;2016-03-16T00:02:51.167000;5851c7cf-4119-4cb4-83d4-39fdf318661f;415.74;0.6441;BUY
2016-03-16T00:02:51.167000;2016-03-16T00:02:51.180000;6ae94398-c404-41b3-b46a-4fb9932460b8;415.74;0.03465;BUY
2016-03-16T00:03:01.973000;2016-03-16T00:03:01.987000;9b8d8771-7cac-45a4-83a2-3ee039e437fa;415.68;0.02;BUY
2016-03-16T00:03:01.973000;2016-03-16T00:03:02.000000;19a3d063-0925-4bdd-8e42-861fc8c5bd7a;415.74;0.0076;BUY
2016-03-16T00:03:24.883000;2016-03-16T00:03:24.897000;dda68ff1-6edf-42f5-a0fe-bf08f49b8a7c;415.68;0.02;BUY
2016-03-16T00:03:24.883000;2016-03-16T00:03:24.920000;3ca91df2-43cc-4e2f-9b30-7c4ef21e6a43;415.74;0.31;BUY
2016-03-16T00:03:34.083000;2016-03-16T00:03:34.093000;619be147-4825-4924-93d7-a2e0bcc9df25;415.74;0.74838;BUY
2016-03-16T00:04:00.697000;2016-03-16T00:04:00.753000;9d021976-29a4-4314-8d1a-9473b1655403;415.74;0.07232659;BUY
2016-03-16T00:04:00.697000;2016-03-16T00:04:00.773000;85d291c1-a379-41e2-ab74-6e9ed42a58aa;415.75;0.02;BUY
2016-03-16T00:04:00.697000;2016-03-16T00:04:00.773000;c5ea3d4a-e085-4fee-a145-da6c0b925955;415.75;0.2508;BUY
2016-03-16T00:04:00.697000;2016-03-16T00:04:00.773000;0b79d76c-b187-4840-83fb-877ea14db0c6;415.76;0.33144341;BUY
2016-03-16T00:04:30.600000;2016-03-16T00:04:30.650000;3663eb21-18b3-46b4-ac74-1f77b9178595;415.76;0.22623;BUY
2016-03-16T00:05:00.663000;2016-03-16T00:05:00.717000;dd41620c-005b-4951-bfb1-b4a85f6d67e2;415.77;0.05;BUY
2016-03-16T00:05:00.663000;2016-03-16T00:05:00.747000;e13786b9-c6d6-454b-b706-266b6ab96297;415.77;7.5713;BUY
2016-03-16T00:05:00.663000;2016-03-16T00:05:00.747000;e85d75d8-7a46-4477-ace8-dd3616d68d7a;415.77;0.05;BUY
2016-03-16T00:05:00.663000;2016-03-16T00:05:00.747000;adfd50f9-cb0f-4d1a-894b-242d93ff876a;415.79;0.18691659;BUY
2016-03-16T00:05:00.663000;2016-03-16T00:05:00.747000;599da302-b0f2-45fd-be8c-cf016b6203f1;415.79;0.3;BUY
2016-03-16T00:05:00.663000;2016-03-16T00:05:00.823000;3812644b-6a91-4090-8aa7-35940ba8bc79;415.8;5.96154166;BUY
2016-03-16T00:05:00.667000;2016-03-16T00:05:00.823000;fba8249f-da31-4ebf-a207-5360d0848058;415.8;0.05;BUY
2016-03-16T00:05:00.667000;2016-03-16T00:05:00.823000;5b480b28-8cc5-465b-990a-a22df41cc245;415.8;3.0;BUY
2016-03-16T00:05:00.667000;2016-03-16T00:05:00.823000;07adf8f3-a521-41af-8858-508e9a17669b;415.82;0.185;BUY
2016-03-16T00:05:00.667000;2016-03-16T00:05:00.823000;bde59aa7-c4e7-498f-8c38-336c9e6d9562;415.85;0.50462175;BUY
2016-03-16T00:05:30.683000;2016-03-16T00:05:30.737000;4f281110-9c88-4da7-adcb-1a3ac480d9f0;415.85;0.14563;SELL
2016-03-16T00:05:34.713000;2016-03-16T00:05:34.760000;895a723c-44f3-4aea-be44-2390496ad5c0;415.85;4.24437;SELL
2016-03-16T00:06:00.620000;2016-03-16T00:06:00.670000;bf1b4dd4-e49c-41f9-8bbc-730a1979ded0;415.86;0.01;BUY
2016-03-16T00:06:00.620000;2016-03-16T00:06:00.687000;18568e52-2b44-4d49-8c63-acc191c0f309;415.86;0.25;BUY
2016-03-16T00:06:00.620000;2016-03-16T00:06:00.687000;c2cb1eb1-8907-4359-97c3-98f16a8326d0;415.86;0.085;BUY
2016-03-16T00:06:00.620000;2016-03-16T00:06:00.687000;fcd12502-17d3-471c-89de-c3b95172ca5f;415.87;0.05;BUY
2016-03-16T00:06:00.620000;2016-03-16T00:06:00.690000;6d287009-c701-422a-9616-5691efbc64d5;415.87;0.02;BUY
2016-03-16T00:06:00.620000;2016-03-16T00:06:00.783000;b0176f9e-1b38-4e9f-9c6c-977969aa5402;415.9;0.05;BUY
2016-03-16T00:06:00.620000;2016-03-16T00:06:00.783000;594d0900-b7de-4161-807a-98888a7cdafa;415.91;0.01;BUY
2016-03-16T00:06:00.620000;2016-03-16T00:06:00.783000;28d222e9-91c0-4deb-bf1a-00d11fea5566;415.91;0.23925;BUY
2016-03-16T00:06:30.770000;2016-03-16T00:06:30.827000;e40f0c57-cbb1-4452-833b-e9d89d5d29e1;415.85;0.01;SELL
2016-03-16T00:06:30.770000;2016-03-16T00:06:30.843000;3de52d80-7df7-44a8-97d8-fb8ac2c56035;415.78;0.24;SELL
2016-03-16T00:06:30.773000;2016-03-16T00:06:30.843000;7cbac94a-3f85-491a-94b6-5a71e5cdbb54;415.74;0.01;SELL
2016-03-16T00:06:30.773000;2016-03-16T00:06:30.843000;36b33371-b6de-4bfc-b3c0-b5db8e2cfd03;415.73;2.59966;SELL
2016-03-16T00:06:47.110000;2016-03-16T00:06:47.160000;c4a4c60d-3b18-40be-bb6c-73cf9e0f15d8;415.88;0.1;BUY
2016-03-16T00:07:00.837000;2016-03-16T00:07:00.883000;74f7a593-7b9e-44c8-9680-2461308afcd9;415.88;0.61563;BUY
2016-03-16T00:07:30.633000;2016-03-16T00:07:30.680000;e9350098-ad88-48bf-b408-548fe33ded95;415.81;0.01353;SELL
2016-03-16T00:07:30.633000;2016-03-16T00:07:30.697000;d412404c-156e-4a53-b7c3-b82b52f12ff0;415.71;0.01;SELL
2016-03-16T00:07:30.633000;2016-03-16T00:07:30.697000;974e287e-429a-4797-910f-217b67ed594a;415.71;0.01188;SELL
2016-03-16T00:08:00.690000;2016-03-16T00:08:00.750000;986e2622-60ba-4624-955a-3f93c2e0abaa;415.78;0.4;BUY
2016-03-16T00:08:00.690000;2016-03-16T00:08:00.767000;4eb264b2-62a0-413d-8bd1-d7f0de9e6d6f;415.79;2.56927;BUY
2016-03-16T00:08:06.557000;2016-03-16T00:08:06.707000;f9577103-dd3d-48de-9a4f-450f76d997ce;415.71;0.01;SELL
2016-03-16T00:08:06.557000;2016-03-16T00:08:06.730000;99a71dd1-64a4-46d8-ab51-d48741168e23;415.7;3.95920832;SELL
2016-03-16T00:08:30.713000;2016-03-16T00:08:30.780000;a98f9580-3b53-471f-929d-58086a49d5f1;415.78;0.01;BUY
2016-03-16T00:08:30.713000;2016-03-16T00:08:30.783000;10a7c04d-fd03-49c0-a530-eae9f14e2133;415.78;0.56;BUY
2016-03-16T00:08:30.713000;2016-03-16T00:08:30.783000;7e681348-45b7-4b17-b6a5-d0f29227ba31;415.79;2.58957;BUY
2016-03-16T00:09:00.920000;2016-03-16T00:09:00.973000;dfd529d1-5b1b-4635-94f4-c5705e003e35;415.69;0.463;SELL
2016-03-16T00:09:00.920000;2016-03-16T00:09:00.993000;eda10d6f-c0c9-4d22-b644-fee699072fe4;415.68;2.47037;SELL
2016-03-16T00:09:02.427000;2016-03-16T00:09:02.480000;49ee3030-2bde-43e5-9a3c-04e4468f37b2;415.78;0.01;BUY
2016-03-16T00:09:02.427000;2016-03-16T00:09:02.497000;c8fd7fe2-35b6-4d31-8419-b5d6860b3290;415.79;0.0197951;BUY
2016-03-16T00:09:30.597000;2016-03-16T00:09:30.650000;010160d5-5f5f-4355-bbba-5f39ecfe530c;415.62;0.25;SELL
2016-03-16T00:09:30.597000;2016-03-16T00:09:30.667000;367e7ccc-0255-46ae-89d9-29a7d7b82ecd;415.62;0.087;SELL
2016-03-16T00:09:30.597000;2016-03-16T00:09:30.667000;cdd5be5e-4887-4e2d-9742-f318a1537e35;415.62;0.32;SELL
2016-03-16T00:09:30.597000;2016-03-16T00:09:30.680000;80295148-d7de-4af2-8c25-1d4d387b33f4;415.59;0.01;SELL
2016-03-16T00:09:30.597000;2016-03-16T00:09:30.683000;a5270e54-f272-46ff-91df-412d1305a21c;415.58;2.133;SELL
2016-03-16T00:09:48.580000;2016-03-16T00:09:48.640000;095e2169-528a-4874-a00e-cbb3fb54ee13;415.53;0.01;SELL
2016-03-16T00:09:48.580000;2016-03-16T00:09:48.673000;8db8b6f3-a522-402c-9696-f9b5d252c3f5;415.52;0.06291701;SELL
2016-03-16T00:10:01.137000;2016-03-16T00:10:01.190000;1a04a66f-2d70-4b71-953d-c1bafdc6eb92;415.72;0.01;BUY
2016-03-16T00:10:01.137000;2016-03-16T00:10:01.207000;bfd0f83d-66fd-4f68-b212-77a8f2d7ff7e;415.73;0.57346;BUY
2016-03-16T00:10:30.840000;2016-03-16T00:10:30.900000;b7844005-63fd-4e97-917d-8f2ea0e814f6;415.75;0.05;BUY
2016-03-16T00:10:30.840000;2016-03-16T00:10:30.900000;3918b533-7953-4bfa-9161-ce514705456e;415.84;0.109;BUY
2016-03-16T00:10:30.843000;2016-03-16T00:10:30.917000;cefae7c6-4453-407b-b158-4a0998ec0675;415.88;0.01;BUY
2016-03-16T00:10:30.843000;2016-03-16T00:10:30.917000;84b29660-07f4-4849-b47e-d0689805c756;415.89;0.06733;BUY
2016-03-16T00:11:00.857000;2016-03-16T00:11:00.920000;ed580de0-cb60-4e81-b0c4-864bff58e379;415.89;0.88133;BUY
2016-03-16T00:11:32.117000;2016-03-16T00:11:32.167000;1e5001a5-f116-42c3-bf03-f5c13b736bb0;415.76;0.01;SELL
2016-03-16T00:11:32.117000;2016-03-16T00:11:32.183000;3c581af9-5026-4e0f-ae46-dccbb5738ba5;415.76;0.03447;SELL
2016-03-16T00:12:00.793000;2016-03-16T00:12:00.843000;94fc3b70-a99d-4e34-9b0e-1be642e4dd53;415.79;0.01;BUY
2016-03-16T00:12:00.797000;2016-03-16T00:12:00.860000;11239420-f5b6-464e-a23e-a15a4e7cdcda;415.8;0.09024;BUY
2016-03-16T00:12:33.860000;2016-03-16T00:12:33.907000;0c78f7cb-e8ce-45d8-9803-cad40239aa06;415.89;5.06975;BUY
2016-03-16T00:13:30.850000;2016-03-16T00:13:30.890000;a85ad687-a87c-43fe-a8a3-67e1b43f3c8c;415.9;0.51616;BUY
2016-03-16T00:14:01.130000;2016-03-16T00:14:01.180000;6a21c215-60eb-4922-9ee2-57dd52f0f329;415.9;0.23806;BUY
2016-03-16T00:14:22.470000;2016-03-16T00:14:22.513000;72f87c72-4565-40bc-ac04-41e64ce204c9;415.9;0.00479685;BUY
2016-03-16T00:15:01.863000;2016-03-16T00:15:01.903000;79340dd3-05b4-47c2-89ea-b7e401fa8bd2;415.75;0.01;SELL
2016-03-16T00:15:01.863000;2016-03-16T00:15:01.917000;decd0b1f-8513-4c77-a5d2-2846bd44c57f;415.75;0.444;SELL
2016-03-16T00:15:01.863000;2016-03-16T00:15:01.937000;1c212d53-b807-4a97-8b12-30054450a676;415.74;0.69111;SELL
2016-03-16T00:15:16.410000;2016-03-16T00:15:16.453000;372fa4b7-31a1-4a52-bd8b-e9063be577c4;415.89;0.01;BUY
2016-03-16T00:15:16.413000;2016-03-16T00:15:16.467000;26b892e6-2a48-42a3-89c7-ad574ac67aa0;415.9;0.01103335;BUY
2016-03-16T00:15:31.437000;2016-03-16T00:15:31.477000;717ad9fe-87b2-4d98-a076-1bdfe4d61b1b;415.86;0.03969;BUY
2016-03-16T00:16:01.047000;2016-03-16T00:16:01.093000;649d78ed-2cfb-4b69-93f2-32d5c3f295cf;415.86;0.21031;BUY
2016-03-16T00:16:01.047000;2016-03-16T00:16:01.093000;95df03be-53c9-4534-bc76-1452750e1217;415.89;2.1933;BUY
2016-03-16T00:16:31.203000;2016-03-16T00:16:31.240000;cdada80d-80b5-4e75-9c3e-a28982751d17;415.88;0.05;SELL
2016-03-16T00:16:31.203000;2016-03-16T00:16:31.260000;9b6d06f9-a371-4bbe-befc-97b0f26bee86;415.88;0.431;SELL
2016-03-16T00:16:31.203000;2016-03-16T00:16:31.277000;3f44206b-5cf7-413f-8f68-f55be12be63e;415.88;0.04905;SELL
2016-03-16T00:16:46.350000;2016-03-16T00:16:46.383000;46da06d6-a7e2-4258-b2d7-e20437cf6b2a;415.89;0.05;BUY
2016-03-16T00:17:01.027000;2016-03-16T00:17:01.060000;450a1ed9-cefb-4588-b57f-f945e7f4e628;415.88;1.19789362;SELL
2016-03-16T00:17:01.027000;2016-03-16T00:17:01.077000;de56a0e1-a1d8-4990-9ee3-f12d95d307f7;415.88;0.428;SELL
2016-03-16T00:17:01.027000;2016-03-16T00:17:01.093000;59238ba6-2d57-4609-a94a-5d8451f94ed0;415.83;0.45529638;SELL
2016-03-16T00:17:30.810000;2016-03-16T00:17:30.840000;2d9dc2fb-30fd-4661-bb49-0a31f133fb1a;415.89;2.07879;BUY
2016-03-16T00:17:42.553000;2016-03-16T00:17:42.587000;37067a1c-7031-4679-8768-da2b60192479;415.89;0.1732;BUY
2016-03-16T00:17:49.213000;2016-03-16T00:17:49.243000;21c4494c-21a3-4ee9-861b-3e1270472ddd;415.89;0.04;BUY
2016-03-16T00:23:31.037000;2016-03-16T00:23:31.087000;0413676b-6374-4070-a5fd-9ce374ce6b6a;415.92;0.47602;SELL
2016-03-16T00:24:00.940000;2016-03-16T00:24:00.993000;c81825bb-9e81-4d8c-8dbb-2ee0e3372bf0;416.0;0.04759;BUY
2016-03-16T00:24:31.270000;2016-03-16T00:24:31.320000;f4374c32-8570-4fd7-908d-e94c5a11811d;416.0;0.08488;BUY
2016-03-16T00:24:31.270000;2016-03-16T00:24:31.337000;b118466a-21c1-48ef-a115-48b3c62c2657;416.01;0.25;BUY
2016-03-16T00:24:31.270000;2016-03-16T00:24:31.337000;62c9e570-1f27-42dc-97fd-9e86d78bd48f;416.01;0.075;BUY
2016-03-16T00:24:31.270000;2016-03-16T00:24:31.337000;63946b61-683f-4d71-9c4a-1b194cb39f49;416.02;0.01;BUY
2016-03-16T00:24:31.270000;2016-03-16T00:24:31.340000;b162da1a-7fe4-4fe0-970a-452aeae6af80;416.06;0.01;BUY
2016-03-16T00:24:31.270000;2016-03-16T00:24:31.423000;026c0a76-4e40-463c-9fd6-f0ab4cf98ba8;416.06;0.01;BUY
2016-03-16T00:24:31.270000;2016-03-16T00:24:31.423000;0ed1b3f9-2ecc-4d0d-843c-cb7c9498dbe8;416.06;0.105;BUY
2016-03-16T00:24:31.270000;2016-03-16T00:24:31.423000;1d0ac42f-a85b-4372-a0a4-5fc0ec9efb58;416.07;0.05;BUY
2016-03-16T00:24:31.270000;2016-03-16T00:24:31.423000;94569425-c1f7-4d7f-8065-87c1edbfce5b;416.08;0.99214;BUY
2016-03-16T00:25:00.977000;2016-03-16T00:25:01.023000;0d0d8f98-9615-45ca-a181-a8143aaeea82;415.96;0.04857;SELL
2016-03-16T00:25:31.190000;2016-03-16T00:25:31.233000;1d2557bc-6ba1-45a9-91a3-4afcfc02966b;415.99;0.275;BUY
2016-03-16T00:25:31.190000;2016-03-16T00:25:31.253000;60c68f21-7a69-49fb-8abf-c55d418ea355;415.99;0.12226255;BUY
2016-03-16T00:25:31.190000;2016-03-16T00:25:31.253000;a8611be1-dcea-4d8f-9a6e-506f6c528524;416.0;0.69757745;BUY
2016-03-16T00:26:01.127000;2016-03-16T00:26:01.170000;b9e72f4f-328c-4b50-983e-955a10ae1bbd;415.96;0.20143;SELL
2016-03-16T00:26:01.127000;2016-03-16T00:26:01.193000;739a913b-d787-4d39-9a2a-c250dc0cdfce;415.89;0.05482;SELL
2016-03-16T00:27:02.017000;2016-03-16T00:27:02.060000;34701c16-9791-464e-b97a-332485b8c263;415.89;4.70368;SELL
2016-03-16T00:27:24.067000;2016-03-16T00:27:24.123000;d6a3ec6e-b168-4ca4-95ec-7a47aff7d763;416.08;0.03478003;BUY
2016-03-16T00:27:30.863000;2016-03-16T00:27:30.903000;fe87b2cf-32ed-4106-91d5-7823641792b5;416.09;0.03993;BUY
2016-03-16T00:28:01.403000;2016-03-16T00:28:01.443000;565068d2-c05f-4b61-938d-2a211d8e31f8;416.09;0.21007;BUY
2016-03-16T00:28:01.403000;2016-03-16T00:28:01.460000;125f6769-77a3-4dc9-8def-696cc6a04396;416.1;0.05;BUY
2016-03-16T00:28:01.403000;2016-03-16T00:28:01.460000;00fdad5b-7670-4f71-904d-df454c515d7c;416.13;2.67891;BUY
2016-03-16T00:28:32.493000;2016-03-16T00:28:32.533000;70f82cdf-b3ee-4c1b-836c-6042852bf93f;416.12;0.266;BUY
2016-03-16T00:28:32.493000;2016-03-16T00:28:32.550000;8ebb379c-46e4-4a33-99ad-fdf2ae68d36c;416.13;0.81554;BUY
2016-03-16T00:29:01.000000;2016-03-16T00:29:01.033000;0f00674a-10d9-4a5f-9a46-d59e82cd7e7e;416.03;0.02669;BUY
2016-03-16T00:29:31.260000;2016-03-16T00:29:31.317000;a8a1f0a5-2d4e-4019-ae06-c1a5a33d3e20;416.03;0.47598;BUY
2016-03-16T00:30:01.150000;2016-03-16T00:30:01.187000;ec4d091e-702b-4640-a343-b29c004160d8;416.03;1.46362;BUY
2016-03-16T00:31:01.017000;2016-03-16T00:31:01.057000;812ce718-e8e3-4e56-aeae-f4854ad8b611;416.01;0.33317;BUY
2016-03-16T00:31:06.483000;2016-03-16T00:31:06.513000;8da27dd5-1152-475c-9273-fb5561171d72;416.01;0.01676659;BUY
2016-03-16T00:31:06.493000;2016-03-16T00:31:06.533000;ac4a49a7-c895-46b2-9942-153395fef81c;416.01;0.02822213;BUY
2016-03-16T00:31:06.497000;2016-03-16T00:31:06.533000;6ca00e7a-7eae-4712-adab-72c20104a126;416.01;0.03478003;BUY
2016-03-16T00:31:06.503000;2016-03-16T00:31:06.553000;ad02c76f-f7f3-4e7e-b057-a665c09f1fc1;416.01;0.10023125;BUY
2016-03-16T00:31:32.373000;2016-03-16T00:31:32.407000;909b3288-f55a-48d0-b6de-92a217a8c1bf;416.01;0.75868;BUY
2016-03-16T00:32:01.147000;2016-03-16T00:32:01.173000;69936e22-cbd1-4158-817e-d264ac68e569;416.01;0.535;BUY
2016-03-16T00:32:35.603000;2016-03-16T00:32:35.637000;38dfafb6-7315-417e-a525-1771508935e5;416.01;1.69015787;BUY
2016-03-16T00:32:35.603000;2016-03-16T00:32:35.637000;4a5741b5-ca67-4bc4-9fdd-50d630693bb2;416.01;0.51805213;BUY
2016-03-16T00:33:00.913000;2016-03-16T00:33:00.940000;99549398-f9a8-4c74-9356-b2071177421b;416.06;0.2451;BUY
2016-03-16T00:33:00.913000;2016-03-16T00:33:00.967000;d2b8b1b1-19d3-470d-a288-dfa59d718470;416.06;0.05;BUY
2016-03-16T00:33:00.913000;2016-03-16T00:33:00.967000;84b0756e-ef3d-4841-8d0a-c45ab445467f;416.12;1.0;BUY
2016-03-16T00:33:00.913000;2016-03-16T00:33:00.967000;dcf301b2-0918-4608-b8b5-c77ede17bded;416.12;3.24898;BUY
2016-03-16T00:33:24.570000;2016-03-16T00:33:24.600000;22099b58-8e81-4054-aeb3-8b7fb088578b;416.11;0.208;BUY
2016-03-16T00:33:25.560000;2016-03-16T00:33:25.587000;cf38f87f-f3d3-4faf-8576-0ac55063292b;416.12;1.5121711;BUY
2016-03-16T00:33:26.540000;2016-03-16T00:33:26.587000;cfc5d1be-4170-4793-aa62-dbe9aee45060;416.13;1.5121711;BUY
2016-03-16T00:33:27.527000;2016-03-16T00:33:27.553000;6a09de9a-c5de-499e-8872-7f6212839d76;416.12;0.238;BUY
2016-03-16T00:33:27.527000;2016-03-16T00:33:27.567000;69cbbe4a-d738-40bc-9ba3-ea4877fe7326;416.13;1.2741711;BUY
2016-03-16T00:33:27.810000;2016-03-16T00:33:27.837000;15b967a3-2be5-403f-8045-61419445cae1;416.13;1.5121711;BUY
2016-03-16T00:33:31.000000;2016-03-16T00:33:31.023000;79b2ecda-a1c5-43c5-acbd-82fa175e0509;416.13;1.42985;BUY
2016-03-16T00:34:01.013000;2016-03-16T00:34:01.090000;86aa4e89-06b7-4ced-ac34-bbe238250379;416.12;0.198;BUY
2016-03-16T00:34:01.013000;2016-03-16T00:34:01.110000;61176eed-5621-4e54-8a76-78ebc1fb77e8;416.13;0.53097;BUY
2016-03-16T00:34:11.120000;2016-03-16T00:34:11.183000;faf9651b-2769-4f2a-a21a-6a5edb96e20e;416.13;0.14050939;BUY
2016-03-16T00:34:11.153000;2016-03-16T00:34:11.220000;717ee372-aa0f-4b21-9747-8e437e29830a;416.13;0.52456841;BUY
2016-03-16T00:34:11.157000;2016-03-16T00:34:11.237000;d95c08c4-41cd-4969-be33-340c14efeb95;416.13;1.49876688;BUY
2016-03-16T00:34:11.163000;2016-03-16T00:34:11.260000;1b68a595-5115-41c8-86b7-0d8c1127b8db;416.13;0.024;BUY
2016-03-16T00:34:11.170000;2016-03-16T00:34:11.263000;a3db4953-7a1c-4436-bc02-b2d2b5705900;416.13;0.0304437;BUY
2016-03-16T00:34:11.217000;2016-03-16T00:34:11.300000;74ca47ba-ae8f-4100-a5f2-96931875fc15;416.13;0.2905664;BUY
2016-03-16T00:34:11.217000;2016-03-16T00:34:11.320000;b5116c51-b9c1-4264-8ea2-15e5f41aa819;416.13;0.8644336;BUY
2016-03-16T00:34:11.220000;2016-03-16T00:34:11.320000;b810b4e3-bbc7-4be8-836c-ea8e2d9c3704;416.13;0.08352;BUY
2016-03-16T00:34:11.240000;2016-03-16T00:34:11.323000;d01786be-6450-412f-8ce3-e3c4c5a84980;416.13;0.024;BUY
2016-03-16T00:34:11.250000;2016-03-16T00:34:11.340000;6f964d9e-64e7-4feb-86e4-6c5a5044ab02;416.13;0.51502;BUY
2016-03-16T00:34:11.277000;2016-03-16T00:34:11.357000;f9cb73ca-581d-494d-b9f5-39a95558b1ae;416.13;0.39;BUY
2016-03-16T00:34:11.290000;2016-03-16T00:34:11.357000;d7725050-38ea-401a-afca-8d51d9636fde;416.13;0.012;BUY
2016-03-16T00:34:11.293000;2016-03-16T00:34:11.380000;f029f477-336f-4eb1-a577-4cec08a89ed6;416.13;0.01;BUY
2016-03-16T00:34:11.303000;2016-03-16T00:34:11.397000;d6af377b-07cb-41cf-b03c-7d762467b84c;416.13;0.02737118;BUY
2016-03-16T00:34:11.307000;2016-03-16T00:34:11.397000;1c8937dd-8b54-469e-b67e-b5e7874b688f;416.13;0.169;BUY
2016-03-16T00:34:11.437000;2016-03-16T00:34:11.500000;b60c29db-13cd-4980-9e9a-a27f50ff3fcf;416.13;0.011;BUY
2016-03-16T00:34:11.447000;2016-03-16T00:34:11.533000;5c42333e-870b-442e-876b-5d84efc21ac3;416.13;0.43615;BUY
2016-03-16T00:34:11.453000;2016-03-16T00:34:11.533000;98d6c687-270e-472d-b8d7-2aa8dd025d2b;416.13;0.01341327;BUY
2016-03-16T00:34:11.467000;2016-03-16T00:34:11.550000;8de9da73-618f-4fa8-80da-9fa0420b5ae6;416.13;0.05058913;BUY
2016-03-16T00:34:11.487000;2016-03-16T00:34:11.570000;71693a4a-88f3-4b69-87fa-fe67f74ee7bb;416.13;0.45916234;BUY
2016-03-16T00:34:11.487000;2016-03-16T00:34:11.570000;9603e032-a4a7-466c-9fab-d8e564fbeb31;416.13;0.76641488;BUY
2016-03-16T00:34:11.487000;2016-03-16T00:34:11.570000;4128ef10-074a-4b75-9692-56d5849a7d23;416.13;0.19160372;BUY
2016-03-16T00:34:11.487000;2016-03-16T00:34:11.570000;2baafefe-7d07-4907-a400-e33358062359;416.13;0.04790093;BUY
2016-03-16T00:34:11.487000;2016-03-16T00:34:11.570000;03834588-40d8-4443-b896-72036baf1268;416.13;0.01197523;BUY
2016-03-16T00:34:11.487000;2016-03-16T00:34:11.593000;1dc144af-967f-46ad-aee6-3ed0a7d10d8a;416.13;3.5229429;BUY
2016-03-16T00:34:11.507000;2016-03-16T00:34:11.593000;c03149f9-ac44-4381-92b6-e8bdf2454f6c;416.13;0.54236;BUY
2016-03-16T00:34:11.513000;2016-03-16T00:34:11.593000;d9b5c2ca-54e3-4a8c-9d17-98e71e5e22bb;416.13;0.13632;BUY
2016-03-16T00:34:11.527000;2016-03-16T00:34:11.597000;5e8e9a27-23f7-4c6c-af92-0203a254d4b7;416.13;0.11553427;BUY
2016-03-16T00:34:11.530000;2016-03-16T00:34:11.610000;5e12af56-9bbf-486f-9d51-34e6bf702213;416.13;0.028;BUY
2016-03-16T00:34:11.550000;2016-03-16T00:34:11.627000;30adf2c6-05ad-4ef2-9b37-de7dc3b371d6;416.13;0.06384043;BUY
2016-03-16T00:34:11.590000;2016-03-16T00:34:11.653000;5aec2580-f17b-4402-b10e-991c1811156e;416.13;0.14098126;BUY
2016-03-16T00:34:31.127000;2016-03-16T00:34:31.190000;03a284d5-8f14-41b2-a7a4-92527b52a79e;416.12;0.443;SELL
2016-03-16T00:34:31.127000;2016-03-16T00:34:31.207000;64b6af0e-f66a-4c18-a6a4-b7a7733982cd;416.11;1.3041711;SELL
2016-03-16T00:34:31.127000;2016-03-16T00:34:31.207000;05ab351f-a1a5-495f-8360-bda7c28dfb94;416.11;0.15;SELL
2016-03-16T00:34:31.127000;2016-03-16T00:34:31.227000;498fcc61-779b-45f7-9694-d95354e71cc8;416.05;0.439;SELL
2016-03-16T00:34:31.127000;2016-03-16T00:34:31.227000;158d9090-399b-4a3e-ae01-aa0f8c2fc30d;416.05;7.17683;SELL
2016-03-16T00:34:31.127000;2016-03-16T00:34:31.227000;90d52c05-739f-4449-8227-6ad92053b9c8;416.03;0.4901489;SELL
2016-03-16T00:35:02.220000;2016-03-16T00:35:02.283000;d81f4f27-04e3-4099-a668-4c7a42b58bde;416.09;0.145999;BUY
2016-03-16T00:35:02.220000;2016-03-16T00:35:02.300000;60f8d3df-8c85-4585-a695-be081c3a60f2;416.13;0.124;BUY
2016-03-16T00:35:02.220000;2016-03-16T00:35:02.317000;f84e04ad-b243-4cf5-8a8f-984cbf0e6ae5;416.14;0.01;BUY
2016-03-16T00:35:02.220000;2016-03-16T00:35:02.340000;48ecb763-6a76-45b6-87d1-1abf43364a88;416.15;0.01;BUY
2016-03-16T00:35:02.223000;2016-03-16T00:35:02.340000;6b4a2909-c72a-4f43-ba86-d7d3c471ff1c;416.15;0.09252202;BUY
2016-03-16T00:35:02.223000;2016-03-16T00:35:02.340000;ff540c08-9534-4c0d-9364-4892c7e4ff1d;416.15;0.23604898;BUY
2016-03-16T00:35:31.217000;2016-03-16T00:35:31.280000;298e3974-5931-480b-ab21-a16eb810bd65;416.13;0.217;BUY
2016-03-16T00:35:31.217000;2016-03-16T00:35:31.320000;1be57617-7f28-4433-9f8a-a79e339c091c;416.14;1.68;BUY
2016-03-16T00:35:31.217000;2016-03-16T00:35:31.337000;93dff685-058a-4059-a800-edda992016a8;416.15;0.01395102;BUY
2016-03-16T00:35:31.217000;2016-03-16T00:35:31.337000;a0f7d9f2-1460-4154-ace3-650921725735;416.16;0.02;BUY
2016-03-16T00:35:31.217000;2016-03-16T00:35:31.337000;3751deb3-e2d9-4726-9249-82663f73ee8b;416.16;0.50759898;BUY
2016-03-16T00:35:49.410000;2016-03-16T00:35:49.480000;9417b49e-6708-47d0-b647-fd5079afb3e7;416.03;5.99;SELL
2016-03-16T00:35:49.413000;2016-03-16T00:35:49.497000;77114d7b-e8a6-400d-93e6-a2b5ea344f02;416.02;1.5121711;SELL
2016-03-16T00:35:49.413000;2016-03-16T00:35:49.510000;e8ffeee8-9e3a-4930-a507-4f2bf59988b7;416.01;0.25;SELL
2016-03-16T00:35:49.413000;2016-03-16T00:35:49.510000;dc8f1fe5-b87c-4ab4-bdc9-8f1fa021386f;416.0;0.404;SELL
2016-03-16T00:35:49.413000;2016-03-16T00:35:49.510000;5f53b518-555d-4ffa-b94c-991096092c84;415.98;7.16883;SELL
2016-03-16T00:35:49.413000;2016-03-16T00:35:49.510000;f52bfdb2-6116-444d-bf1b-fcffd43f1834;415.97;0.25;SELL
2016-03-16T00:35:49.413000;2016-03-16T00:35:49.510000;3b6944b0-e962-49f3-b1f6-82b53d7866c1;415.94;0.41;SELL
2016-03-16T00:35:49.413000;2016-03-16T00:35:49.533000;830baf59-6e63-49cf-95bb-8bf82e92ebf6;415.93;1.5121711;SELL
2016-03-16T00:35:49.413000;2016-03-16T00:35:49.533000;d871bedb-02ae-40f1-8f04-49f9b2393a20;415.92;7.2114;SELL
2016-03-16T00:35:49.413000;2016-03-16T00:35:49.550000;9c3afa0c-b547-437a-a254-a36e00fe2be7;415.91;0.25;SELL
2016-03-16T00:36:31.283000;2016-03-16T00:36:31.343000;df718986-7969-4f68-9397-f3d73ea08027;415.98;0.19808;BUY
2016-03-16T00:37:01.157000;2016-03-16T00:37:01.213000;9370d576-dccd-48ea-a27b-31f131251465;415.98;0.47655;BUY
2016-03-16T00:37:11.767000;2016-03-16T00:37:11.820000;7009bf25-a8d6-45af-8a72-1e73cbc922c5;415.9;5.31;BUY
2016-03-16T00:37:31.137000;2016-03-16T00:37:31.197000;8a69943e-f4e9-4ba7-97f0-7671da298b27;415.91;0.397;SELL
2016-03-16T00:37:31.137000;2016-03-16T00:37:31.223000;004534f6-acb7-4ef8-8dde-9193b3bd2fde;415.9;0.60984;SELL
2016-03-16T00:37:59.883000;2016-03-16T00:37:59.940000;0be79248-be9f-4d53-8512-9e43f8702696;415.97;0.28;BUY
2016-03-16T00:37:59.883000;2016-03-16T00:37:59.977000;b4915d0c-4901-49d0-b784-00e4f1b6042b;415.97;0.081;BUY
2016-03-16T00:37:59.883000;2016-03-16T00:37:59.977000;9d516170-173d-4b27-83c0-5ada03bae9d0;416.0;0.05;BUY
2016-03-16T00:37:59.883000;2016-03-16T00:37:59.977000;a9e55125-673e-42c9-893c-6c538a518925;416.01;0.28;BUY
2016-03-16T00:37:59.883000;2016-03-16T00:37:59.977000;d8924461-5ba9-476f-884c-593a2c93042b;416.01;0.56;BUY
2016-03-16T00:37:59.887000;2016-03-16T00:38:00.047000;95100e87-6eae-4ab7-ba10-176d2336b74c;416.02;2.49128211;BUY
2016-03-16T00:38:01.250000;2016-03-16T00:38:01.303000;b007dbd0-8c3f-4b2d-80e3-03555f20a0ef;416.01;0.259;BUY
2016-03-16T00:38:01.250000;2016-03-16T00:38:01.337000;9043992d-ef28-4592-afed-5fb5855781e0;416.02;1.44971789;BUY
2016-03-16T00:38:01.250000;2016-03-16T00:38:01.337000;8d237d75-3289-4898-9f15-7ceb3d364c85;416.02;0.62319211;BUY
2016-03-16T00:38:13.360000;2016-03-16T00:38:13.457000;e74f9c49-8448-4ea2-ae64-a2249928b2d7;415.97;0.03;BUY
2016-03-16T00:38:34.330000;2016-03-16T00:38:34.483000;334b5b7a-4ef4-4503-a956-04a65cfa7bc2;415.99;0.04808;BUY
2016-03-16T00:38:55.023000;2016-03-16T00:38:55.077000;90be3706-cd0a-4734-8e2a-196b4b363461;415.91;0.01412283;BUY
2016-03-16T00:39:01.383000;2016-03-16T00:39:01.453000;fba2cbc6-9e76-4c61-8e3a-dd556435ed9d;415.91;0.8373;BUY
2016-03-16T00:39:36.707000;2016-03-16T00:39:36.770000;90035595-6c2b-4231-bb28-fc3656ceea9d;416.02;0.284;BUY
2016-03-16T00:39:36.707000;2016-03-16T00:39:36.770000;23cb4eac-a613-4892-813d-d34a05512b0e;416.03;0.09941;BUY
2016-03-16T00:40:01.630000;2016-03-16T00:40:01.677000;3423296c-efca-4fd7-ad83-f562a5ffa345;416.0;1.04543;BUY
2016-03-16T00:40:31.533000;2016-03-16T00:40:31.580000;88c47d06-3fdf-4d5e-89af-bd014101a743;415.9;2.0389;BUY
2016-03-16T00:41:01.220000;2016-03-16T00:41:01.263000;6ab944f7-4351-49ea-9a2b-4f049166cd47;415.91;1.04298;BUY
2016-03-16T00:41:31.130000;2016-03-16T00:41:31.177000;efe971e5-f52b-472d-bcfc-5d24903862d7;415.91;1.89275;BUY
2016-03-16T00:42:02.233000;2016-03-16T00:42:02.280000;a5815b81-b27a-457f-83d1-96864520921e;415.95;0.05949;BUY
2016-03-16T00:42:31.190000;2016-03-16T00:42:31.230000;82df334b-20fe-4d3a-b2bd-aea184be46e9;415.91;1.04974;BUY
2016-03-16T00:42:52.090000;2016-03-16T00:42:52.130000;0e539889-477e-4f42-a04c-ef9afe3d8f51;415.88;0.01;SELL
2016-03-16T00:42:52.090000;2016-03-16T00:42:52.163000;2d25d430-8513-4e82-9580-34b1e97a5bbd;415.88;0.239999;SELL
2016-03-16T00:42:58.480000;2016-03-16T00:42:58.517000;9f52baa5-9fe1-41df-9281-631613388cc5;415.88;0.010001;SELL
2016-03-16T00:43:01.253000;2016-03-16T00:43:01.293000;d0929027-89b7-4c35-b485-ccca7e62558c;415.88;0.239998;BUY
2016-03-16T00:43:01.253000;2016-03-16T00:43:01.323000;f59fd2dd-a97f-4b4a-85d8-f7ecd55285af;415.89;0.000992;BUY
2016-03-16T00:43:13.837000;2016-03-16T00:43:13.877000;02d2eb63-a5ec-42f7-8902-493a02fdc8fe;415.86;0.084999;SELL
2016-03-16T00:43:19.227000;2016-03-16T00:43:19.267000;0dfec9ce-8f0f-46ee-ab32-eb1b24ebc5d7;415.86;0.042999;SELL
2016-03-16T00:43:23.290000;2016-03-16T00:43:23.383000;e72493d4-205f-4858-b71c-a10738cfec4c;415.86;0.122002;SELL
2016-03-16T00:43:32.577000;2016-03-16T00:43:32.617000;422fbab9-ff4d-4b92-93d3-aad318370fa5;415.85;2.37996;BUY
2016-03-16T00:43:33.007000;2016-03-16T00:43:33.047000;0aa695ef-19f0-47b9-8d9c-1d8020252b45;415.85;4.2330706;BUY
2016-03-16T00:43:46.890000;2016-03-16T00:43:46.933000;7ac9586b-6fc3-41d8-9aa0-4436bcf1a82c;415.86;0.127997;BUY
2016-03-16T00:43:46.890000;2016-03-16T00:43:46.963000;67aeba22-f412-4ad1-b165-dc44dc55bf31;415.86;2.699;BUY
2016-03-16T00:43:46.890000;2016-03-16T00:43:46.990000;be0003e7-f040-4f3f-98aa-b9c6b4881de3;415.87;0.084999;BUY
2016-03-16T00:43:46.893000;2016-03-16T00:43:46.990000;0adc9e9a-c86c-436a-b3df-01072d00bbab;415.88;0.249999;BUY
2016-03-16T00:43:46.893000;2016-03-16T00:43:46.990000;515eda44-d0f6-4e9e-8a7f-f7077d7050fa;415.88;0.05;BUY
2016-03-16T00:43:46.893000;2016-03-16T00:43:46.990000;9904ca5b-4d19-471d-8eae-01e58dbae675;415.89;0.249007;BUY
2016-03-16T00:43:46.893000;2016-03-16T00:43:46.990000;29445d27-e72e-4a7d-9126-b607dbab8184;415.93;7.9407;BUY
2016-03-16T00:43:46.893000;2016-03-16T00:43:46.990000;33dd5faf-0fab-4ee1-9a30-2c9f49ad43e5;415.93;0.236;BUY
2016-03-16T00:43:46.893000;2016-03-16T00:43:46.990000;06056a07-eab3-4835-875f-75d52f7138b6;415.98;0.25;BUY
2016-03-16T00:43:46.893000;2016-03-16T00:43:47.007000;e8900d10-adb5-4da8-8684-f229e3794b63;415.99;0.27;BUY
2016-03-16T00:43:46.893000;2016-03-16T00:43:47.007000;908a8b23-c348-45f2-a695-8a8b5ad53b42;416.03;2.39159;BUY
2016-03-16T00:43:46.893000;2016-03-16T00:43:47.007000;bb9f0bc8-2be5-4171-a923-7b1828a606f2;416.04;0.267;BUY
2016-03-16T00:44:01.330000;2016-03-16T00:44:01.370000;9fe9a6ba-9e49-46e5-bf02-a1d697aad8b5;416.01;0.97047;BUY
2016-03-16T00:44:31.153000;2016-03-16T00:44:31.190000;5b356cee-4fd3-45e2-860f-56f447108b7d;415.99;0.65627;BUY
2016-03-16T00:44:36.050000;2016-03-16T00:44:36.110000;9b25846a-cb60-4df1-a7df-f07cebc5155e;415.97;0.24;BUY
2016-03-16T00:44:36.050000;2016-03-16T00:44:36.110000;79452d35-10af-4104-9177-73b1fc7115d0;416.01;0.07878;BUY
2016-03-16T00:44:36.060000;2016-03-16T00:44:36.127000;633e002c-bae8-4902-91b5-be247b58021f;416.01;0.03122;BUY
2016-03-16T00:45:26.527000;2016-03-16T00:45:26.560000;4864b65a-e17a-4f39-9a0f-a1f97ab18302;416.01;0.01;BUY
2016-03-16T00:45:31.707000;2016-03-16T00:45:31.740000;a98e6898-26cd-48c7-a580-b29634a92e0a;416.0;2.5852;BUY
2016-03-16T00:45:31.707000;2016-03-16T00:45:31.790000;a50f289d-84a7-4559-a01d-c71c3cfd34cd;416.01;0.00919;BUY
2016-03-16T00:46:01.420000;2016-03-16T00:46:01.453000;a47721c1-b74c-458d-b8a1-49ae7284a916;416.02;0.34107;BUY
2016-03-16T00:46:35.703000;2016-03-16T00:46:35.740000;74c0bb12-bc7d-4a14-9ec4-57a47cde333d;416.02;0.23478;BUY
2016-03-16T00:47:02.217000;2016-03-16T00:47:02.247000;8e3a6f08-08c4-4eb9-a418-48af9f1614ef;416.02;2.46129;BUY
2016-03-16T00:47:32.047000;2016-03-16T00:47:32.073000;bf85fb08-7c50-48b2-b916-c81bebdefba1;416.02;1.16686;BUY
2016-03-16T00:47:32.047000;2016-03-16T00:47:32.103000;a84cf461-5ed3-4fc4-984c-de94b50a1253;416.03;0.05;BUY
2016-03-16T00:47:32.047000;2016-03-16T00:47:32.107000;49d81bb0-8f53-49fa-85c0-ec5b7be60ae2;416.04;0.02347;BUY
2016-03-16T00:48:01.510000;2016-03-16T00:48:01.540000;bacbfa6c-2f06-48f4-80c2-c676b8f96810;415.92;0.01;SELL
2016-03-16T00:48:01.513000;2016-03-16T00:48:01.563000;9250f794-5433-4779-a7a1-8a9d72bd8b22;415.92;0.099;SELL
2016-03-16T00:48:01.513000;2016-03-16T00:48:01.580000;9a5861ee-9363-4351-92f0-564dfb109bdc;415.92;0.31;SELL
2016-03-16T00:48:01.513000;2016-03-16T00:48:01.580000;5ed41f94-e00b-4a37-9b28-ac17f90da9e4;415.9;0.25;SELL
2016-03-16T00:48:01.513000;2016-03-16T00:48:01.580000;064f4f31-3c35-41c8-b095-0c612ba49f5d;415.89;0.62092;SELL
2016-03-16T00:48:47.210000;2016-03-16T00:48:47.243000;4e1c56cd-8c30-48c7-a1cc-e28cc61d898f;415.94;0.43;SELL
2016-03-16T00:48:47.210000;2016-03-16T00:48:47.297000;0ac27d0a-8c06-4e2c-ae8a-c2c5dd62e795;415.93;7.17876;SELL
2016-03-16T00:48:47.210000;2016-03-16T00:48:47.297000;5408b63e-542b-4688-aa01-8a8389bc1ade;415.89;0.458;SELL
2016-03-16T00:48:47.210000;2016-03-16T00:48:47.297000;0c01020f-f0a7-43af-9e51-6c1a5943919a;415.84;1.5121711;SELL
2016-03-16T00:48:47.210000;2016-03-16T00:48:47.297000;fed4a7ca-4f66-4c62-8648-9efe5a0830e9;415.84;0.414;SELL
2016-03-16T00:48:47.210000;2016-03-16T00:48:47.310000;90c5dfef-1a96-4464-b683-486eedccd32d;415.82;0.8;SELL
2016-03-16T00:48:47.210000;2016-03-16T00:48:47.313000;7bb585e6-d93e-429b-885f-dcb5e0e24240;415.81;3.55339;SELL
2016-03-16T00:48:47.210000;2016-03-16T00:48:47.313000;4a8cf61e-2ffb-48c1-9d33-86f3bd34eaad;415.81;0.02;SELL
2016-03-16T00:48:47.210000;2016-03-16T00:48:47.313000;fc990518-d0e1-4504-9579-c3c040e308ef;415.77;0.25;SELL
2016-03-16T00:48:47.210000;2016-03-16T00:48:47.313000;9bafac83-f31d-4287-a295-3fff6e38c0e4;415.76;0.01;SELL
2016-03-16T00:48:47.210000;2016-03-16T00:48:47.330000;a1dad1aa-631e-430a-b29a-0fc737b2df45;415.75;1.5121711;SELL
2016-03-16T00:48:47.210000;2016-03-16T00:48:47.330000;18e9dd55-f758-47f9-9074-8a19c1cd390e;415.75;0.462;SELL
2016-03-16T00:48:47.213000;2016-03-16T00:48:47.330000;f136c99e-8cae-4027-b63e-7e26aa020a18;415.74;0.25;SELL
2016-03-16T00:48:47.350000;2016-03-16T00:48:47.407000;738fae5c-7692-4f2b-99c2-08a6ced864bf;415.72;0.464;BUY
2016-03-16T00:49:01.917000;2016-03-16T00:49:01.980000;a996c3f3-f471-4bf8-a34b-c3c10ff4e996;415.84;0.47;BUY
2016-03-16T00:49:01.917000;2016-03-16T00:49:02.010000;226e0d2b-884d-4336-b442-dbae40e5a075;415.86;1.389;BUY
2016-03-16T00:49:01.917000;2016-03-16T00:49:02.010000;efcc374b-fa71-4f1d-80c6-558bf9a1207d;415.94;0.309;BUY
2016-03-16T00:49:01.917000;2016-03-16T00:49:02.010000;87e5d535-f3a8-4d61-a305-fcb23ff881ee;415.99;0.01;BUY
2016-03-16T00:49:01.917000;2016-03-16T00:49:02.010000;c3c5a460-ade6-4ed7-84ba-8a10bd2fdbe2;416.02;1.0;BUY
2016-03-16T00:49:01.917000;2016-03-16T00:49:02.087000;cb9de827-4d47-47dd-8a1f-542fa0a8abd6;416.03;3.037;BUY
2016-03-16T00:49:01.917000;2016-03-16T00:49:02.087000;09e3d291-351f-4750-96c2-0ad4763379e1;416.04;1.4369;BUY
2016-03-16T00:50:02.757000;2016-03-16T00:50:02.813000;a4a10c9b-10a8-439f-a7a4-c003534e8cb3;416.04;0.05746;BUY
2016-03-16T00:50:32.100000;2016-03-16T00:50:32.160000;56191ad9-8be9-4aeb-b0a1-5ffc119f50ad;416.1;0.25;BUY
2016-03-16T00:50:32.100000;2016-03-16T00:50:32.200000;8705db87-438b-43dd-a11a-c948e9877fca;416.11;0.01;BUY
2016-03-16T00:50:32.100000;2016-03-16T00:50:32.200000;890647d7-6d97-4a28-97a8-ea35a55d7ef6;416.12;0.25;BUY
2016-03-16T00:50:32.100000;2016-03-16T00:50:32.200000;9e189ef4-de59-4a83-9599-7fe25c96ed03;416.14;0.07808;BUY
2016-03-16T00:51:02.863000;2016-03-16T00:51:02.920000;a9844bc6-0f1b-4115-9118-434b8dfdbf1e;416.14;0.01885;BUY
2016-03-16T00:51:31.390000;2016-03-16T00:51:31.447000;e087c08d-1fec-4e76-b72c-f700a0f5b509;416.14;0.15307;BUY
2016-03-16T00:51:31.390000;2016-03-16T00:51:31.463000;27f914cb-e8ac-4fe7-8bfa-cfeac4b65629;416.15;0.06;BUY
2016-03-16T00:51:31.390000;2016-03-16T00:51:31.480000;bbae6ef1-1b10-4d22-a952-05ba734be32f;416.15;0.01;BUY
2016-03-16T00:51:31.390000;2016-03-16T00:51:31.480000;d3d19822-694a-4c58-9064-d82c27ac3283;416.16;0.25;BUY
2016-03-16T00:51:31.390000;2016-03-16T00:51:31.480000;abe73e4a-beb1-4c7f-94e5-cbae58905a42;416.17;0.05;BUY
2016-03-16T00:51:31.390000;2016-03-16T00:51:31.543000;2498b60b-9a86-4593-98d7-2757a2348cc8;416.18;0.1;BUY
2016-03-16T00:51:31.393000;2016-03-16T00:51:31.543000;3952cbb7-4d0e-494d-bf6f-20f614c2f1af;416.19;0.01;BUY
2016-03-16T00:51:31.393000;2016-03-16T00:51:31.543000;bfb07df2-347e-4ae8-9ea8-d48f5d78d9a1;416.2;0.05;BUY
2016-03-16T00:51:31.393000;2016-03-16T00:51:31.543000;805667fd-7e9f-40bd-a923-9a5329595d83;416.2;0.25;BUY
2016-03-16T00:51:31.393000;2016-03-16T00:51:31.543000;c978352e-1c60-4561-9e55-644cb98b236c;416.2;0.1;BUY
2016-03-16T00:51:31.393000;2016-03-16T00:51:31.573000;2d83fec2-db4c-4032-975c-b349be07849c;416.21;0.032;BUY
2016-03-16T00:51:31.393000;2016-03-16T00:51:31.573000;9df5eaba-61ee-4994-b5f5-7ea2afff13c1;416.21;0.25;BUY
2016-03-16T00:51:31.393000;2016-03-16T00:51:31.590000;da70e2e5-042b-4264-848f-43e16c9e08c4;416.21;0.28;BUY
2016-03-16T00:51:31.393000;2016-03-16T00:51:31.590000;18e83a3e-a743-4211-9cc0-f96cdc149799;416.22;0.119;BUY
2016-03-16T00:51:31.393000;2016-03-16T00:51:31.590000;3b24ea19-9d88-46f5-ac0e-3fbbbee241d5;416.23;0.04268378;BUY
2016-03-16T00:51:31.393000;2016-03-16T00:51:31.603000;b8bce4dd-1e82-4bc9-9f0c-b9380e02e7ce;416.23;0.01;BUY
2016-03-16T00:51:31.393000;2016-03-16T00:51:31.603000;3ee5daa8-2bd3-41f6-b697-6d90dbe82ddb;416.23;1.0;BUY
2016-03-16T00:51:31.393000;2016-03-16T00:51:31.603000;a0fdd0ae-f073-40e1-a6c2-be87744873f1;416.24;1.2666789;BUY
2016-03-16T00:51:31.393000;2016-03-16T00:51:31.607000;6e19e734-6268-48eb-b465-913ae7fb3e2f;416.24;1.9777;BUY
2016-03-16T00:51:31.393000;2016-03-16T00:51:31.607000;aa95e7ab-35ad-4bf2-a334-e68f76eb6df8;416.25;0.36986339;BUY
2016-03-16T00:51:31.393000;2016-03-16T00:51:31.607000;84718159-5688-4ae9-be72-4e2d3045459a;416.25;0.2;BUY
2016-03-16T00:51:31.393000;2016-03-16T00:51:31.607000;3c0e896d-9607-4353-831b-236c067cdf7e;416.25;5.08402393;BUY
2016-03-16T00:51:41.657000;2016-03-16T00:51:41.710000;eb5a9291-69f7-4183-b522-770e72c5a6fb;416.25;0.03;BUY
2016-03-16T00:52:01.327000;2016-03-16T00:52:01.377000;ec1ca224-018e-42b2-8a6e-4422268c35b5;416.24;0.303;BUY
2016-03-16T00:52:01.327000;2016-03-16T00:52:01.410000;7fe31011-28a9-4c15-adc4-b82a8cd2760c;416.25;3.16085;BUY
2016-03-16T00:52:31.290000;2016-03-16T00:52:31.340000;063f8673-7741-47dd-9a2f-ee02fac1f9ee;416.24;0.01163;BUY
2016-03-16T00:53:01.177000;2016-03-16T00:53:01.270000;1179d870-bc69-4be7-a70a-212dc39a2947;416.23;0.19727;BUY
2016-03-16T00:53:32.243000;2016-03-16T00:53:32.290000;b2cd1154-0cab-40f5-a5ad-6a623e024eae;416.21;1.11;BUY
2016-03-16T00:53:32.247000;2016-03-16T00:53:32.330000;59786371-7eaa-47f1-8039-00ba1516d3de;416.22;1.69868;BUY
2016-03-16T00:54:01.977000;2016-03-16T00:54:02.023000;a683a884-6e1d-4041-9428-d67160b13483;416.14;0.25;SELL
2016-03-16T00:54:01.977000;2016-03-16T00:54:02.053000;a1301691-9f2b-4432-8831-14806371d43f;416.14;0.3;SELL
2016-03-16T00:54:01.977000;2016-03-16T00:54:02.053000;2c83022d-88cf-41d2-b209-92d74aa52be0;416.14;0.23;SELL
2016-03-16T00:54:01.977000;2016-03-16T00:54:02.053000;d71e89e6-b9a0-40cd-8317-827bb279e2c4;416.14;0.278;SELL
2016-03-16T00:54:01.977000;2016-03-16T00:54:02.073000;39239df3-2068-444d-89e2-7ad292740280;416.12;0.25;SELL
2016-03-16T00:54:01.977000;2016-03-16T00:54:02.127000;d129bf56-5096-465e-8720-9b8bb79dbf06;416.09;0.02987;SELL
2016-03-16T00:54:28.270000;2016-03-16T00:54:28.317000;e33e2fc8-8f94-4f8c-9582-0f77a8fa77b9;416.22;0.02995691;BUY
2016-03-16T00:54:31.570000;2016-03-16T00:54:31.630000;8edfc3d8-82a9-489a-94cd-56e5baa16ed2;416.18;0.5;BUY
2016-03-16T00:55:01.283000;2016-03-16T00:55:01.330000;ab07eaa1-b053-45fc-9a8a-f1fb32d63273;415.99;0.25;SELL
2016-03-16T00:55:01.283000;2016-03-16T00:55:01.370000;b51e071f-1f4f-414a-a965-2e52885ddcea;415.99;0.359;SELL
2016-03-16T00:55:01.283000;2016-03-16T00:55:01.370000;c58fb266-3396-4833-9a7b-2b08106bde36;415.94;0.329;SELL
2016-03-16T00:55:01.283000;2016-03-16T00:55:01.370000;23dea9a4-69bc-4db0-b409-5c6dc152aba9;415.92;0.25;SELL
2016-03-16T00:55:01.283000;2016-03-16T00:55:01.370000;d26db0cb-c61e-4fb9-b6ba-78109d23a3f4;415.92;0.15;SELL
2016-03-16T00:55:01.283000;2016-03-16T00:55:01.420000;3594b51b-9ffd-449f-a5d8-f8c34423a090;415.92;0.37578;SELL
2016-03-16T00:55:31.410000;2016-03-16T00:55:31.450000;ad4c984c-ccff-46e5-8c15-9dd29bba3c6f;416.18;0.29;BUY
2016-03-16T00:55:31.410000;2016-03-16T00:55:31.480000;f938e223-3940-4b3c-982e-f8ff31edffec;416.22;0.04521;BUY
2016-03-16T00:56:01.570000;2016-03-16T00:56:01.613000;665d7c31-19a1-4d56-89aa-80f54e1dfded;416.18;0.326;BUY
2016-03-16T00:56:01.570000;2016-03-16T00:56:01.653000;91dd6900-1603-4b62-9647-8ace1afaf979;416.19;0.40377;BUY
2016-03-16T00:57:01.397000;2016-03-16T00:57:01.437000;c752ad55-7c08-432a-8b36-179d98d9ecb5;416.15;0.249999;BUY
2016-03-16T00:57:01.397000;2016-03-16T00:57:01.470000;1f3536f4-3da9-4e01-b7a7-408113d2f9c8;416.15;0.162779;BUY
2016-03-16T00:57:01.397000;2016-03-16T00:57:01.470000;194701be-2b8a-4b01-bc21-30b3fa0d800d;416.18;0.341;BUY
2016-03-16T00:57:01.397000;2016-03-16T00:57:01.470000;bb4f0315-9d68-4ef7-8454-a56035dacc0d;416.19;0.294092;BUY
2016-03-16T00:57:31.417000;2016-03-16T00:57:31.453000;69230d8a-1969-44f6-8c85-bdde4830449b;416.22;0.6347;BUY
2016-03-16T00:57:31.417000;2016-03-16T00:57:31.493000;58806648-4900-4858-927e-77421be90920;416.23;0.0653;BUY
2016-03-16T00:58:31.290000;2016-03-16T00:58:31.323000;1c3d8b52-d5b4-4907-b275-4faa3e98267e;416.11;0.0841;SELL
2016-03-16T00:59:01.320000;2016-03-16T00:59:01.353000;92dac2ca-1cfd-4699-a927-49d158a5d129;416.11;0.1659;SELL
2016-03-16T00:59:01.320000;2016-03-16T00:59:01.383000;7e6170ae-5565-45aa-a69b-a2d258b59744;416.1;0.25;SELL
2016-03-16T00:59:01.320000;2016-03-16T00:59:01.383000;f9abdf3c-8322-481c-9d7d-c2ead852de3d;416.06;0.22076;SELL
2016-03-16T00:59:31.680000;2016-03-16T00:59:31.713000;1c6eaf25-1f4e-45de-b6c8-ff01ba8187cb;416.01;0.18687;SELL
2016-03-16T01:00:01.633000;2016-03-16T01:00:01.663000;c7c73b0f-fb68-41f0-8387-239b970cba18;416.18;0.25;BUY
2016-03-16T01:00:01.633000;2016-03-16T01:00:01.700000;daf010ba-c010-4a63-b4c9-b7c7bb976a67;416.18;0.01169;BUY
2016-03-16T01:01:01.387000;2016-03-16T01:01:01.410000;6139f64b-d8f5-422a-a172-e3e87fd6fc38;416.17;0.27;BUY
2016-03-16T01:01:01.387000;2016-03-16T01:01:01.457000;c75f2367-e951-4c95-8777-a3b2e813aa8b;416.17;0.25;BUY
2016-03-16T01:01:01.387000;2016-03-16T01:01:01.457000;05394c34-155d-430e-b47e-18cf1c6f0e69;416.18;0.74902;BUY
2016-03-16T01:01:31.297000;2016-03-16T01:01:31.320000;db691260-a772-49ee-83cf-0a7bc1806239;416.17;0.288;BUY
2016-03-16T01:01:31.297000;2016-03-16T01:01:31.350000;ef1edcaf-1283-4921-abcb-e4bf42459642;416.18;0.30675;BUY
2016-03-16T01:02:01.363000;2016-03-16T01:02:01.387000;05fca2d8-978b-4086-bc8b-e168d8f3f63d;416.17;0.259;BUY
2016-03-16T01:02:01.363000;2016-03-16T01:02:01.420000;55592e99-49e2-4247-a618-28213b249fc4;416.17;0.3;BUY
2016-03-16T01:02:01.363000;2016-03-16T01:02:01.420000;8cd4a5e6-8d4b-4d04-b186-4fe27c6a127f;416.18;0.108;BUY
2016-03-16T01:02:31.293000;2016-03-16T01:02:31.313000;6da19ac6-bc18-4602-9c51-7e2513ee2d7d;416.07;0.07806;SELL
2016-03-16T01:03:01.613000;2016-03-16T01:03:01.630000;f2193ceb-0257-4bc0-a821-54d4c81de957;416.17;0.02343;BUY
2016-03-16T01:04:01.480000;2016-03-16T01:04:01.543000;89e9f2f6-f45e-4aa7-be12-92ecbabeb9e6;416.17;0.255;BUY
2016-03-16T01:04:01.480000;2016-03-16T01:04:01.580000;6d6ce3da-a6e3-4908-9ed9-555e542c0285;416.18;4.43623;BUY
2016-03-16T01:04:01.480000;2016-03-16T01:04:01.580000;77de7291-dcc7-4276-825e-b578188d41fb;416.22;0.284;BUY
2016-03-16T01:04:01.480000;2016-03-16T01:04:01.580000;d0616595-8b6d-4a18-a0f0-930e1646d717;416.22;0.05;BUY
2016-03-16T01:04:01.480000;2016-03-16T01:04:01.580000;3acb3b24-bf71-4373-8de4-acbab13fbb08;416.23;1.91401;BUY
2016-03-16T01:04:31.233000;2016-03-16T01:04:31.293000;9e7ef8e5-f776-4c0f-89da-3c0520709ec8;416.07;0.17194;SELL
2016-03-16T01:04:31.233000;2016-03-16T01:04:31.330000;31d0450e-880e-4821-aaac-6a0a793ff608;416.07;0.26;SELL
2016-03-16T01:04:31.233000;2016-03-16T01:04:31.330000;347f64ea-552c-429f-b3c6-5ea9d5f9e74e;416.07;0.196;SELL
2016-03-16T01:04:31.233000;2016-03-16T01:04:31.330000;807aadea-2f64-4462-a94c-a95010443772;416.06;0.25;SELL
2016-03-16T01:04:31.233000;2016-03-16T01:04:31.330000;5a8cde4d-c32c-4a8e-8287-d595e9764bae;415.97;0.152;SELL
2016-03-16T01:04:31.233000;2016-03-16T01:04:31.380000;1249863c-ac33-4b93-80b0-eb1cc7f37e00;415.94;0.04391;SELL
2016-03-16T01:05:02.730000;2016-03-16T01:05:02.787000;d96c83bd-c20d-4981-a391-b83b5958ac8a;415.95;0.25;SELL
2016-03-16T01:05:02.730000;2016-03-16T01:05:02.820000;e7abc622-aa24-4f0b-b32d-c1a5b9999729;415.95;0.116;SELL
2016-03-16T01:05:02.730000;2016-03-16T01:05:02.820000;3eb3d931-426c-4f95-a5dc-426aba41c98b;415.94;0.20609;SELL
2016-03-16T01:05:02.730000;2016-03-16T01:05:02.820000;a486d03c-243a-49e2-8559-2df11ad34a3f;415.92;0.42791;SELL
2016-03-16T01:05:31.230000;2016-03-16T01:05:31.283000;a08210c3-418f-4e1c-a5f4-2b314f07dfb5;416.04;0.05851;BUY
2016-03-16T01:06:01.657000;2016-03-16T01:06:01.713000;8ef67d9c-cacd-43d4-9e36-97821bc369c2;416.04;0.15662;BUY
2016-03-16T01:06:35.113000;2016-03-16T01:06:35.167000;a0cbf0a7-3c65-4e32-953a-ad7294f8c470;416.01;0.01665;SELL
2016-03-16T01:07:06.503000;2016-03-16T01:07:06.557000;6c194d53-30fa-487b-9006-c307bfd38dd5;416.04;0.03487;BUY
2016-03-16T01:07:06.503000;2016-03-16T01:07:06.577000;367509ae-ce00-4b66-9093-d618ce9899b6;416.05;0.13;BUY
2016-03-16T01:07:06.503000;2016-03-16T01:07:06.593000;12963ff6-c706-47fe-8ba3-72d3e1f5c9c5;416.21;0.04548;BUY
2016-03-16T01:07:31.407000;2016-03-16T01:07:31.460000;1094343a-dc2f-4b49-ab46-4d1189a90f93;416.2;0.276;BUY
2016-03-16T01:07:31.407000;2016-03-16T01:07:31.477000;cd70a484-0bd1-4a74-80d4-c8f01ea75d8a;416.21;0.05947;BUY
2016-03-16T01:08:20.650000;2016-03-16T01:08:20.697000;44936d89-89e9-40aa-b553-e022461f2b53;416.21;0.04;BUY
2016-03-16T01:08:31.263000;2016-03-16T01:08:31.313000;217be595-b78b-4677-bf99-fc04f8b0cb6e;416.19;2.85715;BUY
2016-03-16T01:09:31.507000;2016-03-16T01:09:31.553000;ce7a4670-8a04-4fe8-a95e-2801bedeacc3;416.1;0.25;SELL
2016-03-16T01:09:31.507000;2016-03-16T01:09:31.570000;f5b3d4a8-a557-47a8-a201-86ba534edbcb;416.1;0.05;SELL
2016-03-16T01:09:31.507000;2016-03-16T01:09:31.593000;cfe032d0-ec45-47d1-ac22-125e20920bab;416.09;0.25;SELL
2016-03-16T01:09:31.507000;2016-03-16T01:09:31.593000;7e758ef5-81d3-45e1-984a-1f9d4fc7b050;416.09;0.149;SELL
2016-03-16T01:09:31.507000;2016-03-16T01:09:31.617000;17b94040-4a4d-45f0-9d1c-b6edfe4dda6b;416.06;0.16;SELL
2016-03-16T01:09:31.507000;2016-03-16T01:09:31.633000;7c87fc73-6164-4e00-9f2b-306d7781820a;416.04;0.143;SELL
2016-03-16T01:09:31.507000;2016-03-16T01:09:31.633000;6deebd28-eece-4682-a5f4-304cea48eb89;416.0;0.29699;SELL
2016-03-16T01:10:31.327000;2016-03-16T01:10:31.370000;502b9519-5f8a-446e-8b48-ecdcda0f1026;416.02;2.508;BUY
2016-03-16T01:10:31.327000;2016-03-16T01:10:31.387000;c4060749-7ead-4138-8ab1-2403aabf7d1d;416.02;0.05;BUY
2016-03-16T01:10:31.327000;2016-03-16T01:10:31.403000;19ae685f-a17c-447d-9e73-24d0ee18948a;416.06;0.1099;BUY
2016-03-16T01:11:03.557000;2016-03-16T01:11:03.600000;8a2cc5fb-1dcd-490f-9cc7-b1ed67a66173;416.15;0.08325;BUY
2016-03-16T01:11:31.460000;2016-03-16T01:11:31.503000;943bf12b-0e7a-44dd-801d-b36eb8fa9b03;416.03;0.66144;BUY
2016-03-16T01:12:48.277000;2016-03-16T01:12:48.320000;daf49225-0ad0-42a1-a710-523fd7bb4ee1;416.01;0.25;SELL
2016-03-16T01:12:48.277000;2016-03-16T01:12:48.353000;db1e883d-4de4-4404-954a-3bf752b9a6e0;416.01;0.186;SELL
2016-03-16T01:12:48.277000;2016-03-16T01:12:48.353000;c8080892-34d2-4721-b06d-2e28b46c67ad;416.0;0.55301;SELL
2016-03-16T01:12:48.277000;2016-03-16T01:12:48.353000;352dab69-2d60-46bc-a101-a6336f772f47;416.0;0.15;SELL
2016-03-16T01:12:48.277000;2016-03-16T01:12:48.413000;5221719e-d528-4937-b92b-9b5dc6b67983;415.96;0.198;SELL
2016-03-16T01:12:48.277000;2016-03-16T01:12:48.417000;4a72e451-d2be-4479-9666-b3082f49b74d;415.96;0.02;SELL
2016-03-16T01:12:48.277000;2016-03-16T01:12:48.417000;33809524-075f-406d-a82a-e5d6b1d0960a;415.92;1.0;SELL
2016-03-16T01:12:48.280000;2016-03-16T01:12:48.417000;cde65cc2-3d4d-4261-b5cd-2ee74ff06613;415.92;0.8;SELL
2016-03-16T01:12:48.280000;2016-03-16T01:12:48.417000;fc0efbe1-7a52-4b74-922e-e19853dc6170;415.92;2.0;SELL
2016-03-16T01:12:48.280000;2016-03-16T01:12:48.417000;1f2d1837-59db-441c-b9c8-e8528102a654;415.91;7.17903;SELL
2016-03-16T01:12:48.280000;2016-03-16T01:12:48.417000;25149e66-2d13-4915-b33b-d63da3ccde55;415.91;0.2;SELL
2016-03-16T01:12:48.280000;2016-03-16T01:12:48.417000;9c31925a-2a8e-4bfa-bf8f-82547406be83;415.91;0.25;SELL
2016-03-16T01:12:48.280000;2016-03-16T01:12:48.417000;e428b91e-400e-4c1c-ae88-57133c7438e4;415.88;0.01;SELL
2016-03-16T01:12:48.280000;2016-03-16T01:12:48.437000;f7b507d5-c314-4379-8b9c-317d6353470e;415.86;0.181;SELL
2016-03-16T01:12:48.280000;2016-03-16T01:12:48.437000;ac5b5a6c-4fd1-489f-a017-5b59f247cda7;415.85;7.20975;SELL
2016-03-16T01:12:48.280000;2016-03-16T01:12:48.437000;6004425f-926d-4369-a4f3-fcb239689ba5;415.81;0.2;SELL
2016-03-16T01:12:48.280000;2016-03-16T01:12:48.437000;dfbba78d-c40e-4b7d-82cd-364e2cacb948;415.8;0.25;SELL
2016-03-16T01:12:48.280000;2016-03-16T01:12:48.437000;f8a11ffc-5ae6-4792-aae6-c553ea4367bf;415.76;0.224;SELL
2016-03-16T01:12:48.280000;2016-03-16T01:12:48.437000;dfb05b92-7654-458a-9bce-f9289a7b1a8d;415.72;0.01;SELL
2016-03-16T01:12:48.280000;2016-03-16T01:12:48.437000;b58ad4b7-1c3b-486e-8215-ea4ec17034bf;415.71;0.187;SELL
2016-03-16T01:12:48.280000;2016-03-16T01:12:48.437000;3c7f1309-6a18-4839-9c88-5bc32f134fad;415.7;0.1;SELL
2016-03-16T01:12:48.280000;2016-03-16T01:12:48.437000;455b402b-e842-42a9-8abe-ea297f45b250;415.69;1.06381;SELL
2016-03-16T01:13:01.520000;2016-03-16T01:13:01.560000;8619feca-db9b-4226-961d-76133c8e55d7;415.97;0.33;BUY
2016-03-16T01:13:01.520000;2016-03-16T01:13:01.577000;af148f90-4db3-4d0c-bc86-3b624fa906a9;415.97;1.17096;BUY
2016-03-16T01:13:31.413000;2016-03-16T01:13:31.453000;a1004c01-4398-4d24-b567-5ede1536bfbc;415.97;0.65854;BUY
2016-03-16T01:13:32.327000;2016-03-16T01:13:32.363000;ed764fd2-ac74-4b81-8904-e3b5a7ef644f;415.96;0.02;SELL
2016-03-16T01:13:32.327000;2016-03-16T01:13:32.380000;1bd1b2fa-2e6c-482b-8afd-d3f1c8cf0c39;415.82;0.088;SELL
2016-03-16T01:14:01.553000;2016-03-16T01:14:01.590000;3d2f56a4-b0db-4567-8d9f-77569db1ffe3;415.76;0.02;SELL
2016-03-16T01:14:01.553000;2016-03-16T01:14:01.620000;6842f2c7-8069-4e62-95a1-89c3d133cb69;415.76;0.113;SELL
2016-03-16T01:14:01.553000;2016-03-16T01:14:01.620000;06085f18-6040-4488-93a6-9b50af9e2492;415.75;0.01;SELL
2016-03-16T01:14:01.557000;2016-03-16T01:14:01.620000;988e22a0-d26d-442c-ba91-c8e47fe0c1b7;415.71;0.076;SELL
2016-03-16T01:14:01.557000;2016-03-16T01:14:01.663000;6c7a7a0a-7b32-490f-b89d-41a8b4e8b087;415.7;0.01;SELL
2016-03-16T01:14:01.557000;2016-03-16T01:14:01.687000;e84dfc72-92d2-4b58-bca1-14d5092c6d10;415.68;0.25;SELL
2016-03-16T01:14:01.557000;2016-03-16T01:14:01.687000;257b2c9a-01d2-4a6c-ba52-0d2949354153;415.66;1.5121711;SELL
2016-03-16T01:14:01.557000;2016-03-16T01:14:01.687000;83b18a0b-5da8-4851-90ee-209d573c76df;415.66;0.099;SELL
2016-03-16T01:14:01.557000;2016-03-16T01:14:01.687000;dd496952-90ca-4a67-83c8-09330dcc5e00;415.62;0.25;SELL
2016-03-16T01:14:01.557000;2016-03-16T01:14:01.687000;66c18df1-12d5-4139-833e-82e4c328d010;415.62;0.1714289;SELL
2016-03-16T01:14:31.503000;2016-03-16T01:14:31.537000;fc2bd7e9-92b2-4c2d-a479-b622d6845874;415.79;0.152;BUY
2016-03-16T01:14:31.503000;2016-03-16T01:14:31.573000;6c2a7049-24e3-4386-aee4-3b9251139831;415.79;0.00808;BUY
2016-03-16T01:15:01.427000;2016-03-16T01:15:01.457000;108f1963-20df-4f88-8d06-7018ab18fe83;415.86;0.47624;BUY
2016-03-16T01:15:31.397000;2016-03-16T01:15:31.427000;c3b5628c-99b3-453c-95cf-05521b292f8e;415.79;0.14604;BUY
2016-03-16T01:16:02.357000;2016-03-16T01:16:02.393000;fb98090a-7630-410d-b103-69202ff026fa;415.78;0.15991;BUY
2016-03-16T01:16:31.457000;2016-03-16T01:16:31.483000;fc81519d-76bc-4448-b8a5-1bb987629a02;415.75;0.02;SELL
2016-03-16T01:16:31.457000;2016-03-16T01:16:31.517000;67519fb2-b681-4060-8455-088951731fc0;415.74;0.25;SELL
2016-03-16T01:16:31.457000;2016-03-16T01:16:31.517000;02e9a094-021a-4b45-b9ae-a4e3370a3bd9;415.72;0.075;SELL
2016-03-16T01:16:31.457000;2016-03-16T01:16:31.517000;c60fec0a-96a3-402e-b772-c5693406fd8e;415.69;0.14;SELL
2016-03-16T01:16:31.457000;2016-03-16T01:16:31.517000;d1c38916-d0f8-45a4-9395-867633be47e2;415.67;0.119;SELL
2016-03-16T01:16:31.457000;2016-03-16T01:16:31.593000;0279cef2-f14f-434c-a384-94afb367d290;415.61;0.088;SELL
2016-03-16T01:16:31.457000;2016-03-16T01:16:31.593000;20919ce4-707d-4e94-a86e-09d907b663c8;415.56;0.04529;SELL
2016-03-16T01:17:01.510000;2016-03-16T01:17:01.537000;6b2f9c92-4d7d-4475-a0c1-811b8f457341;415.79;0.11905;BUY
2016-03-16T01:17:31.380000;2016-03-16T01:17:31.407000;13917780-52e8-4bb3-9af9-7bf9eb07eef3;415.75;0.02;SELL
2016-03-16T01:17:31.380000;2016-03-16T01:17:31.440000;c7d3a903-dfb3-42e2-8eb8-60c989d0c599;415.68;0.03;SELL
2016-03-16T01:17:31.380000;2016-03-16T01:17:31.440000;d1f1bdc6-98d0-4b7f-a664-ce53e47fa133;415.67;0.109;SELL
2016-03-16T01:17:31.380000;2016-03-16T01:17:31.440000;9152abbe-775f-4169-a0ae-de3c33f1c02e;415.62;0.085;SELL
2016-03-16T01:17:31.380000;2016-03-16T01:17:31.440000;6331105d-5ca6-424d-a4fb-a39dd88776b8;415.58;0.13229999;SELL
2016-03-16T01:17:31.380000;2016-03-16T01:17:31.490000;fc68d51b-adc5-4d99-ba08-bc39c3a57999;415.56;3.83740001;SELL
2016-03-16T01:18:01.463000;2016-03-16T01:18:01.487000;f362b1b3-20ce-486d-96d1-f6bb72883286;415.75;0.02;SELL
2016-03-16T01:18:01.463000;2016-03-16T01:18:01.527000;f4b3ffc2-8e8f-46a2-9d5a-aa8ea47efd83;415.66;0.01;SELL
2016-03-16T01:18:01.463000;2016-03-16T01:18:01.527000;8d50af52-c2f6-4c1e-9809-f370c66b2709;415.65;0.092;SELL
2016-03-16T01:18:01.463000;2016-03-16T01:18:01.527000;38724123-115d-48fc-b940-913bf0ef8345;415.58;0.09;SELL
2016-03-16T01:18:01.463000;2016-03-16T01:18:01.527000;c55b2521-7700-44f9-91f4-7e584271aa97;415.55;0.01;SELL
2016-03-16T01:18:01.463000;2016-03-16T01:18:01.527000;5e418b76-2878-47b0-82c0-ee559f2ef300;415.49;0.01;SELL
2016-03-16T01:18:01.463000;2016-03-16T01:18:01.567000;0b9d1a1f-4f10-4dbd-af7e-02b5ec1cbea8;415.41;0.1;SELL
2016-03-16T01:18:01.463000;2016-03-16T01:18:01.567000;c23567fe-df52-4159-92a8-32fbc4eea7f2;415.4;0.65108;SELL
2016-03-16T01:18:44.003000;2016-03-16T01:18:44.047000;eb6a3a80-d187-4e46-aca6-f76dc92f2068;415.77;0.01;BUY
2016-03-16T01:18:44.050000;2016-03-16T01:18:44.087000;ed19146f-0bed-4d1c-90ec-e2841e04ad0d;415.8;0.355;SELL
2016-03-16T01:19:01.443000;2016-03-16T01:19:01.507000;fd588a5c-bd21-4e32-9bd4-b15e8d1e1c42;415.82;0.15117;BUY
2016-03-16T01:19:36.127000;2016-03-16T01:19:36.187000;98b6fd65-2bd1-4a5a-b7e2-a672c420c708;415.82;0.328;BUY
2016-03-16T01:19:36.127000;2016-03-16T01:19:36.203000;da3f4108-307e-4dff-a2ab-2679f18aa499;415.83;0.09114;BUY
2016-03-16T01:20:01.720000;2016-03-16T01:20:01.777000;c147cab1-2e73-44dc-92b9-0afc1963a5bb;415.82;0.29763;BUY
2016-03-16T01:20:31.357000;2016-03-16T01:20:31.413000;d3fa4cc5-8fe3-4599-b00e-2dccb00c08a7;415.82;0.25715;BUY
2016-03-16T01:20:47.843000;2016-03-16T01:20:47.900000;836a429c-5977-45b2-89f5-22e312c9dffd;415.83;2.63871499;BUY
2016-03-16T01:21:01.407000;2016-03-16T01:21:01.460000;6a1e4277-d1c2-4e9d-9ca0-7f279d24eeac;415.83;0.0253;BUY
2016-03-16T01:21:32.577000;2016-03-16T01:21:32.633000;9212d031-608c-425c-950e-bdebfefbdfea;415.83;1.24484501;BUY
2016-03-16T01:21:32.577000;2016-03-16T01:21:32.650000;c4ce5666-ed97-4fea-ab6b-2454e9185b9c;415.83;0.05;BUY
2016-03-16T01:21:32.577000;2016-03-16T01:21:32.673000;41ada1a3-073e-409f-8821-4c332ebb40e1;415.84;2.37186499;BUY
2016-03-16T01:21:48.727000;2016-03-16T01:21:48.780000;98def20c-afc5-4baf-bebe-d0378f0bf1d7;415.84;0.04094486;BUY
2016-03-16T01:21:48.733000;2016-03-16T01:21:48.817000;dbc95881-2cbc-4734-a6aa-09c7fc0efc08;415.84;0.19420742;BUY
2016-03-16T01:21:48.750000;2016-03-16T01:21:48.820000;a171f3d5-3a53-4dab-9946-a5f9a89154ba;415.84;0.0344;BUY
2016-03-16T01:21:48.753000;2016-03-16T01:21:48.820000;c64c5198-9f54-4d44-a949-a7805798b514;415.84;0.06044772;BUY
2016-03-16T01:21:49.317000;2016-03-16T01:21:49.377000;a78c66e9-8388-4379-a059-14db4c0d0632;415.84;15.0;BUY
2016-03-16T01:21:57.747000;2016-03-16T01:21:57.800000;725e4a2e-b449-4dd4-995f-fb21db5d39b4;415.8;0.25;SELL
2016-03-16T01:21:57.747000;2016-03-16T01:21:57.817000;4d9c44ac-1243-4e5f-978e-593f8ffceb2c;415.8;0.091;SELL
2016-03-16T01:21:57.747000;2016-03-16T01:21:57.853000;ed19b6b0-e15a-4a77-8912-ff589888f5c1;415.75;0.00630727;SELL
2016-03-16T01:22:01.523000;2016-03-16T01:22:01.577000;0102b333-1718-44c1-a80e-633655d00f6f;415.84;0.14274;BUY
2016-03-16T01:22:31.460000;2016-03-16T01:22:31.513000;77cbe551-294b-44fe-b81c-5800064e0bbb;415.83;0.1976;BUY
2016-03-16T01:23:01.527000;2016-03-16T01:23:01.580000;ff9a068b-57f8-46f6-8ee3-ee129304cf54;415.83;0.26667;BUY
2016-03-16T01:24:01.710000;2016-03-16T01:24:01.757000;cecc8e5b-43a9-4e73-b7cc-b1eb3b9d9e9c;415.83;0.03573;BUY
2016-03-16T01:24:01.710000;2016-03-16T01:24:01.773000;2790f276-31c8-4c97-8873-23e0a84b21fe;415.83;0.09;BUY
2016-03-16T01:24:01.710000;2016-03-16T01:24:01.787000;c34bccd1-d159-4989-a1cb-1592af87da1c;415.84;0.97427;BUY
2016-03-16T01:24:31.600000;2016-03-16T01:24:31.647000;2c9d40fe-40c5-41c9-807c-e36d94e6392f;415.84;0.37;BUY
2016-03-16T01:25:02.820000;2016-03-16T01:25:02.867000;e4221a1b-5390-46d2-88a1-cb6e1037b966;415.84;1.27061;BUY
2016-03-16T01:25:31.367000;2016-03-16T01:25:31.413000;1c0109e3-d1f8-4e74-a7de-3872a6ff11e5;415.76;0.18293;SELL
2016-03-16T01:26:01.403000;2016-03-16T01:26:01.443000;7132c3a6-69b3-4698-b7cf-dbfa05e5d711;415.84;0.04285;BUY
2016-03-16T01:26:31.543000;2016-03-16T01:26:31.583000;f057166e-744d-4430-b70c-8730a3358ae7;415.84;0.33333;BUY
2016-03-16T01:27:01.540000;2016-03-16T01:27:01.600000;9eed39a0-35fc-4910-ab8a-df8c89f9a462;415.83;0.01;BUY
2016-03-16T01:27:18.157000;2016-03-16T01:27:18.197000;7f9ba98c-96d2-438a-8cc3-87dd1be907d2;415.76;0.06707;SELL
2016-03-16T01:27:18.157000;2016-03-16T01:27:18.233000;918ea7f4-ac4b-4589-8ec3-eea2a2827409;415.75;0.02;SELL
2016-03-16T01:27:18.157000;2016-03-16T01:27:18.233000;f2962781-306b-4a5c-90e7-4fcfe7414ee5;415.72;0.25;SELL
2016-03-16T01:27:18.157000;2016-03-16T01:27:18.253000;61631464-b05b-4d75-b9b4-969e175be694;415.71;0.09;SELL
2016-03-16T01:27:18.157000;2016-03-16T01:27:18.253000;b15888e3-4e57-4cdc-9f2b-e7fc1d5313d2;415.68;0.25;SELL
2016-03-16T01:27:18.157000;2016-03-16T01:27:18.253000;14095801-028b-4caa-abe5-03bbc43c5fba;415.68;0.05;SELL
2016-03-16T01:27:18.157000;2016-03-16T01:27:18.267000;b964ace5-fc1b-4ad9-aa36-fef2dd448643;415.63;0.25;SELL
2016-03-16T01:27:18.157000;2016-03-16T01:27:18.267000;61c2ee1c-b137-4404-a647-74781539e3e8;415.6;0.093;SELL
2016-03-16T01:27:18.157000;2016-03-16T01:27:18.270000;d6839ccc-5d4b-4c17-9cc6-d8432905ca25;415.57;1.0;SELL
2016-03-16T01:27:18.157000;2016-03-16T01:27:18.270000;dbfadbcd-cdad-4f3b-bb11-b9ac296396cd;415.55;0.073;SELL
2016-03-16T01:27:18.157000;2016-03-16T01:27:18.270000;db42ef38-55b8-4415-a90a-37fb41fb57b6;415.54;2.8;SELL
2016-03-16T01:27:18.203000;2016-03-16T01:27:18.293000;2f5d699f-a759-4baf-a101-7addefa15c6c;415.54;0.05;BUY
2016-03-16T01:27:32.470000;2016-03-16T01:27:32.517000;4f02eaee-1863-4647-ac41-8a2cad21db6b;415.56;0.01;SELL
2016-03-16T01:27:32.470000;2016-03-16T01:27:32.540000;800da597-78eb-4adc-9b26-a32cd1cadec9;415.55;0.00118;SELL
2016-03-16T01:28:01.747000;2016-03-16T01:28:01.803000;97f2bf65-dead-4baa-bcf7-af0f4eeee8de;415.68;0.08778;BUY
2016-03-16T01:28:31.473000;2016-03-16T01:28:31.510000;9b06b645-7511-4b3d-a850-51756ffd064b;415.69;0.01;BUY
2016-03-16T01:28:31.473000;2016-03-16T01:28:31.543000;e0f9d469-af45-4d5e-ad5a-e0473562558e;415.69;0.317;BUY
2016-03-16T01:28:31.473000;2016-03-16T01:28:31.543000;c2b9c7ed-aac5-4360-bb79-031fadf27b64;415.69;0.05;BUY
2016-03-16T01:28:31.473000;2016-03-16T01:28:31.543000;e0348d98-36c3-4515-b49a-fd6ab25fa74a;415.73;0.05078;BUY
2016-03-16T01:28:38.340000;2016-03-16T01:28:38.407000;5b387116-7691-4ad6-9d48-6ebb76a88434;415.75;0.05;BUY
2016-03-16T01:28:38.340000;2016-03-16T01:28:38.410000;c48d33a5-3270-47dd-a0b8-c4ab8891e4bc;415.78;0.05;BUY
2016-03-16T01:28:38.340000;2016-03-16T01:28:38.410000;5d75e17a-6329-4292-83fc-8058e5410936;415.78;0.08;BUY
2016-03-16T01:29:01.887000;2016-03-16T01:29:01.960000;e638e862-5edf-426f-83be-7467b34e6b78;415.73;1.12;BUY
2016-03-16T01:29:01.887000;2016-03-16T01:29:01.960000;d4df4ea7-51f0-4fba-a6fe-cc769c5fecbf;415.74;0.29;BUY
2016-03-16T01:29:01.887000;2016-03-16T01:29:01.960000;d6008b2e-27d0-4254-8b11-2869671157dc;415.74;1.0;BUY
2016-03-16T01:29:01.887000;2016-03-16T01:29:01.960000;ffee62c9-9629-4327-b87f-5be37f7d306d;415.75;2.8;BUY
2016-03-16T01:29:01.890000;2016-03-16T01:29:01.960000;aacaf2e4-c442-4b9c-9cc2-777b550f2801;415.76;2.0;BUY
2016-03-16T01:29:01.890000;2016-03-16T01:29:01.960000;8e11b3bb-2742-4c98-ad76-0529bf6f26fb;415.77;0.19181;BUY
2016-03-16T01:29:31.673000;2016-03-16T01:29:31.723000;2168be6e-4a86-4cd5-8669-b81366a88005;415.8;0.25;BUY
2016-03-16T01:29:31.673000;2016-03-16T01:29:31.723000;1c2e2d11-c114-4223-92e1-6dbba3cd1535;415.8;0.254;BUY
2016-03-16T01:29:31.677000;2016-03-16T01:29:31.740000;006d7bd6-3b14-4d0e-8391-d1ee12ee3d52;415.81;1.2192;BUY
2016-03-16T01:29:31.677000;2016-03-16T01:29:31.740000;b8484756-777c-4b04-8870-8adcb114ca73;415.81;0.9747;BUY
2016-03-16T01:29:31.677000;2016-03-16T01:29:31.743000;a818d569-2d99-4c37-bbf0-b8590ff2129e;415.83;3.42115;BUY
2016-03-16T01:30:01.790000;2016-03-16T01:30:01.827000;1f82cb13-2998-44de-82b2-302690b7207e;415.82;0.269;BUY
2016-03-16T01:30:01.790000;2016-03-16T01:30:01.850000;f9ea7912-c352-4746-a15e-967e0bc0d25a;415.82;0.01;BUY
2016-03-16T01:30:01.793000;2016-03-16T01:30:01.867000;25573b5b-f725-4e08-98c2-9dafb61ac75c;415.83;1.79246;BUY
2016-03-16T01:30:31.463000;2016-03-16T01:30:31.493000;9aff03bb-0f2b-4c40-8943-05931c076834;415.82;0.26;BUY
2016-03-16T01:30:31.463000;2016-03-16T01:30:31.510000;6ec4d55c-dfec-435e-a2dc-692216e9d1ea;415.83;0.26906;BUY
2016-03-16T01:30:38.820000;2016-03-16T01:30:38.853000;b0dd06e1-a728-4815-9ad9-646d7300a131;415.83;0.24;BUY
2016-03-16T01:30:38.820000;2016-03-16T01:30:38.873000;37c56047-ecb4-42b5-bef9-747b7462312d;415.84;5.68651418;BUY
2016-03-16T01:31:04.193000;2016-03-16T01:31:04.227000;e19a86ef-249f-4e8f-bba3-418e216e6563;415.83;0.212;BUY
2016-03-16T01:31:04.197000;2016-03-16T01:31:04.227000;e21d9ac3-2c19-4a99-980c-5300791281b1;415.84;0.284;BUY
2016-03-16T01:31:04.197000;2016-03-16T01:31:04.260000;5043138f-f56c-43b1-a118-3c0de0c1db76;415.84;0.124;BUY
2016-03-16T01:31:31.740000;2016-03-16T01:31:31.770000;8a04d0be-c4c7-434b-9076-9a92db3d4f8e;415.73;0.02845;SELL
2016-03-16T01:32:01.927000;2016-03-16T01:32:01.960000;c7f93261-62ce-4db7-a919-fc25a898ca25;415.73;0.1427;SELL
2016-03-16T01:32:31.710000;2016-03-16T01:32:31.750000;a0eb6607-a0ed-44fb-a1f7-6e2bdbf95c06;415.73;0.07885;SELL
2016-03-16T01:32:31.710000;2016-03-16T01:32:31.750000;dd0a1cea-d166-4b5f-8d81-6eee4bd6bada;415.73;0.12;SELL
2016-03-16T01:32:31.710000;2016-03-16T01:32:31.750000;27a0b548-86e4-4cd5-8487-5fe1815e1e32;415.72;0.25;SELL
2016-03-16T01:32:31.710000;2016-03-16T01:32:31.750000;31d4c36b-0bd9-4db5-9a27-49db76220c18;415.69;2.16096;SELL
2016-03-16T01:32:51.493000;2016-03-16T01:32:51.530000;4532f836-89d3-4c47-9399-cf685925054a;415.72;0.25;SELL
2016-03-16T01:32:51.493000;2016-03-16T01:32:51.530000;1dfd8e8b-0f33-459b-9a6c-ebbb83c962bf;415.72;0.09;SELL
2016-03-16T01:32:51.493000;2016-03-16T01:32:51.530000;e1366f02-0d6e-4116-bbbe-00acf5a0ea5f;415.66;0.28;SELL
2016-03-16T01:32:51.493000;2016-03-16T01:32:51.547000;99dc92d4-8ce9-46eb-861f-d270f2048bcb;415.65;0.8;SELL
2016-03-16T01:32:51.493000;2016-03-16T01:32:51.547000;fa957e15-a794-44dc-80b8-badf3305b1e6;415.63;0.23;SELL
2016-03-16T01:32:51.493000;2016-03-16T01:32:51.547000;933e18d5-851a-4f17-8146-7e5fdf2166b7;415.62;0.434;SELL
2016-03-16T01:32:51.493000;2016-03-16T01:32:51.577000;4c4dc8eb-4bdb-40d5-ab1a-45447d286740;415.62;0.15;SELL
2016-03-16T01:33:01.570000;2016-03-16T01:33:01.610000;0edee05a-3bff-406a-a376-743699cd12c1;415.62;1.09527;BUY
2016-03-16T01:33:16.237000;2016-03-16T01:33:16.277000;7a906ef8-b900-4d61-a443-0f40ca9e9660;415.59;0.01;SELL
2016-03-16T01:33:16.237000;2016-03-16T01:33:16.277000;3bbce3c5-9017-471b-a595-d54471d9174b;415.58;0.25;SELL
2016-03-16T01:33:16.237000;2016-03-16T01:33:16.277000;2a31362c-ffb8-4a08-b268-0100e53f884a;415.58;0.149;SELL
2016-03-16T01:33:16.237000;2016-03-16T01:33:16.277000;4da02d1b-fe78-4ab8-92a8-b5d5e6d50761;415.56;0.25;SELL
2016-03-16T01:33:16.240000;2016-03-16T01:33:16.300000;eac1cf00-b28b-4c2c-b874-3f3535d391b8;415.55;0.00882;SELL
2016-03-16T01:33:16.240000;2016-03-16T01:33:16.300000;87a2bd13-1197-4462-8539-e72ca234d0e7;415.53;0.098;SELL
2016-03-16T01:33:16.240000;2016-03-16T01:33:16.300000;ee58ea70-8dad-485e-b0aa-9135367e2e0b;415.51;0.01;SELL
2016-03-16T01:33:16.240000;2016-03-16T01:33:16.300000;39a564fb-afee-481f-b6c3-ce9b99c2fbe7;415.42;0.44433853;SELL
2016-03-16T01:33:16.503000;2016-03-16T01:33:16.553000;9232cbde-1313-4c4f-9183-7a58c5876244;415.43;0.25;SELL
2016-03-16T01:33:16.503000;2016-03-16T01:33:16.553000;d1e7bfed-4d05-4d87-89c0-a6d3c900bfad;415.42;0.97015853;SELL
2016-03-16T01:33:17.467000;2016-03-16T01:33:17.493000;91335b5b-997e-4a37-8785-7aff9b714932;415.43;0.25;SELL
2016-03-16T01:33:17.470000;2016-03-16T01:33:17.507000;6fb1ab7d-b845-4b96-8765-0d8c84f22567;415.43;0.01;SELL
2016-03-16T01:33:17.470000;2016-03-16T01:33:17.510000;17898714-59b5-4a44-a239-cc0859647534;415.43;0.01;SELL
2016-03-16T01:33:31.503000;2016-03-16T01:33:31.537000;292f2ea2-340b-4a68-88fb-ddc6b67075a3;415.41;0.0615;SELL
2016-03-16T01:34:01.613000;2016-03-16T01:34:01.673000;d79c4664-d7b7-499b-b3dc-90703d4c465d;415.42;0.95015853;BUY
2016-03-16T01:34:01.613000;2016-03-16T01:34:01.690000;4b0b8648-29ee-4b25-b3bc-b2e87a568734;415.42;0.67;BUY
2016-03-16T01:34:01.613000;2016-03-16T01:34:01.707000;55ad6d50-ed24-4a62-bd64-b5e4e055c1d1;415.42;0.05;BUY
2016-03-16T01:34:01.613000;2016-03-16T01:34:01.707000;beb8cd92-de07-4c73-b3de-43ee9f3aab40;415.44;0.70984147;BUY
2016-03-16T01:34:31.577000;2016-03-16T01:34:31.637000;e44a6f71-676a-426c-8c29-d96ad6ffb537;415.41;0.25;SELL
2016-03-16T01:34:31.577000;2016-03-16T01:34:31.660000;fb93005a-86e5-4586-adae-bffe85edfcac;415.4;0.30492;SELL
2016-03-16T01:36:01.703000;2016-03-16T01:36:01.760000;17b61a2a-657c-4fff-beca-386383e244a8;415.49;0.04;BUY
2016-03-16T01:36:01.707000;2016-03-16T01:36:01.777000;bd6afb1f-6d5a-4273-8aca-def9e63152c8;415.49;0.04;BUY
2016-03-16T01:36:01.707000;2016-03-16T01:36:01.793000;6fa0655b-f277-48f5-a753-7cc3c032f31d;415.49;0.27;BUY
2016-03-16T01:36:01.707000;2016-03-16T01:36:01.793000;40cab710-d8c9-4b25-8283-38aa93040252;415.5;1.40076;BUY
2016-03-16T01:36:14.937000;2016-03-16T01:36:15.003000;909d48c3-f5bb-4176-add1-0a4230c4300d;415.47;0.01;SELL
2016-03-16T01:36:14.937000;2016-03-16T01:36:15.003000;f92f1837-9406-406e-9baa-e857f252b2b6;415.46;0.25;SELL
2016-03-16T01:36:31.763000;2016-03-16T01:36:31.837000;9b2bf9bd-26da-49ea-a1ce-e471cb10e4de;415.42;0.01;SELL
2016-03-16T01:36:31.763000;2016-03-16T01:36:31.837000;8e114efd-7319-43f6-adf4-8ef5dc35dca0;415.41;0.0295;SELL
2016-03-16T01:36:33.127000;2016-03-16T01:36:33.180000;0cad52f0-70c5-4774-ae1b-0eea17720fb4;415.5;0.27;BUY
2016-03-16T01:36:50.450000;2016-03-16T01:36:50.507000;8f6a5c34-2bd7-49d1-8741-297ce0689c9c;415.41;0.2205;SELL
2016-03-16T01:37:02.020000;2016-03-16T01:37:02.073000;7e143ca8-bcd8-4c3e-b6cd-212c1a2f9fd5;415.41;0.25;SELL
2016-03-16T01:37:02.020000;2016-03-16T01:37:02.090000;5e7a339e-6c38-4c66-bea1-de1c6d12fea3;415.41;0.1388;SELL
2016-03-16T01:37:22.663000;2016-03-16T01:37:22.720000;14aff40d-251c-4033-ba21-86cf38054fed;415.42;0.25;SELL
2016-03-16T01:37:22.663000;2016-03-16T01:37:22.737000;ab6dc281-ce13-44e3-a0c2-873982418d38;415.42;0.396;SELL
2016-03-16T01:37:31.677000;2016-03-16T01:37:31.733000;5cadd255-e765-4eab-8e20-b92b15ec4738;415.51;0.06909;BUY
2016-03-16T01:37:54.100000;2016-03-16T01:37:54.150000;640d199d-090b-4a3a-b5f9-19c9170ee994;415.41;0.25;SELL
2016-03-16T01:37:54.100000;2016-03-16T01:37:54.190000;50be46b8-63bc-4405-bf76-f1ff740cd834;415.41;0.392;SELL
2016-03-16T01:38:01.737000;2016-03-16T01:38:01.790000;d3bc217f-7ad8-43b4-b2ee-4a8532065c1a;415.4;8.61486;SELL
2016-03-16T01:38:01.737000;2016-03-16T01:38:01.807000;25e5e516-7477-4a99-b81f-673daff80174;415.4;0.02;SELL
2016-03-16T01:38:01.737000;2016-03-16T01:38:01.827000;c9f75250-3d4d-4b59-98ac-f9d0a38422f7;415.39;0.25;SELL
2016-03-16T01:38:01.737000;2016-03-16T01:38:01.830000;a7c5bab8-f033-4936-9c3c-3495dda1f5ce;415.34;0.356;SELL
2016-03-16T01:38:01.737000;2016-03-16T01:38:01.830000;1a80cee1-ab8f-404f-8204-a9234c773dd6;415.33;0.01;SELL
2016-03-16T01:38:01.737000;2016-03-16T01:38:01.890000;bcfaf4d3-8795-4f85-80d7-5f50b92d2c60;415.32;0.25;SELL
2016-03-16T01:38:01.737000;2016-03-16T01:38:01.890000;a1287879-832f-4842-92e8-b15962b077a8;415.29;0.14674958;SELL
2016-03-16T01:38:01.737000;2016-03-16T01:38:01.890000;cdfdeab2-ea89-4bf8-8e3d-c989bf5e3b70;415.27;0.03641273;SELL
2016-03-16T01:38:01.737000;2016-03-16T01:38:01.893000;3a1c7de8-9287-4e2e-8482-6b299671e44a;415.26;0.08890769;SELL
2016-03-16T01:38:31.637000;2016-03-16T01:38:31.693000;ac691fea-1b11-421e-9ecd-031a9118c660;415.38;0.323;BUY
2016-03-16T01:38:31.637000;2016-03-16T01:38:31.693000;ffcb65cd-47b0-4c00-a350-d24d16053960;415.38;0.36;BUY
2016-03-16T01:38:31.637000;2016-03-16T01:38:31.727000;96ed5948-93d6-47ef-ac5d-b383745ebc8f;415.39;2.15308;BUY
2016-03-16T01:38:33.427000;2016-03-16T01:38:33.480000;a1a21709-b4c9-4df1-bb7e-f46ffa3d6fd0;415.39;2.03392;BUY
2016-03-16T01:38:33.430000;2016-03-16T01:38:33.497000;f0de85d3-60e4-4fde-8bbf-000de9cd3a09;415.39;0.05;BUY
2016-03-16T01:38:33.430000;2016-03-16T01:38:33.517000;96503f9e-ba00-44d4-bad9-6e6bdf2a9465;415.41;16.65144395;BUY
2016-03-16T01:39:02.253000;2016-03-16T01:39:02.303000;4aaf5720-0769-495e-8e6d-5200b66a84fe;415.37;0.315;BUY
2016-03-16T01:39:02.253000;2016-03-16T01:39:02.320000;9a0d2eb7-3e64-4a7d-bc1d-536696db86b6;415.38;0.63842;BUY
2016-03-16T01:39:10.333000;2016-03-16T01:39:10.390000;031a2168-8ba7-44a2-9f92-67f15372edfe;415.32;0.01;SELL
2016-03-16T01:39:10.333000;2016-03-16T01:39:10.390000;dc73daaa-1005-4854-ba8b-26a94ed626ca;415.31;0.01;SELL
2016-03-16T01:39:10.333000;2016-03-16T01:39:10.410000;2d232449-b160-42b2-ad02-afedefdf9cea;415.3;0.25;SELL
2016-03-16T01:39:10.333000;2016-03-16T01:39:10.410000;77a9616b-00ab-46f9-a946-d8687e56c720;415.25;0.1706;SELL
2016-03-16T01:39:10.333000;2016-03-16T01:39:10.410000;7b016129-f73a-40d4-9121-7893eb1103e2;415.24;1.0;SELL
2016-03-16T01:39:10.333000;2016-03-16T01:39:10.410000;80722e83-0f64-486d-8be8-c73f7ca5af3d;415.24;2.0;SELL
2016-03-16T01:39:10.333000;2016-03-16T01:39:10.427000;bf595291-4fda-43e3-9ac5-190dfe2ac7a3;415.24;0.05;SELL
2016-03-16T01:39:10.333000;2016-03-16T01:39:10.427000;a7342f54-d3d1-44bc-a795-318b38094412;415.24;0.093;SELL
2016-03-16T01:39:10.333000;2016-03-16T01:39:10.427000;ec1a1d1c-3172-4aa4-8047-d3930ccc1e55;415.23;2.5304;SELL
2016-03-16T01:39:31.723000;2016-03-16T01:39:31.797000;4fc6c06b-f4d7-494c-8d5e-ad6d0a06bd4e;415.37;0.301;BUY
2016-03-16T01:39:31.723000;2016-03-16T01:39:31.800000;45fae1f9-e9e4-42c7-b401-99570a7568d7;415.38;1.51458;BUY
2016-03-16T01:39:31.723000;2016-03-16T01:39:31.800000;82e78d84-e4df-46fc-b7ae-261b9ad9da75;415.42;0.293;BUY
2016-03-16T01:39:31.723000;2016-03-16T01:39:31.800000;7b600bb5-0801-4472-8763-7df9f8944cce;415.42;0.05;BUY
2016-03-16T01:39:31.723000;2016-03-16T01:39:31.813000;68f729f8-6d51-486a-b6c3-0b5e5c77b2ca;415.44;0.02;BUY
2016-03-16T01:39:31.723000;2016-03-16T01:39:31.813000;f54375cc-4435-4f9a-a562-3ff7c8a30c04;415.44;0.05;BUY
2016-03-16T01:39:31.723000;2016-03-16T01:39:31.830000;c3463844-9f33-4408-a538-2f09740239f4;415.45;0.01;BUY
2016-03-16T01:39:31.727000;2016-03-16T01:39:31.830000;692a57bc-d3e6-4ce3-8085-0789a4be5ee3;415.47;0.46934;BUY
2016-03-16T01:40:01.607000;2016-03-16T01:40:01.653000;2b815809-be4a-491d-b2b9-c105293925a8;415.36;1.9294;BUY
2016-03-16T01:40:01.607000;2016-03-16T01:40:01.670000;5fed02c6-d9ae-4644-8bd8-dbe0e3f539d2;415.37;0.252;BUY
2016-03-16T01:40:01.607000;2016-03-16T01:40:01.683000;9d95a772-21c1-442e-87bb-c4b4f4ccded1;415.39;1.592;BUY
2016-03-16T01:40:01.607000;2016-03-16T01:40:01.683000;d98c65be-2a01-47d1-83d7-ba7b048d760b;415.4;0.01;BUY
2016-03-16T01:40:01.607000;2016-03-16T01:40:01.683000;69630285-389e-4f78-86c7-4b057ac5b4be;415.42;0.274;BUY
2016-03-16T01:40:01.607000;2016-03-16T01:40:01.683000;eabaa9db-06b0-47d3-8236-0bc4c5bfaf41;415.46;0.01;BUY
2016-03-16T01:40:01.607000;2016-03-16T01:40:01.740000;df17e581-7ab5-4c35-a7e2-9d6b0067a29f;415.47;0.288;BUY
2016-03-16T01:40:01.607000;2016-03-16T01:40:01.760000;ef507cc3-b426-42be-b0d6-43207eab21d4;415.49;0.01;BUY
2016-03-16T01:40:01.607000;2016-03-16T01:40:01.760000;e1d35da4-ea43-4df3-9d49-979ba0c7354f;415.51;1.15106853;BUY
2016-03-16T01:40:01.607000;2016-03-16T01:40:01.760000;3e6a496c-b69d-4f1e-981c-cd5f6d1c1d7f;415.52;0.01952147;BUY
2016-03-16T01:40:22.317000;2016-03-16T01:40:22.360000;5e81e7fd-07e2-4ffe-8856-e2a3b7b2edf5;415.39;0.03;BUY
2016-03-16T01:40:31.583000;2016-03-16T01:40:31.633000;ee36e5dc-8b10-4c1e-a7b7-0f7a3947cfd6;415.53;0.211;BUY
2016-03-16T01:40:31.583000;2016-03-16T01:40:31.653000;bb22bcf1-fed8-4088-94d2-f2410a79c6d1;415.54;0.89363;BUY
2016-03-16T01:41:01.677000;2016-03-16T01:41:01.720000;7a686a91-54db-4044-8b0b-aa96b6b2ecea;415.43;0.12943;SELL
2016-03-16T01:42:50.510000;2016-03-16T01:42:50.550000;91bc2998-2aaa-4c3d-a37b-c7c72f6f722f;415.43;0.12057;SELL
2016-03-16T01:42:50.510000;2016-03-16T01:42:50.567000;4393bf65-4ff5-4a29-a578-0ec8e5eeae1d;415.43;0.08;SELL
2016-03-16T01:42:50.510000;2016-03-16T01:42:50.567000;cece80bc-5962-432b-a8f6-bc548e7be86e;415.42;0.25;SELL
2016-03-16T01:42:50.510000;2016-03-16T01:42:50.567000;34831c15-2a85-4684-b8e7-57ffa6cf6eab;415.42;0.14;SELL
2016-03-16T01:42:50.510000;2016-03-16T01:42:50.593000;1ae7d1b8-e99b-45d6-93e2-b0294cfb28e0;415.4;0.05;SELL
2016-03-16T01:42:50.510000;2016-03-16T01:42:50.593000;40c385a2-da54-4c5f-bfcc-4c527f7c30b2;415.39;4.35943;SELL
2016-03-16T01:43:01.507000;2016-03-16T01:43:01.547000;5d5353a0-626b-4c04-a698-3d1f924d62a6;415.55;0.01;BUY
2016-03-16T01:43:01.507000;2016-03-16T01:43:01.563000;c21cfd89-9d5f-41f3-bf5f-e1d1bc66ae51;415.55;0.27;BUY
2016-03-16T01:43:01.507000;2016-03-16T01:43:01.580000;b4162ade-e721-4324-8978-7fedbeef4f53;415.56;0.01;BUY
2016-03-16T01:43:01.507000;2016-03-16T01:43:01.580000;03a33d18-f730-4aa7-8320-dbbedf873c06;415.56;0.25;BUY
2016-03-16T01:43:01.507000;2016-03-16T01:43:01.580000;e204680d-daac-4b9b-868b-b9f09b4582bc;415.56;0.01;BUY
2016-03-16T01:43:01.507000;2016-03-16T01:43:01.657000;322a39cf-8fec-4465-927d-00e902a17261;415.6;1.22015853;BUY
2016-03-16T01:43:01.507000;2016-03-16T01:43:01.657000;c9d92293-b1f7-49fc-9c85-9c38dd99dd91;415.6;0.01;BUY
2016-03-16T01:43:01.507000;2016-03-16T01:43:01.657000;cf2bf936-0db4-45bc-90f5-37d459a84a4b;415.61;0.01;BUY
2016-03-16T01:43:01.507000;2016-03-16T01:43:01.657000;342a6fb5-6a32-4950-8744-b2437a48bcf6;415.63;0.25;BUY
2016-03-16T01:43:01.510000;2016-03-16T01:43:01.657000;30bf81f9-efe9-4031-ab94-04b05815c6ab;415.63;1.0;BUY
2016-03-16T01:43:01.510000;2016-03-16T01:43:01.657000;ac030efe-e514-4d2d-a499-802e4f41b409;415.64;0.137;BUY
2016-03-16T01:43:01.510000;2016-03-16T01:43:01.657000;d2173b90-be1a-4251-909d-6fd1b3146071;415.65;0.56;BUY
2016-03-16T01:43:01.510000;2016-03-16T01:43:01.657000;4835cf08-5afe-4595-b14b-3819898f57a3;415.66;0.25;BUY
2016-03-16T01:43:01.510000;2016-03-16T01:43:01.657000;60a5c04f-a39b-4603-90ea-0cd3f07dea8b;415.66;0.6647;BUY
2016-03-16T01:43:01.510000;2016-03-16T01:43:01.657000;ce65dbe0-7f46-49e8-b3f3-b17f538b5ee0;415.67;0.48414147;BUY
2016-03-16T01:43:31.510000;2016-03-16T01:43:31.547000;41b4c2a2-46ba-4354-8f7e-2bb1cd46f203;415.66;0.0931;BUY
2016-03-16T01:44:31.793000;2016-03-16T01:44:31.850000;58bc11ef-c680-45d5-a254-7463480ae76b;415.55;0.25;SELL
2016-03-16T01:44:31.793000;2016-03-16T01:44:31.850000;9fd6c4a3-d92c-4124-a44c-b5869482073c;415.55;0.21;SELL
2016-03-16T01:44:31.793000;2016-03-16T01:44:31.853000;65d983d6-8c68-4ecd-bb66-aa6aa643b726;415.54;0.25;SELL
2016-03-16T01:44:31.793000;2016-03-16T01:44:31.853000;41157e7f-a434-45f1-97a1-034de09decd9;415.53;0.175;SELL
2016-03-16T01:44:31.793000;2016-03-16T01:44:31.870000;d755890b-6adc-4928-9f0c-7960372254d1;415.53;0.15;SELL
2016-03-16T01:44:31.797000;2016-03-16T01:44:31.887000;c7c3abf6-ad1d-462d-9e65-6cfeca60d554;415.41;18.95826;SELL
2016-03-16T01:45:01.630000;2016-03-16T01:45:01.667000;b104742e-99e9-4c96-a7dc-59ba473e6a45;415.51;0.25;SELL
2016-03-16T01:45:01.633000;2016-03-16T01:45:01.667000;bc52ac9e-cf69-437b-9f4d-5af36a0e15de;415.46;0.66994;SELL
2016-03-16T01:45:31.867000;2016-03-16T01:45:31.910000;07fe7392-0726-4391-990f-25be3fbf8f1f;415.66;0.5016;BUY
2016-03-16T01:45:31.867000;2016-03-16T01:45:31.910000;4788d47f-c334-4254-888e-ab2afef2b4f4;415.66;0.23;BUY
2016-03-16T01:45:31.867000;2016-03-16T01:45:31.923000;4693c461-a61f-450b-8ef8-7ea053208a8d;415.67;1.6;BUY
2016-03-16T01:45:31.867000;2016-03-16T01:45:31.923000;4a9216bf-9aed-483a-bf58-ebac62c9738a;415.67;0.05;BUY
2016-03-16T01:45:31.867000;2016-03-16T01:45:31.940000;63ea2292-b7f4-45a9-bb9d-0535ad680ca3;415.68;4.8997;BUY
2016-03-16T01:46:01.673000;2016-03-16T01:46:01.700000;96a42dfa-5bbc-490e-a511-bb13ade85f42;415.54;0.06175;SELL
2016-03-16T01:47:08.537000;2016-03-16T01:47:08.567000;735c08a4-5ee4-4c03-b976-4984c819fe5d;415.54;0.18825;SELL
2016-03-16T01:47:08.540000;2016-03-16T01:47:08.583000;eb8b9555-99df-4bdc-85b4-9d4f4f73dafb;415.54;0.152;SELL
2016-03-16T01:47:08.540000;2016-03-16T01:47:08.610000;67af0846-2210-44d2-8024-df61bdaf2c14;415.54;0.28;SELL
2016-03-16T01:47:08.540000;2016-03-16T01:47:08.610000;929a57bc-1277-43cb-9dfb-8f15e955ceea;415.51;0.3288;SELL
2016-03-16T01:47:59.190000;2016-03-16T01:47:59.213000;cf5be46a-8983-4db4-8bbd-d7457bf39427;415.53;0.05;SELL
2016-03-16T01:48:00.713000;2016-03-16T01:48:00.740000;1122c840-3590-46bf-b4f2-476183b614c1;415.53;0.2;SELL
2016-03-16T01:48:00.713000;2016-03-16T01:48:00.757000;5aab3a87-ba93-457a-9e4f-069b8535ce11;415.53;0.4;SELL
2016-03-16T01:48:00.713000;2016-03-16T01:48:00.770000;8adf2a96-819c-47ab-957b-6342944590eb;415.51;0.84;SELL
2016-03-16T01:48:00.713000;2016-03-16T01:48:00.793000;bac60753-0926-4df4-b97b-a45103df69ef;415.5;1.00722;SELL
2016-03-16T01:48:30.683000;2016-03-16T01:48:30.707000;1c29d27f-03c4-4940-854e-e76b4bb9f661;415.55;0.06498;BUY
2016-03-16T01:49:00.697000;2016-03-16T01:49:00.757000;f4b40fc3-8d05-4b9d-92ae-e52debdebe94;415.55;1.13087;BUY
2016-03-16T01:49:30.717000;2016-03-16T01:49:30.803000;bd3ac1c3-851d-4ea9-9afb-286d9f636583;415.54;0.16578;SELL
2016-03-16T01:50:00.803000;2016-03-16T01:50:00.863000;e3955850-b02f-4bff-aed0-a997de3da2e4;415.63;0.25;BUY
2016-03-16T01:50:00.803000;2016-03-16T01:50:00.890000;dcdd78d6-8adc-4947-aaf2-4d098848e718;415.64;0.1123;BUY
2016-03-16T01:50:30.873000;2016-03-16T01:50:30.937000;f8b0d76a-ac9c-4648-a11d-b061c9b02721;415.67;0.1706;BUY
2016-03-16T01:50:30.873000;2016-03-16T01:50:30.953000;2151b5eb-1f97-4aba-ba1b-9c8b9d122ed1;415.67;0.08901;BUY
2016-03-16T01:50:46.477000;2016-03-16T01:50:46.537000;cd621157-1fd5-4c8c-836c-5a9ae6aaa673;415.56;0.10060881;SELL
2016-03-16T01:50:50.107000;2016-03-16T01:50:50.167000;1a6ba463-d02a-49a0-a34a-abb135db8bf1;415.56;0.04527643;SELL
2016-03-16T01:50:54.023000;2016-03-16T01:50:54.080000;26f21758-a7fe-453c-8375-d1a3caa5d2a1;415.56;0.04473269;SELL
2016-03-16T01:51:02.203000;2016-03-16T01:51:02.267000;82410b78-c400-4e8f-902f-52ef2b1f2900;415.64;0.28003;BUY
2016-03-16T01:51:30.923000;2016-03-16T01:51:30.997000;bae9ae86-625d-446e-8521-5446d7aaec8b;415.64;1.81752;BUY
2016-03-16T01:52:01.517000;2016-03-16T01:52:01.570000;8ba95956-dcf3-496b-b94a-ba608abc8964;415.68;0.209;BUY
2016-03-16T01:52:01.517000;2016-03-16T01:52:01.587000;9e907366-d67e-4b7a-b266-e62f8b107a86;415.69;0.00147;BUY
2016-03-16T01:52:23.537000;2016-03-16T01:52:23.590000;258ca818-e010-4366-9eb8-29559847e296;415.62;0.0112;BUY
2016-03-16T01:52:30.857000;2016-03-16T01:52:30.937000;d64c65bb-9810-40cd-8791-e009c4f69f4c;415.62;0.178;BUY
2016-03-16T01:52:30.857000;2016-03-16T01:52:30.937000;5f5c7a65-96df-47cd-9bc9-b8ecbbf4ed98;415.62;0.65675;BUY
2016-03-16T01:53:00.803000;2016-03-16T01:53:00.867000;f673be61-a54e-495a-8e00-d078b3e26fd0;415.56;0.05938207;SELL
2016-03-16T01:53:00.803000;2016-03-16T01:53:00.883000;2ded02bf-9909-400b-93bd-72b8dee146a8;415.55;0.25;SELL
2016-03-16T01:53:00.807000;2016-03-16T01:53:00.883000;ee9f575f-584c-4c9f-a09c-bd3380d30b41;415.55;0.37866793;SELL
2016-03-16T01:53:30.807000;2016-03-16T01:53:30.857000;8772a4da-3732-49e6-98e6-cdc34eb55678;415.65;0.15364286;BUY
2016-03-16T01:53:30.807000;2016-03-16T01:53:30.890000;5b1bc626-fe40-4e46-93d6-49f2c4721c04;415.65;0.08335714;BUY
2016-03-16T01:54:03.507000;2016-03-16T01:54:03.557000;52832999-aa19-41fc-8a9f-c4099c0beb26;415.59;1.45696;BUY
2016-03-16T01:54:31.030000;2016-03-16T01:54:31.113000;8241880d-2f39-457c-bd09-0dfbfe4b5565;415.69;0.58599;BUY
2016-03-16T01:55:01.087000;2016-03-16T01:55:01.133000;28805235-3893-4ef0-b721-ac74046b0df2;415.6;0.25;SELL
2016-03-16T01:55:01.087000;2016-03-16T01:55:01.163000;e3a1aba5-6821-4dfc-971e-e0ad78110b7c;415.6;0.115;SELL
2016-03-16T01:55:01.087000;2016-03-16T01:55:01.163000;55d286ae-170a-4e23-b87d-b38ea246635d;415.56;2.70463;SELL
2016-03-16T01:55:17.037000;2016-03-16T01:55:17.083000;887c4eac-6738-4fae-9500-bb798778399b;415.69;0.04194;BUY
2016-03-16T01:55:31.020000;2016-03-16T01:55:31.077000;88c3ffe5-4faa-48f2-8f2c-a6fa30a005df;415.61;0.25;SELL
2016-03-16T01:55:31.020000;2016-03-16T01:55:31.093000;ab1a19f2-9188-4d5d-a907-fe0511532346;415.61;0.133;SELL
2016-03-16T01:55:31.020000;2016-03-16T01:55:31.093000;c764c348-b9de-439c-830d-1271dc638f42;415.57;0.2;SELL
2016-03-16T01:55:31.020000;2016-03-16T01:55:31.093000;d2321007-1437-45df-a3c1-23b08a059ef5;415.56;0.007;SELL
2016-03-16T01:56:00.990000;2016-03-16T01:56:01.033000;e54caccb-b707-4254-9b67-cb40df218572;415.69;0.01407;BUY
2016-03-16T01:56:30.990000;2016-03-16T01:56:31.033000;c599c31a-f7a9-471c-a18a-dbed394227b3;415.69;0.06438;BUY
2016-03-16T01:57:00.910000;2016-03-16T01:57:00.953000;518f931b-8ee6-4a12-8c3d-a61416c31e7b;415.69;0.51230853;BUY
2016-03-16T01:57:00.910000;2016-03-16T01:57:00.983000;40ea0518-35b4-43b9-a323-8b1f3bbbf964;415.69;0.27642147;BUY
2016-03-16T01:57:31.137000;2016-03-16T01:57:31.183000;1fc3d73a-95b3-46d5-9623-95996801d001;415.66;0.25;SELL
2016-03-16T01:57:31.137000;2016-03-16T01:57:31.203000;85dc1d9f-f595-4515-a36e-13e21b9f1b0d;415.66;0.449;SELL
2016-03-16T01:57:31.137000;2016-03-16T01:57:31.220000;efe3c9f6-774b-4a90-9c09-442bb7ff7b88;415.65;0.27931;SELL
2016-03-16T01:58:00.937000;2016-03-16T01:58:00.980000;e1717771-eeff-4ba6-aadc-19252f347a0a;415.7;0.01;BUY
2016-03-16T01:58:00.937000;2016-03-16T01:58:00.993000;f39712fc-3671-4fc2-9d3e-aab2ebd7db78;415.7;0.05;BUY
2016-03-16T01:58:00.937000;2016-03-16T01:58:01.017000;9abdd219-95c9-4a24-8107-5cc57c41dbc2;415.7;0.08061404;BUY
2016-03-16T01:58:00.937000;2016-03-16T01:58:01.017000;88eaa5eb-af23-45b1-a0e3-848ead636354;415.71;0.21663596;BUY
2016-03-16T01:58:10.290000;2016-03-16T01:58:10.333000;e0141c28-c397-4b84-9fad-ee49d0287ef9;415.67;0.25;SELL
2016-03-16T01:58:10.290000;2016-03-16T01:58:10.350000;c2e30bbf-a2e2-4644-9602-faec304cb39f;415.65;2.72069;SELL
2016-03-16T01:58:31.047000;2016-03-16T01:58:31.123000;1a5d77a5-6c33-4bf9-8147-3d073ec08a55;415.66;1.5582;BUY
2016-03-16T01:59:01.060000;2016-03-16T01:59:01.110000;5f5d1e6f-793f-4af7-9788-d1ca29358a78;415.65;1.67471;BUY
2016-03-16T01:59:31.160000;2016-03-16T01:59:31.207000;041bbe23-470b-43d0-a5b8-ca44ec6555b8;415.67;2.38175;BUY
2016-03-16T01:59:33.827000;2016-03-16T01:59:33.883000;cf1ca877-14c4-4760-a739-b0361c3f5536;415.59;0.01;SELL
2016-03-16T01:59:33.827000;2016-03-16T01:59:33.883000;dd92d5ca-74fe-4d49-86d4-3c278d10b1fc;415.58;0.25;SELL
2016-03-16T01:59:33.827000;2016-03-16T01:59:33.883000;03abc629-72eb-43ce-901a-15853c793627;415.57;0.25;SELL
2016-03-16T01:59:33.827000;2016-03-16T01:59:33.883000;6985db16-a117-410f-912f-2b92d731f6c6;415.54;0.01;SELL
2016-03-16T01:59:33.827000;2016-03-16T01:59:33.907000;0a0c65b8-8c1c-424a-8afe-9a69ab87090e;415.53;0.25;SELL
2016-03-16T01:59:33.827000;2016-03-16T01:59:33.923000;532f944c-ec70-4940-b7da-8b883e93f4dc;415.53;0.05;SELL
2016-03-16T01:59:33.827000;2016-03-16T01:59:33.923000;74020768-89c7-49f7-94d2-78595d869f81;415.51;0.154;SELL
2016-03-16T01:59:33.827000;2016-03-16T01:59:33.940000;63462a90-3659-4e86-8a4d-4dd7c34aeb47;415.5;0.01;SELL
2016-03-16T01:59:33.827000;2016-03-16T01:59:33.940000;9b8b6361-35e8-4264-bcc8-b1d62e18b283;415.47;0.01;SELL
2016-03-16T01:59:33.827000;2016-03-16T01:59:33.940000;cb5d39b4-f8cd-496c-b7a6-7a481288ccf4;415.45;0.1708;SELL
2016-03-16T02:00:01.093000;2016-03-16T02:00:01.140000;0b2e0a59-6e92-48d0-9fc1-75da810aa5c3;415.51;0.01;BUY
2016-03-16T02:00:01.093000;2016-03-16T02:00:01.163000;c3e633c5-79f8-4776-9fc7-57c4fb6e8cf3;415.51;0.231;BUY
2016-03-16T02:00:01.093000;2016-03-16T02:00:01.163000;72eb4fbc-41ab-4454-b565-69d05f8f7c3c;415.54;0.56;BUY
2016-03-16T02:00:01.093000;2016-03-16T02:00:01.163000;510a4253-c6c9-4699-8083-35c3135a52cc;415.55;1.358;BUY
2016-03-16T02:00:01.097000;2016-03-16T02:00:01.163000;e393e4aa-b128-412f-83f0-4b4cb158cbdb;415.67;1.41481;BUY
2016-03-16T02:00:30.923000;2016-03-16T02:00:30.957000;76c70695-d46f-4de9-b4f4-a96497f01279;415.5;0.218;BUY
2016-03-16T02:00:30.923000;2016-03-16T02:00:30.980000;614ced5e-a1d0-42a7-b82a-d4163456a31a;415.51;0.01;BUY
2016-03-16T02:00:30.923000;2016-03-16T02:00:30.980000;949d21b6-8c12-4c98-bbf9-a7822a69b2eb;415.54;1.20636;BUY
2016-03-16T02:00:31.543000;2016-03-16T02:00:31.663000;ef782642-7683-44c9-874b-a1acb7ab3f0d;415.49;0.01;SELL
2016-03-16T02:01:04.983000;2016-03-16T02:01:05.017000;fa5c9588-5aac-4ae3-a58b-f6d7ac8b3b0c;415.41;0.01;SELL
2016-03-16T02:01:04.983000;2016-03-16T02:01:05.057000;f37d3dfa-0df8-4bf8-97e0-c619ad06e3fd;415.39;0.18935;SELL
2016-03-16T02:01:33.617000;2016-03-16T02:01:33.670000;ee7d4836-bc1d-4299-af4a-f77bb27b7ee9;415.4;0.01;SELL
2016-03-16T02:01:33.617000;2016-03-16T02:01:33.687000;04c4aabb-9d88-4aec-9815-1406eebe4c4b;415.4;0.01;SELL
2016-03-16T02:01:33.617000;2016-03-16T02:01:33.687000;28a1a12a-5941-46a4-86d1-0b33725da8b1;415.39;0.06065;SELL
2016-03-16T02:01:33.617000;2016-03-16T02:01:33.687000;103f7497-7bc1-4c92-ba73-5781189b67c9;415.36;0.096;SELL
2016-03-16T02:01:33.617000;2016-03-16T02:01:33.703000;a1db0a74-da9a-4509-a2b3-36048402fd4b;415.35;0.02;SELL
2016-03-16T02:01:33.617000;2016-03-16T02:01:33.703000;eed916a2-a220-426b-a954-b3f13e6df5df;415.33;0.01655;SELL
2016-03-16T02:02:03.530000;2016-03-16T02:02:03.560000;5d5d1140-d506-4672-8389-476c46535382;415.39;0.02372;BUY
2016-03-16T02:02:31.010000;2016-03-16T02:02:31.040000;bd880624-e966-402c-b2dd-62477ba9e4f3;415.39;3.24428;BUY
2016-03-16T02:02:31.010000;2016-03-16T02:02:31.057000;7be16669-2f4a-4062-8c81-db3adcd29de1;415.4;0.26028;BUY
2016-03-16T02:03:00.983000;2016-03-16T02:03:01.013000;49f2ec70-dde8-40ec-a661-b1bca7c4ef0f;415.4;0.38123;BUY
2016-03-16T02:03:30.917000;2016-03-16T02:03:30.943000;4029260c-321c-4183-8d56-6ee0323c3efa;415.4;0.55638362;BUY
2016-03-16T02:03:30.917000;2016-03-16T02:03:30.960000;e04e0e9b-43c4-4b62-8c0c-96942a57741a;415.4;0.01889638;BUY
2016-03-16T02:04:01.057000;2016-03-16T02:04:01.123000;fed78c3a-e74b-425e-b7ab-7f7388ade436;415.4;1.2702;BUY
2016-03-16T02:04:18.503000;2016-03-16T02:04:18.570000;4efd427e-a42f-4b9c-9590-a4c5084d5a34;415.35;0.01;SELL
2016-03-16T02:04:18.503000;2016-03-16T02:04:18.597000;e0eddf8e-dbd7-4ef7-b81a-e2a825ccbe4c;415.35;0.118;SELL
2016-03-16T02:04:18.503000;2016-03-16T02:04:18.613000;fe751d8b-579c-43bc-a3e4-fc367cbad2d7;415.34;0.01;SELL
2016-03-16T02:04:18.503000;2016-03-16T02:04:18.613000;73dcccb0-e00a-4109-b72c-97171cc64eca;415.33;0.062;SELL
2016-03-16T02:04:20.673000;2016-03-16T02:04:20.737000;8673bc0f-ff4f-41c7-846e-1e5fce7812df;415.33;0.17145;SELL
2016-03-16T02:04:20.673000;2016-03-16T02:04:20.760000;b72ca5b0-4784-4387-8a62-5c0a10b98117;415.3;0.02855;SELL
2016-03-16T02:04:23.057000;2016-03-16T02:04:23.123000;4c4925b3-2d29-4354-803c-addff779b3f2;415.3;0.02145;SELL
2016-03-16T02:04:23.057000;2016-03-16T02:04:23.123000;139cd729-790c-4977-8ab6-a8d07c186b44;415.3;0.114;SELL
2016-03-16T02:04:23.057000;2016-03-16T02:04:23.167000;148622ce-e95d-450a-87ef-9f6df4a683d9;415.28;0.06455;SELL
2016-03-16T02:04:25.557000;2016-03-16T02:04:25.620000;2d1c4bf2-28a9-4d99-ac02-0ad81abc3fd8;415.28;0.18545;SELL
2016-03-16T02:04:25.557000;2016-03-16T02:04:25.660000;fa6f8f38-4fc5-4b37-bc54-5d82bec46bde;415.28;0.01455;SELL
2016-03-16T02:04:27.937000;2016-03-16T02:04:28.007000;4b7f5eb4-b9aa-444b-be96-0d628472184b;415.27;0.01;SELL
2016-03-16T02:04:27.937000;2016-03-16T02:04:28.023000;4334395a-cea6-409b-a691-70a98e1df28b;415.27;0.078;SELL
2016-03-16T02:04:27.937000;2016-03-16T02:04:28.040000;86696b93-caaa-434d-918c-34f140b7eb47;415.24;0.01;SELL
2016-03-16T02:04:27.937000;2016-03-16T02:04:28.040000;f9b85074-174c-4aee-9e56-8a689fd0b63f;415.23;0.102;SELL
2016-03-16T02:04:30.347000;2016-03-16T02:04:30.417000;23b9f3db-b8d2-4620-8bbd-afab7e4d3765;415.24;0.2;SELL
2016-03-16T02:04:31.767000;2016-03-16T02:04:31.830000;bdc3d6f2-daed-4847-a300-f84bb9696236;415.39;0.17986;BUY
2016-03-16T02:04:32.493000;2016-03-16T02:04:32.590000;0b69d2d8-348f-4b27-b2b8-8d22f8bfa540;415.24;0.2;SELL
2016-03-16T02:04:34.907000;2016-03-16T02:04:34.990000;87d1f49f-572d-4219-89c9-48d5ebe3f549;415.25;0.01;SELL
2016-03-16T02:04:34.907000;2016-03-16T02:04:34.990000;52ab139a-02dd-45d2-ba2d-21b81d823da3;415.24;0.19;SELL
2016-03-16T02:04:37.290000;2016-03-16T02:04:37.353000;e54b0368-92a5-4217-9b1e-60ca580f8bec;415.23;0.2;SELL
2016-03-16T02:04:39.430000;2016-03-16T02:04:39.507000;eac99a9e-da6e-4018-a790-bd4e51ec9c5b;415.24;0.2;SELL
2016-03-16T02:04:41.563000;2016-03-16T02:04:41.627000;c7163868-25cd-4af0-b427-671a4ab5cbdc;415.23;0.2;SELL
2016-03-16T02:04:43.707000;2016-03-16T02:04:43.770000;8ca67616-99bc-408d-954a-551d14568e2e;415.24;0.2;SELL
2016-03-16T02:04:45.843000;2016-03-16T02:04:45.927000;0b2754a6-e622-4213-af20-bec292cbebf4;415.24;0.2;SELL
2016-03-16T02:04:47.980000;2016-03-16T02:04:48.043000;583f82e1-e977-4acb-84fd-3ee1cdacd270;415.23;0.2;SELL
2016-03-16T02:04:50.107000;2016-03-16T02:04:50.183000;b1c41cea-c2e4-48e2-94d4-060625d0a51d;415.24;0.2;SELL
2016-03-16T02:04:52.490000;2016-03-16T02:04:52.557000;b003c6fe-dbb6-435c-a36c-8899a89ac61b;415.24;0.2;SELL
2016-03-16T02:04:54.867000;2016-03-16T02:04:54.930000;5b2b7739-032c-489b-a330-54d7d14fbbd2;415.24;0.2;SELL
2016-03-16T02:04:57.240000;2016-03-16T02:04:57.303000;72551462-230e-4284-a779-30109f12b979;415.23;0.2;SELL
2016-03-16T02:04:59.407000;2016-03-16T02:04:59.467000;fca0429b-0d01-4569-83f4-8e5c8ed46ae4;415.24;0.2;SELL
2016-03-16T02:05:01.553000;2016-03-16T02:05:01.617000;14836ea3-bbef-4af4-940f-295b4c9aa90f;415.24;0.2;SELL
2016-03-16T02:05:03.740000;2016-03-16T02:05:03.800000;bdae2890-8e31-40e7-b3dc-ed1815933d5d;415.23;0.213;SELL
2016-03-16T02:05:04.970000;2016-03-16T02:05:05.033000;bfbdf832-751b-43c7-9d8f-5f3a6d13ea12;415.38;0.01;BUY
2016-03-16T02:05:04.970000;2016-03-16T02:05:05.063000;0472d12f-d5ef-4f64-b9ed-1fa3da54ab30;415.38;1.02;BUY
2016-03-16T02:05:04.970000;2016-03-16T02:05:05.063000;6688341f-f7d6-42a3-9d6f-e13e699ce82f;415.38;0.16654;BUY
2016-03-16T02:05:31.410000;2016-03-16T02:05:31.473000;4314d436-aebf-41e2-b881-d0ad03fe133c;415.26;0.01;SELL
2016-03-16T02:05:31.410000;2016-03-16T02:05:31.503000;2adaebe4-ce5d-4407-9baa-db211a7fa5b7;415.25;0.31;SELL
2016-03-16T02:05:31.413000;2016-03-16T02:05:31.533000;d38306d2-6074-4270-b0f2-0a2a6ab5d30f;415.23;0.31431;SELL
2016-03-16T02:06:30.877000;2016-03-16T02:06:30.937000;2ae18bba-d338-42e1-a38e-52bd154e28ba;415.34;0.0698;BUY
2016-03-16T02:06:30.877000;2016-03-16T02:06:30.953000;8b069e01-d935-456a-a03c-2c29368374d6;415.34;0.1;BUY
2016-03-16T02:06:30.877000;2016-03-16T02:06:30.977000;a6cff4c4-e393-43ad-adce-f3d3dd515f0f;415.35;0.21;BUY
2016-03-16T02:06:30.877000;2016-03-16T02:06:30.977000;7df10755-0714-40e4-b3ec-cdd3dcb1e5e4;415.35;0.25;BUY
2016-03-16T02:06:30.877000;2016-03-16T02:06:30.977000;9b275fdf-d47c-47de-8c0f-b1ea14bf3239;415.37;0.148;BUY
2016-03-16T02:06:30.877000;2016-03-16T02:06:31.040000;34c8b887-f863-4967-8dc9-f6108a91f5e3;415.39;0.01;BUY
2016-03-16T02:06:30.880000;2016-03-16T02:06:31.040000;0ddf28ad-b787-426f-8534-6f64eaaa3c96;415.39;2.24;BUY
2016-03-16T02:06:30.880000;2016-03-16T02:06:31.040000;61e7c5ff-6d69-446e-b393-e4b4540509ee;415.39;0.05;BUY
2016-03-16T02:06:30.880000;2016-03-16T02:06:31.040000;61ba4610-02f3-436e-9da9-17aa6b3f23ee;415.4;0.25911;BUY
2016-03-16T02:07:10.890000;2016-03-16T02:07:10.947000;2d1282ec-06cf-478d-aa43-459bc8701310;415.38;0.11917;BUY
2016-03-16T02:07:32.093000;2016-03-16T02:07:32.153000;f35dfce8-b8e8-4f87-8f01-bec7c542a68b;415.38;0.345;BUY
2016-03-16T02:07:32.093000;2016-03-16T02:07:32.167000;d9d84d48-e0da-4ba6-947f-4d20d489d347;415.39;0.03707;BUY
2016-03-16T02:07:56.897000;2016-03-16T02:07:56.950000;a45855d8-4149-4b87-86a7-1450c0029ae7;415.25;0.06078592;SELL
2016-03-16T02:07:56.900000;2016-03-16T02:07:56.987000;9db9d127-cd34-40f7-9bb0-5ee4ebda718b;415.25;0.035;SELL
2016-03-16T02:07:56.900000;2016-03-16T02:07:56.990000;2f3c254d-e73c-482b-acc2-ab4034ddfb64;415.25;0.03;SELL
2016-03-16T02:07:56.910000;2016-03-16T02:07:56.990000;54fc3528-b809-4cb9-bb27-c5758a8df132;415.25;0.042;SELL
2016-03-16T02:07:56.920000;2016-03-16T02:07:56.990000;2acbf2cf-2d04-4bda-b4e3-2a354415778f;415.25;0.01221408;SELL
2016-03-16T02:08:00.880000;2016-03-16T02:08:00.933000;7c85c4f6-44c6-46da-8b6e-f16b4bc92298;415.38;0.22;BUY
2016-03-16T02:08:00.880000;2016-03-16T02:08:00.963000;dbb9a9ef-9845-453f-a88c-97607dc994fb;415.39;1.01608;BUY
2016-03-16T02:08:31.623000;2016-03-16T02:08:31.680000;c2fa5413-67c4-4746-926e-8addeb948745;415.24;0.32971;SELL
2016-03-16T02:09:00.990000;2016-03-16T02:09:01.043000;c9e5c14b-3407-4158-8ecf-cd44e7b97cd1;415.27;1.72848;BUY
2016-03-16T02:09:31.007000;2016-03-16T02:09:31.060000;483a08a6-847b-4667-a9a9-27938ff20348;415.39;0.25;BUY
2016-03-16T02:09:31.007000;2016-03-16T02:09:31.080000;d6c9e340-b87e-476b-909f-55bd1e82df7b;415.4;3.05469;BUY
2016-03-16T02:09:31.007000;2016-03-16T02:09:31.097000;7508ae55-826a-4d67-9595-f053885ed318;415.42;1.1679;BUY
2016-03-16T02:09:31.007000;2016-03-16T02:09:31.097000;42ca2149-a3a2-4cd7-bc3c-b81a837d3340;415.42;0.05;BUY
2016-03-16T02:09:31.007000;2016-03-16T02:09:31.097000;b703dc7d-79d3-4322-b7be-c649b9f53a6f;415.42;0.319;BUY
2016-03-16T02:09:31.010000;2016-03-16T02:09:31.170000;6cbe23fb-edb7-41ac-a124-67eacf5f585d;415.43;3.9526;BUY
2016-03-16T02:10:00.907000;2016-03-16T02:10:00.957000;35f997dc-5fc7-4d9e-9f8c-c4261d4539ba;415.38;1.40241;BUY
2016-03-16T02:10:30.903000;2016-03-16T02:10:30.953000;b7150c07-6ce7-402c-944e-0a8d25090881;415.26;0.09135;SELL
2016-03-16T02:11:01.350000;2016-03-16T02:11:01.397000;1d216596-82e8-4713-b9f7-570779d82b12;415.38;0.14859;BUY
2016-03-16T02:11:01.350000;2016-03-16T02:11:01.417000;932d8af0-f255-46d9-9cb6-5db63f32fa60;415.38;0.54015283;BUY
2016-03-16T02:11:01.350000;2016-03-16T02:11:01.443000;223b8c02-07df-4599-931f-478d2083661d;415.38;0.162;BUY
2016-03-16T02:11:01.350000;2016-03-16T02:11:01.443000;e28acb84-cec6-4b4f-aa70-b88f2a580c58;415.43;0.164;BUY
2016-03-16T02:11:01.350000;2016-03-16T02:11:01.443000;0534a61c-e3f9-4eb4-a7d0-1c6c97d8367a;415.48;0.01;BUY
2016-03-16T02:11:01.350000;2016-03-16T02:11:01.503000;929bc409-8984-4ce9-af06-d124cdc43665;415.48;0.167;BUY
2016-03-16T02:11:01.350000;2016-03-16T02:11:01.503000;3de411a2-9fb4-42ef-8e53-add72ab11d3c;415.49;0.01;BUY
2016-03-16T02:11:01.350000;2016-03-16T02:11:01.503000;b32615d0-a8ad-4956-908c-a10ada4eba96;415.5;0.01;BUY
2016-03-16T02:11:01.350000;2016-03-16T02:11:01.503000;98ad97c4-30d7-4a98-9aa1-15162ae28946;415.5;0.24909717;BUY
2016-03-16T02:11:30.900000;2016-03-16T02:11:30.947000;bc9928f9-6c21-4996-b467-7ad5bf4a98bd;415.39;0.52157;BUY
2016-03-16T02:12:02.290000;2016-03-16T02:12:02.350000;982bede1-d91a-401e-96d0-3c033fde9d59;415.36;0.25;SELL
2016-03-16T02:12:02.290000;2016-03-16T02:12:02.390000;4c63aadf-9135-405f-b601-c46e28b492a8;415.35;0.01;SELL
2016-03-16T02:12:02.290000;2016-03-16T02:12:02.390000;d3799841-d109-4cd9-b32f-b3daee622de2;415.35;0.102;SELL
2016-03-16T02:12:02.290000;2016-03-16T02:12:02.390000;a1b8ed4b-b891-4225-b189-3b5162d9cecb;415.29;0.108;SELL
2016-03-16T02:12:02.290000;2016-03-16T02:12:02.410000;d1911355-1d16-48fe-8ed1-a4dbdf49998e;415.28;0.102;SELL
2016-03-16T02:12:02.290000;2016-03-16T02:12:02.410000;16fc6aae-a695-4771-a317-6fa591acf14b;415.26;0.01;SELL
2016-03-16T02:12:02.290000;2016-03-16T02:12:02.410000;94bfa268-78a8-4eca-826b-6ead2fdbf887;415.26;0.05;SELL
2016-03-16T02:12:02.290000;2016-03-16T02:12:02.410000;d687ca7f-8894-47ec-beb2-8497631040b2;415.24;0.31275;SELL
2016-03-16T02:12:31.027000;2016-03-16T02:12:31.070000;191cfae0-d4d4-46d3-9cfd-c79f6f59632a;415.39;0.77465;BUY
2016-03-16T02:13:01.137000;2016-03-16T02:13:01.177000;e8f1952a-9c81-45f8-a94d-7274cbb1448b;415.36;0.25;BUY
2016-03-16T02:13:01.137000;2016-03-16T02:13:01.193000;e3ff264b-600a-4088-84e8-2388b1b5e57c;415.39;0.10778;BUY
2016-03-16T02:13:01.137000;2016-03-16T02:13:01.210000;e65ed10b-24fb-4cc7-8aa8-797710f8df16;415.43;0.083;BUY
2016-03-16T02:13:01.137000;2016-03-16T02:13:01.223000;3fcbef1a-2286-476d-af37-8e4d77c5f285;415.48;0.01;BUY
2016-03-16T02:13:01.137000;2016-03-16T02:13:01.227000;9ec4a42b-a0fd-41e7-9c46-e4067c0d3b22;415.52;0.08441;BUY
2016-03-16T02:14:01.143000;2016-03-16T02:14:01.180000;e8485a21-daf1-462e-a66c-e411e31b85db;415.38;1.32442;BUY
2016-03-16T02:14:34.483000;2016-03-16T02:14:34.523000;68cbb210-0609-4f79-8163-56ff22186617;415.38;0.04258;BUY
2016-03-16T02:14:34.483000;2016-03-16T02:14:34.543000;41d38de5-f46b-4409-9c49-0dbbcce37e86;415.5;0.01;BUY
2016-03-16T02:14:34.483000;2016-03-16T02:14:34.543000;156a473f-7b61-46df-b2fc-495b5efc6fb0;415.51;0.18573;BUY
2016-03-16T02:15:01.153000;2016-03-16T02:15:01.200000;6cb3daaf-ac9e-400f-8312-6e4ca6af1ab9;415.39;0.03575;BUY
2016-03-16T02:16:01.260000;2016-03-16T02:16:01.293000;54a590c0-3b4c-4ebe-932a-db3d5968fb50;415.39;0.35833;BUY
2016-03-16T02:16:31.133000;2016-03-16T02:16:31.173000;0329900f-7824-4185-a628-c54b04e496dc;415.39;0.50292;BUY
2016-03-16T02:17:31.880000;2016-03-16T02:17:31.917000;76188a38-669a-4ef5-83eb-deea69116fef;415.39;0.02371;BUY
2016-03-16T02:18:01.173000;2016-03-16T02:18:01.217000;fa4aa173-1323-4016-b682-91e35c8cc241;415.39;0.40329;BUY
