time_exchange;time_coinpai;guid;price;base_amount;taker_side
2016-03-16T00:30:32.000000;2016-03-16T00:30:32.550000;f3a390f7-7f40-479c-8818-52d81a37df51;13.1;22.89;BUY
2016-03-16T00:33:21.000000;2016-03-16T00:33:21.693000;6a70c224-6e69-40ad-a88b-5186902d3f5b;13.112;0.110011;BUY
2016-03-16T00:33:25.000000;2016-03-16T00:33:26.100000;41c24b8b-00c8-489e-a8d0-82593230222b;13.153;0.39499906;BUY
2016-03-16T00:34:20.000000;2016-03-16T00:34:20.837000;e83f14fb-0de6-4334-a5b8-925bbac3530f;13.2;3.2;BUY
2016-03-16T00:34:20.000000;2016-03-16T00:34:20.840000;d77922f1-afd5-45ee-a457-63216eff928c;13.202;2.0;BUY
2016-03-16T00:34:20.000000;2016-03-16T00:34:20.850000;1362acf3-beb4-44fe-9b31-6c0c5a04339c;13.215;2.067969;BUY
2016-03-16T00:48:13.000000;2016-03-16T00:48:13.673000;fd9a5307-c2a4-4bae-af98-9b3b1d2dd35f;13.38;0.4687936;BUY
2016-03-16T00:53:46.000000;2016-03-16T00:53:46.697000;0976a92b-cf72-4529-aa27-5c9f4b799746;13.383;2.0208473;BUY
2016-03-16T00:53:48.000000;2016-03-16T00:53:48.763000;b7e61442-71d0-4ae8-a338-da4b49dfb284;13.383;0.0081077;BUY
2016-03-16T00:53:52.000000;2016-03-16T00:53:52.553000;538927a9-b2f9-4bc7-be8c-4ee0a19c26ed;13.444;3.76530577;BUY
2016-03-16T00:53:53.000000;2016-03-16T00:53:53.327000;ed9f8f2c-4ab0-47b8-a26f-073d2f433c4b;13.444;0.48459423;BUY
2016-03-16T00:53:53.000000;2016-03-16T00:53:53.337000;6704c3e2-02e1-4b83-9f33-3f1384a1dcc6;13.444;3.28071154;BUY
2016-03-16T00:53:53.000000;2016-03-16T00:53:53.963000;87f6f69a-ba92-443f-949c-53d2830db69e;13.444;3.76530577;BUY
2016-03-16T00:53:54.000000;2016-03-16T00:53:54.393000;2e2a1575-fc96-4127-b892-fb8dedc42bde;13.444;3.76530577;BUY
2016-03-16T00:53:55.000000;2016-03-16T00:53:55.943000;467ded9b-be79-4b4b-a511-b028954337a4;13.444;5.53329307;BUY
2016-03-16T00:54:00.000000;2016-03-16T00:54:00.453000;4e29966b-8583-4e7d-9a9c-0c7ff0b4c5a4;13.444;3.28215897;BUY
2016-03-16T00:54:00.000000;2016-03-16T00:54:01.293000;a51988be-1fcb-444e-a9c1-f62e0c7c176c;13.444;3.28215897;BUY
2016-03-16T00:54:01.000000;2016-03-16T00:54:02.253000;595cd723-56d3-40b6-9197-012139f33a8f;13.444;1.90217077;BUY
2016-03-16T00:54:02.000000;2016-03-16T00:54:02.550000;1ddb795e-b6d7-4a2f-95ae-7f6e64128118;13.444;3.40016326;BUY
2016-03-16T00:54:04.000000;2016-03-16T00:54:04.087000;ee21bd5e-9e16-4607-a16a-0b07a371c0bc;13.444;3.28215897;BUY
2016-03-16T00:54:04.000000;2016-03-16T00:54:04.747000;cdc2eb8e-9c4f-4407-b7b0-91862d7c4870;13.444;5.53329307;BUY
2016-03-16T00:54:06.000000;2016-03-16T00:54:06.077000;e0f75a22-9170-4df4-879a-c13a3e706c2f;13.444;1.90217077;BUY
2016-03-16T00:55:25.000000;2016-03-16T00:55:25.590000;8ea6cc4a-4ad9-4e7c-a365-59bba3fa2750;13.5;0.4327;BUY
2016-03-16T01:03:51.000000;2016-03-16T01:03:51.300000;c62ffbc2-98af-4fc7-8207-b08586892dac;13.432;0.10021;SELL
2016-03-16T01:03:52.000000;2016-03-16T01:03:52.833000;ec696f63-9399-4e83-aa2d-d593b309fbcb;13.408;0.202323;SELL
2016-03-16T01:13:39.000000;2016-03-16T01:13:39.057000;7a592ce4-954e-417b-aa43-b63b60063a62;13.408;0.74018609;SELL
2016-03-16T01:13:41.000000;2016-03-16T01:13:41.760000;0d4f6b1b-8991-4695-906d-e941990867f5;13.408;0.43398482;SELL
2016-03-16T01:16:16.000000;2016-03-16T01:16:16.620000;fa339224-0cac-421f-9b05-4f47c586c53f;13.408;0.74018609;SELL
2016-03-16T01:25:08.000000;2016-03-16T01:25:08.820000;4f22d1e7-7e87-4e4a-a44f-bd4f3b77ba66;13.408;5.54814976;BUY
2016-03-16T01:25:09.000000;2016-03-16T01:25:09.403000;82845d1e-63da-431a-9db8-91b4dc4ace45;13.408;5.09579418;BUY
2016-03-16T01:25:43.000000;2016-03-16T01:25:43.953000;6cf61644-b2be-4521-be38-33fdb5879d10;13.408;2.76798198;BUY
2016-03-16T01:26:58.000000;2016-03-16T01:26:59.567000;dca8b958-d057-4c2f-a76b-a77b13b4c2c9;13.408;1.84788799;BUY
2016-03-16T01:41:05.000000;2016-03-16T01:41:05.350000;a05f762d-b649-435c-bf29-1deb494508d9;13.485;1.0;BUY
2016-03-16T01:42:40.000000;2016-03-16T01:42:40.147000;7486ed72-e0d6-40fc-803b-00b6d5d21848;13.44;2.010331;SELL
2016-03-16T01:42:40.000000;2016-03-16T01:42:40.160000;5697abfb-ce93-4292-ae5c-0f5cfee2edf7;13.409;12.93990652;SELL
2016-03-16T01:47:59.000000;2016-03-16T01:48:00.047000;8dc3573a-15af-4085-8d32-6d81eca985bb;13.5;0.1313696;BUY
2016-03-16T01:47:59.000000;2016-03-16T01:48:00.057000;05e6f9a9-ab71-4afc-b4f8-fbf85af4fee6;13.5;0.8686304;BUY
2016-03-16T01:49:55.000000;2016-03-16T01:49:55.073000;6111914d-5dbb-4ffd-b9e1-bcac1fd688d9;13.5;0.35;BUY
2016-03-16T02:07:16.000000;2016-03-16T02:07:16.407000;23851e83-1c66-42b4-b06f-1697616d2d42;13.5;5.51033997;BUY
2016-03-16T02:07:17.000000;2016-03-16T02:07:17.807000;de16c50a-533e-4112-9bcf-4c4a36e88e9c;13.5;5.51033997;BUY
2016-03-16T02:07:19.000000;2016-03-16T02:07:19.810000;67c7a43a-86be-4335-80be-7511ba40ce95;13.5;5.51033997;BUY
2016-03-16T02:07:21.000000;2016-03-16T02:07:22.043000;fb15a8b0-7acc-4183-a6be-289c4050c387;13.5;5.51033997;BUY
2016-03-16T02:07:23.000000;2016-03-16T02:07:23.573000;df9e537b-cb9e-42b4-8fef-fb6aae7bbbf2;13.5;5.51033997;BUY
2016-03-16T02:07:24.000000;2016-03-16T02:07:24.557000;0761e9af-3c00-4ba2-a15a-efa18a1804f0;13.5;5.51033997;BUY
2016-03-16T02:07:25.000000;2016-03-16T02:07:25.423000;0bbde25e-9d87-4f4c-bb33-34306eea50eb;13.5;5.51033997;BUY
2016-03-16T02:07:28.000000;2016-03-16T02:07:28.573000;84ab3ab1-aa05-4ee4-b430-f8099d67f094;13.5;5.51033997;BUY
2016-03-16T02:07:29.000000;2016-03-16T02:07:29.583000;d3483ea5-4173-4ce8-99c8-1594f78b246e;13.5;5.51033997;BUY
2016-03-16T02:07:30.000000;2016-03-16T02:07:30.313000;365c3c9d-5f9d-46ec-a668-d43fc10fad5e;13.5;5.51033997;BUY
2016-03-16T02:07:30.000000;2016-03-16T02:07:30.697000;00e5083c-2b2a-44eb-b452-d2681c2293c3;13.5;5.51033997;BUY
2016-03-16T02:07:31.000000;2016-03-16T02:07:31.683000;c45e5bf3-db8f-4b60-a332-a921a2036ecb;13.5;5.51033997;BUY
2016-03-16T02:07:34.000000;2016-03-16T02:07:34.073000;c3127290-3cad-4cf3-9969-597dd4393bf3;13.5;5.51033997;BUY
2016-03-16T02:07:35.000000;2016-03-16T02:07:35.670000;9723d6d8-c02a-4751-8482-026be1104cd7;13.5;5.51033997;BUY
2016-03-16T02:07:37.000000;2016-03-16T02:07:37.407000;f2217cb3-2217-4b59-b3c0-8d1157be5219;13.5;5.51033997;BUY
2016-03-16T02:07:38.000000;2016-03-16T02:07:38.903000;e683e114-c175-4ed5-80dd-e6c44f4895c3;13.5;5.51033997;BUY
2016-03-16T02:07:41.000000;2016-03-16T02:07:41.180000;157457ab-a501-41b2-8725-d2039e8d6d4e;13.5;5.51033997;BUY
2016-03-16T02:07:41.000000;2016-03-16T02:07:41.917000;55308999-0b38-4dd0-9f99-7a2d8d9c3fe6;13.5;5.09962774;BUY
2016-03-16T02:16:45.000000;2016-03-16T02:16:45.680000;19a966ba-3517-42c4-a1a7-8925b531da97;13.513;0.10001;BUY
2016-03-16T02:16:45.000000;2016-03-16T02:16:45.690000;6838dbd7-8b43-433a-964d-98fe0fc035a3;13.513;7.12492755;BUY
2016-03-16T02:36:52.000000;2016-03-16T02:36:52.420000;d85b9799-6270-4b3a-8eee-1e9aa1173837;13.53;0.802538;SELL
2016-03-16T02:37:35.000000;2016-03-16T02:37:35.393000;5cfcb327-0e31-479f-bbe7-d4979f5bd03b;13.53;4.28035563;SELL
2016-03-16T02:37:42.000000;2016-03-16T02:37:42.153000;db1060d1-b89b-4f6d-9471-b8a7ac68125c;13.53;3.66908376;SELL
2016-03-16T02:37:42.000000;2016-03-16T02:37:42.617000;e31af8df-e451-4b36-b31c-49f3b6564083;13.53;0.60724348;SELL
2016-03-16T02:37:51.000000;2016-03-16T02:37:51.267000;8028b22a-c2d3-4c68-8ce1-2ba056a77481;13.53;0.64077913;SELL
2016-03-16T02:37:51.000000;2016-03-16T02:37:51.280000;a65cd51d-63fd-4a59-aa6d-c553ab135450;13.527;0.58414476;SELL
2016-03-16T02:37:51.000000;2016-03-16T02:37:51.297000;5030a403-1802-4eb3-a3f5-4f932c9bd202;13.527;0.77123811;SELL
2016-03-16T02:37:53.000000;2016-03-16T02:37:53.730000;6fab631e-e46a-494f-b2ab-5bb197190ebf;13.527;2.0;SELL
2016-03-16T02:37:57.000000;2016-03-16T02:37:57.567000;a2cb25f8-0c44-462a-bf95-2fbbc1c2b995;13.527;3.58122023;SELL
2016-03-16T02:37:57.000000;2016-03-16T02:37:57.567000;9a500d82-62a8-4562-9de8-58b415fe78d6;13.527;1.923626;SELL
2016-03-16T02:37:59.000000;2016-03-16T02:37:59.120000;9829082b-937d-4df8-9de7-7a00386b8e71;13.527;0.46554122;SELL
2016-03-16T02:38:01.000000;2016-03-16T02:38:01.220000;46d14ec1-7e32-4570-b44d-958441246223;13.527;2.40281462;SELL
2016-03-16T02:38:03.000000;2016-03-16T02:38:04.300000;0d360550-42d0-4154-9832-e2d9482c6fa9;13.527;2.43295571;SELL
2016-03-16T02:38:06.000000;2016-03-16T02:38:06.580000;83081a79-bf40-479e-888d-7aa43f4a8fa6;13.525;4.47844321;BUY
2016-03-16T02:38:07.000000;2016-03-16T02:38:07.210000;3ddcb77d-a1ca-4477-b397-d8953952f645;13.447;3.68803907;SELL
2016-03-16T02:38:07.000000;2016-03-16T02:38:07.227000;d99cff26-be39-46b0-8134-9d6eed304197;13.446;0.82858152;SELL
2016-03-16T02:38:07.000000;2016-03-16T02:38:07.230000;64c83626-9b0a-4b82-984e-39434d20f353;13.445;0.10021;SELL
2016-03-16T02:38:07.000000;2016-03-16T02:38:07.257000;b018385b-2c66-4a9b-8820-0099b4e0e92b;13.401;0.92162431;SELL
2016-03-16T02:38:07.000000;2016-03-16T02:38:07.277000;bce8f6b4-121c-4249-a1af-20bb0e6f6173;13.401;1.09922299;SELL
2016-03-16T02:38:07.000000;2016-03-16T02:38:07.310000;a6057be0-8850-495a-beea-a340e1ad6c63;13.401;0.82858152;BUY
2016-03-16T02:38:08.000000;2016-03-16T02:38:08.573000;f6494b7b-b773-4005-9148-4d04f2ae4651;13.401;0.53734456;BUY
2016-03-16T02:38:10.000000;2016-03-16T02:38:10.347000;fa83376b-5c26-4379-a76d-4567e6684652;13.401;0.53734456;SELL
2016-03-16T02:39:47.000000;2016-03-16T02:39:47.697000;24adadc4-3f11-4847-b545-8689c1899762;13.401;0.53734429;SELL
2016-03-16T02:39:47.000000;2016-03-16T02:39:47.697000;381fff61-2639-4cb1-bff4-3845b8cce5eb;13.4;5.01899328;SELL
2016-03-16T02:39:49.000000;2016-03-16T02:39:49.540000;075f66f6-3344-4e82-8495-dda3be9f878e;13.4;1.12302625;SELL
2016-03-16T02:39:50.000000;2016-03-16T02:39:50.263000;a27457aa-d783-462c-b252-b097258bffd0;13.4;1.65972965;SELL
2016-03-16T02:39:51.000000;2016-03-16T02:39:51.993000;ee6940b8-8412-417b-818f-7dcbe765c035;13.4;1.65972961;SELL
2016-03-16T02:39:56.000000;2016-03-16T02:39:56.167000;5c124eb0-e7f3-444c-80ff-5d26aadcc704;13.4;0.53852121;SELL
2016-03-16T02:40:05.000000;2016-03-16T02:40:05.640000;842e1353-8c31-4773-b308-0898cbd610b4;13.39;3.7074461;SELL
2016-03-16T02:40:06.000000;2016-03-16T02:40:06.940000;cdb7dadb-94b5-4b7f-84ca-c05c3a6c2d29;13.39;3.7074461;SELL
2016-03-16T02:40:08.000000;2016-03-16T02:40:08.367000;2d369284-d816-4205-a1a7-21abb3db1546;13.39;3.7074461;SELL
2016-03-16T02:40:15.000000;2016-03-16T02:40:15.777000;f775e822-7b2c-458d-9d60-4b3b95714476;13.39;5.55602292;SELL
2016-03-16T02:40:15.000000;2016-03-16T02:40:15.933000;46f0f2ab-c5c1-45e7-afcd-a79414c840a3;13.39;0.53852121;SELL
2016-03-16T02:40:15.000000;2016-03-16T02:40:15.980000;6a16bcb5-7da8-40e3-a5cc-bb08b34b37f8;13.39;3.7074461;SELL
2016-03-16T02:40:16.000000;2016-03-16T02:40:16.850000;4b294a5b-9fd2-4ef5-b918-329f8b653b1c;13.39;3.7074461;SELL
2016-03-16T02:40:18.000000;2016-03-16T02:40:18.387000;d84b3f33-bf45-44a1-be7a-062813274e2c;13.39;5.55602292;SELL
2016-03-16T02:40:21.000000;2016-03-16T02:40:22.017000;c779a689-5532-4c61-a903-62c8bbf58604;13.39;3.7074461;SELL
2016-03-16T02:40:23.000000;2016-03-16T02:40:23.847000;5b3aa5ea-4f1f-4af0-8733-e499db77e901;13.39;3.7074461;SELL
2016-03-16T02:40:24.000000;2016-03-16T02:40:24.907000;afa6d8f3-c279-4ce1-8e14-418b45c98b96;13.39;3.7074461;SELL
2016-03-16T02:40:26.000000;2016-03-16T02:40:26.157000;11ccc228-75c3-4b8e-bbc9-e75183dd11b4;13.39;3.7074461;SELL
2016-03-16T02:40:27.000000;2016-03-16T02:40:27.670000;bbc8502e-aa56-47b3-a4dd-4d4b5f485d36;13.39;3.7074461;SELL
2016-03-16T02:40:29.000000;2016-03-16T02:40:29.583000;0d208cef-1829-4428-9cd0-9a87a850d2a2;13.39;3.7074461;SELL
2016-03-16T02:40:30.000000;2016-03-16T02:40:30.600000;fee95f6c-55c1-4304-bb70-72644b5bac8b;13.39;3.7074461;SELL
2016-03-16T02:40:33.000000;2016-03-16T02:40:33.287000;59126fc8-c76d-422e-b169-bb863fa81d26;13.39;3.7074461;SELL
2016-03-16T02:40:35.000000;2016-03-16T02:40:35.743000;1d997b47-65a5-410b-b6a1-af298294c572;13.39;3.7074461;SELL
2016-03-16T02:40:36.000000;2016-03-16T02:40:36.607000;66d5f614-8e63-489f-ba68-323dcdd59893;13.39;3.7074461;SELL
2016-03-16T02:40:39.000000;2016-03-16T02:40:39.377000;a022f7f2-c6cd-4e19-a5dc-4ce12df138d3;13.39;3.7074461;SELL
2016-03-16T02:40:40.000000;2016-03-16T02:40:40.170000;e877c8d4-864a-44ee-8d9e-e0bb57ded13e;13.39;3.7074461;SELL
2016-03-16T02:40:44.000000;2016-03-16T02:40:44.447000;f645e190-823b-47ad-b70a-572f74e68347;13.389;5.55602292;BUY
2016-03-16T02:40:44.000000;2016-03-16T02:40:44.987000;e8ce86ee-00db-40d6-a4ef-8e28f35a9236;13.39;3.7074461;SELL
2016-03-16T02:40:46.000000;2016-03-16T02:40:46.690000;1e1b9f70-3b97-4ffe-996a-413149fd7c6c;13.39;5.55643792;SELL
2016-03-16T02:40:48.000000;2016-03-16T02:40:48.560000;248ae0ff-6eee-4d34-a50f-96fea783e15c;13.39;5.55643792;SELL
2016-03-16T02:40:50.000000;2016-03-16T02:40:50.723000;7e100db5-35b6-48ef-8bee-b9d0170f91fe;13.39;3.7074461;SELL
2016-03-16T02:40:52.000000;2016-03-16T02:40:53.013000;fecb2d4a-0306-46f7-b45b-b0ce7ead2157;13.39;3.7074461;SELL
2016-03-16T02:40:53.000000;2016-03-16T02:40:53.857000;70e8f088-ad51-4732-a92f-fc454336a196;13.39;3.70744624;SELL
2016-03-16T02:40:58.000000;2016-03-16T02:40:58.537000;196964b4-3d09-4007-a046-bedc336f5f82;13.389;5.55602292;BUY
2016-03-16T02:40:59.000000;2016-03-16T02:40:59.177000;e5ba5d4b-dd54-497c-8efc-b17591ae79a5;13.4;3.70744624;SELL
2016-03-16T02:40:59.000000;2016-03-16T02:40:59.687000;8094fe88-5283-411b-ba06-c8c9f0519f9a;13.4;5.55602292;SELL
2016-03-16T02:41:01.000000;2016-03-16T02:41:01.077000;f5416d66-3e81-48b8-8033-1bc85f1b0cb8;13.4;3.70467935;SELL
2016-03-16T02:41:01.000000;2016-03-16T02:41:01.950000;d464783f-0ece-4f2d-aa5b-ccfb4ef1399f;13.4;0.45549689;SELL
2016-03-16T02:41:02.000000;2016-03-16T02:41:02.140000;ef1d2640-347e-4f39-859f-d7323218a6f5;13.4;1.85278141;SELL
2016-03-16T02:41:04.000000;2016-03-16T02:41:04.100000;aa4fc313-9048-4b62-beec-1fb55ce38774;13.4;117.56158787;SELL
2016-03-16T02:41:04.000000;2016-03-16T02:41:04.113000;e51a0f7a-581e-4f08-838e-04e6f7b7f45a;13.4;15.27642681;SELL
2016-03-16T02:41:08.000000;2016-03-16T02:41:08.597000;5694d0d3-990b-4c32-b17e-3fcd7981dfb1;13.4;5.55701903;SELL
2016-03-16T02:41:11.000000;2016-03-16T02:41:11.757000;54f0f93c-9a59-4d9f-8364-6cdf44746cd8;13.4;24.16655416;SELL
2016-03-16T02:41:14.000000;2016-03-16T02:41:14.320000;48fd2b94-4a6f-4ea6-b83a-6bbbd2516e35;13.381;1.66537872;SELL
2016-03-16T02:42:27.000000;2016-03-16T02:42:27.220000;f545cd21-0951-4817-b9c2-e66c579b9cf2;13.304;0.1;SELL
2016-03-16T02:44:13.000000;2016-03-16T02:44:13.383000;4c9e3277-25b9-4731-8324-8c7202101c68;13.304;0.00634;SELL
2016-03-16T02:44:13.000000;2016-03-16T02:44:13.397000;2875d0f0-f021-4598-aa76-d362cb986ddf;13.2;3.1872128;SELL
2016-03-16T02:44:13.000000;2016-03-16T02:44:13.410000;2c49fa36-604f-4817-b633-30e45c97a967;13.197;1.08126034;SELL
2016-03-16T02:47:12.000000;2016-03-16T02:47:13.013000;b2bd3ca5-45e9-4c9f-8bb5-af4cf40eb686;13.38;0.92936966;BUY
2016-03-16T02:47:12.000000;2016-03-16T02:47:13.017000;cd8da271-7a66-4581-b198-eb6bbdea6365;13.39;2.96362932;BUY
2016-03-16T02:47:38.000000;2016-03-16T02:47:38.330000;1bcc4380-8a3b-4bb9-a423-35fd1ed179dc;13.394;0.53734429;BUY
2016-03-16T02:47:38.000000;2016-03-16T02:47:38.333000;6e2d3f5d-63b8-427d-b0bb-4ba2d56e18d2;13.397;1.636041;BUY
2016-03-16T02:53:52.000000;2016-03-16T02:53:52.480000;4a1e1ac5-9537-42cb-ad57-e16d7941f737;13.362;1.67798173;BUY
2016-03-16T02:53:52.000000;2016-03-16T02:53:52.490000;33472d83-d126-4f86-a7c0-dba5b5310384;13.363;2.033073;BUY
2016-03-16T02:53:53.000000;2016-03-16T02:53:53.500000;999efd78-3f0f-43fe-8f24-b10f4e687ffd;13.367;0.35;SELL
2016-03-16T02:53:53.000000;2016-03-16T02:53:53.740000;1374fe24-4f95-4402-b38f-f2fe55aadd6f;13.367;3.57376138;SELL
2016-03-16T02:53:53.000000;2016-03-16T02:53:53.900000;23f080d3-8fcb-4b1c-a17e-94007cc7482a;13.367;0.86192264;SELL
2016-03-16T02:53:53.000000;2016-03-16T02:53:53.920000;ce0f88cc-d5ee-4c01-a3da-511cd1aa11db;13.367;6.60807361;SELL
2016-03-16T02:53:54.000000;2016-03-16T02:53:55.043000;6de8afaa-a842-4428-8095-325396242776;13.367;0.76416206;SELL
2016-03-16T02:53:56.000000;2016-03-16T02:53:57.053000;7f3927eb-297e-43d1-8708-2f668779ec94;13.367;0.32019305;SELL
2016-03-16T02:53:57.000000;2016-03-16T02:53:57.317000;2bf509ad-f53a-48ec-9036-43ea54b7a89a;13.367;2.45481343;SELL
2016-03-16T02:53:59.000000;2016-03-16T02:54:00.093000;22d33cf5-ee5b-4c4d-a5c8-a78a5a6c90e8;13.367;5.85857578;SELL
2016-03-16T02:54:02.000000;2016-03-16T02:54:02.217000;d4ccba83-952a-4bde-a932-0b37c3c5b67a;13.367;1.49826412;SELL
2016-03-16T02:54:03.000000;2016-03-16T02:54:03.503000;cad46378-00ea-45c6-b0f2-25e7fe788e63;13.367;2.72421556;SELL
2016-03-16T02:54:04.000000;2016-03-16T02:54:04.440000;9da41e7c-b999-4213-b60e-a7c5fc2062ce;13.367;0.34299475;SELL
2016-03-16T02:54:04.000000;2016-03-16T02:54:04.457000;ce64ae15-228a-4971-9dc4-b8ddedffcd53;13.367;0.35533246;SELL
2016-03-16T02:54:04.000000;2016-03-16T02:54:04.503000;40305762-920f-4788-ab63-fab06bf562b9;13.367;5.85857578;SELL
2016-03-16T02:54:05.000000;2016-03-16T02:54:05.203000;9933dacf-e58a-4954-b650-5c28ad305b01;13.367;3.32517383;SELL
2016-03-16T02:54:05.000000;2016-03-16T02:54:05.220000;f6787c82-c85e-4017-9138-aa0f5756f8b4;13.367;0.43371832;SELL
2016-03-16T02:54:05.000000;2016-03-16T02:54:05.637000;76a0486e-cc7a-42d9-81f6-170bda267a50;13.367;2.2532152;SELL
2016-03-16T02:54:06.000000;2016-03-16T02:54:06.883000;9f6cd8c5-0360-4c4d-97cb-a725e78d0a27;13.367;4.35484751;SELL
2016-03-16T02:54:06.000000;2016-03-16T02:54:06.903000;c74e011e-b324-4b80-bc03-69293cd428ca;13.367;0.56802359;SELL
2016-03-16T02:54:07.000000;2016-03-16T02:54:07.243000;5f88c98d-3984-46b5-957c-e59724e7eafb;13.367;5.57073795;SELL
2016-03-16T02:54:08.000000;2016-03-16T02:54:08.750000;87fc6381-32c1-4b42-b50b-8b229932302a;13.367;5.57073801;SELL
2016-03-16T02:54:12.000000;2016-03-16T02:54:12.780000;a282f210-faac-4434-9172-4f3f0d91c802;13.367;5.57073806;SELL
2016-03-16T02:54:14.000000;2016-03-16T02:54:14.813000;c57a4366-5628-4a48-95d6-c418f9229109;13.367;1.60505409;SELL
2016-03-16T02:54:14.000000;2016-03-16T02:54:14.830000;a0f63c65-84b1-4cf6-9b44-e88238134beb;13.367;5.57073801;SELL
2016-03-16T02:54:17.000000;2016-03-16T02:54:17.517000;3498dd12-0bc4-455d-b4fb-2e4a9986752b;13.367;5.57073806;SELL
2016-03-16T02:54:17.000000;2016-03-16T02:54:17.837000;efde94a3-d3df-4037-ba4a-0d883ff85cef;13.367;0.3105447;SELL
2016-03-16T02:54:18.000000;2016-03-16T02:54:18.220000;2ea509fb-2840-42c8-bd35-3f486145022a;13.367;0.39128876;SELL
2016-03-16T02:54:18.000000;2016-03-16T02:54:18.273000;43e84bd8-49ae-4ab1-83f3-fd460d0c0d50;13.367;2.99988055;SELL
2016-03-16T02:54:19.000000;2016-03-16T02:54:19.593000;4781318a-de69-425f-a3a9-a51d7b158204;13.367;5.43801923;SELL
2016-03-16T02:54:19.000000;2016-03-16T02:54:19.610000;6c9c3abc-e562-453c-a5ad-ceac9ab9fe02;13.367;0.70930686;SELL
2016-03-16T02:54:20.000000;2016-03-16T02:54:20.673000;dc91f2da-ce92-40c6-a4e3-8b4c8afe2c20;13.367;1.53576115;SELL
2016-03-16T02:54:24.000000;2016-03-16T02:54:24.423000;1d927631-6f61-4c4e-a6b2-c086462c1526;13.367;0.62881428;SELL
2016-03-16T02:54:25.000000;2016-03-16T02:54:25.280000;5e9d6388-427e-4c3f-ab89-8a5ff118fa2d;13.367;5.71063089;SELL
2016-03-16T02:54:25.000000;2016-03-16T02:54:25.310000;990a6335-07df-4700-8041-20f2c0595870;13.367;0.7448649;SELL
2016-03-16T02:54:26.000000;2016-03-16T02:54:26.827000;68ecd460-16e7-476e-a3ba-22c463c4cc16;13.367;1.0908062;SELL
2016-03-16T02:54:27.000000;2016-03-16T02:54:27.213000;e752bb39-1594-4f11-81eb-9182611ba665;13.367;8.36284758;SELL
2016-03-16T02:54:27.000000;2016-03-16T02:54:27.813000;af421d8e-a0b9-4b09-81e4-2eabe8edfb92;13.367;5.57073786;SELL
2016-03-16T02:54:28.000000;2016-03-16T02:54:28.627000;efd5eda9-810b-4181-abfb-53c834ae656c;13.367;5.57073786;SELL
2016-03-16T02:54:28.000000;2016-03-16T02:54:28.663000;f0eda399-ef4f-417c-916a-5411ac509769;13.367;3.5062991;SELL
2016-03-16T02:54:28.000000;2016-03-16T02:54:28.670000;f9dbfb26-12e5-45f2-befb-20dce43615fa;13.367;0.45734336;SELL
2016-03-16T02:54:30.000000;2016-03-16T02:54:30.180000;15dcd045-7afd-4493-98b0-a25a9706ae86;13.367;1.94842422;SELL
2016-03-16T02:54:30.000000;2016-03-16T02:54:30.337000;dd642a03-af9a-4299-9ade-9a55b1c6cdb6;13.367;0.44590759;SELL
2016-03-16T02:54:30.000000;2016-03-16T02:54:30.380000;04e9fb0c-b3fb-43e4-811b-286a7248bdc8;13.367;3.41862487;SELL
2016-03-16T02:54:31.000000;2016-03-16T02:54:31.853000;ce80000e-13f0-405b-8d12-f98f350cbc45;13.367;0.81140053;SELL
2016-03-16T02:54:34.000000;2016-03-16T02:54:34.833000;f82e17ad-7fe6-475e-8b65-de3657884575;13.367;0.70270558;SELL
2016-03-16T02:54:34.000000;2016-03-16T02:54:34.850000;d5786bd3-57b4-4a5d-aeff-06625be9ee23;13.367;5.38740946;SELL
2016-03-16T02:54:35.000000;2016-03-16T02:54:35.420000;6a3878bd-2f3d-4d1b-a62f-7c99dfccd32b;13.367;6.2207374;SELL
2016-03-16T03:00:48.000000;2016-03-16T03:00:48.590000;89bf5514-81c5-49c6-ad94-47c5715682d5;13.367;9.06928043;SELL
2016-03-16T03:00:48.000000;2016-03-16T03:00:48.607000;0eaccecf-0757-40c9-97f1-1d8688c21ca8;13.367;1.18294962;SELL
2016-03-16T03:00:50.000000;2016-03-16T03:00:50.910000;b25644aa-8ae1-4f9f-81be-040a9b2ea2ca;13.367;0.73204497;SELL
2016-03-16T03:00:51.000000;2016-03-16T03:00:51.067000;d8b18ce1-f280-4720-8988-f23228c1e3e6;13.367;5.61234481;SELL
2016-03-16T03:00:52.000000;2016-03-16T03:00:52.063000;b25953e5-b908-4f2e-9e51-aae522f8c27a;13.367;0.81271391;SELL
2016-03-16T03:00:52.000000;2016-03-16T03:00:52.287000;4c6cbd8f-b315-4a80-93bd-5344c586c0fe;13.367;1.35754452;SELL
2016-03-16T03:00:52.000000;2016-03-16T03:00:52.687000;51eb8522-dce3-4a71-90b2-1f994b1bb60e;13.367;6.23080669;SELL
2016-03-16T03:00:54.000000;2016-03-16T03:00:54.330000;dd690f18-3ce8-4a81-bb64-19ab06399060;13.367;1.00020192;SELL
2016-03-16T03:11:53.000000;2016-03-16T03:11:53.300000;18748a50-6734-4730-95e2-35a95d62cde1;13.367;0.62093963;SELL
2016-03-16T03:11:59.000000;2016-03-16T03:11:59.607000;a246b843-a6b5-4009-a30d-1de82bfc557b;13.367;0.62093963;SELL
2016-03-16T03:12:08.000000;2016-03-16T03:12:08.623000;5c2ed6f8-b06a-40bc-9542-cce5a0431b87;13.367;0.62093963;SELL
2016-03-16T03:12:13.000000;2016-03-16T03:12:13.403000;cc9237e2-781d-442c-88aa-838a36a1fec7;13.367;5.57073783;SELL
2016-03-16T03:12:19.000000;2016-03-16T03:12:19.373000;46d05021-be04-46ac-a39c-eb5b296ba660;13.367;1.38021329;SELL
2016-03-16T03:12:20.000000;2016-03-16T03:12:20.410000;26396c9d-0732-4d7f-90c0-aba935b48108;13.367;5.00594536;SELL
2016-03-16T03:12:20.000000;2016-03-16T03:12:20.503000;88993583-a3f5-4f47-a2c7-1f6d05cb6192;13.367;0.65294939;SELL
2016-03-16T03:12:21.000000;2016-03-16T03:12:21.917000;efa9110d-62e6-49d5-9398-d63675a7c5e0;13.367;1.37711684;SELL
2016-03-16T03:12:22.000000;2016-03-16T03:12:23.400000;6ba09704-792e-4ecc-afad-fd6094795a24;13.367;5.00594521;SELL
2016-03-16T03:12:25.000000;2016-03-16T03:12:25.463000;4f565849-cb64-47be-85f7-2b9ab471182d;13.367;5.57073783;SELL
2016-03-16T03:12:25.000000;2016-03-16T03:12:25.560000;975a37e6-dfe1-45cc-8b95-ad279b99ef58;13.367;0.71833487;SELL
2016-03-16T03:12:25.000000;2016-03-16T03:12:25.573000;0c0d4aa1-6886-4a09-a197-12b346da0d71;13.367;5.50723407;SELL
2016-03-16T03:12:27.000000;2016-03-16T03:12:27.320000;e043430d-bea0-438d-8883-8c154a9e0552;13.37;0.71833461;SELL
2016-03-16T03:12:27.000000;2016-03-16T03:12:27.977000;135dd93b-9790-4430-9c33-76799e5dc644;13.37;5.50723393;SELL
2016-03-16T03:12:29.000000;2016-03-16T03:12:29.717000;5258d52b-6038-4bf2-9d71-8297245ca445;13.37;0.71905366;SELL
2016-03-16T03:12:32.000000;2016-03-16T03:12:32.887000;a9b1f9c3-1f57-4cac-b98f-1ddde7b03384;13.37;0.72237891;SELL
2016-03-16T03:12:33.000000;2016-03-16T03:12:33.757000;8231aeaa-9948-4bde-bf7a-d117a8a2e368;13.37;0.64140516;SELL
2016-03-16T03:12:33.000000;2016-03-16T03:12:33.820000;6d83fbc3-b7cd-4a69-82fc-c889810caf8b;13.37;1.29899373;SELL
2016-03-16T03:12:33.000000;2016-03-16T03:12:33.840000;19004cf1-173b-4a76-adbc-348fa730d7d9;13.367;3.61844583;SELL
2016-03-16T03:12:35.000000;2016-03-16T03:12:36.037000;4fca267c-f177-4c3f-bacb-19e74c2ad731;13.367;3.6558425;SELL
2016-03-16T03:12:36.000000;2016-03-16T03:12:36.207000;a9e7fe4d-4500-499e-ba31-905906a81dbd;13.367;0.47684903;SELL
2016-03-16T03:12:36.000000;2016-03-16T03:12:36.873000;cb001d90-6807-4f47-9931-b550c9008142;13.367;1.34083955;SELL
2016-03-16T03:12:38.000000;2016-03-16T03:12:38.100000;f771402d-4e05-4193-a362-a942dbf046c6;13.367;3.08157279;SELL
2016-03-16T03:12:39.000000;2016-03-16T03:12:39.233000;dd9046fd-92d2-4195-af95-22da314aedc4;13.367;0.40194756;SELL
2016-03-16T03:12:39.000000;2016-03-16T03:12:39.273000;4a8d33a3-153a-4342-90a3-948e290a5ab8;13.367;5.57071282;SELL
2016-03-16T03:12:40.000000;2016-03-16T03:12:40.210000;682284df-809e-4978-9e27-e79fc53eff4b;13.367;0.57286252;SELL
2016-03-16T03:12:40.000000;2016-03-16T03:12:40.617000;514cc8e3-41b5-4721-91a2-877a752b701e;13.367;0.72310202;SELL
2016-03-16T03:12:40.000000;2016-03-16T03:12:40.637000;2ff39784-9716-4ee4-8798-21d1140c48cd;13.367;3.08159772;SELL
2016-03-16T03:12:41.000000;2016-03-16T03:12:42.157000;6be31749-519b-4b58-824a-100e018427ce;13.367;0.34120578;SELL
2016-03-16T03:12:41.000000;2016-03-16T03:12:42.177000;a880a545-b08c-4212-b7db-0e2077f2428f;13.367;0.84634652;SELL
2016-03-16T03:20:29.000000;2016-03-16T03:20:29.560000;91f552be-8aa6-48df-ba84-c01cd62751f8;13.33;0.34120556;BUY
2016-03-16T03:20:29.000000;2016-03-16T03:20:29.573000;fb237f31-5144-471e-ad97-6091bb1c44cb;13.33;1.86504353;BUY
2016-03-16T03:20:29.000000;2016-03-16T03:20:29.577000;b6c8bba8-3060-4a4d-a6ad-55a280e4f3a1;13.33;0.34154733;BUY
2016-03-16T03:21:00.000000;2016-03-16T03:21:00.657000;0cb48d94-6ef7-463d-af39-92bb3faa5755;13.33;0.62266317;SELL
2016-03-16T03:21:03.000000;2016-03-16T03:21:03.393000;d08ab345-6932-460e-8557-f35913866163;13.33;1.60043;SELL
2016-03-16T03:21:39.000000;2016-03-16T03:21:39.433000;bd790ffd-3e62-4f97-a97b-7a8ab5a57a19;13.33;0.86911041;SELL
2016-03-16T03:35:49.000000;2016-03-16T03:35:49.507000;9710de6d-2144-4dca-b057-0e3b023b6fb2;13.346;2.54940889;BUY
2016-03-16T03:35:49.000000;2016-03-16T03:35:49.513000;e81b5294-31c0-4411-b28b-eefcad545dff;13.347;4.46004842;BUY
2016-03-16T03:35:49.000000;2016-03-16T03:35:49.557000;ec15acd5-27ee-4602-9110-07b0d11bec57;13.347;0.26434289;BUY
2016-03-16T03:35:49.000000;2016-03-16T03:35:49.567000;752a477a-7b16-4452-84d7-5bb5dee215e0;13.365;0.64898537;BUY
2016-03-16T03:35:51.000000;2016-03-16T03:35:52.040000;495128af-5d81-42a9-8bc5-86524ac91850;13.345;0.73809108;BUY
2016-03-16T03:35:52.000000;2016-03-16T03:35:52.353000;ed65633b-5b12-45a4-b927-ca7666aae6cf;13.345;3.33731486;BUY
2016-03-16T03:35:52.000000;2016-03-16T03:35:52.360000;efcf00c8-a4d3-4077-b5bd-ddbde7aefb39;13.345;2.32157443;BUY
2016-03-16T03:35:52.000000;2016-03-16T03:35:52.503000;c39f973a-acec-4205-8bdf-576d22793f54;13.345;0.22783446;BUY
2016-03-16T03:35:52.000000;2016-03-16T03:35:52.707000;5902910d-721e-4795-bab0-8593efd288a0;13.378;2.61591098;BUY
2016-03-16T03:35:52.000000;2016-03-16T03:35:52.720000;3f59f51c-257d-48e5-b6b5-c3e68a6e3251;13.379;2.94426466;BUY
2016-03-16T03:35:59.000000;2016-03-16T03:35:59.497000;b3b4c42b-d061-464b-b1c2-c49b1494ff16;13.366;3.98727526;BUY
2016-03-16T03:39:43.000000;2016-03-16T03:39:43.367000;bf4d1ce2-4ffb-4f68-bde1-e6c3a43c5e58;13.396;3.35;SELL
2016-03-16T03:51:44.000000;2016-03-16T03:51:44.467000;1218ddbe-c2c4-4634-b304-a80cf5d5f76e;13.236;5.62587306;SELL
2016-03-16T03:51:46.000000;2016-03-16T03:51:46.753000;dd26da18-9bf1-4712-988e-14c8411b6190;13.236;1.692239;SELL
2016-03-16T03:51:49.000000;2016-03-16T03:51:49.957000;a8230d3a-fac9-48fa-bf15-51f7bcc1d886;13.236;1.54959538;SELL
2016-03-16T03:51:53.000000;2016-03-16T03:51:53.353000;abc98f3c-0cfa-40e8-bc81-52dbfdaff137;13.228;0.6031368;SELL
2016-03-16T03:51:54.000000;2016-03-16T03:51:54.350000;9a30a88b-e779-4d9f-89b7-af80cb1ade3c;13.228;0.94608645;SELL
2016-03-16T03:51:54.000000;2016-03-16T03:51:54.580000;6713d583-f304-4960-a8ec-673888dcd0c4;13.228;0.46140675;SELL
2016-03-16T03:51:54.000000;2016-03-16T03:51:54.590000;6aae7d2a-4683-433c-b79c-8cc6cad826e4;13.22;3.61574064;SELL
2016-03-16T03:51:55.000000;2016-03-16T03:51:55.970000;9e654069-97e7-40f6-9861-62d4abec130c;13.22;1.55468314;SELL
2016-03-16T03:52:03.000000;2016-03-16T03:52:04.293000;ab009a6d-b950-47c8-aeb4-78744efe264c;13.22;5.63268193;SELL
2016-03-16T03:52:07.000000;2016-03-16T03:52:07.747000;7312150d-a385-4083-998f-9bbd6562bc75;13.22;5.63268193;SELL
2016-03-16T03:52:09.000000;2016-03-16T03:52:09.243000;41919b7d-13b5-41dd-b633-83aee4cc756c;13.22;5.63268193;SELL
2016-03-16T03:52:14.000000;2016-03-16T03:52:14.753000;21446d65-0f1a-456b-b452-c0b19599f81d;13.22;5.63268193;SELL
2016-03-16T03:52:17.000000;2016-03-16T03:52:17.837000;e4988ad6-90a1-4d9d-bca1-5468abac5767;13.22;5.63268199;SELL
2016-03-16T03:52:26.000000;2016-03-16T03:52:26.650000;cea27d5f-5798-4b36-b60e-5a9b2d4297c9;13.22;3.46608333;SELL
2016-03-16T03:52:26.000000;2016-03-16T03:52:28.070000;fbde7198-91d6-4692-b39b-34426f63db27;13.22;0.6279199;SELL
2016-03-16T03:52:28.000000;2016-03-16T03:52:29.000000;f04818b2-62c8-4a32-a8a0-54ab652027f1;13.22;3.47303538;SELL
2016-03-16T03:52:32.000000;2016-03-16T03:52:32.617000;2d369555-e3dd-4df7-9b6c-f909c3a38b9e;13.22;3.46967833;SELL
2016-03-16T03:52:35.000000;2016-03-16T03:52:36.080000;ab2a520e-5d6f-4525-bb5b-ae0e23886ffd;13.22;5.63268177;SELL
2016-03-16T03:52:37.000000;2016-03-16T03:52:37.403000;9d9ee139-ca83-4f5d-93ef-b0c100aef13e;13.22;3.18068345;SELL
2016-03-16T03:52:38.000000;2016-03-16T03:52:39.197000;31c6a719-686c-4462-bcca-95b2425549a0;13.22;3.18068345;SELL
2016-03-16T03:52:40.000000;2016-03-16T03:52:40.653000;0739e82f-7d22-4489-878f-f249964ae75f;13.22;3.18068333;SELL
2016-03-16T03:52:41.000000;2016-03-16T03:52:41.823000;49e77ea6-29e7-49ee-b2c0-9d39e97e006c;13.22;1.44883606;SELL
2016-03-16T03:52:41.000000;2016-03-16T03:52:41.883000;13d2a595-9d03-4521-8b65-210707f2e570;13.22;3.75512119;SELL
2016-03-16T03:52:42.000000;2016-03-16T03:52:42.197000;f6983011-cc13-486f-bb9a-9ae2b5d5db45;13.22;1.02576748;SELL
2016-03-16T03:52:42.000000;2016-03-16T03:52:42.503000;63419431-270e-4b1b-af31-b9565b2178a6;13.22;1.02782313;SELL
2016-03-16T03:52:43.000000;2016-03-16T03:52:43.357000;90516432-7a5e-4bd1-9987-12e9e487946d;13.22;3.18068345;SELL
2016-03-16T03:52:44.000000;2016-03-16T03:52:44.980000;2f316d1d-22c2-4186-81a0-c2fe6b33a5ce;13.22;2.45240435;SELL
2016-03-16T03:52:47.000000;2016-03-16T03:52:47.763000;a824884a-c3dc-4841-9e21-318477c610fc;13.22;5.63268177;SELL
2016-03-16T03:52:48.000000;2016-03-16T03:52:48.947000;aa1250cf-7b6a-4e92-8497-7500aca645d6;13.22;5.63268177;SELL
2016-03-16T03:52:57.000000;2016-03-16T03:52:57.263000;40d827f1-ed51-4806-8a95-3ef1b0a64baa;13.22;5.63268177;SELL
2016-03-16T03:53:02.000000;2016-03-16T03:53:02.953000;154119e8-3e01-4c2f-996c-5d378e3b2904;13.22;5.63268177;SELL
2016-03-16T03:53:03.000000;2016-03-16T03:53:03.860000;4993a88c-d78d-4d21-8b02-0862bc4f8ed9;13.22;5.03335483;SELL
2016-03-16T03:53:03.000000;2016-03-16T03:53:03.867000;f98ca43a-be6f-4a49-94a8-9acee42d5d02;13.22;0.59932694;SELL
2016-03-16T03:53:10.000000;2016-03-16T03:53:10.600000;24348e5f-fcf7-41d9-ad82-75ae21439f07;13.22;0.34797306;SELL
2016-03-16T03:53:10.000000;2016-03-16T03:53:10.617000;6c5f0b33-5779-412e-be1e-57e3311446f8;13.21;5.28870952;SELL
2016-03-16T03:53:12.000000;2016-03-16T03:53:12.333000;eef73c34-e871-4f94-9b77-1c5a1827c3cc;13.21;5.63694572;SELL
2016-03-16T03:53:16.000000;2016-03-16T03:53:17.027000;84e49d68-49cf-42ba-854a-52fa2cd610fc;13.21;5.63694572;SELL
2016-03-16T03:53:39.000000;2016-03-16T03:53:39.667000;1cefad7e-aac2-418c-99ab-e3e641f65d6e;13.21;2.69;SELL
2016-03-16T03:53:50.000000;2016-03-16T03:53:50.570000;b689a9d5-a3b1-4c6a-8199-6d1666dbc852;13.21;3.75796394;SELL
2016-03-16T03:53:51.000000;2016-03-16T03:53:51.937000;42c41ca3-7b04-4c85-9be3-2de4ce4d5f53;13.21;3.75796394;SELL
2016-03-16T03:53:58.000000;2016-03-16T03:53:58.217000;3dfe21b3-cbad-416d-ac77-a8573ac1db4e;13.21;3.75796394;SELL
2016-03-16T03:54:02.000000;2016-03-16T03:54:02.597000;e5b0bd7c-b870-4c15-82d6-6f6f6b259e1e;13.21;3.75796393;SELL
2016-03-16T03:54:04.000000;2016-03-16T03:54:04.547000;9f922695-6a0a-4f7c-9853-f6a47de03a85;13.21;3.75796393;SELL
2016-03-16T03:54:08.000000;2016-03-16T03:54:08.503000;19db9e24-6c96-4acd-a468-2399162ac841;13.21;0.62831946;SELL
2016-03-16T03:54:08.000000;2016-03-16T03:54:08.617000;d249219d-d9fd-4914-b14e-5d69fff90515;13.21;0.39739;SELL
2016-03-16T03:54:12.000000;2016-03-16T03:54:12.250000;2488da80-32cd-42b4-bb8f-df82205824a3;13.21;5.63694592;SELL
2016-03-16T03:54:13.000000;2016-03-16T03:54:13.157000;b147e404-fe8f-4c2b-8162-aa2f971160e1;13.21;0.62831946;SELL
2016-03-16T03:54:20.000000;2016-03-16T03:54:20.057000;5494ef13-9f9b-46b6-8769-f4b819868559;13.21;3.75796393;SELL
2016-03-16T03:54:24.000000;2016-03-16T03:54:24.557000;0362e819-1a3d-4275-b52c-35718a193596;13.21;0.62831946;SELL
2016-03-16T03:54:26.000000;2016-03-16T03:54:26.423000;2d4abdb8-318c-41d4-8d7d-9496059eac78;13.21;5.63694592;SELL
2016-03-16T03:54:30.000000;2016-03-16T03:54:30.077000;b37a33ca-3c09-44aa-b21f-36ab2bdef80a;13.21;3.75796393;SELL
2016-03-16T03:54:35.000000;2016-03-16T03:54:35.297000;a33cefb5-5a96-493f-9108-a8d0e26453c8;13.21;3.75796393;SELL
2016-03-16T03:54:40.000000;2016-03-16T03:54:40.467000;5d402ef5-8e54-4312-81ca-58e2cf968d85;13.21;3.45404434;SELL
2016-03-16T03:54:47.000000;2016-03-16T03:54:47.703000;3ea0dee4-eefd-4ad7-b31e-6590d6d8704f;13.21;3.75796407;SELL
2016-03-16T03:55:23.000000;2016-03-16T03:55:23.647000;0af6965b-63c4-43d0-9b95-9c3d95b85184;13.21;1.51630513;SELL
2016-03-16T03:55:34.000000;2016-03-16T03:55:35.017000;fbb4d7ac-3520-411e-a7c6-8cd91ccd52e9;13.21;17.345355;SELL
2016-03-16T03:55:35.000000;2016-03-16T03:55:35.680000;ff5106ca-47ed-4f51-b561-0f9f0d7e8e35;13.21;11.05377881;SELL
2016-03-16T03:55:35.000000;2016-03-16T03:55:35.693000;b9e25502-82c6-416b-803e-665f42565fec;13.2;38.54490674;SELL
2016-03-16T03:55:38.000000;2016-03-16T03:55:38.813000;e23334bc-4a4f-419d-8099-92bf940af8fe;13.2;19.044333;SELL
2016-03-16T03:55:42.000000;2016-03-16T03:55:42.417000;b70f1b7f-98d5-425d-aa63-b510666070cb;13.2;21.896587;SELL
2016-03-16T03:55:44.000000;2016-03-16T03:55:45.030000;ad10c384-8a3e-435d-bfba-1b67c7b7c8b6;13.2;2.85190138;SELL
2016-03-16T03:55:45.000000;2016-03-16T03:55:45.403000;03a92df4-12c0-4603-a47d-aa14eb804e4f;13.2;4.32209379;SELL
2016-03-16T03:55:56.000000;2016-03-16T03:55:56.207000;c8f257d3-2530-4bc9-89f1-5b8f30c84aa3;13.2;0.31423848;SELL
2016-03-16T03:56:05.000000;2016-03-16T03:56:05.363000;ca6258bf-21fb-4682-b952-fc81c05a2006;13.2;3.5031815;SELL
2016-03-16T03:56:21.000000;2016-03-16T03:56:21.403000;6a5dfa87-ba45-4453-a5f8-f26f69c8f623;13.2;3.51506631;SELL
2016-03-16T03:56:22.000000;2016-03-16T03:56:22.437000;7086bdc2-b3d0-4da1-9d94-135a8b404d74;13.2;0.35;SELL
2016-03-16T03:56:23.000000;2016-03-16T03:56:23.463000;4763abd3-1fa6-4de5-89ca-b116c70b5112;13.2;1.51834645;SELL
2016-03-16T03:56:26.000000;2016-03-16T03:56:26.773000;0a70352a-3785-4623-af9c-fe9cce145762;13.2;0.35;SELL
2016-03-16T03:56:28.000000;2016-03-16T03:56:28.323000;448c64c3-448d-43ce-b200-edfadbed1521;13.2;2.62099826;SELL
2016-03-16T03:56:29.000000;2016-03-16T03:56:30.093000;77a18384-3ea3-4162-8707-2353c59b1ff1;13.2;0.35;SELL
2016-03-16T03:56:29.000000;2016-03-16T03:56:30.137000;e23483cf-0cd7-4fc8-8106-a3c7e8e503d9;13.2;0.81834709;SELL
2016-03-16T03:56:32.000000;2016-03-16T03:56:32.313000;6189183b-6a9f-43e8-bb82-5bb7e74c9cfb;13.162;0.112857;SELL
2016-03-16T03:56:32.000000;2016-03-16T03:56:32.317000;ef701c76-2099-430c-bf51-004a060ff020;13.152;0.110011;SELL
2016-03-16T03:56:36.000000;2016-03-16T03:56:36.487000;3990274f-6aa6-4461-8d85-292e00465c6d;13.12;1.16834709;SELL
2016-03-16T03:56:39.000000;2016-03-16T03:56:39.373000;4329f562-6a6a-44f0-88d9-f0aec1abc7d0;13.12;1.06840484;SELL
2016-03-16T03:56:40.000000;2016-03-16T03:56:41.017000;ffa5998c-498c-41e2-830f-94d9c23b9999;13.12;1.16834709;SELL
2016-03-16T03:56:42.000000;2016-03-16T03:56:42.633000;2201e888-e443-4f5b-91a0-b7e5dbd46894;13.12;1.06840484;SELL
2016-03-16T04:07:02.000000;2016-03-16T04:07:03.060000;98c22764-9488-4665-bcba-52681906cec6;13.12;1.08179229;SELL
2016-03-16T04:07:04.000000;2016-03-16T04:07:04.530000;8bdf609a-9fce-4635-ad9b-c4e95fc02db9;13.12;1.08526067;SELL
2016-03-16T04:07:04.000000;2016-03-16T04:07:04.570000;949c5590-1455-46c1-ab3f-cb730d0c4ba4;13.12;3.78374241;SELL
2016-03-16T04:07:05.000000;2016-03-16T04:07:05.837000;9186bd2d-897d-4648-8340-09dbcb684315;13.12;2.48617557;SELL
2016-03-16T04:07:05.000000;2016-03-16T04:07:05.873000;72fa22c2-dc05-4559-a215-8b3fa24aa565;13.12;0.32428379;SELL
2016-03-16T04:07:06.000000;2016-03-16T04:07:07.590000;00d6a11b-29c3-4580-85bb-cead0b223801;13.12;0.98534166;SELL
2016-03-16T04:12:02.000000;2016-03-16T04:12:02.800000;f469a41a-f0ca-47bd-b6fa-d88950bcdf95;13.12;9.69005539;SELL
2016-03-16T04:18:56.000000;2016-03-16T04:18:56.883000;bb70fbe5-5571-471c-815d-bb7a3d0a4124;13.167;0.79532609;BUY
2016-03-16T04:18:56.000000;2016-03-16T04:18:56.890000;6bd54909-ff3f-43bd-9a88-46ef78733dac;13.168;0.13935699;BUY
2016-03-16T04:18:56.000000;2016-03-16T04:18:56.900000;c0d80aca-cea7-45ef-8a85-d932b481e934;13.171;1.6939094;BUY
2016-03-16T04:18:56.000000;2016-03-16T04:18:56.927000;b556522d-1cc5-442a-bdee-6f6f30f8300c;13.171;24.44530752;BUY
2016-03-16T04:32:53.000000;2016-03-16T04:32:54.097000;5502ed33-d728-47ba-9f3f-5254aeb219a4;13.199;0.40029;BUY
2016-03-16T04:33:01.000000;2016-03-16T04:33:01.470000;47951e7d-66b3-43ca-80f5-5f60807c78b0;13.2;2.97099826;BUY
2016-03-16T04:33:04.000000;2016-03-16T04:33:04.090000;31e924a7-9bbc-42dc-b6e5-0ad86cd22e08;13.198;0.66766317;BUY
2016-03-16T04:33:04.000000;2016-03-16T04:33:04.090000;54274c8f-b1f1-43c8-933d-51ccf28748fa;13.21;3.38061309;BUY
2016-03-16T04:33:05.000000;2016-03-16T04:33:05.590000;ed40a703-e9a1-42bb-a4d2-6cb7b331584a;13.201;0.66766317;SELL
2016-03-16T04:40:42.000000;2016-03-16T04:40:42.850000;aeac72bc-e3b8-485e-8b53-c172cfe0ffd8;13.286;2.49568794;BUY
2016-03-16T04:40:42.000000;2016-03-16T04:40:42.857000;a927e58e-2df9-4c9c-bd9a-c24f166c49a5;13.29;2.020468;BUY
2016-03-16T04:40:42.000000;2016-03-16T04:40:42.867000;ecb0ef62-0b1f-47aa-bd04-0d4a658ce633;13.29;1.08125505;SELL
2016-03-16T04:46:38.000000;2016-03-16T04:46:39.167000;971a3da9-548c-4156-b23d-2a4d9f8a4cb3;13.29;0.4;SELL
2016-03-16T04:46:40.000000;2016-03-16T04:46:41.140000;0b70d5fe-37ea-4966-8396-1686c8d38361;13.185;1.01443289;SELL
2016-03-16T05:21:19.000000;2016-03-16T05:21:19.403000;9cf90f00-9167-4a18-be00-26b8e4630679;13.12;2.48866423;SELL
2016-03-16T05:21:19.000000;2016-03-16T05:21:19.427000;cd72ca9b-1f7e-46d5-b102-2427d2eec7fb;13.12;1.08634702;SELL
2016-03-16T05:21:19.000000;2016-03-16T05:21:19.493000;d6848a03-8586-45d4-82c0-38b3b3c7d039;13.12;0.98632799;SELL
2016-03-16T05:21:19.000000;2016-03-16T05:21:19.837000;85eb355f-f8af-446c-b93f-1fde3389b424;13.12;0.3246084;SELL
2016-03-16T05:21:31.000000;2016-03-16T05:21:31.403000;ef114fec-bdce-4da6-9b36-875f77cfd2c1;13.12;1.69208422;SELL
2016-03-16T05:35:26.000000;2016-03-16T05:35:26.453000;566ce741-f966-48ec-97c1-f2bc807ac323;13.224;0.40123;BUY
2016-03-16T05:39:26.000000;2016-03-16T05:39:26.733000;23df6dd6-2a3d-4591-a9d0-a47aff293dc1;13.224;1.638666;BUY
2016-03-16T05:39:54.000000;2016-03-16T05:39:54.967000;73eba792-670a-4334-b769-31d1c50d8ee9;13.262;0.40039;BUY
2016-03-16T05:39:56.000000;2016-03-16T05:39:56.600000;65a091c9-c116-44ea-8187-5d63f88c659f;13.224;4.59920921;SELL
2016-03-16T05:40:49.000000;2016-03-16T05:40:49.147000;e16e307f-8b0b-4dd5-841b-302b8d854a21;13.224;3.128111;SELL
2016-03-16T05:40:50.000000;2016-03-16T05:40:50.150000;1259fbc1-d53a-455d-8344-043aa1d2d1ad;13.224;1.97911379;SELL
2016-03-16T05:54:07.000000;2016-03-16T05:54:07.093000;3ac71491-e880-405a-9495-22ef2a56f369;13.224;0.40041;BUY
2016-03-16T06:09:58.000000;2016-03-16T06:09:58.443000;9fe8efa9-7ba1-4423-bce3-5ef5db9cf169;13.223;0.53165471;BUY
2016-03-16T06:09:58.000000;2016-03-16T06:09:58.460000;cef67eda-a426-4cdf-8311-bb678b95dca5;13.224;0.99811015;BUY
2016-03-16T06:09:58.000000;2016-03-16T06:09:58.463000;d7cd6cc3-a56b-46cf-98da-c2be67be753f;13.243;5.61727616;BUY
2016-03-16T06:09:58.000000;2016-03-16T06:09:58.497000;e738739e-98ff-47a1-9c7c-7c4a4c9aad86;13.243;2.85295898;BUY
2016-03-16T06:29:19.000000;2016-03-16T06:29:19.973000;abf51331-7b97-41ab-9dfe-740e639057f7;13.348;2.49568794;BUY
2016-03-16T06:29:19.000000;2016-03-16T06:29:19.993000;8bc0906d-dc30-48e4-803a-8de8d4092a5a;13.349;2.053447;BUY
2016-03-16T06:29:19.000000;2016-03-16T06:29:20.003000;1d6e722e-e6af-4f03-855e-aed916582f37;13.35;0.25;BUY
2016-03-16T06:29:20.000000;2016-03-16T06:29:20.933000;c0038b3d-b0ee-49bc-8f0a-f1947a0fdcab;13.377;0.72237891;BUY
2016-03-16T06:29:22.000000;2016-03-16T06:29:22.673000;22003f03-983a-4a4f-81bf-dccd9aa32d52;13.38;1.60993;BUY
2016-03-16T06:29:29.000000;2016-03-16T06:29:29.193000;d12c8b8d-6922-4367-9d87-38b118c7ddcb;13.382;1.38656249;SELL
2016-03-16T06:29:29.000000;2016-03-16T06:29:29.213000;2089110c-b1c1-408a-95cc-e6c705967069;13.382;1.49280265;SELL
2016-03-16T06:29:30.000000;2016-03-16T06:29:30.430000;b88fbf5f-fd9b-4988-b777-c7a90b3a4823;13.396;0.94741955;BUY
2016-03-16T06:29:30.000000;2016-03-16T06:29:30.437000;1cad771f-066e-4de9-8eb6-b25e24e103fd;13.397;0.31876795;BUY
2016-03-16T06:29:34.000000;2016-03-16T06:29:34.533000;38cb7f82-97b4-413c-b286-3ac1812736d9;13.382;0.57656572;BUY
2016-03-16T06:29:34.000000;2016-03-16T06:29:34.777000;706eb5bc-7818-457e-8ff6-e35fe7e602b0;13.382;0.80999677;BUY
2016-03-16T06:29:49.000000;2016-03-16T06:29:49.140000;27faeeba-c39c-4f99-a288-0250c2e7a6ad;13.386;1.988799;BUY
2016-03-16T06:29:51.000000;2016-03-16T06:29:51.237000;238acd8e-e271-4adc-8052-3c450794307f;13.411;1.988799;BUY
2016-03-16T06:29:51.000000;2016-03-16T06:29:51.243000;d6952d21-3668-434d-a1c0-9ea96bff906b;13.412;0.53734429;BUY
2016-03-16T06:29:51.000000;2016-03-16T06:29:51.273000;eb8a0e86-93c9-4e3d-b4c1-1d5d48d8da4e;13.434;95.66;BUY
2016-03-16T06:29:51.000000;2016-03-16T06:29:51.273000;46ac6c1b-38f4-4221-b115-23fdbcf4203c;13.435;31.15765671;BUY
2016-03-16T06:29:56.000000;2016-03-16T06:29:56.323000;ddd8ef4c-93e5-4983-8d70-0fa22ee1ab80;13.387;1.99078979;BUY
2016-03-16T06:29:56.000000;2016-03-16T06:29:56.343000;fd8d1065-9863-49ce-af3b-e171629606bb;13.387;1.07409628;BUY
2016-03-16T06:32:59.000000;2016-03-16T06:33:00.613000;dbfebf56-8025-442a-8eb1-9e1087fdecfa;13.36;0.30087;BUY
2016-03-16T06:41:00.000000;2016-03-16T06:41:00.887000;15409822-fcf0-49a3-bb5e-adda2601fcbc;13.412;1.988799;BUY
2016-03-16T06:41:00.000000;2016-03-16T06:41:00.907000;553cb62c-8e15-4afc-991f-15cd1cadf035;13.418;2.03422;BUY
2016-03-16T06:42:52.000000;2016-03-16T06:42:52.963000;55475750-0b7d-4821-920f-779a24bdd8c8;13.45;0.25;BUY
2016-03-16T06:44:18.000000;2016-03-16T06:44:18.603000;5f63ccfe-8af2-4cc8-abff-2cf9efae918f;13.508;0.73734902;BUY
2016-03-16T06:44:55.000000;2016-03-16T06:44:55.490000;cabdce53-f928-442b-8ef2-41b411373112;13.399;2.038973;SELL
2016-03-16T06:44:55.000000;2016-03-16T06:44:55.493000;925c21df-aa3f-40ef-b6aa-9e73f1641583;13.383;0.10021;SELL
2016-03-16T06:44:55.000000;2016-03-16T06:44:55.493000;b78a83c8-d350-4308-9614-c0c288a0d95a;13.249;40.24439669;SELL
2016-03-16T06:46:16.000000;2016-03-16T06:46:17.023000;b145fc75-4af9-46cc-a6c1-78cda0e94b6e;13.463;0.10001;BUY
2016-03-16T06:47:12.000000;2016-03-16T06:47:13.020000;74887d55-81ca-4c2e-a22d-b5e2e359c459;13.508;4.76749721;BUY
2016-03-16T06:47:12.000000;2016-03-16T06:47:13.033000;4ca157f1-0f01-425f-8bba-f7bb908d8225;13.509;5.4945;BUY
2016-03-16T06:47:12.000000;2016-03-16T06:47:13.037000;0157558f-c199-4832-9bd5-08c15ddc3839;13.568;95.44;BUY
2016-03-16T06:47:12.000000;2016-03-16T06:47:13.070000;cf9fde60-9fda-46ec-871c-e87923ec83c7;13.57;25.0;BUY
2016-03-16T06:47:12.000000;2016-03-16T06:47:13.070000;9342d596-9fbf-49ce-86ee-43a1fd856aaf;13.57;131.439759;BUY
2016-03-16T06:47:12.000000;2016-03-16T06:47:13.070000;bc70ca45-cc52-4dc4-aa38-5c596954b921;13.596;2.019713;BUY
2016-03-16T06:47:21.000000;2016-03-16T06:47:21.137000;359bf55b-2976-4008-81ca-0d74b019183e;13.598;0.59557643;BUY
2016-03-16T06:47:21.000000;2016-03-16T06:47:21.147000;a7d6f109-0675-47da-b5e9-69d013d3d68e;13.598;4.56608599;BUY
2016-03-16T06:47:21.000000;2016-03-16T06:47:21.150000;9111a209-919e-48f7-8fd8-cc349f93dfd1;13.598;1.21721552;BUY
2016-03-16T06:47:21.000000;2016-03-16T06:47:21.183000;911eb084-ff4e-4df6-ba7a-56e8cd9cc0e3;13.599;5.47022489;BUY
2016-03-16T06:47:21.000000;2016-03-16T06:47:21.183000;fb6dea31-4973-4f10-ac1d-bddb12b79150;13.6;6.0220079;BUY
2016-03-16T06:47:22.000000;2016-03-16T06:47:22.350000;8c3bf684-4420-4527-bc2f-46df2d682d03;13.6;2.12888927;SELL
2016-03-16T06:50:47.000000;2016-03-16T06:50:47.633000;51544960-e0ed-4eab-87cf-f6db462cdbd6;13.5;0.89999;SELL
2016-03-16T06:54:57.000000;2016-03-16T06:54:57.967000;0d52bd33-9762-4468-943d-f43277c6f86d;13.56;7.20309641;BUY
2016-03-16T06:54:57.000000;2016-03-16T06:54:57.970000;ec3b98cd-9340-4550-b97d-844215b42bb4;13.561;1.978133;BUY
2016-03-16T06:54:57.000000;2016-03-16T06:54:57.973000;efbc9d39-449f-4e83-9a94-5f5b7d51459d;13.64;5.45378246;BUY
2016-03-16T06:54:57.000000;2016-03-16T06:54:58.010000;2925dac9-0ea0-4f0d-b98c-e292997d8e4a;13.642;88.74;BUY
2016-03-16T06:54:57.000000;2016-03-16T06:54:58.010000;37fcf3f0-2746-4ec6-b623-3dfb9565abb4;13.645;43.05428813;BUY
2016-03-16T06:55:01.000000;2016-03-16T06:55:01.317000;d2bd5157-b9cf-4af0-b38d-1116fa2cc4da;13.432;0.10021;SELL
2016-03-16T07:01:39.000000;2016-03-16T07:01:39.980000;689eb80f-22a6-447f-8437-697919f17e93;13.511;0.29599;BUY
2016-03-16T07:12:26.000000;2016-03-16T07:12:28.587000;8392e2e6-0991-4b68-839b-ca6fc224e6a0;13.511;1.708085;BUY
2016-03-16T07:16:21.000000;2016-03-16T07:16:21.750000;953c3ab7-4fb3-4110-8b62-a678d4516289;13.511;5.62195209;SELL
2016-03-16T07:16:22.000000;2016-03-16T07:16:22.633000;2e9f58f9-e73c-4a4f-b688-916b05dd61f8;13.511;1.998006;SELL
2016-03-16T07:16:23.000000;2016-03-16T07:16:23.477000;8c5ff1f3-96dc-4630-8c20-cb9964beba2a;13.511;1.655738;SELL
2016-03-16T07:16:30.000000;2016-03-16T07:16:30.650000;7f7ce043-3392-432d-9bde-088f6c98a062;13.511;0.01621891;SELL
2016-03-16T07:36:17.000000;2016-03-16T07:36:17.470000;e52d665c-797d-40c5-a4b8-72f0b32a43d5;13.487;0.39460403;BUY
2016-03-16T07:36:41.000000;2016-03-16T07:36:41.753000;cdf754d1-0d32-45ac-93b1-358474a39ba0;13.486;1.74029642;BUY
2016-03-16T07:48:33.000000;2016-03-16T07:48:33.623000;66282a32-3f41-4006-9b75-daace4fbb662;13.32;1.99023175;SELL
2016-03-16T07:48:38.000000;2016-03-16T07:48:38.987000;7731dba9-0655-4916-b2a3-ee1d2620bf01;13.32;1.00313174;SELL
2016-03-16T07:48:53.000000;2016-03-16T07:48:53.093000;b90b5fdb-9c71-4b06-bf17-3db55858d97d;13.32;1.99042374;SELL
2016-03-16T07:49:07.000000;2016-03-16T07:49:07.087000;3ca4be5d-6974-44aa-9206-46916b129478;13.32;3.13281542;SELL
2016-03-16T07:49:10.000000;2016-03-16T07:49:11.677000;8fba9d3f-1ca6-4d9d-a375-7424eef30c48;13.32;1.88339735;SELL
2016-03-16T07:51:28.000000;2016-03-16T07:51:28.393000;bf586ca0-bd2d-43b5-bc4b-f9856561b004;13.319;0.9548;BUY
2016-03-16T08:00:40.000000;2016-03-16T08:00:40.183000;cbc28ad1-673a-4dab-b3e6-926a557dc0e1;13.291;0.10634;SELL
2016-03-16T08:00:40.000000;2016-03-16T08:00:40.197000;38e02d1d-c9d3-474e-a858-dfe9a42b1ea0;13.224;15.3668673;SELL
2016-03-16T08:04:43.000000;2016-03-16T08:04:44.533000;f199fa1e-d6d5-485c-b01b-b67794724aa8;13.32;1.24941807;BUY
2016-03-16T08:04:43.000000;2016-03-16T08:04:44.553000;5176cd84-75bf-4e2d-acf0-d8c32ffe4b97;13.32;1.88339735;BUY
2016-03-16T08:15:34.000000;2016-03-16T08:15:36.087000;aee42084-6284-49c1-bbae-7b52312fada4;13.2;5.0;SELL
2016-03-16T08:15:34.000000;2016-03-16T08:15:36.100000;b86a43ef-ea03-4894-90dd-1ef4e7d9c4df;13.2;1.0;SELL
2016-03-16T08:15:34.000000;2016-03-16T08:15:36.120000;cd8dce27-0a76-4c14-aa81-dab5703c3625;13.181;2.021147;SELL
2016-03-16T08:15:34.000000;2016-03-16T08:15:36.140000;27d7b9f0-e809-4e56-81b1-9835c75958cf;13.156;41.978853;SELL
2016-03-16T08:23:26.000000;2016-03-16T08:23:26.607000;e5d3e5ec-5c4e-473b-b364-644756626b0d;13.23;2.0;SELL
2016-03-16T08:24:04.000000;2016-03-16T08:24:04.110000;16d28a79-510a-4fa1-9013-86add75bfe8b;13.237;2.0;SELL
2016-03-16T08:26:27.000000;2016-03-16T08:26:27.590000;04aabfac-7837-404f-b5f3-00f619703ade;13.392;2.01798;BUY
2016-03-16T08:43:08.000000;2016-03-16T08:43:08.410000;68a35ff9-f8e2-41e4-a305-85edbf5f70e8;13.28;0.48593248;SELL
2016-03-16T08:43:24.000000;2016-03-16T08:43:24.510000;3e78b90e-2c9d-424c-a02e-d7df3967c439;13.28;2.49446752;SELL
2016-03-16T08:50:17.000000;2016-03-16T08:50:17.997000;13a5a0c5-1305-4e02-b775-34f858331c97;13.28;1.0;SELL
2016-03-16T08:50:25.000000;2016-03-16T08:50:25.247000;f1389dbb-2175-4057-8bd3-e2a736510103;13.237;0.036287;SELL
2016-03-16T08:50:25.000000;2016-03-16T08:50:25.247000;0ab914b8-7051-4cc0-8a18-dcf7bffa65ab;13.22;0.963713;SELL
2016-03-16T09:11:20.000000;2016-03-16T09:11:20.403000;d0fc884e-3423-4b1d-9c7b-473d98d0c1d0;13.229;1.0;SELL
2016-03-16T09:11:21.000000;2016-03-16T09:11:21.197000;f59691c2-4923-44bd-a3b8-cc1faa1dda28;13.23;1.0;BUY
2016-03-16T09:16:14.000000;2016-03-16T09:16:15.917000;38cffbc9-d482-4683-b519-fa75b7c98c17;13.38;2.02789;BUY
2016-03-16T09:16:36.000000;2016-03-16T09:16:36.867000;1c003ac6-34ad-46ac-a9e5-10fe6cb0f9ff;13.454;0.206137;BUY
2016-03-16T09:16:36.000000;2016-03-16T09:16:36.873000;7f8c68e8-be9c-46bc-81c8-bc00c3ce4cbe;13.511;3.28971042;BUY
2016-03-16T09:16:36.000000;2016-03-16T09:16:36.883000;29ec46fd-bf9e-40f6-b7dd-d412bd270d37;13.709;1.50415258;BUY
2016-03-16T09:20:00.000000;2016-03-16T09:20:00.277000;4fb3be48-2d36-4e4a-acc5-da537834fc55;13.763;5.0;BUY
2016-03-16T09:24:22.000000;2016-03-16T09:24:23.193000;8380a150-ea43-4711-861c-efaa28997c1c;13.694;0.10021;SELL
2016-03-16T09:41:24.000000;2016-03-16T09:41:24.513000;2dc53084-4bbe-4e14-a1de-b391bff0dbbc;13.6;0.48078703;BUY
2016-03-16T09:41:24.000000;2016-03-16T09:41:24.527000;31c41ff1-e2d3-41b3-abef-05198d0d8ab6;13.692;0.10021;BUY
2016-03-16T09:41:24.000000;2016-03-16T09:41:24.540000;80baabfb-d76e-4dc9-9d10-ca3c82c38de4;13.725;9.27569609;BUY
2016-03-16T09:41:24.000000;2016-03-16T09:41:24.563000;61778acf-7596-43f3-a38f-1a1ce3eb3562;13.726;22.14;BUY
2016-03-16T09:41:24.000000;2016-03-16T09:41:24.563000;9860ad27-c55f-456e-9920-4585fed6c6b3;13.729;2.12436639;BUY
2016-03-16T09:51:21.000000;2016-03-16T09:51:21.623000;c6811997-68bf-49bf-a184-436fe6d62bf8;13.719;0.10021;BUY
2016-03-16T09:51:21.000000;2016-03-16T09:51:21.640000;f0f52419-9dc8-4425-8878-4b11cfd54747;13.719;2.85463983;BUY
2016-03-16T09:51:21.000000;2016-03-16T09:51:21.670000;cb6e38e3-e361-47de-bc9c-8e0a573551b7;13.723;2.04515017;BUY
2016-03-16T09:56:28.000000;2016-03-16T09:56:28.750000;489e9f97-1140-4973-8f3f-9b919bf10b94;13.55;0.10634;SELL
2016-03-16T10:03:59.000000;2016-03-16T10:03:59.353000;f8a9b9ac-f092-4861-ab0c-e190c44278e1;13.483;2.0;SELL
2016-03-16T10:08:14.000000;2016-03-16T10:08:14.863000;99e0ace1-b06d-426f-b6a0-1a37034aa2fd;13.483;0.031393;SELL
2016-03-16T10:08:14.000000;2016-03-16T10:08:14.877000;56fcb29a-f466-44d7-aaf7-b39586ea81a3;13.483;1.968607;SELL
2016-03-16T10:18:40.000000;2016-03-16T10:18:41.103000;012d0fb5-ec93-4034-9780-3e7dffb52535;13.55;2.89366;BUY
2016-03-16T10:18:40.000000;2016-03-16T10:18:41.113000;779a3f18-2756-4d55-97c2-cfcda244b98a;13.607;1.999064;BUY
2016-03-16T10:18:40.000000;2016-03-16T10:18:41.123000;8751a1bc-3bee-4ae9-974a-c69cddebb4fa;13.692;7.25895734;BUY
2016-03-16T10:36:24.000000;2016-03-16T10:36:24.627000;19750aa4-1208-4722-bf7a-bea35c29bc07;13.531;0.3025;SELL
2016-03-16T10:49:24.000000;2016-03-16T10:49:24.947000;d9035d81-e700-4787-b61b-2beea4820312;13.681;0.10021;SELL
2016-03-16T10:49:24.000000;2016-03-16T10:49:25.043000;389aaeb7-68de-4947-a163-dbc2b6ab3153;13.681;3.96840063;SELL
2016-03-16T10:49:25.000000;2016-03-16T10:49:25.123000;4a3b37a8-9693-4f56-8027-133b140aa1cb;13.681;3.96840063;SELL
2016-03-16T10:49:25.000000;2016-03-16T10:49:25.810000;56ae3770-2488-4c3b-a260-7682148d08a1;13.681;3.96840063;SELL
2016-03-16T10:49:27.000000;2016-03-16T10:49:28.007000;f1ebd700-2fee-4085-8a52-a9c068ea1fbd;13.681;6.49458811;SELL
2016-03-16T10:50:49.000000;2016-03-16T10:50:49.407000;1b176234-e498-4314-ad79-a9eba0a79292;13.699;6.49458811;BUY
2016-03-16T10:50:49.000000;2016-03-16T10:50:49.423000;2f124250-6035-4498-b400-57a1096142f9;13.7;24.0;BUY
2016-03-16T10:50:49.000000;2016-03-16T10:50:49.430000;472a5338-faef-4488-81bf-e07860f4e5ad;13.716;0.206137;BUY
2016-03-16T10:50:49.000000;2016-03-16T10:50:49.463000;6fe4f6b0-d925-492c-911b-dfef12bd1277;13.741;6.29927489;BUY
2016-03-16T10:58:35.000000;2016-03-16T10:58:35.823000;307caf9b-4245-48e1-b9d1-31aa74f3e384;13.7;6.49458811;SELL
2016-03-16T10:58:45.000000;2016-03-16T10:58:45.470000;9c53a505-a5c8-4e1f-a794-55fada54cf49;13.7;3.06065049;SELL
2016-03-16T10:58:46.000000;2016-03-16T10:58:46.103000;f0043f0e-dfef-4a3a-900f-2eae50d2fe40;13.7;1.18193017;SELL
2016-03-16T10:58:47.000000;2016-03-16T10:58:47.690000;c84733ef-8d79-4ac4-8999-0c611f0e96eb;13.7;1.18193017;SELL
2016-03-16T10:58:48.000000;2016-03-16T10:58:48.253000;57df1d5f-b278-461b-b2f3-90921f4d4f8a;13.7;9.15471044;SELL
2016-03-16T10:58:49.000000;2016-03-16T10:58:50.310000;fd8ba04d-fa93-4baf-9309-dcf037f64b3f;13.7;2.41535851;SELL
2016-03-16T10:58:52.000000;2016-03-16T10:58:52.537000;fed783ee-e67c-4bc0-9154-51d3bf8074da;13.7;7.97278027;SELL
2016-03-16T10:58:53.000000;2016-03-16T10:58:53.730000;8f48479b-bc82-4737-90fd-fce01788a90b;13.7;9.16387431;SELL
2016-03-16T10:59:01.000000;2016-03-16T10:59:01.223000;a9877ebf-d7bd-48d0-a821-2d8c0a858dcf;13.7;2.03917733;SELL
2016-03-16T10:59:04.000000;2016-03-16T10:59:04.997000;2ef84ee0-db3c-4e56-82ae-ebd2667fe095;13.7;3.4068074;SELL
2016-03-16T10:59:07.000000;2016-03-16T10:59:07.753000;183c4b18-6830-4dac-a0f7-5cc7d80d5641;13.7;0.99439214;SELL
2016-03-16T10:59:10.000000;2016-03-16T10:59:11.107000;7ddda7c5-d982-4b68-abcf-63435e06d36e;13.7;3.4068074;SELL
2016-03-16T10:59:15.000000;2016-03-16T10:59:15.210000;df8042fa-f037-4b8a-9344-ae01a53ab56d;13.7;3.46834095;SELL
2016-03-16T10:59:18.000000;2016-03-16T10:59:18.320000;c56cfaa8-3afa-4cfc-a081-e12c3b400b0c;13.7;3.46834095;SELL
2016-03-16T10:59:21.000000;2016-03-16T10:59:21.347000;530a7b95-ba3a-4703-bbba-0bce8fdcf233;13.7;1.59031136;SELL
2016-03-16T11:00:53.000000;2016-03-16T11:00:53.977000;4fc91398-0177-40ff-b787-fdf591cdce5f;13.68;4.2304;SELL
2016-03-16T11:06:10.000000;2016-03-16T11:06:10.933000;4fad5ef5-8b12-4360-9ace-84a5f50046e4;13.631;0.631323;SELL
2016-03-16T11:08:37.000000;2016-03-16T11:08:37.657000;7b5f50ba-edd9-4bf2-9674-09f088d72182;13.53;8.5495666;SELL
2016-03-16T11:11:43.000000;2016-03-16T11:11:43.070000;390bc15b-c9db-4568-927d-c588f8bad32e;13.572;0.38130378;SELL
2016-03-16T11:11:43.000000;2016-03-16T11:11:43.083000;25262375-7952-42d7-96bc-6d3dd28847f5;13.572;37.02383762;SELL
2016-03-16T11:22:49.000000;2016-03-16T11:22:49.977000;72fadce2-80eb-47ab-ada9-d62a681a7b34;13.53;0.3;SELL
2016-03-16T11:22:49.000000;2016-03-16T11:22:49.993000;93cfe8f0-1b8b-4f52-b08b-927a14caf8b1;13.517;2.0;SELL
2016-03-16T11:22:49.000000;2016-03-16T11:22:49.997000;2a612244-a6a5-494b-8568-d88119bb5b03;13.491;66.7;SELL
2016-03-16T11:39:00.000000;2016-03-16T11:39:00.903000;6d339d43-937f-4f47-8a13-9a75f659aa07;13.49;4.30980658;SELL
2016-03-16T11:39:05.000000;2016-03-16T11:39:05.810000;b145232e-1184-446a-90be-e32b3b7913b0;13.49;1.52839342;SELL
2016-03-16T11:39:05.000000;2016-03-16T11:39:05.813000;53c892d8-4024-4cec-9d8d-5a77ace44352;13.488;0.12816858;SELL
2016-03-16T11:39:07.000000;2016-03-16T11:39:07.163000;c729fe27-11b3-4d9a-8013-1e7481463b7e;13.488;0.54177242;SELL
2016-03-16T11:58:31.000000;2016-03-16T11:58:31.483000;24d57bc8-de9e-446a-873f-c6489c9be4d2;13.576;0.3;BUY
2016-03-16T11:59:36.000000;2016-03-16T11:59:36.283000;e8ae8329-795b-4c33-8234-d55f0341ab96;13.572;2.003036;BUY
2016-03-16T11:59:38.000000;2016-03-16T11:59:38.957000;2a5be1e5-d2de-4cfc-a320-04a7cd71ff01;13.572;14.206764;SELL
2016-03-16T12:14:51.000000;2016-03-16T12:14:51.587000;82b4e6ac-3034-412d-bb3a-163cfb2a69bf;13.556;1.02751767;BUY
2016-03-16T12:14:51.000000;2016-03-16T12:14:51.600000;25ae4d55-e78f-4b47-8d88-05195a747b05;13.557;0.15677991;BUY
2016-03-16T12:14:52.000000;2016-03-16T12:14:52.060000;cd5bd7ea-b197-41c4-9157-a2b7d4a7bbb9;13.557;3.37010651;BUY
2016-03-16T12:14:52.000000;2016-03-16T12:14:52.070000;c4db5797-231b-4faa-b612-13bb24c89124;13.557;5.91487456;BUY
2016-03-16T12:14:53.000000;2016-03-16T12:14:53.600000;9358b277-d215-4c10-a06b-84bdbecc533a;13.557;1.96276087;BUY
2016-03-16T12:14:57.000000;2016-03-16T12:14:57.293000;c0b41d1b-ec8c-40cf-b80c-6c27d20b2816;13.576;1.18429758;BUY
2016-03-16T12:14:59.000000;2016-03-16T12:14:59.610000;c8de867e-dc8a-4a73-8957-0da8108ef4e6;13.575;1.95491768;BUY
2016-03-16T12:15:02.000000;2016-03-16T12:15:02.683000;6ad89db4-44b6-47a5-b071-a71b44171485;13.559;1.96276087;SELL
2016-03-16T12:15:04.000000;2016-03-16T12:15:04.587000;520afc5e-c523-4a10-aa0a-3f265e870b18;13.576;0.14660842;BUY
2016-03-16T12:15:39.000000;2016-03-16T12:15:39.557000;bc4c6257-96b0-4fc8-8d05-87af46d35261;13.568;9.27569609;SELL
2016-03-16T12:15:39.000000;2016-03-16T12:15:39.570000;6cb08cd2-736f-4bf1-a6ec-3022f576adcb;13.567;5.48024907;SELL
2016-03-16T12:22:40.000000;2016-03-16T12:22:40.843000;e7e4187d-ea47-42bc-b69c-f60730095d55;13.626;0.3809222;BUY
2016-03-16T12:22:43.000000;2016-03-16T12:22:43.393000;6ba3de4c-304e-4628-a5b9-d89218626e38;13.653;1.298666;BUY
2016-03-16T12:22:43.000000;2016-03-16T12:22:43.403000;0d6aa003-f64a-4627-b8fb-61a32f332a42;13.68;1.72514545;BUY
2016-03-16T12:26:22.000000;2016-03-16T12:26:22.890000;3b225d6b-5008-43c0-a2b4-08dde8af0c15;13.68;1.64184717;BUY
2016-03-16T12:37:29.000000;2016-03-16T12:37:29.727000;055d9dc7-9f81-47b1-b478-3d6f4a9897f8;13.7;1.87802959;BUY
2016-03-16T12:38:06.000000;2016-03-16T12:38:06.600000;d730fdc5-bf20-4c45-96ab-3c1ee850817a;13.74;9.27569609;BUY
2016-03-16T12:38:06.000000;2016-03-16T12:38:06.600000;85306014-3eb1-43f9-9e6b-e8b082a25950;13.741;93.70072511;BUY
2016-03-16T12:38:06.000000;2016-03-16T12:38:06.607000;abfb1d9e-7451-45a8-8026-58bdf052d276;13.745;100.0;BUY
2016-03-16T12:38:06.000000;2016-03-16T12:38:06.623000;e1741b25-bed8-4095-a2f9-86101a608faf;13.745;2.003259;BUY
2016-03-16T12:38:06.000000;2016-03-16T12:38:06.647000;118ef614-fe34-4444-b973-7319fc27345c;13.75;100.0;BUY
2016-03-16T12:38:06.000000;2016-03-16T12:38:06.647000;becfd7d9-b7cd-4fda-9c11-2ee70f102974;13.766;1.0;BUY
2016-03-16T12:38:06.000000;2016-03-16T12:38:06.647000;deba3ad7-e5b8-4fc3-9310-b4a2727077cf;13.77;25.0;BUY
2016-03-16T12:38:06.000000;2016-03-16T12:38:06.647000;17468f62-65f5-46df-aa6a-bf41644aa105;13.89;19.96;BUY
2016-03-16T12:38:06.000000;2016-03-16T12:38:06.683000;8927ccd4-ac09-4683-a887-8ec36713e8ae;13.89;18.5;BUY
2016-03-16T12:38:06.000000;2016-03-16T12:38:06.683000;0c46c4f0-49d5-4716-b984-45f78cbce185;13.89;78.243501;BUY
2016-03-16T12:38:06.000000;2016-03-16T12:38:06.683000;f367f770-e356-4fce-a67f-836671c544e9;13.89;43.2855;BUY
2016-03-16T12:38:07.000000;2016-03-16T12:38:07.277000;c76c8a47-4e96-4999-b18b-4b90e73a863b;13.89;2.64693089;SELL
2016-03-16T12:38:08.000000;2016-03-16T12:38:08.377000;e0123c7a-ce23-40e4-afca-59f7d61a4610;13.89;0.72669039;SELL
2016-03-16T12:38:08.000000;2016-03-16T12:38:08.453000;8a7aa091-aa1e-4e9f-9d66-233f6b520110;13.89;4.48439752;SELL
2016-03-16T12:39:19.000000;2016-03-16T12:39:19.353000;d20a3ab1-767f-4ecb-b35b-12894ba9d7f8;13.791;0.621302;BUY
2016-03-16T12:39:56.000000;2016-03-16T12:39:56.590000;6d714412-7cac-40a0-aab6-dfcb3287a0f7;13.785;2.446;BUY
2016-03-16T12:41:18.000000;2016-03-16T12:41:18.533000;475d470d-cfc2-4931-a8c3-ba18e25fe745;13.767;3.8152;BUY
2016-03-16T12:41:27.000000;2016-03-16T12:41:27.287000;be13eaf4-4664-41b6-98b3-b27759a7dcef;13.75;5.8382;BUY
2016-03-16T12:41:27.000000;2016-03-16T12:41:27.303000;b69d1923-e333-4fa9-a1ff-f3689d588b39;13.765;3.1618;BUY
2016-03-16T12:45:11.000000;2016-03-16T12:45:12.010000;baddcc5f-53bb-4cf5-8080-622f51c266ad;13.675;0.659307;SELL
2016-03-16T13:01:10.000000;2016-03-16T13:01:10.613000;72ba1087-ff5e-45d3-b709-84a03086333d;13.698;1.455549;BUY
2016-03-16T13:01:10.000000;2016-03-16T13:01:10.633000;409b8013-3d84-4690-8f9a-5d75bf9daebb;13.72;0.3;BUY
2016-03-16T13:01:10.000000;2016-03-16T13:01:10.640000;411623b1-736c-4c48-a341-18b15050439e;13.778;9.27569609;BUY
2016-03-16T13:01:10.000000;2016-03-16T13:01:10.670000;f94e1865-a627-4de4-93a0-2661d9cf3bd9;13.779;22.0;BUY
2016-03-16T13:01:10.000000;2016-03-16T13:01:10.670000;26f8bb74-3b9e-48ac-863f-3872ce7ab088;13.786;116.96875491;BUY
2016-03-16T13:17:04.000000;2016-03-16T13:17:05.150000;0e027f91-2715-4cce-806b-b372ced8a4bc;13.62;13.0;SELL
2016-03-16T13:18:13.000000;2016-03-16T13:18:13.323000;687f9d9a-6994-460e-b908-4973c0f3d44c;13.61;21.1515;SELL
2016-03-16T13:18:53.000000;2016-03-16T13:18:54.220000;c03c87db-7a0a-494c-b23f-3edd2cad030e;13.61;13.0095;BUY
2016-03-16T13:21:17.000000;2016-03-16T13:21:17.353000;f78f23c7-3e57-49ba-a335-dec667d62bb4;13.6;3.27892827;SELL
2016-03-16T13:21:20.000000;2016-03-16T13:21:20.760000;228afa67-2094-4809-a201-49c5e851912e;13.6;1.7054348;SELL
2016-03-16T13:21:25.000000;2016-03-16T13:21:25.507000;8ba5cc8d-6a5e-45ee-a16b-3744b3f4b03e;13.6;3.42093693;SELL
2016-03-16T13:21:37.000000;2016-03-16T13:21:37.887000;1d4cf9e3-3385-4e76-92c7-69ef295561aa;13.595;1.81615245;SELL
2016-03-16T13:21:41.000000;2016-03-16T13:21:41.650000;60a6b556-d0b5-4adb-b64e-b008b50e412a;13.595;1.81615245;SELL
2016-03-16T13:22:32.000000;2016-03-16T13:22:32.763000;5f4e1a62-546c-4f6a-88cb-8831ab6c46a9;13.595;2.25701605;SELL
2016-03-16T13:22:33.000000;2016-03-16T13:22:34.003000;dd14e22d-b832-458b-a581-865651a0d322;13.565;1.55746968;BUY
2016-03-16T13:22:35.000000;2016-03-16T13:22:35.493000;f22ae2d6-b276-4128-860d-77e85adca7a7;13.599;0.25868277;BUY
2016-03-16T13:22:36.000000;2016-03-16T13:22:36.387000;bc80d23e-4caf-4f96-b6f3-c05469b83afa;13.565;3.53170362;SELL
2016-03-16T13:22:41.000000;2016-03-16T13:22:41.410000;35a4c351-ed3f-479f-86db-aa0c16f67fa8;13.559;1.95491768;SELL
2016-03-16T13:22:46.000000;2016-03-16T13:22:46.153000;28fed56d-2508-4261-80ef-3b255c9a2ba7;13.559;1.95491768;SELL
2016-03-16T13:22:49.000000;2016-03-16T13:22:49.767000;b1ad94bf-b289-47cd-9826-e37b2908f270;13.559;2.99235733;SELL
2016-03-16T13:22:49.000000;2016-03-16T13:22:49.773000;9d422014-ff08-40e0-928d-afc64a3a3dba;13.558;1.95491768;SELL
2016-03-16T13:22:51.000000;2016-03-16T13:22:51.547000;262108cc-8bef-4cf7-8c12-5bf5a51d7cf8;13.559;2.01340295;BUY
2016-03-16T13:22:53.000000;2016-03-16T13:22:53.047000;a829dab9-f328-4e24-bffc-37ee8f313b9f;13.599;0.97895438;BUY
2016-03-16T13:23:49.000000;2016-03-16T13:23:49.373000;5ae84426-5fe1-407e-b4aa-9fa55bd0ed7e;13.53;0.699716;SELL
2016-03-16T13:24:06.000000;2016-03-16T13:24:06.990000;1e83cdeb-6141-4c8f-afdc-e6fd53b18446;13.511;9.27569609;SELL
2016-03-16T13:24:10.000000;2016-03-16T13:24:10.383000;d02f3986-e4a7-495e-a9ea-8d4641676322;13.511;9.27430391;SELL
2016-03-16T13:31:59.000000;2016-03-16T13:31:59.927000;7b2e08b4-001f-4b85-913d-6fcff9aa4483;13.502;0.4;BUY
2016-03-16T13:33:09.000000;2016-03-16T13:33:09.710000;8234f5a7-0d72-4e43-afee-6db00e1fa979;13.496;1.976687;SELL
2016-03-16T13:33:09.000000;2016-03-16T13:33:09.713000;22d633ab-6716-4824-b9ce-b50d44767fba;13.496;3.798206;SELL
2016-03-16T13:33:10.000000;2016-03-16T13:33:10.107000;b9b73602-b1da-41b1-b9d2-cbccf74d99d1;13.496;29.11957936;SELL
2016-03-16T13:33:10.000000;2016-03-16T13:33:10.587000;e0c069df-4446-4ffd-ad4a-a192084c794e;13.496;0.97725766;SELL
2016-03-16T13:33:10.000000;2016-03-16T13:33:10.613000;575fe204-2c9f-4b18-8dab-dd06ac7d83b4;13.496;1.77586998;SELL
2016-03-16T13:59:01.000000;2016-03-16T13:59:01.460000;41f79be0-8f9f-43ff-a6f3-72d3bc876f5f;13.461;0.5568;BUY
2016-03-16T13:59:01.000000;2016-03-16T13:59:01.803000;e118ab49-5a80-4d21-b195-109b2c82fd5c;13.399;3.39188091;SELL
2016-03-16T13:59:06.000000;2016-03-16T13:59:07.007000;aa7bafd9-6bad-4b95-8ddd-c64ed12f9a1f;13.399;3.39411216;SELL
2016-03-16T13:59:11.000000;2016-03-16T13:59:13.057000;6010e8a6-2e8a-4d09-a324-ba7a04252e92;13.399;3.71898366;SELL
2016-03-16T13:59:26.000000;2016-03-16T13:59:27.007000;2fa5d96d-ca2a-4094-8399-83963f3f76f8;13.399;4.04450246;SELL
2016-03-16T13:59:31.000000;2016-03-16T13:59:31.133000;b82396a5-a46f-4dc6-9180-5bd722788604;13.399;1.31334516;SELL
2016-03-16T13:59:35.000000;2016-03-16T13:59:35.497000;482a94fd-400e-48e4-bd59-c4a6a249af2b;13.399;3.55646709;SELL
2016-03-16T13:59:49.000000;2016-03-16T13:59:49.410000;5d77f9f2-1355-490d-86ae-cd8bdddbd044;13.399;0.99457484;SELL
2016-03-16T13:59:52.000000;2016-03-16T13:59:52.687000;827c5b07-65ee-422b-a7dc-1828fc362aaf;13.399;0.3906457;SELL
2016-03-16T13:59:56.000000;2016-03-16T13:59:56.193000;de49eeec-a229-42b8-9809-f4f2f06ed22c;13.399;3.37362633;SELL
2016-03-16T13:59:59.000000;2016-03-16T14:00:00.037000;6a7410b3-3a37-4382-928b-d34631be8084;13.399;3.37362633;SELL
2016-03-16T14:00:02.000000;2016-03-16T14:00:02.527000;ec1a45d5-a5aa-48d0-adcf-f17621cc7d62;13.399;2.0711664;SELL
2016-03-16T14:00:05.000000;2016-03-16T14:00:05.560000;5f53b5b6-5f0a-4ee2-8f01-de51202db295;13.399;2.0711664;SELL
2016-03-16T14:00:05.000000;2016-03-16T14:00:05.590000;f3efe0f1-9ccb-448c-8c83-e0336dfe492e;13.399;3.37362633;SELL
2016-03-16T14:00:06.000000;2016-03-16T14:00:06.583000;64e15356-d1dd-40e8-8d3c-4d7c3a90fb7f;13.399;2.0711664;SELL
2016-03-16T14:00:10.000000;2016-03-16T14:00:10.273000;fee67f3a-4eb7-42b2-a1cf-d1189a0ea9ad;13.384;0.742688;SELL
2016-03-16T14:00:13.000000;2016-03-16T14:00:14.783000;e9ca659d-5020-433d-bff4-bfcf9e371fdb;13.384;14.75017603;BUY
2016-03-16T14:00:13.000000;2016-03-16T14:00:14.790000;51c74729-1582-460c-92f3-3c30e8de5d77;13.398;0.82397289;BUY
2016-03-16T14:00:13.000000;2016-03-16T14:00:14.817000;6a36e06e-db17-496c-9c93-fd6a4810ab1a;13.399;1.24340774;BUY
2016-03-16T14:00:15.000000;2016-03-16T14:00:15.457000;1d21cfc6-48d2-469f-a7b1-92d0c3d0cece;13.399;1.923936;SELL
2016-03-16T14:00:16.000000;2016-03-16T14:00:16.297000;efd9cb1a-499d-4b96-8d70-5f9975afbd19;13.399;22.69337161;SELL
2016-03-16T14:00:16.000000;2016-03-16T14:00:16.890000;688c876a-3e31-438e-8373-298f9dae30f0;13.399;3.56513573;SELL
2016-03-16T14:00:29.000000;2016-03-16T14:00:29.403000;4d4521f3-2de6-4fda-ae2f-61607af9bdaf;13.269;0.79895818;SELL
2016-03-16T14:00:38.000000;2016-03-16T14:00:38.987000;4d2d8806-784e-42d8-9050-111402fd8e38;13.332;2.0;SELL
2016-03-16T14:01:05.000000;2016-03-16T14:01:05.423000;e6b65231-4766-4544-a11f-a39a1c867163;13.332;2.0;SELL
2016-03-16T14:01:09.000000;2016-03-16T14:01:09.367000;26adbc3f-52ef-42d9-b00b-51fda108d399;13.269;0.75671157;SELL
2016-03-16T14:03:35.000000;2016-03-16T14:03:35.293000;c7cfbb71-ebab-43a1-badc-ff6b7c9321d0;13.375;0.56922964;SELL
2016-03-16T14:03:35.000000;2016-03-16T14:03:35.300000;79624e0e-d72d-4d7a-acb9-c6ab38bbc659;13.375;9.32397036;SELL
2016-03-16T14:03:37.000000;2016-03-16T14:03:37.717000;b61c4502-c507-4481-9d71-a0745acfcb6b;13.33;0.56922964;SELL
2016-03-16T14:06:09.000000;2016-03-16T14:06:09.733000;d88cada5-7cd1-46a0-a467-04a2facd8e34;13.33;0.63924625;SELL
2016-03-16T14:11:56.000000;2016-03-16T14:11:56.647000;37538b9a-155d-4dd6-8fb7-509a38760b76;13.396;4.35306582;BUY
2016-03-16T14:11:56.000000;2016-03-16T14:11:56.657000;e9fa9cfd-f24f-423c-9d6f-a860e225e814;13.401;2.008241;BUY
2016-03-16T14:11:56.000000;2016-03-16T14:11:56.683000;631c3c3f-6e22-48cf-aa9c-bd8697e02690;13.48;7.49230878;BUY
2016-03-16T14:11:56.000000;2016-03-16T14:11:56.683000;71dbe8e2-c977-4d36-9fbd-88ce564d5c0c;13.48;16.88364606;BUY
2016-03-16T14:23:23.000000;2016-03-16T14:23:23.487000;214714a3-3f41-49f9-b0f1-6e42cbdc030e;13.403;0.5;BUY
2016-03-16T14:30:40.000000;2016-03-16T14:30:40.927000;9d8a3dab-f080-4b84-ba5a-720297e3691f;13.451;1.0173;SELL
2016-03-16T14:38:17.000000;2016-03-16T14:38:17.807000;c5fc2e0e-de18-4f49-80fd-a7d4626f30f7;13.429;0.2801;BUY
2016-03-16T14:50:17.000000;2016-03-16T14:50:17.053000;b6eb3095-396e-4581-9e42-b97807b55aa4;13.36;0.1;BUY
2016-03-16T14:50:23.000000;2016-03-16T14:50:23.113000;b87b13dd-e161-4a60-bdcc-bbe089a13682;13.359;0.1;BUY
2016-03-16T14:50:47.000000;2016-03-16T14:50:47.047000;eecdd5ff-31d6-44a2-9d31-29f6ef1e7f27;13.377;0.1;BUY
2016-03-16T14:55:46.000000;2016-03-16T14:55:46.867000;2dea8a0b-3f98-4a51-94be-02ce729034b7;13.33;0.79152411;SELL
2016-03-16T15:07:21.000000;2016-03-16T15:07:22.307000;94732319-0aa7-4ce7-b707-fc5dd9ec4288;13.407;3.4;BUY
2016-03-16T15:07:29.000000;2016-03-16T15:07:29.060000;63882c46-5554-452f-bc39-5130604979e1;13.3;0.85306582;SELL
2016-03-16T15:24:38.000000;2016-03-16T15:24:38.180000;f3529eb6-16d0-41c9-93eb-9c7f2f8de894;13.394;5.0;BUY
2016-03-16T15:31:33.000000;2016-03-16T15:31:33.060000;590602b2-3839-409c-87b9-ed1c44b33fa8;13.3;0.47535352;SELL
2016-03-16T15:39:38.000000;2016-03-16T15:39:38.780000;523d9cb5-9c44-4e78-a10c-357f1712a27b;13.3;0.67158066;SELL
2016-03-16T15:40:34.000000;2016-03-16T15:40:34.953000;60f66e8e-8905-4d17-982a-9e639b9fb3c2;13.239;0.788392;SELL
2016-03-16T15:40:38.000000;2016-03-16T15:40:38.943000;691b17c6-8242-42f1-b8e5-46738cc0a407;13.222;6.68578978;SELL
2016-03-16T15:40:41.000000;2016-03-16T15:40:41.133000;a4d44d25-97ea-4fcd-bf90-ec2d0eb06929;13.222;3.31421022;SELL
2016-03-16T15:40:45.000000;2016-03-16T15:40:45.700000;a6099215-eb81-4091-a6d6-1e3f8c7300f0;13.22;9.27569609;SELL
2016-03-16T15:40:47.000000;2016-03-16T15:40:47.990000;6a45b2ed-82a5-4a26-b80a-f8c193f1d7ef;13.22;9.27569609;SELL
2016-03-16T15:40:47.000000;2016-03-16T15:40:48.023000;226f314a-735e-4f47-8ad8-712b3beee3c0;13.22;1.98741248;SELL
2016-03-16T15:40:48.000000;2016-03-16T15:40:48.960000;67137491-9fa5-4ce3-8445-2191d769fb43;13.22;5.96148587;SELL
2016-03-16T15:40:51.000000;2016-03-16T15:40:51.577000;d82bf57c-810e-445b-b489-fd32bd31c660;13.22;3.74754571;SELL
2016-03-16T15:40:51.000000;2016-03-16T15:40:51.907000;de804fee-8334-400a-a3cc-c17c42231f42;13.22;9.27569609;SELL
2016-03-16T15:40:53.000000;2016-03-16T15:40:53.100000;a05303f3-a34b-4bde-96f9-55bde7fb18e1;13.22;9.27569609;SELL
2016-03-16T15:40:58.000000;2016-03-16T15:40:58.783000;3b298e02-197b-4148-9184-79b6f981aa3c;13.22;9.27569609;SELL
2016-03-16T15:40:58.000000;2016-03-16T15:40:58.800000;5ec2f08a-f3ba-4e87-a6ba-5f587e560998;13.22;9.27569609;SELL
2016-03-16T15:41:07.000000;2016-03-16T15:41:07.753000;84f64e4c-2543-4c44-9fd5-cf82159dbff7;13.22;4.14030739;SELL
2016-03-16T15:41:09.000000;2016-03-16T15:41:10.020000;c4076418-d784-4978-9246-175ee9a76c22;13.22;9.27569609;SELL
2016-03-16T15:41:15.000000;2016-03-16T15:41:15.627000;6a17066f-af2a-4559-b2b3-b075fb609a21;13.22;9.27569609;SELL
2016-03-16T15:41:19.000000;2016-03-16T15:41:20.107000;d30a82c3-d379-4503-95fa-93b187c6a768;13.22;6.94974534;SELL
2016-03-16T15:41:23.000000;2016-03-16T15:41:23.470000;82466eef-60ce-47e9-83fe-edeebcea04a3;13.22;2.04422149;SELL
2016-03-16T15:41:34.000000;2016-03-16T15:41:34.517000;a0b4f37a-f834-424e-93e2-3e29e56d1b5d;13.2;0.1008;SELL
2016-03-16T15:41:34.000000;2016-03-16T15:41:34.523000;5b6c5ff1-a20e-49f1-b096-96726fadf885;13.2;5.67428251;SELL
2016-03-16T15:41:34.000000;2016-03-16T15:41:34.583000;00ccbf0b-04c0-433c-aa94-de6aabe84f80;13.2;0.75209126;SELL
2016-03-16T15:41:36.000000;2016-03-16T15:41:36.127000;0f635131-f374-4d4b-8233-f24de4425179;13.2;16.95833739;SELL
2016-03-16T15:41:36.000000;2016-03-16T15:41:36.310000;ea0282aa-6ff0-4c5d-a8c9-6961251231e2;13.2;1.69911245;SELL
2016-03-16T15:41:37.000000;2016-03-16T15:41:37.897000;662bb528-a840-4c4a-9487-e3555e607726;13.2;0.75161031;SELL
2016-03-16T15:41:37.000000;2016-03-16T15:41:37.920000;c9675d6a-3f37-460f-b61b-d6d0c4762edf;13.2;5.77132441;SELL
2016-03-16T15:41:50.000000;2016-03-16T15:41:50.867000;595d3400-c761-4308-a916-f8e106f275a1;13.2;3.14473416;SELL
2016-03-16T15:41:54.000000;2016-03-16T15:41:54.690000;d671ac1b-f38d-4ac0-9fe3-03becfa67bff;13.2;3.14473416;SELL
2016-03-16T15:42:06.000000;2016-03-16T15:42:07.377000;f45c8583-1d65-4ee9-a35c-fc026b86db9f;13.2;0.9548984;SELL
2016-03-16T15:42:12.000000;2016-03-16T15:42:12.350000;7aca9f6c-acd5-4872-b216-1717afbb01af;13.2;4.01658187;SELL
2016-03-16T15:42:17.000000;2016-03-16T15:42:18.287000;410d2e46-27f3-48f6-b6fa-30524e33a2ef;13.2;4.01658187;SELL
2016-03-16T15:42:21.000000;2016-03-16T15:42:21.560000;199a4793-9f5e-4fc4-b188-4eaa3828e963;13.2;0.99377483;SELL
2016-03-16T15:42:36.000000;2016-03-16T15:42:36.903000;85445160-6999-4ef4-be98-7d948805a48f;13.2;3.15942996;SELL
2016-03-16T15:42:39.000000;2016-03-16T15:42:39.943000;366a8942-5353-41f7-bb8f-c29fdf342c2b;13.2;9.27569609;SELL
2016-03-16T15:42:41.000000;2016-03-16T15:42:41.877000;c6940815-2697-4db8-af25-22b30b03773d;13.2;2.60157785;SELL
2016-03-16T15:42:42.000000;2016-03-16T15:42:42.280000;06713743-8495-442f-9854-a5038970de72;13.2;1.8288033;SELL
2016-03-16T15:42:46.000000;2016-03-16T15:42:46.507000;f18fae40-a860-4dbe-9586-8c1d48deda8a;13.2;1.69063467;SELL
2016-03-16T15:42:46.000000;2016-03-16T15:42:46.533000;0d62bb2c-b012-4b8d-8448-859184e6ac55;13.2;3.59315429;SELL
2016-03-16T15:42:49.000000;2016-03-16T15:42:49.127000;a9b78d9f-7603-4901-a4fc-961054280a89;13.2;3.38126935;SELL
2016-03-16T15:42:51.000000;2016-03-16T15:42:51.650000;c49b1594-de00-4c56-8b3b-853db7c77fc1;13.2;3.57730504;SELL
2016-03-16T15:42:53.000000;2016-03-16T15:42:53.343000;8ba3e04e-d863-49de-8f94-36b172587e96;13.2;1.69063467;SELL
2016-03-16T15:42:55.000000;2016-03-16T15:42:55.103000;f8dc4186-7743-4db8-bfcf-9b2a58928b21;13.2;3.57730504;SELL
2016-03-16T15:43:02.000000;2016-03-16T15:43:03.057000;25d2dcec-15f3-4543-907f-80f30b9323f1;13.2;0.35903779;SELL
2016-03-16T15:43:02.000000;2016-03-16T15:43:03.090000;d3865d21-39d6-476d-ad98-6868ace96387;13.2;0.67621604;SELL
2016-03-16T15:43:04.000000;2016-03-16T15:43:04.897000;55484298-e256-485b-a8bf-6fba98904439;13.2;2.75262305;SELL
2016-03-16T15:43:06.000000;2016-03-16T15:43:06.533000;e64dcb38-1f5f-4fb9-af49-4296a43a92c6;13.2;1.28394679;SELL
2016-03-16T15:43:07.000000;2016-03-16T15:43:07.510000;9cba431a-851b-4d34-a104-e9a1f8d8a076;13.2;1.28282926;SELL
2016-03-16T15:43:08.000000;2016-03-16T15:43:09.553000;476c6ef1-1601-4c05-a5ea-50b466bd6f3d;13.2;3.57730504;SELL
2016-03-16T15:43:10.000000;2016-03-16T15:43:10.617000;50c1cff7-f8e2-43fd-b722-fe96f146beb6;13.2;1.28171267;SELL
2016-03-16T15:43:12.000000;2016-03-16T15:43:12.713000;98c9f4d9-1356-499d-bf55-64cb0d1afd16;13.2;1.28282859;SELL
2016-03-16T15:43:14.000000;2016-03-16T15:43:14.813000;aff007d7-24f4-4a65-9f19-23e86def1e86;13.2;3.74475076;SELL
2016-03-16T15:43:15.000000;2016-03-16T15:43:15.813000;99203ca2-f8a0-4940-a83d-8fa2f4969acf;13.2;1.27948094;SELL
2016-03-16T15:43:17.000000;2016-03-16T15:43:17.740000;3049afcc-67b2-433a-a908-02b01a106a4f;13.2;1.27836731;SELL
2016-03-16T15:43:18.000000;2016-03-16T15:43:18.723000;36db2ab6-80eb-4e7f-bf3a-0b55faeddcec;13.2;1.27725472;SELL
2016-03-16T15:43:19.000000;2016-03-16T15:43:19.217000;039e512f-a940-4c04-9fbf-febca20b0511;13.2;3.57730504;SELL
2016-03-16T15:43:19.000000;2016-03-16T15:43:19.950000;058414b0-7469-4bcc-8bfc-b42e12e9bcf4;13.2;1.27614298;SELL
2016-03-16T15:43:22.000000;2016-03-16T15:43:22.103000;f46872fd-7821-4ba6-abe8-5702f2a6b923;13.2;1.27503228;SELL
2016-03-16T15:43:25.000000;2016-03-16T15:43:25.823000;dfff065f-895a-4d94-9684-e5737823c8f8;13.2;3.57835105;SELL
2016-03-16T15:43:25.000000;2016-03-16T15:43:25.843000;bb37b150-dd7e-4643-8ae5-d46cb9f06bf7;13.2;9.27569609;SELL
2016-03-16T15:43:28.000000;2016-03-16T15:43:28.167000;a4d6702b-05d3-4ac9-9421-36ccd5480857;13.2;0.69504327;SELL
2016-03-16T15:43:30.000000;2016-03-16T15:43:30.883000;1fcc08c3-1748-4811-b25a-442321bc7c05;13.2;0.6946861;SELL
2016-03-16T15:43:32.000000;2016-03-16T15:43:32.333000;6ce7dd40-b01b-492a-b2f9-7e8c42e20a5c;13.2;3.57234944;SELL
2016-03-16T15:43:34.000000;2016-03-16T15:43:34.480000;85994c5a-cd8a-4ca9-967e-d7c5f915de3a;13.2;1.26463959;SELL
2016-03-16T15:43:38.000000;2016-03-16T15:43:38.263000;c182aa75-7eb7-441a-9619-9ccb05a4fcc7;13.2;0.68564006;SELL
2016-03-16T15:43:38.000000;2016-03-16T15:43:38.297000;f3dff1d5-4418-4155-be0c-82c10c6d49de;13.2;3.98365341;SELL
2016-03-16T15:43:39.000000;2016-03-16T15:43:39.810000;8448835a-629d-40cc-be6d-416ae59fd06a;13.2;1.26294245;SELL
2016-03-16T15:43:41.000000;2016-03-16T15:43:41.623000;76fd97ba-8500-456f-a658-d268cacfc5dd;13.2;1.26184344;SELL
2016-03-16T15:43:42.000000;2016-03-16T15:43:43.220000;a283e5e2-40f6-4006-bb43-7e74bbc977cd;13.2;2.70081573;SELL
2016-03-16T15:43:42.000000;2016-03-16T15:43:43.233000;2c24aeac-87a8-4618-a525-f77d0f5adfaf;13.2;0.35228031;SELL
2016-03-16T15:43:43.000000;2016-03-16T15:43:43.343000;79fdaeee-7259-4548-9351-40363fe0797c;13.2;0.46060683;SELL
2016-03-16T15:43:47.000000;2016-03-16T15:43:47.587000;78d248da-3044-4cef-af63-fe814c2a4210;13.2;1.61329824;SELL
2016-03-16T15:43:49.000000;2016-03-16T15:43:49.720000;b3a0bd6f-cb8c-4697-a654-65908a6f1dcf;13.2;0.68232081;SELL
2016-03-16T15:43:52.000000;2016-03-16T15:43:52.357000;be92c2ab-4250-4fa1-93a3-04d8467396c2;13.2;1.25749403;SELL
2016-03-16T15:43:54.000000;2016-03-16T15:43:54.073000;851089bd-fa79-415f-90a7-c9f58d9cfc20;13.2;1.25622185;SELL
2016-03-16T15:43:54.000000;2016-03-16T15:43:54.130000;37f4a46c-6e50-4ec8-b50f-137550428b7b;13.2;3.57835105;SELL
2016-03-16T15:43:55.000000;2016-03-16T15:43:55.667000;8d2dba95-b103-4c8c-93a5-3c5ff0964016;13.2;2.34749522;SELL
2016-03-16T15:43:57.000000;2016-03-16T15:43:57.697000;fbf36ddb-4425-4387-9438-fd8d17b956e4;13.2;1.25308512;SELL
2016-03-16T15:43:58.000000;2016-03-16T15:43:58.397000;7b914afa-b17f-4403-a64b-a7832e6b1052;13.2;3.57918786;SELL
2016-03-16T15:44:00.000000;2016-03-16T15:44:00.567000;f6fbfc47-4f96-463c-85f2-54de95668623;13.2;1.2521725;SELL
2016-03-16T15:44:02.000000;2016-03-16T15:44:02.323000;3c9359ed-033b-43d8-9cc2-f6e4fb125415;13.2;3.57835105;SELL
2016-03-16T15:44:02.000000;2016-03-16T15:44:02.750000;ac9aeec1-16d0-4767-b9a4-966303daddd6;13.2;1.25108263;SELL
2016-03-16T15:44:04.000000;2016-03-16T15:44:04.457000;2d90377c-59b8-4d2b-bf1a-8cb4264339b8;13.2;1.25233496;SELL
2016-03-16T15:44:04.000000;2016-03-16T15:44:04.817000;6d5c2c54-a444-427d-a836-94a6de36d98a;13.2;0.70099874;SELL
2016-03-16T15:44:05.000000;2016-03-16T15:44:05.937000;cc9f2e4d-f560-43f8-a0ec-a0c727b31b4e;13.2;3.57897866;SELL
2016-03-16T15:44:06.000000;2016-03-16T15:44:06.877000;ee2463f6-70cf-40a5-a54c-be4c0c78879d;13.2;1.25304171;SELL
2016-03-16T15:44:08.000000;2016-03-16T15:44:08.510000;646f3d8d-638a-414c-8c54-dd2af25923a2;13.2;1.21648419;SELL
2016-03-16T15:44:08.000000;2016-03-16T15:44:09.227000;0bc0df19-e1b5-4381-912f-8bab9cde73ed;13.2;1.63026401;SELL
2016-03-16T15:44:10.000000;2016-03-16T15:44:10.680000;7543fe48-1859-44e5-8bf0-8fc4815830a7;13.2;3.57939707;SELL
2016-03-16T15:44:11.000000;2016-03-16T15:44:11.930000;c8282025-8238-49c9-8e52-0d7e8b92559c;13.2;1.85509234;SELL
2016-03-16T15:44:16.000000;2016-03-16T15:44:16.323000;664b1c8b-dabd-4812-90ee-e0889ba18619;13.2;0.721719;SELL
2016-03-16T15:44:16.000000;2016-03-16T15:44:16.540000;2d7fe13f-db2d-4813-8fe3-09fd73453eb3;13.2;3.57918786;SELL
2016-03-16T15:44:17.000000;2016-03-16T15:44:17.493000;e431aeff-8acc-4b49-8f08-3bae3bd0313b;13.2;0.69584885;SELL
2016-03-16T15:44:17.000000;2016-03-16T15:44:17.963000;ba3065fe-6948-4158-941a-859b2d2b6673;13.2;1.24769323;SELL
2016-03-16T15:44:17.000000;2016-03-16T15:44:17.993000;ed5406f8-ff93-4c2c-8b98-0867883967aa;13.2;9.27569609;SELL
2016-03-16T15:44:22.000000;2016-03-16T15:44:22.797000;c8d10433-0eb6-4502-8cab-5a688aef304e;13.2;0.78630183;SELL
2016-03-16T15:44:24.000000;2016-03-16T15:44:24.493000;e5416d23-f903-4816-8a60-60103426a12b;13.2;0.93197665;SELL
2016-03-16T15:44:25.000000;2016-03-16T15:44:25.443000;43a92c29-a6ad-4c2d-95d5-1f666c495a47;13.2;1.0;SELL
2016-03-16T15:44:26.000000;2016-03-16T15:44:26.867000;b98022aa-5ce7-4a81-8382-8fe6a021e284;13.2;0.93197664;SELL
2016-03-16T15:44:27.000000;2016-03-16T15:44:27.420000;4f84069c-8923-4f79-93f2-dc669999f7ac;13.2;1.07054477;SELL
2016-03-16T15:44:28.000000;2016-03-16T15:44:28.073000;4db80ef2-99f1-4705-bc14-02a496c7309a;13.2;9.27569609;SELL
2016-03-16T15:44:29.000000;2016-03-16T15:44:29.193000;4da9afd2-70a1-49cd-8bb2-a72c19002c83;13.2;7.93048587;SELL
2016-03-16T15:44:29.000000;2016-03-16T15:44:29.277000;bca5fcc5-cd83-4ac1-8bf4-d3264fc2f086;13.2;1.03441107;SELL
2016-03-16T15:44:29.000000;2016-03-16T15:44:29.413000;e7a58a0c-39c5-4eaa-af00-3688b6b3ad39;13.2;9.27569609;SELL
2016-03-16T15:44:30.000000;2016-03-16T15:44:30.357000;18152d65-008b-4fec-89c1-b5c529cdb0ba;13.2;9.27569609;SELL
2016-03-16T15:44:30.000000;2016-03-16T15:44:31.003000;0d2a9f25-f540-4dc1-87ba-082686ddbbc3;13.2;0.93197664;SELL
2016-03-16T15:44:30.000000;2016-03-16T15:44:31.033000;bba68c7c-792a-46c2-8b27-5231d3c4c748;13.2;3.57234944;SELL
2016-03-16T15:44:33.000000;2016-03-16T15:44:33.153000;84cc2e02-107b-4b26-bc7c-556951cd3f26;13.2;9.27569609;SELL
2016-03-16T15:44:34.000000;2016-03-16T15:44:35.147000;98e005a2-46ce-48b0-bd6d-ff17b1b18a53;13.2;3.57234944;SELL
2016-03-16T15:44:35.000000;2016-03-16T15:44:35.740000;bbbdebeb-2ed7-41c9-95c4-30d59dfacf76;13.2;0.93041011;SELL
2016-03-16T15:44:40.000000;2016-03-16T15:44:40.420000;da69d83e-4f7a-485b-972b-087ed0faa593;13.2;3.58809023;SELL
2016-03-16T15:44:44.000000;2016-03-16T15:44:45.010000;bd187571-319f-4c3e-ad9b-47052a65e3b6;13.2;0.48825819;SELL
2016-03-16T15:44:49.000000;2016-03-16T15:44:49.253000;52529ac4-5a1f-4a3a-ba91-08f12272c853;13.2;3.57730504;SELL
2016-03-16T15:44:51.000000;2016-03-16T15:44:51.617000;b792e24d-ffdb-4f77-ad69-9a5adc5c64fd;13.2;6.84848838;SELL
2016-03-16T15:44:53.000000;2016-03-16T15:44:53.900000;8a764f3a-13b0-4e27-aff3-914c091819a5;13.2;3.57234944;SELL
2016-03-16T15:44:58.000000;2016-03-16T15:44:58.517000;6d119ba8-a57a-40e5-9241-a5af71243156;13.2;3.57234944;SELL
2016-03-16T15:45:04.000000;2016-03-16T15:45:04.580000;f1d69aee-e70d-4ce6-8f6b-4fd8513165f3;13.2;3.57297279;SELL
2016-03-16T15:45:07.000000;2016-03-16T15:45:08.020000;1ed9e6d7-fdc6-44bd-a19c-10c8b6dc2373;13.2;5.22901036;SELL
2016-03-16T15:45:09.000000;2016-03-16T15:45:09.963000;15c1f0be-d3bf-4bcb-8241-a80f372ae4b8;13.2;3.57297279;SELL
2016-03-16T15:45:13.000000;2016-03-16T15:45:13.617000;a30ec6a2-eca3-4a44-98fb-bba2f55f49ee;13.2;0.84250689;SELL
2016-03-16T15:45:15.000000;2016-03-16T15:45:15.233000;71fcc639-b714-45b0-8e8f-3ca2b6303447;13.2;0.70938619;SELL
2016-03-16T15:45:19.000000;2016-03-16T15:45:19.303000;ab18b3a9-ef27-4560-8d3e-af385d53f2a6;13.2;3.63610108;SELL
2016-03-16T15:45:24.000000;2016-03-16T15:45:24.750000;43fcbf0c-0e38-4bc0-b4c7-2d4794a16bf0;13.2;0.72856827;SELL
2016-03-16T15:45:28.000000;2016-03-16T15:45:28.303000;99edfe47-3a08-4e5e-ad2c-71e2dbabb8af;13.2;0.72433047;SELL
2016-03-16T15:45:32.000000;2016-03-16T15:45:32.060000;0cabe37f-c8a3-43e0-91af-7236215c3e1d;13.2;0.72681947;SELL
2016-03-16T15:45:32.000000;2016-03-16T15:45:33.390000;7c37e4f4-da46-4337-ad18-1cfe700bc192;13.2;1.00413586;SELL
2016-03-16T15:45:37.000000;2016-03-16T15:45:37.430000;6ccacda9-b6f3-4adf-a16b-b3267cd7c9fa;13.2;0.39348023;SELL
2016-03-16T15:45:39.000000;2016-03-16T15:45:39.983000;ef3c0b2e-bb63-433f-ad7a-1b24f37cab64;13.2;9.27569609;SELL
2016-03-16T15:45:41.000000;2016-03-16T15:45:41.350000;6969e0b1-53b7-41f5-b9fe-00492867dafd;13.2;0.4831134;SELL
2016-03-16T15:45:41.000000;2016-03-16T15:45:41.870000;4d16b0ed-dc79-4529-9d05-f99050db28c1;13.2;9.27569609;SELL
2016-03-16T15:45:46.000000;2016-03-16T15:45:46.210000;599529be-0766-49f3-9cdc-83839e57daaa;13.2;0.77361355;SELL
2016-03-16T15:45:48.000000;2016-03-16T15:45:48.907000;1bca24fa-650a-46e1-af26-d3f54de287d0;13.2;7.980012;SELL
2016-03-16T15:45:49.000000;2016-03-16T15:45:49.597000;e978baa3-31aa-4a63-a05c-2c3e29c9a181;13.2;3.30785483;SELL
2016-03-16T15:45:50.000000;2016-03-16T15:45:50.283000;a3338d1f-3818-4177-b5cc-944bd32524bc;13.2;0.32855662;SELL
2016-03-16T15:45:50.000000;2016-03-16T15:45:50.797000;565f708b-29a0-4278-9a82-fbc3cf12fb2a;13.2;3.30785483;SELL
2016-03-16T15:45:51.000000;2016-03-16T15:45:52.167000;23c7a88c-46be-4fba-945a-8e93d3a616c7;13.2;9.27569609;SELL
2016-03-16T15:45:54.000000;2016-03-16T15:45:54.200000;8255c9e9-b6d2-4155-84b4-65d73203fc48;13.2;9.27569609;SELL
2016-03-16T15:45:54.000000;2016-03-16T15:45:54.213000;2ba4e211-7bf8-40c6-a169-7355a12ae54e;13.2;3.31123474;SELL
2016-03-16T15:45:55.000000;2016-03-16T15:45:55.857000;5c99222d-c6e3-4cd4-acde-a237dc41c8ca;13.2;2.8506344;SELL
2016-03-16T15:46:00.000000;2016-03-16T15:46:00.337000;5298e130-d60f-4239-b4ad-0c36abd19cce;13.2;4.07583273;SELL
2016-03-16T15:46:04.000000;2016-03-16T15:46:04.793000;3288eae5-e7e9-40f1-a62e-73ce1265a7aa;13.2;1.04292377;SELL
2016-03-16T15:46:09.000000;2016-03-16T15:46:09.053000;859ff571-5403-44f0-a305-d330d550122f;13.2;0.99451153;SELL
2016-03-16T15:46:10.000000;2016-03-16T15:46:10.177000;8769f25c-caa9-48af-9071-a5b6011b8eb0;13.2;1.02396397;SELL
2016-03-16T15:46:12.000000;2016-03-16T15:46:12.107000;ba43b390-8315-4a8e-b151-3e198bbc0752;13.2;1.02366184;SELL
2016-03-16T15:46:13.000000;2016-03-16T15:46:13.067000;d5f24cfe-9178-4e92-8cc9-8fb80ed5d307;13.2;1.02338839;SELL
2016-03-16T15:46:13.000000;2016-03-16T15:46:13.657000;00d0f319-6ef6-4ffb-a4cd-c4046e68456b;13.2;3.89140461;SELL
2016-03-16T15:46:13.000000;2016-03-16T15:46:13.680000;3ba48259-f510-4aa4-9041-971c73388900;13.2;8.36272067;SELL
2016-03-16T15:46:13.000000;2016-03-16T15:46:14.283000;a1312321-c5de-4669-837c-e703d81380f7;13.2;1.09078954;SELL
2016-03-16T15:46:14.000000;2016-03-16T15:46:15.600000;3e353771-e86f-40d9-869a-5cebfdffb8ac;13.2;1.11181453;SELL
2016-03-16T15:46:15.000000;2016-03-16T15:46:15.670000;155f7d86-a995-4cf4-a08a-f13dfad5ee6c;13.2;8.52391126;SELL
2016-03-16T15:46:17.000000;2016-03-16T15:46:17.770000;651262f3-63a5-4476-af44-6f2c4d249e47;13.2;0.57905818;SELL
2016-03-16T15:46:18.000000;2016-03-16T15:46:18.647000;573c7376-7eae-40eb-ad94-ffe08a17dea2;13.2;1.10687813;SELL
2016-03-16T15:46:19.000000;2016-03-16T15:46:19.783000;10107297-5922-49b8-bce5-fc030113fd79;13.2;4.91597335;SELL
2016-03-16T15:46:19.000000;2016-03-16T15:46:19.983000;6b2a3eb8-defd-4c99-98d3-a9f53498b910;13.2;9.27569609;SELL
2016-03-16T15:46:21.000000;2016-03-16T15:46:21.477000;f4e85cfc-955d-4e6f-af4a-7dba460de854;13.2;3.30785483;SELL
2016-03-16T15:46:22.000000;2016-03-16T15:46:22.550000;ab17d55b-c30f-4697-a884-aa43299e78e4;13.2;3.5982265;SELL
2016-03-16T15:46:26.000000;2016-03-16T15:46:26.290000;61b03641-7d3a-4d9d-ad7f-e0ad9332eb12;13.2;0.3205117;SELL
2016-03-16T15:46:27.000000;2016-03-16T15:46:28.143000;69ba0fe9-d659-44e8-b30a-cb19ca34bcb5;13.2;0.80025728;SELL
2016-03-16T15:46:30.000000;2016-03-16T15:46:31.113000;21a7629b-1e14-41c9-90b3-09e509f435ba;13.2;3.59843573;SELL
2016-03-16T15:46:31.000000;2016-03-16T15:46:31.330000;3bf856f3-e908-4c83-bf8b-eb7aaa6ae4ef;13.2;4.92089424;SELL
2016-03-16T15:46:32.000000;2016-03-16T15:46:33.010000;f8761072-89e9-448d-8a90-520a14711442;13.2;4.35480185;SELL
2016-03-16T15:46:32.000000;2016-03-16T15:46:33.027000;ddc113ca-18b9-4ae5-9776-a122f7d9984e;13.2;1.69437093;SELL
2016-03-16T15:46:33.000000;2016-03-16T15:46:33.237000;1617d350-eb7b-4961-b081-f33694b403d7;13.2;1.69437093;SELL
2016-03-16T15:46:34.000000;2016-03-16T15:46:34.260000;988ad9ba-ca55-447d-89b0-f42d88701884;13.2;3.93353918;SELL
2016-03-16T15:46:34.000000;2016-03-16T15:46:34.430000;d0d7f2ba-3d75-4402-a0c3-2561687ab26c;13.2;1.69437093;SELL
2016-03-16T15:46:35.000000;2016-03-16T15:46:35.233000;256a4496-c834-4ad4-8800-f42cad7bac33;13.2;1.78018672;SELL
2016-03-16T15:46:35.000000;2016-03-16T15:46:35.240000;8d160852-3eef-4381-ae1e-c6fe5bc4b620;13.2;13.64809831;SELL
2016-03-16T15:46:38.000000;2016-03-16T15:46:39.483000;e210b510-06bd-4de0-809b-efbaab958ed1;13.2;1.65624224;SELL
2016-03-16T15:46:39.000000;2016-03-16T15:46:39.573000;c5ab2034-7194-43e0-a328-4e2abaf7f4e7;13.2;1.30062565;SELL
2016-03-16T15:46:39.000000;2016-03-16T15:46:39.587000;be05ff52-7e79-4c65-aa11-5dc14fc4b0e1;13.2;1.60699034;SELL
2016-03-16T15:46:43.000000;2016-03-16T15:46:43.270000;078ece23-b4a8-42e4-afee-bacbfc96e212;13.2;7.69037435;SELL
2016-03-16T15:46:43.000000;2016-03-16T15:46:43.850000;e39f1e52-4b4c-441f-8e57-9840d5bdf1cc;13.2;4.05916784;SELL
2016-03-16T15:46:44.000000;2016-03-16T15:46:44.953000;60677834-327f-4980-addb-67830b4f440c;13.2;6.47192758;SELL
2016-03-16T15:46:45.000000;2016-03-16T15:46:45.477000;893320a8-b5f2-4b0c-b0bd-f8219491a136;13.2;6.04672163;SELL
2016-03-16T15:48:43.000000;2016-03-16T15:48:43.813000;c519eb96-6827-4541-b5c9-2eced21e13ab;13.159;2.0;SELL
2016-03-16T16:25:33.000000;2016-03-16T16:25:33.380000;ad2e7c51-261b-4f43-bef0-0fdafbc39a32;13.159;6.84368131;SELL
2016-03-16T16:25:33.000000;2016-03-16T16:25:33.960000;f1a3fac4-4ace-4ecf-8834-ecd7a4f3464d;13.159;52.8928293;SELL
2016-03-16T16:30:02.000000;2016-03-16T16:30:02.447000;eea32146-e946-4aa5-86f3-8407949bebb6;13.2;3.89140461;BUY
2016-03-16T16:30:04.000000;2016-03-16T16:30:05.020000;f8474edf-f26f-4958-a5c4-58589d172d2e;13.2;15.81209539;SELL
2016-03-16T16:30:14.000000;2016-03-16T16:30:14.487000;d0e1cee6-8b9d-47be-aa5b-720535502537;13.159;5.8135435;SELL
2016-03-16T16:30:15.000000;2016-03-16T16:30:15.043000;ab577c43-63d7-477b-81b0-f72bd53eaf6a;13.159;1.694178;SELL
2016-03-16T16:30:21.000000;2016-03-16T16:30:21.963000;225299ea-a94f-427e-b74b-32d177bd043c;13.16;0.1727;SELL
2016-03-16T16:30:21.000000;2016-03-16T16:30:21.970000;b916648f-91f2-4af1-8a7b-732c92a6fc2e;13.159;3.02070798;SELL
2016-03-16T16:30:22.000000;2016-03-16T16:30:22.163000;e528264c-ca1e-4b11-a957-d9e715d17fbe;13.159;9.28868323;SELL
2016-03-16T16:30:24.000000;2016-03-16T16:30:24.927000;86d0ebff-8b96-4d7d-b41b-cb7a55bde92e;13.159;3.19340798;SELL
2016-03-16T16:30:28.000000;2016-03-16T16:30:28.357000;f48ccf4f-29c9-4d2b-8b94-6f5a416d9822;13.159;3.70225272;SELL
2016-03-16T16:30:31.000000;2016-03-16T16:30:31.807000;2e845e50-3e3a-453a-8766-4a767db6ca42;13.159;3.19613354;SELL
2016-03-16T16:30:31.000000;2016-03-16T16:30:31.837000;6ca7ccff-108b-4b5a-b7ed-f6eb0cc4bdf6;13.159;9.30604733;SELL
2016-03-16T16:30:32.000000;2016-03-16T16:30:33.340000;9b7264f4-6709-4e9b-b95f-fc1c76228430;13.159;1.04853511;SELL
2016-03-16T16:30:33.000000;2016-03-16T16:30:33.360000;136ec403-515a-4451-b6eb-1568077049d9;13.157;1.99999961;SELL
2016-03-16T16:30:35.000000;2016-03-16T16:30:35.397000;0157f3b9-e3a7-4f23-a198-6dae94b9227e;13.154;2.0;SELL
2016-03-16T16:31:04.000000;2016-03-16T16:31:04.850000;de2c7e89-834d-4bfa-a56f-bdeae800419e;13.124;1.70107922;SELL
2016-03-16T16:31:05.000000;2016-03-16T16:31:06.147000;73bd8c37-8121-4ac5-a9c4-07b854d5e904;13.124;1.70107922;SELL
2016-03-16T16:31:08.000000;2016-03-16T16:31:08.747000;e07737b4-9d15-4e9d-a7d0-b3908540b953;13.124;5.59178087;SELL
2016-03-16T16:31:09.000000;2016-03-16T16:31:09.130000;0361be3e-ace9-435e-b3a5-0d538284b89c;13.124;0.512;SELL
2016-03-16T16:31:09.000000;2016-03-16T16:31:09.677000;357e3d4a-59a8-44d6-9a77-7cd297aa5392;13.124;0.511488;SELL
2016-03-16T16:31:09.000000;2016-03-16T16:31:09.713000;f2be7d1d-a5d5-41d7-8802-e875a590d55d;13.124;7.06772939;SELL
2016-03-16T16:31:11.000000;2016-03-16T16:31:11.530000;977c972c-93e3-4cd6-af16-707231bfc73f;13.124;0.511488;SELL
2016-03-16T16:31:11.000000;2016-03-16T16:31:11.880000;00763c3f-b0cb-4f21-a780-ced176e59731;13.124;7.06772939;SELL
2016-03-16T16:31:23.000000;2016-03-16T16:31:23.477000;4727fc39-9087-4e98-80e5-dc730acf0686;13.124;2.45799222;SELL
2016-03-16T16:31:28.000000;2016-03-16T16:31:28.953000;f9568b32-d5db-499a-ab14-4bccb47f3239;13.124;2.87763369;SELL
2016-03-16T16:31:34.000000;2016-03-16T16:31:34.167000;7343107d-d405-417e-8a03-0a6f4b5249f1;13.12;7.58313845;SELL
2016-03-16T16:31:52.000000;2016-03-16T16:31:52.967000;4801bee3-ef55-4086-b7d0-be0854dbd820;13.12;8.15487833;SELL
2016-03-16T16:31:55.000000;2016-03-16T16:31:55.860000;035cf625-ed43-43e9-b906-363b5ef305ad;13.12;8.15487833;SELL
2016-03-16T16:31:56.000000;2016-03-16T16:31:56.407000;0d4b07f0-9b6e-4f30-bcb8-de681ea7a8fd;13.12;4.21595782;SELL
2016-03-16T16:31:56.000000;2016-03-16T16:31:56.753000;d83011c1-4ddd-4d95-b5e5-98691f701153;13.12;5.13452958;SELL
2016-03-16T16:31:57.000000;2016-03-16T16:31:57.500000;f13a791f-5da3-4e7b-b708-8001902dffd4;13.12;0.86547042;SELL
2016-03-16T16:31:57.000000;2016-03-16T16:31:58.023000;deda088b-a9b3-4f6f-87bf-705052c2c7a9;13.12;1.9477647;SELL
2016-03-16T16:31:57.000000;2016-03-16T16:31:58.127000;5d6bb490-476b-4534-ba71-cd418423347c;13.12;14.93286271;SELL
2016-03-16T16:31:58.000000;2016-03-16T16:31:58.310000;26855519-ecb2-43cf-8e26-6b785afd94cb;13.12;2.07725276;SELL
2016-03-16T16:31:58.000000;2016-03-16T16:31:59.730000;24e9c672-48e5-4a33-849e-9271ef5654dd;13.12;1.94971441;SELL
2016-03-16T16:31:59.000000;2016-03-16T16:31:59.803000;f5054457-9066-48c8-8ce9-5b7b678df3e5;13.12;7.40936191;SELL
2016-03-16T16:32:01.000000;2016-03-16T16:32:01.903000;96746457-0251-4390-80bf-47a2a49b41e0;13.12;7.08600308;SELL
2016-03-16T16:32:05.000000;2016-03-16T16:32:05.057000;09f0b2f5-9137-44e4-b7e5-c42cec32a6c9;13.1;5.0;SELL
2016-03-16T16:32:05.000000;2016-03-16T16:32:05.063000;9150d1d9-a055-4eb2-89ec-1dd509e230a5;13.1;0.25;SELL
2016-03-16T16:32:05.000000;2016-03-16T16:32:05.070000;0215c850-a513-4095-89d3-052577ba1b81;13.1;0.25;SELL
2016-03-16T16:32:05.000000;2016-03-16T16:32:05.103000;418bd11b-e866-45b0-9693-47ebe0251367;13.1;0.5114;SELL
2016-03-16T16:32:05.000000;2016-03-16T16:32:05.747000;5609871b-61d3-4b66-8846-258e8107e147;13.093;0.837009;SELL
2016-03-16T16:32:05.000000;2016-03-16T16:32:05.760000;6aa012ce-b7a8-4198-a2f2-dfbf5efb4590;13.008;0.99845063;SELL
2016-03-16T16:32:06.000000;2016-03-16T16:32:06.323000;f860c1d3-a924-4493-8329-73db42e3db85;13.008;0.64694381;SELL
2016-03-16T16:32:06.000000;2016-03-16T16:32:06.340000;15db3b66-e76a-4d36-af2a-b84af0f8a66e;13.001;1.18851582;SELL
2016-03-16T16:35:29.000000;2016-03-16T16:35:29.107000;d1b3d16e-457e-4380-8c02-b05fefd709b7;13.001;0.83815918;SELL
2016-03-16T16:35:29.000000;2016-03-16T16:35:29.117000;fd9673b7-5516-4916-ae3c-a1d54062521a;13.0;10.0;SELL
2016-03-16T16:35:29.000000;2016-03-16T16:35:29.117000;ac6580f2-59b0-4b19-8e85-d47956880d62;13.0;0.86353741;SELL
2016-03-16T16:35:29.000000;2016-03-16T16:35:29.927000;63aada67-501d-4b76-b6fe-cd067420d37a;13.0;4.13646259;SELL
2016-03-16T16:35:29.000000;2016-03-16T16:35:29.933000;c22af445-f84a-4f3f-8836-b9c1ba9014fb;13.0;0.2757;SELL
2016-03-16T16:35:33.000000;2016-03-16T16:35:33.763000;1dab6d45-e60e-4c46-bfe3-c3f0fa44635e;12.99;0.8698;SELL
2016-03-16T16:36:31.000000;2016-03-16T16:36:31.483000;acadef51-33ad-4288-b0cb-7f8b7e657e51;12.948;0.45299435;SELL
2016-03-16T16:44:58.000000;2016-03-16T16:44:58.730000;c7968561-4c44-467e-9bef-078c079f083f;12.948;0.43574065;SELL
2016-03-16T16:45:18.000000;2016-03-16T16:45:18.773000;6410f469-4c3f-4f64-a730-d93a60aa22f7;12.842;2.065285;SELL
2016-03-16T16:45:18.000000;2016-03-16T16:45:18.780000;f9a0f613-e05a-4df6-8583-955357c3e83a;12.842;37.8463;SELL
2016-03-16T16:45:18.000000;2016-03-16T16:45:18.787000;12cde2f0-5282-45bd-93fb-c39af226726e;12.802;0.943776;SELL
2016-03-16T16:45:18.000000;2016-03-16T16:45:18.817000;2c5e684e-afee-4aec-96e3-a19eaead5f64;12.801;9.58456318;SELL
2016-03-16T16:45:18.000000;2016-03-16T16:45:18.820000;79094472-7875-46a6-ad5b-526df8adadd5;12.8;0.6568;SELL
2016-03-16T16:45:18.000000;2016-03-16T16:45:18.853000;f6e17ad2-6ccc-4f43-a486-c5b1ff13e220;12.779;6.3125;SELL
2016-03-16T16:45:18.000000;2016-03-16T16:45:18.853000;16f6ccf2-9f0b-4f20-8ed5-cef92398edc6;12.779;126.028268;SELL
2016-03-16T16:45:18.000000;2016-03-16T16:45:18.853000;ab192974-4f3d-441a-ae13-f89002e4ec48;12.777;7.2646;SELL
2016-03-16T16:45:18.000000;2016-03-16T16:45:18.853000;2587be09-b25a-4595-bfe9-2cf1d7ef9c15;12.76;20.5669;SELL
2016-03-16T16:45:18.000000;2016-03-16T16:45:18.860000;b319e6c6-c837-4997-87d6-f18a25540e65;12.76;43.2675;SELL
2016-03-16T16:45:18.000000;2016-03-16T16:45:18.890000;554a1d80-9a74-488a-bef3-329b40ca00d3;12.75;55.14763812;SELL
2016-03-16T16:45:18.000000;2016-03-16T16:45:18.893000;1e1a49cb-73dd-426c-9fa9-8e9a550d7c82;12.657;1.002355;SELL
2016-03-16T16:45:18.000000;2016-03-16T16:45:18.893000;d7bcf5a7-6dc6-43e4-8fa3-95ffe3ce31a3;12.621;21.92948537;SELL
2016-03-16T16:46:13.000000;2016-03-16T16:46:13.480000;cafcef58-75c8-483f-9e65-1fa3ec603be2;12.759;2.098208;SELL
2016-03-16T16:47:04.000000;2016-03-16T16:47:04.187000;4f93321a-06dc-4f1a-aef7-660abe50b7ff;12.69;2.0;SELL
2016-03-16T16:47:08.000000;2016-03-16T16:47:09.207000;df99a18c-0c91-4bf1-8c87-86e9a161cf6f;12.69;2.0;BUY
2016-03-16T16:47:37.000000;2016-03-16T16:47:37.897000;06627d66-5d86-4843-b406-0804f4aebcaa;12.684;2.0;SELL
2016-03-16T16:49:39.000000;2016-03-16T16:49:39.537000;ed951397-2433-4f5b-8df5-39f5c523929e;12.759;2.098208;BUY
2016-03-16T16:49:44.000000;2016-03-16T16:49:44.890000;d981aab4-6ddd-4507-a683-4746cdfac7f0;12.791;9.0255;BUY
2016-03-16T16:50:02.000000;2016-03-16T16:50:02.770000;00c7752f-de1c-4528-8384-aba9aac1062f;12.791;2.56377279;BUY
2016-03-16T16:50:03.000000;2016-03-16T16:50:03.293000;806a46cb-e635-4c11-913b-24188db188d2;12.791;7.44623722;BUY
2016-03-16T16:50:03.000000;2016-03-16T16:50:03.697000;ebdf7b1a-8bf8-45d4-b3c1-c36bb02b42b2;12.791;2.56377279;BUY
2016-03-16T16:50:04.000000;2016-03-16T16:50:04.460000;f369ffb2-9196-4eac-be9e-1aa3fa673974;12.791;0.41601224;BUY
2016-03-16T16:50:04.000000;2016-03-16T16:50:04.477000;86867163-0f93-4bdb-8bed-1028be9c7b84;12.791;3.18942714;BUY
2016-03-16T16:50:04.000000;2016-03-16T16:50:04.513000;232fc911-5fe0-4214-9461-136971a68843;12.791;2.56377279;BUY
2016-03-16T16:50:04.000000;2016-03-16T16:50:04.940000;7ceabc14-d815-49a6-8181-80e41ec0d118;12.791;6.34219913;BUY
2016-03-16T16:50:05.000000;2016-03-16T16:50:05.253000;1f976c6d-dfbd-4c1b-bcfd-87f60c5f6cd4;12.791;2.56377279;BUY
2016-03-16T16:50:05.000000;2016-03-16T16:50:05.700000;a3cdc666-7474-4058-b4af-1a8e09dec579;12.791;3.18942714;BUY
2016-03-16T16:50:05.000000;2016-03-16T16:50:05.730000;cf9ac771-c8f5-4525-a466-f8aabb8c0964;12.791;0.41601224;BUY
2016-03-16T16:50:05.000000;2016-03-16T16:50:05.867000;f191f39f-4914-4ca4-91e0-1392973bea9b;12.791;2.56377279;BUY
2016-03-16T16:50:05.000000;2016-03-16T16:50:05.937000;1ff86133-418f-4eae-a02c-04df9f78304b;12.791;2.56377279;BUY
2016-03-16T16:50:06.000000;2016-03-16T16:50:06.440000;2cd16654-5e60-4ed0-acf6-e38b3a875fcb;12.791;5.90447693;BUY
2016-03-16T16:50:08.000000;2016-03-16T16:50:08.360000;1b978875-f0f7-4fb9-b0a8-eec9454f74f7;12.791;4.14248827;BUY
2016-03-16T16:50:10.000000;2016-03-16T16:50:10.950000;42bbd085-07be-47cb-8d0c-a1138271e603;12.791;2.56377279;BUY
2016-03-16T16:50:13.000000;2016-03-16T16:50:13.100000;d19cac62-9e4b-4c7f-a02d-864bffbccc34;12.791;2.56377279;BUY
2016-03-16T16:50:20.000000;2016-03-16T16:50:20.927000;b6ed27b7-41e2-443c-a143-da1700f56576;12.791;7.93977815;BUY
2016-03-16T16:50:20.000000;2016-03-16T16:50:21.250000;b26e744d-0644-4097-ac17-f0aa6eccef94;12.791;1.03562324;BUY
2016-03-16T16:50:21.000000;2016-03-16T16:50:21.707000;c38210ab-7a5f-485c-8f02-1dbaa0207fb8;12.791;1.03460862;BUY
2016-03-16T16:50:23.000000;2016-03-16T16:50:23.220000;b50a4cbf-c439-4013-8a4e-af00473efd82;12.791;1.0;BUY
2016-03-16T16:50:25.000000;2016-03-16T16:50:25.687000;f1e44818-ac75-4ba8-a212-d1b18ad5e4c4;12.791;1.03460862;BUY
2016-03-16T16:50:26.000000;2016-03-16T16:50:26.347000;4fa2c07f-c119-4e34-886a-ea82cacc5723;12.791;1.03460862;BUY
2016-03-16T16:50:27.000000;2016-03-16T16:50:27.367000;c16b0943-2134-46be-b97c-d3489899b224;12.791;7.75943245;BUY
2016-03-16T16:50:27.000000;2016-03-16T16:50:27.377000;5771dc46-cd75-4819-808f-bce7120444c7;12.792;1.06359938;BUY
2016-03-16T16:50:28.000000;2016-03-16T16:50:28.090000;391d02ba-1b19-483d-9bfb-9d71b630f552;12.792;1.03460862;BUY
2016-03-16T16:50:34.000000;2016-03-16T16:50:34.837000;3bc75b03-4590-41ad-9bec-e90511a27621;12.881;1.0;BUY
2016-03-16T16:50:43.000000;2016-03-16T16:50:44.560000;7291818b-5467-4844-b832-ca0311d761d7;12.881;1.0;BUY
2016-03-16T16:51:10.000000;2016-03-16T16:51:10.177000;39d2f7f2-e1ab-487e-84fa-00dde9587d82;12.801;0.11388433;SELL
2016-03-16T16:57:46.000000;2016-03-16T16:57:46.697000;a3821eab-454e-40c6-9324-de59771ba7ac;12.881;0.022432;BUY
2016-03-16T17:01:04.000000;2016-03-16T17:01:04.243000;2793c5b5-ebee-4d75-99c6-f08e94bc8b6e;12.948;0.43574065;BUY
2016-03-16T17:02:42.000000;2016-03-16T17:02:43.210000;eb812ae7-3b0b-45fc-b5eb-4eebfef52b38;12.99;0.8698;BUY
2016-03-16T17:02:42.000000;2016-03-16T17:02:43.230000;22dc67c4-7af1-4ae4-8cb0-017e6e91109a;12.99;34.9216;BUY
2016-03-16T17:04:38.000000;2016-03-16T17:04:38.313000;f174eddd-0a9a-4d88-af72-4082c779092e;13.001;0.83815918;BUY
2016-03-16T17:04:40.000000;2016-03-16T17:04:40.333000;156eb02f-c1f9-42b5-8156-d77b3a7a1e28;13.001;2.104739;SELL
2016-03-16T17:07:11.000000;2016-03-16T17:07:11.513000;ee3bf0e5-b01d-4833-8e8d-b7aa656047e9;13.044;4.2871;BUY
2016-03-16T17:11:07.000000;2016-03-16T17:11:07.863000;f66eb1f8-4c97-430f-8b26-bfe2bd391765;13.081;2.0;BUY
