time_exchange;time_coinpai;guid;price;base_amount;taker_side
2016-03-16T00:00:09.000000;2016-03-16T00:00:09.000000;cb0b0b18-581e-4d00-84e5-738c2feb15b6;415.2;10.28987109;UNKNOWN
2016-03-16T00:00:09.000000;2016-03-16T00:00:09.000000;f721d223-0ff3-40c9-80c5-df34d6116c3e;415.26;6.0;UNKNOWN
2016-03-16T00:00:09.000000;2016-03-16T00:00:09.000000;a3113d30-a40f-4597-9da4-eb4b72e3eb18;415.52;5.9412;UNKNOWN
2016-03-16T00:00:09.000000;2016-03-16T00:00:09.000000;38bf3b18-f11b-4eac-807c-36a1f724452d;415.2;1.9;UNKNOWN
2016-03-16T00:00:09.000000;2016-03-16T00:00:09.000000;467463e9-608f-495d-9628-475e79ad87f8;415.24;12.0;UNKNOWN
2016-03-16T00:00:43.000000;2016-03-16T00:00:43.000000;97f5d1a3-ede9-4d8f-bdfa-9b8abeec4023;415.06;0.15660971;UNKNOWN
2016-03-16T00:01:13.000000;2016-03-16T00:01:13.000000;a2be6e8a-5d2c-4618-a57f-4c23f19ff3fd;415.05;15.0;UNKNOWN
2016-03-16T00:01:13.000000;2016-03-16T00:01:13.000000;2949ea9d-1981-40d3-8f2e-5c0d3017a6e9;415.0;14.40571375;UNKNOWN
2016-03-16T00:01:13.000000;2016-03-16T00:01:13.000000;56e29f8b-72d1-4625-9486-8c8ad7cd9f62;415.06;5.84759029;UNKNOWN
2016-03-16T00:02:03.000000;2016-03-16T00:02:03.000000;c9e86091-5256-46cf-bdc7-bd86e5bc27dd;415.46;3.0;UNKNOWN
2016-03-16T00:02:03.000000;2016-03-16T00:02:03.000000;d724b5ef-326b-4f06-94f9-492c58fd4914;415.6;12.0518;UNKNOWN
2016-03-16T00:02:03.000000;2016-03-16T00:02:03.000000;9e37c380-4fdb-46b8-a239-6014626a7e51;415.47;6.0;UNKNOWN
2016-03-16T00:02:03.000000;2016-03-16T00:02:03.000000;a4e08397-6675-4110-a55b-266c1c15a566;415.39;0.5;UNKNOWN
2016-03-16T00:02:03.000000;2016-03-16T00:02:03.000000;cce52e1f-5e46-4b5f-b27c-868e6be9a7ea;415.51;8.88;UNKNOWN
2016-03-16T00:02:03.000000;2016-03-16T00:02:03.000000;f4b460b3-6b58-47e0-8a2d-6f3c5120fc7c;415.76;12.1892;UNKNOWN
2016-03-16T00:02:03.000000;2016-03-16T00:02:03.000000;bb8978cf-7c36-41be-a429-3128a8ecae8e;415.45;0.8868;UNKNOWN
2016-03-16T00:02:03.000000;2016-03-16T00:02:03.000000;2891514c-f54e-45bf-9c17-b30f9c9f1fba;415.51;12.0;UNKNOWN
2016-03-16T00:02:03.000000;2016-03-16T00:02:03.000000;3c08685d-da13-4346-95ef-ac5814ec2a52;415.83;0.09646808;UNKNOWN
2016-03-16T00:02:06.000000;2016-03-16T00:02:06.000000;7b7c0044-3ddb-4f88-944f-3f1473d05029;415.83;8.74;UNKNOWN
2016-03-16T00:02:46.000000;2016-03-16T00:02:46.000000;3ebbc2f2-67ad-4e9a-b639-eabb10c9927b;416.28;6.0;UNKNOWN
2016-03-16T00:04:19.000000;2016-03-16T00:04:19.000000;2fe4ec31-986d-4102-9510-4387c620fede;416.2;2.0;UNKNOWN
2016-03-16T00:04:19.000000;2016-03-16T00:04:19.000000;aa0e20fb-bc75-4143-a674-c7069854d8e6;416.27;12.1616;UNKNOWN
2016-03-16T00:04:19.000000;2016-03-16T00:04:19.000000;8f3e038b-f5d7-4364-968e-be0bb320a278;416.33;11.67690653;UNKNOWN
2016-03-16T00:04:19.000000;2016-03-16T00:04:19.000000;3d6f4088-18f1-4892-98ba-cec03a0fb4a4;416.3;12.5951;UNKNOWN
2016-03-16T00:04:19.000000;2016-03-16T00:04:19.000000;f60d2e10-9095-4d58-a8d6-70d67248a838;416.28;8.88;UNKNOWN
2016-03-16T00:04:19.000000;2016-03-16T00:04:19.000000;30f83b14-515d-4d6a-8aba-235ed81681ad;416.19;7.9937;UNKNOWN
2016-03-16T00:06:35.000000;2016-03-16T00:06:35.000000;6f599e1f-b6aa-4663-9738-a9714ea4f59b;416.09;0.25;UNKNOWN
2016-03-16T00:06:54.000000;2016-03-16T00:06:54.000000;5166030a-0ccf-4f16-a4c4-79c463947206;416.04;5.9779;UNKNOWN
2016-03-16T00:06:54.000000;2016-03-16T00:06:54.000000;f55e672c-f322-4eb9-a33e-4c7d59237de8;415.7;4.30944463;UNKNOWN
2016-03-16T00:06:54.000000;2016-03-16T00:06:54.000000;55b2b9e9-dd82-4097-b95a-e52566835bfd;415.83;13.7311;UNKNOWN
2016-03-16T00:09:40.000000;2016-03-16T00:09:40.000000;7d7b3087-fbd0-4309-8db5-b29cb3290d3b;415.82;0.053087;UNKNOWN
2016-03-16T00:09:49.000000;2016-03-16T00:09:49.000000;2482616b-f644-4930-86a3-7e2031d7f447;415.82;0.062513;UNKNOWN
2016-03-16T00:13:06.000000;2016-03-16T00:13:06.000000;a4cefca1-9972-4111-abab-e567c56cab99;415.94;0.032279;UNKNOWN
2016-03-16T00:14:29.000000;2016-03-16T00:14:29.000000;4db62ca0-6506-4b38-8232-715161c8ed7c;415.96;1.0097124;UNKNOWN
2016-03-16T00:14:47.000000;2016-03-16T00:14:47.000000;e5975d01-a191-4210-9ace-3dfca95a2c5b;415.96;0.01682854;UNKNOWN
2016-03-16T00:14:48.000000;2016-03-16T00:14:48.000000;d6d48f02-7b1a-449f-a2d8-46d303cbcb43;415.95;0.012323;UNKNOWN
2016-03-16T00:15:15.000000;2016-03-16T00:15:15.000000;6ccf96eb-bb6a-440a-9d99-b3929c2f120d;415.95;2.40654136;UNKNOWN
2016-03-16T00:15:22.000000;2016-03-16T00:15:22.000000;a680898f-1f0e-4e02-8513-e82193d0ed8d;416.1;0.012936;UNKNOWN
2016-03-16T00:15:22.000000;2016-03-16T00:15:22.000000;8238f5f3-3096-4556-a8eb-81485491d513;416.11;5.9356;UNKNOWN
2016-03-16T00:15:22.000000;2016-03-16T00:15:22.000000;23e17463-4882-4df8-b795-7b3ab7ee7076;416.15;11.4001;UNKNOWN
2016-03-16T00:15:22.000000;2016-03-16T00:15:22.000000;4dcba127-404a-477c-b0ed-af903dcd1956;416.16;8.69;UNKNOWN
2016-03-16T00:15:22.000000;2016-03-16T00:15:22.000000;fbcfe824-9a59-45cd-b2bf-197286c41360;415.96;13.97345906;UNKNOWN
2016-03-16T00:15:22.000000;2016-03-16T00:15:22.000000;52c97e5a-971e-4305-9897-6bff31a8d420;416.2;1.0;UNKNOWN
2016-03-16T00:15:22.000000;2016-03-16T00:15:22.000000;c7bd50f4-d46d-47ee-afd7-acca385cbce9;416.2;2.0;UNKNOWN
2016-03-16T00:15:27.000000;2016-03-16T00:15:27.000000;e402d6b8-3848-4878-a33a-63c978ed8d08;416.25;2.3031;UNKNOWN
2016-03-16T00:15:27.000000;2016-03-16T00:15:27.000000;80c7dd00-10e8-46d9-8eb0-b68609f2e3ed;416.26;5.9569;UNKNOWN
2016-03-16T00:16:15.000000;2016-03-16T00:16:15.000000;36261876-64ba-4693-a9f0-2093c0ed5dfc;416.47;0.5;UNKNOWN
2016-03-16T00:16:38.000000;2016-03-16T00:16:38.000000;8b62e3e5-defb-477e-9059-e2c5d619767c;416.4;2.55;UNKNOWN
2016-03-16T00:16:59.000000;2016-03-16T00:16:59.000000;c95e7f6e-7276-46c0-974a-521a2dcbd653;416.35;0.018824;UNKNOWN
2016-03-16T00:18:20.000000;2016-03-16T00:18:20.000000;1b8ac4b9-db02-482f-9e36-56299de0781c;416.4;1.33;UNKNOWN
2016-03-16T00:18:20.000000;2016-03-16T00:18:20.000000;57f3f1c5-b5a1-4546-aa68-8f761423e308;416.36;2.85;UNKNOWN
2016-03-16T00:18:40.000000;2016-03-16T00:18:40.000000;be0c46f5-0730-40ec-95cc-898764bbbda8;416.4;0.48566728;UNKNOWN
2016-03-16T00:19:15.000000;2016-03-16T00:19:15.000000;4a6a5e46-24ea-4aae-be0f-62f089f55eab;416.28;0.12034151;UNKNOWN
2016-03-16T00:20:46.000000;2016-03-16T00:20:46.000000;d09eeb72-486d-4ae9-a14e-674abce81312;416.2;0.01882864;UNKNOWN
2016-03-16T00:20:50.000000;2016-03-16T00:20:50.000000;877fe991-7255-4aea-abbd-3dcb19025eec;416.2;0.03821571;UNKNOWN
2016-03-16T00:20:54.000000;2016-03-16T00:20:54.000000;b2e02a72-6f72-47df-ad0d-1ac93e23f608;416.2;0.04241834;UNKNOWN
2016-03-16T00:21:24.000000;2016-03-16T00:21:24.000000;338d864d-428a-4eb1-a07a-e46fd68de582;416.2;3.91053731;UNKNOWN
2016-03-16T00:22:50.000000;2016-03-16T00:22:50.000000;5ce87eef-52a9-44f2-ad12-8d567c33ddba;416.0;5.9706;UNKNOWN
2016-03-16T00:23:12.000000;2016-03-16T00:23:12.000000;bb7d639c-f580-41ab-b1be-a0435334e480;416.42;8.733;UNKNOWN
2016-03-16T00:23:12.000000;2016-03-16T00:23:12.000000;89bbf389-05e4-4cd5-afb4-914c0da0b25d;416.18;13.5738;UNKNOWN
2016-03-16T00:23:12.000000;2016-03-16T00:23:12.000000;98579041-9659-430b-a597-66a930860e92;416.42;7.56273731;UNKNOWN
2016-03-16T00:23:12.000000;2016-03-16T00:23:12.000000;df487cb5-87e7-42ff-b5f4-22f717145b7b;416.08;6.012;UNKNOWN
2016-03-16T00:23:12.000000;2016-03-16T00:23:12.000000;0e38e2de-bcaf-4133-8d39-af18fc6f29d0;416.28;1.0;UNKNOWN
2016-03-16T00:23:12.000000;2016-03-16T00:23:12.000000;3347a9fd-1dac-4c7b-b5df-9a08f3faf9ea;416.19;15.1784;UNKNOWN
2016-03-16T00:23:12.000000;2016-03-16T00:23:12.000000;52b35669-e904-4bd4-8bd0-99519437ac7e;416.0;8.08;UNKNOWN
2016-03-16T00:23:12.000000;2016-03-16T00:23:12.000000;ff4088ac-761c-4715-809e-fa37edc64e20;415.99;2.67;UNKNOWN
2016-03-16T00:23:12.000000;2016-03-16T00:23:12.000000;741fb92a-8e3e-4bec-b586-a3960c759e44;416.31;13.5862;UNKNOWN
2016-03-16T00:23:12.000000;2016-03-16T00:23:12.000000;69e86385-bff7-43c7-b494-d13f82fead7f;416.0;5.0794;UNKNOWN
2016-03-16T00:23:12.000000;2016-03-16T00:23:12.000000;226bb3e0-a822-42bc-a3c0-c2c273bca3e4;415.99;15.895;UNKNOWN
2016-03-16T00:23:12.000000;2016-03-16T00:23:12.000000;20817fe7-4bee-4faa-8bd5-22583b1ae43a;416.2;2.62946269;UNKNOWN
2016-03-16T00:24:51.000000;2016-03-16T00:24:51.000000;afe36bb3-1cc8-4603-92a2-4e97ed3fb6cb;416.15;2.44844893;UNKNOWN
2016-03-16T00:24:51.000000;2016-03-16T00:24:51.000000;64f93f1f-864c-4c48-aec8-b11439cb2593;416.16;3.0;UNKNOWN
2016-03-16T00:29:05.000000;2016-03-16T00:29:05.000000;a7f6af03-3172-409b-b724-01722dea44ea;416.2;0.03;UNKNOWN
2016-03-16T00:30:33.000000;2016-03-16T00:30:33.000000;56883a48-b819-40c1-9135-b502ace220e7;416.07;0.045677;UNKNOWN
2016-03-16T00:30:40.000000;2016-03-16T00:30:40.000000;ef23c842-070c-4251-9133-77ca2de03130;416.07;0.011203;UNKNOWN
2016-03-16T00:31:25.000000;2016-03-16T00:31:25.000000;e0864db3-207a-4c86-b7e1-60a63e720d64;416.11;0.01;UNKNOWN
2016-03-16T00:31:29.000000;2016-03-16T00:31:29.000000;ab3d6749-28dd-4834-8d1b-9a9b2f44a824;416.11;0.02673583;UNKNOWN
2016-03-16T00:31:32.000000;2016-03-16T00:31:32.000000;5ceb52d1-5f90-47d2-8c42-99258545815a;416.11;0.03006872;UNKNOWN
2016-03-16T00:31:35.000000;2016-03-16T00:31:35.000000;39134eae-6ba3-4520-9087-41402029f0a1;416.11;0.07257145;UNKNOWN
2016-03-16T00:32:11.000000;2016-03-16T00:32:11.000000;dc2a8223-cd8c-4846-8696-3e6cbe39f92d;416.11;0.050697;UNKNOWN
2016-03-16T00:32:19.000000;2016-03-16T00:32:19.000000;2a7b9efe-e06a-4b02-b723-676e782f53ba;416.11;0.501;UNKNOWN
2016-03-16T00:33:15.000000;2016-03-16T00:33:15.000000;18b9625c-e455-4d85-824c-1a714ab5961d;416.1;1.3904;UNKNOWN
2016-03-16T00:33:15.000000;2016-03-16T00:33:15.000000;ad321831-0c5b-40af-8c67-5d061ea5adcb;416.13;5.9178;UNKNOWN
2016-03-16T00:33:15.000000;2016-03-16T00:33:15.000000;b16de9ae-31e6-4182-a635-8f546352c1b4;415.95;2.5318;UNKNOWN
2016-03-16T00:33:54.000000;2016-03-16T00:33:54.000000;f83abc44-c907-4e18-83a6-945ad4ad1a71;415.84;0.027731;UNKNOWN
2016-03-16T00:34:19.000000;2016-03-16T00:34:19.000000;f5676b25-ab49-4aa2-9aaa-570dc50382c7;415.84;0.13325544;UNKNOWN
2016-03-16T00:34:23.000000;2016-03-16T00:34:23.000000;69753603-1d70-4f4d-8486-36302ab603e3;415.84;0.10157753;UNKNOWN
2016-03-16T00:35:28.000000;2016-03-16T00:35:28.000000;49d4593a-6b1a-4139-82a6-3be46b874ef3;415.87;0.029249;UNKNOWN
2016-03-16T00:37:12.000000;2016-03-16T00:37:12.000000;f82ec399-5393-466b-a861-bd1fa777cdb8;415.49;0.0217;UNKNOWN
2016-03-16T00:37:38.000000;2016-03-16T00:37:38.000000;af23fd85-eca2-452b-8e4f-a2b5a271764e;415.57;0.09272094;UNKNOWN
2016-03-16T00:37:54.000000;2016-03-16T00:37:54.000000;2e00e828-ec7e-43c2-8311-47d747f1fed4;415.57;0.014703;UNKNOWN
2016-03-16T00:38:11.000000;2016-03-16T00:38:11.000000;6a761e1b-236a-434d-a775-cc526e33f2c7;415.57;0.0595153;UNKNOWN
2016-03-16T00:38:35.000000;2016-03-16T00:38:35.000000;ee6f5f5e-a7f0-4d90-8fe2-a64ac1ab6d9a;415.57;0.26487878;UNKNOWN
2016-03-16T00:43:36.000000;2016-03-16T00:43:36.000000;e44ef89c-016e-45a3-b430-6215eb7a9442;415.64;0.02;UNKNOWN
2016-03-16T00:43:36.000000;2016-03-16T00:43:36.000000;b4a41c27-6bbd-4850-8c43-68bfe9e73f51;415.65;5.9373;UNKNOWN
2016-03-16T00:44:29.000000;2016-03-16T00:44:29.000000;22fb4a95-67c3-4a2a-b1ca-eff64d6dbacf;415.68;8.12;UNKNOWN
2016-03-16T00:44:29.000000;2016-03-16T00:44:29.000000;5cca7668-30f8-4b78-999f-2413b6300790;415.68;11.18;UNKNOWN
2016-03-16T00:44:29.000000;2016-03-16T00:44:29.000000;ef9bc114-6c35-4103-8dd1-b311a3c8a786;415.68;5.953;UNKNOWN
2016-03-16T00:45:22.000000;2016-03-16T00:45:22.000000;1d35c071-4a54-4754-8936-2941461a37be;415.77;0.06743179;UNKNOWN
2016-03-16T00:46:25.000000;2016-03-16T00:46:25.000000;0306027e-185b-4c63-a3c1-927b34bcb84c;415.78;0.54274165;UNKNOWN
2016-03-16T00:47:25.000000;2016-03-16T00:47:25.000000;bedbc657-3e73-41c1-84fb-4c7ab4e432dd;415.79;0.54;UNKNOWN
2016-03-16T00:47:25.000000;2016-03-16T00:47:25.000000;b16460aa-b666-4992-98ea-0c5660983a5e;415.8;5.9517;UNKNOWN
2016-03-16T00:47:25.000000;2016-03-16T00:47:25.000000;682cca4f-ec4a-4941-9fd5-7bf6caad2112;415.82;9.044;UNKNOWN
2016-03-16T00:48:05.000000;2016-03-16T00:48:05.000000;179f68d0-3434-41a8-b4a2-f844dd7c0d54;416.08;0.86040379;UNKNOWN
2016-03-16T00:48:11.000000;2016-03-16T00:48:11.000000;2bca7d7d-24fd-4368-b940-807adf56d3e9;415.98;0.01507875;UNKNOWN
2016-03-16T00:48:19.000000;2016-03-16T00:48:19.000000;c48ec224-bdc0-4fe7-ada7-de58f7adef09;415.87;0.24079309;UNKNOWN
2016-03-16T00:48:21.000000;2016-03-16T00:48:21.000000;ed076e6f-8505-4858-bdaa-6acff8f1c7d4;415.85;1.153452;UNKNOWN
2016-03-16T00:48:24.000000;2016-03-16T00:48:24.000000;67f76613-7168-45f6-aa5e-50ee3ab84765;415.87;2.996318;UNKNOWN
2016-03-16T00:48:32.000000;2016-03-16T00:48:32.000000;fe819023-8c65-4b1e-b9af-07a2b264d726;415.84;2.701059;UNKNOWN
2016-03-16T00:48:34.000000;2016-03-16T00:48:34.000000;01ae2d66-2897-4442-ac7d-d681f2769ef4;415.44;0.96317238;UNKNOWN
2016-03-16T00:50:18.000000;2016-03-16T00:50:18.000000;053e461b-1e46-45f3-8f73-2a7813096ff7;415.95;5.925;UNKNOWN
2016-03-16T00:51:11.000000;2016-03-16T00:51:11.000000;ce52cb11-060f-493f-a7c2-9dc84602cd19;416.3;1.0;UNKNOWN
2016-03-16T00:51:11.000000;2016-03-16T00:51:11.000000;5e995754-081e-4a97-a26d-b492915bf2a7;416.29;8.49;UNKNOWN
2016-03-16T00:51:11.000000;2016-03-16T00:51:11.000000;7191ea3e-ccb5-40af-a9c5-ef6c3870deac;416.28;5.9595;UNKNOWN
2016-03-16T00:51:22.000000;2016-03-16T00:51:22.000000;11b09202-8ab3-4715-beb6-17ab42a2e841;416.33;0.5;UNKNOWN
2016-03-16T00:51:22.000000;2016-03-16T00:51:22.000000;9793b942-f8ca-45a9-8154-5cb1938781ec;416.33;0.2;UNKNOWN
2016-03-16T00:51:37.000000;2016-03-16T00:51:37.000000;62b19d73-affa-4b0e-b990-6f1c6ddef523;416.3;0.61;UNKNOWN
2016-03-16T00:53:06.000000;2016-03-16T00:53:06.000000;e489f4ae-f331-434a-a610-adbbbb639e05;416.31;0.5;UNKNOWN
2016-03-16T00:53:06.000000;2016-03-16T00:53:06.000000;03c1a8cd-170d-431b-ba26-53dad2b1c871;416.3;0.27;UNKNOWN
2016-03-16T00:53:07.000000;2016-03-16T00:53:07.000000;1535ffa4-80b1-4b46-81c3-88d00e4ea8d5;416.31;0.648319;UNKNOWN
2016-03-16T00:53:43.000000;2016-03-16T00:53:43.000000;0f544f98-66ca-4ccd-acf1-df30d18ecdac;416.3;0.05374451;UNKNOWN
2016-03-16T00:53:46.000000;2016-03-16T00:53:46.000000;b48d6879-ff6c-4e38-946d-9d55881b709c;416.3;0.06522581;UNKNOWN
2016-03-16T00:53:49.000000;2016-03-16T00:53:49.000000;dea129c6-f422-4257-bf30-e82ff5da3638;416.3;0.0652911;UNKNOWN
2016-03-16T00:53:52.000000;2016-03-16T00:53:52.000000;af415569-c0e8-481d-b706-c9181fe68275;416.3;0.12171857;UNKNOWN
2016-03-16T00:53:53.000000;2016-03-16T00:53:53.000000;a3ca56b8-43bd-446a-8b30-1d38ec12e29e;416.3;0.12171857;UNKNOWN
2016-03-16T00:53:54.000000;2016-03-16T00:53:54.000000;c07b60d4-f0a2-4501-b1ac-20b9ec3207a9;416.3;0.12171857;UNKNOWN
2016-03-16T00:53:54.000000;2016-03-16T00:53:54.000000;7b632125-d808-430e-8914-9272dd4d6d76;416.3;0.12171857;UNKNOWN
2016-03-16T00:53:55.000000;2016-03-16T00:53:55.000000;8c09535f-7c5d-4925-bc1a-b64f5ec87bc9;416.3;0.17887114;UNKNOWN
2016-03-16T00:53:59.000000;2016-03-16T00:53:59.000000;ed6e3d52-ca24-48fe-9d2f-a446b9ca5e48;416.3;0.1061002;UNKNOWN
2016-03-16T00:54:00.000000;2016-03-16T00:54:00.000000;e460683a-60eb-4d03-bf16-969b92a3190e;416.3;0.10618948;UNKNOWN
2016-03-16T00:54:02.000000;2016-03-16T00:54:02.000000;666609b7-44b1-40cc-aba4-bb3753bf5590;416.3;0.11002499;UNKNOWN
2016-03-16T00:54:02.000000;2016-03-16T00:54:02.000000;bb51406a-2a98-4853-8307-106289e963f3;416.3;0.1061002;UNKNOWN
2016-03-16T00:54:02.000000;2016-03-16T00:54:02.000000;1763707f-194b-4abb-a889-bb6693a01378;416.3;0.06154196;UNKNOWN
2016-03-16T00:54:04.000000;2016-03-16T00:54:04.000000;5aefe377-4363-47e2-9f58-f828f2f2b0ba;416.3;0.38063186;UNKNOWN
2016-03-16T00:54:04.000000;2016-03-16T00:54:04.000000;e379977b-7eab-40e6-bc22-5633f0316b39;416.3;0.38063186;UNKNOWN
2016-03-16T00:54:04.000000;2016-03-16T00:54:04.000000;0f3749db-04ce-4e89-b94d-e5395d40c036;416.3;0.37476566;UNKNOWN
2016-03-16T00:54:04.000000;2016-03-16T00:54:04.000000;07da6a50-cdea-4cad-9679-c1b4f5c1f07b;416.3;0.17887114;UNKNOWN
2016-03-16T00:55:06.000000;2016-03-16T00:55:06.000000;f5e6fe69-6645-4363-b253-8858a7807a16;416.3;0.27092;UNKNOWN
2016-03-16T00:55:14.000000;2016-03-16T00:55:14.000000;c4c09dc0-3868-4bd5-bcdf-1235b1cac020;416.3;0.59507152;UNKNOWN
2016-03-16T00:55:23.000000;2016-03-16T00:55:23.000000;65504b88-71a3-4e3a-8afc-63ec63ee7d01;416.3;0.04808574;UNKNOWN
2016-03-16T00:55:42.000000;2016-03-16T00:55:42.000000;54378b07-dafc-46f2-bfcd-ae03a1a48fd2;416.3;1.783445;UNKNOWN
2016-03-16T00:56:42.000000;2016-03-16T00:56:42.000000;fc9656bb-7788-41d7-b428-934fd4a8bd2b;416.3;0.115;UNKNOWN
2016-03-16T00:57:06.000000;2016-03-16T00:57:06.000000;f286a6f2-d1a8-49ed-a4a2-41bdc3c23d9e;416.35;0.52;UNKNOWN
2016-03-16T00:58:25.000000;2016-03-16T00:58:25.000000;1d1f91bf-d1d1-49a1-b9bc-815df9393317;416.35;0.48;UNKNOWN
2016-03-16T00:58:25.000000;2016-03-16T00:58:25.000000;08ce78a9-74e3-43ae-ba6f-9798c59856de;416.4;5.9819;UNKNOWN
2016-03-16T00:58:25.000000;2016-03-16T00:58:25.000000;d399e388-5418-4d6b-b1fe-173d7382d1d8;416.4;12.9215;UNKNOWN
2016-03-16T00:58:31.000000;2016-03-16T00:58:31.000000;779dab25-8ae4-44eb-bf92-5e2f6c5c7445;416.4;0.7683;UNKNOWN
2016-03-16T01:00:02.000000;2016-03-16T01:00:02.000000;002e82c4-5631-4766-b10c-555e0b1dce24;416.21;1.1658185;UNKNOWN
2016-03-16T01:02:10.000000;2016-03-16T01:02:10.000000;af863369-9ec9-4508-a3a7-99dfddad0c7f;415.95;0.28878496;UNKNOWN
2016-03-16T01:07:40.000000;2016-03-16T01:07:40.000000;b7939e01-005e-40d6-a481-5d9794d703c8;415.97;0.2;UNKNOWN
2016-03-16T01:08:03.000000;2016-03-16T01:08:03.000000;99749e6c-c3b4-4c26-a353-8b7f3264fa69;415.95;0.11551398;UNKNOWN
2016-03-16T01:08:05.000000;2016-03-16T01:08:05.000000;0ccd04a9-fb4e-4020-a908-8c04fb1a5302;415.86;0.3;UNKNOWN
2016-03-16T01:08:05.000000;2016-03-16T01:08:05.000000;9289e8a6-a061-4628-8768-b7c21f7ba510;415.79;0.17680311;UNKNOWN
2016-03-16T01:08:05.000000;2016-03-16T01:08:05.000000;caa6780d-27a7-41c6-9f77-c9f06c4c7756;415.95;0.12319689;UNKNOWN
2016-03-16T01:10:34.000000;2016-03-16T01:10:34.000000;502cbe0f-ca80-4105-b8fb-4ed542a17a25;415.85;0.2;UNKNOWN
2016-03-16T01:12:10.000000;2016-03-16T01:12:10.000000;2d8f67e3-d3fc-41ad-a5fc-1170c6b73b92;415.92;0.122553;UNKNOWN
2016-03-16T01:13:15.000000;2016-03-16T01:13:15.000000;9d9da4bf-f6b0-4595-b62b-36bc23664d05;415.57;0.242856;UNKNOWN
2016-03-16T01:15:15.000000;2016-03-16T01:15:15.000000;35c2da00-9298-44e6-b337-f836005be41a;415.5;0.2381009;UNKNOWN
2016-03-16T01:17:55.000000;2016-03-16T01:17:55.000000;23492deb-0a21-430f-a7bd-ee535c6d5fde;415.87;0.4912;UNKNOWN
2016-03-16T01:17:55.000000;2016-03-16T01:17:55.000000;148f5d26-b885-4a53-94b1-f341a4c0b715;415.68;5.9523;UNKNOWN
2016-03-16T01:19:58.000000;2016-03-16T01:19:58.000000;9556627c-77aa-4ae8-9eec-287fc5e100ef;415.84;5.6;UNKNOWN
2016-03-16T01:20:14.000000;2016-03-16T01:20:14.000000;1d6619b9-60a8-42fb-b8a8-eabbb16bc9e2;416.19;5.6;UNKNOWN
2016-03-16T01:20:58.000000;2016-03-16T01:20:58.000000;bd69cca0-5afe-457e-b297-a8e01021c95d;415.76;0.01;UNKNOWN
2016-03-16T01:21:14.000000;2016-03-16T01:21:14.000000;9834e02c-4467-4a31-9760-445be0d5e9f0;415.96;0.25277194;UNKNOWN
2016-03-16T01:23:00.000000;2016-03-16T01:23:00.000000;f0c19f2b-a2f2-43a8-8080-f6b553b54441;416.02;0.072872;UNKNOWN
2016-03-16T01:24:10.000000;2016-03-16T01:24:10.000000;49ee38fe-9740-4711-a00e-fbe3fda6c9b1;416.02;0.08190905;UNKNOWN
2016-03-16T01:25:07.000000;2016-03-16T01:25:07.000000;eb4eec89-5f0b-4f99-be88-e825291d244d;416.02;1.05;UNKNOWN
2016-03-16T01:25:08.000000;2016-03-16T01:25:08.000000;d7f69ad7-277e-4978-94f8-6f2516a40771;416.02;0.17899152;UNKNOWN
2016-03-16T01:25:09.000000;2016-03-16T01:25:09.000000;46e3d85b-a2b8-409e-aead-4e99ebabd396;416.02;0.16439786;UNKNOWN
2016-03-16T01:25:43.000000;2016-03-16T01:25:43.000000;c5246bf7-db22-438a-a195-2c97f376ab5b;416.02;0.08929919;UNKNOWN
2016-03-16T01:26:58.000000;2016-03-16T01:26:58.000000;15e8600d-c420-4d4a-8fa6-a95030fce888;415.64;0.05967154;UNKNOWN
2016-03-16T01:31:38.000000;2016-03-16T01:31:38.000000;555d74e5-6bb9-41e4-aaaa-532790f948cd;415.59;0.76246846;UNKNOWN
2016-03-16T01:32:36.000000;2016-03-16T01:32:36.000000;abd64d26-a2a3-4832-bc01-36540297c27e;415.67;0.5;UNKNOWN
2016-03-16T01:32:36.000000;2016-03-16T01:32:36.000000;24dda6c9-17b1-4ffe-b2c0-acce1003aba6;415.59;6.0;UNKNOWN
2016-03-16T01:32:36.000000;2016-03-16T01:32:36.000000;a61ee126-bc0b-4460-b864-198cdc1f4407;415.58;0.45197;UNKNOWN
2016-03-16T01:32:36.000000;2016-03-16T01:32:36.000000;5072291f-698a-40f5-9686-ae6a34551248;415.66;3.0;UNKNOWN
2016-03-16T01:33:31.000000;2016-03-16T01:33:31.000000;a8df56ad-12d0-4fc5-9051-8c949fd5ef2d;415.5;1.7618991;UNKNOWN
2016-03-16T01:33:31.000000;2016-03-16T01:33:31.000000;d1155e1c-96d9-4294-b675-51021f68266d;415.27;12.863;UNKNOWN
2016-03-16T01:33:31.000000;2016-03-16T01:33:31.000000;2dcd7597-e111-47af-9676-153677081234;415.17;12.2058;UNKNOWN
2016-03-16T01:33:40.000000;2016-03-16T01:33:40.000000;47268d04-5303-490e-afb4-fd50a115c0d1;415.05;5.9438;UNKNOWN
2016-03-16T01:33:40.000000;2016-03-16T01:33:40.000000;2ff1e12e-f4ae-45a3-9b1c-1b82f71fcef8;415.08;8.2962;UNKNOWN
2016-03-16T01:33:40.000000;2016-03-16T01:33:40.000000;16aea086-45dc-4452-a76b-7929a161eab4;415.05;0.76;UNKNOWN
2016-03-16T01:33:40.000000;2016-03-16T01:33:40.000000;4f3c80a3-2134-4ae7-8829-9fc609793d73;415.0;4.59428625;UNKNOWN
2016-03-16T01:33:40.000000;2016-03-16T01:33:40.000000;fc41db4b-7fd5-4c9e-b912-15f8c679a03f;414.88;1.59381766;UNKNOWN
2016-03-16T01:33:40.000000;2016-03-16T01:33:40.000000;19c0248e-9a0d-40bd-9033-3e3b05a1fa6b;415.0;1.9734;UNKNOWN
2016-03-16T01:34:05.000000;2016-03-16T01:34:05.000000;a7b1a5e4-6c48-4567-a5af-92ba2280a782;415.06;1.3;UNKNOWN
2016-03-16T01:34:07.000000;2016-03-16T01:34:07.000000;a6754d37-0b50-48cc-bae7-e43c4fb017c7;415.07;0.11944006;UNKNOWN
2016-03-16T01:34:18.000000;2016-03-16T01:34:18.000000;5eba1612-d363-4873-9942-6b04b054a4a5;415.06;5.9902;UNKNOWN
2016-03-16T01:34:18.000000;2016-03-16T01:34:18.000000;087abc18-69ca-4fb4-9488-060d3de8981a;415.08;0.34774006;UNKNOWN
2016-03-16T01:34:18.000000;2016-03-16T01:34:18.000000;1fb22b56-ccf6-46dc-bdd7-1ec6ce156e52;415.07;8.57055994;UNKNOWN
2016-03-16T01:35:15.000000;2016-03-16T01:35:15.000000;9ef82b32-d2ff-4503-8df6-b4045d97defd;415.05;0.02383392;UNKNOWN
2016-03-16T01:35:47.000000;2016-03-16T01:35:47.000000;469753eb-dd2c-427e-9546-9059dc4a4f77;414.8;0.01;UNKNOWN
2016-03-16T01:35:47.000000;2016-03-16T01:35:47.000000;34c3ffa0-7899-42e7-ad67-5ef09ffc28fb;415.0;11.7639;UNKNOWN
2016-03-16T01:35:47.000000;2016-03-16T01:35:47.000000;406a366a-8549-46df-8612-aee0edbe8dd5;414.86;50.0;UNKNOWN
2016-03-16T01:35:47.000000;2016-03-16T01:35:47.000000;d813f264-54c1-448c-9e7f-7d7be9b91b31;414.72;12.3173;UNKNOWN
2016-03-16T01:35:47.000000;2016-03-16T01:35:47.000000;d33d5118-803c-4a12-bab9-e0e68183991c;414.76;9.891;UNKNOWN
2016-03-16T01:35:47.000000;2016-03-16T01:35:47.000000;9ea8062f-4de2-40e6-ac4e-c29998fe130d;415.15;13.3616;UNKNOWN
2016-03-16T01:35:47.000000;2016-03-16T01:35:47.000000;ef2c14e9-a190-493e-ab10-46d5e62f7e46;414.8;0.9601641;UNKNOWN
2016-03-16T01:35:47.000000;2016-03-16T01:35:47.000000;5e1e1baf-090a-4c1c-acf2-8235a1aa4caa;415.04;11.3918;UNKNOWN
2016-03-16T01:35:47.000000;2016-03-16T01:35:47.000000;b7b61b74-a387-4b53-9c78-742251b6e955;414.88;13.4173;UNKNOWN
2016-03-16T01:35:51.000000;2016-03-16T01:35:51.000000;d20f5761-a2f0-49a4-8930-6b1894bf2375;414.63;5.62;UNKNOWN
2016-03-16T01:35:56.000000;2016-03-16T01:35:56.000000;56f6fc74-80b6-4d8c-9798-f58b0511bed8;414.63;15.0;UNKNOWN
2016-03-16T01:36:06.000000;2016-03-16T01:36:06.000000;39c2e688-4209-4217-beb3-7f158bc7cbe4;414.63;14.9117;UNKNOWN
2016-03-16T01:36:17.000000;2016-03-16T01:36:17.000000;1b5373ca-3693-4382-bc9d-cc35e8821366;414.63;2.5;UNKNOWN
2016-03-16T01:36:22.000000;2016-03-16T01:36:22.000000;8f31ae6e-5588-4692-8c3f-712fa0149f61;414.63;1.0;UNKNOWN
2016-03-16T01:36:28.000000;2016-03-16T01:36:28.000000;ae41d0e2-0811-447c-9108-71d5b763ffea;414.63;14.6745;UNKNOWN
2016-03-16T01:36:38.000000;2016-03-16T01:36:38.000000;9b476bf9-af56-4286-a02d-f2ae2e9ec21f;414.63;14.6712;UNKNOWN
2016-03-16T01:36:46.000000;2016-03-16T01:36:46.000000;62003aa5-af5c-40f6-b4b6-e33d91a5c5c7;414.63;0.78258766;UNKNOWN
2016-03-16T01:36:46.000000;2016-03-16T01:36:46.000000;48a75f07-5301-435f-aca6-3c41adfa3dc8;414.63;13.64811234;UNKNOWN
2016-03-16T01:38:05.000000;2016-03-16T01:38:05.000000;6be84552-b909-49b9-9c30-aeea1cfef0b2;414.94;0.1;UNKNOWN
2016-03-16T01:40:53.000000;2016-03-16T01:40:53.000000;6a2d21ce-5046-4637-9381-727899860942;414.76;1.312227;UNKNOWN
2016-03-16T01:40:59.000000;2016-03-16T01:40:59.000000;00bc59f4-54b6-457b-9251-c770649607a2;414.76;0.669363;UNKNOWN
2016-03-16T01:41:39.000000;2016-03-16T01:41:39.000000;2b54e728-330f-4814-aa00-70582c8fc464;414.89;4.044;UNKNOWN
2016-03-16T01:41:40.000000;2016-03-16T01:41:40.000000;2fc1bc7b-aa44-44a3-986d-6714dabdd1e1;414.89;0.02;UNKNOWN
2016-03-16T01:42:09.000000;2016-03-16T01:42:09.000000;d89b668a-ae31-4cf2-acc0-10361eecb786;414.89;0.02;UNKNOWN
2016-03-16T01:42:16.000000;2016-03-16T01:42:16.000000;80777d2b-b41b-4f8d-a105-2a32c6d47bd1;414.9;0.737549;UNKNOWN
2016-03-16T01:42:57.000000;2016-03-16T01:42:57.000000;1b463221-b036-4d25-ad44-8a754dc7287a;414.9;0.02;UNKNOWN
2016-03-16T01:43:05.000000;2016-03-16T01:43:05.000000;3586c7af-e4b7-4897-84d4-53a0ccd39040;414.9;0.02;UNKNOWN
2016-03-16T01:43:36.000000;2016-03-16T01:43:36.000000;97726d48-1fed-46b8-bf37-0417434a8583;414.93;0.02;UNKNOWN
2016-03-16T01:43:50.000000;2016-03-16T01:43:50.000000;409d77a8-8a74-4eb8-abe3-5bd51b34aff9;414.93;1.049822;UNKNOWN
2016-03-16T01:43:53.000000;2016-03-16T01:43:53.000000;de6ea9a9-bc73-4284-8f5d-46eb7b027dba;414.93;0.0153;UNKNOWN
2016-03-16T01:44:25.000000;2016-03-16T01:44:25.000000;d4fc2efb-3cc2-48f1-8aaa-f45545672877;414.93;0.02;UNKNOWN
2016-03-16T01:44:39.000000;2016-03-16T01:44:39.000000;f7438217-aa85-49e5-9dda-545708a2036c;415.03;0.9788;UNKNOWN
2016-03-16T01:44:47.000000;2016-03-16T01:44:47.000000;c9582cb7-3e4c-4147-a520-9d4b7e703318;415.01;0.02;UNKNOWN
2016-03-16T01:46:07.000000;2016-03-16T01:46:07.000000;5fd41658-916e-4adc-9daf-fb913daf10f8;415.02;0.02;UNKNOWN
2016-03-16T01:46:07.000000;2016-03-16T01:46:07.000000;e7462142-223f-4423-86a9-0aeda8ba3881;415.03;0.71737916;UNKNOWN
2016-03-16T01:46:16.000000;2016-03-16T01:46:16.000000;3fd826e4-6567-4821-8194-8c4b5e3f1f0b;415.02;0.02;UNKNOWN
2016-03-16T01:46:26.000000;2016-03-16T01:46:26.000000;e919e2fe-832a-4dde-a6c4-7dbc649697de;415.02;0.02;UNKNOWN
2016-03-16T01:46:41.000000;2016-03-16T01:46:41.000000;f120ef01-9b62-4a7e-a647-f3fb870a0c58;415.02;0.02;UNKNOWN
2016-03-16T01:46:53.000000;2016-03-16T01:46:53.000000;148396c8-34a8-4bc5-9e76-0aa7c5929c78;415.02;0.02;UNKNOWN
2016-03-16T01:47:01.000000;2016-03-16T01:47:01.000000;97db7dde-cea0-4113-9584-54d6187d89f3;415.03;0.409786;UNKNOWN
2016-03-16T01:47:01.000000;2016-03-16T01:47:01.000000;36f5d0a9-ee91-4a97-8bc2-0977bff321d2;415.04;16.18639316;UNKNOWN
2016-03-16T01:47:01.000000;2016-03-16T01:47:01.000000;f451a704-b94e-4250-ab15-2d0a71dca7f4;415.02;0.02;UNKNOWN
2016-03-16T01:47:01.000000;2016-03-16T01:47:01.000000;8c4c22d5-7242-4e24-88c9-432ec9011538;415.03;6.40382084;UNKNOWN
2016-03-16T01:47:20.000000;2016-03-16T01:47:20.000000;e2f9b302-9ebe-44c0-9a8e-c62c8473294c;415.03;0.02;UNKNOWN
2016-03-16T01:48:22.000000;2016-03-16T01:48:22.000000;694ad116-a13b-4491-b64b-f6399d989a0f;414.92;0.88524;UNKNOWN
2016-03-16T01:48:59.000000;2016-03-16T01:48:59.000000;c5f8a77f-2086-4f15-b962-db07d8d93df1;415.08;0.1107;UNKNOWN
2016-03-16T01:48:59.000000;2016-03-16T01:48:59.000000;42592893-0722-463e-acb5-5c26c1f42b13;414.98;0.02;UNKNOWN
2016-03-16T01:50:00.000000;2016-03-16T01:50:00.000000;fa694564-e056-475e-9066-1f27b626de5a;414.95;0.0192;UNKNOWN
2016-03-16T01:50:26.000000;2016-03-16T01:50:26.000000;f0fa5b37-712c-4df3-9763-29f2bc0e8375;415.01;0.02;UNKNOWN
2016-03-16T01:51:33.000000;2016-03-16T01:51:33.000000;623ea480-7104-435c-8a48-7795b0ea617a;414.92;0.02;UNKNOWN
2016-03-16T01:51:39.000000;2016-03-16T01:51:39.000000;3a2de96d-2313-4ee7-9c21-c22efc5c0ff3;414.93;0.02;UNKNOWN
2016-03-16T01:51:46.000000;2016-03-16T01:51:46.000000;37c630d5-24cf-4b30-a54a-f6c86711d6b1;414.93;0.02;UNKNOWN
2016-03-16T01:51:55.000000;2016-03-16T01:51:55.000000;c23c3877-a08d-411d-89c4-1d5a979ccf29;414.92;0.011;UNKNOWN
2016-03-16T01:51:57.000000;2016-03-16T01:51:57.000000;fec29b11-9192-4c30-bc1e-69511e6999e0;414.92;1.08376;UNKNOWN
2016-03-16T01:51:57.000000;2016-03-16T01:51:57.000000;f758ff13-041f-4047-8dd3-f391fa37a8a6;414.6;0.01;UNKNOWN
2016-03-16T01:51:57.000000;2016-03-16T01:51:57.000000;dad26b22-426a-4b31-8195-4da6106cc978;414.92;0.0325;UNKNOWN
2016-03-16T01:51:57.000000;2016-03-16T01:51:57.000000;1dac6e51-0722-4da7-8cf1-2fe7a542b9c5;414.9;1.222451;UNKNOWN
2016-03-16T01:51:57.000000;2016-03-16T01:51:57.000000;b6cd4a43-3df8-4206-808b-b07483727321;414.5;14.48438901;UNKNOWN
2016-03-16T01:51:57.000000;2016-03-16T01:51:57.000000;81b99dd9-64d2-4e15-908c-bfc79f6bab9f;414.92;1.0;UNKNOWN
2016-03-16T01:51:57.000000;2016-03-16T01:51:57.000000;3bc5ac31-4bb0-4aaf-9a3d-829c7fa25cbf;414.59;12.1669;UNKNOWN
2016-03-16T01:52:21.000000;2016-03-16T01:52:21.000000;3ccd4e4c-96c8-47ac-86e0-91f5726c4f8b;414.61;0.02;UNKNOWN
2016-03-16T01:52:43.000000;2016-03-16T01:52:43.000000;79acaae8-7771-4fea-a49a-8f8a53c171f2;414.72;0.74346086;UNKNOWN
2016-03-16T01:53:06.000000;2016-03-16T01:53:06.000000;f27d50f1-cb17-414a-afa9-5593e43212b7;414.82;1.65100793;UNKNOWN
2016-03-16T01:53:06.000000;2016-03-16T01:53:06.000000;b0fb90be-493c-4e23-a8d0-1e753604af06;414.81;0.5;UNKNOWN
2016-03-16T01:53:30.000000;2016-03-16T01:53:30.000000;91e28a2f-db30-4013-906c-627c3b79a905;414.8;0.02;UNKNOWN
2016-03-16T01:53:46.000000;2016-03-16T01:53:46.000000;9be8d2ec-bc21-41d8-8bd4-1ea1f1e10c31;414.82;0.02;UNKNOWN
2016-03-16T01:53:59.000000;2016-03-16T01:53:59.000000;a1496a82-2d3d-4389-9d3b-6b5f4abd9bde;414.8;0.02;UNKNOWN
2016-03-16T01:54:06.000000;2016-03-16T01:54:06.000000;5b9da556-25fc-4ef6-95ed-fc20cb7a3fa5;414.8;0.02;UNKNOWN
2016-03-16T01:54:17.000000;2016-03-16T01:54:17.000000;06230605-1db7-4d4a-87c2-e94672b619ec;414.8;0.02;UNKNOWN
2016-03-16T01:54:36.000000;2016-03-16T01:54:36.000000;ce39d518-3ed8-4345-ba90-083dcfbbf1a9;414.82;0.02;UNKNOWN
2016-03-16T01:54:45.000000;2016-03-16T01:54:45.000000;b22fbed6-5027-4e5e-8240-5baf94a4a58a;415.18;0.5;UNKNOWN
2016-03-16T01:54:45.000000;2016-03-16T01:54:45.000000;1ab12ce3-164b-47de-b3bb-b69eea8c9629;415.18;3.0;UNKNOWN
2016-03-16T01:54:45.000000;2016-03-16T01:54:45.000000;32036603-d6f2-4c26-9eed-02092900a89b;415.19;2.5;UNKNOWN
2016-03-16T01:56:34.000000;2016-03-16T01:56:34.000000;051fd538-d1f5-47f9-b041-5fc4539e6b95;415.09;5.0;UNKNOWN
2016-03-16T01:56:37.000000;2016-03-16T01:56:37.000000;fb51c33f-9ce8-4cfe-9de0-4b6323dbcf8d;414.94;5.0;UNKNOWN
2016-03-16T01:56:38.000000;2016-03-16T01:56:38.000000;51fdfecc-aca6-4867-b43b-f706880f987f;414.74;4.08;UNKNOWN
2016-03-16T01:56:38.000000;2016-03-16T01:56:38.000000;0cb9707c-5781-4843-b63c-6ca930adba91;414.8;0.92;UNKNOWN
2016-03-16T01:56:40.000000;2016-03-16T01:56:40.000000;29cfa38d-2c77-45aa-a4a6-0e2f7da9c78c;414.75;5.0;UNKNOWN
2016-03-16T01:56:42.000000;2016-03-16T01:56:42.000000;a963e086-6966-4ecc-add0-db8f319f8b50;414.76;5.0;UNKNOWN
2016-03-16T01:57:06.000000;2016-03-16T01:57:06.000000;f9fdc703-cf4b-4fb3-b30f-5858a4609d8d;415.16;1.71;UNKNOWN
2016-03-16T01:57:17.000000;2016-03-16T01:57:17.000000;8116ffec-319c-4c54-a3e2-8648b49a7f7b;415.28;0.0333;UNKNOWN
2016-03-16T01:57:17.000000;2016-03-16T01:57:17.000000;eb79eb09-1eb7-4c03-996e-ea8e242c99e1;415.17;5.9667;UNKNOWN
2016-03-16T01:57:22.000000;2016-03-16T01:57:22.000000;842b6bf1-2f4a-45d6-846a-65600ea4d326;414.88;6.0129;UNKNOWN
2016-03-16T01:57:22.000000;2016-03-16T01:57:22.000000;dd60d7dc-b821-4e98-99fe-bead4072bc50;414.74;1.39;UNKNOWN
2016-03-16T01:57:22.000000;2016-03-16T01:57:22.000000;346266bb-8d55-4713-a146-c5e8b919df18;414.73;12.8643;UNKNOWN
2016-03-16T01:57:22.000000;2016-03-16T01:57:22.000000;e7042e43-79b4-487e-8e58-97f478498a81;414.72;3.2979502;UNKNOWN
2016-03-16T01:58:07.000000;2016-03-16T01:58:07.000000;16a1db24-e25c-4855-b3b8-1467457ac780;414.71;1.0;UNKNOWN
2016-03-16T01:58:07.000000;2016-03-16T01:58:07.000000;b7f4492e-0b2d-4892-987b-bb3f552353f8;414.54;11.2669;UNKNOWN
2016-03-16T01:58:07.000000;2016-03-16T01:58:07.000000;dcabbdc7-61ac-4f4a-bbfe-3f6e2a3b8852;414.72;6.0133;UNKNOWN
2016-03-16T01:58:07.000000;2016-03-16T01:58:07.000000;3dc4cfa9-3744-4ff8-a220-bfe21ee1842e;414.53;4.7198;UNKNOWN
2016-03-16T01:58:07.000000;2016-03-16T01:58:07.000000;b6e99dd5-b96b-4d2c-9e1c-ef695781114f;414.6;2.0;UNKNOWN
2016-03-16T01:58:23.000000;2016-03-16T01:58:23.000000;8524f76d-cb2c-4182-888a-22867cc93ce1;414.5;2.0;UNKNOWN
2016-03-16T01:59:07.000000;2016-03-16T01:59:07.000000;0803904b-a799-4206-b5ac-a2ab3b991039;414.51;0.15188543;UNKNOWN
2016-03-16T02:00:41.000000;2016-03-16T02:00:41.000000;2d65b604-78e5-4df5-ab03-ae1eb613daff;414.67;1.0;UNKNOWN
2016-03-16T02:02:28.000000;2016-03-16T02:02:28.000000;7bed9d09-fe0f-4c8a-8c43-20d6e55e66fb;414.56;0.5;UNKNOWN
2016-03-16T02:02:28.000000;2016-03-16T02:02:28.000000;457b8644-3382-4f9b-9ea2-4af0ea3c73c5;414.55;0.531089;UNKNOWN
2016-03-16T02:04:04.000000;2016-03-16T02:04:04.000000;d228a8f6-68db-47ec-afaf-5b86b8f92a38;414.52;0.77978;UNKNOWN
2016-03-16T02:04:28.000000;2016-03-16T02:04:28.000000;f8e839e1-66e6-41d9-be80-07ab74b55c2d;414.52;1.0;UNKNOWN
2016-03-16T02:04:28.000000;2016-03-16T02:04:28.000000;aa4bd562-8bfc-4680-8398-5c5f7f1149b2;414.52;0.22022;UNKNOWN
2016-03-16T02:04:28.000000;2016-03-16T02:04:28.000000;515c6f4a-d63b-4e35-89c7-5974a025544d;414.52;1.0;UNKNOWN
2016-03-16T02:04:28.000000;2016-03-16T02:04:28.000000;a0950aef-730e-4ca7-81bc-df5b61be1b77;414.51;1.0;UNKNOWN
2016-03-16T02:04:28.000000;2016-03-16T02:04:28.000000;98161bb5-5178-4bd5-910c-f062c135f408;414.51;1.0;UNKNOWN
2016-03-16T02:04:37.000000;2016-03-16T02:04:37.000000;a63e9aad-5b52-48a7-9c73-71b23b9adb0b;414.5;0.0197;UNKNOWN
2016-03-16T02:04:37.000000;2016-03-16T02:04:37.000000;5c52e592-b8ff-4c0b-b968-e9a9ee21fe56;414.5;2.27908999;UNKNOWN
2016-03-16T02:04:37.000000;2016-03-16T02:04:37.000000;d6bbee64-dc2e-4f58-9896-68dc608b3a37;414.5;0.236521;UNKNOWN
2016-03-16T02:04:38.000000;2016-03-16T02:04:38.000000;68475925-e3d7-43e2-a1b8-34fb79aedcb9;414.5;1.0;UNKNOWN
2016-03-16T02:04:40.000000;2016-03-16T02:04:40.000000;8933c156-b914-4b0a-956b-dcc4ff036dad;414.47;0.049887;UNKNOWN
2016-03-16T02:05:40.000000;2016-03-16T02:05:40.000000;af0d9985-ff5d-4a9a-8bb2-5470d2fe3023;414.47;0.99619;UNKNOWN
2016-03-16T02:06:15.000000;2016-03-16T02:06:15.000000;45965401-308f-4e51-94bc-fb19ca6880c4;414.47;0.238729;UNKNOWN
2016-03-16T02:07:05.000000;2016-03-16T02:07:05.000000;f24dd70b-e6fa-4cdc-9266-1088f4837583;414.5;0.64432647;UNKNOWN
2016-03-16T02:07:15.000000;2016-03-16T02:07:15.000000;76956824-e33c-4fbf-945f-890c8a824df3;414.49;0.17947258;UNKNOWN
2016-03-16T02:07:16.000000;2016-03-16T02:07:16.000000;e3861b0a-17b2-40fe-bc0a-925cf95a053a;414.49;0.17947258;UNKNOWN
2016-03-16T02:07:17.000000;2016-03-16T02:07:17.000000;f44f99b8-04bb-4e85-a37d-3d7b595d476e;414.49;0.17947258;UNKNOWN
2016-03-16T02:07:19.000000;2016-03-16T02:07:19.000000;c7d56f3f-2262-4e00-b819-23f5698e2225;414.49;0.17947258;UNKNOWN
2016-03-16T02:07:21.000000;2016-03-16T02:07:21.000000;eb8ea2d5-ccbb-49a3-8d65-6faa9eede048;414.49;0.17947258;UNKNOWN
2016-03-16T02:07:23.000000;2016-03-16T02:07:23.000000;bf7a93df-f90b-4b7a-9141-c31655ae977d;414.49;0.17947258;UNKNOWN
2016-03-16T02:07:24.000000;2016-03-16T02:07:24.000000;7c0ed381-d78a-413e-b0bc-bc02d2531e27;414.49;0.17947258;UNKNOWN
2016-03-16T02:07:25.000000;2016-03-16T02:07:25.000000;9f408313-5dd0-42f0-addb-f1d4d520ca47;414.49;0.236111;UNKNOWN
2016-03-16T02:07:27.000000;2016-03-16T02:07:27.000000;4a52ed92-dd33-40cf-93fa-853d5a245f8c;414.49;0.17947258;UNKNOWN
2016-03-16T02:07:27.000000;2016-03-16T02:07:27.000000;c83cef45-ce17-4591-87b6-ad20a1a9c5f8;414.49;0.17947258;UNKNOWN
2016-03-16T02:07:28.000000;2016-03-16T02:07:28.000000;b36007e9-c9e6-4ea6-9df7-d76ec3181cf0;414.49;0.17947258;UNKNOWN
2016-03-16T02:07:29.000000;2016-03-16T02:07:29.000000;67096c9e-bd2f-49d7-941c-2c607428d23a;414.49;0.17947258;UNKNOWN
2016-03-16T02:07:30.000000;2016-03-16T02:07:30.000000;c6de4c79-e725-40af-a7ea-9120f088be3a;414.49;0.17947258;UNKNOWN
2016-03-16T02:07:31.000000;2016-03-16T02:07:31.000000;1d68006e-0db2-4c9b-9ce7-7107770a49a1;414.49;0.17947258;UNKNOWN
2016-03-16T02:07:33.000000;2016-03-16T02:07:33.000000;5bf4ccaf-027b-410d-a8c7-5666559faa71;414.49;0.17947258;UNKNOWN
2016-03-16T02:07:35.000000;2016-03-16T02:07:35.000000;aed0ba55-c097-4922-9e3c-39d02097b161;414.49;0.17947258;UNKNOWN
2016-03-16T02:07:37.000000;2016-03-16T02:07:37.000000;766ce240-b7ca-471f-baf6-67122814f638;414.49;0.17947258;UNKNOWN
2016-03-16T02:07:38.000000;2016-03-16T02:07:38.000000;4fee8ab9-7d12-4551-a628-58e164525534;414.49;0.17947258;UNKNOWN
2016-03-16T02:07:40.000000;2016-03-16T02:07:40.000000;09f2d910-2510-45de-8d33-563cc6f73e57;414.49;0.17947258;UNKNOWN
2016-03-16T02:07:40.000000;2016-03-16T02:07:40.000000;cbdf7c25-1ed3-4f21-8806-5015b8cfddd3;414.49;0.17947258;UNKNOWN
2016-03-16T02:07:44.000000;2016-03-16T02:07:44.000000;ebe983bb-4191-419d-95fb-b278217c5447;414.49;0.16609562;UNKNOWN
2016-03-16T02:08:33.000000;2016-03-16T02:08:33.000000;a1e8fb95-b909-455d-8d3e-60b3d10167b4;414.49;0.03721549;UNKNOWN
2016-03-16T02:09:00.000000;2016-03-16T02:09:00.000000;9afed953-5833-4b7f-8287-600203c4a342;414.47;0.33103;UNKNOWN
2016-03-16T02:09:31.000000;2016-03-16T02:09:31.000000;0c7b2df1-c44f-403d-a713-3ada749fe4a3;414.47;0.083988;UNKNOWN
2016-03-16T02:09:53.000000;2016-03-16T02:09:53.000000;c83df8c3-1e8f-4c0a-9613-d4ac50a453cb;414.47;0.334058;UNKNOWN
2016-03-16T02:11:15.000000;2016-03-16T02:11:15.000000;11b2bb85-1513-4f65-acfd-67ce1c9e45ef;414.47;0.073656;UNKNOWN
2016-03-16T02:12:03.000000;2016-03-16T02:12:03.000000;72f3ff6b-dc85-46dd-8a2f-7344c5bf73e0;414.47;0.166049;UNKNOWN
2016-03-16T02:15:11.000000;2016-03-16T02:15:11.000000;53abb8a8-4edc-4fe2-ab43-19b7662f13d6;414.63;0.27472;UNKNOWN
2016-03-16T02:15:42.000000;2016-03-16T02:15:42.000000;c1ef1d3e-6369-44b1-8f6d-db632e7959e1;414.67;1.7774;UNKNOWN
2016-03-16T02:16:04.000000;2016-03-16T02:16:04.000000;9e49030b-91fe-41f2-bca4-d594e59d2307;414.69;0.1;UNKNOWN
2016-03-16T02:16:45.000000;2016-03-16T02:16:45.000000;f5d399a6-8953-4ace-a58f-ec9a8a4396af;414.52;0.23576259;UNKNOWN
2016-03-16T02:16:46.000000;2016-03-16T02:16:46.000000;07228d4e-6107-48c0-83eb-80670137731f;414.52;0.01906168;UNKNOWN
2016-03-16T02:16:46.000000;2016-03-16T02:16:46.000000;ea1dfc7a-889a-4876-b60a-642b6a8215f2;414.52;0.14613958;UNKNOWN
2016-03-16T02:16:47.000000;2016-03-16T02:16:47.000000;b1a59d81-d539-4100-89a1-868524700a48;414.52;0.23576259;UNKNOWN
2016-03-16T02:16:48.000000;2016-03-16T02:16:48.000000;105a34d9-46e8-42b4-bccb-626f6ee6d4c5;414.52;0.20729203;UNKNOWN
2016-03-16T02:16:48.000000;2016-03-16T02:16:48.000000;2d30f35d-5b89-4281-b5ef-46176c082858;414.52;0.02703809;UNKNOWN
2016-03-16T02:18:47.000000;2016-03-16T02:18:47.000000;9688fab3-61be-4ecb-8216-005b308d88d3;414.64;0.2219;UNKNOWN
2016-03-16T02:20:10.000000;2016-03-16T02:20:10.000000;b3e626c5-6321-474f-b4bb-3dd98e2ab7b7;414.52;0.03583629;UNKNOWN
2016-03-16T02:22:05.000000;2016-03-16T02:22:05.000000;2870a896-cdb2-4bba-8437-a84cc5c0b4e8;414.69;0.2;UNKNOWN
2016-03-16T02:23:06.000000;2016-03-16T02:23:06.000000;c8e94aa4-6ea4-4d74-9f92-0ef64e162631;414.68;2.15089;UNKNOWN
2016-03-16T02:24:05.000000;2016-03-16T02:24:05.000000;b9d11182-b53a-49b2-9263-ec35ac8bbb2e;414.7;1.67320693;UNKNOWN
2016-03-16T02:24:06.000000;2016-03-16T02:24:06.000000;2747ad70-8048-4038-b4bd-7dbf98599c38;414.7;0.14341372;UNKNOWN
2016-03-16T02:24:07.000000;2016-03-16T02:24:07.000000;a71c62a8-e9a8-4178-b917-fe86f974718a;414.7;0.14351362;UNKNOWN
2016-03-16T02:25:54.000000;2016-03-16T02:25:54.000000;0d997ff8-6c39-48d7-a7b5-175512296550;414.68;0.2413912;UNKNOWN
2016-03-16T02:26:32.000000;2016-03-16T02:26:32.000000;12ea2798-0c00-47bf-85ae-86ce7a14c9e7;414.7;2.38780898;UNKNOWN
2016-03-16T02:29:05.000000;2016-03-16T02:29:05.000000;bcd7da37-30af-44c7-b822-28b3eb87ee50;414.69;0.06082975;UNKNOWN
2016-03-16T02:32:05.000000;2016-03-16T02:32:05.000000;de70121b-ebaa-4e23-9ced-baf2be2e9bf3;414.7;2.45;UNKNOWN
2016-03-16T02:34:01.000000;2016-03-16T02:34:01.000000;a96fc48a-43fd-4ff3-82de-8ed17c01fd5c;414.7;7.0;UNKNOWN
2016-03-16T02:34:05.000000;2016-03-16T02:34:05.000000;e235d791-9034-49f7-8b64-9046c5929a57;414.7;0.14341372;UNKNOWN
2016-03-16T02:34:43.000000;2016-03-16T02:34:43.000000;7b8551a7-c6e9-4153-b322-eaa3725cc2ea;414.7;3.5;UNKNOWN
2016-03-16T02:36:52.000000;2016-03-16T02:36:52.000000;7156d4fe-8425-41d2-9a16-36d8a61ff40f;414.7;0.02615741;UNKNOWN
2016-03-16T02:37:15.000000;2016-03-16T02:37:15.000000;82bf26d6-9bbe-4be4-b7fd-e753a04ab528;414.69;0.24132135;UNKNOWN
2016-03-16T02:37:32.000000;2016-03-16T02:37:32.000000;c2c4748e-41fa-4fb2-ac39-3d89ab78baed;414.69;0.02;UNKNOWN
2016-03-16T02:37:34.000000;2016-03-16T02:37:34.000000;6fd33330-9467-4413-a29e-64a9db4dbcec;414.7;0.1195878;UNKNOWN
2016-03-16T02:37:35.000000;2016-03-16T02:37:35.000000;b3b690b8-f4c2-45a0-b616-396a7251810c;414.7;0.1395112;UNKNOWN
2016-03-16T02:37:35.000000;2016-03-16T02:37:35.000000;2bc5d7a2-593f-49b5-9df0-a2b11f0f79e5;414.7;0.1195878;UNKNOWN
2016-03-16T02:37:37.000000;2016-03-16T02:37:37.000000;6974935f-050d-4e8c-8731-c7e84acd80db;414.7;0.01978389;UNKNOWN
2016-03-16T02:37:37.000000;2016-03-16T02:37:37.000000;122c5688-8423-4359-8659-e2bb265d017f;414.69;0.02;UNKNOWN
2016-03-16T02:37:42.000000;2016-03-16T02:37:42.000000;9974bc8a-7e41-424a-8477-6808a90ce42b;414.7;0.01979211;UNKNOWN
2016-03-16T02:37:44.000000;2016-03-16T02:37:44.000000;946c3075-d0bc-4e3f-8b43-0bf308d38b91;414.69;0.02;UNKNOWN
2016-03-16T02:37:49.000000;2016-03-16T02:37:49.000000;85596f72-d09b-4346-8d1b-8220272d24ad;414.69;0.02;UNKNOWN
2016-03-16T02:37:51.000000;2016-03-16T02:37:51.000000;5f0729db-0d0a-4cbc-8995-44ffb75d96d7;414.7;0.06505184;UNKNOWN
2016-03-16T02:37:53.000000;2016-03-16T02:37:53.000000;140b715b-813c-4755-b8c1-b7790f0b9765;414.7;0.06517691;UNKNOWN
2016-03-16T02:37:57.000000;2016-03-16T02:37:57.000000;3d196f9a-a8be-435f-a5f1-dcb67d4244a7;414.7;0.17938169;UNKNOWN
2016-03-16T02:37:59.000000;2016-03-16T02:37:59.000000;7a84e664-2b09-4835-b9c3-61b1199d34e4;414.7;0.0151247;UNKNOWN
2016-03-16T02:38:01.000000;2016-03-16T02:38:01.000000;4af948a1-016a-498a-bd61-e9385e5553c9;414.7;0.07829845;UNKNOWN
2016-03-16T02:38:04.000000;2016-03-16T02:38:04.000000;b516702b-272d-49cb-9f81-09f093f58e6a;414.7;0.10001264;UNKNOWN
2016-03-16T02:38:04.000000;2016-03-16T02:38:04.000000;f4fbf52b-69f6-4df7-88d5-b0e939d3adb8;414.7;0.17937428;UNKNOWN
2016-03-16T02:38:06.000000;2016-03-16T02:38:06.000000;237fdeab-134e-4867-9d4b-cc039f90c7fd;414.7;0.17903718;UNKNOWN
2016-03-16T02:38:06.000000;2016-03-16T02:38:06.000000;95443d9e-e0bd-4fef-8e6f-23cf14023e43;414.7;0.07316613;UNKNOWN
2016-03-16T02:38:07.000000;2016-03-16T02:38:07.000000;67d17958-0a81-4cd6-bea7-ad2917ad55b3;414.7;0.1793817;UNKNOWN
2016-03-16T02:38:08.000000;2016-03-16T02:38:08.000000;61bfd229-3cb4-44c0-aee0-05ed14446580;414.7;0.07958144;UNKNOWN
2016-03-16T02:38:08.000000;2016-03-16T02:38:08.000000;b6081a7f-13bc-4f38-8bb5-668834a29c47;414.7;0.07904288;UNKNOWN
2016-03-16T02:38:09.000000;2016-03-16T02:38:09.000000;00dbfd17-8eb1-476e-a189-38a64b4aa407;414.69;0.01738205;UNKNOWN
2016-03-16T02:38:09.000000;2016-03-16T02:38:09.000000;2b307837-2521-422c-8f44-1233d4e1bd31;414.69;0.01736466;UNKNOWN
2016-03-16T02:38:11.000000;2016-03-16T02:38:11.000000;47a8d904-668e-4d69-a47b-7e13c8188c2e;414.69;0.01736466;UNKNOWN
2016-03-16T02:38:11.000000;2016-03-16T02:38:11.000000;1efaeb08-07da-46cd-bc1b-73cf9d6b6d89;414.69;0.01738205;UNKNOWN
2016-03-16T02:38:14.000000;2016-03-16T02:38:14.000000;e46ed759-cd92-40f0-8dc2-2958974bef71;414.69;0.02;UNKNOWN
2016-03-16T02:38:20.000000;2016-03-16T02:38:20.000000;3ab45420-720f-446d-9613-d28f80accebe;414.69;0.02;UNKNOWN
2016-03-16T02:38:27.000000;2016-03-16T02:38:27.000000;e4f650da-84fc-4c80-ac07-9f52ad480a33;414.69;0.02;UNKNOWN
2016-03-16T02:38:37.000000;2016-03-16T02:38:37.000000;25ca8a5c-fb3b-4853-b917-9e4d7e66b4a2;414.69;0.02;UNKNOWN
2016-03-16T02:38:44.000000;2016-03-16T02:38:44.000000;c6341387-ea8d-4905-8071-643c5c0a3dae;414.69;0.02;UNKNOWN
2016-03-16T02:39:08.000000;2016-03-16T02:39:08.000000;398e5eea-7bf2-4e54-83b1-3ed20e45b3da;414.69;0.02;UNKNOWN
2016-03-16T02:39:32.000000;2016-03-16T02:39:32.000000;5eded166-0429-4c2f-a5fb-0303f593a3a3;414.69;0.02;UNKNOWN
2016-03-16T02:39:41.000000;2016-03-16T02:39:41.000000;adf04a83-6668-4a84-b293-37d5b1d544f6;414.69;0.02;UNKNOWN
2016-03-16T02:39:43.000000;2016-03-16T02:39:43.000000;bd4ad0cd-7b09-467d-9d8c-23c182200626;414.69;0.02;UNKNOWN
2016-03-16T02:39:47.000000;2016-03-16T02:39:47.000000;ae542706-10f8-42c5-aa88-2fa246c924bd;414.7;0.05359708;UNKNOWN
2016-03-16T02:39:47.000000;2016-03-16T02:39:47.000000;059d0ac6-5cd9-4746-82f8-b545a15cb534;414.7;0.17938169;UNKNOWN
2016-03-16T02:39:48.000000;2016-03-16T02:39:48.000000;d3348fa6-accb-47bb-9a89-94260f49dde5;414.7;0.01736758;UNKNOWN
2016-03-16T02:39:49.000000;2016-03-16T02:39:49.000000;59645995-d15c-4177-bd43-3d9f99233938;414.7;0.0535764;UNKNOWN
2016-03-16T02:39:50.000000;2016-03-16T02:39:50.000000;438a1c8a-c290-47f1-bcdb-3b29083fc1d6;414.7;0.05359708;UNKNOWN
2016-03-16T02:39:53.000000;2016-03-16T02:39:53.000000;4a27b768-b06d-47e8-8300-daba6ad9ba5b;414.7;0.07095998;UNKNOWN
2016-03-16T02:39:57.000000;2016-03-16T02:39:57.000000;6939f736-651b-4457-aa25-bf15bebfa6a0;414.7;0.01738357;UNKNOWN
2016-03-16T02:40:01.000000;2016-03-16T02:40:01.000000;a95bcbb1-620a-4e25-9838-6ba92e75bbd9;414.69;0.02;UNKNOWN
2016-03-16T02:40:03.000000;2016-03-16T02:40:03.000000;29b01968-5e8a-4819-964f-43f13c111562;414.7;0.1195878;UNKNOWN
2016-03-16T02:40:04.000000;2016-03-16T02:40:04.000000;070227cc-fd5d-453a-87b6-82480488a184;414.7;0.1195878;UNKNOWN
2016-03-16T02:40:05.000000;2016-03-16T02:40:05.000000;1f1c4926-adc7-401f-90d8-2df8060d83de;414.7;0.1195878;UNKNOWN
2016-03-16T02:40:06.000000;2016-03-16T02:40:06.000000;fbe6658e-531e-428a-82e4-7be51ccd2e7c;414.7;0.1195878;UNKNOWN
2016-03-16T02:40:08.000000;2016-03-16T02:40:08.000000;0a59f13b-e4f1-466f-936b-9cbcd92ff3c6;414.7;0.1195878;UNKNOWN
2016-03-16T02:40:11.000000;2016-03-16T02:40:11.000000;2f357c3a-e406-45af-a930-dd2f2cf788bf;414.7;0.1195878;UNKNOWN
2016-03-16T02:40:12.000000;2016-03-16T02:40:12.000000;f9b20ff2-6943-4710-b81b-10b2abe99eb6;414.7;0.1195878;UNKNOWN
2016-03-16T02:40:13.000000;2016-03-16T02:40:13.000000;424975c4-caf7-4ee3-8d6b-716beb8cf971;414.7;0.1195878;UNKNOWN
2016-03-16T02:40:17.000000;2016-03-16T02:40:17.000000;714f96df-0312-4972-bd6f-a697062fbf80;414.7;0.1195878;UNKNOWN
2016-03-16T02:40:18.000000;2016-03-16T02:40:18.000000;2722de9e-1541-439f-9819-a4b8d49137ee;414.7;0.17938169;UNKNOWN
2016-03-16T02:40:20.000000;2016-03-16T02:40:20.000000;3dcde312-39fd-4d1e-b885-f8ddd7a03e90;414.7;0.1195878;UNKNOWN
2016-03-16T02:40:21.000000;2016-03-16T02:40:21.000000;ca1db28f-ed2c-4f37-8366-e7c6417a7723;414.7;0.1195878;UNKNOWN
2016-03-16T02:40:23.000000;2016-03-16T02:40:23.000000;7476ba37-18a8-49a4-80ed-eb4528df6d0c;414.69;0.02;UNKNOWN
2016-03-16T02:40:23.000000;2016-03-16T02:40:23.000000;08ad33ed-171e-4076-b301-c834a969839a;414.7;0.1195878;UNKNOWN
2016-03-16T02:40:24.000000;2016-03-16T02:40:24.000000;86c96c8f-cb40-4114-bfed-764e9ef46bf7;414.7;0.1195878;UNKNOWN
2016-03-16T02:40:26.000000;2016-03-16T02:40:26.000000;ca4d6006-e21f-4043-8e24-5ed224591503;414.7;0.1195878;UNKNOWN
2016-03-16T02:40:27.000000;2016-03-16T02:40:27.000000;e43d0944-0a80-4848-93ea-91ac5e1b5e4d;414.7;0.1195878;UNKNOWN
2016-03-16T02:40:28.000000;2016-03-16T02:40:28.000000;986aa775-e878-4481-9986-9bb60bff7140;414.7;0.1195878;UNKNOWN
2016-03-16T02:40:29.000000;2016-03-16T02:40:29.000000;0e7784ec-aa0d-4a32-b81c-ef1494eeeecf;414.7;0.1195878;UNKNOWN
2016-03-16T02:40:30.000000;2016-03-16T02:40:30.000000;e0e0452a-97dc-42da-8c09-5dcb28f9edf2;414.7;0.1195878;UNKNOWN
2016-03-16T02:40:33.000000;2016-03-16T02:40:33.000000;3f32fa52-c190-4e2c-94f1-6eb9c1247355;414.7;0.1195878;UNKNOWN
2016-03-16T02:40:34.000000;2016-03-16T02:40:34.000000;658a4473-140d-4a65-820f-0a120cc71e85;414.69;0.02;UNKNOWN
2016-03-16T02:40:35.000000;2016-03-16T02:40:35.000000;c629231e-9130-45f1-b87c-a6becdeaa3de;414.7;0.1195878;UNKNOWN
2016-03-16T02:40:36.000000;2016-03-16T02:40:36.000000;97940554-ca4d-4e29-85d6-a2a026dbfe76;414.7;0.1195878;UNKNOWN
2016-03-16T02:40:38.000000;2016-03-16T02:40:38.000000;25f9a409-334d-4932-83c2-aa6f8d65129b;414.7;0.1195878;UNKNOWN
2016-03-16T02:40:39.000000;2016-03-16T02:40:39.000000;5dd0f709-3d1b-4539-be91-b4b2150d33ec;414.7;0.1195878;UNKNOWN
2016-03-16T02:40:40.000000;2016-03-16T02:40:40.000000;a8c344aa-eb1d-4905-84bd-4976d73b1084;414.7;0.1195878;UNKNOWN
2016-03-16T02:40:41.000000;2016-03-16T02:40:41.000000;24e7aea9-c2f9-4ff7-b9fb-98a59dc7837d;414.7;0.1195878;UNKNOWN
2016-03-16T02:40:43.000000;2016-03-16T02:40:43.000000;497bce1a-9f72-4f5f-a173-f1ef1f093c0b;414.7;0.1195878;UNKNOWN
2016-03-16T02:40:45.000000;2016-03-16T02:40:45.000000;c2e9e6bb-a32f-4bc6-8826-9ea5439574e0;414.7;0.17938169;UNKNOWN
2016-03-16T02:40:47.000000;2016-03-16T02:40:47.000000;cb0454dd-03e3-40a8-b62c-d4cce523301f;414.7;0.1195878;UNKNOWN
2016-03-16T02:40:48.000000;2016-03-16T02:40:48.000000;ffcbeb0d-7f95-494e-add6-2742da408203;414.7;0.17938169;UNKNOWN
2016-03-16T02:40:50.000000;2016-03-16T02:40:50.000000;af42b7fe-6813-4aae-96c9-80a3ba22ea23;414.7;0.1195878;UNKNOWN
2016-03-16T02:40:51.000000;2016-03-16T02:40:51.000000;c8d2da63-03fd-4875-9b22-b10e347d88fc;414.7;0.1195878;UNKNOWN
2016-03-16T02:40:52.000000;2016-03-16T02:40:52.000000;970963a1-e92c-4b51-80cf-ead768f99b4e;414.7;0.1195878;UNKNOWN
2016-03-16T02:40:53.000000;2016-03-16T02:40:53.000000;4843fcc6-60c9-4010-bb34-9e3c8937e70a;414.7;0.1195878;UNKNOWN
2016-03-16T02:40:54.000000;2016-03-16T02:40:54.000000;472f2365-230a-4192-93f8-071eea2b9d10;414.69;0.02;UNKNOWN
2016-03-16T02:40:55.000000;2016-03-16T02:40:55.000000;932bc00b-dbd5-4042-982f-dbd5e2ecc03b;414.7;0.1195878;UNKNOWN
2016-03-16T02:40:58.000000;2016-03-16T02:40:58.000000;e2318891-2888-41b6-a39e-77d234850d1e;414.7;0.1195878;UNKNOWN
2016-03-16T02:40:59.000000;2016-03-16T02:40:59.000000;9fd4e832-bcf4-4aba-816a-754ab6adb7e9;414.7;0.17938169;UNKNOWN
2016-03-16T02:41:00.000000;2016-03-16T02:41:00.000000;f9765851-8798-46b5-971c-383b149b14e6;414.7;0.1195878;UNKNOWN
2016-03-16T02:41:02.000000;2016-03-16T02:41:02.000000;522e9b3e-6f11-4e63-9e51-ce958c84949c;414.7;0.05980815;UNKNOWN
2016-03-16T02:41:03.000000;2016-03-16T02:41:03.000000;bef916fd-6931-4b13-9944-b89f0bf8c0bb;414.7;0.1195878;UNKNOWN
2016-03-16T02:41:04.000000;2016-03-16T02:41:04.000000;778e3b68-128a-44f5-8a91-31ae73b15331;414.7;0.1195878;UNKNOWN
2016-03-16T02:41:08.000000;2016-03-16T02:41:08.000000;d0967d8e-58ad-4bd1-8f15-54025a50d181;414.7;0.17938169;UNKNOWN
2016-03-16T02:41:11.000000;2016-03-16T02:41:11.000000;0bc57515-a4a7-4cd9-908e-9b123cfd01bc;414.7;0.09557897;UNKNOWN
2016-03-16T02:41:11.000000;2016-03-16T02:41:11.000000;014801b0-fd84-46ab-95ac-16b9e3cbd538;414.7;0.03827323;UNKNOWN
2016-03-16T02:41:11.000000;2016-03-16T02:41:11.000000;c86eeb31-8d67-44e2-afca-371ddd86c1ea;415.08;0.14094425;UNKNOWN
2016-03-16T02:41:11.000000;2016-03-16T02:41:11.000000;3bbbf016-dbaf-41e7-9e3a-4fb3f7c02dcf;415.08;0.17921748;UNKNOWN
2016-03-16T02:41:14.000000;2016-03-16T02:41:14.000000;ac8d6e45-ef16-4b42-8ded-2df216bf3774;414.85;0.1206596;UNKNOWN
2016-03-16T02:42:06.000000;2016-03-16T02:42:06.000000;f3723695-72af-4f5f-b836-322ab9ac38d8;415.06;1.2210981;UNKNOWN
2016-03-16T02:42:33.000000;2016-03-16T02:42:33.000000;0f617873-c219-4f5e-88e0-26138791467e;414.91;0.02;UNKNOWN
2016-03-16T02:42:56.000000;2016-03-16T02:42:56.000000;79e56c4a-2aff-40e4-96c3-dd89bffe3471;414.91;0.02;UNKNOWN
2016-03-16T02:44:03.000000;2016-03-16T02:44:03.000000;6c60de0d-f901-4a73-ab32-d64937a4745a;414.91;0.02;UNKNOWN
2016-03-16T02:44:13.000000;2016-03-16T02:44:13.000000;a4e1aa0f-471c-4d16-9f73-494e5a147e62;415.06;0.13580812;UNKNOWN
2016-03-16T02:44:15.000000;2016-03-16T02:44:15.000000;22db4dda-4118-4668-ac54-90f6ecc7512c;415.06;0.02952013;UNKNOWN
2016-03-16T02:44:15.000000;2016-03-16T02:44:15.000000;b9f8537e-b575-4e99-9dd3-bdb591682a67;414.91;0.01;UNKNOWN
2016-03-16T02:44:39.000000;2016-03-16T02:44:39.000000;f36eaef9-d495-4e29-af82-b21eecc2b969;414.91;0.02;UNKNOWN
2016-03-16T02:46:29.000000;2016-03-16T02:46:29.000000;dd736b98-5b2d-4a9e-96c3-f4cd73780a7b;415.05;0.02;UNKNOWN
2016-03-16T02:46:40.000000;2016-03-16T02:46:40.000000;ba7c8f4a-39c9-4815-a66b-f3158be326ec;415.05;0.02;UNKNOWN
2016-03-16T02:46:53.000000;2016-03-16T02:46:53.000000;5e36c8cb-c8ea-42dd-99cf-5b151a2aeb28;415.05;0.02;UNKNOWN
2016-03-16T02:47:40.000000;2016-03-16T02:47:40.000000;238e1028-ec94-47df-b909-39a12d788cd7;415.06;0.03054952;UNKNOWN
2016-03-16T02:47:43.000000;2016-03-16T02:47:43.000000;7ca54ba5-ac52-4df6-8637-3c72cbb845b1;415.06;0.03054952;UNKNOWN
2016-03-16T02:48:14.000000;2016-03-16T02:48:14.000000;bf792def-a3c4-4892-bba9-1b68e8df0fc1;415.05;0.02;UNKNOWN
2016-03-16T02:48:20.000000;2016-03-16T02:48:20.000000;b988b8b9-08ad-4813-8666-8600e664a261;415.05;0.02;UNKNOWN
2016-03-16T02:48:32.000000;2016-03-16T02:48:32.000000;d94a8096-377b-4a7a-b997-57e11578874a;415.05;0.02;UNKNOWN
2016-03-16T02:48:54.000000;2016-03-16T02:48:54.000000;82ca2c7c-fdb0-43d8-b4d6-d610b7c3fc2a;415.06;0.49495337;UNKNOWN
2016-03-16T02:50:01.000000;2016-03-16T02:50:01.000000;fd07bd71-b7f6-42bd-a62a-78eb4cb5edd3;415.05;0.01;UNKNOWN
2016-03-16T02:51:18.000000;2016-03-16T02:51:18.000000;e1e3ca12-07cf-421b-86f5-ce54a4b41ec2;415.45;0.2;UNKNOWN
2016-03-16T02:51:24.000000;2016-03-16T02:51:24.000000;f0df7e69-65aa-4daa-bf4d-cc4048ae4b53;415.05;0.01;UNKNOWN
2016-03-16T02:51:29.000000;2016-03-16T02:51:29.000000;35762859-04f5-4e33-9ee0-f2a28f72392b;415.05;0.02;UNKNOWN
2016-03-16T02:51:31.000000;2016-03-16T02:51:31.000000;bfe78d8b-a651-407f-8154-de5a2d9bc660;415.45;0.1;UNKNOWN
2016-03-16T02:51:53.000000;2016-03-16T02:51:53.000000;5b1cc496-caf5-428b-8722-09d48d9e1b46;415.06;0.02;UNKNOWN
2016-03-16T02:52:20.000000;2016-03-16T02:52:20.000000;abd2e2da-6019-4273-b122-d6db340b8147;414.93;18.5491;UNKNOWN
2016-03-16T02:52:20.000000;2016-03-16T02:52:20.000000;f6110293-e3ba-4e2b-80a0-38e13f640f89;414.88;13.4153;UNKNOWN
2016-03-16T02:52:20.000000;2016-03-16T02:52:20.000000;c000b2b2-3001-4400-8123-fcaa3f70ca21;415.0;25.0;UNKNOWN
2016-03-16T02:52:20.000000;2016-03-16T02:52:20.000000;16ea8e80-a333-428c-88d6-ee798dce02c8;414.89;2.0;UNKNOWN
2016-03-16T02:52:20.000000;2016-03-16T02:52:20.000000;03e0db3b-2fe7-42b9-98b2-f37d36297b18;415.02;5.959;UNKNOWN
2016-03-16T02:52:20.000000;2016-03-16T02:52:20.000000;4aa7fb97-050d-4f29-9eac-af38794dd302;414.73;9.9966;UNKNOWN
2016-03-16T02:52:20.000000;2016-03-16T02:52:20.000000;f8bab55d-c364-4c1f-97c7-b5adf749811d;414.9;25.0;UNKNOWN
2016-03-16T02:52:20.000000;2016-03-16T02:52:20.000000;f76870e7-9445-4c3b-8f16-76b9166e5a58;415.06;0.08;UNKNOWN
2016-03-16T02:52:26.000000;2016-03-16T02:52:26.000000;0b0510ea-6e40-4f8a-8686-74c7f14671f5;414.46;10.2903;UNKNOWN
2016-03-16T02:52:26.000000;2016-03-16T02:52:26.000000;149537b5-6d5c-4787-bacd-e5655c8f25ee;414.74;3.0;UNKNOWN
2016-03-16T02:52:26.000000;2016-03-16T02:52:26.000000;ec45f310-b921-45d7-90ac-c434801dc2e6;414.47;3.02;UNKNOWN
2016-03-16T02:52:26.000000;2016-03-16T02:52:26.000000;746b0296-ea88-43b4-b768-adc02eec5ae0;414.4;0.01;UNKNOWN
2016-03-16T02:52:26.000000;2016-03-16T02:52:26.000000;ffba252d-d23a-496a-8ac2-bbf1afdb0a2d;414.47;14.1314;UNKNOWN
2016-03-16T02:52:26.000000;2016-03-16T02:52:26.000000;97cac6d4-75ee-4e36-a94f-e910c610d194;414.52;0.01682146;UNKNOWN
2016-03-16T02:52:26.000000;2016-03-16T02:52:26.000000;9417fc8b-aa11-4921-be7d-f749db250ea2;414.69;24.28835548;UNKNOWN
2016-03-16T02:52:26.000000;2016-03-16T02:52:26.000000;a96661e8-f7d1-4662-ab04-37b61c5ff7ff;414.47;3.15917091;UNKNOWN
2016-03-16T02:52:26.000000;2016-03-16T02:52:26.000000;1991ef78-3664-4599-9daa-48e6f887bfc2;414.43;12.236;UNKNOWN
2016-03-16T02:52:26.000000;2016-03-16T02:52:26.000000;f9e8cb2c-04a4-4aa9-82b1-4e5375c0b110;414.9;7.9047;UNKNOWN
2016-03-16T02:52:26.000000;2016-03-16T02:52:26.000000;b8470191-00c1-4244-b838-1fb9210036d1;414.33;184.46332145;UNKNOWN
2016-03-16T02:52:26.000000;2016-03-16T02:52:26.000000;b492925d-8669-449c-b2a1-68233c9b27cf;414.35;25.0;UNKNOWN
2016-03-16T02:52:26.000000;2016-03-16T02:52:26.000000;b9c8d894-c2e0-4790-9180-1dad2edf3ee2;414.36;11.4;UNKNOWN
2016-03-16T02:52:26.000000;2016-03-16T02:52:26.000000;f5059f91-ac84-41d4-a657-c887a72b8455;414.74;0.5;UNKNOWN
2016-03-16T02:52:26.000000;2016-03-16T02:52:26.000000;f6cef6af-d084-4d36-81e0-12da436b1813;414.44;5.58;UNKNOWN
2016-03-16T02:52:40.000000;2016-03-16T02:52:40.000000;15112f02-482b-46f5-9964-11a0dab5ce47;414.36;0.77670504;UNKNOWN
2016-03-16T02:53:53.000000;2016-03-16T02:53:53.000000;90ff3e17-6058-4b14-849b-264a4734372b;414.62;0.21282056;UNKNOWN
2016-03-16T02:53:53.000000;2016-03-16T02:53:53.000000;b6cf2802-eb85-423f-bfef-2daa9d70570b;414.62;0.0277592;UNKNOWN
2016-03-16T02:53:54.000000;2016-03-16T02:53:54.000000;a91cdfd4-4f06-4af4-91d0-6949d2fc3d4b;414.6;0.11498463;UNKNOWN
2016-03-16T02:53:55.000000;2016-03-16T02:53:55.000000;71d173fe-a386-45ed-8ef2-24cc50141f38;414.6;0.02461071;UNKNOWN
2016-03-16T02:53:55.000000;2016-03-16T02:53:55.000000;9a992af0-091a-4a69-a805-7dc7b46a522f;414.6;0.01;UNKNOWN
2016-03-16T02:53:55.000000;2016-03-16T02:53:55.000000;2f2f2bba-f590-421e-9f7e-7c14f2a27306;414.6;0.18868212;UNKNOWN
2016-03-16T02:53:57.000000;2016-03-16T02:53:57.000000;ba525d48-3a99-4b7a-853f-9641839f2878;414.6;0.07906007;UNKNOWN
2016-03-16T02:53:57.000000;2016-03-16T02:53:57.000000;24b3b7ae-e202-45b4-abb3-4008fb9716c5;414.6;0.01031218;UNKNOWN
2016-03-16T02:54:02.000000;2016-03-16T02:54:02.000000;fba6d9eb-4894-4e23-bef2-245ecb6263b4;414.58;0.17942929;UNKNOWN
2016-03-16T02:54:02.000000;2016-03-16T02:54:02.000000;223e9092-4db3-482b-80bc-f2e852fe3397;414.58;0.04825796;UNKNOWN
2016-03-16T02:54:03.000000;2016-03-16T02:54:03.000000;013c91b0-7e04-4f54-abbb-b45b2154ca14;414.58;0.08774494;UNKNOWN
2016-03-16T02:54:03.000000;2016-03-16T02:54:03.000000;c1fdf42a-9544-49d1-8b0f-5a0571bdfe5b;414.58;0.01144499;UNKNOWN
2016-03-16T02:54:04.000000;2016-03-16T02:54:04.000000;73966ff5-0723-41cc-a518-e3363dfadf3d;414.57;0.01104787;UNKNOWN
2016-03-16T02:54:05.000000;2016-03-16T02:54:05.000000;20f63024-3fc7-4c3b-8231-c407d2a9bc8b;414.57;0.10710393;UNKNOWN
2016-03-16T02:54:05.000000;2016-03-16T02:54:05.000000;255a95a4-2a19-42be-9009-ec0c69d29a2b;414.57;0.07257612;UNKNOWN
2016-03-16T02:54:05.000000;2016-03-16T02:54:05.000000;60c1692a-1ee6-4874-b471-d37cb971edf8;414.57;0.01397007;UNKNOWN
2016-03-16T02:54:06.000000;2016-03-16T02:54:06.000000;4ef779e8-3c84-4ed8-9ac7-4c39fade37b0;414.56;0.01829649;UNKNOWN
2016-03-16T02:54:06.000000;2016-03-16T02:54:06.000000;070a601a-abfe-4cc1-83db-bb4a9c0eb423;414.56;0.14027313;UNKNOWN
2016-03-16T02:54:07.000000;2016-03-16T02:54:07.000000;acb35be7-6bc5-43b2-94d1-126ae0905a2f;414.56;0.17943794;UNKNOWN
2016-03-16T02:54:08.000000;2016-03-16T02:54:08.000000;5108734e-00d1-428f-9716-64a0c6d123d9;414.56;0.17944227;UNKNOWN
2016-03-16T02:54:10.000000;2016-03-16T02:54:10.000000;b9bb5b32-93d6-4c1a-9fa6-0ce1e0d23bfc;414.54;0.1794466;UNKNOWN
2016-03-16T02:54:14.000000;2016-03-16T02:54:14.000000;63947725-ea25-4492-b781-a415754de10a;414.53;0.05170257;UNKNOWN
2016-03-16T02:54:14.000000;2016-03-16T02:54:14.000000;1969add7-0dce-41fc-b606-71bd5f934881;414.53;0.1794466;UNKNOWN
2016-03-16T02:54:15.000000;2016-03-16T02:54:15.000000;2e6d299f-5476-4558-b4f5-8a63c1e4d558;414.52;0.1794466;UNKNOWN
2016-03-16T02:54:17.000000;2016-03-16T02:54:17.000000;2b2de787-e892-4127-99b8-a319dce0f953;414.52;0.01000385;UNKNOWN
2016-03-16T02:54:18.000000;2016-03-16T02:54:18.000000;ccccd435-6c61-4116-ae3a-2c89fdbe6a94;414.52;0.09663788;UNKNOWN
2016-03-16T02:54:18.000000;2016-03-16T02:54:18.000000;267b58bd-24ac-42f1-830f-ba82b5f01e2d;414.52;0.01260494;UNKNOWN
2016-03-16T02:54:19.000000;2016-03-16T02:54:19.000000;7321f6e3-75b3-4413-ae35-e15d1325902f;414.52;0.02284954;UNKNOWN
2016-03-16T02:54:19.000000;2016-03-16T02:54:19.000000;44edf51b-7a15-4799-8e67-146df3a838c0;414.52;0.17517987;UNKNOWN
2016-03-16T02:54:20.000000;2016-03-16T02:54:20.000000;50e972cd-4509-4aca-97e1-c3ed433321c3;414.53;0.04619555;UNKNOWN
2016-03-16T02:54:20.000000;2016-03-16T02:54:20.000000;01f62f8c-ce5f-4c15-bdc7-0a090b879711;414.52;0.00327732;UNKNOWN
2016-03-16T02:54:23.000000;2016-03-16T02:54:23.000000;f12684e5-6f4c-4a21-8d30-40448a8e1230;414.52;0.02025656;UNKNOWN
2016-03-16T02:54:25.000000;2016-03-16T02:54:25.000000;52c9e7b6-39ab-4e4c-ae80-86c5250f1d24;414.52;0.02399501;UNKNOWN
2016-03-16T02:54:25.000000;2016-03-16T02:54:25.000000;b6beefc5-426f-48d8-bc68-a9a0257cf191;414.52;0.18396176;UNKNOWN
2016-03-16T02:54:26.000000;2016-03-16T02:54:26.000000;96c6c742-5ba7-4038-b06e-0f1f027c0ad1;414.52;0.26940653;UNKNOWN
2016-03-16T02:54:27.000000;2016-03-16T02:54:27.000000;9cb6b445-6449-479e-a2a1-d3c2333f3b60;414.53;0.03275963;UNKNOWN
2016-03-16T02:54:27.000000;2016-03-16T02:54:27.000000;4a35b06e-5253-48d8-bde3-05d53604c3d7;414.52;0.00238014;UNKNOWN
2016-03-16T02:54:27.000000;2016-03-16T02:54:27.000000;6f91b66d-8557-41be-841c-65460be1690b;414.53;0.17945525;UNKNOWN
2016-03-16T02:54:28.000000;2016-03-16T02:54:28.000000;fed13e35-f89d-4bb5-85b8-a9cb7fc5eb81;414.52;0.01473281;UNKNOWN
2016-03-16T02:54:28.000000;2016-03-16T02:54:28.000000;9202c67e-e405-4976-9beb-82f32c109e29;414.52;0.11295161;UNKNOWN
2016-03-16T02:54:28.000000;2016-03-16T02:54:28.000000;f09e10ca-fdc8-449f-b1d9-6fbfea38a5dc;414.52;0.17945525;UNKNOWN
2016-03-16T02:54:30.000000;2016-03-16T02:54:30.000000;8a53ac27-8e01-463a-adc3-75ea1f0bfa1d;414.52;0.11012993;UNKNOWN
2016-03-16T02:54:30.000000;2016-03-16T02:54:30.000000;f8e1b7c7-f4dd-4c2d-b9ad-95967ec46196;414.52;0.01436477;UNKNOWN
2016-03-16T02:54:30.000000;2016-03-16T02:54:30.000000;362f02f1-f156-4858-8cb6-7f6f29218aae;414.52;0.06276788;UNKNOWN
2016-03-16T02:54:31.000000;2016-03-16T02:54:31.000000;9c70d449-06a7-4894-9e79-439c071084a6;414.53;0.19479667;UNKNOWN
2016-03-16T02:54:31.000000;2016-03-16T02:54:31.000000;9e374272-7f67-4fc7-9d09-06321d5f1ce3;414.52;0.00559775;UNKNOWN
2016-03-16T02:54:32.000000;2016-03-16T02:54:32.000000;3d132215-528a-4924-ba41-3723788c995a;414.53;0.02613838;UNKNOWN
2016-03-16T02:54:37.000000;2016-03-16T02:54:37.000000;07a20269-227e-4390-b39b-3f2687c4c760;414.54;5.7885534;UNKNOWN
2016-03-16T02:54:37.000000;2016-03-16T02:54:37.000000;a5eb97fd-9d69-43d3-bb32-f58571b21a54;414.53;2.28950535;UNKNOWN
2016-03-16T02:55:08.000000;2016-03-16T02:55:08.000000;4e66ddfd-e11e-41e2-9a59-3829cd1ea4e0;414.59;0.02;UNKNOWN
2016-03-16T02:55:19.000000;2016-03-16T02:55:19.000000;86a61fef-c76a-4418-8dc9-50faf20a0aad;414.59;0.02;UNKNOWN
2016-03-16T02:55:47.000000;2016-03-16T02:55:47.000000;1dbc984a-9165-47c0-81b2-85ef1fa61e64;414.59;0.02;UNKNOWN
2016-03-16T02:56:03.000000;2016-03-16T02:56:03.000000;6d4a25e1-10e2-404f-9677-c6c9b78e1e89;414.59;0.02474796;UNKNOWN
2016-03-16T02:57:05.000000;2016-03-16T02:57:05.000000;683caf04-99e7-43f8-b430-1a17453b6c9f;415.06;0.5;UNKNOWN
2016-03-16T02:57:05.000000;2016-03-16T02:57:05.000000;1bc97ee9-12a2-496f-ad10-4973227b5bb6;415.07;0.00216613;UNKNOWN
2016-03-16T02:59:14.000000;2016-03-16T02:59:14.000000;6f35ce89-15a3-40b7-ad8d-0d0a2894320e;414.59;1.382436;UNKNOWN
2016-03-16T02:59:17.000000;2016-03-16T02:59:17.000000;cf809cff-a9bf-4130-b7e2-07ff70441ffc;414.59;0.02;UNKNOWN
2016-03-16T02:59:39.000000;2016-03-16T02:59:39.000000;71bea74e-9804-471b-a7b2-11d328911594;414.59;0.00161582;UNKNOWN
2016-03-16T02:59:39.000000;2016-03-16T02:59:39.000000;5e2b721a-7643-4123-9d71-2b497e162c1b;414.58;0.01838418;UNKNOWN
2016-03-16T03:00:08.000000;2016-03-16T03:00:08.000000;835a85f3-9741-4cfb-8cce-6a370aba2235;414.58;0.1;UNKNOWN
2016-03-16T03:00:32.000000;2016-03-16T03:00:32.000000;8337d2c4-c723-4ef5-9b2f-bddfd3b8663a;414.58;0.675799;UNKNOWN
2016-03-16T03:00:48.000000;2016-03-16T03:00:48.000000;759451a1-9c77-40a6-a391-3cdc3750b224;414.94;0.29186832;UNKNOWN
2016-03-16T03:00:49.000000;2016-03-16T03:00:49.000000;28dc2227-d1a8-4b2c-b2ab-23318d0e1966;414.94;0.03806978;UNKNOWN
2016-03-16T03:00:50.000000;2016-03-16T03:00:50.000000;3abbaf72-b3be-4ad4-a70c-b33d60aac6c3;414.94;0.1700619;UNKNOWN
2016-03-16T03:00:51.000000;2016-03-16T03:00:51.000000;7d421121-eb92-4688-bce3-e20a0a046fad;414.95;0.02615419;UNKNOWN
2016-03-16T03:00:51.000000;2016-03-16T03:00:51.000000;a5baf71d-9f6a-4eeb-9d7c-831b035bcdd7;414.95;0.20051549;UNKNOWN
2016-03-16T03:00:52.000000;2016-03-16T03:00:52.000000;42371bb3-7011-4a5b-b6a8-16759fed56e4;414.95;0.04368755;UNKNOWN
2016-03-16T03:00:54.000000;2016-03-16T03:00:54.000000;de521d99-504c-49b3-9dfe-c8da5555485e;414.95;0.02355873;UNKNOWN
2016-03-16T03:00:54.000000;2016-03-16T03:00:54.000000;ba75d6b2-9af9-4055-b33a-6232658030e9;414.95;0.01055503;UNKNOWN
2016-03-16T03:00:58.000000;2016-03-16T03:00:58.000000;c9f58b21-6b69-4b65-81a5-faf5c7853d71;414.95;0.03218857;UNKNOWN
2016-03-16T03:01:10.000000;2016-03-16T03:01:10.000000;9c1f3bcb-79e8-49e2-9811-93826807021c;414.91;5.994;UNKNOWN
2016-03-16T03:01:10.000000;2016-03-16T03:01:10.000000;836bd409-dab6-4de0-8320-9d7c5a21bb82;414.9;3.0;UNKNOWN
2016-03-16T03:01:10.000000;2016-03-16T03:01:10.000000;620c9894-6fbd-4c32-81e6-5ae5b3eb3e19;414.94;1.006;UNKNOWN
2016-03-16T03:01:25.000000;2016-03-16T03:01:25.000000;5e7bb96a-5154-4f76-af29-536d63b669dd;414.67;0.02;UNKNOWN
2016-03-16T03:01:38.000000;2016-03-16T03:01:38.000000;ba73934c-cc29-465a-85ee-632984dff2a0;414.67;0.26317352;UNKNOWN
2016-03-16T03:01:49.000000;2016-03-16T03:01:49.000000;f71ae8ec-6f41-4175-9c31-406d6d72fdd1;414.67;0.02;UNKNOWN
2016-03-16T03:02:13.000000;2016-03-16T03:02:13.000000;58c61379-9a10-4cd3-ac6f-9baa2b6a816c;414.58;0.749031;UNKNOWN
2016-03-16T03:03:12.000000;2016-03-16T03:03:12.000000;2e69d5f2-0b0b-435f-8d70-ab4fc7c0a2cc;414.58;0.02;UNKNOWN
2016-03-16T03:03:33.000000;2016-03-16T03:03:33.000000;fb2c9452-be8c-466d-90c1-ed68e05cd26d;414.58;0.02;UNKNOWN
2016-03-16T03:03:42.000000;2016-03-16T03:03:42.000000;09c0b599-1a66-4d16-959c-e71a85ea6504;414.58;0.02;UNKNOWN
2016-03-16T03:03:48.000000;2016-03-16T03:03:48.000000;5f69446d-9b6a-4443-a37c-5a1f73d863b9;414.58;0.02;UNKNOWN
2016-03-16T03:03:50.000000;2016-03-16T03:03:50.000000;ef02ce39-7a2b-40db-aaa3-220bd8f98859;414.58;0.836495;UNKNOWN
2016-03-16T03:03:55.000000;2016-03-16T03:03:55.000000;e20f2a9c-d056-4132-ae5c-9f04af42e7da;414.58;0.813418;UNKNOWN
2016-03-16T03:04:11.000000;2016-03-16T03:04:11.000000;3edb0c99-709b-4068-9e29-dea6628b1071;414.58;0.09545628;UNKNOWN
2016-03-16T03:05:12.000000;2016-03-16T03:05:12.000000;2d8170c6-bdce-4bd8-b653-80ee43527b55;414.61;1.1;UNKNOWN
2016-03-16T03:05:21.000000;2016-03-16T03:05:21.000000;55a46dca-003b-4141-985f-43e1ea476f0a;414.6;0.995174;UNKNOWN
2016-03-16T03:05:24.000000;2016-03-16T03:05:24.000000;95e0893b-f0c7-43b5-b422-2ad405a68072;414.98;4.2;UNKNOWN
2016-03-16T03:05:24.000000;2016-03-16T03:05:24.000000;c2e8806f-9fa3-4778-8df2-59d43e582d1e;414.61;6.9;UNKNOWN
2016-03-16T03:05:30.000000;2016-03-16T03:05:30.000000;59f4f1a7-5e40-48ad-b4b1-841039248370;414.6;0.019265;UNKNOWN
2016-03-16T03:05:32.000000;2016-03-16T03:05:32.000000;150d319d-6b25-4a4e-8601-170a43571432;414.6;0.02;UNKNOWN
2016-03-16T03:06:40.000000;2016-03-16T03:06:40.000000;57aca337-a7af-458e-85e2-f3bf25846216;414.71;0.22975;UNKNOWN
2016-03-16T03:06:48.000000;2016-03-16T03:06:48.000000;6f7a784f-ab9f-4f60-8a2c-e1ac979043c1;414.67;0.02;UNKNOWN
2016-03-16T03:07:02.000000;2016-03-16T03:07:02.000000;501331cb-bcf3-4ea1-a130-c532c3b66993;414.67;0.02;UNKNOWN
2016-03-16T03:08:30.000000;2016-03-16T03:08:30.000000;4b0f6b41-d939-4a33-b89b-0e3c7f5ec44a;414.67;0.02;UNKNOWN
2016-03-16T03:09:05.000000;2016-03-16T03:09:05.000000;6f112cba-2d3a-4515-ab83-94fed8bd28d0;414.7;1.44;UNKNOWN
2016-03-16T03:09:16.000000;2016-03-16T03:09:16.000000;edb3a121-655a-402d-807e-1c26a71919bc;414.67;0.02;UNKNOWN
2016-03-16T03:10:58.000000;2016-03-16T03:10:58.000000;df76ded9-eb79-4808-9826-69ba7843d3e4;414.67;0.02;UNKNOWN
2016-03-16T03:11:09.000000;2016-03-16T03:11:09.000000;395bd26d-1c04-4d11-8f14-7d16c3d8e2b2;414.67;0.02;UNKNOWN
2016-03-16T03:11:16.000000;2016-03-16T03:11:16.000000;241ea9e3-2531-4c6c-811b-b052ff8ee65c;414.65;0.02;UNKNOWN
2016-03-16T03:11:52.000000;2016-03-16T03:11:52.000000;7dfb6a7c-569f-40f7-8358-4be886838304;414.59;0.02;UNKNOWN
2016-03-16T03:11:57.000000;2016-03-16T03:11:57.000000;54aa0c07-b0d9-435c-84f0-ea212ba1db8d;414.59;0.02;UNKNOWN
2016-03-16T03:12:05.000000;2016-03-16T03:12:05.000000;428c963c-5675-452e-a538-408510394707;414.69;0.5003;UNKNOWN
2016-03-16T03:12:07.000000;2016-03-16T03:12:07.000000;4b8f0a3d-659f-4959-8f4d-349b6c34bf22;414.59;0.02;UNKNOWN
2016-03-16T03:12:12.000000;2016-03-16T03:12:12.000000;9b8736e3-a08c-4e97-8d8e-fa80f98edfa3;414.69;0.17938601;UNKNOWN
2016-03-16T03:12:19.000000;2016-03-16T03:12:19.000000;526d998a-5b22-4d29-bc33-f4abe187f30e;414.6;0.02;UNKNOWN
2016-03-16T03:12:19.000000;2016-03-16T03:12:19.000000;cb307295-a12f-415d-9b53-b44fbb197dda;414.69;0.04444491;UNKNOWN
2016-03-16T03:12:20.000000;2016-03-16T03:12:20.000000;f19056ac-0cad-4ffa-bddf-f1833c09deed;414.69;0.16119886;UNKNOWN
2016-03-16T03:12:20.000000;2016-03-16T03:12:20.000000;9bdacdc9-4315-4ab8-81cd-73961b0a0d91;414.69;0.02102593;UNKNOWN
2016-03-16T03:12:21.000000;2016-03-16T03:12:21.000000;192c201c-8429-409f-8ee7-5b6a9fcf2de5;414.69;0.0443452;UNKNOWN
2016-03-16T03:12:24.000000;2016-03-16T03:12:24.000000;7d7968fa-68a9-4c7f-88cf-35c6993af33e;414.69;0.16119886;UNKNOWN
2016-03-16T03:12:25.000000;2016-03-16T03:12:25.000000;db9e4786-f3b2-4845-9a79-0888de6cef22;414.69;0.17938601;UNKNOWN
2016-03-16T03:12:26.000000;2016-03-16T03:12:26.000000;61c485c2-84d8-49bf-b756-cad89c4f6ab5;414.69;0.1773411;UNKNOWN
2016-03-16T03:12:26.000000;2016-03-16T03:12:26.000000;8926ad06-8153-4a3c-8734-ee745674dfec;414.69;0.02313144;UNKNOWN
2016-03-16T03:12:29.000000;2016-03-16T03:12:29.000000;5dc1175f-a788-4d30-b54d-557cb37c00d2;414.66;0.1773411;UNKNOWN
2016-03-16T03:12:29.000000;2016-03-16T03:12:29.000000;36cd7a17-7422-45bb-9edb-83cf355c542f;414.66;0.02313144;UNKNOWN
2016-03-16T03:12:29.000000;2016-03-16T03:12:29.000000;8731197d-1787-4d65-9fe9-fec1b5ef7069;414.66;0.02315403;UNKNOWN
2016-03-16T03:12:32.000000;2016-03-16T03:12:32.000000;8e4440d0-8fc8-471c-8343-d66a782e6dbf;414.7;0.02326111;UNKNOWN
2016-03-16T03:12:33.000000;2016-03-16T03:12:33.000000;e9208f55-555b-46b2-ac1c-11ee12fef381;414.66;0.15834502;UNKNOWN
2016-03-16T03:12:33.000000;2016-03-16T03:12:33.000000;ae770799-46a9-4d2e-8fbc-233bb9c1a921;414.6;0.02;UNKNOWN
2016-03-16T03:12:33.000000;2016-03-16T03:12:33.000000;8b0c588e-4c51-48db-9252-17c7003f1e3e;414.66;0.02065369;UNKNOWN
2016-03-16T03:12:35.000000;2016-03-16T03:12:35.000000;fc98214e-8895-4a13-b5de-4f092f679525;414.66;0.11774608;UNKNOWN
2016-03-16T03:12:35.000000;2016-03-16T03:12:35.000000;900551cd-6d9e-466c-957e-46b71838c1c7;414.66;0.02328664;UNKNOWN
2016-03-16T03:12:35.000000;2016-03-16T03:12:35.000000;5124c4ce-6b86-4fbd-9b85-08efc2bdd24d;414.66;0.02329186;UNKNOWN
2016-03-16T03:12:36.000000;2016-03-16T03:12:36.000000;4346c028-f9aa-4d23-b8d3-1a71e46554ba;414.66;0.01535635;UNKNOWN
2016-03-16T03:12:37.000000;2016-03-16T03:12:37.000000;a79f58c3-e888-4c13-b7e2-dcc74ac80db5;414.66;0.04317598;UNKNOWN
2016-03-16T03:12:37.000000;2016-03-16T03:12:37.000000;a21cef30-f17e-4fc2-a1ec-0e84676bb375;414.66;0.08211119;UNKNOWN
2016-03-16T03:12:38.000000;2016-03-16T03:12:38.000000;14813d72-6f09-46ee-b4ac-9b04824b3055;414.66;0.01293519;UNKNOWN
2016-03-16T03:12:38.000000;2016-03-16T03:12:38.000000;3d4b17be-3f31-40b9-8a66-118026920de2;414.66;0.09916984;UNKNOWN
2016-03-16T03:12:39.000000;2016-03-16T03:12:39.000000;44cfc0a8-a897-47b2-b64b-513de56fc99a;414.66;0.17927281;UNKNOWN
2016-03-16T03:12:40.000000;2016-03-16T03:12:40.000000;5a9fa5d6-cb7c-4be3-9288-181bbd867b48;414.66;0.01844835;UNKNOWN
2016-03-16T03:12:40.000000;2016-03-16T03:12:40.000000;fac08c44-3dd8-46d1-8bae-854caaaff5b7;414.6;0.02;UNKNOWN
2016-03-16T03:12:41.000000;2016-03-16T03:12:41.000000;a891a97e-8cda-4a15-b4f5-edb3d947a2c4;414.66;0.0842423;UNKNOWN
2016-03-16T03:12:41.000000;2016-03-16T03:12:41.000000;8abb8495-9b7f-481e-9094-e3e9e0f718a0;414.66;0.17939899;UNKNOWN
2016-03-16T03:12:42.000000;2016-03-16T03:12:42.000000;92715faf-1e79-4bf9-bb6d-fea49dae56a4;414.66;0.01098812;UNKNOWN
2016-03-16T03:12:42.000000;2016-03-16T03:12:42.000000;abfe75c7-960f-414b-8aee-5d024d4c9539;414.66;0.06005571;UNKNOWN
2016-03-16T03:12:45.000000;2016-03-16T03:12:45.000000;5c110d18-a92e-48a2-b062-e58b38b7cbc4;414.66;0.01099912;UNKNOWN
2016-03-16T03:12:49.000000;2016-03-16T03:12:49.000000;eaf365d6-72e6-4640-991e-0da49efe56ce;414.6;0.00901188;UNKNOWN
2016-03-16T03:12:49.000000;2016-03-16T03:12:49.000000;f460791b-3fe4-403b-ae32-15cc57738c57;414.61;0.01098812;UNKNOWN
2016-03-16T03:13:02.000000;2016-03-16T03:13:02.000000;d3c4f24b-9c39-42a7-9ad1-ee42a12e7f06;414.61;0.02;UNKNOWN
2016-03-16T03:13:25.000000;2016-03-16T03:13:25.000000;9eb12d06-8f53-4410-9f5a-9b0fb988cd94;414.61;0.02;UNKNOWN
2016-03-16T03:13:30.000000;2016-03-16T03:13:30.000000;97fb84d9-9d9d-4168-9778-5456e028ec43;414.66;0.02;UNKNOWN
2016-03-16T03:14:06.000000;2016-03-16T03:14:06.000000;d8353c73-1c1a-453a-93fb-910da03576ec;414.66;1.0036943;UNKNOWN
2016-03-16T03:14:30.000000;2016-03-16T03:14:30.000000;cba72eb8-0d41-41bb-93c2-d97d5a30e1df;414.61;0.02;UNKNOWN
2016-03-16T03:14:41.000000;2016-03-16T03:14:41.000000;70cf75cf-4e0c-4fbc-9453-dc81bea8dcec;414.66;1.8509;UNKNOWN
2016-03-16T03:15:15.000000;2016-03-16T03:15:15.000000;f0823a21-c982-44db-af9a-ac40225310b9;414.58;0.04265204;UNKNOWN
2016-03-16T03:15:15.000000;2016-03-16T03:15:15.000000;dff3f1ca-9d62-49e8-9448-8488d1925231;414.61;0.03916984;UNKNOWN
2016-03-16T03:15:15.000000;2016-03-16T03:15:15.000000;1990c420-6005-4eff-9562-af87b978e04d;414.6;0.03617812;UNKNOWN
2016-03-16T03:15:16.000000;2016-03-16T03:15:16.000000;c448b540-37f6-4f20-beea-bd17f6149485;414.58;0.83586081;UNKNOWN
2016-03-16T03:15:21.000000;2016-03-16T03:15:21.000000;d44605f8-acd3-4041-8ded-e0dafa915e72;414.66;0.413;UNKNOWN
2016-03-16T03:15:29.000000;2016-03-16T03:15:29.000000;ec94aa65-6f22-47d8-ad2a-eb556e5dab45;414.58;0.02;UNKNOWN
2016-03-16T03:15:56.000000;2016-03-16T03:15:56.000000;0d670695-71d6-4071-9125-25b82ffde44c;414.58;0.02;UNKNOWN
2016-03-16T03:18:05.000000;2016-03-16T03:18:05.000000;e2aa0f31-7806-4208-9fd7-7749c74f6697;414.62;0.11928041;UNKNOWN
2016-03-16T03:19:32.000000;2016-03-16T03:19:32.000000;c3d467b7-6ae3-4ff7-8f32-14d8878859a3;414.58;0.02;UNKNOWN
2016-03-16T03:20:47.000000;2016-03-16T03:20:47.000000;2a91e8e3-ad3b-457a-8665-c64cd4424e80;414.58;0.02;UNKNOWN
2016-03-16T03:20:59.000000;2016-03-16T03:20:59.000000;682b2df1-243d-4858-ab7e-98272ceb482a;414.59;0.02;UNKNOWN
2016-03-16T03:21:03.000000;2016-03-16T03:21:03.000000;2980a132-fb4d-4bf7-ba4f-1e94e4299690;414.6;0.05140472;UNKNOWN
2016-03-16T03:21:25.000000;2016-03-16T03:21:25.000000;f34f2ebf-e83b-4ba8-944d-c0a7a6492d29;414.58;0.02;UNKNOWN
2016-03-16T03:21:39.000000;2016-03-16T03:21:39.000000;d0639417-96e6-47fa-8a99-d2fd49e5718b;414.58;0.45498296;UNKNOWN
2016-03-16T03:21:39.000000;2016-03-16T03:21:39.000000;69393a18-f709-4ff3-9a83-cfca7e209f8c;414.59;0.0279159;UNKNOWN
2016-03-16T03:22:04.000000;2016-03-16T03:22:04.000000;8edbfcda-f44b-4884-8c75-c67fd57b7e76;414.6;0.2;UNKNOWN
2016-03-16T03:22:06.000000;2016-03-16T03:22:06.000000;c150f911-c659-43ba-9c2c-0c67bfc25a22;414.61;0.60140472;UNKNOWN
2016-03-16T03:22:06.000000;2016-03-16T03:22:06.000000;3c579fff-0b6c-448c-bc5d-c4ac259ec4be;414.6;0.69859528;UNKNOWN
2016-03-16T03:22:11.000000;2016-03-16T03:22:11.000000;c940b118-1c31-4daf-83e9-0ba022253aba;414.58;0.045209;UNKNOWN
2016-03-16T03:22:22.000000;2016-03-16T03:22:22.000000;32509684-8f29-47ab-975b-17a59986f965;414.58;0.02;UNKNOWN
2016-03-16T03:22:41.000000;2016-03-16T03:22:41.000000;a768ec8e-2b22-4a00-9814-641b7a54df1b;414.58;0.02;UNKNOWN
2016-03-16T03:22:48.000000;2016-03-16T03:22:48.000000;8bf5fa12-13bd-4714-80c0-79671d55ca79;414.58;0.02;UNKNOWN
2016-03-16T03:22:59.000000;2016-03-16T03:22:59.000000;ec26ca7e-be59-41b9-acab-454448733f2b;414.58;0.19522357;UNKNOWN
2016-03-16T03:23:38.000000;2016-03-16T03:23:38.000000;c0bb1c3a-b252-4c4d-923d-f655637e1d13;414.58;0.02;UNKNOWN
2016-03-16T03:25:06.000000;2016-03-16T03:25:06.000000;c1b44854-1531-4d42-83a1-3bcfc0cdd180;414.61;0.49173598;UNKNOWN
2016-03-16T03:25:11.000000;2016-03-16T03:25:11.000000;60b20f31-24cc-4078-94c9-d330eca8afbd;414.61;0.49561428;UNKNOWN
2016-03-16T03:25:14.000000;2016-03-16T03:25:14.000000;7024d546-1f08-4d56-9f53-b2d3e6bbe770;414.61;0.01233525;UNKNOWN
2016-03-16T03:25:18.000000;2016-03-16T03:25:18.000000;1d6b818b-ddbb-4e0a-97b2-b8d732d37d72;414.61;0.01;UNKNOWN
2016-03-16T03:25:21.000000;2016-03-16T03:25:21.000000;4fb2e43a-1129-4521-a8af-fce132106624;414.61;0.38450052;UNKNOWN
2016-03-16T03:25:26.000000;2016-03-16T03:25:26.000000;07639744-4d77-413f-bde3-325cc23a3102;414.61;0.08277351;UNKNOWN
2016-03-16T03:26:00.000000;2016-03-16T03:26:00.000000;a88c0360-ab37-4062-bc63-6cbfe4cb5c3a;414.59;0.02;UNKNOWN
2016-03-16T03:26:18.000000;2016-03-16T03:26:18.000000;4265206f-9f2a-4c58-a305-ab1a55629d69;414.59;0.02;UNKNOWN
2016-03-16T03:26:24.000000;2016-03-16T03:26:24.000000;a9b087d5-b760-4345-80c3-59810371d1f3;414.59;0.02;UNKNOWN
2016-03-16T03:26:30.000000;2016-03-16T03:26:30.000000;26a455e7-661e-41ff-b1bf-14a088a3b2a5;414.59;0.02;UNKNOWN
2016-03-16T03:26:45.000000;2016-03-16T03:26:45.000000;434b1aab-a17b-4309-b4f0-0ecb6a512c82;414.59;0.02;UNKNOWN
2016-03-16T03:26:50.000000;2016-03-16T03:26:50.000000;c742f3c8-a353-4556-b887-1bd82ce642e0;414.59;0.02;UNKNOWN
2016-03-16T03:27:06.000000;2016-03-16T03:27:06.000000;333e7a06-1ef2-4c34-8cd6-94be6a7afe98;414.61;0.192;UNKNOWN
2016-03-16T03:27:09.000000;2016-03-16T03:27:09.000000;948b91a1-ffdd-4a93-b7a2-59bc2e5d9854;414.59;0.02;UNKNOWN
2016-03-16T03:27:26.000000;2016-03-16T03:27:26.000000;dd7cf880-6311-4733-9e10-da10bd1649d7;414.59;0.02;UNKNOWN
2016-03-16T03:27:39.000000;2016-03-16T03:27:39.000000;72e068e9-448d-431d-9691-f832a5c30267;414.59;0.02;UNKNOWN
2016-03-16T03:27:48.000000;2016-03-16T03:27:48.000000;e58813e8-b92e-4102-9e23-98e8934b222f;414.59;0.02;UNKNOWN
2016-03-16T03:27:59.000000;2016-03-16T03:27:59.000000;7d76a82b-b8a4-47ac-b78b-836fab01351e;414.59;0.02;UNKNOWN
2016-03-16T03:28:07.000000;2016-03-16T03:28:07.000000;ffc94910-bf50-4719-91d2-015f56590c39;414.59;0.02;UNKNOWN
2016-03-16T03:28:25.000000;2016-03-16T03:28:25.000000;c796c974-2ece-4e1c-955e-08669de0303a;414.59;0.02;UNKNOWN
2016-03-16T03:28:34.000000;2016-03-16T03:28:34.000000;fb96b1c2-2c83-49dd-a0c2-b8d480cb37db;414.59;0.02;UNKNOWN
2016-03-16T03:28:39.000000;2016-03-16T03:28:39.000000;f3c359be-32b9-40fc-a78c-704f84fecaf9;414.59;0.02;UNKNOWN
2016-03-16T03:29:05.000000;2016-03-16T03:29:05.000000;5dd72a4f-199f-4773-a943-801cf0dffbab;414.59;0.02;UNKNOWN
2016-03-16T03:29:17.000000;2016-03-16T03:29:17.000000;f401698b-5e6d-4f08-a18b-6170a0888f04;414.59;0.02;UNKNOWN
2016-03-16T03:29:35.000000;2016-03-16T03:29:35.000000;f16072f2-0e1d-4c4f-a308-65025d14d04d;414.59;0.2272;UNKNOWN
2016-03-16T03:31:00.000000;2016-03-16T03:31:00.000000;df742e7e-ec6d-4400-ba90-807502739e81;414.59;0.02;UNKNOWN
2016-03-16T03:32:06.000000;2016-03-16T03:32:06.000000;d571a958-fac9-4132-8e4d-e9c17d75066c;414.59;0.02;UNKNOWN
2016-03-16T03:32:14.000000;2016-03-16T03:32:14.000000;05733b19-3e5c-4027-a27d-bec1c00fad95;414.59;0.02;UNKNOWN
2016-03-16T03:32:28.000000;2016-03-16T03:32:28.000000;4ed6eb82-998f-4d2b-a2ea-0953dc93e845;414.59;0.02;UNKNOWN
2016-03-16T03:32:39.000000;2016-03-16T03:32:39.000000;371b742f-bb89-4656-a327-893cf4beddb8;414.59;0.02;UNKNOWN
2016-03-16T03:32:41.000000;2016-03-16T03:32:41.000000;5e360379-9c6b-4055-9003-9452b6dd1fce;414.61;6.40104046;UNKNOWN
2016-03-16T03:32:48.000000;2016-03-16T03:32:48.000000;677c1b96-ae04-4a1d-8f77-30f01948b3b9;414.61;0.02;UNKNOWN
2016-03-16T03:33:09.000000;2016-03-16T03:33:09.000000;b151e8c1-b733-4e87-a990-8397e8314357;414.61;0.02;UNKNOWN
2016-03-16T03:33:11.000000;2016-03-16T03:33:11.000000;758d761a-6340-4ff7-848f-7e0db1a748c0;414.61;0.02;UNKNOWN
2016-03-16T03:33:22.000000;2016-03-16T03:33:22.000000;58c6d202-cd4b-4606-b8ab-bb94ec294b69;414.61;0.02;UNKNOWN
2016-03-16T03:33:27.000000;2016-03-16T03:33:27.000000;f7b28f0c-18b2-4b2a-8b04-b72042f9d34d;414.62;26.86;UNKNOWN
2016-03-16T03:33:27.000000;2016-03-16T03:33:27.000000;5384aab8-8126-47f3-a10b-3079b7839165;414.62;8.14;UNKNOWN
2016-03-16T03:33:37.000000;2016-03-16T03:33:37.000000;1543bc63-7cf6-4ee8-a78d-fa6c138994b0;414.62;0.02;UNKNOWN
2016-03-16T03:34:03.000000;2016-03-16T03:34:03.000000;d977758a-d445-4c24-b417-605de531e8eb;414.82;0.02;UNKNOWN
2016-03-16T03:34:16.000000;2016-03-16T03:34:16.000000;6e2eb4f3-dc8f-46e0-8951-540655167e1f;414.84;0.02;UNKNOWN
2016-03-16T03:34:26.000000;2016-03-16T03:34:26.000000;156776d2-318f-4b4f-a832-f4557831de39;414.84;0.02;UNKNOWN
2016-03-16T03:34:27.000000;2016-03-16T03:34:27.000000;4a8619ed-6302-4f82-b306-8c62ad8e011c;414.85;0.49787121;UNKNOWN
2016-03-16T03:34:31.000000;2016-03-16T03:34:31.000000;efe9031b-dba1-46ae-b76f-a91e4416a448;414.85;0.01;UNKNOWN
2016-03-16T03:34:34.000000;2016-03-16T03:34:34.000000;8f4a7009-3da5-4a13-adc9-cfb5fbcb920e;414.85;0.14079315;UNKNOWN
2016-03-16T03:34:46.000000;2016-03-16T03:34:46.000000;73cd9949-b1d5-453d-8752-7f90c992e895;414.84;0.02;UNKNOWN
2016-03-16T03:34:53.000000;2016-03-16T03:34:53.000000;66a9283f-13d7-4777-9edb-cadef060bb30;414.84;0.02;UNKNOWN
2016-03-16T03:35:06.000000;2016-03-16T03:35:06.000000;f930bad6-406f-4ef7-9410-68c32cef3e85;414.84;0.02;UNKNOWN
2016-03-16T03:35:15.000000;2016-03-16T03:35:15.000000;9e61f934-72b7-403e-ad2a-856dea3e344d;414.84;0.13244;UNKNOWN
2016-03-16T03:35:20.000000;2016-03-16T03:35:20.000000;3c32c09e-c937-4225-83f6-6cf2ae146c24;414.85;0.02;UNKNOWN
2016-03-16T03:35:27.000000;2016-03-16T03:35:27.000000;727dd2d8-dc3e-4e6f-ac86-63cd1a08d22c;414.84;0.02;UNKNOWN
2016-03-16T03:35:41.000000;2016-03-16T03:35:41.000000;c715d88f-de6b-42eb-af68-5672745038e0;414.85;0.02;UNKNOWN
2016-03-16T03:35:49.000000;2016-03-16T03:35:49.000000;e628adb1-449e-42a2-b230-07255d3e9a22;414.84;0.22574082;UNKNOWN
2016-03-16T03:35:49.000000;2016-03-16T03:35:49.000000;39f1b4ab-78eb-4af7-a7e2-74b8455510df;414.84;0.17932116;UNKNOWN
2016-03-16T03:35:49.000000;2016-03-16T03:35:49.000000;3c2263fb-2a28-449a-bec7-882d0c8bcd5e;414.84;0.02944445;UNKNOWN
2016-03-16T03:35:51.000000;2016-03-16T03:35:51.000000;da5852e9-98b3-48c9-9aec-d599afe8d511;414.84;0.18224435;UNKNOWN
2016-03-16T03:35:52.000000;2016-03-16T03:35:52.000000;6bd86d63-ff98-4b29-8140-899917f256a9;414.84;0.17932116;UNKNOWN
2016-03-16T03:35:52.000000;2016-03-16T03:35:52.000000;bb2c48d4-ea30-4a04-bf7b-1bb34874f619;414.84;0.13590683;UNKNOWN
2016-03-16T03:35:52.000000;2016-03-16T03:35:52.000000;11934452-3d4c-4a74-bd27-2387de1a80af;414.84;0.023771;UNKNOWN
2016-03-16T03:35:54.000000;2016-03-16T03:35:54.000000;d6f9d22c-26e3-4cb9-8546-c7c3786a7e78;414.84;0.17930959;UNKNOWN
2016-03-16T03:35:55.000000;2016-03-16T03:35:55.000000;57c3bde1-d0c1-400c-9b63-020fb424cb23;414.84;0.02;UNKNOWN
2016-03-16T03:35:55.000000;2016-03-16T03:35:55.000000;259d13c8-f90d-4e4a-8f90-f276d3c40509;414.84;0.42227161;UNKNOWN
2016-03-16T03:36:13.000000;2016-03-16T03:36:13.000000;57bb83b6-f0bf-4b7d-b7d5-169f4bd2d8ef;414.84;0.02;UNKNOWN
2016-03-16T03:36:19.000000;2016-03-16T03:36:19.000000;68286bad-7111-422b-a8bd-7701ac99ff0e;414.59;3.74604138;UNKNOWN
2016-03-16T03:36:19.000000;2016-03-16T03:36:19.000000;7002eb9e-82ef-4b98-a34c-5b7cc416d14a;414.84;4.14372903;UNKNOWN
2016-03-16T03:36:19.000000;2016-03-16T03:36:19.000000;d391fce1-5c86-4f9b-8751-7a68b571b174;414.61;17.63795954;UNKNOWN
2016-03-16T03:36:30.000000;2016-03-16T03:36:30.000000;35331dc9-906c-4cbd-bbea-973cd10934e2;414.79;0.02;UNKNOWN
2016-03-16T03:36:30.000000;2016-03-16T03:36:30.000000;c32409f8-5122-4e86-91b8-21fa89cead31;414.66;0.011641;UNKNOWN
2016-03-16T03:36:30.000000;2016-03-16T03:36:30.000000;51c36069-4698-485e-9d13-a7636a80faa6;414.85;0.018359;UNKNOWN
2016-03-16T03:36:38.000000;2016-03-16T03:36:38.000000;eb406837-0eeb-4236-b4c6-de476c88cf76;414.59;0.04569;UNKNOWN
2016-03-16T03:36:39.000000;2016-03-16T03:36:39.000000;3b5e2dbd-fc37-450a-a373-366aef33fe25;414.59;0.02;UNKNOWN
2016-03-16T03:36:42.000000;2016-03-16T03:36:42.000000;97f23d2c-1016-4bdc-993a-c0e7416146a3;414.59;0.022778;UNKNOWN
2016-03-16T03:36:45.000000;2016-03-16T03:36:45.000000;d6fc061e-eef4-4ee9-8a2e-75f45db7982b;414.59;0.02;UNKNOWN
2016-03-16T03:37:08.000000;2016-03-16T03:37:08.000000;91b87b40-8be5-4f2c-95f5-debe54dc79a0;414.59;0.02;UNKNOWN
2016-03-16T03:37:15.000000;2016-03-16T03:37:15.000000;a9ad9f3d-7e8a-4329-aabd-2b07070e0757;414.83;0.0199;UNKNOWN
2016-03-16T03:37:23.000000;2016-03-16T03:37:23.000000;35e5b74a-e09d-421a-b927-6610aeddb066;414.59;0.02;UNKNOWN
2016-03-16T03:37:45.000000;2016-03-16T03:37:45.000000;052d2f9e-30b4-4dee-9a9d-73a6ba617845;414.61;0.02;UNKNOWN
2016-03-16T03:37:51.000000;2016-03-16T03:37:51.000000;359a700c-64f7-451e-85a7-cb537365b353;414.61;0.02;UNKNOWN
2016-03-16T03:37:58.000000;2016-03-16T03:37:58.000000;aa19cf8f-0c6e-45d1-8f15-db6787b19ab0;414.61;0.0174;UNKNOWN
2016-03-16T03:38:06.000000;2016-03-16T03:38:06.000000;00a2b12e-fbeb-4b87-b3c8-18d553d600f1;414.92;0.54997501;UNKNOWN
2016-03-16T03:38:07.000000;2016-03-16T03:38:07.000000;9a0a312b-002e-47d5-9bb7-be1c6556b67b;414.92;0.02390172;UNKNOWN
2016-03-16T03:38:20.000000;2016-03-16T03:38:20.000000;eb4f1236-c696-462b-9eb3-66fdb7e6a00b;414.61;0.024935;UNKNOWN
2016-03-16T03:38:42.000000;2016-03-16T03:38:42.000000;a47c1a6d-cf5f-4bd1-a479-050ac2300940;414.92;0.025;UNKNOWN
2016-03-16T03:39:37.000000;2016-03-16T03:39:37.000000;25cb2423-1bed-471e-b29a-2f349b6fd12b;414.7;0.02;UNKNOWN
2016-03-16T03:39:43.000000;2016-03-16T03:39:43.000000;8ae3c587-3ff3-4c63-bc1d-623e5136c492;414.71;0.034376;UNKNOWN
2016-03-16T03:39:43.000000;2016-03-16T03:39:43.000000;70ab6c96-4c5b-4715-a674-84b778badb3c;414.92;0.07369047;UNKNOWN
2016-03-16T03:39:44.000000;2016-03-16T03:39:44.000000;e171c149-af0f-4b54-8426-3990871b9a53;414.92;0.0519258;UNKNOWN
2016-03-16T03:39:47.000000;2016-03-16T03:39:47.000000;deef6b71-15fc-48d0-9a2f-051956bb6a2a;414.92;1.0991;UNKNOWN
2016-03-16T03:40:37.000000;2016-03-16T03:40:37.000000;f85d1e8c-c45e-49a1-8a94-eb28e76f2d24;414.72;0.02;UNKNOWN
2016-03-16T03:40:45.000000;2016-03-16T03:40:45.000000;9dc59386-8c90-41da-8ca4-c1e3018222de;414.7;0.005;UNKNOWN
2016-03-16T03:41:17.000000;2016-03-16T03:41:17.000000;e6354c21-8c0b-4197-81b1-c25eb989baa9;414.7;0.015;UNKNOWN
2016-03-16T03:41:34.000000;2016-03-16T03:41:34.000000;38809fb0-1daf-45c3-916f-eb32296c56b0;414.75;0.014503;UNKNOWN
2016-03-16T03:41:44.000000;2016-03-16T03:41:44.000000;a7f1973d-f87a-4c42-b4f5-0d62d5339d05;414.75;0.02;UNKNOWN
2016-03-16T03:42:13.000000;2016-03-16T03:42:13.000000;b6a25594-cee0-4bb7-b999-530d3bfd34c4;414.75;0.02;UNKNOWN
2016-03-16T03:43:00.000000;2016-03-16T03:43:00.000000;52b51e9e-43c9-4e78-97db-ee05bbf6ebb0;414.81;0.014283;UNKNOWN
2016-03-16T03:43:00.000000;2016-03-16T03:43:00.000000;2631f902-cb31-419e-b006-4e09e40164df;414.73;0.010717;UNKNOWN
2016-03-16T03:43:09.000000;2016-03-16T03:43:09.000000;77672a8f-4bb4-4472-b818-e48bf486eda7;414.68;0.013686;UNKNOWN
2016-03-16T03:43:15.000000;2016-03-16T03:43:15.000000;6647bb16-062b-45c8-8163-8284e45f24e6;414.7;0.011314;UNKNOWN
2016-03-16T03:43:15.000000;2016-03-16T03:43:15.000000;bd9b330d-6ba6-417e-82f0-37701536c9fe;414.67;0.012766;UNKNOWN
2016-03-16T03:43:30.000000;2016-03-16T03:43:30.000000;643d4205-36a1-492b-9621-ab1e97cb9c5a;414.65;0.01;UNKNOWN
2016-03-16T03:43:53.000000;2016-03-16T03:43:53.000000;4b53c0c1-e48a-4fac-a719-8498cb470037;414.65;0.02;UNKNOWN
2016-03-16T03:44:05.000000;2016-03-16T03:44:05.000000;039007e7-d2cd-42e9-be73-5b0752d5efee;414.81;0.26815047;UNKNOWN
2016-03-16T03:44:05.000000;2016-03-16T03:44:05.000000;b68707d4-e7fd-440c-9018-b6d8014cf54b;414.81;0.71756653;UNKNOWN
2016-03-16T03:44:16.000000;2016-03-16T03:44:16.000000;8706e646-2b18-4a6a-bd43-4edd6a4efc23;414.81;0.02;UNKNOWN
2016-03-16T03:44:38.000000;2016-03-16T03:44:38.000000;a56727e6-e558-42ba-96c5-44e82c6442cc;414.82;0.02;UNKNOWN
2016-03-16T03:44:57.000000;2016-03-16T03:44:57.000000;e4c9b75b-55a5-4ccd-ac91-e5cecb678d11;414.82;0.02;UNKNOWN
2016-03-16T03:45:26.000000;2016-03-16T03:45:26.000000;07e6c66f-d7d8-4064-a46c-2cf33e0cb135;414.83;0.02;UNKNOWN
2016-03-16T03:45:32.000000;2016-03-16T03:45:32.000000;e5941ac2-544e-4567-87a2-866c6c706e93;414.83;0.02;UNKNOWN
2016-03-16T03:45:42.000000;2016-03-16T03:45:42.000000;030d3ef7-8a05-43e9-9db8-a7465cb227dd;414.83;0.02;UNKNOWN
2016-03-16T03:45:53.000000;2016-03-16T03:45:53.000000;d68e3781-496a-44c3-a1f3-8e2dccb95dfb;414.83;0.02;UNKNOWN
2016-03-16T03:45:59.000000;2016-03-16T03:45:59.000000;35db8792-e8c2-4b69-bd0f-b18e7056238e;414.83;0.02;UNKNOWN
2016-03-16T03:46:19.000000;2016-03-16T03:46:19.000000;0d34623d-0da6-42b7-a054-10b7014a6bb1;414.83;0.02;UNKNOWN
2016-03-16T03:46:30.000000;2016-03-16T03:46:30.000000;d4073810-5e07-4916-8993-b1af7243ea16;414.83;0.02;UNKNOWN
2016-03-16T03:46:40.000000;2016-03-16T03:46:40.000000;cef263aa-2ec2-4b9f-bda9-fde8de7744e0;414.83;0.02;UNKNOWN
2016-03-16T03:47:02.000000;2016-03-16T03:47:02.000000;d6af992a-e766-4076-b013-c21e9e251561;414.83;0.02;UNKNOWN
2016-03-16T03:47:21.000000;2016-03-16T03:47:21.000000;8f77ded4-3f0a-46a4-a75b-5f9af10ba246;414.83;0.02;UNKNOWN
2016-03-16T03:47:29.000000;2016-03-16T03:47:29.000000;452c7d9f-18eb-420a-8086-b07f307ae5f1;414.83;0.02;UNKNOWN
2016-03-16T03:47:40.000000;2016-03-16T03:47:40.000000;b6e39819-e2fd-48c0-8bc3-65f373178780;414.83;0.02;UNKNOWN
2016-03-16T03:47:57.000000;2016-03-16T03:47:57.000000;384d3b9a-0c3f-4b52-a5be-d7d6ae456af6;414.83;0.02;UNKNOWN
2016-03-16T03:48:05.000000;2016-03-16T03:48:05.000000;84b228d4-1fc3-45cb-8eca-e17ce800d58b;414.83;0.01;UNKNOWN
2016-03-16T03:48:11.000000;2016-03-16T03:48:11.000000;f588e4c3-7617-4d6a-a2f7-c0cdaa5ed7d1;414.83;0.05974143;UNKNOWN
2016-03-16T03:48:21.000000;2016-03-16T03:48:21.000000;741e8299-3ec2-4fa3-8d7f-cb17a8fb0127;414.83;0.02;UNKNOWN
2016-03-16T03:48:23.000000;2016-03-16T03:48:23.000000;cf369c6c-0c41-48dd-9d23-3520a9dc799b;414.83;0.02;UNKNOWN
2016-03-16T03:49:05.000000;2016-03-16T03:49:05.000000;9e8dad82-fff3-43a8-a8c3-afbbbd3a0fe7;414.83;0.02;UNKNOWN
2016-03-16T03:49:11.000000;2016-03-16T03:49:11.000000;b588900d-17c0-415d-b89c-f05be99e3260;414.88;0.7509;UNKNOWN
2016-03-16T03:49:39.000000;2016-03-16T03:49:39.000000;76b45b98-3af3-4420-8cc0-c0aedf8eb69d;414.83;0.48281889;UNKNOWN
2016-03-16T03:50:59.000000;2016-03-16T03:50:59.000000;6ba759e2-b238-48fa-b51b-cc189da44f14;414.84;0.05326;UNKNOWN
2016-03-16T03:51:15.000000;2016-03-16T03:51:15.000000;9959a724-fb9c-43a1-a853-83f7e6b2808d;414.6;0.0205;UNKNOWN
2016-03-16T03:51:15.000000;2016-03-16T03:51:15.000000;d933d289-c5f3-4505-bbd0-6cadb9628dbc;414.59;0.10986608;UNKNOWN
2016-03-16T03:51:15.000000;2016-03-16T03:51:15.000000;ee82caaa-7b0a-4cd0-8a22-b8c6d6b6507e;414.83;0.12743968;UNKNOWN
2016-03-16T03:51:28.000000;2016-03-16T03:51:28.000000;2d32924a-5afe-4645-9355-3a01708cafd8;414.59;0.02;UNKNOWN
2016-03-16T03:51:36.000000;2016-03-16T03:51:36.000000;654ca45b-9a98-4fae-96d1-fbf461f9e709;414.59;0.02;UNKNOWN
2016-03-16T03:51:44.000000;2016-03-16T03:51:44.000000;8eabdb11-d329-4c50-a676-890521c3712d;414.81;0.1793298;UNKNOWN
2016-03-16T03:51:46.000000;2016-03-16T03:51:46.000000;4ba46d05-200a-487b-a339-99756af18a0c;414.79;0.05394165;UNKNOWN
2016-03-16T03:51:49.000000;2016-03-16T03:51:49.000000;4fb16dc5-5231-4754-811e-aeeb25c4ac69;414.79;0.04939833;UNKNOWN
2016-03-16T03:51:51.000000;2016-03-16T03:51:51.000000;d5cbbaa5-3984-4c2e-ba1e-4e8afa841337;414.59;0.02;UNKNOWN
2016-03-16T03:51:54.000000;2016-03-16T03:51:54.000000;baff8a0f-7802-41f4-9b7e-6dd067526540;414.85;0.12987145;UNKNOWN
2016-03-16T03:51:54.000000;2016-03-16T03:51:54.000000;2f7c261f-f22e-4e75-9543-d86bbbbd4c87;414.85;0.03010679;UNKNOWN
2016-03-16T03:51:56.000000;2016-03-16T03:51:56.000000;d30a758d-33e7-4c37-8291-79d69013bdce;414.85;0.04952056;UNKNOWN
2016-03-16T03:51:57.000000;2016-03-16T03:51:57.000000;dd5873e5-10ad-4220-aee0-fd8bfbeaa5fb;414.85;0.07955807;UNKNOWN
2016-03-16T03:51:58.000000;2016-03-16T03:51:58.000000;88e12d8a-cc3e-4b73-9998-72b20a958629;414.85;0.07955807;UNKNOWN
2016-03-16T03:51:58.000000;2016-03-16T03:51:58.000000;8c007798-a8dd-4340-95bc-f6965c4882e7;414.85;0.0192153;UNKNOWN
2016-03-16T03:52:03.000000;2016-03-16T03:52:03.000000;3e9c12c0-0f09-4462-a2c5-31d9ccc81611;414.85;0.17931683;UNKNOWN
2016-03-16T03:52:07.000000;2016-03-16T03:52:07.000000;5cf1d501-bc4a-4e39-be19-423826cddf45;414.85;0.17931683;UNKNOWN
2016-03-16T03:52:09.000000;2016-03-16T03:52:09.000000;51f7d8c4-d851-4ded-b710-e531c1e9aa7b;414.85;0.17931683;UNKNOWN
2016-03-16T03:52:13.000000;2016-03-16T03:52:13.000000;3574280d-c955-4d46-92c3-5aa26630b190;414.75;0.05326;UNKNOWN
2016-03-16T03:52:13.000000;2016-03-16T03:52:13.000000;f4c19f70-6acb-4c73-8056-e4733f796515;414.75;0.02185579;UNKNOWN
2016-03-16T03:52:15.000000;2016-03-16T03:52:15.000000;1ab588c1-30c7-476e-be68-2e8161d27773;414.85;0.17931683;UNKNOWN
2016-03-16T03:52:17.000000;2016-03-16T03:52:17.000000;a2c8b009-265f-406d-ad83-aa5d1a7fd174;414.68;0.02;UNKNOWN
2016-03-16T03:52:18.000000;2016-03-16T03:52:18.000000;0aec824a-267c-4175-a3d1-7e20e8f47c85;414.75;0.17936007;UNKNOWN
2016-03-16T03:52:19.000000;2016-03-16T03:52:19.000000;824d95e1-674b-44c5-9191-d374a985f0fe;414.75;0.17931683;UNKNOWN
2016-03-16T03:52:24.000000;2016-03-16T03:52:24.000000;a96c9ab8-8d8b-4a62-8328-6cc6a591dfe6;414.64;0.02;UNKNOWN
2016-03-16T03:52:25.000000;2016-03-16T03:52:25.000000;cc80b871-b4b6-4a8d-8fdf-2dae31b83fc0;414.75;0.11025914;UNKNOWN
2016-03-16T03:52:28.000000;2016-03-16T03:52:28.000000;135f3e88-5dd2-4565-bfb5-4a739519df6a;414.75;0.11059099;UNKNOWN
2016-03-16T03:52:32.000000;2016-03-16T03:52:32.000000;cc011ff6-aff1-4631-9dee-4330c1eb4d36;414.75;0.1103735;UNKNOWN
2016-03-16T03:52:35.000000;2016-03-16T03:52:35.000000;ec6f49dd-ae76-46be-ba28-7a1948f3fcb6;414.75;0.17936006;UNKNOWN
2016-03-16T03:52:37.000000;2016-03-16T03:52:37.000000;46257e08-7720-4caa-a221-73bf3da4f9f3;414.75;0.1012817;UNKNOWN
2016-03-16T03:52:39.000000;2016-03-16T03:52:39.000000;0e572510-a9fc-42db-af2c-d37e3ca2fbd8;414.75;0.1012817;UNKNOWN
2016-03-16T03:52:40.000000;2016-03-16T03:52:40.000000;a4141f4b-645d-43ef-a467-361d3eb6ffac;414.75;0.10138308;UNKNOWN
2016-03-16T03:52:40.000000;2016-03-16T03:52:40.000000;95392ba8-ef9a-42b0-bf9a-b11a299739af;414.72;0.11958203;UNKNOWN
2016-03-16T03:52:40.000000;2016-03-16T03:52:40.000000;7930a3d2-6bc2-461f-a4f7-2cbdc2040992;414.72;0.1012817;UNKNOWN
2016-03-16T03:52:42.000000;2016-03-16T03:52:42.000000;d9202417-b4ac-437f-b439-f0148995164d;414.72;0.03263056;UNKNOWN
2016-03-16T03:53:23.000000;2016-03-16T03:53:23.000000;6e075836-ff13-4e98-85a8-647d8bddc4a6;414.58;0.02;UNKNOWN
2016-03-16T03:53:36.000000;2016-03-16T03:53:36.000000;df8698b8-bf97-4cee-ba84-f8633779ae6f;414.58;0.02;UNKNOWN
2016-03-16T03:53:49.000000;2016-03-16T03:53:49.000000;ee12e0e1-0026-49c7-93e1-176d90752133;414.61;0.11961376;UNKNOWN
2016-03-16T03:53:50.000000;2016-03-16T03:53:50.000000;4478a56b-0571-4ad8-b968-963dc4f95972;414.61;0.11961376;UNKNOWN
2016-03-16T03:53:54.000000;2016-03-16T03:53:54.000000;e897f1d9-2a8c-43d8-8afe-5f1f4141e4b6;414.59;0.52038624;UNKNOWN
2016-03-16T03:53:55.000000;2016-03-16T03:53:55.000000;4be4acd7-8eb0-4c70-b9b0-afc06d9e1aff;414.61;0.11961376;UNKNOWN
2016-03-16T03:53:55.000000;2016-03-16T03:53:55.000000;87a49a81-118d-4a54-a03f-0361d0e2173f;414.59;0.02;UNKNOWN
2016-03-16T03:53:57.000000;2016-03-16T03:53:57.000000;2d189431-eb14-4965-9205-9c812629f079;414.59;0.11961376;UNKNOWN
2016-03-16T03:54:01.000000;2016-03-16T03:54:01.000000;238bee6c-edfc-40f6-ae85-e91ef119e666;414.58;0.19114718;UNKNOWN
2016-03-16T03:54:01.000000;2016-03-16T03:54:01.000000;8802c661-3714-4dd5-a696-860411cce45f;414.59;0.11961953;UNKNOWN
2016-03-16T03:54:01.000000;2016-03-16T03:54:01.000000;76a7971e-7d52-4ea9-9002-15fdcc9b9487;414.59;0.07;UNKNOWN
2016-03-16T03:54:04.000000;2016-03-16T03:54:04.000000;b333c67a-3eb4-4481-981d-864fd8123b73;414.58;0.18961376;UNKNOWN
2016-03-16T03:54:04.000000;2016-03-16T03:54:04.000000;0b6d504e-7d3d-4d64-acd8-c8e70bdf25c5;414.59;0.11961953;UNKNOWN
2016-03-16T03:54:06.000000;2016-03-16T03:54:06.000000;e55ed023-3e33-478c-a8d3-091fb2101f7e;414.59;0.02;UNKNOWN
2016-03-16T03:54:10.000000;2016-03-16T03:54:10.000000;c224e7af-189e-4795-a1f5-47b500f43cad;414.61;0.01271;UNKNOWN
2016-03-16T03:54:10.000000;2016-03-16T03:54:10.000000;6b1d348b-f6b3-4537-981f-87a66346ac0a;414.61;0.02001905;UNKNOWN
2016-03-16T03:54:12.000000;2016-03-16T03:54:12.000000;07ea0216-50ba-4412-b7cc-01595138197c;414.61;0.17942063;UNKNOWN
2016-03-16T03:54:18.000000;2016-03-16T03:54:18.000000;63a4ade8-bdbc-4747-b623-2c058973588e;414.59;0.11961953;UNKNOWN
2016-03-16T03:54:18.000000;2016-03-16T03:54:18.000000;ff16d775-424c-42ee-b6a6-97524ab15948;414.61;0.96;UNKNOWN
2016-03-16T03:54:18.000000;2016-03-16T03:54:18.000000;d4986c90-d18e-4769-9dfe-b02707d5d2bf;414.58;0.01538047;UNKNOWN
2016-03-16T03:54:22.000000;2016-03-16T03:54:22.000000;26aa4eb2-4fc4-4f58-9b82-e42fe68b6b2b;414.59;0.02;UNKNOWN
2016-03-16T03:54:26.000000;2016-03-16T03:54:26.000000;02dcfa4b-6300-4864-8661-a902c55b59c8;414.62;0.17941631;UNKNOWN
2016-03-16T03:54:29.000000;2016-03-16T03:54:29.000000;115c7370-b209-4c13-8639-6d5971a8c83b;414.58;0.85722287;UNKNOWN
2016-03-16T03:54:29.000000;2016-03-16T03:54:29.000000;04086f47-bc56-41da-80d2-3d6427e6f72d;414.59;0.11961953;UNKNOWN
2016-03-16T03:54:33.000000;2016-03-16T03:54:33.000000;2b0c9cab-9f27-48fd-bca1-111e795b3f73;414.58;0.65038047;UNKNOWN
2016-03-16T03:54:33.000000;2016-03-16T03:54:33.000000;1d82aec8-8b46-4eab-9d35-a054f04c1629;414.59;0.11961953;UNKNOWN
2016-03-16T03:54:40.000000;2016-03-16T03:54:40.000000;f890c41d-7ea6-4dc3-a7a6-1b989f5a56be;414.62;0.10982748;UNKNOWN
2016-03-16T03:54:45.000000;2016-03-16T03:54:45.000000;d9a932a1-f945-488e-9b3e-1822589548f7;414.58;5.9736;UNKNOWN
2016-03-16T03:54:45.000000;2016-03-16T03:54:45.000000;564ec9a8-820f-467c-9d03-ab449994b8fa;414.59;0.11961953;UNKNOWN
2016-03-16T03:54:45.000000;2016-03-16T03:54:45.000000;3d14a835-ed1b-486a-ab76-753f01701a3e;414.58;34.85568466;UNKNOWN
2016-03-16T03:54:45.000000;2016-03-16T03:54:45.000000;db88dd3d-1129-4228-ba1d-4fe8e022d5a0;414.52;3.0;UNKNOWN
2016-03-16T03:54:45.000000;2016-03-16T03:54:45.000000;f0e85f16-d6f8-48a2-bf0f-c38cf8c3d3b3;414.5;0.025;UNKNOWN
2016-03-16T03:54:45.000000;2016-03-16T03:54:45.000000;49dff333-0990-4039-bdb0-f86830d2268a;414.37;4.99837311;UNKNOWN
2016-03-16T03:54:56.000000;2016-03-16T03:54:56.000000;53cbd957-7881-418c-9027-2c747bb7ca1c;414.48;0.02;UNKNOWN
2016-03-16T03:54:56.000000;2016-03-16T03:54:56.000000;a1a3ac02-8617-4d07-9354-a7b17b900444;414.5;0.045233;UNKNOWN
2016-03-16T03:55:23.000000;2016-03-16T03:55:23.000000;5008c537-d276-4a00-ae03-c1860c0b3c39;414.38;0.04828988;UNKNOWN
2016-03-16T03:55:35.000000;2016-03-16T03:55:35.000000;d7f58263-424f-425c-8eff-2f66471b81c8;414.45;1.33622698;UNKNOWN
2016-03-16T03:55:36.000000;2016-03-16T03:55:36.000000;359abb7e-4d6f-4023-87b7-9bc2ee160f28;414.45;0.10732162;UNKNOWN
2016-03-16T03:55:37.000000;2016-03-16T03:55:37.000000;bee33a18-6135-41a8-9f75-b31da077aaed;414.45;0.05398497;UNKNOWN
2016-03-16T03:55:37.000000;2016-03-16T03:55:37.000000;504f8cde-910b-4366-a642-0f39c4bc3741;414.45;1.14367527;UNKNOWN
2016-03-16T03:55:38.000000;2016-03-16T03:55:38.000000;3e6d496f-82d4-4c99-afa8-04579a4858f3;414.45;0.93062331;UNKNOWN
2016-03-16T03:55:43.000000;2016-03-16T03:55:43.000000;97366569-52dc-43fa-857f-a6d5e99975a9;414.45;0.46136393;UNKNOWN
2016-03-16T03:55:44.000000;2016-03-16T03:55:44.000000;6f2e3d32-4576-4de5-9796-57f14948b380;414.45;0.13738095;UNKNOWN
2016-03-16T03:55:55.000000;2016-03-16T03:55:55.000000;d1d2a4ef-2580-4a34-b87e-e5d3131aab8b;414.38;0.01;UNKNOWN
2016-03-16T03:56:05.000000;2016-03-16T03:56:05.000000;5d9bac62-03b6-41f4-a556-a2c3acedfb89;414.46;0.11134853;UNKNOWN
2016-03-16T03:56:21.000000;2016-03-16T03:56:21.000000;482d21a5-f92a-4c6e-9764-c3eead8f565d;414.44;0.11173168;UNKNOWN
2016-03-16T03:56:23.000000;2016-03-16T03:56:23.000000;4ad9b683-2414-42c5-b2da-9050a74b5cf0;414.43;0.04826293;UNKNOWN
2016-03-16T03:56:23.000000;2016-03-16T03:56:23.000000;50499432-86e4-415e-9786-635a84e5bb04;414.43;0.01;UNKNOWN
