time_exchange;time_coinpai;guid;price;base_amount;taker_side
2016-02-24T00:02:04.000000;2016-02-24T00:02:04.000000;12790875-06ea-4107-8623-83b3768f652b;421.5;0.15;UNKNOWN
2016-02-24T00:03:58.000000;2016-02-24T00:03:58.000000;08478504-fdd4-4372-8e38-80314b3acedb;421.5;0.85;UNKNOWN
2016-02-24T00:04:47.000000;2016-02-24T00:04:47.000000;558fea69-5d96-46c9-aa2c-c964b4375abc;421.6;0.625;UNKNOWN
2016-02-24T00:04:47.000000;2016-02-24T00:04:47.000000;9bde36a5-a1d8-4489-9950-94614a344272;421.59;0.075;UNKNOWN
2016-02-24T00:04:57.000000;2016-02-24T00:04:57.000000;0c94c240-b695-48ec-8087-34f6c12d3833;421.59;0.15;UNKNOWN
2016-02-24T00:05:06.000000;2016-02-24T00:05:06.000000;4f409542-468c-47c7-9eb4-5675067a10ab;421.13;5.8703;UNKNOWN
2016-02-24T00:05:06.000000;2016-02-24T00:05:06.000000;15b951b1-524e-4ec8-a56b-4f8b8837ad03;421.12;1.93;UNKNOWN
2016-02-24T00:05:06.000000;2016-02-24T00:05:06.000000;ee898f90-e85f-4376-823f-dcaaaaeaf1a8;421.14;11.44;UNKNOWN
2016-02-24T00:05:06.000000;2016-02-24T00:05:06.000000;dab004ec-f39f-4499-b1b4-feec250d7b8c;421.05;5.7597;UNKNOWN
2016-02-24T00:05:10.000000;2016-02-24T00:05:10.000000;8e71f465-0ec6-419a-b39f-eb2a3967fcbe;420.73;0.0351;UNKNOWN
2016-02-24T00:05:11.000000;2016-02-24T00:05:11.000000;a8a1eb5c-3629-44b4-82fd-263e53703b37;420.58;0.055;UNKNOWN
2016-02-24T00:06:25.000000;2016-02-24T00:06:25.000000;24da3534-11aa-4c0c-916e-75e2678b0cf3;421.2;0.01023073;UNKNOWN
2016-02-24T00:09:02.000000;2016-02-24T00:09:02.000000;06686cd4-c7df-4a7b-87d4-61c2c7e44937;420.79;0.03655341;UNKNOWN
2016-02-24T00:09:08.000000;2016-02-24T00:09:08.000000;a9b8351a-e09b-4f4d-9f0e-308f8960741e;420.79;0.02260419;UNKNOWN
2016-02-24T00:09:51.000000;2016-02-24T00:09:51.000000;2f202871-0b69-4a8e-aa07-7876663ca506;420.99;0.0547138;UNKNOWN
2016-02-24T00:10:07.000000;2016-02-24T00:10:07.000000;30301b38-83d4-48be-924c-675db4451dbd;420.96;0.61986643;UNKNOWN
2016-02-24T00:10:07.000000;2016-02-24T00:10:07.000000;4f78dfbd-ee17-4c69-8511-185d1c277891;420.99;0.1833862;UNKNOWN
2016-02-24T00:10:26.000000;2016-02-24T00:10:26.000000;ba73f2a2-ef7a-466e-8de4-20d796fea7e6;421.0;0.55;UNKNOWN
2016-02-24T00:10:26.000000;2016-02-24T00:10:26.000000;5ec4fc27-b886-43e6-bff2-e9be0ad82d07;420.97;1.0;UNKNOWN
2016-02-24T00:11:44.000000;2016-02-24T00:11:44.000000;2f259b54-5380-4630-bd99-189b2493e799;421.06;0.0547;UNKNOWN
2016-02-24T00:11:44.000000;2016-02-24T00:11:44.000000;af2b2937-61a6-47bd-9dbc-f8f608853dd2;421.22;0.2;UNKNOWN
2016-02-24T00:11:44.000000;2016-02-24T00:11:44.000000;49ae0bcf-c10a-4bf6-a12d-02c1680d5d94;421.01;0.035;UNKNOWN
2016-02-24T00:11:44.000000;2016-02-24T00:11:44.000000;1c6bb833-bbcd-49b0-837d-1f38a2349b22;421.0;5.8419;UNKNOWN
2016-02-24T00:12:35.000000;2016-02-24T00:12:35.000000;0c5c2351-eb71-4703-934f-c15f669eee45;421.5;0.67491999;UNKNOWN
2016-02-24T00:13:13.000000;2016-02-24T00:13:13.000000;93c31e18-4924-43b3-9e5c-7de1fd37525e;421.59;3.85;UNKNOWN
2016-02-24T00:13:13.000000;2016-02-24T00:13:13.000000;fbb39c09-f898-42f3-9906-d3216633ebdf;421.6;1.59804056;UNKNOWN
2016-02-24T00:13:21.000000;2016-02-24T00:13:21.000000;62b94844-6555-459f-8860-e060e6197682;421.64;0.04;UNKNOWN
2016-02-24T00:13:21.000000;2016-02-24T00:13:21.000000;17ac3675-ecf0-445b-ae8b-6dfe15361809;421.6;4.7072088;UNKNOWN
2016-02-24T00:13:28.000000;2016-02-24T00:13:28.000000;625f65c2-b1f6-45bd-a28c-046b1e8c8ded;421.74;0.04;UNKNOWN
2016-02-24T00:13:28.000000;2016-02-24T00:13:28.000000;c6584215-d501-429d-994f-91c7d6da7419;422.06;1.5044;UNKNOWN
2016-02-24T00:13:28.000000;2016-02-24T00:13:28.000000;d43d6761-baa1-4b9b-98d8-cf22099a8498;421.94;0.04;UNKNOWN
2016-02-24T00:13:28.000000;2016-02-24T00:13:28.000000;5b1634df-0102-4a6e-9dfa-f762e04aa9c9;422.06;1.0;UNKNOWN
2016-02-24T00:13:28.000000;2016-02-24T00:13:28.000000;026306d5-af2e-40cf-aba5-5298f46fadf1;421.79;0.0856;UNKNOWN
2016-02-24T00:13:28.000000;2016-02-24T00:13:28.000000;cf17c13f-96c3-4e4d-aed4-3bcd9e10ecdd;422.04;0.04;UNKNOWN
2016-02-24T00:13:28.000000;2016-02-24T00:13:28.000000;73e74011-1fa9-4c7d-a22e-7c36cf0adc56;422.0;0.25;UNKNOWN
2016-02-24T00:13:28.000000;2016-02-24T00:13:28.000000;cda1c783-a421-4a26-8001-c95f736be63a;421.84;0.04;UNKNOWN
2016-02-24T00:13:34.000000;2016-02-24T00:13:34.000000;ce3af07a-b104-4be5-ba34-b04bcedbf0f2;422.34;0.04;UNKNOWN
2016-02-24T00:13:34.000000;2016-02-24T00:13:34.000000;c8c3db68-10f0-4a6b-abf4-3093440dfa4f;422.24;0.04;UNKNOWN
2016-02-24T00:13:34.000000;2016-02-24T00:13:34.000000;c266e135-568d-4e9a-861d-9919c06b12bd;422.14;0.04;UNKNOWN
2016-02-24T00:13:34.000000;2016-02-24T00:13:34.000000;0989c067-c667-49e2-b7b1-a10f96da3309;422.4;0.88;UNKNOWN
2016-02-24T00:14:05.000000;2016-02-24T00:14:05.000000;60335922-7a2a-4801-83ca-fe0afa9684bb;421.7;2.7727;UNKNOWN
2016-02-24T00:14:05.000000;2016-02-24T00:14:05.000000;55f2f1fa-e25b-4992-ae91-cd9fc8c1ca21;421.86;5.9092;UNKNOWN
2016-02-24T00:14:05.000000;2016-02-24T00:14:05.000000;ef0e24a4-fba4-4f7b-886e-8c12e56ce14b;421.86;4.47;UNKNOWN
2016-02-24T00:14:05.000000;2016-02-24T00:14:05.000000;c0c52525-0cae-4e79-ad92-a9f93540271d;421.85;14.6881;UNKNOWN
2016-02-24T00:14:20.000000;2016-02-24T00:14:20.000000;8facec37-1571-4c4f-b624-a8773cedd061;422.11;1.26;UNKNOWN
2016-02-24T00:14:23.000000;2016-02-24T00:14:23.000000;c53fc573-7bdc-415b-8940-fd853b2b57f4;422.13;5.8371;UNKNOWN
2016-02-24T00:14:23.000000;2016-02-24T00:14:23.000000;3230b101-2a3d-4c78-bb2b-8176dc085ba1;422.11;14.1629;UNKNOWN
2016-02-24T00:14:25.000000;2016-02-24T00:14:25.000000;6b7bb016-c8d8-410b-919a-629a4a6d5e51;422.11;0.1;UNKNOWN
2016-02-24T00:14:25.000000;2016-02-24T00:14:25.000000;cd9befc9-332a-4d54-9e96-e23b0490081f;422.35;25.0;UNKNOWN
2016-02-24T00:14:33.000000;2016-02-24T00:14:33.000000;01f612a7-9d26-49a5-a337-17261379f3e7;422.32;0.06;UNKNOWN
2016-02-24T00:16:04.000000;2016-02-24T00:16:04.000000;fa88eace-8361-4973-ab16-7b2957320022;422.33;0.1;UNKNOWN
2016-02-24T00:16:09.000000;2016-02-24T00:16:09.000000;48a1b1b5-410d-4fa9-8c61-da1b079bbd18;422.33;4.5;UNKNOWN
2016-02-24T00:16:22.000000;2016-02-24T00:16:22.000000;531bb965-d2e4-4b39-b557-8658687bae37;422.34;0.05;UNKNOWN
2016-02-24T00:16:30.000000;2016-02-24T00:16:30.000000;8c6fa777-68f1-4c77-8187-6d1502d714f0;422.34;0.211;UNKNOWN
2016-02-24T00:16:43.000000;2016-02-24T00:16:43.000000;2ff02f9e-21b4-483d-9266-104bde297d8a;422.34;0.03;UNKNOWN
2016-02-24T00:16:44.000000;2016-02-24T00:16:44.000000;8b15f21b-f587-4656-b880-6a26ec3ed651;422.34;0.3069;UNKNOWN
2016-02-24T00:16:46.000000;2016-02-24T00:16:46.000000;793184a8-436c-483e-8ea2-b19f06f42867;422.32;0.44;UNKNOWN
2016-02-24T00:19:06.000000;2016-02-24T00:19:06.000000;ee9f0164-76d2-45b3-954e-d4c3852007a1;422.29;0.0313215;UNKNOWN
2016-02-24T00:19:46.000000;2016-02-24T00:19:46.000000;6279a7ab-fadd-4c97-8f92-2e191b93caf4;422.31;0.4;UNKNOWN
2016-02-24T00:19:46.000000;2016-02-24T00:19:46.000000;846a8670-f4b9-481d-9eca-e89edb93d9f4;422.32;9.56;UNKNOWN
2016-02-24T00:20:10.000000;2016-02-24T00:20:10.703000;cd3953c6-bcd2-4303-bcfa-5afda727ec83;422.4;1.12;BUY
2016-02-24T00:20:10.000000;2016-02-24T00:20:10.720000;014a35a2-76d3-4663-a51a-e5f53c571f39;422.41;0.02;BUY
2016-02-24T00:20:10.000000;2016-02-24T00:20:10.733000;86dd6ed6-0a74-434d-97f8-f9d5b5741f1d;422.44;0.04;BUY
2016-02-24T00:20:10.000000;2016-02-24T00:20:10.753000;725cba57-f672-4c59-8ea1-d815818aae9f;422.44;0.04;BUY
2016-02-24T00:20:10.000000;2016-02-24T00:20:10.753000;52658099-3709-47da-9d95-2fc335b799cf;422.51;3.58418115;BUY
2016-02-24T00:20:10.000000;2016-02-24T00:20:10.770000;cb1f2c99-be58-40d5-aabb-8e1f871726fa;422.54;0.04;BUY
2016-02-24T00:20:10.000000;2016-02-24T00:20:10.787000;dc912d8d-b997-4b95-b044-48bef28e10b5;422.54;0.04;BUY
2016-02-24T00:20:10.000000;2016-02-24T00:20:10.793000;c3cf48c6-943f-4d0a-8f78-e84da69984da;422.54;0.04;BUY
2016-02-24T00:20:10.000000;2016-02-24T00:20:10.810000;73375e49-d1b5-478e-97c1-142f7e892e79;422.59;1.0;BUY
2016-02-24T00:20:10.000000;2016-02-24T00:20:10.837000;a0d55fcc-0936-482a-9e4c-cff3ce3af1be;422.6;0.02;BUY
2016-02-24T00:20:10.000000;2016-02-24T00:20:10.843000;30afc7ba-cf15-4fae-a85e-b66d05a8d840;422.64;0.04;BUY
2016-02-24T00:20:10.000000;2016-02-24T00:20:10.873000;fc832103-5706-49c7-816e-d56376fb282a;422.71;14.01581885;BUY
2016-02-24T00:20:24.000000;2016-02-24T00:20:24.383000;9a254177-2427-4020-9ab8-bae54eb01ecf;422.54;0.0372;BUY
2016-02-24T00:20:24.000000;2016-02-24T00:20:24.410000;b73a4005-b549-4426-b281-64a5d13923c8;422.6;0.0576;BUY
2016-02-24T00:20:24.000000;2016-02-24T00:20:24.423000;7a36f2cf-a789-4c01-9761-0da8898a1f76;422.63;0.0895;BUY
2016-02-24T00:20:24.000000;2016-02-24T00:20:24.437000;c7742fd0-7f95-4675-9cbb-1fbd356fd09a;422.72;15.9;BUY
2016-02-24T00:20:24.000000;2016-02-24T00:20:24.440000;2a40143f-9d6a-4541-ad33-26f3864616f4;422.74;0.04;BUY
2016-02-24T00:20:24.000000;2016-02-24T00:20:24.457000;b19fd40f-0f37-4633-8d00-06d6a8c98c07;422.74;3.8757;BUY
2016-02-24T00:20:31.000000;2016-02-24T00:20:31.697000;3bc4a1c9-974b-4d7a-8384-0d50273d3e4b;422.74;1.0;BUY
2016-02-24T00:20:31.000000;2016-02-24T00:20:31.727000;d27cf4dc-7574-4b5b-8a36-f80fb65b8c65;422.74;2.0;BUY
2016-02-24T00:21:34.000000;2016-02-24T00:21:34.410000;740ba7df-aeec-441e-840d-1842b60d7990;422.74;14.46848115;BUY
2016-02-24T00:21:34.000000;2016-02-24T00:21:34.423000;a09b2a1d-edb0-4d2b-9ac5-b36b5518e8b8;422.77;22.91987726;BUY
2016-02-24T00:22:19.000000;2016-02-24T00:22:19.123000;ecc957fc-8431-4300-bcb2-41307d03c817;422.71;6.0;SELL
2016-02-24T00:22:19.000000;2016-02-24T00:22:19.143000;1dff90c2-cc84-4b57-85bd-e1f655555170;422.71;4.0;SELL
2016-02-24T00:22:54.000000;2016-02-24T00:22:54.697000;2a28e9fc-0fff-474c-8f82-54ec809c83e2;422.77;1.0;BUY
2016-02-24T00:23:09.000000;2016-02-24T00:23:09.063000;9a613a7d-54bb-43d4-ab91-2b955ba1d229;422.72;0.099834;SELL
2016-02-24T00:23:24.000000;2016-02-24T00:23:25.283000;deffd178-4c79-4ade-b08c-13199f97b4a1;422.77;1.0;BUY
2016-02-24T00:23:54.000000;2016-02-24T00:23:54.460000;8632b278-178e-4b40-b4aa-03cf2735723e;422.77;1.0;BUY
2016-02-24T00:24:24.000000;2016-02-24T00:24:24.190000;3cfa9eb3-895d-48d5-af44-d2794a95ea50;422.77;1.0;BUY
2016-02-24T00:24:54.000000;2016-02-24T00:24:54.237000;7a4a8254-051f-4655-ba95-2e44e46bc6fd;422.77;1.0;BUY
2016-02-24T00:25:24.000000;2016-02-24T00:25:24.163000;e9c4748c-f76d-4a28-8c05-6b7cfff3f682;422.77;1.0;BUY
2016-02-24T00:25:26.000000;2016-02-24T00:25:26.970000;684f3791-521c-4e70-8002-34afc89b81dc;422.77;20.0;BUY
2016-02-24T00:25:40.000000;2016-02-24T00:25:41.017000;ce6d97da-f256-4aa7-bbbd-f9b92647f612;422.77;1.0;BUY
2016-02-24T00:25:56.000000;2016-02-24T00:25:56.070000;b71fa73d-4b64-4687-8e6b-80c833292568;422.77;1.0;BUY
2016-02-24T00:26:06.000000;2016-02-24T00:26:06.793000;15801374-d7ed-4f2e-94af-ede68e5625fa;422.77;1.0;BUY
2016-02-24T00:26:24.000000;2016-02-24T00:26:24.233000;653b040a-b102-4a01-86fb-43c860fc37bc;422.77;1.0;BUY
2016-02-24T00:26:29.000000;2016-02-24T00:26:29.213000;1244eed8-b9e9-406f-9963-aefc2559ab8b;422.76;0.1;SELL
2016-02-24T00:26:29.000000;2016-02-24T00:26:29.633000;b7d804b4-e87d-4b87-ae57-8e5dc7ea0a85;422.76;0.2;SELL
2016-02-24T00:26:33.000000;2016-02-24T00:26:33.113000;be9652c7-fe78-487e-a0ec-749448fa0b9a;422.77;37.08012274;BUY
2016-02-24T00:26:33.000000;2016-02-24T00:26:33.133000;ddd4e0e9-583c-482f-b1ef-6036828228fd;422.8;0.02;BUY
2016-02-24T00:26:33.000000;2016-02-24T00:26:33.147000;dc223b57-6277-40e5-ad60-bf7a1b947f83;422.84;0.04;BUY
2016-02-24T00:26:33.000000;2016-02-24T00:26:33.170000;bf1ed4d5-4fd7-4f2c-b157-e131bbf1ced4;422.92;0.25;BUY
2016-02-24T00:26:33.000000;2016-02-24T00:26:33.170000;759f6252-3f87-42dd-910b-4c46d7480cfd;422.92;0.022;BUY
2016-02-24T00:26:33.000000;2016-02-24T00:26:33.187000;5909e913-e59c-4e4b-9d13-c8d8460782d3;422.94;0.04;BUY
2016-02-24T00:26:33.000000;2016-02-24T00:26:33.200000;a0df9e75-a021-4f59-a3b1-17a1ea5e444c;422.94;1.0;BUY
2016-02-24T00:26:33.000000;2016-02-24T00:26:33.230000;c921d1e8-add3-4117-856b-2571a90f528d;423.0;0.1;BUY
2016-02-24T00:26:33.000000;2016-02-24T00:26:33.483000;d3f5dbbc-034f-4d6a-9715-6a9f0e8708c6;423.04;0.04;BUY
2016-02-24T00:26:33.000000;2016-02-24T00:26:33.483000;2ae5e626-ffb4-4d33-9077-58b74661ec6b;423.14;0.04;BUY
2016-02-24T00:26:33.000000;2016-02-24T00:26:33.483000;5d8e8510-7761-441b-8d9b-781c8495dd8b;423.15;0.0432;BUY
2016-02-24T00:26:33.000000;2016-02-24T00:26:33.497000;119df4e1-add8-476a-8cac-eb8c100e3c55;423.2;0.02;BUY
2016-02-24T00:26:33.000000;2016-02-24T00:26:33.507000;e898b417-ca44-4f63-a365-97831e2641a7;423.25;0.04;BUY
2016-02-24T00:26:33.000000;2016-02-24T00:26:33.530000;077b9c1d-dea9-479b-8cbd-570b4d54850e;423.34;2.01037039;BUY
2016-02-24T00:26:33.000000;2016-02-24T00:26:33.543000;3088ff5f-e145-427c-8235-2cdaaf0d0656;423.35;0.04;BUY
2016-02-24T00:26:33.000000;2016-02-24T00:26:33.573000;61d8d1ae-2eb7-4300-a58c-81326328f3a5;423.36;0.0656;BUY
2016-02-24T00:26:33.000000;2016-02-24T00:26:33.573000;222c076d-67d0-4ae0-b414-e8ca056d4a8f;423.44;0.04;BUY
2016-02-24T00:26:33.000000;2016-02-24T00:26:33.600000;3808584f-dc4e-4ee6-902a-6aa1c1efafd7;423.49;0.01734;BUY
2016-02-24T00:26:33.000000;2016-02-24T00:26:33.603000;d84a18a4-fab6-493f-99ed-53ce8d82a94f;423.51;50.0;BUY
2016-02-24T00:26:33.000000;2016-02-24T00:26:33.627000;a772b9ad-892a-4267-8051-24b6acfa9fa7;423.52;0.0996;BUY
2016-02-24T00:26:33.000000;2016-02-24T00:26:33.633000;33ebd46a-4cba-40ff-8621-7873ffa94c05;423.55;0.04;BUY
2016-02-24T00:26:33.000000;2016-02-24T00:26:33.673000;cf2d8552-fd74-426f-aec1-a8e02d87e656;423.6;0.02;BUY
2016-02-24T00:26:33.000000;2016-02-24T00:26:33.680000;a253e649-8e93-447f-91cd-de536ef7216a;423.62;1.0;BUY
2016-02-24T00:26:33.000000;2016-02-24T00:26:33.687000;28516ec3-dbf7-4c5b-ae10-156faffa302f;423.64;0.04;BUY
2016-02-24T00:26:33.000000;2016-02-24T00:26:33.697000;e59f194d-0035-4fea-839f-9c3a14fa480d;423.72;0.1;BUY
2016-02-24T00:26:33.000000;2016-02-24T00:26:33.720000;cc2556d5-6f45-420f-b1e7-15f880b17e84;423.75;0.04;BUY
2016-02-24T00:26:33.000000;2016-02-24T00:26:33.720000;f24d4c09-d2f4-4504-9f25-1d7d3247037e;423.79;15.1445;BUY
2016-02-24T00:26:33.000000;2016-02-24T00:26:33.760000;6967fe84-4408-4d2c-96ce-384586e09347;423.8;5.37292519;BUY
2016-02-24T00:26:33.000000;2016-02-24T00:26:33.760000;3cd29d58-eaba-4b3e-97aa-e2cd8be05d61;423.8;0.02;BUY
2016-02-24T00:26:33.000000;2016-02-24T00:26:33.807000;7cc4d16c-65ea-4365-a5dd-8093901729be;423.85;0.04;BUY
2016-02-24T00:26:33.000000;2016-02-24T00:26:33.817000;3082e21e-d161-4495-b283-62d11d01981d;423.9;6.50020621;BUY
2016-02-24T00:26:33.000000;2016-02-24T00:26:33.820000;2ffa2906-80f2-4794-bacc-ad5173e262ca;423.92;0.022;BUY
2016-02-24T00:26:33.000000;2016-02-24T00:26:33.823000;8c4730f4-d7ca-49b5-98fe-3053c138301b;423.95;0.04;BUY
2016-02-24T00:26:33.000000;2016-02-24T00:26:33.853000;eda2c6cd-c4e6-4e01-9dae-5fdd5e67813b;423.95;15.2522;BUY
2016-02-24T00:26:33.000000;2016-02-24T00:26:33.877000;8c9fa6fb-1274-4296-9bf0-0405f34263b8;423.98;6.08739294;BUY
2016-02-24T00:26:34.000000;2016-02-24T00:26:35.707000;a7a272b5-3553-4ead-bd20-4236efd79801;423.98;0.35260706;BUY
2016-02-24T00:26:34.000000;2016-02-24T00:26:35.730000;ff807971-17fc-42a1-a28b-ff787d34744c;424.0;0.31351795;BUY
2016-02-24T00:26:34.000000;2016-02-24T00:26:35.750000;dc30084a-f0aa-41d5-bdb9-a62a877cf265;424.05;0.04;BUY
2016-02-24T00:26:34.000000;2016-02-24T00:26:35.750000;e8d596ab-92d3-4158-a225-f146f2303f15;424.13;2.29387499;BUY
2016-02-24T00:26:42.000000;2016-02-24T00:26:42.783000;2bfa6aef-ee64-4de1-8c95-d29b380a34bc;423.44;0.028;SELL
2016-02-24T00:26:47.000000;2016-02-24T00:26:47.607000;17e6093a-cdcf-4180-a067-108123fc753f;423.51;0.2;SELL
2016-02-24T00:26:48.000000;2016-02-24T00:26:48.097000;446e77a1-0b23-4406-a25f-559a12a4e423;423.52;0.0248;SELL
2016-02-24T00:26:49.000000;2016-02-24T00:26:49.987000;27c6ae9b-3118-4333-8c4a-71257e3b914f;423.52;0.2;SELL
2016-02-24T00:26:56.000000;2016-02-24T00:26:56.997000;80acef35-114b-4ca8-96b7-2ecad96fa51c;423.64;0.72665433;SELL
2016-02-24T00:27:12.000000;2016-02-24T00:27:13.073000;b14aae97-9c71-4dbe-b91f-e8937886c7ef;423.69;0.25;BUY
2016-02-24T00:27:22.000000;2016-02-24T00:27:23.030000;d991cf28-5f12-46a1-9bbd-9e0c4e8f30cc;423.64;0.2;SELL
2016-02-24T00:27:24.000000;2016-02-24T00:27:25.023000;b4330de2-2a8b-4766-822a-095e113ae4e6;423.69;0.1;BUY
2016-02-24T00:27:26.000000;2016-02-24T00:27:26.100000;0e211890-68f3-4810-8860-f051f72d8e6c;423.64;0.022;SELL
2016-02-24T00:27:32.000000;2016-02-24T00:27:32.387000;c09d3687-83a0-4d3c-8881-6c3496418de5;423.64;0.2;SELL
2016-02-24T00:27:37.000000;2016-02-24T00:27:37.577000;2bafc104-08e1-46ff-9af4-2387c6211fd1;423.69;0.65;BUY
2016-02-24T00:27:37.000000;2016-02-24T00:27:37.600000;6521052b-8bc5-497d-a838-87312e77c61a;424.15;0.04;BUY
2016-02-24T00:27:44.000000;2016-02-24T00:27:45.893000;e44516a2-f37a-4d4e-b9fd-96b081d21511;424.25;0.04;BUY
2016-02-24T00:27:44.000000;2016-02-24T00:27:45.950000;902cb70b-7f69-4e17-9336-846d7f5d00af;424.26;1.0;BUY
2016-02-24T00:27:44.000000;2016-02-24T00:27:46.000000;f712e592-360c-46ce-9c0c-5a878b99f3a3;424.29;0.01;BUY
2016-02-24T00:27:44.000000;2016-02-24T00:27:46.043000;9011de31-9ce0-4c50-8cce-7b544c520ae4;424.35;0.04;BUY
2016-02-24T00:27:44.000000;2016-02-24T00:27:46.090000;30a68b43-4d50-4e06-b07c-b7b26bd28c3d;424.35;0.83919266;BUY
2016-02-24T00:27:44.000000;2016-02-24T00:27:46.127000;bf05855f-0168-4ebc-8290-d9b2649b5b8a;424.45;0.04;BUY
2016-02-24T00:27:44.000000;2016-02-24T00:27:46.170000;a20b6228-926b-49a1-9f8b-f43886058cb0;424.54;0.0942;BUY
2016-02-24T00:27:44.000000;2016-02-24T00:27:46.193000;c6dadac2-bb1c-4941-8c32-86c2139f7df7;424.55;0.04;BUY
2016-02-24T00:27:44.000000;2016-02-24T00:27:46.207000;a42f0b54-fcd5-470e-9dbc-3affea4b9da5;424.65;0.04;BUY
2016-02-24T00:27:44.000000;2016-02-24T00:27:46.230000;fb184e1e-ba2f-40c8-9338-214ff3312e7a;424.66;0.04;BUY
2016-02-24T00:27:44.000000;2016-02-24T00:27:46.263000;226f2982-db93-4b53-adc5-71ce096e0031;424.69;0.84712696;BUY
2016-02-24T00:27:49.000000;2016-02-24T00:27:49.760000;6b6a583f-cf70-4604-9780-1a4a55c63bdb;424.68;1.0;BUY
2016-02-24T00:27:52.000000;2016-02-24T00:27:52.697000;04ed1494-67ef-4b84-af3e-95342f7d3d6f;424.74;0.42;BUY
2016-02-24T00:27:52.000000;2016-02-24T00:27:52.707000;1bfaa75c-b44a-4fb1-a7ae-34e712ebf7f7;424.74;1.0;BUY
2016-02-24T00:27:52.000000;2016-02-24T00:27:52.707000;08f6897b-bf4e-4caf-a699-34d655e08fc8;424.75;0.04;BUY
2016-02-24T00:27:52.000000;2016-02-24T00:27:52.707000;3b1a2b02-ffce-453e-b819-29552cab2504;424.78;0.5;BUY
2016-02-24T00:27:52.000000;2016-02-24T00:27:52.707000;d79131a4-5849-4376-b809-2c3842cb21bc;424.78;18.221;BUY
2016-02-24T00:27:52.000000;2016-02-24T00:27:52.710000;7e2b4510-9718-44e7-a557-2e2932734d26;424.8;7.0;BUY
2016-02-24T00:27:52.000000;2016-02-24T00:27:52.717000;282ee566-8790-424a-8009-1cea0f166354;424.81;5.819;BUY
2016-02-24T00:27:57.000000;2016-02-24T00:27:57.810000;d0476725-2765-48ad-8833-6cc739ad8c04;424.81;5.0;BUY
2016-02-24T00:27:58.000000;2016-02-24T00:27:58.650000;cc8ae8ba-b7a9-491c-8c3c-a3be42984ec3;424.46;0.2;SELL
2016-02-24T00:28:10.000000;2016-02-24T00:28:10.073000;80005c97-614c-4655-bc26-625ba6b34e5c;424.8;9.585;BUY
2016-02-24T00:28:10.000000;2016-02-24T00:28:10.103000;2b95e447-9929-4dcf-8c31-8b38a5ab44a3;424.81;39.181;BUY
2016-02-24T00:28:10.000000;2016-02-24T00:28:10.103000;c8a04605-44cb-4c5d-ba80-6cac158dc9c2;424.85;0.04;BUY
2016-02-24T00:28:10.000000;2016-02-24T00:28:10.143000;2a0afd51-a207-4168-82ac-0d33666b856c;424.85;14.2812;BUY
2016-02-24T00:28:10.000000;2016-02-24T00:28:10.143000;92a57656-c545-4d31-b7e2-e2846223a527;424.88;0.59;BUY
2016-02-24T00:28:10.000000;2016-02-24T00:28:10.143000;f173bb3f-3c5e-4ae0-ae04-a1f50d750621;424.93;0.064238;BUY
2016-02-24T00:28:10.000000;2016-02-24T00:28:10.167000;7144b438-8ff6-4071-8e0a-9fbc68a4b463;424.95;0.04;BUY
2016-02-24T00:28:10.000000;2016-02-24T00:28:10.167000;d3433ff3-3968-4b07-bd90-e30ac2e50295;424.98;2.0;BUY
2016-02-24T00:28:10.000000;2016-02-24T00:28:10.193000;b16bcedb-a0d8-48e8-950a-84253a220bde;424.98;12.274;BUY
2016-02-24T00:28:10.000000;2016-02-24T00:28:10.193000;587829f3-b535-47bd-8020-e3e9ed0d92c8;425.0;0.51369179;BUY
2016-02-24T00:28:10.000000;2016-02-24T00:28:10.213000;e36da2f4-1491-488b-83f0-57914fb4dda9;425.0;5.0;BUY
2016-02-24T00:28:10.000000;2016-02-24T00:28:10.260000;2e457377-3e51-46b7-a151-a0d4949b4676;425.0;0.03;BUY
2016-02-24T00:28:10.000000;2016-02-24T00:28:10.263000;148856da-51a4-4759-8cb9-d96bb1e696b7;425.0;7.0;BUY
2016-02-24T00:28:10.000000;2016-02-24T00:28:10.263000;8d1ef0f0-c50f-4092-a841-c696c89136e7;425.0;0.1;BUY
2016-02-24T00:28:10.000000;2016-02-24T00:28:10.267000;207f84ed-d518-46e7-aeb3-1bd8aa5ce8de;425.0;0.5;BUY
2016-02-24T00:28:10.000000;2016-02-24T00:28:10.283000;64428372-a933-4ffc-8db3-89e8a66b12f3;425.0;8.80087021;BUY
2016-02-24T00:28:12.000000;2016-02-24T00:28:12.627000;704d736d-0fb4-4c45-83f4-9d262bb87916;424.48;0.0584;BUY
2016-02-24T00:28:18.000000;2016-02-24T00:28:18.430000;0540fd9e-1ab7-4582-a458-1496c8a2e2ca;425.0;11.19912979;BUY
2016-02-24T00:28:18.000000;2016-02-24T00:28:18.453000;9ad39d97-c87d-4415-8f21-882ff5bbb884;425.03;1.0;BUY
2016-02-24T00:28:18.000000;2016-02-24T00:28:18.467000;e8d3fcb3-982f-47a8-a1ac-cdf8332aa2b1;425.05;0.04;BUY
2016-02-24T00:28:18.000000;2016-02-24T00:28:18.470000;cd3d672a-d7db-44ac-aa75-9b9b5ceef327;425.09;5.43578366;BUY
2016-02-24T00:28:18.000000;2016-02-24T00:28:18.490000;4e4dce01-b964-4d61-9576-8edf8607a448;425.15;0.04;BUY
2016-02-24T00:28:18.000000;2016-02-24T00:28:18.723000;80f87997-5e9c-47d1-bbb3-c455642b1448;425.16;1.0;BUY
2016-02-24T00:28:18.000000;2016-02-24T00:28:18.747000;1f5b5cda-716a-4868-b9e3-808f90cdd876;425.22;14.7293;BUY
2016-02-24T00:28:18.000000;2016-02-24T00:28:18.753000;a886e52a-917c-4075-a7fa-1b3cad54e0b6;425.25;0.04;BUY
2016-02-24T00:28:18.000000;2016-02-24T00:28:18.763000;76acf894-4f87-4489-b2e3-54629c8d7581;425.25;14.3148;BUY
2016-02-24T00:28:18.000000;2016-02-24T00:28:18.920000;a4e7a8a2-de81-44b5-9e75-7d93fc53d5a6;425.26;2.20098655;BUY
2016-02-24T00:28:23.000000;2016-02-24T00:28:23.370000;3f064fa0-9505-4761-a682-5f0c5aeee4ed;425.17;1.0;BUY
2016-02-24T00:28:23.000000;2016-02-24T00:28:23.390000;ac083a6b-8f6c-43d5-a717-44d65662c958;425.26;9.0;BUY
2016-02-24T00:28:23.000000;2016-02-24T00:28:23.410000;ce3693ac-e453-4890-b2b2-ceebf8263f35;425.26;0.5;BUY
2016-02-24T00:28:25.000000;2016-02-24T00:28:25.550000;23df8cd5-8722-4052-8abb-10014e01e736;424.9;0.2;SELL
2016-02-24T00:28:36.000000;2016-02-24T00:28:37.103000;e7b8c1d9-b942-4b0d-88b2-1f79d39ca2e9;424.9;0.2;SELL
2016-02-24T00:28:54.000000;2016-02-24T00:28:54.743000;3041c9b1-5b34-446c-8362-b842b18e28c6;425.01;1.64108338;SELL
2016-02-24T00:29:00.000000;2016-02-24T00:29:00.450000;6ae4c2d8-bfd7-4060-8e50-f9801639a8d0;425.0;5.0;SELL
2016-02-24T00:29:01.000000;2016-02-24T00:29:01.623000;d5e578ab-953d-40c2-ba24-693e6a48cfe2;425.02;1.64108338;SELL
2016-02-24T00:29:06.000000;2016-02-24T00:29:06.037000;cdd62656-be5a-44fb-8c1f-390cc7207bd1;425.28;1.65093624;BUY
2016-02-24T00:29:06.000000;2016-02-24T00:29:06.060000;27e70163-dbb4-4123-9fdf-966790a09e91;425.29;0.151;BUY
2016-02-24T00:29:06.000000;2016-02-24T00:29:06.070000;84cea595-5d84-4f1c-82f5-20b6d01f9f14;425.32;0.2727296;BUY
2016-02-24T00:29:22.000000;2016-02-24T00:29:22.643000;08cb9fc8-ee22-488f-b42c-f8e9b1172526;425.13;0.2;SELL
2016-02-24T00:29:28.000000;2016-02-24T00:29:28.373000;8c6b46ac-a976-491a-ad63-2f487330eb33;425.3;0.0865;BUY
2016-02-24T00:29:50.000000;2016-02-24T00:29:50.227000;f8fbbe1c-07b2-4924-9ee9-1687359e6a70;425.19;1.64108338;SELL
2016-02-24T00:29:51.000000;2016-02-24T00:29:51.937000;54b0f20a-d321-4121-9511-ba6e7f271708;425.3;4.9135;BUY
2016-02-24T00:29:51.000000;2016-02-24T00:29:51.947000;0e689b5f-0f88-4bed-8cbc-1c6acffe4cbb;425.3;0.0865;BUY
2016-02-24T00:29:55.000000;2016-02-24T00:29:55.210000;3e08e6a6-e67f-4d7a-b9a8-fc627f868f8d;425.3;0.11303875;BUY
2016-02-24T00:29:55.000000;2016-02-24T00:29:55.230000;02fdae54-99a1-46e1-ab85-4f8df47c8630;425.32;0.28696125;BUY
2016-02-24T00:29:57.000000;2016-02-24T00:29:57.893000;aa0898b8-cbfa-47fb-8395-485bea0a8e80;425.12;0.02179;SELL
2016-02-24T00:29:57.000000;2016-02-24T00:29:57.907000;f14b1396-d193-4e3a-bfef-4d50fbf8a2fd;425.12;0.02179;SELL
2016-02-24T00:29:57.000000;2016-02-24T00:29:57.917000;0e8c2559-7837-41f5-9ede-10425ffe3366;424.9;0.10642;SELL
2016-02-24T00:30:03.000000;2016-02-24T00:30:03.000000;a1ed40c0-969a-4fe3-93fd-5e9391b1619e;425.22;0.05;UNKNOWN
2016-02-24T00:30:04.000000;2016-02-24T00:30:04.000000;4c7f438a-c1e4-4445-977e-c0a99e422558;425.22;1.64108338;UNKNOWN
2016-02-24T00:30:14.000000;2016-02-24T00:30:14.000000;47f6451e-2733-40d8-89ae-0a7766307649;425.22;0.79542247;UNKNOWN
2016-02-24T00:30:22.000000;2016-02-24T00:30:22.000000;7c4f77d7-25e5-4da3-8f07-4ed67587f690;425.23;0.05;UNKNOWN
2016-02-24T00:30:22.000000;2016-02-24T00:30:22.000000;2ae0e159-777c-4c56-aa94-4fa1ca8bcade;425.29;0.15;UNKNOWN
2016-02-24T00:30:28.000000;2016-02-24T00:30:28.000000;0502f947-e283-4e9c-a7a7-d931d127455d;425.2;0.42;UNKNOWN
2016-02-24T00:30:39.000000;2016-02-24T00:30:39.000000;482f8a53-b431-4fb8-8d21-545dc1f29ec2;425.0;0.2;UNKNOWN
2016-02-24T00:31:07.000000;2016-02-24T00:31:07.000000;635a83df-7602-473c-b9aa-d05f52d11328;425.0;0.084;UNKNOWN
2016-02-24T00:31:09.000000;2016-02-24T00:31:09.000000;a57ef5d6-50b1-41c6-ab33-33e2a8ac2b0a;424.93;1.0;UNKNOWN
2016-02-24T00:31:18.000000;2016-02-24T00:31:18.000000;5170d60f-7e1b-4d13-bda0-b0f3adea132c;422.93;0.0852;UNKNOWN
2016-02-24T00:31:18.000000;2016-02-24T00:31:18.000000;c99d9bed-9e11-4c67-ae17-cd846c202bfd;422.99;2.23;UNKNOWN
2016-02-24T00:31:18.000000;2016-02-24T00:31:18.000000;67b474df-7a8e-4761-8832-1591ffa131ac;422.96;13.3131;UNKNOWN
2016-02-24T00:31:18.000000;2016-02-24T00:31:18.000000;0043b6f0-1e03-4a9e-8f08-a5e18f552969;422.98;2.02;UNKNOWN
2016-02-24T00:31:18.000000;2016-02-24T00:31:18.000000;342a8f79-7b2a-4788-b18a-f55f7e9dfe30;423.0;0.04;UNKNOWN
2016-02-24T00:31:18.000000;2016-02-24T00:31:18.000000;2905a66d-f727-43df-9d77-05b12c2fed74;423.11;14.1174;UNKNOWN
2016-02-24T00:31:18.000000;2016-02-24T00:31:18.000000;611a6a36-6399-48d1-be14-2b07981d6699;423.1;0.04;UNKNOWN
2016-02-24T00:31:18.000000;2016-02-24T00:31:18.000000;cc43d8ba-d263-4743-b853-3f65a2e15952;422.9;0.04;UNKNOWN
2016-02-24T00:31:18.000000;2016-02-24T00:31:18.000000;1fb3d59d-aa6c-4011-92dd-f090d147c4b8;423.4;0.04;UNKNOWN
2016-02-24T00:31:18.000000;2016-02-24T00:31:18.000000;e906efc0-c3a3-4bd9-aeb0-288bf652c78c;424.9;12.12;UNKNOWN
2016-02-24T00:31:18.000000;2016-02-24T00:31:18.000000;1ca7f409-d7a3-4313-bedf-dc766ffc018d;424.25;0.02175;UNKNOWN
2016-02-24T00:31:18.000000;2016-02-24T00:31:18.000000;7a0ebd79-c470-45c6-9f57-aa41c35bb98d;424.0;0.04;UNKNOWN
2016-02-24T00:31:18.000000;2016-02-24T00:31:18.000000;e3320d90-bdb8-4d41-ba1a-796a6cf8d0e1;424.75;1.0;UNKNOWN
2016-02-24T00:31:18.000000;2016-02-24T00:31:18.000000;6dd96494-4492-422e-aabf-347c9d12d45d;424.93;3.0;UNKNOWN
2016-02-24T00:31:18.000000;2016-02-24T00:31:18.000000;7298cb6d-a15c-4680-a7f9-27b345948461;424.9;1.2;UNKNOWN
2016-02-24T00:31:18.000000;2016-02-24T00:31:18.000000;f27f185c-0de6-492a-82e2-867bd62c4bae;424.9;0.035;UNKNOWN
2016-02-24T00:31:18.000000;2016-02-24T00:31:18.000000;011f58b7-c7b0-462d-93b6-4a6c0b6dd9b6;422.8;0.04;UNKNOWN
2016-02-24T00:31:18.000000;2016-02-24T00:31:18.000000;176f88b6-96ff-46d5-b23f-063c4af9936d;424.76;5.8575;UNKNOWN
2016-02-24T00:31:18.000000;2016-02-24T00:31:18.000000;08443aba-e757-4ea7-afb4-4625b6360ef4;424.88;4.26681;UNKNOWN
2016-02-24T00:31:18.000000;2016-02-24T00:31:18.000000;ff56bfd9-d9d8-4470-8d1b-5d5d40f7dcaf;424.26;15.9;UNKNOWN
2016-02-24T00:31:18.000000;2016-02-24T00:31:18.000000;8abde5d2-1718-49ac-962f-e345ff4bd378;423.97;12.5631;UNKNOWN
2016-02-24T00:31:18.000000;2016-02-24T00:31:18.000000;7106cd8e-71ce-4996-aace-00283c9977a7;423.95;15.1318;UNKNOWN
2016-02-24T00:31:18.000000;2016-02-24T00:31:18.000000;6b2c890f-0bd8-401b-bf2c-5b5833995717;424.33;1.0;UNKNOWN
2016-02-24T00:31:18.000000;2016-02-24T00:31:18.000000;2f64ac97-7d54-44dd-b15c-72ff4ce4f5ae;424.25;0.02175;UNKNOWN
2016-02-24T00:31:18.000000;2016-02-24T00:31:18.000000;4a29f5dc-1d5e-404c-bf13-1baaaa4bff04;423.18;0.8;UNKNOWN
2016-02-24T00:31:18.000000;2016-02-24T00:31:18.000000;6620b28e-88d7-4cea-9421-eebe17a9c442;423.7;0.04;UNKNOWN
2016-02-24T00:31:18.000000;2016-02-24T00:31:18.000000;8a03a192-98af-4b26-b10a-9be1123add94;423.61;14.3773;UNKNOWN
2016-02-24T00:31:18.000000;2016-02-24T00:31:18.000000;abdad4d7-dc1c-477f-a3b9-7021b09b1927;423.78;13.6108;UNKNOWN
2016-02-24T00:31:18.000000;2016-02-24T00:31:18.000000;8a30c812-0567-4ae6-8e30-9a7ad0c05352;423.86;1.0;UNKNOWN
2016-02-24T00:31:18.000000;2016-02-24T00:31:18.000000;ce4721e8-9078-4e84-b112-ceb3d1f5f777;423.8;1.0;UNKNOWN
2016-02-24T00:31:18.000000;2016-02-24T00:31:18.000000;37c60280-96ef-4dd3-940a-274248b6b9a2;423.9;0.04;UNKNOWN
2016-02-24T00:31:18.000000;2016-02-24T00:31:18.000000;c3b90501-138d-41ce-9884-3de05f603494;423.96;31.8708;UNKNOWN
2016-02-24T00:31:18.000000;2016-02-24T00:31:18.000000;c02de96e-8e59-460e-b209-425f2b1c03c5;423.12;6.44;UNKNOWN
2016-02-24T00:31:18.000000;2016-02-24T00:31:18.000000;72533ff7-9c78-4866-ae53-98604531e3b6;423.28;13.8207;UNKNOWN
2016-02-24T00:31:18.000000;2016-02-24T00:31:18.000000;bd42f896-c01a-4b96-9b34-28aaee5582e8;423.6;0.04;UNKNOWN
2016-02-24T00:31:18.000000;2016-02-24T00:31:18.000000;f19fc89b-ae1b-4f21-a7b6-5ed665c503db;422.56;7.12341242;UNKNOWN
2016-02-24T00:31:18.000000;2016-02-24T00:31:18.000000;9003fd59-1c55-4786-ae0b-2f50782133a0;423.5;0.04;UNKNOWN
2016-02-24T00:31:18.000000;2016-02-24T00:31:18.000000;adcbbadd-0cdd-4efb-96d9-d4d386f89a5d;423.8;0.04;UNKNOWN
2016-02-24T00:31:18.000000;2016-02-24T00:31:18.000000;8c3f9d3e-7470-44f2-a53f-f2d0ca1c97f1;423.3;1.0;UNKNOWN
2016-02-24T00:31:18.000000;2016-02-24T00:31:18.000000;6a8b5fb9-15ac-4226-9957-4c727fa7cb99;422.7;0.04;UNKNOWN
2016-02-24T00:31:18.000000;2016-02-24T00:31:18.000000;0ede4cf7-6629-48f0-9dbd-f34a89f01506;423.3;2.87;UNKNOWN
2016-02-24T00:31:18.000000;2016-02-24T00:31:18.000000;68fd3bb5-4772-424b-94ce-238436cbea40;423.45;15.9;UNKNOWN
2016-02-24T00:31:18.000000;2016-02-24T00:31:18.000000;755b2abf-90b9-4d8b-92fc-6b4b46583999;423.44;13.7469;UNKNOWN
2016-02-24T00:31:18.000000;2016-02-24T00:31:18.000000;1a4c4adc-d39b-4847-a6d4-377f6a28b329;423.3;0.04;UNKNOWN
2016-02-24T00:31:18.000000;2016-02-24T00:31:18.000000;3f74ab37-7e11-4553-99f7-0d81cc3dd6b4;423.46;1.34562048;UNKNOWN
2016-02-24T00:31:18.000000;2016-02-24T00:31:18.000000;758fcfcc-11aa-43e0-b207-565e08d4c96c;423.2;0.04;UNKNOWN
2016-02-24T00:31:18.000000;2016-02-24T00:31:18.000000;afb1f7c9-0cf7-4ab8-ab51-7e28105ae77d;423.22;3.44332855;UNKNOWN
2016-02-24T00:31:18.000000;2016-02-24T00:31:18.000000;a88d68e7-6962-417b-a7d2-c9f9302be594;422.65;2.4;UNKNOWN
2016-02-24T00:31:18.000000;2016-02-24T00:31:18.000000;401ee667-53b5-4bf1-85a8-7a6162c276b8;422.66;14.5365;UNKNOWN
2016-02-24T00:31:18.000000;2016-02-24T00:31:18.000000;0eb3c747-04fe-40d9-99c7-7b626e71d6dc;422.8;14.7779;UNKNOWN
2016-02-24T00:31:18.000000;2016-02-24T00:31:18.000000;42327260-86c0-4a59-b4aa-6ecb1445a5cc;422.73;0.6;UNKNOWN
2016-02-24T00:31:18.000000;2016-02-24T00:31:18.000000;14f8d53d-d87e-4856-91c4-db5310af9c83;422.6;0.04;UNKNOWN
2016-02-24T00:31:18.000000;2016-02-24T00:31:18.000000;88370b1b-982c-4f08-871e-dc1c3b9b3c10;422.62;1.0;UNKNOWN
2016-02-24T00:31:18.000000;2016-02-24T00:31:18.000000;048e5008-e84b-4c61-88df-138bd4a98039;422.63;3.44332855;UNKNOWN
2016-02-24T00:31:18.000000;2016-02-24T00:31:18.000000;9468e031-e4cd-4f01-9236-b9cba16a7e16;423.29;6.3;UNKNOWN
2016-02-24T00:31:21.000000;2016-02-24T00:31:21.000000;3d09a82d-a319-45b0-b063-f0a0dd515ddb;424.88;12.12;UNKNOWN
2016-02-24T00:31:34.000000;2016-02-24T00:31:34.000000;f7822f9d-fda4-4ada-b818-d5dac04155af;423.61;0.05;UNKNOWN
2016-02-24T00:31:49.000000;2016-02-24T00:31:49.000000;c1dddc1e-c006-4b6c-bc5d-5e701aa80f50;423.25;0.06;UNKNOWN
2016-02-24T00:31:56.000000;2016-02-24T00:31:56.000000;e1d6e421-d2f4-4872-80e7-7c8d0e594f90;423.82;1.0;UNKNOWN
2016-02-24T00:32:01.000000;2016-02-24T00:32:01.000000;d51909bd-528e-482d-8319-8ad4a05340fe;423.95;1.5;UNKNOWN
2016-02-24T00:32:55.000000;2016-02-24T00:32:55.000000;b0217a20-55f8-4567-83c5-69787ede2f88;423.31;0.05;UNKNOWN
2016-02-24T00:33:09.000000;2016-02-24T00:33:09.000000;77a8cb61-d8a2-4e8c-8462-54b01fda617b;423.41;0.09620122;UNKNOWN
2016-02-24T00:33:23.000000;2016-02-24T00:33:23.000000;ae4083d7-8e9f-4825-b3ee-2446e03d3407;423.41;0.31461019;UNKNOWN
2016-02-24T00:33:29.000000;2016-02-24T00:33:29.000000;32c91d04-1e94-433a-a244-bab749cfe65b;423.41;0.02365593;UNKNOWN
2016-02-24T00:33:53.000000;2016-02-24T00:33:53.000000;fe22e6ea-5b4c-42e8-bf48-b2cfde0df9f3;423.3;0.3212;UNKNOWN
2016-02-24T00:33:53.000000;2016-02-24T00:33:53.000000;f22aa624-67a5-4023-9e09-e82be04cb757;423.13;4.43;UNKNOWN
2016-02-24T00:33:53.000000;2016-02-24T00:33:53.000000;5a726d70-3d33-4801-88a6-3cd1373fe0f1;423.03;5.8413;UNKNOWN
2016-02-24T00:33:53.000000;2016-02-24T00:33:53.000000;0349f702-8e00-451d-a1da-ab47ad128579;423.14;0.46;UNKNOWN
2016-02-24T00:33:53.000000;2016-02-24T00:33:53.000000;ab6b2e65-994a-45db-b70b-56c0431c9de4;423.01;4.0425;UNKNOWN
2016-02-24T00:33:53.000000;2016-02-24T00:33:53.000000;acb32692-646e-472a-8e7b-dfc8662968c4;423.02;4.905;UNKNOWN
2016-02-24T00:33:58.000000;2016-02-24T00:33:58.000000;c9710cf3-dc4b-4301-8318-fcfe5c8e6a59;422.9;0.5;UNKNOWN
2016-02-24T00:33:58.000000;2016-02-24T00:33:58.000000;54fa640a-60e7-4f40-b12d-d1593830a8cc;422.9;4.07521;UNKNOWN
2016-02-24T00:33:58.000000;2016-02-24T00:33:58.000000;41a00859-798b-43b8-ac7d-cbf8446621b5;422.95;0.25;UNKNOWN
2016-02-24T00:34:34.000000;2016-02-24T00:34:34.000000;7db1ca86-39fd-420b-b6e8-4c1124ef3826;422.95;0.8;UNKNOWN
2016-02-24T00:34:43.000000;2016-02-24T00:34:43.000000;fd38afb0-397d-4ffb-beff-ae56be07d6c4;423.78;0.25;UNKNOWN
2016-02-24T00:35:54.000000;2016-02-24T00:35:54.000000;1a2e85ba-7651-4e9d-9094-4db6477c40a0;423.41;0.378;UNKNOWN
2016-02-24T00:35:59.000000;2016-02-24T00:35:59.000000;86b7ea12-fa9c-4b1b-a8ae-27e5637821f1;423.41;0.172;UNKNOWN
2016-02-24T00:36:06.000000;2016-02-24T00:36:06.000000;3a2579e4-bfe9-4a04-8bb4-e3b26f9766dd;423.41;0.077987;UNKNOWN
2016-02-24T00:36:06.000000;2016-02-24T00:36:06.000000;0438a42c-fa7e-44f6-a0b0-b7681e171a65;423.4;0.832713;UNKNOWN
2016-02-24T00:39:48.000000;2016-02-24T00:39:48.000000;a86f77b7-2b4f-4830-8e11-f7df4d3b2c85;423.49;0.1300032;UNKNOWN
2016-02-24T00:39:50.000000;2016-02-24T00:39:50.000000;e74e718f-3923-4b6f-b3aa-d4fda47f9c2f;423.76;0.00216;UNKNOWN
2016-02-24T00:39:50.000000;2016-02-24T00:39:50.000000;8b91f22b-9481-4818-9094-6be29c613c9c;423.5;4.2;UNKNOWN
2016-02-24T00:39:50.000000;2016-02-24T00:39:50.000000;abf4fcac-3d17-4559-ba56-be6646f02b5e;423.57;0.084;UNKNOWN
2016-02-24T00:40:05.000000;2016-02-24T00:40:05.000000;032e7d62-97f2-4255-a36b-7f473bf1bcdf;423.74;0.06;UNKNOWN
2016-02-24T00:40:07.000000;2016-02-24T00:40:07.000000;671be5b1-a968-4c4a-a1eb-3207653ccd61;423.74;0.2;UNKNOWN
2016-02-24T00:40:36.000000;2016-02-24T00:40:36.000000;6548945c-3685-44ed-a2bb-470a63fe9ff5;423.94;0.2;UNKNOWN
2016-02-24T00:41:10.000000;2016-02-24T00:41:10.000000;0dd04eaa-5d6e-47b3-87b5-4c329bb0ce35;423.93;5.835;UNKNOWN
2016-02-24T00:41:18.000000;2016-02-24T00:41:18.000000;ed4065d9-a76f-4420-bf4c-7b859cc68872;423.92;0.94605857;UNKNOWN
2016-02-24T00:41:50.000000;2016-02-24T00:41:50.000000;e27abc49-7a62-404f-b46f-711e5681b02e;423.92;0.3208788;UNKNOWN
2016-02-24T00:43:04.000000;2016-02-24T00:43:04.000000;224e9316-dd32-42d2-a7f8-b72af29725ae;423.95;0.04;UNKNOWN
2016-02-24T00:43:06.000000;2016-02-24T00:43:06.000000;a0b04bd7-450f-4928-9be7-170a6ce15b87;424.09;1.50857553;UNKNOWN
2016-02-24T00:43:06.000000;2016-02-24T00:43:06.000000;4a0bd25f-48e6-4568-93d5-f053a90fecad;424.05;0.04;UNKNOWN
2016-02-24T00:43:38.000000;2016-02-24T00:43:38.000000;914470c1-1181-45df-90bc-a987f15f6180;424.02;0.9464;UNKNOWN
2016-02-24T00:43:48.000000;2016-02-24T00:43:48.000000;45b84d8d-c848-46e4-aec7-a1529e1ea1b4;423.93;0.15584559;UNKNOWN
2016-02-24T00:44:04.000000;2016-02-24T00:44:04.000000;1c76df35-3794-40d8-ac91-e5cd273798d7;424.08;2.5;UNKNOWN
2016-02-24T00:44:31.000000;2016-02-24T00:44:31.000000;e8826e6c-25e1-4978-901a-df8ab84a26c1;424.09;17.31392447;UNKNOWN
2016-02-24T00:45:05.000000;2016-02-24T00:45:05.000000;5ce7fd43-6f13-4cac-97aa-45868c457506;424.1;0.2;UNKNOWN
2016-02-24T00:46:05.000000;2016-02-24T00:46:05.000000;db39037d-ed37-43e0-8247-76fdc3a2dead;424.15;0.04;UNKNOWN
2016-02-24T00:46:05.000000;2016-02-24T00:46:05.000000;96405233-89f8-4cf2-bb6c-b72ca202d871;424.25;0.04;UNKNOWN
2016-02-24T00:46:05.000000;2016-02-24T00:46:05.000000;359eac4e-7180-40e7-b7f2-2d70e2b98d94;424.33;2.21387499;UNKNOWN
2016-02-24T00:46:08.000000;2016-02-24T00:46:08.000000;40622cb9-7647-42d7-8e9a-dd1d89c9e6b3;424.16;1.3099;UNKNOWN
2016-02-24T00:46:18.000000;2016-02-24T00:46:18.000000;006b7877-59f6-4ec2-b5f4-5c91775da293;424.13;3.0;UNKNOWN
2016-02-24T00:46:28.000000;2016-02-24T00:46:28.000000;7903e762-b96a-439c-a353-d044e3947ab6;424.2;0.69628694;UNKNOWN
2016-02-24T00:47:09.000000;2016-02-24T00:47:09.000000;3c812ba1-4541-4b53-bfce-787ed14fe057;424.21;0.30211059;UNKNOWN
2016-02-24T00:47:11.000000;2016-02-24T00:47:11.000000;28af34a9-8978-47e4-85d6-c6defd64bbf3;424.34;0.06;UNKNOWN
2016-02-24T00:47:25.000000;2016-02-24T00:47:25.000000;556318d6-b091-4aaf-88b1-0509d6f00a59;424.34;0.06;UNKNOWN
2016-02-24T00:47:28.000000;2016-02-24T00:47:28.000000;21544474-70e6-4077-8a5e-b044235af365;424.21;5.50498941;UNKNOWN
2016-02-24T00:47:28.000000;2016-02-24T00:47:28.000000;135f84c9-05fa-4d5c-8a4b-aad19d506517;424.2;11.30371306;UNKNOWN
2016-02-24T00:47:46.000000;2016-02-24T00:47:46.000000;c875a9ad-1138-404c-9c95-de45ef824eb1;424.0;0.8888;UNKNOWN
2016-02-24T00:48:06.000000;2016-02-24T00:48:06.000000;8e16eaf1-5308-4bb9-9454-df7493f00ab1;424.0;1.9;UNKNOWN
2016-02-24T00:49:05.000000;2016-02-24T00:49:05.000000;8366f6a6-bfd1-4f3f-bfe4-6bed72f69dfa;423.99;2.58212637;UNKNOWN
2016-02-24T00:50:20.000000;2016-02-24T00:50:20.000000;b4e8ef43-b938-454c-93ad-a73b0cee394a;423.95;0.15;UNKNOWN
2016-02-24T00:50:20.000000;2016-02-24T00:50:20.000000;8a55c571-29a6-43ac-bdb9-c7ef274da1ec;423.99;0.2;UNKNOWN
2016-02-24T00:50:58.000000;2016-02-24T00:50:58.000000;84c539be-facb-4e1d-ab45-7be982e031c8;423.94;2.02967499;UNKNOWN
2016-02-24T00:50:58.000000;2016-02-24T00:50:58.000000;0dd7804b-b287-431b-9914-d153d2b403bb;423.95;0.2642;UNKNOWN
2016-02-24T00:51:18.000000;2016-02-24T00:51:18.000000;6f275e2f-9319-48d6-a907-18c476eea402;424.0;0.02946061;UNKNOWN
2016-02-24T00:51:21.000000;2016-02-24T00:51:21.000000;9dd04112-4c23-4a92-930d-5fef5c1d8b0c;423.5;0.71789798;UNKNOWN
2016-02-24T00:51:21.000000;2016-02-24T00:51:21.000000;07960e1e-0047-4eee-bbbe-38c959420b1d;423.7;1.0;UNKNOWN
2016-02-24T00:51:21.000000;2016-02-24T00:51:21.000000;feff22e2-2de3-45df-b89a-38e191b16080;423.93;7.54;UNKNOWN
2016-02-24T00:51:21.000000;2016-02-24T00:51:21.000000;c5098f38-fb06-4d3a-a522-f0e80a958d36;423.5;2.0;UNKNOWN
2016-02-24T00:51:21.000000;2016-02-24T00:51:21.000000;5162f44e-f9db-44c7-8ae8-abf0e2bf817a;423.92;8.73306263;UNKNOWN
2016-02-24T00:51:21.000000;2016-02-24T00:51:21.000000;3bfa1442-fd05-497e-bdd5-d63969680330;423.5;1.1927;UNKNOWN
2016-02-24T00:51:21.000000;2016-02-24T00:51:21.000000;4ce607e3-e90d-4745-99e3-eca0e39ecc9e;424.01;5.8458;UNKNOWN
2016-02-24T00:51:21.000000;2016-02-24T00:51:21.000000;4ebbead2-55bb-40cc-a348-94736ebf224e;423.53;20.0;UNKNOWN
2016-02-24T00:51:21.000000;2016-02-24T00:51:21.000000;4588aed7-260f-42b7-a48a-0d9df5675628;424.0;2.97053939;UNKNOWN
2016-02-24T00:51:22.000000;2016-02-24T00:51:22.000000;d6c8ae15-af39-4927-b59c-2e38af199624;423.49;0.06;UNKNOWN
2016-02-24T00:51:31.000000;2016-02-24T00:51:31.000000;e2070380-9e9c-4e67-8051-08837bdd77ec;423.4;0.16446226;UNKNOWN
2016-02-24T00:51:31.000000;2016-02-24T00:51:31.000000;8e8821c7-5d76-4e8d-829f-2d43131b3619;423.49;0.14;UNKNOWN
2016-02-24T00:51:46.000000;2016-02-24T00:51:46.000000;7fe53f1e-d6c8-4895-9b02-adfdfd14af96;423.41;0.06;UNKNOWN
2016-02-24T00:52:14.000000;2016-02-24T00:52:14.000000;526354dd-fdbd-413c-910c-37d2a27563d9;424.13;0.35;UNKNOWN
2016-02-24T00:52:31.000000;2016-02-24T00:52:31.000000;59f4db02-0194-49f6-84a9-d25d3283da63;423.51;0.5;UNKNOWN
2016-02-24T00:54:02.000000;2016-02-24T00:54:02.000000;1a7e2bc8-3726-4c1b-91d9-821c5f9031e8;423.9;0.01535559;UNKNOWN
2016-02-24T00:54:06.000000;2016-02-24T00:54:06.000000;bee78d9f-993e-444f-9705-aac528361aaf;424.34;0.24;UNKNOWN
2016-02-24T00:54:06.000000;2016-02-24T00:54:06.000000;a2fe24fc-3979-4650-a211-d8c3ab6b6b8a;424.45;0.04;UNKNOWN
2016-02-24T00:54:06.000000;2016-02-24T00:54:06.000000;db9d528c-ffc2-41c3-8952-9a94c8ec812d;424.48;0.99403396;UNKNOWN
2016-02-24T00:54:06.000000;2016-02-24T00:54:06.000000;f8c790ef-91e6-4c71-8656-acdf2c5b3209;424.35;0.04;UNKNOWN
2016-02-24T00:55:28.000000;2016-02-24T00:55:28.000000;2f681109-9f2b-4099-9439-f29d9b187dd3;424.1;0.11807878;UNKNOWN
2016-02-24T00:56:47.000000;2016-02-24T00:56:47.000000;f3b5d6d5-d84b-4792-b723-9c983edc3ead;424.02;2.51807878;UNKNOWN
2016-02-24T00:56:47.000000;2016-02-24T00:56:47.000000;f56c81b3-b7ed-461f-ae34-4103cb566afa;424.1;0.48192122;UNKNOWN
2016-02-24T00:58:08.000000;2016-02-24T00:58:08.000000;45097fbe-aad7-4f86-9e05-a07dbf595369;424.04;0.04671805;UNKNOWN
2016-02-24T00:59:12.000000;2016-02-24T00:59:12.000000;302c1caa-8671-4ff3-a12a-b83214338456;424.04;0.01021027;UNKNOWN
2016-02-24T00:59:58.000000;2016-02-24T00:59:58.000000;908799e2-9253-4ae9-bed4-3da673f4a78c;424.04;0.80972868;UNKNOWN
2016-02-24T00:59:58.000000;2016-02-24T00:59:58.000000;858639f5-3691-46e6-bfa0-317595227148;424.04;0.19335168;UNKNOWN
2016-02-24T01:00:08.000000;2016-02-24T01:00:08.000000;d4421f4c-f206-4a68-ad52-5854144edefb;424.03;0.02360628;UNKNOWN
2016-02-24T01:02:06.000000;2016-02-24T01:02:06.000000;960363be-b9fc-43fb-a338-d0f144252907;424.43;0.1;UNKNOWN
2016-02-24T01:03:45.000000;2016-02-24T01:03:45.000000;9af2c6bb-fdf3-4c2f-95bf-36d604567c0f;424.38;0.1;UNKNOWN
2016-02-24T01:03:45.000000;2016-02-24T01:03:45.000000;a0664ab5-ba35-426b-b8ff-3d470f2726a1;424.46;0.9;UNKNOWN
2016-02-24T01:04:11.000000;2016-02-24T01:04:11.000000;897a1dd1-4e73-426d-8de6-46e9e7a45e7d;424.38;0.32;UNKNOWN
2016-02-24T01:04:22.000000;2016-02-24T01:04:22.000000;af5fb1e6-3e22-4c63-bba4-431ee8a02475;424.38;0.28;UNKNOWN
2016-02-24T01:04:32.000000;2016-02-24T01:04:32.000000;9096eb1e-a16b-4e69-a122-c05de2c0308e;424.38;0.26;UNKNOWN
2016-02-24T01:04:41.000000;2016-02-24T01:04:41.000000;eeb071b2-dc00-4dee-af5f-61502638f767;424.38;0.15119513;UNKNOWN
2016-02-24T01:05:16.000000;2016-02-24T01:05:16.000000;ceb7e2f8-00f2-41c0-94e6-78464bead60d;424.49;0.5;UNKNOWN
2016-02-24T01:05:58.000000;2016-02-24T01:05:58.000000;532f7099-94ce-46ee-a995-9b5054d98fa7;424.49;1.0;UNKNOWN
2016-02-24T01:06:10.000000;2016-02-24T01:06:10.000000;3157b402-5019-4316-9e92-817a75eb5c44;424.47;0.2;UNKNOWN
2016-02-24T01:07:04.000000;2016-02-24T01:07:04.000000;f19751bf-62aa-474c-8d88-bbb971b0aba7;424.49;0.73;UNKNOWN
2016-02-24T01:07:05.000000;2016-02-24T01:07:05.000000;d3fff362-b5b4-44c0-a87a-a890e2784f5e;424.5;0.041;UNKNOWN
2016-02-24T01:07:41.000000;2016-02-24T01:07:41.000000;7dbbc8d5-60ef-43fc-96f4-674303587c7c;424.5;0.06;UNKNOWN
2016-02-24T01:08:08.000000;2016-02-24T01:08:08.000000;c89ec42d-3df6-45e7-84c5-c06c356972a5;424.49;0.03777005;UNKNOWN
2016-02-24T01:09:05.000000;2016-02-24T01:09:05.000000;27f90d27-f8a0-4cd1-abbd-e2a52bcee22a;424.49;3.43347639;UNKNOWN
2016-02-24T01:09:05.000000;2016-02-24T01:09:05.000000;94a6d00f-0e46-4b2e-ab6d-759a6756f415;424.49;0.2;UNKNOWN
2016-02-24T01:09:05.000000;2016-02-24T01:09:05.000000;f55d9df7-6c88-4ecb-bb4f-b4fb0166474e;424.49;0.14222995;UNKNOWN
2016-02-24T01:09:05.000000;2016-02-24T01:09:05.000000;8fa9c706-bdc2-44d9-9747-d20afc4172c8;424.49;1.18993948;UNKNOWN
2016-02-24T01:09:05.000000;2016-02-24T01:09:05.000000;20ff0630-4fd6-4988-b410-92fad69c2f66;424.49;0.2;UNKNOWN
2016-02-24T01:09:21.000000;2016-02-24T01:09:21.000000;20d9a4b1-9b23-4679-a017-e6eb98c9be3b;424.49;0.441;UNKNOWN
2016-02-24T01:09:21.000000;2016-02-24T01:09:21.000000;c506c317-430b-4cb1-bfa2-ab6c4dbc6407;424.49;0.559;UNKNOWN
2016-02-24T01:09:29.000000;2016-02-24T01:09:29.000000;1510e343-6cd8-427c-aec7-ed6096ce9808;424.49;1.0;UNKNOWN
2016-02-24T01:09:46.000000;2016-02-24T01:09:46.000000;c797997a-45ec-4b83-a44e-2d40f9bbabb8;424.49;1.0;UNKNOWN
2016-02-24T01:10:12.000000;2016-02-24T01:10:12.000000;34cf53ea-72d1-4535-a446-dad7637f1992;424.49;1.2;UNKNOWN
2016-02-24T01:10:34.000000;2016-02-24T01:10:34.000000;df8ee9fb-eecc-431c-9ba8-500e7e688148;424.5;2.899;UNKNOWN
2016-02-24T01:10:34.000000;2016-02-24T01:10:34.000000;c068031b-5399-4a28-9f85-c88d019aa54a;424.86;5.8588;UNKNOWN
2016-02-24T01:10:34.000000;2016-02-24T01:10:34.000000;f1179b46-a715-4a8c-a459-eb8581cc1b01;424.89;15.8;UNKNOWN
2016-02-24T01:10:34.000000;2016-02-24T01:10:34.000000;3acdefec-cad2-4330-86dc-912c30314ea6;424.87;15.9197;UNKNOWN
2016-02-24T01:10:34.000000;2016-02-24T01:10:34.000000;38ccd95f-d6e9-4294-9d39-ebb5c415b915;424.85;0.04;UNKNOWN
2016-02-24T01:10:34.000000;2016-02-24T01:10:34.000000;1e6728fb-7059-4d37-93d7-8fec2281760b;424.55;0.04;UNKNOWN
2016-02-24T01:10:34.000000;2016-02-24T01:10:34.000000;e85905c2-b7a3-4798-b673-90635a4ebdfb;424.75;0.04;UNKNOWN
2016-02-24T01:10:34.000000;2016-02-24T01:10:34.000000;9bf21ca9-8101-4ee4-b58b-1374e2a42b87;424.95;0.04;UNKNOWN
2016-02-24T01:10:34.000000;2016-02-24T01:10:34.000000;3eef778b-0349-4f64-9d3f-3aec93c2f09a;424.96;2.8225;UNKNOWN
2016-02-24T01:10:34.000000;2016-02-24T01:10:34.000000;6abfae85-59f1-450d-8d32-f07bbdb94318;424.65;0.04;UNKNOWN
2016-02-24T01:11:05.000000;2016-02-24T01:11:05.000000;08d99257-852c-40d1-a438-08a2af4f2256;424.95;0.16;UNKNOWN
2016-02-24T01:11:05.000000;2016-02-24T01:11:05.000000;9f633f09-9a24-4261-a960-647d3011dba0;424.76;3.11649145;UNKNOWN
2016-02-24T01:11:14.000000;2016-02-24T01:11:14.000000;dc145ad6-21ec-4831-b6b9-38d87af3e004;424.78;1.04;UNKNOWN
2016-02-24T01:11:14.000000;2016-02-24T01:11:14.000000;6359a643-d9c9-4a82-8ad0-24f78973feae;424.95;0.16;UNKNOWN
2016-02-24T01:11:33.000000;2016-02-24T01:11:33.000000;783c56a2-a597-4da1-a077-ff1d102fc6e5;424.94;9.0;UNKNOWN
2016-02-24T01:11:35.000000;2016-02-24T01:11:35.000000;e0f57d8f-3b7a-4c97-98cc-ed0a7580dc0a;424.97;0.1;UNKNOWN
2016-02-24T01:11:55.000000;2016-02-24T01:11:55.000000;2374b5ad-c0f6-4955-ad09-b8cb5d1ec017;424.99;0.46;UNKNOWN
2016-02-24T01:11:55.000000;2016-02-24T01:11:55.000000;b7a6bcf8-811a-4750-9e3a-3efdb26d5776;424.97;3.54;UNKNOWN
2016-02-24T01:12:09.000000;2016-02-24T01:12:09.000000;3750dfc1-b1e1-4d1d-adf5-8c4a42155b68;424.94;0.70808157;UNKNOWN
2016-02-24T01:13:07.000000;2016-02-24T01:13:07.000000;8a9fc701-6b7f-4c8e-87d7-fc20495f7e47;424.98;0.2;UNKNOWN
2016-02-24T01:13:07.000000;2016-02-24T01:13:07.000000;12e6cd88-3fd1-49f1-8b71-291673358085;424.96;0.6;UNKNOWN
2016-02-24T01:13:07.000000;2016-02-24T01:13:07.000000;b8132872-4770-40b1-8445-ea814163ef62;424.98;0.2;UNKNOWN
2016-02-24T01:13:57.000000;2016-02-24T01:13:57.000000;f020b10d-9acd-4fb6-b52d-041aa82ca65d;424.99;0.6;UNKNOWN
2016-02-24T01:14:48.000000;2016-02-24T01:14:48.000000;37b8cabb-7873-41ba-b8e2-2a82cf8f61b9;424.98;0.2;UNKNOWN
2016-02-24T01:14:48.000000;2016-02-24T01:14:48.000000;edf07435-446f-43ac-b6b6-f4a683436668;424.98;0.2;UNKNOWN
2016-02-24T01:14:48.000000;2016-02-24T01:14:48.000000;ae143d68-f3f5-4e3a-87e0-24a5e5fedac5;424.98;0.133;UNKNOWN
2016-02-24T01:14:48.000000;2016-02-24T01:14:48.000000;9d565031-f64d-4cea-8c95-3427f3378083;424.98;0.17945622;UNKNOWN
2016-02-24T01:15:18.000000;2016-02-24T01:15:18.000000;a40ccefa-a7af-4a80-9061-e2e3bef140ee;424.98;0.02054378;UNKNOWN
2016-02-24T01:15:18.000000;2016-02-24T01:15:18.000000;6c54b86d-8a52-45fa-afd8-10b9713fa411;424.98;0.2;UNKNOWN
2016-02-24T01:15:18.000000;2016-02-24T01:15:18.000000;81c59402-e32a-4a9e-ace1-dd59fa5d0bb3;424.97;6.84567849;UNKNOWN
2016-02-24T01:15:46.000000;2016-02-24T01:15:46.000000;00c6f040-d351-45f5-aeca-4aa077c66522;424.96;17.69;UNKNOWN
2016-02-24T01:15:46.000000;2016-02-24T01:15:46.000000;9aa6bdd5-ea89-4226-852c-a468b6c044dc;424.98;0.2;UNKNOWN
2016-02-24T01:15:46.000000;2016-02-24T01:15:46.000000;8fbef908-f52f-4810-803f-33fdbc75dbdb;424.97;13.9032;UNKNOWN
2016-02-24T01:15:46.000000;2016-02-24T01:15:46.000000;93f5e0d8-b61e-41a2-8622-4317c73abddc;424.97;5.8439;UNKNOWN
2016-02-24T01:15:46.000000;2016-02-24T01:15:46.000000;dea57cdc-85c6-45ed-b505-368c7bc6d980;424.92;11.9629;UNKNOWN
2016-02-24T01:15:46.000000;2016-02-24T01:15:46.000000;14448b99-da60-4ddc-8501-e93080ac957b;424.98;0.4;UNKNOWN
2016-02-24T01:15:51.000000;2016-02-24T01:15:51.000000;de672a7b-12fd-4cfd-b26a-7941a9949e86;424.99;1.1981;UNKNOWN
2016-02-24T01:15:59.000000;2016-02-24T01:15:59.000000;1ee744ca-9263-4ca0-813a-dea12cadc504;424.98;0.07066222;UNKNOWN
2016-02-24T01:16:02.000000;2016-02-24T01:16:02.000000;e4320baa-6122-4e82-9e6f-6e03431cfda2;424.49;0.2;UNKNOWN
2016-02-24T01:16:02.000000;2016-02-24T01:16:02.000000;8c0e14a5-83c9-4154-90a4-d51c79ed3dec;424.42;8.98406222;UNKNOWN
2016-02-24T01:16:02.000000;2016-02-24T01:16:02.000000;2e339519-2aeb-4d74-97a2-b7c97b805b0e;424.49;0.2;UNKNOWN
2016-02-24T01:16:02.000000;2016-02-24T01:16:02.000000;e9fe1b2e-47a0-4e7b-8495-e4e93ad9a65a;424.49;0.2;UNKNOWN
2016-02-24T01:16:02.000000;2016-02-24T01:16:02.000000;fa8a07c8-972b-44de-b097-ff8f5d2d7a99;424.98;0.10133778;UNKNOWN
2016-02-24T01:16:02.000000;2016-02-24T01:16:02.000000;cbf1016a-87d5-44e1-802b-af3277286033;424.77;5.1;UNKNOWN
2016-02-24T01:16:02.000000;2016-02-24T01:16:02.000000;99751084-2303-49a1-b0b7-6c7d9e2d57dd;424.58;14.9205;UNKNOWN
2016-02-24T01:16:02.000000;2016-02-24T01:16:02.000000;6b4797ae-63e6-44bd-8ea9-289697a4f845;424.76;14.4459;UNKNOWN
2016-02-24T01:16:02.000000;2016-02-24T01:16:02.000000;889c37f0-1f03-48db-8933-d9c38c183f8e;424.79;5.8482;UNKNOWN
2016-02-24T01:16:26.000000;2016-02-24T01:16:26.000000;5f503c0f-fa33-42eb-83dc-b688146733a2;424.33;0.1;UNKNOWN
2016-02-24T01:17:09.000000;2016-02-24T01:17:09.000000;121c16df-ba6f-4ccc-a956-e47b102b9d58;424.55;0.214487;UNKNOWN
2016-02-24T01:18:08.000000;2016-02-24T01:18:08.000000;6531cb7b-fd3c-4b1e-8f42-d97c03518ffc;424.5;0.3;UNKNOWN
2016-02-24T01:18:08.000000;2016-02-24T01:18:08.000000;203da5dd-9608-4ee2-8922-1fdd3b2667a4;424.55;0.2;UNKNOWN
2016-02-24T01:18:08.000000;2016-02-24T01:18:08.000000;722c18dc-9d38-4190-81b9-9d081cd221fa;424.55;0.2;UNKNOWN
2016-02-24T01:18:28.000000;2016-02-24T01:18:28.000000;db918efe-04cc-44fc-be68-98a27c7232dd;424.5;0.05417946;UNKNOWN
2016-02-24T01:19:08.000000;2016-02-24T01:19:08.000000;aa9eeff4-7499-4709-bbde-70435c8666a4;424.5;0.11738467;UNKNOWN
2016-02-24T01:19:39.000000;2016-02-24T01:19:39.000000;0cd95fb5-83ca-4309-b1a8-614637a2b0fb;424.5;0.12843587;UNKNOWN
2016-02-24T01:19:39.000000;2016-02-24T01:19:39.000000;5317ce45-4167-4e02-838b-af13ae6c4c72;424.5;0.59;UNKNOWN
2016-02-24T01:19:39.000000;2016-02-24T01:19:39.000000;89c36fe5-0bc1-45f4-a5f8-91ea234a1635;424.44;0.28156413;UNKNOWN
2016-02-24T01:20:08.000000;2016-02-24T01:20:08.000000;99d8715c-8022-476c-9e4f-e30b85dabacc;424.44;0.466488;UNKNOWN
2016-02-24T01:21:38.000000;2016-02-24T01:21:38.000000;2a2762ab-6605-4148-aa1e-aed8248ed00b;424.35;0.29480047;UNKNOWN
2016-02-24T01:22:08.000000;2016-02-24T01:22:08.000000;57edd87c-331b-46cb-b736-2ce2fcb219f0;424.37;1.16998521;UNKNOWN
2016-02-24T01:24:04.000000;2016-02-24T01:24:04.000000;e8e95139-f151-42c5-a1c2-246c6a4b1773;424.64;0.042;UNKNOWN
2016-02-24T01:24:04.000000;2016-02-24T01:24:04.000000;6ccf17b4-735b-435b-b4ce-c29fbc256a2f;424.63;19.4;UNKNOWN
2016-02-24T01:24:04.000000;2016-02-24T01:24:04.000000;144b5e07-a846-4ef3-8304-05a6e151050b;424.63;0.4;UNKNOWN
2016-02-24T01:24:04.000000;2016-02-24T01:24:04.000000;9648b19f-f5e8-4231-a234-abb51f0bb7c0;424.63;0.2;UNKNOWN
2016-02-24T01:24:39.000000;2016-02-24T01:24:39.000000;230b91af-78a1-44db-a800-e8571aa965d2;424.63;1.17867429;UNKNOWN
2016-02-24T01:24:53.000000;2016-02-24T01:24:53.000000;d5aeb382-faf8-4d40-8512-b59397b7f5f1;424.65;0.0106;UNKNOWN
2016-02-24T01:25:45.000000;2016-02-24T01:25:45.000000;d264287f-2126-4218-85c2-970bb14e589b;424.64;0.05;UNKNOWN
2016-02-24T01:25:55.000000;2016-02-24T01:25:55.000000;380032b4-167b-4e92-897a-16ca6d14ed42;424.65;1.0;UNKNOWN
2016-02-24T01:26:09.000000;2016-02-24T01:26:09.000000;72b3d5ee-dfe4-491f-9776-bf1c95607eea;424.64;0.02015127;UNKNOWN
2016-02-24T01:26:09.000000;2016-02-24T01:26:09.000000;3707c9a2-1ac7-4a17-b976-4ef24458b820;424.64;0.15;UNKNOWN
2016-02-24T01:27:54.000000;2016-02-24T01:27:54.000000;5f65c5d1-391c-46d3-ad3d-4e558c9d3e02;424.65;0.1635;UNKNOWN
2016-02-24T01:28:00.000000;2016-02-24T01:28:00.000000;99dfc36a-2898-4102-ac5c-7f7319278bd5;424.65;0.05;UNKNOWN
2016-02-24T01:28:08.000000;2016-02-24T01:28:08.000000;7a8050b1-9252-4d71-b386-b91ace86aedc;424.64;0.46619;UNKNOWN
2016-02-24T01:28:55.000000;2016-02-24T01:28:55.000000;1e240b96-2f81-4b91-998c-1e2fb8b6ab11;424.64;0.094022;UNKNOWN
2016-02-24T01:28:57.000000;2016-02-24T01:28:57.000000;8e6e0b3f-0a23-4e31-8a14-d717a4194d24;424.65;0.0759;UNKNOWN
2016-02-24T01:29:20.000000;2016-02-24T01:29:20.000000;70481d3f-6bc2-4123-b5e7-bcd7b2cece44;424.65;10.0;UNKNOWN
2016-02-24T01:32:15.000000;2016-02-24T01:32:15.000000;5bae9970-8e4b-4748-a244-4b7822237513;424.73;1.0;UNKNOWN
2016-02-24T01:32:15.000000;2016-02-24T01:32:15.000000;f77e0bd7-fce8-4793-a355-d81f5ccd5ce8;424.73;1.32;UNKNOWN
2016-02-24T01:32:37.000000;2016-02-24T01:32:37.000000;5a0bbf1d-5fb9-48e8-be54-f4edfff67af1;424.72;0.2;UNKNOWN
2016-02-24T01:32:37.000000;2016-02-24T01:32:37.000000;eb9605dc-ce39-4ac7-835f-fd578c8228ee;424.51;4.9845;UNKNOWN
2016-02-24T01:32:37.000000;2016-02-24T01:32:37.000000;b96d9272-9304-46bc-a23a-e6d4975dadb2;424.66;4.38;UNKNOWN
2016-02-24T01:32:37.000000;2016-02-24T01:32:37.000000;e6a52b37-cd04-406f-b00c-49bbfee7a17f;424.63;0.2;UNKNOWN
2016-02-24T01:32:37.000000;2016-02-24T01:32:37.000000;4305fafb-c5b0-4071-b1be-d08cf622f0de;424.7;0.2355;UNKNOWN
2016-02-24T01:33:06.000000;2016-02-24T01:33:06.000000;049d737a-80da-4a1f-8a0a-e4b4670bc389;424.6;2.53743279;UNKNOWN
2016-02-24T01:33:38.000000;2016-02-24T01:33:38.000000;88a63db9-4edf-4d8d-9c51-e53bd0e8fa5c;424.32;0.69527048;UNKNOWN
2016-02-24T01:33:46.000000;2016-02-24T01:33:46.000000;e60e68e8-edbd-4961-99ce-f61222303b47;424.3;2.0;UNKNOWN
2016-02-24T01:33:56.000000;2016-02-24T01:33:56.000000;c5ac75b5-ab5c-4867-88a6-7aa89f64acb0;424.28;0.47554999;UNKNOWN
2016-02-24T01:36:08.000000;2016-02-24T01:36:08.000000;0b008044-ced4-40d2-b5f5-586272fa9721;424.42;0.47188096;UNKNOWN
2016-02-24T01:37:55.000000;2016-02-24T01:37:55.000000;c1de9bbb-4fe2-4e17-bf48-c021fe4ac09e;424.42;1.0;UNKNOWN
2016-02-24T01:38:58.000000;2016-02-24T01:38:58.000000;4aa92009-0788-40b1-a727-790260335061;424.42;12.29651847;UNKNOWN
2016-02-24T01:39:31.000000;2016-02-24T01:39:31.000000;0e3e2ac4-e0af-4b67-b5a3-fb3179924463;424.42;10.0;UNKNOWN
2016-02-24T01:40:37.000000;2016-02-24T01:40:37.000000;43cc50f9-b84e-443b-8c97-879283c4738c;424.42;0.3;UNKNOWN
2016-02-24T01:40:58.000000;2016-02-24T01:40:58.000000;2670c970-57a1-4bd5-94a9-d505bbaa5846;424.42;0.05896287;UNKNOWN
2016-02-24T01:42:28.000000;2016-02-24T01:42:28.000000;b7f70cbd-bef6-4517-b3ab-61c03d7feac4;424.1;2.38956202;UNKNOWN
2016-02-24T01:42:28.000000;2016-02-24T01:42:28.000000;6745890a-c64f-4ef5-b832-824086c9541a;424.42;0.2;UNKNOWN
2016-02-24T01:42:28.000000;2016-02-24T01:42:28.000000;7fb7e2ee-2099-41ad-9da0-2194df78dc49;424.4;1.0;UNKNOWN
2016-02-24T01:42:28.000000;2016-02-24T01:42:28.000000;4908f0ff-27fb-4793-bb7b-062753825751;424.42;4.6726377;UNKNOWN
2016-02-24T01:42:30.000000;2016-02-24T01:42:30.000000;cb7f6588-935e-43d5-b996-fdcedc146df5;424.09;0.2435;UNKNOWN
2016-02-24T01:44:06.000000;2016-02-24T01:44:06.000000;2f07b8a1-7a52-4f79-8c54-120d5d5c90f3;424.44;0.2114;UNKNOWN
2016-02-24T01:45:02.000000;2016-02-24T01:45:02.000000;1e89ee9e-12a6-4b5f-8954-89fd41208154;424.35;0.1;UNKNOWN
2016-02-24T01:45:08.000000;2016-02-24T01:45:08.000000;06d757d0-3239-4ea0-9b8c-efb38b4f0059;424.36;0.05028256;UNKNOWN
2016-02-24T01:45:29.000000;2016-02-24T01:45:29.000000;8f53e03f-300e-4877-9e33-4949a318cb72;424.44;10.0553;UNKNOWN
2016-02-24T01:46:18.000000;2016-02-24T01:46:18.000000;14e8d870-ebed-480b-81ae-c669bf67ff9d;424.38;0.95;UNKNOWN
2016-02-24T01:46:18.000000;2016-02-24T01:46:18.000000;a300fd53-ffb7-4600-938d-d97e390fcfd7;424.14;3.77058948;UNKNOWN
2016-02-24T01:47:11.000000;2016-02-24T01:47:11.000000;ea94864b-e601-4911-8ef1-5ec0313d3480;424.13;0.02897404;UNKNOWN
2016-02-24T01:47:38.000000;2016-02-24T01:47:38.000000;9249d11f-2d56-4974-bf82-654b5dcff694;424.13;0.11612412;UNKNOWN
2016-02-24T01:47:59.000000;2016-02-24T01:47:59.000000;069b156d-0df2-4263-992e-2960db2ab6af;424.13;0.05;UNKNOWN
2016-02-24T01:50:43.000000;2016-02-24T01:50:43.000000;5ff1bdbb-1819-4d39-8c86-263c4e37133a;424.13;0.05518184;UNKNOWN
2016-02-24T01:51:28.000000;2016-02-24T01:51:28.000000;70a3abf0-8aca-4b54-a3c2-dd8616c4bbd1;424.12;0.05;UNKNOWN
2016-02-24T01:51:57.000000;2016-02-24T01:51:57.000000;758f2676-fcdd-4887-b7e8-8e1b2d575bb9;424.12;0.05;UNKNOWN
2016-02-24T01:52:06.000000;2016-02-24T01:52:06.000000;c3ac1155-0ef2-4604-8349-f9317ed74d76;424.13;0.1;UNKNOWN
2016-02-24T01:52:08.000000;2016-02-24T01:52:08.000000;49425f22-f56f-46d9-b366-2f870309620e;424.12;0.11849;UNKNOWN
2016-02-24T01:52:30.000000;2016-02-24T01:52:30.000000;5e4dee73-5c61-4484-84b2-49bc7936d939;424.12;0.63723445;UNKNOWN
2016-02-24T01:53:09.000000;2016-02-24T01:53:09.000000;a73deeba-b38e-4bc8-ab98-c14e111d8b1a;424.12;0.2567394;UNKNOWN
2016-02-24T01:54:37.000000;2016-02-24T01:54:37.000000;4baa910b-fa06-4bcb-82b4-6fcec0113fa5;424.12;0.01878067;UNKNOWN
2016-02-24T01:58:50.000000;2016-02-24T01:58:50.000000;4dc4cc80-715d-498b-81b5-f9647abab0e1;424.13;0.51481816;UNKNOWN
2016-02-24T01:59:18.000000;2016-02-24T01:59:18.000000;091d435c-c459-4da6-b502-96f648ab0289;424.43;0.02596201;UNKNOWN
2016-02-24T02:00:20.000000;2016-02-24T02:00:20.000000;f104167f-1867-4be1-905b-eafe5c6e5e7e;424.43;0.01;UNKNOWN
2016-02-24T02:01:09.000000;2016-02-24T02:01:09.000000;409a3922-3e30-4cb8-80ef-18a4f9c65cf3;424.43;0.06069094;UNKNOWN
2016-02-24T02:01:25.000000;2016-02-24T02:01:25.000000;53168e97-07c8-4562-b510-8be62efee403;424.44;1.0;UNKNOWN
2016-02-24T02:03:54.000000;2016-02-24T02:03:54.000000;6a6f37ef-12ce-4f95-b6fc-8c7c2614e261;424.43;2.33;UNKNOWN
2016-02-24T02:07:05.000000;2016-02-24T02:07:05.000000;b5b35af3-d629-43a0-8443-9717fa964b47;424.44;1.0;UNKNOWN
2016-02-24T02:07:54.000000;2016-02-24T02:07:54.000000;3d38312f-48ed-4611-8eb8-564079c181c3;424.44;12.6610745;UNKNOWN
2016-02-24T02:07:54.000000;2016-02-24T02:07:54.000000;9a3a1d93-8ae7-4e88-a4db-2fa2daf5620e;424.44;37.7333;UNKNOWN
2016-02-24T02:09:01.000000;2016-02-24T02:09:01.000000;bac01096-67e8-49e9-8bed-5900743bed28;424.45;0.56231514;UNKNOWN
2016-02-24T02:09:05.000000;2016-02-24T02:09:05.000000;a211ddd9-3fa9-42ca-a16c-76c557e6f18c;424.45;0.1195;UNKNOWN
2016-02-24T02:09:06.000000;2016-02-24T02:09:06.000000;28f5ecf5-2a5f-49bf-8e2e-e7bdc8dd44ab;424.73;0.06913258;UNKNOWN
2016-02-24T02:09:28.000000;2016-02-24T02:09:28.000000;b7f52d25-46a4-4bdd-a1ce-43f5505695f0;424.9;0.071;UNKNOWN
2016-02-24T02:09:28.000000;2016-02-24T02:09:28.000000;89737950-c9d8-4a45-b80d-ad7e7dba2426;425.0;6.66473258;UNKNOWN
2016-02-24T02:09:28.000000;2016-02-24T02:09:28.000000;72957fd9-3e30-49c9-942a-31bc50f6283a;424.99;2.2419;UNKNOWN
2016-02-24T02:09:28.000000;2016-02-24T02:09:28.000000;0beb1844-78dd-4304-9cd0-fa322f0adb50;424.73;0.18086742;UNKNOWN
2016-02-24T02:09:28.000000;2016-02-24T02:09:28.000000;6520b5a0-d51a-4c4e-805e-fdd02b0eecdc;425.0;0.336;UNKNOWN
2016-02-24T02:09:36.000000;2016-02-24T02:09:36.000000;77240d4c-1ee1-4310-8700-c13684b7a84f;425.0;16.0;UNKNOWN
2016-02-24T02:09:59.000000;2016-02-24T02:09:59.000000;7c230232-c894-4982-a38b-ad59a57c43b0;425.0;1.176;UNKNOWN
2016-02-24T02:10:22.000000;2016-02-24T02:10:22.000000;632907b7-4bb0-4880-af3b-e0b88ae7cc7d;425.1;1.26073258;UNKNOWN
2016-02-24T02:10:22.000000;2016-02-24T02:10:22.000000;f380e414-a014-418c-be42-3f2d1f5dc4ad;425.0;6.15926742;UNKNOWN
2016-02-24T02:10:22.000000;2016-02-24T02:10:22.000000;426cb2ac-86ef-44d6-8c20-bf75c2843249;425.1;0.04;UNKNOWN
2016-02-24T02:10:22.000000;2016-02-24T02:10:22.000000;db9c093a-448f-4459-9689-c52ac64abc84;425.05;0.04;UNKNOWN
2016-02-24T02:10:24.000000;2016-02-24T02:10:24.000000;165b26bd-1816-49f4-86b9-7a67ff578e07;425.1;7.5;UNKNOWN
2016-02-24T02:10:24.000000;2016-02-24T02:10:24.000000;42649ab7-bc7f-4f97-8702-51a40246f8f7;425.1;5.0;UNKNOWN
2016-02-24T02:11:14.000000;2016-02-24T02:11:14.000000;d2453a24-21bf-4992-8ab7-95319fc37dc3;424.57;1.0;UNKNOWN
2016-02-24T02:12:40.000000;2016-02-24T02:12:40.000000;c16c4227-010d-4446-b4ae-9e0296bb1a80;425.08;3.78;UNKNOWN
2016-02-24T02:12:40.000000;2016-02-24T02:12:40.000000;3ccd1757-f5d6-4667-bde0-89c0df399f07;425.08;3.72;UNKNOWN
2016-02-24T02:12:41.000000;2016-02-24T02:12:41.000000;5827c325-567a-4fd3-bae5-12c80718d789;425.1;7.5;UNKNOWN
2016-02-24T02:12:43.000000;2016-02-24T02:12:43.000000;cede37a5-ef1d-4572-8d6f-2c7b810d2036;425.1;5.0;UNKNOWN
2016-02-24T02:12:58.000000;2016-02-24T02:12:58.000000;55da3f88-1da6-401a-92f6-5a8e774b3308;425.1;16.811;UNKNOWN
2016-02-24T02:13:38.000000;2016-02-24T02:13:38.000000;1259b76a-783e-4fb9-a464-a98103b9a0a4;424.65;0.11316073;UNKNOWN
2016-02-24T02:13:48.000000;2016-02-24T02:13:48.000000;4f3b96f1-f530-4469-91be-34c670b00e45;424.77;0.11792297;UNKNOWN
2016-02-24T02:13:59.000000;2016-02-24T02:13:59.000000;601cab97-29ce-4474-8899-eb03368e2766;424.77;0.38207703;UNKNOWN
2016-02-24T02:13:59.000000;2016-02-24T02:13:59.000000;0beea022-5568-498e-b245-c8a803383aa2;424.64;0.09905643;UNKNOWN
2016-02-24T02:14:58.000000;2016-02-24T02:14:58.000000;da7db7c7-f694-4df6-bc4e-9cfdf1f0bfb1;424.65;0.04665158;UNKNOWN
2016-02-24T02:15:06.000000;2016-02-24T02:15:06.000000;2d573bc8-db5d-4603-9ea4-ac125d6beb4c;424.65;1.0;UNKNOWN
2016-02-24T02:15:36.000000;2016-02-24T02:15:36.000000;b584ebc5-8e2a-40fc-a836-17fe8cb68ae4;425.01;7.5;UNKNOWN
2016-02-24T02:15:37.000000;2016-02-24T02:15:37.000000;b23e8e2b-cd1f-46db-9659-442f46fb4ae2;425.01;5.0;UNKNOWN
2016-02-24T02:16:03.000000;2016-02-24T02:16:03.000000;2f005c43-f593-438d-a164-ef20d7e62c59;424.65;0.1;UNKNOWN
2016-02-24T02:16:54.000000;2016-02-24T02:16:54.000000;7473fd15-53c9-4cf3-91df-8b1b525ae1c6;424.65;5.7803;UNKNOWN
2016-02-24T02:16:54.000000;2016-02-24T02:16:54.000000;b58e2eaa-a5f6-43ce-beb6-ea8c32c8a081;424.64;2.2197;UNKNOWN
2016-02-24T02:17:54.000000;2016-02-24T02:17:54.000000;71f2ad96-253c-447a-adec-2506a414c107;425.1;0.57173258;UNKNOWN
2016-02-24T02:17:54.000000;2016-02-24T02:17:54.000000;a88928cf-7aef-4df6-a537-c261c4c43524;425.1;6.92826742;UNKNOWN
2016-02-24T02:18:29.000000;2016-02-24T02:18:29.000000;ce3cdd43-75c6-430b-82a5-f6348737b28e;425.1;0.13908028;UNKNOWN
2016-02-24T02:19:25.000000;2016-02-24T02:19:25.000000;e1b2b61d-1da1-43eb-bc1f-df6cacb8444a;425.1;1.6;UNKNOWN
2016-02-24T02:19:39.000000;2016-02-24T02:19:39.000000;4d774e1f-c861-461f-840d-644bd9603617;425.1;0.13908028;UNKNOWN
2016-02-24T02:19:39.000000;2016-02-24T02:19:39.000000;3dc96d2f-f01b-4be8-8408-a0029dcc11ff;425.1;5.76091972;UNKNOWN
2016-02-24T02:19:46.000000;2016-02-24T02:19:46.000000;6c1fac14-fb19-40e2-a9fd-0f02767fab28;425.1;1.0;UNKNOWN
2016-02-24T02:19:47.000000;2016-02-24T02:19:47.000000;f3240ced-a3f2-4375-b573-7e1092047560;425.15;0.04;UNKNOWN
2016-02-24T02:19:47.000000;2016-02-24T02:19:47.000000;bbb3acd9-22c5-434d-88a8-2c67c61a571c;425.21;1.61;UNKNOWN
2016-02-24T02:20:50.000000;2016-02-24T02:20:50.000000;ea9ca13a-a745-46e0-844d-7d218baed86b;425.1;1.21;UNKNOWN
2016-02-24T02:20:54.000000;2016-02-24T02:20:54.000000;86c8825a-5171-4389-9db1-85876495df11;425.1;0.76;UNKNOWN
2016-02-24T02:21:08.000000;2016-02-24T02:21:08.000000;35db5558-5cea-46ed-83e9-4aede97b7da8;425.1;0.25;UNKNOWN
2016-02-24T02:21:43.000000;2016-02-24T02:21:43.000000;91925955-76d1-4557-87c7-0db1ce8d0ce8;425.1;0.49801664;UNKNOWN
2016-02-24T02:21:56.000000;2016-02-24T02:21:56.000000;d8008ad0-3640-410b-94e0-ff1b6a2d6dcd;424.65;1.85109692;UNKNOWN
2016-02-24T02:21:56.000000;2016-02-24T02:21:56.000000;d2794f1f-c652-4fac-bbd3-a4542592cb04;425.1;1.14290308;UNKNOWN
2016-02-24T02:22:06.000000;2016-02-24T02:22:06.000000;4d23dd46-c63c-46a4-bc69-7a0ad6cb93f7;424.64;0.1133;UNKNOWN
2016-02-24T02:22:06.000000;2016-02-24T02:22:06.000000;b9c8981f-6514-4251-9755-c02ba9a37a69;424.64;3.84487415;UNKNOWN
2016-02-24T02:23:46.000000;2016-02-24T02:23:46.000000;9f788938-1488-407f-862b-53fed98ce3d4;424.6;3.57;UNKNOWN
2016-02-24T02:24:39.000000;2016-02-24T02:24:39.000000;aa1d70d4-14de-4e25-9a40-758510346237;424.2;0.11785634;UNKNOWN
2016-02-24T02:25:28.000000;2016-02-24T02:25:28.000000;ca4d39d4-1122-4205-8b7f-b812e8e1bff8;424.21;0.04949966;UNKNOWN
2016-02-24T02:27:06.000000;2016-02-24T02:27:06.000000;43379dbd-0d50-4c49-8ea7-93dc80a60a94;424.43;0.41482301;UNKNOWN
2016-02-24T02:27:08.000000;2016-02-24T02:27:08.000000;eb45e794-af64-4ed7-b110-c147f8d59e11;424.28;2.14197917;UNKNOWN
2016-02-24T02:27:09.000000;2016-02-24T02:27:09.000000;28507aca-efd4-4836-8317-2ecf7ab6d8ab;424.28;0.39862199;UNKNOWN
2016-02-24T02:30:13.000000;2016-02-24T02:30:13.000000;87a9f7fc-58b3-44a3-9a91-f25d0d827fbc;424.29;0.0589;UNKNOWN
2016-02-24T02:30:38.000000;2016-02-24T02:30:38.000000;a8c08030-abd5-4b15-87f7-f3b8a9955321;424.21;0.49;UNKNOWN
2016-02-24T02:30:38.000000;2016-02-24T02:30:38.000000;4c9d9cb4-1fba-4f23-af43-4b930857f71e;424.2;0.22013059;UNKNOWN
2016-02-24T02:30:44.000000;2016-02-24T02:30:44.000000;cc5f971a-cd2a-4ca7-8caf-11bc4ea9c806;424.2;0.16201307;UNKNOWN
2016-02-24T02:30:44.000000;2016-02-24T02:30:44.000000;db618cdf-ca22-4d21-bd63-097c6c22ec4a;424.19;0.25798693;UNKNOWN
2016-02-24T02:32:05.000000;2016-02-24T02:32:05.000000;62bd8a93-d629-4332-864d-202a9750c327;424.22;10.0;UNKNOWN
2016-02-24T02:34:40.000000;2016-02-24T02:34:40.000000;529ae5bf-9d75-407a-b5f9-69d6521cd503;424.2;1.05;UNKNOWN
2016-02-24T02:34:40.000000;2016-02-24T02:34:40.000000;6327841d-bae6-495e-a61a-b2f7c7722fa0;424.22;0.48;UNKNOWN
2016-02-24T02:34:43.000000;2016-02-24T02:34:43.000000;896e6402-58b4-455c-b0c0-09d869d48d29;424.0;0.93990949;UNKNOWN
2016-02-24T02:34:43.000000;2016-02-24T02:34:43.000000;bc251963-957a-4131-a4e8-1a12b2cdf78b;424.0;0.4;UNKNOWN
2016-02-24T02:34:43.000000;2016-02-24T02:34:43.000000;a02963b1-26a1-4823-8c8c-a1c358277943;424.2;1.2;UNKNOWN
2016-02-24T02:34:43.000000;2016-02-24T02:34:43.000000;bd9f4509-4b59-4e5f-ac9f-8d52a0279754;424.15;1.0;UNKNOWN
2016-02-24T02:34:43.000000;2016-02-24T02:34:43.000000;3211d290-f579-4f53-b035-9584012a58bd;424.17;5.837;UNKNOWN
2016-02-24T02:34:43.000000;2016-02-24T02:34:43.000000;cda8d7d1-648f-4001-b94b-d9e254f0f048;424.12;0.2;UNKNOWN
2016-02-24T02:34:50.000000;2016-02-24T02:34:50.000000;0d23aa29-fc0d-4194-a504-80de3f5eaba5;423.8;0.04;UNKNOWN
2016-02-24T02:34:50.000000;2016-02-24T02:34:50.000000;c5e811b6-524d-4f16-a10d-8564adb46b23;423.7;0.00182585;UNKNOWN
2016-02-24T02:35:08.000000;2016-02-24T02:35:08.000000;b3603d53-ed8f-4679-940a-fb367288b560;423.66;0.54675745;UNKNOWN
2016-02-24T02:35:08.000000;2016-02-24T02:35:08.000000;9acff0a3-85ff-4b15-bf28-640a148c1ee3;423.7;0.03817415;UNKNOWN
2016-02-24T02:36:06.000000;2016-02-24T02:36:06.000000;1b14624d-7c76-4dcd-8794-1b1104aba476;423.65;0.43016152;UNKNOWN
2016-02-24T02:36:06.000000;2016-02-24T02:36:06.000000;2e3ed801-e76a-458e-91b0-f4ac03e38cd1;423.66;0.55;UNKNOWN
2016-02-24T02:36:06.000000;2016-02-24T02:36:06.000000;271cc21c-78ac-48f5-809a-39b733757533;423.71;0.2;UNKNOWN
2016-02-24T02:36:24.000000;2016-02-24T02:36:24.000000;4d5db910-e405-462a-9529-50ac444ea254;423.61;0.25;UNKNOWN
2016-02-24T02:36:24.000000;2016-02-24T02:36:24.000000;88a3cda6-553f-4328-ad49-519904758dfe;423.6;0.0252529;UNKNOWN
2016-02-24T02:36:24.000000;2016-02-24T02:36:24.000000;18c1dbcd-0002-4b64-a4ca-0cde39462c44;423.65;0.12483848;UNKNOWN
2016-02-24T02:36:43.000000;2016-02-24T02:36:43.000000;2a8e4149-1544-4f65-b692-4080f315ac88;423.4;0.03553774;UNKNOWN
2016-02-24T02:36:43.000000;2016-02-24T02:36:43.000000;5d41e41a-e58f-4005-bf1d-e12254442182;423.5;0.04;UNKNOWN
2016-02-24T02:36:43.000000;2016-02-24T02:36:43.000000;c152195b-eb4d-4e97-b393-3de747a9f064;423.6;0.0147471;UNKNOWN
2016-02-24T02:36:43.000000;2016-02-24T02:36:43.000000;c93b33cc-0db5-4c98-bfbe-7d84456f0035;423.4;0.04;UNKNOWN
2016-02-24T02:36:43.000000;2016-02-24T02:36:43.000000;1b8e4c80-ed9f-40fb-9c57-cfb52610c1f8;423.37;0.42971516;UNKNOWN
2016-02-24T02:36:43.000000;2016-02-24T02:36:43.000000;b5dbe50b-000f-4e62-b8f2-b0972cba9537;423.5;0.24;UNKNOWN
2016-02-24T02:36:43.000000;2016-02-24T02:36:43.000000;3031f98b-8f69-4d70-9707-34434154e555;423.49;0.2;UNKNOWN
2016-02-24T02:36:44.000000;2016-02-24T02:36:44.000000;f9892d1b-bb36-471b-a27f-8721f3ddeb84;423.47;0.24;UNKNOWN
2016-02-24T02:36:47.000000;2016-02-24T02:36:47.000000;b1ae9cda-bbde-4ac6-8173-10281cd8d87d;423.47;0.24;UNKNOWN
2016-02-24T02:36:49.000000;2016-02-24T02:36:49.000000;d82b31a4-c80b-4576-bed4-f98f02c69726;423.37;0.5;UNKNOWN
2016-02-24T02:37:06.000000;2016-02-24T02:37:06.000000;a0778187-fffe-4002-b44a-935a1165777f;423.47;0.22842158;UNKNOWN
2016-02-24T02:37:08.000000;2016-02-24T02:37:08.000000;8b6e6552-22bb-45c7-beae-523d016e2828;423.37;2.22;UNKNOWN
2016-02-24T02:37:08.000000;2016-02-24T02:37:08.000000;ba477ee0-8546-4854-9da0-e21ca3d1d0dd;423.35;0.53;UNKNOWN
2016-02-24T02:37:46.000000;2016-02-24T02:37:46.000000;654980f9-6038-45e9-bcb3-62c92d6c753e;423.47;4.12;UNKNOWN
2016-02-24T02:37:47.000000;2016-02-24T02:37:47.000000;63451cc6-a2f1-494e-87aa-813fb15e4144;423.47;0.04928036;UNKNOWN
2016-02-24T02:38:00.000000;2016-02-24T02:38:00.000000;43b6d62f-e444-4cac-8cf9-d669cf21614a;423.3;0.04;UNKNOWN
2016-02-24T02:38:00.000000;2016-02-24T02:38:00.000000;8acbc7c9-872e-4e45-b875-bcfba5fe6a39;423.46;0.2;UNKNOWN
2016-02-24T02:38:00.000000;2016-02-24T02:38:00.000000;28717aac-315b-4665-b249-a779c0b4a31d;423.37;2.22;UNKNOWN
2016-02-24T02:38:00.000000;2016-02-24T02:38:00.000000;a0003fe6-aab7-42ca-935c-591bce61da04;423.35;5.8449;UNKNOWN
2016-02-24T02:38:00.000000;2016-02-24T02:38:00.000000;df48bb95-413b-4400-8e7a-8c1c8f3cb669;423.34;1.0;UNKNOWN
2016-02-24T02:38:11.000000;2016-02-24T02:38:11.000000;35ce59d5-6347-49f0-8f54-4c6a5d2e8c0c;422.92;0.16;UNKNOWN
2016-02-24T02:38:11.000000;2016-02-24T02:38:11.000000;2532764d-b68f-475c-8340-9b1806f2901e;422.9;0.04;UNKNOWN
2016-02-24T02:38:11.000000;2016-02-24T02:38:11.000000;56b6f9b6-e3f4-4b34-b713-5bfb75cc930c;422.8;0.04;UNKNOWN
2016-02-24T02:38:11.000000;2016-02-24T02:38:11.000000;d148074f-e56a-42e0-a510-e371a5fc1fd3;423.2;0.04;UNKNOWN
2016-02-24T02:38:11.000000;2016-02-24T02:38:11.000000;df4a3f1e-da4c-4afe-abbd-1e0f5cb4b9cc;422.93;0.0852;UNKNOWN
2016-02-24T02:38:11.000000;2016-02-24T02:38:11.000000;30bf4074-f8b0-4351-ad83-7d36c28e9575;423.1;0.04;UNKNOWN
2016-02-24T02:38:11.000000;2016-02-24T02:38:11.000000;25939a11-984a-47f1-b89f-f7dfe0813f18;422.61;11.8607;UNKNOWN
2016-02-24T02:38:11.000000;2016-02-24T02:38:11.000000;481c675d-c53c-40cc-9b52-f5f892292a69;422.7;0.04;UNKNOWN
2016-02-24T02:38:11.000000;2016-02-24T02:38:11.000000;e166d79f-8749-4a11-97a3-2d36a64d09a7;422.95;0.05;UNKNOWN
2016-02-24T02:38:11.000000;2016-02-24T02:38:11.000000;666466a8-028b-46ef-ae60-0fe3be66d213;423.0;0.04;UNKNOWN
2016-02-24T02:38:17.000000;2016-02-24T02:38:17.000000;e6e9b524-7b24-48bc-9bdf-92d8aebb36a8;422.64;0.89745183;UNKNOWN
2016-02-24T02:38:17.000000;2016-02-24T02:38:17.000000;45bcc822-d857-4992-941b-c86a362116cd;422.64;0.5;UNKNOWN
2016-02-24T02:38:45.000000;2016-02-24T02:38:45.000000;0b38bfe4-f57f-430c-acad-97f8205363ec;422.67;5.8666;UNKNOWN
2016-02-24T02:38:45.000000;2016-02-24T02:38:45.000000;7198e316-f7d8-4a26-904b-bfe42c5e8cd9;422.67;0.47;UNKNOWN
2016-02-24T02:38:45.000000;2016-02-24T02:38:45.000000;2b227c32-7d2d-42e5-b646-233e4ddf9cad;422.67;0.47;UNKNOWN
2016-02-24T02:38:45.000000;2016-02-24T02:38:45.000000;962c9273-11fd-49d3-a507-fe03d2717ddf;422.67;0.47;UNKNOWN
2016-02-24T02:38:45.000000;2016-02-24T02:38:45.000000;c2b9abac-e854-48d3-b9ad-fc5e7c8bc4c9;422.67;0.47;UNKNOWN
2016-02-24T02:38:45.000000;2016-02-24T02:38:45.000000;d795fabc-0fc8-4394-bae6-2f06acf6f050;422.67;0.47;UNKNOWN
2016-02-24T02:38:45.000000;2016-02-24T02:38:45.000000;af8bf370-fa1f-4642-a04b-4b4933b1a54a;422.67;0.47;UNKNOWN
2016-02-24T02:38:45.000000;2016-02-24T02:38:45.000000;c8e05e1d-aac5-4bc1-8f8a-393c6b6e0711;422.67;0.47;UNKNOWN
2016-02-24T02:38:45.000000;2016-02-24T02:38:45.000000;63563eb9-c16e-401b-ad3a-f5d8062a0757;422.67;0.47;UNKNOWN
2016-02-24T02:38:45.000000;2016-02-24T02:38:45.000000;4f23b7c5-23e6-4181-a8ee-17a2ada3fd03;422.67;0.47;UNKNOWN
2016-02-24T02:38:45.000000;2016-02-24T02:38:45.000000;9c45c66c-5b7c-4166-a418-dae9282f7fca;422.67;0.519;UNKNOWN
2016-02-24T02:38:45.000000;2016-02-24T02:38:45.000000;42f58722-6136-45ac-9992-b94ea4298bef;422.67;0.47;UNKNOWN
2016-02-24T02:38:45.000000;2016-02-24T02:38:45.000000;54bbdae1-3c3c-499a-b6fd-7a38f5436d8f;422.67;0.47;UNKNOWN
2016-02-24T02:38:45.000000;2016-02-24T02:38:45.000000;8523ac5f-213b-4e14-9ae8-977234ba0152;422.67;0.47;UNKNOWN
2016-02-24T02:39:00.000000;2016-02-24T02:39:00.000000;4c789034-faee-4b06-9fe6-3be048057f27;422.72;1.851;UNKNOWN
2016-02-24T02:39:00.000000;2016-02-24T02:39:00.000000;7cc52ffb-3993-478c-9630-3c0c51e76278;423.17;0.149;UNKNOWN
2016-02-24T02:39:07.000000;2016-02-24T02:39:07.000000;d7106525-4136-4c7d-ad7e-074cf685bd25;422.72;2.0;UNKNOWN
2016-02-24T02:39:08.000000;2016-02-24T02:39:08.000000;d4affbb8-0253-4ea5-ac1e-e9d5e0a1abea;422.72;2.0;UNKNOWN
2016-02-24T02:39:10.000000;2016-02-24T02:39:10.000000;fff34dcb-ffb3-47cc-8c08-a09167db0765;422.74;1.6;UNKNOWN
2016-02-24T02:39:10.000000;2016-02-24T02:39:10.000000;3cf1832a-7eff-4b1f-b463-40e53a0c6d6c;422.72;0.4;UNKNOWN
2016-02-24T02:39:14.000000;2016-02-24T02:39:14.000000;97ae9854-0497-4ca8-9f78-6fb8b7b21a56;422.72;2.0;UNKNOWN
2016-02-24T02:39:17.000000;2016-02-24T02:39:17.000000;9fa51996-0349-47fe-a724-16adc83b2f3c;422.72;2.0;UNKNOWN
2016-02-24T02:39:17.000000;2016-02-24T02:39:17.000000;93631582-2c91-4c5d-9001-9e0c28e602a5;422.75;0.15072481;UNKNOWN
2016-02-24T02:39:17.000000;2016-02-24T02:39:17.000000;44d33056-6da2-46c7-8e51-a52634da1aac;422.72;26.1249;UNKNOWN
2016-02-24T02:39:20.000000;2016-02-24T02:39:20.000000;723f67be-5c60-466a-aab3-2b09eb3f0cd8;422.74;1.6;UNKNOWN
2016-02-24T02:39:20.000000;2016-02-24T02:39:20.000000;98084c07-5213-42d9-bcd5-9d300fd379c7;422.72;7.0241;UNKNOWN
2016-02-24T02:39:21.000000;2016-02-24T02:39:21.000000;4693c955-ff61-4a5a-82a7-b521de04dfd0;422.6;0.04;UNKNOWN
2016-02-24T02:39:21.000000;2016-02-24T02:39:21.000000;00cb53da-0a5d-403b-aaa0-772d553f2f66;422.72;1.6;UNKNOWN
2016-02-24T02:39:21.000000;2016-02-24T02:39:21.000000;606cd127-b421-4999-9efd-67d150b2ac05;422.59;0.36;UNKNOWN
2016-02-24T02:39:22.000000;2016-02-24T02:39:22.000000;2551bb98-bf75-4175-a6ec-91b03df2f1a6;422.59;0.48;UNKNOWN
2016-02-24T02:39:25.000000;2016-02-24T02:39:25.000000;6556f032-8ee0-4582-8812-c59635bd3c3c;422.7;1.6;UNKNOWN
2016-02-24T02:39:29.000000;2016-02-24T02:39:29.000000;81e00ab0-13f6-4ef1-ae54-f04932862b82;422.56;0.02357237;UNKNOWN
2016-02-24T02:39:31.000000;2016-02-24T02:39:31.000000;c6e8b3cc-e9af-4986-8ba7-73c9be442c59;422.56;0.53;UNKNOWN
2016-02-24T02:39:33.000000;2016-02-24T02:39:33.000000;c8d14008-b4e4-44c0-9f16-e99273f2fd6f;422.2;0.04;UNKNOWN
2016-02-24T02:39:33.000000;2016-02-24T02:39:33.000000;3dc35f22-a2be-4e89-9d67-2949198a4eb3;422.6;1.13;UNKNOWN
2016-02-24T02:39:33.000000;2016-02-24T02:39:33.000000;49d6dac4-478c-4bd7-87a4-de94b38ef22c;422.3;0.04;UNKNOWN
2016-02-24T02:39:33.000000;2016-02-24T02:39:33.000000;ec704e4c-8e82-4d7a-8745-c4ad5d8dbcae;422.5;0.04;UNKNOWN
2016-02-24T02:39:33.000000;2016-02-24T02:39:33.000000;81ff2cd6-4dc1-4b75-987b-39c0ca9b6d57;422.4;0.04;UNKNOWN
2016-02-24T02:39:33.000000;2016-02-24T02:39:33.000000;a400c4c3-e80b-41a9-a203-728c7238b035;422.56;0.44642763;UNKNOWN
2016-02-24T02:39:33.000000;2016-02-24T02:39:33.000000;564696dc-b2a4-4059-a832-88d3485f1054;422.13;0.26357237;UNKNOWN
2016-02-24T02:39:35.000000;2016-02-24T02:39:35.000000;3eabd590-4e29-4fb6-bb22-786ff79793c5;422.52;1.0;UNKNOWN
2016-02-24T02:39:38.000000;2016-02-24T02:39:38.000000;a3ac66ab-dc50-480a-a60d-f34f4ddffd16;422.13;0.5;UNKNOWN
2016-02-24T02:39:44.000000;2016-02-24T02:39:44.000000;0a3a7c73-e3b4-45e7-9586-c13354da5d4f;422.15;0.78;UNKNOWN
2016-02-24T02:40:07.000000;2016-02-24T02:40:07.000000;e21ee162-7853-4354-bf93-eaee5f4c42f8;422.17;1.82;UNKNOWN
2016-02-24T02:42:06.000000;2016-02-24T02:42:06.000000;7e33d091-8b51-455a-85ce-e592e23321a2;422.13;5.0;UNKNOWN
2016-02-24T02:43:09.000000;2016-02-24T02:43:09.000000;254256c2-bedc-499c-bde0-c3b367e0780c;422.13;0.702088;UNKNOWN
2016-02-24T02:43:18.000000;2016-02-24T02:43:18.000000;bad186c7-6d3b-4250-a075-4702368cca83;422.13;0.29662889;UNKNOWN
2016-02-24T02:44:30.000000;2016-02-24T02:44:30.000000;f424eeb9-1fc2-4444-889f-8f2da85409b3;422.2;0.3079;UNKNOWN
2016-02-24T02:44:47.000000;2016-02-24T02:44:47.000000;eed81f71-8c50-4d06-98d4-97b9c82aad11;422.14;0.1;UNKNOWN
2016-02-24T02:44:47.000000;2016-02-24T02:44:47.000000;b8390ca9-fb7e-4491-ac92-971354ea4184;422.14;0.142;UNKNOWN
2016-02-24T02:44:47.000000;2016-02-24T02:44:47.000000;b88ddc66-cd95-409d-a022-bb86af3f26c6;422.14;0.244;UNKNOWN
2016-02-24T02:44:48.000000;2016-02-24T02:44:48.000000;faa49685-71e7-463f-975a-cf01b71aebce;422.14;0.129;UNKNOWN
2016-02-24T02:46:09.000000;2016-02-24T02:46:09.000000;956d6373-d820-4fe7-a72c-a3943d44e51b;422.13;0.11675695;UNKNOWN
2016-02-24T02:47:05.000000;2016-02-24T02:47:05.000000;50f659e6-7534-45f3-80e8-370a1215630f;422.21;0.38115877;UNKNOWN
2016-02-24T02:47:05.000000;2016-02-24T02:47:05.000000;d280993d-83be-4655-8e09-754e7b94e008;422.21;0.47;UNKNOWN
2016-02-24T02:47:08.000000;2016-02-24T02:47:08.000000;0a211e5e-34c9-4f2b-a336-b292c4345460;422.13;2.27655827;UNKNOWN
2016-02-24T02:47:08.000000;2016-02-24T02:47:08.000000;95a8a453-d0d5-418f-aa89-9afec342b75a;422.15;0.2618;UNKNOWN
2016-02-24T02:47:08.000000;2016-02-24T02:47:08.000000;bb4b4dca-80d5-470e-bc05-e23efd4e9bc8;422.13;0.88324305;UNKNOWN
2016-02-24T02:47:28.000000;2016-02-24T02:47:28.000000;bd925ff7-54df-4d85-979c-6e2f04b21bb4;422.12;0.04742619;UNKNOWN
2016-02-24T02:48:45.000000;2016-02-24T02:48:45.000000;77cd33d5-8fce-4c59-bcc1-657721f8394e;422.19;0.08;UNKNOWN
2016-02-24T02:49:10.000000;2016-02-24T02:49:10.000000;10d6cb1c-8a84-4bf1-abf6-0c652977571e;422.2;0.03099999;UNKNOWN
2016-02-24T02:49:10.000000;2016-02-24T02:49:10.000000;af0e983e-9a32-4082-af98-62cc789992e1;422.2;0.51900001;UNKNOWN
2016-02-24T02:50:05.000000;2016-02-24T02:50:05.000000;495a5486-880a-417c-8a92-5ce8ee0aa66e;422.2;0.47;UNKNOWN
2016-02-24T02:50:05.000000;2016-02-24T02:50:05.000000;c3266a24-78a4-44f0-aeb0-e21f940378e8;422.2;0.47;UNKNOWN
2016-02-24T02:50:05.000000;2016-02-24T02:50:05.000000;cf1a5b52-4ef0-49c2-85d5-8748a3ce008d;422.2;0.47;UNKNOWN
2016-02-24T02:50:05.000000;2016-02-24T02:50:05.000000;9da9cf64-97b2-4e17-a005-8fa404706d1e;422.2;0.40318106;UNKNOWN
2016-02-24T02:50:05.000000;2016-02-24T02:50:05.000000;a8b16cf6-a8de-416d-bcf5-7a925ecbbe6f;422.2;0.47;UNKNOWN
2016-02-24T02:50:05.000000;2016-02-24T02:50:05.000000;0a3c84f7-0dd5-46cb-958c-8fb5eee22a67;422.2;0.43900001;UNKNOWN
2016-02-24T02:50:05.000000;2016-02-24T02:50:05.000000;ba39233f-d701-448b-9c84-6ec248f8bd17;422.2;0.47;UNKNOWN
2016-02-24T02:50:05.000000;2016-02-24T02:50:05.000000;cc30808a-45c7-4331-bb16-b7a4c3a8f282;422.2;0.47;UNKNOWN
2016-02-24T02:50:29.000000;2016-02-24T02:50:29.000000;aa5fdd66-f1e6-4bda-ba3a-a23547a25492;422.2;0.03318106;UNKNOWN
2016-02-24T02:50:29.000000;2016-02-24T02:50:29.000000;70724ec6-e9f6-4bb1-93c9-c32be3f8c655;422.2;0.06681894;UNKNOWN
2016-02-24T02:51:08.000000;2016-02-24T02:51:08.000000;05300b94-f151-455b-bc4f-5aa3731d6f8b;422.44;0.12136246;UNKNOWN
2016-02-24T02:51:08.000000;2016-02-24T02:51:08.000000;8952b16b-b99f-4b77-9fd2-d3f974a98b4b;422.2;0.08884123;UNKNOWN
2016-02-24T02:51:08.000000;2016-02-24T02:51:08.000000;dfc151c9-440e-4c59-a660-5feb1a0d0eba;422.2;0.47;UNKNOWN
2016-02-24T02:51:08.000000;2016-02-24T02:51:08.000000;c6113dca-e43e-4207-9cf3-6031c4878919;422.2;0.05296258;UNKNOWN
2016-02-24T02:51:08.000000;2016-02-24T02:51:08.000000;2739528e-4a09-4bd0-85e9-ce1d87b9a353;422.2;0.43681894;UNKNOWN
2016-02-24T02:52:06.000000;2016-02-24T02:52:06.000000;617b59ee-e8c5-47da-9a06-0e3813dce037;422.62;1.28684794;UNKNOWN
2016-02-24T02:53:43.000000;2016-02-24T02:53:43.000000;b6988327-73f4-4f72-b2d1-798de722786d;422.2;0.49;UNKNOWN
2016-02-24T02:53:43.000000;2016-02-24T02:53:43.000000;d25d99c6-136b-4eb8-bfa1-19cf66233226;422.2;0.4732713;UNKNOWN
2016-02-24T02:55:08.000000;2016-02-24T02:55:08.000000;ec86709f-89df-4708-bd9c-b1f2a6733e7f;422.19;0.16755;UNKNOWN
2016-02-24T02:55:22.000000;2016-02-24T02:55:22.000000;550225b6-0fe2-4e68-b612-4c200fce2f75;422.35;0.4076;UNKNOWN
2016-02-24T02:55:22.000000;2016-02-24T02:55:22.000000;370c6601-89de-43f3-8ffb-b99eabc66856;422.2;1.5924;UNKNOWN
2016-02-24T02:56:15.000000;2016-02-24T02:56:15.000000;0a54bd88-7710-4aa4-a03a-2005472f93e9;422.04;0.0854;UNKNOWN
2016-02-24T02:56:15.000000;2016-02-24T02:56:15.000000;67f8271b-5133-49a7-b38b-ee8f0afe19f1;422.1;0.04;UNKNOWN
2016-02-24T02:56:15.000000;2016-02-24T02:56:15.000000;47488f58-6e42-447e-b128-b810ca964110;422.04;0.0292;UNKNOWN
2016-02-24T02:56:15.000000;2016-02-24T02:56:15.000000;6b82107e-f0b1-4d8c-8de0-a2d94096cd4d;422.0;0.3054;UNKNOWN
2016-02-24T02:56:15.000000;2016-02-24T02:56:15.000000;cfc4beb8-1826-4001-91b2-eed2dfbb194c;422.0;0.04;UNKNOWN
2016-02-24T02:56:16.000000;2016-02-24T02:56:16.000000;2efdad12-72e9-47b7-a628-e8e8209a38b1;422.01;0.4999;UNKNOWN
2016-02-24T02:56:52.000000;2016-02-24T02:56:52.000000;97532480-09d5-40dc-8107-2bbafe8a3feb;422.06;0.64811511;UNKNOWN
2016-02-24T02:57:16.000000;2016-02-24T02:57:16.000000;ad2c6b1f-5ed5-459a-be61-1e6af2c5e047;422.1;1.0;UNKNOWN
2016-02-24T02:57:16.000000;2016-02-24T02:57:16.000000;9f60d95c-da15-4040-b55f-449e17919923;422.06;5.9011;UNKNOWN
2016-02-24T02:57:16.000000;2016-02-24T02:57:16.000000;5a0a530f-508b-4606-a86d-bb5af6ee32e6;422.0;7.4043;UNKNOWN
2016-02-24T02:57:16.000000;2016-02-24T02:57:16.000000;49c81cf5-f0dd-4c53-ae5a-ced38bee78aa;422.05;1.0;UNKNOWN
2016-02-24T02:57:16.000000;2016-02-24T02:57:16.000000;2d1f35b5-d44d-461e-a894-2a55e38ee7a2;422.0;9.6946;UNKNOWN
2016-02-24T02:57:32.000000;2016-02-24T02:57:32.000000;311a17de-029a-42dd-9886-cfbeee89c55e;422.02;0.79093339;UNKNOWN
2016-02-24T02:58:28.000000;2016-02-24T02:58:28.000000;001b4a63-07fe-4398-afe2-dca816039fa0;422.01;0.67572726;UNKNOWN
2016-02-24T02:58:47.000000;2016-02-24T02:58:47.000000;d3b48e2f-fd0e-4594-8e22-c01ec2f9c495;422.13;0.198;UNKNOWN
2016-02-24T02:58:47.000000;2016-02-24T02:58:47.000000;4e5aa4d8-80c0-4a3c-b699-69d07afd39fd;422.13;0.203;UNKNOWN
2016-02-24T02:58:47.000000;2016-02-24T02:58:47.000000;7ba212b4-89f1-445e-a673-3fdb3b2d1c0d;422.13;0.599;UNKNOWN
2016-02-24T02:59:06.000000;2016-02-24T02:59:06.000000;d482d9a3-fe6c-4262-bca2-d4361cdb198b;422.12;0.40099999;UNKNOWN
2016-02-24T02:59:06.000000;2016-02-24T02:59:06.000000;94c60a0c-5bf3-454d-8556-ab3665251715;422.12;0.599;UNKNOWN
2016-02-24T02:59:06.000000;2016-02-24T02:59:06.000000;d3a223c3-037e-4ebf-b55e-6a9eeae5bdf1;422.16;2.45673892;UNKNOWN
2016-02-24T02:59:08.000000;2016-02-24T02:59:08.000000;d30969f6-0faf-4dce-80cb-fe7d76871caa;422.01;0.11891688;UNKNOWN
2016-02-24T02:59:51.000000;2016-02-24T02:59:51.000000;716b8a4e-c7e6-4ce9-a844-c697c8b38ba1;422.01;2.1117045;UNKNOWN
2016-02-24T02:59:51.000000;2016-02-24T02:59:51.000000;99f5407b-1c15-4770-a4f0-87e1506d5dad;422.01;0.20535586;UNKNOWN
2016-02-24T02:59:51.000000;2016-02-24T02:59:51.000000;40027300-36ae-47a9-85ce-0fd9e75b74f2;422.01;0.8;UNKNOWN
2016-02-24T03:00:41.000000;2016-02-24T03:00:41.000000;530a9c92-cf3d-4821-ac6e-62ac30f3bdcc;422.0;0.244;UNKNOWN
2016-02-24T03:00:43.000000;2016-02-24T03:00:43.000000;3f0877f0-c9be-4b37-8bec-e363858c5324;422.0;0.25;UNKNOWN
2016-02-24T03:01:38.000000;2016-02-24T03:01:38.000000;61fddc2f-d814-486b-904d-291f27ca35e5;421.59;0.25;UNKNOWN
2016-02-24T03:01:38.000000;2016-02-24T03:01:38.000000;8dd70c7d-ea0a-4273-8219-51392aa1b053;421.6;0.04;UNKNOWN
2016-02-24T03:01:38.000000;2016-02-24T03:01:38.000000;2b5b187d-5372-4990-888b-682e72b9335c;421.59;0.77207603;UNKNOWN
2016-02-24T03:01:38.000000;2016-02-24T03:01:38.000000;5ad09786-d2bf-4154-b207-19f49d5f850c;422.0;2.1017;UNKNOWN
2016-02-24T03:01:38.000000;2016-02-24T03:01:38.000000;8076f5c3-9538-4140-bd03-ab65b3e5d211;421.91;0.0854;UNKNOWN
2016-02-24T03:01:38.000000;2016-02-24T03:01:38.000000;fadc80d4-195a-465d-9e74-317083c1632c;421.8;0.04;UNKNOWN
2016-02-24T03:01:38.000000;2016-02-24T03:01:38.000000;8a3bfe13-1f19-4cd2-89dc-d54b7fbc1b10;421.8;0.1188;UNKNOWN
2016-02-24T03:01:38.000000;2016-02-24T03:01:38.000000;5c70e1a2-958b-4c2f-ba92-02a38d38d7e6;421.9;0.04;UNKNOWN
2016-02-24T03:01:38.000000;2016-02-24T03:01:38.000000;f1989a0b-0357-43c1-a640-b3881cc5ab6e;421.8;0.02;UNKNOWN
2016-02-24T03:01:38.000000;2016-02-24T03:01:38.000000;fc1b2ee1-ddd1-47be-88de-cf3008f85167;421.95;0.05;UNKNOWN
2016-02-24T03:01:38.000000;2016-02-24T03:01:38.000000;4c696578-d53d-4944-95e4-c90a48cd7555;421.7;0.04;UNKNOWN
2016-02-24T03:01:42.000000;2016-02-24T03:01:42.000000;b6f579c8-a735-4cff-af21-f2e9de4773b0;421.59;4.28616;UNKNOWN
2016-02-24T03:01:43.000000;2016-02-24T03:01:43.000000;b489a307-0ebe-4132-8913-f162010f061a;421.58;0.35;UNKNOWN
2016-02-24T03:02:00.000000;2016-02-24T03:02:00.000000;f88474df-e46c-418a-aaff-867fb02abefc;421.09;6.636;UNKNOWN
2016-02-24T03:02:00.000000;2016-02-24T03:02:00.000000;56197e8f-f03a-435f-87f4-dffbd36e4e67;420.93;6.29;UNKNOWN
2016-02-24T03:02:00.000000;2016-02-24T03:02:00.000000;b7eaa0db-d187-4fd7-93dc-37fe9d608c12;421.09;15.8;UNKNOWN
2016-02-24T03:02:00.000000;2016-02-24T03:02:00.000000;e2a3c451-87d6-476b-95a7-aeb46426a57c;421.57;5.8598;UNKNOWN
2016-02-24T03:02:00.000000;2016-02-24T03:02:00.000000;e8622c3e-1ead-4b6f-8921-1289b21ed707;421.5;0.04;UNKNOWN
2016-02-24T03:02:00.000000;2016-02-24T03:02:00.000000;218da23e-827a-4eb0-9fbc-8aea4ef89df1;421.2;0.02;UNKNOWN
2016-02-24T03:02:00.000000;2016-02-24T03:02:00.000000;ea8b56c5-62b1-410d-9346-83cf0b6e47c9;421.0;0.1;UNKNOWN
2016-02-24T03:02:00.000000;2016-02-24T03:02:00.000000;b281a6b7-b428-40e8-8645-73e273a6590f;420.93;9.483;UNKNOWN
2016-02-24T03:02:00.000000;2016-02-24T03:02:00.000000;83f5011d-d74c-4e35-88a0-177ebd40133e;420.93;2.896;UNKNOWN
2016-02-24T03:02:00.000000;2016-02-24T03:02:00.000000;9eff596e-7aa3-4470-a42b-374516b01daf;421.0;0.04;UNKNOWN
2016-02-24T03:02:00.000000;2016-02-24T03:02:00.000000;a6ad7aad-42c1-4fac-9f11-dde5af4f44b3;420.92;11.17579703;UNKNOWN
2016-02-24T03:02:00.000000;2016-02-24T03:02:00.000000;69148474-e095-4d58-ba4d-6206a9875e3f;421.0;1.0;UNKNOWN
2016-02-24T03:02:00.000000;2016-02-24T03:02:00.000000;da7ad870-9b87-4734-afb3-751510b59fb4;420.95;0.1;UNKNOWN
2016-02-24T03:02:00.000000;2016-02-24T03:02:00.000000;3b790fd8-6dbe-4598-bc1e-89ce96eb5f7b;421.38;15.8;UNKNOWN
2016-02-24T03:02:00.000000;2016-02-24T03:02:00.000000;902ac251-bc27-4ab3-bbf7-778557fa05f4;421.4;0.04;UNKNOWN
2016-02-24T03:02:00.000000;2016-02-24T03:02:00.000000;e8db4081-992a-43ce-81e7-a5ec2fb41ff5;421.3;0.04;UNKNOWN
2016-02-24T03:02:00.000000;2016-02-24T03:02:00.000000;7dfb5aa4-daa2-4abc-96f6-3c1e291402a5;421.1;13.9683;UNKNOWN
2016-02-24T03:02:00.000000;2016-02-24T03:02:00.000000;0495dfa0-df23-4cdd-bda6-3932637088e0;421.05;14.2357;UNKNOWN
2016-02-24T03:02:00.000000;2016-02-24T03:02:00.000000;a2fce3a1-bcec-4ed0-82b9-d59b62f3a875;421.22;13.7719;UNKNOWN
2016-02-24T03:02:00.000000;2016-02-24T03:02:00.000000;f6749fec-2921-462c-a582-4fd685b135ab;421.56;1.0;UNKNOWN
2016-02-24T03:02:00.000000;2016-02-24T03:02:00.000000;13b4ff09-ff4c-450e-840a-1ddfc9964116;421.2;0.04;UNKNOWN
2016-02-24T03:02:09.000000;2016-02-24T03:02:09.000000;0cd3146e-887e-405d-94e4-a554092520a0;420.89;0.46;UNKNOWN
2016-02-24T03:02:09.000000;2016-02-24T03:02:09.000000;ffdf9041-915a-46d4-a69f-53061ecf5847;420.89;3.0;UNKNOWN
2016-02-24T03:02:09.000000;2016-02-24T03:02:09.000000;60188ac3-2a29-4f85-a9eb-9cee386c2202;420.89;0.5;UNKNOWN
2016-02-24T03:02:09.000000;2016-02-24T03:02:09.000000;7d85ca8b-0005-4c34-a157-0eada494f250;420.9;0.04;UNKNOWN
2016-02-24T03:02:09.000000;2016-02-24T03:02:09.000000;1fe80c31-d0d5-419c-9918-94b54a88a2a0;420.89;0.1;UNKNOWN
2016-02-24T03:02:51.000000;2016-02-24T03:02:51.000000;f7620b61-c27f-4cd4-b709-2c70db9a0c44;421.7;0.79999999;UNKNOWN
2016-02-24T03:02:51.000000;2016-02-24T03:02:51.000000;bd157618-d1c8-4f2f-a93a-d3a37d27c34b;421.64;0.6;UNKNOWN
2016-02-24T03:02:51.000000;2016-02-24T03:02:51.000000;4de09ccc-b48f-4a97-987e-3f595a9b4d64;421.64;0.60000001;UNKNOWN
2016-02-24T03:02:53.000000;2016-02-24T03:02:53.000000;eaa7b35f-414f-4a6b-b4b5-6577d1f5d407;421.63;2.0;UNKNOWN
2016-02-24T03:02:56.000000;2016-02-24T03:02:56.000000;c028ac47-077c-47a9-9ee1-b5b9d69d7684;421.63;2.0;UNKNOWN
2016-02-24T03:02:56.000000;2016-02-24T03:02:56.000000;2ec15460-0a72-49c6-8b48-a6246f2b58eb;421.11;0.69041284;UNKNOWN
2016-02-24T03:02:58.000000;2016-02-24T03:02:58.000000;d7e0644c-01df-4a63-a95f-f8be0684ef99;421.65;0.801;UNKNOWN
2016-02-24T03:02:58.000000;2016-02-24T03:02:58.000000;0fa06ec0-153c-4a67-a355-3349f77fce21;421.64;0.599;UNKNOWN
2016-02-24T03:02:58.000000;2016-02-24T03:02:58.000000;d0b3574b-aa58-4fc0-b080-d50229540547;421.64;0.6;UNKNOWN
2016-02-24T03:03:00.000000;2016-02-24T03:03:00.000000;54e4c8c0-3bd2-4875-8ab0-4e069f1a1864;421.62;2.0;UNKNOWN
2016-02-24T03:03:08.000000;2016-02-24T03:03:08.000000;98b35a22-501c-493d-91ed-a8fa95c1bf00;421.23;0.11731306;UNKNOWN
2016-02-24T03:03:26.000000;2016-02-24T03:03:26.000000;0d4d1584-ea18-4625-8cff-891e92a68406;421.61;1.0;UNKNOWN
2016-02-24T03:03:45.000000;2016-02-24T03:03:45.000000;b2447935-f6a3-4e37-bb92-87b783c48643;421.41;1.0;UNKNOWN
2016-02-24T03:03:59.000000;2016-02-24T03:03:59.000000;34251824-e8b6-445d-80e6-b13ea0eb0e31;421.5;0.242;UNKNOWN
2016-02-24T03:04:13.000000;2016-02-24T03:04:13.000000;145046d7-51a7-4029-9422-5e7cd2a4b24c;421.67;0.81;UNKNOWN
2016-02-24T03:04:13.000000;2016-02-24T03:04:13.000000;4bd8d8f6-b0ab-4819-a869-806c10c42059;421.68;4.36;UNKNOWN
2016-02-24T03:04:44.000000;2016-02-24T03:04:44.000000;d85431e7-bf46-4b25-82cb-24f86578265e;421.69;0.2;UNKNOWN
2016-02-24T03:04:50.000000;2016-02-24T03:04:50.000000;eecf9d58-38a2-4db6-868e-45d818ed2f2f;421.82;1.0;UNKNOWN
2016-02-24T03:05:23.000000;2016-02-24T03:05:23.000000;3e229e63-b139-4d0f-8fe1-e8ae1b84a158;421.72;0.0854;UNKNOWN
2016-02-24T03:05:23.000000;2016-02-24T03:05:23.000000;9954d575-7cc0-4c7d-bfd1-6556676379f3;421.7;0.7958;UNKNOWN
2016-02-24T03:05:23.000000;2016-02-24T03:05:23.000000;5f71ccee-e2f6-4002-877d-23c9d538f168;421.72;0.1188;UNKNOWN
2016-02-24T03:05:29.000000;2016-02-24T03:05:29.000000;3daa3ac0-dee0-497c-8b9d-8e2e3fc86f05;421.7;0.2374854;UNKNOWN
2016-02-24T03:05:31.000000;2016-02-24T03:05:31.000000;1e012f4b-08aa-448c-9f28-50f05d64135b;421.7;1.995;UNKNOWN
2016-02-24T03:06:34.000000;2016-02-24T03:06:34.000000;eae92d44-6dee-41ea-818e-7941ed196843;421.69;0.0125;UNKNOWN
2016-02-24T03:07:50.000000;2016-02-24T03:07:50.000000;30c50394-dcef-4658-b7f9-9e057d966ba9;421.7;0.0118;UNKNOWN
2016-02-24T03:08:05.000000;2016-02-24T03:08:05.000000;8272077d-18e4-45b2-aec7-a27c3ef8cc9e;421.7;0.2381126;UNKNOWN
2016-02-24T03:08:05.000000;2016-02-24T03:08:05.000000;60b38cfa-e688-4071-97f2-95c5438bd366;421.7;0.2332;UNKNOWN
2016-02-24T03:08:06.000000;2016-02-24T03:08:06.000000;5ec15390-9608-437b-9327-6ff74e00420a;421.7;0.0118874;UNKNOWN
2016-02-24T03:08:06.000000;2016-02-24T03:08:06.000000;9c1f18e8-e809-4fec-894d-3ffaa3889b31;421.7;0.6;UNKNOWN
2016-02-24T03:08:06.000000;2016-02-24T03:08:06.000000;4f49c3a3-7630-46f6-8611-f269aaad974d;421.7;0.56345096;UNKNOWN
2016-02-24T03:08:08.000000;2016-02-24T03:08:08.000000;6c55a198-5328-490c-aba2-00afb3b2a1fe;421.69;0.186;UNKNOWN
2016-02-24T03:08:15.000000;2016-02-24T03:08:15.000000;b512b170-f596-46c1-87f6-7548d5673008;421.7;0.0119;UNKNOWN
2016-02-24T03:08:18.000000;2016-02-24T03:08:18.000000;4bc9ea4b-a2f8-43a3-a045-4597a5e108fb;421.7;0.02564904;UNKNOWN
2016-02-24T03:08:18.000000;2016-02-24T03:08:18.000000;8662bbf4-2585-43f0-a4dd-ed366d1f1086;421.7;0.42692477;UNKNOWN
2016-02-24T03:09:08.000000;2016-02-24T03:09:08.000000;6157bf0a-84e7-4205-9eaf-a870be56adf5;421.69;0.05868406;UNKNOWN
2016-02-24T03:10:12.000000;2016-02-24T03:10:12.000000;5d4316e4-2349-46f8-a211-46a17e9608ec;421.7;0.51392677;UNKNOWN
2016-02-24T03:10:12.000000;2016-02-24T03:10:12.000000;6173e937-2aa0-481c-8a50-fa243990b9ee;421.7;0.17307523;UNKNOWN
2016-02-24T03:11:02.000000;2016-02-24T03:11:02.000000;5acba9e1-3596-4355-b1cf-25871664d48e;421.7;0.0773;UNKNOWN
2016-02-24T03:12:32.000000;2016-02-24T03:12:32.000000;bfec7fb3-6346-4efa-8edd-20e60a4eea6b;421.93;0.66478948;UNKNOWN
2016-02-24T03:12:32.000000;2016-02-24T03:12:32.000000;3cefa9d5-7209-49e7-b779-2def0da767b8;421.7;0.00877323;UNKNOWN
2016-02-24T03:14:44.000000;2016-02-24T03:14:44.000000;29e5cc88-aca6-4960-987a-436c3eadf32e;421.69;0.54281594;UNKNOWN
2016-02-24T03:14:44.000000;2016-02-24T03:14:44.000000;bda25929-bb48-48fd-bb03-3d86d854e22b;421.69;5.866;UNKNOWN
2016-02-24T03:14:44.000000;2016-02-24T03:14:44.000000;fb3192f4-48af-4900-869c-ed1f1add57fd;421.69;0.01;UNKNOWN
2016-02-24T03:16:00.000000;2016-02-24T03:16:00.000000;cfbccd86-bf86-4392-9e26-5b127abd5b4c;421.68;2.5;UNKNOWN
2016-02-24T03:16:50.000000;2016-02-24T03:16:50.000000;197f271c-0aef-4428-94c9-963a54253386;421.69;1.0;UNKNOWN
2016-02-24T03:16:56.000000;2016-02-24T03:16:56.000000;082e7bb1-9a45-421a-bf3c-e18f350a3845;421.69;1.0;UNKNOWN
2016-02-24T03:17:06.000000;2016-02-24T03:17:06.000000;1e53863b-ca4f-4f09-a532-aa6deeed70a3;421.69;0.22113513;UNKNOWN
2016-02-24T03:18:30.000000;2016-02-24T03:18:30.000000;fd3fd946-a1af-477d-8c29-7a0d1d56f5bf;421.59;0.1188;UNKNOWN
2016-02-24T03:18:30.000000;2016-02-24T03:18:30.000000;3a45776a-6db7-4d6f-8c34-52c2177731a8;421.59;0.0855;UNKNOWN
2016-02-24T03:18:40.000000;2016-02-24T03:18:40.000000;39525858-29b2-4465-a095-be5e3502d862;421.45;1.4;UNKNOWN
2016-02-24T03:19:06.000000;2016-02-24T03:19:06.000000;9802b7c2-f557-429d-8667-f5019e2bfe34;421.46;0.6912522;UNKNOWN
2016-02-24T03:19:52.000000;2016-02-24T03:19:52.000000;1374a5ae-ff85-457e-a23f-fad32d747a59;421.45;0.5;UNKNOWN
2016-02-24T03:21:39.000000;2016-02-24T03:21:39.000000;7edcddc3-548f-4c6b-bb4c-5ef555b7d119;421.4;0.142;UNKNOWN
2016-02-24T03:21:39.000000;2016-02-24T03:21:39.000000;b4faa384-af0d-43b2-9cba-9676d0f188e3;421.45;0.1;UNKNOWN
2016-02-24T03:22:06.000000;2016-02-24T03:22:06.000000;f568d752-3ab0-4c6f-889f-972ddedf21ff;421.42;2.0751753;UNKNOWN
2016-02-24T03:22:14.000000;2016-02-24T03:22:14.000000;0c83d65b-151a-4e6f-899a-d6483bf6d395;421.15;0.4376;UNKNOWN
2016-02-24T03:22:14.000000;2016-02-24T03:22:14.000000;e0867a74-dc3e-459e-bb76-085fc6e57a02;421.35;0.1189;UNKNOWN
2016-02-24T03:22:14.000000;2016-02-24T03:22:14.000000;45aba30d-3e09-42e5-9289-d4fdb5d4fe78;421.35;0.0855;UNKNOWN
2016-02-24T03:22:14.000000;2016-02-24T03:22:14.000000;da0e9a80-b592-4722-9e52-b096fc002738;421.4;0.858;UNKNOWN
2016-02-24T03:23:06.000000;2016-02-24T03:23:06.000000;cc68172d-0d5a-47b6-90f8-a0f466736925;421.15;0.1044478;UNKNOWN
2016-02-24T03:24:06.000000;2016-02-24T03:24:06.000000;f32bfec2-7117-48db-8d87-743f32572bf4;421.41;0.02492493;UNKNOWN
2016-02-24T03:24:55.000000;2016-02-24T03:24:55.000000;9435ec19-12a2-4e8a-bfc1-c37080de790a;421.17;1.275;UNKNOWN
2016-02-24T03:27:08.000000;2016-02-24T03:27:08.000000;723ed961-dc00-4614-a714-0ff176ccbd7a;421.2;1.0;UNKNOWN
2016-02-24T03:27:08.000000;2016-02-24T03:27:08.000000;417c368e-9a49-45c0-8b3d-ca446e885d06;421.15;0.175;UNKNOWN
2016-02-24T03:27:28.000000;2016-02-24T03:27:28.000000;ee7db20b-9aa1-49b1-8599-adae58815738;421.29;0.43;UNKNOWN
2016-02-24T03:27:28.000000;2016-02-24T03:27:28.000000;8503ef37-395e-427c-9803-3ff38f9099fa;421.3;0.17;UNKNOWN
2016-02-24T03:27:42.000000;2016-02-24T03:27:42.000000;8a7a24cc-5098-481c-a3f0-553bebd71ba7;421.15;2.0;UNKNOWN
2016-02-24T03:28:10.000000;2016-02-24T03:28:10.000000;3447ef74-1c3c-4b01-aa2a-198fafc7bff6;421.15;0.5;UNKNOWN
2016-02-24T03:31:52.000000;2016-02-24T03:31:52.000000;f7a3ef42-701e-4814-bd9d-d91254bea7b3;421.16;0.25;UNKNOWN
2016-02-24T03:31:59.000000;2016-02-24T03:31:59.000000;07cbb943-1a48-44d8-960f-fd9998cf72ff;421.15;0.21391447;UNKNOWN
2016-02-24T03:32:29.000000;2016-02-24T03:32:29.000000;2fcd00c4-5308-4060-983f-c492177bb218;421.16;0.2;UNKNOWN
2016-02-24T03:32:43.000000;2016-02-24T03:32:43.000000;5d3f457f-8e48-4059-b524-4d0bdae74485;421.16;1.135;UNKNOWN
2016-02-24T03:32:44.000000;2016-02-24T03:32:44.000000;20c0df64-f717-44db-9259-7abd1554ccf1;421.16;0.05;UNKNOWN
2016-02-24T03:32:50.000000;2016-02-24T03:32:50.000000;1f0e1aba-9b36-413a-aeb0-44459712c9cc;421.19;1.52858135;UNKNOWN
2016-02-24T03:32:50.000000;2016-02-24T03:32:50.000000;297c3f4f-22a9-4a03-b0fc-d968475094d6;421.16;3.47141865;UNKNOWN
2016-02-24T03:34:03.000000;2016-02-24T03:34:03.000000;b747222d-a541-4b15-aa89-710cd2ec0161;421.15;0.01529679;UNKNOWN
2016-02-24T03:34:11.000000;2016-02-24T03:34:11.000000;aee40fda-14ee-481e-a4af-69ddaba36f6d;421.16;0.019;UNKNOWN
2016-02-24T03:34:11.000000;2016-02-24T03:34:11.000000;9c8a2635-2648-4651-bad7-86ce1f63bbfa;421.16;0.2066;UNKNOWN
2016-02-24T03:34:50.000000;2016-02-24T03:34:50.000000;5248da20-1cc1-4a58-b5f1-79eeb939622c;421.16;0.6;UNKNOWN
2016-02-24T03:37:18.000000;2016-02-24T03:37:18.000000;5c4840e7-cc27-4ce0-b06b-4c94d5377f6a;421.15;0.34939363;UNKNOWN
2016-02-24T03:37:23.000000;2016-02-24T03:37:23.000000;9cd3132f-a506-4b73-ba18-dbfadedd4822;421.15;0.5;UNKNOWN
2016-02-24T03:37:28.000000;2016-02-24T03:37:28.000000;1f78e2e0-10d4-47c8-9efa-30689da92a8d;421.15;0.70434731;UNKNOWN
2016-02-24T03:37:28.000000;2016-02-24T03:37:28.000000;27ccc133-dd22-454b-9857-cef051b75879;421.15;4.29565269;UNKNOWN
2016-02-24T03:38:05.000000;2016-02-24T03:38:05.000000;26c4ba83-47ed-4144-9a12-6617c6c34f3f;421.16;2.07315259;UNKNOWN
2016-02-24T03:39:57.000000;2016-02-24T03:39:57.000000;5d9fbb08-8952-4bd6-bca1-d1b3fcdacf08;421.05;0.0856;UNKNOWN
2016-02-24T03:39:57.000000;2016-02-24T03:39:57.000000;74a67aff-26c0-4475-8a2a-1449ea8bb29f;421.05;0.119;UNKNOWN
2016-02-24T03:39:57.000000;2016-02-24T03:39:57.000000;b7232083-79ad-427f-86ab-75523dd62912;421.0;0.9054;UNKNOWN
2016-02-24T03:40:05.000000;2016-02-24T03:40:05.000000;06b47f15-91c9-4bd2-b171-3db9a9bb0701;421.0;0.73776111;UNKNOWN
2016-02-24T03:40:09.000000;2016-02-24T03:40:09.000000;bb5261cf-4442-420b-bb8b-1068f22ebb72;421.5;1.0;UNKNOWN
2016-02-24T03:40:09.000000;2016-02-24T03:40:09.000000;9c864836-a657-4c84-b825-246d701f6898;421.2;0.5;UNKNOWN
2016-02-24T03:40:09.000000;2016-02-24T03:40:09.000000;921ecaa0-0e23-43f6-8095-34efa0f7fe00;421.25;5.8555;UNKNOWN
2016-02-24T03:40:09.000000;2016-02-24T03:40:09.000000;ef9f8bf4-8149-4bda-a7df-e79a8e915fa3;421.57;13.4108;UNKNOWN
2016-02-24T03:40:09.000000;2016-02-24T03:40:09.000000;72bfad1c-0ab5-484c-8a37-af840c6b298f;421.26;13.499;UNKNOWN
2016-02-24T03:40:09.000000;2016-02-24T03:40:09.000000;10021c57-00b2-4071-896f-6986527a782d;421.39;14.478;UNKNOWN
2016-02-24T03:40:09.000000;2016-02-24T03:40:09.000000;629a038e-71d2-4093-bac6-86d4b6ca6d3c;421.16;21.59684741;UNKNOWN
2016-02-24T03:40:38.000000;2016-02-24T03:40:38.000000;9ae95a01-eb17-456f-9a81-8d4889368234;421.6;0.05942068;UNKNOWN
2016-02-24T03:41:20.000000;2016-02-24T03:41:20.000000;8c01fd01-70d5-4970-ab60-bf5de7542cd6;421.6;1.0;UNKNOWN
2016-02-24T03:42:08.000000;2016-02-24T03:42:08.000000;4e25187a-66a0-4579-bff2-d666a6645cbf;421.53;0.2742;UNKNOWN
2016-02-24T03:44:05.000000;2016-02-24T03:44:05.000000;4fb33145-6012-45a0-afad-5f35849798d2;421.54;1.58997239;UNKNOWN
2016-02-24T03:44:27.000000;2016-02-24T03:44:27.000000;bd172c0a-1476-42d8-8cb7-05a132abd801;420.71;0.67195889;UNKNOWN
2016-02-24T03:44:27.000000;2016-02-24T03:44:27.000000;1f626a6a-fa84-4bdc-a8ad-bc36ea2e46aa;420.9;0.04;UNKNOWN
2016-02-24T03:44:27.000000;2016-02-24T03:44:27.000000;4a630ece-775f-4ed3-b53c-7d2bcafa0676;420.8;0.04;UNKNOWN
2016-02-24T03:44:27.000000;2016-02-24T03:44:27.000000;449abb4d-8cfa-4d8e-a2c1-896822d2ce2d;420.9;0.0856;UNKNOWN
2016-02-24T03:44:27.000000;2016-02-24T03:44:27.000000;e17a4572-e811-4c81-b499-0079853a7e82;421.01;5.8819;UNKNOWN
2016-02-24T03:44:27.000000;2016-02-24T03:44:27.000000;9db5f5ff-e85b-4c96-b107-951af2ed52d4;421.0;0.25;UNKNOWN
2016-02-24T03:44:27.000000;2016-02-24T03:44:27.000000;690f9ef9-3f0c-4d09-8d84-9e6814872948;420.74;0.06023073;UNKNOWN
