time_exchange;time_coinpai;guid;price;base_amount;taker_side
2016-02-24T00:00:31.000000;2016-02-24T00:00:31.000000;b5345d73-b0fb-4046-aa7b-af340c537253;420.32;0.1614;UNKNOWN
2016-02-24T00:00:31.000000;2016-02-24T00:00:31.000000;2f8b9b74-c807-4bbf-91b6-332d5332899c;420.32;0.015;UNKNOWN
2016-02-24T00:01:00.000000;2016-02-24T00:01:00.000000;87f160a1-35ff-4ca7-a611-d3ff94f410a6;420.33;0.015;UNKNOWN
2016-02-24T00:01:00.000000;2016-02-24T00:01:00.000000;fed444a8-4735-4363-a943-2090c27028c1;420.33;0.1;UNKNOWN
2016-02-24T00:01:00.000000;2016-02-24T00:01:00.000000;96478c66-f181-4c1d-b7ca-c0e84bf2e34b;420.36;0.015;UNKNOWN
2016-02-24T00:01:00.000000;2016-02-24T00:01:00.000000;bb02feb4-a441-4305-8d1f-0b40548625a5;420.36;0.53416;UNKNOWN
2016-02-24T00:01:00.000000;2016-02-24T00:01:00.000000;abde65d7-9ca9-4c9d-a841-259a03538c2a;420.35;0.015;UNKNOWN
2016-02-24T00:01:00.000000;2016-02-24T00:01:00.000000;8ef63e3f-53ea-445a-a9f1-684ef79e2377;420.36;0.01;UNKNOWN
2016-02-24T00:01:31.000000;2016-02-24T00:01:31.000000;dabe0a4d-647b-4140-b3ef-44c94546e884;420.18;0.05052;UNKNOWN
2016-02-24T00:02:01.000000;2016-02-24T00:02:01.000000;baa0dfab-ba57-42e8-bd9f-5bea64aebf9e;420.2;0.06056;UNKNOWN
2016-02-24T00:02:31.000000;2016-02-24T00:02:31.000000;a2ca807e-f37d-4f7a-b620-08231d21797d;420.36;0.62788;UNKNOWN
2016-02-24T00:03:02.000000;2016-02-24T00:03:02.000000;690b9b7a-315a-4da7-a847-a723380aaa85;420.4;0.015;UNKNOWN
2016-02-24T00:03:02.000000;2016-02-24T00:03:02.000000;ba3cabee-85f4-437a-8703-277e6ac0b5bf;420.37;0.06;UNKNOWN
2016-02-24T00:03:02.000000;2016-02-24T00:03:02.000000;9c78b5b3-6bbb-4e45-8bf9-5a9630b5cdf4;420.37;0.015;UNKNOWN
2016-02-24T00:03:02.000000;2016-02-24T00:03:02.000000;28931b92-ad36-443a-9059-0dd577036f4a;420.51;0.01;UNKNOWN
2016-02-24T00:03:02.000000;2016-02-24T00:03:02.000000;09f3d123-eb56-46a6-a01c-1362c19214ff;420.42;0.015;UNKNOWN
2016-02-24T00:03:02.000000;2016-02-24T00:03:02.000000;7e1afb34-e55b-4e54-95f3-63ee6f4f1a15;420.5;0.01372493;UNKNOWN
2016-02-24T00:03:02.000000;2016-02-24T00:03:02.000000;5f61c450-f67f-41e2-975b-060f49003939;420.46;0.01;UNKNOWN
2016-02-24T00:03:02.000000;2016-02-24T00:03:02.000000;accbb6e7-0373-4108-b0f9-761b2db36ef6;420.41;0.015;UNKNOWN
2016-02-24T00:03:02.000000;2016-02-24T00:03:02.000000;acf68a4c-928f-49b4-ba9d-dd58992ea8b7;420.44;0.015;UNKNOWN
2016-02-24T00:03:02.000000;2016-02-24T00:03:02.000000;6d9efdfb-589a-49f7-9154-172952d8a9fb;420.5;0.01;UNKNOWN
2016-02-24T00:03:02.000000;2016-02-24T00:03:02.000000;088e0d7b-9c90-4ae7-8043-7f15ccc27ac7;420.47;0.015;UNKNOWN
2016-02-24T00:03:02.000000;2016-02-24T00:03:02.000000;0179ba8c-6f71-4e7a-a66d-4570a8bc2e78;420.5;0.01;UNKNOWN
2016-02-24T00:03:02.000000;2016-02-24T00:03:02.000000;d9a8caec-9ea0-436a-ba63-5970c7aed4b6;420.48;0.015;UNKNOWN
2016-02-24T00:03:02.000000;2016-02-24T00:03:02.000000;031f7870-ec5b-4c3f-a036-972e0309e7b4;420.47;0.01;UNKNOWN
2016-02-24T00:03:02.000000;2016-02-24T00:03:02.000000;5dc5d6d0-47d2-45f0-a958-64e62ee5c65b;420.47;0.01;UNKNOWN
2016-02-24T00:03:02.000000;2016-02-24T00:03:02.000000;9656490d-dbec-481b-8e5f-b37ca29cbd4c;420.46;0.01;UNKNOWN
2016-02-24T00:03:02.000000;2016-02-24T00:03:02.000000;f4a85ab6-66c1-4106-aa61-527d597df189;420.53;0.01;UNKNOWN
2016-02-24T00:03:02.000000;2016-02-24T00:03:02.000000;a7af9aa6-c7c8-49c5-bce0-e7f420d0245a;420.55;0.38612507;UNKNOWN
2016-02-24T00:03:02.000000;2016-02-24T00:03:02.000000;670a008c-974d-48cb-97ad-4c9d530158a5;420.54;0.073;UNKNOWN
2016-02-24T00:03:31.000000;2016-02-24T00:03:31.000000;238b088b-921a-45e2-8f52-1aba5667f618;420.68;0.01;UNKNOWN
2016-02-24T00:03:31.000000;2016-02-24T00:03:31.000000;7660d4f2-5d44-41c2-9017-0e3cde614997;420.68;0.01;UNKNOWN
2016-02-24T00:03:31.000000;2016-02-24T00:03:31.000000;a2034522-f267-4ec1-96d0-5435b5c83367;420.69;0.46605;UNKNOWN
2016-02-24T00:03:31.000000;2016-02-24T00:03:31.000000;3b73a0e6-c172-411f-9268-25a5f4111132;420.67;0.3403;UNKNOWN
2016-02-24T00:03:31.000000;2016-02-24T00:03:31.000000;8991fb66-ba16-4ef3-8e81-95b94557e6d3;420.66;0.06;UNKNOWN
2016-02-24T00:03:31.000000;2016-02-24T00:03:31.000000;40dc8532-082d-4d73-a89a-de6f7ef88b27;420.66;0.5;UNKNOWN
2016-02-24T00:03:31.000000;2016-02-24T00:03:31.000000;5347dbfe-90a4-422a-85bd-9238e024bf89;420.59;0.01;UNKNOWN
2016-02-24T00:03:31.000000;2016-02-24T00:03:31.000000;ab6cce7f-6403-4624-9f24-cd439867a86d;420.65;0.096;UNKNOWN
2016-02-24T00:03:31.000000;2016-02-24T00:03:31.000000;149793ff-fc52-4adc-9dcf-2e34c59a6cdc;420.58;0.01;UNKNOWN
2016-02-24T00:03:31.000000;2016-02-24T00:03:31.000000;441286dd-cc08-40e4-8cbb-113831745d82;420.61;0.01;UNKNOWN
2016-02-24T00:03:31.000000;2016-02-24T00:03:31.000000;c72e64d1-0dfa-402c-8293-545a994658b1;420.63;0.01;UNKNOWN
2016-02-24T00:03:31.000000;2016-02-24T00:03:31.000000;e7c82ec4-aa76-4752-8cdc-5a6a790669a6;420.6;0.01;UNKNOWN
2016-02-24T00:04:01.000000;2016-02-24T00:04:01.000000;e34fa046-74a2-4e9c-baeb-9878323c6ac8;420.68;0.123;UNKNOWN
2016-02-24T00:04:01.000000;2016-02-24T00:04:01.000000;b403444f-e656-4b4d-9a9f-73213920a427;420.68;0.2;UNKNOWN
2016-02-24T00:04:01.000000;2016-02-24T00:04:01.000000;af1068d7-c720-44ab-bf1d-d826a6dc4081;420.7;0.01371345;UNKNOWN
2016-02-24T00:04:01.000000;2016-02-24T00:04:01.000000;65fae08b-5824-4b08-830a-c14d12746afd;420.75;0.01;UNKNOWN
2016-02-24T00:04:01.000000;2016-02-24T00:04:01.000000;89373183-27d9-4a6d-8905-938f15c0b746;420.76;0.59203655;UNKNOWN
2016-02-24T00:04:29.000000;2016-02-24T00:04:29.000000;80cae8e7-7128-4647-ac1b-6dda1f393ab9;420.7;0.595;UNKNOWN
2016-02-24T00:04:30.000000;2016-02-24T00:04:30.000000;afa44cad-95cf-4c69-9c19-841b75f40392;420.75;0.571;UNKNOWN
2016-02-24T00:04:30.000000;2016-02-24T00:04:30.000000;f120785a-b729-46cb-b147-184ad6497cc2;420.77;0.6706331;UNKNOWN
2016-02-24T00:04:30.000000;2016-02-24T00:04:30.000000;109646fb-e272-4640-9ee5-69d10ed0dca5;420.82;0.43209962;UNKNOWN
2016-02-24T00:04:30.000000;2016-02-24T00:04:30.000000;5fe2c51a-f4e9-49a9-a005-2f1141b01448;420.8;0.604;UNKNOWN
2016-02-24T00:04:30.000000;2016-02-24T00:04:30.000000;7752cd59-c397-4231-af76-23ebaf2b3dbb;420.83;0.27856674;UNKNOWN
2016-02-24T00:04:31.000000;2016-02-24T00:04:31.000000;7be7f0f5-7296-4c8f-8cd9-42e48d135328;420.83;1.97529946;UNKNOWN
2016-02-24T00:04:31.000000;2016-02-24T00:04:31.000000;ee22c3e4-5ed6-4575-a74e-5b15948b1705;420.82;0.581;UNKNOWN
2016-02-24T00:04:31.000000;2016-02-24T00:04:31.000000;016aa9e5-8c30-4b0a-9574-b124413e50a3;420.74;0.02537;UNKNOWN
2016-02-24T00:04:32.000000;2016-02-24T00:04:32.000000;66ab37c3-2382-492e-9dee-b62cf07fd737;420.83;0.1261338;UNKNOWN
2016-02-24T00:04:32.000000;2016-02-24T00:04:32.000000;3f5c19a4-f41e-421f-8aa3-b6eebfddc179;420.84;2.43016566;UNKNOWN
2016-02-24T00:04:33.000000;2016-02-24T00:04:33.000000;29f0532a-bbc5-4e7e-b675-275d465299ff;420.83;0.52;UNKNOWN
2016-02-24T00:04:33.000000;2016-02-24T00:04:33.000000;23e2c987-34f1-4350-a5cd-e70e2124fda3;420.84;1.47483434;UNKNOWN
2016-02-24T00:04:33.000000;2016-02-24T00:04:33.000000;da4fb17d-6fa3-493c-9fad-cba59ace783e;420.84;0.43;UNKNOWN
2016-02-24T00:04:33.000000;2016-02-24T00:04:33.000000;9ddcf490-2e39-4237-bb17-f31aeddbe851;420.85;0.13146512;UNKNOWN
2016-02-24T00:05:01.000000;2016-02-24T00:05:01.000000;4452d9d9-0f4b-48ce-8d05-720113c683dc;420.74;0.467;UNKNOWN
2016-02-24T00:05:31.000000;2016-02-24T00:05:31.000000;146db5d7-6194-4b6c-9364-e46168bdbf82;420.74;0.00386;UNKNOWN
2016-02-24T00:05:31.000000;2016-02-24T00:05:31.000000;1de73f28-2d6d-45f5-873b-c56682e9b055;420.75;0.01;UNKNOWN
2016-02-24T00:05:35.000000;2016-02-24T00:05:35.000000;639592c1-2a2f-4b9f-8cda-70924ede8e61;420.74;1.46506946;UNKNOWN
2016-02-24T00:05:38.000000;2016-02-24T00:05:38.000000;ead5653f-216b-47d8-8d90-382712c19ae6;420.69;0.05;UNKNOWN
2016-02-24T00:05:38.000000;2016-02-24T00:05:38.000000;d8b9dca4-251c-4bc7-a91a-3c0534177850;420.7;0.01;UNKNOWN
2016-02-24T00:06:01.000000;2016-02-24T00:06:01.000000;300c0cbe-83ea-4ac7-bd52-5f77f81bb5ad;420.68;0.01;UNKNOWN
2016-02-24T00:06:01.000000;2016-02-24T00:06:01.000000;7df6e33f-9ed5-4e72-997b-be54072ec060;420.65;0.24883;UNKNOWN
2016-02-24T00:06:31.000000;2016-02-24T00:06:31.000000;1350a0a5-ace7-418a-81e8-a2631d04eb5b;420.66;0.13189;UNKNOWN
2016-02-24T00:07:01.000000;2016-02-24T00:07:01.000000;9af76354-f6cf-49ce-914c-cf5e4f762b8d;420.65;1.35272;UNKNOWN
2016-02-24T00:07:10.000000;2016-02-24T00:07:10.000000;ab8271da-aafb-4d54-aeb3-54b32fa6b909;420.66;0.0175;UNKNOWN
2016-02-24T00:07:10.000000;2016-02-24T00:07:10.000000;aaeeebd9-a7fe-42af-a250-9bd81ff49f48;420.66;0.0325;UNKNOWN
2016-02-24T00:07:10.000000;2016-02-24T00:07:10.000000;c8aa0c2c-04e0-4023-88ee-fb0512665951;420.66;0.07009987;UNKNOWN
2016-02-24T00:07:10.000000;2016-02-24T00:07:10.000000;0a7fd42c-9ec5-4b02-b085-1eebbbc4760b;420.66;0.00990013;UNKNOWN
2016-02-24T00:07:31.000000;2016-02-24T00:07:31.000000;b788cef1-e725-4185-a671-db70cd73d795;420.66;0.35427;UNKNOWN
2016-02-24T00:07:31.000000;2016-02-24T00:07:31.000000;05db5571-48b8-408f-98d7-fdf52488f522;420.66;0.1487;UNKNOWN
2016-02-24T00:08:01.000000;2016-02-24T00:08:01.000000;3d458b54-9e33-44b5-82d2-d9cc08794240;420.66;0.407;UNKNOWN
2016-02-24T00:08:01.000000;2016-02-24T00:08:01.000000;85a3c4f7-5ad6-417a-98d1-34b56a4db69e;420.66;0.05;UNKNOWN
2016-02-24T00:08:01.000000;2016-02-24T00:08:01.000000;ef46638d-3210-4b63-b8db-91cc7dc28029;420.67;0.0454;UNKNOWN
2016-02-24T00:08:31.000000;2016-02-24T00:08:31.000000;79a19d09-e4ce-466b-8f8e-274f79ce4101;420.67;0.3516;UNKNOWN
2016-02-24T00:08:48.000000;2016-02-24T00:08:48.000000;57ac65b0-0938-4cee-b6a9-a939d522a71b;420.67;0.07;UNKNOWN
2016-02-24T00:09:31.000000;2016-02-24T00:09:31.000000;d47d52ca-1f8f-4a23-94d7-11180c980aed;420.72;2.72345;UNKNOWN
2016-02-24T00:10:01.000000;2016-02-24T00:10:01.000000;8fd710b9-ca78-4b40-8937-24c7b4f66fd3;420.72;0.05784;UNKNOWN
2016-02-24T00:10:08.000000;2016-02-24T00:10:08.000000;1fb87609-01c4-43f1-8b46-84807441a5b2;420.83;0.455;UNKNOWN
2016-02-24T00:10:08.000000;2016-02-24T00:10:08.000000;113ba992-5080-4569-9d36-31ef5ef21406;420.83;0.01155454;UNKNOWN
2016-02-24T00:10:08.000000;2016-02-24T00:10:08.000000;4604c004-b099-4486-8473-8294a400a9de;420.83;0.01;UNKNOWN
2016-02-24T00:10:08.000000;2016-02-24T00:10:08.000000;5d075e37-1c63-4b7e-aaa7-ea88b247efb9;420.83;0.32871125;UNKNOWN
2016-02-24T00:10:33.000000;2016-02-24T00:10:33.000000;ba112799-8b55-4d55-a7c0-6b1069ec8b60;420.95;0.01;UNKNOWN
2016-02-24T00:10:33.000000;2016-02-24T00:10:33.000000;399590d9-4879-471e-a6aa-660c638869fc;420.94;0.01;UNKNOWN
2016-02-24T00:10:33.000000;2016-02-24T00:10:33.000000;df241d43-207b-4441-a913-fe170eb3523a;420.95;0.00628655;UNKNOWN
2016-02-24T00:10:33.000000;2016-02-24T00:10:33.000000;81c3ad91-b04f-46ba-8314-7ab097d98ca0;420.95;0.01;UNKNOWN
2016-02-24T00:10:33.000000;2016-02-24T00:10:33.000000;b59770e3-c0bd-4c18-aed7-67122cd3ec80;420.94;0.01;UNKNOWN
2016-02-24T00:10:33.000000;2016-02-24T00:10:33.000000;eb256674-ab5b-42c7-aa23-af7f4dee2884;420.9;0.01371345;UNKNOWN
2016-02-24T00:10:33.000000;2016-02-24T00:10:33.000000;12c9b3d0-2fc3-4b88-ba60-d5848bf1a21d;420.9;0.01;UNKNOWN
2016-02-24T00:10:33.000000;2016-02-24T00:10:33.000000;06b23094-ebd6-477f-b130-a39d9bc55c99;420.87;0.01;UNKNOWN
2016-02-24T00:10:36.000000;2016-02-24T00:10:36.000000;d0878bc7-4362-4616-afab-3e3d2a9d17fb;420.97;0.01;UNKNOWN
2016-02-24T00:10:36.000000;2016-02-24T00:10:36.000000;fb9b1559-3fe9-4911-97fd-4b9cd6bf2f19;420.97;0.01;UNKNOWN
2016-02-24T00:10:36.000000;2016-02-24T00:10:36.000000;a6f32bf5-5e6d-4930-97af-6738382d2b5d;420.98;0.01;UNKNOWN
2016-02-24T00:10:36.000000;2016-02-24T00:10:36.000000;b46d5633-3ac7-4577-b3fe-4e464b7000a4;420.98;0.01;UNKNOWN
2016-02-24T00:10:36.000000;2016-02-24T00:10:36.000000;0bbdec91-3869-4752-af63-a3665cbb0a80;420.98;0.01;UNKNOWN
2016-02-24T00:10:36.000000;2016-02-24T00:10:36.000000;6dc55203-0b96-4ba2-8d6a-c86714b9cf83;420.98;0.01;UNKNOWN
2016-02-24T00:10:36.000000;2016-02-24T00:10:36.000000;4de986f6-3b7d-4f4f-84c5-e6c9869712ec;420.98;0.01;UNKNOWN
2016-02-24T00:10:36.000000;2016-02-24T00:10:36.000000;949347b4-8ee3-45f7-b502-8ce57b70412a;420.98;0.01;UNKNOWN
2016-02-24T00:10:36.000000;2016-02-24T00:10:36.000000;65b3fb19-19a3-4229-ab79-37e0c3ba69a8;420.99;0.00554;UNKNOWN
2016-02-24T00:11:02.000000;2016-02-24T00:11:02.000000;9d0774ec-2116-4d35-bd5f-2a4ac0503859;420.99;0.03913;UNKNOWN
2016-02-24T00:11:02.000000;2016-02-24T00:11:02.000000;6e9a53ef-f836-4020-b2e8-89b0d78e921a;420.99;0.01;UNKNOWN
2016-02-24T00:11:02.000000;2016-02-24T00:11:02.000000;c7572a31-a6b6-48f5-bbd9-ac81a385ebcb;420.99;0.01;UNKNOWN
2016-02-24T00:11:02.000000;2016-02-24T00:11:02.000000;3db046e8-aae9-446b-b511-89253ea0f34a;420.99;0.00446;UNKNOWN
2016-02-24T00:11:31.000000;2016-02-24T00:11:31.000000;85971b2b-89a1-4186-bdb3-d042cd6876a2;421.0;0.9506;UNKNOWN
2016-02-24T00:11:31.000000;2016-02-24T00:11:31.000000;a78997ce-ab50-4f70-a84a-b46d1d01ea02;421.0;0.02;UNKNOWN
2016-02-24T00:11:31.000000;2016-02-24T00:11:31.000000;59a36012-3660-41b3-9001-44ecedafa445;421.0;0.01;UNKNOWN
2016-02-24T00:11:31.000000;2016-02-24T00:11:31.000000;8089956d-af89-4ff4-b154-07e23a0460c3;421.0;0.01;UNKNOWN
2016-02-24T00:11:31.000000;2016-02-24T00:11:31.000000;8d7d29c2-04bf-4ccb-8599-54949b17f4a3;421.0;0.01;UNKNOWN
2016-02-24T00:12:01.000000;2016-02-24T00:12:01.000000;4b336e27-3d4c-46f5-b915-eefa98bfe5d0;420.99;1.0165;UNKNOWN
2016-02-24T00:12:31.000000;2016-02-24T00:12:31.000000;9da03c35-9330-4176-b1c2-a19babc927dd;421.0;1.0004;UNKNOWN
2016-02-24T00:13:01.000000;2016-02-24T00:13:01.000000;9b76183e-0a55-48c2-8b04-651e76267522;421.0;0.479;UNKNOWN
2016-02-24T00:13:01.000000;2016-02-24T00:13:01.000000;566e916c-3dc6-400f-9419-9ab0d5b33261;421.0;0.27887;UNKNOWN
2016-02-24T00:13:01.000000;2016-02-24T00:13:01.000000;bbbd0694-53c0-425e-9491-7de0e8053b91;421.0;0.02;UNKNOWN
2016-02-24T00:13:45.000000;2016-02-24T00:13:45.000000;6fb70297-8867-4554-82b6-0ad677610261;421.0;0.02339289;UNKNOWN
2016-02-24T00:13:45.000000;2016-02-24T00:13:45.000000;9d4e4814-3d99-438e-9c69-187b9aa9c316;421.0;0.03660711;UNKNOWN
2016-02-24T00:13:46.000000;2016-02-24T00:13:46.000000;5a3c5b67-c863-424f-9db1-fd9d644a2dcb;421.0;0.2;UNKNOWN
2016-02-24T00:13:54.000000;2016-02-24T00:13:54.000000;3545da30-2356-477a-8456-76a578e7f8c1;421.0;0.46113;UNKNOWN
2016-02-24T00:14:01.000000;2016-02-24T00:14:01.000000;36bc92bb-54f8-47dc-90a5-4f4f7496df77;421.35;0.01;UNKNOWN
2016-02-24T00:14:01.000000;2016-02-24T00:14:01.000000;9705a5ed-4303-46ff-9caa-4f6f0aebc661;421.27;0.01;UNKNOWN
2016-02-24T00:14:01.000000;2016-02-24T00:14:01.000000;3eea7da9-c303-4a61-8781-a76337791612;421.31;0.01;UNKNOWN
2016-02-24T00:14:01.000000;2016-02-24T00:14:01.000000;8edb7c4b-2afd-400b-872b-ff58fdca2b7f;421.21;0.01;UNKNOWN
2016-02-24T00:14:01.000000;2016-02-24T00:14:01.000000;3f0c9165-149e-4971-b3d9-039ec0c43fd1;421.32;0.01;UNKNOWN
2016-02-24T00:14:01.000000;2016-02-24T00:14:01.000000;fca62b56-8c26-450d-a0da-d6785dab5c46;421.3;0.01;UNKNOWN
2016-02-24T00:14:01.000000;2016-02-24T00:14:01.000000;55632e50-9160-47d0-9853-e47ebcea9509;421.2;0.03;UNKNOWN
2016-02-24T00:14:01.000000;2016-02-24T00:14:01.000000;d5904d57-79a1-49d6-9168-fb52a54a0367;421.21;0.01;UNKNOWN
2016-02-24T00:14:01.000000;2016-02-24T00:14:01.000000;8dd5eeab-8a89-41e1-bbb0-e22b94ebef93;421.2;0.01;UNKNOWN
2016-02-24T00:14:01.000000;2016-02-24T00:14:01.000000;983ca6b0-fc2e-42e2-97f1-58e6430ae7a2;421.4;0.01;UNKNOWN
2016-02-24T00:14:01.000000;2016-02-24T00:14:01.000000;f1325205-70f5-4561-a7d7-4dac975f7363;421.3;0.01;UNKNOWN
2016-02-24T00:14:01.000000;2016-02-24T00:14:01.000000;8319b6cf-49e7-42d6-93d2-d6f59926758c;421.36;0.01;UNKNOWN
2016-02-24T00:14:01.000000;2016-02-24T00:14:01.000000;8add74ba-9485-4ade-8b14-a6c6437cb8a7;421.33;0.01;UNKNOWN
2016-02-24T00:14:01.000000;2016-02-24T00:14:01.000000;f32918d9-085f-4cfa-b731-9f8ca2bd876b;421.33;0.01;UNKNOWN
2016-02-24T00:14:01.000000;2016-02-24T00:14:01.000000;208de7d4-2307-4d2d-9eff-a9e4ff593ca1;421.27;0.075;UNKNOWN
2016-02-24T00:14:01.000000;2016-02-24T00:14:01.000000;fc65b206-93bc-41e9-8b5b-d1c1cfe28e8b;421.36;0.01;UNKNOWN
2016-02-24T00:14:01.000000;2016-02-24T00:14:01.000000;9059f269-67cc-4443-8c63-d1cf5292976e;421.32;0.01;UNKNOWN
2016-02-24T00:14:01.000000;2016-02-24T00:14:01.000000;0c3f0a99-f7b4-4a87-a83f-251ed9f4d756;421.36;0.01;UNKNOWN
2016-02-24T00:14:01.000000;2016-02-24T00:14:01.000000;d92bae33-9310-4e57-b1af-8597220fc7bd;421.2;0.01;UNKNOWN
2016-02-24T00:14:01.000000;2016-02-24T00:14:01.000000;fabd3192-2827-4808-a52c-dcea49ca47b9;421.17;0.01;UNKNOWN
2016-02-24T00:14:01.000000;2016-02-24T00:14:01.000000;f01604cf-a877-4441-abb8-c6d12d7c532d;421.1;0.02402221;UNKNOWN
2016-02-24T00:14:01.000000;2016-02-24T00:14:01.000000;0bb9c2df-d0e8-440b-a4f7-14813df6740f;421.34;0.01;UNKNOWN
2016-02-24T00:14:01.000000;2016-02-24T00:14:01.000000;e927fb2e-01e9-4938-81de-a2450527efe7;421.37;0.01;UNKNOWN
2016-02-24T00:14:01.000000;2016-02-24T00:14:01.000000;fb06e85b-b185-4767-b420-8d3bb6f029f8;421.39;0.01;UNKNOWN
2016-02-24T00:14:01.000000;2016-02-24T00:14:01.000000;cc2b5a0d-e58e-479f-aed2-745df6f826a2;421.11;0.01;UNKNOWN
2016-02-24T00:14:01.000000;2016-02-24T00:14:01.000000;75f6e4b1-a5fc-4204-804f-d3e6aa02d2e3;421.1;0.01;UNKNOWN
2016-02-24T00:14:01.000000;2016-02-24T00:14:01.000000;9718746d-141d-412b-bea7-c0bf1d55899d;421.05;0.01372984;UNKNOWN
2016-02-24T00:14:01.000000;2016-02-24T00:14:01.000000;6b1b8519-93c4-4b28-b891-a2b18bc788c8;421.09;0.01;UNKNOWN
2016-02-24T00:14:01.000000;2016-02-24T00:14:01.000000;eaf23ef7-bca2-4df2-8179-2a810487d903;421.08;0.01;UNKNOWN
2016-02-24T00:14:01.000000;2016-02-24T00:14:01.000000;74342aaa-9ce0-4c19-ab10-778b5f824ec5;421.04;0.01;UNKNOWN
2016-02-24T00:14:01.000000;2016-02-24T00:14:01.000000;865ce20f-1dfb-4cea-b6fd-7105d9727176;421.04;0.01;UNKNOWN
2016-02-24T00:14:01.000000;2016-02-24T00:14:01.000000;afa85c6f-a1d2-40c7-809e-2291c36404c8;421.07;0.02;UNKNOWN
2016-02-24T00:14:01.000000;2016-02-24T00:14:01.000000;a8c53b7a-67ab-4fda-afe6-0d44afd4a57a;421.07;0.01;UNKNOWN
2016-02-24T00:14:01.000000;2016-02-24T00:14:01.000000;db48b922-367f-415c-8a1e-5a37e1be2a63;421.04;0.01;UNKNOWN
2016-02-24T00:14:01.000000;2016-02-24T00:14:01.000000;4b7d67df-7801-457b-8378-61a5e86fc82c;421.01;0.01;UNKNOWN
2016-02-24T00:14:01.000000;2016-02-24T00:14:01.000000;513cc23b-6653-4ba2-bd05-7f1173856f0f;421.01;0.01;UNKNOWN
2016-02-24T00:14:01.000000;2016-02-24T00:14:01.000000;f2d1ad11-e97a-4e79-88f2-fd32933c0146;421.01;0.075;UNKNOWN
2016-02-24T00:14:01.000000;2016-02-24T00:14:01.000000;0d6c645d-df6d-42fd-bc80-178149c0c958;421.07;0.01;UNKNOWN
2016-02-24T00:14:01.000000;2016-02-24T00:14:01.000000;a06db22a-c3a0-4175-b77f-1f3d741293c9;421.03;0.01;UNKNOWN
2016-02-24T00:14:01.000000;2016-02-24T00:14:01.000000;c3bd6fb3-81ef-486f-acc7-7311eabdf487;421.02;0.01;UNKNOWN
2016-02-24T00:14:01.000000;2016-02-24T00:14:01.000000;6243b29e-edd5-4d7e-8fb4-c861651a1ab2;421.01;0.01;UNKNOWN
2016-02-24T00:14:01.000000;2016-02-24T00:14:01.000000;76454fa7-6e33-40e1-8ce3-d446af989966;421.02;0.01;UNKNOWN
2016-02-24T00:14:01.000000;2016-02-24T00:14:01.000000;e15fa51e-d1e3-4ead-adeb-74a76a0d58bd;421.01;0.01;UNKNOWN
2016-02-24T00:14:01.000000;2016-02-24T00:14:01.000000;d2a801d0-6500-4f99-988e-3d5dad319d94;421.06;0.025;UNKNOWN
2016-02-24T00:14:01.000000;2016-02-24T00:14:01.000000;b772f890-2b2e-4585-b360-8bb24542bcf6;421.05;0.01;UNKNOWN
2016-02-24T00:14:01.000000;2016-02-24T00:14:01.000000;fa9dc427-259a-4ec4-902b-ccfe92b7d9ca;421.02;0.01;UNKNOWN
2016-02-24T00:14:01.000000;2016-02-24T00:14:01.000000;d439f89c-3307-4415-abbd-e0e5b4ca2529;421.02;0.01;UNKNOWN
2016-02-24T00:14:01.000000;2016-02-24T00:14:01.000000;4b422d0f-0a60-4578-a417-84b178a0b5a7;421.06;0.01;UNKNOWN
2016-02-24T00:14:01.000000;2016-02-24T00:14:01.000000;7a512a68-c2b7-40f0-925c-6ecfa3d80029;421.05;0.015;UNKNOWN
2016-02-24T00:14:01.000000;2016-02-24T00:14:01.000000;a40f89ba-d5b9-49f9-9039-f89facdf580b;421.06;0.01;UNKNOWN
2016-02-24T00:14:01.000000;2016-02-24T00:14:01.000000;a2177484-344d-444d-aa62-c5ad4f642f80;421.28;0.01;UNKNOWN
2016-02-24T00:14:01.000000;2016-02-24T00:14:01.000000;b3d04e07-c3d4-417f-a216-e10e1f3e9741;421.18;0.01;UNKNOWN
2016-02-24T00:14:01.000000;2016-02-24T00:14:01.000000;c5403ed6-8be0-4cde-9d30-5fcf666b26f8;421.29;0.01;UNKNOWN
2016-02-24T00:14:01.000000;2016-02-24T00:14:01.000000;f9a9ea38-38eb-4e5b-86b0-7ce73a292890;421.27;0.01;UNKNOWN
2016-02-24T00:14:01.000000;2016-02-24T00:14:01.000000;226f9dfc-41c1-4b4d-84fb-27830d93b895;421.26;0.01;UNKNOWN
2016-02-24T00:14:01.000000;2016-02-24T00:14:01.000000;aacdd154-2d3f-4fcc-b046-05ab6fa5ae6b;421.25;0.01;UNKNOWN
2016-02-24T00:14:01.000000;2016-02-24T00:14:01.000000;93c1ad03-fde6-4cd7-bd13-5d47d2058521;421.19;0.01;UNKNOWN
2016-02-24T00:14:01.000000;2016-02-24T00:14:01.000000;ee6a38a6-95bd-425f-b4ae-66fa22260dd6;421.53;0.41211727;UNKNOWN
2016-02-24T00:14:01.000000;2016-02-24T00:14:01.000000;f7b16467-020a-4019-af87-81f2c496f0f5;421.3;0.01369014;UNKNOWN
2016-02-24T00:14:01.000000;2016-02-24T00:14:01.000000;15712513-c825-4197-8e0a-d57f32629394;421.3;0.01;UNKNOWN
2016-02-24T00:14:01.000000;2016-02-24T00:14:01.000000;d2d62885-14b2-47e1-9cd2-9656bac3055a;421.32;0.01;UNKNOWN
2016-02-24T00:14:01.000000;2016-02-24T00:14:01.000000;c8d10c49-b6c8-4e32-b91e-b9c685709be2;421.44;0.01;UNKNOWN
2016-02-24T00:14:01.000000;2016-02-24T00:14:01.000000;48b73dd2-e27a-4c7b-bfe7-aeff55f55e4e;421.41;0.01;UNKNOWN
2016-02-24T00:14:01.000000;2016-02-24T00:14:01.000000;79cbbb51-2349-4a78-955f-e79f5dc0dfde;421.44;0.05;UNKNOWN
2016-02-24T00:14:01.000000;2016-02-24T00:14:01.000000;7b00e13a-be26-4e22-9e28-77eaa8ef4d2d;421.46;0.01;UNKNOWN
2016-02-24T00:14:01.000000;2016-02-24T00:14:01.000000;4bef8242-5c81-4873-8b69-7b71d257a0d8;421.51;0.35;UNKNOWN
2016-02-24T00:14:01.000000;2016-02-24T00:14:01.000000;7987fb3b-2492-42cb-a70b-f18d9e22d9a4;421.45;0.01;UNKNOWN
2016-02-24T00:14:01.000000;2016-02-24T00:14:01.000000;d85b5e37-aecf-4522-9f9b-bd957e27853a;421.51;0.01;UNKNOWN
2016-02-24T00:14:01.000000;2016-02-24T00:14:01.000000;102da703-7809-41da-a2ff-7d031145c0dc;421.5;0.01;UNKNOWN
2016-02-24T00:14:01.000000;2016-02-24T00:14:01.000000;450b8d6f-65f0-465d-8ccd-230a5f0055b1;421.49;0.24;UNKNOWN
2016-02-24T00:14:01.000000;2016-02-24T00:14:01.000000;0f054c38-dced-44da-a41f-6e1d521f28b0;421.48;0.02;UNKNOWN
2016-02-24T00:14:01.000000;2016-02-24T00:14:01.000000;82d8d1f8-b14e-4094-894d-ac08dd73875a;421.5;0.1959504;UNKNOWN
2016-02-24T00:14:01.000000;2016-02-24T00:14:01.000000;fafd0146-e521-4c11-981c-2f617c820364;421.5;0.01;UNKNOWN
2016-02-24T00:14:01.000000;2016-02-24T00:14:01.000000;e68f8056-2f4a-4011-bbbd-ac0d1def4805;421.5;0.01369014;UNKNOWN
2016-02-24T00:14:01.000000;2016-02-24T00:14:01.000000;9dbc2c4d-fb54-4435-a6b0-cf21b5d173f6;421.23;0.01;UNKNOWN
2016-02-24T00:14:01.000000;2016-02-24T00:14:01.000000;25e827bb-278e-4634-9baf-026953216968;421.29;0.01;UNKNOWN
2016-02-24T00:14:01.000000;2016-02-24T00:14:01.000000;ef4aca25-942c-412c-87b2-9e52a5433d8d;421.28;0.01;UNKNOWN
2016-02-24T00:14:01.000000;2016-02-24T00:14:01.000000;7144d71b-8201-450d-81cf-378f326cb3c2;421.22;0.01;UNKNOWN
2016-02-24T00:14:01.000000;2016-02-24T00:14:01.000000;faa2b1c4-33b3-4a7c-bcca-26bfff56d995;421.28;0.01;UNKNOWN
2016-02-24T00:14:01.000000;2016-02-24T00:14:01.000000;e082f48e-953a-421a-a23c-014652082f6d;421.29;0.01;UNKNOWN
2016-02-24T00:14:31.000000;2016-02-24T00:14:31.000000;e10d00db-d7ce-49d2-993e-09cf26b9b436;421.47;0.015;UNKNOWN
2016-02-24T00:14:31.000000;2016-02-24T00:14:31.000000;d4d7d14b-6961-475e-a395-d4ea83301c0c;421.47;0.0088;UNKNOWN
2016-02-24T00:15:01.000000;2016-02-24T00:15:01.000000;a7acc62a-c9a1-41fa-a5fb-cf12e46a71b4;421.45;1.0;UNKNOWN
2016-02-24T00:15:01.000000;2016-02-24T00:15:01.000000;47961ecf-4dc0-44bb-b3ef-3a9bca453c10;421.45;0.01;UNKNOWN
2016-02-24T00:15:01.000000;2016-02-24T00:15:01.000000;878b8c24-6c8b-46c1-942e-75ad98f0a3c8;421.45;3.83299;UNKNOWN
2016-02-24T00:15:31.000000;2016-02-24T00:15:31.000000;09531ccc-bdb1-4300-8742-541a66df67dd;421.48;0.015;UNKNOWN
2016-02-24T00:15:31.000000;2016-02-24T00:15:31.000000;cf3f7417-fa20-40b1-8275-b29b4cf631bb;421.49;0.015;UNKNOWN
2016-02-24T00:15:31.000000;2016-02-24T00:15:31.000000;ba6fd7b5-3aed-4f5b-a42e-0202da112340;421.5;0.6768;UNKNOWN
2016-02-24T00:15:31.000000;2016-02-24T00:15:31.000000;12ed1399-07cc-40e0-bd23-9b4328c92f5e;421.5;0.015;UNKNOWN
2016-02-24T00:16:02.000000;2016-02-24T00:16:02.000000;7fa74600-f198-4a1c-829b-c03a68c7dcbf;421.5;0.3232;UNKNOWN
2016-02-24T00:16:02.000000;2016-02-24T00:16:02.000000;4804afb9-c3df-4639-9c7c-ff1faebc42f4;421.51;0.015;UNKNOWN
2016-02-24T00:16:02.000000;2016-02-24T00:16:02.000000;30ffce82-2ae5-4747-815b-a0505b76903a;421.51;0.83853;UNKNOWN
2016-02-24T00:16:03.000000;2016-02-24T00:16:03.000000;3e30c4bd-513b-4831-9072-4b8b1f5b5a77;421.51;0.01;UNKNOWN
2016-02-24T00:16:08.000000;2016-02-24T00:16:08.000000;b7698e80-560c-42e0-afa7-605a23e96b43;421.51;0.01;UNKNOWN
2016-02-24T00:16:31.000000;2016-02-24T00:16:31.000000;5037b651-acf9-481e-8c8f-e7b467e49a3f;421.74;0.01;UNKNOWN
2016-02-24T00:16:31.000000;2016-02-24T00:16:31.000000;e6f0cc91-fcf5-43f3-9150-20f27cdf9ab9;421.72;0.02;UNKNOWN
2016-02-24T00:16:31.000000;2016-02-24T00:16:31.000000;73896296-f05a-4b2f-902c-7e86236c6301;421.75;0.01;UNKNOWN
2016-02-24T00:16:31.000000;2016-02-24T00:16:31.000000;581ebc6d-3e59-463a-86b4-07264629339e;421.75;0.01;UNKNOWN
2016-02-24T00:16:31.000000;2016-02-24T00:16:31.000000;d69adfee-013c-4a8c-848c-b1bb61836ab5;421.63;0.01;UNKNOWN
2016-02-24T00:16:31.000000;2016-02-24T00:16:31.000000;e75b505b-ae81-43f5-a4cf-dbf66709b0dc;421.7;0.01;UNKNOWN
2016-02-24T00:16:31.000000;2016-02-24T00:16:31.000000;bceac7eb-6682-4570-ab35-aff931b2c57e;421.65;0.01;UNKNOWN
2016-02-24T00:16:31.000000;2016-02-24T00:16:31.000000;175fce62-5b74-4cfd-b882-5615577f2e2c;421.65;0.01;UNKNOWN
2016-02-24T00:16:31.000000;2016-02-24T00:16:31.000000;946b8c9a-3ac0-4116-974b-05f18f876a11;421.7;0.0136946;UNKNOWN
2016-02-24T00:16:31.000000;2016-02-24T00:16:31.000000;621bdb23-0905-40f9-9608-b207cde8bb43;421.77;0.0127354;UNKNOWN
2016-02-24T00:16:31.000000;2016-02-24T00:16:31.000000;3947e954-b8bc-4644-9a50-d1b157148f33;421.62;0.01;UNKNOWN
2016-02-24T00:16:31.000000;2016-02-24T00:16:31.000000;8dbabe24-97b4-4c7f-9796-bee6c5459d16;421.6;0.01;UNKNOWN
2016-02-24T00:16:31.000000;2016-02-24T00:16:31.000000;f0e01e51-5e3f-4fce-9c16-041248af8ab8;421.6;0.01;UNKNOWN
2016-02-24T00:16:31.000000;2016-02-24T00:16:31.000000;be884a78-b54a-4920-8746-9aa63307ee72;421.61;0.01;UNKNOWN
2016-02-24T00:16:31.000000;2016-02-24T00:16:31.000000;3a870ad0-abbf-4177-a533-255cae17a610;421.55;0.01;UNKNOWN
2016-02-24T00:16:31.000000;2016-02-24T00:16:31.000000;ab119611-9da8-4a94-8262-933ee1561564;421.56;0.02;UNKNOWN
2016-02-24T00:16:31.000000;2016-02-24T00:16:31.000000;6c80413b-0a97-4d01-a565-d90ca8538ee0;421.52;0.015;UNKNOWN
2016-02-24T00:16:31.000000;2016-02-24T00:16:31.000000;13b31ab4-92fa-4dff-af74-02463d277e87;421.54;0.01;UNKNOWN
2016-02-24T00:16:31.000000;2016-02-24T00:16:31.000000;769e2db8-549d-42bb-bb41-4fe5f5d48a7c;421.51;0.14147;UNKNOWN
2016-02-24T00:17:01.000000;2016-02-24T00:17:01.000000;ca0480ab-d2a6-41d8-b2fb-7a4c7087e43e;421.72;0.01;UNKNOWN
2016-02-24T00:17:01.000000;2016-02-24T00:17:01.000000;f2a9b582-3f00-4486-b8c4-75e9bdfb83fe;421.72;0.04185;UNKNOWN
2016-02-24T00:17:33.000000;2016-02-24T00:17:33.000000;5cc7cf69-3fa9-4438-ad69-25c0018fa11b;421.74;0.35547;UNKNOWN
2016-02-24T00:17:33.000000;2016-02-24T00:17:33.000000;f753b5c9-e8c2-4e27-87ef-2af4dcb96401;421.74;0.01;UNKNOWN
2016-02-24T00:18:01.000000;2016-02-24T00:18:01.000000;1921a461-7fc8-445f-a8dd-87a10013c00d;421.75;0.72566;UNKNOWN
2016-02-24T00:18:01.000000;2016-02-24T00:18:01.000000;5ef02f65-7635-4110-9b31-296954c1927a;421.75;0.015;UNKNOWN
2016-02-24T00:18:01.000000;2016-02-24T00:18:01.000000;f94e2bbe-75c4-44a1-9149-3de0bcb7074f;421.77;1.9872646;UNKNOWN
2016-02-24T00:18:01.000000;2016-02-24T00:18:01.000000;17115c22-3db6-467c-b688-d0a9d6088728;421.77;3.2562754;UNKNOWN
2016-02-24T00:18:31.000000;2016-02-24T00:18:31.000000;0a7f7f9f-bd7a-4e14-907b-59ffd420b8f5;421.79;0.01;UNKNOWN
2016-02-24T00:18:31.000000;2016-02-24T00:18:31.000000;af9988ed-9965-4dd5-b4f9-c1bcad2b4299;421.79;0.01;UNKNOWN
2016-02-24T00:18:31.000000;2016-02-24T00:18:31.000000;50a7aed7-1e08-4966-8486-75ef2fc6a89c;421.78;2.0;UNKNOWN
2016-02-24T00:18:31.000000;2016-02-24T00:18:31.000000;cba48868-754f-4988-a5b2-b2d810931c90;421.78;0.01;UNKNOWN
2016-02-24T00:18:31.000000;2016-02-24T00:18:31.000000;91cc22ba-b36d-41e6-9257-9d4578140f90;421.77;1.3427246;UNKNOWN
2016-02-24T00:18:31.000000;2016-02-24T00:18:31.000000;dbee56fa-016d-4719-a38c-71ed8bf7558d;421.8;0.01;UNKNOWN
2016-02-24T00:18:31.000000;2016-02-24T00:18:31.000000;60bb6870-ef3d-4892-8483-5fb384c01777;421.86;4.0135354;UNKNOWN
2016-02-24T00:18:31.000000;2016-02-24T00:18:31.000000;723f1f31-f0d1-4e91-b199-62b87c1b8257;421.8;0.075;UNKNOWN
2016-02-24T00:18:31.000000;2016-02-24T00:18:31.000000;9d7c164c-cf11-47c4-b8ac-057424903016;421.8;0.01;UNKNOWN
2016-02-24T00:18:31.000000;2016-02-24T00:18:31.000000;23dfcca7-6141-4fcf-8ddc-e5ecc6ca7702;421.8;0.01;UNKNOWN
2016-02-24T00:18:31.000000;2016-02-24T00:18:31.000000;4c768a9e-864b-416c-9eca-2208caf6f68b;421.8;0.01;UNKNOWN
2016-02-24T00:18:31.000000;2016-02-24T00:18:31.000000;0d69cbff-3f6d-4c7e-b94e-d0946532254e;421.81;0.01;UNKNOWN
2016-02-24T00:18:31.000000;2016-02-24T00:18:31.000000;38c21311-6d91-418c-bf01-f37239fb73b3;421.83;0.01;UNKNOWN
2016-02-24T00:18:31.000000;2016-02-24T00:18:31.000000;bab505a2-0fed-4139-afff-c2c40d86c80a;421.85;0.01;UNKNOWN
2016-02-24T00:18:31.000000;2016-02-24T00:18:31.000000;68f8c683-e522-451d-bc08-1031f6570a6c;421.85;0.01;UNKNOWN
2016-02-24T00:18:31.000000;2016-02-24T00:18:31.000000;57007abd-87e1-4e68-9bf7-1623f980fa52;421.82;0.01;UNKNOWN
2016-02-24T00:18:31.000000;2016-02-24T00:18:31.000000;e216e801-9d1e-4e47-8da4-694175487639;421.84;0.01;UNKNOWN
2016-02-24T00:19:01.000000;2016-02-24T00:19:01.000000;4f539b10-ffa0-44fc-a9ac-93a959f82dc5;421.85;0.01;UNKNOWN
2016-02-24T00:19:01.000000;2016-02-24T00:19:01.000000;b0325aad-bd46-4ca2-9444-ba611c56002e;421.85;0.27921;UNKNOWN
2016-02-24T00:19:34.000000;2016-02-24T00:19:34.000000;9384bb49-dcd8-45e2-8566-c511657f4ac8;421.85;0.07429;UNKNOWN
2016-02-24T00:20:02.000000;2016-02-24T00:20:02.000000;9c77dd65-a7e4-45d4-8ca5-07a514f7240d;421.84;0.68392;UNKNOWN
2016-02-24T00:20:02.000000;2016-02-24T00:20:02.000000;39cbb88e-db4a-4dd8-84e2-e54027c808dc;421.84;0.087;UNKNOWN
2016-02-24T00:20:02.000000;2016-02-24T00:20:02.000000;3d6dbcf2-b005-4169-8333-4d91fcd8c588;421.84;0.01;UNKNOWN
2016-02-24T00:20:31.000000;2016-02-24T00:20:31.000000;ae6518db-7098-4c9d-9bf8-266dceae1641;421.88;0.06527;UNKNOWN
2016-02-24T00:21:02.000000;2016-02-24T00:21:02.000000;6ff11da1-4898-4d4a-9b13-329deb42ab7b;421.95;0.01;UNKNOWN
2016-02-24T00:21:02.000000;2016-02-24T00:21:02.000000;2a9df282-b634-40eb-ae1d-f4bceb765448;421.95;0.05;UNKNOWN
2016-02-24T00:21:02.000000;2016-02-24T00:21:02.000000;1dcc61f8-52c1-4724-9142-e00a77e26f42;421.9;0.01;UNKNOWN
2016-02-24T00:21:02.000000;2016-02-24T00:21:02.000000;26304dea-4def-41d7-a278-1060ad2597e5;421.89;0.01;UNKNOWN
2016-02-24T00:21:02.000000;2016-02-24T00:21:02.000000;2ce1c91c-29ac-4366-a7af-1a5daa1add58;421.9;0.01368042;UNKNOWN
2016-02-24T00:21:02.000000;2016-02-24T00:21:02.000000;9c6747b3-5f2d-4f0d-8e0e-59ffc7a073ce;421.96;0.01;UNKNOWN
2016-02-24T00:21:02.000000;2016-02-24T00:21:02.000000;5682e512-e4e2-4dde-92ec-35561b80a880;421.95;0.01;UNKNOWN
2016-02-24T00:21:02.000000;2016-02-24T00:21:02.000000;fae13261-c09f-48f0-bdc5-4f4b70c68a55;421.9;0.01368042;UNKNOWN
2016-02-24T00:21:02.000000;2016-02-24T00:21:02.000000;01faa22b-3f55-44e8-8349-d7dc2340e408;421.97;0.09315916;UNKNOWN
2016-02-24T00:21:02.000000;2016-02-24T00:21:02.000000;d756faa6-2c14-4125-8161-bab2bfc4ea57;421.97;0.01;UNKNOWN
2016-02-24T00:21:33.000000;2016-02-24T00:21:33.000000;2e4acbb4-1fd7-4408-b70f-832d71eeb805;422.2;0.01;UNKNOWN
2016-02-24T00:21:33.000000;2016-02-24T00:21:33.000000;3d081a5e-ea96-4f2e-b56a-7558d71aaa84;422.1;0.01366919;UNKNOWN
2016-02-24T00:21:33.000000;2016-02-24T00:21:33.000000;952f8e63-2e90-402b-8b77-d5a73b754aa5;422.15;0.01;UNKNOWN
2016-02-24T00:21:33.000000;2016-02-24T00:21:33.000000;7cd1bf24-8915-4fb2-aa9c-2aca61491a87;422.0;0.01003;UNKNOWN
2016-02-24T00:21:33.000000;2016-02-24T00:21:33.000000;c2c3290b-ec14-406e-b2af-8934717ed701;421.99;0.01;UNKNOWN
2016-02-24T00:21:33.000000;2016-02-24T00:21:33.000000;ebd0b797-102d-4124-9c10-45a25b2c5ca1;421.98;0.01;UNKNOWN
2016-02-24T00:21:33.000000;2016-02-24T00:21:33.000000;d5f211bd-9fe3-4faa-9f88-72bdb15f2eed;421.97;0.45984084;UNKNOWN
2016-02-24T00:21:33.000000;2016-02-24T00:21:33.000000;81f1224d-9946-477c-bd04-72225d1c0af0;422.13;0.01;UNKNOWN
2016-02-24T00:21:33.000000;2016-02-24T00:21:33.000000;8d7ae38a-fad9-40b5-9f73-0f72e6239943;422.1;0.01;UNKNOWN
2016-02-24T00:21:33.000000;2016-02-24T00:21:33.000000;70b895e7-8287-47bb-a549-57d56e434736;422.0;0.0474;UNKNOWN
2016-02-24T00:21:33.000000;2016-02-24T00:21:33.000000;b211c7cb-3b92-4e9e-9484-2392b8d363fd;422.06;0.075;UNKNOWN
2016-02-24T00:21:33.000000;2016-02-24T00:21:33.000000;9c4e11d5-d683-4645-a740-5f44f1a0064a;422.0;1.0;UNKNOWN
2016-02-24T00:21:33.000000;2016-02-24T00:21:33.000000;ebbdb865-5bfb-4828-ad69-35b2b0b67922;422.0;0.5;UNKNOWN
2016-02-24T00:21:33.000000;2016-02-24T00:21:33.000000;dbd46a8b-3be6-41c7-b594-c4a4ff240900;422.0;0.1;UNKNOWN
2016-02-24T00:21:33.000000;2016-02-24T00:21:33.000000;cf0c1def-b008-4e22-a9b3-0167f2668ca7;422.0;0.5;UNKNOWN
2016-02-24T00:21:33.000000;2016-02-24T00:21:33.000000;f5247571-4017-4740-96da-5d40d857d29b;422.12;0.02;UNKNOWN
2016-02-24T00:21:33.000000;2016-02-24T00:21:33.000000;87be1f64-b673-406d-b100-4e5eef8c29f7;422.05;0.01;UNKNOWN
2016-02-24T00:21:33.000000;2016-02-24T00:21:33.000000;17a727b6-2ed4-41a1-9198-7ab12670bf24;422.0;0.01;UNKNOWN
2016-02-24T00:21:33.000000;2016-02-24T00:21:33.000000;f17aa61a-3b79-42de-ba87-690566273d05;422.01;0.02;UNKNOWN
2016-02-24T00:21:33.000000;2016-02-24T00:21:33.000000;8b5a7573-0d35-49c7-b880-afcc13bf60e3;422.02;0.01;UNKNOWN
2016-02-24T00:21:33.000000;2016-02-24T00:21:33.000000;92d70001-2917-4690-ae9e-a50a2e14c1a4;422.01;0.09;UNKNOWN
2016-02-24T00:21:33.000000;2016-02-24T00:21:33.000000;f1b45d4d-fe38-4b61-b547-efaf98fef778;422.01;0.01;UNKNOWN
2016-02-24T00:21:33.000000;2016-02-24T00:21:33.000000;d0c89806-6915-497c-9aec-a45fa81b76c5;422.24;3.85649997;UNKNOWN
2016-02-24T00:21:33.000000;2016-02-24T00:21:33.000000;e85c0303-8762-45b1-a787-1acce7eea1a9;422.2;0.01;UNKNOWN
2016-02-24T00:21:33.000000;2016-02-24T00:21:33.000000;5258f99d-3bee-417b-b765-825feb61b29c;422.22;0.111;UNKNOWN
2016-02-24T00:21:33.000000;2016-02-24T00:21:33.000000;d560492e-22b3-4e49-8ec4-e8b0154261dd;422.24;0.123;UNKNOWN
2016-02-24T00:21:33.000000;2016-02-24T00:21:33.000000;3f4d2151-3d5c-4a17-8e4c-067977a1c217;422.21;0.05;UNKNOWN
2016-02-24T00:22:01.000000;2016-02-24T00:22:01.000000;7c9adb78-6fd1-425f-9f6f-e28ebeab9e24;422.5;0.0305339;UNKNOWN
2016-02-24T00:22:01.000000;2016-02-24T00:22:01.000000;24a56a44-7708-489d-b776-0d6fe2327432;422.5;0.01365691;UNKNOWN
2016-02-24T00:22:01.000000;2016-02-24T00:22:01.000000;27d48cf2-f4ed-4c41-a590-faf98e5e3c33;422.24;0.01;UNKNOWN
2016-02-24T00:22:01.000000;2016-02-24T00:22:01.000000;abf1e3bd-66b0-4364-a725-01d173e3c7de;422.46;0.122;UNKNOWN
2016-02-24T00:22:01.000000;2016-02-24T00:22:01.000000;d26943ff-c0e4-4dc5-a161-9ecd40a2ef80;422.5;0.01;UNKNOWN
2016-02-24T00:22:01.000000;2016-02-24T00:22:01.000000;8965c320-deaf-4688-98e6-7923c860200e;422.3;0.01366919;UNKNOWN
2016-02-24T00:22:01.000000;2016-02-24T00:22:01.000000;1b044653-f823-42b7-9a55-d5a4dff675d5;422.25;0.01;UNKNOWN
2016-02-24T00:22:01.000000;2016-02-24T00:22:01.000000;500d4ab8-38e4-4a14-bd78-ba140b2b4c77;422.3;0.01;UNKNOWN
2016-02-24T00:22:01.000000;2016-02-24T00:22:01.000000;45c20aaf-6d56-464e-81ad-1a437bf025e6;422.45;0.01;UNKNOWN
2016-02-24T00:22:01.000000;2016-02-24T00:22:01.000000;eb084d67-7049-48c3-81ce-9855454ac758;422.45;0.01;UNKNOWN
2016-02-24T00:22:01.000000;2016-02-24T00:22:01.000000;aa4c86a2-57a8-48b8-914b-ef6570b37a0c;422.35;0.01;UNKNOWN
2016-02-24T00:22:01.000000;2016-02-24T00:22:01.000000;e1885c17-c884-4cd5-8e0e-56f3c013b936;422.4;5.58;UNKNOWN
2016-02-24T00:22:01.000000;2016-02-24T00:22:01.000000;7e48106c-30aa-4ac4-b5ed-a91ef80a2660;422.4;0.01;UNKNOWN
2016-02-24T00:22:31.000000;2016-02-24T00:22:31.000000;3c9cb78c-ac11-4d40-8393-346d4aa171e3;422.23;0.01;UNKNOWN
2016-02-24T00:22:31.000000;2016-02-24T00:22:31.000000;78093de6-6f89-4aa0-9ff0-158a364f3b39;422.2;0.01;UNKNOWN
2016-02-24T00:22:31.000000;2016-02-24T00:22:31.000000;cb3e5bf6-f536-4b09-ba78-188b7a24a870;422.2;0.117;UNKNOWN
2016-02-24T00:22:31.000000;2016-02-24T00:22:31.000000;f6ef4651-bcc1-4230-8713-19c50c8af318;422.22;0.01;UNKNOWN
2016-02-24T00:22:31.000000;2016-02-24T00:22:31.000000;19d81f37-5b91-4570-89c3-5c58a5a82c8d;422.22;0.113;UNKNOWN
2016-02-24T00:22:31.000000;2016-02-24T00:22:31.000000;2615eb17-739d-4617-8e69-b5c05de47253;422.23;0.114;UNKNOWN
2016-02-24T00:22:31.000000;2016-02-24T00:22:31.000000;b00811a4-699e-4776-899e-b552471e7470;422.14;0.60403;UNKNOWN
2016-02-24T00:22:31.000000;2016-02-24T00:22:31.000000;be98cdb0-17ff-4a0c-b72d-7f35a3b63029;422.18;0.01;UNKNOWN
2016-02-24T00:22:31.000000;2016-02-24T00:22:31.000000;ae3e30d7-517f-4852-897a-ed0d6941784b;422.19;0.01;UNKNOWN
2016-02-24T00:22:31.000000;2016-02-24T00:22:31.000000;a487edd0-9b8b-4606-9caf-213526189889;422.23;0.5;UNKNOWN
2016-02-24T00:22:31.000000;2016-02-24T00:22:31.000000;45590e89-220e-4c17-a3ab-8091dd85e8c2;422.15;0.076;UNKNOWN
2016-02-24T00:22:31.000000;2016-02-24T00:22:31.000000;e7c491c7-4665-4f94-ad81-b77655f3fc24;422.15;0.01;UNKNOWN
2016-02-24T00:22:31.000000;2016-02-24T00:22:31.000000;0b77f1b6-a258-4ff4-aa67-e8ac8f79b2e8;422.17;0.127;UNKNOWN
2016-02-24T00:23:01.000000;2016-02-24T00:23:01.000000;10be8a42-35e6-464b-9e9d-d090e2923f2f;422.33;0.01;UNKNOWN
2016-02-24T00:23:01.000000;2016-02-24T00:23:01.000000;915c7160-58fa-4a4c-bbba-0cb8faf85306;422.33;0.01;UNKNOWN
2016-02-24T00:23:01.000000;2016-02-24T00:23:01.000000;23eac3ef-3089-40fe-8618-ee1ec7ef8b71;422.41;1.13584;UNKNOWN
2016-02-24T00:23:29.000000;2016-02-24T00:23:29.000000;2f7ece1d-16be-47c9-81af-a97d22f485d6;422.41;0.51;UNKNOWN
2016-02-24T00:23:33.000000;2016-02-24T00:23:33.000000;23ee1df9-ccf2-42e2-982a-1bf83de9b21a;422.34;0.01;UNKNOWN
2016-02-24T00:23:33.000000;2016-02-24T00:23:33.000000;a013befa-8110-4b75-9885-1e5675301c09;422.33;0.01;UNKNOWN
2016-02-24T00:23:33.000000;2016-02-24T00:23:33.000000;963f187c-0ac7-458b-bd5b-bbd7d59d1827;422.36;0.01;UNKNOWN
2016-02-24T00:23:33.000000;2016-02-24T00:23:33.000000;ed8d7aca-1765-4330-b8f5-6b8e226c844b;422.35;0.01;UNKNOWN
2016-02-24T00:23:33.000000;2016-02-24T00:23:33.000000;56e78f57-b19a-4083-aad6-2f8dcf5eb198;422.33;0.01;UNKNOWN
2016-02-24T00:23:33.000000;2016-02-24T00:23:33.000000;c4070469-d4c5-411c-8219-0da4fdbe8cb5;422.37;0.01;UNKNOWN
2016-02-24T00:23:33.000000;2016-02-24T00:23:33.000000;dc31ffe0-ec7e-4ee4-956d-aaef30850c13;422.38;0.082;UNKNOWN
2016-02-24T00:23:33.000000;2016-02-24T00:23:33.000000;dbb2d1d3-c4fa-4a6f-8d1e-d647f4c18a4b;422.38;0.01;UNKNOWN
2016-02-24T00:23:33.000000;2016-02-24T00:23:33.000000;ac19e8b6-e6b4-48d6-b49b-1f50e9112748;422.39;0.01;UNKNOWN
2016-02-24T00:23:33.000000;2016-02-24T00:23:33.000000;28c93ab2-dac8-41bb-b9d5-90d42b248e86;422.33;0.08474;UNKNOWN
2016-02-24T00:23:46.000000;2016-02-24T00:23:46.000000;d43ce0bc-a8cb-46e4-8f03-42f9c9f9b970;422.4;0.01313575;UNKNOWN
2016-02-24T00:24:01.000000;2016-02-24T00:24:01.000000;510000c0-01a7-401d-b802-416c402590b5;422.41;0.77056;UNKNOWN
2016-02-24T00:24:31.000000;2016-02-24T00:24:31.000000;9efc247b-d54c-41d6-9905-9c27f7933a35;422.41;1.88665;UNKNOWN
2016-02-24T00:25:01.000000;2016-02-24T00:25:01.000000;3f4d8218-437d-4911-b6b3-ed11d21e993c;422.42;0.01;UNKNOWN
2016-02-24T00:25:01.000000;2016-02-24T00:25:01.000000;e1d3d504-96ed-4138-a94e-fd7108d7f501;422.42;0.06165;UNKNOWN
2016-02-24T00:25:31.000000;2016-02-24T00:25:31.000000;4724d123-dc7d-453f-a354-16e5dd479aae;422.66;0.01;UNKNOWN
2016-02-24T00:25:31.000000;2016-02-24T00:25:31.000000;f5e54125-0dfd-4ce5-aa50-9cbcda270a54;422.65;0.01;UNKNOWN
2016-02-24T00:25:31.000000;2016-02-24T00:25:31.000000;db2c8adf-7c3f-4636-9cf9-0af2fe56461e;422.63;0.01;UNKNOWN
2016-02-24T00:25:31.000000;2016-02-24T00:25:31.000000;4749f22d-b907-424d-929d-ab1ee475b473;422.66;0.36607113;UNKNOWN
2016-02-24T00:25:31.000000;2016-02-24T00:25:31.000000;48df48f0-cad2-4acf-a308-3962fc8cbf83;422.61;0.01;UNKNOWN
2016-02-24T00:25:31.000000;2016-02-24T00:25:31.000000;b3469967-2866-434a-8e43-cb8b271f23d9;422.65;0.01;UNKNOWN
2016-02-24T00:25:31.000000;2016-02-24T00:25:31.000000;65ee77bd-e4c1-4d47-ae87-27965b63c3e5;422.66;1.52588759;UNKNOWN
2016-02-24T00:25:31.000000;2016-02-24T00:25:31.000000;d7facc24-1672-46f4-a1fc-a918b3afc8d5;422.6;0.01;UNKNOWN
2016-02-24T00:25:31.000000;2016-02-24T00:25:31.000000;bedb9e23-5739-4fbe-87a9-37fde2322bd1;422.6;0.01;UNKNOWN
2016-02-24T00:25:31.000000;2016-02-24T00:25:31.000000;035a69b1-7949-4781-86b2-504f23e93a75;422.6;0.01;UNKNOWN
2016-02-24T00:25:31.000000;2016-02-24T00:25:31.000000;917e5317-3790-421b-aafb-fc7a020fecf0;422.57;0.02;UNKNOWN
2016-02-24T00:25:31.000000;2016-02-24T00:25:31.000000;74f20677-b90c-4b81-9374-904e4a8e17f5;422.56;0.02;UNKNOWN
2016-02-24T00:25:31.000000;2016-02-24T00:25:31.000000;9bb6dfb3-da06-40d7-b6dd-18f84c7403cd;422.55;0.01;UNKNOWN
2016-02-24T00:25:31.000000;2016-02-24T00:25:31.000000;02c1caee-2467-4f61-937a-001b344caf9c;422.53;0.01;UNKNOWN
2016-02-24T00:25:31.000000;2016-02-24T00:25:31.000000;849665e2-2283-4cf7-aa12-4f9391081f81;422.54;0.01;UNKNOWN
2016-02-24T00:25:31.000000;2016-02-24T00:25:31.000000;746a25f6-a047-456e-8ca3-f611504161f6;422.51;0.01;UNKNOWN
2016-02-24T00:25:31.000000;2016-02-24T00:25:31.000000;93863fce-44f2-4791-bbbf-957e0a63a327;422.52;0.01;UNKNOWN
2016-02-24T00:25:31.000000;2016-02-24T00:25:31.000000;d632813c-8071-46bf-8c7c-f925007ecce5;422.52;0.075;UNKNOWN
2016-02-24T00:25:31.000000;2016-02-24T00:25:31.000000;fc4ddea7-6cae-4b11-96bf-8bc1aab571a3;422.5;0.01;UNKNOWN
2016-02-24T00:25:31.000000;2016-02-24T00:25:31.000000;f96eca9b-12d5-4915-8350-a5a1435240aa;422.52;0.01;UNKNOWN
2016-02-24T00:25:31.000000;2016-02-24T00:25:31.000000;4af87b17-0e4b-467c-91ba-bced9274eb51;422.5;0.16518128;UNKNOWN
2016-02-24T00:25:31.000000;2016-02-24T00:25:31.000000;3bc5f58c-718c-4170-9614-b702c52c7103;422.46;0.01;UNKNOWN
2016-02-24T00:25:31.000000;2016-02-24T00:25:31.000000;56c71ebc-d0dd-40c3-b884-b371b506c7a2;422.51;0.01;UNKNOWN
2016-02-24T00:25:41.000000;2016-02-24T00:25:41.000000;c7eca9d3-7ebc-43cd-b4bd-5d05627128eb;422.66;0.012;UNKNOWN
2016-02-24T00:25:41.000000;2016-02-24T00:25:41.000000;8ddfdc07-1c72-44ed-8cae-49a229799bdc;422.66;0.2805;UNKNOWN
2016-02-24T00:25:41.000000;2016-02-24T00:25:41.000000;78ffafe8-b900-47d3-960a-cacf7493bc42;422.66;0.0477;UNKNOWN
2016-02-24T00:25:41.000000;2016-02-24T00:25:41.000000;0a732791-9f7b-469d-b1bc-90f4a6c1f288;422.66;0.024;UNKNOWN
2016-02-24T00:25:41.000000;2016-02-24T00:25:41.000000;8b486c63-cd7a-444c-9527-595ffd6b54f2;422.66;0.53251;UNKNOWN
2016-02-24T00:25:53.000000;2016-02-24T00:25:53.000000;0914af94-6a7a-49d1-a443-17159c50fd4c;422.7;0.01;UNKNOWN
2016-02-24T00:25:53.000000;2016-02-24T00:25:53.000000;bc78bc4c-49e0-4f1d-80b4-1fc9773c498e;422.69;0.01;UNKNOWN
2016-02-24T00:25:53.000000;2016-02-24T00:25:53.000000;2bb22cd0-0813-4900-af0c-23b07f0cb8e2;422.71;0.01;UNKNOWN
2016-02-24T00:25:53.000000;2016-02-24T00:25:53.000000;518837b6-ef7b-48db-95c1-eaf6afe9a911;422.7;0.01365691;UNKNOWN
2016-02-24T00:25:53.000000;2016-02-24T00:25:53.000000;fc318b95-238d-4459-8098-a6fc66871c06;422.68;0.02;UNKNOWN
2016-02-24T00:25:53.000000;2016-02-24T00:25:53.000000;46203359-e978-49a3-9791-3ed07d138e4f;422.67;0.01;UNKNOWN
2016-02-24T00:25:53.000000;2016-02-24T00:25:53.000000;e4647d5c-a146-4567-809c-8a95598667e7;422.75;0.10634309;UNKNOWN
2016-02-24T00:25:53.000000;2016-02-24T00:25:53.000000;ad87ac26-1df0-4d0a-9e66-3bba7f770b22;422.72;0.02;UNKNOWN
2016-02-24T00:26:01.000000;2016-02-24T00:26:01.000000;99fe08db-fc16-4447-87f9-e57dbf136ecc;422.72;0.01;UNKNOWN
2016-02-24T00:26:01.000000;2016-02-24T00:26:01.000000;bfe89723-ef7c-4ee0-a476-27a8ce99e3ff;422.67;0.45943;UNKNOWN
2016-02-24T00:26:01.000000;2016-02-24T00:26:01.000000;256047fa-ad14-471e-ac98-98a1cc138690;422.71;0.01;UNKNOWN
2016-02-24T00:26:01.000000;2016-02-24T00:26:01.000000;052fd532-9d69-4c4f-80fb-221d2b711da7;422.67;0.122;UNKNOWN
2016-02-24T00:26:01.000000;2016-02-24T00:26:01.000000;2257acf8-f5d2-48e4-a703-1594ebc42f06;422.67;0.01;UNKNOWN
2016-02-24T00:26:01.000000;2016-02-24T00:26:01.000000;1f4d4ead-ad32-4f3a-896b-c39b906e7ccd;422.7;0.01;UNKNOWN
2016-02-24T00:26:33.000000;2016-02-24T00:26:33.000000;d1a485f0-65ef-4b65-a8c6-648b68abc5e3;422.76;0.0387;UNKNOWN
2016-02-24T00:26:48.000000;2016-02-24T00:26:48.000000;f74f2b23-f244-4ffb-8c0b-7e9165ad69f9;422.77;0.534;UNKNOWN
2016-02-24T00:26:48.000000;2016-02-24T00:26:48.000000;10071a7f-95b0-402c-99e1-3edfc060e13c;422.77;0.01;UNKNOWN
2016-02-24T00:26:54.000000;2016-02-24T00:26:54.000000;fd4adc54-3ee2-4289-be67-3700726297fb;422.92;0.01365691;UNKNOWN
2016-02-24T00:26:54.000000;2016-02-24T00:26:54.000000;ef8d312d-6c06-4cc2-a2c2-6df4ba7bbc5c;422.92;0.01365691;UNKNOWN
2016-02-24T00:26:54.000000;2016-02-24T00:26:54.000000;48360437-162b-41e8-9c4f-4037b140a671;422.88;0.01;UNKNOWN
2016-02-24T00:26:54.000000;2016-02-24T00:26:54.000000;d5214787-8861-4688-9eaf-3a86959464cf;422.9;0.01365691;UNKNOWN
2016-02-24T00:26:54.000000;2016-02-24T00:26:54.000000;04632322-ee03-434a-a9f2-5317a8a1437a;422.93;0.01;UNKNOWN
2016-02-24T00:26:54.000000;2016-02-24T00:26:54.000000;cb0a5f9b-aa4b-46ad-a8c6-71b34c909ef4;422.87;0.01;UNKNOWN
2016-02-24T00:26:54.000000;2016-02-24T00:26:54.000000;2a23555b-14ad-41e6-af8c-814d9998e2fb;422.95;0.01;UNKNOWN
2016-02-24T00:26:54.000000;2016-02-24T00:26:54.000000;52e684ea-484a-4922-beee-048a97b23ea1;422.85;0.01;UNKNOWN
2016-02-24T00:26:54.000000;2016-02-24T00:26:54.000000;7a5fbadc-ce95-4492-bae1-4046805b2826;422.85;0.01;UNKNOWN
2016-02-24T00:26:54.000000;2016-02-24T00:26:54.000000;fcad3ee0-6fb8-4e4b-9a72-15acede6776b;423.0;0.01;UNKNOWN
2016-02-24T00:26:54.000000;2016-02-24T00:26:54.000000;45de0a41-3986-4f9d-a3c4-f65bf8f30c07;422.95;0.01;UNKNOWN
2016-02-24T00:26:54.000000;2016-02-24T00:26:54.000000;085013d6-a16a-4175-aaca-4a005549fa55;422.8;0.01;UNKNOWN
2016-02-24T00:26:54.000000;2016-02-24T00:26:54.000000;bfd7316f-e13b-4c76-a535-6f7a72d6f970;423.0;0.01002;UNKNOWN
2016-02-24T00:26:54.000000;2016-02-24T00:26:54.000000;164211fa-a94b-4f65-a953-4ac0896f49e0;423.0;0.20900927;UNKNOWN
2016-02-24T00:26:58.000000;2016-02-24T00:26:58.000000;e7873150-a4f6-403b-b67c-5b66bc388074;423.0;0.37099073;UNKNOWN
2016-02-24T00:26:58.000000;2016-02-24T00:26:58.000000;44ec1df8-67b9-4165-9629-b16f3f47ac9e;423.0;0.11;UNKNOWN
2016-02-24T00:26:58.000000;2016-02-24T00:26:58.000000;d32d57ef-fc07-4cf6-8f8f-348a025b91df;423.0;3.396402;UNKNOWN
2016-02-24T00:26:58.000000;2016-02-24T00:26:58.000000;11af55b5-e7bd-4119-986c-0025de888f11;423.0;0.1;UNKNOWN
2016-02-24T00:27:01.000000;2016-02-24T00:27:01.000000;0700163c-d742-42a0-a2c8-a67b7d293381;423.24;0.02;UNKNOWN
2016-02-24T00:27:01.000000;2016-02-24T00:27:01.000000;c84bc042-0cd2-494b-9859-43a02dfc95cb;423.21;0.05;UNKNOWN
2016-02-24T00:27:01.000000;2016-02-24T00:27:01.000000;01b7cf25-a05f-4589-a851-c968fb8ceabf;423.12;0.01;UNKNOWN
2016-02-24T00:27:01.000000;2016-02-24T00:27:01.000000;0ccae2c3-3f2d-4ebd-87cd-ad7b2a005c67;423.11;0.01;UNKNOWN
2016-02-24T00:27:01.000000;2016-02-24T00:27:01.000000;558f7825-536f-4ae1-b287-cae218cedb11;423.1;0.01364998;UNKNOWN
2016-02-24T00:27:01.000000;2016-02-24T00:27:01.000000;3f185699-c04a-4b4a-a27a-538643acb226;423.03;0.03;UNKNOWN
2016-02-24T00:27:01.000000;2016-02-24T00:27:01.000000;60dc52e7-6ad1-408a-9bea-8aebf5959cc3;423.25;0.11334002;UNKNOWN
2016-02-24T00:27:04.000000;2016-02-24T00:27:04.000000;3d0551a8-79f9-4746-bf99-f2b28e0e9530;423.25;0.1;UNKNOWN
2016-02-24T00:27:35.000000;2016-02-24T00:27:35.000000;e60bf1b2-4cea-4416-98da-d285ef877c0a;423.25;1.45404016;UNKNOWN
2016-02-24T00:27:35.000000;2016-02-24T00:27:35.000000;8d0ff12c-9ad1-4c88-a3d6-4ad5fda0d4cf;423.25;0.22623984;UNKNOWN
2016-02-24T00:28:01.000000;2016-02-24T00:28:01.000000;e86e4c9d-baf0-407c-a874-c20a5a05d3b4;423.29;0.04488;UNKNOWN
2016-02-24T00:28:19.000000;2016-02-24T00:28:19.000000;2abff8ea-4d52-4a23-8c09-117cb8f2a8e3;423.3;0.01364627;UNKNOWN
2016-02-24T00:28:19.000000;2016-02-24T00:28:19.000000;33b9faba-1c82-47e5-b089-d888173c710b;423.3;0.01364627;UNKNOWN
2016-02-24T00:28:21.000000;2016-02-24T00:28:21.000000;1bdfabad-f87e-42b6-b3d4-2b24c1f16804;423.35;0.01;UNKNOWN
2016-02-24T00:28:21.000000;2016-02-24T00:28:21.000000;7be8c511-2051-4c27-9dad-a9073b525f99;423.48;0.01;UNKNOWN
2016-02-24T00:28:21.000000;2016-02-24T00:28:21.000000;e8536556-6939-42f4-89a5-eca8bdefbb03;423.48;0.12;UNKNOWN
2016-02-24T00:28:21.000000;2016-02-24T00:28:21.000000;325c609e-c4a7-46ff-9b91-3b729b743b20;423.45;0.01;UNKNOWN
2016-02-24T00:28:21.000000;2016-02-24T00:28:21.000000;42789f28-eb52-4770-b70d-637ee48a576f;423.36;0.05;UNKNOWN
2016-02-24T00:28:28.000000;2016-02-24T00:28:28.000000;7b9ad0c4-722e-422f-9adc-18150adefa52;423.5;0.01365248;UNKNOWN
2016-02-24T00:28:28.000000;2016-02-24T00:28:28.000000;16d5b4dd-d81b-4380-9d5d-904d7629832c;423.49;0.01;UNKNOWN
2016-02-24T00:28:28.000000;2016-02-24T00:28:28.000000;b9e42bfa-5120-4254-bc98-3188a1c6beb5;423.5;0.17634752;UNKNOWN
2016-02-24T00:28:31.000000;2016-02-24T00:28:31.000000;74804075-736e-4996-9a85-d1ee2d35dcae;423.5;0.19595839;UNKNOWN
2016-02-24T00:28:31.000000;2016-02-24T00:28:31.000000;18450cb3-9b10-411e-b6e6-1423ea4a54fb;423.58;0.01;UNKNOWN
2016-02-24T00:28:31.000000;2016-02-24T00:28:31.000000;3a207028-9b68-4f94-b405-09d35955aa82;423.56;0.01;UNKNOWN
2016-02-24T00:28:31.000000;2016-02-24T00:28:31.000000;020ae91c-10ce-44c2-a9ff-a9eac159f22c;423.5;0.01911116;UNKNOWN
2016-02-24T00:28:31.000000;2016-02-24T00:28:31.000000;7c9351c2-ce0f-4796-bd69-dfe771f52190;423.58;0.01;UNKNOWN
2016-02-24T00:28:31.000000;2016-02-24T00:28:31.000000;b4106c56-16a0-46f9-8b6f-d39f26e60b75;423.57;0.01;UNKNOWN
2016-02-24T00:28:31.000000;2016-02-24T00:28:31.000000;b94d5725-8e5b-4691-aeff-5913545f93ad;423.56;0.01;UNKNOWN
2016-02-24T00:28:31.000000;2016-02-24T00:28:31.000000;f48fcbed-9983-4a5b-ad65-f93e0a8a8ea3;423.6;0.00727045;UNKNOWN
2016-02-24T00:28:31.000000;2016-02-24T00:28:31.000000;6059b96f-de93-4418-ad1a-4c018b3bfe07;423.58;0.01;UNKNOWN
2016-02-24T00:28:31.000000;2016-02-24T00:28:31.000000;0873ef68-89d3-4788-b723-e2c3af0b84f3;423.58;0.01;UNKNOWN
2016-02-24T00:28:31.000000;2016-02-24T00:28:31.000000;43a3cdfb-071e-4ef6-a667-30320d227b3f;423.59;0.01;UNKNOWN
2016-02-24T00:28:31.000000;2016-02-24T00:28:31.000000;8dbbad9a-0fe4-4d79-9ab1-17dff9fda0c7;423.57;0.01;UNKNOWN
2016-02-24T00:28:31.000000;2016-02-24T00:28:31.000000;f5525688-566c-4d8b-b5a6-7a3dc09fbc53;423.57;0.01;UNKNOWN
2016-02-24T00:28:31.000000;2016-02-24T00:28:31.000000;b73d61b1-c391-4e5a-a7bb-4b44fe60ea0c;423.59;0.01;UNKNOWN
2016-02-24T00:28:39.000000;2016-02-24T00:28:39.000000;f9425da3-9a81-4c36-ac8c-491ddaae75eb;423.68;0.01;UNKNOWN
2016-02-24T00:28:39.000000;2016-02-24T00:28:39.000000;272333cb-43a7-4997-a35c-8f3f1be45687;423.7;0.00272955;UNKNOWN
2016-02-24T00:28:39.000000;2016-02-24T00:28:39.000000;da0bf67b-23fd-49c3-af81-44cb9f729429;423.67;0.01;UNKNOWN
2016-02-24T00:28:39.000000;2016-02-24T00:28:39.000000;c914e669-0bf0-445e-805b-c0daa650ee42;423.7;0.00727045;UNKNOWN
2016-02-24T00:28:39.000000;2016-02-24T00:28:39.000000;38e8d517-b93a-4448-9b72-710a6d956829;423.66;0.01;UNKNOWN
2016-02-24T00:28:39.000000;2016-02-24T00:28:39.000000;2381bb87-14a8-491c-9fee-fa93131fad1e;423.69;0.01;UNKNOWN
2016-02-24T00:28:39.000000;2016-02-24T00:28:39.000000;d4860e5b-105c-4c30-a0f3-6d0e38e2b0d8;423.69;0.01;UNKNOWN
2016-02-24T00:28:39.000000;2016-02-24T00:28:39.000000;6a87d676-3348-4769-b1ca-d03d2e74787d;423.66;0.01;UNKNOWN
2016-02-24T00:28:39.000000;2016-02-24T00:28:39.000000;eb020e96-fa67-46bd-9003-78d1f5638193;423.63;0.01;UNKNOWN
2016-02-24T00:28:39.000000;2016-02-24T00:28:39.000000;43321e51-94c9-4bc8-9535-4106f3eca7f0;423.61;0.01;UNKNOWN
2016-02-24T00:28:39.000000;2016-02-24T00:28:39.000000;7988f1a2-e462-4cf8-b9a1-76efd0398d63;423.6;0.00272955;UNKNOWN
2016-02-24T00:28:39.000000;2016-02-24T00:28:39.000000;c6585379-cf61-4771-9111-87cbb7b11643;423.63;0.01;UNKNOWN
2016-02-24T00:28:39.000000;2016-02-24T00:28:39.000000;9ef452c3-d5b9-44ed-b6cd-27356f83f2d4;423.62;0.01;UNKNOWN
2016-02-24T00:28:39.000000;2016-02-24T00:28:39.000000;3765477a-df2c-42d0-8eb2-cd76d6b1c2db;423.62;0.01;UNKNOWN
2016-02-24T00:28:39.000000;2016-02-24T00:28:39.000000;c9bef3f0-d8ea-4c2c-9f45-4a06ea56171b;423.68;0.02;UNKNOWN
2016-02-24T00:28:39.000000;2016-02-24T00:28:39.000000;5393bc2b-a16c-4c4a-8638-0a8f92f14f0d;423.65;0.01;UNKNOWN
2016-02-24T00:28:39.000000;2016-02-24T00:28:39.000000;8d93f746-300c-4154-82b9-2a449b2a9dd9;423.64;0.01;UNKNOWN
2016-02-24T00:28:39.000000;2016-02-24T00:28:39.000000;7ad2abb4-1823-4f48-b0c8-5286b3df930e;423.63;0.01;UNKNOWN
2016-02-24T00:28:39.000000;2016-02-24T00:28:39.000000;6f814d0e-ceba-499f-b9cb-15db9e39ea27;423.65;0.01;UNKNOWN
2016-02-24T00:28:39.000000;2016-02-24T00:28:39.000000;2942d8f3-91da-482c-8185-87fbfdf833a6;423.64;0.01;UNKNOWN
2016-02-24T00:28:39.000000;2016-02-24T00:28:39.000000;87324d8c-9765-4263-8cbe-600ec5588aaf;423.64;0.01;UNKNOWN
2016-02-24T00:28:39.000000;2016-02-24T00:28:39.000000;edc28515-2b00-413b-9d5c-67fcbaedc9bb;423.83;0.01;UNKNOWN
2016-02-24T00:28:39.000000;2016-02-24T00:28:39.000000;45fe7ec1-52dd-4503-93cf-c1da3a0d3574;423.73;0.01;UNKNOWN
2016-02-24T00:28:39.000000;2016-02-24T00:28:39.000000;48f92b4b-3baf-4cd4-9291-1b5738482142;423.79;0.02;UNKNOWN
2016-02-24T00:28:39.000000;2016-02-24T00:28:39.000000;2c00179c-3065-436f-a819-b46d1b5a34a0;423.72;0.01;UNKNOWN
2016-02-24T00:28:39.000000;2016-02-24T00:28:39.000000;dcdf8958-562f-437e-9e72-12de23f00077;423.77;0.075;UNKNOWN
2016-02-24T00:28:39.000000;2016-02-24T00:28:39.000000;8a3c0a09-53f5-4aed-900e-c12ba32a2c89;423.71;0.01;UNKNOWN
2016-02-24T00:28:39.000000;2016-02-24T00:28:39.000000;60c9dbe9-f59f-4055-8bc4-8c6da51bdb18;423.74;0.75;UNKNOWN
2016-02-24T00:28:39.000000;2016-02-24T00:28:39.000000;491ffd0c-faa0-4d0e-9030-372f8685a366;423.7;0.01364627;UNKNOWN
2016-02-24T00:28:39.000000;2016-02-24T00:28:39.000000;3c072f11-b894-4bc6-98ec-e3c080307b6c;423.74;0.01;UNKNOWN
2016-02-24T00:28:39.000000;2016-02-24T00:28:39.000000;ed71321e-6a81-4c5a-80ed-ca4228311678;423.9;0.01361248;UNKNOWN
2016-02-24T00:28:39.000000;2016-02-24T00:28:39.000000;6d9dcac4-4390-42cd-816f-a248f49efcab;423.93;0.075;UNKNOWN
2016-02-24T00:28:39.000000;2016-02-24T00:28:39.000000;54d6aac6-26e4-4e99-948f-508d010b7fb1;423.87;0.1;UNKNOWN
2016-02-24T00:28:39.000000;2016-02-24T00:28:39.000000;c5e69929-98ae-4784-9b03-0ed108520988;423.9;0.075;UNKNOWN
2016-02-24T00:28:39.000000;2016-02-24T00:28:39.000000;1bfcdd84-173d-4c08-834b-483caf9a52c4;423.86;0.075;UNKNOWN
2016-02-24T00:28:39.000000;2016-02-24T00:28:39.000000;c4e795b0-acbb-41f8-a5b8-e6fdced71ecd;423.83;0.0186;UNKNOWN
2016-02-24T00:28:39.000000;2016-02-24T00:28:39.000000;91609334-7366-4218-bc20-966482c15f41;423.95;0.01;UNKNOWN
2016-02-24T00:28:39.000000;2016-02-24T00:28:39.000000;2306bd8f-5e7b-4f28-a447-1ed62ebbba8d;423.95;0.03;UNKNOWN
2016-02-24T00:28:39.000000;2016-02-24T00:28:39.000000;f1794713-1042-472f-8a96-bfcd1113ce4a;423.95;0.1;UNKNOWN
2016-02-24T00:28:39.000000;2016-02-24T00:28:39.000000;7c5fecb1-bf19-4037-8cf0-da5b73526805;424.0;0.01001;UNKNOWN
2016-02-24T00:28:39.000000;2016-02-24T00:28:39.000000;9eafcba8-5c0c-4e1a-8fb2-8a27b20eeabd;423.98;5.0;UNKNOWN
2016-02-24T00:28:39.000000;2016-02-24T00:28:39.000000;00b0cda3-642f-4359-960b-74a1c5dcfd12;424.0;0.2383;UNKNOWN
2016-02-24T00:28:39.000000;2016-02-24T00:28:39.000000;be1f8314-9ca5-4d9f-bd20-fb6879102497;424.0;0.1;UNKNOWN
2016-02-24T00:28:54.000000;2016-02-24T00:28:54.000000;78cd423b-9ba9-4f3d-9ed3-4f57f043af7d;424.09;0.4625;UNKNOWN
2016-02-24T00:28:54.000000;2016-02-24T00:28:54.000000;dec5efc0-53ed-4e16-ac72-7498fae4bc44;424.1;0.01361248;UNKNOWN
2016-02-24T00:28:54.000000;2016-02-24T00:28:54.000000;ecd00ad2-ceea-44c1-81a5-5869b71c0def;424.12;0.07367278;UNKNOWN
2016-02-24T00:28:54.000000;2016-02-24T00:28:54.000000;08602163-f646-40e5-9dc8-83d9221d7c80;424.05;0.075;UNKNOWN
2016-02-24T00:28:54.000000;2016-02-24T00:28:54.000000;fe8b17e2-a0f0-4ec9-b5c7-61c8f1df7ab0;424.04;0.06;UNKNOWN
2016-02-24T00:29:01.000000;2016-02-24T00:29:01.000000;37e1bef1-e907-4375-8e2e-ed4444718d4b;424.12;0.00132722;UNKNOWN
2016-02-24T00:29:01.000000;2016-02-24T00:29:01.000000;94c4292d-438c-47c6-af38-a2acde369fff;424.16;0.075;UNKNOWN
2016-02-24T00:29:01.000000;2016-02-24T00:29:01.000000;6bef5d0c-4879-4f44-adc8-9bfb640a6057;424.12;0.075;UNKNOWN
2016-02-24T00:29:01.000000;2016-02-24T00:29:01.000000;a79df6eb-3258-4a2c-ad41-45313804118a;424.19;0.075;UNKNOWN
2016-02-24T00:29:01.000000;2016-02-24T00:29:01.000000;87df0756-974c-4ce4-8794-7babf40ef69f;424.17;0.03;UNKNOWN
2016-02-24T00:29:01.000000;2016-02-24T00:29:01.000000;4816fc1f-d8cf-427b-8828-cb7caa8c8924;424.19;0.13565441;UNKNOWN
2016-02-24T00:29:02.000000;2016-02-24T00:29:02.000000;dafcf96f-a09a-471b-8ae0-ebb0bb2f81ba;424.45;0.075;UNKNOWN
2016-02-24T00:29:02.000000;2016-02-24T00:29:02.000000;8ab31fe5-8b3a-4fdf-a906-3dc3a5fb4f8c;424.45;0.086;UNKNOWN
2016-02-24T00:29:02.000000;2016-02-24T00:29:02.000000;82b94093-e4cc-42c5-af71-13905f9e8e5a;424.44;0.41989823;UNKNOWN
2016-02-24T00:29:02.000000;2016-02-24T00:29:02.000000;f310c130-3155-4228-b7e1-1484e2bf38eb;424.59;1.28694764;UNKNOWN
2016-02-24T00:29:02.000000;2016-02-24T00:29:02.000000;bb73f59c-9260-4536-9384-a1bccd1c6a5c;424.5;0.076;UNKNOWN
2016-02-24T00:29:02.000000;2016-02-24T00:29:02.000000;c2ba9dee-0ff3-4c01-b37d-0361dd2132cd;424.21;0.634;UNKNOWN
2016-02-24T00:29:02.000000;2016-02-24T00:29:02.000000;27eff8b0-715a-4c26-91f2-b3fb25e972cb;424.42;0.06;UNKNOWN
2016-02-24T00:29:02.000000;2016-02-24T00:29:02.000000;25746f78-3780-49bc-9822-fb7e1044b8e0;424.3;0.075;UNKNOWN
2016-02-24T00:29:02.000000;2016-02-24T00:29:02.000000;5b1a8033-2dfb-42a7-bc0c-626a3cac6a05;424.3;0.01361248;UNKNOWN
2016-02-24T00:29:02.000000;2016-02-24T00:29:02.000000;322301d2-df8e-4afa-8fc1-49015cc326e0;424.21;0.05;UNKNOWN
2016-02-24T00:29:02.000000;2016-02-24T00:29:02.000000;7958da58-d31a-42ad-a896-1c95cce4b7c0;424.2;0.075;UNKNOWN
2016-02-24T00:29:02.000000;2016-02-24T00:29:02.000000;ebe2b1ec-a7b3-41ac-9f35-5abd5d145569;424.19;0.48778559;UNKNOWN
2016-02-24T00:29:02.000000;2016-02-24T00:29:02.000000;e59052f0-b1eb-4da6-b598-31704e09f4ce;424.19;0.24656;UNKNOWN
2016-02-24T00:29:02.000000;2016-02-24T00:29:02.000000;abd60533-b843-4161-982c-9080072a8186;424.5;0.19514358;UNKNOWN
2016-02-24T00:29:02.000000;2016-02-24T00:29:02.000000;adc171f4-161a-4abe-9633-baf687d5931d;424.49;0.01;UNKNOWN
2016-02-24T00:29:02.000000;2016-02-24T00:29:02.000000;54963001-0cc0-4384-ba15-27ff6df64e58;424.32;0.206;UNKNOWN
2016-02-24T00:29:02.000000;2016-02-24T00:29:02.000000;88d49a16-512c-4567-aa01-72e0af38a1d9;424.35;0.093;UNKNOWN
2016-02-24T00:29:02.000000;2016-02-24T00:29:02.000000;915ba763-4439-417c-911c-c946ed5efe4e;424.4;0.113;UNKNOWN
2016-02-24T00:29:02.000000;2016-02-24T00:29:02.000000;de62a9c1-1119-4f6a-8d33-736de8f86384;424.34;0.02;UNKNOWN
2016-02-24T00:29:02.000000;2016-02-24T00:29:02.000000;df67fa2c-75e1-45c9-8022-9a3badb85268;424.34;0.01;UNKNOWN
2016-02-24T00:29:02.000000;2016-02-24T00:29:02.000000;87107afe-e400-4313-b244-2df9011cee4c;424.5;0.01361248;UNKNOWN
2016-02-24T00:29:24.000000;2016-02-24T00:29:24.000000;3ca8803e-aa4a-4478-8723-191f59f1fa6f;424.52;0.15;UNKNOWN
2016-02-24T00:29:24.000000;2016-02-24T00:29:24.000000;4a9c4a60-5973-4636-befa-e4d4827f74f1;424.6;0.035;UNKNOWN
2016-02-24T00:29:24.000000;2016-02-24T00:29:24.000000;da4129e0-a1bb-4945-bb1f-846da4d54660;424.57;0.162;UNKNOWN
2016-02-24T00:29:24.000000;2016-02-24T00:29:24.000000;7a183b89-8961-47ba-b175-06a470e347f7;424.47;0.133;UNKNOWN
2016-02-24T00:29:24.000000;2016-02-24T00:29:24.000000;566f9398-57e1-49ee-9c14-6dfbf5fdd8d5;424.45;0.075;UNKNOWN
2016-02-24T00:29:24.000000;2016-02-24T00:29:24.000000;fc51bcc0-e479-4f9b-b76e-01182f892fef;424.6;0.885;UNKNOWN
2016-02-24T00:29:24.000000;2016-02-24T00:29:24.000000;0c40c192-8f7b-489f-a214-141f4a04c93f;424.4;0.04;UNKNOWN
2016-02-24T00:29:24.000000;2016-02-24T00:29:24.000000;d36f4c11-ccd6-4799-b37c-117b57e27384;424.4;0.52;UNKNOWN
2016-02-24T00:29:30.000000;2016-02-24T00:29:30.000000;55e2ac43-9426-4b1a-9944-a2d7b4394e4f;424.6;1.0;UNKNOWN
2016-02-24T00:29:30.000000;2016-02-24T00:29:30.000000;63f063e6-23ae-4525-b9ce-c8f377546ee7;424.59;0.381;UNKNOWN
2016-02-24T00:29:30.000000;2016-02-24T00:29:30.000000;51feea78-c3ac-435a-b2d3-e9c1d584e42d;424.62;0.02;UNKNOWN
2016-02-24T00:29:30.000000;2016-02-24T00:29:30.000000;8edd3bfa-0141-4e6f-b667-c199a62ae389;424.64;0.39;UNKNOWN
2016-02-24T00:29:30.000000;2016-02-24T00:29:30.000000;98acff74-7908-45e1-871a-8209cc47dada;424.64;3.72869;UNKNOWN
2016-02-24T00:29:31.000000;2016-02-24T00:29:31.000000;a981df41-a134-4ebd-b0e1-9cdef7ab4df2;424.7;0.01361248;UNKNOWN
2016-02-24T00:29:31.000000;2016-02-24T00:29:31.000000;aefaf569-9824-4856-a7d9-83cd39f9b309;424.69;0.39;UNKNOWN
2016-02-24T00:29:31.000000;2016-02-24T00:29:31.000000;8a6012ae-3983-475b-bebb-86b243274a0d;424.68;0.01282539;UNKNOWN
2016-02-24T00:29:31.000000;2016-02-24T00:29:31.000000;d5c45257-2293-4ab8-b269-51a4fe4b9f9c;424.74;0.42;UNKNOWN
2016-02-24T00:29:31.000000;2016-02-24T00:29:31.000000;ad55881f-c6cf-4785-9dc6-d3494c874cfd;424.71;0.075;UNKNOWN
2016-02-24T00:29:31.000000;2016-02-24T00:29:31.000000;853d67c5-864b-4816-9ab0-fdae3c722822;424.72;4.893;UNKNOWN
2016-02-24T00:29:31.000000;2016-02-24T00:29:31.000000;0ba1cbf3-ca6f-4b1f-8750-e2df57c69ea2;424.75;14.26974213;UNKNOWN
2016-02-24T00:29:50.000000;2016-02-24T00:29:50.000000;bd3b9d62-d81b-4999-862e-9738a23ff860;424.71;0.86423653;UNKNOWN
2016-02-24T00:29:50.000000;2016-02-24T00:29:50.000000;7100f5c0-9bb8-4ef2-bc5e-ce83cad058bc;424.7;0.05376347;UNKNOWN
2016-02-24T00:29:50.000000;2016-02-24T00:29:50.000000;56bd4cf2-dcdd-4e8b-935a-5b108bf41604;424.7;0.41619637;UNKNOWN
2016-02-24T00:29:50.000000;2016-02-24T00:29:50.000000;065b006e-10ed-40ba-a64b-8843003d3d1c;424.7;0.079;UNKNOWN
2016-02-24T00:29:50.000000;2016-02-24T00:29:50.000000;a1ec92ed-c75b-4f21-b26b-2de0b4f2ab2e;424.7;0.22;UNKNOWN
2016-02-24T00:29:53.000000;2016-02-24T00:29:53.000000;0d665aaa-8342-47f9-a0b9-d50282101e30;424.71;1.0;UNKNOWN
2016-02-24T00:29:58.000000;2016-02-24T00:29:58.000000;9fd9e08c-bde5-4891-87f1-c5c1a972ef73;424.71;0.48;UNKNOWN
2016-02-24T00:29:58.000000;2016-02-24T00:29:58.000000;861eaace-284c-4f06-9a24-aaf236aa8ae1;424.71;0.23410363;UNKNOWN
2016-02-24T00:29:58.000000;2016-02-24T00:29:58.000000;1d2b072f-f835-47fd-99a5-cfc43f35452c;424.71;0.4488;UNKNOWN
2016-02-24T00:29:58.000000;2016-02-24T00:29:58.000000;8275dc02-cc20-41a7-8712-d75c5d1fd886;424.71;0.03009274;UNKNOWN
2016-02-24T00:29:58.000000;2016-02-24T00:29:58.000000;aa1bd45c-2623-477c-8583-06571e3dce43;424.71;0.4522;UNKNOWN
2016-02-24T00:30:01.000000;2016-02-24T00:30:01.000000;5637b76a-bceb-4c7c-aaef-85109a99a548;424.71;1.0;UNKNOWN
2016-02-24T00:30:02.000000;2016-02-24T00:30:02.000000;05f4dba0-4b5e-4bfc-8c6a-3033245605d9;424.7;0.014;UNKNOWN
2016-02-24T00:30:02.000000;2016-02-24T00:30:02.000000;dfe022df-fa04-46ac-ad19-a80e398dbfce;424.7;0.31402;UNKNOWN
2016-02-24T00:30:04.000000;2016-02-24T00:30:04.000000;6453b745-3a3b-4b61-95a2-b0b8e4293460;424.75;0.64962927;UNKNOWN
2016-02-24T00:30:04.000000;2016-02-24T00:30:04.000000;ff612840-ba48-4464-9300-c9c37ae9eb8f;424.71;0.0534329;UNKNOWN
2016-02-24T00:30:04.000000;2016-02-24T00:30:04.000000;428a9196-36ef-428c-928e-28a894844a55;424.71;0.21787799;UNKNOWN
2016-02-24T00:30:04.000000;2016-02-24T00:30:04.000000;b608b81f-0c22-43b2-b137-6b8a3621f94a;424.71;0.6945671;UNKNOWN
2016-02-24T00:30:04.000000;2016-02-24T00:30:04.000000;935f4d1f-809e-468f-8516-1bac6ac05cc6;424.71;0.02968911;UNKNOWN
2016-02-24T00:30:34.000000;2016-02-24T00:30:34.000000;5daf0c8d-5276-476a-b1bc-d86715513d03;424.71;0.01;UNKNOWN
2016-02-24T00:30:34.000000;2016-02-24T00:30:34.000000;60c408cc-a74b-4d2e-8748-c2756efd6ee0;424.72;0.01;UNKNOWN
2016-02-24T00:30:34.000000;2016-02-24T00:30:34.000000;4573a976-3fa8-4b0a-a342-65fc4073ca18;424.71;0.00203;UNKNOWN
2016-02-24T00:30:36.000000;2016-02-24T00:30:36.000000;8d56c727-61bc-49a5-9a9d-743dc2686e35;424.72;0.25;UNKNOWN
2016-02-24T00:31:06.000000;2016-02-24T00:31:06.000000;f1a23dca-1f0f-4c53-a499-8fc8b0b7a0c5;424.72;2.11152;UNKNOWN
2016-02-24T00:31:07.000000;2016-02-24T00:31:07.000000;5a934226-7eaa-4782-a95c-bec5b0dcbcf6;424.71;0.12;UNKNOWN
2016-02-24T00:31:07.000000;2016-02-24T00:31:07.000000;c02fc04d-8f69-445b-845c-e355e2109229;424.71;0.00797;UNKNOWN
2016-02-24T00:31:16.000000;2016-02-24T00:31:16.000000;39d27831-084c-459e-90f1-63fe9fee9338;424.7;0.25;UNKNOWN
2016-02-24T00:31:16.000000;2016-02-24T00:31:16.000000;e7195044-70a8-40ff-a34d-91f4eaa731e8;424.66;0.01;UNKNOWN
2016-02-24T00:31:16.000000;2016-02-24T00:31:16.000000;f10fa287-c3dc-4b2e-ab5d-7d926c76bf30;424.7;0.01;UNKNOWN
2016-02-24T00:31:16.000000;2016-02-24T00:31:16.000000;aaaa2868-9559-477d-9dd7-afad98f8ead7;424.7;0.0125;UNKNOWN
2016-02-24T00:31:16.000000;2016-02-24T00:31:16.000000;7b5e831d-f6b9-4ead-bd59-cd4ae90a72a2;424.62;0.01;UNKNOWN
2016-02-24T00:31:16.000000;2016-02-24T00:31:16.000000;909a4feb-f162-4d0b-92d1-a11a78c122be;424.63;0.01;UNKNOWN
2016-02-24T00:31:16.000000;2016-02-24T00:31:16.000000;ff702b43-af81-4846-a396-88134d7d7b46;424.64;0.01;UNKNOWN
2016-02-24T00:31:16.000000;2016-02-24T00:31:16.000000;e7eedc29-1e14-4b50-b5fa-f718db0a69c7;424.58;0.014;UNKNOWN
2016-02-24T00:31:16.000000;2016-02-24T00:31:16.000000;ee1878d3-3f32-4ec8-9194-f41ad44f12a0;424.6;0.01;UNKNOWN
2016-02-24T00:31:16.000000;2016-02-24T00:31:16.000000;cb844c9d-6d22-4958-ab63-9d99e0fb1a81;424.6;0.014;UNKNOWN
2016-02-24T00:31:16.000000;2016-02-24T00:31:16.000000;cda1f0a0-7b4f-4fa3-bbab-f485be92f782;424.6;0.01;UNKNOWN
2016-02-24T00:31:16.000000;2016-02-24T00:31:16.000000;a0dcd0f3-f6ac-4a88-b9ab-7863f53d71bf;424.61;0.01;UNKNOWN
2016-02-24T00:31:16.000000;2016-02-24T00:31:16.000000;b39096d7-6d4e-47ed-aea6-b94a7d3fc334;424.59;0.014;UNKNOWN
2016-02-24T00:31:16.000000;2016-02-24T00:31:16.000000;f896d0e3-7534-423e-ab14-61c8f621e393;424.58;0.01;UNKNOWN
2016-02-24T00:31:16.000000;2016-02-24T00:31:16.000000;104254ab-701e-4792-b559-02427a373cae;424.51;0.01;UNKNOWN
2016-02-24T00:31:16.000000;2016-02-24T00:31:16.000000;2d982cc2-5e96-42d1-95ac-1a286ba76dc5;424.54;0.01;UNKNOWN
2016-02-24T00:31:16.000000;2016-02-24T00:31:16.000000;2939395d-0043-4f6f-b08f-52370760c15f;424.51;0.01;UNKNOWN
2016-02-24T00:31:16.000000;2016-02-24T00:31:16.000000;39f5a8fb-1a27-4feb-ad14-3b1b3e814608;424.54;0.01;UNKNOWN
2016-02-24T00:31:16.000000;2016-02-24T00:31:16.000000;d0a5fe4b-9be8-4f39-83c4-6c37a4e8c3a0;424.56;0.01;UNKNOWN
2016-02-24T00:31:16.000000;2016-02-24T00:31:16.000000;c1dc893f-0d36-428c-940f-ebf2d7594387;424.52;0.01;UNKNOWN
2016-02-24T00:31:16.000000;2016-02-24T00:31:16.000000;c7d96a8a-2519-4e4c-aeed-d9dcbe36bf6d;424.57;0.014;UNKNOWN
2016-02-24T00:31:16.000000;2016-02-24T00:31:16.000000;a91fcb1e-074f-4253-93b0-42cd155115ac;424.54;0.01;UNKNOWN
2016-02-24T00:31:16.000000;2016-02-24T00:31:16.000000;96405f59-621b-4a77-8744-e99f96e14d8a;424.55;0.01;UNKNOWN
2016-02-24T00:31:16.000000;2016-02-24T00:31:16.000000;8905be89-aebb-4dab-bff2-14dc3a7d4d61;424.52;0.01;UNKNOWN
2016-02-24T00:31:16.000000;2016-02-24T00:31:16.000000;a1b2c40f-4de2-4dc8-a680-5aedc68da7ce;424.53;0.01;UNKNOWN
2016-02-24T00:31:16.000000;2016-02-24T00:31:16.000000;720eee7d-c1a1-4808-97c4-f044a89860d0;424.53;0.01;UNKNOWN
2016-02-24T00:31:16.000000;2016-02-24T00:31:16.000000;f4894926-7b7c-45c2-9b6a-efae2d4aa5ae;424.45;0.01;UNKNOWN
2016-02-24T00:31:16.000000;2016-02-24T00:31:16.000000;cf2b4741-b203-4195-98e1-58403a75d91a;424.45;0.01;UNKNOWN
2016-02-24T00:31:16.000000;2016-02-24T00:31:16.000000;8f1fc89d-00c9-4a23-813c-0b9f2f1d1489;424.47;0.01;UNKNOWN
2016-02-24T00:31:16.000000;2016-02-24T00:31:16.000000;06b1fc67-61d2-48b6-b366-422beacae10e;424.48;0.01;UNKNOWN
2016-02-24T00:31:16.000000;2016-02-24T00:31:16.000000;4ff63ae7-759c-4c31-871b-97086bceb490;424.44;0.01;UNKNOWN
2016-02-24T00:31:16.000000;2016-02-24T00:31:16.000000;fb7ad8e7-2f42-4ce7-8e65-acc32e08e429;424.49;0.01;UNKNOWN
2016-02-24T00:31:16.000000;2016-02-24T00:31:16.000000;a51d471c-1239-4011-96d0-477f9b1557c2;424.49;0.11;UNKNOWN
2016-02-24T00:31:16.000000;2016-02-24T00:31:16.000000;3c5de9de-e414-4114-8e0d-7bb9dd40bcf9;424.46;0.01;UNKNOWN
2016-02-24T00:31:16.000000;2016-02-24T00:31:16.000000;a7fa01f8-d663-4805-8c16-f64ea175551d;424.5;0.01;UNKNOWN
2016-02-24T00:31:16.000000;2016-02-24T00:31:16.000000;b549e165-2111-4cf5-9db1-27a6d47717f8;424.5;0.28;UNKNOWN
2016-02-24T00:31:16.000000;2016-02-24T00:31:16.000000;1b907325-228c-4179-9fd6-e50ea70c1e94;424.48;0.01;UNKNOWN
2016-02-24T00:31:16.000000;2016-02-24T00:31:16.000000;9e3e0e17-6368-44ac-a23a-c8f9ffc75a60;424.44;0.0015;UNKNOWN
2016-02-24T00:31:19.000000;2016-02-24T00:31:19.000000;2e5ad640-db40-4a8f-be14-fe953f1380e9;424.4;0.01;UNKNOWN
2016-02-24T00:31:19.000000;2016-02-24T00:31:19.000000;cae9dbcc-f694-48d8-8c6f-de0786094329;424.41;0.01;UNKNOWN
2016-02-24T00:31:19.000000;2016-02-24T00:31:19.000000;e1cb3dc1-d5d4-4888-97b7-f93bae22231e;424.4;0.01;UNKNOWN
2016-02-24T00:31:19.000000;2016-02-24T00:31:19.000000;8f96d4a3-4a78-43b0-9836-a673d47e4afd;424.42;0.01;UNKNOWN
2016-02-24T00:31:19.000000;2016-02-24T00:31:19.000000;6ca9d73e-f30f-4e3a-a92f-baba5b463633;424.43;0.01;UNKNOWN
2016-02-24T00:31:21.000000;2016-02-24T00:31:21.000000;c8532fae-77ad-48d6-b6a4-34186cfd1da8;424.18;0.015;UNKNOWN
2016-02-24T00:31:21.000000;2016-02-24T00:31:21.000000;77c46d5c-7f28-4f1d-98fa-453094a84c5b;424.18;0.01;UNKNOWN
2016-02-24T00:31:21.000000;2016-02-24T00:31:21.000000;ff709d60-9444-43f3-98a2-41b77df304fb;424.39;0.014;UNKNOWN
2016-02-24T00:31:21.000000;2016-02-24T00:31:21.000000;8bcb3c1c-ff50-48bd-90b1-7b48fb7290c3;424.2;0.01363372;UNKNOWN
2016-02-24T00:31:21.000000;2016-02-24T00:31:21.000000;b5fbf7d2-f442-45a2-875d-e83015a591c4;424.18;0.34;UNKNOWN
2016-02-24T00:31:21.000000;2016-02-24T00:31:21.000000;1d9d4da6-c7e5-46fa-bccb-02480ec46b48;424.19;0.17;UNKNOWN
2016-02-24T00:31:21.000000;2016-02-24T00:31:21.000000;42a39987-db5d-45ee-b396-68a5ebe91365;424.18;0.01;UNKNOWN
2016-02-24T00:31:21.000000;2016-02-24T00:31:21.000000;abf5b0d1-cb8f-40cc-a84d-458ad3f7b160;424.2;1.255;UNKNOWN
2016-02-24T00:31:21.000000;2016-02-24T00:31:21.000000;cc43089e-e28e-46ed-b7d9-0f21b1c5a11b;424.2;0.01;UNKNOWN
2016-02-24T00:31:21.000000;2016-02-24T00:31:21.000000;72824089-ebf6-47bc-8713-b6f525816630;424.33;0.01;UNKNOWN
2016-02-24T00:31:21.000000;2016-02-24T00:31:21.000000;3df9d93a-24af-477c-99a0-69d00f240f28;424.31;0.01;UNKNOWN
2016-02-24T00:31:21.000000;2016-02-24T00:31:21.000000;960a49d2-4647-4dc1-b829-3475aee3e929;424.16;1.19;UNKNOWN
2016-02-24T00:31:21.000000;2016-02-24T00:31:21.000000;0dc227f4-f2bf-4ea0-9252-6d0e4c92afbc;424.33;0.01;UNKNOWN
2016-02-24T00:31:21.000000;2016-02-24T00:31:21.000000;d5812f1b-1f74-401a-8034-d2b1c70d0c16;424.33;0.01;UNKNOWN
2016-02-24T00:31:21.000000;2016-02-24T00:31:21.000000;e0f8c6e5-d204-4015-bd9d-3f79ec316f57;424.17;0.01;UNKNOWN
2016-02-24T00:31:21.000000;2016-02-24T00:31:21.000000;88aa2fcc-a2db-45ae-a6c0-fe90e3871048;424.21;2.38;UNKNOWN
2016-02-24T00:31:21.000000;2016-02-24T00:31:21.000000;a01ad193-9f7d-41cf-9eda-5926aec86757;424.22;0.01;UNKNOWN
2016-02-24T00:31:21.000000;2016-02-24T00:31:21.000000;d11bf562-388b-43d5-9560-6f79d3ad8b0a;424.31;0.01;UNKNOWN
2016-02-24T00:31:21.000000;2016-02-24T00:31:21.000000;60e87b3d-3652-48ec-ae09-1010547107c3;424.22;0.01;UNKNOWN
2016-02-24T00:31:21.000000;2016-02-24T00:31:21.000000;de3b78ce-bdea-472a-858b-1f665058a4fc;424.23;0.1;UNKNOWN
2016-02-24T00:31:21.000000;2016-02-24T00:31:21.000000;4896ccca-3c32-4e6f-ab33-3e06c13ebf71;424.29;0.17;UNKNOWN
2016-02-24T00:31:21.000000;2016-02-24T00:31:21.000000;ca0d650b-5e7e-4ec5-9a7e-a3a48ea39ab0;424.3;0.127;UNKNOWN
2016-02-24T00:31:21.000000;2016-02-24T00:31:21.000000;4164070d-f424-455c-b5ee-9b826df8087a;424.23;0.17;UNKNOWN
2016-02-24T00:31:21.000000;2016-02-24T00:31:21.000000;0cc35a0b-314f-4723-91a5-06662549c7ca;424.24;0.112;UNKNOWN
2016-02-24T00:31:21.000000;2016-02-24T00:31:21.000000;21029004-1c43-45d0-9a8b-1199ab140f6e;424.28;0.085;UNKNOWN
2016-02-24T00:31:21.000000;2016-02-24T00:31:21.000000;2ad9d436-f1f1-41b1-bda5-f115471b54d8;424.28;0.8;UNKNOWN
2016-02-24T00:31:21.000000;2016-02-24T00:31:21.000000;0253a00b-880c-4317-bd89-62148618dddb;424.26;0.01;UNKNOWN
2016-02-24T00:31:21.000000;2016-02-24T00:31:21.000000;370b7450-04dc-4de9-8f5a-6506c40faa95;424.28;0.01;UNKNOWN
2016-02-24T00:31:21.000000;2016-02-24T00:31:21.000000;7a09c1e7-d183-4488-94ed-6300a756faae;424.28;0.01;UNKNOWN
2016-02-24T00:31:23.000000;2016-02-24T00:31:23.000000;f2470062-8214-4dce-bd98-3f2b1267709a;424.22;0.015;UNKNOWN
2016-02-24T00:31:25.000000;2016-02-24T00:31:25.000000;ad10bded-57d7-40dc-bf1f-dabef2b7e64a;424.15;0.01;UNKNOWN
2016-02-24T00:31:25.000000;2016-02-24T00:31:25.000000;0946ed75-1499-4ae0-b2c3-9f59d4a8c122;424.13;0.8;UNKNOWN
2016-02-24T00:31:25.000000;2016-02-24T00:31:25.000000;1b642179-69e4-4b68-bb9d-0f3ebfa5ee07;424.13;0.01;UNKNOWN
2016-02-24T00:31:25.000000;2016-02-24T00:31:25.000000;84c998bb-71fc-4291-a15f-e8df35e3aaf8;424.13;0.01;UNKNOWN
2016-02-24T00:31:25.000000;2016-02-24T00:31:25.000000;c7f8a889-570e-4a14-9459-056969219158;424.14;1.71;UNKNOWN
2016-02-24T00:31:25.000000;2016-02-24T00:31:25.000000;39f938cc-9608-4886-b709-0f51f934a209;424.15;0.01;UNKNOWN
2016-02-24T00:31:25.000000;2016-02-24T00:31:25.000000;73209684-bfe0-48c8-9d16-14445e30c38c;424.12;1.7;UNKNOWN
2016-02-24T00:31:25.000000;2016-02-24T00:31:25.000000;ca49133e-b3ed-489b-8399-8b297a2dda59;424.12;0.01;UNKNOWN
2016-02-24T00:31:32.000000;2016-02-24T00:31:32.000000;8d04e257-8a55-4910-be55-f7b2f5857de3;424.06;0.01;UNKNOWN
2016-02-24T00:31:32.000000;2016-02-24T00:31:32.000000;a7c9bb39-ee9b-44ab-8fb7-5900dcdbabe6;424.06;0.01;UNKNOWN
2016-02-24T00:31:32.000000;2016-02-24T00:31:32.000000;3ea113f8-5f77-43e9-bbae-776e8af3bf5e;424.05;0.08714;UNKNOWN
2016-02-24T00:31:32.000000;2016-02-24T00:31:32.000000;dfa3e0d3-7ba1-4884-9436-5fab19cd69bf;424.08;0.01;UNKNOWN
2016-02-24T00:31:32.000000;2016-02-24T00:31:32.000000;84c41f75-8722-450f-a970-22379f24047b;424.05;0.01;UNKNOWN
2016-02-24T00:31:35.000000;2016-02-24T00:31:35.000000;bbcd977b-731a-4b18-ac5e-fd12e8c898b7;424.04;1.66;UNKNOWN
2016-02-24T00:31:35.000000;2016-02-24T00:31:35.000000;826101d8-bfad-4742-8b66-bba5a177698d;424.04;0.01;UNKNOWN
2016-02-24T00:31:35.000000;2016-02-24T00:31:35.000000;1f1e93c1-fbc8-418a-8c93-da322415ec23;424.05;3.07;UNKNOWN
2016-02-24T00:31:35.000000;2016-02-24T00:31:35.000000;f78cf257-dad8-4dc3-92f2-b27b4182ce76;424.0;0.01367657;UNKNOWN
2016-02-24T00:31:35.000000;2016-02-24T00:31:35.000000;b8e0a143-f743-41d5-9312-ea493618ffb6;424.05;3.07;UNKNOWN
2016-02-24T00:31:37.000000;2016-02-24T00:31:37.000000;6c980e7f-c10a-4c6a-8085-28cc8e88c5db;424.0;0.01363372;UNKNOWN
2016-02-24T00:31:37.000000;2016-02-24T00:31:37.000000;c01a060b-e10b-411d-8e0c-681a257b31b3;423.89;0.01;UNKNOWN
2016-02-24T00:31:37.000000;2016-02-24T00:31:37.000000;f8c535a3-45fc-447c-9ebe-4849c288bf0c;424.04;1.66;UNKNOWN
2016-02-24T00:32:01.000000;2016-02-24T00:32:01.000000;8116e312-c272-4f33-941f-63183c050896;423.8;0.01363372;UNKNOWN
2016-02-24T00:32:01.000000;2016-02-24T00:32:01.000000;6e66ac63-35d6-4bbd-9c65-89cd0639ff22;423.8;0.03348628;UNKNOWN
2016-02-24T00:32:32.000000;2016-02-24T00:32:32.000000;efcdb511-43fd-4866-87cd-40a28cd4ba06;423.81;0.23615;UNKNOWN
2016-02-24T00:32:52.000000;2016-02-24T00:32:52.000000;6e0388c8-e4f5-4edb-a88e-9f764a8398d1;423.81;0.01;UNKNOWN
2016-02-24T00:33:01.000000;2016-02-24T00:33:01.000000;6868a355-e879-4364-a2ad-a45d05fbeea3;423.81;0.01;UNKNOWN
2016-02-24T00:33:01.000000;2016-02-24T00:33:01.000000;2c38e3ad-e08c-4597-9feb-9b9b7d8817f3;423.81;1.49819;UNKNOWN
2016-02-24T00:33:36.000000;2016-02-24T00:33:36.000000;13bc6764-1640-4531-9009-c08fbbf393e5;423.81;0.45307;UNKNOWN
2016-02-24T00:34:01.000000;2016-02-24T00:34:01.000000;f8e16928-8627-476f-ad07-a0a2e07f8d89;423.81;1.0014;UNKNOWN
2016-02-24T00:34:32.000000;2016-02-24T00:34:32.000000;ea63d564-c748-43d3-8ef1-970e0c6d36eb;423.81;0.02778;UNKNOWN
2016-02-24T00:35:01.000000;2016-02-24T00:35:01.000000;11c06430-f16c-42ec-92b4-d3ab79a8657c;423.81;0.14018;UNKNOWN
2016-02-24T00:35:31.000000;2016-02-24T00:35:31.000000;b7f9250a-cd49-453f-b567-9df10eae1b03;423.8;0.03846;UNKNOWN
2016-02-24T00:36:01.000000;2016-02-24T00:36:01.000000;37b94f72-8f8a-4ec6-b57b-4e85defc74f5;423.81;0.05643;UNKNOWN
2016-02-24T00:36:31.000000;2016-02-24T00:36:31.000000;2b66607c-9813-4195-bf08-add3de106992;423.81;0.19236;UNKNOWN
2016-02-24T00:36:36.000000;2016-02-24T00:36:36.000000;e76b7627-2dab-4fc6-95df-a4a6b2d9a633;423.8;0.01154;UNKNOWN
2016-02-24T00:36:39.000000;2016-02-24T00:36:39.000000;a89502b3-0273-4ee0-97c0-9ea8fb471429;423.9;0.26;UNKNOWN
2016-02-24T00:36:39.000000;2016-02-24T00:36:39.000000;16b679bc-9e91-4221-81e6-839cc3e9944d;423.89;0.367;UNKNOWN
2016-02-24T00:36:39.000000;2016-02-24T00:36:39.000000;e3f030e8-5fba-4c5f-96d8-817983306250;423.8;0.01846;UNKNOWN
2016-02-24T00:36:39.000000;2016-02-24T00:36:39.000000;b7e18efb-e28f-4242-9ff1-afa961ebb668;423.84;0.369;UNKNOWN
2016-02-24T00:36:39.000000;2016-02-24T00:36:39.000000;5a2f57cc-5d26-4917-be10-2db05807adb2;423.81;0.2;UNKNOWN
2016-02-24T00:36:39.000000;2016-02-24T00:36:39.000000;f02d35b8-0205-463f-af7d-fcac60fca380;423.81;1.15644;UNKNOWN
2016-02-24T00:36:39.000000;2016-02-24T00:36:39.000000;fd1c19c7-145d-4430-9dac-32917c8ad5d1;423.81;0.25;UNKNOWN
2016-02-24T00:36:39.000000;2016-02-24T00:36:39.000000;f6b1210a-99db-42b2-9e6c-44019b3759ce;423.91;1.6;UNKNOWN
2016-02-24T00:36:39.000000;2016-02-24T00:36:39.000000;ee9cd266-b79d-4468-9c7d-02e9431f74fd;423.93;0.71261172;UNKNOWN
2016-02-24T00:37:03.000000;2016-02-24T00:37:03.000000;593aca82-d7fa-40d7-a31a-40f50ff6fc16;423.82;0.05;UNKNOWN
2016-02-24T00:37:03.000000;2016-02-24T00:37:03.000000;c9e3eb8b-70e8-4ee5-847e-1eb197256839;423.82;0.01;UNKNOWN
2016-02-24T00:37:03.000000;2016-02-24T00:37:03.000000;d36072b5-eb74-4602-9f76-a34406991db8;423.81;0.25;UNKNOWN
2016-02-24T00:37:03.000000;2016-02-24T00:37:03.000000;2202c12d-baca-4f8c-a2d4-aa79d3b8d70e;423.81;0.01;UNKNOWN
2016-02-24T00:37:03.000000;2016-02-24T00:37:03.000000;3e6755c0-6cb4-4998-90db-a1e71f298bd1;423.79;3.1752;UNKNOWN
2016-02-24T00:37:03.000000;2016-02-24T00:37:03.000000;7351190d-1109-48ed-a760-1996b4179bdf;423.8;0.109;UNKNOWN
2016-02-24T00:37:27.000000;2016-02-24T00:37:27.000000;e4819328-263c-4455-8086-a41570d80cc1;423.79;0.313;UNKNOWN
2016-02-24T00:37:27.000000;2016-02-24T00:37:27.000000;53d49239-376d-46d4-b2e8-c8c4e6abfbd4;423.8;0.117;UNKNOWN
2016-02-24T00:37:27.000000;2016-02-24T00:37:27.000000;368acd6f-e24f-40cb-b85a-45ac94987b07;423.83;0.01;UNKNOWN
2016-02-24T00:37:27.000000;2016-02-24T00:37:27.000000;b33ed81b-3f01-4ef9-adc5-83efbd720a0e;423.84;0.05;UNKNOWN
2016-02-24T00:37:27.000000;2016-02-24T00:37:27.000000;60d20b8e-b3c8-4f65-966c-5c3ec8b6ea7a;423.84;0.01;UNKNOWN
2016-02-24T00:37:31.000000;2016-02-24T00:37:31.000000;86a617ce-0e65-4c3f-a46c-48c1be4fcf1d;423.79;0.14822;UNKNOWN
2016-02-24T00:37:31.000000;2016-02-24T00:37:31.000000;9b90aab8-28a2-48e5-bbfc-18be998793d0;423.84;0.05;UNKNOWN
2016-02-24T00:37:54.000000;2016-02-24T00:37:54.000000;57ccf487-945c-47f7-bde9-dee2e8a3ceec;423.84;0.05;UNKNOWN
2016-02-24T00:38:01.000000;2016-02-24T00:38:01.000000;955614bf-4b53-43bf-9faa-7fe9b2c1012c;423.83;0.338;UNKNOWN
2016-02-24T00:38:01.000000;2016-02-24T00:38:01.000000;e18e76b7-adae-4bea-b4e0-bfb17094516c;423.84;0.28504;UNKNOWN
2016-02-24T00:39:01.000000;2016-02-24T00:39:01.000000;5f07ad3f-5c09-40eb-9197-a3823565ea20;423.81;0.01;UNKNOWN
2016-02-24T00:39:01.000000;2016-02-24T00:39:01.000000;05e9ef80-eb50-4acb-8cb1-cac9e3450d95;423.82;0.05;UNKNOWN
2016-02-24T00:39:01.000000;2016-02-24T00:39:01.000000;f12db52f-0346-4a35-8dc4-4cb3346d5352;423.79;0.38579;UNKNOWN
2016-02-24T00:39:01.000000;2016-02-24T00:39:01.000000;5e047337-3fb2-4a42-a37b-921702db0f7a;423.82;0.01;UNKNOWN
2016-02-24T00:39:32.000000;2016-02-24T00:39:32.000000;cd6e55d9-d99b-4d22-a42d-90ff99829a80;423.83;0.16526;UNKNOWN
2016-02-24T00:39:32.000000;2016-02-24T00:39:32.000000;f89faf85-ae30-44de-a77d-0d9d14c23247;423.82;0.23;UNKNOWN
2016-02-24T00:40:01.000000;2016-02-24T00:40:01.000000;41c1e007-0210-4eb9-8430-561ff71b7e75;423.83;0.91038;UNKNOWN
2016-02-24T00:40:31.000000;2016-02-24T00:40:31.000000;33aa3add-d39c-4410-a933-f835a25d06a6;423.82;0.01;UNKNOWN
2016-02-24T00:40:31.000000;2016-02-24T00:40:31.000000;8fd238fe-5a41-4429-9c9c-270ac9e48285;423.82;0.05;UNKNOWN
2016-02-24T00:40:31.000000;2016-02-24T00:40:31.000000;491a8e3c-25a1-47ef-8a50-0ee87541e285;423.82;0.111;UNKNOWN
2016-02-24T00:40:31.000000;2016-02-24T00:40:31.000000;cd2195dd-7810-4d82-931f-83da51d43483;423.82;0.20665;UNKNOWN
2016-02-24T00:41:01.000000;2016-02-24T00:41:01.000000;64377326-9bc3-4616-9a06-998721700739;423.82;0.02625;UNKNOWN
2016-02-24T00:41:01.000000;2016-02-24T00:41:01.000000;c28ca432-cf47-4dc2-9bec-74749a395f51;423.82;0.05;UNKNOWN
2016-02-24T00:41:31.000000;2016-02-24T00:41:31.000000;c2ac1a80-131e-4615-ab98-94a70c674de4;423.82;0.01556;UNKNOWN
2016-02-24T00:41:31.000000;2016-02-24T00:41:31.000000;229bea6b-ccfa-498a-b292-33a23fa9b4ee;423.82;0.05;UNKNOWN
2016-02-24T00:42:01.000000;2016-02-24T00:42:01.000000;51208699-91f4-4eb0-bb64-5e5843ffafe3;423.83;0.79293;UNKNOWN
2016-02-24T00:42:31.000000;2016-02-24T00:42:31.000000;8703f012-5aa1-4556-9097-a74b3b9b1b20;423.83;0.09484;UNKNOWN
2016-02-24T00:43:01.000000;2016-02-24T00:43:01.000000;eff7a6e0-9770-4d80-b842-c9eb2c2a2b5f;423.82;0.077;UNKNOWN
2016-02-24T00:43:01.000000;2016-02-24T00:43:01.000000;d9302e5b-9dd4-4bf4-8640-7a35529bcf06;423.82;0.01;UNKNOWN
2016-02-24T00:43:01.000000;2016-02-24T00:43:01.000000;03f74a11-625e-4466-a628-70e0e28d3f40;423.82;0.01557;UNKNOWN
2016-02-24T00:43:31.000000;2016-02-24T00:43:31.000000;e19a2560-4d00-49de-b3c2-87767927bc25;423.83;2.23499;UNKNOWN
2016-02-24T00:43:40.000000;2016-02-24T00:43:40.000000;3f63d33d-ebcf-4b49-bdda-de67f3faf9af;423.82;0.05;UNKNOWN
2016-02-24T00:44:01.000000;2016-02-24T00:44:01.000000;2f8e7b3e-71a6-4278-947b-7b7fc111890a;423.82;0.07594;UNKNOWN
2016-02-24T00:44:14.000000;2016-02-24T00:44:14.000000;776b4705-6f58-4729-8c63-77036fde4bb3;423.82;0.187;UNKNOWN
2016-02-24T00:44:31.000000;2016-02-24T00:44:31.000000;c887ac14-4a98-4e04-95fd-69f8e23a0421;423.83;0.2;UNKNOWN
2016-02-24T00:44:31.000000;2016-02-24T00:44:31.000000;46b64c93-6697-4eff-b178-72176ed317bf;423.83;0.2;UNKNOWN
2016-02-24T00:44:31.000000;2016-02-24T00:44:31.000000;e7db63e8-dd73-4f90-a946-0544c35c287e;423.83;0.2;UNKNOWN
2016-02-24T00:44:31.000000;2016-02-24T00:44:31.000000;6c595d1e-015f-4252-9fe6-927cbc60a3cf;423.83;0.69793;UNKNOWN
2016-02-24T00:44:31.000000;2016-02-24T00:44:31.000000;1c644b2c-2e4f-4670-94f7-7c822711debf;423.83;0.45;UNKNOWN
2016-02-24T00:45:01.000000;2016-02-24T00:45:01.000000;908b244d-4f90-48d7-ab37-ff5fc1b527d9;423.83;0.45714;UNKNOWN
2016-02-24T00:45:01.000000;2016-02-24T00:45:01.000000;dc7faf35-61fd-47c1-8670-e9e3618a5f42;423.83;0.30207;UNKNOWN
2016-02-24T00:45:34.000000;2016-02-24T00:45:34.000000;a319302e-a939-4d14-a48f-6477b54e3746;423.84;0.66496;UNKNOWN
2016-02-24T00:45:34.000000;2016-02-24T00:45:34.000000;16d6c539-c9cf-46ee-a894-5feeb201b2d3;423.97;0.01;UNKNOWN
2016-02-24T00:45:34.000000;2016-02-24T00:45:34.000000;fa21573f-7388-4141-a1e6-9cebf3897941;423.83;0.04286;UNKNOWN
2016-02-24T00:45:34.000000;2016-02-24T00:45:34.000000;1604b784-aba6-45f8-b114-26f744c57108;423.96;0.01;UNKNOWN
2016-02-24T00:45:34.000000;2016-02-24T00:45:34.000000;80800304-5dee-42c5-968b-13c1aea816f3;423.89;0.16;UNKNOWN
2016-02-24T00:45:34.000000;2016-02-24T00:45:34.000000;7ea90688-e6c3-4bb1-91f8-8e86d3f728c8;423.87;0.02;UNKNOWN
2016-02-24T00:45:34.000000;2016-02-24T00:45:34.000000;2b1ecfb2-a317-48b7-9a03-6dea2a742249;423.98;1.31546;UNKNOWN
2016-02-24T00:46:01.000000;2016-02-24T00:46:01.000000;b9f06478-144d-4408-9a5f-e79f8089fb2b;423.99;0.34;UNKNOWN
2016-02-24T00:46:01.000000;2016-02-24T00:46:01.000000;0abe8738-c212-4f9f-9d5a-fbee0d92654b;424.0;0.01;UNKNOWN
2016-02-24T00:46:01.000000;2016-02-24T00:46:01.000000;3691264f-b408-458e-b186-c3bfccda3574;424.0;0.32837;UNKNOWN
2016-02-24T00:47:02.000000;2016-02-24T00:47:02.000000;2cdf8c73-c25a-44b2-b97a-439a187e7b68;423.9;0.00655;UNKNOWN
2016-02-24T00:47:02.000000;2016-02-24T00:47:02.000000;0f63ae58-de7e-4a36-825d-f16f03a10f8f;423.9;0.01;UNKNOWN
2016-02-24T00:47:02.000000;2016-02-24T00:47:02.000000;58300266-8518-4790-bb39-37d147fe37da;423.91;0.106;UNKNOWN
2016-02-24T00:47:02.000000;2016-02-24T00:47:02.000000;87eff1da-d221-4830-b774-b3d7a526d789;423.91;0.01;UNKNOWN
2016-02-24T00:47:31.000000;2016-02-24T00:47:31.000000;d4efe426-6f04-4b6f-a31d-f79686ff2a8e;423.99;0.02;UNKNOWN
2016-02-24T00:47:31.000000;2016-02-24T00:47:31.000000;75630b32-b231-4300-9c37-43dff24f3e7c;423.99;1.53901;UNKNOWN
2016-02-24T00:47:31.000000;2016-02-24T00:47:31.000000;cc85b20d-e000-4a8e-9df8-98836046b85c;423.99;5.173;UNKNOWN
2016-02-24T00:47:31.000000;2016-02-24T00:47:31.000000;9e2bf91a-e240-4c76-ba84-034c07ea20a5;423.98;0.06;UNKNOWN
2016-02-24T00:47:31.000000;2016-02-24T00:47:31.000000;4796d81b-ea35-4acb-8dd5-60ad8f32922c;423.98;4.886;UNKNOWN
2016-02-24T00:48:04.000000;2016-02-24T00:48:04.000000;e6013ae0-fbca-49af-80f4-894449053433;423.88;0.04068;UNKNOWN
2016-02-24T00:48:04.000000;2016-02-24T00:48:04.000000;6f2ddc04-716b-4d01-850a-271dde7a75e2;423.91;0.01;UNKNOWN
2016-02-24T00:48:04.000000;2016-02-24T00:48:04.000000;b935b798-9bcc-46f0-8f28-f6746787ef58;423.92;0.01;UNKNOWN
2016-02-24T00:48:04.000000;2016-02-24T00:48:04.000000;4299e24f-663a-43e6-bf25-10fe72fb706c;423.93;0.085;UNKNOWN
2016-02-24T00:48:04.000000;2016-02-24T00:48:04.000000;d2a82dbc-0c40-414d-b445-887184808406;423.93;0.01;UNKNOWN
2016-02-24T00:48:32.000000;2016-02-24T00:48:32.000000;3e1e1849-0faa-4922-9873-d3f92dee1328;423.87;0.02685;UNKNOWN
2016-02-24T00:48:32.000000;2016-02-24T00:48:32.000000;d733eec3-7691-4534-9e6f-0e02095c1ce0;423.87;0.01;UNKNOWN
2016-02-24T00:49:02.000000;2016-02-24T00:49:02.000000;23ef2009-eaf1-46d3-99c2-f1ac538d6122;423.97;0.04416;UNKNOWN
2016-02-24T00:49:34.000000;2016-02-24T00:49:34.000000;ca6ad8af-13e0-4bce-ae51-26b895f6b829;423.98;0.01;UNKNOWN
2016-02-24T00:49:34.000000;2016-02-24T00:49:34.000000;b69ba720-1984-4453-8d5d-17da12ce15fd;424.0;0.22643;UNKNOWN
2016-02-24T00:50:02.000000;2016-02-24T00:50:02.000000;705df9df-7bb3-4cbb-80d1-a81a43093ef4;424.0;0.16465;UNKNOWN
2016-02-24T00:50:06.000000;2016-02-24T00:50:06.000000;962a0ba0-f35a-4f03-bd19-9743afcb10ed;423.98;0.079;UNKNOWN
2016-02-24T00:50:06.000000;2016-02-24T00:50:06.000000;fec2bc22-085a-43f4-b91b-e3e212140c7b;423.98;0.01;UNKNOWN
2016-02-24T00:50:32.000000;2016-02-24T00:50:32.000000;a51d4f75-f835-4ea6-bd61-75f297334f2b;423.96;0.01;UNKNOWN
2016-02-24T00:50:32.000000;2016-02-24T00:50:32.000000;6aef4c3e-88cb-473e-a749-ae22c732895a;423.97;0.102;UNKNOWN
2016-02-24T00:50:32.000000;2016-02-24T00:50:32.000000;388b04c5-c9be-467e-8fad-e12d8b62b6fc;423.92;0.12;UNKNOWN
2016-02-24T00:50:32.000000;2016-02-24T00:50:32.000000;62cd38b1-8d5b-4005-b646-704bf10a247e;423.88;0.01;UNKNOWN
2016-02-24T00:50:32.000000;2016-02-24T00:50:32.000000;57ab7e8f-d82b-4857-90e2-9a8089c5de86;423.9;0.01;UNKNOWN
2016-02-24T00:50:32.000000;2016-02-24T00:50:32.000000;5e40a395-353a-4a73-ad2f-68d7de5cd7bf;423.97;0.01;UNKNOWN
2016-02-24T00:50:32.000000;2016-02-24T00:50:32.000000;d5497436-55ad-462d-952a-0f0d5773fccd;423.84;0.01;UNKNOWN
2016-02-24T00:50:32.000000;2016-02-24T00:50:32.000000;cc7f893b-cde9-45da-9f62-89492fc19c8c;423.87;0.112;UNKNOWN
2016-02-24T00:50:32.000000;2016-02-24T00:50:32.000000;f2eacc12-f892-4975-b9a2-519114937d66;423.8;2.77684;UNKNOWN
2016-02-24T00:50:32.000000;2016-02-24T00:50:32.000000;519c3257-dc60-4ffb-bc97-c96706968866;423.81;0.01;UNKNOWN
2016-02-24T00:50:32.000000;2016-02-24T00:50:32.000000;a3f81abb-94a6-40e0-a091-cbfe7d7e81e1;423.82;0.072;UNKNOWN
2016-02-24T00:50:32.000000;2016-02-24T00:50:32.000000;0313243a-3913-4175-a047-c16cfff92da8;423.86;0.01;UNKNOWN
2016-02-24T00:50:32.000000;2016-02-24T00:50:32.000000;b548e253-855a-4ab9-b519-0f77852acec3;423.82;1.33;UNKNOWN
2016-02-24T00:51:01.000000;2016-02-24T00:51:01.000000;415e72bd-5bb1-4224-b08e-ce8c0ce0e57e;423.81;0.22113;UNKNOWN
2016-02-24T00:51:31.000000;2016-02-24T00:51:31.000000;97878dc5-a6f0-4225-a4bc-a6006b2cd8c1;423.82;0.111;UNKNOWN
2016-02-24T00:51:31.000000;2016-02-24T00:51:31.000000;be408eae-2256-4b4e-b5ca-1feb839913b9;423.91;0.2412;UNKNOWN
2016-02-24T00:52:01.000000;2016-02-24T00:52:01.000000;411460b6-90e9-4ca1-96cd-f1083d9a6a3f;423.84;2.89;UNKNOWN
2016-02-24T00:52:01.000000;2016-02-24T00:52:01.000000;8c7e8226-1b1c-4597-8cc8-34ffe9cb65a0;423.85;0.12766;UNKNOWN
2016-02-24T00:52:32.000000;2016-02-24T00:52:32.000000;eb219f86-a818-4dc1-aeae-552c7137661c;423.83;0.2;UNKNOWN
2016-02-24T00:52:32.000000;2016-02-24T00:52:32.000000;f8f8393c-36e5-48b0-9547-b5181282749d;423.96;1.2101;UNKNOWN
2016-02-24T00:53:01.000000;2016-02-24T00:53:01.000000;da46148d-7972-47e2-910f-be101839bdd2;423.82;0.1206;UNKNOWN
2016-02-24T00:53:01.000000;2016-02-24T00:53:01.000000;829c19f8-3726-4240-bc4b-f5bc94b0f074;423.83;0.232;UNKNOWN
2016-02-24T00:53:01.000000;2016-02-24T00:53:01.000000;2438f87b-f78e-4c37-86a9-76d8cb94948b;423.83;0.01;UNKNOWN
2016-02-24T00:53:15.000000;2016-02-24T00:53:15.000000;c10c8b53-c598-4b2c-9cbd-53f7cc16bb48;423.99;0.28650179;UNKNOWN
2016-02-24T00:53:15.000000;2016-02-24T00:53:15.000000;afebcac2-f91d-479a-af04-d6f2f4167da6;423.96;0.01;UNKNOWN
2016-02-24T00:53:27.000000;2016-02-24T00:53:27.000000;da073134-4f8c-4047-b8e1-03e0c515f9d7;424.0;1.28055;UNKNOWN
2016-02-24T00:53:32.000000;2016-02-24T00:53:32.000000;9d0ba3a0-cab0-40fc-a348-7b051e8906eb;423.91;0.01;UNKNOWN
2016-02-24T00:53:32.000000;2016-02-24T00:53:32.000000;e5b0f31b-b16b-4a24-8053-17b968274ee6;423.91;1.445;UNKNOWN
2016-02-24T00:53:32.000000;2016-02-24T00:53:32.000000;46ad599f-a287-4b6d-9dd4-2e39ad27bfdf;423.93;1.262;UNKNOWN
2016-02-24T00:53:32.000000;2016-02-24T00:53:32.000000;7a5c07f2-d9f5-4ea1-bdac-9158a165132e;424.0;0.195;UNKNOWN
2016-02-24T00:53:32.000000;2016-02-24T00:53:32.000000;c693bf83-6e29-44bc-9442-87c4f9694956;423.89;0.01;UNKNOWN
2016-02-24T00:53:32.000000;2016-02-24T00:53:32.000000;36deedfe-0ad7-44fd-bace-71619da39249;423.87;0.33704;UNKNOWN
2016-02-24T00:53:32.000000;2016-02-24T00:53:32.000000;d775a457-433c-49ca-a6e7-31d06e1bcff8;424.0;0.71945;UNKNOWN
2016-02-24T00:54:02.000000;2016-02-24T00:54:02.000000;05368934-d5d0-456e-af62-5069aa079512;423.98;1.32773;UNKNOWN
2016-02-24T00:54:18.000000;2016-02-24T00:54:18.000000;16818f96-e77e-4ed0-ba68-a1024338771c;423.98;0.0358291;UNKNOWN
2016-02-24T00:54:19.000000;2016-02-24T00:54:19.000000;bc8eadaa-74ef-4645-805b-1e101fa6de5f;424.01;0.075;UNKNOWN
2016-02-24T00:54:19.000000;2016-02-24T00:54:19.000000;e07cabe1-f1d1-43a0-b785-741e1e8c95e2;423.99;0.015;UNKNOWN
2016-02-24T00:54:19.000000;2016-02-24T00:54:19.000000;1bb68bbf-9828-405e-96fd-97fb26d89f3b;423.99;0.01;UNKNOWN
2016-02-24T00:54:31.000000;2016-02-24T00:54:31.000000;0162176e-bc91-428a-a52a-49851783c571;423.99;1.307;UNKNOWN
2016-02-24T00:54:31.000000;2016-02-24T00:54:31.000000;db2862ab-5cf0-4fb9-8fab-65acb52305d8;423.98;3.0206;UNKNOWN
2016-02-24T00:54:40.000000;2016-02-24T00:54:40.000000;be49e075-ff6e-4944-8df4-57a7bd236c4b;424.01;0.025;UNKNOWN
2016-02-24T00:54:40.000000;2016-02-24T00:54:40.000000;d19da598-1d64-45c9-ac4d-6e0657c47f94;424.01;0.025;UNKNOWN
2016-02-24T00:54:40.000000;2016-02-24T00:54:40.000000;4408fd29-d6d2-4176-be45-3fb6d2714eed;424.05;0.02;UNKNOWN
2016-02-24T00:54:40.000000;2016-02-24T00:54:40.000000;f51e0f7c-85e2-46b6-912a-4c63ee696abd;424.09;0.03;UNKNOWN
2016-02-24T00:54:40.000000;2016-02-24T00:54:40.000000;eac8f21e-4110-4a12-9499-5ebd38308cec;424.08;0.02;UNKNOWN
2016-02-24T00:54:40.000000;2016-02-24T00:54:40.000000;0e595fc8-d009-4381-b986-4aed0caee1b9;424.05;0.01586325;UNKNOWN
2016-02-24T00:54:40.000000;2016-02-24T00:54:40.000000;265da543-ed7a-4e21-b920-e86f3848ef57;424.05;0.01;UNKNOWN
2016-02-24T00:54:40.000000;2016-02-24T00:54:40.000000;49fc2739-948e-4d64-8812-975f498b5a18;424.05;0.04413675;UNKNOWN
2016-02-24T00:54:40.000000;2016-02-24T00:54:40.000000;13ab0cdc-9a94-4105-9e57-54e608514c58;424.05;0.01;UNKNOWN
2016-02-24T00:54:40.000000;2016-02-24T00:54:40.000000;1d9616e0-f3e0-43d5-ba47-44d7f19c3a90;424.17;0.07586325;UNKNOWN
2016-02-24T00:54:41.000000;2016-02-24T00:54:41.000000;ab562ce3-176b-4f05-820d-67a21a147b43;424.17;0.01;UNKNOWN
2016-02-24T00:55:01.000000;2016-02-24T00:55:01.000000;b7f1182d-a38b-4a20-b70d-78f7c5e1db20;424.18;0.09552;UNKNOWN
2016-02-24T00:55:16.000000;2016-02-24T00:55:16.000000;46239d46-88dc-4738-9aac-169f9a2b0d05;424.18;0.02116449;UNKNOWN
2016-02-24T00:55:31.000000;2016-02-24T00:55:31.000000;660b8d8e-335e-463d-911b-5deb5c59dd05;424.18;0.87521;UNKNOWN
2016-02-24T00:55:40.000000;2016-02-24T00:55:40.000000;af5e2ed4-e29d-412a-9fcb-9dbfc7095675;424.17;0.01;UNKNOWN
2016-02-24T00:56:00.000000;2016-02-24T00:56:00.000000;9d918af2-ab32-4832-983e-34a1a09d2251;424.15;0.05636991;UNKNOWN
2016-02-24T00:56:00.000000;2016-02-24T00:56:00.000000;6fd0f453-d903-41eb-898b-dcbeda3bc860;424.15;0.01413675;UNKNOWN
2016-02-24T00:56:01.000000;2016-02-24T00:56:01.000000;3ac75526-3508-41c9-9007-8a74e6b51287;424.14;0.51663;UNKNOWN
2016-02-24T00:56:31.000000;2016-02-24T00:56:31.000000;06ccf45d-7fe0-4fa5-a68a-48951af1005f;424.04;0.3407;UNKNOWN
2016-02-24T00:56:31.000000;2016-02-24T00:56:31.000000;6f7aaf2d-c7af-44e8-9787-b91de8702c25;424.04;0.20522;UNKNOWN
2016-02-24T00:57:02.000000;2016-02-24T00:57:02.000000;5e5b2ef3-d3d3-4f48-8098-a103bd5507b4;423.9;0.24519;UNKNOWN
2016-02-24T00:57:02.000000;2016-02-24T00:57:02.000000;001c2a9c-1013-43cb-ad6c-415aad8c42d1;423.95;0.295;UNKNOWN
2016-02-24T00:57:02.000000;2016-02-24T00:57:02.000000;a723c030-a110-4edb-b21f-f381b61f685b;424.0;0.298;UNKNOWN
2016-02-24T00:57:02.000000;2016-02-24T00:57:02.000000;5027f6ce-77c7-4ad6-a829-f0433921be8a;423.99;0.01;UNKNOWN
2016-02-24T00:57:02.000000;2016-02-24T00:57:02.000000;aef91b96-adcb-447a-819c-c419e4c37196;424.01;0.252;UNKNOWN
2016-02-24T00:57:02.000000;2016-02-24T00:57:02.000000;b80c2e40-2f1b-44a0-9c20-a667419f01bf;424.04;1.10478;UNKNOWN
2016-02-24T00:57:19.000000;2016-02-24T00:57:19.000000;58e955f1-5d94-4928-a003-4d52eb734b0a;423.86;0.29;UNKNOWN
2016-02-24T00:57:32.000000;2016-02-24T00:57:32.000000;5c5488ce-0728-4911-996f-d60394bd59ae;423.95;0.0581;UNKNOWN
2016-02-24T00:58:12.000000;2016-02-24T00:58:12.000000;ff7edb2a-1661-46ac-8628-2f2077df31b6;423.89;0.01;UNKNOWN
2016-02-24T00:58:12.000000;2016-02-24T00:58:12.000000;7919a4ba-39a5-4eee-8c77-005fa1898156;423.89;0.121;UNKNOWN
2016-02-24T00:59:01.000000;2016-02-24T00:59:01.000000;04dc2ace-575c-4d98-b022-f08de77f40db;423.89;1.15807;UNKNOWN
2016-02-24T00:59:01.000000;2016-02-24T00:59:01.000000;3aceb7a4-7c81-4fae-978e-b73eba74e6d7;423.89;3.279;UNKNOWN
2016-02-24T00:59:31.000000;2016-02-24T00:59:31.000000;9a35cce7-7166-4664-8772-fda257d83eaa;424.12;0.12;UNKNOWN
2016-02-24T00:59:31.000000;2016-02-24T00:59:31.000000;4dc21603-7dd0-4669-91fb-ecdb1acad4c4;424.13;1.11195;UNKNOWN
2016-02-24T00:59:31.000000;2016-02-24T00:59:31.000000;91cb04f2-3a86-41b8-97b0-3210534d63bb;424.07;0.01;UNKNOWN
2016-02-24T00:59:31.000000;2016-02-24T00:59:31.000000;4fbdc5ad-b624-4aa7-b713-f88d85f32ebd;424.0;0.01;UNKNOWN
2016-02-24T00:59:34.000000;2016-02-24T00:59:34.000000;5a82c10a-89bd-4e38-bc59-caf127c3d273;424.0;0.01;UNKNOWN
2016-02-24T00:59:34.000000;2016-02-24T00:59:34.000000;4fe1cc70-d072-4fbc-965d-721465c75d46;424.0;0.29;UNKNOWN
2016-02-24T01:00:02.000000;2016-02-24T01:00:02.000000;9d19cc2f-3565-4d31-bdf3-f7ca67d4e346;424.09;0.01;UNKNOWN
2016-02-24T01:00:02.000000;2016-02-24T01:00:02.000000;0e76b3db-107c-4e21-ac07-c5d1d026ccde;424.15;0.05781;UNKNOWN
2016-02-24T01:00:32.000000;2016-02-24T01:00:32.000000;3741cecc-c0e7-498e-b188-5782b1f25417;424.1;0.01;UNKNOWN
2016-02-24T01:00:32.000000;2016-02-24T01:00:32.000000;c6dcfc08-f6f8-4a38-891b-29f251c9ba74;424.11;0.01;UNKNOWN
2016-02-24T01:00:32.000000;2016-02-24T01:00:32.000000;4193af61-3268-4dd1-aa1e-45a3b87b3e9f;424.12;0.01;UNKNOWN
2016-02-24T01:00:32.000000;2016-02-24T01:00:32.000000;bbfc140b-ee8f-4bfd-b17e-58e5aeef13d2;424.09;0.112;UNKNOWN
2016-02-24T01:00:32.000000;2016-02-24T01:00:32.000000;38406e8d-e65a-4b74-85a2-7877566f854b;424.09;0.01;UNKNOWN
2016-02-24T01:00:32.000000;2016-02-24T01:00:32.000000;ae5cd2c7-dafc-46d3-b30b-af037ae7e3c5;424.07;0.01;UNKNOWN
2016-02-24T01:00:32.000000;2016-02-24T01:00:32.000000;6a2edfc9-d770-48e8-860b-4386a941a11e;424.08;0.109;UNKNOWN
2016-02-24T01:00:32.000000;2016-02-24T01:00:32.000000;6359f006-4377-406f-869f-627a1138f469;424.08;0.01;UNKNOWN
2016-02-24T01:00:32.000000;2016-02-24T01:00:32.000000;ef934403-92af-4285-84db-7ef4b793a799;424.07;0.07125;UNKNOWN
2016-02-24T01:00:50.000000;2016-02-24T01:00:50.000000;2e0d50d5-92de-4427-9de0-ae37f2e5bbd1;424.27;0.01;UNKNOWN
2016-02-24T01:00:50.000000;2016-02-24T01:00:50.000000;1cc2315a-14ac-47fb-8b6e-d4214444a1f5;424.27;0.01;UNKNOWN
2016-02-24T01:00:50.000000;2016-02-24T01:00:50.000000;b57cb03a-5250-4795-bb78-e26bd59f9369;424.28;0.01;UNKNOWN
2016-02-24T01:00:50.000000;2016-02-24T01:00:50.000000;37e27a14-191e-448f-bb22-9f0e3e861a01;424.25;0.087;UNKNOWN
2016-02-24T01:00:50.000000;2016-02-24T01:00:50.000000;0307930c-8089-4003-9028-851119af3f0d;424.25;0.01;UNKNOWN
2016-02-24T01:00:50.000000;2016-02-24T01:00:50.000000;be13260a-7b1a-4a2b-8773-968a19d84eb2;424.2;0.159;UNKNOWN
2016-02-24T01:00:50.000000;2016-02-24T01:00:50.000000;6e276d1d-916b-4951-aa20-438d5731159b;424.18;0.00810551;UNKNOWN
2016-02-24T01:00:50.000000;2016-02-24T01:00:50.000000;e7ffa586-4cf2-464d-85d5-a3746b3b3816;424.3;0.01363372;UNKNOWN
2016-02-24T01:00:50.000000;2016-02-24T01:00:50.000000;b5fcb636-7a19-4fc8-8737-8d11547a0018;424.29;0.01;UNKNOWN
2016-02-24T01:00:50.000000;2016-02-24T01:00:50.000000;d61f1349-c626-4bf0-b737-7d16c1e324a2;424.3;0.01;UNKNOWN
2016-02-24T01:00:50.000000;2016-02-24T01:00:50.000000;63c18036-1de5-47f3-90e7-b643bf2325b1;424.32;3.74;UNKNOWN
2016-02-24T01:00:50.000000;2016-02-24T01:00:50.000000;7d8820cd-6f16-42f7-bd37-ad6aa5e1b122;424.31;2.72;UNKNOWN
2016-02-24T01:00:50.000000;2016-02-24T01:00:50.000000;98c25b14-fec1-47bb-ae1f-810daf28bc75;424.32;0.5;UNKNOWN
2016-02-24T01:00:50.000000;2016-02-24T01:00:50.000000;90a89182-753b-4c8e-ae36-9457e3a80448;424.34;6.63;UNKNOWN
2016-02-24T01:00:50.000000;2016-02-24T01:00:50.000000;d08d8b64-d241-4f79-972a-7df4841bdab4;424.33;0.337;UNKNOWN
2016-02-24T01:00:50.000000;2016-02-24T01:00:50.000000;e03d3bae-0365-4d84-8e58-2e57f123e3c9;424.33;0.25;UNKNOWN
2016-02-24T01:00:50.000000;2016-02-24T01:00:50.000000;ec2c80be-9aa9-4728-b267-f4757886f9e5;424.42;8.13772112;UNKNOWN
2016-02-24T01:00:50.000000;2016-02-24T01:00:50.000000;2bc2f5cb-e957-48f8-892d-96882173505d;424.39;0.33704;UNKNOWN
2016-02-24T01:01:02.000000;2016-02-24T01:01:02.000000;f3496cf3-7880-441a-8ba3-8465e2b96e0d;424.32;0.5116;UNKNOWN
2016-02-24T01:01:02.000000;2016-02-24T01:01:02.000000;69aaf341-5a28-409b-9fda-54f09e0fc373;424.31;0.638;UNKNOWN
2016-02-24T01:01:11.000000;2016-02-24T01:01:11.000000;16c54264-939b-4461-812f-64ab65bdfea1;424.3;0.1306474;UNKNOWN
2016-02-24T01:01:31.000000;2016-02-24T01:01:31.000000;2be8f286-ea74-4bb4-ba56-5e2fc38caba5;424.23;0.2174;UNKNOWN
2016-02-24T01:02:01.000000;2016-02-24T01:02:01.000000;d2f737df-ed66-4073-8771-d76898721b44;424.22;0.01;UNKNOWN
2016-02-24T01:02:01.000000;2016-02-24T01:02:01.000000;010778da-97f8-47cd-abdd-c940cde45e70;424.22;0.112;UNKNOWN
2016-02-24T01:02:01.000000;2016-02-24T01:02:01.000000;b56c1d52-08cf-48fa-9e07-6e7bfb6b1724;424.21;0.01;UNKNOWN
2016-02-24T01:02:01.000000;2016-02-24T01:02:01.000000;443ba38a-bc6f-496e-96bf-5ee406861a8f;424.21;0.01;UNKNOWN
2016-02-24T01:02:01.000000;2016-02-24T01:02:01.000000;d2db169e-5b6c-495f-9273-3f0f94b66e24;424.2;0.01;UNKNOWN
2016-02-24T01:02:01.000000;2016-02-24T01:02:01.000000;6eb7330d-a774-4ad6-839f-d7ac082db037;424.19;0.01;UNKNOWN
