time_exchange;time_coinpai;guid;price;base_amount;taker_side
2016-02-02T00:01:33.000000;2016-02-02T00:01:33.000000;10b0eceb-c1fd-475e-b29b-a285ce31397d;371.22;0.08803992;UNKNOWN
2016-02-02T00:02:12.000000;2016-02-02T00:02:12.000000;f643b63a-7f18-4a3c-9dbd-c1d67f2d12f9;371.13;0.08312437;UNKNOWN
2016-02-02T00:03:43.000000;2016-02-02T00:03:43.000000;e55b87e1-6f99-4d16-9c47-e0498fb9793a;371.09;1.34949451;UNKNOWN
2016-02-02T00:05:32.000000;2016-02-02T00:05:32.000000;e10bd7a6-e0dd-4af7-99b5-d198d15cf65a;371.1;0.107647;UNKNOWN
2016-02-02T00:06:26.000000;2016-02-02T00:06:26.000000;9eb4a665-897d-4df7-bf31-4f31dfeee9e2;371.1;0.1;UNKNOWN
2016-02-02T00:06:29.000000;2016-02-02T00:06:29.000000;3bc8c15d-d342-4b0e-bc49-cb2eef812ce9;371.11;0.0315;UNKNOWN
2016-02-02T00:06:30.000000;2016-02-02T00:06:30.000000;49c07731-f457-4e8f-802b-03727760a9f3;371.11;0.051;UNKNOWN
2016-02-02T00:06:30.000000;2016-02-02T00:06:30.000000;0fd3937a-9b5b-473a-a809-f3023420a5b4;371.11;0.0826;UNKNOWN
2016-02-02T00:06:32.000000;2016-02-02T00:06:32.000000;8c32bbd9-d8d7-4f39-8125-1d1e2a4e22eb;371.1;0.1;UNKNOWN
2016-02-02T00:07:12.000000;2016-02-02T00:07:12.000000;6b3b8372-c316-4297-9a59-f30ac9b216c6;371.1;0.13486944;UNKNOWN
2016-02-02T00:07:30.000000;2016-02-02T00:07:30.000000;244d5bd8-6761-40e1-b997-c186b4be6b0e;371.11;0.02467816;UNKNOWN
2016-02-02T00:07:30.000000;2016-02-02T00:07:30.000000;d9f7f8b8-1d83-4ba9-9d4b-971f5c4e2028;371.11;0.0269;UNKNOWN
2016-02-02T00:07:30.000000;2016-02-02T00:07:30.000000;1ed882ee-3713-4acf-96fa-ea99ea09298c;371.45;1.74842184;UNKNOWN
2016-02-02T00:10:06.000000;2016-02-02T00:10:06.000000;f9e18739-d90e-457e-95ce-838acb769d82;371.58;1.35;UNKNOWN
2016-02-02T00:10:06.000000;2016-02-02T00:10:06.000000;181e7769-64b5-43fc-b03a-4f46cb9c9452;371.73;2.75;UNKNOWN
2016-02-02T00:10:48.000000;2016-02-02T00:10:48.000000;aef19ea3-df2a-41ed-81d9-09d365f8e779;371.86;1.144;UNKNOWN
2016-02-02T00:11:25.000000;2016-02-02T00:11:25.000000;0d9c1e31-0c50-4786-9d1f-d8d4cd577915;371.87;0.287;UNKNOWN
2016-02-02T00:11:53.000000;2016-02-02T00:11:53.000000;f0d7a66f-3caa-4a74-b1ec-982e498eda6b;371.87;0.1558;UNKNOWN
2016-02-02T00:12:01.000000;2016-02-02T00:12:01.000000;06699cfb-b17b-409e-934d-633c5807f9c7;371.87;0.073;UNKNOWN
2016-02-02T00:12:38.000000;2016-02-02T00:12:38.000000;a247464e-d54f-4a6e-a6cc-e920d07ec954;371.86;0.018;UNKNOWN
2016-02-02T00:12:42.000000;2016-02-02T00:12:42.000000;9ea23cef-9232-4c53-8b99-90ab244ddb47;371.87;1.8804;UNKNOWN
2016-02-02T00:12:50.000000;2016-02-02T00:12:50.000000;892febec-af39-444d-8a08-a4ce21e6f48e;371.95;6.6811;UNKNOWN
2016-02-02T00:12:50.000000;2016-02-02T00:12:50.000000;6fe3f155-f857-4ae3-9200-23700299a49e;372.13;3.16;UNKNOWN
2016-02-02T00:12:50.000000;2016-02-02T00:12:50.000000;b41fdd6d-6427-4f30-b3e7-dc81eb3b61af;372.09;0.092462;UNKNOWN
2016-02-02T00:12:50.000000;2016-02-02T00:12:50.000000;997c6ce6-30c0-4827-b99b-29441722d09c;371.96;12.0;UNKNOWN
2016-02-02T00:12:50.000000;2016-02-02T00:12:50.000000;edd4d44f-75d4-4a78-b0e3-20293e029f17;372.23;3.95830584;UNKNOWN
2016-02-02T00:12:50.000000;2016-02-02T00:12:50.000000;4ff663c2-0b3b-41ba-85c2-f6efb8c66c31;371.87;2.6038;UNKNOWN
2016-02-02T00:12:50.000000;2016-02-02T00:12:50.000000;9828c62f-9351-4772-a213-2a7527953788;372.14;0.01;UNKNOWN
2016-02-02T00:12:50.000000;2016-02-02T00:12:50.000000;d45e688d-cb57-42f4-b5ab-78697f5ce482;372.07;0.1;UNKNOWN
2016-02-02T00:12:50.000000;2016-02-02T00:12:50.000000;8b55cf8b-c78a-44a7-b24e-be7ba46b033b;372.04;0.28;UNKNOWN
2016-02-02T00:12:50.000000;2016-02-02T00:12:50.000000;2d05b8bf-3be5-45e4-8c24-903d588cb647;372.04;0.01;UNKNOWN
2016-02-02T00:13:20.000000;2016-02-02T00:13:20.000000;b2962bb3-3444-405c-8800-75337996647d;371.44;0.0366;UNKNOWN
2016-02-02T00:13:20.000000;2016-02-02T00:13:20.000000;0b45a4dd-cf9c-4cbb-a11e-1afcd2dc54b2;371.75;0.0515;UNKNOWN
2016-02-02T00:13:20.000000;2016-02-02T00:13:20.000000;a81602ed-57aa-4dee-82ec-2d2e05b5d723;371.75;0.0831;UNKNOWN
2016-02-02T00:13:20.000000;2016-02-02T00:13:20.000000;2e99541e-f366-4ce5-a950-2e2d5ddf42d7;371.75;0.0318;UNKNOWN
2016-02-02T00:13:20.000000;2016-02-02T00:13:20.000000;59e51677-2ca5-41e6-a09e-48ec94f26214;371.81;0.047;UNKNOWN
2016-02-02T00:14:00.000000;2016-02-02T00:14:00.000000;d43fc787-0667-40bc-8248-4ca3971388ae;372.03;0.05;UNKNOWN
2016-02-02T00:14:00.000000;2016-02-02T00:14:00.000000;4094a6ac-e0fb-4636-9d46-f9c74f5339b5;372.24;0.01;UNKNOWN
2016-02-02T00:14:02.000000;2016-02-02T00:14:02.000000;a500d56d-29ae-4ca1-ae3a-2b8cb9c9edde;372.34;0.01;UNKNOWN
2016-02-02T00:14:02.000000;2016-02-02T00:14:02.000000;367783aa-c9a9-49b3-94d1-7e945975ea8c;372.39;6.6648;UNKNOWN
2016-02-02T00:14:02.000000;2016-02-02T00:14:02.000000;cb4e92a2-2b61-42ac-9d55-ae529a57272d;372.3;5.0;UNKNOWN
2016-02-02T00:14:02.000000;2016-02-02T00:14:02.000000;d2536fab-cfce-4a20-9180-efcfd9d7233e;372.4;2.2;UNKNOWN
2016-02-02T00:14:12.000000;2016-02-02T00:14:12.000000;cfe2d577-c13a-46ea-a57b-cc251951e42a;372.49;0.99;UNKNOWN
2016-02-02T00:14:12.000000;2016-02-02T00:14:12.000000;627bddf6-1fa6-4f20-9e93-47288e5112e0;372.44;0.01;UNKNOWN
2016-02-02T00:14:14.000000;2016-02-02T00:14:14.000000;5954aaf2-a7f9-4f5b-a3a6-b3b843ce589e;372.49;1.0;UNKNOWN
2016-02-02T00:14:52.000000;2016-02-02T00:14:52.000000;e1993ad0-d533-4718-a93f-39d6439b52b1;372.46;0.05;UNKNOWN
2016-02-02T00:14:52.000000;2016-02-02T00:14:52.000000;553913a7-7d78-4085-877e-1bc8233a7872;372.49;1.16;UNKNOWN
2016-02-02T00:14:52.000000;2016-02-02T00:14:52.000000;2794a578-a234-4c9a-819e-427b0a67a120;372.5;5.0;UNKNOWN
2016-02-02T00:16:13.000000;2016-02-02T00:16:13.000000;38672b20-ef64-4010-b943-3f8f18263a4c;372.51;0.20191784;UNKNOWN
2016-02-02T00:16:27.000000;2016-02-02T00:16:27.000000;a51badf6-c759-4875-9663-a4a3fe640b18;372.52;0.05;UNKNOWN
2016-02-02T00:16:27.000000;2016-02-02T00:16:27.000000;b09a1271-c634-41be-ac8e-9e682f196f29;372.54;0.01;UNKNOWN
2016-02-02T00:16:30.000000;2016-02-02T00:16:30.000000;d33aa7f4-3748-4093-bb55-dcc1974329ad;372.54;0.05;UNKNOWN
2016-02-02T00:16:38.000000;2016-02-02T00:16:38.000000;da4d0a6c-10d3-4f79-8426-3ae4249ea590;372.56;3.69;UNKNOWN
2016-02-02T00:16:38.000000;2016-02-02T00:16:38.000000;7313d32e-23f6-4132-a786-d8985e66a3d6;372.55;0.05;UNKNOWN
2016-02-02T00:16:38.000000;2016-02-02T00:16:38.000000;43d573bc-e453-408f-8408-1d7888953ee1;372.55;0.05;UNKNOWN
2016-02-02T00:18:03.000000;2016-02-02T00:18:03.000000;42a9666b-a413-4507-9696-aeace261ae07;372.43;0.05;UNKNOWN
2016-02-02T00:19:12.000000;2016-02-02T00:19:12.000000;1eb65147-6381-4fe7-8e04-8d44de0f1e36;371.93;0.1;UNKNOWN
2016-02-02T00:19:12.000000;2016-02-02T00:19:12.000000;7236cefc-823a-4366-854d-23639072c3e7;371.84;0.43217566;UNKNOWN
2016-02-02T00:20:31.000000;2016-02-02T00:20:31.000000;697d7a33-c378-41c9-bd9c-602b3da97b1b;372.3;4.0;UNKNOWN
2016-02-02T00:20:45.000000;2016-02-02T00:20:45.000000;28159e5a-81cc-442f-88bb-608029d033f0;372.3;6.6401;UNKNOWN
2016-02-02T00:20:45.000000;2016-02-02T00:20:45.000000;b30e799f-7205-4a0f-b308-9c5188e02f1a;372.31;5.0;UNKNOWN
2016-02-02T00:20:52.000000;2016-02-02T00:20:52.000000;48015139-937e-4dc5-b44b-e2957171c046;372.41;0.10768081;UNKNOWN
2016-02-02T00:20:55.000000;2016-02-02T00:20:55.000000;fed7d257-4081-45c1-a770-35f6a8280be5;372.44;0.05;UNKNOWN
2016-02-02T00:20:55.000000;2016-02-02T00:20:55.000000;74b94313-4048-49a1-bd66-43a771a82568;372.44;15.0;UNKNOWN
2016-02-02T00:20:55.000000;2016-02-02T00:20:55.000000;31cf81f2-ca9a-4076-b4ac-4d58dcdbdf3e;372.42;0.05;UNKNOWN
2016-02-02T00:21:50.000000;2016-02-02T00:21:50.000000;71cca404-4b17-4bd3-a49f-f4b8cdef6b99;372.43;0.05;UNKNOWN
2016-02-02T00:22:01.000000;2016-02-02T00:22:01.000000;329d7253-7b83-4b20-a8a2-5a8dc6d27257;372.42;5.0337;UNKNOWN
2016-02-02T00:22:05.000000;2016-02-02T00:22:05.000000;c6720a2d-5bb8-4262-9548-363f549b51ef;372.4;7.0;UNKNOWN
2016-02-02T00:23:05.000000;2016-02-02T00:23:05.000000;d4e94272-ac88-4251-a151-c9f884937b21;372.4;1.3599;UNKNOWN
2016-02-02T00:23:05.000000;2016-02-02T00:23:05.000000;40451801-a140-4663-b3da-2d5ce594b8fb;372.14;1.9915;UNKNOWN
2016-02-02T00:23:05.000000;2016-02-02T00:23:05.000000;87588055-c1ae-45cd-a725-468c49d1ad78;372.14;6.6486;UNKNOWN
2016-02-02T00:25:41.000000;2016-02-02T00:25:41.000000;85959bae-b171-4df1-a58e-480eb124e849;372.4;1.0;UNKNOWN
2016-02-02T00:26:05.000000;2016-02-02T00:26:05.000000;a2a54179-1800-4d85-9e4d-bc6efbe42b6a;372.4;0.029157;UNKNOWN
2016-02-02T00:26:05.000000;2016-02-02T00:26:05.000000;b34a6682-f58c-4530-96e7-04a7b5bd6cf0;372.3;2.770843;UNKNOWN
2016-02-02T00:26:05.000000;2016-02-02T00:26:05.000000;124c2cf7-2d59-4e2a-a304-18ee373659aa;372.4;4.0;UNKNOWN
2016-02-02T00:26:32.000000;2016-02-02T00:26:32.000000;54d111fb-8255-4ea3-9f49-8d914eccc4b8;372.3;0.158592;UNKNOWN
2016-02-02T00:27:03.000000;2016-02-02T00:27:03.000000;2735eb92-1c3b-4223-af87-05e7d3e0f1ce;372.3;0.18815808;UNKNOWN
2016-02-02T00:27:09.000000;2016-02-02T00:27:09.000000;8f543749-db81-4648-af98-b06c45a749c2;372.4;5.0;UNKNOWN
2016-02-02T00:27:15.000000;2016-02-02T00:27:15.000000;94c8a132-0c6b-42ee-a7b9-6d17fa9651c7;372.42;0.05;UNKNOWN
2016-02-02T00:27:15.000000;2016-02-02T00:27:15.000000;df37232c-2566-434e-b3a9-a8b613fd93e6;372.45;0.05;UNKNOWN
2016-02-02T00:27:15.000000;2016-02-02T00:27:15.000000;07e3ebdd-86be-42cf-b2f4-9e65fe8ad60a;372.54;4.9;UNKNOWN
2016-02-02T00:27:15.000000;2016-02-02T00:27:15.000000;657afbd1-313a-48e1-b6aa-d1c18984d8f1;372.42;5.0;UNKNOWN
2016-02-02T00:28:32.000000;2016-02-02T00:28:32.000000;2229fd4d-560e-48a1-9a0b-1dfc62737844;372.35;1.1298;UNKNOWN
2016-02-02T00:29:03.000000;2016-02-02T00:29:03.000000;e8c4a066-9243-41b7-a24c-6913a7cef6e4;372.3;0.41943635;UNKNOWN
2016-02-02T00:29:05.000000;2016-02-02T00:29:05.000000;daf1c79e-bc23-41ef-8cbc-84ebb4bfd62d;372.3;1.46297057;UNKNOWN
2016-02-02T00:29:05.000000;2016-02-02T00:29:05.000000;c607f6ca-4007-4e6e-a8f0-6b4bf3571966;372.2;0.21452151;UNKNOWN
2016-02-02T00:30:03.000000;2016-02-02T00:30:03.000000;06ed9f3c-ba42-421a-aecb-3004a1a9ddf8;372.33;1.11;UNKNOWN
2016-02-02T00:30:03.000000;2016-02-02T00:30:03.000000;1caf85f4-24aa-4df7-9b1f-5627e8884b54;372.33;9.89;UNKNOWN
2016-02-02T00:31:08.000000;2016-02-02T00:31:08.000000;fa3ea235-9b7a-4f36-9dbf-05a80468136f;372.3;2.0;UNKNOWN
2016-02-02T00:31:18.000000;2016-02-02T00:31:18.000000;1559d7ad-35c2-446c-95d4-c712bbd19249;372.3;3.0;UNKNOWN
2016-02-02T00:31:32.000000;2016-02-02T00:31:32.000000;a2427abd-a68f-420e-bd9e-9093f41719c0;372.21;0.06658853;UNKNOWN
2016-02-02T00:31:33.000000;2016-02-02T00:31:33.000000;22f6e639-3359-42b7-9338-f0c78328ca88;372.22;2.5;UNKNOWN
2016-02-02T00:32:54.000000;2016-02-02T00:32:54.000000;38ae76dc-7e7f-49bf-ac91-6d7abfa0ae30;372.2;0.1;UNKNOWN
2016-02-02T00:34:13.000000;2016-02-02T00:34:13.000000;09c903f5-b322-4921-85c8-987c19c370ff;372.22;1.3419;UNKNOWN
2016-02-02T00:34:45.000000;2016-02-02T00:34:45.000000;fda25b0e-4794-4727-8b5a-d402e27a68f1;372.22;1.0;UNKNOWN
2016-02-02T00:35:06.000000;2016-02-02T00:35:06.000000;e34eb0cd-3d86-48e2-9be5-69dbad1b109b;372.3;0.00091184;UNKNOWN
2016-02-02T00:35:06.000000;2016-02-02T00:35:06.000000;d0adacd9-456b-4628-9dfb-53bd5869f58e;372.22;0.1581;UNKNOWN
2016-02-02T00:35:22.000000;2016-02-02T00:35:22.000000;ef49ed60-22ed-4456-8233-6282dbdc349a;372.23;0.0580263;UNKNOWN
2016-02-02T00:35:34.000000;2016-02-02T00:35:34.000000;090f8225-b6c0-40e9-ade7-d2a55053c1e1;372.23;0.05535451;UNKNOWN
2016-02-02T00:36:14.000000;2016-02-02T00:36:14.000000;7dda671a-56fe-4c17-a867-d442ff5b2640;372.3;1.29908816;UNKNOWN
2016-02-02T00:36:19.000000;2016-02-02T00:36:19.000000;e603822c-fbf1-4ad3-850f-607719996d6e;372.39;0.1;UNKNOWN
2016-02-02T00:36:19.000000;2016-02-02T00:36:19.000000;427ea3b4-313d-4e8b-9194-ffb6487b326e;372.4;0.1;UNKNOWN
2016-02-02T00:36:19.000000;2016-02-02T00:36:19.000000;7028e65a-e17c-43ee-899e-ba3c0f948feb;372.32;0.1;UNKNOWN
2016-02-02T00:36:19.000000;2016-02-02T00:36:19.000000;27651737-8331-4beb-9da7-6e6aa54b4c4b;372.4;1.3;UNKNOWN
2016-02-02T00:36:19.000000;2016-02-02T00:36:19.000000;0bbf4df1-4200-468c-b572-0f1c671d3d19;372.33;1.9;UNKNOWN
2016-02-02T00:36:19.000000;2016-02-02T00:36:19.000000;1c61f9cd-d4f4-4c9b-8ad6-9a9789b280b2;372.39;6.6133;UNKNOWN
2016-02-02T00:36:28.000000;2016-02-02T00:36:28.000000;64414ad3-f773-4d97-ae9a-a5098fe6e0bb;372.49;0.1;UNKNOWN
2016-02-02T00:36:47.000000;2016-02-02T00:36:47.000000;71e164d6-9029-41e4-b494-6ed7b6a704a6;372.54;4.0507;UNKNOWN
2016-02-02T00:38:04.000000;2016-02-02T00:38:04.000000;45173881-5fe7-4142-a608-077135657fae;372.74;0.01;UNKNOWN
2016-02-02T00:38:04.000000;2016-02-02T00:38:04.000000;e8fa58d7-e009-41d5-bda9-4d40b42cd78b;372.57;0.1151;UNKNOWN
2016-02-02T00:38:04.000000;2016-02-02T00:38:04.000000;250cfcab-754e-44bb-8d7c-b64c8f0b5906;372.64;0.01;UNKNOWN
2016-02-02T00:38:04.000000;2016-02-02T00:38:04.000000;4c22aa77-10d0-4749-948b-fa27a7d0af9d;372.84;0.01;UNKNOWN
2016-02-02T00:38:32.000000;2016-02-02T00:38:32.000000;f8bbaf89-ea7d-4111-9199-0a47ad7b014c;373.0;0.01;UNKNOWN
2016-02-02T00:38:32.000000;2016-02-02T00:38:32.000000;85137390-08bd-4ea4-94f1-64a6f1ae8a8f;372.94;0.01;UNKNOWN
2016-02-02T00:38:32.000000;2016-02-02T00:38:32.000000;7a768599-e7b5-4aa4-8fb7-65bde4adaebd;372.99;6.6163;UNKNOWN
2016-02-02T00:38:32.000000;2016-02-02T00:38:32.000000;d447128d-0253-4548-9e82-b3f6abc76153;373.0;4.0;UNKNOWN
2016-02-02T00:38:32.000000;2016-02-02T00:38:32.000000;30439332-efac-4949-98b0-f3219f891ae6;372.86;3.15;UNKNOWN
2016-02-02T00:38:32.000000;2016-02-02T00:38:32.000000;11bf1c8c-4fae-4ca5-b103-c87e390d06dc;373.0;2.0;UNKNOWN
2016-02-02T00:38:40.000000;2016-02-02T00:38:40.000000;5759cb03-bf9a-4f73-8907-742614134711;373.2;23.015;UNKNOWN
2016-02-02T00:38:40.000000;2016-02-02T00:38:40.000000;708fa94b-1855-4d08-a5f9-a210bc69c916;373.2;11.7233;UNKNOWN
2016-02-02T00:38:40.000000;2016-02-02T00:38:40.000000;295dc6dd-cd59-4f60-a9cd-146955624e24;373.2;48.0567;UNKNOWN
2016-02-02T00:38:40.000000;2016-02-02T00:38:40.000000;f1682b5c-77ce-4c77-93eb-3983c22a8c5d;373.01;0.1;UNKNOWN
2016-02-02T00:38:40.000000;2016-02-02T00:38:40.000000;460b6905-b7ad-4dd2-ae93-998f402c41e4;373.14;0.01;UNKNOWN
2016-02-02T00:38:40.000000;2016-02-02T00:38:40.000000;73749d51-6d33-46aa-9091-e29f5ac1ab79;373.04;0.01;UNKNOWN
2016-02-02T00:38:40.000000;2016-02-02T00:38:40.000000;de59c8d6-909b-4f99-ad96-ec8a163cc174;373.06;0.1;UNKNOWN
2016-02-02T00:38:42.000000;2016-02-02T00:38:42.000000;dfd670dd-6b51-41f1-a8f7-f3d321c47fa5;373.19;0.855;UNKNOWN
2016-02-02T00:39:13.000000;2016-02-02T00:39:13.000000;d44049ee-9ca8-42cd-9af3-48517c7f2b69;373.21;0.07546612;UNKNOWN
2016-02-02T00:40:00.000000;2016-02-02T00:40:00.000000;7b07539e-0847-423a-91c3-fc8aff7d7ce3;373.11;6.6293;UNKNOWN
2016-02-02T00:40:00.000000;2016-02-02T00:40:00.000000;4b4adbf1-4ddd-4bc9-9349-904bb751603e;373.0;2.4741;UNKNOWN
2016-02-02T00:40:00.000000;2016-02-02T00:40:00.000000;1d78d7cd-5242-4332-8752-1f4a3a3ced00;373.12;0.111;UNKNOWN
2016-02-02T00:40:00.000000;2016-02-02T00:40:00.000000;23ddf8cf-9b6a-486e-be42-aabc52a77abe;373.1;1.0;UNKNOWN
2016-02-02T00:40:05.000000;2016-02-02T00:40:05.000000;03e33392-2629-4b4b-a4cf-1846cc7bdd57;373.0;10.0;UNKNOWN
2016-02-02T00:40:55.000000;2016-02-02T00:40:55.000000;bd5c710e-4e40-4a5a-9178-6ef0555ca53c;373.16;30.0;UNKNOWN
2016-02-02T00:41:05.000000;2016-02-02T00:41:05.000000;1bb40f05-507e-428a-813c-4b61c6463b13;373.05;3.0;UNKNOWN
2016-02-02T00:41:05.000000;2016-02-02T00:41:05.000000;285e21ac-e000-46df-bce2-6ef8f1bd32f2;373.05;0.5;UNKNOWN
2016-02-02T00:41:05.000000;2016-02-02T00:41:05.000000;e82fcb6d-d883-4c33-acfd-5abb3e52aaad;373.04;6.5;UNKNOWN
2016-02-02T00:41:06.000000;2016-02-02T00:41:06.000000;65f57974-c614-4008-8275-6a0591fe2e36;373.0;10.0;UNKNOWN
2016-02-02T00:41:07.000000;2016-02-02T00:41:07.000000;87dee530-de56-4192-a495-af1a1af29001;373.0;0.54352106;UNKNOWN
2016-02-02T00:41:07.000000;2016-02-02T00:41:07.000000;69bc5c60-fb57-44f5-9bd0-94b795e3dd60;373.05;3.0;UNKNOWN
2016-02-02T00:41:07.000000;2016-02-02T00:41:07.000000;16e6314f-a7fc-470c-aab8-2840780f7d19;373.06;0.5;UNKNOWN
2016-02-02T00:41:56.000000;2016-02-02T00:41:56.000000;95ddfbe6-6571-4264-b771-5febab56274a;373.1;4.68547849;UNKNOWN
2016-02-02T00:42:06.000000;2016-02-02T00:42:06.000000;23d3310d-ccc4-476c-bb77-4558d3a74c60;373.02;0.5;UNKNOWN
2016-02-02T00:42:06.000000;2016-02-02T00:42:06.000000;beaaeff3-cad7-4017-b408-f600dc67eb2d;373.01;3.0;UNKNOWN
2016-02-02T00:42:06.000000;2016-02-02T00:42:06.000000;dd8729ff-2ad3-4f09-852b-b284650cde47;373.0;6.4;UNKNOWN
2016-02-02T00:42:06.000000;2016-02-02T00:42:06.000000;19f05f43-fdf1-42e9-b290-f14245091886;373.0;9.5;UNKNOWN
2016-02-02T00:42:06.000000;2016-02-02T00:42:06.000000;33b85924-ccfe-4fe7-b0ec-cf488b766ab2;373.02;0.5;UNKNOWN
2016-02-02T00:42:33.000000;2016-02-02T00:42:33.000000;7da024d4-1550-4e6a-a2bd-7054892206da;373.1;30.0;UNKNOWN
2016-02-02T00:43:06.000000;2016-02-02T00:43:06.000000;7ef462aa-fc59-40a7-850a-bb75bd14b244;373.0;5.29607894;UNKNOWN
2016-02-02T00:43:06.000000;2016-02-02T00:43:06.000000;84b63c63-4213-46ec-beb2-17ea81a2170f;373.0;0.76789461;UNKNOWN
2016-02-02T00:43:06.000000;2016-02-02T00:43:06.000000;0485b549-44c4-4965-bf25-25f0569aada1;373.0;3.93602645;UNKNOWN
2016-02-02T00:43:07.000000;2016-02-02T00:43:07.000000;e82dab58-cdab-4331-8eff-ea2717a91721;372.99;0.2088843;UNKNOWN
2016-02-02T00:43:07.000000;2016-02-02T00:43:07.000000;de3e1b92-44ed-432c-b0ec-6aa5247f9845;373.0;3.1660157;UNKNOWN
2016-02-02T00:43:07.000000;2016-02-02T00:43:07.000000;57913cec-402e-4cd2-824f-05dbe79daa66;372.99;3.72543873;UNKNOWN
2016-02-02T00:43:07.000000;2016-02-02T00:43:07.000000;a92a7bf7-65c9-4357-aae7-c8ce5a3b6424;372.96;3.46927921;UNKNOWN
2016-02-02T00:43:07.000000;2016-02-02T00:43:07.000000;e1b7874c-a2b0-4fa7-931f-f9c9ccaf0636;373.0;6.6251;UNKNOWN
2016-02-02T00:44:07.000000;2016-02-02T00:44:07.000000;7fed3a39-7cf4-4199-9451-d269a61eacde;373.14;0.3;UNKNOWN
2016-02-02T00:44:26.000000;2016-02-02T00:44:26.000000;3cbb5348-f22d-40da-a148-94eafb53f1cd;373.06;0.7;UNKNOWN
2016-02-02T00:44:52.000000;2016-02-02T00:44:52.000000;74557598-01a1-4efd-b0e9-b3b9639b747e;373.06;0.03891186;UNKNOWN
2016-02-02T00:45:12.000000;2016-02-02T00:45:12.000000;505b79bf-42dd-42fc-84ba-e4e7f8cbf7fe;373.12;1.1378;UNKNOWN
2016-02-02T00:45:21.000000;2016-02-02T00:45:21.000000;a6a725d9-d0f6-4175-9312-20cdd0df8fec;373.12;0.01;UNKNOWN
2016-02-02T00:45:34.000000;2016-02-02T00:45:34.000000;69208d33-5351-44f6-9429-5eddf01083ee;373.06;3.19391545;UNKNOWN
2016-02-02T00:45:37.000000;2016-02-02T00:45:37.000000;60473bc9-b52e-4330-9152-dd38decd2d7c;373.06;0.23476841;UNKNOWN
2016-02-02T00:45:42.000000;2016-02-02T00:45:42.000000;50b7f15d-d3cf-4dfd-b4af-75e0ffcd907a;372.99;0.06439721;UNKNOWN
2016-02-02T00:45:44.000000;2016-02-02T00:45:44.000000;0bf69bf7-a8a9-42f2-95a2-e93226f85a5f;373.05;0.5;UNKNOWN
2016-02-02T00:45:44.000000;2016-02-02T00:45:44.000000;99aa4f60-961f-4a6e-bb0f-3e8597beb12c;373.05;3.0;UNKNOWN
2016-02-02T00:45:44.000000;2016-02-02T00:45:44.000000;930ef42e-9063-4926-933c-16400f0f4f48;373.06;6.5;UNKNOWN
2016-02-02T00:46:05.000000;2016-02-02T00:46:05.000000;a51c4050-9c6b-4e5e-a8f6-6ec5d1135327;373.0;0.75253295;UNKNOWN
2016-02-02T00:47:28.000000;2016-02-02T00:47:28.000000;829eb371-0d91-4bee-86e3-59007648516c;373.06;0.1;UNKNOWN
2016-02-02T00:48:32.000000;2016-02-02T00:48:32.000000;1010a0bc-8212-4fbe-acd0-3228f31a2cbc;373.0;2.68364897;UNKNOWN
2016-02-02T00:48:42.000000;2016-02-02T00:48:42.000000;fd525051-04da-45a2-ba1b-4557d6ad0418;373.0;0.17175352;UNKNOWN
2016-02-02T00:49:21.000000;2016-02-02T00:49:21.000000;e7cce748-a89f-49ad-9ad2-37ea416bc200;373.06;1.0;UNKNOWN
2016-02-02T00:49:27.000000;2016-02-02T00:49:27.000000;0c283ae4-4355-4c42-ac3f-1318af95c862;373.14;0.7;UNKNOWN
2016-02-02T00:49:27.000000;2016-02-02T00:49:27.000000;b8e7bfb0-9f5e-4d06-9997-3bc662fcbf02;373.06;3.92131614;UNKNOWN
2016-02-02T00:50:53.000000;2016-02-02T00:50:53.000000;97b528b3-d926-4c26-a438-ec13a5e1e653;373.0;0.2684;UNKNOWN
2016-02-02T00:51:05.000000;2016-02-02T00:51:05.000000;844b053d-ad5a-4620-bc06-410b60f8efb5;373.0;2.89;UNKNOWN
2016-02-02T00:51:10.000000;2016-02-02T00:51:10.000000;6ad88f98-9453-4f68-90bf-2736f4c48166;373.1;0.5;UNKNOWN
2016-02-02T00:51:10.000000;2016-02-02T00:51:10.000000;0edecdf1-becd-4205-af1f-f24935f359d2;373.11;3.366;UNKNOWN
2016-02-02T00:51:36.000000;2016-02-02T00:51:36.000000;cf1fea6f-6961-4244-9a0b-83361a15601f;373.0;3.23366456;UNKNOWN
2016-02-02T00:52:03.000000;2016-02-02T00:52:03.000000;6e2ff277-2afd-45b7-bf1d-057a8e70b701;372.8;2.86;UNKNOWN
2016-02-02T00:52:03.000000;2016-02-02T00:52:03.000000;38f8c37f-143b-476c-b68e-64987e677242;373.0;31.76633544;UNKNOWN
2016-02-02T00:52:03.000000;2016-02-02T00:52:03.000000;b5e15ce5-32f9-4d25-b8eb-30e9ea8962ad;373.05;8.71022527;UNKNOWN
2016-02-02T00:52:03.000000;2016-02-02T00:52:03.000000;dd19ace4-107e-4d22-8a64-d1fae6b29300;372.99;12.0;UNKNOWN
2016-02-02T00:52:03.000000;2016-02-02T00:52:03.000000;ae745cb2-2f5a-4a56-901f-f0634f0760a7;372.79;0.5;UNKNOWN
2016-02-02T00:52:03.000000;2016-02-02T00:52:03.000000;62cc9433-d768-4fde-9bd3-af67166e6286;372.96;3.0;UNKNOWN
2016-02-02T00:52:03.000000;2016-02-02T00:52:03.000000;c12e2d2e-4d0f-408d-850c-29daf6a0964e;372.97;6.0;UNKNOWN
2016-02-02T00:52:10.000000;2016-02-02T00:52:10.000000;1befbc8d-b411-4bad-95d5-a57db6dc2602;372.9;0.1;UNKNOWN
2016-02-02T00:52:10.000000;2016-02-02T00:52:10.000000;f9fef96e-1d7a-4ae7-b5d2-d6e7763a9d63;372.99;0.1;UNKNOWN
2016-02-02T00:52:10.000000;2016-02-02T00:52:10.000000;cb33c249-4907-47ff-a179-69236b4ed564;373.12;0.8;UNKNOWN
2016-02-02T00:52:17.000000;2016-02-02T00:52:17.000000;99760d56-2fe1-4b33-a165-8cd5202f8cb5;373.15;0.025;UNKNOWN
2016-02-02T00:52:21.000000;2016-02-02T00:52:21.000000;da953a7a-915f-4dcf-ab6a-3c376572b113;373.15;3.286;UNKNOWN
2016-02-02T00:52:42.000000;2016-02-02T00:52:42.000000;b86ad3e7-4e6f-4ba2-8310-8ff0acc7b7b0;373.25;0.01;UNKNOWN
2016-02-02T00:52:42.000000;2016-02-02T00:52:42.000000;5bc166b1-cd2b-4f42-b973-a2af41b26848;373.3;1.061;UNKNOWN
2016-02-02T00:52:42.000000;2016-02-02T00:52:42.000000;68b21137-d7de-4b01-aeb4-e71885980eaf;373.15;1.689;UNKNOWN
2016-02-02T00:52:42.000000;2016-02-02T00:52:42.000000;0e368779-8faf-40de-aa4c-3a42d37771a9;373.25;0.1;UNKNOWN
2016-02-02T00:53:32.000000;2016-02-02T00:53:32.000000;9f199fc3-0146-47de-aa62-1acf54e2daec;372.81;0.26627613;UNKNOWN
2016-02-02T00:54:07.000000;2016-02-02T00:54:07.000000;96471209-b2bb-4b85-bb8d-19cd9e382f63;373.14;2.7;UNKNOWN
2016-02-02T00:54:44.000000;2016-02-02T00:54:44.000000;ff41e8b1-3f71-4fa9-8960-9778042244a0;373.06;0.68;UNKNOWN
2016-02-02T00:55:11.000000;2016-02-02T00:55:11.000000;8d970ab5-376d-4e29-b161-1fdddebeda6d;372.9;1.32;UNKNOWN
2016-02-02T00:55:19.000000;2016-02-02T00:55:19.000000;88cf8ccc-67ed-42b6-bc27-0fb49f9c2998;372.9;0.171;UNKNOWN
2016-02-02T00:55:26.000000;2016-02-02T00:55:26.000000;a686bd59-ee28-4163-baac-2cc9ed1fee8d;372.9;1.21;UNKNOWN
2016-02-02T00:55:27.000000;2016-02-02T00:55:27.000000;1b9af71b-aa0f-45dd-91e9-14606e7c8733;373.0;6.6608;UNKNOWN
2016-02-02T00:55:38.000000;2016-02-02T00:55:38.000000;67541f79-2ebb-4456-ad40-30eb69505cdb;373.13;14.0;UNKNOWN
2016-02-02T00:56:02.000000;2016-02-02T00:56:02.000000;8208fdd7-7172-45f4-9e2a-7617aa113114;373.0;0.10472688;UNKNOWN
2016-02-02T00:56:16.000000;2016-02-02T00:56:16.000000;716f25c0-e4d7-476e-90bc-fd5d9dd1aeb1;373.0;0.0198;UNKNOWN
2016-02-02T00:56:33.000000;2016-02-02T00:56:33.000000;9cdf7c86-e3e6-4aaa-83f5-a4171b38abe2;373.13;0.043;UNKNOWN
2016-02-02T00:57:03.000000;2016-02-02T00:57:03.000000;d8519a2b-6b56-407f-8c40-6e69f08114fc;373.13;0.957;UNKNOWN
2016-02-02T00:57:05.000000;2016-02-02T00:57:05.000000;1b3fc19c-2f5f-4ca6-ad30-9b342ef9d235;373.01;2.2117;UNKNOWN
2016-02-02T00:57:05.000000;2016-02-02T00:57:05.000000;967b858a-6071-4869-beb1-c0e92604b168;373.13;7.7883;UNKNOWN
2016-02-02T00:58:05.000000;2016-02-02T00:58:05.000000;bce6adc9-7ce2-4746-aafd-c25190cbde1e;372.65;3.0;UNKNOWN
2016-02-02T00:58:05.000000;2016-02-02T00:58:05.000000;caaf87ab-90de-41d3-a89f-e20f03cb52bb;373.0;2.00467312;UNKNOWN
2016-02-02T00:58:05.000000;2016-02-02T00:58:05.000000;80f8386c-a134-48c3-aaea-a7a7581e435f;372.64;4.99532688;UNKNOWN
2016-02-02T00:58:06.000000;2016-02-02T00:58:06.000000;542b1647-4da5-4786-b956-132e67bcb691;372.48;3.06216529;UNKNOWN
2016-02-02T00:58:06.000000;2016-02-02T00:58:06.000000;e6dd3e5e-63c7-4224-a505-c1259603d03e;372.5;3.93783471;UNKNOWN
2016-02-02T00:58:06.000000;2016-02-02T00:58:06.000000;9c86ba56-aa1c-4063-8e68-4a36a954b70d;372.65;3.0;UNKNOWN
2016-02-02T00:58:07.000000;2016-02-02T00:58:07.000000;3206707b-da9a-42b8-a1fe-cf2953b18e86;372.48;0.87432598;UNKNOWN
2016-02-02T00:58:07.000000;2016-02-02T00:58:07.000000;e0c8f987-db7a-413d-adca-6b42c3db6a75;372.42;2.48237402;UNKNOWN
2016-02-02T00:58:09.000000;2016-02-02T00:58:09.000000;35ad0dd0-5397-4ea8-8937-430e41e1fc9d;372.42;0.02;UNKNOWN
2016-02-02T00:58:18.000000;2016-02-02T00:58:18.000000;e8711940-0c10-4e69-b0f7-c15b8f8c56e4;372.72;1.0;UNKNOWN
2016-02-02T00:58:42.000000;2016-02-02T00:58:42.000000;10566d3c-ce5b-4e1c-976c-c1be24900859;372.69;1.5;UNKNOWN
2016-02-02T00:58:42.000000;2016-02-02T00:58:42.000000;7988ad1c-d27e-4c6d-a487-42897caa1c6f;372.69;0.5;UNKNOWN
2016-02-02T01:00:05.000000;2016-02-02T01:00:05.000000;8bf6d70e-64c0-42e3-9234-18e7eb842611;372.41;5.0;UNKNOWN
2016-02-02T01:00:51.000000;2016-02-02T01:00:51.000000;9418e168-d353-4d5d-a426-866ee0f915c1;372.96;1.0;UNKNOWN
2016-02-02T01:01:06.000000;2016-02-02T01:01:06.000000;be4d5ca6-f0bf-49f2-b7af-3af271a6f162;372.5;0.54672055;UNKNOWN
2016-02-02T01:01:06.000000;2016-02-02T01:01:06.000000;80064c97-7435-4eb0-b656-0c8d30722fa1;372.52;6.6433;UNKNOWN
2016-02-02T01:01:25.000000;2016-02-02T01:01:25.000000;a37d6623-dcf3-4430-993d-21ea51494706;372.81;1.0;UNKNOWN
2016-02-02T01:01:32.000000;2016-02-02T01:01:32.000000;42cc9ec6-d9cc-4b65-9cc4-33898143b075;372.8;0.1;UNKNOWN
2016-02-02T01:01:34.000000;2016-02-02T01:01:34.000000;24ae88de-eb66-44b1-a8ba-93159be305c1;372.81;0.1;UNKNOWN
2016-02-02T01:01:46.000000;2016-02-02T01:01:46.000000;9437e858-043c-4595-9840-d164e0c50e75;372.99;0.8;UNKNOWN
2016-02-02T01:01:46.000000;2016-02-02T01:01:46.000000;37fb020b-f5f1-42f3-810d-2dad3a09147b;372.9;0.1;UNKNOWN
2016-02-02T01:01:46.000000;2016-02-02T01:01:46.000000;72fd4803-5d0a-414a-bfbf-d91e1e506a80;372.91;0.1;UNKNOWN
2016-02-02T01:02:42.000000;2016-02-02T01:02:42.000000;bc1dda8e-044c-466e-9e75-8abe3f489dda;372.46;2.68804486;UNKNOWN
2016-02-02T01:03:23.000000;2016-02-02T01:03:23.000000;992506c9-b499-456c-b701-24a64a7f728a;372.71;0.02188172;UNKNOWN
2016-02-02T01:03:25.000000;2016-02-02T01:03:25.000000;7adb6a89-2d42-463a-8807-090306e15af3;372.71;0.02075482;UNKNOWN
2016-02-02T01:03:28.000000;2016-02-02T01:03:28.000000;cb15cc61-99b1-4803-b435-f4440cd90902;372.71;0.01971349;UNKNOWN
2016-02-02T01:03:34.000000;2016-02-02T01:03:34.000000;b15e4ed1-f248-49cb-8071-5a2cd0b1b54d;372.71;0.01874923;UNKNOWN
2016-02-02T01:03:37.000000;2016-02-02T01:03:37.000000;efeb77d0-5b08-4f04-ab63-78074c2791ba;372.71;0.01785456;UNKNOWN
2016-02-02T01:03:41.000000;2016-02-02T01:03:41.000000;55465b98-c420-4e19-950f-f82609cd3e37;372.81;0.01702291;UNKNOWN
2016-02-02T01:03:45.000000;2016-02-02T01:03:45.000000;0db8c3a0-5504-4418-9233-2bb5a1d33cd0;372.8;0.01499859;UNKNOWN
2016-02-02T01:03:49.000000;2016-02-02T01:03:49.000000;42e29762-04ae-4046-b2fb-2c8b57bd8a30;372.8;0.01438253;UNKNOWN
2016-02-02T01:03:51.000000;2016-02-02T01:03:51.000000;e94b4905-e261-4046-98a4-0cb7fc4cd2d9;372.8;0.0138039;UNKNOWN
2016-02-02T01:03:54.000000;2016-02-02T01:03:54.000000;228bc326-6902-458f-9e6b-a3135a57950e;372.8;0.01325972;UNKNOWN
2016-02-02T01:03:59.000000;2016-02-02T01:03:59.000000;f012a378-731c-424d-a325-c0cf2135a9f4;372.8;0.0127473;UNKNOWN
2016-02-02T01:04:02.000000;2016-02-02T01:04:02.000000;ecc3fa1a-8b19-403e-a3a5-dc548ca2ffef;372.8;0.01226421;UNKNOWN
2016-02-02T01:04:06.000000;2016-02-02T01:04:06.000000;17235964-a8d7-4016-a3ff-f87bae55e6fa;372.8;0.01180822;UNKNOWN
2016-02-02T01:04:10.000000;2016-02-02T01:04:10.000000;b97bb9be-45ef-4688-8ba9-31d009754979;372.81;0.00464183;UNKNOWN
2016-02-02T01:04:10.000000;2016-02-02T01:04:10.000000;208afb90-1e01-4b1a-8fc1-9342980cd39f;372.8;0.00673553;UNKNOWN
2016-02-02T01:04:13.000000;2016-02-02T01:04:13.000000;603ba461-9e6c-40c8-bf02-835ff64d5c8e;372.81;0.01096979;UNKNOWN
2016-02-02T01:04:16.000000;2016-02-02T01:04:16.000000;7c022c68-31da-404a-b7f9-7ac0ccf20842;372.81;0.01058386;UNKNOWN
2016-02-02T01:04:18.000000;2016-02-02T01:04:18.000000;fbc90bc4-b83a-41d2-b77d-7361ec837484;372.81;0.01021806;UNKNOWN
2016-02-02T01:04:39.000000;2016-02-02T01:04:39.000000;cadf9a0b-beb3-4468-8a69-10cdadf9f602;372.7;1.0;UNKNOWN
2016-02-02T01:04:43.000000;2016-02-02T01:04:43.000000;93feff22-0328-4c08-a95a-4957e0cee353;372.31;0.1;UNKNOWN
2016-02-02T01:04:43.000000;2016-02-02T01:04:43.000000;a9cbd1a3-5282-485d-89ed-b432794e0d5d;372.69;0.01069359;UNKNOWN
2016-02-02T01:04:43.000000;2016-02-02T01:04:43.000000;694b62a2-bce7-4cc5-a475-645f069ac81a;372.19;0.80354026;UNKNOWN
2016-02-02T01:04:43.000000;2016-02-02T01:04:43.000000;5db4280e-865d-4634-bbd0-593daf2e7eb0;372.26;0.54;UNKNOWN
2016-02-02T01:04:46.000000;2016-02-02T01:04:46.000000;9b8a774a-8d55-41f3-bbb4-f6e4f14dfa9c;372.69;0.01030707;UNKNOWN
2016-02-02T01:04:51.000000;2016-02-02T01:04:51.000000;02482f4b-46d8-43e7-b1e0-181dc77d809c;372.32;0.5;UNKNOWN
2016-02-02T01:04:51.000000;2016-02-02T01:04:51.000000;6e6c0367-14bd-4f64-90f9-4db565a8e47e;372.33;0.5;UNKNOWN
2016-02-02T01:04:51.000000;2016-02-02T01:04:51.000000;f9df7def-16eb-46a3-b0f0-746e39c67fa2;372.33;3.0;UNKNOWN
2016-02-02T01:04:52.000000;2016-02-02T01:04:52.000000;8ffb5e11-f03d-4d27-ae96-9e9b5d53d93d;372.67;0.01019616;UNKNOWN
2016-02-02T01:08:42.000000;2016-02-02T01:08:42.000000;103d46ae-ba48-4d30-879d-7533109d60e0;371.91;0.68232941;UNKNOWN
2016-02-02T01:08:42.000000;2016-02-02T01:08:42.000000;7329b84d-9317-4a4a-b976-052a8d9691eb;371.94;0.2681;UNKNOWN
2016-02-02T01:08:42.000000;2016-02-02T01:08:42.000000;3bd9e205-7bb8-4e84-b9fd-60228f2e50e5;372.0;0.01;UNKNOWN
2016-02-02T01:08:42.000000;2016-02-02T01:08:42.000000;5f246e4d-9ea1-438c-b6b2-a847f4513c7f;372.0;0.01;UNKNOWN
2016-02-02T01:08:42.000000;2016-02-02T01:08:42.000000;e84b8187-3e3d-49b8-b337-bf4238b028e3;372.65;0.02957059;UNKNOWN
2016-02-02T01:08:48.000000;2016-02-02T01:08:48.000000;9ec04cde-0379-4645-9627-45eb5e8e6383;371.94;1.33181072;UNKNOWN
2016-02-02T01:08:48.000000;2016-02-02T01:08:48.000000;3c3a0e5f-38cf-4dbe-af45-b46d815cf305;372.4;0.01155222;UNKNOWN
2016-02-02T01:08:53.000000;2016-02-02T01:08:53.000000;e01876f5-0b66-4818-a9ba-c7387dd0d1be;372.4;1.0;UNKNOWN
2016-02-02T01:08:54.000000;2016-02-02T01:08:54.000000;b3e3a6f2-8d61-4824-8b47-5b1b0dbccac4;372.4;0.0110764;UNKNOWN
2016-02-02T01:08:56.000000;2016-02-02T01:08:56.000000;65dce6be-3d6d-448b-b694-f0dc83542dca;372.38;0.01062959;UNKNOWN
2016-02-02T01:09:00.000000;2016-02-02T01:09:00.000000;fcb156ce-7baa-4769-a230-cb7d5e69972d;372.4;0.01042667;UNKNOWN
2016-02-02T01:09:17.000000;2016-02-02T01:09:17.000000;d151fd1a-5300-4874-b93c-141c8fcf7df5;372.7;1.0;UNKNOWN
2016-02-02T01:11:09.000000;2016-02-02T01:11:09.000000;e39ebdd2-efcf-4b36-96e5-2662dce32953;372.68;5.0;UNKNOWN
2016-02-02T01:14:05.000000;2016-02-02T01:14:05.000000;8ebd5b06-5bb9-488e-b8a9-7f5d27d4c264;372.39;3.3218;UNKNOWN
2016-02-02T01:14:05.000000;2016-02-02T01:14:05.000000;e16f3b2b-60ed-417d-9aae-1ec858c75a83;372.42;6.6782;UNKNOWN
2016-02-02T01:14:06.000000;2016-02-02T01:14:06.000000;2f5fb058-9846-45aa-831e-24dc422328f7;372.43;0.5;UNKNOWN
2016-02-02T01:14:06.000000;2016-02-02T01:14:06.000000;811d14cc-2009-4220-8399-4439dd7528f7;372.39;0.5;UNKNOWN
2016-02-02T01:14:06.000000;2016-02-02T01:14:06.000000;5672886e-5a25-4a15-856b-05ca1d936afc;372.43;3.0;UNKNOWN
2016-02-02T01:14:06.000000;2016-02-02T01:14:06.000000;5347ffcc-bd57-4770-850e-2e52a0bec8fa;372.02;1.26;UNKNOWN
2016-02-02T01:14:06.000000;2016-02-02T01:14:06.000000;74a97534-abde-4509-9a3e-8995eac4384c;371.8;0.01;UNKNOWN
2016-02-02T01:14:06.000000;2016-02-02T01:14:06.000000;33e5054b-2824-4ff6-b293-ed0377663cbe;371.8;3.39071794;UNKNOWN
2016-02-02T01:14:06.000000;2016-02-02T01:14:06.000000;9a803e8f-69c8-4cc4-be9f-aff1ab4df574;371.9;1.32928206;UNKNOWN
2016-02-02T01:14:06.000000;2016-02-02T01:14:06.000000;c562379b-8c43-4819-919e-8f59af6eebb8;371.9;0.01;UNKNOWN
2016-02-02T01:14:08.000000;2016-02-02T01:14:08.000000;0da8e48c-6716-48a6-92da-3f05667e3cc6;371.74;3.44796669;UNKNOWN
2016-02-02T01:14:08.000000;2016-02-02T01:14:08.000000;1cf91e6c-ddb6-446b-abd9-de5a136d4891;372.43;6.0;UNKNOWN
2016-02-02T01:14:08.000000;2016-02-02T01:14:08.000000;a3bceaf2-b966-4ba5-beed-7897baea03d6;371.8;0.55203331;UNKNOWN
2016-02-02T01:14:10.000000;2016-02-02T01:14:10.000000;118d5fe9-a0ba-444c-be1d-cdaed8b3033e;372.43;1.97226016;UNKNOWN
2016-02-02T01:14:31.000000;2016-02-02T01:14:31.000000;1679b67e-fccc-4acd-84a8-05b5bac17965;372.4;0.025;UNKNOWN
2016-02-02T01:14:39.000000;2016-02-02T01:14:39.000000;4f21b2dc-ae57-479f-9cd3-f03b2b72529f;372.4;1.13195517;UNKNOWN
2016-02-02T01:14:39.000000;2016-02-02T01:14:39.000000;25851e74-888f-478b-885e-fe5fa4a4cd85;372.4;0.51179008;UNKNOWN
2016-02-02T01:14:39.000000;2016-02-02T01:14:39.000000;690ebdb0-3d9a-46e7-a288-9c9b7d749fe7;372.4;0.73062029;UNKNOWN
2016-02-02T01:14:39.000000;2016-02-02T01:14:39.000000;769dc6a2-9eb5-4f11-92ef-0c76afc37d8b;372.4;0.70563446;UNKNOWN
2016-02-02T01:14:39.000000;2016-02-02T01:14:39.000000;0ea114dc-68a4-4887-8ef2-7a2991a00775;372.4;27.0;UNKNOWN
2016-02-02T01:15:04.000000;2016-02-02T01:15:04.000000;e0a935f7-5502-4b5d-966a-5a6dc00a6595;372.4;0.1;UNKNOWN
2016-02-02T01:15:06.000000;2016-02-02T01:15:06.000000;860ff3aa-0e71-4fb7-955c-a800f88c0243;372.4;0.00248081;UNKNOWN
2016-02-02T01:15:06.000000;2016-02-02T01:15:06.000000;ed58606a-65c1-4256-a9eb-c6ca1284e25a;372.4;0.60926075;UNKNOWN
2016-02-02T01:15:06.000000;2016-02-02T01:15:06.000000;36d0eeb6-cd39-4cc9-8101-8f6b406225e1;372.4;0.19825844;UNKNOWN
2016-02-02T01:15:45.000000;2016-02-02T01:15:45.000000;72d9d2af-4eeb-495e-97a1-fa3cba4d3407;372.4;1.35037557;UNKNOWN
2016-02-02T01:15:45.000000;2016-02-02T01:15:45.000000;c8d6e067-3d3e-45a3-a919-ff976bff8c41;372.4;1.34193898;UNKNOWN
2016-02-02T01:15:45.000000;2016-02-02T01:15:45.000000;8f51f0ee-5b55-46ed-b507-29eed7dcd77e;372.4;0.53687701;UNKNOWN
2016-02-02T01:15:45.000000;2016-02-02T01:15:45.000000;3695334c-573f-475f-9e40-1c47bf71d07e;372.4;0.14051024;UNKNOWN
2016-02-02T01:15:45.000000;2016-02-02T01:15:45.000000;4905931d-846f-42d2-85bc-3d381c8eeaf6;372.4;1.28730795;UNKNOWN
2016-02-02T01:15:45.000000;2016-02-02T01:15:45.000000;fc8327da-d37d-4fc3-b51e-feba442b0d6f;372.4;0.34299025;UNKNOWN
2016-02-02T01:16:05.000000;2016-02-02T01:16:05.000000;bacad745-ebc4-40e0-9a4a-8e77f1186ac9;372.44;0.1;UNKNOWN
2016-02-02T01:16:05.000000;2016-02-02T01:16:05.000000;65a87faf-08f8-4505-a1a5-02a2b0b0b399;372.52;4.83638196;UNKNOWN
2016-02-02T01:16:05.000000;2016-02-02T01:16:05.000000;26a70c68-212e-44fd-ab19-271e2967b970;372.52;3.0;UNKNOWN
2016-02-02T01:16:53.000000;2016-02-02T01:16:53.000000;0cf78987-6adb-416c-9b68-d9881c767b91;372.4;0.013;UNKNOWN
2016-02-02T01:17:51.000000;2016-02-02T01:17:51.000000;dddf9dc8-9ede-4061-8d51-cd582623e43b;372.5;0.5;UNKNOWN
2016-02-02T01:17:51.000000;2016-02-02T01:17:51.000000;faa510e6-1b6b-4a53-886e-00a0abbf4bd0;372.52;6.6903;UNKNOWN
2016-02-02T01:17:51.000000;2016-02-02T01:17:51.000000;6b2e99ee-550b-4b68-b212-da4fbf126c88;372.51;3.0;UNKNOWN
2016-02-02T01:18:36.000000;2016-02-02T01:18:36.000000;ece7fe6d-cbf9-45e9-9432-55ea621bc3e4;372.55;0.1;UNKNOWN
2016-02-02T01:18:36.000000;2016-02-02T01:18:36.000000;6d556336-c5f3-46ee-a312-ee528516a4fd;372.55;0.1;UNKNOWN
2016-02-02T01:19:39.000000;2016-02-02T01:19:39.000000;53bf9005-b707-4ecc-9614-03eba928e61b;372.56;0.1;UNKNOWN
2016-02-02T01:20:05.000000;2016-02-02T01:20:05.000000;ccbedb37-0bc8-4da4-bfc2-ff5ae11dba6e;372.68;2.40789791;UNKNOWN
2016-02-02T01:20:34.000000;2016-02-02T01:20:34.000000;24979552-d138-43f5-aa04-f9b38f6eac08;372.69;0.1;UNKNOWN
2016-02-02T01:20:34.000000;2016-02-02T01:20:34.000000;6fd16496-7bf8-41f9-b052-4b902bc30d40;372.69;0.9;UNKNOWN
2016-02-02T01:21:05.000000;2016-02-02T01:21:05.000000;5e2fda99-a954-4f1f-8ea8-3671b02f192d;372.68;0.05030548;UNKNOWN
2016-02-02T01:22:23.000000;2016-02-02T01:22:23.000000;07f74de0-327d-4865-974c-b924c92e1903;372.71;6.6504;UNKNOWN
2016-02-02T01:22:23.000000;2016-02-02T01:22:23.000000;2b16ca65-5e31-48e0-acb4-1326e2135032;372.72;0.8216;UNKNOWN
2016-02-02T01:22:23.000000;2016-02-02T01:22:23.000000;849cf3df-1a3f-436d-9ff8-1ba6d5950e2e;372.71;1.43;UNKNOWN
2016-02-02T01:24:05.000000;2016-02-02T01:24:05.000000;22874461-4af9-41c5-a8d3-17b4ec3be04e;372.68;0.26548438;UNKNOWN
2016-02-02T01:24:06.000000;2016-02-02T01:24:06.000000;a473d7a0-eb9b-4294-bef0-c4f0c75e1c6c;372.68;6.17631223;UNKNOWN
2016-02-02T01:24:06.000000;2016-02-02T01:24:06.000000;cae96303-93a1-4d0c-9b16-de076b91000f;371.94;3.82368777;UNKNOWN
2016-02-02T01:24:16.000000;2016-02-02T01:24:16.000000;4edbb64e-f277-429a-a7a6-9a0258161a04;372.23;0.01064007;UNKNOWN
2016-02-02T01:25:06.000000;2016-02-02T01:25:06.000000;1be6bd61-bb18-4dab-a58f-7d0b7a8c04fa;372.4;4.13109399;UNKNOWN
2016-02-02T01:25:08.000000;2016-02-02T01:25:08.000000;57698bfe-82aa-467e-a7a4-9c17d5a82771;372.52;0.30139833;UNKNOWN
2016-02-02T01:25:13.000000;2016-02-02T01:25:13.000000;96e1bd9a-e685-4a54-b744-0b34c05cf251;372.51;1.0;UNKNOWN
2016-02-02T01:26:05.000000;2016-02-02T01:26:05.000000;5b092745-d2d6-430f-8a55-e9295fc69619;371.91;1.09413025;UNKNOWN
2016-02-02T01:26:05.000000;2016-02-02T01:26:05.000000;de5d4b7c-01e0-4584-8642-33338dc40d44;372.39;0.7;UNKNOWN
2016-02-02T01:26:30.000000;2016-02-02T01:26:30.000000;e29a39f1-7420-41ea-bc6a-5b1c9c3daa0d;372.29;6.6;UNKNOWN
2016-02-02T01:27:14.000000;2016-02-02T01:27:14.000000;38b23667-1251-4885-89d6-0ff09606be0c;372.27;0.01020195;UNKNOWN
2016-02-02T01:28:07.000000;2016-02-02T01:28:07.000000;86a351e0-e1ef-49e6-9fd8-d6d38c9b7229;372.18;0.01017446;UNKNOWN
2016-02-02T01:28:32.000000;2016-02-02T01:28:32.000000;029098a2-0850-4c88-beb4-35b60a05d0fc;372.0;0.26571717;UNKNOWN
2016-02-02T01:28:52.000000;2016-02-02T01:28:52.000000;92dce148-0d7f-4a07-8f99-aa71acdb3396;372.21;1.0;UNKNOWN
2016-02-02T01:29:08.000000;2016-02-02T01:29:08.000000;92127def-39e4-49f8-bb00-18a97f478278;372.32;1.0;UNKNOWN
2016-02-02T01:30:05.000000;2016-02-02T01:30:05.000000;528804c6-b579-4d30-b22a-e281a19c7a92;371.79;2.2;UNKNOWN
2016-02-02T01:30:05.000000;2016-02-02T01:30:05.000000;f34ea993-b09d-4d5f-980a-b8851f1adce5;372.27;0.7;UNKNOWN
2016-02-02T01:30:05.000000;2016-02-02T01:30:05.000000;8351e847-1a1b-48c6-8750-ddbdabda5258;371.9;0.1;UNKNOWN
2016-02-02T01:30:30.000000;2016-02-02T01:30:30.000000;577bb757-3a81-4022-8d5b-4e264f2d415b;371.89;0.07;UNKNOWN
2016-02-02T01:31:21.000000;2016-02-02T01:31:21.000000;6348ec4a-b588-4b93-a758-b71394938a64;372.55;1.0;UNKNOWN
2016-02-02T01:32:01.000000;2016-02-02T01:32:01.000000;acecf3bf-d47a-4b43-b29c-4425441fafb3;372.6;3.0;UNKNOWN
2016-02-02T01:32:01.000000;2016-02-02T01:32:01.000000;55859eed-6a9a-4827-8b62-010a664a762a;372.53;6.6579;UNKNOWN
2016-02-02T01:32:01.000000;2016-02-02T01:32:01.000000;b5fb217e-629f-4345-bac4-bc4736e2f230;372.6;6.0;UNKNOWN
2016-02-02T01:32:01.000000;2016-02-02T01:32:01.000000;c98c0f49-2fd9-4fbb-811f-e24114487617;372.61;13.8421;UNKNOWN
2016-02-02T01:32:01.000000;2016-02-02T01:32:01.000000;d264c8ca-0a35-4ace-ab3f-c32c28545b15;372.6;0.5;UNKNOWN
2016-02-02T01:32:05.000000;2016-02-02T01:32:05.000000;40a691dc-7c31-40b4-9e50-113f173ce4d0;371.88;6.5;UNKNOWN
2016-02-02T01:32:05.000000;2016-02-02T01:32:05.000000;84ad97b5-11e9-467a-9afa-5ecca93dd207;372.36;3.0;UNKNOWN
2016-02-02T01:32:05.000000;2016-02-02T01:32:05.000000;8e7fe7b9-3d2e-490b-a37d-f81ffd7a32d1;372.36;0.5;UNKNOWN
2016-02-02T01:32:06.000000;2016-02-02T01:32:06.000000;973934d2-caec-4ac7-9deb-de476a3d4cf6;371.89;9.0;UNKNOWN
2016-02-02T01:33:06.000000;2016-02-02T01:33:06.000000;49273de2-aac0-4c55-9cd8-3504357949f0;372.21;0.52142585;UNKNOWN
2016-02-02T01:33:06.000000;2016-02-02T01:33:06.000000;b8ac7e57-59f2-417f-a216-403a4bd5e21c;372.21;1.0;UNKNOWN
2016-02-02T01:33:06.000000;2016-02-02T01:33:06.000000;cc28576f-e620-4af2-8706-7e0ec63116fc;372.21;1.47857415;UNKNOWN
2016-02-02T01:33:15.000000;2016-02-02T01:33:15.000000;b422bad9-d17a-40b0-ab7b-fb83814bf15b;372.21;6.27500562;UNKNOWN
2016-02-02T01:33:15.000000;2016-02-02T01:33:15.000000;5f5cd37f-5b70-405e-bba0-d8dbc0234bbf;372.21;2.22571011;UNKNOWN
2016-02-02T01:33:15.000000;2016-02-02T01:33:15.000000;7f6ad07b-efda-4fed-8c2a-6be58f0c228a;372.21;1.82997766;UNKNOWN
2016-02-02T01:33:15.000000;2016-02-02T01:33:15.000000;64043078-fa69-4d06-a381-a9234a17b994;372.21;1.86323518;UNKNOWN
2016-02-02T01:33:15.000000;2016-02-02T01:33:15.000000;1d49d15c-3dec-403c-98a8-7629ff089f15;372.21;0.35608267;UNKNOWN
2016-02-02T01:33:25.000000;2016-02-02T01:33:25.000000;5675986c-1d88-4034-98bc-a398624486a1;372.21;6.0;UNKNOWN
2016-02-02T01:33:31.000000;2016-02-02T01:33:31.000000;f766b0b0-e9f7-4ca4-a471-28b53daf091d;371.76;0.07;UNKNOWN
2016-02-02T01:33:32.000000;2016-02-02T01:33:32.000000;eac08dcd-1e4b-445b-ac89-09aab338d864;371.76;0.25;UNKNOWN
2016-02-02T01:33:38.000000;2016-02-02T01:33:38.000000;bccb2cb5-4650-486b-8080-2a32b07d36c5;371.76;0.07;UNKNOWN
2016-02-02T01:33:40.000000;2016-02-02T01:33:40.000000;eb6ea299-e4cb-4b6d-8ae9-93c1972b8c7f;372.18;1.0;UNKNOWN
2016-02-02T01:34:11.000000;2016-02-02T01:34:11.000000;5466a6df-7d2a-4301-9409-296496fa87d2;371.83;0.5;UNKNOWN
2016-02-02T01:35:24.000000;2016-02-02T01:35:24.000000;652866c3-e869-4887-8028-46880ef98291;371.87;0.5;UNKNOWN
2016-02-02T01:35:24.000000;2016-02-02T01:35:24.000000;403d622a-07ec-4442-b05c-1855d0f2f1bf;371.86;4.598;UNKNOWN
2016-02-02T01:35:58.000000;2016-02-02T01:35:58.000000;a234133f-b2a6-4a3c-b79d-26f95666d32c;371.88;0.77898505;UNKNOWN
2016-02-02T01:35:58.000000;2016-02-02T01:35:58.000000;faed457c-6ee3-4c56-8628-38116076a2c0;371.88;0.31501495;UNKNOWN
2016-02-02T01:36:04.000000;2016-02-02T01:36:04.000000;97762d45-e39b-4bd0-93af-909509ff2791;371.88;0.05;UNKNOWN
2016-02-02T01:36:25.000000;2016-02-02T01:36:25.000000;e3384a77-b7e0-459c-90b3-8bbdd05ed6a5;371.9;0.98416548;UNKNOWN
2016-02-02T01:36:25.000000;2016-02-02T01:36:25.000000;d16ed007-85d0-4e7c-bf82-3c4d8f97df0d;371.9;0.19188085;UNKNOWN
2016-02-02T01:36:58.000000;2016-02-02T01:36:58.000000;58044fca-5721-486e-b5fe-89069c6ab6d1;372.34;0.05;UNKNOWN
2016-02-02T01:37:18.000000;2016-02-02T01:37:18.000000;d0a2e587-bd77-4348-a3ef-ba3ed4ea2f7c;372.38;0.027;UNKNOWN
2016-02-02T01:37:41.000000;2016-02-02T01:37:41.000000;338465b2-d915-41c4-a034-3494875dc0f7;372.68;0.02;UNKNOWN
2016-02-02T01:37:41.000000;2016-02-02T01:37:41.000000;54cbe253-783a-490b-992e-5b351926dfe2;372.68;1.0;UNKNOWN
2016-02-02T01:38:05.000000;2016-02-02T01:38:05.000000;86757802-b1ca-46bd-8c88-4e86b14a5f4b;372.69;1.0;UNKNOWN
2016-02-02T01:39:05.000000;2016-02-02T01:39:05.000000;838a30c7-6c88-4e9e-b7b0-25cda6ec760e;372.01;6.6623;UNKNOWN
2016-02-02T01:39:05.000000;2016-02-02T01:39:05.000000;2d33cb31-d466-444f-9435-0ef448fd3813;372.0;3.3377;UNKNOWN
2016-02-02T01:39:52.000000;2016-02-02T01:39:52.000000;adb66b54-d8ae-412d-9472-c82d4e9c82a6;372.28;1.0;UNKNOWN
2016-02-02T01:40:05.000000;2016-02-02T01:40:05.000000;6da35ecb-5405-455d-abad-df5abd452def;372.51;0.5;UNKNOWN
2016-02-02T01:40:05.000000;2016-02-02T01:40:05.000000;08eab8d7-cfc3-41fe-a0f6-d640257ec8da;372.52;6.58382102;UNKNOWN
2016-02-02T01:40:05.000000;2016-02-02T01:40:05.000000;20e4f171-afc8-4dc5-8ac4-1da96544f2a3;372.51;3.0;UNKNOWN
2016-02-02T01:40:14.000000;2016-02-02T01:40:14.000000;20188bed-6168-4e38-b9c0-f92d5da01251;372.52;1.0;UNKNOWN
2016-02-02T01:40:15.000000;2016-02-02T01:40:15.000000;955ce9dc-8c8f-4f83-a9ac-5de379cd1c17;372.52;1.0;UNKNOWN
2016-02-02T01:42:06.000000;2016-02-02T01:42:06.000000;659a8550-5432-4323-bca2-e1d918155a0c;372.61;3.3608;UNKNOWN
2016-02-02T01:42:06.000000;2016-02-02T01:42:06.000000;9da2df3c-b211-4a29-971d-668feb193b29;372.6;6.6392;UNKNOWN
2016-02-02T01:44:11.000000;2016-02-02T01:44:11.000000;c73a9a93-77bf-4743-8b5b-05cbd0d97fb7;372.32;0.1998;UNKNOWN
2016-02-02T01:44:22.000000;2016-02-02T01:44:22.000000;03796a7a-6be8-4dda-b32c-024d878d7b55;372.37;0.09953249;UNKNOWN
2016-02-02T01:45:07.000000;2016-02-02T01:45:07.000000;2db1e783-fbdc-4d72-ac16-70928bac25f2;372.38;3.97079086;UNKNOWN
2016-02-02T01:45:10.000000;2016-02-02T01:45:10.000000;12eeda25-4fff-4ba7-8037-7f0eda96f125;372.39;8.0;UNKNOWN
2016-02-02T01:45:12.000000;2016-02-02T01:45:12.000000;4488a008-e6e0-42e6-bd14-6f01006d57a5;372.38;4.43623329;UNKNOWN
2016-02-02T01:46:05.000000;2016-02-02T01:46:05.000000;916e335e-4d1c-4049-b74b-3b894a0b9dcc;372.54;1.0;UNKNOWN
2016-02-02T01:46:06.000000;2016-02-02T01:46:06.000000;eea13bc6-c15e-4e60-ba0c-c1caaa9ae596;372.38;0.16;UNKNOWN
2016-02-02T01:46:07.000000;2016-02-02T01:46:07.000000;366b292d-0a0e-4763-bec2-811a2f9f55a2;372.54;0.701;UNKNOWN
2016-02-02T01:47:05.000000;2016-02-02T01:47:05.000000;2e9819e8-a8e0-4ef2-9c10-2a617ecc0e7a;372.47;0.13236968;UNKNOWN
2016-02-02T01:47:07.000000;2016-02-02T01:47:07.000000;6011b632-27f5-4026-bcca-deaee90a715a;372.46;3.97229562;UNKNOWN
2016-02-02T01:48:09.000000;2016-02-02T01:48:09.000000;c84a7c40-0097-4131-9590-86ac07279ec2;372.12;0.29800337;UNKNOWN
2016-02-02T01:48:09.000000;2016-02-02T01:48:09.000000;098a07a2-bfe3-4679-b7a2-2e1ef576f000;372.12;6.6093;UNKNOWN
2016-02-02T01:48:09.000000;2016-02-02T01:48:09.000000;e85d3a2d-834f-4438-b33e-246678f4afa2;372.12;3.09269663;UNKNOWN
2016-02-02T01:49:01.000000;2016-02-02T01:49:01.000000;6dd13c74-14fa-4353-8a49-92ef5a985ad5;372.21;1.0;UNKNOWN
2016-02-02T01:49:01.000000;2016-02-02T01:49:01.000000;a6e747a4-776b-42bd-a9c5-17113f0a359a;372.21;1.0;UNKNOWN
2016-02-02T01:49:01.000000;2016-02-02T01:49:01.000000;0717437b-8512-4c68-a8b0-9fa309b00e5b;372.21;0.879003;UNKNOWN
2016-02-02T01:49:01.000000;2016-02-02T01:49:01.000000;5768bdcd-1218-438b-9a26-02b544f909b8;372.21;1.0;UNKNOWN
2016-02-02T01:49:31.000000;2016-02-02T01:49:31.000000;f2a639d0-70c3-4ae1-83e5-d809007e8525;372.18;0.5;UNKNOWN
2016-02-02T01:49:31.000000;2016-02-02T01:49:31.000000;8ddbf822-439d-4b19-9387-0571b4c72064;372.19;0.5;UNKNOWN
2016-02-02T01:49:57.000000;2016-02-02T01:49:57.000000;eb1707d2-c1f6-4981-8429-bcfa57d8332b;372.06;0.01030909;UNKNOWN
2016-02-02T01:50:10.000000;2016-02-02T01:50:10.000000;f63ad07a-4e3b-4119-8028-84cee80046e2;372.05;1.0;UNKNOWN
2016-02-02T01:50:13.000000;2016-02-02T01:50:13.000000;51ad23b5-702a-4ca0-8211-8bd1af298e84;372.03;0.01004767;UNKNOWN
2016-02-02T01:51:16.000000;2016-02-02T01:51:16.000000;b454ef9e-8cae-477c-9508-5e5685a9ddee;372.03;0.05;UNKNOWN
2016-02-02T01:51:28.000000;2016-02-02T01:51:28.000000;660c0891-52be-4c66-94e8-0feacf1eeed4;372.05;1.0;UNKNOWN
2016-02-02T01:51:30.000000;2016-02-02T01:51:30.000000;dd481731-ebc9-4618-880e-7d15345f58fa;372.05;1.0;UNKNOWN
2016-02-02T01:53:03.000000;2016-02-02T01:53:03.000000;ece964c2-8bc5-47c6-b688-510982c9444f;372.05;3.0;UNKNOWN
2016-02-02T01:53:15.000000;2016-02-02T01:53:15.000000;07f1bd52-a190-45e7-a6a3-ea1d510e6f3b;372.05;0.95;UNKNOWN
2016-02-02T01:53:57.000000;2016-02-02T01:53:57.000000;8479b898-67ec-489d-b697-0f7b5170482a;372.05;1.0;UNKNOWN
2016-02-02T01:54:00.000000;2016-02-02T01:54:00.000000;bb35a85c-6ff3-4b8b-bc78-6d97f124601e;372.05;1.0;UNKNOWN
2016-02-02T01:54:02.000000;2016-02-02T01:54:02.000000;fb8bfc8a-7b6c-4e7d-8150-b284411de113;372.05;1.0;UNKNOWN
2016-02-02T01:55:04.000000;2016-02-02T01:55:04.000000;12f2b4ae-99ef-474f-b82b-2f4881d9b07f;372.04;1.0;UNKNOWN
2016-02-02T01:55:04.000000;2016-02-02T01:55:04.000000;36ef7acd-773b-453a-b5c0-ffdc0a534653;372.04;1.0;UNKNOWN
2016-02-02T01:55:05.000000;2016-02-02T01:55:05.000000;32c56eca-bfd7-4fea-a463-578fc4dafce1;372.05;3.3755;UNKNOWN
2016-02-02T01:55:05.000000;2016-02-02T01:55:05.000000;9786496c-63d4-46b0-9b00-f0cc0385cbcf;372.04;6.6245;UNKNOWN
2016-02-02T01:57:52.000000;2016-02-02T01:57:52.000000;2dac8e40-2887-4804-ace1-2e9c21d4f02c;372.04;5.10894212;UNKNOWN
2016-02-02T01:57:52.000000;2016-02-02T01:57:52.000000;a42a80af-ef76-42b6-a243-3d8de51a83a4;372.04;0.53595789;UNKNOWN
2016-02-02T01:57:52.000000;2016-02-02T01:57:52.000000;bbcf18ff-ecc0-4e68-942e-270ab7a779da;372.04;1.06099999;UNKNOWN
2016-02-02T01:59:44.000000;2016-02-02T01:59:44.000000;b760da84-2939-4b9e-bb00-d1d7a58068ff;372.03;1.0;UNKNOWN
2016-02-02T02:00:06.000000;2016-02-02T02:00:06.000000;a16993bb-061c-4fde-83d8-edee7970a4a3;372.02;4.02269948;UNKNOWN
2016-02-02T02:00:06.000000;2016-02-02T02:00:06.000000;1bfda3bc-3b60-4764-8df6-dcbb7caa1094;372.02;0.18295359;UNKNOWN
2016-02-02T02:00:08.000000;2016-02-02T02:00:08.000000;1b119d13-91ff-4583-b913-522785b01d1e;372.02;0.00450242;UNKNOWN
2016-02-02T02:00:32.000000;2016-02-02T02:00:32.000000;3c046eac-6e77-428d-beb8-f2a89891dacb;372.02;2.01803857;UNKNOWN
2016-02-02T02:01:38.000000;2016-02-02T02:01:38.000000;659ae21c-f994-4400-a2ea-0619ed20988d;372.03;2.69;UNKNOWN
2016-02-02T02:01:40.000000;2016-02-02T02:01:40.000000;7bab90f6-c080-406e-99ea-1cf1570f5c7b;372.02;0.1;UNKNOWN
2016-02-02T02:01:48.000000;2016-02-02T02:01:48.000000;f2f8ce0b-fda5-4de1-9f70-28ebb8f91a50;372.04;1.0;UNKNOWN
2016-02-02T02:01:50.000000;2016-02-02T02:01:50.000000;fa31c3ee-c8d4-4972-ad00-271cc85cc37b;372.04;1.0;UNKNOWN
2016-02-02T02:01:52.000000;2016-02-02T02:01:52.000000;66b0ab20-1b5d-4cb5-9a9c-e4565b8878b1;372.03;6.7105;UNKNOWN
2016-02-02T02:04:13.000000;2016-02-02T02:04:13.000000;9547a5d7-23e3-462b-8ae8-6282ea8ed2de;372.03;1.0;UNKNOWN
2016-02-02T02:04:22.000000;2016-02-02T02:04:22.000000;5fc587ce-fe87-4e6c-9cc4-42cd11cce437;372.03;1.0;UNKNOWN
2016-02-02T02:04:37.000000;2016-02-02T02:04:37.000000;5ea97c26-febb-40cc-8f0b-0cd486616030;372.03;1.0;UNKNOWN
2016-02-02T02:05:06.000000;2016-02-02T02:05:06.000000;ce5f78ce-0d9d-487d-b37d-4da6fdbef8c7;372.03;1.0;UNKNOWN
2016-02-02T02:05:47.000000;2016-02-02T02:05:47.000000;73bfbf4f-6b0e-4124-8f71-e3d0783c8636;372.03;1.0;UNKNOWN
2016-02-02T02:06:05.000000;2016-02-02T02:06:05.000000;53a34add-02e4-4431-8ac9-145e90973dd9;372.02;0.13524783;UNKNOWN
2016-02-02T02:06:05.000000;2016-02-02T02:06:05.000000;7a185cd4-379f-4e93-96e7-ddeda811e3e3;372.02;0.13083665;UNKNOWN
2016-02-02T02:06:06.000000;2016-02-02T02:06:06.000000;168dc49f-434c-4f9a-9b6c-f90bb36603e1;372.03;2.0;UNKNOWN
2016-02-02T02:06:08.000000;2016-02-02T02:06:08.000000;fa4f0a7a-d07e-4d8f-acd3-10bd7b0ad0ff;372.03;0.02623226;UNKNOWN
2016-02-02T02:06:10.000000;2016-02-02T02:06:10.000000;9828543a-92aa-4b40-b8f8-152e891d90b4;372.03;1.0;UNKNOWN
2016-02-02T02:07:13.000000;2016-02-02T02:07:13.000000;a41781d7-2e74-469d-9762-cbfc66d31ed4;372.03;0.26326774;UNKNOWN
2016-02-02T02:07:45.000000;2016-02-02T02:07:45.000000;079a7768-1a84-4b11-8043-81de8f605197;372.04;1.98;UNKNOWN
2016-02-02T02:09:04.000000;2016-02-02T02:09:04.000000;0cd5f219-1ac2-4844-91b1-b6cd7316762c;372.04;0.737;UNKNOWN
2016-02-02T02:09:05.000000;2016-02-02T02:09:05.000000;038167c9-2571-4506-9013-124eae188f75;372.03;0.42;UNKNOWN
2016-02-02T02:09:45.000000;2016-02-02T02:09:45.000000;e598532f-01fd-4472-bc00-d3f6da0d5ed3;372.03;1.0;UNKNOWN
2016-02-02T02:09:45.000000;2016-02-02T02:09:45.000000;3791fb3e-97bf-4926-bfe0-8cbb2d9def2c;372.03;0.11864084;UNKNOWN
2016-02-02T02:09:45.000000;2016-02-02T02:09:45.000000;4be6c09d-43b2-4aed-a109-fb86396960b9;372.03;0.94994061;UNKNOWN
2016-02-02T02:09:45.000000;2016-02-02T02:09:45.000000;dc9ef101-1412-4404-885a-fe34f3e6df4f;372.03;7.95256786;UNKNOWN
2016-02-02T02:09:45.000000;2016-02-02T02:09:45.000000;5b9b667b-c55e-45af-8e25-7ae603bfae2e;372.03;0.2922764;UNKNOWN
2016-02-02T02:09:45.000000;2016-02-02T02:09:45.000000;eb9834d9-88bc-453b-85c9-c41e6a9b165e;372.03;27.5;UNKNOWN
2016-02-02T02:09:45.000000;2016-02-02T02:09:45.000000;f29c6994-09a2-4c0d-89c2-00071ed4cb19;372.03;0.13521126;UNKNOWN
2016-02-02T02:09:45.000000;2016-02-02T02:09:45.000000;30bcdf05-a2e8-45d0-819c-8a5c6aa2cea6;372.03;1.78108974;UNKNOWN
2016-02-02T02:09:45.000000;2016-02-02T02:09:45.000000;1f67bb86-ed0b-4d7c-b7c5-b8f251685b26;372.03;0.13514121;UNKNOWN
2016-02-02T02:09:45.000000;2016-02-02T02:09:45.000000;846a9614-d59b-48a9-9981-058097909b6f;372.03;0.13513208;UNKNOWN
2016-02-02T02:10:13.000000;2016-02-02T02:10:13.000000;e524d247-5de7-4d06-b4bf-438a4582f747;372.02;0.09312721;UNKNOWN
2016-02-02T02:11:05.000000;2016-02-02T02:11:05.000000;2d210b76-4144-4be0-aeb9-c3ac2ef249b0;372.02;0.77462721;UNKNOWN
2016-02-02T02:11:05.000000;2016-02-02T02:11:05.000000;eb841445-c765-4cb6-95c8-bbb44c727a2a;372.02;0.90687279;UNKNOWN
2016-02-02T02:11:39.000000;2016-02-02T02:11:39.000000;276b278a-a04d-4f63-aac0-04ac68a0fd73;372.03;0.225;UNKNOWN
2016-02-02T02:12:05.000000;2016-02-02T02:12:05.000000;515b171c-a9a4-495e-8cab-9ba53a0b7485;371.9;4.18902313;UNKNOWN
2016-02-02T02:12:05.000000;2016-02-02T02:12:05.000000;9a2d0d94-d673-4ab0-91f3-7dfd2d90fa30;372.01;0.01031438;UNKNOWN
2016-02-02T02:12:06.000000;2016-02-02T02:12:06.000000;6f44760d-fa55-4619-81cc-dd7d0159d30b;372.03;0.38536303;UNKNOWN
2016-02-02T02:12:32.000000;2016-02-02T02:12:32.000000;9a917109-f4ef-4f84-b2b1-e1dd5044e5b2;372.01;0.8;UNKNOWN
2016-02-02T02:12:40.000000;2016-02-02T02:12:40.000000;786042d3-23bc-486d-be45-55fd2c5ca5de;371.92;0.01012922;UNKNOWN
2016-02-02T02:12:46.000000;2016-02-02T02:12:46.000000;d8c4eff6-c01b-430a-ab9d-904749b7a137;371.92;1.0;UNKNOWN
2016-02-02T02:13:57.000000;2016-02-02T02:13:57.000000;9116ae01-87ef-4a08-8c0b-e060a04ca493;371.9;0.75;UNKNOWN
2016-02-02T02:14:23.000000;2016-02-02T02:14:23.000000;05f3268d-1d6c-42dc-b683-887be4bcaf50;371.9;0.09689711;UNKNOWN
2016-02-02T02:15:28.000000;2016-02-02T02:15:28.000000;589b3056-3a37-42f8-89e8-447bea728e6c;371.9;4.96407976;UNKNOWN
2016-02-02T02:15:34.000000;2016-02-02T02:15:34.000000;c1d1e1db-16fc-4c9a-83f6-17eec7372b53;371.7;0.01;UNKNOWN
2016-02-02T02:15:34.000000;2016-02-02T02:15:34.000000;9f50e0da-2f64-41e6-92ef-881683337582;371.6;0.01;UNKNOWN
2016-02-02T02:15:34.000000;2016-02-02T02:15:34.000000;7f6f243e-6fe2-4e1d-bd72-c88f6f4dc5f2;371.71;0.0749;UNKNOWN
2016-02-02T02:15:38.000000;2016-02-02T02:15:38.000000;563883c4-28a9-4216-b6b7-b8f02a1017da;371.53;0.01146424;UNKNOWN
2016-02-02T02:15:44.000000;2016-02-02T02:15:44.000000;e344482b-5366-434e-8a18-2ba7241dac3d;371.53;0.01088746;UNKNOWN
2016-02-02T02:15:46.000000;2016-02-02T02:15:46.000000;8a6a60e4-40a0-4c79-856c-5e2f24cc82d5;371.53;0.01035349;UNKNOWN
2016-02-02T02:16:13.000000;2016-02-02T02:16:13.000000;85d82a23-4e37-43c5-8302-b4232875f508;371.52;0.9763162;UNKNOWN
2016-02-02T02:16:13.000000;2016-02-02T02:16:13.000000;56ba02a4-21b4-4606-bb44-fe19a5b0d008;371.52;0.1;UNKNOWN
2016-02-02T02:16:21.000000;2016-02-02T02:16:21.000000;0dbace69-2936-4fdd-85e0-84084639d2c3;371.52;0.0236838;UNKNOWN
2016-02-02T02:16:21.000000;2016-02-02T02:16:21.000000;6ad8d6c7-2832-4acf-99b1-744fc3f4cfd9;371.52;1.0;UNKNOWN
2016-02-02T02:16:21.000000;2016-02-02T02:16:21.000000;4974aa81-40f2-4f02-a237-cba15a84e422;371.52;11.6316;UNKNOWN
2016-02-02T02:16:21.000000;2016-02-02T02:16:21.000000;53c4010a-f40e-4878-93ff-dd7759ec4503;371.52;1.0;UNKNOWN
2016-02-02T02:16:21.000000;2016-02-02T02:16:21.000000;dae5d4bc-fc90-47c5-9bad-3aef3694eba3;371.52;1.0;UNKNOWN
2016-02-02T02:17:46.000000;2016-02-02T02:17:46.000000;a3fccf57-99db-4f76-8f40-f8f5fda5ee39;371.51;6.6982;UNKNOWN
2016-02-02T02:17:46.000000;2016-02-02T02:17:46.000000;dbb048ef-113f-4501-9e5d-4cbd0aed662f;371.52;0.4171;UNKNOWN
2016-02-02T02:17:48.000000;2016-02-02T02:17:48.000000;345e777a-dee5-423d-8e70-b0f4d53734c5;371.5;0.01;UNKNOWN
2016-02-02T02:17:48.000000;2016-02-02T02:17:48.000000;355e2337-bb4b-4308-a226-eb7f8f17227c;371.5;0.07239481;UNKNOWN
2016-02-02T02:17:51.000000;2016-02-02T02:17:51.000000;20ab85c6-85bf-41cf-b0e1-d1d80bb3fd41;371.52;6.99861256;UNKNOWN
2016-02-02T02:17:57.000000;2016-02-02T02:17:57.000000;058cb69e-3baa-4f3f-a847-b30f394ffc3a;371.86;1.0;UNKNOWN
2016-02-02T02:18:00.000000;2016-02-02T02:18:00.000000;5ccd9263-e639-44ea-9f9d-10805ce669a2;371.86;1.0;UNKNOWN
2016-02-02T02:18:00.000000;2016-02-02T02:18:00.000000;537448db-ff3d-4ef3-93cc-a3b9e784ba65;371.86;0.53;UNKNOWN
2016-02-02T02:18:04.000000;2016-02-02T02:18:04.000000;32dfc704-86f8-40dc-80ea-042cc41d9fb9;371.85;0.928;UNKNOWN
2016-02-02T02:18:09.000000;2016-02-02T02:18:09.000000;f417e287-b64e-4a28-8f94-3ef200f155b8;371.85;0.02;UNKNOWN
2016-02-02T02:18:42.000000;2016-02-02T02:18:42.000000;55406544-e1d6-4b3c-8650-fc9cec76aa57;371.71;0.02;UNKNOWN
2016-02-02T02:19:26.000000;2016-02-02T02:19:26.000000;4055aee4-ecf0-4c20-a840-5ac9fe719768;371.3;0.01;UNKNOWN
2016-02-02T02:19:26.000000;2016-02-02T02:19:26.000000;f81f1dd3-b508-4bca-9787-426ce83fcd85;371.03;0.044;UNKNOWN
2016-02-02T02:19:26.000000;2016-02-02T02:19:26.000000;b6bf1be3-be40-4395-828e-948a9b0417f1;371.1;0.01;UNKNOWN
2016-02-02T02:19:26.000000;2016-02-02T02:19:26.000000;518eb719-6f81-4430-a30f-ea2405147205;371.2;0.01;UNKNOWN
2016-02-02T02:19:26.000000;2016-02-02T02:19:26.000000;51eb04a4-5f5a-4894-b504-b1ac7cadb6e3;371.4;0.01;UNKNOWN
2016-02-02T02:19:26.000000;2016-02-02T02:19:26.000000;3e756bc3-74b9-45a5-9d8c-34615aafed3c;370.9;0.01;UNKNOWN
2016-02-02T02:19:26.000000;2016-02-02T02:19:26.000000;47cb0b45-e953-4629-bcca-bdb82904523c;370.89;0.346;UNKNOWN
2016-02-02T02:19:26.000000;2016-02-02T02:19:26.000000;a63f032c-05d2-47f6-a528-c55c83c048e0;371.08;0.05;UNKNOWN
2016-02-02T02:19:26.000000;2016-02-02T02:19:26.000000;20707ef7-1ece-4a04-a667-0d17963e93fc;371.0;0.01;UNKNOWN
2016-02-02T02:19:26.000000;2016-02-02T02:19:26.000000;071bd3bd-e933-463c-891c-ba72d470852f;371.43;0.01013584;UNKNOWN
2016-02-02T02:19:28.000000;2016-02-02T02:19:28.000000;32ae8a86-bdeb-435e-924b-134e0a14830a;370.86;4.0;UNKNOWN
2016-02-02T02:19:31.000000;2016-02-02T02:19:31.000000;167d90ba-e18e-41ac-8a28-1c9079d77232;371.39;0.02;UNKNOWN
2016-02-02T02:19:44.000000;2016-02-02T02:19:44.000000;57c39bf9-244a-4063-910d-cd839bfcace0;371.33;0.0100459;UNKNOWN
2016-02-02T02:20:05.000000;2016-02-02T02:20:05.000000;c3728068-357f-4396-800a-9eb74e242af4;371.3;0.2;UNKNOWN
2016-02-02T02:21:00.000000;2016-02-02T02:21:00.000000;2b7a3f35-fa62-4f32-adc1-7727a5871c9e;371.38;0.1;UNKNOWN
2016-02-02T02:21:23.000000;2016-02-02T02:21:23.000000;d19f0635-9182-4dfa-8342-29ffac90b5d0;371.73;0.9;UNKNOWN
2016-02-02T02:24:05.000000;2016-02-02T02:24:05.000000;a67cae17-a355-452e-a59d-17d7dc76627c;371.29;1.2;UNKNOWN
2016-02-02T02:24:06.000000;2016-02-02T02:24:06.000000;5fa26f1c-9901-4857-b036-96aab6eb6ed6;371.28;0.04191347;UNKNOWN
2016-02-02T02:26:05.000000;2016-02-02T02:26:05.000000;ba807612-1f06-4265-a272-0bbb61d5c10f;371.56;0.05;UNKNOWN
2016-02-02T02:26:05.000000;2016-02-02T02:26:05.000000;c33b0b98-028f-4da8-ad8d-d43b9f78ec86;371.56;0.05;UNKNOWN
2016-02-02T02:26:05.000000;2016-02-02T02:26:05.000000;8a679c63-897a-452e-8a43-e6d7bc840076;371.47;3.0;UNKNOWN
2016-02-02T02:26:05.000000;2016-02-02T02:26:05.000000;da4e6d68-77fa-4a93-9273-2d1b991d6db7;371.47;0.5;UNKNOWN
2016-02-02T02:27:43.000000;2016-02-02T02:27:43.000000;5bf02001-52ee-4707-95d2-577a64e30219;371.66;0.05;UNKNOWN
2016-02-02T02:27:46.000000;2016-02-02T02:27:46.000000;0e9d8f9e-e813-48c6-a23d-f0641d85c039;371.66;0.05;UNKNOWN
2016-02-02T02:28:24.000000;2016-02-02T02:28:24.000000;fd44acaf-71a1-490e-968e-d5802550b803;371.44;1.0;UNKNOWN
2016-02-02T02:28:32.000000;2016-02-02T02:28:32.000000;ff835039-5558-4cf2-9251-fd07a595cf06;371.43;1.0;UNKNOWN
2016-02-02T02:29:05.000000;2016-02-02T02:29:05.000000;c0ae68d0-b505-4579-b617-77b7a07f575e;371.28;0.00808653;UNKNOWN
2016-02-02T02:29:05.000000;2016-02-02T02:29:05.000000;49219135-0e23-4eab-a2cc-ec457d4e1c20;371.11;0.13046572;UNKNOWN
2016-02-02T02:29:05.000000;2016-02-02T02:29:05.000000;84b6811e-ebff-4795-9bdd-0165327da159;371.37;0.06144775;UNKNOWN
2016-02-02T02:29:05.000000;2016-02-02T02:29:05.000000;165bb02f-ac75-478f-9889-5d77623f3144;371.42;1.0;UNKNOWN
2016-02-02T02:29:11.000000;2016-02-02T02:29:11.000000;f6dcb94e-76a9-4532-bdee-edd603eb8e51;371.4;1.0;UNKNOWN
2016-02-02T02:29:18.000000;2016-02-02T02:29:18.000000;8205c99e-bcd8-4777-905d-63f0124904a8;371.35;1.0;UNKNOWN
2016-02-02T02:29:24.000000;2016-02-02T02:29:24.000000;1238ce44-ec6d-4ad5-bbd9-816232b14085;371.32;1.0;UNKNOWN
2016-02-02T02:29:38.000000;2016-02-02T02:29:38.000000;35270987-bb00-410d-85d0-22985795a589;371.36;0.88;UNKNOWN
2016-02-02T02:29:43.000000;2016-02-02T02:29:43.000000;59c56a56-cc49-4531-85c1-f5e00c183558;371.59;2.3655914;UNKNOWN
2016-02-02T02:29:53.000000;2016-02-02T02:29:53.000000;d8a7fdac-6f34-4046-9fe8-a62609fe5887;371.53;1.0;UNKNOWN
2016-02-02T02:29:57.000000;2016-02-02T02:29:57.000000;955bb5db-0a58-4826-98c0-c0775f76c2de;371.53;0.12;UNKNOWN
2016-02-02T02:30:17.000000;2016-02-02T02:30:17.000000;fea3eb78-19ca-49cd-8c15-59eea8ff50e6;371.64;1.0;UNKNOWN
2016-02-02T02:30:46.000000;2016-02-02T02:30:46.000000;9767debe-ade4-4c2c-9322-8c2a496d31b9;371.57;0.02;UNKNOWN
2016-02-02T02:30:56.000000;2016-02-02T02:30:56.000000;b4c293e1-f6fc-47f5-a616-0da0f51f995c;371.64;1.0;UNKNOWN
2016-02-02T02:31:05.000000;2016-02-02T02:31:05.000000;c9d02ecd-8c26-428d-bc95-826052f150b1;371.49;1.28417786;UNKNOWN
2016-02-02T02:31:42.000000;2016-02-02T02:31:42.000000;78cc6ecc-63c0-4544-99e8-f77e355405f1;371.63;0.896676;UNKNOWN
2016-02-02T02:31:51.000000;2016-02-02T02:31:51.000000;83086146-8a9a-4616-97e5-3d678ec5fc97;371.63;0.103324;UNKNOWN
2016-02-02T02:32:12.000000;2016-02-02T02:32:12.000000;0be1a1c3-8dd7-420f-a2d3-a6ec6b468e45;371.42;0.05;UNKNOWN
2016-02-02T02:32:31.000000;2016-02-02T02:32:31.000000;2c3d25bf-77f8-4135-96fb-3d3659758983;371.3;1.0;UNKNOWN
2016-02-02T02:32:42.000000;2016-02-02T02:32:42.000000;3f93e7e0-4eca-45cf-bc26-bc26c4e95b5c;371.3;0.025;UNKNOWN
2016-02-02T02:32:47.000000;2016-02-02T02:32:47.000000;aca48444-e4b5-4d62-af0b-da8e03132392;371.3;1.8;UNKNOWN
2016-02-02T02:32:49.000000;2016-02-02T02:32:49.000000;b858f3fc-c203-4f62-83dc-41173a8cc33c;371.3;1.0;UNKNOWN
2016-02-02T02:32:49.000000;2016-02-02T02:32:49.000000;92ee397f-9803-436d-956a-04319b04cd73;371.3;0.34585049;UNKNOWN
2016-02-02T02:32:51.000000;2016-02-02T02:32:51.000000;12d96277-1eeb-4343-9855-3d58c9a80e7b;371.3;1.0;UNKNOWN
2016-02-02T02:33:24.000000;2016-02-02T02:33:24.000000;71079bac-eeea-4220-bd94-d39f6f5dc242;371.3;0.15371133;UNKNOWN
2016-02-02T02:33:30.000000;2016-02-02T02:33:30.000000;28893de0-4644-4c4e-84a1-6e19baa0cc69;371.29;1.0;UNKNOWN
2016-02-02T02:33:30.000000;2016-02-02T02:33:30.000000;d3d84545-928b-4f6f-af18-3f25115e95d5;371.29;1.0;UNKNOWN
2016-02-02T02:33:30.000000;2016-02-02T02:33:30.000000;2ec533bb-06d6-4712-830e-40171bafb152;371.29;0.434714;UNKNOWN
2016-02-02T02:33:30.000000;2016-02-02T02:33:30.000000;f0e24a76-4da6-4903-875f-04974a7d6c71;371.29;1.0;UNKNOWN
2016-02-02T02:33:30.000000;2016-02-02T02:33:30.000000;31281e5a-6293-49de-b792-5aee63d48fa4;371.29;0.05;UNKNOWN
2016-02-02T02:33:30.000000;2016-02-02T02:33:30.000000;2a012fc0-1dca-4870-9626-7595252141c1;371.29;1.0;UNKNOWN
2016-02-02T02:33:56.000000;2016-02-02T02:33:56.000000;47460b79-558a-4d02-be55-f6ca9e303033;371.29;0.594714;UNKNOWN
2016-02-02T02:33:56.000000;2016-02-02T02:33:56.000000;af9b0d8b-5a98-4028-8890-d4f3420e7e62;371.29;1.0;UNKNOWN
2016-02-02T02:33:56.000000;2016-02-02T02:33:56.000000;d58ca6e9-3f91-4e23-a7a2-b497150868c9;371.29;1.0;UNKNOWN
2016-02-02T02:33:56.000000;2016-02-02T02:33:56.000000;9657e9bf-f5e7-43b4-8128-9a525b338a5b;371.29;0.565286;UNKNOWN
2016-02-02T02:33:56.000000;2016-02-02T02:33:56.000000;02a171f1-dd0f-4dbd-9184-cca5f756c231;371.29;1.0;UNKNOWN
2016-02-02T02:33:59.000000;2016-02-02T02:33:59.000000;6059c3ce-1535-4f76-9620-6d13e1dde2f3;371.3;0.06831615;UNKNOWN
2016-02-02T02:34:20.000000;2016-02-02T02:34:20.000000;ce8228f0-838d-4c1e-af78-93cae7f70d3a;371.3;0.03036273;UNKNOWN
2016-02-02T02:34:40.000000;2016-02-02T02:34:40.000000;a83a2422-e846-4762-8c27-ae1a3f1452fb;371.57;0.88599824;UNKNOWN
2016-02-02T02:34:40.000000;2016-02-02T02:34:40.000000;a8de8889-fb09-4332-a871-4ded22d8356a;371.3;2.47670176;UNKNOWN
2016-02-02T02:34:43.000000;2016-02-02T02:34:43.000000;669cca30-41c5-4b96-ab82-755e24645a22;371.73;4.62;UNKNOWN
2016-02-02T02:34:45.000000;2016-02-02T02:34:45.000000;6ba584fb-cc85-473c-bd99-2ff52db02855;371.73;2.33408872;UNKNOWN
2016-02-02T02:34:47.000000;2016-02-02T02:34:47.000000;e7802aa1-b361-4b81-9e91-a25408301d88;371.93;0.58965;UNKNOWN
2016-02-02T02:34:57.000000;2016-02-02T02:34:57.000000;4b64037d-03a0-40de-913a-96c4ffffe228;371.92;1.0;UNKNOWN
2016-02-02T02:34:59.000000;2016-02-02T02:34:59.000000;1b5bd8d4-525b-488c-8412-75270dfbb141;371.92;1.0;UNKNOWN
2016-02-02T02:35:01.000000;2016-02-02T02:35:01.000000;4bc241be-8268-47c3-8ebd-8e4505c1365b;371.92;2.7941;UNKNOWN
2016-02-02T02:35:01.000000;2016-02-02T02:35:01.000000;69d91ada-ca7f-4af9-ac6e-c582e9fa7070;371.92;1.0;UNKNOWN
2016-02-02T02:35:01.000000;2016-02-02T02:35:01.000000;426ef94f-576c-48b0-b809-d23ab9024241;371.92;3.7059;UNKNOWN
2016-02-02T02:35:04.000000;2016-02-02T02:35:04.000000;172ffd75-ad19-49f1-8bda-7697b1062e85;371.93;1.0;UNKNOWN
2016-02-02T02:35:05.000000;2016-02-02T02:35:05.000000;01a7b3e9-3581-416e-87fc-a34423bfc3ca;371.49;5.5;UNKNOWN
2016-02-02T02:35:06.000000;2016-02-02T02:35:06.000000;e4d84440-1a55-4ada-9dc2-dc314e6c5ca4;372.01;0.2;UNKNOWN
2016-02-02T02:35:06.000000;2016-02-02T02:35:06.000000;fad6dca9-bd60-4a82-a272-c7d3479d5fe1;372.0;0.8;UNKNOWN
2016-02-02T02:35:06.000000;2016-02-02T02:35:06.000000;c4990574-43da-4c58-bb69-e7adbb47370d;372.01;0.07;UNKNOWN
2016-02-02T02:35:06.000000;2016-02-02T02:35:06.000000;e5a94b73-3226-4538-8204-e1c3cb672255;372.01;0.93;UNKNOWN
2016-02-02T02:35:09.000000;2016-02-02T02:35:09.000000;ff0b5caa-5e1c-4d07-962f-e53e19825569;372.01;1.0;UNKNOWN
2016-02-02T02:35:11.000000;2016-02-02T02:35:11.000000;debd9c9d-e011-458e-b067-8353e17d6ff1;372.01;0.405;UNKNOWN
2016-02-02T02:35:12.000000;2016-02-02T02:35:12.000000;9595452e-d91d-4668-8b8b-914c0a627e57;372.01;4.75;UNKNOWN
2016-02-02T02:35:14.000000;2016-02-02T02:35:14.000000;08784822-4a43-4196-b925-d6ae45544b04;372.01;3.2845;UNKNOWN
2016-02-02T02:35:16.000000;2016-02-02T02:35:16.000000;06c72eb5-0e0c-4716-9e59-21eacedbf05a;372.04;5.283;UNKNOWN
2016-02-02T02:35:16.000000;2016-02-02T02:35:16.000000;02b64fc7-4785-403d-b03d-ec2197e46b7f;372.03;0.1;UNKNOWN
2016-02-02T02:35:16.000000;2016-02-02T02:35:16.000000;dbf59cba-60e7-47cf-9c79-a40d57766dd6;372.05;0.4669;UNKNOWN
2016-02-02T02:35:17.000000;2016-02-02T02:35:17.000000;3db80916-840f-41ef-8228-c195a1febd30;372.05;1.2076;UNKNOWN
2016-02-02T02:35:17.000000;2016-02-02T02:35:17.000000;41b599d5-a58b-45dd-9774-83ac407fd71d;372.05;0.7924;UNKNOWN
2016-02-02T02:35:19.000000;2016-02-02T02:35:19.000000;cbd16fcc-bfb6-4da9-b7c1-61a8eff47de4;372.04;3.0;UNKNOWN
2016-02-02T02:35:20.000000;2016-02-02T02:35:20.000000;1b235ade-c5f5-4b06-879e-6c22d1b25883;372.13;0.83915373;UNKNOWN
2016-02-02T02:35:20.000000;2016-02-02T02:35:20.000000;8030c153-ca53-48fb-a6a2-c379afe5cc53;372.05;3.16084627;UNKNOWN
2016-02-02T02:35:21.000000;2016-02-02T02:35:21.000000;643cb2cb-28b0-4580-b5e8-a44cb8eefb56;372.12;0.14923375;UNKNOWN
2016-02-02T02:35:23.000000;2016-02-02T02:35:23.000000;9f4be957-6572-4e27-a362-8db408ffcc1f;372.13;0.01103938;UNKNOWN
2016-02-02T02:35:24.000000;2016-02-02T02:35:24.000000;d1102f0f-2044-49eb-8b5a-e47f254f2922;372.12;2.65;UNKNOWN
2016-02-02T02:35:27.000000;2016-02-02T02:35:27.000000;4ba8391a-c845-49a4-aee3-54dfb1bb3ae6;372.13;1.33;UNKNOWN
2016-02-02T02:35:30.000000;2016-02-02T02:35:30.000000;321f7fbb-4d5b-44eb-95a7-5465ff07b1c3;372.19;0.29574591;UNKNOWN
2016-02-02T02:35:31.000000;2016-02-02T02:35:31.000000;b3ae3189-4def-4550-b677-7c32dfd8843d;372.18;1.4985;UNKNOWN
2016-02-02T02:35:32.000000;2016-02-02T02:35:32.000000;cce59fe6-e941-48e3-9099-7b5d10851db2;371.68;0.000454;UNKNOWN
2016-02-02T02:35:33.000000;2016-02-02T02:35:33.000000;1f93cfda-912c-45e3-b415-4578203410ea;372.18;1.0;UNKNOWN
2016-02-02T02:35:34.000000;2016-02-02T02:35:34.000000;2f0948b9-2cae-42ac-8741-bd1887430ee3;372.18;3.0;UNKNOWN
2016-02-02T02:35:36.000000;2016-02-02T02:35:36.000000;ebab1980-6a39-4280-a4a4-83cd2bfa0fa4;372.11;3.0;UNKNOWN
2016-02-02T02:35:38.000000;2016-02-02T02:35:38.000000;e81a9987-7347-4950-a5bb-a740e81e3455;372.19;1.76659744;UNKNOWN
2016-02-02T02:35:38.000000;2016-02-02T02:35:38.000000;636481e9-6c92-4cc9-a6ba-1541cd19507e;372.11;0.95340256;UNKNOWN
2016-02-02T02:35:39.000000;2016-02-02T02:35:39.000000;7130acb3-02b7-46d0-aa79-1a9581b8598a;372.18;1.29855109;UNKNOWN
2016-02-02T02:35:40.000000;2016-02-02T02:35:40.000000;72b9ee42-55d9-4003-9b0f-7356e9313031;372.18;4.985;UNKNOWN
2016-02-02T02:35:42.000000;2016-02-02T02:35:42.000000;279c1be1-92a4-46a5-9db5-5078f92387ef;372.23;1.8092796;UNKNOWN
2016-02-02T02:35:42.000000;2016-02-02T02:35:42.000000;063dd387-6d21-44b2-be46-f6367caf47c6;372.19;1.89105921;UNKNOWN
2016-02-02T02:35:43.000000;2016-02-02T02:35:43.000000;8bbaca7a-8715-4bfa-9a6e-d4ddba238184;372.27;1.315;UNKNOWN
2016-02-02T02:35:44.000000;2016-02-02T02:35:44.000000;c6f40c20-12e0-4e98-b5d2-ff1871c59b46;372.3;1.03296295;UNKNOWN
2016-02-02T02:35:44.000000;2016-02-02T02:35:44.000000;ad273283-b848-4b16-bb54-1851b0bada08;372.34;3.95329837;UNKNOWN
2016-02-02T02:35:44.000000;2016-02-02T02:35:44.000000;85e29cf1-c525-425c-bf1e-459d642d6aeb;372.34;0.06080495;UNKNOWN
2016-02-02T02:35:44.000000;2016-02-02T02:35:44.000000;a069d5aa-a95f-45f0-8d65-d6345ff23857;372.3;0.295;UNKNOWN
2016-02-02T02:35:44.000000;2016-02-02T02:35:44.000000;2eac2860-859a-4144-837f-8463427e5f37;372.3;3.95293373;UNKNOWN
2016-02-02T02:35:45.000000;2016-02-02T02:35:45.000000;8457f938-9048-43dc-8f3d-26e48ed5d4e2;372.34;0.295;UNKNOWN
2016-02-02T02:35:48.000000;2016-02-02T02:35:48.000000;25fe17fd-13db-4217-a9c4-1b3489eb3c88;372.38;0.5;UNKNOWN
2016-02-02T02:35:49.000000;2016-02-02T02:35:49.000000;72f393d3-65d1-470f-8d11-61213f224a54;372.38;3.45293373;UNKNOWN
2016-02-02T02:35:49.000000;2016-02-02T02:35:49.000000;13e594c4-39b7-4fb6-837f-58a52b0f8c6e;372.39;5.53706627;UNKNOWN
2016-02-02T02:35:49.000000;2016-02-02T02:35:49.000000;e923765e-54b7-4a82-855b-f459272c7572;372.34;0.01;UNKNOWN
2016-02-02T02:35:51.000000;2016-02-02T02:35:51.000000;7976a2e4-172d-47a3-842a-784042fff2a8;372.39;0.5;UNKNOWN
2016-02-02T02:35:52.000000;2016-02-02T02:35:52.000000;16c1ea42-1b4a-4159-bc37-0ba1c936d6b1;372.42;1.26176207;UNKNOWN
2016-02-02T02:35:54.000000;2016-02-02T02:35:54.000000;1a818f39-13e3-4329-bab5-e5b0d7e03a9a;372.49;3.19;UNKNOWN
2016-02-02T02:35:54.000000;2016-02-02T02:35:54.000000;786bddb7-cf38-49af-8324-b6ce46780453;372.49;1.8;UNKNOWN
2016-02-02T02:35:54.000000;2016-02-02T02:35:54.000000;c6906d16-de9b-4b22-9559-b14f03acbd63;372.44;0.01;UNKNOWN
2016-02-02T02:35:55.000000;2016-02-02T02:35:55.000000;4d40ef5b-fb34-4310-9f1f-313093c476e9;372.49;1.0;UNKNOWN
2016-02-02T02:35:56.000000;2016-02-02T02:35:56.000000;d8e97545-4c59-4a63-8775-b7f65d82c061;372.49;1.0;UNKNOWN
2016-02-02T02:35:58.000000;2016-02-02T02:35:58.000000;a9e6b25e-4d8d-4686-809b-3478b79f52aa;372.53;7.04868026;UNKNOWN
2016-02-02T02:35:58.000000;2016-02-02T02:35:58.000000;8569dcb0-cd8a-4b9b-8f9a-aedc4968154c;372.53;3.95131974;UNKNOWN
2016-02-02T02:36:00.000000;2016-02-02T02:36:00.000000;9e26051b-43a6-4147-95c7-3f5f723b99f8;372.54;0.75;UNKNOWN
2016-02-02T02:36:01.000000;2016-02-02T02:36:01.000000;af35c17a-b1c1-483a-b8f5-d06cc90489d1;372.54;1.0;UNKNOWN
2016-02-02T02:36:05.000000;2016-02-02T02:36:05.000000;8c481595-7f59-49f8-86ec-35cd7071ff96;372.54;0.92536807;UNKNOWN
2016-02-02T02:36:07.000000;2016-02-02T02:36:07.000000;d520baa9-5476-4ffa-b1d2-050db108f91e;372.54;0.75;UNKNOWN
2016-02-02T02:36:09.000000;2016-02-02T02:36:09.000000;4b20286a-4577-4cb9-b824-c9c449e601ab;372.54;0.25;UNKNOWN
2016-02-02T02:36:10.000000;2016-02-02T02:36:10.000000;eb7b97ef-d1cc-4239-9aeb-34f41473c3d0;372.54;0.71654409;UNKNOWN
2016-02-02T02:36:11.000000;2016-02-02T02:36:11.000000;5ff3a2e1-c454-4ba2-a308-e71cd8d18a84;372.54;1.32465019;UNKNOWN
2016-02-02T02:36:11.000000;2016-02-02T02:36:11.000000;5feb9fd4-5b16-4365-bccb-1733120b6181;372.24;0.01;UNKNOWN
2016-02-02T02:36:12.000000;2016-02-02T02:36:12.000000;7c0981ae-49eb-46d3-898c-90f7837a5422;372.54;9.33803765;UNKNOWN
2016-02-02T02:36:12.000000;2016-02-02T02:36:12.000000;d962464b-bc8c-459b-9a73-23c3b60a73df;372.54;0.01;UNKNOWN
2016-02-02T02:36:12.000000;2016-02-02T02:36:12.000000;0d3e3c73-5691-4f0a-ac4f-a316cc3da87a;372.69;0.04076807;UNKNOWN
2016-02-02T02:36:12.000000;2016-02-02T02:36:12.000000;5f8d3685-5111-43a5-ae53-af5e534addaa;372.64;0.01;UNKNOWN
2016-02-02T02:36:15.000000;2016-02-02T02:36:15.000000;a0ca6637-88c0-4820-a255-492034c2a1c5;372.69;0.09;UNKNOWN
2016-02-02T02:36:17.000000;2016-02-02T02:36:17.000000;7d4111a3-70eb-4178-b6e3-eed716398a54;372.69;2.02;UNKNOWN
2016-02-02T02:36:18.000000;2016-02-02T02:36:18.000000;f9e226a5-841a-49a8-965c-5f04088fa1da;372.72;0.15876807;UNKNOWN
2016-02-02T02:36:18.000000;2016-02-02T02:36:18.000000;42db16a5-207a-41a7-a1f4-dd588bce27c7;372.69;1.84923193;UNKNOWN
2016-02-02T02:36:19.000000;2016-02-02T02:36:19.000000;18258e2b-858d-4510-8e7b-f39001742ecd;372.72;10.0;UNKNOWN
2016-02-02T02:36:20.000000;2016-02-02T02:36:20.000000;5bc54b27-0d68-4b81-b968-012e89f7a309;372.72;1.58;UNKNOWN
2016-02-02T02:36:22.000000;2016-02-02T02:36:22.000000;17e71185-1287-47a0-84c2-08bcff42399e;372.72;0.94238274;UNKNOWN
2016-02-02T02:36:24.000000;2016-02-02T02:36:24.000000;14120d3a-dc80-4703-85e5-987fa43723ac;372.74;0.01;UNKNOWN
2016-02-02T02:36:24.000000;2016-02-02T02:36:24.000000;65bd2c59-4d9c-4c22-9865-0fe7646cf42a;372.79;1.30104556;UNKNOWN
2016-02-02T02:36:25.000000;2016-02-02T02:36:25.000000;b66caedb-b0a6-414d-8331-789da3181ed3;372.79;15.92761726;UNKNOWN
2016-02-02T02:36:25.000000;2016-02-02T02:36:25.000000;157c2c7d-8844-4558-9854-9fc16192b841;372.79;1.81895444;UNKNOWN
2016-02-02T02:36:28.000000;2016-02-02T02:36:28.000000;082f5d08-c506-4832-ac83-370c22a8619d;372.86;0.94343645;UNKNOWN
2016-02-02T02:36:28.000000;2016-02-02T02:36:28.000000;87dc5c83-91d2-4250-8d2e-63507e14fafa;372.84;0.01;UNKNOWN
2016-02-02T02:36:28.000000;2016-02-02T02:36:28.000000;aa0c971d-8194-4fea-817a-3bf1f29732cb;372.81;0.04656355;UNKNOWN
2016-02-02T02:36:29.000000;2016-02-02T02:36:29.000000;4c358ae4-8bc6-4c0a-8beb-99b6173ad549;372.85;0.5;UNKNOWN
2016-02-02T02:36:29.000000;2016-02-02T02:36:29.000000;7fde098f-43d0-4ea3-91e1-5c1142261421;372.86;0.439;UNKNOWN
2016-02-02T02:36:32.000000;2016-02-02T02:36:32.000000;a37bb2b2-f45b-4d07-8441-c3db78112609;372.86;8.71993452;UNKNOWN
2016-02-02T02:36:32.000000;2016-02-02T02:36:32.000000;76a7928a-ab25-498c-aaab-c8f552618b82;372.85;0.5;UNKNOWN
2016-02-02T02:36:33.000000;2016-02-02T02:36:33.000000;f0bc6970-aa42-45f1-af29-314dd9fa6d49;372.86;2.97586495;UNKNOWN
2016-02-02T02:36:34.000000;2016-02-02T02:36:34.000000;127305ac-7c20-41ba-bfc0-531951c6cb49;372.86;0.84737922;UNKNOWN
2016-02-02T02:36:35.000000;2016-02-02T02:36:35.000000;94090881-ba73-4af7-8db6-06b6deb8efb6;372.86;1.46499025;UNKNOWN
2016-02-02T02:36:40.000000;2016-02-02T02:36:40.000000;92509764-215a-4a89-89e3-7b2d8957a40f;372.86;0.65;UNKNOWN
2016-02-02T02:36:42.000000;2016-02-02T02:36:42.000000;5a8ed5d2-f00f-49b0-b3c5-cdd1668df769;372.86;1.1032891;UNKNOWN
2016-02-02T02:36:44.000000;2016-02-02T02:36:44.000000;b6cd9ea5-9e5c-4636-8af6-a75323a14edb;372.86;0.67914861;UNKNOWN
2016-02-02T02:36:45.000000;2016-02-02T02:36:45.000000;f1790eb5-03d4-4a46-921f-2a7461a8b5e4;372.86;0.03959739;UNKNOWN
2016-02-02T02:36:46.000000;2016-02-02T02:36:46.000000;911b8d27-4102-451d-8010-70f0a6056ea5;372.86;0.19172339;UNKNOWN
2016-02-02T02:36:47.000000;2016-02-02T02:36:47.000000;d524a16d-b302-4e44-8e86-01be3f117a8d;372.86;0.08013612;UNKNOWN
2016-02-02T02:36:47.000000;2016-02-02T02:36:47.000000;1d239777-a100-4abd-b7ab-e4aa0b0e9c82;372.9;0.07814049;UNKNOWN
2016-02-02T02:36:51.000000;2016-02-02T02:36:51.000000;553c79f5-40c6-441f-85e7-ec13ac6efc8c;372.89;4.0;UNKNOWN
2016-02-02T02:36:53.000000;2016-02-02T02:36:53.000000;69e6171d-a99e-4e90-8617-03cfe0e15266;372.89;1.75;UNKNOWN
2016-02-02T02:36:54.000000;2016-02-02T02:36:54.000000;757c3b2d-49ff-42d1-b344-d8ef17b7baac;372.89;3.0;UNKNOWN
2016-02-02T02:36:55.000000;2016-02-02T02:36:55.000000;92020c4c-e68c-4670-ad64-182c71087faa;372.89;4.0;UNKNOWN
2016-02-02T02:36:56.000000;2016-02-02T02:36:56.000000;7cb15a1c-74a3-47bb-a294-df47df557c4f;372.88;0.36902363;UNKNOWN
2016-02-02T02:36:57.000000;2016-02-02T02:36:57.000000;de6ae225-c72e-424a-84cd-a17b7bca00f3;372.89;0.84184026;UNKNOWN
2016-02-02T02:36:57.000000;2016-02-02T02:36:57.000000;8319f33c-a139-452a-8300-571958934117;372.89;3.03745974;UNKNOWN
2016-02-02T02:36:59.000000;2016-02-02T02:36:59.000000;bed98ef5-f7b0-42e4-b56c-b6e6be3475a3;372.9;0.02185951;UNKNOWN
2016-02-02T02:36:59.000000;2016-02-02T02:36:59.000000;926a7022-c249-49ca-bc44-f9eba851336d;372.94;0.01;UNKNOWN
2016-02-02T02:36:59.000000;2016-02-02T02:36:59.000000;67fb67ae-fe8a-44cb-b452-9452e5fcdf8c;372.97;0.14473795;UNKNOWN
2016-02-02T02:37:00.000000;2016-02-02T02:37:00.000000;bf8ceaed-4512-437d-b2f1-3da7d61aea3a;372.97;0.1;UNKNOWN
2016-02-02T02:37:02.000000;2016-02-02T02:37:02.000000;2f16bc2c-3243-4a17-a1e8-b7a099bf8c69;372.97;1.05222471;UNKNOWN
2016-02-02T02:37:05.000000;2016-02-02T02:37:05.000000;6d7d35f9-4cf8-467a-b4e1-163802e510ee;372.33;6.03745974;UNKNOWN
2016-02-02T02:37:05.000000;2016-02-02T02:37:05.000000;abef97df-5dd4-450b-95fe-f433d3bb1de3;372.89;0.96254026;UNKNOWN
2016-02-02T02:37:05.000000;2016-02-02T02:37:05.000000;abad8700-5a08-4281-a8ab-e65a88d5c20c;372.97;2.61432871;UNKNOWN
2016-02-02T02:37:06.000000;2016-02-02T02:37:06.000000;48590b4b-c822-4587-b907-e7c179a39347;372.97;3.0;UNKNOWN
2016-02-02T02:37:07.000000;2016-02-02T02:37:07.000000;322a7d0a-bdfb-4737-8b69-f12cb3612e76;372.97;2.0;UNKNOWN
2016-02-02T02:37:07.000000;2016-02-02T02:37:07.000000;bb959a73-9fa2-4436-ae6b-3f0735bee637;372.34;0.22835774;UNKNOWN
2016-02-02T02:37:07.000000;2016-02-02T02:37:07.000000;4056ab46-54fb-480d-a458-7629c140f0d8;372.89;0.06080395;UNKNOWN
2016-02-02T02:37:08.000000;2016-02-02T02:37:08.000000;9b9436b4-e344-46c7-b0c0-13b0303039b4;372.97;5.0;UNKNOWN
2016-02-02T02:37:10.000000;2016-02-02T02:37:10.000000;496f66eb-ddcd-4004-ac55-7dec706a8f47;372.96;0.2171;UNKNOWN
2016-02-02T02:37:11.000000;2016-02-02T02:37:11.000000;e926c66e-ab4b-4519-b4e7-09288795c214;372.98;1.0;UNKNOWN
2016-02-02T02:37:15.000000;2016-02-02T02:37:15.000000;fb87a627-f8a5-48e0-a7a2-c6286f59ba93;372.87;10.0;UNKNOWN
2016-02-02T02:37:23.000000;2016-02-02T02:37:23.000000;d89bddcf-3a99-4efd-9947-0a92fcc5edb9;372.66;0.25;UNKNOWN
2016-02-02T02:37:29.000000;2016-02-02T02:37:29.000000;0c9d09f6-9098-46e5-8800-19f3cdfc11eb;372.64;2.0;UNKNOWN
2016-02-02T02:37:31.000000;2016-02-02T02:37:31.000000;3a7b3ceb-773d-4c4c-abac-328a472d2b0e;372.64;4.5;UNKNOWN
2016-02-02T02:37:33.000000;2016-02-02T02:37:33.000000;7dc140a5-f82d-41d0-95a2-e7f77db8e25b;372.63;0.1;UNKNOWN
2016-02-02T02:37:34.000000;2016-02-02T02:37:34.000000;9db56f5a-8c78-43b2-b983-7758bd2a3d9e;372.62;0.1;UNKNOWN
2016-02-02T02:37:36.000000;2016-02-02T02:37:36.000000;e53c9081-adef-4f0a-a67c-442f0bcd3bd0;372.62;0.1;UNKNOWN
2016-02-02T02:37:39.000000;2016-02-02T02:37:39.000000;0446439b-441b-4e5c-9a05-b0198b9c3e61;372.69;1.472;UNKNOWN
2016-02-02T02:37:39.000000;2016-02-02T02:37:39.000000;cc96af57-f5cd-4e3f-8e9f-a6418268a78a;372.62;3.0;UNKNOWN
2016-02-02T02:37:40.000000;2016-02-02T02:37:40.000000;2c3e4708-926d-439b-b191-a4f821a6f0e0;372.67;0.528;UNKNOWN
2016-02-02T02:37:41.000000;2016-02-02T02:37:41.000000;e54ccbb7-f573-452a-acee-c000d8093464;372.67;0.05;UNKNOWN
2016-02-02T02:37:42.000000;2016-02-02T02:37:42.000000;8efec551-c0c0-4c12-94f9-959cff2f2777;372.86;0.028;UNKNOWN
2016-02-02T02:37:44.000000;2016-02-02T02:37:44.000000;95463911-0981-4e57-ae87-d587343b0545;372.85;0.5;UNKNOWN
2016-02-02T02:37:44.000000;2016-02-02T02:37:44.000000;dedd46fa-67e4-4966-92c7-8e99a9afc0f6;372.85;0.5;UNKNOWN
2016-02-02T02:37:45.000000;2016-02-02T02:37:45.000000;b2f13546-2564-4201-9e10-ca9fb7f5ce19;372.85;1.4;UNKNOWN
2016-02-02T02:37:48.000000;2016-02-02T02:37:48.000000;cd26d58d-3ba2-4214-a434-e54a65eb7da1;372.85;11.0;UNKNOWN
2016-02-02T02:37:49.000000;2016-02-02T02:37:49.000000;3b2f1236-5a39-4a4f-ba3a-5b3699494536;372.84;2.5;UNKNOWN
2016-02-02T02:37:49.000000;2016-02-02T02:37:49.000000;cc694f1b-7abb-4fe2-a548-727d90b2895f;372.84;0.5;UNKNOWN
2016-02-02T02:37:51.000000;2016-02-02T02:37:51.000000;7714cdd2-a466-4ad7-a714-d750ff5a2e84;372.87;6.0;UNKNOWN
2016-02-02T02:37:53.000000;2016-02-02T02:37:53.000000;5f12628d-0779-4e93-8bcc-95e4c04ad1da;372.84;0.5;UNKNOWN
2016-02-02T02:37:53.000000;2016-02-02T02:37:53.000000;abb5900c-516b-4986-968e-86eb7a2c27d9;372.84;0.5;UNKNOWN
2016-02-02T02:37:55.000000;2016-02-02T02:37:55.000000;a651ef42-60d0-42d5-bde0-62aa30f75151;372.99;6.4417;UNKNOWN
2016-02-02T02:37:55.000000;2016-02-02T02:37:55.000000;a1a93b3f-2c87-436e-b016-6d5d2cf205f9;372.87;1.1783;UNKNOWN
2016-02-02T02:37:55.000000;2016-02-02T02:37:55.000000;ee6db02f-bbdd-4afb-9999-0adaaef5afff;372.99;0.1;UNKNOWN
2016-02-02T02:37:55.000000;2016-02-02T02:37:55.000000;4c5e1658-679a-45da-b0e1-812f96b1df51;372.99;2.28;UNKNOWN
2016-02-02T02:37:56.000000;2016-02-02T02:37:56.000000;da217434-59ad-45bb-ab39-c457da4d66ec;372.99;1.0;UNKNOWN
2016-02-02T02:37:58.000000;2016-02-02T02:37:58.000000;beeda36a-edb6-4795-8f3c-408800913a6f;372.98;1.0;UNKNOWN
2016-02-02T02:38:01.000000;2016-02-02T02:38:01.000000;6599b43f-f8bc-4dc1-978c-90ad724278ca;372.98;0.9;UNKNOWN
2016-02-02T02:38:01.000000;2016-02-02T02:38:01.000000;ea929c1d-b3fb-4277-9e4e-43f6efc8882c;372.97;0.5;UNKNOWN
2016-02-02T02:38:03.000000;2016-02-02T02:38:03.000000;f1d2ecc7-42bd-47f9-abaf-ce88b68aefe7;372.99;1.0;UNKNOWN
2016-02-02T02:38:05.000000;2016-02-02T02:38:05.000000;e9d2fb07-cbc7-4fe8-bc2a-bca0c33c31ed;372.97;1.0;UNKNOWN
2016-02-02T02:38:06.000000;2016-02-02T02:38:06.000000;3ac6cc17-7c4e-4891-ada5-b7ee9709c469;372.97;0.05;UNKNOWN
2016-02-02T02:38:07.000000;2016-02-02T02:38:07.000000;5de65d8a-8664-4384-a706-96531c86e0d0;372.97;0.95;UNKNOWN
2016-02-02T02:38:09.000000;2016-02-02T02:38:09.000000;d93c1676-f3d3-4ae0-a851-3212c3024196;372.97;3.0;UNKNOWN
2016-02-02T02:38:12.000000;2016-02-02T02:38:12.000000;3ba6d3c6-16d5-47fa-8c59-bc00801a00dc;372.96;0.48442;UNKNOWN
2016-02-02T02:38:13.000000;2016-02-02T02:38:13.000000;ad9ca32f-f25b-4f55-94b8-5285eedd3ca7;372.96;0.01558;UNKNOWN
2016-02-02T02:38:14.000000;2016-02-02T02:38:14.000000;16ceb948-96bf-4717-a4b8-c5473890c75f;372.96;0.48442;UNKNOWN
2016-02-02T02:38:16.000000;2016-02-02T02:38:16.000000;d13e6e7e-0652-491a-9acd-42ad30fb6c8d;372.97;0.01558;UNKNOWN
2016-02-02T02:38:18.000000;2016-02-02T02:38:18.000000;b7931443-00b4-48e3-88a8-724df90bccc5;372.97;1.0;UNKNOWN
2016-02-02T02:38:19.000000;2016-02-02T02:38:19.000000;d82b713b-7094-4edb-bbee-a97c440eb322;372.97;0.05;UNKNOWN
2016-02-02T02:38:21.000000;2016-02-02T02:38:21.000000;7e51eac8-2973-4dd0-8781-aa30633f35e1;372.96;0.0542457;UNKNOWN
2016-02-02T02:38:24.000000;2016-02-02T02:38:24.000000;b1a0314b-5071-4e54-89e8-857660a6d832;372.96;0.8957543;UNKNOWN
2016-02-02T02:38:25.000000;2016-02-02T02:38:25.000000;808f25d4-9371-4daa-93e9-aeb11551bced;372.96;0.1042457;UNKNOWN
2016-02-02T02:38:26.000000;2016-02-02T02:38:26.000000;1118b056-4beb-4fc6-b5a4-01b83af6dff7;372.96;0.7957543;UNKNOWN
2016-02-02T02:38:28.000000;2016-02-02T02:38:28.000000;d1be1585-2f8e-4c4d-b0ba-72f434d91ec4;372.96;1.62;UNKNOWN
2016-02-02T02:38:29.000000;2016-02-02T02:38:29.000000;f0c18480-23ff-4f96-8a1f-34d14e9789e0;372.96;0.25;UNKNOWN
2016-02-02T02:38:31.000000;2016-02-02T02:38:31.000000;ffec2d6c-b289-4249-bf19-451f50bfb0c8;372.96;1.0;UNKNOWN
2016-02-02T02:38:32.000000;2016-02-02T02:38:32.000000;d4798337-7b3c-4a00-9ad6-ed569d34a3d4;372.96;3.0;UNKNOWN
2016-02-02T02:38:34.000000;2016-02-02T02:38:34.000000;61fe1620-869a-49cd-8c4f-b4c65205ad7b;372.96;1.0;UNKNOWN
2016-02-02T02:38:36.000000;2016-02-02T02:38:36.000000;10f7e34f-9fd7-4735-acee-ee05f54cbd9e;372.96;2.4;UNKNOWN
2016-02-02T02:38:38.000000;2016-02-02T02:38:38.000000;2c40af1f-e415-4127-8d26-9070e208dabc;372.96;0.024;UNKNOWN
2016-02-02T02:38:39.000000;2016-02-02T02:38:39.000000;9bef542a-ca4c-4da2-8d57-9163d9cb7f6f;372.95;1.57;UNKNOWN
2016-02-02T02:38:39.000000;2016-02-02T02:38:39.000000;b3b3ad5e-d9ea-47cf-92d9-238e18f4d87b;372.96;1.0;UNKNOWN
2016-02-02T02:38:40.000000;2016-02-02T02:38:40.000000;60b3b52a-4487-4e77-8b45-1c65d30c281b;372.95;0.028;UNKNOWN
2016-02-02T02:38:41.000000;2016-02-02T02:38:41.000000;a2158da5-09bd-4826-a32d-5873964356eb;372.95;0.125;UNKNOWN
2016-02-02T02:38:44.000000;2016-02-02T02:38:44.000000;e0f22f0b-44cb-4aca-839b-2c787b405aab;372.98;1.2162343;UNKNOWN
2016-02-02T02:38:45.000000;2016-02-02T02:38:45.000000;78cf5184-22ee-4a9f-96a1-4a9d17daec4f;372.98;0.79346165;UNKNOWN
2016-02-02T02:38:46.000000;2016-02-02T02:38:46.000000;650f316b-ebd4-4efd-a2f8-f818f058b063;372.98;2.20653835;UNKNOWN
2016-02-02T02:38:48.000000;2016-02-02T02:38:48.000000;93b92a1a-3a08-40f7-9afd-a3c059f46efd;372.97;0.47996165;UNKNOWN
2016-02-02T02:38:51.000000;2016-02-02T02:38:51.000000;7764fe8d-419f-4fe9-a8a4-af735b1d991c;372.97;0.14271295;UNKNOWN
2016-02-02T02:38:52.000000;2016-02-02T02:38:52.000000;c888d27d-1474-46a3-9cf4-7ea4c7353801;372.97;2.3773254;UNKNOWN
2016-02-02T02:38:53.000000;2016-02-02T02:38:53.000000;32169ebc-5fd8-4918-b7f5-12e8756c6411;372.97;0.14271295;UNKNOWN
2016-02-02T02:38:56.000000;2016-02-02T02:38:56.000000;0e8f2dac-dcbe-4dba-bb2c-32f83fb9b4eb;372.96;0.79346165;UNKNOWN
2016-02-02T02:38:57.000000;2016-02-02T02:38:57.000000;21cd8289-18ce-4e88-8088-1dd67e69484f;372.95;2.0638254;UNKNOWN
2016-02-02T02:38:59.000000;2016-02-02T02:38:59.000000;064a1026-cbac-46a4-9e8e-323045d0b156;372.95;2.1238254;UNKNOWN
2016-02-02T02:39:02.000000;2016-02-02T02:39:02.000000;e9699b2b-3b78-4c22-9b99-9bdba0aa190f;372.94;0.79346165;UNKNOWN
2016-02-02T02:39:03.000000;2016-02-02T02:39:03.000000;8c768a8a-4915-4292-959c-eb8f985f162b;372.94;2.20653835;UNKNOWN
2016-02-02T02:39:04.000000;2016-02-02T02:39:04.000000;ae54b287-0dc2-4337-acb4-a37d16cfbc23;372.94;0.14271295;UNKNOWN
2016-02-02T02:39:07.000000;2016-02-02T02:39:07.000000;98724eba-82c9-485a-abc0-6fa0efa2231e;372.98;0.79346165;UNKNOWN
2016-02-02T02:39:08.000000;2016-02-02T02:39:08.000000;af2b817d-5073-44f3-82be-366c5dee172b;372.97;2.0638254;UNKNOWN
2016-02-02T02:39:09.000000;2016-02-02T02:39:09.000000;f978b80f-eaa8-48a5-9e12-4baf8e491e43;372.97;1.8761746;UNKNOWN
2016-02-02T02:39:11.000000;2016-02-02T02:39:11.000000;7a173d6c-d00b-4a89-8381-028b6581374d;372.97;1.1238254;UNKNOWN
2016-02-02T02:39:12.000000;2016-02-02T02:39:12.000000;f53fdb52-adb9-4deb-9d07-e6eee75e0cfd;372.97;0.62469827;UNKNOWN
2016-02-02T02:39:14.000000;2016-02-02T02:39:14.000000;b2b7c517-69b2-40da-8702-5e7b13cfa624;372.97;2.36530173;UNKNOWN
2016-02-02T02:39:14.000000;2016-02-02T02:39:14.000000;9085cdc2-01f8-42b5-a88b-15a7ef3eb5f1;372.97;3.0;UNKNOWN
2016-02-02T02:39:14.000000;2016-02-02T02:39:14.000000;139d6a0f-c688-4e36-8f93-d98c2f8b2723;372.94;0.01;UNKNOWN
2016-02-02T02:39:15.000000;2016-02-02T02:39:15.000000;72de7b12-c687-45de-b12e-073609f8c322;372.97;0.025;UNKNOWN
2016-02-02T02:39:16.000000;2016-02-02T02:39:16.000000;5142ab41-9c4a-4225-b249-89ffa3566eea;372.99;0.375;UNKNOWN
2016-02-02T02:39:17.000000;2016-02-02T02:39:17.000000;7435ce59-2ec0-4014-b2f3-d5ac16c961e9;372.99;0.025;UNKNOWN
2016-02-02T02:39:19.000000;2016-02-02T02:39:19.000000;01f85cd1-609c-4a28-b30c-44e7cb0ad08b;372.98;0.15;UNKNOWN
2016-02-02T02:39:20.000000;2016-02-02T02:39:20.000000;5e1d712e-2575-42d7-9142-029b154fc598;372.98;0.225;UNKNOWN
2016-02-02T02:39:21.000000;2016-02-02T02:39:21.000000;a21252c5-0329-4933-996b-ea0b48c03b13;372.98;0.025;UNKNOWN
2016-02-02T02:39:22.000000;2016-02-02T02:39:22.000000;192e2e41-1a00-4db7-879a-7ebd283a1970;372.98;0.15;UNKNOWN
2016-02-02T02:39:24.000000;2016-02-02T02:39:24.000000;a7dd0a86-eafb-40f7-8281-bf20a7556951;372.98;0.225;UNKNOWN
2016-02-02T02:39:26.000000;2016-02-02T02:39:26.000000;a67fc9d6-a870-4992-a6dd-d65d84c2b9f1;372.99;1.0;UNKNOWN
2016-02-02T02:39:27.000000;2016-02-02T02:39:27.000000;131cdeaf-ffec-4a51-8382-9025b69c4e87;372.99;0.1;UNKNOWN
2016-02-02T02:39:28.000000;2016-02-02T02:39:28.000000;d5ef5184-e9c3-4d83-9ee4-92c4aca3dbe4;372.99;0.4;UNKNOWN
2016-02-02T02:39:30.000000;2016-02-02T02:39:30.000000;e488cede-e26b-4d77-bb60-b36a7fc6b480;372.99;0.05;UNKNOWN
2016-02-02T02:39:32.000000;2016-02-02T02:39:32.000000;293c55bf-15c3-4639-993d-823d3025920b;372.99;0.95;UNKNOWN
2016-02-02T02:39:34.000000;2016-02-02T02:39:34.000000;37abfbe3-69bc-452c-9d32-32ff400a38f0;372.99;0.1;UNKNOWN
2016-02-02T02:39:35.000000;2016-02-02T02:39:35.000000;05f1110a-8dff-4976-be50-50f99cac5305;372.99;1.4;UNKNOWN
2016-02-02T02:39:35.000000;2016-02-02T02:39:35.000000;ef69fb4b-81dd-4e8f-b870-1cc305762d45;372.99;1.0;UNKNOWN
2016-02-02T02:39:37.000000;2016-02-02T02:39:37.000000;5d3cbeed-47bc-47e4-832b-daf2af343500;372.99;1.4;UNKNOWN
2016-02-02T02:39:38.000000;2016-02-02T02:39:38.000000;fecfd677-b5ee-4df3-946e-e78f5de0f3e4;372.99;0.185;UNKNOWN
2016-02-02T02:39:39.000000;2016-02-02T02:39:39.000000;7a030d35-c5d7-41bf-9fbb-9ed3887fc918;372.99;0.76;UNKNOWN
2016-02-02T02:39:41.000000;2016-02-02T02:39:41.000000;9b8c28ff-51ee-40ba-b63e-8b75d205efb6;372.99;0.19360775;UNKNOWN
2016-02-02T02:39:42.000000;2016-02-02T02:39:42.000000;5a8e40ff-df9f-43bd-95bb-049eb5b53691;372.99;0.23296753;UNKNOWN
2016-02-02T02:39:45.000000;2016-02-02T02:39:45.000000;4c22ee31-f37e-4021-a443-0db6e547c21e;372.99;0.33969297;UNKNOWN
2016-02-02T02:39:47.000000;2016-02-02T02:39:47.000000;19772983-e743-4e8b-854b-5ed8eb7d86de;372.99;0.62358398;UNKNOWN
2016-02-02T02:39:48.000000;2016-02-02T02:39:48.000000;30c6faa9-f7a1-4d2c-9ac0-e1e065233da6;372.99;0.16398688;UNKNOWN
2016-02-02T02:39:49.000000;2016-02-02T02:39:49.000000;64ebba9f-19bb-4ea3-9182-c507821f381e;372.99;3.78715;UNKNOWN
2016-02-02T02:39:51.000000;2016-02-02T02:39:51.000000;1e1953bc-dcc3-4b6b-b40a-0cedc7047368;372.99;3.3911665;UNKNOWN
2016-02-02T02:39:52.000000;2016-02-02T02:39:52.000000;0d2af3a2-c51b-40c1-ae43-ac7876eec833;372.99;0.01;UNKNOWN
2016-02-02T02:39:54.000000;2016-02-02T02:39:54.000000;45735292-8d18-4acc-914a-607194c13a8f;372.99;2.09636929;UNKNOWN
2016-02-02T02:39:55.000000;2016-02-02T02:39:55.000000;6bc236fb-b899-4b01-9788-d25b6b6f9a69;372.99;0.4164751;UNKNOWN
2016-02-02T02:39:55.000000;2016-02-02T02:39:55.000000;c09f6ae8-7de3-47e6-b7ae-69f80295243b;373.0;2.48715561;UNKNOWN
2016-02-02T02:40:00.000000;2016-02-02T02:40:00.000000;4c068791-f14a-4505-9c28-57a77b8d7a8b;373.0;0.15557497;UNKNOWN
2016-02-02T02:40:01.000000;2016-02-02T02:40:01.000000;5c46acfe-8581-4299-aeb8-949e651e5333;373.0;0.41885756;UNKNOWN
2016-02-02T02:40:02.000000;2016-02-02T02:40:02.000000;1210a06f-1305-4925-a5b8-ee36e5c7e5d9;373.01;1.81508354;UNKNOWN
2016-02-02T02:40:02.000000;2016-02-02T02:40:02.000000;83e10e5f-bef7-4f51-bc6a-da41aa36d6b6;373.0;1.93841186;UNKNOWN
2016-02-02T02:40:04.000000;2016-02-02T02:40:04.000000;7305d258-0797-4d20-8229-9f9faffb0443;373.01;0.67207207;UNKNOWN
2016-02-02T02:40:05.000000;2016-02-02T02:40:05.000000;65d6fd82-9e53-4463-91a2-918dfae1b33d;373.19;0.39670607;UNKNOWN
2016-02-02T02:40:05.000000;2016-02-02T02:40:05.000000;f7892b2a-3052-41cf-8c27-95420510f8c1;373.18;2.669;UNKNOWN
2016-02-02T02:40:05.000000;2016-02-02T02:40:05.000000;6abe483e-1356-46be-b045-6b3f855b8f9b;373.04;0.01;UNKNOWN
2016-02-02T02:40:05.000000;2016-02-02T02:40:05.000000;d1978d0f-54db-4fff-bbcf-9f5be8f8d747;373.14;0.01;UNKNOWN
2016-02-02T02:40:05.000000;2016-02-02T02:40:05.000000;6891b744-099c-43d9-a231-6bcd3c8924c0;373.07;0.05;UNKNOWN
2016-02-02T02:40:05.000000;2016-02-02T02:40:05.000000;76576f8f-ed29-4ab5-8de8-61f234ece4c8;373.02;0.261;UNKNOWN
2016-02-02T02:40:06.000000;2016-02-02T02:40:06.000000;0ccf7329-6e0c-4418-8914-10fd6eb421ab;373.19;10.0;UNKNOWN
2016-02-02T02:40:06.000000;2016-02-02T02:40:06.000000;97f3cd21-f669-41a9-8489-c0ce43482d23;373.19;1.0;UNKNOWN
2016-02-02T02:40:08.000000;2016-02-02T02:40:08.000000;237fdd3e-c8f8-4bc4-95c3-159b6beb15b8;373.17;3.0;UNKNOWN
2016-02-02T02:40:15.000000;2016-02-02T02:40:15.000000;bc23b818-91be-4ccb-b093-dd7930088d92;373.17;1.4;UNKNOWN
2016-02-02T02:40:18.000000;2016-02-02T02:40:18.000000;2438f6fb-b61b-4cfc-af2c-d7cb531417d5;373.19;0.05;UNKNOWN
2016-02-02T02:40:19.000000;2016-02-02T02:40:19.000000;20d35029-8be1-4d51-a5fc-6e211ee9cd2e;373.16;1.95;UNKNOWN
2016-02-02T02:40:20.000000;2016-02-02T02:40:20.000000;86c71ac8-1a2b-4608-932a-af5c7b93584f;373.16;0.60565209;UNKNOWN
2016-02-02T02:40:21.000000;2016-02-02T02:40:21.000000;1d744d38-05d4-42da-acd7-2cdaeaf31dae;373.16;0.67976448;UNKNOWN
2016-02-02T02:40:26.000000;2016-02-02T02:40:26.000000;032e4f91-cced-4d46-926a-b8bbf7ce2341;373.19;0.44674156;UNKNOWN
2016-02-02T02:40:28.000000;2016-02-02T02:40:28.000000;e4a35f6a-fa78-4e80-a776-94282a1f7168;373.15;1.41583344;UNKNOWN
2016-02-02T02:40:29.000000;2016-02-02T02:40:29.000000;3102648a-34b6-49fb-a8d3-4518e118b912;373.1;0.01943463;UNKNOWN
2016-02-02T02:40:32.000000;2016-02-02T02:40:32.000000;0b29239a-7d92-4bbd-b0e7-59524d3b86ce;373.19;0.79293463;UNKNOWN
2016-02-02T02:40:32.000000;2016-02-02T02:40:32.000000;ffef3ea8-2697-4c94-bba7-44bc7700bf69;373.1;0.58056537;UNKNOWN
2016-02-02T02:40:34.000000;2016-02-02T02:40:34.000000;f31007f4-6e1d-4eb7-aa18-74591eec317a;373.25;0.01;UNKNOWN
2016-02-02T02:40:34.000000;2016-02-02T02:40:34.000000;e6b3d92d-b3c6-4f55-a9f9-bfd8c70932d9;373.31;0.13485486;UNKNOWN
2016-02-02T02:40:34.000000;2016-02-02T02:40:34.000000;c1837de4-1039-405d-87aa-6b8f5cecd41d;373.31;0.13485486;UNKNOWN
2016-02-02T02:40:34.000000;2016-02-02T02:40:34.000000;d24f080e-6535-4425-b7fd-bfc6b6d80ba7;373.31;0.33879028;UNKNOWN
2016-02-02T02:40:36.000000;2016-02-02T02:40:36.000000;a44a7a6f-7208-4983-aeb3-1b18e3173c52;373.15;0.6;UNKNOWN
2016-02-02T02:40:36.000000;2016-02-02T02:40:36.000000;367d6864-99bd-45c4-81d9-97c16d4b8a3f;373.31;0.85;UNKNOWN
2016-02-02T02:40:38.000000;2016-02-02T02:40:38.000000;ee4ad3af-773f-4a4b-87f3-b059bd9cf92f;373.3;0.25;UNKNOWN
2016-02-02T02:40:40.000000;2016-02-02T02:40:40.000000;a1ff7143-5fde-4574-aaa1-b2d5d3657ad9;373.3;1.8;UNKNOWN
2016-02-02T02:40:41.000000;2016-02-02T02:40:41.000000;b37cf39c-93cc-4cc6-abf7-09f5721c833b;373.3;0.33;UNKNOWN
2016-02-02T02:40:42.000000;2016-02-02T02:40:42.000000;19277def-dccd-4cc6-87ab-ec1458ab894b;373.3;1.4;UNKNOWN
2016-02-02T02:40:43.000000;2016-02-02T02:40:43.000000;8bbf89b8-1720-4139-a445-765b7ddd9d4e;373.34;0.9;UNKNOWN
2016-02-02T02:40:44.000000;2016-02-02T02:40:44.000000;1a7161b0-4e94-4e64-b2cd-add3820794b7;373.34;2.23;UNKNOWN
2016-02-02T02:40:44.000000;2016-02-02T02:40:44.000000;1e817141-64aa-40f9-8311-3765b57dd947;373.34;0.1;UNKNOWN
2016-02-02T02:40:46.000000;2016-02-02T02:40:46.000000;352ef9b6-e666-42fb-a5dd-766c4f70f5f7;373.34;3.21065;UNKNOWN
2016-02-02T02:40:47.000000;2016-02-02T02:40:47.000000;1133e372-fa8e-4e5d-bf99-242aa43428c1;373.34;0.18935;UNKNOWN
2016-02-02T02:40:47.000000;2016-02-02T02:40:47.000000;e59ca5a1-682d-4986-8387-b00aaa4d7f58;373.3;0.6;UNKNOWN
2016-02-02T02:40:48.000000;2016-02-02T02:40:48.000000;843c1856-1fbe-4690-8b26-9e9545388a00;373.34;0.3;UNKNOWN
2016-02-02T02:40:51.000000;2016-02-02T02:40:51.000000;de5b941f-c3bf-4bb4-b154-cf11db4fd16a;373.27;0.359;UNKNOWN
2016-02-02T02:40:52.000000;2016-02-02T02:40:52.000000;885a6e48-f98b-415b-8fd8-1e9fb3a2d80f;373.27;0.05;UNKNOWN
2016-02-02T02:40:53.000000;2016-02-02T02:40:53.000000;bcee0df3-4a1b-4fc6-8197-692feb64a336;373.34;1.33698;UNKNOWN
2016-02-02T02:40:53.000000;2016-02-02T02:40:53.000000;0d94b725-3b9c-4bab-a2a8-456a271f8797;373.27;0.48402;UNKNOWN
2016-02-02T02:40:56.000000;2016-02-02T02:40:56.000000;ff4a98a2-6f0b-44da-94ed-ce92d2a57fc3;373.34;0.83638125;UNKNOWN
2016-02-02T02:40:57.000000;2016-02-02T02:40:57.000000;03493c1f-36b5-45c1-8fa9-521765644f27;373.34;0.59357209;UNKNOWN
2016-02-02T02:40:58.000000;2016-02-02T02:40:58.000000;96fc2b79-a071-41a5-a48b-52dfbd6e1a36;373.34;0.39067328;UNKNOWN
2016-02-02T02:40:58.000000;2016-02-02T02:40:58.000000;db1211af-b8ab-46e0-adee-69d38b99007b;373.3;0.44685;UNKNOWN
2016-02-02T02:41:00.000000;2016-02-02T02:41:00.000000;9baebe0f-3409-4021-bfb7-5025e3115c54;373.34;0.04108569;UNKNOWN
2016-02-02T02:41:03.000000;2016-02-02T02:41:03.000000;1f4e44d0-667d-434d-ae01-c4b54cab4278;373.34;0.0226;UNKNOWN
2016-02-02T02:41:04.000000;2016-02-02T02:41:04.000000;bc76cfca-bdf7-4775-b85c-1d9f222c74cb;373.34;0.66883769;UNKNOWN
2016-02-02T02:41:05.000000;2016-02-02T02:41:05.000000;38872eeb-fcc0-4ecc-ac82-9a5a4baf8573;373.3;0.04616231;UNKNOWN
2016-02-02T02:41:06.000000;2016-02-02T02:41:06.000000;6aedf084-bb4e-4c11-87bb-899baec49526;373.3;0.12645;UNKNOWN
2016-02-02T02:41:07.000000;2016-02-02T02:41:07.000000;b754cfdc-ded0-4a27-b5d9-c9a3a22f3a59;373.3;0.05104769;UNKNOWN
2016-02-02T02:41:07.000000;2016-02-02T02:41:07.000000;8c8838d5-fe44-4b25-9386-9e9f3781d558;373.34;2.77634;UNKNOWN
2016-02-02T02:41:10.000000;2016-02-02T02:41:10.000000;f20655de-9b5d-48b4-8bb7-d15f5249d99f;373.33;0.1;UNKNOWN
2016-02-02T02:41:10.000000;2016-02-02T02:41:10.000000;9a20bd93-9f67-4015-a20e-cc86cf588865;373.33;0.035;UNKNOWN
2016-02-02T02:41:11.000000;2016-02-02T02:41:11.000000;3f5d2fcf-827d-4953-882a-f8b78ad939df;373.33;0.1;UNKNOWN
2016-02-02T02:41:12.000000;2016-02-02T02:41:12.000000;0b3fc59e-e89f-4b2b-a0ec-716e3ab3d4fb;373.29;0.11636;UNKNOWN
2016-02-02T02:41:12.000000;2016-02-02T02:41:12.000000;aa14483d-9fbe-4589-bd32-b2a4762b21dd;373.33;0.13364;UNKNOWN
2016-02-02T02:41:13.000000;2016-02-02T02:41:13.000000;94e10041-53e6-489f-91df-628fc3e78194;373.34;1.26864;UNKNOWN
2016-02-02T02:41:13.000000;2016-02-02T02:41:13.000000;3cc472e4-eca8-4ee7-bacf-dea021b5bd5d;373.33;0.23136;UNKNOWN
2016-02-02T02:41:16.000000;2016-02-02T02:41:16.000000;e207d614-68d6-4ff7-9a5e-5f65fee972eb;373.34;0.2707;UNKNOWN
2016-02-02T02:41:16.000000;2016-02-02T02:41:16.000000;c6c47753-b534-49c5-8d5c-ddcc3a083e2d;373.34;1.33279;UNKNOWN
2016-02-02T02:41:16.000000;2016-02-02T02:41:16.000000;e98c696b-d9d0-4001-9019-8b503ca9e514;373.34;0.081926;UNKNOWN
2016-02-02T02:41:16.000000;2016-02-02T02:41:16.000000;217e68cc-3a8e-4191-b887-42516bfa1173;373.36;0.419584;UNKNOWN
2016-02-02T02:41:16.000000;2016-02-02T02:41:16.000000;0c958eee-f804-46a2-adb0-d731ea5f0093;373.35;0.01;UNKNOWN
2016-02-02T02:41:18.000000;2016-02-02T02:41:18.000000;78057fba-763c-4074-be31-139748ad6c76;373.36;0.17;UNKNOWN
2016-02-02T02:41:27.000000;2016-02-02T02:41:27.000000;2ad25ecb-06c8-4d7d-90b1-0cfab5be1489;373.32;1.0;UNKNOWN
2016-02-02T02:41:29.000000;2016-02-02T02:41:29.000000;fd408113-0acf-4770-87a5-d7e8956e143c;373.32;1.9885;UNKNOWN
2016-02-02T02:41:31.000000;2016-02-02T02:41:31.000000;bfbde6f9-d319-4fa9-92df-634e75863bb2;373.32;0.0115;UNKNOWN
2016-02-02T02:41:32.000000;2016-02-02T02:41:32.000000;676440eb-8eef-4d86-b80f-9e3ad482463f;373.32;1.57;UNKNOWN
2016-02-02T02:41:34.000000;2016-02-02T02:41:34.000000;47394657-a5ad-45b1-8319-848608e07a76;373.32;0.2;UNKNOWN
2016-02-02T02:41:39.000000;2016-02-02T02:41:39.000000;2db2c454-5496-4ef7-95ce-f91de7592305;373.36;0.010416;UNKNOWN
2016-02-02T02:41:39.000000;2016-02-02T02:41:39.000000;20cd8f5c-845d-4fa4-b02c-e0a0099b247a;373.39;0.01;UNKNOWN
2016-02-02T02:41:39.000000;2016-02-02T02:41:39.000000;dc3e811f-172a-460a-ab48-1c35e89bd206;373.4;0.1232872;UNKNOWN
2016-02-02T02:41:39.000000;2016-02-02T02:41:39.000000;48f1bc6c-7cb8-46c1-805c-3fe548fb53b9;373.4;0.259;UNKNOWN
2016-02-02T02:41:41.000000;2016-02-02T02:41:41.000000;c0d27be4-233a-4ee1-b363-8941674670d6;373.44;0.01;UNKNOWN
2016-02-02T02:41:41.000000;2016-02-02T02:41:41.000000;b1042dc5-cab3-4fe3-b9dd-d95f622195da;373.4;0.4767128;UNKNOWN
2016-02-02T02:41:41.000000;2016-02-02T02:41:41.000000;c295fba0-3341-48f7-aca9-d63282f7dbe2;373.46;0.44490804;UNKNOWN
2016-02-02T02:41:42.000000;2016-02-02T02:41:42.000000;da484b86-56fb-44a3-9862-05eaa6ef2976;373.46;0.5646;UNKNOWN
2016-02-02T02:41:42.000000;2016-02-02T02:41:42.000000;139ddca7-a4c8-44b6-885e-bb701760f0e0;373.46;0.06837916;UNKNOWN
2016-02-02T02:41:43.000000;2016-02-02T02:41:43.000000;75ebcb98-082a-4ba3-80b7-983bf1aa389f;373.46;0.78162084;UNKNOWN
2016-02-02T02:41:46.000000;2016-02-02T02:41:46.000000;672998ef-cd2c-4dcf-9054-31c6b4550a3e;373.46;1.0;UNKNOWN
2016-02-02T02:41:49.000000;2016-02-02T02:41:49.000000;c88eacb0-fde5-44ab-92f5-290f202c6c90;373.46;0.0501;UNKNOWN
2016-02-02T02:41:49.000000;2016-02-02T02:41:49.000000;c722b4e6-b16b-4fd2-96c7-18b95ce4d4f4;373.5;2.26458299;UNKNOWN
2016-02-02T02:41:49.000000;2016-02-02T02:41:49.000000;0c195484-b73d-4c59-89aa-4da0d8412f4e;373.44;0.6;UNKNOWN
2016-02-02T02:41:49.000000;2016-02-02T02:41:49.000000;cdf7199d-8417-49b0-9f6a-a773b21253dc;373.46;1.08531701;UNKNOWN
