time_exchange;time_coinpai;guid;price;base_amount;taker_side
2016-02-02T00:00:31.710000;2016-02-02T00:00:31.740000;77617d66-9519-46fd-9096-c64ac1b40d82;371.33;0.38047;BUY
2016-02-02T00:01:02.083000;2016-02-02T00:01:02.100000;b27b443b-9c89-4f67-9616-df671440a35a;371.33;0.728;BUY
2016-02-02T00:01:02.083000;2016-02-02T00:01:02.163000;1518852f-9c97-4b27-8db2-13839ac30c93;371.34;1.0123;BUY
2016-02-02T00:01:31.610000;2016-02-02T00:01:31.633000;bb82ca05-49fc-4351-9f0f-22e7a57bc4ef;371.34;1.073;BUY
2016-02-02T00:01:31.610000;2016-02-02T00:01:31.647000;79edb1be-74b0-4236-aae8-ea5307ce96f1;371.37;0.01113;BUY
2016-02-02T00:02:01.903000;2016-02-02T00:02:01.930000;5234c533-ffae-4668-9994-a0457b955618;371.34;0.667;BUY
2016-02-02T00:02:01.907000;2016-02-02T00:02:01.930000;073e6e4d-a57a-42b2-bcb9-4d7871557c1a;371.35;0.54265;BUY
2016-02-02T00:02:31.850000;2016-02-02T00:02:31.883000;2fd9c3c6-c551-47fa-bba3-50378ef5b31d;371.33;0.816;BUY
2016-02-02T00:02:31.850000;2016-02-02T00:02:31.883000;44d32d48-54da-4874-817e-162bfe5dc00d;371.36;0.64715;BUY
2016-02-02T00:02:57.173000;2016-02-02T00:02:57.210000;710eb675-63ad-4c12-aa15-11e19770a0d7;371.4;0.01;BUY
2016-02-02T00:02:57.173000;2016-02-02T00:02:57.210000;f3199c53-d5a2-4701-be34-2b3fbf529263;371.4;0.03;BUY
2016-02-02T00:03:02.233000;2016-02-02T00:03:02.257000;ec1070b5-a0eb-4f27-9041-ed1c631e80e9;371.33;0.01;SELL
2016-02-02T00:03:02.233000;2016-02-02T00:03:02.273000;20b605cb-70c4-4c06-9a6b-ed0cc68d0207;371.33;0.01;SELL
2016-02-02T00:03:02.233000;2016-02-02T00:03:02.273000;a91954fe-527f-4321-8a25-3d55308ddcc0;371.32;0.01;SELL
2016-02-02T00:03:02.233000;2016-02-02T00:03:02.273000;e71ba046-2032-4970-91a1-4f3b55bba761;371.31;0.01;SELL
2016-02-02T00:03:02.233000;2016-02-02T00:03:02.287000;c588622b-9815-46c9-ae91-d744f71e2f8b;371.31;0.01;SELL
2016-02-02T00:03:02.233000;2016-02-02T00:03:02.367000;8181cbbd-0c17-4e49-b0f1-4b7ae743bf09;371.17;0.00726;SELL
2016-02-02T00:03:09.540000;2016-02-02T00:03:09.570000;3f7665ee-9848-4e4c-94ed-c2f3befa10a9;371.39;0.01;BUY
2016-02-02T00:03:09.540000;2016-02-02T00:03:09.583000;19eeb233-793d-424e-9902-9575d71328c5;371.39;0.01;BUY
2016-02-02T00:03:09.540000;2016-02-02T00:03:09.583000;bb677a1d-024b-40f6-8d17-982dd240bd95;371.39;0.127;BUY
2016-02-02T00:03:09.540000;2016-02-02T00:03:09.583000;dd9a106b-7417-4a55-bc31-7119a96fb4a6;371.4;0.01;BUY
2016-02-02T00:03:09.540000;2016-02-02T00:03:09.600000;8a01e4cf-e222-4b7f-bc1b-b56c373e5852;371.4;0.01;BUY
2016-02-02T00:03:09.540000;2016-02-02T00:03:09.600000;90454c1e-9b0d-49a2-8110-fb6aac8f0b82;371.41;0.01;BUY
2016-02-02T00:03:09.540000;2016-02-02T00:03:09.600000;0668ab10-c079-4fcf-9c50-c0aea90094bc;371.42;0.15;BUY
2016-02-02T00:03:09.543000;2016-02-02T00:03:09.647000;3ff6dfd0-c45d-4e2f-955c-813ea8da38bb;371.42;0.15;BUY
2016-02-02T00:03:09.543000;2016-02-02T00:03:09.647000;d410f895-d9f3-4ce9-8453-6bf57dd90420;371.45;0.099;BUY
2016-02-02T00:03:09.543000;2016-02-02T00:03:09.647000;81c707cf-dd8c-489b-8dd0-6b9118c16177;371.45;0.02;BUY
2016-02-02T00:03:09.543000;2016-02-02T00:03:09.647000;83a21591-d1e6-4749-8cf7-90f7826596bc;371.48;0.08;BUY
2016-02-02T00:03:09.543000;2016-02-02T00:03:09.647000;1e84c8c8-3c55-4b55-8318-c4a675746ccc;371.5;3.324;BUY
2016-02-02T00:03:31.580000;2016-02-02T00:03:31.600000;6584023e-878f-4b1d-94cc-e6582ff96e49;371.4;0.04364;BUY
2016-02-02T00:04:01.690000;2016-02-02T00:04:01.710000;4f9c9a9c-75f2-4af8-8713-45abe24f465d;371.39;0.79372;BUY
2016-02-02T00:05:10.037000;2016-02-02T00:05:10.053000;010de8fd-655a-46a6-bf20-e906be28efb2;371.36;0.851;BUY
2016-02-02T00:05:10.037000;2016-02-02T00:05:10.070000;0dc565cb-a549-41ad-8464-6a51ec173ab5;371.36;2.06924;BUY
2016-02-02T00:05:31.667000;2016-02-02T00:05:31.693000;e1893589-70dd-47e7-af39-a37089086fe5;371.36;0.798;BUY
2016-02-02T00:05:31.667000;2016-02-02T00:05:31.693000;3bdafe90-3c65-48c9-8fb0-6b421dc72fea;371.36;4.17657;BUY
2016-02-02T00:06:01.700000;2016-02-02T00:06:01.710000;60c43adf-b577-4028-8f7b-c614e4acd12e;371.39;0.797;BUY
2016-02-02T00:06:01.700000;2016-02-02T00:06:01.727000;170398ca-107f-469e-aaf1-77f40c16a142;371.41;0.68717;BUY
2016-02-02T00:06:32.010000;2016-02-02T00:06:32.023000;70c370bb-1a9f-4027-98bd-2072cdf4d0bd;371.4;0.742;BUY
2016-02-02T00:06:32.010000;2016-02-02T00:06:32.037000;163a5a6e-c805-4d76-97f6-220d65642c3e;371.43;0.768;BUY
2016-02-02T00:06:32.010000;2016-02-02T00:06:32.037000;5ad01326-61ea-434a-a09f-6aec24bdb0df;371.46;0.41685;BUY
2016-02-02T00:07:01.800000;2016-02-02T00:07:01.803000;3741b12a-bea5-4a42-beb4-071884cd2e8e;371.42;0.19949;BUY
2016-02-02T00:07:31.770000;2016-02-02T00:07:31.773000;f10b2394-e5b6-443c-8977-cf813dc9ac27;371.36;0.01;SELL
2016-02-02T00:07:31.770000;2016-02-02T00:07:31.787000;6f9fb3ed-bd96-46a7-81b8-d94af00e0e8d;371.36;0.01;SELL
2016-02-02T00:07:31.770000;2016-02-02T00:07:31.787000;31854484-c34b-40fd-9bad-4580f5ed02e2;371.36;0.0297;SELL
2016-02-02T00:08:02.053000;2016-02-02T00:08:02.053000;c284994e-56ab-4e04-82df-3e138152c2ea;371.38;0.01;SELL
2016-02-02T00:08:02.053000;2016-02-02T00:08:02.053000;e43374ed-003a-4e4b-993b-6f49366e92c9;371.38;0.27986;SELL
2016-02-02T00:08:31.653000;2016-02-02T00:08:31.663000;471671bc-ceb7-48ae-bf4f-6f6fa1c48870;371.47;0.01;BUY
2016-02-02T00:08:31.653000;2016-02-02T00:08:31.680000;75de9a49-3b3d-4148-8d56-c30fa086891f;371.48;0.01;BUY
2016-02-02T00:08:31.653000;2016-02-02T00:08:31.680000;081be61c-f3df-4171-9c29-45448a1ad684;371.5;0.33866;BUY
2016-02-02T00:09:01.680000;2016-02-02T00:09:01.680000;8dee19dc-a082-4129-b0fd-2c26c804b23c;371.5;1.79598;BUY
2016-02-02T00:09:31.833000;2016-02-02T00:09:31.837000;b93b7390-4748-453d-ba72-9477e1652027;371.5;0.8532;BUY
2016-02-02T00:10:02.303000;2016-02-02T00:10:02.303000;11354f4f-7691-4672-8acb-c1ad9f19fa6c;371.5;0.10924;BUY
2016-02-02T00:10:31.753000;2016-02-02T00:10:31.757000;5e34c840-c3d4-4500-8eaa-cb60e2ebdef2;371.44;0.24393;SELL
2016-02-02T00:11:01.777000;2016-02-02T00:11:01.773000;b20e310d-36d8-40f9-981c-2cfd860970fb;371.5;0.24642;BUY
2016-02-02T00:11:31.967000;2016-02-02T00:11:31.990000;eba174b1-732c-4b59-be17-933331ee5f27;371.5;0.08581;BUY
2016-02-02T00:12:31.883000;2016-02-02T00:12:31.927000;e161c025-49b3-4f5f-9f7a-cd2b821a27d4;371.49;0.07333;SELL
2016-02-02T00:12:38.667000;2016-02-02T00:12:38.710000;f30a1d84-4df2-4da5-a073-0d42e5b73a31;371.49;0.02;SELL
2016-02-02T00:13:31.550000;2016-02-02T00:13:31.583000;8ea2cf72-3fa7-4f41-a2ef-33753d8c6382;371.57;0.01;BUY
2016-02-02T00:13:31.550000;2016-02-02T00:13:31.600000;b2649d03-0d47-454d-864d-018f490ffe10;371.58;0.01;BUY
2016-02-02T00:13:31.550000;2016-02-02T00:13:31.600000;4ec707ef-a60f-41ad-8a64-8b6445a6788f;371.7;0.032;BUY
2016-02-02T00:13:31.550000;2016-02-02T00:13:31.630000;0b0be5f0-2882-4080-a051-f8ac6553dc39;371.74;0.01;BUY
2016-02-02T00:13:31.550000;2016-02-02T00:13:31.693000;8e5bde83-fa56-41e9-8a1b-dfd2b7de1d08;371.77;0.077;BUY
2016-02-02T00:13:31.550000;2016-02-02T00:13:31.693000;3aa227df-aded-4cdc-81a8-d65242c9f6c8;371.79;0.02;BUY
2016-02-02T00:13:31.550000;2016-02-02T00:13:31.693000;5a5f6099-396f-4160-9097-75bb09ff258a;371.83;0.01;BUY
2016-02-02T00:13:31.550000;2016-02-02T00:13:31.693000;dc0913aa-4a52-4e8d-9ede-c6432430392a;371.84;0.086;BUY
2016-02-02T00:13:31.550000;2016-02-02T00:13:31.693000;35b13742-09dd-4d56-9d49-80da2974370e;371.86;0.666;BUY
2016-02-02T00:13:31.550000;2016-02-02T00:13:31.693000;08854fde-4d11-4aa5-ada3-6954abe6a3de;371.87;0.088;BUY
2016-02-02T00:13:31.550000;2016-02-02T00:13:31.693000;1f7c9ef7-d12c-4de0-8bd3-25737113938c;371.89;0.09;BUY
2016-02-02T00:13:31.550000;2016-02-02T00:13:31.693000;0f7ccd28-47d8-4e75-9675-7c77735e572c;371.9;0.02895;BUY
2016-02-02T00:14:01.713000;2016-02-02T00:14:01.757000;8e153db1-c37e-4a78-9aa5-808702693187;371.9;0.43943756;BUY
2016-02-02T00:14:01.713000;2016-02-02T00:14:01.770000;905d5623-c91d-4486-9d7c-1610a0f56e1e;371.93;0.76060244;BUY
2016-02-02T00:14:10.153000;2016-02-02T00:14:10.210000;dc946e00-6739-4bc4-b11b-48cd7bb4232b;371.93;0.01789756;BUY
2016-02-02T00:14:10.153000;2016-02-02T00:14:10.223000;deb17342-a690-488c-8a97-c10b432d5929;371.98;0.01;BUY
2016-02-02T00:14:10.153000;2016-02-02T00:14:10.223000;8ed4fd30-b2b2-46ae-8382-7f0aba775ce8;372.0;0.06210244;BUY
2016-02-02T00:14:13.967000;2016-02-02T00:14:14.007000;7c4bf12c-1797-4dd4-965d-43fe0d07a4c8;372.0;0.01487348;BUY
2016-02-02T00:14:31.710000;2016-02-02T00:14:31.740000;34a4798d-c613-422f-b57d-97b0ea98685b;372.0;0.02302408;BUY
2016-02-02T00:14:31.710000;2016-02-02T00:14:31.757000;8c412920-c096-4049-b011-0767c2e9d6e3;372.0;0.01;BUY
2016-02-02T00:14:31.710000;2016-02-02T00:14:31.757000;66c10a81-b567-41f2-b226-20c438e5f103;372.0;0.1;BUY
2016-02-02T00:14:31.710000;2016-02-02T00:14:31.757000;61ff5f85-e414-42e4-9fd4-858018e2d60e;372.0;0.10499592;BUY
2016-02-02T00:15:01.523000;2016-02-02T00:15:01.553000;3eaa62ec-a5bd-4849-872f-82dd95cac461;372.0;1.4907;BUY
2016-02-02T00:15:31.593000;2016-02-02T00:15:31.630000;b9ce7e87-38b9-46ce-9f7b-751c0afb9700;372.0;0.10855;BUY
2016-02-02T00:16:08.560000;2016-02-02T00:16:08.583000;b4b8b0e6-2f6f-4f64-9d38-ace1f9b2149d;371.99;5.0;SELL
2016-02-02T00:16:18.433000;2016-02-02T00:16:18.460000;99fe665b-fec9-47dc-b937-037eed834746;372.0;0.17887471;BUY
2016-02-02T00:16:31.617000;2016-02-02T00:16:31.663000;eaab77fd-55f9-425b-9690-e1757cc1478b;371.99;1.982;SELL
2016-02-02T00:16:31.617000;2016-02-02T00:16:31.663000;5ea80560-5fcf-4c6b-9244-b0e6ea9698f8;371.99;0.015;SELL
2016-02-02T00:16:31.617000;2016-02-02T00:16:31.663000;2bc04e6e-2720-471b-be75-0a199dbd0249;371.98;0.097;SELL
2016-02-02T00:16:31.617000;2016-02-02T00:16:31.677000;666fb5fe-43d9-490e-9bba-74adea3a407b;371.98;0.112;SELL
2016-02-02T00:16:31.617000;2016-02-02T00:16:31.677000;64ee723d-d67e-499d-a712-a3c972099d2a;371.97;1.939;SELL
2016-02-02T00:16:31.617000;2016-02-02T00:16:31.677000;49a60961-b9b6-4731-b6ae-30dfaed45e2e;371.92;0.423;SELL
2016-02-02T00:17:01.727000;2016-02-02T00:17:01.757000;e52a71ed-c2cd-44c2-91be-ffa2830f5d79;371.93;1.746;SELL
2016-02-02T00:17:01.727000;2016-02-02T00:17:01.770000;523563e7-fda8-438b-8f73-a8fec444d4c3;371.92;2.63278;SELL
2016-02-02T00:17:31.667000;2016-02-02T00:17:31.693000;258efd5f-262b-4cae-94d5-9c89628dc2e9;371.99;0.40342;BUY
2016-02-02T00:18:01.793000;2016-02-02T00:18:01.820000;f33e1f31-16ee-4e3d-bfa2-8d862ca01d06;371.98;0.27;BUY
2016-02-02T00:18:01.793000;2016-02-02T00:18:01.833000;c4e35afc-064e-4748-95a6-6290f6a8534e;371.98;0.07624;BUY
2016-02-02T00:18:35.893000;2016-02-02T00:18:35.927000;e58086aa-52a5-49fd-9607-3373b7e585d7;371.94;1.47072;BUY
2016-02-02T00:19:01.797000;2016-02-02T00:19:01.820000;97e270ec-f0cd-4f9f-9dfe-ba7c44f3efcb;371.95;0.02563;BUY
2016-02-02T00:19:31.857000;2016-02-02T00:19:31.880000;9d372110-606a-4ab2-85df-4375d46ea2fc;371.93;0.62733;BUY
2016-02-02T00:20:01.767000;2016-02-02T00:20:01.803000;c3247f25-41ed-4787-a603-2234e3e212ae;371.92;0.03;SELL
2016-02-02T00:20:01.767000;2016-02-02T00:20:01.803000;d9147532-a802-4f16-a3dd-a0dcab33dc90;371.9;0.01;SELL
2016-02-02T00:20:01.767000;2016-02-02T00:20:01.803000;49212b3d-6a2f-4c2a-bb15-638c3a6113f2;371.9;0.119;SELL
2016-02-02T00:20:01.767000;2016-02-02T00:20:01.803000;4a73805a-9e5e-447e-9c2e-ff8e098ad714;371.89;0.105;SELL
2016-02-02T00:20:01.767000;2016-02-02T00:20:01.803000;c3fb613e-3629-48f0-8f43-d8cfcc2401eb;371.86;0.123;SELL
2016-02-02T00:20:01.767000;2016-02-02T00:20:01.803000;60c23a40-c07f-4e79-bafc-bb37e79e1db7;371.85;0.21;SELL
2016-02-02T00:20:01.770000;2016-02-02T00:20:01.803000;54c725af-0164-4486-a53d-6a54b0f3a429;371.83;0.121;SELL
2016-02-02T00:20:01.770000;2016-02-02T00:20:01.833000;7f290997-36ac-4066-87e1-ca630e59669c;371.8;0.0125;SELL
2016-02-02T00:20:01.770000;2016-02-02T00:20:01.833000;32c86b86-ab26-44a6-ae0a-a06a45722ed3;371.8;0.124;SELL
2016-02-02T00:20:01.770000;2016-02-02T00:20:01.833000;8c70bd77-789d-4e10-b9db-4ab1c116bdaf;371.77;0.09074;SELL
2016-02-02T00:20:31.853000;2016-02-02T00:20:31.880000;27019719-c561-47a8-8b7e-5b37c85a9f0c;371.87;1.57987;BUY
2016-02-02T00:21:01.840000;2016-02-02T00:21:01.867000;83dcbc04-f597-491d-ae24-e01efff960a7;371.92;0.01;BUY
2016-02-02T00:21:01.840000;2016-02-02T00:21:01.867000;569c3717-20d9-423e-85c5-229cbd68d243;371.99;0.01;BUY
2016-02-02T00:21:01.840000;2016-02-02T00:21:01.897000;4ce094c3-e7ed-438d-9293-b35c2944b1f6;372.0;1.17797;BUY
2016-02-02T00:21:20.600000;2016-02-02T00:21:20.630000;79c36d7c-24df-4b1c-84a4-57729e47220e;372.0;0.03;BUY
2016-02-02T00:21:34.453000;2016-02-02T00:21:34.473000;ab7eed9a-9a51-4791-8189-1e8750f41e7f;371.99;1.619;SELL
2016-02-02T00:21:34.453000;2016-02-02T00:21:34.490000;2fc17562-dbb7-4325-b6cc-a2af801fd379;371.99;1.61997;SELL
2016-02-02T00:22:02.900000;2016-02-02T00:22:02.913000;2526d0f7-6c0c-449e-bd45-2be0ca904c8d;372.0;0.13585;BUY
2016-02-02T00:22:32.480000;2016-02-02T00:22:32.490000;2be9e6dd-d886-49ea-a7d0-5b9ceb019d14;372.0;0.27425;BUY
2016-02-02T00:23:03.153000;2016-02-02T00:23:03.163000;0f80737f-b97b-4546-8787-10b1c706590f;372.0;0.05367;BUY
2016-02-02T00:23:24.783000;2016-02-02T00:23:24.787000;1185a0a8-d87e-431c-878a-48cfa822c82e;371.97;0.03;BUY
2016-02-02T00:23:32.143000;2016-02-02T00:23:32.177000;bbd7342a-9084-4ea5-8e67-e4f9ae251537;371.98;2.4;BUY
2016-02-02T00:23:32.143000;2016-02-02T00:23:32.177000;443ce034-605a-43ad-ada1-97bc21982dd6;371.99;0.19534;BUY
2016-02-02T00:24:01.770000;2016-02-02T00:24:01.787000;5695d8fa-5fd0-42dc-9e54-fb2206fef36e;372.0;0.14993;BUY
2016-02-02T00:24:31.763000;2016-02-02T00:24:31.773000;2d502162-21e6-487a-b1af-7093592ee2f9;372.0;0.04804;BUY
2016-02-02T00:25:02.103000;2016-02-02T00:25:02.117000;75f8b36e-cda2-43e2-b6ea-b61875c6e2c0;372.0;0.24274;BUY
2016-02-02T00:25:31.713000;2016-02-02T00:25:31.710000;38d594e0-90ee-4d56-bd68-ffb34dd2eaf3;372.0;0.1103;BUY
2016-02-02T00:26:01.943000;2016-02-02T00:26:01.943000;bc4ed863-97e4-41f1-b70b-11a14f7903f5;372.0;0.10817;BUY
2016-02-02T00:26:31.760000;2016-02-02T00:26:31.773000;0d3a7a36-4c50-4e7d-bb6a-0026b96070d9;372.0;2.9881;BUY
2016-02-02T00:27:01.720000;2016-02-02T00:27:01.853000;3cbdd521-0870-4c18-8846-e5f597816218;372.0;0.59842;BUY
2016-02-02T00:27:31.800000;2016-02-02T00:27:31.853000;1f8dbd30-1800-42c7-a393-e752a144c966;372.0;6.29336;BUY
2016-02-02T00:28:02.990000;2016-02-02T00:28:03.040000;703bc75b-42da-495d-a1ce-b0bb569512a6;372.0;2.87145;BUY
2016-02-02T00:28:27.620000;2016-02-02T00:28:27.667000;a4c88180-6cb9-420c-a766-df35c7709302;371.95;0.05;SELL
2016-02-02T00:28:27.620000;2016-02-02T00:28:27.680000;1b040ec9-63b7-4d63-ac19-af496511bf4b;371.95;0.096;SELL
2016-02-02T00:28:27.620000;2016-02-02T00:28:27.680000;e7391a52-b759-48de-992c-0e9cfb28828d;371.93;0.03;SELL
2016-02-02T00:28:27.620000;2016-02-02T00:28:27.680000;fc7f4542-9cb4-49b8-8aca-51a185888025;371.93;0.112;SELL
2016-02-02T00:28:27.620000;2016-02-02T00:28:27.697000;55526f38-dc6d-44bf-9ca7-6a5d6e10c52e;371.92;0.095;SELL
2016-02-02T00:28:27.620000;2016-02-02T00:28:27.697000;cf6172df-0928-4721-b877-c567756fcd56;371.91;0.01;SELL
2016-02-02T00:28:27.620000;2016-02-02T00:28:27.697000;29a3156c-44ee-406e-9138-1a3c9cb22a96;371.91;0.01;SELL
2016-02-02T00:28:27.620000;2016-02-02T00:28:27.697000;065d6ce0-6b6e-4eb6-98ed-467e771be238;371.9;0.01;SELL
2016-02-02T00:28:27.620000;2016-02-02T00:28:27.713000;912b091d-9806-4aad-a12a-9aeadecc44e6;371.9;0.01;SELL
2016-02-02T00:28:27.620000;2016-02-02T00:28:27.713000;e3db366c-7867-484b-8514-a509a8bbaaec;371.9;0.14380028;SELL
2016-02-02T00:28:31.707000;2016-02-02T00:28:31.760000;273bbe61-ac52-4a9c-94a9-477c87577ca3;372.0;0.24862;BUY
2016-02-02T00:28:52.253000;2016-02-02T00:28:52.307000;46fa1fe2-3dd6-4f89-ba2e-6b4e6f7200ca;372.0;0.28;BUY
2016-02-02T00:29:01.680000;2016-02-02T00:29:01.730000;6ea750b8-aca3-4d9c-8c5a-ed66948c60ee;371.92;0.03;SELL
2016-02-02T00:29:01.680000;2016-02-02T00:29:01.743000;60b8d7b8-b7d1-4052-97d7-65c74a9d0baf;371.92;0.1;SELL
2016-02-02T00:29:01.680000;2016-02-02T00:29:01.743000;b7ecfb21-671b-49d0-b75f-72554897f806;371.88;0.12976;SELL
2016-02-02T00:29:02.583000;2016-02-02T00:29:02.633000;547ed131-1c0a-47e2-b6e9-e85273d0aeea;371.98;0.03;BUY
2016-02-02T00:29:31.690000;2016-02-02T00:29:31.730000;d4ef4735-b4ea-4453-8d3f-4b259fa15447;371.94;0.20379;BUY
2016-02-02T00:30:02.003000;2016-02-02T00:30:02.087000;6d0df867-0120-4726-95c9-41f124929eb4;371.91;0.029;BUY
2016-02-02T00:30:02.003000;2016-02-02T00:30:02.087000;da8f0f6f-8438-42df-9908-86c4624da408;371.93;0.2;BUY
2016-02-02T00:30:02.003000;2016-02-02T00:30:02.087000;0c6d4b79-ccfa-4331-bf60-2dddc6c6c88a;371.94;0.21;BUY
2016-02-02T00:30:02.007000;2016-02-02T00:30:02.087000;c7ed03fa-11d1-469a-855f-f20ff662319f;371.94;0.8;BUY
2016-02-02T00:30:02.007000;2016-02-02T00:30:02.103000;389ab792-8486-4e50-8554-7f0ee74f03c8;371.95;0.01;BUY
2016-02-02T00:30:02.007000;2016-02-02T00:30:02.103000;e1bd35eb-ad03-4e49-a12c-54c2ba240bd0;371.95;0.01;BUY
2016-02-02T00:30:02.007000;2016-02-02T00:30:02.103000;4395a51b-3e0c-4c66-a086-0bd7c82eab7f;371.95;2.4;BUY
2016-02-02T00:30:02.007000;2016-02-02T00:30:02.103000;f7594dc1-99ee-4727-bd5b-733a6bb541f6;371.96;0.01;BUY
2016-02-02T00:30:02.007000;2016-02-02T00:30:02.103000;4fb4e8d5-bcfa-4d6a-937f-f3b939e362b7;371.96;0.01;BUY
2016-02-02T00:30:02.007000;2016-02-02T00:30:02.120000;403f9e3e-8971-4e5d-a003-b3fef06e66c1;371.97;0.308;BUY
2016-02-02T00:30:02.007000;2016-02-02T00:30:02.120000;29beb120-38b0-403f-9bbe-77081e40fe09;371.99;0.49569;BUY
2016-02-02T00:30:33.323000;2016-02-02T00:30:33.370000;bf1a1109-e9a0-4003-9a54-9dbe41c7a2de;371.96;0.56698;BUY
2016-02-02T00:31:02.600000;2016-02-02T00:31:02.667000;50660708-7ca7-415f-b727-7a673e016968;371.91;0.03;SELL
2016-02-02T00:31:02.600000;2016-02-02T00:31:02.667000;ac683660-05fd-4033-8ad4-4b5a16f39868;371.9;0.01;SELL
2016-02-02T00:31:02.600000;2016-02-02T00:31:02.667000;c7b6127e-7383-4127-a865-295c900bcb22;371.9;0.01;SELL
2016-02-02T00:31:02.600000;2016-02-02T00:31:02.680000;9ff513b7-48d9-4ea8-939a-2cafd62f5e0b;371.9;0.122;SELL
2016-02-02T00:31:02.600000;2016-02-02T00:31:02.680000;e1cca5dc-4938-4700-b0c0-e0273df79fa7;371.89;0.01;SELL
2016-02-02T00:31:02.600000;2016-02-02T00:31:02.680000;c5576f07-a5c5-4d2b-af13-189a600c1ae4;371.89;0.2;SELL
2016-02-02T00:31:02.600000;2016-02-02T00:31:02.680000;63ce01a3-7ab7-4eb1-82c3-6262d59f58c0;371.88;0.01;SELL
2016-02-02T00:31:02.600000;2016-02-02T00:31:02.680000;40a1090c-1c92-49d0-bab2-403e6e51a08f;371.88;0.01;SELL
2016-02-02T00:31:02.600000;2016-02-02T00:31:02.680000;ec06c269-89b2-4f9e-b80d-bd13defc89af;371.87;0.076;SELL
2016-02-02T00:31:02.600000;2016-02-02T00:31:02.730000;afd68970-5f2e-4c64-94b9-ee22626708c8;371.86;0.01;SELL
2016-02-02T00:31:02.600000;2016-02-02T00:31:02.743000;1bc0b0ba-c820-4f90-87de-b131c3f5ee7f;371.85;0.01;SELL
2016-02-02T00:31:02.600000;2016-02-02T00:31:02.743000;2034a608-8f35-40e8-96e4-3db13785e83b;371.85;0.01;SELL
2016-02-02T00:31:02.600000;2016-02-02T00:31:02.743000;0bc239f9-2f7e-4c91-b20f-cdc555f51198;371.85;0.02903;SELL
2016-02-02T00:31:32.550000;2016-02-02T00:31:32.603000;afdf0eae-97ff-44f7-9719-8dd727322ee1;371.95;0.01;BUY
2016-02-02T00:31:32.550000;2016-02-02T00:31:32.603000;3705b3ba-2604-428f-b0c1-e06608be2307;371.95;0.01;BUY
2016-02-02T00:31:32.550000;2016-02-02T00:31:32.650000;d21aac90-9f28-4865-9420-b1049e5bcac2;371.95;0.18;BUY
2016-02-02T00:31:32.550000;2016-02-02T00:31:32.650000;8b87cc61-978a-42e2-b5f2-13488f15b9c9;371.95;1.054;BUY
2016-02-02T00:31:32.550000;2016-02-02T00:31:32.650000;2755cb89-c036-42a7-a933-2e3b48bcbf44;371.98;1.06;BUY
2016-02-02T00:31:32.550000;2016-02-02T00:31:32.650000;2142b982-5c47-40fc-9ddb-10529e4dfa66;371.99;5.41138;BUY
2016-02-02T00:32:01.903000;2016-02-02T00:32:01.947000;d2c82b4e-838f-41fc-8ad9-160aadfb8e37;371.9;0.124;SELL
2016-02-02T00:32:01.903000;2016-02-02T00:32:01.963000;5246a026-3b3b-481e-967d-2cf68db61206;371.89;0.01921;SELL
2016-02-02T00:32:32.217000;2016-02-02T00:32:32.260000;3355fcb4-6b1f-46bc-b81b-42b6aaac9960;371.89;0.02;SELL
2016-02-02T00:32:32.217000;2016-02-02T00:32:32.277000;131448b6-0037-4d74-a32d-80d25c6b3556;371.89;0.072;SELL
2016-02-02T00:32:32.217000;2016-02-02T00:32:32.277000;dd504ea6-e2d1-4574-8080-a77d6ea1a634;371.89;0.00607;SELL
2016-02-02T00:32:35.780000;2016-02-02T00:32:35.823000;e3b1ec86-8801-445b-8387-e8876b86d856;371.89;0.13393;SELL
2016-02-02T00:32:35.780000;2016-02-02T00:32:35.837000;fcf729db-e19a-4027-8d59-15f4362061d8;371.88;0.01;SELL
2016-02-02T00:32:35.780000;2016-02-02T00:32:35.837000;6ae6455f-76f5-4ba5-9e1e-24be42fdaf3e;371.88;0.01;SELL
2016-02-02T00:32:35.780000;2016-02-02T00:32:35.853000;4fe25fe5-899d-4eb3-be01-34e1a0f89544;371.87;0.01;SELL
2016-02-02T00:32:35.780000;2016-02-02T00:32:35.853000;07d5c0d2-3afe-4af2-8dcd-e89b20acfeb4;371.86;0.093;SELL
2016-02-02T00:32:35.780000;2016-02-02T00:32:35.853000;c4e5439c-cd9b-49b2-8389-672a216f17bb;371.86;0.00557;SELL
2016-02-02T00:33:02.600000;2016-02-02T00:33:02.633000;98b43f1b-c363-4571-ab92-adbe0bbd0f6e;371.95;0.01;BUY
2016-02-02T00:33:02.600000;2016-02-02T00:33:02.667000;63f50c3a-e3fb-46f7-9642-bcbc8d292bf2;371.95;0.14;BUY
2016-02-02T00:33:02.600000;2016-02-02T00:33:02.667000;4b5bf41c-6232-4850-aef2-fc392afc72ee;371.95;0.78049;BUY
2016-02-02T00:33:32.270000;2016-02-02T00:33:32.307000;bfebb7e3-94cf-42e4-92c4-29bd66ad60ed;371.95;2.66691;BUY
2016-02-02T00:34:31.737000;2016-02-02T00:34:31.777000;d1665d5c-8292-4cdd-9739-495d0a53d82b;371.95;0.20639;BUY
2016-02-02T00:35:02.127000;2016-02-02T00:35:02.150000;ea95dd80-dd20-44da-b668-1857c59abfc9;371.95;0.15244;BUY
2016-02-02T00:35:31.790000;2016-02-02T00:35:31.823000;18a921d7-957a-438e-bc72-8a7ab056d29b;371.95;1.66359;BUY
2016-02-02T00:36:31.723000;2016-02-02T00:36:31.760000;f839e380-fc86-416c-b123-b56f849fb52a;371.95;0.34529;BUY
2016-02-02T00:37:01.927000;2016-02-02T00:37:01.947000;e015429d-2c8e-4215-b90c-8e2f9743c3cf;371.95;0.14347;BUY
2016-02-02T00:37:32.387000;2016-02-02T00:37:32.417000;a18039ff-b5ae-4b24-9aa3-5d12010d1506;371.95;0.32083;BUY
2016-02-02T00:37:37.830000;2016-02-02T00:37:37.870000;967d999f-7f94-4c6f-8bb3-d1906b9fe612;371.95;0.38;BUY
2016-02-02T00:38:01.817000;2016-02-02T00:38:01.837000;c9ba6fe1-238b-4578-a0b1-2b49844cf959;371.95;1.51037;BUY
2016-02-02T00:38:41.550000;2016-02-02T00:38:41.573000;b742aa39-bc3b-4a8d-a62a-016d6fd8ad0b;371.95;10.22;BUY
2016-02-02T00:39:01.927000;2016-02-02T00:39:01.947000;50cd6279-608d-4405-a215-11b19f416558;371.95;0.67795;BUY
2016-02-02T00:39:19.913000;2016-02-02T00:39:19.933000;d4b2844c-3f6e-40e5-b0e4-9b7247f47f31;371.95;0.267;BUY
2016-02-02T00:39:31.767000;2016-02-02T00:39:31.790000;7f6765bb-40cc-4bc8-ac6e-a45cafa38f65;371.95;0.17298;BUY
2016-02-02T00:40:01.820000;2016-02-02T00:40:01.837000;07adc0b1-7781-4a60-9f17-721bfcaea590;371.95;0.10174;BUY
2016-02-02T00:40:20.480000;2016-02-02T00:40:20.510000;7018b56d-c1cb-493a-997d-10cfa407b131;371.95;0.1;BUY
2016-02-02T00:40:31.643000;2016-02-02T00:40:31.777000;9a04e3c6-0052-4035-8ee7-041a6d23955a;371.95;0.26984;BUY
2016-02-02T00:41:01.803000;2016-02-02T00:41:01.823000;ec29c2fe-5e68-4b69-9c14-cbf18a3a5ea2;371.95;0.02071;BUY
2016-02-02T00:41:01.803000;2016-02-02T00:41:01.837000;1b9234a5-c0d2-43c2-a743-0c34aebf782c;371.95;0.1;BUY
2016-02-02T00:41:01.803000;2016-02-02T00:41:01.837000;b654a226-5c71-4c8e-93ae-c0d6536668cf;371.96;0.01;BUY
2016-02-02T00:41:01.803000;2016-02-02T00:41:01.837000;38d85edf-046a-47ce-b8b9-facd3b5839c5;371.96;0.01;BUY
2016-02-02T00:41:01.807000;2016-02-02T00:41:01.837000;d0a8c788-3c80-49ef-ad29-73dd05454c5c;371.97;0.01;BUY
2016-02-02T00:41:01.807000;2016-02-02T00:41:01.837000;aa6098b0-776a-4c1a-a61b-5744e30d151a;371.98;0.01;BUY
2016-02-02T00:41:01.807000;2016-02-02T00:41:01.917000;ba92864c-80e9-4186-b7ca-f1c72ee82423;371.98;0.01;BUY
2016-02-02T00:41:01.807000;2016-02-02T00:41:01.917000;9278c644-d35c-4bcc-909c-4cb484f6e9ae;372.0;6.27828;BUY
2016-02-02T00:41:32.700000;2016-02-02T00:41:32.713000;6081bd5e-78b6-4a09-8931-aaf9c8a0582d;372.0;0.3367;BUY
2016-02-02T00:42:01.640000;2016-02-02T00:42:01.800000;475f42f4-41d9-4de7-ad63-9b5ca511975f;372.0;0.44764;BUY
2016-02-02T00:42:59.173000;2016-02-02T00:42:59.330000;1ac39179-ae5c-48e4-908b-a6f892d32628;372.0;0.95;BUY
2016-02-02T00:43:01.657000;2016-02-02T00:43:01.813000;4f669e5b-c4d7-4362-8753-1883e082464f;372.0;2.64357;BUY
2016-02-02T00:43:31.590000;2016-02-02T00:43:31.753000;d7c9c181-eeb7-4302-816d-a3ebfe6ad079;372.0;0.2037;BUY
2016-02-02T00:43:48.540000;2016-02-02T00:43:48.703000;e64124dd-ce7e-4061-9dd1-46bbfad8108c;372.0;7.923;BUY
2016-02-02T00:44:26.573000;2016-02-02T00:44:26.737000;1819eb71-eca8-4606-aab0-9144e9327f33;372.0;0.11;BUY
2016-02-02T00:44:31.707000;2016-02-02T00:44:31.877000;b0a29984-3888-4baf-aa09-9d83e5ec62c1;371.99;8.56941;SELL
2016-02-02T00:44:38.700000;2016-02-02T00:44:38.860000;1e540e2e-7a79-4b72-a1ed-5609f513e37f;372.0;7.459;BUY
2016-02-02T00:45:01.920000;2016-02-02T00:45:02.080000;4346d430-3586-4bf9-a69a-876806063c1d;372.04;0.78348;SELL
2016-02-02T00:45:09.530000;2016-02-02T00:45:09.690000;d68f7335-4d37-4092-8a53-320df1b10c3d;372.05;0.0114;BUY
2016-02-02T00:45:31.843000;2016-02-02T00:45:32.003000;aaf49ae3-8985-4c58-b5dc-b99aaa2c6220;372.05;0.0036;BUY
2016-02-02T00:45:31.843000;2016-02-02T00:45:32.003000;9e38cf31-f98c-4ae8-8fef-787e571f3d90;372.18;0.02;BUY
2016-02-02T00:45:31.847000;2016-02-02T00:45:32.003000;78f44782-6ff7-4661-8082-b937ae6018a8;372.25;0.01;BUY
2016-02-02T00:45:31.847000;2016-02-02T00:45:32.003000;a0998410-e97f-4986-89f8-cf2359f1d1a0;372.26;0.4;BUY
2016-02-02T00:45:31.847000;2016-02-02T00:45:32.033000;beae194b-daf7-4395-ad1a-b93de76ca822;372.27;1.91632;BUY
2016-02-02T00:45:53.913000;2016-02-02T00:45:54.063000;60d62d7a-c444-467e-83b2-68bed769f212;372.27;0.0929;BUY
2016-02-02T00:46:01.803000;2016-02-02T00:46:01.957000;a20728ee-7491-4628-b362-67f0c40283a9;372.27;2.42019;BUY
2016-02-02T00:46:01.803000;2016-02-02T00:46:01.970000;7eeba75a-b8a1-4267-997a-4999dd357e02;372.31;0.01;BUY
2016-02-02T00:46:01.803000;2016-02-02T00:46:01.970000;6c867901-7c6e-4ab0-a44a-7c830a0808c1;372.31;0.01;BUY
2016-02-02T00:46:01.803000;2016-02-02T00:46:01.970000;1de7a60f-e5a5-4c4a-b334-5c0a90f27980;372.31;0.01;BUY
2016-02-02T00:46:01.803000;2016-02-02T00:46:01.970000;fec9cf3b-f224-41e4-8bbc-496087596d55;372.31;0.01;BUY
2016-02-02T00:46:01.803000;2016-02-02T00:46:02.063000;6163af0f-7f2e-4599-ad37-56a1e42ceb02;372.31;0.01;BUY
2016-02-02T00:46:01.803000;2016-02-02T00:46:02.063000;d4759adc-1492-494e-a2fd-9d0e3344135a;372.31;0.01;BUY
2016-02-02T00:46:01.803000;2016-02-02T00:46:02.063000;dedf02c1-3e3c-463d-abf3-11b7aba8315b;372.31;0.01;BUY
2016-02-02T00:46:01.803000;2016-02-02T00:46:02.063000;ea96bb51-47a0-48e6-b727-a4ac0eecf523;372.39;0.01;BUY
2016-02-02T00:46:01.803000;2016-02-02T00:46:02.063000;758cba49-dc0f-45b2-b8ee-746e746a490e;372.47;0.02911;BUY
2016-02-02T00:46:19.527000;2016-02-02T00:46:19.673000;f6270e7b-b5f8-48f1-b111-852a4fc03b37;372.47;0.01;BUY
2016-02-02T00:46:19.527000;2016-02-02T00:46:19.690000;fb07c656-f77a-4ef3-9491-ac749b8853e2;372.47;0.01;BUY
2016-02-02T00:46:19.527000;2016-02-02T00:46:19.690000;1ece8e81-0300-436f-95e5-f5f6c097be01;372.48;0.2259;BUY
2016-02-02T00:46:19.527000;2016-02-02T00:46:19.690000;9dfa4b49-1ef8-4236-8790-cb544618134e;372.48;0.01;BUY
2016-02-02T00:46:19.527000;2016-02-02T00:46:19.690000;31229b67-1621-4c92-aa23-f1f8a32a6d8f;372.5;0.12394563;BUY
2016-02-02T00:46:19.530000;2016-02-02T00:46:19.783000;da1ba155-fd5e-49e5-a45d-698d1f2a42db;372.5;14.62015437;BUY
2016-02-02T00:46:30.150000;2016-02-02T00:46:30.300000;f6cdbdd7-b7df-4955-91de-0b887784da7c;372.5;10.0;BUY
2016-02-02T00:46:31.560000;2016-02-02T00:46:31.720000;e0abf158-73ac-44e6-809a-9d68064d5c21;372.46;0.2;SELL
2016-02-02T00:46:31.560000;2016-02-02T00:46:31.720000;a6e88255-e80a-4660-bd79-26828b4b6400;372.46;0.07182;SELL
2016-02-02T00:47:01.863000;2016-02-02T00:47:02.017000;21eb71f6-04eb-4495-b8bc-2078331788b5;372.5;0.37984563;BUY
2016-02-02T00:47:01.867000;2016-02-02T00:47:02.033000;2fc52e49-879c-4263-94cf-bfd9b50d30c9;372.57;0.02;BUY
2016-02-02T00:47:01.867000;2016-02-02T00:47:02.033000;87b64dc5-cbc6-4431-8c92-06a2f4333738;372.59;0.127;BUY
2016-02-02T00:47:01.867000;2016-02-02T00:47:02.033000;901989d6-7d9d-451d-b6d1-d51eea66ae0e;372.6;0.096;BUY
2016-02-02T00:47:01.867000;2016-02-02T00:47:02.033000;f0b8f5f8-a76c-47d1-af1a-56fd507d2d29;372.63;0.084;BUY
2016-02-02T00:47:01.867000;2016-02-02T00:47:02.050000;2b345aef-639a-4e78-b1f6-362a21211374;372.64;0.02;BUY
2016-02-02T00:47:01.867000;2016-02-02T00:47:02.050000;3d768917-f939-44e9-9825-67d88f647dfc;372.66;0.097;BUY
2016-02-02T00:47:01.867000;2016-02-02T00:47:02.050000;b0196cb5-7b63-41f6-9b21-0eb5e19003d2;372.68;0.78172437;BUY
2016-02-02T00:47:31.700000;2016-02-02T00:47:31.860000;8016ef9d-3220-429a-8b37-94e54f32fc68;372.64;0.71083;BUY
2016-02-02T00:47:51.123000;2016-02-02T00:47:51.283000;4ca4d7ca-7021-4ee3-8f01-23dcde824f04;372.64;1.12980162;BUY
2016-02-02T00:47:51.177000;2016-02-02T00:47:51.330000;7e700673-89e6-4820-8d2d-f22aaff988f2;372.64;0.22565212;BUY
2016-02-02T00:47:51.207000;2016-02-02T00:47:51.360000;44485fd0-7f7c-490f-9aaf-618ad7503c6c;372.64;0.91212774;BUY
2016-02-02T00:47:51.223000;2016-02-02T00:47:51.377000;36f26e08-2f4a-47e0-a943-3e62c6f06070;372.64;2.44918901;BUY
2016-02-02T00:47:51.233000;2016-02-02T00:47:51.377000;3ce9889b-0e7e-44fe-8694-a5e402ed4b8e;372.64;0.04749577;BUY
2016-02-02T00:47:51.240000;2016-02-02T00:47:51.393000;d08ece7b-bdf9-46b5-95b2-ab49eb741a5c;372.64;0.31484729;BUY
2016-02-02T00:47:51.247000;2016-02-02T00:47:51.393000;418ed12a-51f9-4e42-92ee-13a7acb1c4a0;372.64;2.90803633;BUY
2016-02-02T00:47:51.253000;2016-02-02T00:47:51.407000;0f2b38dd-3fdc-42c6-beef-230e73d99170;372.64;0.11394658;BUY
2016-02-02T00:47:51.270000;2016-02-02T00:47:51.423000;6d003bbc-5170-4a61-8070-01e9632a8088;372.64;0.18664705;BUY
2016-02-02T00:47:51.273000;2016-02-02T00:47:51.423000;019e4da1-cce2-402c-998b-8498a7015107;372.64;0.06343393;BUY
2016-02-02T00:48:01.863000;2016-02-02T00:48:02.017000;092ad5a3-9e33-4e15-ae44-a3a8ad7a041f;372.66;0.01333;BUY
2016-02-02T00:48:31.737000;2016-02-02T00:48:31.877000;79a7e595-b4d3-4f6b-a99c-a64eabc106e7;372.64;0.31831;BUY
2016-02-02T00:49:30.970000;2016-02-02T00:49:31.110000;56787975-4d78-4343-9d42-cf697c548be5;372.64;0.34318;BUY
2016-02-02T00:50:00.723000;2016-02-02T00:50:00.860000;9764d690-68db-48e3-bde7-d37d555d65a1;372.64;0.28078;BUY
2016-02-02T00:50:30.777000;2016-02-02T00:50:30.923000;b3df0aea-fbb1-49ca-ae6b-4d3100504d63;372.63;0.05746;SELL
2016-02-02T00:51:00.803000;2016-02-02T00:51:00.940000;95efba34-58d4-4073-a998-5888754746a6;372.66;0.11222;BUY
2016-02-02T00:51:30.953000;2016-02-02T00:51:31.097000;c1d98889-6337-448d-8459-343ca5edf6e5;372.67;0.836;BUY
2016-02-02T00:51:30.953000;2016-02-02T00:51:31.110000;9f729d34-b162-48a8-b4a3-ac63ef4e843f;372.68;0.89781;BUY
2016-02-02T00:52:15.243000;2016-02-02T00:52:15.393000;29a8ba14-4c38-4c9d-9af5-6dcd2e67524a;372.63;0.05354;SELL
2016-02-02T00:52:31.110000;2016-02-02T00:52:31.237000;6dccf60c-6d83-49a1-a660-3e1152209cce;372.61;0.01022;BUY
2016-02-02T00:53:00.913000;2016-02-02T00:53:01.050000;833012bb-04f7-4040-a147-9c11713fba44;372.56;0.01;SELL
2016-02-02T00:53:00.913000;2016-02-02T00:53:01.050000;9b1b05bd-d252-446e-acc3-9f955c723c0f;372.55;0.0125;SELL
2016-02-02T00:53:00.913000;2016-02-02T00:53:01.050000;72a16091-6307-4798-bb9a-51ff313d47f6;372.55;0.102;SELL
2016-02-02T00:53:00.913000;2016-02-02T00:53:01.063000;c3f54ffb-d209-4fdd-b196-dc0e92801652;372.52;0.01;SELL
2016-02-02T00:53:00.913000;2016-02-02T00:53:01.063000;971c32e3-ac47-4e4b-a964-dc5bc2da141c;372.52;0.01;SELL
2016-02-02T00:53:00.913000;2016-02-02T00:53:01.063000;72e4fa0b-4409-4d0d-95af-d06967dbc3da;372.52;0.084;SELL
2016-02-02T00:53:00.913000;2016-02-02T00:53:01.063000;2b03daa3-b311-4cff-8219-f10e2c19da0e;372.51;0.01;SELL
2016-02-02T00:53:00.913000;2016-02-02T00:53:01.097000;5b52f094-fbe7-427e-88a4-ec61a25bae14;372.5;0.01;SELL
2016-02-02T00:53:00.913000;2016-02-02T00:53:01.097000;f8ccc60d-49d8-48c8-a34d-d607b7d7268e;372.49;0.114;SELL
2016-02-02T00:53:00.913000;2016-02-02T00:53:01.097000;37da4c19-d874-48d0-8541-53907729f8eb;372.46;0.085;SELL
2016-02-02T00:53:00.913000;2016-02-02T00:53:01.097000;9ba76aa9-0fdc-47c9-b77a-fa0741d62be0;372.44;0.0476;SELL
2016-02-02T00:53:30.763000;2016-02-02T00:53:30.923000;74c81f57-2182-4619-af25-6d9294eb268a;372.6;0.01;BUY
2016-02-02T00:53:30.767000;2016-02-02T00:53:30.923000;bc55339c-f68d-4e90-a990-67dd4983ae42;372.61;0.01;BUY
2016-02-02T00:53:30.767000;2016-02-02T00:53:30.923000;a4828d45-3148-4b9e-bd34-d7a07ccf0047;372.62;0.01;BUY
2016-02-02T00:53:30.767000;2016-02-02T00:53:30.957000;0de95fe1-0098-49a9-8573-290af98d2436;372.63;0.1246;BUY
2016-02-02T00:54:00.727000;2016-02-02T00:54:00.860000;fda7cb7d-914f-41fe-b985-2c7b08bbd82f;372.61;0.24719;BUY
2016-02-02T00:54:30.620000;2016-02-02T00:54:30.753000;06849bc2-0e54-40ff-9373-36fd53f2baa6;372.54;0.01;SELL
2016-02-02T00:54:30.620000;2016-02-02T00:54:30.767000;5bc8240f-96dc-49dc-aa36-7b7981689ac9;372.54;0.01;SELL
2016-02-02T00:54:30.620000;2016-02-02T00:54:30.767000;e1a79fc7-364c-47b4-9349-29573fb2d6fb;372.53;0.01;SELL
2016-02-02T00:54:30.620000;2016-02-02T00:54:30.767000;f70bbfbf-e13e-43df-a500-e89a5c936b20;372.53;0.01;SELL
2016-02-02T00:54:30.623000;2016-02-02T00:54:30.767000;18d02815-50f6-4ef7-9f16-00a8a10dd86e;372.53;0.101;SELL
2016-02-02T00:54:30.623000;2016-02-02T00:54:30.860000;36fba7f8-0f08-4de9-921d-8d3739d1e74c;372.52;0.01;SELL
2016-02-02T00:54:30.623000;2016-02-02T00:54:30.860000;c28f9491-5c79-45c9-af81-f84b6b074436;372.51;0.01;SELL
2016-02-02T00:54:30.623000;2016-02-02T00:54:30.860000;4ac830f6-88da-452a-ad50-a48b9c34ec33;372.5;0.0054;SELL
2016-02-02T00:54:43.913000;2016-02-02T00:54:44.050000;e295b91b-b8e2-430f-b36a-93e565291216;372.62;0.17;BUY
2016-02-02T00:55:00.683000;2016-02-02T00:55:00.813000;ae5beca2-99e3-4e90-a4dd-8050b3ba35fa;372.55;0.10293;SELL
2016-02-02T00:55:30.760000;2016-02-02T00:55:30.910000;26b1cf8a-bf02-4601-a0cd-8d558b43417b;372.56;0.09723;BUY
2016-02-02T00:56:00.597000;2016-02-02T00:56:00.720000;75d93aaf-05eb-4253-8e3d-69bc660789c2;372.56;0.2297;BUY
2016-02-02T00:56:30.783000;2016-02-02T00:56:30.910000;efcc6733-4f76-4ae0-89e8-fe171c4c4193;372.56;0.46486;BUY
2016-02-02T00:57:00.760000;2016-02-02T00:57:00.877000;21c912ee-579a-405f-bc00-7d315fe19505;372.55;0.4873;SELL
2016-02-02T00:58:00.793000;2016-02-02T00:58:00.827000;9bd43076-d0a3-4976-afb1-3787147f798d;372.56;0.28208;BUY
2016-02-02T00:59:00.787000;2016-02-02T00:59:00.827000;84e21478-48d7-48fa-a4da-3080cfdefc5b;372.55;0.00977;SELL
2016-02-02T00:59:00.787000;2016-02-02T00:59:00.827000;8cecae4c-1849-4cf2-94cc-cbb37cf2fe0f;372.5;0.0046;SELL
2016-02-02T00:59:00.787000;2016-02-02T00:59:00.827000;6df180d7-b5c1-4378-b9dc-6637c189df50;372.5;0.5289;SELL
2016-02-02T00:59:30.767000;2016-02-02T00:59:30.797000;bcfeee42-f26c-4858-b6c2-c8f11cd5457b;372.51;0.85;BUY
2016-02-02T00:59:30.767000;2016-02-02T00:59:30.827000;d69c6f5c-1fc9-4c7c-b278-15957ca969f1;372.54;0.12037;BUY
2016-02-02T01:00:00.833000;2016-02-02T01:00:00.860000;c68603f6-0cba-4963-8f9f-b9a3cffba25f;372.52;0.754;BUY
2016-02-02T01:00:00.833000;2016-02-02T01:00:00.890000;5f7c69f6-d8ae-4b1a-a73d-87c927a5bbc7;372.55;0.08535;BUY
2016-02-02T01:00:30.927000;2016-02-02T01:00:30.970000;c7b23733-9589-40bf-853c-1792f8fa49bf;372.54;0.53934;BUY
2016-02-02T01:01:01.113000;2016-02-02T01:01:01.187000;4480c673-93bc-4cd2-9f48-9a6c7288dafa;372.56;0.0379;BUY
2016-02-02T01:01:30.823000;2016-02-02T01:01:30.860000;df499488-de70-4acc-8e21-46dae5a7005b;372.55;0.0548;BUY
2016-02-02T01:02:01.613000;2016-02-02T01:02:01.640000;a4290c25-ba27-417d-8bbe-0b171c9021f7;372.56;0.01151;BUY
2016-02-02T01:02:03.077000;2016-02-02T01:02:03.110000;1c733c93-0040-4380-a3cb-cbf77dd36899;372.56;0.38055;BUY
2016-02-02T01:02:03.107000;2016-02-02T01:02:03.140000;51478ce2-aa3e-4b62-9c82-3cbe8b740c2b;372.56;0.55313695;BUY
2016-02-02T01:02:31.557000;2016-02-02T01:02:31.593000;aa18cd6d-14be-4c32-8c23-bae13739a48d;372.56;0.75374;BUY
2016-02-02T01:02:37.187000;2016-02-02T01:02:37.220000;0e1af835-b702-474f-b348-7b2a13a4e1f2;372.56;0.23;BUY
2016-02-02T01:03:00.983000;2016-02-02T01:03:01.017000;c1f60081-3c4e-4e09-a15b-a5701e79f5b4;372.56;0.66257;BUY
2016-02-02T01:03:30.883000;2016-02-02T01:03:30.907000;2ec8aadd-ff61-457e-9e84-274f0ac55a1a;372.55;3.58087;BUY
2016-02-02T01:04:01.020000;2016-02-02T01:04:01.047000;4119744e-cff5-45ce-be6d-ace50c034cc9;372.56;1.29672305;BUY
2016-02-02T01:04:01.020000;2016-02-02T01:04:01.063000;71b71f97-c038-4467-a6d8-3edbee6df067;372.56;0.05;BUY
2016-02-02T01:04:01.020000;2016-02-02T01:04:01.063000;4887d18a-028c-4981-8523-eeb3c8abc9e4;372.6;0.01;BUY
2016-02-02T01:04:01.020000;2016-02-02T01:04:01.063000;918e84a3-bd60-4b9f-ac01-4485a6dd8d15;372.65;5.18954695;BUY
2016-02-02T01:04:31.120000;2016-02-02T01:04:31.157000;65954020-f69c-43a0-9a61-071b8715ded8;372.64;0.01;BUY
2016-02-02T01:04:31.120000;2016-02-02T01:04:31.157000;50596be5-18f0-41a0-80ed-7dac7ca4d398;372.65;0.01;BUY
2016-02-02T01:04:31.120000;2016-02-02T01:04:31.157000;27445382-fdba-46f3-bd89-bb3e7ec8bdd4;372.65;0.01;BUY
2016-02-02T01:04:31.120000;2016-02-02T01:04:31.173000;aed7fc75-a657-4b53-b962-1ced41a0d0d4;372.66;0.01;BUY
2016-02-02T01:04:31.120000;2016-02-02T01:04:31.173000;998c75b3-c034-4c83-be23-bb11bd9beda3;372.66;0.01;BUY
2016-02-02T01:04:31.120000;2016-02-02T01:04:31.173000;2259b311-565a-4299-a21b-41e8c0db0cee;372.67;0.01;BUY
2016-02-02T01:04:31.120000;2016-02-02T01:04:31.173000;e8e869d6-2238-414f-9484-9bc74a3119e2;372.67;0.01;BUY
2016-02-02T01:04:31.120000;2016-02-02T01:04:31.203000;1a99d627-38f4-4adc-b55c-01276a9c9406;372.7;0.01;BUY
2016-02-02T01:04:31.120000;2016-02-02T01:04:31.220000;789da132-b21e-4318-a03a-5687eac55f10;372.71;0.102;BUY
2016-02-02T01:04:31.120000;2016-02-02T01:04:31.220000;6b9f6d59-c1d0-42ac-b6d7-98df672b414f;372.74;0.01;BUY
2016-02-02T01:04:31.120000;2016-02-02T01:04:31.220000;f28a1310-e3e4-4593-9a11-4d1c29328280;372.74;0.093;BUY
2016-02-02T01:04:31.120000;2016-02-02T01:04:31.220000;221fa03a-9f8f-4787-bbee-1ce553d6f204;372.77;3.66;BUY
2016-02-02T01:04:31.120000;2016-02-02T01:04:31.220000;74e20867-239d-412c-9433-53af387f598a;372.77;0.103;BUY
2016-02-02T01:04:31.120000;2016-02-02T01:04:31.220000;4ccc7478-82a6-4b51-80f8-b62cbc15b33e;372.78;3.07651;BUY
2016-02-02T01:05:30.990000;2016-02-02T01:05:31.017000;51d95762-aeb7-4d5a-8c51-088593ce1a0a;372.74;0.662;BUY
2016-02-02T01:05:30.990000;2016-02-02T01:05:31.030000;3963e44c-e1be-4213-a05b-df71a1a682d6;372.76;0.79465;BUY
2016-02-02T01:06:00.903000;2016-02-02T01:06:00.923000;59a0a279-9a52-414f-952d-0d290ce883ea;372.76;0.644;BUY
2016-02-02T01:06:00.907000;2016-02-02T01:06:00.937000;c55e2ed8-f8e1-4f19-a3ca-22f098a3fe6e;372.78;9.31357;BUY
2016-02-02T01:06:00.907000;2016-02-02T01:06:00.937000;b4ebbff3-e3f6-4787-8d24-78b65054c23c;372.79;0.628;BUY
2016-02-02T01:06:00.907000;2016-02-02T01:06:00.937000;5636e209-4336-47f2-a780-6e94d8915c55;372.79;0.40423;BUY
2016-02-02T01:06:30.890000;2016-02-02T01:06:30.907000;e82927d2-e92e-4af9-911f-41b452335840;372.75;0.01;SELL
2016-02-02T01:06:30.890000;2016-02-02T01:06:30.923000;8b38ac3b-073c-4323-bc6b-38fc8b0b8bed;372.74;0.01;SELL
2016-02-02T01:06:30.890000;2016-02-02T01:06:30.923000;915da42d-a840-4a4b-bde9-c98186c00db6;372.71;0.084;SELL
2016-02-02T01:06:30.890000;2016-02-02T01:06:30.923000;146aadd4-5661-4235-8107-0560ff15ea87;372.7;0.01;SELL
2016-02-02T01:06:30.890000;2016-02-02T01:06:30.953000;47239438-16b3-4c27-9bed-52a786f2aefa;372.7;0.01;SELL
2016-02-02T01:06:30.890000;2016-02-02T01:06:30.953000;4b26f001-e4fd-43df-bfda-49fbe08c4f18;372.7;0.2;SELL
2016-02-02T01:06:30.890000;2016-02-02T01:06:30.953000;a9e66b1d-26dd-4a0f-9370-6cfa54e68659;372.69;0.01;SELL
2016-02-02T01:06:30.890000;2016-02-02T01:06:30.953000;7793d76d-7506-42c4-a964-80cc21b1f3df;372.69;0.01;SELL
2016-02-02T01:06:30.893000;2016-02-02T01:06:30.953000;4b7fd173-3f9b-4fc9-9cb8-caf828f9d51e;372.69;0.6;SELL
2016-02-02T01:06:30.893000;2016-02-02T01:06:31.000000;b8df6b28-ce46-48a9-9430-4af697f7ba2d;372.68;0.01;SELL
2016-02-02T01:06:30.893000;2016-02-02T01:06:31.017000;01487f94-c1e3-42d4-947b-87b12318702e;372.68;0.04538;SELL
2016-02-02T01:07:00.940000;2016-02-02T01:07:00.953000;ecb224fa-8ff3-4c35-b517-f8825a58a6c3;372.8;0.21404;SELL
2016-02-02T01:07:31.043000;2016-02-02T01:07:31.063000;8c445944-7d11-4b27-9fe8-6a1bba5d06dd;372.81;0.01;BUY
2016-02-02T01:07:31.043000;2016-02-02T01:07:31.077000;20ef7da5-10bb-467e-985f-55169e085cd3;372.82;0.01;BUY
2016-02-02T01:07:31.047000;2016-02-02T01:07:31.077000;671f4f09-f0ea-4293-bd6b-ba10547f75fa;372.82;0.01;BUY
2016-02-02T01:07:31.047000;2016-02-02T01:07:31.077000;23390dfc-6597-49ba-8007-264a27663dca;372.83;0.01;BUY
2016-02-02T01:07:31.047000;2016-02-02T01:07:31.093000;d4a7b899-7939-4bd8-9832-70ed3803fd03;372.83;0.01;BUY
2016-02-02T01:07:31.047000;2016-02-02T01:07:31.173000;004e312d-9f55-4dad-9321-6c32d11f185b;372.85;0.128;BUY
2016-02-02T01:07:31.047000;2016-02-02T01:07:31.173000;08463705-060c-4bbf-b9fa-e82c57eaeab1;372.88;0.096;BUY
2016-02-02T01:07:31.047000;2016-02-02T01:07:31.173000;308641dd-d1df-4200-88ca-b80c9970e75e;372.91;0.101;BUY
2016-02-02T01:07:31.047000;2016-02-02T01:07:31.173000;2f81c1e5-14b4-462a-b782-965560dde327;372.92;0.01;BUY
2016-02-02T01:07:31.047000;2016-02-02T01:07:31.173000;0615cf5c-e807-41b1-b55a-90a3acacd361;372.93;0.01;BUY
2016-02-02T01:07:31.047000;2016-02-02T01:07:31.173000;cb5441aa-f6fe-4391-b0be-58814d0a26c1;372.93;0.125;BUY
2016-02-02T01:07:31.047000;2016-02-02T01:07:31.173000;aa6aaaea-2f3d-4c04-884c-b92fc890fc74;372.95;1.07689;BUY
2016-02-02T01:08:00.977000;2016-02-02T01:08:00.983000;bf41a0dd-6cf8-4090-a3b6-cb3628f36855;372.87;0.53497;BUY
2016-02-02T01:08:30.873000;2016-02-02T01:08:30.890000;d3ce6e66-f779-4f23-8c94-2abcc61daab8;372.87;0.2507;BUY
2016-02-02T01:08:44.197000;2016-02-02T01:08:44.220000;4d63fde0-1e5e-4525-981a-da4613cc90f1;372.86;0.01;SELL
2016-02-02T01:08:44.197000;2016-02-02T01:08:44.233000;666c81c3-5f79-4eac-9a98-7bcad159b5cc;372.85;0.01;SELL
2016-02-02T01:08:46.480000;2016-02-02T01:08:46.483000;d14eb383-2948-4877-b691-181599bf64d5;372.84;0.01;SELL
2016-02-02T01:08:46.480000;2016-02-02T01:08:46.500000;24fc3532-22bf-4ee0-8e63-5f455b4e618d;372.84;0.01;SELL
2016-02-02T01:09:01.160000;2016-02-02T01:09:01.173000;84ffc3e8-9a8e-4762-a87f-b755ee48d295;372.74;0.01;SELL
2016-02-02T01:09:01.160000;2016-02-02T01:09:01.187000;c46f1545-65d2-48a4-b1ae-f41d3fc1339f;372.72;0.01;SELL
2016-02-02T01:09:01.160000;2016-02-02T01:09:01.187000;6d7de48d-fa20-4dcd-bbd6-f31460b30d27;372.67;0.01;SELL
2016-02-02T01:09:01.160000;2016-02-02T01:09:01.187000;0d81c3b0-6cee-4f7a-9e7a-b6f694b952d2;372.56;0.00102;SELL
2016-02-02T01:09:30.900000;2016-02-02T01:09:30.907000;bc1aef09-01c1-4471-874b-96e032e0ffd5;372.61;0.07024;BUY
2016-02-02T01:10:01.033000;2016-02-02T01:10:01.047000;d7a53a01-69d7-473f-9952-d790092bfdf1;372.61;4.30876;BUY
2016-02-02T01:10:01.033000;2016-02-02T01:10:01.063000;7dab9619-3bd8-4100-8c2d-b3e0a3352354;372.62;4.2082;BUY
2016-02-02T01:11:01.037000;2016-02-02T01:11:01.047000;64185235-97e0-4bb0-bb73-87c501f22c19;372.58;0.62398;BUY
2016-02-02T01:11:30.960000;2016-02-02T01:11:30.970000;01884728-b99b-4153-a562-14c2ae9f8639;372.61;0.21758;BUY
2016-02-02T01:12:31.020000;2016-02-02T01:12:31.063000;88ae7c16-4d20-47bf-a93a-502f83a15ed5;372.64;0.01;BUY
2016-02-02T01:12:31.020000;2016-02-02T01:12:31.080000;834059f9-5ba1-4aa2-8eef-1fc2749b54b4;372.64;0.01;BUY
2016-02-02T01:12:31.020000;2016-02-02T01:12:31.080000;0b499b0d-3514-4901-aeb3-4e599b9deec2;372.77;0.4393;BUY
2016-02-02T01:12:42.617000;2016-02-02T01:12:42.690000;790d2a40-2931-463c-8738-eb05ce125780;372.64;0.01;SELL
2016-02-02T01:12:42.617000;2016-02-02T01:12:42.690000;124a1715-68e7-48eb-9fe7-af27c914d5c2;372.64;0.01;SELL
2016-02-02T01:12:42.617000;2016-02-02T01:12:42.690000;d34337a6-42ea-4374-ade3-c935ad919821;372.57;0.43595;SELL
2016-02-02T01:12:42.623000;2016-02-02T01:12:42.690000;21dd4179-66c6-49db-9014-95667d1363d7;372.57;1.068788;SELL
2016-02-02T01:12:42.627000;2016-02-02T01:12:42.690000;49a2a2f8-f152-4d03-9ca0-f1a57e9415e4;372.57;0.044456;SELL
2016-02-02T01:12:42.637000;2016-02-02T01:12:42.690000;6ca88c29-3d4c-4835-941b-5faca5084796;372.57;0.260806;SELL
2016-02-02T01:13:00.867000;2016-02-02T01:13:00.940000;55160c13-b86e-4abe-adce-583e332ab2b1;372.61;0.02785;BUY
2016-02-02T01:13:31.143000;2016-02-02T01:13:31.190000;8be587bf-e473-4dc2-a454-01ee43a9dde9;372.61;0.527;BUY
2016-02-02T01:13:31.143000;2016-02-02T01:13:31.203000;6b1493ac-8286-4534-bbfc-39577886aa9e;372.62;0.50548;BUY
2016-02-02T01:14:01.037000;2016-02-02T01:14:01.080000;3e5344de-3f31-4064-8970-c5579ad55716;372.64;0.01;BUY
2016-02-02T01:14:01.037000;2016-02-02T01:14:01.093000;130c9fc5-938f-4985-9150-8801f3afc4ae;372.65;0.01;BUY
2016-02-02T01:14:01.037000;2016-02-02T01:14:01.093000;aa889a49-e861-41f1-8bc2-eb0fe3e72fcc;372.73;1.4;BUY
2016-02-02T01:14:01.037000;2016-02-02T01:14:01.093000;f51b5b92-70d3-47fd-8bd9-b122b35b1288;372.74;2.25279;BUY
2016-02-02T01:15:01.197000;2016-02-02T01:15:01.267000;1e54c9d3-9330-4e22-980e-50f59944825b;372.66;3.69855;BUY
2016-02-02T01:15:32.560000;2016-02-02T01:15:32.610000;bbf7a9f2-fc62-4829-84ca-e723808e019a;372.66;0.19959;BUY
2016-02-02T01:16:31.013000;2016-02-02T01:16:31.047000;f85d7301-8450-4b3b-b655-834775737359;372.7;0.493;BUY
2016-02-02T01:16:31.013000;2016-02-02T01:16:31.063000;b4bfc696-3474-43d0-9f24-1f6b805a942a;372.72;2.63696;BUY
2016-02-02T01:17:01.113000;2016-02-02T01:17:01.157000;a8d29b5c-61e7-45ba-9f54-06968b7fd8bb;372.65;0.01;SELL
2016-02-02T01:17:01.113000;2016-02-02T01:17:01.173000;2d859ddb-a677-4d08-83bc-6ee845df4b31;372.65;0.01;SELL
2016-02-02T01:17:01.113000;2016-02-02T01:17:01.173000;f3dcc21d-4db0-41e7-8ae0-ed2ca447133a;372.65;0.238;SELL
2016-02-02T01:17:01.113000;2016-02-02T01:17:01.173000;95cde1c8-3306-45cb-90e5-c2c3ac2feba5;372.62;0.23;SELL
2016-02-02T01:17:01.113000;2016-02-02T01:17:01.173000;d5b06096-cbe0-4df8-87a5-b3788e687e72;372.6;0.6;SELL
2016-02-02T01:17:01.113000;2016-02-02T01:17:01.190000;5ee40bf9-0038-431f-8212-cf7f6e4a6731;372.59;0.19;SELL
2016-02-02T01:17:01.113000;2016-02-02T01:17:01.190000;a1d01757-440e-46b8-81c8-4e457ea1024e;372.56;0.1808;SELL
2016-02-02T01:17:31.090000;2016-02-02T01:17:31.127000;5d3b3a9e-6251-4c42-86ba-3ea47c906ec2;372.72;0.01;BUY
2016-02-02T01:17:31.090000;2016-02-02T01:17:31.143000;51e9adef-1d41-4515-9769-cf03363e05c8;372.72;0.01;BUY
2016-02-02T01:17:31.090000;2016-02-02T01:17:31.143000;c1aefaec-a223-4c2b-aaf0-43d8d2f50227;372.72;0.28;BUY
2016-02-02T01:17:31.090000;2016-02-02T01:17:31.143000;b581fcda-8baa-4623-bf56-7ec4adffe1b3;372.73;0.4;BUY
2016-02-02T01:17:31.090000;2016-02-02T01:17:31.143000;1ca514b6-cd24-464d-8a5c-152a4489726d;372.75;0.465;BUY
2016-02-02T01:17:31.090000;2016-02-02T01:17:31.143000;887bd8b1-ebe2-4c1d-b591-111fa92d700c;372.75;1.49458;BUY
2016-02-02T01:18:01.023000;2016-02-02T01:18:01.080000;86592b7e-2422-49a6-844d-d9bb23066426;372.76;0.01;BUY
2016-02-02T01:18:01.023000;2016-02-02T01:18:01.080000;e03ddd77-22ec-40bf-8281-aee04cc6ba05;372.77;0.01;BUY
2016-02-02T01:18:01.023000;2016-02-02T01:18:01.080000;cbb7e32e-9b68-4f3d-a97b-12c2c3418bfc;372.77;0.01;BUY
2016-02-02T01:18:01.023000;2016-02-02T01:18:01.080000;22c40f82-293d-4c89-b738-13f4ef3ebe34;372.8;0.02137;BUY
2016-02-02T01:19:30.987000;2016-02-02T01:19:31.047000;ccaff1b0-0bc1-4f80-b7ae-ffdfcd6ccd2b;372.78;0.02955;BUY
2016-02-02T01:20:01.097000;2016-02-02T01:20:01.127000;f16a64d9-8a0e-450a-9fe0-7acb08386ce8;372.82;0.01;BUY
2016-02-02T01:20:01.097000;2016-02-02T01:20:01.143000;d42cd2a7-057f-453e-add3-44c2949efea5;372.83;1.22573;BUY
2016-02-02T01:20:31.033000;2016-02-02T01:20:31.063000;0ddcd55f-bfa7-418d-99e9-6231637c01d2;372.87;0.487;BUY
2016-02-02T01:20:31.033000;2016-02-02T01:20:31.080000;bc980dc4-1ccc-420c-9970-284c6a5a195b;372.87;0.02127;BUY
2016-02-02T01:21:01.007000;2016-02-02T01:21:01.033000;0898e7da-d112-4f3a-af9e-dc575bb42d7d;372.88;0.39015;BUY
2016-02-02T01:21:31.103000;2016-02-02T01:21:31.127000;3d1d2d69-52c1-468d-a979-78255e1b2d42;372.92;0.1104;BUY
2016-02-02T01:22:01.097000;2016-02-02T01:22:01.127000;84ce5a82-4b0d-4c42-abd8-c9e4f0dab0f2;372.87;0.4;SELL
2016-02-02T01:22:01.097000;2016-02-02T01:22:01.143000;190d6c95-27bc-4c9f-aa98-cf3202c4423b;372.86;0.27;SELL
2016-02-02T01:22:01.097000;2016-02-02T01:22:01.143000;d9af05f7-1e29-43fc-8664-96b45b296dbf;372.86;2.155;SELL
2016-02-02T01:22:01.097000;2016-02-02T01:22:01.143000;8fb825d3-900e-427e-8f40-a2d4a17428ef;372.85;0.152;SELL
2016-02-02T01:22:01.097000;2016-02-02T01:22:01.143000;1a3f6da6-1540-40bf-bcd6-79178f05b800;372.83;2.42408;SELL
2016-02-02T01:22:31.067000;2016-02-02T01:22:31.097000;521060f6-e920-4601-a0f2-20d35dcc71a9;372.85;0.58;BUY
2016-02-02T01:22:31.067000;2016-02-02T01:22:31.110000;a4e52f89-5be8-44f6-b826-819630936860;372.85;0.33;BUY
2016-02-02T01:22:31.067000;2016-02-02T01:22:31.110000;1d72cc8b-093d-46a9-8895-91848da8604e;372.88;0.55;BUY
2016-02-02T01:22:31.067000;2016-02-02T01:22:31.110000;7063aaab-d386-4a8b-9808-d9db529856c5;372.9;0.95078;BUY
2016-02-02T01:23:01.027000;2016-02-02T01:23:01.047000;590c7b99-5152-4766-8a16-8a7abceaf78f;372.89;0.49;BUY
2016-02-02T01:23:01.027000;2016-02-02T01:23:01.063000;a51efac1-fd70-4ac9-bdf4-c6735281fb02;372.9;0.0449;BUY
2016-02-02T01:23:31.300000;2016-02-02T01:23:31.347000;0c590303-7604-4931-bc7a-07440610d2ee;372.81;0.27222;BUY
2016-02-02T01:24:01.213000;2016-02-02T01:24:01.237000;f713896f-93f9-4ffa-a0e9-126533f94038;372.81;0.05922;BUY
2016-02-02T01:24:26.080000;2016-02-02T01:24:26.097000;56837606-ecaf-421e-9fa2-6387918b940b;372.8;0.0125;SELL
2016-02-02T01:24:26.080000;2016-02-02T01:24:26.110000;d1c3bc35-13d0-4a95-a526-d9950dcee1b5;372.74;0.01;SELL
2016-02-02T01:24:26.080000;2016-02-02T01:24:26.110000;97c3bd9e-4bf7-4f16-8572-f0ae4bbc38cb;372.73;0.01;SELL
2016-02-02T01:24:26.080000;2016-02-02T01:24:26.110000;d6afff4c-91bd-4efa-9ae7-cca38cacfb7a;372.71;0.01;SELL
2016-02-02T01:24:26.080000;2016-02-02T01:24:26.110000;14e12a9c-54e2-44ad-a4a4-6b33413b3afc;372.71;0.01;SELL
2016-02-02T01:24:26.080000;2016-02-02T01:24:26.203000;1cd722b7-477d-4194-b3d5-73f26086385a;372.71;0.01;SELL
2016-02-02T01:24:26.080000;2016-02-02T01:24:26.220000;9ae75176-7f5c-407e-9d7b-eae3a789be25;372.69;0.128;SELL
2016-02-02T01:24:26.080000;2016-02-02T01:24:26.220000;190a8da1-34a3-4514-b31a-434756ffe1cb;372.67;0.109;SELL
2016-02-02T01:24:26.083000;2016-02-02T01:24:26.220000;230c9329-a4d0-4521-acd7-ee0f209b03a6;372.65;0.01;SELL
2016-02-02T01:24:26.083000;2016-02-02T01:24:26.220000;008814e0-0da0-452e-b175-244f51569842;372.65;0.01;SELL
2016-02-02T01:24:26.083000;2016-02-02T01:24:26.220000;ffc7a90a-7d71-460c-bd9d-120a8e2fabd0;372.65;0.091;SELL
2016-02-02T01:24:26.083000;2016-02-02T01:24:26.220000;1975fc19-a5de-48b6-bf28-b00155a4a49a;372.62;0.08;SELL
2016-02-02T01:24:31.403000;2016-02-02T01:24:31.423000;b8078e10-ecf0-481f-88aa-7868e77129a6;372.58;0.6;BUY
2016-02-02T01:24:31.403000;2016-02-02T01:24:31.440000;a58e45cd-0f30-4618-9d5e-c5def12dc61d;372.59;0.13678;BUY
2016-02-02T01:25:31.087000;2016-02-02T01:25:31.097000;c397f0f4-fb3b-4346-8368-a9810a4824c6;372.56;0.50846;BUY
2016-02-02T01:25:59.647000;2016-02-02T01:25:59.657000;35981956-bda8-439b-985d-920d3c4a88ae;372.55;0.01;SELL
2016-02-02T01:25:59.647000;2016-02-02T01:25:59.673000;3254300e-9077-49b1-8ea2-904e70cc2415;372.55;0.103;SELL
2016-02-02T01:25:59.650000;2016-02-02T01:25:59.673000;eb9862ed-4ba5-4bca-935e-5fad0d265479;372.54;0.01;SELL
2016-02-02T01:25:59.650000;2016-02-02T01:25:59.673000;6ea260cc-9623-4689-8de0-a2834d3e01a8;372.54;0.01;SELL
2016-02-02T01:25:59.650000;2016-02-02T01:25:59.673000;03c01d3b-6fec-4cc5-8e22-7cbef8b74e14;372.53;0.092;SELL
2016-02-02T01:25:59.650000;2016-02-02T01:25:59.673000;5b8e0b18-eac0-4156-aaec-fd5b7a4a12b9;372.53;0.24;SELL
2016-02-02T01:25:59.650000;2016-02-02T01:25:59.673000;78d14b09-9517-4ced-a6f5-5950b64ecd12;372.52;0.09;SELL
2016-02-02T01:25:59.650000;2016-02-02T01:25:59.750000;3bfc6777-b0a1-45a2-a301-d8ec706c1915;372.5;0.23137411;SELL
2016-02-02T01:26:01.143000;2016-02-02T01:26:01.173000;c598d8ae-1c78-4b07-8f6c-6608fe249b74;372.56;0.30124;BUY
2016-02-02T01:27:01.130000;2016-02-02T01:27:01.157000;29ae6676-6c66-471b-a5e9-fc75c3f8cd7e;372.51;0.27499;BUY
2016-02-02T01:27:31.160000;2016-02-02T01:27:31.173000;9fd5666b-6d00-4723-89c8-49aadfd83b23;372.51;0.03064;BUY
2016-02-02T01:28:01.097000;2016-02-02T01:28:01.163000;48f46462-47da-4f8b-8879-b31fd3c37757;372.51;0.32335;BUY
2016-02-02T01:28:31.720000;2016-02-02T01:28:31.773000;5f3268d1-7a2e-4953-b8f0-e08816ba6d98;372.51;1.45174;BUY
2016-02-02T01:28:31.720000;2016-02-02T01:28:31.790000;3a225509-f347-427e-af92-8b385399d457;372.51;0.37361;BUY
2016-02-02T01:29:01.337000;2016-02-02T01:29:01.383000;94127412-09bf-4919-98d7-dab4e306567a;372.51;0.17639;BUY
2016-02-02T01:29:01.337000;2016-02-02T01:29:01.400000;2287d5e8-b187-47d4-85ec-92cac7f2052b;372.51;2.51753;BUY
2016-02-02T01:30:01.187000;2016-02-02T01:30:01.227000;4412d8f9-fbff-43f6-9152-1dfd1b376a0f;372.51;0.07594;BUY
2016-02-02T01:30:03.010000;2016-02-02T01:30:03.053000;d38f6cf2-28ad-4a66-b654-60f5f863da49;372.51;2.0;BUY
2016-02-02T01:31:01.137000;2016-02-02T01:31:01.180000;82003635-c13b-47a3-87c2-86a764705b25;372.5;0.59152;SELL
2016-02-02T01:31:31.233000;2016-02-02T01:31:31.273000;e23b8585-2494-489a-93ae-bcda88184c87;372.55;0.01;BUY
2016-02-02T01:31:31.233000;2016-02-02T01:31:31.290000;7b4c289b-9714-4baf-939d-53b1e5575f29;372.58;0.04998;BUY
2016-02-02T01:32:01.247000;2016-02-02T01:32:01.290000;3d4b1e39-0df2-4493-afe2-624d889a34fd;372.62;2.068;SELL
2016-02-02T01:32:01.247000;2016-02-02T01:32:01.290000;d1ced132-cf15-4a1b-9a5d-f42ae27d190c;372.62;3.92071;SELL
2016-02-02T01:32:31.473000;2016-02-02T01:32:31.507000;e100c76e-4565-41e5-95cf-0aeade363eaf;372.6;0.1044;BUY
2016-02-02T01:33:01.170000;2016-02-02T01:33:01.197000;85c1a575-1b70-46bb-8673-9cdc5d149ce5;372.52;0.50387;SELL
2016-02-02T01:33:31.347000;2016-02-02T01:33:31.430000;d21a7912-833d-4629-9a78-ff386810a0ee;372.59;0.01;BUY
2016-02-02T01:33:31.347000;2016-02-02T01:33:31.430000;b53d093f-4d44-4f77-8aa5-66f292c4a224;372.59;0.21982;BUY
2016-02-02T01:34:01.347000;2016-02-02T01:34:01.383000;9f79538b-eb45-4761-bb4c-299c3891f2a2;372.56;0.40272;BUY
2016-02-02T01:34:32.147000;2016-02-02T01:34:32.180000;c90aa6f7-bd43-44cc-b893-c674aff30c64;372.57;0.423;BUY
2016-02-02T01:35:01.353000;2016-02-02T01:35:01.383000;46faf77f-392b-497d-8da5-4457613a1286;372.57;2.73003;BUY
2016-02-02T01:35:16.760000;2016-02-02T01:35:16.790000;5a1dc474-ece3-483f-a80a-d9490f61d8e3;372.5;12.64820589;SELL
2016-02-02T01:35:16.760000;2016-02-02T01:35:16.803000;2987f74f-4b88-4827-a085-3bd3be16b2d0;372.5;1.97;SELL
2016-02-02T01:35:16.763000;2016-02-02T01:35:16.803000;28bcfef6-a9e3-421b-a1e3-60af7878fd33;372.49;0.01;SELL
2016-02-02T01:35:16.763000;2016-02-02T01:35:16.803000;223a30d4-c573-41a1-9606-e7b7b26dc9ed;372.45;9.34177;SELL
2016-02-02T01:35:16.763000;2016-02-02T01:35:16.803000;0157e3f6-3c88-45df-b7df-f8d0226048c4;372.45;1.03002411;SELL
2016-02-02T01:35:31.477000;2016-02-02T01:35:31.507000;b137b6ef-b8d6-4c1d-a8f8-64ff0b07eb78;372.38;0.10529;BUY
2016-02-02T01:36:01.243000;2016-02-02T01:36:01.273000;bfed3c6b-ea4c-4c9c-8c6a-28ca667b5e38;372.32;0.01;SELL
2016-02-02T01:36:01.243000;2016-02-02T01:36:01.290000;5d7d7b9b-e7fb-4713-a20c-04d27b4076dd;372.32;0.114;SELL
2016-02-02T01:36:01.243000;2016-02-02T01:36:01.290000;d1413722-71fe-4ed8-8317-78eda9373c4a;372.31;0.01;SELL
2016-02-02T01:36:01.243000;2016-02-02T01:36:01.290000;e5efd0fa-bfc0-4cef-8f44-df7e3c5af85a;372.3;0.01;SELL
2016-02-02T01:36:01.243000;2016-02-02T01:36:01.290000;e249da43-7f0e-470b-bc32-cebde4051afa;372.3;0.01;SELL
2016-02-02T01:36:01.243000;2016-02-02T01:36:01.303000;21d28662-0622-4003-8161-cc0d680bd019;372.29;0.01;SELL
2016-02-02T01:36:01.243000;2016-02-02T01:36:01.303000;58525ca3-6f17-44cb-ad56-e492c3c0928a;372.29;0.01;SELL
2016-02-02T01:36:01.243000;2016-02-02T01:36:01.303000;dc0d0397-7fe9-4219-82fd-aa3f673e6280;372.29;0.121;SELL
2016-02-02T01:36:01.243000;2016-02-02T01:36:01.367000;b68e1866-9956-4a75-ae72-e7ab5b84f75a;372.26;0.092;SELL
2016-02-02T01:36:01.243000;2016-02-02T01:36:01.383000;5fc93690-3986-4efb-9cab-37fc6bc28fbd;372.23;0.081;SELL
2016-02-02T01:36:01.243000;2016-02-02T01:36:01.383000;1d7fe32c-493d-4fbe-8377-b4a36992bbf8;372.2;0.124;SELL
2016-02-02T01:36:01.243000;2016-02-02T01:36:01.383000;c618b16a-f7c2-475f-89a9-392d0c6f259d;372.19;0.04;SELL
2016-02-02T01:36:01.243000;2016-02-02T01:36:01.383000;dc6f5b89-3a01-4412-81e6-6d7ac2facb9b;372.17;0.098;SELL
2016-02-02T01:36:01.247000;2016-02-02T01:36:01.383000;49e1301f-4fca-4093-adb1-534e72040e1e;372.16;0.098;SELL
2016-02-02T01:36:01.247000;2016-02-02T01:36:01.383000;b4b47677-4999-44b4-8d73-e064c97d17d7;372.13;0.098;SELL
2016-02-02T01:36:01.247000;2016-02-02T01:36:01.383000;e00405c1-3e30-4f41-b0e4-b651ff8d7c0c;372.09;1.27552;SELL
2016-02-02T01:36:31.647000;2016-02-02T01:36:31.663000;7b3033b0-a5b2-4193-8ce4-2f880a6358b0;372.14;0.05395;BUY
2016-02-02T01:37:02.790000;2016-02-02T01:37:02.853000;ea8f3543-4fe1-43d4-a853-f08731f49bfe;372.29;0.01;BUY
2016-02-02T01:37:02.790000;2016-02-02T01:37:02.853000;0169234a-db1f-4e6b-81f8-816fcd8948be;372.29;0.01;BUY
2016-02-02T01:37:02.790000;2016-02-02T01:37:02.853000;7576f16c-5a2b-45f2-a6d0-aae46c93f659;372.3;0.01;BUY
2016-02-02T01:37:02.790000;2016-02-02T01:37:02.853000;df6a753d-223c-40b0-a4c6-029c477ff86d;372.3;0.01;BUY
2016-02-02T01:37:02.793000;2016-02-02T01:37:02.853000;6c012ef2-e2c8-48af-abca-e2ea86c69799;372.31;0.01;BUY
2016-02-02T01:37:02.793000;2016-02-02T01:37:02.853000;1f28062c-bbcf-4c7d-80d8-7879790aa88b;372.31;0.01;BUY
2016-02-02T01:37:02.793000;2016-02-02T01:37:02.853000;4591f50b-0ce3-46d9-85fe-577c0020792f;372.31;1.10457;BUY
2016-02-02T01:37:30.417000;2016-02-02T01:37:30.447000;c200fda8-f861-4290-90cc-810d8d789412;372.32;0.01;BUY
2016-02-02T01:37:30.417000;2016-02-02T01:37:30.447000;ea67bc0c-9f9c-4f86-a510-0c2cccc49c33;372.33;0.01;BUY
2016-02-02T01:37:30.417000;2016-02-02T01:37:30.447000;80c47e25-67f1-4eaa-9e3f-1bc31048f0f8;372.33;0.01;BUY
2016-02-02T01:37:30.417000;2016-02-02T01:37:30.447000;f845f9c1-b158-4b42-a135-d949b8300952;372.35;0.01;BUY
2016-02-02T01:37:30.417000;2016-02-02T01:37:30.477000;0c2f16b4-84f4-488a-9d3b-61fd09d51d58;372.35;0.01;BUY
2016-02-02T01:37:30.417000;2016-02-02T01:37:30.477000;236f6097-416f-410e-9169-5655f8c47600;372.35;0.01;BUY
2016-02-02T01:37:30.417000;2016-02-02T01:37:30.477000;45dfc3b0-6236-4361-9938-b623be3f052f;372.36;0.01;BUY
2016-02-02T01:37:30.417000;2016-02-02T01:37:30.477000;c4ec9616-f3a1-416c-9a33-d9899853a28b;372.37;0.01;BUY
2016-02-02T01:37:30.417000;2016-02-02T01:37:30.477000;d9e7221d-8f1c-458c-98ec-7b03338fe46e;372.37;0.01;BUY
2016-02-02T01:37:30.417000;2016-02-02T01:37:30.477000;6fb0c930-5e04-430f-80d1-abf60e56dd6b;372.45;0.19;BUY
2016-02-02T01:37:31.683000;2016-02-02T01:37:31.710000;febf18af-b3e1-4e83-a699-fb4e1c63af67;372.46;0.45939;BUY
2016-02-02T01:38:02.033000;2016-02-02T01:38:02.053000;ed24d12a-9ccf-407d-979e-cc1e18f804c7;372.62;0.75865;SELL
2016-02-02T01:38:31.510000;2016-02-02T01:38:31.523000;bed3ace5-edae-4a9d-b5e2-21a9945da23d;372.63;0.01914;BUY
2016-02-02T01:39:01.480000;2016-02-02T01:39:01.493000;13d29b2e-692a-4518-9091-c0fca5c1b631;372.63;0.29628;BUY
2016-02-02T01:39:31.450000;2016-02-02T01:39:31.477000;321ffcde-4e43-4b6e-9737-0cd3b070df4f;372.63;0.18058;BUY
2016-02-02T01:39:31.450000;2016-02-02T01:39:31.477000;c874c0cd-d189-4d78-9e16-0354695529dc;372.68;0.01274;BUY
2016-02-02T01:40:07.010000;2016-02-02T01:40:07.040000;3018018f-48c6-4e48-87cb-62c25dc74407;372.3;0.01;SELL
2016-02-02T01:40:07.010000;2016-02-02T01:40:07.040000;f6810436-511f-4f40-89e9-b1d99f0dcd48;372.3;0.01;SELL
2016-02-02T01:40:07.010000;2016-02-02T01:40:07.040000;80cfb321-e44a-4615-851a-96235e07aa49;372.3;0.074;SELL
2016-02-02T01:40:07.010000;2016-02-02T01:40:07.040000;f6b3d699-45b9-4e72-b713-8f93e0dd686d;372.29;0.01;SELL
2016-02-02T01:40:07.010000;2016-02-02T01:40:07.070000;5a4a2876-a3c9-4237-acc8-b3bbb5a08083;372.28;0.01;SELL
2016-02-02T01:40:07.010000;2016-02-02T01:40:07.070000;97a62409-1ba1-4d6a-bcde-700990d0d489;372.28;0.01;SELL
2016-02-02T01:40:07.010000;2016-02-02T01:40:07.070000;b7870a84-5e7c-4971-801c-7642325232e4;372.27;0.01;SELL
2016-02-02T01:40:07.010000;2016-02-02T01:40:07.070000;d35bc4f9-3d6e-46d3-9375-8a95aecc50d2;372.27;0.01;SELL
2016-02-02T01:40:07.010000;2016-02-02T01:40:07.070000;e5264e2b-7868-46ef-8d63-ecead8dbe6ef;372.26;0.01;SELL
2016-02-02T01:40:07.010000;2016-02-02T01:40:07.070000;e3eb84a2-521c-4984-94b9-5732b6ec5791;372.26;0.01;SELL
2016-02-02T01:40:07.010000;2016-02-02T01:40:07.070000;20fc11ac-7c39-4dbf-85cf-2ce1fe292418;372.24;0.206;SELL
2016-02-02T01:40:08.177000;2016-02-02T01:40:08.210000;9fcad014-87e2-4525-b572-cdeb5521bc01;372.38;4.6;BUY
2016-02-02T01:40:08.177000;2016-02-02T01:40:08.210000;6ddb3896-99b7-4d15-b890-70de72c2f1f8;372.39;9.368;BUY
2016-02-02T01:40:08.177000;2016-02-02T01:40:08.210000;6328dc2e-f72e-48dc-b965-6e0ad2a355b5;372.46;0.841;BUY
2016-02-02T01:40:08.177000;2016-02-02T01:40:08.210000;2bb859ca-d4fd-4823-952c-acc2d6deadcc;372.49;0.834;BUY
2016-02-02T01:40:08.177000;2016-02-02T01:40:08.227000;92c1242c-f6fb-431b-bf1d-fdcaaa90e983;372.52;0.845;BUY
2016-02-02T01:40:08.177000;2016-02-02T01:40:08.227000;902abd11-8ca0-4733-8896-9507648e35b3;372.55;0.832;BUY
2016-02-02T01:40:08.177000;2016-02-02T01:40:08.227000;2dd88cb5-bda2-4dae-bfb7-0d7538cb9c98;372.55;0.44;BUY
2016-02-02T01:40:08.177000;2016-02-02T01:40:08.243000;b9fe6c61-619b-496b-94bd-dd29d7779c58;372.58;0.07873605;BUY
2016-02-02T01:40:31.423000;2016-02-02T01:40:31.447000;41996b4b-b82e-4bcd-ae38-f2030168e17b;372.34;0.01;BUY
2016-02-02T01:40:31.423000;2016-02-02T01:40:31.460000;dc878c9d-aa46-4315-8901-a8af3cc51414;372.34;0.01;BUY
2016-02-02T01:40:31.423000;2016-02-02T01:40:31.460000;5f860063-7c45-466a-8de7-aae02e12664d;372.35;0.01;BUY
2016-02-02T01:40:31.423000;2016-02-02T01:40:31.460000;82d9a6ae-62c0-4426-bee8-18b0d2f21161;372.36;0.01;BUY
2016-02-02T01:40:31.423000;2016-02-02T01:40:31.460000;70934da2-13f6-4c35-9e0e-e3e8f414cb5a;372.37;0.01;BUY
2016-02-02T01:40:31.423000;2016-02-02T01:40:31.460000;6ea27c53-008a-4e05-8237-6418cda07373;372.37;0.01;BUY
2016-02-02T01:40:31.423000;2016-02-02T01:40:31.460000;a1dff239-14df-4736-8396-6243ae05b8c3;372.43;0.101;BUY
2016-02-02T01:40:31.427000;2016-02-02T01:40:31.460000;295b52ab-53fd-4a8b-b165-dd859a93b859;372.46;0.37958;BUY
2016-02-02T01:41:31.267000;2016-02-02T01:41:31.273000;3712f625-b884-48e5-8391-586ad49425d3;372.43;0.01;BUY
2016-02-02T01:41:31.267000;2016-02-02T01:41:31.290000;913de9c9-9e60-496c-89f5-9b501a91d746;372.57;0.01;BUY
2016-02-02T01:41:31.267000;2016-02-02T01:41:31.290000;f6d69d7d-312a-44de-bd47-48d534363c7a;372.58;0.11124;BUY
2016-02-02T01:42:31.313000;2016-02-02T01:42:31.337000;becade0e-2366-40d7-93c5-b310a6d8f9a9;372.57;0.01;BUY
2016-02-02T01:42:31.317000;2016-02-02T01:42:31.353000;a2ae4744-c116-4bfc-bfe9-ca859aa0046c;372.69;0.24195;BUY
2016-02-02T01:43:01.403000;2016-02-02T01:43:01.480000;4d7d6b15-edbd-4dca-8ad5-a545a344e034;372.61;0.655;BUY
2016-02-02T01:43:01.403000;2016-02-02T01:43:01.480000;cfed59d2-a4b6-4df2-bea2-f06dd1c6c71a;372.63;2.42669;BUY
2016-02-02T01:43:31.373000;2016-02-02T01:43:31.417000;8fc94c11-a1c7-4a84-899b-59778fcb87d1;372.6;0.01;SELL
2016-02-02T01:43:31.373000;2016-02-02T01:43:31.433000;0e3184fc-83e5-4247-84b7-0d3035b891f9;372.6;0.01;SELL
2016-02-02T01:43:31.373000;2016-02-02T01:43:31.433000;7b54b680-48be-4a6f-a2af-bcf9fe0b1a47;372.6;0.06896;SELL
2016-02-02T01:44:01.490000;2016-02-02T01:44:01.557000;f06343af-6ac9-46b4-be16-d190f017cea4;372.63;0.63;BUY
2016-02-02T01:44:01.490000;2016-02-02T01:44:01.557000;db97475a-6329-4c75-9a7c-657e4d665d88;372.63;2.03328;BUY
2016-02-02T01:44:31.310000;2016-02-02T01:44:31.357000;161d6246-6474-42ec-ad08-b1dd3e56fd79;372.58;0.37094;BUY
2016-02-02T01:45:01.603000;2016-02-02T01:45:01.637000;dd6b0452-c3f4-4b6d-b132-746d5b4a9d09;372.56;3.17394;BUY
2016-02-02T01:45:31.340000;2016-02-02T01:45:31.370000;856485f2-d28a-4ed1-887d-35dfa076d52e;372.56;1.82598535;BUY
2016-02-02T01:45:31.340000;2016-02-02T01:45:31.387000;ae63b553-7260-471c-a881-38fd6645d99c;372.59;6.94330465;BUY
2016-02-02T01:45:44.003000;2016-02-02T01:45:44.043000;b251bf18-8e90-431c-aacb-00c9e0996ee0;372.62;0.01;BUY
2016-02-02T01:45:44.003000;2016-02-02T01:45:44.043000;e333931b-950b-40da-91dd-b2106f735e0c;372.77;0.15214068;BUY
2016-02-02T01:46:01.303000;2016-02-02T01:46:01.340000;31ede8bf-a04f-440d-8df9-bffbb1bf54a3;372.75;1.99637;BUY
2016-02-02T01:46:10.340000;2016-02-02T01:46:10.370000;2e92cd06-aa57-41f8-bc79-845b073a4542;372.75;0.22;BUY
2016-02-02T01:46:31.337000;2016-02-02T01:46:31.387000;b589d52d-71fc-4fad-9f19-9be71267d863;372.65;0.01;SELL
2016-02-02T01:46:31.337000;2016-02-02T01:46:31.387000;e17c7e6e-7d2b-4844-b7f7-57b7df4cdaeb;372.57;1.8;SELL
2016-02-02T01:46:31.337000;2016-02-02T01:46:31.387000;ac12285d-56a1-4283-82c4-4edaa3b97b18;372.56;1.6179;SELL
2016-02-02T01:47:01.283000;2016-02-02T01:47:01.323000;63a2b60b-8a58-4420-995d-8bf7c62be849;372.63;0.01681;BUY
2016-02-02T01:47:20.377000;2016-02-02T01:47:20.403000;4dd94746-fe99-4faf-b0cb-da422be0aacd;372.56;0.2;BUY
2016-02-02T01:48:01.623000;2016-02-02T01:48:01.653000;6a58bcb5-3a80-4f10-99a1-0c5f92302ab1;372.56;0.48001;BUY
2016-02-02T01:48:31.503000;2016-02-02T01:48:31.527000;cb7f89e3-9634-41d0-91a9-dc519e426add;372.55;0.14628;BUY
2016-02-02T01:49:03.160000;2016-02-02T01:49:03.213000;d568ea65-5cb5-4ba3-b48c-28838f29e6bf;372.55;1.06344;BUY
2016-02-02T01:49:31.457000;2016-02-02T01:49:31.480000;523315ed-8241-4f27-ba9b-0f707d9dac9f;372.55;2.60256;BUY
2016-02-02T01:49:31.457000;2016-02-02T01:49:31.510000;054fd9ea-57fb-40c2-ab03-4dc0c480d2d3;372.55;0.05;BUY
2016-02-02T01:49:31.457000;2016-02-02T01:49:31.510000;daede53e-c3b2-4e4e-834c-a9e693f174f2;372.55;0.641;BUY
2016-02-02T01:49:31.457000;2016-02-02T01:49:31.510000;19e19e9e-8e70-44a7-a592-b1a55dcb8977;372.57;8.87943;BUY
2016-02-02T01:50:01.533000;2016-02-02T01:50:01.573000;0ce132a6-fe7b-41e4-bf09-afa7d53b1fac;372.55;0.551;BUY
2016-02-02T01:50:01.537000;2016-02-02T01:50:01.573000;fb96f0d8-d81c-4ae6-88ec-c3e6c11de073;372.55;0.39656;BUY
2016-02-02T01:50:12.143000;2016-02-02T01:50:12.167000;f0d484cf-8f4e-4b8d-ace7-550a21b16033;372.54;0.01;SELL
2016-02-02T01:50:31.447000;2016-02-02T01:50:31.480000;ffa1bdc6-55e3-4f6d-9a3a-668aef5e2a8a;372.49;0.39425;BUY
2016-02-02T01:51:01.383000;2016-02-02T01:51:01.403000;e3304f7b-29ae-4cf9-aa29-e63cda758b8d;372.49;0.519;BUY
2016-02-02T01:51:01.383000;2016-02-02T01:51:01.417000;f14a1667-aae9-4d3c-8781-8a5c3a7f4050;372.49;0.53956;BUY
2016-02-02T01:51:31.430000;2016-02-02T01:51:31.463000;150b01dc-18c4-43b6-9d2d-c16bcb3c4914;372.51;0.499;BUY
2016-02-02T01:51:31.430000;2016-02-02T01:51:31.463000;e2c0354b-5f36-4bfa-bf80-bf1e9d6477bc;372.52;0.95243;BUY
2016-02-02T01:52:01.400000;2016-02-02T01:52:01.417000;029d776f-2b1a-4081-b0df-ec91981fd90a;372.51;0.13688;BUY
2016-02-02T01:52:31.713000;2016-02-02T01:52:31.730000;d4894fff-dabf-48d9-9fb8-47aeb6488737;372.5;0.79695;BUY
2016-02-02T01:53:01.390000;2016-02-02T01:53:01.403000;74aa38ce-6b06-4154-9e83-ecc75b317690;372.49;0.53293;BUY
2016-02-02T01:53:31.437000;2016-02-02T01:53:31.450000;71060565-e261-4b37-a9c9-fb775d939a81;372.49;8.79503;BUY
2016-02-02T01:53:31.437000;2016-02-02T01:53:31.480000;5c30b733-31e6-4755-bb5a-8b1c63b98d69;372.5;3.39206;BUY
2016-02-02T01:55:01.377000;2016-02-02T01:55:01.387000;e8b7e25d-2cd3-4ab2-82dc-b932f1b2d4a5;372.5;0.12098;BUY
2016-02-02T01:55:01.377000;2016-02-02T01:55:01.403000;87557616-14ea-4763-96d2-a6da90f74182;372.55;0.01;BUY
2016-02-02T01:55:01.377000;2016-02-02T01:55:01.403000;9ff44a1f-2250-4752-8436-d8e318a56036;372.58;0.089;BUY
2016-02-02T01:55:01.377000;2016-02-02T01:55:01.403000;fa948dad-0f70-42dc-86dc-af07e78310df;372.6;0.24544;BUY
2016-02-02T01:55:31.470000;2016-02-02T01:55:31.480000;2fbd40ae-dd15-474e-b677-ef810f4849b7;372.65;0.01;BUY
2016-02-02T01:55:31.470000;2016-02-02T01:55:31.480000;544f4a2f-6482-44a1-95c0-8c30d8f92be6;372.66;0.01;BUY
2016-02-02T01:55:31.470000;2016-02-02T01:55:31.480000;bed5bc79-27c1-4c5a-b21d-40c43b872ba4;372.67;0.96292;BUY
2016-02-02T01:55:53.357000;2016-02-02T01:55:53.370000;0d4ab7d7-0b4f-462b-80a7-a9f9e3a02dd9;372.57;0.01;SELL
2016-02-02T01:55:53.357000;2016-02-02T01:55:53.387000;d269ed30-a0fe-472b-9e7b-4feb3d938131;372.57;0.01;SELL
2016-02-02T01:55:53.357000;2016-02-02T01:55:53.387000;6a1f8771-9761-4e37-877f-9046a24ffc85;372.56;0.29;SELL
2016-02-02T01:55:53.357000;2016-02-02T01:55:53.387000;d6e65ef1-84ec-4aad-a65a-5a9f38721911;372.52;1.4;SELL
2016-02-02T01:55:53.357000;2016-02-02T01:55:53.387000;4bbf56e5-fb96-4361-9f13-8c954874864b;372.51;0.111;SELL
2016-02-02T01:55:53.357000;2016-02-02T01:55:53.387000;d45aaa0a-f7e3-446c-83d5-77e5fbbd813b;372.51;2.179;SELL
2016-02-02T01:56:01.380000;2016-02-02T01:56:01.387000;1420bd13-da6d-480a-9fa9-8b528c2c49ff;372.61;0.45657;BUY
2016-02-02T01:56:31.437000;2016-02-02T01:56:31.450000;1fbf900b-a967-4870-8e4c-501be8ea5e1c;372.55;0.8;SELL
2016-02-02T01:56:31.437000;2016-02-02T01:56:31.450000;d8293cab-0f28-4536-9e34-14f87cb068ba;372.54;0.54654;SELL
2016-02-02T01:57:01.390000;2016-02-02T01:57:01.433000;a0036980-5b91-475b-9d30-f16b9c81ce6a;372.53;1.80028;SELL
2016-02-02T01:57:31.497000;2016-02-02T01:57:31.497000;084e7285-5f69-4736-818c-b9d72c2dc029;372.55;1.50444;BUY
2016-02-02T01:58:01.527000;2016-02-02T01:58:01.527000;242b20d2-ae6f-4376-9628-53ae0e0387bd;372.54;0.1391;BUY
2016-02-02T01:58:31.650000;2016-02-02T01:58:31.690000;deda2139-beec-4c45-a645-db3bc9742aff;372.51;0.26228;BUY
2016-02-02T01:58:37.003000;2016-02-02T01:58:37.050000;387ea1b3-dbd8-4127-be44-1c34b4bd44dd;372.5;0.0125;SELL
2016-02-02T01:59:01.423000;2016-02-02T01:59:01.487000;42b3a70c-aae8-4c90-88aa-5c3b0ca71232;372.49;1.20191;BUY
2016-02-02T01:59:31.423000;2016-02-02T01:59:31.457000;125263ca-3c03-4a5f-8715-c582b538f1b9;372.49;0.6661;BUY
2016-02-02T02:00:01.813000;2016-02-02T02:00:01.847000;db3658f0-22bf-4cb4-8692-7bfab704e01d;372.49;0.99672;BUY
2016-02-02T02:00:27.220000;2016-02-02T02:00:27.253000;c5cbd9b6-7258-43c8-8627-0e1dd2faded3;372.49;0.12277;BUY
2016-02-02T02:00:27.220000;2016-02-02T02:00:27.270000;a8adfb09-21ed-4cd4-b582-f7fe6637e44b;372.49;0.28060198;BUY
2016-02-02T02:00:31.673000;2016-02-02T02:00:31.707000;9d3ab8b4-00be-412b-8f14-2add68a3212e;372.49;1.81123;BUY
2016-02-02T02:01:01.520000;2016-02-02T02:01:01.550000;d2df41d0-3ac3-4695-bcf7-e61b0f6c14f8;372.49;0.01524;BUY
2016-02-02T02:01:31.760000;2016-02-02T02:01:31.800000;286bd056-a2e2-49f6-85f9-e38217e54737;372.49;1.01602;BUY
2016-02-02T02:02:01.583000;2016-02-02T02:02:01.613000;38b97667-af8b-49fd-aefa-c02794418c43;372.49;0.37246802;BUY
2016-02-02T02:02:01.583000;2016-02-02T02:02:01.627000;2a5cd4a1-d516-40c5-94ab-7dedb01b3940;372.49;0.50589198;BUY
2016-02-02T02:02:31.770000;2016-02-02T02:02:31.800000;5984195e-3cfe-4642-90ce-c60662685829;372.51;1.30587;BUY
2016-02-02T02:03:01.497000;2016-02-02T02:03:01.520000;bbc17f66-76cb-4672-980d-d381e77b2dde;372.48;0.01;SELL
2016-02-02T02:03:01.497000;2016-02-02T02:03:01.550000;fbd28a24-04c8-4ca6-8955-fc5d9d69690c;372.48;0.01;SELL
2016-02-02T02:03:01.497000;2016-02-02T02:03:01.550000;6a8c6ef8-0ec0-4db2-9c58-7716443b5d26;372.48;0.101;SELL
2016-02-02T02:03:01.497000;2016-02-02T02:03:01.550000;877fd444-a666-44c9-a0f0-4724abb08e12;372.47;0.01;SELL
2016-02-02T02:03:01.497000;2016-02-02T02:03:01.550000;ef4d97cd-e300-4b93-a6a9-fb84c8947cfe;372.46;0.01;SELL
2016-02-02T02:03:01.497000;2016-02-02T02:03:01.627000;12b53ac7-fb6e-4eaf-9d43-16adc71cbbe8;372.46;0.01;SELL
2016-02-02T02:03:01.497000;2016-02-02T02:03:01.627000;632acc3c-57eb-4671-b490-338a4efe16e1;372.45;0.0631;SELL
2016-02-02T02:03:31.423000;2016-02-02T02:03:31.440000;f3f14024-0575-4a8f-9d0e-be4acb2a97a5;372.51;3.96583;BUY
2016-02-02T02:03:59.357000;2016-02-02T02:03:59.377000;a02dd278-d218-40d0-9c9a-b4391a2ed50c;372.51;2.4;BUY
2016-02-02T02:04:01.480000;2016-02-02T02:04:01.503000;a1aff726-0e26-4a5e-b519-da6ae404fddc;372.47;2.016;SELL
2016-02-02T02:04:01.483000;2016-02-02T02:04:01.520000;db1c7b2b-bf51-4b70-85e7-6a0727fc4392;372.46;7.8222;SELL
2016-02-02T02:04:31.437000;2016-02-02T02:04:31.457000;c2dd501e-2713-4ee6-a810-cb2355e25f29;372.47;0.2;BUY
2016-02-02T02:04:31.437000;2016-02-02T02:04:31.473000;91e66d0f-ef0f-4062-b693-731651d5aa3d;372.48;0.01;BUY
2016-02-02T02:04:31.437000;2016-02-02T02:04:31.473000;a903f2e4-d03f-4d46-a34f-cac0b3044bbc;372.48;0.4;BUY
2016-02-02T02:04:31.437000;2016-02-02T02:04:31.473000;0388e448-d65a-478f-87cf-442b6b68c9ae;372.49;0.01;BUY
2016-02-02T02:04:31.440000;2016-02-02T02:04:31.473000;940215b4-9b70-4286-9b1c-214027bb64f6;372.49;0.01;BUY
2016-02-02T02:04:31.440000;2016-02-02T02:04:31.567000;439c5278-ddee-497e-915e-70b8dced4e1b;372.49;0.4851;BUY
2016-02-02T02:05:01.470000;2016-02-02T02:05:01.487000;ee073b04-bb8b-4698-bb2c-ff5eea253b6a;372.49;0.24615;SELL
2016-02-02T02:05:32.433000;2016-02-02T02:05:32.457000;097baf2b-005b-49f5-ab9e-366214185d45;372.5;0.01;BUY
2016-02-02T02:05:32.433000;2016-02-02T02:05:32.473000;4545c9f8-c640-408f-a3ef-192700e6a805;372.5;0.01;BUY
2016-02-02T02:05:32.433000;2016-02-02T02:05:32.473000;45e635f6-fc51-4df1-a2fa-6398d8b62a29;372.51;0.06602;BUY
2016-02-02T02:05:32.433000;2016-02-02T02:05:32.473000;12c11ff2-cf55-4f6f-90ce-ed1426edb3b1;372.54;0.37225;BUY
2016-02-02T02:06:01.477000;2016-02-02T02:06:01.503000;ca38c045-0b0d-4534-92d1-4e1d25789c7b;372.56;2.4;BUY
2016-02-02T02:06:01.477000;2016-02-02T02:06:01.503000;33342fde-a885-41a9-aa7c-9770e2be7e98;372.57;0.01;BUY
2016-02-02T02:06:01.477000;2016-02-02T02:06:01.503000;fe35e583-2261-44f0-8ccd-bdd0b3474dc3;372.58;0.33568;BUY
2016-02-02T02:06:26.260000;2016-02-02T02:06:26.270000;c326b8c6-027f-43e6-af28-21658b8147f6;372.58;0.09;BUY
2016-02-02T02:06:31.483000;2016-02-02T02:06:31.503000;94975a7b-6c4a-4614-b27d-48e29c03b399;372.58;0.43233;BUY
2016-02-02T02:07:01.527000;2016-02-02T02:07:01.550000;a4c793d7-f9d2-40db-bdc1-bb48db748b53;372.52;0.425;SELL
2016-02-02T02:07:01.527000;2016-02-02T02:07:01.567000;916f0d45-14bd-4ba3-92aa-92a36a040ae4;372.51;0.521;SELL
2016-02-02T02:07:01.527000;2016-02-02T02:07:01.567000;e9501460-8acd-4e8e-a656-f3054071a82c;372.5;1.6;SELL
2016-02-02T02:07:01.527000;2016-02-02T02:07:01.567000;5570af68-add1-443b-ba81-f8b4295d61e2;372.49;0.6;SELL
2016-02-02T02:07:01.527000;2016-02-02T02:07:01.567000;233a89e9-ece0-4a34-bbd1-88ca33f31563;372.49;0.186;SELL
2016-02-02T02:07:01.527000;2016-02-02T02:07:01.660000;642beb03-7742-477a-9c66-b1e068afe8ce;372.47;4.2;SELL
2016-02-02T02:07:01.527000;2016-02-02T02:07:01.660000;b7f26cbe-4ddb-4a05-99d1-09852f4f9d70;372.46;9.37379;SELL
2016-02-02T02:07:01.527000;2016-02-02T02:07:01.660000;3570c28e-02a3-41b8-a2a7-cf8c6387f0f2;372.46;0.16;SELL
2016-02-02T02:07:01.527000;2016-02-02T02:07:01.660000;60c3103c-25d4-4395-bd89-95de189743ae;372.45;1.874;SELL
2016-02-02T02:07:01.527000;2016-02-02T02:07:01.660000;055f922e-bdad-4bc3-bd38-ac22244e66cb;372.43;0.01;SELL
2016-02-02T02:07:01.530000;2016-02-02T02:07:01.660000;2f25def4-8047-423c-bc63-5bdc1f010555;372.43;0.01;SELL
2016-02-02T02:07:01.530000;2016-02-02T02:07:01.660000;58174e02-3316-4125-8e1c-ce51cd2c8256;372.42;1.907;SELL
2016-02-02T02:07:01.530000;2016-02-02T02:07:01.660000;600996cf-0fc4-4902-b27b-3fac2e39dddf;372.39;1.863;SELL
2016-02-02T02:07:01.530000;2016-02-02T02:07:01.660000;e9927cec-7bfc-42a0-b1a7-bc0b5ea54e1a;372.38;0.01;SELL
2016-02-02T02:07:01.530000;2016-02-02T02:07:01.660000;559980aa-9e58-4a6c-95de-0588da74cacd;372.38;1.915;SELL
2016-02-02T02:07:01.530000;2016-02-02T02:07:01.660000;6d07ea3a-c173-4a80-983d-56e28ab12244;372.37;0.01;SELL
2016-02-02T02:07:01.530000;2016-02-02T02:07:01.660000;baa28dfe-3175-4236-b186-ca66a5f87277;372.36;0.01;SELL
2016-02-02T02:07:01.530000;2016-02-02T02:07:01.660000;8d7b6232-9ffa-4830-a72c-d78837cf6ca0;372.35;0.01;SELL
2016-02-02T02:07:01.530000;2016-02-02T02:07:01.660000;0f9bfda6-cf02-47f1-a99c-ee1f9200cfcd;372.35;1.859;SELL
2016-02-02T02:07:01.530000;2016-02-02T02:07:01.660000;19180036-1f15-47fd-9109-ba22ea069b1b;372.32;1.914;SELL
2016-02-02T02:07:01.530000;2016-02-02T02:07:01.660000;ab4725cc-6320-4bc9-824a-ec6357e893a3;372.29;1.915;SELL
2016-02-02T02:07:01.530000;2016-02-02T02:07:01.660000;f3835bed-0c62-4277-9617-b5c7cef674e5;372.26;1.866;SELL
2016-02-02T02:07:01.530000;2016-02-02T02:07:01.660000;a69d0517-73c8-4cd4-9b4a-8fdda8a45c1a;372.23;1.977;SELL
2016-02-02T02:07:01.530000;2016-02-02T02:07:01.660000;42265a39-8580-412d-8cbd-514e4757d341;372.2;1.958;SELL
2016-02-02T02:07:01.530000;2016-02-02T02:07:01.660000;a24c7e96-f5a1-416e-8329-38d96a67ad84;372.18;0.01;SELL
2016-02-02T02:07:01.530000;2016-02-02T02:07:01.660000;7bae3980-6d36-45df-bce0-c3753fa17721;372.17;0.01;SELL
2016-02-02T02:07:01.533000;2016-02-02T02:07:01.660000;dc74fb45-99fd-4ee4-8915-2c7f7a4f57c5;372.17;1.96;SELL
2016-02-02T02:07:01.533000;2016-02-02T02:07:01.660000;bc9f0c2f-8582-43ee-9bdf-5cc715d5b8c1;372.16;0.01;SELL
2016-02-02T02:07:01.533000;2016-02-02T02:07:01.660000;bd59c534-e71e-4aa8-8491-a02d88c83db1;372.16;0.01;SELL
2016-02-02T02:07:01.533000;2016-02-02T02:07:01.660000;bc9706af-990c-46d0-851c-1db4ec3bca23;372.15;0.01;SELL
2016-02-02T02:07:01.533000;2016-02-02T02:07:01.677000;89d13872-3ba6-4bd0-8d2c-82995d7f12dd;372.15;0.01;SELL
2016-02-02T02:07:01.533000;2016-02-02T02:07:01.677000;2e693817-d174-4e76-ada8-75516b1005d2;372.14;1.858;SELL
2016-02-02T02:07:01.533000;2016-02-02T02:07:01.677000;83522ce9-5362-4bf0-8451-b33caa505292;372.11;1.877;SELL
2016-02-02T02:07:01.533000;2016-02-02T02:07:01.677000;977519ce-342f-4f5b-95b6-685eb89cd2b0;372.1;0.01;SELL
2016-02-02T02:07:01.533000;2016-02-02T02:07:01.677000;c78d9063-31d5-468f-82c8-ab0fac197072;372.08;1.878;SELL
2016-02-02T02:07:01.533000;2016-02-02T02:07:01.677000;e8f2275f-041f-4c40-b810-be0778de8719;372.05;1.856;SELL
2016-02-02T02:07:01.533000;2016-02-02T02:07:01.677000;c58eccfb-1021-4ef8-81b4-503a39e284bb;372.02;1.901;SELL
2016-02-02T02:07:01.533000;2016-02-02T02:07:01.677000;5c1c1cd1-9c88-4f2f-abba-07a1574b40df;372.02;2.42621;SELL
2016-02-02T02:07:31.567000;2016-02-02T02:07:31.580000;2ccdf9f9-6d68-43c7-81a3-cc33b8d4fc00;372.13;0.4;SELL
2016-02-02T02:07:31.567000;2016-02-02T02:07:31.597000;7d2290e6-96c1-44c8-8b77-e00d80b0928c;372.13;0.295;SELL
2016-02-02T02:07:31.570000;2016-02-02T02:07:31.597000;fc76cbd9-b8cf-40f9-ba3f-240fa81336a5;372.12;3.43464;SELL
2016-02-02T02:07:40.473000;2016-02-02T02:07:40.487000;8b552746-8eaf-47e9-9b9b-c447d29d6e41;372.18;0.125;BUY
2016-02-02T02:08:01.847000;2016-02-02T02:08:01.880000;a7ce93b7-1c26-4c6a-96f2-047f9ff83807;372.23;0.27217;BUY
2016-02-02T02:08:31.467000;2016-02-02T02:08:31.487000;0247e918-7c5a-4a6b-b14f-e23b7095d759;372.18;0.27191;BUY
2016-02-02T02:09:01.667000;2016-02-02T02:09:01.677000;d9c1e2d8-f11e-4c36-b6f1-bc3815cf698b;372.15;1.00584;BUY
2016-02-02T02:09:31.503000;2016-02-02T02:09:31.520000;8ef75259-5935-4c0f-9b3d-1873a2c0b0df;372.14;2.165;BUY
2016-02-02T02:09:31.503000;2016-02-02T02:09:31.533000;0f2890a5-25f8-48a8-8d6f-b979429a0520;372.15;1.0318;BUY
2016-02-02T02:10:31.677000;2016-02-02T02:10:31.690000;e9557d14-3eba-4df6-9759-9410c0b794a1;372.2;0.0101;BUY
2016-02-02T02:11:02.693000;2016-02-02T02:11:02.707000;0bf38c34-9f34-4df3-84b8-fdde5ada9993;372.16;2.035;BUY
2016-02-02T02:11:02.693000;2016-02-02T02:11:02.707000;8cd99eb2-7b3a-43ab-89a8-259cf305699c;372.17;0.79139;BUY
2016-02-02T02:12:01.557000;2016-02-02T02:12:01.567000;5c4a86ab-ea5b-430a-9e6c-13ce23368345;372.22;0.43878;BUY
2016-02-02T02:12:31.530000;2016-02-02T02:12:31.550000;ef0ab347-47d3-4017-a9b9-3dc7efcb0338;372.15;0.29;BUY
2016-02-02T02:12:31.530000;2016-02-02T02:12:31.550000;5ef30ab1-86f9-4ffe-8194-223babe06f37;372.21;0.96521;BUY
2016-02-02T02:13:01.380000;2016-02-02T02:13:01.380000;138ed0ec-22b0-4c8c-84d7-3585e827ce46;372.16;6.32835;BUY
2016-02-02T02:13:31.570000;2016-02-02T02:13:31.607000;66931724-7996-475e-840d-6712fd282b66;372.13;0.2053;BUY
2016-02-02T02:14:02.027000;2016-02-02T02:14:02.060000;0f6e0c3e-4ccf-4159-aef9-febfa07ab8b5;372.04;0.2;SELL
2016-02-02T02:14:02.030000;2016-02-02T02:14:02.090000;51df15e3-5fa6-470a-ac1e-be236268dd71;372.03;9.33821;SELL
2016-02-02T02:14:02.030000;2016-02-02T02:14:02.090000;545ba1c2-c6ed-43bb-ab9f-feb551b34b6d;372.03;0.745;SELL
2016-02-02T02:14:02.030000;2016-02-02T02:14:02.090000;d8abf2bf-c237-48d0-8d11-46a9949ec079;372.01;0.40212;SELL
2016-02-02T02:14:31.597000;2016-02-02T02:14:31.653000;4c67911b-007b-4c3b-8d8b-b3db789e6757;372.11;0.34693;BUY
2016-02-02T02:15:01.597000;2016-02-02T02:15:01.637000;a5420b3c-b1ab-4b2e-895d-fea12191d877;372.08;1.60195;BUY
2016-02-02T02:15:31.537000;2016-02-02T02:15:31.590000;93b9f11b-15de-46e2-8812-a1dce80cf739;372.11;1.825;BUY
2016-02-02T02:15:31.537000;2016-02-02T02:15:31.590000;6bcbc3e5-3578-4a64-b2de-36b894b9b9d5;372.12;1.40505;BUY
2016-02-02T02:16:01.490000;2016-02-02T02:16:01.527000;e0eea472-6af0-4dc9-aa47-1594cd83f485;372.0;0.48427;BUY
2016-02-02T02:16:31.610000;2016-02-02T02:16:31.653000;e4285c4f-2d12-4316-9693-17cd76f0cf10;372.02;0.72402;BUY
2016-02-02T02:17:01.467000;2016-02-02T02:17:01.497000;c2f16225-1894-4898-aa1b-3bb354fbed66;371.98;0.06659;BUY
2016-02-02T02:17:31.533000;2016-02-02T02:17:31.573000;4f82be9e-2306-47be-ae63-7ab6352e7ada;371.98;0.40492;BUY
2016-02-02T02:18:01.560000;2016-02-02T02:18:01.590000;7bb77e4c-0ed9-4d24-b296-c2ded1cfd295;372.01;1.04;BUY
2016-02-02T02:18:01.560000;2016-02-02T02:18:01.607000;b439f690-f5ab-4090-ac08-9cf1cc67bf42;372.02;1.134;BUY
2016-02-02T02:18:01.560000;2016-02-02T02:18:01.607000;6ea9c4d1-4651-4cb6-8ff6-b46e77ecc92a;372.04;1.23617;BUY
2016-02-02T02:18:31.443000;2016-02-02T02:18:31.467000;9d0d50fa-491e-401e-bb58-9702562f710a;372.07;1.411;BUY
2016-02-02T02:18:31.443000;2016-02-02T02:18:31.467000;69ef616f-ef2c-403d-8283-ef420f7a963c;372.08;0.42255;BUY
2016-02-02T02:18:43.017000;2016-02-02T02:18:43.043000;33384380-2210-4a23-895a-42e2afffd817;372.01;0.0999;SELL
2016-02-02T02:19:03.367000;2016-02-02T02:19:03.387000;915c377e-8002-40a0-85a0-fe7bf40d222d;371.98;1.279;BUY
2016-02-02T02:19:03.367000;2016-02-02T02:19:03.403000;51d4bb98-b565-4bf6-840d-018e4c7078bb;371.98;0.76564;BUY
2016-02-02T02:19:31.307000;2016-02-02T02:19:31.323000;4fc69055-3085-464f-9505-00a3eec73c0a;371.97;1.01557;SELL
2016-02-02T02:20:01.500000;2016-02-02T02:20:01.527000;05ca8a70-cc55-4165-b5e0-071794dfd5d2;371.97;0.64717;SELL
2016-02-02T02:20:31.723000;2016-02-02T02:20:31.747000;9e82a932-e46e-40f4-b4cf-d5cb445daa6a;371.97;1.20201;SELL
2016-02-02T02:21:01.710000;2016-02-02T02:21:01.730000;885da2f5-c564-48f4-8973-0ffee55dbfd7;371.98;0.1;BUY
2016-02-02T02:21:01.710000;2016-02-02T02:21:01.747000;b4e311b9-70c9-49d6-b811-f00a7b5c1ebe;372.0;0.01;BUY
2016-02-02T02:21:01.710000;2016-02-02T02:21:01.747000;66203e0f-5274-4e83-bed4-e42f2f69204a;372.06;0.085;BUY
2016-02-02T02:21:01.710000;2016-02-02T02:21:01.747000;a4c544cd-68f0-4329-9e6a-6c83cba82cfb;372.07;0.4589;BUY
2016-02-02T02:21:31.590000;2016-02-02T02:21:31.607000;e5bb7ce9-d2c7-4dfe-9b2e-48d5b96005d9;372.32;0.3044;BUY
2016-02-02T02:22:32.803000;2016-02-02T02:22:32.823000;fe4199ab-ffe9-4920-b92d-e4cf4b2dc3ee;372.23;0.03;BUY
2016-02-02T02:22:32.803000;2016-02-02T02:22:32.840000;1c6b6649-2822-4f8b-924f-ac49e11bad12;372.3;0.54096;BUY
2016-02-02T02:23:01.500000;2016-02-02T02:23:01.513000;cbbcec84-cb88-43af-9916-87b99d5062fc;372.32;0.26936;BUY
2016-02-02T02:23:31.677000;2016-02-02T02:23:31.700000;3514e677-3352-48cb-b9f8-711b3c3cd604;372.28;0.32;BUY
2016-02-02T02:23:31.680000;2016-02-02T02:23:31.717000;971395c9-ca58-4ef2-bef0-99562a66acf7;372.29;3.891;BUY
2016-02-02T02:23:31.680000;2016-02-02T02:23:31.717000;037e8db5-7570-4218-9e53-c901c86e9787;372.3;1.11279;BUY
2016-02-02T02:24:31.483000;2016-02-02T02:24:31.497000;38f54311-ab8b-4ad9-99e5-4f3c80364c5f;372.13;1.33077;BUY
2016-02-02T02:25:01.477000;2016-02-02T02:25:01.480000;20088c75-143f-4cba-ae29-141fef144ad1;372.12;0.19322;SELL
2016-02-02T02:26:01.577000;2016-02-02T02:26:01.573000;a1ce2f82-1a0a-4dc9-8e8b-68c46df145b9;372.12;0.18620187;SELL
2016-02-02T02:26:01.577000;2016-02-02T02:26:01.590000;f2836c84-efe4-4848-9098-82bcae09ff36;372.12;0.20453813;SELL
2016-02-02T02:26:31.630000;2016-02-02T02:26:31.637000;83596644-cade-4843-8096-e66af53db20b;372.13;0.01049094;BUY
2016-02-02T02:26:31.630000;2016-02-02T02:26:31.653000;4a646748-20da-4292-8cac-4d47d56fcd6b;372.15;1.08469413;BUY
2016-02-02T02:26:31.630000;2016-02-02T02:26:31.653000;52cc4bc8-b716-4626-a812-be1f4d6d4f35;372.22;0.279;BUY
2016-02-02T02:26:31.630000;2016-02-02T02:26:31.653000;95e5afb6-7f8c-4438-ae66-ea0d4c25c8be;372.23;2.16796493;BUY
2016-02-02T02:27:01.540000;2016-02-02T02:27:01.543000;28670c1b-3d29-450a-a1ac-26dca385b1fb;372.28;0.80823;BUY
2016-02-02T02:27:31.627000;2016-02-02T02:27:31.623000;4b125b37-f894-4cd8-9759-30c35d3aff12;372.23;0.81908;BUY
2016-02-02T02:28:02.280000;2016-02-02T02:28:02.293000;cc6a31a8-4c45-4add-9f1d-8478673c2272;372.23;1.031;BUY
2016-02-02T02:28:02.280000;2016-02-02T02:28:02.293000;f473d56e-a47b-496b-8261-23466e907e72;372.23;0.90711;BUY
2016-02-02T02:28:31.593000;2016-02-02T02:28:31.590000;2e9dfb24-3b62-4aac-b66f-8c236cba05f8;372.22;0.46612;BUY
2016-02-02T02:29:09.380000;2016-02-02T02:29:09.443000;d97cdc66-d653-48d8-a18b-d3756e850401;372.06;4.025;BUY
2016-02-02T02:29:09.440000;2016-02-02T02:29:09.490000;60387eb9-6b7e-43d8-91a0-b16c148b4f36;372.09;0.976;SELL
2016-02-02T02:29:31.407000;2016-02-02T02:29:31.460000;82681375-cdb0-4a3c-8f3a-ea998aaa5830;372.0;0.0125;SELL
2016-02-02T02:29:31.407000;2016-02-02T02:29:31.477000;24893325-48fb-4f16-8eec-645eb8c38f1e;371.97;0.05606;SELL
2016-02-02T02:30:32.410000;2016-02-02T02:30:32.460000;3dafa609-4c5c-4f81-963d-971a4725700f;372.06;1.0113;BUY
2016-02-02T02:31:01.480000;2016-02-02T02:31:01.537000;0b15cd3c-7a01-4b90-96f4-a798db677f2b;372.21;0.34628;BUY
2016-02-02T02:31:31.553000;2016-02-02T02:31:31.600000;5d5ec20b-1c63-4264-9976-b3e27b377589;372.41;0.34994;BUY
2016-02-02T02:32:01.580000;2016-02-02T02:32:01.633000;75b2badb-575b-4e12-82e3-f605a2449357;372.28;1.665;SELL
2016-02-02T02:32:01.580000;2016-02-02T02:32:01.647000;d7bd5f27-8a73-4b7d-b508-a123e446d91f;372.27;2.17697;SELL
2016-02-02T02:32:13.377000;2016-02-02T02:32:13.430000;71abfa87-31a8-4ff6-8c81-a4bfa5fdfb65;372.2;8.086;SELL
2016-02-02T02:32:15.860000;2016-02-02T02:32:15.913000;17c3a570-3e4a-44ea-b80a-5b105ac17987;372.07;4.722;BUY
2016-02-02T02:32:31.773000;2016-02-02T02:32:31.820000;948ae168-fc37-4afb-98e6-f3274dbf52d4;372.09;0.77597;BUY
2016-02-02T02:33:01.527000;2016-02-02T02:33:01.570000;c74c3b84-3380-4da6-93ac-239b0d5227b1;372.16;0.58089;BUY
2016-02-02T02:33:27.790000;2016-02-02T02:33:27.867000;bb007b7c-f1d2-4014-b6d5-441d60dbc3be;372.01;2.52;BUY
2016-02-02T02:33:34.140000;2016-02-02T02:33:34.193000;622aec4e-42c8-4d7a-8730-b59bdec81d1c;372.03;0.42605;BUY
2016-02-02T02:34:01.527000;2016-02-02T02:34:01.587000;0b9849fb-781d-4793-b1aa-236cce6a6bbc;372.02;0.35383;SELL
2016-02-02T02:35:01.593000;2016-02-02T02:35:01.633000;f4cd83f3-c4a1-444c-ac51-5a1e86b04aba;372.03;0.32088;BUY
2016-02-02T02:35:27.630000;2016-02-02T02:35:27.663000;5a7f81f0-679b-426f-a54e-13b7ac033768;372.03;5.41307;BUY
2016-02-02T02:36:01.957000;2016-02-02T02:36:02.007000;7f0c82cb-96a4-4b28-842d-45ee66210530;372.54;0.01;BUY
2016-02-02T02:36:01.960000;2016-02-02T02:36:02.007000;74dbe13c-8999-4636-aa65-e1a336a9c7f4;372.54;0.01;BUY
2016-02-02T02:36:01.960000;2016-02-02T02:36:02.007000;0615a36e-4869-4caf-8b34-075439866977;372.55;0.01;BUY
2016-02-02T02:36:01.960000;2016-02-02T02:36:02.007000;01a48c39-fc47-4137-b4ba-fda4c213b26b;372.55;0.01;BUY
2016-02-02T02:36:01.960000;2016-02-02T02:36:02.007000;82b1a7e2-0efe-44d5-9357-6348d575ff64;372.56;0.01;BUY
2016-02-02T02:36:01.960000;2016-02-02T02:36:02.040000;15cb3cd6-3403-446f-84ed-729bd3268a70;372.56;0.01;BUY
2016-02-02T02:36:01.960000;2016-02-02T02:36:02.040000;465aa04d-5c33-44b8-9823-fafd8250359b;372.56;0.01;BUY
2016-02-02T02:36:01.960000;2016-02-02T02:36:02.040000;bd497a08-ee47-4907-85d9-9b5c97938edc;372.56;0.01;BUY
2016-02-02T02:36:01.960000;2016-02-02T02:36:02.053000;c1ce00c0-e571-46af-9780-520f97db5a80;372.56;0.01;BUY
2016-02-02T02:36:01.960000;2016-02-02T02:36:02.053000;7cbd6149-3853-4913-b13d-bbf1533370bf;372.56;0.01;BUY
2016-02-02T02:36:01.960000;2016-02-02T02:36:02.053000;9c3ce236-f138-4c32-a836-8f6e00c4a015;372.56;0.01;BUY
2016-02-02T02:36:01.960000;2016-02-02T02:36:02.053000;72ea3e92-2488-4f3b-a463-be22dc6ef39b;372.57;0.01;BUY
2016-02-02T02:36:01.960000;2016-02-02T02:36:02.053000;9e540843-259e-4d2f-a7d6-6a389cf81a77;372.57;0.01;BUY
2016-02-02T02:36:01.960000;2016-02-02T02:36:02.053000;e8abf081-0f59-4e53-a4c6-ee7b985dd227;372.6;0.01;BUY
2016-02-02T02:36:01.960000;2016-02-02T02:36:02.070000;cc048a90-a747-455e-be5d-a14d899e18c4;372.6;0.01;BUY
2016-02-02T02:36:01.960000;2016-02-02T02:36:02.070000;a029f457-f04d-4050-8bad-feb95393241f;372.67;0.088;BUY
2016-02-02T02:36:01.960000;2016-02-02T02:36:02.070000;f3970cb5-e42a-4d95-9318-cc01f9e377f2;372.7;0.09281;BUY
2016-02-02T02:36:31.543000;2016-02-02T02:36:31.570000;3425acc7-60d6-4c58-a24d-611bf3701a1f;372.69;0.40199;SELL
2016-02-02T02:37:31.673000;2016-02-02T02:37:31.710000;485a499d-b7fe-4a21-b57f-9722afe9f3b0;372.7;0.06327;BUY
2016-02-02T02:38:01.577000;2016-02-02T02:38:01.600000;b06f9489-6ec7-4949-a74b-017d7339e53d;372.7;0.11125;BUY
2016-02-02T02:38:31.783000;2016-02-02T02:38:31.820000;a092afdb-0221-476d-98b8-cf9cfb9ed435;372.7;0.78702;BUY
2016-02-02T02:39:01.520000;2016-02-02T02:39:01.553000;c89af066-da7d-4b91-bd02-d3cd10e701b8;372.69;0.01006;SELL
2016-02-02T02:39:31.427000;2016-02-02T02:39:31.460000;95c45281-6f55-4812-8d3c-ed170173895e;372.7;0.28906;BUY
2016-02-02T02:40:01.673000;2016-02-02T02:40:01.693000;16d67475-dc1c-4be4-89ab-148147e15aa3;372.7;1.25069;BUY
2016-02-02T02:40:01.673000;2016-02-02T02:40:01.727000;56d13118-ee93-4f8f-90a7-0103a1f43902;372.76;0.01;BUY
2016-02-02T02:40:01.673000;2016-02-02T02:40:01.727000;642346c5-481b-492e-aabf-965976ef6ee6;372.85;9.37073;BUY
2016-02-02T02:40:01.673000;2016-02-02T02:40:01.727000;89da1d27-0c9f-4c8e-b876-c49ed35a17d8;372.93;0.339;BUY
2016-02-02T02:40:01.673000;2016-02-02T02:40:01.727000;8d6ab425-8233-4909-8cb5-70642c19c4ce;372.94;0.329;BUY
2016-02-02T02:40:01.673000;2016-02-02T02:40:01.803000;09a99d4b-29a4-4598-bc1f-c6fc0cd9a845;372.95;0.294;BUY
2016-02-02T02:40:01.673000;2016-02-02T02:40:01.803000;2cb52d6e-e458-4495-86dd-8592150ea34f;372.96;0.02;BUY
2016-02-02T02:40:01.673000;2016-02-02T02:40:01.803000;8fe6731e-2937-4561-b7c2-061a8e8cbc08;372.98;0.01;BUY
2016-02-02T02:40:01.673000;2016-02-02T02:40:01.803000;73ce5b88-a520-435e-9b53-56ae3eb6bfe0;372.98;0.3;BUY
2016-02-02T02:40:01.673000;2016-02-02T02:40:01.803000;e12e5727-775f-4760-bcf7-aa0f2f68e37a;372.99;2.1;BUY
2016-02-02T02:40:01.673000;2016-02-02T02:40:01.803000;cbe67c38-6c0b-401e-8ad2-cbc4bcbf2a37;373.0;0.01003;BUY
2016-02-02T02:40:01.673000;2016-02-02T02:40:01.803000;cfae3db2-cde8-46f7-8eaa-282f0f227384;373.0;0.1;BUY
2016-02-02T02:40:01.677000;2016-02-02T02:40:01.803000;2035ddde-755d-455b-a31e-14a79736e3ad;373.0;9.77613;BUY
2016-02-02T02:40:06.343000;2016-02-02T02:40:06.383000;b555492e-1a47-439b-bb78-b182ba9b93f5;373.0;0.01859348;BUY
2016-02-02T02:40:06.380000;2016-02-02T02:40:06.430000;557011a6-15fa-43da-9216-85a5bf82e11f;373.0;0.07140652;BUY
2016-02-02T02:40:31.883000;2016-02-02T02:40:31.913000;81197244-1c57-4efe-a6fc-3839824223c7;373.0;0.63255;BUY
2016-02-02T02:41:01.467000;2016-02-02T02:41:01.493000;e625ae86-c02c-4a53-a885-f8f4d12c6119;372.99;2.34358;SELL
2016-02-02T02:41:31.683000;2016-02-02T02:41:31.710000;454a9fce-ba0a-454e-b075-625b2b696d48;373.0;0.58847;BUY
2016-02-02T02:42:10.677000;2016-02-02T02:42:10.693000;dde9ee47-1457-4879-b680-bbf42bac671c;373.0;0.26;BUY
2016-02-02T02:43:01.467000;2016-02-02T02:43:01.493000;128c3c07-c366-4407-b2f6-df733f79e9fe;373.0;0.0298;BUY
2016-02-02T02:43:31.503000;2016-02-02T02:43:31.523000;6decd75e-eca8-4e5c-bad7-76f875ba5496;373.0;0.02467;BUY
2016-02-02T02:44:04.413000;2016-02-02T02:44:04.467000;90e2045b-04d8-4fd4-b4fb-bc8a296ca43c;373.0;9.481;BUY
2016-02-02T02:44:31.457000;2016-02-02T02:44:31.530000;1ce755e5-3310-49e0-ab41-23bc3710dcad;372.99;0.04677;SELL
2016-02-02T02:45:06.410000;2016-02-02T02:45:06.467000;a5c0038b-5a6e-4ed1-9314-a4e08c2dcda9;373.0;0.94421;BUY
2016-02-02T02:45:08.577000;2016-02-02T02:45:08.623000;00ba0b67-88e8-4513-8e4d-5f5f2c7f39f2;373.0;0.08;BUY
2016-02-02T02:45:31.783000;2016-02-02T02:45:31.827000;934c61ec-15e3-4146-9b57-939992691df5;373.0;20.81163;BUY
2016-02-02T02:46:01.597000;2016-02-02T02:46:01.637000;b6121487-3569-4390-bc66-2b9abb90c301;373.0;0.51939;BUY
2016-02-02T02:47:01.830000;2016-02-02T02:47:01.967000;40882755-268d-4fb0-9050-18d9a4e85431;373.0;2.06536;BUY
2016-02-02T02:47:32.247000;2016-02-02T02:47:32.293000;3e2efa14-dc47-4425-b49f-645377e65139;372.99;3.04965;SELL
2016-02-02T02:47:32.247000;2016-02-02T02:47:32.310000;fa37b693-6d70-4ba6-bc19-65efda49b060;372.99;0.3;SELL
2016-02-02T02:47:32.247000;2016-02-02T02:47:32.310000;84e8572e-6029-4abd-9548-268f05073c22;372.99;0.02;SELL
2016-02-02T02:47:32.247000;2016-02-02T02:47:32.327000;ac751e2f-bbf8-4d6b-a991-189dc38b4b29;372.99;0.39685;SELL
2016-02-02T02:48:01.797000;2016-02-02T02:48:01.840000;f1cf33a4-09c0-40b5-8e69-1fb073fb2116;373.0;0.20201;BUY
2016-02-02T02:48:32.183000;2016-02-02T02:48:32.233000;991dc1c1-b1bd-4fd9-b297-07df161f381d;373.0;0.0139;BUY
2016-02-02T02:48:37.123000;2016-02-02T02:48:37.170000;c3693959-4687-4cee-a08d-9934b8bcda84;372.99;0.02;SELL
2016-02-02T02:48:37.123000;2016-02-02T02:48:37.170000;6eb1f770-96eb-430f-bd0d-995c5f3a44df;372.99;0.55484;SELL
2016-02-02T02:48:37.127000;2016-02-02T02:48:37.183000;b49b41d7-5545-43d7-a2a9-b967e48b27e7;372.99;0.3024434;SELL
2016-02-02T02:48:37.130000;2016-02-02T02:48:37.183000;7438e981-e69e-40ad-9d6d-c03fb5235ceb;372.99;1.17733;SELL
2016-02-02T02:48:37.130000;2016-02-02T02:48:37.183000;b2ed5969-f6aa-4c28-9a8a-de7bfa5f2e17;372.99;0.5877;SELL
2016-02-02T02:48:37.143000;2016-02-02T02:48:37.200000;08c7c4d5-a0da-4be6-ae61-5d8360ef51a9;372.99;0.2672866;SELL
2016-02-02T02:48:54.030000;2016-02-02T02:48:54.077000;9d50ec19-02b9-42f1-9743-3dfe352b047b;372.99;2.1774;SELL
2016-02-02T02:48:54.030000;2016-02-02T02:48:54.090000;44b86b6c-9ba9-41f9-a347-38c87dabdebf;372.99;0.26;SELL
2016-02-02T02:48:54.030000;2016-02-02T02:48:54.090000;f19d256c-1def-4381-85a9-6a78ebe2a3ea;372.99;0.1;SELL
2016-02-02T02:48:54.030000;2016-02-02T02:48:54.090000;6364033b-5106-4027-bc4e-19d6fcfd7c9d;372.99;0.02;SELL
2016-02-02T02:49:01.413000;2016-02-02T02:49:01.450000;e200021b-df29-4e4e-aed4-a7750a2425e2;372.98;0.7534;SELL
2016-02-02T02:49:31.790000;2016-02-02T02:49:31.840000;f82553c1-ee11-4258-be93-a75362d1476d;372.89;0.01;SELL
2016-02-02T02:49:31.790000;2016-02-02T02:49:31.840000;49eb75f1-3bce-46c8-91ff-817dbe69c8e6;372.88;0.01;SELL
2016-02-02T02:49:31.790000;2016-02-02T02:49:31.857000;283f91ba-7fa3-4e7f-937d-3d2d7c0e53d3;372.88;0.01;SELL
2016-02-02T02:49:31.790000;2016-02-02T02:49:31.857000;99a517c1-26cf-40a8-84f8-2fa7a1138394;372.87;0.01;SELL
2016-02-02T02:49:31.790000;2016-02-02T02:49:31.857000;323cdbe7-cba5-41bd-b459-0bd8478aa78c;372.87;0.01;SELL
2016-02-02T02:49:31.793000;2016-02-02T02:49:31.857000;9a468c8b-afdf-49cc-8502-d87603003175;372.87;0.74746;SELL
2016-02-02T02:50:01.560000;2016-02-02T02:50:01.590000;769e51ad-755d-494f-9318-eacf8a9ac576;372.92;1.583;SELL
2016-02-02T02:50:01.560000;2016-02-02T02:50:01.607000;b0ec4fec-6a4e-43aa-a850-5ff5708f979d;372.91;0.77216;SELL
2016-02-02T02:51:01.620000;2016-02-02T02:51:01.653000;0741fec4-ea29-4a47-818f-166ba26d55f4;372.97;0.01;BUY
2016-02-02T02:51:01.620000;2016-02-02T02:51:01.670000;f90458e8-2cfc-49e4-895f-fb63c9ad578b;372.99;0.4756;BUY
2016-02-02T02:51:01.620000;2016-02-02T02:51:01.670000;7224f125-11a8-4801-8093-e8c90d83a1cb;373.0;0.73136;BUY
2016-02-02T02:51:32.493000;2016-02-02T02:51:32.543000;0f547685-72d8-4bce-ba05-329e784fd602;372.91;0.1;SELL
2016-02-02T02:51:32.493000;2016-02-02T02:51:32.543000;938f14e5-eb1c-40ff-bda6-ebcf93b47798;372.91;0.109;SELL
2016-02-02T02:51:32.493000;2016-02-02T02:51:32.543000;85ea830e-e6d6-4405-af32-0049d1ab01ae;372.9;0.131;SELL
2016-02-02T02:51:32.493000;2016-02-02T02:51:32.560000;084a094e-4cf1-4ddc-bd0a-b07fb9b8f7ce;372.89;0.114;SELL
2016-02-02T02:51:32.493000;2016-02-02T02:51:32.560000;1f1454d9-3f1c-4920-b412-6212ac59b02d;372.87;1.26;SELL
2016-02-02T02:51:32.493000;2016-02-02T02:51:32.560000;2724a9ba-ced3-43c1-b771-7d830a4b366b;372.86;0.01;SELL
2016-02-02T02:51:32.493000;2016-02-02T02:51:32.560000;6e49fae2-0d4f-4156-b7ba-82fd80bde1c4;372.86;0.117;SELL
2016-02-02T02:51:32.493000;2016-02-02T02:51:32.560000;25cdf7f8-bce9-4212-b460-fcd39b6362ed;372.86;1.68;SELL
2016-02-02T02:51:32.493000;2016-02-02T02:51:32.560000;ee39b062-537d-4913-a781-17f8b9b27966;372.85;0.01;SELL
2016-02-02T02:51:32.493000;2016-02-02T02:51:32.560000;c02f19d8-68ef-42b6-bc0e-1e608745cc98;372.85;9.35799;SELL
2016-02-02T02:51:32.493000;2016-02-02T02:51:32.560000;8fe93c4f-5a34-4b3d-a0c3-9380fe859d25;372.84;0.01;SELL
2016-02-02T02:51:32.497000;2016-02-02T02:51:32.560000;4aec603e-3277-4782-9896-696693efcd56;372.84;0.01;SELL
2016-02-02T02:51:32.497000;2016-02-02T02:51:32.560000;ce309951-d9e5-45e2-b1cd-ccd30320ad37;372.84;1.253;SELL
2016-02-02T02:51:32.497000;2016-02-02T02:51:32.577000;31127503-cfd2-44ad-9d92-bff729253993;372.83;0.01;SELL
2016-02-02T02:51:32.497000;2016-02-02T02:51:32.577000;64e62cf1-9257-4087-b608-8d3ef74cd790;372.82;0.01;SELL
2016-02-02T02:51:32.497000;2016-02-02T02:51:32.607000;db88bab3-ad3e-4a43-9a71-7e7db9e9f855;372.81;0.01;SELL
2016-02-02T02:51:32.497000;2016-02-02T02:51:32.607000;48e6852f-c481-4e07-9564-8793dc1cf8aa;372.81;0.01;SELL
2016-02-02T02:51:32.497000;2016-02-02T02:51:32.607000;5f003f0a-027a-4ab2-a533-2842821411f3;372.81;1.23;SELL
2016-02-02T02:51:32.497000;2016-02-02T02:51:32.607000;5759e4e2-f1b3-4a57-9ae0-87d8bb9db17a;372.8;0.01;SELL
2016-02-02T02:51:32.497000;2016-02-02T02:51:32.607000;ec2bdaeb-ff3b-4b2e-b95f-ca6d75f54191;372.8;0.01;SELL
2016-02-02T02:51:32.497000;2016-02-02T02:51:32.607000;3c8e2261-4439-496e-9c43-5b06a2c3b061;372.79;0.01;SELL
2016-02-02T02:51:32.497000;2016-02-02T02:51:32.607000;a97dedb9-4144-4ca1-9505-f0df8d5e7a70;372.78;1.212;SELL
2016-02-02T02:51:32.497000;2016-02-02T02:51:32.607000;7516bc3e-8c55-4f8b-922c-a1197da5250d;372.75;1.222;SELL
2016-02-02T02:51:32.497000;2016-02-02T02:51:32.607000;d4ea7663-3573-4a2f-b418-c526c59ab903;372.73;0.01;SELL
2016-02-02T02:51:32.497000;2016-02-02T02:51:32.623000;00d61da8-feac-4cd6-87d7-26e59cc391b5;372.72;1.523;SELL
2016-02-02T02:51:32.497000;2016-02-02T02:51:32.623000;4fe8cae0-5baf-43ac-a1a6-ff569e568e13;372.69;1.532;SELL
2016-02-02T02:51:32.497000;2016-02-02T02:51:32.623000;2f99a7f5-5cb5-48a9-855f-b0e46d3c25c6;372.66;0.52775;SELL
2016-02-02T02:52:01.557000;2016-02-02T02:52:01.590000;15bbd0a3-7c4e-474a-aa9c-69d2c90ebfbe;372.86;0.01;BUY
2016-02-02T02:52:01.557000;2016-02-02T02:52:01.590000;32a4134a-7ca9-42f0-a1ab-d79b7ee41f4e;372.87;0.01;BUY
2016-02-02T02:52:01.560000;2016-02-02T02:52:01.607000;afa86504-9a10-4270-be78-f99257d247e1;372.87;0.01;BUY
2016-02-02T02:52:01.560000;2016-02-02T02:52:01.607000;b2f93347-c66a-4796-b589-1c820dd8cb16;372.88;0.01;BUY
2016-02-02T02:52:01.560000;2016-02-02T02:52:01.670000;c9539cb1-66f5-4d19-8c96-07b8d285942a;372.88;0.01;BUY
2016-02-02T02:52:01.560000;2016-02-02T02:52:01.670000;3895122e-7c50-490f-9c17-432151717564;372.89;0.01;BUY
2016-02-02T02:52:01.560000;2016-02-02T02:52:01.670000;358de76e-c4e6-4f14-aaec-9f9bacc70810;372.89;0.01;BUY
2016-02-02T02:52:01.560000;2016-02-02T02:52:01.670000;14583703-9ec6-4d8c-bd0b-e8ba370fb2d7;372.9;0.01;BUY
2016-02-02T02:52:01.560000;2016-02-02T02:52:01.683000;67359685-a71e-4936-902b-20354022a0cc;372.9;0.01;BUY
2016-02-02T02:52:01.560000;2016-02-02T02:52:01.700000;c1b1c27d-d1a1-4360-95c4-ee6698a89d99;372.91;0.01;BUY
2016-02-02T02:52:01.560000;2016-02-02T02:52:01.700000;314f7360-1917-4c2d-96a9-6e2b099a16eb;372.91;0.01;BUY
2016-02-02T02:52:01.560000;2016-02-02T02:52:01.700000;fbde3397-5013-4b2b-8dcf-aed262cc3f2d;372.92;0.01;BUY
2016-02-02T02:52:01.560000;2016-02-02T02:52:01.700000;6754ec6e-70bd-458f-aafd-7b400324a21a;372.92;0.01;BUY
2016-02-02T02:52:01.560000;2016-02-02T02:52:01.700000;4678ba92-6437-44bd-a936-d08883eb72b8;372.93;0.01;BUY
2016-02-02T02:52:01.560000;2016-02-02T02:52:01.700000;def7fd1f-ab24-4735-b2ad-25a79829e944;372.94;0.01;BUY
