time_exchange;time_coinpai;guid;price;base_amount;taker_side
2016-01-20T00:00:02.000000;2016-01-20T00:00:02.000000;c0c77b53-37bf-4928-adbe-2044ba76225f;378.93;3.0;UNKNOWN
2016-01-20T00:00:02.000000;2016-01-20T00:00:02.000000;67d98936-49a2-470b-880a-5d636e30108d;378.94;5.47195784;UNKNOWN
2016-01-20T00:00:03.000000;2016-01-20T00:00:03.000000;b7857f2a-1453-465e-9bf3-48cc478dae95;378.9;0.02735202;UNKNOWN
2016-01-20T00:00:06.000000;2016-01-20T00:00:06.000000;75fb9b19-6d99-42f0-a5b0-61997f28c4c5;378.92;0.1215;UNKNOWN
2016-01-20T00:00:08.000000;2016-01-20T00:00:08.000000;47351064-d0fa-4ab8-81e4-3533a753794a;379.29;2.20061579;UNKNOWN
2016-01-20T00:00:08.000000;2016-01-20T00:00:08.000000;a8e9e0ff-fb05-4691-b117-9adc008cfcae;379.0;0.99;UNKNOWN
2016-01-20T00:00:08.000000;2016-01-20T00:00:08.000000;898dc1cb-dca6-44d3-b7ce-92a2807dedbe;379.27;0.053119;UNKNOWN
2016-01-20T00:00:08.000000;2016-01-20T00:00:08.000000;0b143748-7965-47bb-8050-fb49f93bc47f;378.99;6.5328;UNKNOWN
2016-01-20T00:01:29.000000;2016-01-20T00:01:29.000000;d1f1a7b7-a3db-4525-81fa-ec494fa6c5d0;379.0;0.051558;UNKNOWN
2016-01-20T00:01:29.000000;2016-01-20T00:01:29.000000;044e12bb-e0eb-49b5-8f61-f0dc0f7056f8;378.99;0.027442;UNKNOWN
2016-01-20T00:01:41.000000;2016-01-20T00:01:41.000000;cfcc7529-62a2-4a10-82c8-fa75bc5bb4fc;378.82;0.5;UNKNOWN
2016-01-20T00:01:41.000000;2016-01-20T00:01:41.000000;ac25a71d-63a5-469a-99e7-cea4a1d568b1;378.8;0.01;UNKNOWN
2016-01-20T00:01:41.000000;2016-01-20T00:01:41.000000;d004fdbc-69ea-4c14-bf78-922db739f78f;378.65;2.73;UNKNOWN
2016-01-20T00:01:41.000000;2016-01-20T00:01:41.000000;78744872-c112-4af9-890f-ce8fe719fafc;378.81;0.76;UNKNOWN
2016-01-20T00:01:44.000000;2016-01-20T00:01:44.000000;f55a48db-10c2-4a4c-b187-1e71fd138ff3;378.66;0.1;UNKNOWN
2016-01-20T00:02:08.000000;2016-01-20T00:02:08.000000;137b549c-e1cd-41c7-8a87-71246718166b;378.67;0.0201;UNKNOWN
2016-01-20T00:02:17.000000;2016-01-20T00:02:17.000000;a763c804-87f3-406e-9a37-e58e86124c8c;378.67;0.01;UNKNOWN
2016-01-20T00:02:25.000000;2016-01-20T00:02:25.000000;81a0a792-83b7-4558-8efe-4653e1f6e1b8;378.67;0.01;UNKNOWN
2016-01-20T00:02:33.000000;2016-01-20T00:02:33.000000;8939d339-09d9-4df6-bbc4-29f80bd5211a;379.13;3.0;UNKNOWN
2016-01-20T00:02:33.000000;2016-01-20T00:02:33.000000;1a1f6dc9-3ad6-4590-80e9-52916250f869;379.13;0.5;UNKNOWN
2016-01-20T00:02:33.000000;2016-01-20T00:02:33.000000;79f10ffd-b312-400c-9dc6-914249dac5c5;379.13;6.0;UNKNOWN
2016-01-20T00:02:33.000000;2016-01-20T00:02:33.000000;501df1ed-add3-4102-b514-325db2f7055f;378.67;0.000102;UNKNOWN
2016-01-20T00:02:33.000000;2016-01-20T00:02:33.000000;bf86a5d9-8c4e-44b0-b0aa-ddbdc1eba679;379.14;0.499898;UNKNOWN
2016-01-20T00:03:15.000000;2016-01-20T00:03:15.000000;c895ac77-7caf-4b47-a23e-541558eb0bd7;378.5;0.3;UNKNOWN
2016-01-20T00:03:15.000000;2016-01-20T00:03:15.000000;3b80c6f7-a75c-4ebe-8bd3-01df6b3955ae;378.66;0.071318;UNKNOWN
2016-01-20T00:03:31.000000;2016-01-20T00:03:31.000000;08681aa6-0ca8-4a70-ba77-c01f4a740cb6;378.28;0.11532;UNKNOWN
2016-01-20T00:03:31.000000;2016-01-20T00:03:31.000000;bd4718fb-b2a8-4724-aa29-70648dc4aaf3;378.07;0.27;UNKNOWN
2016-01-20T00:03:31.000000;2016-01-20T00:03:31.000000;f2bc450a-249d-4ed9-a46d-6b96c2d52822;378.2;0.02;UNKNOWN
2016-01-20T00:03:36.000000;2016-01-20T00:03:36.000000;334c3666-0287-475c-a653-4c30b992e203;378.01;3.3754;UNKNOWN
2016-01-20T00:03:38.000000;2016-01-20T00:03:38.000000;89bdcbde-9160-4746-8dba-991905cd5945;378.0;0.196;UNKNOWN
2016-01-20T00:03:38.000000;2016-01-20T00:03:38.000000;249975b5-e57c-44d7-b6cb-3094361679f5;378.0;0.804;UNKNOWN
2016-01-20T00:03:41.000000;2016-01-20T00:03:41.000000;28ac6939-951e-4b83-98e2-6d0846642ad3;378.0;11.5;UNKNOWN
2016-01-20T00:03:42.000000;2016-01-20T00:03:42.000000;768bcaf0-6fdf-4562-80e4-b33bf442d65b;378.0;0.32;UNKNOWN
2016-01-20T00:03:44.000000;2016-01-20T00:03:44.000000;c744f5aa-4c67-4988-ac2d-a029d20864be;378.01;0.1;UNKNOWN
2016-01-20T00:03:45.000000;2016-01-20T00:03:45.000000;ffaa7913-db8e-4059-a8af-662504a96ffa;378.0;1.37;UNKNOWN
2016-01-20T00:03:45.000000;2016-01-20T00:03:45.000000;7d25e522-3fc7-4323-8961-e1bcd2694122;378.01;2.5;UNKNOWN
2016-01-20T00:03:47.000000;2016-01-20T00:03:47.000000;8a143ea2-e3e9-48e3-9825-ff9926071554;378.01;0.77928;UNKNOWN
2016-01-20T00:03:47.000000;2016-01-20T00:03:47.000000;2c566ba1-822d-497a-a079-f8d61c556724;378.01;2.22572;UNKNOWN
2016-01-20T00:03:55.000000;2016-01-20T00:03:55.000000;2ba1aef9-dc95-40c4-bc47-fb6fdc18a934;378.0;0.5;UNKNOWN
2016-01-20T00:03:56.000000;2016-01-20T00:03:56.000000;e530f87b-b1b9-4a13-8437-3b5d356891e2;378.0;15.506;UNKNOWN
2016-01-20T00:03:56.000000;2016-01-20T00:03:56.000000;7a13208d-3ef2-405d-9f45-cc2f06dc5a9c;378.0;1.0;UNKNOWN
2016-01-20T00:03:56.000000;2016-01-20T00:03:56.000000;74ed933a-e66f-40db-827e-75f67e305578;377.96;0.05;UNKNOWN
2016-01-20T00:03:56.000000;2016-01-20T00:03:56.000000;6f00f5b7-fd6a-4524-9514-5a669d8a04f8;377.9;12.5;UNKNOWN
2016-01-20T00:03:57.000000;2016-01-20T00:03:57.000000;005e89a6-9eec-427a-abec-deb7b6d8b3f7;378.27;3.7524;UNKNOWN
2016-01-20T00:03:57.000000;2016-01-20T00:03:57.000000;a9e840f0-dbe1-4476-a62f-285a19195f4c;378.0;0.5;UNKNOWN
2016-01-20T00:03:57.000000;2016-01-20T00:03:57.000000;b961bb17-81d7-4b93-a8b3-0d10f017a12d;377.9;0.5;UNKNOWN
2016-01-20T00:04:13.000000;2016-01-20T00:04:13.000000;00d26e7b-f35b-418e-b560-c10af19f794c;377.83;0.22399529;UNKNOWN
2016-01-20T00:04:13.000000;2016-01-20T00:04:13.000000;9df15541-d399-4c03-b6e5-c9f26ffbbd8d;378.06;0.3;UNKNOWN
2016-01-20T00:04:14.000000;2016-01-20T00:04:14.000000;7f841250-c2b6-4496-91cd-4f4119ad6b51;378.22;0.015827;UNKNOWN
2016-01-20T00:04:14.000000;2016-01-20T00:04:14.000000;2f8a0299-4b46-4609-9908-e8b0cf0d861c;378.22;1.909473;UNKNOWN
2016-01-20T00:04:23.000000;2016-01-20T00:04:23.000000;50d5d7b5-3d57-4809-a385-373606af5ae5;378.23;0.212419;UNKNOWN
2016-01-20T00:04:23.000000;2016-01-20T00:04:23.000000;d9579e49-44d9-4e49-be49-7d2b76c4f1c5;378.2;0.053681;UNKNOWN
2016-01-20T00:04:31.000000;2016-01-20T00:04:31.000000;289c3df3-38a2-4140-94bd-708c821a7132;378.22;0.044682;UNKNOWN
2016-01-20T00:04:31.000000;2016-01-20T00:04:31.000000;88d8f232-6d8f-4f80-824a-01990ec4c9f3;378.23;0.5;UNKNOWN
2016-01-20T00:04:31.000000;2016-01-20T00:04:31.000000;f25389b5-7095-42ec-ac98-5dac7fc8617a;378.23;0.287581;UNKNOWN
2016-01-20T00:04:32.000000;2016-01-20T00:04:32.000000;72f75921-0e95-40fa-9719-13cf82cea90c;378.26;0.5;UNKNOWN
2016-01-20T00:04:34.000000;2016-01-20T00:04:34.000000;049b9b5e-1d3f-4980-ae9c-6f0ebbeb3125;378.58;0.183689;UNKNOWN
2016-01-20T00:04:34.000000;2016-01-20T00:04:34.000000;caad03bd-1073-4ff2-ad65-c859786d1cf3;378.39;0.014211;UNKNOWN
2016-01-20T00:05:14.000000;2016-01-20T00:05:14.000000;7dbf6fb0-4eb1-49e4-b466-3679f3592fa4;378.27;0.5;UNKNOWN
2016-01-20T00:05:14.000000;2016-01-20T00:05:14.000000;3bdc580e-39dc-4a66-be41-1ceb2ca0cd72;378.26;2.5;UNKNOWN
2016-01-20T00:05:27.000000;2016-01-20T00:05:27.000000;799edd3e-cf94-4561-a480-2cedb56c4e41;378.26;14.892237;UNKNOWN
2016-01-20T00:05:45.000000;2016-01-20T00:05:45.000000;fd1afbef-3886-404f-a0a1-658b4e9c8cea;378.22;1.636;UNKNOWN
2016-01-20T00:06:07.000000;2016-01-20T00:06:07.000000;39c7a96e-d746-432d-a031-297094170b53;378.13;0.149;UNKNOWN
2016-01-20T00:06:22.000000;2016-01-20T00:06:22.000000;376cf0d7-abc2-4448-837f-0ae89e6d57ac;378.14;0.01;UNKNOWN
2016-01-20T00:06:22.000000;2016-01-20T00:06:22.000000;cffcdefc-60b2-4bf5-b21f-d4eeae1a4b98;378.14;0.014946;UNKNOWN
2016-01-20T00:06:22.000000;2016-01-20T00:06:22.000000;bec1d45a-999c-4250-bdb1-b71c0c3fbc55;378.48;14.975054;UNKNOWN
2016-01-20T00:08:03.000000;2016-01-20T00:08:03.000000;d7125db6-323e-4cd1-8013-eb073a0aed45;378.33;0.5;UNKNOWN
2016-01-20T00:08:03.000000;2016-01-20T00:08:03.000000;95f20472-7451-4ffd-a3af-da77263a160f;378.32;0.5;UNKNOWN
2016-01-20T00:08:05.000000;2016-01-20T00:08:05.000000;f21c87d6-a0b7-4edf-a5df-741bc0d8e37b;378.24;2.0;UNKNOWN
2016-01-20T00:08:32.000000;2016-01-20T00:08:32.000000;db544023-f73a-4700-befe-b6db641b1bc6;378.3;0.36;UNKNOWN
2016-01-20T00:08:32.000000;2016-01-20T00:08:32.000000;2a8af929-4342-448b-9c75-b41e1bd6d7d4;378.33;1.64;UNKNOWN
2016-01-20T00:08:49.000000;2016-01-20T00:08:49.000000;3141449d-3b0a-4df8-b24d-8d52ad4fc627;378.5;0.023366;UNKNOWN
2016-01-20T00:08:49.000000;2016-01-20T00:08:49.000000;472ba2e7-2332-4ed8-afdb-59c4fa896f86;378.54;0.026634;UNKNOWN
2016-01-20T00:09:27.000000;2016-01-20T00:09:27.000000;9c25f11a-2320-4086-9d01-a38c66543b6f;378.74;1.9012;UNKNOWN
2016-01-20T00:09:27.000000;2016-01-20T00:09:27.000000;cf6c3f28-a853-4a00-bef1-25b7dbaa1b35;378.47;6.5988;UNKNOWN
2016-01-20T00:09:29.000000;2016-01-20T00:09:29.000000;d1e9cd42-cb83-4f83-b8c5-1d02a02fbfc4;378.5;1.0;UNKNOWN
2016-01-20T00:09:50.000000;2016-01-20T00:09:50.000000;7d34b77e-25a7-46f2-8877-a4e823cbca18;378.86;0.05;UNKNOWN
2016-01-20T00:10:59.000000;2016-01-20T00:10:59.000000;f392c2fa-4225-4262-8444-44cb8323b09b;378.33;1.01998428;UNKNOWN
2016-01-20T00:11:44.000000;2016-01-20T00:11:44.000000;a7de1c9a-7654-48df-8028-207de09d1a52;378.34;1.404;UNKNOWN
2016-01-20T00:12:47.000000;2016-01-20T00:12:47.000000;9e93fc2f-6780-4dc8-bfc3-a70487458bab;378.34;0.06581548;UNKNOWN
2016-01-20T00:13:04.000000;2016-01-20T00:13:04.000000;58bbad25-7d0c-480b-b3c3-fc9b01721df0;378.34;0.1;UNKNOWN
2016-01-20T00:13:44.000000;2016-01-20T00:13:44.000000;938a8580-9b24-4ae4-aa24-c4ca96de2f52;378.76;1.0;UNKNOWN
2016-01-20T00:14:02.000000;2016-01-20T00:14:02.000000;5b45b8d3-1d33-4855-b37c-b7272250ab8a;378.5;0.05;UNKNOWN
2016-01-20T00:14:03.000000;2016-01-20T00:14:03.000000;c7a09e02-7b08-4bca-a511-bbeec430ae24;378.5;0.1292;UNKNOWN
2016-01-20T00:14:37.000000;2016-01-20T00:14:37.000000;dd13db26-f45e-4bf9-9f1c-10185f76a8b3;378.96;0.367986;UNKNOWN
2016-01-20T00:15:32.000000;2016-01-20T00:15:32.000000;a3a0bb55-daf7-4de5-a976-91276f3f3a5d;379.02;2.4559;UNKNOWN
2016-01-20T00:15:32.000000;2016-01-20T00:15:32.000000;93664740-bd12-481f-9f0e-386f0a5375c5;378.86;6.5441;UNKNOWN
2016-01-20T00:15:32.000000;2016-01-20T00:15:32.000000;f2485fb5-6df7-4717-8adf-375a10d1081d;379.0;1.0;UNKNOWN
2016-01-20T00:16:15.000000;2016-01-20T00:16:15.000000;5fe85768-5eeb-4f58-843a-312d88686054;378.97;1.7087;UNKNOWN
2016-01-20T00:16:35.000000;2016-01-20T00:16:35.000000;8050644b-c81f-48a9-9bac-6cab84cabc8d;379.17;2.0;UNKNOWN
2016-01-20T00:17:13.000000;2016-01-20T00:17:13.000000;7fb820b9-ee92-4df9-b129-014aec16ccb6;379.23;0.5;UNKNOWN
2016-01-20T00:17:24.000000;2016-01-20T00:17:24.000000;0452e400-3612-4b1e-ac8f-302413347859;379.13;0.5;UNKNOWN
2016-01-20T00:17:26.000000;2016-01-20T00:17:26.000000;3ce756c3-6a9d-4f11-bea3-c2505d23a8ed;379.11;2.04415372;UNKNOWN
2016-01-20T00:17:26.000000;2016-01-20T00:17:26.000000;84f28424-6723-42d1-9581-7e86ec443b64;379.1;1.5;UNKNOWN
2016-01-20T00:18:05.000000;2016-01-20T00:18:05.000000;759bd244-8cdf-49ea-b77b-7e265a461d89;379.01;0.81;UNKNOWN
2016-01-20T00:18:30.000000;2016-01-20T00:18:30.000000;e2f0652f-0de1-4fb4-ae2b-019e1bc2652d;379.11;0.149;UNKNOWN
2016-01-20T00:18:32.000000;2016-01-20T00:18:32.000000;0b6bd0bf-9fa4-4ed8-a33d-488213e9cb5f;379.11;1.581;UNKNOWN
2016-01-20T00:19:21.000000;2016-01-20T00:19:21.000000;e688f387-928b-46f0-a905-5f9a8f0ad6c2;379.2;0.6;UNKNOWN
2016-01-20T00:19:21.000000;2016-01-20T00:19:21.000000;38b2c458-7cbe-452e-85d3-b821ffcbffa1;379.2;1.6;UNKNOWN
2016-01-20T00:19:24.000000;2016-01-20T00:19:24.000000;3f9dabcb-ce95-4fb0-b115-db171040ed4c;379.21;0.08536574;UNKNOWN
2016-01-20T00:19:41.000000;2016-01-20T00:19:41.000000;8dff0f2d-a6cd-441c-b401-cce1276a8403;379.11;0.13556811;UNKNOWN
2016-01-20T00:19:54.000000;2016-01-20T00:19:54.000000;9ae67939-060f-43ab-aa6b-4d651d1c8a45;379.11;6.514;UNKNOWN
2016-01-20T00:19:57.000000;2016-01-20T00:19:57.000000;c8f76936-3752-42e8-a973-f1db88bf21d3;379.11;0.06577398;UNKNOWN
2016-01-20T00:20:10.000000;2016-01-20T00:20:10.000000;cfea368c-fbff-4f28-b984-0cff5f9ad395;379.2;8.45856372;UNKNOWN
2016-01-20T00:20:10.000000;2016-01-20T00:20:10.000000;f03f9c1e-9d28-4687-ac05-f8a082f93f3c;379.21;0.09143628;UNKNOWN
2016-01-20T00:20:37.000000;2016-01-20T00:20:37.000000;0f33c3d8-eb86-499f-862f-cea7613c7a32;379.21;0.1;UNKNOWN
2016-01-20T00:20:39.000000;2016-01-20T00:20:39.000000;410fdaff-cdc3-4e8b-8060-5f315576e209;379.2;6.5239;UNKNOWN
2016-01-20T00:20:55.000000;2016-01-20T00:20:55.000000;50c7b421-418b-4b67-8ebc-6411da07b60c;379.2;3.01753628;UNKNOWN
2016-01-20T00:21:05.000000;2016-01-20T00:21:05.000000;d688cc41-27bf-4797-8e71-7ae09d18747d;379.11;1.23524;UNKNOWN
2016-01-20T00:22:32.000000;2016-01-20T00:22:32.000000;ee7519d9-e22d-4835-ba47-c333510ebb28;379.2;10.0;UNKNOWN
2016-01-20T00:22:32.000000;2016-01-20T00:22:32.000000;bd893d1a-23d2-423a-8320-90ef26d3b778;379.11;6.18498602;UNKNOWN
2016-01-20T00:22:32.000000;2016-01-20T00:22:32.000000;01338e9c-4f99-4b81-9465-420fd9f3fccf;379.1;1.0;UNKNOWN
2016-01-20T00:23:40.000000;2016-01-20T00:23:40.000000;33ed79f7-720b-4dfa-a96e-4263f83cf528;378.71;0.81501398;UNKNOWN
2016-01-20T00:23:49.000000;2016-01-20T00:23:49.000000;f3361308-776b-4b74-b923-53c80f217bc0;378.8;2.0;UNKNOWN
2016-01-20T00:23:55.000000;2016-01-20T00:23:55.000000;6ae05f88-a825-46f4-b4be-9264f167bbff;378.71;6.5334;UNKNOWN
2016-01-20T00:23:55.000000;2016-01-20T00:23:55.000000;0dcb25d2-5d20-4870-85fa-81f1fe19152d;378.7;15.1492;UNKNOWN
2016-01-20T00:24:07.000000;2016-01-20T00:24:07.000000;ceefe464-6a89-4d6f-bccb-6679e0d5b031;378.69;0.07870916;UNKNOWN
2016-01-20T00:24:45.000000;2016-01-20T00:24:45.000000;258c74d2-e656-4009-b968-ff5f64126677;378.69;0.17129084;UNKNOWN
2016-01-20T00:25:06.000000;2016-01-20T00:25:06.000000;81837340-9d8d-4e9d-bd0a-c324c54caa9b;378.34;0.8085;UNKNOWN
2016-01-20T00:25:07.000000;2016-01-20T00:25:07.000000;64169ff3-fdec-4d61-af03-8fc742ee9b7f;378.34;0.187724;UNKNOWN
2016-01-20T00:25:13.000000;2016-01-20T00:25:13.000000;eed9523d-1623-44e1-9036-a01b6f2a9d3e;378.34;3.3174;UNKNOWN
2016-01-20T00:25:22.000000;2016-01-20T00:25:22.000000;0d76d235-7201-4adb-aebf-c47d400b5d41;378.08;1.6700051;UNKNOWN
2016-01-20T00:25:22.000000;2016-01-20T00:25:22.000000;124af411-7c19-40cb-8b71-f085e089b397;378.34;4.11656052;UNKNOWN
2016-01-20T00:25:22.000000;2016-01-20T00:25:22.000000;41eeffb5-8991-4e4f-9439-392c3b1ae49b;378.33;10.0;UNKNOWN
2016-01-20T00:26:17.000000;2016-01-20T00:26:17.000000;87cbd60c-6c13-45e5-acba-cd5960bc446d;378.4;0.338134;UNKNOWN
2016-01-20T00:26:59.000000;2016-01-20T00:26:59.000000;81e61e12-d2c4-4be9-9fe6-8ed0c2b6431b;378.4;11.661866;UNKNOWN
2016-01-20T00:27:22.000000;2016-01-20T00:27:22.000000;c15d700d-179e-4830-a964-cbf2017af0ec;378.1;2.035;UNKNOWN
2016-01-20T00:27:22.000000;2016-01-20T00:27:22.000000;39080bad-9f22-4638-ade1-9627d8bbb6a7;378.39;0.025;UNKNOWN
2016-01-20T00:27:24.000000;2016-01-20T00:27:24.000000;c1d465d6-f96f-4a60-933b-abc0b2805c81;378.1;2.25;UNKNOWN
2016-01-20T00:27:25.000000;2016-01-20T00:27:25.000000;17da0884-ea6c-41a0-84bd-40fadfc3c0f9;378.1;2.23;UNKNOWN
2016-01-20T00:27:27.000000;2016-01-20T00:27:27.000000;6dc196fa-1985-448f-95ec-2d324f037e11;378.1;3.485;UNKNOWN
2016-01-20T00:27:32.000000;2016-01-20T00:27:32.000000;a298f098-792f-4cd8-970c-b4fe32461bbe;377.9;10.0;UNKNOWN
2016-01-20T00:27:35.000000;2016-01-20T00:27:35.000000;67c46836-8414-4ce3-a6f4-72708fd0a51d;377.77;2.0;UNKNOWN
2016-01-20T00:27:35.000000;2016-01-20T00:27:35.000000;0ff16916-e43b-4f5b-acdc-dbe2441b0e38;377.73;1.0;UNKNOWN
2016-01-20T00:27:37.000000;2016-01-20T00:27:37.000000;45f9b6d0-9964-41a5-a6ad-d6441fe1bcda;377.1;0.10080689;UNKNOWN
2016-01-20T00:27:37.000000;2016-01-20T00:27:37.000000;3fab2ce2-2744-4d99-ac83-df43290cb326;377.11;0.05;UNKNOWN
2016-01-20T00:27:37.000000;2016-01-20T00:27:37.000000;f45530ae-331e-4bc1-a49f-d9f5f39658da;377.2;0.508498;UNKNOWN
2016-01-20T00:27:37.000000;2016-01-20T00:27:37.000000;10fbbc23-8056-483e-8575-d6a59fddc72f;377.65;2.44;UNKNOWN
2016-01-20T00:27:37.000000;2016-01-20T00:27:37.000000;963131cf-0d32-4620-9af1-67e360ee0235;377.2;3.0;UNKNOWN
2016-01-20T00:27:37.000000;2016-01-20T00:27:37.000000;692cc642-b190-49da-ac7d-1f09d76e9cf0;377.4;0.01;UNKNOWN
2016-01-20T00:27:37.000000;2016-01-20T00:27:37.000000;9a74a016-8f6e-41c0-b75d-43c23393c894;377.22;0.083;UNKNOWN
2016-01-20T00:27:37.000000;2016-01-20T00:27:37.000000;1c938926-8f0c-4329-a5ab-ae458822dfad;377.13;0.02;UNKNOWN
2016-01-20T00:27:37.000000;2016-01-20T00:27:37.000000;0a59afa7-bb17-47ab-aa09-b1b2fa1b8342;377.21;1.01;UNKNOWN
2016-01-20T00:27:37.000000;2016-01-20T00:27:37.000000;0327dec2-7e38-446c-9c5e-c86603e2f627;377.41;0.1;UNKNOWN
2016-01-20T00:27:37.000000;2016-01-20T00:27:37.000000;415f7148-f875-40d1-91bf-408f06f53fcc;377.25;0.13014472;UNKNOWN
2016-01-20T00:27:40.000000;2016-01-20T00:27:40.000000;6623348e-45a9-4e6b-8ca9-180a0494a233;377.05;0.19;UNKNOWN
2016-01-20T00:27:40.000000;2016-01-20T00:27:40.000000;09e728f2-ee1b-464a-9276-226d4d45a63d;377.01;0.31;UNKNOWN
2016-01-20T00:27:40.000000;2016-01-20T00:27:40.000000;338e7108-2bd5-4c38-b5e1-076fbf2e52a9;377.09;0.5;UNKNOWN
2016-01-20T00:27:41.000000;2016-01-20T00:27:41.000000;71d0a5a6-bb64-403c-8a8e-782f2aade116;377.01;14.31;UNKNOWN
2016-01-20T00:27:41.000000;2016-01-20T00:27:41.000000;0e0cd752-f9a3-48d3-ba64-5a83eaca3519;377.01;0.69;UNKNOWN
2016-01-20T00:27:43.000000;2016-01-20T00:27:43.000000;73e48225-b788-4c8a-9875-faf5a97e3f5b;377.01;2.0;UNKNOWN
2016-01-20T00:27:44.000000;2016-01-20T00:27:44.000000;1ccc132e-221a-44dd-81cf-2d13932d7e31;377.0;1.0;UNKNOWN
2016-01-20T00:27:44.000000;2016-01-20T00:27:44.000000;79ba6fa0-843d-4b1a-b90b-930013066c23;377.0;3.0;UNKNOWN
2016-01-20T00:27:44.000000;2016-01-20T00:27:44.000000;506c8c33-a6e5-4a58-8d95-2962138dbf25;377.0;10.0;UNKNOWN
2016-01-20T00:27:44.000000;2016-01-20T00:27:44.000000;a7ca875e-8ed7-49d4-9b31-7d3e6923ade6;377.0;0.01;UNKNOWN
2016-01-20T00:27:44.000000;2016-01-20T00:27:44.000000;32ed039b-711a-4525-a2ee-b12719b114b7;377.01;32.69;UNKNOWN
2016-01-20T00:27:44.000000;2016-01-20T00:27:44.000000;b1a9b52f-c6d4-43a3-8d4f-a0ae610a89ad;377.0;1.2579;UNKNOWN
2016-01-20T00:27:44.000000;2016-01-20T00:27:44.000000;dfa9acf4-d8c8-4556-a843-e64a1a013b5f;377.0;7.0;UNKNOWN
2016-01-20T00:27:44.000000;2016-01-20T00:27:44.000000;0097d39b-66b0-43fc-a01a-79598c7fdfd4;377.0;1.0;UNKNOWN
2016-01-20T00:27:44.000000;2016-01-20T00:27:44.000000;b6f73d25-3364-4cc2-8476-7a2973bc4b04;377.0;0.1;UNKNOWN
2016-01-20T00:27:50.000000;2016-01-20T00:27:50.000000;514091bb-9a15-49ee-b955-819cd750fa12;376.25;15.2499;UNKNOWN
2016-01-20T00:27:50.000000;2016-01-20T00:27:50.000000;73e072ce-ad46-4678-9f2f-e837558b485b;376.97;0.02;UNKNOWN
2016-01-20T00:27:50.000000;2016-01-20T00:27:50.000000;7f2819db-9d63-4038-89ab-02c07988ccb1;376.2;10.0;UNKNOWN
2016-01-20T00:27:50.000000;2016-01-20T00:27:50.000000;786fdcf6-dad7-49f9-9a3a-4a411e825039;376.8;0.1986;UNKNOWN
2016-01-20T00:27:50.000000;2016-01-20T00:27:50.000000;ec22b307-408e-4421-bb8b-684e0aa27f39;376.2;3.71297399;UNKNOWN
2016-01-20T00:27:50.000000;2016-01-20T00:27:50.000000;51a097de-51d7-4832-8713-2e864f0227d3;376.8;0.01;UNKNOWN
2016-01-20T00:27:50.000000;2016-01-20T00:27:50.000000;785a2412-d069-4e80-a368-f27717def905;376.97;0.12117935;UNKNOWN
2016-01-20T00:27:50.000000;2016-01-20T00:27:50.000000;bffec818-e4cd-4d62-9df4-069b72831c8a;376.81;1.1751;UNKNOWN
2016-01-20T00:27:50.000000;2016-01-20T00:27:50.000000;9b10d14d-148e-4222-90eb-ead1d90aae55;376.9;0.01;UNKNOWN
2016-01-20T00:27:50.000000;2016-01-20T00:27:50.000000;a570f147-681d-4335-a654-e5913d0d27e5;376.3;10.0;UNKNOWN
2016-01-20T00:27:50.000000;2016-01-20T00:27:50.000000;d96de154-2a07-4dc1-b49a-88fe308893d4;376.38;15.3774;UNKNOWN
2016-01-20T00:27:50.000000;2016-01-20T00:27:50.000000;27e2db67-4bf5-4945-b270-4713131d0b13;376.84;0.05;UNKNOWN
2016-01-20T00:27:50.000000;2016-01-20T00:27:50.000000;1f468776-c49e-47b2-8b1d-ffb218c4add0;376.7;0.1061855;UNKNOWN
2016-01-20T00:27:50.000000;2016-01-20T00:27:50.000000;9880018e-f237-4cca-b282-7d418c19f07c;376.28;45.0;UNKNOWN
2016-01-20T00:27:50.000000;2016-01-20T00:27:50.000000;336f8011-7b24-407f-b18a-547a34996e29;376.35;0.02;UNKNOWN
2016-01-20T00:27:50.000000;2016-01-20T00:27:50.000000;dd8f8510-ea65-4f06-a5f8-d489fbeb5af9;376.97;0.01;UNKNOWN
2016-01-20T00:27:50.000000;2016-01-20T00:27:50.000000;2fbd1b8c-4bca-48ab-ac19-ea7f9f60c469;376.47;3.0;UNKNOWN
2016-01-20T00:27:50.000000;2016-01-20T00:27:50.000000;164313bb-c520-4014-a615-b2aacebf75aa;376.6;0.6;UNKNOWN
2016-01-20T00:27:50.000000;2016-01-20T00:27:50.000000;178bb7a4-208e-4978-bf67-ba135c440efc;376.56;1.3;UNKNOWN
2016-01-20T00:27:50.000000;2016-01-20T00:27:50.000000;1ac22c2a-cbd2-43ed-9b15-95332fb75afa;376.63;0.5572;UNKNOWN
2016-01-20T00:27:50.000000;2016-01-20T00:27:50.000000;abf8137b-b73d-42b4-b9e2-bc0b084ab28d;376.57;0.1062;UNKNOWN
2016-01-20T00:27:50.000000;2016-01-20T00:27:50.000000;1bf3e4df-b0dc-49cb-99a9-49645204e0be;376.49;12.5;UNKNOWN
2016-01-20T00:27:50.000000;2016-01-20T00:27:50.000000;cbf48692-2742-48a6-b56b-d8a1d7bbc276;376.5;5.0;UNKNOWN
2016-01-20T00:27:50.000000;2016-01-20T00:27:50.000000;911850af-4945-4114-981e-d1c5a3da550a;376.6;3.0;UNKNOWN
2016-01-20T00:27:50.000000;2016-01-20T00:27:50.000000;1dad35e4-fef6-430b-9c39-34927df465fa;376.5;0.01;UNKNOWN
2016-01-20T00:27:54.000000;2016-01-20T00:27:54.000000;c3979ab4-a79d-4405-af09-ab4a3f697e44;376.39;11.8144138;UNKNOWN
2016-01-20T00:27:54.000000;2016-01-20T00:27:54.000000;25e9c560-4f1c-403c-b01f-1d64f75a7422;376.2;5.3644138;UNKNOWN
2016-01-20T00:27:54.000000;2016-01-20T00:27:54.000000;021e8c5f-b36e-451f-bdf6-6054b8fb50ec;376.47;13.1855862;UNKNOWN
2016-01-20T00:27:54.000000;2016-01-20T00:27:54.000000;8b620b55-0293-43c4-a134-afd1ad90c32b;376.31;16.03;UNKNOWN
2016-01-20T00:27:54.000000;2016-01-20T00:27:54.000000;ac8fcc84-9a07-46d7-b08f-9888df75a70e;376.47;0.5671138;UNKNOWN
2016-01-20T00:27:54.000000;2016-01-20T00:27:54.000000;94c7d0b8-13ca-4d2b-8ef2-950d07da0d9e;376.21;25.05;UNKNOWN
2016-01-20T00:27:54.000000;2016-01-20T00:27:54.000000;61019d03-d52d-4bf9-be4d-5b25810a2201;376.39;3.5555862;UNKNOWN
2016-01-20T00:27:55.000000;2016-01-20T00:27:55.000000;1d542aff-342a-403c-9146-143dc19f64ab;376.2;0.92261221;UNKNOWN
2016-01-20T00:27:55.000000;2016-01-20T00:27:55.000000;4c984638-f74c-4f83-86a5-825ed6472b72;376.07;2.03966301;UNKNOWN
2016-01-20T00:27:55.000000;2016-01-20T00:27:55.000000;59e12aff-5555-4304-871e-7ae40b2ff229;376.07;13.40813699;UNKNOWN
2016-01-20T00:27:55.000000;2016-01-20T00:27:55.000000;2cdfb6b7-c480-4174-8f1c-1f32a98be3fc;376.15;2.45;UNKNOWN
2016-01-20T00:27:55.000000;2016-01-20T00:27:55.000000;192e20a5-73d4-4d5b-8a14-706f15f11a7b;376.02;10.0;UNKNOWN
2016-01-20T00:27:55.000000;2016-01-20T00:27:55.000000;21eac3a8-fe8e-463b-93d8-ce6abf55549b;376.01;56.38186301;UNKNOWN
2016-01-20T00:27:55.000000;2016-01-20T00:27:55.000000;5fba6dc3-2899-4125-99c4-0905b0514a34;376.02;40.21;UNKNOWN
2016-01-20T00:27:58.000000;2016-01-20T00:27:58.000000;4783b978-dc1a-4dbf-a865-8eedac13b1d5;376.58;0.6893;UNKNOWN
2016-01-20T00:28:02.000000;2016-01-20T00:28:02.000000;18f3b7fc-8397-4fda-859b-6c664f635c9b;376.01;1.10279172;UNKNOWN
2016-01-20T00:28:04.000000;2016-01-20T00:28:04.000000;b64df1a4-bcbf-448b-8862-bcc43229d12d;376.02;0.19;UNKNOWN
2016-01-20T00:28:04.000000;2016-01-20T00:28:04.000000;cd283d8b-e7ae-4b0a-8a34-9559a025b8f1;376.01;15.81;UNKNOWN
2016-01-20T00:28:05.000000;2016-01-20T00:28:05.000000;2baabd10-58c1-4ae6-b817-e542a951a5c8;376.21;0.01;UNKNOWN
2016-01-20T00:28:06.000000;2016-01-20T00:28:06.000000;823f5107-40c4-4400-a6ba-356626295b7d;376.0;1.0;UNKNOWN
2016-01-20T00:28:06.000000;2016-01-20T00:28:06.000000;928a43b9-bd21-4569-9c66-0968c79c6b9a;376.0;0.01;UNKNOWN
2016-01-20T00:28:06.000000;2016-01-20T00:28:06.000000;308c84b6-d763-49a6-9c43-194245487785;376.0;0.01;UNKNOWN
2016-01-20T00:28:06.000000;2016-01-20T00:28:06.000000;0cb8cb52-f3bf-49a7-b9a8-0d2e2257aa24;376.0;0.01;UNKNOWN
2016-01-20T00:28:06.000000;2016-01-20T00:28:06.000000;a1f1a3bd-2f25-444d-9c38-f37fe2978c51;376.0;0.1;UNKNOWN
2016-01-20T00:28:06.000000;2016-01-20T00:28:06.000000;11ddbedd-ce37-4c90-b6d4-0673d2630df5;376.0;22.0;UNKNOWN
2016-01-20T00:28:06.000000;2016-01-20T00:28:06.000000;32f53906-106c-475c-9e09-79772a91f6f7;376.0;2.41164894;UNKNOWN
2016-01-20T00:28:06.000000;2016-01-20T00:28:06.000000;7a005d0b-08f1-442f-b839-ce3cffd09daa;376.0;4.0;UNKNOWN
2016-01-20T00:28:06.000000;2016-01-20T00:28:06.000000;b72a5f3c-1d64-40b5-853f-32bbb220ffb3;376.0;0.46598069;UNKNOWN
2016-01-20T00:28:06.000000;2016-01-20T00:28:06.000000;53fa14d4-dce4-4e55-8792-57e945a24899;376.01;1.0;UNKNOWN
2016-01-20T00:28:06.000000;2016-01-20T00:28:06.000000;b61d534b-3c46-4369-bbe4-915a17c4bd41;376.01;0.42;UNKNOWN
2016-01-20T00:28:06.000000;2016-01-20T00:28:06.000000;3fc88879-625c-4acc-b7aa-ac21876f94e7;376.0;0.01;UNKNOWN
2016-01-20T00:28:06.000000;2016-01-20T00:28:06.000000;e27e22cd-c92e-4f90-bc35-b29b2b100a0f;376.0;0.01;UNKNOWN
2016-01-20T00:28:06.000000;2016-01-20T00:28:06.000000;32402271-c150-4ff6-af1b-5f7e12f51dc5;376.01;16.63474527;UNKNOWN
2016-01-20T00:28:06.000000;2016-01-20T00:28:06.000000;0c672617-ade8-41eb-b8a4-613cb6ebafcc;376.21;0.0479;UNKNOWN
2016-01-20T00:28:08.000000;2016-01-20T00:28:08.000000;d4b0806b-73c1-48b5-affb-b31d8644e0bf;376.0;0.09;UNKNOWN
2016-01-20T00:28:10.000000;2016-01-20T00:28:10.000000;d0910804-c9eb-4344-aba4-5f0cb5f8b867;375.78;0.3;UNKNOWN
2016-01-20T00:28:10.000000;2016-01-20T00:28:10.000000;f62c6ac1-bb62-4f06-aa57-9ec27636a287;375.65;13.6381;UNKNOWN
2016-01-20T00:28:10.000000;2016-01-20T00:28:10.000000;0e1b1a43-e45a-4f80-8dff-aae17cd6e950;375.67;2.0;UNKNOWN
2016-01-20T00:28:10.000000;2016-01-20T00:28:10.000000;353c5265-4b85-498d-a076-dc84daa01064;375.65;0.23;UNKNOWN
2016-01-20T00:28:10.000000;2016-01-20T00:28:10.000000;574b030c-78bf-46d2-ba7f-8a83406a2621;375.5;0.071338;UNKNOWN
2016-01-20T00:28:10.000000;2016-01-20T00:28:10.000000;98db993c-35f8-4145-9f3c-600c7c9174a5;375.73;35.0;UNKNOWN
2016-01-20T00:28:10.000000;2016-01-20T00:28:10.000000;92b6725a-d502-46ad-a401-1185ee2cd076;375.7;5.0;UNKNOWN
2016-01-20T00:28:10.000000;2016-01-20T00:28:10.000000;cf75d2f1-1ff5-402b-a86c-f2b84bd9bc7a;375.9;0.01;UNKNOWN
2016-01-20T00:28:10.000000;2016-01-20T00:28:10.000000;7f1aab05-e91c-4873-90a4-4cbcd719ee5f;375.73;0.01;UNKNOWN
2016-01-20T00:28:10.000000;2016-01-20T00:28:10.000000;acbb9337-0f8a-47b4-a36b-cfc4539e09e5;375.82;0.29;UNKNOWN
2016-01-20T00:28:10.000000;2016-01-20T00:28:10.000000;f46a0581-2784-4595-9235-b7303490767d;375.78;0.05;UNKNOWN
2016-01-20T00:28:10.000000;2016-01-20T00:28:10.000000;cbe55f0d-fe05-45ba-a760-4b2c489333f0;375.5;0.01;UNKNOWN
2016-01-20T00:28:10.000000;2016-01-20T00:28:10.000000;81ed4f01-3584-44fb-8cd2-0734c63e344f;375.61;0.25;UNKNOWN
2016-01-20T00:28:10.000000;2016-01-20T00:28:10.000000;6dad9b23-6d61-4ab7-8785-dbcb296af3b9;375.61;0.5;UNKNOWN
2016-01-20T00:28:10.000000;2016-01-20T00:28:10.000000;96f4ee2e-491f-4621-9a82-ea70a7538684;375.48;0.940562;UNKNOWN
2016-01-20T00:28:10.000000;2016-01-20T00:28:10.000000;67621638-ef3d-4cb0-aa5f-42576f6ea1a9;375.55;2.0;UNKNOWN
2016-01-20T00:28:18.000000;2016-01-20T00:28:18.000000;1c6d013b-30a9-459e-99e0-806085436e26;375.95;0.3391;UNKNOWN
2016-01-20T00:28:18.000000;2016-01-20T00:28:18.000000;9ae44bdd-4a7b-4207-906f-a47538b2e280;375.95;0.01;UNKNOWN
2016-01-20T00:28:22.000000;2016-01-20T00:28:22.000000;2df1991f-becc-4d19-b40a-b952eb41c485;375.91;0.48323608;UNKNOWN
2016-01-20T00:28:22.000000;2016-01-20T00:28:22.000000;150446ed-93c1-40f3-99c3-d243400dd1cc;375.66;6.51676392;UNKNOWN
2016-01-20T00:28:25.000000;2016-01-20T00:28:25.000000;6bced297-d32b-4c2b-bdd7-7508c8b12707;375.97;0.03;UNKNOWN
2016-01-20T00:28:25.000000;2016-01-20T00:28:25.000000;c3048e59-8300-4eee-9ff8-86f60429940b;375.99;2.47;UNKNOWN
2016-01-20T00:28:28.000000;2016-01-20T00:28:28.000000;de2eddd0-6b95-4edc-b690-5b31b05f0202;375.67;0.37;UNKNOWN
2016-01-20T00:28:28.000000;2016-01-20T00:28:28.000000;3374c072-7283-4454-b23a-3c79a0bd9386;375.67;1.63;UNKNOWN
2016-01-20T00:28:29.000000;2016-01-20T00:28:29.000000;b6bd1f23-a310-430b-9f20-a66627097e2b;375.97;0.5;UNKNOWN
2016-01-20T00:28:29.000000;2016-01-20T00:28:29.000000;b7237888-98bd-4630-96d4-c710d906f9c0;375.97;2.0;UNKNOWN
2016-01-20T00:28:29.000000;2016-01-20T00:28:29.000000;3b6be5ef-dfb6-4725-a5e8-5ea3d9e275c8;375.96;0.015;UNKNOWN
2016-01-20T00:28:30.000000;2016-01-20T00:28:30.000000;5baed70d-8bfe-4a83-9a17-2ee6a3de64b3;375.95;0.03;UNKNOWN
2016-01-20T00:28:33.000000;2016-01-20T00:28:33.000000;3c216cef-a160-4492-a415-787e6fde37a7;375.21;1.25;UNKNOWN
2016-01-20T00:28:33.000000;2016-01-20T00:28:33.000000;dc1f08f7-c2b8-474a-8f3b-2d37c98e9fd2;375.22;14.807;UNKNOWN
2016-01-20T00:28:33.000000;2016-01-20T00:28:33.000000;1c049ba0-8f85-4f5c-9d84-adb621a0c51d;375.34;14.2042;UNKNOWN
2016-01-20T00:28:33.000000;2016-01-20T00:28:33.000000;bbdfb7db-d472-412d-9eda-8cbc208084ba;375.4;0.42014104;UNKNOWN
2016-01-20T00:28:33.000000;2016-01-20T00:28:33.000000;cf5b2090-b65e-4a3f-8aaa-b5e924963cc3;375.18;23.77294738;UNKNOWN
2016-01-20T00:28:33.000000;2016-01-20T00:28:33.000000;59965410-699f-4d5a-9c63-53d77f4a127f;375.21;0.25;UNKNOWN
2016-01-20T00:28:33.000000;2016-01-20T00:28:33.000000;641ae6e3-8957-4349-a59d-879efb52dc4b;375.22;5.0;UNKNOWN
2016-01-20T00:28:33.000000;2016-01-20T00:28:33.000000;011ef436-7206-4fab-b0f2-0db948d52c12;375.39;0.05;UNKNOWN
2016-01-20T00:28:33.000000;2016-01-20T00:28:33.000000;3e7926cc-f16c-43f9-8fb3-363dd50ac90e;375.84;0.3;UNKNOWN
2016-01-20T00:28:33.000000;2016-01-20T00:28:33.000000;35c3df1a-15d5-4313-a9d9-9fda4b9360b4;375.51;15.5545;UNKNOWN
2016-01-20T00:28:33.000000;2016-01-20T00:28:33.000000;cf758fd4-ae1f-499c-be47-7a078c850fda;375.67;14.6439;UNKNOWN
2016-01-20T00:28:36.000000;2016-01-20T00:28:36.000000;7374986e-b4a6-46e4-b5a1-1f53de786ddb;375.99;0.4543;UNKNOWN
2016-01-20T00:28:39.000000;2016-01-20T00:28:39.000000;6d938947-954f-4e3c-8998-b5faa86b9daa;375.34;0.99534926;UNKNOWN
2016-01-20T00:28:42.000000;2016-01-20T00:28:42.000000;070d77fa-cf8c-4eaa-9010-c8759cd50eef;375.18;10.07914926;UNKNOWN
2016-01-20T00:28:42.000000;2016-01-20T00:28:42.000000;3eca616f-0ea8-4209-b2df-88b9fd215e1a;375.34;14.92085074;UNKNOWN
2016-01-20T00:28:43.000000;2016-01-20T00:28:43.000000;780006a0-d841-499b-af5c-8e097e039278;375.97;2.0;UNKNOWN
2016-01-20T00:28:45.000000;2016-01-20T00:28:45.000000;44bf7dba-0ab2-4464-ac55-abfecba05cb1;375.95;0.4455;UNKNOWN
2016-01-20T00:28:47.000000;2016-01-20T00:28:47.000000;84516462-65ea-420e-b08f-13a96199b8c6;375.94;0.062;UNKNOWN
2016-01-20T00:29:04.000000;2016-01-20T00:29:04.000000;6e3d852a-fddb-4562-9778-aeb39e039ec1;375.97;0.035;UNKNOWN
2016-01-20T00:29:08.000000;2016-01-20T00:29:08.000000;0832d362-e42d-44fa-b9ba-0beae52fb360;375.93;0.0942;UNKNOWN
2016-01-20T00:29:10.000000;2016-01-20T00:29:10.000000;764d3ac7-06dd-4103-82a7-b8a54f37ad22;375.65;2.0;UNKNOWN
2016-01-20T00:29:17.000000;2016-01-20T00:29:17.000000;dbcb7d1b-db62-49cc-baa5-224b7b7ad705;375.9;0.099;UNKNOWN
2016-01-20T00:29:27.000000;2016-01-20T00:29:27.000000;013c8e30-b715-4c27-802e-51f645d4a942;375.85;1.9;UNKNOWN
2016-01-20T00:29:33.000000;2016-01-20T00:29:33.000000;abe1e41a-85cb-44cf-b696-0ccafa509f1a;375.56;2.0;UNKNOWN
2016-01-20T00:29:33.000000;2016-01-20T00:29:33.000000;41e72875-74c5-4983-a320-f2c9bdaaa772;375.5;2.51;UNKNOWN
2016-01-20T00:29:33.000000;2016-01-20T00:29:33.000000;752179e3-19b8-47e3-a0b3-b8869b195a42;375.58;2.49;UNKNOWN
2016-01-20T00:29:39.000000;2016-01-20T00:29:39.000000;b6aacba2-867b-48fc-89bf-0a41076e97c5;375.81;0.5;UNKNOWN
2016-01-20T00:29:44.000000;2016-01-20T00:29:44.000000;7187c66d-0b28-4151-af67-219b7a478603;375.92;0.028742;UNKNOWN
2016-01-20T00:29:46.000000;2016-01-20T00:29:46.000000;e448dd2c-edeb-4d22-b865-102179cceb60;375.95;0.5;UNKNOWN
2016-01-20T00:29:48.000000;2016-01-20T00:29:48.000000;30cf0f7f-9ef7-4ba5-a64d-cb2ba5c0e206;375.92;0.1333;UNKNOWN
2016-01-20T00:29:50.000000;2016-01-20T00:29:50.000000;c6fdd487-fa21-45ab-8c11-9c8521981bb6;375.15;2.0;UNKNOWN
2016-01-20T00:29:50.000000;2016-01-20T00:29:50.000000;c1d040e4-ede0-484b-96f1-bf156259a9f0;375.17;14.3733;UNKNOWN
2016-01-20T00:29:50.000000;2016-01-20T00:29:50.000000;5b3eb285-af6f-40b3-9401-4a1d5fcc17db;375.55;16.0;UNKNOWN
2016-01-20T00:29:50.000000;2016-01-20T00:29:50.000000;b0b4a110-5a50-41b7-a8ae-2960c49fef12;375.92;0.337958;UNKNOWN
2016-01-20T00:29:50.000000;2016-01-20T00:29:50.000000;f1d6fc4b-cb27-4a07-adae-f0f502f169ef;375.17;0.01413961;UNKNOWN
2016-01-20T00:29:50.000000;2016-01-20T00:29:50.000000;5098f106-0e5a-4c8d-baac-b31bba323f2d;375.12;57.27460239;UNKNOWN
2016-01-20T00:30:03.000000;2016-01-20T00:30:03.000000;5673ba34-7cb6-4f2e-a730-658e8e852d6f;375.9;0.035;UNKNOWN
2016-01-20T00:30:10.000000;2016-01-20T00:30:10.000000;d2e6fb2b-93cb-4ea9-b1ef-4729d182a1db;375.16;0.2;UNKNOWN
2016-01-20T00:30:14.000000;2016-01-20T00:30:14.000000;a8d89eec-df1d-4786-8a3f-89cac2cc3f7b;375.12;2.8;UNKNOWN
2016-01-20T00:30:14.000000;2016-01-20T00:30:14.000000;b8ffdb21-11d3-4545-97a2-e7314c15aee4;375.16;0.3;UNKNOWN
2016-01-20T00:30:14.000000;2016-01-20T00:30:14.000000;8687ceef-8349-4ca6-af18-1dc9292222fb;375.15;0.9;UNKNOWN
2016-01-20T00:30:16.000000;2016-01-20T00:30:16.000000;5e73ad7d-1eae-4100-9102-0ad9bbe324fd;375.84;1.0;UNKNOWN
2016-01-20T00:30:28.000000;2016-01-20T00:30:28.000000;f21bd79a-50c5-43c1-aec1-d58ff7a28520;375.3;10.0;UNKNOWN
2016-01-20T00:30:28.000000;2016-01-20T00:30:28.000000;09df55aa-d836-4aaf-bbc7-9daabb17d1c7;375.12;8.99;UNKNOWN
2016-01-20T00:30:28.000000;2016-01-20T00:30:28.000000;73c182db-11c8-4804-81b9-2242921559c5;375.31;1.01;UNKNOWN
2016-01-20T00:30:32.000000;2016-01-20T00:30:32.000000;44779d6f-2fd8-482e-b9ce-c1abaade5790;375.16;0.47985896;UNKNOWN
2016-01-20T00:30:32.000000;2016-01-20T00:30:32.000000;72317771-019f-455f-aaaa-a01facd9d883;375.12;0.47714104;UNKNOWN
2016-01-20T00:30:32.000000;2016-01-20T00:30:32.000000;3d9501ca-6b6d-466b-afbb-15b6966c5eac;375.2;2.0;UNKNOWN
2016-01-20T00:30:40.000000;2016-01-20T00:30:40.000000;a9f1fab9-a517-451a-826f-672a87b078fe;375.12;2.0;UNKNOWN
2016-01-20T00:30:45.000000;2016-01-20T00:30:45.000000;00da69e9-d727-4e99-bbde-acab17c4caae;375.02;3.0;UNKNOWN
2016-01-20T00:30:45.000000;2016-01-20T00:30:45.000000;44fb5386-58a5-4431-a0fc-e9deb654bad0;375.01;79.27094104;UNKNOWN
2016-01-20T00:30:45.000000;2016-01-20T00:30:45.000000;e15dbb89-5071-41df-87ab-afb996589e05;375.11;10.0;UNKNOWN
2016-01-20T00:30:45.000000;2016-01-20T00:30:45.000000;c768157f-10c2-494d-9796-a3d35200b4cf;375.03;0.5;UNKNOWN
2016-01-20T00:30:45.000000;2016-01-20T00:30:45.000000;a4167c7c-4f64-4489-ad7a-1c1baaafdc14;375.05;3.0;UNKNOWN
2016-01-20T00:30:45.000000;2016-01-20T00:30:45.000000;fdd58cc6-547d-4adc-8edd-150e759dd392;375.06;10.0;UNKNOWN
2016-01-20T00:30:45.000000;2016-01-20T00:30:45.000000;65eae8f3-efbd-46bc-ab46-3fef4513ba97;375.12;27.45825657;UNKNOWN
2016-01-20T00:30:51.000000;2016-01-20T00:30:51.000000;507e2116-d8fb-4ed1-9c9f-f442d346d09e;375.12;2.0;UNKNOWN
2016-01-20T00:30:53.000000;2016-01-20T00:30:53.000000;a802a7ba-6ba4-4f1a-8fce-ca87fff7621b;375.01;7.06;UNKNOWN
2016-01-20T00:30:57.000000;2016-01-20T00:30:57.000000;d00011d4-643f-4824-b2b3-237d40f48eaa;375.01;2.0;UNKNOWN
2016-01-20T00:30:57.000000;2016-01-20T00:30:57.000000;b044f325-6e65-4d0b-b591-2f232c835e34;375.01;9.49;UNKNOWN
2016-01-20T00:30:58.000000;2016-01-20T00:30:58.000000;f2a731eb-d739-48e9-aa8a-9b2b39dbbd5a;375.01;39.02;UNKNOWN
2016-01-20T00:30:59.000000;2016-01-20T00:30:59.000000;d18b3f2c-5274-475d-bae7-6a0e7acc96eb;375.01;50.0;UNKNOWN
2016-01-20T00:31:02.000000;2016-01-20T00:31:02.000000;41082c45-fcb5-40f5-be48-94547a4dca6d;375.09;0.035;UNKNOWN
2016-01-20T00:31:03.000000;2016-01-20T00:31:03.000000;b9d6d7dc-2e6d-4b0e-a85f-ab357810be0c;375.01;10.0;UNKNOWN
2016-01-20T00:31:04.000000;2016-01-20T00:31:04.000000;dacdf5a4-2a09-44a5-9176-36b49caafbc0;375.01;2.131248;UNKNOWN
2016-01-20T00:31:05.000000;2016-01-20T00:31:05.000000;9e068253-49b2-426b-8a8a-3e8dce295212;375.09;0.05;UNKNOWN
2016-01-20T00:31:06.000000;2016-01-20T00:31:06.000000;9375829e-3c9e-4308-9bbc-5af1f3ada313;375.01;5.0;UNKNOWN
2016-01-20T00:31:26.000000;2016-01-20T00:31:26.000000;5e9ab313-6ea0-438c-9791-5ebd6ae4a448;375.03;8.0;UNKNOWN
2016-01-20T00:31:28.000000;2016-01-20T00:31:28.000000;b55330a7-f541-49e1-ba5e-f406661f5318;375.47;2.5;UNKNOWN
2016-01-20T00:31:32.000000;2016-01-20T00:31:32.000000;37d0e2b3-a930-4f2f-94a9-89594ddf4baf;375.46;0.19648189;UNKNOWN
2016-01-20T00:31:36.000000;2016-01-20T00:31:36.000000;dc5b1fcb-1038-47dc-a714-b21ae45c60da;375.72;0.07;UNKNOWN
2016-01-20T00:31:36.000000;2016-01-20T00:31:36.000000;f63533d3-4dc5-4cb8-a1d5-30d78ff6ca77;375.46;0.25351811;UNKNOWN
2016-01-20T00:31:36.000000;2016-01-20T00:31:36.000000;2aba285e-5ba0-4da9-811f-3381c7a88e4d;375.78;1.60354223;UNKNOWN
2016-01-20T00:31:36.000000;2016-01-20T00:31:36.000000;02a839e6-b520-46aa-864d-6ddbdebdf917;375.72;0.07;UNKNOWN
2016-01-20T00:31:37.000000;2016-01-20T00:31:37.000000;ac71c669-d394-4587-adf3-f50a108a7b50;375.79;2.5;UNKNOWN
2016-01-20T00:31:39.000000;2016-01-20T00:31:39.000000;0eaaa072-16fb-40fe-979c-04bb1d4401f9;375.43;6.5958;UNKNOWN
2016-01-20T00:31:39.000000;2016-01-20T00:31:39.000000;153c9546-dd1a-4b19-a96d-fa1d95724028;375.45;1.9542;UNKNOWN
2016-01-20T00:31:41.000000;2016-01-20T00:31:41.000000;f7f138fe-14a8-4762-b943-3e77ca8ffd19;376.03;0.5;UNKNOWN
2016-01-20T00:31:49.000000;2016-01-20T00:31:49.000000;031518ee-98ba-4ba5-9348-afa9dd7af541;376.01;20.37;UNKNOWN
2016-01-20T00:31:49.000000;2016-01-20T00:31:49.000000;32349eae-7c58-49ef-bc25-2f9ec0b126b6;376.01;4.63;UNKNOWN
2016-01-20T00:31:51.000000;2016-01-20T00:31:51.000000;848f390c-2720-417b-895e-b625bcb722d9;376.0;6.0;UNKNOWN
2016-01-20T00:31:51.000000;2016-01-20T00:31:51.000000;d5a2c26d-9484-4fd6-ae47-a3428d8d4390;376.0;2.5268;UNKNOWN
2016-01-20T00:32:03.000000;2016-01-20T00:32:03.000000;0b496b74-4631-4ec5-87f5-a03550c2934a;376.03;0.72227127;UNKNOWN
2016-01-20T00:32:17.000000;2016-01-20T00:32:17.000000;fbea00c3-8195-4746-b721-fac524be5175;376.01;20.37;UNKNOWN
2016-01-20T00:32:17.000000;2016-01-20T00:32:17.000000;1a64bc2b-ccca-44e9-bba2-b193b966421b;376.0;69.63;UNKNOWN
2016-01-20T00:32:19.000000;2016-01-20T00:32:19.000000;f1a2d765-4d76-4293-babb-83380da19472;376.0;3.82154342;UNKNOWN
2016-01-20T00:32:19.000000;2016-01-20T00:32:19.000000;45d9e648-85c6-4465-abe9-f29928ce0dd4;376.02;0.1;UNKNOWN
2016-01-20T00:32:20.000000;2016-01-20T00:32:20.000000;43ed46d1-31e4-4d55-b6ee-433223f84bd1;376.0;0.99;UNKNOWN
2016-01-20T00:32:26.000000;2016-01-20T00:32:26.000000;348f7a3f-e9b5-4757-951e-9c5dab7786b3;376.0;1.12586406;UNKNOWN
2016-01-20T00:32:27.000000;2016-01-20T00:32:27.000000;9e9288e8-9af1-494b-a5da-e4e553f39b23;376.02;1.00293966;UNKNOWN
2016-01-20T00:32:29.000000;2016-01-20T00:32:29.000000;39c5cc62-dd4e-4706-85f6-413c6e4a7a9e;376.01;6.6513;UNKNOWN
2016-01-20T00:32:29.000000;2016-01-20T00:32:29.000000;389e0edf-87b4-4937-92bd-4eb72ac619cd;376.01;18.5185;UNKNOWN
2016-01-20T00:32:29.000000;2016-01-20T00:32:29.000000;902ba92b-45e6-4e14-84fb-40fa422a6ed7;376.02;2.84782141;UNKNOWN
2016-01-20T00:32:31.000000;2016-01-20T00:32:31.000000;da097c2a-7fea-419c-b157-3d1042d40826;376.02;0.04;UNKNOWN
2016-01-20T00:32:40.000000;2016-01-20T00:32:40.000000;71bcb05d-edca-4980-8dfa-f71533caf22a;376.0;2.0;UNKNOWN
2016-01-20T00:32:54.000000;2016-01-20T00:32:54.000000;a596c107-f377-468a-9dd2-ead1267ad68f;376.0;0.04844369;UNKNOWN
2016-01-20T00:32:54.000000;2016-01-20T00:32:54.000000;6013bd57-4c6b-400d-b2a5-b3f0a63194bd;376.0;0.74;UNKNOWN
2016-01-20T00:32:58.000000;2016-01-20T00:32:58.000000;2d21df87-47df-4fba-ba2a-792b6d83f1bf;376.0;4.585;UNKNOWN
2016-01-20T00:33:03.000000;2016-01-20T00:33:03.000000;c4ca02f3-d51e-4cfb-809c-db0eea7a1e45;376.0;17.05914883;UNKNOWN
2016-01-20T00:33:17.000000;2016-01-20T00:33:17.000000;f93d69b9-042b-4bd4-b25f-3624cd844568;375.91;4.56;UNKNOWN
2016-01-20T00:33:17.000000;2016-01-20T00:33:17.000000;45ae5d30-8536-47cd-b8a2-d05f89fe6832;375.91;0.6;UNKNOWN
2016-01-20T00:33:17.000000;2016-01-20T00:33:17.000000;2cf3f1aa-0a4c-4913-a076-61b9e54b5902;375.7;0.2047;UNKNOWN
2016-01-20T00:33:37.000000;2016-01-20T00:33:37.000000;75d7640a-8eb0-4681-acdb-06bc1f2b0946;375.73;0.09317828;UNKNOWN
2016-01-20T00:33:48.000000;2016-01-20T00:33:48.000000;c29eddd4-fc50-46e7-99d8-d6628d500ca1;375.74;2.0;UNKNOWN
2016-01-20T00:34:03.000000;2016-01-20T00:34:03.000000;c9f2ebf1-a22b-469d-8257-d736d690df88;376.15;0.35;UNKNOWN
2016-01-20T00:34:12.000000;2016-01-20T00:34:12.000000;faec2d42-b83a-4e8b-8a6a-63792b1340b5;375.75;3.0;UNKNOWN
2016-01-20T00:34:12.000000;2016-01-20T00:34:12.000000;b1de7352-1b1f-4d33-b24f-69c337b1c417;375.73;4.5;UNKNOWN
2016-01-20T00:34:12.000000;2016-01-20T00:34:12.000000;dc835611-2465-4a30-86e0-ff6e9a3c893c;375.76;0.5;UNKNOWN
2016-01-20T00:34:18.000000;2016-01-20T00:34:18.000000;8f4b03ad-ea19-4490-aaaa-d5890dc91e08;376.12;2.0;UNKNOWN
2016-01-20T00:34:39.000000;2016-01-20T00:34:39.000000;bc9cb7cb-6b31-497c-846e-8d587774487f;376.08;0.0016;UNKNOWN
2016-01-20T00:34:39.000000;2016-01-20T00:34:39.000000;b9cf7144-7872-42af-8f91-f3ae54deb121;376.12;0.05;UNKNOWN
2016-01-20T00:34:54.000000;2016-01-20T00:34:54.000000;9ce55566-4387-4c43-bab7-75fb1eea4022;376.14;2.5;UNKNOWN
2016-01-20T00:35:07.000000;2016-01-20T00:35:07.000000;58d07c9e-3c1f-47a1-b050-ace731c51730;376.1;5.0;UNKNOWN
2016-01-20T00:35:08.000000;2016-01-20T00:35:08.000000;18ae70a2-966e-4a73-973b-9f570177e77b;376.04;0.062;UNKNOWN
2016-01-20T00:35:52.000000;2016-01-20T00:35:52.000000;f00c1db3-af99-495e-b771-8311f8d2f3d3;376.04;0.01;UNKNOWN
2016-01-20T00:36:31.000000;2016-01-20T00:36:31.000000;64c4ece9-e7f0-4710-82c8-0042b55bdbf5;376.01;3.0;UNKNOWN
2016-01-20T00:36:35.000000;2016-01-20T00:36:35.000000;12d0303c-4c92-4d3a-bb16-22da5a5cfd50;376.01;0.26062933;UNKNOWN
2016-01-20T00:36:53.000000;2016-01-20T00:36:53.000000;93d5828a-0bf5-4d06-8aed-9be255818294;376.03;1.0;UNKNOWN
2016-01-20T00:37:03.000000;2016-01-20T00:37:03.000000;7664a3a1-9ed0-440c-8ed3-d24760ead718;376.01;6.5607;UNKNOWN
2016-01-20T00:37:03.000000;2016-01-20T00:37:03.000000;039412eb-ac8c-44c6-9713-b41df067ef99;376.0;5.1018;UNKNOWN
2016-01-20T00:37:03.000000;2016-01-20T00:37:03.000000;161bf313-3074-4236-bedc-02e6419f707d;376.01;4.91;UNKNOWN
2016-01-20T00:37:03.000000;2016-01-20T00:37:03.000000;0b9d2904-a512-4607-acb1-11cd31452149;376.01;2.23937067;UNKNOWN
2016-01-20T00:37:03.000000;2016-01-20T00:37:03.000000;e38432dc-8bc9-4be6-80f7-a495eae3c3b0;376.0;0.05;UNKNOWN
2016-01-20T00:37:07.000000;2016-01-20T00:37:07.000000;8b39d363-5dad-4231-b06b-4a99f995489b;376.0;0.237541;UNKNOWN
2016-01-20T00:37:19.000000;2016-01-20T00:37:19.000000;db8b6e42-d098-4c41-a584-a31d8618025e;376.01;20.36;UNKNOWN
2016-01-20T00:37:33.000000;2016-01-20T00:37:33.000000;e1ce5973-0ab6-4574-a98a-d3c55f7902b1;376.05;4.982;UNKNOWN
2016-01-20T00:38:08.000000;2016-01-20T00:38:08.000000;476b54cd-51da-4725-82a6-14ecab83a7a0;376.05;4.988;UNKNOWN
2016-01-20T00:39:18.000000;2016-01-20T00:39:18.000000;520ff5b4-b23f-4741-a98e-c6065d7ba1b7;376.64;0.02;UNKNOWN
2016-01-20T00:39:43.000000;2016-01-20T00:39:43.000000;ef07ca97-15f0-4fe8-bb9a-af38bd60ec2e;377.13;2.22;UNKNOWN
2016-01-20T00:39:43.000000;2016-01-20T00:39:43.000000;f09bb134-467e-4434-b088-646303c07de6;377.01;0.01;UNKNOWN
2016-01-20T00:39:57.000000;2016-01-20T00:39:57.000000;4f883261-7100-4739-ac60-047b6f23a873;377.31;0.409336;UNKNOWN
2016-01-20T00:39:57.000000;2016-01-20T00:39:57.000000;b85f9344-ad96-45d3-9595-2a5fcc182ad7;377.37;2.090664;UNKNOWN
2016-01-20T00:40:05.000000;2016-01-20T00:40:05.000000;ad81545d-ff85-4767-b718-a8b72a2961a6;377.5;0.75;UNKNOWN
2016-01-20T00:40:05.000000;2016-01-20T00:40:05.000000;7d195489-894e-4fa4-a498-885cdceaa7a9;377.39;0.05;UNKNOWN
2016-01-20T00:40:40.000000;2016-01-20T00:40:40.000000;87a15e1a-b1c2-419e-95ea-fecca8a7345c;377.31;0.1;UNKNOWN
2016-01-20T00:41:09.000000;2016-01-20T00:41:09.000000;2d48c2b5-6b28-4da1-b9bb-d3431d2dca37;376.98;1.0;UNKNOWN
2016-01-20T00:41:25.000000;2016-01-20T00:41:25.000000;dad7e36a-0965-4b1a-b7f7-899b6fd52b8c;377.43;1.93;UNKNOWN
2016-01-20T00:41:25.000000;2016-01-20T00:41:25.000000;377ba104-6015-4002-9ef4-2c35b6a91136;377.42;0.07;UNKNOWN
2016-01-20T00:41:27.000000;2016-01-20T00:41:27.000000;1c04526b-4d68-4cb2-b07e-509b79e5c507;377.05;0.03943;UNKNOWN
2016-01-20T00:41:31.000000;2016-01-20T00:41:31.000000;c4b7ed42-32d2-4ccb-99df-34511d136f40;377.06;6.5961;UNKNOWN
2016-01-20T00:41:31.000000;2016-01-20T00:41:31.000000;83ec5ae9-fe21-4a4f-9424-f9d974a74085;377.06;0.5;UNKNOWN
2016-01-20T00:41:31.000000;2016-01-20T00:41:31.000000;4feb61aa-bc08-4d56-9dd5-6de28bafa9f9;377.05;4.9039;UNKNOWN
2016-01-20T00:41:31.000000;2016-01-20T00:41:31.000000;d8455410-8003-4410-ac00-f529b188c086;377.06;3.0;UNKNOWN
2016-01-20T00:41:34.000000;2016-01-20T00:41:34.000000;f761e66c-edf9-4fc3-abe7-a1c75e75bd15;377.07;6.0;UNKNOWN
2016-01-20T00:41:34.000000;2016-01-20T00:41:34.000000;7cb9bffa-1592-47ef-80ee-0cd936e78c3c;377.07;2.13;UNKNOWN
2016-01-20T00:41:34.000000;2016-01-20T00:41:34.000000;2cca0cf9-f85a-4497-9b11-7ea2c7b6969c;377.07;0.5;UNKNOWN
2016-01-20T00:41:54.000000;2016-01-20T00:41:54.000000;437b9ee8-a691-4888-9fa2-7dbb5cc47f57;377.1;10.0;UNKNOWN
2016-01-20T00:42:21.000000;2016-01-20T00:42:21.000000;2a3bfcf0-0d56-4c9f-b48e-1b660136497c;376.71;0.1;UNKNOWN
2016-01-20T00:42:22.000000;2016-01-20T00:42:22.000000;c4963e69-d965-47a4-83cb-34155f17dec1;376.71;0.368;UNKNOWN
2016-01-20T00:42:32.000000;2016-01-20T00:42:32.000000;a44b1cdd-a012-485d-b0a1-0800ae683efb;376.71;0.2005;UNKNOWN
2016-01-20T00:42:42.000000;2016-01-20T00:42:42.000000;e07c69c9-0648-4621-854c-6ffb05e12863;376.71;0.167915;UNKNOWN
2016-01-20T00:42:55.000000;2016-01-20T00:42:55.000000;051d3619-f56f-49a4-b9c2-fe6d7bad2b22;376.92;5.0;UNKNOWN
2016-01-20T00:43:33.000000;2016-01-20T00:43:33.000000;14144db2-944d-4dc6-904a-e08ea508ff38;377.01;0.2628;UNKNOWN
2016-01-20T00:43:47.000000;2016-01-20T00:43:47.000000;c075f762-3c5d-4e93-9730-2efb65eaf628;377.0;0.5;UNKNOWN
2016-01-20T00:43:49.000000;2016-01-20T00:43:49.000000;d8a3851a-b0f7-46db-bada-695964d85bd8;377.0;0.5;UNKNOWN
2016-01-20T00:43:49.000000;2016-01-20T00:43:49.000000;cfb599be-6825-47a5-bbe2-a64f7c272d11;377.0;3.0;UNKNOWN
2016-01-20T00:43:49.000000;2016-01-20T00:43:49.000000;6cd7a86c-7041-47dc-a95f-595abf85582d;377.0;6.8268;UNKNOWN
2016-01-20T00:43:49.000000;2016-01-20T00:43:49.000000;47409f80-1a9d-4776-b4ff-55615d9cd30e;377.01;4.0208;UNKNOWN
2016-01-20T00:43:49.000000;2016-01-20T00:43:49.000000;80c245bd-e070-43e0-bc30-d02457867c87;377.0;0.5;UNKNOWN
2016-01-20T00:43:49.000000;2016-01-20T00:43:49.000000;9bb184b5-c640-4a7f-998a-8f43193b2638;377.0;1.2732;UNKNOWN
2016-01-20T00:44:00.000000;2016-01-20T00:44:00.000000;92a8497d-a320-4a44-82dc-16b7af818c68;377.0;0.5;UNKNOWN
2016-01-20T00:44:38.000000;2016-01-20T00:44:38.000000;9c75dad4-7d52-4a96-ae9a-9985f1d4ff14;377.42;0.2626;UNKNOWN
2016-01-20T00:44:58.000000;2016-01-20T00:44:58.000000;a90e39d7-23b2-4406-80e9-d092621686aa;377.29;0.05;UNKNOWN
2016-01-20T00:45:07.000000;2016-01-20T00:45:07.000000;de262ebb-cda5-486b-b976-d53cd3f9cafa;377.29;0.01;UNKNOWN
2016-01-20T00:45:19.000000;2016-01-20T00:45:19.000000;70db8b2a-b6a4-48b5-9b89-1f60b8946e7c;377.44;6.0;UNKNOWN
2016-01-20T00:45:19.000000;2016-01-20T00:45:19.000000;994bd361-9a17-4e79-803e-5102801d1984;377.46;6.5679;UNKNOWN
2016-01-20T00:45:19.000000;2016-01-20T00:45:19.000000;3ed7b166-e906-48a9-b2ca-9ec312420189;377.38;0.5;UNKNOWN
2016-01-20T00:45:19.000000;2016-01-20T00:45:19.000000;af1fbf2d-18c9-45ef-beeb-977a6b18dafb;377.39;3.0;UNKNOWN
2016-01-20T00:45:19.000000;2016-01-20T00:45:19.000000;1245228b-3e58-4942-9c5b-ab9d03a1141e;377.5;5.2771;UNKNOWN
2016-01-20T00:45:19.000000;2016-01-20T00:45:19.000000;764f5ca2-1afc-4f0a-a32b-d75810fdc0b8;377.5;4.99;UNKNOWN
2016-01-20T00:45:21.000000;2016-01-20T00:45:21.000000;2d9685ed-1210-4ebd-b78a-a68c5bd0442c;377.52;16.0;UNKNOWN
2016-01-20T00:45:23.000000;2016-01-20T00:45:23.000000;7971b1af-cf2b-46d1-a0c9-fe47056419b2;378.26;0.301;UNKNOWN
2016-01-20T00:45:23.000000;2016-01-20T00:45:23.000000;5a504a26-e96a-4c5f-a96d-6cb3b736c59d;377.78;0.05;UNKNOWN
2016-01-20T00:45:52.000000;2016-01-20T00:45:52.000000;403d329d-66bb-4c11-8e6e-834821709b6e;378.05;0.15;UNKNOWN
2016-01-20T00:46:03.000000;2016-01-20T00:46:03.000000;66588edd-035a-4e0e-ac70-fecc21805efd;378.0;0.1;UNKNOWN
2016-01-20T00:46:19.000000;2016-01-20T00:46:19.000000;ef3622a2-1bbd-43fe-93ec-186e8ca95634;377.57;12.44551658;UNKNOWN
2016-01-20T00:46:35.000000;2016-01-20T00:46:35.000000;03cc8341-ef7d-40f3-8269-020ef02ca64e;377.51;6.5347;UNKNOWN
2016-01-20T00:46:35.000000;2016-01-20T00:46:35.000000;45bbd973-1ac4-4812-8488-62a10fd446b8;377.5;3.19832976;UNKNOWN
2016-01-20T00:46:35.000000;2016-01-20T00:46:35.000000;d0b159b3-db65-4955-bc34-08c6f14b9a0c;377.53;4.22;UNKNOWN
2016-01-20T00:46:36.000000;2016-01-20T00:46:36.000000;2bd5f7f8-385f-4dc5-9283-10257796554d;377.5;20.46667024;UNKNOWN
2016-01-20T00:47:59.000000;2016-01-20T00:47:59.000000;b4a69128-d261-4e26-8d6d-d4978187aca3;377.52;20.28;UNKNOWN
2016-01-20T00:47:59.000000;2016-01-20T00:47:59.000000;176e8304-5df0-4889-895a-ace465999e3f;377.53;28.2016;UNKNOWN
2016-01-20T00:48:26.000000;2016-01-20T00:48:26.000000;68c600b8-d485-46c8-9e79-144b0913a45b;377.53;0.01;UNKNOWN
2016-01-20T00:48:28.000000;2016-01-20T00:48:28.000000;68fdbef2-4f4c-4153-b6a0-3113747ff54b;377.54;2.63;UNKNOWN
2016-01-20T00:48:28.000000;2016-01-20T00:48:28.000000;a389237a-8d64-4eff-86e5-963989270829;377.54;1.2969;UNKNOWN
2016-01-20T00:48:28.000000;2016-01-20T00:48:28.000000;2ad8380c-a60c-4a1e-a346-23e808bf21b0;377.54;2.63;UNKNOWN
2016-01-20T00:48:29.000000;2016-01-20T00:48:29.000000;58deaf9e-6d19-4a88-9070-6547f2fe5506;377.53;4.53332976;UNKNOWN
2016-01-20T00:48:49.000000;2016-01-20T00:48:49.000000;b6c1c5c3-e2ba-43cc-a7c0-338fc73ee616;377.53;2.0;UNKNOWN
2016-01-20T00:48:49.000000;2016-01-20T00:48:49.000000;e4b0a088-3782-4d70-8d31-c413dfce2de6;377.53;76.82890124;UNKNOWN
2016-01-20T00:48:49.000000;2016-01-20T00:48:49.000000;3e85ebf3-5a70-44a2-9905-fab96983ce3c;377.0;0.5;UNKNOWN
2016-01-20T00:48:49.000000;2016-01-20T00:48:49.000000;af892788-7986-4d79-9e67-38b6a53a0268;377.09;15.1373;UNKNOWN
2016-01-20T00:48:49.000000;2016-01-20T00:48:49.000000;f4197bee-80dd-4062-87df-a6b86dbaff5e;376.91;15.25379876;UNKNOWN
2016-01-20T00:48:49.000000;2016-01-20T00:48:49.000000;208da50a-cfdd-4554-a207-6d61bee789a8;377.53;20.28;UNKNOWN
2016-01-20T00:48:50.000000;2016-01-20T00:48:50.000000;ebeecc9f-34e7-43bb-ae98-0d6985f03eeb;377.53;10.35694842;UNKNOWN
2016-01-20T00:48:53.000000;2016-01-20T00:48:53.000000;7d7685e4-fb33-4894-88bc-767bac1941b3;376.79;0.05;UNKNOWN
2016-01-20T00:48:53.000000;2016-01-20T00:48:53.000000;b7dc2535-eb48-4791-9d37-d5fdf5d7df07;376.7;15.3519;UNKNOWN
2016-01-20T00:48:53.000000;2016-01-20T00:48:53.000000;cc4cfc21-4faf-4409-8a0a-a7e2ed3fd245;376.92;15.8072;UNKNOWN
2016-01-20T00:48:53.000000;2016-01-20T00:48:53.000000;1035fc2f-1e8f-4fdf-b1e9-0717afb90a34;376.91;6.0744;UNKNOWN
2016-01-20T00:48:53.000000;2016-01-20T00:48:53.000000;474a2bb1-2857-4bb2-9723-a962d71f1aa0;376.32;16.5;UNKNOWN
2016-01-20T00:48:53.000000;2016-01-20T00:48:53.000000;c22da31f-aaab-4ff8-9738-ce1c89dc1763;376.54;16.078;UNKNOWN
2016-01-20T00:48:53.000000;2016-01-20T00:48:53.000000;5ff97166-bddb-489f-a2ce-d3bc9cca53b5;376.14;15.0385;UNKNOWN
2016-01-20T00:48:53.000000;2016-01-20T00:48:53.000000;d965b29e-b4d2-4a51-90ac-7969f6790c19;376.06;12.5;UNKNOWN
2016-01-20T00:48:53.000000;2016-01-20T00:48:53.000000;c816c7fb-4a72-4bd5-8853-5ad93189b6f9;376.05;2.6;UNKNOWN
2016-01-20T00:49:04.000000;2016-01-20T00:49:04.000000;a3cc95c2-17c7-4a4a-876a-3033cd0f1f89;376.38;4.56;UNKNOWN
2016-01-20T00:49:08.000000;2016-01-20T00:49:08.000000;a0143354-8bc8-4b07-ab84-f45140d596bc;376.64;0.255;UNKNOWN
2016-01-20T00:49:14.000000;2016-01-20T00:49:14.000000;cf26d844-37ba-4602-9931-4b3c3d594384;376.64;2.63;UNKNOWN
2016-01-20T00:49:17.000000;2016-01-20T00:49:17.000000;0402a7b3-82f3-4d3f-bf7e-35095a9ca076;376.65;2.63;UNKNOWN
2016-01-20T00:49:19.000000;2016-01-20T00:49:19.000000;f86e8646-7fd0-49d5-80ce-c1cee23d09dd;377.14;12.3;UNKNOWN
2016-01-20T00:49:19.000000;2016-01-20T00:49:19.000000;7733476c-24a5-413a-98d5-1d6de74e0a81;377.15;31.9749;UNKNOWN
2016-01-20T00:49:40.000000;2016-01-20T00:49:40.000000;228221f5-ded2-4dac-b0fd-a7839261215c;377.19;6.164716;UNKNOWN
2016-01-20T00:49:44.000000;2016-01-20T00:49:44.000000;7673ded7-8fed-494b-9251-67a0b876f9db;377.18;3.835284;UNKNOWN
2016-01-20T00:49:54.000000;2016-01-20T00:49:54.000000;a208a6c3-11c3-45e5-a8ea-4e47f2dc92b9;377.19;15.9749;UNKNOWN
2016-01-20T00:49:56.000000;2016-01-20T00:49:56.000000;dc66c764-bad7-4cb8-8e4d-b19c598b3481;377.19;2.63;UNKNOWN
2016-01-20T00:50:02.000000;2016-01-20T00:50:02.000000;89ee486b-e03c-4d95-9906-cd2126fb38c8;377.2;0.032;UNKNOWN
2016-01-20T00:50:02.000000;2016-01-20T00:50:02.000000;0bacc6ec-608e-415b-9da3-1a0f68d28f04;377.2;2.63;UNKNOWN
2016-01-20T00:50:02.000000;2016-01-20T00:50:02.000000;0a5ffeac-b465-4a90-9b15-b0e980778241;377.2;2.338;UNKNOWN
2016-01-20T00:50:08.000000;2016-01-20T00:50:08.000000;71c35bb3-eb9a-4998-9e69-988a08b787cd;377.18;2.63;UNKNOWN
2016-01-20T00:50:22.000000;2016-01-20T00:50:22.000000;34e08872-9096-4c10-8ee4-55a3c7f9d22b;377.19;3.84;UNKNOWN
2016-01-20T00:50:25.000000;2016-01-20T00:50:25.000000;5f011b28-8520-46c6-ba79-3974a31f4a73;377.19;0.04744692;UNKNOWN
2016-01-20T00:50:43.000000;2016-01-20T00:50:43.000000;851ad480-07a8-47b4-a385-cd51e84521e4;377.2;2.078;UNKNOWN
2016-01-20T00:50:43.000000;2016-01-20T00:50:43.000000;ed48e23d-d99c-4ffa-9764-1000903e5e92;377.2;0.292;UNKNOWN
2016-01-20T00:50:43.000000;2016-01-20T00:50:43.000000;742a4750-390c-4be4-954b-e4964db1e907;377.2;2.63;UNKNOWN
2016-01-20T00:50:55.000000;2016-01-20T00:50:55.000000;9a858c96-c6f9-4614-9354-37337ea9ec75;377.19;1.0;UNKNOWN
2016-01-20T00:51:01.000000;2016-01-20T00:51:01.000000;0e2b7b79-b8fb-4f25-b48c-23e1f521858d;377.19;0.5;UNKNOWN
2016-01-20T00:51:04.000000;2016-01-20T00:51:04.000000;e0342b4e-1517-493a-baaa-6e855768968e;377.19;6.52;UNKNOWN
2016-01-20T00:51:05.000000;2016-01-20T00:51:05.000000;e5932976-eaa8-432a-bd94-2918dcad09bc;377.19;0.90500491;UNKNOWN
2016-01-20T00:51:20.000000;2016-01-20T00:51:20.000000;a59a5268-6300-4a30-9bf9-422619a9d141;377.2;0.448;UNKNOWN
2016-01-20T00:51:20.000000;2016-01-20T00:51:20.000000;ba1680f2-4e43-482f-92af-f98fefd18fb9;377.2;0.552;UNKNOWN
2016-01-20T00:52:16.000000;2016-01-20T00:52:16.000000;5c60f212-4d90-43d0-a44b-c03bdbe66867;377.2;2.64;UNKNOWN
2016-01-20T00:52:16.000000;2016-01-20T00:52:16.000000;f1a9878b-351d-46b6-8044-3ebde0898190;377.2;2.63;UNKNOWN
2016-01-20T00:52:16.000000;2016-01-20T00:52:16.000000;a4e19fce-4c75-450a-b544-a3de21eba1e2;377.2;2.008271;UNKNOWN
2016-01-20T00:52:16.000000;2016-01-20T00:52:16.000000;8f9f8be7-1f6a-456e-a7e2-71e7be3175a3;377.2;2.64;UNKNOWN
2016-01-20T00:52:16.000000;2016-01-20T00:52:16.000000;d531e24c-eb03-40be-a39e-3c40ea11ac2f;377.2;2.63;UNKNOWN
2016-01-20T00:52:16.000000;2016-01-20T00:52:16.000000;1dcd25f7-5720-4faf-a7cf-f2b54c1e3705;377.2;2.63;UNKNOWN
2016-01-20T00:52:16.000000;2016-01-20T00:52:16.000000;a5af3577-c163-4970-8495-a201f475aad4;377.2;2.63;UNKNOWN
2016-01-20T00:52:16.000000;2016-01-20T00:52:16.000000;2dbd0a04-f57b-4aab-b878-db7b757b075f;377.2;2.63;UNKNOWN
2016-01-20T00:52:16.000000;2016-01-20T00:52:16.000000;edd157b7-ac76-4689-a60d-5d1bbdb29c77;377.2;2.182;UNKNOWN
2016-01-20T00:52:32.000000;2016-01-20T00:52:32.000000;0f7d350e-e88b-48f8-bea0-eb0921b7bd72;377.88;5.0;UNKNOWN
2016-01-20T00:52:32.000000;2016-01-20T00:52:32.000000;26a4fd87-3a89-4b54-8c8e-860c1daec4c9;377.37;0.041953;UNKNOWN
2016-01-20T00:52:32.000000;2016-01-20T00:52:32.000000;4827f7f7-5f8d-4eb9-a436-d3e048600a1e;377.23;2.63;UNKNOWN
2016-01-20T00:52:32.000000;2016-01-20T00:52:32.000000;d239fdaa-d835-4029-af91-a41a6596320b;377.9;18.6421;UNKNOWN
2016-01-20T00:52:32.000000;2016-01-20T00:52:32.000000;1b8154de-eb42-43c1-9534-aaecd8f77354;377.7;18.1513;UNKNOWN
2016-01-20T00:52:32.000000;2016-01-20T00:52:32.000000;5bd7e36a-1179-4603-ba45-b50c963fb12b;377.49;0.2056;UNKNOWN
2016-01-20T00:52:32.000000;2016-01-20T00:52:32.000000;c6e47bd7-0433-44eb-b03f-ce4abd458242;377.53;18.9617;UNKNOWN
2016-01-20T00:52:32.000000;2016-01-20T00:52:32.000000;ec5ae371-bbc7-4583-b299-9b3cce5fea0a;377.87;6.5643;UNKNOWN
2016-01-20T00:52:32.000000;2016-01-20T00:52:32.000000;2d410353-74b5-4d24-9605-def6e1f0ebd6;377.54;17.487;UNKNOWN
2016-01-20T00:52:32.000000;2016-01-20T00:52:32.000000;e8db7567-a525-455b-95a8-2c4dc4cdd2de;377.54;2.63;UNKNOWN
2016-01-20T00:52:32.000000;2016-01-20T00:52:32.000000;48ecc292-bea8-4366-9ef0-048322801ff1;377.2;10.0;UNKNOWN
2016-01-20T00:52:32.000000;2016-01-20T00:52:32.000000;a2fe672e-40c3-4db4-8419-29dc09070145;377.51;0.2;UNKNOWN
2016-01-20T00:52:32.000000;2016-01-20T00:52:32.000000;2969c403-dd54-46b5-b1ac-47b04e844490;377.44;10.0;UNKNOWN
2016-01-20T00:52:32.000000;2016-01-20T00:52:32.000000;ae1b8033-85d5-43a2-bc2e-0789b04db66b;377.9;5.0;UNKNOWN
2016-01-20T00:52:32.000000;2016-01-20T00:52:32.000000;ad1e43ef-6e32-4d6a-8f81-753db3cbbe33;378.0;4.227316;UNKNOWN
2016-01-20T00:52:34.000000;2016-01-20T00:52:34.000000;a5d8bc3f-d0e5-4ba8-a0fd-9e8448c04f40;377.18;0.013006;UNKNOWN
2016-01-20T00:52:36.000000;2016-01-20T00:52:36.000000;f17ab7c4-cf4f-4248-8c43-dc7014e64f39;377.33;1.755248;UNKNOWN
2016-01-20T00:52:36.000000;2016-01-20T00:52:36.000000;4cb95194-57fb-4468-982a-35fad3902c1f;377.24;0.019181;UNKNOWN
2016-01-20T00:52:37.000000;2016-01-20T00:52:37.000000;96fcb682-7e3d-4d41-beda-edc2ee2b7d4f;377.2;0.015365;UNKNOWN
2016-01-20T00:52:54.000000;2016-01-20T00:52:54.000000;1b5f16a5-54d3-478e-b1b7-6a913745f790;377.46;6.5318;UNKNOWN
2016-01-20T00:53:08.000000;2016-01-20T00:53:08.000000;6c54ab0f-7929-4f32-8865-f992f15ca860;377.47;2.41804854;UNKNOWN
2016-01-20T00:53:47.000000;2016-01-20T00:53:47.000000;1a39dd3e-99e6-4476-a3a1-48cee88f60bc;377.46;0.26538376;UNKNOWN
2016-01-20T00:54:07.000000;2016-01-20T00:54:07.000000;33f6b18f-7b48-4dac-9b01-334915d0634b;377.46;1.6003414;UNKNOWN
2016-01-20T00:54:37.000000;2016-01-20T00:54:37.000000;6c73418e-0983-48ac-a04e-911050c4920e;377.5;7.917149;UNKNOWN
2016-01-20T00:54:38.000000;2016-01-20T00:54:38.000000;b1e417d6-01ec-4bab-9cee-74bbfdaf4904;377.5;8.057751;UNKNOWN
2016-01-20T00:54:53.000000;2016-01-20T00:54:53.000000;4c849a1e-9418-45b1-a822-3a163df2f30b;377.46;1.774429;UNKNOWN
2016-01-20T00:54:56.000000;2016-01-20T00:54:56.000000;c7506668-dc66-4141-bd48-cb6196aae0ec;377.46;4.790271;UNKNOWN
2016-01-20T00:55:07.000000;2016-01-20T00:55:07.000000;870fdb99-8b50-473e-95fa-0bc247d9eb3d;377.22;0.218133;UNKNOWN
2016-01-20T00:55:07.000000;2016-01-20T00:55:07.000000;81b30d66-df7c-4833-801f-05d893d8a963;377.45;0.14759008;UNKNOWN
2016-01-20T00:55:07.000000;2016-01-20T00:55:07.000000;15b974d6-fe1f-4f4a-bcf3-4a8ce68ad33c;377.17;0.02896182;UNKNOWN
2016-01-20T00:55:08.000000;2016-01-20T00:55:08.000000;025232fb-33e5-4ad3-905f-25249777b32f;377.49;0.14556137;UNKNOWN
2016-01-20T00:55:15.000000;2016-01-20T00:55:15.000000;48180aac-b0a1-44e3-95d7-108cc89a4ad6;377.47;6.371895;UNKNOWN
2016-01-20T00:56:12.000000;2016-01-20T00:56:12.000000;16ffa90b-f99b-4802-9c0e-9a1010a4a21a;377.4;0.025;UNKNOWN
2016-01-20T00:56:12.000000;2016-01-20T00:56:12.000000;32855a10-be70-4d17-ac9e-b589056c6fec;377.4;0.025;UNKNOWN
2016-01-20T00:56:12.000000;2016-01-20T00:56:12.000000;08d97c3f-da1f-40ae-bc39-44cceb6a4956;377.4;0.012376;UNKNOWN
2016-01-20T00:56:16.000000;2016-01-20T00:56:16.000000;4df8164c-c007-426d-916e-81dc143852a9;377.4;0.18;UNKNOWN
2016-01-20T00:56:18.000000;2016-01-20T00:56:18.000000;3bc4e8f7-409f-458c-a77c-607e29042dbd;377.4;5.29286059;UNKNOWN
2016-01-20T00:56:27.000000;2016-01-20T00:56:27.000000;f3e8d68c-3459-4702-83e4-7b905ebf3b56;377.4;0.05;UNKNOWN
2016-01-20T00:56:27.000000;2016-01-20T00:56:27.000000;ded7cff5-9c2a-430b-91c9-564b9d8d9ac9;377.4;0.025;UNKNOWN
2016-01-20T00:56:27.000000;2016-01-20T00:56:27.000000;f073a564-717d-4e9c-80ba-2b3bab2eded9;377.4;0.025;UNKNOWN
2016-01-20T00:56:39.000000;2016-01-20T00:56:39.000000;234656d5-0643-4bd9-a181-1356b8aadcc4;377.39;0.192452;UNKNOWN
2016-01-20T00:56:41.000000;2016-01-20T00:56:41.000000;3e0cbb9c-785d-4f1a-973b-48beca53ea97;377.39;0.099534;UNKNOWN
2016-01-20T00:56:43.000000;2016-01-20T00:56:43.000000;aa03a770-e288-4529-afcc-c29c296d8cae;377.38;0.069461;UNKNOWN
2016-01-20T00:56:45.000000;2016-01-20T00:56:45.000000;6387e4ec-133b-44d0-b20b-9db3fc4620ff;377.39;0.708014;UNKNOWN
2016-01-20T00:57:31.000000;2016-01-20T00:57:31.000000;051a5616-5e54-4077-827e-e6518c9c932a;377.47;1.2;UNKNOWN
2016-01-20T00:57:32.000000;2016-01-20T00:57:32.000000;333c985d-4843-4380-8b70-753f79f328c2;377.47;6.5712;UNKNOWN
2016-01-20T00:58:37.000000;2016-01-20T00:58:37.000000;25eb8012-2a23-4a4a-a0c2-d60e6958b4ea;377.47;0.2;UNKNOWN
2016-01-20T00:58:37.000000;2016-01-20T00:58:37.000000;3a9dfb29-4ed7-434e-be6f-348546a668d4;377.23;1.39154317;UNKNOWN
2016-01-20T00:59:05.000000;2016-01-20T00:59:05.000000;47de7019-2aa7-4a54-888e-290df6743bc7;377.48;0.2;UNKNOWN
2016-01-20T00:59:20.000000;2016-01-20T00:59:20.000000;8db16e8a-e0ec-47e6-b48b-dd9b3d7cc10e;377.47;1.0;UNKNOWN
2016-01-20T00:59:37.000000;2016-01-20T00:59:37.000000;240f4f76-125f-4bb6-b641-3419c1bd8da9;377.46;0.833913;UNKNOWN
2016-01-20T01:00:05.000000;2016-01-20T01:00:05.000000;51edc6c9-c52b-4b93-8698-7ab2b593a5eb;377.18;0.7968742;UNKNOWN
2016-01-20T01:00:27.000000;2016-01-20T01:00:27.000000;10c6945a-5878-4c7b-ba90-58163a8d26ef;377.44;1.01890262;UNKNOWN
2016-01-20T01:00:47.000000;2016-01-20T01:00:47.000000;81fc1410-b098-493a-9d3e-a8ddb365bed5;377.28;0.1074007;UNKNOWN
2016-01-20T01:00:58.000000;2016-01-20T01:00:58.000000;4cebf2cb-8a71-4f2b-85fc-9cbca20ac7ce;377.42;0.162901;UNKNOWN
2016-01-20T01:01:05.000000;2016-01-20T01:01:05.000000;2ea1bc26-6904-4a0f-bb52-40fe8946e248;377.24;0.03912916;UNKNOWN
2016-01-20T01:01:06.000000;2016-01-20T01:01:06.000000;f9086d51-b83c-4910-9dc6-7b5bf9b566a1;377.26;0.67098814;UNKNOWN
2016-01-20T01:01:10.000000;2016-01-20T01:01:10.000000;6e021d31-051e-4ba9-ba76-ad9b74338ef1;377.17;8.3917;UNKNOWN
2016-01-20T01:01:10.000000;2016-01-20T01:01:10.000000;71b67ebd-2771-4e00-9e1d-ab62c72e413b;377.3;6.6083;UNKNOWN
2016-01-20T01:02:05.000000;2016-01-20T01:02:05.000000;a6f8628a-69d6-46e9-be48-0fe5e2999a79;377.2;0.82535916;UNKNOWN
2016-01-20T01:02:07.000000;2016-01-20T01:02:07.000000;41c55dda-4849-483c-9a03-4c7c42d4f2c4;377.39;0.66171281;UNKNOWN
2016-01-20T01:02:08.000000;2016-01-20T01:02:08.000000;dad66e73-f4c7-42dd-bfaa-139946261156;377.25;1.59230259;UNKNOWN
2016-01-20T01:02:17.000000;2016-01-20T01:02:17.000000;b2e67c66-ab90-41da-8a7e-d0dff3220cac;377.31;2.31;UNKNOWN
2016-01-20T01:02:17.000000;2016-01-20T01:02:17.000000;a4718a85-7ac2-4376-80e5-f9183709601f;377.32;4.2267;UNKNOWN
2016-01-20T01:02:51.000000;2016-01-20T01:02:51.000000;bd2ec08b-18a8-4ad0-83bb-0f48187ccb4e;377.39;0.21180421;UNKNOWN
2016-01-20T01:02:58.000000;2016-01-20T01:02:58.000000;e2566ed8-2ffc-4594-8adc-2a79188603d6;377.38;5.0;UNKNOWN
2016-01-20T01:03:03.000000;2016-01-20T01:03:03.000000;a308fc16-a6f6-48fb-b07f-06febd2fef19;377.39;6.0;UNKNOWN
2016-01-20T01:03:05.000000;2016-01-20T01:03:05.000000;5331223d-c969-4619-a0d6-b0b49b89300f;377.39;0.1165;UNKNOWN
2016-01-20T01:03:09.000000;2016-01-20T01:03:09.000000;1a29be7f-4c35-43ee-a9d9-2fa3fc4ce67f;377.22;1.01117582;UNKNOWN
2016-01-20T01:03:10.000000;2016-01-20T01:03:10.000000;2494f123-6306-4ba3-b0e0-87011badfa3f;377.39;0.298;UNKNOWN
2016-01-20T01:03:23.000000;2016-01-20T01:03:23.000000;e50bd2c1-fdbc-4c2b-9af0-10139251393b;377.39;4.5683;UNKNOWN
2016-01-20T01:03:27.000000;2016-01-20T01:03:27.000000;57231ca3-543e-4068-b6fd-ef007e51008b;377.39;4.57368298;UNKNOWN
2016-01-20T01:03:56.000000;2016-01-20T01:03:56.000000;6ce2a1ff-8ceb-406b-bee9-7bdea9533f1f;377.5;7.6457;UNKNOWN
2016-01-20T01:03:56.000000;2016-01-20T01:03:56.000000;e3370572-b882-405c-ba7e-04900ad00c05;377.5;0.99985;UNKNOWN
2016-01-20T01:03:56.000000;2016-01-20T01:03:56.000000;a23a853e-56cc-40be-8867-f6f1df25b5c5;377.48;1.01;UNKNOWN
2016-01-20T01:04:27.000000;2016-01-20T01:04:27.000000;d0112572-5cf1-4a36-bd80-2f417fc1ce75;378.0;0.05;UNKNOWN
2016-01-20T01:04:28.000000;2016-01-20T01:04:28.000000;1c3f9581-5f48-49e1-acc8-8adfe99079c9;378.15;6.5587;UNKNOWN
2016-01-20T01:04:28.000000;2016-01-20T01:04:28.000000;141c6a6a-e6dd-4834-8cbf-1fb89281840c;378.0;0.622684;UNKNOWN
2016-01-20T01:04:28.000000;2016-01-20T01:04:28.000000;84d58933-bdce-499e-9d7e-7007f85761ec;378.0;0.01;UNKNOWN
2016-01-20T01:04:28.000000;2016-01-20T01:04:28.000000;4cf9c6cf-747b-4b88-8095-9a7e7840da8a;378.18;0.056806;UNKNOWN
2016-01-20T01:04:28.000000;2016-01-20T01:04:28.000000;81674390-4ca5-441f-b496-67cf49b12da7;378.17;0.158806;UNKNOWN
2016-01-20T01:04:28.000000;2016-01-20T01:04:28.000000;a143c705-dd7c-4dca-972c-1f48ac497411;378.16;10.0;UNKNOWN
2016-01-20T01:04:30.000000;2016-01-20T01:04:30.000000;ee0acf26-82e3-4403-8ec4-a7c6771781b4;378.18;24.819288;UNKNOWN
2016-01-20T01:04:38.000000;2016-01-20T01:04:38.000000;330cff8d-2343-40f4-8740-e6b583670f79;378.17;0.34445;UNKNOWN
2016-01-20T01:04:51.000000;2016-01-20T01:04:51.000000;ef25d992-5108-4b41-9985-0ee92e214b39;378.21;6.5695;UNKNOWN
2016-01-20T01:05:05.000000;2016-01-20T01:05:05.000000;1086583c-6f57-465d-a4fe-18b6b761a0f1;377.94;0.5;UNKNOWN
2016-01-20T01:05:05.000000;2016-01-20T01:05:05.000000;23efd0d4-2e07-4e16-8496-d10595fe8cc9;377.96;6.5446;UNKNOWN
2016-01-20T01:05:05.000000;2016-01-20T01:05:05.000000;8ccf33f4-6a2c-4e2f-9fec-8dbd40b8e273;377.5;8.64555;UNKNOWN
2016-01-20T01:05:05.000000;2016-01-20T01:05:05.000000;442d1deb-59d7-47f7-8e72-e5b54e0546a9;377.94;3.0;UNKNOWN
2016-01-20T01:05:05.000000;2016-01-20T01:05:05.000000;8e3ff56b-e8f8-446c-8547-e0fcbb036fa8;377.39;4.5683;UNKNOWN
2016-01-20T01:05:05.000000;2016-01-20T01:05:05.000000;fb5265cd-1a7b-4246-9d1b-3928334166ba;377.29;0.041842;UNKNOWN
2016-01-20T01:05:05.000000;2016-01-20T01:05:05.000000;528a04d4-2fbd-4b15-88e3-1b851f529998;377.34;18.0;UNKNOWN
2016-01-20T01:05:05.000000;2016-01-20T01:05:05.000000;b1d70846-68a4-41ac-a37e-fec4157c2630;377.3;0.5;UNKNOWN
2016-01-20T01:05:05.000000;2016-01-20T01:05:05.000000;d327344d-fa8c-4a4d-aa14-5a1e8524867f;377.35;10.5619;UNKNOWN
2016-01-20T01:05:05.000000;2016-01-20T01:05:05.000000;77d3f9e9-70ef-46e2-ac96-1983d3ca16ba;377.4;37.0856;UNKNOWN
2016-01-20T01:05:05.000000;2016-01-20T01:05:05.000000;ea599cea-a6d8-4c33-8ef0-d53e589bac04;377.49;12.0;UNKNOWN
2016-01-20T01:05:05.000000;2016-01-20T01:05:05.000000;17bbc29d-99e1-447c-a9f6-ff1dab19b6b5;377.48;18.0916;UNKNOWN
2016-01-20T01:05:09.000000;2016-01-20T01:05:09.000000;0e292a3d-66fc-47a5-9f28-450004689587;377.3;14.991;UNKNOWN
2016-01-20T01:05:17.000000;2016-01-20T01:05:17.000000;8cefb87c-10cf-4305-bab0-39893ebd0160;377.21;0.15912477;UNKNOWN
2016-01-20T01:05:54.000000;2016-01-20T01:05:54.000000;c6758669-31c2-4073-972d-45fac38c9741;377.3;0.941604;UNKNOWN
2016-01-20T01:06:19.000000;2016-01-20T01:06:19.000000;ca3dae8d-2d6e-43f3-a44f-4e78db194717;377.3;9.0;UNKNOWN
2016-01-20T01:06:48.000000;2016-01-20T01:06:48.000000;bc25607a-836c-4621-b7bd-73bd88e13adf;377.17;1.0;UNKNOWN
2016-01-20T01:07:52.000000;2016-01-20T01:07:52.000000;cee8f99d-2a9e-4a1b-9c99-f8c282eb9c6c;377.17;0.34571882;UNKNOWN
2016-01-20T01:08:05.000000;2016-01-20T01:08:05.000000;48a7dacf-fa70-4d9a-aa2a-192ddab278b9;377.17;0.15666205;UNKNOWN
2016-01-20T01:08:06.000000;2016-01-20T01:08:06.000000;90a7797f-73b5-4ed6-b88d-48ff2fbcc3c5;377.17;0.07695731;UNKNOWN
2016-01-20T01:08:06.000000;2016-01-20T01:08:06.000000;3f53ac86-8c0e-4b3b-85a0-784f9638e6b4;377.17;0.26876151;UNKNOWN
2016-01-20T01:08:06.000000;2016-01-20T01:08:06.000000;14f57885-9d82-4b4f-b0c7-1bacd69a6591;377.3;3.44619819;UNKNOWN
2016-01-20T01:08:06.000000;2016-01-20T01:08:06.000000;b0368f98-36fe-4fa5-b8f8-ab3ec7a40cae;377.25;0.16;UNKNOWN
2016-01-20T01:08:09.000000;2016-01-20T01:08:09.000000;b7758233-6bbc-4eca-8886-401f1a481be0;377.3;0.01;UNKNOWN
2016-01-20T01:08:33.000000;2016-01-20T01:08:33.000000;92695035-d0ab-43bc-8e78-75024710bfb0;377.05;0.055;UNKNOWN
2016-01-20T01:08:41.000000;2016-01-20T01:08:41.000000;3c18e37c-0d17-437e-b7b2-2600c1a188ac;376.82;0.1296;UNKNOWN
2016-01-20T01:08:57.000000;2016-01-20T01:08:57.000000;14fd8356-5418-4783-bc66-8455f430cb49;376.76;0.80064051;UNKNOWN
2016-01-20T01:08:59.000000;2016-01-20T01:08:59.000000;7572f4fb-6f44-4028-b06c-c479e241d7f9;376.77;1.00411448;UNKNOWN
2016-01-20T01:10:09.000000;2016-01-20T01:10:09.000000;36acd593-80a2-4778-a6b3-d5f9ec3376e5;376.54;0.025;UNKNOWN
2016-01-20T01:10:17.000000;2016-01-20T01:10:17.000000;f968b143-59ef-4940-973c-73d58f176d19;376.54;1.59407768;UNKNOWN
2016-01-20T01:10:58.000000;2016-01-20T01:10:58.000000;f53b7db1-4667-4d3d-b3d8-01610d63da8d;376.42;0.37;UNKNOWN
2016-01-20T01:10:58.000000;2016-01-20T01:10:58.000000;3fd9dd90-8ff7-4757-8e9a-afe8e8de5618;376.42;1.090143;UNKNOWN
2016-01-20T01:10:58.000000;2016-01-20T01:10:58.000000;dacbb0f9-92f8-4b62-ad16-54f1492222f0;376.43;16.91;UNKNOWN
2016-01-20T01:11:00.000000;2016-01-20T01:11:00.000000;b9239a20-7405-4a60-96e0-2c6a3330ad73;376.66;0.01;UNKNOWN
2016-01-20T01:11:10.000000;2016-01-20T01:11:10.000000;644b914f-680f-4c89-a97c-a439a109e511;376.44;0.01;UNKNOWN
2016-01-20T01:11:15.000000;2016-01-20T01:11:15.000000;1aa3eb85-54eb-4694-babf-d59581bc5d05;376.33;0.0183;UNKNOWN
2016-01-20T01:11:19.000000;2016-01-20T01:11:19.000000;fe3ce0ed-0bd1-4e16-8e97-fd6e32bc2763;376.4;0.05;UNKNOWN
2016-01-20T01:11:21.000000;2016-01-20T01:11:21.000000;16ff4f19-8f0c-4a8a-9bbd-8007596355e3;376.4;0.25;UNKNOWN
2016-01-20T01:11:21.000000;2016-01-20T01:11:21.000000;df07843e-3407-447c-8d54-5f2cfeed440c;376.41;0.37;UNKNOWN
2016-01-20T01:11:21.000000;2016-01-20T01:11:21.000000;47f10503-d7ae-4034-ac28-0c15b63b5361;376.34;4.38;UNKNOWN
2016-01-20T01:11:23.000000;2016-01-20T01:11:23.000000;c9590a02-2a7e-4ec3-b5c1-995c3795fc3d;376.76;0.0122;UNKNOWN
2016-01-20T01:11:33.000000;2016-01-20T01:11:33.000000;917abe35-8fc7-40ab-a91c-32739305b161;376.56;0.01;UNKNOWN
2016-01-20T01:11:42.000000;2016-01-20T01:11:42.000000;c26ab730-24c9-4908-8031-8039ad837cb0;376.54;0.0306;UNKNOWN
2016-01-20T01:11:50.000000;2016-01-20T01:11:50.000000;e9e329d7-4995-4460-95e9-7f3888dd6a18;376.93;0.15;UNKNOWN
2016-01-20T01:11:55.000000;2016-01-20T01:11:55.000000;46db6b07-e2a9-48f2-829e-d82a3cfeb4d7;377.06;0.061127;UNKNOWN
2016-01-20T01:12:12.000000;2016-01-20T01:12:12.000000;f917abf3-04a9-4df0-8323-d0a6e6528a2b;376.94;0.014613;UNKNOWN
2016-01-20T01:12:12.000000;2016-01-20T01:12:12.000000;7d6673d0-f966-4c8c-a98b-434cc6124e94;377.27;2.16573529;UNKNOWN
2016-01-20T01:12:26.000000;2016-01-20T01:12:26.000000;eef20ac4-9892-4bcd-b7e5-e220ed73a592;376.93;0.012279;UNKNOWN
2016-01-20T01:12:32.000000;2016-01-20T01:12:32.000000;1d18ccd2-618f-423a-b443-083dfb1bc76f;377.25;0.2948;UNKNOWN
2016-01-20T01:12:33.000000;2016-01-20T01:12:33.000000;e5b75068-45e1-4f6b-b198-e87cea315773;377.25;0.02566085;UNKNOWN
2016-01-20T01:13:06.000000;2016-01-20T01:13:06.000000;c8adb93d-76d8-4a90-897a-b7011b824ee3;377.01;0.11806279;UNKNOWN
2016-01-20T01:14:02.000000;2016-01-20T01:14:02.000000;7b5e9ad9-1df0-4fd5-88eb-34ae793dddd0;377.3;2.11364781;UNKNOWN
2016-01-20T01:14:02.000000;2016-01-20T01:14:02.000000;c04487b5-e262-4323-a299-98a3abbe164e;377.29;0.013752;UNKNOWN
2016-01-20T01:14:02.000000;2016-01-20T01:14:02.000000;b11d8528-1658-4846-a480-b9c31ad54b02;377.5;1.4858852;UNKNOWN
2016-01-20T01:14:05.000000;2016-01-20T01:14:05.000000;e6ee6a45-9989-46be-8378-1ec586ad9646;377.27;0.016676;UNKNOWN
2016-01-20T01:14:05.000000;2016-01-20T01:14:05.000000;5803f91a-b5c7-4b33-9bb6-03aa227669aa;377.5;3.983324;UNKNOWN
2016-01-20T01:14:16.000000;2016-01-20T01:14:16.000000;82f94558-0ba9-460b-a2e3-37ef451156c1;377.02;0.020131;UNKNOWN
2016-01-20T01:14:17.000000;2016-01-20T01:14:17.000000;3418a01d-926e-44b3-92ae-f62b8b23f9e4;377.01;0.01900459;UNKNOWN
2016-01-20T01:14:17.000000;2016-01-20T01:14:17.000000;a3fc456d-6a51-4f5d-a62c-a89a94d3bb64;377.27;0.0102;UNKNOWN
2016-01-20T01:14:42.000000;2016-01-20T01:14:42.000000;7e4f0f43-b7a4-4ada-845d-c4dba156fa48;377.11;0.05;UNKNOWN
2016-01-20T01:16:06.000000;2016-01-20T01:16:06.000000;9dd82fa7-3701-437b-b9bb-9bb313e02929;377.88;0.65;UNKNOWN
2016-01-20T01:17:39.000000;2016-01-20T01:17:39.000000;af170cb3-9875-4647-9dd2-30bbec26c1c4;377.53;0.030117;UNKNOWN
2016-01-20T01:18:22.000000;2016-01-20T01:18:22.000000;ca464587-4657-48b2-87c7-c89c3f864de1;377.71;1.509;UNKNOWN
2016-01-20T01:19:05.000000;2016-01-20T01:19:05.000000;0cfd57cb-5c9c-4e58-b574-bf0685289411;377.54;0.073;UNKNOWN
2016-01-20T01:19:41.000000;2016-01-20T01:19:41.000000;33f8adc5-0e41-4374-8c10-4bdb5cc2aa81;378.24;8.0;UNKNOWN
2016-01-20T01:19:41.000000;2016-01-20T01:19:41.000000;42d3717c-fcbf-44c6-9bb2-637f3a0192a2;378.47;18.0716;UNKNOWN
2016-01-20T01:19:41.000000;2016-01-20T01:19:41.000000;95e53d41-7e4c-4b01-b1bf-ac3db394d8b6;378.18;20.5072;UNKNOWN
2016-01-20T01:19:41.000000;2016-01-20T01:19:41.000000;45c38a5a-0422-43e0-925d-59df844221a9;377.68;18.57;UNKNOWN
2016-01-20T01:19:41.000000;2016-01-20T01:19:41.000000;7a8ad2a3-0ec4-4670-ba9c-b102095fbcc4;378.57;3.76635689;UNKNOWN
2016-01-20T01:19:41.000000;2016-01-20T01:19:41.000000;e924a285-04ff-4687-93aa-9c593f1250b5;378.55;19.2879;UNKNOWN
2016-01-20T01:19:41.000000;2016-01-20T01:19:41.000000;79c07508-e514-4925-997d-4628fc51340c;378.27;17.7502;UNKNOWN
2016-01-20T01:19:41.000000;2016-01-20T01:19:41.000000;708d92ae-b35d-468b-864b-7b8f8a5fb460;378.23;6.6054;UNKNOWN
2016-01-20T01:19:41.000000;2016-01-20T01:19:41.000000;0d11d11f-9f92-4483-a51c-0881848429dd;378.57;15.44134311;UNKNOWN
2016-01-20T01:21:00.000000;2016-01-20T01:21:00.000000;8638545f-20ab-4455-96db-a5a2c4c3cf2a;378.67;0.0527;UNKNOWN
2016-01-20T01:22:39.000000;2016-01-20T01:22:39.000000;75f620ad-3a71-4a19-9045-41d54041c6d8;378.78;0.07;UNKNOWN
2016-01-20T01:22:44.000000;2016-01-20T01:22:44.000000;f25abbb0-f7fc-4bf4-ba28-b862de5413b5;378.79;0.05;UNKNOWN
2016-01-20T01:22:44.000000;2016-01-20T01:22:44.000000;d6c579fc-c854-4bce-a955-b43b0efa1995;378.84;0.05;UNKNOWN
2016-01-20T01:22:44.000000;2016-01-20T01:22:44.000000;34100c5d-1715-4485-adaa-b7b916c0e1db;378.93;0.5;UNKNOWN
2016-01-20T01:22:44.000000;2016-01-20T01:22:44.000000;16d6f150-f8ae-4dad-b63e-8c23e893f1c1;378.93;0.07;UNKNOWN
2016-01-20T01:22:44.000000;2016-01-20T01:22:44.000000;f1c027e4-82e6-4e25-ac5f-1e1314d2d2e6;378.93;0.33;UNKNOWN
2016-01-20T01:23:05.000000;2016-01-20T01:23:05.000000;b6ae5a61-5548-4ceb-883e-38668b30cd62;378.78;0.688;UNKNOWN
2016-01-20T01:24:49.000000;2016-01-20T01:24:49.000000;9bc37872-3a64-4e4e-8cf9-0d890d4a56f8;378.92;0.43;UNKNOWN
2016-01-20T01:25:08.000000;2016-01-20T01:25:08.000000;de547a7f-3cdb-4cc7-8dcb-ab590c709f5d;378.92;0.5;UNKNOWN
2016-01-20T01:25:08.000000;2016-01-20T01:25:08.000000;45ae6904-5fdd-4ab2-83cb-700bca6e0d9d;378.93;1.04689808;UNKNOWN
2016-01-20T01:25:24.000000;2016-01-20T01:25:24.000000;90f9711d-852a-47be-a3a5-9a695b213d4a;378.65;4.888;UNKNOWN
2016-01-20T01:25:24.000000;2016-01-20T01:25:24.000000;897ba70b-8028-48fd-b0bb-738d0ca4bd56;378.78;1.112;UNKNOWN
2016-01-20T01:26:04.000000;2016-01-20T01:26:04.000000;96514363-3561-404e-9132-7b6392fdb27e;378.72;0.5;UNKNOWN
2016-01-20T01:26:04.000000;2016-01-20T01:26:04.000000;dbf30f22-9760-457b-a2fa-5ee2b2561b84;378.74;2.5;UNKNOWN
2016-01-20T01:26:04.000000;2016-01-20T01:26:04.000000;5b4d809c-6804-4663-bd09-928c96f71190;378.73;3.0;UNKNOWN
2016-01-20T01:26:41.000000;2016-01-20T01:26:41.000000;402c03f8-cc6e-4f2b-8b16-f52daff587c4;378.78;6.0;UNKNOWN
2016-01-20T01:26:49.000000;2016-01-20T01:26:49.000000;c1b3ca03-5f1d-44c5-976b-216903f15419;378.93;2.0;UNKNOWN
2016-01-20T01:27:03.000000;2016-01-20T01:27:03.000000;3308b7a0-1261-43a6-bf26-9848ec0a80fd;378.93;2.56;UNKNOWN
2016-01-20T01:27:25.000000;2016-01-20T01:27:25.000000;1c1df7d5-e701-4af6-aeb9-e4c00688bf67;378.9;0.036;UNKNOWN
2016-01-20T01:28:07.000000;2016-01-20T01:28:07.000000;c1352a62-e070-4241-99ee-41b6923c9044;378.9;1.08260785;UNKNOWN
2016-01-20T01:28:42.000000;2016-01-20T01:28:42.000000;c227497e-bbf6-4914-8927-4289c1d274de;378.71;2.5;UNKNOWN
2016-01-20T01:29:01.000000;2016-01-20T01:29:01.000000;2a9ceffe-8cf5-4291-a756-841bce6497cb;379.15;10.0;UNKNOWN
2016-01-20T01:29:01.000000;2016-01-20T01:29:01.000000;ec56a1c9-13e7-45bf-9cb9-34c8f0e607e3;378.86;6.5822;UNKNOWN
2016-01-20T01:29:01.000000;2016-01-20T01:29:01.000000;c48faf22-dc91-4364-867c-bff3c9653319;379.16;2.847202;UNKNOWN
2016-01-20T01:29:01.000000;2016-01-20T01:29:01.000000;8521325f-f7b1-41a9-8898-f90603e2a6a9;378.95;9.0;UNKNOWN
2016-01-20T01:29:01.000000;2016-01-20T01:29:01.000000;86391a6a-4795-4f78-8e47-23e11d1a1f73;378.86;0.5;UNKNOWN
2016-01-20T01:29:01.000000;2016-01-20T01:29:01.000000;677dd632-ff75-4c41-bcf2-0cb2a21fc9fa;379.1;0.020598;UNKNOWN
2016-01-20T01:29:01.000000;2016-01-20T01:29:01.000000;0918294f-eddd-49aa-ab54-485df606263d;379.11;12.0;UNKNOWN
2016-01-20T01:29:01.000000;2016-01-20T01:29:01.000000;3a064c3d-2c7c-4f2e-bdac-66fe1cdf3705;378.87;6.0;UNKNOWN
2016-01-20T01:29:01.000000;2016-01-20T01:29:01.000000;b3f1b554-bb48-4cc6-ac0b-213dbc69553d;379.11;0.05;UNKNOWN
2016-01-20T01:29:01.000000;2016-01-20T01:29:01.000000;1587904b-513d-4490-ba95-8c7d43ac3a61;378.86;3.0;UNKNOWN
2016-01-20T01:30:02.000000;2016-01-20T01:30:02.000000;f18ebce0-2547-4f9c-ae97-e65372c66f04;378.92;1.0;UNKNOWN
2016-01-20T01:30:52.000000;2016-01-20T01:30:52.000000;7ef129da-21ca-4507-bba2-93ebe3cdfdcc;378.73;0.035391;UNKNOWN
2016-01-20T01:31:04.000000;2016-01-20T01:31:04.000000;e39e2fab-5f20-40cd-9fcb-a4970929549c;379.02;0.05;UNKNOWN
2016-01-20T01:31:57.000000;2016-01-20T01:31:57.000000;95f0cb39-624b-4d7c-a050-956372968335;378.75;0.02693904;UNKNOWN
2016-01-20T01:32:06.000000;2016-01-20T01:32:06.000000;56430f3b-1b8d-4c36-a570-d7ed2521ac5f;378.63;3.0;UNKNOWN
2016-01-20T01:32:06.000000;2016-01-20T01:32:06.000000;5c8861e6-42fc-4585-a400-6da6635b7cc2;378.71;2.0;UNKNOWN
2016-01-20T01:32:20.000000;2016-01-20T01:32:20.000000;866b5329-11b1-4448-836e-9ae441291588;378.63;0.23580537;UNKNOWN
2016-01-20T01:32:26.000000;2016-01-20T01:32:26.000000;ef53d883-2a60-4318-8379-f733e3964ef8;378.63;0.025;UNKNOWN
2016-01-20T01:32:26.000000;2016-01-20T01:32:26.000000;8d749a1c-07a2-4e0e-8126-cc67cd35b6f8;378.3;8.0;UNKNOWN
2016-01-20T01:32:26.000000;2016-01-20T01:32:26.000000;b2bca6b2-e6bb-4a6b-99db-083272738bda;378.31;15.9965;UNKNOWN
2016-01-20T01:32:26.000000;2016-01-20T01:32:26.000000;21fe26a7-dde0-44a0-8c35-a3c387ffdc28;378.11;2.01;UNKNOWN
2016-01-20T01:32:26.000000;2016-01-20T01:32:26.000000;8c37d90c-9497-44da-88cc-c40e560ebb54;378.6;20.0;UNKNOWN
2016-01-20T01:32:26.000000;2016-01-20T01:32:26.000000;fa092f97-9fa8-41de-b25d-1230ea9ab561;378.05;11.3925;UNKNOWN
2016-01-20T01:32:26.000000;2016-01-20T01:32:26.000000;266c2012-ab64-49f4-86b4-6a0b1e38272d;378.24;19.2934;UNKNOWN
2016-01-20T01:32:26.000000;2016-01-20T01:32:26.000000;a60bd854-9954-4c7d-a417-23e1092b2d19;378.32;18.5722;UNKNOWN
2016-01-20T01:32:26.000000;2016-01-20T01:32:26.000000;3a5c7dc3-8340-4299-b2a0-9d187ae0b987;378.63;4.66419463;UNKNOWN
2016-01-20T01:33:07.000000;2016-01-20T01:33:07.000000;d2aeb3da-7433-4401-9b2f-838b1cd68077;377.74;0.07;UNKNOWN
2016-01-20T01:33:07.000000;2016-01-20T01:33:07.000000;f2a7a98f-d81d-4a92-aab5-a739d0b82e93;377.74;3.0;UNKNOWN
2016-01-20T01:33:07.000000;2016-01-20T01:33:07.000000;ce679cae-ad26-4a05-9e82-35c090e2f174;377.74;0.37;UNKNOWN
2016-01-20T01:33:46.000000;2016-01-20T01:33:46.000000;585208a3-b03c-4563-ad5b-d3c25e428da4;378.0;0.04620537;UNKNOWN
2016-01-20T01:33:56.000000;2016-01-20T01:33:56.000000;5c5c25c5-db75-49b2-96dd-0f2b5cc3b1bc;378.34;0.024;UNKNOWN
2016-01-20T01:33:58.000000;2016-01-20T01:33:58.000000;334e9f9c-d868-4bd6-b903-9c0907a4877f;378.02;0.05816083;UNKNOWN
2016-01-20T01:34:45.000000;2016-01-20T01:34:45.000000;81a3c455-501d-49e4-9694-2b45b81b7020;378.02;0.5;UNKNOWN
2016-01-20T01:37:02.000000;2016-01-20T01:37:02.000000;fb87dc53-5143-451e-a8df-b0f079741b26;378.99;2.01;UNKNOWN
2016-01-20T01:37:02.000000;2016-01-20T01:37:02.000000;24576536-81e2-4f3c-8065-ea240e433a2b;379.0;3.20588704;UNKNOWN
2016-01-20T01:37:02.000000;2016-01-20T01:37:02.000000;0706689a-6e22-46c2-9466-33590043f8f9;378.65;3.0;UNKNOWN
2016-01-20T01:37:02.000000;2016-01-20T01:37:02.000000;2d51808a-a6bf-4878-98fa-81b9118d738f;378.02;0.16951296;UNKNOWN
2016-01-20T01:37:02.000000;2016-01-20T01:37:02.000000;060af924-41ce-446c-97d7-2935a34e8d7a;378.85;18.4919;UNKNOWN
2016-01-20T01:37:02.000000;2016-01-20T01:37:02.000000;214867fe-2058-499a-b8f1-0129930af74d;378.67;18.456;UNKNOWN
2016-01-20T01:37:02.000000;2016-01-20T01:37:02.000000;a3c9d83a-3093-4f81-8f71-ff849774daf6;378.55;6.5667;UNKNOWN
2016-01-20T01:38:05.000000;2016-01-20T01:38:05.000000;8231751c-3c90-4f2d-8daa-68a9dff9496f;379.0;0.29411296;UNKNOWN
2016-01-20T01:38:05.000000;2016-01-20T01:38:05.000000;6ba7a37b-fc19-453c-a640-1adadf8071c8;379.03;0.40588704;UNKNOWN
2016-01-20T01:38:07.000000;2016-01-20T01:38:07.000000;cd521009-cdd0-4ad2-a7d8-853631df4ad2;378.29;0.03698166;UNKNOWN
2016-01-20T01:38:11.000000;2016-01-20T01:38:11.000000;8f9e5f9a-166c-4334-9779-32abae058ad4;378.8;0.15871039;UNKNOWN
2016-01-20T01:41:47.000000;2016-01-20T01:41:47.000000;a0f160f8-6156-4b89-a141-f96338dd3f12;378.91;0.04496266;UNKNOWN
2016-01-20T01:42:02.000000;2016-01-20T01:42:02.000000;5bedf099-638a-464b-9940-2eb5fb0459a2;378.91;0.18503734;UNKNOWN
2016-01-20T01:42:03.000000;2016-01-20T01:42:03.000000;0cfe1542-fc8b-4b4e-9159-c86e77572866;378.9;6.5248;UNKNOWN
2016-01-20T01:42:06.000000;2016-01-20T01:42:06.000000;3264806a-fb76-4194-bf23-7d18e277704f;378.91;1.0;UNKNOWN
2016-01-20T01:42:21.000000;2016-01-20T01:42:21.000000;578e3c9f-5104-49a1-88fe-62747cfec035;378.9;6.5071;UNKNOWN
2016-01-20T01:42:29.000000;2016-01-20T01:42:29.000000;e720612b-2ca3-4515-b3af-7a59ae9731b9;378.9;1.36905232;UNKNOWN
2016-01-20T01:42:40.000000;2016-01-20T01:42:40.000000;e2564b27-089b-4b1f-b149-7f9cd2b319f0;378.9;6.5453;UNKNOWN
2016-01-20T01:42:49.000000;2016-01-20T01:42:49.000000;63683e87-1908-4b0a-87a6-ed37e4bb9f84;378.9;1.49306109;UNKNOWN
2016-01-20T01:42:58.000000;2016-01-20T01:42:58.000000;d33b3639-6ea0-4387-a369-eb3b75c6cfc2;378.9;6.5511;UNKNOWN
2016-01-20T01:43:15.000000;2016-01-20T01:43:15.000000;6d159d53-ca90-40a1-ba48-470323892d81;378.9;1.00958659;UNKNOWN
2016-01-20T01:43:15.000000;2016-01-20T01:43:15.000000;76a3bb07-5b78-4abb-8b40-29b1b5465fe0;378.9;5.55571341;UNKNOWN
2016-01-20T01:43:41.000000;2016-01-20T01:43:41.000000;5107e562-6a35-4667-8a88-5c47f36fbe06;378.9;6.568;UNKNOWN
2016-01-20T01:43:56.000000;2016-01-20T01:43:56.000000;23b12976-ace6-4c79-b150-aaf74bfcdfa9;378.91;2.5;UNKNOWN
2016-01-20T01:44:05.000000;2016-01-20T01:44:05.000000;a6c7da6b-62ab-410f-83d9-aaf6dfdd6974;378.9;1.07;UNKNOWN
2016-01-20T01:44:18.000000;2016-01-20T01:44:18.000000;0f676c83-c668-48c6-965d-2711d8292ee3;378.91;0.08131955;UNKNOWN
2016-01-20T01:44:18.000000;2016-01-20T01:44:18.000000;d06f3b78-9743-41df-bcd9-4dfe40a65b29;378.91;1.91868045;UNKNOWN
2016-01-20T01:45:04.000000;2016-01-20T01:45:04.000000;b06b82b4-ff06-4b86-b040-d7a77e03fbbf;378.9;6.5742;UNKNOWN
2016-01-20T01:45:08.000000;2016-01-20T01:45:08.000000;cdf109df-0897-474a-be13-3cf7dc197153;378.9;0.264187;UNKNOWN
2016-01-20T01:45:37.000000;2016-01-20T01:45:37.000000;b27bee02-0fa0-4747-99b4-aac1f175afc2;378.9;0.9;UNKNOWN
2016-01-20T01:46:17.000000;2016-01-20T01:46:17.000000;baf66117-ce56-48e8-807c-f07ab0b32d3a;378.91;0.74928856;UNKNOWN
2016-01-20T01:46:17.000000;2016-01-20T01:46:17.000000;c62f3362-895d-4352-b5ef-0f020e2e3f39;378.91;1.84767644;UNKNOWN
2016-01-20T01:46:51.000000;2016-01-20T01:46:51.000000;c338ef9b-9c0a-4122-ae0e-b13d43ef1803;378.9;6.5934;UNKNOWN
2016-01-20T01:46:56.000000;2016-01-20T01:46:56.000000;e029b362-5a6f-4b81-96b6-ffdc34a9d904;378.15;0.01;UNKNOWN
2016-01-20T01:46:56.000000;2016-01-20T01:46:56.000000;06df2cfe-1992-4480-898d-747f26158332;378.43;1.01;UNKNOWN
2016-01-20T01:46:56.000000;2016-01-20T01:46:56.000000;5f0cdfdc-06af-48ec-af70-3be856edd762;377.68;18.0;UNKNOWN
2016-01-20T01:46:56.000000;2016-01-20T01:46:56.000000;f8bb9a8a-bf89-4d60-a0cb-a085192579e6;378.0;16.7308;UNKNOWN
2016-01-20T01:46:56.000000;2016-01-20T01:46:56.000000;2371c9e8-f7ef-480b-9025-4e7f2ec05ad9;378.05;12.0;UNKNOWN
2016-01-20T01:46:56.000000;2016-01-20T01:46:56.000000;1f282940-4306-40e1-8fc9-4ef6c2895d82;378.0;4.85029463;UNKNOWN
2016-01-20T01:46:56.000000;2016-01-20T01:46:56.000000;e07bce0b-57c0-4319-9150-f516d8e5a92c;378.11;2.0;UNKNOWN
2016-01-20T01:46:56.000000;2016-01-20T01:46:56.000000;ff93f475-b5c5-4296-9019-865f9af359fd;378.44;6.5795;UNKNOWN
2016-01-20T01:46:56.000000;2016-01-20T01:46:56.000000;e940f746-5bab-49f6-a819-dd06bfd0743c;378.07;3.01;UNKNOWN
2016-01-20T01:46:56.000000;2016-01-20T01:46:56.000000;cd74b452-beb9-41c7-9bf8-9e52da23674c;377.67;17.37237755;UNKNOWN
2016-01-20T01:46:56.000000;2016-01-20T01:46:56.000000;15e8aff5-387b-4964-911a-8cd7b45ceb7c;377.69;0.05;UNKNOWN
2016-01-20T01:46:56.000000;2016-01-20T01:46:56.000000;02832936-0f0b-49dc-a279-e2c17f84f4e8;377.86;16.689;UNKNOWN
2016-01-20T01:46:56.000000;2016-01-20T01:46:56.000000;494565dd-20a7-44e4-afa0-220dad62c2be;377.68;5.0;UNKNOWN
2016-01-20T01:46:56.000000;2016-01-20T01:46:56.000000;2c8b0462-b5a4-48cd-9a46-a8ec8208bcd4;377.88;4.02;UNKNOWN
2016-01-20T01:46:56.000000;2016-01-20T01:46:56.000000;9fe13bd6-ec0b-49cd-b91c-4bbb3730c9bc;378.9;2.47449959;UNKNOWN
2016-01-20T01:46:56.000000;2016-01-20T01:46:56.000000;69679902-70b3-4653-a49c-28cd09b493cf;378.04;14.6721;UNKNOWN
2016-01-20T01:47:08.000000;2016-01-20T01:47:08.000000;42757202-f337-4184-9b90-4be0da6781eb;377.95;2.0;UNKNOWN
2016-01-20T01:47:12.000000;2016-01-20T01:47:12.000000;efb24444-61f5-4e50-a10a-9f83ebf342ce;377.94;1.45999;UNKNOWN
2016-01-20T01:47:12.000000;2016-01-20T01:47:12.000000;d829d5d2-89e1-4ee1-bd3a-65ca76e29cf7;377.93;0.5;UNKNOWN
2016-01-20T01:47:12.000000;2016-01-20T01:47:12.000000;314ce4a5-e96f-4ff0-bcd3-f0c5dae0cca5;377.74;0.04001;UNKNOWN
2016-01-20T01:47:15.000000;2016-01-20T01:47:15.000000;69918c44-78e2-4994-8e15-02061fc138be;377.92;2.0;UNKNOWN
2016-01-20T01:47:17.000000;2016-01-20T01:47:17.000000;8cbf6fa7-c4ca-4c65-871c-94c81f01fcdf;378.08;2.0;UNKNOWN
2016-01-20T01:47:21.000000;2016-01-20T01:47:21.000000;8bca5cd1-fc6d-48db-afd4-4bc890864626;378.12;2.0;UNKNOWN
2016-01-20T01:48:06.000000;2016-01-20T01:48:06.000000;4f3c23af-8452-4648-9611-6a9f1116b8e5;378.15;1.0;UNKNOWN
2016-01-20T01:48:07.000000;2016-01-20T01:48:07.000000;d8b94ad0-7662-4c0a-a644-33b44b7a954c;378.15;0.80940939;UNKNOWN
2016-01-20T01:48:30.000000;2016-01-20T01:48:30.000000;26312f10-77f7-46bc-9b45-4416a952efb8;378.05;2.0;UNKNOWN
2016-01-20T01:48:36.000000;2016-01-20T01:48:36.000000;654a2f89-9b1e-45de-9565-cc4f4cb55be1;378.06;1.5;UNKNOWN
2016-01-20T01:48:36.000000;2016-01-20T01:48:36.000000;3f6b3fa2-84c8-4c34-99ec-db088cb0614f;378.06;0.5;UNKNOWN
2016-01-20T01:48:39.000000;2016-01-20T01:48:39.000000;7f8f9c1a-4765-4a97-bf7e-7f73b2b240ac;378.03;2.0;UNKNOWN
2016-01-20T01:48:43.000000;2016-01-20T01:48:43.000000;a8b328bb-bab5-4482-abb3-00b258dd58a2;378.0;2.0;UNKNOWN
2016-01-20T01:48:45.000000;2016-01-20T01:48:45.000000;66bd4af9-cb09-41fb-9de0-9862aa4fe14c;377.99;2.0;UNKNOWN
2016-01-20T01:48:47.000000;2016-01-20T01:48:47.000000;eca3aec5-356d-4f9f-9773-e47911a1ab9b;378.03;0.76940939;UNKNOWN
2016-01-20T01:48:47.000000;2016-01-20T01:48:47.000000;417f09ce-300d-42d1-b437-2e4f0d78eff0;378.02;1.23059061;UNKNOWN
2016-01-20T01:48:57.000000;2016-01-20T01:48:57.000000;356ac5b6-f073-4cdb-b13d-da2b8946006c;378.3;0.04;UNKNOWN
2016-01-20T01:49:06.000000;2016-01-20T01:49:06.000000;2c64bea2-8c9b-44ad-8937-95beeb2915b2;378.11;1.0;UNKNOWN
2016-01-20T01:49:07.000000;2016-01-20T01:49:07.000000;c6781eef-4256-4637-b501-212bacdd6c44;378.3;0.52820858;UNKNOWN
2016-01-20T01:49:55.000000;2016-01-20T01:49:55.000000;17d04c88-435d-4fb2-9a48-62aeabcb57f9;378.08;6.5612;UNKNOWN
2016-01-20T01:49:55.000000;2016-01-20T01:49:55.000000;60cadef2-73d0-423f-95f2-38b47f20e54c;377.92;0.084;UNKNOWN
2016-01-20T01:49:55.000000;2016-01-20T01:49:55.000000;d22e3a21-0fd8-4580-ae47-4ce3ec986ad1;378.1;0.382184;UNKNOWN
2016-01-20T01:50:19.000000;2016-01-20T01:50:19.000000;0b459e6b-89a2-4cd5-b5ca-dc5c076bd399;377.45;0.37;UNKNOWN
2016-01-20T01:50:24.000000;2016-01-20T01:50:24.000000;2dbe565f-716c-4821-8232-be8fe073d476;377.46;0.37;UNKNOWN
2016-01-20T01:50:29.000000;2016-01-20T01:50:29.000000;635f0fc1-0d8e-492a-ae41-d231b44db773;377.44;0.12;UNKNOWN
2016-01-20T01:50:29.000000;2016-01-20T01:50:29.000000;5bf4b518-72d6-4746-a9c6-6394bbeceb31;377.43;0.37;UNKNOWN
2016-01-20T01:50:34.000000;2016-01-20T01:50:34.000000;ee241f6b-8281-4c9f-b834-48f893dd7715;377.41;0.13243556;UNKNOWN
2016-01-20T01:50:45.000000;2016-01-20T01:50:45.000000;c074ebae-9df9-4980-a94f-d9e44d4499e1;377.21;0.13;UNKNOWN
2016-01-20T01:50:45.000000;2016-01-20T01:50:45.000000;11f2e9b5-08d7-4f8a-ba66-0514151db16d;377.2;0.49;UNKNOWN
2016-01-20T01:50:45.000000;2016-01-20T01:50:45.000000;4510983d-1853-4a13-8464-21c9e229c61c;377.2;0.05;UNKNOWN
2016-01-20T01:50:54.000000;2016-01-20T01:50:54.000000;c905b80e-a593-42b6-856e-46ac5a3efa8e;377.69;0.199;UNKNOWN
2016-01-20T01:51:17.000000;2016-01-20T01:51:17.000000;2626b79f-2e84-4472-931e-e5dac4b2bc16;377.17;0.13260397;UNKNOWN
2016-01-20T01:51:30.000000;2016-01-20T01:51:30.000000;b2e9f993-8928-45e9-bbcf-1b0b68ba7521;377.64;0.199;UNKNOWN
2016-01-20T01:51:36.000000;2016-01-20T01:51:36.000000;16f0c5b4-de3d-4362-83c2-ab972d1f4f75;377.64;0.199;UNKNOWN
2016-01-20T01:51:45.000000;2016-01-20T01:51:45.000000;fced5d96-bb70-4e98-a8b8-bba27883a69f;377.64;0.102;UNKNOWN
2016-01-20T01:52:07.000000;2016-01-20T01:52:07.000000;0c8ffe45-e6c7-4329-ba6a-c0152cc621e6;377.58;0.199;UNKNOWN
2016-01-20T01:52:11.000000;2016-01-20T01:52:11.000000;61c35253-c8bc-499c-8bd1-da9cc6f7a5a4;377.56;0.032;UNKNOWN
2016-01-20T01:52:19.000000;2016-01-20T01:52:19.000000;dd7e386a-3793-445e-b8ed-85c4bdfd9a26;377.58;0.033;UNKNOWN
2016-01-20T01:52:26.000000;2016-01-20T01:52:26.000000;2340bcb0-f0f7-45eb-936d-905723b8f2cb;377.54;0.199;UNKNOWN
2016-01-20T01:53:16.000000;2016-01-20T01:53:16.000000;3623b5c3-fd34-47cd-823b-46c025c363c0;377.76;4.25228723;UNKNOWN
2016-01-20T01:53:57.000000;2016-01-20T01:53:57.000000;9542379a-673c-4244-8ec1-1f34c78d2603;377.55;0.17246287;UNKNOWN
2016-01-20T01:54:18.000000;2016-01-20T01:54:18.000000;0e14212c-4836-4ad2-a507-0ae4c7f9801e;377.57;0.13270945;UNKNOWN
2016-01-20T01:54:57.000000;2016-01-20T01:54:57.000000;d5a82ca7-c60c-42a5-bc28-15639dc46e52;377.62;0.13256533;UNKNOWN
2016-01-20T01:55:05.000000;2016-01-20T01:55:05.000000;b8f38cfa-be91-4d70-9e03-d1b76b76bf93;377.62;0.07979431;UNKNOWN
2016-01-20T01:55:47.000000;2016-01-20T01:55:47.000000;135ccfb3-b123-41f0-ae96-61546e3488af;377.62;0.13254077;UNKNOWN
2016-01-20T01:56:05.000000;2016-01-20T01:56:05.000000;d14c6984-0259-4d0e-871c-3ed4fb42a3a5;377.79;0.1;UNKNOWN
2016-01-20T01:56:05.000000;2016-01-20T01:56:05.000000;234ca69e-1179-4038-9303-e798e5d0ae15;377.62;0.02509959;UNKNOWN
2016-01-20T01:56:05.000000;2016-01-20T01:56:05.000000;d7944ad2-716e-40fc-8a5f-aceda31f4f73;377.61;0.90724829;UNKNOWN
2016-01-20T01:56:27.000000;2016-01-20T01:56:27.000000;f5a8e6ec-7ef0-4d45-8b25-86b0b31b0435;377.62;0.13254077;UNKNOWN
2016-01-20T01:58:05.000000;2016-01-20T01:58:05.000000;0b5d56bd-ff33-412e-a9b1-244cb079f669;377.61;0.025;UNKNOWN
2016-01-20T01:58:05.000000;2016-01-20T01:58:05.000000;0ff40700-7a3d-4acb-8490-80c5150c5afa;377.61;0.635847;UNKNOWN
2016-01-20T02:00:32.000000;2016-01-20T02:00:32.000000;3094aa17-8108-40f4-b5f3-d113d34490fd;377.68;0.5;UNKNOWN
2016-01-20T02:00:32.000000;2016-01-20T02:00:32.000000;5fa25260-cb62-49b4-87ec-2a7c854af10b;377.69;3.0;UNKNOWN
2016-01-20T02:00:32.000000;2016-01-20T02:00:32.000000;f67b0f45-6265-4e99-9dca-3be4acfd716f;377.69;1.5;UNKNOWN
2016-01-20T02:00:43.000000;2016-01-20T02:00:43.000000;367544ee-9e54-4a72-85d6-eb392e829b61;377.67;0.5;UNKNOWN
2016-01-20T02:00:55.000000;2016-01-20T02:00:55.000000;32c32118-d84b-4de5-baba-b01add0b98aa;377.69;4.5;UNKNOWN
2016-01-20T02:00:55.000000;2016-01-20T02:00:55.000000;8b36090f-d1a4-4cf3-9fce-4c797fac9bc7;377.62;0.5;UNKNOWN
2016-01-20T02:01:57.000000;2016-01-20T02:01:57.000000;9b2ab286-cdf7-4b8f-bbb0-fdff5fe84af2;377.6;0.03748352;UNKNOWN
2016-01-20T02:03:05.000000;2016-01-20T02:03:05.000000;fad0051a-fc2f-4ee4-a816-3c8c340c7b92;377.75;0.30936574;UNKNOWN
2016-01-20T02:03:23.000000;2016-01-20T02:03:23.000000;2c528089-6e5e-4751-a4b1-34187afe0670;377.75;0.4315272;UNKNOWN
2016-01-20T02:03:33.000000;2016-01-20T02:03:33.000000;84f82121-64bf-4c3d-ad4d-3f32cd6b1ae7;377.68;0.199;UNKNOWN
2016-01-20T02:03:33.000000;2016-01-20T02:03:33.000000;1667ea50-e82a-40d1-8e28-aa2dc24e6b97;377.6;1.801;UNKNOWN
2016-01-20T02:04:35.000000;2016-01-20T02:04:35.000000;f17b261c-5a09-4eb9-b33c-da3fd5e0d5c2;377.86;0.5;UNKNOWN
2016-01-20T02:05:15.000000;2016-01-20T02:05:15.000000;65ae02ef-56eb-42fa-8eb1-9562d5b76595;377.86;0.5;UNKNOWN
2016-01-20T02:06:05.000000;2016-01-20T02:06:05.000000;56e69611-5fd4-478b-bbcc-71f0bca67d9b;377.86;0.0399;UNKNOWN
2016-01-20T02:07:44.000000;2016-01-20T02:07:44.000000;fbbfc51b-72c7-49fe-a170-a46805767424;377.96;0.038;UNKNOWN
2016-01-20T02:09:05.000000;2016-01-20T02:09:05.000000;f3068251-4dd3-4340-8432-5c36a5d5a674;377.88;0.15;UNKNOWN
2016-01-20T02:10:44.000000;2016-01-20T02:10:44.000000;2eacab49-14e2-4558-8221-7744943c9098;377.9;9.9727;UNKNOWN
2016-01-20T02:11:07.000000;2016-01-20T02:11:07.000000;52e81627-c3f1-44e6-8328-36d30d83f6d2;377.9;0.09346522;UNKNOWN
2016-01-20T02:13:06.000000;2016-01-20T02:13:06.000000;73b6be90-ed41-41c4-91ac-fae6c307e2b4;377.9;0.64360004;UNKNOWN
2016-01-20T02:13:07.000000;2016-01-20T02:13:07.000000;77be07ef-abad-4234-ae44-e956552de7e2;377.9;0.28270218;UNKNOWN
2016-01-20T02:14:33.000000;2016-01-20T02:14:33.000000;8c235158-f90e-4363-8b6b-63620080a4e5;377.9;2.92;UNKNOWN
2016-01-20T02:16:09.000000;2016-01-20T02:16:09.000000;45bc0dc8-4125-49ea-84fd-7c2db9a9ee4a;377.95;2.18294933;UNKNOWN
2016-01-20T02:17:07.000000;2016-01-20T02:17:07.000000;30b73bf0-710d-4fa7-9aa2-b2c6376b8240;377.94;0.07881255;UNKNOWN
2016-01-20T02:17:15.000000;2016-01-20T02:17:15.000000;b045a29e-a320-45ed-9ae6-6ec9cdbccfe1;377.95;0.49133153;UNKNOWN
2016-01-20T02:17:15.000000;2016-01-20T02:17:15.000000;8580c066-30a0-4530-a1c4-2360dd498b4f;377.95;19.50866847;UNKNOWN
2016-01-20T02:17:38.000000;2016-01-20T02:17:38.000000;5150fa0e-a8aa-44db-b84e-9e7754dd5e38;377.94;0.22118745;UNKNOWN
2016-01-20T02:17:38.000000;2016-01-20T02:17:38.000000;580d8a34-280e-46c1-a958-670014da454f;377.94;1.9015693;UNKNOWN
2016-01-20T02:18:05.000000;2016-01-20T02:18:05.000000;38aed156-05bb-4665-b554-d13dde2f6b52;378.01;0.0804222;UNKNOWN
2016-01-20T02:20:05.000000;2016-01-20T02:20:05.000000;e2055a19-79ad-40aa-b218-bf12913bdbaf;377.98;0.3;UNKNOWN
2016-01-20T02:20:05.000000;2016-01-20T02:20:05.000000;4902a59b-11bf-4ccd-8edf-85025f5219a1;377.94;0.26676199;UNKNOWN
2016-01-20T02:20:06.000000;2016-01-20T02:20:06.000000;fbb5ccbf-c0e8-4329-aed3-b92695c4a6c6;378.01;0.4;UNKNOWN
2016-01-20T02:20:19.000000;2016-01-20T02:20:19.000000;5a366b54-48ad-41ef-99ca-74523a762215;378.02;2.4645712;UNKNOWN
2016-01-20T02:20:19.000000;2016-01-20T02:20:19.000000;633b2440-6f9c-4572-b856-995519911338;377.98;0.015851;UNKNOWN
2016-01-20T02:20:19.000000;2016-01-20T02:20:19.000000;3dc15c3e-9d9f-4360-8f49-9560bdbec2a0;378.01;1.4195778;UNKNOWN
2016-01-20T02:20:23.000000;2016-01-20T02:20:23.000000;07d8c45c-d72a-401c-9841-7a53444d49f3;377.94;0.03204;UNKNOWN
2016-01-20T02:21:58.000000;2016-01-20T02:21:58.000000;6dfd1cd9-1357-4ab9-b238-6f939946510a;377.99;0.145656;UNKNOWN
2016-01-20T02:22:26.000000;2016-01-20T02:22:26.000000;f5e0f136-67bf-49f3-8922-fc1b5264fe06;377.94;8.0;UNKNOWN
2016-01-20T02:22:45.000000;2016-01-20T02:22:45.000000;2cea5621-9cf7-450a-930d-124a8d2b395f;377.94;0.473905;UNKNOWN
2016-01-20T02:23:06.000000;2016-01-20T02:23:06.000000;d757897e-9e33-443a-a36b-7d6185c5c07a;378.02;0.231;UNKNOWN
2016-01-20T02:24:18.000000;2016-01-20T02:24:18.000000;36156a11-bd2b-4a45-89cf-639df2764015;378.0;0.93;UNKNOWN
2016-01-20T02:26:24.000000;2016-01-20T02:26:24.000000;31f5e73f-39d7-412f-ae33-bd2389484523;378.0;1.588326;UNKNOWN
2016-01-20T02:26:52.000000;2016-01-20T02:26:52.000000;5ca7b7be-75b4-41ac-9c46-80a5b14405eb;377.96;0.0325;UNKNOWN
2016-01-20T02:28:06.000000;2016-01-20T02:28:06.000000;b66c2c1a-bc76-44e9-8d65-0e2581667938;378.0;0.07723391;UNKNOWN
2016-01-20T02:28:35.000000;2016-01-20T02:28:35.000000;a67a9914-b8e3-45b3-9206-b0c1c04824b9;378.19;3.90928677;UNKNOWN
2016-01-20T02:28:35.000000;2016-01-20T02:28:35.000000;9951dee9-45ff-4ddb-ad06-e137611b2049;378.18;6.5364;UNKNOWN
2016-01-20T02:28:35.000000;2016-01-20T02:28:35.000000;d30c2b8e-175f-4a44-866a-fa24385a4768;378.0;7.40444009;UNKNOWN
2016-01-20T02:28:35.000000;2016-01-20T02:28:35.000000;71fcb4d9-5dae-47aa-b677-c9438338463b;378.02;2.14987314;UNKNOWN
2016-01-20T02:28:56.000000;2016-01-20T02:28:56.000000;48260958-d78f-4933-b55a-059fd60ad0fc;378.44;0.199;UNKNOWN
2016-01-20T02:29:05.000000;2016-01-20T02:29:05.000000;fdd7e0af-c7dc-49d3-9077-ca239d02d7ac;378.01;0.26688492;UNKNOWN
2016-01-20T02:30:05.000000;2016-01-20T02:30:05.000000;40a06db8-d0ee-4515-a28a-09cedd4dfb20;378.67;1.93239702;UNKNOWN
2016-01-20T02:31:04.000000;2016-01-20T02:31:04.000000;d7a0dc5a-4fb7-4cb8-bfcc-f50c132d60ea;378.83;0.05;UNKNOWN
2016-01-20T02:31:10.000000;2016-01-20T02:31:10.000000;7c9461c4-0ad0-4466-ae5d-a6b700884ec9;378.86;3.0;UNKNOWN
2016-01-20T02:31:13.000000;2016-01-20T02:31:13.000000;d96b71de-158f-4b0a-98f3-72aae171e6a1;378.86;28.9914;UNKNOWN
2016-01-20T02:31:13.000000;2016-01-20T02:31:13.000000;bd4548a1-8110-4dc3-b2db-d1cf07a3cb32;379.06;19.3583;UNKNOWN
2016-01-20T02:31:13.000000;2016-01-20T02:31:13.000000;6c9f9d74-cfe6-4db6-b447-2a3465a59f20;379.18;22.0;UNKNOWN
2016-01-20T02:31:13.000000;2016-01-20T02:31:13.000000;e8801763-f22e-496b-9f0c-55a7719c3b05;378.9;28.845;UNKNOWN
2016-01-20T02:31:13.000000;2016-01-20T02:31:13.000000;5472373e-e0e7-4842-a154-7ee01b8a8242;379.23;15.60690344;UNKNOWN
2016-01-20T02:31:13.000000;2016-01-20T02:31:13.000000;9837ae20-1cbb-4604-a92d-540ec1033793;378.85;6.5999;UNKNOWN
2016-01-20T02:31:13.000000;2016-01-20T02:31:13.000000;74072b4f-188c-4770-97a5-3fe48f2d58cc;379.2;0.05;UNKNOWN
2016-01-20T02:31:13.000000;2016-01-20T02:31:13.000000;fdcca934-07b2-4d0c-9b99-f0db04f53794;378.91;3.01706833;UNKNOWN
2016-01-20T02:31:22.000000;2016-01-20T02:31:22.000000;56fd3ef2-2be8-42b5-88e5-e2f76bf1c691;379.24;0.15102817;UNKNOWN
2016-01-20T02:31:22.000000;2016-01-20T02:31:22.000000;86950b7f-d484-481b-b561-cc39b8d0b39b;379.25;3.84897183;UNKNOWN
2016-01-20T02:33:01.000000;2016-01-20T02:33:01.000000;23cf6919-d4cc-4702-87ef-ad83121d7c01;379.03;6.5827;UNKNOWN
2016-01-20T02:33:01.000000;2016-01-20T02:33:01.000000;84d441e7-9b1e-454f-85b9-4220d965b4f4;379.04;6.15;UNKNOWN
2016-01-20T02:34:07.000000;2016-01-20T02:34:07.000000;03619aef-df9a-45ad-a311-febef381059a;379.11;0.11111414;UNKNOWN
2016-01-20T02:34:08.000000;2016-01-20T02:34:08.000000;80e858f5-12b4-4178-af61-7a167dfe9727;379.11;1.0;UNKNOWN
2016-01-20T02:34:36.000000;2016-01-20T02:34:36.000000;c806246c-da2b-446a-8ba4-9d4f23dc5b4b;379.18;0.152;UNKNOWN
2016-01-20T02:34:47.000000;2016-01-20T02:34:47.000000;fce67191-c6cd-41fd-a7ff-17aac6c3b959;379.14;15.9914;UNKNOWN
2016-01-20T02:34:50.000000;2016-01-20T02:34:50.000000;fff44cbe-3e0f-47a1-875d-12aada1b0e85;379.11;6.5809;UNKNOWN
2016-01-20T02:35:04.000000;2016-01-20T02:35:04.000000;38925746-bd5e-4710-a3f0-aaba6c9e60f4;379.11;3.69201414;UNKNOWN
2016-01-20T02:35:04.000000;2016-01-20T02:35:04.000000;f15fb4ac-b275-4daf-8efe-6784b4e134be;379.11;1.30798586;UNKNOWN
2016-01-20T02:35:06.000000;2016-01-20T02:35:06.000000;caf8f0a8-ad8c-4f41-910d-0fc83be44405;379.12;7.0611;UNKNOWN
2016-01-20T02:35:06.000000;2016-01-20T02:35:06.000000;45ff0fad-4bd8-4c18-91db-359bed9dba97;379.11;1.08403882;UNKNOWN
2016-01-20T02:35:06.000000;2016-01-20T02:35:06.000000;2dd0b4d7-ae75-4464-97c3-6ff3e53a1e6b;379.11;1.22350476;UNKNOWN
2016-01-20T02:35:07.000000;2016-01-20T02:35:07.000000;acd207d5-f7f0-49eb-a070-0cbe9d98ccfb;379.29;1.14770388;UNKNOWN
2016-01-20T02:35:07.000000;2016-01-20T02:35:07.000000;44b38d78-7a29-40e6-8134-331e5f32b4b8;379.29;0.01;UNKNOWN
2016-01-20T02:35:08.000000;2016-01-20T02:35:08.000000;7299a5e3-d74c-43ec-bb7d-168d2f619a97;379.29;2.0;UNKNOWN
2016-01-20T02:35:55.000000;2016-01-20T02:35:55.000000;8f9a58b0-e2d8-4865-b63f-4083307cc4a5;379.28;3.0;UNKNOWN
2016-01-20T02:36:05.000000;2016-01-20T02:36:05.000000;4ee31959-111c-4ebd-b29f-663dced5b7e9;379.2;1.26145608;UNKNOWN
2016-01-20T02:36:17.000000;2016-01-20T02:36:17.000000;906d15a8-5140-4641-a60b-04803b50c539;379.2;9.0;UNKNOWN
