time_exchange;time_coinpai;guid;price;base_amount;taker_side
2016-01-20T00:00:00.917000;2016-01-20T00:00:00.940000;3d1bfb8f-c089-403c-8b42-e5723728e20a;375.28;0.01;BUY
2016-01-20T00:00:00.917000;2016-01-20T00:00:00.957000;8c0c254f-a2a2-462e-bc1c-ee2eba8757b6;375.28;0.01;BUY
2016-01-20T00:00:00.917000;2016-01-20T00:00:00.957000;9ab7a881-69f4-4abe-887a-97b6b0ffbddf;375.28;1.646;BUY
2016-01-20T00:00:00.917000;2016-01-20T00:00:00.957000;df9588b9-78cb-41b1-a42e-357636968dc2;375.29;0.57911;BUY
2016-01-20T00:00:00.917000;2016-01-20T00:00:00.990000;c552d427-6760-4b3a-bdaf-c28e270f93e9;375.29;0.971;BUY
2016-01-20T00:00:00.917000;2016-01-20T00:00:00.990000;ac749d13-5c67-4adb-8b56-8be970ca51ad;375.29;3.05468;BUY
2016-01-20T00:00:02.973000;2016-01-20T00:00:03.003000;37b8a6b1-9f4b-4bfb-bc14-41491299686d;375.29;0.59616447;BUY
2016-01-20T00:00:02.973000;2016-01-20T00:00:03.020000;2ef923f9-831c-435a-9194-227d047c924d;375.29;0.01;BUY
2016-01-20T00:00:02.973000;2016-01-20T00:00:03.020000;50b84b3d-7710-4247-a00a-11e0f30aff87;375.3;0.4;BUY
2016-01-20T00:00:02.973000;2016-01-20T00:00:03.020000;3c86e3ea-3343-492c-a4f0-0f86f6b0ff4a;375.3;0.01;BUY
2016-01-20T00:00:02.973000;2016-01-20T00:00:03.020000;a0ec4ed0-3a68-474f-ae91-c41ddbd8f178;375.32;1.135;BUY
2016-01-20T00:00:02.973000;2016-01-20T00:00:03.037000;298c4a78-f241-49f0-b774-69c43be23e6e;375.37;0.01;BUY
2016-01-20T00:00:02.973000;2016-01-20T00:00:03.037000;59654c7a-c078-4d35-b3e9-777acc21e2ee;375.39;0.50430553;BUY
2016-01-20T00:00:32.160000;2016-01-20T00:00:32.190000;9d8aeb16-c44a-4fcb-aa95-e6e9c82d5870;375.45;0.01;BUY
2016-01-20T00:00:32.160000;2016-01-20T00:00:32.207000;e903c61d-4517-48dc-8ab6-a16b84091e1c;375.45;0.11602;BUY
2016-01-20T00:01:01.713000;2016-01-20T00:01:01.753000;50530e55-82d5-4fce-a6dd-085072330908;375.45;10.0;SELL
2016-01-20T00:01:01.713000;2016-01-20T00:01:01.770000;de6ed1b7-cd00-44ce-8432-9e900bf2fa06;375.33;0.01;SELL
2016-01-20T00:01:01.713000;2016-01-20T00:01:01.770000;cfee03f9-936c-40d8-b41d-104f5f33bd96;375.23;0.89;SELL
2016-01-20T00:01:01.713000;2016-01-20T00:01:01.770000;c39cdcc5-e545-49a8-8251-4d817eb6da1f;375.19;1.06;SELL
2016-01-20T00:01:01.713000;2016-01-20T00:01:01.770000;6c912865-e94c-4325-89d2-25cbcc34ee51;375.16;0.01;SELL
2016-01-20T00:01:01.717000;2016-01-20T00:01:01.770000;5c68833d-b89a-4879-9be0-3bc2a8658638;375.13;1.033;SELL
2016-01-20T00:01:01.717000;2016-01-20T00:01:01.770000;732c89ef-b279-41e4-b450-561ab20f527e;375.08;0.804;SELL
2016-01-20T00:01:01.717000;2016-01-20T00:01:01.800000;67772299-c438-4902-8237-9eebc8d955ac;374.9;0.01;SELL
2016-01-20T00:01:01.717000;2016-01-20T00:01:01.847000;5b6ff321-7de7-400e-8ca2-5ecaee7f8dd2;374.9;0.34;SELL
2016-01-20T00:01:01.717000;2016-01-20T00:01:01.847000;955f3489-e521-441d-9e3f-d929d2b45f4c;374.74;0.01;SELL
2016-01-20T00:01:01.717000;2016-01-20T00:01:01.847000;4d064397-dd7c-4f6f-b2e1-a9bb7984d1f9;374.52;0.01;SELL
2016-01-20T00:01:01.717000;2016-01-20T00:01:01.847000;9637f30e-816b-4921-94f7-66eae341011f;374.52;0.723;SELL
2016-01-20T00:01:01.717000;2016-01-20T00:01:01.847000;efc0e140-d026-455d-9eee-8e2d57a14473;374.32;0.0199;SELL
2016-01-20T00:01:01.717000;2016-01-20T00:01:01.847000;48c077e7-670d-4124-9186-c025ee866ea2;374.26;0.01;SELL
2016-01-20T00:01:01.717000;2016-01-20T00:01:01.847000;eac1ade9-16d7-4951-bc14-829fbd8cb656;374.21;0.01;SELL
2016-01-20T00:01:01.717000;2016-01-20T00:01:01.847000;05034507-74e7-4f41-84a7-050072b2cd67;374.2;0.05;SELL
2016-01-20T00:01:01.717000;2016-01-20T00:01:01.847000;b9f12e40-c9b1-446a-9235-030a2339850e;374.2;0.3452;SELL
2016-01-20T00:01:01.717000;2016-01-20T00:01:01.847000;527448a2-3053-49c9-9829-18c87b8e8adb;374.12;0.01;SELL
2016-01-20T00:01:01.717000;2016-01-20T00:01:01.847000;8a9efdcd-a814-4f13-8d52-b28462a21043;374.12;0.64;SELL
2016-01-20T00:01:01.717000;2016-01-20T00:01:01.847000;e1a84af7-47e3-45db-b038-2b2858402aea;374.05;0.02;SELL
2016-01-20T00:01:01.717000;2016-01-20T00:01:01.847000;ce100683-2413-4fd8-9895-2ec1bcef84ba;373.99;2.3202;SELL
2016-01-20T00:01:01.717000;2016-01-20T00:01:01.847000;148773d2-6861-4a43-ba03-a17a1aaa781c;373.98;23.87;SELL
2016-01-20T00:01:01.717000;2016-01-20T00:01:01.847000;1111b4be-65ec-446c-be4a-734ea14f70d0;373.95;0.01;SELL
2016-01-20T00:01:01.717000;2016-01-20T00:01:01.847000;b901fbfb-f580-4485-b2ef-9182075076ab;373.93;0.01;SELL
2016-01-20T00:01:01.717000;2016-01-20T00:01:01.847000;bce15dc4-f337-431f-a0f6-9510bde7993a;373.93;0.642;SELL
2016-01-20T00:01:01.717000;2016-01-20T00:01:01.847000;bdd77e24-5d7d-4e9a-80a2-8a419908c5e8;373.88;0.4106;SELL
2016-01-20T00:01:01.717000;2016-01-20T00:01:01.847000;80f8393d-3122-497f-bead-936de39f0248;373.75;0.01;SELL
2016-01-20T00:01:01.717000;2016-01-20T00:01:01.847000;3e42b34e-28c6-4849-881a-1abc937fbd65;373.65;0.1;SELL
2016-01-20T00:01:01.717000;2016-01-20T00:01:01.847000;f69379fd-f48c-438d-bdea-1996d55e0de7;373.55;0.567;SELL
2016-01-20T00:01:01.720000;2016-01-20T00:01:01.847000;f505e551-0d09-4a69-8db9-a05a2f649309;373.48;0.01;SELL
2016-01-20T00:01:01.720000;2016-01-20T00:01:01.847000;0556a0c1-4f91-4d0f-83cc-13ec09e76d3c;373.45;0.05;SELL
2016-01-20T00:01:01.720000;2016-01-20T00:01:01.847000;c59d8da1-2a0b-4348-b040-e8e81243041e;373.34;0.01;SELL
2016-01-20T00:01:01.720000;2016-01-20T00:01:01.880000;872a3e02-dbe4-4df6-a5a6-04859f12250e;373.34;1.0;SELL
2016-01-20T00:01:01.720000;2016-01-20T00:01:01.880000;72f15b99-9c92-4f39-a07a-75e5aa337367;373.34;0.0206;SELL
2016-01-20T00:01:01.720000;2016-01-20T00:01:01.880000;6ee80441-4ecd-4bfd-959f-9d68ad99d479;373.26;2.8;SELL
2016-01-20T00:01:01.720000;2016-01-20T00:01:01.880000;fd9b8a89-dad1-47b3-8d19-095924190e1a;373.25;2.1645;SELL
2016-01-20T00:01:02.753000;2016-01-20T00:01:02.787000;90dcea3d-3bf9-402c-9526-95c32b64f291;375.43;8.65;BUY
2016-01-20T00:01:02.753000;2016-01-20T00:01:02.800000;5adcba7c-b555-4561-824a-d04d07a38c86;375.44;0.01;BUY
2016-01-20T00:01:02.940000;2016-01-20T00:01:02.973000;fea81207-555d-4f08-bd23-e408521c0e54;375.42;0.01;BUY
2016-01-20T00:01:04.107000;2016-01-20T00:01:04.143000;43d2c2bc-18ec-4b4b-b8e1-86bf509e0277;375.4;0.01;BUY
2016-01-20T00:01:04.107000;2016-01-20T00:01:04.143000;e4cd3d46-a89c-4c05-8359-e0536c6716b2;375.41;0.01;BUY
2016-01-20T00:01:04.107000;2016-01-20T00:01:04.143000;6a1bf97f-350f-4db3-b889-e5e6c807b0bd;375.42;0.25;BUY
2016-01-20T00:01:04.107000;2016-01-20T00:01:04.160000;6b0a8b0f-5cb4-46a9-b4d2-ce9ffa4ccec9;375.43;0.0349;BUY
2016-01-20T00:01:04.227000;2016-01-20T00:01:04.270000;7e96c990-7193-4a7a-8104-145aaf128d79;375.38;0.01;BUY
2016-01-20T00:01:04.307000;2016-01-20T00:01:04.347000;f3d2cba0-5e53-4aff-95e7-e4a390bf30d8;375.22;0.01;BUY
2016-01-20T00:01:04.567000;2016-01-20T00:01:04.597000;2f05096e-bd77-42d8-98b9-065711a03428;375.37;0.02;SELL
2016-01-20T00:01:31.743000;2016-01-20T00:01:31.770000;03fd33ae-0108-4690-9c3c-cdfeadf41a05;375.39;10.0;SELL
2016-01-20T00:01:31.743000;2016-01-20T00:01:31.800000;296e3809-87b4-41fa-84e9-bd075dcc8627;375.39;8.65;SELL
2016-01-20T00:01:31.743000;2016-01-20T00:01:31.800000;74513458-99bc-49b1-b5e3-1ec54c9dd7e6;375.26;0.35;SELL
2016-01-20T00:01:31.743000;2016-01-20T00:01:31.800000;8f37735e-0636-4e5b-a115-f589f6113c17;375.13;0.01;SELL
2016-01-20T00:01:31.743000;2016-01-20T00:01:31.800000;22edd946-cb3a-49e7-8c4c-94b1e6300f03;374.89;0.01;SELL
2016-01-20T00:01:31.743000;2016-01-20T00:01:31.800000;3c4eeb6e-0436-417c-8b6a-20964c3a3c13;374.89;0.782;SELL
2016-01-20T00:01:31.743000;2016-01-20T00:01:31.817000;3ec9e6ff-b818-4b11-9611-aa877f1d1a56;374.79;0.0201;SELL
2016-01-20T00:01:31.743000;2016-01-20T00:01:31.817000;5ce46771-ab97-4310-bf59-5219746e9121;374.7;0.01;SELL
2016-01-20T00:01:31.743000;2016-01-20T00:01:31.817000;0c901cae-2f89-4ba0-a2b3-aea24586d082;374.48;0.01;SELL
2016-01-20T00:01:31.743000;2016-01-20T00:01:31.817000;3a374299-8d5a-4c33-baaf-f7add18d1a42;374.27;0.01;SELL
2016-01-20T00:01:31.743000;2016-01-20T00:01:31.880000;5bd83b44-5d17-4b43-8b3b-967dfa33d961;374.2;0.05;SELL
2016-01-20T00:01:31.743000;2016-01-20T00:01:31.880000;0615aeb2-cb50-4444-a519-b48fb95ba3c4;374.2;0.642;SELL
2016-01-20T00:01:31.747000;2016-01-20T00:01:31.880000;af579766-817f-429d-91ec-ff983dc1410a;374.07;0.01;SELL
2016-01-20T00:01:31.747000;2016-01-20T00:01:31.880000;c7564034-07f0-4576-ab20-6f8b19fe0314;374.05;0.02;SELL
2016-01-20T00:01:31.747000;2016-01-20T00:01:31.880000;4f6c311c-f5a5-402c-9c47-27c015cb561d;373.92;0.01;SELL
2016-01-20T00:01:31.747000;2016-01-20T00:01:31.880000;a59ba339-4203-4c97-9e95-a55cb8623d5e;373.92;0.82;SELL
2016-01-20T00:01:31.747000;2016-01-20T00:01:31.880000;005c3b39-5e00-4b57-8d67-5cbc5e40a303;373.68;0.01;SELL
2016-01-20T00:01:31.747000;2016-01-20T00:01:31.880000;85d736d4-ce31-4a10-92d3-3875a57e3ed2;373.55;7.78285;SELL
2016-01-20T00:01:33.727000;2016-01-20T00:01:33.753000;162d3f94-ff67-49d3-80de-737231ddcb66;375.2;0.02;SELL
2016-01-20T00:02:01.987000;2016-01-20T00:02:02.020000;3c31b55f-0344-4f3d-908c-ccc8d91ff9bb;375.2;2.59613;SELL
2016-01-20T00:02:31.910000;2016-01-20T00:02:31.940000;85fb4be3-68d5-4a3d-b509-8969fa2189cb;375.12;1.03224;BUY
2016-01-20T00:02:59.377000;2016-01-20T00:02:59.393000;a8c5c1b7-ad2a-4827-9d70-d2d6f3da8f04;375.12;0.4;BUY
2016-01-20T00:03:02.017000;2016-01-20T00:03:02.050000;2fe3dea7-2056-4726-9e88-e13a33a74013;375.12;1.41;BUY
2016-01-20T00:03:02.017000;2016-01-20T00:03:02.050000;e498567e-8b05-4ea5-8b44-3736c93201f5;375.12;4.26264;BUY
2016-01-20T00:03:31.567000;2016-01-20T00:03:31.597000;aef8a613-615b-403b-8523-2603ede25270;375.12;0.66454;BUY
2016-01-20T00:04:01.523000;2016-01-20T00:04:01.550000;5957ad78-3f8b-4f0d-9f38-de37b756684b;375.12;0.27582;BUY
2016-01-20T00:04:01.523000;2016-01-20T00:04:01.567000;69597291-3464-42ad-8d0a-915eebf2e0ad;375.12;0.2;BUY
2016-01-20T00:04:01.523000;2016-01-20T00:04:01.567000;4e1db17c-016f-43bb-b534-a76483a9a60d;375.12;2.1645;BUY
2016-01-20T00:04:01.523000;2016-01-20T00:04:01.567000;8758c6ff-fc8d-4229-ac4e-f2dbebb76f9e;375.12;1.772;BUY
2016-01-20T00:04:01.523000;2016-01-20T00:04:01.567000;909f0d9e-d46d-4b2a-b0f6-2dda2883eb3f;375.12;0.31;BUY
2016-01-20T00:04:01.527000;2016-01-20T00:04:01.567000;43648fe3-1b62-4e68-9100-66bd2ebe6880;375.12;1.1;BUY
2016-01-20T00:04:01.527000;2016-01-20T00:04:01.567000;c5d6f8f1-e30a-409f-a90a-36dc3222bac7;375.12;0.63835;BUY
2016-01-20T00:04:08.073000;2016-01-20T00:04:08.130000;d0b3cc5e-9d5a-4768-aed5-bd36b6d54d02;375.12;0.03;BUY
2016-01-20T00:04:08.073000;2016-01-20T00:04:08.130000;3176d54a-e4dd-49a1-9a99-c57607535ce4;375.12;0.1;BUY
2016-01-20T00:04:31.440000;2016-01-20T00:04:31.457000;35af4b35-33b2-4f18-a63f-0a94d7bf1791;375.12;0.04756;BUY
2016-01-20T00:05:02.167000;2016-01-20T00:05:02.207000;f4003b78-5c43-478a-811e-fc87a70933d1;375.12;0.01628;BUY
2016-01-20T00:05:32.307000;2016-01-20T00:05:32.333000;f8b19937-6053-4ec4-a786-7f53f2a88cf7;375.12;0.08616;BUY
2016-01-20T00:05:32.307000;2016-01-20T00:05:32.333000;a9bf00dc-8ffb-46b7-9cbd-66ac81e65e03;375.12;1.022;BUY
2016-01-20T00:05:32.307000;2016-01-20T00:05:32.333000;eeb772b0-26c8-4ffd-994b-6724950d894c;375.12;4.96471;BUY
2016-01-20T00:05:56.677000;2016-01-20T00:05:56.693000;fcc4cb16-120e-4a54-981d-91c0bb1715f7;375.11;0.01;SELL
2016-01-20T00:06:01.613000;2016-01-20T00:06:01.643000;9df678ff-75ea-4301-9720-ddd66277d747;374.95;0.01;SELL
2016-01-20T00:06:01.613000;2016-01-20T00:06:01.643000;feeee847-988c-45a4-aef6-729d6afa9329;374.94;0.01;SELL
2016-01-20T00:06:01.613000;2016-01-20T00:06:01.660000;5b2b0f67-ac84-4214-93a7-8506f0fd47c8;374.93;0.01;SELL
2016-01-20T00:06:01.613000;2016-01-20T00:06:01.660000;3ef4e415-00da-4445-b272-3bdb67363197;374.69;0.01;SELL
2016-01-20T00:06:01.613000;2016-01-20T00:06:01.660000;23b7d962-8cb4-4e22-9bca-1cfb84ea1b02;374.68;0.17194;SELL
2016-01-20T00:06:19.150000;2016-01-20T00:06:19.160000;e1378ef4-f336-4eb7-8b7e-be0f28ecad57;374.56;0.01;SELL
2016-01-20T00:06:27.110000;2016-01-20T00:06:27.130000;f05e131e-fa95-4c29-9975-54c61bcd8c87;374.55;1.1;SELL
2016-01-20T00:06:27.110000;2016-01-20T00:06:27.143000;08b9cf5b-e606-4991-8a06-808dc5881f1b;374.51;5.21;SELL
2016-01-20T00:06:27.110000;2016-01-20T00:06:27.143000;f30c91bf-f268-417a-8741-a72939b0dec4;374.5;3.69;SELL
2016-01-20T00:06:31.657000;2016-01-20T00:06:31.677000;0d53240f-ab6d-4bde-9891-58e57d091bf6;374.51;0.25;BUY
2016-01-20T00:06:31.657000;2016-01-20T00:06:31.693000;a6c078dd-059e-490e-8b33-fb5529135af5;374.51;1.6102;BUY
2016-01-20T00:06:36.967000;2016-01-20T00:06:36.990000;205da3ba-4305-4f23-85d3-dd379a635806;374.5;0.01;SELL
2016-01-20T00:06:36.967000;2016-01-20T00:06:37.003000;57807165-2f42-494c-b089-ce677fac8275;374.5;0.49;SELL
2016-01-20T00:07:01.667000;2016-01-20T00:07:01.693000;4cba8d9e-011c-4097-a543-0d2f0dff3c59;374.51;0.25;BUY
2016-01-20T00:07:01.667000;2016-01-20T00:07:01.693000;88d6ee91-e17e-4eef-b35b-38b3c9e20936;374.54;0.137;BUY
2016-01-20T00:07:01.667000;2016-01-20T00:07:01.707000;88c20633-8d48-49e2-93d6-2a462dec2841;374.55;0.157;BUY
2016-01-20T00:07:01.667000;2016-01-20T00:07:01.707000;6a00f6ed-70a8-4c8d-9543-796280ba73e5;374.57;0.157;BUY
2016-01-20T00:07:01.667000;2016-01-20T00:07:01.707000;87b6092f-8dde-4318-9425-d15fba3de641;374.58;0.3;BUY
2016-01-20T00:07:01.667000;2016-01-20T00:07:01.707000;406ce29b-149e-4662-96e9-5eda7a2633c8;374.59;0.4;BUY
2016-01-20T00:07:01.667000;2016-01-20T00:07:01.707000;b267b99c-7645-4d8e-b62f-efdde5fabb64;374.68;0.01;BUY
2016-01-20T00:07:01.667000;2016-01-20T00:07:01.707000;373ea43e-d99a-4a87-9973-baaa57dcd121;374.73;0.78633;BUY
2016-01-20T00:07:02.937000;2016-01-20T00:07:02.957000;060b26c1-e029-460f-8004-d881411ed7dc;374.73;0.01;BUY
2016-01-20T00:07:13.513000;2016-01-20T00:07:13.537000;41b3ed4f-a38d-4a1e-9949-8fd48e84c6cc;374.51;0.18;BUY
2016-01-20T00:07:20.013000;2016-01-20T00:07:20.020000;2862f0ad-d19e-4a69-a471-dc74594d67c7;374.51;0.07;BUY
2016-01-20T00:07:31.467000;2016-01-20T00:07:31.490000;ff548a58-2601-47d7-8e0e-58902954adaf;374.68;0.25;BUY
2016-01-20T00:07:31.467000;2016-01-20T00:07:31.503000;1688ed17-6c2a-4e71-8d9b-73b9beb07d9d;374.69;0.01948;BUY
2016-01-20T00:07:35.397000;2016-01-20T00:07:35.410000;3562a05c-1d5d-44d3-967b-6cc5a0ba1eb8;374.55;3.28;SELL
2016-01-20T00:07:35.397000;2016-01-20T00:07:35.427000;c780168e-ba7a-4137-9222-763825e8d15e;374.54;0.33;SELL
2016-01-20T00:07:35.397000;2016-01-20T00:07:35.427000;b10eb394-413a-4e95-be36-5b8a98366721;374.5;0.29568613;SELL
2016-01-20T00:08:01.490000;2016-01-20T00:08:01.503000;90c2172b-629f-4a72-9a52-4139360ff26f;374.63;0.06329;BUY
2016-01-20T00:08:02.617000;2016-01-20T00:08:02.630000;b7b8b3ee-071e-4302-90ce-6f92abbfdac6;374.63;0.01;BUY
2016-01-20T00:08:06.983000;2016-01-20T00:08:07.003000;c6f761ed-4a03-488b-a919-707904b5bb7f;374.63;0.114;BUY
2016-01-20T00:08:22.573000;2016-01-20T00:08:22.583000;67d84a6a-09b7-43ed-b9e2-ddab0b2cce08;374.63;0.01;BUY
2016-01-20T00:08:28.013000;2016-01-20T00:08:28.037000;18fe54e4-8d35-4324-a71e-0cc8f39da54b;374.63;0.09;BUY
2016-01-20T00:08:32.043000;2016-01-20T00:08:32.067000;3e735e97-e101-441d-8d36-2b813eaf03d2;374.56;0.01;SELL
2016-01-20T00:08:32.043000;2016-01-20T00:08:32.067000;37536182-be48-4ae2-9171-8627051159e9;374.55;0.0148;SELL
2016-01-20T00:08:32.047000;2016-01-20T00:08:32.067000;27e72702-a888-4a4d-b9cf-9ef11a19cddf;374.48;0.01;SELL
2016-01-20T00:08:32.047000;2016-01-20T00:08:32.067000;3081e990-31b5-42c2-91f2-4077f50cdc1a;374.41;0.079;SELL
2016-01-20T00:08:32.047000;2016-01-20T00:08:32.083000;bfe9102c-32b1-4f0d-8b38-ed67936128cb;374.4;10.0;SELL
2016-01-20T00:08:32.047000;2016-01-20T00:08:32.083000;02bafd59-c8bc-4b3a-bda0-ea76ba1c3973;374.39;0.104;SELL
2016-01-20T00:08:32.047000;2016-01-20T00:08:32.083000;367a1261-0f0b-4827-8618-48aa8183818f;374.35;0.01;SELL
2016-01-20T00:08:32.047000;2016-01-20T00:08:32.083000;688cd7ea-79e6-4c2b-91e5-98abec3689e6;374.34;0.102;SELL
2016-01-20T00:08:32.047000;2016-01-20T00:08:32.160000;ecdc1110-44da-4cb3-b9f0-c0b0b7029c07;374.16;0.0199;SELL
2016-01-20T00:08:32.047000;2016-01-20T00:08:32.160000;e800a09d-b7b3-45e8-bbc6-a9c8fae1e46a;374.15;0.292;SELL
2016-01-20T00:08:32.047000;2016-01-20T00:08:32.160000;f309e04c-b20b-4aa2-aa86-8d5d0e788965;374.08;0.01;SELL
2016-01-20T00:08:32.047000;2016-01-20T00:08:32.160000;856ec558-d3e7-41f9-b673-18fb76b2f18c;374.05;0.02;SELL
2016-01-20T00:08:32.047000;2016-01-20T00:08:32.160000;7ea61f21-a125-4d77-be14-b30d8bc13212;373.94;0.01;SELL
2016-01-20T00:08:32.047000;2016-01-20T00:08:32.160000;f2cb8faf-75a9-471b-ab62-f03ab6393f7a;373.67;0.01;SELL
2016-01-20T00:08:32.047000;2016-01-20T00:08:32.160000;c50191e4-7b4a-4f32-ac1e-c3182c93a4f5;373.67;1.38;SELL
2016-01-20T00:08:32.047000;2016-01-20T00:08:32.160000;275bb290-4d8b-4908-bd3b-2369205735c7;373.57;0.6;SELL
2016-01-20T00:08:32.047000;2016-01-20T00:08:32.160000;7f34d8f0-7c79-42d5-b1bd-117002490219;373.56;0.896;SELL
2016-01-20T00:08:32.047000;2016-01-20T00:08:32.160000;2352d861-8411-40ec-84c3-59d7c8264c3d;373.52;0.01;SELL
2016-01-20T00:08:32.050000;2016-01-20T00:08:32.160000;5f92add0-3565-40ac-a46a-594a2606c21d;373.46;1.1;SELL
2016-01-20T00:08:32.050000;2016-01-20T00:08:32.160000;8a359089-6b08-438c-be39-322ae331b0ed;373.45;0.05;SELL
2016-01-20T00:08:32.050000;2016-01-20T00:08:32.160000;1df7e342-f567-456b-9209-43d01cc3ce45;373.31;3.4;SELL
2016-01-20T00:08:32.050000;2016-01-20T00:08:32.160000;983d23f9-7200-47be-9005-3c59d529a34c;373.3;0.01;SELL
2016-01-20T00:08:32.050000;2016-01-20T00:08:32.160000;eead590e-1c26-4505-aac7-5f02745adbcd;373.29;1.53742;SELL
2016-01-20T00:08:54.917000;2016-01-20T00:08:54.927000;d23ba5aa-d3c2-4fbf-ba14-36f3dc9358c7;374.45;0.03848836;BUY
2016-01-20T00:09:00.953000;2016-01-20T00:09:00.957000;5b28d39e-7ca5-40c0-bc21-ac11aae02030;374.45;0.01151164;BUY
2016-01-20T00:09:00.953000;2016-01-20T00:09:00.973000;f96d1592-7e95-4414-a098-fdfde4adef7f;374.45;5.21594836;BUY
2016-01-20T00:09:01.097000;2016-01-20T00:09:01.113000;9b49f265-83b6-4b9e-8378-36854de3c4a5;374.49;3.43;BUY
2016-01-20T00:09:01.687000;2016-01-20T00:09:01.707000;95e94ee3-83f4-4d44-a422-ac3bc0e185a8;374.5;0.01;BUY
2016-01-20T00:09:01.687000;2016-01-20T00:09:01.707000;cf806e2a-fdda-4ca2-88bc-cb5fb509236d;374.53;0.31506;BUY
2016-01-20T00:09:02.223000;2016-01-20T00:09:02.240000;4704c27e-7506-42cb-bcc1-8ea129c8fa6c;374.53;0.01;BUY
2016-01-20T00:09:02.363000;2016-01-20T00:09:02.380000;d4366686-79aa-4b72-ba34-94b9d7a77736;374.53;0.01;BUY
2016-01-20T00:09:15.233000;2016-01-20T00:09:15.240000;26edf531-f7b3-4c71-a978-8b86dacd5777;374.58;0.01;BUY
2016-01-20T00:09:15.233000;2016-01-20T00:09:15.253000;d386f379-1ede-4b67-ba34-9984b2b8425d;374.58;1.001e-05;BUY
2016-01-20T00:09:31.467000;2016-01-20T00:09:31.473000;0819df2d-5c01-429e-bf82-e68c0a109690;374.59;0.01;BUY
2016-01-20T00:09:31.467000;2016-01-20T00:09:31.490000;e37b82ea-8902-40cb-be3b-14c01158410e;374.59;0.11;BUY
2016-01-20T00:09:31.467000;2016-01-20T00:09:31.490000;25782bb0-4dd9-4cbc-be04-39558ce7e6d1;374.6;0.01;BUY
2016-01-20T00:09:31.467000;2016-01-20T00:09:31.490000;39c4af0f-378d-4433-9ccc-f80a2b935d55;374.6;0.01;BUY
2016-01-20T00:09:31.470000;2016-01-20T00:09:31.503000;6ba91f4b-458c-47ac-8cdb-0aade9eeefda;374.61;0.01;BUY
2016-01-20T00:09:31.470000;2016-01-20T00:09:31.503000;bb9e0c84-88ef-49a1-aa03-ff86a1e7223a;374.62;0.01;BUY
2016-01-20T00:09:31.470000;2016-01-20T00:09:31.503000;b23773f8-4eaf-47cc-a77c-a091f116ee1a;374.63;0.111;BUY
2016-01-20T00:09:31.470000;2016-01-20T00:09:31.520000;f600aec4-ff5f-499d-a2f4-23d773cb6873;374.68;0.072;BUY
2016-01-20T00:09:31.470000;2016-01-20T00:09:31.520000;96ca732c-d9ae-4d28-a6c3-35920a88276c;374.7;0.3;BUY
2016-01-20T00:09:31.470000;2016-01-20T00:09:31.520000;87a08c1d-ad16-4031-9e05-3c712cb31c0e;374.73;0.109;BUY
2016-01-20T00:09:31.470000;2016-01-20T00:09:31.567000;e2f2cd34-e2e1-482c-8189-1824fac46f56;374.74;0.01;BUY
2016-01-20T00:09:31.470000;2016-01-20T00:09:31.567000;7a3a3ffb-b07a-49eb-8153-35d591f09ce2;374.74;0.01;BUY
2016-01-20T00:09:31.470000;2016-01-20T00:09:31.583000;8043f85c-d4bd-4206-b486-083cbd9dfc74;374.77;0.1;BUY
2016-01-20T00:09:31.470000;2016-01-20T00:09:31.583000;2439f9a0-6bd6-4179-9513-2d57e59242c5;374.78;0.079;BUY
2016-01-20T00:09:31.470000;2016-01-20T00:09:31.583000;0f1d620e-a469-48c2-ac95-53c1bc9cd271;374.78;0.61123;BUY
2016-01-20T00:10:02.160000;2016-01-20T00:10:02.160000;00b774f5-86d2-495b-981b-8e5efd7f9e32;374.69;0.25;BUY
2016-01-20T00:10:02.160000;2016-01-20T00:10:02.177000;eb9b678e-2ab9-43b1-99e3-35489cdca949;374.7;0.7861;BUY
2016-01-20T00:10:02.693000;2016-01-20T00:10:02.707000;d2f769ea-ece9-4200-84ec-c13012ce5e2f;374.69;0.01;BUY
2016-01-20T00:10:02.820000;2016-01-20T00:10:02.833000;dc32f603-a961-45fe-bdba-ce6dfb673ea1;374.69;0.01;BUY
2016-01-20T00:10:31.343000;2016-01-20T00:10:31.347000;6e93e4bf-1221-4183-9df2-2adaba642c20;374.65;0.01;SELL
2016-01-20T00:10:31.347000;2016-01-20T00:10:31.363000;13a7e441-b6fc-4d9f-ab4f-09d99effa5fc;374.65;0.34;SELL
2016-01-20T00:10:31.347000;2016-01-20T00:10:31.363000;4ab96f2b-3195-41be-b485-570f57a816b2;374.5;0.01;SELL
2016-01-20T00:10:31.347000;2016-01-20T00:10:31.363000;cb8b2531-27e2-44c2-a1bb-f10bc81da2d6;374.5;0.113;SELL
2016-01-20T00:10:31.347000;2016-01-20T00:10:31.380000;63904859-2140-444c-91db-9a0d3ca9c557;374.45;0.095;SELL
2016-01-20T00:10:31.347000;2016-01-20T00:10:31.380000;2453d728-0637-44ff-ab66-dcb58f0a571c;374.44;0.014;SELL
2016-01-20T00:10:31.347000;2016-01-20T00:10:31.380000;2fdbd02e-f02f-46a3-a1d8-81a675a39c30;374.42;0.159;SELL
2016-01-20T00:10:31.347000;2016-01-20T00:10:31.380000;90753495-ec8f-490a-ac5b-7f489ee1c8c0;374.4;0.1974;SELL
2016-01-20T00:10:42.980000;2016-01-20T00:10:42.990000;db324c2a-7ad9-4ede-82a2-66b492c4c173;374.66;0.01001001;BUY
2016-01-20T00:11:01.607000;2016-01-20T00:11:01.613000;b39efb97-b617-4240-8b7b-324e1def35e9;374.57;0.25;BUY
2016-01-20T00:11:01.607000;2016-01-20T00:11:01.630000;8b612aee-f6da-4c27-a568-db9947b66683;374.57;0.164;BUY
2016-01-20T00:11:01.607000;2016-01-20T00:11:01.630000;edf4b327-f879-439e-a093-21eb38d38fd2;374.58;0.34805;BUY
2016-01-20T00:11:31.563000;2016-01-20T00:11:31.567000;7892e74f-b20b-4324-ac3b-5f92345e1c4d;374.4;2.42254;SELL
2016-01-20T00:12:02.310000;2016-01-20T00:12:02.317000;d24a2c2f-5915-4074-8b18-e553e6895f87;374.42;0.01;SELL
2016-01-20T00:12:02.310000;2016-01-20T00:12:02.333000;118b6dd9-277e-4a2e-ac2c-2623500a7832;374.41;1.137;SELL
2016-01-20T00:12:02.310000;2016-01-20T00:12:02.333000;0f21bbbb-42ea-4fa1-9873-8eafcdd01520;374.4;10.0;SELL
2016-01-20T00:12:02.310000;2016-01-20T00:12:02.333000;1ee845a4-2e9a-49ba-9825-b98f7908e820;374.4;0.01;SELL
2016-01-20T00:12:02.310000;2016-01-20T00:12:02.333000;d90c3ed2-6cf0-4b86-878b-a6a017ac74a3;374.34;0.01;SELL
2016-01-20T00:12:02.310000;2016-01-20T00:12:02.347000;f7fa6779-eaca-4a50-8b15-69cfc2ee43ba;374.34;1.146;SELL
2016-01-20T00:12:02.310000;2016-01-20T00:12:02.347000;0f0fa698-8b1f-40da-9f24-a0f4c324bc39;374.15;0.01;SELL
2016-01-20T00:12:02.310000;2016-01-20T00:12:02.363000;c0716f6a-3627-4859-be0d-4204551dfa59;374.08;0.116;SELL
2016-01-20T00:12:02.310000;2016-01-20T00:12:02.363000;1739747a-cbe6-41da-884d-7f41dd35da11;374.0;0.01;SELL
2016-01-20T00:12:02.313000;2016-01-20T00:12:02.363000;facaf320-c332-405d-b2e3-2e14b2d64bbd;373.98;0.125;SELL
2016-01-20T00:12:02.313000;2016-01-20T00:12:02.363000;93cc7341-e257-44d1-9dc1-49c7420ccdcf;373.86;0.01;SELL
2016-01-20T00:12:02.313000;2016-01-20T00:12:02.363000;b54e68ec-d965-4930-845a-11bdacfd7e28;373.73;0.01;SELL
2016-01-20T00:12:02.313000;2016-01-20T00:12:02.363000;a1a971b7-a11a-48cd-9403-8edbd85adc82;373.6;0.01;SELL
2016-01-20T00:12:02.313000;2016-01-20T00:12:02.363000;a9cbf487-82b9-4f41-ae1c-ba8514033053;373.53;0.02;SELL
2016-01-20T00:12:02.313000;2016-01-20T00:12:02.380000;e859e308-3bd5-4a75-99ca-6978b0a0c7cb;373.5;0.0115;SELL
2016-01-20T00:12:02.313000;2016-01-20T00:12:02.380000;16319d59-b335-4c6a-b8c2-751831fdc358;373.5;0.01;SELL
2016-01-20T00:12:02.313000;2016-01-20T00:12:02.380000;cd23747f-32b6-49cd-9efa-115808be38dc;373.46;2.48;SELL
2016-01-20T00:12:02.313000;2016-01-20T00:12:02.380000;40b7a4de-5495-4385-8f85-41f44dde66bd;373.45;0.05;SELL
2016-01-20T00:12:02.313000;2016-01-20T00:12:02.380000;52bee5e7-11b2-4377-b6f7-4bf768d8d879;373.44;0.2;SELL
2016-01-20T00:12:02.313000;2016-01-20T00:12:02.410000;e2cf1399-aefe-46ad-bd55-21202914be8c;373.38;0.3493;SELL
2016-01-20T00:12:02.313000;2016-01-20T00:12:02.427000;0d84897e-abd7-472c-90de-48bcc346384d;373.36;0.01;SELL
2016-01-20T00:12:02.313000;2016-01-20T00:12:02.427000;4b957b2c-cbe7-4b67-9ee5-cd8c7da7d5e7;373.26;5.88;SELL
2016-01-20T00:12:02.313000;2016-01-20T00:12:02.427000;3511cc4b-0114-49cf-a223-d338cbde4348;373.25;17.9855;SELL
2016-01-20T00:12:02.313000;2016-01-20T00:12:02.427000;0a46c244-8c24-42c6-987c-ec93e4be4d7c;373.25;2.178;SELL
2016-01-20T00:12:02.313000;2016-01-20T00:12:02.427000;06d42e62-b232-4529-81fa-483a65960ff8;373.21;0.1;SELL
2016-01-20T00:12:02.317000;2016-01-20T00:12:02.427000;4117b9ed-b5c1-41c7-af39-d1f6a945ad79;373.2;0.01227798;SELL
2016-01-20T00:12:02.317000;2016-01-20T00:12:02.427000;e8a79856-b83f-4b20-a606-b04a17d7900c;373.2;1.29889202;SELL
2016-01-20T00:12:31.633000;2016-01-20T00:12:31.643000;bc5d3e90-311c-424e-b77c-9ebc6e61060e;374.36;0.0263;BUY
2016-01-20T00:12:31.633000;2016-01-20T00:12:31.643000;ad061de3-973b-4c2c-a9a0-ee8e5869ced2;374.36;0.04821;BUY
2016-01-20T00:13:02.137000;2016-01-20T00:13:02.160000;c0bbbfe9-4ff8-4ed2-b794-b033e2680116;374.35;10.0;SELL
2016-01-20T00:13:02.140000;2016-01-20T00:13:02.177000;594466e8-5ec3-4436-993b-0007f5c5ecbc;374.35;1.034;SELL
2016-01-20T00:13:02.140000;2016-01-20T00:13:02.177000;3724320b-0ed5-402a-bcb4-895022a48348;374.32;0.01;SELL
2016-01-20T00:13:02.140000;2016-01-20T00:13:02.177000;0d7207d2-563e-472a-b99b-5e4bbc198704;374.3;0.992;SELL
2016-01-20T00:13:02.140000;2016-01-20T00:13:02.193000;13c37095-5f8f-496f-b55c-1dd0981b0acf;374.25;0.991;SELL
2016-01-20T00:13:02.140000;2016-01-20T00:13:02.240000;d76350db-a188-42b5-b301-b832e7cf8316;374.2;0.99;SELL
2016-01-20T00:13:02.140000;2016-01-20T00:13:02.240000;7ff33141-d1d7-4e8a-93fc-3b07fa3f66e9;374.15;1.004;SELL
2016-01-20T00:13:02.140000;2016-01-20T00:13:02.240000;8ec85746-9dbe-4bd4-a81f-000e8c4c8f52;374.08;0.01;SELL
2016-01-20T00:13:02.140000;2016-01-20T00:13:02.240000;4080d383-8157-4756-ad41-dd1ca3b96588;374.07;0.01;SELL
2016-01-20T00:13:02.140000;2016-01-20T00:13:02.240000;3d36a6c7-f06c-4be2-8beb-3d250b3b3746;373.96;0.01;SELL
2016-01-20T00:13:02.140000;2016-01-20T00:13:02.253000;3aaa324e-ffaa-4423-affe-9867205e7b04;373.86;0.03;SELL
2016-01-20T00:13:02.140000;2016-01-20T00:13:02.253000;da2140a1-94c9-4aae-9372-752550dff1d0;373.74;0.01;SELL
2016-01-20T00:13:02.140000;2016-01-20T00:13:02.253000;2474d1c0-5733-4931-aa68-9d964a31c73d;373.73;0.03;SELL
2016-01-20T00:13:02.140000;2016-01-20T00:13:02.253000;77fee668-5488-4e61-90d9-e7ee90782a22;373.73;0.02;SELL
2016-01-20T00:13:02.140000;2016-01-20T00:13:02.253000;95d5bdc9-6da3-4ab6-b38c-c242d15ea068;373.6;0.03;SELL
2016-01-20T00:13:02.140000;2016-01-20T00:13:02.253000;2da6fda1-662e-4699-a7ce-0fed4b50c306;373.6;0.01;SELL
2016-01-20T00:13:02.140000;2016-01-20T00:13:02.253000;bd522acc-3c43-47be-b506-caabdf77813f;373.52;0.01;SELL
2016-01-20T00:13:02.140000;2016-01-20T00:13:02.253000;45e17e67-1e51-418b-bb2d-d8a3d4f0270e;373.29;0.01;SELL
2016-01-20T00:13:02.140000;2016-01-20T00:13:02.253000;733b9f1e-bc8b-4e46-b12d-edfffb0b3f44;373.2;4.05593848;SELL
2016-01-20T00:13:02.143000;2016-01-20T00:13:02.253000;78822163-5463-4b26-bcd3-3b898c08475e;373.2;0.03;SELL
2016-01-20T00:13:02.143000;2016-01-20T00:13:02.253000;92e98c6e-7a7d-4f67-a486-b8539b07a960;373.2;0.01;SELL
2016-01-20T00:13:02.143000;2016-01-20T00:13:02.253000;98be5f52-7615-40ad-a0ed-7929f59777f0;373.15;0.01;SELL
2016-01-20T00:13:02.143000;2016-01-20T00:13:02.253000;d124007c-16f0-4725-a537-a212e1e50dab;373.12;0.03;SELL
2016-01-20T00:13:02.143000;2016-01-20T00:13:02.253000;e229cd11-4b83-4c2b-813b-2aa60931efdc;373.11;0.3858992;SELL
2016-01-20T00:13:02.143000;2016-01-20T00:13:02.253000;9b43d6c3-5c15-48f2-8524-e0e214d2df14;373.09;5.0;SELL
2016-01-20T00:13:02.143000;2016-01-20T00:13:02.253000;7ef7e6f5-5c5e-4c10-976c-624dc4374d14;373.0;0.03178409;SELL
2016-01-20T00:13:02.143000;2016-01-20T00:13:02.253000;82c9fcb8-54be-4f83-a174-0bc04a3f538a;373.0;0.0115;SELL
2016-01-20T00:13:02.143000;2016-01-20T00:13:02.270000;ce1672e7-6e8d-44de-93a0-495a08ac7a39;372.98;0.414;SELL
2016-01-20T00:13:02.143000;2016-01-20T00:13:02.270000;e315c6d4-cedc-4c7e-a8f3-6650daefa604;372.9;1.08;SELL
2016-01-20T00:13:02.143000;2016-01-20T00:13:02.287000;16eb07a0-4c9f-4603-943e-4dff906e5e94;372.87;0.01;SELL
2016-01-20T00:13:02.143000;2016-01-20T00:13:02.287000;c99f49c0-2aca-40c7-9ec4-14065a1494a2;372.8;0.01;SELL
2016-01-20T00:13:02.143000;2016-01-20T00:13:02.347000;9f2993e7-6682-4f2c-95b6-d0e70d78f132;372.72;0.01;SELL
2016-01-20T00:13:02.143000;2016-01-20T00:13:02.347000;7aa31d57-fa48-44d8-ba87-b3a9e1973f81;372.7;0.05;SELL
2016-01-20T00:13:02.143000;2016-01-20T00:13:02.347000;4e1c842c-2663-46c7-a101-aa2c951d6ccb;372.59;0.1;SELL
2016-01-20T00:13:02.143000;2016-01-20T00:13:02.347000;9cf13a2f-dc8f-4c12-8e75-3b286a7d3e3d;372.55;0.01;SELL
2016-01-20T00:13:02.147000;2016-01-20T00:13:02.347000;97f54023-8eae-4bfa-98cd-96775c201227;372.4;0.01;SELL
2016-01-20T00:13:02.147000;2016-01-20T00:13:02.347000;79df9eff-3004-4567-9b5f-ba15e125f47d;372.31;0.01;SELL
2016-01-20T00:13:02.147000;2016-01-20T00:13:02.347000;9071d108-119b-4d0c-bf0d-82163ea13049;372.25;0.04159135;SELL
2016-01-20T00:13:02.147000;2016-01-20T00:13:02.347000;d59764a6-272d-4033-9bb9-6ec90e65f509;372.14;0.01;SELL
2016-01-20T00:13:02.147000;2016-01-20T00:13:02.347000;0594b2c1-f16b-4633-b7ac-ed3bb9846bbd;372.12;0.1;SELL
2016-01-20T00:13:02.147000;2016-01-20T00:13:02.347000;cdfbffea-0afb-4511-b710-7f06259258c4;372.06;3.7;SELL
2016-01-20T00:13:02.147000;2016-01-20T00:13:02.347000;1c17b838-bdba-40f9-b059-7aa8e1f7c57b;372.05;9.556;SELL
2016-01-20T00:13:02.147000;2016-01-20T00:13:02.347000;09b1aecb-cacf-4358-b5be-492516ccf68b;372.02;0.8640631;SELL
2016-01-20T00:13:02.147000;2016-01-20T00:13:02.347000;c6d810e0-ee3d-4b64-86a6-d70218b86824;372.0;0.5;SELL
2016-01-20T00:13:02.147000;2016-01-20T00:13:02.347000;62a2a45d-2266-4eca-bd7d-300bbc57a1ec;372.0;0.0115;SELL
2016-01-20T00:13:02.147000;2016-01-20T00:13:02.347000;f08d98d1-7fdf-478f-986d-f91e8eb71292;372.0;0.01;SELL
2016-01-20T00:13:02.147000;2016-01-20T00:13:02.347000;bd46beed-fe68-4ee8-88d4-25bb141553e9;372.0;0.01;SELL
2016-01-20T00:13:02.147000;2016-01-20T00:13:02.347000;a53830ba-1d81-4ae8-90e4-d708835d6b39;371.95;0.05;SELL
2016-01-20T00:13:02.147000;2016-01-20T00:13:02.347000;6ebf2189-e25e-4ab8-a1bf-e2712c28bfff;371.92;0.01;SELL
2016-01-20T00:13:02.147000;2016-01-20T00:13:02.347000;5f03ce31-3bb7-477e-bba7-85b5960bdf06;371.9;0.46771561;SELL
2016-01-20T00:13:02.147000;2016-01-20T00:13:02.363000;2adfb534-8a40-44be-ab52-8d3e6ccfb40a;371.8;0.01;SELL
2016-01-20T00:13:02.147000;2016-01-20T00:13:02.363000;d4c9dcae-2ad7-4fe9-acb9-6b97db34adc5;371.75;0.5;SELL
2016-01-20T00:13:02.150000;2016-01-20T00:13:02.363000;8acdd3f6-e0ce-4c9b-a1ca-9c20a839c544;371.7;0.01;SELL
2016-01-20T00:13:02.150000;2016-01-20T00:13:02.363000;9c3ba785-ff2e-4573-a0e4-0045f58ec3e5;371.7;0.02;SELL
2016-01-20T00:13:02.150000;2016-01-20T00:13:02.363000;0f6d0ce2-7fa5-46c1-82bc-d2c36efed8ca;371.6;0.01;SELL
2016-01-20T00:13:02.150000;2016-01-20T00:13:02.363000;76564f81-06f5-42c1-b403-94f0341136e3;371.6;0.01;SELL
2016-01-20T00:13:02.150000;2016-01-20T00:13:02.427000;61808d8c-80ab-4c96-aa98-826857a88114;371.5;0.5;SELL
2016-01-20T00:13:02.150000;2016-01-20T00:13:02.427000;8e790b1d-8bde-460a-8e9a-f58b8b819e34;371.49;0.1;SELL
2016-01-20T00:13:02.150000;2016-01-20T00:13:02.443000;fcac649c-73be-41dc-a918-a6b067fa926a;371.48;0.01;SELL
2016-01-20T00:13:02.150000;2016-01-20T00:13:02.443000;6b3a2f7d-576b-4e18-bde9-7ae6cab3d6bd;371.4;0.01;SELL
2016-01-20T00:13:02.150000;2016-01-20T00:13:02.443000;17c6fac0-d6be-4b6e-92a6-50067066c999;371.34;0.01;SELL
2016-01-20T00:13:02.150000;2016-01-20T00:13:02.443000;f9ebe3a1-cffd-40d4-b0a2-050ca421615d;371.2;0.01;SELL
2016-01-20T00:13:02.150000;2016-01-20T00:13:02.443000;9b868367-5d14-4940-99e6-6f04dd248462;371.2;0.05;SELL
2016-01-20T00:13:02.150000;2016-01-20T00:13:02.443000;23ae0ad6-59ad-413a-a710-4ca79921d6f7;371.2;0.01;SELL
2016-01-20T00:13:02.150000;2016-01-20T00:13:02.443000;9ec3a766-fd88-4f34-acd1-2d4ec04e7e49;371.2;0.01;SELL
2016-01-20T00:13:02.150000;2016-01-20T00:13:02.443000;37d08f9a-7553-45bc-b491-e1f9992dd38a;371.17;0.01;SELL
2016-01-20T00:13:02.150000;2016-01-20T00:13:02.443000;b13827e3-2091-4948-9d82-8c5fabc571e6;371.12;0.01;SELL
2016-01-20T00:13:02.150000;2016-01-20T00:13:02.443000;8125b71b-0349-4e4f-a4ce-3871c0866971;371.12;0.1;SELL
2016-01-20T00:13:02.150000;2016-01-20T00:13:02.443000;47027ec0-ad71-4e3d-99b2-7d2928fe18e9;371.1;0.5;SELL
2016-01-20T00:13:02.153000;2016-01-20T00:13:02.443000;c2200612-ebd2-4500-96e9-245dacd0a96f;371.1;0.05;SELL
2016-01-20T00:13:02.153000;2016-01-20T00:13:02.443000;64ae9a52-b66e-4259-a7fc-38840704c76f;371.08;0.01;SELL
2016-01-20T00:13:02.153000;2016-01-20T00:13:02.443000;44437793-597a-42ca-86a5-46a24687530e;371.06;0.01;SELL
2016-01-20T00:13:02.153000;2016-01-20T00:13:02.443000;87bfe45d-5393-4a3e-856d-f9474b87b013;371.04;0.01;SELL
2016-01-20T00:13:02.153000;2016-01-20T00:13:02.443000;ed36d09f-0bb2-4afe-be84-5124b69499c5;371.02;0.01;SELL
2016-01-20T00:13:02.153000;2016-01-20T00:13:02.443000;1b06595a-7682-4e2d-b551-a3017ca068ca;370.96;0.01;SELL
2016-01-20T00:13:02.153000;2016-01-20T00:13:02.443000;bf27ce4a-5215-4cf7-b5f6-97da1077dffa;370.94;0.01;SELL
2016-01-20T00:13:02.153000;2016-01-20T00:13:02.443000;1df20a56-b4d3-400c-afef-443f59b35d57;370.91;0.01;SELL
2016-01-20T00:13:02.153000;2016-01-20T00:13:02.443000;52048ebf-f642-4673-bda1-205b06713be5;370.9;0.01;SELL
2016-01-20T00:13:02.153000;2016-01-20T00:13:02.457000;9dc09a1c-238c-4fb6-9d56-7880b8520a00;370.8;0.01;SELL
2016-01-20T00:13:02.153000;2016-01-20T00:13:02.457000;30e2426d-0a71-43f1-931d-62bd301aaada;370.8;1.0;SELL
2016-01-20T00:13:02.153000;2016-01-20T00:13:02.457000;364d0726-7de3-4e5a-9099-0e7fad011d80;370.71;0.01;SELL
2016-01-20T00:13:02.153000;2016-01-20T00:13:02.457000;b009fd6b-b605-4f53-a500-482b33563cf9;370.54;0.01;SELL
2016-01-20T00:13:02.153000;2016-01-20T00:13:02.457000;94dd585a-6aba-4038-8a96-0d03a02f56b4;370.52;3.22;SELL
2016-01-20T00:13:02.153000;2016-01-20T00:13:02.473000;7f64b575-661b-435f-a54c-245c6c93c590;370.51;1.92900817;SELL
2016-01-20T00:13:02.560000;2016-01-20T00:13:02.567000;22be13d3-0f86-454b-8da3-8dbe6534cfdd;374.36;0.01;BUY
2016-01-20T00:13:05.283000;2016-01-20T00:13:05.327000;795ece50-0662-4844-9109-1bba0278bbc9;374.34;0.02;SELL
2016-01-20T00:13:33.300000;2016-01-20T00:13:33.357000;21079da6-48d7-490b-b9cb-89bf87c4139e;374.34;9.98;SELL
2016-01-20T00:13:33.303000;2016-01-20T00:13:33.357000;092c7e22-2627-48b4-a089-d878cb3cc407;374.32;0.745;SELL
2016-01-20T00:13:33.303000;2016-01-20T00:13:33.357000;83a4312b-48c8-4336-9f86-bea958e56686;374.2;0.744;SELL
2016-01-20T00:13:33.303000;2016-01-20T00:13:33.357000;36120c68-61d5-4223-9a11-4bffc899199f;374.14;0.01;SELL
2016-01-20T00:13:33.303000;2016-01-20T00:13:33.357000;8e3ff6b3-e2bf-4768-99b3-b1ce3c6245d1;373.97;0.01;SELL
2016-01-20T00:13:33.303000;2016-01-20T00:13:33.373000;ea3118ed-5118-40dd-9699-f8bb18b5b1b5;373.96;0.01;SELL
2016-01-20T00:13:33.303000;2016-01-20T00:13:33.437000;a419030e-895a-4d28-b4d4-6f1180247599;373.76;0.01;SELL
2016-01-20T00:13:33.303000;2016-01-20T00:13:33.450000;ad7b6df1-b67a-487a-8c9e-f8eef764390a;373.6;0.01;SELL
2016-01-20T00:13:33.303000;2016-01-20T00:13:33.450000;84fefa2a-8d8a-443e-950e-fa9fb1f872ef;373.52;0.01;SELL
2016-01-20T00:13:33.303000;2016-01-20T00:13:33.450000;54a75c0e-606c-43d5-9b90-a446bbf18681;373.48;0.01;SELL
2016-01-20T00:13:33.303000;2016-01-20T00:13:33.450000;001dc127-d4eb-4ea6-89e0-8b82ae2eae18;373.33;0.01;SELL
2016-01-20T00:13:33.303000;2016-01-20T00:13:33.450000;3741119d-dec0-4d14-85c8-fe93b1aeebad;373.29;0.05;SELL
2016-01-20T00:13:33.303000;2016-01-20T00:13:33.450000;fbc34c42-8a11-4d4c-801d-dafe0ac8058d;373.2;0.01;SELL
2016-01-20T00:13:33.303000;2016-01-20T00:13:33.450000;442dce91-6ec1-47b8-bc91-9c8470ec409b;373.16;0.01;SELL
2016-01-20T00:13:33.303000;2016-01-20T00:13:33.450000;bb8b700e-67c4-4947-8119-754e14d62d10;373.1;0.02;SELL
2016-01-20T00:13:33.303000;2016-01-20T00:13:33.450000;6171f993-7c16-499d-a5bd-0cbf37e373fe;372.87;0.01;SELL
2016-01-20T00:13:33.303000;2016-01-20T00:13:33.450000;bdb43d8b-e684-4b84-afef-e431d9749e93;372.8;0.01;SELL
2016-01-20T00:13:33.303000;2016-01-20T00:13:33.450000;dbf62fd2-4d0a-476e-bd56-cca0ff3599bc;372.7;0.05;SELL
2016-01-20T00:13:33.307000;2016-01-20T00:13:33.450000;73ac255f-e51f-41c6-b8fa-bab6b63fcdc5;372.66;0.01;SELL
2016-01-20T00:13:33.307000;2016-01-20T00:13:33.450000;abee7cc8-de55-4877-a7a1-550af2b23a42;372.55;0.01;SELL
2016-01-20T00:13:33.307000;2016-01-20T00:13:33.450000;67d12497-5cf2-4939-aa61-aa4c3685f5c2;372.4;0.01;SELL
2016-01-20T00:13:33.307000;2016-01-20T00:13:33.450000;e7924454-973f-4854-876a-26949cacfb3f;372.33;0.01;SELL
2016-01-20T00:13:33.307000;2016-01-20T00:13:33.450000;58b9c9c4-601a-43bb-9291-d7f74019a8cd;372.1;0.01;SELL
2016-01-20T00:13:33.307000;2016-01-20T00:13:33.450000;e00e28f5-c061-422e-8e8b-48df580b8b1a;372.0;0.01;SELL
2016-01-20T00:13:33.307000;2016-01-20T00:13:33.450000;59ba901b-ec07-4957-b388-6f7b9e615d3f;372.0;0.051;SELL
2016-01-20T00:13:33.307000;2016-01-20T00:13:33.450000;7dfbd768-8f29-46f1-8d5c-2db75a8e7a0c;371.95;0.05;SELL
2016-01-20T00:13:33.307000;2016-01-20T00:13:33.450000;2c2de934-f83d-4991-b6de-1b92e0dceac2;371.87;0.01;SELL
2016-01-20T00:13:33.307000;2016-01-20T00:13:33.450000;55f609f6-b8a6-4a89-82bd-08d23466a6e3;371.75;0.01;SELL
2016-01-20T00:13:33.307000;2016-01-20T00:13:33.467000;53b5113f-e5ea-4f89-bcb4-5b61240022be;371.7;0.39;SELL
2016-01-20T00:13:33.307000;2016-01-20T00:13:33.467000;4a506ad9-fce2-45d6-b1cb-e58c9a648aac;371.7;0.02;SELL
2016-01-20T00:13:33.307000;2016-01-20T00:13:33.467000;b4ff2923-15ef-42f5-8f68-c5ef73c7792b;371.6;0.01;SELL
2016-01-20T00:13:33.307000;2016-01-20T00:13:33.467000;3c8c4e9c-b4fd-4bca-bf46-019563f89f2d;371.52;0.01;SELL
2016-01-20T00:13:33.307000;2016-01-20T00:13:33.467000;db33e351-2198-45ff-be56-f32eed269edb;371.29;0.01;SELL
2016-01-20T00:13:33.307000;2016-01-20T00:13:33.483000;4c6c9a8c-9860-4978-a840-bae44e0f5f34;371.2;0.01;SELL
2016-01-20T00:13:33.307000;2016-01-20T00:13:33.530000;da389d7c-ce64-4c2f-84b6-b37b1a35f564;371.2;0.05;SELL
2016-01-20T00:13:33.310000;2016-01-20T00:13:33.543000;232e6b8a-5042-438a-8738-966c722568bc;371.12;0.01;SELL
2016-01-20T00:13:33.310000;2016-01-20T00:13:33.543000;4a144cec-b177-4ba9-8142-2decec01c037;370.92;0.5;SELL
2016-01-20T00:13:33.310000;2016-01-20T00:13:33.543000;72e62510-2932-4725-8cd5-4140cf1d933e;370.91;0.01;SELL
2016-01-20T00:13:33.310000;2016-01-20T00:13:33.543000;3a326d61-6a48-4252-833f-c3b35fe37479;370.8;0.01;SELL
2016-01-20T00:13:33.310000;2016-01-20T00:13:33.543000;48aa9d33-7f86-4fa5-8be4-e46b9ae363e8;370.75;0.01;SELL
2016-01-20T00:13:33.310000;2016-01-20T00:13:33.543000;c4e28541-e128-4a45-bb68-4fb1d5af27f9;370.53;0.01;SELL
2016-01-20T00:13:33.310000;2016-01-20T00:13:33.543000;37457593-4457-49b7-9499-e0ac43b4a923;370.52;0.9;SELL
2016-01-20T00:13:33.310000;2016-01-20T00:13:33.543000;541797ff-e3de-4e77-9bc7-5f0f140d47e1;370.51;1.88649183;SELL
2016-01-20T00:13:33.310000;2016-01-20T00:13:33.543000;b8ac2d92-6db3-4cd8-8071-8c74535bd686;370.51;2.14;SELL
2016-01-20T00:13:33.310000;2016-01-20T00:13:33.543000;e86c1153-85ed-493d-87bd-50b8ed3a8747;370.5;28.01953817;SELL
2016-01-20T00:13:33.847000;2016-01-20T00:13:33.903000;a758e183-7044-4e50-a3c4-c597758552fd;373.74;0.01;BUY
2016-01-20T00:13:33.847000;2016-01-20T00:13:33.903000;be877d64-aac8-4af3-a98e-a3e9040d7148;373.75;0.01;BUY
2016-01-20T00:13:33.847000;2016-01-20T00:13:33.903000;48b07616-8b29-480e-9e45-5d71dc5f5f03;373.76;0.01;BUY
2016-01-20T00:13:33.847000;2016-01-20T00:13:33.903000;24283874-4768-43cc-84c7-15832432bee4;373.76;2.56;BUY
2016-01-20T00:13:33.927000;2016-01-20T00:13:33.967000;535b7ad8-280f-4bae-94ad-6bda45293240;373.61;0.1;BUY
2016-01-20T00:13:33.927000;2016-01-20T00:13:33.997000;72a6695f-27ef-498c-9615-d432af4c4009;373.73;0.01;BUY
2016-01-20T00:13:33.970000;2016-01-20T00:13:34.013000;511e8ef6-c300-40c3-b36c-888069c17d31;373.77;0.01;BUY
2016-01-20T00:13:34.050000;2016-01-20T00:13:34.090000;0d05edae-a54f-4281-98ab-0dbe31c7e542;373.86;0.09;SELL
2016-01-20T00:13:34.050000;2016-01-20T00:13:34.107000;bc9a8297-402c-4169-8fa8-4c4e38cbcce5;373.75;0.01;SELL
2016-01-20T00:13:34.347000;2016-01-20T00:13:34.387000;f7076715-6dad-40d5-9b78-8781a711649a;373.71;0.01;BUY
2016-01-20T00:13:34.347000;2016-01-20T00:13:34.387000;d8612e9f-e8b8-4946-9779-ebbadc42bff4;373.71;0.01;BUY
2016-01-20T00:13:34.463000;2016-01-20T00:13:34.497000;58d8024b-0f0c-4df7-b94e-c790c5a23163;373.7;0.01;BUY
2016-01-20T00:13:34.800000;2016-01-20T00:13:34.840000;cb00e8ec-f13e-4656-bc7e-b42347ebdecd;373.66;0.01;BUY
2016-01-20T00:13:34.800000;2016-01-20T00:13:34.840000;e937c64d-7ce9-4b53-91ef-ee575cf85f93;373.67;0.01;BUY
2016-01-20T00:13:34.800000;2016-01-20T00:13:34.840000;3e8aed71-dc4e-4886-9db5-dbd9c2a4f739;373.68;0.01;BUY
2016-01-20T00:13:34.800000;2016-01-20T00:13:34.873000;b1aa0d4b-2001-4b72-a079-19b3bc058db2;373.69;0.01;BUY
2016-01-20T00:13:34.920000;2016-01-20T00:13:34.967000;0d1d5373-e771-4b9e-9c6e-4756640c12b7;373.65;0.01;BUY
2016-01-20T00:13:35.113000;2016-01-20T00:13:35.153000;587c1587-a373-4c09-bbd8-5b8bdaa940ee;373.64;0.01;BUY
2016-01-20T00:13:35.237000;2016-01-20T00:13:35.280000;062ef623-8d90-4140-8a7b-b7f442caec19;373.63;0.01;BUY
2016-01-20T00:13:35.463000;2016-01-20T00:13:35.513000;96d8f22b-4bd5-4c94-86a4-c13112f12970;373.62;0.01;BUY
2016-01-20T00:13:35.580000;2016-01-20T00:13:35.623000;76e54a25-a804-4807-86ed-51fa7729ba56;373.61;0.01;BUY
2016-01-20T00:13:37.047000;2016-01-20T00:13:37.090000;b2aec78d-7862-4472-aafc-d3471624bfd0;373.69;0.02;SELL
2016-01-20T00:14:00.517000;2016-01-20T00:14:00.560000;51062671-f818-4b68-a406-b07636b019c6;373.7;0.01;BUY
2016-01-20T00:14:01.257000;2016-01-20T00:14:01.293000;4bfaae7f-a5d7-4231-9948-92d0edf7c54c;373.7;0.01;BUY
2016-01-20T00:14:01.400000;2016-01-20T00:14:01.437000;fee8f8e9-6ce4-426e-995e-b870d37c5192;373.7;0.05;BUY
2016-01-20T00:14:01.657000;2016-01-20T00:14:01.700000;b47fb9cf-2b8f-4a21-9600-4ecb40efb9a4;373.69;0.12917;SELL
2016-01-20T00:14:02.067000;2016-01-20T00:14:02.107000;5352f4d3-3fc8-4e93-997b-ceb7e9e8228b;373.7;0.01;BUY
2016-01-20T00:14:02.310000;2016-01-20T00:14:02.340000;9c276e5c-8a75-45f2-b525-4bde9b6263c5;373.71;0.01;BUY
2016-01-20T00:14:03.310000;2016-01-20T00:14:03.340000;19e23161-d471-4a61-94ad-53a05478a05d;373.71;0.01;BUY
2016-01-20T00:14:03.310000;2016-01-20T00:14:03.357000;2cda418b-86be-44ea-8404-3b5043b2f08a;373.71;0.09;BUY
2016-01-20T00:14:04.860000;2016-01-20T00:14:04.903000;b96f93cf-1edd-486b-b4d4-feb58aa1bbc7;373.71;0.01;BUY
2016-01-20T00:14:05.010000;2016-01-20T00:14:05.043000;aac55b72-6061-4ec4-9efa-c4618b5b7669;373.72;0.01;BUY
2016-01-20T00:14:05.010000;2016-01-20T00:14:05.060000;4cfecff6-1fd9-4c29-b95b-2b3e03d636a8;373.72;0.01;BUY
2016-01-20T00:14:05.010000;2016-01-20T00:14:05.060000;81b2d877-2eb5-4fff-8c54-33de86d4722e;373.72;0.23;BUY
2016-01-20T00:14:05.340000;2016-01-20T00:14:05.373000;814d1397-2303-4209-b4e0-630d9456c0f3;373.72;0.02;BUY
2016-01-20T00:14:12.157000;2016-01-20T00:14:12.200000;727a154f-50bc-4fbd-aa71-72be0482ad81;373.73;0.01;BUY
2016-01-20T00:14:12.157000;2016-01-20T00:14:12.200000;12f2567f-1a88-4eed-b380-2321d49d1a32;373.74;0.01;BUY
2016-01-20T00:14:12.157000;2016-01-20T00:14:12.217000;04c92805-8e0d-4a05-9aa0-abbcf864636b;373.75;0.01;BUY
2016-01-20T00:14:12.157000;2016-01-20T00:14:12.217000;6241315a-abff-477a-aff3-34813bad93c0;373.76;0.01;BUY
2016-01-20T00:14:12.157000;2016-01-20T00:14:12.217000;8e051b70-f571-4a1a-8f1e-65ea5118350b;373.77;0.01;BUY
2016-01-20T00:14:12.160000;2016-01-20T00:14:12.217000;2a09fca0-4371-4df1-a33a-c2e8f885dcc6;373.78;0.01;BUY
2016-01-20T00:14:12.630000;2016-01-20T00:14:12.670000;31267c6f-d008-48fb-8e4c-5ab9b6d8524b;373.79;0.01;BUY
2016-01-20T00:14:19.227000;2016-01-20T00:14:19.263000;ee3fec75-4ff8-4175-888c-c2b85dbf0f0a;373.8;0.01;BUY
2016-01-20T00:14:19.480000;2016-01-20T00:14:19.513000;ae8b5c05-f8bc-4e6c-9d1e-c2d595761a5d;373.81;0.01;BUY
2016-01-20T00:14:19.480000;2016-01-20T00:14:19.543000;db2bc553-38de-47f5-ae0a-b7cedd8a86c5;373.81;0.01;BUY
2016-01-20T00:14:19.480000;2016-01-20T00:14:19.577000;e5d775e6-9150-4059-827d-e30f05a065c9;373.82;0.01;BUY
2016-01-20T00:14:19.480000;2016-01-20T00:14:19.607000;e66eea76-8481-420b-bce9-a48034eeea96;373.83;0.01;BUY
2016-01-20T00:14:19.480000;2016-01-20T00:14:19.607000;35db9419-5941-4f75-80af-4e009a38b208;373.84;0.01;BUY
2016-01-20T00:14:19.480000;2016-01-20T00:14:19.607000;f6dda869-6541-4c6c-b1a9-4bd59514801e;373.85;0.01;BUY
2016-01-20T00:14:19.480000;2016-01-20T00:14:19.607000;aeb8e6d0-c481-4365-9e21-65b576249e7b;373.86;0.01;BUY
2016-01-20T00:14:19.480000;2016-01-20T00:14:19.607000;6ea575a7-d31f-4f83-b817-d7c888803c62;373.96;0.01;BUY
2016-01-20T00:14:19.480000;2016-01-20T00:14:19.607000;c0f2ad16-1daf-48d7-83c3-c7e46fb6b70f;373.99;0.447;BUY
2016-01-20T00:14:32.223000;2016-01-20T00:14:32.263000;3e5604cb-2841-439a-9ba7-4dc3d887b446;373.99;0.253;BUY
2016-01-20T00:14:32.223000;2016-01-20T00:14:32.280000;d3226099-3a72-4b91-83f9-c31195515f2b;374.0;0.01;BUY
2016-01-20T00:14:32.223000;2016-01-20T00:14:32.280000;69fb58a1-f5e3-4577-9fb0-f8e008643a24;374.1;0.01;BUY
2016-01-20T00:14:32.223000;2016-01-20T00:14:32.280000;7ec8e13a-b80b-4b87-af96-752d5ea6feb8;374.15;0.01;BUY
2016-01-20T00:14:32.223000;2016-01-20T00:14:32.280000;72afecc2-27db-46b8-a8ef-d82d5b401311;374.2;0.8277;BUY
2016-01-20T00:14:40.880000;2016-01-20T00:14:40.920000;7c84e883-8e31-4372-9ad9-637fbcab1349;374.2;0.03;BUY
2016-01-20T00:15:01.823000;2016-01-20T00:15:01.857000;916659b8-5b04-4ee8-8f8c-5fde0d4d8d27;374.2;0.1423;BUY
2016-01-20T00:15:01.823000;2016-01-20T00:15:01.873000;22244ea2-625c-4d84-b630-c46c7358cf21;374.2;0.892;BUY
2016-01-20T00:15:01.823000;2016-01-20T00:15:01.873000;62665f3c-b9e9-4332-b5aa-21cd20c88f13;374.2;2.0;BUY
2016-01-20T00:15:01.823000;2016-01-20T00:15:01.873000;9ef2646c-6b90-40f7-8143-bcced7ea227d;374.2;1.0;BUY
2016-01-20T00:15:01.823000;2016-01-20T00:15:01.887000;0d632bbd-a67d-445c-8c36-c01361e9152a;374.21;1.02313;BUY
2016-01-20T00:15:02.123000;2016-01-20T00:15:02.153000;a297cf7c-b0a0-4c36-911b-e20883e185a0;374.2;0.25;BUY
2016-01-20T00:15:02.497000;2016-01-20T00:15:02.530000;77f4ba81-b75c-4b1f-986e-00cf1185a81b;374.2;0.25;BUY
2016-01-20T00:15:08.353000;2016-01-20T00:15:08.420000;57bb8610-3a88-4233-acbd-719aa3cd5604;374.2;0.01;SELL
2016-01-20T00:15:08.353000;2016-01-20T00:15:08.420000;5854d62c-f548-4747-a19b-85f12fe3ee7b;374.2;10.0;SELL
2016-01-20T00:15:08.353000;2016-01-20T00:15:08.420000;da5dc17b-7391-42cc-bcbb-a578648bf9eb;374.2;2.18;SELL
2016-01-20T00:15:08.353000;2016-01-20T00:15:08.437000;90b5c1a1-f02b-40b6-ae2a-c23909793426;374.2;2.0;SELL
2016-01-20T00:15:08.353000;2016-01-20T00:15:08.437000;c5d6fb40-62de-4d3b-9920-ba3599caaa9e;374.2;0.709;SELL
2016-01-20T00:15:32.213000;2016-01-20T00:15:32.247000;df3c386a-b0cd-4355-933e-500310d228c0;374.2;2.29872;BUY
2016-01-20T00:15:42.423000;2016-01-20T00:15:42.467000;bae9a806-a49e-4365-9ff2-447ba7721d99;374.19;1.2;SELL
2016-01-20T00:16:02.020000;2016-01-20T00:16:02.043000;4c6641cb-b961-44f8-b11e-26bb6a146c90;374.2;1.06131;BUY
2016-01-20T00:16:02.080000;2016-01-20T00:16:02.107000;05601a69-1be3-4623-ba8b-1a20b5764f1f;374.2;0.01;BUY
2016-01-20T00:16:02.510000;2016-01-20T00:16:02.560000;05db9033-0542-44f1-99df-2825574e2752;374.2;0.01;BUY
2016-01-20T00:16:32.230000;2016-01-20T00:16:32.263000;ecda2e62-49a4-4128-b56f-eefe331074b3;374.19;1.68327;SELL
2016-01-20T00:17:02.140000;2016-01-20T00:17:02.170000;77abb935-c57d-4afe-b17b-fe1c5d98dfca;374.2;0.01;BUY
2016-01-20T00:17:02.190000;2016-01-20T00:17:02.217000;48b968a8-05fe-4775-90c3-df19fe8761ff;374.2;0.01;BUY
2016-01-20T00:17:02.593000;2016-01-20T00:17:02.637000;751d5d70-5392-4ab5-8b94-db0c1d85f939;374.19;5.90422;SELL
2016-01-20T00:17:08.797000;2016-01-20T00:17:08.827000;7fa640c5-7098-41f6-8b8b-d6f11cfff81a;374.2;0.01;BUY
2016-01-20T00:17:31.870000;2016-01-20T00:17:31.903000;f01fe183-ee3c-4671-819c-23b21d39b68d;374.2;1.21967;BUY
2016-01-20T00:18:01.020000;2016-01-20T00:18:01.043000;f1c61674-f21a-400b-8761-57cf87d6fb61;374.2;0.03840972;BUY
2016-01-20T00:18:01.740000;2016-01-20T00:18:01.763000;6b9cd21c-1dd0-4848-9743-986bae36f707;374.2;0.99487;BUY
2016-01-20T00:18:31.910000;2016-01-20T00:18:31.937000;074acb55-7f80-46ce-8455-c7db20d8f04b;374.19;0.27603;SELL
2016-01-20T00:18:39.960000;2016-01-20T00:18:39.997000;836d9dce-8591-4e6b-a53e-44f2fcfc7e3d;374.19;0.93648;SELL
2016-01-20T00:18:39.960000;2016-01-20T00:18:39.997000;0baeda1a-a538-4080-8d58-471edc34c1a0;374.19;2.0;SELL
2016-01-20T00:18:39.960000;2016-01-20T00:18:39.997000;cc557fe1-051a-445f-b8e2-4d5236c72b82;374.19;0.69;SELL
2016-01-20T00:19:01.923000;2016-01-20T00:19:01.950000;60c5034c-436e-408c-84e6-ec58e1e8ca03;374.19;1.12669;BUY
2016-01-20T00:19:31.820000;2016-01-20T00:19:31.840000;6cefb534-0c5a-46ba-baab-7024d8386f6d;374.18;1.65936;SELL
2016-01-20T00:20:01.833000;2016-01-20T00:20:01.857000;4b631e0b-1781-4ba8-bb7e-78b852d20b85;374.19;0.24683;BUY
2016-01-20T00:20:01.833000;2016-01-20T00:20:01.873000;53376e73-2bd7-4141-9911-0532a8a0e1fd;374.19;0.3493;BUY
2016-01-20T00:20:01.833000;2016-01-20T00:20:01.873000;0eb551ef-09d1-4c94-9a04-737db2923874;374.19;1.82083;BUY
2016-01-20T00:20:31.597000;2016-01-20T00:20:31.623000;f669eff7-a5d7-41b1-b1f9-9fa31054cc99;374.2;0.26694;BUY
2016-01-20T00:20:54.390000;2016-01-20T00:20:54.420000;4d22670b-be83-46d0-9a2e-f2d55769cd9e;374.2;1.009;BUY
2016-01-20T00:21:01.850000;2016-01-20T00:21:01.873000;636858a1-35ff-44de-8fe9-bf5ec4487bd2;374.2;0.52982;BUY
2016-01-20T00:21:31.473000;2016-01-20T00:21:31.483000;694d166f-fa3c-4e93-a8e5-cac07a2f6f1b;374.2;0.14097;BUY
2016-01-20T00:21:41.440000;2016-01-20T00:21:41.483000;5c3a9f16-e097-445d-ad1b-df851189851c;374.2;1.45;BUY
2016-01-20T00:21:43.163000;2016-01-20T00:21:43.187000;3c581870-5d3c-4935-b8f7-bcc658f5766a;374.2;0.02;BUY
2016-01-20T00:21:47.240000;2016-01-20T00:21:47.263000;83246bfc-25a7-426e-80fa-e7adeffde1d3;374.2;1.849;BUY
2016-01-20T00:21:50.253000;2016-01-20T00:21:50.280000;2eceee4b-95b1-488b-9edf-ee51bcecce97;374.2;5.216;BUY
2016-01-20T00:21:50.683000;2016-01-20T00:21:50.717000;94a79296-d24a-400b-a144-de9b459a1f40;374.2;5.216;BUY
2016-01-20T00:21:53.800000;2016-01-20T00:21:53.810000;bc0f860d-4fe9-4d7b-aa2b-d15e4d6f4161;374.2;1.051;BUY
2016-01-20T00:21:58.067000;2016-01-20T00:21:58.090000;c133c90a-5691-409d-aabf-a5f8cc141ae7;374.2;1.067;BUY
2016-01-20T00:21:58.460000;2016-01-20T00:21:58.483000;f1b601fd-8434-4a16-97ce-e0957f54ffe6;374.2;0.797;BUY
2016-01-20T00:21:58.693000;2016-01-20T00:21:58.717000;9c7a7306-5d91-416d-8fef-de6f06fcd3bf;374.2;0.38129028;BUY
2016-01-20T00:21:58.693000;2016-01-20T00:21:58.733000;aff6af65-f3be-4559-ae5e-50cdcc9fd9b1;374.21;9.72e-06;BUY
2016-01-20T00:21:59.180000;2016-01-20T00:21:59.200000;da0044ff-e813-45d2-8454-469f1f5cc21f;374.2;0.25;BUY
2016-01-20T00:21:59.553000;2016-01-20T00:21:59.577000;3c06b6e1-8f42-47d1-a042-467575a692c0;374.2;0.25;BUY
2016-01-20T00:21:59.903000;2016-01-20T00:21:59.920000;2dfbbbfb-1927-40f0-a3f5-9e1cca9f7465;374.2;0.25;BUY
2016-01-20T00:22:00.507000;2016-01-20T00:22:00.530000;efc3eb83-d9a5-48bd-8d2c-c56af52787e2;374.21;0.354;BUY
2016-01-20T00:22:08.140000;2016-01-20T00:22:08.153000;c0399a53-b4e9-4dd8-bffd-9f17beb83692;374.21;0.04599028;BUY
2016-01-20T00:22:08.143000;2016-01-20T00:22:08.170000;c39fb25e-708d-4b49-80f0-aed8af4cc949;374.21;0.25;BUY
2016-01-20T00:22:08.143000;2016-01-20T00:22:08.170000;f0b3e946-b1ac-4f1d-9f76-6983d607bb23;374.22;0.01;BUY
2016-01-20T00:22:08.143000;2016-01-20T00:22:08.170000;26ea8819-cde7-4c05-8399-6fa17b44ffd1;374.23;1.09100972;BUY
2016-01-20T00:22:31.610000;2016-01-20T00:22:31.623000;c436e70c-783c-4415-a8d8-3feffefc16f8;374.22;0.25;BUY
2016-01-20T00:22:31.610000;2016-01-20T00:22:31.640000;6f9d56e6-81c5-4afb-90b1-afde0016e580;374.23;0.10899028;BUY
2016-01-20T00:22:31.610000;2016-01-20T00:22:31.640000;e4878d4c-2d10-41dd-a0a1-9cc77ddea1b2;374.23;0.4;BUY
2016-01-20T00:22:31.610000;2016-01-20T00:22:31.653000;cca11774-d8f1-41c8-9f45-82c211cad47a;374.24;0.01;BUY
2016-01-20T00:22:31.610000;2016-01-20T00:22:31.653000;cdc0a8c9-2c2c-4807-b5b8-36e67afb6ea8;374.26;0.01;BUY
2016-01-20T00:22:31.610000;2016-01-20T00:22:31.653000;8fe1c666-6207-4613-a331-11ac05c459ed;374.35;0.01;BUY
2016-01-20T00:22:31.610000;2016-01-20T00:22:31.653000;4d817228-5c83-422f-9161-af4b7f3d501d;374.35;0.20243972;BUY
2016-01-20T00:22:40.957000;2016-01-20T00:22:40.967000;e6f0479b-97cb-4d32-8a91-6ebf0a1d73f3;374.26;0.75;BUY
2016-01-20T00:22:42.720000;2016-01-20T00:22:42.733000;79fc3961-1199-4d00-8ba9-3195b406ee7b;374.34;0.1;BUY
2016-01-20T00:23:02.300000;2016-01-20T00:23:02.310000;2a3d2a5e-4497-4cad-b36c-ce1bd68c4e63;374.34;0.3414;SELL
2016-01-20T00:23:12.667000;2016-01-20T00:23:12.687000;9d3d7e1f-d6f2-48d1-8096-78983ea339c3;374.34;0.01;SELL
2016-01-20T00:23:12.947000;2016-01-20T00:23:12.967000;6879b5ae-7641-4112-909d-a14b6d33dfef;374.34;0.01;SELL
2016-01-20T00:23:13.093000;2016-01-20T00:23:13.107000;f9ba71d2-7763-4733-b676-1af54f2102cf;374.34;0.01;SELL
2016-01-20T00:23:13.277000;2016-01-20T00:23:13.293000;e17c03a8-ff26-4246-953c-fc56e8aa9813;374.34;0.01;SELL
2016-01-20T00:23:13.447000;2016-01-20T00:23:13.467000;0d0e2b50-7c90-40ac-9c31-9ed63f831a1a;374.34;0.01;SELL
2016-01-20T00:23:29.230000;2016-01-20T00:23:29.247000;1fd0d559-c04e-4842-9e76-ec465774ef2a;374.34;0.049168;SELL
2016-01-20T00:23:32.227000;2016-01-20T00:23:32.247000;d47d097e-aac7-488f-ada4-42b250ab9c5f;374.35;0.07867;BUY
2016-01-20T00:24:01.563000;2016-01-20T00:24:01.577000;381555d8-6b84-4dd8-856b-f0b193b39e75;374.35;0.01889028;BUY
2016-01-20T00:24:01.563000;2016-01-20T00:24:01.590000;e04ff4fa-3dc6-4b64-a766-f009627a12b2;374.35;0.04119972;BUY
2016-01-20T00:25:20.357000;2016-01-20T00:25:20.373000;dc53d151-ab0c-422b-b976-2d312805cbaa;374.35;0.02;BUY
2016-01-20T00:25:31.797000;2016-01-20T00:25:31.810000;37d2a628-02c3-487d-9719-39f95240c7a2;374.34;0.36801;SELL
2016-01-20T00:25:45.427000;2016-01-20T00:25:45.450000;b69777cc-fa14-40de-89e8-33760e4c485b;374.35;0.01;BUY
2016-01-20T00:26:11.210000;2016-01-20T00:26:11.233000;1c537bbb-17a8-4146-bffa-84f30a193764;374.35;0.32880028;BUY
2016-01-20T00:26:11.210000;2016-01-20T00:26:11.233000;05d7949d-d990-4a27-97d2-3c7a1beb03ad;374.35;1.95033972;BUY
2016-01-20T00:26:31.890000;2016-01-20T00:26:31.890000;f9a6dab7-fd98-46f6-a726-776780ce3cc6;374.35;0.98027;BUY
2016-01-20T00:26:35.070000;2016-01-20T00:26:35.077000;0924fb3c-dfc2-4ce5-9a2f-62aa21fd14c6;374.34;0.5;SELL
2016-01-20T00:26:43.463000;2016-01-20T00:26:43.467000;c534d2b4-c7e7-4f0c-a0dd-9b9bf18cab03;374.35;0.02;BUY
2016-01-20T00:27:02.243000;2016-01-20T00:27:02.247000;570bc066-ee4e-46e6-a025-696fc3186c4f;374.35;1.57318;BUY
2016-01-20T00:27:25.317000;2016-01-20T00:27:25.343000;96765fd7-432d-4dfc-8e27-38961bbfbc0d;374.34;0.5;SELL
2016-01-20T00:27:31.540000;2016-01-20T00:27:31.543000;b4723b3c-91d8-43da-ab10-a594e7733fc0;374.33;0.125;SELL
2016-01-20T00:27:31.543000;2016-01-20T00:27:31.560000;66a74f17-df54-454f-a6ff-7b2a455ea3d2;374.3;1.045;SELL
2016-01-20T00:27:31.650000;2016-01-20T00:27:31.653000;c7f98292-2532-47c5-a5ea-1726c28cf795;374.34;0.26908;BUY
2016-01-20T00:27:37.113000;2016-01-20T00:27:37.107000;73f36624-b272-4cde-a881-f7a08d2300c8;374.24;0.02971535;SELL
2016-01-20T00:27:37.113000;2016-01-20T00:27:37.123000;9c4f5277-2ede-4454-be64-99e9f034b45d;374.18;0.4;SELL
2016-01-20T00:27:37.113000;2016-01-20T00:27:37.123000;a0d3bc33-02c7-4f3e-92b2-f75fbc073e1e;374.13;0.01;SELL
2016-01-20T00:27:37.117000;2016-01-20T00:27:37.123000;a2a25b8b-b501-462c-9781-b59f9b6bcdf0;374.1;3.88648465;SELL
2016-01-20T00:27:58.320000;2016-01-20T00:27:58.327000;146e3f3a-2b2b-4abf-a349-ed9dba35a0b0;373.96;0.01;SELL
2016-01-20T00:27:58.320000;2016-01-20T00:27:58.343000;04de374b-eb96-4a1a-ac53-e1d653e75e80;373.95;0.01;SELL
2016-01-20T00:27:58.320000;2016-01-20T00:27:58.343000;d9067fcb-4c76-4fe8-ba61-c4e697e4b888;373.94;0.01;SELL
2016-01-20T00:28:02.063000;2016-01-20T00:28:02.077000;c40702cb-5f39-478f-8fb6-e9bbc7ede068;373.7;0.01;SELL
2016-01-20T00:28:02.223000;2016-01-20T00:28:02.233000;07f7d28c-372b-4347-8020-5d652c46c6dd;373.6;0.01;SELL
2016-01-20T00:28:02.223000;2016-01-20T00:28:02.233000;6286a181-86d8-4c0b-913c-86a1fd542a61;373.6;1.6745;SELL
2016-01-20T00:28:03.290000;2016-01-20T00:28:03.293000;9ddb1e12-cdba-4e61-bd6c-bdb52b0714a1;373.56;0.01;SELL
2016-01-20T00:28:03.290000;2016-01-20T00:28:03.310000;ad45c1e4-5f63-41b7-a2f5-37bf7ccfec1d;373.55;0.01;SELL
2016-01-20T00:28:03.290000;2016-01-20T00:28:03.310000;2f72429c-7367-4f0d-8355-6f6a0c7df893;373.26;0.01;SELL
2016-01-20T00:28:03.290000;2016-01-20T00:28:03.310000;f9fd13d8-1ba4-49b7-9de1-aca66dec599b;373.2;0.01;SELL
2016-01-20T00:28:03.293000;2016-01-20T00:28:03.327000;380619d5-1b2f-4041-8a09-93f91ab51d22;373.15;0.01;SELL
2016-01-20T00:28:03.293000;2016-01-20T00:28:03.327000;817d6343-f3af-43e7-895d-d101de0332e4;373.0;0.01;SELL
2016-01-20T00:28:03.293000;2016-01-20T00:28:03.327000;35f3cec7-e3e2-4967-9941-334ac28304f8;373.0;0.025;SELL
2016-01-20T00:28:09.900000;2016-01-20T00:28:09.920000;397a4fbc-32b0-4127-94ef-c018226698e9;373.28;0.1;SELL
2016-01-20T00:28:12.950000;2016-01-20T00:28:12.950000;0000507e-ad1c-47cb-b993-e02a7d562c7d;373.3;0.01;SELL
2016-01-20T00:28:12.950000;2016-01-20T00:28:12.983000;f1eedfc4-7faf-4cb3-914b-a77ce5cba78a;373.3;2.0;SELL
2016-01-20T00:28:12.950000;2016-01-20T00:28:12.983000;f6d9d09d-4448-42de-b82c-32e2d06ec437;373.28;0.1;SELL
2016-01-20T00:28:16.640000;2016-01-20T00:28:16.640000;6ef31453-be08-41f5-abc9-f42c3354f6fd;373.13;0.01;SELL
2016-01-20T00:28:19.737000;2016-01-20T00:28:19.777000;cce714f1-026b-4795-a53d-b47ef01303be;373.15;0.01;SELL
2016-01-20T00:28:19.737000;2016-01-20T00:28:19.793000;3fe12a9b-02e6-48ac-b0e3-d5be53f80db5;373.15;0.01;SELL
2016-01-20T00:28:30.203000;2016-01-20T00:28:30.247000;455eeea4-cc14-4393-b4a6-65c4e138e1cb;373.16;2.0;SELL
2016-01-20T00:28:30.280000;2016-01-20T00:28:30.327000;9296769e-949d-4823-9a7e-8a041754d941;372.96;0.01;SELL
2016-01-20T00:28:32.897000;2016-01-20T00:28:32.950000;248c78be-f7cf-410f-b7d9-ae5023a6b990;372.97;0.62129;BUY
2016-01-20T00:28:33.523000;2016-01-20T00:28:33.590000;178c2df1-7a73-4429-9cdc-6e5d7e2aad9d;372.83;0.01;SELL
2016-01-20T00:28:33.523000;2016-01-20T00:28:33.590000;677030ec-beea-4cdb-b208-77f7259a6ff8;372.82;0.01;SELL
2016-01-20T00:28:33.523000;2016-01-20T00:28:33.590000;cf23da59-0649-4ba0-a035-c5effacaf1e1;372.8;0.01;SELL
2016-01-20T00:28:33.523000;2016-01-20T00:28:33.590000;3618e300-6ee1-4929-90d7-7537468fde3a;372.8;0.01;SELL
2016-01-20T00:28:36.793000;2016-01-20T00:28:36.840000;9a65b43c-e2a4-488d-bd4a-c4dc3c6a2f0b;372.71;0.01;SELL
2016-01-20T00:28:36.793000;2016-01-20T00:28:36.840000;2a20b03b-7519-41c2-b936-2431b1f2c14b;372.7;0.05;SELL
2016-01-20T00:28:36.793000;2016-01-20T00:28:36.840000;5a98898c-a9e0-409e-9463-9c91c1a39abd;372.6;0.01;SELL
2016-01-20T00:28:51.297000;2016-01-20T00:28:51.340000;94dd64c1-5c35-461d-9212-06296227f1f6;372.71;0.25;BUY
2016-01-20T00:28:51.297000;2016-01-20T00:28:51.357000;caf7c636-527d-4808-b901-1f0be380b703;372.74;4.75;BUY
2016-01-20T00:29:01.873000;2016-01-20T00:29:01.920000;8eaf1584-0be4-4699-8118-4f1300d44603;372.53;0.01;SELL
2016-01-20T00:29:01.877000;2016-01-20T00:29:01.933000;b7ee6508-37bf-4690-8404-897ecae0a36e;372.48;0.01;SELL
2016-01-20T00:29:01.877000;2016-01-20T00:29:01.933000;770e77bd-88d6-494c-bf3c-4d30ab2d5072;372.4;0.01;SELL
2016-01-20T00:29:01.877000;2016-01-20T00:29:01.933000;2d37fe1c-4a4b-494e-9ccf-31e1c2ef32f7;372.4;0.01;SELL
2016-01-20T00:29:01.877000;2016-01-20T00:29:01.933000;0c7b4c76-12c7-4753-8bf2-37cca6de3a85;372.36;0.01;SELL
2016-01-20T00:29:01.877000;2016-01-20T00:29:01.933000;1306c4ef-f137-450b-8e53-914015ef4aad;372.2;0.01;SELL
2016-01-20T00:29:01.877000;2016-01-20T00:29:01.950000;35fe29d7-ded0-4636-b0e4-13220e8d7843;372.18;0.3512;SELL
2016-01-20T00:29:01.877000;2016-01-20T00:29:01.950000;5aea7c04-3278-48c5-822c-b951100b0a2f;372.18;0.083;SELL
2016-01-20T00:29:01.877000;2016-01-20T00:29:01.950000;0676ba3f-749c-48ad-afca-016be03530c4;372.08;0.01;SELL
2016-01-20T00:29:01.877000;2016-01-20T00:29:01.967000;4d4fb090-532c-48db-8562-1713d43c2618;372.02;0.109;SELL
2016-01-20T00:29:01.877000;2016-01-20T00:29:01.967000;a9033ad2-a98d-40be-b78c-f73d25f705a0;372.01;0.5;SELL
2016-01-20T00:29:01.877000;2016-01-20T00:29:02.013000;a3542173-5984-4f9e-b396-c5a8a360e60e;372.0;0.01;SELL
2016-01-20T00:29:01.877000;2016-01-20T00:29:02.027000;01e9ea82-5d0a-45f7-9f00-d66c56856626;372.0;0.03179118;SELL
2016-01-20T00:29:01.877000;2016-01-20T00:29:02.027000;26d210ff-1812-49cb-9e81-f62cccb8fb2c;371.95;0.05;SELL
2016-01-20T00:29:01.877000;2016-01-20T00:29:02.027000;1054a855-1604-4cf6-8661-358a0a2fda15;371.94;0.117;SELL
2016-01-20T00:29:01.877000;2016-01-20T00:29:02.027000;eed61308-b4d8-414f-b5d0-65317cf0df56;371.89;0.01;SELL
2016-01-20T00:29:01.877000;2016-01-20T00:29:02.027000;5c8634c8-d9b4-4ebc-b0bb-62b761183c37;371.89;0.083;SELL
2016-01-20T00:29:01.877000;2016-01-20T00:29:02.027000;03635b26-1705-46e8-a850-1732bc833172;371.77;0.118;SELL
2016-01-20T00:29:01.877000;2016-01-20T00:29:02.027000;09339263-f97d-4948-b090-5f9c51789816;371.71;0.01;SELL
2016-01-20T00:29:01.877000;2016-01-20T00:29:02.027000;6315740d-ae11-49d6-9b8a-42a288e5d945;371.7;0.02;SELL
2016-01-20T00:29:01.877000;2016-01-20T00:29:02.027000;4807c400-1af8-4e7f-942b-fbe8ddb4b885;371.67;2.38293882;SELL
2016-01-20T00:29:02.183000;2016-01-20T00:29:02.230000;91b41658-22c5-44af-85fd-95605a00672e;372.57;0.01;BUY
2016-01-20T00:29:02.683000;2016-01-20T00:29:02.730000;ef56e6e6-0e45-44c1-b989-ab4f3089b80b;372.19;0.01;SELL
2016-01-20T00:29:31.517000;2016-01-20T00:29:31.560000;dbb48e27-c6d0-42ef-842c-177de95ec54e;372.03;0.01;SELL
2016-01-20T00:29:31.517000;2016-01-20T00:29:31.577000;16dbeb92-40ef-44db-baec-a9b7aafa3271;372.0;0.01;SELL
2016-01-20T00:29:31.517000;2016-01-20T00:29:31.577000;c9580b94-6a3a-47ac-8e98-353d56f41648;371.93;0.01;SELL
2016-01-20T00:29:31.520000;2016-01-20T00:29:31.577000;ec02a86a-6b9d-4313-988a-b1364c87acdb;371.9;0.62;SELL
2016-01-20T00:29:31.520000;2016-01-20T00:29:31.577000;550a5807-aea0-4523-afb9-0d69c6653ef2;371.83;0.083;SELL
2016-01-20T00:29:31.520000;2016-01-20T00:29:31.577000;1d2f0085-eca0-4919-881d-3106ea965b97;371.7;0.01;SELL
2016-01-20T00:29:31.520000;2016-01-20T00:29:31.590000;00b74c0e-8476-4700-913c-dc96b39c4d0d;371.67;0.35899;SELL
2016-01-20T00:30:02.207000;2016-01-20T00:30:02.247000;0dc4da46-e33f-4fe9-baeb-34eccd531b4e;371.8;0.01;BUY
2016-01-20T00:30:02.287000;2016-01-20T00:30:02.327000;afc4d33e-469b-4e48-bf78-a69b43d1ef0c;371.8;0.01;BUY
2016-01-20T00:30:02.883000;2016-01-20T00:30:02.933000;5b23490a-70d7-4b2e-866a-6e925fd6c2f5;371.79;0.01;SELL
2016-01-20T00:30:02.883000;2016-01-20T00:30:02.933000;9ac89a33-37fd-4819-9139-502a6f18d8d3;371.67;1.45807118;SELL
2016-01-20T00:30:02.883000;2016-01-20T00:30:02.933000;5475581f-158f-49ee-9027-d3c03cb32cd8;371.6;0.01;SELL
2016-01-20T00:30:02.883000;2016-01-20T00:30:02.933000;7e080f3c-6134-45eb-a295-10b4549d82ed;371.53;0.01;SELL
2016-01-20T00:30:02.883000;2016-01-20T00:30:02.950000;faeb8a55-12a6-4c68-b378-67d86d00b63b;371.49;0.358;SELL
2016-01-20T00:30:02.883000;2016-01-20T00:30:02.950000;f84d2808-6abe-4ce7-bcd9-6cedc2619f6b;371.28;0.01;SELL
2016-01-20T00:30:02.883000;2016-01-20T00:30:02.950000;3950638c-ffaa-46b1-8fd5-5d15d7e34f77;371.26;0.38686395;SELL
2016-01-20T00:30:02.883000;2016-01-20T00:30:02.950000;4218e5be-a0a3-4ecc-810d-377d0a262cc8;371.2;0.01;SELL
2016-01-20T00:30:02.883000;2016-01-20T00:30:02.980000;de6eec4a-f478-43cf-ae2a-252f88016856;371.2;0.05;SELL
2016-01-20T00:30:02.883000;2016-01-20T00:30:02.980000;3076abea-2385-4614-80f7-058573202e7b;371.2;3.0;SELL
2016-01-20T00:30:02.883000;2016-01-20T00:30:02.980000;139bb4de-2f2b-434c-a335-a639a4e9a2eb;371.07;0.01;SELL
2016-01-20T00:30:02.883000;2016-01-20T00:30:02.980000;78bf2631-deea-4937-bacb-70b38ad24e72;371.01;3.6117;SELL
2016-01-20T00:30:02.883000;2016-01-20T00:30:02.980000;6c749770-afbe-4fbd-8e74-0ec4d49ecdda;371.0;16.98593487;SELL
2016-01-20T00:30:04.847000;2016-01-20T00:30:04.887000;65a5ca84-8b8f-4930-874d-5b2e1eaad6a4;371.66;0.085;BUY
2016-01-20T00:30:31.820000;2016-01-20T00:30:31.857000;80102390-f72c-4454-8ac7-4883846a80ca;371.31;0.55662;BUY
2016-01-20T00:30:40.370000;2016-01-20T00:30:40.420000;7b3a0a27-e68e-4159-9794-957297b43379;371.27;0.01;SELL
2016-01-20T00:30:42.973000;2016-01-20T00:30:43.013000;d5970082-d033-4cf7-9ddf-1f82d5a46b47;371.28;0.25;BUY
2016-01-20T00:30:42.973000;2016-01-20T00:30:43.043000;4e319d0d-9abd-469f-ae5b-0681a97ec14c;371.38;0.4;BUY
2016-01-20T00:30:42.973000;2016-01-20T00:30:43.043000;54d3eda5-9119-458b-a426-4afd46c67791;371.41;0.5;BUY
2016-01-20T00:30:42.973000;2016-01-20T00:30:43.043000;c6409978-0a22-464a-afa1-f2d75aceda8d;371.42;0.488;BUY
2016-01-20T00:30:42.973000;2016-01-20T00:30:43.043000;93867640-caf9-4cd4-99b8-61c9fafb45ae;371.42;0.56;BUY
2016-01-20T00:30:42.973000;2016-01-20T00:30:43.043000;0d086052-4998-4f50-b219-41defe97ea65;371.45;0.64;BUY
2016-01-20T00:30:42.973000;2016-01-20T00:30:43.043000;5833417c-42a9-40ea-aaac-faffa70fc22c;371.45;0.01;BUY
2016-01-20T00:30:42.973000;2016-01-20T00:30:43.043000;ea9cda42-1e51-463f-9f23-5dee87391ba1;371.47;0.1;BUY
2016-01-20T00:30:42.973000;2016-01-20T00:30:43.060000;54beb895-ba6d-43b5-8be5-bf4d879499af;371.47;0.1;BUY
2016-01-20T00:30:42.973000;2016-01-20T00:30:43.060000;e1d1a238-75ad-4d37-b25c-2bd4411b1355;371.65;2.12;BUY
2016-01-20T00:30:42.977000;2016-01-20T00:30:43.060000;a6e1aa64-d71b-483c-83c3-324af471327d;371.66;0.01;BUY
2016-01-20T00:30:42.977000;2016-01-20T00:30:43.077000;d797bda9-3be6-46d9-86be-74a5ebdc8b47;371.67;2.6056;BUY
2016-01-20T00:30:42.977000;2016-01-20T00:30:43.077000;8c4f5921-d3c1-42ad-a769-c32c2e39e51c;371.7;0.01;BUY
2016-01-20T00:30:42.977000;2016-01-20T00:30:43.077000;88157d55-141c-48d5-aefc-8c2ac2f0e66b;371.76;0.01;BUY
2016-01-20T00:30:42.977000;2016-01-20T00:30:43.077000;5c08fa55-7143-4fd1-8523-79bed71f47f0;371.76;0.01;BUY
2016-01-20T00:30:42.977000;2016-01-20T00:30:43.077000;70da3055-afde-4149-862c-a1aeb9c2d046;371.8;0.34716344;BUY
2016-01-20T00:31:01.937000;2016-01-20T00:31:01.980000;db7f49e9-9575-4b17-aaf1-f3ad0af4d553;371.3;0.01;BUY
2016-01-20T00:31:02.167000;2016-01-20T00:31:02.200000;117bd79f-ed0d-4e5c-99d8-9100ead7aec8;371.3;0.11048;BUY
2016-01-20T00:31:02.463000;2016-01-20T00:31:02.513000;9efe1092-dda4-4c18-8b7a-b455e78150d3;371.3;0.01;BUY
2016-01-20T00:31:11.590000;2016-01-20T00:31:11.637000;3eddc1bd-ca40-4e52-9de9-fe07dd988f11;371.29;0.01;SELL
2016-01-20T00:31:11.590000;2016-01-20T00:31:11.653000;bf5de9af-b3e3-4a37-9c53-29c811ca5d66;371.29;8.72;SELL
2016-01-20T00:31:11.590000;2016-01-20T00:31:11.653000;75e87038-468e-405d-9a3f-f6f693b84431;371.27;0.01;SELL
2016-01-20T00:31:11.590000;2016-01-20T00:31:11.653000;ea82e19f-096c-485c-b493-b9a077ee40fc;371.26;0.01;SELL
2016-01-20T00:31:11.590000;2016-01-20T00:31:11.653000;b2a2d296-50fd-4c66-b094-2028de05249b;371.24;0.01;SELL
2016-01-20T00:31:11.590000;2016-01-20T00:31:11.670000;94a8b519-0c88-4d16-94bf-21f3a2fbce11;371.22;0.4;SELL
2016-01-20T00:31:11.593000;2016-01-20T00:31:11.670000;f850ea4f-469b-4212-90f3-01a71024d5fb;371.2;0.01;SELL
2016-01-20T00:31:11.593000;2016-01-20T00:31:11.670000;6dd8240b-3ef4-4f2c-a541-65fc21f612ce;371.15;0.087;SELL
2016-01-20T00:31:11.593000;2016-01-20T00:31:11.670000;6060df28-43b4-4a4a-b6ec-042d2416dae6;371.12;0.059;SELL
2016-01-20T00:31:11.593000;2016-01-20T00:31:11.670000;04c52f15-1341-4a4c-b17a-62f2d9c1c7b9;371.1;0.01;SELL
2016-01-20T00:31:11.593000;2016-01-20T00:31:11.670000;98a055f4-edb5-4469-8c15-2a66a7a8d83f;371.07;0.128;SELL
2016-01-20T00:31:11.593000;2016-01-20T00:31:11.683000;1b6bc944-53ff-4dfc-9651-e0bef838c6f7;371.02;0.086;SELL
2016-01-20T00:31:11.593000;2016-01-20T00:31:11.683000;be568bc6-1516-413d-8666-d48a86d6cbf2;371.02;0.51;SELL
2016-01-20T00:31:11.593000;2016-01-20T00:31:11.683000;962f9da4-3795-4d6e-a68e-7524dc8a85f1;371.0;14.95;SELL
2016-01-20T00:31:14.737000;2016-01-20T00:31:14.780000;1a3a8f49-14df-4940-b50f-de1b3f02db3b;371.27;0.072;BUY
2016-01-20T00:31:32.443000;2016-01-20T00:31:32.480000;59f1db26-76ed-40f9-8cae-59eb18315541;371.06;0.93008;BUY
2016-01-20T00:31:48.747000;2016-01-20T00:31:48.793000;ff929764-cf02-4170-baf1-5a4d0643360a;371.07;0.5;BUY
2016-01-20T00:31:59.590000;2016-01-20T00:31:59.637000;35445b78-0e4e-415a-a089-6f6c21aefbf4;371.06;0.07962629;BUY
2016-01-20T00:32:01.447000;2016-01-20T00:32:01.480000;cf1a41f2-c8e9-4943-b95e-680a1e63246e;371.08;0.01;BUY
2016-01-20T00:32:01.787000;2016-01-20T00:32:01.827000;44b6357c-4777-4e24-9cda-a35b1463daab;371.07;0.01;BUY
2016-01-20T00:32:01.800000;2016-01-20T00:32:01.857000;0ddb1080-5275-4742-85fa-db1f70d667b1;371.07;0.24;BUY
2016-01-20T00:32:01.800000;2016-01-20T00:32:01.873000;fed5a253-ecb8-436c-8e93-c2ac3bf72f78;371.08;1.39;BUY
2016-01-20T00:32:01.800000;2016-01-20T00:32:01.873000;2aa62158-cb5c-4dc8-9f48-3b3a5dffc192;371.09;2.1;BUY
2016-01-20T00:32:01.800000;2016-01-20T00:32:01.873000;5493ebbb-fe28-444d-af19-8b0f4839fc5a;371.11;0.4;BUY
2016-01-20T00:32:01.800000;2016-01-20T00:32:01.873000;1cd8a8b9-4939-4d0d-a2c8-4690edf7448e;371.21;0.39;BUY
2016-01-20T00:32:01.800000;2016-01-20T00:32:01.873000;b23c5483-5dcc-4586-9d26-cef072a90f78;371.33;0.7;BUY
2016-01-20T00:32:01.800000;2016-01-20T00:32:01.887000;92fc2736-3626-47c2-8f07-0ea973f8479b;371.34;0.619;BUY
2016-01-20T00:32:01.800000;2016-01-20T00:32:01.887000;3dc5dba8-1da8-4622-b5c6-327f9aaabc98;371.34;0.1;BUY
2016-01-20T00:32:01.800000;2016-01-20T00:32:01.887000;d95f6050-6762-4b8d-870a-c726d4edd1a2;371.35;1.411;BUY
2016-01-20T00:32:01.800000;2016-01-20T00:32:01.903000;16cdf9ac-66ae-41a5-bc94-d29cf23939c7;371.4;1.925;BUY
2016-01-20T00:32:01.800000;2016-01-20T00:32:01.903000;df066ce9-8bf3-43ec-8f9a-a991734d5fad;371.42;0.01;BUY
2016-01-20T00:32:01.800000;2016-01-20T00:32:01.903000;34732fff-dee9-457a-8b9f-6d141c7990a9;371.44;0.01;BUY
2016-01-20T00:32:01.800000;2016-01-20T00:32:01.903000;15920ce4-b459-4548-bc92-9f19fd8306e0;371.45;0.01;BUY
2016-01-20T00:32:01.800000;2016-01-20T00:32:01.903000;28cf6c0a-213f-40ce-878b-25fd72397eb3;371.47;0.01;BUY
2016-01-20T00:32:01.800000;2016-01-20T00:32:01.903000;32d4477a-c0a3-4323-912c-787b8f5e43df;371.58;0.01;BUY
2016-01-20T00:32:01.803000;2016-01-20T00:32:01.920000;ea5c0ee4-e654-406f-abbd-a0b6927b9249;371.7;0.01;BUY
2016-01-20T00:32:01.803000;2016-01-20T00:32:01.920000;45635278-f08f-4f9f-a24f-312bed3caba1;371.79;0.7;BUY
2016-01-20T00:32:01.803000;2016-01-20T00:32:01.920000;6b9455ce-b36d-41cf-9879-e41e34501d74;371.8;0.01;BUY
2016-01-20T00:32:01.803000;2016-01-20T00:32:01.920000;fa9f19ad-6e00-4117-b8aa-aaf76d63234a;371.8;1.0;BUY
2016-01-20T00:32:01.803000;2016-01-20T00:32:01.920000;0a2f7dd8-d1ea-4e30-9d75-c959e8e4416c;371.81;1.796;BUY
2016-01-20T00:32:01.803000;2016-01-20T00:32:01.933000;db2d08c0-7034-48d8-95d1-59b8100ba601;371.85;0.614;BUY
2016-01-20T00:32:01.803000;2016-01-20T00:32:01.933000;3c4abb5e-2bbc-4a25-b4d3-7f977e9a75e4;371.89;0.569;BUY
2016-01-20T00:32:01.803000;2016-01-20T00:32:01.933000;cde746ec-6627-4b5e-a55a-2b166308debf;371.95;0.333;BUY
2016-01-20T00:32:01.803000;2016-01-20T00:32:01.950000;55ed1b5b-8d0d-4497-9c18-56b6ebf0dfcc;371.97;0.01;BUY
2016-01-20T00:32:01.803000;2016-01-20T00:32:01.950000;03570564-215a-4f41-9822-051ba8fb4b75;372.01;0.01;BUY
2016-01-20T00:32:01.803000;2016-01-20T00:32:01.950000;a0c34a9c-e5dd-4823-8cd6-db7117ba249b;372.04;0.382;BUY
2016-01-20T00:32:01.803000;2016-01-20T00:32:01.950000;57abb5f8-8942-437f-8259-b20f4901433a;372.09;0.585;BUY
2016-01-20T00:32:01.803000;2016-01-20T00:32:01.950000;5ea35a79-a388-40fa-a837-1321f0571991;372.1;0.01;BUY
2016-01-20T00:32:01.803000;2016-01-20T00:32:01.950000;3b134624-f148-4a19-b64e-33da8ec1cb0a;372.13;0.684;BUY
2016-01-20T00:32:01.803000;2016-01-20T00:32:01.950000;7d82210e-9172-44c6-b0c1-91f42d21053b;372.18;0.01;BUY
2016-01-20T00:32:01.803000;2016-01-20T00:32:01.950000;b4d42028-8081-4d45-867b-81e6f24c5199;372.19;0.086;BUY
2016-01-20T00:32:01.803000;2016-01-20T00:32:01.967000;6406ab83-3157-4c95-8642-e72b1c054680;372.2;0.1;BUY
2016-01-20T00:32:01.803000;2016-01-20T00:32:01.967000;89516cfd-5b1b-4400-946f-5857904dd64c;372.2;0.05;BUY
2016-01-20T00:32:01.803000;2016-01-20T00:32:01.967000;347a7019-1e20-4b31-a222-ddb920114e47;372.21;0.01;BUY
2016-01-20T00:32:01.803000;2016-01-20T00:32:01.980000;bf3fc3a2-a71d-466d-9f91-200275883e6c;372.22;0.1;BUY
2016-01-20T00:32:01.807000;2016-01-20T00:32:01.980000;e229b696-dd40-4ade-bc87-d8f9712d737f;372.36;0.104;BUY
2016-01-20T00:32:01.807000;2016-01-20T00:32:01.980000;dca8b874-4f19-4b32-b34e-ee1fb2038e27;372.37;0.1;BUY
2016-01-20T00:32:01.807000;2016-01-20T00:32:01.980000;eb86b429-1750-4d1f-a703-d9863eb3137e;372.37;0.1;BUY
2016-01-20T00:32:01.807000;2016-01-20T00:32:01.980000;38aa504b-a1a5-4a31-8035-a98eafcc9075;372.41;0.01;BUY
2016-01-20T00:32:01.807000;2016-01-20T00:32:01.980000;3de04106-4b25-4f3f-b578-b4db8f46ae4b;372.47;33.292;BUY
2016-01-20T00:32:16.970000;2016-01-20T00:32:17.013000;7e931072-d30e-441d-bf4f-ba968f136698;371.25;1.48;SELL
2016-01-20T00:32:16.970000;2016-01-20T00:32:17.030000;286181a6-ff4d-418a-8bdb-55e30e3a79de;371.25;3.1;SELL
2016-01-20T00:32:16.970000;2016-01-20T00:32:17.030000;514a94f9-1586-4561-bb1a-2a62bbc0e052;371.25;0.01;SELL
2016-01-20T00:32:16.970000;2016-01-20T00:32:17.030000;fb397ad4-77aa-47a0-8d84-9c677d53f2a6;371.24;1.6;SELL
2016-01-20T00:32:16.970000;2016-01-20T00:32:17.030000;eff8f0ab-a364-4d02-90a1-8cbf62f50dad;371.23;0.01;SELL
2016-01-20T00:32:16.970000;2016-01-20T00:32:17.043000;0fc4153c-9db4-4870-851c-ca85d850893e;371.23;1.8;SELL
2016-01-20T00:32:16.970000;2016-01-20T00:32:17.043000;7fd214b6-11e7-45e8-b98c-3654ad2597a0;371.22;0.01;SELL
2016-01-20T00:32:16.970000;2016-01-20T00:32:17.043000;4a0cbf06-5e9f-4c9e-b101-d709745234d3;371.22;1.8;SELL
2016-01-20T00:32:16.973000;2016-01-20T00:32:17.043000;906e3900-71e8-41e6-a205-991487c1be3c;371.21;0.01;SELL
2016-01-20T00:32:16.973000;2016-01-20T00:32:17.043000;64627e2b-02ab-46fe-95a2-d522210d1af4;371.21;0.2;SELL
2016-01-20T00:32:16.973000;2016-01-20T00:32:17.043000;9b06e1d2-d14e-40e8-8a97-4496cc5ae116;371.2;0.01;SELL
2016-01-20T00:32:16.973000;2016-01-20T00:32:17.060000;36c5075f-d3e1-46c7-9ae7-015a8a223709;371.15;2.5;SELL
2016-01-20T00:32:16.973000;2016-01-20T00:32:17.060000;bcc9feaf-d385-4905-9e02-56e300087f14;371.14;0.01;SELL
2016-01-20T00:32:16.973000;2016-01-20T00:32:17.090000;88a827fb-6a99-4156-8ca9-28b80f31ae09;371.01;3.9;SELL
2016-01-20T00:32:16.973000;2016-01-20T00:32:17.090000;02f8b820-7703-45d7-90a0-34c4a22efdd3;371.0;7.84819513;SELL
2016-01-20T00:32:16.973000;2016-01-20T00:32:17.090000;01a8a1ab-25fd-4746-8083-78773d25302c;371.0;0.03180028;SELL
2016-01-20T00:32:16.973000;2016-01-20T00:32:17.090000;36d1a6db-7b48-4a0f-9c26-b1dba978c881;371.0;0.0115;SELL
2016-01-20T00:32:16.973000;2016-01-20T00:32:17.107000;678fdb41-d5e7-48ba-b365-87cc72852cdb;370.9;0.01;SELL
2016-01-20T00:32:16.973000;2016-01-20T00:32:17.107000;21e2e0db-d5ef-46a5-85a6-08d8fdc5aab5;370.8;0.01;SELL
2016-01-20T00:32:16.973000;2016-01-20T00:32:17.107000;34214b2b-2d23-4aaa-b576-2723be90c274;370.76;0.01;SELL
2016-01-20T00:32:16.973000;2016-01-20T00:32:17.107000;818eb68b-b326-4bba-a2e4-709b6603a3c6;370.53;0.478;SELL
2016-01-20T00:32:16.973000;2016-01-20T00:32:17.107000;72b9102c-e0c5-4e8c-9b4d-78b363f3c98e;370.51;0.16052329;SELL
2016-01-20T00:32:31.313000;2016-01-20T00:32:31.357000;aa19030f-c7a6-4483-b29a-80796972cf3a;371.92;0.01;BUY
2016-01-20T00:32:31.883000;2016-01-20T00:32:31.920000;f0a6abb3-feda-46f0-a78a-dde55977e280;371.92;0.09;BUY
2016-01-20T00:32:31.883000;2016-01-20T00:32:31.933000;2952cc91-e0ac-464e-85b3-c1b26c13f7c4;371.93;1.28;BUY
2016-01-20T00:32:31.883000;2016-01-20T00:32:31.933000;5150ca2e-2f99-4fd3-a06f-090e76c8db79;372.17;0.01;BUY
2016-01-20T00:32:31.887000;2016-01-20T00:32:31.950000;6001cf68-c15d-44e0-90aa-5234a45f00ce;372.18;0.01;BUY
2016-01-20T00:32:31.887000;2016-01-20T00:32:31.950000;7bfce77f-b1a8-4669-85f0-4d81661f354b;372.18;0.01;BUY
2016-01-20T00:32:31.887000;2016-01-20T00:32:31.950000;e081b90d-3d25-4731-90a3-2ab70b9f93e6;372.19;0.01;BUY
2016-01-20T00:32:31.887000;2016-01-20T00:32:31.950000;d054db66-ca40-49a9-a9ec-4044b2bf53f6;372.19;0.01;BUY
2016-01-20T00:32:31.887000;2016-01-20T00:32:31.967000;b2e104f9-3e4b-4c49-a645-869113426383;372.2;0.01;BUY
2016-01-20T00:32:31.887000;2016-01-20T00:32:31.967000;399f4efb-7986-46bf-b4d5-f3a0cc9e7201;372.2;0.01;BUY
2016-01-20T00:32:31.887000;2016-01-20T00:32:31.967000;33333275-da62-4c3a-b2a0-04c16e52c41a;372.43;0.093;BUY
2016-01-20T00:32:31.887000;2016-01-20T00:32:31.967000;18e8b54e-5822-41a7-aa86-e75e8b17957f;372.48;0.01;BUY
2016-01-20T00:32:31.887000;2016-01-20T00:32:31.967000;cbcbe883-c830-4d64-a344-6db2b206bbeb;372.49;0.085;BUY
2016-01-20T00:32:31.887000;2016-01-20T00:32:31.980000;c3efc821-bfc4-4218-ab6d-8f598bcba3a4;372.5;0.01;BUY
2016-01-20T00:32:31.887000;2016-01-20T00:32:31.980000;d7d9464e-6483-4a28-96e5-50b1ccd2c5a7;372.5;0.01;BUY
2016-01-20T00:32:31.887000;2016-01-20T00:32:31.980000;97e45169-6779-40ac-8b9f-90aefcafbab4;372.53;0.073;BUY
2016-01-20T00:32:31.887000;2016-01-20T00:32:31.980000;907d9026-5658-4a82-ad81-a5f94689c06c;372.54;0.01;BUY
2016-01-20T00:32:31.887000;2016-01-20T00:32:31.997000;b7677da3-ab71-4519-b5c5-c34069f691eb;372.55;0.01;BUY
2016-01-20T00:32:31.887000;2016-01-20T00:32:31.997000;51804364-f75a-4656-afac-7205bf547d66;372.56;0.01;BUY
2016-01-20T00:32:31.887000;2016-01-20T00:32:31.997000;e567566a-9e8b-4939-b54d-db3c3288ef71;372.56;0.01;BUY
2016-01-20T00:32:31.887000;2016-01-20T00:32:32.013000;ce5f80d5-4116-49ca-a57f-3b4a1428c9fd;372.56;1.0;BUY
2016-01-20T00:32:31.887000;2016-01-20T00:32:32.013000;9e5a6e2a-1f55-4be7-8343-68c9f0beb333;372.57;2.064;BUY
2016-01-20T00:32:31.887000;2016-01-20T00:32:32.013000;86053b8f-ec0d-4d3f-a1de-0f16f92343c0;372.65;2.0;BUY
2016-01-20T00:32:31.887000;2016-01-20T00:32:32.013000;f14869ac-6710-4e67-b9ec-ccc77bf9fd71;372.66;1.378;BUY
2016-01-20T00:32:31.887000;2016-01-20T00:32:32.030000;97be37b5-a44b-4c4e-b009-535e64398576;372.7;0.02;BUY
2016-01-20T00:32:31.887000;2016-01-20T00:32:32.030000;6d7cee50-2429-4cea-80f3-fdaba0a57bdc;372.71;2.05;BUY
2016-01-20T00:32:31.887000;2016-01-20T00:32:32.043000;1e299016-d876-4d73-9857-216e08b61999;372.71;0.01;BUY
2016-01-20T00:32:31.890000;2016-01-20T00:32:32.043000;edd2b6dc-b9ce-4efc-acf9-1eaf1958c4b5;372.84;0.01;BUY
2016-01-20T00:32:31.890000;2016-01-20T00:32:32.043000;24de59d9-8375-4962-858d-427d30586cca;372.9;0.01;BUY
2016-01-20T00:32:31.890000;2016-01-20T00:32:32.043000;accc7d84-e8f1-421b-994e-555d365f6868;372.95;0.05;BUY
2016-01-20T00:32:31.890000;2016-01-20T00:32:32.043000;2b3f4858-5eab-4e5b-b95c-73484f1ddaa3;372.96;0.01;BUY
2016-01-20T00:32:31.890000;2016-01-20T00:32:32.043000;9676e00c-556b-41f4-b642-ace623564f73;373.0;0.01;BUY
2016-01-20T00:32:31.890000;2016-01-20T00:32:32.043000;64a5f531-93a3-41c9-9f03-bba6efb2794d;373.01;0.01;BUY
2016-01-20T00:32:31.890000;2016-01-20T00:32:32.060000;29754f85-1b69-4b8a-b167-c24bdc1975c8;373.11;0.3859016;BUY
2016-01-20T00:32:31.890000;2016-01-20T00:32:32.060000;a6410542-04e5-4001-950c-7797b7d8e829;373.19;0.01;BUY
2016-01-20T00:32:31.890000;2016-01-20T00:32:32.060000;6b046465-bd3a-4d2f-83e2-3069d6fb0397;373.3;0.01;BUY
2016-01-20T00:32:31.890000;2016-01-20T00:32:32.060000;5d1ca8ca-a923-41a0-bdd4-25302fd64f88;373.38;0.01;BUY
2016-01-20T00:32:31.890000;2016-01-20T00:32:32.060000;b8fa4400-c763-4b13-8996-080868606e9d;373.44;0.01;BUY
2016-01-20T00:32:31.890000;2016-01-20T00:32:32.077000;8e10e52f-feec-4101-a5b9-14d86199006d;373.48;0.01;BUY
2016-01-20T00:32:31.890000;2016-01-20T00:32:32.077000;9a2a2054-7320-4d9f-8878-b3203ce160f8;373.48;0.01;BUY
2016-01-20T00:32:31.890000;2016-01-20T00:32:32.077000;7693ef4c-cd60-43dc-9567-222b24448ae3;373.5;0.03180028;BUY
2016-01-20T00:32:31.890000;2016-01-20T00:32:32.077000;0031f9af-1454-47d9-a0b9-3e6b264bd13c;373.52;1.689;BUY
2016-01-20T00:32:31.890000;2016-01-20T00:32:32.077000;b8295a2b-b4c1-4011-8ffd-255d68256f4b;373.54;0.1;BUY
2016-01-20T00:32:31.890000;2016-01-20T00:32:32.090000;b9345e13-307f-40a5-be89-1e8994a877c0;373.54;0.1;BUY
2016-01-20T00:32:31.890000;2016-01-20T00:32:32.090000;13170062-b370-4274-94c5-44a5f6d18036;373.61;0.01;BUY
2016-01-20T00:32:31.890000;2016-01-20T00:32:32.090000;5f5767ae-6857-4830-9d46-9c3797efc382;373.66;1.64;BUY
2016-01-20T00:32:31.890000;2016-01-20T00:32:32.090000;2accff47-4660-4bd0-a588-c931c612108d;373.67;1.642;BUY
2016-01-20T00:32:31.890000;2016-01-20T00:32:32.090000;cd2e8529-8f4f-45aa-a467-89714688f464;373.7;0.01;BUY
2016-01-20T00:32:31.890000;2016-01-20T00:32:32.090000;03a62423-bd38-4c2a-b7b9-ce90c835e422;373.7;0.05;BUY
2016-01-20T00:32:31.890000;2016-01-20T00:32:32.090000;a4e838db-2cfb-4a4e-bbf8-2a5cce9ebab7;373.76;3.10846812;BUY
2016-01-20T00:32:32.987000;2016-01-20T00:32:33.030000;f4b19e3d-37be-4a80-b48e-dfadaea67266;373.64;0.50232637;BUY
2016-01-20T00:32:35.117000;2016-01-20T00:32:35.153000;1fcda8e4-1518-4350-a73a-14de75ef91a6;372.08;0.814;BUY
2016-01-20T00:32:37.763000;2016-01-20T00:32:37.793000;1a20965c-3559-4604-a99b-63987306b34d;372.09;2.536;BUY
2016-01-20T00:32:50.293000;2016-01-20T00:32:50.340000;bd9cdc3f-3e6c-478e-94e7-7341d3da31eb;371.81;0.01;SELL
2016-01-20T00:32:50.293000;2016-01-20T00:32:50.340000;18c08789-5495-4f1d-93ba-3f0705e2ef6c;371.8;0.01;SELL
2016-01-20T00:32:50.293000;2016-01-20T00:32:50.340000;fb6c1ba0-ecc7-4822-b698-ceae6527c584;371.79;0.01;SELL
2016-01-20T00:32:50.293000;2016-01-20T00:32:50.340000;0a696b13-20f2-4002-9574-5874bcbdcae4;371.78;0.01;SELL
2016-01-20T00:32:50.293000;2016-01-20T00:32:50.340000;fb8e661d-4a7e-434b-9288-dc40f6acdca4;371.77;0.01;SELL
2016-01-20T00:32:50.297000;2016-01-20T00:32:50.373000;99c7768b-b83a-48d8-985a-4dad480834f9;371.76;0.00291798;SELL
2016-01-20T00:32:55.647000;2016-01-20T00:32:55.700000;32146d1e-1d9f-4869-9bbe-064dff8c5f50;371.97;0.01;SELL
2016-01-20T00:32:55.647000;2016-01-20T00:32:55.700000;66deea5c-3457-4ad2-a241-09a9814781c8;371.96;0.01;SELL
2016-01-20T00:32:55.650000;2016-01-20T00:32:55.700000;6f28daba-4cf4-4daa-b979-21146a4117ed;371.95;0.0185615;SELL
2016-01-20T00:32:57.823000;2016-01-20T00:32:57.857000;8a7f8c57-bfea-4317-b5b3-f46e59ca2f2b;371.95;0.0314385;SELL
2016-01-20T00:33:01.713000;2016-01-20T00:33:01.747000;6998f477-9ec1-497c-81dd-ec8aa372684e;372.0;0.16255;BUY
2016-01-20T00:33:01.977000;2016-01-20T00:33:02.013000;047e5737-653d-4dd0-941e-845c8eecd148;371.99;0.01;BUY
2016-01-20T00:33:02.173000;2016-01-20T00:33:02.200000;60bd9ccc-4355-4746-8965-447fc1f5f32d;372.01;0.01;BUY
2016-01-20T00:33:26.007000;2016-01-20T00:33:26.043000;b0f89878-af5e-4489-b272-641b22765b95;371.92;2.25;BUY
2016-01-20T00:33:31.857000;2016-01-20T00:33:31.887000;5d6e0f47-f26e-4ae8-922c-8abec6b3e2b3;371.97;0.9873;BUY
2016-01-20T00:33:57.467000;2016-01-20T00:33:57.497000;e66b7940-03c0-4574-9f95-88135de22bd6;371.92;0.01763044;BUY
2016-01-20T00:34:01.563000;2016-01-20T00:34:01.607000;7104ba29-dd5c-49bc-a0c5-f408c55a01b5;371.92;0.27839;BUY
2016-01-20T00:34:02.233000;2016-01-20T00:34:02.263000;d9719674-e1b8-460a-bc2d-c5694b2564b2;371.92;0.01;BUY
2016-01-20T00:34:02.297000;2016-01-20T00:34:02.327000;a628d4e3-ed90-476d-8835-bd685d82028f;371.92;0.01;BUY
2016-01-20T00:34:17.203000;2016-01-20T00:34:17.230000;863886e2-5530-4618-929c-554f1fff9676;371.94;0.085;BUY
2016-01-20T00:34:21.047000;2016-01-20T00:34:21.077000;70b21628-ab57-457a-a213-53a1a55595cd;371.91;0.01;SELL
2016-01-20T00:34:21.047000;2016-01-20T00:34:21.090000;aaf43925-03de-420a-8c7c-99dae63dc6e2;371.9;0.01174;SELL
2016-01-20T00:34:21.047000;2016-01-20T00:34:21.090000;5d899a74-8bc0-4936-98ca-9c63b84b461c;371.9;0.1;SELL
2016-01-20T00:34:21.047000;2016-01-20T00:34:21.090000;c7d8616e-76a7-4f12-99fa-d5e7d5becd6d;371.84;0.127;SELL
2016-01-20T00:34:21.047000;2016-01-20T00:34:21.090000;8e4d6526-3e4d-42c9-bd94-3b245eedd614;371.82;0.39;SELL
2016-01-20T00:34:21.047000;2016-01-20T00:34:21.107000;db43f164-8fde-4ab1-bce9-d51398bf1a93;371.76;0.00708202;SELL
2016-01-20T00:34:21.047000;2016-01-20T00:34:21.107000;456990b3-31af-4791-b580-327563b8afc7;371.75;0.073;SELL
2016-01-20T00:34:21.047000;2016-01-20T00:34:21.107000;7d7dac3d-656c-48bc-b3c3-fd290a768bbb;371.72;0.4;SELL
2016-01-20T00:34:21.047000;2016-01-20T00:34:21.123000;47f6288e-267e-4e31-b53e-b6ed17d0a628;371.7;0.02;SELL
2016-01-20T00:34:21.047000;2016-01-20T00:34:21.123000;d1892303-32b2-4f40-9572-376cd3bf0f3c;371.68;0.01;SELL
2016-01-20T00:34:21.047000;2016-01-20T00:34:21.123000;fb8bcc0c-b536-4e01-9d2d-9a23197c4ebb;371.66;2.3;SELL
2016-01-20T00:34:21.047000;2016-01-20T00:34:21.123000;b5677e0d-fad9-431e-91ac-9777d1627126;371.6;0.01;SELL
2016-01-20T00:34:21.047000;2016-01-20T00:34:21.123000;8e6f4842-3d44-4cb1-a8b5-8fa774230d36;371.6;0.01;SELL
2016-01-20T00:34:21.047000;2016-01-20T00:34:21.137000;c29fd170-7fde-469d-9ba4-408fece86bc4;371.59;0.127;SELL
2016-01-20T00:34:21.047000;2016-01-20T00:34:21.137000;2fea33fb-f439-4c6c-812c-9766605f1a97;371.56;0.01;SELL
2016-01-20T00:34:21.047000;2016-01-20T00:34:21.137000;8c84898d-a39e-47d7-8293-adadcf047a9e;371.54;0.108;SELL
2016-01-20T00:34:21.047000;2016-01-20T00:34:21.170000;405c3424-be89-4c48-a419-20d99e4b08ce;371.47;0.115;SELL
2016-01-20T00:34:21.047000;2016-01-20T00:34:21.170000;a623a0ff-40bb-4a73-bef0-25d91dd428fa;371.35;0.128;SELL
2016-01-20T00:34:21.047000;2016-01-20T00:34:21.170000;b26a6a16-c061-4eb0-9791-29f5c29f7362;371.33;0.01;SELL
2016-01-20T00:34:21.050000;2016-01-20T00:34:21.170000;3680bbc2-5235-42bd-9c72-c45aaa772afc;371.33;0.81;SELL
2016-01-20T00:34:21.050000;2016-01-20T00:34:21.170000;41dea6d2-504a-440a-b36e-31a392681707;371.26;0.38686636;SELL
2016-01-20T00:34:21.050000;2016-01-20T00:34:21.183000;29f0f632-a66b-4e55-95cf-a85dd6407c7c;371.2;0.05;SELL
2016-01-20T00:34:21.050000;2016-01-20T00:34:21.183000;115e05b6-db4d-4bdb-a4a8-f6675371f163;371.2;0.05;SELL
2016-01-20T00:34:21.050000;2016-01-20T00:34:21.183000;6b4ffb7f-1a0b-4fe2-b9d5-11ddf9b1fa32;371.2;0.01;SELL
2016-01-20T00:34:21.050000;2016-01-20T00:34:21.183000;c25c296e-ccac-4ab4-909c-9494e10228c5;371.09;0.01;SELL
2016-01-20T00:34:21.050000;2016-01-20T00:34:21.183000;3c2f0a44-b3ad-4433-91d8-e1778dddc4e0;371.05;2.0;SELL
2016-01-20T00:34:21.050000;2016-01-20T00:34:21.183000;983071a2-fe7b-49a8-810e-6add5f345d40;371.02;0.72;SELL
2016-01-20T00:34:21.050000;2016-01-20T00:34:21.183000;f83cab59-e4e3-49b5-b057-5918e9884821;371.0;0.03180028;SELL
2016-01-20T00:34:21.050000;2016-01-20T00:34:21.183000;7af93cae-91b7-4cb3-b87f-842f098c4a8c;370.93;0.01;SELL
2016-01-20T00:34:21.050000;2016-01-20T00:34:21.200000;a1dee1ac-b1ed-4292-ad62-134a788dad22;370.87;0.151;SELL
2016-01-20T00:34:21.050000;2016-01-20T00:34:21.200000;769aeae4-73af-4ab9-8519-4a0608004ed8;370.8;0.01;SELL
2016-01-20T00:34:21.050000;2016-01-20T00:34:21.200000;13aeeee8-7120-4c10-8330-9509b2cfbc03;370.67;0.01;SELL
2016-01-20T00:34:21.050000;2016-01-20T00:34:21.200000;7a16dff9-8969-4a2f-a396-2f23b0943ead;370.55;1.4;SELL
2016-01-20T00:34:21.050000;2016-01-20T00:34:21.200000;817b5732-8c09-4c24-8068-4888fe04e607;370.54;0.38351134;SELL
2016-01-20T00:34:36.153000;2016-01-20T00:34:36.183000;27d8b477-30ec-409b-96a9-8ef730527971;371.75;0.01950738;BUY
2016-01-20T00:34:48.207000;2016-01-20T00:34:48.230000;f99dd37d-c21b-41f5-85c7-e960e37d6538;371.75;0.0375658;BUY
2016-01-20T00:35:01.963000;2016-01-20T00:35:01.997000;e2eeafea-58fc-402c-abdf-37b74663133f;371.66;0.01;BUY
2016-01-20T00:35:02.423000;2016-01-20T00:35:02.480000;e3cc38e9-1812-4b22-8dcb-8a746f31421f;371.66;0.24;BUY
2016-01-20T00:35:02.423000;2016-01-20T00:35:02.480000;f761003a-aa44-448d-9d3d-9d0ed9e40b19;371.7;0.01;BUY
2016-01-20T00:35:02.427000;2016-01-20T00:35:02.480000;2c5e4472-445f-4e4a-b941-1be0205648e1;371.7;0.4;BUY
2016-01-20T00:35:02.427000;2016-01-20T00:35:02.480000;21fe15d0-5d9a-4bb8-b4e5-4d833cfa2ca2;371.75;0.144;BUY
2016-01-20T00:35:02.427000;2016-01-20T00:35:02.480000;7da90392-3c46-407e-b7d1-b5d8d2884281;371.9;0.01;BUY
2016-01-20T00:35:02.427000;2016-01-20T00:35:02.480000;0d3c1a46-70c4-4a6d-a1d6-4b4bfa1b0869;371.91;0.01;BUY
2016-01-20T00:35:02.427000;2016-01-20T00:35:02.480000;632b4ad5-8f4d-49df-901e-143ea6f07bd3;371.92;0.01;BUY
2016-01-20T00:35:02.427000;2016-01-20T00:35:02.497000;f42a19e1-8e7b-4f46-b7cf-7231059bd7ed;371.93;0.01;BUY
2016-01-20T00:35:02.427000;2016-01-20T00:35:02.497000;45b60e5f-f795-49e0-801a-2e8debeff559;371.94;0.01;BUY
2016-01-20T00:35:02.427000;2016-01-20T00:35:02.497000;bfc9ae09-1354-4dd8-8922-3f441c71ee30;372.02;0.01;BUY
2016-01-20T00:35:02.427000;2016-01-20T00:35:02.497000;35ffbfc4-0472-4ce2-b2d2-34dde9514406;372.03;0.01;BUY
2016-01-20T00:35:02.427000;2016-01-20T00:35:02.513000;ef830f42-9045-497e-8543-7722ad666b21;372.04;0.01;BUY
2016-01-20T00:35:02.427000;2016-01-20T00:35:02.513000;df975755-4b84-4d5a-99d9-c9b288c7e1cc;372.04;0.01;BUY
2016-01-20T00:35:02.427000;2016-01-20T00:35:02.513000;4bd03403-b676-4d2b-9d77-7d6bcb5b5cf8;372.05;0.01;BUY
2016-01-20T00:35:02.427000;2016-01-20T00:35:02.513000;862a045a-46b9-4568-ab4e-f26fa059b8ac;372.06;0.01;BUY
2016-01-20T00:35:02.427000;2016-01-20T00:35:02.513000;6357f32c-6907-443a-a6f1-f79fd0daed91;372.09;0.01;BUY
2016-01-20T00:35:02.427000;2016-01-20T00:35:02.513000;9504c877-d388-42ee-9d7b-c9667bc16988;372.1;0.01;BUY
2016-01-20T00:35:02.427000;2016-01-20T00:35:02.530000;8162f181-360a-4940-99ea-481e365a578b;372.1;0.01;BUY
2016-01-20T00:35:02.427000;2016-01-20T00:35:02.530000;ca629845-64db-4920-a21a-b8ca883f0d5f;372.11;0.4;BUY
2016-01-20T00:35:02.427000;2016-01-20T00:35:02.530000;6b68942b-0fd8-4b2c-8557-11e005e163ce;372.13;0.2117;BUY
2016-01-20T00:35:22.317000;2016-01-20T00:35:22.340000;d1872596-9b4d-4c36-b506-922abae42919;372.0;0.01;BUY
2016-01-20T00:35:28.020000;2016-01-20T00:35:28.060000;bb6aae27-b3a7-4e49-9a8b-ade3fb962c81;371.93;3.53;BUY
2016-01-20T00:35:28.020000;2016-01-20T00:35:28.060000;162d9b34-3e89-4053-bb2e-de5ddc41c4d3;371.94;0.183;BUY
2016-01-20T00:35:28.020000;2016-01-20T00:35:28.060000;f9da19e7-b1c7-4159-9f72-9f9a580062e1;372.01;0.534;BUY
2016-01-20T00:35:28.020000;2016-01-20T00:35:28.077000;51c2ff43-a97e-4933-b5bc-18122650d97b;372.05;0.45;BUY
2016-01-20T00:35:28.020000;2016-01-20T00:35:28.077000;c1958327-eb63-4828-a28f-f2029685afe4;372.09;0.168;BUY
2016-01-20T00:35:28.020000;2016-01-20T00:35:28.077000;8183cf32-5dc4-4c35-acef-0f2a0cc54cb5;372.14;0.01;BUY
2016-01-20T00:35:28.020000;2016-01-20T00:35:28.077000;df33a6e4-e14b-4244-8ae8-d7d25ee4f9ba;372.15;0.01;BUY
2016-01-20T00:35:28.020000;2016-01-20T00:35:28.077000;6277df97-3191-469d-bee9-c95049b92c5c;372.16;0.01;BUY
2016-01-20T00:35:28.020000;2016-01-20T00:35:28.077000;4ded9b94-9690-40d9-93ae-82b9f56c9159;372.2;0.05;BUY
2016-01-20T00:35:28.020000;2016-01-20T00:35:28.090000;1f209c4c-ff76-429f-a7c9-142a65d239ee;372.32;0.055;BUY
2016-01-20T00:35:30.137000;2016-01-20T00:35:30.183000;2d5d83ea-e7c7-476e-ae69-74ee45f908ea;371.99;0.15;BUY
2016-01-20T00:35:32.047000;2016-01-20T00:35:32.077000;94525600-0411-4916-8dc0-17dc7967883a;371.91;0.1;SELL
2016-01-20T00:35:32.047000;2016-01-20T00:35:32.090000;fdd4e896-07c9-4840-a379-4cbf4e380207;371.9;0.01;SELL
2016-01-20T00:35:32.047000;2016-01-20T00:35:32.090000;28ef293a-24ce-4f63-8a6d-aece699010ae;371.9;0.49637;SELL
2016-01-20T00:35:58.403000;2016-01-20T00:35:58.433000;5f570986-bca7-45a7-9236-36f7ff4be181;372.07;0.01;SELL
2016-01-20T00:35:58.403000;2016-01-20T00:35:58.450000;1d98080e-9775-4f40-b9a7-42349528cbde;372.06;0.01;SELL
2016-01-20T00:35:58.403000;2016-01-20T00:35:58.450000;8b7e711b-f24c-45c2-95ca-145d06c9add3;372.05;0.01;SELL
2016-01-20T00:35:58.403000;2016-01-20T00:35:58.450000;db8e824e-e5db-41b6-881b-6da46ea0abc3;372.04;0.01;SELL
2016-01-20T00:35:58.403000;2016-01-20T00:35:58.450000;87de484d-774c-4ade-a954-e54890cda133;372.03;0.01;SELL
2016-01-20T00:35:58.403000;2016-01-20T00:35:58.480000;a7b65e08-4e9d-4af0-aaa0-c31f006aefc5;372.02;0.01;SELL
2016-01-20T00:35:58.403000;2016-01-20T00:35:58.480000;f4f7f305-2914-4cbc-9cc8-d2ecde4adb66;372.0;0.119;SELL
2016-01-20T00:36:01.863000;2016-01-20T00:36:01.903000;569ed121-50d9-4bf7-bf4c-e67e12d9fca1;372.0;0.01;BUY
2016-01-20T00:36:02.050000;2016-01-20T00:36:02.077000;453dc94c-f6ff-4bf3-9cf5-5641f8c7d4e5;371.9;0.01;SELL
2016-01-20T00:36:02.050000;2016-01-20T00:36:02.090000;8e378661-482f-488d-a352-8d861d238b19;371.89;0.13;SELL
2016-01-20T00:36:02.050000;2016-01-20T00:36:02.090000;1f78486f-2039-408c-a891-977482eeef16;371.88;0.01;SELL
2016-01-20T00:36:02.050000;2016-01-20T00:36:02.090000;d58746d6-452f-4979-be86-dd50e82cf5ce;371.79;0.081;SELL
2016-01-20T00:36:02.050000;2016-01-20T00:36:02.107000;aced657f-7976-4c0e-8409-5070d6e93480;371.76;0.088;SELL
2016-01-20T00:36:02.050000;2016-01-20T00:36:02.107000;f9de489b-46b3-4ed4-b5bd-d863519ae633;371.67;0.01;SELL
2016-01-20T00:36:02.050000;2016-01-20T00:36:02.107000;ff883a48-97c6-4b77-a95c-de4c90f4ba27;371.66;0.124;SELL
2016-01-20T00:36:02.050000;2016-01-20T00:36:02.107000;dca57100-56b4-4b69-bffb-f5e69dbe97f3;371.61;0.07952;SELL
2016-01-20T00:36:02.140000;2016-01-20T00:36:02.170000;a8a80abc-35d6-407b-9ec0-94283e75d4df;372.0;0.01;BUY
2016-01-20T00:36:10.627000;2016-01-20T00:36:10.653000;e7928a02-6a9b-4752-bf95-0174e4a63da3;371.9;0.01;SELL
2016-01-20T00:36:14.480000;2016-01-20T00:36:14.497000;b956440d-623a-420b-b19c-33f6e5ac18b6;371.91;0.079;BUY
2016-01-20T00:36:32.563000;2016-01-20T00:36:32.590000;2a946a0d-09e7-4be3-9916-fb67406f5129;371.94;0.25;BUY
2016-01-20T00:36:32.563000;2016-01-20T00:36:32.590000;3ec0b3ac-fca6-4688-821f-8225fc3565e5;372.0;1.08293;BUY
2016-01-20T00:37:01.947000;2016-01-20T00:37:01.967000;ac2538da-58ce-4a1c-b99b-76eebe8c8261;372.0;0.15686;BUY
2016-01-20T00:37:02.000000;2016-01-20T00:37:02.030000;fe69dc86-b454-4904-a1bc-0cad1634232e;372.0;0.01;BUY
2016-01-20T00:37:02.317000;2016-01-20T00:37:02.340000;0bec4920-02ce-4e79-b1f4-7f186535c1b9;372.0;0.01;BUY
2016-01-20T00:37:31.913000;2016-01-20T00:37:31.933000;fcb5b813-75dc-4403-8de6-50ff0646ef03;371.99;0.25;BUY
2016-01-20T00:37:31.913000;2016-01-20T00:37:31.950000;e1f57b7d-ee0f-49ee-8ae1-3e2baca6102f;371.99;0.39;BUY
2016-01-20T00:37:31.913000;2016-01-20T00:37:31.950000;b43d0985-b738-4172-956c-414164bdaca4;372.0;0.54121;BUY
2016-01-20T00:37:31.913000;2016-01-20T00:37:31.950000;1180f519-693a-4923-b8a6-7bf95966636b;372.03;0.4;BUY
2016-01-20T00:37:31.913000;2016-01-20T00:37:31.983000;682f9508-2233-4cf2-9128-fe53a46b929a;372.06;0.499;BUY
2016-01-20T00:37:31.913000;2016-01-20T00:37:31.983000;efd615e4-e731-47c5-bf05-393f4aeb3fc7;372.08;0.01;BUY
2016-01-20T00:37:31.913000;2016-01-20T00:37:31.983000;5ab7612d-f551-4d53-b99a-264cacb65204;372.11;0.464;BUY
2016-01-20T00:37:31.913000;2016-01-20T00:37:31.983000;b4d3251b-8311-4278-8791-9f23b2ba26ef;372.15;0.01;BUY
2016-01-20T00:37:31.917000;2016-01-20T00:37:31.983000;82eb10a2-fc43-43e8-855b-7da1a234d077;372.16;0.502;BUY
2016-01-20T00:37:31.917000;2016-01-20T00:37:31.983000;d0c42311-fd6b-4869-937e-a2e9d3e59a47;372.2;0.01;BUY
2016-01-20T00:37:31.917000;2016-01-20T00:37:31.997000;4e358ee1-a320-4978-9b6d-8832283fafd4;372.21;0.01;BUY
2016-01-20T00:37:31.917000;2016-01-20T00:37:31.997000;7acc6840-c099-420a-a200-dc3239c06605;372.21;0.462;BUY
2016-01-20T00:37:31.917000;2016-01-20T00:37:31.997000;82444b39-c5f4-4908-b435-ccffd2c2131f;372.22;0.01;BUY
2016-01-20T00:37:31.917000;2016-01-20T00:37:31.997000;9b035547-0ca7-4d82-a273-c23caac9f02d;372.23;0.01;BUY
2016-01-20T00:37:31.917000;2016-01-20T00:37:31.997000;48b73888-b6a7-4e02-b783-b3f7c78b6a4b;372.24;0.01;BUY
2016-01-20T00:37:31.917000;2016-01-20T00:37:32.013000;5df97069-6e8c-4a9a-9e72-637709f39c11;372.25;0.01;BUY
2016-01-20T00:37:31.917000;2016-01-20T00:37:32.013000;0d9d4700-6e29-4934-b599-7785641a6a58;372.26;0.397;BUY
2016-01-20T00:37:31.917000;2016-01-20T00:37:32.013000;2984164f-d5f8-4e7f-aff2-7e4992a4eb0d;372.3;0.01;BUY
2016-01-20T00:37:31.917000;2016-01-20T00:37:32.013000;bce5c9d2-7b1c-4f64-89b6-95f3b0ffb80c;372.31;0.471;BUY
2016-01-20T00:37:31.917000;2016-01-20T00:37:32.030000;bf2a52ff-3df8-4857-be67-de0d3a2d66bd;372.36;0.01;BUY
2016-01-20T00:37:31.917000;2016-01-20T00:37:32.043000;d4ec67ed-11c3-4596-85ef-b1c43e953a2c;372.36;0.475;BUY
2016-01-20T00:37:31.917000;2016-01-20T00:37:32.043000;a4a22dce-40a8-414d-aa23-5f18b69a7335;372.44;0.085;BUY
2016-01-20T00:37:31.917000;2016-01-20T00:37:32.043000;7fc1852c-3538-493f-bcb3-6b013de5b7cd;372.7;0.02;BUY
2016-01-20T00:37:31.917000;2016-01-20T00:37:32.043000;78af6ed5-699c-4c2e-a67e-6e09f6dc6538;372.9;0.01;BUY
2016-01-20T00:37:31.917000;2016-01-20T00:37:32.043000;f64edae1-98f9-4022-9a5a-da280fb8f9a2;373.0;0.01;BUY
2016-01-20T00:37:31.920000;2016-01-20T00:37:32.043000;8f97725d-55fa-45a6-b058-f5a76e40ea2c;373.06;2.0;BUY
2016-01-20T00:37:31.920000;2016-01-20T00:37:32.043000;9e0263ed-8c12-4e39-badb-511e30a96191;373.08;0.3512;BUY
2016-01-20T00:37:31.920000;2016-01-20T00:37:32.043000;a6e50f6b-2483-477e-8288-0c50bb993f60;373.11;0.385904;BUY
2016-01-20T00:37:31.920000;2016-01-20T00:37:32.043000;43cc4f71-d307-4b77-a681-61f16e686c0e;373.49;4.3;BUY
2016-01-20T00:37:31.920000;2016-01-20T00:37:32.060000;6168a972-c361-41cb-b410-a280200aa1df;373.5;0.03180028;BUY
2016-01-20T00:37:31.920000;2016-01-20T00:37:32.060000;0729de8d-a0b2-44fd-b255-c6f234df9b32;373.5;14.00492572;BUY
2016-01-20T00:38:00.020000;2016-01-20T00:38:00.043000;8b118388-cc1f-4c3d-a076-73527cca9b5a;372.0;0.01;SELL
2016-01-20T00:38:00.020000;2016-01-20T00:38:00.060000;e0af97fd-16c0-4797-8421-0a52562c47b1;372.0;0.12;SELL
2016-01-20T00:38:01.960000;2016-01-20T00:38:01.983000;3e2df4ba-d393-46bf-aee7-718e62cd6651;372.0;0.01;BUY
2016-01-20T00:38:02.033000;2016-01-20T00:38:02.043000;d1913e0f-37dc-44fc-b6b2-608584b1fe88;372.0;0.05868;BUY
2016-01-20T00:38:02.560000;2016-01-20T00:38:02.577000;888aa188-b609-4718-8df4-21686049c69c;372.0;0.01;BUY
2016-01-20T00:38:21.070000;2016-01-20T00:38:21.107000;924796e6-5f36-45ef-92a2-1b3e5d63bef4;371.99;0.01;SELL
2016-01-20T00:38:28.320000;2016-01-20T00:38:28.340000;2398e62c-5daa-41ef-ad1d-c8950a42b946;371.98;0.01;SELL
2016-01-20T00:38:28.320000;2016-01-20T00:38:28.357000;610dc112-d7fa-4eec-baa5-7e4219b3b70e;371.98;0.04;SELL
2016-01-20T00:38:31.780000;2016-01-20T00:38:31.793000;a6ff0f07-ac11-4ee0-9dc1-f178bd0137ec;372.0;0.20944;BUY
2016-01-20T00:39:00.330000;2016-01-20T00:39:00.340000;b2aca6a1-6715-4048-ad78-689a7b6b072f;371.98;0.01;SELL
2016-01-20T00:39:01.933000;2016-01-20T00:39:01.950000;a929c34b-414c-4cde-93de-66e7e1a5ed17;371.99;0.01;BUY
2016-01-20T00:39:02.150000;2016-01-20T00:39:02.170000;f2cba746-c96b-4420-8a40-c794766112d1;371.99;0.01;BUY
2016-01-20T00:39:02.327000;2016-01-20T00:39:02.357000;9a438ac1-ca24-45fe-8368-9d5ad6a05ccf;371.99;0.23;BUY
2016-01-20T00:39:02.330000;2016-01-20T00:39:02.357000;77197d8f-f7c0-46cc-9eb3-6784189385f0;372.0;2.37962;BUY
2016-01-20T00:39:04.610000;2016-01-20T00:39:04.637000;3ae01d60-1792-437e-acc2-0b405f0f603c;372.0;9.65935031;BUY
2016-01-20T00:39:04.610000;2016-01-20T00:39:04.653000;cddddea7-b5fe-4029-a1e6-90691ac9b8b5;372.0;3.0;BUY
2016-01-20T00:39:32.613000;2016-01-20T00:39:32.637000;5aad39bb-c9f6-46a6-8264-a9d077b85ff4;372.16;0.01;BUY
2016-01-20T00:39:32.613000;2016-01-20T00:39:32.637000;f39dbed6-35bd-4e75-ac24-a3048d9a1e0e;372.16;0.25;BUY
2016-01-20T00:39:32.613000;2016-01-20T00:39:32.637000;353d645b-fdba-454b-9070-b26ebfa5b1ef;372.17;0.01;BUY
2016-01-20T00:39:32.613000;2016-01-20T00:39:32.653000;3995c1e6-5e5f-4d6d-827b-d59fae649863;372.17;0.4;BUY
2016-01-20T00:39:32.617000;2016-01-20T00:39:32.653000;19c6e019-07fd-4cb5-8a06-49d05d689723;372.18;0.01;BUY
2016-01-20T00:39:32.617000;2016-01-20T00:39:32.653000;66e89693-2b70-48b2-9614-16598a7f0257;372.4;0.127;BUY
2016-01-20T00:39:32.617000;2016-01-20T00:39:32.653000;62e95163-b251-4b92-841b-161aca2bdded;372.5;0.01;BUY
2016-01-20T00:39:32.617000;2016-01-20T00:39:32.653000;2b4bae57-790b-4d58-96b3-a414501653e1;372.59;1.8769;BUY
2016-01-20T00:39:40.343000;2016-01-20T00:39:40.357000;493927ef-ec92-44d7-a90e-f705f1fab7f6;372.59;0.6;BUY
2016-01-20T00:39:40.343000;2016-01-20T00:39:40.373000;608557d7-dc50-4c57-addb-ef976944aeb5;372.6;4.4;BUY
