time_exchange;time_coinpai;guid;price;base_amount;taker_side
2016-03-18T00:11:20.000000;2016-03-18T00:11:21.237000;1d2c1dd6-2c98-4746-b94b-14d353d652fc;11.08;10.1578;BUY
2016-03-18T00:17:19.000000;2016-03-18T00:17:19.230000;7abfb51d-a29e-4806-980f-e70d8a7b4296;11.071;1.0;BUY
2016-03-18T00:20:29.000000;2016-03-18T00:20:29.970000;53d953a2-5b2f-455b-8379-a8bf8e96cc00;11.09;0.35;BUY
2016-03-18T00:23:39.000000;2016-03-18T00:23:39.207000;34e89856-22d9-42ae-88c8-517300872189;11.071;4.00384751;SELL
2016-03-18T00:23:43.000000;2016-03-18T00:23:44.900000;56bbffe6-7a36-4517-8af6-640fd4edb812;11.071;3.98507971;SELL
2016-03-18T00:23:49.000000;2016-03-18T00:23:49.403000;c8a176c6-3a15-43a5-adee-c4d4a5236dd6;11.071;3.98507971;SELL
2016-03-18T00:23:54.000000;2016-03-18T00:23:56.543000;d416a4bc-82d1-4ab1-ae63-72caefc3e621;11.071;3.98507971;SELL
2016-03-18T00:29:44.000000;2016-03-18T00:29:44.870000;100bfc38-e2cc-4e74-86f6-0e7dbe68250b;11.108;2.461819;BUY
2016-03-18T00:29:44.000000;2016-03-18T00:29:44.887000;93836813-d36d-4a5d-9f0a-3679bde4c821;11.114;44.834;BUY
2016-03-18T00:29:44.000000;2016-03-18T00:29:44.887000;799139a0-c168-4b0b-a8d7-e4698cad7fc5;11.138;42.18;BUY
2016-03-18T00:29:44.000000;2016-03-18T00:29:44.923000;3e8a1152-c06f-4944-9525-5601beb7c719;11.144;24.071274;BUY
2016-03-18T00:29:44.000000;2016-03-18T00:29:44.923000;be456c89-d9de-44ed-a2b8-f15768a7d9a3;11.144;102.003136;BUY
2016-03-18T00:29:44.000000;2016-03-18T00:29:44.923000;e3f74a8d-b7ed-43cc-9071-d335b4e96b3c;11.198;124.325271;BUY
2016-03-18T00:29:55.000000;2016-03-18T00:29:55.623000;8ba5097e-f98e-4eb0-b6e1-060f965d656b;11.121;1.0476;BUY
2016-03-18T00:40:26.000000;2016-03-18T00:40:26.310000;a2bc812d-bd6c-49b4-88b2-904beceb27f2;11.065;3.02179348;SELL
2016-03-18T00:54:21.000000;2016-03-18T00:54:21.233000;1ba3b408-5b65-4d40-afd3-2bf7c3d6f59e;11.12;0.2005;BUY
2016-03-18T01:10:08.000000;2016-03-18T01:10:08.323000;5e7731cf-7b3c-4b0e-9c30-43d29cbeecb0;11.065;1.69809752;SELL
2016-03-18T01:14:01.000000;2016-03-18T01:14:01.597000;54109ff7-4aec-44c7-ab9b-4260be3fd99e;10.983;5.12736647;SELL
2016-03-18T01:14:08.000000;2016-03-18T01:14:08.770000;bde32494-021b-435b-8d71-871d5da4b6c2;10.949;4.17262962;SELL
2016-03-18T01:14:13.000000;2016-03-18T01:14:14.003000;2ff259cc-1fec-41e4-8b6d-15d96b7f9203;10.949;0.83597838;SELL
2016-03-18T01:15:42.000000;2016-03-18T01:15:42.253000;ef5094b4-1935-4b5a-bb90-be45a3b1b243;10.938;4.17309738;SELL
2016-03-18T01:15:46.000000;2016-03-18T01:15:46.070000;dac5ccf8-96ef-4453-b07c-a1956ee6f4b1;10.938;4.17309738;SELL
2016-03-18T01:15:51.000000;2016-03-18T01:15:52.337000;bc8fa603-d453-441d-857a-431e9e0ba820;10.938;4.17309738;SELL
2016-03-18T01:15:57.000000;2016-03-18T01:15:57.287000;466315dd-cc47-420e-89a6-3adf61d764a0;10.938;4.17903547;SELL
2016-03-18T01:16:03.000000;2016-03-18T01:16:04.187000;57c471de-8e98-4681-8f16-53dc616549fe;10.938;4.17903547;SELL
2016-03-18T01:16:07.000000;2016-03-18T01:16:07.840000;c6e402e5-e702-428f-987b-a78429f57490;10.938;4.17309738;SELL
2016-03-18T01:23:35.000000;2016-03-18T01:23:36.573000;7c6df9ba-7c18-4e76-b695-e9af9a0e85de;10.851;4.45744347;SELL
2016-03-18T01:23:40.000000;2016-03-18T01:23:40.890000;7070891c-db36-4b73-8068-5cb54f5cdbeb;10.851;3.86063806;SELL
2016-03-18T01:23:45.000000;2016-03-18T01:23:45.877000;298c76c4-5886-48f1-9d29-752643c67f08;10.851;2.29320211;SELL
2016-03-18T01:23:50.000000;2016-03-18T01:23:50.520000;73fc62b8-dc71-4ab8-a660-546f2fdfd45c;10.851;4.2553301;SELL
2016-03-18T01:23:54.000000;2016-03-18T01:23:54.217000;95dda6a2-1f7c-4053-a759-3aaa6f05f9fd;10.851;4.45744347;SELL
2016-03-18T01:23:59.000000;2016-03-18T01:23:59.353000;a431b542-9ff6-4563-a956-d9f36c68e9fd;10.851;1.90028587;SELL
2016-03-18T01:24:19.000000;2016-03-18T01:24:19.677000;ddcb2de4-f619-4e38-a242-7a115cf26de2;10.85;4.38944878;SELL
2016-03-18T01:24:24.000000;2016-03-18T01:24:24.817000;1e0d99d8-94fa-48fe-87e4-5dadc3321a0e;10.85;4.38944878;SELL
2016-03-18T01:24:29.000000;2016-03-18T01:24:29.290000;be96dada-9365-4690-b4a2-9accaf19f0e9;10.85;4.38944878;SELL
2016-03-18T01:24:35.000000;2016-03-18T01:24:35.597000;b06df18e-74f2-48cc-8c20-f98f8065cf77;10.85;4.38944878;SELL
2016-03-18T01:24:41.000000;2016-03-18T01:24:42.003000;5cc3241d-54e0-48be-8583-0fffe32518de;10.85;4.33214363;SELL
2016-03-18T01:24:47.000000;2016-03-18T01:24:48.053000;6721a82f-a06a-4a62-9ff3-428fddd5ee33;10.85;4.31314875;SELL
2016-03-18T01:24:51.000000;2016-03-18T01:24:52.133000;9cad69d0-79a9-4951-a969-7a936e1b6ebe;10.85;4.31283366;SELL
2016-03-18T01:24:56.000000;2016-03-18T01:24:56.593000;62904bab-c55c-41b7-8d6e-8422bd1476e5;10.85;4.31314875;SELL
2016-03-18T01:25:02.000000;2016-03-18T01:25:02.240000;c2f1ff41-87d6-4373-8fa5-3cc38f1f4e94;10.85;4.31314875;SELL
2016-03-18T01:25:08.000000;2016-03-18T01:25:08.330000;34d6bdf5-c426-417a-ae7e-b96566338f39;10.85;4.31314875;SELL
2016-03-18T01:25:12.000000;2016-03-18T01:25:12.330000;29c2ea42-500b-4bac-8240-e337968ed160;10.85;4.43985621;SELL
2016-03-18T01:25:17.000000;2016-03-18T01:25:17.667000;a0f570fd-ffa7-4c43-900e-0b4dd58b63b3;10.85;8.12902283;SELL
2016-03-18T01:25:22.000000;2016-03-18T01:25:22.903000;1caafc1a-94e0-4fed-83af-471a5a93178b;10.85;8.12934384;SELL
2016-03-18T01:25:28.000000;2016-03-18T01:25:28.593000;1bbb01a5-1409-40b3-a4d0-16ba0a8b33d6;10.85;8.12902283;SELL
2016-03-18T01:25:28.000000;2016-03-18T01:25:28.610000;68e733f9-59db-421b-bb30-3cd6cf8199fc;10.85;27.71738688;SELL
2016-03-18T01:25:33.000000;2016-03-18T01:25:33.473000;4cd71d20-e9ae-4b8d-82c5-8a1d27d5b8e5;10.832;5.315587;SELL
2016-03-18T01:25:44.000000;2016-03-18T01:25:44.377000;8168d46b-e4ff-4f64-b389-1a2c98b3141d;10.78;4.13844375;SELL
2016-03-18T01:25:49.000000;2016-03-18T01:25:49.467000;23bbce94-f99b-44c3-8b6d-606d6450dfb3;10.78;4.14291988;SELL
2016-03-18T01:25:54.000000;2016-03-18T01:25:54.940000;467a7cb0-b13e-47c5-93ce-8686fce6055c;10.78;4.14291988;SELL
2016-03-18T01:26:13.000000;2016-03-18T01:26:14.327000;09d9f17c-0c17-4031-9582-d7fecd8d7156;10.78;2.85758062;SELL
2016-03-18T01:28:27.000000;2016-03-18T01:28:27.343000;8740c6da-f378-4f2f-aa41-960812371a88;10.718;1.3971501;SELL
2016-03-18T01:29:46.000000;2016-03-18T01:29:46.307000;7cb5c36e-afef-49cd-b5af-0b12510ef530;10.718;4.10014433;SELL
2016-03-18T01:29:50.000000;2016-03-18T01:29:50.920000;0e21612e-85fd-4bff-885a-f891a5d95464;10.718;1.29183352;SELL
2016-03-18T01:30:03.000000;2016-03-18T01:30:03.690000;0a0f4fe5-7bd9-4d12-92a0-357fd49e2d45;10.718;0.74437066;SELL
2016-03-18T01:30:08.000000;2016-03-18T01:30:09.027000;28efcfc2-8674-4834-a531-6d10b7be8b3a;10.718;2.61154717;SELL
2016-03-18T01:30:09.000000;2016-03-18T01:30:09.433000;c98d4ef0-b5da-4ac7-b2aa-cb5cb9981f9c;10.718;8.46489426;SELL
2016-03-18T01:30:11.000000;2016-03-18T01:30:11.260000;5a783b65-8a50-4777-8d2c-5b7403fed17e;10.718;27.30775944;SELL
2016-03-18T01:30:13.000000;2016-03-18T01:30:13.723000;0c06ae77-2149-46b7-af1f-bb2cb39b1456;10.716;2.25109;SELL
2016-03-18T01:30:13.000000;2016-03-18T01:30:13.950000;93302c7d-c695-42a8-b3be-bfb7b31c20b9;10.716;3.390943;SELL
2016-03-18T01:32:18.000000;2016-03-18T01:32:18.227000;a09af6f0-4033-405d-bf4b-b9e3c9ff63b8;10.65;2.79896053;SELL
2016-03-18T01:32:22.000000;2016-03-18T01:32:22.790000;62fcd15f-c976-41a8-b9ae-7999693d36ab;10.65;3.9453146;SELL
2016-03-18T01:33:01.000000;2016-03-18T01:33:01.723000;2213c519-e5cb-4d8b-9d6f-b8395beac143;10.65;2.46880206;SELL
2016-03-18T01:33:04.000000;2016-03-18T01:33:04.473000;86963b9c-24fa-4f58-8bfe-6822e93e62c3;10.65;29.748239;SELL
2016-03-18T01:33:04.000000;2016-03-18T01:33:05.047000;2fe58de6-9b26-4a3e-91fe-ea9c5913da74;10.65;6.73698215;SELL
2016-03-18T01:33:05.000000;2016-03-18T01:33:05.683000;2f0a2c02-ab2e-4e9e-a6a0-a059af00b66b;10.65;6.31107019;SELL
2016-03-18T01:33:10.000000;2016-03-18T01:33:10.697000;609adff2-709d-4c3e-97ae-84a42aa79e9f;10.65;6.28686071;SELL
2016-03-18T01:33:15.000000;2016-03-18T01:33:15.713000;b472b7a7-19c8-4d2f-a233-ccb099f2fd13;10.65;6.28686071;SELL
2016-03-18T01:33:20.000000;2016-03-18T01:33:20.560000;d7180568-46e1-4d73-bf02-afe8146f33ee;10.65;6.28686071;SELL
2016-03-18T01:33:24.000000;2016-03-18T01:33:24.673000;a0bca838-e925-4c45-be59-902150c5344f;10.65;6.28686071;SELL
2016-03-18T01:33:29.000000;2016-03-18T01:33:29.317000;2a989c02-6fd5-4897-a858-e97ec95d9c2c;10.65;6.28718713;SELL
2016-03-18T01:33:33.000000;2016-03-18T01:33:33.453000;8a56acf6-3022-4d55-92ae-e10907ee49e4;10.65;7.54998523;SELL
2016-03-18T01:33:37.000000;2016-03-18T01:33:37.560000;32a6c733-e2e6-471a-9d9c-77fffd6c9a67;10.65;7.51109922;SELL
2016-03-18T01:33:42.000000;2016-03-18T01:33:42.893000;f167a0d8-afd3-4968-a545-f38437fbe2be;10.65;6.28686071;SELL
2016-03-18T01:33:49.000000;2016-03-18T01:33:49.083000;f9e6fafe-fda6-48a4-9510-89007daeda83;10.65;4.42113353;SELL
2016-03-18T01:33:53.000000;2016-03-18T01:33:53.720000;70a83fc9-ea6e-4aa4-8ea4-158ae8a891a0;10.635;5.13432006;SELL
2016-03-18T01:33:58.000000;2016-03-18T01:33:58.467000;64e096cc-ce1e-4ecd-824d-7575bfd312f7;10.635;5.14641357;SELL
2016-03-18T01:34:07.000000;2016-03-18T01:34:07.143000;4b42afea-484a-41f7-91f5-b0a221c1ea29;10.635;5.14707194;SELL
2016-03-18T01:34:12.000000;2016-03-18T01:34:12.517000;73377c15-88f2-4ad0-88c6-206641f1f1c7;10.635;5.14805949;SELL
2016-03-18T01:34:17.000000;2016-03-18T01:34:17.233000;a05616cc-9d07-41fe-b03b-706d8bede307;10.635;5.17209135;SELL
2016-03-18T01:34:23.000000;2016-03-18T01:34:23.747000;e5d257b4-6ea8-45d4-b44b-a2c3edb17f14;10.635;5.14838867;SELL
2016-03-18T01:34:29.000000;2016-03-18T01:34:29.783000;925b16fb-e9a3-4f49-96d5-d6e8b568743d;10.635;1.31646618;SELL
2016-03-18T01:34:35.000000;2016-03-18T01:34:35.500000;b68177a6-550f-43cc-9bae-08fe3a40b113;10.635;5.1727498;SELL
2016-03-18T01:34:39.000000;2016-03-18T01:34:39.687000;2ed12ed5-2067-4f6c-a648-fb6139847060;10.635;5.17209135;SELL
2016-03-18T01:34:43.000000;2016-03-18T01:34:43.817000;48f0d369-3c13-49c1-a094-4026233adbac;10.635;2.38227277;SELL
2016-03-18T01:34:46.000000;2016-03-18T01:34:46.457000;642acb31-018b-4ce2-bdc1-903cc6d64ba8;10.635;44.93211385;SELL
2016-03-18T01:34:46.000000;2016-03-18T01:34:46.473000;3a6f986c-c587-4563-95a1-36d07c7501fd;10.6;92.8027;SELL
2016-03-18T01:34:46.000000;2016-03-18T01:34:46.480000;2f3f86ae-747d-4f52-b6a6-683cad22af77;10.599;5.989235;SELL
2016-03-18T01:34:46.000000;2016-03-18T01:34:46.510000;d66bcb27-63c5-4913-9434-a88f45b20b3b;10.515;6.53730308;SELL
2016-03-18T01:34:46.000000;2016-03-18T01:34:46.510000;0290225d-032d-4864-9eb8-0c4ca6e3af8c;10.515;11.102513;SELL
2016-03-18T01:34:46.000000;2016-03-18T01:34:46.510000;8d23604e-fded-4ce3-84c0-d9b44a74e5ca;10.511;2.495779;SELL
2016-03-18T01:34:46.000000;2016-03-18T01:34:46.510000;a5348a0f-d1f9-4fe1-aa17-c1cc05069b43;10.5;100.0;SELL
2016-03-18T01:34:46.000000;2016-03-18T01:34:46.513000;032646f8-a289-47b2-8eba-c7dd6fe07939;10.5;91.01609278;SELL
2016-03-18T01:35:53.000000;2016-03-18T01:35:53.650000;2dc37b4e-d27f-440d-92d4-06309efdd0c9;10.601;0.26417378;SELL
2016-03-18T01:37:16.000000;2016-03-18T01:37:16.613000;730ede13-1f93-4dab-bab6-ceee294a6687;10.635;3.73;BUY
2016-03-18T01:37:36.000000;2016-03-18T01:37:36.840000;2ee2695f-e869-494c-9ee4-545126057e86;10.635;1.44307902;BUY
2016-03-18T01:37:36.000000;2016-03-18T01:37:36.847000;146f09e4-4825-4d6e-a5bb-54f02e9321e6;10.665;2.437635;BUY
2016-03-18T01:37:36.000000;2016-03-18T01:37:36.860000;b08f6e1f-9361-46db-bd10-d48e11e25bb9;10.716;3.39094229;BUY
2016-03-18T01:37:36.000000;2016-03-18T01:37:36.887000;a99041f0-cb00-4049-96fb-d446bd58cc67;10.716;12.158704;BUY
2016-03-18T01:37:36.000000;2016-03-18T01:37:36.887000;a0f20fc6-f326-4ea9-bac0-f7f0ef004958;10.718;8.46489426;BUY
2016-03-18T01:37:36.000000;2016-03-18T01:37:36.887000;8ed9746f-62f9-4eab-99b1-b5866aa7ef25;10.768;115.664916;BUY
2016-03-18T01:37:36.000000;2016-03-18T01:37:36.887000;0c0be077-9d6a-44a1-b750-d203ba9af3e0;10.768;44.9325;BUY
2016-03-18T01:37:36.000000;2016-03-18T01:37:36.923000;d96dbfb4-2422-42f9-9098-1add8ebcf2e8;10.827;37.49;BUY
2016-03-18T01:37:36.000000;2016-03-18T01:37:36.923000;b2b860f3-4dc6-444a-88b1-df6f1a3c7d07;10.828;79.271503;BUY
2016-03-18T01:37:36.000000;2016-03-18T01:37:36.923000;530393e7-1d28-44af-87af-2899a3e5d3df;10.831;40.87075656;BUY
2016-03-18T01:39:01.000000;2016-03-18T01:39:01.060000;bd3f2c5f-402f-4440-bf8e-73bb93ddb708;10.77;41.404;BUY
2016-03-18T02:35:42.000000;2016-03-18T02:35:42.747000;f1558a94-4a76-4ee7-962f-8cfa37512c45;10.77;0.3712;BUY
2016-03-18T02:35:42.000000;2016-03-18T02:35:42.750000;888e4457-80dd-466e-aa65-540c5df24daa;10.77;9.541e-05;BUY
2016-03-18T02:39:57.000000;2016-03-18T02:39:57.483000;32a11eef-3c1b-4659-bf76-83ec06d8a8cb;10.77;4.91511337;BUY
2016-03-18T02:40:03.000000;2016-03-18T02:40:03.193000;7857f59f-49a2-4411-905c-73a32284d4cd;10.77;3.30959122;BUY
2016-03-18T02:40:03.000000;2016-03-18T02:40:03.193000;d3fa7d8a-13a7-49ca-812d-b3051f041bb1;10.77;1.65634357;BUY
2016-03-18T02:40:30.000000;2016-03-18T02:40:30.767000;e57ef564-4cf4-414c-a45e-2caa77a87dcf;10.77;4.92515551;BUY
2016-03-18T02:40:34.000000;2016-03-18T02:40:34.803000;88de38e1-b836-40da-ad5a-c96d830ef2c2;10.77;4.92515551;BUY
2016-03-18T02:40:38.000000;2016-03-18T02:40:38.963000;1423d05f-3329-427a-aab0-56fe539a49d8;10.77;4.92515551;BUY
2016-03-18T02:40:42.000000;2016-03-18T02:40:42.837000;7d90cd4c-741f-4adf-aef7-908eadff9601;10.77;4.91295222;BUY
2016-03-18T02:40:46.000000;2016-03-18T02:40:46.827000;8093a561-128c-4d14-b411-5b75fe7f7979;10.77;4.89504555;BUY
2016-03-18T02:40:47.000000;2016-03-18T02:40:47.650000;cfd4080e-796f-4c8a-803d-173792604c1e;10.77;23.76019213;BUY
2016-03-18T02:40:55.000000;2016-03-18T02:40:55.260000;57fe8548-5bb7-4f09-b809-a1c3f7aabe43;10.78;4.16524978;BUY
2016-03-18T02:40:59.000000;2016-03-18T02:40:59.443000;c5edc50e-cce1-40d3-9a06-f7bc472f8290;10.78;0.53824144;BUY
2016-03-18T02:41:26.000000;2016-03-18T02:41:27.107000;06263af2-1c08-4233-b659-92f774fcc2bb;10.78;5.51615471;BUY
2016-03-18T02:41:32.000000;2016-03-18T02:41:32.210000;0a4e233e-c78e-44eb-847f-eec56ba6ea1f;10.78;5.51615471;BUY
2016-03-18T02:41:35.000000;2016-03-18T02:41:35.733000;b06c0cb8-0d46-4b17-ba23-ceb800410ba1;10.78;5.51615471;BUY
2016-03-18T02:41:39.000000;2016-03-18T02:41:39.997000;4474f313-7d81-495d-934f-a2274965c4e0;10.78;5.51615471;BUY
2016-03-18T02:41:41.000000;2016-03-18T02:41:41.487000;1b8b48f5-93a4-4737-842e-c451ba0e1abf;10.771;18.62425587;SELL
2016-03-18T02:41:44.000000;2016-03-18T02:41:44.467000;c26236db-a961-4249-9284-1d80a789b3cc;10.78;5.5475824;BUY
2016-03-18T02:41:49.000000;2016-03-18T02:41:49.313000;cdc21c8a-ead5-4b3c-b372-ce2e8002272d;10.78;5.5475824;BUY
2016-03-18T02:41:52.000000;2016-03-18T02:41:53.573000;00ec105e-8c8d-4771-9c27-1fc186bd711b;10.78;5.5475824;BUY
2016-03-18T02:41:57.000000;2016-03-18T02:41:57.137000;89a351f1-f3e9-40f3-8770-8af961bfe0f9;10.78;5.5475824;BUY
2016-03-18T02:42:03.000000;2016-03-18T02:42:03.540000;75f380a3-52fe-4974-bb73-d05fcfe960a5;10.78;1.04156034;BUY
2016-03-18T02:42:07.000000;2016-03-18T02:42:07.493000;76bbae38-cdf3-4edd-af18-97551b793908;10.79;4.78017453;BUY
2016-03-18T02:42:11.000000;2016-03-18T02:42:11.933000;415c0857-64f0-4670-b2a1-ffe3a744f3f6;10.79;3.98669529;BUY
2016-03-18T02:42:13.000000;2016-03-18T02:42:13.827000;6fbcb6c8-6463-4560-90da-62ff823fa5a4;10.79;0.27558;BUY
2016-03-18T02:42:16.000000;2016-03-18T02:42:16.290000;477d794a-5333-4ca4-9c6d-60ece137653e;10.79;4.72842198;BUY
2016-03-18T02:42:46.000000;2016-03-18T02:42:46.423000;a2f0edad-fde6-4e99-8300-1c22a74f0aa2;10.79;10.14947414;BUY
2016-03-18T02:42:49.000000;2016-03-18T02:42:49.373000;7aad7a74-712a-4ac0-bc1c-e7cbf0c11d86;10.79;2.51570037;BUY
2016-03-18T02:42:49.000000;2016-03-18T02:42:49.790000;16da08dc-b2ea-4abc-b73e-0c5e5c2cefb5;10.79;7.63639499;BUY
2016-03-18T02:43:01.000000;2016-03-18T02:43:01.347000;3b3d001e-a37b-4548-9757-547a5047ade8;10.79;6.38180707;BUY
2016-03-18T02:43:12.000000;2016-03-18T02:43:12.630000;b7cb9e83-6b76-4f53-9d5d-a66f7794e63f;10.79;3.60807239;BUY
2016-03-18T02:43:17.000000;2016-03-18T02:43:17.643000;f19968a5-dcb7-4e12-9ddb-fc806c304edc;10.79;5.93767924;BUY
2016-03-18T02:43:21.000000;2016-03-18T02:43:21.387000;1c0a1214-ce3c-4c8c-a967-626cca116b42;10.832;3.89504932;BUY
2016-03-18T02:43:25.000000;2016-03-18T02:43:25.840000;b77b02fe-6f6d-4aaf-a967-338d40f9a030;10.832;1.41486121;BUY
2016-03-18T02:43:42.000000;2016-03-18T02:43:42.780000;ea5b22e7-a1e3-4efa-89c2-fccb97e03782;10.832;0.00567647;BUY
2016-03-18T02:43:42.000000;2016-03-18T02:43:42.787000;9b77427e-84d4-4f06-add3-5c31325520f1;10.84;4.02548403;BUY
2016-03-18T02:43:47.000000;2016-03-18T02:43:47.173000;e67f00d4-f396-4786-8d3e-b7d74fd3a481;10.84;4.28702276;BUY
2016-03-18T02:43:50.000000;2016-03-18T02:43:50.960000;30c79c1a-e7c5-448f-bf72-89ca383df7d3;10.84;4.28702276;BUY
2016-03-18T02:44:07.000000;2016-03-18T02:44:07.163000;fd57fbf1-3782-4914-9965-4576cc7fb1be;10.84;4.28518191;BUY
2016-03-18T02:44:13.000000;2016-03-18T02:44:13.457000;0e76d17e-eff6-4691-b656-a30ebf7184a4;10.84;7.65985018;BUY
2016-03-18T02:44:21.000000;2016-03-18T02:44:22.110000;e146646e-3bb7-4682-89c5-9b5eb14e6bcc;10.84;4.28518191;BUY
2016-03-18T02:44:25.000000;2016-03-18T02:44:26.043000;0009ab96-f9a8-4faa-afee-bf801f27c7e3;10.84;4.28518191;BUY
2016-03-18T02:44:30.000000;2016-03-18T02:44:30.447000;dcba488c-6ea5-445d-8f38-409a644f004d;10.84;4.28518191;BUY
2016-03-18T02:44:34.000000;2016-03-18T02:44:34.910000;8fe0a6e3-375b-4e9f-ba23-06fb070456ba;10.84;4.28518191;BUY
2016-03-18T02:44:41.000000;2016-03-18T02:44:41.703000;857a495f-019e-4010-bfb4-00c5ef8a6803;10.84;4.28518191;BUY
2016-03-18T02:44:46.000000;2016-03-18T02:44:46.223000;ac2d3f90-7b67-4464-8b16-2c93809bb557;10.84;4.02952881;BUY
2016-03-18T02:44:49.000000;2016-03-18T02:44:50.420000;0209a4f4-a2cc-498e-bd27-07c4db96ef48;10.844;3.98734241;BUY
2016-03-18T02:44:54.000000;2016-03-18T02:44:54.673000;3322c8eb-afa1-42c5-b55f-40d1d0f247ad;10.844;3.98734241;BUY
2016-03-18T02:44:57.000000;2016-03-18T02:44:57.877000;58fc17f7-4fb3-48f8-ac03-a8f09e7b7192;10.844;4.04912896;BUY
2016-03-18T02:45:01.000000;2016-03-18T02:45:01.897000;2d1dbbc0-e2b5-4ba2-9ea0-02abf694b81a;10.844;4.04912896;BUY
2016-03-18T02:45:07.000000;2016-03-18T02:45:08.000000;84407c66-769e-4d4d-aca1-b7fcdc90babe;10.844;4.04912896;BUY
2016-03-18T02:45:12.000000;2016-03-18T02:45:12.533000;e1c4dffc-3013-43b9-9344-59235255b127;10.844;4.04912896;BUY
2016-03-18T02:45:16.000000;2016-03-18T02:45:16.573000;a4e584ef-354a-4ad9-817e-6418c55e69a3;10.844;4.04912896;BUY
2016-03-18T02:45:20.000000;2016-03-18T02:45:20.207000;19747b44-6701-4d56-8dd1-6f48ea6af857;10.844;4.04912896;BUY
2016-03-18T02:45:24.000000;2016-03-18T02:45:24.347000;6ee0c1e4-ca24-48d8-9a8f-ebba3a6ca8b2;10.844;3.57695113;BUY
2016-03-18T02:57:29.000000;2016-03-18T02:57:30.043000;a4fde297-5627-4b5e-b5b8-af9ea8be1dd1;10.845;4.49661467;SELL
2016-03-18T02:57:34.000000;2016-03-18T02:57:34.717000;b1376171-a1c7-48a2-a0b1-53caa041a960;10.845;2.79118698;SELL
2016-03-18T02:57:39.000000;2016-03-18T02:57:39.330000;9672a7e1-1eb8-43dd-ad0b-2160d61fe83b;10.845;3.01248217;SELL
2016-03-18T02:57:43.000000;2016-03-18T02:57:44.420000;35b161e4-7f85-4a7d-895c-afad6cee6c6c;10.845;4.03379297;SELL
2016-03-18T02:57:49.000000;2016-03-18T02:57:49.490000;55ed0832-088f-4f6d-b629-ae821e3da5d3;10.846;4.7987934;SELL
2016-03-18T02:57:53.000000;2016-03-18T02:57:53.147000;c783e14f-3196-41bc-96d6-9e1849168911;10.845;4.79011003;SELL
2016-03-18T02:58:01.000000;2016-03-18T02:58:01.560000;7895b527-64eb-4ae5-abec-cee5861aa91f;10.845;4.7891744;SELL
2016-03-18T02:58:06.000000;2016-03-18T02:58:06.857000;ad5def31-e9f7-492d-aaa6-e7b4aab890d7;10.845;0.32971557;SELL
2016-03-18T02:58:06.000000;2016-03-18T02:58:06.863000;68c66121-3505-4cc7-b556-4ab1e04d8b26;10.844;0.47217783;SELL
2016-03-18T02:59:07.000000;2016-03-18T02:59:07.573000;0a2b5ddd-4b27-4e3b-b7dd-204f58ceda29;10.84;0.2556531;SELL
2016-03-18T03:02:18.000000;2016-03-18T03:02:18.443000;ba7eabb4-46cb-43f2-8770-069911840109;10.79;0.42161358;SELL
2016-03-18T03:02:23.000000;2016-03-18T03:02:23.097000;465ea00a-e539-4048-8e07-8b68fab8239b;10.79;1.35708035;SELL
2016-03-18T03:02:30.000000;2016-03-18T03:02:30.550000;6ffb4cc8-e6ba-405c-8648-3033d9b23165;10.78;3.30240863;SELL
2016-03-18T03:03:25.000000;2016-03-18T03:03:25.637000;7cc380c9-6213-43be-9a8f-29907497fd0f;10.78;0.38676015;SELL
2016-03-18T03:03:25.000000;2016-03-18T03:03:25.653000;dd3df856-973c-435e-81ff-bac06bae2fe8;10.77;3.91927799;SELL
2016-03-18T03:03:29.000000;2016-03-18T03:03:29.313000;9cb0fae4-3984-4fa6-95e4-3ee58ebb9961;10.771;0.74751833;SELL
2016-03-18T03:03:44.000000;2016-03-18T03:03:44.717000;7bea4e2d-e085-489a-aeed-ce696b89a621;10.771;4.39150984;SELL
2016-03-18T03:04:30.000000;2016-03-18T03:04:31.517000;07260e06-f108-4a55-bba6-1b522c8701c1;10.79;0.1;BUY
2016-03-18T03:04:50.000000;2016-03-18T03:04:50.873000;cb833a54-ecb5-4f38-9ff1-d91833267d11;10.771;0.70531856;SELL
2016-03-18T03:05:07.000000;2016-03-18T03:05:07.360000;f02b39db-5075-4bc1-a023-2bbfd4c6f85e;10.771;1.41636293;BUY
2016-03-18T03:05:21.000000;2016-03-18T03:05:21.447000;3b1b7a34-16a8-49f3-a2a4-bdddfdaf7dcd;10.771;1.03514767;SELL
2016-03-18T03:05:27.000000;2016-03-18T03:05:27.943000;f9934ee5-be1d-453f-8165-c25b7045e133;10.771;0.98857654;SELL
2016-03-18T03:05:46.000000;2016-03-18T03:05:46.903000;b085a5ee-74a2-42f0-84d0-5ecff658f4c2;10.79;0.1;BUY
2016-03-18T03:10:47.000000;2016-03-18T03:10:47.423000;3bf6a71b-2052-4606-a0a5-f0586f89e896;10.79;0.1;BUY
2016-03-18T03:17:51.000000;2016-03-18T03:17:51.520000;12db6645-193c-4964-9fac-da0a58be0623;10.79;0.1;BUY
2016-03-18T03:18:09.000000;2016-03-18T03:18:09.923000;5a6a2aff-e876-4892-8bfa-0b3e7804f4cd;10.79;0.95708035;BUY
2016-03-18T03:18:09.000000;2016-03-18T03:18:09.950000;cefbbcb9-3f86-4560-b269-db631ca3bcfa;10.79;2.531636;BUY
2016-03-18T03:18:09.000000;2016-03-18T03:18:09.960000;66cb9640-2d83-4482-ac57-be458d0ec7a4;10.84;0.00128365;BUY
2016-03-18T03:27:48.000000;2016-03-18T03:27:48.150000;a7c6d5c6-60b7-45f7-ba97-5b255afb1eba;10.84;0.1;BUY
2016-03-18T03:37:38.000000;2016-03-18T03:37:38.957000;f2b6dcca-4335-4ba1-a8b4-80fc348fc6d9;10.84;0.89871635;BUY
2016-03-18T03:37:38.000000;2016-03-18T03:37:38.957000;8b6d9998-d6eb-4707-bf84-d45f3c97d429;10.84;20.0;BUY
2016-03-18T03:37:38.000000;2016-03-18T03:37:38.960000;ac9bcda7-d3b8-402b-a67f-ffcf62260a14;10.844;0.8018934;BUY
2016-03-18T03:37:38.000000;2016-03-18T03:37:38.997000;4b0b1aed-4a48-4c1f-aac9-ab66d77795cf;10.851;4.45713046;BUY
2016-03-18T03:37:38.000000;2016-03-18T03:37:38.997000;84fa000e-04d0-47b0-b035-8d0aac51cf8f;10.86;10.0;BUY
2016-03-18T03:37:43.000000;2016-03-18T03:37:43.623000;2196f733-26c5-48f9-95c7-7b1080e9d993;10.871;45.2158;BUY
2016-03-18T03:37:43.000000;2016-03-18T03:37:43.643000;b0103a1c-3d28-44a9-bf5d-1f7a7ad18bc3;10.875;2.50317;BUY
2016-03-18T03:37:48.000000;2016-03-18T03:37:48.260000;29e5b351-16bc-458f-8dfd-ffd6e4f44370;10.892;23.69430022;BUY
2016-03-18T03:37:48.000000;2016-03-18T03:37:48.567000;02269c29-3bb7-4493-b57b-4f14d295cfcd;10.892;2.92780778;BUY
2016-03-18T03:37:48.000000;2016-03-18T03:37:48.570000;1f02abc4-00bb-467c-a80e-d4ae702a09f4;10.892;43.0695;BUY
2016-03-18T03:38:19.000000;2016-03-18T03:38:20.603000;e97fced3-f16e-4bf8-9b7c-8e80594aab48;10.938;3.83077751;BUY
2016-03-18T03:38:24.000000;2016-03-18T03:38:24.580000;9055b98a-cc33-4ebb-a96f-7712d1cd4b0d;10.938;0.37831547;BUY
2016-03-18T03:38:37.000000;2016-03-18T03:38:37.977000;cbf02ba8-e3e8-4f0e-842a-ea140fa6bbcf;10.94;1.0;BUY
2016-03-18T03:38:37.000000;2016-03-18T03:38:37.993000;7113dba4-0cc0-4ea4-9242-dc1f79ca0018;10.94;2.83761488;BUY
2016-03-18T03:38:41.000000;2016-03-18T03:38:41.663000;d2b7d232-0831-4418-bb5d-879899f48acb;10.94;3.85679251;BUY
2016-03-18T03:38:44.000000;2016-03-18T03:38:44.920000;92d8dafa-b046-40ed-9386-dd091a855582;10.94;3.30559261;BUY
2016-03-18T03:40:04.000000;2016-03-18T03:40:05.203000;243a4afa-9a06-41e3-8bd2-d5218afa0365;10.94;0.57037935;SELL
2016-03-18T03:40:32.000000;2016-03-18T03:40:32.253000;03ed5ab8-0047-4631-89e4-8f940978c622;10.938;3.49052316;SELL
2016-03-18T03:40:58.000000;2016-03-18T03:40:58.490000;4f29d1a7-e313-47bc-9d31-9b36d15edc01;10.925;45.1042;SELL
2016-03-18T03:41:28.000000;2016-03-18T03:41:28.743000;137bcd2a-3286-4565-b8c0-cbd38347a00c;10.894;2.530334;SELL
2016-03-18T03:41:28.000000;2016-03-18T03:41:28.763000;b38762ad-8ad3-462e-a211-5c872dffa55f;10.892;7.19872914;SELL
2016-03-18T03:42:03.000000;2016-03-18T03:42:03.713000;7e31cf43-c66b-49f4-bd9b-d036e2738c90;10.888;45.0653;SELL
2016-03-18T03:42:03.000000;2016-03-18T03:42:03.730000;78d32c44-a2fe-4ab1-9a0c-93712aaa9805;10.885;4.800059;SELL
2016-03-18T03:42:42.000000;2016-03-18T03:42:42.887000;9e27d826-8d73-49c0-ba02-c6e1a11b10ad;10.87;45.5371;SELL
2016-03-18T03:54:51.000000;2016-03-18T03:54:51.057000;49a49411-4e07-46fe-aa39-f96ade2a96c6;10.94;0.1;BUY
2016-03-18T03:55:01.000000;2016-03-18T03:55:01.683000;81b566df-406b-40f2-b411-007b229dc42a;10.869;2.487172;SELL
2016-03-18T03:55:01.000000;2016-03-18T03:55:01.700000;585d84f0-353d-4d70-8b33-07f94a0a3bf9;10.868;30.0;SELL
2016-03-18T03:55:05.000000;2016-03-18T03:55:05.060000;6462e185-7e81-4192-9a4e-22c1d8d1c0de;10.86;62.17652235;BUY
2016-03-18T03:55:09.000000;2016-03-18T03:55:09.160000;38b09b25-4e62-4563-8093-f37fc190cabb;10.94;0.1;BUY
2016-03-18T03:57:42.000000;2016-03-18T03:57:42.810000;dfccf448-b8a9-4e3f-b2e9-18cf02b35540;10.93;0.1;BUY
2016-03-18T03:58:13.000000;2016-03-18T03:58:13.797000;21ed77f4-64f0-4b3d-ba71-b7eff5053e7b;10.94;4.590478;BUY
2016-03-18T03:58:13.000000;2016-03-18T03:58:13.810000;59eb1546-262a-4a1e-9572-c550270b99ea;10.94;0.34799397;BUY
2016-03-18T03:58:17.000000;2016-03-18T03:58:17.440000;edd580a9-4d5b-47ec-a9ce-53054265a342;10.92;0.1;BUY
2016-03-18T03:58:46.000000;2016-03-18T03:58:46.203000;5b82d9b6-17f2-4d30-bfd8-0c0b8ba38a55;10.94;0.1;BUY
2016-03-18T03:59:37.000000;2016-03-18T03:59:37.070000;ec2a8cc7-9f92-4e4a-a00f-5da141311746;10.935;0.30532249;BUY
2016-03-18T03:59:37.000000;2016-03-18T03:59:37.077000;2e29d4d0-d1ab-4380-9484-18a9f3299e87;10.94;0.42550419;BUY
2016-03-18T03:59:51.000000;2016-03-18T03:59:51.283000;6fc2e7f9-3eaa-4930-867f-285a76d4b2aa;10.94;4.87052675;BUY
2016-03-18T04:07:18.000000;2016-03-18T04:07:18.663000;e9042d88-57e2-4c80-b5d5-8d4f2046f110;10.94;1.5915076;BUY
2016-03-18T04:07:21.000000;2016-03-18T04:07:22.217000;00970c89-6e4d-47ae-ba77-820c3860c2e7;10.94;4.6894371;BUY
2016-03-18T04:08:12.000000;2016-03-18T04:08:12.210000;f82182bb-29e6-416c-b886-3e3fed2e860b;10.94;8.35343769;BUY
2016-03-18T04:08:41.000000;2016-03-18T04:08:41.990000;029f571c-73d0-463a-a502-7066fdd6200e;10.94;9.6215927;BUY
2016-03-18T04:10:57.000000;2016-03-18T04:10:57.360000;ef3cebfc-876b-471f-9cd4-8d7eac17a027;10.94;2.3784073;SELL
2016-03-18T04:11:26.000000;2016-03-18T04:11:27.453000;437e9150-0806-4c99-96f9-eee3dd02a42a;10.94;7.0;BUY
2016-03-18T04:30:08.000000;2016-03-18T04:30:09.320000;dbd424e0-ef37-48e2-a958-f3a1ac4c7b29;10.906;2.483747;SELL
2016-03-18T04:30:58.000000;2016-03-18T04:30:58.423000;3dc3e148-fce6-4c8e-9f34-231e561ae94a;10.94;0.1;BUY
2016-03-18T04:37:58.000000;2016-03-18T04:37:58.953000;5044c8ce-98d3-489d-ac2a-b573ed8f779a;11.009;0.1;BUY
2016-03-18T04:42:10.000000;2016-03-18T04:42:10.273000;cfcf26bb-46eb-45a2-8d90-66baeab6cc1c;11.0;4.077481;SELL
2016-03-18T04:42:15.000000;2016-03-18T04:42:15.250000;94c49955-c7af-4d6d-b451-ec6ad934279c;11.0;0.91082947;SELL
2016-03-18T04:44:13.000000;2016-03-18T04:44:14.033000;2c93036b-b2cb-4157-839f-2c039384bc82;11.0;0.13345739;SELL
2016-03-18T04:44:18.000000;2016-03-18T04:44:18.477000;91275166-9754-40b0-914b-ae6a554e3ff2;11.0;0.13345739;SELL
2016-03-18T04:47:16.000000;2016-03-18T04:47:17.033000;de9548a8-dc64-431c-a3e4-945e7237f38d;11.009;0.1;BUY
2016-03-18T04:48:27.000000;2016-03-18T04:48:27.723000;2e54ee43-e1dd-4d03-a9e8-6498a2e578ae;11.0;3.98250374;SELL
2016-03-18T04:48:30.000000;2016-03-18T04:48:31.053000;7af0f3bb-dc05-40e7-91c0-3a6bb3bae822;11.0;3.98250374;SELL
2016-03-18T04:48:34.000000;2016-03-18T04:48:34.713000;0677ad8d-7ff2-4518-b6d7-7b92263b704f;11.0;4.02036651;SELL
2016-03-18T04:48:38.000000;2016-03-18T04:48:38.230000;73e2fc7b-b651-4a54-b52d-bfca6710297f;11.0;2.75940076;SELL
2016-03-18T05:01:02.000000;2016-03-18T05:01:03.630000;421366a4-fbb3-4347-be71-83156bebe3ca;10.954;4.769996;SELL
2016-03-18T05:01:02.000000;2016-03-18T05:01:03.643000;3c83a574-bacf-4b79-8e40-20ccd16ed50d;10.886;2.478625;SELL
2016-03-18T05:01:02.000000;2016-03-18T05:01:03.647000;f8ab56dd-edc7-43a0-a561-f3c35c8285f2;10.886;7.751379;SELL
2016-03-18T05:09:26.000000;2016-03-18T05:09:26.793000;6a9ea6b5-861e-45d5-b532-88131ff3d8a6;11.0;0.1;BUY
2016-03-18T05:16:24.000000;2016-03-18T05:16:24.237000;6dc107be-a122-45e9-ae5d-74eecb5ab7d7;11.0;2.65940076;BUY
2016-03-18T05:16:24.000000;2016-03-18T05:16:24.247000;c27f6047-47c6-44c6-ba19-cd317850d73d;11.0;29.92177251;BUY
2016-03-18T05:16:24.000000;2016-03-18T05:16:24.403000;08e73140-54ef-4ec8-a6e4-2be19322845a;11.0;0.35;BUY
2016-03-18T05:16:27.000000;2016-03-18T05:16:27.967000;66675fd4-4e96-48c6-b56a-700ce272871f;11.0;9.72822749;BUY
2016-03-18T05:16:27.000000;2016-03-18T05:16:28.013000;9b6c08fe-85a3-41e7-b080-64ffd9f08f0a;11.009;2.277036;BUY
2016-03-18T05:16:27.000000;2016-03-18T05:16:28.023000;e07dc68a-3333-4234-a635-37db9b1737dd;11.009;4.760475;BUY
2016-03-18T05:16:27.000000;2016-03-18T05:16:28.057000;13155ec9-ee74-4886-9fa2-b1e01cbac5ca;11.01;8.9259;BUY
2016-03-18T05:19:46.000000;2016-03-18T05:19:46.673000;d2315255-225a-4ac4-8341-ba1011c6e70a;11.04;0.35;BUY
2016-03-18T05:19:47.000000;2016-03-18T05:19:47.917000;b4ad1c1a-c346-4444-a22b-ad2a404e1a78;11.04;0.65;BUY
2016-03-18T05:19:47.000000;2016-03-18T05:19:47.933000;da45f549-e02d-4aef-b636-06a77b1d1a9a;11.05;31.01115601;BUY
2016-03-18T05:27:03.000000;2016-03-18T05:27:03.510000;dc0ab1d3-8f37-4559-8a15-710c3d0e4d41;11.12;0.1;BUY
2016-03-18T05:27:20.000000;2016-03-18T05:27:20.260000;8daec21c-55c0-4107-be98-d2d8734abb41;11.001;1.0;SELL
2016-03-18T05:27:20.000000;2016-03-18T05:27:20.277000;74039713-ba2c-42c8-ac4c-df899ed8db55;11.001;2.464061;SELL
2016-03-18T05:27:20.000000;2016-03-18T05:27:20.287000;e97dc8b2-3f79-4df3-96b1-d913f2aa6a72;11.0;0.35;SELL
2016-03-18T05:27:20.000000;2016-03-18T05:27:20.313000;7b31de9e-a6e9-480f-828b-e90c97995128;10.954;4.780017;SELL
2016-03-18T05:27:20.000000;2016-03-18T05:27:20.320000;41468260-739f-41dc-a0a1-d7039309930b;10.954;6.405922;SELL
2016-03-18T05:27:30.000000;2016-03-18T05:27:30.547000;6871dcf8-a6bd-4e76-a32b-0a8e715de46a;11.009;4.77024516;BUY
2016-03-18T05:27:31.000000;2016-03-18T05:27:31.903000;bed660e9-2ad4-4b2d-a883-97987277738a;11.009;0.00023084;BUY
2016-03-18T05:30:42.000000;2016-03-18T05:30:43.030000;5802bd71-9bfc-454c-bc96-84602fceb992;11.12;0.26568908;BUY
2016-03-18T05:33:59.000000;2016-03-18T05:34:00.567000;9b1ba69c-2577-4d3c-b14c-32b68a268bb0;11.064;4.439303;SELL
2016-03-18T05:33:59.000000;2016-03-18T05:34:00.580000;aa57102f-ca8f-4808-b294-1ace22dc59ad;11.03;2.444575;SELL
2016-03-18T05:33:59.000000;2016-03-18T05:34:00.587000;015fbc19-c025-4b08-9778-7038b49c9cec;11.009;0.34976916;SELL
2016-03-18T05:35:17.000000;2016-03-18T05:35:18.440000;9ab911ec-d8e1-4b81-8ec8-2676e2aedea2;10.986;2.438514;SELL
2016-03-18T05:36:32.000000;2016-03-18T05:36:32.970000;73da9dc3-3456-40b2-b1d3-3996cd3b6897;10.948;0.46532324;SELL
2016-03-18T05:50:02.000000;2016-03-18T05:50:02.603000;a7de3a4b-f5ea-40ef-b48b-d876d6c7c49e;10.948;3.28324937;SELL
2016-03-18T05:50:06.000000;2016-03-18T05:50:07.007000;8a486de7-cef5-489e-b16e-ab0f0b403098;10.948;0.96228339;SELL
2016-03-18T06:06:42.000000;2016-03-18T06:06:42.663000;f3a56637-aaf5-4659-9af9-413f5df5c316;10.9;4.58194478;SELL
2016-03-18T06:07:45.000000;2016-03-18T06:07:45.983000;8fc9a360-98c9-4487-a8fa-3f4e933b33b3;10.942;0.9989325;BUY
2016-03-18T06:08:51.000000;2016-03-18T06:08:51.903000;fa684317-0da6-415f-8341-c6155ae88de0;10.9;0.41805522;SELL
2016-03-18T06:08:55.000000;2016-03-18T06:08:55.607000;567cbf2a-1d12-4cd8-b9e4-74aad3203557;10.84;4.23964369;SELL
2016-03-18T06:08:59.000000;2016-03-18T06:08:59.653000;48d5a941-df4c-401e-acf7-3c38c9f24de5;10.84;4.20844431;SELL
2016-03-18T06:09:06.000000;2016-03-18T06:09:06.747000;4bae5c03-c78c-463e-9d64-07e0d1112ce2;10.84;2.88655536;SELL
2016-03-18T06:10:07.000000;2016-03-18T06:10:07.297000;ffa69017-5a49-4659-aa2a-6c493e72d9be;10.831;4.999586;SELL
2016-03-18T06:33:28.000000;2016-03-18T06:33:28.503000;316e49dc-e20e-42c9-ba17-e9723f3cab35;10.84;2.88655536;BUY
2016-03-18T06:39:23.000000;2016-03-18T06:39:23.903000;61ad00ee-9c32-46b4-97b4-1433dfaafd7f;10.8;10.3419;SELL
2016-03-18T06:39:31.000000;2016-03-18T06:39:32.217000;5da79df1-09db-4db1-bb3c-16b9f173ea3d;10.749;2.451443;SELL
2016-03-18T06:39:50.000000;2016-03-18T06:39:50.817000;04b3f498-a289-4bef-b0b4-fd79fb3e5132;10.715;5.306626;SELL
2016-03-18T06:50:37.000000;2016-03-18T06:50:37.137000;07d979f7-a62e-4041-ab1b-193ccb22765c;10.636;5.52124122;SELL
2016-03-18T06:50:55.000000;2016-03-18T06:50:55.703000;46e7195b-05e2-4055-8036-2f644d4567af;10.635;11.32942224;SELL
2016-03-18T06:51:05.000000;2016-03-18T06:51:05.500000;672ea5f2-419a-4e46-9c82-ab60fba21d3a;10.635;4.21588049;SELL
2016-03-18T06:51:10.000000;2016-03-18T06:51:10.310000;325223fe-2522-466a-b7a0-a7473bdb1e94;10.635;0.61985416;SELL
2016-03-18T06:51:24.000000;2016-03-18T06:51:24.427000;735e0b58-bfc1-481f-8c65-59ec9b17d55c;10.635;4.41404777;SELL
2016-03-18T06:51:33.000000;2016-03-18T06:51:33.240000;b82d03de-6de2-46f3-8218-dc3bc7537a7c;10.635;179.42079534;SELL
2016-03-18T06:51:38.000000;2016-03-18T06:51:38.307000;7bf089b2-50ac-41e5-b700-3d2f34f7d59d;10.599;4.28753191;SELL
2016-03-18T06:51:42.000000;2016-03-18T06:51:42.227000;de04b73d-d7b6-4eef-9912-b1ca1c3afe5b;10.599;1.34565509;SELL
2016-03-18T06:52:13.000000;2016-03-18T06:52:13.733000;faf99306-7f3a-4fc7-86c6-2164d3079cc2;10.58;0.99999332;SELL
2016-03-18T06:57:37.000000;2016-03-18T06:57:37.143000;92ad5b98-bc56-4d30-8dc8-51899a2c6432;10.522;4.71765713;SELL
2016-03-18T06:57:37.000000;2016-03-18T06:57:37.237000;9a1f1297-ac14-4e45-870b-3f698566410c;10.522;0.26384287;SELL
2016-03-18T07:01:03.000000;2016-03-18T07:01:04.153000;4677a3ea-f6fd-4e85-b2de-3a72f9a375de;10.52;1.46690124;SELL
2016-03-18T07:01:30.000000;2016-03-18T07:01:30.927000;9ac24a91-52f6-4c96-a6e0-2dc1f2080c26;10.558;0.1;BUY
2016-03-18T07:01:37.000000;2016-03-18T07:01:37.877000;125fc240-231a-4ce7-ab88-84240a3c70dd;10.558;0.1;BUY
2016-03-18T07:02:31.000000;2016-03-18T07:02:31.467000;426a05c4-c0e4-4d19-aa7d-d2ad394303b9;10.558;0.1;BUY
2016-03-18T07:02:45.000000;2016-03-18T07:02:45.257000;fdf15e27-2078-4388-99fd-f1310e40fe3e;10.52;8.0507231;SELL
2016-03-18T07:02:48.000000;2016-03-18T07:02:48.673000;3b6a8426-0610-4d28-9ff2-5a3af6cd355a;10.52;8.0507231;SELL
2016-03-18T07:02:52.000000;2016-03-18T07:02:53.007000;b857cead-160a-4cf5-9cf2-1e18caf6858d;10.52;8.0507231;SELL
2016-03-18T07:02:57.000000;2016-03-18T07:02:57.613000;5b83f3e0-d1bf-4c8f-959e-e1eda59bdb5e;10.558;0.1;BUY
2016-03-18T07:02:58.000000;2016-03-18T07:02:58.393000;a092e6d1-ad4c-49b3-b26b-0f7018501dcc;10.52;8.0507231;SELL
2016-03-18T07:03:02.000000;2016-03-18T07:03:02.300000;b538917b-2b94-4347-8e18-adaa82f7eb1e;10.52;8.0507231;SELL
2016-03-18T07:03:07.000000;2016-03-18T07:03:08.347000;20f02fd3-8bb8-4e97-8676-7dfefdcdcd72;10.52;8.09022468;SELL
2016-03-18T07:03:12.000000;2016-03-18T07:03:12.590000;929c18be-9c45-4e66-9dc5-9c36912f8bbf;10.52;8.09022468;SELL
2016-03-18T07:03:17.000000;2016-03-18T07:03:17.160000;8721d7d2-672d-4e0c-9543-9ad88bd6fb52;10.52;8.09022468;SELL
2016-03-18T07:03:20.000000;2016-03-18T07:03:20.797000;9c0e7772-83b2-4e7a-afc1-9113125c24e6;10.52;8.09022468;SELL
2016-03-18T07:03:25.000000;2016-03-18T07:03:25.093000;bac6b16d-f43e-4000-b3ca-6102c3c29ef6;10.52;8.09022468;SELL
2016-03-18T07:03:31.000000;2016-03-18T07:03:31.310000;08ec8660-f5c1-4ce9-8b7b-018c4aa245e7;10.553;0.1;BUY
2016-03-18T07:03:32.000000;2016-03-18T07:03:32.483000;e211ca27-e8c6-42ae-921b-21bd74086826;10.52;8.09022468;SELL
2016-03-18T07:03:36.000000;2016-03-18T07:03:36.363000;32fb3356-7c0d-4bb3-8dad-15071637d95b;10.52;8.09022468;SELL
2016-03-18T07:03:42.000000;2016-03-18T07:03:43.027000;897ef6af-8e0a-410c-9bc0-dbd1b4e9c364;10.52;1.6479105;SELL
2016-03-18T07:03:42.000000;2016-03-18T07:03:43.037000;d41194f3-605d-4a33-8364-9f48724bd7d3;10.518;0.1;SELL
2016-03-18T07:03:42.000000;2016-03-18T07:03:43.063000;9ea4b29e-de96-4bf2-b5b7-8bc6a60a1a4b;10.516;0.1;SELL
2016-03-18T07:03:42.000000;2016-03-18T07:03:43.073000;c426eca4-e439-4d17-9af7-2c60be7ab857;10.515;0.1;SELL
2016-03-18T07:03:42.000000;2016-03-18T07:03:43.103000;aa38fb5c-52d6-4d79-8001-56240f3ee6fc;10.514;0.1;SELL
2016-03-18T07:03:42.000000;2016-03-18T07:03:43.103000;c61f7b83-f118-41cf-9c3f-7bfe332b57b3;10.513;0.1;SELL
2016-03-18T07:03:42.000000;2016-03-18T07:03:43.103000;eb833b90-570c-4256-a0b7-dedb9e6e2919;10.512;0.0474695;SELL
2016-03-18T07:03:57.000000;2016-03-18T07:03:57.887000;c85d189d-9335-49a4-9c77-50d42e1b5e86;10.512;0.0525305;SELL
2016-03-18T07:03:57.000000;2016-03-18T07:03:57.900000;747f91f6-8115-4a16-abaa-764d4042a085;10.511;0.1;SELL
2016-03-18T07:03:57.000000;2016-03-18T07:03:57.910000;4a33296a-be8b-4831-a773-79ba43b87f8d;10.51;0.1;SELL
2016-03-18T07:03:57.000000;2016-03-18T07:03:57.937000;cce7c7a9-3f8c-4fdb-968c-3e1bd2ceada8;10.509;0.1;SELL
2016-03-18T07:04:00.000000;2016-03-18T07:04:00.870000;261aa1bc-8cf4-48fc-88b9-6675230fd841;10.5;8.98390722;SELL
2016-03-18T07:04:00.000000;2016-03-18T07:04:00.873000;4ede8412-f01b-4bae-a6b1-220be5606ba8;10.5;5.974;SELL
2016-03-18T07:04:00.000000;2016-03-18T07:04:00.903000;4ff22e04-5290-434f-8b75-81c44ebed6c7;10.5;18.77537778;SELL
2016-03-18T07:04:03.000000;2016-03-18T07:04:03.967000;fff48772-d700-4995-8a5c-2567678249df;10.5;5.89728928;SELL
2016-03-18T07:04:03.000000;2016-03-18T07:04:03.993000;364c345a-f1af-4d2b-86bd-2101dcc8ba40;10.5;1.42628341;SELL
2016-03-18T07:04:08.000000;2016-03-18T07:04:08.497000;cd099b30-ffda-443e-96c8-3ac38da79470;10.5;2.81011741;SELL
2016-03-18T07:04:08.000000;2016-03-18T07:04:08.533000;4b52990c-51c8-4e7a-ad15-eca130f2b580;10.5;0.35;SELL
2016-03-18T07:04:15.000000;2016-03-18T07:04:15.103000;17a9f94c-979b-4614-8349-875a8ab23ba6;10.5;30.0;SELL
2016-03-18T07:04:18.000000;2016-03-18T07:04:19.287000;ab100265-3c9d-4cf7-8eb2-0b39120dc52d;10.5;1.25313143;SELL
2016-03-18T07:04:19.000000;2016-03-18T07:04:19.663000;3f2df9bd-0e7e-4e40-bb22-7773e4335d30;10.5;27.94399418;SELL
2016-03-18T07:04:20.000000;2016-03-18T07:04:20.437000;d74bb833-8b5d-4fb3-816d-9386403efa97;10.5;13.97199432;SELL
2016-03-18T07:04:32.000000;2016-03-18T07:04:32.300000;5bcc6845-ccfd-4dd4-a6f6-1023fb68e915;10.503;0.1;BUY
2016-03-18T07:04:36.000000;2016-03-18T07:04:36.640000;8203055c-7ae4-478e-b446-767ab94a2b96;10.5;1.95148421;SELL
2016-03-18T07:04:55.000000;2016-03-18T07:04:55.653000;a74870ac-0c0d-4f98-82c0-b4a0ea6a2dd2;10.5;1.09769;SELL
2016-03-18T07:04:56.000000;2016-03-18T07:04:56.390000;dcea7ddc-9f23-4750-b3e8-a907ebe36567;10.5;13.9719941;SELL
2016-03-18T07:05:19.000000;2016-03-18T07:05:19.450000;cce60321-3472-4a08-aa23-ca564f3d68f6;10.5;11.2428836;SELL
2016-03-18T07:05:19.000000;2016-03-18T07:05:20.017000;5a14f8f2-2a4f-45c3-aac9-0125fd9b29a1;10.5;19.30776028;SELL
2016-03-18T07:05:19.000000;2016-03-18T07:05:20.037000;6ebd09c1-e190-44ca-bfee-8f089fe7b406;10.5;14.42552672;SELL
2016-03-18T07:05:22.000000;2016-03-18T07:05:22.287000;5dff184f-4a60-4f97-b8f0-1b544a751d2b;10.5;6.26654728;SELL
2016-03-18T07:05:22.000000;2016-03-18T07:05:22.993000;0f669408-233c-446b-ba84-d905b1e5f0cd;10.5;19.31992215;SELL
2016-03-18T07:05:23.000000;2016-03-18T07:05:23.227000;da5d9940-4ef4-475a-ad06-50e13a4177fa;10.5;9.98800385;SELL
2016-03-18T07:05:23.000000;2016-03-18T07:05:23.240000;d853ad02-6789-44cd-8478-4893280a4e4c;10.5;23.99172546;SELL
2016-03-18T07:05:24.000000;2016-03-18T07:05:24.410000;e393fb3d-ac12-4de5-8b88-9290f1fdebd9;10.5;16.86833229;SELL
2016-03-18T07:05:25.000000;2016-03-18T07:05:25.307000;aa5fe65e-1373-497b-b91f-473ef0d4860e;10.5;2.67952962;SELL
2016-03-18T07:05:29.000000;2016-03-18T07:05:29.927000;e45f4234-ebd6-4ef4-b568-08d2e53346f7;10.5;3.14842143;SELL
2016-03-18T07:05:32.000000;2016-03-18T07:05:32.717000;6e1896a8-da77-4313-b078-f541cbdf5a5c;10.5;3.58497573;SELL
2016-03-18T07:05:35.000000;2016-03-18T07:05:35.550000;c33c38f3-60c5-4bbb-91c1-96bed70acccd;10.5;30.584881;SELL
2016-03-18T07:05:36.000000;2016-03-18T07:05:36.227000;ff2b2f47-6bcd-47f0-af44-df8d43f1ccf3;10.5;2.55072535;SELL
2016-03-18T07:05:50.000000;2016-03-18T07:05:50.297000;b4f6f899-7c2a-4a05-8149-3101e8273495;10.5;5.02580462;SELL
2016-03-18T07:05:58.000000;2016-03-18T07:05:58.650000;03ccb9a3-8dfe-4fa5-8dcb-eda650732793;10.5;2.68154813;SELL
2016-03-18T07:05:59.000000;2016-03-18T07:05:59.697000;fba9d06e-249f-4491-966d-5bb187c6db57;10.5;3.18054809;SELL
2016-03-18T07:06:13.000000;2016-03-18T07:06:13.583000;d0009e47-c65d-4f1a-8f50-4e50e3e6eb54;10.501;1.0;BUY
2016-03-18T07:06:29.000000;2016-03-18T07:06:29.943000;c8c3e173-854b-427c-9d1c-899c51488fb8;10.5;5.70350767;SELL
2016-03-18T07:07:05.000000;2016-03-18T07:07:06.020000;d7a5bed7-fe70-4f4a-894c-5d025d6637da;10.476;0.35;SELL
2016-03-18T07:07:05.000000;2016-03-18T07:07:06.083000;518ab851-6b38-4b6f-aa8f-3ab662ee77d2;10.476;18.51443638;SELL
2016-03-18T07:07:06.000000;2016-03-18T07:07:06.477000;f57092f7-8868-44a3-b6e9-21cf6d4d5871;10.401;6.40703492;SELL
2016-03-18T07:07:06.000000;2016-03-18T07:07:06.530000;80221e5f-d75b-47d7-9d72-7a590994636b;10.4;5.327751;SELL
2016-03-18T07:07:13.000000;2016-03-18T07:07:13.267000;3ed19586-c7fd-45eb-a969-83a9069a1107;10.4;31.24738;SELL
2016-03-18T07:07:14.000000;2016-03-18T07:07:14.427000;06e119c3-428c-4914-b1b2-6a0a16a30bd7;10.4;0.25238;SELL
2016-03-18T07:07:54.000000;2016-03-18T07:07:54.400000;19315f41-0633-4cf1-bb41-3ee44d076e45;10.4;12.52912438;SELL
2016-03-18T07:07:54.000000;2016-03-18T07:07:55.607000;bed30334-a8b6-4478-ab09-aecaf1afc8b3;10.4;0.35;SELL
2016-03-18T07:07:55.000000;2016-03-18T07:07:55.660000;585a7aa0-eedd-4342-a0e0-6cc124bd879b;10.4;11.247214;SELL
2016-03-18T07:07:55.000000;2016-03-18T07:07:56.150000;04e2ef7c-88b2-4bef-a97d-d9825db4ba55;10.4;9.477322;SELL
2016-03-18T07:08:11.000000;2016-03-18T07:08:11.897000;ebe05522-d328-4eb2-8eda-ba257c0c8258;10.4;29.56882862;SELL
2016-03-18T07:08:11.000000;2016-03-18T07:08:11.910000;1a16f91a-225c-4bab-b22a-3cccf78929c9;10.34;16.16060349;SELL
2016-03-18T07:08:11.000000;2016-03-18T07:08:11.927000;be87f839-7f2c-49a1-b404-78411a675721;10.34;56.32623789;SELL
2016-03-18T07:08:14.000000;2016-03-18T07:08:15.080000;3949e54b-d675-4232-9f4a-f3359e977c41;10.34;49.0;SELL
2016-03-18T07:09:25.000000;2016-03-18T07:09:25.363000;83d27976-3fc2-427c-b94f-54af2961c4e7;10.34;3.08848342;SELL
2016-03-18T07:09:35.000000;2016-03-18T07:09:35.233000;f4311584-b99b-4fbc-b982-585e9f3a7c2c;10.34;0.35;SELL
2016-03-18T07:09:35.000000;2016-03-18T07:09:35.490000;84fabb3b-a638-42ee-b322-8fb9af1485f8;10.34;13.97199419;SELL
2016-03-18T07:09:40.000000;2016-03-18T07:09:40.703000;67aec0c5-cc1c-4aac-8e9b-95fd805063fe;10.34;10.76963706;SELL
2016-03-18T07:13:53.000000;2016-03-18T07:13:54.007000;3b9cb046-3910-45c9-9b30-3c99eadea903;10.34;0.12692;SELL
2016-03-18T07:15:57.000000;2016-03-18T07:15:57.903000;04115289-5dd0-4836-8728-d5f7c3a9805e;10.356;2.37;BUY
2016-03-18T07:19:41.000000;2016-03-18T07:19:41.133000;b7fb1ce3-1a85-497a-a55c-304ae1ea0495;10.34;50.0;SELL
2016-03-18T07:19:55.000000;2016-03-18T07:19:55.093000;badc379b-0702-4bf3-abba-66bdcfce5597;10.34;10.0;SELL
2016-03-18T07:21:33.000000;2016-03-18T07:21:33.960000;9a709e08-1fe1-4b98-bc02-1a0c0799eef3;10.34;0.1;SELL
2016-03-18T07:22:47.000000;2016-03-18T07:22:47.623000;1a519992-f5c6-4fa3-bbf5-2f968f6df3cf;10.34;6.26672744;SELL
2016-03-18T07:22:47.000000;2016-03-18T07:22:47.643000;ab19732b-a8b1-420b-8670-14ab7baa129a;10.337;81.35507567;SELL
2016-03-18T07:22:51.000000;2016-03-18T07:22:51.590000;060caca6-bca4-4e4e-a2b1-0047688cf768;10.337;22.60204822;SELL
2016-03-18T07:22:52.000000;2016-03-18T07:22:52.610000;09f6560c-f72f-47a6-a42b-945898b06861;10.337;6.2751151;SELL
2016-03-18T07:28:50.000000;2016-03-18T07:28:51.507000;aa1a3198-5e85-44fd-bb5f-1e7b57883392;10.353;47.6427;BUY
2016-03-18T07:28:50.000000;2016-03-18T07:28:51.517000;af866817-d64a-4357-8739-9a516918c8a9;10.354;2.3573;BUY
2016-03-18T07:31:13.000000;2016-03-18T07:31:13.590000;1c45a655-f37f-402e-8609-04ebf8a39c6e;10.354;0.12728;BUY
2016-03-18T07:33:33.000000;2016-03-18T07:33:33.787000;a91fa98b-cba5-4186-98ea-a93fe36a0c03;10.354;0.091297;BUY
2016-03-18T07:33:33.000000;2016-03-18T07:33:33.793000;546bdd86-3bf0-4300-b581-ca833230b657;10.361;0.035963;BUY
2016-03-18T07:34:44.000000;2016-03-18T07:34:44.207000;9c132373-ec5d-41e0-b2be-65086abb5796;10.361;0.1272;BUY
2016-03-18T07:42:55.000000;2016-03-18T07:42:56.003000;71bd4c40-409b-4d7d-ba6f-7e467a41aef5;10.362;48.1496;BUY
2016-03-18T07:42:55.000000;2016-03-18T07:42:56.007000;5d208364-3cfe-4fdb-861d-69043057a180;10.44;1.8504;BUY
2016-03-18T07:48:54.000000;2016-03-18T07:48:54.910000;ff59458b-e3f2-47d5-a010-313b64843b28;10.342;4.17860927;SELL
2016-03-18T07:48:58.000000;2016-03-18T07:48:59.377000;e9dd5cb3-d609-4b52-b0ac-138e3ecd4e5b;10.342;4.17931778;SELL
2016-03-18T07:49:03.000000;2016-03-18T07:49:03.230000;2b9faaf0-ab43-46ff-9a2f-0af08afaa750;10.342;1.06109169;SELL
2016-03-18T07:49:17.000000;2016-03-18T07:49:17.083000;1c66b335-8af6-4209-889f-a2c07316e9c1;10.342;5.20180432;SELL
2016-03-18T07:49:20.000000;2016-03-18T07:49:20.810000;b85fb932-324d-4153-b1c4-e17609faa72a;10.342;0.60272295;SELL
2016-03-18T07:50:39.000000;2016-03-18T07:50:39.070000;1df766d7-a563-4e76-8e8b-7a8ca711460b;10.342;4.05332801;SELL
2016-03-18T07:50:43.000000;2016-03-18T07:50:43.230000;2987399f-dd66-4da5-b34d-901da5042fcb;10.342;4.04673203;SELL
2016-03-18T07:50:46.000000;2016-03-18T07:50:46.873000;fa8b0540-6deb-4d44-95ef-31bc389c7789;10.342;4.04673203;SELL
2016-03-18T07:53:58.000000;2016-03-18T07:53:58.613000;92f10e89-567c-4a40-b442-0d56e72dc0a5;10.342;4.06768934;BUY
2016-03-18T08:04:50.000000;2016-03-18T08:04:50.373000;56459077-9cc7-4420-ba73-279cdc05e5a0;10.322;1.0;SELL
2016-03-18T08:05:36.000000;2016-03-18T08:05:37.033000;fd49b612-e42c-418c-ae52-d759d45bd96e;10.322;1.017;SELL
2016-03-18T08:06:50.000000;2016-03-18T08:06:50.110000;fb37e37d-4dd2-45ed-8b75-0e7822dfb2b0;10.322;1.017;SELL
2016-03-18T08:21:49.000000;2016-03-18T08:21:49.980000;8c130edc-ede4-448f-8f6a-6970bfc2e832;10.44;0.35;BUY
2016-03-18T08:21:50.000000;2016-03-18T08:21:50.373000;4a7ef07b-fd0a-4eb4-b315-09c9783a468c;10.44;0.418754;BUY
2016-03-18T08:21:50.000000;2016-03-18T08:21:50.383000;648bc397-fec0-447c-bd42-c9c1e4516ff7;10.444;41.54714967;BUY
2016-03-18T08:21:54.000000;2016-03-18T08:21:55.000000;6bbef37f-1981-4ecb-ab81-4944a6ff535c;10.499;47.77888522;BUY
2016-03-18T08:21:56.000000;2016-03-18T08:21:56.643000;292c39a1-bd5d-4940-a8ce-2c54e9afff56;10.5;2.99557818;BUY
2016-03-18T08:22:08.000000;2016-03-18T08:22:08.377000;a7d68540-9c29-47cd-a529-76c700ea1b65;10.499;0.35;SELL
2016-03-18T08:22:16.000000;2016-03-18T08:22:16.777000;c1a12dd9-3378-427a-9220-5d887ef561c3;10.5;0.35;BUY
2016-03-18T08:22:21.000000;2016-03-18T08:22:21.787000;083d743b-8769-4634-9df7-fb945376cab0;10.5;47.15539479;BUY
2016-03-18T08:22:22.000000;2016-03-18T08:22:22.563000;1936cbfe-6d51-457f-9db3-edcc087d74de;10.515;2.60301604;BUY
2016-03-18T08:24:07.000000;2016-03-18T08:24:07.607000;9643299b-fddf-4158-a8a5-a310726c92fd;10.5;0.24997;SELL
2016-03-18T08:31:03.000000;2016-03-18T08:31:03.220000;e539aef4-ae26-4636-8b3a-effb9cd71c8a;10.5;0.10003;SELL
2016-03-18T08:41:38.000000;2016-03-18T08:41:38.207000;2787bf9b-f0c5-47f2-b4ab-135a76c440aa;10.444;0.35;SELL
2016-03-18T08:41:38.000000;2016-03-18T08:41:38.223000;a2da059d-42dc-472a-9317-50d94fa9d1bf;10.334;0.683;SELL
2016-03-18T08:50:28.000000;2016-03-18T08:50:28.477000;a917dbdd-d3fe-4036-9365-26fe8ee85403;10.334;1.84922815;SELL
2016-03-18T08:56:39.000000;2016-03-18T08:56:39.513000;417dc2f2-7d99-4986-8dd8-254ffff1888f;10.31;5.35574655;SELL
2016-03-18T08:56:43.000000;2016-03-18T08:56:43.850000;0d94b1ea-b7f7-4c9a-bd9e-6613cd393022;10.31;4.62944911;SELL
2016-03-18T08:56:47.000000;2016-03-18T08:56:47.420000;1e52c6ea-5457-4098-b569-232f475e1c71;10.31;4.69170317;SELL
2016-03-18T08:56:53.000000;2016-03-18T08:56:53.827000;8425ec2c-9172-4838-ad2d-264543f9e5c8;10.31;4.71245453;SELL
2016-03-18T08:56:57.000000;2016-03-18T08:56:57.793000;0c36c76d-740c-4bc2-9a2e-e76243062dbe;10.31;4.7747086;SELL
2016-03-18T08:57:01.000000;2016-03-18T08:57:01.370000;cf0b16b1-ed1a-4f9f-87ce-5d9f858ea9bf;10.31;4.79545995;SELL
2016-03-18T08:57:06.000000;2016-03-18T08:57:06.440000;f18112c1-929f-47d1-bd79-cd4a7743910d;10.31;3.11128388;SELL
2016-03-18T08:57:10.000000;2016-03-18T08:57:10.927000;fffc3a7d-fd91-419a-883c-8583d635da29;10.31;4.72844923;SELL
2016-03-18T08:57:16.000000;2016-03-18T08:57:16.897000;27d5bdaf-5551-4af8-95b1-87df6f41f4a6;10.31;0.54957288;SELL
2016-03-18T08:57:23.000000;2016-03-18T08:57:23.527000;b8b3eeda-360b-43ff-ba3c-70b656365916;10.31;4.78488585;SELL
2016-03-18T08:57:27.000000;2016-03-18T08:57:27.793000;8b1078bd-5e8e-40c2-aa17-4becd5f261ba;10.31;4.78488585;SELL
2016-03-18T08:57:31.000000;2016-03-18T08:57:31.947000;16a0c3ed-fe2d-4460-997c-302d7ac2b220;10.31;0.80275538;SELL
2016-03-18T08:57:35.000000;2016-03-18T08:57:35.677000;48acc271-67d8-4093-b983-43c1db0dfea5;10.31;3.97570377;SELL
2016-03-18T08:57:39.000000;2016-03-18T08:57:40.090000;1487835c-8ac1-4635-a540-f3d1d66a2a20;10.31;4.72344125;SELL
2016-03-18T08:57:45.000000;2016-03-18T08:57:45.447000;be887fa5-58c8-4bda-8046-c08ab0e1d9b0;10.3;4.28464332;SELL
2016-03-18T08:57:49.000000;2016-03-18T08:57:49.900000;adad622f-4b48-4b04-baa3-8505063d2873;10.3;0.71535668;SELL
2016-03-18T08:57:49.000000;2016-03-18T08:57:49.903000;50d94df0-6e35-4cfd-a883-cc9cd4264b57;10.3;4.22159667;SELL
2016-03-18T08:57:53.000000;2016-03-18T08:57:53.830000;0fc975f1-da4c-4f9d-9f21-7c43e16f3822;10.3;3.03251974;SELL
2016-03-18T08:57:58.000000;2016-03-18T08:57:58.677000;dc2bdbc5-3ce7-4ad0-8f8f-36e76cf32550;10.3;4.90133227;SELL
2016-03-18T08:58:02.000000;2016-03-18T08:58:02.637000;ee13ed11-9efb-4071-b867-803df0a83211;10.3;2.97245556;SELL
2016-03-18T08:58:06.000000;2016-03-18T08:58:06.373000;a968a8fe-e77a-4657-90d6-d790777224f9;10.3;3.98853469;SELL
2016-03-18T08:58:10.000000;2016-03-18T08:58:10.633000;91bcfbee-8855-4d48-9b41-d978c1ae9b83;10.3;0.60172656;SELL
2016-03-18T08:58:15.000000;2016-03-18T08:58:15.653000;336b0bd8-d97e-4513-8a39-92d695513cbd;10.3;0.55934365;SELL
2016-03-18T08:58:17.000000;2016-03-18T08:58:17.953000;913e31ea-f97a-4d24-93a9-d6fb1175bd8b;10.3;23.74293075;SELL
2016-03-18T08:58:17.000000;2016-03-18T08:58:18.007000;bf105f7c-023d-4fc3-8dd9-8c0461c026c9;10.3;3.09690401;SELL
2016-03-18T08:58:18.000000;2016-03-18T08:58:18.080000;4f227222-0ec9-4ea7-82d9-bcb5705946a8;10.3;16.32789031;SELL
2016-03-18T08:58:18.000000;2016-03-18T08:58:18.637000;a8328899-0ff0-41dc-8d9c-569eb8a21032;10.3;20.47827742;SELL
2016-03-18T08:58:18.000000;2016-03-18T08:58:18.803000;d38a00d9-a9de-41aa-97be-cbf08f2a8c4e;10.3;3.28842003;SELL
2016-03-18T08:58:19.000000;2016-03-18T08:58:19.730000;5bb9c59a-f3fd-4450-8d8c-05d972323d2c;10.3;4.24249351;SELL
2016-03-18T08:58:23.000000;2016-03-18T08:58:23.773000;3c71a804-4c48-4601-b2fc-2e10b1064f29;10.3;8.54557483;SELL
2016-03-18T08:58:36.000000;2016-03-18T08:58:36.577000;1b58a9a3-6718-4c8d-85c8-5cf0c47dd709;10.262;1.39;SELL
2016-03-18T08:58:36.000000;2016-03-18T08:58:36.590000;582b431a-acda-4f55-ac8d-d8e9018e9a08;10.262;5.0;SELL
2016-03-18T08:58:36.000000;2016-03-18T08:58:36.590000;f853608a-426e-4f24-b6da-7df2c45cb0fc;10.25;25.0;SELL
2016-03-18T08:58:44.000000;2016-03-18T08:58:44.953000;5e104a91-16b6-4f90-a0e7-c03e538a2072;10.222;47.5333;SELL
2016-03-18T08:58:44.000000;2016-03-18T08:58:44.960000;545fe055-dbf6-410c-9f03-25199c2e796c;10.22;2.4667;SELL
2016-03-18T08:59:08.000000;2016-03-18T08:59:08.537000;e33e9fed-2734-4ab5-a3fc-a2096712ccdb;10.22;9.007449;SELL
2016-03-18T09:06:24.000000;2016-03-18T09:06:24.997000;83eab563-c351-4fd2-81af-b507f5f6ee3e;10.22;0.68500697;SELL
2016-03-18T09:07:46.000000;2016-03-18T09:07:46.130000;7cddf1a3-6d81-449e-9e4c-ad393025d5ec;10.22;7.53548111;SELL
2016-03-18T09:07:46.000000;2016-03-18T09:07:46.140000;8e6d6a7d-db34-49bf-8516-a4c26b3f4da1;10.22;1.51832889;SELL
2016-03-18T09:08:07.000000;2016-03-18T09:08:08.050000;1311453d-6118-45e8-a624-9ea82a56d351;10.22;4.53917;SELL
2016-03-18T09:08:33.000000;2016-03-18T09:08:33.063000;11af873b-1ecc-41db-9dcd-1c0cd6de050d;10.264;0.2;BUY
2016-03-18T09:11:20.000000;2016-03-18T09:11:20.543000;fd03420a-7fcc-4cfa-b54b-6e65ad16978f;10.22;8.8;SELL
2016-03-18T09:12:43.000000;2016-03-18T09:12:43.973000;a3f15b2b-53b2-4bcb-8aae-e601e279b8f5;10.22;3.9174915;SELL
2016-03-18T09:13:05.000000;2016-03-18T09:13:05.587000;8a27c3d2-5207-4165-b589-9bcb0f1440cc;10.22;20.5994019;SELL
2016-03-18T09:13:06.000000;2016-03-18T09:13:06.073000;05d73c5c-ef45-4c2f-8053-8def3a0f1596;10.22;20.5994019;SELL
2016-03-18T09:13:07.000000;2016-03-18T09:13:08.007000;e2e9363d-81a8-400e-af1b-6c8b88e12b51;10.22;20.5994019;SELL
2016-03-18T09:13:09.000000;2016-03-18T09:13:09.490000;f92e8b13-7536-4743-9d24-19d9c78dbcc1;10.22;11.70831815;SELL
2016-03-18T09:13:09.000000;2016-03-18T09:13:09.517000;a8c35d27-85b3-497b-ad35-75f7279c87ef;10.22;1.52717193;SELL
2016-03-18T09:13:19.000000;2016-03-18T09:13:19.303000;bbbdab7a-7c37-4303-8a2c-852c17b7d964;10.22;1.52717193;SELL
2016-03-18T09:15:27.000000;2016-03-18T09:15:27.257000;0199a46d-c8cf-4103-ad1b-fca2552fb0da;10.22;6.53557601;SELL
2016-03-18T09:15:35.000000;2016-03-18T09:15:35.960000;53ec2ee0-5654-4149-ae3c-71a39a419024;10.22;5.71919431;SELL
2016-03-18T09:15:54.000000;2016-03-18T09:15:54.737000;591ad5ad-a24d-4f09-987f-fe14d5c24aa6;10.22;2.64;SELL
2016-03-18T09:15:57.000000;2016-03-18T09:15:57.593000;b925b2b1-7a60-4b77-a70b-76c96fa4f1e3;10.22;3.23037;SELL
2016-03-18T09:16:05.000000;2016-03-18T09:16:05.550000;9c241589-6e38-4049-b47b-b013091c85be;10.22;22.10626846;SELL
2016-03-18T09:16:06.000000;2016-03-18T09:16:06.280000;6c333b4d-ad0f-4d7b-836b-e01ecce2a6af;10.22;20.88909;SELL
2016-03-18T09:16:07.000000;2016-03-18T09:16:07.100000;cf978c67-9693-41d7-923f-9a1d5daad10a;10.22;20.88909;SELL
2016-03-18T09:16:08.000000;2016-03-18T09:16:08.527000;7fcee05c-a525-44a4-b126-6f62930b4603;10.22;20.88909;SELL
2016-03-18T09:16:10.000000;2016-03-18T09:16:10.107000;f2d39a5e-856a-4f86-a02f-1045fc95ce71;10.22;1.76546312;SELL
2016-03-18T09:16:18.000000;2016-03-18T09:16:18.433000;f26c9117-d61f-4a78-8663-df4c559ecc29;10.2;10.27457457;SELL
2016-03-18T09:16:19.000000;2016-03-18T09:16:19.153000;986ea14e-24d6-4f23-9ab8-28613b54a0a9;10.2;1.22475178;SELL
2016-03-18T09:16:20.000000;2016-03-18T09:16:20.983000;8ee50307-fe62-4185-ac51-8afd3667c719;10.2;5.2682773;SELL
2016-03-18T09:16:21.000000;2016-03-18T09:16:21.560000;75ab69d3-7e23-48e1-bdd4-ec956c32eee8;10.2;5.35609401;SELL
2016-03-18T09:16:21.000000;2016-03-18T09:16:21.680000;a441f0de-7378-46b0-be81-f4654f74624a;10.2;7.62430053;SELL
2016-03-18T09:16:22.000000;2016-03-18T09:16:22.783000;a713da63-5fab-41f0-b733-01d7a1d1d11f;10.2;30.0;SELL
2016-03-18T09:16:25.000000;2016-03-18T09:16:25.810000;a4b2d0b1-4ae7-4860-be6f-a20d33b08b0f;10.2;4.03485943;SELL
2016-03-18T09:16:41.000000;2016-03-18T09:16:41.710000;8154f7fa-7c4a-440c-aa78-c32abaf58f44;10.2;11.39885238;SELL
2016-03-18T09:16:42.000000;2016-03-18T09:16:42.847000;921fa615-0269-483d-ae86-3dcd9ad45437;10.2;24.81829;SELL
2016-03-18T09:16:42.000000;2016-03-18T09:16:42.860000;f988c1ce-0964-4d57-a0c4-b66e97e89d42;10.2;1.0;SELL
2016-03-18T09:17:59.000000;2016-03-18T09:17:59.143000;f45b2151-0c18-4684-bbf7-6b0a5c461113;10.14;25.0;SELL
2016-03-18T09:17:59.000000;2016-03-18T09:17:59.157000;480ea0eb-79f6-408a-bf22-7a1d283b72d3;10.113;3.4644944;SELL
2016-03-18T09:17:59.000000;2016-03-18T09:17:59.977000;1646789b-fda5-42df-876e-dfeb5fbe8222;10.113;1.52899354;SELL
2016-03-18T09:18:00.000000;2016-03-18T09:18:00.427000;d4dca3dc-d7ab-4762-83ed-e078d8c4cf9b;10.113;0.42951206;SELL
2016-03-18T09:18:00.000000;2016-03-18T09:18:00.447000;4d153f58-4f50-428e-aae5-15ffaef11e30;10.11;1.09948148;SELL
2016-03-18T09:18:03.000000;2016-03-18T09:18:05.113000;56f37f8b-5185-4960-9b8f-8d773dc77bb5;10.11;1.52899354;SELL
2016-03-18T09:18:10.000000;2016-03-18T09:18:10.707000;047c4880-e3be-4cda-9390-8de17a436748;10.11;1.52899354;SELL
2016-03-18T09:18:11.000000;2016-03-18T09:18:11.527000;393bdb6b-eb7e-4f43-a6d4-62fcf745bccf;10.11;0.35;SELL
2016-03-18T09:18:11.000000;2016-03-18T09:18:11.820000;cf933a38-4e66-4c5b-83d9-3e505ce8fafa;10.11;10.4679386;SELL
2016-03-18T09:18:11.000000;2016-03-18T09:18:11.830000;5c4c5e20-7e83-413c-b215-e9deb08849cd;10.11;1.02459284;SELL
2016-03-18T09:18:11.000000;2016-03-18T09:18:11.840000;0c64ee33-73a3-405a-819b-e94de260ce04;10.11;4.88450106;SELL
2016-03-18T09:18:12.000000;2016-03-18T09:18:12.130000;63916316-8359-4137-90c1-a71745b24b8f;10.11;1.52899354;SELL
2016-03-18T09:18:12.000000;2016-03-18T09:18:12.967000;79d611cd-8aa3-4a18-a45a-75e813e2ab42;10.11;1.22908068;SELL
2016-03-18T09:18:12.000000;2016-03-18T09:18:13.017000;0b94f9ab-69b4-4fe4-8dfb-de558003032b;10.11;1.52899354;SELL
2016-03-18T09:18:13.000000;2016-03-18T09:18:13.263000;b4207058-4ac0-446f-9fd7-4141cd417560;10.11;12.25732462;SELL
2016-03-18T09:18:13.000000;2016-03-18T09:18:13.390000;0c9366c8-8266-4f65-878f-981eb32568b6;10.11;20.02645437;SELL
2016-03-18T09:18:14.000000;2016-03-18T09:18:14.827000;4b5be3a0-62af-4d47-bf3f-cc914938f182;10.11;2.58441305;SELL
2016-03-18T09:18:14.000000;2016-03-18T09:18:14.870000;c140d9a8-9f13-416f-90bd-64b06894cc27;10.11;1.52899354;SELL
2016-03-18T09:18:16.000000;2016-03-18T09:18:17.027000;f8461e9e-3743-4295-b0eb-c3c8a7819a98;10.11;0.62970834;SELL
2016-03-18T09:18:16.000000;2016-03-18T09:18:17.040000;d55d7bb6-11ec-4bf9-95d4-bc4cc20b2dd2;10.11;37.01285691;SELL
2016-03-18T09:18:16.000000;2016-03-18T09:18:17.077000;bebfc4b1-a514-4dc0-afcb-c0003fed54b0;10.11;4.82776395;SELL
2016-03-18T09:18:20.000000;2016-03-18T09:18:20.767000;43af9262-6638-4eb7-b0c3-1d5ccd06ebdd;10.11;3.47695243;SELL
2016-03-18T09:18:20.000000;2016-03-18T09:18:21.247000;683d0725-b27a-4687-bcd6-17197a3bf538;10.11;0.45351555;SELL
2016-03-18T09:18:21.000000;2016-03-18T09:18:21.437000;9ade6eff-fb2d-4dcc-beb1-4fb0a4e89a54;10.11;2.69967818;SELL
2016-03-18T09:18:21.000000;2016-03-18T09:18:21.460000;9c750b46-dd82-413e-bef5-7c1a0803d919;10.11;26.65663587;SELL
2016-03-18T09:18:21.000000;2016-03-18T09:18:21.873000;d7be7df4-4a2c-4bf6-8bc4-536e42b41799;10.11;1.52899354;SELL
2016-03-18T09:18:21.000000;2016-03-18T09:18:21.917000;8fd1562e-9feb-4626-a394-0ac4372454e9;10.11;16.72422531;SELL
2016-03-18T09:18:21.000000;2016-03-18T09:18:21.977000;24d59efa-eccb-4b8f-9085-2919e293440c;10.11;2.1814207;SELL
2016-03-18T09:18:24.000000;2016-03-18T09:18:24.727000;efc3472d-8b5b-4757-a54d-837e8080eb77;10.11;1.96334769;SELL
2016-03-18T09:18:25.000000;2016-03-18T09:18:25.910000;1dd42718-6b2b-4f11-92a1-72892cacf4a8;10.11;1.96334769;SELL
2016-03-18T09:18:27.000000;2016-03-18T09:18:27.090000;b5317065-ce92-47ea-8ec3-8ca23743565a;10.11;1.96334769;SELL
2016-03-18T09:18:28.000000;2016-03-18T09:18:28.403000;66f5eb56-746a-4ad5-979a-916f9255b618;10.11;1.96334769;SELL
2016-03-18T09:18:55.000000;2016-03-18T09:18:55.240000;9b42b166-5de5-4857-912f-d302f6952ed4;10.11;30.0;SELL
2016-03-18T09:18:55.000000;2016-03-18T09:18:55.670000;20428dd0-b0aa-4b74-9a06-c42df1d917a5;10.11;1.06;SELL
2016-03-18T09:18:56.000000;2016-03-18T09:18:56.663000;32467432-c281-41d6-b5ea-c4027bc0c586;10.11;5.04910994;SELL
2016-03-18T09:18:57.000000;2016-03-18T09:18:57.233000;c4ebdc81-601e-4b3e-b1d1-045d6c40544b;10.11;4.43409767;SELL
2016-03-18T09:18:59.000000;2016-03-18T09:18:59.110000;0e82cd48-9248-43c3-a1b5-4574df282d31;10.11;13.4395887;SELL
2016-03-18T09:19:02.000000;2016-03-18T09:19:02.843000;7ffa6e2b-724d-45e0-be72-6c11562f92c4;10.11;9.43355404;SELL
2016-03-18T09:19:05.000000;2016-03-18T09:19:05.867000;9465fa70-d50d-411e-9c28-08674d3aaa24;10.11;4.43484922;SELL
2016-03-18T09:19:06.000000;2016-03-18T09:19:06.137000;57010f2b-c75b-48d3-89d7-b25d67577093;10.11;0.99515078;SELL
2016-03-18T09:19:08.000000;2016-03-18T09:19:10.023000;2be1c6e2-8bfa-4196-8224-1eea8afbd782;10.11;0.61665371;SELL
2016-03-18T09:19:13.000000;2016-03-18T09:19:13.517000;c45ff668-9a8a-49f5-a174-dbf4513f3961;10.1;10.0;SELL
2016-03-18T09:19:13.000000;2016-03-18T09:19:13.573000;214c7362-0d7a-471c-8cf5-4b5413bbf80e;10.1;50.0;SELL
2016-03-18T09:19:13.000000;2016-03-18T09:19:13.577000;d61e2928-6961-4872-a67d-2e9041734a93;10.1;30.0;SELL
2016-03-18T09:19:13.000000;2016-03-18T09:19:13.610000;0ff0b9f7-b7b0-40da-ada4-6bf2c0242796;10.09;19.69463708;SELL
2016-03-18T09:19:13.000000;2016-03-18T09:19:13.613000;bd396845-6a2b-493a-9f08-92e5449f64ee;10.09;25.0;SELL
2016-03-18T09:19:13.000000;2016-03-18T09:19:13.613000;0e6547bc-a452-463e-a3c3-6ffda68c76d3;10.019;1.72;SELL
2016-03-18T09:19:13.000000;2016-03-18T09:19:13.613000;f80f671b-b63e-4198-99f9-a3f51d4ce176;10.014;48.6962;SELL
2016-03-18T09:19:13.000000;2016-03-18T09:19:13.613000;547405f4-e5d6-4eac-b8ab-9ca74dd57af8;10.01;5.0;SELL
2016-03-18T09:19:13.000000;2016-03-18T09:19:13.613000;3c3e73e4-351e-4cbd-8def-af8526f9bcda;10.01;20.9592;SELL
2016-03-18T09:19:13.000000;2016-03-18T09:19:13.613000;46a96b7e-f94f-4327-8328-4c22e0f002e5;10.001;85.56;SELL
2016-03-18T09:19:13.000000;2016-03-18T09:19:13.613000;ef49ede9-c854-4236-90a0-36d5c8edfb5b;10.0;1.0;SELL
2016-03-18T09:19:13.000000;2016-03-18T09:19:13.613000;5296bfb3-b970-416d-a1d8-8136ea7d010e;10.0;0.5;SELL
2016-03-18T09:19:13.000000;2016-03-18T09:19:13.617000;a7c1acb6-db26-48a2-97be-fafc95fa3fc2;10.0;5.0;SELL
2016-03-18T09:19:13.000000;2016-03-18T09:19:13.650000;b9273d1d-69dc-41e7-aee3-1b3f0ab75c5d;10.0;50.0;SELL
2016-03-18T09:19:13.000000;2016-03-18T09:19:13.650000;ebeea642-fcb5-4e6f-90c8-026e4c040035;10.0;0.5;SELL
2016-03-18T09:19:13.000000;2016-03-18T09:19:13.650000;19e8460d-25f1-4365-909a-9b868486979b;10.0;300.0;SELL
2016-03-18T09:19:13.000000;2016-03-18T09:19:13.650000;0e82fe30-77d1-4afb-8208-550311789b7a;9.9;24.4287;SELL
2016-03-18T09:19:13.000000;2016-03-18T09:19:13.650000;4a9b1547-7c3e-4a6c-8243-f778aa98c86c;9.9;12.860776;SELL
2016-03-18T09:19:13.000000;2016-03-18T09:19:13.650000;a4b78276-4a11-48ed-a24b-94d5b28ed8c0;9.801;19.08048692;SELL
2016-03-18T09:20:04.000000;2016-03-18T09:20:04.623000;ed584f3c-153e-4c15-aa5b-3715f23e67aa;9.852;85.27;SELL
2016-03-18T09:20:04.000000;2016-03-18T09:20:04.643000;809a06b9-8730-4e3f-90ce-2a09ff0495b2;9.851;200.0;SELL
2016-03-18T09:20:04.000000;2016-03-18T09:20:04.647000;e8975345-b1ff-4f1f-b1e5-8cd5f415527b;9.851;2.18948331;SELL
2016-03-18T09:20:04.000000;2016-03-18T09:20:04.683000;465d6387-fc89-4583-83c1-b899b29de0db;9.85;17.35366323;SELL
2016-03-18T09:20:04.000000;2016-03-18T09:20:04.683000;dcc02db0-cdcd-4b2a-b0c0-c1c3e4368a3f;9.847;5.08084677;SELL
2016-03-18T09:20:04.000000;2016-03-18T09:20:04.683000;51182170-efa6-444b-b781-9021962ce747;9.846;190.10600669;SELL
2016-03-18T09:20:04.000000;2016-03-18T09:20:05.337000;8afd7feb-3a34-4679-9549-7977999ca62f;9.846;151.48642431;SELL
2016-03-18T09:20:04.000000;2016-03-18T09:20:05.343000;f0edee8e-b35e-4e86-98a1-3dcf54ab0a05;9.846;13.123998;SELL
2016-03-18T09:20:04.000000;2016-03-18T09:20:05.357000;201324f6-8b5e-448d-80af-7907d899d3df;9.836;30.0;SELL
2016-03-18T09:20:04.000000;2016-03-18T09:20:05.383000;b84f7a44-6699-4a7f-8788-4fbb590d384e;9.8;10.0;SELL
2016-03-18T09:20:04.000000;2016-03-18T09:20:05.383000;b09ddac1-7be4-4e4a-b41b-9e5b1c1147ce;9.776;2.11;SELL
2016-03-18T09:20:04.000000;2016-03-18T09:20:05.383000;4745c526-dc7b-489f-97cc-9cafbb549e54;9.75;5.0;SELL
2016-03-18T09:20:04.000000;2016-03-18T09:20:05.420000;55c7a99a-c0e5-447a-a82c-010607ddd621;9.61;1.0;SELL
2016-03-18T09:20:04.000000;2016-03-18T09:20:05.420000;1cd6b803-7d29-4e4c-bff2-33b2b051068f;9.59;50.0;SELL
2016-03-18T09:20:04.000000;2016-03-18T09:20:05.420000;479c45e9-f49f-4506-bea0-51112f8d65d3;9.59;17.17957769;SELL
2016-03-18T09:20:04.000000;2016-03-18T09:20:05.460000;217e498e-f2b9-463d-b700-354444017664;9.59;32.82042231;SELL
2016-03-18T09:20:04.000000;2016-03-18T09:20:05.463000;a979facf-1119-43d9-93eb-48ca31146cff;9.533;2.6;SELL
2016-03-18T09:20:04.000000;2016-03-18T09:20:05.463000;1587609c-d8fa-4202-8a82-facf54039f7b;9.5;10.0;SELL
2016-03-18T09:20:04.000000;2016-03-18T09:20:05.500000;a2f675ef-d716-4ecf-86c1-e620c3a7f8fc;9.5;4.57957769;SELL
2016-03-18T09:23:38.000000;2016-03-18T09:23:39.120000;b43d17ba-f4d8-439d-97f0-e998b1fc4230;9.932;0.5040716;SELL
2016-03-18T09:23:56.000000;2016-03-18T09:23:56.667000;8d7a4411-9525-477e-8210-56cfb02fae6c;10.053;2.573427;BUY
2016-03-18T09:23:56.000000;2016-03-18T09:23:56.673000;864cfe56-9736-42c0-a905-083a85bd6d01;10.062;49.0574;BUY
2016-03-18T09:23:56.000000;2016-03-18T09:23:56.680000;7f393cf1-bd84-444d-8aa8-4c7c28d891ed;10.066;0.99515078;BUY
2016-03-18T09:23:57.000000;2016-03-18T09:23:57.977000;057e35da-79b1-42be-8e8b-c1805b6d81aa;10.062;48.852;BUY
2016-03-18T09:24:05.000000;2016-03-18T09:24:05.950000;317756a0-4422-4770-9f66-84df140fd0d7;10.106;9.52517911;BUY
2016-03-18T09:24:05.000000;2016-03-18T09:24:05.960000;a4576f42-9a7a-46ab-b610-d39e0aecca1f;10.107;49.138;BUY
2016-03-18T09:24:05.000000;2016-03-18T09:24:05.967000;926a887f-fc3d-4b03-8aca-c39ee956144d;10.109;84.61750467;BUY
2016-03-18T09:24:07.000000;2016-03-18T09:24:07.413000;08396d19-d991-42c4-b478-a0bb84c79605;10.09;7.037145;SELL
2016-03-18T09:24:07.000000;2016-03-18T09:24:07.827000;8c8d4a05-1f62-48b5-8a42-ea11734d0d89;10.106;20.39939646;BUY
2016-03-18T09:24:07.000000;2016-03-18T09:24:07.837000;d9b17b20-99b8-42be-8d04-add77d8d9ceb;10.107;28.73860354;BUY
2016-03-18T09:24:08.000000;2016-03-18T09:24:08.383000;4c719ee1-3e00-4cfe-8a41-52a8c98963e6;10.107;20.75749646;BUY
2016-03-18T09:24:08.000000;2016-03-18T09:24:08.393000;61599989-7226-48bd-b963-057cad734283;10.108;18.66158059;BUY
2016-03-18T09:24:08.000000;2016-03-18T09:24:08.407000;8daa01ae-2139-4871-80ba-c66a7fde8c8b;10.109;18.94493933;BUY
2016-03-18T09:24:08.000000;2016-03-18T09:24:08.433000;fab0cb28-fd44-47ea-8859-f1594e88a69d;10.11;0.61665371;BUY
2016-03-18T09:24:08.000000;2016-03-18T09:24:08.433000;69140048-0d8b-4b81-8fa7-319ab8136296;10.11;0.2;BUY
2016-03-18T09:24:08.000000;2016-03-18T09:24:08.740000;93722502-69b1-471b-a0dd-39021bc343e4;10.116;1.36900372;SELL
2016-03-18T09:24:09.000000;2016-03-18T09:24:09.333000;afbeb876-d34b-40d6-ae0f-ec8d3a112f19;10.116;5.4155329;SELL
2016-03-18T09:25:34.000000;2016-03-18T09:25:34.637000;00c220f5-fbb6-4783-a837-efa98a61d621;10.141;0.2;BUY
2016-03-18T09:25:54.000000;2016-03-18T09:25:54.553000;d6d2daf3-f6ef-45e0-a196-ed8b5349de33;10.187;1.96491692;BUY
2016-03-18T09:25:54.000000;2016-03-18T09:25:54.577000;1d984202-125c-4a41-9a93-1ebe53c2bc55;10.187;0.14190016;BUY
2016-03-18T09:25:55.000000;2016-03-18T09:25:55.503000;de799a33-2ae7-4c83-9d11-ce8d77364be2;10.187;4.67293739;BUY
2016-03-18T09:25:57.000000;2016-03-18T09:25:57.423000;cdd03cfe-9e4d-48e0-a616-9d5da786cc9c;10.187;1.53192868;BUY
2016-03-18T09:25:57.000000;2016-03-18T09:25:57.770000;4c2ffe48-0039-4487-9b7a-9f808ce57463;10.187;11.74478649;BUY
2016-03-18T09:26:01.000000;2016-03-18T09:26:01.597000;1194db58-1a3b-4642-ae22-127689a89e7d;10.187;17.49336982;BUY
2016-03-18T09:26:01.000000;2016-03-18T09:26:01.617000;59a5f68d-64b9-4c15-9ed8-f70cd24f07b1;10.187;2.28174389;BUY
2016-03-18T09:26:08.000000;2016-03-18T09:26:08.223000;22b228a8-6df7-4639-a114-43cf32c3e43d;10.197;0.8481289;BUY
2016-03-18T09:26:11.000000;2016-03-18T09:26:11.160000;8e2b835a-1535-484b-87a7-7cffb481f7c8;10.196;1.39256611;BUY
2016-03-18T09:26:12.000000;2016-03-18T09:26:12.117000;570e346b-e6c9-4765-b782-24481ddda32c;10.196;0.47761226;BUY
2016-03-18T09:26:12.000000;2016-03-18T09:26:12.650000;28de99cb-4bf2-4d50-bb3f-a0fafbd17b49;10.196;3.66169404;BUY
2016-03-18T09:26:13.000000;2016-03-18T09:26:13.643000;7ffe241a-395b-46dd-ac95-e21a6d7761f2;10.195;2.44326212;BUY
2016-03-18T09:26:17.000000;2016-03-18T09:26:17.170000;f51f9bad-05ce-4b3e-a825-4740daa6d61e;10.194;2.47200533;BUY
2016-03-18T09:26:17.000000;2016-03-18T09:26:17.473000;8ffea5a3-6d52-44de-ad52-40c33a0c7ebc;10.194;4.1105631;BUY
2016-03-18T09:26:20.000000;2016-03-18T09:26:20.737000;3684b60c-3194-402a-9ead-a756bab5e881;10.108;0.27266258;SELL
2016-03-18T09:27:17.000000;2016-03-18T09:27:18.277000;f5f2ff4f-37e9-4493-a290-21c5140c8d04;10.243;48.8343;BUY
2016-03-18T09:27:17.000000;2016-03-18T09:27:18.297000;b0522114-70fb-43e0-be15-dc08cb269be1;10.244;11.70831815;BUY
2016-03-18T09:27:17.000000;2016-03-18T09:27:18.317000;4b2f1503-5117-4b42-abf7-1623e274d099;10.244;4.75033191;BUY
2016-03-18T09:27:17.000000;2016-03-18T09:27:18.337000;819831ee-bc72-4813-b1d9-fd2ca357560c;10.245;6.04428157;BUY
2016-03-18T09:27:17.000000;2016-03-18T09:27:18.337000;6d038bef-65d8-4698-a58f-40f45fd2b778;10.257;2.67352;BUY
2016-03-18T09:27:17.000000;2016-03-18T09:27:18.337000;2210b192-5b1c-48d3-97b4-a32900559858;10.257;8.269532;BUY
2016-03-18T09:27:17.000000;2016-03-18T09:27:18.337000;3b75f87f-7b47-43cf-a9b2-aa3440cf53ef;10.3;0.5789921;BUY
2016-03-18T09:27:17.000000;2016-03-18T09:27:18.337000;4dce89e2-3e71-4254-9751-087c8e4233a0;10.31;0.39873081;BUY
2016-03-18T09:27:17.000000;2016-03-18T09:27:18.337000;39b1fb34-f3c3-4cfd-9493-4f5adf929614;10.351;16.74199346;BUY
2016-03-18T09:29:30.000000;2016-03-18T09:29:30.973000;2ff268eb-9e69-4c4b-97a2-36b9e7419c84;10.118;48.2876;SELL
2016-03-18T09:30:14.000000;2016-03-18T09:30:14.607000;ff29c246-b420-4c03-b303-a86ea73c0238;10.09;24.454855;SELL
2016-03-18T09:30:14.000000;2016-03-18T09:30:15.063000;5b225b25-0c83-41dc-b473-fccdb0c635ae;10.09;9.524855;SELL
2016-03-18T09:30:16.000000;2016-03-18T09:30:16.317000;7307aa21-dac5-45f1-bb96-f650b6add46b;10.09;7.835145;SELL
2016-03-18T09:30:16.000000;2016-03-18T09:30:16.893000;90566a0e-167c-4efb-aacd-7cbc942b2f93;10.08;2.414135;SELL
2016-03-18T09:30:34.000000;2016-03-18T09:30:35.277000;d796ae2d-54d6-4087-96e2-291aa7624412;10.058;2.573427;SELL
2016-03-18T09:30:35.000000;2016-03-18T09:30:35.310000;6c8c62be-a5f1-4f31-be45-891924bab3ae;10.051;1.71571394;BUY
2016-03-18T09:30:38.000000;2016-03-18T09:30:38.543000;00b3fb98-f00b-4e49-8907-4adaf885fb8f;10.053;0.85771306;BUY
2016-03-18T09:30:38.000000;2016-03-18T09:30:38.790000;a7d76890-d11d-4f64-afe3-b699801101eb;10.05;0.85771306;SELL
2016-03-18T09:30:39.000000;2016-03-18T09:30:39.293000;77bdf4be-1b27-4f32-81d2-b4d7309fa690;10.05;35.63738585;SELL
2016-03-18T09:30:57.000000;2016-03-18T09:30:57.663000;5ffa22f4-6bc5-44af-9ab4-da075728db74;10.013;7.6620442;SELL
2016-03-18T09:31:06.000000;2016-03-18T09:31:06.730000;84a7111d-6cff-49ee-b569-46e5b101fc99;10.013;22.25934431;SELL
2016-03-18T09:31:10.000000;2016-03-18T09:31:10.050000;af3252b6-ee97-43e6-9049-f42558526619;9.975;2.67802;SELL
2016-03-18T09:31:31.000000;2016-03-18T09:31:31.397000;f096161a-e7aa-40f4-abda-099a67d06a3b;9.975;5.50190136;SELL
2016-03-18T09:31:31.000000;2016-03-18T09:31:31.877000;3e0b0133-45e3-4988-acb8-b40d4cbe98f3;9.975;3.16512021;SELL
2016-03-18T09:33:25.000000;2016-03-18T09:33:25.983000;10dc2191-ba5d-4e9f-8f06-9ddcb29e5869;9.932;10.91770676;SELL
2016-03-18T09:47:53.000000;2016-03-18T09:47:54.337000;726864e0-bfb2-4d0c-bb82-7efc79aa2ce4;9.7999;5.56791234;SELL
2016-03-18T09:47:53.000000;2016-03-18T09:47:54.353000;c7cdf087-fa1f-44a1-909b-d43a864dda41;9.7989;2.67802;SELL
2016-03-18T09:47:53.000000;2016-03-18T09:47:54.373000;713c51c0-1f0f-46db-bb4d-fc47be316b76;9.772;2.09596766;SELL
2016-03-18T09:55:05.000000;2016-03-18T09:55:05.310000;46d8c07e-227c-4fbd-a531-03ed333cade5;9.845;7.53226391;BUY
2016-03-18T09:55:05.000000;2016-03-18T09:55:05.333000;a3cfa58e-f0e0-4c33-a34c-f01904f31d1b;9.846;50.7909;BUY
2016-03-18T09:55:05.000000;2016-03-18T09:55:05.340000;2dcce052-e9ae-41df-b42e-518a6560e62f;9.847;2.88555809;BUY
2016-03-18T09:55:05.000000;2016-03-18T09:55:06.020000;a7f2caba-64b3-4917-a99a-0e10d0c3e85d;9.85;8.41099302;SELL
2016-03-18T09:55:06.000000;2016-03-18T09:55:06.640000;ae76033d-03b3-495c-9f11-518697c2cf6e;9.85;2.88555809;SELL
2016-03-18T09:55:06.000000;2016-03-18T09:55:06.713000;08f8ab54-03f7-4969-8b35-d2f2d8f56a03;9.85;5.29581042;SELL
2016-03-18T09:55:07.000000;2016-03-18T09:55:07.447000;79b6f8dc-9249-42d6-aa46-5e7e948ef530;9.85;14.38494037;SELL
2016-03-18T09:55:07.000000;2016-03-18T09:55:07.453000;1125e426-64ef-47a1-a478-b60492b3fb84;9.85;1.87629657;SELL
2016-03-18T09:55:07.000000;2016-03-18T09:55:07.857000;973b91ad-9856-4ccf-aa34-b2faa5780e7c;9.85;32.462433;SELL
2016-03-18T09:55:08.000000;2016-03-18T09:55:08.230000;c8c22073-60f5-4c70-af35-d5c5f7d14cea;9.85;9.95563076;SELL
2016-03-18T09:55:08.000000;2016-03-18T09:55:08.600000;a6c44c8c-66a3-4c7a-b36f-1210c155b62b;9.85;3.5413906;SELL
2016-03-18T09:55:08.000000;2016-03-18T09:55:08.653000;e457b424-9f57-46e8-9315-f5472183b944;9.85;0.46192051;SELL
2016-03-18T09:55:09.000000;2016-03-18T09:55:09.647000;053bd190-d09e-4882-9156-b10e619319f8;9.85;15.12958248;SELL
2016-03-18T09:55:09.000000;2016-03-18T09:55:09.727000;26e91d2c-0d13-41f1-b244-a43ed68454bc;9.85;1.9734238;SELL
2016-03-18T09:55:10.000000;2016-03-18T09:55:10.180000;cfbc113c-95bd-450a-a9ec-8967f9ae98c7;9.85;22.61038;SELL
2016-03-18T09:55:10.000000;2016-03-18T09:55:10.337000;53d7bf0d-1b91-4d11-99bc-04831c816078;9.85;14.62563707;SELL
2016-03-18T09:55:10.000000;2016-03-18T09:55:10.350000;79664f3d-f66f-48c5-8a3c-ed6dfc3bbe39;9.85;1.90769179;SELL
2016-03-18T09:55:11.000000;2016-03-18T09:55:11.417000;7738f244-1930-47f7-9bc2-52fe1c4adccf;9.85;16.97245474;SELL
2016-03-18T09:55:11.000000;2016-03-18T09:55:11.510000;4c9518a7-b66d-4ba6-b591-91a64c8a9fb4;9.85;2.21379844;SELL
2016-03-18T09:55:11.000000;2016-03-18T09:55:11.577000;92bfec16-2908-4e03-a8a1-9a4844182c2b;9.85;27.15066123;SELL
2016-03-18T09:55:12.000000;2016-03-18T09:55:13.470000;6cd3067c-8b09-413e-a536-e1fec4416a35;9.85;22.57679966;SELL
2016-03-18T09:55:13.000000;2016-03-18T09:55:13.697000;a21c2f0b-3d95-429b-85d8-ecac9258fa16;9.85;8.95988544;SELL
2016-03-18T09:55:18.000000;2016-03-18T09:55:19.060000;52f38d7e-636e-4435-a78f-8fe864755793;9.65;8.38903531;SELL
2016-03-18T09:55:18.000000;2016-03-18T09:55:19.070000;86623f04-d320-42ae-ba75-433fbeaefd4b;9.649;7.416482;SELL
2016-03-18T09:55:18.000000;2016-03-18T09:55:19.087000;c2d6ba09-dca7-48af-8dcb-41e761d5e21d;9.634;68.7;SELL
2016-03-18T09:55:18.000000;2016-03-18T09:55:19.113000;42846a6a-bc35-4a47-be4b-567a2ed7e9a9;9.632;30.0;SELL
2016-03-18T09:55:18.000000;2016-03-18T09:55:19.137000;82944319-18db-4167-b141-c1321b711ef6;9.588;51.4396;SELL
2016-03-18T09:55:18.000000;2016-03-18T09:55:19.153000;8ce69d50-ea5f-4463-840f-b73c0647b664;9.552;200.0;SELL
2016-03-18T09:55:18.000000;2016-03-18T09:55:19.160000;8bbfdd6c-e424-4f28-b9b6-19933c77d087;9.551;34.28488269;SELL
2016-03-18T09:56:05.000000;2016-03-18T09:56:05.610000;4fda081a-a437-49b2-8917-4f266c2b5a93;9.622;63.06;SELL
2016-03-18T09:56:05.000000;2016-03-18T09:56:05.630000;49d741d6-2f75-488a-9c2d-61470e8e6955;9.622;6.36016557;SELL
2016-03-18T09:56:05.000000;2016-03-18T09:56:05.637000;e26cede8-a93f-4eac-9203-541c50625810;9.618;16.03961325;SELL
2016-03-18T09:56:05.000000;2016-03-18T09:56:05.667000;2a378dbe-4af0-4e0e-aeb1-1e7d13087552;9.617;14.54022118;SELL
2016-03-18T10:01:31.000000;2016-03-18T10:01:31.470000;7a44a8f6-e6e1-4a17-bc8b-2f57bf1a9eff;9.791;0.2;BUY
2016-03-18T10:01:34.000000;2016-03-18T10:01:34.687000;df0f861e-5fe3-4cf3-9e14-49be84106c64;9.791;1.04269227;BUY
2016-03-18T10:04:32.000000;2016-03-18T10:04:32.507000;411f0827-d830-4e41-b5a2-474a2a2f3208;9.756;0.2;BUY
2016-03-18T10:05:30.000000;2016-03-18T10:05:30.703000;913a1e4a-6eec-4d7a-a7a4-d1bab0ed8168;9.741;0.2;BUY
2016-03-18T10:10:32.000000;2016-03-18T10:10:32.897000;f15ea090-5ffe-4826-a75e-a91dcb23cec6;9.62;0.2;SELL
2016-03-18T10:11:32.000000;2016-03-18T10:11:32.243000;207977ff-b0d6-49f7-8a92-32ba1778f6e1;9.62;0.2;SELL
2016-03-18T10:12:14.000000;2016-03-18T10:12:14.490000;2df6a1cb-16f7-4261-9ffe-910fda497a6f;9.62;7.06679094;SELL
2016-03-18T10:12:50.000000;2016-03-18T10:12:50.600000;a53e134d-c68f-47fb-8f7e-8b7331278c39;9.57;5.78266003;SELL
2016-03-18T10:13:47.000000;2016-03-18T10:13:47.633000;f924d14d-d85a-477e-8bbc-0f4343a02e6b;9.57;0.08796264;SELL
2016-03-18T10:13:47.000000;2016-03-18T10:13:47.647000;a8cc3f08-3beb-458f-b13c-b7ccddb7f60c;9.56;23.33657707;SELL
2016-03-18T10:13:47.000000;2016-03-18T10:13:47.653000;9cea4212-52c1-46b7-8417-1d59da8752d1;9.55;14.27546029;SELL
2016-03-18T10:14:19.000000;2016-03-18T10:14:20.407000;77c5cebd-8d1f-4134-8778-5f5e28d25110;9.55;15.35011002;SELL
2016-03-18T10:17:13.000000;2016-03-18T10:17:14.037000;d554352f-da4e-4fba-9bb3-54e186e416fe;9.5501;4.09004068;SELL
2016-03-18T10:17:21.000000;2016-03-18T10:17:21.500000;562f84e7-d8c8-4f9b-885d-79418923dda4;9.5501;7.33806114;SELL
2016-03-18T10:17:21.000000;2016-03-18T10:17:21.553000;5532895f-7caf-465f-a810-65d2899d94c1;9.5501;1.51482988;SELL
2016-03-18T10:17:22.000000;2016-03-18T10:17:22.373000;90dcde2d-1d00-48ac-9868-6dc4f47f3840;9.5501;17.48488292;SELL
2016-03-18T10:17:22.000000;2016-03-18T10:17:23.387000;c16c115b-43fa-4020-a053-4c7beace42d5;9.5501;5.68218538;SELL
2016-03-18T10:17:25.000000;2016-03-18T10:17:25.963000;bf08e9ad-9c0d-4d42-acb9-21f747775748;9.55;16.94546389;SELL
2016-03-18T10:17:26.000000;2016-03-18T10:17:26.160000;cd740347-e8cf-4e06-9d78-acfb62624009;9.55;11.63484578;SELL
2016-03-18T10:17:26.000000;2016-03-18T10:17:26.890000;4de5766b-c5e1-471e-99ee-d2c647622241;9.55;11.63484578;SELL
2016-03-18T10:17:26.000000;2016-03-18T10:17:26.987000;bab7e7ce-090a-4543-b78b-341ac7ed3e33;9.55;10.59687738;SELL
2016-03-18T10:17:27.000000;2016-03-18T10:17:27.097000;543e666d-ab90-46c0-9de5-a15b91e84ae1;9.55;1.65587576;SELL
2016-03-18T10:17:27.000000;2016-03-18T10:17:27.123000;fc8f325e-da0f-4b04-9aee-f7325bad9d5e;9.55;1.47713717;SELL
2016-03-18T10:17:31.000000;2016-03-18T10:17:31.217000;ece54170-c2b4-41a7-8427-3c662b0d676a;9.55;1.28030218;SELL
2016-03-18T10:17:31.000000;2016-03-18T10:17:31.230000;b04543c7-2d00-4ecc-aefc-6b476aaba7c7;9.55;11.63484578;SELL
2016-03-18T10:17:31.000000;2016-03-18T10:17:31.270000;335724bf-af6e-4292-a067-643e74128023;9.55;1.2283661;SELL
2016-03-18T10:17:31.000000;2016-03-18T10:17:31.270000;a2b3607a-2f94-45a9-8502-00e568f33b5f;9.55;9.41747343;SELL
2016-03-18T10:17:32.000000;2016-03-18T10:17:32.763000;267c1741-394a-4331-935c-821953127756;9.55;0.2;SELL
2016-03-18T10:17:34.000000;2016-03-18T10:17:34.893000;3e2ae017-12d4-4ff6-9879-f2e86f9d016f;9.55;1.1592546;SELL
2016-03-18T10:17:35.000000;2016-03-18T10:17:36.230000;22422960-a519-4aa4-9a9d-e6c5e99ea50e;9.55;9.08580126;SELL
2016-03-18T10:17:38.000000;2016-03-18T10:17:39.020000;5012f76b-e478-4489-a62c-1c8df96be46d;9.55;9.42690034;SELL
2016-03-18T10:17:40.000000;2016-03-18T10:17:40.970000;1c4b2b63-abb3-40f8-8a88-364c00c322dd;9.55;7.20794681;SELL
2016-03-18T10:17:41.000000;2016-03-18T10:17:41.817000;e1c09789-9c52-4794-b076-d609d985c084;9.55;17.78838392;SELL
2016-03-18T10:17:41.000000;2016-03-18T10:17:41.870000;bc514cc5-0c30-4310-adee-27c0136da6ab;9.55;4.61383603;SELL
2016-03-18T10:17:41.000000;2016-03-18T10:17:41.930000;9258ecab-24d8-42c2-9fba-32fa74b921ac;9.55;35.37274295;SELL
2016-03-18T10:17:42.000000;2016-03-18T10:17:42.367000;ac836ff1-8930-4dc1-a58f-b58c169e5b5c;9.55;0.94586839;SELL
2016-03-18T10:17:47.000000;2016-03-18T10:17:47.497000;4268d472-9fad-4268-9119-51b23c6161be;9.55;15.06616829;SELL
2016-03-18T10:17:47.000000;2016-03-18T10:17:47.520000;2ad274d0-c06d-4d40-9db8-b36b1cddb171;9.55;0.12337406;SELL
2016-03-18T10:17:49.000000;2016-03-18T10:17:49.477000;e4986b9a-4657-45d6-83a3-862bdeb64df6;9.55;5.86758467;SELL
2016-03-18T10:17:49.000000;2016-03-18T10:17:49.513000;d1269cff-5cb8-40de-8eb1-c6481ae1a1bf;9.55;0.76533713;SELL
2016-03-18T10:17:50.000000;2016-03-18T10:17:50.517000;03bc3309-79a8-4540-a08e-bb62942b9a22;9.55;4.51831443;SELL
2016-03-18T10:17:53.000000;2016-03-18T10:17:53.543000;f4d1f1bb-b042-4db9-a02b-a9927e737b1b;9.55;32.05;SELL
2016-03-18T10:17:53.000000;2016-03-18T10:17:53.987000;bdf4cdeb-978a-492b-b41e-1f68208c162e;9.55;44.98481582;SELL
2016-03-18T10:17:55.000000;2016-03-18T10:17:56.077000;7c9f200b-1500-4a1e-a4a3-744783276d5b;9.55;0.79823034;SELL
2016-03-18T10:17:55.000000;2016-03-18T10:17:56.120000;d1a4ca70-0bb7-45a5-89dd-c148bd6cd172;9.55;6.11976592;SELL
2016-03-18T10:17:57.000000;2016-03-18T10:17:57.753000;458639ce-12cf-43ae-a159-e35f4449b9a6;9.55;0.50884172;SELL
2016-03-18T10:17:57.000000;2016-03-18T10:17:57.917000;e676dd1a-1293-4a1a-96f4-f2ae217615d5;9.55;3.90111986;SELL
2016-03-18T10:17:58.000000;2016-03-18T10:17:58.770000;43a3411a-fc03-48ac-bcea-fd0b574ce528;9.55;6.15336254;SELL
2016-03-18T10:17:58.000000;2016-03-18T10:17:58.870000;083f2cbe-c367-41b9-b00b-09af5045f50a;9.55;0.8026125;SELL
2016-03-18T10:17:58.000000;2016-03-18T10:17:58.903000;78895152-fc30-4654-b1c2-e6f5f61d7c73;9.55;47.17577949;SELL
2016-03-18T10:17:58.000000;2016-03-18T10:17:58.943000;82f010ab-7db1-4d4e-9dd5-a786be15e502;9.5511;10.0;BUY
2016-03-18T10:18:04.000000;2016-03-18T10:18:04.583000;543503c4-c875-4716-bee5-ad0263831db2;9.55;3.75124337;SELL
2016-03-18T10:18:05.000000;2016-03-18T10:18:05.653000;9cc6bd25-11b5-4800-baa7-751b7aa79013;9.55;3.75124337;SELL
2016-03-18T10:18:07.000000;2016-03-18T10:18:07.150000;d90b7a46-dadc-43c8-b171-62afc51160c7;9.55;28.42837035;SELL
2016-03-18T10:18:07.000000;2016-03-18T10:18:07.593000;ab38f3d3-1f6c-4a36-9974-c84cbaf9bc99;9.55;2.30149828;SELL
2016-03-18T10:18:09.000000;2016-03-18T10:18:09.907000;95ea234d-75cb-4fd5-8903-5c692779c1e2;9.549;13.01;BUY
2016-03-18T10:19:22.000000;2016-03-18T10:19:22.663000;2aa530ca-cb1a-49ba-ab3a-1e5e08e1b1b6;9.5023;0.260546;SELL
2016-03-18T10:19:22.000000;2016-03-18T10:19:22.957000;8be6e04a-3527-4430-ad36-fa86928835e8;9.5;16.26442543;SELL
2016-03-18T10:20:17.000000;2016-03-18T10:20:17.793000;a1dfc76c-8523-44e1-92ff-94e5343137f5;9.5;6.15555513;SELL
2016-03-18T10:20:30.000000;2016-03-18T10:20:30.883000;c268e890-473f-4d04-8369-e61a37293cd2;9.5;16.21417257;SELL
2016-03-18T10:21:13.000000;2016-03-18T10:21:13.073000;17b01312-5476-4b8d-8070-118d5d2f8ebd;9.5;1.39422172;SELL
2016-03-18T10:21:29.000000;2016-03-18T10:21:29.820000;218f9922-8b1b-4289-9b93-af1b0ebfc214;9.5;5.35902829;SELL
2016-03-18T10:21:30.000000;2016-03-18T10:21:30.537000;001ef10f-9709-4069-bdcd-5a7251ca4b38;9.5;15.86376;SELL
2016-03-18T10:21:38.000000;2016-03-18T10:21:38.843000;f4a7cdd9-1313-4451-a608-32e46039d0ce;9.5;10.26318668;SELL
2016-03-18T10:21:50.000000;2016-03-18T10:21:50.117000;964300b8-a344-40fd-8f17-82d1bdc4ef87;9.5;11.60683459;SELL
2016-03-18T10:21:50.000000;2016-03-18T10:21:50.370000;a9b6bdb4-a474-4d89-818f-f58f8053d071;9.5;1.1273652;SELL
2016-03-18T10:21:54.000000;2016-03-18T10:21:54.927000;fd04c39f-f237-4705-a4ed-7bf2bfb9bb89;9.5;11.1718727;SELL
2016-03-18T10:21:54.000000;2016-03-18T10:21:54.933000;6134b8c2-0e8a-4f37-acea-bfa3f5e0a0ec;9.5;0.43496189;SELL
2016-03-18T10:21:58.000000;2016-03-18T10:21:58.797000;ec9422f1-025b-40d8-8dbe-22e327797f4d;9.5;3.59184057;SELL
2016-03-18T10:21:59.000000;2016-03-18T10:21:59.523000;f97c17be-1844-4643-befd-bcff0a2fa216;9.5;3.59184057;SELL
2016-03-18T10:22:00.000000;2016-03-18T10:22:00.550000;1dd0dc82-8883-45f6-9e0e-6432c2c85b41;9.5;3.02195697;SELL
2016-03-18T10:22:09.000000;2016-03-18T10:22:09.853000;024e3685-dda6-4265-8df2-8697b32150d3;9.45;34.6988;SELL
2016-03-18T10:22:12.000000;2016-03-18T10:22:12.540000;f3e5d598-a1f2-466a-9b6d-798e99144255;9.433;52.0005;SELL
2016-03-18T10:22:21.000000;2016-03-18T10:22:21.990000;5e988763-5f00-4d9f-b262-bd8fac85ed5a;9.4022;0.276484;SELL
2016-03-18T10:22:25.000000;2016-03-18T10:22:25.487000;2084297e-78bf-49f2-aa21-ea0ae2320b8f;9.4;0.2933996;SELL
2016-03-18T10:22:54.000000;2016-03-18T10:22:54.307000;5bfeec76-05f1-4568-93aa-3a25982ccaab;9.4;0.7066004;SELL
2016-03-18T10:24:50.000000;2016-03-18T10:24:50.890000;d9c4ae97-20b1-4584-8971-cc9d2296e9ea;9.32;14.97499651;SELL
2016-03-18T10:25:14.000000;2016-03-18T10:25:14.473000;683b2d54-4477-42da-abd9-8a100695a2c5;9.32;10.05565667;SELL
2016-03-18T10:25:41.000000;2016-03-18T10:25:41.443000;2d9b5a18-1cde-4d4e-8957-bb424a2af8c5;9.303;21.40334872;BUY
2016-03-18T10:25:41.000000;2016-03-18T10:25:42.177000;5c5e51ba-8927-4f65-9946-a410bdfb36a0;9.3032;0.00460128;SELL
2016-03-18T10:25:41.000000;2016-03-18T10:25:42.190000;48ada243-d3d1-4aaf-a91b-20c091111b49;9.3022;0.293429;SELL
2016-03-18T10:25:41.000000;2016-03-18T10:25:42.200000;47a93cc3-17c1-44d5-886a-7a90a2c8c546;9.3;0.5;SELL
2016-03-18T10:25:43.000000;2016-03-18T10:25:43.680000;6165156b-6bfc-4a31-b57e-6e0a906d79fd;9.3072;21.39874941;SELL
2016-03-18T10:25:52.000000;2016-03-18T10:25:52.293000;28793b77-5234-4238-abb1-39e37e88ab85;9.29;1.38670343;SELL
2016-03-18T10:25:56.000000;2016-03-18T10:25:56.280000;8fbe5df0-7d70-40b2-a95a-730b04921078;9.29;1.81329657;SELL
2016-03-18T10:26:18.000000;2016-03-18T10:26:18.060000;55d3fe0a-5bd6-45f9-a4fc-01e535bab9f1;9.25;5.37963243;SELL
2016-03-18T10:26:31.000000;2016-03-18T10:26:32.433000;b52e4201-0ed5-4256-bcf0-76221dcd048e;9.25;4.62036757;SELL
2016-03-18T10:26:31.000000;2016-03-18T10:26:32.443000;d0ca017c-9b72-46c0-aa09-aa6eb9e4c01f;9.2022;0.31145;SELL
2016-03-18T10:27:15.000000;2016-03-18T10:27:15.887000;e64a2283-778f-4a0b-9a73-d5bddd3ea663;9.159;21.74499841;SELL
2016-03-18T10:27:17.000000;2016-03-18T10:27:17.063000;1eb5f50d-f862-4ddc-bba2-de655605360b;9.156;21.74262451;BUY
2016-03-18T10:27:22.000000;2016-03-18T10:27:22.760000;9e225a36-4e65-405a-9431-4ed423962da4;9.156;4.73637166;BUY
2016-03-18T10:27:25.000000;2016-03-18T10:27:25.283000;15bcf8f6-7dff-4d38-bf8d-1d5d95f4a904;9.154;6.20133556;BUY
2016-03-18T10:27:25.000000;2016-03-18T10:27:25.353000;6bd9e2fb-7e5a-4087-a612-e0f748f16afb;9.154;47.54357262;BUY
2016-03-18T10:27:26.000000;2016-03-18T10:27:26.990000;3441a7d4-4f62-4b7f-9c8c-c0b16332ea37;9.153;41.16135272;BUY
2016-03-18T10:27:26.000000;2016-03-18T10:27:27.027000;1c104023-4c7b-45de-b65e-b1f86d5dc356;9.153;5.36887209;BUY
2016-03-18T10:27:38.000000;2016-03-18T10:27:38.973000;7c8a7076-bb05-4197-b33d-9524e07fcf8b;9.156;0.70028766;BUY
2016-03-18T10:27:46.000000;2016-03-18T10:27:46.307000;426414b4-5612-43ad-a619-0274ba47edb3;9.156;11.22045876;BUY
2016-03-18T10:28:10.000000;2016-03-18T10:28:11.643000;f782c835-c928-42fd-83ca-f7f56bf61035;9.162;0.74243276;SELL
2016-03-18T10:28:10.000000;2016-03-18T10:28:11.647000;8d00ecab-838d-46cf-99a2-4dc720ee5ef4;9.162;4.96634967;SELL
2016-03-18T10:28:28.000000;2016-03-18T10:28:28.213000;0117b1bf-910e-489e-b193-9153c5e24d94;9.224;25.72590296;BUY
2016-03-18T10:28:36.000000;2016-03-18T10:28:36.050000;816363b7-1fdd-4150-91f1-e4310ce4e312;9.2239;6.29429429;BUY
2016-03-18T10:28:51.000000;2016-03-18T10:28:51.337000;d7fc83da-c009-4f27-87ba-81c8e1e509e1;9.2239;25.72680252;BUY
2016-03-18T10:28:52.000000;2016-03-18T10:28:52.290000;adb72e21-2ace-4266-aef5-7e19367a334f;9.2239;0.5005005;BUY
2016-03-18T10:28:53.000000;2016-03-18T10:28:53.183000;160818dc-039b-4901-ba69-b444b374a74a;9.2239;12.47840269;BUY
2016-03-18T10:28:53.000000;2016-03-18T10:28:53.200000;cd23f199-3da7-4080-8d26-474da26860b6;9.226;53.5202;BUY
2016-03-18T10:29:05.000000;2016-03-18T10:29:05.710000;4b5e7565-6a91-40a9-ae48-9fb5629ae2c8;9.272;1.81329657;BUY
2016-03-18T10:29:05.000000;2016-03-18T10:29:05.713000;0b6c1593-e93d-4d7e-a779-3a6b7ab3514e;9.273;22.53814778;BUY
2016-03-18T10:29:09.000000;2016-03-18T10:29:10.417000;a5dd3fca-4f42-4c75-ba0b-701267975e30;9.273;21.4247735;BUY
2016-03-18T10:29:10.000000;2016-03-18T10:29:10.667000;dbceac68-7661-42f2-8e9c-e4d5afc5089b;9.273;9.34997872;BUY
2016-03-18T10:29:11.000000;2016-03-18T10:29:11.347000;f268292b-b9fc-4f84-b150-44c79067719b;9.289;1.96572131;BUY
2016-03-18T10:29:11.000000;2016-03-18T10:29:11.370000;4e6b1b19-3b6a-4dbe-b35f-8f505600563f;9.29;1.81329657;BUY
2016-03-18T10:29:11.000000;2016-03-18T10:29:11.387000;c6b982b8-73be-4488-ae05-9e068d1974ce;9.29;11.036452;BUY
2016-03-18T10:29:31.000000;2016-03-18T10:29:31.747000;f14b8427-41b5-4771-a8e2-32a7dc504907;9.366;28.47917072;BUY
2016-03-18T10:29:31.000000;2016-03-18T10:29:32.133000;3a584f1b-c873-4216-9120-24b9345cfc6c;9.366;0.35;BUY
2016-03-18T10:29:40.000000;2016-03-18T10:29:41.013000;21fba7d5-a829-4e91-8aae-1bc69a432147;9.366;0.35;SELL
2016-03-18T10:29:40.000000;2016-03-18T10:29:41.027000;49b2784f-ea48-41e7-b8be-0e6de839f9ee;9.366;3.9;SELL
2016-03-18T10:29:56.000000;2016-03-18T10:29:56.697000;b225897b-a162-431d-b976-f76c9f10c689;9.397;53.2858;BUY
2016-03-18T10:29:56.000000;2016-03-18T10:29:56.710000;2018bafe-5c60-468d-8f65-b9c25ec01daa;9.4346;1.56084393;BUY
2016-03-18T10:29:58.000000;2016-03-18T10:29:58.427000;3214a71e-a0ab-4910-ab51-2f18277ecdcf;9.4346;1.96512191;BUY
2016-03-18T10:29:59.000000;2016-03-18T10:29:59.320000;833173f5-6f88-4116-a700-d1da1c8a62cd;9.4356;1.03871889;SELL
2016-03-18T10:30:01.000000;2016-03-18T10:30:01.080000;43075530-86fc-435b-a0bb-58c941ff57b2;9.4356;0.05741118;SELL
2016-03-18T10:30:01.000000;2016-03-18T10:30:01.087000;35f28441-803b-4be7-90d7-721ddef88c64;9.397;8.48495255;SELL
2016-03-18T10:30:01.000000;2016-03-18T10:30:01.090000;8653dbab-91f5-49d9-b5fa-c9fc6c1b66bf;9.367;0.2311053;SELL
2016-03-18T10:30:05.000000;2016-03-18T10:30:05.883000;e8f026b9-4684-402c-a348-c46840998784;9.367;2.6887417;SELL
2016-03-18T10:31:06.000000;2016-03-18T10:31:06.080000;0536876a-850a-47d5-b714-30d5334e08e0;9.313;0.687764;SELL
2016-03-18T10:31:24.000000;2016-03-18T10:31:24.307000;cb78511c-d6b7-4570-8468-d7e277968bb0;9.316;1.38063295;SELL
2016-03-18T10:31:28.000000;2016-03-18T10:31:28.450000;89712385-e1f7-4de4-b7d8-46164e245516;9.319;6.87867112;BUY
2016-03-18T10:31:32.000000;2016-03-18T10:31:32.893000;1ab934fc-b6e1-4faf-8d43-cab44857692b;9.317;15.5522205;BUY
2016-03-18T10:33:22.000000;2016-03-18T10:33:22.703000;e46711eb-4573-4c9c-b16b-7e399cf5f678;9.322;17.75905038;BUY
2016-03-18T10:34:36.000000;2016-03-18T10:34:36.227000;0c1b8bd4-e0e8-4c45-be38-2db890a50356;9.322;35.81134962;BUY
2016-03-18T10:35:37.000000;2016-03-18T10:35:37.373000;0bb59906-98e1-42f6-8aa2-266a49767add;9.376;27.4663992;BUY
2016-03-18T10:35:38.000000;2016-03-18T10:35:38.963000;2d992c6d-7d36-4c18-91b4-bb7470a92b16;9.376;3.5825738;BUY
2016-03-18T10:35:44.000000;2016-03-18T10:35:44.253000;92a51f03-0d88-42b5-a0e2-38d6d2032097;9.395;21.39666367;SELL
2016-03-18T10:35:44.000000;2016-03-18T10:35:44.283000;32a590a3-7e18-4284-8645-418dc3a9b0d4;9.395;2.79086917;BUY
2016-03-18T10:35:44.000000;2016-03-18T10:35:45.007000;7e80a41c-9f70-4744-8e52-6e405cd201b4;9.395;2.656974;BUY
2016-03-18T10:35:46.000000;2016-03-18T10:35:46.683000;e7835bc4-424a-4b9d-b84f-cb0eec571801;9.395;13.88762177;BUY
2016-03-18T10:35:46.000000;2016-03-18T10:35:46.733000;64d99289-adff-48bd-a810-cfa19b4fb72e;9.395;1.81142892;BUY
2016-03-18T10:35:47.000000;2016-03-18T10:35:47.980000;720254fa-8901-4058-b145-3de743494465;9.395;3.35026783;BUY
2016-03-18T10:35:48.000000;2016-03-18T10:35:49.137000;d239f35e-226e-45ac-b95b-64c33f2363d9;9.395;7.18767464;BUY
2016-03-18T10:35:53.000000;2016-03-18T10:35:53.660000;b258bf5f-e976-423e-aeb5-ef8a5ec2b949;9.397;0.7776418;SELL
2016-03-18T10:35:55.000000;2016-03-18T10:35:56.117000;338b7acf-1079-4516-af25-035257bd7a30;9.397;22.229627;BUY
2016-03-18T10:35:55.000000;2016-03-18T10:35:56.153000;1186f49f-e238-4ae0-9b17-f82c8cc69a9a;9.397;1.04828352;BUY
2016-03-18T10:35:55.000000;2016-03-18T10:35:56.187000;8105769f-73ac-4136-9b3e-41f5c06dff0c;9.397;0.84916571;BUY
2016-03-18T10:35:55.000000;2016-03-18T10:35:56.193000;703ec2be-60dd-4e6a-9b5b-e30955ff0b6c;9.397;5.09528197;BUY
2016-03-18T10:35:57.000000;2016-03-18T10:35:57.617000;b46f8235-0f53-44c3-8aa1-2e19b9dd54c0;9.435;0.35;BUY
2016-03-18T10:35:57.000000;2016-03-18T10:35:57.620000;c1e2b444-d33a-45c7-9984-61464dcbd134;9.4685;2.656974;BUY
2016-03-18T10:35:57.000000;2016-03-18T10:35:57.630000;4636a5c4-52ff-4d4a-b2bf-3c7af3b2aa1c;9.47;46.993026;BUY
2016-03-18T10:35:59.000000;2016-03-18T10:35:59.433000;a00960a1-2aa2-491b-a705-5a0b42897791;9.469;0.86663855;BUY
2016-03-18T10:37:41.000000;2016-03-18T10:37:42.553000;e6db99c1-1756-4e70-b886-85ca3edf7aca;9.439;21.0;SELL
2016-03-18T10:37:54.000000;2016-03-18T10:37:55.020000;7fbaddbe-55ed-4fd0-ab27-a218d186c94d;9.419;2.09734013;SELL
2016-03-18T10:37:59.000000;2016-03-18T10:37:59.290000;0d675847-63a1-484a-a2f0-b05210f0f825;9.4181;12.765;SELL
2016-03-18T10:38:02.000000;2016-03-18T10:38:02.427000;a5ee2a75-17de-4931-9576-8b993dc0ecfc;9.4181;8.03232861;SELL
2016-03-18T10:38:12.000000;2016-03-18T10:38:12.847000;00a45d1c-309f-4321-b6bd-f030c52ebf72;9.41;1.90209428;SELL
2016-03-18T10:39:13.000000;2016-03-18T10:39:15.070000;7a65d28d-3aa4-4c07-aaaf-ae8df6060b5a;9.427;5.4133;BUY
2016-03-18T10:39:13.000000;2016-03-18T10:39:15.077000;334ad85f-8608-4157-97ae-a754fb301b41;9.462;2.865254;BUY
2016-03-18T10:39:13.000000;2016-03-18T10:39:15.103000;792c4792-bcd1-48e5-8c3a-ca521e9c1a46;9.462;11.207249;BUY
2016-03-18T10:39:13.000000;2016-03-18T10:39:15.103000;07a7bdf4-8b61-4988-8707-d2259df6471a;9.509;0.514197;BUY
2016-03-18T10:39:52.000000;2016-03-18T10:39:52.967000;344ec1a7-4049-4d8b-8f4b-fa2690c353ee;9.509;15.0;BUY
2016-03-18T10:41:41.000000;2016-03-18T10:41:41.347000;87f803e0-2bbd-4a79-bf32-1424302809d3;9.387;22.14655691;SELL
2016-03-18T10:41:49.000000;2016-03-18T10:41:49.847000;0bd03355-39ac-44f2-bc19-c2225fa7c87a;9.571;0.2;BUY
2016-03-18T10:41:49.000000;2016-03-18T10:41:49.860000;13cdec7b-a05f-44dc-99c7-8751a7989fc0;9.784;14.8;BUY
2016-03-18T10:42:49.000000;2016-03-18T10:42:49.687000;91c92400-bdf7-4617-b96b-5b39116a1482;9.731;19.09606508;BUY
2016-03-18T10:42:49.000000;2016-03-18T10:42:49.690000;c808c696-2d4f-4065-b609-12684c57713c;9.732;12.31781977;BUY
2016-03-18T10:42:51.000000;2016-03-18T10:42:51.620000;8780f532-2562-4543-8d06-b27241c11e22;9.732;17.68218023;BUY
2016-03-18T10:42:51.000000;2016-03-18T10:42:51.677000;6d2e6350-431e-48f2-9df5-f6b0ccc407a6;9.745;19.09606491;SELL
2016-03-18T10:42:56.000000;2016-03-18T10:42:56.693000;d8a91294-191f-423a-96a9-73d267150ff5;9.74;17.68218023;SELL
2016-03-18T10:42:56.000000;2016-03-18T10:42:57.000000;04690a46-2986-485f-83a3-ab3dca61bc20;9.668;19.61781977;BUY
2016-03-18T10:43:00.000000;2016-03-18T10:43:01.100000;ed23421b-4bb8-4037-99bd-1257419b8118;9.739;29.47824531;SELL
2016-03-18T10:43:00.000000;2016-03-18T10:43:01.120000;93e07ae9-67c1-477c-9a58-c8cc2f925031;9.451;70.52175469;SELL
2016-03-18T10:43:45.000000;2016-03-18T10:43:45.987000;e771d591-0f67-4f05-87b3-3c30307b7fc3;9.75;1.96511192;BUY
2016-03-18T10:43:52.000000;2016-03-18T10:43:52.317000;a935989d-3a5e-4058-be6b-12bc5710156a;9.751;0.4649044;BUY
2016-03-18T10:43:55.000000;2016-03-18T10:43:55.317000;9037609d-0a4f-4765-8c86-886cbaf4185d;9.8;1.96511192;BUY
2016-03-18T10:44:02.000000;2016-03-18T10:44:02.863000;e077b125-10c4-48a3-ad8f-a6e034f9aa8f;9.8;36.6;BUY
2016-03-18T10:44:06.000000;2016-03-18T10:44:07.360000;0bc41f88-0ef6-4854-80dd-52f2f1b07b72;9.8;12.392;BUY
2016-03-18T10:44:07.000000;2016-03-18T10:44:07.600000;0e02f846-a12b-4aa8-80cf-b1bc26d20fd5;9.8;40.7;BUY
2016-03-18T10:44:08.000000;2016-03-18T10:44:08.353000;cf8c813c-7bc5-4d98-a2bf-cb72794b8da4;9.8;2.0;BUY
2016-03-18T10:44:09.000000;2016-03-18T10:44:09.480000;67a74071-67d0-4b79-98ae-14f98c97a7d5;9.8;6.34288808;BUY
2016-03-18T10:45:41.000000;2016-03-18T10:45:41.683000;05d076e3-1cc7-4d5d-8849-cecad5278ee2;9.82;25.0;SELL
2016-03-18T10:45:41.000000;2016-03-18T10:45:41.703000;5f9985e9-23da-4fbd-a5fa-863cb95a5ee9;9.8;1.62517578;SELL
2016-03-18T10:45:43.000000;2016-03-18T10:45:43.050000;2db427db-312f-40bb-bb15-04262cd7a27b;9.783;49.9195;SELL
2016-03-18T10:45:43.000000;2016-03-18T10:45:43.557000;64e62cf2-e449-45b4-9fd5-bd6d12fff408;9.778;4.06;BUY
2016-03-18T10:46:03.000000;2016-03-18T10:46:03.617000;30c55fa1-b989-4371-8c89-42e24024f821;9.701;26.85774868;SELL
2016-03-18T10:46:04.000000;2016-03-18T10:46:04.267000;5d0640a5-0342-40bc-aa37-36881eaa4f84;9.701;23.07495132;SELL
2016-03-18T10:46:04.000000;2016-03-18T10:46:04.277000;71ace9d0-14b0-49e5-91dc-d67b9d867340;9.7;3.78279736;SELL
2016-03-18T10:46:04.000000;2016-03-18T10:46:04.707000;aaad9fa2-65d5-439b-a1f4-a39cb50046a6;9.696;2.751601;SELL
2016-03-18T10:46:04.000000;2016-03-18T10:46:04.717000;e3f2ef75-1f00-4474-b7ff-555d6753c697;9.691;11.333435;SELL
2016-03-18T10:46:05.000000;2016-03-18T10:46:05.390000;716d7931-24d5-4e1f-9b73-b3087a060fb7;9.67;50.458;BUY
2016-03-18T10:47:03.000000;2016-03-18T10:47:03.693000;bb351bb2-a20f-4b5a-b3ea-38c124e5a151;9.493;1.033438;SELL
2016-03-18T10:47:38.000000;2016-03-18T10:47:38.843000;8fa01222-e3b2-4154-a42f-6f9f3a45098d;9.451;1.966176;SELL
2016-03-18T10:47:53.000000;2016-03-18T10:47:53.730000;e95b2a07-1ead-4f93-b97b-73b0fad353cb;9.453;3.0;SELL
2016-03-18T10:48:17.000000;2016-03-18T10:48:17.433000;105c8850-6c54-4164-ab72-cb4c660a7103;9.4531;4.9875;SELL
2016-03-18T10:48:43.000000;2016-03-18T10:48:43.110000;da11833b-85aa-4ee4-9d5c-d988674a9226;9.451;4.48206931;SELL
2016-03-18T10:48:56.000000;2016-03-18T10:48:56.580000;a4fe0ff7-7f6a-4d9c-8026-2603527bec79;9.45;1.18766327;SELL
2016-03-18T10:48:57.000000;2016-03-18T10:48:57.440000;d6c7ec5b-8d3c-477f-a2b8-20fde64201d2;9.45;1.18766327;SELL
2016-03-18T10:49:05.000000;2016-03-18T10:49:06.080000;176be976-ac05-4b7a-9e98-3738441e8cc6;9.45;19.68357869;SELL
2016-03-18T10:49:06.000000;2016-03-18T10:49:06.810000;3a7f1148-4360-4c5a-8d98-888592cebacc;9.45;2.0;SELL
2016-03-18T10:49:09.000000;2016-03-18T10:49:09.597000;fe1d89d4-e249-4e3d-8168-c24b187e58b4;9.45;5.0;SELL
2016-03-18T10:49:13.000000;2016-03-18T10:49:13.650000;97b46278-1a45-4bfb-b057-d369e7abc972;9.45;20.94109477;SELL
2016-03-18T10:49:13.000000;2016-03-18T10:49:13.683000;69688a18-52f0-4e2d-9f7a-37ac94a9b572;9.3685;9.05890523;SELL
2016-03-18T10:49:29.000000;2016-03-18T10:49:30.017000;5867e3ad-33cf-49b4-9fbc-e2e96ce3d274;9.3695;2.774976;SELL
2016-03-18T10:49:29.000000;2016-03-18T10:49:30.027000;31a8cb9e-855b-435a-a7c7-1752cae9eefc;9.3685;0.890106;SELL
2016-03-18T10:49:30.000000;2016-03-18T10:49:30.883000;3211d32c-b73e-4e8b-8c9f-1f337294d514;9.3696;2.213;SELL
2016-03-18T10:49:42.000000;2016-03-18T10:49:42.767000;257b3e5b-1611-48c0-a5bc-a8a23d187fab;9.3675;3.665082;BUY
2016-03-18T10:49:46.000000;2016-03-18T10:49:46.093000;03c2ccd3-63b1-4ebf-a735-878dc2e6939d;9.369;1.452082;SELL
2016-03-18T10:51:32.000000;2016-03-18T10:51:34.580000;eb59fb13-6c68-49f7-b811-9463861cf127;9.4;8.41631;SELL
2016-03-18T10:52:22.000000;2016-03-18T10:52:22.933000;4235e375-b308-449d-9c41-d92b7eb23a23;9.449;1.96697106;BUY
2016-03-18T10:52:22.000000;2016-03-18T10:52:22.937000;fd473eb4-ff6a-4492-bb5f-91a91f069dd4;9.45;0.00166357;BUY
2016-03-18T10:52:23.000000;2016-03-18T10:52:23.510000;470033f7-9a02-4093-90b3-eda68a5eef41;9.45;11.09261368;BUY
2016-03-18T10:52:23.000000;2016-03-18T10:52:23.513000;27eb514f-7e68-4a12-967e-7bcebbab00d8;9.459;1.96697106;BUY
2016-03-18T10:52:23.000000;2016-03-18T10:52:23.540000;2374b468-a28f-4d20-8514-6f16e15e0829;9.46;6.58352418;BUY
2016-03-18T10:52:24.000000;2016-03-18T10:52:24.413000;13939b5f-c841-45aa-b8d8-8395176e8dfa;9.46;8.51962566;BUY
2016-03-18T10:52:29.000000;2016-03-18T10:52:29.833000;91e7e07a-bd09-4dde-afb2-e4b10f5b1d48;9.46;1.96863463;BUY
2016-03-18T10:52:32.000000;2016-03-18T10:52:32.377000;b17ca0b3-edda-46ab-bcff-f2431e419bdb;9.46;1.96863463;BUY
2016-03-18T10:52:34.000000;2016-03-18T10:52:35.057000;0bc9b73f-af2c-41f4-9628-5facfe008a8c;9.46;33.6807809;BUY
2016-03-18T10:52:34.000000;2016-03-18T10:52:35.070000;539fa743-a253-4bfc-8449-e9dedb85fb7a;9.46;16.3192191;BUY
2016-03-18T10:52:46.000000;2016-03-18T10:52:46.957000;1ce9c3e5-81b1-413e-b2d3-69966dfad20d;9.46;1.96863463;BUY
2016-03-18T10:52:46.000000;2016-03-18T10:52:46.990000;51a133b9-7c2d-42a1-81ed-14bcb48b214b;9.46;19.64310893;BUY
2016-03-18T10:52:47.000000;2016-03-18T10:52:47.293000;2452c5fa-2c4e-408d-95ea-9fc2eddda080;9.46;0.35;BUY
2016-03-18T10:52:48.000000;2016-03-18T10:52:48.067000;2437172a-f0a1-4a1f-944b-5df9f49cc870;9.46;26.08326405;BUY
2016-03-18T10:52:50.000000;2016-03-18T10:52:50.113000;018e585d-bfb5-41c5-8404-7a9ff20420d9;9.465;0.59077051;BUY
2016-03-18T10:52:50.000000;2016-03-18T10:52:50.293000;84f88ae5-4f14-485c-9321-2d1f5755f61c;9.465;4.37554149;BUY
2016-03-18T10:52:50.000000;2016-03-18T10:52:50.307000;0a395433-3c64-4b16-87e8-45291ab99222;9.466;3.72007767;BUY
2016-03-18T10:52:51.000000;2016-03-18T10:52:51.797000;e8346d84-92a4-4d0e-a8a4-99b7b8dc55e5;9.466;15.68231117;BUY
2016-03-18T10:52:51.000000;2016-03-18T10:52:51.913000;07f49d6f-35c4-4988-9d8f-d08315c50b92;9.466;4.38224308;BUY
