time_exchange;time_coinpai;guid;price;base_amount;taker_side
2016-03-18T00:00:02.017000;2016-03-18T00:00:01.913000;9767cdfe-8f50-407b-9260-0721e31ad982;418.42;0.01;SELL
2016-03-18T00:00:02.017000;2016-03-18T00:00:01.930000;67d88fff-3083-4163-8704-5aa3b726e6aa;418.4;0.01;SELL
2016-03-18T00:00:02.017000;2016-03-18T00:00:01.930000;b0cdf029-8320-44f2-bdd3-e00ced6789c6;418.4;0.01;SELL
2016-03-18T00:00:02.017000;2016-03-18T00:00:01.930000;f1dede73-7fe7-4b7a-aefc-ac8e5faf9a03;418.4;0.0895;SELL
2016-03-18T00:00:17.347000;2016-03-18T00:00:17.247000;a831cd6a-f38d-460f-aa36-9a35ced676c9;418.41;0.01;SELL
2016-03-18T00:00:52.193000;2016-03-18T00:00:52.087000;8021e7dc-8fe9-4961-955f-5a260c1af5ca;418.41;0.01;BUY
2016-03-18T00:01:02.057000;2016-03-18T00:01:01.953000;55d75f96-2ee6-41d3-95e8-b0dcaf289c34;418.4;0.0105;SELL
2016-03-18T00:01:02.057000;2016-03-18T00:01:01.970000;0ebc5152-6e9f-4334-9717-8888911249c1;418.39;0.25;SELL
2016-03-18T00:01:02.057000;2016-03-18T00:01:01.970000;00e518aa-5e0e-4dab-8c62-383b3a5ab872;418.38;0.01;SELL
2016-03-18T00:01:02.057000;2016-03-18T00:01:01.970000;7b83c045-7684-424f-aebc-f852d1fea7e8;418.37;0.25;SELL
2016-03-18T00:01:02.057000;2016-03-18T00:01:01.993000;6a96eafd-9524-47a4-9d3a-e0208a995de3;418.36;0.01;SELL
2016-03-18T00:01:02.057000;2016-03-18T00:01:02.043000;87cfc215-da2e-4853-95a4-44b9dffc634c;418.35;0.01;SELL
2016-03-18T00:01:02.057000;2016-03-18T00:01:02.043000;e377ad48-4624-4ca8-8609-34ef8e7b6708;418.34;0.01;SELL
2016-03-18T00:01:02.060000;2016-03-18T00:01:02.043000;18505e1d-f9ad-4895-9478-5c8dcf4ebf2a;418.34;0.097;SELL
2016-03-18T00:01:02.060000;2016-03-18T00:01:02.043000;40aa6173-a7ef-4218-a27a-9eabb761a43d;418.32;0.01;SELL
2016-03-18T00:01:02.060000;2016-03-18T00:01:02.043000;a615e70c-2ed7-4858-8262-a7f4ce1056e5;418.32;0.01;SELL
2016-03-18T00:01:02.060000;2016-03-18T00:01:02.060000;c9ce7d09-024c-4b65-953f-8d4bd23c0cf7;418.32;0.02;SELL
2016-03-18T00:01:02.060000;2016-03-18T00:01:02.060000;dd50980b-bcfb-4dc3-b8ee-ce7301534193;418.3;0.01;SELL
2016-03-18T00:01:02.060000;2016-03-18T00:01:02.060000;2073ae43-5dad-4afc-86e3-90838907c53a;418.3;0.1;SELL
2016-03-18T00:01:02.060000;2016-03-18T00:01:02.060000;31e26a46-5f3a-4c72-ae57-1d803951ba57;418.29;0.25;SELL
2016-03-18T00:01:02.060000;2016-03-18T00:01:02.060000;e795b6ab-3250-4d7a-91eb-3c0928956f86;418.29;0.123;SELL
2016-03-18T00:01:02.060000;2016-03-18T00:01:02.060000;2cc59e03-e390-4ee1-8027-0168e73bc935;418.28;0.01;SELL
2016-03-18T00:01:02.060000;2016-03-18T00:01:02.063000;ff65860d-c29f-4b3c-b582-b76a0451f043;418.26;0.01;SELL
2016-03-18T00:01:02.060000;2016-03-18T00:01:02.063000;111d452c-9629-4e02-ae83-06ee4ff6ce07;418.26;1.0;SELL
2016-03-18T00:01:02.060000;2016-03-18T00:01:02.063000;b7c58b82-db5b-43a0-af81-41ae11f49b6d;418.25;0.58633519;SELL
2016-03-18T00:01:02.060000;2016-03-18T00:01:02.063000;0de3c1b3-7706-4741-b347-d21f42eec3c8;418.24;0.01;SELL
2016-03-18T00:01:02.060000;2016-03-18T00:01:02.063000;285d4497-8150-4e67-a709-69aeafcfc5cf;418.24;0.099;SELL
2016-03-18T00:01:02.060000;2016-03-18T00:01:02.063000;b0f244dd-7f7f-4480-bbcb-43e26142d3f3;418.23;0.06145;SELL
2016-03-18T00:01:02.060000;2016-03-18T00:01:02.063000;72ac0c79-a996-4d7e-aa24-bf187aeafc2d;418.22;0.01;SELL
2016-03-18T00:01:02.060000;2016-03-18T00:01:02.063000;86a11d04-45bf-4b55-b2e8-a44fe1d30fe6;418.2;0.1;SELL
2016-03-18T00:01:02.060000;2016-03-18T00:01:02.063000;19986fc9-fb22-4344-b697-bd71451ec601;418.19;0.114;SELL
2016-03-18T00:01:02.060000;2016-03-18T00:01:02.063000;cc941189-f76e-46e4-922e-c671a501182c;418.16;0.01;SELL
2016-03-18T00:01:02.060000;2016-03-18T00:01:02.063000;3ee44b18-a95b-4571-8a47-fd5c6da85dcb;418.16;0.58633519;SELL
2016-03-18T00:01:02.060000;2016-03-18T00:01:02.063000;47929f72-77e9-4937-b46f-3aeaf7d30a69;418.14;0.122;SELL
2016-03-18T00:01:02.060000;2016-03-18T00:01:02.063000;26f331fb-dc0b-48c8-a6b2-1031534e34d5;418.13;0.70062962;SELL
2016-03-18T00:01:31.423000;2016-03-18T00:01:31.317000;61872248-cd09-4eb4-a822-47cdcec8f292;418.2;0.01;SELL
2016-03-18T00:01:31.423000;2016-03-18T00:01:31.333000;006deaa0-4732-41bc-bd26-f02b94f84670;418.2;0.105;SELL
2016-03-18T00:01:31.423000;2016-03-18T00:01:31.333000;5edee1d9-437c-43d4-acbd-f188e091d62f;418.19;0.01;SELL
2016-03-18T00:01:31.423000;2016-03-18T00:01:31.333000;1013b2b1-1d71-4708-8f72-0e27403f9d0a;418.17;0.01;SELL
2016-03-18T00:01:31.423000;2016-03-18T00:01:31.333000;58f677b7-734e-4096-aa95-8cc1b847b7f7;418.15;0.119;SELL
2016-03-18T00:01:31.427000;2016-03-18T00:01:31.423000;f41dfda8-30f6-4cbc-986d-642f9f417a05;418.14;0.01;SELL
2016-03-18T00:01:31.427000;2016-03-18T00:01:31.423000;75f20896-970a-4a38-845a-a4542a8f063c;418.12;0.01;SELL
2016-03-18T00:01:31.427000;2016-03-18T00:01:31.423000;606d1224-1bfb-4603-829b-83151486785c;418.1;0.01;SELL
2016-03-18T00:01:31.427000;2016-03-18T00:01:31.423000;1f13b28e-47c3-4d06-b0de-8194cd4e2d62;418.1;0.1;SELL
2016-03-18T00:01:31.427000;2016-03-18T00:01:31.423000;f1e0a9f7-925b-4868-8d8e-5d267d731720;418.1;0.099;SELL
2016-03-18T00:01:31.427000;2016-03-18T00:01:31.423000;9cc54ae3-5034-44cb-85df-5b5de2546a7c;418.08;0.01;SELL
2016-03-18T00:01:31.427000;2016-03-18T00:01:31.423000;59f80507-3737-4d1f-9be9-6bbfc7ecdabd;418.07;0.01;SELL
2016-03-18T00:01:31.427000;2016-03-18T00:01:31.423000;03e48c7a-cabd-40ce-8b44-577760931482;418.07;0.58633519;SELL
2016-03-18T00:01:31.427000;2016-03-18T00:01:31.423000;4fb543b8-98e6-4a84-84e8-1c675079cd73;418.06;0.01;SELL
2016-03-18T00:01:31.427000;2016-03-18T00:01:31.423000;3118679c-6898-4b2e-9ae7-ff11a4c68098;418.05;0.21197481;SELL
2016-03-18T00:02:01.340000;2016-03-18T00:02:01.230000;692f8086-fad0-4413-acca-f2d11bd071eb;418.16;0.01;BUY
2016-03-18T00:02:01.340000;2016-03-18T00:02:01.247000;77765b9a-2f19-4e0c-a27d-6023b3dc43d0;418.18;0.01;BUY
2016-03-18T00:02:01.340000;2016-03-18T00:02:01.247000;a67badfc-3502-40c6-b0cf-23a5c842e5f7;418.19;0.05;BUY
2016-03-18T00:02:01.340000;2016-03-18T00:02:01.247000;c0000a26-2b4f-44a8-a8f1-ee30748ba79f;418.2;0.01;BUY
2016-03-18T00:02:01.340000;2016-03-18T00:02:01.247000;f145f19d-5b81-42af-9ec5-be289fa4b40f;418.2;0.1;BUY
2016-03-18T00:02:01.340000;2016-03-18T00:02:01.247000;45d41a4e-ebce-4e31-919a-da98c8c6e3b2;418.21;0.48237;BUY
2016-03-18T00:02:31.420000;2016-03-18T00:02:31.313000;9a703b88-2eea-4865-a2ee-744d8ec553d0;418.21;0.01;BUY
2016-03-18T00:02:31.420000;2016-03-18T00:02:31.313000;9bcf4ad7-8e26-4191-924b-b591a5afedd7;418.22;0.01;BUY
2016-03-18T00:02:31.420000;2016-03-18T00:02:31.317000;b575d695-a9f9-414a-b06a-e8e602cdd0bf;418.25;0.104;BUY
2016-03-18T00:02:31.420000;2016-03-18T00:02:31.390000;077086ce-9821-449a-b8de-46d3b43d5767;418.26;0.01;BUY
2016-03-18T00:02:31.420000;2016-03-18T00:02:31.390000;d60dfd90-6aac-44ac-b1c7-519a58f492c9;418.29;0.07087;BUY
2016-03-18T00:03:01.687000;2016-03-18T00:03:01.577000;2d03d1e7-328c-421d-af33-e8978e4c02ba;418.18;0.01;SELL
2016-03-18T00:03:01.687000;2016-03-18T00:03:01.590000;9c799e11-6032-4eee-8d32-17425257c50a;418.17;0.25;SELL
2016-03-18T00:03:01.687000;2016-03-18T00:03:01.590000;c227ee6d-0fe6-4514-bc08-fce939e15ba6;418.16;0.01;SELL
2016-03-18T00:03:01.687000;2016-03-18T00:03:01.590000;b69bd773-1d21-4c0e-887f-90a5cab688dd;418.16;0.01;SELL
2016-03-18T00:03:01.687000;2016-03-18T00:03:01.590000;4a73e7f9-5821-423b-a75f-8ef984dc167c;418.12;0.01;SELL
2016-03-18T00:03:01.687000;2016-03-18T00:03:01.590000;21202445-1d99-4938-9f05-b2fdf78091e3;418.1;0.01;SELL
2016-03-18T00:03:01.687000;2016-03-18T00:03:01.607000;d4611bce-5372-4a0b-b178-844a0545e846;418.1;0.05;SELL
2016-03-18T00:03:01.687000;2016-03-18T00:03:01.607000;54e1915a-a6ba-4500-8467-feae5b59d7f8;418.09;2.88;SELL
2016-03-18T00:03:01.687000;2016-03-18T00:03:01.607000;1ff56877-5abc-423a-b1e2-11c99daec8c4;418.08;0.01;SELL
2016-03-18T00:03:01.687000;2016-03-18T00:03:01.630000;a90aa3f6-9704-4a4e-9973-c2a1f4e83241;418.07;1.37832;SELL
2016-03-18T00:03:31.347000;2016-03-18T00:03:31.233000;f1c6752a-53be-4871-bf54-aa7c4053235a;418.17;0.11045;BUY
2016-03-18T00:04:01.343000;2016-03-18T00:04:01.230000;b7d14ddc-acde-4936-a175-30ef72700280;418.14;0.01;SELL
2016-03-18T00:04:01.343000;2016-03-18T00:04:01.247000;e7ba3554-2b0f-49d1-af27-7e60dd6f4bad;418.13;0.01;SELL
2016-03-18T00:04:01.343000;2016-03-18T00:04:01.247000;263f65d2-2924-4d51-a707-ede60a70ef88;418.13;0.11;SELL
2016-03-18T00:04:01.343000;2016-03-18T00:04:01.247000;d8d87ac3-6cb6-415e-bbfd-8938bfd31b55;418.08;0.099;SELL
2016-03-18T00:04:01.343000;2016-03-18T00:04:01.247000;6f80d778-aeaa-450b-ae5c-3d01cfca20b8;418.06;0.01;SELL
2016-03-18T00:04:01.343000;2016-03-18T00:04:01.330000;e343578b-6930-478d-9f5d-f4b851a76231;418.05;0.03802519;SELL
2016-03-18T00:04:01.343000;2016-03-18T00:04:01.330000;2948365d-8755-4287-827d-646f9a82fcb4;418.04;0.01;SELL
2016-03-18T00:04:01.343000;2016-03-18T00:04:01.330000;9be75671-dcfb-46ff-bc16-2486890501cb;418.04;14.81365481;SELL
2016-03-18T00:04:31.470000;2016-03-18T00:04:31.363000;3d78aa33-e3ee-4447-bee9-66917cb86df8;418.06;0.01;SELL
2016-03-18T00:04:31.470000;2016-03-18T00:04:31.363000;ddaa813d-155d-4d32-853b-17b59bb748b1;418.05;0.01;SELL
2016-03-18T00:04:31.473000;2016-03-18T00:04:31.380000;de30c7e7-b6f9-4b76-859b-ab8862c99c4f;418.05;0.117;SELL
2016-03-18T00:04:31.473000;2016-03-18T00:04:31.380000;4256e288-06b4-416f-820f-0a25496c19a1;418.02;0.01;SELL
2016-03-18T00:04:31.473000;2016-03-18T00:04:31.380000;2856f30f-d388-44b6-b8f9-eaaa0988587e;418.0;0.01;SELL
2016-03-18T00:04:31.473000;2016-03-18T00:04:31.380000;dd490961-5972-4a0d-b6de-392af55be347;418.0;0.1;SELL
2016-03-18T00:04:31.473000;2016-03-18T00:04:31.397000;74f46ff9-0106-454b-a72f-b42b663fb0c8;418.0;0.098;SELL
2016-03-18T00:04:31.473000;2016-03-18T00:04:31.397000;5982195d-f1f4-4eeb-89a5-21c55c7ab8fe;417.98;0.01;SELL
2016-03-18T00:04:31.473000;2016-03-18T00:04:31.397000;3da92042-b799-4fc4-b323-8c7ce83d51d4;417.98;0.58633519;SELL
2016-03-18T00:04:31.473000;2016-03-18T00:04:31.397000;e8db0162-b759-4a98-9602-71b1cfa5cc19;417.96;0.01;SELL
2016-03-18T00:04:31.473000;2016-03-18T00:04:31.410000;335d521d-ee2f-4500-a4fa-344f3f4fc29e;417.96;1.0;SELL
2016-03-18T00:04:31.473000;2016-03-18T00:04:31.410000;7acfedcc-5164-4d3a-b1e3-e3ddbc13aafa;417.95;2.26879481;SELL
2016-03-18T00:05:01.290000;2016-03-18T00:05:01.170000;28d6aa7f-a248-4a1e-aeab-d0ba684d3f57;418.0;0.01;SELL
2016-03-18T00:05:01.290000;2016-03-18T00:05:01.190000;c2d32818-a9e9-49a5-b9f5-15168a35a0db;418.0;0.00316;SELL
2016-03-18T00:05:31.360000;2016-03-18T00:05:31.240000;434e2e9c-5fb0-4b89-bc85-5b4478f1f1ff;418.03;0.01;BUY
2016-03-18T00:05:31.360000;2016-03-18T00:05:31.260000;1eeeb1b8-ac5e-40cc-9881-16dc4f6698b2;418.04;0.25;BUY
2016-03-18T00:05:31.363000;2016-03-18T00:05:31.260000;517f9009-5cd0-4cfa-81e5-948e6ce5c839;418.06;0.01;BUY
2016-03-18T00:05:31.363000;2016-03-18T00:05:31.260000;39f8b132-98ae-41f7-ab37-1239a1e0ec20;418.08;0.01;BUY
2016-03-18T00:05:31.363000;2016-03-18T00:05:31.280000;8b8f7d93-4963-4aee-902d-277c84136138;418.09;0.111;BUY
2016-03-18T00:05:31.363000;2016-03-18T00:05:31.280000;d5d9c37e-e82b-4bf5-b7cb-c22007d22cff;418.1;0.01;BUY
2016-03-18T00:05:31.363000;2016-03-18T00:05:31.280000;8b3af052-2b7b-46c7-8ae8-0cf7d4aefe5c;418.12;0.01;BUY
2016-03-18T00:05:31.363000;2016-03-18T00:05:31.280000;7b7dac6b-80ce-4fa0-8de6-6115343afeaf;418.13;0.01;BUY
2016-03-18T00:05:31.363000;2016-03-18T00:05:31.280000;a26d9da5-fbb2-40f7-a9a5-a2915d8d5913;418.13;1.0;BUY
2016-03-18T00:05:31.363000;2016-03-18T00:05:31.280000;c212d01e-f5d2-4385-957f-236d03d9dbfc;418.14;0.01;BUY
2016-03-18T00:05:31.363000;2016-03-18T00:05:31.280000;3e8e5635-3c73-4e12-8e1b-6cbfa20bf87a;418.14;0.93716;BUY
2016-03-18T00:06:01.307000;2016-03-18T00:06:01.187000;8f2fc45a-2704-4aae-9594-97be7a77de17;418.14;1.06284;BUY
2016-03-18T00:06:01.307000;2016-03-18T00:06:01.210000;18418a41-e8c2-4dc5-8277-936b371bd785;418.15;0.05;BUY
2016-03-18T00:06:01.307000;2016-03-18T00:06:01.210000;b584e6ff-05e4-4f44-8843-a334615a2ed1;418.15;0.258;BUY
2016-03-18T00:06:01.307000;2016-03-18T00:06:01.210000;50e7b33f-e089-41b6-98b9-34a2c9498257;418.16;0.01;BUY
2016-03-18T00:06:01.307000;2016-03-18T00:06:01.210000;1bcc6058-7677-46e8-b91a-5d99cb2cc69a;418.16;0.01;BUY
2016-03-18T00:06:01.307000;2016-03-18T00:06:01.283000;1eca1c73-4874-41e3-af74-12e68df58867;418.16;1.60916;BUY
2016-03-18T00:06:31.433000;2016-03-18T00:06:31.313000;f6c4b4b0-cf60-4f91-97e6-6f3607d04cdb;418.14;0.01;BUY
2016-03-18T00:06:31.433000;2016-03-18T00:06:31.330000;dc1a35df-0e96-4ad8-aeb2-a9905566763f;418.15;0.01;BUY
2016-03-18T00:06:31.433000;2016-03-18T00:06:31.330000;ed51d8dc-3e7c-4dd8-be11-34bb7e98734f;418.16;0.21678;BUY
2016-03-18T00:07:01.363000;2016-03-18T00:07:01.240000;4c9695fa-cc15-468d-bab6-6144a2f6d21a;418.05;0.01;SELL
2016-03-18T00:07:01.363000;2016-03-18T00:07:01.257000;de70ad83-cfe4-43c6-8de6-fdc0466dfaa6;418.04;0.01;SELL
2016-03-18T00:07:01.363000;2016-03-18T00:07:01.257000;6f67699c-b5a3-466c-9c76-b2df0448218e;418.02;2.0;SELL
2016-03-18T00:07:01.363000;2016-03-18T00:07:01.257000;52b49f08-3bc1-4c2d-bd16-2a3990db0244;418.02;0.01;SELL
2016-03-18T00:07:01.363000;2016-03-18T00:07:01.257000;5a1309bd-36b5-4702-a772-01dad07e55a6;418.02;0.25;SELL
2016-03-18T00:07:01.363000;2016-03-18T00:07:01.343000;d1ebf693-5a77-4d61-ba06-151a99fcf646;418.02;0.05;SELL
2016-03-18T00:07:01.363000;2016-03-18T00:07:01.343000;4086b657-1df1-42b4-8134-c55f3a66e49c;418.01;0.01;SELL
2016-03-18T00:07:01.363000;2016-03-18T00:07:01.343000;3af19ea8-80bd-4f7d-9640-d91c976576a4;418.0;0.01;SELL
2016-03-18T00:07:01.363000;2016-03-18T00:07:01.347000;04e66ebf-b451-4c53-b17b-cdb925ed178c;418.0;0.119;SELL
2016-03-18T00:07:01.367000;2016-03-18T00:07:01.347000;acadb009-b7b7-4d74-9610-65373db7a255;417.98;0.01;SELL
2016-03-18T00:07:01.367000;2016-03-18T00:07:01.347000;8976bdf7-e57e-4933-b0ac-57b7a661bc01;417.96;1.2309;SELL
2016-03-18T00:07:01.367000;2016-03-18T00:07:01.347000;99fc9585-97c0-4dcd-b0e7-78e4e3017433;417.96;0.01;SELL
2016-03-18T00:07:01.367000;2016-03-18T00:07:01.347000;9992f42c-ca8e-4c46-bc9c-843809bb7af3;417.95;0.59522;SELL
2016-03-18T00:07:17.190000;2016-03-18T00:07:17.083000;96840001-fd79-49af-b519-d8854ee1afea;418.06;0.01;BUY
2016-03-18T00:07:17.190000;2016-03-18T00:07:17.083000;c50b1978-beac-47ca-a285-948b13b4915d;418.08;0.01;BUY
2016-03-18T00:07:17.190000;2016-03-18T00:07:17.083000;59d1498f-38c1-4ecd-ab47-bc62a3231b21;418.1;0.01;BUY
2016-03-18T00:07:17.190000;2016-03-18T00:07:17.083000;02273e48-6bf1-4173-bd23-8fd9898ddc7d;418.11;0.0111;BUY
2016-03-18T00:07:17.590000;2016-03-18T00:07:17.490000;964c7981-2731-48a7-879a-cc061498cb6a;418.11;0.0389;BUY
2016-03-18T00:07:17.590000;2016-03-18T00:07:17.490000;d690e905-47a1-4e88-8e0f-b9618574a2ce;418.11;0.05;BUY
2016-03-18T00:07:17.590000;2016-03-18T00:07:17.490000;4e393b4c-0609-4509-ae70-2199aec03e87;418.12;0.01;BUY
2016-03-18T00:07:17.593000;2016-03-18T00:07:17.490000;ae0aa0fb-d77e-4fee-94d0-908836c0ded8;418.14;0.01;BUY
2016-03-18T00:07:17.593000;2016-03-18T00:07:17.490000;f803d218-a036-4f97-9674-5ccf869d3bac;418.14;0.31038;BUY
2016-03-18T00:07:17.607000;2016-03-18T00:07:17.510000;5d8e2a8d-e88c-4cc2-9bef-06ffd10553ec;418.13;0.03;BUY
2016-03-18T00:07:17.863000;2016-03-18T00:07:17.740000;dce2ccb7-38a5-485f-821b-37eb7ae35680;418.13;0.16616;BUY
2016-03-18T00:07:17.880000;2016-03-18T00:07:17.770000;83fafbcc-dd76-4ab4-9893-1e1e6e7cf697;418.13;0.01;BUY
2016-03-18T00:07:30.700000;2016-03-18T00:07:30.577000;e2689146-34c2-44f4-acd6-74cfcf981308;418.14;0.73612;BUY
2016-03-18T00:07:30.700000;2016-03-18T00:07:30.593000;e940753b-9aaa-4037-8ccc-035370e7d1dd;418.14;0.388;BUY
2016-03-18T00:07:30.700000;2016-03-18T00:07:30.593000;eea6b0b3-73c2-496c-a670-ea68970d5a70;418.15;0.72;BUY
2016-03-18T00:07:30.700000;2016-03-18T00:07:30.593000;f877b017-b0f5-48c3-8df2-385406c07b93;418.16;1.34536;BUY
2016-03-18T00:07:30.700000;2016-03-18T00:07:30.593000;a85b0825-b3b2-478c-ac11-81c7dd78826f;418.16;0.24;BUY
2016-03-18T00:07:30.703000;2016-03-18T00:07:30.690000;b9b30c6b-6e63-4e10-af88-c4dd26a35d68;418.17;4.25547;BUY
2016-03-18T00:07:31.540000;2016-03-18T00:07:31.417000;2e70ac6e-1cf4-4249-b025-1068c3cc1e51;418.16;0.01;BUY
2016-03-18T00:07:31.540000;2016-03-18T00:07:31.437000;9df2309f-77ea-4776-95c1-528f99e94450;418.17;0.19807528;BUY
2016-03-18T00:07:31.540000;2016-03-18T00:07:31.437000;2d694eec-a165-4cb3-a86a-48beee1e1103;418.18;0.01;BUY
2016-03-18T00:07:31.540000;2016-03-18T00:07:31.437000;3cfb7b39-7f4b-4169-aa30-9aaa91882910;418.19;0.01;BUY
2016-03-18T00:07:31.540000;2016-03-18T00:07:31.437000;b0effa31-df75-40bc-b337-1788b3b19ee4;418.19;0.25920472;BUY
2016-03-18T00:08:01.450000;2016-03-18T00:08:01.530000;ce9846d2-5b57-4fc1-8c0c-a9fc532e046b;418.19;0.0201;SELL
2016-03-18T00:08:01.450000;2016-03-18T00:08:01.530000;bbe3aff4-8c7d-44e0-8e50-dc5f9faa73fb;418.19;0.0213;SELL
2016-03-18T00:08:01.450000;2016-03-18T00:08:01.530000;98ef2b06-a673-4f9c-bff9-2908eca17049;418.19;0.0245;SELL
2016-03-18T00:08:01.450000;2016-03-18T00:08:01.530000;0743874c-88ad-4064-85fc-c7d79591ca24;418.19;0.0256;SELL
2016-03-18T00:08:01.450000;2016-03-18T00:08:01.543000;1903ac90-4c3b-4afb-9f5d-072739321743;418.19;0.0268;SELL
2016-03-18T00:08:01.450000;2016-03-18T00:08:01.543000;45e43e0f-b5cb-4b73-bddd-0365cc0b2a27;418.19;0.0249;SELL
2016-03-18T00:08:01.450000;2016-03-18T00:08:01.603000;95f96579-7173-41ed-893b-ec85d02bb76c;418.18;0.0199;SELL
2016-03-18T00:08:01.450000;2016-03-18T00:08:01.603000;36096fde-71f5-4ef5-8374-183eed52c0b5;418.18;2.32;SELL
2016-03-18T00:08:01.450000;2016-03-18T00:08:01.603000;e72520cd-f777-4b8c-9746-88be568dbbed;418.16;0.0186;SELL
2016-03-18T00:08:01.450000;2016-03-18T00:08:01.603000;b82067b1-0b4d-4e76-a201-2572dbe5584b;418.15;0.326;SELL
2016-03-18T00:08:01.450000;2016-03-18T00:08:01.603000;2dd16efc-856a-4259-91f9-13dd3fb14e73;418.14;0.0207;SELL
2016-03-18T00:08:01.450000;2016-03-18T00:08:01.603000;ee4038b4-2fa0-47cd-920a-b4365d39b79c;418.12;0.0169;SELL
2016-03-18T00:08:01.450000;2016-03-18T00:08:01.603000;6cc4f6b8-8c27-4d18-8068-2fcb01d6b4a5;418.1;0.0146;SELL
2016-03-18T00:08:01.450000;2016-03-18T00:08:01.603000;c93789f1-00db-49b6-96bf-a75ceacf2a17;418.1;0.28;SELL
2016-03-18T00:08:01.450000;2016-03-18T00:08:01.603000;46759048-71a3-48b1-ada7-7b2ce5e15f74;418.08;0.01;SELL
2016-03-18T00:08:01.453000;2016-03-18T00:08:01.603000;d4768c60-d814-4059-97c3-6ccf180a5219;418.06;0.01;SELL
2016-03-18T00:08:01.453000;2016-03-18T00:08:01.603000;1a5c9dcc-55a9-4ef5-92b3-44b9521b4d2a;418.04;0.01;SELL
2016-03-18T00:08:01.453000;2016-03-18T00:08:01.607000;6ed4d548-4520-43e0-8f60-a85bdfbc57ee;418.03;0.01;SELL
2016-03-18T00:08:01.453000;2016-03-18T00:08:01.607000;4f98bef3-1f0d-4d9f-94a5-de0a608929b2;418.03;0.5982;SELL
2016-03-18T00:08:31.387000;2016-03-18T00:08:31.450000;143a644a-7149-45f9-b3a0-e415650dc77b;418.2;0.01;BUY
2016-03-18T00:08:31.387000;2016-03-18T00:08:31.463000;e2d64ace-fde8-49cb-b60e-03a4fcab1251;418.2;0.37;BUY
2016-03-18T00:08:31.387000;2016-03-18T00:08:31.463000;1952a49d-2086-4b0e-8c9d-66d9fc72de43;418.21;0.085;BUY
2016-03-18T00:08:31.387000;2016-03-18T00:08:31.463000;768b59a8-efb5-4878-9ab0-f0e7009bcb38;418.22;0.01;BUY
2016-03-18T00:08:31.387000;2016-03-18T00:08:31.463000;31146cfc-f3d0-4f0a-b66f-35dd3d615f0a;418.22;1.16365;BUY
2016-03-18T00:10:01.460000;2016-03-18T00:10:01.520000;b1c9304e-344c-48d5-a184-3fc6ca1e00c2;418.22;0.54734;BUY
2016-03-18T00:10:14.807000;2016-03-18T00:10:14.867000;3db45a03-376c-4ebd-90d4-fde28a9236f1;418.22;0.09;BUY
2016-03-18T00:10:31.403000;2016-03-18T00:10:31.460000;133c9942-fd74-4274-9d48-21a21527c903;418.22;0.15901;BUY
2016-03-18T00:10:31.403000;2016-03-18T00:10:31.473000;d1be9dec-48de-4b0e-a98a-21941a7aa667;418.22;0.03202;BUY
2016-03-18T00:11:26.767000;2016-03-18T00:11:26.820000;444843c3-d8cd-4f31-9489-167c8eb01a27;418.16;0.01;SELL
2016-03-18T00:11:26.767000;2016-03-18T00:11:26.843000;1fcbb126-959a-4894-a9a3-a1eddc92381a;418.15;0.0115;SELL
2016-03-18T00:11:26.767000;2016-03-18T00:11:26.843000;adb86021-dc26-42e6-b48a-495a55f48660;418.11;0.01;SELL
2016-03-18T00:11:31.350000;2016-03-18T00:11:31.403000;339a3f56-6a88-403c-addb-7fbdd80482f0;418.11;0.07078;BUY
2016-03-18T00:12:00.073000;2016-03-18T00:12:00.127000;a118c44b-6884-420f-ab10-0a18377f2804;418.1;0.01;SELL
2016-03-18T00:12:00.073000;2016-03-18T00:12:00.143000;d7b1c666-56dc-46db-9675-ebbaa4b49aa4;418.1;0.25;SELL
2016-03-18T00:12:00.073000;2016-03-18T00:12:00.143000;4e1fae14-d203-40dc-b1ff-d3753ba76671;418.08;0.01;SELL
2016-03-18T00:12:01.743000;2016-03-18T00:12:01.797000;1c495bb8-a2bb-48d1-a8b4-2c0002458ca9;418.07;2.14828;BUY
2016-03-18T00:12:10.263000;2016-03-18T00:12:10.313000;c665c1c1-82e2-42d0-9e71-3b6818f77a22;418.07;0.9;BUY
2016-03-18T00:12:31.933000;2016-03-18T00:12:31.987000;aa5d3c65-0985-4a37-bbb7-7ce9fe00633b;418.07;0.36772;BUY
2016-03-18T00:12:31.933000;2016-03-18T00:12:32.003000;3f574561-e196-4b52-abad-44516b9fc879;418.07;0.323;BUY
2016-03-18T00:12:31.933000;2016-03-18T00:12:32.003000;3bc05f6f-7b0b-42d8-bf96-0e74bdc8883c;418.09;1.44;BUY
2016-03-18T00:12:31.933000;2016-03-18T00:12:32.003000;c8e63711-f230-4655-aa5b-5b02e911a0e0;418.1;3.4045;BUY
2016-03-18T00:13:01.730000;2016-03-18T00:13:01.780000;9d24fa64-e99c-4a9b-b550-d89cccbb9d61;418.06;0.01;SELL
2016-03-18T00:13:01.730000;2016-03-18T00:13:01.797000;efdf7598-bc31-4134-90aa-4c57148be3b7;418.04;0.01;SELL
2016-03-18T00:13:01.730000;2016-03-18T00:13:01.797000;3a375051-fd04-4531-ac57-3385fd2c6ec3;418.03;0.00584;SELL
2016-03-18T00:13:31.410000;2016-03-18T00:13:31.460000;f84dfe45-10ff-40bb-9c6e-fe6bc4582d3f;418.04;0.20053;BUY
2016-03-18T00:14:01.393000;2016-03-18T00:14:01.443000;a4dcbb70-9ecd-4063-8246-ee2462e2036e;418.04;0.11841;BUY
2016-03-18T00:14:35.087000;2016-03-18T00:14:35.137000;d2210a12-3219-4e8b-ae9c-efd38df40d7a;418.02;0.01;SELL
2016-03-18T00:14:35.087000;2016-03-18T00:14:35.173000;3175e612-d5ad-4898-a73b-bf7903b751d0;418.02;0.02;SELL
2016-03-18T00:14:35.087000;2016-03-18T00:14:35.173000;72bf3fc5-527d-4397-8faa-1c0a11e7f80f;418.0;0.01;SELL
2016-03-18T00:14:35.087000;2016-03-18T00:14:35.173000;3af97e56-41bb-46cb-a37e-253d96658ebe;417.98;0.01;SELL
2016-03-18T00:14:35.087000;2016-03-18T00:14:35.173000;06d70895-8574-4e21-8cfb-dfdf64dc130d;417.96;0.01;SELL
2016-03-18T00:14:35.090000;2016-03-18T00:14:35.173000;e2854c76-aef7-4f2c-ab1c-d2d6d124af6f;417.96;0.25;SELL
2016-03-18T00:14:35.090000;2016-03-18T00:14:35.190000;4f0ac47e-1f3d-4746-aac0-773735dd406b;417.94;0.01;SELL
2016-03-18T00:14:35.090000;2016-03-18T00:14:35.190000;cede838e-c53e-4de0-aac7-1334aa35eba5;417.94;0.111;SELL
2016-03-18T00:14:35.090000;2016-03-18T00:14:35.190000;557d3a2f-b27b-47af-a532-ad717111633c;417.93;0.05;SELL
2016-03-18T00:14:35.090000;2016-03-18T00:14:35.190000;092ba287-e3c8-4161-abc7-32aca502b9c8;417.92;0.01;SELL
2016-03-18T00:14:35.090000;2016-03-18T00:14:35.190000;a7e3ac0b-e5ea-4830-b791-629d3b2a8989;417.9;0.01;SELL
2016-03-18T00:14:35.090000;2016-03-18T00:14:35.190000;241fef30-57d7-44c6-bd27-1d24ce94678c;417.9;0.1;SELL
2016-03-18T00:15:01.477000;2016-03-18T00:15:01.527000;232e1f7b-dada-48e8-9ee6-4a73f557d07b;417.99;0.01;BUY
2016-03-18T00:15:01.477000;2016-03-18T00:15:01.547000;1c381fbe-8ed6-4d6a-b16b-d4dcf1d21ad8;418.0;0.01;BUY
2016-03-18T00:15:01.477000;2016-03-18T00:15:01.547000;099ffe1b-b053-490e-85dd-a60766f3cc84;418.02;0.01;BUY
2016-03-18T00:15:01.480000;2016-03-18T00:15:01.547000;9326a886-e581-4d30-baa9-572f8016da5d;418.04;0.01;BUY
2016-03-18T00:15:01.480000;2016-03-18T00:15:01.550000;fe3cf42c-fc04-4880-94de-0e07fb0ce96b;418.06;0.01;BUY
2016-03-18T00:15:01.480000;2016-03-18T00:15:01.563000;926143cf-6e99-4e54-a99a-84eb720e783f;418.06;0.18685;BUY
2016-03-18T00:15:16.853000;2016-03-18T00:15:16.913000;257bbb35-ed81-4806-aa1a-c33ef07eb427;418.01;0.01;SELL
2016-03-18T00:15:16.853000;2016-03-18T00:15:16.913000;ca597d07-0eea-42aa-ab80-b2af212623f1;417.94;0.01;SELL
2016-03-18T00:15:16.853000;2016-03-18T00:15:16.913000;d3ec0ddf-f62d-49eb-8f0d-162a1ffadbc4;417.94;0.25;SELL
2016-03-18T00:15:19.457000;2016-03-18T00:15:19.500000;f10ddb72-2c9a-4320-b5ea-b2362df11cae;417.92;0.01;SELL
2016-03-18T00:15:19.457000;2016-03-18T00:15:19.517000;437236bb-fe51-43ec-8aff-b022f9fbb904;417.9;0.01;SELL
2016-03-18T00:15:19.457000;2016-03-18T00:15:19.517000;72301227-62ef-47cc-a0cd-1f08d723a36b;417.9;0.01;SELL
2016-03-18T00:15:19.457000;2016-03-18T00:15:19.517000;7f693bda-e4bb-49db-965a-b43aaaa00a4d;417.89;0.47;SELL
2016-03-18T00:15:24.687000;2016-03-18T00:15:24.733000;32a0e9a4-5fa0-4e60-b7e5-7745c1e7b801;417.92;0.305;BUY
2016-03-18T00:15:24.687000;2016-03-18T00:15:24.747000;1db7d687-46d1-49d2-b813-f3e309105211;417.93;9.695;BUY
2016-03-18T00:15:31.620000;2016-03-18T00:15:31.680000;2e3c5926-197e-47b1-a4fd-3daf1922ead4;417.95;0.01;SELL
2016-03-18T00:15:31.620000;2016-03-18T00:15:31.680000;ff496239-9e1f-4589-a54a-c74af612463e;417.94;0.01;SELL
2016-03-18T00:15:31.620000;2016-03-18T00:15:31.683000;77c3e1c5-b4f8-497b-8ce4-eef9b359775b;417.93;0.01;SELL
2016-03-18T00:15:31.620000;2016-03-18T00:15:31.710000;0621ac1b-105d-4d2c-8a27-236818e1fd95;417.91;0.078;SELL
2016-03-18T00:15:31.620000;2016-03-18T00:15:31.710000;a08abccd-ba72-478d-9857-8dccf3ea14a2;417.9;0.05;SELL
2016-03-18T00:15:31.620000;2016-03-18T00:15:31.710000;9ca3fc87-fe4f-46e1-8f17-71e6e975ae01;417.89;0.53;SELL
2016-03-18T00:15:31.620000;2016-03-18T00:15:31.710000;61ee7ff6-02e5-40ba-aead-f671f2b57742;417.88;0.01;SELL
2016-03-18T00:15:31.620000;2016-03-18T00:15:31.710000;fc023d8e-6fb0-4991-a86f-fbb87eed52dd;417.88;10.0;SELL
2016-03-18T00:15:31.620000;2016-03-18T00:15:31.710000;3de1500a-ce6f-41b5-83ac-7bb6fbb8f8d3;417.87;0.01;SELL
2016-03-18T00:15:31.620000;2016-03-18T00:15:31.713000;9374f9dd-a651-4ea5-95e5-325ffb07cb8d;417.86;0.01;SELL
2016-03-18T00:15:31.620000;2016-03-18T00:15:31.713000;e8ed93a4-2b64-46dc-a9e9-fa47ae4fef49;417.85;0.351;SELL
2016-03-18T00:15:31.620000;2016-03-18T00:15:31.727000;a5bd24c7-32dd-4a29-a402-ff0f6cd27726;417.84;0.01;SELL
2016-03-18T00:15:31.620000;2016-03-18T00:15:31.727000;67b50b8c-14c7-473d-9061-c9118f9a553e;417.84;0.351;SELL
2016-03-18T00:15:31.623000;2016-03-18T00:15:31.727000;0368e26c-301d-4045-a099-a72d83e63357;417.82;0.01;SELL
2016-03-18T00:15:31.623000;2016-03-18T00:15:31.743000;b3c0a4a2-2f0d-46b1-891d-ded19977fb96;417.82;0.02;SELL
2016-03-18T00:15:31.623000;2016-03-18T00:15:31.743000;1bec9f70-93be-4e5e-ba3b-189b39da3df6;417.8;0.1;SELL
2016-03-18T00:15:31.623000;2016-03-18T00:15:31.743000;6a52720c-d4dc-409c-bf72-b042d30ef618;417.75;0.25;SELL
2016-03-18T00:15:31.623000;2016-03-18T00:15:31.743000;d5bb277a-9c00-43f8-9714-fd1643364ea2;417.75;1.0;SELL
2016-03-18T00:15:31.623000;2016-03-18T00:15:31.743000;508f82e2-d62d-4b0f-800b-0972bfe9e0ba;417.75;0.02;SELL
2016-03-18T00:15:31.623000;2016-03-18T00:15:31.743000;88e3a83b-fa1b-41fd-8d8c-6ad396f4311c;417.74;0.123;SELL
2016-03-18T00:15:31.623000;2016-03-18T00:15:31.763000;03e83664-f097-4fb5-8c4e-5e8ea405f31c;417.73;0.01;SELL
2016-03-18T00:15:31.623000;2016-03-18T00:15:31.763000;21db6f6d-7191-4ad8-8ba3-5859f78c3059;417.72;0.1;SELL
2016-03-18T00:15:31.623000;2016-03-18T00:15:31.763000;ed0cbe30-ed65-4565-ab2f-deda3ea573f1;417.71;0.48;SELL
2016-03-18T00:15:31.623000;2016-03-18T00:15:31.763000;f31bb5b1-a366-416a-b09b-59c27d378c17;417.7;0.1;SELL
2016-03-18T00:15:31.623000;2016-03-18T00:15:31.763000;bbd2c612-9a9c-4e6d-81de-71ddd47624a5;417.7;1.2;SELL
2016-03-18T00:15:31.623000;2016-03-18T00:15:31.783000;c430cb0d-086a-4c8a-bc83-d1a32abe3e3f;417.69;0.089;SELL
2016-03-18T00:15:31.623000;2016-03-18T00:15:31.783000;f52af329-9244-424f-a783-bed84b7fb1a6;417.68;2.88;SELL
2016-03-18T00:15:31.623000;2016-03-18T00:15:31.783000;98cb1508-e023-46df-95b1-e0bc6ae46034;417.67;0.01;SELL
2016-03-18T00:15:31.623000;2016-03-18T00:15:31.783000;2e5a7ff2-1b68-4d64-b607-b5df1d580bff;417.65;6.48;SELL
2016-03-18T00:15:31.623000;2016-03-18T00:15:31.783000;d3df4f3e-d9e7-4bed-be86-d55d2ba40c8a;417.64;0.121;SELL
2016-03-18T00:15:31.623000;2016-03-18T00:15:31.783000;0c904dc8-e36b-4a02-922f-607529c94739;417.63;3.84;SELL
2016-03-18T00:15:31.623000;2016-03-18T00:15:31.783000;371a34ae-c1d6-4fc8-a8b5-6a5f37c70d37;417.6;0.0817;SELL
2016-03-18T00:15:31.623000;2016-03-18T00:15:31.797000;2e85b808-8a52-44a9-a8ee-80fc4930b6a7;417.6;0.1;SELL
2016-03-18T00:15:31.623000;2016-03-18T00:15:31.797000;1c9d1b4f-e315-48dc-aa7f-ddc3b2e980e3;417.59;0.117;SELL
2016-03-18T00:15:31.627000;2016-03-18T00:15:31.797000;306fdeeb-d084-4a31-9b23-0e77a2cad958;417.59;1.0;SELL
2016-03-18T00:15:31.627000;2016-03-18T00:15:31.797000;196fe829-d54e-4710-ba5b-cf3022556dc4;417.58;5.0;SELL
2016-03-18T00:15:31.627000;2016-03-18T00:15:31.800000;d2a21722-fd87-4789-a3b3-b031838f29bd;417.58;0.468125;SELL
2016-03-18T00:15:31.627000;2016-03-18T00:15:31.823000;a6c66e1a-88e8-4018-b0b3-7665b7b4b58f;417.57;0.25;SELL
2016-03-18T00:15:31.627000;2016-03-18T00:15:31.823000;7c050009-2d00-4334-8d5e-ee5e1be3d0d3;417.57;14.720175;SELL
2016-03-18T00:15:31.627000;2016-03-18T00:15:31.823000;a2bb6386-a3cf-43c3-bcdc-f97d56919468;417.57;0.279825;SELL
2016-03-18T00:15:31.627000;2016-03-18T00:15:31.823000;24e6b9c3-2ded-44c3-b77d-5d494d242fe1;417.56;0.01764136;SELL
2016-03-18T00:15:31.627000;2016-03-18T00:15:31.823000;e6065c8d-811b-4f4e-bfef-6fac2f2736cf;417.54;0.121;SELL
2016-03-18T00:15:31.627000;2016-03-18T00:15:31.823000;edeb5178-e66f-49ae-a0f8-d0f1b88c11c3;417.54;1.58153364;SELL
2016-03-18T00:15:45.667000;2016-03-18T00:15:45.713000;822b27b8-0eeb-473d-9c38-d50dc4b427dc;417.71;0.0541;BUY
2016-03-18T00:15:45.667000;2016-03-18T00:15:45.727000;02dd46a6-48a1-4507-9a05-11dbc4e192f9;417.73;0.0159;BUY
2016-03-18T00:15:51.430000;2016-03-18T00:15:51.473000;76657844-b6a9-4d8e-9dbb-53a7af08d700;417.73;0.0569;BUY
2016-03-18T00:15:51.430000;2016-03-18T00:15:51.490000;7ad53f7a-718a-4191-aae2-5cc9a5f66cf2;417.73;0.124;BUY
2016-03-18T00:16:01.787000;2016-03-18T00:16:01.837000;ae53e932-ce4a-4d04-b48e-3f3c1e90de74;417.87;0.01;BUY
2016-03-18T00:16:18.093000;2016-03-18T00:16:18.143000;36288d39-209e-4661-9234-f421ac07d745;417.82;0.01;SELL
2016-03-18T00:16:18.093000;2016-03-18T00:16:18.167000;a3db9c06-e0f0-4364-a74a-0ecdd248cac1;417.79;0.01;SELL
2016-03-18T00:16:18.093000;2016-03-18T00:16:18.167000;908c684d-88be-449a-8b63-a5ebc6b0f186;417.78;0.01;SELL
2016-03-18T00:16:18.093000;2016-03-18T00:16:18.167000;818aa0da-3815-4704-b12c-94e08999a17c;417.75;0.0212;SELL
2016-03-18T00:16:18.093000;2016-03-18T00:16:18.167000;c2270475-9268-4fd1-8dc3-e7d3e1f0a3d2;417.75;10.0;SELL
2016-03-18T00:16:18.093000;2016-03-18T00:16:18.183000;0def6045-8bea-4959-b274-d80dc5ef1249;417.74;1.0;SELL
2016-03-18T00:16:18.093000;2016-03-18T00:16:18.183000;b9b31a91-021b-4822-8af0-4a34b5fd8dee;417.71;0.072;SELL
2016-03-18T00:16:18.093000;2016-03-18T00:16:18.183000;674e091f-057d-4db9-a7d9-2c790114725a;417.68;0.01;SELL
2016-03-18T00:16:18.093000;2016-03-18T00:16:18.183000;e3636a44-a5d8-40f3-bd1e-172157b44e2c;417.66;0.241;SELL
2016-03-18T00:16:18.093000;2016-03-18T00:16:18.183000;895a08b8-8c11-42a2-96ea-fbbb6e416149;417.62;0.02;SELL
2016-03-18T00:16:18.093000;2016-03-18T00:16:18.200000;4294e216-bad0-4380-80a5-6614441b5640;417.6;10.0;SELL
2016-03-18T00:16:18.093000;2016-03-18T00:16:18.220000;c47116b1-eda5-4ac7-9a97-3187d1a2a56c;417.56;0.125;SELL
2016-03-18T00:16:18.093000;2016-03-18T00:16:18.220000;03ccf3c2-13ce-4de0-b7aa-fac218c367b6;417.53;0.01;SELL
2016-03-18T00:16:18.093000;2016-03-18T00:16:18.220000;577edab5-c0f7-4a6c-957c-deebf7109785;417.5;0.08029844;SELL
2016-03-18T00:16:18.093000;2016-03-18T00:16:18.220000;1331d5cb-da50-4923-a0ed-913dbb042127;417.5;0.1;SELL
2016-03-18T00:16:18.097000;2016-03-18T00:16:18.220000;05d1b3d5-4184-49b6-943a-19b62a46d8a6;417.5;0.124;SELL
2016-03-18T00:16:18.097000;2016-03-18T00:16:18.220000;abd92eae-7e9d-469c-92c3-992e9bdaaede;417.5;15.0;SELL
2016-03-18T00:16:18.097000;2016-03-18T00:16:18.220000;d3b87cb1-215b-4c43-88b6-f960eb61967c;417.46;0.05;SELL
2016-03-18T00:16:18.097000;2016-03-18T00:16:18.220000;c1ed984d-e0c5-45e0-a495-f12d59c52c7c;417.45;7.15499;SELL
2016-03-18T00:16:18.097000;2016-03-18T00:16:18.220000;bdd0f7d2-5263-4058-a361-0cbc8724f18e;417.43;0.01;SELL
2016-03-18T00:16:18.097000;2016-03-18T00:16:18.237000;a4c90a0b-134c-4c26-9750-759605113597;417.41;0.0818;SELL
2016-03-18T00:16:18.097000;2016-03-18T00:16:18.237000;5cb89b98-f270-48e5-83ac-f93dc9e0a169;417.39;0.125;SELL
2016-03-18T00:16:18.097000;2016-03-18T00:16:18.237000;a542c1d7-05fe-4043-8251-194584fd714e;417.39;0.01;SELL
2016-03-18T00:16:18.097000;2016-03-18T00:16:18.237000;129c3839-3f07-4a90-a4cc-e45879907f2a;417.34;0.1;SELL
2016-03-18T00:16:18.097000;2016-03-18T00:16:18.237000;cd16f0aa-222e-4ac7-b75b-0fd67af5ef96;417.33;0.02;SELL
2016-03-18T00:16:18.097000;2016-03-18T00:16:18.237000;06a5ba56-330b-495f-975b-5a1b5a97f041;417.29;0.01;SELL
2016-03-18T00:16:18.097000;2016-03-18T00:16:18.237000;bb04a38c-f682-4f0a-bb3d-a57f288b6291;417.29;0.082;SELL
2016-03-18T00:16:18.097000;2016-03-18T00:16:18.237000;2d5dcdd5-c7d5-4b40-a4c7-7e01683e025b;417.27;0.01177791;SELL
2016-03-18T00:16:18.097000;2016-03-18T00:16:18.237000;3d0a996e-49ae-448b-8ddb-6289950c7df3;417.25;0.05;SELL
2016-03-18T00:16:18.097000;2016-03-18T00:16:18.253000;16e7d258-aa04-4d03-95d3-c4d38fc6f49c;417.24;0.118;SELL
2016-03-18T00:16:18.097000;2016-03-18T00:16:18.253000;9349c1cd-aa2b-4777-826a-76a55de2da90;417.23;0.100333;SELL
2016-03-18T00:16:18.097000;2016-03-18T00:16:18.253000;d7beddb1-09ee-47ca-be94-e9f74e2733c2;417.2;3.424;SELL
2016-03-18T00:16:18.097000;2016-03-18T00:16:18.273000;dd9ac7f9-24df-47e1-a12b-e59738d96083;417.19;0.092;SELL
2016-03-18T00:16:18.097000;2016-03-18T00:16:18.273000;368c3235-597c-44b4-91de-da5db82591f4;417.15;1.72660065;SELL
2016-03-18T00:16:18.097000;2016-03-18T00:16:18.273000;b7b340a2-a85a-4e46-8863-2030798c4039;417.15;0.27339935;SELL
2016-03-18T00:16:18.100000;2016-03-18T00:16:18.273000;6008d525-3ad4-4467-9520-d969aca50847;417.14;0.073;SELL
2016-03-18T00:16:18.100000;2016-03-18T00:16:18.290000;7d1d811e-a005-4e58-93f6-ac32f53dd543;417.11;0.5;SELL
2016-03-18T00:16:18.100000;2016-03-18T00:16:18.290000;551cae9e-9f7e-4050-b2d8-d2f44a32a5a7;417.11;0.25;SELL
2016-03-18T00:16:18.100000;2016-03-18T00:16:18.290000;8c9bbdd7-c87f-4f37-95bc-3595a20d98b0;417.09;0.088;SELL
2016-03-18T00:16:18.100000;2016-03-18T00:16:18.290000;a3fd34aa-0a5a-46a9-8322-150c39b75991;417.08;0.01;SELL
2016-03-18T00:16:18.100000;2016-03-18T00:16:18.290000;1ea8bd5e-82ce-4b10-b49b-12239667caa7;417.04;4.118;SELL
2016-03-18T00:16:18.100000;2016-03-18T00:16:18.290000;6f6b021d-e9b0-46fa-8867-b699b0310c60;417.04;0.088;SELL
2016-03-18T00:16:18.100000;2016-03-18T00:16:18.303000;3f77f457-ed3a-4137-9b6f-137ddc714611;417.02;0.49960065;SELL
2016-03-18T00:16:18.100000;2016-03-18T00:16:18.307000;8ea014c2-de63-44bf-96b0-0c5184e1fb6f;417.02;12.95039935;SELL
2016-03-18T00:16:18.100000;2016-03-18T00:16:18.307000;5e291fe6-2acf-49e5-b42a-f17e9de770a5;417.0;0.01;SELL
2016-03-18T00:16:18.100000;2016-03-18T00:16:18.307000;c212ebff-5a97-4b73-9eb7-14f0095df069;417.0;0.26108484;SELL
2016-03-18T00:16:18.100000;2016-03-18T00:16:18.307000;9e76dee9-01ce-4eb0-93c1-63b130658ad3;417.0;1.0;SELL
2016-03-18T00:16:18.100000;2016-03-18T00:16:18.307000;55a3daf3-65cd-49c2-bd8f-ff0fe138a8b8;417.0;0.08047799;SELL
2016-03-18T00:16:18.100000;2016-03-18T00:16:18.307000;6451c829-c5e0-4555-be0e-e70e44244c02;416.99;0.087;SELL
2016-03-18T00:16:18.100000;2016-03-18T00:16:18.307000;2be91e66-c162-4cb1-9cbc-608efa02f62b;416.94;0.01;SELL
2016-03-18T00:16:18.100000;2016-03-18T00:16:18.307000;7f481394-75b9-4dcc-8f75-fc6d8f805e61;416.93;0.60103782;SELL
2016-03-18T00:16:18.487000;2016-03-18T00:16:18.540000;e2e5c03c-c337-46cc-9f3a-a723fcdac79a;417.83;0.0155;SELL
2016-03-18T00:16:26.500000;2016-03-18T00:16:26.553000;cc5188d7-a304-410b-b7bb-8eb5e7f2d243;417.75;0.0202;BUY
2016-03-18T00:16:26.500000;2016-03-18T00:16:26.557000;ce27685d-8e42-4469-9723-3a58168edea7;417.75;0.0326;BUY
2016-03-18T00:16:26.527000;2016-03-18T00:16:26.577000;39c23b5b-dcfc-4e82-8c7f-9d9c2a83be68;417.75;0.0172;BUY
2016-03-18T00:16:30.717000;2016-03-18T00:16:30.770000;3bd7bd2c-de49-49eb-8cd0-112e0ae0e132;417.77;0.0155;BUY
2016-03-18T00:16:30.717000;2016-03-18T00:16:30.770000;63412de6-54c0-4e11-a715-ce41f4fb64f3;417.77;0.109;BUY
2016-03-18T00:16:30.717000;2016-03-18T00:16:30.783000;ec905af8-861c-43bf-bb4c-aff25af971e1;417.79;0.0537;BUY
2016-03-18T00:16:30.717000;2016-03-18T00:16:30.783000;95963e02-eb24-4d92-ad5a-cff3fd7479af;417.8;0.24;BUY
2016-03-18T00:16:30.720000;2016-03-18T00:16:30.800000;c645ea4f-6db9-455d-a2b8-e14d353219d2;417.8;0.05;BUY
2016-03-18T00:16:30.720000;2016-03-18T00:16:30.800000;76752722-b0b7-42a4-8c45-ff2ce04ce349;417.81;0.01;BUY
2016-03-18T00:16:30.720000;2016-03-18T00:16:30.800000;10a349d4-03e0-419f-a0b1-12a981db6dba;417.81;0.72;BUY
2016-03-18T00:16:30.720000;2016-03-18T00:16:30.800000;079f4424-71b2-4c2a-bfb9-f5d7d0b03825;417.81;3.865;BUY
2016-03-18T00:16:30.720000;2016-03-18T00:16:30.800000;14ce883b-0aa5-4d91-99ce-5a9544efe138;417.82;0.2092;BUY
2016-03-18T00:16:30.720000;2016-03-18T00:16:30.800000;de8ffa74-afd6-48cf-8854-4b69bef432d6;417.82;0.95089;BUY
2016-03-18T00:16:31.367000;2016-03-18T00:16:31.417000;37e7dcd4-a55a-403d-97bd-eaf2ea1c3412;417.83;0.01;BUY
2016-03-18T00:16:31.367000;2016-03-18T00:16:31.417000;08a328f8-9fcf-4c4e-b707-0499e00a0a68;417.84;0.01;BUY
2016-03-18T00:16:31.367000;2016-03-18T00:16:31.440000;52a562ff-057c-402c-b581-e5289f6e3928;417.85;0.01;BUY
2016-03-18T00:16:31.370000;2016-03-18T00:16:31.440000;3f36279b-0b02-44fd-aed4-5fe8b1d01758;417.86;0.01;BUY
2016-03-18T00:16:31.370000;2016-03-18T00:16:31.440000;1aa1e96d-4c98-4412-b5b5-a284c2f7eb6f;417.86;0.091;BUY
2016-03-18T00:16:31.370000;2016-03-18T00:16:31.440000;fd0b2ace-d508-41e8-9d4d-e81401999dd3;417.89;0.05;BUY
2016-03-18T00:16:31.370000;2016-03-18T00:16:31.440000;4f588244-b0d8-400a-a991-53062457dab7;417.89;3.565;BUY
2016-03-18T00:16:31.370000;2016-03-18T00:16:31.440000;aad2f525-2ae8-4c1e-822d-ff940fb9b9a9;417.9;1.05233;BUY
2016-03-18T00:16:31.370000;2016-03-18T00:16:31.440000;57ec5cdd-cf89-4312-9a08-5b892dd057c3;417.91;0.075;BUY
2016-03-18T00:16:31.370000;2016-03-18T00:16:31.460000;61bb106f-40d9-41f9-80e0-c33a001ef64d;417.91;0.01;BUY
2016-03-18T00:16:31.370000;2016-03-18T00:16:31.460000;f3604fc4-2cf2-41ea-987d-be488452b12c;417.92;0.01;BUY
2016-03-18T00:16:31.370000;2016-03-18T00:16:31.460000;5a7d1f8b-4435-4941-ae78-5f22605c01f5;417.92;0.01;BUY
2016-03-18T00:16:31.370000;2016-03-18T00:16:31.460000;8bef1182-e597-4b60-a4cc-843be2c9f958;417.92;0.79507;BUY
2016-03-18T00:16:31.880000;2016-03-18T00:16:31.943000;e94ac6d7-5f2e-4afa-b63c-2b87e5c83acb;417.71;0.01;SELL
2016-03-18T00:16:31.880000;2016-03-18T00:16:31.943000;bdb8f42e-82e8-4f75-9b4b-877afc6ee1de;417.62;0.02;SELL
2016-03-18T00:16:31.883000;2016-03-18T00:16:31.943000;985368ff-d65d-451c-8bc1-594b4b8e3103;417.6;0.082;SELL
2016-03-18T00:16:31.883000;2016-03-18T00:16:31.943000;822b62e3-6e82-4902-b6fa-ebbee93e3b6a;417.49;9.6;SELL
2016-03-18T00:16:31.883000;2016-03-18T00:16:31.963000;10317631-2eba-46bc-b7ea-7d0ed079321e;417.48;0.05;SELL
2016-03-18T00:16:31.883000;2016-03-18T00:16:31.963000;3dafb238-bdc6-41d6-b761-1401211085a6;417.48;0.07;SELL
2016-03-18T00:16:31.883000;2016-03-18T00:16:31.963000;9a3065dd-b230-474c-971f-1e87193fd836;417.47;1.2;SELL
2016-03-18T00:16:31.883000;2016-03-18T00:16:31.963000;c97d4648-9b30-422a-b7ab-bfba91d6b6e1;417.46;0.01;SELL
2016-03-18T00:16:31.883000;2016-03-18T00:16:31.963000;a375a12d-2966-4820-8c4f-d9b477a7a797;417.43;2.0;SELL
2016-03-18T00:16:31.883000;2016-03-18T00:16:31.963000;64cd8111-b006-40e5-8e84-4566e118dfdb;417.38;0.96;SELL
2016-03-18T00:16:31.883000;2016-03-18T00:16:31.963000;53356e41-92e5-49f9-9435-c59264dbd64f;417.37;5.54589;SELL
2016-03-18T00:17:02.040000;2016-03-18T00:17:02.077000;7a7a6172-d87c-4130-9a75-623a61ec291c;417.75;0.01;BUY
2016-03-18T00:17:03.777000;2016-03-18T00:17:03.817000;88821174-e50d-41da-9014-4c7f0387f6ba;417.75;0.24;BUY
2016-03-18T00:17:03.777000;2016-03-18T00:17:03.830000;d5c864fa-d157-4f5e-b5ad-53652daa07f5;417.75;0.102;BUY
2016-03-18T00:17:03.777000;2016-03-18T00:17:03.830000;0baa04fa-b857-4238-b80f-913fbf7a4fd6;417.75;0.468125;BUY
2016-03-18T00:17:03.777000;2016-03-18T00:17:03.830000;8b43dbdf-fa93-4165-889a-b0dbd54ab132;417.76;2.437305;BUY
2016-03-18T00:17:05.503000;2016-03-18T00:17:05.560000;884d113a-32f4-45b6-b555-d97a09b0990a;417.73;0.01;SELL
2016-03-18T00:17:05.503000;2016-03-18T00:17:05.560000;2f012ddb-3de2-4366-97d5-6baf28ad34e1;417.72;0.01;SELL
2016-03-18T00:17:05.503000;2016-03-18T00:17:05.560000;1667b843-39c9-49fd-bee0-e87ce28a490a;417.71;0.01;SELL
2016-03-18T00:17:05.507000;2016-03-18T00:17:05.560000;0b0aca6e-d435-43b7-a19a-0464d26a423e;417.65;9.0;SELL
2016-03-18T00:17:05.507000;2016-03-18T00:17:05.560000;9f322119-0359-4d4a-9f3a-2a8daa9f6f87;417.65;0.8;SELL
2016-03-18T00:17:05.507000;2016-03-18T00:17:05.577000;2f9ab800-0e78-40d3-bf4b-a8a0b8cd840b;417.65;0.08;SELL
2016-03-18T00:17:31.510000;2016-03-18T00:17:31.550000;92e803b3-82e8-40a9-9366-31c188df4ffe;417.62;0.02;SELL
2016-03-18T00:17:31.510000;2016-03-18T00:17:31.563000;2cd27c38-be43-4af0-9cfd-0e599d9b5d02;417.62;0.02;SELL
2016-03-18T00:17:31.510000;2016-03-18T00:17:31.563000;4e6af2a4-f714-4a95-ad9a-eb8adc20ab9b;417.56;0.01;SELL
2016-03-18T00:17:31.510000;2016-03-18T00:17:31.563000;5ad41273-df07-4629-9236-db4f45c5a252;417.56;0.105;SELL
2016-03-18T00:17:31.510000;2016-03-18T00:17:31.563000;ef1c4b24-e7e6-4ff5-adc2-d3d07af8d042;417.51;0.1;SELL
2016-03-18T00:17:31.510000;2016-03-18T00:17:31.580000;7609ba90-d27a-47b4-9705-e555768d750e;417.45;0.128;SELL
2016-03-18T00:17:31.510000;2016-03-18T00:17:31.580000;9e6ea818-e1f2-4f14-9ced-2ec975aed6f6;417.4;0.08;SELL
2016-03-18T00:17:31.510000;2016-03-18T00:17:31.580000;6fed1c34-8207-4b4d-beb1-8f1d99edb9f5;417.36;0.24;SELL
2016-03-18T00:17:31.510000;2016-03-18T00:17:31.580000;e0a6ac3c-432e-4ce4-957c-5bf1e26799dc;417.35;0.12;SELL
2016-03-18T00:17:31.510000;2016-03-18T00:17:31.580000;9b243f3c-54b2-4ddc-9b2a-63a8881b8525;417.31;3.6;SELL
2016-03-18T00:17:31.510000;2016-03-18T00:17:31.603000;db46c291-3cb1-45ac-9995-3b970bb0d1f7;417.3;0.125;SELL
2016-03-18T00:17:31.510000;2016-03-18T00:17:31.603000;459a45cc-e000-43eb-90e9-b4cdb87b1ebe;417.29;1.44;SELL
2016-03-18T00:17:31.510000;2016-03-18T00:17:31.603000;bc7ee0e0-1b3b-4dfc-ac0f-71e498a3dd78;417.28;2.0;SELL
2016-03-18T00:17:31.510000;2016-03-18T00:17:31.603000;ba3af03b-2920-48bf-b2ff-0caa7d4f1d95;417.27;0.96;SELL
2016-03-18T00:17:31.510000;2016-03-18T00:17:31.603000;47d07b97-4952-4132-97f5-5fba9c7c6616;417.26;0.01;SELL
2016-03-18T00:17:31.510000;2016-03-18T00:17:31.603000;b7c3eedb-cda7-4bb4-8838-d91723654ebf;417.26;1.68;SELL
2016-03-18T00:17:31.510000;2016-03-18T00:17:31.603000;0cd35627-44dc-41a5-a355-e5823c6214c9;417.25;0.02;SELL
2016-03-18T00:17:31.510000;2016-03-18T00:17:31.603000;41cb9a37-ebc7-4a68-9a61-f61ebad9ec85;417.24;2.4;SELL
2016-03-18T00:17:31.510000;2016-03-18T00:17:31.620000;ae6d95b6-1c78-403d-9b65-186453402815;417.23;3.7514;SELL
2016-03-18T00:18:01.473000;2016-03-18T00:18:01.513000;2c22ed75-74ee-4b50-85d4-9e31218e45ea;417.59;0.05;BUY
2016-03-18T00:18:01.473000;2016-03-18T00:18:01.537000;e3ab437f-86de-49b1-8998-e0c8494b83b2;417.6;0.24;BUY
2016-03-18T00:18:01.473000;2016-03-18T00:18:01.537000;359c6ed7-6818-4ca3-a3f6-91794c1e32cf;417.61;0.01;BUY
2016-03-18T00:18:01.473000;2016-03-18T00:18:01.537000;11d1ee74-7f5d-4273-a0ef-20e2bc6fb48e;417.61;0.01;BUY
2016-03-18T00:18:01.473000;2016-03-18T00:18:01.537000;d2823d37-e3df-4603-bfad-464fd3608d48;417.61;0.72;BUY
2016-03-18T00:18:01.473000;2016-03-18T00:18:01.537000;ea9efde2-fb8e-4303-8d9f-64720f622999;417.68;4.8;BUY
2016-03-18T00:18:01.473000;2016-03-18T00:18:01.553000;d89cbce5-8562-4900-bb9a-b60f30db14ae;417.69;0.423;BUY
2016-03-18T00:18:01.473000;2016-03-18T00:18:01.553000;a4459a3c-0090-4e7f-ae7c-2ec41abf8024;417.74;2.0;BUY
2016-03-18T00:18:01.473000;2016-03-18T00:18:01.553000;a180b14a-3113-4ee7-afd8-a8da6029cde8;417.75;0.64187;BUY
2016-03-18T00:18:01.803000;2016-03-18T00:18:01.850000;70cf98ca-2f65-47df-9697-e37c9f75090a;417.74;0.01;BUY
2016-03-18T00:18:31.533000;2016-03-18T00:18:31.567000;294b9703-27f0-4ba3-9d9a-ae6532ea83c6;417.71;0.1185;BUY
2016-03-18T00:19:01.630000;2016-03-18T00:19:01.667000;e6652805-14e2-4f91-be66-d2ac3485bdfe;417.7;0.01;BUY
2016-03-18T00:19:01.633000;2016-03-18T00:19:01.683000;6ad48681-d232-4669-96f1-513f50a72f77;417.7;0.20396;BUY
2016-03-18T00:19:31.323000;2016-03-18T00:19:31.357000;a22dd1c3-4002-4296-8090-4b95d04d6cf7;417.71;0.01592;BUY
2016-03-18T00:20:01.620000;2016-03-18T00:20:01.650000;93e6b7f8-9976-48a0-89c5-432a2e00f84f;417.71;0.0818;BUY
2016-03-18T00:20:01.620000;2016-03-18T00:20:01.667000;fcf05dd2-df13-40bb-bc72-198671e907c5;417.71;1.72675;BUY
2016-03-18T00:20:32.397000;2016-03-18T00:20:32.430000;e5231830-aa6c-4c21-bae4-07b7d292cb4c;417.73;0.01;BUY
2016-03-18T00:20:32.397000;2016-03-18T00:20:32.457000;7996893f-15dc-4745-a173-f78c360738f5;417.73;0.106;BUY
2016-03-18T00:20:32.397000;2016-03-18T00:20:32.473000;27079fed-a469-4ca5-9a36-dda1117bc876;417.74;0.04;BUY
2016-03-18T00:20:32.397000;2016-03-18T00:20:32.473000;392eeb5e-25f7-4702-8687-c701dac69de9;417.77;0.16;BUY
2016-03-18T00:20:32.397000;2016-03-18T00:20:32.473000;05ca2743-0a60-4fb0-a1df-5e10525b6f6b;417.78;0.117;BUY
2016-03-18T00:20:32.397000;2016-03-18T00:20:32.473000;5cad19c1-5a6a-4a02-aac8-44d9a6e394ff;417.79;0.01;BUY
2016-03-18T00:20:32.397000;2016-03-18T00:20:32.473000;b16f7f4b-4a35-4f40-961d-6ae88eada17d;417.83;0.126;BUY
2016-03-18T00:20:32.397000;2016-03-18T00:20:32.473000;33bc5fb8-1019-488c-8672-c56d10299948;417.84;0.01;BUY
2016-03-18T00:20:32.400000;2016-03-18T00:20:32.473000;6c23f9a9-0b10-4823-ad78-6a85acbc9893;417.85;0.01;BUY
2016-03-18T00:20:32.400000;2016-03-18T00:20:32.477000;790195ee-c5e8-40d1-b918-e7cdbe99b237;417.86;0.032;BUY
2016-03-18T00:20:39.913000;2016-03-18T00:20:39.947000;15c30db2-d720-4a80-91a0-3979e67f7c66;417.82;0.01;SELL
2016-03-18T00:20:39.913000;2016-03-18T00:20:39.970000;446827f8-5b74-44ae-bbb1-fefab0bb3f8f;417.81;0.0347;SELL
2016-03-18T00:20:39.913000;2016-03-18T00:20:39.970000;9351e309-1ef7-4f6c-b4e4-df8f65763113;417.78;0.0338;SELL
2016-03-18T00:20:39.913000;2016-03-18T00:20:39.970000;08293488-339e-44ba-a90c-6ed2ba8ddace;417.75;0.0274;SELL
2016-03-18T00:20:39.913000;2016-03-18T00:20:39.970000;fd5482ab-c9ca-41b6-b6dc-3f246ec585c0;417.75;0.01;SELL
2016-03-18T00:20:39.913000;2016-03-18T00:20:39.987000;a6b9b864-7a89-4c7e-95e9-56eaee22b799;417.73;0.27;SELL
2016-03-18T00:20:39.913000;2016-03-18T00:20:39.987000;307fd2f8-acfd-4ced-a857-b72e5b45b8ac;417.72;0.01037;SELL
2016-03-18T00:20:39.913000;2016-03-18T00:20:39.987000;a1a830fb-093b-40b2-b2b2-60870b25514c;417.72;0.0306;SELL
2016-03-18T00:20:39.913000;2016-03-18T00:20:39.987000;1b4f96cb-082c-4842-9a85-f7617fe6fe65;417.72;0.0342;SELL
2016-03-18T00:20:39.913000;2016-03-18T00:20:39.987000;1d3bb5be-e066-4d21-989a-4ec570091867;417.72;0.033;SELL
2016-03-18T00:20:39.913000;2016-03-18T00:20:39.987000;1a5741a6-0699-4018-aa58-8411443f090e;417.71;0.01;SELL
2016-03-18T00:21:08.727000;2016-03-18T00:21:08.753000;edeedb5e-1388-4c8d-b060-aa3ade200881;417.86;0.011;BUY
2016-03-18T00:21:08.757000;2016-03-18T00:21:08.803000;608a528e-91ce-4bc7-b161-11c6747b3207;417.86;0.207;BUY
2016-03-18T00:21:08.760000;2016-03-18T00:21:08.803000;e31c3290-feb3-4c70-8c0e-14e4ba137459;417.86;0.25098928;BUY
2016-03-18T00:21:08.763000;2016-03-18T00:21:08.807000;2e5922d8-f9f5-4bc8-928e-3b323a861a54;417.86;0.05901072;BUY
2016-03-18T00:21:08.763000;2016-03-18T00:21:08.807000;1cab3dfd-12f9-4054-808f-889736dc0614;417.86;0.01492553;BUY
2016-03-18T00:21:08.873000;2016-03-18T00:21:08.907000;785cb6c0-4974-4cd1-ab44-088459c8d504;417.85;0.01;SELL
2016-03-18T00:21:20.760000;2016-03-18T00:21:20.793000;2f87284d-7fe5-4ac5-8e1a-3272a74ea52e;417.85;0.0339;SELL
2016-03-18T00:21:20.763000;2016-03-18T00:21:20.813000;24a41a5c-becf-462e-be33-6ae5bc3cb2c4;417.85;0.0447;SELL
2016-03-18T00:21:20.763000;2016-03-18T00:21:20.817000;57daa4ac-ba7d-411a-b003-fac34ec82556;417.85;0.0445;SELL
2016-03-18T00:21:20.763000;2016-03-18T00:21:20.817000;a8531281-c852-42e8-8a82-b4d760b67054;417.85;0.0428;SELL
2016-03-18T00:21:20.763000;2016-03-18T00:21:20.817000;beeca9a1-c3e5-466a-bd65-f188aeb4e89d;417.85;0.0426;SELL
2016-03-18T00:21:20.763000;2016-03-18T00:21:20.817000;8b7b20f3-fd1d-4ce1-be88-6a16d734005a;417.85;0.0416;SELL
2016-03-18T00:21:20.763000;2016-03-18T00:21:20.830000;8ebaa740-fcbd-445e-ab32-9566b197d8a7;417.85;0.0381;SELL
2016-03-18T00:21:20.763000;2016-03-18T00:21:20.830000;fa1cfdd9-6b55-45b0-847a-747cf6a7d348;417.85;0.0404;SELL
2016-03-18T00:21:20.763000;2016-03-18T00:21:20.830000;e7905691-b358-463a-8496-2b32458356bc;417.83;0.0332;SELL
2016-03-18T00:21:20.763000;2016-03-18T00:21:20.847000;0dee7da8-0c12-4fed-8cb1-2211503ddaaa;417.81;0.0278;SELL
2016-03-18T00:21:20.763000;2016-03-18T00:21:20.847000;458205d0-6e27-40f8-b51e-2f4db8405e6f;417.79;0.0326;SELL
2016-03-18T00:21:20.763000;2016-03-18T00:21:20.847000;244d4831-cad0-481c-89fc-85b3536ce602;417.77;0.0232;SELL
2016-03-18T00:21:55.297000;2016-03-18T00:21:55.333000;186d3231-0289-4fe4-a169-dcbb6e671a5d;417.83;0.027;SELL
2016-03-18T00:21:55.297000;2016-03-18T00:21:55.353000;11f29290-369f-41d1-b06f-781912ec7e08;417.82;0.0266;SELL
2016-03-18T00:21:55.300000;2016-03-18T00:21:55.353000;4cfa9cfd-d0c4-4a5b-97b8-bbb573808031;417.8;0.0268;SELL
2016-03-18T00:21:55.300000;2016-03-18T00:21:55.353000;bde5af6a-690e-4187-a093-cd7e9a58cb8f;417.78;0.0343;SELL
2016-03-18T00:21:55.300000;2016-03-18T00:21:55.353000;c209dd36-21fb-4c45-a26b-9e05bfb85c76;417.76;0.01;SELL
2016-03-18T00:22:00.310000;2016-03-18T00:22:00.340000;8c15fcfc-fd31-4aaa-927d-9064faf13c4e;417.75;0.427;BUY
2016-03-18T00:22:00.313000;2016-03-18T00:22:00.360000;6561dc2f-2185-4d6f-9282-4f16e9ebed10;417.76;5.023;BUY
2016-03-18T00:22:00.430000;2016-03-18T00:22:00.473000;a507691f-ff91-4b41-b29a-4cb2ca3e0830;417.76;0.04775499;BUY
2016-03-18T00:22:31.833000;2016-03-18T00:22:31.860000;9158e85e-0277-48d7-8e2c-482f8bb3db05;417.85;0.01;BUY
2016-03-18T00:23:03.800000;2016-03-18T00:23:03.860000;c1d9366a-fd91-4693-af7e-87b3e31f1396;417.85;0.01;SELL
2016-03-18T00:23:03.800000;2016-03-18T00:23:03.880000;e4f15051-5766-4046-93c9-227ab8b44254;417.79;0.0045;SELL
2016-03-18T00:23:31.447000;2016-03-18T00:23:31.510000;f9ce9ed2-0253-4a4d-bd96-f670afdf67fe;417.8;0.72;BUY
2016-03-18T00:23:31.447000;2016-03-18T00:23:31.510000;0fe43a77-7a2f-4995-ab13-6efcca87b760;417.81;0.399;BUY
2016-03-18T00:23:31.447000;2016-03-18T00:23:31.523000;f95f153b-c0c3-4bd4-aa2f-6269d6ea3d0e;417.85;3.95677;BUY
2016-03-18T00:24:01.410000;2016-03-18T00:24:01.463000;eb5f3a12-e9f3-4403-b6d8-a7be2bd9544e;417.74;0.26;SELL
2016-03-18T00:24:01.410000;2016-03-18T00:24:01.487000;06a40995-5ca2-42fd-9557-e8923bfc98e2;417.73;0.01;SELL
2016-03-18T00:24:01.410000;2016-03-18T00:24:01.487000;f74a959b-a065-4c2c-90f7-e8f9c7088cd6;417.72;0.01;SELL
2016-03-18T00:24:01.410000;2016-03-18T00:24:01.487000;66944807-ba43-489b-9624-dd5cb05fddf8;417.71;0.124;SELL
2016-03-18T00:24:01.410000;2016-03-18T00:24:01.487000;76a17aa7-1031-4c8e-932b-e677b5888214;417.7;0.2;SELL
2016-03-18T00:24:01.410000;2016-03-18T00:24:01.557000;7f117ea5-b937-4ad1-81b1-9b79f7944056;417.66;0.079;SELL
2016-03-18T00:24:01.410000;2016-03-18T00:24:01.557000;566b8a30-8d76-431e-8119-8dc23ec2f73d;417.65;0.25;SELL
2016-03-18T00:24:01.410000;2016-03-18T00:24:01.557000;7bffaa4a-8b11-4a3d-8adf-8bb789724ea4;417.64;0.01;SELL
2016-03-18T00:24:01.410000;2016-03-18T00:24:01.557000;cf714b31-7548-49e6-8b56-a0c9b7303022;417.62;0.25;SELL
2016-03-18T00:24:01.410000;2016-03-18T00:24:01.557000;ae2acc3c-45ea-4f32-90db-c204d846ee66;417.59;1.0;SELL
2016-03-18T00:24:01.410000;2016-03-18T00:24:01.573000;f88bd747-8f93-473a-96e1-a88762eb67b1;417.56;0.74777;SELL
2016-03-18T00:24:31.650000;2016-03-18T00:24:31.710000;64391d3f-35f3-4ab1-81e6-74eab77b0d3e;417.65;0.25;BUY
2016-03-18T00:24:31.650000;2016-03-18T00:24:31.723000;f5ea9326-5a4e-46f4-9f8c-f855158bd3a4;417.65;0.0296;BUY
2016-03-18T00:24:31.650000;2016-03-18T00:24:31.723000;dac9e176-584e-4c0a-97e5-c152f9903386;417.65;0.0286;BUY
2016-03-18T00:24:31.650000;2016-03-18T00:24:31.723000;35ba9870-011e-40df-9a0f-57fb944bf9b2;417.65;0.02403;BUY
2016-03-18T00:24:39.303000;2016-03-18T00:24:39.367000;8c9f5920-9456-43d3-9435-b2eb68776f13;417.65;0.00347;BUY
2016-03-18T00:24:39.303000;2016-03-18T00:24:39.367000;0fc769d7-3177-4373-9bea-79b7dd8487ef;417.65;0.0214;BUY
2016-03-18T00:24:39.303000;2016-03-18T00:24:39.367000;8e5110b8-7378-46ae-964b-a27389a096a6;417.65;0.02673;BUY
2016-03-18T00:25:01.473000;2016-03-18T00:25:01.527000;a786a739-76f4-44ad-a937-178fc99c400b;417.64;0.01;SELL
2016-03-18T00:25:01.473000;2016-03-18T00:25:01.543000;72c87e4e-a979-4186-975b-0aa7ae1f76e7;417.61;0.262;SELL
2016-03-18T00:25:01.473000;2016-03-18T00:25:01.543000;d1619eb5-1490-4db9-b4ad-8903eb3e4d97;417.56;1.0242;SELL
2016-03-18T00:25:02.257000;2016-03-18T00:25:02.317000;ed94f844-a4c0-4cf4-8255-4b68d2b3f4dd;417.64;0.01;BUY
2016-03-18T00:25:10.173000;2016-03-18T00:25:10.223000;55993843-00d7-4d78-ac9a-24dc164bf93e;417.63;0.01;BUY
2016-03-18T00:25:10.173000;2016-03-18T00:25:10.240000;cf36124d-d446-4074-b6f2-14f7773a02f0;417.64;0.002;BUY
2016-03-18T00:25:10.190000;2016-03-18T00:25:10.263000;68a66cc0-2b1c-472b-bafe-99a3ea800a4a;417.64;0.248;BUY
2016-03-18T00:25:10.193000;2016-03-18T00:25:10.263000;33942233-2d0a-41b4-9355-537dc0bb9efe;417.64;0.092;BUY
2016-03-18T00:25:10.193000;2016-03-18T00:25:10.263000;bf415f00-9f21-40df-9c7a-98e0a9b83587;417.66;0.37632;BUY
2016-03-18T00:25:28.753000;2016-03-18T00:25:28.813000;da9f34c9-f02c-4276-bc08-4c8cfd42cd7a;417.66;0.18;BUY
2016-03-18T00:25:28.790000;2016-03-18T00:25:28.863000;c947d0bd-16ff-49aa-b2d7-287198369a7d;417.66;0.07;BUY
2016-03-18T00:25:38.293000;2016-03-18T00:25:38.353000;2707279a-187c-4c07-9978-529121d8b145;417.66;0.20291;BUY
2016-03-18T00:25:42.563000;2016-03-18T00:25:42.617000;fe6db563-f5f6-46bc-8bd8-c3c25982d25e;417.66;0.01;BUY
2016-03-18T00:26:01.537000;2016-03-18T00:26:01.587000;852bc00b-1e53-4230-a190-d3f153d648de;417.66;0.23;BUY
2016-03-18T00:26:01.537000;2016-03-18T00:26:01.607000;4dfbfc6e-9abf-44fa-8fb5-04bb3fa37120;417.68;0.25;BUY
2016-03-18T00:26:01.537000;2016-03-18T00:26:01.607000;bdd35bcd-12c4-475f-8eca-3f197021003d;417.75;1.17922;BUY
2016-03-18T00:26:12.023000;2016-03-18T00:26:12.080000;b220f5f0-68a8-4202-89bd-9b524bfaaf9f;417.73;0.05885177;BUY
2016-03-18T00:26:12.027000;2016-03-18T00:26:12.103000;54ce1f83-80f6-4108-bee1-bd6487a9da64;417.73;0.017;BUY
2016-03-18T00:26:12.073000;2016-03-18T00:26:12.153000;58a6f2d4-6e3e-4b2b-a8c3-d22846420f32;417.73;0.02414823;BUY
2016-03-18T00:26:31.380000;2016-03-18T00:26:31.433000;22dfddbf-4886-4d64-a945-1448f7aeaa29;417.7;0.13704;BUY
2016-03-18T00:26:39.057000;2016-03-18T00:26:39.113000;0baf5028-c833-470d-ae97-886988fa21f5;417.69;0.03;BUY
2016-03-18T00:27:01.500000;2016-03-18T00:27:01.557000;8ff135e5-8f5b-4e6c-ad6e-b97672255f6e;417.67;0.01;SELL
2016-03-18T00:27:01.500000;2016-03-18T00:27:01.557000;f49373ee-7ab6-432b-8a89-5fe3078b9081;417.64;0.02;SELL
2016-03-18T00:27:55.393000;2016-03-18T00:27:55.453000;1adf7121-9bd4-4efa-8b67-d45bd2311282;417.67;0.01;BUY
2016-03-18T00:27:55.393000;2016-03-18T00:27:55.453000;15bc2b0e-238a-4c27-9fc9-402020a13f86;417.7;0.00969629;BUY
2016-03-18T00:27:55.623000;2016-03-18T00:27:55.690000;0394792c-8cba-4e64-bea6-cf6c49a51bcc;417.75;0.01;BUY
2016-03-18T00:27:55.623000;2016-03-18T00:27:55.690000;d3b5c7b5-92ca-462b-8dc8-b6d35ef9b6d4;417.76;0.01030371;BUY
2016-03-18T00:28:01.533000;2016-03-18T00:28:01.583000;f76fbd8e-d01e-4f3d-ac0f-5f27c29f7b9c;417.73;0.104;BUY
2016-03-18T00:28:01.537000;2016-03-18T00:28:01.600000;9bb2b122-0311-4ba7-bd7c-6820e2a197fc;417.75;0.24;BUY
2016-03-18T00:28:01.537000;2016-03-18T00:28:01.600000;185d9442-fd14-4f11-bb2e-c2a3850f3e69;417.76;0.10962;BUY
2016-03-18T00:28:31.503000;2016-03-18T00:28:31.550000;6d38c798-0c85-4d64-b4f9-b7f2cb9c3830;417.76;0.13007629;BUY
2016-03-18T00:28:31.503000;2016-03-18T00:28:31.567000;f773ed92-fc05-4371-9736-1390066fb114;417.76;0.11;BUY
2016-03-18T00:28:31.503000;2016-03-18T00:28:31.567000;eb3e2b1c-399c-46c9-b8c5-f5a93857df1a;417.77;0.01;BUY
2016-03-18T00:28:31.503000;2016-03-18T00:28:31.567000;cdd4af40-30d5-47b3-a14c-2e3b236a955f;417.8;0.01;BUY
2016-03-18T00:28:31.503000;2016-03-18T00:28:31.603000;a4b92beb-935b-4b22-aff9-adafe99f25e3;417.81;0.088;BUY
2016-03-18T00:28:31.503000;2016-03-18T00:28:31.620000;3536ba10-59ef-4ecd-b2e3-c27036320e32;417.84;0.01;BUY
2016-03-18T00:28:31.503000;2016-03-18T00:28:31.620000;f8d4c237-52a8-42af-b627-baa2b134dec3;417.85;0.47838371;BUY
2016-03-18T00:29:01.470000;2016-03-18T00:29:01.513000;45d5427b-f633-4165-9f95-095320d6851c;417.76;0.01;SELL
2016-03-18T00:29:01.470000;2016-03-18T00:29:01.530000;3461a2cc-baa1-473e-8cda-f94e35382fa3;417.69;0.01;SELL
2016-03-18T00:29:39.070000;2016-03-18T00:29:39.127000;34ee5ba4-407e-435b-968f-ca143322025c;417.72;0.0273;BUY
2016-03-18T00:29:39.070000;2016-03-18T00:29:39.127000;095a3ec6-20a5-4675-a84a-baa0633aad79;417.74;0.01;BUY
2016-03-18T00:29:39.070000;2016-03-18T00:29:39.127000;a51a7d4f-396b-42ed-9850-245d408cdfa0;417.74;0.127;BUY
2016-03-18T00:29:39.070000;2016-03-18T00:29:39.127000;20239a30-01c1-4357-adda-bb9b5a5c12f6;417.75;0.0233;BUY
2016-03-18T00:29:39.070000;2016-03-18T00:29:39.143000;50a29c09-3d99-4822-95de-24de7d0aa2f9;417.77;0.0147;BUY
2016-03-18T00:29:39.070000;2016-03-18T00:29:39.143000;54446f59-a54b-4a18-8e44-96eb3c25de54;417.81;0.48;BUY
2016-03-18T00:29:39.070000;2016-03-18T00:29:39.143000;1dbc6287-d185-4dfe-8369-c29b55ef8406;417.82;0.01;BUY
2016-03-18T00:29:39.070000;2016-03-18T00:29:39.143000;e8fedb71-d15f-43b6-9a6c-8750468e6961;417.84;0.08982;BUY
2016-03-18T00:30:02.103000;2016-03-18T00:30:02.157000;8799c691-5a2a-4c24-8a14-8e25d42080bd;417.85;0.28434;BUY
2016-03-18T00:30:34.980000;2016-03-18T00:30:35.040000;be5a9b8f-a1c0-43bb-9876-d57925e133d2;417.87;0.02293957;BUY
2016-03-18T00:30:34.983000;2016-03-18T00:30:35.043000;567d0c32-b59f-4a50-9434-ea9b9db46b5b;417.87;0.48;BUY
2016-03-18T00:30:34.983000;2016-03-18T00:30:35.043000;c095282e-04ba-4f6c-a6fc-3f5789f9a8a9;417.88;0.01;BUY
2016-03-18T00:30:34.983000;2016-03-18T00:30:35.043000;875f7ea4-fcf0-43c0-8ead-a2d9c2c283d0;417.88;0.08;BUY
2016-03-18T00:30:34.983000;2016-03-18T00:30:35.043000;ad07ef51-2e46-45b0-b8c9-0c43f81e8c82;417.88;2.07608043;BUY
2016-03-18T00:30:44.030000;2016-03-18T00:30:44.073000;c3cd2018-0db5-4d07-bb7d-2a353b4d1ae3;417.85;0.01;BUY
2016-03-18T00:31:31.617000;2016-03-18T00:31:31.667000;10c6aa48-fbef-45e0-9173-aa5b44672e85;417.85;0.01;BUY
2016-03-18T00:31:31.617000;2016-03-18T00:31:31.667000;172510a1-b45c-459d-b227-512af18307c7;417.85;0.084;BUY
2016-03-18T00:31:31.617000;2016-03-18T00:31:31.707000;a8dd94e0-1d59-4c3e-b514-6614915c2306;417.87;0.90118;BUY
2016-03-18T00:32:01.753000;2016-03-18T00:32:01.790000;a99c976c-8dd9-49c9-976d-7a85d07cd8c8;417.89;0.25;BUY
2016-03-18T00:32:01.753000;2016-03-18T00:32:01.807000;fb479dbb-57c2-4d18-9cee-475eead14231;417.9;2.42141;BUY
2016-03-18T00:32:30.713000;2016-03-18T00:32:30.747000;b622c396-c005-4458-bcd1-075ea947e6c0;417.77;0.01;SELL
2016-03-18T00:32:30.713000;2016-03-18T00:32:30.763000;e67c3141-2960-466a-8901-e124f3bf6edf;417.77;0.09017;SELL
2016-03-18T00:33:00.723000;2016-03-18T00:33:00.760000;454c820c-050e-48aa-bef6-6aa03c652ad3;417.77;0.0353;BUY
2016-03-18T00:33:00.727000;2016-03-18T00:33:00.777000;db55de07-37a0-4a3d-90c8-44e4c9796142;417.77;0.041;BUY
2016-03-18T00:33:00.727000;2016-03-18T00:33:00.777000;b03ed599-8b83-4941-a38f-9312c98f4c1e;417.77;0.0236;BUY
2016-03-18T00:33:00.727000;2016-03-18T00:33:00.777000;343b3b15-7b44-43cb-9299-2e6c18dfc4df;417.79;0.0399;BUY
2016-03-18T00:33:00.727000;2016-03-18T00:33:00.777000;db3f2230-6a73-4592-9114-cc2d8e7648bd;417.79;0.112;BUY
2016-03-18T00:33:00.727000;2016-03-18T00:33:00.777000;42a7119b-5249-4664-8b34-f413e8920594;417.81;0.0309;BUY
2016-03-18T00:33:00.727000;2016-03-18T00:33:00.777000;fc184f00-7553-4e45-80d8-50c2dedc4094;417.83;0.0336;BUY
2016-03-18T00:33:00.727000;2016-03-18T00:33:00.793000;e41a93bd-29da-4c27-8084-b4ab919ed285;417.85;0.0318;BUY
2016-03-18T00:33:00.727000;2016-03-18T00:33:00.793000;c420cfc6-4010-4803-a76d-f070c4073cb4;417.9;2.16028;BUY
2016-03-18T00:33:24.580000;2016-03-18T00:33:24.623000;f0c679e5-c644-400f-a013-e4990a2726c8;417.91;0.01;BUY
2016-03-18T00:33:24.580000;2016-03-18T00:33:24.623000;50841876-57bb-414c-9113-daae25cc4b8e;417.91;0.01;BUY
2016-03-18T00:33:24.580000;2016-03-18T00:33:24.623000;c288c13a-4232-4717-8d7c-8afc4feeef02;417.92;0.01;BUY
2016-03-18T00:33:24.580000;2016-03-18T00:33:24.623000;f893c1a1-5ccf-4214-abd2-9f48e5ea5a00;417.93;0.0817;BUY
2016-03-18T00:33:24.580000;2016-03-18T00:33:24.623000;1f7843be-f6df-436c-b4b3-5f9cde9fc09e;417.94;0.01;BUY
2016-03-18T00:33:24.580000;2016-03-18T00:33:24.653000;389e853d-06df-4de5-b203-585368c10cf3;417.94;0.01;BUY
2016-03-18T00:33:24.580000;2016-03-18T00:33:24.653000;1c70700f-8d89-496b-bf5f-9ff29bfa7df4;417.94;0.91985145;BUY
2016-03-18T00:33:24.837000;2016-03-18T00:33:24.877000;2fe95d3f-7a72-472b-b3bc-7d1229db14c7;417.94;1.05155145;BUY
2016-03-18T00:33:26.697000;2016-03-18T00:33:26.730000;4f55e5e9-bb22-4794-bfbd-d133c1b62193;417.9;0.01;BUY
2016-03-18T00:33:26.700000;2016-03-18T00:33:26.747000;1ca220ea-68ec-4766-9eb1-3852bc046a03;417.9;0.358;BUY
2016-03-18T00:33:26.700000;2016-03-18T00:33:26.747000;c33af569-b39b-4447-95d9-8eadcd33839d;417.93;0.68355145;BUY
2016-03-18T00:33:26.973000;2016-03-18T00:33:27.007000;ee44c09a-5c22-400d-9b92-bfd6fd33d119;417.94;1.05155145;BUY
2016-03-18T00:33:30.583000;2016-03-18T00:33:30.613000;c4921f1e-47d7-418c-871a-2a3c915d0976;417.93;0.322;BUY
2016-03-18T00:33:30.583000;2016-03-18T00:33:30.630000;5ff10359-6fd9-43df-b2f5-e212d2407615;417.94;1.01916;BUY
2016-03-18T00:33:52.007000;2016-03-18T00:33:52.050000;aab21ac2-123f-422f-a248-63ce62b33cb0;417.92;0.01354389;SELL
2016-03-18T00:34:00.743000;2016-03-18T00:34:00.773000;76cbb9b4-ed1f-4464-93d4-fa1ee22e5d4f;417.86;0.01;SELL
2016-03-18T00:34:00.743000;2016-03-18T00:34:00.790000;7bd4d674-7dde-4a57-976f-c1dae6f8bd5e;417.85;0.04982;SELL
2016-03-18T00:34:07.467000;2016-03-18T00:34:07.497000;0e8c0ee7-d119-4db0-88c1-71db37cff54d;417.85;0.02080967;SELL
2016-03-18T00:34:08.040000;2016-03-18T00:34:08.097000;8842a316-95e3-4446-adfe-bfa021ffe12f;417.86;0.13;BUY
2016-03-18T00:34:37.277000;2016-03-18T00:34:37.303000;82df5268-62d3-4446-9af9-9689861648e3;417.86;2.856;BUY
2016-03-18T00:34:37.277000;2016-03-18T00:34:37.327000;7791bcc4-b9ba-40da-a0a2-6c6b8a9750b7;417.86;5.84801;BUY
2016-03-18T00:35:01.087000;2016-03-18T00:35:01.113000;c5541415-8e29-4202-8189-54def81fc74a;417.86;4.15199;BUY
2016-03-18T00:35:01.087000;2016-03-18T00:35:01.140000;74ac7bb1-3548-4cbe-acbc-24d0c90b4681;417.86;0.324;BUY
2016-03-18T00:35:01.087000;2016-03-18T00:35:01.140000;7385b38f-3869-4886-b885-22b9f5882294;417.86;1.99238;BUY
2016-03-18T00:35:07.597000;2016-03-18T00:35:07.643000;994f4d23-07f9-40c0-a2cc-490f3a2663b7;417.85;0.98092178;SELL
2016-03-18T00:35:54.557000;2016-03-18T00:35:54.590000;4d144b52-7673-42e0-86f9-34cf37841c6e;417.82;0.01;SELL
2016-03-18T00:35:54.557000;2016-03-18T00:35:54.590000;10fb4845-96b9-4320-bf94-81ff88157943;417.82;0.25;SELL
2016-03-18T00:36:03.300000;2016-03-18T00:36:03.323000;90448238-f294-433b-bcee-47b954d6b159;417.77;0.54181;BUY
2016-03-18T00:36:30.813000;2016-03-18T00:36:30.837000;53cabb88-1c3c-48df-b650-25dd504dbf7d;417.77;0.03782;BUY
2016-03-18T00:37:00.670000;2016-03-18T00:37:00.693000;0a37b74b-8ad3-4d4a-a70f-c32e835f73fc;417.77;0.52552;BUY
2016-03-18T00:37:30.643000;2016-03-18T00:37:30.670000;dcd3c911-b427-46b5-828b-2cee36e10208;417.76;0.25;SELL
2016-03-18T00:37:30.647000;2016-03-18T00:37:30.690000;78115315-f1f9-406e-bcd5-b5f31e02382e;417.76;1.05155145;SELL
2016-03-18T00:37:30.647000;2016-03-18T00:37:30.690000;92f52742-03be-4b4a-a868-69de182ce1c1;417.76;0.0177;SELL
2016-03-18T00:37:30.647000;2016-03-18T00:37:30.690000;4c8798fa-2cde-421d-8bf2-4310925281ab;417.76;0.0202;SELL
2016-03-18T00:37:30.647000;2016-03-18T00:37:30.707000;a5957e65-a1d5-4d16-95e9-7a84c057724c;417.75;0.01;SELL
2016-03-18T00:37:30.647000;2016-03-18T00:37:30.707000;bc2cfac0-e432-428f-a861-c7bf7d3fb669;417.73;0.16330855;SELL
2016-03-18T00:38:13.780000;2016-03-18T00:38:13.833000;7f1361e7-f152-4c11-960c-ad0f790452a5;417.76;0.01;BUY
2016-03-18T00:38:13.780000;2016-03-18T00:38:13.850000;ca61a60d-ece9-4843-accc-2cea4de1b90c;417.77;0.3015;BUY
2016-03-18T00:38:13.803000;2016-03-18T00:38:13.867000;38008ef6-6ec9-49bf-826a-481cfa26aa2d;417.77;0.011;BUY
2016-03-18T00:39:00.770000;2016-03-18T00:39:00.820000;d429002c-c1bd-4d86-8934-feaf897f9628;417.77;1.06099;BUY
2016-03-18T00:39:35.013000;2016-03-18T00:39:35.060000;10100f4c-cdc6-47a5-b1fb-698fd09f2aa3;417.72;0.01;SELL
2016-03-18T00:39:35.013000;2016-03-18T00:39:35.073000;a6b9af7d-3576-439d-9b04-a894dc319097;417.71;0.01;SELL
2016-03-18T00:39:35.013000;2016-03-18T00:39:35.077000;0ded1680-2f57-4c27-8846-c7ddfeb04662;417.69;0.01;SELL
2016-03-18T00:39:35.013000;2016-03-18T00:39:35.077000;2e409228-6736-44a8-a87f-06ef485d5ab3;417.69;0.07028099;SELL
2016-03-18T00:40:04.023000;2016-03-18T00:40:04.070000;5758d702-f6e3-46ae-96e0-8431def0b677;417.76;0.279;BUY
2016-03-18T00:40:04.023000;2016-03-18T00:40:04.087000;6848685e-25d0-4c96-a5bc-5557f674e8d9;417.76;0.19;BUY
2016-03-18T00:40:04.023000;2016-03-18T00:40:04.087000;dd1bf309-b1e6-4475-bf5b-070ae0965a56;417.77;1.16155;BUY
2016-03-18T00:41:00.950000;2016-03-18T00:41:01.000000;accf6b4c-7594-40e8-bb94-72c9fb6f5c0e;417.69;0.01;SELL
2016-03-18T00:41:00.950000;2016-03-18T00:41:01.023000;bc5b4c19-e49e-418a-b7bd-89abbd8c71db;417.68;0.01;SELL
2016-03-18T00:41:00.950000;2016-03-18T00:41:01.023000;826bd2be-693c-4651-96f5-6fbd5b0d80f4;417.67;0.3995;SELL
2016-03-18T00:41:20.867000;2016-03-18T00:41:20.933000;de715f78-263d-4f63-b90e-167f448e2e4d;417.67;0.01112104;SELL
2016-03-18T00:41:31.440000;2016-03-18T00:41:31.483000;c7e315e7-ece6-4302-a70b-b5b3e602b365;417.71;0.2606;BUY
2016-03-18T00:42:00.823000;2016-03-18T00:42:00.863000;6ddb1490-4ba7-40ec-aece-551e084a9e1a;417.73;1.92;BUY
2016-03-18T00:42:00.823000;2016-03-18T00:42:00.880000;98ffa52a-6e1f-437d-b968-d7d1efdcba47;417.74;0.01037;BUY
2016-03-18T00:42:30.937000;2016-03-18T00:42:30.980000;f1f57328-d10a-43f9-9ed0-541fe0d31f51;417.76;0.268;BUY
2016-03-18T00:42:30.937000;2016-03-18T00:42:31.000000;7e83c426-eaea-4dd4-9c3c-587f13b8fb40;417.77;0.98008;BUY
2016-03-18T00:43:00.803000;2016-03-18T00:43:00.843000;cbc88c67-e727-4064-a6a7-8fe69e0de066;417.67;0.25137;SELL
2016-03-18T00:43:30.717000;2016-03-18T00:43:30.753000;3177ad5b-044f-4ac2-ad8a-39cef4b03223;417.67;0.38956041;SELL
2016-03-18T00:43:30.717000;2016-03-18T00:43:30.770000;44d66554-af9e-4207-bf4f-3d2e76f049c6;417.65;0.25;SELL
2016-03-18T00:43:30.717000;2016-03-18T00:43:30.770000;24ef4880-fe0e-445c-bd0b-c6351cc5e51f;417.65;0.183;SELL
2016-03-18T00:43:30.717000;2016-03-18T00:43:30.770000;6a4ede26-f46b-431e-83e4-da4e2fa4dbd3;417.62;0.01;SELL
2016-03-18T00:43:30.717000;2016-03-18T00:43:30.807000;7bbf37e9-17b2-494c-be18-f3f183e319dd;417.6;0.01;SELL
2016-03-18T00:43:30.720000;2016-03-18T00:43:30.807000;764d8f56-224a-43fe-8b92-3d90760bfc01;417.6;0.167;SELL
2016-03-18T00:43:30.720000;2016-03-18T00:43:30.807000;fab71cfe-152b-4be8-af22-2f6af04c3adc;417.59;0.9013;SELL
2016-03-18T00:43:30.720000;2016-03-18T00:43:30.810000;bb6b4bb4-316f-4b42-9c7e-02586a69cef5;417.58;0.01;SELL
2016-03-18T00:43:30.720000;2016-03-18T00:43:30.810000;bcd884aa-c62b-4ef8-b3a0-f4ea86c9b3ff;417.58;1.05155145;SELL
2016-03-18T00:43:30.720000;2016-03-18T00:43:30.810000;e881f25b-bee6-4aba-8753-7e2d619125b0;417.58;0.02;SELL
2016-03-18T00:43:30.720000;2016-03-18T00:43:30.810000;d34c2fc8-ef4a-4531-be74-a58a66fb0aa3;417.57;0.16603814;SELL
2016-03-18T00:44:00.770000;2016-03-18T00:44:00.807000;7003ed41-65ae-4948-90ec-237d038a8ce8;417.66;0.01;SELL
2016-03-18T00:44:00.770000;2016-03-18T00:44:00.827000;a55d0e98-b304-4b07-aa37-0dd8802d3c96;417.62;0.13858;SELL
2016-03-18T00:44:24.527000;2016-03-18T00:44:24.560000;3132a0dd-fff8-4bdf-bed2-8edd5c478206;417.58;0.01;SELL
2016-03-18T00:44:24.527000;2016-03-18T00:44:24.577000;a16d4747-579d-49ff-89be-cf8753bd930a;417.58;0.00147409;SELL
2016-03-18T00:44:32.493000;2016-03-18T00:44:32.533000;d8b5bbe7-3972-4f0c-8cf3-ff90ace1decb;417.64;0.016;BUY
2016-03-18T00:44:32.493000;2016-03-18T00:44:32.550000;30e5b4e3-debc-4c2c-98b7-2e791dad6817;417.65;1.2;BUY
2016-03-18T00:44:32.493000;2016-03-18T00:44:32.550000;83901e61-8c75-48c8-8a32-fdb4f300a54e;417.66;5.08459;BUY
2016-03-18T00:45:01.530000;2016-03-18T00:45:01.567000;b9cab03d-e7f6-4c3a-9414-6f67312f3590;417.64;0.0161;BUY
2016-03-18T00:45:01.530000;2016-03-18T00:45:01.580000;5efe4ce9-c693-4422-8ab5-d159e5285931;417.66;0.01;BUY
2016-03-18T00:45:01.530000;2016-03-18T00:45:01.580000;399514c0-a210-4720-b1cf-8da091097565;417.66;0.25;BUY
2016-03-18T00:45:01.530000;2016-03-18T00:45:01.580000;e45704f1-454e-4d4f-ad9f-519b1b5d1f58;417.66;0.109;BUY
2016-03-18T00:45:01.530000;2016-03-18T00:45:01.583000;f8927fa0-95e2-4347-8ce3-9502bdb520eb;417.7;2.23986;BUY
2016-03-18T00:45:04.243000;2016-03-18T00:45:04.293000;66482ac5-65ca-4db2-a91a-357787a4d99d;417.64;0.01041;BUY
2016-03-18T00:45:04.273000;2016-03-18T00:45:04.310000;f25f09dc-5791-4d3c-a593-4775002d9039;417.64;0.00469;BUY
2016-03-18T00:45:04.273000;2016-03-18T00:45:04.333000;de6d95e4-daa5-4f20-b853-929a22577983;417.67;0.0249;BUY
2016-03-18T00:45:27.527000;2016-03-18T00:45:27.560000;34b889fe-7207-4c7a-b54b-77fd1e87e261;417.67;0.02994;BUY
2016-03-18T00:45:27.600000;2016-03-18T00:45:27.633000;cb80d450-cfb9-4922-bfff-fcc91d5007a9;417.67;0.035;BUY
2016-03-18T00:45:27.627000;2016-03-18T00:45:27.673000;182c6192-c236-486f-81af-8bea4da03eb3;417.67;0.18506;BUY
2016-03-18T00:45:27.627000;2016-03-18T00:45:27.673000;0a8c659d-880e-493b-a398-16f99f153d43;417.67;0.05616;BUY
2016-03-18T00:45:27.637000;2016-03-18T00:45:27.673000;66844fd7-ab57-4648-9ff4-53a05b7f3440;417.67;0.0264;BUY
2016-03-18T00:45:27.643000;2016-03-18T00:45:27.697000;e1df3520-15e6-4a86-a82b-86764968726d;417.67;0.035;BUY
2016-03-18T00:45:28.000000;2016-03-18T00:45:28.047000;e7d31378-a6a7-4add-99e3-183c5e463ccc;417.66;0.035;BUY
2016-03-18T00:45:28.003000;2016-03-18T00:45:28.047000;5a38cdba-c68e-481e-a745-8b09fbe5803c;417.66;0.0461;BUY
2016-03-18T00:45:31.023000;2016-03-18T00:45:31.060000;829ef891-b4f0-4f5d-ad2e-8035ded5174e;417.62;0.25;BUY
2016-03-18T00:45:31.027000;2016-03-18T00:45:31.073000;40ee080b-c366-4fc4-b0dd-7ffb051e6e95;417.62;3.332;BUY
2016-03-18T00:45:31.027000;2016-03-18T00:45:31.073000;fd47a549-761d-4d6d-987b-38f4f1409511;417.62;0.307;BUY
2016-03-18T00:45:31.027000;2016-03-18T00:45:31.077000;2a042b40-29fb-4120-85bc-cc9e25a0ab88;417.65;2.16;BUY
2016-03-18T00:45:31.027000;2016-03-18T00:45:31.077000;93f8d016-78e5-43c0-8674-a5755dc0ecd1;417.66;2.4412;BUY
2016-03-18T00:46:00.813000;2016-03-18T00:46:00.857000;1f8c5261-f223-4791-aa2f-603d13e08c51;417.58;0.01;SELL
2016-03-18T00:46:00.817000;2016-03-18T00:46:00.857000;12365514-3d8d-4fc5-8ac5-4f372c158cb2;417.57;0.08396186;SELL
2016-03-18T00:46:00.817000;2016-03-18T00:46:00.857000;daf04b24-43a6-4f43-a06c-e1eb97b10d0b;417.55;0.1;SELL
2016-03-18T00:46:00.817000;2016-03-18T00:46:00.880000;60c17f26-407b-4110-b2b7-7217326a74dd;417.55;0.0819;SELL
2016-03-18T00:46:00.817000;2016-03-18T00:46:00.880000;1e2c12fc-e42d-4a90-9fbd-81d55478a349;417.55;0.25;SELL
2016-03-18T00:46:00.817000;2016-03-18T00:46:00.937000;a83e8367-8d64-4669-aefc-826fe6455c35;417.55;0.122;SELL
2016-03-18T00:46:00.817000;2016-03-18T00:46:00.950000;b103a472-26cb-4598-801d-af226c8f81f6;417.52;0.01;SELL
2016-03-18T00:46:00.817000;2016-03-18T00:46:00.953000;e5658c2d-cce4-4151-88eb-71dbc26a99cd;417.52;0.25;SELL
2016-03-18T00:46:00.817000;2016-03-18T00:46:00.953000;94cf7768-e966-4576-91d7-f6b1263a7306;417.52;0.15;SELL
2016-03-18T00:46:00.817000;2016-03-18T00:46:00.953000;771f1c9d-e801-4abb-8c92-658a8678c06f;417.5;0.03084814;SELL
2016-03-18T00:46:31.820000;2016-03-18T00:46:31.850000;129c8240-1dda-426d-a7fe-0cb78b207e87;417.6;0.0155;SELL
2016-03-18T00:46:31.820000;2016-03-18T00:46:31.870000;42d33dd7-db1f-4097-ba56-29478fda0164;417.58;0.0157;SELL
2016-03-18T00:46:31.820000;2016-03-18T00:46:31.870000;b1a9c685-68aa-4f5e-87ae-94d77f21d055;417.56;0.0156;SELL
2016-03-18T00:46:31.820000;2016-03-18T00:46:31.870000;cfec5046-e862-4f3a-b989-0e8a6d657328;417.55;0.091;SELL
2016-03-18T00:46:31.820000;2016-03-18T00:46:31.873000;de380194-ba66-4b51-948a-915d2cb2c2ac;417.53;0.0164;SELL
2016-03-18T00:46:31.820000;2016-03-18T00:46:31.953000;f12bef46-7f55-4088-b7ff-8e093e3f7cfe;417.53;0.073;SELL
2016-03-18T00:46:31.820000;2016-03-18T00:46:31.953000;24b5d944-6660-4694-b28a-9f2896bf397d;417.51;0.01;SELL
2016-03-18T00:46:31.820000;2016-03-18T00:46:31.953000;f9b37177-625b-4449-afc9-7734d1000e2d;417.5;0.46915186;SELL
2016-03-18T00:46:31.820000;2016-03-18T00:46:31.953000;d7c93e7e-c6ac-4f7d-b267-90b3b7c044a6;417.5;1.0;SELL
2016-03-18T00:46:31.820000;2016-03-18T00:46:31.953000;7938e2e1-400b-4c8a-a981-f49e26f894ef;417.5;0.04847814;SELL
2016-03-18T00:47:02.060000;2016-03-18T00:47:02.090000;7a0eddab-44dc-4f2c-9a93-f8aab68069fd;417.61;0.01;BUY
2016-03-18T00:47:30.833000;2016-03-18T00:47:30.863000;b0305e26-ab77-44c4-88e6-88489d27543e;417.54;0.01;SELL
2016-03-18T00:47:30.833000;2016-03-18T00:47:30.880000;089a3029-60e9-4e01-8232-0e9423498a0e;417.54;0.01;SELL
2016-03-18T00:47:30.833000;2016-03-18T00:47:30.880000;1353e6ec-69bd-49ef-a845-8fd2a9646264;417.53;0.01;SELL
2016-03-18T00:47:30.833000;2016-03-18T00:47:30.880000;0b6eaf91-eef8-472f-b0ec-910452ae67f3;417.51;0.08975;SELL
2016-03-18T00:48:00.780000;2016-03-18T00:48:00.803000;f1ca3e83-f000-4c9a-97c5-848f8651ff81;417.59;0.25;BUY
2016-03-18T00:48:00.780000;2016-03-18T00:48:00.827000;5b787404-cae9-4890-9ba5-5e6549a41ef7;417.59;0.2;BUY
2016-03-18T00:48:00.780000;2016-03-18T00:48:00.827000;015b2f65-a622-4083-8526-c6ad0743f051;417.6;0.01;BUY
2016-03-18T00:48:00.780000;2016-03-18T00:48:00.827000;61c12554-a2ac-497d-a46d-a292b7412c2f;417.62;0.25;BUY
2016-03-18T00:48:00.780000;2016-03-18T00:48:00.877000;8031f58c-df26-43c3-859f-f6df2cd6d4e9;417.64;0.01;BUY
2016-03-18T00:48:00.780000;2016-03-18T00:48:00.877000;b0b89c01-9011-44c5-b886-4f733b19ad55;417.65;0.084;BUY
2016-03-18T00:48:00.780000;2016-03-18T00:48:00.877000;dbaf376b-b24b-4b12-b2c9-4724dca8f4fe;417.66;0.88748;BUY
2016-03-18T00:48:32.367000;2016-03-18T00:48:32.390000;2f1f4e6b-19f4-4223-8d62-647b3936c67f;417.51;0.17;SELL
2016-03-18T00:48:32.367000;2016-03-18T00:48:32.407000;258cf006-b6a0-42e9-b436-6500adbbe8d7;417.51;0.117;SELL
2016-03-18T00:48:32.367000;2016-03-18T00:48:32.407000;4becac8d-c74d-4477-baad-c263e814b7b3;417.5;3.28693;SELL
2016-03-18T00:49:00.810000;2016-03-18T00:49:00.840000;3efcc824-61c1-465c-bded-abe6cdae5e24;417.62;0.01;BUY
2016-03-18T00:49:00.810000;2016-03-18T00:49:00.840000;e5194c75-04c9-4f7f-9017-59c0a722c2bd;417.62;0.07297;BUY
2016-03-18T00:49:06.473000;2016-03-18T00:49:06.497000;cefb1cf4-6248-4c28-be28-d8d44532e79c;417.62;0.06;BUY
2016-03-18T00:49:31.527000;2016-03-18T00:49:31.550000;466da195-e4b4-46be-b7d7-ba1ef11935ff;417.62;0.2;BUY
2016-03-18T00:49:31.527000;2016-03-18T00:49:31.563000;a798bdee-f080-45aa-8fd3-a50ff34ffcc7;417.64;0.17957;BUY
2016-03-18T00:50:03.343000;2016-03-18T00:50:03.363000;6f440e85-f919-448b-bc11-9f9dfe9651fe;417.62;0.25;BUY
2016-03-18T00:50:03.343000;2016-03-18T00:50:03.380000;dea19549-5f3e-44f2-99f1-6f9c1ec03d8e;417.63;1.92;BUY
2016-03-18T00:50:03.343000;2016-03-18T00:50:03.380000;c8fc1de2-f3f7-47ea-811d-c8d283d5e837;417.64;0.91134;BUY
2016-03-18T00:50:30.860000;2016-03-18T00:50:30.893000;71dda102-25eb-43db-9674-19d16f70b64b;417.51;0.01;SELL
2016-03-18T00:50:30.860000;2016-03-18T00:50:30.893000;a3e69e97-bade-4390-80eb-f57ef2a2cb2c;417.51;0.386;SELL
2016-03-18T00:50:30.860000;2016-03-18T00:50:30.893000;7627a472-6096-4219-9fc5-cb08058ded4d;417.51;0.2;SELL
2016-03-18T00:50:30.860000;2016-03-18T00:50:30.893000;d95aba67-8916-4032-b3db-c41627f6f2cf;417.5;5.10679;SELL
2016-03-18T00:50:38.300000;2016-03-18T00:50:38.333000;d7d8bb03-39b5-4491-9dbe-920e185dbfe2;417.51;0.2;SELL
2016-03-18T00:50:40.463000;2016-03-18T00:50:40.487000;1d75184c-47fb-4522-8137-720c407a9f7b;417.5;0.2;SELL
2016-03-18T00:50:42.833000;2016-03-18T00:50:42.860000;0bdf03d4-3a70-470e-8d43-3cf5e757e248;417.51;0.2;SELL
2016-03-18T00:50:44.973000;2016-03-18T00:50:45.007000;15bd5e13-6914-4cb6-a500-1e3135dd0bc5;417.51;0.2;SELL
2016-03-18T00:50:47.137000;2016-03-18T00:50:47.157000;62487b81-0096-43a8-b4d3-7c99cfd3eb0f;417.5;0.2;SELL
2016-03-18T00:50:49.510000;2016-03-18T00:50:49.540000;2cea5856-5c06-4512-b0ed-4499fcc4847e;417.51;0.2;SELL
2016-03-18T00:50:51.877000;2016-03-18T00:50:51.907000;aeaf6495-da5f-42cf-8163-60ee9abb57d7;417.51;0.2;SELL
2016-03-18T00:50:54.010000;2016-03-18T00:50:54.033000;754bb12e-1c43-4b9b-a100-3ec35eb3ed22;417.5;0.2;SELL
2016-03-18T00:50:56.387000;2016-03-18T00:50:56.417000;7ee6fd75-7b47-433b-90a7-da52eec80055;417.5;0.2;SELL
2016-03-18T00:50:58.527000;2016-03-18T00:50:58.550000;e92daadb-48d1-42f8-922e-9a346f28e7da;417.5;0.2;SELL
2016-03-18T00:51:00.680000;2016-03-18T00:51:00.697000;fbd95d2f-7279-42d8-8bbf-a94ca1fde399;417.5;0.2;SELL
2016-03-18T00:51:02.813000;2016-03-18T00:51:02.843000;71d856e2-503e-48b7-bd7a-009be3f219a6;417.5;0.2;SELL
2016-03-18T00:51:04.943000;2016-03-18T00:51:04.960000;ad697d10-88be-43e4-a4c6-06b22e040fc8;417.51;0.2;SELL
2016-03-18T00:51:07.300000;2016-03-18T00:51:07.337000;30112cca-6092-43cb-be9a-033cf4aba409;417.51;0.2;SELL
2016-03-18T00:51:09.713000;2016-03-18T00:51:09.733000;b29a95c1-7714-4e9a-9a77-5171bb880ffd;417.5;0.2;SELL
2016-03-18T00:51:11.847000;2016-03-18T00:51:11.863000;044204d6-b88c-4f2e-ab55-57b277eed55a;417.5;1.0;SELL
2016-03-18T00:51:30.710000;2016-03-18T00:51:30.727000;a1409985-6fa7-42d0-80c6-d667b0892717;417.5;0.78846;SELL
2016-03-18T00:51:36.390000;2016-03-18T00:51:36.403000;62982261-4b79-45ea-b684-11d18dec3034;417.62;0.06;BUY
2016-03-18T00:52:00.940000;2016-03-18T00:52:00.957000;85c37823-766d-4dde-aacb-18b97238bc59;417.62;0.19;BUY
2016-03-18T00:52:00.940000;2016-03-18T00:52:00.973000;1f9e1970-8fef-49f4-bf2f-980e75ca1979;417.62;0.24;BUY
2016-03-18T00:52:00.940000;2016-03-18T00:52:00.973000;76c911ac-d8d5-422a-a91c-2a5c9c7253fe;417.62;0.15099;BUY
2016-03-18T00:52:39.097000;2016-03-18T00:52:39.107000;b3bd5e5a-0afb-4364-9d67-66ddef5cc31f;417.61;0.05;BUY
2016-03-18T00:53:30.963000;2016-03-18T00:53:31.030000;520661e8-bd91-4868-96df-801c7a149d86;417.51;0.27;SELL
2016-03-18T00:53:30.963000;2016-03-18T00:53:31.047000;a5e0c84b-9f80-4911-9b92-8eaabba39b48;417.5;2.21934186;SELL
2016-03-18T00:53:30.963000;2016-03-18T00:53:31.047000;54c08587-3d23-4983-8108-f031abac45ce;417.5;0.012;SELL
2016-03-18T00:53:30.963000;2016-03-18T00:53:31.047000;13ae1a65-f643-4c5b-be7c-0a57f42cb5a1;417.5;0.25;SELL
2016-03-18T00:53:30.963000;2016-03-18T00:53:31.050000;b2729531-7ff6-4b9c-970f-3a89082bc10f;417.5;0.012;SELL
2016-03-18T00:53:30.963000;2016-03-18T00:53:31.133000;e13d548f-6eb9-4bea-bd43-beb62f5388d9;417.5;0.25;SELL
2016-03-18T00:53:30.967000;2016-03-18T00:53:31.133000;ca5cb872-31ca-4fbd-83df-a27bbbb3afa8;417.49;1.05155145;SELL
2016-03-18T00:53:30.967000;2016-03-18T00:53:31.133000;a2e6daa9-bccd-464e-a4a2-3c8937970658;417.48;0.26;SELL
2016-03-18T00:53:30.967000;2016-03-18T00:53:31.133000;7ea5ccc4-ab9f-4a6f-8843-38440480b089;417.44;0.25;SELL
2016-03-18T00:53:30.967000;2016-03-18T00:53:31.133000;3397bc63-1821-49ab-b015-1b23ec3915f4;417.44;0.02;SELL
2016-03-18T00:53:30.967000;2016-03-18T00:53:31.133000;ad326f93-c3b6-43f6-971b-e9522c76e773;417.43;0.263;SELL
2016-03-18T00:53:30.967000;2016-03-18T00:53:31.133000;9c5b69b5-efc6-4a7d-abf9-89ebec0a57b0;417.41;0.67027669;SELL
2016-03-18T00:54:00.863000;2016-03-18T00:54:00.920000;0e52abbb-9d6d-4b0c-af99-0182f1f587ec;417.46;0.01;SELL
2016-03-18T00:54:00.863000;2016-03-18T00:54:00.940000;158ed9b6-fbf2-48b4-ad93-d4de9a218096;417.45;0.235;SELL
2016-03-18T00:54:00.863000;2016-03-18T00:54:00.940000;bd302a17-64e1-4e01-be35-a87ec3689ac8;417.44;0.02;SELL
2016-03-18T00:54:00.863000;2016-03-18T00:54:00.940000;120d1326-f60f-47dc-b9af-7c9dfa5febbe;417.44;12.32495;SELL
2016-03-18T00:54:23.943000;2016-03-18T00:54:24.033000;1aead1a9-c380-4d4a-ad91-1be42b828ad0;417.52;0.01571;SELL
2016-03-18T00:54:30.933000;2016-03-18T00:54:30.990000;1573a0de-4dde-4de5-ba11-229bb14689a5;417.49;0.25;BUY
2016-03-18T00:54:30.933000;2016-03-18T00:54:31.003000;b81d1aa0-48c0-47ca-be64-f729ad812bc0;417.49;0.32481;BUY
2016-03-18T00:55:00.750000;2016-03-18T00:55:00.803000;0d6c19f5-2b27-4c99-aeb3-47ae3678695d;417.46;0.25;BUY
2016-03-18T00:55:00.750000;2016-03-18T00:55:00.830000;f6eaa3c2-9244-4185-8f66-e76714d92acf;417.46;0.23588;BUY
2016-03-18T00:55:34.660000;2016-03-18T00:55:34.717000;cbd03e77-a926-4906-8482-5f3c163e843a;417.45;0.01;SELL
2016-03-18T00:55:34.660000;2016-03-18T00:55:34.733000;acac6cb2-b829-44e7-8ffd-57023cb3147a;417.44;0.02;SELL
2016-03-18T00:55:34.663000;2016-03-18T00:55:34.733000;22f02545-2b21-481c-93f7-a513567f61a7;417.42;0.01;SELL
2016-03-18T00:55:34.663000;2016-03-18T00:55:34.733000;2a0e5dad-6dcb-4402-93ad-6ce24094ee46;417.4;0.0819;SELL
2016-03-18T00:55:34.663000;2016-03-18T00:55:34.733000;7255268d-b0b3-4ed8-a9a9-604ec005d22f;417.4;0.71052;SELL
2016-03-18T00:56:02.033000;2016-03-18T00:56:02.083000;f13fef25-1361-4df1-a743-0d6e0c922134;417.45;0.01;BUY
2016-03-18T00:56:30.717000;2016-03-18T00:56:30.773000;5ab40f52-e17c-4dc2-8a62-c28a1458d7d1;417.45;0.25;BUY
2016-03-18T00:56:30.717000;2016-03-18T00:56:30.793000;0da3056a-db28-41e2-90af-ae918349a56c;417.46;9.76412;BUY
2016-03-18T00:56:30.717000;2016-03-18T00:56:30.793000;1db2040c-4de7-4c46-a064-5fe6a3d681bd;417.47;0.01;BUY
2016-03-18T00:56:30.717000;2016-03-18T00:56:30.793000;eeac2f6a-e2ef-4c55-ac9f-9cdae6e5a738;417.52;0.25;BUY
2016-03-18T00:56:30.717000;2016-03-18T00:56:30.793000;ae71f4b5-4b4e-4e55-9d93-d50f5c67b9b0;417.59;0.01;BUY
2016-03-18T00:56:30.717000;2016-03-18T00:56:30.877000;28bced58-fbb9-4c36-b0ff-86d683e9c3f2;417.59;0.48;BUY
2016-03-18T00:56:30.717000;2016-03-18T00:56:30.877000;f22cb355-1467-480f-9ca0-79a57900022d;417.59;0.0819;BUY
2016-03-18T00:56:30.717000;2016-03-18T00:56:30.877000;420c0afe-9f43-4b8e-8e95-facf9d643287;417.6;0.01;BUY
2016-03-18T00:56:30.717000;2016-03-18T00:56:30.877000;3a8b27d1-11c2-44bc-92c3-0365c45a886a;417.6;9.1308;BUY
2016-03-18T00:57:00.810000;2016-03-18T00:57:00.860000;aeda100a-bb88-456b-85b7-1a7eb9736fc7;417.6;1.95213;BUY
2016-03-18T00:57:01.690000;2016-03-18T00:57:01.750000;8e62c9ea-1507-45bf-a096-bee7c3e8ee7e;417.6;0.01;BUY
2016-03-18T00:57:21.917000;2016-03-18T00:57:21.980000;bf47957d-baa8-4673-9172-162e261d6e25;417.5;0.01678373;BUY
2016-03-18T00:57:21.920000;2016-03-18T00:57:21.980000;d72ce236-0357-40cf-a5ac-3730774a0411;417.5;0.00431627;BUY
2016-03-18T00:57:21.920000;2016-03-18T00:57:21.980000;76ae1128-69e9-41aa-9054-9a5707d51be1;417.51;0.17;BUY
2016-03-18T00:57:21.923000;2016-03-18T00:57:22.007000;c27a519e-b760-427a-8041-64e3937aa93f;417.52;0.00275234;BUY
2016-03-18T00:57:21.923000;2016-03-18T00:57:22.007000;d0d219c5-e8ce-41eb-9ee1-bcf08a0ac6d0;417.52;0.01406878;BUY
2016-03-18T00:57:21.957000;2016-03-18T00:57:22.030000;1eb80d82-fbe4-4af8-a68c-ac41a92623bf;417.52;0.00347888;BUY
2016-03-18T00:57:21.957000;2016-03-18T00:57:22.030000;38564546-f19a-49bf-9570-e294ba6dec5a;417.54;0.0188;BUY
2016-03-18T00:57:21.957000;2016-03-18T00:57:22.030000;fb77f968-a39c-48c0-9349-8842186996a0;417.56;0.0155;BUY
2016-03-18T00:57:21.957000;2016-03-18T00:57:22.030000;aa43b67a-8a0b-437f-bb55-b0c7c0971d60;417.57;0.0143;BUY
2016-03-18T00:57:42.383000;2016-03-18T00:57:42.433000;2df291a9-0629-42bf-b904-6330ebb12dc8;417.47;0.01;SELL
2016-03-18T00:57:42.383000;2016-03-18T00:57:42.450000;272acced-d636-47c9-aa02-a05933ff6f28;417.46;0.002;SELL
2016-03-18T00:57:57.123000;2016-03-18T00:57:57.173000;47342b37-d20a-4c27-bd1f-09be2674c6f2;417.52;0.01;BUY
2016-03-18T00:57:57.123000;2016-03-18T00:57:57.190000;97be9a34-0f82-4cc8-8c9f-191172cfc65b;417.55;0.05;BUY
2016-03-18T00:58:01.257000;2016-03-18T00:58:01.310000;bba2db87-d1a0-4d57-bbec-39e5185b2b50;417.53;0.0147;BUY
2016-03-18T00:58:01.257000;2016-03-18T00:58:01.310000;d304c243-3b42-4a49-92cd-735e7502740c;417.55;0.79968;BUY
2016-03-18T00:58:01.257000;2016-03-18T00:58:01.337000;28c90708-23ac-44d9-b2b8-c66ae69baea6;417.56;2.0;BUY
2016-03-18T00:58:01.257000;2016-03-18T00:58:01.337000;f4c4f189-5e60-4198-9629-a5c77cda2a4b;417.57;1.01624;BUY
2016-03-18T00:58:30.937000;2016-03-18T00:58:30.980000;5f3868a4-f78a-4bd6-bb2e-8cf3d6be7751;417.57;0.24661;BUY
2016-03-18T00:58:52.657000;2016-03-18T00:58:52.717000;13e7ecc1-d4d0-46aa-a787-bbc0c737209f;417.57;0.27;BUY
2016-03-18T00:59:21.230000;2016-03-18T00:59:21.290000;ba3f8737-2a2f-4fe1-acb7-4c0c60f45128;417.56;0.0557988;BUY
2016-03-18T00:59:21.313000;2016-03-18T00:59:21.360000;e1219aee-2061-480a-82a1-592e67a0623b;417.56;0.013;BUY
2016-03-18T00:59:21.317000;2016-03-18T00:59:21.383000;6d8caf2a-d4fc-4d27-a02e-7994cb6d6d04;417.56;0.2902012;BUY
2016-03-18T00:59:21.317000;2016-03-18T00:59:21.383000;f8cd7a05-8386-4ac4-adbe-a1e5bf8e1a83;417.57;0.10231019;BUY
2016-03-18T00:59:21.323000;2016-03-18T00:59:21.383000;da5bda1b-7193-4eff-9e14-f51fb113ea88;417.57;0.02110317;BUY
2016-03-18T00:59:21.523000;2016-03-18T00:59:21.573000;f5a35d86-f14d-489d-9af1-3d55679670e3;417.57;0.3177;BUY
2016-03-18T01:01:43.127000;2016-03-18T01:01:43.167000;5f99860c-6ef1-4d2a-9c06-f7b81bdb3f69;417.55;0.01;BUY
2016-03-18T01:02:15.843000;2016-03-18T01:02:15.890000;10a05ebe-9db9-4e52-8cda-0975abbd48c4;417.57;6.01173664;BUY
2016-03-18T01:02:15.843000;2016-03-18T01:02:15.890000;17cca79a-c0f4-4dac-bb91-7816ebfa735c;417.6;0.01;BUY
2016-03-18T01:02:18.663000;2016-03-18T01:02:18.703000;1d28f98d-09a8-4639-b966-122cee2c3786;417.65;0.01828941;BUY
2016-03-18T01:02:18.673000;2016-03-18T01:02:18.720000;0404c38d-cbe1-4b17-9fbc-f16435e3a5b7;417.65;0.01678373;BUY
2016-03-18T01:02:18.693000;2016-03-18T01:02:18.743000;432b5dd1-4b35-421a-bdad-7185e9c53afb;417.65;0.04835896;BUY
2016-03-18T01:03:30.563000;2016-03-18T01:03:30.597000;78b04c46-e935-4369-97f3-5bbe5e2dc66c;417.65;5.11025;BUY
2016-03-18T01:05:55.300000;2016-03-18T01:05:55.343000;f20bd1bb-4762-406e-91f4-13e0a91abd17;417.6;0.2;SELL
2016-03-18T01:06:01.460000;2016-03-18T01:06:01.493000;559228da-d122-4928-8070-d38c54faec0c;417.64;0.01;BUY
2016-03-18T01:06:01.460000;2016-03-18T01:06:01.510000;19c6fd58-05d4-4c89-89ed-4b5b579c5690;417.64;0.383;BUY
2016-03-18T01:06:01.460000;2016-03-18T01:06:01.510000;31b189e9-ed6e-45a7-9bee-98c84ca0d44b;417.65;5.8063179;BUY
2016-03-18T01:06:01.463000;2016-03-18T01:06:01.510000;1250c310-21f5-452b-a100-1dfb2c582287;417.66;0.27946;BUY
2016-03-18T01:06:01.463000;2016-03-18T01:06:01.530000;75879c02-6926-4df5-9125-3a89f5f5619b;417.67;0.01;BUY
2016-03-18T01:06:01.463000;2016-03-18T01:06:01.600000;f405ded0-3590-4fb1-9256-c1b8f7e11315;417.67;0.25;BUY
2016-03-18T01:06:01.463000;2016-03-18T01:06:01.600000;2cb28a7e-9f5c-4e1d-b15e-3c3c8a83255c;417.69;0.25;BUY
2016-03-18T01:06:01.463000;2016-03-18T01:06:01.600000;0dc17a0b-1586-4ba5-acb6-57eb526e3317;417.7;0.373;BUY
2016-03-18T01:06:01.463000;2016-03-18T01:06:01.600000;e07fe7cb-0592-4d69-8711-4c84bd28ed56;417.71;0.01;BUY
2016-03-18T01:06:01.463000;2016-03-18T01:06:01.600000;5a864091-b227-4e5d-9bdf-177e2ebd628d;417.72;0.01;BUY
2016-03-18T01:06:01.463000;2016-03-18T01:06:01.600000;67c73032-a78f-4c86-9eaa-8526b324f942;417.74;0.01;BUY
2016-03-18T01:06:01.463000;2016-03-18T01:06:01.600000;e16210a9-97fb-4ca6-ad3a-5765631aa095;417.74;0.25;BUY
2016-03-18T01:06:01.463000;2016-03-18T01:06:01.600000;1c5af4bc-7a72-43ee-b495-31e5901a85e5;417.74;0.25;BUY
2016-03-18T01:06:01.463000;2016-03-18T01:06:01.600000;cc8287ea-974c-4dcc-a2f5-229e1b2c274e;417.75;0.01;BUY
2016-03-18T01:06:01.463000;2016-03-18T01:06:01.600000;3235b507-0ab5-4220-b944-2457f4772a58;417.75;0.393;BUY
2016-03-18T01:06:01.463000;2016-03-18T01:06:01.600000;c9d928ef-5905-4a61-88fa-a59975f3c361;417.77;0.25;BUY
2016-03-18T01:06:01.463000;2016-03-18T01:06:01.600000;68584bf9-bef6-4e5f-a4d9-17bf9c337d45;417.78;0.72;BUY
2016-03-18T01:06:01.463000;2016-03-18T01:06:01.600000;7501618c-1481-4728-9b7a-77dc61269369;417.79;0.25;BUY
2016-03-18T01:06:01.463000;2016-03-18T01:06:01.600000;acf2b401-5274-4e61-8280-a5b4bff78752;417.79;1.44;BUY
2016-03-18T01:06:01.463000;2016-03-18T01:06:01.600000;b2e3c974-1294-444e-aec8-f4c950f36100;417.8;0.352;BUY
2016-03-18T01:06:01.463000;2016-03-18T01:06:01.600000;bcbd0769-f202-4c86-a36c-e780f505735b;417.8;1.68;BUY
2016-03-18T01:06:01.463000;2016-03-18T01:06:01.600000;8e38383a-7c68-4f33-9e93-f81a29337249;417.81;0.25;BUY
2016-03-18T01:06:01.463000;2016-03-18T01:06:01.600000;8263cdcc-efc1-44e4-8a6c-9197079e5696;417.81;1.44;BUY
2016-03-18T01:06:01.463000;2016-03-18T01:06:01.600000;20c2a08c-11f9-44ee-bfd0-f6ca6b72cb78;417.82;0.01;BUY
2016-03-18T01:06:01.463000;2016-03-18T01:06:01.600000;8c7e43d8-fb07-4647-a510-9897f59eac1d;417.82;0.0819;BUY
2016-03-18T01:06:01.467000;2016-03-18T01:06:01.603000;2ebbd0ba-b5b0-4c4a-b3d2-924a02251200;417.83;0.1119921;BUY
2016-03-18T01:06:32.917000;2016-03-18T01:06:32.960000;1a464d16-bd7f-4bb0-ab87-42515de811df;417.81;0.7863;BUY
2016-03-18T01:07:01.540000;2016-03-18T01:07:01.563000;f46c2904-7383-4923-9d52-943b15824de1;417.82;0.01;BUY
2016-03-18T01:07:01.540000;2016-03-18T01:07:01.583000;954b3cc3-b01d-4521-bcd8-5516e01d73c5;417.84;0.01;BUY
2016-03-18T01:07:01.540000;2016-03-18T01:07:01.583000;c80634fc-2920-4d52-8acc-bdbbd1a464f8;417.89;0.25;BUY
2016-03-18T01:07:01.540000;2016-03-18T01:07:01.583000;dd0e150a-6379-4b5a-a01d-045982b777f5;417.9;0.01;BUY
2016-03-18T01:07:01.540000;2016-03-18T01:07:01.583000;fc152501-964c-4306-88e7-f75ab9b1b861;417.9;0.05109;BUY
2016-03-18T01:07:31.410000;2016-03-18T01:07:31.433000;6f0fbc2f-580e-433e-85d4-c2b7496c968d;417.88;0.01;BUY
2016-03-18T01:07:31.410000;2016-03-18T01:07:31.450000;d91996de-17f6-4783-b032-e0ad0ee48387;417.92;0.01;BUY
2016-03-18T01:07:31.410000;2016-03-18T01:07:31.450000;7b58da90-e1d7-46ad-9119-4209af20abad;417.95;0.01;BUY
2016-03-18T01:07:31.410000;2016-03-18T01:07:31.450000;f84688df-9d82-4c73-be52-6059977e50b4;417.95;0.01;BUY
2016-03-18T01:07:31.410000;2016-03-18T01:07:31.450000;4cbecdaf-7851-4fec-86ff-9f64540b9bfa;417.95;0.01;BUY
2016-03-18T01:07:31.410000;2016-03-18T01:07:31.537000;4cabf282-d9b8-4079-a90b-845d260f2db2;417.95;0.01;BUY
2016-03-18T01:07:31.410000;2016-03-18T01:07:31.537000;f2049511-2911-479b-be78-05018339f6d4;417.96;0.01;BUY
2016-03-18T01:07:31.410000;2016-03-18T01:07:31.537000;1a6e6ec0-ee8c-4980-b658-5ae3589c4956;417.96;0.53136;BUY
2016-03-18T01:08:02.890000;2016-03-18T01:08:02.807000;6a661fef-c4f4-492a-9e8c-e0576210b50c;417.98;0.01;BUY
2016-03-18T01:08:02.890000;2016-03-18T01:08:02.820000;a4dedb0e-0e2f-42ed-b438-040357fa3a9a;417.98;0.01;BUY
2016-03-18T01:08:02.890000;2016-03-18T01:08:02.820000;87f0bb1b-df7b-4408-9148-783d61bf705b;417.98;0.01;BUY
2016-03-18T01:08:02.890000;2016-03-18T01:08:02.820000;7fdf64b8-e3df-499f-9f53-cab3c1ceb5f6;417.98;0.01;BUY
2016-03-18T01:08:02.890000;2016-03-18T01:08:02.820000;65e21aed-facb-47b3-99ba-a2a04a33cb0a;417.98;0.308;BUY
2016-03-18T01:08:02.890000;2016-03-18T01:08:02.823000;3e75464d-1e6e-47ff-abca-90bb0d8be1de;417.99;2.86187;BUY
2016-03-18T01:08:31.473000;2016-03-18T01:08:31.390000;63553da2-7739-4882-83b5-0c2952f5e1c6;417.95;0.01;BUY
2016-03-18T01:08:31.473000;2016-03-18T01:08:31.407000;5a0c5ac9-0ef6-4400-941b-fc8475c37a16;417.95;0.078;BUY
2016-03-18T01:08:31.473000;2016-03-18T01:08:31.407000;8b56b8e6-bf06-4e6c-9839-f65902e499a9;417.97;0.14889;BUY
2016-03-18T01:09:01.570000;2016-03-18T01:09:01.480000;48d3046b-95d1-4351-bd40-e5040e697deb;417.98;0.257;BUY
2016-03-18T01:09:01.570000;2016-03-18T01:09:01.503000;99a76a5e-6f7e-4fbf-a9d4-b5de62945d6f;417.99;0.5484;BUY
2016-03-18T01:10:08.007000;2016-03-18T01:10:07.913000;9ec682b6-448e-4fa7-9bcb-0450ce11f3d0;417.91;0.25;SELL
2016-03-18T01:10:08.007000;2016-03-18T01:10:07.930000;909bdf2d-a6ef-4b92-ac58-d6569f6ed60d;417.91;0.18;SELL
2016-03-18T01:10:09.967000;2016-03-18T01:10:09.873000;9bafc5c5-4ea5-4b5c-8318-e24172f8d6ba;417.91;0.08795;BUY
2016-03-18T01:11:01.580000;2016-03-18T01:11:01.490000;02518a89-bfbd-4d7c-b56d-f1dfdfd3fc76;417.89;0.01;SELL
2016-03-18T01:11:01.580000;2016-03-18T01:11:01.513000;f6139d70-af5d-427e-a372-90c535a5a1e6;417.88;0.01;SELL
2016-03-18T01:11:01.580000;2016-03-18T01:11:01.513000;a75c1a0e-6746-400c-8861-fd50f25e941a;417.88;0.23598;SELL
2016-03-18T01:11:31.283000;2016-03-18T01:11:31.190000;deb732fc-6b31-4c17-bf1e-5d77f820af76;417.9;0.0249;BUY
2016-03-18T01:11:31.283000;2016-03-18T01:11:31.240000;19498688-8599-499b-8522-4f190190f56a;417.94;0.16;BUY
2016-03-18T01:11:31.283000;2016-03-18T01:11:31.240000;58005681-250c-435e-b72d-7594ac4136a7;417.97;0.092;BUY
2016-03-18T01:11:31.283000;2016-03-18T01:11:31.240000;dba1d8e6-3a84-458e-b27d-e263dee83b42;417.98;0.01;BUY
2016-03-18T01:11:31.283000;2016-03-18T01:11:31.243000;f97d863c-aa8f-4e52-8799-1be811bc4970;417.99;0.25779;BUY
2016-03-18T01:12:02.873000;2016-03-18T01:12:02.783000;fb551bfb-60ca-4ed3-b63e-0e07bb24e3da;417.89;0.25;SELL
2016-03-18T01:12:02.877000;2016-03-18T01:12:02.800000;f54c59f8-d5ce-4435-a209-60187d6ef396;417.88;0.20681999;SELL
2016-03-18T01:12:02.877000;2016-03-18T01:12:02.800000;5d749a54-b56e-4b8a-89de-88c787ec1a50;417.88;0.17;SELL
2016-03-18T01:12:02.877000;2016-03-18T01:12:02.800000;3c5cde16-bf4d-41ed-a661-8779254a6961;417.88;0.01;SELL
2016-03-18T01:12:02.877000;2016-03-18T01:12:02.800000;4fe96c62-0dcb-4936-844d-5e2637861b81;417.87;0.25;SELL
2016-03-18T01:12:02.877000;2016-03-18T01:12:02.843000;99f06f44-901c-485a-9fe5-c24232642a06;417.86;0.01;SELL
2016-03-18T01:12:02.877000;2016-03-18T01:12:02.857000;a3711e2d-a140-4da6-b475-c146e81739ab;417.85;0.189;SELL
2016-03-18T01:12:02.877000;2016-03-18T01:12:02.857000;714c7fab-77cf-4e26-8399-d599d4564eed;417.85;0.05;SELL
2016-03-18T01:12:02.877000;2016-03-18T01:12:02.857000;304a5361-f8f6-4160-aad1-218c62327a15;417.84;0.01;SELL
2016-03-18T01:12:02.877000;2016-03-18T01:12:02.857000;457a9fcf-8e07-4e37-9aea-f630241ba76a;417.82;0.01;SELL
2016-03-18T01:12:02.877000;2016-03-18T01:12:02.860000;2d2f4e62-4bab-4451-a999-0308c0e3457c;417.8;1.0;SELL
2016-03-18T01:12:02.877000;2016-03-18T01:12:02.860000;b0c2c8cf-038c-46e9-b138-1241f975c9a6;417.8;0.157;SELL
2016-03-18T01:12:02.877000;2016-03-18T01:12:02.860000;86bbc703-ec6a-4c70-a578-c3cc0fa5b126;417.8;0.025;SELL
2016-03-18T01:12:02.877000;2016-03-18T01:12:02.860000;f7bdc7fc-9589-4fa5-94a4-46e6231d3af1;417.79;2.01233001;SELL
2016-03-18T01:12:31.533000;2016-03-18T01:12:31.460000;eeb85047-029e-43ee-aab6-504428ddcbf1;417.92;0.01;BUY
2016-03-18T01:12:31.533000;2016-03-18T01:12:31.460000;21ed85f6-772f-4f6d-b411-4f6a66e73eb2;417.93;0.01;BUY
2016-03-18T01:12:31.533000;2016-03-18T01:12:31.463000;e4952a4b-b9e7-418f-89b3-eecd61d88c49;417.94;0.01;BUY
2016-03-18T01:12:31.537000;2016-03-18T01:12:31.463000;be81de8d-f7f0-4f63-a2db-d2534a36ac26;417.94;0.025;BUY
2016-03-18T01:12:31.537000;2016-03-18T01:12:31.463000;25e4bc2a-bc9a-4309-8543-61af41fb0ff4;417.94;0.06765;BUY
2016-03-18T01:13:01.400000;2016-03-18T01:13:01.307000;2914b2ef-aff6-45d7-8d8a-4e2c785ffbe8;417.96;0.01;BUY
2016-03-18T01:13:01.403000;2016-03-18T01:13:01.323000;c418b2c7-d416-429a-bbd5-56e8c828a614;417.96;0.16;BUY
2016-03-18T01:13:01.403000;2016-03-18T01:13:01.323000;cd924a6d-e427-4cd0-a58d-508c7568b2a5;417.98;0.01;BUY
2016-03-18T01:13:01.403000;2016-03-18T01:13:01.323000;c954f9ef-51f3-452e-aaad-5d1a16679848;417.98;0.72;BUY
2016-03-18T01:13:01.403000;2016-03-18T01:13:01.323000;73fc1a4f-1ade-414d-acf1-d70c38d225f2;417.99;0.33194;BUY
2016-03-18T01:13:01.403000;2016-03-18T01:13:01.323000;5635c414-843a-48d3-ae2f-72fd5f71d009;417.99;3.03316;BUY
2016-03-18T01:13:31.527000;2016-03-18T01:13:31.427000;e653d086-0432-4e89-a520-9c8e8bf4187a;417.97;0.01;BUY
2016-03-18T01:13:31.527000;2016-03-18T01:13:31.447000;ace706b1-c896-4a6c-9a85-857e961b66a7;417.99;0.01357;BUY
2016-03-18T01:13:33.753000;2016-03-18T01:13:33.670000;798850aa-9fea-4539-8555-90de80687eac;417.99;0.0198;SELL
2016-03-18T01:13:42.473000;2016-03-18T01:13:42.373000;0d5200e4-01a2-4538-a86d-348c52eb2749;417.99;0.0154;SELL
2016-03-18T01:13:42.473000;2016-03-18T01:13:42.387000;61acbf59-f550-456e-a07b-9deb15a3b961;417.99;0.0149;SELL
2016-03-18T01:13:42.473000;2016-03-18T01:13:42.387000;8a2792b0-b0d2-4898-80be-de37ee1a7de3;417.98;0.0154;SELL
2016-03-18T01:13:42.473000;2016-03-18T01:13:42.387000;5fb34ae3-da1b-4d17-912e-f52159231b68;417.97;0.25;SELL
2016-03-18T01:13:42.473000;2016-03-18T01:13:42.387000;6be40c70-308b-408f-85f9-a4cbe75b6af7;417.96;0.0161;SELL
2016-03-18T01:13:42.473000;2016-03-18T01:13:42.487000;d9175272-fd00-4d96-beb8-bf2c4216c03b;417.96;0.0158;SELL
2016-03-18T01:13:42.473000;2016-03-18T01:13:42.487000;55213387-69fa-4fdf-88ee-ffdf88f6ada1;417.96;0.0155;SELL
2016-03-18T01:13:42.473000;2016-03-18T01:13:42.487000;c0467819-95f6-4d81-951d-324bd27d3218;417.96;0.0164;SELL
2016-03-18T01:14:01.520000;2016-03-18T01:14:01.433000;fc949100-d665-4dba-ab4b-afdd3535f0db;417.99;0.16149;BUY
2016-03-18T01:14:17.580000;2016-03-18T01:14:17.487000;3119b49f-15b2-4894-8d19-6c958effa3bd;417.99;0.0169;SELL
2016-03-18T01:14:17.580000;2016-03-18T01:14:17.487000;8c0baa0d-f71a-4225-9228-97e9f5ec5f39;417.99;0.0176;SELL
2016-03-18T01:14:17.580000;2016-03-18T01:14:17.487000;5c978299-8d0e-46a1-93b0-795fa6ddbe23;417.99;0.0164;SELL
2016-03-18T01:14:17.580000;2016-03-18T01:14:17.500000;7bddf8c3-9c49-41ea-82aa-1d198d002a67;417.99;0.05;SELL
2016-03-18T01:14:17.580000;2016-03-18T01:14:17.500000;0e9d1e01-c61f-44a3-8c84-8e9d451202b9;417.99;5.97;SELL
2016-03-18T01:14:17.580000;2016-03-18T01:14:17.500000;a2546480-8bae-4680-89fb-fac5c8859bc2;417.98;0.0168;SELL
2016-03-18T01:14:17.580000;2016-03-18T01:14:17.517000;2be672c3-b1e7-496a-8031-31f65d2b0721;417.98;0.05;SELL
2016-03-18T01:14:17.620000;2016-03-18T01:14:17.517000;ccc60f07-7dbc-4eb9-b7fb-fab6a3a6a436;417.94;0.05;BUY
2016-03-18T01:15:03.943000;2016-03-18T01:15:03.840000;ff4cfb3c-0e38-4eb6-9316-602901bff0b1;417.94;0.46716;BUY
2016-03-18T01:15:04.777000;2016-03-18T01:15:04.677000;22da677b-ecb3-464a-9beb-a72cc2f13308;417.94;0.42493838;BUY
2016-03-18T01:16:01.490000;2016-03-18T01:16:01.383000;57d47b33-1ed5-4117-b8da-9efe546094d3;417.94;0.31981;BUY
2016-03-18T01:16:31.340000;2016-03-18T01:16:31.237000;7541336d-1d46-4a3c-ab9b-d00b192ea1f9;417.94;1.61678;BUY
2016-03-18T01:16:51.783000;2016-03-18T01:16:51.673000;cdb75fa6-e138-4568-bd3b-27731c0b9304;417.94;1.0;BUY
2016-03-18T01:17:01.407000;2016-03-18T01:17:01.297000;17e4244d-768e-4aa4-b1bc-43d1d8515793;417.94;2.14322;BUY
2016-03-18T01:17:01.407000;2016-03-18T01:17:01.313000;3ce16cc7-4d37-45aa-a896-bac185f7c6f7;417.95;0.281;BUY
2016-03-18T01:17:01.407000;2016-03-18T01:17:01.313000;9dd2af7d-ddba-4092-9110-8d79170f2bc5;417.98;0.02;BUY
2016-03-18T01:17:01.407000;2016-03-18T01:17:01.313000;30a4a91c-f5ff-47b9-998b-7d50f3b34412;418.0;0.01;BUY
2016-03-18T01:17:01.407000;2016-03-18T01:17:01.343000;31bc2be1-ac82-45da-9517-3c3d0926824a;418.0;2.40221;BUY
2016-03-18T01:17:31.860000;2016-03-18T01:17:31.750000;99648258-ef3d-4387-97e1-58fdbca00d9c;417.98;0.02;BUY
2016-03-18T01:17:31.860000;2016-03-18T01:17:31.767000;aa1441f1-81ed-4980-856d-6bb5309cd4fd;417.98;0.02737;BUY
2016-03-18T01:18:04.417000;2016-03-18T01:18:04.303000;bd980e3a-a3c2-4277-99f2-c3c4bc7cb2d3;417.98;0.02;BUY
2016-03-18T01:18:04.417000;2016-03-18T01:18:04.323000;84a360bc-0530-47e9-8d8e-741ef0fae71f;417.98;0.21688;BUY
2016-03-18T01:19:31.500000;2016-03-18T01:19:31.383000;94079836-a50a-4579-b895-235bf99e7bff;417.97;0.01;BUY
2016-03-18T01:19:31.500000;2016-03-18T01:19:31.403000;e36c9e67-6393-4ad6-8b76-f1bb03c58f94;417.99;0.01;BUY
2016-03-18T01:19:31.500000;2016-03-18T01:19:31.403000;2fc6ccf8-e2e7-4d09-927e-436e72753e6b;418.0;0.45697;BUY
2016-03-18T01:20:05.623000;2016-03-18T01:20:05.503000;6a49947e-85f6-41dd-bd01-66c3f721d277;417.99;0.217;BUY
2016-03-18T01:20:05.623000;2016-03-18T01:20:05.520000;4c433769-7e04-4cec-9b68-306d14df8d91;418.0;0.06442;BUY
2016-03-18T01:20:31.620000;2016-03-18T01:20:31.500000;a070e5f4-2d46-440a-b6fd-8d40a7774325;417.99;0.198;BUY
2016-03-18T01:20:31.620000;2016-03-18T01:20:31.523000;2a57dbe5-eb47-4a63-b55b-ecc7c68eca0c;418.0;2.12093;BUY
