time_exchange;time_coinpai;guid;price;base_amount;taker_side
2016-03-18T00:02:19.000000;2016-03-18T00:02:19.000000;7dae9e1b-9cdf-456d-b91f-0c2686c92da1;418.71;0.241395;UNKNOWN
2016-03-18T00:08:19.000000;2016-03-18T00:08:19.000000;e4ea0fc3-5a0f-45bb-905a-a286e5cb1dca;418.63;0.11825642;UNKNOWN
2016-03-18T00:08:19.000000;2016-03-18T00:08:19.000000;b091351c-f53f-42e9-9152-3223987ed3f0;418.63;0.02985;UNKNOWN
2016-03-18T00:09:22.000000;2016-03-18T00:09:22.000000;ef5e9c1e-c037-4e11-a4ce-c5cc030ee57b;418.63;0.10189358;UNKNOWN
2016-03-18T00:09:22.000000;2016-03-18T00:09:22.000000;e1543d60-11df-4796-b4e2-80bce49fe67b;418.72;0.0279;UNKNOWN
2016-03-18T00:11:10.000000;2016-03-18T00:11:10.000000;2052daec-dee5-4042-a35d-de97856b146b;418.48;0.5;UNKNOWN
2016-03-18T00:11:10.000000;2016-03-18T00:11:10.000000;61823095-aa02-444f-8c4c-38a1e1844462;418.11;3.5;UNKNOWN
2016-03-18T00:11:10.000000;2016-03-18T00:11:10.000000;151f5a6b-e6cc-49bd-b4c1-eb9084ca449c;418.49;0.5;UNKNOWN
2016-03-18T00:11:10.000000;2016-03-18T00:11:10.000000;252d47dc-ee6d-4bbb-be92-ac584e56c6ba;418.51;0.5;UNKNOWN
2016-03-18T00:11:10.000000;2016-03-18T00:11:10.000000;7d774f64-6947-4c23-a6fc-621eb57c9b0f;418.59;0.5;UNKNOWN
2016-03-18T00:11:10.000000;2016-03-18T00:11:10.000000;d7e63ab6-8ec7-4c11-b59c-0c4ca88fd261;418.52;0.5;UNKNOWN
2016-03-18T00:11:10.000000;2016-03-18T00:11:10.000000;3c7cbabb-3eb8-4c02-92ad-05b060f1cb07;418.5;0.5;UNKNOWN
2016-03-18T00:11:10.000000;2016-03-18T00:11:10.000000;217b9405-ec28-44b1-aa5d-10cfbf425fcf;418.6;0.5;UNKNOWN
2016-03-18T00:11:10.000000;2016-03-18T00:11:10.000000;c325b1d8-65e2-4eed-ac67-067ddcd721f3;418.58;0.5;UNKNOWN
2016-03-18T00:11:10.000000;2016-03-18T00:11:10.000000;e29af041-4e41-45ce-b87e-e96bb7206b70;418.54;0.5;UNKNOWN
2016-03-18T00:11:10.000000;2016-03-18T00:11:10.000000;b9ec71b3-05f8-4327-93aa-7f29822752d5;418.53;0.5;UNKNOWN
2016-03-18T00:11:10.000000;2016-03-18T00:11:10.000000;d8ef6c55-176b-4ce4-806d-3f49e434cff8;418.55;0.5;UNKNOWN
2016-03-18T00:11:10.000000;2016-03-18T00:11:10.000000;d782a2ea-e0be-4b5e-967c-6ad385667db7;418.56;0.5;UNKNOWN
2016-03-18T00:11:10.000000;2016-03-18T00:11:10.000000;897233bd-75e0-4754-a9f4-0dc3e067f6c8;418.57;0.5;UNKNOWN
2016-03-18T00:12:19.000000;2016-03-18T00:12:19.000000;970faee9-c24a-4721-b6b5-a6ec28c5cd79;418.01;0.35295994;UNKNOWN
2016-03-18T00:12:47.000000;2016-03-18T00:12:47.000000;63fc1428-096c-4cc9-b9bf-eb21d43d12b9;418.08;19.33;UNKNOWN
2016-03-18T00:12:47.000000;2016-03-18T00:12:47.000000;6f4ba90b-d0b8-4a1d-a3b5-c7c07da8c70b;418.02;0.5;UNKNOWN
2016-03-18T00:12:47.000000;2016-03-18T00:12:47.000000;07128024-d982-4fc0-9bc6-16a4ceaebb91;418.01;1.65475;UNKNOWN
2016-03-18T00:15:09.000000;2016-03-18T00:15:09.000000;a75481bd-2271-42b8-a7e2-b7bbb9da732b;418.09;0.5;UNKNOWN
2016-03-18T00:15:09.000000;2016-03-18T00:15:09.000000;4ada2089-2f91-48c7-808b-39dd23e94af3;418.11;0.5;UNKNOWN
2016-03-18T00:15:09.000000;2016-03-18T00:15:09.000000;a24c8c92-7d62-4dff-92d3-cf8331c62d26;418.1;0.5;UNKNOWN
2016-03-18T00:15:09.000000;2016-03-18T00:15:09.000000;b110b4de-b029-4948-9205-2771a9ca4e91;418.12;0.5;UNKNOWN
2016-03-18T00:15:09.000000;2016-03-18T00:15:09.000000;d4f2a35b-b21e-49e5-a37b-eb6b6e540479;418.06;0.5;UNKNOWN
2016-03-18T00:15:09.000000;2016-03-18T00:15:09.000000;d0704d94-88fd-4c6a-85a1-bcf1f732e797;418.05;0.5;UNKNOWN
2016-03-18T00:15:09.000000;2016-03-18T00:15:09.000000;b72b9d84-8c0a-47c1-b753-605d35734853;418.08;0.5;UNKNOWN
2016-03-18T00:15:09.000000;2016-03-18T00:15:09.000000;6cd90b58-e789-44dc-bb31-5a98dea7d951;418.07;0.5;UNKNOWN
2016-03-18T00:15:12.000000;2016-03-18T00:15:12.000000;1bf665d6-ffb4-4d03-9ae2-5b380d27f84e;418.04;0.5;UNKNOWN
2016-03-18T00:15:12.000000;2016-03-18T00:15:12.000000;b888e8a8-9ff5-434f-87f8-260ff375f98d;418.01;1.936355;UNKNOWN
2016-03-18T00:15:12.000000;2016-03-18T00:15:12.000000;03c0881c-b6d5-4fa9-9150-f4ac2fbccf73;418.03;0.5;UNKNOWN
2016-03-18T00:15:12.000000;2016-03-18T00:15:12.000000;8ac12027-a02a-4677-a5bb-2c33900238b0;418.02;0.5;UNKNOWN
2016-03-18T00:16:04.000000;2016-03-18T00:16:04.000000;91897273-15f7-4c54-a884-659db6104325;418.1;0.036383;UNKNOWN
2016-03-18T00:16:04.000000;2016-03-18T00:16:04.000000;87a0a7fd-6031-4d02-9533-ae6a81426a75;418.04;0.063617;UNKNOWN
2016-03-18T00:16:09.000000;2016-03-18T00:16:09.000000;f65645bf-947c-4e87-8113-4c13ecabc742;418.01;0.050404;UNKNOWN
2016-03-18T00:17:15.000000;2016-03-18T00:17:15.000000;dc4a3836-6dc1-4eaf-bad4-9c89521bbaee;418.01;0.23663598;UNKNOWN
2016-03-18T00:17:15.000000;2016-03-18T00:17:15.000000;9f80a597-e480-4e95-98c1-be0bb9b536a0;418.01;0.05915479;UNKNOWN
2016-03-18T00:18:00.000000;2016-03-18T00:18:00.000000;e86a689d-bc09-4629-9f2a-175fee9c439d;418.1;3.0;UNKNOWN
2016-03-18T00:18:19.000000;2016-03-18T00:18:19.000000;dd99c9c9-81da-4ba7-8319-69029cf33708;418.0;0.05876696;UNKNOWN
2016-03-18T00:19:02.000000;2016-03-18T00:19:02.000000;d7c6c325-b647-451e-bbfb-c904ca531c95;418.0;9.94123304;UNKNOWN
2016-03-18T00:19:02.000000;2016-03-18T00:19:02.000000;6f1b6519-58a4-4c50-9991-c316587cdc34;417.96;11.15371816;UNKNOWN
2016-03-18T00:19:02.000000;2016-03-18T00:19:02.000000;808e3f1b-e749-4063-856a-bbd995407f23;418.01;3.0;UNKNOWN
2016-03-18T00:19:02.000000;2016-03-18T00:19:02.000000;49f5d742-3820-45a2-a191-14b93aa611e7;418.01;6.0;UNKNOWN
2016-03-18T00:19:02.000000;2016-03-18T00:19:02.000000;9c8a3659-e0b3-4857-a852-d29c081a8517;418.01;0.5;UNKNOWN
2016-03-18T00:19:47.000000;2016-03-18T00:19:47.000000;70442176-402a-4567-9575-fb3083bec7ad;417.96;7.18421771;UNKNOWN
2016-03-18T00:20:10.000000;2016-03-18T00:20:10.000000;563e713a-2d82-4079-992a-3031f8445dc5;417.96;1.486996;UNKNOWN
2016-03-18T00:20:15.000000;2016-03-18T00:20:15.000000;85118e40-0bb8-4a01-a2fe-05e788f93374;417.96;10.0;UNKNOWN
2016-03-18T00:21:19.000000;2016-03-18T00:21:19.000000;582cf44e-6579-4f55-9004-3a8b88df9bbc;417.96;0.027876;UNKNOWN
2016-03-18T00:21:35.000000;2016-03-18T00:21:35.000000;018090b2-0fb4-47de-894d-0cdce89d8a26;418.0;0.198876;UNKNOWN
2016-03-18T00:21:40.000000;2016-03-18T00:21:40.000000;8e1a5a5c-6771-404b-99a5-bae79cf35e6b;418.0;0.531218;UNKNOWN
2016-03-18T00:21:54.000000;2016-03-18T00:21:54.000000;c066f584-d9b8-4eb8-a20c-b058d614e87a;418.0;0.307869;UNKNOWN
2016-03-18T00:22:33.000000;2016-03-18T00:22:33.000000;28c4bf33-a0d8-40c5-96a4-e9912c18350e;418.0;0.9645;UNKNOWN
2016-03-18T00:22:59.000000;2016-03-18T00:22:59.000000;1ddad2dd-50bf-44a0-832a-ad94a3ad6238;418.0;0.95789569;UNKNOWN
2016-03-18T00:23:09.000000;2016-03-18T00:23:09.000000;2b4bb981-b590-4043-8b44-e9002705c826;418.0;0.01;UNKNOWN
2016-03-18T00:23:15.000000;2016-03-18T00:23:15.000000;5aff3893-0b8d-4cff-8f8b-b97aa542f347;418.0;0.15;UNKNOWN
2016-03-18T00:23:35.000000;2016-03-18T00:23:35.000000;1b527bb7-5d2b-4941-ad77-2f81c1e0398b;418.0;0.01107;UNKNOWN
2016-03-18T00:23:44.000000;2016-03-18T00:23:44.000000;65326783-6838-40e9-84c3-78b58f9f1667;418.12;0.10509547;UNKNOWN
2016-03-18T00:23:49.000000;2016-03-18T00:23:49.000000;a9a99c51-5b5a-400b-b44d-5402be2c5a3c;418.12;0.10509547;UNKNOWN
2016-03-18T00:23:56.000000;2016-03-18T00:23:56.000000;c0ef8a49-6efa-4af7-99f8-49a3e46afd10;418.12;0.10509547;UNKNOWN
2016-03-18T00:24:15.000000;2016-03-18T00:24:15.000000;206ffc56-992a-4df5-a49a-a8d5fd0fbf40;418.0;1.86857131;UNKNOWN
2016-03-18T00:24:15.000000;2016-03-18T00:24:15.000000;b8393528-a52b-4abb-a2ba-947b20bcef49;418.11;0.10559295;UNKNOWN
2016-03-18T00:24:15.000000;2016-03-18T00:24:15.000000;9d941796-4413-4881-b8f5-4e2b8d91a95c;418.0;5.9258;UNKNOWN
2016-03-18T00:25:04.000000;2016-03-18T00:25:04.000000;fe4c43bf-b26a-4cd3-b9d8-6ead8a357862;418.0;5.0;UNKNOWN
2016-03-18T00:25:41.000000;2016-03-18T00:25:41.000000;0e68589c-778a-4be7-8bf3-608c3918b1a7;417.96;35.23813281;UNKNOWN
2016-03-18T00:25:41.000000;2016-03-18T00:25:41.000000;db6dae0c-bc2b-4ac5-b32b-83264aa2533c;417.99;5.0;UNKNOWN
2016-03-18T00:26:35.000000;2016-03-18T00:26:35.000000;5c63c158-2f87-41d9-9366-bd745eb76071;417.9;4.78982258;UNKNOWN
2016-03-18T00:26:42.000000;2016-03-18T00:26:42.000000;3e01dd09-8822-4f52-86be-e3fd8ce74a74;417.9;0.21017742;UNKNOWN
2016-03-18T00:26:42.000000;2016-03-18T00:26:42.000000;39076b0a-2634-4452-b96d-0835605159c1;417.84;0.2857844;UNKNOWN
2016-03-18T00:29:10.000000;2016-03-18T00:29:10.000000;6356d1d8-a5f5-482c-ad29-7794e9da84df;417.94;0.24;UNKNOWN
2016-03-18T00:29:10.000000;2016-03-18T00:29:10.000000;c2f8f996-bd0b-44a4-a147-25ac80f71c68;417.91;1.03747197;UNKNOWN
2016-03-18T00:29:10.000000;2016-03-18T00:29:10.000000;f22d5686-4964-45d5-aa22-bfb41664e5d8;417.93;5.0;UNKNOWN
2016-03-18T00:29:10.000000;2016-03-18T00:29:10.000000;5bc9b8c3-2e5e-437a-a03d-c3602e0cd248;417.94;5.0;UNKNOWN
2016-03-18T00:29:11.000000;2016-03-18T00:29:11.000000;47d0f18b-79de-422e-a21b-514593bf68f2;418.09;0.5;UNKNOWN
2016-03-18T00:29:11.000000;2016-03-18T00:29:11.000000;a35e5d48-c43c-4a77-8a11-5b8ac019dd82;418.09;0.68471757;UNKNOWN
2016-03-18T00:29:59.000000;2016-03-18T00:29:59.000000;7b3d96e4-1ecc-4c27-8b47-90c7ce062b10;418.05;0.04851144;UNKNOWN
2016-03-18T00:33:06.000000;2016-03-18T00:33:06.000000;14236881-b4c5-495b-ac34-a6ed5a5ec4d5;417.91;0.07553512;UNKNOWN
2016-03-18T00:34:35.000000;2016-03-18T00:34:35.000000;29abebc5-acad-4768-89f0-8070ddaa88c6;417.91;0.71857647;UNKNOWN
2016-03-18T00:34:47.000000;2016-03-18T00:34:47.000000;91f5f694-9061-4008-aec4-694d09387d9d;417.91;0.273;UNKNOWN
2016-03-18T00:37:04.000000;2016-03-18T00:37:04.000000;1a0aa8f4-55ed-4a9b-96a5-fbb60b2ebddd;417.91;0.15097;UNKNOWN
2016-03-18T00:39:15.000000;2016-03-18T00:39:15.000000;ef6bb567-036d-42c8-8cd8-d6eaccb8d960;417.91;0.70860569;UNKNOWN
2016-03-18T00:39:17.000000;2016-03-18T00:39:17.000000;50dfd004-635e-4e5b-87f3-9670b3e0a1c4;417.91;0.47396734;UNKNOWN
2016-03-18T00:40:55.000000;2016-03-18T00:40:55.000000;4dafda50-02c8-4618-a747-4c23d8b345e2;417.56;5.9541;UNKNOWN
2016-03-18T00:40:55.000000;2016-03-18T00:40:55.000000;0e193a18-b188-4508-bf3e-3a1c3c221a65;417.6;0.01;UNKNOWN
2016-03-18T00:40:55.000000;2016-03-18T00:40:55.000000;7529740b-9e22-4693-a0d6-2bea878c9699;417.56;0.48352659;UNKNOWN
2016-03-18T00:40:55.000000;2016-03-18T00:40:55.000000;6702e530-09fa-48f3-bf15-814dcfcf9e73;417.7;0.02;UNKNOWN
2016-03-18T00:40:55.000000;2016-03-18T00:40:55.000000;7ee4743c-a610-4f28-bf34-89017a9c0279;417.8;0.01;UNKNOWN
2016-03-18T00:40:55.000000;2016-03-18T00:40:55.000000;2626a306-fa84-46c3-9ac9-2345c1771515;417.91;2.353;UNKNOWN
2016-03-18T00:40:55.000000;2016-03-18T00:40:55.000000;371add91-42fd-4715-87fb-5eaa3b5856a1;417.95;0.04441579;UNKNOWN
2016-03-18T00:40:55.000000;2016-03-18T00:40:55.000000;aeb59a19-70c5-48fd-b786-445a1cd9412d;417.91;1.56187341;UNKNOWN
2016-03-18T00:40:55.000000;2016-03-18T00:40:55.000000;ece69735-d398-4133-b2c5-4314d122a927;417.82;0.1075;UNKNOWN
2016-03-18T00:41:00.000000;2016-03-18T00:41:00.000000;3a36fbb6-8536-4321-9216-a3204d5a0ae7;417.94;0.02442943;UNKNOWN
2016-03-18T00:41:08.000000;2016-03-18T00:41:08.000000;6448f74a-8015-4d1e-bc43-e60a252b7972;417.9;0.01343717;UNKNOWN
2016-03-18T00:43:16.000000;2016-03-18T00:43:16.000000;06889be9-1e81-43c2-8a9c-39aabb390a32;417.79;0.1066831;UNKNOWN
2016-03-18T00:43:38.000000;2016-03-18T00:43:38.000000;a8156c51-ca80-4a05-8e40-90026e4dbcd5;417.89;0.0746;UNKNOWN
2016-03-18T00:44:08.000000;2016-03-18T00:44:08.000000;dffbaa3c-930b-41ce-b50e-a149c146c5eb;417.86;1.9;UNKNOWN
2016-03-18T00:44:08.000000;2016-03-18T00:44:08.000000;f2a59e81-183b-474a-a82e-2254a5de6338;417.85;0.5;UNKNOWN
2016-03-18T00:45:22.000000;2016-03-18T00:45:22.000000;17650c6c-32d8-4b89-8e0c-2d2a5dbafaea;417.79;0.05415952;UNKNOWN
2016-03-18T00:45:34.000000;2016-03-18T00:45:34.000000;12c8012f-625f-4713-8731-a5e94f712268;417.83;0.04553465;UNKNOWN
2016-03-18T00:47:17.000000;2016-03-18T00:47:17.000000;8359b1ef-05ae-4b51-b206-904fb463a9b2;417.83;0.12;UNKNOWN
2016-03-18T00:47:39.000000;2016-03-18T00:47:39.000000;d55fd839-c722-4c68-afe5-78ce4bc0988a;417.82;1.07817434;UNKNOWN
2016-03-18T00:47:40.000000;2016-03-18T00:47:40.000000;3f0e7eae-87bd-4967-83b7-a69e890aeba9;417.83;0.12;UNKNOWN
2016-03-18T00:48:03.000000;2016-03-18T00:48:03.000000;e96dced8-51ea-4092-9463-807829311869;417.82;2.33604442;UNKNOWN
2016-03-18T00:48:19.000000;2016-03-18T00:48:19.000000;c62fa121-b647-42ef-af99-da77c7d905a4;417.82;0.0790434;UNKNOWN
2016-03-18T00:54:47.000000;2016-03-18T00:54:47.000000;8ee58425-552d-4056-a596-d3e2e5caad71;417.82;0.076072;UNKNOWN
2016-03-18T00:55:15.000000;2016-03-18T00:55:15.000000;f7e2b9ae-b39a-42a1-a48d-140ad240629d;417.82;0.0474192;UNKNOWN
2016-03-18T00:56:21.000000;2016-03-18T00:56:21.000000;8fcf15da-2b1a-4f95-bc5b-a1ae01395404;417.84;0.102579;UNKNOWN
2016-03-18T00:57:21.000000;2016-03-18T00:57:21.000000;47bf27b5-0a48-4b90-b7fe-d983b24a54d3;417.82;0.45354493;UNKNOWN
2016-03-18T00:58:59.000000;2016-03-18T00:58:59.000000;7dd0a8dd-eceb-4aee-819a-52131157f7f6;417.82;0.34737012;UNKNOWN
2016-03-18T00:59:07.000000;2016-03-18T00:59:07.000000;4981f3a4-5d47-4371-a9c9-d511a0470521;417.82;0.58233159;UNKNOWN
2016-03-18T00:59:07.000000;2016-03-18T00:59:07.000000;56482b7c-a07a-4d27-a8b9-f3805a41c085;417.79;0.12442079;UNKNOWN
2016-03-18T00:59:51.000000;2016-03-18T00:59:51.000000;23ad1cf3-b4fa-4fb2-85cd-a88ad2d99cf6;417.79;0.011568;UNKNOWN
2016-03-18T01:00:05.000000;2016-03-18T01:00:05.000000;ddfbabf3-6a0c-4486-b561-2221db26766e;417.79;2.53556467;UNKNOWN
2016-03-18T01:00:16.000000;2016-03-18T01:00:16.000000;3684311d-2f1e-4d25-8ccd-5d1a2ffaae06;417.83;3.59479842;UNKNOWN
2016-03-18T01:01:04.000000;2016-03-18T01:01:04.000000;2a77b3be-a2cf-47f0-9104-1083d8f3eb22;417.9;0.015943;UNKNOWN
2016-03-18T01:01:12.000000;2016-03-18T01:01:12.000000;b5e0e163-21aa-4b39-a1e0-6abfdf95927c;417.9;3.33643387;UNKNOWN
2016-03-18T01:01:12.000000;2016-03-18T01:01:12.000000;edcd5601-678e-43dd-a205-f9ac8111e23a;417.9;1.297057;UNKNOWN
2016-03-18T01:01:48.000000;2016-03-18T01:01:48.000000;a86544b9-8de8-4883-b95e-e13cfc29167e;417.96;0.01409666;UNKNOWN
2016-03-18T01:02:13.000000;2016-03-18T01:02:13.000000;4ea6881d-b299-4343-b534-805671b15084;417.98;0.041788;UNKNOWN
2016-03-18T01:03:42.000000;2016-03-18T01:03:42.000000;a2d11a2d-6230-4d2c-a0fb-9db66ae002c7;418.09;2.0;UNKNOWN
2016-03-18T01:03:47.000000;2016-03-18T01:03:47.000000;3d39d3de-0a1a-4434-8578-34f344b05c5b;417.98;0.10537357;UNKNOWN
2016-03-18T01:04:06.000000;2016-03-18T01:04:06.000000;2735566b-af97-4e4c-830c-755303f69e14;418.06;0.04316544;UNKNOWN
2016-03-18T01:04:45.000000;2016-03-18T01:04:45.000000;6c62a394-f016-4621-b85e-a23d181f36a3;418.06;0.0109;UNKNOWN
2016-03-18T01:05:15.000000;2016-03-18T01:05:15.000000;ed377311-3ddb-4bff-b98b-806eabf36941;417.98;0.34725382;UNKNOWN
2016-03-18T01:06:51.000000;2016-03-18T01:06:51.000000;e0442753-5c7d-416e-8b38-f45097a76f06;417.98;0.04791541;UNKNOWN
2016-03-18T01:07:06.000000;2016-03-18T01:07:06.000000;7a02e1cf-a025-4370-ba8e-7caf6c7ab3b3;417.98;0.14;UNKNOWN
2016-03-18T01:10:23.000000;2016-03-18T01:10:23.000000;330d32b0-3c17-477b-a4bb-0f871fd7f7e8;418.09;1.16604478;UNKNOWN
2016-03-18T01:10:39.000000;2016-03-18T01:10:39.000000;426a4f14-968a-4113-86d8-7b0f4234312d;418.09;0.80724245;UNKNOWN
2016-03-18T01:10:56.000000;2016-03-18T01:10:56.000000;10dc477e-b5e1-4324-bfd4-1445ffa76477;418.09;0.80724245;UNKNOWN
2016-03-18T01:11:11.000000;2016-03-18T01:11:11.000000;0d5cba08-bdd6-43ce-a75c-80a643414ddc;418.09;0.80724245;UNKNOWN
2016-03-18T01:11:23.000000;2016-03-18T01:11:23.000000;e201b07f-1037-40b6-9509-0b83a231e231;418.09;0.80724245;UNKNOWN
2016-03-18T01:13:03.000000;2016-03-18T01:13:03.000000;80300db7-d6e2-44d1-a4f3-44891938b492;418.08;5.0;UNKNOWN
2016-03-18T01:13:08.000000;2016-03-18T01:13:08.000000;e8fd00ef-136c-4960-be2b-941bf2723e1b;418.08;0.186598;UNKNOWN
2016-03-18T01:13:11.000000;2016-03-18T01:13:11.000000;9e24169e-e159-428a-9b66-c593e727358c;418.08;0.172028;UNKNOWN
2016-03-18T01:13:14.000000;2016-03-18T01:13:14.000000;8ed2e207-0c78-41b6-8511-1a049e2ab37c;418.08;0.123021;UNKNOWN
2016-03-18T01:14:01.000000;2016-03-18T01:14:01.000000;75d783b7-4264-4447-a855-cbae24bacf06;418.09;0.13442378;UNKNOWN
2016-03-18T01:14:03.000000;2016-03-18T01:14:03.000000;6640512d-62c5-4889-adc9-8ff046826ad6;418.09;0.17354208;UNKNOWN
2016-03-18T01:14:08.000000;2016-03-18T01:14:08.000000;fbe941d1-d03c-4199-8d75-9ac233975437;418.09;0.10883676;UNKNOWN
2016-03-18T01:14:14.000000;2016-03-18T01:14:14.000000;9753f542-fe87-45f6-b885-88a9a1c0bfd4;418.09;0.02180524;UNKNOWN
2016-03-18T01:14:19.000000;2016-03-18T01:14:19.000000;7f23ff9a-dfda-4b8d-b337-84c1775005ef;418.08;0.08379983;UNKNOWN
2016-03-18T01:15:21.000000;2016-03-18T01:15:21.000000;9274b072-86ca-49bb-b109-8f57da82af8d;418.08;0.91982629;UNKNOWN
2016-03-18T01:15:42.000000;2016-03-18T01:15:42.000000;2532444e-b892-486f-96a3-6c2b1e97d19c;418.08;0.1087396;UNKNOWN
2016-03-18T01:15:42.000000;2016-03-18T01:15:42.000000;9b99be07-a806-4cab-9b7c-eb815832925b;418.08;5.0;UNKNOWN
2016-03-18T01:15:46.000000;2016-03-18T01:15:46.000000;973a23a5-0ba9-4ea6-b805-72b63d138de0;418.08;0.1087396;UNKNOWN
2016-03-18T01:15:52.000000;2016-03-18T01:15:52.000000;9c25cdeb-ac2a-41d8-9545-58bb0d708b2a;418.08;0.1087396;UNKNOWN
2016-03-18T01:15:54.000000;2016-03-18T01:15:54.000000;22d941a2-ad8f-4cbb-86da-e08980d1c49e;418.08;5.0;UNKNOWN
2016-03-18T01:15:57.000000;2016-03-18T01:15:57.000000;01f63aaa-7306-4e4c-af0b-706c3dc87705;418.08;0.10889433;UNKNOWN
2016-03-18T01:16:04.000000;2016-03-18T01:16:04.000000;dbfc638a-3d0f-4108-adaa-0de82508efd3;418.08;0.10889433;UNKNOWN
2016-03-18T01:16:07.000000;2016-03-18T01:16:07.000000;f1b0bb6a-68c8-4f76-acc4-fda089089708;418.08;0.1087396;UNKNOWN
2016-03-18T01:16:12.000000;2016-03-18T01:16:12.000000;7f240d2a-8651-4289-8975-6a27fb0aef75;418.08;0.10967755;UNKNOWN
2016-03-18T01:17:23.000000;2016-03-18T01:17:23.000000;325f66ac-78cf-4380-bca1-42b4bb96213c;418.07;0.04476372;UNKNOWN
2016-03-18T01:17:23.000000;2016-03-18T01:17:23.000000;fc8f4261-6c9a-446e-895f-96a1a16b64c6;418.02;0.00312304;UNKNOWN
2016-03-18T01:17:24.000000;2016-03-18T01:17:24.000000;c61b6ae9-8933-446f-a1d1-b63e40ea7045;418.02;0.10535089;UNKNOWN
2016-03-18T01:18:12.000000;2016-03-18T01:18:12.000000;dc9c4622-1770-4a5c-8daf-0d489177fdab;418.02;0.059798;UNKNOWN
2016-03-18T01:19:36.000000;2016-03-18T01:19:36.000000;a9dc398f-be5b-4a98-932f-eeed59463f2a;418.03;1.0;UNKNOWN
2016-03-18T01:19:49.000000;2016-03-18T01:19:49.000000;4b85bfe3-687c-4d0e-88ae-f78ec7eaf00c;418.02;0.056966;UNKNOWN
2016-03-18T01:19:54.000000;2016-03-18T01:19:54.000000;ed934407-0264-4c6f-b282-1bbdef8abe63;418.02;0.025366;UNKNOWN
2016-03-18T01:20:31.000000;2016-03-18T01:20:31.000000;792afd43-f075-4130-ac8b-aac605f98ef6;418.02;0.117075;UNKNOWN
2016-03-18T01:21:04.000000;2016-03-18T01:21:04.000000;ff0ac180-5cd5-43d6-ad43-4d34767cf1fc;418.02;0.35176474;UNKNOWN
2016-03-18T01:23:06.000000;2016-03-18T01:23:06.000000;fa102250-a0b5-4b77-b51f-5285632e98e8;418.04;0.15434131;UNKNOWN
2016-03-18T01:23:12.000000;2016-03-18T01:23:12.000000;c3868c61-57bc-4fb8-8952-2f04c1e4e902;418.04;2.3917723;UNKNOWN
2016-03-18T01:23:36.000000;2016-03-18T01:23:36.000000;74ffd026-9f23-4d66-95c4-82ea37e91b15;418.08;0.11522781;UNKNOWN
2016-03-18T01:23:40.000000;2016-03-18T01:23:40.000000;a04b9ff3-97de-433e-ba88-382a6c0d6ec4;418.08;0.0998;UNKNOWN
2016-03-18T01:23:45.000000;2016-03-18T01:23:45.000000;34fc5fc4-c798-45a6-8a77-921f801b1af1;418.08;0.05928076;UNKNOWN
2016-03-18T01:23:50.000000;2016-03-18T01:23:50.000000;8617ddc2-8eb3-46ee-a57c-2574ec186ac2;418.08;0.11000305;UNKNOWN
2016-03-18T01:23:54.000000;2016-03-18T01:23:54.000000;7ef19dbd-92c9-4f61-86d4-bc509f46adff;418.08;0.11522781;UNKNOWN
2016-03-18T01:23:59.000000;2016-03-18T01:23:59.000000;4b4ba5f0-0ba3-467f-8049-a24fd67ad10b;418.08;0.04912362;UNKNOWN
2016-03-18T01:24:14.000000;2016-03-18T01:24:14.000000;fe9a993b-873a-4b47-b1af-2f0e5f6ee266;418.08;0.11521972;UNKNOWN
2016-03-18T01:24:16.000000;2016-03-18T01:24:16.000000;248b7a14-9575-4bd1-9f56-64ef1b227250;418.08;5.0;UNKNOWN
2016-03-18T01:24:19.000000;2016-03-18T01:24:19.000000;ae46871b-1e63-4ce6-8213-aa9a6f3dc0d5;418.08;0.11345964;UNKNOWN
2016-03-18T01:24:24.000000;2016-03-18T01:24:24.000000;58d06672-9835-4944-b4d9-22bace539f3b;418.08;0.11345964;UNKNOWN
2016-03-18T01:24:29.000000;2016-03-18T01:24:29.000000;043babb9-c5af-4682-9baf-036454ec5fb4;418.08;0.11345964;UNKNOWN
2016-03-18T01:24:35.000000;2016-03-18T01:24:35.000000;1927e4f2-99ce-4c4c-a826-4208312c5a78;418.08;0.11345964;UNKNOWN
2016-03-18T01:24:42.000000;2016-03-18T01:24:42.000000;c42880bc-667c-4e5e-a534-47e8b970056c;418.08;0.11197037;UNKNOWN
2016-03-18T01:24:47.000000;2016-03-18T01:24:47.000000;9fbd8a9d-c639-4734-bd81-0e46dc9ca6f5;418.08;0.11147675;UNKNOWN
2016-03-18T01:24:52.000000;2016-03-18T01:24:52.000000;d3e00f96-7e2f-47d0-b5f2-65d5c48a4b9d;418.08;0.11146861;UNKNOWN
2016-03-18T01:24:56.000000;2016-03-18T01:24:56.000000;1391cf92-b6e3-42c1-a9ca-848fa4e1ce96;418.08;0.11147675;UNKNOWN
2016-03-18T01:25:02.000000;2016-03-18T01:25:02.000000;a284fd2d-132c-4361-b976-87ea6edda87c;418.08;0.11147675;UNKNOWN
2016-03-18T01:25:08.000000;2016-03-18T01:25:08.000000;72330398-da96-495c-af39-42a537612c5d;418.08;0.11147675;UNKNOWN
2016-03-18T01:25:12.000000;2016-03-18T01:25:12.000000;ae444964-35b4-4a27-8520-58e3855947b6;418.08;0.11475161;UNKNOWN
2016-03-18T01:25:17.000000;2016-03-18T01:25:17.000000;8663db23-92c4-45c8-8caa-a0666159b90f;418.08;0.21010105;UNKNOWN
2016-03-18T01:25:22.000000;2016-03-18T01:25:22.000000;9058fcd6-c574-4079-ae2d-72ffd2ff7aad;418.08;0.21010935;UNKNOWN
2016-03-18T01:25:28.000000;2016-03-18T01:25:28.000000;902159f8-3ab1-468c-92c2-68e294ece8ff;418.08;0.21010105;UNKNOWN
2016-03-18T01:25:28.000000;2016-03-18T01:25:28.000000;a05bd00a-f7a8-4af7-8ab3-cf27641b0999;418.08;0.72368209;UNKNOWN
2016-03-18T01:25:33.000000;2016-03-18T01:25:33.000000;e564a804-84ac-4e9f-96ee-9621b44d52bc;418.08;0.13715765;UNKNOWN
2016-03-18T01:25:39.000000;2016-03-18T01:25:39.000000;825eb700-4310-4b69-be11-d0c44062354a;418.08;0.13715765;UNKNOWN
2016-03-18T01:25:44.000000;2016-03-18T01:25:44.000000;54d4c9ac-1b9a-4e72-ad31-5b7d3b2c67e2;418.08;0.10627129;UNKNOWN
2016-03-18T01:25:49.000000;2016-03-18T01:25:49.000000;76a8857e-7870-4657-bb58-0ec0117c0893;418.08;0.10638623;UNKNOWN
2016-03-18T01:25:55.000000;2016-03-18T01:25:55.000000;c99d7588-a25f-49bd-8850-f5df9abbbf89;418.08;0.10638623;UNKNOWN
2016-03-18T01:26:14.000000;2016-03-18T01:26:14.000000;5382e37e-6036-49bf-992d-a758d839d125;418.08;0.07337995;UNKNOWN
2016-03-18T01:26:46.000000;2016-03-18T01:26:46.000000;5308a8e0-373c-4b36-82b2-dd3fa63ff65b;418.08;23.5473;UNKNOWN
2016-03-18T01:26:49.000000;2016-03-18T01:26:49.000000;f2a1bc6c-6104-47b0-8c12-b863ca618eba;418.08;0.23;UNKNOWN
2016-03-18T01:26:53.000000;2016-03-18T01:26:53.000000;893400c1-ab99-4898-b364-f319d6142893;418.08;1.0;UNKNOWN
2016-03-18T01:27:08.000000;2016-03-18T01:27:08.000000;08ec3eff-7434-43e4-a8ee-5a98fd4e22f4;418.08;0.3582;UNKNOWN
2016-03-18T01:28:27.000000;2016-03-18T01:28:27.000000;e9db18a4-7c78-423f-bd89-cc089e90c26c;418.08;0.03567284;UNKNOWN
2016-03-18T01:29:08.000000;2016-03-18T01:29:08.000000;666df985-33d2-418a-8411-4c2fbaa9f143;418.07;0.02394624;UNKNOWN
2016-03-18T01:29:15.000000;2016-03-18T01:29:15.000000;57f61616-0b1e-4606-9f90-a4ce2f92873d;418.07;0.06399317;UNKNOWN
2016-03-18T01:29:46.000000;2016-03-18T01:29:46.000000;865975ae-2d22-4b71-851e-1ce1c9d94a3a;418.08;0.10468726;UNKNOWN
2016-03-18T01:29:50.000000;2016-03-18T01:29:50.000000;2de38f12-52bc-48dc-9027-b7aec53c52aa;418.08;0.03304994;UNKNOWN
2016-03-18T01:30:03.000000;2016-03-18T01:30:03.000000;944d9845-33ca-4c3c-8f03-a08229df010f;418.08;59.7076;UNKNOWN
2016-03-18T01:30:03.000000;2016-03-18T01:30:03.000000;6965ff62-fe7e-4783-b90f-b9c3781879b0;418.08;0.01900479;UNKNOWN
2016-03-18T01:30:08.000000;2016-03-18T01:30:08.000000;c21c956b-d166-400c-8e6d-2d24111a8bc8;418.08;0.06681156;UNKNOWN
2016-03-18T01:30:09.000000;2016-03-18T01:30:09.000000;34678f12-ec0c-46e3-a464-0a4092523fb8;418.08;0.21612023;UNKNOWN
2016-03-18T01:30:11.000000;2016-03-18T01:30:11.000000;be218f75-99dc-4d7f-84f1-50819f93b2e2;418.08;0.84291183;UNKNOWN
2016-03-18T01:30:13.000000;2016-03-18T01:30:13.000000;a7dc5a45-b63e-41cb-9068-369f26f3d142;418.08;0.77;UNKNOWN
2016-03-18T01:30:15.000000;2016-03-18T01:30:15.000000;96d5520e-b9a3-4b9e-8563-0b598a3ce2c6;418.08;0.21612023;UNKNOWN
2016-03-18T01:30:26.000000;2016-03-18T01:30:26.000000;6ee5d262-373d-4a35-a00b-2343926e2a08;418.08;0.11;UNKNOWN
2016-03-18T01:30:51.000000;2016-03-18T01:30:51.000000;1fb62204-f7a7-4344-b232-8fd96c7c07d1;418.08;0.06090981;UNKNOWN
2016-03-18T01:30:52.000000;2016-03-18T01:30:52.000000;6ae7771b-3d23-4901-b819-9228cf820f6f;418.08;0.04460812;UNKNOWN
2016-03-18T01:31:14.000000;2016-03-18T01:31:14.000000;df0ff9d2-deb2-41a6-9340-2233011d718d;418.08;8.0;UNKNOWN
2016-03-18T01:31:23.000000;2016-03-18T01:31:23.000000;0e582b89-8710-4823-8e6b-768ba142e963;418.08;8.7053;UNKNOWN
2016-03-18T01:32:01.000000;2016-03-18T01:32:01.000000;d599cf4d-cb8e-4194-9b40-0c4f64618edb;418.08;0.01;UNKNOWN
2016-03-18T01:32:18.000000;2016-03-18T01:32:18.000000;40fe5343-6e3e-4690-a8e7-48bad72a600e;418.08;0.07100788;UNKNOWN
2016-03-18T01:32:22.000000;2016-03-18T01:32:22.000000;4437797a-fa83-44b7-9054-6c45e986e7b9;418.08;0.10009016;UNKNOWN
2016-03-18T01:32:43.000000;2016-03-18T01:32:43.000000;28b10b1a-a979-4548-b3cf-f5258bd4e422;418.07;0.02394452;UNKNOWN
2016-03-18T01:33:01.000000;2016-03-18T01:33:01.000000;b36f92da-b5ad-4809-9e18-e67f7add5aff;418.08;0.06263196;UNKNOWN
2016-03-18T01:33:04.000000;2016-03-18T01:33:04.000000;638fd64b-852e-442a-914f-6a02bce59b35;418.08;0.92746214;UNKNOWN
2016-03-18T01:33:05.000000;2016-03-18T01:33:05.000000;76013b3e-4171-4f25-a86e-2df89510e7f4;418.08;0.1601079;UNKNOWN
2016-03-18T01:33:10.000000;2016-03-18T01:33:10.000000;40dbf847-976e-4e1a-b44a-d6dac5fa9ff5;418.08;0.15949372;UNKNOWN
2016-03-18T01:33:15.000000;2016-03-18T01:33:15.000000;257d25bf-7ace-4e7c-8b19-503c88371bb0;418.08;0.15949372;UNKNOWN
2016-03-18T01:33:20.000000;2016-03-18T01:33:20.000000;534c617a-ee53-498d-b4ee-eed022dafbac;418.08;0.15949372;UNKNOWN
2016-03-18T01:33:23.000000;2016-03-18T01:33:23.000000;4e328f77-0236-4d07-ab30-1d83a093d233;418.07;0.11971692;UNKNOWN
2016-03-18T01:33:24.000000;2016-03-18T01:33:24.000000;a7316333-f5cb-4902-a938-9e2aee490bb4;418.08;0.15949372;UNKNOWN
2016-03-18T01:33:29.000000;2016-03-18T01:33:29.000000;f2afa8a7-71ab-4c8c-a2ad-243f40355106;418.08;0.159502;UNKNOWN
2016-03-18T01:33:33.000000;2016-03-18T01:33:33.000000;1b0e5532-7300-46a7-a8cc-a5d22583c804;418.08;0.1915384;UNKNOWN
2016-03-18T01:33:37.000000;2016-03-18T01:33:37.000000;7eb40222-9fd2-4b70-aa60-f17f7875f057;418.08;0.19055188;UNKNOWN
2016-03-18T01:33:42.000000;2016-03-18T01:33:42.000000;5913769d-4da6-44a9-9182-fb27953a2616;418.08;0.15949372;UNKNOWN
2016-03-18T01:33:49.000000;2016-03-18T01:33:49.000000;0e4522a3-939c-4b49-9deb-1fcf77542ac6;418.08;0.11216139;UNKNOWN
2016-03-18T01:33:53.000000;2016-03-18T01:33:53.000000;bafd8d40-44cd-44f8-953a-9be04e201847;418.08;0.13007103;UNKNOWN
2016-03-18T01:33:58.000000;2016-03-18T01:33:58.000000;29a4b721-2ab9-4460-8beb-5a6cd6676a20;418.08;0.1303774;UNKNOWN
2016-03-18T01:34:07.000000;2016-03-18T01:34:07.000000;e9bf9e93-2c1c-48c8-8c79-15f79f73b862;418.08;0.13039408;UNKNOWN
2016-03-18T01:34:12.000000;2016-03-18T01:34:12.000000;bbbaf20b-be81-44e8-a0b0-407ea2793120;418.08;0.1304191;UNKNOWN
2016-03-18T01:34:17.000000;2016-03-18T01:34:17.000000;166b7182-d71a-4eac-9bb7-e0e737076751;418.08;0.13102791;UNKNOWN
2016-03-18T01:34:23.000000;2016-03-18T01:34:23.000000;580512bd-965a-4d68-90eb-8f038fba9f40;418.08;0.13042744;UNKNOWN
2016-03-18T01:34:27.000000;2016-03-18T01:34:27.000000;6104526f-fc55-42bb-abca-fe4333c23a5c;418.12;18.23833824;UNKNOWN
2016-03-18T01:34:27.000000;2016-03-18T01:34:27.000000;a96846d5-f7be-4714-8a96-57e719574270;418.08;121.76166176;UNKNOWN
2016-03-18T01:34:30.000000;2016-03-18T01:34:30.000000;b2d5229e-b1c2-4671-bc7e-fd5eb8e52841;418.12;0.03335088;UNKNOWN
2016-03-18T01:34:35.000000;2016-03-18T01:34:35.000000;55690d57-f26d-4e08-9b59-51fd8868e6e5;418.12;0.13104459;UNKNOWN
2016-03-18T01:34:39.000000;2016-03-18T01:34:39.000000;1f4276a9-9d56-480b-99ef-9dcaaa150b0f;418.12;0.13102791;UNKNOWN
2016-03-18T01:34:41.000000;2016-03-18T01:34:41.000000;a15d1cd4-58e7-42de-8fcb-6b4f7dc0f667;418.11;0.57858376;UNKNOWN
2016-03-18T01:34:43.000000;2016-03-18T01:34:43.000000;e1692ce5-0493-4161-b1df-71693abd342c;418.12;0.06035165;UNKNOWN
2016-03-18T01:34:48.000000;2016-03-18T01:34:48.000000;6de2728c-da5e-47dc-8a0b-e5087f85b0e9;418.12;0.13105293;UNKNOWN
2016-03-18T01:34:48.000000;2016-03-18T01:34:48.000000;7ccdac61-ad67-4f41-9816-d66f8e058e18;418.12;0.51839915;UNKNOWN
2016-03-18T01:34:59.000000;2016-03-18T01:34:59.000000;d0b328ba-b6e1-44fe-8f18-769a768db735;418.1;0.021156;UNKNOWN
2016-03-18T01:35:08.000000;2016-03-18T01:35:08.000000;32c160b8-dbae-4317-ba53-961e58994be2;418.12;1.9106;UNKNOWN
2016-03-18T01:35:15.000000;2016-03-18T01:35:15.000000;73f3e6d4-ae0a-4b89-ad86-c6c47416ac2c;418.07;0.202;UNKNOWN
2016-03-18T01:36:01.000000;2016-03-18T01:36:01.000000;bda0a08b-bb08-4d7c-8ea0-1a0d1305f523;418.03;5.0;UNKNOWN
2016-03-18T01:36:01.000000;2016-03-18T01:36:01.000000;53a21011-ab54-4827-9c27-b017d5fb161b;418.01;1.0;UNKNOWN
2016-03-18T01:36:01.000000;2016-03-18T01:36:01.000000;53a6bf72-58cc-4e40-a3b0-49687c90b223;417.99;2.0;UNKNOWN
2016-03-18T01:36:01.000000;2016-03-18T01:36:01.000000;0cc68234-6e67-41d3-a66b-1ba67be0f15c;418.07;0.31639915;UNKNOWN
2016-03-18T01:36:01.000000;2016-03-18T01:36:01.000000;01cc61fa-86d0-443c-80ab-2930b538a823;417.97;2.18244639;UNKNOWN
2016-03-18T01:36:01.000000;2016-03-18T01:36:01.000000;a565899d-74c2-447a-9536-bd4def032af9;418.02;4.28055633;UNKNOWN
2016-03-18T01:36:36.000000;2016-03-18T01:36:36.000000;9dd89147-391d-4345-91b1-8413af750aa7;418.05;4.337932;UNKNOWN
2016-03-18T01:36:36.000000;2016-03-18T01:36:36.000000;69d2c988-980f-441a-9e13-86dc6aab5f79;417.9;0.043068;UNKNOWN
2016-03-18T01:36:36.000000;2016-03-18T01:36:36.000000;8e8a3e74-e871-4397-a3b4-8d1ae4ee0669;417.98;0.5;UNKNOWN
2016-03-18T01:36:36.000000;2016-03-18T01:36:36.000000;27a54835-d67b-46cf-8155-7ec6ac7fb442;417.98;3.0;UNKNOWN
2016-03-18T01:37:39.000000;2016-03-18T01:37:39.000000;88315fd0-6804-4377-8cb1-a78554f1ddfb;417.92;4.63306153;UNKNOWN
2016-03-18T01:37:39.000000;2016-03-18T01:37:39.000000;eb9aa000-3ffd-4f35-9231-aaad96e8b748;417.92;1.65931081;UNKNOWN
2016-03-18T01:37:39.000000;2016-03-18T01:37:39.000000;63565607-27af-4d69-8292-a3bc46227754;417.9;4.63402766;UNKNOWN
2016-03-18T01:38:19.000000;2016-03-18T01:38:19.000000;5e0c39b6-f16e-4882-ab48-15b9e5bfd45e;417.85;0.18961839;UNKNOWN
2016-03-18T01:39:49.000000;2016-03-18T01:39:49.000000;7ec3a180-9c63-4a35-a038-e7fdcceb5cef;418.41;4.62877245;UNKNOWN
2016-03-18T01:39:49.000000;2016-03-18T01:39:49.000000;18cd0d0c-dd7e-4416-837d-8d2560481eee;418.43;1.89914879;UNKNOWN
2016-03-18T01:39:49.000000;2016-03-18T01:39:49.000000;3e2f56fb-09fa-44cc-8c5c-c21ba5b8db6d;418.12;2.39304137;UNKNOWN
2016-03-18T01:39:49.000000;2016-03-18T01:39:49.000000;638b9567-2795-435b-b42f-f9f1d534977e;418.27;3.0;UNKNOWN
2016-03-18T01:39:49.000000;2016-03-18T01:39:49.000000;191933f6-b60f-4071-8ff8-e62eaf218677;418.2;0.1;UNKNOWN
2016-03-18T01:39:49.000000;2016-03-18T01:39:49.000000;bad2211b-11ff-44a0-8ca5-06083fec3d51;418.28;0.092247;UNKNOWN
2016-03-18T01:39:49.000000;2016-03-18T01:39:49.000000;ea10c615-10e2-408a-ba79-57c19cbf7f99;418.36;4.62979039;UNKNOWN
2016-03-18T01:39:49.000000;2016-03-18T01:39:49.000000;cec0a61e-b582-4065-baf2-0726ad0a94d6;418.36;5.9437;UNKNOWN
2016-03-18T01:40:02.000000;2016-03-18T01:40:02.000000;d9599b34-caa0-4707-b9a6-f48165d8c73e;418.38;0.013168;UNKNOWN
2016-03-18T01:40:08.000000;2016-03-18T01:40:08.000000;d112aaeb-b2aa-423a-911d-fee983cf35a9;418.38;0.111323;UNKNOWN
2016-03-18T01:41:43.000000;2016-03-18T01:41:43.000000;781ec1b9-aec7-4fca-ad6f-aec56c5e55e6;418.38;0.59191453;UNKNOWN
2016-03-18T01:45:15.000000;2016-03-18T01:45:15.000000;65c4f454-9252-4501-8d8b-2efa4a717dbb;418.39;0.2392;UNKNOWN
2016-03-18T01:46:20.000000;2016-03-18T01:46:20.000000;0e321cd0-a0ac-4c98-8966-a1b4a93b0fa9;418.39;0.47400104;UNKNOWN
2016-03-18T01:46:59.000000;2016-03-18T01:46:59.000000;60c9184b-4183-468e-aa7d-81c93ee4aaa7;418.59;4.62732668;UNKNOWN
2016-03-18T01:46:59.000000;2016-03-18T01:46:59.000000;09683e66-c33a-4aec-acd2-107f9b951677;418.62;4.62625632;UNKNOWN
2016-03-18T01:46:59.000000;2016-03-18T01:46:59.000000;23b42c9a-2c32-428f-86c7-2c576046fb95;418.75;4.62759434;UNKNOWN
2016-03-18T01:46:59.000000;2016-03-18T01:46:59.000000;211c62dc-8317-4490-9d94-cd43a524fa97;418.54;0.5;UNKNOWN
2016-03-18T01:46:59.000000;2016-03-18T01:46:59.000000;9b425107-9a87-459f-afa5-2d397b149dbc;418.56;4.62738021;UNKNOWN
2016-03-18T01:46:59.000000;2016-03-18T01:46:59.000000;d85e48b5-1e3f-466d-888c-430594ae5776;418.55;3.0;UNKNOWN
2016-03-18T01:46:59.000000;2016-03-18T01:46:59.000000;30bbdba5-cae5-4703-b44c-ff75acb8d0fa;418.73;4.62759434;UNKNOWN
2016-03-18T01:46:59.000000;2016-03-18T01:46:59.000000;18b59488-f9e7-4a0c-8300-f162ac2f2400;418.69;0.064565;UNKNOWN
2016-03-18T01:46:59.000000;2016-03-18T01:46:59.000000;4c1e38d8-08a1-48c6-8597-51ad5606a0bc;418.65;4.62732668;UNKNOWN
2016-03-18T01:46:59.000000;2016-03-18T01:46:59.000000;47805ece-27e5-4e14-bf7a-71b7581d90db;418.69;4.62738021;UNKNOWN
2016-03-18T01:46:59.000000;2016-03-18T01:46:59.000000;69813469-86f4-417a-88ec-68764a17eef9;418.7;4.62759434;UNKNOWN
2016-03-18T01:46:59.000000;2016-03-18T01:46:59.000000;89dd5181-0173-4e7a-841e-43d8b70ec8f1;418.42;0.028;UNKNOWN
2016-03-18T01:46:59.000000;2016-03-18T01:46:59.000000;900be119-dffc-4d74-a360-3b932f582001;418.67;4.62732668;UNKNOWN
2016-03-18T01:47:40.000000;2016-03-18T01:47:40.000000;e96bf022-20c4-4cfd-a186-710ad407270d;418.84;0.04785014;UNKNOWN
2016-03-18T01:48:04.000000;2016-03-18T01:48:04.000000;cce2dbd6-3b95-46a0-a8fb-e08ab163a9cf;418.84;5.0;UNKNOWN
2016-03-18T01:48:19.000000;2016-03-18T01:48:19.000000;f67db3a5-7100-4e40-97e1-f6bf2e51c284;418.84;4.76844547;UNKNOWN
2016-03-18T01:48:35.000000;2016-03-18T01:48:35.000000;1a70b55d-1d91-4046-a98e-a04b2bf92b27;418.86;0.2207;UNKNOWN
2016-03-18T01:48:58.000000;2016-03-18T01:48:58.000000;58fb9c25-8a54-4304-87f8-bc6b6ede9538;418.83;5.9638;UNKNOWN
2016-03-18T01:48:58.000000;2016-03-18T01:48:58.000000;076b1688-825f-4884-99db-404cc4e4eef6;418.65;5.63174041;UNKNOWN
2016-03-18T01:48:58.000000;2016-03-18T01:48:58.000000;223fb4c0-3483-4d30-be09-bca618ced775;418.84;0.3;UNKNOWN
2016-03-18T01:48:58.000000;2016-03-18T01:48:58.000000;159bc0b2-8d77-4615-af71-90c949c3d9c0;418.84;4.60435959;UNKNOWN
2016-03-18T01:49:51.000000;2016-03-18T01:49:51.000000;e3df0947-af2b-4c97-909a-107d835da234;418.54;2.5;UNKNOWN
2016-03-18T01:51:02.000000;2016-03-18T01:51:02.000000;0748b71f-9f0b-412e-8d24-b2961fc5157e;418.8;3.93;UNKNOWN
2016-03-18T01:51:06.000000;2016-03-18T01:51:06.000000;3fed1eab-d23d-45e3-90b6-4e144ce14fec;418.52;1.14620975;UNKNOWN
2016-03-18T01:52:16.000000;2016-03-18T01:52:16.000000;085eb1d4-2a88-4f0b-8081-40a354a5604b;418.54;0.07184383;UNKNOWN
2016-03-18T01:54:20.000000;2016-03-18T01:54:20.000000;ab9840af-b529-4d4a-8eec-10f7fb6034a9;418.58;0.92570473;UNKNOWN
2016-03-18T01:54:35.000000;2016-03-18T01:54:35.000000;3bb890e9-c8b7-4495-b848-7c3f00dd255f;418.29;0.19849;UNKNOWN
2016-03-18T01:54:35.000000;2016-03-18T01:54:35.000000;395df9a9-432b-46b3-adc3-831f71ac70cd;418.4;0.0411;UNKNOWN
2016-03-18T01:55:23.000000;2016-03-18T01:55:23.000000;6d159e4c-570a-4a7a-9938-af195ecab536;418.3;0.052821;UNKNOWN
2016-03-18T01:56:29.000000;2016-03-18T01:56:29.000000;f82717f7-70fa-4451-9d6d-8284fa5dd52e;418.25;0.03542397;UNKNOWN
2016-03-18T01:56:46.000000;2016-03-18T01:56:46.000000;12ef75d0-f7b7-4bf4-bb42-e899e542c0e4;418.35;0.063793;UNKNOWN
2016-03-18T01:56:48.000000;2016-03-18T01:56:48.000000;95ee02b5-fff9-4976-a884-c70f374dd453;418.36;0.043278;UNKNOWN
2016-03-18T01:57:05.000000;2016-03-18T01:57:05.000000;ceeeb9e2-a92b-4733-83af-07102f9dae7f;418.39;0.5;UNKNOWN
2016-03-18T01:57:05.000000;2016-03-18T01:57:05.000000;b4e53eeb-208f-4c0b-bf3f-17c30bf487b8;418.39;0.05845594;UNKNOWN
2016-03-18T01:57:23.000000;2016-03-18T01:57:23.000000;8c0edf2c-67b7-4f7e-b965-1cf0a5c59886;418.48;0.06461622;UNKNOWN
2016-03-18T02:01:05.000000;2016-03-18T02:01:05.000000;8a23c14e-3b72-4299-9da6-6027614d6857;418.46;0.04272;UNKNOWN
2016-03-18T02:01:15.000000;2016-03-18T02:01:15.000000;dd173e95-8916-47eb-b626-b8a60861a13e;418.46;0.23664718;UNKNOWN
2016-03-18T02:03:05.000000;2016-03-18T02:03:05.000000;f67a1122-0dc3-4563-9e58-ada552dd036c;418.47;1.12271444;UNKNOWN
2016-03-18T02:03:05.000000;2016-03-18T02:03:05.000000;dd11d7b0-695d-4c0c-bb45-5bfde6ea4be8;418.47;0.064646;UNKNOWN
2016-03-18T02:06:28.000000;2016-03-18T02:06:28.000000;c6fc8924-3dd4-424a-ad3f-315fe3c7a5cf;418.26;0.02392107;UNKNOWN
2016-03-18T02:07:30.000000;2016-03-18T02:07:30.000000;376644dd-de60-4bc1-9df9-9fff3dfffa95;418.28;1.49;UNKNOWN
2016-03-18T02:07:47.000000;2016-03-18T02:07:47.000000;da02e9d3-3c3b-4039-b055-679967f0a035;418.17;0.14359505;UNKNOWN
2016-03-18T02:09:15.000000;2016-03-18T02:09:15.000000;7acf7652-d6c5-405f-a624-e83eab1a7cb1;417.98;0.23901;UNKNOWN
2016-03-18T02:11:05.000000;2016-03-18T02:11:05.000000;d8b2d303-1928-433a-a50c-4ddf6653de7c;418.0;0.5;UNKNOWN
2016-03-18T02:11:05.000000;2016-03-18T02:11:05.000000;c2acb8bf-46dd-4627-9661-4ed7f163a6ca;418.01;2.69283378;UNKNOWN
2016-03-18T02:11:15.000000;2016-03-18T02:11:15.000000;5488b94d-556d-4214-b410-7c3273ec1dab;417.85;0.18522673;UNKNOWN
2016-03-18T02:11:15.000000;2016-03-18T02:11:15.000000;ae88025a-b9e0-4f49-9248-33837bcfb3c6;417.9;0.3;UNKNOWN
2016-03-18T02:11:18.000000;2016-03-18T02:11:18.000000;5a699c2f-07af-4c53-84c5-64792ceb3d1e;417.86;0.2527;UNKNOWN
2016-03-18T02:12:23.000000;2016-03-18T02:12:23.000000;3edd418d-d213-4f2f-9578-d377cb8f79af;417.86;10.37;UNKNOWN
2016-03-18T02:12:23.000000;2016-03-18T02:12:23.000000;c7a316cd-7668-42a3-8b8b-29fcb41cc5eb;417.87;4.63;UNKNOWN
2016-03-18T02:14:07.000000;2016-03-18T02:14:07.000000;d4b118f6-5fba-4249-8ff5-1e044da8ad53;417.85;9.81477327;UNKNOWN
2016-03-18T02:14:07.000000;2016-03-18T02:14:07.000000;360541f2-c5b0-4893-b191-5846f9a8a40d;417.71;7.9889;UNKNOWN
2016-03-18T02:14:07.000000;2016-03-18T02:14:07.000000;07be7878-315a-4a04-8a1f-03c0cdf98eaf;417.77;0.3553;UNKNOWN
2016-03-18T02:14:07.000000;2016-03-18T02:14:07.000000;9a3f96d8-3a66-45f8-8c4e-0328b2588ac9;417.7;8.41686764;UNKNOWN
2016-03-18T02:14:07.000000;2016-03-18T02:14:07.000000;b2cc5505-acf0-4fb7-a982-985d50b202c9;417.85;0.3;UNKNOWN
2016-03-18T02:14:07.000000;2016-03-18T02:14:07.000000;a77e1662-bdd8-4bcf-9092-96cb5f51a599;417.77;6.12415909;UNKNOWN
2016-03-18T02:14:57.000000;2016-03-18T02:14:57.000000;2653a22c-7b39-42ae-958c-34646a16a7a3;417.51;23.55306764;UNKNOWN
2016-03-18T02:14:57.000000;2016-03-18T02:14:57.000000;a029aacf-2690-4615-966b-abdda881aae8;417.53;5.9517;UNKNOWN
2016-03-18T02:14:57.000000;2016-03-18T02:14:57.000000;200f4f45-aaf3-40b0-9ef7-42a201165cb6;417.65;1.9121;UNKNOWN
2016-03-18T02:14:57.000000;2016-03-18T02:14:57.000000;7b968fdc-da67-4b58-a312-26efa7cba19e;417.7;1.58313236;UNKNOWN
2016-03-18T02:15:00.000000;2016-03-18T02:15:00.000000;b79d1eda-edf7-409d-b866-fcce37f1b9f5;417.54;0.11977709;UNKNOWN
2016-03-18T02:15:14.000000;2016-03-18T02:15:14.000000;68c2e8bf-d1ea-4859-ac65-13027f49eb0e;417.74;1.0;UNKNOWN
2016-03-18T02:15:53.000000;2016-03-18T02:15:53.000000;d91ce7d7-39bc-43f4-850c-220ba530c2c7;417.51;10.0;UNKNOWN
2016-03-18T02:16:09.000000;2016-03-18T02:16:09.000000;f1bd3f99-ea5f-456f-8ef5-7ccabd83bedb;417.1;5.0;UNKNOWN
2016-03-18T02:16:09.000000;2016-03-18T02:16:09.000000;8ce5a50f-e90f-499b-a74b-fc1384a84c17;417.0;0.01;UNKNOWN
2016-03-18T02:16:09.000000;2016-03-18T02:16:09.000000;ab4e1f84-70cf-4309-a902-ea2c01ccd97c;417.01;100.0;UNKNOWN
2016-03-18T02:16:09.000000;2016-03-18T02:16:09.000000;560adde8-d006-464b-ae80-3d80bd1e10c2;417.0;10.0;UNKNOWN
2016-03-18T02:16:09.000000;2016-03-18T02:16:09.000000;edcdca61-8a94-42b2-852c-4e86d61b54c2;417.0;0.01;UNKNOWN
2016-03-18T02:16:09.000000;2016-03-18T02:16:09.000000;207dab0b-e4b9-4980-ab54-0865653b3550;417.0;12.1501;UNKNOWN
2016-03-18T02:16:09.000000;2016-03-18T02:16:09.000000;b40fad60-c847-43b9-8cba-07fda853f389;417.0;5.0;UNKNOWN
2016-03-18T02:16:09.000000;2016-03-18T02:16:09.000000;7b7e0b17-58dc-40dc-bf7f-51530710229f;417.0;7.1213;UNKNOWN
2016-03-18T02:16:09.000000;2016-03-18T02:16:09.000000;00ba0edb-685f-42fc-8b95-c31ef978ce0f;416.94;0.20146791;UNKNOWN
2016-03-18T02:16:09.000000;2016-03-18T02:16:09.000000;921276ae-19c8-4071-801c-afdf11d2fe03;416.98;2.58;UNKNOWN
2016-03-18T02:16:09.000000;2016-03-18T02:16:09.000000;e8c37ffc-f38c-4c7c-8694-a5cdbbee626d;417.0;10.0;UNKNOWN
2016-03-18T02:16:09.000000;2016-03-18T02:16:09.000000;1d98d53f-95bf-404c-8418-52bd268e48f5;417.0;0.05;UNKNOWN
2016-03-18T02:16:09.000000;2016-03-18T02:16:09.000000;ea499e50-a767-4fe6-a58d-ce7b3dd0a00b;417.0;1.0;UNKNOWN
2016-03-18T02:16:09.000000;2016-03-18T02:16:09.000000;b2858bad-38ac-4724-8580-2ab94b390a51;417.0;4.0;UNKNOWN
2016-03-18T02:16:09.000000;2016-03-18T02:16:09.000000;e4438d2b-2373-4331-a386-9d801be1e2e0;417.2;144.0145;UNKNOWN
2016-03-18T02:16:09.000000;2016-03-18T02:16:09.000000;3025065c-ed64-4143-9d08-32c7a18b6ff7;417.5;2.0;UNKNOWN
2016-03-18T02:16:09.000000;2016-03-18T02:16:09.000000;589bd876-b5c8-4841-9001-ed2c6ec51105;417.29;0.04012;UNKNOWN
2016-03-18T02:16:09.000000;2016-03-18T02:16:09.000000;1065047a-2542-4744-bf9b-347210ec2e56;417.5;0.073;UNKNOWN
2016-03-18T02:16:09.000000;2016-03-18T02:16:09.000000;b5223a5f-1c06-491b-b4d1-6285bc7f6cdf;417.2;0.01;UNKNOWN
2016-03-18T02:16:09.000000;2016-03-18T02:16:09.000000;94d00acd-7538-4601-9d60-8956a791a2d3;417.32;1.0;UNKNOWN
2016-03-18T02:16:09.000000;2016-03-18T02:16:09.000000;86b3b4de-661c-4c0a-b086-8bb825854276;417.4;0.01;UNKNOWN
2016-03-18T02:16:09.000000;2016-03-18T02:16:09.000000;1a573f13-7664-460a-bed0-682c658c20b9;417.5;30.0;UNKNOWN
2016-03-18T02:16:09.000000;2016-03-18T02:16:09.000000;b37ae61d-7767-4dcd-b89f-aa03e071dc54;417.51;66.44693236;UNKNOWN
2016-03-18T02:16:14.000000;2016-03-18T02:16:14.000000;9abd4e3f-e75d-4eff-9dfd-ef5fc65d949d;416.89;0.03;UNKNOWN
2016-03-18T02:16:20.000000;2016-03-18T02:16:20.000000;1086dc88-b4fb-4cc0-b61b-7a6dfd9236db;416.8;0.01;UNKNOWN
2016-03-18T02:16:20.000000;2016-03-18T02:16:20.000000;a1cd3c7e-c74c-412e-b84f-d1a6340666ba;416.5;0.1;UNKNOWN
2016-03-18T02:16:20.000000;2016-03-18T02:16:20.000000;69e6cd88-66de-4c8a-8d2a-8825b15335d4;416.5;6.1607;UNKNOWN
2016-03-18T02:16:20.000000;2016-03-18T02:16:20.000000;d0e7ff6b-3852-4a38-bf44-48ba4bd117c9;416.6;0.01;UNKNOWN
2016-03-18T02:16:20.000000;2016-03-18T02:16:20.000000;d2d78916-93ae-4479-800d-f01f247bbfb4;416.75;2.1;UNKNOWN
2016-03-18T02:16:20.000000;2016-03-18T02:16:20.000000;3e450715-a018-4357-9713-85f687917561;416.85;1.0;UNKNOWN
2016-03-18T02:16:20.000000;2016-03-18T02:16:20.000000;9699ddb2-a97e-4ebb-91aa-f5efc6733257;416.5;25.5093;UNKNOWN
2016-03-18T02:16:20.000000;2016-03-18T02:16:20.000000;4bbe4e31-c6a4-499e-a8ec-46f80ec9c81c;416.5;0.1;UNKNOWN
2016-03-18T02:16:20.000000;2016-03-18T02:16:20.000000;9af6e02d-bc65-4dce-8130-244abf6f6484;416.86;1.7013634;UNKNOWN
2016-03-18T02:16:20.000000;2016-03-18T02:16:20.000000;32d1fe50-c084-4485-86d3-07e74052ee58;416.41;4.13573484;UNKNOWN
2016-03-18T02:16:20.000000;2016-03-18T02:16:20.000000;851b2893-96cd-438f-a80f-2284a8973bee;416.44;0.12;UNKNOWN
2016-03-18T02:16:20.000000;2016-03-18T02:16:20.000000;ee509d87-9386-456e-abe4-0db0bd1b06f4;416.5;5.0;UNKNOWN
2016-03-18T02:16:20.000000;2016-03-18T02:16:20.000000;6cd260cd-9ea7-4738-8a01-c2690a99a45c;416.5;2.3008;UNKNOWN
2016-03-18T02:16:20.000000;2016-03-18T02:16:20.000000;147a1d91-fb1b-4bb6-ba4e-ef16ed7be487;416.86;1.2535;UNKNOWN
2016-03-18T02:16:20.000000;2016-03-18T02:16:20.000000;ea19b8c0-b56b-4f9d-8e1f-7c60b5775655;416.7;0.01;UNKNOWN
2016-03-18T02:16:21.000000;2016-03-18T02:16:21.000000;2ecd645a-4026-40fb-a0c6-f9b8bfe58d42;416.41;2.0;UNKNOWN
2016-03-18T02:16:21.000000;2016-03-18T02:16:21.000000;142bced0-d4f8-48ac-bacb-3cb2da080f34;416.41;0.08325911;UNKNOWN
2016-03-18T02:16:21.000000;2016-03-18T02:16:21.000000;7886d90a-e6e8-41e9-b076-992f2365a1a7;416.41;0.557383;UNKNOWN
2016-03-18T02:16:21.000000;2016-03-18T02:16:21.000000;ffa871f7-6702-4afe-b3c0-82a8f913afae;416.41;6.0;UNKNOWN
2016-03-18T02:16:23.000000;2016-03-18T02:16:23.000000;856387ea-8654-4070-8440-8513b825115c;416.41;0.92392305;UNKNOWN
2016-03-18T02:16:23.000000;2016-03-18T02:16:23.000000;cdd6e498-5d07-497d-bb96-e5aa9c89ed9f;416.4;0.01;UNKNOWN
2016-03-18T02:16:23.000000;2016-03-18T02:16:23.000000;c9870190-8ae9-4354-8df5-e228016186c1;416.39;2.0;UNKNOWN
2016-03-18T02:16:23.000000;2016-03-18T02:16:23.000000;8d6bd10c-7819-4be8-a6a2-18795def00f4;416.3;5.82607695;UNKNOWN
2016-03-18T02:16:36.000000;2016-03-18T02:16:36.000000;e51b8803-2e1c-4e3c-8f51-76e7de13771e;416.32;11.7051385;UNKNOWN
2016-03-18T02:16:39.000000;2016-03-18T02:16:39.000000;cdc6c718-c575-41fc-8c7e-3bc745a37e82;416.32;0.52106967;UNKNOWN
2016-03-18T02:17:00.000000;2016-03-18T02:17:00.000000;1218b0b2-9635-412a-9902-e657ea036423;416.22;9.5;UNKNOWN
2016-03-18T02:17:00.000000;2016-03-18T02:17:00.000000;2a92425c-c54a-4bb4-8a35-a094eff54506;416.2;2.17319296;UNKNOWN
2016-03-18T02:17:00.000000;2016-03-18T02:17:00.000000;acf7a3f1-518e-4a7b-b018-3277aaee647e;416.29;2.11;UNKNOWN
2016-03-18T02:17:00.000000;2016-03-18T02:17:00.000000;93181d7c-07b7-4ba6-a82a-42a22fa8ce9b;416.23;19.1734;UNKNOWN
2016-03-18T02:17:00.000000;2016-03-18T02:17:00.000000;c087c8b1-a0ce-4154-8cd5-b729dae7d561;416.2;0.01;UNKNOWN
2016-03-18T02:17:00.000000;2016-03-18T02:17:00.000000;f1e8cda1-9aeb-4efb-9329-7cf1ce10e89e;416.32;0.03340704;UNKNOWN
2016-03-18T02:17:03.000000;2016-03-18T02:17:03.000000;14d9922a-791c-4c31-bdad-a2633693f30a;416.2;0.74015122;UNKNOWN
2016-03-18T02:17:03.000000;2016-03-18T02:17:03.000000;15ec9526-09db-471b-8757-aa03f7c224c2;416.2;0.70984878;UNKNOWN
2016-03-18T02:17:16.000000;2016-03-18T02:17:16.000000;85a38115-1184-4898-923f-545e46357ec0;416.67;2.0;UNKNOWN
2016-03-18T02:18:14.000000;2016-03-18T02:18:14.000000;bff6410c-72fe-481b-93bb-6350def53053;416.41;12.7967;UNKNOWN
2016-03-18T02:18:14.000000;2016-03-18T02:18:14.000000;00621b01-9288-4189-8ccd-8279c8d20233;416.28;5.4705;UNKNOWN
2016-03-18T02:18:14.000000;2016-03-18T02:18:14.000000;83d71311-fc76-4707-81f8-2e3f154efdfe;416.64;0.9228;UNKNOWN
2016-03-18T02:18:20.000000;2016-03-18T02:18:20.000000;f709907b-bef0-4393-9ee2-4f843fa93dc8;416.28;0.183;UNKNOWN
2016-03-18T02:18:23.000000;2016-03-18T02:18:23.000000;b31d1890-4970-4225-ae92-c28b39eb70fe;416.63;0.011;UNKNOWN
2016-03-18T02:19:09.000000;2016-03-18T02:19:09.000000;677de02e-7554-4131-be90-e1c952b0a78d;416.61;0.0523;UNKNOWN
2016-03-18T02:19:14.000000;2016-03-18T02:19:14.000000;b96425c3-5342-47c5-b19f-b5dc73b82f95;416.61;0.0523;UNKNOWN
2016-03-18T02:19:19.000000;2016-03-18T02:19:19.000000;a6ac83c5-3703-4e6f-a151-e4372f85f879;416.61;0.12642;UNKNOWN
2016-03-18T02:20:30.000000;2016-03-18T02:20:30.000000;0f5006b3-231f-4b88-bbe8-03da550d4b66;416.6;1.0;UNKNOWN
2016-03-18T02:20:30.000000;2016-03-18T02:20:30.000000;8f8c88d8-8632-4001-9651-94b465bcd096;416.6;5.9534;UNKNOWN
2016-03-18T02:20:38.000000;2016-03-18T02:20:38.000000;18919aae-ba94-481c-9ba2-7be41e0df2d9;416.48;16.0771;UNKNOWN
2016-03-18T02:20:38.000000;2016-03-18T02:20:38.000000;e5b64fc1-a8e3-44db-99ed-96b588f31c99;416.49;3.0;UNKNOWN
2016-03-18T02:20:38.000000;2016-03-18T02:20:38.000000;855d0ade-81da-48cc-9d26-a4c407cd2ab9;416.57;0.9229;UNKNOWN
2016-03-18T02:21:17.000000;2016-03-18T02:21:17.000000;b732a344-67e1-4d9d-9fb4-4610384e4b80;416.35;0.11862959;UNKNOWN
2016-03-18T02:21:48.000000;2016-03-18T02:21:48.000000;a07ec6b9-5e85-46ee-822c-884f21c7a1cd;416.5;2.7;UNKNOWN
2016-03-18T02:22:19.000000;2016-03-18T02:22:19.000000;336ecb1c-42f3-4bea-9da4-1ae0033d42be;416.47;0.1081254;UNKNOWN
2016-03-18T02:22:39.000000;2016-03-18T02:22:39.000000;0af3a8d5-1ec7-465e-b992-f41968755233;416.5;0.0424;UNKNOWN
2016-03-18T02:23:06.000000;2016-03-18T02:23:06.000000;c48695f5-f5ba-42d5-9cc2-94a09d9d3ec6;416.49;2.03;UNKNOWN
2016-03-18T02:23:15.000000;2016-03-18T02:23:15.000000;6e154fcc-3c9d-4bf4-838d-9bcf3284444b;416.49;0.16344051;UNKNOWN
2016-03-18T02:23:48.000000;2016-03-18T02:23:48.000000;4867112f-0f12-4d3f-8770-435df83f5006;416.49;0.24034792;UNKNOWN
2016-03-18T02:24:06.000000;2016-03-18T02:24:06.000000;640e2537-f704-4e69-8587-ce9b1ef34343;416.49;3.83053954;UNKNOWN
2016-03-18T02:25:11.000000;2016-03-18T02:25:11.000000;c19976c3-99c5-4335-918f-f9cb30f1d171;416.5;0.0259;UNKNOWN
2016-03-18T02:25:43.000000;2016-03-18T02:25:43.000000;7094a688-9ec7-4078-affb-ad46ffc68af0;416.5;0.10750692;UNKNOWN
2016-03-18T02:28:02.000000;2016-03-18T02:28:02.000000;96175bfd-9938-4340-83a1-daa3c93e422a;416.61;0.0795;UNKNOWN
2016-03-18T02:28:43.000000;2016-03-18T02:28:43.000000;21f0b1ca-b516-4c9c-b04b-edbb38da36cc;416.51;0.46864466;UNKNOWN
2016-03-18T02:28:59.000000;2016-03-18T02:28:59.000000;06a6ce95-01ab-4c0a-b0b4-a74e9cee9462;416.54;0.04806611;UNKNOWN
2016-03-18T02:30:06.000000;2016-03-18T02:30:06.000000;32000017-a3d7-413b-a03e-432cf9790860;416.61;0.11824244;UNKNOWN
2016-03-18T02:31:15.000000;2016-03-18T02:31:15.000000;84cbbc8c-1ae1-47a2-bb3b-68509e7f21ea;416.58;0.09131467;UNKNOWN
2016-03-18T02:31:41.000000;2016-03-18T02:31:41.000000;afaae732-b741-4e09-9c0e-cb78ca59fc68;416.58;5.7341088;UNKNOWN
2016-03-18T02:31:52.000000;2016-03-18T02:31:52.000000;3a946ab0-0c64-4e71-9cc0-d9e568c7a060;416.6;0.12;UNKNOWN
2016-03-18T02:33:50.000000;2016-03-18T02:33:50.000000;0dd5df60-ccf0-48f9-b650-2545623bf4a3;416.86;0.01;UNKNOWN
2016-03-18T02:37:47.000000;2016-03-18T02:37:47.000000;70e6f48a-30da-4a89-8349-05aba37b0cf7;416.7;0.0720663;UNKNOWN
2016-03-18T02:38:05.000000;2016-03-18T02:38:05.000000;93ef0ce8-4fe6-4d85-b2bc-f529820cf8db;416.7;0.031681;UNKNOWN
2016-03-18T02:39:39.000000;2016-03-18T02:39:39.000000;0431089c-5261-4e28-ad87-e4b20812f7d2;416.84;0.025921;UNKNOWN
2016-03-18T02:39:57.000000;2016-03-18T02:39:57.000000;f4232ca8-f5f1-4de2-9e21-35015da4742e;416.84;0.12750252;UNKNOWN
2016-03-18T02:40:02.000000;2016-03-18T02:40:02.000000;ca2a5d1c-290f-4047-9702-e75fd1a235f2;416.84;0.12882088;UNKNOWN
2016-03-18T02:40:19.000000;2016-03-18T02:40:19.000000;89996a8b-f704-43c2-936e-1a21039f4854;416.84;0.0600855;UNKNOWN
2016-03-18T02:40:30.000000;2016-03-18T02:40:30.000000;e2c674a6-bb4e-4f5c-9d15-f373ddd690f8;416.84;0.12776302;UNKNOWN
2016-03-18T02:40:32.000000;2016-03-18T02:40:32.000000;0f893290-3901-423c-9ae8-f2a1840f5748;416.84;0.04902102;UNKNOWN
2016-03-18T02:40:34.000000;2016-03-18T02:40:34.000000;00832182-36a7-4c75-aafe-c30fe56d2374;416.84;0.12776302;UNKNOWN
2016-03-18T02:40:38.000000;2016-03-18T02:40:38.000000;ff0db3d0-dc49-472d-9142-e9ad8cce8c4c;416.84;0.12776302;UNKNOWN
2016-03-18T02:40:42.000000;2016-03-18T02:40:42.000000;151536a3-b8bf-4fff-9466-9b8353ec4d92;416.84;0.12744646;UNKNOWN
2016-03-18T02:40:46.000000;2016-03-18T02:40:46.000000;b1535554-2cd0-414e-a11c-bc9aae487276;416.84;0.12698194;UNKNOWN
2016-03-18T02:40:50.000000;2016-03-18T02:40:50.000000;c0339762-033e-4924-9aa3-a5e0260cffa8;416.84;0.13786945;UNKNOWN
2016-03-18T02:40:55.000000;2016-03-18T02:40:55.000000;a458a0d7-de19-4ed7-92fb-8a2c554e1bad;416.84;0.1081507;UNKNOWN
2016-03-18T02:40:59.000000;2016-03-18T02:40:59.000000;e75ca079-64de-4eba-bda2-726403486bc1;416.84;4.56266605;UNKNOWN
2016-03-18T02:40:59.000000;2016-03-18T02:40:59.000000;52626e1d-cbe6-42c6-a438-2b0679efe411;416.84;0.01397544;UNKNOWN
2016-03-18T02:41:14.000000;2016-03-18T02:41:14.000000;625c5f98-b3c7-4937-96e3-941360120543;416.84;0.011772;UNKNOWN
2016-03-18T02:41:16.000000;2016-03-18T02:41:16.000000;f3b4afe6-9da2-4fae-959a-1ad1b5fb6255;416.87;2.735364;UNKNOWN
2016-03-18T02:41:16.000000;2016-03-18T02:41:16.000000;d6b3d5e9-71b2-4287-906b-99863f86da0c;416.86;0.064636;UNKNOWN
2016-03-18T02:41:26.000000;2016-03-18T02:41:26.000000;3979c1be-0d8a-4e01-b2eb-9f4df8dda101;416.84;0.14322695;UNKNOWN
2016-03-18T02:41:32.000000;2016-03-18T02:41:32.000000;fab398ec-fda0-4e43-bd98-4276b7baaae0;416.84;0.14322695;UNKNOWN
2016-03-18T02:41:35.000000;2016-03-18T02:41:35.000000;d057c2c1-1438-4574-9011-ac1343902d72;416.84;0.14322695;UNKNOWN
2016-03-18T02:41:39.000000;2016-03-18T02:41:39.000000;1bfe10f1-37c3-4f30-8be5-b3d569e7d703;416.84;0.14322695;UNKNOWN
2016-03-18T02:41:44.000000;2016-03-18T02:41:44.000000;43ead9a5-4871-4739-b10e-7a915a84daa6;416.84;0.14404297;UNKNOWN
2016-03-18T02:41:48.000000;2016-03-18T02:41:48.000000;9dc0d0d4-f738-4e1a-b8ab-03b5c824f1e3;416.84;0.14404297;UNKNOWN
2016-03-18T02:41:52.000000;2016-03-18T02:41:52.000000;b49d4335-b714-492e-9553-c22e9f8a0c32;416.84;0.14404297;UNKNOWN
2016-03-18T02:41:55.000000;2016-03-18T02:41:55.000000;79027434-5ab0-45b5-94e6-bf5e46781a11;416.84;0.24022102;UNKNOWN
2016-03-18T02:41:57.000000;2016-03-18T02:41:57.000000;b9a4755e-7776-4a6f-b2c0-b8debbfad36b;416.84;0.14404297;UNKNOWN
2016-03-18T02:42:00.000000;2016-03-18T02:42:00.000000;9390c48b-7611-4928-9ad4-c017c1078819;416.86;2.0;UNKNOWN
2016-03-18T02:42:03.000000;2016-03-18T02:42:03.000000;fbf9dced-ab58-4805-bf63-13c813eb0b54;416.84;0.12283337;UNKNOWN
2016-03-18T02:42:07.000000;2016-03-18T02:42:07.000000;2b71e106-3cfd-416a-b08f-3dda0c814c56;416.84;0.12423236;UNKNOWN
2016-03-18T02:42:10.000000;2016-03-18T02:42:10.000000;5c4dbc3b-61f3-417c-a9dd-38df57a1c00a;416.85;0.0185;UNKNOWN
2016-03-18T02:42:11.000000;2016-03-18T02:42:11.000000;51684336-f56e-4e74-9cf7-6f0f50110aec;416.84;0.10361056;UNKNOWN
2016-03-18T02:42:16.000000;2016-03-18T02:42:16.000000;95f611f5-cd1c-45a1-b70a-a16a90fa8420;416.84;0.12288736;UNKNOWN
2016-03-18T02:42:32.000000;2016-03-18T02:42:32.000000;f0c2b97a-54ad-4699-9a04-fa34a70eb59e;416.85;0.03071301;UNKNOWN
2016-03-18T02:42:46.000000;2016-03-18T02:42:46.000000;a8a593a7-584c-442a-a22e-0d125c326a0a;416.84;0.26324799;UNKNOWN
2016-03-18T02:42:49.000000;2016-03-18T02:42:49.000000;312fc6ca-915f-47c7-a190-f9159dc4c65b;416.84;0.06524999;UNKNOWN
2016-03-18T02:42:49.000000;2016-03-18T02:42:49.000000;47983de4-388d-4ebe-9d04-b280319525c4;416.84;0.19806599;UNKNOWN
2016-03-18T02:42:56.000000;2016-03-18T02:42:56.000000;99aaa51f-dee4-4e7d-9645-b4f935096cae;416.84;0.010427;UNKNOWN
2016-03-18T02:43:01.000000;2016-03-18T02:43:01.000000;33b64b1a-0232-4a96-928f-c7914057492b;416.84;0.16585732;UNKNOWN
2016-03-18T02:43:12.000000;2016-03-18T02:43:12.000000;df9ffcfa-35aa-4357-9d13-03cacb5535bd;416.84;0.0937705;UNKNOWN
2016-03-18T02:43:16.000000;2016-03-18T02:43:16.000000;4645c9c1-bc2b-43e6-8c36-196ea62dd7bb;416.84;0.20054147;UNKNOWN
2016-03-18T02:43:21.000000;2016-03-18T02:43:21.000000;50ceeb04-73aa-48fd-8c4f-022ef9d0e5e6;416.84;0.1016228;UNKNOWN
2016-03-18T02:43:25.000000;2016-03-18T02:43:25.000000;a2865e04-c8c6-49b8-bf10-8b7398b07c8b;416.84;0.03691408;UNKNOWN
2016-03-18T02:43:42.000000;2016-03-18T02:43:42.000000;925f9f2d-3c17-458b-8f51-decb021f333c;416.84;0.10525165;UNKNOWN
2016-03-18T02:43:46.000000;2016-03-18T02:43:46.000000;acbb4b26-229a-4b9a-83af-a00d70a84ff8;416.84;0.11193209;UNKNOWN
2016-03-18T02:43:50.000000;2016-03-18T02:43:50.000000;bd91feae-467b-478d-bee7-7ea296089ff7;416.84;0.11193209;UNKNOWN
2016-03-18T02:44:06.000000;2016-03-18T02:44:06.000000;2b2ac625-b2c6-4a07-94ab-aa8a7d7d6484;416.84;0.11188402;UNKNOWN
2016-03-18T02:44:13.000000;2016-03-18T02:44:13.000000;d16379de-981c-4d43-8117-d0bd8fbd1c1a;416.84;0.19959499;UNKNOWN
2016-03-18T02:44:21.000000;2016-03-18T02:44:21.000000;85d4bfb1-9835-4184-a378-6d70e6ba17f2;416.84;0.11188402;UNKNOWN
2016-03-18T02:44:25.000000;2016-03-18T02:44:25.000000;1f4a46b7-39a9-4228-a1a1-84444af7e21e;416.84;0.11188402;UNKNOWN
2016-03-18T02:44:30.000000;2016-03-18T02:44:30.000000;96067c2e-6417-4929-8910-a5d5ea608611;416.84;0.11188402;UNKNOWN
2016-03-18T02:44:34.000000;2016-03-18T02:44:34.000000;f4564650-c340-46b3-a0d7-f70806827b57;416.84;0.11188402;UNKNOWN
2016-03-18T02:44:35.000000;2016-03-18T02:44:35.000000;46c4339a-3552-4dbc-a57e-d1b74ee0482b;416.84;0.020179;UNKNOWN
2016-03-18T02:44:40.000000;2016-03-18T02:44:40.000000;be6781e4-ed7f-49a7-8a76-90e90245ab31;416.84;0.11188402;UNKNOWN
2016-03-18T02:44:46.000000;2016-03-18T02:44:46.000000;3e1e0981-fb59-4279-902e-fcf8f66a330c;416.84;0.11188402;UNKNOWN
2016-03-18T02:44:49.000000;2016-03-18T02:44:49.000000;ba841410-3d0d-4678-a5ec-26fad0f78bb2;416.84;0.10414599;UNKNOWN
2016-03-18T02:44:54.000000;2016-03-18T02:44:54.000000;5e1ff51f-f2f7-41ec-937b-278714ce4293;416.84;0.10414599;UNKNOWN
2016-03-18T02:44:57.000000;2016-03-18T02:44:57.000000;fd633569-f857-41ce-83a0-dcbd8b998aba;416.84;0.10575981;UNKNOWN
2016-03-18T02:45:00.000000;2016-03-18T02:45:00.000000;7e9a920b-9ded-4bd4-bab8-37e046e2cb1d;416.84;0.06761543;UNKNOWN
2016-03-18T02:45:01.000000;2016-03-18T02:45:01.000000;fa5100d1-6cc4-473b-858d-c84b935ef5ee;416.84;0.10575981;UNKNOWN
2016-03-18T02:45:07.000000;2016-03-18T02:45:07.000000;f26d261e-93e3-40c9-8aa7-1b5964a5b1da;416.84;0.10575981;UNKNOWN
2016-03-18T02:45:12.000000;2016-03-18T02:45:12.000000;4fbc9e62-2920-4ce8-8e4c-f55a335d5892;416.84;0.10575981;UNKNOWN
2016-03-18T02:45:16.000000;2016-03-18T02:45:16.000000;87cbf9f9-6e9e-43b3-bad0-b09380b1c00b;416.84;0.10575981;UNKNOWN
2016-03-18T02:45:19.000000;2016-03-18T02:45:19.000000;de6db0c0-95e5-4a87-8583-733fcd23646e;416.84;0.09411838;UNKNOWN
2016-03-18T02:45:20.000000;2016-03-18T02:45:20.000000;239d2f11-ece2-4020-a57d-1569a290792d;416.84;0.10575981;UNKNOWN
2016-03-18T02:45:23.000000;2016-03-18T02:45:23.000000;0f039ce3-7935-4edc-90fd-bb49631912e9;416.84;0.10575981;UNKNOWN
2016-03-18T02:48:19.000000;2016-03-18T02:48:19.000000;3c09b8c5-61ca-44ae-a42f-019e1609cd12;416.84;0.0487538;UNKNOWN
2016-03-18T02:52:05.000000;2016-03-18T02:52:05.000000;8d289bf6-8768-4546-a018-aac7e4a7bf4f;416.85;0.21271065;UNKNOWN
2016-03-18T02:53:21.000000;2016-03-18T02:53:21.000000;4e52ceae-a47a-4af6-86b9-aca9b4b6b9e2;416.86;0.017;UNKNOWN
2016-03-18T02:54:19.000000;2016-03-18T02:54:19.000000;193fb97a-7580-4fb0-809a-c1318e842cde;416.85;0.11511051;UNKNOWN
2016-03-18T02:54:37.000000;2016-03-18T02:54:37.000000;e1b9a9e7-3219-4112-ad4e-3c9a569c549f;416.85;20.0;UNKNOWN
2016-03-18T02:57:30.000000;2016-03-18T02:57:30.000000;b313d5e5-b483-49c5-8675-b9e88e600082;416.85;0.11651893;UNKNOWN
2016-03-18T02:57:34.000000;2016-03-18T02:57:34.000000;a49152d8-838e-434e-8131-ed4d11def5df;416.85;0.00348107;UNKNOWN
2016-03-18T02:57:34.000000;2016-03-18T02:57:34.000000;9e46eba1-a037-4104-bd0c-b916a3940dec;416.85;0.06884582;UNKNOWN
2016-03-18T02:57:39.000000;2016-03-18T02:57:39.000000;30ae256a-eff8-456f-901d-c016c51a2a25;416.85;0.07806122;UNKNOWN
2016-03-18T02:57:49.000000;2016-03-18T02:57:49.000000;e80d6ca3-b112-493e-842c-5ee16a958381;416.86;0.12434619;UNKNOWN
2016-03-18T02:57:53.000000;2016-03-18T02:57:53.000000;a0a49de7-84bc-4cd2-9c14-f810381d4f80;416.86;0.12412118;UNKNOWN
2016-03-18T02:57:55.000000;2016-03-18T02:57:55.000000;fc12a145-9a48-4069-94eb-d6694b452eb7;416.89;0.05;UNKNOWN
2016-03-18T02:57:55.000000;2016-03-18T02:57:55.000000;5ed9c6e5-e34e-4599-9e88-0ed1edf284fa;416.89;0.05;UNKNOWN
2016-03-18T02:57:55.000000;2016-03-18T02:57:55.000000;ff1c3d88-ca5c-4ef9-880a-6ea43ed082c0;416.89;0.01478685;UNKNOWN
2016-03-18T02:57:55.000000;2016-03-18T02:57:55.000000;61914c44-54a2-4f4c-a3ff-7fb1e59e618b;416.89;0.05;UNKNOWN
2016-03-18T02:57:55.000000;2016-03-18T02:57:55.000000;c2f5d12f-8b38-46ff-9d2d-4c4a4ff2276e;416.89;0.02;UNKNOWN
2016-03-18T02:57:55.000000;2016-03-18T02:57:55.000000;002123c2-86c8-4826-9b8e-5d4b8177ccf9;416.89;0.02;UNKNOWN
2016-03-18T02:57:55.000000;2016-03-18T02:57:55.000000;5d8bab82-6364-46f3-ad71-24d5f280d335;416.86;7.93453263;UNKNOWN
2016-03-18T02:57:55.000000;2016-03-18T02:57:55.000000;4d6cae97-4343-453f-9291-745e6b62a106;416.89;0.02;UNKNOWN
2016-03-18T02:57:55.000000;2016-03-18T02:57:55.000000;9e0dc1c0-67d1-41b4-b78d-7507430b6682;416.9;5.16968052;UNKNOWN
2016-03-18T02:57:55.000000;2016-03-18T02:57:55.000000;7f0f4b2e-a1b8-4e40-8747-8b681f607aba;416.89;0.02;UNKNOWN
2016-03-18T02:57:55.000000;2016-03-18T02:57:55.000000;4adc5250-7e22-4f54-b14f-893a288d8db6;416.89;0.02;UNKNOWN
2016-03-18T02:57:55.000000;2016-03-18T02:57:55.000000;fa705834-cdae-4350-b379-6b8b3d679a13;416.89;0.05;UNKNOWN
2016-03-18T02:57:55.000000;2016-03-18T02:57:55.000000;bebf06d7-c06f-4841-bdf0-ec8fb90c6274;416.89;0.02;UNKNOWN
2016-03-18T02:57:55.000000;2016-03-18T02:57:55.000000;1a37c1ff-b184-4965-96a1-5ffee31ae1e7;416.89;0.02;UNKNOWN
2016-03-18T02:57:55.000000;2016-03-18T02:57:55.000000;375b30c3-ba11-4483-947d-55c9ae93a88b;416.86;5.931;UNKNOWN
2016-03-18T02:57:55.000000;2016-03-18T02:57:55.000000;ce695f39-c479-4f82-8fab-f911607f5bdd;416.89;0.05;UNKNOWN
2016-03-18T02:57:55.000000;2016-03-18T02:57:55.000000;5d42ca42-0765-4683-bdcb-55e5cd5d5fa1;416.89;0.04;UNKNOWN
2016-03-18T02:57:55.000000;2016-03-18T02:57:55.000000;0d792cf6-8820-4d1d-8e90-59874ddd55cc;416.89;0.04;UNKNOWN
2016-03-18T02:57:55.000000;2016-03-18T02:57:55.000000;d02b0158-d566-4844-b63a-db0e12b3fe9b;416.89;0.04;UNKNOWN
2016-03-18T02:57:55.000000;2016-03-18T02:57:55.000000;18dbdffd-24f8-4c21-82f4-7d463dfd48c7;416.89;0.05;UNKNOWN
2016-03-18T02:57:55.000000;2016-03-18T02:57:55.000000;93cf0b28-7eef-430e-809e-5dd2cbfa2bbe;416.89;0.02;UNKNOWN
2016-03-18T02:57:55.000000;2016-03-18T02:57:55.000000;3bde70d3-7ec8-4391-ab4a-62dfe5325947;416.89;0.04;UNKNOWN
2016-03-18T02:57:55.000000;2016-03-18T02:57:55.000000;f4d98f2c-ff05-4227-be13-943e1981c6b0;416.89;0.04;UNKNOWN
2016-03-18T02:57:55.000000;2016-03-18T02:57:55.000000;64d70032-cd3f-48b8-85d8-f084ec88fc18;416.89;0.04;UNKNOWN
2016-03-18T02:57:55.000000;2016-03-18T02:57:55.000000;aa27c328-1e31-4163-833b-ee96e9eec245;416.89;0.04;UNKNOWN
2016-03-18T02:57:55.000000;2016-03-18T02:57:55.000000;498423e6-4e58-40ed-a6b4-e3e7280dd1e0;416.89;0.04;UNKNOWN
2016-03-18T02:57:55.000000;2016-03-18T02:57:55.000000;c4803b40-f1ac-4cd5-ac20-07a9318c7693;416.89;0.05;UNKNOWN
2016-03-18T02:57:55.000000;2016-03-18T02:57:55.000000;7b6b2029-4b5d-4382-beaf-e00c801424a7;416.89;0.04;UNKNOWN
2016-03-18T02:57:55.000000;2016-03-18T02:57:55.000000;fe1ce930-133e-43ef-842d-4bc30a0fc512;416.89;0.04;UNKNOWN
2016-03-18T02:57:55.000000;2016-03-18T02:57:55.000000;b7dbb2e2-2a85-425e-9a9d-2365173cddbe;416.89;0.04;UNKNOWN
2016-03-18T02:58:00.000000;2016-03-18T02:58:00.000000;3bb8029e-c1f2-47d9-bc93-a91e319d7028;417.23;0.195158;UNKNOWN
2016-03-18T02:58:00.000000;2016-03-18T02:58:00.000000;4c3ac651-c323-421e-a211-f9e63b262527;417.28;0.97715945;UNKNOWN
2016-03-18T02:58:00.000000;2016-03-18T02:58:00.000000;f3a608f0-8ac8-44ea-a79a-1480bac2c9c2;417.26;4.64365734;UNKNOWN
2016-03-18T02:58:00.000000;2016-03-18T02:58:00.000000;106ff1c6-1179-44a3-9b77-3cb7b62546d2;417.17;0.071126;UNKNOWN
2016-03-18T02:58:00.000000;2016-03-18T02:58:00.000000;e52c2b33-c229-4112-b020-7bc0a14e2bc8;416.9;14.11289921;UNKNOWN
2016-03-18T02:58:03.000000;2016-03-18T02:58:03.000000;03a5ea99-3cd4-4671-ac6f-c8404d31291c;417.28;3.6673606;UNKNOWN
2016-03-18T02:58:03.000000;2016-03-18T02:58:03.000000;4db7213b-841f-4f6e-b64a-5df8d8f6a1fd;416.88;8.2;UNKNOWN
2016-03-18T02:58:03.000000;2016-03-18T02:58:03.000000;3556c623-aac4-4635-86f9-497f974a98be;417.32;3.48898206;UNKNOWN
2016-03-18T02:58:03.000000;2016-03-18T02:58:03.000000;43e51006-299a-4276-a810-c7db28919efa;417.31;4.64365734;UNKNOWN
2016-03-18T02:58:07.000000;2016-03-18T02:58:07.000000;3ab00db7-2c56-4872-b205-c1a7835dc4bf;416.98;0.12;UNKNOWN
2016-03-18T02:58:08.000000;2016-03-18T02:58:08.000000;56e538d7-8a38-4a3b-8b76-b8fc6bfbd34c;417.32;1.15553799;UNKNOWN
2016-03-18T02:58:08.000000;2016-03-18T02:58:08.000000;7597f37f-7247-4d84-9710-73c86fa78292;417.26;0.108493;UNKNOWN
2016-03-18T02:58:08.000000;2016-03-18T02:58:08.000000;9c1bc49d-414f-4d8f-81ce-60371f2406d7;417.37;4.64457398;UNKNOWN
2016-03-18T02:58:08.000000;2016-03-18T02:58:08.000000;f0c74eee-58aa-4909-8879-a387ad158525;417.32;4.64457398;UNKNOWN
2016-03-18T02:58:08.000000;2016-03-18T02:58:08.000000;4cd41e23-0a8f-4da4-980d-197486174bad;417.5;0.55632664;UNKNOWN
2016-03-18T02:58:08.000000;2016-03-18T02:58:08.000000;1eddd110-274d-4408-863f-02072c173ee5;417.33;0.12;UNKNOWN
2016-03-18T02:58:08.000000;2016-03-18T02:58:08.000000;7e1ad485-bc4b-48ed-af5c-682e56432c53;417.3;4.64457398;UNKNOWN
2016-03-18T02:58:08.000000;2016-03-18T02:58:08.000000;8600e4b3-7aeb-4568-9c0d-c4209d7cf67b;417.8;4.12592043;UNKNOWN
2016-03-18T02:58:11.000000;2016-03-18T02:58:11.000000;60703471-eb7e-4e53-ba5d-718747dbe8a3;417.7;10.66510804;UNKNOWN
2016-03-18T02:58:11.000000;2016-03-18T02:58:11.000000;5787450a-a07d-465e-be29-0f76c6c60647;417.29;0.045744;UNKNOWN
2016-03-18T02:58:11.000000;2016-03-18T02:58:11.000000;76fc09cd-7303-47e1-9b6c-0bb791f1c111;417.43;4.64457398;UNKNOWN
2016-03-18T02:58:11.000000;2016-03-18T02:58:11.000000;08e9f1c1-915f-4caf-891a-890f9f68bb5d;417.4;4.64457398;UNKNOWN
2016-03-18T02:58:15.000000;2016-03-18T02:58:15.000000;a27a12b0-bbe9-4a41-8ef3-86288f89dbf2;417.97;9.5;UNKNOWN
2016-03-18T02:58:15.000000;2016-03-18T02:58:15.000000;320d6b41-25d0-4168-8947-1b2d5b291348;418.08;4.5273;UNKNOWN
2016-03-18T02:58:15.000000;2016-03-18T02:58:15.000000;d12d5fa3-047e-4287-80e7-e4d5f01496ed;417.69;5.9727;UNKNOWN
2016-03-18T02:59:05.000000;2016-03-18T02:59:05.000000;3890bbc8-9f0e-43a6-9a92-d3ee65129ec2;417.54;5.9194;UNKNOWN
2016-03-18T02:59:05.000000;2016-03-18T02:59:05.000000;7396b6d0-2c66-49ec-a2ba-1792047bf179;417.33;4.0806;UNKNOWN
2016-03-18T02:59:22.000000;2016-03-18T02:59:22.000000;e29dbfb5-9735-4a23-8d66-f4f3faf77fe5;417.65;0.3;UNKNOWN
2016-03-18T02:59:22.000000;2016-03-18T02:59:22.000000;2122f598-9a3a-4070-8e17-4293c2e57e80;417.64;19.7;UNKNOWN
2016-03-18T02:59:28.000000;2016-03-18T02:59:28.000000;b8b4bb5b-21ff-478d-a7ed-a15373617e03;417.68;0.01425141;UNKNOWN
2016-03-18T02:59:28.000000;2016-03-18T02:59:28.000000;a4bae6bb-778f-42d4-afa3-7ebaaa4d3b9a;417.67;4.64354953;UNKNOWN
2016-03-18T02:59:28.000000;2016-03-18T02:59:28.000000;cacf9116-29e6-4b4f-87aa-48efbe1c92ca;417.67;4.64354953;UNKNOWN
2016-03-18T02:59:28.000000;2016-03-18T02:59:28.000000;007d7c08-89c9-45c4-a004-5289435acd8b;417.67;0.12;UNKNOWN
2016-03-18T02:59:28.000000;2016-03-18T02:59:28.000000;0f24a980-e2cd-4cf2-963a-3e762feef859;417.67;4.64354953;UNKNOWN
2016-03-18T02:59:28.000000;2016-03-18T02:59:28.000000;d02c1e2e-92ae-459f-91e8-e7d16a67f1dd;417.65;5.9351;UNKNOWN
2016-03-18T02:59:36.000000;2016-03-18T02:59:36.000000;68c26e4d-40b6-4d56-8c5e-ab89c80bdd59;417.65;4.64462791;UNKNOWN
2016-03-18T02:59:36.000000;2016-03-18T02:59:36.000000;cacd3883-b948-4c8a-9978-83bd55141bee;417.7;5.96149997;UNKNOWN
2016-03-18T02:59:36.000000;2016-03-18T02:59:36.000000;fa7c1e61-4a81-4549-8ead-73a7efef31f7;417.69;4.64349562;UNKNOWN
2016-03-18T02:59:36.000000;2016-03-18T02:59:36.000000;0cb46aef-c8e3-4477-bdf6-7dfecb599b2f;417.68;0.10574859;UNKNOWN
2016-03-18T02:59:36.000000;2016-03-18T02:59:36.000000;39336a17-2101-48ba-b313-26a564dae41c;417.65;4.64462791;UNKNOWN
2016-03-18T02:59:39.000000;2016-03-18T02:59:39.000000;74c5e9e3-8f0e-486c-aab2-809f9305f577;417.92;9.8602;UNKNOWN
2016-03-18T02:59:39.000000;2016-03-18T02:59:39.000000;76502f58-f3d2-4920-a4c0-7dd390e9bf2c;417.97;0.48283997;UNKNOWN
2016-03-18T02:59:39.000000;2016-03-18T02:59:39.000000;73fdf8e1-42c3-46ce-88ef-a01d4b2e0d0e;417.81;6.54;UNKNOWN
2016-03-18T02:59:39.000000;2016-03-18T02:59:39.000000;5b6e50c1-6c00-45e2-9e77-054d169f5447;417.7;3.11696003;UNKNOWN
2016-03-18T02:59:42.000000;2016-03-18T02:59:42.000000;962d7525-48a8-4baf-9e10-78237d39c895;418.12;10.1398;UNKNOWN
2016-03-18T02:59:42.000000;2016-03-18T02:59:42.000000;e6e16278-d83c-4fb7-a852-d6eeb42a7f80;417.96;9.8602;UNKNOWN
2016-03-18T02:59:44.000000;2016-03-18T02:59:44.000000;bdc457dd-d0d1-4a7f-8cc1-f4345a463650;418.19;0.01629;UNKNOWN
2016-03-18T02:59:44.000000;2016-03-18T02:59:44.000000;3321589d-e7ca-4585-bd3f-4a9675fd614d;418.22;5.9699;UNKNOWN
2016-03-18T02:59:44.000000;2016-03-18T02:59:44.000000;0d298a48-9d26-4c9d-9980-c5bc3d96e241;418.2;0.01;UNKNOWN
2016-03-18T02:59:44.000000;2016-03-18T02:59:44.000000;38ab764e-2943-4dc1-8605-10e4a21bd025;418.23;13.5821;UNKNOWN
2016-03-18T02:59:44.000000;2016-03-18T02:59:44.000000;a88bbf76-c125-4ff2-ae28-e486ccda8f4c;418.37;0.42171;UNKNOWN
2016-03-18T02:59:46.000000;2016-03-18T02:59:46.000000;f91ac97a-0ea9-466f-8c6a-0290bca399c0;418.39;6.19;UNKNOWN
2016-03-18T02:59:46.000000;2016-03-18T02:59:46.000000;9ff51c02-d360-4933-aae8-1ae6a5d3e1d2;418.38;13.81;UNKNOWN
2016-03-18T02:59:52.000000;2016-03-18T02:59:52.000000;fbb45fbb-a667-4ff1-a85d-48bd3dc281d4;418.11;6.06649378;UNKNOWN
2016-03-18T02:59:52.000000;2016-03-18T02:59:52.000000;a1f49fc5-6e54-4df0-a979-411e4f7d35b2;417.65;4.64435826;UNKNOWN
2016-03-18T02:59:52.000000;2016-03-18T02:59:52.000000;3e321da3-b9de-4c38-ae2f-f6e2ab1bb112;417.65;4.64457398;UNKNOWN
2016-03-18T02:59:52.000000;2016-03-18T02:59:52.000000;e9297d49-2c12-4dae-84c8-faad2ee13b90;417.65;4.64457398;UNKNOWN
2016-03-18T03:00:05.000000;2016-03-18T03:00:05.000000;8f385a5e-0fe5-41db-947b-e4ecf33db327;417.64;0.09;UNKNOWN
2016-03-18T03:00:05.000000;2016-03-18T03:00:05.000000;a9e459c8-8b56-4b91-8b4b-f8535d2d7ef6;417.64;3.0;UNKNOWN
2016-03-18T03:00:24.000000;2016-03-18T03:00:24.000000;b48c1363-647b-459a-b745-93130e123209;418.1;1.0;UNKNOWN
2016-03-18T03:00:24.000000;2016-03-18T03:00:24.000000;c30e5b04-cc64-42b0-a2aa-c032a598700c;418.09;5.8992;UNKNOWN
2016-03-18T03:00:24.000000;2016-03-18T03:00:24.000000;6f81b6aa-e16b-445d-9499-36bf81f3f3b3;418.33;8.1008;UNKNOWN
2016-03-18T03:00:42.000000;2016-03-18T03:00:42.000000;6b8e5729-70bc-4d11-9671-08b9ac7365dd;417.85;0.6200507;UNKNOWN
2016-03-18T03:01:05.000000;2016-03-18T03:01:05.000000;5cd08dae-19e4-45b1-ac62-a68aa0617d7b;417.88;0.06131222;UNKNOWN
2016-03-18T03:02:18.000000;2016-03-18T03:02:18.000000;cc7f75d3-3dad-4385-9bc6-67b3f0403131;418.21;0.01083435;UNKNOWN
2016-03-18T03:02:23.000000;2016-03-18T03:02:23.000000;9fbb08f7-40b5-41df-a34a-c9272930082b;418.2;0.03487335;UNKNOWN
2016-03-18T03:02:26.000000;2016-03-18T03:02:26.000000;5046243b-6abf-4b41-8a19-ea1ac674c632;418.2;0.03487335;UNKNOWN
2016-03-18T03:02:33.000000;2016-03-18T03:02:33.000000;58b97eea-6e30-4ab9-8157-3e12ba60535e;418.2;0.01273789;UNKNOWN
2016-03-18T03:02:33.000000;2016-03-18T03:02:33.000000;29ab9016-574f-4da8-b064-0f86c0f56b20;418.2;0.034055;UNKNOWN
2016-03-18T03:03:25.000000;2016-03-18T03:03:25.000000;fe69b12d-9274-421d-b0fe-b5eb4b6130fd;418.21;0.11044861;UNKNOWN
2016-03-18T03:03:29.000000;2016-03-18T03:03:29.000000;d2f6f197-e08c-4a69-97b7-47f7617cceb0;418.21;0.01917362;UNKNOWN
2016-03-18T03:03:44.000000;2016-03-18T03:03:44.000000;bbbdcb5d-c8bf-4ae2-8e72-321d136d8a1d;418.21;0.11265139;UNKNOWN
2016-03-18T03:04:04.000000;2016-03-18T03:04:04.000000;384828ca-9e91-465a-a766-ea8307e60ba3;417.91;0.02747641;UNKNOWN
2016-03-18T03:04:04.000000;2016-03-18T03:04:04.000000;de40ec86-893d-4c68-82d6-93a85bbefd25;418.2;0.03799359;UNKNOWN
2016-03-18T03:04:50.000000;2016-03-18T03:04:50.000000;4f824486-6c5c-4a98-bb21-d41ce8d07b6f;418.2;0.01809333;UNKNOWN
2016-03-18T03:04:56.000000;2016-03-18T03:04:56.000000;9f9988dd-91ed-41f0-b261-9415e4bfabec;417.91;0.0266274;UNKNOWN
2016-03-18T03:05:07.000000;2016-03-18T03:05:07.000000;dccf807b-7eaf-478b-b515-a69d6cd086cf;418.2;0.03633353;UNKNOWN
2016-03-18T03:05:18.000000;2016-03-18T03:05:18.000000;3de8e05f-7416-4a1c-9653-1c94240dcb44;418.19;0.975245;UNKNOWN
2016-03-18T03:05:18.000000;2016-03-18T03:05:18.000000;6b184863-f2ad-4c75-93a8-62fe2049988d;418.18;0.024755;UNKNOWN
2016-03-18T03:05:19.000000;2016-03-18T03:05:19.000000;8ccba484-5441-40ca-a72c-32ec6db80ea7;418.19;0.1;UNKNOWN
2016-03-18T03:05:21.000000;2016-03-18T03:05:21.000000;4bba666f-b04d-40a3-82f9-883cbd82621c;418.19;0.02655497;UNKNOWN
2016-03-18T03:05:27.000000;2016-03-18T03:05:27.000000;c4880751-dfb1-422f-b31f-d39d095cbe68;418.06;0.02536026;UNKNOWN
2016-03-18T03:05:47.000000;2016-03-18T03:05:47.000000;97e57ce4-3dcd-4e28-b11b-ba02f12cdc05;417.91;0.017701;UNKNOWN
2016-03-18T03:05:55.000000;2016-03-18T03:05:55.000000;c3bb9cba-df81-44b4-9661-83dff8230e58;417.91;0.041012;UNKNOWN
2016-03-18T03:06:43.000000;2016-03-18T03:06:43.000000;7dc7eebc-1997-41b1-8298-8455870fb896;417.89;0.25652929;UNKNOWN
2016-03-18T03:06:58.000000;2016-03-18T03:06:58.000000;23b798ee-1d7b-478c-a485-22da2399cca4;418.0;1.313;UNKNOWN
2016-03-18T03:11:02.000000;2016-03-18T03:11:02.000000;cdc7e84a-0311-42d8-b2ab-4771250861e5;417.89;0.66667071;UNKNOWN
2016-03-18T03:11:02.000000;2016-03-18T03:11:02.000000;ff385e66-3ac9-456a-ae75-c001d4b2788c;417.78;2.33332929;UNKNOWN
2016-03-18T03:11:20.000000;2016-03-18T03:11:20.000000;0642c722-f3d8-46f7-9d5e-353f2fad60fd;417.86;0.01073414;UNKNOWN
2016-03-18T03:11:53.000000;2016-03-18T03:11:53.000000;84424c71-7ba0-4292-8a25-128f6fe2e9ec;417.86;0.10906586;UNKNOWN
2016-03-18T03:13:56.000000;2016-03-18T03:13:56.000000;e4e7df1b-924e-4b7c-b932-a99c33af73ae;417.75;0.064887;UNKNOWN
2016-03-18T03:13:56.000000;2016-03-18T03:13:56.000000;c2f1ab60-7d8a-4168-a97e-d86ea487fe1b;417.75;2.13;UNKNOWN
2016-03-18T03:15:06.000000;2016-03-18T03:15:06.000000;fde1fe25-90a9-4b34-b7df-48d9d075ad3e;417.82;1.3;UNKNOWN
2016-03-18T03:15:16.000000;2016-03-18T03:15:16.000000;4db7962f-640a-4a46-9151-dab76764a50f;417.7;0.01746889;UNKNOWN
2016-03-18T03:15:37.000000;2016-03-18T03:15:37.000000;3c5c3b58-8351-4d1d-848d-3efa2a938ce9;417.71;0.022;UNKNOWN
2016-03-18T03:16:37.000000;2016-03-18T03:16:37.000000;e8a5d9a0-fdb4-409c-84d2-ec5829b1e994;417.71;0.01062961;UNKNOWN
2016-03-18T03:16:47.000000;2016-03-18T03:16:47.000000;1ab814da-2906-4ed9-99c7-3990aa0147c2;417.69;0.01470133;UNKNOWN
2016-03-18T03:16:54.000000;2016-03-18T03:16:54.000000;0642550f-d088-4411-99ed-cd82276f8291;417.69;0.01253785;UNKNOWN
2016-03-18T03:17:31.000000;2016-03-18T03:17:31.000000;bdb6e01b-f7f9-436c-a105-420ceacdeb20;417.67;0.9201;UNKNOWN
2016-03-18T03:17:31.000000;2016-03-18T03:17:31.000000;bed5a70b-a8bf-4e59-8d52-28a24330f31c;417.68;5.9368;UNKNOWN
2016-03-18T03:21:37.000000;2016-03-18T03:21:37.000000;782a6d3f-1cff-4f17-8aea-9f60bf017d60;417.42;0.675273;UNKNOWN
2016-03-18T03:21:42.000000;2016-03-18T03:21:42.000000;d9caa6c4-6a79-44db-9f86-32598451de9f;417.42;0.67094;UNKNOWN
2016-03-18T03:22:19.000000;2016-03-18T03:22:19.000000;1b052f5f-446d-4ba1-b59f-acb9cf87e204;417.42;4.637187;UNKNOWN
2016-03-18T03:22:19.000000;2016-03-18T03:22:19.000000;04656ea1-7197-4570-957b-d681e0033fe6;417.3;0.02075481;UNKNOWN
2016-03-18T03:22:19.000000;2016-03-18T03:22:19.000000;5ce9478f-b979-43e0-bbc3-bfb0fe19ef4e;417.12;2.53780924;UNKNOWN
2016-03-18T03:23:47.000000;2016-03-18T03:23:47.000000;dd8e65d4-9158-4a09-be4f-af88bf96b98e;417.4;0.5;UNKNOWN
2016-03-18T03:23:47.000000;2016-03-18T03:23:47.000000;50a32c1c-1b3f-4fb8-bdbb-66a4c084394a;417.39;3.0;UNKNOWN
2016-03-18T03:23:47.000000;2016-03-18T03:23:47.000000;35de7b55-d6be-4ac7-afc9-bfbe06885213;417.4;5.9756;UNKNOWN
2016-03-18T03:24:55.000000;2016-03-18T03:24:55.000000;093c0ab5-1afb-4c19-8824-00a671dcbabd;417.2;0.9209;UNKNOWN
2016-03-18T03:25:15.000000;2016-03-18T03:25:15.000000;d12c0d36-d920-4bc4-9f32-a60a4737301b;417.13;0.1199263;UNKNOWN
2016-03-18T03:25:34.000000;2016-03-18T03:25:34.000000;836b8bda-3853-449f-9f13-bb4c5e2bb854;417.19;0.9209;UNKNOWN
2016-03-18T03:25:55.000000;2016-03-18T03:25:55.000000;9d37ebf4-8fa9-4bdf-af95-692db9983665;417.2;0.9209;UNKNOWN
2016-03-18T03:26:15.000000;2016-03-18T03:26:15.000000;10395672-3c31-4ad5-bcda-f6565fac942d;417.19;0.182082;UNKNOWN
2016-03-18T03:26:15.000000;2016-03-18T03:26:15.000000;dbfb3e14-e1dc-4736-bb85-3146411a0bbc;417.2;0.738818;UNKNOWN
2016-03-18T03:26:22.000000;2016-03-18T03:26:22.000000;0102c727-f908-4296-947d-72bd390c56fd;417.17;0.056045;UNKNOWN
2016-03-18T03:26:31.000000;2016-03-18T03:26:31.000000;b106f1fe-5ae9-4a06-ae75-3ee33b723362;417.13;0.049705;UNKNOWN
2016-03-18T03:26:36.000000;2016-03-18T03:26:36.000000;2aeedb4a-52eb-4469-bb59-6c63f9168f29;417.16;0.463215;UNKNOWN
2016-03-18T03:26:40.000000;2016-03-18T03:26:40.000000;8859752f-23fc-458a-915d-960fd95bc9a3;417.16;0.036785;UNKNOWN
2016-03-18T03:26:40.000000;2016-03-18T03:26:40.000000;d9ec4f6a-55c7-434b-b1e8-c4bfb6ac9da6;417.15;0.001528;UNKNOWN
2016-03-18T03:26:57.000000;2016-03-18T03:26:57.000000;c971d547-cf19-412d-96c8-7eea72b425d0;417.2;0.9209;UNKNOWN
2016-03-18T03:28:03.000000;2016-03-18T03:28:03.000000;046afe7e-c01c-4872-b55a-a5286c9beb1a;417.05;10.0;UNKNOWN
2016-03-18T03:28:11.000000;2016-03-18T03:28:11.000000;c42fac06-2921-4623-8cea-aefd83683dd9;417.07;5.9449;UNKNOWN
2016-03-18T03:28:11.000000;2016-03-18T03:28:11.000000;10746799-5b83-41fb-bca2-8b5c226a26c8;417.06;4.0551;UNKNOWN
2016-03-18T03:28:23.000000;2016-03-18T03:28:23.000000;7144f4db-e8be-4026-83d2-f800a80859b3;417.1;0.0646;UNKNOWN
2016-03-18T03:28:43.000000;2016-03-18T03:28:43.000000;c8fb4fcf-f601-4ff5-b30f-d7c5d073e49b;417.0;10.0;UNKNOWN
2016-03-18T03:29:16.000000;2016-03-18T03:29:16.000000;902652b8-9c36-4a78-acce-8c8d90f50572;416.98;1.109482;UNKNOWN
2016-03-18T03:29:16.000000;2016-03-18T03:29:16.000000;c970c5e2-8417-4ded-9b9f-98bcc039a1d3;417.0;5.9134;UNKNOWN
2016-03-18T03:30:03.000000;2016-03-18T03:30:03.000000;57f61b44-6ebf-412c-9cbe-636a6eb901e5;417.09;4.0;UNKNOWN
2016-03-18T03:31:15.000000;2016-03-18T03:31:15.000000;82c2da0e-f754-422b-bb88-e4ab606585f0;417.09;4.44;UNKNOWN
2016-03-18T03:31:15.000000;2016-03-18T03:31:15.000000;c60184a0-1790-4238-8e58-6a14871e150e;417.09;0.30428313;UNKNOWN
2016-03-18T03:32:28.000000;2016-03-18T03:32:28.000000;b0099695-da9a-429f-94ea-5e856ff9a92c;417.09;0.4800503;UNKNOWN
2016-03-18T03:32:43.000000;2016-03-18T03:32:43.000000;e47933f0-252b-4fb8-b30c-c65012827b10;417.09;0.1199982;UNKNOWN
2016-03-18T03:33:01.000000;2016-03-18T03:33:01.000000;b039d4b9-3c07-4a17-9a12-f2288f5cab7c;417.09;0.08768168;UNKNOWN
2016-03-18T03:33:05.000000;2016-03-18T03:33:05.000000;8354c868-a187-4fdb-8e1b-f97e0d79f4c8;417.09;0.06043564;UNKNOWN
2016-03-18T03:33:09.000000;2016-03-18T03:33:09.000000;64f5238d-fb96-4b3e-bd10-41fde0039f4e;417.09;0.18091882;UNKNOWN
2016-03-18T03:33:13.000000;2016-03-18T03:33:13.000000;79121c6d-3f6a-4535-90c7-201ea971106e;417.09;0.68436443;UNKNOWN
2016-03-18T03:34:21.000000;2016-03-18T03:34:21.000000;ee7a347b-3c95-4b11-9ae0-62e72e841f00;417.0;0.1;UNKNOWN
2016-03-18T03:34:21.000000;2016-03-18T03:34:21.000000;2bb1b700-4757-4ed7-a957-dcfc47539db8;417.0;0.10910329;UNKNOWN
2016-03-18T03:34:25.000000;2016-03-18T03:34:25.000000;896d768d-4410-4310-b33e-9f55b3b272fe;417.02;0.06562898;UNKNOWN
2016-03-18T03:34:34.000000;2016-03-18T03:34:34.000000;8b4f4f59-575e-4036-af22-576874f1aa83;416.93;0.16081374;UNKNOWN
2016-03-18T03:34:37.000000;2016-03-18T03:34:37.000000;c4814c85-931b-42cd-b239-da637fb99126;416.94;0.67255948;UNKNOWN
2016-03-18T03:34:45.000000;2016-03-18T03:34:45.000000;e668a33c-a242-4f56-a599-e2072c7896b2;416.86;0.12409694;UNKNOWN
2016-03-18T03:34:45.000000;2016-03-18T03:34:45.000000;f3d75cc1-60a2-42b1-a373-d1d3c258bd50;416.86;0.06445714;UNKNOWN
2016-03-18T03:34:45.000000;2016-03-18T03:34:45.000000;120c48ed-075e-43f3-85ff-ffd262ce117b;416.88;0.02077572;UNKNOWN
2016-03-18T03:36:10.000000;2016-03-18T03:36:10.000000;d3d2f7ed-c540-4971-ad50-608843e0c056;417.1;0.000141;UNKNOWN
2016-03-18T03:37:35.000000;2016-03-18T03:37:35.000000;3f7e4487-a199-4027-9f21-0dfa70286d74;417.23;0.06216737;UNKNOWN
2016-03-18T03:37:48.000000;2016-03-18T03:37:48.000000;6e423cb9-3819-412c-8ead-fb30ab9a5dee;417.14;0.61992499;UNKNOWN
2016-03-18T03:37:56.000000;2016-03-18T03:37:56.000000;308bef39-0912-4c2f-aac2-e2164bf64199;417.14;0.18872114;UNKNOWN
2016-03-18T03:38:03.000000;2016-03-18T03:38:03.000000;1f59ef52-6e03-4a7f-8e74-845f28f54e54;417.23;0.1883;UNKNOWN
2016-03-18T03:38:07.000000;2016-03-18T03:38:07.000000;f7cbbb49-10bb-4a6f-b930-2c4ddd04108e;417.23;0.10736542;UNKNOWN
2016-03-18T03:38:19.000000;2016-03-18T03:38:19.000000;c5da3bfb-8757-49ca-a277-cc8c433121b8;417.18;0.10084656;UNKNOWN
2016-03-18T03:38:24.000000;2016-03-18T03:38:24.000000;6184b4cb-b1e7-4460-bd1b-161f95c2b825;417.2;0.10184365;UNKNOWN
2016-03-18T03:38:37.000000;2016-03-18T03:38:37.000000;2514fb9f-0c39-4684-961c-79f8fd407379;417.25;0.10102566;UNKNOWN
2016-03-18T03:38:41.000000;2016-03-18T03:38:41.000000;342da4c9-61be-4616-9693-babd1a46c8ce;417.26;0.10152808;UNKNOWN
2016-03-18T03:38:44.000000;2016-03-18T03:38:44.000000;56235ce2-398d-4565-a509-eba1b188d9b3;417.26;0.10203052;UNKNOWN
2016-03-18T03:40:07.000000;2016-03-18T03:40:07.000000;100eef87-4525-412d-b885-61ce7f0e9045;417.27;0.14221637;UNKNOWN
2016-03-18T03:40:10.000000;2016-03-18T03:40:10.000000;b27813eb-3f0a-4f67-bd82-7fd4d2d27933;417.27;0.05888443;UNKNOWN
2016-03-18T03:40:14.000000;2016-03-18T03:40:14.000000;d1a58f6f-3fe6-4bb1-9b7b-58dcd669044b;417.1;0.03854119;UNKNOWN
2016-03-18T03:40:18.000000;2016-03-18T03:40:18.000000;956b585b-0f95-425c-b136-40d75794591f;417.1;0.08771798;UNKNOWN
2016-03-18T03:40:22.000000;2016-03-18T03:40:22.000000;0d190492-4e36-489a-88d3-1e009c44ffa7;417.1;0.6639983;UNKNOWN
2016-03-18T03:41:41.000000;2016-03-18T03:41:41.000000;b9f9c271-13a7-461e-8761-0bf12f6b4dfc;417.11;0.05634889;UNKNOWN
2016-03-18T03:41:45.000000;2016-03-18T03:41:45.000000;32a6297c-d095-4351-b443-81c99cafea9a;417.1;0.06141678;UNKNOWN
2016-03-18T03:41:47.000000;2016-03-18T03:41:47.000000;a0a6bc34-6e15-41e7-a220-dc0454a4490e;417.13;0.1705;UNKNOWN
2016-03-18T03:41:50.000000;2016-03-18T03:41:50.000000;69571b4f-0330-465a-a00c-8021a05338e9;417.1;0.110255;UNKNOWN
2016-03-18T03:41:54.000000;2016-03-18T03:41:54.000000;df1d9fe2-de98-4e75-aa12-688d055da797;417.11;0.64885812;UNKNOWN
2016-03-18T03:42:56.000000;2016-03-18T03:42:56.000000;649132f7-47c8-4e4e-8b98-c7e933154e7b;417.15;0.18452309;UNKNOWN
2016-03-18T03:43:02.000000;2016-03-18T03:43:02.000000;be1556d0-7da3-46ad-b44e-1a4779055120;417.29;5.0;UNKNOWN
2016-03-18T03:43:34.000000;2016-03-18T03:43:34.000000;2a966c60-04a0-44bd-ab32-b71e9f595d04;417.15;0.298557;UNKNOWN
2016-03-18T03:45:06.000000;2016-03-18T03:45:06.000000;113656ca-36a8-4068-a14d-f60916e28194;417.15;0.124977;UNKNOWN
2016-03-18T03:45:10.000000;2016-03-18T03:45:10.000000;d252eadd-c346-4367-831f-6ebf5acd439e;417.15;0.043289;UNKNOWN
2016-03-18T03:46:25.000000;2016-03-18T03:46:25.000000;00b23aa3-9d1e-404d-b148-0a01a165e104;417.15;0.11368558;UNKNOWN
2016-03-18T03:49:06.000000;2016-03-18T03:49:06.000000;3cc68208-d421-4566-b80f-e6efb4ebdd52;417.15;0.76012;UNKNOWN
2016-03-18T03:49:23.000000;2016-03-18T03:49:23.000000;3787a610-aa8a-4c14-8427-fe499b53fa47;417.15;0.02399618;UNKNOWN
2016-03-18T03:49:29.000000;2016-03-18T03:49:29.000000;f17be319-6cbc-4973-b1c0-379ccc840c38;417.16;0.064843;UNKNOWN
2016-03-18T03:50:01.000000;2016-03-18T03:50:01.000000;64eaf88c-01d3-49a9-85f7-d95f3d61dc3d;417.2;0.15164459;UNKNOWN
2016-03-18T03:50:05.000000;2016-03-18T03:50:05.000000;56dd0945-a45c-427d-acc3-480a10867e65;417.17;0.04583369;UNKNOWN
2016-03-18T03:50:08.000000;2016-03-18T03:50:08.000000;3d3bc8fe-91d6-4c68-92d3-4634f4793379;417.15;0.06086263;UNKNOWN
2016-03-18T03:50:12.000000;2016-03-18T03:50:12.000000;324da3aa-bfa0-42e7-ad24-62444a32d5c0;417.17;0.17648116;UNKNOWN
2016-03-18T03:50:16.000000;2016-03-18T03:50:16.000000;9223fec0-f674-4e80-9d90-0f093bd86f56;417.2;0.69971498;UNKNOWN
2016-03-18T03:50:35.000000;2016-03-18T03:50:35.000000;4ca245ea-02a5-47e2-8fcd-a3c3a3af2c99;417.15;0.67216477;UNKNOWN
2016-03-18T03:50:39.000000;2016-03-18T03:50:39.000000;990d24d2-7486-4053-ab47-939b101c4ec9;417.17;0.04943146;UNKNOWN
2016-03-18T03:50:43.000000;2016-03-18T03:50:43.000000;2f69105a-8c18-45be-b778-36650974a96a;417.16;0.0742967;UNKNOWN
2016-03-18T03:50:47.000000;2016-03-18T03:50:47.000000;0e35d2e8-f0ba-42d3-99da-c65fdc3a2857;417.15;0.13495669;UNKNOWN
2016-03-18T03:50:51.000000;2016-03-18T03:50:51.000000;7222b212-6f11-43fa-8460-d1108ddd4736;417.15;0.16136358;UNKNOWN
2016-03-18T03:50:55.000000;2016-03-18T03:50:55.000000;6cc4d9b5-3da4-4fbd-bed0-7bc3c202dec2;417.15;0.02159102;UNKNOWN
2016-03-18T03:50:58.000000;2016-03-18T03:50:58.000000;d0170ddd-8695-4bf4-acc2-d1a5e84daad9;417.15;0.1570454;UNKNOWN
2016-03-18T03:51:15.000000;2016-03-18T03:51:15.000000;399bc660-4732-4e96-9159-4a29c1648ab2;417.26;0.1204307;UNKNOWN
2016-03-18T03:51:15.000000;2016-03-18T03:51:15.000000;9409b053-b5a2-47a0-ac5e-ac81b79c4abe;417.27;0.91595145;UNKNOWN
2016-03-18T03:52:03.000000;2016-03-18T03:52:03.000000;8f5b40b8-d3f7-4658-b16a-04d528071b0a;417.27;0.7814;UNKNOWN
2016-03-18T03:52:15.000000;2016-03-18T03:52:15.000000;634618f2-7cb0-4f5e-9d1d-d86325441a0e;417.27;0.0182;UNKNOWN
2016-03-18T03:52:35.000000;2016-03-18T03:52:35.000000;2ddee759-574c-464b-8d14-890b2becf01e;417.21;2.39921612;UNKNOWN
2016-03-18T03:52:40.000000;2016-03-18T03:52:40.000000;caf7354c-6973-418e-bdd2-ef331f5f3931;417.21;0.1404968;UNKNOWN
2016-03-18T03:52:42.000000;2016-03-18T03:52:42.000000;4ddbd114-3822-4079-901c-e212186a2228;417.27;0.021;UNKNOWN
2016-03-18T03:52:43.000000;2016-03-18T03:52:43.000000;2b445d63-b490-4094-8e00-e5262909f51f;417.27;0.5249;UNKNOWN
2016-03-18T03:52:43.000000;2016-03-18T03:52:43.000000;03bd51e6-147f-4572-8ad6-c6702ca57b11;417.21;0.06247203;UNKNOWN
2016-03-18T03:52:47.000000;2016-03-18T03:52:47.000000;4115b81a-482d-41f2-8f74-2665b92b131f;417.27;0.021;UNKNOWN
2016-03-18T03:52:48.000000;2016-03-18T03:52:48.000000;1fe97886-e090-448f-85f6-b5f88eadaa94;417.21;0.05748532;UNKNOWN
2016-03-18T03:52:52.000000;2016-03-18T03:52:52.000000;32120cdc-26ec-4e7a-a744-2f417d4cb350;417.21;0.13577996;UNKNOWN
2016-03-18T03:52:53.000000;2016-03-18T03:52:53.000000;5f886cdb-c5f5-48bb-a2d9-e6daadd7ff6c;417.27;0.0205;UNKNOWN
2016-03-18T03:52:56.000000;2016-03-18T03:52:56.000000;b5b71a10-77ed-4635-800c-9275640bb5cb;417.21;0.62241003;UNKNOWN
2016-03-18T03:52:59.000000;2016-03-18T03:52:59.000000;3b53ab35-5da7-410c-928b-55ccdd5c21a9;417.27;0.021;UNKNOWN
2016-03-18T03:53:15.000000;2016-03-18T03:53:15.000000;d2932983-213e-4f49-a661-950dbc077636;417.16;0.05224412;UNKNOWN
2016-03-18T03:53:55.000000;2016-03-18T03:53:55.000000;51c7109a-ac26-4601-bdf3-1886dfd64c57;417.15;0.07010037;UNKNOWN
2016-03-18T03:54:01.000000;2016-03-18T03:54:01.000000;f8d06d8f-3aba-4fd4-8bd6-1d93a756f2df;417.15;0.18808907;UNKNOWN
2016-03-18T03:54:04.000000;2016-03-18T03:54:04.000000;de7ba095-61d8-42c4-b46d-314ee4547893;417.15;0.14832148;UNKNOWN
2016-03-18T03:54:09.000000;2016-03-18T03:54:09.000000;e64b5623-e385-4c1e-88d3-4fecaf03436f;417.15;0.04745596;UNKNOWN
2016-03-18T03:54:12.000000;2016-03-18T03:54:12.000000;6988bac6-8662-4a07-88bb-95b7e4a484ff;417.23;0.07103888;UNKNOWN
2016-03-18T03:54:16.000000;2016-03-18T03:54:16.000000;c9c8801d-ec64-4fa8-9c85-16be74e64f49;417.15;0.13879275;UNKNOWN
2016-03-18T03:54:19.000000;2016-03-18T03:54:19.000000;213f78d9-58eb-459a-9568-f205807403f2;417.21;0.06649388;UNKNOWN
2016-03-18T03:54:23.000000;2016-03-18T03:54:23.000000;352a9cc6-50a0-4c31-87ac-950b7acd07f2;417.15;0.01970562;UNKNOWN
2016-03-18T03:54:27.000000;2016-03-18T03:54:27.000000;05e4612e-3ba1-4a6f-afca-29c9d723111f;417.15;0.04584536;UNKNOWN
2016-03-18T03:54:27.000000;2016-03-18T03:54:27.000000;2c2c0598-4db1-4570-bdd5-46b31cb86726;417.16;0.13;UNKNOWN
2016-03-18T03:54:31.000000;2016-03-18T03:54:31.000000;e3d622eb-8399-4073-a85b-a4d68cf16366;417.15;0.0487705;UNKNOWN
2016-03-18T03:54:35.000000;2016-03-18T03:54:35.000000;645aaab3-0421-4ad5-b586-acf3d2653d33;417.15;0.08278122;UNKNOWN
2016-03-18T03:54:47.000000;2016-03-18T03:54:47.000000;0f9fbee4-ea56-4d15-a1ab-1af5ba8002c4;417.15;0.06314273;UNKNOWN
2016-03-18T03:54:51.000000;2016-03-18T03:54:51.000000;1ec52eb2-7925-4687-ac6e-1bacc81f0eb2;417.15;0.64145383;UNKNOWN
2016-03-18T03:54:54.000000;2016-03-18T03:54:54.000000;279789e0-85c3-475c-a870-7e193714ac68;417.15;0.19659683;UNKNOWN
2016-03-18T03:54:58.000000;2016-03-18T03:54:58.000000;c83940d8-1a65-437d-b663-d0dc5c9f980b;417.15;0.1294983;UNKNOWN
2016-03-18T03:55:02.000000;2016-03-18T03:55:02.000000;aad20a20-7e25-4a14-aa64-2aa8f70eeff6;417.15;0.02703468;UNKNOWN
2016-03-18T03:55:05.000000;2016-03-18T03:55:05.000000;66ec0895-16e4-4588-ac82-469e25930161;417.26;0.0577;UNKNOWN
2016-03-18T03:55:06.000000;2016-03-18T03:55:06.000000;0cc838cf-f80d-4c7d-ac3e-fd3cd074e830;417.15;0.06352262;UNKNOWN
2016-03-18T03:55:10.000000;2016-03-18T03:55:10.000000;8e9b4b14-416b-4fe6-ba12-1c82c6fb6fb8;417.15;0.02043047;UNKNOWN
2016-03-18T03:55:15.000000;2016-03-18T03:55:15.000000;6e83a615-9ee3-4bc2-898a-c6878c265504;417.15;0.31132627;UNKNOWN
2016-03-18T03:55:15.000000;2016-03-18T03:55:15.000000;899f1b9b-4f90-4119-ac60-44adf955fffb;417.07;0.16256439;UNKNOWN
2016-03-18T03:55:25.000000;2016-03-18T03:55:25.000000;d7408b66-5ee5-480e-91ba-22ad3f83e7f0;417.07;0.01587163;UNKNOWN
2016-03-18T03:55:28.000000;2016-03-18T03:55:28.000000;881a4081-47dd-42e4-ad79-3e669e8a0e13;417.07;0.16894252;UNKNOWN
2016-03-18T03:55:32.000000;2016-03-18T03:55:32.000000;bceae5ef-9ed7-4ae3-80e5-1c8197a704c5;417.07;0.16067705;UNKNOWN
2016-03-18T03:55:35.000000;2016-03-18T03:55:35.000000;5a96317a-1dda-4eab-a001-1bcac4ca68ba;417.05;0.04750699;UNKNOWN
2016-03-18T03:55:54.000000;2016-03-18T03:55:54.000000;835c854d-0052-42fe-a949-be69adbae469;417.05;0.08003127;UNKNOWN
2016-03-18T03:55:58.000000;2016-03-18T03:55:58.000000;2f9cec90-28a4-463c-a4ad-52dbe18f0441;417.05;0.06950217;UNKNOWN
2016-03-18T03:56:01.000000;2016-03-18T03:56:01.000000;1830bea5-e50f-4137-8713-bcb70b56faf1;417.05;0.1784543;UNKNOWN
2016-03-18T03:56:05.000000;2016-03-18T03:56:05.000000;b0c2f2d2-bac5-4f45-b168-b4280f8a9fe4;417.05;0.11311428;UNKNOWN
2016-03-18T03:56:10.000000;2016-03-18T03:56:10.000000;7a12a262-6d27-428f-a826-bc8ecc06a9f6;417.05;4.14934102;UNKNOWN
2016-03-18T03:56:10.000000;2016-03-18T03:56:10.000000;4a87328c-fb97-4556-80fe-6c5ad4249748;417.03;0.03427976;UNKNOWN
2016-03-18T03:56:14.000000;2016-03-18T03:56:14.000000;478e8d11-76e5-4de0-b0ae-16730f2f7cfd;416.98;0.04342933;UNKNOWN
2016-03-18T03:56:18.000000;2016-03-18T03:56:18.000000;1d71823c-15e0-4e0e-af6c-c78d0f38d7d0;417.01;0.16444189;UNKNOWN
2016-03-18T03:56:42.000000;2016-03-18T03:56:42.000000;24e9ac60-b7ae-4673-9335-755b16cebdd4;417.05;0.8;UNKNOWN
2016-03-18T03:57:21.000000;2016-03-18T03:57:21.000000;0e0d129f-da90-4cae-8d0d-96e69b7d4f57;417.01;0.05956394;UNKNOWN
2016-03-18T03:57:24.000000;2016-03-18T03:57:24.000000;b2394dbe-d7e8-4f82-9f2a-a96070047de9;417.01;0.03665497;UNKNOWN
2016-03-18T03:57:28.000000;2016-03-18T03:57:28.000000;7d7b92cb-6a9b-4978-8986-74687be34411;417.01;0.19328941;UNKNOWN
2016-03-18T03:57:34.000000;2016-03-18T03:57:34.000000;eb83bc90-cc87-4cfd-b501-e1bde2c3b8d4;417.02;0.11986557;UNKNOWN
2016-03-18T03:57:38.000000;2016-03-18T03:57:38.000000;0992d582-4748-40b4-bd66-483df13d7f7a;417.01;0.14127878;UNKNOWN
2016-03-18T03:57:42.000000;2016-03-18T03:57:42.000000;1fe72b0e-9bf1-40aa-a45d-b4510a7897a1;417.01;0.03331052;UNKNOWN
2016-03-18T03:57:46.000000;2016-03-18T03:57:46.000000;8b4278cf-cc48-443c-859e-8d03d6c74e60;417.01;0.06520728;UNKNOWN
2016-03-18T03:57:50.000000;2016-03-18T03:57:50.000000;7553dd07-8ded-42a3-8a2b-ef687f1f6cf4;417.01;0.04375448;UNKNOWN
2016-03-18T03:57:53.000000;2016-03-18T03:57:53.000000;ebe08f53-571a-4616-b0e5-c03f07893454;417.01;0.08217512;UNKNOWN
2016-03-18T03:57:57.000000;2016-03-18T03:57:57.000000;1d5e562c-5307-4b1b-8a07-efebfbf6b6de;417.01;0.15845508;UNKNOWN
2016-03-18T03:58:01.000000;2016-03-18T03:58:01.000000;c669ee31-3efb-482b-854d-f20d9881e1f9;417.03;0.03020154;UNKNOWN
2016-03-18T03:58:10.000000;2016-03-18T03:58:10.000000;3364fb46-b7ab-4890-b873-bc2107193177;417.03;0.12624331;UNKNOWN
2016-03-18T03:59:36.000000;2016-03-18T03:59:36.000000;9b51a324-aeb2-4f80-be4e-a997e277914b;417.03;0.01924879;UNKNOWN
2016-03-18T03:59:51.000000;2016-03-18T03:59:51.000000;ab467cef-abdc-4414-a5f3-70e020ceae17;417.03;0.12828175;UNKNOWN
2016-03-18T04:00:02.000000;2016-03-18T04:00:02.000000;5997052f-acce-415b-b820-20181048b20f;417.03;0.03157564;UNKNOWN
2016-03-18T04:00:05.000000;2016-03-18T04:00:05.000000;3762c4ce-8655-4d6b-a6ed-d35dcceddb5c;417.21;0.1893391;UNKNOWN
2016-03-18T04:00:05.000000;2016-03-18T04:00:05.000000;d723c17b-abea-4ad8-9bb5-5177ac372114;417.05;0.05065898;UNKNOWN
2016-03-18T04:00:17.000000;2016-03-18T04:00:17.000000;ba17ffdf-46a8-4031-a24f-7077f793f133;417.04;0.9481;UNKNOWN
2016-03-18T04:00:18.000000;2016-03-18T04:00:18.000000;90fcc0f2-0065-492b-908a-114279ca9463;417.04;0.5044823;UNKNOWN
2016-03-18T04:00:18.000000;2016-03-18T04:00:18.000000;d473edbc-484c-48df-925d-e77f91204228;417.04;0.05722714;UNKNOWN
2016-03-18T04:00:19.000000;2016-03-18T04:00:19.000000;2cae772f-eb3d-492d-96e3-e8d842e8e935;417.04;0.04110921;UNKNOWN
2016-03-18T04:01:21.000000;2016-03-18T04:01:21.000000;fca48b0b-2fc2-448c-a485-1daeb3a98da6;417.19;1.0;UNKNOWN
2016-03-18T04:01:40.000000;2016-03-18T04:01:40.000000;fd0f3652-6531-4f69-bc42-02de05d316a0;417.19;0.0235;UNKNOWN
2016-03-18T04:01:45.000000;2016-03-18T04:01:45.000000;f8ff05ea-1d82-431d-a123-55796af140f4;417.19;0.0232;UNKNOWN
2016-03-18T04:01:50.000000;2016-03-18T04:01:50.000000;2460770e-465c-4240-b42d-f967b5838199;417.19;0.035;UNKNOWN
2016-03-18T04:01:54.000000;2016-03-18T04:01:54.000000;25920f17-dbad-4c35-910f-fd2a77213f17;417.19;0.0306;UNKNOWN
2016-03-18T04:02:05.000000;2016-03-18T04:02:05.000000;7d8f01c2-bb9b-42fc-a070-676226b1bcb5;417.19;0.37;UNKNOWN
2016-03-18T04:03:06.000000;2016-03-18T04:03:06.000000;898028a6-fc61-4e43-bd5e-d46b41f06b05;417.19;4.4297;UNKNOWN
2016-03-18T04:06:19.000000;2016-03-18T04:06:19.000000;6f527848-0519-4809-9030-d9b73c891e2d;417.58;0.05937396;UNKNOWN
2016-03-18T04:07:18.000000;2016-03-18T04:07:18.000000;64b75e54-be7c-4b5b-9efd-c0b1f87cbeb4;417.75;0.04184547;UNKNOWN
2016-03-18T04:07:21.000000;2016-03-18T04:07:21.000000;31708123-16ca-4e26-8fbb-48b87541f6cb;417.75;0.12329927;UNKNOWN
2016-03-18T04:08:08.000000;2016-03-18T04:08:08.000000;3a62a043-6380-454d-a8e6-110ccad997e1;417.77;0.23474897;UNKNOWN
2016-03-18T04:08:08.000000;2016-03-18T04:08:08.000000;bb8c236f-5975-4bff-9f3d-b65f042fc12f;417.75;0.26525103;UNKNOWN
2016-03-18T04:09:22.000000;2016-03-18T04:09:22.000000;933c2340-e13c-4d26-a3d0-660d5712d215;417.75;0.06065814;UNKNOWN
2016-03-18T04:12:46.000000;2016-03-18T04:12:46.000000;00dc56b5-fdb4-4fb8-9850-ea0606267fb9;418.0;0.05;UNKNOWN
2016-03-18T04:12:46.000000;2016-03-18T04:12:46.000000;a2bfd812-f1ef-4b2f-b7f1-d198c43b41bb;417.78;0.01;UNKNOWN
2016-03-18T04:12:46.000000;2016-03-18T04:12:46.000000;3f31c2e1-bf19-4365-9491-343e2b987b12;418.15;1.72037376;UNKNOWN
2016-03-18T04:12:46.000000;2016-03-18T04:12:46.000000;528a3c35-d905-4dcc-847d-dfa0f4390b74;417.77;0.21962624;UNKNOWN
2016-03-18T04:13:00.000000;2016-03-18T04:13:00.000000;7524d522-8034-450f-a94e-b792b6be466f;417.81;0.15852827;UNKNOWN
2016-03-18T04:13:07.000000;2016-03-18T04:13:07.000000;1b46b02a-0c92-4c39-94be-65e9652acb36;417.83;0.08197685;UNKNOWN
2016-03-18T04:13:13.000000;2016-03-18T04:13:13.000000;c47b90f6-ea55-4044-8ba6-bc346760a7cb;417.83;0.05349371;UNKNOWN
2016-03-18T04:14:00.000000;2016-03-18T04:14:00.000000;4e4bdae2-ce83-4f1c-ad9f-deb26dbace84;417.83;0.277401;UNKNOWN
2016-03-18T04:14:02.000000;2016-03-18T04:14:02.000000;4f221e67-dde1-4519-9471-533ed3e7caca;417.83;0.112092;UNKNOWN
2016-03-18T04:16:49.000000;2016-03-18T04:16:49.000000;00f6a24c-7141-4422-aa92-cac018ed71e5;417.84;0.0403;UNKNOWN
2016-03-18T04:19:01.000000;2016-03-18T04:19:01.000000;940232a2-9c32-452c-8655-263d04bd1409;417.83;0.02036;UNKNOWN
2016-03-18T04:19:09.000000;2016-03-18T04:19:09.000000;cfea0c73-7d00-46fd-ae69-2c7a032ccb9b;417.84;0.0299;UNKNOWN
2016-03-18T04:20:42.000000;2016-03-18T04:20:42.000000;5e51154c-7a84-436a-b638-cb33db929a5c;417.83;0.027081;UNKNOWN
2016-03-18T04:21:06.000000;2016-03-18T04:21:06.000000;87b377ed-5f07-4583-ad7f-b70763673e1e;417.83;3.65842781;UNKNOWN
2016-03-18T04:21:21.000000;2016-03-18T04:21:21.000000;91f1b8e1-3c65-4f68-a245-01e7c674ddbf;417.59;0.074964;UNKNOWN
2016-03-18T04:23:56.000000;2016-03-18T04:23:56.000000;fc9fd292-956b-4b21-b412-8124ded4568b;417.64;0.02973621;UNKNOWN
2016-03-18T04:24:01.000000;2016-03-18T04:24:01.000000;86fd759d-10a6-4b77-8108-02a245e295f5;417.63;0.02507893;UNKNOWN
2016-03-18T04:24:05.000000;2016-03-18T04:24:05.000000;c8371404-68b3-48bb-ad07-f8f8bc743d76;417.62;0.04498225;UNKNOWN
2016-03-18T04:24:27.000000;2016-03-18T04:24:27.000000;aaf4b6ce-5c3b-4392-9c25-e69d0e12270c;417.64;0.18639938;UNKNOWN
2016-03-18T04:24:38.000000;2016-03-18T04:24:38.000000;cbf60634-5a28-4dfa-b532-8a248697b3f2;417.62;0.01959622;UNKNOWN
2016-03-18T04:24:50.000000;2016-03-18T04:24:50.000000;a02dc450-281f-485f-98e2-35416beaee0c;417.62;0.01955401;UNKNOWN
2016-03-18T04:26:40.000000;2016-03-18T04:26:40.000000;70eb76a4-a2f7-45b8-9d73-23bccebbebb4;417.62;0.01468283;UNKNOWN
2016-03-18T04:27:06.000000;2016-03-18T04:27:06.000000;90724bbe-b98a-404d-940e-7f7d524abd98;417.79;0.10798802;UNKNOWN
2016-03-18T04:28:05.000000;2016-03-18T04:28:05.000000;2fbcee26-73ee-473e-a456-39fd4cb8f40c;417.62;0.5;UNKNOWN
2016-03-18T04:29:11.000000;2016-03-18T04:29:11.000000;8e49f529-d3ab-4a86-b587-770b0b6215c3;417.79;0.11249671;UNKNOWN
2016-03-18T04:29:15.000000;2016-03-18T04:29:15.000000;f42e1bd4-b60f-4da9-800a-a5d9d785e154;417.58;0.0646842;UNKNOWN
2016-03-18T04:31:15.000000;2016-03-18T04:31:15.000000;39bd3770-910c-48af-a285-2b606867dab5;417.58;0.5;UNKNOWN
2016-03-18T04:31:15.000000;2016-03-18T04:31:15.000000;4a0a6e3b-7062-42d9-8ebf-8eb6e6892110;417.57;1.85927769;UNKNOWN
2016-03-18T04:34:06.000000;2016-03-18T04:34:06.000000;f57ad2ca-8bfb-4718-adb3-59f421778488;417.7;5.0;UNKNOWN
2016-03-18T04:35:13.000000;2016-03-18T04:35:13.000000;4400ee04-f6ef-412c-86ff-e2c4f12ee318;417.77;0.0276;UNKNOWN
2016-03-18T04:35:18.000000;2016-03-18T04:35:18.000000;038c5fbb-130d-437b-9a93-097c97689e49;417.77;0.0444;UNKNOWN
2016-03-18T04:36:03.000000;2016-03-18T04:36:03.000000;d967f245-f22f-4b34-8eda-d6635fb48947;417.75;0.1;UNKNOWN
2016-03-18T04:36:50.000000;2016-03-18T04:36:50.000000;9f4a7a00-aaac-4145-8fa8-31e444384fb1;417.75;0.54578097;UNKNOWN
2016-03-18T04:36:51.000000;2016-03-18T04:36:51.000000;fff239bd-b627-49d3-bf2a-bc5b2db44a86;417.59;2.0;UNKNOWN
2016-03-18T04:38:06.000000;2016-03-18T04:38:06.000000;ee798d6b-18ff-4d8d-a17a-ad46b0495763;417.42;1.2225;UNKNOWN
2016-03-18T04:38:07.000000;2016-03-18T04:38:07.000000;21d33c75-5385-4da7-bca7-9d90e56b19ac;417.41;0.03;UNKNOWN
2016-03-18T04:39:39.000000;2016-03-18T04:39:39.000000;dddd1c5f-266d-4248-8f20-4008fcd7ac17;417.41;0.24;UNKNOWN
2016-03-18T04:42:05.000000;2016-03-18T04:42:05.000000;5c538ba9-d419-4a60-92cc-d55b6aa6ca96;417.65;0.07207555;UNKNOWN
2016-03-18T04:42:10.000000;2016-03-18T04:42:10.000000;9101a8b0-d5b4-43b5-8d37-02b48da55df7;417.63;0.10696035;UNKNOWN
2016-03-18T04:42:15.000000;2016-03-18T04:42:15.000000;1ef90a1b-fbd6-45a8-850d-e0dac417d5d8;417.63;0.02389457;UNKNOWN
2016-03-18T04:43:35.000000;2016-03-18T04:43:35.000000;87d5ef08-c571-453f-a50b-012f6b56c318;417.54;0.03642382;UNKNOWN
2016-03-18T04:43:50.000000;2016-03-18T04:43:50.000000;4e26d082-4383-4333-9661-ca8fa1c323e1;417.57;0.01052652;UNKNOWN
2016-03-18T04:44:13.000000;2016-03-18T04:44:13.000000;4b5be638-42d2-4424-a8e3-cb61c0c96923;417.63;0.10727947;UNKNOWN
2016-03-18T04:44:18.000000;2016-03-18T04:44:18.000000;fff223e5-054a-4da7-9d67-bc5332f71d28;418.01;0.03563492;UNKNOWN
2016-03-18T04:44:18.000000;2016-03-18T04:44:18.000000;fc3bb29f-2ab8-4aa1-a8e2-a3c9cd5a53a5;417.55;0.62856557;UNKNOWN
2016-03-18T04:44:19.000000;2016-03-18T04:44:19.000000;00a55e1a-decc-4539-8ac7-98d230434a09;418.0;0.01960053;UNKNOWN
2016-03-18T04:44:20.000000;2016-03-18T04:44:20.000000;4f5acb47-970e-4272-bb62-490afd31227b;417.55;0.06079543;UNKNOWN
2016-03-18T04:44:23.000000;2016-03-18T04:44:23.000000;368e1b1e-c30e-4eb4-be75-e9cf06d2c61d;417.56;0.03039813;UNKNOWN
2016-03-18T04:44:24.000000;2016-03-18T04:44:24.000000;d2aca30a-e93d-49fd-a397-9cb922e8d24d;417.56;0.05135808;UNKNOWN
2016-03-18T04:44:26.000000;2016-03-18T04:44:26.000000;2775c0f5-10d9-4714-b0c1-50ebe80b94eb;417.55;0.02567914;UNKNOWN
2016-03-18T04:44:27.000000;2016-03-18T04:44:27.000000;4c9db1fd-4601-40bc-b533-878464fc8df0;417.96;0.01078014;UNKNOWN
2016-03-18T04:44:28.000000;2016-03-18T04:44:28.000000;b86bbb43-76b2-4b04-8d8f-c46439b20ec3;417.95;0.01753678;UNKNOWN
2016-03-18T04:44:29.000000;2016-03-18T04:44:29.000000;54057cbc-e6c4-44c5-bbf0-25979e7c21e0;417.55;0.05365002;UNKNOWN
2016-03-18T04:44:39.000000;2016-03-18T04:44:39.000000;07893ec8-d783-4cc3-acd7-9e95696a90f6;417.61;0.01937711;UNKNOWN
2016-03-18T04:44:41.000000;2016-03-18T04:44:41.000000;190c3798-5f85-4bf8-a739-2a3945884ba5;417.61;0.01065741;UNKNOWN
2016-03-18T04:46:17.000000;2016-03-18T04:46:17.000000;dd931426-25e0-4ec4-852d-b92fd2661e39;417.78;0.5;UNKNOWN
2016-03-18T04:46:17.000000;2016-03-18T04:46:17.000000;a483b14a-1b25-4f03-90a1-fb2c0cab6f70;417.78;0.86707336;UNKNOWN
