time_exchange;time_coinpai;guid;price;base_amount;taker_side
2016-04-28T00:00:30.710215;2016-04-28T00:00:30.705951;8e402593-3595-41ee-86d9-e009ff4353a7;445.31;2.06321;BUY
2016-04-28T00:01:01.438261;2016-04-28T00:01:01.484895;b582a0e9-47fc-455d-b85e-abdf469307e9;445.31;0.41001;BUY
2016-04-28T00:01:32.034799;2016-04-28T00:01:32.078655;34400968-d80e-45ec-ab95-e1414e5db9d1;445.31;2.5451;BUY
2016-04-28T00:01:32.035095;2016-04-28T00:01:32.094277;97303954-cf6f-4d72-ac59-22f94b6b98e5;445.31;0.57;BUY
2016-04-28T00:01:32.035316;2016-04-28T00:01:32.094277;cc319766-2b4f-44d3-905a-bc55c84f3e36;445.32;0.01;BUY
2016-04-28T00:01:32.035512;2016-04-28T00:01:32.109904;cd616248-9a60-4be7-a1be-a8deef368ea3;445.34;0.01;BUY
2016-04-28T00:01:32.035738;2016-04-28T00:01:32.109904;ff1abf0e-c3f0-4a82-a8a5-0aa86569f894;445.35;0.14594896;BUY
2016-04-28T00:01:32.035927;2016-04-28T00:01:32.188028;6bb6eae6-0cec-4ada-affb-6f4cd44084d1;445.35;0.65;BUY
2016-04-28T00:01:32.036139;2016-04-28T00:01:32.188028;e08e2b3d-d3c0-49c5-a169-1adc014b6bba;445.36;0.01;BUY
2016-04-28T00:01:32.036330;2016-04-28T00:01:32.188028;168c4967-46a7-45f3-beef-914280150a06;445.36;0.624;BUY
2016-04-28T00:01:32.036517;2016-04-28T00:01:32.188028;76dadbbe-001f-43da-a73e-2d9be2718d90;445.37;0.01;BUY
2016-04-28T00:01:32.036730;2016-04-28T00:01:32.188028;7fb8c0c6-b184-4e9c-bba8-4e4d5808af69;445.41;0.582;BUY
2016-04-28T00:01:32.036911;2016-04-28T00:01:32.188028;18a8abc6-0d63-48a7-bd84-a266e52de9b4;445.42;8.06494104;BUY
2016-04-28T00:01:48.302697;2016-04-28T00:01:48.359913;121c4591-9c10-4843-8e40-3dd241dcaf46;445.34;0.01;BUY
2016-04-28T00:01:48.303148;2016-04-28T00:01:48.375538;3500490f-087c-4c4f-941c-ea12aa2e1a48;445.35;0.01;BUY
2016-04-28T00:01:48.303394;2016-04-28T00:01:48.375538;950f83f2-b46f-4347-8603-cf26508ec79e;445.36;0.01;BUY
2016-04-28T00:01:48.303662;2016-04-28T00:01:48.375538;f09b6bcf-6c70-4f44-8487-8f2b4288b647;445.36;0.01;BUY
2016-04-28T00:01:48.303873;2016-04-28T00:01:48.375538;e722fa6b-3434-4d75-a38a-bba59ac17a7f;445.36;0.089;BUY
2016-04-28T00:01:48.304107;2016-04-28T00:01:48.438046;a3f340c0-b4c1-4088-aa99-9c2cc1174fcd;445.39;0.01;BUY
2016-04-28T00:01:48.304604;2016-04-28T00:01:48.438046;8849f66a-d015-4e62-a73b-2127b54f884e;445.41;0.01;BUY
2016-04-28T00:01:48.304824;2016-04-28T00:01:48.438046;69bb9008-9eab-4554-bf58-6368214c95b6;445.41;0.101;BUY
2016-04-28T00:01:48.305201;2016-04-28T00:01:48.438046;c42abaf7-8a42-4b9a-828a-1a769d71b975;445.42;0.5;BUY
2016-04-28T00:01:48.305406;2016-04-28T00:01:48.438046;d74adfe7-de14-4dea-852b-a1657da01342;445.44;0.63;BUY
2016-04-28T00:01:48.305611;2016-04-28T00:01:48.469289;4fc73fad-9697-4ae1-b4a2-caaf62225825;445.46;0.01;BUY
2016-04-28T00:01:48.305800;2016-04-28T00:01:48.469289;ba8535cd-7d93-4bab-94c5-b4194d552d63;445.47;0.02;BUY
2016-04-28T00:01:48.306029;2016-04-28T00:01:48.469289;921926f9-2c5d-44a8-8a6f-96a42a677269;445.47;0.58379586;BUY
2016-04-28T00:01:48.306498;2016-04-28T00:01:48.469289;96fc8e3d-3087-497d-8cb5-f339233c6d1e;445.48;0.01;BUY
2016-04-28T00:01:48.306701;2016-04-28T00:01:48.469289;0ac889aa-c34c-4769-8fa4-507867aef52b;445.51;0.607;BUY
2016-04-28T00:01:48.306906;2016-04-28T00:01:48.469289;028c6e76-8e92-46c6-9cda-6a0b17d9c885;445.54;0.01;BUY
2016-04-28T00:01:48.307166;2016-04-28T00:01:48.469289;30d57399-f4f0-4998-9dd0-912bab803add;445.56;0.624;BUY
2016-04-28T00:01:48.307614;2016-04-28T00:01:48.469289;84d06373-8847-447a-a31f-633809d5c839;445.6;0.2;BUY
2016-04-28T00:01:48.307800;2016-04-28T00:01:48.469289;1d843746-0037-4d6e-ad38-29b8deed7605;445.6;1.58934626;BUY
2016-04-28T00:02:06.488669;2016-04-28T00:02:06.531803;db099cf3-4d28-46ca-b9e5-f0af446ba9f2;445.47;0.01;BUY
2016-04-28T00:02:06.488994;2016-04-28T00:02:06.547421;a832ce5e-147d-4df7-b4c3-3f0fe4c64ccb;445.49;0.01;BUY
2016-04-28T00:02:06.489235;2016-04-28T00:02:06.547421;9a9fea82-b8b8-45cb-b365-c8f6581ac1d6;445.5;0.01;BUY
2016-04-28T00:02:06.489447;2016-04-28T00:02:06.547421;e3691ca0-c6be-48a2-b2d7-d5b019228787;445.57;0.01;BUY
2016-04-28T00:02:06.489614;2016-04-28T00:02:06.547421;4759eb8b-cbeb-4621-8206-ea718bf3de19;445.6;0.15032;BUY
2016-04-28T00:02:28.492282;2016-04-28T00:02:28.563057;3bfe083e-9b04-4b9d-b643-12e623f5e0dd;445.38;0.01;BUY
2016-04-28T00:02:28.492560;2016-04-28T00:02:28.563057;677b6873-6bbc-4131-8866-b195d48991cf;445.39;0.01;BUY
2016-04-28T00:02:28.492765;2016-04-28T00:02:28.563057;6fab26b7-eab8-4048-9a8f-e61af7d4e0d0;445.4;0.01;BUY
2016-04-28T00:02:28.492932;2016-04-28T00:02:28.563057;eceeb328-eb31-4abb-9c08-e6514e5119c9;445.4;0.11;BUY
2016-04-28T00:02:28.571442;2016-04-28T00:02:28.625557;736d6a15-7288-4654-9b18-b24b78fcf83d;445.4;1.17;BUY
2016-04-28T00:02:31.185785;2016-04-28T00:02:31.234935;f9e7d688-6e5e-46a2-8b23-b747e5a60a79;445.39;0.01;BUY
2016-04-28T00:02:31.186025;2016-04-28T00:02:31.250558;fc7e2074-477e-4e8b-bee9-768c24f283c7;445.4;0.095;BUY
2016-04-28T00:02:31.186232;2016-04-28T00:02:31.250558;aa89f9c1-2775-46ab-a275-b8b38c074521;445.53;0.107;BUY
2016-04-28T00:02:31.186407;2016-04-28T00:02:31.250558;3e576ab2-5c90-4c06-8680-41e8550ded47;445.6;0.43968;BUY
2016-04-28T00:02:31.186607;2016-04-28T00:02:31.250558;e5e1f66e-79da-4ff5-8e10-8b0c31c08b5e;445.6;0.129;BUY
2016-04-28T00:02:31.186787;2016-04-28T00:02:31.250558;779cd8db-0c3e-460d-a718-dac610168fb5;445.61;0.091;BUY
2016-04-28T00:02:31.186943;2016-04-28T00:02:31.266182;7613d9c2-1e73-4a1c-a60b-3a2c0c7dd4fe;445.61;4.23621;BUY
2016-04-28T00:02:31.392285;2016-04-28T00:02:31.453684;c2989b6f-68da-45c6-9145-1eb0e4ddab4f;445.36;0.27637;SELL
2016-04-28T00:03:00.872942;2016-04-28T00:03:00.922421;d0fc7dcb-9ac0-46dc-91eb-16818065b5ce;445.52;0.01;BUY
2016-04-28T00:03:00.873271;2016-04-28T00:03:00.938075;fe5f3de0-e825-469c-a28a-9d8218d1ba2f;445.52;0.01;BUY
2016-04-28T00:03:00.873483;2016-04-28T00:03:00.938075;e25a40f5-7d96-47ba-8105-2bc78484adec;445.53;0.00209;BUY
2016-04-28T00:03:31.480228;2016-04-28T00:03:31.531846;ee88e55d-804a-446d-8e0e-8d3902e1ffa5;445.52;4.38486;BUY
2016-04-28T00:03:31.480467;2016-04-28T00:03:31.547465;8d1fff7a-d782-483a-b4b3-dd405d9b30a5;445.53;0.00791;BUY
2016-04-28T00:03:31.480789;2016-04-28T00:03:31.547465;49b8cb88-c6be-41be-8b44-f9db2062a9af;445.56;0.01;BUY
2016-04-28T00:03:31.480999;2016-04-28T00:03:31.547465;fc82c39a-9a04-4a01-a055-d3897e6a12d9;445.61;0.01;BUY
2016-04-28T00:03:31.481219;2016-04-28T00:03:31.547465;ceb8082c-3003-46ad-8271-6f2a9b7a4098;445.61;0.084;BUY
2016-04-28T00:03:31.481433;2016-04-28T00:03:31.563089;8660450e-c344-42a0-ad62-655bcea84730;445.63;0.01;BUY
2016-04-28T00:03:31.481672;2016-04-28T00:03:31.563089;5a2bfe95-6018-4f8f-98ea-17fa62bc0e1f;445.64;0.01;BUY
2016-04-28T00:03:31.482221;2016-04-28T00:03:31.578714;46ac6374-8ba4-46e3-9b1c-094c78e41bdb;445.65;0.01;BUY
2016-04-28T00:03:31.482414;2016-04-28T00:03:31.578714;d4a83a65-673f-4854-8763-5f8c6e3c89f0;445.66;0.01;BUY
2016-04-28T00:03:31.482637;2016-04-28T00:03:31.578714;5c0ed4bd-3fac-4e05-850f-57c0e77381de;445.66;0.081;BUY
2016-04-28T00:03:31.482843;2016-04-28T00:03:31.578714;343cef96-519b-40c4-8a96-30b0672a4cdf;445.69;0.33;BUY
2016-04-28T00:03:31.483298;2016-04-28T00:03:31.578714;67a8aada-1729-4c73-a58b-72599ed66561;445.7;0.01;BUY
2016-04-28T00:03:31.483516;2016-04-28T00:03:31.609965;234c461e-cec2-4222-bd1d-05383e7755dc;445.7;0.01;BUY
2016-04-28T00:03:31.483884;2016-04-28T00:03:31.609965;6ef357c3-c329-479b-8225-5056c6521639;445.71;0.106;BUY
2016-04-28T00:03:31.484116;2016-04-28T00:03:31.625588;c07a50c1-9640-4662-8cd5-de67d7a0c451;445.74;9.146;BUY
2016-04-28T00:03:31.484315;2016-04-28T00:03:31.625588;8dd1b2be-a620-40f3-957a-949fbc5dba66;445.76;0.01;BUY
2016-04-28T00:03:31.484721;2016-04-28T00:03:31.625588;7600c428-f085-4e43-99b7-33c21f6206de;445.77;0.17838207;BUY
2016-04-28T00:03:31.484914;2016-04-28T00:03:31.625588;1f94cd43-9f04-4c0b-b9b2-8119fe593ee4;445.77;0.127;BUY
2016-04-28T00:03:31.485152;2016-04-28T00:03:31.625588;696a4b00-cfbb-4333-9d44-1f69f03fa31f;445.77;0.2;BUY
2016-04-28T00:03:31.485334;2016-04-28T00:03:31.625588;8262cdd8-c66c-409e-937a-f9a3c26ded38;445.86;0.01;BUY
2016-04-28T00:03:31.485800;2016-04-28T00:03:31.625588;8e7c446b-1957-44f1-8758-f030aaff25a3;445.86;0.578;BUY
2016-04-28T00:03:31.486045;2016-04-28T00:03:31.625588;50410213-cf62-45c4-9975-d6d2959a2533;445.91;0.589;BUY
2016-04-28T00:03:31.486243;2016-04-28T00:03:31.625588;9d8cf0a8-77a4-4663-a765-78a4d76525f2;445.96;0.01;BUY
2016-04-28T00:03:31.486660;2016-04-28T00:03:31.656839;353c4f5e-7ef2-448b-8b77-7015da890f1b;445.96;0.589;BUY
2016-04-28T00:03:31.486873;2016-04-28T00:03:31.656839;7ba7d6d9-9fec-4270-b391-48a5cabc63c0;445.96;2.0;BUY
2016-04-28T00:03:31.487123;2016-04-28T00:03:31.656839;04be4627-7c43-420c-9c3a-9f2583eb140f;445.97;0.0241728;BUY
2016-04-28T00:03:31.487328;2016-04-28T00:03:31.656839;d63556ab-4c6e-4f32-beda-066414c40c03;446.0;1.861554;BUY
2016-04-28T00:03:31.487891;2016-04-28T00:03:31.656839;e92fc0a1-aa5b-4007-8a81-f5d3db496ec8;446.01;0.3835;BUY
2016-04-28T00:03:31.488133;2016-04-28T00:03:31.656839;89d54ffc-cb18-48ec-b808-f9b5b39849aa;446.01;0.603;BUY
2016-04-28T00:03:31.488341;2016-04-28T00:03:31.688088;4ef739b7-d741-4ef4-a90d-9ae71fa02e97;446.03;0.01;BUY
2016-04-28T00:03:31.488524;2016-04-28T00:03:31.688088;ec0e0920-576e-4611-805c-10442a2237cd;446.05;7.13706113;BUY
2016-04-28T00:03:53.766997;2016-04-28T00:03:53.813101;62c96af6-7ac9-4e33-969e-148527cee14b;445.45;0.01;SELL
2016-04-28T00:03:53.767271;2016-04-28T00:03:53.828727;1ea46b52-129b-4927-b20a-09afd4d6471e;445.45;0.087;SELL
2016-04-28T00:03:53.767523;2016-04-28T00:03:53.828727;5e5bbd91-6563-4af0-a71b-36603afdba3b;445.45;3.0;SELL
2016-04-28T00:03:53.767722;2016-04-28T00:03:53.828727;fe0c0d5b-2520-42e4-bfae-1fddceae780e;445.44;0.01;SELL
2016-04-28T00:03:53.767909;2016-04-28T00:03:53.828727;d52603ae-3857-41e4-b374-583521b591ce;445.43;0.01;SELL
2016-04-28T00:03:53.768140;2016-04-28T00:03:53.844350;e11539c3-4af9-4ee5-88cc-fb6be1d197d1;445.43;0.01;SELL
2016-04-28T00:03:53.768335;2016-04-28T00:03:53.844350;3bc68dca-5364-473f-9060-f43c2cbc57ae;445.42;0.01;SELL
2016-04-28T00:03:56.197004;2016-04-28T00:03:56.234954;820ef3aa-fd50-4c5d-b3d2-d0e702ad18df;445.45;1.0;SELL
2016-04-28T00:03:56.197243;2016-04-28T00:03:56.250606;d0a4707e-2444-45d0-9785-ce24c2f27aaa;445.41;0.01;SELL
2016-04-28T00:03:56.197443;2016-04-28T00:03:56.250606;d0d832a0-2649-4812-bfe4-a1e77eb854f2;445.41;0.09;SELL
2016-04-28T00:03:56.197660;2016-04-28T00:03:56.250606;45e9af6d-8858-4fbc-94d1-139dec7a5fb7;445.4;0.01;SELL
2016-04-28T00:03:56.197854;2016-04-28T00:03:56.250606;669a3181-b22b-4d42-b2ff-896eddcfc11f;445.39;0.01;SELL
2016-04-28T00:03:56.198067;2016-04-28T00:03:56.344352;dc4f7790-41e5-4799-b50b-40b54d2ce6ce;445.38;0.01;SELL
2016-04-28T00:03:58.623578;2016-04-28T00:03:58.672477;6e751348-a6dc-47ff-a0f2-150464a665c0;445.35;0.01;SELL
2016-04-28T00:03:58.623796;2016-04-28T00:03:58.688108;7ed602b3-826f-4848-a1d9-cc789329f947;445.35;0.092;SELL
2016-04-28T00:03:58.624039;2016-04-28T00:03:58.688108;ad9de2ac-5591-4c9f-91c1-41110204d9ad;445.33;0.01;SELL
2016-04-28T00:03:58.624244;2016-04-28T00:03:58.703726;6043f1f3-2580-4349-aa85-b790848a034c;445.32;0.01;SELL
2016-04-28T00:03:58.624429;2016-04-28T00:03:58.703726;95f83bb7-ec9a-478b-9247-851d89c4fff8;445.31;0.01;SELL
2016-04-28T00:03:58.624638;2016-04-28T00:03:58.703726;42f6c844-7576-49e2-8c2b-e128b5a44469;445.31;0.01;SELL
2016-04-28T00:03:58.624816;2016-04-28T00:03:58.703726;736d67b6-b9f8-41dd-a46c-f49dcec1c979;445.3;0.446238;SELL
2016-04-28T00:03:58.625020;2016-04-28T00:03:58.734983;e026418b-aa60-4a67-9027-2d965daebe33;445.3;2.98;SELL
2016-04-28T00:03:58.625212;2016-04-28T00:03:58.734983;3f0f88a2-57f8-45ab-8a39-dc3b58d142f8;445.3;1.0;SELL
2016-04-28T00:03:58.625409;2016-04-28T00:03:58.734983;1e839fa4-c150-4fbc-a4ff-1f046cb7710a;445.3;0.49000031;SELL
2016-04-28T00:03:59.525367;2016-04-28T00:03:59.578680;f8583e9b-0a7b-49ff-8357-2e1d64c9a588;445.33;0.109;SELL
2016-04-28T00:04:01.089908;2016-04-28T00:04:01.141231;a9dd2505-4547-4454-9220-d692a2650eaa;445.43;0.01;BUY
2016-04-28T00:04:01.090180;2016-04-28T00:04:01.141231;910aadb7-eafc-4451-95f0-777ed0ab2988;445.44;0.01;BUY
2016-04-28T00:04:01.090360;2016-04-28T00:04:01.141231;30a519a1-eb34-4e25-a45a-aaf2b42ba1ca;445.46;0.22136;BUY
2016-04-28T00:04:03.341065;2016-04-28T00:04:03.391234;ca2fed98-4c82-4c73-bc1f-45f1c11131f0;445.29;0.01;SELL
2016-04-28T00:04:03.341283;2016-04-28T00:04:03.406859;5f0e2b31-262d-426a-bb28-2083607df657;445.29;0.01;SELL
2016-04-28T00:04:03.341464;2016-04-28T00:04:03.406859;4b569445-d731-4245-ae76-f627633668b3;445.29;0.49000063;SELL
2016-04-28T00:04:03.341680;2016-04-28T00:04:03.406859;fe785c58-775e-45f8-ac1e-485dd2e651bd;445.29;0.266;SELL
2016-04-28T00:04:03.341883;2016-04-28T00:04:03.406859;0e374a21-46d4-430d-93bc-3f853b68ad87;445.28;0.49000129;SELL
2016-04-28T00:04:03.342098;2016-04-28T00:04:03.406859;1ebb8f13-a4c2-4596-92cd-5d8bf6578d15;445.27;0.01;SELL
2016-04-28T00:04:03.342294;2016-04-28T00:04:03.422480;84d6b21a-2f8d-4fd3-91c9-0ecb60ef1af4;445.27;0.49000265;SELL
2016-04-28T00:04:05.653030;2016-04-28T00:04:05.703730;01da087e-151f-4ff6-afc4-5a70d2f04ed1;445.27;0.3024;SELL
2016-04-28T00:04:05.653245;2016-04-28T00:04:05.703730;c1cb3412-4b5b-4287-aaef-da5628b37f8d;445.26;0.01;SELL
2016-04-28T00:04:05.653482;2016-04-28T00:04:05.703730;7d8ef6bf-1523-46b7-9a25-50f3759d1ccf;445.26;0.49000541;SELL
2016-04-28T00:04:05.653681;2016-04-28T00:04:05.703730;3ce13dd1-1b7a-4230-b154-f12d2b592688;445.25;6.71066;SELL
2016-04-28T00:04:05.653859;2016-04-28T00:04:05.719356;55021808-b6bb-4468-8717-10f891f6887f;445.25;0.0115;SELL
2016-04-28T00:04:05.654058;2016-04-28T00:04:05.719356;44c13d2d-f8e3-4e7a-b28d-989a7c795c7a;445.25;0.01;SELL
2016-04-28T00:04:05.654246;2016-04-28T00:04:05.719356;f9a1ddc5-3d53-400c-b2e1-5ebad7c130e9;445.25;0.49001104;SELL
2016-04-28T00:04:05.654462;2016-04-28T00:04:05.719356;48b35b20-5b1e-4016-94fa-e292e574cc1c;445.25;0.01;SELL
2016-04-28T00:04:05.654650;2016-04-28T00:04:05.750567;8171e2f0-fbcb-4979-b509-261955160b9f;445.24;0.49002253;SELL
2016-04-28T00:04:05.654834;2016-04-28T00:04:05.750567;deb24d48-f3d3-4b11-985e-32d1c2291311;445.24;0.232;SELL
2016-04-28T00:04:05.655049;2016-04-28T00:04:05.750567;e3cb1d03-6774-483e-9326-d373ea357a0b;445.24;0.8;SELL
2016-04-28T00:04:05.655234;2016-04-28T00:04:05.750567;5a9d3822-5345-4ccb-99e1-48dbeaee282d;445.23;0.01;SELL
2016-04-28T00:04:05.655448;2016-04-28T00:04:05.750567;6d126ea4-eb10-4e42-9e07-a1664f954e35;445.23;0.49004599;SELL
2016-04-28T00:04:05.655645;2016-04-28T00:04:05.750567;8ffbf97e-a20b-4263-a11b-b7a089618cba;445.22;0.49009387;SELL
2016-04-28T00:04:08.813946;2016-04-28T00:04:08.859988;fc98d3d5-de5a-4824-abbc-d20f8058df6f;445.21;0.00224613;SELL
2016-04-28T00:04:09.012562;2016-04-28T00:04:09.063113;96a39bd9-b248-49d4-83b8-5b0d5c439ba9;445.21;0.49775387;SELL
2016-04-28T00:04:09.012764;2016-04-28T00:04:09.063113;a9230170-7374-4d3c-adb3-344ab9fb4931;445.21;0.01;SELL
2016-04-28T00:04:09.012948;2016-04-28T00:04:09.063113;c4961264-3fd3-4b66-a67d-2584f4910507;445.21;0.49019158;SELL
2016-04-28T00:04:09.013179;2016-04-28T00:04:09.063113;e2be2846-7fe5-40b2-8b61-dcd696257528;445.21;0.01;SELL
2016-04-28T00:04:11.395841;2016-04-28T00:04:11.438108;e508cbfc-7a9e-468d-9f00-41006ca3d302;445.2;0.49039098;SELL
2016-04-28T00:04:11.396088;2016-04-28T00:04:11.438108;358547f0-8a91-446c-a14d-433b01f2d655;445.2;0.408;SELL
2016-04-28T00:04:11.396289;2016-04-28T00:04:11.453734;26dcb00c-03fe-431b-91fa-37a0114ec727;445.19;0.01;SELL
2016-04-28T00:04:11.396513;2016-04-28T00:04:11.453734;681569f9-f38b-4fef-b32e-27a56486e0ff;445.19;0.49079792;SELL
2016-04-28T00:04:31.606065;2016-04-28T00:04:31.641245;c275b55b-7bba-4d95-acc3-9e19dedfb6e9;445.19;0.31374;BUY
2016-04-28T00:04:48.228620;2016-04-28T00:04:48.266253;571a63e4-4a19-4309-a1bd-43ef76629613;445.18;0.00224628;SELL
2016-04-28T00:05:01.444512;2016-04-28T00:05:01.485012;cb452581-9e94-4916-bc19-f88909dbe9bf;445.22;0.01;BUY
2016-04-28T00:05:01.444774;2016-04-28T00:05:01.500634;50f87856-34b2-4795-953c-94003973278d;445.22;0.09555;BUY
2016-04-28T00:05:32.692575;2016-04-28T00:05:32.735029;1a7f4832-5976-46eb-b6c4-f2b3c93986c9;445.19;0.53759;BUY
2016-04-28T00:06:00.871257;2016-04-28T00:06:00.906872;9711cc93-925c-4256-a5e7-c862ba943b9b;445.23;0.01;BUY
2016-04-28T00:06:00.871649;2016-04-28T00:06:00.906872;0d7204e1-fb45-43c2-9dbd-e7fef1da8630;445.24;0.15956;BUY
2016-04-28T00:06:25.793236;2016-04-28T00:06:25.828808;66494167-82ae-4239-84b9-adea3345c309;445.18;0.00775372;SELL
2016-04-28T00:06:25.793469;2016-04-28T00:06:25.844409;e4493f31-4d06-44a7-9ee1-f8ef4791aceb;445.18;1.0;SELL
2016-04-28T00:06:25.793693;2016-04-28T00:06:25.844409;b872a04d-4623-4ee9-8750-3fff116bb17d;445.18;0.01;SELL
2016-04-28T00:06:25.793876;2016-04-28T00:06:25.844409;ac402487-08db-49db-a19e-2d7baa8bd7c1;445.17;0.01;SELL
2016-04-28T00:06:25.794087;2016-04-28T00:06:25.844409;108dd900-4916-4a49-9762-81feba7650a8;445.17;0.01;SELL
2016-04-28T00:06:28.056733;2016-04-28T00:06:28.094428;3d8742b5-28d5-4204-b0a1-348583a9573d;445.16;0.01;SELL
2016-04-28T00:06:28.056953;2016-04-28T00:06:28.094428;60e4d078-2e58-4bbb-bd54-82eecac0ea56;445.16;0.01;SELL
2016-04-28T00:06:30.296599;2016-04-28T00:06:30.328793;84601402-d7c3-4b3d-874c-2072fb9ee605;445.13;0.01;SELL
2016-04-28T00:06:30.296809;2016-04-28T00:06:30.328793;9761f6e8-2632-4d85-ad14-2df3a9a94a75;445.13;0.01;SELL
2016-04-28T00:06:30.297017;2016-04-28T00:06:30.360061;17e808ac-e3cd-4afa-8f9d-61e6a789b7c5;445.11;0.01;SELL
2016-04-28T00:06:30.297245;2016-04-28T00:06:30.360061;eb929da7-5fe0-488f-ace0-3ceb83546eed;445.11;6.71722;SELL
2016-04-28T00:06:30.297450;2016-04-28T00:06:30.360061;b03f13b3-2cc2-46d7-ba7f-4bd017f89cfc;445.1;0.01;SELL
2016-04-28T00:06:30.297644;2016-04-28T00:06:30.360061;becbdee1-0295-457e-a129-415f4ffa4f64;445.08;0.01;SELL
2016-04-28T00:06:46.598458;2016-04-28T00:06:46.641318;53c17a5d-b749-4106-a49c-afb65e8e0027;445.05;0.05;SELL
2016-04-28T00:06:46.598773;2016-04-28T00:06:46.656940;8ccbded6-ca40-4630-9e4e-efb227fbc632;445.05;0.05;SELL
2016-04-28T00:06:46.599032;2016-04-28T00:06:46.656940;d05d3041-46bd-4d5e-984a-dcdf0ec5432b;445.04;0.01;SELL
2016-04-28T00:06:48.904210;2016-04-28T00:06:48.938193;79eccfb6-dfa3-43f9-a6f9-8d01cc667466;444.97;0.5;SELL
2016-04-28T00:06:58.349594;2016-04-28T00:06:58.375699;c4b28c8b-2609-46fd-ab2e-9596570c69b7;444.95;0.23;SELL
2016-04-28T00:07:01.249102;2016-04-28T00:07:01.297570;6e4af4e0-baef-41da-bac3-1dd0b3ddf80d;444.89;0.01;BUY
2016-04-28T00:07:01.249331;2016-04-28T00:07:01.297570;bc6fdc02-3d85-4cef-9684-f2379cadae27;444.89;0.29982;BUY
2016-04-28T00:07:05.597259;2016-04-28T00:07:05.625702;18d8acb1-ba9f-4057-bcd2-0f49692ce1f5;444.84;0.01;SELL
2016-04-28T00:07:05.597530;2016-04-28T00:07:05.656949;826047a5-59fd-4cc6-ae43-c794fe987c0d;444.83;0.01;SELL
2016-04-28T00:07:05.597763;2016-04-28T00:07:05.656949;909d6063-f2e6-4066-9f34-3785f047b739;444.83;0.01;SELL
2016-04-28T00:07:08.033133;2016-04-28T00:07:08.078833;3ba6887f-fcb8-4057-9afd-538bd8df4361;444.78;0.01;SELL
2016-04-28T00:07:08.033382;2016-04-28T00:07:08.078833;4f306015-26ab-43a5-8d29-0523ecea454e;444.77;0.01;SELL
2016-04-28T00:07:08.033595;2016-04-28T00:07:08.094450;f4c3efb4-db79-40d1-ba86-bf2a001e98f9;444.76;0.01;SELL
2016-04-28T00:07:08.033786;2016-04-28T00:07:08.094450;c96eb69e-bf33-4588-9ece-a767845fe383;444.75;0.01;SELL
2016-04-28T00:07:08.033962;2016-04-28T00:07:08.094450;a608d306-e802-4f80-990e-2e3ec4e4178f;444.74;0.01;SELL
2016-04-28T00:07:08.034184;2016-04-28T00:07:08.094450;bc456960-29db-412c-9384-33b1026592f6;444.74;0.49000031;SELL
2016-04-28T00:07:08.034393;2016-04-28T00:07:08.125704;a471bc89-264d-4c14-860a-ecb850d25231;444.73;0.01;SELL
2016-04-28T00:07:08.034574;2016-04-28T00:07:08.125704;960fd02f-408d-400f-9d09-f777d2e917d7;444.73;0.01;SELL
2016-04-28T00:07:08.034757;2016-04-28T00:07:08.125704;5c7d3bff-23f8-4cb5-acf4-4b3fc2dfa732;444.73;0.01;SELL
2016-04-28T00:07:08.034932;2016-04-28T00:07:08.125704;5d078b43-c199-4285-82d9-fc610ab5052c;444.73;0.49000063;SELL
2016-04-28T00:07:08.035523;2016-04-28T00:07:08.125704;15e44300-fc02-4870-89d4-278358424ca4;444.73;0.21;SELL
2016-04-28T00:07:08.035736;2016-04-28T00:07:08.141325;36416fb7-d7e8-414a-b09c-5e419178684c;444.72;0.01;SELL
2016-04-28T00:07:08.035953;2016-04-28T00:07:08.141325;422bebf3-c1e6-440d-bcd1-2aa028c2a090;444.72;0.49000129;SELL
2016-04-28T00:07:08.036179;2016-04-28T00:07:08.141325;1fb65940-d03c-4ef6-b33e-6a78bb458fee;444.71;0.49000265;SELL
2016-04-28T00:07:08.036367;2016-04-28T00:07:08.156949;6c05b889-22e9-45ae-9381-c356e0e3eabb;444.7;0.01;SELL
2016-04-28T00:07:08.036566;2016-04-28T00:07:08.156949;e47c387c-f2c8-4bd2-8b37-8d30ec1ba289;444.7;0.16;SELL
2016-04-28T00:07:08.036761;2016-04-28T00:07:08.156949;d35ca904-cb8c-4133-9cee-57aa695ed223;444.7;0.49000541;SELL
2016-04-28T00:07:08.036954;2016-04-28T00:07:08.156949;399cbcfe-7dab-45f4-8d8d-2a3199c5fa54;444.69;0.49001104;SELL
2016-04-28T00:07:08.037168;2016-04-28T00:07:08.156949;a9017cb2-49ce-4932-bd8e-c77ffb6412b3;444.68;0.49002253;SELL
2016-04-28T00:07:08.037342;2016-04-28T00:07:08.156949;f5017a31-bf98-41bf-9e28-ce6c6a6e6d1d;444.68;0.01;SELL
2016-04-28T00:07:08.037564;2016-04-28T00:07:08.172576;c6d3a71a-3120-43c6-ae5b-809177eceb00;444.68;0.08;SELL
2016-04-28T00:07:08.037751;2016-04-28T00:07:08.172576;a0d44840-d1d4-49ae-8e6f-749f556a89d6;444.67;0.49004599;SELL
2016-04-28T00:07:08.037940;2016-04-28T00:07:08.172576;5bdb5b42-ec63-4fb7-b1ad-e5ba4c29ca8d;444.67;0.01;SELL
2016-04-28T00:07:08.038162;2016-04-28T00:07:08.172576;6c33b304-5c4e-4e71-a605-fc311f9c1b60;444.66;0.49009387;SELL
2016-04-28T00:07:08.038349;2016-04-28T00:07:08.172576;5792d6b8-544e-47bf-87d1-d1509d553854;444.65;0.49019158;SELL
2016-04-28T00:07:08.038569;2016-04-28T00:07:08.172576;dbe21ad6-2690-4acb-8099-1af0f698eec0;444.65;0.04;SELL
2016-04-28T00:07:08.038773;2016-04-28T00:07:08.172576;d2b6c10e-7379-4d9c-8fd6-90166f74ae88;444.64;0.49039098;SELL
2016-04-28T00:07:08.038952;2016-04-28T00:07:08.188201;38e6fa1f-50a4-4c74-af54-5e82f341f765;444.63;0.49079792;SELL
2016-04-28T00:07:08.039170;2016-04-28T00:07:08.188201;05890165-5a30-4375-84e6-c9e35d834a19;444.63;0.084;SELL
2016-04-28T00:07:08.039362;2016-04-28T00:07:08.188201;58a20cf0-21ee-488f-b7a8-9eda4a54d619;444.62;0.49162841;SELL
2016-04-28T00:07:08.039578;2016-04-28T00:07:08.188201;5fea6147-af5e-4ecb-9b46-b1d70a1fdcd4;444.61;0.49332329;SELL
2016-04-28T00:07:08.039783;2016-04-28T00:07:08.203824;64e891a7-d293-4256-9a14-77309a9f66e0;444.6;0.49678223;SELL
2016-04-28T00:07:08.039996;2016-04-28T00:07:08.203824;b585dc77-5423-42ed-b99f-65295bde79b9;444.59;0.50384128;SELL
2016-04-28T00:07:08.040181;2016-04-28T00:07:08.219451;f5586a4f-c451-4c17-bc4a-e2807ff40d31;444.58;0.51824752;SELL
2016-04-28T00:07:08.040368;2016-04-28T00:07:08.219451;f28baaed-48c7-45e4-9be5-9ac3fa98eda7;444.58;0.117;SELL
2016-04-28T00:07:08.042083;2016-04-28T00:07:08.219451;9fb7cf99-f876-4f96-9c5f-aca1c99bd730;444.57;0.54764801;SELL
2016-04-28T00:07:08.042285;2016-04-28T00:07:08.219451;2a603101-dcd8-42ad-893a-cd972cc2d0a1;444.56;0.01;SELL
2016-04-28T00:07:08.042477;2016-04-28T00:07:08.219451;8ee49eb8-ca3e-4b77-813d-6d42dcaf1b5a;444.56;0.607649;SELL
2016-04-28T00:07:08.042679;2016-04-28T00:07:08.235075;14dd92fd-7caf-4b32-b7a5-c6e6aea4794a;444.56;0.2;SELL
2016-04-28T00:07:08.042880;2016-04-28T00:07:08.235075;024de1d5-3ac1-4bb3-be3e-f272b50a156e;444.55;0.265;SELL
2016-04-28T00:07:08.043085;2016-04-28T00:07:08.235075;d3921754-89cf-497a-aea2-738619ba123d;444.55;0.7301;SELL
2016-04-28T00:07:08.043278;2016-04-28T00:07:08.250699;db312db9-c35a-4635-a7e6-873b157e2500;444.55;0.01;SELL
2016-04-28T00:07:08.043450;2016-04-28T00:07:08.250699;ba519112-8dc2-4358-8bbd-85208f990da5;444.5;0.01;SELL
2016-04-28T00:07:08.043618;2016-04-28T00:07:08.250699;683074b2-7c4d-4cd1-a710-54820e0b6222;444.5;0.16521606;SELL
2016-04-28T00:07:31.287567;2016-04-28T00:07:31.328836;88d6b02e-a0cc-484d-a2a5-f9cc5982a4e3;444.53;0.01;BUY
2016-04-28T00:07:31.287857;2016-04-28T00:07:31.344465;27463df9-daa3-4d48-a234-fdc43e6beadc;444.53;0.07112;BUY
2016-04-28T00:08:00.952314;2016-04-28T00:08:00.985103;7181598a-b987-4df7-a519-08615cc9cc02;444.53;0.01;BUY
2016-04-28T00:08:00.952587;2016-04-28T00:08:01.000727;065759f0-d0a0-42c2-ac19-7487149c917d;444.53;0.01;BUY
2016-04-28T00:08:00.952817;2016-04-28T00:08:01.000727;5a273f5e-fa6c-418c-aa01-054203c2a28d;444.53;0.113;BUY
2016-04-28T00:08:00.953041;2016-04-28T00:08:01.000727;bb33787a-7b32-4d6d-b432-0eab123cc307;444.54;0.01;BUY
2016-04-28T00:08:00.953256;2016-04-28T00:08:01.000727;87d888d2-5c3c-4407-b96b-5d19a136bf64;444.55;0.01;BUY
2016-04-28T00:08:00.953446;2016-04-28T00:08:01.000727;90e4032e-2ad7-44c7-864b-940b9680767c;444.57;0.22;BUY
2016-04-28T00:08:00.953850;2016-04-28T00:08:01.016358;4ff06243-2378-425b-98a9-ddc15709b610;444.58;0.01;BUY
2016-04-28T00:08:00.954057;2016-04-28T00:08:01.016358;697c89ec-07f7-4081-bede-94868a645ada;444.58;0.098;BUY
2016-04-28T00:08:00.954246;2016-04-28T00:08:01.016358;baa4a517-ac18-468e-9a4a-fe92b59a573a;444.59;0.23;BUY
2016-04-28T00:08:00.954402;2016-04-28T00:08:01.016358;c387e1d4-4623-41a9-8d59-6bf17fd02c5d;444.6;0.32997;BUY
2016-04-28T00:08:24.603047;2016-04-28T00:08:24.641362;3bc2698f-c0af-4a9d-8685-808daded15ce;444.53;0.01;BUY
2016-04-28T00:08:24.603349;2016-04-28T00:08:24.641362;30d217bd-90ec-411e-bab9-a42088b16809;444.53;0.07;BUY
2016-04-28T00:08:24.603579;2016-04-28T00:08:24.656988;e3f279d6-27ef-43b2-9293-0e860d5cb60c;444.54;0.01;BUY
2016-04-28T00:08:24.603784;2016-04-28T00:08:24.656988;404d9b9f-60a8-4896-939d-23914237c6c1;444.55;0.01;BUY
2016-04-28T00:08:24.604004;2016-04-28T00:08:24.656988;a9cb8ff9-3bec-439a-b66d-fef75b9f4072;444.56;0.01;BUY
2016-04-28T00:08:24.604176;2016-04-28T00:08:24.672613;97ee6f20-7b02-401a-b557-be35cb961667;444.58;0.03;BUY
2016-04-28T00:08:31.027116;2016-04-28T00:08:31.063201;cf211d66-8564-4575-8baa-bd2f6276723e;444.49;0.01;SELL
2016-04-28T00:08:31.027399;2016-04-28T00:08:31.063201;1eda73f7-d554-4441-85b2-61fd5c3b3e1a;444.47;0.01;SELL
2016-04-28T00:08:31.027612;2016-04-28T00:08:31.063201;e3c8ccc6-eaa7-40ed-a526-6c22cf3ae35d;444.47;0.02;SELL
2016-04-28T00:08:31.028196;2016-04-28T00:08:31.078867;7dc16585-37e7-453b-ac36-fcb750b83084;444.47;0.31069;SELL
2016-04-28T00:09:02.906955;2016-04-28T00:09:02.938263;a9e76899-0080-483a-92db-df71a075d729;444.49;0.315;BUY
2016-04-28T00:09:02.907652;2016-04-28T00:09:02.953884;b8624fdb-b622-42db-8f4c-49a3aa2c2954;444.5;6.60632;BUY
2016-04-28T00:09:31.533957;2016-04-28T00:09:31.578899;d5eb839e-da2e-4743-a5c0-6869fba7b7c3;444.47;0.49000031;SELL
2016-04-28T00:09:31.534301;2016-04-28T00:09:31.578899;256f47a1-c46e-488d-9a75-747c49203d52;444.47;0.246;SELL
2016-04-28T00:09:31.534556;2016-04-28T00:09:31.578899;e17df985-6764-4fe9-b0d0-426c8cdf1966;444.46;0.49000063;SELL
2016-04-28T00:09:31.534756;2016-04-28T00:09:31.610148;114dcb66-4988-40f8-9e76-31dd05df9130;444.45;0.49000129;SELL
2016-04-28T00:09:31.534951;2016-04-28T00:09:31.610148;fef55270-c752-440f-8780-a6f2c4d1a88a;444.44;0.49000265;SELL
2016-04-28T00:09:31.535188;2016-04-28T00:09:31.610148;91d777cd-8b57-4796-b446-53637dfd00c3;444.43;0.49000541;SELL
2016-04-28T00:09:31.535366;2016-04-28T00:09:31.610148;c6e94e2b-3e3d-477f-b428-73c53b101f60;444.42;0.01;SELL
2016-04-28T00:09:31.535554;2016-04-28T00:09:31.610148;80e4b492-f448-4b4b-a187-d0c2f237b8ef;444.42;0.35023971;SELL
2016-04-28T00:10:01.240666;2016-04-28T00:10:01.266417;c95e1568-8a78-4365-a1df-bf50b9d471a8;444.43;0.01;BUY
2016-04-28T00:10:01.241005;2016-04-28T00:10:01.282038;a96ccdfb-3d8c-4139-8caa-ae8b5f55473f;444.44;0.01;BUY
2016-04-28T00:10:01.241498;2016-04-28T00:10:01.282038;11194207-be2d-46c8-a79e-4d7cea30e448;444.45;0.01;BUY
2016-04-28T00:10:01.241728;2016-04-28T00:10:01.282038;f39fe734-2a92-4626-b8ff-011d23448b7c;444.47;0.01;BUY
2016-04-28T00:10:01.241939;2016-04-28T00:10:01.297689;8f31c583-705d-4999-8e97-fc94ded530ae;444.49;0.01;BUY
2016-04-28T00:10:01.242162;2016-04-28T00:10:01.313287;5aa4ce67-d878-485c-8cb6-ed1aecb08654;444.5;0.00055853;BUY
2016-04-28T00:10:01.242348;2016-04-28T00:10:01.313287;d7f919b6-00cf-4eaf-b21f-8343e9b1b4eb;444.6;0.2171;BUY
2016-04-28T00:10:01.242536;2016-04-28T00:10:01.313287;b99d37f4-2d3d-4505-a8a2-c7f169f2faa9;444.64;0.01;BUY
2016-04-28T00:10:01.242719;2016-04-28T00:10:01.313287;f4630446-6fe3-47d7-879c-dcd718831203;444.67;0.2;BUY
2016-04-28T00:10:01.242915;2016-04-28T00:10:01.328914;c978b446-ddc8-4812-a166-64022a1bdef8;444.74;0.01;BUY
2016-04-28T00:10:01.243138;2016-04-28T00:10:01.328914;1e05f1ff-5fed-40bd-a275-dc4c23d3b506;444.86;0.01;BUY
2016-04-28T00:10:01.243324;2016-04-28T00:10:01.328914;f029d68f-e5ea-4cb7-a929-e3fed3f162b0;444.88;0.21;BUY
2016-04-28T00:10:01.243510;2016-04-28T00:10:01.344538;217b40b6-e42e-4c99-9e41-e0816dfb4aff;444.96;0.01;BUY
2016-04-28T00:10:01.243697;2016-04-28T00:10:01.375789;7cc3a1d9-f581-4735-8120-35b1b8454057;445.01;1.35;BUY
2016-04-28T00:10:01.243875;2016-04-28T00:10:01.375789;064159c3-2742-4c0e-8ded-fed25734a2f9;445.02;0.01;BUY
2016-04-28T00:10:01.244100;2016-04-28T00:10:01.375789;ca327fd9-158b-4779-ba88-717a7053fcfc;445.02;0.41;BUY
2016-04-28T00:10:01.244295;2016-04-28T00:10:01.375789;15e7ed41-6994-4684-9f72-612d9e66c238;445.03;0.124;BUY
2016-04-28T00:10:01.244458;2016-04-28T00:10:01.375789;95d4359a-0c37-43fa-8ac9-f8f76d6fefdf;445.04;0.04122147;BUY
2016-04-28T00:10:31.193059;2016-04-28T00:10:31.219555;cab642bc-c2eb-436d-8b3b-09831f545217;444.5;0.527;SELL
2016-04-28T00:10:31.193337;2016-04-28T00:10:31.235179;b45ee3ef-fe0a-43de-9502-127fd525a3d1;444.46;0.2765;SELL
2016-04-28T00:11:01.814598;2016-04-28T00:11:01.844573;23ecb4e6-4eb4-4303-855d-d5d6404c7979;444.49;0.01;BUY
2016-04-28T00:11:01.814904;2016-04-28T00:11:01.860195;c5aed828-0a41-471f-ac10-c201c29abff0;444.5;0.01;BUY
2016-04-28T00:11:01.815195;2016-04-28T00:11:01.860195;e86907ef-b0ff-4828-a7d3-030a8d82636e;444.5;0.01;BUY
2016-04-28T00:11:01.815701;2016-04-28T00:11:01.860195;90012b15-727d-4b61-93a2-db046b2a5530;444.77;0.2;BUY
2016-04-28T00:11:01.815930;2016-04-28T00:11:01.875821;37401a3c-018b-4563-8203-c1b36a71c1b9;444.81;0.124;BUY
2016-04-28T00:11:01.816147;2016-04-28T00:11:01.938324;7f8f19e1-7dfd-454c-aa47-19c3b37bd699;444.86;0.096;BUY
2016-04-28T00:11:01.816361;2016-04-28T00:11:01.938324;9c6a6c83-ecbc-44d5-b58f-5a28acb4c938;445.02;0.18;BUY
2016-04-28T00:11:01.816533;2016-04-28T00:11:01.938324;8edf3608-dea1-4419-b88c-645008fd7c0e;445.03;0.5;BUY
2016-04-28T00:11:01.816708;2016-04-28T00:11:01.953945;84257e59-34f3-42dc-a76e-3d23e9f4c0ee;445.03;0.3024;BUY
2016-04-28T00:11:01.816893;2016-04-28T00:11:01.953945;0a97d21a-c80d-4dfc-b27b-eeea34f85b6e;445.03;2.0;BUY
2016-04-28T00:11:01.817122;2016-04-28T00:11:01.953945;795fe348-188e-4ed2-ab41-c2f6d5a9fecb;445.14;0.76;BUY
2016-04-28T00:11:01.817319;2016-04-28T00:11:01.953945;7f0fe4d9-6f1b-4932-aca0-0efbf878e72b;445.15;0.01;BUY
2016-04-28T00:11:01.817480;2016-04-28T00:11:01.953945;a731c071-fabd-4c65-a624-07364769a806;445.15;2.73635;BUY
2016-04-28T00:11:05.212987;2016-04-28T00:11:05.235196;fa8c4917-faad-4545-9aeb-47114eee8620;445.09;0.01;BUY
2016-04-28T00:11:05.213300;2016-04-28T00:11:05.250822;1081a391-c3d6-4531-902e-88b310b1d4c2;445.1;0.01;BUY
2016-04-28T00:11:05.213509;2016-04-28T00:11:05.250822;6f63cd89-6bee-4978-90a5-9ab7a11da847;445.11;0.01;BUY
2016-04-28T00:11:05.213696;2016-04-28T00:11:05.250822;cb6664dd-274a-4faf-bc51-6fef4accb740;445.11;0.01;BUY
2016-04-28T00:11:05.213893;2016-04-28T00:11:05.250822;8fa075fa-b816-4818-b578-48370f5784e2;445.11;0.16;BUY
2016-04-28T00:11:23.274776;2016-04-28T00:11:23.297713;267c83ed-6af6-4bde-a40e-d1c492ffa8f6;444.77;0.01;BUY
2016-04-28T00:11:23.275102;2016-04-28T00:11:23.313331;fa916b36-db2e-43e6-86db-7b7693dbe620;444.78;0.01;BUY
2016-04-28T00:11:23.275342;2016-04-28T00:11:23.313331;70280ae0-d931-41e3-a980-07cdd47ed3bd;444.79;0.01;BUY
2016-04-28T00:11:23.275579;2016-04-28T00:11:23.313331;46cdc60c-e6ef-47e6-a786-7f8efe4af376;444.8;0.01;BUY
2016-04-28T00:11:23.275775;2016-04-28T00:11:23.313331;91677479-e94e-4a8c-9687-06dafa18ca79;444.81;0.01;BUY
2016-04-28T00:11:23.275992;2016-04-28T00:11:23.328956;9d1d344b-ed69-444e-8eed-75bfedd825d1;444.82;0.01;BUY
2016-04-28T00:11:23.276201;2016-04-28T00:11:23.328956;bbd7367b-c234-47ef-b34a-c5e9bbd6513a;444.83;0.01;BUY
2016-04-28T00:11:23.276398;2016-04-28T00:11:23.328956;8277cff1-cd88-41f0-8cf8-ad945bb7a976;444.84;0.01;BUY
2016-04-28T00:11:23.276608;2016-04-28T00:11:23.328956;028e3fea-b60e-4144-8168-acc6bd0cfd96;444.85;0.01;BUY
2016-04-28T00:11:23.277099;2016-04-28T00:11:23.328956;181fd679-72b2-46ed-b4fc-a3b2cd8631db;444.86;0.01;BUY
2016-04-28T00:11:23.277312;2016-04-28T00:11:23.344580;c03e4ecd-1c87-4d8f-901e-8cf7ede1eb47;444.87;0.01;BUY
2016-04-28T00:11:23.277527;2016-04-28T00:11:23.344580;c14f61d7-4c04-47e8-9976-c8529dac937a;444.88;0.01;BUY
2016-04-28T00:11:23.277722;2016-04-28T00:11:23.344580;9c6ee10a-fa84-40fe-b16f-9e67684e8143;444.89;0.01;BUY
2016-04-28T00:11:23.277916;2016-04-28T00:11:23.344580;93ca0a95-894e-4f24-977e-61416e129474;444.9;0.01;BUY
2016-04-28T00:11:23.278128;2016-04-28T00:11:23.344580;e3a6e6e3-5f8a-49e2-864c-191399c0802e;444.91;0.01;BUY
2016-04-28T00:11:23.278312;2016-04-28T00:11:23.360205;bef5da29-3b15-4fd4-9a26-2bd3ceaa1d10;444.92;0.01;BUY
2016-04-28T00:11:23.278516;2016-04-28T00:11:23.360205;bd8ecfca-308a-4c1c-a4f3-f9b80ed43857;444.93;0.01;BUY
2016-04-28T00:11:23.278705;2016-04-28T00:11:23.375830;38b82951-e0fd-4e32-9888-2f2b1bed9081;444.94;0.01;BUY
2016-04-28T00:11:31.338039;2016-04-28T00:11:31.360210;f90cb29f-d17a-41a3-ac4c-a7860dc9a97b;444.94;0.32;SELL
2016-04-28T00:11:31.338337;2016-04-28T00:11:31.375836;405db63a-5f85-4658-9a90-0b1966229119;444.94;0.116;SELL
2016-04-28T00:11:31.338574;2016-04-28T00:11:31.375836;ab271ef5-e7ac-41d3-8e30-df3eebf9be7e;444.89;0.12;SELL
2016-04-28T00:11:31.338774;2016-04-28T00:11:31.375836;cce0d35d-6ac2-4ed1-a79c-7c43d766be88;444.84;0.086;SELL
2016-04-28T00:11:31.338966;2016-04-28T00:11:31.407085;9c57f31c-9122-4979-a4c5-9eceff09449d;444.81;0.01;SELL
2016-04-28T00:11:31.339189;2016-04-28T00:11:31.407085;3d8ecf2e-a541-4425-adc8-37cadef4276f;444.8;0.01;SELL
2016-04-28T00:11:31.339379;2016-04-28T00:11:31.407085;8c9afe14-b76d-4d24-9bee-5a24e0cb927f;444.8;0.21;SELL
2016-04-28T00:11:31.339580;2016-04-28T00:11:31.407085;cdeba94e-17f0-424b-a918-7f364c6dde6d;444.79;0.01;SELL
2016-04-28T00:11:31.339771;2016-04-28T00:11:31.407085;3a99e369-6bed-4352-8d26-dfb29dd0101b;444.78;0.01;SELL
2016-04-28T00:11:31.339940;2016-04-28T00:11:31.407085;a951ce22-8ae3-4662-bbf7-753cd6e44c4c;444.77;0.01;SELL
2016-04-28T00:11:31.340167;2016-04-28T00:11:31.407085;4d64358c-6c02-4195-abab-6f28b3178bcc;444.77;0.26;SELL
2016-04-28T00:11:31.340355;2016-04-28T00:11:31.422714;4be7ea87-7d0c-47d9-9630-34595c22a35b;444.76;0.01;SELL
2016-04-28T00:11:31.340548;2016-04-28T00:11:31.438339;ab9c0833-9b02-4ef1-9e38-fafce4507743;444.76;0.57;SELL
2016-04-28T00:11:31.340727;2016-04-28T00:11:31.438339;25c34f5a-fb35-48a5-9d32-381b349b3b97;444.75;0.01;SELL
2016-04-28T00:11:31.340918;2016-04-28T00:11:31.438339;e391d89c-742e-4e0d-a885-84e2b610b5aa;444.75;0.39;SELL
2016-04-28T00:11:31.341124;2016-04-28T00:11:31.438339;c66e8f5a-5cb3-41c6-a942-3b31c4dd4713;444.74;0.01;SELL
2016-04-28T00:11:31.341290;2016-04-28T00:11:31.438339;6445e1b9-90a4-4974-a9e7-6dd98362d1a2;444.74;0.42999;SELL
2016-04-28T00:11:57.338005;2016-04-28T00:11:57.360227;017d3df0-26be-48e5-9392-de436994ef99;444.78;0.01;BUY
2016-04-28T00:11:57.338328;2016-04-28T00:11:57.375852;b9345b0a-7c53-480d-82d7-90834ef9deea;444.79;0.01;BUY
2016-04-28T00:11:57.338558;2016-04-28T00:11:57.375852;88d5ca5b-17dd-46bd-a4e8-670da53a7c98;444.8;0.01;BUY
2016-04-28T00:11:57.338759;2016-04-28T00:11:57.375852;75db5cf7-fc17-410b-8ba2-0ba011656f57;444.81;0.01;BUY
2016-04-28T00:11:57.338947;2016-04-28T00:11:57.391473;cb478747-3172-4814-914d-d3363e08e8ea;444.82;0.01;BUY
2016-04-28T00:11:57.339157;2016-04-28T00:11:57.469599;f8a965c5-5a2e-46ab-b12e-63a8cc89f49a;444.83;0.01;BUY
2016-04-28T00:11:57.339395;2016-04-28T00:11:57.469599;790c1778-4597-43e0-94c7-0accbe617ce8;444.83;0.21;BUY
2016-04-28T00:11:57.339594;2016-04-28T00:11:57.469599;90fbf458-eb9c-4e2f-92d6-bac9ec112f88;444.84;0.01;BUY
2016-04-28T00:11:57.339774;2016-04-28T00:11:57.469599;e1102126-8f2a-40cc-9900-41544ee9a8ef;444.85;0.01;BUY
2016-04-28T00:11:57.339966;2016-04-28T00:11:57.469599;a8a327c4-83f4-45bd-b54e-32b6ad1d4076;444.86;0.01;BUY
2016-04-28T00:11:58.824483;2016-04-28T00:11:58.844600;596e81b2-f683-495a-bf79-16ec75f8fbaf;444.87;0.01;BUY
2016-04-28T00:11:58.824697;2016-04-28T00:11:58.844600;ac05703a-9b9a-4fbd-b722-840420b03f5d;444.88;0.01;BUY
2016-04-28T00:11:58.824894;2016-04-28T00:11:58.860225;c3fbc8e8-e539-4d75-a7a6-121f7cb593d3;444.89;0.01;BUY
2016-04-28T00:11:58.825121;2016-04-28T00:11:58.860225;7a126f14-c45c-488d-9d10-f5a25b3559a5;444.9;0.01;BUY
2016-04-28T00:11:58.825321;2016-04-28T00:11:58.860225;81305ce3-c6c0-422c-b83e-e08478e34e5c;444.91;0.01;BUY
2016-04-28T00:11:58.825523;2016-04-28T00:11:58.860225;84e6e7e3-f7f2-4ccf-aa24-b05eb4afc1c9;444.91;0.21;BUY
2016-04-28T00:11:58.825707;2016-04-28T00:11:58.875849;6153bfb0-2688-43b8-b3cd-dae4a9fcdd94;444.92;0.01;BUY
2016-04-28T00:11:58.825896;2016-04-28T00:11:58.875849;fed1f9e7-9be4-4c1d-9acd-85327201d1ef;444.93;0.01;BUY
2016-04-28T00:11:58.826111;2016-04-28T00:11:58.875849;d40bce50-5026-4530-a979-a48cbd9f0d7f;444.94;0.01;BUY
2016-04-28T00:11:58.826318;2016-04-28T00:11:58.875849;d813a98f-288f-48e8-9260-187e0d1b8a06;444.95;0.01;BUY
2016-04-28T00:11:58.826504;2016-04-28T00:11:58.875849;3fbf95d8-40d6-42e7-9f9e-3fde12cd1054;444.96;0.01;BUY
2016-04-28T00:11:58.826691;2016-04-28T00:11:58.891474;81d8c08f-f5c2-4d75-a4c8-ab6fd73cc900;444.97;0.01;BUY
2016-04-28T00:12:02.977948;2016-04-28T00:12:03.000853;2a5b0c09-25d1-4025-9abb-4129cd449fab;444.9;0.01;BUY
2016-04-28T00:12:02.978212;2016-04-28T00:12:03.016476;8eec8b35-1360-431b-aa5c-fba326ae6102;444.91;0.01;BUY
2016-04-28T00:12:02.978406;2016-04-28T00:12:03.016476;503d602c-b493-45a4-ac07-15dc48b51d05;444.92;0.01;BUY
2016-04-28T00:12:02.978581;2016-04-28T00:12:03.016476;b378bc6b-5fc4-4056-bde3-b8129ee14d0a;444.93;0.01;BUY
2016-04-28T00:12:02.978790;2016-04-28T00:12:03.032101;49fc4c33-2842-44a7-8504-75e6a7cfe7f5;444.93;0.01;BUY
2016-04-28T00:12:02.979002;2016-04-28T00:12:03.032101;e401f251-2853-4740-8c3d-5200fbf334d1;444.94;0.01;BUY
2016-04-28T00:12:02.979193;2016-04-28T00:12:03.032101;466b7854-c436-4c96-93bc-117ce362c844;444.95;0.01;BUY
2016-04-28T00:12:02.979380;2016-04-28T00:12:03.047727;bb2cecda-60fe-492f-9a5d-79f9c9a8a382;444.97;0.01;BUY
2016-04-28T00:12:02.979565;2016-04-28T00:12:03.047727;dc5deea4-88a8-4eb1-8907-2f276d6cf374;444.98;0.01;BUY
2016-04-28T00:12:02.979770;2016-04-28T00:12:03.063351;d76a67db-bf32-4f27-a893-72333f33c577;444.99;0.01;BUY
2016-04-28T00:12:02.979956;2016-04-28T00:12:03.063351;f5270c4c-bc08-4387-9657-30911eb9cdce;445.0;0.01;BUY
2016-04-28T00:12:02.980174;2016-04-28T00:12:03.063351;0fefeabf-1415-473f-bee5-5331e385d54b;445.01;0.01;BUY
2016-04-28T00:12:02.980358;2016-04-28T00:12:03.063351;fce24313-f56e-4794-a936-d736cdbf885a;445.02;0.01;BUY
2016-04-28T00:12:02.980544;2016-04-28T00:12:03.063351;66bf73bc-f147-417c-98b2-32187686d57d;445.03;0.01;BUY
2016-04-28T00:12:02.980751;2016-04-28T00:12:03.063351;34cc5dda-de0b-47be-bc77-f3b0d19ccb96;445.04;0.01;BUY
2016-04-28T00:12:02.981413;2016-04-28T00:12:03.094601;6525ba5c-e58f-4b8c-a38c-0bf15bae271b;445.05;0.01;BUY
2016-04-28T00:12:02.981580;2016-04-28T00:12:03.094601;efc62c27-6bde-4f18-aa2c-73aea3bb41cf;445.06;0.00841;BUY
2016-04-28T00:12:16.029721;2016-04-28T00:12:16.047731;3517dd78-5987-4644-955e-fb0be017c562;444.98;0.01;BUY
2016-04-28T00:12:16.029951;2016-04-28T00:12:16.063356;5fc8f453-c4e3-4146-b790-6aed4ce23bc6;444.99;0.01;BUY
2016-04-28T00:12:16.030187;2016-04-28T00:12:16.063356;895aa865-fe98-4b23-b25b-4c1d8ec1b611;445.0;0.01;BUY
2016-04-28T00:12:16.030379;2016-04-28T00:12:16.063356;7665da3e-73f0-40ad-87e8-fc4130387e4d;445.01;0.01;BUY
2016-04-28T00:12:16.030577;2016-04-28T00:12:16.063356;264e2f52-f151-45a3-945e-e43db8ab612a;445.02;0.01;BUY
2016-04-28T00:12:16.030787;2016-04-28T00:12:16.063356;5483ed3c-6bae-4bc6-a692-00b8859f2beb;445.03;0.01;BUY
2016-04-28T00:12:16.031006;2016-04-28T00:12:16.078982;975f2e41-9fbf-41c3-bb5f-14ae690d1383;445.04;0.01;BUY
2016-04-28T00:12:16.031203;2016-04-28T00:12:16.078982;0111133c-6774-4f54-a0b3-744cfe2b85dd;445.05;0.01;BUY
2016-04-28T00:12:16.031389;2016-04-28T00:12:16.094609;0cca5ced-468e-4ac0-bf88-8bd5559157ff;445.06;0.00159;BUY
2016-04-28T00:12:16.031554;2016-04-28T00:12:16.094609;c65bdf96-794f-4db1-9d49-35022b19d91a;445.07;0.22781;BUY
2016-04-28T00:12:16.038776;2016-04-28T00:12:16.094609;1dad3d54-6250-4c48-8f29-32a06644f1c0;445.07;0.0765;BUY
2016-04-28T00:12:16.098926;2016-04-28T00:12:16.125857;6f25bf7e-f75a-40de-9837-5ff5c9a17534;445.07;0.0866;BUY
2016-04-28T00:12:16.110634;2016-04-28T00:12:16.125857;7f9ababc-01d1-48c5-aea4-287025c9d7fc;445.07;0.048;BUY
2016-04-28T00:12:31.172312;2016-04-28T00:12:31.188369;ef7f71a2-6d62-41cd-9137-864c2b0a6e31;444.96;0.01;BUY
2016-04-28T00:12:31.172545;2016-04-28T00:12:31.188369;e45dd8b1-12b1-4240-8d86-8ba1d434cf88;444.97;0.01;BUY
2016-04-28T00:12:31.172768;2016-04-28T00:12:31.203990;5b7a2b53-0b07-4199-9223-766a1a805547;444.98;0.01;BUY
2016-04-28T00:12:31.172934;2016-04-28T00:12:31.203990;9c3f020c-dcb4-402a-aa96-00a1cc7d48ab;444.99;0.00712;BUY
2016-04-28T00:13:04.821248;2016-04-28T00:13:04.844641;21afd73b-3008-448d-a737-bdd456a6853f;444.96;0.01;BUY
2016-04-28T00:13:04.821517;2016-04-28T00:13:04.860262;ae6aeb40-595c-4501-a0cf-83939d8cf1f1;444.98;0.01;BUY
2016-04-28T00:13:04.821789;2016-04-28T00:13:04.860262;11bf96c8-e8ce-42b6-a6a9-bf083f3323b5;444.99;0.00288;BUY
2016-04-28T00:13:04.822012;2016-04-28T00:13:04.860262;2fd05c53-a32f-48bd-aa34-7684efc3029f;445.0;0.01;BUY
2016-04-28T00:13:04.822205;2016-04-28T00:13:04.860262;8fcae0b5-69bd-49aa-a881-aa02133b54f9;445.05;0.079;BUY
2016-04-28T00:13:04.822388;2016-04-28T00:13:04.875884;1b3c9a2a-2c4a-4826-b2c6-d71e0c505eee;445.06;0.01;BUY
2016-04-28T00:13:04.822572;2016-04-28T00:13:04.891465;4aac3de2-6adb-4042-8250-1cd76bc225d8;445.07;1.56109;BUY
2016-04-28T00:13:04.822772;2016-04-28T00:13:04.891465;124d79fe-0586-4b45-b0e7-f9f47f88c1d9;445.1;0.1;BUY
2016-04-28T00:13:04.822964;2016-04-28T00:13:04.891465;92e9651f-b213-4846-9f2e-dbddb9a10915;445.15;0.077;BUY
2016-04-28T00:13:04.823183;2016-04-28T00:13:04.891465;7de406ee-16d4-4a27-b29b-7195ffdff1b3;445.21;0.117;BUY
2016-04-28T00:13:04.823366;2016-04-28T00:13:04.954008;42dae39f-ca32-4a6c-9d12-24ab7c816cc3;445.22;0.01;BUY
2016-04-28T00:13:04.823551;2016-04-28T00:13:04.954008;5bd753db-f1a4-403d-9ea6-ee334060882f;445.23;0.2;BUY
2016-04-28T00:13:04.823730;2016-04-28T00:13:04.954008;c765be2a-ae27-409b-8aa3-067218217f55;445.26;0.112;BUY
2016-04-28T00:13:04.823935;2016-04-28T00:13:04.954008;14998d9b-eb27-45f7-a3c0-3df5e3499782;445.31;0.097;BUY
2016-04-28T00:13:04.824146;2016-04-28T00:13:04.954008;bf45ed2e-7c26-4bde-ad09-1c4ffd7af039;445.35;0.01;BUY
2016-04-28T00:13:04.824338;2016-04-28T00:13:04.954008;b0b1e1d0-a15e-478a-b092-d749f3b5031b;445.36;0.126;BUY
2016-04-28T00:13:04.824517;2016-04-28T00:13:04.954008;01c11c68-da00-4b63-b602-11f662542e92;445.41;0.102;BUY
2016-04-28T00:13:04.824693;2016-04-28T00:13:04.954008;4e068fc5-3c75-4964-8cc5-1b925f01fe40;445.45;0.01;BUY
2016-04-28T00:13:04.824907;2016-04-28T00:13:04.954008;79b47db8-f032-45f5-a5ab-26c954d63b14;445.45;0.8;BUY
2016-04-28T00:13:04.825089;2016-04-28T00:13:04.954008;1571dbc0-2805-49de-8af4-487923ba7235;445.46;3.34584;BUY
2016-04-28T00:13:32.785155;2016-04-28T00:13:32.797779;3a75cb89-3e3a-4d31-beb1-02633625743f;445.28;0.01;BUY
2016-04-28T00:13:32.785444;2016-04-28T00:13:32.813396;0579cf8f-a4d5-4eb6-b611-8a13fda84926;445.28;0.01;BUY
2016-04-28T00:13:32.785654;2016-04-28T00:13:32.813396;6ebf8faa-c466-4611-a361-b98dc0ab5a3e;445.28;0.088;BUY
2016-04-28T00:13:32.785824;2016-04-28T00:13:32.813396;5a66b53b-3679-44f0-8fee-d61b3ae9deb8;445.28;0.81469;BUY
2016-04-28T00:14:00.252597;2016-04-28T00:14:00.266540;acdb9b7f-f9c3-4cb6-bf33-ffaf1f77ef7e;445.28;1.18531;BUY
2016-04-28T00:14:00.252896;2016-04-28T00:14:00.282162;123f7f9c-2120-40fe-8ad3-893a7d01cefb;445.28;0.318;BUY
2016-04-28T00:14:00.253154;2016-04-28T00:14:00.282162;82da0362-1853-46cc-aab0-e35ecc74f183;445.29;0.01;BUY
2016-04-28T00:14:00.253353;2016-04-28T00:14:00.282162;9538d21b-0ccd-43e2-bfdb-c658851c516e;445.3;0.01;BUY
2016-04-28T00:14:00.253569;2016-04-28T00:14:00.282162;7cbacded-a896-43a9-ba83-27b0fad4761d;445.31;0.01;BUY
2016-04-28T00:14:00.253746;2016-04-28T00:14:00.375916;4ec9aa6a-f164-449a-9856-910e5d56e567;445.32;0.01;BUY
2016-04-28T00:14:00.253955;2016-04-28T00:14:00.375916;b7dd4c9b-29b2-4129-b51a-1dab8c9145d3;445.32;0.01;BUY
2016-04-28T00:14:00.254152;2016-04-28T00:14:00.375916;aadc50fa-c5df-4889-9ab5-819a4bbd57b5;445.33;0.01;BUY
2016-04-28T00:14:00.254340;2016-04-28T00:14:00.375916;f331d147-4c08-42ad-b386-aa0eba09b7af;445.33;0.316;BUY
2016-04-28T00:14:00.254523;2016-04-28T00:14:00.375916;eafc85be-4a93-4d53-8911-4575da6f3b16;445.34;0.01;BUY
2016-04-28T00:14:00.254710;2016-04-28T00:14:00.375916;0a068f92-f009-46a0-adff-48b71e642f21;445.35;0.01;BUY
2016-04-28T00:14:00.254926;2016-04-28T00:14:00.375916;daf04a79-09a3-42e0-906b-bd5dfa3f6e26;445.36;0.01;BUY
2016-04-28T00:14:00.255136;2016-04-28T00:14:00.375916;20e77af3-a5d0-4127-9aee-09f75ec4fa15;445.37;0.01;BUY
2016-04-28T00:14:00.255308;2016-04-28T00:14:00.375916;981e25e2-c97c-45cd-a6f9-1323e918fc14;445.38;0.01;BUY
2016-04-28T00:14:00.255491;2016-04-28T00:14:00.375916;c624f97d-394c-49b7-a32a-705c857c1eb6;445.38;0.303;BUY
2016-04-28T00:14:00.255658;2016-04-28T00:14:00.375916;dc859bee-78d0-4b06-9dd0-811f3d69d406;445.39;0.01;BUY
2016-04-28T00:14:00.255841;2016-04-28T00:14:00.375916;fd63a97c-eb5e-4780-8f94-b3c0ce868064;445.39;0.32;BUY
2016-04-28T00:14:00.256075;2016-04-28T00:14:00.375916;3fcbb3ab-edce-4db3-852c-a408c88dfd71;445.4;0.01;BUY
2016-04-28T00:14:00.256261;2016-04-28T00:14:00.375916;22812506-e0d7-4c3b-b6d1-5e01a0cdadd7;445.41;0.01;BUY
2016-04-28T00:14:00.256444;2016-04-28T00:14:00.375916;8a86e4f8-9b59-4558-addc-f9c5a5c192fe;445.42;0.01;BUY
2016-04-28T00:14:00.256613;2016-04-28T00:14:00.375916;cf3dc0d9-e413-4bb1-9975-0abf92b78c5b;445.43;0.01;BUY
2016-04-28T00:14:00.256793;2016-04-28T00:14:00.375916;d98c557e-9076-43fe-b5e2-100cb14855f7;445.43;0.284;BUY
2016-04-28T00:14:00.256985;2016-04-28T00:14:00.375916;35956360-c67e-4c6c-b7ca-0799bd1b909a;445.44;0.01;BUY
2016-04-28T00:14:00.257178;2016-04-28T00:14:00.375916;5bde237a-d389-41c9-a39c-36a36f024090;445.44;2.14519;BUY
2016-04-28T00:14:01.216573;2016-04-28T00:14:01.250911;1b732ccb-1dba-48c6-8057-c8b59592b97e;445.43;0.01;BUY
2016-04-28T00:14:01.216782;2016-04-28T00:14:01.250911;c012bca8-1d56-427f-83a7-4ff2be51e3b5;445.44;0.01;BUY
2016-04-28T00:14:01.216964;2016-04-28T00:14:01.250911;a84d656d-e19c-4541-918c-c26cb038fb93;445.45;0.01;BUY
2016-04-28T00:14:01.217196;2016-04-28T00:14:01.250911;77c504b7-c4ac-410c-bbc2-c93baf7e2cc5;445.45;0.06;BUY
2016-04-28T00:14:01.217357;2016-04-28T00:14:01.266537;39b17991-7531-48ac-8357-822c4639da8f;445.46;1.23523;BUY
2016-04-28T00:14:31.008861;2016-04-28T00:14:31.016557;929b751e-e660-40d3-90e7-3aa6fc176e3f;445.41;0.01;BUY
2016-04-28T00:14:31.009167;2016-04-28T00:14:31.032177;d7318978-3f5e-45f4-b71d-e21794dece05;445.41;0.087;BUY
2016-04-28T00:14:31.009388;2016-04-28T00:14:31.094676;7929f9ed-c5f9-4b81-a2a9-5634b2991603;445.42;0.01;BUY
2016-04-28T00:14:31.009564;2016-04-28T00:14:31.110307;bb0649b3-86e3-40c0-bb4a-a7f961de5886;445.43;0.01;BUY
2016-04-28T00:14:31.009723;2016-04-28T00:14:31.110307;1548eaea-9bc3-49c6-bcce-5ff0ca4b8a47;445.43;0.32744;BUY
2016-04-28T00:14:47.504391;2016-04-28T00:14:47.532184;9997b08f-d3df-4e19-9278-c8a6d3a8d0a1;445.4;0.015;SELL
2016-04-28T00:15:00.997072;2016-04-28T00:15:01.016566;28d185e4-3ab7-4fbd-b373-66ce2fb06aae;445.33;0.254;BUY
2016-04-28T00:15:00.997261;2016-04-28T00:15:01.032191;7c10f5a9-c34b-4880-aa0c-4aca1d10e445;445.34;3.21116;BUY
2016-04-28T00:15:32.585761;2016-04-28T00:15:32.594712;f657c887-ca25-4576-b167-a5079c2568a3;445.31;0.26957;BUY
2016-04-28T00:16:01.477778;2016-04-28T00:16:01.552505;b03bd438-858b-4e8c-be05-cceb357d4fa8;445.33;0.0129859;SELL
2016-04-28T00:16:01.478072;2016-04-28T00:16:01.568125;f44c3e47-db17-4695-b553-5be2452356c1;445.3;0.01;SELL
2016-04-28T00:16:01.478308;2016-04-28T00:16:01.568125;0d1c0792-31d5-453a-a0f0-1850d79e5e61;445.3;0.01;SELL
2016-04-28T00:16:01.478543;2016-04-28T00:16:01.568125;25834254-155d-4782-8350-e0efac8d400a;445.29;0.01;SELL
2016-04-28T00:16:01.478762;2016-04-28T00:16:01.583750;6e0dd999-1918-44c4-9619-2c3900dea6f2;445.29;0.01;SELL
2016-04-28T00:16:01.478939;2016-04-28T00:16:01.583750;ccaa4466-43a1-4153-9ce2-c3afd33cb38b;445.28;0.01;SELL
2016-04-28T00:16:01.479162;2016-04-28T00:16:01.599378;68360ffa-b989-49de-98cd-1b48dc644ddd;445.28;0.01;SELL
2016-04-28T00:16:01.479358;2016-04-28T00:16:01.599378;99b0b344-2e11-4635-8d7f-ce5d9099ca7b;445.27;0.01;SELL
2016-04-28T00:16:01.479534;2016-04-28T00:16:01.599378;46d7deb4-462b-4484-80b4-187a4a84b66f;445.26;0.01;SELL
2016-04-28T00:16:01.479743;2016-04-28T00:16:01.599378;a5eb10e1-3980-4e0b-baa5-4bbd60b24ff3;445.26;0.01;SELL
2016-04-28T00:16:01.479941;2016-04-28T00:16:01.615001;e4cfc47c-9cb4-4a34-ae87-1351d4d9bb9f;445.25;0.01;SELL
2016-04-28T00:16:01.480136;2016-04-28T00:16:01.615001;a642704d-eb42-4b07-b9b6-642a2b51271b;445.24;0.01;SELL
2016-04-28T00:16:01.480300;2016-04-28T00:16:01.615001;b080b0ac-cccc-41ca-bb34-5f06208686ea;445.24;4.1419641;SELL
2016-04-28T00:16:31.076736;2016-04-28T00:16:31.161890;375d6e90-4d3d-4f1e-a98e-b0f31dde8843;445.28;0.01;BUY
2016-04-28T00:16:31.077026;2016-04-28T00:16:31.161890;399b426f-66e0-4f59-a390-bac3f604cf7d;445.28;0.128;BUY
2016-04-28T00:16:31.077261;2016-04-28T00:16:31.161890;b2bd13e4-1a4a-446a-b419-711dd6df137c;445.29;0.01;BUY
2016-04-28T00:16:31.077467;2016-04-28T00:16:31.161890;a9a12d69-0de8-4052-937a-6a408aaa5685;445.3;0.01;BUY
2016-04-28T00:16:31.077683;2016-04-28T00:16:31.177517;143ebff4-9a34-4e87-a915-231b4350d407;445.31;0.01;BUY
2016-04-28T00:16:31.077877;2016-04-28T00:16:31.177517;44bc6c66-a83b-420f-b8ef-de12f21f7737;445.32;0.01;BUY
2016-04-28T00:16:31.078078;2016-04-28T00:16:31.177517;b90d25d5-4041-4992-a297-5f5840872d78;445.33;0.01;BUY
2016-04-28T00:16:31.078265;2016-04-28T00:16:31.193142;d88958f7-bf37-4887-bd14-713c91194266;445.33;1.031;BUY
2016-04-28T00:16:31.078456;2016-04-28T00:16:31.193142;8d59cf03-a108-4088-97db-fb4aaa259f76;445.34;0.118;BUY
2016-04-28T00:16:31.078680;2016-04-28T00:16:31.193142;ca8d46ae-ad71-451c-bc69-1ec0c796af0a;445.39;0.1;BUY
2016-04-28T00:16:31.078876;2016-04-28T00:16:31.193142;68804a9a-7f2c-4843-b475-7e05e7e79f97;445.43;1.67256;BUY
2016-04-28T00:16:31.079086;2016-04-28T00:16:31.208767;a68c0d1c-b787-43b6-b4fc-c324746255a5;445.44;0.106;BUY
2016-04-28T00:16:31.079245;2016-04-28T00:16:31.208767;7a0d0b24-2c12-4621-9f37-5760db342e26;445.46;1.43362;BUY
2016-04-28T00:17:01.197055;2016-04-28T00:17:01.271286;a244b82c-9d07-456b-92e3-7508ef3d4f17;445.28;0.01;BUY
2016-04-28T00:17:01.197284;2016-04-28T00:17:01.286907;12b6971d-a85a-493a-954b-932b211fd541;445.29;0.00947;BUY
2016-04-28T00:17:11.631011;2016-04-28T00:17:11.708798;3556332f-e178-41be-8c47-6f2c7f22f953;445.23;0.00672686;SELL
2016-04-28T00:17:19.114608;2016-04-28T00:17:19.193169;dc216383-d6bd-4f9b-b6b2-525d4f141ed0;445.28;0.00670933;BUY
2016-04-28T00:17:31.028492;2016-04-28T00:17:31.099418;ad37a8d2-6172-448e-bf46-2aa9e5f8e4c3;445.28;0.00329067;BUY
2016-04-28T00:17:31.028780;2016-04-28T00:17:31.115047;18cf5516-e479-455f-b9f6-5f24b35dbade;445.28;0.01;BUY
2016-04-28T00:17:31.029024;2016-04-28T00:17:31.115047;3be45267-87ed-4db3-8a25-ea9ecef11f5f;445.29;0.00053;BUY
2016-04-28T00:17:31.029237;2016-04-28T00:17:31.115047;36911146-8c0b-4205-b750-af5cceae1cb0;445.3;0.01;BUY
2016-04-28T00:17:31.029426;2016-04-28T00:17:31.130672;ed3af609-5ecd-497f-829c-8847c1902a76;445.31;0.01;BUY
2016-04-28T00:17:31.029606;2016-04-28T00:17:31.130672;50a5025e-eb1d-463b-80ed-8255803c3417;445.32;0.01;BUY
2016-04-28T00:17:31.029795;2016-04-28T00:17:31.130672;f85fb55f-26bc-4ee0-962b-64817182837a;445.33;0.01;BUY
2016-04-28T00:17:31.030006;2016-04-28T00:17:31.193174;6fb62b58-4a5e-4f0a-9f83-b06f7bff9b88;445.34;0.01;BUY
2016-04-28T00:17:31.030186;2016-04-28T00:17:31.193174;3bb47e0d-c29b-45a6-96c8-929c1f9f74ce;445.35;0.01;BUY
2016-04-28T00:17:31.030364;2016-04-28T00:17:31.193174;bc32683b-18b4-4c7b-8aa3-0d31d7f22c8c;445.35;0.078;BUY
2016-04-28T00:17:31.030545;2016-04-28T00:17:31.193174;ac1b9466-47f0-4d9e-b725-a33a99ab4c45;445.36;0.01;BUY
2016-04-28T00:17:31.030726;2016-04-28T00:17:31.193174;651d1c20-e426-4bb0-8b17-9eabfff29d17;445.37;0.01;BUY
2016-04-28T00:17:31.030914;2016-04-28T00:17:31.193174;9ae22edd-1758-4453-9c0e-98f2c1d5a2eb;445.38;0.01;BUY
2016-04-28T00:17:31.031137;2016-04-28T00:17:31.224423;4764d22a-8d9d-4124-a4a8-f19fb9b0202d;445.39;0.01;BUY
2016-04-28T00:17:31.031306;2016-04-28T00:17:31.224423;2d4fd3ef-79d1-473d-9672-059775044d05;445.4;0.01;BUY
2016-04-28T00:17:31.031490;2016-04-28T00:17:31.224423;e7b3dd66-6fea-4e92-a250-fa30fc4c8eaa;445.4;0.117;BUY
2016-04-28T00:17:31.031674;2016-04-28T00:17:31.224423;c4a472de-cd73-4b3a-88ef-8293b9bd3491;445.41;0.01;BUY
2016-04-28T00:17:31.031850;2016-04-28T00:17:31.224423;49848bb1-0b41-4d69-a4fe-c273d4d4bc73;445.42;0.01;BUY
2016-04-28T00:17:31.032064;2016-04-28T00:17:31.224423;1e7e122f-d75b-4d9d-96e4-36e7eab1c550;445.43;0.01;BUY
2016-04-28T00:17:31.032248;2016-04-28T00:17:31.224423;dc7d3214-9342-465c-9c24-cbca1a88d5e8;445.45;0.01;BUY
2016-04-28T00:17:31.032430;2016-04-28T00:17:31.224423;eb58cf7f-ee2b-4623-b148-59135e0d8906;445.45;0.078;BUY
2016-04-28T00:17:31.032586;2016-04-28T00:17:31.224423;62ba96b1-09d7-4bde-990f-bc55d867d59c;445.46;3.49165933;BUY
2016-04-28T00:17:44.649832;2016-04-28T00:17:44.740053;40b2149e-2eb1-4b1c-91e6-5942cd90f719;445.27;0.00672626;SELL
2016-04-28T00:17:49.077532;2016-04-28T00:17:49.161894;40a848eb-9384-4972-8c91-0d6e25532580;445.43;0.00670707;BUY
2016-04-28T00:17:55.213830;2016-04-28T00:17:55.286938;ec9686db-2844-4fb3-a61f-a3bf81f0d312;445.42;0.0066737;BUY
2016-04-28T00:18:01.307133;2016-04-28T00:18:01.396313;14970a13-e01d-436c-a4a2-bd1fa92af585;445.41;0.01;BUY
2016-04-28T00:18:01.307396;2016-04-28T00:18:01.396313;c72ee4d7-3cc4-4086-b411-e68de75513ed;445.42;0.0033263;BUY
2016-04-28T00:18:01.307648;2016-04-28T00:18:01.411939;69699fd4-b491-41b4-bda3-01adeb8a2d58;445.43;0.00329293;BUY
2016-04-28T00:18:01.307843;2016-04-28T00:18:01.411939;c3c30791-9c16-43da-a1bd-a4dab7a29685;445.44;0.01;BUY
2016-04-28T00:18:01.308038;2016-04-28T00:18:01.411939;78bc701a-1b9d-44f8-bf27-fd1d889b12f5;445.45;0.01;BUY
2016-04-28T00:18:01.308230;2016-04-28T00:18:01.411939;7341c45e-b145-4c38-b7ba-d1001a76aec5;445.45;2.0;BUY
2016-04-28T00:18:01.308420;2016-04-28T00:18:01.427562;ea96ce1c-8cd7-4ea6-8a09-c86e8c8bac77;445.46;0.15929067;BUY
2016-04-28T00:18:01.308639;2016-04-28T00:18:01.427562;296f7e14-e411-4a57-9d20-ea12500210ad;445.47;0.02;BUY
2016-04-28T00:18:01.308834;2016-04-28T00:18:01.427562;970068ce-0f0e-432e-97a1-bd6fc8ac83a1;445.5;0.089;BUY
2016-04-28T00:18:01.309040;2016-04-28T00:18:01.443187;07e168f3-4782-44cc-bc90-28004c060495;445.55;0.01;BUY
2016-04-28T00:18:01.309234;2016-04-28T00:18:01.458812;8209cb30-5f8c-43b2-85f9-14ead854cbf2;445.55;0.13;BUY
2016-04-28T00:18:01.309424;2016-04-28T00:18:01.458812;febaddb5-41e6-40b7-a544-b992ba7e852d;445.62;0.5;BUY
2016-04-28T00:18:01.309619;2016-04-28T00:18:01.458812;c83f4f40-7b44-4bb9-9cb7-675eba9a9f71;445.63;0.101;BUY
2016-04-28T00:18:01.309813;2016-04-28T00:18:01.458812;b5d19892-99eb-4b24-aae6-99d95bf5e9ed;445.63;0.2;BUY
2016-04-28T00:18:01.310019;2016-04-28T00:18:01.458812;0233bd46-c238-4b7a-853b-f4819e2ad2c7;445.65;0.01;BUY
2016-04-28T00:18:01.310199;2016-04-28T00:18:01.490062;e34cf7d8-0482-4db1-a376-bb52ed6120cf;445.65;0.02;BUY
2016-04-28T00:18:01.310384;2016-04-28T00:18:01.490062;af25d0b7-c4a1-420e-b867-61723d7f80d7;445.65;0.01;BUY
2016-04-28T00:18:01.310581;2016-04-28T00:18:01.490062;a9b84e26-7abc-4bce-9ecb-f3c0462454ea;445.66;0.01;BUY
2016-04-28T00:18:01.310766;2016-04-28T00:18:01.490062;526d8e7e-267f-4b51-800f-94e4de0a30c9;445.66;0.45;BUY
2016-04-28T00:18:01.310962;2016-04-28T00:18:01.490062;6f27df5f-9b89-4d4f-a698-9a76e3492c92;445.69;0.117;BUY
2016-04-28T00:18:01.311178;2016-04-28T00:18:01.505686;76a52da2-3d9b-44a0-be8a-076d9cae896a;445.74;0.072;BUY
2016-04-28T00:18:01.311358;2016-04-28T00:18:01.505686;4438231d-10ee-4de5-9912-4eaec82b99c1;445.75;0.01;BUY
2016-04-28T00:18:01.311563;2016-04-28T00:18:01.505686;d3a32e94-4927-4d12-95a9-399146f022f6;445.76;0.1675;BUY
2016-04-28T00:18:01.311725;2016-04-28T00:18:01.536936;fcbcf086-f059-4d2e-97c6-63963777c70b;445.77;7.0565701;BUY
2016-04-28T00:18:31.436789;2016-04-28T00:18:31.505703;8081b21e-c0ee-49e1-ad34-a4f83599639a;445.41;0.01089;BUY
2016-04-28T00:18:31.973212;2016-04-28T00:18:32.052578;62db9597-c871-4084-91c7-e5cab96fc348;445.3;0.01;SELL
2016-04-28T00:18:34.389161;2016-04-28T00:18:34.490080;1212b148-b99c-45ca-9f42-f27c2c227b0b;445.29;0.01;SELL
2016-04-28T00:18:36.635826;2016-04-28T00:18:36.708831;15a01531-1b3a-46c8-b035-06327fa88bf4;445.28;0.01;SELL
2016-04-28T00:18:36.636058;2016-04-28T00:18:36.724456;4d817ec6-1e80-4b49-b479-d2695acda52d;445.27;0.00327374;SELL
2016-04-28T00:18:36.636259;2016-04-28T00:18:36.724456;48bdea87-7ff5-4e1d-a7ff-909d78594947;445.27;0.01;SELL
2016-04-28T00:18:39.001323;2016-04-28T00:18:39.068207;3a1721ff-e2b6-4b53-abfc-b4e5ec46d42f;445.26;0.01;SELL
2016-04-28T00:18:39.001541;2016-04-28T00:18:39.099458;98c753b5-8a5b-410f-b198-e7ecf9b2a728;445.26;0.01;SELL
2016-04-28T00:18:39.001763;2016-04-28T00:18:39.099458;b5e10371-a745-4617-bc46-f1e63edb0016;445.25;0.01;SELL
2016-04-28T00:18:39.002002;2016-04-28T00:18:39.099458;8d331bda-ddfe-4227-9c4a-0a8c5f5b0e08;445.25;0.01;SELL
2016-04-28T00:18:39.002191;2016-04-28T00:18:39.099458;622f5a7e-e2df-4a8c-bfe7-c70166b0d751;445.24;0.01;SELL
2016-04-28T00:18:39.002387;2016-04-28T00:18:39.099458;a7937f88-f9a5-4e01-aed6-c73a0eeaba78;445.24;0.01;SELL
2016-04-28T00:18:41.435479;2016-04-28T00:18:41.505662;b94e0cde-f159-4421-ae24-73b114b90f08;445.23;0.00327314;SELL
2016-04-28T00:18:41.435698;2016-04-28T00:18:41.536960;b1d0afcd-9d9d-4c41-ae2f-ec50178cf97e;445.23;0.01;SELL
2016-04-28T00:18:41.435881;2016-04-28T00:18:41.536960;840edf51-2b24-48b2-84d3-6b66ee108dbe;445.22;0.01;SELL
2016-04-28T00:18:41.436101;2016-04-28T00:18:41.536960;f5e98fa5-2929-4b74-8995-781bad7f2cbc;445.22;0.01;SELL
2016-04-28T00:18:41.436297;2016-04-28T00:18:41.536960;999bede1-6046-4178-87bd-626cae1fc7c7;445.22;0.01;SELL
2016-04-28T00:18:43.764514;2016-04-28T00:18:43.849468;dc8caac3-c7ee-4690-ab52-3f2d61f0cee6;445.21;0.01;SELL
2016-04-28T00:18:43.764749;2016-04-28T00:18:43.849468;ec68dcff-b449-4738-9fa1-9471f9276292;445.21;0.01;SELL
2016-04-28T00:18:43.764975;2016-04-28T00:18:43.865046;d7cc39f4-acbf-4ef9-a11c-ce5110dcffdc;445.21;0.01;SELL
2016-04-28T00:18:43.765192;2016-04-28T00:18:43.865046;93fef577-38eb-4204-81df-75b0aa1505ec;445.2;0.01;SELL
2016-04-28T00:18:43.765367;2016-04-28T00:18:43.865046;6a324416-4a55-48dc-923b-75a142a0e62f;445.2;0.01;SELL
2016-04-28T00:18:43.765535;2016-04-28T00:18:43.865046;f54319b0-194f-4946-b552-5e93b9e51d09;445.2;0.2;SELL
2016-04-28T00:18:43.765702;2016-04-28T00:18:43.880710;ede5bec1-4341-4986-9e21-d393afeeeb14;445.2;1.02;SELL
2016-04-28T00:18:43.765871;2016-04-28T00:18:43.880710;2b85b847-9f9d-4677-9a12-7bd9a888d795;445.2;0.01;SELL
2016-04-28T00:18:43.766088;2016-04-28T00:18:43.880710;4f6b1caa-e77a-4ed0-bd98-7bf5bad58c8d;445.2;0.01;SELL
2016-04-28T00:18:43.766273;2016-04-28T00:18:43.880710;35539461-ad95-44f8-a9b5-8024902c98cd;445.2;0.01;SELL
2016-04-28T00:18:43.766449;2016-04-28T00:18:43.880710;d91ad91a-fdff-4293-9afe-494fd3c251b8;445.19;0.01;SELL
2016-04-28T00:18:43.766621;2016-04-28T00:18:43.911960;3b388a41-a1a2-49c6-a5f3-c55b80922ef7;445.19;0.01;SELL
2016-04-28T00:18:43.766797;2016-04-28T00:18:43.911960;ac8310e9-5049-4d32-b42e-432acedb8a47;445.19;0.01;SELL
2016-04-28T00:18:43.766999;2016-04-28T00:18:43.911960;e236f2f7-85cd-4843-ade8-935d13ff3dbd;445.19;0.01;SELL
2016-04-28T00:18:43.767209;2016-04-28T00:18:43.911960;7a148813-6c04-451f-bcf2-63eb00234b5e;445.19;0.01;SELL
2016-04-28T00:18:43.767391;2016-04-28T00:18:43.927585;0929bbea-8189-4ad2-8bce-9f6f6ed6dd87;445.18;0.01;SELL
2016-04-28T00:18:43.767563;2016-04-28T00:18:43.927585;10cc6611-aab2-46a0-9dcb-e89eef51d640;445.18;0.01;SELL
2016-04-28T00:18:43.767733;2016-04-28T00:18:43.927585;e8410f2f-21b9-49d6-b07e-d9197beb2e1c;445.18;0.01;SELL
2016-04-28T00:18:43.767904;2016-04-28T00:18:43.927585;dcda0f0f-a7da-4d17-be80-7be5cc78c016;445.18;0.01;SELL
2016-04-28T00:18:43.768129;2016-04-28T00:18:43.927585;7ea5b2fe-e0ab-4888-b8e6-6c760176c977;445.18;0.01;SELL
2016-04-28T00:18:43.768306;2016-04-28T00:18:43.927585;ab22c458-1a28-4381-b029-dbcb446312ab;445.17;0.01;SELL
2016-04-28T00:18:43.768493;2016-04-28T00:18:43.927585;7ac66413-7797-4900-9e75-586c3f7c4382;445.17;0.01;SELL
2016-04-28T00:18:43.768681;2016-04-28T00:18:43.927585;a75c65b9-7408-403e-93bb-cca50cb7bc6b;445.17;0.01;SELL
2016-04-28T00:18:46.372752;2016-04-28T00:18:46.458836;ceb55daf-da41-4fb7-988b-d6a7b88a9e8f;445.16;0.01;SELL
2016-04-28T00:18:46.372986;2016-04-28T00:18:46.458836;44b51411-1e0e-41f6-a8a9-70d786bed9c1;445.16;0.01;SELL
2016-04-28T00:18:46.373251;2016-04-28T00:18:46.474461;bc982090-8d03-49ea-8cc2-44469ddcfec9;445.16;0.01;SELL
2016-04-28T00:18:46.373449;2016-04-28T00:18:46.474461;59fa67b8-a3d2-4720-b0b7-4e6bac70cb5f;445.15;0.01;SELL
2016-04-28T00:18:46.373673;2016-04-28T00:18:46.474461;0cbcdc26-1bb9-4322-a958-9cec70c6615c;445.15;0.01;SELL
2016-04-28T00:18:46.373850;2016-04-28T00:18:46.474461;34cf2c72-f2e4-4a0d-9a12-466e6eca320b;445.15;0.01;SELL
2016-04-28T00:18:46.374096;2016-04-28T00:18:46.490085;b84ac6cb-7132-4bfb-a926-4e05451b3d56;445.15;0.01;SELL
2016-04-28T00:18:46.374312;2016-04-28T00:18:46.490085;6a6d9240-c47c-429e-8fe3-ef3cb1cfbf18;445.14;0.01;SELL
2016-04-28T00:18:46.374504;2016-04-28T00:18:46.490085;bc0561e2-0bc6-4080-953e-da6a461547c3;445.14;0.1;SELL
2016-04-28T00:18:46.374705;2016-04-28T00:18:46.490085;3b75f645-9a5b-4998-b0c2-8a3ffcc9cb90;445.1;0.01;SELL
2016-04-28T00:18:48.942397;2016-04-28T00:18:49.021338;b4c20576-9c0e-4523-b24d-78639905cda2;445.05;0.01;SELL
2016-04-28T00:18:51.224582;2016-04-28T00:18:51.302587;5d5193c6-0e83-46a3-8ac5-539f61cd4a1c;445.0;0.0115;SELL
2016-04-28T00:18:51.224813;2016-04-28T00:18:51.318213;a14f8d76-f6d3-424d-820b-dd0fa7d8878e;444.99;0.13;SELL
2016-04-28T00:18:51.225046;2016-04-28T00:18:51.318213;31d318af-db8d-4be4-bfe2-db4efde43471;444.98;0.25;SELL
2016-04-28T00:18:51.225251;2016-04-28T00:18:51.318213;ccb46430-6212-49de-b940-9cc82a69bae5;444.94;0.01;SELL
2016-04-28T00:18:51.225447;2016-04-28T00:18:51.318213;48d2aa71-5336-4a4a-8d37-95aefb9737be;444.93;0.01;SELL
2016-04-28T00:18:51.225633;2016-04-28T00:18:51.333839;ea06ba22-81b3-4770-9bb5-44380f68255b;444.92;0.01;SELL
2016-04-28T00:18:51.225822;2016-04-28T00:18:51.333839;b3a11b6a-6a31-4078-a5ea-a16162d79acb;444.92;0.01;SELL
2016-04-28T00:18:51.226028;2016-04-28T00:18:51.333839;406639d3-6d61-447e-9384-b73faf8dc112;444.91;0.01;SELL
2016-04-28T00:18:51.226226;2016-04-28T00:18:51.333839;63d8a0ba-75ed-43e0-ba30-89f26c970360;444.91;0.21;SELL
2016-04-28T00:18:51.226413;2016-04-28T00:18:51.333839;0aa0de1f-2795-4592-9799-cd212b2a21b1;444.9;0.01;SELL
2016-04-28T00:18:51.226585;2016-04-28T00:18:51.349463;feea4fb0-df5c-4d44-9d7f-98fa55b38340;444.89;0.01;SELL
2016-04-28T00:18:51.226763;2016-04-28T00:18:51.349463;9aba98df-f484-4351-91c9-c88ad66ca681;444.89;0.01;SELL
2016-04-28T00:18:51.226936;2016-04-28T00:18:51.349463;e127bc55-3204-45f9-9471-7d23239e9dfe;444.89;0.01;SELL
2016-04-28T00:18:51.227164;2016-04-28T00:18:51.349463;838dee6b-cda0-4bc8-8823-4945e83ec7d9;444.89;0.2;SELL
2016-04-28T00:18:51.227357;2016-04-28T00:18:51.365087;6075ec15-7647-48a5-88e7-d8550aca0bf6;444.88;0.01;SELL
2016-04-28T00:18:51.227533;2016-04-28T00:18:51.365087;8d7ebfa6-9c18-4b67-aac1-7918ae0532ed;444.88;0.01;SELL
2016-04-28T00:18:51.227707;2016-04-28T00:18:51.365087;ca788923-33c6-4905-9fea-3b5502bceda9;444.88;0.01;SELL
2016-04-28T00:18:51.227903;2016-04-28T00:18:51.365087;dcd451b9-9c25-4b66-9c3d-ded3fd240527;444.88;0.103;SELL
2016-04-28T00:18:53.667792;2016-04-28T00:18:53.740089;aacba998-5d6b-4388-afb3-f540b3484e08;444.87;0.01;SELL
2016-04-28T00:18:53.668024;2016-04-28T00:18:53.771340;9dfe2278-8dee-4c44-bc30-f5c4d410c797;444.87;0.01;SELL
2016-04-28T00:18:53.668211;2016-04-28T00:18:53.771340;d908c24a-e8a9-4c81-a45b-46b780a3edc7;444.87;0.01;SELL
2016-04-28T00:18:53.668407;2016-04-28T00:18:53.771340;fc0b88b0-07ae-409c-9117-606ed777112e;444.87;0.122;SELL
2016-04-28T00:18:53.668586;2016-04-28T00:18:53.786964;c414d09d-8e31-42dd-9166-854ea0c3422f;444.86;0.2;SELL
2016-04-28T00:18:53.668772;2016-04-28T00:18:53.786964;64d34dc2-908e-4f6c-bcf5-fedc89791b68;444.86;0.01;SELL
2016-04-28T00:18:53.668944;2016-04-28T00:18:53.786964;8a0cf5db-593e-4251-923f-08b408ac48d2;444.86;0.01;SELL
2016-04-28T00:18:53.669172;2016-04-28T00:18:53.786964;ed93c9fe-f5dc-4f0c-acc7-d742d02edcbe;444.86;0.01;SELL
2016-04-28T00:18:53.669350;2016-04-28T00:18:53.786964;68161301-735f-4b9d-956e-5f74aee13b1b;444.85;0.01;SELL
2016-04-28T00:18:53.669524;2016-04-28T00:18:53.786964;3b135dd7-55ab-465d-9b5e-a1355cfa3ac9;444.85;0.01;SELL
2016-04-28T00:18:53.669716;2016-04-28T00:18:53.786964;cca2899f-af51-4e18-ad16-a65b3f9b5c83;444.85;0.01;SELL
2016-04-28T00:18:53.669900;2016-04-28T00:18:53.818215;61f6f40d-58bd-4349-8628-bf5a139d442f;444.84;0.01;SELL
2016-04-28T00:18:53.670115;2016-04-28T00:18:53.818215;926b8e79-d81d-4388-8c87-7c76bf709b72;444.84;0.01;SELL
2016-04-28T00:18:53.670291;2016-04-28T00:18:53.818215;0b8653fb-88da-4493-88c5-5d1fbb4e57d6;444.84;0.01;SELL
2016-04-28T00:18:53.670476;2016-04-28T00:18:53.818215;8354f940-d28d-497f-9b53-65bc2a84d6df;444.84;0.5;SELL
2016-04-28T00:18:53.670651;2016-04-28T00:18:53.818215;62b4e72e-460d-463b-adca-2f92f3f59736;444.83;0.01;SELL
2016-04-28T00:18:53.670830;2016-04-28T00:18:53.818215;2c3dccfd-1cf5-4832-ab43-de70858c9b88;444.83;0.01;SELL
2016-04-28T00:18:53.671044;2016-04-28T00:18:53.833839;6d883eae-e7b0-4144-b73c-3c36285af37a;444.83;0.01;SELL
2016-04-28T00:18:53.671250;2016-04-28T00:18:53.833839;39a933b1-f19a-4592-8451-b09280c5d41e;444.82;0.01;SELL
2016-04-28T00:18:53.671427;2016-04-28T00:18:53.833839;55dfd797-f95f-49d3-83cb-7192b835caa3;444.81;0.01;SELL
2016-04-28T00:18:53.671603;2016-04-28T00:18:53.833839;6dedc3da-c3ac-4d0d-ab88-252f93e7701b;444.81;0.01;SELL
2016-04-28T00:18:53.671792;2016-04-28T00:18:53.849466;ad1f580b-7f1e-44a7-99e7-6414b236cff8;444.81;0.01;SELL
2016-04-28T00:18:53.671967;2016-04-28T00:18:53.849466;22151e05-ee5d-44eb-a242-b3620ff63ab0;444.8;0.01;SELL
2016-04-28T00:18:53.672171;2016-04-28T00:18:53.849466;5d66e520-794a-4c2f-8a5e-9a3124673057;444.8;0.01;SELL
2016-04-28T00:18:53.672356;2016-04-28T00:18:53.849466;a2e209b2-6443-4e97-b095-1dd8df55aa56;444.8;0.01;SELL
2016-04-28T00:18:53.672528;2016-04-28T00:18:53.849466;8f078fa5-af9b-40c3-a727-ff3b11251819;444.8;0.49000031;SELL
2016-04-28T00:18:53.672699;2016-04-28T00:18:53.849466;c7934255-9054-4474-844d-eb3bf499284e;444.8;0.01;SELL
2016-04-28T00:18:53.672885;2016-04-28T00:18:53.865089;488ef4e7-a539-4713-b969-9bc187127140;444.8;0.01;SELL
2016-04-28T00:18:53.673108;2016-04-28T00:18:53.865089;7b888247-68f1-4647-8d36-01c5916cc88a;444.79;0.01;SELL
2016-04-28T00:18:53.673292;2016-04-28T00:18:53.865089;9e104658-b9fb-4e9c-96fa-83390388d133;444.79;0.01;SELL
2016-04-28T00:18:53.673488;2016-04-28T00:18:53.865089;5f2ecbd1-2f7f-47e3-bc1a-0294c87277ee;444.79;0.49000063;SELL
2016-04-28T00:18:53.673661;2016-04-28T00:18:53.865089;353555d1-8c32-4a55-bf3a-f8494c096106;444.78;0.01;SELL
2016-04-28T00:18:53.673837;2016-04-28T00:18:53.880714;ea67dd4f-d844-4d07-86a1-8aa41f3299ba;444.78;0.01;SELL
2016-04-28T00:18:53.674039;2016-04-28T00:18:53.880714;364a07d1-27ad-48e9-9651-a41366fefe7b;444.78;0.112;SELL
2016-04-28T00:18:53.674222;2016-04-28T00:18:53.880714;6c63f7b9-0f2c-4033-8671-6232fc1d3b25;444.78;0.1;SELL
2016-04-28T00:18:53.674409;2016-04-28T00:18:53.880714;aaf5868e-b56b-446f-914e-3b8440f07f2d;444.78;0.49000129;SELL
2016-04-28T00:18:53.674590;2016-04-28T00:18:53.880714;17398caf-ba02-4555-85e0-1d80cddfb77c;444.77;0.01;SELL
2016-04-28T00:18:53.674767;2016-04-28T00:18:53.896340;60431a5d-9139-4bd4-9f01-aa894cc188f6;444.77;0.01;SELL
2016-04-28T00:18:53.674942;2016-04-28T00:18:53.896340;eda58645-af6a-4ea2-a17e-cc0381d4f9e6;444.77;0.01;SELL
2016-04-28T00:18:53.675166;2016-04-28T00:18:53.896340;87be0666-11aa-42fc-8030-2007a3c97ae5;444.77;0.49000265;SELL
2016-04-28T00:18:53.675345;2016-04-28T00:18:53.896340;4051a148-6650-4f75-8fad-d5d2e35aac78;444.76;0.01;SELL
2016-04-28T00:18:53.675540;2016-04-28T00:18:53.927590;51c255be-4d91-4c29-aec8-6fbf6c39cf6c;444.76;0.49000541;SELL
2016-04-28T00:18:53.675725;2016-04-28T00:18:53.927590;4c52b6c0-dcca-473c-a7c8-fd9490f92053;444.75;0.01;SELL
2016-04-28T00:18:53.675900;2016-04-28T00:18:53.927590;ef3d5dc8-c945-4791-9604-7b53167dea92;444.75;0.01;SELL
2016-04-28T00:18:53.676109;2016-04-28T00:18:53.927590;448168a3-5ee9-47be-9ed8-d272d28e8ed7;444.75;0.3027;SELL
2016-04-28T00:18:53.676285;2016-04-28T00:18:53.927590;07d26b82-3600-4961-bd62-83da94cd7f9f;444.75;0.01;SELL
2016-04-28T00:18:53.676480;2016-04-28T00:18:53.943215;3136ed66-70a0-43c1-b347-1cfd4d6ffd10;444.75;0.49001104;SELL
2016-04-28T00:18:53.676652;2016-04-28T00:18:53.943215;b6ff4754-80eb-442b-a262-92b4fe99b9b2;444.74;0.01;SELL
2016-04-28T00:18:53.676849;2016-04-28T00:18:53.943215;465ce8a9-60c8-43f1-985f-1666198ebc3d;444.74;0.49002253;SELL
2016-04-28T00:18:53.677054;2016-04-28T00:18:53.943215;11a76100-c66b-4c0b-b4c3-5f4c09669031;444.73;0.01;SELL
2016-04-28T00:18:53.677233;2016-04-28T00:18:53.943215;bf037ba9-d37c-4a35-b733-fab2d3011129;444.73;0.01;SELL
2016-04-28T00:18:53.677408;2016-04-28T00:18:53.943215;44cda639-1f8c-445b-968c-cea04e30429a;444.73;0.08;SELL
2016-04-28T00:18:53.677605;2016-04-28T00:18:53.943215;512ad02c-8aea-4a80-80cb-14dbf3dec6db;444.73;0.49004599;SELL
2016-04-28T00:18:53.677780;2016-04-28T00:18:53.958839;148f94b6-26ff-45d4-afa8-a2ed0fe098b1;444.72;0.01;SELL
2016-04-28T00:18:53.677951;2016-04-28T00:18:53.958839;fcd38b6e-1bcf-4df9-aadf-4b696e3e6cb6;444.72;0.01;SELL
2016-04-28T00:18:53.678167;2016-04-28T00:18:53.958839;2c1b8430-d996-486d-8f94-dc92687c4992;444.72;0.01;SELL
2016-04-28T00:18:53.678346;2016-04-28T00:18:53.958839;59a2ee76-6c03-4509-98c3-cbe9a5caa6e4;444.72;2.44064959;SELL
2016-04-28T00:18:53.678535;2016-04-28T00:18:53.974465;dbfd63bb-51f0-46b0-bb03-ec433b371e24;444.72;0.49009387;SELL
2016-04-28T00:18:53.678711;2016-04-28T00:18:53.974465;19d39099-083d-439e-b135-706d25d5b132;444.71;0.01;SELL
2016-04-28T00:18:53.678887;2016-04-28T00:18:53.974465;c1c9c5ec-55fe-4ec1-a295-6fd5c0f14ef4;444.71;0.01;SELL
2016-04-28T00:18:53.679091;2016-04-28T00:18:53.974465;7f73a7c2-bb82-44c5-84ea-ebc1f823ead8;444.71;0.49019158;SELL
2016-04-28T00:18:53.679291;2016-04-28T00:18:54.005715;db570641-9360-451f-9af8-ee0ee1c464a2;444.71;0.8;SELL
2016-04-28T00:18:53.679464;2016-04-28T00:18:54.005715;7b98b2df-d28b-48f9-8c80-74ae85669054;444.7;0.01;SELL
2016-04-28T00:18:53.679638;2016-04-28T00:18:54.005715;d30218e5-7ba9-4ca4-b8c4-04fd66cef98e;444.7;0.01;SELL
2016-04-28T00:18:53.679831;2016-04-28T00:18:54.005715;fc4021ef-ff1f-42b1-9d80-8a2574f898f8;444.7;0.49039098;SELL
2016-04-28T00:18:56.981365;2016-04-28T00:18:57.068217;13c5b766-9b29-41f5-a531-e93f3a42e156;444.69;0.01;SELL
2016-04-28T00:18:56.981566;2016-04-28T00:18:57.068217;22704cf0-1667-46cc-9657-0f91d531b9bf;444.69;0.01;SELL
2016-04-28T00:18:56.981800;2016-04-28T00:18:57.068217;5ccc1af6-06e5-4cc7-9bc3-818f48dc0599;444.69;0.49079792;SELL
2016-04-28T00:18:56.981997;2016-04-28T00:18:57.068217;df2602b7-ba8d-4808-8379-4126aa350b46;444.68;0.01;SELL
2016-04-28T00:18:56.982186;2016-04-28T00:18:57.083842;b2e5d48f-810d-4b98-ac6d-4833ba744816;444.68;0.01;SELL
2016-04-28T00:18:56.983181;2016-04-28T00:18:57.083842;bd5d9527-30fb-4955-bf88-81148bac8bd9;444.68;0.49162841;SELL
2016-04-28T00:18:56.983380;2016-04-28T00:18:57.083842;f760a901-a9fc-4e32-986a-c153a66cf99d;444.67;0.01;SELL
2016-04-28T00:18:56.983555;2016-04-28T00:18:57.083842;42473dfa-e595-44af-b8e6-e44353176045;444.67;0.01;SELL
2016-04-28T00:18:56.983759;2016-04-28T00:18:57.083842;9438d689-67fd-4290-a9ba-bbfa959d5493;444.67;0.49332329;SELL
2016-04-28T00:18:56.983946;2016-04-28T00:18:57.099467;d742c860-76bc-480e-82c4-ea54aa1e0b29;444.66;0.01;SELL
2016-04-28T00:18:56.984157;2016-04-28T00:18:57.099467;7eab8ed0-02dd-41ce-b814-1587b807d6e0;444.66;0.01;SELL
2016-04-28T00:18:56.984357;2016-04-28T00:18:57.099467;5a43c98d-697f-4049-9d2b-a556622d5805;444.66;0.49678223;SELL
2016-04-28T00:18:56.984529;2016-04-28T00:18:57.099467;b9118506-f24e-4c6e-875d-de40e99bc58d;444.65;0.01;SELL
2016-04-28T00:18:56.984701;2016-04-28T00:18:57.130717;53dbc3b3-71b0-46ca-b821-1679d32b9957;444.65;0.01;SELL
2016-04-28T00:18:56.984897;2016-04-28T00:18:57.130717;15a7340b-02a3-4889-8e11-796cbce5422a;444.65;0.50384128;SELL
2016-04-28T00:18:56.985106;2016-04-28T00:18:57.130717;577d4449-c7b5-4846-b4b5-f3cb496be00a;444.64;0.01;SELL
2016-04-28T00:18:56.985297;2016-04-28T00:18:57.130717;6f4a18a6-bcc0-47d5-874d-3cc1d78a05cd;444.64;0.51824752;SELL
2016-04-28T00:18:56.985548;2016-04-28T00:18:57.146342;d454e7bb-90cc-44d8-b0de-5958199767f5;444.63;0.54764801;SELL
2016-04-28T00:18:56.985740;2016-04-28T00:18:57.146342;1c9c38c4-e04c-4297-af02-cf5f70d608d4;444.62;0.607649;SELL
2016-04-28T00:18:56.985931;2016-04-28T00:18:57.146342;ca37a9c5-23f0-4de8-b659-c6810dc73089;444.61;0.62050292;SELL
2016-04-28T00:18:56.986157;2016-04-28T00:18:57.146342;0b3ceac1-4c4a-4c3b-9cda-83a46c5c6aa6;444.59;0.241;SELL
2016-04-28T00:18:56.986355;2016-04-28T00:18:57.146342;7a573af1-39a2-41a8-8c5c-e2a34fc8bd56;444.58;0.096;SELL
2016-04-28T00:18:56.986550;2016-04-28T00:18:57.146342;66d59873-35ed-45ba-ad73-e2a5b1c297b3;444.53;0.123;SELL
2016-04-28T00:18:56.986743;2016-04-28T00:18:57.146342;c2212edd-876b-4355-98bb-e95723e8d3e2;444.51;0.01;SELL
2016-04-28T00:18:56.986917;2016-04-28T00:18:57.146342;3619c522-7ae8-4ba0-8150-ecec9f302866;444.5;0.01;SELL
2016-04-28T00:18:56.987125;2016-04-28T00:18:57.146342;9ced883d-8fbd-4848-bb8c-0f7e4af700c1;444.5;0.5;SELL
2016-04-28T00:18:56.987319;2016-04-28T00:18:57.177592;011fd4ba-79dd-4c53-986e-6a90ee8a2fef;444.5;0.2;SELL
2016-04-28T00:18:56.987503;2016-04-28T00:18:57.177592;c44af143-5e38-4151-8511-52688a0d860e;444.49;0.01;SELL
2016-04-28T00:18:56.987690;2016-04-28T00:18:57.177592;8d827fef-e3a4-4a5a-8a70-2f67a887fff9;444.49;0.01;SELL
2016-04-28T00:18:56.987887;2016-04-28T00:18:57.177592;63a95cd5-0c28-4fc4-a3e0-e2074ecc10dd;444.48;0.085;SELL
2016-04-28T00:18:56.988127;2016-04-28T00:18:57.177592;b274f59f-4c87-4536-a176-81057147ebc7;444.47;0.02;SELL
2016-04-28T00:18:56.988320;2016-04-28T00:18:57.193216;cf500483-f631-4b16-bc7f-6a4e02f0a7d0;444.46;0.01;SELL
2016-04-28T00:18:56.988508;2016-04-28T00:18:57.193216;06b6565c-f335-4fb3-9835-7e7a8805f75a;444.45;0.01;SELL
2016-04-28T00:18:56.988708;2016-04-28T00:18:57.193216;7cbd06ed-1c50-4961-890f-4f296afd1ee3;444.44;0.01;SELL
2016-04-28T00:18:56.988878;2016-04-28T00:18:57.193216;d6a65f35-a2b8-42ee-b075-4b19d66ba077;444.43;0.01;SELL
2016-04-28T00:18:56.989103;2016-04-28T00:18:57.193216;9a0c0eee-544b-4c6d-895e-0392130860fa;444.43;0.101;SELL
2016-04-28T00:18:59.857110;2016-04-28T00:18:59.927594;1a2c4e47-118f-462a-ac54-c937450135d4;444.42;0.01;SELL
2016-04-28T00:18:59.857339;2016-04-28T00:18:59.943216;e4514745-7c60-410e-8e2c-d9dd74bfba9f;444.41;0.01;SELL
2016-04-28T00:18:59.857545;2016-04-28T00:18:59.943216;27632665-ed69-4658-bc84-943257d1f5bc;444.37;0.01;SELL
2016-04-28T00:18:59.857768;2016-04-28T00:18:59.943216;6cdb4f6b-a086-4e36-beb5-e56e2b65c9f4;444.36;0.01;SELL
2016-04-28T00:18:59.857943;2016-04-28T00:18:59.943216;d25be4db-8d27-4af2-b458-9bf4c4d76bcb;444.36;0.01;SELL
2016-04-28T00:18:59.858162;2016-04-28T00:18:59.943216;534b41f6-8c2c-4cf0-af5b-dc436f84d926;444.36;0.01;SELL
2016-04-28T00:18:59.858336;2016-04-28T00:18:59.943216;2a4f2d58-197e-4bb3-81d0-4b1c69396fe8;444.35;0.01;SELL
2016-04-28T00:18:59.858527;2016-04-28T00:18:59.958846;e8468417-9f69-4012-b068-f670a5c3ec23;444.35;0.01;SELL
2016-04-28T00:19:01.626273;2016-04-28T00:19:01.708844;595ea68d-069f-4502-8fee-b55d1d504122;444.33;0.01;SELL
2016-04-28T00:19:01.626493;2016-04-28T00:19:01.708844;9e2905f4-39d9-48cc-823f-af8dc881614c;444.32;0.01;SELL
2016-04-28T00:19:01.626693;2016-04-28T00:19:01.708844;238a3031-ef86-4e7e-9fd9-9116920d959e;444.31;0.01;SELL
2016-04-28T00:19:01.626909;2016-04-28T00:19:01.708844;6710ea9e-176b-4e32-8471-a53b54ae8a52;444.31;0.01;SELL
2016-04-28T00:19:01.827377;2016-04-28T00:19:01.911968;24cab3cd-b844-4b2a-b7d7-b365203677a5;444.3;0.01;SELL
2016-04-28T00:19:01.827640;2016-04-28T00:19:01.911968;76c100c0-6fe4-48ef-beac-0a2859d2ce6f;444.3;0.03477;SELL
2016-04-28T00:19:02.460270;2016-04-28T00:19:02.536968;b810a665-26a9-4612-acc9-3ccdf24ac61c;444.3;0.21275897;SELL
2016-04-28T00:19:02.460507;2016-04-28T00:19:02.552594;7cfdbf7d-b7d3-4ffa-805c-81c0681b50b7;444.3;0.01;SELL
2016-04-28T00:19:04.910296;2016-04-28T00:19:04.974474;d0025337-9c6b-4b59-97c2-8d09579673a9;444.29;0.01;SELL
2016-04-28T00:19:04.910529;2016-04-28T00:19:05.005719;639240c9-784f-401b-a45e-050d7f6b5257;444.28;0.01;SELL
2016-04-28T00:19:04.910731;2016-04-28T00:19:05.005719;042551ad-85b9-4fbe-9145-e775cf34f1fe;444.27;0.01;SELL
2016-04-28T00:19:04.910953;2016-04-28T00:19:05.005719;ea567a5a-d7b1-4ffb-bf5c-e01785b5a49c;444.27;0.01;SELL
2016-04-28T00:19:04.911176;2016-04-28T00:19:05.005719;af20acbe-7924-4d07-a81a-f798bf2a9c4c;444.26;0.01;SELL
2016-04-28T00:19:04.911398;2016-04-28T00:19:05.005719;d6e5a9c8-05f3-484c-9a83-c7f0f2932ea8;444.26;0.01;SELL
2016-04-28T00:19:04.911616;2016-04-28T00:19:05.005719;70549ea2-a608-4dce-9d4f-a632251d1bdc;444.26;0.01;SELL
2016-04-28T00:19:04.911803;2016-04-28T00:19:05.021351;e1e57cd6-34ca-40bc-9bd6-f90c80213e5d;444.24;0.01;SELL
2016-04-28T00:19:04.912030;2016-04-28T00:19:05.021351;8cc5d419-769c-467f-becb-583461340063;444.24;0.01;SELL
2016-04-28T00:19:19.110881;2016-04-28T00:19:19.193226;63e9d2a5-7442-482a-be5a-59c178a42a04;444.24;0.025;BUY
2016-04-28T00:19:31.472963;2016-04-28T00:19:31.536983;588838d6-cd8d-483a-96c8-e6bd5b88966b;444.24;0.29627;BUY
2016-04-28T00:19:34.167568;2016-04-28T00:19:34.240110;b204e175-5fcf-4cfa-9fb4-08ea08d3486f;444.22;0.01;SELL
2016-04-28T00:20:01.303485;2016-04-28T00:20:01.380756;6c7d667a-8a09-47f1-b8ba-8a8599c590fb;444.21;0.01;SELL
2016-04-28T00:20:01.303761;2016-04-28T00:20:01.380756;98d698df-2962-41e3-ac6a-a8e5b04b9ade;444.2;0.01;SELL
2016-04-28T00:20:01.304024;2016-04-28T00:20:01.396374;e40f80f6-8a60-4dd8-a65a-935f2837ded7;444.19;0.01;SELL
2016-04-28T00:20:01.304237;2016-04-28T00:20:01.396374;72b6f4cd-6322-47f4-88cf-db4c67a3085d;444.18;0.01;SELL
2016-04-28T00:20:01.304435;2016-04-28T00:20:01.396374;08c897fc-221c-4b7a-a144-15f6ad44480d;444.02;0.118;SELL
2016-04-28T00:20:01.304624;2016-04-28T00:20:01.396374;527cbbbd-adc8-4b3d-84b1-9a5cf0bead96;443.97;0.077;SELL
2016-04-28T00:20:01.304827;2016-04-28T00:20:01.412000;f3a46109-4ff3-40af-871c-8bba8604cd7f;443.96;0.01;SELL
2016-04-28T00:20:01.305040;2016-04-28T00:20:01.412000;09defce8-e182-455f-bfd9-b85e3a163b2e;443.94;0.2;SELL
2016-04-28T00:20:01.305242;2016-04-28T00:20:01.412000;20584b89-8400-4849-93e8-940cfea6c9f2;443.92;0.088;SELL
2016-04-28T00:20:01.305416;2016-04-28T00:20:01.412000;96a86f7e-1f9c-4bc5-8432-2972d95e30ea;443.87;0.01;SELL
2016-04-28T00:20:01.305594;2016-04-28T00:20:01.427625;a1476bf0-bdfb-44c0-a2f8-7f85903c7f1d;443.87;0.02;SELL
2016-04-28T00:20:01.305784;2016-04-28T00:20:01.443253;feda7edc-a759-482c-a922-ef7e3ff1463f;443.87;0.127;SELL
2016-04-28T00:20:01.305959;2016-04-28T00:20:01.443253;c72b03f1-86d9-4c25-a529-8880a75e67b6;443.86;0.01;SELL
2016-04-28T00:20:01.306176;2016-04-28T00:20:01.443253;69bb12cf-6346-4ce8-ae70-0db5d6741876;443.86;0.01;SELL
2016-04-28T00:20:01.306365;2016-04-28T00:20:01.443253;3ddf02a3-e425-4f26-89c8-590435cc6e5a;443.85;0.01;SELL
2016-04-28T00:20:01.306550;2016-04-28T00:20:01.443253;66d7bf2f-1385-4239-850d-46c3678d9b4d;443.84;0.01;SELL
2016-04-28T00:20:01.306733;2016-04-28T00:20:01.443253;37b78c27-35da-4f9f-85a3-d687e15c6f70;443.83;0.01;SELL
2016-04-28T00:20:01.306899;2016-04-28T00:20:01.474499;b7f8b92c-a79f-4b1e-b5d7-d74eff8ba566;443.83;0.01;SELL
2016-04-28T00:20:01.307124;2016-04-28T00:20:01.474499;c059d7a7-6f04-4462-9487-d4e6ce0946ef;443.83;0.02539314;SELL
2016-04-28T00:20:01.307300;2016-04-28T00:20:01.474499;d47cdf95-40a6-444e-8bc6-fb597dc65989;443.82;0.01;SELL
2016-04-28T00:20:01.307468;2016-04-28T00:20:01.474499;251d34de-fd74-490f-9646-1d36272649bb;443.82;0.082;SELL
2016-04-28T00:20:01.307626;2016-04-28T00:20:01.474499;1b3d7b6f-a225-46b9-a39e-05062023565e;443.82;0.41431686;SELL
2016-04-28T00:20:31.425326;2016-04-28T00:20:31.505768;0124d2f8-cec4-432d-be84-0ebb1173f258;443.81;0.01;SELL
2016-04-28T00:20:31.425584;2016-04-28T00:20:31.521388;6669992f-eb8a-4e52-b5bb-0e6ffd17d9a6;443.81;0.01;SELL
2016-04-28T00:20:31.425808;2016-04-28T00:20:31.521388;97f57aa1-51d4-4e32-b597-89b6576a9765;443.81;0.01;SELL
2016-04-28T00:20:31.426039;2016-04-28T00:20:31.521388;c97ff4e3-940a-4815-a501-9fe699fdcdea;443.81;0.102;SELL
2016-04-28T00:20:31.426261;2016-04-28T00:20:31.521388;d2873908-ae96-4b3c-9591-f0fc30c38195;443.8;0.01;SELL
2016-04-28T00:20:31.426448;2016-04-28T00:20:31.537014;24bb37f9-f8e8-4596-82b9-7ccc81a6658f;443.79;0.01;SELL
2016-04-28T00:20:31.426623;2016-04-28T00:20:31.537014;9ba27cb3-cb75-476a-97c4-cc534a293307;443.79;0.5;SELL
2016-04-28T00:20:31.426810;2016-04-28T00:20:31.537014;8a3efac8-599e-44f5-9fdd-ea22e25b2ea0;443.79;0.01;SELL
2016-04-28T00:20:31.427028;2016-04-28T00:20:31.537014;32de2e8c-e7d5-40ed-ab88-54ef661f7582;443.78;0.01;SELL
2016-04-28T00:20:31.427233;2016-04-28T00:20:31.552639;d91e4823-4006-4165-927e-2174b375d81f;443.77;0.01;SELL
2016-04-28T00:20:31.427426;2016-04-28T00:20:31.552639;ed2b9a7d-b825-4a69-a058-fae2dcc50cb1;443.77;0.45;SELL
2016-04-28T00:20:31.427610;2016-04-28T00:20:31.552639;7ec3e47e-3f46-4ac2-bbe2-df6a34bff158;443.76;0.01;SELL
2016-04-28T00:20:31.427801;2016-04-28T00:20:31.552639;4b511dbe-a6ee-4796-a109-9ce1bdd4b1c1;443.76;0.124;SELL
2016-04-28T00:20:31.428002;2016-04-28T00:20:31.552639;b3078b2f-8d92-44be-9cb8-86092b28da6b;443.75;0.01;SELL
2016-04-28T00:20:31.428234;2016-04-28T00:20:31.568265;5fa1ad67-ee25-4af7-8172-bacaa3babed0;443.74;0.01;SELL
2016-04-28T00:20:31.428427;2016-04-28T00:20:31.568265;afa3e1bf-8e4e-4fbc-bb52-401b1791b12f;443.73;0.01;SELL
2016-04-28T00:20:31.428614;2016-04-28T00:20:31.568265;22d75e25-92a9-4e5d-8bc3-146a9caf8342;443.72;0.01;SELL
2016-04-28T00:20:31.428784;2016-04-28T00:20:31.568265;80467777-6bd4-4b18-8ce9-771db2222133;443.71;0.01;SELL
2016-04-28T00:20:31.428997;2016-04-28T00:20:31.568265;555eafb8-713b-4e17-8929-e52034b835a1;443.71;0.087;SELL
2016-04-28T00:20:31.429194;2016-04-28T00:20:31.568265;02a41ac8-edd2-4c88-81e5-5e30f451c3cd;443.7;0.01;SELL
2016-04-28T00:20:31.429411;2016-04-28T00:20:31.599515;204be866-de8e-4522-ac5a-77afc690aa8c;443.69;0.01;SELL
2016-04-28T00:20:31.429600;2016-04-28T00:20:31.599515;cd1e0c66-c39a-42e0-b286-3c8a977076ec;443.68;0.01;SELL
2016-04-28T00:20:31.429777;2016-04-28T00:20:31.599515;7b3ca276-65d3-4321-a098-d44d6641409d;443.67;0.01;SELL
2016-04-28T00:20:31.429967;2016-04-28T00:20:31.599515;101a9967-94ec-44eb-a96e-2a1d746d39c4;443.67;0.01;SELL
2016-04-28T00:20:31.430179;2016-04-28T00:20:31.615139;76f48606-59b8-4dbc-9df4-3010a4e986f5;443.66;0.01;SELL
2016-04-28T00:20:31.430406;2016-04-28T00:20:31.615139;bbd7c30c-d477-4ee9-ac73-9a317926d0d4;443.66;0.01;SELL
2016-04-28T00:20:31.430584;2016-04-28T00:20:31.615139;0d2d404f-032e-4ca4-918d-281def50c45d;443.65;0.01;SELL
2016-04-28T00:20:31.430770;2016-04-28T00:20:31.615139;ccd99743-a54b-4dad-82cc-78399204ff9f;443.65;0.01;SELL
2016-04-28T00:20:31.430954;2016-04-28T00:20:31.615139;0ab06f37-5942-4194-af8d-56fe99342cc4;443.64;0.01;SELL
2016-04-28T00:20:31.431153;2016-04-28T00:20:31.615139;1f659079-f59b-404c-9b56-f3a3ac892b46;443.63;0.01;SELL
2016-04-28T00:20:31.431370;2016-04-28T00:20:31.615139;4bc694a3-cb91-4d16-ac11-3fe8b5105f41;443.63;0.627;SELL
2016-04-28T00:20:31.431561;2016-04-28T00:20:31.615139;b0a80530-cc8e-437a-9b82-4af778f6f257;443.62;0.01;SELL
2016-04-28T00:20:31.431735;2016-04-28T00:20:31.615139;415470cb-342b-44d6-8682-89a6b853a86c;443.61;0.01;SELL
2016-04-28T00:20:31.431921;2016-04-28T00:20:31.646389;b3c67b03-86e3-4a67-afaa-37866e3a8c42;443.61;0.01;SELL
2016-04-28T00:20:31.432121;2016-04-28T00:20:31.646389;b09c39bc-313f-4a2e-91e5-247122114585;443.6;0.01;SELL
2016-04-28T00:20:31.432333;2016-04-28T00:20:31.646389;d8d0dee3-09e0-47a7-8b62-d067812c780e;443.6;0.3;SELL
2016-04-28T00:20:31.432534;2016-04-28T00:20:31.646389;6e6d3dde-13e2-4a8b-823e-fef1c46bc713;443.59;0.01;SELL
2016-04-28T00:20:31.432721;2016-04-28T00:20:31.646389;aae3c446-5bda-42b2-ba3f-f8c6cf9a2ae1;443.58;0.01;SELL
2016-04-28T00:20:31.432912;2016-04-28T00:20:31.646389;cc37d7d5-33b1-4114-9dfc-7876d8f9a561;443.57;0.01;SELL
2016-04-28T00:20:31.433115;2016-04-28T00:20:31.662015;c9beccf0-5ba3-4d45-9fc0-487e5bc7f263;443.56;0.01;SELL
2016-04-28T00:20:31.433317;2016-04-28T00:20:31.662015;32782f24-de52-4fae-beca-23438ec2b05c;443.56;0.2;SELL
2016-04-28T00:20:31.433511;2016-04-28T00:20:31.662015;9414d377-19a2-4e12-8e5e-b8e1782d186f;443.55;0.01;SELL
2016-04-28T00:20:31.433711;2016-04-28T00:20:31.677640;a9d47177-fb68-40c3-b223-d10be3ca5be4;443.54;0.01;SELL
2016-04-28T00:20:31.433899;2016-04-28T00:20:31.677640;67b5c5c3-8f97-494f-ae80-c15c7fc5363f;443.53;0.01;SELL
2016-04-28T00:20:31.434106;2016-04-28T00:20:31.677640;1cc360e8-3914-46df-99fd-6528cd9ad435;443.52;0.01;SELL
2016-04-28T00:20:31.434298;2016-04-28T00:20:31.677640;ffefe755-f58b-407a-bbe7-bcf28bf03870;443.52;0.30307135;SELL
2016-04-28T00:20:31.434505;2016-04-28T00:20:31.677640;e54f851e-a1f4-4ebe-b04a-1c71eb76cda2;443.51;0.01;SELL
2016-04-28T00:20:31.434691;2016-04-28T00:20:31.693266;55103959-4604-4bc9-9a91-e78da0fdbaec;443.5;0.01;SELL
2016-04-28T00:20:31.434886;2016-04-28T00:20:31.708890;dfd5714e-19d4-4083-8b57-d70af84ecc34;443.49;0.01;SELL
2016-04-28T00:20:31.435102;2016-04-28T00:20:31.708890;6c0c3f6f-905d-4c24-9b4f-13b5e33123c1;443.48;0.01;SELL
2016-04-28T00:20:31.435278;2016-04-28T00:20:31.708890;7de89262-ae7f-4992-b6ac-964b54086973;443.47;0.05;SELL
2016-04-28T00:20:31.435492;2016-04-28T00:20:31.708890;423e80ad-08cb-4979-99ec-124ce5bab751;443.47;0.01;SELL
2016-04-28T00:20:31.435662;2016-04-28T00:20:31.708890;b178a4f8-8356-406e-9e6a-be63738e6558;443.46;0.01;SELL
2016-04-28T00:20:31.435837;2016-04-28T00:20:31.708890;6950113e-e0e9-4f2a-9d17-5f6725ed21e4;443.46;0.01;SELL
2016-04-28T00:20:31.436042;2016-04-28T00:20:31.708890;11017a49-6101-4b7a-ba32-8c0b6bb63809;443.46;0.21;SELL
2016-04-28T00:20:31.436235;2016-04-28T00:20:31.708890;48194aea-a0db-4d2d-99e6-d907791c2273;443.45;0.01;SELL
2016-04-28T00:20:31.436432;2016-04-28T00:20:31.740140;9c2a7f12-5da1-4394-8d4b-5143f9a4d860;443.45;0.02770241;SELL
2016-04-28T00:20:31.436623;2016-04-28T00:20:31.740140;0876073c-db62-468e-935c-ddcd67bef887;443.45;0.1;SELL
2016-04-28T00:20:31.436796;2016-04-28T00:20:31.740140;f32c04ec-18d1-4260-bdd5-c6fef25e1ba7;443.44;0.01;SELL
2016-04-28T00:20:31.436998;2016-04-28T00:20:31.740140;413b52f1-87a8-450d-b40b-9640771905d2;443.44;0.01832983;SELL
2016-04-28T00:20:31.437192;2016-04-28T00:20:31.740140;dc663a79-e3ff-4ed4-9fe1-230c9aefce44;443.43;0.01;SELL
2016-04-28T00:20:31.437407;2016-04-28T00:20:31.740140;035a9ad4-cab1-4594-9e09-ae6b688effe3;443.42;0.01;SELL
2016-04-28T00:20:31.437600;2016-04-28T00:20:31.740140;e9d5b781-1a93-4472-9dbd-94cf78cc899b;443.41;0.01;SELL
2016-04-28T00:20:31.437771;2016-04-28T00:20:31.740140;de5f7a58-724e-41ef-a77f-f25784d9515c;443.4;0.01;SELL
2016-04-28T00:20:31.437953;2016-04-28T00:20:31.740140;36def97d-787e-4069-b20b-ac3bf0c48512;443.4;0.01;SELL
2016-04-28T00:20:31.438155;2016-04-28T00:20:31.740140;cf58096a-1313-430f-b940-98446b3a9564;443.39;0.30315366;SELL
2016-04-28T00:20:31.438343;2016-04-28T00:20:31.755765;8fc68606-a6ff-43f8-b235-3d5766fb5c7c;443.39;0.01;SELL
2016-04-28T00:20:31.438557;2016-04-28T00:20:31.755765;8cb87464-b07b-48c0-9d61-c5e9e1ae08d4;443.38;0.01;SELL
2016-04-28T00:20:31.438756;2016-04-28T00:20:31.755765;0ef0ad86-9d5f-472b-abfe-3407d48fdb94;443.37;0.01;SELL
2016-04-28T00:20:31.438946;2016-04-28T00:20:31.755765;3d9f2375-d783-4651-9e6f-31e4ac730a89;443.36;0.01;SELL
2016-04-28T00:20:31.439160;2016-04-28T00:20:31.755765;9ed14a44-ffa7-4d40-bacb-4035192dea44;443.35;0.01;SELL
2016-04-28T00:20:31.439351;2016-04-28T00:20:31.755765;39c454a8-105d-4019-900f-8501d9f37c42;443.32;0.01;SELL
2016-04-28T00:20:31.439562;2016-04-28T00:20:31.771391;3e4456a0-70a1-4b40-af03-f0d8b7fb6b23;443.27;0.02;SELL
2016-04-28T00:20:31.439744;2016-04-28T00:20:31.771391;58e32e65-6977-478c-ac1c-a302f89e2ac7;443.19;0.03279933;SELL
2016-04-28T00:20:31.439933;2016-04-28T00:20:31.771391;c2bc87a3-b8c6-4043-8037-85c27b80d487;443.19;0.01768946;SELL
2016-04-28T00:20:31.440153;2016-04-28T00:20:31.771391;d2c5ca2e-a042-4f5c-8777-c19d3e51d8f3;443.09;8.36;SELL
2016-04-28T00:20:31.440341;2016-04-28T00:20:31.771391;84789c45-4730-4cf6-8e69-4d441f138c74;443.08;9.01061;SELL
2016-04-28T00:20:31.440525;2016-04-28T00:20:31.802640;97f55501-801e-4800-b2a7-9033e529910f;442.88;1.03857396;SELL
2016-04-28T00:21:01.090943;2016-04-28T00:21:01.162029;0f703c19-731b-4c3f-be69-aa04d92075fa;443.34;0.01;BUY
2016-04-28T00:21:01.091247;2016-04-28T00:21:01.162029;913a6916-a71a-452a-ade7-37e9efe13cf2;443.35;0.01;BUY
2016-04-28T00:21:01.092265;2016-04-28T00:21:01.162029;0eb36c93-405a-449c-92ba-c093811aed6a;443.35;0.82768;BUY
2016-04-28T00:21:05.343022;2016-04-28T00:21:05.412033;da65af07-a194-48cc-b7ab-b3c1d77b59dc;443.26;0.01;BUY
2016-04-28T00:21:05.343224;2016-04-28T00:21:05.412033;148913bb-8744-4ccf-b87b-1cecbd222b1a;443.27;0.01;BUY
2016-04-28T00:21:05.343398;2016-04-28T00:21:05.412033;d9e7a958-508c-45b0-af08-cbb76f6045b1;443.27;0.005;BUY
2016-04-28T00:21:13.564283;2016-04-28T00:21:13.630786;18fad15d-0bcd-440f-bbd7-250110b34349;442.9;0.01;SELL
2016-04-28T00:21:13.564783;2016-04-28T00:21:13.646412;e17680aa-7fa2-4b30-830f-5d41eb181a1a;442.9;0.01;SELL
2016-04-28T00:21:13.565037;2016-04-28T00:21:13.646412;f1c84638-bad9-4397-b9f2-7c0fba03540e;442.89;0.01;SELL
2016-04-28T00:21:13.565277;2016-04-28T00:21:13.646412;d98b7fab-e496-4404-8b9a-657a9d05ad7b;442.89;0.12;SELL
2016-04-28T00:21:13.565490;2016-04-28T00:21:13.646412;ecc88efe-e438-4737-812a-3535e8d6ef94;442.88;0.01;SELL
2016-04-28T00:21:13.566035;2016-04-28T00:21:13.646412;6d4145bf-1749-42fe-aec9-58c921040f99;442.87;0.015;SELL
2016-04-28T00:21:13.566273;2016-04-28T00:21:13.662035;490c1239-a745-451d-87b8-90fcd2b7aa40;442.85;0.078;SELL
2016-04-28T00:21:13.566506;2016-04-28T00:21:13.662035;74a6bdd2-c624-414d-8cff-2adc778abc93;442.8;0.087;SELL
2016-04-28T00:21:13.566713;2016-04-28T00:21:13.677662;9d6ae1fa-a0bd-48bf-ad2c-66c969772899;442.7;0.2;SELL
2016-04-28T00:21:13.567306;2016-04-28T00:21:13.677662;620ae7de-0a82-40b5-876f-3ddbd70a1f3c;442.67;0.02;SELL
2016-04-28T00:21:13.567525;2016-04-28T00:21:13.677662;d749c3c3-5704-43c2-a694-dd05c52fdb1b;442.64;0.03392046;SELL
2016-04-28T00:21:13.567732;2016-04-28T00:21:13.677662;0ed4861e-1674-42d6-842a-1a5fe256057c;442.63;0.01111537;SELL
2016-04-28T00:21:13.567903;2016-04-28T00:21:13.693286;8f29572a-735b-4d4f-a531-e7c909f543a0;442.53;0.4539447;SELL
2016-04-28T00:21:31.098518;2016-04-28T00:21:31.162046;56c2511e-eb98-4ddb-8685-f9485ed0f5cc;442.56;0.02175;BUY
2016-04-28T00:21:37.800876;2016-04-28T00:21:37.865176;78091cfa-8e04-41a7-9a7e-d51c01fc82ca;442.56;0.06391;BUY
2016-04-28T00:21:49.169305;2016-04-28T00:21:49.224506;c7c9728b-4c6c-4c67-8339-a574e5cc3ec5;442.56;0.01;BUY
2016-04-28T00:21:49.169535;2016-04-28T00:21:49.240178;d2071523-acf3-4223-a196-ef64a0e83ca9;442.56;0.01;BUY
2016-04-28T00:21:49.169765;2016-04-28T00:21:49.240178;6f477bf8-0b3a-4fa4-91f9-b6295abc393f;442.56;0.005;BUY
2016-04-28T00:21:50.521839;2016-04-28T00:21:50.583931;2412989b-5196-4302-850c-7f746ca8b771;442.54;0.54196237;SELL
2016-04-28T00:21:56.572301;2016-04-28T00:21:56.630813;a084fa71-4a6a-4230-8d1e-9fb2fc3cca00;442.55;0.01;BUY
2016-04-28T00:22:00.144317;2016-04-28T00:22:00.208935;af492060-ac6d-4d55-8968-45e058252091;442.54;2.45803763;SELL
2016-04-28T00:22:00.144849;2016-04-28T00:22:00.224561;8d8f6dfe-c84b-4701-9b3e-1308775c4762;442.53;7.60878207;SELL
2016-04-28T00:22:00.145082;2016-04-28T00:22:00.224561;d4900dbb-40ee-4e0d-b4d1-f3b60e6a1061;442.52;0.2;SELL
2016-04-28T00:22:00.145296;2016-04-28T00:22:00.271435;61d0026f-0b73-4839-9e6b-c13e70675cd6;442.52;0.1675;SELL
2016-04-28T00:22:00.145463;2016-04-28T00:22:00.287064;edafc826-c7dc-4930-965f-1d6a0a0b7de5;442.5;9.5656803;SELL
2016-04-28T00:22:01.005091;2016-04-28T00:22:01.068321;fb36ba24-b503-4e1c-934d-aa2494d867cb;442.5;2.20067;SELL
2016-04-28T00:22:01.227943;2016-04-28T00:22:01.287063;d86b399a-5693-4c49-9e3f-479cb3b6d06f;442.53;0.02;BUY
2016-04-28T00:22:31.490411;2016-04-28T00:22:31.552702;ef5c2235-6520-4fba-aa7f-ef609132cf01;442.51;0.12609;SELL
2016-04-28T00:23:00.291561;2016-04-28T00:23:00.365220;e220059e-9504-4c89-8835-21841c454a86;442.54;0.01;BUY
2016-04-28T00:23:00.291836;2016-04-28T00:23:00.380845;bda35fe9-2d63-46c9-b81c-637800ff3eb1;442.54;0.01;BUY
2016-04-28T00:23:00.292068;2016-04-28T00:23:00.380845;f81154fd-0551-4902-8d5a-578160f0dc1f;442.59;0.01;BUY
2016-04-28T00:23:00.292265;2016-04-28T00:23:00.380845;3598722b-5e1a-4cf6-8d4e-294846a2d6e9;442.59;0.01;BUY
2016-04-28T00:23:00.292465;2016-04-28T00:23:00.380845;dd58b1bb-a0a2-422a-bee3-be8462b7248e;442.61;0.01;BUY
2016-04-28T00:23:00.292649;2016-04-28T00:23:00.396466;8c2b6c8c-cfac-47a8-a169-e2f480eccfa5;442.62;0.01;BUY
2016-04-28T00:23:00.292836;2016-04-28T00:23:00.396466;cfd51bf5-1819-4501-ba03-7706b15f27bd;442.63;0.01;BUY
2016-04-28T00:23:00.293037;2016-04-28T00:23:00.427745;5a0a108f-9fd9-43ad-b2d1-6b9fd4ea0232;442.65;0.01;BUY
2016-04-28T00:23:00.293225;2016-04-28T00:23:00.427745;99889147-2d8c-47a2-82c1-b0cc756efbfd;442.65;0.01;BUY
2016-04-28T00:23:00.293408;2016-04-28T00:23:00.427745;d9c47c11-62d9-4d0f-a7d4-918cb2290025;442.67;0.01;BUY
2016-04-28T00:23:00.293601;2016-04-28T00:23:00.443341;330c14ce-63e3-402a-8e85-decae1137f81;442.69;0.01;BUY
2016-04-28T00:23:00.293791;2016-04-28T00:23:00.443341;1c36d3f3-6937-49e7-a55e-4a123e5ede80;442.71;0.01;BUY
2016-04-28T00:23:00.293995;2016-04-28T00:23:00.443341;59c36365-5a73-4a24-a4c6-42879987b783;442.73;0.01;BUY
2016-04-28T00:23:00.294185;2016-04-28T00:23:00.458965;68f28df0-1b29-4817-a5c0-0c47c99ec4c8;442.75;0.01;BUY
2016-04-28T00:23:00.294370;2016-04-28T00:23:00.458965;c337260e-b828-465e-a0ce-7abf6993b81c;442.75;0.01;BUY
2016-04-28T00:23:00.294557;2016-04-28T00:23:00.474590;34eac13b-be1e-4a02-bbe1-2cb051bd14f6;442.76;0.01;BUY
2016-04-28T00:23:00.294750;2016-04-28T00:23:00.474590;60bff140-75c3-4ac5-ba94-8836b0328caf;442.78;0.01;BUY
2016-04-28T00:23:00.294939;2016-04-28T00:23:00.474590;1e9bb4a2-003e-43fe-b081-48d105fb02af;442.8;0.2;BUY
2016-04-28T00:23:00.295160;2016-04-28T00:23:00.474590;49fd5fc8-64f6-44ea-b4ed-f5e4352361ed;442.82;0.01;BUY
2016-04-28T00:23:00.295345;2016-04-28T00:23:00.490216;ec691bd9-5eea-46c7-8979-9b16afc6bbd5;442.93;0.111;BUY
2016-04-28T00:23:00.295522;2016-04-28T00:23:00.490216;1c48f760-f283-4919-b2b6-ecbc8afc8fcc;442.94;0.01;BUY
2016-04-28T00:23:00.295703;2016-04-28T00:23:00.505840;3a3f462b-87a9-4f77-8a9b-b9b52bece415;442.94;0.109;BUY
2016-04-28T00:23:00.295887;2016-04-28T00:23:00.505840;84365b17-cd41-45a9-a874-9c9ed244233a;442.98;0.01;BUY
2016-04-28T00:23:00.296098;2016-04-28T00:23:00.505840;e7f50fb1-26b0-4bf0-a0eb-5e36f6cae132;442.99;0.01;BUY
2016-04-28T00:23:00.296284;2016-04-28T00:23:00.505840;7a8cfb38-4cc3-4dc3-ae23-2bb72401ce32;442.99;0.01;BUY
2016-04-28T00:23:00.296460;2016-04-28T00:23:00.505840;d6d1abdb-2d00-4d0f-8568-a57333ed9d13;443.0;0.01;BUY
2016-04-28T00:23:00.296631;2016-04-28T00:23:00.505840;bb96fb4e-9fbe-4719-b9d9-7a82527d3c1d;443.0;0.01;BUY
2016-04-28T00:23:00.296812;2016-04-28T00:23:00.521415;5b731f70-2e42-450a-ad54-2db64352a982;443.0;0.01;BUY
2016-04-28T00:23:00.297023;2016-04-28T00:23:00.521415;3d66e176-d310-43ed-9216-5100a7bfb3f7;443.01;0.01;BUY
2016-04-28T00:23:00.297221;2016-04-28T00:23:00.521415;d40c4f9a-6b62-43d5-8856-bf4faab906fd;443.03;0.01;BUY
2016-04-28T00:23:00.297402;2016-04-28T00:23:00.521415;17d9e880-d3c9-4d1d-9dd1-f5814a4dcc8e;443.04;0.01;BUY
2016-04-28T00:23:00.297579;2016-04-28T00:23:00.552721;336dbeea-5f83-441a-bb32-d1fa50fac195;443.05;0.01;BUY
2016-04-28T00:23:00.297760;2016-04-28T00:23:00.552721;3f5c169f-fad8-47f4-bbca-cae0bae4699c;443.05;0.01;BUY
2016-04-28T00:23:00.297949;2016-04-28T00:23:00.552721;62e76bb5-6c12-4f6a-98cc-fe47404cc0a5;443.06;0.01;BUY
2016-04-28T00:23:00.298162;2016-04-28T00:23:00.552721;5a356ac6-d028-4191-8e21-e17ecb2c6204;443.07;0.01;BUY
2016-04-28T00:23:00.298344;2016-04-28T00:23:00.552721;d6af5aa9-8d86-4ba1-a14a-97802d9f5082;443.08;0.01;BUY
2016-04-28T00:23:00.298534;2016-04-28T00:23:00.552721;a03500da-4916-496c-8fa4-a5749a5cd87d;443.08;0.01;BUY
2016-04-28T00:23:00.298721;2016-04-28T00:23:00.568341;ee64e500-8fca-464a-a2c0-113a7e789341;443.14;0.01;BUY
2016-04-28T00:23:00.298911;2016-04-28T00:23:00.568341;60ee0659-ba1e-4075-bf64-d82b82157fc2;443.16;0.308;BUY
2016-04-28T00:23:00.299111;2016-04-28T00:23:00.568341;62092bd2-615c-4441-9d15-75ba70645a05;443.17;0.01;BUY
2016-04-28T00:23:00.299295;2016-04-28T00:23:00.568341;a3b58f5b-0b71-4f35-a27a-e1d1770d306a;443.17;0.01;BUY
2016-04-28T00:23:00.299472;2016-04-28T00:23:00.568341;56d5185f-be22-4e42-acad-4170a12a8cc3;443.18;0.01;BUY
2016-04-28T00:23:00.299660;2016-04-28T00:23:00.599590;eb6debde-6c8a-46eb-8587-83ef1b485914;443.18;0.01;BUY
2016-04-28T00:23:00.299832;2016-04-28T00:23:00.599590;322c369c-3a05-4b29-abe5-8a229b3d84e7;443.19;0.01;BUY
2016-04-28T00:23:00.300036;2016-04-28T00:23:00.599590;cc164ef0-d124-4860-839b-2252d04e50d5;443.19;0.01;BUY
2016-04-28T00:23:00.300216;2016-04-28T00:23:00.599590;6ccb7d96-c6ec-4229-ab34-e7503054ebf8;443.2;0.01;BUY
2016-04-28T00:23:00.300401;2016-04-28T00:23:00.599590;1b933232-525e-4c19-99a3-a4f60435586c;443.2;0.01;BUY
2016-04-28T00:23:00.300580;2016-04-28T00:23:00.599590;a6a90b78-9c1e-4349-83fd-af3ece933de0;443.21;0.01;BUY
2016-04-28T00:23:00.300765;2016-04-28T00:23:00.615217;8927fac0-7651-4db6-9f5a-0599050babf7;443.21;0.01;BUY
2016-04-28T00:23:00.300951;2016-04-28T00:23:00.615217;8252eda5-9b63-4762-a462-550547f3986f;443.22;0.01;BUY
2016-04-28T00:23:00.301161;2016-04-28T00:23:00.615217;10599645-9cff-4b14-b8cc-3e649c5afd6b;443.23;0.01;BUY
2016-04-28T00:23:00.301336;2016-04-28T00:23:00.615217;71188374-2fe1-4ee3-a3f7-c8e5dd14ce68;443.25;0.01;BUY
2016-04-28T00:23:00.301522;2016-04-28T00:23:00.615217;5c8cfd83-b19c-4699-9ad8-60afdc0f26c0;443.25;0.01;BUY
2016-04-28T00:23:00.301698;2016-04-28T00:23:00.615217;2a1fb5c4-b18e-4d73-ba48-9c78f0b8d173;443.26;0.01;BUY
2016-04-28T00:23:00.301867;2016-04-28T00:23:00.615217;21445158-b20f-4b1f-96a8-81f08608b811;443.26;0.01;BUY
2016-04-28T00:23:00.302079;2016-04-28T00:23:00.646465;28b44f52-e485-4e6f-be0a-434f9340b257;443.26;0.21;BUY
2016-04-28T00:23:00.302260;2016-04-28T00:23:00.646465;dc1e82f2-4496-4233-8002-70a5bf74a251;443.27;0.005;BUY
2016-04-28T00:23:00.302441;2016-04-28T00:23:00.646465;bf237302-e0dc-4ec1-9218-82c72d50f931;443.27;0.19;BUY
2016-04-28T00:23:00.302616;2016-04-28T00:23:00.646465;9c2832c3-775a-447b-bbcb-b9a7be39f54b;443.28;0.01;BUY
2016-04-28T00:23:00.302796;2016-04-28T00:23:00.646465;e2fc2afe-2349-4c1d-bc3f-a122de4d2809;443.28;0.18;BUY
2016-04-28T00:23:00.303004;2016-04-28T00:23:00.646465;8ebe06b9-a222-4bfa-b619-264e0cfd40fc;443.29;0.01;BUY
2016-04-28T00:23:00.303185;2016-04-28T00:23:00.662091;8f9888f2-f2cd-4688-a195-28d53b983703;443.29;0.01;BUY
2016-04-28T00:23:00.303379;2016-04-28T00:23:00.662091;70798b89-54a7-4357-bf06-8757ea67e1d7;443.29;0.21;BUY
2016-04-28T00:23:00.303563;2016-04-28T00:23:00.662091;fbb34c67-a668-4aff-9545-d8bb303a00bb;443.3;0.01;BUY
