time_exchange;time_coinpai;guid;price;base_amount;taker_side
2016-04-28T00:00:00.000000;2016-04-28T00:00:00.000000;35c052c2-bdc7-4aec-84b7-6da96e6e5f63;445.14;0.025382;UNKNOWN
2016-04-28T00:00:32.000000;2016-04-28T00:00:32.000000;a2587f69-9321-4aa3-b98e-24e3aaf593ed;445.02;0.1;UNKNOWN
2016-04-28T00:00:32.000000;2016-04-28T00:00:32.000000;63407a11-6411-412a-bb52-a05f7d7363a1;445.02;0.1;UNKNOWN
2016-04-28T00:00:39.000000;2016-04-28T00:00:39.000000;4a189323-13b3-404a-9a26-5cc4e5b2fabf;445.02;10.0382;UNKNOWN
2016-04-28T00:00:49.000000;2016-04-28T00:00:49.000000;f1ec52c2-2af6-46b7-a422-bf3cc50710f3;445.01;0.32964;UNKNOWN
2016-04-28T00:00:49.000000;2016-04-28T00:00:49.000000;7b607044-1753-465e-9e24-5cf766aa3604;445.0;0.00036;UNKNOWN
2016-04-28T00:01:01.000000;2016-04-28T00:01:01.000000;a5444d67-ae52-4244-bafc-28c91d7a7cb6;445.02;0.5;UNKNOWN
2016-04-28T00:01:04.000000;2016-04-28T00:01:04.000000;35927b3c-5f4e-4020-8ec7-cc62b99ebed1;445.01;0.6073353;UNKNOWN
2016-04-28T00:01:05.000000;2016-04-28T00:01:05.000000;21e2930d-d3f7-4168-8d7f-47cd05578e00;445.01;0.59;UNKNOWN
2016-04-28T00:01:21.000000;2016-04-28T00:01:21.000000;34c5b702-b81e-40ec-9dcc-72d3245dfe38;445.01;0.38;UNKNOWN
2016-04-28T00:01:43.000000;2016-04-28T00:01:43.000000;39f961fa-4cec-4096-a18d-e8692834e9aa;445.69;11.65005726;UNKNOWN
2016-04-28T00:01:43.000000;2016-04-28T00:01:43.000000;b1293386-a77b-46fa-82d2-4b6f427c42da;445.41;10.0;UNKNOWN
2016-04-28T00:01:43.000000;2016-04-28T00:01:43.000000;29a23672-333f-4531-ad21-52f15525c830;445.02;1.48984274;UNKNOWN
2016-04-28T00:01:43.000000;2016-04-28T00:01:43.000000;5cbc2c33-4fab-4e51-bc12-76d714d72e38;445.03;6.7401;UNKNOWN
2016-04-28T00:01:43.000000;2016-04-28T00:01:43.000000;995300d8-497c-4414-b123-d463dbd11dda;445.61;10.0;UNKNOWN
2016-04-28T00:01:43.000000;2016-04-28T00:01:43.000000;63b55414-8419-4a1e-939d-e621a98b6341;445.51;10.0;UNKNOWN
2016-04-28T00:01:43.000000;2016-04-28T00:01:43.000000;c9bd7344-0738-4841-a5b7-fe36198cced7;445.55;0.12;UNKNOWN
2016-04-28T00:01:50.000000;2016-04-28T00:01:50.000000;3b7686ee-9cdb-4b42-b1e9-3bed7311e749;445.14;1.03;UNKNOWN
2016-04-28T00:02:22.000000;2016-04-28T00:02:22.000000;40c33dc3-bcc9-44e6-8143-8afb1a66074d;445.79;3.7234;UNKNOWN
2016-04-28T00:02:39.000000;2016-04-28T00:02:39.000000;a63489bf-123d-4757-b35a-5a23ce4e61de;445.76;0.01;UNKNOWN
2016-04-28T00:02:42.000000;2016-04-28T00:02:42.000000;fb3b6dba-4b5c-49d8-982e-aa4889e216de;445.76;1.0;UNKNOWN
2016-04-28T00:02:47.000000;2016-04-28T00:02:47.000000;91bc4b4d-97b2-4399-9951-ab25fddb72a4;445.86;0.83518202;UNKNOWN
2016-04-28T00:02:47.000000;2016-04-28T00:02:47.000000;7be175eb-b46d-4c0f-a25a-b6f6da324a59;445.8;1.0;UNKNOWN
2016-04-28T00:02:47.000000;2016-04-28T00:02:47.000000;84c4db6a-b951-4a81-9b89-8e2ba1b4b814;445.86;0.01;UNKNOWN
2016-04-28T00:02:47.000000;2016-04-28T00:02:47.000000;b3897e24-b16a-4597-9987-7b5f7e03715a;445.76;5.6429;UNKNOWN
2016-04-28T00:02:48.000000;2016-04-28T00:02:48.000000;09ca7396-50d1-4cbf-a64c-a9c4ee7fa653;445.79;0.31;UNKNOWN
2016-04-28T00:02:49.000000;2016-04-28T00:02:49.000000;c079e886-1be7-44f3-92bb-f1bbfee90556;445.79;0.01;UNKNOWN
2016-04-28T00:02:50.000000;2016-04-28T00:02:50.000000;5ff11a88-b513-411b-8f8a-0397bce8c18d;445.22;1.39448849;UNKNOWN
2016-04-28T00:03:03.000000;2016-04-28T00:03:03.000000;7dd48740-86de-44f1-93bd-c19013102e02;445.51;0.01;UNKNOWN
2016-04-28T00:03:06.000000;2016-04-28T00:03:06.000000;5cdfeb81-97ba-4dc7-a2a2-a0f050a3a98f;445.51;0.01;UNKNOWN
2016-04-28T00:03:11.000000;2016-04-28T00:03:11.000000;052889bf-d4bb-45c7-ab9d-b64c7f6b136b;445.51;0.01;UNKNOWN
2016-04-28T00:03:13.000000;2016-04-28T00:03:13.000000;02f3cf6b-f0e3-4408-9500-d324b4f02254;445.49;0.13374595;UNKNOWN
2016-04-28T00:03:41.000000;2016-04-28T00:03:41.000000;2ac3839e-9edc-4420-a41f-cedef45a6048;445.49;11.09;UNKNOWN
2016-04-28T00:03:47.000000;2016-04-28T00:03:47.000000;c4a8a67f-b0d3-4e49-9d06-3abda815a2a9;445.49;0.06602041;UNKNOWN
2016-04-28T00:03:53.000000;2016-04-28T00:03:53.000000;9aa24ab0-2470-47c1-a52c-03c8bbe31428;445.47;1.0;UNKNOWN
2016-04-28T00:03:53.000000;2016-04-28T00:03:53.000000;40ca03ef-166e-4fe3-93ec-608728910024;445.48;0.10218745;UNKNOWN
2016-04-28T00:03:53.000000;2016-04-28T00:03:53.000000;2ee80716-f0c3-42f9-816f-66c5637acdd3;445.48;0.24100762;UNKNOWN
2016-04-28T00:04:04.000000;2016-04-28T00:04:04.000000;338a6f77-5068-4c0d-9498-b5ca24a62938;445.2;1.0;UNKNOWN
2016-04-28T00:04:04.000000;2016-04-28T00:04:04.000000;c75ba7cb-d9ee-46d9-b670-8d625dd6a068;445.2;0.34;UNKNOWN
2016-04-28T00:04:08.000000;2016-04-28T00:04:08.000000;020dab68-4def-4289-8e74-9496e5c82906;445.11;8.67;UNKNOWN
2016-04-28T00:04:08.000000;2016-04-28T00:04:08.000000;316560e5-73a7-41b0-b916-7049e3288b4b;445.11;2.67952931;UNKNOWN
2016-04-28T00:04:11.000000;2016-04-28T00:04:11.000000;1ae2237c-e466-4664-b788-b834e8f10117;445.08;10.0;UNKNOWN
2016-04-28T00:04:11.000000;2016-04-28T00:04:11.000000;e0acb3de-0238-4351-b9f1-b37dd4ca89bb;445.1;6.64922686;UNKNOWN
2016-04-28T00:04:14.000000;2016-04-28T00:04:14.000000;a11d91a2-648c-48b7-81b5-149040f62c91;445.0;1.1;UNKNOWN
2016-04-28T00:04:20.000000;2016-04-28T00:04:20.000000;29e6c610-c638-4a84-8350-3cb89179d3ca;445.0;7.404;UNKNOWN
2016-04-28T00:04:20.000000;2016-04-28T00:04:20.000000;efdb8e6f-440e-464a-8e01-3ea6d8882ad7;445.0;8.184;UNKNOWN
2016-04-28T00:04:24.000000;2016-04-28T00:04:24.000000;1391c742-09a1-4a79-8b0a-5e11e7672d91;445.0;3.31164;UNKNOWN
2016-04-28T00:04:25.000000;2016-04-28T00:04:25.000000;d9460734-749e-4ee5-b7f2-e473600c65a2;445.0;0.02969012;UNKNOWN
2016-04-28T00:04:27.000000;2016-04-28T00:04:27.000000;8aba553d-1c9b-4e3e-9863-06ac74f63f40;444.86;0.6200574;UNKNOWN
2016-04-28T00:04:30.000000;2016-04-28T00:04:30.000000;18328748-cceb-4b8e-98c8-232e9495c9cd;444.99;20.0;UNKNOWN
2016-04-28T00:04:30.000000;2016-04-28T00:04:30.000000;70f0a65e-34df-4baf-bd4d-603a02c26e18;445.0;30.0;UNKNOWN
2016-04-28T00:04:52.000000;2016-04-28T00:04:52.000000;67722b03-3778-4a8c-a87b-ed0a4d8ea59c;444.98;5.027;UNKNOWN
2016-04-28T00:04:52.000000;2016-04-28T00:04:52.000000;32521e9a-b12b-4d80-8de2-2f9d94328a98;444.98;4.973;UNKNOWN
2016-04-28T00:05:02.000000;2016-04-28T00:05:02.000000;f40345be-707d-4673-98b4-56146c22e260;444.98;0.12678134;UNKNOWN
2016-04-28T00:05:03.000000;2016-04-28T00:05:03.000000;e5d9fbaa-5962-47ba-86a6-3bc28ca778a5;444.98;0.12678134;UNKNOWN
2016-04-28T00:05:05.000000;2016-04-28T00:05:05.000000;c9d6c8da-221d-434b-94a6-355472bd8eeb;444.98;6.8221;UNKNOWN
2016-04-28T00:05:15.000000;2016-04-28T00:05:15.000000;b0261b1f-f1a4-47be-9a78-ee6c6a8313f5;444.98;0.12569181;UNKNOWN
2016-04-28T00:05:18.000000;2016-04-28T00:05:18.000000;ba403c2e-b84b-404b-b0d3-3435f6b1e477;444.98;0.04;UNKNOWN
2016-04-28T00:05:39.000000;2016-04-28T00:05:39.000000;37751541-e636-4e97-8ce6-03414752e0da;444.98;10.0;UNKNOWN
2016-04-28T00:06:07.000000;2016-04-28T00:06:07.000000;05ad81f0-424c-42a6-aec2-e46bb30d461b;444.98;5.98155;UNKNOWN
2016-04-28T00:06:14.000000;2016-04-28T00:06:14.000000;4c273da7-ee22-48f6-b749-c740f478ebe3;444.98;1.61872133;UNKNOWN
2016-04-28T00:06:16.000000;2016-04-28T00:06:16.000000;bfba0ad5-2f43-44ce-ac8c-3662bdfe98b7;444.97;0.434;UNKNOWN
2016-04-28T00:06:16.000000;2016-04-28T00:06:16.000000;067081c2-ba46-43ea-9e56-d662c53f07c8;444.98;0.436;UNKNOWN
2016-04-28T00:06:17.000000;2016-04-28T00:06:17.000000;3bfb3938-0804-46e8-98f6-55ed03267aff;444.98;0.53457418;UNKNOWN
2016-04-28T00:06:17.000000;2016-04-28T00:06:17.000000;9e74d5f4-d2d2-4048-bca3-32f9536799c0;444.98;2.06542582;UNKNOWN
2016-04-28T00:06:18.000000;2016-04-28T00:06:18.000000;83f602f9-f0ed-4d86-9e49-dc692e0e87e6;444.98;0.74492137;UNKNOWN
2016-04-28T00:06:20.000000;2016-04-28T00:06:20.000000;a5349a7b-dd73-4314-8edf-0413018765b5;444.98;0.84095253;UNKNOWN
2016-04-28T00:06:20.000000;2016-04-28T00:06:20.000000;7c9b0d63-7a18-4607-8a86-b9867178b619;444.98;1.5341261;UNKNOWN
2016-04-28T00:06:24.000000;2016-04-28T00:06:24.000000;107c22ec-90da-4e4e-aac8-297708964681;444.61;6.6826;UNKNOWN
2016-04-28T00:06:24.000000;2016-04-28T00:06:24.000000;b91a9cb5-b15f-4095-a021-7251e9496d9b;444.87;0.5;UNKNOWN
2016-04-28T00:06:24.000000;2016-04-28T00:06:24.000000;6bed2842-7aeb-4626-b9cb-f2f195b633ec;444.19;69.8280574;UNKNOWN
2016-04-28T00:06:24.000000;2016-04-28T00:06:24.000000;cf8f6712-e777-40c5-acbd-c82212426a1c;444.58;2.0;UNKNOWN
2016-04-28T00:06:24.000000;2016-04-28T00:06:24.000000;e11eadda-3ae4-46d6-b94f-3f7a87233d5f;444.21;3.4794;UNKNOWN
2016-04-28T00:06:24.000000;2016-04-28T00:06:24.000000;33656bf6-8e2b-46e1-8a15-00e71ec093a3;444.86;9.3799426;UNKNOWN
2016-04-28T00:06:24.000000;2016-04-28T00:06:24.000000;eeca71b8-d35a-4382-b592-dfa612a4c6d0;444.2;8.13;UNKNOWN
2016-04-28T00:07:02.000000;2016-04-28T00:07:02.000000;908bf4c7-bf82-4c84-aff1-61c848c2cd21;444.19;1.19779675;UNKNOWN
2016-04-28T00:07:05.000000;2016-04-28T00:07:05.000000;164183c7-dfab-4d99-8444-7eff20ba61ca;444.1;0.1;UNKNOWN
2016-04-28T00:07:05.000000;2016-04-28T00:07:05.000000;3853ffd5-9fad-4bea-9f8d-93b74c9ce48e;443.94;1.126278;UNKNOWN
2016-04-28T00:07:05.000000;2016-04-28T00:07:05.000000;5f68da69-1dfd-4043-be85-d5eda453f0fb;443.95;3.5;UNKNOWN
2016-04-28T00:07:05.000000;2016-04-28T00:07:05.000000;d63cb556-27cb-4cf5-8a4a-2b874e55b443;444.01;12.49;UNKNOWN
2016-04-28T00:07:05.000000;2016-04-28T00:07:05.000000;afaf1f6d-6571-441e-a048-ec884ed4f516;443.95;0.1;UNKNOWN
2016-04-28T00:07:05.000000;2016-04-28T00:07:05.000000;2385d096-53bd-42e6-8b7d-8616ca038eeb;444.19;8.97414585;UNKNOWN
2016-04-28T00:07:05.000000;2016-04-28T00:07:05.000000;b9bec5a4-aa27-4e53-b799-f11e8f2d12e5;443.5;0.1;UNKNOWN
2016-04-28T00:07:05.000000;2016-04-28T00:07:05.000000;a3c89c51-6361-4eef-97ac-176c333acf7a;443.5;5.0;UNKNOWN
2016-04-28T00:07:05.000000;2016-04-28T00:07:05.000000;19ec5dc9-c309-4f3e-b59c-280ab9584282;443.97;1.96219804;UNKNOWN
2016-04-28T00:07:05.000000;2016-04-28T00:07:05.000000;7f6fa5a8-b357-4858-9c29-33c38772ec01;443.98;0.89744265;UNKNOWN
2016-04-28T00:07:05.000000;2016-04-28T00:07:05.000000;18566450-bfa5-4893-b2ac-04bc5be56e6f;444.0;3.0;UNKNOWN
2016-04-28T00:07:05.000000;2016-04-28T00:07:05.000000;0c9441c5-edf4-4150-a5f8-2f6c90a5b80b;443.5;12.73993546;UNKNOWN
2016-04-28T00:07:05.000000;2016-04-28T00:07:05.000000;ddfb7ea4-71b9-4c13-903e-ccd0dd86dc73;443.53;0.02;UNKNOWN
2016-04-28T00:08:08.000000;2016-04-28T00:08:08.000000;48a0e136-7713-4d25-8115-3b15d15bbd0e;443.78;0.2;UNKNOWN
2016-04-28T00:08:08.000000;2016-04-28T00:08:08.000000;ac4f78a3-d2dc-46c4-ba49-0b496f0072d5;443.48;0.13684;UNKNOWN
2016-04-28T00:08:09.000000;2016-04-28T00:08:09.000000;68739499-6a32-4e2e-b511-aef10f4cdb49;443.81;0.1764;UNKNOWN
2016-04-28T00:08:23.000000;2016-04-28T00:08:23.000000;18ef34cd-634a-4737-91e1-203c7eb2147e;443.81;0.0864;UNKNOWN
2016-04-28T00:08:23.000000;2016-04-28T00:08:23.000000;23fb653d-bb73-4e7b-aa6c-e07902f2c726;443.81;1.1086;UNKNOWN
2016-04-28T00:08:24.000000;2016-04-28T00:08:24.000000;b071762f-01e7-42c9-83da-4eca994e888a;443.81;4.5;UNKNOWN
2016-04-28T00:08:30.000000;2016-04-28T00:08:30.000000;69edacd0-689b-4f8a-be44-a0a43956366a;443.84;0.0165;UNKNOWN
2016-04-28T00:08:42.000000;2016-04-28T00:08:42.000000;996bb410-76a1-438b-a45d-9f95b58f3cb8;443.61;2.776;UNKNOWN
2016-04-28T00:08:42.000000;2016-04-28T00:08:42.000000;e8d799aa-fac4-4372-b4b3-5ec762db2a0a;443.8;0.224;UNKNOWN
2016-04-28T00:09:00.000000;2016-04-28T00:09:00.000000;a1a58dc0-1ba5-4764-9fb7-b843860dfafc;443.72;0.8;UNKNOWN
2016-04-28T00:09:03.000000;2016-04-28T00:09:03.000000;c26e06f0-9216-4ba9-8392-a8ef9f6b6cb7;443.72;0.5;UNKNOWN
2016-04-28T00:09:13.000000;2016-04-28T00:09:13.000000;24600955-1eb1-4399-8336-1d84fdee5171;443.73;0.09371495;UNKNOWN
2016-04-28T00:09:20.000000;2016-04-28T00:09:20.000000;a6f7df86-ed6e-42b6-9b55-fce4be464ce8;444.0;0.03072;UNKNOWN
2016-04-28T00:09:27.000000;2016-04-28T00:09:27.000000;9e24d244-92d0-4586-9c5d-5e29fd4fbf2f;444.5;16.0321;UNKNOWN
2016-04-28T00:09:27.000000;2016-04-28T00:09:27.000000;8cf5a6ea-4bc7-4ee4-b096-12a9ce7a0f45;444.33;8.23;UNKNOWN
2016-04-28T00:09:27.000000;2016-04-28T00:09:27.000000;8be072ca-f440-473b-a913-e9f335ce617a;444.0;3.7460994;UNKNOWN
2016-04-28T00:09:27.000000;2016-04-28T00:09:27.000000;33d33e35-a36f-4e4d-bad0-5c1eb41913b7;444.51;8.13;UNKNOWN
2016-04-28T00:09:27.000000;2016-04-28T00:09:27.000000;4300bf6d-ede3-4138-bc25-9b4b2fb2edf1;444.5;2.0;UNKNOWN
2016-04-28T00:09:27.000000;2016-04-28T00:09:27.000000;c08947f9-8cb6-4970-b7bb-5be2325d21c7;444.26;6.7497;UNKNOWN
2016-04-28T00:09:27.000000;2016-04-28T00:09:27.000000;0c6594c4-eb57-4025-b9e0-566c6b6983c3;444.54;20.0;UNKNOWN
2016-04-28T00:09:27.000000;2016-04-28T00:09:27.000000;cd638aec-e87f-44a3-b4ec-393aeb497408;444.52;14.0851;UNKNOWN
2016-04-28T00:09:27.000000;2016-04-28T00:09:27.000000;4bb58ee9-df6b-46db-8c35-5b903f9b935b;444.34;13.2133;UNKNOWN
2016-04-28T00:09:27.000000;2016-04-28T00:09:27.000000;2b71474a-ed6c-4345-b3ab-0e78d429dd34;444.7;7.8137006;UNKNOWN
2016-04-28T00:09:41.000000;2016-04-28T00:09:41.000000;87b6125d-077f-45f4-8949-d49a8ef99173;444.1;0.04;UNKNOWN
2016-04-28T00:09:43.000000;2016-04-28T00:09:43.000000;b730b6e1-eced-4da2-958f-0a569e2e851a;444.69;0.435;UNKNOWN
2016-04-28T00:09:43.000000;2016-04-28T00:09:43.000000;1c79d6dc-b91b-477c-b82d-95d4f68f383f;444.89;2.14128629;UNKNOWN
2016-04-28T00:09:43.000000;2016-04-28T00:09:43.000000;7d7bfccd-2ec4-4e30-9dbd-a41e76a3b8c9;444.7;3.07730493;UNKNOWN
2016-04-28T00:09:43.000000;2016-04-28T00:09:43.000000;b165c119-e878-4e37-849e-a9006dadeb4d;444.8;4.34640878;UNKNOWN
2016-04-28T00:09:52.000000;2016-04-28T00:09:52.000000;93256ef8-4e11-41ad-853a-48a64befc958;444.05;5.0;UNKNOWN
2016-04-28T00:09:56.000000;2016-04-28T00:09:56.000000;eaf41d4b-fbf1-4ac9-98b1-ca5bbbd11714;444.69;3.5;UNKNOWN
2016-04-28T00:11:14.000000;2016-04-28T00:11:14.000000;9e3b47e7-b3f9-4d85-a0f0-3ffee5c233bc;444.76;1.0;UNKNOWN
2016-04-28T00:11:32.000000;2016-04-28T00:11:32.000000;9f7cd9ec-f3e3-4643-820c-d32f51819784;444.84;0.375;UNKNOWN
2016-04-28T00:11:33.000000;2016-04-28T00:11:33.000000;235d9750-0d31-4283-a2d7-7f21b9988e10;444.99;3.4363;UNKNOWN
2016-04-28T00:11:33.000000;2016-04-28T00:11:33.000000;ec22eda6-8baa-41cc-b1e5-33a5c14beae9;444.84;6.3397;UNKNOWN
2016-04-28T00:12:02.000000;2016-04-28T00:12:02.000000;6e246bfb-9cab-4fdf-9880-1bdee9c6a4e5;444.86;1.77;UNKNOWN
2016-04-28T00:12:02.000000;2016-04-28T00:12:02.000000;90ea830e-b97b-4328-bff2-981772dc02be;444.87;2.23;UNKNOWN
2016-04-28T00:12:11.000000;2016-04-28T00:12:11.000000;a64c882e-c107-4a45-a042-ee8cc49c1160;444.86;6.23;UNKNOWN
2016-04-28T00:12:11.000000;2016-04-28T00:12:11.000000;afb01506-8a23-4ba3-a047-f2fbde348c74;444.77;4.33374143;UNKNOWN
2016-04-28T00:12:11.000000;2016-04-28T00:12:11.000000;6c0ed443-67d7-4579-8b6e-85b221c01496;444.76;1.75335857;UNKNOWN
2016-04-28T00:12:11.000000;2016-04-28T00:12:11.000000;233f57e4-5742-459f-b646-c44005266013;444.77;6.6829;UNKNOWN
2016-04-28T00:12:33.000000;2016-04-28T00:12:33.000000;e9d2693e-eceb-42be-9904-a7227bc48193;444.69;0.08346836;UNKNOWN
2016-04-28T00:12:55.000000;2016-04-28T00:12:55.000000;824b86e7-baf1-463b-985b-264b7ea946ce;444.96;0.0103;UNKNOWN
2016-04-28T00:13:50.000000;2016-04-28T00:13:50.000000;e5d1cbce-5461-4529-aaa2-055b3c4d5bc3;444.96;5.0;UNKNOWN
2016-04-28T00:14:08.000000;2016-04-28T00:14:08.000000;1aee5cbe-7cc3-4b35-aba9-5e4770e49132;444.52;0.020223;UNKNOWN
2016-04-28T00:14:16.000000;2016-04-28T00:14:16.000000;153e8b72-1856-45ce-a594-565a6b441833;444.52;6.62180417;UNKNOWN
2016-04-28T00:15:13.000000;2016-04-28T00:15:13.000000;928212cc-ea20-4728-b102-b4a7aec51eba;444.51;0.1138;UNKNOWN
2016-04-28T00:15:13.000000;2016-04-28T00:15:13.000000;604d9656-3466-4c69-bfd6-abf632de4803;444.5;0.0772;UNKNOWN
2016-04-28T00:15:49.000000;2016-04-28T00:15:49.000000;5174d3f9-c376-492c-9fea-90b97de2dfcc;444.98;0.437;UNKNOWN
2016-04-28T00:15:55.000000;2016-04-28T00:15:55.000000;4833b12e-1948-4321-9e99-00724ac508e1;444.98;0.17300339;UNKNOWN
2016-04-28T00:16:24.000000;2016-04-28T00:16:24.000000;96979757-4468-488b-853c-6551841cc117;444.97;0.1;UNKNOWN
2016-04-28T00:17:46.000000;2016-04-28T00:17:46.000000;88680163-e471-4693-b23d-caa1e0aa0cf9;444.8;9.6;UNKNOWN
2016-04-28T00:18:03.000000;2016-04-28T00:18:03.000000;e11e0948-ba2b-48d3-af86-8a9a9bd3c531;444.5;0.79357002;UNKNOWN
2016-04-28T00:18:04.000000;2016-04-28T00:18:04.000000;4bc2c822-aaaf-4fa9-9b2b-8723eb4a0070;444.8;3.6837;UNKNOWN
2016-04-28T00:18:04.000000;2016-04-28T00:18:04.000000;5689c42d-9ba8-4ed1-b599-6faffbfd2a13;444.8;6.7163;UNKNOWN
2016-04-28T00:18:31.000000;2016-04-28T00:18:31.000000;b2b1eb52-509e-48c1-b827-95632e48c6bc;444.5;0.74;UNKNOWN
2016-04-28T00:18:33.000000;2016-04-28T00:18:33.000000;4e969d22-4ec6-4405-a2a4-8b7aec069712;444.5;0.39;UNKNOWN
2016-04-28T00:18:40.000000;2016-04-28T00:18:40.000000;50b07c22-0bda-46aa-b44f-028d86b61efb;444.5;2.63;UNKNOWN
2016-04-28T00:18:42.000000;2016-04-28T00:18:42.000000;27326760-abe1-4557-95c4-09e5d9536755;444.5;2.59;UNKNOWN
2016-04-28T00:18:49.000000;2016-04-28T00:18:49.000000;80bcc90c-8384-4f26-9abd-5bc17766ec8d;444.5;2.77922998;UNKNOWN
2016-04-28T00:18:52.000000;2016-04-28T00:18:52.000000;0bae6c58-15a1-4627-b979-08e467339f4a;444.44;2.0;UNKNOWN
2016-04-28T00:18:53.000000;2016-04-28T00:18:53.000000;db5702e0-007d-40b0-96a3-7c41779ac30d;443.9;10.0;UNKNOWN
2016-04-28T00:18:53.000000;2016-04-28T00:18:53.000000;6388affd-6c76-4464-a37e-53d6eea7074b;443.4;0.2;UNKNOWN
2016-04-28T00:18:53.000000;2016-04-28T00:18:53.000000;4acd1922-bcb1-41b5-b989-f3ad5305766a;443.43;1.0;UNKNOWN
2016-04-28T00:18:53.000000;2016-04-28T00:18:53.000000;76f6b032-6e40-465d-bc00-f9fbf7564c73;443.47;0.1;UNKNOWN
2016-04-28T00:18:53.000000;2016-04-28T00:18:53.000000;ee2336d0-f596-4e5c-83db-7110593813bf;443.28;1.2101;UNKNOWN
2016-04-28T00:18:53.000000;2016-04-28T00:18:53.000000;b45362c4-f743-40c5-be37-4299783df2f1;443.4;2.31;UNKNOWN
2016-04-28T00:19:01.000000;2016-04-28T00:19:01.000000;5b89638d-7c3a-4a7c-baee-c65a1942d4a0;443.33;0.17392566;UNKNOWN
2016-04-28T00:19:02.000000;2016-04-28T00:19:02.000000;c48c3b5e-80e9-4629-b4f3-7958fde76037;443.28;0.15;UNKNOWN
2016-04-28T00:19:04.000000;2016-04-28T00:19:04.000000;c2d7cdd0-620f-4644-8c00-87e79513fcf6;443.28;0.18472196;UNKNOWN
2016-04-28T00:19:49.000000;2016-04-28T00:19:49.000000;18e3c3a1-25f9-4fe1-bee2-3d50ac5e817e;443.31;0.065;UNKNOWN
2016-04-28T00:20:05.000000;2016-04-28T00:20:05.000000;9f1bf8a2-9f25-432b-b384-44e8c4977d1c;443.3;0.018;UNKNOWN
2016-04-28T00:20:06.000000;2016-04-28T00:20:06.000000;74efd9b5-fe59-411a-9027-410a4044089f;443.3;0.016;UNKNOWN
2016-04-28T00:20:13.000000;2016-04-28T00:20:13.000000;6602207d-f36b-4024-904a-f1708be749d8;443.32;9.99737689;UNKNOWN
2016-04-28T00:20:13.000000;2016-04-28T00:20:13.000000;e5af1495-5690-4a55-a1b0-7f601294876f;443.31;0.225;UNKNOWN
2016-04-28T00:20:13.000000;2016-04-28T00:20:13.000000;7cc50d19-bc34-4bcd-be93-944920636b33;443.3;4.36495379;UNKNOWN
2016-04-28T00:20:13.000000;2016-04-28T00:20:13.000000;256088e5-12b1-4d4a-bb82-db424a3f596c;443.3;4.33033466;UNKNOWN
2016-04-28T00:20:13.000000;2016-04-28T00:20:13.000000;eef07264-143a-4619-ac32-f8296b316cde;443.3;6.718;UNKNOWN
2016-04-28T00:20:13.000000;2016-04-28T00:20:13.000000;df9652fa-dfa9-4512-81b0-1638945f7068;443.3;4.36433466;UNKNOWN
2016-04-28T00:20:51.000000;2016-04-28T00:20:51.000000;02bed313-d83c-437c-b795-21f2a28adcac;443.28;0.02;UNKNOWN
2016-04-28T00:21:01.000000;2016-04-28T00:21:01.000000;9affc257-1e2e-4e2d-b213-0801c02bbdd9;443.0;8.2212292;UNKNOWN
2016-04-28T00:21:01.000000;2016-04-28T00:21:01.000000;ba0c3616-3269-4377-9ad6-96a7e310d2f9;443.01;12.49;UNKNOWN
2016-04-28T00:21:01.000000;2016-04-28T00:21:01.000000;de1510b1-7b35-4628-b4f2-1d0a0e3aaf25;443.0;7.82597297;UNKNOWN
2016-04-28T00:21:01.000000;2016-04-28T00:21:01.000000;5dbae426-05ca-48b0-accf-68274bc29348;443.25;5.0;UNKNOWN
2016-04-28T00:21:01.000000;2016-04-28T00:21:01.000000;2192c9bf-d448-41cf-80da-2b0a156af637;443.01;8.22;UNKNOWN
2016-04-28T00:21:01.000000;2016-04-28T00:21:01.000000;eb79b589-a42f-402b-bab9-8bc2a6ea9ffd;443.28;8.24279783;UNKNOWN
2016-04-28T00:21:02.000000;2016-04-28T00:21:02.000000;ea1a871c-cc14-43ed-b58e-8478120a9554;442.95;10.0;UNKNOWN
2016-04-28T00:21:02.000000;2016-04-28T00:21:02.000000;e8b3f485-03e0-4b7a-9cdb-82ae2ce4e6dd;442.59;8.23;UNKNOWN
2016-04-28T00:21:02.000000;2016-04-28T00:21:02.000000;fd295b0a-18b9-4209-978c-f6ed0498a4c9;443.0;21.7787708;UNKNOWN
2016-04-28T00:21:02.000000;2016-04-28T00:21:02.000000;45937099-3095-4ee0-92d4-352d50f980ef;442.58;99.76657521;UNKNOWN
2016-04-28T00:21:02.000000;2016-04-28T00:21:02.000000;6fa9a9c0-dccc-490b-8d45-189ac324fffc;442.77;0.22465399;UNKNOWN
2016-04-28T00:21:04.000000;2016-04-28T00:21:04.000000;92e14aec-d8ae-44d8-aa0a-2ea938f9b0c0;442.53;0.01;UNKNOWN
2016-04-28T00:21:04.000000;2016-04-28T00:21:04.000000;55f7fa77-d6ec-4667-a7fd-adf1651ebe10;442.53;0.01041667;UNKNOWN
2016-04-28T00:21:04.000000;2016-04-28T00:21:04.000000;566bd4b6-6bc0-4b2e-8f10-b3954b1f449e;442.52;0.74;UNKNOWN
2016-04-28T00:21:04.000000;2016-04-28T00:21:04.000000;98aa4e56-0cfc-4025-bcc1-f623f1b1155b;442.58;0.23342479;UNKNOWN
2016-04-28T00:21:04.000000;2016-04-28T00:21:04.000000;851754a9-03b7-4903-a581-1b2fcdf7a152;442.5;3.06703954;UNKNOWN
2016-04-28T00:21:04.000000;2016-04-28T00:21:04.000000;01171eb5-ed51-44bf-bf24-726e83b3698f;442.5;5.0;UNKNOWN
2016-04-28T00:21:04.000000;2016-04-28T00:21:04.000000;4bae54a6-d7bb-4121-929b-f3e76cedf61a;442.52;0.846719;UNKNOWN
2016-04-28T00:21:04.000000;2016-04-28T00:21:04.000000;00f580d2-3bf0-4d97-8113-6573b5430a35;442.51;0.0924;UNKNOWN
2016-04-28T00:21:08.000000;2016-04-28T00:21:08.000000;79af1ef9-53cb-443a-9fc6-7667ecd3db7f;442.22;34.86356666;UNKNOWN
2016-04-28T00:21:08.000000;2016-04-28T00:21:08.000000;ebdbddff-509c-426d-9139-d45c1adcc31b;442.5;1.0;UNKNOWN
2016-04-28T00:21:08.000000;2016-04-28T00:21:08.000000;502104eb-87c2-44f2-b3b5-c7e361caac22;442.28;0.25;UNKNOWN
2016-04-28T00:21:08.000000;2016-04-28T00:21:08.000000;6cc9a667-0a7c-432a-9678-fe5bc0633b8c;442.42;0.5;UNKNOWN
2016-04-28T00:21:08.000000;2016-04-28T00:21:08.000000;0f4bc115-38ab-4146-86d8-4d4c712078e8;442.2;4.02713704;UNKNOWN
2016-04-28T00:21:08.000000;2016-04-28T00:21:08.000000;5fd08fea-19b7-4f58-a6df-8665ab59b260;442.5;1.93296046;UNKNOWN
2016-04-28T00:21:08.000000;2016-04-28T00:21:08.000000;8a4a4f07-a53a-4bd7-ac51-f74f4c84e485;442.5;0.25;UNKNOWN
2016-04-28T00:21:08.000000;2016-04-28T00:21:08.000000;f42fad45-0db8-4919-86a1-1a0d1dca8dee;442.5;1.0;UNKNOWN
2016-04-28T00:21:08.000000;2016-04-28T00:21:08.000000;650b7c49-08a3-4222-ab0e-163defc240b6;442.15;0.02;UNKNOWN
2016-04-28T00:21:08.000000;2016-04-28T00:21:08.000000;e1ba086d-faef-487c-8a42-192a1aeee1f8;442.42;1.0;UNKNOWN
2016-04-28T00:21:08.000000;2016-04-28T00:21:08.000000;b2e0c739-e2cb-44ed-b67b-3cd39c24abf1;442.01;0.7;UNKNOWN
2016-04-28T00:21:08.000000;2016-04-28T00:21:08.000000;87668dee-af8c-4248-8461-0e19cd34f1c1;442.01;0.1;UNKNOWN
2016-04-28T00:21:08.000000;2016-04-28T00:21:08.000000;fbeba070-89d0-437e-8168-4ec99a8a1571;442.01;2.0;UNKNOWN
2016-04-28T00:21:08.000000;2016-04-28T00:21:08.000000;b80a04e3-727e-4c0a-9176-695000eb781a;442.01;6.56133584;UNKNOWN
2016-04-28T00:21:08.000000;2016-04-28T00:21:08.000000;a5dacafe-274e-49a3-aeff-491dd5eda394;442.01;0.1;UNKNOWN
2016-04-28T00:21:08.000000;2016-04-28T00:21:08.000000;e4acee0d-f4cf-4104-88bf-45e4931524a3;442.06;0.02;UNKNOWN
2016-04-28T00:21:08.000000;2016-04-28T00:21:08.000000;4272fd59-2b72-4221-8603-6155bb313bad;442.03;8.5;UNKNOWN
2016-04-28T00:21:08.000000;2016-04-28T00:21:08.000000;0ed73f8a-91a5-4bb2-bbd1-291eaa57f13f;442.14;0.075;UNKNOWN
2016-04-28T00:21:09.000000;2016-04-28T00:21:09.000000;5ffd5e4f-75b8-4832-bd92-d60cf090b14c;442.01;3.02866416;UNKNOWN
2016-04-28T00:21:09.000000;2016-04-28T00:21:09.000000;11156c2a-72c3-4ce2-bf71-a9a0fb9aefcd;442.0;0.75;UNKNOWN
2016-04-28T00:21:09.000000;2016-04-28T00:21:09.000000;beb736be-108f-4d1a-bf36-79c5bd7c2c4e;442.0;0.6;UNKNOWN
2016-04-28T00:21:09.000000;2016-04-28T00:21:09.000000;1c0d705e-ecb1-4cd7-9d68-3009ba188b7f;442.0;25.0;UNKNOWN
2016-04-28T00:21:09.000000;2016-04-28T00:21:09.000000;ee060317-bb4b-4b43-ae86-ede322d627dc;442.0;1.0;UNKNOWN
2016-04-28T00:21:09.000000;2016-04-28T00:21:09.000000;fddf4975-fe9f-4af0-8372-e3d9ff6a10e3;442.0;0.01;UNKNOWN
2016-04-28T00:21:09.000000;2016-04-28T00:21:09.000000;e6f3e50f-f347-4e5f-88a8-4d38b3a4cdad;442.0;17.21133584;UNKNOWN
2016-04-28T00:21:09.000000;2016-04-28T00:21:09.000000;d85990ab-2a6d-47a1-9204-d84693062a50;442.0;1.0;UNKNOWN
2016-04-28T00:21:09.000000;2016-04-28T00:21:09.000000;0641c797-8e86-4311-9b45-fd66f0a21889;442.0;1.0;UNKNOWN
2016-04-28T00:21:09.000000;2016-04-28T00:21:09.000000;b4c24dd7-3d31-4bf2-b609-167277563331;442.0;0.4;UNKNOWN
2016-04-28T00:21:14.000000;2016-04-28T00:21:14.000000;20628710-e5bb-426a-9cd3-3afe4987bf0c;441.8;10.0;UNKNOWN
2016-04-28T00:21:14.000000;2016-04-28T00:21:14.000000;92d6938a-4e7c-4591-be0c-e2fedd1c6577;441.61;15.09558747;UNKNOWN
2016-04-28T00:21:14.000000;2016-04-28T00:21:14.000000;5d5e6cfe-e430-4b30-b942-ed0bc674ca81;441.61;0.2;UNKNOWN
2016-04-28T00:21:14.000000;2016-04-28T00:21:14.000000;1683cb8b-b24a-4092-9cef-c0e5af87dda9;441.69;0.5;UNKNOWN
2016-04-28T00:21:14.000000;2016-04-28T00:21:14.000000;b1e9be54-c33f-4970-b679-eea835c76b90;441.78;0.04599378;UNKNOWN
2016-04-28T00:21:14.000000;2016-04-28T00:21:14.000000;cc62cf25-f0a4-49c1-8fb3-78199b917dac;441.85;0.18225459;UNKNOWN
2016-04-28T00:21:14.000000;2016-04-28T00:21:14.000000;f506451a-fc2f-4afa-80d0-3630cd293581;442.0;3.0;UNKNOWN
2016-04-28T00:21:14.000000;2016-04-28T00:21:14.000000;32a11552-976b-4e75-8313-b777fad24008;441.93;0.02;UNKNOWN
2016-04-28T00:21:14.000000;2016-04-28T00:21:14.000000;00b7f3ee-137d-44f1-a5a2-14d4fb8c7ad7;442.0;20.0;UNKNOWN
2016-04-28T00:21:14.000000;2016-04-28T00:21:14.000000;5e949483-f51e-4c97-ac3a-4e24899f08be;442.0;24.99;UNKNOWN
2016-04-28T00:21:14.000000;2016-04-28T00:21:14.000000;8845b237-a9d6-4eb8-b48d-2e25357d9447;442.0;1.0;UNKNOWN
2016-04-28T00:21:14.000000;2016-04-28T00:21:14.000000;8ce4cfbb-af11-4530-adac-e7cce7fab7a3;442.0;49.99;UNKNOWN
2016-04-28T00:21:14.000000;2016-04-28T00:21:14.000000;36859254-486f-41b4-ad11-f665ea821ca2;442.0;10.78866416;UNKNOWN
2016-04-28T00:21:14.000000;2016-04-28T00:21:14.000000;fb9de045-b7ae-454d-8c31-1e2ab1856de3;442.0;13.0;UNKNOWN
2016-04-28T00:21:14.000000;2016-04-28T00:21:14.000000;0830029b-927f-4579-be03-da329a0b8568;442.0;51.3875;UNKNOWN
2016-04-28T00:21:14.000000;2016-04-28T00:21:14.000000;d21c54e1-5ebc-42cc-82bd-78ba21816c69;442.0;2.0;UNKNOWN
2016-04-28T00:21:15.000000;2016-04-28T00:21:15.000000;90e4665f-4ddc-40a4-a637-63823c75ba6e;441.55;2.0;UNKNOWN
2016-04-28T00:21:15.000000;2016-04-28T00:21:15.000000;a8b012a3-32a8-425b-a5d7-9220f365780b;441.5;0.96251338;UNKNOWN
2016-04-28T00:21:15.000000;2016-04-28T00:21:15.000000;f568e551-59b8-4337-b26c-13d2150ab003;441.29;21.25147669;UNKNOWN
2016-04-28T00:21:15.000000;2016-04-28T00:21:15.000000;4d396152-974a-428e-a242-fa6aae959706;441.46;0.0229974;UNKNOWN
2016-04-28T00:21:15.000000;2016-04-28T00:21:15.000000;bb099a9d-a5a7-4213-bf0a-95a12033f82a;441.4;14.3252;UNKNOWN
2016-04-28T00:21:15.000000;2016-04-28T00:21:15.000000;899c5171-df24-4d93-8420-1a736b9a5b45;441.41;2.0;UNKNOWN
2016-04-28T00:21:15.000000;2016-04-28T00:21:15.000000;b200d5ce-fdd6-414d-b44b-012084057442;441.29;1.0;UNKNOWN
2016-04-28T00:21:15.000000;2016-04-28T00:21:15.000000;a7d87a3b-3d8e-48f2-a5b5-6cad614937d0;441.51;3.0;UNKNOWN
2016-04-28T00:21:15.000000;2016-04-28T00:21:15.000000;ecc5a395-3043-424c-b50f-ade3374c9838;441.5;5.0;UNKNOWN
2016-04-28T00:21:15.000000;2016-04-28T00:21:15.000000;4c1ca6d8-dc0d-47e9-9bc6-0cc5c9a7f6ad;441.61;0.43781253;UNKNOWN
2016-04-28T00:21:20.000000;2016-04-28T00:21:20.000000;cf6285cd-4421-4bd2-9878-302bfac1ec4d;441.29;0.2487;UNKNOWN
2016-04-28T00:21:20.000000;2016-04-28T00:21:20.000000;ee677450-23e9-406a-af43-e47c96a38167;441.3;0.4;UNKNOWN
2016-04-28T00:21:27.000000;2016-04-28T00:21:27.000000;686764ce-2839-495e-a396-7a313105f841;442.0;0.1;UNKNOWN
2016-04-28T00:21:32.000000;2016-04-28T00:21:32.000000;e23da0b4-6ecd-4ded-929d-e1e2e1e9b021;441.3;0.4;UNKNOWN
2016-04-28T00:21:32.000000;2016-04-28T00:21:32.000000;51c8f441-f3ff-4f06-a451-b517e013913f;441.29;9.6;UNKNOWN
2016-04-28T00:21:48.000000;2016-04-28T00:21:48.000000;cdd0e2e5-b2aa-488a-ab5e-d48e718f77d6;441.53;0.5;UNKNOWN
2016-04-28T00:21:48.000000;2016-04-28T00:21:48.000000;d55e6846-7aca-418e-a8ae-4278cffb4f22;441.54;0.4;UNKNOWN
2016-04-28T00:21:48.000000;2016-04-28T00:21:48.000000;a1e606df-6ed1-4777-92ba-c42d8618dcfd;441.54;6.7728;UNKNOWN
2016-04-28T00:21:48.000000;2016-04-28T00:21:48.000000;7e061f3c-3929-4d53-9bdf-d685d2c39a3d;441.53;2.8272;UNKNOWN
2016-04-28T00:21:50.000000;2016-04-28T00:21:50.000000;c685d664-9c58-4508-83e4-3ebe3dfe356e;441.53;0.02406499;UNKNOWN
2016-04-28T00:21:57.000000;2016-04-28T00:21:57.000000;eea686f5-afba-49b2-8124-798621160b33;441.63;1.0;UNKNOWN
2016-04-28T00:21:59.000000;2016-04-28T00:21:59.000000;234ed21e-f942-4b89-845f-314e444a33f1;441.63;1.0;UNKNOWN
2016-04-28T00:22:00.000000;2016-04-28T00:22:00.000000;51fdac47-3ab0-4cda-9e4c-24f0fdd2764c;441.63;0.01;UNKNOWN
2016-04-28T00:22:02.000000;2016-04-28T00:22:02.000000;8b6306ff-9b68-4a6f-8da8-0f5ae688f44e;441.63;1.6002;UNKNOWN
2016-04-28T00:22:02.000000;2016-04-28T00:22:02.000000;f990bc44-4971-4d24-bba4-d4758149ebcf;441.53;0.7314611;UNKNOWN
2016-04-28T00:22:04.000000;2016-04-28T00:22:04.000000;3a2d514b-49de-4bd6-b407-477d95f30cb0;441.63;0.018;UNKNOWN
2016-04-28T00:22:04.000000;2016-04-28T00:22:04.000000;eee4680f-b0f2-4df1-afb2-afa1b67c94f8;441.63;0.017;UNKNOWN
2016-04-28T00:22:04.000000;2016-04-28T00:22:04.000000;3c920775-7a21-4def-a6a0-3b78055b4eb6;441.63;0.019;UNKNOWN
2016-04-28T00:22:05.000000;2016-04-28T00:22:05.000000;6ffc2cb1-f8b8-42d2-b235-51bffca34298;441.63;0.02;UNKNOWN
2016-04-28T00:22:05.000000;2016-04-28T00:22:05.000000;e2c3dc33-89f8-4ea1-bc02-9bbf97d69189;441.63;0.05;UNKNOWN
2016-04-28T00:22:06.000000;2016-04-28T00:22:06.000000;16b2499a-a71a-4416-a0ba-6b6d2f6da048;441.63;0.016;UNKNOWN
2016-04-28T00:22:15.000000;2016-04-28T00:22:15.000000;18a7039c-088e-49b5-978a-e6192773e39c;442.38;4.37320972;UNKNOWN
2016-04-28T00:22:15.000000;2016-04-28T00:22:15.000000;efa28b65-5a8e-4853-a435-f8ec019da057;442.38;15.9747;UNKNOWN
2016-04-28T00:22:15.000000;2016-04-28T00:22:15.000000;330cff27-2c66-4db5-8742-c8a72093224c;442.28;4.37320972;UNKNOWN
2016-04-28T00:22:15.000000;2016-04-28T00:22:15.000000;38f05044-983c-454d-a443-36fb5cdd4b36;442.99;2.88951259;UNKNOWN
2016-04-28T00:22:15.000000;2016-04-28T00:22:15.000000;4890dfcf-535e-4223-b785-638e27e57639;442.44;4.37392702;UNKNOWN
2016-04-28T00:22:15.000000;2016-04-28T00:22:15.000000;765f0a7e-e5fa-4a34-9554-1d68e9baaaa0;442.44;4.37330534;UNKNOWN
2016-04-28T00:22:15.000000;2016-04-28T00:22:15.000000;57ad22fd-b701-4356-84e9-b8dab0fdc6f7;442.66;4.37392702;UNKNOWN
2016-04-28T00:22:15.000000;2016-04-28T00:22:15.000000;f60a079b-fec2-4a3f-ad1a-fb0b204cfa67;442.75;13.7762;UNKNOWN
2016-04-28T00:22:15.000000;2016-04-28T00:22:15.000000;0e8d150f-60fe-4436-b550-64593ec3f896;442.23;15.4327;UNKNOWN
2016-04-28T00:22:15.000000;2016-04-28T00:22:15.000000;7a0d5689-e132-4a73-9d2d-cf63ef30ea7f;442.64;4.37330534;UNKNOWN
2016-04-28T00:22:15.000000;2016-04-28T00:22:15.000000;eba4367e-c4a6-4c57-890a-d5e57ec2f67d;442.92;14.8703;UNKNOWN
2016-04-28T00:22:15.000000;2016-04-28T00:22:15.000000;f3249cc6-d629-41d3-b100-b062ca9c9cd1;441.93;0.149;UNKNOWN
2016-04-28T00:22:15.000000;2016-04-28T00:22:15.000000;bb55ac70-c886-438e-9a98-8823f075bed7;442.22;16.0839;UNKNOWN
2016-04-28T00:22:15.000000;2016-04-28T00:22:15.000000;880ba81c-a04f-49c6-aba7-40ad1055aa6d;441.62;0.437;UNKNOWN
2016-04-28T00:22:15.000000;2016-04-28T00:22:15.000000;148879d1-5fdb-42ee-a955-315f06894083;442.22;6.7192;UNKNOWN
2016-04-28T00:22:15.000000;2016-04-28T00:22:15.000000;3d0bed23-100e-4186-986f-3a87448d2bb8;442.56;14.5666;UNKNOWN
2016-04-28T00:22:22.000000;2016-04-28T00:22:22.000000;22e80fc5-22aa-4ae3-936b-92e756ebad56;441.92;6.16;UNKNOWN
2016-04-28T00:22:23.000000;2016-04-28T00:22:23.000000;b8fa2fba-a325-49eb-b061-2e8dba755d55;442.09;0.01;UNKNOWN
2016-04-28T00:22:24.000000;2016-04-28T00:22:24.000000;17dd3588-474b-45bd-9b7d-cdfcc27c315e;441.75;0.225;UNKNOWN
2016-04-28T00:22:24.000000;2016-04-28T00:22:24.000000;2c58ab2b-fb4d-4ca0-aacf-ea44acbf1c86;441.75;0.226;UNKNOWN
2016-04-28T00:22:26.000000;2016-04-28T00:22:26.000000;95489d44-a13d-4e88-824f-3f22d95b7570;442.17;0.01;UNKNOWN
2016-04-28T00:22:35.000000;2016-04-28T00:22:35.000000;c24fa5c1-4ba1-4d13-9f63-6a7d11d21e8d;441.74;0.01;UNKNOWN
2016-04-28T00:22:36.000000;2016-04-28T00:22:36.000000;b25c4273-add4-489a-8ff1-ae6d6c9da5bc;442.29;5.0;UNKNOWN
2016-04-28T00:22:50.000000;2016-04-28T00:22:50.000000;b9a4c694-b568-4759-943a-3d1f817ae481;442.29;0.225;UNKNOWN
2016-04-28T00:23:03.000000;2016-04-28T00:23:03.000000;dae42c55-8fdc-4ed6-989c-284f99c94026;442.96;0.225;UNKNOWN
2016-04-28T00:23:10.000000;2016-04-28T00:23:10.000000;3ff72d2d-e475-4579-ab47-7b66fbb30e01;442.53;0.42104235;UNKNOWN
2016-04-28T00:23:13.000000;2016-04-28T00:23:13.000000;38a9fa1d-2c98-489f-a86c-af9a5c8dd0d3;442.6;0.21868957;UNKNOWN
2016-04-28T00:23:14.000000;2016-04-28T00:23:14.000000;864a1197-f59f-40a6-b1b8-9bf2d88f78c9;442.97;5.0;UNKNOWN
2016-04-28T00:23:14.000000;2016-04-28T00:23:14.000000;21a6f2ab-74ab-4430-ad2c-b9b0bc9d988a;442.6;0.22260435;UNKNOWN
2016-04-28T00:24:36.000000;2016-04-28T00:24:36.000000;3eb62f3b-c912-49eb-84ef-6a7070516295;443.77;0.39951259;UNKNOWN
2016-04-28T00:24:36.000000;2016-04-28T00:24:36.000000;222fff99-e723-4ce4-af31-467e0722242c;442.99;9.60048741;UNKNOWN
2016-04-28T00:24:41.000000;2016-04-28T00:24:41.000000;0c36f50c-ab10-4be8-98e6-3af286fdb169;443.77;0.01;UNKNOWN
2016-04-28T00:24:43.000000;2016-04-28T00:24:43.000000;a7ada756-89f7-4b00-b330-7da5b938484f;443.77;0.01;UNKNOWN
2016-04-28T00:24:49.000000;2016-04-28T00:24:49.000000;884863ab-a857-4f37-acd7-231cc275581d;442.99;0.9;UNKNOWN
2016-04-28T00:25:13.000000;2016-04-28T00:25:13.000000;d7930a59-5de2-4c3e-8cb0-e8ab033da870;443.37;1.0;UNKNOWN
2016-04-28T00:25:18.000000;2016-04-28T00:25:18.000000;8f6a7c93-77ab-4f42-bf37-8846af2a89af;443.37;0.025;UNKNOWN
2016-04-28T00:25:18.000000;2016-04-28T00:25:18.000000;4fe8410f-d8f8-4fcc-a9a2-03be5e7381fa;443.77;0.0308741;UNKNOWN
2016-04-28T00:25:31.000000;2016-04-28T00:25:31.000000;4629074b-fc32-4d82-8f9e-dbe1fa7f9e7a;443.09;0.63551472;UNKNOWN
2016-04-28T00:25:43.000000;2016-04-28T00:25:43.000000;3f7eff00-5c03-4511-81f6-b5c4116c9916;443.77;0.55;UNKNOWN
2016-04-28T00:25:57.000000;2016-04-28T00:25:57.000000;9e940bf8-b35a-4150-9505-198f54d32188;443.42;5.2395;UNKNOWN
2016-04-28T00:26:05.000000;2016-04-28T00:26:05.000000;a443942f-4073-42b2-acea-2c1b89bf3979;443.69;3.5;UNKNOWN
2016-04-28T00:26:52.000000;2016-04-28T00:26:52.000000;a1afae69-925c-41d5-b18b-9a6fc3fc9b2d;443.82;10.0;UNKNOWN
2016-04-28T00:26:53.000000;2016-04-28T00:26:53.000000;2d686392-b7c6-4901-b1c4-1709aa55c357;443.14;0.95;UNKNOWN
2016-04-28T00:26:53.000000;2016-04-28T00:26:53.000000;8c4c6179-aa62-4b7e-8d55-c0343dda4ea2;443.4;1.0;UNKNOWN
2016-04-28T00:26:53.000000;2016-04-28T00:26:53.000000;e8090e12-5e84-46db-9bcc-0ae5dea96b7b;443.22;1.0;UNKNOWN
2016-04-28T00:26:54.000000;2016-04-28T00:26:54.000000;2fbb2be5-4c64-4a44-9dbb-96e08152e8c9;443.81;0.05;UNKNOWN
2016-04-28T00:27:06.000000;2016-04-28T00:27:06.000000;7fee274e-8fd1-40a5-a002-5bb399c49576;443.82;0.225;UNKNOWN
2016-04-28T00:27:06.000000;2016-04-28T00:27:06.000000;343654ee-f1a9-44e8-b0fa-35c60f4a49da;443.97;0.20899681;UNKNOWN
2016-04-28T00:27:06.000000;2016-04-28T00:27:06.000000;9e25a386-cffe-452f-8779-7fb2ab3c066b;443.97;1.37738494;UNKNOWN
2016-04-28T00:27:07.000000;2016-04-28T00:27:07.000000;db0c3adc-cf31-4068-be1f-7f2d40e34c90;443.97;0.36775051;UNKNOWN
2016-04-28T00:27:09.000000;2016-04-28T00:27:09.000000;62d6f9fd-8163-44e2-8d4d-bb64f7a43594;443.98;0.1;UNKNOWN
2016-04-28T00:27:10.000000;2016-04-28T00:27:10.000000;a7497e6e-8242-4eee-9214-7d9920540521;443.99;0.15475911;UNKNOWN
2016-04-28T00:27:11.000000;2016-04-28T00:27:11.000000;11876322-92cd-4a7d-a862-d481b5688c4e;443.99;0.15475911;UNKNOWN
2016-04-28T00:27:12.000000;2016-04-28T00:27:12.000000;5139bd62-1f9e-45fe-9666-cac7f511c821;443.97;0.02018597;UNKNOWN
2016-04-28T00:27:15.000000;2016-04-28T00:27:15.000000;6c245d9a-01ff-4d4e-b3a4-de1bdfed3f8e;443.98;0.98167251;UNKNOWN
2016-04-28T00:27:15.000000;2016-04-28T00:27:15.000000;7596e0ea-2a89-4c3a-abd9-d04625784fbc;443.97;0.20481403;UNKNOWN
2016-04-28T00:27:28.000000;2016-04-28T00:27:28.000000;4e4776f7-40fa-40d4-8956-2605a5985224;443.2;0.22499499;UNKNOWN
2016-04-28T00:27:28.000000;2016-04-28T00:27:28.000000;f509780a-ce1e-4cca-8496-01b28e4d6d20;443.19;4.35587499;UNKNOWN
2016-04-28T00:27:28.000000;2016-04-28T00:27:28.000000;8ba80d6e-f347-45e1-89cc-edba9d7efbb7;443.14;2.22114005;UNKNOWN
2016-04-28T00:27:31.000000;2016-04-28T00:27:31.000000;b915283a-454c-4684-b065-651d481b1165;443.97;0.075;UNKNOWN
2016-04-28T00:27:35.000000;2016-04-28T00:27:35.000000;ca141986-b9ac-4927-a401-c7dab5fa9f4b;443.67;4.281;UNKNOWN
2016-04-28T00:28:05.000000;2016-04-28T00:28:05.000000;c9214ea0-1ea5-43a0-ab7c-522eeed5360f;443.87;0.01289915;UNKNOWN
2016-04-28T00:28:12.000000;2016-04-28T00:28:12.000000;8c08164e-1fec-49c3-a951-3e9db23938ea;443.24;1.4;UNKNOWN
2016-04-28T00:28:14.000000;2016-04-28T00:28:14.000000;c3de20f1-b368-4757-a8e1-edeabd3c27a5;443.24;1.36;UNKNOWN
2016-04-28T00:28:23.000000;2016-04-28T00:28:23.000000;90679898-a1b6-47a8-bc50-02cb16527fb8;443.24;0.05;UNKNOWN
2016-04-28T00:28:55.000000;2016-04-28T00:28:55.000000;6c396009-311a-4504-a9e0-a6f0798056cc;443.52;6.97;UNKNOWN
2016-04-28T00:29:04.000000;2016-04-28T00:29:04.000000;e26577e9-4a81-4f7c-a3c0-278e5f7f8c93;443.52;5.0;UNKNOWN
2016-04-28T00:29:11.000000;2016-04-28T00:29:11.000000;a9eafaac-f475-4c86-803e-d2066cd3218d;443.24;0.45;UNKNOWN
2016-04-28T00:29:14.000000;2016-04-28T00:29:14.000000;a014767b-c09b-43ff-9168-a3091976747b;443.01;4.99;UNKNOWN
2016-04-28T00:29:15.000000;2016-04-28T00:29:15.000000;2b61c4cf-462e-4919-8677-5a324de575c9;442.68;0.12;UNKNOWN
2016-04-28T00:29:45.000000;2016-04-28T00:29:45.000000;83cd1890-e4b3-4eb7-9ae1-f1176cb0852c;442.66;1.0;UNKNOWN
2016-04-28T00:29:45.000000;2016-04-28T00:29:45.000000;fa65f02b-b312-48b3-a16b-9957f7801828;442.61;4.14;UNKNOWN
2016-04-28T00:29:46.000000;2016-04-28T00:29:46.000000;702f8828-5a7a-43cd-8adc-38f40fa777cd;442.0;10.0;UNKNOWN
2016-04-28T00:29:46.000000;2016-04-28T00:29:46.000000;816346d8-f6d3-4f4b-8f6d-973abfe0d60d;442.01;12.49;UNKNOWN
2016-04-28T00:29:46.000000;2016-04-28T00:29:46.000000;40b5e5aa-be58-428a-9d9b-925915f10328;441.54;12.40639392;UNKNOWN
2016-04-28T00:29:46.000000;2016-04-28T00:29:46.000000;43519469-2e04-45f9-a620-f6f45e617f2f;441.74;15.1267;UNKNOWN
2016-04-28T00:29:46.000000;2016-04-28T00:29:46.000000;691a1fd0-792a-4604-9530-1d73c474b3bc;441.55;13.9682;UNKNOWN
2016-04-28T00:29:46.000000;2016-04-28T00:29:46.000000;e07f707d-ceac-4a34-b8f4-d28ec642b0af;442.6;9.55870608;UNKNOWN
2016-04-28T00:29:46.000000;2016-04-28T00:29:46.000000;404763ac-9d22-4973-b466-25ba21b2e301;441.55;8.45;UNKNOWN
2016-04-28T00:29:48.000000;2016-04-28T00:29:48.000000;9949bb66-711c-4f33-9deb-e17f930a8597;441.32;0.075;UNKNOWN
2016-04-28T00:29:48.000000;2016-04-28T00:29:48.000000;383fffef-5a64-4e6d-b8cf-6768925e1021;441.3;14.7992;UNKNOWN
2016-04-28T00:29:50.000000;2016-04-28T00:29:50.000000;d65c35f0-256a-4552-b7b0-6b99ad46ca85;442.19;0.1;UNKNOWN
2016-04-28T00:29:58.000000;2016-04-28T00:29:58.000000;d1216a5b-fffd-46a4-a58a-a8d26fdca839;441.86;8.45;UNKNOWN
2016-04-28T00:29:58.000000;2016-04-28T00:29:58.000000;25d73c96-2428-4329-9c56-cd50bc05962c;441.86;7.55;UNKNOWN
2016-04-28T00:30:01.000000;2016-04-28T00:30:01.000000;484f68d5-26b8-4f7f-9343-2b5de0a1d3a6;441.76;0.27;UNKNOWN
2016-04-28T00:30:01.000000;2016-04-28T00:30:01.000000;23f3ac62-4100-4e52-ac19-84f9e9fb9b24;441.76;1.49;UNKNOWN
2016-04-28T00:30:02.000000;2016-04-28T00:30:02.000000;de80a382-1411-4f94-a80b-d07e85275198;441.26;0.02;UNKNOWN
2016-04-28T00:30:03.000000;2016-04-28T00:30:03.000000;075d64a9-1b50-4833-9bcf-cd3eb534c119;441.26;4.0;UNKNOWN
2016-04-28T00:30:07.000000;2016-04-28T00:30:07.000000;7f2204ca-76f3-4074-9e63-325b97e65d9f;441.2;4.03626473;UNKNOWN
2016-04-28T00:30:07.000000;2016-04-28T00:30:07.000000;a5aebc1e-2585-46a5-8bff-c35259efb42e;441.18;2.08;UNKNOWN
2016-04-28T00:30:07.000000;2016-04-28T00:30:07.000000;4db59978-9ecb-4dc2-91cd-a0c8b34eaf16;441.22;1.0091;UNKNOWN
2016-04-28T00:30:07.000000;2016-04-28T00:30:07.000000;edb3e67b-82a8-4683-80aa-fcbcc7c188bb;441.2;2.0;UNKNOWN
2016-04-28T00:30:07.000000;2016-04-28T00:30:07.000000;a0418963-fb20-4bc7-85a3-b3f976f43458;441.11;1.0;UNKNOWN
2016-04-28T00:30:07.000000;2016-04-28T00:30:07.000000;20b8b2d0-a4a0-4db8-b984-ca9068a449cf;441.1;45.37573527;UNKNOWN
2016-04-28T00:30:07.000000;2016-04-28T00:30:07.000000;d2b0b327-8ae0-4235-98f4-68ad0e5dfaff;441.25;5.0;UNKNOWN
2016-04-28T00:30:07.000000;2016-04-28T00:30:07.000000;fd2e285a-31dc-490b-bed9-cf7a8b4903ca;441.1;0.1;UNKNOWN
2016-04-28T00:30:07.000000;2016-04-28T00:30:07.000000;51dd4ef9-1bdf-428e-9fed-4c006df5076a;441.2;16.8594;UNKNOWN
2016-04-28T00:30:07.000000;2016-04-28T00:30:07.000000;89ed423c-d043-4353-b87c-668bd728ba38;441.22;0.4995;UNKNOWN
2016-04-28T00:30:08.000000;2016-04-28T00:30:08.000000;739b4ae1-69de-4e79-b403-dc345f69e54d;441.1;0.04449787;UNKNOWN
2016-04-28T00:30:10.000000;2016-04-28T00:30:10.000000;966c9a4f-052c-4325-8e81-424ca4597cb0;441.1;0.1;UNKNOWN
2016-04-28T00:30:10.000000;2016-04-28T00:30:10.000000;48cdf357-0799-4920-b162-8bb80fbc8508;441.1;44.57976686;UNKNOWN
2016-04-28T00:30:10.000000;2016-04-28T00:30:10.000000;d87327ab-f4a7-4060-8466-a10f35bd9365;441.0;0.1;UNKNOWN
2016-04-28T00:30:10.000000;2016-04-28T00:30:10.000000;b58c7cd8-0406-43eb-a870-0a3b9a47aa32;441.0;1.0;UNKNOWN
2016-04-28T00:30:10.000000;2016-04-28T00:30:10.000000;be801634-9c63-4e7a-8b7b-2815e2de192e;441.01;12.49;UNKNOWN
2016-04-28T00:30:10.000000;2016-04-28T00:30:10.000000;530aa06c-b9f9-4f92-b87c-3ae7e943fb5d;441.0;15.0;UNKNOWN
2016-04-28T00:30:10.000000;2016-04-28T00:30:10.000000;0f5e07ee-fa51-4e8d-bc9e-f9395729b556;441.0;3.84842343;UNKNOWN
2016-04-28T00:30:10.000000;2016-04-28T00:30:10.000000;bf2e06e1-8166-43c9-b013-c34b719ba5de;441.0;0.71287371;UNKNOWN
2016-04-28T00:30:10.000000;2016-04-28T00:30:10.000000;1051fd33-2ec6-40c3-bf6d-fb66a636bce7;441.21;0.0119;UNKNOWN
2016-04-28T00:30:10.000000;2016-04-28T00:30:10.000000;8aa2b100-aa7e-4302-9d48-c4d32cd5b624;441.1;0.05;UNKNOWN
2016-04-28T00:30:10.000000;2016-04-28T00:30:10.000000;0ca7a0fd-82b4-4ee8-b390-7ae21fb058dc;441.02;0.057036;UNKNOWN
2016-04-28T00:30:10.000000;2016-04-28T00:30:10.000000;2f5cdfc7-dd22-4a68-b51c-41a4f91485ff;441.09;0.01;UNKNOWN
2016-04-28T00:30:11.000000;2016-04-28T00:30:11.000000;57380e72-7744-46b0-9e62-99d1610c0d0a;441.0;77.96;UNKNOWN
2016-04-28T00:30:11.000000;2016-04-28T00:30:11.000000;8bc4afff-6577-4f4a-9d5a-1e63f5d0f927;441.0;77.96;UNKNOWN
2016-04-28T00:30:14.000000;2016-04-28T00:30:14.000000;6029230f-c745-4c0e-b371-b0c9aaffcc47;441.0;0.91;UNKNOWN
2016-04-28T00:30:14.000000;2016-04-28T00:30:14.000000;a91a3dd4-a6e5-4496-8acf-87142c7a3dd3;441.0;1.0;UNKNOWN
2016-04-28T00:30:16.000000;2016-04-28T00:30:16.000000;a6a0b515-a63e-442d-82f7-78ab66a19a50;441.0;0.13566873;UNKNOWN
2016-04-28T00:30:18.000000;2016-04-28T00:30:18.000000;eea5e736-b95e-4e58-8bc6-263db94717dc;441.0;1.0;UNKNOWN
2016-04-28T00:30:18.000000;2016-04-28T00:30:18.000000;4c433d2a-b2c2-4798-bef3-688506ec153f;441.0;141.32145756;UNKNOWN
2016-04-28T00:30:18.000000;2016-04-28T00:30:18.000000;efc64e79-60d7-4974-b73f-1c2bc22b7366;440.76;7.0;UNKNOWN
2016-04-28T00:30:18.000000;2016-04-28T00:30:18.000000;e86efa11-eba6-4664-bb80-7f993584983c;441.0;20.0;UNKNOWN
2016-04-28T00:30:18.000000;2016-04-28T00:30:18.000000;b6c87e59-0fe5-4031-8e17-9f60b63af927;440.71;10.0;UNKNOWN
2016-04-28T00:30:18.000000;2016-04-28T00:30:18.000000;15d8aae8-d6db-42f9-80a9-89305dbd3327;441.0;10.0;UNKNOWN
2016-04-28T00:30:18.000000;2016-04-28T00:30:18.000000;fbfe81f8-c23e-4eff-936f-a87f64deb374;441.0;20.0;UNKNOWN
2016-04-28T00:30:18.000000;2016-04-28T00:30:18.000000;375b5cf4-cfd7-473d-9e7d-6a469fdd943d;441.0;1.0;UNKNOWN
2016-04-28T00:30:18.000000;2016-04-28T00:30:18.000000;3abfd0d8-ef09-43b9-b15e-d422c3dc55e3;441.0;0.463;UNKNOWN
2016-04-28T00:30:18.000000;2016-04-28T00:30:18.000000;7675b626-d1ee-4d06-a14a-9a62f18b4d28;440.22;10.0;UNKNOWN
2016-04-28T00:30:18.000000;2016-04-28T00:30:18.000000;bac42396-eeda-40d8-8733-11a04bd6dccc;440.75;0.9075411;UNKNOWN
2016-04-28T00:30:18.000000;2016-04-28T00:30:18.000000;de96cad9-cbc2-4900-9260-2a092c9398b1;440.74;100.0;UNKNOWN
2016-04-28T00:30:18.000000;2016-04-28T00:30:18.000000;52adcf74-eab0-4b56-864e-ae612fffc591;440.19;0.02;UNKNOWN
2016-04-28T00:30:18.000000;2016-04-28T00:30:18.000000;ac5044e5-c4f3-443c-8c6f-257e7636a135;440.1;49.62134998;UNKNOWN
2016-04-28T00:30:18.000000;2016-04-28T00:30:18.000000;d9cfca9f-2f68-45c4-a5ba-d0274b57dd6c;440.5;0.1;UNKNOWN
2016-04-28T00:30:18.000000;2016-04-28T00:30:18.000000;7e1185a5-b948-438b-acaf-c9eaef109d26;440.45;100.0;UNKNOWN
2016-04-28T00:30:18.000000;2016-04-28T00:30:18.000000;84d425b3-9050-4248-bbdc-b6aecabe2e2a;440.55;2.0;UNKNOWN
2016-04-28T00:30:18.000000;2016-04-28T00:30:18.000000;91d7db57-5ae7-4562-bd7f-21c9797bd926;440.2;0.36197261;UNKNOWN
2016-04-28T00:30:18.000000;2016-04-28T00:30:18.000000;7122125a-dd8b-4b53-b621-46190da5649f;440.2;2.0;UNKNOWN
2016-04-28T00:30:18.000000;2016-04-28T00:30:18.000000;6e78a692-f21a-49de-acbe-e794e9ec5186;440.89;1.357303;UNKNOWN
2016-04-28T00:30:18.000000;2016-04-28T00:30:18.000000;449f2853-da9d-4fb4-8981-a2679ce73b61;440.56;10.0;UNKNOWN
2016-04-28T00:30:18.000000;2016-04-28T00:30:18.000000;e0eec615-13b6-41b1-af25-8c223af334ce;440.1;3.06758126;UNKNOWN
2016-04-28T00:30:18.000000;2016-04-28T00:30:18.000000;a4e68c46-c139-452f-b1fe-4eee53c71ea8;440.22;50.0;UNKNOWN
2016-04-28T00:30:18.000000;2016-04-28T00:30:18.000000;79664a18-cf7b-41a1-8c65-db347992037d;441.0;0.4817;UNKNOWN
2016-04-28T00:30:18.000000;2016-04-28T00:30:18.000000;e24d7b45-ec2a-478d-97d4-9274fe002a7d;440.6;20.0;UNKNOWN
2016-04-28T00:30:18.000000;2016-04-28T00:30:18.000000;263716b3-8bb8-4700-80f1-09753a147480;440.49;29.93235538;UNKNOWN
2016-04-28T00:30:18.000000;2016-04-28T00:30:18.000000;ad13db0d-4ec0-41f8-a5ef-1939f7c5697e;440.7;0.05;UNKNOWN
2016-04-28T00:30:18.000000;2016-04-28T00:30:18.000000;4601c020-0ac9-4ff2-a7c0-b9d98fcd4fbc;440.64;0.01;UNKNOWN
2016-04-28T00:30:18.000000;2016-04-28T00:30:18.000000;ef3507d4-83d5-4561-86b5-b10d2da130ed;440.6;90.0;UNKNOWN
2016-04-28T00:30:18.000000;2016-04-28T00:30:18.000000;d8b54b71-1202-439c-b0b3-84918c32de84;440.4;2.0;UNKNOWN
2016-04-28T00:30:18.000000;2016-04-28T00:30:18.000000;e757cd62-40ca-4490-8ccc-32e673da1ef6;441.0;1.622;UNKNOWN
2016-04-28T00:30:18.000000;2016-04-28T00:30:18.000000;a4e74c33-4b9a-43ec-8171-0884c82ee65c;440.4;20.0;UNKNOWN
2016-04-28T00:30:21.000000;2016-04-28T00:30:21.000000;9662a553-fdfd-449a-83d8-ee9b515c802d;440.11;0.37114512;UNKNOWN
2016-04-28T00:30:21.000000;2016-04-28T00:30:21.000000;fe0d11a2-9820-447e-9260-6f10a2a8a0b1;440.11;0.1;UNKNOWN
2016-04-28T00:30:24.000000;2016-04-28T00:30:24.000000;6b145762-a3c9-425b-b051-f1bca0e305af;440.03;0.07022;UNKNOWN
2016-04-28T00:30:24.000000;2016-04-28T00:30:24.000000;3192d684-8af3-44a2-8415-f69db2de25a1;440.0;1.0;UNKNOWN
2016-04-28T00:30:24.000000;2016-04-28T00:30:24.000000;72970ae2-beeb-46d8-b757-a57ee4b11319;440.1;0.075;UNKNOWN
2016-04-28T00:30:24.000000;2016-04-28T00:30:24.000000;49f76ecd-237a-4704-b17a-4a9f576dae16;440.0;1.0;UNKNOWN
2016-04-28T00:30:24.000000;2016-04-28T00:30:24.000000;567a939c-d434-49ef-a67d-973a31c77c5d;440.0;0.257;UNKNOWN
2016-04-28T00:30:24.000000;2016-04-28T00:30:24.000000;32e53148-56a1-4a2c-aedd-69edee75e8cb;440.0;1.7881;UNKNOWN
2016-04-28T00:30:24.000000;2016-04-28T00:30:24.000000;300c7894-a298-4583-838a-5080d1f53a29;440.0;0.01;UNKNOWN
2016-04-28T00:30:24.000000;2016-04-28T00:30:24.000000;e755824d-ea63-46e4-b951-3d4325cd3ea0;440.01;12.49;UNKNOWN
2016-04-28T00:30:24.000000;2016-04-28T00:30:24.000000;4227d950-4725-4dfc-84fb-da268b1bbe3e;440.0;8.28880291;UNKNOWN
2016-04-28T00:30:24.000000;2016-04-28T00:30:24.000000;d46d1144-ad90-4d0c-87a9-3a83eb1ef883;440.0;0.027;UNKNOWN
2016-04-28T00:30:24.000000;2016-04-28T00:30:24.000000;322fa9f1-a8de-4791-adf3-a0484ec890f3;440.11;1.53115488;UNKNOWN
2016-04-28T00:30:24.000000;2016-04-28T00:30:24.000000;ca797ead-d141-480f-bfbe-db49f38782b0;440.1;0.1;UNKNOWN
2016-04-28T00:30:24.000000;2016-04-28T00:30:24.000000;36ee1ac1-f13a-4526-952e-31074b6bea64;440.0;0.1734;UNKNOWN
2016-04-28T00:30:24.000000;2016-04-28T00:30:24.000000;b08ceabc-8446-43b2-8ac2-e99c3cf8d0de;440.05;1.0;UNKNOWN
2016-04-28T00:30:24.000000;2016-04-28T00:30:24.000000;32962e39-079a-41f4-93d2-ecd34c39ef18;440.0;0.011;UNKNOWN
2016-04-28T00:30:24.000000;2016-04-28T00:30:24.000000;d5f6c60e-5e65-4be2-aba7-24b9a640014b;440.1;40.37865002;UNKNOWN
2016-04-28T00:30:24.000000;2016-04-28T00:30:24.000000;1d7d7ce9-0868-4245-aa79-9ea6d54e2c0c;440.01;0.25;UNKNOWN
2016-04-28T00:30:24.000000;2016-04-28T00:30:24.000000;0b92d19e-e888-457d-a233-555841d3aa53;440.0;0.3;UNKNOWN
2016-04-28T00:30:24.000000;2016-04-28T00:30:24.000000;25297a4f-e007-479f-95ac-e26c5c041c54;440.0;2.0;UNKNOWN
2016-04-28T00:30:24.000000;2016-04-28T00:30:24.000000;c17a9f0f-fcf4-4e96-83f3-786a8abb9b05;440.0;1.0;UNKNOWN
2016-04-28T00:30:24.000000;2016-04-28T00:30:24.000000;8c7433e2-9f93-4d26-ba2a-20d229431abd;440.01;5.0;UNKNOWN
2016-04-28T00:30:27.000000;2016-04-28T00:30:27.000000;24663226-7691-4f24-83d8-bfbea4a6e91d;440.0;0.5;UNKNOWN
2016-04-28T00:30:27.000000;2016-04-28T00:30:27.000000;45671599-eca5-4d51-b805-754ebf1444f3;440.0;0.1174;UNKNOWN
2016-04-28T00:30:27.000000;2016-04-28T00:30:27.000000;65f2e9f4-63e1-4b96-b099-f7bc9f8f307f;440.0;0.106;UNKNOWN
2016-04-28T00:30:27.000000;2016-04-28T00:30:27.000000;c2b61574-5fd9-41ab-b748-915585cdc720;440.0;1.5;UNKNOWN
2016-04-28T00:30:27.000000;2016-04-28T00:30:27.000000;cd8bf510-fb13-4416-859f-ea69b0a8e0b8;440.0;0.5;UNKNOWN
2016-04-28T00:30:27.000000;2016-04-28T00:30:27.000000;97bf01d6-9788-4c5f-8470-e0d16a3864b0;440.0;1.0;UNKNOWN
2016-04-28T00:30:27.000000;2016-04-28T00:30:27.000000;432f8f28-f30b-41c1-bea6-51404f404c19;440.0;4.0;UNKNOWN
2016-04-28T00:30:27.000000;2016-04-28T00:30:27.000000;8c38887d-6b6c-4a84-b18e-c8854e8e37bc;440.0;0.01;UNKNOWN
2016-04-28T00:30:27.000000;2016-04-28T00:30:27.000000;ac00f69c-f406-4ce0-95dc-dfa04d7e56e2;440.0;10.71119709;UNKNOWN
2016-04-28T00:30:27.000000;2016-04-28T00:30:27.000000;33bfb240-9672-4f69-8e41-c753e72b6b73;440.0;1.0;UNKNOWN
2016-04-28T00:30:27.000000;2016-04-28T00:30:27.000000;debb2e8c-4d61-4e1e-9a15-1522cae93c4d;440.0;1.0;UNKNOWN
2016-04-28T00:30:27.000000;2016-04-28T00:30:27.000000;3b1f78c9-7b1a-4187-bd08-411586ea8cce;440.0;27.9;UNKNOWN
2016-04-28T00:30:27.000000;2016-04-28T00:30:27.000000;93e965eb-5da7-4866-8fff-52b231492428;440.0;2.0;UNKNOWN
2016-04-28T00:30:27.000000;2016-04-28T00:30:27.000000;7fe8651e-bff0-400a-91a7-c7ee28b9a40a;440.0;0.2;UNKNOWN
2016-04-28T00:30:27.000000;2016-04-28T00:30:27.000000;6f707a0e-e130-48f0-93b5-879098f085bf;440.0;10.0;UNKNOWN
2016-04-28T00:30:27.000000;2016-04-28T00:30:27.000000;cb2b1ee0-70d5-4360-8756-2e68064faead;440.0;2.0;UNKNOWN
2016-04-28T00:30:27.000000;2016-04-28T00:30:27.000000;fc50d961-2be7-431d-b7ea-d8a032665d78;440.0;0.25;UNKNOWN
2016-04-28T00:30:27.000000;2016-04-28T00:30:27.000000;eeb79369-73d1-4bf1-9a0a-cf77d9e8f2d7;440.0;171.10540291;UNKNOWN
2016-04-28T00:30:29.000000;2016-04-28T00:30:29.000000;1b979320-67f1-462c-ae92-1a28f8b0d0f3;440.12;0.501;UNKNOWN
2016-04-28T00:30:32.000000;2016-04-28T00:30:32.000000;ef152fae-cab1-44d6-83a6-401a433541e3;440.11;2.0;UNKNOWN
2016-04-28T00:30:34.000000;2016-04-28T00:30:34.000000;da6d8488-bebc-4eda-8ed0-20c7c71863dc;440.0;0.1;UNKNOWN
2016-04-28T00:30:37.000000;2016-04-28T00:30:37.000000;318152b7-af73-4ca6-8237-9379336f2170;440.09;2.34;UNKNOWN
2016-04-28T00:30:39.000000;2016-04-28T00:30:39.000000;84593355-6c40-4a49-b48d-5f2ee7b20ce5;440.01;2.0;UNKNOWN
2016-04-28T00:30:41.000000;2016-04-28T00:30:41.000000;f4242398-2399-479b-bff3-425ea04850cf;440.01;3.33;UNKNOWN
2016-04-28T00:30:42.000000;2016-04-28T00:30:42.000000;c17ac67d-41e0-42e1-9dc8-de1292127d35;440.01;5.95455862;UNKNOWN
2016-04-28T00:30:43.000000;2016-04-28T00:30:43.000000;d7c39a4a-c8ff-4f9f-a3d6-84cb010c2705;440.0;2.39;UNKNOWN
2016-04-28T00:30:44.000000;2016-04-28T00:30:44.000000;a8ff4408-92e9-4e5b-af50-99493cd5ca80;440.29;3.82268947;UNKNOWN
2016-04-28T00:30:44.000000;2016-04-28T00:30:44.000000;821d2145-b63a-4b67-8d43-58703379e476;440.07;16.4325;UNKNOWN
2016-04-28T00:30:45.000000;2016-04-28T00:30:45.000000;d74e0da1-e2d2-47d4-beb9-52f933d5af1a;440.29;0.6651373;UNKNOWN
2016-04-28T00:30:45.000000;2016-04-28T00:30:45.000000;1144fda1-541d-4f27-860e-d62945e86cd9;440.29;8.82448375;UNKNOWN
2016-04-28T00:30:46.000000;2016-04-28T00:30:46.000000;14680686-9aeb-43f6-8cfa-be6f3eb9283f;440.29;3.099;UNKNOWN
2016-04-28T00:30:46.000000;2016-04-28T00:30:46.000000;ae03d603-0769-43c0-9235-7c6efa8ef6f9;440.02;0.231;UNKNOWN
2016-04-28T00:30:47.000000;2016-04-28T00:30:47.000000;0058c952-4913-4c72-9a10-33643fa780c7;440.0;12.8984;UNKNOWN
2016-04-28T00:30:47.000000;2016-04-28T00:30:47.000000;f1bccd82-0e47-4c54-9e88-c9ee4f217480;440.01;2.0;UNKNOWN
2016-04-28T00:30:48.000000;2016-04-28T00:30:48.000000;b180fde7-0722-43a1-94a7-e1c52a64f856;440.0;5.8;UNKNOWN
2016-04-28T00:30:51.000000;2016-04-28T00:30:51.000000;19b3ffb4-e9bd-4793-b278-dfdf6dcde02d;440.0;14.8984;UNKNOWN
2016-04-28T00:30:51.000000;2016-04-28T00:30:51.000000;5f7c56b5-0efe-4315-903b-1a789dfab597;440.01;0.055;UNKNOWN
2016-04-28T00:30:52.000000;2016-04-28T00:30:52.000000;fcf8d995-6e0a-43eb-b4c1-4c5c41d8f90e;440.01;0.05;UNKNOWN
2016-04-28T00:30:52.000000;2016-04-28T00:30:52.000000;9f53bbe9-ce05-4204-b850-6bcbd998c7d9;440.01;0.19970715;UNKNOWN
2016-04-28T00:30:53.000000;2016-04-28T00:30:53.000000;bfcb2880-8792-49f4-8b17-c156ca9b438a;440.01;0.065;UNKNOWN
2016-04-28T00:30:55.000000;2016-04-28T00:30:55.000000;bbbf3703-0ccc-4fdd-909c-2ce408d0f54b;440.01;0.055;UNKNOWN
2016-04-28T00:30:56.000000;2016-04-28T00:30:56.000000;c690ebf0-d9aa-4e74-8f7f-8a4c2d79fcea;440.0;10.0;UNKNOWN
2016-04-28T00:30:56.000000;2016-04-28T00:30:56.000000;78d3cf57-c894-479f-a1d9-920913f09c19;440.0;9.16;UNKNOWN
2016-04-28T00:30:57.000000;2016-04-28T00:30:57.000000;037ee1f3-6aa5-4fef-b396-1d43f9eb3d98;440.01;0.01;UNKNOWN
2016-04-28T00:30:58.000000;2016-04-28T00:30:58.000000;2ae0ff39-3cfa-489c-950e-63767a300238;440.0;65.0;UNKNOWN
2016-04-28T00:30:58.000000;2016-04-28T00:30:58.000000;8131e37a-1ce3-4ccf-b197-88004d1cf667;440.0;1.0;UNKNOWN
2016-04-28T00:30:58.000000;2016-04-28T00:30:58.000000;c07a9d9d-a95a-42f0-91fd-9222668fb904;440.0;17.38;UNKNOWN
2016-04-28T00:30:58.000000;2016-04-28T00:30:58.000000;bf2c1ee2-f22b-4e89-a248-005b957ebeff;440.0;31.698;UNKNOWN
2016-04-28T00:30:59.000000;2016-04-28T00:30:59.000000;5e8bcfaa-21e1-48ef-9602-18e32a0dedab;440.01;7.7105;UNKNOWN
2016-04-28T00:31:00.000000;2016-04-28T00:31:00.000000;4b225231-9f75-4825-8af3-06fc54c9e454;440.0;0.2178;UNKNOWN
2016-04-28T00:31:00.000000;2016-04-28T00:31:00.000000;7f84f9e7-7047-4719-b69a-7f207ba389cb;440.0;0.22;UNKNOWN
2016-04-28T00:31:01.000000;2016-04-28T00:31:01.000000;b70898ab-1e16-4dea-a70f-f7e6771a08b5;440.01;0.101;UNKNOWN
2016-04-28T00:31:01.000000;2016-04-28T00:31:01.000000;c2e03d3b-0bef-46d2-a56a-30df75b681af;440.0;34.6863;UNKNOWN
2016-04-28T00:31:01.000000;2016-04-28T00:31:01.000000;046dc4f4-6aca-44ba-b8b1-edb7e8820d59;440.0;4.09;UNKNOWN
2016-04-28T00:31:02.000000;2016-04-28T00:31:02.000000;c37ec576-046d-4582-a61a-6316b7446c0b;440.0;3.567;UNKNOWN
2016-04-28T00:31:02.000000;2016-04-28T00:31:02.000000;e0067fb1-a644-4f5c-99a5-1d5de1e8cf61;440.01;0.02;UNKNOWN
2016-04-28T00:31:02.000000;2016-04-28T00:31:02.000000;38e64be2-06c1-4b70-8e8b-54db08401cb1;440.01;0.1002;UNKNOWN
2016-04-28T00:31:02.000000;2016-04-28T00:31:02.000000;3173263d-95a3-4cec-a412-beab27bb8330;440.01;1.00026326;UNKNOWN
2016-04-28T00:31:02.000000;2016-04-28T00:31:02.000000;de1b0b9a-2620-4750-8484-a4d7e396c362;440.0;3.228;UNKNOWN
2016-04-28T00:31:03.000000;2016-04-28T00:31:03.000000;03ce6bdd-fd1a-4282-a4df-ac8fa3f541d0;440.0;0.23;UNKNOWN
2016-04-28T00:31:03.000000;2016-04-28T00:31:03.000000;ab3c6beb-ad7a-4123-881d-23e40484c184;440.01;0.01;UNKNOWN
2016-04-28T00:31:03.000000;2016-04-28T00:31:03.000000;cf82ed7a-b257-4f42-871b-6b88c4132237;440.0;7.8;UNKNOWN
2016-04-28T00:31:03.000000;2016-04-28T00:31:03.000000;70074762-2716-4213-86e7-5885b589bfbe;440.0;0.22;UNKNOWN
2016-04-28T00:31:04.000000;2016-04-28T00:31:04.000000;f2f54a2b-30df-4c9c-9652-abbc995a8031;440.01;0.0431;UNKNOWN
2016-04-28T00:31:04.000000;2016-04-28T00:31:04.000000;c32357a2-9776-42ae-a4c7-695a0cbcd448;440.0;0.80258419;UNKNOWN
2016-04-28T00:31:04.000000;2016-04-28T00:31:04.000000;729c3687-1ca1-40ef-9f14-40c0a7cfca52;440.01;0.017;UNKNOWN
2016-04-28T00:31:04.000000;2016-04-28T00:31:04.000000;3b3c5df4-ae89-4b54-ba9a-b8a40f24a537;440.0;0.1;UNKNOWN
2016-04-28T00:31:05.000000;2016-04-28T00:31:05.000000;4b06acbc-1213-427f-ab6f-5aa891c191a2;440.01;0.018;UNKNOWN
2016-04-28T00:31:05.000000;2016-04-28T00:31:05.000000;53e4f49c-ffc4-4b9d-8295-55917f633e40;440.0;50.0;UNKNOWN
2016-04-28T00:31:05.000000;2016-04-28T00:31:05.000000;837f0339-b227-4195-acab-c756f1c84fa4;440.01;0.065;UNKNOWN
2016-04-28T00:31:05.000000;2016-04-28T00:31:05.000000;84169d21-2a87-49e9-a1ee-01e38c8ece51;440.01;0.02;UNKNOWN
2016-04-28T00:31:05.000000;2016-04-28T00:31:05.000000;5d65baa2-5a58-4579-86da-8c5c83612a65;440.01;0.05;UNKNOWN
2016-04-28T00:31:05.000000;2016-04-28T00:31:05.000000;02a08778-57a0-4263-bef1-0d972175de96;440.01;0.019;UNKNOWN
2016-04-28T00:31:05.000000;2016-04-28T00:31:05.000000;8746ef40-fb81-4239-90f6-257dfac28007;440.0;9.57;UNKNOWN
2016-04-28T00:31:06.000000;2016-04-28T00:31:06.000000;2327c09f-6b08-4c6d-ac2e-131ba2a79386;440.01;0.0235;UNKNOWN
2016-04-28T00:31:06.000000;2016-04-28T00:31:06.000000;e8dc19a2-4053-4c28-b466-edee7f74d285;440.0;14.8984;UNKNOWN
2016-04-28T00:31:06.000000;2016-04-28T00:31:06.000000;62c5f97e-650f-40a0-aa22-82d23a681289;440.01;0.016;UNKNOWN
2016-04-28T00:31:07.000000;2016-04-28T00:31:07.000000;7b139e60-43f7-45eb-96a2-163ce1f7360a;440.0;4.2102871;UNKNOWN
2016-04-28T00:31:07.000000;2016-04-28T00:31:07.000000;629ac083-9dfe-4fc1-b96a-011f4d1a3406;440.01;0.0367;UNKNOWN
2016-04-28T00:31:07.000000;2016-04-28T00:31:07.000000;59a611fa-3b84-481c-9cb5-efc5e428aa70;440.0;1.0;UNKNOWN
2016-04-28T00:31:07.000000;2016-04-28T00:31:07.000000;bd27ab74-9cd6-49f0-a8b4-7184b20b627e;440.0;1.0397129;UNKNOWN
2016-04-28T00:31:09.000000;2016-04-28T00:31:09.000000;acf65478-a838-4409-8605-b055e21697d1;440.0;0.2797129;UNKNOWN
2016-04-28T00:31:09.000000;2016-04-28T00:31:09.000000;5cafdf9b-aa09-4c23-8ce1-d8d305fedbac;440.01;0.015;UNKNOWN
2016-04-28T00:31:09.000000;2016-04-28T00:31:09.000000;2b7278d1-5ca3-44fb-96af-a5f00bbd51a3;440.0;20.5;UNKNOWN
2016-04-28T00:31:09.000000;2016-04-28T00:31:09.000000;af822786-d53c-42bb-848a-e9b24dff9974;440.0;28.5805871;UNKNOWN
2016-04-28T00:31:10.000000;2016-04-28T00:31:10.000000;a98348fb-dc05-4313-986b-9954ea317d21;440.01;0.016;UNKNOWN
2016-04-28T00:31:10.000000;2016-04-28T00:31:10.000000;131de99b-4e28-4b33-a1ba-087ae90c6e10;440.0;14.48;UNKNOWN
2016-04-28T00:31:12.000000;2016-04-28T00:31:12.000000;0a8c1539-b7ac-4a8d-bce5-277aab87f0b7;440.0;12.0928871;UNKNOWN
2016-04-28T00:31:12.000000;2016-04-28T00:31:12.000000;d54b96f1-eba3-4b38-8841-c3e77c38bff7;440.0;2.8055129;UNKNOWN
2016-04-28T00:31:12.000000;2016-04-28T00:31:12.000000;d78bf299-1e8f-4959-9aa5-b6d1137de41c;440.0;19.19;UNKNOWN
2016-04-28T00:31:12.000000;2016-04-28T00:31:12.000000;9d207a8d-30fe-4afd-a2bf-47ca28fc2443;440.0;34.9339;UNKNOWN
2016-04-28T00:31:14.000000;2016-04-28T00:31:14.000000;87b07090-460e-4f22-8311-5b4ff1c57e21;440.0;2.5;UNKNOWN
2016-04-28T00:31:14.000000;2016-04-28T00:31:14.000000;014492ba-9ebb-4ee6-b318-8797b443f147;440.0;0.5;UNKNOWN
2016-04-28T00:31:14.000000;2016-04-28T00:31:14.000000;fa1eb361-d632-48e4-8ef6-c9ddf6b14e62;440.0;0.48;UNKNOWN
2016-04-28T00:31:14.000000;2016-04-28T00:31:14.000000;0ba94922-ca5a-4793-8428-c6a34a0a6abe;440.0;4.0;UNKNOWN
2016-04-28T00:31:14.000000;2016-04-28T00:31:14.000000;36befc4a-a947-4f4b-bfce-720a8eebe520;440.0;7.4271129;UNKNOWN
2016-04-28T00:31:14.000000;2016-04-28T00:31:14.000000;384d0c09-d874-4176-8060-6e510f3cb3db;440.0;2.0;UNKNOWN
2016-04-28T00:31:14.000000;2016-04-28T00:31:14.000000;f4bc6467-2204-4055-ac14-a4b0fdf7ba02;440.0;12.1036871;UNKNOWN
2016-04-28T00:31:15.000000;2016-04-28T00:31:15.000000;39f120a8-8c28-4b55-9507-030fff981df3;440.0;0.5;UNKNOWN
2016-04-28T00:31:15.000000;2016-04-28T00:31:15.000000;5ea5c546-2754-47fa-8517-b60699e46e0a;440.0;1.0;UNKNOWN
2016-04-28T00:31:15.000000;2016-04-28T00:31:15.000000;73d1d2ae-fc16-4c97-9a31-22dc83b00ea4;440.0;0.01;UNKNOWN
2016-04-28T00:31:15.000000;2016-04-28T00:31:15.000000;7703c29e-70e9-43c7-bb11-a1812d5e1621;440.0;7.8963129;UNKNOWN
2016-04-28T00:31:16.000000;2016-04-28T00:31:16.000000;92759f1b-3262-4531-aa32-8fa46b61e83e;439.94;0.1;UNKNOWN
2016-04-28T00:31:17.000000;2016-04-28T00:31:17.000000;212d1ea8-0264-4647-8d7a-7dd0955736df;439.94;0.01365171;UNKNOWN
2016-04-28T00:31:17.000000;2016-04-28T00:31:17.000000;b092d83c-3d1e-4b0c-b640-efef3c4db393;439.82;10.0;UNKNOWN
2016-04-28T00:31:19.000000;2016-04-28T00:31:19.000000;dade04fe-aded-4aee-a9ff-9027c4f4c686;439.83;0.0137;UNKNOWN
2016-04-28T00:31:20.000000;2016-04-28T00:31:20.000000;f514fb49-d565-4f6a-959d-66ef067b3ba1;439.56;0.25;UNKNOWN
2016-04-28T00:31:20.000000;2016-04-28T00:31:20.000000;ca5b03e3-0b0b-4d72-aee5-35bfdf7de8a8;439.69;0.5;UNKNOWN
2016-04-28T00:31:20.000000;2016-04-28T00:31:20.000000;d1878b2d-7788-4dc5-9a78-71bdd84c5030;439.6;10.0;UNKNOWN
2016-04-28T00:31:20.000000;2016-04-28T00:31:20.000000;f8c1a92e-f77d-4a4b-af02-99051433edd0;439.7;0.08;UNKNOWN
2016-04-28T00:31:20.000000;2016-04-28T00:31:20.000000;8d65b7bc-6736-4069-b488-aad08e836ba6;439.58;0.01;UNKNOWN
2016-04-28T00:31:20.000000;2016-04-28T00:31:20.000000;c3072070-c619-461f-b358-5947cce315e2;439.44;0.02;UNKNOWN
2016-04-28T00:31:20.000000;2016-04-28T00:31:20.000000;8eda56f5-8289-4449-ae3a-d70a08994bf0;439.43;3.66860097;UNKNOWN
2016-04-28T00:31:20.000000;2016-04-28T00:31:20.000000;b84438df-d4ff-469b-ac4c-baebffef5d45;439.51;0.01139903;UNKNOWN
2016-04-28T00:31:20.000000;2016-04-28T00:31:20.000000;91e65e7e-9626-4344-b296-8f3eebd7c362;439.5;0.3;UNKNOWN
2016-04-28T00:31:21.000000;2016-04-28T00:31:21.000000;34bca501-45d7-4fd8-b212-929165e57257;439.43;0.38392162;UNKNOWN
2016-04-28T00:31:21.000000;2016-04-28T00:31:21.000000;d00a1ea5-db74-4821-abee-20bc6e427ba8;439.1;0.131198;UNKNOWN
2016-04-28T00:31:21.000000;2016-04-28T00:31:21.000000;41b556d7-cd09-4a4f-b137-b62cd7d24e53;439.66;0.0137204;UNKNOWN
2016-04-28T00:31:21.000000;2016-04-28T00:31:21.000000;1d4ed40d-c043-4224-82a9-5f31059615ef;439.3;3.0;UNKNOWN
2016-04-28T00:31:21.000000;2016-04-28T00:31:21.000000;efc680f8-c985-4fd1-a1f9-456b4370e6d3;439.0;1.0;UNKNOWN
2016-04-28T00:31:21.000000;2016-04-28T00:31:21.000000;07ccffe4-ab4b-4d54-bc07-21bed874f067;439.0;1.0;UNKNOWN
2016-04-28T00:31:21.000000;2016-04-28T00:31:21.000000;1a450b00-75e7-4a83-b68d-8dbd902912a9;439.22;0.18334591;UNKNOWN
2016-04-28T00:31:21.000000;2016-04-28T00:31:21.000000;26f41648-ab83-4bde-9dce-878a4561b881;439.0;6.0;UNKNOWN
2016-04-28T00:31:21.000000;2016-04-28T00:31:21.000000;c881dcc1-1c82-4b55-88be-aa6c63e08019;439.13;1.43273247;UNKNOWN
2016-04-28T00:31:21.000000;2016-04-28T00:31:21.000000;0dbd4135-53c9-4243-817c-f62634adb3d6;439.0;2.5;UNKNOWN
2016-04-28T00:31:21.000000;2016-04-28T00:31:21.000000;6345e853-bac0-43ca-94fc-e33abd98694b;439.0;0.3;UNKNOWN
2016-04-28T00:31:21.000000;2016-04-28T00:31:21.000000;9fbd41ef-4cbd-4a6d-b153-5225371b0b22;439.01;12.49;UNKNOWN
2016-04-28T00:31:21.000000;2016-04-28T00:31:21.000000;5a1883c1-5ff6-4b0b-b747-c5ad4edcac1a;439.0;0.0898;UNKNOWN
2016-04-28T00:31:21.000000;2016-04-28T00:31:21.000000;207c843d-2716-4331-9f4a-0f5ba014dc7b;439.1;0.1;UNKNOWN
2016-04-28T00:31:21.000000;2016-04-28T00:31:21.000000;f7a9cfc9-544a-42c5-9d7b-ea9d37af8759;439.13;0.56726753;UNKNOWN
2016-04-28T00:31:21.000000;2016-04-28T00:31:21.000000;5be7949d-451f-45b7-845b-44500a89249b;439.0;3.32173447;UNKNOWN
2016-04-28T00:31:21.000000;2016-04-28T00:31:21.000000;4b9863da-ab62-419f-8843-b9ed602583fe;439.0;1.0;UNKNOWN
2016-04-28T00:31:21.000000;2016-04-28T00:31:21.000000;e429f71e-2f05-4cda-9000-53cac97724d1;439.25;5.0;UNKNOWN
2016-04-28T00:31:23.000000;2016-04-28T00:31:23.000000;59f56dca-e705-4857-baa6-fe848eb54cef;439.0;0.5;UNKNOWN
2016-04-28T00:31:24.000000;2016-04-28T00:31:24.000000;c9685292-d648-46a8-9f48-5b15b78fcef6;438.42;0.11;UNKNOWN
2016-04-28T00:31:24.000000;2016-04-28T00:31:24.000000;e3ee03b3-3b2a-4b57-927d-ecd0684a517e;438.89;5.9438;UNKNOWN
2016-04-28T00:31:24.000000;2016-04-28T00:31:24.000000;12d37d96-2a1c-48a1-9d36-3dd42d4148ca;438.54;0.01;UNKNOWN
2016-04-28T00:31:24.000000;2016-04-28T00:31:24.000000;e9e4b6e1-ce8d-4260-8a91-85127db31455;438.88;3.0;UNKNOWN
2016-04-28T00:31:24.000000;2016-04-28T00:31:24.000000;c9655b14-b014-4d99-80ff-b00dbb88b783;438.3;1.44883447;UNKNOWN
2016-04-28T00:31:24.000000;2016-04-28T00:31:24.000000;1c628a33-42f5-406f-8475-869753b806d6;438.31;0.5;UNKNOWN
2016-04-28T00:31:24.000000;2016-04-28T00:31:24.000000;5c49f74b-b894-477a-9381-4d8a49c194b5;438.82;10.0;UNKNOWN
2016-04-28T00:31:24.000000;2016-04-28T00:31:24.000000;e82c5455-0906-4866-8fd0-5fe11295782a;439.0;5.0;UNKNOWN
2016-04-28T00:31:24.000000;2016-04-28T00:31:24.000000;5926aee8-a9a4-4baf-80c0-c7fbb7cc9c5a;439.0;20.0;UNKNOWN
2016-04-28T00:31:24.000000;2016-04-28T00:31:24.000000;30ac54de-c933-4ed8-a11d-2b651f9232cd;438.5;0.3;UNKNOWN
2016-04-28T00:31:24.000000;2016-04-28T00:31:24.000000;e3d2b8a6-a3c2-45a7-81ab-dc37775caabe;439.0;3.0;UNKNOWN
2016-04-28T00:31:24.000000;2016-04-28T00:31:24.000000;ff23fa8a-f1e9-4e4b-b87d-7aa157b44a78;438.75;0.999;UNKNOWN
2016-04-28T00:31:24.000000;2016-04-28T00:31:24.000000;e59a55c2-c6c9-4a8c-acbe-81ddbcc2e570;438.95;0.0101;UNKNOWN
2016-04-28T00:31:24.000000;2016-04-28T00:31:24.000000;8828c588-2235-44b7-8f55-73819646ac7b;439.0;42.67826553;UNKNOWN
2016-04-28T00:31:24.000000;2016-04-28T00:31:24.000000;82f17fe0-c689-4301-bb98-b4d5100a33f8;439.0;4.0;UNKNOWN
2016-04-28T00:31:24.000000;2016-04-28T00:31:24.000000;6efbc202-90c0-4ad0-bff9-dcb9a377c655;439.0;3.0;UNKNOWN
2016-04-28T00:31:24.000000;2016-04-28T00:31:24.000000;17ab448d-aed7-4086-9c4d-cad19f438ed1;439.0;1.0;UNKNOWN
2016-04-28T00:31:25.000000;2016-04-28T00:31:25.000000;df64a5e7-070d-471d-bcd4-43e9b83a4334;438.15;0.1785;UNKNOWN
2016-04-28T00:31:25.000000;2016-04-28T00:31:25.000000;ea439ba9-4c4c-430f-8843-7bf8560aa383;438.3;0.55116553;UNKNOWN
2016-04-28T00:31:25.000000;2016-04-28T00:31:25.000000;d4861e3a-4434-4d45-93a7-20e591cd40b7;438.12;3.92360108;UNKNOWN
2016-04-28T00:31:25.000000;2016-04-28T00:31:25.000000;a5eae749-af44-49b4-a1f6-5b7889cbf023;438.1;0.1053251;UNKNOWN
2016-04-28T00:31:25.000000;2016-04-28T00:31:25.000000;da831863-a9a5-4b08-962d-c13de6bc03be;438.1;0.1;UNKNOWN
2016-04-28T00:31:25.000000;2016-04-28T00:31:25.000000;5c7eda7a-b3d5-4939-92e5-f98cf869b949;438.09;0.14140829;UNKNOWN
2016-04-28T00:31:26.000000;2016-04-28T00:31:26.000000;f1c6e66b-00fa-4e00-9558-5f5030687bec;439.0;0.32268769;UNKNOWN
2016-04-28T00:31:26.000000;2016-04-28T00:31:26.000000;2ea3e244-88f8-42e6-87c5-3fca4624bc7c;438.09;0.5;UNKNOWN
2016-04-28T00:31:28.000000;2016-04-28T00:31:28.000000;15b0c4c1-4da6-4397-ab5b-8d8513631582;438.0;21.07187829;UNKNOWN
2016-04-28T00:31:28.000000;2016-04-28T00:31:28.000000;672aaf39-4858-41b9-80b1-fed09baa0d57;438.0;0.025;UNKNOWN
2016-04-28T00:31:28.000000;2016-04-28T00:31:28.000000;e3c1bfb7-17b9-4ea9-bf7d-109bc0051bcf;438.0;46.95117829;UNKNOWN
2016-04-28T00:31:28.000000;2016-04-28T00:31:28.000000;6c6e0107-fbb4-496a-b23d-8e7c60143f32;438.01;12.49;UNKNOWN
2016-04-28T00:31:28.000000;2016-04-28T00:31:28.000000;1bf240bf-422e-43d1-988f-756ff8069506;438.09;50.0;UNKNOWN
2016-04-28T00:31:28.000000;2016-04-28T00:31:28.000000;008e6710-296d-4aae-a736-119ef349bb3c;438.09;3.0;UNKNOWN
2016-04-28T00:31:28.000000;2016-04-28T00:31:28.000000;6704a37d-4542-4971-9e84-f848e9e0b63d;438.0;11.08187829;UNKNOWN
2016-04-28T00:31:28.000000;2016-04-28T00:31:28.000000;9a835dc2-5324-4e05-b468-c6868b433df4;438.0;40.0;UNKNOWN
2016-04-28T00:31:28.000000;2016-04-28T00:31:28.000000;5ce1a260-b825-4971-96ec-efc2aec8d6cb;438.0;2.5;UNKNOWN
2016-04-28T00:31:28.000000;2016-04-28T00:31:28.000000;494a8ac3-7eb6-4e23-80a2-6f98dd80ed59;438.0;15.0;UNKNOWN
2016-04-28T00:31:28.000000;2016-04-28T00:31:28.000000;6aa680d8-ea1f-4468-b091-b49096bb50c0;438.09;80.0;UNKNOWN
2016-04-28T00:31:28.000000;2016-04-28T00:31:28.000000;db577620-67ef-4a25-b1ba-c6dd2e81fdc1;438.0;1.0;UNKNOWN
2016-04-28T00:31:28.000000;2016-04-28T00:31:28.000000;134cb3b1-7d53-4997-84f6-f4d1e2517662;438.0;3.04882171;UNKNOWN
2016-04-28T00:31:28.000000;2016-04-28T00:31:28.000000;1a760b0a-a126-4cf0-b753-12dc190ed50e;438.0;0.1;UNKNOWN
2016-04-28T00:31:28.000000;2016-04-28T00:31:28.000000;619c1df8-4466-4a69-88f5-ac0dae735689;438.0;0.5;UNKNOWN
2016-04-28T00:31:28.000000;2016-04-28T00:31:28.000000;cde53cab-f782-4119-ac5e-f3f191d8e729;438.05;15.0;UNKNOWN
2016-04-28T00:31:28.000000;2016-04-28T00:31:28.000000;ce09cdc4-a7b6-4bdc-877c-a2cf13143ecb;438.09;66.35859171;UNKNOWN
2016-04-28T00:31:28.000000;2016-04-28T00:31:28.000000;ae351db7-1c4f-43c9-a991-88984a4a03ee;438.03;0.09023;UNKNOWN
2016-04-28T00:31:28.000000;2016-04-28T00:31:28.000000;f806eb72-90ad-4217-b085-17b5da5fae2b;438.0;0.01;UNKNOWN
2016-04-28T00:31:28.000000;2016-04-28T00:31:28.000000;398749b8-dcf6-4232-9301-67fd68ea96e7;438.0;1.0;UNKNOWN
2016-04-28T00:31:28.000000;2016-04-28T00:31:28.000000;648ea781-0f84-4548-aac1-a4554d2a5925;438.0;3.91812171;UNKNOWN
2016-04-28T00:31:28.000000;2016-04-28T00:31:28.000000;8151e861-0dc9-4df7-bf05-92af463fed24;438.09;50.0;UNKNOWN
2016-04-28T00:31:31.000000;2016-04-28T00:31:31.000000;0742416b-2262-4b9c-a7d3-cd8288669de4;438.0;9.0;UNKNOWN
2016-04-28T00:31:31.000000;2016-04-28T00:31:31.000000;66c03dc8-18a4-44a6-aad5-20c92e77168c;438.04;0.21593988;UNKNOWN
2016-04-28T00:31:32.000000;2016-04-28T00:31:32.000000;bd493903-3042-46e4-9819-7a014120a885;438.0;12.55312171;UNKNOWN
2016-04-28T00:31:32.000000;2016-04-28T00:31:32.000000;ccf52254-66bc-427b-9f6a-3f137ed477d6;438.04;0.02;UNKNOWN
2016-04-28T00:31:32.000000;2016-04-28T00:31:32.000000;2f017c58-0228-4701-a810-c5dd160b59d0;438.0;17.44687829;UNKNOWN
2016-04-28T00:31:32.000000;2016-04-28T00:31:32.000000;0648812c-2ca8-4122-bc0f-488a7c910418;438.0;17.33;UNKNOWN
2016-04-28T00:31:33.000000;2016-04-28T00:31:33.000000;ef7059e8-56cd-439f-a2d2-f723c2059090;438.0;1.0;UNKNOWN
2016-04-28T00:31:34.000000;2016-04-28T00:31:34.000000;859b9f9d-2aa0-4d59-a376-d643adf802d5;438.0;0.55312171;UNKNOWN
2016-04-28T00:31:34.000000;2016-04-28T00:31:34.000000;b9b073a0-cc6f-486d-af83-a30fe36130ea;438.0;13.80747829;UNKNOWN
2016-04-28T00:31:34.000000;2016-04-28T00:31:34.000000;68e8ff6f-d219-4067-a675-722510bdb01a;438.0;1.0;UNKNOWN
2016-04-28T00:31:34.000000;2016-04-28T00:31:34.000000;7e3e5d5f-c60a-4be7-a05d-8ff8fe760abe;438.0;10.0;UNKNOWN
2016-04-28T00:31:34.000000;2016-04-28T00:31:34.000000;ac8e20c0-3987-4acf-a573-5862bb28d80c;438.0;20.0;UNKNOWN
2016-04-28T00:31:34.000000;2016-04-28T00:31:34.000000;5912155e-16d6-4baf-8377-940a4306d774;438.0;1.0;UNKNOWN
2016-04-28T00:31:35.000000;2016-04-28T00:31:35.000000;bebe271d-912b-40ad-a428-26f4bc3af834;437.19;0.02;UNKNOWN
2016-04-28T00:31:35.000000;2016-04-28T00:31:35.000000;2db30f87-152d-4c29-9c8c-37d8afe10133;437.5;10.0;UNKNOWN
2016-04-28T00:31:35.000000;2016-04-28T00:31:35.000000;333b02bd-e9d1-4ac7-b18a-6c8bdb435308;437.0;0.4;UNKNOWN
2016-04-28T00:31:35.000000;2016-04-28T00:31:35.000000;1aa58561-ddeb-4d51-92e0-ca079ede5f7c;436.44;16.2234;UNKNOWN
2016-04-28T00:31:35.000000;2016-04-28T00:31:35.000000;3bbe85c3-6d9e-48bd-885b-0b752d98fd42;436.6;0.3921;UNKNOWN
2016-04-28T00:31:35.000000;2016-04-28T00:31:35.000000;429051c4-ee22-49cb-9085-15e17f3b66d3;437.3;0.1;UNKNOWN
2016-04-28T00:31:35.000000;2016-04-28T00:31:35.000000;a43164c2-3260-415f-bd4d-5d2eaa9aa6ba;436.6;0.18444615;UNKNOWN
2016-04-28T00:31:35.000000;2016-04-28T00:31:35.000000;2247981d-71c6-48a2-953d-3a99774da482;437.5;0.1;UNKNOWN
2016-04-28T00:31:35.000000;2016-04-28T00:31:35.000000;54c9dc4c-a8ed-42ea-9538-ca506b0bceec;437.0;0.5267;UNKNOWN
2016-04-28T00:31:35.000000;2016-04-28T00:31:35.000000;fabb8b51-49fd-4341-811b-d8723388a45f;437.0;0.5;UNKNOWN
2016-04-28T00:31:35.000000;2016-04-28T00:31:35.000000;14f17383-4213-46fb-9b25-d0a91180feac;438.0;1.17252171;UNKNOWN
2016-04-28T00:31:35.000000;2016-04-28T00:31:35.000000;8cd940a7-14b5-4c19-b8f7-e8ac8b3eba03;437.43;4.07105137;UNKNOWN
2016-04-28T00:31:35.000000;2016-04-28T00:31:35.000000;0ea60179-05c0-478b-ac18-4ecabf282f3f;437.9;0.1;UNKNOWN
2016-04-28T00:31:35.000000;2016-04-28T00:31:35.000000;4b09d969-0531-4e5b-a005-ea283b0f229f;437.5;0.25;UNKNOWN
2016-04-28T00:31:35.000000;2016-04-28T00:31:35.000000;b1ca659b-7e2b-409b-a013-b951dbc3374a;437.5;1.0;UNKNOWN
2016-04-28T00:31:35.000000;2016-04-28T00:31:35.000000;e60caeac-bb83-4a42-ada4-034c8b3e8188;437.4;0.1;UNKNOWN
2016-04-28T00:31:35.000000;2016-04-28T00:31:35.000000;969db8e4-dc72-46f9-b3b5-115c0d8a84fd;437.01;12.49;UNKNOWN
2016-04-28T00:31:35.000000;2016-04-28T00:31:35.000000;fe87bcc1-05b4-44c2-8ad8-8b07ac7625d0;437.0;0.1;UNKNOWN
2016-04-28T00:31:35.000000;2016-04-28T00:31:35.000000;edf15df4-052a-4b8b-a321-3e33e57a97ae;437.0;3.0;UNKNOWN
2016-04-28T00:31:35.000000;2016-04-28T00:31:35.000000;49398161-2233-431a-bba9-845e69741f29;437.4;20.0;UNKNOWN
2016-04-28T00:31:35.000000;2016-04-28T00:31:35.000000;85b18bbe-dde6-40e7-9b36-8e752ba1c2aa;437.0;4.0;UNKNOWN
2016-04-28T00:31:35.000000;2016-04-28T00:31:35.000000;1846c8b7-fcb9-487f-bd78-e571b8c64fbb;436.25;5.79955224;UNKNOWN
2016-04-28T00:31:35.000000;2016-04-28T00:31:35.000000;47d5bcb9-511a-46e3-9b0a-5bf9c7d1a3b7;437.37;10.0;UNKNOWN
2016-04-28T00:31:35.000000;2016-04-28T00:31:35.000000;454fc272-573f-4f2a-bd23-032f6de09cf7;437.0;50.06077308;UNKNOWN
2016-04-28T00:31:35.000000;2016-04-28T00:31:35.000000;716cb023-4914-421b-8e1f-0e9e4da8b8ea;436.43;6.17;UNKNOWN
2016-04-28T00:31:35.000000;2016-04-28T00:31:35.000000;f060cd5b-a8cc-46e0-9a8f-120e5129492c;437.0;3.0;UNKNOWN
2016-04-28T00:31:35.000000;2016-04-28T00:31:35.000000;1ba42b31-2683-4f90-a5d3-92aae49f6ab1;436.58;5.88;UNKNOWN
2016-04-28T00:31:35.000000;2016-04-28T00:31:35.000000;d63a7df9-a304-40f1-8f4c-52db5358dfdb;436.34;5.0;UNKNOWN
2016-04-28T00:31:35.000000;2016-04-28T00:31:35.000000;9659c980-c96e-46df-931b-c7438fc2f983;437.1;0.1;UNKNOWN
2016-04-28T00:31:35.000000;2016-04-28T00:31:35.000000;af6e63e1-1c97-4480-b0d2-d50ebd9ca0c1;437.14;1.9104;UNKNOWN
2016-04-28T00:31:35.000000;2016-04-28T00:31:35.000000;8d50d2b6-6f3f-47b8-ba19-e5081f96079a;437.9;0.02;UNKNOWN
2016-04-28T00:31:35.000000;2016-04-28T00:31:35.000000;033a58db-c4b8-42f8-85df-d4caa4a6b7b1;437.11;1.0;UNKNOWN
2016-04-28T00:31:35.000000;2016-04-28T00:31:35.000000;bb94b50c-f803-4890-af80-154fcbd0c957;437.2;0.1;UNKNOWN
2016-04-28T00:31:35.000000;2016-04-28T00:31:35.000000;d5adb751-5419-48c2-bd0a-30b089ee9e89;437.8;0.1;UNKNOWN
2016-04-28T00:31:35.000000;2016-04-28T00:31:35.000000;41971b35-568c-4c28-b649-bdfa4fef20dd;436.69;0.572;UNKNOWN
2016-04-28T00:31:35.000000;2016-04-28T00:31:35.000000;4646511b-dfe0-4af6-abe2-ae68adcfeec9;437.51;3.0;UNKNOWN
2016-04-28T00:31:35.000000;2016-04-28T00:31:35.000000;972d7016-7e45-417a-ae78-0adefdeaba48;437.0;4.0;UNKNOWN
2016-04-28T00:31:35.000000;2016-04-28T00:31:35.000000;e3be8066-4d81-4a3e-acfd-e14440daa704;437.5;5.0;UNKNOWN
2016-04-28T00:31:35.000000;2016-04-28T00:31:35.000000;3ba9d8d0-63e4-41ac-8dd8-6be44a547468;437.06;12.0;UNKNOWN
2016-04-28T00:31:35.000000;2016-04-28T00:31:35.000000;1ecdd260-1846-403c-82e4-ee588ffb389d;436.65;0.32359896;UNKNOWN
2016-04-28T00:31:35.000000;2016-04-28T00:31:35.000000;9bfe9f06-1174-45a5-9a41-78b285c5844e;437.0;20.0;UNKNOWN
2016-04-28T00:31:35.000000;2016-04-28T00:31:35.000000;c5b5d1ad-7533-4c0a-89c8-2d8ff2309a5f;437.63;0.6;UNKNOWN
2016-04-28T00:31:35.000000;2016-04-28T00:31:35.000000;3e2470cc-65ad-424a-b0b7-dafa6a335907;437.0;24.93922692;UNKNOWN
2016-04-28T00:31:35.000000;2016-04-28T00:31:35.000000;6d7d1849-3153-4112-9dd6-91c164e619d0;437.73;0.5901;UNKNOWN
2016-04-28T00:31:35.000000;2016-04-28T00:31:35.000000;d943d4f3-9030-4149-aa57-5264fe9cb032;437.91;0.01;UNKNOWN
2016-04-28T00:31:35.000000;2016-04-28T00:31:35.000000;0683becf-f6da-4c69-94fd-f1425dd89ff0;437.55;25.0;UNKNOWN
2016-04-28T00:31:35.000000;2016-04-28T00:31:35.000000;aa33f35d-e026-488e-ab20-a8daaa8add7f;437.69;0.5;UNKNOWN
2016-04-28T00:31:35.000000;2016-04-28T00:31:35.000000;4ea753ce-1ba1-4f62-8e1e-ba25b9ec5e19;436.84;0.25;UNKNOWN
2016-04-28T00:31:35.000000;2016-04-28T00:31:35.000000;83af58c1-9ec9-47ab-8c0d-f749452dbac5;437.6;0.1;UNKNOWN
2016-04-28T00:31:35.000000;2016-04-28T00:31:35.000000;4ddb22c1-6a18-41d9-a62e-273c136239ff;436.68;2.0;UNKNOWN
2016-04-28T00:31:35.000000;2016-04-28T00:31:35.000000;56996a49-3890-48e5-91b2-ef51492620b5;437.7;0.1;UNKNOWN
2016-04-28T00:31:35.000000;2016-04-28T00:31:35.000000;3781d8ce-ca1f-492c-82e6-33215a1ccafa;438.0;8.67747829;UNKNOWN
2016-04-28T00:31:35.000000;2016-04-28T00:31:35.000000;6677008f-2c5b-4b36-b6f5-f6cf6eeddf97;438.0;0.15;UNKNOWN
2016-04-28T00:31:35.000000;2016-04-28T00:31:35.000000;d77a307d-f360-430c-818e-5ad61f2f9796;438.0;10.0;UNKNOWN
2016-04-28T00:31:35.000000;2016-04-28T00:31:35.000000;f4dee659-b409-4bfe-8bcb-4e30b6f4d393;437.0;0.2438;UNKNOWN
2016-04-28T00:31:35.000000;2016-04-28T00:31:35.000000;00546385-d1b4-4484-a191-0cd8308aac11;437.0;13.0;UNKNOWN
2016-04-28T00:31:35.000000;2016-04-28T00:31:35.000000;1b8e131b-7648-4a87-a257-b70eec0588be;437.0;50.0;UNKNOWN
2016-04-28T00:31:35.000000;2016-04-28T00:31:35.000000;bc03f647-26e7-4007-8ff7-8b05b7a7bf5c;438.0;0.19252171;UNKNOWN
2016-04-28T00:31:35.000000;2016-04-28T00:31:35.000000;ab044970-90a2-4ae7-85e6-cebfdf654a2f;437.0;3.0;UNKNOWN
2016-04-28T00:31:35.000000;2016-04-28T00:31:35.000000;3b509ebd-f877-46d8-bafe-5babe280b56f;436.7;0.32311597;UNKNOWN
2016-04-28T00:31:35.000000;2016-04-28T00:31:35.000000;5035bef6-9d72-4e49-a800-f1a76a2310f0;436.92;0.060296;UNKNOWN
2016-04-28T00:31:35.000000;2016-04-28T00:31:35.000000;36cfaaf8-721c-4ef3-95e0-ada0b8887c69;436.91;2.0;UNKNOWN
2016-04-28T00:31:35.000000;2016-04-28T00:31:35.000000;8e043ee7-8c1c-4bdb-a4ae-9f3ba9cd664f;437.0;1.0;UNKNOWN
2016-04-28T00:31:35.000000;2016-04-28T00:31:35.000000;503d6034-31bc-4951-bd1f-c24f211cc87d;436.88;3.0;UNKNOWN
2016-04-28T00:31:36.000000;2016-04-28T00:31:36.000000;b00579dd-6f7c-4f9c-9212-515015763c4a;437.78;0.32353569;UNKNOWN
2016-04-28T00:31:36.000000;2016-04-28T00:31:36.000000;3fcc3a87-72df-4056-8455-4a44519c6cf5;436.25;0.5;UNKNOWN
2016-04-28T00:31:37.000000;2016-04-28T00:31:37.000000;7dba0d0b-1196-41e0-bbb5-da0d639d9913;437.78;0.19159621;UNKNOWN
2016-04-28T00:31:37.000000;2016-04-28T00:31:37.000000;f2838439-e79a-46a9-a408-72050be4258e;436.25;0.5;UNKNOWN
2016-04-28T00:31:37.000000;2016-04-28T00:31:37.000000;e7a9e9bb-61bd-435d-853f-5b2283eb9794;437.78;0.07974371;UNKNOWN
2016-04-28T00:31:37.000000;2016-04-28T00:31:37.000000;09b1ff53-8898-46b9-814e-885d9a133364;437.78;1.1468;UNKNOWN
2016-04-28T00:31:39.000000;2016-04-28T00:31:39.000000;ba6433b8-65d4-4916-92d7-9ce32e8bb29b;436.2;1.0;UNKNOWN
2016-04-28T00:31:39.000000;2016-04-28T00:31:39.000000;b86114b5-54fe-4f22-ae79-3a9abeacbd4b;436.22;0.4788;UNKNOWN
2016-04-28T00:31:39.000000;2016-04-28T00:31:39.000000;74e7623f-aaf3-4704-b5bf-cf00a1ef5a4b;437.26;2.85;UNKNOWN
2016-04-28T00:31:39.000000;2016-04-28T00:31:39.000000;8f96d22e-1298-40fe-82a1-3451790f6f0f;436.16;0.3238594;UNKNOWN
2016-04-28T00:31:40.000000;2016-04-28T00:31:40.000000;018a699a-8e50-4f5b-b357-bbcd44d8b48c;436.16;1.0;UNKNOWN
2016-04-28T00:31:40.000000;2016-04-28T00:31:40.000000;d5285a23-0e8e-497e-8c0b-4f51a5ad013b;436.16;0.50147761;UNKNOWN
2016-04-28T00:31:43.000000;2016-04-28T00:31:43.000000;9760f360-cf95-43c6-a236-eb35244ab1a1;436.01;12.49;UNKNOWN
2016-04-28T00:31:43.000000;2016-04-28T00:31:43.000000;a20a604f-0e72-4c81-928a-e9dfda2ddc24;436.05;1.0;UNKNOWN
2016-04-28T00:31:43.000000;2016-04-28T00:31:43.000000;dbfdef5c-b1dc-403f-906e-3bb87787e4b4;436.0;1.1;UNKNOWN
2016-04-28T00:31:43.000000;2016-04-28T00:31:43.000000;0ad3c2cd-eff4-4087-8c19-ba06353bb694;436.1;14.60853147;UNKNOWN
2016-04-28T00:31:43.000000;2016-04-28T00:31:43.000000;697bcd5d-07ee-413c-a7d2-c789e9bf00c5;436.0;3.2;UNKNOWN
2016-04-28T00:31:43.000000;2016-04-28T00:31:43.000000;9ac3a3da-315c-4471-b0c8-0a7b12da01ad;436.01;0.021;UNKNOWN
2016-04-28T00:31:43.000000;2016-04-28T00:31:43.000000;5bd497c3-9faa-44de-adef-c29fb9ddc44c;436.0;0.01;UNKNOWN
2016-04-28T00:31:43.000000;2016-04-28T00:31:43.000000;cf0dec1e-5d27-46a0-be99-f2c9f311f32e;436.0;2.0116;UNKNOWN
2016-04-28T00:31:43.000000;2016-04-28T00:31:43.000000;d66f86a9-080b-42e0-8b06-3fb7ebe67cfa;436.0;0.5;UNKNOWN
2016-04-28T00:31:43.000000;2016-04-28T00:31:43.000000;6643e8ea-ed78-47d5-aa70-8fc92c18a705;436.0;0.158;UNKNOWN
2016-04-28T00:31:43.000000;2016-04-28T00:31:43.000000;4212c586-c8c6-420f-8df8-c17e76459fcf;436.0;50.0;UNKNOWN
2016-04-28T00:31:43.000000;2016-04-28T00:31:43.000000;028239ac-0838-49d1-a2e6-8be053ec8c03;435.99;26.1074;UNKNOWN
2016-04-28T00:31:43.000000;2016-04-28T00:31:43.000000;015c2f81-4a40-48a8-a130-a79e7c6eb7ff;435.2;2.0;UNKNOWN
2016-04-28T00:31:43.000000;2016-04-28T00:31:43.000000;a2bca542-104e-40a3-a734-dd7836c132ba;435.67;11.6238;UNKNOWN
2016-04-28T00:31:43.000000;2016-04-28T00:31:43.000000;bc0e6cd6-5e91-45eb-8a67-8de178e3e73a;435.2;2.17753147;UNKNOWN
2016-04-28T00:31:43.000000;2016-04-28T00:31:43.000000;63aa1115-b6af-4f3c-b168-49d6a660d247;436.0;19.03546853;UNKNOWN
2016-04-28T00:31:43.000000;2016-04-28T00:31:43.000000;9f6b2c2e-4da4-4e21-b560-2b96df027db3;436.0;20.0;UNKNOWN
2016-04-28T00:31:43.000000;2016-04-28T00:31:43.000000;c1e15bae-a224-4f91-beab-c91a25a0fba5;436.0;6.0;UNKNOWN
2016-04-28T00:31:43.000000;2016-04-28T00:31:43.000000;27488c6c-ccc3-4354-8348-94c4a9f7b18d;435.98;1.0;UNKNOWN
2016-04-28T00:31:43.000000;2016-04-28T00:31:43.000000;9fb47ee2-99b1-4e27-93fe-4d8adf9bb24a;436.0;1.65453147;UNKNOWN
2016-04-28T00:31:43.000000;2016-04-28T00:31:43.000000;518083b4-cf5e-451b-8040-152de2e4c066;436.16;1.0;UNKNOWN
2016-04-28T00:31:43.000000;2016-04-28T00:31:43.000000;1b0a3a49-8b73-4303-8548-43a217c1cd17;436.0;2.0;UNKNOWN
2016-04-28T00:31:43.000000;2016-04-28T00:31:43.000000;9cfb0575-c9df-4ac0-abb8-0e2269438da0;435.2;0.04;UNKNOWN
2016-04-28T00:31:43.000000;2016-04-28T00:31:43.000000;056932b9-1ef9-4d11-9935-d117831e397e;435.2;2.0;UNKNOWN
2016-04-28T00:31:43.000000;2016-04-28T00:31:43.000000;47fbe231-35b9-422e-ba4e-48608f2f2302;435.5;0.744;UNKNOWN
2016-04-28T00:31:43.000000;2016-04-28T00:31:43.000000;61eed19b-4775-4188-8b1a-6eeda8a2c41d;435.24;30.0;UNKNOWN
2016-04-28T00:31:43.000000;2016-04-28T00:31:43.000000;2c6a84ff-30c1-4512-b6eb-79c697c0547e;435.56;8.22;UNKNOWN
2016-04-28T00:31:43.000000;2016-04-28T00:31:43.000000;745a92af-20e6-4f5c-b643-2fcb226eaa4e;435.75;0.1571;UNKNOWN
2016-04-28T00:31:43.000000;2016-04-28T00:31:43.000000;e728c669-983b-4f40-b5fd-5ab61f7b72bb;436.0;0.1;UNKNOWN
2016-04-28T00:31:43.000000;2016-04-28T00:31:43.000000;58e280b9-f5ba-4337-a3a3-53728803050d;435.25;2.0;UNKNOWN
2016-04-28T00:31:43.000000;2016-04-28T00:31:43.000000;4ba925f3-e87a-4849-bb83-5def3724f1d7;436.1;0.39146853;UNKNOWN
2016-04-28T00:31:43.000000;2016-04-28T00:31:43.000000;3ed39f0e-74a1-4611-b905-1a87697b385e;435.92;30.0;UNKNOWN
2016-04-28T00:31:43.000000;2016-04-28T00:31:43.000000;a4cd7efa-5a1f-4b52-a952-38840e81f871;436.1;0.1;UNKNOWN
2016-04-28T00:31:43.000000;2016-04-28T00:31:43.000000;ac984d77-bddc-4fc6-b62c-92721df76c26;435.3;0.1;UNKNOWN
2016-04-28T00:31:43.000000;2016-04-28T00:31:43.000000;ece3e2b8-44b0-47fb-806a-4c56ba88c9ba;435.32;0.2;UNKNOWN
2016-04-28T00:31:43.000000;2016-04-28T00:31:43.000000;dce4ddf1-0ff3-4aab-b617-5df0f2d7c604;435.25;8.23;UNKNOWN
2016-04-28T00:31:43.000000;2016-04-28T00:31:43.000000;a771b708-7808-4f1c-826f-36541367ab5c;435.46;1.98;UNKNOWN
2016-04-28T00:31:43.000000;2016-04-28T00:31:43.000000;05717433-7d56-43df-bf7b-d8e3a41d9ba8;435.41;17.0247;UNKNOWN
2016-04-28T00:31:43.000000;2016-04-28T00:31:43.000000;76b1ac76-ecad-4951-9504-b00e159e90b4;435.55;15.0;UNKNOWN
2016-04-28T00:31:43.000000;2016-04-28T00:31:43.000000;ec927d4d-82f9-487b-9140-800e8f4271ce;435.54;0.4;UNKNOWN
2016-04-28T00:31:43.000000;2016-04-28T00:31:43.000000;7b9687f3-1850-42ac-96f1-87f376b399d8;436.1;4.5634;UNKNOWN
2016-04-28T00:31:43.000000;2016-04-28T00:31:43.000000;11dfb5ab-d1b7-4c32-8d65-47852a18a05a;436.0;1.0;UNKNOWN
2016-04-28T00:31:45.000000;2016-04-28T00:31:45.000000;6bbf9a76-4e7b-4824-9816-50ef0f19c045;436.15;0.03556903;UNKNOWN
2016-04-28T00:31:45.000000;2016-04-28T00:31:45.000000;d6efbaec-b169-4883-b309-04aaca5ceb81;435.2;1.0;UNKNOWN
2016-04-28T00:31:46.000000;2016-04-28T00:31:46.000000;4999db09-1f95-411b-adad-464157b78438;436.15;0.32661402;UNKNOWN
2016-04-28T00:31:47.000000;2016-04-28T00:31:47.000000;b4c0e3da-bfa6-4503-8823-e3ef3ae102bf;436.05;0.0729098;UNKNOWN
2016-04-28T00:31:47.000000;2016-04-28T00:31:47.000000;34d0a762-656c-4e94-9fbd-0ff1f18ebd0a;435.2;14.73586853;UNKNOWN
2016-04-28T00:31:47.000000;2016-04-28T00:31:47.000000;29ed7066-a7e3-4c8c-b435-e148cfc59b4f;435.19;0.576;UNKNOWN
2016-04-28T00:31:47.000000;2016-04-28T00:31:47.000000;53781bd5-77ad-4972-b7a4-c95dac4490db;435.05;12.5;UNKNOWN
2016-04-28T00:31:47.000000;2016-04-28T00:31:47.000000;0c4515b9-4eb3-4011-9bc9-e262d98fdcb2;435.39;16.5466;UNKNOWN
2016-04-28T00:31:47.000000;2016-04-28T00:31:47.000000;6454c453-9a9e-4cbf-b6dc-614b2d92c6fd;435.1;0.1;UNKNOWN
2016-04-28T00:31:47.000000;2016-04-28T00:31:47.000000;e9939c87-0fe0-4694-a8cb-862110cd0217;435.05;11.81774395;UNKNOWN
2016-04-28T00:31:47.000000;2016-04-28T00:31:47.000000;608b5768-2db2-415f-9a42-94313aafe62c;435.09;0.01;UNKNOWN
2016-04-28T00:31:47.000000;2016-04-28T00:31:47.000000;619d1b6b-7bdb-4f8e-aa7d-560a636fa8b0;435.05;1.0;UNKNOWN
2016-04-28T00:31:49.000000;2016-04-28T00:31:49.000000;39bc8d9d-5363-4d83-9b90-2ee863406486;435.05;14.78361162;UNKNOWN
2016-04-28T00:31:49.000000;2016-04-28T00:31:49.000000;e9c29add-1f77-4bf3-ae89-8066c814127a;435.58;0.11478838;UNKNOWN
2016-04-28T00:31:50.000000;2016-04-28T00:31:50.000000;3aa6eb4a-fc6e-40d7-8976-20945c90f8bb;435.02;1.0;UNKNOWN
2016-04-28T00:31:50.000000;2016-04-28T00:31:50.000000;0cb21f61-0103-4f74-9448-e23b60ead28e;435.02;0.09022;UNKNOWN
2016-04-28T00:31:50.000000;2016-04-28T00:31:50.000000;b9532cbb-92ee-460e-8679-77c327574cec;436.03;0.0738194;UNKNOWN
2016-04-28T00:31:50.000000;2016-04-28T00:31:50.000000;fe9bf9c4-7551-420b-b2b0-0c0031abe3d6;435.05;0.85258426;UNKNOWN
2016-04-28T00:31:50.000000;2016-04-28T00:31:50.000000;9a7b8df5-877f-4f2c-bf13-5bf02ff8c7e8;435.05;25.0;UNKNOWN
2016-04-28T00:31:50.000000;2016-04-28T00:31:50.000000;6338d36f-a238-49e6-8168-d3227c5145d1;435.02;0.05719574;UNKNOWN
2016-04-28T00:31:50.000000;2016-04-28T00:31:50.000000;38134d42-9a0c-4f26-9f0b-92479f06d5d1;435.05;0.3;UNKNOWN
2016-04-28T00:31:50.000000;2016-04-28T00:31:50.000000;4a2c5096-a9e0-4ced-8c44-9f9c349eba78;435.05;0.49486017;UNKNOWN
2016-04-28T00:31:51.000000;2016-04-28T00:31:51.000000;b138143b-61fd-4a42-b718-b6e16ee018bd;436.02;1.0;UNKNOWN
2016-04-28T00:31:52.000000;2016-04-28T00:31:52.000000;77ff4c6e-94a1-4076-9984-405c93c0d34e;435.06;3.0;UNKNOWN
2016-04-28T00:31:52.000000;2016-04-28T00:31:52.000000;fc57da7f-d827-4fa0-8252-b1a076d88ce0;436.02;0.12088076;UNKNOWN
2016-04-28T00:31:53.000000;2016-04-28T00:31:53.000000;70d78461-0a2a-452b-b154-24e4108c8fd5;436.02;10.0;UNKNOWN
2016-04-28T00:31:53.000000;2016-04-28T00:31:53.000000;a78f34b9-1c16-4da1-9ffe-044703598bb7;436.02;1.0;UNKNOWN
2016-04-28T00:31:53.000000;2016-04-28T00:31:53.000000;5329ad53-e75d-4db1-94a3-1a98355291d7;435.18;8.0;UNKNOWN
2016-04-28T00:31:53.000000;2016-04-28T00:31:53.000000;894a5b82-0627-4bb3-b643-aecfe0fefef8;436.02;0.02050989;UNKNOWN
2016-04-28T00:31:54.000000;2016-04-28T00:31:54.000000;c96110e6-8d68-43a5-a5cb-c09d95c965d2;435.06;8.5;UNKNOWN
2016-04-28T00:31:54.000000;2016-04-28T00:31:54.000000;8f7b1862-ef1d-4c8e-ab26-83274c4f9c3c;435.67;17.7322;UNKNOWN
2016-04-28T00:31:54.000000;2016-04-28T00:31:54.000000;e22e8967-9dde-4ba3-8b39-05f06fde65a4;435.46;19.4227;UNKNOWN
2016-04-28T00:31:54.000000;2016-04-28T00:31:54.000000;4cfc5777-2978-4330-9ca2-32b972cd460c;435.67;2.0;UNKNOWN
2016-04-28T00:31:54.000000;2016-04-28T00:31:54.000000;a2e6a5d4-ceac-4c78-b138-95060e89ebd4;435.18;11.4834;UNKNOWN
2016-04-28T00:31:54.000000;2016-04-28T00:31:54.000000;348a246b-6e3d-40f6-938a-19e6a068f340;435.06;42.8617;UNKNOWN
2016-04-28T00:31:56.000000;2016-04-28T00:31:56.000000;e687c771-e4e5-497e-8e8e-c4b292c0e6f7;436.0;1.0;UNKNOWN
2016-04-28T00:31:57.000000;2016-04-28T00:31:57.000000;ca4894dc-2f12-4183-8843-4dc95fc56de0;435.98;0.1;UNKNOWN
2016-04-28T00:31:57.000000;2016-04-28T00:31:57.000000;ddf03123-d74e-4fef-be64-21cd03747405;435.98;1.0;UNKNOWN
2016-04-28T00:31:58.000000;2016-04-28T00:31:58.000000;577fc8d3-8491-4910-b3f6-a9ae11d3efa9;435.88;0.10800467;UNKNOWN
2016-04-28T00:31:58.000000;2016-04-28T00:31:58.000000;1c94e9b1-3137-4026-8fc3-00abc830a005;435.45;0.89199533;UNKNOWN
2016-04-28T00:31:58.000000;2016-04-28T00:31:58.000000;3acbc513-0f0c-45ca-818d-67aa59d29a6d;435.88;1.88199533;UNKNOWN
2016-04-28T00:31:59.000000;2016-04-28T00:31:59.000000;589bbcff-c256-482f-815f-91aa3b17f194;436.04;1.0;UNKNOWN
2016-04-28T00:32:00.000000;2016-04-28T00:32:00.000000;5ac4346a-5741-4a62-a6c5-0fad3dc88e3d;435.07;8.16;UNKNOWN
2016-04-28T00:32:00.000000;2016-04-28T00:32:00.000000;93732163-1e80-40fc-ac2a-1dd92b87ed86;435.0;0.5;UNKNOWN
2016-04-28T00:32:00.000000;2016-04-28T00:32:00.000000;5da98e06-9e60-4597-a964-060cd7728033;435.45;17.56480467;UNKNOWN
2016-04-28T00:32:00.000000;2016-04-28T00:32:00.000000;cf3bd5e2-f7f2-421b-a7ac-770d8ccf8675;435.02;0.4;UNKNOWN
2016-04-28T00:32:00.000000;2016-04-28T00:32:00.000000;c46654af-7931-41e8-a1af-251d51a60a15;435.01;12.49;UNKNOWN
2016-04-28T00:32:00.000000;2016-04-28T00:32:00.000000;640b17f6-55ea-42ef-9f7f-b033e56cc78a;435.02;11.84;UNKNOWN
2016-04-28T00:32:00.000000;2016-04-28T00:32:00.000000;dc4b5f20-dd8c-4168-9a97-b0022868f71c;435.2;18.6342;UNKNOWN
2016-04-28T00:32:00.000000;2016-04-28T00:32:00.000000;1287d099-ec27-43ec-bd0e-9837fa87f757;435.06;0.26283;UNKNOWN
2016-04-28T00:32:00.000000;2016-04-28T00:32:00.000000;d3b32986-a573-4b0c-86f1-cf5f5085f7e7;435.0;1.0;UNKNOWN
2016-04-28T00:32:00.000000;2016-04-28T00:32:00.000000;16119e21-89de-402b-b508-9518f5b5fc40;435.0;0.0141;UNKNOWN
2016-04-28T00:32:00.000000;2016-04-28T00:32:00.000000;c993801c-c7a8-49c1-b59a-0e3baa85fc66;435.0;0.01012;UNKNOWN
2016-04-28T00:32:00.000000;2016-04-28T00:32:00.000000;193b030f-06f0-4cad-babf-3ff1fadbbd2b;435.01;0.25;UNKNOWN
2016-04-28T00:32:00.000000;2016-04-28T00:32:00.000000;4973ebd7-25e4-418b-96c5-2f4fdf531c68;435.0;0.0420931;UNKNOWN
2016-04-28T00:32:00.000000;2016-04-28T00:32:00.000000;60ae4174-d70b-493f-85dc-b8fecc074082;435.0;1.0;UNKNOWN
2016-04-28T00:32:00.000000;2016-04-28T00:32:00.000000;00dd3984-b47b-4e76-94e0-b8cdaf1dc75c;435.0;0.01;UNKNOWN
2016-04-28T00:32:00.000000;2016-04-28T00:32:00.000000;39186204-832f-43ce-af43-9c8595e854f7;435.0;0.2;UNKNOWN
2016-04-28T00:32:00.000000;2016-04-28T00:32:00.000000;9be4629b-4db6-4d4a-bc7c-8c1d4dbf64d0;435.0;0.028;UNKNOWN
2016-04-28T00:32:00.000000;2016-04-28T00:32:00.000000;c08a526e-1a2d-46e1-9825-05be753ec77e;435.0;2.0;UNKNOWN
2016-04-28T00:32:00.000000;2016-04-28T00:32:00.000000;86fba8aa-a5e7-4f93-93b7-708a7d37396d;435.0;1.0;UNKNOWN
2016-04-28T00:32:00.000000;2016-04-28T00:32:00.000000;aafdb982-3d63-41c4-8db4-f51b4a168462;435.0;1.0;UNKNOWN
2016-04-28T00:32:00.000000;2016-04-28T00:32:00.000000;c983f524-b404-4558-8186-cfca55137e78;435.0;0.25;UNKNOWN
2016-04-28T00:32:00.000000;2016-04-28T00:32:00.000000;2de8c1eb-1aef-4658-90c7-0dd154cd2f3c;435.0;58.57382072;UNKNOWN
2016-04-28T00:32:01.000000;2016-04-28T00:32:01.000000;cd44e4fe-e6bf-439c-adb8-6eb5f73efedd;436.04;0.1002;UNKNOWN
2016-04-28T00:32:01.000000;2016-04-28T00:32:01.000000;57df1857-7bec-4139-a2e6-2d7514c40120;436.04;1.0;UNKNOWN
2016-04-28T00:32:01.000000;2016-04-28T00:32:01.000000;748713f8-6a6d-4896-8a1a-56801adb4f6b;436.04;2.1835;UNKNOWN
2016-04-28T00:32:02.000000;2016-04-28T00:32:02.000000;3e8c7489-9689-426a-b540-227f55b4102e;435.99;0.08184064;UNKNOWN
2016-04-28T00:32:02.000000;2016-04-28T00:32:02.000000;da4f236c-dbf0-41a6-a0d0-df75ae99a2fa;435.99;0.04472491;UNKNOWN
2016-04-28T00:32:03.000000;2016-04-28T00:32:03.000000;7a23e9c0-a718-49f6-adfa-0b30b492ffa9;435.46;0.4;UNKNOWN
2016-04-28T00:32:03.000000;2016-04-28T00:32:03.000000;ed78b9b2-3afa-47be-8e07-11dfcbe7a306;435.99;0.01;UNKNOWN
2016-04-28T00:32:03.000000;2016-04-28T00:32:03.000000;6ff44caf-0f88-4384-ac29-f57b9994c2b2;435.18;4.48946285;UNKNOWN
2016-04-28T00:32:04.000000;2016-04-28T00:32:04.000000;388a2093-f702-498e-93eb-258b527082b2;435.86;0.019;UNKNOWN
2016-04-28T00:32:04.000000;2016-04-28T00:32:04.000000;3ac888a3-92f1-43c1-a8a6-6db96a3a380d;435.86;0.02;UNKNOWN
2016-04-28T00:32:04.000000;2016-04-28T00:32:04.000000;c4a8574d-1287-4f81-b5e1-d59c3fe149c0;435.86;0.02408;UNKNOWN
2016-04-28T00:32:04.000000;2016-04-28T00:32:04.000000;bb571f12-6eb4-4067-bbdf-dd7393e5ccf4;435.86;0.017;UNKNOWN
2016-04-28T00:32:04.000000;2016-04-28T00:32:04.000000;b1bdbec5-8d72-49f8-9760-f1b34f224c93;435.86;0.05;UNKNOWN
2016-04-28T00:32:04.000000;2016-04-28T00:32:04.000000;0b2daaaf-4111-43b8-898d-075b89d5d521;435.86;0.018;UNKNOWN
2016-04-28T00:32:06.000000;2016-04-28T00:32:06.000000;1cc91949-0691-4676-b656-c44cba2aff15;435.86;0.18785528;UNKNOWN
2016-04-28T00:32:06.000000;2016-04-28T00:32:06.000000;f6f340a3-0ca0-425a-9861-7a09e4a55619;435.86;0.449418;UNKNOWN
2016-04-28T00:32:06.000000;2016-04-28T00:32:06.000000;fc6ec80c-f5d4-46a2-b05d-76c60205d9a8;435.86;1.0;UNKNOWN
2016-04-28T00:32:06.000000;2016-04-28T00:32:06.000000;9c2ddaf3-f95f-4cec-97ac-fd0e383c2d0b;435.86;0.04369368;UNKNOWN
2016-04-28T00:32:06.000000;2016-04-28T00:32:06.000000;a8aada29-98e3-43f7-ba1d-d08ba47a1d34;435.86;0.02;UNKNOWN
2016-04-28T00:32:07.000000;2016-04-28T00:32:07.000000;788b8621-f721-461f-81f0-2c86f9751cfc;435.86;0.2;UNKNOWN
2016-04-28T00:32:07.000000;2016-04-28T00:32:07.000000;02c87614-5eec-4f1d-88e2-908818bcde11;435.86;0.016;UNKNOWN
2016-04-28T00:32:07.000000;2016-04-28T00:32:07.000000;0e6d7140-55d5-48cb-9f40-368687b1481f;435.86;0.17921191;UNKNOWN
2016-04-28T00:32:08.000000;2016-04-28T00:32:08.000000;5e3739ac-9f90-4386-8404-230bc710b4eb;435.86;0.5;UNKNOWN
2016-04-28T00:32:08.000000;2016-04-28T00:32:08.000000;21cb288c-e7b2-4387-9057-51f162f197df;435.86;10.0;UNKNOWN
2016-04-28T00:32:09.000000;2016-04-28T00:32:09.000000;4b47017f-1ae1-4ebb-98cc-15b8f5c82aea;435.86;5.0;UNKNOWN
2016-04-28T00:32:10.000000;2016-04-28T00:32:10.000000;e629791a-29b7-416f-8c35-8a2d8a82b23f;435.86;1.0;UNKNOWN
2016-04-28T00:32:10.000000;2016-04-28T00:32:10.000000;ac44620b-2886-4b56-943d-3631375991dd;435.69;10.0;UNKNOWN
2016-04-28T00:32:11.000000;2016-04-28T00:32:11.000000;2b02d221-86ce-423d-9f27-685bc7b57dc7;435.86;0.501;UNKNOWN
2016-04-28T00:32:12.000000;2016-04-28T00:32:12.000000;a37b188a-216c-4040-bed7-12301f39f6b2;435.85;0.231;UNKNOWN
2016-04-28T00:32:12.000000;2016-04-28T00:32:12.000000;0e63a0ae-3a90-4834-856c-8b29fcaaf6b0;435.86;0.769;UNKNOWN
2016-04-28T00:32:16.000000;2016-04-28T00:32:16.000000;4de8899f-5f8c-48dd-b89e-a6a5a5f5e480;435.85;0.0334046;UNKNOWN
2016-04-28T00:32:18.000000;2016-04-28T00:32:18.000000;7a18d455-dd40-4525-a00d-ecd4c2c7e777;435.85;4.636;UNKNOWN
2016-04-28T00:32:19.000000;2016-04-28T00:32:19.000000;89d0c0a7-e57d-4973-97d9-e7f2f31b7f13;435.85;0.04;UNKNOWN
2016-04-28T00:32:20.000000;2016-04-28T00:32:20.000000;b72d0287-1946-4566-9b94-6cb05d44ebd9;435.85;1.0;UNKNOWN
2016-04-28T00:32:20.000000;2016-04-28T00:32:20.000000;3b84b524-6777-4c91-be24-c5606857e113;435.85;5.7094046;UNKNOWN
2016-04-28T00:32:20.000000;2016-04-28T00:32:20.000000;8d06b8ce-be1f-432e-98ff-aea63c1b9bae;435.85;4.2905954;UNKNOWN
2016-04-28T00:32:21.000000;2016-04-28T00:32:21.000000;aee7ba72-b1e4-40b0-94f5-a99a17241749;435.86;0.01;UNKNOWN
2016-04-28T00:32:21.000000;2016-04-28T00:32:21.000000;0d6357d8-6383-4034-aed2-2448813cbcb4;435.69;1.1;UNKNOWN
2016-04-28T00:32:21.000000;2016-04-28T00:32:21.000000;81bb88c2-6048-4c11-b416-a6700e0aa6b3;435.7;0.4;UNKNOWN
2016-04-28T00:32:22.000000;2016-04-28T00:32:22.000000;bba8b0d2-75bd-4744-be43-7b40244c1170;435.69;0.8;UNKNOWN
2016-04-28T00:32:22.000000;2016-04-28T00:32:22.000000;d06a81cd-ba32-4877-8ff1-dd86460c288b;435.86;0.0854734;UNKNOWN
2016-04-28T00:32:23.000000;2016-04-28T00:32:23.000000;42f3f6b6-c28e-440f-a6bc-f4a6ffff0a58;435.49;6.8489;UNKNOWN
2016-04-28T00:32:23.000000;2016-04-28T00:32:23.000000;cd4dcfad-9204-4483-b24d-8c852f9d24bb;435.49;6.6443;UNKNOWN
2016-04-28T00:32:23.000000;2016-04-28T00:32:23.000000;f099ffb8-560b-4b1e-aa31-d00ff26561ee;435.71;0.5;UNKNOWN
2016-04-28T00:32:23.000000;2016-04-28T00:32:23.000000;8502ca30-dbe8-44b5-bc71-c1ae65656318;435.69;6.0068;UNKNOWN
2016-04-28T00:32:23.000000;2016-04-28T00:32:23.000000;b531aed3-8388-4009-b212-0452206b6f22;435.86;0.08544987;UNKNOWN
2016-04-28T00:32:24.000000;2016-04-28T00:32:24.000000;1c723ce9-4196-4581-b572-6d26016e8085;435.86;0.07195405;UNKNOWN
2016-04-28T00:32:25.000000;2016-04-28T00:32:25.000000;ab0d2509-52e7-4cea-9b2b-e8cef4e8ff05;436.95;34.3165;UNKNOWN
2016-04-28T00:32:25.000000;2016-04-28T00:32:25.000000;6da2a2f0-9632-487e-afb1-caaa2b67ef66;436.99;8.60091997;UNKNOWN
2016-04-28T00:32:25.000000;2016-04-28T00:32:25.000000;6876f416-605c-4037-932c-16d3bb7aa0aa;435.86;4.51095598;UNKNOWN
2016-04-28T00:32:25.000000;2016-04-28T00:32:25.000000;fb95b721-2541-4de3-87db-58565115c821;435.88;0.45;UNKNOWN
2016-04-28T00:32:25.000000;2016-04-28T00:32:25.000000;c0efc9a6-953d-4d43-a5b7-226b563d7d55;435.86;4.51095598;UNKNOWN
2016-04-28T00:32:25.000000;2016-04-28T00:32:25.000000;10ac2888-59d5-4b8e-b003-08b88c29d2c7;435.86;1.95118223;UNKNOWN
2016-04-28T00:32:25.000000;2016-04-28T00:32:25.000000;9706742f-79e8-4672-966e-ba8241c15849;435.86;0.78168158;UNKNOWN
2016-04-28T00:32:25.000000;2016-04-28T00:32:25.000000;f5cd1790-af19-43d3-bc6e-6702e41f6ab3;436.05;7.4570902;UNKNOWN
2016-04-28T00:32:25.000000;2016-04-28T00:32:25.000000;d3d8451d-5841-45c2-916d-34054e4ec03b;435.86;0.23;UNKNOWN
2016-04-28T00:32:25.000000;2016-04-28T00:32:25.000000;52a4e284-3eba-4d4c-a095-b9c2d4cbac8b;435.86;4.50455523;UNKNOWN
2016-04-28T00:32:25.000000;2016-04-28T00:32:25.000000;f150e653-1ef4-48fb-a2d1-9bff9a347e1f;436.05;4.50460596;UNKNOWN
2016-04-28T00:32:25.000000;2016-04-28T00:32:25.000000;5a14b293-94a4-4e66-b686-b836ef575e74;435.99;12.35343445;UNKNOWN
2016-04-28T00:32:26.000000;2016-04-28T00:32:26.000000;fb2323bd-e722-4d7c-8c1e-36a904e9a354;435.87;8.57;UNKNOWN
2016-04-28T00:32:27.000000;2016-04-28T00:32:27.000000;0a6b3306-2ade-4ae0-81ba-1ea6797d770b;436.94;11.3993;UNKNOWN
2016-04-28T00:32:27.000000;2016-04-28T00:32:27.000000;b6684fe9-808a-4c62-a67a-318aecf634db;435.98;6.8337;UNKNOWN
2016-04-28T00:32:27.000000;2016-04-28T00:32:27.000000;4495f0c2-8387-46d6-a38d-7741bfd497b0;435.87;12.43;UNKNOWN
2016-04-28T00:32:27.000000;2016-04-28T00:32:27.000000;54a21d28-214d-40c1-a85e-e5404ed497a4;436.99;3.88908003;UNKNOWN
2016-04-28T00:32:31.000000;2016-04-28T00:32:31.000000;85bd7ad1-5185-4bfc-9ef5-a85ad784c38e;437.0;0.208;UNKNOWN
2016-04-28T00:32:31.000000;2016-04-28T00:32:31.000000;e7d0cc43-bd6c-4750-959a-e087196a7d16;437.33;0.01;UNKNOWN
2016-04-28T00:32:31.000000;2016-04-28T00:32:31.000000;7256e551-4832-4914-a47f-f801186775f5;437.02;0.022;UNKNOWN
2016-04-28T00:32:32.000000;2016-04-28T00:32:32.000000;9de93fff-1d24-4743-b218-fcdf79c1de0a;437.33;2.178;UNKNOWN
2016-04-28T00:32:32.000000;2016-04-28T00:32:32.000000;4a549f15-ea54-4ec7-aa73-024c4139a7c6;437.55;7.822;UNKNOWN
2016-04-28T00:32:33.000000;2016-04-28T00:32:33.000000;a99e2a08-d12a-401a-9db7-fe99726a9f28;437.33;0.31628066;UNKNOWN
2016-04-28T00:32:33.000000;2016-04-28T00:32:33.000000;e6b83744-f240-4909-add7-03ea1dd89a81;437.01;1.0;UNKNOWN
2016-04-28T00:32:33.000000;2016-04-28T00:32:33.000000;dde3b326-54f7-4952-9307-7cc03baf90b0;437.34;0.11745391;UNKNOWN
