time_exchange;time_coinpai;guid;price;base_amount;taker_side
2016-04-28T00:23:11.000000;2016-04-28T00:23:11.118563;8ede6eb2-4750-470c-878c-b5bba8e3361f;7.75;1.0;SELL
2016-04-28T00:23:11.000000;2016-04-28T00:23:11.118563;dc5a5fd9-0f74-4a25-b724-f2a32e2c629d;7.75;1.0;SELL
2016-04-28T00:23:11.000000;2016-04-28T00:23:11.127618;a73724f7-6c79-43b8-b374-28f89c62072e;7.725;2.6975;SELL
2016-04-28T00:27:04.000000;2016-04-28T00:27:04.827124;4c35874c-8522-4202-8d66-40a79b9a0031;7.8049;0.5730659;BUY
2016-04-28T00:27:04.000000;2016-04-28T00:27:04.837256;e6b14456-bfe7-4f09-b777-a95ad43a7a03;7.82;19.7;BUY
2016-04-28T00:27:04.000000;2016-04-28T00:27:04.841113;1f79ea58-d68c-436a-876e-62d111df03e8;7.8375;0.57710065;BUY
2016-04-28T00:27:04.000000;2016-04-28T00:27:04.841113;facf24a1-0c9c-4773-a769-46122285aca2;7.838;32.0;BUY
2016-04-28T00:27:04.000000;2016-04-28T00:27:04.844844;75659fd0-79a9-468f-a1df-e1dd82250de2;7.838;32.0;BUY
2016-04-28T00:27:04.000000;2016-04-28T00:27:04.866126;432cefcd-5447-44b4-92a5-6299b0609a46;7.85;4.0;BUY
2016-04-28T00:27:04.000000;2016-04-28T00:27:04.909809;11f11aa4-1636-46dc-ad4e-9258e73fb204;7.8528;5.2804;BUY
2016-04-28T00:27:04.000000;2016-04-28T00:27:04.929170;2f6f9ee1-70d2-4ce5-a48f-262110b6e248;7.8646;3.489299;BUY
2016-04-28T00:27:04.000000;2016-04-28T00:27:04.932130;87fc8520-db35-453a-bd6c-24b5b975e370;7.8683;0.57438254;BUY
2016-04-28T00:27:05.000000;2016-04-28T00:27:05.934252;b0de6a71-b041-4346-800f-fba799e9af77;7.87;40.8;SELL
2016-04-28T00:27:06.000000;2016-04-28T00:27:06.301357;17c47c92-c5a5-4520-837c-1ce6fe9d797e;7.87;33.5012427;SELL
2016-04-28T00:27:06.000000;2016-04-28T00:27:06.537333;9471c915-64c2-4d96-aad3-d7c06acbd241;7.87;11.81375665;SELL
2016-04-28T00:27:06.000000;2016-04-28T00:27:06.694312;d42f0603-c6af-41b4-9825-83ea5548cfd3;7.87;90.57213436;SELL
2016-04-28T00:27:06.000000;2016-04-28T00:27:06.800309;f5b8b3d1-f6e5-4e3f-a972-45d17fefa8a6;7.87;25.1186182;SELL
2016-04-28T00:30:09.000000;2016-04-28T00:30:09.894625;22075479-e4ab-42ae-85b6-225ebe1ac66c;7.7456;0.56983304;SELL
2016-04-28T00:30:09.000000;2016-04-28T00:30:09.903623;c89d4167-e232-4d7c-b9f8-0799e78202b9;7.7337;6.33061761;SELL
2016-04-28T00:30:09.000000;2016-04-28T00:30:09.905624;fcf368ba-03a9-438f-9cf3-d95a587a30ae;7.73;50.0;SELL
2016-04-28T00:30:09.000000;2016-04-28T00:30:09.908625;8f9ae298-9efb-4b2e-bdf4-ab0177c3f3c6;7.725;17.3025;SELL
2016-04-28T00:30:09.000000;2016-04-28T00:30:09.917625;24626079-cb78-478f-b67f-fb056749ce28;7.72;2.6975;SELL
2016-04-28T00:30:09.000000;2016-04-28T00:30:09.935622;8d7c0c46-2f38-485a-aa6e-65bd9456e15e;7.706;23.09954935;SELL
2016-04-28T00:31:39.000000;2016-04-28T00:31:39.990633;e64180cf-c626-4fd1-9ea9-d9a24de7759d;7.77;18.17947418;SELL
2016-04-28T00:31:42.000000;2016-04-28T00:31:43.196962;4c00253d-8aa9-4701-bfb7-a98d8e67bb31;7.77;10.04435;SELL
2016-04-28T00:31:44.000000;2016-04-28T00:31:46.386306;713ebc65-0725-430f-923e-864d824340ce;7.77;2.00463706;SELL
2016-04-28T00:31:47.000000;2016-04-28T00:31:48.401516;6e1717dd-8fa7-4ece-8a6b-1d37f46fa8f5;7.77;1.77153876;SELL
2016-04-28T00:31:47.000000;2016-04-28T00:31:48.407509;4025e4cb-5d78-4551-bbb3-826da7de0b2b;7.77;2.33758899;SELL
2016-04-28T00:31:50.000000;2016-04-28T00:31:50.935786;d106f92d-38a1-4ba5-a16f-3451c08fa2cc;7.77;4.16029647;SELL
2016-04-28T00:31:51.000000;2016-04-28T00:31:51.609831;9c1f8bb5-4355-4ed3-a8ef-2f527d734f54;7.77;0.998;SELL
2016-04-28T00:31:53.000000;2016-04-28T00:31:53.297003;5ab776e6-476e-4a42-a29b-b4a78dd336d1;7.77;1.1556268;SELL
2016-04-28T00:35:22.000000;2016-04-28T00:35:22.063871;ba3c4e87-57c4-4ed6-81b0-7657b39595f2;7.779;0.16942;SELL
2016-04-28T00:39:14.000000;2016-04-28T00:39:14.669115;c3952350-7751-4933-b075-92956b06c8b5;7.8369;17.1503;BUY
2016-04-28T00:44:45.000000;2016-04-28T00:44:45.573855;24137d76-3a2a-4fd6-b928-01e4ff789ea8;7.77;17.181172;BUY
2016-04-28T00:46:57.000000;2016-04-28T00:46:57.809658;f612fe47-e258-4310-a6ed-6d22740bade5;7.81;26.09167197;BUY
2016-04-28T00:47:00.000000;2016-04-28T00:47:00.640376;f258cf72-25fe-43ad-8851-8120068e24d0;7.81;4.59420645;BUY
2016-04-28T00:47:03.000000;2016-04-28T00:47:03.886116;091886cd-ab22-4a58-b105-9520320f62fa;7.81;4.59420645;BUY
2016-04-28T00:47:06.000000;2016-04-28T00:47:06.854131;530ee8ac-225a-4e93-9188-295b8f88d808;7.81;4.59420645;BUY
2016-04-28T00:47:09.000000;2016-04-28T00:47:09.935296;b67d2a40-7bf6-425f-bd23-78a3096bbf2a;7.81;4.72289004;BUY
2016-04-28T00:47:12.000000;2016-04-28T00:47:12.164560;1e525778-4817-4893-80d6-087c3f9c2ac8;7.81;4.72289004;BUY
2016-04-28T00:47:14.000000;2016-04-28T00:47:14.500745;1a1a0d0f-c847-459c-9fb7-7bfbc26ed2ce;7.81;0.6799286;BUY
2016-04-28T00:51:54.000000;2016-04-28T00:51:54.741769;43c2b05d-ad7d-4680-9836-e128de01df87;7.8429;9.98;BUY
2016-04-28T00:51:54.000000;2016-04-28T00:51:54.746764;ac93e6fb-2046-445c-ab5d-7f99a4890083;7.844;40.02;BUY
2016-04-28T00:52:24.000000;2016-04-28T00:52:24.182722;282e0c40-27a6-4271-b650-808191ce00e1;7.8415;6.32428699;BUY
2016-04-28T00:52:24.000000;2016-04-28T00:52:24.191746;7416f0c1-2d67-491e-bb24-dab6b2db787f;7.8422;4.284414;BUY
2016-04-28T00:52:24.000000;2016-04-28T00:52:24.201729;147d7141-17d9-4032-9fbb-4828b0a5abc9;7.843;39.39129901;BUY
2016-04-28T00:52:43.000000;2016-04-28T00:52:43.469678;7acdaeed-aa8b-4242-8a8e-0b74058d89fc;7.843;50.0;BUY
2016-04-28T00:53:00.000000;2016-04-28T00:53:00.451352;e6d63998-eb4b-4262-9739-f7556e6794ef;7.8429;9.98;BUY
2016-04-28T00:53:00.000000;2016-04-28T00:53:00.452346;185bf17f-dbcd-4667-9e10-7a110c5d28c4;7.843;40.02;BUY
2016-04-28T00:54:36.000000;2016-04-28T00:54:36.590961;993ffd4a-3c52-47d0-9e63-ff6e04794df2;7.81;4.04296144;SELL
2016-04-28T00:54:36.000000;2016-04-28T00:54:36.599980;e369e43b-97cc-43cd-8e74-56b0edd8d978;7.81;0.66823363;SELL
2016-04-28T00:54:47.000000;2016-04-28T00:54:47.276052;05282ea6-e009-4431-bf1d-aa36999b1ea3;7.81;0.00897798;SELL
2016-04-28T00:54:47.000000;2016-04-28T00:54:47.277029;cbe0d974-34b6-4ba6-9b6b-08b332430308;7.81;0.55617353;SELL
2016-04-28T00:55:55.000000;2016-04-28T00:55:56.523734;845455af-93fa-477c-adcc-f0acdbe50099;7.764;6.0;SELL
2016-04-28T00:55:55.000000;2016-04-28T00:55:56.526651;635d349f-6490-4001-b93d-5d862249ed06;7.744;16.62220813;SELL
2016-04-28T00:55:56.000000;2016-04-28T00:55:57.083697;880e8126-dfda-4cbb-b36e-7e86f80b69c5;7.744;15.37779187;SELL
2016-04-28T00:55:56.000000;2016-04-28T00:55:57.157696;b213716b-3780-4c72-b9d7-775c9ccdeb9b;7.744;1.38471813;SELL
2016-04-28T00:55:57.000000;2016-04-28T00:55:57.419726;22e258a5-cd79-4ffa-b937-62ae29965b5a;7.744;5.2898773;SELL
2016-04-28T00:55:57.000000;2016-04-28T00:55:57.429715;8c1523c9-9960-46ab-b44a-b410dfe222bb;7.744;25.32540457;SELL
2016-04-28T00:56:02.000000;2016-04-28T00:56:02.271209;8948f8bb-8801-4ee6-9da1-d72767d9f531;7.7126;1.37105232;SELL
2016-04-28T00:56:02.000000;2016-04-28T00:56:02.973298;eee234c4-3507-4db8-91f1-cb06157cbfb9;7.71;13.84377373;SELL
2016-04-28T00:57:52.000000;2016-04-28T00:57:52.261225;768b96e5-2255-4719-9d04-db59b944cd29;7.7365;0.17397;BUY
2016-04-28T01:00:14.000000;2016-04-28T01:00:14.794463;753236a2-ddb1-4551-968e-0061035d92d3;7.7249;0.13004;BUY
2016-04-28T01:01:54.000000;2016-04-28T01:01:54.354418;fa770276-34d9-41bb-a664-649ae142b573;7.7249;22.49216813;BUY
2016-04-28T01:01:54.000000;2016-04-28T01:01:54.362481;b3054216-e1a3-43aa-9c7a-9570f9234ba4;7.725;0.10113834;BUY
2016-04-28T01:02:45.000000;2016-04-28T01:02:45.445546;ed80380a-cb5d-416e-8760-fcc86557bfa4;7.7249;22.49216813;BUY
2016-04-28T01:02:45.000000;2016-04-28T01:02:45.453523;4002f9d3-1251-4482-b0f7-7a3fc8702fc3;7.725;0.12537466;BUY
2016-04-28T01:02:49.000000;2016-04-28T01:02:49.121162;a3964bec-8234-4102-940a-d72054c80b1b;7.725;22.61622019;BUY
2016-04-28T01:02:51.000000;2016-04-28T01:02:51.081082;436081f5-3d56-40e1-9589-a8ccc723a14b;7.725;17.15726681;BUY
2016-04-28T01:03:42.000000;2016-04-28T01:03:42.293226;13201976-86ca-4f3f-be95-99f626a1ab2f;7.7363;2.46394699;BUY
2016-04-28T01:03:42.000000;2016-04-28T01:03:42.300220;8c2e2b77-75fd-4209-a418-1f602895897d;7.7363;11.70321244;BUY
2016-04-28T01:03:45.000000;2016-04-28T01:03:45.723563;fcf4337e-31d4-45d5-90ea-bf8cbfc59a34;7.7363;8.52081526;BUY
2016-04-28T01:06:48.000000;2016-04-28T01:06:48.762856;1059fb36-dfdb-4285-b860-afc02d80ee00;7.7363;0.998;SELL
2016-04-28T01:06:49.000000;2016-04-28T01:06:49.314914;f82cf901-8641-4197-a2ba-eb35adce53dc;7.7363;0.998;SELL
2016-04-28T01:06:51.000000;2016-04-28T01:06:51.855424;1c771f37-7799-473e-87dc-7c867dd88d2f;7.7363;0.998;SELL
2016-04-28T01:06:53.000000;2016-04-28T01:06:53.060299;7f7deb2a-6d6b-4c80-8702-ec76ee0d0dd0;7.7459;6.0;BUY
2016-04-28T01:06:53.000000;2016-04-28T01:06:53.064319;ff894eab-4da2-4f65-a091-ac202a479ee3;7.7459;0.998;BUY
2016-04-28T01:06:54.000000;2016-04-28T01:06:54.340414;c90779a3-1e6f-41ae-883a-ca986e71ee7a;7.745;6.998;BUY
2016-04-28T01:06:55.000000;2016-04-28T01:06:55.285509;04765dfe-8db9-4805-9db2-647863d9b101;7.745;8.62154279;BUY
2016-04-28T01:06:57.000000;2016-04-28T01:06:57.519725;032eeabd-b315-4efb-8287-878aeb610e41;7.745;8.62154279;BUY
2016-04-28T01:06:57.000000;2016-04-28T01:06:57.776763;4e72ca6b-e442-46bf-88a9-ee4048515e82;7.745;8.62154279;BUY
2016-04-28T01:06:58.000000;2016-04-28T01:06:58.945866;f0c41649-efcb-4bd3-8f7b-db289ede4628;7.7449;8.62154279;BUY
2016-04-28T01:07:37.000000;2016-04-28T01:07:37.307702;00f5c87a-0132-4627-8a88-95eb9e5a2bef;7.7363;1.79013495;SELL
2016-04-28T01:08:24.000000;2016-04-28T01:08:25.019473;44f16737-30cd-4d6f-998c-511131b9a457;7.7101;22.61622019;SELL
2016-04-28T01:08:24.000000;2016-04-28T01:08:25.028475;ca6301b5-b086-4bd5-a18a-df72f70b3504;7.71;0.23699883;SELL
2016-04-28T01:08:26.000000;2016-04-28T01:08:26.318611;108ce84b-4246-4bd6-b8c9-9266b13feed5;7.7101;22.61622019;SELL
2016-04-28T01:08:26.000000;2016-04-28T01:08:26.329619;3c83b9f7-b991-41d4-a55d-36ebf7e4749f;7.71;0.23699883;SELL
2016-04-28T01:08:28.000000;2016-04-28T01:08:28.722882;471326f2-d492-487f-9452-73940e4464c7;7.71;0.998;SELL
2016-04-28T01:08:29.000000;2016-04-28T01:08:29.156891;885548c6-0102-48d9-95f3-de9ba112a417;7.71;0.998;SELL
2016-04-28T01:08:29.000000;2016-04-28T01:08:29.461917;556fe9b3-f366-4581-bfc4-fe68072a9553;7.71;0.998;SELL
2016-04-28T01:09:26.000000;2016-04-28T01:09:26.438614;962339e5-5e16-4fd6-9b9f-1b2cc0261284;7.71;22.8873579;SELL
2016-04-28T01:09:26.000000;2016-04-28T01:09:26.467691;a2304279-ae65-4c06-89b3-483ee5a051fc;7.71;0.9996;SELL
2016-04-28T01:09:26.000000;2016-04-28T01:09:26.491718;16964258-4c96-489c-b2da-a47676620e4a;7.71;0.9996;SELL
2016-04-28T01:09:27.000000;2016-04-28T01:09:28.020783;d61de1ea-986e-4e31-a155-a2c1284d0a0a;7.71;0.9996;SELL
2016-04-28T01:09:28.000000;2016-04-28T01:09:28.039776;f4f30b9a-1cce-4e2c-baee-a74adc26e5d6;7.71;0.9996;SELL
2016-04-28T01:09:29.000000;2016-04-28T01:09:29.109909;223e6285-0f36-46cb-a173-410c7f8e52b0;7.71;5.80247071;SELL
2016-04-28T01:09:29.000000;2016-04-28T01:09:29.566996;6159aad9-1d9b-45c3-a8f8-1736dee3bf81;7.686;0.85;SELL
2016-04-28T01:09:29.000000;2016-04-28T01:09:29.572937;21280f66-bc76-47ec-b642-a6079e9e742d;7.68;16.23488719;SELL
2016-04-28T01:17:08.000000;2016-04-28T01:17:08.410815;891879bf-0d51-4e5e-9a73-689a409d759c;7.7429;0.9996;BUY
2016-04-28T01:17:08.000000;2016-04-28T01:17:08.497972;17ae3cf1-87fb-4fe0-9335-ad6c115cb415;7.7429;1.79013495;BUY
2016-04-28T01:17:10.000000;2016-04-28T01:17:10.169028;5d05bfd2-21f0-4b89-b77e-6c1e3450c325;7.7429;12.21026505;SELL
2016-04-28T01:17:12.000000;2016-04-28T01:17:12.514271;ca51eb6b-b217-4b0f-a620-463ead3cee0f;7.6867;6.44508433;SELL
2016-04-28T01:17:13.000000;2016-04-28T01:17:13.390306;74886893-fdad-4688-926f-2a0e62f4e96c;7.682;5.76518072;SELL
2016-04-28T01:17:13.000000;2016-04-28T01:17:14.075380;e75f547a-1598-4c7f-bddb-e9ecfa0e7cb5;7.682;5.76518072;SELL
2016-04-28T01:17:48.000000;2016-04-28T01:17:48.255841;1bdd90d8-ad86-4e89-adda-426c00f4671d;7.683;1.8;SELL
2016-04-28T01:17:48.000000;2016-04-28T01:17:48.261835;3416b87c-0bb3-40bd-8a69-697c21e22591;7.682;24.23948863;SELL
2016-04-28T01:17:48.000000;2016-04-28T01:17:48.285901;df9d5a8c-17ca-4098-8800-b8bac4d04896;7.682;7.14186301;SELL
2016-04-28T01:19:57.000000;2016-04-28T01:19:57.915778;af4cc75b-5546-4962-bc04-04de7c004d06;7.7119;1.8;BUY
2016-04-28T01:19:57.000000;2016-04-28T01:19:57.918806;41c97c9e-7117-494b-a827-9b2d8d86b4ce;7.7129;3.2;BUY
2016-04-28T01:22:22.000000;2016-04-28T01:22:22.426249;eb079446-e3c0-4f96-b35f-eb28e1bfc25b;7.721;5.0;BUY
2016-04-28T01:22:43.000000;2016-04-28T01:22:43.783406;3099f0c5-a3d7-4eeb-91d5-4a776d2e4e63;7.716;5.0;BUY
2016-04-28T01:23:42.000000;2016-04-28T01:23:42.550219;c4c8aca6-778d-4da1-a4a1-5ceb702502e1;7.683;1.0;SELL
2016-04-28T01:24:34.000000;2016-04-28T01:24:34.870461;1c840d48-d6d7-48ab-98a3-6856a24d380a;7.688;5.0;BUY
2016-04-28T01:25:00.000000;2016-04-28T01:25:00.447007;fef9cbef-367c-4ae3-9f38-9c51a872f6ec;7.688;30.0;BUY
2016-04-28T01:25:44.000000;2016-04-28T01:25:44.822446;d86f711a-3151-4a10-9411-0e93d145bf2c;7.68;28.20036193;SELL
2016-04-28T01:25:46.000000;2016-04-28T01:25:46.097591;6d4c550b-d99d-46a6-b585-55e14c6cef1b;7.68;5.56475088;SELL
2016-04-28T01:25:46.000000;2016-04-28T01:25:46.109590;644274f0-a436-4547-acd2-3c242b8e4314;7.68;5.0;SELL
2016-04-28T01:25:46.000000;2016-04-28T01:25:46.117597;6fc2a7b5-d80e-45b2-b52a-e04452d4d2f0;7.6601;28.66729312;SELL
2016-04-28T01:25:47.000000;2016-04-28T01:25:47.073685;a84884dd-d7be-4aa3-91ff-04351fc951a8;7.6601;44.12529402;SELL
2016-04-28T01:25:47.000000;2016-04-28T01:25:47.638742;f3d41c4f-d557-474d-88bb-230e58adbcad;7.6601;2.31841787;SELL
2016-04-28T01:25:48.000000;2016-04-28T01:25:48.227851;531b36db-fd88-4a61-911a-4d9a29d03296;7.66;39.232044;SELL
2016-04-28T01:25:48.000000;2016-04-28T01:25:48.626834;231d9692-86e3-4809-aa56-eb084f891fca;7.66;40.01442076;SELL
2016-04-28T01:25:49.000000;2016-04-28T01:25:49.681938;a0739fd2-020c-417d-962f-f6c37bff848b;7.66;22.95594216;SELL
2016-04-28T01:25:52.000000;2016-04-28T01:25:52.114180;2d92cd97-726c-4874-9fcd-d077d587ebcf;7.66;22.95594216;SELL
2016-04-28T01:25:52.000000;2016-04-28T01:25:52.150278;f4eefb07-7b86-499c-8893-361b282d5795;7.66;7.62061608;SELL
2016-04-28T01:25:53.000000;2016-04-28T01:25:53.768359;ecc4c010-e186-40f3-8a0e-61ad2db78b00;7.66;0.99399357;SELL
2016-04-28T01:26:25.000000;2016-04-28T01:26:25.517810;cf2619ad-5722-4b77-a4e7-a2933fbe628a;7.66;23.00233655;SELL
2016-04-28T01:26:25.000000;2016-04-28T01:26:25.947832;ca746864-90f4-40e3-ac5e-d8cec05d2b1f;7.66;7.55999289;SELL
2016-04-28T01:28:43.000000;2016-04-28T01:28:44.138624;2431862d-fb40-431b-be67-785432201959;7.6797;3.58871454;BUY
2016-04-28T01:28:43.000000;2016-04-28T01:28:44.151636;9f6c9dd9-6a80-4b1e-9910-fa88f6e827ad;7.6798;0.57636888;BUY
2016-04-28T01:28:43.000000;2016-04-28T01:28:44.210722;ce460491-6957-42a6-8aae-1744220320f3;7.7049;9.01026505;BUY
2016-04-28T01:28:43.000000;2016-04-28T01:28:44.229683;e4bae196-66c6-4ff0-943e-f0cd016629ac;7.7216;2.662084;BUY
2016-04-28T01:28:43.000000;2016-04-28T01:28:44.239652;1bc713c2-2978-4365-9233-e482c934f921;7.7286;5.76518072;BUY
2016-04-28T01:28:43.000000;2016-04-28T01:28:44.247670;b485de38-1eb3-439f-9724-2060380fbc42;7.7342;0.57481175;BUY
2016-04-28T01:28:43.000000;2016-04-28T01:28:44.259651;699965ca-5ae9-4b57-834b-b5a40df74fc3;7.7698;0.5655149;BUY
2016-04-28T01:28:43.000000;2016-04-28T01:28:44.268645;d4a7fd61-391a-4ef4-89eb-9ed0e5fbbe63;7.7979;0.56515151;BUY
2016-04-28T01:28:43.000000;2016-04-28T01:28:44.279681;54a9c42b-37e8-476e-abfc-0b1da0619b6a;7.831;76.69190865;BUY
2016-04-28T01:30:46.000000;2016-04-28T01:30:46.862909;d238fa28-75e1-46c8-a3d0-d75245dfcfd2;7.726;0.3;BUY
2016-04-28T01:31:32.000000;2016-04-28T01:31:32.918504;d8d642ad-5370-42dc-8eb3-e7e9b1e9a576;7.6459;0.3;SELL
2016-04-28T01:35:17.000000;2016-04-28T01:35:17.516979;aca31f78-9d1d-47b7-869b-82de561711ba;7.7311;3.0;BUY
2016-04-28T01:36:26.000000;2016-04-28T01:36:26.647918;86d51ff0-4c65-42eb-8aaf-cbbfa10b2555;7.647;30.0;SELL
2016-04-28T01:48:01.000000;2016-04-28T01:48:02.084566;861b8905-2d6e-4b91-8177-5abbc1ea6266;7.6459;0.26980057;SELL
2016-04-28T01:48:01.000000;2016-04-28T01:48:02.088550;6a787e68-881f-4e28-9f5f-7fd745da144d;7.6181;1.57042874;SELL
2016-04-28T01:48:01.000000;2016-04-28T01:48:02.101598;3d8aa404-d830-4267-8515-09b78d02b446;7.618;10.3;SELL
2016-04-28T01:48:01.000000;2016-04-28T01:48:02.102594;d2f7dda5-98eb-4516-9ab2-7f2e6a152bbc;7.601;14.62214023;SELL
2016-04-28T01:52:26.000000;2016-04-28T01:52:27.013044;4b6368bd-fca1-400c-83ec-7d290cc9f0dd;7.628;97.3034;SELL
2016-04-28T01:53:19.000000;2016-04-28T01:53:19.585312;c7b7b899-6df2-40e1-a16e-68acdafa64a1;7.6271;0.57319729;SELL
2016-04-28T01:55:05.000000;2016-04-28T01:55:05.746937;8fac0592-26f2-4193-abd3-05bd8c7b8459;7.6;2.74072973;SELL
2016-04-28T01:55:07.000000;2016-04-28T01:55:08.038153;a8183909-48ea-4543-8d53-040862c73dc2;7.6;2.74072973;SELL
2016-04-28T01:55:08.000000;2016-04-28T01:55:08.904388;90beda28-5ce8-4297-ab6c-70acf8b42b8c;7.6;2.74072973;SELL
2016-04-28T01:55:10.000000;2016-04-28T01:55:10.685407;d2116180-9ef4-409f-a6b9-e2dd550e7f51;7.6;22.53905456;SELL
2016-04-28T01:55:10.000000;2016-04-28T01:55:10.693407;88fa9853-0a84-4025-80b7-67ab462b4240;7.6;10.1;SELL
2016-04-28T01:55:10.000000;2016-04-28T01:55:10.701413;7d695bf5-985a-47a2-b52f-4d090ea94f66;7.6;10.0;SELL
2016-04-28T01:55:10.000000;2016-04-28T01:55:10.742642;bbbb0baf-4844-416d-84ca-7e706e5440bd;7.6;33.0;SELL
2016-04-28T01:55:10.000000;2016-04-28T01:55:10.751406;e2524ac9-5cb4-40f5-b411-967290cd48a4;7.6;173.3818;SELL
2016-04-28T01:55:10.000000;2016-04-28T01:55:10.759421;b847d51e-f050-49a6-a823-77372bb4cce9;7.6;5.0;SELL
2016-04-28T01:55:13.000000;2016-04-28T01:55:14.682882;2ae4415f-a8b0-44b6-b4dd-cf519bb28c9a;7.571;71.43;SELL
2016-04-28T01:55:13.000000;2016-04-28T01:55:14.693844;296c9a13-a12a-4e60-9dd5-d36c5d608d04;7.5372;3.507944;SELL
2016-04-28T01:55:13.000000;2016-04-28T01:55:14.709820;cfc1f793-be59-4a70-98c6-1228d6a65f93;7.5021;5.0;SELL
2016-04-28T01:55:13.000000;2016-04-28T01:55:14.718821;76e5d79e-6881-429e-b43c-feceef478161;7.5021;9.133049;SELL
2016-04-28T01:55:13.000000;2016-04-28T01:55:14.727839;f515bac6-39d9-4de9-952b-21513d45a975;7.5;200.0;SELL
2016-04-28T01:55:13.000000;2016-04-28T01:55:14.739827;baf16423-d1de-4e02-8517-a8c7e89c4b63;7.5;200.0;SELL
2016-04-28T01:55:13.000000;2016-04-28T01:55:14.744825;02a6ff19-c9db-4840-86e3-500804575882;7.3761;300.0;SELL
2016-04-28T01:55:13.000000;2016-04-28T01:55:14.759862;7dc7de25-6de6-4c70-b63b-85e56790b556;7.361;210.929007;SELL
2016-04-28T01:55:20.000000;2016-04-28T01:55:20.946438;96c4048e-56c6-4633-afa0-3f1760b3d299;7.4888;3.543816;SELL
2016-04-28T01:55:20.000000;2016-04-28T01:55:20.955442;ac3e2046-51d4-456b-81c1-b9cc90c53769;7.362;56.456184;SELL
2016-04-28T02:03:26.000000;2016-04-28T02:03:27.063013;b5eca6b9-a63e-4509-b2f7-994bba4a3265;7.5783;0.5845902;BUY
2016-04-28T02:03:26.000000;2016-04-28T02:03:27.064061;a0a18f38-631e-4b40-b3c6-cabaf29169df;7.6232;0.41191984;BUY
2016-04-28T02:03:29.000000;2016-04-28T02:03:29.385237;655bd044-a911-47a2-8fe9-74eee3f044bb;7.536;1.0;SELL
2016-04-28T02:05:08.000000;2016-04-28T02:05:08.610173;9dd45ce1-e717-47cc-b770-4ce46ef691e1;7.6122;3.4045;BUY
2016-04-28T02:09:34.000000;2016-04-28T02:09:34.585209;3f725813-3626-4851-babb-cc7ff9adf377;7.623;2.4;BUY
2016-04-28T02:09:34.000000;2016-04-28T02:09:34.592789;6d3a7208-1633-4557-87f0-5ec134df2196;7.623;4.0;BUY
2016-04-28T02:09:34.000000;2016-04-28T02:09:34.594756;a9e7f569-d644-4104-8cb7-67ab589bc234;7.6253;0.58441938;BUY
2016-04-28T02:09:34.000000;2016-04-28T02:09:34.602810;397d34f6-91c9-4d80-ad0d-7fe2648131a5;7.6619;3.01558062;BUY
2016-04-28T02:10:13.000000;2016-04-28T02:10:14.017705;3bd424b2-a881-4257-bda0-59ab9a677a90;7.55;2.1;SELL
2016-04-28T02:13:08.000000;2016-04-28T02:13:08.176854;c3d80ec3-8b4b-4c9a-8edd-932b0f4576e5;7.561;0.99452502;SELL
2016-04-28T02:13:31.000000;2016-04-28T02:13:32.034225;c0678d34-33bc-44bb-b78e-36900a2231d8;7.6248;0.30005271;BUY
2016-04-28T02:13:31.000000;2016-04-28T02:13:32.069248;fddb445b-dee8-402a-b6df-256d9e34ae7a;7.6292;0.6837837;BUY
2016-04-28T02:16:40.000000;2016-04-28T02:16:40.110010;a41ed177-e9fa-4541-adf4-1e55891a1ced;7.5301;0.98186873;SELL
2016-04-28T02:16:59.000000;2016-04-28T02:16:59.941999;9efdda20-ad6f-46b0-a7fb-e99e10d8ed3b;7.5361;19.86807281;SELL
2016-04-28T02:16:59.000000;2016-04-28T02:16:59.946012;af51760d-5c2b-494d-b024-390f97027530;7.536;9.81984801;SELL
2016-04-28T02:34:54.000000;2016-04-28T02:34:54.469398;19087fa6-38eb-4b2c-ab87-2b3831dea467;7.575;1.0;BUY
2016-04-28T02:35:08.000000;2016-04-28T02:35:09.237856;c8f2af7f-e0b7-4a5b-8f37-7d46ce1d78fe;7.572;1.0;BUY
2016-04-28T02:36:41.000000;2016-04-28T02:36:41.952106;c5490a82-f278-4eb9-a89f-a9de25c687cf;7.5769;1.0;BUY
2016-04-28T02:37:39.000000;2016-04-28T02:37:39.556890;11e693df-0ac9-4745-b135-e7d13c16ecaf;7.58;0.10022944;SELL
2016-04-28T02:37:39.000000;2016-04-28T02:37:40.174979;7ff71069-fdd2-47ce-bd7f-cb0925551a39;7.58;19.89977056;SELL
2016-04-28T02:38:01.000000;2016-04-28T02:38:01.440177;7f89163c-a3d0-4389-ae5b-f8de6d2d48d6;7.504;0.70335831;SELL
2016-04-28T02:38:01.000000;2016-04-28T02:38:01.451059;603a99a2-c4c1-4fb6-b0e8-2d45205e65eb;7.5033;0.19359328;SELL
2016-04-28T02:38:16.000000;2016-04-28T02:38:16.580279;50f8766c-0178-477c-a6cb-35278f82f7a6;7.5719;0.88733535;BUY
2016-04-28T02:39:50.000000;2016-04-28T02:39:50.396945;02f017b9-b04b-4129-b57c-0f62abd2c248;7.5659;2.0;BUY
2016-04-28T02:43:16.000000;2016-04-28T02:43:16.487397;d7628993-7107-4aa1-8a72-2babdefb67c6;7.5689;20.0;BUY
2016-04-28T02:44:05.000000;2016-04-28T02:44:05.627837;9db1a306-81c6-4746-aa8c-bee3237b743a;7.505;0.88556068;SELL
2016-04-28T02:46:57.000000;2016-04-28T02:46:57.694044;5c2a2a3e-51ea-4d78-8f5e-b82d0226d9d6;7.55;8.86043724;SELL
2016-04-28T02:47:48.000000;2016-04-28T02:47:48.684122;aa136c31-725f-4dfd-90d0-76c7d2930b98;7.55;0.87619915;SELL
2016-04-28T02:49:09.000000;2016-04-28T02:49:09.141730;ee6cb5c8-a86c-4fc4-9f15-6a954fe349eb;7.55;0.87163577;SELL
2016-04-28T02:49:22.000000;2016-04-28T02:49:22.299522;2d1da719-b6a2-4b9d-a945-7c68eda29ab9;7.55;0.11370429;SELL
2016-04-28T02:50:29.000000;2016-04-28T02:50:29.589228;a5f3f68a-81c9-4761-a29a-840725735399;7.5899;0.58486406;BUY
2016-04-28T02:50:29.000000;2016-04-28T02:50:29.595283;230b5f60-cbbc-43ba-8866-46eb29be5f8b;7.5993;6.4575105;BUY
2016-04-28T02:50:29.000000;2016-04-28T02:50:29.601267;08a2bb0c-5ce0-46d3-824b-6f93e0ce7321;7.6;12.2831955;BUY
2016-04-28T02:50:29.000000;2016-04-28T02:50:29.604267;5fcdf27b-c784-473d-8118-fa80cb07de69;7.6024;0.58496636;BUY
2016-04-28T02:50:29.000000;2016-04-28T02:50:29.613235;474e8923-1bd0-4592-86a2-1c90b134e82c;7.61;0.4;BUY
2016-04-28T02:50:30.000000;2016-04-28T02:50:31.015490;1af820ce-079a-496b-9746-d78c3172209e;7.64;9.68946358;SELL
2016-04-28T02:52:19.000000;2016-04-28T02:52:19.778463;8b471535-ce4b-4f58-b511-569c983d66fe;7.514;0.75343448;SELL
2016-04-28T02:52:28.000000;2016-04-28T02:52:28.956144;579f985f-60cc-418c-8271-484450816a88;7.61;0.86275741;BUY
2016-04-28T02:53:48.000000;2016-04-28T02:53:48.365106;c90a77cb-fa3a-4120-8020-145c03994e37;7.6099;0.85487828;BUY
2016-04-28T02:53:53.000000;2016-04-28T02:53:53.512643;cf250b9c-0dd2-4183-9b3f-adc6c07dbb56;7.6099;0.84033154;BUY
2016-04-28T03:00:04.000000;2016-04-28T03:00:04.227923;36df483e-cdcc-44f7-9b2c-7cdb23e0cc7e;7.515;28.7276;SELL
2016-04-28T03:00:04.000000;2016-04-28T03:00:04.369984;49df3aa5-a507-442f-8bca-450a5513ceb6;7.515;69.8995;SELL
2016-04-28T03:00:04.000000;2016-04-28T03:00:04.380960;2a3e3591-9813-40aa-8b92-75447220aae4;7.5132;205.08;SELL
2016-04-28T03:00:04.000000;2016-04-28T03:00:04.382961;c998d886-2035-468a-b833-1fde25b3ba06;7.513;6.1;SELL
2016-04-28T03:00:04.000000;2016-04-28T03:00:04.682962;ca1475ef-bf85-45b5-9395-21f4fac046e0;7.51;6.51668092;BUY
2016-04-28T03:00:04.000000;2016-04-28T03:00:05.041026;1acc4e9c-3616-4108-96a0-2fa4943faf85;7.51;76.40769938;BUY
2016-04-28T03:00:05.000000;2016-04-28T03:00:05.213053;0e054e22-fe00-4008-a01e-5273163e937f;7.514;11.0153;SELL
2016-04-28T03:01:02.000000;2016-04-28T03:01:02.183714;8345cd20-c66b-4020-9896-b6057fffc3cd;7.513;28.148;SELL
2016-04-28T03:01:03.000000;2016-04-28T03:01:03.241813;6d94465f-36e5-42bc-a19a-3d6ea183e194;7.513;11.0024;SELL
2016-04-28T03:02:00.000000;2016-04-28T03:02:00.220539;aa761754-405a-422e-aa3d-fdf5084b2a0f;7.5241;1.87813632;SELL
2016-04-28T03:02:00.000000;2016-04-28T03:02:00.234516;998ef50d-0f14-4d95-8f78-5ba2e6a2800b;7.504;22.96006368;SELL
2016-04-28T03:02:01.000000;2016-04-28T03:02:01.819711;79521c08-7447-4776-a42a-5b3874b989f2;7.5232;10.0639;SELL
2016-04-28T03:02:58.000000;2016-04-28T03:02:58.195318;0a9e915e-7645-4fb2-af4a-998a108558ce;7.507;2.4;SELL
2016-04-28T03:02:58.000000;2016-04-28T03:02:58.201332;09778773-32f4-4350-bc6e-f108d835fe7e;7.506;23.3738;SELL
2016-04-28T03:02:59.000000;2016-04-28T03:02:59.481446;97dd63c3-0479-4fb8-82ef-f93cdc859fb6;7.507;2.6;SELL
2016-04-28T03:02:59.000000;2016-04-28T03:02:59.498489;c54185e4-f3ed-40b4-8591-74d36c4dcd65;7.506;7.1075;SELL
2016-04-28T03:03:56.000000;2016-04-28T03:03:56.204134;207435a9-a36d-468d-908e-00baee772022;7.512;28.9982164;SELL
2016-04-28T03:03:57.000000;2016-04-28T03:03:57.319242;bd7366f1-d930-43a5-b573-132200a27094;7.5102;9.0173003;SELL
2016-04-28T03:05:10.000000;2016-04-28T03:05:10.494550;eeafcb4d-360b-45fa-ab53-ab4fec7115b6;7.505;98.3941;SELL
2016-04-28T03:05:11.000000;2016-04-28T03:05:11.442643;61e3b839-5e9a-4f01-bcf2-6f9a34947640;7.504;3.97272929;BUY
2016-04-28T03:05:16.000000;2016-04-28T03:05:16.695161;a104c7c3-6b61-4a6e-93aa-b071fcefc4bd;7.504;23.4999406;BUY
2016-04-28T03:05:16.000000;2016-04-28T03:05:16.883181;45362b86-e204-4196-b4fe-ec4dc3ee6a53;7.504;23.4999406;BUY
2016-04-28T03:05:17.000000;2016-04-28T03:05:17.242269;cc761b55-9ebb-4ca9-8e8c-ab610850a493;7.504;23.4999406;BUY
2016-04-28T03:05:17.000000;2016-04-28T03:05:17.925294;551d8f81-0f62-4fab-8238-73a7ab54f1f0;7.504;26.09167197;BUY
2016-04-28T03:05:18.000000;2016-04-28T03:05:18.808373;ac4e0309-49c0-4370-8f20-61e53de5d2e2;7.504;12.0;BUY
2016-04-28T03:05:19.000000;2016-04-28T03:05:19.824530;927ecd58-4ff7-4fa7-9195-74c9ff65cddb;7.504;3.7;BUY
2016-04-28T03:05:29.000000;2016-04-28T03:05:29.403459;68dcd3f1-c910-4ac0-8f48-fbf72a1360fb;7.504;1.7;BUY
2016-04-28T03:05:30.000000;2016-04-28T03:05:30.638555;10e048eb-27fd-4ab5-bed8-ab8d39f2f855;7.504;23.4999406;BUY
2016-04-28T03:05:31.000000;2016-04-28T03:05:31.571674;b2f18984-12c8-4f6a-91ff-01a2c069e54f;7.504;23.4999406;BUY
2016-04-28T03:05:31.000000;2016-04-28T03:05:32.201756;a762d709-1257-45fd-9676-5eb8d700de6c;7.504;23.4999406;BUY
2016-04-28T03:05:32.000000;2016-04-28T03:05:32.737788;c5958f75-729d-4af3-b8a5-61f480e9d546;7.504;3.72297599;BUY
2016-04-28T03:05:32.000000;2016-04-28T03:05:32.865787;c4845a48-1f73-45f2-a841-4cf1081c8437;7.504;9.41887915;BUY
2016-04-28T03:05:54.000000;2016-04-28T03:05:54.627967;0251e605-15b4-40d5-961e-94bb028970c0;7.5101;19.93685617;SELL
2016-04-28T03:05:54.000000;2016-04-28T03:05:54.635980;ec339a4b-87c8-4c57-8a7e-7f42042ca84c;7.5101;13.14185514;SELL
2016-04-28T03:05:54.000000;2016-04-28T03:05:54.641986;968ca62f-58bb-473b-bcbe-ca170c8a4162;7.51;98.2702;SELL
2016-04-28T03:05:54.000000;2016-04-28T03:05:54.651021;9f36ac25-e0ab-44dd-b25c-21f7d2689d38;7.51;99.2356;SELL
2016-04-28T03:05:55.000000;2016-04-28T03:05:55.299039;917f594a-75d7-4a97-bd55-782f12573386;7.51;19.93685617;BUY
2016-04-28T03:05:55.000000;2016-04-28T03:05:55.701058;b024337a-2ab0-4d5f-b401-33d107bc47cf;7.51;49.47863252;BUY
2016-04-28T03:06:21.000000;2016-04-28T03:06:21.717682;74b5e9a7-a446-4dc0-ad18-2c82c6ee3396;7.511;2.8;SELL
2016-04-28T03:06:21.000000;2016-04-28T03:06:21.727684;a2ce9de5-9579-4a91-9fe0-c5008eb7d228;7.5108;7.73930491;SELL
2016-04-28T03:06:21.000000;2016-04-28T03:06:21.731685;95c2bc90-62e9-4305-a143-4c4fbe046bf2;7.5108;19.93499807;SELL
2016-04-28T03:06:21.000000;2016-04-28T03:06:21.740698;12693fba-3c46-4dd5-9133-4bb085a8518f;7.5108;23.4999406;SELL
2016-04-28T03:06:21.000000;2016-04-28T03:06:21.749688;cb334125-1c0e-4e8e-b3ac-971e74b1ae96;7.5108;6.74773287;SELL
2016-04-28T03:07:57.000000;2016-04-28T03:07:58.013782;28ed0112-77a7-4863-87c4-1c12c44d13a6;7.5487;0.5;BUY
2016-04-28T03:12:33.000000;2016-04-28T03:12:33.480570;68d22959-c4c2-4a20-be65-a2fd04a8df60;7.5487;0.08572014;BUY
2016-04-28T03:16:33.000000;2016-04-28T03:16:33.552580;f8dd2213-ce81-4069-9489-ce835ce3ebb7;7.6109;0.32;BUY
2016-04-28T03:34:06.000000;2016-04-28T03:34:06.706083;4b95f919-2140-4dd7-8205-2ece39d00010;7.6109;0.2624451;BUY
2016-04-28T03:34:06.000000;2016-04-28T03:34:06.712081;41ed0a16-420a-4b5e-b8ec-ba73f12d9c68;7.6259;0.01610869;BUY
2016-04-28T03:36:55.000000;2016-04-28T03:36:55.511941;801c5cee-ba2a-46fb-b927-0509f3ae54e0;7.6268;6.50364756;BUY
2016-04-28T03:36:55.000000;2016-04-28T03:36:55.519566;442cc5a2-302c-4042-a45c-92ebc697a0c1;7.6299;8.24354115;BUY
2016-04-28T03:36:55.000000;2016-04-28T03:36:55.521601;829ddd9a-2d2d-4519-b420-5cf326990a2f;7.6299;0.28287142;BUY
2016-04-28T03:36:56.000000;2016-04-28T03:36:56.514651;1a3b1a2b-c610-431f-9aef-bc7d82d2c84e;7.6299;0.82670813;BUY
2016-04-28T03:36:57.000000;2016-04-28T03:36:57.868178;1d667f46-3fa1-4343-96c2-ef4831b4e2a0;7.6267;7.9960876;BUY
2016-04-28T03:36:58.000000;2016-04-28T03:36:58.982297;35c66f57-517f-4391-83ea-d79fc3055ac5;7.63;7.03397253;BUY
2016-04-28T03:37:59.000000;2016-04-28T03:37:59.555371;fc0d4e61-70f9-499b-bbb4-fb440534f0f9;7.63;4.94202746;BUY
2016-04-28T03:38:05.000000;2016-04-28T03:38:05.180919;c970f725-f030-4480-87eb-3974e1e10321;7.642;0.58379643;BUY
2016-04-28T03:38:52.000000;2016-04-28T03:38:52.661659;3e677019-35b4-4653-8f87-b0df9f4a3b46;7.6421;0.58163206;BUY
2016-04-28T03:42:30.000000;2016-04-28T03:42:30.764811;f98332b9-7a23-48fa-9440-bee6e6d81633;7.5931;0.82505471;SELL
2016-04-28T03:46:48.000000;2016-04-28T03:46:48.779521;a3c0a3b6-dd94-46f8-a2ef-83988021de99;7.6798;0.5809225;BUY
2016-04-28T03:46:53.000000;2016-04-28T03:46:53.955035;bcf2b67f-2ffa-45ad-8164-eb17a2f0ce1f;7.7329;12.0;BUY
2016-04-28T03:56:42.000000;2016-04-28T03:56:42.358909;877e2049-fe11-4618-ad40-8d7e51b692a3;7.6312;0.58163206;SELL
2016-04-28T03:56:42.000000;2016-04-28T03:56:42.396964;98b9ce26-292e-4f71-9d5f-e74a20979667;7.6312;0.58163206;SELL
2016-04-28T03:56:42.000000;2016-04-28T03:56:42.410895;e38ea3f8-4aea-4200-a6a1-da5be7284db1;7.6312;0.58163206;SELL
2016-04-28T03:56:55.000000;2016-04-28T03:56:55.290168;5abbb03c-aeaa-4af9-917b-ed2ca112b6d7;7.6311;0.57388809;SELL
2016-04-28T04:01:11.000000;2016-04-28T04:01:11.531215;7dfb9dbc-dd37-4f20-bc79-c2d4a2928fe7;7.5703;0.58309038;SELL
2016-04-28T04:01:11.000000;2016-04-28T04:01:11.536199;0700520a-0fc4-4389-ade9-50c89d126ccd;7.5699;0.44848705;SELL
2016-04-28T04:01:13.000000;2016-04-28T04:01:13.554462;aaa84865-0c12-45cd-8672-51607e8443dd;7.5699;0.40151295;SELL
2016-04-28T04:02:07.000000;2016-04-28T04:02:07.586967;812076f3-bf9f-4cbb-8b3d-fde9487f5215;7.5471;1.92491627;SELL
2016-04-28T04:02:07.000000;2016-04-28T04:02:07.600894;e39da467-4290-443f-97a6-19cf04c8fb60;7.5471;179.86;SELL
2016-04-28T04:02:07.000000;2016-04-28T04:02:07.620817;6fdf5d53-3669-4097-86f6-63500dbe33d9;7.547;97.7812;SELL
2016-04-28T04:02:07.000000;2016-04-28T04:02:07.631813;51844a65-ed86-4d5c-87ec-51b7a1204c6c;7.5427;6.57179711;SELL
2016-04-28T04:02:07.000000;2016-04-28T04:02:07.640835;d675dd83-9a9a-4092-8f4e-26737060e10d;7.5407;0.58224163;SELL
2016-04-28T04:02:07.000000;2016-04-28T04:02:07.797841;c6998ded-5bf8-4d3d-a64b-b6528be124a2;7.54;1.48143095;BUY
2016-04-28T04:02:08.000000;2016-04-28T04:02:08.716961;0dee58cf-95c3-4409-880f-98a49f0e22fd;7.54;1.92491627;BUY
2016-04-28T04:02:08.000000;2016-04-28T04:02:08.908942;4ef4dad8-6440-4c12-bee9-10626403fac9;7.54;1.18475015;BUY
2016-04-28T04:02:36.000000;2016-04-28T04:02:36.227712;12c65e61-0686-4211-9057-899951c7069a;7.5451;3.10966642;SELL
2016-04-28T04:02:36.000000;2016-04-28T04:02:36.234678;dde061b1-a86e-4ae9-b687-a67020d2faea;7.5451;3.10966642;SELL
2016-04-28T04:02:36.000000;2016-04-28T04:02:36.242709;0f67a38a-4b92-445c-806e-0dfeb16c0621;7.5451;2.46941478;SELL
2016-04-28T04:02:38.000000;2016-04-28T04:02:39.053963;f9b21174-0662-41a4-92de-4176bd6a2e22;7.6259;0.64025164;BUY
2016-04-28T04:21:14.000000;2016-04-28T04:21:14.792828;6d371bbe-0be6-42be-b42f-75f75055a70a;7.557;0.63006448;SELL
2016-04-28T04:21:16.000000;2016-04-28T04:21:16.458789;940b7884-5b76-4015-8550-95db98f699f0;7.557;0.63006448;SELL
2016-04-28T04:24:51.000000;2016-04-28T04:24:51.266088;96848974-369d-4204-9afc-9da582ac527e;7.5531;19.82335512;SELL
2016-04-28T04:24:51.000000;2016-04-28T04:24:51.273108;b5326be2-ba9e-4f21-91a6-21ff18b98ce1;7.5444;11.17633618;SELL
2016-04-28T04:48:42.000000;2016-04-28T04:48:42.204758;5a8dbbfc-9006-43b6-9c89-a4c6e10fee90;7.559;10.0;SELL
2016-04-28T05:00:21.000000;2016-04-28T05:00:21.247967;957a48a9-75de-4a16-bfc0-59fd8ec99b29;7.5559;7.1;SELL
2016-04-28T05:00:21.000000;2016-04-28T05:00:21.253954;473eedc7-af11-43ca-b18e-6daeb4c3817f;7.5551;19.81810744;SELL
2016-04-28T05:00:21.000000;2016-04-28T05:00:21.263959;35521728-72a2-4821-80af-d13012c58af8;7.555;89.7001;SELL
2016-04-28T05:00:21.000000;2016-04-28T05:00:21.267996;e18c3eb4-ed90-4561-9d79-a6fac0864204;7.5549;6.2143401;SELL
2016-04-28T05:08:03.000000;2016-04-28T05:08:03.424159;8239b882-5bc4-4d34-8fb3-22a68c7cd0a9;7.59;9.64792792;BUY
2016-04-28T05:08:10.000000;2016-04-28T05:08:10.958960;94e4dc20-99d6-433e-b6fa-9de822615715;7.59;3.55875822;BUY
2016-04-28T05:08:13.000000;2016-04-28T05:08:13.154178;197d5876-2cf0-494a-ad13-c7ad6ddf030e;7.59;3.55875822;BUY
2016-04-28T05:08:23.000000;2016-04-28T05:08:23.697233;c1d90764-d507-4648-90cc-3919df50a0d5;7.59;3.30630024;BUY
2016-04-28T05:09:10.000000;2016-04-28T05:09:10.105910;fbb0c8bd-78dc-445f-9909-7e48c95ec14c;7.59;26.09167197;BUY
2016-04-28T05:09:10.000000;2016-04-28T05:09:10.154843;06270f0a-576f-48dd-a0f1-a68f07ef2c18;7.59;5.90306905;BUY
2016-04-28T05:09:34.000000;2016-04-28T05:09:34.778301;54b43696-f52e-48f6-9cb6-7050dcc177c7;7.582;2.00601918;SELL
2016-04-28T05:09:43.000000;2016-04-28T05:09:43.318192;37acefba-0fde-4a43-8cf7-e4af99d29666;7.59;3.21849652;BUY
2016-04-28T05:09:46.000000;2016-04-28T05:09:46.630194;544bc8d7-9be3-4b75-b2d7-54b76c3111f4;7.59;3.32263187;BUY
2016-04-28T05:09:50.000000;2016-04-28T05:09:50.127832;01098091-6196-462e-a10f-46dd15c60c48;7.59;3.32263187;BUY
2016-04-28T05:09:53.000000;2016-04-28T05:09:53.754278;1b742ec9-2cad-4c02-bbab-9a950f88b97e;7.59;3.32263187;BUY
2016-04-28T05:09:56.000000;2016-04-28T05:09:57.010521;a9824b31-0789-455a-9c74-49ab2d630e3a;7.59;3.32263187;BUY
2016-04-28T05:10:00.000000;2016-04-28T05:10:00.334877;929a3470-9c8d-4f22-8547-8b47dfa87fc1;7.59;3.32263187;BUY
2016-04-28T05:10:05.000000;2016-04-28T05:10:06.011432;d47b74ac-382a-42b0-9677-d4caee0873a0;7.59;3.32263187;BUY
2016-04-28T05:11:35.000000;2016-04-28T05:11:35.720403;dcbc7869-5ba1-40ff-91e9-63f5a3b6d9ae;7.59;1.849317;BUY
2016-04-28T05:11:57.000000;2016-04-28T05:11:57.273567;8060b6e9-b2e7-49f2-9979-1f856aaec02b;7.59;11.65436142;BUY
2016-04-28T05:11:59.000000;2016-04-28T05:11:59.414783;f38d42ca-4543-4ed8-9442-01b5a0adb042;7.59;11.27554765;BUY
2016-04-28T05:15:36.000000;2016-04-28T05:15:36.370402;e9dd183b-5e79-4cb1-91a9-4c65c6c86c65;7.6;1.49373078;BUY
2016-04-28T05:15:39.000000;2016-04-28T05:15:39.116632;7e3bfc49-c591-4030-b98c-b61814707893;7.6;1.49373078;BUY
2016-04-28T05:15:47.000000;2016-04-28T05:15:47.825509;6cdd1c2c-1065-4332-bc25-c42c948deaf6;7.6;1.49373078;BUY
2016-04-28T05:19:10.000000;2016-04-28T05:19:10.283750;1531384b-38e4-4ca6-b880-26cdaa2eb77a;7.6;5.51880766;BUY
2016-04-28T05:23:44.000000;2016-04-28T05:23:44.483270;5cc45f15-2718-415b-859d-7fb88702b28f;7.609;0.17148;BUY
2016-04-28T05:24:37.000000;2016-04-28T05:24:37.867517;1cb16a1a-aa77-4243-8aa2-c4f10752d5e9;7.609;25.6;BUY
2016-04-28T05:25:33.000000;2016-04-28T05:25:33.170051;c49434ac-3882-4bd3-83c9-55b09946edde;7.61;1.44610935;BUY
2016-04-28T05:26:21.000000;2016-04-28T05:26:21.993916;3d741c86-fbf4-4585-8f1f-3ebbd748f944;7.61;4.96847147;BUY
2016-04-28T05:26:39.000000;2016-04-28T05:26:39.730696;8ad70a52-b0a4-48ca-a27f-4a46260284b3;7.61;0.8;BUY
2016-04-28T05:26:45.000000;2016-04-28T05:26:45.784319;b5003891-3afa-433b-8d12-1c61b0da7f05;7.61;2.78541917;BUY
2016-04-28T05:26:48.000000;2016-04-28T05:26:48.624570;cf844f5d-4f63-418d-9e89-3f17974f561e;7.6091;0.79952664;SELL
2016-04-28T05:26:48.000000;2016-04-28T05:26:48.627577;07fd092d-eadf-4efb-ad55-d49de2059d80;7.609;0.00047336;SELL
2016-04-28T05:31:50.000000;2016-04-28T05:31:51.059023;404c7cc8-3f6d-40d4-a4c1-a537a6cb1dfe;7.609;0.29668479;SELL
2016-04-28T05:32:53.000000;2016-04-28T05:32:53.061238;777b4494-08e2-4f33-bf54-17c5a22dbaa9;7.609;31.23429317;SELL
2016-04-28T05:58:31.000000;2016-04-28T05:58:31.619852;ab54e8fd-9a8c-40fc-83f9-b93578eb1248;7.6199;0.57388809;BUY
2016-04-28T05:58:31.000000;2016-04-28T05:58:31.625867;7df061ba-dba5-4ade-a0ec-d7e8ebfd7165;7.6199;0.57388809;BUY
2016-04-28T05:58:31.000000;2016-04-28T05:58:31.627874;097c79ab-2e93-4756-8888-e16ee1db45a1;7.6199;0.57388809;BUY
2016-04-28T05:58:31.000000;2016-04-28T05:58:31.637906;b13bc609-b471-4140-9689-b5c190405934;7.62;10.0;BUY
2016-04-28T05:58:31.000000;2016-04-28T05:58:31.643894;d4e896ab-d859-4998-aa2c-2eec8cd29bae;7.6252;0.27833573;BUY
2016-04-28T06:17:48.000000;2016-04-28T06:17:48.712655;65c662ad-16e3-4952-a36d-7c67807cd714;7.6252;0.29555236;BUY
2016-04-28T06:17:48.000000;2016-04-28T06:17:48.727751;a38cedcd-1cdb-49e7-9e9a-50b9b3ec90a2;7.6252;0.57388809;BUY
2016-04-28T06:17:48.000000;2016-04-28T06:17:48.731669;424b0ce5-2bce-4aa5-81da-ed49cb765dc1;7.6252;0.57388809;BUY
2016-04-28T06:17:48.000000;2016-04-28T06:17:48.732652;14cde086-8448-444d-9ab4-d14184a8d783;7.6269;0.57388809;BUY
2016-04-28T06:17:48.000000;2016-04-28T06:17:48.743653;77d2bfab-327a-44ca-abca-d1870f0d4b27;7.6269;0.57388809;BUY
2016-04-28T06:17:48.000000;2016-04-28T06:17:48.745679;dd7fd38b-76b7-4894-bd20-a67f31917389;7.6278;0.57388809;BUY
2016-04-28T06:18:22.000000;2016-04-28T06:18:22.807063;c79b5105-0ac2-4668-b130-652eefdeeaed;7.6317;0.58224163;BUY
2016-04-28T06:20:12.000000;2016-04-28T06:20:12.131998;0987737b-f4c9-47c6-a286-352b31dbefcb;7.6383;2.0;BUY
2016-04-28T06:20:53.000000;2016-04-28T06:20:53.422127;2a015a0b-5d56-4e40-ae81-0b9263a398aa;7.645;2.0;BUY
2016-04-28T06:20:53.000000;2016-04-28T06:20:53.422127;e5b30598-bf43-4ce2-81d2-4104216615c4;7.65;10.0;BUY
2016-04-28T06:20:53.000000;2016-04-28T06:20:53.432122;5c703492-206c-4665-9b1d-877c6ce2693b;7.6929;87.99999943;BUY
2016-04-28T06:27:28.000000;2016-04-28T06:27:28.295621;838c489f-74ab-4d47-bc18-1ad2c72f3934;7.68;10.0;BUY
2016-04-28T06:28:11.000000;2016-04-28T06:28:11.916972;6a8d0d39-e989-4d9b-a33d-f884fc41a423;7.685;2.0;BUY
2016-04-28T06:28:11.000000;2016-04-28T06:28:11.926989;32a02ec5-9b27-4c6e-a74d-44e595eb81dc;7.69;8.0;BUY
2016-04-28T06:28:50.000000;2016-04-28T06:28:50.593278;e7e803c6-2418-4efe-870b-bf66ca18e9d6;7.688;5.29805928;BUY
2016-04-28T06:28:50.000000;2016-04-28T06:28:50.605604;0e19fd1b-4351-4121-81f5-f158d5abf302;7.69;2.0;BUY
2016-04-28T06:28:50.000000;2016-04-28T06:28:50.607605;dba3ec9e-4b7f-4054-9819-2d7d68b1514b;7.69;10.0;BUY
2016-04-28T06:28:50.000000;2016-04-28T06:28:50.617691;ac355317-3d72-4156-b084-7feb4fbdd938;7.7;25.70194072;BUY
2016-04-28T06:29:20.000000;2016-04-28T06:29:20.519597;506dae5f-7416-4db4-9319-e57a3d9a7c4a;7.7;7.29805928;BUY
2016-04-28T06:29:20.000000;2016-04-28T06:29:20.527626;79a36b87-d76b-44c3-bd12-1ffdd836cd40;7.7;10.2;BUY
2016-04-28T06:29:20.000000;2016-04-28T06:29:20.533599;98cf996d-3e43-4827-a06b-952423726fe7;7.7;10.0;BUY
2016-04-28T06:29:20.000000;2016-04-28T06:29:20.544598;a553316e-5176-468c-a57d-3b0fce60748b;7.7;3.50194072;BUY
2016-04-28T06:29:41.000000;2016-04-28T06:29:41.781731;37800c0d-0bdb-4f18-b98d-2e7451e956f0;7.6993;6.0;BUY
2016-04-28T06:30:10.000000;2016-04-28T06:30:10.071579;91f4b76c-0662-4a9a-b186-5a8f5dc2dd36;7.6993;0.56522531;BUY
2016-04-28T06:30:10.000000;2016-04-28T06:30:10.082579;aca0d3ac-4a14-4e75-b296-a4a858e8d09f;7.7;0.49805928;BUY
2016-04-28T06:30:10.000000;2016-04-28T06:30:10.090556;f1efb807-ccef-4162-9bae-1e3755c2c3b1;7.7;10.0;BUY
2016-04-28T06:30:10.000000;2016-04-28T06:30:10.099552;c73a8668-ca2f-4d0b-95de-20546ad9679b;7.71;10.0;BUY
2016-04-28T06:30:10.000000;2016-04-28T06:30:10.107576;c00d0811-1b14-40ea-8425-069cca19a2a1;7.72;10.0;BUY
2016-04-28T06:30:10.000000;2016-04-28T06:30:10.116563;9ba24087-c7cd-4871-864f-eab198df428a;7.7299;168.93671541;BUY
2016-04-28T06:39:32.000000;2016-04-28T06:39:32.732887;9e187435-0218-40ab-aaad-d913ec795f4b;7.702;97.5372;BUY
2016-04-28T06:39:32.000000;2016-04-28T06:39:32.742821;3f6550ee-af81-4f20-9bf6-85548ea168c0;7.703;1.0;BUY
2016-04-28T06:39:39.000000;2016-04-28T06:39:39.424491;37a44a9a-c3cc-4a87-bb97-4a058b18e0ae;7.703;2.59975;SELL
2016-04-28T06:39:47.000000;2016-04-28T06:39:47.751302;74a7d9f0-0ae9-4501-adc3-41cbbd4c3c40;7.703;4.65878194;SELL
2016-04-28T06:39:49.000000;2016-04-28T06:39:49.031494;1332be51-4ff2-4e4e-b12f-9b48918b1b54;7.703;32.444959;SELL
2016-04-28T06:39:49.000000;2016-04-28T06:39:49.983567;51f765e1-f38b-4563-9f31-09a9739eee92;7.703;36.50509275;SELL
2016-04-28T06:39:51.000000;2016-04-28T06:39:52.017903;5702bf2d-6786-4a26-9161-93c983c56400;7.703;5.48521701;SELL
2016-04-28T06:39:53.000000;2016-04-28T06:39:53.552916;2ffe72b2-26fc-455e-a124-6275f00a92f5;7.703;19.76899821;SELL
2016-04-28T06:40:01.000000;2016-04-28T06:40:01.078647;f246795c-4f31-4005-906b-8e1df86390b2;7.6482;0.55726542;SELL
2016-04-28T06:40:01.000000;2016-04-28T06:40:01.123689;fb728e53-d10e-428b-a02b-8ea754312488;7.6481;0.2542196;SELL
2016-04-28T06:52:56.000000;2016-04-28T06:52:56.057910;cc89a397-b1f5-4da5-8d69-cd04d2bfcae0;7.6488;6.60178062;SELL
2016-04-28T06:52:56.000000;2016-04-28T06:52:56.067928;ba0340fc-f9a5-4ca9-9469-0dbea8c6d07e;7.6481;0.32802203;SELL
2016-04-28T06:52:56.000000;2016-04-28T06:52:56.069922;dc94c0d4-7055-41c2-b46f-b1925d66b59b;7.6481;0.58224163;SELL
2016-04-28T06:52:56.000000;2016-04-28T06:52:56.073934;19ce5582-61ea-4fb1-8bc5-89730b3f6732;7.6481;3.16499281;SELL
2016-04-28T06:53:11.000000;2016-04-28T06:53:11.368475;000231d5-8759-46f6-bf85-a0d5fe62bc6e;7.6414;0.58224163;BUY
2016-04-28T06:53:11.000000;2016-04-28T06:53:11.525445;0c4e7ef5-e058-4186-9d12-01faa73ce25b;7.6414;3.16499281;BUY
2016-04-28T06:53:13.000000;2016-04-28T06:53:13.080604;e4724694-a034-4851-8646-d38a3a47cac4;7.6316;0.58224163;SELL
2016-04-28T06:58:42.000000;2016-04-28T06:58:42.678620;0cff3d0d-7aee-4a2e-b4b4-46ee25e60db9;7.6316;0.58224163;SELL
2016-04-28T06:58:42.000000;2016-04-28T06:58:42.687572;fa6e4570-e327-4de3-88d2-19b34e71f6b2;7.6315;0.57355893;SELL
2016-04-28T06:58:42.000000;2016-04-28T06:58:42.689571;5af645ae-f080-4b5b-83dc-e3d6b80a0060;7.63;6.46099321;SELL
2016-04-28T06:59:08.000000;2016-04-28T06:59:08.317293;07dae121-a5c1-493d-bc38-ce65f1f3d20e;7.63;1.0256223;SELL
2016-04-28T07:00:05.000000;2016-04-28T07:00:05.994086;85481535-659c-4cdf-8bd2-248044621a3d;7.63;3.34113935;SELL
2016-04-28T07:00:25.000000;2016-04-28T07:00:26.023062;ef649eaf-b75b-4ac8-bfcd-79c3f896e562;7.63;3.34146887;SELL
2016-04-28T07:00:37.000000;2016-04-28T07:00:37.241200;de5c885e-2f9b-4cae-ad77-eca5cab7375f;7.63;0.99799383;SELL
2016-04-28T07:00:39.000000;2016-04-28T07:00:39.816428;b7d8592f-892a-4de2-93a2-53fbfeaeb263;7.63;0.9996;SELL
2016-04-28T07:00:40.000000;2016-04-28T07:00:40.169466;33124ac7-ccb2-4df4-8acf-a6cfd428e09e;7.63;0.998;SELL
2016-04-28T07:00:41.000000;2016-04-28T07:00:41.550601;5ba7f9ad-f2f0-4352-b4d2-bb3e7da9c76d;7.63;0.99376441;SELL
2016-04-28T07:00:42.000000;2016-04-28T07:00:42.757762;39c1c37a-ce4a-4ce3-9d70-a2bed84a53cc;7.63;0.93947414;SELL
2016-04-28T07:00:43.000000;2016-04-28T07:00:43.555802;74b2d245-0fd6-4dc3-a754-0839118f594a;7.63;0.93947388;SELL
2016-04-28T07:00:43.000000;2016-04-28T07:00:44.324922;c8e9b924-08f9-438f-b158-9f1f2b3f97fe;7.63;0.8154972;SELL
2016-04-28T07:00:44.000000;2016-04-28T07:00:44.505951;e64cb6a8-2ef0-4808-a1c0-684a3ae06bca;7.63;0.94098005;SELL
2016-04-28T07:00:45.000000;2016-04-28T07:00:45.948041;890a2307-dbd6-4a3e-898f-1f400464ced2;7.63;0.94595922;SELL
2016-04-28T07:00:46.000000;2016-04-28T07:00:46.058100;89fb062b-82df-41f7-b366-4cf512a95df9;7.63;0.99376441;SELL
2016-04-28T07:00:46.000000;2016-04-28T07:00:46.861134;c3e9ede6-3bac-455c-8767-011d215613b5;7.63;0.94098005;SELL
2016-04-28T07:00:48.000000;2016-04-28T07:00:48.868340;ffe3c163-84ed-484c-8570-b32d4ed7b608;7.63;0.82378904;SELL
2016-04-28T07:00:49.000000;2016-04-28T07:00:49.090852;b9bd3ceb-a2ca-4b52-896d-6c939d57fbb2;7.63;0.99376441;SELL
2016-04-28T07:00:52.000000;2016-04-28T07:00:52.346721;8d6fdce0-0aad-4089-95d8-60874628ea7f;7.63;15.94950763;SELL
2016-04-28T07:00:53.000000;2016-04-28T07:00:53.323816;1ad431c5-6ed6-4028-8dbc-7ac9a032904b;7.63;0.8321584;SELL
2016-04-28T07:00:54.000000;2016-04-28T07:00:54.445895;273156f5-32ec-4f8c-af4d-5013d75b5428;7.63;0.99376441;SELL
2016-04-28T07:00:57.000000;2016-04-28T07:00:57.913232;3ea8d207-c6b2-4d51-9400-83f5b38cd5da;7.63;0.84061271;SELL
2016-04-28T07:00:59.000000;2016-04-28T07:00:59.256409;8859f10c-68d8-4d92-9739-e280fb0bbb87;7.63;0.99376441;SELL
2016-04-28T07:01:03.000000;2016-04-28T07:01:03.096770;be26382c-17fb-45a5-918e-eb0986f7bacf;7.63;0.85085314;SELL
2016-04-28T07:01:06.000000;2016-04-28T07:01:06.584151;e1369663-904c-4244-b890-f84f793bc78d;7.63;0.99376441;SELL
2016-04-28T07:01:07.000000;2016-04-28T07:01:07.657252;d961e120-4f48-4e55-a4af-061b37eba11d;7.63;0.85779934;SELL
2016-04-28T07:01:09.000000;2016-04-28T07:01:09.661419;2ddbbc2d-5a31-442b-a953-60d1844156d3;7.63;0.99376441;SELL
2016-04-28T07:01:12.000000;2016-04-28T07:01:12.089747;30c74e86-13aa-4ed8-8a74-3e7785020eaf;7.63;0.99376441;SELL
2016-04-28T07:01:12.000000;2016-04-28T07:01:12.698760;3507ead6-9c0e-40a3-b339-5be066e4537a;7.63;0.8682509;SELL
2016-04-28T07:01:14.000000;2016-04-28T07:01:14.381890;32df3649-eca8-4b34-9d6e-04ba1bba1291;7.63;0.99376441;SELL
2016-04-28T07:01:16.000000;2016-04-28T07:01:16.773128;e6a9e1fe-9e4f-44f6-9f68-e9671f0e73b0;7.63;0.99376441;SELL
2016-04-28T07:01:17.000000;2016-04-28T07:01:17.528211;d0d9aae1-e1e7-40db-9236-42d704dd4923;7.63;0.87533983;SELL
2016-04-28T07:01:18.000000;2016-04-28T07:01:18.602335;c0c90f24-7ea7-4012-9040-2afe28864ec1;7.63;0.99376441;SELL
2016-04-28T07:01:21.000000;2016-04-28T07:01:21.609621;059ba7b6-4320-4b6b-98e4-d21e7ab2b574;7.63;0.99376441;SELL
2016-04-28T07:01:22.000000;2016-04-28T07:01:22.152734;fd154713-c2db-4d6f-87a3-400305d9744c;7.63;0.88600486;SELL
2016-04-28T07:01:25.000000;2016-04-28T07:01:25.139968;a8ddb337-8bf9-41eb-b84c-2dc42e1994d1;7.63;0.99376441;SELL
2016-04-28T07:01:26.000000;2016-04-28T07:01:26.970178;1f365e7b-d122-4e20-b676-8bb7477166b2;7.63;0.89502641;SELL
2016-04-28T07:01:31.000000;2016-04-28T07:01:31.847654;704a0085-3bac-4e4b-bd3d-e8e29ca67e96;7.63;0.90233476;SELL
2016-04-28T07:01:35.000000;2016-04-28T07:01:35.202979;d20ce135-00f9-4291-99e0-29168832e796;7.63;0.1;SELL
2016-04-28T07:01:35.000000;2016-04-28T07:01:35.325032;0cf2aea5-3fb7-4b75-aca7-5ae92633b8db;7.63;4.97994217;SELL
2016-04-28T07:01:36.000000;2016-04-28T07:01:36.542132;e19e3105-789d-410a-baaa-6155ff07a1cd;7.63;0.91150409;SELL
2016-04-28T07:01:41.000000;2016-04-28T07:01:41.555640;a794a521-f3c1-4336-b0be-d5308d1fc9b9;7.63;0.92076478;SELL
2016-04-28T07:01:46.000000;2016-04-28T07:01:46.473147;2706e14b-4c44-4d5b-a05f-21ba7310497e;7.63;0.93198186;SELL
2016-04-28T07:01:51.000000;2016-04-28T07:01:51.274606;f8f5f4d5-3ee5-4499-ac70-952fe3e5f4c5;7.63;0.93959055;SELL
2016-04-28T07:01:55.000000;2016-04-28T07:01:55.752025;62d00019-e10b-4cf7-9f01-5321bc22ff03;7.63;0.94913856;SELL
2016-04-28T07:02:00.000000;2016-04-28T07:02:00.685545;c27630fd-4219-4175-bd6f-b289a014686e;7.63;0.95878208;SELL
2016-04-28T07:02:07.000000;2016-04-28T07:02:07.515223;5ef88aa6-5e81-476d-bd33-3dbab8f8dab6;7.63;0.97046178;SELL
2016-04-28T07:02:12.000000;2016-04-28T07:02:12.983758;0363f39f-8a78-4bc5-97f6-dbee4db4ecb6;7.63;0.97838406;SELL
2016-04-28T07:02:16.000000;2016-04-28T07:02:16.253105;371e312d-7c46-4dc9-a852-6cbbba795f55;7.63;0.99376441;SELL
2016-04-28T07:02:18.000000;2016-04-28T07:02:18.625313;0ff49bf5-afc0-4332-bfd3-4e46bb461408;7.63;0.99030453;SELL
2016-04-28T07:02:19.000000;2016-04-28T07:02:19.136383;2a9125d0-c60c-4360-9b78-c73f51d491e0;7.63;0.99376441;SELL
2016-04-28T07:02:23.000000;2016-04-28T07:02:23.313779;4acdb502-ee7c-4a4b-8c9f-0e205a4a0082;7.63;0.99838969;SELL
2016-04-28T07:02:23.000000;2016-04-28T07:02:23.932833;2b217c64-4c1c-4342-b764-7a5fcab0bd2c;7.63;0.99376441;SELL
2016-04-28T07:02:26.000000;2016-04-28T07:02:26.234070;28739daf-bea4-4a83-878d-5f2c42a5c954;7.63;0.99376441;SELL
2016-04-28T07:02:27.000000;2016-04-28T07:02:27.886299;f26cb1c7-d144-473b-b6b8-b74af821de82;7.63;1.00853452;SELL
2016-04-28T07:02:30.000000;2016-04-28T07:02:30.221486;21bdd6a1-7560-4fd4-8f85-196abe69c7da;7.63;0.99376441;SELL
2016-04-28T07:02:32.000000;2016-04-28T07:02:32.469725;ecd50272-575d-4765-b2f8-e2368a76f9b9;7.63;0.99376441;SELL
2016-04-28T07:02:32.000000;2016-04-28T07:02:32.514695;5f0d17b6-f7f5-4d23-9f22-cb207a2c680b;7.63;1.01878137;SELL
2016-04-28T07:02:36.000000;2016-04-28T07:02:36.649129;4140aafb-02a5-43af-b9a2-0ae2f6518d8b;7.63;0.99376441;SELL
2016-04-28T07:02:37.000000;2016-04-28T07:02:37.540279;b50e7b48-3948-48e5-9a7f-0d18d5594da1;7.63;1.03119215;SELL
2016-04-28T07:02:38.000000;2016-04-28T07:02:38.974359;8f1e02b5-0001-43e1-b34d-48dbbc8a9a0e;7.63;0.99376441;SELL
2016-04-28T07:02:42.000000;2016-04-28T07:02:42.180667;23d05228-1298-4f56-be93-bfcacaf4a4d4;7.63;0.99376441;SELL
2016-04-28T07:02:42.000000;2016-04-28T07:02:42.681720;6a7122af-f138-4bb2-a766-69787bd63de3;7.63;1.03961052;SELL
2016-04-28T07:02:45.000000;2016-04-28T07:02:45.902047;12051ef5-35d0-496c-91bb-86be177472fd;7.63;0.99376441;SELL
2016-04-28T07:02:47.000000;2016-04-28T07:02:47.257187;5f2ff838-9c69-491e-8f9d-c034b8bdc267;7.63;1.05017533;SELL
2016-04-28T07:02:52.000000;2016-04-28T07:02:52.370718;da3f5d27-0326-4686-8707-be60fe52175b;7.63;1.0608446;SELL
2016-04-28T07:03:02.000000;2016-04-28T07:03:02.349690;ace5b78f-4551-428f-8691-0e6546458bf3;7.63;1.07376749;SELL
2016-04-28T07:03:11.000000;2016-04-28T07:03:11.901632;85a1f5be-d63e-43c2-967a-d485f64f33ef;7.63;1.08472895;SELL
2016-04-28T07:03:16.000000;2016-04-28T07:03:16.729140;472a5cfd-3db4-4870-afb2-67d81725fde9;7.63;1.09582706;SELL
2016-04-28T07:03:21.000000;2016-04-28T07:03:21.780647;886b9cb9-c968-497d-94b0-76d515518e74;7.63;1.10701209;SELL
2016-04-28T07:03:22.000000;2016-04-28T07:03:22.856745;e7dee1aa-3b04-4306-a0a9-c6a3e182888e;7.63;0.15271949;SELL
2016-04-28T07:03:26.000000;2016-04-28T07:03:26.976137;f9b8e21c-2993-45d6-afb1-5b63c14170c1;7.63;1.11610136;SELL
2016-04-28T07:03:32.000000;2016-04-28T07:03:33.270801;2df20cb9-67c7-4594-8be3-08c6094c8d85;7.63;1.12751894;SELL
2016-04-28T07:03:37.000000;2016-04-28T07:03:37.992240;e205b85b-84fc-4643-8e34-526a8cca4fca;7.63;4.83880984;SELL
2016-04-28T07:03:39.000000;2016-04-28T07:03:39.605418;5a444483-04e8-4b49-99b7-90aade8b6d65;7.63;1.13907602;SELL
2016-04-28T07:03:43.000000;2016-04-28T07:03:43.704827;24b53f00-09f1-4a48-871d-8c23148b691d;7.63;10.74522414;SELL
2016-04-28T07:03:51.000000;2016-04-28T07:03:51.552672;1abe790c-d445-4aca-99a6-251cf85ea781;7.63;18.75752165;SELL
2016-04-28T07:04:43.000000;2016-04-28T07:04:43.274778;9591f80b-e1dd-4406-b725-655867d995b8;7.63;23.42572554;SELL
2016-04-28T07:05:02.000000;2016-04-28T07:05:02.387676;7455e412-d5c5-457c-a1ae-ded1d725ad52;7.63;12.35034424;SELL
2016-04-28T07:05:02.000000;2016-04-28T07:05:02.401683;62252fbb-0e79-4ea7-a167-f17a52a2add0;7.625;11.0822712;SELL
2016-04-28T07:05:06.000000;2016-04-28T07:05:06.816130;92c8cf3a-7adf-4d17-93eb-4d54f83e1dc6;7.625;23.43261555;SELL
2016-04-28T07:05:10.000000;2016-04-28T07:05:10.512502;e5937efc-6058-44a7-abbb-7a7d9a702b62;7.625;23.43261555;SELL
2016-04-28T07:05:14.000000;2016-04-28T07:05:14.595908;6f12f01e-157c-4660-b59f-41d90b2f6e92;7.625;23.43261555;SELL
2016-04-28T07:05:18.000000;2016-04-28T07:05:18.496327;e66e4723-7137-4bea-b572-7bbade710aa2;7.625;18.61988215;SELL
2016-04-28T07:05:18.000000;2016-04-28T07:05:18.508292;3e23479f-d8ab-4f04-951e-e30bdc3a570c;7.609;4.81273355;SELL
2016-04-28T07:05:22.000000;2016-04-28T07:05:22.746725;148ac458-1793-449e-a459-1457c0fb6e9d;7.609;23.43261555;SELL
2016-04-28T07:05:29.000000;2016-04-28T07:05:30.197479;396acb82-97cc-4dbe-88c9-a4df23c83d58;7.609;23.43261555;SELL
2016-04-28T07:05:29.000000;2016-04-28T07:05:30.205498;ea88943e-99b6-4d4d-965f-4c88186edaa7;7.609;1.45238403;SELL
2016-04-28T07:05:33.000000;2016-04-28T07:05:33.584798;c20f8c65-df74-46ab-9d75-3ccdf1163edc;7.6072;0.57623603;SELL
2016-04-28T07:05:33.000000;2016-04-28T07:05:33.591814;fcd58f1a-29c9-4389-9aad-0fca76917580;7.6001;11.27554822;SELL
2016-04-28T07:05:33.000000;2016-04-28T07:05:33.597819;add9cb96-f458-4a7b-b473-112c67b2329e;7.6001;0.3788143;SELL
2016-04-28T07:05:33.000000;2016-04-28T07:05:33.604844;e322584d-7c77-43f6-8023-474f2aba8eff;7.6;11.202017;SELL
2016-04-28T07:05:36.000000;2016-04-28T07:05:36.650121;db2a6263-5a9e-43af-81f6-e821935d52ee;7.6;23.43261568;SELL
2016-04-28T07:13:32.000000;2016-04-28T07:13:32.853722;0eae3c28-8a68-4733-a91d-b9bf2c833fe5;7.6;0.998;SELL
2016-04-28T07:13:34.000000;2016-04-28T07:13:34.835948;ea615801-d1f6-4fc8-8ac4-8e1cb5a20c0b;7.6;0.998;SELL
2016-04-28T07:13:35.000000;2016-04-28T07:13:35.800548;9c90ba94-b11e-41f3-b076-0a4df09cb395;7.6;0.9996;SELL
2016-04-28T07:13:37.000000;2016-04-28T07:13:37.615209;39742ece-fc74-41ad-8bde-6d92f7d9f373;7.6;1.14482303;SELL
2016-04-28T07:13:37.000000;2016-04-28T07:13:37.652219;293ec4c3-0569-4675-99b4-12c8c517750e;7.6;0.9996;SELL
2016-04-28T07:13:37.000000;2016-04-28T07:13:37.829231;ef582295-dce8-4492-bb6d-ca2bdc7089e8;7.6;0.998;SELL
2016-04-28T07:13:39.000000;2016-04-28T07:13:39.299366;dc3fc299-8ae7-4f44-9928-79dc0e2cfb27;7.6;0.998;SELL
2016-04-28T07:13:40.000000;2016-04-28T07:13:40.645519;b16b1acb-cc3f-4eb6-9a53-27ab9309822e;7.6;0.998;SELL
2016-04-28T07:13:41.000000;2016-04-28T07:13:41.959636;c13e60fb-7bfd-4712-91c5-db098d6705d9;7.6;0.998;SELL
2016-04-28T07:13:42.000000;2016-04-28T07:13:42.450688;a41b6641-cd12-47c4-9800-c0559fce2819;7.6;1.15105031;SELL
2016-04-28T07:13:43.000000;2016-04-28T07:13:43.605810;9bf41658-99f0-4ca5-b051-a2efa86b33e3;7.6;0.998;SELL
2016-04-28T07:13:44.000000;2016-04-28T07:13:44.217865;9c302ac0-9273-4857-824a-fd9d4b30ff79;7.6;0.9996;SELL
2016-04-28T07:13:45.000000;2016-04-28T07:13:46.097061;f6dcc4ed-90ab-4a79-b880-670f6f895c16;7.6;0.998;SELL
2016-04-28T07:13:46.000000;2016-04-28T07:13:46.605108;8ea622ff-399e-43d7-89cd-8907b774adae;7.6;0.998;SELL
2016-04-28T07:13:47.000000;2016-04-28T07:13:47.634218;f417665b-e00b-41d1-bd51-8a5d21632151;7.6;1.15722794;SELL
2016-04-28T07:13:48.000000;2016-04-28T07:13:48.824324;1486b488-03e9-4e4e-a752-36a25c6fa910;7.6;0.998;SELL
2016-04-28T07:13:50.000000;2016-04-28T07:13:50.361512;ccee6246-ca11-4623-ba73-e9bbe2ab5854;7.6;0.998;SELL
2016-04-28T07:13:50.000000;2016-04-28T07:13:50.413484;6acbeca5-6e4e-4308-ab3b-ee9903cd4ece;7.6;0.998;SELL
2016-04-28T07:13:50.000000;2016-04-28T07:13:50.932550;ae54c9f9-7e82-412e-8f65-afd306dad525;7.6;0.998;SELL
2016-04-28T07:13:51.000000;2016-04-28T07:13:51.475596;603e6bd5-83b8-4192-917c-3cc68acd0529;7.6;0.998;SELL
2016-04-28T07:13:52.000000;2016-04-28T07:13:52.487717;000776e9-56aa-49f5-acab-9d76f8c07ce2;7.6;0.998;SELL
2016-04-28T07:13:52.000000;2016-04-28T07:13:52.804731;f06882d0-dd8b-42a7-b807-d54be356f221;7.6;1.16343935;SELL
2016-04-28T07:13:54.000000;2016-04-28T07:13:54.070853;e9aff0ef-2090-4a97-bf47-a5e1937a1f65;7.6;0.998;SELL
2016-04-28T07:13:55.000000;2016-04-28T07:13:55.573006;3be45a56-9582-4fb7-9af4-88e9a2598cf9;7.6;0.998;SELL
2016-04-28T07:13:56.000000;2016-04-28T07:13:56.837122;4b526972-278b-4fc8-9102-9dc177b26653;7.6;0.998;SELL
2016-04-28T07:13:57.000000;2016-04-28T07:13:57.272115;9d9f6b8f-5cb0-441b-92af-1ae29fd2257c;7.6;1.17202571;SELL
2016-04-28T07:13:57.000000;2016-04-28T07:13:57.511189;52d6122e-5098-443f-8fb8-688a9cb54f5f;7.6;0.9996;SELL
2016-04-28T07:13:58.000000;2016-04-28T07:13:58.256182;ad943c2f-2790-432f-b09a-bf021ad0afd2;7.6;0.998;SELL
2016-04-28T07:13:59.000000;2016-04-28T07:13:59.331332;6bfbcc70-d44e-4f46-9b43-69f18d10626b;7.6;0.998;SELL
2016-04-28T07:14:02.000000;2016-04-28T07:14:02.348597;f3c0662f-7bb9-4bee-b606-7698f5ad283f;7.6;1.17597764;SELL
2016-04-28T07:14:02.000000;2016-04-28T07:14:02.371623;7bcec39e-1534-4676-bd6c-63de44d0be22;7.6;0.998;SELL
2016-04-28T07:14:05.000000;2016-04-28T07:14:05.307893;fdbb6840-5991-4419-ab68-96856b8e2282;7.6;0.998;SELL
2016-04-28T07:14:13.000000;2016-04-28T07:14:13.080680;d1cf10a9-d71e-4da3-ace5-64b906b20f14;7.6;32.44642334;SELL
2016-04-28T07:14:20.000000;2016-04-28T07:14:20.719462;7830ddf6-90a6-42af-80c4-0a6c1c7a9628;7.5937;0.58;SELL
2016-04-28T07:14:21.000000;2016-04-28T07:14:21.576526;d2d963e6-0029-495e-a112-9f397156bae3;7.5937;0.00193669;SELL
2016-04-28T07:14:24.000000;2016-04-28T07:14:25.028505;edcb44b5-4eba-4f87-8155-e5f46baf40cb;7.5862;19.73686214;SELL
2016-04-28T07:14:24.000000;2016-04-28T07:14:25.039118;dcd492e2-0ae7-4947-96e8-855930ed78fe;7.5862;11.27554822;SELL
2016-04-28T07:14:24.000000;2016-04-28T07:14:25.045861;e8c73c96-f41d-42c8-a53f-ef6a73e7895b;7.5862;0.37758964;SELL
2016-04-28T07:14:25.000000;2016-04-28T07:14:25.698933;9b34e99b-c616-4541-975c-ce770f05b0cf;7.5862;0.00122466;SELL
2016-04-28T07:19:04.000000;2016-04-28T07:19:04.233821;aa5d19d9-6e73-4441-8648-9e294f3a5c3b;7.55;10.06009875;SELL
2016-04-28T07:19:44.000000;2016-04-28T07:19:44.720897;96cebe73-bf1b-4295-ac18-20e9c2535ad9;7.55;39.93990125;SELL
2016-04-28T07:19:44.000000;2016-04-28T07:19:44.747816;e4ea75d5-7e11-45ba-8ab4-0341bcc10245;7.5382;19.86253794;SELL
2016-04-28T07:19:44.000000;2016-04-28T07:19:44.757842;4344693b-af81-4e9d-b621-4dba6c6985ed;7.5351;19.3439391;SELL
2016-04-28T07:19:44.000000;2016-04-28T07:19:44.763852;1060ebf1-1405-4309-ab84-bf35cb8a000f;7.5201;23.4999406;SELL
2016-04-28T07:19:44.000000;2016-04-28T07:19:44.773858;ac5f1295-77c4-49ec-bd68-507a6f00e32c;7.511;19.3439391;SELL
2016-04-28T07:19:44.000000;2016-04-28T07:19:44.783836;644d8362-4652-4446-918c-62458699ba54;7.5083;5.5171;SELL
2016-04-28T07:19:44.000000;2016-04-28T07:19:44.784840;e72d58e1-a018-49b8-b70e-68d254adeeb9;7.504;3.66770706;SELL
2016-04-28T07:19:44.000000;2016-04-28T07:19:44.796869;c3124e60-7c96-455a-bb75-4bf5e4dfa5aa;7.5033;19.76133102;SELL
2016-04-28T07:19:44.000000;2016-04-28T07:19:44.807869;4af9ec02-6c8a-423e-b63f-5964d205fbc2;7.5;10.4;SELL
2016-04-28T07:19:44.000000;2016-04-28T07:19:44.816850;c39494dc-d987-4e20-8cf0-c815304e26d0;7.5;200.0;SELL
2016-04-28T07:19:44.000000;2016-04-28T07:19:44.829908;95d94686-2ed2-4b27-8843-69a16ad92acd;7.4899;5.0;SELL
2016-04-28T07:19:44.000000;2016-04-28T07:19:44.848849;ac9b9e99-ba6f-433d-8a5f-ff63d379ebf3;7.3923;3.59208;SELL
2016-04-28T07:19:44.000000;2016-04-28T07:19:44.882850;b2f435f6-184c-4117-aca8-95b859dab398;7.3923;7.063652;SELL
2016-04-28T07:19:44.000000;2016-04-28T07:19:44.924105;c732ba89-9434-430c-8e71-0393d0e63454;7.3311;123.00787084;SELL
2016-04-28T07:19:48.000000;2016-04-28T07:19:48.281225;eb0f5bee-c7a2-4fc4-8a82-c6483eb15c34;7.5679;18.63089443;BUY
2016-04-28T07:19:48.000000;2016-04-28T07:19:48.320325;5f1cbb30-b9f7-4209-a9be-400738e36290;7.5679;7.4085942;BUY
2016-04-28T07:19:48.000000;2016-04-28T07:19:48.325269;bf492c8b-5c63-4805-9e63-ef414c5000bd;7.568;22.26789567;BUY
2016-04-28T07:19:48.000000;2016-04-28T07:19:48.625217;493e9004-38f8-4ca1-a83e-f870a23206a8;7.568;29.67648987;BUY
2016-04-28T07:19:49.000000;2016-04-28T07:19:49.802388;f62c9313-eebc-4a4b-b1cc-e364cc2b3111;7.3922;20.25483395;SELL
2016-04-28T07:19:49.000000;2016-04-28T07:19:49.826375;54f77dc5-f5a4-4b6a-b79c-d0d1eedbdb02;7.3921;1.499999;SELL
2016-04-28T07:19:49.000000;2016-04-28T07:19:49.834382;a23f70bc-4bde-4933-af22-292c2103fa98;7.392;4.8735237;SELL
2016-04-28T07:19:49.000000;2016-04-28T07:19:49.843345;e0854a8b-6312-43d3-8c6d-c7fc526e10a6;7.3311;169.95212916;SELL
2016-04-28T07:19:49.000000;2016-04-28T07:19:49.858346;069ddabe-5f3e-4d08-85dc-93c3d337d736;7.3311;110.07951419;SELL
2016-04-28T07:19:49.000000;2016-04-28T07:19:49.893356;4c460ea1-347f-4ce2-b06e-fbd773fc3a4b;7.3311;92.44754439;SELL
2016-04-28T07:20:02.000000;2016-04-28T07:20:02.727638;15f63f6b-355d-4094-bbb2-7d64e1179a52;7.3925;9.401198;SELL
2016-04-28T07:20:02.000000;2016-04-28T07:20:02.737913;d23edb8f-8f37-4884-8f78-0235545e5bf4;7.3924;20.25428596;SELL
2016-04-28T07:20:02.000000;2016-04-28T07:20:02.745640;a4361891-e9d4-4e79-bdaf-40aff1d9308d;7.3921;1.4297928;SELL
2016-04-28T07:20:27.000000;2016-04-28T07:20:28.028158;65853314-9e5a-4b41-b1ac-3eacb3d513dd;7.5247;0.58830451;BUY
2016-04-28T07:20:27.000000;2016-04-28T07:20:28.058163;c9df10d5-b44c-4b18-9a3a-d0e1e5694e1c;7.5579;7.44299549;BUY
2016-04-28T07:27:17.000000;2016-04-28T07:27:17.970198;e0c37eb5-90a4-4024-b433-e4d27e6f4ec8;7.42;50.0;SELL
2016-04-28T07:27:59.000000;2016-04-28T07:28:00.017626;b23b89c4-3fab-4e7b-ab10-c371e86db6a1;7.3202;20.45405638;SELL
2016-04-28T07:27:59.000000;2016-04-28T07:28:00.025417;ce237334-0d44-41e2-877a-0d29fe051764;7.32;1.0;SELL
2016-04-28T07:27:59.000000;2016-04-28T07:28:00.028372;049a20ed-f4d5-4387-b6e2-c0fbabe0b17d;7.31;23.45755066;SELL
2016-04-28T07:27:59.000000;2016-04-28T07:28:00.031364;bf6b7e40-867f-40c6-b9f4-6e2e071249a8;7.309;5.08839296;SELL
2016-04-28T07:28:22.000000;2016-04-28T07:28:22.097555;ac4d2673-b255-4c94-adc7-a7cab9be459c;7.34;9.99999999;SELL
2016-04-28T07:28:27.000000;2016-04-28T07:28:27.660116;cf0fbfbb-e031-4793-a861-c6db2ccb6487;7.34;4.84482046;BUY
2016-04-28T07:28:30.000000;2016-04-28T07:28:30.856424;4c1de61d-4454-4560-ad4a-d6da86fa33ce;7.34;4.77569215;BUY
2016-04-28T07:28:33.000000;2016-04-28T07:28:33.919739;320a29d0-7547-49dd-a599-ea3ea4c0ebc6;7.34;4.68827766;BUY
2016-04-28T07:28:34.000000;2016-04-28T07:28:34.358790;96aef84b-b171-4fb3-b795-8bab9dc20d0d;7.34;52.6514;BUY
2016-04-28T07:28:37.000000;2016-04-28T07:28:37.549102;430695c7-f510-41db-97c3-41ef8943094f;7.34;4.55359048;BUY
2016-04-28T07:29:53.000000;2016-04-28T07:29:53.488002;fa838b8e-ae68-46a4-9ed9-3a1e9987c4fc;7.3393;6.0;BUY
2016-04-28T07:30:39.000000;2016-04-28T07:30:39.273515;b90888c0-5286-474c-8ac9-acee5fbd3b41;7.33;10.0;BUY
2016-04-28T07:30:39.000000;2016-04-28T07:30:39.281202;c1cedbf9-f1ce-408b-87c4-bf685209e543;7.34;18.48621926;BUY
2016-04-28T07:30:39.000000;2016-04-28T07:30:39.289505;dc6c7008-b086-48b6-aed0-18936a336f98;7.34;102.0533;BUY
2016-04-28T07:32:10.000000;2016-04-28T07:32:10.292655;c5149b22-d951-446c-a732-56242ec09939;7.36;10.0;SELL
2016-04-28T07:32:10.000000;2016-04-28T07:32:10.295617;359aeffa-d4ee-43ae-a231-ccdd13d50b10;7.35;9.7393;SELL
2016-04-28T07:32:14.000000;2016-04-28T07:32:14.198013;5afa1d20-7a0c-4965-a38f-85989307ba66;7.35;32.18614;BUY
2016-04-28T07:32:18.000000;2016-04-28T07:32:18.262415;897f0fa4-5b40-4883-a4b1-c7bf99c4eb82;7.35;5.98603127;BUY
2016-04-28T07:32:47.000000;2016-04-28T07:32:47.144302;e52da22b-b3a5-4ea9-8896-64213d04668d;7.35;34.51314326;BUY
2016-04-28T07:32:48.000000;2016-04-28T07:32:48.287408;f8c36201-94ee-400f-aad5-9135c54678e0;7.35;34.52000653;BUY
2016-04-28T07:32:49.000000;2016-04-28T07:32:49.432529;65d87f3f-7e60-431a-82f9-2b73fdb92cdc;7.35;31.18684353;BUY
2016-04-28T07:32:53.000000;2016-04-28T07:32:53.405945;7f776843-331e-429b-94e2-f9717696d087;7.35;34.53307088;BUY
2016-04-28T07:32:53.000000;2016-04-28T07:32:53.615941;295e5e32-90a1-4c78-9d8c-6d70e89e77ec;7.35;67.72253774;BUY
2016-04-28T07:32:54.000000;2016-04-28T07:32:54.745050;fe9296a1-5a17-46fa-bf46-cf30ecb232fa;7.35;166.89731737;BUY
2016-04-28T07:32:58.000000;2016-04-28T07:32:58.491431;ffec3c92-7c66-43cf-b0ce-e22f9b6eefb3;7.35;34.42026416;BUY
2016-04-28T07:32:59.000000;2016-04-28T07:32:59.832559;07b1cd42-dd6e-4299-9045-92b453947ccf;7.35;34.55184789;BUY
2016-04-28T07:33:00.000000;2016-04-28T07:33:00.137626;5d63165c-419f-4bce-9f40-a93fad6c9acd;7.35;3.31986095;BUY
2016-04-28T07:33:03.000000;2016-04-28T07:33:03.730345;34623db4-f6e3-4335-bf0d-bf17d1bbfb0f;7.35;3.37492209;BUY
2016-04-28T07:33:05.000000;2016-04-28T07:33:05.235118;c1d6fe16-235c-493b-974f-91b42ded8397;7.35;36.25;BUY
2016-04-28T07:33:06.000000;2016-04-28T07:33:06.959318;018ff1d2-ab60-4fd0-b28b-bc83732fb555;7.35;6.02638481;BUY
2016-04-28T07:33:09.000000;2016-04-28T07:33:09.523529;c7ca6cfc-497c-4c80-97cf-37a7ce436ce9;7.35;38.2;BUY
2016-04-28T07:33:10.000000;2016-04-28T07:33:10.191612;ed50a7da-130c-426f-8996-de49f9150ad6;7.35;24.03242675;BUY
2016-04-28T07:33:10.000000;2016-04-28T07:33:10.452670;3a3d52cb-e5e7-40eb-9556-117a65430713;7.35;169.62;BUY
2016-04-28T07:33:11.000000;2016-04-28T07:33:11.132695;a45691a7-d673-4f7f-a09a-44231f138aff;7.35;1.21354108;BUY
2016-04-28T07:33:11.000000;2016-04-28T07:33:11.492773;5454f80d-c029-4dbd-9904-50b359dd3e9a;7.35;92.0;BUY
2016-04-28T07:33:12.000000;2016-04-28T07:33:12.666862;428609d9-b210-4eea-acc2-3afdc261e03d;7.35;291.13;BUY
2016-04-28T07:33:13.000000;2016-04-28T07:33:13.393997;c6f3003f-54f0-44e0-944a-900aa7ab6d83;7.35;276.61;BUY
2016-04-28T07:33:13.000000;2016-04-28T07:33:14.132052;6f460a08-70ba-4154-8dfa-972a0ad994be;7.35;24.03242675;BUY
2016-04-28T07:33:13.000000;2016-04-28T07:33:14.227016;60db240d-cd5b-423e-82b7-ac0573cc7d13;7.35;67.8550972;BUY
2016-04-28T07:33:13.000000;2016-04-28T07:33:14.247007;5d7d085c-e849-4021-be04-04b15e0220a2;7.35;1.16367607;BUY
2016-04-28T07:33:14.000000;2016-04-28T07:33:15.060115;d9888892-f81e-44df-ac6e-293b35123817;7.35;89.08111681;BUY
2016-04-28T07:33:17.000000;2016-04-28T07:33:17.737378;10d13fb4-e515-40a5-a47c-17a8659d73b8;7.3652;0.6;BUY
2016-04-28T07:33:18.000000;2016-04-28T07:33:18.855479;004a55d8-c63e-4f53-a532-7852d3c014fb;7.3652;0.00219198;BUY
2016-04-28T07:33:18.000000;2016-04-28T07:33:18.865504;f3a30463-44bb-4f99-a656-4f43d8f3cc38;7.4176;1.21039494;BUY
2016-04-28T07:33:50.000000;2016-04-28T07:33:50.923686;cb6fda02-5ee5-493f-bc4f-6128cb41694d;7.4176;3.30337269;BUY
2016-04-28T07:34:07.000000;2016-04-28T07:34:07.133339;967a7246-8cde-420a-bc5b-0d4b3ad0ffd5;7.419;0.59948444;BUY
2016-04-28T07:34:07.000000;2016-04-28T07:34:07.141366;3b2fd40d-15d8-4422-82cb-7c2ce0294236;7.42;3.53998124;BUY
2016-04-28T07:38:09.000000;2016-04-28T07:38:09.432566;8ee453df-5b28-4474-9812-9247e9982ba3;7.4222;0.59315499;SELL
2016-04-28T07:38:10.000000;2016-04-28T07:38:10.160599;b00b5e1d-df1e-42a1-a1e5-26d3a0320deb;7.4215;1.46231543;BUY
2016-04-28T07:48:33.000000;2016-04-28T07:48:33.911958;dec36743-5400-4ec3-895d-bdaeaaf4367e;7.4177;1.0;SELL
2016-04-28T07:48:35.000000;2016-04-28T07:48:36.028136;6a0d2155-71a1-487e-9cf3-05b9b1ca8b4d;7.455;0.21483482;BUY
2016-04-28T07:48:36.000000;2016-04-28T07:48:36.830216;d6cbe6d3-85e9-4dbc-9fe2-99dd2119a1c6;7.455;0.21483482;BUY
2016-04-28T07:49:32.000000;2016-04-28T07:49:32.576789;fe0367e6-eef9-4dfb-8180-2f035ab4f1e4;7.4177;1.0;SELL
2016-04-28T07:49:33.000000;2016-04-28T07:49:33.833903;a83c137f-f192-41cb-9b7e-36b6b5999e8c;7.4509;0.46231543;BUY
2016-04-28T07:52:47.000000;2016-04-28T07:52:47.117268;387b7a75-7c38-4a31-86a3-bb5047909bb4;7.4176;1.0;SELL
2016-04-28T07:57:51.000000;2016-04-28T07:57:51.074616;2c4cbc7f-4793-40a5-969d-9f63629c697a;7.467;0.3248;BUY
2016-04-28T07:58:56.000000;2016-04-28T07:58:56.959210;4b14a85d-8f0a-42bc-ad70-2df195f23baf;7.421;20.0;SELL
2016-04-28T08:00:49.000000;2016-04-28T08:00:49.698552;f60eee08-691b-4ffc-9fd4-aa77ba60cb4a;7.467;2.6752;BUY
2016-04-28T08:00:53.000000;2016-04-28T08:00:53.896948;bfe14c24-0772-4188-a829-eebaab35fffd;7.467;22.59775;SELL
2016-04-28T08:01:57.000000;2016-04-28T08:01:58.017352;1c3625b3-db70-4b68-81ee-f3603065e6e6;7.467;9.05233418;SELL
2016-04-28T08:01:57.000000;2016-04-28T08:01:58.024392;e28bff40-a129-475c-bc4c-7d38b69868de;7.4229;0.54766582;SELL
2016-04-28T08:09:41.000000;2016-04-28T08:09:41.365686;d42ec496-11ef-4e36-b67a-a9c63f59dbea;7.44;5.0;SELL
2016-04-28T08:10:50.000000;2016-04-28T08:10:50.314574;97a0a273-7e64-4eef-9f1a-74fc0a246077;7.43;2.59975;SELL
2016-04-28T08:11:01.000000;2016-04-28T08:11:01.447705;dcef83f2-51fb-4f9e-8cca-19cfaf0efbd1;7.43;1.0;SELL
2016-04-28T08:13:03.000000;2016-04-28T08:13:04.059995;4422ba0b-7524-4c71-a6bc-2c25c5067c1d;7.43;1.40025;SELL
2016-04-28T08:13:03.000000;2016-04-28T08:13:04.067952;55617508-a3b1-4c78-805b-9d90d7dcc2dd;7.4229;0.04633477;SELL
2016-04-28T08:13:07.000000;2016-04-28T08:13:07.482292;8479d4b1-8a4a-4b00-a091-10316de6e519;7.4176;2.3;SELL
2016-04-28T08:13:09.000000;2016-04-28T08:13:09.159473;66bade95-ce87-442b-8f49-f8a724703a00;7.4176;0.00337269;SELL
2016-04-28T08:13:20.000000;2016-04-28T08:13:20.608614;05fccf93-8c98-4ec9-a28a-a8fe339ef700;7.4019;0.59530897;SELL
2016-04-28T08:13:20.000000;2016-04-28T08:13:20.615622;88472014-e838-4d62-8f53-2ca9b49f9264;7.3793;0.59665871;SELL
2016-04-28T08:13:20.000000;2016-04-28T08:13:20.620645;47740226-f466-4982-a4a3-5133530841a0;7.3752;24.03242675;SELL
2016-04-28T08:13:20.000000;2016-04-28T08:13:20.623620;b06a42f0-89a9-4a73-9923-3034c4293521;7.3751;7.19755461;SELL
2016-04-28T08:13:21.000000;2016-04-28T08:13:21.308714;d3b92a53-f8b5-43cc-ae92-3ef6200d1b0c;7.416;0.56074527;BUY
2016-04-28T08:13:24.000000;2016-04-28T08:13:24.633016;abea5fd8-d877-4f7a-9531-134027cfc327;7.3512;20.36780166;SELL
2016-04-28T08:13:24.000000;2016-04-28T08:13:24.644087;f3625975-5ca5-4ccb-85f2-f623f8af5ab3;7.35;3.20469741;SELL
2016-04-28T08:13:24.000000;2016-04-28T08:13:24.655020;29d195c3-19a3-4e45-8d46-1fb05252f9e1;7.35;473.0155;SELL
2016-04-28T08:13:24.000000;2016-04-28T08:13:24.663053;9f2744f5-a7b2-4cbd-b87d-27a0ba73b0af;7.35;114.9337;SELL
2016-04-28T08:13:24.000000;2016-04-28T08:13:24.677056;fa1b0f82-cfe6-4d33-afe7-5ee8e40ab8fb;7.3347;11.975058;SELL
2016-04-28T08:13:24.000000;2016-04-28T08:13:24.681019;afc8498a-eb6a-4630-be50-4d2afe3211e0;7.331;10.0;SELL
2016-04-28T08:13:24.000000;2016-04-28T08:13:24.683541;ed2c7b97-c23d-4805-a2ee-9ee6dc1deef7;7.3276;3.612903;SELL
2016-04-28T08:13:24.000000;2016-04-28T08:13:24.691020;b762331a-4e1c-412a-a312-cdd9dd00ecb3;7.311;10.0;SELL
2016-04-28T08:13:24.000000;2016-04-28T08:13:24.694026;4302e9c2-cb23-48fc-91fc-1cc45d62f8db;7.31;10.0;SELL
2016-04-28T08:13:24.000000;2016-04-28T08:13:24.708029;6996689f-1460-422a-9338-b4661c12039d;7.3039;6.65499438;SELL
2016-04-28T08:13:24.000000;2016-04-28T08:13:24.767029;f1e5a9ed-1ebd-42ad-88c4-f06f94880258;7.3023;4.8151;SELL
2016-04-28T08:13:24.000000;2016-04-28T08:13:24.773029;9944c1b7-d4ad-43cd-ae58-f9c0d21d1e32;7.301;10.0;SELL
2016-04-28T08:13:24.000000;2016-04-28T08:13:24.783038;66be05c0-704b-4f0b-bcb3-4faf91bbdfe6;7.301;593.9406;SELL
2016-04-28T08:13:24.000000;2016-04-28T08:13:24.794035;2962482c-75a9-4a8b-a197-26bab6ad46e5;7.3;1000.0;SELL
2016-04-28T08:13:24.000000;2016-04-28T08:13:24.907053;80161be5-9bee-4fb2-bbf1-cafd153b8147;7.3;6.95018258;BUY
2016-04-28T08:13:25.000000;2016-04-28T08:13:25.269083;e7a399f3-c7bd-46c3-a680-d36a40335ed5;7.3;38.2;BUY
2016-04-28T08:13:25.000000;2016-04-28T08:13:25.283080;615dda54-9a16-4f39-bedf-687bbd06ae64;7.3;20.36780166;BUY
2016-04-28T08:13:25.000000;2016-04-28T08:13:25.578102;357783ad-feb3-4d26-a631-208e3a649971;7.3;244.36957311;BUY
2016-04-28T08:13:26.000000;2016-04-28T08:13:26.203160;cf3545af-1fab-42ae-8c1c-75038a1c16c8;7.3;4.91385998;BUY
2016-04-28T08:13:26.000000;2016-04-28T08:13:26.699233;997dc3bb-8de0-48e8-8ba8-087f37526731;7.3;68.67768906;BUY
2016-04-28T08:13:27.000000;2016-04-28T08:13:27.931339;79520e1b-46db-4a4f-8b48-96e701351ca0;7.3;7.2;BUY
2016-04-28T08:13:28.000000;2016-04-28T08:13:28.830443;e6081e25-a5f0-45d1-861d-6bb8224cfb80;7.3;9.66355534;BUY
2016-04-28T08:13:28.000000;2016-04-28T08:13:29.005459;ba0fc24a-7bd9-4ded-bc37-76721b912525;7.3;54.5;BUY
2016-04-28T08:13:29.000000;2016-04-28T08:13:30.104569;0a4c9523-0a54-49e8-ac9c-9762a3fb1650;7.251;20.0;SELL
2016-04-28T08:13:31.000000;2016-04-28T08:13:31.316675;2fd07da6-4646-4e5c-b19e-037acefb506c;7.3;3.25765853;BUY
2016-04-28T08:13:31.000000;2016-04-28T08:13:31.813731;f27ec7f8-0c5c-4568-a980-dcc9ef8bad79;7.3;18.18040001;BUY
2016-04-28T08:13:32.000000;2016-04-28T08:13:32.180767;1afff32d-b77b-4d97-891c-33fba5ae64c3;7.3;3.27887402;BUY
2016-04-28T08:13:32.000000;2016-04-28T08:13:32.387855;30e9f58f-ae91-4de7-8ec9-c4943f9e8e29;7.3;20.36780166;BUY
2016-04-28T08:13:33.000000;2016-04-28T08:13:33.662924;5caab238-0909-4457-b94a-2943ef527ff5;7.3;3.28877389;BUY
2016-04-28T08:13:34.000000;2016-04-28T08:13:34.382987;b4a114f8-70b2-49fd-a52f-7ac55dd03907;7.3;20.40045545;BUY
2016-04-28T08:13:34.000000;2016-04-28T08:13:34.575104;f0547cad-20e9-4411-81e0-9ca0980751b0;7.3;13.82886387;BUY
2016-04-28T08:13:38.000000;2016-04-28T08:13:38.099406;e659d696-a0ac-451e-955a-2d44ad74f8ab;7.3;3.3830504;BUY
2016-04-28T08:13:38.000000;2016-04-28T08:13:38.674418;5a9766d4-fb20-429e-9ba6-a741d07ecd13;7.287;24.7;SELL
2016-04-28T08:13:38.000000;2016-04-28T08:13:38.685466;f9d19a3e-954c-4ec7-9bdb-26e7a8007485;7.287;14.3;SELL
2016-04-28T08:13:38.000000;2016-04-28T08:13:38.696436;1519b522-adb0-4880-8f37-ee840fc98f62;7.3;3.3830504;BUY
2016-04-28T08:13:39.000000;2016-04-28T08:13:39.151492;5f52ae1a-3974-4e36-a4b2-a3638830c556;7.3;13.82886387;BUY
2016-04-28T08:13:40.000000;2016-04-28T08:13:40.904638;069a4e41-8dc7-4291-b93c-39b710bf0999;7.3;3.4211198;BUY
2016-04-28T08:13:41.000000;2016-04-28T08:13:41.234691;0aae3025-58be-44fd-b5d9-ca1fa04502aa;7.3;3.3830504;BUY
2016-04-28T08:13:42.000000;2016-04-28T08:13:42.252787;6a60179a-521a-4e92-903c-ec3842cdee25;7.3;3.44758229;BUY
2016-04-28T08:13:43.000000;2016-04-28T08:13:43.488949;3ac2b114-fc01-4f83-8a48-8a649d0b4a05;7.3;13.82886387;BUY
2016-04-28T08:13:43.000000;2016-04-28T08:13:43.554909;8d7e3d49-4d23-4c14-8947-8b69ddc284bc;7.3;3.44758229;BUY
2016-04-28T08:13:43.000000;2016-04-28T08:13:43.888137;2a5ebfce-7387-4419-ba57-ae5f6138dea8;7.3;58.30491415;BUY
2016-04-28T08:13:44.000000;2016-04-28T08:13:44.253972;417c4bde-28d5-4b33-b81d-99bf44e25d53;7.3;3.46399349;BUY
2016-04-28T08:13:44.000000;2016-04-28T08:13:44.785034;0e2fc78c-897a-4134-9449-f86e5f798924;7.3;3.44758229;BUY
2016-04-28T08:13:45.000000;2016-04-28T08:13:45.143058;a01e61e2-7d29-4d29-9036-f080429e06ca;7.3;0.84977417;BUY
2016-04-28T08:13:45.000000;2016-04-28T08:13:45.145049;9ee12510-8ad7-4466-9db4-ee61e61066b8;7.3;6.51493456;BUY
2016-04-28T08:13:46.000000;2016-04-28T08:13:46.192179;d84a83e9-e02c-46a5-ab93-532a6713fa34;7.3;13.82886387;BUY
2016-04-28T08:13:46.000000;2016-04-28T08:13:46.749219;acefbe78-318e-4d18-98fb-2aa989e6cbe3;7.3;3.53195164;BUY
2016-04-28T08:13:47.000000;2016-04-28T08:13:47.864350;b5b173f3-142c-4d2c-945a-c3b9ed14fec3;7.3;3.53195164;BUY
2016-04-28T08:13:48.000000;2016-04-28T08:13:48.338417;9116b2ed-78e4-44b5-84eb-c82a9c7b3159;7.3;3.53195164;BUY
2016-04-28T08:13:48.000000;2016-04-28T08:13:48.500439;27d00043-e654-4772-90a9-7412bd89ca93;7.3;3.57052883;BUY
2016-04-28T08:13:49.000000;2016-04-28T08:13:49.469526;ddb8307f-fe42-4e06-a90f-b4936313ccff;7.3;3.53195164;BUY
2016-04-28T08:13:49.000000;2016-04-28T08:13:49.623528;219afdac-4501-4f3d-bb79-c6ba1e88c1b0;7.3;3.53761409;BUY
2016-04-28T08:13:49.000000;2016-04-28T08:13:49.724551;10db88f1-4028-4bd3-a25e-3c1a34a82c16;7.3;13.82886387;BUY
2016-04-28T08:13:50.000000;2016-04-28T08:13:50.757670;3f32c8fd-0b8b-4ae0-b3de-8cdc52b65393;7.3;9.77039384;BUY
2016-04-28T08:13:50.000000;2016-04-28T08:13:50.801625;d66cfe9e-eb90-4f43-8843-681cba79ee90;7.3;3.54328519;BUY
2016-04-28T08:13:50.000000;2016-04-28T08:13:50.886632;db1f913e-e9b9-486a-bb9e-6a744982d455;7.3;3.53195164;BUY
2016-04-28T08:14:56.000000;2016-04-28T08:14:56.469370;b74e3443-dd30-4846-aa4d-2a2864db99f9;7.3074;1.15504941;SELL
2016-04-28T08:14:56.000000;2016-04-28T08:14:56.478354;a1f43366-d6f1-4bbe-bec8-7495dc51cfa6;7.3074;8.84495059;SELL
2016-04-28T08:21:06.000000;2016-04-28T08:21:06.754408;a0d657f9-5bcd-4f97-b216-558fe747bda3;7.3629;3.53761409;BUY
2016-04-28T08:21:51.000000;2016-04-28T08:21:51.106831;9be8c87a-47cf-410d-bb20-d4154199736b;7.3499;6.83520243;BUY
2016-04-28T08:23:29.000000;2016-04-28T08:23:29.498791;746e349f-09db-4a11-9c80-a0ed14596285;7.304;90.091;SELL
2016-04-28T08:37:51.000000;2016-04-28T08:37:52.036098;8a0f855b-d640-4d5d-be42-ef14378f6e7a;7.304;0.32926119;SELL
2016-04-28T08:48:08.000000;2016-04-28T08:48:08.250649;db180c77-7636-479b-b4b1-ba7d645cdd2c;7.318;101.2075;SELL
2016-04-28T08:48:08.000000;2016-04-28T08:48:08.254646;f2b9528e-ff38-4bc8-a920-935430252dd8;7.318;11.929108;SELL
2016-04-28T08:48:13.000000;2016-04-28T08:48:13.885207;aef1fe91-8e0b-4d58-ada9-f1490df63a74;7.318;23.39650631;BUY
2016-04-28T08:49:36.000000;2016-04-28T08:49:36.816486;93aceabf-cdd5-45f6-8a3b-217c56a42c9d;7.318;7.44689379;BUY
2016-04-28T08:49:55.000000;2016-04-28T08:49:55.813380;2c3e7cd5-5269-4b4d-8b34-cfcdfc28d884;7.318;24.39579158;BUY
2016-04-28T08:50:13.000000;2016-04-28T08:50:13.445145;cf4c404c-7e59-459a-b134-7c3b37d808d3;7.318;26.09167197;BUY
2016-04-28T08:53:46.000000;2016-04-28T08:53:46.671454;4c53e6e9-6499-46a6-89ec-1426e417c7fb;7.304;9.7295607;SELL
2016-04-28T08:54:50.000000;2016-04-28T08:54:50.411880;83360fa3-e4e6-4821-b28b-e22786985d6a;7.318;0.29500187;BUY
2016-04-28T08:59:20.000000;2016-04-28T08:59:20.151796;c26fc173-5e27-426c-ab67-4ff9bf6f48ae;7.303;10.0;SELL
2016-04-28T08:59:20.000000;2016-04-28T08:59:20.159787;7fef556a-d5a4-47b2-842f-acdd04dc162d;7.3;13.82886387;SELL
2016-04-28T09:00:37.000000;2016-04-28T09:00:37.245484;3b162d0b-2a6e-4560-a5dd-8b2d4d86a8ba;7.299;1.2;BUY
2016-04-28T09:01:28.000000;2016-04-28T09:01:28.138790;749d1168-b282-47c5-a51e-fb82ec6e8240;7.28;5.0;SELL
2016-04-28T09:04:24.000000;2016-04-28T09:04:24.121121;0d917fc9-266f-481c-9a5b-d88a361e37a3;7.299;0.8;BUY
2016-04-28T09:04:24.000000;2016-04-28T09:04:24.239145;83424811-3a83-4678-8593-e2c37cd9fcf8;7.299;8.0347;BUY
2016-04-28T09:12:11.000000;2016-04-28T09:12:11.529856;4479e337-7a29-42e6-8f55-ad7b1e1507fb;7.299;3.2;BUY
2016-04-28T09:12:11.000000;2016-04-28T09:12:11.535881;c6b4f6e7-1b96-4dfb-88f0-0246c7e21b67;7.299;7.1554;BUY
2016-04-28T09:44:35.000000;2016-04-28T09:44:36.041511;ac37f48d-d9e3-4f31-abde-73d4d3e8c44b;7.3;26.17113613;BUY
2016-04-28T09:44:35.000000;2016-04-28T09:44:36.062507;dbdf9e09-301f-4cdb-afa7-75dfdd390945;7.3;50.0;BUY
2016-04-28T09:44:35.000000;2016-04-28T09:44:36.067520;9461edab-fb62-46cf-a86a-3231b6928617;7.318;39.53752648;BUY
2016-04-28T09:47:53.000000;2016-04-28T09:47:53.243718;28f64955-c4ca-468a-ad90-2ebe0929d5bc;7.318;1.63126314;BUY
2016-04-28T09:47:55.000000;2016-04-28T09:47:56.038995;cd684643-d447-4a06-9469-3cd2dc584a68;7.318;1.9620133;BUY
2016-04-28T09:47:59.000000;2016-04-28T09:47:59.196311;bbf288c5-2a86-4e86-b18a-c037d3333387;7.318;1.99264141;BUY
2016-04-28T09:48:01.000000;2016-04-28T09:48:01.538667;5bb604a6-0712-45ad-b0c4-e8c7ce99596d;7.318;0.85372463;BUY
2016-04-28T09:48:04.000000;2016-04-28T09:48:04.125810;de2991ac-3522-46ff-9577-fb5ff45b1624;7.318;2.69434421;BUY
2016-04-28T09:48:07.000000;2016-04-28T09:48:07.428133;373309ad-f3b6-4fbf-89a9-f374eb8031ef;7.318;3.0331404;BUY
2016-04-28T09:48:18.000000;2016-04-28T09:48:18.061228;0a5046f9-3596-4caa-9502-154c524faaa4;7.318;37.83287291;BUY
2016-04-28T09:48:18.000000;2016-04-28T09:48:18.073204;80bac977-a3b4-4f1c-a37b-38093f9e6ccc;7.3338;0.60704709;BUY
2016-04-28T10:02:32.000000;2016-04-28T10:02:33.245105;edf7d556-ef65-42c9-b048-a1d149571fb8;7.351;1.0;SELL
2016-04-28T10:03:22.000000;2016-04-28T10:03:22.999113;78cb873d-10b3-4706-9a3b-78c9b66bd87d;7.3493;1.76147;BUY
2016-04-28T10:05:05.000000;2016-04-28T10:05:05.951361;1d2fa4c2-1054-4cc8-b6d0-e915bde5b3b4;7.3483;3.99;BUY
2016-04-28T10:29:05.000000;2016-04-28T10:29:05.244126;de60a89c-db69-4f16-b421-2c17ff10c6d3;7.3665;0.60771802;BUY
2016-04-28T10:29:05.000000;2016-04-28T10:29:05.251176;c7be7827-9289-4690-a6e4-32ff08ddd559;7.374;5.8;BUY
2016-04-28T10:29:05.000000;2016-04-28T10:29:05.254135;8eaae98a-52fe-42c0-860c-34054820e899;7.375;101.5942;BUY
2016-04-28T10:29:05.000000;2016-04-28T10:29:05.261104;08b74bfc-6ca8-4084-91b8-341ec392b2a1;7.376;32.0;BUY
2016-04-28T10:29:05.000000;2016-04-28T10:29:05.286098;38a8e07f-58c1-4a7f-93e8-b688bc735072;7.376;32.0;BUY
2016-04-28T10:29:05.000000;2016-04-28T10:29:05.296115;cb3814df-3cd7-4919-ad1b-c02bb667a5cb;7.3949;155.07808198;BUY
2016-04-28T10:35:52.000000;2016-04-28T10:35:52.499860;85739885-2342-4d31-9291-3d28983c13d3;7.35;70.0;SELL
2016-04-28T10:48:43.000000;2016-04-28T10:48:43.497910;754c7ab6-7cdb-4eb1-8c9a-8f0404e2a880;7.368;101.2524;BUY
2016-04-28T10:48:43.000000;2016-04-28T10:48:43.513826;9992a8d2-5277-461b-a2bd-a877a31fa8cf;7.393;32.0;BUY
2016-04-28T10:48:43.000000;2016-04-28T10:48:43.513826;749a379a-797c-46b6-bc6f-8a320e828ad0;7.393;32.0;BUY
2016-04-28T10:48:44.000000;2016-04-28T10:48:44.161919;2de1a9d8-3339-40de-85d6-090b1190686d;7.4;48.8;SELL
2016-04-28T10:49:06.000000;2016-04-28T10:49:06.206098;bb7abfb9-1102-45f5-9509-3bf5f3e9f8a6;7.4;37.9;SELL
2016-04-28T10:49:07.000000;2016-04-28T10:49:07.994288;261041dd-332a-4c83-923d-62d148a59231;7.4;34.39515;SELL
2016-04-28T10:49:08.000000;2016-04-28T10:49:08.463336;23e776c0-e752-4976-b1a9-01202c1d5069;7.4;34.03512226;SELL
2016-04-28T10:49:09.000000;2016-04-28T10:49:09.130404;79040a9e-0b80-44c0-853d-b7ce7a93da69;7.4;34.39515;SELL
2016-04-28T10:49:09.000000;2016-04-28T10:49:09.452422;841011e7-404f-414b-9078-2fc96aae4e6a;7.4;1.16068567;SELL
2016-04-28T10:49:09.000000;2016-04-28T10:49:09.702175;add743fa-f119-4eca-93db-1b9c6a18825a;7.4;3.941304;SELL
2016-04-28T10:49:29.000000;2016-04-28T10:49:29.230401;2fa98760-e19f-49fb-8fe0-9a9a3525c32c;7.4;4.29656061;SELL
2016-04-28T10:49:32.000000;2016-04-28T10:49:32.751750;e58a2c14-7ee2-466e-ba6e-452d68ca6047;7.4;4.29656061;SELL
2016-04-28T10:49:33.000000;2016-04-28T10:49:33.414851;6aa6c28b-60af-4e87-97f8-ae8a79ca542a;7.4;10.0;SELL
2016-04-28T10:49:38.000000;2016-04-28T10:49:38.476351;f97bb7ed-b05b-47ed-b9f0-664c9379cadb;7.4;4.10551393;SELL
2016-04-28T10:49:43.000000;2016-04-28T10:49:43.073801;5d9ddae3-67fc-402c-92e6-a840d0626408;7.4;4.10551393;SELL
2016-04-28T10:49:46.000000;2016-04-28T10:49:46.326105;4dbd3c8b-ab8a-4356-9adb-66c3274e6725;7.4;4.10551393;SELL
2016-04-28T10:49:49.000000;2016-04-28T10:49:49.417227;5c2644ea-55f3-4db6-b41f-be80e4e37a90;7.4;0.98043125;SELL
2016-04-28T10:49:51.000000;2016-04-28T10:49:51.879674;4befcdfe-aef0-45a5-84d9-a0ac43b6790f;7.4;3.09277575;SELL
2016-04-28T10:49:52.000000;2016-04-28T10:49:53.029823;b9d3cff4-1a39-45a7-b115-b61900b4e204;7.4;605.13731806;SELL
2016-04-28T10:50:08.000000;2016-04-28T10:50:08.245308;e34da9c2-fa2f-426b-8e0a-b51060ef7535;7.34;0.15975093;SELL
2016-04-28T11:03:13.000000;2016-04-28T11:03:13.743983;8f16f8f0-49f5-4565-8336-782e23403531;7.34;1.70999;SELL
2016-04-28T11:04:27.000000;2016-04-28T11:04:27.837392;54727d14-af43-4abc-8550-d45d0840bafd;7.34;0.4275;SELL
2016-04-28T11:06:58.000000;2016-04-28T11:06:58.985559;ad32fd0b-318f-4d58-836c-1556d7f1e544;7.34;0.16145805;SELL
2016-04-28T11:08:58.000000;2016-04-28T11:08:58.043445;3e348d95-25f9-4b88-877f-49518e230d1d;7.34;4.50503684;SELL
2016-04-28T11:09:00.000000;2016-04-28T11:09:00.255634;ee4a92f2-f903-4cbd-952c-f1e5c1c5b5b8;7.34;4.50503684;SELL
2016-04-28T11:09:03.000000;2016-04-28T11:09:03.572960;f2264000-03de-4015-a3f9-354be3757913;7.34;4.50503684;SELL
2016-04-28T11:09:04.000000;2016-04-28T11:09:04.198025;6956eed3-a034-45aa-80b0-06c233d61ba1;7.34;0.12287971;SELL
2016-04-28T11:09:08.000000;2016-04-28T11:09:08.259533;66f0fc60-c25e-4b21-a03d-2d328fd9e74b;7.34;4.98271801;SELL
2016-04-28T11:09:09.000000;2016-04-28T11:09:09.466600;974c746e-2947-43a6-b129-0c339f1de7f6;7.34;16.34;SELL
2016-04-28T11:09:10.000000;2016-04-28T11:09:10.706683;a93aa2e3-d099-471c-b0ee-a44c12e31537;7.34;4.97379084;SELL
2016-04-28T11:09:13.000000;2016-04-28T11:09:13.973636;01a83f1d-b1f6-411e-91fe-a63ab3d89032;7.34;5.08175129;SELL
2016-04-28T11:09:16.000000;2016-04-28T11:09:16.449269;34d633b8-bed9-4c23-a758-02b3ae030a98;7.34;2.52505065;SELL
2016-04-28T11:09:45.000000;2016-04-28T11:09:45.039111;8e1cd0b9-1a24-417a-9943-fd5c3f94ab50;7.318;3.04837442;SELL
2016-04-28T11:09:57.000000;2016-04-28T11:09:57.897414;e724c5fc-2128-452f-8c06-b9cbb8cb98e1;7.27;0.16982297;SELL
2016-04-28T11:10:42.000000;2016-04-28T11:10:42.884891;4e4fafa7-c2c5-4061-be26-a5697675d393;7.3;3.11928026;SELL
2016-04-28T11:10:45.000000;2016-04-28T11:10:45.193176;2f527c0b-fb09-48eb-af5d-d51c950afd54;7.3;4.71760991;SELL
2016-04-28T11:10:47.000000;2016-04-28T11:10:47.449369;c72dbc28-d5c1-4e69-b675-c6e7dce1a9ac;7.3;4.30414912;SELL
2016-04-28T11:10:49.000000;2016-04-28T11:10:49.832591;4774b439-0b30-4cc2-b107-d146b2425888;7.3;2.27507434;SELL
2016-04-28T11:11:41.000000;2016-04-28T11:11:41.473805;c8c98be3-8060-4021-b426-41d088568e8a;7.3;2.17852493;SELL
2016-04-28T11:11:44.000000;2016-04-28T11:11:44.621076;faa8f507-1a08-4415-bec8-83d7f83f1b4e;7.3;2.17852493;SELL
2016-04-28T11:11:47.000000;2016-04-28T11:11:47.063320;362d9126-7148-4ed9-9434-4130735e3dee;7.3;3.14812537;SELL
2016-04-28T11:11:50.000000;2016-04-28T11:11:50.439716;9743ddd2-4542-490d-b92d-9d3216f1c53b;7.3;3.13941945;SELL
2016-04-28T11:11:53.000000;2016-04-28T11:11:53.987014;00178e62-eb5e-4f97-96ac-644f9c3d0349;7.3;3.13941945;SELL
2016-04-28T11:11:56.000000;2016-04-28T11:11:56.793317;b9b49d7c-b721-48bb-8ae6-b3899874663e;7.3;4.83330986;SELL
2016-04-28T11:11:59.000000;2016-04-28T11:11:59.305552;6a1b754c-a39e-4ab0-ad6e-ab46a41aede1;7.3;4.82499947;SELL
2016-04-28T11:12:00.000000;2016-04-28T11:12:00.920062;039348a4-405d-4532-91b6-400f644673bc;7.3;62.14156291;SELL
2016-04-28T11:12:02.000000;2016-04-28T11:12:02.995898;aa5bd23f-bbaa-4946-a00d-a6ab0fdff1ef;7.27;2.59975;SELL
2016-04-28T11:12:26.000000;2016-04-28T11:12:26.035204;9fe6f872-3f83-4680-be27-f8dcfc2ac94e;7.292;25.0;BUY
2016-04-28T11:13:29.000000;2016-04-28T11:13:29.338584;e9076bd4-b843-4040-83d7-b9f0f25b822a;7.2989;1.08905029;BUY
2016-04-28T11:13:29.000000;2016-04-28T11:13:29.342562;7cf37fb1-154a-4b9d-88c6-1021b8de93d8;7.299;29.51094971;BUY
2016-04-28T11:14:25.000000;2016-04-28T11:14:25.363226;65abcbd8-1353-4e89-824d-b5dce461ed53;7.298;0.1116;BUY
2016-04-28T11:22:55.000000;2016-04-28T11:22:55.253912;cda4c91d-6be9-4971-bd98-5bd4dd9a4485;7.27;0.51864949;SELL
2016-04-28T11:25:01.000000;2016-04-28T11:25:01.927585;9b82804b-9847-4790-a802-f496c156fb8d;7.27;1.15564841;SELL
2016-04-28T11:25:48.000000;2016-04-28T11:25:48.060245;6975c8b5-baed-464b-ae1f-892192b098a4;7.28;0.10723;SELL
2016-04-28T11:25:52.000000;2016-04-28T11:25:52.442630;29cd5927-2776-4d4e-b2f7-b7e1d5fb82f1;7.28;0.10723;SELL
2016-04-28T11:25:56.000000;2016-04-28T11:25:56.239034;fdc225b6-530f-4c73-8567-2debf9c5e934;7.28;0.17846;SELL
2016-04-28T11:25:56.000000;2016-04-28T11:25:56.327038;0f92c308-77f5-4342-867b-6603460b0564;7.28;99.60708;SELL
2016-04-28T11:27:28.000000;2016-04-28T11:27:28.181197;0483d77f-15fc-4cab-aad7-e483dadea5e0;7.28;0.39292;BUY
2016-04-28T11:40:54.000000;2016-04-28T11:40:54.445989;0669657b-3cf2-4914-8cef-1a2d4fd0ba0f;7.28;99.60708;SELL
2016-04-28T11:41:02.000000;2016-04-28T11:41:02.591835;89fcc8a6-d0cc-4c6a-8fb8-5c84ab9658f5;7.28;0.39292;BUY
2016-04-28T11:41:02.000000;2016-04-28T11:41:02.602840;3779adc2-909f-452e-bc26-99e85e009f07;7.3;0.7288366;BUY
2016-04-28T11:41:02.000000;2016-04-28T11:41:02.623814;73120a64-31bd-4806-ba9b-e89b7b61ebba;7.317;3.8782434;BUY
2016-04-28T11:42:24.000000;2016-04-28T11:42:24.496002;97905595-2c09-471f-9870-0003b9a26431;7.2794;0.17911;SELL
2016-04-28T11:42:24.000000;2016-04-28T11:42:24.505998;505a5e58-2d10-4b16-b88c-eaeb989bda33;7.27;0.55612913;SELL
2016-04-28T11:42:24.000000;2016-04-28T11:42:24.508013;6856c6a4-3313-41ff-88c2-b4b87a463429;7.27;0.39009244;SELL
2016-04-28T11:56:47.000000;2016-04-28T11:56:47.527770;5c7ffa84-a719-4fe8-9ecc-f158498f7b5e;7.3153;0.10707;BUY
2016-04-28T11:56:55.000000;2016-04-28T11:56:55.269564;67b9dd40-2c5a-4c17-9920-b759bbb580d9;7.3153;0.42769;BUY
2016-04-28T12:06:37.000000;2016-04-28T12:06:37.462723;50c9c28f-71c9-4add-8a7f-6b837fb0b9c6;7.28;100.0;SELL
2016-04-28T12:06:37.000000;2016-04-28T12:06:37.474786;cbdc937f-831b-4b29-88c2-8e094bac849f;7.27;199.60990756;SELL
2016-04-28T12:06:37.000000;2016-04-28T12:06:37.488731;81da5c23-b383-4bed-bb11-6a64ee7d4dcb;7.27;189.1719;SELL
2016-04-28T12:43:05.000000;2016-04-28T12:43:05.497585;578b5c6a-8b97-4ab9-a0b1-b10513a3afed;7.2812;2.6;SELL
2016-04-28T12:43:05.000000;2016-04-28T12:43:05.505634;a1f9cd05-eb86-421c-9271-58904a12169d;7.2802;20.56643822;SELL
2016-04-28T12:43:05.000000;2016-04-28T12:43:05.507601;38bef095-fba5-4a6b-a9f6-077ea8bb6f63;7.2801;5.4101569;SELL
2016-04-28T12:49:43.000000;2016-04-28T12:49:43.514440;cf6af718-03da-4052-8cca-7bb1e33a6ceb;7.3133;6.11357939;BUY
2016-04-28T12:50:48.000000;2016-04-28T12:50:48.237853;46d5d115-267b-49c1-a906-2ce56e363760;7.3169;2.6;BUY
2016-04-28T12:50:48.000000;2016-04-28T12:50:48.250868;2825b4fb-9acd-4f9f-8fc8-f43a369c0a5f;7.3179;22.4501002;BUY
2016-04-28T12:57:38.000000;2016-04-28T12:57:38.742885;71ec7bd1-58d1-4ebc-8418-a6c0a223017c;7.3179;3.58938843;BUY
2016-04-28T12:57:38.000000;2016-04-28T12:57:38.751886;0632cc2f-6207-4333-bd27-a016bf27b0a7;7.318;2.52419096;BUY
2016-04-28T13:01:03.000000;2016-04-28T13:01:03.319356;7111fa1d-4311-4682-a664-6b7b8c48652b;7.318;0.52418346;BUY
2016-04-28T13:15:01.000000;2016-04-28T13:15:01.658053;0c3ee75b-fa28-4730-98c6-1349a2450e64;7.3378;0.61229488;BUY
2016-04-28T13:15:01.000000;2016-04-28T13:15:01.664061;b2f7084c-90aa-4626-8327-2935f6737ffb;7.34;2.55670064;BUY
2016-04-28T13:15:01.000000;2016-04-28T13:15:01.669068;f0af935a-5cf3-4597-b0b5-c7b539171f41;7.34;2.52505065;BUY
2016-04-28T13:15:59.000000;2016-04-28T13:15:59.393820;aebbca3e-f362-4036-9156-f75289593ee2;7.34;31.99999915;SELL
2016-04-28T13:15:59.000000;2016-04-28T13:15:59.403836;3fe32981-870f-4442-b92f-3d432bea23cc;7.339;2.442227;SELL
2016-04-28T13:16:00.000000;2016-04-28T13:16:00.147870;2eff8024-493b-4454-a330-edd514fad461;7.339;23.85777171;SELL
2016-04-28T13:16:00.000000;2016-04-28T13:16:00.461976;aa64b289-6107-4fda-b1e8-a8b9b9be445a;7.3407;6.62699998;SELL
2016-04-28T13:19:55.000000;2016-04-28T13:19:55.821710;e3bb1f32-b448-4096-98c5-82b4607b095d;7.282;5.3570644;SELL
2016-04-28T13:36:12.000000;2016-04-28T13:36:12.047260;5c3806fb-7088-4b6d-8434-ed10a0f98757;7.296;5.3;BUY
2016-04-28T13:36:12.000000;2016-04-28T13:36:12.051140;0df459a2-7ef7-426c-b8f2-3fb2ca35f65c;7.297;2.1;BUY
2016-04-28T13:36:23.000000;2016-04-28T13:36:23.308225;631045bd-8de4-41a4-91ab-c9c3df7d8de8;7.297;50.0;BUY
2016-04-28T13:38:56.000000;2016-04-28T13:38:56.818579;0691da2f-2621-4816-b79f-c31780cafaf8;7.28;2.0;SELL
2016-04-28T13:45:31.000000;2016-04-28T13:45:31.615059;656e73e9-c86e-4cd4-a420-49a66bacaccc;7.28;4.26125118;SELL
2016-04-28T13:45:34.000000;2016-04-28T13:45:34.596417;260b3f11-73a4-4ef5-93e0-d1b01a80f939;7.28;3.98508785;SELL
2016-04-28T13:45:39.000000;2016-04-28T13:45:39.657858;4191d8f6-b2ca-4da4-afbc-c729ed9033c9;7.28;1.94698677;SELL
2016-04-28T13:45:42.000000;2016-04-28T13:45:42.638141;3a6b27a9-354c-4dae-a06f-5efab0475864;7.28;4.30141474;SELL
2016-04-28T13:45:45.000000;2016-04-28T13:45:45.180457;200aa122-4fcf-4b85-8317-3e7737e334db;7.28;2.31460478;SELL
2016-04-28T13:46:05.000000;2016-04-28T13:46:05.393464;3c7bc31d-1b33-4cda-b21a-28dedadf4023;7.28;1.29300448;SELL
2016-04-28T13:46:05.000000;2016-04-28T13:46:05.877491;2ac288b9-edeb-4017-aac2-e4a40e662048;7.28;4.32452219;SELL
2016-04-28T13:46:09.000000;2016-04-28T13:46:09.087795;e5bba80a-27d4-4487-b187-baaa5c3ace42;7.28;1.2606289;SELL
2016-04-28T13:46:12.000000;2016-04-28T13:46:12.715159;1d8d66fa-e404-4034-b539-c6a6fa4fe68b;7.28;2.96684032;SELL
2016-04-28T13:46:16.000000;2016-04-28T13:46:16.790575;8e7bf504-1016-4020-8b8a-dd68431d2e7c;7.28;4.32452219;SELL
2016-04-28T13:46:19.000000;2016-04-28T13:46:19.409839;9ebf6182-a1e7-4256-9b80-762583943853;7.28;4.32452219;SELL
2016-04-28T13:46:22.000000;2016-04-28T13:46:22.191125;ace4b289-3578-47e6-b118-48ffeca16e40;7.28;4.32452219;SELL
2016-04-28T13:46:24.000000;2016-04-28T13:46:24.922387;5448128c-3759-4413-b254-61191ff85307;7.28;1.38277783;SELL
2016-04-28T13:46:28.000000;2016-04-28T13:46:28.427517;59b74cc9-d857-49dd-acdd-43b3233b1e60;7.28;1.59856717;SELL
2016-04-28T13:46:31.000000;2016-04-28T13:46:31.081812;cb8fbec0-fdb8-46f2-9fca-924e8c5d270e;7.28;1.75794347;SELL
2016-04-28T13:46:33.000000;2016-04-28T13:46:33.862086;7fe81707-f723-47e2-bd35-fe686d12d076;7.28;2.88892853;SELL
2016-04-28T13:46:36.000000;2016-04-28T13:46:36.354333;27c25fb0-fb7f-4345-85c4-4b9adf3bed09;7.28;2.96944462;SELL
2016-04-28T13:47:06.000000;2016-04-28T13:47:06.324300;bc294a06-d5b7-43ee-b58b-329ccb6daced;7.28;2.36147843;SELL
2016-04-28T13:47:10.000000;2016-04-28T13:47:10.591737;a666abf4-85e5-450d-a857-cdd6dae0391b;7.28;1.68313206;SELL
2016-04-28T13:47:25.000000;2016-04-28T13:47:25.091179;201dd36c-4f55-4671-a58c-f37c6801113d;7.28;2.44904794;SELL
2016-04-28T13:47:30.000000;2016-04-28T13:47:30.109703;ab2e4e99-138b-4577-a6c2-c46fd957f237;7.28;2.912224;SELL
2016-04-28T13:47:34.000000;2016-04-28T13:47:34.467135;1630e5ba-fd8f-4be7-b4cd-e4c21b6b7cfc;7.28;3.68142771;SELL
2016-04-28T13:47:37.000000;2016-04-28T13:47:37.972470;611694fa-eb83-43a2-905e-20c1577b86c1;7.28;3.68142771;SELL
2016-04-28T13:47:41.000000;2016-04-28T13:47:41.970894;98457cbd-dba0-44a3-b38b-5752af89d8b6;7.28;2.98105428;SELL
2016-04-28T13:47:44.000000;2016-04-28T13:47:44.743169;1af78423-d8b5-4bbc-b080-1499f0d87092;7.28;2.99619361;SELL
2016-04-28T13:47:47.000000;2016-04-28T13:47:47.441456;1ecb7569-d69c-4efb-8395-d3a3ea496f67;7.28;7.05957539;SELL
2016-04-28T13:47:48.000000;2016-04-28T13:47:48.890564;25322197-45ad-4d11-a416-1ac558a32144;7.28;20.96886947;SELL
2016-04-28T13:47:48.000000;2016-04-28T13:47:48.904578;19278163-dd2c-4998-83d7-eb2b9594b8ec;7.28;18.09827853;SELL
2016-04-28T13:47:49.000000;2016-04-28T13:47:49.054621;77bdd510-e2d8-4e25-8d2f-5ed2aab8d822;7.28;1.30836106;SELL
2016-04-28T13:47:50.000000;2016-04-28T13:47:50.767756;43e4cae0-da1d-4227-96e1-0d861a7e0209;7.28;38.24121008;SELL
2016-04-28T13:47:51.000000;2016-04-28T13:47:52.012878;7cfe05e0-e845-4d61-8957-eede281d7a72;7.28;2.51415029;SELL
2016-04-28T13:47:54.000000;2016-04-28T13:47:54.372157;49ee1829-6b20-4725-9902-6f7abe7a1ff9;7.28;3.68142771;SELL
2016-04-28T13:47:56.000000;2016-04-28T13:47:56.997466;0bc62dd4-4789-47ea-bc51-a5e031b9b434;7.28;3.68142771;SELL
2016-04-28T13:48:01.000000;2016-04-28T13:48:01.312829;bf01d989-0fd9-417c-8420-9f404d988e88;7.28;3.68142771;SELL
2016-04-28T13:48:05.000000;2016-04-28T13:48:05.133268;eda59efb-46e8-412a-b8fc-5bac89e951c3;7.28;3.67686437;SELL
2016-04-28T13:48:07.000000;2016-04-28T13:48:08.012497;e8f7f4a8-4d39-49dc-a526-0dc925929a6a;7.28;3.67686437;SELL
2016-04-28T13:48:11.000000;2016-04-28T13:48:11.275841;5f75eda9-4f66-4fd9-bf0d-b23899033cd7;7.28;3.67686437;SELL
2016-04-28T13:50:35.000000;2016-04-28T13:50:35.206236;9d97af27-d0c0-4e73-9440-d1abf498920a;7.2909;26.03948863;BUY
2016-04-28T13:50:35.000000;2016-04-28T13:50:35.211228;3842ae62-e295-4de5-8292-21efcbf1b76d;7.291;9.96051137;BUY
2016-04-28T13:53:16.000000;2016-04-28T13:53:16.489329;0ad210cf-b421-4ce3-9ea5-86420a02d8bb;7.28;1.23358264;SELL
2016-04-28T13:53:16.000000;2016-04-28T13:53:16.823355;7241041a-4755-42b6-99e8-83f2eb819aed;7.28;1.23556033;SELL
2016-04-28T13:53:19.000000;2016-04-28T13:53:19.742691;ec565534-abe9-4db6-afbf-59a59654116f;7.28;1.23556033;SELL
2016-04-28T13:53:20.000000;2016-04-28T13:53:20.340722;65522405-48fe-439a-ac1f-b6158ed1d312;7.28;1.23401412;SELL
2016-04-28T13:53:21.000000;2016-04-28T13:53:21.114793;08dd6471-d73a-4616-b957-bc42b2592583;7.28;2.30491677;SELL
2016-04-28T13:53:22.000000;2016-04-28T13:53:22.550923;fe4b295d-da5a-4810-a08f-177fe5bd81b4;7.28;1.23587795;SELL
2016-04-28T13:53:22.000000;2016-04-28T13:53:22.601934;9c34d98d-6e02-46b7-a31f-12be89115121;7.28;1.22727422;SELL
2016-04-28T13:53:23.000000;2016-04-28T13:53:23.298072;076afd65-3a9a-4385-b7ee-55f7ddb62cc2;7.28;1.2340155;SELL
2016-04-28T13:53:25.000000;2016-04-28T13:53:25.146189;05382913-b340-42f7-aa06-d5e161dc7065;7.28;1.23401275;SELL
2016-04-28T13:53:26.000000;2016-04-28T13:53:26.252310;1cd970d8-28a7-4618-88e1-9bef12592c85;7.28;1.23408203;SELL
2016-04-28T13:53:27.000000;2016-04-28T13:53:27.047379;d4893bac-4874-4572-9dd2-053e7be4fdfb;7.28;1.23410637;SELL
2016-04-28T13:53:29.000000;2016-04-28T13:53:29.052595;c2fa909f-27e8-4d70-a881-e4445b5a80b9;7.28;1.23410637;SELL
2016-04-28T13:53:31.000000;2016-04-28T13:53:31.304821;fae81df1-dc63-4e14-bc2a-4fe61ee99e66;7.28;1.23028406;SELL
2016-04-28T13:53:31.000000;2016-04-28T13:53:31.338037;138b79ca-17d1-4e84-ab5e-510d339d0983;7.28;0.65573036;SELL
2016-04-28T14:02:25.000000;2016-04-28T14:02:25.618996;6a86ec7d-64ff-47a5-9f79-a2fae212b4d3;7.3146;3.12205;BUY
2016-04-28T14:02:26.000000;2016-04-28T14:02:26.498137;87b9d8fb-0734-4199-8ac5-36202e9c3801;7.3146;0.73067228;SELL
2016-04-28T14:02:45.000000;2016-04-28T14:02:45.368009;d5d62e09-9b0b-4f35-a2bb-b94f34f84de3;7.2922;0.73067228;BUY
2016-04-28T14:02:45.000000;2016-04-28T14:02:45.375969;38558572-4b0d-42d0-962b-8760d1eed281;7.2922;0.5745537;BUY
2016-04-28T14:20:27.000000;2016-04-28T14:20:27.573570;c599eb27-fe0f-4a5a-906f-a07d3866df5d;7.297;4.35769841;SELL
2016-04-28T14:20:29.000000;2016-04-28T14:20:29.852805;0809d1f0-8491-416f-b5f2-0ebe969e6d93;7.297;4.35769841;SELL
2016-04-28T14:20:32.000000;2016-04-28T14:20:32.592091;966647ea-a6d7-4e76-9e59-61fc61f94428;7.297;4.35769841;SELL
2016-04-28T14:20:34.000000;2016-04-28T14:20:34.864305;ad36355f-4c0e-4793-933a-74ec7c714a99;7.297;4.35769841;SELL
2016-04-28T14:20:37.000000;2016-04-28T14:20:37.439544;5bdd69d8-fa25-40ae-974a-deccc935c016;7.297;0.5678481;SELL
2016-04-28T14:28:18.000000;2016-04-28T14:28:18.588640;b0638ff4-c15e-4b20-9167-2609e3121607;7.28;100.0;SELL
2016-04-28T14:29:28.000000;2016-04-28T14:29:28.453668;1d6d04d7-2067-4b7d-9785-8cd87b95d3f0;7.26;99.9990982;SELL
2016-04-28T14:39:43.000000;2016-04-28T14:39:43.995892;7b29a09b-4b67-41c1-a694-3a652bb9d378;7.2943;6.62037298;BUY
2016-04-28T14:39:51.000000;2016-04-28T14:39:51.278603;66a042b6-c5cc-4a7d-b564-2cf0f5ce14e3;7.2943;0.268778;SELL
2016-04-28T14:41:43.000000;2016-04-28T14:41:43.507806;892b9c6a-1e6b-438b-aafb-7aee29e13305;7.297;3.78985031;BUY
2016-04-28T14:41:51.000000;2016-04-28T14:41:51.366676;5902212f-14b0-4c6f-bc8c-5065e7fd8d27;7.297;4.28326011;SELL
2016-04-28T14:41:54.000000;2016-04-28T14:41:54.933958;5057dd5c-67dc-4a99-aea5-cd676b2f922e;7.297;4.28326011;SELL
2016-04-28T14:41:58.000000;2016-04-28T14:41:58.261289;6d88af70-2f8c-4903-b4a8-a2b99c7d0eb4;7.297;3.85529345;SELL
2016-04-28T14:42:03.000000;2016-04-28T14:42:03.554876;9910acaf-8c2c-481d-ae26-0088a899f4f8;7.297;0.88422867;SELL
2016-04-28T14:42:07.000000;2016-04-28T14:42:07.659329;6f62a39f-2251-469c-beeb-10322de03318;7.297;0.77935712;SELL
2016-04-28T14:42:11.000000;2016-04-28T14:42:11.043599;56059154-26eb-47ef-858d-00873cc71815;7.297;0.88812825;SELL
2016-04-28T14:42:13.000000;2016-04-28T14:42:13.610851;dd2b5472-550f-4565-a1cf-1611396eb45f;7.297;4.39143906;SELL
2016-04-28T14:42:16.000000;2016-04-28T14:42:16.756186;223f257b-6ac5-41d3-9b47-4521ad49273f;7.297;0.88812825;SELL
2016-04-28T14:42:19.000000;2016-04-28T14:42:19.669434;da02749a-952a-4363-9e8b-c1e9947dc5fe;7.297;3.90959178;SELL
2016-04-28T14:42:22.000000;2016-04-28T14:42:22.749771;ad143a41-611c-45d2-a440-51be85dd09b3;7.297;0.99337851;SELL
2016-04-28T14:42:25.000000;2016-04-28T14:42:25.711069;d8969c9a-dcc4-4828-8837-a50b238891e6;7.297;1.11259628;SELL
2016-04-28T14:42:29.000000;2016-04-28T14:42:29.617438;3de8a95a-5693-42a6-a5eb-8c5bc42761b1;7.297;1.23181745;SELL
2016-04-28T14:42:34.000000;2016-04-28T14:42:34.608961;343d69b0-1e60-4c25-aaaf-7f3ac334b4b5;7.297;4.34397835;SELL
2016-04-28T14:42:37.000000;2016-04-28T14:42:37.960246;df36ebce-b9e6-4d5b-812e-fcc59f7388cd;7.297;1.98690479;SELL
2016-04-28T14:42:42.000000;2016-04-28T14:42:42.291723;65cefc99-4664-41f9-be9b-8ae0c0f32bca;7.297;2.1657676;SELL
2016-04-28T14:42:45.000000;2016-04-28T14:42:45.383986;1e189442-b20e-4bda-b829-9f23d48339f0;7.297;4.74777304;SELL
2016-04-28T14:42:48.000000;2016-04-28T14:42:48.684330;8e48b89a-091c-4758-9ecd-2cd4ea32a137;7.297;4.82900723;SELL
2016-04-28T14:42:52.000000;2016-04-28T14:42:52.124669;e759910b-9bbd-4ff7-98b1-525b7a575f5c;7.297;4.82900723;SELL
2016-04-28T14:42:55.000000;2016-04-28T14:42:55.058984;e3212563-9f0c-4bcd-9148-efe3021a2059;7.297;4.82900723;SELL
2016-04-28T14:42:57.000000;2016-04-28T14:42:57.873239;532657bf-e774-45eb-80fc-8752c1840f8b;7.297;4.82900723;SELL
2016-04-28T14:43:01.000000;2016-04-28T14:43:01.357020;9410f8fa-dc88-4552-a2df-54652448a477;7.297;4.82900723;SELL
2016-04-28T14:43:04.000000;2016-04-28T14:43:04.509930;7c65d841-734d-41d2-bfe6-6d989016e239;7.297;4.82900723;SELL
