time_exchange;time_coinpai;guid;price;base_amount;taker_side
2016-03-25T00:00:02.387000;2016-03-25T00:00:02.433000;5d714bc0-e960-486e-8a2e-96119485f661;412.86;0.13807;BUY
2016-03-25T00:00:08.377000;2016-03-25T00:00:08.420000;06ada328-7510-4a66-8c21-a01d751004a2;412.85;0.250001;SELL
2016-03-25T00:00:08.377000;2016-03-25T00:00:08.433000;935f6b00-6304-4953-a2e3-0e24179e6670;412.85;0.01141;SELL
2016-03-25T00:00:08.377000;2016-03-25T00:00:08.433000;568e448b-6087-4b9b-9f3c-1e4ef97a6781;412.85;0.11343154;SELL
2016-03-25T00:00:31.660000;2016-03-25T00:00:31.700000;9c1c688e-f7b4-4ff2-9091-496b87775aa2;412.86;0.11193;BUY
2016-03-25T00:00:31.660000;2016-03-25T00:00:31.717000;0dde59ff-8202-47a8-8c68-0db36d7fd5eb;412.86;0.514;BUY
2016-03-25T00:00:31.660000;2016-03-25T00:00:31.717000;fd426a77-136f-444f-90cb-68fe84758016;412.87;2.79026;BUY
2016-03-25T00:00:54.870000;2016-03-25T00:00:54.920000;6d4d777c-65b0-46b0-a8b1-2c0a31d52785;412.86;0.25;BUY
2016-03-25T00:00:54.870000;2016-03-25T00:00:54.920000;614f6d3d-6a7d-4cac-81e2-cc5bb4b76145;412.86;1e-06;BUY
2016-03-25T00:00:57.260000;2016-03-25T00:00:57.310000;24bebe24-dc16-485a-b0f3-4b8c07ee352a;412.86;0.250001;BUY
2016-03-25T00:01:00.030000;2016-03-25T00:01:00.060000;d4d6b34b-28ee-400b-bfa6-29754fdb9b2a;412.86;0.250001;BUY
2016-03-25T00:01:01.660000;2016-03-25T00:01:01.700000;38106d0a-1021-4e38-a522-6c5481245cdc;412.85;0.05759;SELL
2016-03-25T00:01:04.007000;2016-03-25T00:01:04.043000;55e5efc4-aa32-4093-a1dc-51fada6b8c9e;412.86;0.250001;BUY
2016-03-25T00:01:14.847000;2016-03-25T00:01:14.887000;e521167f-a8fa-44e1-8e63-62646ca84723;412.86;0.250001;BUY
2016-03-25T00:01:31.287000;2016-03-25T00:01:31.327000;da527227-d608-421f-ba3b-838ba40f37f5;412.86;0.05657;BUY
2016-03-25T00:01:31.293000;2016-03-25T00:01:31.340000;294bcb85-7b11-4042-bc2f-6df85ab13563;412.86;0.0286;BUY
2016-03-25T00:01:43.270000;2016-03-25T00:01:43.310000;c8fcf5b1-3351-4a5d-b29a-deef9d6b007e;412.86;0.07;BUY
2016-03-25T00:02:01.770000;2016-03-25T00:02:01.810000;cca3f59d-59c9-4312-bc02-a07988303f77;412.85;0.12617822;SELL
2016-03-25T00:02:01.770000;2016-03-25T00:02:01.840000;290b31b6-9bd7-4c44-8663-b573167bf196;412.85;0.241;SELL
2016-03-25T00:02:01.770000;2016-03-25T00:02:01.840000;dc18b388-e4ab-427d-9280-b4201527e2b0;412.85;0.241;SELL
2016-03-25T00:02:01.770000;2016-03-25T00:02:01.840000;51655bdf-3306-4153-b382-830d6e2a86f3;412.85;0.241;SELL
2016-03-25T00:02:01.770000;2016-03-25T00:02:01.840000;37d8c292-b438-4e9e-879a-87f5e773fb9e;412.85;0.241;SELL
2016-03-25T00:02:01.770000;2016-03-25T00:02:01.857000;b4e04f46-9ecb-492e-9322-0fc491ff1073;412.85;0.241;SELL
2016-03-25T00:02:01.770000;2016-03-25T00:02:01.857000;69fa5e37-8193-48b3-92d7-4aa2122625b3;412.85;0.241;SELL
2016-03-25T00:02:01.770000;2016-03-25T00:02:01.857000;cfa5343a-780c-4c38-a833-b537f269a81a;412.85;0.241;SELL
2016-03-25T00:02:01.770000;2016-03-25T00:02:01.857000;f97df8e0-5295-4292-8947-509587dd5666;412.85;0.241;SELL
2016-03-25T00:02:01.770000;2016-03-25T00:02:01.857000;d6dbbffc-7a56-4bbd-9be1-6eca1ae37c39;412.85;0.241;SELL
2016-03-25T00:02:01.773000;2016-03-25T00:02:01.857000;2f24b5a5-e104-4b64-bd7e-443b7eb9af62;412.85;0.241;SELL
2016-03-25T00:02:01.773000;2016-03-25T00:02:01.857000;2f26ca54-c2eb-4fe0-bed5-a2a0787566fa;412.85;0.241;SELL
2016-03-25T00:02:01.773000;2016-03-25T00:02:01.857000;8293fcf4-ed06-431f-9ea7-6ef302e81791;412.85;0.241;SELL
2016-03-25T00:02:01.773000;2016-03-25T00:02:01.873000;1e130420-e169-410a-86a9-2293e24b4d55;412.85;0.28129178;SELL
2016-03-25T00:03:03.013000;2016-03-25T00:03:03.043000;0695d6ea-0e61-4fc6-a3f5-df203b68a175;412.86;2.60534;BUY
2016-03-25T00:03:32.623000;2016-03-25T00:03:32.653000;4c6d51c5-f050-4798-8026-f2d7eb43f11c;412.85;0.13470822;SELL
2016-03-25T00:03:32.623000;2016-03-25T00:03:32.670000;e71cc19a-c4a0-4137-b6c5-ed10f92d5976;412.85;0.12400583;SELL
2016-03-25T00:03:32.623000;2016-03-25T00:03:32.670000;6e7481dd-2ffa-45ec-b536-fd0441ee623d;412.85;0.02458595;SELL
2016-03-25T00:04:02.280000;2016-03-25T00:04:02.310000;9158fcd0-113d-45d5-ad6d-7ddc162184b1;412.86;1.4066;BUY
2016-03-25T00:04:31.497000;2016-03-25T00:04:31.527000;c5874ac2-7e94-4be2-8774-1e210f152d57;412.85;0.08632;SELL
2016-03-25T00:05:01.587000;2016-03-25T00:05:01.623000;4bd4eb8d-5bbe-405d-bbac-d4de7604042a;412.86;0.38949;BUY
2016-03-25T00:05:31.540000;2016-03-25T00:05:31.577000;04c59dd6-c02f-42dd-b82d-75c05b76d0cb;412.86;1.0;BUY
2016-03-25T00:06:01.747000;2016-03-25T00:06:01.777000;865c996c-bce3-405f-a537-9d8280b53ad7;412.85;0.11868;SELL
2016-03-25T00:06:30.860000;2016-03-25T00:06:30.887000;f0f3dd7b-fe15-4ff4-9edd-5af991fa351c;412.86;0.01369;BUY
2016-03-25T00:06:33.600000;2016-03-25T00:06:33.637000;edd6f446-56a3-4bcf-b734-b551d6b20a9e;412.86;0.23631;BUY
2016-03-25T00:06:46.220000;2016-03-25T00:06:46.247000;8073267c-095d-4dd9-86bd-e18847b70dbc;412.9;0.25;BUY
2016-03-25T00:06:46.220000;2016-03-25T00:06:46.263000;dc48c0b3-dac7-472e-9c7a-5d041bc4e34b;412.9;0.521;BUY
2016-03-25T00:06:46.220000;2016-03-25T00:06:46.263000;5c9e4587-59cf-40dd-92a3-4ae4125c68b7;412.94;2.147;BUY
2016-03-25T00:07:00.190000;2016-03-25T00:07:00.217000;71d43a6c-6d74-4f6c-a5f3-203e724b0037;412.89;0.25;BUY
2016-03-25T00:07:01.170000;2016-03-25T00:07:01.200000;26997fc7-9d48-4be8-b7b3-a14917de49ab;412.89;1e-06;SELL
2016-03-25T00:07:01.173000;2016-03-25T00:07:01.200000;28909cff-6be0-46fa-ad85-4395e666241a;412.88;0.091229;SELL
2016-03-25T00:07:31.123000;2016-03-25T00:07:31.153000;7051b278-5d10-4452-808e-1852d612abf9;412.88;0.158772;SELL
2016-03-25T00:07:31.123000;2016-03-25T00:07:31.170000;2eb23ab6-4519-4cc9-93a8-b5abd8a13457;412.88;0.22126999;SELL
2016-03-25T00:07:31.127000;2016-03-25T00:07:31.170000;81de4d32-d66e-40e8-91a5-8aa4c5667754;412.88;0.82286801;SELL
2016-03-25T00:08:03.573000;2016-03-25T00:08:03.623000;545c2fe9-9751-4c61-ac88-2a501e7ff638;412.89;0.25;BUY
2016-03-25T00:08:03.573000;2016-03-25T00:08:03.623000;bf53e23c-e37d-43c2-85de-146803442ac6;412.89;0.116;BUY
2016-03-25T00:08:03.573000;2016-03-25T00:08:03.623000;972b1b5e-46e0-4158-9156-223fce4b5029;412.89;0.14058;BUY
2016-03-25T00:08:30.633000;2016-03-25T00:08:30.653000;cc3cb11a-86f4-40aa-9e95-2862b00b4710;412.88;0.77921852;SELL
2016-03-25T00:08:30.633000;2016-03-25T00:08:30.683000;942a9892-0f58-40e8-be3c-f5d25b7a8496;412.88;0.417;SELL
2016-03-25T00:08:30.633000;2016-03-25T00:08:30.683000;e2fe02c3-d2ac-4036-996b-d5a21ad7a10b;412.88;1.35887797;SELL
2016-03-25T00:08:30.633000;2016-03-25T00:08:30.683000;c419d058-6129-4f99-a7dd-065c5aab0d6c;412.88;0.24;SELL
2016-03-25T00:08:30.633000;2016-03-25T00:08:30.700000;1172032a-bbca-4870-b3f2-b517f4536c1b;412.88;0.602;SELL
2016-03-25T00:08:30.633000;2016-03-25T00:08:30.763000;a979a5a3-8211-4ba7-a776-ad313c4fc8d7;412.88;0.24;SELL
2016-03-25T00:08:30.633000;2016-03-25T00:08:30.763000;4b60ac99-22bb-4698-8fa3-db2097bae233;412.88;0.602;SELL
2016-03-25T00:08:30.633000;2016-03-25T00:08:30.763000;d2b157c0-1d72-493a-a6ca-9495edc7d057;412.88;0.602;SELL
2016-03-25T00:08:30.633000;2016-03-25T00:08:30.763000;fd8cb972-686e-42cb-87c9-5da15004f995;412.88;0.245;SELL
2016-03-25T00:08:30.633000;2016-03-25T00:08:30.763000;6e5fe7d3-cbd1-4e1b-97cf-66caef2e014e;412.88;0.24;SELL
2016-03-25T00:08:30.633000;2016-03-25T00:08:30.763000;d4b71a3d-b46e-4217-b041-0c7753c09a88;412.88;0.24;SELL
2016-03-25T00:08:30.633000;2016-03-25T00:08:30.763000;4db5e454-91ad-4278-8a1b-dd4a9c33ec95;412.88;0.24;SELL
2016-03-25T00:08:30.633000;2016-03-25T00:08:30.763000;6f02d50b-bf10-4fb9-9910-708ce1d66b68;412.88;0.602;SELL
2016-03-25T00:08:30.633000;2016-03-25T00:08:30.763000;c35ce98e-3d57-4230-a8d3-3fdcc02c6deb;412.88;0.24;SELL
2016-03-25T00:08:30.633000;2016-03-25T00:08:30.763000;1762ea60-0fce-4f5f-97b4-742f2f140022;412.88;0.24;SELL
2016-03-25T00:08:30.633000;2016-03-25T00:08:30.780000;84068e74-e1e0-43fe-b0e4-86949f8f66d4;412.88;0.24;SELL
2016-03-25T00:08:30.633000;2016-03-25T00:08:30.780000;55be455b-51b3-4782-b6ff-c32275ebb43a;412.88;0.24;SELL
2016-03-25T00:08:30.633000;2016-03-25T00:08:30.780000;91108a6b-3f2c-478b-b877-2873166a0430;412.88;0.24;SELL
2016-03-25T00:08:30.633000;2016-03-25T00:08:30.780000;1bdc136d-b4d9-432b-9e9c-ed6315e283c8;412.88;0.24;SELL
2016-03-25T00:08:30.633000;2016-03-25T00:08:30.780000;7d44c213-1347-4a55-8a1b-330c50bd798e;412.86;1e-06;SELL
2016-03-25T00:08:30.633000;2016-03-25T00:08:30.793000;27715ef1-3be0-4c27-b5a4-aae393baaa98;412.85;0.032;SELL
2016-03-25T00:08:30.633000;2016-03-25T00:08:30.793000;936fd3ad-0df3-41ae-b7ee-fd8e1d4287cb;412.85;0.173;SELL
2016-03-25T00:08:30.637000;2016-03-25T00:08:30.793000;f02ab36e-4639-4448-8f3d-f4643cd88b42;412.82;0.070001;SELL
2016-03-25T00:08:30.637000;2016-03-25T00:08:30.793000;6c5ac4ab-ad8a-4f1a-81b1-ea0b72497c91;412.77;0.207;SELL
2016-03-25T00:08:30.637000;2016-03-25T00:08:30.793000;85cdbd05-dea9-4b15-b46e-afad35e4c70e;412.74;0.01;SELL
2016-03-25T00:08:30.637000;2016-03-25T00:08:30.793000;a7014176-2406-462b-ac5d-fd1b90eb2590;412.72;0.165;SELL
2016-03-25T00:08:30.637000;2016-03-25T00:08:30.793000;9e116d5b-2252-4965-88e8-ad8c72ca9451;412.67;0.164;SELL
2016-03-25T00:08:30.637000;2016-03-25T00:08:30.793000;ee38fa45-4ad6-45d8-91d4-697abf214d36;412.62;0.209;SELL
2016-03-25T00:08:30.637000;2016-03-25T00:08:30.810000;a47e5d1a-6d58-49d4-8a1e-d1b3ccf1953d;412.57;0.199;SELL
2016-03-25T00:08:30.637000;2016-03-25T00:08:30.810000;6f9eee1b-7896-49c1-bb77-f1d67bbc7fba;412.54;0.02;SELL
2016-03-25T00:08:30.637000;2016-03-25T00:08:30.810000;24757c0d-dfbc-496e-9345-2922be96a810;412.52;0.155;SELL
2016-03-25T00:08:30.637000;2016-03-25T00:08:30.810000;231f1037-36e6-4f1b-bcd1-7d313c1548c5;412.52;0.01;SELL
2016-03-25T00:08:30.637000;2016-03-25T00:08:30.857000;0e543326-5595-49bc-8b6a-bee9a4dbe51f;412.51;0.17;SELL
2016-03-25T00:08:30.637000;2016-03-25T00:08:30.857000;57273c0f-c048-46d1-bbb9-03ed213a7f80;412.48;0.01;SELL
2016-03-25T00:08:30.637000;2016-03-25T00:08:30.873000;abce3c3c-91b0-4c58-8cba-d117e7a77482;412.47;0.153;SELL
2016-03-25T00:08:30.637000;2016-03-25T00:08:30.873000;5f922a28-3c7f-4557-944c-625b7d95af13;412.44;0.01;SELL
2016-03-25T00:08:30.637000;2016-03-25T00:08:30.873000;edbea5bc-858d-4d16-98a0-274171396a36;412.42;0.207;SELL
2016-03-25T00:08:30.637000;2016-03-25T00:08:30.873000;5ce0f9d3-87fd-4a7e-93ee-c2acd6147a5c;412.37;0.159;SELL
2016-03-25T00:08:30.637000;2016-03-25T00:08:30.873000;f294e14e-e816-44f7-8709-f7b4e9ac1975;412.32;0.01;SELL
2016-03-25T00:08:30.637000;2016-03-25T00:08:30.873000;9587e6f7-4c6f-4d76-8055-e7fd70a7875e;412.32;0.196;SELL
2016-03-25T00:08:30.637000;2016-03-25T00:08:30.873000;48666b66-c347-40a6-9ab0-f994794ba7e0;412.27;0.159;SELL
2016-03-25T00:08:30.637000;2016-03-25T00:08:30.873000;177fc7ca-d0cc-4482-8c4d-6942410061c3;412.22;0.176;SELL
2016-03-25T00:08:30.637000;2016-03-25T00:08:30.887000;b9d8dfd6-855a-48cf-b89e-37c144acaa34;412.17;0.198;SELL
2016-03-25T00:08:30.637000;2016-03-25T00:08:30.887000;ea55aff8-0416-4356-a2db-30d4e6b82da6;412.12;0.01;SELL
2016-03-25T00:08:30.640000;2016-03-25T00:08:30.887000;e775d061-af21-44b9-8a06-b868a5100efd;412.12;0.161;SELL
2016-03-25T00:08:30.640000;2016-03-25T00:08:30.887000;46f3fc76-d046-4359-9277-b7c0b6c0ee12;412.07;0.143;SELL
2016-03-25T00:08:30.640000;2016-03-25T00:08:30.887000;03eac415-60f1-4214-8a8d-08573b268bd2;412.02;0.151;SELL
2016-03-25T00:08:30.640000;2016-03-25T00:08:30.887000;69fdb15a-c017-49ba-a6dc-9383ed71221a;411.97;0.142;SELL
2016-03-25T00:08:30.640000;2016-03-25T00:08:30.887000;0b076036-0d8b-4c91-81df-a35db7abadbd;411.94;0.01;SELL
2016-03-25T00:08:30.640000;2016-03-25T00:08:30.887000;55f5d9c9-d9d1-407a-8abd-c68f6756a901;411.92;0.142;SELL
2016-03-25T00:08:30.640000;2016-03-25T00:08:30.887000;ba96823f-17d9-4a60-8056-9383d39ab01b;411.87;0.198;SELL
2016-03-25T00:08:30.640000;2016-03-25T00:08:30.887000;5d4b97dd-1ee0-4ce5-8bd0-a10a7446d3e9;411.86;0.02;SELL
2016-03-25T00:08:30.640000;2016-03-25T00:08:30.887000;3abf701f-0a36-454c-b6da-845fd3df011f;411.74;0.01;SELL
2016-03-25T00:08:30.640000;2016-03-25T00:08:30.903000;98e68e01-855a-481d-a0b9-b590463c80cc;411.52;0.01;SELL
2016-03-25T00:08:30.640000;2016-03-25T00:08:30.903000;ce3a7b35-3b8a-44fb-a073-31249cbf43f0;411.5;0.09030668;SELL
2016-03-25T00:08:30.640000;2016-03-25T00:08:30.903000;867d898d-b995-48f8-91b9-6c7cf5241f48;411.29;0.01;SELL
2016-03-25T00:08:30.640000;2016-03-25T00:08:30.903000;0b6761f4-1b66-44db-a0c6-eef4f3083294;411.07;0.01;SELL
2016-03-25T00:08:30.640000;2016-03-25T00:08:30.903000;a49c498b-a390-47e0-9870-bf096c78a90b;411.02;0.24072483;SELL
2016-03-25T00:08:37.133000;2016-03-25T00:08:37.153000;32f23c38-ba3f-4b64-b79b-9709350129b5;412.74;0.25;BUY
2016-03-25T00:08:37.133000;2016-03-25T00:08:37.153000;437ca23a-bc26-4ad2-8346-6171b73fda3b;412.74;1e-06;BUY
2016-03-25T00:08:39.827000;2016-03-25T00:08:39.857000;92003672-38ef-4ca8-87e8-5a6abdda9054;412.74;0.141;BUY
2016-03-25T00:08:39.827000;2016-03-25T00:08:39.857000;93ca688f-fd5a-4fc7-af89-0ea2fd4aa519;412.74;0.109001;BUY
2016-03-25T00:08:43.550000;2016-03-25T00:08:43.577000;4ce83ffe-e057-4785-b19c-8fcf48fbc556;412.74;0.170998;BUY
2016-03-25T00:08:43.550000;2016-03-25T00:08:43.577000;cc914fdb-7274-41f2-bb82-1073299c0b05;412.74;0.079003;BUY
2016-03-25T00:08:43.557000;2016-03-25T00:08:43.577000;81ec00c8-7bb2-446c-8af5-7c55a923ebb7;412.74;0.0255;BUY
2016-03-25T00:08:43.560000;2016-03-25T00:08:43.607000;946a1963-5d49-47c7-82e2-5a0d42f9a929;412.74;0.07;BUY
2016-03-25T00:08:43.897000;2016-03-25T00:08:43.920000;5614159f-5cbb-4702-91f9-f1bf0c95ba1f;412.74;0.04;BUY
2016-03-25T00:08:43.910000;2016-03-25T00:08:43.950000;b819cd81-c132-4d22-8387-7d2ef942cfe7;412.74;0.147;BUY
2016-03-25T00:08:43.937000;2016-03-25T00:08:43.967000;001ecc41-75b6-49bb-8e7f-9479e7ba7d90;412.74;0.075;BUY
2016-03-25T00:08:44.077000;2016-03-25T00:08:44.123000;d830ee22-1e65-4015-8678-9b6f0479cbbd;412.74;0.0204;BUY
2016-03-25T00:08:44.213000;2016-03-25T00:08:44.230000;b2691e94-e54d-457c-8fa6-d13d1ff27a02;412.74;0.075;BUY
2016-03-25T00:08:44.217000;2016-03-25T00:08:44.247000;f25b8d3b-3955-468a-a39b-d21374a61d9f;412.74;0.06;BUY
2016-03-25T00:08:44.387000;2016-03-25T00:08:44.403000;0ca32689-f9ad-4b61-92ee-fe59f00a9e99;412.74;0.0641;BUY
2016-03-25T00:08:44.403000;2016-03-25T00:08:44.433000;e215ee69-0a40-4287-9e74-bbfebaa51db8;412.74;0.0255;BUY
2016-03-25T00:08:44.407000;2016-03-25T00:08:44.433000;f3ddb734-2561-4afd-8706-87ac56ce0a98;412.74;0.0325;BUY
2016-03-25T00:08:44.410000;2016-03-25T00:08:44.467000;4d6a657f-6298-4b6a-a099-e6be1ec4a726;412.74;0.065;BUY
2016-03-25T00:08:45.840000;2016-03-25T00:08:45.873000;7500156b-5828-4e2b-af7c-bee5c575b13a;412.74;0.11;BUY
2016-03-25T00:08:45.840000;2016-03-25T00:08:45.873000;e4b87875-e0da-4a62-aca9-84d987918b6d;412.74;0.140001;BUY
2016-03-25T00:08:48.060000;2016-03-25T00:08:48.077000;c8de3f4f-5e69-4224-b7d1-00bf9d7d543b;412.74;0.250001;BUY
2016-03-25T00:08:53.263000;2016-03-25T00:08:53.293000;7563e844-4bf9-4668-a5fb-0b3231ee544e;412.74;0.25;BUY
2016-03-25T00:08:53.263000;2016-03-25T00:08:53.293000;a33fcbbb-e56b-460b-a4bb-26c1d14cfba1;412.74;1e-06;BUY
2016-03-25T00:08:56.440000;2016-03-25T00:08:56.497000;c7700750-a9b7-4293-98e1-450ec84271f0;412.74;0.25;BUY
2016-03-25T00:08:56.440000;2016-03-25T00:08:56.497000;6225b92a-353f-4432-a7bf-d51081ec5dd1;412.74;1e-06;BUY
2016-03-25T00:09:00.873000;2016-03-25T00:09:00.903000;0a90c878-8b77-4e9d-b0b2-173d91f7e18e;412.74;0.232311;SELL
2016-03-25T00:09:00.873000;2016-03-25T00:09:00.903000;119b7070-a3e8-40d7-ba2c-f04eb35eabee;412.73;0.250001;SELL
2016-03-25T00:09:00.877000;2016-03-25T00:09:00.920000;e55b9486-cb6c-4170-8e09-b1a004fd85e1;412.65;0.116;SELL
2016-03-25T00:09:00.877000;2016-03-25T00:09:00.920000;9ec0ece7-c3b1-4b97-bcb1-bebbc7fb9eef;412.6;0.078;SELL
2016-03-25T00:09:00.877000;2016-03-25T00:09:00.920000;9c9fb2c6-9b20-4965-b5d3-ae658f668487;412.55;0.093;SELL
2016-03-25T00:09:00.877000;2016-03-25T00:09:00.920000;a1aeb89b-21ec-4fa5-9471-ffa16c9dbb7b;412.54;0.02;SELL
2016-03-25T00:09:00.877000;2016-03-25T00:09:00.933000;f322e251-54b0-45ff-863b-78339c6ed015;412.52;0.05;SELL
2016-03-25T00:09:00.877000;2016-03-25T00:09:00.933000;6ce533b9-8a83-4ec9-8d14-9700b5f52290;412.5;0.112;SELL
2016-03-25T00:09:00.877000;2016-03-25T00:09:00.950000;ec81c879-8368-4521-a657-206566aba79f;412.47;0.01;SELL
2016-03-25T00:09:00.877000;2016-03-25T00:09:00.950000;b029abf9-35e2-44d8-a780-be23836238b2;412.36;0.01;SELL
2016-03-25T00:09:00.877000;2016-03-25T00:09:00.950000;c3aeb955-2517-4f01-a2dd-3e4e91542810;412.1;0.01;SELL
2016-03-25T00:09:00.877000;2016-03-25T00:09:00.967000;71341ab7-2cb9-4e4e-ab00-74bf24f76c40;411.95;0.01;SELL
2016-03-25T00:09:00.877000;2016-03-25T00:09:00.967000;e9504e8a-70d8-4f31-bde6-51913e867b42;411.73;0.88;SELL
2016-03-25T00:09:00.877000;2016-03-25T00:09:00.967000;f2ac2275-0f84-481e-8d4a-9839bb5ea124;411.72;0.01;SELL
2016-03-25T00:09:00.877000;2016-03-25T00:09:00.967000;19501b70-1b22-4dcc-914c-0e5798929bf1;411.58;0.995;SELL
2016-03-25T00:09:00.877000;2016-03-25T00:09:00.967000;3a0cc688-8121-496a-a7b0-f41a662ddcb4;411.53;1.32;SELL
2016-03-25T00:09:00.877000;2016-03-25T00:09:00.980000;b940c5c6-aa28-41e5-b5e2-0d92819ba0b0;411.52;0.01;SELL
2016-03-25T00:09:00.877000;2016-03-25T00:09:00.980000;90d1f872-a43c-463e-adbb-b90c8ab0182b;411.3;1.1;SELL
2016-03-25T00:09:00.877000;2016-03-25T00:09:00.980000;2e8bda75-6544-4238-be88-ab17502ae1aa;411.29;0.01;SELL
2016-03-25T00:09:00.877000;2016-03-25T00:09:00.980000;bb7c2ffb-9068-454e-80df-9b736ddc7a18;411.16;0.5;SELL
2016-03-25T00:09:00.877000;2016-03-25T00:09:00.997000;b4e307d8-304e-49fe-99dc-5da16b353761;411.15;0.88;SELL
2016-03-25T00:09:00.877000;2016-03-25T00:09:00.997000;44ae305a-b4e2-4a0a-ba50-4ac6147d65fd;411.12;0.01;SELL
2016-03-25T00:09:00.880000;2016-03-25T00:09:00.997000;c7701df1-f31c-4e24-85e5-c85639b57ffd;411.07;0.22;SELL
2016-03-25T00:09:00.880000;2016-03-25T00:09:00.997000;080f18c3-3dcf-482e-bd7f-b954c7498568;411.06;0.01;SELL
2016-03-25T00:09:00.880000;2016-03-25T00:09:00.997000;710e052f-dcc6-4e1c-abe9-8bcf6aae448a;411.05;0.22;SELL
2016-03-25T00:09:00.880000;2016-03-25T00:09:01.013000;4f0d1d06-fe3a-41e3-b685-0a010b19f18c;411.04;0.01;SELL
2016-03-25T00:09:00.880000;2016-03-25T00:09:01.013000;379ea2b3-7133-4ddb-9fff-d0b481e64130;411.03;0.5064;SELL
2016-03-25T00:09:00.880000;2016-03-25T00:09:01.013000;b4417560-6db8-4cf6-84dd-b979a06f0857;411.01;0.01;SELL
2016-03-25T00:09:00.880000;2016-03-25T00:09:01.013000;152eddbb-7437-400a-90d8-a178d24bfea9;411.0;0.09030668;SELL
2016-03-25T00:09:00.880000;2016-03-25T00:09:01.013000;92346b7c-3583-4c34-ae29-5de43717d122;411.0;3.62228132;SELL
2016-03-25T00:09:01.103000;2016-03-25T00:09:01.137000;db74faae-8906-43e0-b6e0-9282b9808ea9;412.75;0.09030668;BUY
2016-03-25T00:09:01.103000;2016-03-25T00:09:01.137000;809d8e13-a71d-4714-93cb-524d90a48733;412.75;0.623;BUY
2016-03-25T00:09:01.103000;2016-03-25T00:09:01.137000;44d61f94-7e8b-40c3-9638-94e30279739b;412.79;2.86;BUY
2016-03-25T00:09:01.103000;2016-03-25T00:09:01.137000;62e76e53-373e-4e70-91be-5a8f364a1c25;412.8;0.01;BUY
2016-03-25T00:09:01.103000;2016-03-25T00:09:01.137000;920f0b22-e577-4fe7-b7ef-3efcd035cb06;412.8;0.623;BUY
2016-03-25T00:09:01.103000;2016-03-25T00:09:01.170000;b08b8e8b-51ee-46e9-bf3b-904120e13900;412.81;0.01;BUY
2016-03-25T00:09:01.103000;2016-03-25T00:09:01.170000;f11490c7-be47-4c10-8bf9-41751e5d0723;412.81;0.44;BUY
2016-03-25T00:09:01.103000;2016-03-25T00:09:01.170000;d168aa8f-1680-4546-9151-719e6a865230;412.82;0.01;BUY
2016-03-25T00:09:01.103000;2016-03-25T00:09:01.170000;d743f788-0cef-469e-ad87-1d5acbee1edf;412.82;0.44;BUY
2016-03-25T00:09:01.103000;2016-03-25T00:09:01.183000;f8848e86-45a1-4327-b552-16aa78cde666;412.83;0.01;BUY
2016-03-25T00:09:01.103000;2016-03-25T00:09:01.183000;51fff117-dabd-4735-a9ac-dffbf7e5cc9c;412.83;0.66;BUY
2016-03-25T00:09:01.103000;2016-03-25T00:09:01.183000;cd2344d6-89a9-48c7-8754-26dd7e7e039b;412.84;0.01;BUY
2016-03-25T00:09:01.103000;2016-03-25T00:09:01.183000;adeb0282-a7fe-4fae-b73c-64b8280ac536;412.84;0.66;BUY
2016-03-25T00:09:01.103000;2016-03-25T00:09:01.183000;844ba00f-09e4-42fe-84b3-406508001213;412.85;0.01;BUY
2016-03-25T00:09:01.103000;2016-03-25T00:09:01.200000;f167e091-bd76-4fcb-9f21-e8750ad36ec7;412.85;0.44;BUY
2016-03-25T00:09:01.103000;2016-03-25T00:09:01.200000;42a9619e-5750-4ce3-a5b8-3f8921a90823;412.86;0.01;BUY
2016-03-25T00:09:01.107000;2016-03-25T00:09:01.200000;f05c930d-fc43-4e9d-8379-ee130668e80f;412.86;0.44;BUY
2016-03-25T00:09:01.107000;2016-03-25T00:09:01.200000;8c90dca2-df55-4004-af8f-c76af63f7ba2;412.87;0.01;BUY
2016-03-25T00:09:01.107000;2016-03-25T00:09:01.200000;9d9c5ed1-a3ce-460d-b72f-306e7acc9f3a;412.87;0.22;BUY
2016-03-25T00:09:01.107000;2016-03-25T00:09:01.200000;0068c204-8e5e-4a25-bec9-a79e6a502713;412.88;0.445;BUY
2016-03-25T00:09:01.107000;2016-03-25T00:09:01.217000;c19cd8f5-7ad4-4b9a-848a-8e345d948935;412.88;2.0;BUY
2016-03-25T00:09:01.107000;2016-03-25T00:09:01.217000;7ba39611-f92a-4a2f-b847-c8fe9df5e76c;412.89;1.15042;BUY
2016-03-25T00:09:01.107000;2016-03-25T00:09:01.217000;289328f4-619b-4436-b4c6-bc12076ec291;412.9;0.01;BUY
2016-03-25T00:09:01.107000;2016-03-25T00:09:01.217000;a7f16154-8e6f-4c94-ac90-ec5e61e0d066;412.93;0.468;BUY
2016-03-25T00:09:01.107000;2016-03-25T00:09:01.230000;f169dd2b-9edb-4f3b-bb2b-874eb9c36888;412.95;0.50468332;BUY
2016-03-25T00:09:30.103000;2016-03-25T00:09:30.153000;30ebd44c-619b-42d4-851e-064249edcc57;412.66;0.0125;SELL
2016-03-25T00:09:37.163000;2016-03-25T00:09:37.183000;c7f690c6-edcf-4d3f-90d4-2d9263b73a2f;412.67;0.32743;BUY
2016-03-25T00:09:41.260000;2016-03-25T00:09:41.293000;336df3a3-0909-4282-8c0a-3630fdc8ef34;412.67;0.1365;BUY
2016-03-25T00:09:41.263000;2016-03-25T00:09:41.293000;7d023b23-8b8f-41d0-aa22-dd367f85e050;412.67;0.0238;BUY
2016-03-25T00:10:00.853000;2016-03-25T00:10:00.873000;c09e3e2c-8e56-497d-a5d7-07a4acebb2a2;412.67;0.69079;BUY
2016-03-25T00:10:31.397000;2016-03-25T00:10:31.433000;ca435d3a-2515-4c1f-a661-38570b9a155d;412.67;1.57079;BUY
2016-03-25T00:11:00.993000;2016-03-25T00:11:01.013000;fd3671a7-8afc-4055-a246-3824fdcc018d;412.67;0.87297132;BUY
2016-03-25T00:11:00.993000;2016-03-25T00:11:01.013000;a161fe5d-3685-4c89-9154-628a052d08df;412.67;0.07;BUY
2016-03-25T00:11:00.993000;2016-03-25T00:11:01.030000;cc471a7e-311c-4f30-85e3-e8c72a2c9f0b;412.7;0.09030668;BUY
2016-03-25T00:11:00.993000;2016-03-25T00:11:01.030000;ee8f3520-037f-41e3-8288-07d8efc9b908;412.71;0.387062;BUY
2016-03-25T00:11:05.607000;2016-03-25T00:11:05.637000;17f2ebed-b894-4a01-953b-1fa4076659cb;412.69;0.08459792;BUY
2016-03-25T00:11:31.023000;2016-03-25T00:11:31.043000;55d3065c-3920-4992-ba05-168314295060;412.67;0.25;BUY
2016-03-25T00:11:31.023000;2016-03-25T00:11:31.043000;4a26ab5f-4c15-4557-a2ef-0c3e9028d58b;412.69;0.524;BUY
2016-03-25T00:11:31.023000;2016-03-25T00:11:31.043000;da37daf4-9a92-4478-a4b4-7f6831749db0;412.71;0.71;BUY
2016-03-25T00:11:31.023000;2016-03-25T00:11:31.043000;61c9510d-90d9-49e8-8718-41d2c1932f32;412.72;0.01;BUY
2016-03-25T00:11:31.023000;2016-03-25T00:11:31.060000;b878e50d-962b-4f7f-8c3c-09ff5c62e45a;412.72;0.44;BUY
2016-03-25T00:11:31.023000;2016-03-25T00:11:31.060000;97b46168-e534-4785-b2fe-2aa06aadce62;412.73;0.01;BUY
2016-03-25T00:11:31.023000;2016-03-25T00:11:31.060000;fcb9d2dc-866b-406f-80d3-159f0d6e38ed;412.74;0.01;BUY
2016-03-25T00:11:31.023000;2016-03-25T00:11:31.090000;23a29fc3-c6c7-4983-9828-da08bad4e0be;412.75;1.32;BUY
2016-03-25T00:11:31.023000;2016-03-25T00:11:31.090000;c7dba87b-3ef7-4b31-b578-cbebc560a653;412.76;0.53;BUY
2016-03-25T00:11:31.023000;2016-03-25T00:11:31.090000;7206c1df-f6e0-4659-887f-b8a82e2352e6;412.79;1.62919;BUY
2016-03-25T00:11:40.463000;2016-03-25T00:11:40.480000;6de187f4-7c7d-4532-9286-1d4282f5e3ce;412.69;0.04682621;BUY
2016-03-25T00:12:01.023000;2016-03-25T00:12:01.043000;b826a736-626b-4d0c-a2d6-619ddaee5f7b;412.69;0.20317379;BUY
2016-03-25T00:12:01.023000;2016-03-25T00:12:01.060000;9c198ea1-3072-42c2-9642-701c102b0023;412.69;0.95139621;BUY
2016-03-25T00:12:30.800000;2016-03-25T00:12:30.827000;f143029b-8aca-438a-a2c8-2e25f459e05b;412.68;0.25;BUY
2016-03-25T00:12:30.800000;2016-03-25T00:12:30.827000;740163a7-5490-45dd-9aa2-beb2b9b0362b;412.68;0.05249;BUY
2016-03-25T00:13:00.693000;2016-03-25T00:13:00.767000;9bbd2610-8a9d-45a3-a840-efa02c15fc90;412.67;0.01;SELL
2016-03-25T00:13:00.697000;2016-03-25T00:13:00.783000;e0f18bf7-feb8-4d25-9ba2-e6240d5ac499;412.67;0.241;SELL
2016-03-25T00:13:00.700000;2016-03-25T00:13:00.783000;26a1929c-7418-4a8e-84a8-ede688b34237;412.67;0.20035853;SELL
2016-03-25T00:13:00.703000;2016-03-25T00:13:00.783000;770847e0-41d4-412b-bc2c-7fb8420c8ce1;412.66;0.077811;SELL
2016-03-25T00:13:00.703000;2016-03-25T00:13:00.783000;8e608aaf-13f1-483c-8f32-811d6e0bf478;412.66;0.250001;SELL
2016-03-25T00:13:00.703000;2016-03-25T00:13:00.797000;0db37f4e-58dd-47af-bd1a-1461b4f67cdd;412.64;0.250001;SELL
2016-03-25T00:13:00.703000;2016-03-25T00:13:00.797000;4412551f-1bab-4737-ad44-0f458fe67d39;412.64;0.250001;SELL
2016-03-25T00:13:00.703000;2016-03-25T00:13:00.797000;6fb51d1c-a4de-49f0-9b1d-b223c07e77a6;412.52;0.15530747;SELL
2016-03-25T00:13:31.020000;2016-03-25T00:13:31.080000;ded95a45-5f4e-4b3b-a223-564471ba2160;412.52;0.1001;BUY
2016-03-25T00:14:01.477000;2016-03-25T00:14:01.533000;e4c3c94b-89ae-46f3-81e7-1937db2fa9c7;412.52;0.0839;BUY
2016-03-25T00:14:30.183000;2016-03-25T00:14:30.233000;595965a8-88f4-4aeb-a139-75bfbaad9af3;412.51;0.01;SELL
2016-03-25T00:14:30.183000;2016-03-25T00:14:30.267000;505ac42b-9690-4216-b62d-6801f907dcad;412.5;0.0125;SELL
2016-03-25T00:14:30.187000;2016-03-25T00:14:30.267000;61bfe6a3-7731-484c-acf3-3c5a738d6345;412.48;0.250001;SELL
2016-03-25T00:14:30.187000;2016-03-25T00:14:30.267000;9e6383ce-de4d-4ce5-88fd-daa21af13a41;412.48;0.18129703;SELL
2016-03-25T00:14:31.277000;2016-03-25T00:14:31.330000;9fe05988-f6c7-44ec-813f-bb69c2421dd5;412.51;0.38201;BUY
2016-03-25T00:15:07.303000;2016-03-25T00:15:07.360000;ec4fc8d9-38d7-43d7-b382-5ff6b9c4c432;412.48;0.05557;SELL
2016-03-25T00:15:26.223000;2016-03-25T00:15:26.297000;25ae3be0-9e14-4f4d-8390-9c30270791ae;412.49;0.25;BUY
2016-03-25T00:15:26.223000;2016-03-25T00:15:26.297000;a6c6c5a2-7551-4adc-b05b-df4d2c5b6489;412.49;1e-06;BUY
2016-03-25T00:15:28.923000;2016-03-25T00:15:28.987000;8294f4df-c78f-4d42-abc5-23628e3f2feb;412.49;0.250001;BUY
2016-03-25T00:15:30.763000;2016-03-25T00:15:30.813000;afa73dd4-5c31-4524-a504-e447aa07ae72;412.48;0.01313397;SELL
2016-03-25T00:15:30.763000;2016-03-25T00:15:30.843000;c7da494f-5a42-4cdd-86bc-f42413ef5311;412.48;0.250001;SELL
2016-03-25T00:15:30.763000;2016-03-25T00:15:30.843000;536ed75a-89ff-4bc9-93f6-d7334c81bbda;412.47;0.01;SELL
2016-03-25T00:15:30.763000;2016-03-25T00:15:30.843000;b9776ef9-4cd3-443e-936d-0f74b52905db;412.38;0.02;SELL
2016-03-25T00:15:30.763000;2016-03-25T00:15:30.843000;4722b8c4-718c-4754-9e04-513fee5edba0;412.32;0.12;SELL
2016-03-25T00:15:30.763000;2016-03-25T00:15:30.843000;6008af65-1db2-4c8c-b460-c6d115cfb115;412.29;0.01;SELL
2016-03-25T00:15:30.767000;2016-03-25T00:15:30.860000;63fdc694-4755-400b-a23f-9ec945443e26;412.27;0.11911503;SELL
2016-03-25T00:15:37.920000;2016-03-25T00:15:37.970000;f2772ca0-8977-4c70-9f60-d0e730ef3aa4;412.4;0.250001;BUY
2016-03-25T00:16:01.430000;2016-03-25T00:16:01.487000;2166238a-49b5-4cad-8d64-8d55830ee696;412.42;1.00524;BUY
2016-03-25T00:17:04.347000;2016-03-25T00:17:04.407000;30901b83-2e8f-46e5-b80b-63a8a0e6ef93;412.41;0.250001;SELL
2016-03-25T00:17:04.347000;2016-03-25T00:17:04.407000;6ae8e037-3e76-48f4-a9fd-13c052b3c31c;412.41;0.05896099;SELL
2016-03-25T00:17:04.347000;2016-03-25T00:17:04.407000;00867a5d-e7b8-4b00-85fb-7845a4ec9695;412.41;0.33026149;SELL
2016-03-25T00:17:04.347000;2016-03-25T00:17:04.423000;51c0a3c0-64cb-4467-869d-0e1758538566;412.39;0.250001;SELL
2016-03-25T00:17:04.347000;2016-03-25T00:17:04.423000;4d952219-10d1-4fdf-9bbd-d86e5afb9c61;412.39;0.35;SELL
2016-03-25T00:17:04.347000;2016-03-25T00:17:04.423000;d92a7f19-58ed-4281-83db-cf2732de2112;412.29;0.01;SELL
2016-03-25T00:17:04.347000;2016-03-25T00:17:04.423000;fb4931c8-ee13-46c0-8a3b-4c51ab037157;412.29;0.31244552;SELL
2016-03-25T00:17:10.150000;2016-03-25T00:17:10.220000;06049854-27c6-4c49-a573-a2a9e15f76f6;412.34;11.848;BUY
2016-03-25T00:17:14.243000;2016-03-25T00:17:14.313000;e6b28c91-a235-438e-8aca-3758342d2d82;412.29;0.08467794;BUY
2016-03-25T00:17:30.797000;2016-03-25T00:17:30.860000;5d34eeff-0608-476a-94e4-95f34fd58014;412.21;2.66375;BUY
2016-03-25T00:17:35.283000;2016-03-25T00:17:35.330000;b8e1835a-fbe7-4f46-b004-9952dd4a1d83;412.21;0.08469643;BUY
2016-03-25T00:18:02.773000;2016-03-25T00:18:02.813000;da06cc06-1aa8-43aa-82d3-84175b5c31b3;412.21;0.08;BUY
2016-03-25T00:18:32.677000;2016-03-25T00:18:32.720000;b0bf06de-a7c7-48bd-a6d1-9792684de29f;412.21;1.23687;BUY
2016-03-25T00:18:45.087000;2016-03-25T00:18:45.127000;c9e9b639-0656-4b84-9dbb-15331b2d9fb2;412.21;0.02;BUY
2016-03-25T00:19:31.160000;2016-03-25T00:19:31.203000;f443a065-297d-48b8-8899-7c9d05a51215;412.21;0.78234;BUY
2016-03-25T00:20:00.910000;2016-03-25T00:20:00.953000;ba3191ee-d6ea-450e-890a-e1e1fe6baf9f;412.21;0.16207;BUY
2016-03-25T00:20:30.990000;2016-03-25T00:20:31.033000;5813c207-fb5c-47dc-a063-0192a0e84c8e;412.21;1.75474;BUY
2016-03-25T00:21:00.890000;2016-03-25T00:21:00.923000;c7e0b4cf-c2c5-4b35-9bac-fbf2cf74ec6c;412.21;3.73322;BUY
2016-03-25T00:21:33.150000;2016-03-25T00:21:33.187000;57326d60-2334-4cfa-bc14-7e5608651550;412.21;0.12196;BUY
2016-03-25T00:21:53.477000;2016-03-25T00:21:53.517000;801fc1a7-65aa-415d-a5a6-a2b78d86d7a4;412.2;0.01;SELL
2016-03-25T00:21:53.477000;2016-03-25T00:21:53.533000;94947b50-ed84-4a37-8068-e5a3fddd1af5;412.2;0.11967756;SELL
2016-03-25T00:22:01.097000;2016-03-25T00:22:01.127000;0d887b84-317f-4bef-bb30-31ca64757899;412.2;0.08469849;BUY
2016-03-25T00:22:01.490000;2016-03-25T00:22:01.547000;54735b62-b287-4574-a88a-708dc30eef16;412.19;0.02;SELL
2016-03-25T00:22:01.490000;2016-03-25T00:22:01.547000;326c2788-16ad-4799-8cd0-6c6e0809f2b2;412.17;0.05371;SELL
2016-03-25T00:22:11.163000;2016-03-25T00:22:11.190000;83afcbce-c1c6-422f-a346-4b2ef6e8e075;412.18;0.465;BUY
2016-03-25T00:22:11.163000;2016-03-25T00:22:11.220000;5ebfb931-8a9d-489e-8b98-2c50d5e0cc54;412.19;1.54;BUY
2016-03-25T00:22:11.163000;2016-03-25T00:22:11.220000;baa59809-960c-4d34-8367-a18645d6ae1d;412.2;0.28562395;BUY
2016-03-25T00:22:11.163000;2016-03-25T00:22:11.220000;40736cee-7834-4e26-9988-82e8cfe30dad;412.2;0.65937605;BUY
2016-03-25T00:22:31.157000;2016-03-25T00:22:31.190000;194cd9a5-6b3a-4405-a2fd-c1a2badfc176;412.17;0.196291;SELL
2016-03-25T00:22:31.157000;2016-03-25T00:22:31.203000;ecc839c8-8370-445c-bb41-2cb40015c5de;412.17;0.063739;SELL
2016-03-25T00:23:00.000000;2016-03-25T00:23:00.063000;05406367-6d1e-482f-ba91-bfa3cfba0f3f;412.18;0.25;BUY
2016-03-25T00:23:00.000000;2016-03-25T00:23:00.063000;25b69927-4119-4551-8358-75d2f125b49a;412.18;1e-06;BUY
2016-03-25T00:24:01.103000;2016-03-25T00:24:01.140000;746f1fe0-bdee-42ce-aaa2-e2457d92792d;412.19;0.08169;BUY
2016-03-25T00:24:31.790000;2016-03-25T00:24:31.813000;a43959f9-2359-4a68-8260-6faa263b314b;412.19;0.16831;BUY
2016-03-25T00:24:31.790000;2016-03-25T00:24:31.830000;1ae674de-772e-4ebb-89c5-3056138cd60d;412.19;0.352;BUY
2016-03-25T00:24:31.790000;2016-03-25T00:24:31.830000;6fd4136d-7237-4bdb-9200-730f1a1ab407;412.2;0.81965;BUY
2016-03-25T00:25:01.100000;2016-03-25T00:25:01.140000;2b9d87c3-4a3e-4611-b404-151f46486203;412.21;0.25;BUY
2016-03-25T00:25:01.100000;2016-03-25T00:25:01.140000;089bbb0d-d3a4-4693-8243-04ed7fcf172f;412.22;0.59067;BUY
2016-03-25T00:25:28.477000;2016-03-25T00:25:28.517000;e81353db-aac3-499f-8981-3fc173104499;412.23;0.0513;BUY
2016-03-25T00:25:28.527000;2016-03-25T00:25:28.547000;359c1ae6-4146-4da4-a76e-6279edd5772e;412.23;0.0187;BUY
2016-03-25T00:25:31.187000;2016-03-25T00:25:31.220000;507b6336-5395-4b9d-b00b-19747204b4fb;412.18;0.250001;SELL
2016-03-25T00:25:31.187000;2016-03-25T00:25:31.237000;aaef9161-1eea-4909-9e36-5322d0bbcb0e;412.17;0.186262;SELL
2016-03-25T00:25:31.187000;2016-03-25T00:25:31.237000;ab192b68-e584-471a-9988-254bd5509e3f;412.13;0.092;SELL
2016-03-25T00:25:31.187000;2016-03-25T00:25:31.237000;0b54d46e-359c-42fa-9d40-0ae35063f896;412.12;0.01;SELL
2016-03-25T00:25:31.187000;2016-03-25T00:25:31.267000;417e41db-23b2-4b12-b95f-170cba190642;412.08;0.01;SELL
2016-03-25T00:25:31.187000;2016-03-25T00:25:31.267000;51e32cc0-3fea-4195-a6ea-406ecd537d89;412.08;0.01;SELL
2016-03-25T00:25:31.187000;2016-03-25T00:25:31.267000;5b29baf9-72b5-4ab7-88de-7f8cd1fa1e26;412.06;0.085;SELL
2016-03-25T00:25:31.190000;2016-03-25T00:25:31.267000;ca547686-2c70-44f2-8b98-157674b8160b;412.0;0.111;SELL
2016-03-25T00:25:31.190000;2016-03-25T00:25:31.267000;058306ff-6f83-4392-84e3-de36dfadbbd2;412.0;0.02;SELL
2016-03-25T00:25:31.190000;2016-03-25T00:25:31.267000;ca4964b6-d018-4f1d-b4c8-7138938ff908;411.95;0.132;SELL
2016-03-25T00:25:31.190000;2016-03-25T00:25:31.267000;872c1dde-0cf7-45df-a1a5-eb6adb9322f1;411.9;0.01;SELL
2016-03-25T00:25:31.190000;2016-03-25T00:25:31.267000;d1222d9e-c553-4d91-93af-86a36911c86a;411.9;0.124;SELL
2016-03-25T00:25:31.190000;2016-03-25T00:25:31.283000;767a4541-e379-471b-b061-d14986dbd15a;411.85;0.122;SELL
2016-03-25T00:25:31.190000;2016-03-25T00:25:31.283000;2c830d1f-0da8-4a6b-8f7b-5bc62d1d5b19;411.85;0.01;SELL
2016-03-25T00:25:31.190000;2016-03-25T00:25:31.283000;9fd04856-af48-46a7-bf1a-64354f26e921;411.8;0.105;SELL
2016-03-25T00:25:31.190000;2016-03-25T00:25:31.297000;2db59190-7927-42cd-8f12-c5549a8e132e;411.77;0.216897;SELL
2016-03-25T00:25:46.557000;2016-03-25T00:25:46.593000;e6485056-2a68-471b-9494-df068be7c4b2;412.09;11.848;BUY
2016-03-25T00:26:01.263000;2016-03-25T00:26:01.313000;3da1ed53-fd0f-49f3-9441-2613005bfa07;411.89;0.25;BUY
2016-03-25T00:26:01.263000;2016-03-25T00:26:01.313000;ad11fd14-7eba-4997-b771-28f8c7829edf;411.9;1.06047187;BUY
2016-03-25T00:26:01.263000;2016-03-25T00:26:01.313000;20d0ef75-c577-4406-bb31-1d5a714dc83b;411.96;0.34;BUY
2016-03-25T00:26:01.267000;2016-03-25T00:26:01.313000;fe22b5ee-1c16-46cf-9832-34c8c02a9270;412.15;6.14668813;BUY
2016-03-25T00:26:31.457000;2016-03-25T00:26:31.487000;bf4cc566-6487-4b63-9b8a-713458b2a812;412.12;0.01;SELL
2016-03-25T00:26:31.457000;2016-03-25T00:26:31.500000;ebefe6da-77ba-4509-9256-da1a546c960e;412.11;0.250001;SELL
2016-03-25T00:26:31.457000;2016-03-25T00:26:31.500000;a3ac3d4e-d343-48ca-8c57-b21664d86bad;412.09;0.15;SELL
2016-03-25T00:26:31.457000;2016-03-25T00:26:31.500000;6b3c1ca8-5d7e-4573-ab33-ead70759b176;412.09;0.35;SELL
2016-03-25T00:26:31.457000;2016-03-25T00:26:31.500000;a585ba3b-a581-4a44-8ed3-1260215d8f1d;412.08;0.01;SELL
2016-03-25T00:26:31.457000;2016-03-25T00:26:31.517000;c225936a-190e-4d5e-a56b-8ef899ef9d96;412.02;0.1;SELL
2016-03-25T00:26:31.457000;2016-03-25T00:26:31.517000;d6008a20-9bb7-4425-bbc4-aebe08ba5ef9;411.97;0.122;SELL
2016-03-25T00:26:31.457000;2016-03-25T00:26:31.517000;cc7338a9-4351-40ff-adc3-747652cbff60;411.92;0.108;SELL
2016-03-25T00:26:31.457000;2016-03-25T00:26:31.517000;359dcfd7-22b6-4ab0-83c8-084e8a7172e5;411.9;0.01;SELL
2016-03-25T00:26:31.457000;2016-03-25T00:26:31.517000;04c44b91-6c96-46a8-aa65-a33658a3773c;411.87;0.250001;SELL
2016-03-25T00:26:31.457000;2016-03-25T00:26:31.547000;61c06657-e632-46e6-a181-4ae2d8ceb6e1;411.85;0.01;SELL
2016-03-25T00:26:31.457000;2016-03-25T00:26:31.547000;ad63c850-41ee-4762-8884-54b4e3c8c5fc;411.8;0.02;SELL
2016-03-25T00:26:31.457000;2016-03-25T00:26:31.547000;2e2880ea-0c18-4217-b284-d969c5a832ec;411.75;0.675318;SELL
2016-03-25T00:27:05.640000;2016-03-25T00:27:05.673000;540e4bac-2374-4571-9f10-55d890ce34d7;412.19;0.01;BUY
2016-03-25T00:27:05.640000;2016-03-25T00:27:05.673000;25b59185-43b1-4f0b-93ca-0e06da3af898;412.19;0.03803;BUY
2016-03-25T00:27:31.017000;2016-03-25T00:27:31.033000;dd2cc76f-df6c-487a-90a3-b9dad75c400b;412.18;0.453;BUY
2016-03-25T00:27:31.017000;2016-03-25T00:27:31.047000;e34463b8-4802-4ce6-ace3-ef2e02d1e596;412.18;0.1681;BUY
2016-03-25T00:27:37.247000;2016-03-25T00:27:37.267000;6cca4b7b-715e-451d-b353-22df26625ce7;412.18;0.1819;BUY
2016-03-25T00:27:37.247000;2016-03-25T00:27:37.283000;fb99e870-9f3a-49ae-9fed-a91ae825be07;412.18;0.6161;BUY
2016-03-25T00:28:00.947000;2016-03-25T00:28:00.997000;d1183df8-8e36-4e85-bff3-f4deb2c33b34;412.18;2.36171;BUY
2016-03-25T00:28:17.390000;2016-03-25T00:28:17.437000;d74e57e1-3519-424f-8aaf-d7698a195c37;412.18;0.07;BUY
2016-03-25T00:28:25.080000;2016-03-25T00:28:25.123000;b07a60c8-1df0-46e3-863a-6943234a5d02;412.18;4.84014865;BUY
2016-03-25T00:28:31.013000;2016-03-25T00:28:31.060000;f8827d3c-0bb8-47a7-a7de-1be92e7c418c;412.18;0.15271;BUY
2016-03-25T00:29:01.037000;2016-03-25T00:29:01.077000;630dcaab-f2ec-492f-a24f-7d5cebc546cb;412.17;0.01999;SELL
2016-03-25T00:29:30.873000;2016-03-25T00:29:30.920000;99d4aee2-126c-421f-8494-718defb81e53;412.18;0.82872;BUY
2016-03-25T00:30:01.673000;2016-03-25T00:30:01.717000;10350fc6-ccdc-4654-be25-3c76d2badaa7;412.17;0.230011;SELL
2016-03-25T00:30:01.673000;2016-03-25T00:30:01.733000;1e96aba6-c764-4334-a862-bd686c349a75;412.17;0.2465722;SELL
2016-03-25T00:30:01.673000;2016-03-25T00:30:01.733000;c8c2e555-9cce-48cf-aa86-f7320c2d3250;412.17;0.4479368;SELL
2016-03-25T00:30:27.410000;2016-03-25T00:30:27.450000;05e26882-34bd-4f87-99ac-c5f5d600b8db;412.18;0.250001;BUY
2016-03-25T00:30:30.500000;2016-03-25T00:30:30.547000;b0ff3653-6d37-4341-825a-5889cf31944e;412.18;0.250001;BUY
2016-03-25T00:30:31.367000;2016-03-25T00:30:31.403000;0e862368-f2ae-4a58-982a-f4f39c10f9b2;412.18;0.1965;BUY
2016-03-25T00:30:33.763000;2016-03-25T00:30:33.810000;c80a90ab-a250-44b7-91c5-458ec20ed037;412.18;0.250001;BUY
2016-03-25T00:30:40.660000;2016-03-25T00:30:40.700000;3d136dbb-f88a-4349-b24c-dc68b84a741d;412.18;0.18410835;BUY
2016-03-25T00:30:40.663000;2016-03-25T00:30:40.717000;87dcbfad-b8a3-4719-a32e-8f30cd5e4663;412.18;0.06589265;BUY
2016-03-25T00:30:44.600000;2016-03-25T00:30:44.670000;d11e9557-40bd-4bf9-a4eb-2a25667c2ec8;412.18;0.250001;BUY
2016-03-25T00:30:47.697000;2016-03-25T00:30:47.747000;f4326eb7-ed2f-46bc-a4ae-333b4c9def25;412.18;0.25;BUY
2016-03-25T00:30:47.697000;2016-03-25T00:30:47.747000;368e3ff8-849d-45ff-bdb0-ba571baecad8;412.18;0.424;BUY
2016-03-25T00:30:47.697000;2016-03-25T00:30:47.747000;4b446925-3676-4396-bc4c-61d9350c5ffe;412.18;0.35;BUY
2016-03-25T00:30:47.697000;2016-03-25T00:30:47.780000;cd6adb12-e2ef-4093-bbb8-e0def40c1be2;412.19;2.755;BUY
2016-03-25T00:30:48.307000;2016-03-25T00:30:48.357000;f7580d4c-a812-499d-8de0-3232f0097b65;412.18;0.250001;SELL
2016-03-25T00:31:01.280000;2016-03-25T00:31:01.343000;e82b58b7-e598-4c8a-8da7-af0b9fb20e3e;412.18;0.25;BUY
2016-03-25T00:31:01.280000;2016-03-25T00:31:01.343000;9156ff0d-8a62-44e8-a480-a6eced2f6dcb;412.18;0.416;BUY
2016-03-25T00:31:01.280000;2016-03-25T00:31:01.343000;08b36ae7-a404-4515-9804-9d76adbe6e04;412.18;1.97626;BUY
2016-03-25T00:31:31.530000;2016-03-25T00:31:31.577000;bd2fed30-6e8b-4bee-be5e-7f4358648968;412.18;0.25;BUY
2016-03-25T00:31:31.530000;2016-03-25T00:31:31.593000;03f955cf-14d0-4ad2-ae3d-8fd07a6c37e2;412.18;0.37;BUY
2016-03-25T00:31:31.530000;2016-03-25T00:31:31.607000;b52bfb3a-7566-41b1-92ea-9fa774e6df82;412.18;0.12794;BUY
2016-03-25T00:31:32.817000;2016-03-25T00:31:32.873000;306fd4ba-cffa-42bb-946c-ca42a9a4c002;412.18;0.250001;BUY
2016-03-25T00:31:40.293000;2016-03-25T00:31:40.343000;399d73ff-bf09-46db-a44e-266ae74c8915;412.18;0.250001;BUY
2016-03-25T00:31:44.527000;2016-03-25T00:31:44.577000;ad337f41-7e62-43fd-b2e8-5187dd4c99be;412.18;0.250001;BUY
2016-03-25T00:31:48.387000;2016-03-25T00:31:48.420000;7511519e-e775-4112-8a15-11d3351d8afe;412.18;0.25;BUY
2016-03-25T00:31:48.387000;2016-03-25T00:31:48.437000;0b376166-8a43-4ae7-8fe9-d27b1a65dbb7;412.18;1e-06;BUY
2016-03-25T00:31:51.540000;2016-03-25T00:31:51.577000;a5ff4705-9522-48b0-861e-911cb8ad2f1b;412.18;0.250001;BUY
2016-03-25T00:31:56.047000;2016-03-25T00:31:56.093000;18a31694-b78d-4908-8207-c60e8184f962;412.18;0.25;BUY
2016-03-25T00:31:56.047000;2016-03-25T00:31:56.123000;03d40a54-06b0-4049-a176-29d0292a5a65;412.18;1e-06;BUY
2016-03-25T00:31:59.153000;2016-03-25T00:31:59.187000;e09086a2-9353-4093-ba66-70ac61c13cda;412.18;0.25;BUY
2016-03-25T00:31:59.153000;2016-03-25T00:31:59.200000;6222ab23-2584-4c75-8ebb-bac8144ac057;412.18;1e-06;BUY
2016-03-25T00:32:01.310000;2016-03-25T00:32:01.343000;872260a5-91a1-4d50-9414-3700de54426b;412.18;0.3;BUY
2016-03-25T00:32:01.310000;2016-03-25T00:32:01.373000;bfe3398d-aec2-4324-90bc-134abaee3f2b;412.18;1.10076;BUY
2016-03-25T00:32:31.320000;2016-03-25T00:32:31.373000;d3fb79a7-0766-41dc-90fe-eb5a0b34f8a3;412.18;0.303;BUY
2016-03-25T00:32:31.320000;2016-03-25T00:32:31.390000;c33caad6-0a0d-474e-a499-c36392504c25;412.18;0.17163;BUY
2016-03-25T00:33:01.200000;2016-03-25T00:33:01.233000;3b576f89-2016-4ba0-ab25-c348e7a1f206;412.18;0.60427;BUY
2016-03-25T00:33:27.290000;2016-03-25T00:33:27.327000;503d0d2d-67ec-479f-967f-6e1a06b87c9c;412.18;0.250001;BUY
2016-03-25T00:33:31.110000;2016-03-25T00:33:31.140000;8f4d6689-6050-4000-81a9-5b0a9dbb7117;412.17;0.07477;SELL
2016-03-25T00:34:01.123000;2016-03-25T00:34:01.153000;3e30980c-e098-4788-8242-2e71c569da97;412.18;0.1201;BUY
2016-03-25T00:34:08.883000;2016-03-25T00:34:08.920000;e26cc7ff-ee24-4152-9c49-e764d4d3550e;412.18;0.07;BUY
2016-03-25T00:34:31.443000;2016-03-25T00:34:31.467000;5fb7cfed-c215-4d08-a0b8-fe5d613800b4;412.18;0.23186;BUY
2016-03-25T00:35:01.097000;2016-03-25T00:35:01.123000;5efa799c-27fd-4dce-ae8a-51a53ebb860f;412.18;0.63017;BUY
2016-03-25T00:35:31.063000;2016-03-25T00:35:31.093000;4602b321-cfa3-4dba-b14f-c040710bf5a1;412.18;0.0762;BUY
2016-03-25T00:36:02.017000;2016-03-25T00:36:02.047000;707fbcda-b68d-4163-8fdd-b6108898128c;412.17;0.0311;SELL
2016-03-25T00:36:32.233000;2016-03-25T00:36:32.263000;18dd0834-9610-4de1-9ccb-497265330931;412.18;0.36394;BUY
2016-03-25T00:37:31.550000;2016-03-25T00:37:31.577000;f22ea5db-b997-4a02-87ba-da0d90abc0fa;412.17;0.13963706;SELL
2016-03-25T00:37:31.550000;2016-03-25T00:37:31.577000;636e6f4b-a635-4856-a844-b2ab58867671;412.17;0.82573953;SELL
2016-03-25T00:37:31.550000;2016-03-25T00:37:31.577000;9c4abc85-85a9-4463-b33e-f25a706bf847;412.17;0.60367341;SELL
2016-03-25T00:37:36.717000;2016-03-25T00:37:36.733000;dfd9f6b2-e628-4b35-8ed0-747b6567f217;412.17;1.2;SELL
2016-03-25T00:38:01.183000;2016-03-25T00:38:01.200000;8eefd178-1c05-40a7-926a-e4ed514efa7e;412.18;1.20105;BUY
2016-03-25T00:38:23.807000;2016-03-25T00:38:23.843000;fab2834e-d997-4501-b3ab-1d54da813260;412.18;0.2133888;BUY
2016-03-25T00:38:23.817000;2016-03-25T00:38:23.843000;042bda48-e7da-44a0-b52c-492ba858572a;412.18;0.8666112;BUY
2016-03-25T00:38:31.407000;2016-03-25T00:38:31.437000;76954a24-a6df-4d14-9b77-82815a9d576b;412.17;0.19671506;SELL
2016-03-25T00:38:31.407000;2016-03-25T00:38:31.437000;fb7c7164-bb9b-4ac2-b623-09850af0fc15;412.17;0.62638494;SELL
2016-03-25T00:39:01.420000;2016-03-25T00:39:01.437000;7e7df84d-d8a1-4a16-ae5c-706a57aea5ce;412.17;0.06065;SELL
2016-03-25T00:39:31.720000;2016-03-25T00:39:31.750000;fef25e05-46be-4c44-91e5-8762836da228;412.17;1.13004204;SELL
2016-03-25T00:39:31.720000;2016-03-25T00:39:31.763000;a92bc8c2-58ec-4090-814f-7600482b0de2;412.17;0.11461157;SELL
2016-03-25T00:39:31.720000;2016-03-25T00:39:31.763000;4375250f-35c9-4fdd-abe8-6cba8f0e78ba;412.06;0.250001;SELL
2016-03-25T00:39:31.720000;2016-03-25T00:39:31.763000;d66c1d25-0c43-4511-9c49-8abcf4cc1088;412.05;0.01;SELL
2016-03-25T00:39:31.720000;2016-03-25T00:39:31.763000;8d172164-edf0-4c68-922d-6037317b9a60;412.05;0.01;SELL
2016-03-25T00:39:31.723000;2016-03-25T00:39:31.780000;2e496282-1bbe-432d-8e05-d0279b5b9eac;412.05;0.01;SELL
2016-03-25T00:39:31.723000;2016-03-25T00:39:31.780000;9d9aef0c-5d4c-439d-82bd-d17b6a0f563b;411.93;0.341;SELL
2016-03-25T00:39:31.723000;2016-03-25T00:39:31.780000;f55b2d98-d2c4-49a9-af42-f01ff0d34fde;411.87;0.01;SELL
2016-03-25T00:39:31.723000;2016-03-25T00:39:31.780000;c68b7f07-b367-4524-8b9c-a30e1aba0e2a;411.87;0.35;SELL
2016-03-25T00:39:31.723000;2016-03-25T00:39:31.797000;f2a0bd35-df60-4ed8-8486-6ac6016347e2;411.87;0.391;SELL
2016-03-25T00:39:31.723000;2016-03-25T00:39:31.797000;0b337c84-e22f-463c-90a5-ff46a31c3beb;411.87;0.35;SELL
2016-03-25T00:39:31.723000;2016-03-25T00:39:31.797000;fee58d2f-b513-4c13-af8e-e57c23e54010;411.82;0.377;SELL
2016-03-25T00:39:31.723000;2016-03-25T00:39:31.797000;75072870-fe87-4d0b-993b-07026cc940e0;411.77;0.342;SELL
2016-03-25T00:39:31.723000;2016-03-25T00:39:31.810000;838d0c89-70f3-48b3-aa49-93ea4d4c59bb;411.72;0.346;SELL
2016-03-25T00:39:31.723000;2016-03-25T00:39:31.810000;aa55ee7e-4309-430a-bd27-de4cbb98a732;411.68;0.02;SELL
2016-03-25T00:39:31.723000;2016-03-25T00:39:31.810000;e2983c9f-ae9c-4134-859d-206e03ff50b3;411.67;0.359;SELL
2016-03-25T00:39:31.723000;2016-03-25T00:39:31.810000;76eb74a3-0214-4e42-bb34-aaf10287c7ef;411.66;0.01;SELL
2016-03-25T00:39:31.723000;2016-03-25T00:39:31.827000;25ffa604-777c-47f6-8030-d6494c99a758;411.62;0.374;SELL
2016-03-25T00:39:31.723000;2016-03-25T00:39:31.827000;a413e3a1-e283-4967-aee5-89e7722bc84b;411.57;0.388;SELL
2016-03-25T00:39:31.723000;2016-03-25T00:39:31.827000;5fc17f95-75a1-409e-8449-7ad812f7585f;411.55;0.05847539;SELL
2016-03-25T00:39:32.133000;2016-03-25T00:39:32.153000;31856cd8-02c3-4b07-b6de-72c7d7260abb;412.17;0.041;BUY
2016-03-25T00:40:03.140000;2016-03-25T00:40:03.170000;ed716c0d-7807-4bdd-9475-9883a523b7d8;411.81;2.60597;BUY
2016-03-25T00:40:32.427000;2016-03-25T00:40:32.453000;342683ce-732a-4384-962d-77b935047b03;411.89;0.46535;BUY
2016-03-25T00:40:51.687000;2016-03-25T00:40:51.703000;646335a4-8b6e-4008-bd4e-6eca3c1cb034;411.76;0.01;SELL
2016-03-25T00:40:51.687000;2016-03-25T00:40:51.717000;d2d6d61b-f27d-4e8d-9c85-ad5d231105d7;411.74;0.57559522;SELL
2016-03-25T00:40:51.687000;2016-03-25T00:40:51.717000;96e30f4d-287b-4f7c-8776-65d2ab8531d5;411.68;0.02;SELL
2016-03-25T00:40:51.690000;2016-03-25T00:40:51.717000;d7f0d996-f06d-4ee6-aec5-4c6dc5765b98;411.55;0.14332461;SELL
2016-03-25T00:40:51.690000;2016-03-25T00:40:51.733000;f19960dd-e0d2-4c37-9674-c1bbe466eab7;411.53;0.175;SELL
2016-03-25T00:40:51.690000;2016-03-25T00:40:51.733000;9ba2eebf-8ed0-4a9c-be78-dbdd66c93e46;411.52;0.01;SELL
2016-03-25T00:40:51.690000;2016-03-25T00:40:51.733000;993a514d-42e1-4df1-a7db-927317d7dfe7;411.5;0.09033349;SELL
2016-03-25T00:40:51.690000;2016-03-25T00:40:51.733000;28315cca-6747-47e7-b085-ccc4ea682754;411.5;0.97574668;SELL
2016-03-25T00:41:04.153000;2016-03-25T00:41:04.187000;2381360f-edc5-4ecc-9c8f-e196ecc8cca5;411.55;5.93;SELL
2016-03-25T00:41:04.153000;2016-03-25T00:41:04.187000;dd1dcede-e2b4-4dc1-9763-976cd9c48193;411.54;0.01;SELL
2016-03-25T00:41:04.153000;2016-03-25T00:41:04.187000;7ad95f2e-b07d-45b8-87ab-264aa7bb5b75;411.5;0.02425332;SELL
2016-03-25T00:41:04.153000;2016-03-25T00:41:04.187000;ae1e6d2d-6f8c-4811-abcb-4f4ed670ac43;411.48;0.02;SELL
2016-03-25T00:41:04.153000;2016-03-25T00:41:04.187000;2524940d-494e-4e36-847f-450d261e63dc;411.42;0.02;SELL
2016-03-25T00:41:04.157000;2016-03-25T00:41:04.203000;c60a2cbf-1c48-4441-88b5-431b2b070524;411.34;2.42;SELL
2016-03-25T00:41:04.157000;2016-03-25T00:41:04.203000;c6bc7151-c378-48d1-9e66-6f96128f89b0;411.33;1.0;SELL
2016-03-25T00:41:04.157000;2016-03-25T00:41:04.203000;4a6654ad-11a3-4cbc-a860-0dd16d3ef80a;411.31;1.296;SELL
2016-03-25T00:41:04.157000;2016-03-25T00:41:04.203000;8c064e9c-15ee-4556-a860-bf9335015225;411.29;0.01;SELL
2016-03-25T00:41:04.157000;2016-03-25T00:41:04.203000;37029ca2-abce-4960-b41a-6d64a14af1b8;411.28;0.079;SELL
2016-03-25T00:41:04.157000;2016-03-25T00:41:04.217000;73dc3f49-7157-4179-9f7a-e1a9aa1e8a6a;411.16;1.19074668;SELL
2016-03-25T00:41:12.063000;2016-03-25T00:41:12.077000;1680d554-6f19-4bc8-b2e4-8fcb1d3c7fa3;411.53;0.01;SELL
2016-03-25T00:41:12.063000;2016-03-25T00:41:12.093000;6943278e-e8cf-439e-8f2a-47b42e90ad32;411.52;0.01;SELL
2016-03-25T00:41:12.063000;2016-03-25T00:41:12.093000;675b801c-e5c3-419f-a94c-48f9b6abd408;411.48;0.02;SELL
2016-03-25T00:41:12.063000;2016-03-25T00:41:12.093000;8fa26d25-1663-4ce3-8170-6fe21105be26;411.32;0.01;SELL
2016-03-25T00:41:12.063000;2016-03-25T00:41:12.107000;a105c421-4aad-45e6-ae90-0979416aec8a;411.26;0.08;SELL
2016-03-25T00:41:12.063000;2016-03-25T00:41:12.107000;0f203413-82cb-450d-9931-44addff0afe6;411.09;17.82;SELL
2016-03-25T00:41:12.063000;2016-03-25T00:41:12.107000;26620ed0-3748-47dd-8bf2-ff48ec632228;411.08;0.01;SELL
2016-03-25T00:41:12.063000;2016-03-25T00:41:12.107000;824c8259-e7d8-4a8c-850f-27fc5003d1ee;411.03;4.04;SELL
2016-03-25T00:41:28.267000;2016-03-25T00:41:28.310000;ba128b84-9e66-40df-a76b-f05ff7d51a50;411.48;0.02;SELL
2016-03-25T00:41:28.270000;2016-03-25T00:41:28.310000;73130dca-39a6-4bca-a1fb-bfd29862d26e;411.48;0.05;SELL
2016-03-25T00:41:28.270000;2016-03-25T00:41:28.310000;39067785-be03-423d-a626-d6227de537aa;411.48;0.242;SELL
2016-03-25T00:41:28.270000;2016-03-25T00:41:28.310000;1c663ed8-8917-4ae1-b346-175a8b5de285;411.48;0.242;SELL
2016-03-25T00:41:28.270000;2016-03-25T00:41:28.327000;93b719b0-8ff4-4a1e-a581-61e2b1adee84;411.48;0.242;SELL
2016-03-25T00:41:28.270000;2016-03-25T00:41:28.327000;e486a66e-ffe2-437b-95b9-08934b9c1518;411.48;0.242;SELL
2016-03-25T00:41:28.270000;2016-03-25T00:41:28.327000;71501308-4f81-42ca-a1f5-05f0696f9388;411.48;0.242;SELL
2016-03-25T00:41:28.270000;2016-03-25T00:41:28.327000;d5532ea1-6f43-405b-ba93-3b09b0ecfda5;411.48;0.242;SELL
2016-03-25T00:41:28.270000;2016-03-25T00:41:28.343000;5f496ed2-0c62-425d-a68d-4faa124562dc;411.48;0.242;SELL
2016-03-25T00:41:28.270000;2016-03-25T00:41:28.343000;e2d9e7eb-2e08-4d14-a800-8ed6c7222ea3;411.48;0.242;SELL
2016-03-25T00:41:28.270000;2016-03-25T00:41:28.343000;44acc5c6-d1a0-4e27-94df-9adbaff95528;411.48;0.242;SELL
2016-03-25T00:41:28.273000;2016-03-25T00:41:28.343000;7d3678f8-7434-4f80-8a71-5902211f4f7d;411.48;0.242;SELL
2016-03-25T00:41:28.273000;2016-03-25T00:41:28.343000;69f18e73-f05d-4d85-b088-73105df1b119;411.48;0.418;SELL
2016-03-25T00:41:28.273000;2016-03-25T00:41:28.357000;eaa65dfd-76dc-474f-8cf8-0048f68c1df6;411.48;0.242;SELL
2016-03-25T00:41:28.273000;2016-03-25T00:41:28.357000;1fc9be30-304e-41c0-8143-a584971c7e33;411.48;0.242;SELL
2016-03-25T00:41:28.273000;2016-03-25T00:41:28.357000;832b31fc-b267-4bfa-a5af-be6154c1f587;411.44;0.244;SELL
2016-03-25T00:41:28.273000;2016-03-25T00:41:28.357000;981713ce-afa5-4cd7-aa3a-50eb9d1a59bc;411.36;0.11;SELL
2016-03-25T00:41:28.273000;2016-03-25T00:41:28.357000;1de15b20-609c-4dfc-8420-2d837110877d;411.32;0.01;SELL
2016-03-25T00:41:28.273000;2016-03-25T00:41:28.357000;3a35599c-8ed6-4817-ba00-3805a43c06bf;411.08;0.22;SELL
2016-03-25T00:41:28.273000;2016-03-25T00:41:28.373000;c7fe9319-e88b-4e7d-b098-b520d675679a;411.07;0.01;SELL
2016-03-25T00:41:28.273000;2016-03-25T00:41:28.373000;6ea1655b-3d44-46d6-96fc-c3fb24294028;411.06;0.22;SELL
2016-03-25T00:41:28.273000;2016-03-25T00:41:28.373000;d09fad32-359b-48f1-8c87-87833eb4d37a;411.05;0.606;SELL
2016-03-25T00:41:28.273000;2016-03-25T00:41:28.390000;82ac0ba1-19ea-4c01-8736-be8871b54976;411.05;0.605;SELL
2016-03-25T00:41:28.273000;2016-03-25T00:41:28.390000;5cb6ea36-7bea-4245-a505-f5ca444e9984;411.04;0.236;SELL
2016-03-25T00:41:28.273000;2016-03-25T00:41:28.390000;8070c48c-d509-457f-a62d-ba12a55ca458;411.03;1.1;SELL
2016-03-25T00:41:28.277000;2016-03-25T00:41:28.390000;98db9b39-eb26-4bb9-9a4c-6d5b956b6e08;411.02;7.147;SELL
2016-03-25T00:41:30.717000;2016-03-25T00:41:30.750000;b60d0367-8b73-4806-9b54-3e5761dd4550;411.5;1.76;BUY
2016-03-25T00:41:30.717000;2016-03-25T00:41:30.750000;442511ac-e189-4ca9-bc27-a3b1301e3a05;411.51;0.01;BUY
2016-03-25T00:41:30.717000;2016-03-25T00:41:30.750000;a77b5a5b-cdf4-46a1-a20f-c4d3f10a4d47;411.55;0.01;BUY
2016-03-25T00:41:30.717000;2016-03-25T00:41:30.750000;b09e2b77-2b94-493f-8fe0-59ddb6245b8d;411.55;0.3;BUY
2016-03-25T00:41:30.717000;2016-03-25T00:41:30.750000;910dd714-0f57-4a73-a805-3f99820ba96f;411.56;0.22;BUY
2016-03-25T00:41:30.717000;2016-03-25T00:41:30.750000;29b657f2-8359-4dc7-9fc6-7ef9d7b6e8a5;411.56;0.3;BUY
2016-03-25T00:41:30.717000;2016-03-25T00:41:30.780000;954f9029-52cb-4e70-8afb-ec78f79a81d2;411.57;0.01;BUY
2016-03-25T00:41:30.717000;2016-03-25T00:41:30.780000;c1f316bd-cdcd-4d3a-b4ce-45a5b9e29eb5;411.57;0.3;BUY
2016-03-25T00:41:30.717000;2016-03-25T00:41:30.797000;fea6928f-3505-4c1a-9f7e-ace778e1dc9d;411.58;0.01;BUY
2016-03-25T00:41:30.717000;2016-03-25T00:41:30.797000;82d5bffb-718a-4e52-8a32-026ffa91841d;411.64;2.56471;BUY
2016-03-25T00:42:01.727000;2016-03-25T00:42:01.750000;25ed6126-500e-46bb-8373-2e67054e3db2;411.64;0.01175667;BUY
2016-03-25T00:45:15.403000;2016-03-25T00:45:15.460000;864cad40-a5c9-4299-9bd1-500501312141;411.49;0.25;BUY
2016-03-25T00:45:15.403000;2016-03-25T00:45:15.477000;6c2ad14d-cf26-4847-8fc0-149b31177fd0;411.49;1e-06;BUY
2016-03-25T00:47:31.727000;2016-03-25T00:47:31.803000;be3e74aa-0636-47f2-85fb-7ed382fd641e;411.49;0.25;BUY
2016-03-25T00:47:31.727000;2016-03-25T00:47:31.803000;408cc4f3-a5fc-4c01-bd4a-b572e1824605;411.49;0.09;BUY
2016-03-25T00:47:31.727000;2016-03-25T00:47:31.803000;4228d321-e5f4-4ba2-8ba9-30643c023319;411.49;0.05;BUY
2016-03-25T00:47:31.727000;2016-03-25T00:47:31.803000;25c8ebf4-6fa0-4572-8926-642f9cfdae95;411.5;0.01;BUY
2016-03-25T00:47:31.727000;2016-03-25T00:47:31.803000;36bb8238-7aa3-4cb2-bad5-f30f9ca56c98;411.59;0.144;BUY
2016-03-25T00:47:31.727000;2016-03-25T00:47:31.820000;49dedf85-fd91-4536-b346-a20457b0ad37;411.64;0.118;BUY
2016-03-25T00:47:31.730000;2016-03-25T00:47:31.820000;9b91494b-e00a-423d-8a22-4878c695a1f6;411.67;0.01;BUY
2016-03-25T00:47:31.730000;2016-03-25T00:47:31.820000;f96f6967-d65a-4221-80d7-5272eac532c2;411.67;0.35;BUY
2016-03-25T00:47:31.730000;2016-03-25T00:47:31.820000;638bbdba-ccef-4a19-812b-e15f4b4ff272;411.69;0.115;BUY
2016-03-25T00:47:31.730000;2016-03-25T00:47:31.837000;50597853-5745-489a-ab5d-dc9079de7a6a;411.7;0.01;BUY
2016-03-25T00:47:31.730000;2016-03-25T00:47:31.837000;fc55a850-c97d-4eef-aa4f-ed96476ee965;411.7;0.66;BUY
2016-03-25T00:47:31.730000;2016-03-25T00:47:31.837000;ce424b9b-4c53-424d-9408-65cda642d73d;411.71;0.01;BUY
2016-03-25T00:47:31.730000;2016-03-25T00:47:31.837000;5cf1e8f0-3b47-42ab-87c7-3020e9fd506a;411.76;4.84;BUY
2016-03-25T00:47:31.730000;2016-03-25T00:47:31.837000;564c74b9-04bc-4ad5-811c-5cc8497a1d56;411.77;0.010025;BUY
2016-03-25T00:47:31.730000;2016-03-25T00:47:31.850000;378640c4-fe05-40b2-b0a2-8e9e9b376377;411.77;0.01;BUY
2016-03-25T00:47:31.730000;2016-03-25T00:47:31.850000;b54f3d0a-ce4e-4e42-bf7b-600187eadfe8;411.78;1.1;BUY
2016-03-25T00:47:31.730000;2016-03-25T00:47:31.850000;f0eb9408-6e8d-4adc-96e2-2083d7f6f858;411.79;0.11;BUY
2016-03-25T00:47:31.730000;2016-03-25T00:47:31.850000;514e702f-6ef0-494b-97ab-177fc3bb79d5;411.83;5.94;BUY
2016-03-25T00:47:31.730000;2016-03-25T00:47:31.867000;c96d2617-a6a5-4423-accd-1ea7ae035b5d;411.83;4.474445;BUY
2016-03-25T00:47:42.063000;2016-03-25T00:47:42.133000;67011919-2271-40bc-a04f-92686ea402cb;411.76;0.0189;BUY
2016-03-25T00:47:42.147000;2016-03-25T00:47:42.210000;28212e40-b4f2-4c1a-b8c2-b9da60a05dee;411.76;0.2311;BUY
2016-03-25T00:47:42.147000;2016-03-25T00:47:42.210000;ac9f5165-7f58-477a-a590-295a71ec3e1d;411.76;0.06668;BUY
2016-03-25T00:47:42.213000;2016-03-25T00:47:42.257000;67573cdf-fc83-46fa-88c6-c2dae87d94f8;411.76;0.01332;BUY
2016-03-25T00:48:02.153000;2016-03-25T00:48:02.210000;ba22e278-90d2-444e-a28b-1f2fd3ffee53;411.74;3.45472;BUY
2016-03-25T00:49:01.720000;2016-03-25T00:49:01.773000;954bd6b5-dceb-423e-9b9c-9e15319bdf64;411.78;0.01197;BUY
2016-03-25T00:49:32.213000;2016-03-25T00:49:32.257000;1014ea95-07fe-4453-8a43-916fce4b7d29;411.78;0.23803;BUY
2016-03-25T00:49:32.213000;2016-03-25T00:49:32.290000;fc0dee1a-4f3c-4224-ab0a-fc5475a89b46;411.78;0.118;BUY
2016-03-25T00:49:32.213000;2016-03-25T00:49:32.290000;683becbd-8c01-4ce1-9980-c08a78a17483;411.79;0.2018;BUY
2016-03-25T00:49:32.213000;2016-03-25T00:49:32.290000;0a55acb7-5267-4283-848d-32f8d4d047e6;411.82;0.40305;BUY
2016-03-25T00:49:40.147000;2016-03-25T00:49:40.193000;0d2c010a-631b-4d4e-9314-15a73c556521;411.78;0.03;BUY
2016-03-25T00:50:05.063000;2016-03-25T00:50:05.117000;e208fb37-35c2-427c-bb0c-c1f942cb51ed;411.76;0.25;BUY
2016-03-25T00:50:05.067000;2016-03-25T00:50:05.133000;9abae98c-969d-4081-9541-6ea1a89d4747;411.76;0.096;BUY
2016-03-25T00:50:05.067000;2016-03-25T00:50:05.133000;cb4b06ad-3e51-47b9-aade-8764a0a98616;411.81;0.445;BUY
2016-03-25T00:50:05.067000;2016-03-25T00:50:05.133000;09acef72-fbd3-4e92-a4b4-4cd7d32a5c18;411.85;3.49892;BUY
2016-03-25T00:50:33.873000;2016-03-25T00:50:33.913000;7eb4881b-2967-4396-94c6-0455ae58892b;411.83;0.25;BUY
2016-03-25T00:50:33.873000;2016-03-25T00:50:33.943000;2a17a5dc-60ee-40fe-a1f6-6179386e64a7;411.83;0.01437;BUY
2016-03-25T00:51:01.733000;2016-03-25T00:51:01.773000;f22ad76e-9ffe-4dee-85f1-02908d83c8a6;411.82;0.25;BUY
2016-03-25T00:51:01.733000;2016-03-25T00:51:01.790000;b069c0ad-bfc1-41cb-88f9-a10f69dcfb35;411.82;0.08;BUY
2016-03-25T00:51:01.733000;2016-03-25T00:51:01.790000;672c3a6e-c737-4fd1-a2f2-16ccb754a4a6;411.85;0.94463;BUY
2016-03-25T00:51:32.960000;2016-03-25T00:51:33.007000;08c464ce-e281-4455-8a39-b205d371caec;411.63;0.01;SELL
2016-03-25T00:51:32.960000;2016-03-25T00:51:33.007000;38d241b5-8753-4c03-adbc-34cbb4a94e7b;411.62;0.01;SELL
2016-03-25T00:51:32.960000;2016-03-25T00:51:33.007000;f4cbb064-bc8c-403c-a080-80a9a5114264;411.5;0.0125;SELL
2016-03-25T00:51:32.960000;2016-03-25T00:51:33.040000;e35a007d-40d5-4e06-a1a2-fe93299da017;411.5;0.02;SELL
2016-03-25T00:51:32.960000;2016-03-25T00:51:33.040000;3b86170f-72b9-41f2-9e6a-b5efe5cc46ba;411.49;0.01;SELL
2016-03-25T00:51:32.963000;2016-03-25T00:51:33.040000;0aea6882-548b-4cc4-8a4e-d88c5ee28dfa;411.4;5.5;SELL
2016-03-25T00:51:32.963000;2016-03-25T00:51:33.040000;273b0714-303f-4db8-96dd-c47842248e7f;411.4;0.89;SELL
2016-03-25T00:51:32.963000;2016-03-25T00:51:33.040000;387a04ec-52bf-4cf2-886e-5db1464a6b0e;411.39;0.01;SELL
2016-03-25T00:51:32.963000;2016-03-25T00:51:33.040000;b3e840ea-8391-4fd9-b300-1e6c0f8134c7;411.39;0.084;SELL
2016-03-25T00:51:32.963000;2016-03-25T00:51:33.053000;1a3e48c3-4fb9-437a-b157-1222787b9710;411.36;1.54;SELL
2016-03-25T00:51:32.963000;2016-03-25T00:51:33.053000;9dc51418-0de3-47de-9927-dbac75c0e6be;411.35;0.01;SELL
2016-03-25T00:51:32.963000;2016-03-25T00:51:33.053000;a0f420cf-a3f8-42c0-b421-6561a323cf91;411.31;2.42;SELL
2016-03-25T00:51:32.963000;2016-03-25T00:51:33.053000;3b2f5f5f-6bac-4580-9589-fa57b509bc8b;411.3;0.203;SELL
2016-03-25T00:51:32.963000;2016-03-25T00:51:33.053000;76010fec-de5f-495b-adfe-c3a6c94f26e9;411.26;4.0;SELL
2016-03-25T00:51:32.963000;2016-03-25T00:51:33.070000;bd38aa0f-1143-47d4-a914-5bb4d057df24;411.25;8.59039;SELL
2016-03-25T00:52:01.933000;2016-03-25T00:52:01.977000;b0f74ba8-5ae3-4f67-a4d2-09d9b52cb718;411.6;0.14426;BUY
2016-03-25T00:52:15.127000;2016-03-25T00:52:15.163000;fa7bc596-0069-4fae-898c-72b822c515fa;411.57;0.25;BUY
2016-03-25T00:52:15.127000;2016-03-25T00:52:15.163000;4b8c56f2-6518-40e7-8820-3d27eaa8fbdc;411.6;0.107;BUY
2016-03-25T00:52:15.127000;2016-03-25T00:52:15.193000;0194a690-b524-4a38-855a-053b6b829577;411.75;0.01;BUY
2016-03-25T00:52:15.127000;2016-03-25T00:52:15.193000;17db92f3-52c2-486e-b86a-8aad6b1fc577;411.76;0.1028;BUY
2016-03-25T00:52:15.153000;2016-03-25T00:52:15.193000;90f2cda2-051b-4904-978a-6153080ac963;411.76;0.2002;BUY
2016-03-25T00:52:37.317000;2016-03-25T00:52:37.383000;89b1ad13-adbc-4a08-98ba-e156743d547f;411.57;0.01;SELL
2016-03-25T00:52:37.317000;2016-03-25T00:52:37.383000;5ef69a24-aec6-4838-a649-e2ce75ab821a;411.54;0.11532;SELL
2016-03-25T00:53:02.393000;2016-03-25T00:53:02.447000;0f7c54ca-d315-42b6-a4ab-917d01ebfa4a;411.68;0.0257;BUY
2016-03-25T00:53:15.770000;2016-03-25T00:53:15.803000;bf6fb396-f27e-44f2-8b41-f77e1375456e;411.68;0.2243;BUY
2016-03-25T00:53:15.770000;2016-03-25T00:53:15.820000;1196b6f5-d627-40c3-a5b6-dd42665bc29a;411.72;0.00399258;BUY
2016-03-25T00:53:31.920000;2016-03-25T00:53:31.977000;3f1c7438-a3e2-4f84-a554-393354ae286e;411.68;0.05407;BUY
2016-03-25T00:54:02.247000;2016-03-25T00:54:02.303000;1f85115d-8bd8-4e54-be60-d4816a7d4086;411.75;0.391;BUY
2016-03-25T00:54:02.247000;2016-03-25T00:54:02.303000;8297fc71-335e-483f-99c2-10dea7539ce0;411.76;0.79966;BUY
2016-03-25T00:54:33.157000;2016-03-25T00:54:33.197000;82aa39ad-8d99-49f5-b0e3-db5160e3899f;411.57;0.07897;SELL
2016-03-25T00:55:02.230000;2016-03-25T00:55:02.257000;3db1e40e-bd78-4e2d-bc28-aed1c5973256;411.67;0.25;BUY
2016-03-25T00:55:02.230000;2016-03-25T00:55:02.273000;56b8ca90-b4b6-460f-bedd-f4ce990c413a;411.76;0.22;BUY
2016-03-25T00:55:02.230000;2016-03-25T00:55:02.273000;900a9f7b-55e3-4d53-a32b-4df0e28b90f3;411.77;0.01;BUY
2016-03-25T00:55:02.230000;2016-03-25T00:55:02.273000;4cd64006-ba0d-4051-9ccd-e4dd0ca28bf1;411.77;0.66;BUY
2016-03-25T00:55:02.230000;2016-03-25T00:55:02.273000;8d45418e-faea-4a2d-93f3-2f6d30e51e5a;411.77;0.05327;BUY
2016-03-25T00:55:30.653000;2016-03-25T00:55:30.697000;fe3e6649-e372-4a29-88aa-a5537caa31e6;411.59;0.21506;SELL
2016-03-25T00:56:01.197000;2016-03-25T00:56:01.227000;bab9470d-ae13-41f1-91db-b4d19d5f22b4;411.61;0.259;SELL
2016-03-25T00:56:01.197000;2016-03-25T00:56:01.227000;3ce2c75d-1bcd-4be4-bc8b-a90002eea280;411.6;0.05742;SELL
2016-03-25T00:56:31.120000;2016-03-25T00:56:31.147000;01cd427a-d584-4496-808a-cfbe9989c7a1;411.6;0.15129;SELL
2016-03-25T00:56:32.403000;2016-03-25T00:56:32.430000;26f808c3-1955-4661-b3c2-1ce10e5b4575;411.74;0.2;BUY
2016-03-25T00:57:01.660000;2016-03-25T00:57:01.710000;886b4157-736f-4601-b51a-45f9744aec96;411.61;0.25;BUY
2016-03-25T00:57:01.660000;2016-03-25T00:57:01.710000;2f5d7258-ffbd-4c4c-b839-7472560bc6fa;411.68;0.22;BUY
2016-03-25T00:57:01.660000;2016-03-25T00:57:01.710000;010301c6-7336-41e5-9167-8e55479ce25f;411.69;0.39;BUY
2016-03-25T00:57:01.660000;2016-03-25T00:57:01.710000;4172fbdb-075a-4179-bb03-d4afb021021f;411.7;0.122;BUY
2016-03-25T00:57:01.660000;2016-03-25T00:57:01.727000;c8375895-2689-44c1-b1e1-723790bf8d62;411.7;0.32614;BUY
2016-03-25T00:57:18.757000;2016-03-25T00:57:18.790000;dee7bcc4-c233-44e5-a19f-fded536dd65d;411.66;0.01;BUY
2016-03-25T00:57:18.820000;2016-03-25T00:57:18.850000;31825cc1-f84f-49c4-a729-2934576fd8a4;411.66;0.06;BUY
2016-03-25T00:57:32.113000;2016-03-25T00:57:32.133000;221d7105-6dc0-4b16-9784-fa5c0ba889ee;411.62;0.25;BUY
2016-03-25T00:57:32.113000;2016-03-25T00:57:32.147000;108191c3-7deb-4179-b567-67092d3c5164;411.63;0.22;BUY
2016-03-25T00:57:32.113000;2016-03-25T00:57:32.147000;7e21857e-8744-428e-814d-ff60e18f77e1;411.64;0.174;BUY
2016-03-25T00:57:32.113000;2016-03-25T00:57:32.147000;c9ed2508-19d0-4b27-94d7-8279be0e50db;411.65;0.74572;BUY
2016-03-25T00:58:00.840000;2016-03-25T00:58:00.867000;3b963e7e-212f-4bcd-9ac3-66c2c53a606e;411.6;0.1;SELL
2016-03-25T00:58:00.840000;2016-03-25T00:58:00.867000;c1ecb65e-aa2d-4dc8-977e-a1894e17cc73;411.6;0.23686;SELL
2016-03-25T00:58:14.790000;2016-03-25T00:58:14.820000;45bd5cd0-6f1e-4d04-936d-c53458ce9317;411.61;0.07;BUY
2016-03-25T00:59:01.817000;2016-03-25T00:59:01.863000;6f9ec36b-fa30-4248-9f0b-b79850e26122;411.63;0.25;BUY
2016-03-25T00:59:01.817000;2016-03-25T00:59:01.880000;09d8e3fc-6455-487c-906d-fe1299ee4db7;411.72;3.96;BUY
2016-03-25T00:59:01.817000;2016-03-25T00:59:01.880000;c2c47089-bab0-4614-8d40-3d68a4bb796d;411.73;0.377;BUY
2016-03-25T00:59:01.817000;2016-03-25T00:59:01.880000;d658ae6a-9069-4f33-a93a-1d3c39228fad;411.77;2.2;BUY
2016-03-25T00:59:01.817000;2016-03-25T00:59:01.880000;a86c2450-832e-4f93-a1db-f4095324c6ab;411.78;0.01;BUY
2016-03-25T00:59:01.817000;2016-03-25T00:59:01.897000;247caae8-8113-4d4e-b1d1-2bc2aa75dec9;411.8;1.98;BUY
2016-03-25T00:59:01.817000;2016-03-25T00:59:01.897000;8d09a20e-82da-4b53-8bc7-e853acd21cd2;411.81;0.01;BUY
2016-03-25T00:59:01.817000;2016-03-25T00:59:01.897000;c6f95505-e9ff-4e98-bb84-bdcb0540caea;411.81;1.1;BUY
2016-03-25T00:59:01.820000;2016-03-25T00:59:01.897000;95c9b51b-7d9d-4cab-bb69-946e7c6d0479;411.82;4.25;BUY
2016-03-25T00:59:01.820000;2016-03-25T00:59:01.897000;b72e12a1-f32d-4b72-8e9c-406f2a0a3735;411.86;0.01;BUY
2016-03-25T00:59:01.820000;2016-03-25T00:59:01.913000;18d650f5-71b7-4730-877e-18dbc3f9a8a3;411.9;0.34585;BUY
2016-03-25T00:59:31.147000;2016-03-25T00:59:31.210000;30105dd8-187f-4450-bc49-40e6cda163dd;411.76;0.375;BUY
2016-03-25T00:59:31.150000;2016-03-25T00:59:31.210000;3efd81b0-fc2c-41ff-b499-b69ff4788675;411.77;0.66;BUY
2016-03-25T00:59:34.353000;2016-03-25T00:59:34.397000;f967ea86-2812-43a8-b4d5-623f70e58c4d;411.9;0.25;BUY
2016-03-25T00:59:34.353000;2016-03-25T00:59:34.427000;7ec5d488-d0af-4495-9bf8-26a423045b31;411.91;0.367;BUY
2016-03-25T00:59:34.353000;2016-03-25T00:59:34.427000;6684b480-781a-4c6d-ab4f-4f4061c4c401;411.92;1.5472;BUY
2016-03-25T00:59:59.683000;2016-03-25T00:59:59.740000;cfe0df59-33a0-4213-8140-439f190b76ba;411.88;0.08;BUY
2016-03-25T01:00:00.990000;2016-03-25T01:00:01.037000;1b0f96d0-9a60-4529-bb4a-6c1cefa9654d;411.88;0.17;BUY
2016-03-25T01:00:00.990000;2016-03-25T01:00:01.067000;5688b5ac-a9b1-48aa-a2ff-76f5eb4e5d82;411.88;0.175;BUY
2016-03-25T01:00:00.990000;2016-03-25T01:00:01.067000;26fd4141-9c07-4815-b7b9-a613cbdbcf6f;411.91;0.66;BUY
2016-03-25T01:00:00.990000;2016-03-25T01:00:01.067000;34ed0ab8-4ced-489e-8551-24200d2f4e50;411.92;2.3708;BUY
2016-03-25T01:00:00.990000;2016-03-25T01:00:01.067000;7c7e0731-3a58-42a5-9f04-7df501545f04;411.93;0.214;BUY
2016-03-25T01:00:00.990000;2016-03-25T01:00:01.067000;5049d972-8863-43ac-ad37-4eeff1525a9f;411.94;0.01;BUY
2016-03-25T01:00:00.990000;2016-03-25T01:00:01.067000;7dc755a4-fd14-4f7f-940e-a7993a8846ee;411.94;0.00238;BUY
2016-03-25T01:00:30.897000;2016-03-25T01:00:30.943000;df4a5098-8c61-46fc-a841-6fba7e0e49c6;411.89;0.12018;BUY
2016-03-25T01:01:30.650000;2016-03-25T01:01:30.693000;2378a8cf-7224-4e4f-a1e3-1b0610d6ca03;411.89;0.12982;BUY
2016-03-25T01:01:30.653000;2016-03-25T01:01:30.723000;28470ac2-7d43-4540-b99d-37cd12e836c5;411.89;0.308;BUY
2016-03-25T01:01:30.653000;2016-03-25T01:01:30.723000;afd7e6d5-0be7-49d7-bce7-9b7a247471b4;411.94;0.271;BUY
2016-03-25T01:01:30.653000;2016-03-25T01:01:30.723000;c7d916cb-aacf-4545-8ed9-315a5398b071;411.99;0.321;BUY
2016-03-25T01:01:30.653000;2016-03-25T01:01:30.723000;0670f6f7-9b87-48d3-817d-7f3e355ce1d3;411.99;0.41661;BUY
2016-03-25T01:02:00.723000;2016-03-25T01:02:00.770000;61dcbc68-61bc-497a-b0db-c0045967835d;411.94;0.268;BUY
2016-03-25T01:02:00.723000;2016-03-25T01:02:00.787000;eb050d6b-aae7-4a71-a6b6-327927dea824;411.95;1.80538;BUY
2016-03-25T01:02:35.253000;2016-03-25T01:02:35.333000;22f8736a-a677-49ca-9e94-1b312de46e78;411.97;0.11;SELL
2016-03-25T01:03:02.020000;2016-03-25T01:03:02.067000;8e4707eb-4b56-4e9c-80b9-fa7a8d962e09;412.07;0.16153;BUY
2016-03-25T01:03:33.377000;2016-03-25T01:03:33.413000;ae2e713d-880e-4e08-a063-68f2ad4d39e4;411.99;0.206;SELL
2016-03-25T01:03:33.377000;2016-03-25T01:03:33.427000;9e7d1ddf-1869-48ab-b7d1-1faa7e734ed6;411.99;0.05;SELL
2016-03-25T01:03:33.377000;2016-03-25T01:03:33.427000;ce862272-f48f-46de-9594-945e3adfd938;411.98;0.43679999;SELL
2016-03-25T01:03:33.377000;2016-03-25T01:03:33.427000;36623d5d-501d-4f7d-8072-bc8f1b25ca70;411.98;0.22311001;SELL
2016-03-25T01:03:34.300000;2016-03-25T01:03:34.333000;7240d978-a863-4a74-b2c9-056bf198dc85;411.99;0.05;SELL
2016-03-25T01:03:34.300000;2016-03-25T01:03:34.350000;cb84b5aa-2b56-4b00-a7ac-5f1c56edfa3e;411.97;0.988556;SELL
2016-03-25T01:04:00.697000;2016-03-25T01:04:00.740000;7b7ede56-ace3-4bbe-85b9-28f540c8537a;412.07;0.08847;BUY
2016-03-25T01:04:00.697000;2016-03-25T01:04:00.757000;13f9bb5f-3e72-4366-a208-79afc972f1ab;412.07;0.239;BUY
2016-03-25T01:04:00.697000;2016-03-25T01:04:00.757000;cdd3496c-093a-42fd-915b-23f78050dbb0;412.08;1.96146;BUY
2016-03-25T01:04:30.690000;2016-03-25T01:04:30.723000;2cd35ddf-d780-4779-a06f-ab9c8f17cce6;412.08;0.25;BUY
2016-03-25T01:04:30.690000;2016-03-25T01:04:30.740000;07117fd1-1707-4f7f-90f8-bc414df08af9;412.08;0.17;BUY
2016-03-25T01:04:30.690000;2016-03-25T01:04:30.740000;1953835c-f7ac-4b63-94b3-fc185f4e536d;412.08;0.35;BUY
2016-03-25T01:04:30.690000;2016-03-25T01:04:30.740000;38ec9f74-aa37-4c70-8a74-a0812577ca8a;412.1;2.11313;BUY
2016-03-25T01:04:36.360000;2016-03-25T01:04:36.397000;f78ae522-f99c-4333-8fb9-ef359ade1dbe;412.08;0.09;BUY
2016-03-25T01:05:02.120000;2016-03-25T01:05:02.163000;f121f52b-c6c1-41b5-a67a-223ba4ac42e2;412.04;0.18012;BUY
2016-03-25T01:05:30.617000;2016-03-25T01:05:30.647000;9208c56f-322d-4901-abb5-0db9cd5ee153;412.07;0.1;BUY
2016-03-25T01:06:00.783000;2016-03-25T01:06:00.817000;89b66332-0df4-473d-8d51-5e5083d1a66d;412.07;0.09;BUY
2016-03-25T01:07:00.840000;2016-03-25T01:07:00.867000;55514bf5-4cfc-4980-8cef-b4b6bae16e97;412.07;0.06;BUY
2016-03-25T01:07:00.840000;2016-03-25T01:07:00.880000;280e96bf-eba9-4683-89b7-facb1489ec68;412.11;0.97;BUY
2016-03-25T01:07:30.830000;2016-03-25T01:07:30.867000;ea4f72cc-82ff-4963-ab62-b6bde9f7ebf5;412.09;0.06313;SELL
2016-03-25T01:07:59.060000;2016-03-25T01:07:59.100000;ebf2d17f-ea34-4adc-8e28-027dc7f84483;412.1;0.25;BUY
2016-03-25T01:08:01.003000;2016-03-25T01:08:01.053000;c24783a8-3960-4b8f-ba14-446c8189adc4;412.11;0.92267;BUY
2016-03-25T01:08:33.420000;2016-03-25T01:08:33.443000;0a97c542-0c68-4d06-9f2d-809bbf98b16a;412.11;0.75391;BUY
2016-03-25T01:09:00.737000;2016-03-25T01:09:00.770000;5644208f-8a09-4fec-a044-15013d8da133;412.11;0.9762;BUY
2016-03-25T01:09:33.663000;2016-03-25T01:09:33.693000;1f9bb009-c446-473d-a3f3-ba9fa848391a;412.11;0.15615;BUY
2016-03-25T01:10:01.150000;2016-03-25T01:10:01.177000;64b1b72f-2c89-4086-85f8-56c1b9bdf273;412.1;1e-06;SELL
2016-03-25T01:10:01.150000;2016-03-25T01:10:01.193000;9f5483d3-7e46-4555-9508-fe005b062601;412.1;0.017019;SELL
2016-03-25T01:10:30.730000;2016-03-25T01:10:30.757000;66087910-e358-424e-b614-0961c8108030;412.11;0.17617;BUY
2016-03-25T01:10:30.730000;2016-03-25T01:10:30.770000;353fbb52-e62d-4c97-920a-6fd4226a625a;412.15;0.01;BUY
2016-03-25T01:10:30.730000;2016-03-25T01:10:30.770000;fe47172d-8982-4792-8838-3fc1bbd4e452;412.16;0.01;BUY
2016-03-25T01:10:30.730000;2016-03-25T01:10:30.770000;a1a9fad8-c91c-40ba-a3ec-a97002594751;412.21;0.088;BUY
2016-03-25T01:10:30.730000;2016-03-25T01:10:30.770000;00e60773-a836-4eeb-84ce-e5dc07f48789;412.22;0.01;BUY
2016-03-25T01:10:30.730000;2016-03-25T01:10:30.867000;e2a66233-240d-4c13-9d49-bbcfc8f5147b;412.25;0.01;BUY
2016-03-25T01:10:30.730000;2016-03-25T01:10:30.867000;79989305-31ae-4784-8982-1b843a851313;412.29;0.22;BUY
2016-03-25T01:10:30.730000;2016-03-25T01:10:30.867000;6e9ee8a2-58d0-4207-a308-2d0d7b5b6b17;412.3;0.01;BUY
2016-03-25T01:10:30.733000;2016-03-25T01:10:30.867000;5aa6f64e-acb1-4ce9-8b45-e60f32cce6d5;412.3;0.12;BUY
2016-03-25T01:10:30.733000;2016-03-25T01:10:30.867000;56423dba-c251-476f-9fbd-45f4efc629af;412.3;0.22;BUY
2016-03-25T01:10:30.733000;2016-03-25T01:10:30.867000;801a2ab7-b117-405f-93fa-e3e5cd8b7ba3;412.31;0.01;BUY
2016-03-25T01:10:30.733000;2016-03-25T01:10:30.867000;99524fa8-7fd1-479f-bf96-0172c6ab6f13;412.31;1.8656;BUY
2016-03-25T01:11:03.347000;2016-03-25T01:11:03.367000;afce1c8f-ec4b-4302-814e-a6ff1626cbcb;412.2;0.05;SELL
2016-03-25T01:11:03.347000;2016-03-25T01:11:03.380000;0e16165d-dea8-48de-98f6-e908a3bfc9bd;412.2;0.35;SELL
2016-03-25T01:11:03.347000;2016-03-25T01:11:03.380000;46a3e962-6be8-4bdf-902c-f16b40e49f08;412.19;5.78112;SELL
2016-03-25T01:11:04.150000;2016-03-25T01:11:04.177000;55d3716f-2c56-42b7-a302-19c7b910cf3a;412.2;0.05;SELL
2016-03-25T01:11:30.733000;2016-03-25T01:11:30.757000;1954c0c1-8eb7-4100-b451-671e3646774b;412.22;0.25;BUY
2016-03-25T01:11:30.733000;2016-03-25T01:11:30.770000;74fe14fd-ee0b-4c51-bf49-02c3c2c66ecc;412.22;0.07183;BUY
2016-03-25T01:11:40.313000;2016-03-25T01:11:40.350000;8e3d7a71-cf4d-41ab-953b-d493b8b241bc;412.33;0.07;BUY
2016-03-25T01:12:01.230000;2016-03-25T01:12:01.257000;1c1a9c65-128a-4eb6-90b1-d79c11180da4;412.33;0.18;BUY
2016-03-25T01:12:01.230000;2016-03-25T01:12:01.270000;7f86a9cc-0ead-4bb4-a0dd-69db29a98a9b;412.33;1.93776;BUY
2016-03-25T01:12:31.173000;2016-03-25T01:12:31.210000;e25ea4af-83dc-4df7-b062-3ec0021b990b;412.3;0.14888;BUY
2016-03-25T01:13:00.777000;2016-03-25T01:13:00.803000;b9f6f252-3410-4aae-a273-0ce9debb0040;412.3;0.10112;BUY
2016-03-25T01:13:00.777000;2016-03-25T01:13:00.803000;d24251fd-e716-48bc-8cb6-f3e0ac3c67be;412.37;4.11;BUY
2016-03-25T01:13:00.777000;2016-03-25T01:13:00.820000;a5f36b3e-5ebc-4871-a249-b285a2ed1d0c;412.37;0.35;BUY
2016-03-25T01:13:00.777000;2016-03-25T01:13:00.833000;02b68be4-cbcf-42b4-8cb6-1d87b2ac3dd0;412.38;0.01;BUY
2016-03-25T01:13:00.777000;2016-03-25T01:13:00.833000;48e25b28-1869-4199-aecd-fdcbc95fc976;412.39;1.45097;BUY
2016-03-25T01:13:30.920000;2016-03-25T01:13:30.943000;32b4ed62-627d-4cbf-b705-b416ada10079;412.36;0.419;SELL
2016-03-25T01:13:30.920000;2016-03-25T01:13:30.943000;31b1853a-7715-4e58-b610-7c6931f3b5ff;412.36;0.05;SELL
2016-03-25T01:13:30.920000;2016-03-25T01:13:30.943000;270815b5-c3cc-4672-a4b4-f8f3e9cd5834;412.35;4.4;SELL
2016-03-25T01:13:30.920000;2016-03-25T01:13:30.973000;66a79d3b-ff8a-4262-a86d-0524f3cd5f32;412.35;0.35;SELL
2016-03-25T01:13:30.920000;2016-03-25T01:13:30.973000;d8c9767e-4551-484a-bb5f-f95875bf1442;412.34;0.01;SELL
2016-03-25T01:13:30.920000;2016-03-25T01:13:30.973000;ba9967e0-2af8-4184-850a-3b34990125f0;412.32;3.3;SELL
2016-03-25T01:13:30.920000;2016-03-25T01:13:30.973000;f551af56-1190-4865-81f8-a7d74451cb95;412.31;0.43;SELL
2016-03-25T01:13:30.923000;2016-03-25T01:13:30.973000;7f5a6d51-d5eb-4ae4-9701-6de6d1b1eff0;412.3;1.32;SELL
2016-03-25T01:13:30.923000;2016-03-25T01:13:30.973000;e693690e-321b-4e95-bda9-83ddd3090ed7;412.29;1.43297;SELL
2016-03-25T01:14:00.920000;2016-03-25T01:14:00.997000;f8e4a39d-e2b8-4327-852f-2804fb91113b;412.38;0.03;BUY
2016-03-25T01:14:30.913000;2016-03-25T01:14:30.983000;fe6b37f5-d5c5-4744-9e56-526315a865f2;412.38;0.22;BUY
2016-03-25T01:14:30.913000;2016-03-25T01:14:30.997000;f9967bdf-54d6-4507-8c7a-ce519e111c52;412.4;0.1;BUY
2016-03-25T01:14:30.913000;2016-03-25T01:14:30.997000;5771c606-2039-4ce7-b3af-d1698570e528;412.42;0.02;BUY
2016-03-25T01:14:30.913000;2016-03-25T01:14:30.997000;f9615581-ad48-4fe4-8996-58aafb893c6a;412.5;0.271;BUY
2016-03-25T01:14:30.913000;2016-03-25T01:14:30.997000;da1b35b9-a35b-4ec0-9933-41701c01fff1;412.52;0.01;BUY
2016-03-25T01:14:30.913000;2016-03-25T01:14:30.997000;178dbe1f-2fe6-4954-a0fe-8fcdcb9ba0a0;412.52;0.01;BUY
2016-03-25T01:14:30.913000;2016-03-25T01:14:31.030000;9011ea68-f4a6-4aeb-a6dc-0b276d0a00c6;412.52;0.01;BUY
2016-03-25T01:14:30.913000;2016-03-25T01:14:31.043000;4b92803d-a163-438d-836d-8451b6fb341d;412.53;0.22326;BUY
2016-03-25T01:14:31.373000;2016-03-25T01:14:31.433000;03723c51-d96e-4b2c-8170-1dabe16d0b1a;412.53;0.17;BUY
2016-03-25T01:15:00.877000;2016-03-25T01:15:00.950000;905d9c01-8640-4281-8e5b-3e17ed45cf71;412.53;0.03924;BUY
2016-03-25T01:15:00.880000;2016-03-25T01:15:00.967000;8f180f9a-2ac2-4600-86db-a56f73cca3a4;412.69;0.01;BUY
2016-03-25T01:15:00.880000;2016-03-25T01:15:00.967000;65b1c442-aa28-40dc-ba07-0002312dcf60;412.7;0.01;BUY
2016-03-25T01:15:00.880000;2016-03-25T01:15:00.967000;b065d44c-19ca-4046-b8f8-0486262da4b2;412.71;1.0;BUY
2016-03-25T01:15:00.880000;2016-03-25T01:15:00.983000;a87c7db5-5cdf-4cc3-9a37-7a423046cd55;412.74;0.093;BUY
2016-03-25T01:15:00.880000;2016-03-25T01:15:00.983000;fb0027bb-4f09-4757-b78e-7127fe71b70e;412.75;0.09033349;BUY
2016-03-25T01:15:00.880000;2016-03-25T01:15:01.043000;48421ded-5c04-46ce-81c5-4937e035d03c;412.79;0.082;BUY
2016-03-25T01:15:00.880000;2016-03-25T01:15:01.060000;9e25917f-782b-4fa1-8b82-1ad3a9bf8d37;412.84;0.081;BUY
2016-03-25T01:15:00.880000;2016-03-25T01:15:01.060000;affd0bc7-94b3-4862-ac61-219e967aff36;412.85;0.01;BUY
2016-03-25T01:15:00.880000;2016-03-25T01:15:01.060000;ac82d26d-10b2-4f82-a56c-ac69f2e30bf4;412.86;0.02;BUY
2016-03-25T01:15:00.880000;2016-03-25T01:15:01.060000;7e0f1dfb-109b-4141-bcbd-4da2e9fd57be;412.87;0.01;BUY
2016-03-25T01:15:00.880000;2016-03-25T01:15:01.060000;463fe90d-7eae-41d4-abb5-ea116e0d6020;412.88;0.01;BUY
2016-03-25T01:15:00.880000;2016-03-25T01:15:01.060000;6feeca5d-5553-4b30-84b9-1123417fd411;412.89;0.01;BUY
2016-03-25T01:15:00.880000;2016-03-25T01:15:01.060000;60f70e4d-9b70-4b3e-b30c-69e67277ac90;412.89;0.127;BUY
2016-03-25T01:15:00.880000;2016-03-25T01:15:01.060000;7c473f99-bf2b-4886-a7c8-7865ac7091af;412.9;0.01;BUY
2016-03-25T01:15:00.880000;2016-03-25T01:15:01.060000;986cde26-eb6c-404d-997a-db0ea6591057;412.91;0.01;BUY
2016-03-25T01:15:00.880000;2016-03-25T01:15:01.060000;b678bbc8-5c5f-461d-a74b-0dbc6f4ff8c7;412.92;0.01;BUY
2016-03-25T01:15:00.880000;2016-03-25T01:15:01.060000;9cd04beb-1751-4a8b-a7eb-29f1fbc7bb47;412.93;0.01;BUY
2016-03-25T01:15:00.880000;2016-03-25T01:15:01.060000;923fbda7-d8e9-401b-92c7-9e445e155663;412.93;0.22;BUY
2016-03-25T01:15:00.880000;2016-03-25T01:15:01.060000;077d7a3f-3931-4088-b352-810f43a3f5ea;412.93;0.02958651;BUY
2016-03-25T01:15:30.927000;2016-03-25T01:15:30.997000;52b485c1-4151-4c2d-a948-3504c638d1d1;412.94;0.01;BUY
2016-03-25T01:15:30.927000;2016-03-25T01:15:30.997000;2edc3208-93a9-4e1b-bf82-52aee4566e7c;412.94;0.47905;BUY
2016-03-25T01:16:00.803000;2016-03-25T01:16:00.873000;c9331e1a-9b3b-4c4d-a756-3919d338fe67;412.94;5.45095;BUY
2016-03-25T01:16:00.807000;2016-03-25T01:16:00.887000;3b523a46-9bf5-4e4a-99a4-e0d37e5d3930;412.95;1.30518;BUY
2016-03-25T01:16:30.767000;2016-03-25T01:16:30.827000;ada156d9-24ea-4462-a642-8fbfe5326dfc;412.96;0.47954;BUY
2016-03-25T01:17:00.803000;2016-03-25T01:17:00.857000;f595c13a-7489-4876-a57b-320cbf1ba712;412.94;0.0367;SELL
2016-03-25T01:17:30.753000;2016-03-25T01:17:30.810000;e9489a6e-ee03-4ed8-9025-ea8d6a5a3189;412.95;0.29244;BUY
2016-03-25T01:17:30.753000;2016-03-25T01:17:30.827000;ad658747-48b6-4c64-aedc-81707370cb6a;412.95;1.39755;BUY
2016-03-25T01:17:37.047000;2016-03-25T01:17:37.107000;4ffb0aaa-2779-43e2-9403-6c5195984d16;412.96;0.03;BUY
2016-03-25T01:17:38.593000;2016-03-25T01:17:38.670000;076c9432-7c92-4118-8b49-e3508fca971a;412.96;0.03;BUY
2016-03-25T01:18:00.847000;2016-03-25T01:18:00.903000;31cedacf-e313-4b90-a711-8fd7090c30fb;412.95;0.1;BUY
2016-03-25T01:18:00.847000;2016-03-25T01:18:00.903000;8856ffae-82db-4a9d-a9ce-75f01c771425;412.95;2.28587;BUY
2016-03-25T01:18:31.067000;2016-03-25T01:18:31.123000;dbc839b6-756b-412e-a640-1f1073d213b5;412.95;0.212;BUY
2016-03-25T01:18:31.067000;2016-03-25T01:18:31.137000;0a1a40f4-e373-4783-b30c-b63cabaf66e1;412.95;3.269;BUY
2016-03-25T01:18:31.067000;2016-03-25T01:18:31.137000;e8aed8d5-fcca-49ef-bc56-18f6708f0080;412.95;0.35;BUY
2016-03-25T01:18:31.067000;2016-03-25T01:18:31.137000;85ace9c8-b280-459a-a3fc-b4647c1325d6;412.96;4.46046;BUY
2016-03-25T01:18:31.067000;2016-03-25T01:18:31.137000;a48b65ff-8c3a-419f-8ad6-3b945af77ce9;412.97;0.01;BUY
2016-03-25T01:18:31.067000;2016-03-25T01:18:31.170000;cfb4036b-5cc4-45f8-b393-3f6cba48320d;413.0;0.236;BUY
2016-03-25T01:18:31.067000;2016-03-25T01:18:31.170000;aa738aa2-38f1-429f-81c6-77af350fb373;413.01;0.03;BUY
2016-03-25T01:18:31.067000;2016-03-25T01:18:31.170000;43a9327d-095e-4295-b503-dea85b3ea088;413.05;0.227;BUY
2016-03-25T01:18:31.067000;2016-03-25T01:18:31.170000;8e9b46a4-0292-4f06-94e1-b00ce7237ed1;413.07;0.01;BUY
2016-03-25T01:18:31.067000;2016-03-25T01:18:31.170000;c7fcbb0f-5f1e-4aaa-bf58-a6236b029c86;413.07;1.54092;BUY
2016-03-25T01:19:01.530000;2016-03-25T01:19:01.590000;3ad5e6da-9195-451b-a6d3-52df1c6f37d7;413.0;5.55663;SELL
2016-03-25T01:19:32.457000;2016-03-25T01:19:32.530000;0d31699e-de22-4607-b7da-b14c879cebc3;413.01;2.0047;BUY
2016-03-25T01:20:01.007000;2016-03-25T01:20:01.060000;9d850a8a-7a95-44d1-832d-1a5af4981f92;413.01;1.8933;BUY
2016-03-25T01:20:01.007000;2016-03-25T01:20:01.077000;a01214c8-f47b-40bd-8bba-c1730ddf4989;413.03;0.62881;BUY
2016-03-25T01:20:40.410000;2016-03-25T01:20:40.467000;a5e6e19f-73a1-491a-9542-f4b3be6afc08;413.0;0.04543;SELL
2016-03-25T01:21:00.800000;2016-03-25T01:21:00.840000;ac8f2345-4714-40c2-9412-73d50a6c0b8d;413.01;0.55229;BUY
2016-03-25T01:21:30.933000;2016-03-25T01:21:30.983000;fe197bf7-c394-4a40-8243-b822ac2d5512;413.0;3.65794;SELL
2016-03-25T01:21:30.933000;2016-03-25T01:21:30.997000;d1ef0d2f-00b7-4f1e-9541-655deced43c2;413.0;0.05;SELL
2016-03-25T01:21:30.937000;2016-03-25T01:21:30.997000;09863dc1-76fb-44af-89d1-7f1ea3ffde92;413.0;0.015;SELL
2016-03-25T01:21:30.937000;2016-03-25T01:21:30.997000;4d5a34c3-7f50-47e2-a007-945e4e97bbcc;413.0;0.479;SELL
2016-03-25T01:21:30.937000;2016-03-25T01:21:31.013000;1cf8c6b9-68e4-4233-ad11-9190cc8a69af;412.99;0.0125;SELL
2016-03-25T01:21:30.937000;2016-03-25T01:21:31.030000;ffe1ea1a-3c68-412f-8f01-1a3a8e2222be;412.95;0.446;SELL
2016-03-25T01:21:30.937000;2016-03-25T01:21:31.030000;f44c3ef2-c232-4043-a4b5-56460af26022;412.93;3.75221;SELL
2016-03-25T01:22:01.307000;2016-03-25T01:22:01.357000;cb2e78bd-baf1-4e15-9478-ab06a918d0dd;412.93;0.11122;SELL
2016-03-25T01:22:31.297000;2016-03-25T01:22:31.340000;399e7ab0-51a3-4e05-ac2c-92d975fcbb66;413.04;0.43478;BUY
2016-03-25T01:23:01.617000;2016-03-25T01:23:01.670000;f0a0e80f-c530-4cbe-8e5e-66ce8bca720c;412.99;0.01372;SELL
2016-03-25T01:23:01.617000;2016-03-25T01:23:01.700000;7e2247d9-b10c-4ce3-8360-b15d8ef0a300;412.99;0.05;SELL
2016-03-25T01:23:01.617000;2016-03-25T01:23:01.700000;fd3fe16a-9cf8-4d83-a09d-583577ebccef;412.99;0.35;SELL
2016-03-25T01:23:01.617000;2016-03-25T01:23:01.700000;9b987c86-553d-4a98-8047-836eb03e2050;412.93;0.28357;SELL
2016-03-25T01:23:01.617000;2016-03-25T01:23:01.700000;9c33470e-4c75-43a3-a6a3-155facbec290;412.89;0.081;SELL
2016-03-25T01:23:01.617000;2016-03-25T01:23:01.700000;58c81ee2-6281-4e75-967c-1cf0ffe7990d;412.89;0.35;SELL
2016-03-25T01:23:01.617000;2016-03-25T01:23:01.700000;722c7595-87e8-495b-9155-6f02b91a4067;412.84;0.094;SELL
2016-03-25T01:23:01.620000;2016-03-25T01:23:01.700000;5ebfa3b5-386e-400c-9022-8bfd6a6dadca;412.79;0.111;SELL
2016-03-25T01:23:01.620000;2016-03-25T01:23:01.717000;3787504b-ff9a-47cd-8797-ca98f88355e8;412.77;0.02;SELL
2016-03-25T01:23:01.620000;2016-03-25T01:23:01.717000;132949ec-a665-4787-8347-36d1dbce787d;412.71;0.106;SELL
2016-03-25T01:23:01.620000;2016-03-25T01:23:01.717000;2e2fdadb-f8d7-448f-8d9f-0da1f0c4448d;412.71;0.35;SELL
2016-03-25T01:23:01.620000;2016-03-25T01:23:01.733000;222c327e-b0a8-4578-951b-05085b501093;412.69;0.01;SELL
2016-03-25T01:23:01.620000;2016-03-25T01:23:01.733000;aff47ceb-41d3-43e8-8417-d33d886a4f33;412.67;0.13794;SELL
2016-03-25T01:23:09.807000;2016-03-25T01:23:09.857000;af4107bc-e36f-498f-a1f7-5647db86d804;412.95;0.03206;BUY
2016-03-25T01:23:09.827000;2016-03-25T01:23:09.887000;eb77e4e6-e390-4f7d-aaf9-371d9ef1b884;412.95;0.02704;BUY
2016-03-25T01:23:09.917000;2016-03-25T01:23:09.967000;689becd2-7bb9-4df3-b91d-cd1db013d061;412.95;0.095;BUY
2016-03-25T01:23:10.043000;2016-03-25T01:23:10.090000;e9b4175d-e5aa-4f5c-9481-407feac5f04b;413.0;0.06772264;BUY
2016-03-25T01:23:10.130000;2016-03-25T01:23:10.187000;f4c3d5fb-d9ee-443d-9f4d-e6c6b3bf7f90;413.0;0.02897024;BUY
2016-03-25T01:23:10.140000;2016-03-25T01:23:10.200000;9a2f9a73-6359-45f1-b412-b191dc83a3d3;413.0;0.63920712;BUY
2016-03-25T01:23:33.520000;2016-03-25T01:23:33.560000;59673942-359d-4e7a-a951-4400183096a4;412.98;0.88838;BUY
2016-03-25T01:24:02.363000;2016-03-25T01:24:02.403000;f3feaf1a-c797-4064-9ee4-be7733c93354;413.02;0.01;BUY
2016-03-25T01:24:02.363000;2016-03-25T01:24:02.420000;cb93beca-d789-4896-9eda-828d02d74df9;413.07;0.19509;BUY
2016-03-25T01:25:01.490000;2016-03-25T01:25:01.543000;9a8d95d5-e917-4b1a-b039-010919e80e31;413.04;0.55946;BUY
2016-03-25T01:25:31.193000;2016-03-25T01:25:31.247000;12aad039-2a3f-4655-89c4-c333b7544d38;413.06;0.44;BUY
2016-03-25T01:25:31.193000;2016-03-25T01:25:31.247000;2b6318c0-9f7b-4d27-9ce3-920a8756b29d;413.07;0.02;BUY
2016-03-25T01:25:31.193000;2016-03-25T01:25:31.247000;ec3e8672-3587-443b-a545-f7b2e4376067;413.07;0.66;BUY
2016-03-25T01:25:31.193000;2016-03-25T01:25:31.263000;4a3ce713-9176-4f58-a2c2-91e3b3d86aae;413.08;0.01;BUY
2016-03-25T01:25:31.193000;2016-03-25T01:25:31.263000;adb74a56-8cd9-4633-8a4a-051e8f67fc5c;413.08;0.88;BUY
2016-03-25T01:25:31.193000;2016-03-25T01:25:31.263000;7285b1ff-20c7-4a96-917b-8b59057c9838;413.09;0.01;BUY
2016-03-25T01:25:31.193000;2016-03-25T01:25:31.263000;70770bed-3833-40b5-914e-f7dc5ad0a106;413.09;0.88;BUY
2016-03-25T01:25:31.193000;2016-03-25T01:25:31.263000;4c6a254d-55c3-46f1-9e9f-6c22f0bba0be;413.1;0.01;BUY
2016-03-25T01:25:31.193000;2016-03-25T01:25:31.263000;9a905702-1610-412b-8f81-b56696d3f048;413.1;0.272;BUY
2016-03-25T01:25:31.193000;2016-03-25T01:25:31.293000;d56db48b-9831-498c-a9e0-119d180057e8;413.1;0.44;BUY
2016-03-25T01:25:31.193000;2016-03-25T01:25:31.293000;61c17f7e-9a88-4920-a991-8c38a96f6022;413.1;0.35;BUY
2016-03-25T01:25:31.197000;2016-03-25T01:25:31.293000;99da288f-4ce1-4d08-b963-784be354ffc0;413.11;0.09024554;BUY
2016-03-25T01:25:31.197000;2016-03-25T01:25:31.293000;ee5ad4a3-5c00-4f39-a2fa-920a79629a4c;413.11;0.01;BUY
2016-03-25T01:25:31.197000;2016-03-25T01:25:31.293000;61ba8fbf-88dd-441f-8fbb-34ea836b4c7c;413.11;0.29790446;BUY
2016-03-25T01:25:33.757000;2016-03-25T01:25:33.810000;f14f2d72-d41d-4408-a11e-f267cf807e98;413.05;0.02;BUY
2016-03-25T01:26:00.987000;2016-03-25T01:26:01.030000;898dc5eb-48b6-462a-a606-18fcfe4c9a79;413.06;2.53131;BUY
2016-03-25T01:26:32.330000;2016-03-25T01:26:32.390000;5cb79110-580a-4a59-b85c-7e7ab0d86457;413.05;0.246;BUY
2016-03-25T01:26:32.330000;2016-03-25T01:26:32.390000;aca747f8-6108-4dfa-9ecc-f46b41e82b7f;413.05;1.25212;BUY
2016-03-25T01:27:01.030000;2016-03-25T01:27:01.077000;94073ce5-aa6d-41af-8ea6-16ea3af210ca;412.91;0.05;SELL
2016-03-25T01:27:01.030000;2016-03-25T01:27:01.077000;d60ff501-67a9-431c-86c8-5cbb05234307;412.91;0.111;SELL
2016-03-25T01:27:01.030000;2016-03-25T01:27:01.090000;65b656da-9da4-4b87-b651-4f5a05d6f4c0;412.89;0.0125;SELL
2016-03-25T01:27:01.030000;2016-03-25T01:27:01.090000;83e937e0-225a-486a-91ec-7bef6ac924db;412.86;0.113;SELL
2016-03-25T01:27:01.030000;2016-03-25T01:27:01.090000;4bd8955f-05c0-46b1-a16b-b437523b7f05;412.81;0.09;SELL
2016-03-25T01:27:01.033000;2016-03-25T01:27:01.107000;50e80cac-23eb-4ceb-806a-f1333b6605bf;412.76;0.076;SELL
2016-03-25T01:27:01.033000;2016-03-25T01:27:01.107000;f0e2b3df-9263-44cf-9b41-f38d4ade2010;412.71;0.102;SELL
2016-03-25T01:27:01.033000;2016-03-25T01:27:01.107000;a2a18f13-3c40-401c-a493-1cfae38882f5;412.68;1.32;SELL
2016-03-25T01:27:01.033000;2016-03-25T01:27:01.107000;bf8e0c83-ce55-4f76-9af0-a2dd3e7d6a75;412.67;0.01;SELL
2016-03-25T01:27:01.033000;2016-03-25T01:27:01.107000;cb3c2864-a6d3-4f1a-88fd-f4d72d0cf09b;412.67;0.66;SELL
2016-03-25T01:27:01.033000;2016-03-25T01:27:01.107000;8e932a88-e303-497e-a2dc-15c2d53ab9c0;412.66;0.08061;SELL
2016-03-25T01:27:31.300000;2016-03-25T01:27:31.340000;986513a0-0e1b-4455-83d7-2a9612820659;412.94;0.10525;BUY
2016-03-25T01:28:04.160000;2016-03-25T01:28:04.200000;7455721c-e8f6-4e8a-83e4-478390812f6b;412.98;0.84949;BUY
2016-03-25T01:28:31.110000;2016-03-25T01:28:31.153000;eb80b93f-6456-465c-85c9-e6017c46a763;412.91;0.05;SELL
2016-03-25T01:28:31.113000;2016-03-25T01:28:31.153000;8a36ca35-4b11-4bdd-bdf0-98d9cb4102ab;412.91;0.126;SELL
2016-03-25T01:28:31.113000;2016-03-25T01:28:31.170000;cf6dff55-2666-4045-800d-1ee57b9572bc;412.91;0.35;SELL
2016-03-25T01:28:31.113000;2016-03-25T01:28:31.170000;a5143fe0-d20f-4bb4-98ed-2389e2586cb9;412.9;0.095;SELL
2016-03-25T01:28:31.113000;2016-03-25T01:28:31.170000;9df3cc1b-48cf-4f48-a453-a5258c162207;412.84;0.01;SELL
2016-03-25T01:28:31.113000;2016-03-25T01:28:31.170000;f04a6494-a568-4282-b6a9-989983619de4;412.81;0.114;SELL
2016-03-25T01:28:31.113000;2016-03-25T01:28:31.170000;d4f8d006-e0ef-4e45-9164-c76338c26b7f;412.73;0.122;SELL
2016-03-25T01:28:31.113000;2016-03-25T01:28:31.187000;0ab701cd-311b-48ec-a276-89e696bfe20c;412.73;0.35;SELL
2016-03-25T01:28:31.113000;2016-03-25T01:28:31.187000;e13c0737-26cc-4e52-a5be-4eb51d8c3d54;412.71;0.01;SELL
2016-03-25T01:28:31.113000;2016-03-25T01:28:31.187000;fca3239c-b056-4fb3-992a-0388d3a1126f;412.64;4.18;SELL
2016-03-25T01:28:31.113000;2016-03-25T01:28:31.217000;45f06ec9-c68c-4ed8-82e4-79204638a5a7;412.64;2.86;SELL
2016-03-25T01:28:31.113000;2016-03-25T01:28:31.217000;5230d0a8-f884-4425-926c-e39620700ef6;412.63;0.456;SELL
2016-03-25T01:28:31.117000;2016-03-25T01:28:31.217000;c1491896-9ff3-4b5b-a0d5-7279bd82d218;412.62;0.44;SELL
2016-03-25T01:28:31.117000;2016-03-25T01:28:31.217000;cefe3f8d-f94c-4b3c-9bbb-be2d17cfa5d2;412.61;0.126;SELL
2016-03-25T01:28:31.117000;2016-03-25T01:28:31.217000;69bb5558-b8ae-4f23-aafa-a3f4655990d3;412.61;0.44;SELL
2016-03-25T01:28:31.117000;2016-03-25T01:28:31.217000;48e3e99d-aa08-449c-8b89-537fda36d0cf;412.6;0.02;SELL
2016-03-25T01:28:31.117000;2016-03-25T01:28:31.217000;b454db32-a63c-4633-a5d5-a24a1c084b23;412.58;2.86;SELL
2016-03-25T01:28:31.117000;2016-03-25T01:28:31.233000;5c000fa3-eaa6-4946-996a-a495a0f68953;412.58;0.594;SELL
2016-03-25T01:28:45.163000;2016-03-25T01:28:45.200000;41701134-74c8-4aa0-ac2a-ca6d85f7808e;412.67;0.01;SELL
2016-03-25T01:28:45.163000;2016-03-25T01:28:45.200000;af1be1f0-6896-45d8-b165-1495475885a3;412.63;0.44;SELL
2016-03-25T01:28:45.163000;2016-03-25T01:28:45.217000;74941fbf-2451-4107-888f-e6c64b0723c0;412.63;0.05;SELL
2016-03-25T01:29:01.170000;2016-03-25T01:29:01.243000;1b2b1f09-2ab8-49f0-88e4-9a2480545b63;412.55;0.01;SELL
2016-03-25T01:29:01.170000;2016-03-25T01:29:01.243000;14649349-7960-4caf-b41d-935bee4d06ad;412.55;0.01;SELL
2016-03-25T01:29:01.170000;2016-03-25T01:29:01.243000;70c2166b-563f-44f1-ba29-3a587e02c8f6;412.54;0.125;SELL
2016-03-25T01:29:01.173000;2016-03-25T01:29:01.260000;035c77f8-d21c-4391-8059-71cdebc12c9b;412.5;0.01;SELL
2016-03-25T01:29:01.173000;2016-03-25T01:29:01.260000;b4591c37-6e2b-49ac-871b-176a8c504df2;412.42;0.22;SELL
2016-03-25T01:29:01.173000;2016-03-25T01:29:01.260000;e1a74ca0-ac9d-487f-81de-9198ebe9215c;412.41;0.089;SELL
2016-03-25T01:29:01.173000;2016-03-25T01:29:01.277000;4ba12cf6-2dff-4caf-aa2b-f7d833e6e003;412.4;0.02;SELL
2016-03-25T01:29:01.173000;2016-03-25T01:29:01.277000;1815c997-f5fc-43fa-b771-b014af0310e6;412.37;3.3;SELL
2016-03-25T01:29:01.173000;2016-03-25T01:29:01.277000;54dc41a0-86b6-408c-a358-bfc0e8b3b04f;412.36;0.087;SELL
2016-03-25T01:29:01.177000;2016-03-25T01:29:01.277000;f1e01c13-db94-4e1c-afbd-ff85fc5dea9f;412.34;1.129;SELL
2016-03-25T01:29:08.240000;2016-03-25T01:29:08.307000;70d89c17-a6e5-4d0e-9d53-53a3f569e015;412.42;0.01;SELL
2016-03-25T01:29:08.240000;2016-03-25T01:29:08.307000;7edb6bdc-686b-49ad-87c9-92633b8ecf5d;412.42;0.01;SELL
2016-03-25T01:29:08.240000;2016-03-25T01:29:08.307000;7954fe37-8b6d-4c06-9f9a-90e8043be716;412.42;0.087;SELL
2016-03-25T01:29:08.240000;2016-03-25T01:29:08.323000;d02b1dda-7252-463a-9c6d-b591589a41d8;412.4;0.02;SELL
2016-03-25T01:29:08.240000;2016-03-25T01:29:08.323000;f2890be7-c310-4a2f-932f-bb1160b5d38e;412.4;0.34;SELL
2016-03-25T01:29:08.240000;2016-03-25T01:29:08.323000;44a54172-70c5-48f6-92da-b8b3843d5212;412.33;0.01;SELL
2016-03-25T01:29:08.240000;2016-03-25T01:29:08.323000;0d836b10-9ca9-4973-9356-64d3f1155750;412.31;0.101;SELL
2016-03-25T01:29:08.243000;2016-03-25T01:29:08.337000;e60846ad-4b02-475b-9d1a-13c16babed81;412.29;1.887;SELL
2016-03-25T01:29:08.243000;2016-03-25T01:29:08.337000;e57ea7fb-61d5-462a-aeb9-534091b1e123;412.28;0.048389;SELL
2016-03-25T01:29:08.243000;2016-03-25T01:29:08.370000;0bd25041-d5fb-4a67-bc93-d4771de447a4;412.26;0.084;SELL
2016-03-25T01:29:08.243000;2016-03-25T01:29:08.370000;c2784c30-b5b9-477a-bc1f-e7970a884ed8;412.22;2.402611;SELL
2016-03-25T01:29:09.540000;2016-03-25T01:29:09.620000;1133cec9-5a34-4d14-aab2-3d402bf5a72a;412.43;0.01;SELL
2016-03-25T01:29:09.543000;2016-03-25T01:29:09.620000;1047c48e-509d-4923-9fcf-5e719269bd92;412.41;0.01;SELL
2016-03-25T01:29:09.543000;2016-03-25T01:29:09.620000;8055a66d-0422-4acd-8b09-1e99e7de1ad6;412.4;0.02;SELL
2016-03-25T01:29:09.543000;2016-03-25T01:29:09.620000;0c3f0aaf-ed81-4fed-96a7-e0bf147998ad;412.31;0.01;SELL
2016-03-25T01:29:09.543000;2016-03-25T01:29:09.620000;e3804e89-7289-49e9-bab6-1c91d65ef6b2;412.22;0.15;SELL
2016-03-25T01:29:11.907000;2016-03-25T01:29:11.980000;b1a10fe6-d519-44ff-ac11-6c63a8af9e28;412.4;0.02;SELL
2016-03-25T01:29:11.907000;2016-03-25T01:29:11.980000;8b3c941a-1f2c-4b25-8525-9232d8e0abd8;412.4;0.01;SELL
2016-03-25T01:29:11.907000;2016-03-25T01:29:11.980000;3e5b6949-7bf7-4caf-b320-1e502fb2719a;412.29;0.17;SELL
2016-03-25T01:29:14.260000;2016-03-25T01:29:14.323000;05922fb3-c1d3-4bcf-9ffd-b9fc9cc659f5;412.4;0.02;SELL
2016-03-25T01:29:14.260000;2016-03-25T01:29:14.337000;c9b7fb4e-f394-43eb-b659-f6a0d00d6ebb;412.31;0.18;SELL
2016-03-25T01:29:16.393000;2016-03-25T01:29:16.463000;ccda0b30-32e1-4a03-979e-e7cb769a3f65;412.4;0.02;SELL
2016-03-25T01:29:16.397000;2016-03-25T01:29:16.463000;9aac36ee-2f00-492e-91bf-097d5f5a9e0c;412.3;0.18;SELL
2016-03-25T01:29:18.770000;2016-03-25T01:29:18.837000;e52af33d-b5ac-43e9-971d-2d4799dcb9be;412.4;0.02;SELL
2016-03-25T01:29:18.770000;2016-03-25T01:29:18.837000;1771b659-a5c7-48df-a143-4a02c961af25;412.29;0.18;SELL
2016-03-25T01:29:20.907000;2016-03-25T01:29:20.993000;ffc19422-fab3-4f07-ade7-8e0c9b4347aa;412.4;0.02;SELL
2016-03-25T01:29:20.910000;2016-03-25T01:29:20.993000;561b3ca1-3101-4954-94ad-d642e4332ba8;412.4;0.01;SELL
2016-03-25T01:29:20.910000;2016-03-25T01:29:20.993000;bd916b33-7f17-4b04-8325-58eb4ba3c719;412.29;0.9699;SELL
2016-03-25T01:29:21.500000;2016-03-25T01:29:21.573000;db3a15f8-a299-48b3-a7a8-ab7ff10970bd;412.29;0.6871;SELL
2016-03-25T01:29:21.500000;2016-03-25T01:29:21.573000;003d3b43-bbd5-4f78-a927-172e8449727b;412.29;0.301;SELL
2016-03-25T01:29:21.500000;2016-03-25T01:29:21.573000;83fab018-6888-40f5-93d4-6875a661d41b;412.23;0.288;SELL
2016-03-25T01:29:21.500000;2016-03-25T01:29:21.573000;2f571b9e-99d1-4e18-995f-21ff64e46d7d;412.22;0.44;SELL
2016-03-25T01:29:21.500000;2016-03-25T01:29:21.573000;76100a8c-8036-42d9-9d1b-d96818c324bc;412.21;0.085;SELL
2016-03-25T01:29:21.500000;2016-03-25T01:29:21.603000;497295e6-c1a8-4131-bd4a-c12908cac5f1;412.2;1.98;SELL
2016-03-25T01:29:21.500000;2016-03-25T01:29:21.603000;5eba489b-a2d8-4396-adec-5f84eedfb098;412.19;1.88983342;SELL
2016-03-25T01:29:31.330000;2016-03-25T01:29:31.387000;1d056e14-5f7f-4c31-b948-e20c709b0b40;412.51;0.09596;BUY
2016-03-25T01:29:52.297000;2016-03-25T01:29:52.353000;af7c035a-c561-4e65-b4df-1a83abc2404c;412.4;0.02;SELL
2016-03-25T01:29:52.297000;2016-03-25T01:29:52.370000;d22aea39-4edc-4046-840f-c456005f29bf;412.4;0.01;SELL
2016-03-25T01:30:01.847000;2016-03-25T01:30:01.900000;ebc97019-7e60-47e2-950c-d8d4e45dcc30;412.4;0.18181;BUY
2016-03-25T01:30:31.303000;2016-03-25T01:30:31.370000;6c14cb8f-2025-47dd-9904-1f9f7fa12397;412.4;0.04819;BUY
2016-03-25T01:30:31.303000;2016-03-25T01:30:31.387000;da121268-bd17-4e5e-8e74-f042913f7d41;412.49;0.66;BUY
2016-03-25T01:30:31.307000;2016-03-25T01:30:31.387000;7823259d-c589-48d5-a50e-cdbc3a68a598;412.5;0.01;BUY
2016-03-25T01:30:31.307000;2016-03-25T01:30:31.387000;8b872352-3fc0-494d-ae7f-2a3970139fe9;412.5;0.44;BUY
2016-03-25T01:30:31.307000;2016-03-25T01:30:31.387000;25fa249c-0b0a-44fb-ad60-13929965a01f;412.5;0.45463;BUY
2016-03-25T01:31:01.340000;2016-03-25T01:31:01.400000;7957c4d4-a981-4e8b-b1f7-e3c55c3941ec;412.51;1.88759;BUY
2016-03-25T01:31:32.140000;2016-03-25T01:31:32.213000;f89a181e-1d74-431b-bd22-0b05f4e8a383;412.36;0.07615;SELL
2016-03-25T01:31:42.130000;2016-03-25T01:31:42.183000;5b7c50e8-97e1-4ac5-8a70-cf30ea0c0dcb;412.36;0.153851;SELL
2016-03-25T01:31:42.130000;2016-03-25T01:31:42.183000;eb82186f-19cf-474d-9499-9a2406174407;412.36;4.323889;SELL
2016-03-25T01:32:01.117000;2016-03-25T01:32:01.167000;b57181df-858a-4a46-abf1-a2c99541b462;412.56;0.419;BUY
2016-03-25T01:32:01.117000;2016-03-25T01:32:01.197000;47c9daf5-4cab-4198-9e32-f8bbb5348cc6;412.56;0.44;BUY
2016-03-25T01:32:01.117000;2016-03-25T01:32:01.197000;869658de-68f4-4d32-aa43-adf9ef9fab3f;412.61;0.01;BUY
2016-03-25T01:32:01.117000;2016-03-25T01:32:01.213000;086b71f2-5d22-4d01-87ec-f5ad73403c78;412.62;0.01;BUY
2016-03-25T01:32:01.117000;2016-03-25T01:32:01.213000;0d6d7ba5-a54f-4157-9b67-67a6bebbdc1e;412.63;0.01;BUY
2016-03-25T01:32:01.117000;2016-03-25T01:32:01.230000;b5f0d8fa-ad90-41b7-bf05-cf4d112f2f47;412.64;0.01;BUY
2016-03-25T01:32:01.117000;2016-03-25T01:32:01.230000;88e46cec-5ae7-4170-a80e-5a63151cd84d;412.72;0.02204;BUY
2016-03-25T01:32:31.070000;2016-03-25T01:32:31.120000;138a2b19-7480-4323-99db-7cac2fa88292;412.58;0.11997;BUY
2016-03-25T01:33:01.453000;2016-03-25T01:33:01.493000;055a4746-e27c-4d17-a4d0-37b058665648;412.39;0.29323;BUY
2016-03-25T01:33:31.337000;2016-03-25T01:33:31.387000;6afecd3c-b612-4297-b26c-ef6ace220b4f;412.35;0.05;BUY
2016-03-25T01:33:31.337000;2016-03-25T01:33:31.387000;3f5d504e-eb1f-416b-8a53-6f36f7fad7c3;412.35;0.0999;BUY
2016-03-25T01:34:31.583000;2016-03-25T01:34:31.620000;73f4990c-c5e1-4a1e-b941-a1e2ed08e6e2;412.35;0.417019;BUY
2016-03-25T01:34:31.583000;2016-03-25T01:34:31.650000;386f7c9a-5fb8-4bda-a2cd-f4b56ec788e0;412.35;0.792741;BUY
2016-03-25T01:35:01.153000;2016-03-25T01:35:01.197000;117d7c03-7d41-4af4-8ae5-4673f4d540ea;412.35;0.33948;BUY
2016-03-25T01:35:31.310000;2016-03-25T01:35:31.353000;75b7febd-4129-4491-9be5-f1a61fe63f6b;412.35;0.322;BUY
2016-03-25T01:35:31.310000;2016-03-25T01:35:31.370000;dce1ae5a-be89-47b6-80cc-1d2a16393593;412.35;0.17729;BUY
2016-03-25T01:36:31.377000;2016-03-25T01:36:31.417000;08cd10c3-1f7e-43cd-aad6-062af3041286;412.34;0.01;SELL
2016-03-25T01:36:31.380000;2016-03-25T01:36:31.433000;6d125d14-2dcc-4b34-b4fc-9d84d02cbfc3;412.31;0.10199;SELL
2016-03-25T01:37:05.827000;2016-03-25T01:37:05.870000;ca30be66-860b-4269-937e-4762a673c56c;412.32;0.325;BUY
2016-03-25T01:37:05.827000;2016-03-25T01:37:05.887000;8080474f-a9d3-45b2-bddb-4677897113f0;412.32;1.03592;BUY
2016-03-25T01:37:32.453000;2016-03-25T01:37:32.493000;2da71443-b74d-4245-af98-1b7567e7475c;412.32;0.293;BUY
2016-03-25T01:37:32.453000;2016-03-25T01:37:32.510000;1b582fae-a9bf-4fdc-b422-44f09ee754f8;412.32;0.29573;BUY
2016-03-25T01:38:04.137000;2016-03-25T01:38:04.167000;29eb2b2f-2a33-4806-b51c-c24f14842d59;412.47;0.288;BUY
2016-03-25T01:38:04.137000;2016-03-25T01:38:04.183000;8e53ce95-5912-49ae-a326-31f0e9984dd5;412.5;0.01;BUY
2016-03-25T01:38:04.137000;2016-03-25T01:38:04.183000;2c0db637-6850-4acc-a4a6-ab9966677b14;412.51;0.64144;BUY
2016-03-25T01:38:31.697000;2016-03-25T01:38:31.730000;2b68aa6d-99bb-485c-99ae-7f8b90646036;412.37;3.48;BUY
2016-03-25T01:38:31.697000;2016-03-25T01:38:31.743000;8ff96fe2-4d92-49cd-a785-05c58f51f9d5;412.37;0.42851;BUY
2016-03-25T01:38:33.960000;2016-03-25T01:38:33.993000;cd739be0-e0ef-4b78-aa3c-3f7c6985e9ec;412.48;0.01;BUY
2016-03-25T01:38:33.990000;2016-03-25T01:38:34.043000;31be0595-638d-4a94-8aef-2ac820effb35;412.48;0.01824681;BUY
2016-03-25T01:39:01.417000;2016-03-25T01:39:01.447000;a60f610f-50e7-4cab-b5c1-ff885f72fb92;412.35;0.0125;SELL
2016-03-25T01:39:01.417000;2016-03-25T01:39:01.463000;395696e1-6788-44e1-b9e3-84b5cc93d552;412.31;0.148011;SELL
2016-03-25T01:39:01.417000;2016-03-25T01:39:01.463000;58e58138-8b34-4d53-84df-ea81baac4c0f;412.31;0.039019;SELL
2016-03-25T01:40:11.817000;2016-03-25T01:40:11.840000;1c5462ac-425b-4864-a308-3e1e890576c7;412.33;0.263;BUY
2016-03-25T01:40:11.817000;2016-03-25T01:40:11.853000;e645bc95-c45a-415d-8ead-866ad8cc5a5c;412.33;0.13982;BUY
2016-03-25T01:40:31.323000;2016-03-25T01:40:31.370000;43fed441-7720-4b9b-b8e9-030d1b709761;412.37;0.25;BUY
2016-03-25T01:40:31.323000;2016-03-25T01:40:31.370000;1ef83de9-2ac1-4a36-b31a-bbf72f4e8021;412.38;0.96983;BUY
2016-03-25T01:41:02.153000;2016-03-25T01:41:02.183000;6bbc36f0-3678-4434-bf1c-c68cc92faa8c;412.52;0.01;BUY
2016-03-25T01:41:02.153000;2016-03-25T01:41:02.197000;366c349e-ca77-41dd-9559-899cf82be051;412.55;0.01;BUY
2016-03-25T01:41:02.153000;2016-03-25T01:41:02.197000;c6965ecc-8bd3-4c86-8abc-9bdfcd5d6cdb;412.61;1.98;BUY
2016-03-25T01:41:02.153000;2016-03-25T01:41:02.197000;50d77093-5362-40b8-b249-e889590199c8;412.62;2.0;BUY
2016-03-25T01:41:02.153000;2016-03-25T01:41:02.197000;33dd236e-5c84-40ca-a9eb-67d7bc5c0ba8;412.67;0.88;BUY
2016-03-25T01:41:02.153000;2016-03-25T01:41:02.213000;678e0926-724b-4879-a340-16aa0f8bea78;412.68;0.085;BUY
2016-03-25T01:41:02.153000;2016-03-25T01:41:02.213000;0d84e229-d263-4a30-968b-6b3604349a71;412.69;0.12;BUY
