time_exchange;time_coinpai;guid;price;base_amount;taker_side
2016-03-25T00:00:04.000000;2016-03-25T00:00:04.000000;fdaab2e6-30e0-4d63-805e-e68d1167b895;415.3;0.37210313;UNKNOWN
2016-03-25T00:00:44.000000;2016-03-25T00:00:44.000000;f11ef0cf-fbae-42f0-b40e-797a81bd3c14;415.31;0.249699;UNKNOWN
2016-03-25T00:00:44.000000;2016-03-25T00:00:44.000000;964afb0f-a622-4637-b909-16b86f25eca5;415.31;0.241;UNKNOWN
2016-03-25T00:00:44.000000;2016-03-25T00:00:44.000000;a838c697-97ea-4960-9dc0-d13cacece823;415.31;0.25;UNKNOWN
2016-03-25T00:00:44.000000;2016-03-25T00:00:44.000000;c4ec604c-20e3-4bab-9046-165e39c2e553;415.31;0.241;UNKNOWN
2016-03-25T00:00:44.000000;2016-03-25T00:00:44.000000;50181378-db3e-4396-9a09-cc21437d4891;415.31;0.241;UNKNOWN
2016-03-25T00:00:44.000000;2016-03-25T00:00:44.000000;95c3e237-83d6-4a68-a86b-24d39ed1bc8d;415.31;0.241;UNKNOWN
2016-03-25T00:00:44.000000;2016-03-25T00:00:44.000000;14bfc1cc-b160-490a-8631-d5123fb6090d;415.31;0.241;UNKNOWN
2016-03-25T00:00:44.000000;2016-03-25T00:00:44.000000;ff289b10-be57-44fc-81fd-9ab1a71b49fe;415.31;0.241;UNKNOWN
2016-03-25T00:00:44.000000;2016-03-25T00:00:44.000000;8aed8621-36c8-43cf-bd6f-28da52b8265e;415.31;0.241;UNKNOWN
2016-03-25T00:00:44.000000;2016-03-25T00:00:44.000000;6ca19fed-5e89-4ebc-8392-9562f497724e;415.31;0.241;UNKNOWN
2016-03-25T00:00:44.000000;2016-03-25T00:00:44.000000;ecccce83-39c8-47d6-8131-54dbceddad39;415.31;0.241;UNKNOWN
2016-03-25T00:00:44.000000;2016-03-25T00:00:44.000000;055a836d-01de-406c-825d-bd670d4a713e;415.31;0.241;UNKNOWN
2016-03-25T00:00:44.000000;2016-03-25T00:00:44.000000;429327af-90e9-40a0-ac5e-904170ca5eb3;415.31;0.416;UNKNOWN
2016-03-25T00:00:44.000000;2016-03-25T00:00:44.000000;cbc5ccd4-7b9e-4d5a-b4cb-88593dd145d1;415.31;0.241;UNKNOWN
2016-03-25T00:00:44.000000;2016-03-25T00:00:44.000000;5532fefe-c85c-493a-975b-851eeb02999f;415.32;0.249699;UNKNOWN
2016-03-25T00:00:44.000000;2016-03-25T00:00:44.000000;11c0b0ec-4a22-4a24-a456-819b21b63925;415.31;17.78;UNKNOWN
2016-03-25T00:00:44.000000;2016-03-25T00:00:44.000000;361b2aaa-ba33-4f2c-b5ba-cd2b5c9d8d4b;415.38;2.916202;UNKNOWN
2016-03-25T00:00:44.000000;2016-03-25T00:00:44.000000;53011218-8b6a-4f4d-ab61-7700cafe5f67;415.31;0.241;UNKNOWN
2016-03-25T00:01:16.000000;2016-03-25T00:01:16.000000;173fcf2e-9901-4399-8aa4-915a41c3258c;415.3;0.098;UNKNOWN
2016-03-25T00:02:15.000000;2016-03-25T00:02:15.000000;473614ee-118d-46dd-bc7f-270d58eab485;415.3;0.01247913;UNKNOWN
2016-03-25T00:02:36.000000;2016-03-25T00:02:36.000000;5ee7c1e2-ea6b-4407-8577-991d4bb91fad;415.3;0.06755625;UNKNOWN
2016-03-25T00:02:55.000000;2016-03-25T00:02:55.000000;0ab6f400-fd24-465c-95e6-93b99eecec7b;415.3;8.46022266;UNKNOWN
2016-03-25T00:04:44.000000;2016-03-25T00:04:44.000000;2e2ed449-7cc1-4e65-992e-7c897adceaf8;415.3;0.2895268;UNKNOWN
2016-03-25T00:06:12.000000;2016-03-25T00:06:12.000000;571ab1c6-7c9c-4a77-bd77-ecfb77ce0d19;415.3;0.36;UNKNOWN
2016-03-25T00:06:36.000000;2016-03-25T00:06:36.000000;a890082e-ebb5-4eb5-9e2a-b1b8f7f93e58;415.3;0.12834966;UNKNOWN
2016-03-25T00:06:42.000000;2016-03-25T00:06:42.000000;df01fd90-f533-4b8c-a9d8-9e65d5d56dbd;415.31;0.11856476;UNKNOWN
2016-03-25T00:08:32.000000;2016-03-25T00:08:32.000000;74638d5b-bb71-46e2-8caf-cd81f47d52ef;415.3;0.02;UNKNOWN
2016-03-25T00:08:32.000000;2016-03-25T00:08:32.000000;de1cb78a-e378-4e14-a2eb-0143d89f332f;415.3;0.249699;UNKNOWN
2016-03-25T00:08:36.000000;2016-03-25T00:08:36.000000;155428f2-597a-4b74-8916-9df7f21fd058;415.3;0.249699;UNKNOWN
2016-03-25T00:08:39.000000;2016-03-25T00:08:39.000000;ae50e135-1c02-4ce1-afe0-4d922ec66d0f;415.3;0.249699;UNKNOWN
2016-03-25T00:08:43.000000;2016-03-25T00:08:43.000000;f6e50d74-94fe-421b-bdef-e97f1514447d;415.3;0.249699;UNKNOWN
2016-03-25T00:08:45.000000;2016-03-25T00:08:45.000000;06385cea-223d-4e6c-bf65-98d766738224;415.3;0.249699;UNKNOWN
2016-03-25T00:08:48.000000;2016-03-25T00:08:48.000000;2125ee6a-a219-4d04-b70f-de48d449cab1;415.3;0.249699;UNKNOWN
2016-03-25T00:08:53.000000;2016-03-25T00:08:53.000000;ebd4e345-832d-46b5-9e5a-f2f188632c21;415.3;0.249699;UNKNOWN
2016-03-25T00:08:56.000000;2016-03-25T00:08:56.000000;365168ed-a325-444c-bf1c-daf78c53f1b4;415.3;0.249699;UNKNOWN
2016-03-25T00:08:59.000000;2016-03-25T00:08:59.000000;83fbadef-a43a-4fb7-8d9a-58f968294be5;415.3;0.232029;UNKNOWN
2016-03-25T00:09:02.000000;2016-03-25T00:09:02.000000;08fb251d-582c-4829-9dab-2b628209eb78;415.3;0.05;UNKNOWN
2016-03-25T00:09:05.000000;2016-03-25T00:09:05.000000;323f4f90-1ca5-4936-9430-bfd529090d75;415.3;0.249699;UNKNOWN
2016-03-25T00:09:09.000000;2016-03-25T00:09:09.000000;e110db6e-4164-4634-88ff-1aafa8c4190b;415.3;0.249699;UNKNOWN
2016-03-25T00:09:11.000000;2016-03-25T00:09:11.000000;a9a00067-b0f2-45e3-ae6b-33583e26f6aa;415.3;0.090199;UNKNOWN
2016-03-25T00:09:14.000000;2016-03-25T00:09:14.000000;5f5fa274-800d-4db9-bf46-86f53cb0d839;415.3;0.249699;UNKNOWN
2016-03-25T00:11:05.000000;2016-03-25T00:11:05.000000;2950e1a5-2517-4f47-9a53-dd329b10e587;415.31;0.13920166;UNKNOWN
2016-03-25T00:11:05.000000;2016-03-25T00:11:05.000000;4e1c5ca5-2023-440b-b02b-e1859b37007e;415.31;0.12243524;UNKNOWN
2016-03-25T00:11:09.000000;2016-03-25T00:11:09.000000;4be442be-5a88-48af-93a2-e58d52fcf0a3;415.3;7.0;UNKNOWN
2016-03-25T00:11:32.000000;2016-03-25T00:11:32.000000;fe20ef0d-dcad-4634-9ff8-a1ea5d399706;415.05;0.03708051;UNKNOWN
2016-03-25T00:11:32.000000;2016-03-25T00:11:32.000000;97f09b1f-d0ce-4164-9009-1a42e7efac89;415.22;0.01;UNKNOWN
2016-03-25T00:11:32.000000;2016-03-25T00:11:32.000000;496c521f-5f10-41bb-986a-d1515dafd342;415.3;0.01565029;UNKNOWN
2016-03-25T00:12:12.000000;2016-03-25T00:12:12.000000;c3742897-a30b-4a9a-a0a4-957dd90e8ffe;415.06;5.0;UNKNOWN
2016-03-25T00:12:12.000000;2016-03-25T00:12:12.000000;a539f286-8c8d-44af-a77b-40b1cf519ab4;415.05;0.04770476;UNKNOWN
2016-03-25T00:12:18.000000;2016-03-25T00:12:18.000000;b17085cd-a33b-4490-bb3c-918d81f694dd;414.7;11.9115;UNKNOWN
2016-03-25T00:12:18.000000;2016-03-25T00:12:18.000000;80c82bdd-78dd-46dc-9ea2-2fb56e687875;414.92;0.012036;UNKNOWN
2016-03-25T00:12:18.000000;2016-03-25T00:12:18.000000;b9ffd12c-69f8-4805-80e6-a36d4094322c;414.68;27.2819;UNKNOWN
2016-03-25T00:12:18.000000;2016-03-25T00:12:18.000000;4176e059-19b4-4c12-81f0-ab6474cabbc6;414.67;13.14616027;UNKNOWN
2016-03-25T00:12:18.000000;2016-03-25T00:12:18.000000;2b7651d6-cda2-4bc5-9dbc-f2988ac72102;414.7;12.0;UNKNOWN
2016-03-25T00:12:18.000000;2016-03-25T00:12:18.000000;2c9897fe-8412-4f12-a07e-f18a7ae1a43e;414.69;18.0;UNKNOWN
2016-03-25T00:12:18.000000;2016-03-25T00:12:18.000000;5bf80d2f-c562-4ccc-b731-e7699e903143;414.89;0.063189;UNKNOWN
2016-03-25T00:12:18.000000;2016-03-25T00:12:18.000000;31416e00-3c39-4fee-b122-39db1d79e03a;415.0;0.2;UNKNOWN
2016-03-25T00:12:18.000000;2016-03-25T00:12:18.000000;da2e2f76-00bc-41df-b822-5093b03375c2;415.0;0.19;UNKNOWN
2016-03-25T00:12:18.000000;2016-03-25T00:12:18.000000;6580e6dd-8814-40d3-9dfe-dcc1619bf21e;415.0;0.46;UNKNOWN
2016-03-25T00:12:18.000000;2016-03-25T00:12:18.000000;bcce45bd-43ff-4e17-a505-a9ff095ab055;415.05;9.91521473;UNKNOWN
2016-03-25T00:12:18.000000;2016-03-25T00:12:18.000000;60d7910e-3a70-4164-9cea-98ccd4e1c56b;414.98;0.23;UNKNOWN
2016-03-25T00:12:18.000000;2016-03-25T00:12:18.000000;7d0cc3e3-5bc4-4dac-82df-45730379ce38;415.0;5.7;UNKNOWN
2016-03-25T00:12:18.000000;2016-03-25T00:12:18.000000;ed4cb2ff-e0a6-48e5-8a6c-f16ea611790c;415.0;0.19;UNKNOWN
2016-03-25T00:12:18.000000;2016-03-25T00:12:18.000000;d93fa1fe-f528-496f-8a93-03efc7072166;415.0;0.7;UNKNOWN
2016-03-25T00:13:12.000000;2016-03-25T00:13:12.000000;0a405949-6494-4ff2-a5a6-11d7972d1f2b;414.63;0.4;UNKNOWN
2016-03-25T00:13:16.000000;2016-03-25T00:13:16.000000;94c930d4-0e48-4c6d-a47a-096bc16d76db;414.62;0.01784;UNKNOWN
2016-03-25T00:13:18.000000;2016-03-25T00:13:18.000000;674b5f22-3507-4256-9db5-eceae028d21c;414.62;0.048148;UNKNOWN
2016-03-25T00:13:21.000000;2016-03-25T00:13:21.000000;8edee6a6-1511-4154-bc13-b2a4fe8738df;414.62;0.030219;UNKNOWN
2016-03-25T00:14:20.000000;2016-03-25T00:14:20.000000;8ec61010-2ead-4e12-a313-62ba636020e0;414.62;0.099;UNKNOWN
2016-03-25T00:14:48.000000;2016-03-25T00:14:48.000000;a24e9d8a-71b2-49aa-b523-49d590ed91b5;414.62;0.02723286;UNKNOWN
2016-03-25T00:14:48.000000;2016-03-25T00:14:48.000000;71894ad2-461e-4395-999a-afdd90a55469;414.62;0.02723286;UNKNOWN
2016-03-25T00:14:55.000000;2016-03-25T00:14:55.000000;8df44f58-449d-4494-ad07-048b56a5cf42;414.62;0.042921;UNKNOWN
2016-03-25T00:16:04.000000;2016-03-25T00:16:04.000000;8d207177-5ce9-459a-87b2-266e3116ed79;414.63;0.1;UNKNOWN
2016-03-25T00:16:31.000000;2016-03-25T00:16:31.000000;3ce33ad3-99db-4c34-86cc-39ae9a9148eb;414.62;0.044794;UNKNOWN
2016-03-25T00:17:24.000000;2016-03-25T00:17:24.000000;205f8513-f990-4e0c-b915-7559f4f0b76c;414.62;0.060417;UNKNOWN
2016-03-25T00:18:12.000000;2016-03-25T00:18:12.000000;76ae7262-c7e2-439c-9efc-9be1e7936c3a;414.62;0.024147;UNKNOWN
2016-03-25T00:18:12.000000;2016-03-25T00:18:12.000000;9b82f697-028e-4d50-af55-08b8c12d1479;414.62;0.03100809;UNKNOWN
2016-03-25T00:19:05.000000;2016-03-25T00:19:05.000000;800f1f1a-ce87-4551-8192-482a428d31d2;414.63;0.52327379;UNKNOWN
2016-03-25T00:19:48.000000;2016-03-25T00:19:48.000000;2e41abf3-66a1-4d6d-929c-64b9452ad388;414.62;0.026981;UNKNOWN
2016-03-25T00:20:16.000000;2016-03-25T00:20:16.000000;7b07643a-c685-4f08-b6f6-28e726287f09;414.63;0.5;UNKNOWN
2016-03-25T00:20:36.000000;2016-03-25T00:20:36.000000;fed014cd-3449-47b9-a16a-bda0ea0b454d;414.62;0.03074;UNKNOWN
2016-03-25T00:20:36.000000;2016-03-25T00:20:36.000000;a2c5013f-4832-4ed9-b8ff-d063799ac871;414.62;0.01;UNKNOWN
2016-03-25T00:21:16.000000;2016-03-25T00:21:16.000000;343903ce-5e5d-438e-8770-193faf18da37;414.62;0.10137123;UNKNOWN
2016-03-25T00:21:16.000000;2016-03-25T00:21:16.000000;81c15c86-44ab-459e-9bcc-8552000d5a7a;414.62;0.10126986;UNKNOWN
2016-03-25T00:21:16.000000;2016-03-25T00:21:16.000000;671de3c6-ca82-4132-96a1-26321831c75e;414.62;0.10137123;UNKNOWN
2016-03-25T00:21:16.000000;2016-03-25T00:21:16.000000;921288d7-afed-43b1-926a-8e3dc472c46a;414.62;0.0362502;UNKNOWN
2016-03-25T00:21:17.000000;2016-03-25T00:21:17.000000;c221be21-d420-4047-af1a-7f777722522d;414.62;0.10137123;UNKNOWN
2016-03-25T00:21:17.000000;2016-03-25T00:21:17.000000;e1839da3-a49f-4d2e-98be-afcfa4e27f2a;414.62;0.10137123;UNKNOWN
2016-03-25T00:22:05.000000;2016-03-25T00:22:05.000000;cc67edb0-543e-44b2-847f-4c83a7f287b9;414.63;0.2;UNKNOWN
2016-03-25T00:22:08.000000;2016-03-25T00:22:08.000000;e8fbfae1-dedd-4309-9178-2cf7166f0ede;414.62;4.809;UNKNOWN
2016-03-25T00:23:02.000000;2016-03-25T00:23:02.000000;68a82341-9be0-4490-bc23-872be5a82293;414.63;0.26;UNKNOWN
2016-03-25T00:23:45.000000;2016-03-25T00:23:45.000000;9f26df98-d880-4264-b474-0db950eb3716;414.87;0.26;UNKNOWN
2016-03-25T00:24:05.000000;2016-03-25T00:24:05.000000;a4b18128-bd1b-4be2-ab7c-ae23057234e8;414.64;0.09514069;UNKNOWN
2016-03-25T00:24:12.000000;2016-03-25T00:24:12.000000;8d559855-7af1-40cb-8e2e-bc538b2be903;414.63;0.04572033;UNKNOWN
2016-03-25T00:24:36.000000;2016-03-25T00:24:36.000000;55f16814-ce58-4ce6-aff0-ba254a5c2042;414.63;4.27908056;UNKNOWN
2016-03-25T00:24:36.000000;2016-03-25T00:24:36.000000;b1e87d5e-4728-4819-ad62-aecb8e20a0e3;414.63;0.55427967;UNKNOWN
2016-03-25T00:24:44.000000;2016-03-25T00:24:44.000000;55ccc415-8328-4299-9b71-28c3f70be432;414.64;0.93920168;UNKNOWN
2016-03-25T00:25:33.000000;2016-03-25T00:25:33.000000;46c840ef-7fcd-4766-84d7-a0808e2451ee;414.62;0.01;UNKNOWN
2016-03-25T00:25:56.000000;2016-03-25T00:25:56.000000;7ee9a3be-09c0-4447-b8a7-96af1f369b5b;414.62;0.120834;UNKNOWN
2016-03-25T00:26:33.000000;2016-03-25T00:26:33.000000;7392ef1b-50d4-43bc-b8de-9c385e9c9b72;414.62;0.01;UNKNOWN
2016-03-25T00:28:18.000000;2016-03-25T00:28:18.000000;98595882-ff11-4514-9f86-4f9ab78850a4;414.62;0.06857459;UNKNOWN
2016-03-25T00:28:38.000000;2016-03-25T00:28:38.000000;b4c43cbf-980a-40cf-bf00-d838e8f110d3;414.63;0.03553451;UNKNOWN
2016-03-25T00:29:32.000000;2016-03-25T00:29:32.000000;233accac-658c-40bf-ad35-122ccb6a3501;414.62;0.073508;UNKNOWN
2016-03-25T00:29:34.000000;2016-03-25T00:29:34.000000;d86fa285-7238-4ee0-a771-4acf059ba83c;414.62;24.28155554;UNKNOWN
2016-03-25T00:30:09.000000;2016-03-25T00:30:09.000000;52606754-c9de-42d4-8805-3fb479e33c3c;414.63;0.04792985;UNKNOWN
2016-03-25T00:30:52.000000;2016-03-25T00:30:52.000000;0d68ebe7-347e-4321-8103-a49df84d2112;414.63;0.055;UNKNOWN
2016-03-25T00:31:08.000000;2016-03-25T00:31:08.000000;d6ba9833-6cfb-4f32-88c8-da86e32f4894;414.63;0.055;UNKNOWN
2016-03-25T00:31:24.000000;2016-03-25T00:31:24.000000;0a63394d-c201-46e8-8ab4-5f04b4dd97b5;414.4;0.01;UNKNOWN
2016-03-25T00:31:24.000000;2016-03-25T00:31:24.000000;bdd41f50-012a-42b7-889c-bb52fd026971;414.37;13.0935;UNKNOWN
2016-03-25T00:31:24.000000;2016-03-25T00:31:24.000000;4c779b86-b5cf-4a4a-a489-a78c4063d8d3;414.31;4.5;UNKNOWN
2016-03-25T00:31:24.000000;2016-03-25T00:31:24.000000;66222453-47a2-4b5c-8fc5-85503ae905bc;414.31;15.2847;UNKNOWN
2016-03-25T00:31:24.000000;2016-03-25T00:31:24.000000;81239d95-e335-47a0-9f10-1a07910660f5;414.47;2.0;UNKNOWN
2016-03-25T00:31:24.000000;2016-03-25T00:31:24.000000;447ad8db-040d-4046-8b02-989e2e04d84f;414.5;0.1152;UNKNOWN
2016-03-25T00:31:24.000000;2016-03-25T00:31:24.000000;c3f03c9c-a9aa-4b28-8c1f-59277fcd66e1;414.62;19.56284208;UNKNOWN
2016-03-25T00:31:24.000000;2016-03-25T00:31:24.000000;0a655e2e-b99b-4c29-9cd2-5fff86dd64ca;414.23;0.2;UNKNOWN
2016-03-25T00:31:24.000000;2016-03-25T00:31:24.000000;a7b720a3-bfed-4d72-a597-043ef2b99786;414.3;15.7864;UNKNOWN
2016-03-25T00:31:24.000000;2016-03-25T00:31:24.000000;752ce05d-3dab-4f46-b013-1fd9da925ba1;414.62;13.53;UNKNOWN
2016-03-25T00:31:24.000000;2016-03-25T00:31:24.000000;d075c3f6-2048-4a77-85be-775a15f00ade;414.26;12.6714;UNKNOWN
2016-03-25T00:31:24.000000;2016-03-25T00:31:24.000000;1a91e323-4ff5-48da-863f-3ce316df73b2;414.25;9.1035;UNKNOWN
2016-03-25T00:31:28.000000;2016-03-25T00:31:28.000000;696a17c1-d279-4289-8f56-d158790fe3ab;414.1;5.0;UNKNOWN
2016-03-25T00:31:28.000000;2016-03-25T00:31:28.000000;27b6b835-fdab-4ea6-b289-50f74fb40b27;414.05;5.0;UNKNOWN
2016-03-25T00:31:28.000000;2016-03-25T00:31:28.000000;2d0c8906-79d0-4e2a-911c-6b5998d7def9;414.05;0.06;UNKNOWN
2016-03-25T00:31:28.000000;2016-03-25T00:31:28.000000;fc1f5501-af5f-455e-9f7c-279dd3ad0ca0;414.05;0.0455;UNKNOWN
2016-03-25T00:31:34.000000;2016-03-25T00:31:34.000000;2f482eef-2c8a-4804-a78e-c77fbf794ae7;414.06;7.53601649;UNKNOWN
2016-03-25T00:32:52.000000;2016-03-25T00:32:52.000000;7762acbf-ba7b-4cd3-8e8f-2166062a6d6b;414.09;0.9588;UNKNOWN
2016-03-25T00:32:52.000000;2016-03-25T00:32:52.000000;8f03f4f9-f7f6-4c85-93bb-3dc4ddcaf5eb;414.09;1.6452;UNKNOWN
2016-03-25T00:32:52.000000;2016-03-25T00:32:52.000000;be10fcf9-0917-45a5-b535-be4673670e2b;414.09;12.396;UNKNOWN
2016-03-25T00:33:19.000000;2016-03-25T00:33:19.000000;59d9aa34-e0a0-4376-86df-7c217d4ed4cc;414.12;0.14334554;UNKNOWN
2016-03-25T00:33:32.000000;2016-03-25T00:33:32.000000;dfa448af-3e91-446c-a47b-c3b6fc44f363;414.05;4.2075;UNKNOWN
2016-03-25T00:33:32.000000;2016-03-25T00:33:32.000000;ec22c381-dd1f-4133-880d-a03662919b30;413.98;13.3485;UNKNOWN
2016-03-25T00:33:32.000000;2016-03-25T00:33:32.000000;59a3174c-f0ac-4cf3-adde-fbae42334794;414.0;19.17770426;UNKNOWN
2016-03-25T00:33:32.000000;2016-03-25T00:33:32.000000;16703e69-17a2-4c80-9b24-1cf8a098b853;414.09;22.4957;UNKNOWN
2016-03-25T00:33:32.000000;2016-03-25T00:33:32.000000;3920149e-7217-44ae-b378-383c5da3a7e5;414.12;13.03995446;UNKNOWN
2016-03-25T00:33:32.000000;2016-03-25T00:33:32.000000;8aab9fad-10bb-44c5-b553-827cb7af87f7;414.0;0.083;UNKNOWN
2016-03-25T00:33:32.000000;2016-03-25T00:33:32.000000;f934a845-cfad-48a4-8b2c-3c40a5c6a719;413.99;6.09;UNKNOWN
2016-03-25T00:33:32.000000;2016-03-25T00:33:32.000000;95b88ac0-341e-4136-a83b-0e8ba84d1236;413.82;10.3263992;UNKNOWN
2016-03-25T00:33:32.000000;2016-03-25T00:33:32.000000;5928fe38-98ec-4501-ad1e-b37f4b1793be;414.0;1.0;UNKNOWN
2016-03-25T00:33:32.000000;2016-03-25T00:33:32.000000;a890ee66-db35-4b46-9919-aef338438902;413.9;0.0202;UNKNOWN
2016-03-25T00:33:32.000000;2016-03-25T00:33:32.000000;c3e9c878-455b-4f0d-972d-4d186a856741;413.9;0.0136;UNKNOWN
2016-03-25T00:33:32.000000;2016-03-25T00:33:32.000000;99ff0827-f64b-4ed5-ba8b-1aa5229ad7ad;413.9;0.0299;UNKNOWN
2016-03-25T00:33:32.000000;2016-03-25T00:33:32.000000;d602bc25-a206-4930-86eb-ac38fb1c3e99;413.96;0.3;UNKNOWN
2016-03-25T00:33:32.000000;2016-03-25T00:33:32.000000;0cee6d24-8cd4-490b-8416-fc521e47eb22;413.9;0.01;UNKNOWN
2016-03-25T00:33:33.000000;2016-03-25T00:33:33.000000;fbc16a2f-b221-4424-8d01-763ec70ce934;414.11;3.66;UNKNOWN
2016-03-25T00:34:08.000000;2016-03-25T00:34:08.000000;66058a25-63c6-475f-8ad0-92aa5a6e85cb;413.97;12.1689;UNKNOWN
2016-03-25T00:34:08.000000;2016-03-25T00:34:08.000000;0c9c4be6-4b76-4510-af7c-889d646a94c1;413.82;11.1565;UNKNOWN
2016-03-25T00:34:08.000000;2016-03-25T00:34:08.000000;5a08d2b3-587c-4fcd-bb28-f69be0b45c7b;413.7;12.6428;UNKNOWN
2016-03-25T00:34:08.000000;2016-03-25T00:34:08.000000;fd607cb3-8918-4662-b3bd-34716eee33c1;413.98;5.55;UNKNOWN
2016-03-25T00:34:08.000000;2016-03-25T00:34:08.000000;25985032-3f27-424a-b209-ee4c8fc96982;413.98;13.1097;UNKNOWN
2016-03-25T00:34:08.000000;2016-03-25T00:34:08.000000;788151ec-5987-43b0-a896-526160e26014;413.82;6.01;UNKNOWN
2016-03-25T00:34:08.000000;2016-03-25T00:34:08.000000;56feeba6-b6c7-474f-b353-41f1b83ae212;413.81;13.172;UNKNOWN
2016-03-25T00:34:08.000000;2016-03-25T00:34:08.000000;ea004a01-6dd4-495e-bddf-24db41073687;413.61;0.38541983;UNKNOWN
2016-03-25T00:34:08.000000;2016-03-25T00:34:08.000000;1e431e5a-07c2-411b-83c5-f6666640f440;413.75;1.0;UNKNOWN
2016-03-25T00:34:08.000000;2016-03-25T00:34:08.000000;4692026a-a093-43df-b5bf-c610c7d3dbef;413.59;17.82290637;UNKNOWN
2016-03-25T00:34:08.000000;2016-03-25T00:34:08.000000;0014d60a-5c41-4ccd-9e03-c30fe2dc955c;413.6;9.5;UNKNOWN
2016-03-25T00:34:11.000000;2016-03-25T00:34:11.000000;163cb7f0-027a-4ead-8098-b22c2a9b375f;413.55;1.34521055;UNKNOWN
2016-03-25T00:34:11.000000;2016-03-25T00:34:11.000000;fa6a2ec0-1264-4265-9446-9dba9144d9b4;413.55;0.654;UNKNOWN
2016-03-25T00:34:11.000000;2016-03-25T00:34:11.000000;03443bdb-5c64-4f8d-8b17-3cfded34fde6;413.55;0.07;UNKNOWN
2016-03-25T00:34:11.000000;2016-03-25T00:34:11.000000;ff1d714a-e81c-4b57-9a6e-0107194e00c6;413.55;0.3;UNKNOWN
2016-03-25T00:34:11.000000;2016-03-25T00:34:11.000000;a9541dd0-0977-4a5a-b5a2-3f50069e091c;413.76;7.9078;UNKNOWN
2016-03-25T00:34:11.000000;2016-03-25T00:34:11.000000;15cb7fdd-5169-4b63-92eb-22d38c32f437;413.59;0.5;UNKNOWN
2016-03-25T00:34:11.000000;2016-03-25T00:34:11.000000;dc370324-6b27-47f9-b67d-0ecb6c158d7d;413.59;3.39786172;UNKNOWN
2016-03-25T00:34:11.000000;2016-03-25T00:34:11.000000;e35875ed-7804-4e9a-bdb1-01522e6e1f7e;413.55;8.0;UNKNOWN
2016-03-25T00:34:11.000000;2016-03-25T00:34:11.000000;a80beb6d-9e6b-405e-9944-1ad6166bc75f;413.55;1.16;UNKNOWN
2016-03-25T00:34:11.000000;2016-03-25T00:34:11.000000;046b8d2f-0634-463a-93bd-7fa89ea888aa;413.59;8.27923191;UNKNOWN
2016-03-25T00:34:18.000000;2016-03-25T00:34:18.000000;b5285d78-7704-4de7-a829-3dbe3ad5eb55;413.57;3.61;UNKNOWN
2016-03-25T00:34:18.000000;2016-03-25T00:34:18.000000;509a6923-060f-4797-bf5c-d6efb48a20de;413.56;0.89;UNKNOWN
2016-03-25T00:34:18.000000;2016-03-25T00:34:18.000000;1591e5fe-1217-428a-bbdb-6aec9b604409;413.56;0.01;UNKNOWN
2016-03-25T00:34:18.000000;2016-03-25T00:34:18.000000;b73b3312-12a5-4ae4-b14c-246b40c7fe06;413.57;0.946;UNKNOWN
2016-03-25T00:34:19.000000;2016-03-25T00:34:19.000000;d2a2f52e-d9f4-4f54-afae-8ad1aa906037;413.55;0.54073544;UNKNOWN
2016-03-25T00:34:27.000000;2016-03-25T00:34:27.000000;a1684a18-ff41-408c-b39c-fdea7cd874e3;413.57;1.0;UNKNOWN
2016-03-25T00:35:04.000000;2016-03-25T00:35:04.000000;a214c535-2b21-4fd4-a077-4716a511e101;413.56;0.01;UNKNOWN
2016-03-25T00:35:21.000000;2016-03-25T00:35:21.000000;27bdadc6-7da5-4d4a-aa9c-85e0cdb09dee;413.56;1.0;UNKNOWN
2016-03-25T00:35:23.000000;2016-03-25T00:35:23.000000;b7acd45e-eca1-4c65-9578-1fa7ad53fb9b;413.5;6.09127946;UNKNOWN
2016-03-25T00:35:23.000000;2016-03-25T00:35:23.000000;faeea6a8-5958-4dd3-ae1e-c2ae43d72425;413.55;12.7109;UNKNOWN
2016-03-25T00:35:23.000000;2016-03-25T00:35:23.000000;621d94ff-433c-436b-b7d3-392e46a20ce8;413.52;4.68356653;UNKNOWN
2016-03-25T00:35:23.000000;2016-03-25T00:35:23.000000;4c55f636-f9c4-41a6-983a-7c215d34cf23;413.5;0.1;UNKNOWN
2016-03-25T00:35:23.000000;2016-03-25T00:35:23.000000;88c59d5e-debf-4dd2-afeb-ade0f5eb5e53;413.55;13.9378;UNKNOWN
2016-03-25T00:35:23.000000;2016-03-25T00:35:23.000000;b0e7669b-9f4b-4469-a6d3-272880c7d738;413.55;1.4873;UNKNOWN
2016-03-25T00:35:23.000000;2016-03-25T00:35:23.000000;2be84284-1e43-4c97-8c8b-392877fd77e5;413.55;0.01;UNKNOWN
2016-03-25T00:35:23.000000;2016-03-25T00:35:23.000000;b247c5c3-6254-4cd8-a39c-d9a70f306978;413.55;7.89;UNKNOWN
2016-03-25T00:35:23.000000;2016-03-25T00:35:23.000000;57206c97-f3fe-4be8-8ef5-07f727dc2783;413.55;3.08915401;UNKNOWN
2016-03-25T00:36:07.000000;2016-03-25T00:36:07.000000;c2223245-ae3b-427a-af57-7c6e1cf5d807;413.54;10.0;UNKNOWN
2016-03-25T00:36:33.000000;2016-03-25T00:36:33.000000;99257906-48a2-4174-af26-fea4f14e6cda;413.5;0.5;UNKNOWN
2016-03-25T00:36:34.000000;2016-03-25T00:36:34.000000;4c4c39f5-6717-4026-a24e-2e6a33a83924;413.54;0.3;UNKNOWN
2016-03-25T00:36:43.000000;2016-03-25T00:36:43.000000;ff43bd92-e886-41e3-bad4-8e4dd2a2edf8;413.5;0.26;UNKNOWN
2016-03-25T00:37:29.000000;2016-03-25T00:37:29.000000;01f708ff-9872-43b0-9fad-5bc2927bd12e;413.51;0.56191097;UNKNOWN
2016-03-25T00:40:08.000000;2016-03-25T00:40:08.000000;ca591483-bc7f-4218-8198-8c19745bf538;413.56;0.3;UNKNOWN
2016-03-25T00:40:48.000000;2016-03-25T00:40:48.000000;572be564-ec9f-4d68-aa4b-689824894b5a;413.56;0.3;UNKNOWN
2016-03-25T00:40:57.000000;2016-03-25T00:40:57.000000;0c1023e5-fc09-40fc-bd1f-59ea8165af25;413.56;0.26;UNKNOWN
2016-03-25T00:41:52.000000;2016-03-25T00:41:52.000000;05d0cc11-167e-4ecd-bcda-ce6a0c273888;413.56;0.2406;UNKNOWN
2016-03-25T00:42:09.000000;2016-03-25T00:42:09.000000;6733fc3a-b25a-4676-a5ee-025b59ee1940;413.5;25.0;UNKNOWN
2016-03-25T00:42:10.000000;2016-03-25T00:42:10.000000;a2ddebd4-319d-4b6c-ad51-e52043266855;413.5;0.5;UNKNOWN
2016-03-25T00:42:10.000000;2016-03-25T00:42:10.000000;17062ae0-ad14-4268-b323-03cf365ff7ac;413.5;18.14872054;UNKNOWN
2016-03-25T00:42:10.000000;2016-03-25T00:42:10.000000;16fcab02-1450-4fa9-94cc-fe31993ccc1c;413.5;0.15;UNKNOWN
2016-03-25T00:42:23.000000;2016-03-25T00:42:23.000000;f9d34284-d1e7-4a9d-a315-5b0a2c5f9cf2;413.41;0.0291;UNKNOWN
2016-03-25T00:42:23.000000;2016-03-25T00:42:23.000000;6d495514-d7da-44d9-a9f9-a2dda73deb2f;413.41;0.0137;UNKNOWN
2016-03-25T00:42:23.000000;2016-03-25T00:42:23.000000;a9a899e2-85ec-4f8a-ab4e-65b4b23e4211;413.33;0.111201;UNKNOWN
2016-03-25T00:42:23.000000;2016-03-25T00:42:23.000000;3a07391e-8250-4420-86ff-9e09365c8492;413.41;0.0199;UNKNOWN
2016-03-25T00:42:23.000000;2016-03-25T00:42:23.000000;9fada4b8-662c-414a-a801-c06579d9e6d6;413.4;0.076099;UNKNOWN
2016-03-25T00:42:36.000000;2016-03-25T00:42:36.000000;a1ac606c-4f5e-4f40-8867-ec5843aed794;413.33;0.94;UNKNOWN
2016-03-25T00:42:46.000000;2016-03-25T00:42:46.000000;3e49a7bd-4a2a-4f8f-b837-aeeb579dffef;413.34;0.21738533;UNKNOWN
2016-03-25T00:43:03.000000;2016-03-25T00:43:03.000000;17c36439-eed9-495b-9141-1e0ddfe86b1e;413.34;0.01;UNKNOWN
2016-03-25T00:43:50.000000;2016-03-25T00:43:50.000000;89847fc9-58e9-4f13-abfe-17b3460f0d5f;413.21;0.01;UNKNOWN
2016-03-25T00:43:50.000000;2016-03-25T00:43:50.000000;2ae0e36a-0641-4159-8034-2ea7361e006d;413.21;0.01;UNKNOWN
2016-03-25T00:43:54.000000;2016-03-25T00:43:54.000000;d54804f1-00e9-4681-8631-ee2e46b24d81;413.22;0.01;UNKNOWN
2016-03-25T00:44:05.000000;2016-03-25T00:44:05.000000;7b268a0b-843a-425d-a693-fb95c6dd58f1;413.2;46.6755;UNKNOWN
2016-03-25T00:44:05.000000;2016-03-25T00:44:05.000000;04df4e65-7620-4925-8059-0d51eaa49dcd;413.21;2.48;UNKNOWN
2016-03-25T00:44:05.000000;2016-03-25T00:44:05.000000;ffe13e24-c741-497c-87bc-757292339647;413.21;0.8445;UNKNOWN
2016-03-25T00:44:06.000000;2016-03-25T00:44:06.000000;f8e0a084-882b-4c68-aca8-ceae84426c4a;413.2;0.621036;UNKNOWN
2016-03-25T00:45:14.000000;2016-03-25T00:45:14.000000;1834fb99-a507-4cf9-9728-7d953566f2c0;413.2;0.99;UNKNOWN
2016-03-25T00:45:14.000000;2016-03-25T00:45:14.000000;67db8381-574f-46ca-a996-9c4e8b1193dd;413.21;0.01;UNKNOWN
2016-03-25T00:45:26.000000;2016-03-25T00:45:26.000000;7647ac2a-d372-4450-a182-29a16fa941b2;413.2;0.2;UNKNOWN
2016-03-25T00:46:05.000000;2016-03-25T00:46:05.000000;97ffb22f-513b-499e-8dc4-f5425466b932;413.2;0.017;UNKNOWN
2016-03-25T00:46:33.000000;2016-03-25T00:46:33.000000;1e18e192-315e-4e08-8287-20d8e31fbde9;413.2;0.249698;UNKNOWN
2016-03-25T00:46:33.000000;2016-03-25T00:46:33.000000;63f36eed-f23e-4336-b58d-5d3bb6dc69a1;413.2;0.249698;UNKNOWN
2016-03-25T00:46:34.000000;2016-03-25T00:46:34.000000;6088a372-df31-46f0-81ae-6a6bbe96d068;413.2;0.249698;UNKNOWN
2016-03-25T00:46:34.000000;2016-03-25T00:46:34.000000;50fb4c63-d937-4308-924b-3ee856a32dee;413.2;0.249698;UNKNOWN
2016-03-25T00:47:36.000000;2016-03-25T00:47:36.000000;4489ee6b-f997-4a3a-8cb6-e9d11ce4deba;413.2;0.032231;UNKNOWN
2016-03-25T00:47:41.000000;2016-03-25T00:47:41.000000;0806ffbf-c05c-451d-a6d1-2e51fea9bbbc;413.2;0.070342;UNKNOWN
2016-03-25T00:47:50.000000;2016-03-25T00:47:50.000000;20526ce3-3e3b-464d-b127-3d7150e43676;413.2;0.01;UNKNOWN
2016-03-25T00:51:57.000000;2016-03-25T00:51:57.000000;b61df4a2-c1cb-4274-888a-2cbe333dd2af;413.23;0.01;UNKNOWN
2016-03-25T00:52:00.000000;2016-03-25T00:52:00.000000;5aca9e0b-0c85-4d85-99d9-dc0b364ab491;413.23;0.43225066;UNKNOWN
2016-03-25T00:52:07.000000;2016-03-25T00:52:07.000000;6dfc6a7a-bd72-48bb-92e9-9273fed796b7;413.23;0.0128364;UNKNOWN
2016-03-25T00:52:16.000000;2016-03-25T00:52:16.000000;ee9e374f-564b-45ae-bcc9-7203aff160e0;413.23;0.49927073;UNKNOWN
2016-03-25T00:52:19.000000;2016-03-25T00:52:19.000000;23e836ca-aed0-4826-8cc4-9338cf4d3230;413.23;0.43952137;UNKNOWN
2016-03-25T00:52:23.000000;2016-03-25T00:52:23.000000;e7500e9c-cb89-477e-8b20-e8a728162ee2;413.23;0.4938238;UNKNOWN
2016-03-25T00:52:34.000000;2016-03-25T00:52:34.000000;7815d9a8-e2e6-4d5d-9838-b5225a87707e;413.23;0.29300855;UNKNOWN
2016-03-25T00:52:36.000000;2016-03-25T00:52:36.000000;13a02144-987c-41c9-b281-88839d2690ac;413.22;0.018131;UNKNOWN
2016-03-25T00:52:38.000000;2016-03-25T00:52:38.000000;72bd7857-efab-447b-8754-0e1fe101737e;413.23;0.2947697;UNKNOWN
2016-03-25T00:52:42.000000;2016-03-25T00:52:42.000000;42425982-6182-491f-9f6d-28391dd48df0;413.23;0.29643867;UNKNOWN
2016-03-25T00:52:45.000000;2016-03-25T00:52:45.000000;fd20eefd-59bf-40ee-b586-e85c875fecad;413.23;0.01;UNKNOWN
2016-03-25T00:52:49.000000;2016-03-25T00:52:49.000000;9b07cd46-1783-45a9-af2a-414678385b01;413.23;0.01;UNKNOWN
2016-03-25T00:52:53.000000;2016-03-25T00:52:53.000000;d0d1882b-d13e-44ce-82d6-dbf564e94168;413.23;0.49547254;UNKNOWN
2016-03-25T00:52:57.000000;2016-03-25T00:52:57.000000;a1212cdd-1b37-4d8a-a110-5a39882152c1;413.23;0.01;UNKNOWN
2016-03-25T00:53:00.000000;2016-03-25T00:53:00.000000;7172f7a4-5645-4137-87b9-6c33bc7c6d58;413.23;0.44320454;UNKNOWN
2016-03-25T00:53:05.000000;2016-03-25T00:53:05.000000;61950603-11eb-40ac-9e45-3732f700c41c;413.23;0.08512553;UNKNOWN
2016-03-25T00:53:09.000000;2016-03-25T00:53:09.000000;7d9bf39b-ad22-4150-b604-167a2156f43e;413.23;0.49611217;UNKNOWN
2016-03-25T00:53:16.000000;2016-03-25T00:53:16.000000;e4f81711-3458-4728-b8cb-aaae566feb74;413.23;0.49515739;UNKNOWN
2016-03-25T00:53:19.000000;2016-03-25T00:53:19.000000;54e85d7e-09a8-43c3-90de-082f623d03de;413.23;0.28765887;UNKNOWN
2016-03-25T00:53:23.000000;2016-03-25T00:53:23.000000;750a0172-3787-43a1-b239-1ffee00a888b;413.23;0.01356045;UNKNOWN
2016-03-25T00:53:27.000000;2016-03-25T00:53:27.000000;c2fffae0-5f45-4693-9602-e2c8c83f2515;413.23;0.49536984;UNKNOWN
2016-03-25T00:53:47.000000;2016-03-25T00:53:47.000000;ab882d3b-84c8-4028-bc95-62aa6554c30d;413.23;0.4998671;UNKNOWN
2016-03-25T00:53:51.000000;2016-03-25T00:53:51.000000;8efb68c8-a981-420e-abc1-1494966fca92;413.23;0.29380494;UNKNOWN
2016-03-25T00:54:15.000000;2016-03-25T00:54:15.000000;93aad83e-21c3-451e-995f-9ec481f982af;413.22;0.011784;UNKNOWN
2016-03-25T00:55:04.000000;2016-03-25T00:55:04.000000;75159a72-a2fc-4442-bfb5-4be4e2853c3a;413.23;0.19338505;UNKNOWN
2016-03-25T00:55:08.000000;2016-03-25T00:55:08.000000;78aba52f-b236-4a33-ba1d-3f3232d3fec8;413.22;0.024481;UNKNOWN
2016-03-25T00:56:47.000000;2016-03-25T00:56:47.000000;e6662d9f-0c57-4fc8-9f44-8a8eeeb4c398;413.23;0.0403;UNKNOWN
2016-03-25T00:56:47.000000;2016-03-25T00:56:47.000000;f0f8f022-792d-4774-8bc0-cd2db738754a;413.16;0.3;UNKNOWN
2016-03-25T00:56:47.000000;2016-03-25T00:56:47.000000;8002c587-c8ba-4136-843a-28ba62c2a2a3;413.23;1.4347;UNKNOWN
2016-03-25T00:56:47.000000;2016-03-25T00:56:47.000000;2914f548-4922-474a-9903-e5d6306f2f6b;413.22;0.245604;UNKNOWN
2016-03-25T00:56:47.000000;2016-03-25T00:56:47.000000;7b2bd90b-2000-4e4d-b1cf-fdcec18e2616;413.23;28.9403;UNKNOWN
2016-03-25T00:56:47.000000;2016-03-25T00:56:47.000000;62f150cc-62ca-427a-9919-6b900e006dc8;413.17;0.08;UNKNOWN
2016-03-25T00:56:47.000000;2016-03-25T00:56:47.000000;38c43be7-8836-4933-b2cc-4b47777605c0;413.22;0.1;UNKNOWN
2016-03-25T00:56:47.000000;2016-03-25T00:56:47.000000;bb5cccaa-7204-404f-ade4-525ace428968;413.11;50.0;UNKNOWN
2016-03-25T00:56:47.000000;2016-03-25T00:56:47.000000;2d7d7e2b-dfa8-46db-ab06-ff52e3caa84f;413.12;0.998564;UNKNOWN
2016-03-25T00:56:47.000000;2016-03-25T00:56:47.000000;a0abfc7f-a12e-410a-b2a2-decf1c0785a4;413.1;50.0;UNKNOWN
2016-03-25T00:56:47.000000;2016-03-25T00:56:47.000000;de7a892a-3e24-4fc2-8e89-18e9d1dc7342;413.2;0.385099;UNKNOWN
2016-03-25T00:56:47.000000;2016-03-25T00:56:47.000000;905627ac-b205-499b-af42-ce1b61dfc375;413.1;0.0282;UNKNOWN
2016-03-25T00:56:47.000000;2016-03-25T00:56:47.000000;2be7e17b-6ef4-4182-83e1-76bb1ebd3940;413.08;2.53815557;UNKNOWN
2016-03-25T00:56:47.000000;2016-03-25T00:56:47.000000;55821491-3c3d-4b90-89ef-bad031ec5034;413.1;0.0196;UNKNOWN
2016-03-25T00:56:47.000000;2016-03-25T00:56:47.000000;96b20f5f-590f-4dd9-894c-7eb427a97fa6;413.1;0.0137;UNKNOWN
2016-03-25T00:56:48.000000;2016-03-25T00:56:48.000000;c12a50f4-4d3a-408b-959e-6d9bba1c7984;413.08;0.27;UNKNOWN
2016-03-25T00:57:11.000000;2016-03-25T00:57:11.000000;e89d2601-d373-4cd8-bbd9-216ac4d2fe38;413.05;0.02490465;UNKNOWN
2016-03-25T00:57:42.000000;2016-03-25T00:57:42.000000;ab2a7322-ee45-42bb-a1e6-9ad3a1c2434c;413.04;0.65;UNKNOWN
2016-03-25T00:57:48.000000;2016-03-25T00:57:48.000000;28fb4355-841d-4b05-a44d-c8509d492960;413.04;5.65;UNKNOWN
2016-03-25T00:57:48.000000;2016-03-25T00:57:48.000000;6fb89fb3-a25c-421e-b75a-9fab431b1d86;413.04;19.35;UNKNOWN
2016-03-25T00:57:49.000000;2016-03-25T00:57:49.000000;976d36cf-dd96-4d32-bb17-388453a5c21f;413.04;0.56189453;UNKNOWN
2016-03-25T00:58:02.000000;2016-03-25T00:58:02.000000;a054b81b-83eb-4a62-9310-d828bc3552d2;413.05;0.01;UNKNOWN
2016-03-25T00:58:42.000000;2016-03-25T00:58:42.000000;c7218942-5441-40fd-bde1-50644ffebf18;413.03;2.3476;UNKNOWN
2016-03-25T00:58:42.000000;2016-03-25T00:58:42.000000;74046245-8570-4371-8e0a-c14fbcb83b5e;413.03;0.1;UNKNOWN
2016-03-25T00:59:14.000000;2016-03-25T00:59:14.000000;7264dbcd-acf6-4da1-8db8-807d82cad633;413.03;0.39633633;UNKNOWN
2016-03-25T00:59:45.000000;2016-03-25T00:59:45.000000;96c93cc9-5c54-49f8-9c70-45be7c62ed97;413.03;0.011989;UNKNOWN
2016-03-25T00:59:49.000000;2016-03-25T00:59:49.000000;10e4404d-f1c0-4c43-91a1-bb1033bb92e0;413.03;0.011712;UNKNOWN
2016-03-25T01:02:51.000000;2016-03-25T01:02:51.000000;39ce7a2f-2ef4-453f-adc4-fa239af837f4;413.03;0.6;UNKNOWN
2016-03-25T01:04:05.000000;2016-03-25T01:04:05.000000;0194d4e0-2452-4725-b555-3b92107b1b0e;413.04;1.27;UNKNOWN
2016-03-25T01:04:39.000000;2016-03-25T01:04:39.000000;787a73bb-b4ff-4b3b-971f-00d6814c5b58;413.04;12.50119373;UNKNOWN
2016-03-25T01:08:01.000000;2016-03-25T01:08:01.000000;c5253571-a53a-4ced-91ae-d46368365daf;413.04;2.0;UNKNOWN
2016-03-25T01:09:42.000000;2016-03-25T01:09:42.000000;66c2df83-cc0e-449c-9949-4bcb17d398f7;413.04;21.71365937;UNKNOWN
2016-03-25T01:10:10.000000;2016-03-25T01:10:10.000000;eb463b23-8ce4-4f9b-bf36-b987a7eb3843;413.04;24.719;UNKNOWN
2016-03-25T01:11:08.000000;2016-03-25T01:11:08.000000;7273363a-2f49-494e-b888-d374d25c48c9;413.04;18.93890585;UNKNOWN
2016-03-25T01:11:08.000000;2016-03-25T01:11:08.000000;a4cde920-4611-4029-b0e2-084d0dd76d8b;413.05;34.71;UNKNOWN
2016-03-25T01:12:21.000000;2016-03-25T01:12:21.000000;02f42832-87c9-499a-a7d1-bce85a7847a0;413.43;3.0;UNKNOWN
2016-03-25T01:13:11.000000;2016-03-25T01:13:11.000000;3fd73fed-aac2-4d28-be61-b31f82140f61;413.83;12.0;UNKNOWN
2016-03-25T01:13:11.000000;2016-03-25T01:13:11.000000;2ecb2827-8c47-4b2f-8e2c-f4b2e2eae991;413.82;6.0;UNKNOWN
2016-03-25T01:13:11.000000;2016-03-25T01:13:11.000000;bbdba1df-4687-4280-b862-6907886df30d;413.44;6.0254;UNKNOWN
2016-03-25T01:14:01.000000;2016-03-25T01:14:01.000000;19f7ea81-c0b4-45c1-9017-bf5ac63bb5ca;414.39;4.11045026;UNKNOWN
2016-03-25T01:14:01.000000;2016-03-25T01:14:01.000000;392e24f3-e327-4254-8fd5-aa0fa5d7332c;414.02;6.0363;UNKNOWN
2016-03-25T01:14:01.000000;2016-03-25T01:14:01.000000;bf8f22cf-6a46-4d88-8308-06d6db5c04dd;414.22;1.020614;UNKNOWN
2016-03-25T01:14:01.000000;2016-03-25T01:14:01.000000;2fab1865-1da3-4f0a-9bc8-3628919d5f69;414.19;6.0;UNKNOWN
2016-03-25T01:14:01.000000;2016-03-25T01:14:01.000000;db577200-3f2a-4288-84a1-920603fe6662;414.26;4.69015653;UNKNOWN
2016-03-25T01:14:01.000000;2016-03-25T01:14:01.000000;6bde3afe-1dea-4185-bb04-1fd5d99fe18f;414.34;4.69015653;UNKNOWN
2016-03-25T01:14:01.000000;2016-03-25T01:14:01.000000;22a3dd4a-d04f-480a-9431-d87a985e5065;414.23;4.69015653;UNKNOWN
2016-03-25T01:14:01.000000;2016-03-25T01:14:01.000000;92681e23-8293-4531-9b22-ad6569d8d54e;414.14;4.69081655;UNKNOWN
2016-03-25T01:14:01.000000;2016-03-25T01:14:01.000000;2b05b328-641b-4a34-bf46-5b9566b9e05e;414.36;4.69037652;UNKNOWN
2016-03-25T01:14:01.000000;2016-03-25T01:14:01.000000;092ce86b-9ad9-45a8-8f45-b5f746598d40;414.31;4.69015653;UNKNOWN
2016-03-25T01:14:01.000000;2016-03-25T01:14:01.000000;6d531632-af7b-4a7d-bb83-ae61effa3d61;414.18;4.69081655;UNKNOWN
2016-03-25T01:14:07.000000;2016-03-25T01:14:07.000000;27816dd2-aa8e-4793-a385-5e042302fdf8;414.0;0.05884186;UNKNOWN
2016-03-25T01:14:12.000000;2016-03-25T01:14:12.000000;0d7fa3f9-0884-48fb-8979-35b8bcddacc8;414.43;0.07;UNKNOWN
2016-03-25T01:14:12.000000;2016-03-25T01:14:12.000000;32621215-44b3-4c88-a1c1-966f348c79fa;414.43;0.04539254;UNKNOWN
2016-03-25T01:14:12.000000;2016-03-25T01:14:12.000000;608f2e33-22a1-4051-8d10-371d9c6ee69d;414.43;0.035;UNKNOWN
2016-03-25T01:14:31.000000;2016-03-25T01:14:31.000000;0e9d1087-a483-4d49-babc-d403f4d0e34f;414.02;0.11033349;UNKNOWN
2016-03-25T01:14:31.000000;2016-03-25T01:14:31.000000;d722bb4d-9214-4001-8ce8-32c103149910;414.4;0.14966651;UNKNOWN
2016-03-25T01:14:39.000000;2016-03-25T01:14:39.000000;3e02d49f-ef91-40a7-85cb-f3fbdddac68f;414.4;0.1;UNKNOWN
2016-03-25T01:15:26.000000;2016-03-25T01:15:26.000000;1de36610-502c-4ed2-97ac-a542d356fcb1;414.4;0.71760794;UNKNOWN
2016-03-25T01:15:26.000000;2016-03-25T01:15:26.000000;8307fd9f-b9d5-45ae-98e1-e7d3f3443c08;414.35;0.06;UNKNOWN
2016-03-25T01:15:26.000000;2016-03-25T01:15:26.000000;df877e13-f783-47c4-a9cd-facbec14e735;414.13;0.09562762;UNKNOWN
2016-03-25T01:15:30.000000;2016-03-25T01:15:30.000000;4dc0734d-7c26-4ffc-8503-788994528113;414.14;1.209225;UNKNOWN
2016-03-25T01:15:58.000000;2016-03-25T01:15:58.000000;4cc91f1d-cb2a-4da2-b946-308a5f4e851e;413.99;1.0;UNKNOWN
2016-03-25T01:16:01.000000;2016-03-25T01:16:01.000000;b3455afc-5a62-43df-84ac-d50fd0ba24cc;413.99;1.0;UNKNOWN
2016-03-25T01:16:02.000000;2016-03-25T01:16:02.000000;7852b376-8c94-49d9-a2ad-167c01bd6751;413.99;1.0;UNKNOWN
2016-03-25T01:16:03.000000;2016-03-25T01:16:03.000000;8ee33a17-cfff-4357-9443-86974a86adf5;414.0;0.03678115;UNKNOWN
2016-03-25T01:16:27.000000;2016-03-25T01:16:27.000000;5b59c52c-64a6-4945-9c7a-29e2b924561f;414.36;0.1;UNKNOWN
2016-03-25T01:17:09.000000;2016-03-25T01:17:09.000000;b6aa147b-30e3-429a-8e19-056dd2607d38;414.0;5.9789;UNKNOWN
2016-03-25T01:18:49.000000;2016-03-25T01:18:49.000000;14b183da-5361-43fc-94e8-bd49e577bb22;413.99;0.15275;UNKNOWN
2016-03-25T01:19:18.000000;2016-03-25T01:19:18.000000;0ae6d34b-42c0-44b5-b1ca-99fa4a343714;413.99;0.18682843;UNKNOWN
2016-03-25T01:20:33.000000;2016-03-25T01:20:33.000000;2baf8e2b-13b5-4c42-83d6-58e11172a375;413.99;0.482495;UNKNOWN
2016-03-25T01:20:39.000000;2016-03-25T01:20:39.000000;5a69664c-513c-4e1c-b7c5-482a6d280689;413.99;0.761615;UNKNOWN
2016-03-25T01:21:05.000000;2016-03-25T01:21:05.000000;9917360f-d53d-4f10-82f4-e813969855f8;413.99;0.0292;UNKNOWN
2016-03-25T01:22:03.000000;2016-03-25T01:22:03.000000;1f61a82c-52bf-455c-aea3-9d14b553da7d;414.0;0.051991;UNKNOWN
2016-03-25T01:22:03.000000;2016-03-25T01:22:03.000000;9999f3e7-c24a-46d1-b387-2b12fd777d08;414.0;0.148009;UNKNOWN
2016-03-25T01:22:16.000000;2016-03-25T01:22:16.000000;18864f77-0b6d-4f16-85ca-8bd5283cdec0;413.99;0.111599;UNKNOWN
2016-03-25T01:22:50.000000;2016-03-25T01:22:50.000000;3382dded-1030-4721-904d-f392ff91e212;413.99;0.317429;UNKNOWN
2016-03-25T01:24:36.000000;2016-03-25T01:24:36.000000;5e4ba78f-a164-4e46-a577-b4a062dfb7a6;413.99;0.01;UNKNOWN
2016-03-25T01:30:18.000000;2016-03-25T01:30:18.000000;67cf11bf-1999-465e-8f19-5bceb921809b;413.99;0.166018;UNKNOWN
2016-03-25T01:30:21.000000;2016-03-25T01:30:21.000000;4e092dd5-a86c-4615-ac59-b744cf819c5a;413.99;0.312828;UNKNOWN
2016-03-25T01:30:24.000000;2016-03-25T01:30:24.000000;6b842b33-5717-4d6f-8a70-cafd073ab212;413.99;0.321215;UNKNOWN
2016-03-25T01:31:32.000000;2016-03-25T01:31:32.000000;fb5d692d-9201-4900-8db5-7e4b9ffef60c;414.0;0.1;UNKNOWN
2016-03-25T01:31:48.000000;2016-03-25T01:31:48.000000;86cb6864-4403-449b-8bc8-4b69e4e5a656;414.0;0.4835;UNKNOWN
2016-03-25T01:32:59.000000;2016-03-25T01:32:59.000000;c05837cf-eaca-4a0d-8230-3f5101eaca24;413.99;0.12262257;UNKNOWN
2016-03-25T01:33:41.000000;2016-03-25T01:33:41.000000;55aaa43f-7b5c-4163-84f5-03d493b5d332;413.67;0.150012;UNKNOWN
2016-03-25T01:33:47.000000;2016-03-25T01:33:47.000000;200f2915-86b0-429f-b1e3-109dbef8eb48;413.55;0.264422;UNKNOWN
2016-03-25T01:34:33.000000;2016-03-25T01:34:33.000000;8b2a9f36-4c51-481e-b113-c53603555012;413.56;0.1;UNKNOWN
2016-03-25T01:34:42.000000;2016-03-25T01:34:42.000000;ec342bc8-f2b8-44b6-9866-ae1872d04882;413.38;1.0;UNKNOWN
2016-03-25T01:35:10.000000;2016-03-25T01:35:10.000000;721a9448-e739-4efc-8fcf-a7e402d89d63;413.37;0.02384217;UNKNOWN
2016-03-25T01:35:18.000000;2016-03-25T01:35:18.000000;2a84bfb2-4ede-4bc4-8840-2a8fa0c80f09;413.23;0.1;UNKNOWN
2016-03-25T01:35:21.000000;2016-03-25T01:35:21.000000;0ab54655-5b68-43e4-b8a1-da6ddd91b14a;413.22;0.01;UNKNOWN
2016-03-25T01:35:30.000000;2016-03-25T01:35:30.000000;06875037-3272-4161-beae-cc0bde1b7dad;413.22;0.01;UNKNOWN
2016-03-25T01:35:47.000000;2016-03-25T01:35:47.000000;4316c5ec-e441-4ea2-9225-5e0ddda07f44;413.1;0.01;UNKNOWN
2016-03-25T01:35:59.000000;2016-03-25T01:35:59.000000;ae078ef2-8ffd-431d-a4e9-0e42cf28a3da;413.1;0.01;UNKNOWN
2016-03-25T01:36:07.000000;2016-03-25T01:36:07.000000;c8cc5bba-9f57-4c5d-a86e-be27a6c514ca;413.11;0.947;UNKNOWN
2016-03-25T01:36:08.000000;2016-03-25T01:36:08.000000;13d0e7e8-1f66-49b6-8c77-c78b1ecb6c8d;413.11;0.1;UNKNOWN
2016-03-25T01:36:16.000000;2016-03-25T01:36:16.000000;e216a832-ebf1-4450-9612-bad3f2506569;413.11;0.02;UNKNOWN
2016-03-25T01:36:20.000000;2016-03-25T01:36:20.000000;06e033bb-c610-44de-9f71-6a2bc97d9ceb;413.1;0.01;UNKNOWN
2016-03-25T01:37:04.000000;2016-03-25T01:37:04.000000;070f38c8-ed14-4a77-af19-136f5f750965;413.1;0.060558;UNKNOWN
2016-03-25T01:37:46.000000;2016-03-25T01:37:46.000000;40bf44eb-965e-48c8-a5c0-17febc489b13;413.26;0.087674;UNKNOWN
2016-03-25T01:37:57.000000;2016-03-25T01:37:57.000000;b0904b35-9c88-4a1d-8a5b-68a74675d2ea;413.25;1.4208;UNKNOWN
2016-03-25T01:38:02.000000;2016-03-25T01:38:02.000000;fb7e433a-aad8-4478-a83a-ba74dfebfbe5;413.24;0.01;UNKNOWN
2016-03-25T01:38:26.000000;2016-03-25T01:38:26.000000;8b59781f-bf99-4222-931a-1f5b74975aff;413.25;0.01363909;UNKNOWN
2016-03-25T01:38:26.000000;2016-03-25T01:38:26.000000;b8cbc1b4-6948-4bef-9260-16e319fc7fdc;413.25;0.06539514;UNKNOWN
2016-03-25T01:38:29.000000;2016-03-25T01:38:29.000000;47732e90-2ab6-4a4d-8dbb-0173104fc6d5;413.25;0.06539514;UNKNOWN
2016-03-25T01:38:29.000000;2016-03-25T01:38:29.000000;1475ad43-c074-4284-bb75-fe369e565e95;413.25;0.10830098;UNKNOWN
2016-03-25T01:38:30.000000;2016-03-25T01:38:30.000000;62c8192a-3815-4834-a217-2787b5349129;413.25;0.49606163;UNKNOWN
2016-03-25T01:38:31.000000;2016-03-25T01:38:31.000000;31807572-dba0-47f8-ba61-f0f768148b42;413.25;0.39905203;UNKNOWN
2016-03-25T01:38:32.000000;2016-03-25T01:38:32.000000;45adf504-9fb6-4775-b612-ce407038fc8f;413.25;0.10830098;UNKNOWN
2016-03-25T01:38:32.000000;2016-03-25T01:38:32.000000;d96e06f9-8b09-4497-9c30-dbb3f951b061;413.25;0.01947282;UNKNOWN
2016-03-25T01:38:35.000000;2016-03-25T01:38:35.000000;c195e799-cfc4-48c0-9fbb-9e0066c9698b;413.25;0.01947282;UNKNOWN
2016-03-25T01:39:26.000000;2016-03-25T01:39:26.000000;05098e09-5bc3-441f-bae6-f2bfdc15e725;413.25;0.9;UNKNOWN
2016-03-25T01:40:38.000000;2016-03-25T01:40:38.000000;aef7a775-5c49-49ed-abdf-6d1603a3b2f6;413.39;0.0612;UNKNOWN
2016-03-25T01:41:20.000000;2016-03-25T01:41:20.000000;856b3675-d59d-4365-9608-950379e5c010;413.39;4.61743441;UNKNOWN
2016-03-25T01:41:31.000000;2016-03-25T01:41:31.000000;28b62f03-8dc0-4b8d-b11c-ebb520ad5d3f;413.51;0.5;UNKNOWN
2016-03-25T01:41:31.000000;2016-03-25T01:41:31.000000;db8f3ccc-3883-45ed-9b3f-6f83b6fbb7c4;413.82;2.79989063;UNKNOWN
2016-03-25T01:41:31.000000;2016-03-25T01:41:31.000000;a8f883f8-8dc1-4a1a-9b5b-bbd576e2a4aa;413.4;0.17760937;UNKNOWN
2016-03-25T01:41:31.000000;2016-03-25T01:41:31.000000;08c15779-da33-425a-8b4b-8cd75865b98a;413.53;6.0225;UNKNOWN
2016-03-25T01:41:31.000000;2016-03-25T01:41:31.000000;a5bace2e-39e3-428e-9141-3670cc09bd24;413.52;3.0;UNKNOWN
2016-03-25T01:41:51.000000;2016-03-25T01:41:51.000000;8e05a3d8-bf34-477f-8e53-f254b056a8c8;414.0;0.01;UNKNOWN
2016-03-25T01:41:51.000000;2016-03-25T01:41:51.000000;0052e381-c4b3-46e3-a8d9-1550f80f079f;414.0;0.9937;UNKNOWN
2016-03-25T01:42:19.000000;2016-03-25T01:42:19.000000;5707fdf3-f960-4811-a49d-330733e8db7c;413.66;5.9864;UNKNOWN
2016-03-25T01:42:19.000000;2016-03-25T01:42:19.000000;cec74a22-95e3-4e34-a77c-1983db469779;413.66;7.47911165;UNKNOWN
2016-03-25T01:42:35.000000;2016-03-25T01:42:35.000000;7ffc4149-7f94-4a91-878b-89dc6e995bdc;413.66;0.01;UNKNOWN
2016-03-25T01:43:35.000000;2016-03-25T01:43:35.000000;49bbfe4b-b6b1-4855-8d81-264f8f9b70c7;413.67;0.50637734;UNKNOWN
2016-03-25T01:44:32.000000;2016-03-25T01:44:32.000000;e5faf6be-cf5e-440d-8a2b-2a8e68617932;413.81;0.039948;UNKNOWN
2016-03-25T01:44:32.000000;2016-03-25T01:44:32.000000;9f5ec783-00d1-46b4-9f4d-e431f57280e0;413.81;0.03997556;UNKNOWN
2016-03-25T01:44:33.000000;2016-03-25T01:44:33.000000;07ac3384-8511-4e46-8d6c-59a035b0f38b;413.81;0.03997915;UNKNOWN
2016-03-25T01:44:34.000000;2016-03-25T01:44:34.000000;e6e380c7-807a-4f29-8cb5-8ddbcdfd5b10;413.81;0.9934186;UNKNOWN
2016-03-25T01:44:34.000000;2016-03-25T01:44:34.000000;94e7264a-e029-4638-b426-c1b274f3d3f8;413.81;0.9934186;UNKNOWN
2016-03-25T01:44:36.000000;2016-03-25T01:44:36.000000;1cf11294-4554-4aff-b7ca-09acb2338e0f;413.81;0.9934186;UNKNOWN
2016-03-25T01:44:36.000000;2016-03-25T01:44:36.000000;ee1e18c7-ecce-49e1-817c-85ef92ca7311;413.81;0.99339459;UNKNOWN
2016-03-25T01:45:12.000000;2016-03-25T01:45:12.000000;65a03a4b-874d-403e-bbac-3b06b0096474;414.01;0.944575;UNKNOWN
2016-03-25T01:45:12.000000;2016-03-25T01:45:12.000000;fb9b3f1f-c2a1-4961-89e1-c1897154c0bf;413.84;0.055425;UNKNOWN
2016-03-25T01:45:12.000000;2016-03-25T01:45:12.000000;de620e82-5bd9-4e9c-b4ae-ca008a397ed7;413.82;0.133851;UNKNOWN
2016-03-25T01:45:15.000000;2016-03-25T01:45:15.000000;5e414d90-379b-46f5-aef6-68ab18b525a2;413.82;0.065499;UNKNOWN
2016-03-25T01:45:20.000000;2016-03-25T01:45:20.000000;e8708a2b-a4c9-476f-a118-e56bb8a9eb0c;413.82;1.5;UNKNOWN
2016-03-25T01:45:32.000000;2016-03-25T01:45:32.000000;519cd1c6-4ec7-4f95-b65d-53a6e862f45a;413.83;4.62;UNKNOWN
2016-03-25T01:46:06.000000;2016-03-25T01:46:06.000000;0d787dec-a9bc-4160-8150-56ecc2d2053a;413.94;1.21;UNKNOWN
2016-03-25T01:46:42.000000;2016-03-25T01:46:42.000000;abeb01f0-4fc8-4d4c-b92f-997e3a05d116;413.79;5.99;UNKNOWN
2016-03-25T01:47:31.000000;2016-03-25T01:47:31.000000;1fcfd5ee-9b1c-4bab-a4ae-cd8d84f87092;413.75;2.8;UNKNOWN
2016-03-25T01:48:35.000000;2016-03-25T01:48:35.000000;d9bc937e-0a28-4028-a1c6-8ced68d8a8da;414.09;0.01;UNKNOWN
2016-03-25T01:49:50.000000;2016-03-25T01:49:50.000000;4cd7e911-87e2-4542-ae6d-145d5d47dc2c;414.11;0.01;UNKNOWN
2016-03-25T01:52:00.000000;2016-03-25T01:52:00.000000;b9aff9a6-ef53-4e4c-a013-184005cae6a5;414.09;0.013171;UNKNOWN
2016-03-25T01:53:57.000000;2016-03-25T01:53:57.000000;04a5025b-ab80-4a94-9d3e-975663881d2e;414.1;1.0;UNKNOWN
2016-03-25T01:53:57.000000;2016-03-25T01:53:57.000000;10b92251-0a5a-4abc-920f-4eb5605dee0c;414.0;9.66912144;UNKNOWN
2016-03-25T01:53:57.000000;2016-03-25T01:53:57.000000;f929fa91-fa4b-4dfe-aed6-95cc7a2112bb;414.09;0.57615445;UNKNOWN
2016-03-25T01:53:57.000000;2016-03-25T01:53:57.000000;97d3188b-68fc-4edd-9a4b-0f9dd085b62a;414.1;0.5;UNKNOWN
2016-03-25T01:53:57.000000;2016-03-25T01:53:57.000000;142966e4-1df6-457a-b972-c1b3ea881570;414.09;0.18642411;UNKNOWN
2016-03-25T01:53:57.000000;2016-03-25T01:53:57.000000;0e6cba3d-4def-498c-96d1-ef72944a2703;414.04;1.15;UNKNOWN
2016-03-25T01:53:57.000000;2016-03-25T01:53:57.000000;9c29acd8-d95d-4990-8aff-cdecf45f9937;414.05;23.9183;UNKNOWN
2016-03-25T01:53:57.000000;2016-03-25T01:53:57.000000;225dfaf3-5544-4e15-9e44-6cdfa50dbd7b;414.06;3.0;UNKNOWN
2016-03-25T01:55:05.000000;2016-03-25T01:55:05.000000;eeda7c15-809d-4959-aba3-97ba66cca9e2;414.01;0.0443;UNKNOWN
2016-03-25T01:56:05.000000;2016-03-25T01:56:05.000000;9666fa3e-cb9a-4822-a402-cd30e16e2179;414.48;6.0277;UNKNOWN
2016-03-25T01:56:05.000000;2016-03-25T01:56:05.000000;1f246688-50aa-419d-b8d9-74f001f7a0c7;414.42;0.58;UNKNOWN
2016-03-25T01:56:05.000000;2016-03-25T01:56:05.000000;5d20b0d6-e499-403c-ac4d-541b63e422e1;414.4;0.028;UNKNOWN
2016-03-25T01:56:05.000000;2016-03-25T01:56:05.000000;42104e4b-e5a8-454c-91c3-807b1c7d64de;414.6;3.34624083;UNKNOWN
2016-03-25T02:00:52.000000;2016-03-25T02:00:52.000000;3ab69a03-86c8-4378-87bc-6480b9247269;414.41;0.0502;UNKNOWN
2016-03-25T02:00:52.000000;2016-03-25T02:00:52.000000;b9e84f74-b5fe-4b75-8092-9434808457c4;414.41;0.0989;UNKNOWN
2016-03-25T02:00:52.000000;2016-03-25T02:00:52.000000;350e2239-23aa-488c-b2da-e9354260c586;414.41;0.1216;UNKNOWN
2016-03-25T02:00:52.000000;2016-03-25T02:00:52.000000;1e0c676a-02e2-4fff-95a2-84b3e4e14425;414.41;0.028;UNKNOWN
2016-03-25T02:00:52.000000;2016-03-25T02:00:52.000000;9b4277cb-b703-4669-99e1-55e0669cb739;414.48;0.63934505;UNKNOWN
2016-03-25T02:01:05.000000;2016-03-25T02:01:05.000000;99bcabbd-777e-482d-b935-4ab2bcc83835;414.31;2.501369;UNKNOWN
2016-03-25T02:01:31.000000;2016-03-25T02:01:31.000000;9f483604-b7a0-40d8-bc3a-c28086972a98;414.41;1.64613146;UNKNOWN
2016-03-25T02:04:34.000000;2016-03-25T02:04:34.000000;742e4845-31f2-4613-ab41-f536c7d2659c;414.45;0.95829674;UNKNOWN
2016-03-25T02:04:34.000000;2016-03-25T02:04:34.000000;e0cd9933-74b4-4cb1-96ec-390cf4f0ff13;414.45;1.58412821;UNKNOWN
2016-03-25T02:10:12.000000;2016-03-25T02:10:12.000000;73d41217-af4a-4a5a-98ad-411deb45c7c8;414.02;0.053262;UNKNOWN
2016-03-25T02:10:52.000000;2016-03-25T02:10:52.000000;62a00867-04c2-4d36-a882-d1dc217c86b8;414.04;0.082;UNKNOWN
2016-03-25T02:11:05.000000;2016-03-25T02:11:05.000000;c4bccc36-19f3-4aeb-afd8-813648952c72;414.04;0.03841676;UNKNOWN
2016-03-25T02:12:12.000000;2016-03-25T02:12:12.000000;87deb89b-9004-4319-96e6-1a8136cb2f1b;414.04;0.06023546;UNKNOWN
2016-03-25T02:13:13.000000;2016-03-25T02:13:13.000000;6bc955ab-34b1-4af7-913b-00a21b4a57a7;414.04;0.01;UNKNOWN
2016-03-25T02:13:16.000000;2016-03-25T02:13:16.000000;a90293f8-b396-4436-ae70-6cbd131d0642;414.03;0.04840131;UNKNOWN
2016-03-25T02:14:32.000000;2016-03-25T02:14:32.000000;8e186e1d-aede-434e-a9ac-e0196cb6d68c;414.2;0.92;UNKNOWN
2016-03-25T02:15:05.000000;2016-03-25T02:15:05.000000;8560f844-c6ba-4a49-8fd3-4ccb3d7c4192;414.22;4.801577;UNKNOWN
2016-03-25T02:15:11.000000;2016-03-25T02:15:11.000000;44ab111b-f542-4226-a688-d005822e90a9;414.02;0.146738;UNKNOWN
2016-03-25T02:15:11.000000;2016-03-25T02:15:11.000000;cf45be01-903f-401d-a33a-d02f83e389c2;414.01;0.16790732;UNKNOWN
2016-03-25T02:15:11.000000;2016-03-25T02:15:11.000000;a33bf0be-36a6-4567-904d-a5c840703152;414.01;0.00773849;UNKNOWN
2016-03-25T02:15:11.000000;2016-03-25T02:15:11.000000;4770eaf2-21b5-4fd0-bf62-279d5ae94e6c;414.01;5.29998219;UNKNOWN
2016-03-25T02:15:40.000000;2016-03-25T02:15:40.000000;f8260916-b685-48da-b7d4-d004f5228cfe;414.01;0.09679794;UNKNOWN
2016-03-25T02:16:04.000000;2016-03-25T02:16:04.000000;315ee851-d102-4128-bbcb-dcf4cd053419;414.3;0.1;UNKNOWN
2016-03-25T02:17:05.000000;2016-03-25T02:17:05.000000;df9977c5-2b57-4c96-8b8e-40331b088785;414.01;5.0;UNKNOWN
2016-03-25T02:18:08.000000;2016-03-25T02:18:08.000000;c98c75da-966f-4b4d-94f8-79f37633fcae;414.01;0.42285188;UNKNOWN
2016-03-25T02:18:45.000000;2016-03-25T02:18:45.000000;fba79816-b1f5-4823-9346-9706f9cd88ed;414.01;1.06861542;UNKNOWN
2016-03-25T02:18:45.000000;2016-03-25T02:18:45.000000;e07e746c-02b2-4680-b5d8-2e14df21eeac;414.01;0.06328764;UNKNOWN
2016-03-25T02:18:45.000000;2016-03-25T02:18:45.000000;738d0a37-4a14-46dc-9a80-9924038afbec;414.01;0.66796394;UNKNOWN
2016-03-25T02:20:32.000000;2016-03-25T02:20:32.000000;3ee7f042-728c-4b57-92c9-fcacae6ee919;414.01;0.61306488;UNKNOWN
2016-03-25T02:20:32.000000;2016-03-25T02:20:32.000000;d27cdf82-8d37-48e1-b8e9-6112c43b4b73;414.01;4.39864012;UNKNOWN
2016-03-25T02:22:04.000000;2016-03-25T02:22:04.000000;99a45445-5674-4c3b-af6c-31ab0893fb34;414.29;0.2;UNKNOWN
2016-03-25T02:23:08.000000;2016-03-25T02:23:08.000000;9011ec26-d73d-492d-979a-24e0816f371d;414.05;0.061988;UNKNOWN
2016-03-25T02:23:51.000000;2016-03-25T02:23:51.000000;e723f924-9b32-41f9-8b44-557724633d4a;414.03;0.5;UNKNOWN
2016-03-25T02:24:07.000000;2016-03-25T02:24:07.000000;06d68fdb-8924-48d5-b387-91bc9c14666b;414.01;0.645508;UNKNOWN
2016-03-25T02:24:14.000000;2016-03-25T02:24:14.000000;18d3ee6e-60de-40e8-b516-41a3dbcaff41;414.01;1.13013;UNKNOWN
2016-03-25T02:25:56.000000;2016-03-25T02:25:56.000000;85c7e68d-0c67-427b-9762-7d008d8ac8f5;414.02;0.624019;UNKNOWN
2016-03-25T02:27:05.000000;2016-03-25T02:27:05.000000;ed1b9680-9aa1-4892-9508-d78bbc59e9fa;414.01;0.29738647;UNKNOWN
2016-03-25T02:27:34.000000;2016-03-25T02:27:34.000000;136ee7e7-2fbf-4993-8e82-25a416d7d4c5;414.02;0.355764;UNKNOWN
2016-03-25T02:27:34.000000;2016-03-25T02:27:34.000000;e0ecca7d-2de7-4a9e-9159-4cee38e7b231;414.02;0.5;UNKNOWN
2016-03-25T02:27:47.000000;2016-03-25T02:27:47.000000;b96a0cf0-28dc-4d18-bf07-3f7538ff6670;414.3;0.199;UNKNOWN
2016-03-25T02:27:53.000000;2016-03-25T02:27:53.000000;7bc5d211-ad90-4435-9c03-08008fd5f1a7;414.3;0.801;UNKNOWN
2016-03-25T02:27:53.000000;2016-03-25T02:27:53.000000;f1e6387f-6e0e-49d2-aa9b-4a086b97cded;414.03;2.247255;UNKNOWN
2016-03-25T02:29:05.000000;2016-03-25T02:29:05.000000;f979aa66-c4ca-4924-80c4-9dc32186beec;414.24;0.14505598;UNKNOWN
2016-03-25T02:31:16.000000;2016-03-25T02:31:16.000000;45b0a1f7-20ce-4825-9678-ff46c5e28df5;414.01;0.011701;UNKNOWN
2016-03-25T02:32:54.000000;2016-03-25T02:32:54.000000;8e5e2974-321a-4323-8a4a-5820ee71edc4;414.01;0.011284;UNKNOWN
2016-03-25T02:33:00.000000;2016-03-25T02:33:00.000000;5d75b943-4b6d-44e8-a826-b409c469a243;414.01;0.015388;UNKNOWN
2016-03-25T02:34:35.000000;2016-03-25T02:34:35.000000;3dcc300c-dd52-4ee4-b70c-45ef9eaf59fb;414.01;0.010534;UNKNOWN
2016-03-25T02:35:45.000000;2016-03-25T02:35:45.000000;a014e0fd-ee80-4297-a10e-7a0d600edf7b;414.22;0.26698203;UNKNOWN
2016-03-25T02:36:12.000000;2016-03-25T02:36:12.000000;c323d940-e2fb-4b8f-b197-2c9ecfc765e2;414.01;0.01608;UNKNOWN
2016-03-25T02:38:28.000000;2016-03-25T02:38:28.000000;940700a4-b772-4805-bee0-59a1d090fac8;414.22;2.0;UNKNOWN
2016-03-25T02:40:05.000000;2016-03-25T02:40:05.000000;9f4f7078-2065-4b89-81a1-e885095a1f4f;414.5;1.0;UNKNOWN
2016-03-25T02:40:05.000000;2016-03-25T02:40:05.000000;7967e642-26d1-4d44-a35a-484f299285c3;414.49;5.9617;UNKNOWN
2016-03-25T02:40:05.000000;2016-03-25T02:40:05.000000;88e5fd52-2f4c-4928-b918-41649616ef60;414.65;0.18;UNKNOWN
2016-03-25T02:40:05.000000;2016-03-25T02:40:05.000000;644eeea5-2f30-4d83-ae63-58fde0c8dfef;414.65;2.87942515;UNKNOWN
2016-03-25T02:40:06.000000;2016-03-25T02:40:06.000000;ce4b5928-7cc7-42a5-9e41-2ec985891612;414.77;1.37623517;UNKNOWN
2016-03-25T02:41:48.000000;2016-03-25T02:41:48.000000;5e191245-4286-4750-925b-6385777a7883;414.76;1.0;UNKNOWN
2016-03-25T02:42:21.000000;2016-03-25T02:42:21.000000;b3b91298-fb35-40ca-babf-c2c13592a27a;414.95;0.01;UNKNOWN
2016-03-25T02:42:21.000000;2016-03-25T02:42:21.000000;94b57a16-ece0-4d85-ab3e-1cb9bd74da9f;414.95;0.01704362;UNKNOWN
2016-03-25T02:42:37.000000;2016-03-25T02:42:37.000000;ac97ff93-9087-4bd3-92e5-89195f0fc7ae;414.95;0.02318751;UNKNOWN
2016-03-25T02:43:44.000000;2016-03-25T02:43:44.000000;a0a38231-9b45-4b59-be2b-0532e63c5acf;414.95;0.04149769;UNKNOWN
2016-03-25T02:45:34.000000;2016-03-25T02:45:34.000000;8a38a77f-b7ea-41dc-a703-18191fab5508;414.9;0.02;UNKNOWN
2016-03-25T02:45:40.000000;2016-03-25T02:45:40.000000;6fd53e76-4e92-4096-925e-addec53bcfa1;414.91;0.71341929;UNKNOWN
2016-03-25T02:45:41.000000;2016-03-25T02:45:41.000000;28c601ab-e73a-4d6e-82a8-6c9344abf49b;414.91;0.13819091;UNKNOWN
2016-03-25T02:45:43.000000;2016-03-25T02:45:43.000000;81290891-38de-4087-9adf-eb556ad6498c;414.91;0.11158526;UNKNOWN
2016-03-25T02:45:44.000000;2016-03-25T02:45:44.000000;7f2e41ec-66e9-4a25-a7ff-338b6a7d0d9c;414.91;0.11158526;UNKNOWN
2016-03-25T02:45:47.000000;2016-03-25T02:45:47.000000;dbbe927a-ddd0-48da-902b-9ab46d3ce783;414.91;0.07288862;UNKNOWN
2016-03-25T02:45:47.000000;2016-03-25T02:45:47.000000;b239851d-8883-4497-bfae-e36afa1bf15a;414.91;0.04642817;UNKNOWN
2016-03-25T02:45:47.000000;2016-03-25T02:45:47.000000;0d67c0e8-72ea-4bea-b17d-d605f5a16ecb;414.91;0.02651891;UNKNOWN
2016-03-25T02:45:47.000000;2016-03-25T02:45:47.000000;b68024fc-e612-4916-af90-90648ffec72e;414.91;0.04640278;UNKNOWN
2016-03-25T02:45:48.000000;2016-03-25T02:45:48.000000;cb6ac927-9ff4-4687-84c8-29d83c95e590;414.91;0.01987184;UNKNOWN
2016-03-25T02:45:49.000000;2016-03-25T02:45:49.000000;fa67e841-ba99-4129-8993-de4e21a5b11d;414.91;0.60039346;UNKNOWN
2016-03-25T02:45:49.000000;2016-03-25T02:45:49.000000;6f290c22-3b1c-43fd-9f6a-07839451ea52;414.91;0.02651891;UNKNOWN
2016-03-25T02:45:49.000000;2016-03-25T02:45:49.000000;66c186d3-e6a4-4f35-81d8-192076f19c8b;414.91;0.1652632;UNKNOWN
2016-03-25T02:45:49.000000;2016-03-25T02:45:49.000000;1f6bfabf-163c-480d-8129-0645136e16b4;414.91;0.04640278;UNKNOWN
2016-03-25T02:45:50.000000;2016-03-25T02:45:50.000000;72520237-3015-47cd-b54c-116fec6b63a2;414.91;0.30154047;UNKNOWN
2016-03-25T02:45:50.000000;2016-03-25T02:45:50.000000;982b29bc-8ac0-49e5-a897-551718542c95;414.91;0.07288862;UNKNOWN
2016-03-25T02:45:50.000000;2016-03-25T02:45:50.000000;d2795c38-0e1a-4a3f-b0ac-bbfce8368afb;414.91;0.40981243;UNKNOWN
2016-03-25T02:45:50.000000;2016-03-25T02:45:50.000000;a7e6daa6-99bb-49cf-bba5-593f174f0523;414.91;0.07630192;UNKNOWN
2016-03-25T02:45:51.000000;2016-03-25T02:45:51.000000;262d88b7-e239-4221-b843-5c9785cd0816;414.91;0.24874703;UNKNOWN
2016-03-25T02:45:53.000000;2016-03-25T02:45:53.000000;8e7cd5b1-59c2-47e2-ba88-fda28e6abd6d;414.91;0.24874703;UNKNOWN
2016-03-25T02:45:53.000000;2016-03-25T02:45:53.000000;593f6739-6c06-42e1-a9a7-5b6e8a67bf55;414.91;0.15580285;UNKNOWN
2016-03-25T02:45:53.000000;2016-03-25T02:45:53.000000;29152ffd-c06b-4aec-80fd-0ebdd3840c5f;414.91;0.0132667;UNKNOWN
2016-03-25T02:45:54.000000;2016-03-25T02:45:54.000000;923ee629-f734-4966-a685-2c934402c883;414.91;0.24874703;UNKNOWN
2016-03-25T02:45:55.000000;2016-03-25T02:45:55.000000;711622bd-cf64-4c23-9c03-935cd8759ab2;414.91;0.0265189;UNKNOWN
2016-03-25T02:46:05.000000;2016-03-25T02:46:05.000000;a15e3875-d776-472a-8814-bc218e8f8917;414.9;0.07657959;UNKNOWN
2016-03-25T02:46:12.000000;2016-03-25T02:46:12.000000;9aaa38d8-8dbb-468e-824a-3fa38694cbbc;414.9;0.24015231;UNKNOWN
2016-03-25T02:46:27.000000;2016-03-25T02:46:27.000000;94675705-b5bb-4214-8f9a-05cce6e989c5;414.91;0.2294846;UNKNOWN
2016-03-25T02:46:27.000000;2016-03-25T02:46:27.000000;22216351-c7d0-4135-8b90-8366353fa7ea;414.91;0.70308924;UNKNOWN
2016-03-25T02:46:28.000000;2016-03-25T02:46:28.000000;cca0d3c3-519d-4504-aa9a-cb66bb5647c6;414.91;0.56676334;UNKNOWN
2016-03-25T02:46:28.000000;2016-03-25T02:46:28.000000;ce4780e1-ea53-423d-9e89-1532273f4957;414.91;0.22947774;UNKNOWN
2016-03-25T02:46:28.000000;2016-03-25T02:46:28.000000;0b54bff5-e03b-477d-83cb-58d00475641f;414.91;0.54419165;UNKNOWN
2016-03-25T02:46:29.000000;2016-03-25T02:46:29.000000;7d28ac84-66ac-4a65-94e7-e2d6308733f2;414.91;0.61198732;UNKNOWN
2016-03-25T02:46:30.000000;2016-03-25T02:46:30.000000;e29a41b2-3404-4712-9576-1a42a4b614e8;414.91;0.11025547;UNKNOWN
2016-03-25T02:46:30.000000;2016-03-25T02:46:30.000000;821fcc3a-5ccf-42a1-89c2-b2d96a8ce8dd;414.91;1.474097;UNKNOWN
2016-03-25T02:46:30.000000;2016-03-25T02:46:30.000000;bcb0bea9-8de9-491a-9262-b6c9c68734b3;414.91;0.61198732;UNKNOWN
2016-03-25T02:46:30.000000;2016-03-25T02:46:30.000000;81e37e73-5948-4f5c-8ad4-0f01aa84d932;414.91;0.95041;UNKNOWN
2016-03-25T02:46:36.000000;2016-03-25T02:46:36.000000;f934a463-9ecf-4f44-bd46-7572ea591b77;414.91;0.15912;UNKNOWN
2016-03-25T02:46:50.000000;2016-03-25T02:46:50.000000;b1c01782-5ee0-4398-88dd-a639810bf089;414.67;4.0;UNKNOWN
2016-03-25T02:47:00.000000;2016-03-25T02:47:00.000000;a5ce4ac3-a1ae-45fd-9fed-bc97a64883a6;414.66;0.04830098;UNKNOWN
2016-03-25T02:47:08.000000;2016-03-25T02:47:08.000000;9d94a2b3-9c4b-423c-a006-ced1b70ba33b;414.67;0.70368305;UNKNOWN
2016-03-25T02:47:09.000000;2016-03-25T02:47:09.000000;1129467c-9647-4f27-b481-772d0238e51f;414.9;0.06765393;UNKNOWN
2016-03-25T02:47:09.000000;2016-03-25T02:47:09.000000;87624cdb-6ee9-44d5-ad2f-c8b98e827689;414.9;0.91165303;UNKNOWN
2016-03-25T02:47:09.000000;2016-03-25T02:47:09.000000;2a1fd366-0ec7-42fa-abc3-e0740ad8c7d7;414.67;0.25794996;UNKNOWN
2016-03-25T02:47:11.000000;2016-03-25T02:47:11.000000;b0f32d28-05c6-4e99-baa7-22ac9ef955f4;414.9;0.12862962;UNKNOWN
2016-03-25T02:47:11.000000;2016-03-25T02:47:11.000000;7b70677c-39f9-48a4-be17-68593690aa67;414.9;0.98616047;UNKNOWN
2016-03-25T02:47:37.000000;2016-03-25T02:47:37.000000;6d5d2f59-347f-48d8-ad0b-64113992d0f1;414.82;0.02149037;UNKNOWN
2016-03-25T02:47:40.000000;2016-03-25T02:47:40.000000;436d68ce-ea5f-4a1d-a924-01c2523227c8;414.9;0.52249872;UNKNOWN
2016-03-25T02:47:59.000000;2016-03-25T02:47:59.000000;99144244-bba3-4cd7-8b15-11387a16b30b;415.27;4.31917384;UNKNOWN
2016-03-25T02:47:59.000000;2016-03-25T02:47:59.000000;30a22986-5c4a-4649-98c0-f02447f1cc91;415.27;4.68082616;UNKNOWN
2016-03-25T02:48:12.000000;2016-03-25T02:48:12.000000;faf94400-2542-4117-8110-5691a375e613;415.07;0.193908;UNKNOWN
2016-03-25T02:48:48.000000;2016-03-25T02:48:48.000000;94cbbc0a-a75e-4ecd-bc41-1d722887ccbd;415.05;0.03;UNKNOWN
2016-03-25T02:49:30.000000;2016-03-25T02:49:30.000000;cf9fd23e-73f9-466e-abd2-b9c989de4c78;415.04;0.05014569;UNKNOWN
2016-03-25T02:51:03.000000;2016-03-25T02:51:03.000000;7783e3ce-b05d-45c5-8d61-6e82beff287d;415.28;0.01;UNKNOWN
2016-03-25T02:51:03.000000;2016-03-25T02:51:03.000000;98077c92-521b-43ea-8399-d217ac930999;415.31;0.01438112;UNKNOWN
2016-03-25T02:51:03.000000;2016-03-25T02:51:03.000000;aacd5933-71de-4329-9867-a7b3ef01d24f;415.32;0.95412723;UNKNOWN
2016-03-25T02:51:03.000000;2016-03-25T02:51:03.000000;7a22836d-731b-4841-9cca-44b830152257;415.04;0.02149165;UNKNOWN
2016-03-25T02:51:10.000000;2016-03-25T02:51:10.000000;0943bc24-194d-44da-9d51-e67c5548b817;415.04;0.01;UNKNOWN
2016-03-25T02:51:16.000000;2016-03-25T02:51:16.000000;b80dcaf1-643b-4352-ab9a-9341aeebec16;415.03;0.71780106;UNKNOWN
2016-03-25T02:52:04.000000;2016-03-25T02:52:04.000000;e0252f74-d36a-46fe-ace9-dd4cf146a80c;415.04;0.01436038;UNKNOWN
2016-03-25T02:52:23.000000;2016-03-25T02:52:23.000000;791f80f5-a72d-47ae-a72c-3a0994178130;415.03;0.70307267;UNKNOWN
2016-03-25T02:52:33.000000;2016-03-25T02:52:33.000000;06900acd-c3d0-4ddc-b133-49f50c25e285;415.03;0.74590515;UNKNOWN
2016-03-25T02:52:36.000000;2016-03-25T02:52:36.000000;0d28b4c5-3a40-4772-813a-add5c9f934ea;415.4;0.02316183;UNKNOWN
2016-03-25T02:52:57.000000;2016-03-25T02:52:57.000000;af45dc7f-e0c0-4d8b-96af-87818b5510cc;415.25;0.02158613;UNKNOWN
2016-03-25T02:54:57.000000;2016-03-25T02:54:57.000000;d50b1151-6480-4104-a438-9ca251d13bd4;414.98;0.73564286;UNKNOWN
2016-03-25T02:56:05.000000;2016-03-25T02:56:05.000000;97854d6e-25bd-4b09-b9a1-39639f168a92;415.35;0.1;UNKNOWN
2016-03-25T02:56:05.000000;2016-03-25T02:56:05.000000;09e78716-f4d7-4ce7-8289-40f0f4e055a4;415.32;4.3005;UNKNOWN
2016-03-25T02:57:43.000000;2016-03-25T02:57:43.000000;03b49c10-de54-4a0e-a0bd-05679c444e92;415.27;1.0;UNKNOWN
2016-03-25T03:00:25.000000;2016-03-25T03:00:25.000000;ffbf57c7-08d6-4cac-ba74-51f62b401ea8;415.25;0.50851714;UNKNOWN
2016-03-25T03:01:18.000000;2016-03-25T03:01:18.000000;582a329b-98e2-42d7-b55c-698f651143da;415.37;0.042594;UNKNOWN
2016-03-25T03:04:32.000000;2016-03-25T03:04:32.000000;850141c0-b7cd-4de5-84a2-63da2de5ed02;415.33;0.022358;UNKNOWN
2016-03-25T03:05:26.000000;2016-03-25T03:05:26.000000;57fb47cb-970e-4650-81c7-44feb839dad5;415.41;0.38849733;UNKNOWN
2016-03-25T03:05:26.000000;2016-03-25T03:05:26.000000;85f12958-931d-490c-8781-a515e3a91c2e;415.41;0.01;UNKNOWN
2016-03-25T03:05:26.000000;2016-03-25T03:05:26.000000;95d7171a-62e7-4162-80cc-48bbac5a22fe;415.41;0.06463266;UNKNOWN
2016-03-25T03:05:27.000000;2016-03-25T03:05:27.000000;58fbb404-24e9-4a30-b77e-90fdba0843b6;415.41;0.06460551;UNKNOWN
2016-03-25T03:05:39.000000;2016-03-25T03:05:39.000000;f35c9213-ee75-4c2d-9adf-6f53ecf672af;415.31;0.01;UNKNOWN
2016-03-25T03:06:15.000000;2016-03-25T03:06:15.000000;a4fc56e7-078c-4f1b-84af-713f82c3749a;415.3;0.012557;UNKNOWN
2016-03-25T03:06:53.000000;2016-03-25T03:06:53.000000;5060b546-d89a-4b5e-9a92-11bb1bc00352;415.31;0.35407295;UNKNOWN
2016-03-25T03:07:16.000000;2016-03-25T03:07:16.000000;d02947e9-a9d5-4ea9-89f9-7b71793e6ea3;415.32;0.02;UNKNOWN
2016-03-25T03:07:38.000000;2016-03-25T03:07:38.000000;caa0379c-a7c6-4e17-9444-bda861a92ff0;415.36;0.013473;UNKNOWN
2016-03-25T03:11:06.000000;2016-03-25T03:11:06.000000;5231af86-c4d1-4434-99d2-c40953aea3a4;415.32;0.0722018;UNKNOWN
2016-03-25T03:12:40.000000;2016-03-25T03:12:40.000000;9b81f3da-fc51-43fa-8347-8abfa69c97a8;415.32;0.01429377;UNKNOWN
2016-03-25T03:14:45.000000;2016-03-25T03:14:45.000000;3abd8948-3290-4953-9e7c-0b0e98b75bfd;415.57;0.0098234;UNKNOWN
2016-03-25T03:14:45.000000;2016-03-25T03:14:45.000000;9a7e1090-aab4-49ac-b37e-5b95cdf03125;415.32;0.0001766;UNKNOWN
2016-03-25T03:16:03.000000;2016-03-25T03:16:03.000000;629e1207-527f-44ff-b79b-4c66db2a16ae;415.41;0.1;UNKNOWN
2016-03-25T03:16:25.000000;2016-03-25T03:16:25.000000;6fc44daa-81ee-45e1-976a-8c6bbe2b246b;415.41;0.021041;UNKNOWN
2016-03-25T03:16:30.000000;2016-03-25T03:16:30.000000;49181247-dd80-4cab-b6cd-128f7460dad9;415.41;0.048791;UNKNOWN
2016-03-25T03:17:42.000000;2016-03-25T03:17:42.000000;38fa6651-a6f3-434c-a6e2-24a926efb208;415.36;0.61252705;UNKNOWN
2016-03-25T03:21:26.000000;2016-03-25T03:21:26.000000;58ba73cb-6504-434e-b09b-d2b9f03c8195;415.34;0.010619;UNKNOWN
2016-03-25T03:23:07.000000;2016-03-25T03:23:07.000000;3f0fd78d-0c35-438c-a323-99ccb5fe7d58;415.3;0.01;UNKNOWN
2016-03-25T03:23:42.000000;2016-03-25T03:23:42.000000;b53c1a5b-f73f-4d47-9d28-76db7828f242;415.3;0.012528;UNKNOWN
2016-03-25T03:24:05.000000;2016-03-25T03:24:05.000000;a1d024d3-9a31-4b57-b33a-b00478430a99;415.3;0.12908336;UNKNOWN
2016-03-25T03:25:58.000000;2016-03-25T03:25:58.000000;d681c8e6-b4fd-4608-8dff-e68d34455667;415.35;0.08936012;UNKNOWN
2016-03-25T03:26:06.000000;2016-03-25T03:26:06.000000;4ad08baa-07b8-4476-8e1f-fad7ec15b88f;415.43;3.16;UNKNOWN
2016-03-25T03:26:06.000000;2016-03-25T03:26:06.000000;46c0ca0e-575e-4070-80a2-8d44ba2b2398;415.45;2.15267756;UNKNOWN
2016-03-25T03:26:06.000000;2016-03-25T03:26:06.000000;980dc27c-cfe7-44d7-bcd2-37d26a7b6419;415.45;4.67967617;UNKNOWN
2016-03-25T03:26:31.000000;2016-03-25T03:26:31.000000;2016c5ae-f17a-485a-b2c8-920f4c71f5c0;415.46;0.02618088;UNKNOWN
2016-03-25T03:26:39.000000;2016-03-25T03:26:39.000000;440edce2-8c1b-4ff3-8ea2-6be7922d608a;415.52;0.52425876;UNKNOWN
2016-03-25T03:27:09.000000;2016-03-25T03:27:09.000000;76532519-af64-407a-bff8-e8b777bbe10b;415.58;2.9;UNKNOWN
2016-03-25T03:28:02.000000;2016-03-25T03:28:02.000000;ef1f0a5e-73aa-465e-85ac-e0351488cbad;415.62;0.01;UNKNOWN
2016-03-25T03:28:02.000000;2016-03-25T03:28:02.000000;11c505e8-e813-46e9-a758-56143bc2ddca;415.66;2.99;UNKNOWN
2016-03-25T03:28:04.000000;2016-03-25T03:28:04.000000;f29baf32-e96c-4776-bf6a-aeaaccdfebd8;415.67;0.52446807;UNKNOWN
2016-03-25T03:29:25.000000;2016-03-25T03:29:25.000000;e9437088-ee81-4885-8a8c-f48fb9443cd7;415.63;0.028;UNKNOWN
2016-03-25T03:29:25.000000;2016-03-25T03:29:25.000000;a28d6e5f-0dd0-407a-9504-6eab9f316a51;415.64;1.472;UNKNOWN
2016-03-25T03:31:44.000000;2016-03-25T03:31:44.000000;45c53319-b46e-4233-8a5f-b739467d4f46;415.58;0.01;UNKNOWN
2016-03-25T03:31:44.000000;2016-03-25T03:31:44.000000;c572ccba-7755-465e-9957-f4b4cff605a2;415.44;0.01610466;UNKNOWN
2016-03-25T03:36:04.000000;2016-03-25T03:36:04.000000;98dbce4b-9e07-41f7-a142-80c5aebf2e27;415.4;0.09650893;UNKNOWN
2016-03-25T03:37:12.000000;2016-03-25T03:37:12.000000;e1fba18e-b954-4cc3-9646-815e03fc69d0;415.4;0.01;UNKNOWN
2016-03-25T03:37:14.000000;2016-03-25T03:37:14.000000;833d10aa-e9ee-4f38-a588-c4a53c8b7120;415.4;0.01;UNKNOWN
2016-03-25T03:37:15.000000;2016-03-25T03:37:15.000000;7a8aafc3-488c-4b07-8556-79ecfaf734de;415.4;0.01;UNKNOWN
2016-03-25T03:41:05.000000;2016-03-25T03:41:05.000000;3a332e79-c125-4d32-8ab8-1900800350cc;415.44;0.01;UNKNOWN
2016-03-25T03:41:05.000000;2016-03-25T03:41:05.000000;aaa7a233-7891-4dc4-b080-c596ff376317;415.55;0.35088967;UNKNOWN
2016-03-25T03:42:12.000000;2016-03-25T03:42:12.000000;b52bb872-542b-4143-8622-2c8553954719;415.3;0.0627157;UNKNOWN
2016-03-25T03:43:16.000000;2016-03-25T03:43:16.000000;76e9163e-6189-41b9-9b36-0fc561e1da69;415.46;0.05958973;UNKNOWN
2016-03-25T03:45:07.000000;2016-03-25T03:45:07.000000;5f17880e-238e-4ade-a30b-5dc993974f57;415.5;0.03635806;UNKNOWN
2016-03-25T03:45:31.000000;2016-03-25T03:45:31.000000;e8893b37-20ad-43db-ad40-c5ec9132b2b2;415.46;3.19;UNKNOWN
2016-03-25T03:46:12.000000;2016-03-25T03:46:12.000000;635a5580-76bc-4df0-a1d2-9dfd7a8f1c7f;415.33;0.11981579;UNKNOWN
2016-03-25T03:46:38.000000;2016-03-25T03:46:38.000000;08bc4008-258d-41f5-bd40-a64aa9a9eb6d;415.51;0.01;UNKNOWN
2016-03-25T03:46:38.000000;2016-03-25T03:46:38.000000;938145ba-ecc1-4d3e-ae9f-c1dfef4045bc;415.56;0.0080917;UNKNOWN
2016-03-25T03:49:11.000000;2016-03-25T03:49:11.000000;5f66b0b4-b595-4a48-8528-47e8155c9c8b;415.51;0.28389208;UNKNOWN
2016-03-25T03:49:11.000000;2016-03-25T03:49:11.000000;3399e488-02c4-44e2-a1ba-fb8c6e283223;415.5;0.24;UNKNOWN
2016-03-25T03:49:21.000000;2016-03-25T03:49:21.000000;dd1a4c5f-3c66-4917-86b3-092301930ae1;415.51;0.01181438;UNKNOWN
2016-03-25T03:49:21.000000;2016-03-25T03:49:21.000000;a8ceff54-128e-4f2f-b705-928cb5ca5562;415.59;0.68531798;UNKNOWN
2016-03-25T03:49:21.000000;2016-03-25T03:49:21.000000;324e8f04-91fb-4684-b1b8-fb68e6120716;415.56;0.0019083;UNKNOWN
2016-03-25T03:49:23.000000;2016-03-25T03:49:23.000000;ce1e83af-f708-47cc-8105-5b9f15334efd;415.6;0.69904066;UNKNOWN
2016-03-25T03:49:25.000000;2016-03-25T03:49:25.000000;3631cc4c-0044-4b7a-bb42-6e8fb9ee95b4;415.6;0.69903825;UNKNOWN
2016-03-25T03:49:26.000000;2016-03-25T03:49:26.000000;c2c7a2de-ce16-4943-87db-4cf925288960;415.6;0.69903825;UNKNOWN
2016-03-25T03:50:05.000000;2016-03-25T03:50:05.000000;608d3aa8-0337-459a-a5a6-b79c58abd41f;415.44;0.14823283;UNKNOWN
2016-03-25T03:50:05.000000;2016-03-25T03:50:05.000000;9108afd1-de0b-48e3-bcae-329155d2a4a3;415.51;0.01176717;UNKNOWN
2016-03-25T03:50:05.000000;2016-03-25T03:50:05.000000;2878d839-0d60-49b4-a941-6285a1393089;415.46;0.5;UNKNOWN
2016-03-25T03:50:05.000000;2016-03-25T03:50:05.000000;2955742d-e201-44c1-8c5a-9cd36dd91f42;415.45;3.0;UNKNOWN
2016-03-25T03:50:12.000000;2016-03-25T03:50:12.000000;a82cf606-8e78-43d7-aec8-84e547078c57;415.44;0.11206841;UNKNOWN
2016-03-25T03:51:48.000000;2016-03-25T03:51:48.000000;de5297ae-ed13-4b1e-834f-3cbd5996462c;415.59;0.050526;UNKNOWN
2016-03-25T03:52:14.000000;2016-03-25T03:52:14.000000;41b08c70-ccfd-45c8-90dc-cf971c5d9a6a;415.59;0.01;UNKNOWN
2016-03-25T03:52:36.000000;2016-03-25T03:52:36.000000;172dfa78-d902-4df5-8369-08346d27126d;415.44;0.23877912;UNKNOWN
2016-03-25T04:00:01.000000;2016-03-25T04:00:01.000000;bd762daf-222f-408b-8c32-4c298c1b312b;415.53;1.1383922;UNKNOWN
2016-03-25T04:00:04.000000;2016-03-25T04:00:04.000000;3ea1c283-c62c-46b6-b7a3-89421581c0bd;415.44;0.37202027;UNKNOWN
2016-03-25T04:00:58.000000;2016-03-25T04:00:58.000000;d3dbe507-1b87-4561-b3d2-92b82978d651;415.32;1.43601387;UNKNOWN
2016-03-25T04:00:58.000000;2016-03-25T04:00:58.000000;72746e63-c2e0-4871-bdce-e2b352b60b85;415.3;0.03325559;UNKNOWN
2016-03-25T04:00:58.000000;2016-03-25T04:00:58.000000;b8febdf5-e629-4946-b149-afecdfcdf816;415.35;5.9854;UNKNOWN
2016-03-25T04:00:58.000000;2016-03-25T04:00:58.000000;f90a6f6f-3d99-4ef9-a8ee-3b0879fac70e;415.3;0.00290065;UNKNOWN
2016-03-25T04:00:58.000000;2016-03-25T04:00:58.000000;ec960e78-69e6-41f6-a16e-e63082e21e47;415.3;1.86358419;UNKNOWN
2016-03-25T04:00:58.000000;2016-03-25T04:00:58.000000;d2118643-8db9-4d03-911d-128128bcb144;415.33;0.6788457;UNKNOWN
2016-03-25T04:02:11.000000;2016-03-25T04:02:11.000000;6e1bf2bd-1c93-4afc-ae7d-3171408c1305;415.3;0.027698;UNKNOWN
2016-03-25T04:02:43.000000;2016-03-25T04:02:43.000000;bb3a1506-ee1b-4475-b8bd-ddd19341857f;415.39;0.18970598;UNKNOWN
2016-03-25T04:03:06.000000;2016-03-25T04:03:06.000000;4343a914-03f6-41d8-988b-cfa65c34edd0;415.39;0.25862446;UNKNOWN
2016-03-25T04:03:43.000000;2016-03-25T04:03:43.000000;81990f2a-e1dd-4db4-a03f-a22f137ca8b2;415.3;0.035045;UNKNOWN
2016-03-25T04:06:12.000000;2016-03-25T04:06:12.000000;a63bc12c-5c62-4097-8c0c-9e6f97c44ada;415.3;0.03695873;UNKNOWN
2016-03-25T04:06:57.000000;2016-03-25T04:06:57.000000;ee52c11b-14df-438e-845a-42156f25e7be;415.3;0.011227;UNKNOWN
2016-03-25T04:07:00.000000;2016-03-25T04:07:00.000000;a129fef3-7a7c-48e0-98b6-9770569c78a8;415.3;0.05433585;UNKNOWN
2016-03-25T04:07:00.000000;2016-03-25T04:07:00.000000;e0facad7-b702-4143-8cb8-070299c6a9e4;415.3;0.08494416;UNKNOWN
2016-03-25T04:07:00.000000;2016-03-25T04:07:00.000000;c9fd2e1b-7610-49bf-bb45-d3a2ccdf9bc4;414.86;4.09633861;UNKNOWN
2016-03-25T04:07:00.000000;2016-03-25T04:07:00.000000;872991c5-8369-4990-90c8-aabe9af7b375;415.3;1.17876136;UNKNOWN
2016-03-25T04:07:00.000000;2016-03-25T04:07:00.000000;837271d6-48b6-49d8-8d5a-6467463c1f9d;415.0;0.1252;UNKNOWN
2016-03-25T04:07:00.000000;2016-03-25T04:07:00.000000;4b623401-3df6-46f1-b4da-757bda53e19a;415.3;3.34646322;UNKNOWN
2016-03-25T04:07:00.000000;2016-03-25T04:07:00.000000;3316e846-d972-43a4-ba4b-891e71c6718e;415.3;5.00474848;UNKNOWN
2016-03-25T04:07:00.000000;2016-03-25T04:07:00.000000;6f76bf35-33e4-4918-a4d3-2854d9018365;415.3;1.10920832;UNKNOWN
2016-03-25T04:08:33.000000;2016-03-25T04:08:33.000000;e6a37f7f-0d03-4a09-96ef-583f2499f62e;414.75;0.01;UNKNOWN
2016-03-25T04:09:05.000000;2016-03-25T04:09:05.000000;3109cf7a-f5e6-4af5-8357-56e62bf17953;414.8;0.03600254;UNKNOWN
2016-03-25T04:09:14.000000;2016-03-25T04:09:14.000000;ecc33ecd-46a5-4a3e-9d8c-88d55a3249fe;414.75;0.5;UNKNOWN
2016-03-25T04:09:32.000000;2016-03-25T04:09:32.000000;8cd70678-7068-45c4-8350-1ba8e9286b74;414.75;0.010011;UNKNOWN
2016-03-25T04:09:34.000000;2016-03-25T04:09:34.000000;7c498fdc-8d83-491a-b335-2e03c5da7a7f;414.75;0.84167109;UNKNOWN
2016-03-25T04:09:34.000000;2016-03-25T04:09:34.000000;607db96a-3d78-4fd7-886a-793b0e391eea;414.27;0.65170284;UNKNOWN
2016-03-25T04:09:34.000000;2016-03-25T04:09:34.000000;3a44340a-4d0d-452c-9a3b-c52a7afb4321;414.75;0.00662607;UNKNOWN
2016-03-25T04:09:37.000000;2016-03-25T04:09:37.000000;cd880711-5e8d-4ad8-8118-ec4788773631;414.27;0.5;UNKNOWN
2016-03-25T04:11:05.000000;2016-03-25T04:11:05.000000;d4d03ce3-4fcb-49be-a70a-7eea0b232fad;414.27;0.07673737;UNKNOWN
2016-03-25T04:14:03.000000;2016-03-25T04:14:03.000000;d66235e6-9638-4045-b056-46b46736e3c2;414.28;0.01;UNKNOWN
2016-03-25T04:14:07.000000;2016-03-25T04:14:07.000000;00272fa9-6d05-457d-a9a9-8e044524ea8a;414.28;0.43617136;UNKNOWN
2016-03-25T04:14:16.000000;2016-03-25T04:14:16.000000;fa531f5d-1bd1-412a-b04c-61247ba35dfd;414.28;0.01;UNKNOWN
2016-03-25T04:14:19.000000;2016-03-25T04:14:19.000000;de0379ea-70b8-47e8-a560-35803537978d;414.28;0.49070786;UNKNOWN
2016-03-25T04:14:23.000000;2016-03-25T04:14:23.000000;cb03d140-6cb8-4617-8b5f-0fe2d23b3194;414.28;0.01;UNKNOWN
2016-03-25T04:14:26.000000;2016-03-25T04:14:26.000000;c84e62ad-bafd-40f5-843c-ed63d51f19d4;414.28;0.49437141;UNKNOWN
2016-03-25T04:14:30.000000;2016-03-25T04:14:30.000000;05a562aa-9577-485a-96be-f5e94cfe1b42;414.28;0.08857625;UNKNOWN
2016-03-25T04:14:40.000000;2016-03-25T04:14:40.000000;659cd8d0-4733-4c67-a197-c2d7b0223451;414.28;0.2815875;UNKNOWN
2016-03-25T04:14:44.000000;2016-03-25T04:14:44.000000;7120d870-ce81-462e-985c-5e78458d5821;414.28;0.01399668;UNKNOWN
2016-03-25T04:14:48.000000;2016-03-25T04:14:48.000000;127f32e9-7825-4610-b9f6-fcd521ee49ac;414.28;0.04256566;UNKNOWN
2016-03-25T04:14:52.000000;2016-03-25T04:14:52.000000;a65e6b08-f66b-4d85-9ce6-2ed22225fde5;414.28;0.41729617;UNKNOWN
2016-03-25T04:14:56.000000;2016-03-25T04:14:56.000000;f4a44aed-5338-4be8-a737-7338bdabb2f4;414.28;0.08982387;UNKNOWN
2016-03-25T04:14:59.000000;2016-03-25T04:14:59.000000;6126bbae-695c-4ec2-ae70-404c0bc2681d;414.28;0.01219823;UNKNOWN
2016-03-25T04:15:39.000000;2016-03-25T04:15:39.000000;acea455e-4ba5-4332-9368-63e8567c6d17;414.27;0.6975365;UNKNOWN
2016-03-25T04:15:40.000000;2016-03-25T04:15:40.000000;68d0f417-dc0e-405e-b0c2-69b3a54bc7c3;414.27;0.06250685;UNKNOWN
2016-03-25T04:16:36.000000;2016-03-25T04:16:36.000000;93860737-3212-4134-adb6-a0fe2e2c27dc;414.28;0.40557012;UNKNOWN
2016-03-25T04:16:44.000000;2016-03-25T04:16:44.000000;be8f3ede-540c-4d83-bfa1-5d7572527fd6;414.27;0.09191143;UNKNOWN
2016-03-25T04:17:24.000000;2016-03-25T04:17:24.000000;56501600-546b-4ea6-826c-799694f80ba6;414.27;0.02418721;UNKNOWN
2016-03-25T04:17:31.000000;2016-03-25T04:17:31.000000;2306cdb7-4928-423b-8aab-f4142e10456a;414.27;0.12;UNKNOWN
2016-03-25T04:17:35.000000;2016-03-25T04:17:35.000000;81596df7-409b-4f14-b99b-510ef4f1420c;414.28;3.0;UNKNOWN
2016-03-25T04:18:31.000000;2016-03-25T04:18:31.000000;7b3c5b36-9d7f-4e0b-ad15-d8fcae5c47f7;414.27;0.03167847;UNKNOWN
2016-03-25T04:18:31.000000;2016-03-25T04:18:31.000000;7d60d9ea-0318-4e7e-b466-a10fc2a6454c;414.27;0.08832153;UNKNOWN
2016-03-25T04:19:18.000000;2016-03-25T04:19:18.000000;78f16f5a-fb09-486a-ac98-579a519d84e0;414.27;0.09892231;UNKNOWN
2016-03-25T04:19:18.000000;2016-03-25T04:19:18.000000;e75ce4b8-671f-41cc-b663-7b052e3b30cb;414.27;0.05107769;UNKNOWN
2016-03-25T04:22:27.000000;2016-03-25T04:22:27.000000;2438c328-2b27-4f1f-a18e-6adbf947eecc;414.28;0.02;UNKNOWN
2016-03-25T04:22:27.000000;2016-03-25T04:22:27.000000;c6ac78e2-79f8-406b-98ee-d2beb339f64d;414.42;0.74;UNKNOWN
2016-03-25T04:23:56.000000;2016-03-25T04:23:56.000000;9d190109-3584-49ce-99da-9e4ba5bf8878;414.42;0.299721;UNKNOWN
2016-03-25T04:25:03.000000;2016-03-25T04:25:03.000000;1834382d-dc81-47c7-b36c-956d529e77b8;414.39;0.03121212;UNKNOWN
2016-03-25T04:25:03.000000;2016-03-25T04:25:03.000000;249918c2-b0c6-4425-9e27-d601c9e73591;414.39;0.20973189;UNKNOWN
2016-03-25T04:28:12.000000;2016-03-25T04:28:12.000000;07d6de0b-edee-4a31-bfe6-513fe57c9159;414.39;0.04405;UNKNOWN
2016-03-25T04:28:29.000000;2016-03-25T04:28:29.000000;60ee44f2-fd7c-4e35-b5e1-5b06d98852e9;414.39;0.07641622;UNKNOWN
2016-03-25T04:28:29.000000;2016-03-25T04:28:29.000000;c2cb0388-198d-4d6c-ad53-260c3b95d079;414.39;0.38411466;UNKNOWN
2016-03-25T04:28:36.000000;2016-03-25T04:28:36.000000;da4ff113-8de7-42a2-b2ed-35e7098f8d22;414.39;0.0597619;UNKNOWN
2016-03-25T04:31:00.000000;2016-03-25T04:31:00.000000;d8b84c94-ceb9-4878-9bbe-ca0d66d40d9b;414.42;1.0;UNKNOWN
2016-03-25T04:31:05.000000;2016-03-25T04:31:05.000000;9262f968-104e-4445-9718-1699f13e1666;414.39;0.0412;UNKNOWN
2016-03-25T04:31:32.000000;2016-03-25T04:31:32.000000;fc136855-4c39-4795-8433-2287c4dcf957;414.38;0.01186735;UNKNOWN
2016-03-25T04:31:32.000000;2016-03-25T04:31:32.000000;0d1aa3fe-f0ed-46be-8e81-97b33cca6da5;414.39;0.01477804;UNKNOWN
2016-03-25T04:32:12.000000;2016-03-25T04:32:12.000000;0d42bd76-c953-4be2-9b49-6ae5302aa935;414.38;0.05977921;UNKNOWN
2016-03-25T04:33:20.000000;2016-03-25T04:33:20.000000;8f50378c-4be5-41bd-b429-842f035ef923;414.38;0.01185845;UNKNOWN
2016-03-25T04:33:41.000000;2016-03-25T04:33:41.000000;9f012459-148b-4fad-b21a-ca97defcc82e;414.38;2.0;UNKNOWN
2016-03-25T04:34:10.000000;2016-03-25T04:34:10.000000;1abb727e-60d0-4212-8236-af28c7b583af;414.42;0.05192315;UNKNOWN
2016-03-25T04:36:12.000000;2016-03-25T04:36:12.000000;0044cdf4-c0a7-44de-bb2c-cf520afdc3cb;414.38;0.05977921;UNKNOWN
2016-03-25T04:38:15.000000;2016-03-25T04:38:15.000000;65d13b88-e3dc-4c92-bbb7-8f0218b568a1;414.38;0.20213323;UNKNOWN
2016-03-25T04:42:12.000000;2016-03-25T04:42:12.000000;b5b81b01-b407-43cd-814e-b9566a5a99e6;414.39;0.59761903;UNKNOWN
2016-03-25T04:51:45.000000;2016-03-25T04:51:45.000000;9fb6207e-b960-4e66-a453-84dd4d09e67c;414.41;0.84155048;UNKNOWN
2016-03-25T04:51:48.000000;2016-03-25T04:51:48.000000;51cef1be-e8e3-4257-9234-09749ae1b592;414.41;0.14694332;UNKNOWN
2016-03-25T04:51:51.000000;2016-03-25T04:51:51.000000;8f4be6bd-9d30-4356-8c6f-9c74ebdd3f21;414.41;0.12737879;UNKNOWN
2016-03-25T04:51:52.000000;2016-03-25T04:51:52.000000;926ac1da-36b9-464b-a7c9-0679041fa237;414.41;0.10625728;UNKNOWN
2016-03-25T04:51:55.000000;2016-03-25T04:51:55.000000;ce667e6f-b570-4570-abbd-8ce0a05fa30e;414.41;0.10625728;UNKNOWN
2016-03-25T04:51:58.000000;2016-03-25T04:51:58.000000;6fe416aa-c40f-4921-8cbd-9e2c6b9e4cf8;414.41;0.10625728;UNKNOWN
2016-03-25T04:51:59.000000;2016-03-25T04:51:59.000000;3d526ae8-22be-414b-aef4-95862496c640;414.41;0.11781169;UNKNOWN
2016-03-25T04:52:02.000000;2016-03-25T04:52:02.000000;ae1f7433-ae77-4c73-b28c-096706f35eda;414.41;0.10626537;UNKNOWN
2016-03-25T04:52:23.000000;2016-03-25T04:52:23.000000;9207b71e-014b-4ac9-83fc-005496c61431;414.41;0.45126392;UNKNOWN
2016-03-25T04:52:24.000000;2016-03-25T04:52:24.000000;eac6b16f-c41b-450c-b2bc-a5be3a256e69;414.41;0.083016;UNKNOWN
2016-03-25T04:52:25.000000;2016-03-25T04:52:25.000000;8c01186d-0472-49d7-94a8-9c604a9c1edf;414.41;0.15308515;UNKNOWN
2016-03-25T04:52:33.000000;2016-03-25T04:52:33.000000;42eeca70-57f2-4c2b-816b-bae878050131;414.41;0.83757013;UNKNOWN
2016-03-25T04:52:39.000000;2016-03-25T04:52:39.000000;1f1b10b1-3efb-4ebe-8d89-4c30743a0072;414.41;0.83619742;UNKNOWN
2016-03-25T04:52:39.000000;2016-03-25T04:52:39.000000;71b15915-13a2-45b4-ab95-669f9b3ace11;414.41;0.83757013;UNKNOWN
2016-03-25T04:52:57.000000;2016-03-25T04:52:57.000000;625c02a3-40e7-476d-98f6-3925a64acfa6;414.41;0.14173421;UNKNOWN
2016-03-25T04:53:31.000000;2016-03-25T04:53:31.000000;b4fb3c68-0454-40f6-9423-9517f122a269;414.42;0.83617114;UNKNOWN
2016-03-25T04:53:36.000000;2016-03-25T04:53:36.000000;961ce97f-5d89-4a5d-87e7-8737cf27dd18;414.42;0.83594803;UNKNOWN
2016-03-25T04:53:51.000000;2016-03-25T04:53:51.000000;9a5225a2-293b-4542-a37c-a7831f80e366;415.0;0.12856512;UNKNOWN
2016-03-25T04:54:46.000000;2016-03-25T04:54:46.000000;b5f58fe5-afcd-4ad9-9c42-23fa6444eb7e;414.95;0.15001113;UNKNOWN
2016-03-25T04:54:49.000000;2016-03-25T04:54:49.000000;efeb1087-923b-413c-a658-5b375e68b107;415.0;0.17036049;UNKNOWN
2016-03-25T04:54:50.000000;2016-03-25T04:54:50.000000;f3602034-e8c0-4577-9d0c-68b4d95b7f50;415.05;0.63360767;UNKNOWN
2016-03-25T04:54:50.000000;2016-03-25T04:54:50.000000;79e04f23-4210-4359-a4eb-28ab36e87ebb;415.0;0.20107439;UNKNOWN
2016-03-25T04:54:51.000000;2016-03-25T04:54:51.000000;4d627220-be52-47ad-9311-cbd36e7b416d;415.05;0.83463731;UNKNOWN
2016-03-25T04:57:20.000000;2016-03-25T04:57:20.000000;b8610d2b-fbaf-4f21-a818-f0c88721148d;415.04;0.0242;UNKNOWN
2016-03-25T04:58:02.000000;2016-03-25T04:58:02.000000;195f2ef4-f08c-4fcb-8166-bf5aa1e217a4;415.04;0.12609537;UNKNOWN
2016-03-25T04:59:04.000000;2016-03-25T04:59:04.000000;ad552380-728e-4575-a0df-f6e25bf58118;415.04;0.01085309;UNKNOWN
2016-03-25T04:59:06.000000;2016-03-25T04:59:06.000000;a2e201aa-7233-4760-8162-9cf107dc2bf9;415.02;3.98;UNKNOWN
2016-03-25T05:02:05.000000;2016-03-25T05:02:05.000000;911a4a93-85d6-4e89-b709-05e8313f4d74;415.0;5.19985847;UNKNOWN
2016-03-25T05:02:05.000000;2016-03-25T05:02:05.000000;2dc91c70-5e83-4edc-8158-b03d9868a7a7;415.0;0.10014153;UNKNOWN
2016-03-25T05:05:04.000000;2016-03-25T05:05:04.000000;340ca137-80fe-4f25-aad6-36b699e7bf8a;415.0;0.83348407;UNKNOWN
2016-03-25T05:05:07.000000;2016-03-25T05:05:07.000000;3f115bcb-9dcb-46ab-9e7e-74e8835e83f6;415.0;0.83787797;UNKNOWN
2016-03-25T05:09:26.000000;2016-03-25T05:09:26.000000;f92c8cac-115e-4ece-8b6a-50295e6a04d5;415.02;2.0;UNKNOWN
2016-03-25T05:12:20.000000;2016-03-25T05:12:20.000000;30bd3279-8b0b-4ad9-8acb-b7bf1cb41972;414.98;2.0;UNKNOWN
2016-03-25T05:12:20.000000;2016-03-25T05:12:20.000000;d65c2df4-2388-4150-8ddd-f732102730cf;414.98;3.13;UNKNOWN
2016-03-25T05:13:05.000000;2016-03-25T05:13:05.000000;837dec0b-ffe6-4066-8584-414115ce3500;414.84;0.01075952;UNKNOWN
2016-03-25T05:15:42.000000;2016-03-25T05:15:42.000000;ada1e6b7-9578-4bab-9c00-417ae4082ace;414.76;0.01507;UNKNOWN
2016-03-25T05:18:26.000000;2016-03-25T05:18:26.000000;fa388f7c-c29a-4699-a67c-031c2e5c79c5;414.76;0.031;UNKNOWN
2016-03-25T05:19:42.000000;2016-03-25T05:19:42.000000;97391d2d-dbf9-43f1-a5cd-f69a98026b61;414.63;0.2611111;UNKNOWN
2016-03-25T05:24:04.000000;2016-03-25T05:24:04.000000;6c73b877-163c-41d4-800e-43befe2a5d8d;414.65;0.6970204;UNKNOWN
2016-03-25T05:24:04.000000;2016-03-25T05:24:04.000000;c1cad18f-ff04-4141-a6ef-ee1346822ef2;414.65;0.27120452;UNKNOWN
2016-03-25T05:24:04.000000;2016-03-25T05:24:04.000000;173cfe1f-dea8-437e-80be-a36d80a14407;414.59;0.01406;UNKNOWN
2016-03-25T05:24:04.000000;2016-03-25T05:24:04.000000;43854e38-7f91-4c12-8b76-c36d1eef553f;414.59;0.02836;UNKNOWN
2016-03-25T05:24:04.000000;2016-03-25T05:24:04.000000;739ae659-7342-40d3-b362-730a3f61f0da;414.55;2.62132938;UNKNOWN
2016-03-25T05:24:04.000000;2016-03-25T05:24:04.000000;315ebfc3-baa8-4c79-9166-72e4360d3c2d;414.65;0.0500257;UNKNOWN
2016-03-25T05:25:46.000000;2016-03-25T05:25:46.000000;d22bd34f-510f-43fc-ad2a-5a8284e8e3a4;414.4;0.01904676;UNKNOWN
2016-03-25T05:25:46.000000;2016-03-25T05:25:46.000000;564cac25-604d-44d1-8d91-40c144466d10;414.4;7.48095324;UNKNOWN
2016-03-25T05:26:08.000000;2016-03-25T05:26:08.000000;ff3803b1-abce-46cc-860b-425439878624;414.4;0.13403895;UNKNOWN
2016-03-25T05:28:09.000000;2016-03-25T05:28:09.000000;59066c2a-ef80-4f1d-be37-00e1d0ce928f;414.4;0.5;UNKNOWN
2016-03-25T05:28:19.000000;2016-03-25T05:28:19.000000;1532ecc7-0b8d-45aa-ad3a-7d0b71b2cd2e;414.4;0.5;UNKNOWN
2016-03-25T05:28:31.000000;2016-03-25T05:28:31.000000;c23fe21e-f26f-4e2c-b562-167b032c88e0;414.4;0.5;UNKNOWN
2016-03-25T05:28:38.000000;2016-03-25T05:28:38.000000;11885a7d-be0a-478a-8d1c-26885174f037;414.4;0.5;UNKNOWN
2016-03-25T05:30:04.000000;2016-03-25T05:30:04.000000;1f661391-f50b-4d46-84b7-d8c6417aee25;414.6;0.0241;UNKNOWN
2016-03-25T05:32:53.000000;2016-03-25T05:32:53.000000;b2bf6a45-a886-49b6-96b5-4e79790e1c20;414.6;0.028;UNKNOWN
2016-03-25T05:32:56.000000;2016-03-25T05:32:56.000000;fa5a3f55-d288-4a19-852c-5e2856193f4c;414.6;0.1979;UNKNOWN
2016-03-25T05:33:00.000000;2016-03-25T05:33:00.000000;77a795dc-8871-4611-8dd4-53c8fdff6816;414.4;2.86986588;UNKNOWN
2016-03-25T05:33:04.000000;2016-03-25T05:33:04.000000;649887e8-5749-4b55-9f1a-b0918b307e61;414.27;0.75952;UNKNOWN
2016-03-25T05:33:04.000000;2016-03-25T05:33:04.000000;9054395a-66fd-4d85-add5-11be0757d170;414.27;0.75;UNKNOWN
2016-03-25T05:33:05.000000;2016-03-25T05:33:05.000000;f080cd7c-1eeb-4b5d-8c19-1e82efdb491e;414.09;1.678;UNKNOWN
2016-03-25T05:33:27.000000;2016-03-25T05:33:27.000000;1b4f66fc-e1c2-48d6-a992-e50939743cef;414.12;0.54924164;UNKNOWN
2016-03-25T05:36:13.000000;2016-03-25T05:36:13.000000;68e9d733-db66-4464-a213-bf29fc78a343;414.07;0.863225;UNKNOWN
2016-03-25T05:36:34.000000;2016-03-25T05:36:34.000000;4a4e2cf0-c8ff-4e9d-9c18-5a70755298db;414.07;0.913159;UNKNOWN
2016-03-25T05:38:10.000000;2016-03-25T05:38:10.000000;161a957d-be59-4e74-a85f-83ca78f816a3;414.07;0.463092;UNKNOWN
2016-03-25T05:39:46.000000;2016-03-25T05:39:46.000000;26c97a7e-9f2a-4227-a032-d9aadb3bd49a;414.13;1.039192;UNKNOWN
2016-03-25T05:39:51.000000;2016-03-25T05:39:51.000000;8f1bae07-9311-4fa2-900e-92726d203e88;414.13;1.030268;UNKNOWN
2016-03-25T05:40:11.000000;2016-03-25T05:40:11.000000;dd508fcb-30c7-4283-a808-3ee5ce191f34;414.13;0.02876845;UNKNOWN
2016-03-25T05:40:17.000000;2016-03-25T05:40:17.000000;333a867e-1534-463d-b8c7-217f4eadb5cc;414.13;0.71654589;UNKNOWN
2016-03-25T05:40:24.000000;2016-03-25T05:40:24.000000;54e4e793-69c9-4831-8bbb-df01a38c850a;414.13;0.07;UNKNOWN
2016-03-25T05:41:52.000000;2016-03-25T05:41:52.000000;d1c2baaa-09e4-4012-9819-4f17e8fc464b;414.14;0.71650249;UNKNOWN
2016-03-25T05:42:14.000000;2016-03-25T05:42:14.000000;070403dc-0c31-4b12-ae0d-d003a117b45b;414.31;6.0;UNKNOWN
2016-03-25T05:42:35.000000;2016-03-25T05:42:35.000000;9ea5a4c8-73d7-4c91-9368-8257fd7513e7;414.73;0.06459966;UNKNOWN
2016-03-25T05:43:36.000000;2016-03-25T05:43:36.000000;f616e329-fea3-4dd5-b6b1-51db4cb5e706;414.89;5.94686593;UNKNOWN
2016-03-25T05:43:36.000000;2016-03-25T05:43:36.000000;0b97134c-da72-4e18-b980-4a9f55063935;414.88;0.05313407;UNKNOWN
2016-03-25T05:44:11.000000;2016-03-25T05:44:11.000000;ac87cec0-5852-417f-9c78-961229ba6000;414.88;2.76;UNKNOWN
2016-03-25T05:44:11.000000;2016-03-25T05:44:11.000000;2c5ec892-9673-4e0c-b620-6044b55e2748;414.88;0.24;UNKNOWN
2016-03-25T05:46:12.000000;2016-03-25T05:46:12.000000;f4d5f1b8-b25b-4636-9afd-8f3c90b31ef9;414.78;0.07921;UNKNOWN
2016-03-25T05:47:24.000000;2016-03-25T05:47:24.000000;be0b1b4f-4eb9-43cf-a137-aaa35ffae4bf;414.67;0.04247;UNKNOWN
2016-03-25T05:47:54.000000;2016-03-25T05:47:54.000000;fd162122-879f-4cd5-bbb1-7a21e8e6012d;414.9;0.01;UNKNOWN
2016-03-25T05:48:05.000000;2016-03-25T05:48:05.000000;df3ff869-3906-4c8e-a969-eec746d29c17;414.77;4.68;UNKNOWN
2016-03-25T05:48:12.000000;2016-03-25T05:48:12.000000;eb79b70a-8c64-4285-b0f4-66fa506bca43;414.69;0.34334746;UNKNOWN
2016-03-25T05:48:24.000000;2016-03-25T05:48:24.000000;ae4d6b7e-8fa6-4eb4-bc1b-0dd020902eda;414.69;0.07192295;UNKNOWN
2016-03-25T05:49:01.000000;2016-03-25T05:49:01.000000;b33a84d2-2382-4563-9a3c-316a55eafc13;414.69;0.044593;UNKNOWN
2016-03-25T05:49:50.000000;2016-03-25T05:49:50.000000;f97e38fa-b80a-4742-ab8d-e37017f4b975;414.69;0.25202251;UNKNOWN
2016-03-25T05:49:50.000000;2016-03-25T05:49:50.000000;e1d4a03a-aa6b-4897-b597-fb85efc971fa;414.69;0.02208;UNKNOWN
2016-03-25T05:49:50.000000;2016-03-25T05:49:50.000000;5894d7f2-188d-471f-be20-839147f9e88f;414.69;0.02202969;UNKNOWN
2016-03-25T05:49:52.000000;2016-03-25T05:49:52.000000;7a2fef0f-a270-414d-ba6f-fc0d9770050b;414.69;0.02202969;UNKNOWN
2016-03-25T05:49:53.000000;2016-03-25T05:49:53.000000;23b47de6-1b69-4550-a5f4-5d673aedd0d5;414.69;0.02200766;UNKNOWN
2016-03-25T05:49:53.000000;2016-03-25T05:49:53.000000;9eb8e54f-fdcd-4c16-b78e-c810de0dc31e;414.69;0.02202969;UNKNOWN
2016-03-25T05:50:05.000000;2016-03-25T05:50:05.000000;259b9912-ca6b-4889-bb70-7782b8919570;414.69;0.21;UNKNOWN
2016-03-25T05:50:43.000000;2016-03-25T05:50:43.000000;3983476b-b3b1-49df-ba5b-545f2d920e4c;414.69;0.022957;UNKNOWN
2016-03-25T05:51:05.000000;2016-03-25T05:51:05.000000;9ef38174-ab23-4003-9124-9909502e8e3a;414.69;4.0;UNKNOWN
2016-03-25T05:52:27.000000;2016-03-25T05:52:27.000000;5a7b9dbd-28c1-4b89-bc66-af4c4d3ecb7f;414.59;0.011951;UNKNOWN
2016-03-25T05:52:44.000000;2016-03-25T05:52:44.000000;52e35c24-c20e-4a4f-898e-231f69af9c54;414.59;0.2367947;UNKNOWN
2016-03-25T05:54:43.000000;2016-03-25T05:54:43.000000;d375c540-ed36-46b4-b647-f3f118b24b96;414.66;0.096985;UNKNOWN
2016-03-25T05:55:47.000000;2016-03-25T05:55:47.000000;48f272df-cc92-4455-883e-0708650d6e0d;414.71;0.1321;UNKNOWN
2016-03-25T05:57:19.000000;2016-03-25T05:57:19.000000;4cbfb234-872c-4247-95ca-3bdc3ed0a7d9;414.73;0.7;UNKNOWN
2016-03-25T06:00:36.000000;2016-03-25T06:00:36.000000;27500c9b-b589-47ff-a6cd-a10a75fc708b;414.79;0.01;UNKNOWN
2016-03-25T06:01:05.000000;2016-03-25T06:01:05.000000;ead432db-5598-47a2-a8d8-3486f58dd005;414.79;2.0;UNKNOWN
2016-03-25T06:08:04.000000;2016-03-25T06:08:04.000000;5f658a19-fe36-4512-859b-e9663b342cbe;414.75;0.9;UNKNOWN
2016-03-25T06:09:05.000000;2016-03-25T06:09:05.000000;58c89794-9849-4c00-980c-474de0418297;414.8;0.02385382;UNKNOWN
2016-03-25T06:16:07.000000;2016-03-25T06:16:07.000000;9d8bdd80-6c78-4f1d-aaf1-3806345aec86;414.75;0.054071;UNKNOWN
2016-03-25T06:17:49.000000;2016-03-25T06:17:49.000000;6f745abf-cbcd-4b9e-9a2e-49eaaa84e670;414.75;0.093112;UNKNOWN
2016-03-25T06:19:05.000000;2016-03-25T06:19:05.000000;a781bd2f-2e8d-4cca-8fb8-4aa107eb5ec1;414.91;0.157;UNKNOWN
2016-03-25T06:19:05.000000;2016-03-25T06:19:05.000000;3d47941a-e502-4a00-a036-ac7c5befdb50;414.9;0.01603;UNKNOWN
2016-03-25T06:19:05.000000;2016-03-25T06:19:05.000000;90aca827-452a-4613-b29a-e741c7ab9128;415.14;1.12697;UNKNOWN
2016-03-25T06:19:22.000000;2016-03-25T06:19:22.000000;cc65d6b7-bffd-4b19-8c5c-47c94f441acf;414.77;0.48265624;UNKNOWN
2016-03-25T06:19:30.000000;2016-03-25T06:19:30.000000;d61fcba2-99f5-4375-9970-9eb99cc6e8fd;414.77;0.09163;UNKNOWN
2016-03-25T06:21:03.000000;2016-03-25T06:21:03.000000;fd41830e-4ac5-495b-885c-be7704fac72a;414.77;0.042729;UNKNOWN
2016-03-25T06:21:09.000000;2016-03-25T06:21:09.000000;11093363-25d4-485d-8f7d-4775b07af4c7;414.77;0.012967;UNKNOWN
2016-03-25T06:22:52.000000;2016-03-25T06:22:52.000000;c08adb87-7ac6-480a-a751-37156bd6ed62;414.77;0.047494;UNKNOWN
2016-03-25T06:23:27.000000;2016-03-25T06:23:27.000000;2a8573ae-629a-42a5-906c-a2b671c14310;414.77;0.086878;UNKNOWN
2016-03-25T06:29:58.000000;2016-03-25T06:29:58.000000;4d9a10ad-1730-4e70-bf0d-597052abf2fb;414.55;0.02125071;UNKNOWN
2016-03-25T06:30:38.000000;2016-03-25T06:30:38.000000;75e4c844-402b-4e6a-aef2-357d78a182cb;414.55;0.31851;UNKNOWN
2016-03-25T06:32:11.000000;2016-03-25T06:32:11.000000;23bd86d3-9d53-499c-a452-870bba45d871;414.55;0.12974;UNKNOWN
2016-03-25T06:32:52.000000;2016-03-25T06:32:52.000000;f83639e3-1fe8-4234-90bc-12f5bd13b78d;414.55;0.09;UNKNOWN
2016-03-25T06:33:27.000000;2016-03-25T06:33:27.000000;56356f44-7aac-4e5e-8754-fc5396f8201a;414.55;0.09;UNKNOWN
2016-03-25T06:33:56.000000;2016-03-25T06:33:56.000000;10f0a3ed-c069-47a5-808b-c1064053edff;414.55;0.20934;UNKNOWN
2016-03-25T06:34:36.000000;2016-03-25T06:34:36.000000;9a7c65b8-41ee-46f5-93c6-37a3ded8871a;414.55;0.06042721;UNKNOWN
2016-03-25T06:35:24.000000;2016-03-25T06:35:24.000000;9fd69d46-3b39-4094-a087-27ee8d175716;414.4;0.023388;UNKNOWN
2016-03-25T06:35:30.000000;2016-03-25T06:35:30.000000;9200cef2-0313-4ecd-8897-5ab78b83c99a;414.41;0.159748;UNKNOWN
2016-03-25T06:37:06.000000;2016-03-25T06:37:06.000000;e78e2cc9-df10-4f17-806f-3686c22c5fd7;414.56;0.042198;UNKNOWN
2016-03-25T06:37:07.000000;2016-03-25T06:37:07.000000;b2e5d5d3-1ecf-4428-9f0a-4fe3c92f1641;414.57;0.020751;UNKNOWN
2016-03-25T06:37:12.000000;2016-03-25T06:37:12.000000;df47a9d7-1d1c-4a75-adac-189fd26e4646;414.57;0.052376;UNKNOWN
2016-03-25T06:37:16.000000;2016-03-25T06:37:16.000000;1108797b-6cfb-4ad2-8b98-af8603e2b056;414.57;0.03582429;UNKNOWN
2016-03-25T06:37:56.000000;2016-03-25T06:37:56.000000;4300ef4f-a680-4006-9a89-81ad26997ddc;414.57;0.073743;UNKNOWN
2016-03-25T06:38:30.000000;2016-03-25T06:38:30.000000;da181069-df2f-418d-aea2-ae0c4ae0535b;414.69;0.06405307;UNKNOWN
2016-03-25T06:38:30.000000;2016-03-25T06:38:30.000000;a0282371-583c-4035-9a6a-d86d41786b30;414.69;0.43594693;UNKNOWN
2016-03-25T06:38:30.000000;2016-03-25T06:38:30.000000;05a9017c-e100-4d7c-9332-1639d1cefaca;414.7;0.34012537;UNKNOWN
2016-03-25T06:38:31.000000;2016-03-25T06:38:31.000000;58b8286a-2aed-4d72-808e-50d65da06d27;414.69;0.05433191;UNKNOWN
2016-03-25T06:38:36.000000;2016-03-25T06:38:36.000000;e2978535-9693-4c2b-bea1-f7df4f53f07c;414.71;0.39918144;UNKNOWN
2016-03-25T06:38:38.000000;2016-03-25T06:38:38.000000;3ced03d1-eefa-4f26-8407-4eebfef97368;414.84;0.02844396;UNKNOWN
2016-03-25T06:38:40.000000;2016-03-25T06:38:40.000000;c73b513d-01b4-4e1f-a96a-7f36e8751b5d;415.07;0.25217907;UNKNOWN
2016-03-25T06:41:55.000000;2016-03-25T06:41:55.000000;0760871c-5559-4a01-b80c-015bdb8a3b37;414.84;0.01278574;UNKNOWN
2016-03-25T06:41:55.000000;2016-03-25T06:41:55.000000;fffbcbb3-8175-41c4-8fa7-9777efbdd323;414.84;0.09802407;UNKNOWN
2016-03-25T06:41:55.000000;2016-03-25T06:41:55.000000;acb5a749-c8c5-408a-8cff-d66b2b0a86ad;414.84;2.13919019;UNKNOWN
2016-03-25T06:46:04.000000;2016-03-25T06:46:04.000000;457c2b7a-82d7-4a4a-80d4-009f5186a552;414.72;0.93997603;UNKNOWN
2016-03-25T06:47:05.000000;2016-03-25T06:47:05.000000;a0005214-9804-4175-9399-df991ef7b2f0;414.65;1.3555;UNKNOWN
2016-03-25T06:47:19.000000;2016-03-25T06:47:19.000000;88a65dd5-23c5-4ed9-956b-dd2bf05b28e1;414.65;2.55;UNKNOWN
2016-03-25T06:48:42.000000;2016-03-25T06:48:42.000000;2a280f19-221f-41fc-a201-f26b180ae4ad;414.62;4.0;UNKNOWN
2016-03-25T06:50:52.000000;2016-03-25T06:50:52.000000;173b9e57-f560-4d38-9e0c-d4a81bef2f39;414.51;1.20825275;UNKNOWN
2016-03-25T06:51:05.000000;2016-03-25T06:51:05.000000;1b311dce-9d4f-464f-8572-e8a387f2693f;414.51;0.1071539;UNKNOWN
2016-03-25T06:52:40.000000;2016-03-25T06:52:40.000000;b3def7d7-7bf7-47cc-a294-8cb5c3ac3ba5;414.51;6.565;UNKNOWN
2016-03-25T06:54:06.000000;2016-03-25T06:54:06.000000;471e2881-27d6-4a77-a522-97139f57897c;414.59;0.19083514;UNKNOWN
2016-03-25T06:55:04.000000;2016-03-25T06:55:04.000000;1bfab464-07f5-413f-8c31-53f3bb5a538e;414.52;0.7975;UNKNOWN
2016-03-25T06:59:59.000000;2016-03-25T06:59:59.000000;35fed8f7-85c1-4e64-a439-5d6a1f5f0266;414.52;1.355274;UNKNOWN
2016-03-25T07:01:35.000000;2016-03-25T07:01:35.000000;6cbd1e53-ad9d-49e9-90ca-247eb944098f;414.54;2.29543;UNKNOWN
2016-03-25T07:02:45.000000;2016-03-25T07:02:45.000000;b102a949-5183-4fa2-9dc3-43c85270c591;414.59;37.12211861;UNKNOWN
2016-03-25T07:03:00.000000;2016-03-25T07:03:00.000000;fcc4d08b-e650-4c5c-ad22-83f8bdc61724;414.59;5.9547;UNKNOWN
2016-03-25T07:03:01.000000;2016-03-25T07:03:01.000000;cda32fff-a220-4859-8df3-b9ef8cdca633;414.59;0.28698753;UNKNOWN
2016-03-25T07:03:04.000000;2016-03-25T07:03:04.000000;4f13d6f7-7953-4494-880e-c1c1a806ac82;414.59;3.1930904;UNKNOWN
2016-03-25T07:03:05.000000;2016-03-25T07:03:05.000000;5185a9c4-9f5c-44a4-9cf1-90ae2b97ae95;415.28;0.01391472;UNKNOWN
2016-03-25T07:04:10.000000;2016-03-25T07:04:10.000000;b2bae1c1-d558-45f9-9579-eff226824406;414.96;0.01;UNKNOWN
2016-03-25T07:04:24.000000;2016-03-25T07:04:24.000000;c156f2a7-fdb9-44fe-814c-ff618f14d916;414.96;0.05690587;UNKNOWN
2016-03-25T07:05:04.000000;2016-03-25T07:05:04.000000;f564bb49-ac23-4aea-a7b2-33f63f3ab6d3;415.03;0.132409;UNKNOWN
2016-03-25T07:05:28.000000;2016-03-25T07:05:28.000000;142f2095-4845-45c6-b9fd-ed01c4b34944;415.04;0.01;UNKNOWN
2016-03-25T07:05:42.000000;2016-03-25T07:05:42.000000;10c2a9cb-28e6-40e3-b705-cf892c1f89a2;415.37;0.15188374;UNKNOWN
2016-03-25T07:05:42.000000;2016-03-25T07:05:42.000000;06162f65-d04b-4b65-bb67-d6da96f72458;415.38;0.15;UNKNOWN
2016-03-25T07:05:42.000000;2016-03-25T07:05:42.000000;1c972513-b50a-44a8-bdb4-98571ac3b708;415.04;0.13218404;UNKNOWN
2016-03-25T07:06:49.000000;2016-03-25T07:06:49.000000;1e43c886-099e-429f-a71a-66f8fb1ffeda;415.22;0.0669144;UNKNOWN
2016-03-25T07:06:49.000000;2016-03-25T07:06:49.000000;845c5717-9789-457f-866c-5106143cc78e;415.25;0.192368;UNKNOWN
2016-03-25T07:06:49.000000;2016-03-25T07:06:49.000000;8dbfa815-3906-48c3-9462-2a63a8a681d3;415.38;14.7407176;UNKNOWN
2016-03-25T07:06:56.000000;2016-03-25T07:06:56.000000;0fb6de8e-61ad-4b74-a951-37247165bfa2;415.22;0.01;UNKNOWN
2016-03-25T07:06:56.000000;2016-03-25T07:06:56.000000;4f5c2655-cd53-4a99-8d84-b1089e9ebf93;415.22;0.436478;UNKNOWN
2016-03-25T07:06:56.000000;2016-03-25T07:06:56.000000;fbbd7afc-0251-4ccb-b5d2-d82247fed947;415.38;0.1092824;UNKNOWN
2016-03-25T07:06:56.000000;2016-03-25T07:06:56.000000;328f0c97-5bee-4554-b458-3bc11b4ec5c3;415.5;1.9070696;UNKNOWN
2016-03-25T07:07:24.000000;2016-03-25T07:07:24.000000;687d3228-b89f-42b2-8052-dc6d7e9decb8;415.48;1.336891;UNKNOWN
2016-03-25T07:07:49.000000;2016-03-25T07:07:49.000000;15b3525d-9599-4a02-b8c8-4f93c6095e55;415.5;0.0929304;UNKNOWN
2016-03-25T07:07:49.000000;2016-03-25T07:07:49.000000;ae109e68-1731-44b0-8c30-b97ba22fafc8;415.5;0.24931907;UNKNOWN
2016-03-25T07:08:11.000000;2016-03-25T07:08:11.000000;c121a0a9-5e94-49cc-acff-e1e26a398dfe;415.58;24.96216158;UNKNOWN
2016-03-25T07:08:20.000000;2016-03-25T07:08:20.000000;3c6a67ee-98b0-487a-9fb2-b837890a75a4;415.64;0.01;UNKNOWN
2016-03-25T07:08:44.000000;2016-03-25T07:08:44.000000;7e8dfac5-f2a3-430c-b46c-fe03b114f6a9;415.71;0.12449611;UNKNOWN
2016-03-25T07:08:44.000000;2016-03-25T07:08:44.000000;8d8a3292-9190-4895-9f43-268ea6614f4e;415.89;0.12661499;UNKNOWN
2016-03-25T07:08:44.000000;2016-03-25T07:08:44.000000;4ba853ab-5933-46a5-a582-eadd95609c6f;415.74;0.01;UNKNOWN
2016-03-25T07:08:54.000000;2016-03-25T07:08:54.000000;0ec7c8b8-8db5-449e-98fb-4a56f58d896c;415.76;0.01;UNKNOWN
2016-03-25T07:08:54.000000;2016-03-25T07:08:54.000000;a159905d-fb95-4c80-aa61-ab870f3d2c69;415.99;1.06;UNKNOWN
2016-03-25T07:08:54.000000;2016-03-25T07:08:54.000000;7c44ca5e-262e-49b9-9fc1-e35807fe0a10;415.9;2.93;UNKNOWN
2016-03-25T07:09:03.000000;2016-03-25T07:09:03.000000;e9d3bedc-27b9-431a-b784-afb2e14e6892;416.0;10.0;UNKNOWN
2016-03-25T07:09:17.000000;2016-03-25T07:09:17.000000;31c68f78-f250-4d67-921e-06afa1487f2c;415.98;0.13;UNKNOWN
2016-03-25T07:09:20.000000;2016-03-25T07:09:20.000000;543d171b-ca13-4b9e-a346-d7804bd4917c;416.21;0.2;UNKNOWN
2016-03-25T07:09:20.000000;2016-03-25T07:09:20.000000;2b34a939-09c3-4675-86b6-7ec29380340b;416.03;0.2;UNKNOWN
2016-03-25T07:09:20.000000;2016-03-25T07:09:20.000000;4ab80dfb-3089-4d9d-aa0d-2ee7df09ffb6;416.11;0.01;UNKNOWN
2016-03-25T07:09:20.000000;2016-03-25T07:09:20.000000;50be1437-b55d-41e5-ae09-32f07c204c13;415.99;0.01509;UNKNOWN
2016-03-25T07:09:20.000000;2016-03-25T07:09:20.000000;115e2fec-4014-43e4-989b-a0b33fbddc3b;416.42;4.48036;UNKNOWN
2016-03-25T07:09:24.000000;2016-03-25T07:09:24.000000;a7fa747b-c70e-4e82-8123-35ed139fac4c;416.02;0.01509;UNKNOWN
2016-03-25T07:09:26.000000;2016-03-25T07:09:26.000000;817ddb31-c802-4455-9005-6d366cd1a7d9;416.02;0.51573011;UNKNOWN
2016-03-25T07:09:51.000000;2016-03-25T07:09:51.000000;6644c34d-971e-4cc2-8c4e-ec427fd6e309;416.03;0.18727825;UNKNOWN
2016-03-25T07:09:51.000000;2016-03-25T07:09:51.000000;1a106018-2e76-456e-8198-27ca54ea8405;416.37;0.70308275;UNKNOWN
2016-03-25T07:10:02.000000;2016-03-25T07:10:02.000000;cf711d70-1129-4e2e-88c1-4cb42e27cb6a;416.04;0.4;UNKNOWN
2016-03-25T07:12:15.000000;2016-03-25T07:12:15.000000;87668b28-0878-41b7-b5ae-2f1ed03fcffb;416.04;0.51569292;UNKNOWN
2016-03-25T07:12:38.000000;2016-03-25T07:12:38.000000;87c46425-f379-499c-95a0-f607d1cac7db;416.04;0.3;UNKNOWN
2016-03-25T07:13:55.000000;2016-03-25T07:13:55.000000;020ddc18-4476-4275-88a6-7ac369e0d826;416.04;0.12939493;UNKNOWN
2016-03-25T07:14:28.000000;2016-03-25T07:14:28.000000;c323f59b-e79d-4062-8180-b4cd8cd17a01;416.04;0.09312184;UNKNOWN
2016-03-25T07:17:05.000000;2016-03-25T07:17:05.000000;26ee3008-9076-4361-901a-c2b4c41eaf64;416.03;0.12785706;UNKNOWN
2016-03-25T07:18:01.000000;2016-03-25T07:18:01.000000;eb995629-7c2f-4ce5-8a10-dacf8d7800e4;416.05;0.0179354;UNKNOWN
2016-03-25T07:18:01.000000;2016-03-25T07:18:01.000000;4a490e07-4b50-4d2e-8c47-a0ee82bd3469;416.16;14.6300646;UNKNOWN
2016-03-25T07:18:09.000000;2016-03-25T07:18:09.000000;5e61b312-fbd1-400c-9f5a-5b89d43b9102;416.36;8.4799;UNKNOWN
