time_exchange;time_coinpai;guid;price;base_amount;taker_side
2016-03-25T00:02:15.000000;2016-03-25T00:02:15.383000;f08bd81d-7ff0-41f3-93dc-d8921abe5f84;11.231;0.460992;BUY
2016-03-25T00:06:42.000000;2016-03-25T00:06:42.677000;4c3e2952-68c6-4fe2-b67e-01340eb58197;11.231;36.60244991;BUY
2016-03-25T00:09:07.000000;2016-03-25T00:09:07.820000;401bfce1-e506-4029-aab2-46119e711396;11.278;5.0;BUY
2016-03-25T00:14:48.000000;2016-03-25T00:14:48.437000;fc9f0307-ba96-495b-a53d-063514c6753f;11.28;1.0;BUY
2016-03-25T00:14:51.000000;2016-03-25T00:14:51.580000;b2a6f04b-274a-4dc4-af25-1109584828cf;11.286;1.0;BUY
2016-03-25T00:17:14.000000;2016-03-25T00:17:14.413000;ea4314c0-5256-44b2-9ab8-35bd7676b764;11.27;3.1;SELL
2016-03-25T00:17:14.000000;2016-03-25T00:17:14.430000;4051dbed-9a14-4dc0-ba7f-1da47d2a339b;11.269;2.8;SELL
2016-03-25T00:21:15.000000;2016-03-25T00:21:15.947000;6cbab937-27ab-49ad-be70-18e8b3fc8f94;11.324;3.1;BUY
2016-03-25T00:21:15.000000;2016-03-25T00:21:15.960000;57dd7409-ba76-445a-965b-8f01ae6bfc54;11.325;0.60759483;BUY
2016-03-25T00:21:16.000000;2016-03-25T00:21:16.420000;1f409264-78ac-47ab-bb32-652baf4e5b53;11.325;3.1;BUY
2016-03-25T00:21:21.000000;2016-03-25T00:21:22.000000;1bb190e3-d71c-4a31-a6ce-a3417ddb7f6a;11.345;3.70759483;BUY
2016-03-25T00:21:22.000000;2016-03-25T00:21:22.647000;9f3629f7-2281-48d3-b1f1-1ad9dd7d1cb7;11.345;0.60759483;BUY
2016-03-25T00:28:38.000000;2016-03-25T00:28:38.077000;4711ea9e-cf41-4d4f-900a-01162508ad76;11.334;1.301255;SELL
2016-03-25T00:28:59.000000;2016-03-25T00:28:59.877000;39d639b2-1b15-4b25-afe7-3be59f0b4f3c;11.334;2.19;SELL
2016-03-25T00:29:00.000000;2016-03-25T00:29:00.560000;d4568a5d-025b-4d52-8921-137fbfc2fe6a;11.353;0.21633983;BUY
2016-03-25T00:37:29.000000;2016-03-25T00:37:29.930000;6e5bd6a0-3ead-4b81-ac8e-5ae3f1359ce3;11.243;20.68739632;SELL
2016-03-25T00:42:46.000000;2016-03-25T00:42:46.500000;0f13dd56-5d08-4a66-b57e-8cdd28351ed6;11.243;8.0;SELL
2016-03-25T00:57:49.000000;2016-03-25T00:57:49.530000;2f4a17dc-4136-4b9b-96ca-a6f4e1641291;11.239;20.67063243;SELL
2016-03-25T01:27:19.000000;2016-03-25T01:27:19.333000;d7cade5c-72c2-4cf2-9f8a-a91188bc0199;11.306;44.099;BUY
2016-03-25T01:27:35.000000;2016-03-25T01:27:35.743000;a5eb1f4d-d029-4755-80bd-5430b6716ef3;11.305;43.969;BUY
2016-03-25T01:38:26.000000;2016-03-25T01:38:26.623000;ce8785d9-7960-42aa-acce-4f4cbbbd4116;11.284;2.397341;SELL
2016-03-25T01:38:26.000000;2016-03-25T01:38:26.950000;260d59a2-9970-4064-8448-661c9e4238ee;11.284;0.5;SELL
2016-03-25T01:38:29.000000;2016-03-25T01:38:29.167000;fa412c05-958c-497f-98ee-5070e4bd9d62;11.284;3.98218191;SELL
2016-03-25T01:38:29.000000;2016-03-25T01:38:29.300000;4d9fca74-0b85-475b-8254-27194f75792b;11.284;2.397341;SELL
2016-03-25T01:38:31.000000;2016-03-25T01:38:31.670000;74d46437-be8a-444b-a88e-6759289b5c25;11.284;14.62897268;SELL
2016-03-25T01:38:31.000000;2016-03-25T01:38:31.693000;722811fa-c7bf-4094-935c-adaecf52acd4;11.284;18.1852778;SELL
2016-03-25T01:38:32.000000;2016-03-25T01:38:32.373000;28411ba6-9ce3-454c-bf47-c5b2d332f8bc;11.284;2.90888561;SELL
2016-03-25T01:38:37.000000;2016-03-25T01:38:37.130000;20cf6b03-765e-4e4d-942e-50da58bcc941;11.265;0.71386036;SELL
2016-03-25T01:44:06.000000;2016-03-25T01:44:06.867000;3964acf4-ec47-4a28-ba0b-17bc771c04c7;11.128;2.484;SELL
2016-03-25T01:44:25.000000;2016-03-25T01:44:25.960000;ecacb945-f446-4e50-a830-f733835b985f;11.131;4.4;SELL
2016-03-25T01:44:25.000000;2016-03-25T01:44:25.967000;6482bc4e-6254-4378-a023-9bbefa707635;11.131;39.575;SELL
2016-03-25T01:44:31.000000;2016-03-25T01:44:31.403000;dc8fe3e4-47db-4ce6-bbee-d2b53d144c4e;11.132;1.48452616;SELL
2016-03-25T01:44:31.000000;2016-03-25T01:44:31.413000;1d95abfb-dab7-40f1-8f97-63b14b28da1e;11.127;2.437306;SELL
2016-03-25T01:44:31.000000;2016-03-25T01:44:31.833000;5f6724d7-877e-4628-890f-36e05b98b963;11.081;1.48730941;BUY
2016-03-25T01:44:32.000000;2016-03-25T01:44:32.840000;45849411-b64e-4207-b3b4-168f7becacfb;11.081;1.48452616;BUY
2016-03-25T01:44:33.000000;2016-03-25T01:44:33.740000;ca4b533c-0d10-44e9-ac34-62fb6085dea0;11.081;2.41759;BUY
2016-03-25T01:44:34.000000;2016-03-25T01:44:34.107000;805aa599-4b58-4053-ab47-538b121ec872;11.081;34.64274227;BUY
2016-03-25T01:44:38.000000;2016-03-25T01:44:38.583000;db6e0dca-2798-4e11-bf5d-8fff4ca84d07;11.198;2.41759;BUY
2016-03-25T01:52:11.000000;2016-03-25T01:52:11.330000;84d172c0-77fe-4dd3-8f7b-55cca910b9db;11.133;8.6;SELL
2016-03-25T01:52:11.000000;2016-03-25T01:52:11.330000;591fa755-2bcc-47fb-9295-ff53c180330d;11.132;52.443;SELL
2016-03-25T02:08:53.000000;2016-03-25T02:08:53.140000;64dbc16a-051c-4231-8abd-a8dc5f53f20f;11.149;2.694;SELL
2016-03-25T02:08:56.000000;2016-03-25T02:08:56.980000;3cf2d315-68f5-455e-8d67-792dbbe99b6d;11.149;2.174;SELL
2016-03-25T02:09:02.000000;2016-03-25T02:09:02.993000;c47d3710-670b-4614-be98-4c6c19a54b25;11.149;18.816;SELL
2016-03-25T02:14:20.000000;2016-03-25T02:14:20.750000;7f304227-8f0a-44a7-bfd5-0c33a5ffa9b6;11.132;37.06;SELL
2016-03-25T02:15:56.000000;2016-03-25T02:15:56.620000;29be773a-1ac6-448d-8a4d-b636ff42a8dd;11.108;8.212;SELL
2016-03-25T02:35:45.000000;2016-03-25T02:35:45.160000;f0d98d1e-dc4f-4c1b-8602-bde0fec3432e;11.07;10.0;SELL
2016-03-25T02:42:21.000000;2016-03-25T02:42:21.183000;dc7d5dd4-6527-44b3-992d-c1f41f86c391;11.06;1.0152;SELL
2016-03-25T02:43:17.000000;2016-03-25T02:43:17.223000;eae2646d-02c7-4d0f-ad08-092d943052f5;11.05;0.21;SELL
2016-03-25T02:43:17.000000;2016-03-25T02:43:17.237000;c312c7cd-33c6-4e14-930d-f40bb4b30640;11.05;4.79;SELL
2016-03-25T02:43:44.000000;2016-03-25T02:43:44.770000;c49c67cc-71aa-44b1-91f8-61a79f725bdc;11.05;1.55988292;SELL
2016-03-25T02:45:39.000000;2016-03-25T02:45:39.793000;45c1fed8-29dc-4bf9-bc32-9352f2893d68;11.05;5.0;SELL
2016-03-25T02:45:39.000000;2016-03-25T02:45:39.813000;63e5703d-7220-4fb0-8293-25509cd4bf6c;11.05;5.5;SELL
2016-03-25T02:45:41.000000;2016-03-25T02:45:41.237000;376e19f6-490b-43b0-b07a-a9f1320657d2;11.05;26.8145794;SELL
2016-03-25T02:45:41.000000;2016-03-25T02:45:41.453000;bb028756-e55e-4107-bc86-20d998f37e4c;11.05;106.33553768;SELL
2016-03-25T02:45:47.000000;2016-03-25T02:45:47.033000;e74ec0aa-127a-4be6-969f-9327771ded20;11.025;4.19404399;SELL
2016-03-25T02:45:47.000000;2016-03-25T02:45:47.423000;bb8b948f-5ba9-4258-a718-b56ab3552870;11.025;1.74805019;SELL
2016-03-25T02:45:47.000000;2016-03-25T02:45:48.033000;96b76505-78aa-4ce1-bc7b-32f09cf88c17;11.025;1.74979999;SELL
2016-03-25T02:45:48.000000;2016-03-25T02:45:48.157000;42e0b298-7782-49d7-96ea-e9c71da3421c;11.025;0.99945325;SELL
2016-03-25T02:45:48.000000;2016-03-25T02:45:48.517000;b896d9ec-e560-4347-883e-c09a1ff9b5ef;11.025;0.74859694;SELL
2016-03-25T02:45:48.000000;2016-03-25T02:45:48.820000;6728e4df-0235-4a18-b7ed-825b6174af7d;11.025;0.999;SELL
2016-03-25T02:45:49.000000;2016-03-25T02:45:49.380000;200b854b-ef70-4cdd-87c4-05d59ce12b53;11.025;1.74805019;SELL
2016-03-25T02:45:49.000000;2016-03-25T02:45:49.443000;30f87e99-8ccc-4326-88db-1929ee14e155;11.025;6.24439516;SELL
2016-03-25T02:45:49.000000;2016-03-25T02:45:49.453000;b9d7df36-1733-446b-88b7-a3ea5ddd60eb;11.025;12.68415436;SELL
2016-03-25T02:45:49.000000;2016-03-25T02:45:50.037000;bd4a95fb-c6a1-4044-99aa-56dba4a229bc;11.02;15.44208108;SELL
2016-03-25T02:45:50.000000;2016-03-25T02:45:50.210000;e487503d-6091-485b-92b4-003c4bd61a7a;11.02;0.99945325;SELL
2016-03-25T02:45:50.000000;2016-03-25T02:45:50.257000;99902029-8575-424f-ba0e-f624f114b1c4;11.02;11.37249832;SELL
2016-03-25T02:45:50.000000;2016-03-25T02:45:50.460000;7d5fcd9b-a948-4fe8-ac36-4802c531ba59;11.02;2.87770169;SELL
2016-03-25T02:45:50.000000;2016-03-25T02:45:50.593000;2f0071dd-1b9b-4332-b478-097fde0e5c11;11.02;9.93340675;SELL
2016-03-25T02:45:51.000000;2016-03-25T02:45:51.847000;bb7ac69c-b452-4282-a38d-9f0e9a56e17e;11.02;9.37485891;SELL
2016-03-25T02:45:55.000000;2016-03-25T02:45:55.847000;271ee298-27ab-4f90-8ec7-1f36cc48ff61;10.963;2.417482;SELL
2016-03-25T02:45:55.000000;2016-03-25T02:45:55.860000;79bca413-0767-469a-bd46-fe75899f2951;10.941;2.5;SELL
2016-03-25T02:45:55.000000;2016-03-25T02:45:55.863000;fb6cb5d8-8b87-4723-8027-45987eca231a;10.94;2.0;SELL
2016-03-25T02:45:55.000000;2016-03-25T02:45:55.897000;28ce0efc-1ee0-4e30-ab85-d0064ddfb936;10.94;7.73276858;SELL
2016-03-25T02:45:55.000000;2016-03-25T02:45:55.897000;3ce70c61-1246-48e7-a552-f71e7c0d5067;10.89;3.71264942;SELL
2016-03-25T02:46:28.000000;2016-03-25T02:46:28.117000;3807e042-55d9-44ef-b534-d548a90dfe55;10.89;8.75187515;SELL
2016-03-25T02:46:28.000000;2016-03-25T02:46:28.800000;8bedc9d2-0147-42e3-9fc8-dcd6741b7972;10.891;4.57321957;SELL
2016-03-25T02:46:28.000000;2016-03-25T02:46:28.807000;6ccf6e18-b875-4841-aeed-e0d77af0e770;10.89;16.18128686;SELL
2016-03-25T02:46:28.000000;2016-03-25T02:46:28.833000;365fd464-c954-4f70-bb1c-660821c441a3;10.89;8.75187515;SELL
2016-03-25T02:46:29.000000;2016-03-25T02:46:29.650000;dfd815ad-f16d-447c-b646-e3d1dcf8d41b;10.89;23.34011342;SELL
2016-03-25T02:46:32.000000;2016-03-25T02:46:32.703000;9706237f-a0f2-4ca4-81e9-13a55f82f5a3;10.889;45.0518;BUY
2016-03-25T02:46:32.000000;2016-03-25T02:46:32.717000;bda93319-86bb-4928-ac65-283632b5c1d0;10.89;4.20494885;BUY
2016-03-25T02:46:32.000000;2016-03-25T02:46:32.727000;ba740b93-aea5-45ef-a091-b4c410d6f938;10.89;11.16725115;BUY
2016-03-25T02:46:38.000000;2016-03-25T02:46:39.127000;47fcf3e8-1cba-42bd-9b42-f6042d3b0aa3;10.886;7.685;BUY
2016-03-25T02:46:38.000000;2016-03-25T02:46:39.180000;954cc86e-1134-4d60-abe2-427c92f64286;10.74;15.29799099;SELL
2016-03-25T02:46:45.000000;2016-03-25T02:46:45.790000;04fd7830-23ab-4840-845a-8f20c0a21f3d;10.882;37.36688738;BUY
2016-03-25T02:46:45.000000;2016-03-25T02:46:45.797000;d6b27717-a812-4810-81ad-1562305032c7;10.883;7.82211262;BUY
2016-03-25T02:46:53.000000;2016-03-25T02:46:53.547000;353180f5-8781-4208-97a7-838bd2e1a514;10.88;26.814;BUY
2016-03-25T02:47:07.000000;2016-03-25T02:47:07.900000;e6d6a1c6-6333-4ac0-9018-28c88073be0f;10.874;26.8145794;BUY
2016-03-25T02:47:07.000000;2016-03-25T02:47:07.907000;d05ed3cd-83cd-42ce-a932-ff3f8ce38295;10.883;2.393734;BUY
2016-03-25T02:47:08.000000;2016-03-25T02:47:08.117000;c996a4d0-b2e7-4a78-b7bb-2b0a3c260783;10.926;26.8145794;SELL
2016-03-25T02:47:08.000000;2016-03-25T02:47:08.363000;2d407831-33a6-4bac-b0d0-b579dc678434;10.926;44.4531072;SELL
2016-03-25T02:47:12.000000;2016-03-25T02:47:12.610000;9d774308-b31d-4761-8428-f305bacadf3b;10.873;19.128;BUY
2016-03-25T02:47:21.000000;2016-03-25T02:47:21.860000;202f8761-a649-4c5d-990e-eb910c051473;10.868;2.57163796;BUY
2016-03-25T02:47:21.000000;2016-03-25T02:47:21.867000;2a04b1d8-7a31-4c60-9581-1819f9771fb8;10.868;44.4531072;BUY
2016-03-25T02:47:21.000000;2016-03-25T02:47:21.877000;474eb1d7-3f82-4794-bde8-7b306a6153d6;10.868;4.8894247;BUY
2016-03-25T02:47:21.000000;2016-03-25T02:47:21.903000;4315c200-db7a-41b9-99c3-c070f7437060;10.868;37.48558969;BUY
2016-03-25T02:47:21.000000;2016-03-25T02:47:21.903000;dc9d8ed9-977b-4326-9d0f-885cd6231b55;10.869;91.29024045;BUY
2016-03-25T02:47:27.000000;2016-03-25T02:47:27.723000;f4932142-2f8e-4ba6-8f97-eec74cc1281e;10.867;27.2292;BUY
2016-03-25T02:47:40.000000;2016-03-25T02:47:40.747000;63295afd-bd9c-4055-b7f3-a4c35f690eb4;10.85;20.0;SELL
2016-03-25T02:52:04.000000;2016-03-25T02:52:04.240000;bba67979-295d-4f01-bde2-b8329e4ba42c;10.838;0.54992952;BUY
2016-03-25T02:52:04.000000;2016-03-25T02:52:04.260000;9d772143-128d-4897-956f-d5d0c849636c;10.839;1.04807048;BUY
2016-03-25T02:52:23.000000;2016-03-25T02:52:23.630000;f6be1e2f-f200-4e9e-998f-c5529eea8f07;10.882;26.8145794;BUY
2016-03-25T02:52:23.000000;2016-03-25T02:52:23.640000;a4d23a62-e641-4185-b73b-235765a71038;10.882;14.7704206;BUY
2016-03-25T03:05:25.000000;2016-03-25T03:05:25.687000;ccb391ae-64f3-4935-9cce-175d069ff793;10.8;2.487973;SELL
2016-03-25T03:05:25.000000;2016-03-25T03:05:25.830000;8015bff9-518f-4668-9ae7-6e4dfc3a7958;10.8;15.33977604;SELL
2016-03-25T03:05:27.000000;2016-03-25T03:05:27.437000;d2b872be-e5b5-42f1-9c29-ac6a10b1e02b;10.8;2.17225096;SELL
2016-03-25T03:05:27.000000;2016-03-25T03:05:27.447000;c88cfd1c-dd52-4590-a9f3-021426cd330b;10.8;0.1;SELL
2016-03-25T03:05:29.000000;2016-03-25T03:05:29.360000;3d12a081-356e-4f1a-8c6f-1795df11c57f;10.761;0.21572204;SELL
2016-03-25T03:12:10.000000;2016-03-25T03:12:10.287000;57899fc3-0292-4529-947c-b6a0efbb0289;10.79;2.716;BUY
2016-03-25T03:12:17.000000;2016-03-25T03:12:17.477000;a0d1fd0f-87e8-4462-a7e6-d7094662f61e;10.79;4.766;BUY
2016-03-25T03:12:24.000000;2016-03-25T03:12:24.657000;65f6fa0c-f010-4a25-ba6d-257fcceb5f14;10.79;1.424;BUY
2016-03-25T03:12:33.000000;2016-03-25T03:12:33.217000;178e131b-5eb2-40ab-9fdc-f8205c2edd9c;10.79;2.473;BUY
2016-03-25T03:12:40.000000;2016-03-25T03:12:40.190000;380760a2-2c37-4da5-a374-50571187a3b9;10.798;2.497968;BUY
2016-03-25T03:12:40.000000;2016-03-25T03:12:40.213000;7635c598-d9ae-423d-a491-49af959c8094;10.848;0.54992952;SELL
2016-03-25T03:12:40.000000;2016-03-25T03:12:40.450000;a8da459b-5513-4d31-b15d-71a7e0ac8eb0;10.848;0.00010248;SELL
2016-03-25T03:26:30.000000;2016-03-25T03:26:30.640000;2e44783c-f3da-4ff2-a7ff-441014b90f55;10.888;20.0;BUY
2016-03-25T03:26:38.000000;2016-03-25T03:26:38.830000;9f9ecebb-c3eb-48dc-b7e3-5c89b0b3d967;10.892;20.0;BUY
2016-03-25T03:28:03.000000;2016-03-25T03:28:03.473000;1c82e623-8cbe-4b93-82c3-3b167f9e35dd;10.9;20.0;BUY
2016-03-25T03:45:07.000000;2016-03-25T03:45:07.110000;08fef143-5e16-4837-a930-240f8fc9ff7c;10.909;1.3850136;BUY
2016-03-25T03:45:08.000000;2016-03-25T03:45:08.730000;53b2d0a3-a884-4d58-8aa2-824af932a7f9;10.909;1.3850136;SELL
2016-03-25T03:45:31.000000;2016-03-25T03:45:31.393000;37b8e400-f271-4ee2-b353-b86ecefee073;10.909;1.0;SELL
2016-03-25T03:45:57.000000;2016-03-25T03:45:57.467000;933b5f08-fec1-435f-98d9-925c7586bba6;10.909;1.0;SELL
2016-03-25T03:46:38.000000;2016-03-25T03:46:38.903000;f5ef21f8-151c-4fed-9693-ec8f050c8fce;10.909;0.4762728;SELL
2016-03-25T03:46:38.000000;2016-03-25T03:46:38.913000;e0314837-f3f6-40b6-96f5-577ff95cadb3;10.909;0.21566493;SELL
2016-03-25T03:49:10.000000;2016-03-25T03:49:10.633000;9f570e37-e14a-4764-89d6-d391af63b109;10.884;20.0;BUY
2016-03-25T03:49:21.000000;2016-03-25T03:49:21.390000;ec1643ba-8848-4b40-a40b-007824b23fb0;10.845;26.8145794;SELL
2016-03-25T03:52:49.000000;2016-03-25T03:52:49.403000;2b6a5211-8a19-45a2-92f4-e05f9771d197;10.799;20.0;BUY
2016-03-25T04:02:43.000000;2016-03-25T04:02:43.513000;3ad697e0-7643-445b-81f0-5e3d57d1ec8f;10.751;0.2;SELL
2016-03-25T04:02:43.000000;2016-03-25T04:02:43.520000;a81dac3b-ebe1-42ba-9197-4da0b6918c3a;10.751;7.13707106;SELL
2016-03-25T04:03:06.000000;2016-03-25T04:03:06.683000;9bb3999d-6ebd-47d2-ae1c-3c84e469db1f;10.751;10.00256302;SELL
2016-03-25T04:04:32.000000;2016-03-25T04:04:32.380000;6db24bca-9cfa-4124-827f-db9286527e9c;10.734;1.321;SELL
2016-03-25T04:04:50.000000;2016-03-25T04:04:50.633000;6ad845ea-a547-4cf0-87ba-cbb5ba2c8916;10.734;1.294;SELL
2016-03-25T04:09:22.000000;2016-03-25T04:09:22.720000;07a36ef9-031c-46d1-aadd-3abe55cbc212;10.751;37.1;SELL
2016-03-25T04:10:43.000000;2016-03-25T04:10:43.857000;ceabb9aa-a861-42b2-bac8-10a201b41c0a;10.755;0.58107;BUY
2016-03-25T04:12:29.000000;2016-03-25T04:12:29.697000;76f83e6f-ac17-4c57-bbce-df355c8717bd;10.755;20.0;BUY
2016-03-25T04:15:26.000000;2016-03-25T04:15:26.573000;70de26de-60ab-4825-9f5b-e0c7a2c6cd47;10.755;14.21;BUY
2016-03-25T04:15:40.000000;2016-03-25T04:15:40.240000;691b35c8-d08f-4a57-bec0-6ae5f3113639;10.755;26.84142082;BUY
2016-03-25T04:15:40.000000;2016-03-25T04:15:40.927000;f69ce98b-b519-42c7-b110-44c7d234ef3f;10.755;2.40528328;BUY
2016-03-25T04:19:21.000000;2016-03-25T04:19:21.923000;c6b33839-ee7c-4a63-8c7a-38a9005524f8;10.794;6.7270808;BUY
2016-03-25T04:21:14.000000;2016-03-25T04:21:14.370000;207727b6-9b01-416d-8248-6f5613f9488c;10.794;1.0;BUY
2016-03-25T04:22:30.000000;2016-03-25T04:22:30.443000;93d91a37-dfd5-4d2a-b032-087e83c07f95;10.82;0.48538;BUY
2016-03-25T04:23:15.000000;2016-03-25T04:23:15.737000;b27b9553-3e67-435d-940a-0e58b7864c45;10.82;0.4;BUY
2016-03-25T04:23:46.000000;2016-03-25T04:23:46.373000;7680b5a4-cc15-4075-a60d-b4f02184787b;10.82;1.0;BUY
2016-03-25T04:25:03.000000;2016-03-25T04:25:03.237000;7a502ec2-9e46-4121-87c2-a10894ec42b6;10.831;9.20920921;BUY
2016-03-25T04:28:29.000000;2016-03-25T04:28:30.130000;1044282c-cdb9-40cc-b15d-4dbd13be6349;10.829;17.60537019;BUY
2016-03-25T04:33:20.000000;2016-03-25T04:33:20.800000;4eca150c-f52d-4a5f-857e-a50ab158abcc;10.845;0.45265035;BUY
2016-03-25T04:34:46.000000;2016-03-25T04:34:46.773000;cf26108f-99d7-4560-8dbe-7cc285f91e13;10.902;1.9368;BUY
2016-03-25T04:38:16.000000;2016-03-25T04:38:16.157000;803ff416-a860-445e-a2b5-b23f876c61f0;10.836;45.6806;SELL
2016-03-25T04:51:45.000000;2016-03-25T04:51:45.667000;d346240e-0214-4dc2-a267-c199d590f8e3;10.75;20.0;SELL
2016-03-25T04:51:45.000000;2016-03-25T04:51:45.683000;e52314c5-1110-4f94-a0f2-f035a82df09d;10.75;2.0;SELL
2016-03-25T04:51:45.000000;2016-03-25T04:51:45.693000;20c7177e-96d9-4166-b554-f5d3e9bd9d3d;10.75;2.501087;SELL
2016-03-25T04:51:47.000000;2016-03-25T04:51:47.510000;09c34b96-650e-4517-95dd-3f4aa6cda402;10.734;2.385;SELL
2016-03-25T04:51:48.000000;2016-03-25T04:51:48.120000;eb62c5cf-d35c-46fc-9c84-a2df3311b9cd;10.73;5.58539738;SELL
2016-03-25T04:51:48.000000;2016-03-25T04:51:48.430000;9582d0c6-fc2d-4170-ac11-53be63e9d0a5;10.73;5.58539738;SELL
2016-03-25T04:51:51.000000;2016-03-25T04:51:51.180000;8ce03789-7b80-48b3-adf5-f9bb7b3a9276;10.73;4.9245;SELL
2016-03-25T04:51:52.000000;2016-03-25T04:51:52.200000;e0f0a25b-7478-4df3-ae67-310f5e5c84c7;10.73;3.90470524;SELL
2016-03-25T04:51:52.000000;2016-03-25T04:51:52.207000;953a4207-8ee2-4c7b-a5e6-51c73ef4fd29;10.73;0.21558773;SELL
2016-03-25T04:51:55.000000;2016-03-25T04:51:55.150000;c99fe634-81e9-46fc-a623-3240290f3d61;10.73;4.12029297;SELL
2016-03-25T04:51:58.000000;2016-03-25T04:51:58.473000;ee2d71f0-243a-4e06-8225-fbe2039e34dd;10.73;4.12029297;SELL
2016-03-25T04:52:05.000000;2016-03-25T04:52:05.883000;2e9471ec-5db1-4484-b428-2de191d8e4a6;10.728;2.043;BUY
2016-03-25T04:52:07.000000;2016-03-25T04:52:07.390000;ad2226ab-7a9e-49b7-890f-23a8335deb8f;10.704;2.5116333;SELL
2016-03-25T04:52:09.000000;2016-03-25T04:52:09.527000;512c0f3b-c8a6-496e-ba9e-1ea235bd3c77;10.729;2.511;BUY
2016-03-25T04:52:15.000000;2016-03-25T04:52:15.093000;6d0ecf0a-7e1d-4f34-9e28-b04b56348ed5;10.729;1.144;BUY
2016-03-25T04:52:21.000000;2016-03-25T04:52:21.227000;760795b3-cd62-4e98-82e1-97caf4fee004;10.729;6.713;BUY
2016-03-25T04:52:23.000000;2016-03-25T04:52:23.393000;b5f7e58c-8e7b-41e8-9c39-75e54e194246;10.704;17.4883667;SELL
2016-03-25T04:52:24.000000;2016-03-25T04:52:24.573000;2a76c9f2-dfce-4464-abf8-e68149dfd81d;10.7;3.21842056;SELL
2016-03-25T04:52:32.000000;2016-03-25T04:52:32.343000;2e5fe611-ba26-423a-947c-fbd4c1029fa4;10.704;2.317;BUY
2016-03-25T04:52:33.000000;2016-03-25T04:52:33.890000;1e0daa87-f8b8-4a6c-97b5-28d99ae96d8e;10.7;32.47148438;SELL
2016-03-25T04:52:38.000000;2016-03-25T04:52:38.153000;4916174a-662d-409b-be6a-19b7a1d642c1;10.704;1.0;BUY
2016-03-25T04:52:39.000000;2016-03-25T04:52:39.383000;7dc2f210-f196-416a-9804-924e4ba30181;10.7;32.47148438;SELL
2016-03-25T04:52:40.000000;2016-03-25T04:52:40.070000;8993e087-2dbc-4340-a455-ecda41dfe6ee;10.7;31.83861068;SELL
2016-03-25T04:52:40.000000;2016-03-25T04:52:40.070000;2d4d0836-c26b-45f1-ae29-ec0171d3cf70;10.684;0.6328737;SELL
2016-03-25T04:52:47.000000;2016-03-25T04:52:47.380000;2bd5e5c7-2769-4f4f-9ef5-1e5cd66b78db;10.703;2.358;BUY
2016-03-25T04:53:31.000000;2016-03-25T04:53:31.540000;cd3a95a2-844a-43d7-a2fb-e30f7a5c9e73;10.684;19.3671263;SELL
2016-03-25T04:53:31.000000;2016-03-25T04:53:31.557000;3f70f0f9-f684-459a-83c1-04ff1d6c10aa;10.68;10.4927;SELL
2016-03-25T04:53:31.000000;2016-03-25T04:53:31.560000;a815967c-78f9-459b-9306-b2737fc172d6;10.68;2.61165808;SELL
2016-03-25T04:53:36.000000;2016-03-25T04:53:36.120000;699e71d8-7be6-415c-9814-6f4656ea608c;10.68;17.38834192;SELL
2016-03-25T04:53:36.000000;2016-03-25T04:53:36.130000;686803df-89da-4956-b1f9-91985cdad62e;10.679;15.08314246;SELL
2016-03-25T04:53:50.000000;2016-03-25T04:53:51.013000;44e9710c-beb8-4e33-b5e9-9975b443695c;10.679;5.00121111;SELL
2016-03-25T04:54:27.000000;2016-03-25T04:54:27.997000;7ff1cefd-ea08-4584-ad12-5116fbf5ec33;10.679;1.09769;SELL
2016-03-25T04:54:48.000000;2016-03-25T04:54:48.790000;ec944e7b-a1b8-4ecd-a4d4-3500ebb44abc;10.679;6.62706;SELL
2016-03-25T04:54:50.000000;2016-03-25T04:54:50.027000;45e4ec14-f34f-4cd9-9aae-bd04cbd12917;10.679;1288.95;SELL
2016-03-25T04:54:50.000000;2016-03-25T04:54:50.320000;ee1ef0bf-eb2f-443c-bf7a-ef28f3de6e13;10.679;32.47148438;SELL
2016-03-25T04:54:50.000000;2016-03-25T04:54:50.723000;b649a879-f3ce-43a1-893d-41032d8cc437;10.679;115.32948005;SELL
2016-03-25T04:54:57.000000;2016-03-25T04:54:57.560000;fd0d1130-cac3-4cc8-b2a9-e161aa5ad508;10.587;5.03758132;SELL
2016-03-25T04:54:57.000000;2016-03-25T04:54:57.567000;97ec7ccc-69ac-4ff5-9f5b-21855005a6ad;10.585;2.52137;SELL
2016-03-25T04:54:57.000000;2016-03-25T04:54:57.577000;d3d7d632-e014-47a8-9f3d-0743faf80ad2;10.585;12.420306;SELL
2016-03-25T04:54:57.000000;2016-03-25T04:54:57.607000;3e287baa-eb26-4f8c-a111-082c94a20792;10.57;229.52074268;SELL
2016-03-25T04:58:02.000000;2016-03-25T04:58:02.303000;d9be5c89-e653-41be-af24-33d6e0fb3c82;10.57;4.95619795;SELL
2016-03-25T05:02:21.000000;2016-03-25T05:02:21.450000;07726b58-5352-467a-b605-f0c3fbada8e5;10.58;1.25;SELL
2016-03-25T05:02:26.000000;2016-03-25T05:02:26.850000;1790a751-46c8-4472-932a-c3c2cab3fffa;10.58;1.953;SELL
2016-03-25T05:02:42.000000;2016-03-25T05:02:42.557000;4c59c8d0-569f-457c-8f5c-69e09c24bf43;10.58;1.621;SELL
2016-03-25T05:03:24.000000;2016-03-25T05:03:24.610000;6d7f9e2c-a611-447c-9e4e-108077456c99;10.581;18.935;SELL
2016-03-25T05:03:37.000000;2016-03-25T05:03:37.740000;34f571a8-550a-45cb-a23b-3dcf22f5bb16;10.581;0.0006;SELL
2016-03-25T05:03:37.000000;2016-03-25T05:03:37.747000;07c6d4fc-3e5f-47a4-8ea2-7c207ae34696;10.581;1.1874;SELL
2016-03-25T05:05:04.000000;2016-03-25T05:05:04.637000;4ab04d81-2c08-4790-8731-cecafb0f8fc1;10.631;32.47148438;BUY
2016-03-25T05:05:04.000000;2016-03-25T05:05:04.647000;0e313a24-93cf-4845-9ad4-ced46d8b1be1;10.634;0.03250398;BUY
2016-03-25T05:05:06.000000;2016-03-25T05:05:06.797000;128f6952-55e1-47a2-af53-a6d14b6f3095;10.634;32.67529192;BUY
2016-03-25T05:07:22.000000;2016-03-25T05:07:22.137000;9b75e0f9-37da-479a-9815-54d266803bab;10.586;3.239;SELL
2016-03-25T05:09:09.000000;2016-03-25T05:09:09.947000;6eeecfe1-0334-4f76-933d-ee26309106e6;10.599;1.147;SELL
2016-03-25T05:11:03.000000;2016-03-25T05:11:03.130000;62364075-37b6-4402-b477-bf8f3fab55d5;10.582;13.488;SELL
2016-03-25T05:14:56.000000;2016-03-25T05:14:56.640000;134d8b63-bd4b-4ed3-abeb-af43d730bf80;10.581;2.614;SELL
2016-03-25T05:29:29.000000;2016-03-25T05:29:29.700000;a03ee64c-31ed-47ad-bddf-99810abc7bf6;10.666;1.0;BUY
2016-03-25T05:30:58.000000;2016-03-25T05:30:58.733000;2c918760-68d6-46b3-ba89-381588290c7a;10.607;46.241;SELL
2016-03-25T05:32:12.000000;2016-03-25T05:32:12.057000;f7326da8-53d0-46e7-9e9e-5659b019e877;10.667;46.9899;BUY
2016-03-25T05:32:12.000000;2016-03-25T05:32:12.067000;077aeda8-715a-4ceb-80a6-4a013205a994;10.667;45.0;BUY
2016-03-25T05:32:15.000000;2016-03-25T05:32:15.483000;a9620b88-50f2-497f-8d8e-bf6fe2cacd2e;10.679;3.90724521;BUY
2016-03-25T05:32:15.000000;2016-03-25T05:32:15.487000;3cbf4dc6-b1ac-4d1b-a596-1c792dfaf244;10.695;3.5;BUY
2016-03-25T05:32:15.000000;2016-03-25T05:32:15.497000;c31de4d0-b340-4f6f-b33b-9708936b5dfa;10.704;2.63353635;BUY
2016-03-25T05:32:21.000000;2016-03-25T05:32:21.613000;32812323-96eb-4006-b1a9-d341c11618b3;10.695;1.892;SELL
2016-03-25T05:32:27.000000;2016-03-25T05:32:28.020000;b461a5cc-2a03-4d86-9188-c156a253317f;10.695;2.11;SELL
2016-03-25T05:32:32.000000;2016-03-25T05:32:32.570000;25467aa2-d1a3-4b55-b523-210503b12353;10.695;38.251;SELL
2016-03-25T05:33:24.000000;2016-03-25T05:33:24.453000;995029f9-7985-4a4a-a89d-b75a52ddcd4f;10.715;21.20620621;BUY
2016-03-25T05:33:33.000000;2016-03-25T05:33:33.890000;cad229d2-bcff-4060-9e6d-53674383191b;10.717;1.768;SELL
2016-03-25T05:33:36.000000;2016-03-25T05:33:36.523000;4bf4aec5-b390-409e-bb3f-30f2abf3f8fd;10.73;4.12060682;BUY
2016-03-25T05:33:42.000000;2016-03-25T05:33:42.340000;0b3409d0-4e75-4482-82b6-2d8897857495;10.751;5.68682849;BUY
2016-03-25T05:33:43.000000;2016-03-25T05:33:43.243000;06f1fcbf-966f-4e6c-84ae-10176a881000;10.753;1.086;SELL
2016-03-25T05:33:56.000000;2016-03-25T05:33:56.520000;87ca0e65-596a-4af3-b379-312df062b3c8;10.785;44.4811;BUY
2016-03-25T05:33:56.000000;2016-03-25T05:33:56.520000;1e2cf260-7651-46fe-831c-4691887457d5;10.786;7.692796;BUY
2016-03-25T05:33:56.000000;2016-03-25T05:33:56.530000;7eaf646a-3008-46ea-997e-094d3040c046;10.787;2.499238;BUY
2016-03-25T05:33:57.000000;2016-03-25T05:33:58.067000;48eb3dfe-1866-41e0-9b00-7bec19e0bf6f;10.795;3.592;SELL
2016-03-25T05:34:02.000000;2016-03-25T05:34:02.517000;41f8e01d-4612-4de5-b371-ceb334f602ad;10.796;2.552;SELL
2016-03-25T05:34:08.000000;2016-03-25T05:34:08.223000;d76ed0ce-4e79-4809-b76c-14006c40f723;10.794;2.913;SELL
2016-03-25T05:34:25.000000;2016-03-25T05:34:25.160000;8089f1e5-b4a9-4a22-9a49-99f34cb6824d;10.794;1.85;SELL
2016-03-25T05:34:29.000000;2016-03-25T05:34:29.143000;b7faa47c-e17e-4c3b-9a35-a2162ad762b5;10.794;15.14;SELL
2016-03-25T05:34:34.000000;2016-03-25T05:34:34.957000;2c88a69b-5c85-4eab-8b73-6a96d5bd121b;10.794;1.331;SELL
2016-03-25T05:38:03.000000;2016-03-25T05:38:03.490000;7eb7187d-8eff-48d5-95a3-c905a072aedc;10.832;17.285;SELL
2016-03-25T05:38:32.000000;2016-03-25T05:38:32.280000;04b5fd42-1d85-4342-88c8-2d08c3295714;10.846;5.03758132;SELL
2016-03-25T05:40:01.000000;2016-03-25T05:40:01.807000;62ee32dc-0e45-4989-941c-40704b5649d4;10.926;0.35;BUY
2016-03-25T05:40:11.000000;2016-03-25T05:40:11.247000;e0b6cd9b-3355-4b93-86b0-a105aa0be6f7;10.929;1.089;SELL
2016-03-25T05:40:16.000000;2016-03-25T05:40:16.527000;e1583393-466a-4e58-a1cf-a693f903cdba;10.93;27.11978867;BUY
2016-03-25T05:40:17.000000;2016-03-25T05:40:17.800000;0b55633d-488c-4a00-9365-845088d3ac6d;10.93;2.88021133;BUY
2016-03-25T05:40:21.000000;2016-03-25T05:40:21.337000;70191721-ba82-4c53-a2ca-c6261cab3e11;10.926;0.35;SELL
2016-03-25T05:40:21.000000;2016-03-25T05:40:21.357000;9a7d57e2-097d-43c9-a58e-3198a9241bba;10.921;5.843;SELL
2016-03-25T05:40:26.000000;2016-03-25T05:40:26.490000;fbe1fd43-a873-4562-8ac6-ca2f37da7bad;10.921;39.329;SELL
2016-03-25T05:41:15.000000;2016-03-25T05:41:15.187000;c7c641a9-1c15-47ae-a626-6335c25eefad;10.98;0.40736;BUY
2016-03-25T05:41:52.000000;2016-03-25T05:41:52.590000;99b50f18-1fdb-4212-b21f-29959d8de211;10.91;27.171;SELL
2016-03-25T05:42:35.000000;2016-03-25T05:42:35.280000;ab3af90e-c4cb-440d-8132-e6654c172121;10.933;2.448;SELL
2016-03-25T05:43:20.000000;2016-03-25T05:43:20.417000;2e22023f-d2eb-4d59-8cea-1fec70c5ea4a;10.936;1.117;SELL
2016-03-25T05:43:29.000000;2016-03-25T05:43:29.733000;63d34491-3a1e-4521-9afc-368070674ac8;10.94;2.013;SELL
2016-03-25T05:45:00.000000;2016-03-25T05:45:00.083000;11f02ebc-4d0c-4a39-b7a8-a31bbd2063f3;10.934;45.2056;SELL
2016-03-25T05:45:00.000000;2016-03-25T05:45:00.100000;9a41bcf7-dad3-4b76-9915-1c37285f167b;10.934;40.9344;SELL
2016-03-25T05:45:04.000000;2016-03-25T05:45:04.457000;9306162e-0d2b-401d-88b0-3822d82c655c;10.934;4.065;SELL
2016-03-25T05:45:10.000000;2016-03-25T05:45:10.170000;8c7ae7b4-bffa-4bc0-bb19-bf4b6011656c;10.934;0.0006;SELL
2016-03-25T05:45:10.000000;2016-03-25T05:45:10.177000;ba5fa457-76c5-4f84-91a7-ebbacd86b41d;10.915;4.0644;SELL
2016-03-25T05:45:15.000000;2016-03-25T05:45:15.973000;f912ec56-34b2-4f3b-a762-559730e8d2cc;10.915;2.013;SELL
2016-03-25T05:45:27.000000;2016-03-25T05:45:27.500000;548edf9e-cb57-4d9b-91a0-e11e5972cad3;10.906;2.551;SELL
2016-03-25T05:48:09.000000;2016-03-25T05:48:09.323000;5d07d625-4172-4d0c-8ad1-87846a8a5c14;10.906;0.000939;SELL
2016-03-25T05:48:09.000000;2016-03-25T05:48:09.337000;cc14f8b8-6ec9-4e68-87af-618ef708eaba;10.821;7.2;SELL
2016-03-25T05:48:09.000000;2016-03-25T05:48:09.340000;72909a1e-1b94-4935-9842-af9fe74fc43f;10.82;13.146061;SELL
2016-03-25T05:48:23.000000;2016-03-25T05:48:23.553000;6f8ce5da-e35f-47f6-8d13-ef17d492a823;10.827;2.752;SELL
2016-03-25T05:49:45.000000;2016-03-25T05:49:45.277000;8eb90714-2271-405b-9418-f34365cfa24e;10.832;45.259;SELL
2016-03-25T05:49:49.000000;2016-03-25T05:49:49.383000;95ff2564-fd3b-41d4-80eb-da98535fd2b0;10.817;45.2688;SELL
2016-03-25T05:49:49.000000;2016-03-25T05:49:49.387000;04f57274-0cf8-4432-92d4-5b4e883b602d;10.817;10.49887;SELL
2016-03-25T05:49:49.000000;2016-03-25T05:49:49.400000;69eb6110-21cb-4ba2-84e4-4ed8b5f0dc19;10.816;7.175257;SELL
2016-03-25T05:49:49.000000;2016-03-25T05:49:49.427000;4d332bc3-f0bd-4623-ba8c-96e7a4690deb;10.815;2.47545;SELL
2016-03-25T05:49:49.000000;2016-03-25T05:49:49.960000;6f6a4077-2781-4428-9ec7-757057d3f2aa;10.767;0.84739062;BUY
2016-03-25T05:49:50.000000;2016-03-25T05:49:50.460000;a313e21a-0122-48fe-a4f8-db30fc077cb9;10.767;0.00023238;BUY
2016-03-25T05:49:57.000000;2016-03-25T05:49:57.233000;8ca19327-9012-4c6a-b1b0-8801559925b1;10.793;0.84739062;SELL
2016-03-25T05:49:57.000000;2016-03-25T05:49:57.240000;baf4f9d7-7208-48b5-aa69-474777e03d2f;10.793;0.847623;SELL
2016-03-25T05:49:57.000000;2016-03-25T05:49:57.247000;be3dff2d-e018-4343-b04b-ba23ffc0f743;10.792;16.78998638;SELL
2016-03-25T05:50:29.000000;2016-03-25T05:50:29.457000;1ab3f977-90e4-4c5c-b00a-55d975abd620;10.907;1.0;BUY
2016-03-25T05:52:07.000000;2016-03-25T05:52:07.060000;78e58dd7-12b4-4cd0-af66-55ebf9df1147;10.788;0.847623;SELL
2016-03-25T05:52:07.000000;2016-03-25T05:52:07.073000;f8922435-fd8f-4b40-aa18-58654a3ea745;10.767;0.8442359;SELL
2016-03-25T05:52:07.000000;2016-03-25T05:52:07.093000;03548b7f-a3e6-402e-bc22-f4e0fac75601;10.733;2.484317;SELL
2016-03-25T05:52:07.000000;2016-03-25T05:52:07.110000;879ce32c-1b92-4451-997b-48b8e0f5b178;10.733;6.2158231;SELL
2016-03-25T06:38:30.000000;2016-03-25T06:38:30.607000;eeca6683-9539-47bd-b063-963a736c0c20;10.74;2.475676;SELL
2016-03-25T06:38:30.000000;2016-03-25T06:38:30.810000;18987995-b269-4ed0-9300-7e871ac663da;10.74;29.99580838;SELL
2016-03-25T06:38:31.000000;2016-03-25T06:38:31.297000;4d1d3067-625a-4a67-8f87-2375b4aface2;10.74;2.1;SELL
2016-03-25T06:38:35.000000;2016-03-25T06:38:35.203000;e1604dc4-bb3c-4f91-8d19-06c0bd370082;10.74;15.42851562;SELL
2016-03-25T06:57:00.000000;2016-03-25T06:57:00.843000;4dd0cd98-8d56-49af-b825-63c8939098f3;10.688;0.4;BUY
2016-03-25T06:57:00.000000;2016-03-25T06:57:00.870000;894c09e9-6b7e-4805-a8ef-9ece578d3913;10.688;6.8;BUY
2016-03-25T06:57:00.000000;2016-03-25T06:57:00.877000;4315564c-81e7-4413-824f-34e18ee2510a;10.689;29.4;BUY
2016-03-25T07:09:26.000000;2016-03-25T07:09:26.910000;39c9e55c-5bfa-4f8f-9a1b-ef738f5cae9f;10.706;20.02002002;BUY
2016-03-25T07:12:15.000000;2016-03-25T07:12:15.400000;70e43b45-dd52-4555-b35d-902edcb97096;10.706;20.02002002;BUY
2016-03-25T07:13:53.000000;2016-03-25T07:13:53.677000;b0ad1cf5-59da-41e8-ba63-3dbab4c10ead;10.713;5.02003505;BUY
2016-03-25T07:33:52.000000;2016-03-25T07:33:52.873000;7bb60b00-5c45-4d41-ad63-9f32d6e5e185;10.711;4.74250367;BUY
2016-03-25T07:35:28.000000;2016-03-25T07:35:28.130000;0d2f9c8d-ce7b-4ae6-8b9a-ef54b8bec436;10.711;20.02002002;BUY
2016-03-25T07:35:40.000000;2016-03-25T07:35:40.840000;2327f9cb-5b07-4137-8a65-3f71b01a7e0c;10.71;1.001001;BUY
2016-03-25T07:38:34.000000;2016-03-25T07:38:34.650000;aa22313c-9d84-46cc-a61f-b70e053618eb;10.711;4.72725252;BUY
2016-03-25T07:39:04.000000;2016-03-25T07:39:04.507000;04afbeaf-956a-4983-9bab-f2ee269eb7fa;10.725;8.7022;BUY
2016-03-25T07:39:04.000000;2016-03-25T07:39:04.513000;5cbcae94-4b60-4167-b13d-2801c6332cdc;10.726;3.78885075;BUY
2016-03-25T07:39:04.000000;2016-03-25T07:39:04.523000;c7341625-ee6e-4a2f-9013-7a66d382c1bf;10.726;0.49419794;BUY
2016-03-25T07:39:04.000000;2016-03-25T07:39:04.553000;0646a624-2a3b-4725-91cc-8ad0a521f9ce;10.738;1.09936997;BUY
2016-03-25T07:57:01.000000;2016-03-25T07:57:01.713000;cd3d3d81-3041-421e-a2eb-7b87a4e8a213;10.86;3.3;BUY
2016-03-25T08:12:38.000000;2016-03-25T08:12:39.677000;111f6519-f512-486a-b08e-7959aed51ef4;10.898;5.0;BUY
2016-03-25T08:18:18.000000;2016-03-25T08:18:18.423000;d1a2717c-9725-4b31-8102-afe1fab2c0d6;10.899;0.1;BUY
2016-03-25T08:30:00.000000;2016-03-25T08:30:00.593000;11eb796d-777f-40d7-9008-5031b18f7751;10.887;11.7898;BUY
2016-03-25T08:32:26.000000;2016-03-25T08:32:26.653000;675019fd-86c1-4ef8-a786-5c41a8401915;10.882;43.9003878;SELL
2016-03-25T08:32:27.000000;2016-03-25T08:32:27.503000;c84edc85-0cdb-4f30-bd4a-fc3c658223f6;10.882;6.0996122;SELL
2016-03-25T08:32:55.000000;2016-03-25T08:32:55.830000;78131b20-ff4d-4dc9-9f90-53c0da486eee;10.876;27.26917414;SELL
2016-03-25T08:39:38.000000;2016-03-25T08:39:38.557000;9536849e-b2a1-4215-8c6b-dc94e6ff6258;10.876;22.73082586;SELL
2016-03-25T08:43:44.000000;2016-03-25T08:43:44.323000;2a0f4844-dff9-4629-9c74-8f0d251ded32;10.875;1.18211823;BUY
2016-03-25T08:43:44.000000;2016-03-25T08:43:44.337000;c03ed341-1b3e-4c37-b1ed-4a7410c762c9;10.875;2.09080097;BUY
2016-03-25T08:44:59.000000;2016-03-25T08:44:59.440000;4e48be17-31d3-4de1-a998-5d3da58c1599;10.874;32.47148438;SELL
2016-03-25T08:45:25.000000;2016-03-25T08:45:25.730000;cc91c213-eed7-4214-bd77-7f59ca7f55b3;10.874;1.51315193;SELL
2016-03-25T08:45:32.000000;2016-03-25T08:45:32.600000;a491e4f4-a0a1-4350-908b-c19222328740;10.874;3.37720514;SELL
2016-03-25T08:45:32.000000;2016-03-25T08:45:32.930000;5d3fae3d-0b47-45ba-b84b-87402056cc5b;10.874;11.43339316;SELL
2016-03-25T08:45:33.000000;2016-03-25T08:45:33.470000;83d50ef7-2a1c-41cf-b576-f8afac5baacc;10.874;1.20476539;SELL
2016-03-25T08:49:36.000000;2016-03-25T08:49:36.390000;9473d739-9f12-4e92-894d-139dd21289ab;10.87;32.47148438;SELL
2016-03-25T08:49:37.000000;2016-03-25T08:49:37.070000;e1968628-6919-460f-8aa3-eb3abe110bf3;10.87;17.52851562;SELL
2016-03-25T08:49:37.000000;2016-03-25T08:49:37.090000;af854f08-51d9-480c-955f-06661e4fcb86;10.86;0.61202864;SELL
2016-03-25T08:49:38.000000;2016-03-25T08:49:38.083000;a8a3cf20-569f-460e-bc6d-a38d3d6d4aeb;10.86;18.12240372;SELL
2016-03-25T08:49:41.000000;2016-03-25T08:49:41.763000;4c19d542-7deb-49f8-a11d-f7ba09f51f4b;10.86;31.26556764;SELL
2016-03-25T08:49:43.000000;2016-03-25T08:49:43.840000;53bc62d2-53a9-4932-b1ab-0ba1fd1234da;10.85;32.47148438;SELL
2016-03-25T08:49:43.000000;2016-03-25T08:49:43.853000;81b78e83-89f2-4fbe-bc25-f99ed8f9b537;10.85;17.52851562;SELL
2016-03-25T08:49:43.000000;2016-03-25T08:49:43.853000;c9d50787-ebe5-4209-a90a-02db07bb58a3;10.84;14.94296876;SELL
2016-03-25T08:49:43.000000;2016-03-25T08:49:43.927000;aaa5faf9-23a9-4ab9-9fd5-c7d0794dcbfa;10.84;25.71907441;SELL
2016-03-25T08:49:44.000000;2016-03-25T08:49:44.133000;a70e897c-2785-468a-8bfc-9a08085d6bbb;10.84;9.33795683;SELL
2016-03-25T08:49:46.000000;2016-03-25T08:49:46.510000;338133bf-b4d7-4f16-9437-118cf3094f8c;10.835;23.13352755;SELL
2016-03-25T08:51:55.000000;2016-03-25T08:51:56.017000;5dc0002f-884e-4c64-bc16-2eda59b78548;10.873;8.15;BUY
2016-03-25T09:07:29.000000;2016-03-25T09:07:29.867000;c08facef-762c-43b3-b2ef-b54be6bccdaf;10.85;0.99899999;SELL
2016-03-25T09:07:30.000000;2016-03-25T09:07:30.533000;15dccf8d-ba57-4a4b-a91a-9139eaaf24e0;10.85;26.0842024;SELL
2016-03-25T09:07:34.000000;2016-03-25T09:07:34.053000;cd6a1eab-6c5e-42ff-937e-c7bad4ccfde7;10.85;18.91169645;SELL
2016-03-25T09:08:10.000000;2016-03-25T09:08:10.287000;759f1102-38d4-4097-bbc8-21f1edce7ee3;10.85;1.998;SELL
2016-03-25T09:08:11.000000;2016-03-25T09:08:11.840000;2335360f-2bff-4be3-b35d-9b8b8c536a55;10.85;1.998;SELL
2016-03-25T09:08:12.000000;2016-03-25T09:08:12.600000;9bf4a7ca-9d6d-44ae-a5dc-8173de2765f1;10.85;0.00910116;SELL
2016-03-25T09:08:12.000000;2016-03-25T09:08:12.603000;0c99d5d8-5037-4dce-a68b-a787d2cf4864;10.85;1.98889884;SELL
2016-03-25T09:08:19.000000;2016-03-25T09:08:19.047000;c3439635-e98c-441b-9350-8119e0e955cc;10.85;17.86363531;SELL
2016-03-25T09:08:19.000000;2016-03-25T09:08:19.277000;a34b8ee9-8288-4d69-bffc-01304d93f4b9;10.85;25.14746585;SELL
2016-03-25T09:08:20.000000;2016-03-25T09:08:20.270000;0b83c862-cc51-46bf-b5a8-0c139c7f31cc;10.845;7.32401853;SELL
2016-03-25T09:16:21.000000;2016-03-25T09:16:21.390000;45ea485d-68ae-4bb4-b781-a3ab4a2e6357;10.845;0.57122501;SELL
2016-03-25T09:25:17.000000;2016-03-25T09:25:18.037000;10b58f58-9cd0-4fb9-b741-3361857c7123;10.845;18.48112357;SELL
2016-03-25T09:45:01.000000;2016-03-25T09:45:01.967000;abcd18ea-77b8-4f17-b39a-425431e6cef1;10.85;3.00900901;BUY
2016-03-25T09:45:14.000000;2016-03-25T09:45:14.163000;6ae8a8af-a026-42c7-b43a-bea537868aa7;10.85;3.00900901;BUY
2016-03-25T09:45:26.000000;2016-03-25T09:45:26.933000;0d40f4dd-0463-47af-8e55-8682ac58b5cd;10.85;3.00900901;BUY
2016-03-25T09:45:43.000000;2016-03-25T09:45:43.317000;d40df54a-b505-426f-9594-2b5c52810343;10.85;9.00900901;BUY
2016-03-25T09:45:51.000000;2016-03-25T09:45:51.773000;2f51cbfb-eeef-4de4-a659-af7e4e928e47;10.85;1.96396396;BUY
2016-03-25T09:45:51.000000;2016-03-25T09:45:51.783000;c99ddb19-243e-4e92-bdde-9cd0dc28ade5;10.85;0.21564487;BUY
2016-03-25T09:51:39.000000;2016-03-25T09:51:40.037000;60f67c37-e946-413a-8871-90cdfc8fcdaa;10.864;2.46157704;BUY
2016-03-25T09:52:25.000000;2016-03-25T09:52:25.187000;be21ed66-e4ca-4a94-a932-d3b6f16f2a46;10.864;0.5005005;BUY
2016-03-25T09:55:01.000000;2016-03-25T09:55:01.477000;eedccd27-9861-4754-b15d-04615999bdf3;10.864;0.8008008;BUY
2016-03-25T10:04:28.000000;2016-03-25T10:04:28.117000;de553609-01a6-4761-ae16-5878c7751042;10.864;27.41471471;BUY
2016-03-25T10:09:02.000000;2016-03-25T10:09:02.530000;3aa1b9d3-98bd-4a5b-aa7d-6f73b4635a02;10.864;18.82240695;BUY
2016-03-25T10:09:02.000000;2016-03-25T10:09:02.540000;f65598d8-2404-42b7-9227-aea8d4d7fc26;10.865;9.38859305;BUY
2016-03-25T10:11:04.000000;2016-03-25T10:11:04.323000;0907daa4-0bad-446f-af8f-c0a7faa9539c;10.864;32.47148438;SELL
2016-03-25T10:13:54.000000;2016-03-25T10:13:54.573000;e874af39-4774-48f5-8493-9c3a909de399;10.864;17.52851562;SELL
2016-03-25T10:13:54.000000;2016-03-25T10:13:54.587000;df8ec66a-cadc-42af-9339-b962790a1839;10.863;14.94296876;SELL
2016-03-25T10:16:59.000000;2016-03-25T10:16:59.637000;6fabb657-f4e3-4bc0-839e-d1a84a7ca783;10.863;45.2044;SELL
2016-03-25T10:17:15.000000;2016-03-25T10:17:15.800000;43f27c4c-db21-49c7-9bf9-0804c6a0f2f3;10.863;4.4864;SELL
2016-03-25T10:17:44.000000;2016-03-25T10:17:44.953000;ed03f1e2-fa3a-4b7a-a09a-e3bc8796c0b5;10.863;27.31686922;SELL
2016-03-25T10:17:45.000000;2016-03-25T10:17:45.350000;8c49425f-d681-49ec-9bf0-c3b03efa33f9;10.863;22.63313077;SELL
2016-03-25T10:17:47.000000;2016-03-25T10:17:47.057000;d13ed4d7-eef4-4b73-a0ee-4c183697fffe;10.863;32.47148438;SELL
2016-03-25T10:18:10.000000;2016-03-25T10:18:10.353000;c7b22759-250f-4c5c-97fe-3942dffa8daa;10.863;7.57851563;SELL
2016-03-25T10:18:10.000000;2016-03-25T10:18:10.360000;14f53273-aadd-4a92-a780-3fb49b1ed059;10.863;19.73835346;SELL
2016-03-25T10:18:11.000000;2016-03-25T10:18:11.657000;8e048970-cac9-4038-86de-8f7f03f2e3f2;10.863;22.63313084;SELL
2016-03-25T10:18:12.000000;2016-03-25T10:18:12.580000;544200ae-021f-4ba8-96ad-88255f957598;10.863;22.63313091;SELL
2016-03-25T10:18:12.000000;2016-03-25T10:18:12.607000;c73e6141-7e1a-4914-9801-f1b3b259d262;10.863;32.47148438;SELL
2016-03-25T10:18:12.000000;2016-03-25T10:18:12.893000;afafae0b-5b8a-4776-8e7a-ac96aa93c104;10.863;17.59060342;SELL
2016-03-25T10:18:13.000000;2016-03-25T10:18:13.113000;dddb4d09-c3d0-46dc-bccd-10bbad80d8cd;10.863;14.93329699;SELL
2016-03-25T10:18:53.000000;2016-03-25T10:18:53.853000;9c3a30f5-4da9-4647-a848-903cf171bd54;10.84;45.0;SELL
2016-03-25T10:18:53.000000;2016-03-25T10:18:53.867000;b164a042-8ec9-4383-b18b-6f3851c279cd;10.84;0.3353;SELL
2016-03-25T10:18:54.000000;2016-03-25T10:18:54.923000;67d9f35d-ec94-4cfb-9387-f13d21fc0583;10.84;29.6647;SELL
2016-03-25T10:22:05.000000;2016-03-25T10:22:06.000000;29044fbb-8194-42cb-b315-a676d3ab2893;10.84;45.3481;SELL
2016-03-25T10:23:21.000000;2016-03-25T10:23:21.557000;fa88132b-2879-4ba3-9186-12e1f41146ab;10.84;32.47148438;SELL
2016-03-25T10:23:22.000000;2016-03-25T10:23:22.113000;e7908135-9ce9-4018-949a-6b27ec654670;10.84;45.2783;SELL
2016-03-25T10:23:22.000000;2016-03-25T10:23:22.210000;35f9621e-a2b8-4323-817a-568aa04c2a48;10.84;32.47148438;SELL
2016-03-25T10:23:23.000000;2016-03-25T10:23:23.107000;eae69c9c-2a93-42c7-a7c1-29cba8c3a525;10.84;32.47148438;SELL
2016-03-25T10:23:23.000000;2016-03-25T10:23:23.560000;fd450194-b7c2-401e-b5c6-85b75339ab35;10.84;32.47148438;SELL
2016-03-25T10:23:24.000000;2016-03-25T10:23:24.957000;e00ee580-b312-4a26-a8e3-d9cfa26a42c7;10.84;32.47148438;SELL
2016-03-25T10:23:26.000000;2016-03-25T10:23:26.287000;29eec17d-e1df-4236-a9dc-e77add526d23;10.84;24.04877275;SELL
2016-03-25T10:23:26.000000;2016-03-25T10:23:26.950000;a5012dd0-c9eb-4ba8-b5e7-d2e5a0fff766;10.84;32.47148438;SELL
2016-03-25T10:23:27.000000;2016-03-25T10:23:27.593000;deb424a5-0f6d-4fd1-b7b9-0adb47a583c9;10.84;5.84402097;SELL
2016-03-25T10:28:48.000000;2016-03-25T10:28:48.440000;edbcc6bb-9280-433d-b734-d3271f691d9b;10.839;9.10054677;SELL
2016-03-25T10:28:51.000000;2016-03-25T10:28:51.730000;5fd406e7-a219-496f-b885-5cb94f14a1d4;10.839;9.10054677;SELL
2016-03-25T10:34:56.000000;2016-03-25T10:34:56.500000;a3574886-3195-4ab5-b9b7-e8828adc0bb8;10.841;0.14411;BUY
2016-03-25T10:43:25.000000;2016-03-25T10:43:25.500000;78e1e917-4729-4386-91d4-c343c0a7eef2;10.841;9.86640405;BUY
2016-03-25T10:43:25.000000;2016-03-25T10:43:25.517000;62a85ca5-93c8-4f49-9c58-b89919a22e64;10.843;22.63758431;BUY
2016-03-25T10:43:26.000000;2016-03-25T10:43:26.217000;820f64a3-b2a8-402a-993f-232eb45cfd78;10.84;9.83390007;SELL
2016-03-25T10:43:29.000000;2016-03-25T10:43:29.683000;9a2a174e-afa2-4587-b4de-bc978fb02d81;10.849;7.69983392;BUY
2016-03-25T10:43:30.000000;2016-03-25T10:43:30.100000;3ebfdad2-ac89-4aaa-8c70-70633333d4f5;10.865;8.3161821;BUY
2016-03-25T10:44:36.000000;2016-03-25T10:44:37.030000;7b29e14b-6532-422a-a531-d7cda0b7f126;10.865;0.1438;BUY
2016-03-25T10:46:00.000000;2016-03-25T10:46:00.150000;b70a3c84-7f52-4146-8ced-e2d1696a58d7;10.865;1.0;BUY
2016-03-25T10:46:03.000000;2016-03-25T10:46:03.353000;aafed6cc-546f-4739-9c86-38437b74b01f;10.865;1.0;BUY
2016-03-25T10:46:06.000000;2016-03-25T10:46:06.337000;7e3b897c-b44c-49c5-a1da-f98eea033c81;10.865;4.60218882;BUY
2016-03-25T10:46:08.000000;2016-03-25T10:46:08.660000;4bad7d6a-c8c2-4df0-a2e5-b0a6b05408f8;10.865;4.60218882;BUY
2016-03-25T10:46:08.000000;2016-03-25T10:46:09.007000;755613c8-295d-44da-be1f-f5fcc2ab0650;10.865;0.94704721;BUY
2016-03-25T10:46:45.000000;2016-03-25T10:46:45.827000;3cf2d686-2f33-4592-8b04-54764ef36cce;10.874;0.9;BUY
2016-03-25T10:46:45.000000;2016-03-25T10:46:45.850000;236fdc95-2d49-4546-be92-42edffbe9e0d;10.875;4.13715532;BUY
2016-03-25T10:46:55.000000;2016-03-25T10:46:55.853000;faaad505-eb46-4413-a989-7365c790dd9a;10.875;4.00429467;BUY
2016-03-25T10:46:58.000000;2016-03-25T10:46:59.023000;7075a14a-d912-497c-8578-10b4d9caea77;10.875;2.883793;BUY
2016-03-25T10:46:59.000000;2016-03-25T10:46:59.777000;68a4bbe4-fe9e-4aac-9a6f-a83b61263195;10.875;8.00800772;BUY
2016-03-25T10:47:01.000000;2016-03-25T10:47:01.407000;c978ab20-d055-46db-8c12-643b4b439d4a;10.875;8.00800772;BUY
2016-03-25T10:47:03.000000;2016-03-25T10:47:03.070000;b0af61c5-7ff3-4b52-9252-51707c7e38ed;10.875;8.00800772;BUY
2016-03-25T10:47:19.000000;2016-03-25T10:47:19.853000;60312f64-8aff-44fa-9860-b5b116953088;10.875;1.26261382;BUY
2016-03-25T10:47:24.000000;2016-03-25T10:47:24.497000;047399b5-4bb2-4c03-bf0a-f0b9c95f7fec;10.875;4.07991496;BUY
2016-03-25T10:47:25.000000;2016-03-25T10:47:25.680000;1fe5626b-d3b3-49c4-8e2e-befe60a68aed;10.871;0.5571268;SELL
2016-03-25T10:47:27.000000;2016-03-25T10:47:27.050000;2bb53300-3a6b-4208-b170-0cc401ee2121;10.875;6.21050668;BUY
2016-03-25T10:47:27.000000;2016-03-25T10:47:28.037000;873607d4-360b-45ad-8f18-379ff9db31c4;10.875;2.85240103;BUY
2016-03-25T10:47:27.000000;2016-03-25T10:47:28.047000;ab55dfbc-3b3b-4eaf-84d4-e161a7aefbd7;10.875;0.86066509;BUY
2016-03-25T10:47:32.000000;2016-03-25T10:47:32.420000;7afe407b-ae8d-40fd-b0a2-d128133e63bf;10.877;0.86066479;BUY
2016-03-25T10:51:28.000000;2016-03-25T10:51:28.970000;00dd0e5d-5fcd-4262-877b-7c80d205e917;10.934;0.6;BUY
2016-03-25T10:53:33.000000;2016-03-25T10:53:33.147000;6e991a0b-27fa-46a9-99c1-0113b88f0ad3;10.935;0.48392;BUY
2016-03-25T10:54:07.000000;2016-03-25T10:54:07.803000;aefb0f41-6d44-4659-b878-77cf28d1f956;10.935;3.3322;BUY
2016-03-25T10:54:49.000000;2016-03-25T10:54:49.277000;a2044004-ed23-4bc8-bbd0-89115c5bda35;10.934;1.3451;SELL
2016-03-25T10:59:45.000000;2016-03-25T10:59:45.600000;95c8f30c-7e07-4764-bc32-48d1c85edd37;10.934;234.47694063;SELL
2016-03-25T11:16:07.000000;2016-03-25T11:16:07.800000;4a0eecca-9d7d-43a1-9efc-43a53aa32982;10.94;0.100701;BUY
2016-03-25T11:16:07.000000;2016-03-25T11:16:07.810000;152c4f02-7020-4df7-89d5-c91c9c4db078;10.94;12.851853;BUY
2016-03-25T11:18:40.000000;2016-03-25T11:18:40.240000;79dda1e3-a750-4b35-ab5a-bf207fbd7704;10.94;0.5;BUY
2016-03-25T11:19:31.000000;2016-03-25T11:19:31.247000;490657f6-4597-41d0-96fb-f8311a719a83;10.94;16.648147;BUY
2016-03-25T11:20:14.000000;2016-03-25T11:20:14.470000;e68f9c23-f132-4c42-8f00-9a109ebe4f72;10.945;1.01202303;BUY
2016-03-25T11:20:40.000000;2016-03-25T11:20:40.983000;c459af71-1150-416e-9d82-47ade76cc622;10.945;48.98797697;BUY
2016-03-25T11:21:29.000000;2016-03-25T11:21:29.347000;e8077569-42a5-456b-89b3-5df952b84a27;10.95;50.0;BUY
2016-03-25T11:21:51.000000;2016-03-25T11:21:52.013000;af9f1a30-377d-4ce9-94ba-282d37ca73b9;10.982;5.0;BUY
2016-03-25T11:21:51.000000;2016-03-25T11:21:52.017000;75e0a540-a54b-4adf-9a4f-f63535bc17c9;10.982;45.0;BUY
2016-03-25T11:22:44.000000;2016-03-25T11:22:44.683000;fae4ba41-1b9a-4676-91e1-02e033637c4c;10.988;1.67835846;BUY
2016-03-25T11:22:48.000000;2016-03-25T11:22:49.020000;520fe2a9-5426-4935-b98a-cfc88f86872c;10.99;4.0;SELL
2016-03-25T11:23:05.000000;2016-03-25T11:23:05.707000;443623ca-527c-4b3b-912c-117b80890886;10.998;32.47148438;BUY
2016-03-25T11:23:05.000000;2016-03-25T11:23:05.717000;d09b0381-2f81-4d2e-89ad-471b786e5396;10.999;2.526434;BUY
2016-03-25T11:23:05.000000;2016-03-25T11:23:05.727000;1a43eb0a-2103-4567-9b06-b0ccbcd099f3;11.0;30.0;BUY
2016-03-25T11:23:08.000000;2016-03-25T11:23:08.740000;600fd16f-47fb-47d0-a658-a9f88e7d7fcc;11.0;12.23955982;SELL
2016-03-25T11:23:09.000000;2016-03-25T11:23:09.393000;b5bc4e47-f6af-45af-b415-9500e5af5c25;11.0;12.23955982;SELL
2016-03-25T11:23:48.000000;2016-03-25T11:23:48.073000;6554129e-17c6-4d14-8020-8fa398ea6206;11.021;3.88174136;SELL
2016-03-25T11:23:48.000000;2016-03-25T11:23:48.430000;8de9e64d-a3d5-455e-af9f-f8368c319979;11.021;1.0;SELL
2016-03-25T11:23:51.000000;2016-03-25T11:23:51.343000;09f3401b-61aa-4011-a897-f95ffdebb53c;11.026;1.55736469;SELL
2016-03-25T11:23:52.000000;2016-03-25T11:23:52.137000;ac771ff1-c866-4e91-9244-22afe9642bcd;11.026;1.0;SELL
2016-03-25T11:23:54.000000;2016-03-25T11:23:54.450000;910c6faf-b4ef-4663-9b58-e2dd59e57fa2;11.026;1.0018961;SELL
2016-03-25T11:23:54.000000;2016-03-25T11:23:54.873000;5a52d3b9-1914-4eb5-b2e7-dde8cf2918a3;11.026;1.0;SELL
2016-03-25T11:23:57.000000;2016-03-25T11:23:57.400000;9b1dda09-726f-48a1-94c2-e18afb1833b8;11.026;4.29897869;SELL
2016-03-25T11:24:10.000000;2016-03-25T11:24:10.403000;95837147-e06e-488a-8a4c-43643ae313ab;11.035;1.0;SELL
2016-03-25T11:24:13.000000;2016-03-25T11:24:13.710000;ac04ca30-b069-4cbc-b61a-41a2685fb866;11.035;0.99309382;SELL
2016-03-25T11:24:17.000000;2016-03-25T11:24:17.083000;dee832da-287b-4b1c-8ea5-d981a830b16c;11.035;0.4957919;SELL
2016-03-25T11:24:21.000000;2016-03-25T11:24:21.107000;2f652ca1-2241-468d-ae77-653086e79ff3;11.035;2.19942806;SELL
2016-03-25T11:24:23.000000;2016-03-25T11:24:23.613000;1a0b6528-40fd-47c7-9539-4940ddc6106e;11.035;1.0;SELL
2016-03-25T11:24:24.000000;2016-03-25T11:24:24.150000;7faa279f-8ab9-4402-81c4-5903763a3a53;11.035;0.99309382;SELL
2016-03-25T11:24:28.000000;2016-03-25T11:24:28.190000;1158bb97-f8c3-4e12-a67a-bb7b3368dfb2;11.035;1.00940052;SELL
2016-03-25T11:24:31.000000;2016-03-25T11:24:31.273000;700e3f50-9ab6-4399-ad43-8c5941836387;11.038;4.03878223;SELL
2016-03-25T11:24:34.000000;2016-03-25T11:24:34.253000;77a332a9-10da-40f3-9870-0f6c0da00a47;11.038;4.25328835;SELL
2016-03-25T11:24:35.000000;2016-03-25T11:24:35.157000;55eca8cc-fc54-459b-b4cd-e919f773dd9b;11.038;1.0;SELL
2016-03-25T11:24:38.000000;2016-03-25T11:24:38.353000;f3c0a741-b3eb-407d-9aa7-8e411258ab2b;11.038;4.13168244;SELL
2016-03-25T11:24:42.000000;2016-03-25T11:24:42.257000;c6e28484-c1e2-4e9b-b7cf-139e43f06923;11.04;1.0;SELL
2016-03-25T11:24:42.000000;2016-03-25T11:24:42.533000;ce4e735d-36f8-48ff-b698-4df8c9e6f3a8;11.04;3.99548074;SELL
2016-03-25T11:24:45.000000;2016-03-25T11:24:45.837000;409cda33-27b1-4926-b793-2cb8328a60fa;11.04;1.0;SELL
2016-03-25T11:24:49.000000;2016-03-25T11:24:49.410000;a3271d90-1b06-480c-92ec-748f959acab1;11.04;1.0;SELL
2016-03-25T11:24:51.000000;2016-03-25T11:24:51.823000;49a115d5-074b-4b1f-aa2d-e037f6d6e19b;11.042;1.24625905;SELL
2016-03-25T11:24:57.000000;2016-03-25T11:24:57.610000;f6ede701-aa05-4033-a5b7-4e8ba6408af8;11.042;4.38998733;SELL
2016-03-25T11:24:59.000000;2016-03-25T11:24:59.777000;96b65d09-d75c-405f-a070-88ac15080284;11.042;11.32313258;SELL
2016-03-25T11:25:00.000000;2016-03-25T11:25:00.543000;88379080-748c-42e2-b17a-60cbde6e0700;11.044;35.6;SELL
2016-03-25T11:25:00.000000;2016-03-25T11:25:00.853000;73d7115c-ab29-4437-a73f-121315a7cf01;11.044;4.38998733;SELL
2016-03-25T11:25:03.000000;2016-03-25T11:25:03.810000;499787b7-dc6a-4719-8eac-9895c648b81c;11.044;3.07902172;SELL
2016-03-25T11:25:04.000000;2016-03-25T11:25:04.253000;11cba51c-c96f-4f11-a323-96782f080b97;11.044;4.53190269;SELL
2016-03-25T11:25:06.000000;2016-03-25T11:25:06.910000;b1f20d26-d347-4580-86ab-74d6481ec8e9;11.044;32.47148438;SELL
2016-03-25T11:25:07.000000;2016-03-25T11:25:07.523000;b5436bc4-c64b-4317-b708-b7a06a916c0a;11.044;9.97801362;SELL
2016-03-25T11:25:07.000000;2016-03-25T11:25:07.583000;b805b89b-92ad-4aa1-8c86-33400482eec6;11.044;1.30148003;SELL
2016-03-25T11:25:07.000000;2016-03-25T11:25:07.820000;d61f9672-b69a-481a-b30b-bbaeb7c83c22;11.044;4.53190269;SELL
2016-03-25T11:25:08.000000;2016-03-25T11:25:08.363000;f9e67da5-8d1e-471a-aa9c-b9808aa52b57;11.044;32.47148438;SELL
2016-03-25T11:25:08.000000;2016-03-25T11:25:08.877000;146fec84-77eb-44d7-afc5-501499bde455;11.044;1.14506984;SELL
2016-03-25T11:25:08.000000;2016-03-25T11:25:08.917000;acc7b3b3-8ca6-4ba7-acf5-cbb06dca22e9;11.044;8.77886877;SELL
2016-03-25T11:25:11.000000;2016-03-25T11:25:11.440000;df9832a6-c868-40f8-9582-68054ff6302a;11.045;4.46378692;SELL
2016-03-25T11:25:11.000000;2016-03-25T11:25:11.480000;796debc2-f1a5-4556-b4ad-8fdbfff48074;11.045;1.0;SELL
2016-03-25T11:25:12.000000;2016-03-25T11:25:12.770000;2e10681a-a284-43c7-a174-67cfc4fb5d95;11.045;1.0;SELL
2016-03-25T11:25:14.000000;2016-03-25T11:25:14.293000;6763abda-bc55-4941-a6bf-3c4802f2edce;11.045;4.5352564;SELL
2016-03-25T11:25:15.000000;2016-03-25T11:25:15.597000;017a14bc-7e68-4ca9-b1a9-93c306c3c264;11.045;0.77134058;SELL
2016-03-25T11:25:15.000000;2016-03-25T11:25:15.653000;ffc2a07c-1e9c-4c5c-8802-c60db0beb6ac;11.045;5.91361116;SELL
2016-03-25T11:25:16.000000;2016-03-25T11:25:16.753000;5e6f91f3-1b04-49d5-b93b-a20143b49a71;11.045;0.68300739;SELL
2016-03-25T11:25:16.000000;2016-03-25T11:25:16.770000;1f5388a0-cbd4-41cf-ad54-89086afd38a4;11.045;5.23638999;SELL
2016-03-25T11:25:17.000000;2016-03-25T11:25:17.233000;90e3da81-5d91-46ca-9c39-1b68f6b9b2f3;11.045;1.0;SELL
2016-03-25T11:25:17.000000;2016-03-25T11:25:17.460000;5c53c6fb-84fa-4995-8cef-8cde166c8209;11.045;0.69311385;SELL
2016-03-25T11:25:17.000000;2016-03-25T11:25:17.550000;ed0986ed-e6d3-4869-ae14-cd847370b4cc;11.045;5.31387287;SELL
2016-03-25T11:25:18.000000;2016-03-25T11:25:18.203000;249b82a2-4fc7-4880-9b34-0ff2ab2284c3;11.045;32.47148438;SELL
2016-03-25T11:25:18.000000;2016-03-25T11:25:18.273000;24295158-d9bb-46b1-975d-ee6e899adec9;11.045;4.5352564;SELL
2016-03-25T11:25:18.000000;2016-03-25T11:25:18.643000;fc83d4ee-9b52-459f-8d3c-643bf69878c0;11.045;0.35;SELL
2016-03-25T11:25:19.000000;2016-03-25T11:25:19.073000;934a9026-c4b7-4be4-a5ff-677a325fd870;11.045;25.91466185;SELL
2016-03-25T11:25:19.000000;2016-03-25T11:25:19.773000;16356f0d-9312-4d3e-89f3-afaa4a0f9875;11.045;16.30762819;SELL
2016-03-25T11:25:26.000000;2016-03-25T11:25:26.153000;65268a12-ac09-4c43-8ac3-d6883371143a;11.04;4.17790899;SELL
2016-03-25T11:25:26.000000;2016-03-25T11:25:26.880000;40f19237-ec6c-4cc6-9b3a-86578471ad33;11.04;16.11764404;SELL
2016-03-25T11:25:26.000000;2016-03-25T11:25:26.897000;2f496dc2-e94e-4309-9de7-ac0c5a4949ea;11.04;2.1023014;SELL
2016-03-25T11:25:27.000000;2016-03-25T11:25:27.720000;4bd28797-b76b-4d44-91f7-2c790ebddae7;11.04;26.47331655;SELL
2016-03-25T11:25:29.000000;2016-03-25T11:25:29.143000;75a46e5a-7506-40a2-bfa9-3e2cfbe762ff;11.04;4.17790899;SELL
2016-03-25T11:25:29.000000;2016-03-25T11:25:29.550000;f1e06c47-829b-4189-877f-9aa666527275;11.04;16.07874144;SELL
2016-03-25T11:25:29.000000;2016-03-25T11:25:29.610000;306f835c-791f-4264-80bf-0caf417f19f9;11.04;2.09722715;SELL
2016-03-25T11:25:30.000000;2016-03-25T11:25:30.107000;827c7405-f24e-4716-8f05-1bb6bea4a7f5;11.04;2.09722715;SELL
2016-03-25T11:25:30.000000;2016-03-25T11:25:30.180000;e54a2e19-844f-4996-9884-878522f6ef31;11.04;16.07874144;SELL
2016-03-25T11:25:30.000000;2016-03-25T11:25:30.287000;790af266-c9ef-4168-87fe-a47a9711d4db;11.04;1.0;SELL
2016-03-25T11:25:31.000000;2016-03-25T11:25:31.263000;b72150a1-142b-4962-acf4-efb9bcc42d8c;11.04;16.03127842;SELL
2016-03-25T11:25:31.000000;2016-03-25T11:25:31.337000;7894e6cd-dce3-4ec4-a35b-e0155faf1db9;11.04;2.09103631;SELL
2016-03-25T11:25:31.000000;2016-03-25T11:25:31.520000;da0f72a6-cb47-455c-91f5-621783467814;11.04;1.03651124;SELL
2016-03-25T11:25:32.000000;2016-03-25T11:25:32.647000;1b8de65c-6cfa-4f72-a9f5-25c69778bf3b;11.04;4.17790899;SELL
2016-03-25T11:25:32.000000;2016-03-25T11:25:32.847000;f8d7cee7-a472-491f-b3db-987b8a4c0e3a;11.04;10.24484886;SELL
2016-03-25T11:25:32.000000;2016-03-25T11:25:32.853000;02a5cb37-38d4-473f-b131-b864532f42c7;11.04;1.33628463;SELL
2016-03-25T11:25:33.000000;2016-03-25T11:25:33.267000;1b654f59-b9a2-42e4-95cf-df6627f27da3;11.04;7.94658623;SELL
2016-03-25T11:25:33.000000;2016-03-25T11:25:33.437000;e981a645-575c-4c62-8685-71ed30745e4f;11.04;1.0;SELL
2016-03-25T11:25:34.000000;2016-03-25T11:25:34.327000;32eec6c7-6878-4d11-993d-7d9a998f243d;11.04;14.00601856;SELL
2016-03-25T11:25:34.000000;2016-03-25T11:25:34.653000;958f7937-320f-4b53-acb6-67b5e037cfc4;11.04;1.82687198;SELL
2016-03-25T11:25:36.000000;2016-03-25T11:25:36.537000;9e85e229-ad98-40bb-a4f6-38c3e06b70b2;11.04;2.08691006;SELL
2016-03-25T11:25:36.000000;2016-03-25T11:25:36.570000;5e0b5c95-e6c6-41ea-b940-9aac826405dc;11.04;15.99964377;SELL
2016-03-25T11:25:37.000000;2016-03-25T11:25:37.303000;89264259-4e8a-4b92-8642-f7bc6ea9f339;11.04;15.99964377;SELL
2016-03-25T11:25:37.000000;2016-03-25T11:25:37.503000;21a6c85f-1a57-4ffd-ba39-a56a6db11265;11.04;2.08691006;SELL
2016-03-25T11:25:38.000000;2016-03-25T11:25:38.640000;a912cf91-73e8-4aa7-ac82-2548dd49e853;11.04;2.01991719;SELL
2016-03-25T11:25:40.000000;2016-03-25T11:25:40.227000;ccc431c0-855a-4022-95fc-a7347d278706;11.04;2.07952211;SELL
2016-03-25T11:25:40.000000;2016-03-25T11:25:40.250000;1d44a52c-a61e-4b3c-8d90-740f5ca26d25;11.04;26.87890855;SELL
2016-03-25T11:25:40.000000;2016-03-25T11:25:40.413000;820443ec-1934-4014-ace4-fccbfb809c7d;11.04;15.94300283;SELL
2016-03-25T11:25:40.000000;2016-03-25T11:25:40.873000;740f7e42-cb9e-4623-8d8b-9f71a6cdfdc2;11.04;4.17790899;SELL
2016-03-25T11:25:41.000000;2016-03-25T11:25:41.920000;3cc123aa-367b-4692-9e91-e009f1e040b4;11.04;27.13743715;SELL
2016-03-25T11:25:43.000000;2016-03-25T11:25:43.370000;a3449f13-f2d4-4843-8692-21768c98cbd4;11.041;2.12708194;BUY
2016-03-25T11:25:43.000000;2016-03-25T11:25:43.380000;edc5d983-6971-49ac-91e2-e455a05f82b3;11.041;0.59364634;BUY
2016-03-25T11:25:43.000000;2016-03-25T11:25:43.390000;657149a5-f2a8-4d73-805b-c353f562e2cd;11.041;4.55128861;BUY
2016-03-25T11:25:43.000000;2016-03-25T11:25:43.420000;b225c685-8e8d-4ad7-bf4f-b19c71675bdb;11.041;32.47148438;BUY
2016-03-25T11:25:43.000000;2016-03-25T11:25:43.420000;4709ad77-233b-4a39-98b0-430a68d0fc3c;11.042;2.5;BUY
2016-03-25T11:25:43.000000;2016-03-25T11:25:43.810000;beac23db-8f9a-4b34-8436-802bc85d046a;11.043;32.47148438;SELL
2016-03-25T11:25:43.000000;2016-03-25T11:25:43.917000;1594f7c8-07e4-449b-8508-1510041cdb98;11.043;25.45248607;SELL
2016-03-25T11:25:44.000000;2016-03-25T11:25:44.083000;ee0ee5ee-50f6-4f08-a7a0-98cab11b8660;11.043;0.43302906;SELL
2016-03-25T11:25:44.000000;2016-03-25T11:25:44.117000;4cc46b21-7848-49f4-bad9-838f539e9ed4;11.043;2.82594748;SELL
2016-03-25T11:25:44.000000;2016-03-25T11:25:44.137000;30bf27f1-36c4-42b3-bc9c-ee7ae01e4bad;11.043;21.66559734;SELL
2016-03-25T11:25:44.000000;2016-03-25T11:25:44.240000;d56a41b5-c979-4c1c-aab7-67d863c8d04c;11.043;15.9589618;SELL
2016-03-25T11:25:44.000000;2016-03-25T11:25:44.707000;2bfaeff5-24d8-40a5-8e4d-280922544b8f;11.043;3.31988949;SELL
2016-03-25T11:25:44.000000;2016-03-25T11:25:44.903000;cfba8c2f-2d6a-46d4-9a9a-558595131946;11.043;32.47148438;SELL
2016-03-25T11:25:45.000000;2016-03-25T11:25:45.190000;ba3e9406-3ce5-49e1-8bc7-4fed358aaa12;11.043;4.17790899;SELL
2016-03-25T11:25:46.000000;2016-03-25T11:25:46.567000;a9d14bf3-8eda-4aa0-9fd4-59105e72fccf;11.043;0.55830683;SELL
2016-03-25T11:25:46.000000;2016-03-25T11:25:46.587000;f334dfde-08ef-4de0-b069-654b19838b5a;11.043;4.2803524;SELL
2016-03-25T11:25:47.000000;2016-03-25T11:25:47.157000;576a59f8-32eb-417e-b11a-f78d8b63f912;11.043;1.50951416;SELL
2016-03-25T11:25:47.000000;2016-03-25T11:25:47.340000;c2f35de4-36a2-45c1-ae40-0942e3a82391;11.043;11.57294183;SELL
2016-03-25T11:25:48.000000;2016-03-25T11:25:48.857000;8b2bdd3f-b8c5-4243-a395-6e71a52bddf0;11.043;1.05859452;SELL
2016-03-25T11:25:52.000000;2016-03-25T11:25:52.233000;d8a94769-f8ea-457e-94d1-bcc50839d9ad;11.04;32.47148438;SELL
2016-03-25T11:25:57.000000;2016-03-25T11:25:57.840000;0456f7d1-685f-4a71-b853-573006eb86de;11.04;32.47148438;SELL
2016-03-25T11:26:01.000000;2016-03-25T11:26:01.437000;af0fff56-6ff4-49f8-8ab6-c138223ed493;11.04;13.97;SELL
2016-03-25T11:26:02.000000;2016-03-25T11:26:02.747000;355c5df8-3fb8-48eb-a679-091152b653a0;11.04;15.23452725;SELL
2016-03-25T11:26:04.000000;2016-03-25T11:26:04.420000;2786c8d3-4b20-4e1d-a890-adc3f6c61bb2;11.04;5.82895835;SELL
2016-03-25T11:26:04.000000;2016-03-25T11:26:04.960000;326972e0-0796-4f46-a87c-d6094da7d3db;11.04;6.2923;SELL
2016-03-25T11:26:06.000000;2016-03-25T11:26:06.177000;8131b093-19af-4eb1-abfb-632d074357b4;11.04;1.55;SELL
2016-03-25T11:26:07.000000;2016-03-25T11:26:07.887000;4b901807-b1c3-49b3-80a2-8b274af2ce7f;11.04;1.0;SELL
2016-03-25T11:26:30.000000;2016-03-25T11:26:30.303000;f4d2b916-1997-4ea5-96a8-cd53b0dc988f;11.04;1.0;SELL
2016-03-25T11:26:51.000000;2016-03-25T11:26:51.217000;2340bdc5-2b05-4ae2-b77f-9ad28ef0f028;11.04;1.0;SELL
2016-03-25T11:27:10.000000;2016-03-25T11:27:10.640000;9f71f848-5222-4388-82ef-723031475af2;11.04;1.0;SELL
2016-03-25T11:27:17.000000;2016-03-25T11:27:17.467000;a9d25108-3627-401c-a49d-42ceff582885;11.04;6.08993038;SELL
2016-03-25T11:27:19.000000;2016-03-25T11:27:19.380000;e26c4d71-8349-415b-b4b6-4eacac65296d;11.04;6.08993038;SELL
2016-03-25T11:27:20.000000;2016-03-25T11:27:20.153000;c3dd38a7-a7fd-4293-b1eb-904f179d15a5;11.04;6.08993038;SELL
2016-03-25T11:27:30.000000;2016-03-25T11:27:31.027000;7e3923b5-b348-496b-aa7f-013820aa24f4;11.04;1.0;SELL
2016-03-25T11:27:39.000000;2016-03-25T11:27:39.833000;84750e49-9c17-4300-baa0-86f5c59549ea;11.04;21.21526249;SELL
2016-03-25T11:27:44.000000;2016-03-25T11:27:44.057000;885ff7e3-7613-4228-b05e-9e046e3c33a8;11.04;4.81899;SELL
2016-03-25T11:27:49.000000;2016-03-25T11:27:49.063000;4c085670-df6f-4422-a7a6-a0e7cde7b50c;11.04;1.0;SELL
2016-03-25T11:28:07.000000;2016-03-25T11:28:07.310000;698244f7-92ca-4756-9edc-a1dfc768c680;11.04;1.0;SELL
2016-03-25T11:28:31.000000;2016-03-25T11:28:31.373000;4120f201-642f-49cf-949b-6e72a571281a;11.04;1.0;SELL
2016-03-25T11:28:49.000000;2016-03-25T11:28:49.953000;15963cc5-9b4e-46b6-963f-adf8bddf54d5;11.04;1.0;SELL
2016-03-25T11:29:09.000000;2016-03-25T11:29:09.177000;c96857fa-9bdc-4203-a26b-ef334d91f20b;11.04;1.0;SELL
2016-03-25T11:29:10.000000;2016-03-25T11:29:10.427000;2e823162-11bd-4c67-8e5b-b0a3be89bd0b;11.04;32.47148438;SELL
2016-03-25T11:29:10.000000;2016-03-25T11:29:10.983000;85edcdd1-f64e-4151-932e-d28685391377;11.04;32.47148438;SELL
2016-03-25T11:29:11.000000;2016-03-25T11:29:11.433000;cc091c8e-2acb-4d4a-844b-11e62d54885d;11.04;12.7470385;SELL
2016-03-25T11:29:11.000000;2016-03-25T11:29:11.480000;438abfea-0012-411e-b2a2-0cacf9a85ced;11.04;1.66265719;SELL
2016-03-25T11:29:12.000000;2016-03-25T11:29:12.077000;245f4e5b-094c-44dd-a358-ab3b6979f5a3;11.04;18.84029977;SELL
2016-03-25T11:29:12.000000;2016-03-25T11:29:12.487000;5c0c915a-dbc5-4c36-8b37-45befa9a4d94;11.04;1.0653719;SELL
2016-03-25T11:29:12.000000;2016-03-25T11:29:12.513000;34bf96c1-05d6-4a84-a8c8-7cd9f96ad2e3;11.04;8.16785127;SELL
2016-03-25T11:29:12.000000;2016-03-25T11:29:13.077000;b59b575f-130e-4381-96c9-848d257385e9;11.04;0.37853856;SELL
2016-03-25T11:29:12.000000;2016-03-25T11:29:13.080000;0a90a95b-d1f4-4118-bbb4-7e12bcd9e922;11.04;2.90212894;SELL
2016-03-25T11:29:17.000000;2016-03-25T11:29:17.133000;c1a653f6-c6d2-4cc5-824b-bc6bd2f0318f;11.04;26.50751247;SELL
2016-03-25T11:29:17.000000;2016-03-25T11:29:17.283000;757e3b1e-6aa2-45a6-84b0-ec1d1538cb09;11.04;26.87890855;SELL
2016-03-25T11:29:17.000000;2016-03-25T11:29:17.620000;4f1c2b77-28f3-4807-8fab-a51f57008619;11.04;32.47148438;SELL
2016-03-25T11:29:20.000000;2016-03-25T11:29:20.107000;b32e8980-e4c7-4cdf-864b-3a29bc1da919;11.04;32.47148438;SELL
2016-03-25T11:29:20.000000;2016-03-25T11:29:20.123000;a567ba71-53a9-4830-b709-056880cc3c2c;11.04;32.47148438;SELL
2016-03-25T11:29:20.000000;2016-03-25T11:29:20.247000;2e54ba7a-4406-4f02-ab73-71428d59dd0b;11.04;32.47148438;SELL
2016-03-25T11:29:27.000000;2016-03-25T11:29:27.803000;df83a779-4ec4-41c6-88fd-985c4f0bbae2;11.04;26.87890855;SELL
2016-03-25T11:29:29.000000;2016-03-25T11:29:29.710000;b20814bf-0c17-42c9-a011-dd8a7669105f;11.04;26.87890855;SELL
2016-03-25T11:29:29.000000;2016-03-25T11:29:30.013000;7254ba93-9707-46d4-b4c1-87f5b860f9aa;11.04;1.0;SELL
2016-03-25T11:29:50.000000;2016-03-25T11:29:50.210000;9774c415-7d5c-4bd0-818f-3647ad2b1af9;11.04;1.0;SELL
2016-03-25T11:30:09.000000;2016-03-25T11:30:09.200000;229f44c3-16ad-49fb-a658-8ed8bc2b532b;11.04;1.0;SELL
2016-03-25T11:30:29.000000;2016-03-25T11:30:29.923000;3c68c720-0e18-4c89-9543-a171a1a6a64c;11.04;1.0;SELL
2016-03-25T11:30:38.000000;2016-03-25T11:30:38.470000;6b48aeea-88d7-4be1-9e87-ef1724dce217;11.04;1.3004536;SELL
2016-03-25T11:30:47.000000;2016-03-25T11:30:47.720000;a7e1df81-66a6-403f-aabc-7c2df87ae8ac;11.04;2.449778;SELL
2016-03-25T11:31:35.000000;2016-03-25T11:31:35.577000;6b54a5b0-995a-497e-9343-75f4c16806f4;11.04;32.47148438;SELL
2016-03-25T11:31:39.000000;2016-03-25T11:31:39.860000;e8908bad-b3ed-4cd4-a004-85e634b6cf45;11.04;12.70478258;SELL
2016-03-25T11:31:41.000000;2016-03-25T11:31:41.573000;c63e938b-13ca-4c70-afcc-328bf4fa52f6;11.04;32.47148438;SELL
2016-03-25T11:31:42.000000;2016-03-25T11:31:42.433000;c9b49b07-cace-4791-8756-a1690104906e;11.04;32.47148438;SELL
2016-03-25T11:31:42.000000;2016-03-25T11:31:42.803000;e8a9bef1-b8e7-489f-aaa2-9d230bd0e842;11.04;32.47148438;SELL
2016-03-25T11:31:43.000000;2016-03-25T11:31:43.063000;44e3ceb5-0034-4c8d-80e7-73755ba05d23;11.04;10.55703136;SELL
2016-03-25T11:31:44.000000;2016-03-25T11:31:44.217000;cf9c4526-6fb9-49ea-b357-af9ffcc814f2;11.04;32.47148438;SELL
2016-03-25T11:31:46.000000;2016-03-25T11:31:46.743000;763f689a-50dc-4e5d-96f0-620c6cfe2506;11.04;71.0;SELL
2016-03-25T11:31:47.000000;2016-03-25T11:31:47.937000;8fa782ce-0cfd-4d14-a685-018a22c6ba5c;11.04;32.47148438;SELL
2016-03-25T11:31:53.000000;2016-03-25T11:31:53.813000;12952c9b-97fb-4070-8635-1fd9c1fef77a;11.04;26.87890855;SELL
2016-03-25T11:31:54.000000;2016-03-25T11:31:54.950000;7074be14-fca8-4afc-9321-b0fc6e42088f;11.04;12.24595834;SELL
2016-03-25T11:31:57.000000;2016-03-25T11:31:57.427000;de0dfd53-9bcf-4c69-8356-ac34878d9720;11.04;32.47148438;SELL
2016-03-25T11:32:00.000000;2016-03-25T11:32:00.170000;719bc3f7-1f9a-4679-8bb3-0a61dfac34f2;11.04;26.87890876;SELL
2016-03-25T11:32:01.000000;2016-03-25T11:32:01.257000;767b623f-cb32-4e63-9f12-dd46dc73c81c;11.04;26.87890876;SELL
2016-03-25T11:32:01.000000;2016-03-25T11:32:01.347000;1465008e-e356-49f5-b985-31637205d5fc;11.04;32.47148438;SELL
2016-03-25T11:32:05.000000;2016-03-25T11:32:05.607000;c577e94f-2a31-41fe-a3b4-be315814b4db;11.04;32.47148438;SELL
2016-03-25T11:32:09.000000;2016-03-25T11:32:09.810000;828bb530-ddf5-488f-9208-0ec64b06659b;11.04;27.13;SELL
2016-03-25T11:32:09.000000;2016-03-25T11:32:09.970000;6f659950-135e-4e10-82f7-56a0487a5a98;11.04;25.742421;SELL
2016-03-25T11:32:28.000000;2016-03-25T11:32:28.857000;b4533cc0-9aba-4da3-a0c0-c80c6c0384a5;11.04;32.47148438;SELL
2016-03-25T11:32:30.000000;2016-03-25T11:32:30.130000;33e1626b-06ed-4c16-bf51-dc3067a145cd;11.04;26.87890871;SELL
2016-03-25T11:32:30.000000;2016-03-25T11:32:30.230000;40976730-dcb0-44b5-b0c1-3ba05593e88b;11.04;10.77689477;SELL
2016-03-25T11:32:32.000000;2016-03-25T11:32:32.507000;ff3d2073-7808-46ca-ae0d-7597afc2bfdc;11.04;32.47148438;SELL
2016-03-25T11:32:32.000000;2016-03-25T11:32:32.727000;89b60925-b50a-404c-a9ba-5ab69d1f2263;11.04;11.4371318;SELL
2016-03-25T11:32:39.000000;2016-03-25T11:32:39.120000;d05cd18b-69c8-4304-82b1-008df0e4ed01;11.04;32.47148438;SELL
2016-03-25T11:32:39.000000;2016-03-25T11:32:39.450000;51accf52-2c4f-4702-bae1-9eeefccbeac2;11.04;2.41716301;SELL
2016-03-25T11:32:46.000000;2016-03-25T11:32:46.437000;5f32e9ec-5cad-47c5-be3b-b9ae44dfc9ff;11.04;26.87890891;SELL
2016-03-25T11:32:48.000000;2016-03-25T11:32:48.550000;b1d7c7c3-6cfa-494c-84ce-a2999d426cfa;11.04;1.0;SELL
2016-03-25T11:32:48.000000;2016-03-25T11:32:48.573000;402dbb32-e491-47f3-993e-d23f63d3c494;11.04;26.87890891;SELL
2016-03-25T11:32:49.000000;2016-03-25T11:32:49.757000;b141be62-30ad-49fd-b4bd-a4ab4de1ec8e;11.04;26.87890865;SELL
2016-03-25T11:32:51.000000;2016-03-25T11:32:51.433000;149a95b1-88e3-4836-b984-2f0d004a2e7c;11.04;12.23924183;SELL
2016-03-25T11:32:54.000000;2016-03-25T11:32:54.280000;63401eb3-af4f-45ae-bd44-1afe3d840877;11.04;27.0799191;SELL
2016-03-25T11:32:58.000000;2016-03-25T11:32:59.037000;d972741a-d3ef-4350-93a9-c43cbda68f02;11.04;6.09;SELL
2016-03-25T11:32:59.000000;2016-03-25T11:32:59.223000;1906c638-5288-434e-a1b6-770e6b0d7f80;11.04;32.34601146;SELL
2016-03-25T11:33:06.000000;2016-03-25T11:33:07.193000;029e1cda-495a-4dc4-9888-30b87c644416;11.04;23.22492845;SELL
2016-03-25T11:33:07.000000;2016-03-25T11:33:07.780000;638864e3-d322-4777-adb4-750aad111a1b;11.04;9.24655593;SELL
2016-03-25T11:33:08.000000;2016-03-25T11:33:08.233000;5b778ea0-3418-4231-91c4-fb1d42ad5ac2;11.04;12.32851562;SELL
2016-03-25T11:33:13.000000;2016-03-25T11:33:13.837000;06e4e20b-0d0c-4dff-927b-c2a1a7a50691;11.04;26.87890868;SELL
2016-03-25T11:33:14.000000;2016-03-25T11:33:14.440000;755a6494-c659-492a-b917-0af382338201;11.04;26.87890868;SELL
2016-03-25T11:33:16.000000;2016-03-25T11:33:16.463000;2924e590-a445-4d0e-aa5c-c77e4e02e80c;11.04;11.35;SELL
2016-03-25T11:33:17.000000;2016-03-25T11:33:17.977000;46aa6c05-d5bf-4708-b67c-ddcb12d009ec;11.04;26.87890868;SELL
2016-03-25T11:33:18.000000;2016-03-25T11:33:18.130000;8ad624e3-038f-4398-8b88-2ad092b3bb0d;11.04;32.33556293;SELL
2016-03-25T11:33:21.000000;2016-03-25T11:33:21.720000;ec8adaa2-2f4c-4773-ad6a-437d33bbeb84;11.04;16.93255709;SELL
2016-03-25T11:33:21.000000;2016-03-25T11:33:21.763000;ce2e496f-37a5-44cf-97b6-824d581b5bb4;11.04;2.449667;SELL
2016-03-25T11:33:28.000000;2016-03-25T11:33:28.690000;5677e378-6f46-4380-a640-a3d68626298b;11.04;3.82370344;SELL
2016-03-25T11:33:30.000000;2016-03-25T11:33:30.177000;0709c170-a4e2-453b-8c43-23719e4f3674;11.04;13.59912602;SELL
2016-03-25T11:33:31.000000;2016-03-25T11:33:31.363000;907f43b3-8aee-4aa9-a613-a8353825023d;11.04;24.38222071;SELL
2016-03-25T11:33:31.000000;2016-03-25T11:33:31.373000;8982617d-618a-4ea3-b845-8531057ccc4e;11.04;8.08926367;SELL
2016-03-25T11:33:32.000000;2016-03-25T11:33:32.990000;3de51c12-8cfc-4d8a-afbe-663d529b6763;11.04;32.47148438;SELL
2016-03-25T11:33:34.000000;2016-03-25T11:33:34.973000;90670986-4b17-4942-be2a-45ab169b2dd2;11.04;3.82370344;SELL
2016-03-25T11:33:38.000000;2016-03-25T11:33:38.357000;fe9ef783-9a93-4345-87b0-26e00febef7c;11.04;5.06688998;SELL
2016-03-25T11:33:39.000000;2016-03-25T11:33:39.943000;fcb6e4d8-e614-4a90-8ce4-0392a33a228a;11.04;26.94174369;SELL
2016-03-25T11:33:40.000000;2016-03-25T11:33:40.353000;b877fe25-c46e-4b5d-a581-4a3c9605c085;11.04;0.6124599;SELL
2016-03-25T11:33:40.000000;2016-03-25T11:33:40.377000;b4cc31c0-fc62-4814-8620-2509b985a9d9;11.04;4.69552587;SELL
2016-03-25T11:33:41.000000;2016-03-25T11:33:41.347000;018d8251-5897-49e7-9afd-367d3f782db2;11.04;4.59123136;SELL
2016-03-25T11:33:41.000000;2016-03-25T11:33:41.850000;af540622-5347-4a4c-a14f-9a2e3329b477;11.04;21.89004949;SELL
2016-03-25T11:33:43.000000;2016-03-25T11:33:43.067000;b73ddcb9-a665-4771-a106-6343492904a7;11.04;21.89004949;SELL
2016-03-25T11:33:45.000000;2016-03-25T11:33:45.237000;0f1cd918-37e0-4c22-8286-eefc5244ac7f;11.04;1.01505515;SELL
2016-03-25T11:33:51.000000;2016-03-25T11:33:51.233000;9e2419ca-1017-49f4-807b-df8145c9e202;11.04;26.87890878;SELL
2016-03-25T11:33:53.000000;2016-03-25T11:33:53.390000;17c18c1a-8fde-4d8d-880c-ac9a7fea82ed;11.04;22.0336348;SELL
2016-03-25T11:33:53.000000;2016-03-25T11:33:53.393000;04a9e9de-f8c4-4a4d-b612-4d5461f7e817;11.04;4.84527398;SELL
2016-03-25T11:33:53.000000;2016-03-25T11:33:53.887000;26ebd7de-91a4-4cc0-a064-beb60799a1b0;11.04;1.998;SELL
2016-03-25T11:33:54.000000;2016-03-25T11:33:54.300000;d82af3f6-8f70-4416-8e81-a3c40c00ec33;11.04;0.1682316;SELL
2016-03-25T11:33:54.000000;2016-03-25T11:33:54.527000;0de1fa46-d1ce-4326-8dd4-39923c4242f1;11.04;1.99799987;SELL
2016-03-25T11:33:55.000000;2016-03-25T11:33:55.633000;5192222f-996b-4278-82d7-11039dae8468;11.04;26.87890878;SELL
2016-03-25T11:33:57.000000;2016-03-25T11:33:57.543000;d794b1e8-71df-43cc-9297-13a378dfe2f9;11.04;8.21177801;SELL
2016-03-25T11:33:58.000000;2016-03-25T11:33:59.007000;08ac7144-667b-40fe-8b77-51ba11429ac9;11.04;11.66708479;SELL
2016-03-25T11:34:08.000000;2016-03-25T11:34:08.660000;b7f27685-50be-4ac1-a842-d5a8e3011273;11.04;26.87890878;SELL
2016-03-25T11:34:08.000000;2016-03-25T11:34:08.730000;7718671a-f908-4148-9300-467907fa1d5a;11.04;1.07074218;SELL
2016-03-25T11:34:09.000000;2016-03-25T11:34:09.160000;2b546ef9-ac96-408d-b444-734a44fa4641;11.04;18.36580115;SELL
2016-03-25T11:34:14.000000;2016-03-25T11:34:14.687000;1ad2377c-8c2f-434c-8dc0-af5ae6868ac1;10.994;1.0010008;BUY
2016-03-25T12:29:26.000000;2016-03-25T12:29:26.347000;1670f54a-3db6-4fca-9764-27c7a2a6ffbd;10.934;8.0;SELL
2016-03-25T12:37:25.000000;2016-03-25T12:37:25.893000;e31894c2-2ba0-4a52-9e07-695c8e0cddc1;10.934;29.26;SELL
2016-03-25T12:37:44.000000;2016-03-25T12:37:44.297000;fcbbe40c-5df1-4f12-88c9-26df20a98952;10.934;17.45404982;SELL
2016-03-25T12:37:48.000000;2016-03-25T12:37:48.770000;4ef03554-f223-4c3e-8cd9-ed6e545daee9;10.934;15.43663262;SELL
2016-03-25T12:37:58.000000;2016-03-25T12:37:58.833000;86f2d4d5-4e55-463c-a433-bee034d3c951;10.934;7.74671964;SELL
2016-03-25T12:38:50.000000;2016-03-25T12:38:50.340000;1c78f887-a6fc-4496-9792-4e48148a386b;10.934;1.92425753;SELL
2016-03-25T12:39:04.000000;2016-03-25T12:39:04.570000;057d260d-82ff-4688-b0c4-1571152de39a;10.934;22.16041073;SELL
2016-03-25T12:39:08.000000;2016-03-25T12:39:08.883000;5e67cdc8-302d-4ae3-b97f-98b762fc2256;10.934;5.20223975;SELL
2016-03-25T12:39:09.000000;2016-03-25T12:39:09.053000;85cce040-c42e-43e4-b806-cd2c9af7ab7b;10.934;5.2074472;SELL
2016-03-25T12:39:10.000000;2016-03-25T12:39:10.040000;a6397933-5c70-4577-ad45-7e3918edb667;10.934;5.20223975;SELL
2016-03-25T12:39:10.000000;2016-03-25T12:39:10.677000;882dbbcb-3e16-4b4f-a23f-db16e2707cb3;10.934;5.20223975;SELL
2016-03-25T12:39:11.000000;2016-03-25T12:39:11.300000;abd9363f-560c-4535-a114-6560c7c7c8a2;10.934;5.20223975;SELL
2016-03-25T12:39:11.000000;2016-03-25T12:39:12.027000;ef230871-bd40-4e23-a637-da8e8c81e2e5;10.934;5.20223975;SELL
2016-03-25T12:39:26.000000;2016-03-25T12:39:26.820000;3e8bea7b-da78-4b32-b6f5-80d21f15c4da;10.934;27.13948737;SELL
2016-03-25T12:39:49.000000;2016-03-25T12:39:49.913000;b77f9468-6b3f-4c13-8351-d4eed14deb06;10.934;3.7925528;SELL
2016-03-25T12:40:01.000000;2016-03-25T12:40:01.917000;fc8ec52e-b60d-401a-8d33-fe4e919bd12d;10.934;0.8;SELL
2016-03-25T12:40:23.000000;2016-03-25T12:40:23.340000;bdb9c2f3-e3fa-4348-a061-a46050bf0016;10.934;32.47148438;SELL
2016-03-25T12:40:23.000000;2016-03-25T12:40:23.907000;e32cfd34-f1d1-4789-bbea-89e05b687127;10.934;32.47148438;SELL
2016-03-25T12:40:24.000000;2016-03-25T12:40:24.757000;6567ec4a-9321-428b-913b-98ad5e191a5b;10.934;32.47148438;SELL
2016-03-25T12:40:25.000000;2016-03-25T12:40:25.853000;d61d0a11-e291-4297-bb88-a75ff41d9cad;10.934;32.47148438;SELL
2016-03-25T12:43:39.000000;2016-03-25T12:43:39.787000;dc6b75c0-1f06-4a5d-a70f-4676264ef369;10.934;11.76016069;SELL
2016-03-25T12:43:44.000000;2016-03-25T12:43:44.247000;c55777d7-511d-4c1b-9435-f9315679da2f;10.934;5.03581582;SELL
2016-03-25T12:44:38.000000;2016-03-25T12:44:38.517000;7fbf8658-99ba-4e64-9202-0bb5113ee6f0;10.934;0.5268;SELL
2016-03-25T13:13:55.000000;2016-03-25T13:13:55.743000;aa827eeb-2901-436f-aa18-f88acebc0be6;10.939;0.3599;BUY
2016-03-25T13:14:58.000000;2016-03-25T13:14:59.063000;ac959375-b135-4b0e-93ad-40697d4451ad;10.902;0.86066479;SELL
2016-03-25T13:14:58.000000;2016-03-25T13:14:59.070000;387c1f51-d6bc-4483-9bfd-c68ab56f6894;10.902;0.86066476;SELL
2016-03-25T13:21:47.000000;2016-03-25T13:21:47.437000;cb0d6c5d-3e63-4e0d-a585-fe76c55244ec;10.9;0.42731042;SELL
2016-03-25T13:21:47.000000;2016-03-25T13:21:47.530000;8ed78717-2a92-416f-9de7-285366be2e38;10.9;45.34656988;SELL
2016-03-25T13:21:49.000000;2016-03-25T13:21:49.270000;541134dc-afd3-4e06-8c1f-195c3e7e1f2a;10.9;29.2261197;SELL
2016-03-25T13:21:52.000000;2016-03-25T13:21:52.843000;4167ff0d-4dfb-48a6-a4e7-84a645493893;10.877;0.85722557;SELL
2016-03-25T13:21:53.000000;2016-03-25T13:21:53.220000;c3c6b3f5-46c5-4993-afe1-5ae92ed6bd44;10.875;0.53340663;SELL
2016-03-25T13:21:53.000000;2016-03-25T13:21:53.540000;3a7eb395-30ab-4302-853f-e98fe85e412b;10.875;3.2647078;SELL
2016-03-25T13:24:15.000000;2016-03-25T13:24:15.130000;22ce955b-7668-479e-aed4-e14f60aed653;10.875;2.94579888;SELL
2016-03-25T13:24:15.000000;2016-03-25T13:24:15.140000;2ee378b1-836a-42dd-8203-e2927c401525;10.856;7.41901612;SELL
2016-03-25T13:27:28.000000;2016-03-25T13:27:28.510000;cd41b3ad-bea0-44fd-8281-4bb140d8b27a;10.857;0.3778;SELL
2016-03-25T13:27:28.000000;2016-03-25T13:27:28.517000;506621f5-1213-4222-906a-a49b08b15655;10.856;8.59699989;SELL
2016-03-25T13:27:28.000000;2016-03-25T13:27:28.523000;6d646f2c-764a-4570-8f9f-92a4b28169b1;10.855;0.9009009;SELL
2016-03-25T13:27:28.000000;2016-03-25T13:27:28.553000;f2a15d7a-4cd5-4501-a31d-6ed8a2f1f49a;10.852;9.86640405;SELL
2016-03-25T13:27:28.000000;2016-03-25T13:27:28.553000;77227da3-1dfa-47da-bb97-9848724eae97;10.841;4.33832709;SELL
2016-03-25T13:32:28.000000;2016-03-25T13:32:28.373000;339e31ba-4156-4af7-89ad-2c6779ad3c53;10.722;5.3671;SELL
2016-03-25T13:34:47.000000;2016-03-25T13:34:47.870000;18e762c8-e549-4e5e-9ad6-41a0f34c8eb0;10.773;2.0;BUY
2016-03-25T13:48:46.000000;2016-03-25T13:48:46.683000;fba820cb-ec71-46c6-8042-ae54d5bf2ffe;10.73;1.91803979;SELL
2016-03-25T14:00:44.000000;2016-03-25T14:00:44.983000;d9f7bf81-56e2-45f8-8efc-1e1bebdcf1bd;10.76;0.3778;SELL
2016-03-25T14:02:13.000000;2016-03-25T14:02:13.420000;5f16699b-54d7-486c-bbb1-4fa4f97c980c;10.77;0.8888;BUY
2016-03-25T14:03:27.000000;2016-03-25T14:03:27.513000;24e7eafa-5cfc-4826-bb50-523d46715fbd;10.77;0.07924103;BUY
2016-03-25T14:05:35.000000;2016-03-25T14:05:36.027000;0d41ebb9-5399-4a30-8f17-c74ee13896e3;10.795;0.1052;BUY
2016-03-25T14:06:34.000000;2016-03-25T14:06:34.190000;e3b96af3-ea8f-401d-bd8a-e1b8a4a23edd;10.76;29.6222;SELL
2016-03-25T14:06:34.000000;2016-03-25T14:06:34.197000;fbe745fb-5e7c-49cb-b369-c09e9a6b0c13;10.73;2.84928438;SELL
2016-03-25T14:06:42.000000;2016-03-25T14:06:42.927000;d3819768-e943-4496-b4ea-b1985d227783;10.795;0.358;BUY
2016-03-25T14:06:44.000000;2016-03-25T14:06:44.870000;aa9290b4-adda-4d0b-95ec-9d922df97a22;10.73;24.73587583;SELL
2016-03-25T14:06:44.000000;2016-03-25T14:06:44.873000;4ed5c159-3f97-45f4-b9f6-1066b507182f;10.73;7.73560855;SELL
2016-03-25T14:07:24.000000;2016-03-25T14:07:24.387000;ef8885ca-64d3-4626-9cb4-1699995e5e63;10.73;32.19;SELL
2016-03-25T14:08:24.000000;2016-03-25T14:08:24.103000;8170978d-f3d3-4967-9a80-cce3de69c391;10.73;10.07439145;SELL
2016-03-25T14:11:56.000000;2016-03-25T14:11:56.693000;49357d56-d791-41f4-a776-d3a44b03a3fd;10.717;0.6541;BUY
2016-03-25T14:13:09.000000;2016-03-25T14:13:09.853000;ff9efb60-e1bd-4c05-8ceb-74b3ebe57cce;10.66;3.3;SELL
2016-03-25T14:18:25.000000;2016-03-25T14:18:25.570000;1058e925-72a4-47df-baea-0966fa82d814;10.662;0.2194497;SELL
2016-03-25T14:18:25.000000;2016-03-25T14:18:25.580000;03a58104-fc06-4da7-8c2f-dfade73dcb6f;10.66;32.25203468;SELL
2016-03-25T14:18:26.000000;2016-03-25T14:18:26.140000;01e3195d-d34f-439e-9b85-c870597f941b;10.66;14.44796532;SELL
2016-03-25T14:28:00.000000;2016-03-25T14:28:00.667000;58ce49eb-2765-4a4f-8f1e-b2367fe4004b;10.581;1.60612165;SELL
2016-03-25T14:33:34.000000;2016-03-25T14:33:34.497000;838822af-7a39-4b86-b8aa-d4827cf75610;10.581;2.0;SELL
2016-03-25T14:34:05.000000;2016-03-25T14:34:05.460000;242c01a4-7047-4e46-be0e-d81dc8e69470;10.581;2.0;SELL
2016-03-25T14:35:05.000000;2016-03-25T14:35:05.120000;2d417fda-792b-4475-961d-69b62b56996c;10.581;2.0;SELL
2016-03-25T14:35:32.000000;2016-03-25T14:35:32.970000;265b40e9-e57c-4f13-88dc-1534b464dc97;10.581;1.088622;SELL
2016-03-25T14:35:34.000000;2016-03-25T14:35:34.583000;cabb3be5-7de2-401b-83ae-b128a2b1be6e;10.581;2.0;SELL
2016-03-25T14:36:05.000000;2016-03-25T14:36:05.850000;a76a7c6d-76f1-47cb-86e0-302718189b5f;10.58;2.0;SELL
2016-03-25T14:36:34.000000;2016-03-25T14:36:34.737000;269bc47d-4512-496b-a5a6-0954b6ed13eb;10.58;2.0;SELL
2016-03-25T14:41:04.000000;2016-03-25T14:41:04.600000;60fe76cf-1911-4bb2-9341-498664f39249;10.58;32.47148438;SELL
2016-03-25T14:41:04.000000;2016-03-25T14:41:04.947000;855fd4d3-c7e9-4f67-9f11-311d672c6726;10.58;2.0;SELL
2016-03-25T14:41:06.000000;2016-03-25T14:41:07.010000;37bdbf34-4190-453d-a6f2-a9fa048a6881;10.58;11.52851562;SELL
2016-03-25T14:41:06.000000;2016-03-25T14:41:07.037000;b02941a8-2b1b-4401-9c86-404078149eae;10.58;1.0;SELL
2016-03-25T14:44:27.000000;2016-03-25T14:44:27.677000;1568bb79-0c8f-4940-9e94-7093556cd152;10.57;0.5;SELL
2016-03-25T14:44:27.000000;2016-03-25T14:44:27.687000;dd0bf39b-454a-448b-a759-ac54ebf1e7a0;10.57;32.47148438;SELL
2016-03-25T14:44:28.000000;2016-03-25T14:44:28.483000;2c7ad0c0-dadd-47cf-8460-6b2f992535a0;10.57;32.47148438;SELL
2016-03-25T14:44:29.000000;2016-03-25T14:44:29.180000;dd7f5b31-a0ef-4fae-8dbb-c37a9fa30caf;10.57;32.47148438;SELL
2016-03-25T14:44:32.000000;2016-03-25T14:44:32.843000;8654d09a-7a2d-4a95-a3ce-0ab960bfb2a9;10.57;32.47148438;SELL
2016-03-25T14:44:33.000000;2016-03-25T14:44:33.763000;ab03de85-ad87-45d0-8b90-3db86ac4b5e7;10.57;31.7643657;SELL
2016-03-25T14:44:44.000000;2016-03-25T14:44:44.230000;bf40a012-6b24-4159-be38-65ddeb0c7710;10.57;32.41001618;SELL
2016-03-25T14:44:49.000000;2016-03-25T14:44:49.217000;c4f92968-765d-4280-b339-e8700fe5b316;10.57;32.47148438;SELL
2016-03-25T14:44:50.000000;2016-03-25T14:44:51.070000;08743dda-e681-4515-a5d4-87565f940a1e;10.57;15.45;SELL
2016-03-25T14:44:53.000000;2016-03-25T14:44:53.357000;cd5da1c3-fd0a-47ea-bf94-9029283e0da9;10.57;32.47148438;SELL
2016-03-25T14:44:54.000000;2016-03-25T14:44:54.867000;d8169540-3629-453f-9627-f558fd0086e9;10.57;15.80527896;SELL
2016-03-25T14:45:02.000000;2016-03-25T14:45:02.663000;40a7e6c4-6ef5-4fa1-9422-8f1cf06a11c6;10.57;3.19585541;SELL
2016-03-25T14:45:05.000000;2016-03-25T14:45:05.460000;b4abe5c5-6f03-478f-9dad-0a03f260f611;10.57;18.47335805;SELL
2016-03-25T14:45:06.000000;2016-03-25T14:45:06.977000;7937b4f3-83d1-450a-bd49-e618d56d929b;10.57;20.38998382;SELL
2016-03-25T14:45:14.000000;2016-03-25T14:45:14.477000;5849365a-f4e1-4c01-a5fd-7d2d4a3d4f6d;10.57;3.30072487;SELL
2016-03-25T14:45:16.000000;2016-03-25T14:45:17.020000;a282662c-2300-41ed-999f-190d88857cbf;10.57;31.25434775;SELL
2016-03-25T14:45:26.000000;2016-03-25T14:45:26.397000;e5e9c0ed-56ce-4751-82e6-79493bbf0ab5;10.57;1.26444278;SELL
2016-03-25T14:45:29.000000;2016-03-25T14:45:29.927000;7040f2bf-4851-4757-92fe-ce88c40cf7f1;10.57;6.79493405;SELL
2016-03-25T14:47:34.000000;2016-03-25T14:47:34.253000;e3121c34-7375-4749-b386-fd00ab45b3fd;10.57;2.0;SELL
2016-03-25T14:48:04.000000;2016-03-25T14:48:05.090000;32714222-6d3c-4b94-b124-4b88b18070dc;10.57;2.0;SELL
2016-03-25T14:48:11.000000;2016-03-25T14:48:11.360000;6bac2331-1dd9-489c-b34f-19b39a471dc0;10.57;0.8991;SELL
2016-03-25T14:48:12.000000;2016-03-25T14:48:12.373000;dbe4250d-bd59-4a3e-9799-1e9cb1d7c873;10.57;0.8991;SELL
2016-03-25T14:48:14.000000;2016-03-25T14:48:14.247000;20cf5334-84f5-48be-b5ac-1182ba6a3e54;10.57;0.8991;SELL
2016-03-25T14:48:14.000000;2016-03-25T14:48:14.970000;77ace7b5-2bca-45cd-9113-5c7796fc6396;10.57;0.8991;SELL
2016-03-25T14:48:15.000000;2016-03-25T14:48:15.233000;0a11370c-b05c-4294-995b-103c25f325aa;10.57;0.8991;SELL
2016-03-25T14:48:34.000000;2016-03-25T14:48:34.650000;d433bccc-f496-42e5-bc67-bc0e1de64a5d;10.57;2.0;SELL
2016-03-25T14:49:04.000000;2016-03-25T14:49:04.180000;ad6284ff-bd3d-45ba-9a68-baf6dfef6602;10.57;2.0;SELL
2016-03-25T14:54:05.000000;2016-03-25T14:54:05.350000;f79936ba-5b82-4f23-b675-871083d00614;10.58;2.0;SELL
2016-03-25T14:58:16.000000;2016-03-25T14:58:16.060000;bb6637e8-cab3-47e3-9255-56cc923b27bd;10.58;18.0;SELL
2016-03-25T15:10:22.000000;2016-03-25T15:10:22.073000;c1374ac3-4a05-4430-843f-d54a38fb80e6;10.612;0.6006006;BUY
2016-03-25T15:21:16.000000;2016-03-25T15:21:16.490000;09830a79-d3e4-4a45-8ba3-034e9b45ee8c;10.597;15.94741087;SELL
2016-03-25T15:25:17.000000;2016-03-25T15:25:17.940000;71ba1a58-50d7-4259-8b62-9850941d85ff;10.571;56.0583;SELL
2016-03-25T15:25:17.000000;2016-03-25T15:25:17.953000;58f9309d-4f56-4049-a2b6-cd96f95f3489;10.57;43.9417;SELL
2016-03-25T15:47:30.000000;2016-03-25T15:47:30.247000;c0e74b1e-56aa-44b8-8c32-47366483cd7e;10.6;5.0;SELL
2016-03-25T15:47:30.000000;2016-03-25T15:47:30.253000;ec1bcb9e-0cd9-48b1-a568-b1a2bf57e7b1;10.6;10.76561582;SELL
2016-03-25T15:47:30.000000;2016-03-25T15:47:30.603000;de0fc008-4aa5-49c5-8ab4-67ad0f762969;10.6;7.68091979;SELL
2016-03-25T15:48:55.000000;2016-03-25T15:48:55.060000;c9a90eed-702b-4cd3-9db8-cf3c1b79d1b9;10.632;2.0;BUY
2016-03-25T15:52:52.000000;2016-03-25T15:52:52.710000;d63b130f-f25d-43cd-b904-2b409d2efcc8;10.57;32.47148438;SELL
2016-03-25T15:52:53.000000;2016-03-25T15:52:53.247000;7163b307-dc60-40a0-a353-6b4aa0087068;10.57;0.5988;SELL
2016-03-25T15:54:04.000000;2016-03-25T15:54:04.410000;794de0a3-3e32-4305-a8f4-33013b078100;10.57;32.47148438;SELL
2016-03-25T15:54:04.000000;2016-03-25T15:54:05.040000;0046c044-a8c4-4ad7-9993-834a97fcae69;10.57;32.47148438;SELL
2016-03-25T15:56:36.000000;2016-03-25T15:56:36.213000;52b658f2-a98e-4909-bf6a-f11dcc21cc6d;10.57;2.0;SELL
2016-03-25T15:56:54.000000;2016-03-25T15:56:54.083000;aec92cd0-8ee0-4475-b27d-7f7bb52f02fa;10.57;32.47148438;SELL
2016-03-25T15:56:55.000000;2016-03-25T15:56:55.447000;53518345-c5d7-4c7f-9a69-5b7c05e64ac6;10.57;32.47148438;SELL
2016-03-25T15:56:56.000000;2016-03-25T15:56:56.147000;811de86a-3d23-465d-9e6a-b60d584b1fc4;10.57;10.65583924;SELL
2016-03-25T15:58:06.000000;2016-03-25T15:58:06.733000;75c03d13-3938-4b7d-9106-9a4c7e0693ce;10.57;1.46345283;SELL
2016-03-25T15:58:50.000000;2016-03-25T15:58:50.313000;670d9ed6-a849-4e4a-92e3-498b4b9cc22f;10.57;4.51418603;SELL
2016-03-25T15:59:36.000000;2016-03-25T15:59:36.407000;4c508ab1-c517-4cf4-a9b9-aca21bad3276;10.523;2.0;SELL
2016-03-25T16:00:07.000000;2016-03-25T16:00:07.477000;56d8110d-7d9d-42bb-99f7-5eac20ad8d8a;10.53;2.0;SELL
2016-03-25T16:00:36.000000;2016-03-25T16:00:36.063000;7b999f91-6448-4bc9-9f9a-cf469d3ffff2;10.53;2.0;SELL
2016-03-25T16:01:06.000000;2016-03-25T16:01:06.937000;be49deae-bbf8-4b2e-b2d2-c5ee0a7674fc;10.531;2.0;SELL
2016-03-25T16:01:16.000000;2016-03-25T16:01:16.953000;c5751e6a-339e-413d-bb03-22c60a22018e;10.531;32.47148438;SELL
2016-03-25T16:01:30.000000;2016-03-25T16:01:30.680000;0bfdc691-856e-4c52-8f83-b624cf358c46;10.532;32.47148438;SELL
2016-03-25T16:01:36.000000;2016-03-25T16:01:36.850000;dbb07732-57c9-4702-9421-0db5b4ffae50;10.53;2.0;SELL
2016-03-25T16:05:16.000000;2016-03-25T16:05:16.240000;9c251d2c-24a7-4e1b-afad-a33209467c91;10.53;32.47148438;SELL
2016-03-25T16:05:17.000000;2016-03-25T16:05:17.300000;1e65fc9f-0b15-42a0-a036-9e5496ff9649;10.53;1.41751562;SELL
2016-03-25T16:10:15.000000;2016-03-25T16:10:15.977000;fee75d48-d9c7-4b0b-9f45-99e4efdcb802;10.523;1.18;SELL
2016-03-25T16:10:17.000000;2016-03-25T16:10:17.060000;e598171d-a0ff-4a54-8ae2-279d3a23f43a;10.52;4.74356964;SELL
2016-03-25T16:10:17.000000;2016-03-25T16:10:17.293000;69f737ac-c76e-4354-8044-f321ea71871a;10.52;36.36736728;SELL
2016-03-25T16:16:04.000000;2016-03-25T16:16:04.733000;a1ab304e-565e-4d4d-adbe-016597464d35;10.548;5.0;BUY
2016-03-25T16:26:12.000000;2016-03-25T16:26:12.437000;76656402-75ef-47f4-88be-cd73a9cc848a;10.555;5.1802096;SELL
2016-03-25T16:31:52.000000;2016-03-25T16:31:52.637000;94229db2-87a8-4a9a-b634-ebfbe13596db;10.555;32.47148438;SELL
2016-03-25T16:37:07.000000;2016-03-25T16:37:07.767000;7ba876f7-84c1-4cdc-afdf-d2679705ed74;10.587;2.0;BUY
2016-03-25T16:57:28.000000;2016-03-25T16:57:28.853000;cd82f361-15b4-4b56-b8fc-8caab8d1391b;10.592;5.0;SELL
2016-03-25T17:20:49.000000;2016-03-25T17:20:49.160000;eacf66d9-15ba-46ee-a65e-7e999481f576;10.709;32.47148438;SELL
2016-03-25T17:25:36.000000;2016-03-25T17:25:36.210000;ca549f10-226e-4367-b936-7faa02dde068;10.709;57.52851562;SELL
2016-03-25T17:25:36.000000;2016-03-25T17:25:36.227000;c73aaf35-de93-42df-8edf-40c83910c0e5;10.709;110.0;SELL
2016-03-25T17:25:51.000000;2016-03-25T17:25:51.360000;9639cef6-64c1-4f3d-a97c-9235baa5e81f;10.705;56.0;SELL
2016-03-25T17:26:13.000000;2016-03-25T17:26:13.323000;13e6aaa6-049a-47c1-b114-ad9653fdae6d;10.704;54.0;SELL
2016-03-25T17:33:05.000000;2016-03-25T17:33:05.520000;1566b2b7-3a6a-40bf-aafb-ebcbdbfe44ef;10.678;55.743;SELL
2016-03-25T17:36:11.000000;2016-03-25T17:36:11.410000;0392d597-a24a-4899-9105-f322d850b6bd;10.677;0.39379379;BUY
2016-03-25T17:39:29.000000;2016-03-25T17:39:29.563000;7cbb264a-38d3-4cf7-a3ea-22277e8fcca2;10.677;2.55215796;BUY
2016-03-25T17:45:29.000000;2016-03-25T17:45:29.390000;96bef14f-e794-41db-88d3-91d891b37699;10.672;1.446745;SELL
2016-03-25T17:45:33.000000;2016-03-25T17:45:33.777000;1831d7f5-9a19-495a-8b94-b459d7700d4e;10.672;0.6011952;SELL
2016-03-25T17:46:04.000000;2016-03-25T17:46:04.810000;c7aabbea-f1a6-4851-b280-0be606aecc1d;10.672;22.0;SELL
2016-03-25T17:46:58.000000;2016-03-25T17:46:58.650000;2709c6a4-4a8b-4a67-8bba-d954046d853f;10.633;0.3;SELL
2016-03-25T17:47:46.000000;2016-03-25T17:47:46.403000;ca6fa821-2844-4010-8e95-1308b2e59762;10.64;0.34;BUY
2016-03-25T17:50:57.000000;2016-03-25T17:50:57.933000;ff231c68-1e8f-431c-85ee-57723b5c75ee;10.582;5.65138858;BUY
2016-03-25T17:51:09.000000;2016-03-25T17:51:09.823000;0ff0a83e-ddf4-4455-a6c0-d501d55a9838;10.578;3.00900901;BUY
2016-03-25T17:51:34.000000;2016-03-25T17:51:35.010000;8ad27067-85b4-4ab1-8680-082d240bbae3;10.574;3.00900901;BUY
2016-03-25T17:52:22.000000;2016-03-25T17:52:22.210000;61a4293a-ca75-49b3-8f0a-15a8daab7ad8;10.566;2.00200161;BUY
2016-03-25T17:52:23.000000;2016-03-25T17:52:23.937000;44920b36-6574-4ce3-ac64-99c69aa5bc66;10.566;2.00200161;BUY
2016-03-25T17:52:42.000000;2016-03-25T17:52:42.237000;36791116-b964-4983-a23a-8ee348633207;10.564;1.0070074;BUY
2016-03-25T17:53:27.000000;2016-03-25T17:53:27.113000;e6dd348c-8a25-44cf-9152-69366a8d183a;10.553;3.00900901;BUY
2016-03-25T17:53:49.000000;2016-03-25T17:53:49.220000;3587e998-1855-40e1-ba63-02f8b292ef4a;10.551;28.0;BUY
2016-03-25T17:53:54.000000;2016-03-25T17:53:54.130000;eebfd9b1-2b87-4a92-8cf6-c4ea5ee83e62;10.593;28.0;BUY
2016-03-25T18:14:43.000000;2016-03-25T18:14:43.437000;bf53a7fd-c136-4fdf-b002-54f94b2270ed;10.628;55.9432;BUY
2016-03-25T18:16:02.000000;2016-03-25T18:16:02.043000;bb6784a8-5ab5-4010-8166-83209331cf08;10.651;45.0;BUY
2016-03-25T18:18:24.000000;2016-03-25T18:18:24.360000;8497dedf-f13c-4b22-91ff-b7f3958c0574;10.651;55.8281;BUY
2016-03-25T18:18:24.000000;2016-03-25T18:18:24.373000;8e8adaf9-73c3-4db5-8e93-dd76b82e988a;10.652;22.0;BUY
2016-03-25T18:18:27.000000;2016-03-25T18:18:27.847000;6c8ed9ea-0907-4e8d-a3be-3d604ba854e6;10.652;3.572;SELL
2016-03-25T18:18:33.000000;2016-03-25T18:18:33.483000;1eb7d342-bf34-4e9d-912d-434395db495d;10.652;6.133;SELL
2016-03-25T18:18:39.000000;2016-03-25T18:18:39.383000;3f0be960-7613-40d3-86ed-7de296432b43;10.652;2.449;SELL
2016-03-25T18:18:47.000000;2016-03-25T18:18:48.010000;690e0477-9089-4b9d-9d2d-f72804c8a83f;10.652;1.07;SELL
2016-03-25T18:18:49.000000;2016-03-25T18:18:50.073000;d7e3e99f-14ab-437c-9b5c-b165bea6bb47;10.652;8.9479;SELL
2016-03-25T18:21:04.000000;2016-03-25T18:21:04.330000;f9797dc6-0144-41c4-a6aa-04f40107d04c;10.642;8.9479;BUY
2016-03-25T18:21:04.000000;2016-03-25T18:21:04.343000;782d9f2e-0264-48ad-871c-a9edaf4a7afd;10.642;23.55608837;BUY
2016-03-25T18:21:05.000000;2016-03-25T18:21:05.087000;39c4d7c2-4179-4c18-bc41-e8a48e5391ed;10.642;5.38650798;BUY
2016-03-25T18:25:04.000000;2016-03-25T18:25:04.243000;87b08164-4fd3-4f8f-9fa5-191804adb247;10.644;3.1031031;BUY
2016-03-25T18:25:41.000000;2016-03-25T18:25:41.773000;b2c6ae6e-3bf3-4da9-9c79-75e2bec94e12;10.644;2.002002;BUY
2016-03-25T18:25:49.000000;2016-03-25T18:25:49.890000;7ea9cd0a-7cc1-478f-a56e-7f2b974cbd6a;10.644;3.8427949;BUY
2016-03-25T18:25:49.000000;2016-03-25T18:25:49.907000;2d6950e3-ce42-420b-805c-603a50cf907f;10.646;1.79332518;BUY
2016-03-25T18:25:51.000000;2016-03-25T18:25:51.990000;a031ad24-1205-449b-b4ce-9d1863b2e8aa;10.652;1.79332518;BUY
2016-03-25T18:25:56.000000;2016-03-25T18:25:56.363000;8d20a090-e847-4fba-8a56-4e4e142642ae;10.652;1.79332518;BUY
2016-03-25T18:26:00.000000;2016-03-25T18:26:00.283000;f3608392-a928-4df3-8112-636bcbd0eb77;10.652;3.8427949;BUY
2016-03-25T18:26:33.000000;2016-03-25T18:26:33.777000;4298094c-7e7d-4fa4-865d-c9a1c0778826;10.652;0.9;BUY
2016-03-25T18:26:37.000000;2016-03-25T18:26:37.870000;6c969033-7093-4279-ada0-886f1e85ff35;10.652;0.5981982;BUY
2016-03-25T18:27:10.000000;2016-03-25T18:27:10.813000;bac7d3be-c5c1-4ccd-a8ee-a9eaf54e9fbe;10.652;0.14667;BUY
2016-03-25T18:27:11.000000;2016-03-25T18:27:12.033000;3054af31-6da4-4f80-97e2-80cdfe8f0bd3;10.652;0.2;BUY
2016-03-25T18:27:31.000000;2016-03-25T18:27:31.310000;64cef1ef-17dd-4d36-9dbd-c225905a435b;10.652;0.2;BUY
2016-03-25T18:28:05.000000;2016-03-25T18:28:05.793000;d7c8d9a0-e570-43eb-8020-17d69bb4f50b;10.652;5.63476887;BUY
2016-03-25T18:32:30.000000;2016-03-25T18:32:31.003000;43a8e163-f8d7-4195-9d5e-2961551da5e6;10.651;0.58713;BUY
2016-03-25T18:49:22.000000;2016-03-25T18:49:22.417000;d368a911-4a14-47dc-a259-bff33e740802;10.639;32.50398837;BUY
2016-03-25T18:49:22.000000;2016-03-25T18:49:22.797000;c6308447-03d9-463d-98a5-b21048b22883;10.639;10.4880883;BUY
2016-03-25T18:52:01.000000;2016-03-25T18:52:01.893000;32178829-40a2-4f20-b8ea-ff5a36358d29;10.682;32.50398837;BUY
2016-03-25T18:56:01.000000;2016-03-25T18:56:01.513000;c7c10f79-3c56-4494-a7a5-cb4093e3fb53;10.69;0.7;BUY
2016-03-25T18:56:01.000000;2016-03-25T18:56:01.520000;0ae510cd-4c12-40af-b950-afd64b411080;10.691;31.80398837;BUY
2016-03-25T18:57:19.000000;2016-03-25T18:57:19.857000;b2f3e5e0-856a-4d42-8c04-edb4e026a239;10.717;9.70149528;BUY
2016-03-25T19:12:53.000000;2016-03-25T19:12:53.733000;0bfe8a34-e80d-4fe7-92b4-028c501c5fee;10.71;20.0;SELL
2016-03-25T19:47:43.000000;2016-03-25T19:47:43.250000;0cc7a020-7b82-4c30-88c5-5cb31dfa4ad8;10.679;1.424;SELL
2016-03-25T19:48:00.000000;2016-03-25T19:48:00.193000;0f8fcffd-6681-4e3d-85e3-384f88013edd;10.684;0.55048;SELL
2016-03-25T19:48:00.000000;2016-03-25T19:48:00.213000;fe5c5799-e03d-49b1-ba41-1d6d06b10154;10.683;2.68552;SELL
2016-03-25T19:49:03.000000;2016-03-25T19:49:03.400000;19d45284-b4be-4436-970d-928d935b9106;10.718;1.86186186;BUY
2016-03-25T20:00:42.000000;2016-03-25T20:00:42.323000;bee28ff0-6365-46c4-9e0a-6931293f00cc;10.683;2.0;SELL
2016-03-25T20:01:10.000000;2016-03-25T20:01:10.733000;cf37f923-6829-4086-b984-77de753e5dd0;10.683;0.49229318;SELL
2016-03-25T20:03:28.000000;2016-03-25T20:03:28.270000;4ef39567-f515-46a3-a739-78d322d09676;10.683;1.038;SELL
2016-03-25T20:24:39.000000;2016-03-25T20:24:39.500000;28eb2658-edad-4f61-8691-1d7e474870d2;10.718;2.70532948;BUY
2016-03-25T20:25:03.000000;2016-03-25T20:25:03.570000;917d02a3-ee3f-4f3a-b67b-4260c35540bb;10.698;5.315;SELL
2016-03-25T20:25:08.000000;2016-03-25T20:25:08.743000;92ff0c67-c8d3-41de-9d46-928809d8bdaa;10.702;6.834;SELL
2016-03-25T20:25:13.000000;2016-03-25T20:25:13.880000;50a749f9-e771-44b2-8bbb-3f8ae8f4ca33;10.706;3.239;SELL
2016-03-25T20:25:19.000000;2016-03-25T20:25:19.280000;0e90827b-1dd1-4eec-a131-6e9e67f7c451;10.708;1.25;SELL
2016-03-25T20:25:24.000000;2016-03-25T20:25:24.730000;0010075f-4b6d-4b59-b315-4ee4efe1f784;10.71;1.21;SELL
2016-03-25T20:25:30.000000;2016-03-25T20:25:30.437000;72d0ef24-45cb-42ca-85e3-2aa6a7ae582c;10.71;2.83;SELL
2016-03-25T20:25:35.000000;2016-03-25T20:25:35.253000;19d47766-cb53-4f4a-b933-9907a0e5ce94;10.71;1.3;SELL
2016-03-25T20:25:40.000000;2016-03-25T20:25:40.577000;7041fd5e-0889-4856-ad88-08dd2d8036a9;10.71;1.222;SELL
2016-03-25T20:27:20.000000;2016-03-25T20:27:20.640000;81a02884-d1e2-447d-9feb-fd3eddd510aa;10.71;1.0;SELL
2016-03-25T20:28:01.000000;2016-03-25T20:28:01.517000;5b006370-5f9f-464c-b1e6-5298589b96a9;10.71;47.857;SELL
2016-03-25T20:28:03.000000;2016-03-25T20:28:03.850000;ff97dc74-d2c0-4918-88f6-fcb1ea46011c;10.694;1.43;SELL
2016-03-25T20:28:38.000000;2016-03-25T20:28:38.067000;f2384bd8-5590-4145-8e4f-5de920d0ebae;10.705;55.2419;SELL
2016-03-25T20:28:59.000000;2016-03-25T20:28:59.350000;2284d515-f11e-41d6-8f9f-6569bac496ce;10.7;6.83423716;BUY
2016-03-25T20:55:05.000000;2016-03-25T20:55:05.487000;58b0cc32-9378-442e-b5d2-8331e74e7460;10.685;12.34012317;SELL
2016-03-25T20:57:24.000000;2016-03-25T20:57:24.667000;f2835abc-9755-4dcf-8f6b-e07beec8217d;10.685;5.0;SELL
2016-03-25T20:59:32.000000;2016-03-25T20:59:32.103000;62a16780-8f62-49e5-bdf6-eb2fd0fdf9e1;10.685;10.0;SELL
2016-03-25T20:59:57.000000;2016-03-25T20:59:57.670000;da4c401c-d77b-4b2a-8e2a-01ad65f26f99;10.685;22.65987683;SELL
2016-03-25T21:05:46.000000;2016-03-25T21:05:46.080000;b6a811b8-2237-447b-8152-a72b74cd35bd;10.61;8.76206359;SELL
2016-03-25T21:11:31.000000;2016-03-25T21:11:31.590000;52cb9a4b-dae9-4e70-b073-701a1d23708f;10.658;15.0;BUY
2016-03-25T21:19:37.000000;2016-03-25T21:19:37.157000;d45ad70a-6f3e-4d23-965e-975b8b65c031;10.61;11.23793641;SELL
2016-03-25T21:19:37.000000;2016-03-25T21:19:37.163000;68685aa3-e183-450a-92d5-d1184afdb32c;10.61;19.56395222;SELL
2016-03-25T21:19:38.000000;2016-03-25T21:19:38.137000;32787982-eba0-4a45-b9f4-3bd9ee2aa69d;10.61;30.43604778;SELL
2016-03-25T21:59:19.000000;2016-03-25T21:59:20.030000;367bd52d-7e7c-47fe-aaf3-66f9d8da43e8;10.578;41.1484;BUY
2016-03-25T21:59:30.000000;2016-03-25T21:59:31.137000;cef2cdfb-b1a5-4448-8a39-8737adfe1fad;10.578;4.51334181;SELL
2016-03-25T21:59:35.000000;2016-03-25T21:59:35.553000;0bd07689-fa31-456c-b33d-a05933ea338e;10.578;4.49356303;SELL
2016-03-25T21:59:40.000000;2016-03-25T21:59:40.187000;36d1177c-448e-4626-9d0d-80834011cb3c;10.578;4.4316896;SELL
2016-03-25T21:59:44.000000;2016-03-25T21:59:44.383000;f4b6c8a6-0401-4af2-a248-43f77050841d;10.578;4.4316896;SELL
2016-03-25T21:59:48.000000;2016-03-25T21:59:48.427000;b0f432ed-527c-4926-93bb-aa242fcfc0f7;10.578;4.4316896;SELL
2016-03-25T21:59:53.000000;2016-03-25T21:59:53.113000;28286398-279a-411d-917f-e60c220a52c5;10.578;4.4316896;SELL
2016-03-25T21:59:56.000000;2016-03-25T21:59:56.677000;ad609f49-e488-4765-8f67-20d098b5dd7a;10.578;4.4316896;SELL
2016-03-25T22:00:00.000000;2016-03-25T22:00:00.973000;208aa2f9-44af-4f00-b0d3-bf401323642d;10.578;4.4316896;SELL
2016-03-25T22:00:06.000000;2016-03-25T22:00:06.387000;f44653c6-fa75-4c9f-9135-eb9fd9c264c7;10.578;4.4316896;SELL
2016-03-25T22:00:11.000000;2016-03-25T22:00:11.093000;7bc92f7b-fdf2-4e5e-8c0b-163e7cb90070;10.578;4.4316896;SELL
2016-03-25T22:00:15.000000;2016-03-25T22:00:15.967000;88887103-91eb-4c60-ac03-735f9417df85;10.578;4.4316896;SELL
2016-03-25T22:00:20.000000;2016-03-25T22:00:20.427000;ef81ea76-cc53-4eb5-8630-4746d0fe62c2;10.578;4.4316896;SELL
2016-03-25T22:00:24.000000;2016-03-25T22:00:24.803000;17957714-9695-4c6c-ae22-94260a64ebe7;10.578;4.4316896;SELL
2016-03-25T22:00:29.000000;2016-03-25T22:00:29.663000;1e90d839-f00e-44c7-89e8-0e8f91019d94;10.578;4.4316896;SELL
2016-03-25T22:00:34.000000;2016-03-25T22:00:34.077000;354453ea-6756-4157-80b0-a5b7daf0ef08;10.578;4.4316896;SELL
2016-03-25T22:00:39.000000;2016-03-25T22:00:39.253000;7d87540c-87d2-4dff-a6e5-d4c45f5b2089;10.578;4.4316896;SELL
2016-03-25T22:00:43.000000;2016-03-25T22:00:43.553000;44959d50-10d7-4d1c-9f38-894655d38fbd;10.578;4.4316896;SELL
2016-03-25T22:00:48.000000;2016-03-25T22:00:48.573000;fbee58fc-d566-4e84-80a2-35c83378947f;10.578;4.4316896;SELL
2016-03-25T22:00:52.000000;2016-03-25T22:00:52.713000;07c88b11-5a87-4d6e-aba3-bd224be88c67;10.578;4.4316896;SELL
2016-03-25T22:01:48.000000;2016-03-25T22:01:48.540000;5117ee74-f344-43ad-818c-e03173f1bdb9;10.578;2.03436189;SELL
2016-03-25T22:02:30.000000;2016-03-25T22:02:30.623000;fd148f52-ef42-45d4-bbc2-9db549f000b2;10.578;3.000189;SELL
2016-03-25T22:03:25.000000;2016-03-25T22:03:25.087000;fa2071be-ba92-4f36-947b-71533a4f0e0e;10.578;1.96020895;SELL
2016-03-25T22:03:25.000000;2016-03-25T22:03:25.210000;bd74d824-4d02-4a31-8124-4216e68e80db;10.578;14.40686397;SELL
2016-03-25T22:04:08.000000;2016-03-25T22:04:08.547000;7982e542-b53a-499b-a7fc-1dfa49f28c05;10.578;0.50739492;SELL
2016-03-25T22:07:04.000000;2016-03-25T22:07:04.777000;10dbd306-00c9-48e5-9c1b-b7762faf3b85;10.578;2.968;SELL
2016-03-25T22:10:37.000000;2016-03-25T22:10:37.567000;a93e4540-9e53-4b2a-b951-8ca11839dc42;10.579;8.368;SELL
2016-03-25T22:18:50.000000;2016-03-25T22:18:50.367000;9d35937c-55c6-4ba1-bf2d-2cc5f5e77b8a;10.665;35.99832664;BUY
2016-03-25T22:18:50.000000;2016-03-25T22:18:50.380000;b5e3e44d-77a3-42c1-95ae-6f646d593fe6;10.666;2.449778;BUY
2016-03-25T22:18:51.000000;2016-03-25T22:18:51.607000;f39de8a0-e27e-4df7-b97f-a07f295b4a31;10.672;35.99832664;SELL
2016-03-25T22:18:52.000000;2016-03-25T22:18:52.270000;e4e18262-f5c1-47e9-a4ab-719428dfcacc;10.672;75.55356872;SELL
2016-03-25T22:32:44.000000;2016-03-25T22:32:44.980000;4a28a2e3-1ca2-4d3a-a65f-39ea7d0cf9ad;10.663;12.03645606;BUY
2016-03-25T22:38:07.000000;2016-03-25T22:38:07.533000;72c70b41-6a54-4c9b-9b96-eff9eb7c2ba7;10.671;4.6138;BUY
2016-03-25T23:41:52.000000;2016-03-25T23:41:52.247000;354cc5cf-206f-433f-ad07-1eddff360e5d;10.671;18.97305776;BUY
2016-03-25T23:58:02.000000;2016-03-25T23:58:02.990000;669e6a65-b375-4e34-aa21-1aa9993956cd;10.672;2.002002;BUY
2016-03-25T23:58:03.000000;2016-03-25T23:58:03.447000;e11da411-b756-4f05-9507-c8d9c5da4c76;10.672;2.002002;BUY
2016-03-25T23:58:25.000000;2016-03-25T23:58:25.697000;c11e1d7f-33bd-4879-a91f-1fc063d8809c;10.672;3.92392392;BUY
2016-03-25T23:58:34.000000;2016-03-25T23:58:34.293000;5f7d067a-12ca-4e5f-ad25-4e31f4155564;10.672;20.64328959;BUY
2016-03-25T23:58:34.000000;2016-03-25T23:58:34.303000;438a5e8e-e8e3-4b36-ae57-7146d5896d18;10.672;9.31667037;BUY
2016-03-25T23:59:54.000000;2016-03-25T23:59:54.090000;79b97c2d-8b1a-4732-af21-e7e200f71002;10.662;3.0;SELL
2016-03-25T23:59:54.000000;2016-03-25T23:59:54.100000;59f0d43c-3584-48c5-8051-7ea0b315a189;10.661;52.7503;SELL
