time_exchange;time_coinpai;guid;price;base_amount;taker_side
2016-02-26T00:00:04.470000;2016-02-26T00:00:04.500000;4fc7ca89-f7af-4a77-a352-75b86c0ebb50;423.51;0.01;SELL
2016-02-26T00:00:04.470000;2016-02-26T00:00:04.513000;3bcaed6e-3e8d-437f-ba1b-01f0fc8d14a0;423.5;0.01;SELL
2016-02-26T00:00:04.470000;2016-02-26T00:00:04.513000;476a26a0-3dfa-4287-b7d2-e6c3e1e1dd9a;423.49;0.01;SELL
2016-02-26T00:00:04.470000;2016-02-26T00:00:04.530000;a31d6c50-5730-4591-bbe7-d81b9aac6678;423.48;0.01;SELL
2016-02-26T00:00:04.470000;2016-02-26T00:00:04.530000;79e7ed45-6df3-4ed8-8d26-8bcc6856ede8;423.47;0.01;SELL
2016-02-26T00:00:04.470000;2016-02-26T00:00:04.547000;7dbecb03-0576-4746-ab4f-c93fd043c624;423.46;0.01;SELL
2016-02-26T00:00:04.470000;2016-02-26T00:00:04.577000;c657c660-0cfd-4900-9a00-4d88b9e6d001;423.45;0.01;SELL
2016-02-26T00:00:04.470000;2016-02-26T00:00:04.593000;e91596bf-6fa7-405b-8ae4-76e4fb6c32a5;423.44;0.01;SELL
2016-02-26T00:00:04.470000;2016-02-26T00:00:04.593000;2d226613-74c0-408b-8a4a-61bc2760a57f;423.42;0.025;SELL
2016-02-26T00:02:08.943000;2016-02-26T00:02:08.967000;73dd1816-65ed-414a-bff0-db6879a93432;423.49;0.03;BUY
2016-02-26T00:03:02.143000;2016-02-26T00:03:02.170000;05029e98-582a-43c8-a7a9-826226bf0362;423.5;0.124;BUY
2016-02-26T00:03:02.143000;2016-02-26T00:03:02.170000;8f4cecac-cb15-4229-9d6d-3511a7c1160b;423.51;0.01;BUY
2016-02-26T00:03:02.143000;2016-02-26T00:03:02.187000;14a33c18-3329-49c4-bddf-d9a1b2d3256d;423.52;0.01;BUY
2016-02-26T00:03:02.143000;2016-02-26T00:03:02.187000;7d754122-f06e-4274-bdae-87758a27621d;423.52;0.01;BUY
2016-02-26T00:03:02.143000;2016-02-26T00:03:02.187000;4fa0156d-24ff-45c0-b8e4-7e3e1ebabc2f;423.53;0.01;BUY
2016-02-26T00:03:02.143000;2016-02-26T00:03:02.187000;70b3d982-564f-4493-b1c0-e83b16cb3737;423.53;0.01;BUY
2016-02-26T00:03:02.143000;2016-02-26T00:03:02.187000;68d29847-b162-4aa0-a5ff-10a14ee50002;423.53;0.19;BUY
2016-02-26T00:03:02.143000;2016-02-26T00:03:02.203000;0dc91b83-5ddd-454c-a90b-171b640559c0;423.54;0.01;BUY
2016-02-26T00:03:02.143000;2016-02-26T00:03:02.203000;700e745a-dfdb-4961-82e7-c0806c21435b;423.54;0.57;BUY
2016-02-26T00:03:02.143000;2016-02-26T00:03:02.203000;2c7e04b7-718b-4c4f-9176-ad10e0145073;423.55;0.122;BUY
2016-02-26T00:03:02.143000;2016-02-26T00:03:02.217000;73fcbdeb-370d-4464-bfec-787ef295feb2;423.56;1.52;BUY
2016-02-26T00:03:02.143000;2016-02-26T00:03:02.217000;1670517f-660f-4162-b92c-3fda2c3bb565;423.57;0.01;BUY
2016-02-26T00:03:02.143000;2016-02-26T00:03:02.217000;7adf6716-8901-447c-9954-1892bc0a0534;423.59;3.71026;BUY
2016-02-26T00:03:31.397000;2016-02-26T00:03:31.407000;c9265dcc-a998-44c8-84de-72eb339b7551;423.42;0.01;SELL
2016-02-26T00:03:31.397000;2016-02-26T00:03:31.437000;4105b7f6-633c-4acf-a65b-0a9309993788;423.41;0.01;SELL
2016-02-26T00:03:31.397000;2016-02-26T00:03:31.437000;3ba9d603-11e4-4504-8cbb-00d7fc960a2a;423.39;0.01;SELL
2016-02-26T00:03:31.397000;2016-02-26T00:03:31.437000;81f25198-1dc0-4d7b-afdc-13ac7819569f;423.38;0.01;SELL
2016-02-26T00:03:31.397000;2016-02-26T00:03:31.437000;8a34ac4d-8532-4474-9191-4cbf7cda0165;423.37;0.01;SELL
2016-02-26T00:03:31.397000;2016-02-26T00:03:31.437000;9ecdcd96-b100-4b61-8d19-23897b4d2325;423.37;0.04972;SELL
2016-02-26T00:04:01.760000;2016-02-26T00:04:01.780000;89d59cd8-8df0-4804-b33a-7cbae4f3a421;423.45;0.19;BUY
2016-02-26T00:04:01.760000;2016-02-26T00:04:01.797000;9b5371d8-9d53-46ad-b4c7-552894666a9c;423.46;0.01;BUY
2016-02-26T00:04:01.760000;2016-02-26T00:04:01.797000;8b0305a1-f650-4780-b706-d95d416d3365;423.48;0.63116;BUY
2016-02-26T00:04:31.330000;2016-02-26T00:04:31.407000;48431a60-d348-47e8-8c2b-a18e38054ae3;423.43;0.38621;BUY
2016-02-26T00:05:01.910000;2016-02-26T00:05:01.920000;8defbbe4-5e41-4a04-9434-37d4159d3868;423.44;0.19;BUY
2016-02-26T00:05:01.910000;2016-02-26T00:05:01.937000;1516b066-380b-48f3-9036-46fca072f4ad;423.45;0.594;BUY
2016-02-26T00:05:01.910000;2016-02-26T00:05:01.937000;ac3c7754-d414-4fdb-abf7-b93bbf0f9f61;423.46;0.22826;BUY
2016-02-26T00:05:31.700000;2016-02-26T00:05:31.717000;0978cc8e-f28f-4d30-b79d-f679f48c7995;423.49;0.01;BUY
2016-02-26T00:05:31.703000;2016-02-26T00:05:31.733000;b527346f-2aa7-4ebc-b2c9-859aa93ea2aa;423.5;0.01;BUY
2016-02-26T00:05:31.703000;2016-02-26T00:05:31.733000;91bf888c-aa43-4d6c-8421-1089e8c7158c;423.5;0.02;BUY
2016-02-26T00:05:31.703000;2016-02-26T00:05:31.733000;0331b2a0-099c-4228-8877-675395fca5f5;423.5;0.01;BUY
2016-02-26T00:05:31.703000;2016-02-26T00:05:31.733000;f5ba828f-c715-425d-a903-0075a2c58643;423.52;0.108;BUY
2016-02-26T00:05:31.703000;2016-02-26T00:05:31.733000;af4a839d-2652-4d63-86fb-23c74b9b6a1b;423.52;0.19;BUY
2016-02-26T00:05:31.703000;2016-02-26T00:05:31.750000;aca9df42-2aa4-4011-9832-e7445062e003;423.53;0.216;BUY
2016-02-26T00:05:31.703000;2016-02-26T00:05:31.750000;a968de8c-dd99-4dbc-8f78-d691e4ecfc48;423.53;0.57;BUY
2016-02-26T00:05:31.703000;2016-02-26T00:05:31.750000;8233b60e-104d-49ac-a800-5899e9749c56;423.54;0.01;BUY
2016-02-26T00:05:31.703000;2016-02-26T00:05:31.750000;229b6aca-0b9a-4085-ad58-008c8f3bab3b;423.54;0.62854;BUY
2016-02-26T00:06:01.543000;2016-02-26T00:06:01.563000;ceb72244-0c5a-4b15-97bd-0ace683c38cd;423.51;0.499;BUY
2016-02-26T00:06:01.543000;2016-02-26T00:06:01.563000;92c67a4c-2b06-47aa-bea4-57482663151b;423.54;1.8865;BUY
2016-02-26T00:06:31.143000;2016-02-26T00:06:31.170000;7b6fd32c-e1dd-4257-b650-62417db5af83;423.45;0.161;BUY
2016-02-26T00:06:31.147000;2016-02-26T00:06:31.170000;36cea004-1d2a-49c4-a60c-6c53b16b2a33;423.49;0.22096;BUY
2016-02-26T00:07:01.307000;2016-02-26T00:07:01.313000;655a051e-49b3-4a58-aaac-6eca56ca397f;423.45;0.11965;BUY
2016-02-26T00:07:31.700000;2016-02-26T00:07:31.717000;ec77ca64-b567-4a34-a0d2-0397f461e938;423.39;0.01;SELL
2016-02-26T00:07:31.700000;2016-02-26T00:07:31.750000;a343b55f-33df-4337-bb8a-c12f07e2f4c2;423.38;0.01;SELL
2016-02-26T00:07:31.700000;2016-02-26T00:07:31.750000;d7342bb7-3e62-412b-8e00-80ae1cf5765c;423.37;0.01;SELL
2016-02-26T00:07:31.703000;2016-02-26T00:07:31.750000;84fa13cb-746c-4ec3-8638-305901f5d5bf;423.36;0.074;SELL
2016-02-26T00:07:31.703000;2016-02-26T00:07:31.750000;e437eaee-ca48-4687-92ed-3dc957bc09b6;423.35;0.01;SELL
2016-02-26T00:07:31.703000;2016-02-26T00:07:31.813000;331c2ac2-be70-458b-a404-772804ead4c0;423.35;0.01;SELL
2016-02-26T00:07:31.703000;2016-02-26T00:07:31.813000;c80f11d7-e60e-4402-bb5d-25f1f4809b2d;423.33;0.01;SELL
2016-02-26T00:07:31.703000;2016-02-26T00:07:31.813000;e1a233c5-3de0-43a7-8c3f-01116c278c8d;423.33;0.01;SELL
2016-02-26T00:07:31.703000;2016-02-26T00:07:31.813000;66e234a6-3921-4cd4-a5a0-7fcfc4ce2de2;423.33;0.01;SELL
2016-02-26T00:07:31.703000;2016-02-26T00:07:31.813000;b38b8122-a1fb-474f-969d-35c86079ac60;423.33;0.01;SELL
2016-02-26T00:07:31.703000;2016-02-26T00:07:31.813000;b5dd97dc-bc34-4b0d-b47e-80813d38b87e;423.31;0.01;SELL
2016-02-26T00:07:31.703000;2016-02-26T00:07:31.813000;00350808-8a62-4430-98fb-fe862c0e58d7;423.31;0.01;SELL
2016-02-26T00:07:31.703000;2016-02-26T00:07:31.813000;dc645ac1-581f-490f-986c-a76e5a90d36c;423.31;0.12;SELL
2016-02-26T00:07:31.703000;2016-02-26T00:07:31.813000;5064dd59-ca63-4f5a-b3ff-d36a9f5d0777;423.3;0.01;SELL
2016-02-26T00:07:31.703000;2016-02-26T00:07:31.813000;ac537d1f-42f1-4872-af66-2131f96be248;423.3;0.01;SELL
2016-02-26T00:07:31.703000;2016-02-26T00:07:31.813000;328a0436-90ed-49de-bdf3-6c00d162e2f9;423.29;0.01;SELL
2016-02-26T00:07:31.703000;2016-02-26T00:07:31.813000;56288cc9-691e-4039-9f66-d7c96308ed32;423.29;0.01;SELL
2016-02-26T00:07:31.703000;2016-02-26T00:07:31.813000;58dee1ec-2df5-4e0b-80f3-61408d957492;423.28;0.01;SELL
2016-02-26T00:07:31.703000;2016-02-26T00:07:31.813000;2b1cb797-ae33-413b-883d-761bee4f4886;423.27;0.01;SELL
2016-02-26T00:07:31.703000;2016-02-26T00:07:31.813000;666147d4-ab09-429f-8bd9-61deb18fdc4b;423.27;0.01;SELL
2016-02-26T00:07:31.703000;2016-02-26T00:07:31.827000;8e90b73c-c994-4eb9-996b-8a149851791b;423.27;0.01;SELL
2016-02-26T00:07:31.703000;2016-02-26T00:07:31.827000;0696d121-cc06-44f9-9789-c73e23d21f54;423.26;0.01;SELL
2016-02-26T00:07:31.707000;2016-02-26T00:07:31.843000;f58130e4-ff43-4aaf-a69a-2087c5a0d5b9;423.26;0.074;SELL
2016-02-26T00:07:31.707000;2016-02-26T00:07:31.843000;6a13f46f-285c-41fe-af48-b3967b757f5e;423.25;0.01;SELL
2016-02-26T00:07:31.707000;2016-02-26T00:07:31.843000;a9fc9fba-6ff8-4801-b095-2b60f34879b9;423.25;0.01;SELL
2016-02-26T00:07:31.707000;2016-02-26T00:07:31.890000;73d7c748-2ee4-441e-a4a3-56c308c91cab;423.25;0.0115;SELL
2016-02-26T00:07:31.707000;2016-02-26T00:07:31.890000;c706d1e4-4421-49c7-a629-6586ca1af3ae;423.24;0.19;SELL
2016-02-26T00:07:31.707000;2016-02-26T00:07:31.890000;1a541100-9594-4d77-b637-4b40f39c46d6;423.23;0.01;SELL
2016-02-26T00:07:31.707000;2016-02-26T00:07:31.890000;520c5dcf-c6c3-4473-ae6e-81635cd7b194;423.23;0.01;SELL
2016-02-26T00:07:31.707000;2016-02-26T00:07:31.890000;b24c0e0d-8bd5-4260-9a3e-a433c07cbb1b;423.23;0.01;SELL
2016-02-26T00:07:31.707000;2016-02-26T00:07:31.890000;cbc0c0cb-a9c6-42d7-8a99-18686ec22f4b;423.23;0.38;SELL
2016-02-26T00:07:31.707000;2016-02-26T00:07:31.890000;a51c2894-c2af-4242-9f79-000095ab3375;423.22;0.01;SELL
2016-02-26T00:07:31.707000;2016-02-26T00:07:31.890000;fee3956f-dbca-4dbd-ac12-31781e3d2a1b;423.22;0.76;SELL
2016-02-26T00:07:31.707000;2016-02-26T00:07:31.890000;9e4985c5-a981-40c7-9ebd-bb8318cc805b;423.21;0.097;SELL
2016-02-26T00:07:31.707000;2016-02-26T00:07:31.890000;24ffd309-e7a5-49b2-abff-6274cd0d3650;423.21;0.34;SELL
2016-02-26T00:07:31.707000;2016-02-26T00:07:31.907000;5723fa7e-1cef-4327-9305-5342af061b27;423.21;0.76;SELL
2016-02-26T00:07:31.707000;2016-02-26T00:07:31.907000;d24d53a5-6701-4cc9-9c87-2fb9e41c0c27;423.2;0.01;SELL
2016-02-26T00:07:31.707000;2016-02-26T00:07:31.907000;d54a1161-a97f-490c-9513-f41cd235ad97;423.2;0.01905976;SELL
2016-02-26T00:07:31.707000;2016-02-26T00:07:31.907000;a646c7ec-6608-440b-9137-76c89a66e9af;423.2;0.74;SELL
2016-02-26T00:07:31.707000;2016-02-26T00:07:31.907000;af96513f-10aa-444c-a863-d2c3686e5b30;423.2;0.53710024;SELL
2016-02-26T00:08:01.667000;2016-02-26T00:08:01.670000;9de49660-7f21-4f67-bfd1-7bb8d49a8259;423.41;0.05;BUY
2016-02-26T00:08:01.667000;2016-02-26T00:08:01.687000;2ae40d0c-77e5-473a-9eb7-5d46384ae12f;423.44;0.01;BUY
2016-02-26T00:08:01.667000;2016-02-26T00:08:01.687000;06aae04a-117c-459b-a5db-3419c4e0e4c8;423.45;0.06;BUY
2016-02-26T00:08:01.667000;2016-02-26T00:08:01.687000;e986b3ee-24fe-4b40-b1ef-d2cb4de48507;423.46;0.19;BUY
2016-02-26T00:08:01.667000;2016-02-26T00:08:01.703000;357844e5-0e21-4746-aa0c-6b8e96628a48;423.47;0.01;BUY
2016-02-26T00:08:01.667000;2016-02-26T00:08:01.703000;54f5bcf2-43b3-44d7-8828-39771e54ba14;423.47;0.38;BUY
2016-02-26T00:08:01.667000;2016-02-26T00:08:01.717000;5282f9a2-447e-4568-b2d1-378d1886fe28;423.48;0.01;BUY
2016-02-26T00:08:01.667000;2016-02-26T00:08:01.733000;300ce733-624d-4559-a908-5544a82c6c8d;423.48;0.01;BUY
2016-02-26T00:08:01.667000;2016-02-26T00:08:01.733000;9070ff19-3e91-4552-833d-b5d86be7996f;423.48;0.57;BUY
2016-02-26T00:08:01.667000;2016-02-26T00:08:01.733000;74e75dae-2272-4c32-bedc-046a387478fc;423.49;0.122;BUY
2016-02-26T00:08:01.670000;2016-02-26T00:08:01.750000;3bd42b94-f29c-408b-a5e7-047ae17682f4;423.51;0.19945;BUY
2016-02-26T00:08:32.160000;2016-02-26T00:08:32.170000;41738c40-1e26-4570-bfa7-4f2071a272c5;423.43;0.263;BUY
2016-02-26T00:08:32.160000;2016-02-26T00:08:32.187000;71fc7daa-843d-4000-b47f-93be20c93a64;423.48;0.58381;BUY
2016-02-26T00:09:02.057000;2016-02-26T00:09:02.077000;156cbe09-cd98-4fa4-8827-861233603be6;423.38;0.103;SELL
2016-02-26T00:09:02.057000;2016-02-26T00:09:02.077000;280bfd83-2d63-4a5e-a311-162131a6a3cf;423.37;0.01;SELL
2016-02-26T00:09:02.057000;2016-02-26T00:09:02.077000;916d6fb0-19e4-4eeb-9e8e-adc226e97140;423.35;0.01;SELL
2016-02-26T00:09:02.057000;2016-02-26T00:09:02.077000;f5af726d-3b66-4752-8381-e3e08dc6aa5f;423.34;0.01;SELL
2016-02-26T00:09:02.057000;2016-02-26T00:09:02.093000;0189fac7-10e2-458c-8142-b0c51fbb6fd6;423.34;0.098;SELL
2016-02-26T00:09:02.057000;2016-02-26T00:09:02.093000;8e621d0d-873a-4423-aa4e-56a95003b128;423.32;0.01;SELL
2016-02-26T00:09:02.057000;2016-02-26T00:09:02.093000;916f9579-2b98-41d9-8d4a-367e5ce9263e;423.3;0.01;SELL
2016-02-26T00:09:02.057000;2016-02-26T00:09:02.093000;1c3fa9fe-4b3f-45a9-93ba-40f1a783daff;423.3;0.01;SELL
2016-02-26T00:09:02.057000;2016-02-26T00:09:02.093000;4017b782-8e41-4be9-93be-b8c0b276f1ff;423.29;0.094;SELL
2016-02-26T00:09:02.057000;2016-02-26T00:09:02.093000;478cb5dc-2f4f-4738-9594-95fd53620bf1;423.24;0.02272;SELL
2016-02-26T00:09:31.467000;2016-02-26T00:09:31.467000;a9c28775-3e98-42ec-be5f-ab5cf123f190;423.42;0.03;BUY
2016-02-26T00:09:31.467000;2016-02-26T00:09:31.467000;e3c086c0-f5d3-49b8-8a9d-04da56b8a2f3;423.42;0.083;BUY
2016-02-26T00:09:31.467000;2016-02-26T00:09:31.483000;48d5d917-33e5-4900-b3ce-bf18a52d62d7;423.43;0.01;BUY
2016-02-26T00:09:31.467000;2016-02-26T00:09:31.483000;6fed9ae8-7799-452c-89b2-39a13b740f1e;423.44;0.01;BUY
2016-02-26T00:09:31.467000;2016-02-26T00:09:31.513000;8fe5749c-6afd-415e-9060-e89c7d95bf14;423.44;0.19;BUY
2016-02-26T00:09:31.470000;2016-02-26T00:09:31.513000;9f56a929-32c0-4496-834c-8060cc43b93b;423.45;0.01;BUY
2016-02-26T00:09:31.470000;2016-02-26T00:09:31.513000;cd5ea176-70c5-4fdb-a139-39be64668215;423.46;0.05946;BUY
2016-02-26T00:10:31.233000;2016-02-26T00:10:31.233000;8fc72333-1f19-451f-889c-ebf7788869b0;423.44;0.01;BUY
2016-02-26T00:10:31.233000;2016-02-26T00:10:31.250000;c72691e9-1a29-4a31-a069-d0f4d6939b81;423.44;0.117;BUY
2016-02-26T00:10:31.233000;2016-02-26T00:10:31.263000;f4029237-fab0-4c30-900a-ee59c9b8fbca;423.45;0.01;BUY
2016-02-26T00:10:31.233000;2016-02-26T00:10:31.263000;9ad66967-a043-4530-8493-fb52e7b1d12f;423.45;0.19;BUY
2016-02-26T00:10:31.237000;2016-02-26T00:10:31.263000;757a7c11-8e19-4b1d-a0b9-034f01352308;423.46;0.01;BUY
2016-02-26T00:10:31.237000;2016-02-26T00:10:31.263000;2c3872f5-594b-4812-9b36-60d989ebde19;423.46;0.01;BUY
2016-02-26T00:10:31.237000;2016-02-26T00:10:31.263000;61b12f0a-5503-421d-8929-3f1010bb5ac6;423.48;1.88924;BUY
2016-02-26T00:10:45.430000;2016-02-26T00:10:45.420000;7b5b9734-c19d-4fd5-aa73-c5d401bbc292;423.42;0.12;BUY
2016-02-26T00:11:01.583000;2016-02-26T00:11:01.577000;b4fbf642-09a1-4ffa-ab71-1fc49226cb1b;423.38;0.01;SELL
2016-02-26T00:11:01.583000;2016-02-26T00:11:01.593000;31a9538a-bb75-4f60-9088-a64a9d15e3c6;423.37;0.01;SELL
2016-02-26T00:11:01.583000;2016-02-26T00:11:01.593000;54e57b54-e762-4878-b0b4-865f552331c0;423.36;0.01;SELL
2016-02-26T00:11:01.583000;2016-02-26T00:11:01.610000;07d3b5c9-208f-4ede-a0d1-e12b1f201ced;423.35;0.01;SELL
2016-02-26T00:11:01.583000;2016-02-26T00:11:01.610000;9dad266d-c3af-44f4-a944-de80335bbb02;423.35;0.01;SELL
2016-02-26T00:11:01.583000;2016-02-26T00:11:01.610000;83882a88-7060-4728-8502-90173e5161c0;423.35;0.06164;SELL
2016-02-26T00:11:31.133000;2016-02-26T00:11:31.123000;3d37d881-4c72-49d6-b93c-6d136c6e1ded;423.35;0.01;SELL
2016-02-26T00:11:31.133000;2016-02-26T00:11:31.140000;1f0771b2-6a09-4c74-818a-982154b68146;423.34;0.01;SELL
2016-02-26T00:11:31.133000;2016-02-26T00:11:31.140000;0ca762e1-277a-483d-8e4b-977f709a3eca;423.34;0.01;SELL
2016-02-26T00:11:31.133000;2016-02-26T00:11:31.157000;e81fadfb-45d8-441f-93ae-87f109ed8838;423.32;0.01;SELL
2016-02-26T00:11:31.133000;2016-02-26T00:11:31.157000;91cc5292-e332-4241-a3fa-f3ec72c9a8e6;423.32;0.104;SELL
2016-02-26T00:11:31.133000;2016-02-26T00:11:31.233000;a36c1a5f-e5a8-4dcb-a803-a0acc5217b44;423.31;0.01;SELL
2016-02-26T00:11:31.133000;2016-02-26T00:11:31.233000;430f3ec0-7667-40a0-9d32-fd33b7813195;423.31;0.01;SELL
2016-02-26T00:11:31.137000;2016-02-26T00:11:31.233000;cd28331c-1b67-4086-bc73-37b42dfa42df;423.31;0.01;SELL
2016-02-26T00:11:31.137000;2016-02-26T00:11:31.233000;36f54a7c-ff58-4dcb-8be7-421d2a401204;423.3;0.01;SELL
2016-02-26T00:11:31.137000;2016-02-26T00:11:31.233000;aa043e37-c6d9-445b-b6c6-ac9a0c1a3f2b;423.27;0.114;SELL
2016-02-26T00:11:31.137000;2016-02-26T00:11:31.233000;5ecfe9da-f5a0-4df7-b096-e179403a9f41;423.22;0.114;SELL
2016-02-26T00:11:31.137000;2016-02-26T00:11:31.233000;0ec59cd2-9758-4f2c-8cd8-678b78daea25;423.19;0.01;SELL
2016-02-26T00:11:31.137000;2016-02-26T00:11:31.233000;8b95c1b7-38b1-4b1a-a1fd-710ba276e4d0;423.18;0.01;SELL
2016-02-26T00:11:31.137000;2016-02-26T00:11:31.233000;dfad452f-a3bd-4ee2-a0d9-dab238136e96;423.18;0.19;SELL
2016-02-26T00:11:31.137000;2016-02-26T00:11:31.233000;d1b45f0a-84a0-47f7-9b97-3a73be51704d;423.17;0.19;SELL
2016-02-26T00:11:31.137000;2016-02-26T00:11:31.233000;ad1c549a-fa66-4623-b44f-c72e495c2109;423.17;0.103;SELL
2016-02-26T00:11:31.137000;2016-02-26T00:11:31.233000;f217ca5c-b1a7-4821-a04c-bba49ad62f9a;423.16;0.01;SELL
2016-02-26T00:11:31.137000;2016-02-26T00:11:31.233000;928e67b2-ae3c-4a0e-979c-f3bde6758cd9;423.14;0.57;SELL
2016-02-26T00:11:31.137000;2016-02-26T00:11:31.233000;08cd0afa-4a80-418d-8338-cd1728703ced;423.13;0.83;SELL
2016-02-26T00:11:31.137000;2016-02-26T00:11:31.233000;2b110814-310f-42f7-979d-c034497f4ad8;423.12;0.103;SELL
2016-02-26T00:11:31.137000;2016-02-26T00:11:31.233000;8f6004d8-186a-4e36-9c34-923efee8189f;423.11;0.38;SELL
2016-02-26T00:11:31.137000;2016-02-26T00:11:31.233000;1aca97d5-ccb7-4935-9813-2328ec0f59c2;423.1;0.03;SELL
2016-02-26T00:11:31.137000;2016-02-26T00:11:31.233000;d2f383d6-c9bb-4cfb-aa6a-43fb67f735a3;423.09;0.76;SELL
2016-02-26T00:11:31.137000;2016-02-26T00:11:31.233000;6e5bafa8-bc7c-4207-9822-8e4365517e44;423.08;0.01;SELL
2016-02-26T00:11:31.140000;2016-02-26T00:11:31.250000;a562ff44-5b0a-4eb8-ba3c-8ec2c6fff5ab;423.08;1.11041;SELL
2016-02-26T00:12:02.047000;2016-02-26T00:12:02.283000;104b793e-4d9e-4876-973d-2dd6784ec784;423.32;0.01;BUY
2016-02-26T00:12:02.047000;2016-02-26T00:12:02.283000;98484055-b115-4182-8156-647f3d55bfc7;423.33;0.19;BUY
2016-02-26T00:12:02.047000;2016-02-26T00:12:02.283000;c0b70c04-c8e0-4f3e-b982-8bcb9e7113ff;423.38;0.8008;BUY
2016-02-26T00:12:31.553000;2016-02-26T00:12:31.783000;79393215-5bc7-4409-a610-00c65aeec267;423.28;0.01;SELL
2016-02-26T00:12:31.553000;2016-02-26T00:12:31.800000;f331fd2c-3f79-4e97-abc5-d946e8f08bfd;423.26;0.01;SELL
2016-02-26T00:12:31.553000;2016-02-26T00:12:31.800000;32b13c8f-935c-44c8-9d55-5a63a2610150;423.25;0.076;SELL
2016-02-26T00:12:31.553000;2016-02-26T00:12:31.800000;6046a9da-09e4-459e-9d34-4de0d139e695;423.24;0.01;SELL
2016-02-26T00:12:31.553000;2016-02-26T00:12:31.817000;3278bdb8-cbd6-4044-b474-1fb69d34b432;423.23;0.01;SELL
2016-02-26T00:12:31.553000;2016-02-26T00:12:31.893000;9dc2cd80-f4b8-4ba8-8155-72334e9aeafb;423.2;0.088;SELL
2016-02-26T00:12:31.553000;2016-02-26T00:12:31.893000;ebf3b940-e916-41a0-93de-993aeb7f33dc;423.18;0.01;SELL
2016-02-26T00:12:31.553000;2016-02-26T00:12:31.893000;6e38b746-f6b3-4786-b4c4-884f9c3688c2;423.16;0.01;SELL
2016-02-26T00:12:31.553000;2016-02-26T00:12:31.893000;fe0afbf9-2496-46e4-b867-b4ee6c52ea1d;423.15;0.01;SELL
2016-02-26T00:12:31.553000;2016-02-26T00:12:31.893000;4e12fcdf-13ba-4dbb-a8ae-597fa235e25e;423.14;0.01;SELL
2016-02-26T00:12:31.553000;2016-02-26T00:12:31.893000;fc0bd671-199b-43c6-90d8-aaafc61f6df3;423.13;0.84;SELL
2016-02-26T00:12:31.553000;2016-02-26T00:12:31.893000;c7683be9-caad-4d7f-bd07-cb23d80cde5d;423.13;0.112;SELL
2016-02-26T00:12:31.553000;2016-02-26T00:12:31.893000;ef452770-a039-4aab-8d81-9867521683c9;423.08;1.46689;SELL
2016-02-26T00:12:31.557000;2016-02-26T00:12:31.893000;59320835-bd36-44ac-946a-96653613aa0a;423.08;0.117;SELL
2016-02-26T00:12:31.557000;2016-02-26T00:12:31.893000;04d65436-d27f-48d5-838f-971089a295a9;423.07;0.01;SELL
2016-02-26T00:12:31.557000;2016-02-26T00:12:31.893000;5cdb2d9c-b512-4e45-9910-bc3753839b9e;423.06;0.01;SELL
2016-02-26T00:12:31.557000;2016-02-26T00:12:31.893000;8748087e-11fe-44df-bb9a-16077a803a81;423.06;0.01;SELL
2016-02-26T00:12:31.557000;2016-02-26T00:12:31.893000;2b11ef6c-4548-42b1-a410-74dc3f3febf2;423.05;0.01;SELL
2016-02-26T00:12:31.557000;2016-02-26T00:12:31.893000;970df873-1ef3-4a90-822d-2338abb1c12f;423.04;0.01;SELL
2016-02-26T00:12:31.557000;2016-02-26T00:12:31.893000;97de34d8-8081-4acf-a9dd-4f0a74afcc02;423.03;0.01;SELL
2016-02-26T00:12:31.557000;2016-02-26T00:12:31.893000;51be0f44-4c85-4e51-a16e-b967c299cb4c;423.03;0.01;SELL
2016-02-26T00:12:31.557000;2016-02-26T00:12:31.893000;64bbae69-5011-4cbf-9124-4ef459b8111c;423.03;0.104;SELL
2016-02-26T00:12:31.557000;2016-02-26T00:12:31.893000;31d2deab-56c5-4003-9fd2-521cbc332406;423.01;0.01;SELL
2016-02-26T00:12:31.557000;2016-02-26T00:12:31.893000;bcacd1af-b7c5-4fd8-962a-906f2eb1de42;423.0;0.01906961;SELL
2016-02-26T00:12:31.557000;2016-02-26T00:12:31.910000;955655e6-6b43-4914-9a8b-a943691ae875;423.0;0.1;SELL
2016-02-26T00:12:31.557000;2016-02-26T00:12:31.910000;a2241f2a-9a18-47dd-9c36-27dfaf036200;423.0;0.0115;SELL
2016-02-26T00:12:31.557000;2016-02-26T00:12:31.910000;0ec271fd-dc8f-4d06-9296-70e45f62ec7d;422.99;0.03;SELL
2016-02-26T00:12:31.557000;2016-02-26T00:12:31.923000;63798684-607b-4d31-9363-859811135801;422.98;0.08;SELL
2016-02-26T00:12:31.557000;2016-02-26T00:12:31.973000;2c8318fc-61fd-48a9-a826-3e2c3c6ba725;422.97;0.01;SELL
2016-02-26T00:12:31.557000;2016-02-26T00:12:31.973000;e590fabe-80b1-45d3-a48e-22531af42447;422.96;0.01;SELL
2016-02-26T00:12:31.560000;2016-02-26T00:12:31.973000;9dba0f5f-35e6-401a-ae13-69abb4dc2ab3;422.96;0.01;SELL
2016-02-26T00:12:31.560000;2016-02-26T00:12:31.973000;9fd8161d-2d19-4c04-9ef1-320f6ccabc2a;422.95;0.01;SELL
2016-02-26T00:12:31.560000;2016-02-26T00:12:31.973000;a61f4d3d-87e3-4ba8-b583-f31fdc1f4147;422.95;0.01;SELL
2016-02-26T00:12:31.560000;2016-02-26T00:12:31.973000;790f7f8d-a8e4-4214-9a87-feace4eacb2a;422.94;0.01;SELL
2016-02-26T00:12:31.560000;2016-02-26T00:12:31.973000;f6ab03b3-2216-4369-a542-445776eb7af6;422.94;0.19;SELL
2016-02-26T00:12:31.560000;2016-02-26T00:12:31.973000;77bfdf06-a536-4691-8b28-9cd5e46f7f0d;422.93;0.01;SELL
2016-02-26T00:12:31.560000;2016-02-26T00:12:31.973000;4fdd3851-63bf-45ae-9da1-30c3f19d4ae9;422.93;0.57;SELL
2016-02-26T00:12:31.560000;2016-02-26T00:12:31.973000;0fa30294-3dad-4343-9257-8e7afd57fad6;422.92;0.01;SELL
2016-02-26T00:12:31.560000;2016-02-26T00:12:31.973000;1a1f7cfd-b9ae-49be-af57-95fe21a4f98f;422.92;0.01;SELL
2016-02-26T00:12:31.560000;2016-02-26T00:12:31.973000;a5e36e98-df8b-4cd3-8287-8f09025fcdd1;422.92;0.13;SELL
2016-02-26T00:12:31.560000;2016-02-26T00:12:31.973000;2c2c111e-d38c-470d-821a-315eec1592ef;422.92;0.58916039;SELL
2016-02-26T00:13:01.517000;2016-02-26T00:13:01.737000;120d9670-a83e-4f86-8c57-d1cdc3134c07;423.25;0.23452;BUY
2016-02-26T00:13:31.190000;2016-02-26T00:13:31.440000;8ca9035d-81d4-4192-ab27-d6bfb9e47dc3;423.16;0.01;SELL
2016-02-26T00:13:31.190000;2016-02-26T00:13:31.440000;2506f988-9914-4b56-9b9a-e1aa76064fb4;423.16;0.119;SELL
2016-02-26T00:13:31.190000;2016-02-26T00:13:31.440000;d457743d-a7a4-4752-9bef-20ff73e37284;423.15;0.01;SELL
2016-02-26T00:13:31.190000;2016-02-26T00:13:31.440000;6b6e2932-2b15-4fef-a653-94202a7f3e81;423.11;0.124;SELL
2016-02-26T00:13:31.190000;2016-02-26T00:13:31.440000;168423ad-8fb5-42e7-8433-0cd26543b6be;423.06;0.073;SELL
2016-02-26T00:13:31.190000;2016-02-26T00:13:31.440000;9982507d-5140-4ebc-a6ae-54fc98d78a12;423.05;0.57;SELL
2016-02-26T00:13:31.190000;2016-02-26T00:13:31.457000;f6dadc2b-129c-4f78-bead-061fc3713993;423.03;0.15;SELL
2016-02-26T00:13:31.190000;2016-02-26T00:13:31.487000;21dfc9fc-b051-4208-92df-7391eac387f7;423.01;0.123;SELL
2016-02-26T00:13:31.190000;2016-02-26T00:13:31.487000;aa9b4413-b02c-4174-b4f6-b35ad544026b;422.96;0.103;SELL
2016-02-26T00:13:31.193000;2016-02-26T00:13:31.487000;44efbe34-3872-4af4-999d-fdfc49a6e1ed;422.95;0.01;SELL
2016-02-26T00:13:31.193000;2016-02-26T00:13:31.487000;b0d519b3-a457-49bc-8a0c-fa8d7f3ff8b6;422.91;0.01;SELL
2016-02-26T00:13:31.193000;2016-02-26T00:13:31.487000;1c4d83eb-099a-4b81-b382-c5d041e1b3a9;422.91;0.094;SELL
2016-02-26T00:13:31.193000;2016-02-26T00:13:31.503000;69f7ef9d-463f-4cc4-8d47-c954ed886805;422.9;0.01;SELL
2016-02-26T00:13:31.193000;2016-02-26T00:13:31.503000;ed06bcbf-071e-42ff-986a-bb9613dc1a6c;422.9;0.01;SELL
2016-02-26T00:13:31.193000;2016-02-26T00:13:31.503000;07d1261d-37bc-4dc3-9a5a-ec90d24cbbe3;422.89;0.01;SELL
2016-02-26T00:13:31.193000;2016-02-26T00:13:31.503000;986a80e4-965a-40fd-b3f2-7abab19c80a8;422.89;0.01;SELL
2016-02-26T00:13:31.193000;2016-02-26T00:13:31.503000;76decdf3-5d6d-4210-9b6a-fd636e240ef4;422.89;0.03;SELL
2016-02-26T00:13:31.193000;2016-02-26T00:13:31.503000;a83d8b1a-e21f-45f2-bb01-5a755f692a01;422.88;0.01;SELL
2016-02-26T00:13:31.193000;2016-02-26T00:13:31.503000;a561a96b-fadc-45cd-bf9f-fb7e8a68df3c;422.88;0.19;SELL
2016-02-26T00:13:31.193000;2016-02-26T00:13:31.533000;61a5e109-9f3a-4402-9fdc-d4b7d1831396;422.87;0.01;SELL
2016-02-26T00:13:31.193000;2016-02-26T00:13:31.533000;a9b113ec-6449-497a-b1ce-206c60d1a74e;422.87;0.01;SELL
2016-02-26T00:13:31.193000;2016-02-26T00:13:31.533000;7b5ac0f8-c48a-4b87-a5e7-ea5bb96f87d3;422.87;0.57;SELL
2016-02-26T00:13:31.193000;2016-02-26T00:13:31.533000;02bb08e4-0306-4e53-a342-9f597efc2e97;422.86;0.105;SELL
2016-02-26T00:13:31.193000;2016-02-26T00:13:31.550000;dcf9dd72-a89c-41d0-b115-6fc16af478db;422.85;0.76;SELL
2016-02-26T00:13:31.193000;2016-02-26T00:13:31.550000;64863ed7-8905-4398-9579-b7029b7e3139;422.84;0.01;SELL
2016-02-26T00:13:31.193000;2016-02-26T00:13:31.550000;1d8dacae-527d-4a09-9eb2-2ede1e5e8cef;422.81;1.46685;SELL
2016-02-26T00:14:02.170000;2016-02-26T00:14:02.410000;5b82dc19-9390-4442-b1c4-ffaf616c5332;423.2;0.025;BUY
2016-02-26T00:14:02.173000;2016-02-26T00:14:02.410000;d25dd3b3-65a9-4704-a7f9-6be462320bb1;423.21;0.075;BUY
2016-02-26T00:14:02.173000;2016-02-26T00:14:02.423000;b96685db-2560-43ad-81d8-efac28dedb04;423.21;0.01;BUY
2016-02-26T00:14:02.173000;2016-02-26T00:14:02.423000;08e36b79-2933-4593-9f98-f1ec85ed0891;423.21;0.11468;BUY
2016-02-26T00:14:31.210000;2016-02-26T00:14:31.440000;63c922dd-4750-4df8-999c-9a5f43726fbe;423.18;0.25864;BUY
2016-02-26T00:14:32.880000;2016-02-26T00:14:33.113000;cdfd7ecd-e90d-4975-9db4-2b286197fe8d;423.18;0.10885;BUY
2016-02-26T00:14:36.663000;2016-02-26T00:14:36.893000;7c4c2e04-192c-4dae-9aa3-55e2acb65d6d;423.17;0.01;SELL
2016-02-26T00:14:36.663000;2016-02-26T00:14:36.893000;29004dd9-f5ab-43fb-9772-65c18ce2988c;423.16;0.01;SELL
2016-02-26T00:14:36.663000;2016-02-26T00:14:36.893000;9f07108c-249f-4255-a58a-19519d6b5a04;423.15;0.01;SELL
2016-02-26T00:15:30.777000;2016-02-26T00:15:31.003000;69f03974-9670-489b-83f7-59e37fe96f32;423.08;3.26553;BUY
2016-02-26T00:15:39.747000;2016-02-26T00:15:39.973000;f3fb36ee-9aea-43fd-ac6f-789dcde74513;423.07;0.01;SELL
2016-02-26T00:15:39.747000;2016-02-26T00:15:39.973000;612d807f-5985-41c9-b1bc-a9fc84246c12;423.07;0.01;SELL
2016-02-26T00:15:39.747000;2016-02-26T00:15:39.987000;98ebe7f8-8192-4331-b4fd-9c720b18d42a;423.07;0.01;SELL
2016-02-26T00:16:00.973000;2016-02-26T00:16:01.207000;583da9c3-e9fc-4b6d-8486-50d2369b1744;422.94;0.01;SELL
2016-02-26T00:16:00.973000;2016-02-26T00:16:01.223000;63bc2be1-2884-480e-931d-f72e823816ab;422.93;0.01;SELL
2016-02-26T00:16:00.973000;2016-02-26T00:16:01.223000;bc84375a-b5b4-4176-bce7-002b903683ef;422.91;0.01;SELL
2016-02-26T00:16:00.973000;2016-02-26T00:16:01.223000;fd150b73-f1e4-4245-b609-339b8672d7a1;422.88;0.01;SELL
2016-02-26T00:16:00.973000;2016-02-26T00:16:01.237000;202a0b70-18eb-4b44-bc9a-f194af7e5886;422.86;0.129;SELL
2016-02-26T00:16:00.973000;2016-02-26T00:16:01.237000;2fd7fd51-29d0-4377-aefc-c0d4ea5a6c94;422.81;0.105;SELL
2016-02-26T00:16:00.973000;2016-02-26T00:16:01.300000;5d9471ce-202b-47da-a16d-44b39be3498c;422.8;0.01;SELL
2016-02-26T00:16:00.977000;2016-02-26T00:16:01.317000;3d62230c-612f-4fa0-b1b8-c3665cd80856;422.8;0.01;SELL
2016-02-26T00:16:00.977000;2016-02-26T00:16:01.317000;4d91c289-15f0-440d-b548-7f3a29117003;422.8;0.01;SELL
2016-02-26T00:16:00.977000;2016-02-26T00:16:01.317000;28bd5df2-73ea-41d0-adda-efe473195102;422.8;0.01;SELL
2016-02-26T00:16:00.977000;2016-02-26T00:16:01.317000;3a67bf2f-0fe9-47c4-9ffb-19709ea960cb;422.8;0.31;SELL
2016-02-26T00:16:00.977000;2016-02-26T00:16:01.317000;8e5a6e72-5ac2-4541-b772-7d4e13cb5c16;422.8;0.5;SELL
2016-02-26T00:16:00.977000;2016-02-26T00:16:01.317000;71960330-7fa8-466b-b8aa-78c9bfc9c8de;422.8;0.4943;SELL
2016-02-26T00:16:00.977000;2016-02-26T00:16:01.317000;62b0dff0-5025-4a2c-b135-426539ef65ad;422.8;0.01906422;SELL
2016-02-26T00:16:00.977000;2016-02-26T00:16:01.317000;988dbac3-394d-4389-9113-0851ffe5aa5d;422.79;0.01;SELL
2016-02-26T00:16:00.977000;2016-02-26T00:16:01.317000;cb3f8f63-1854-4a5e-92ee-ce1caeae2eee;422.78;0.01;SELL
2016-02-26T00:16:00.977000;2016-02-26T00:16:01.317000;623781ee-5184-4234-a669-0b6be36b8deb;422.77;0.01;SELL
2016-02-26T00:16:00.977000;2016-02-26T00:16:01.317000;ab507f0f-463a-4fce-8f72-8045a8a5cf8c;422.76;0.082;SELL
2016-02-26T00:16:00.977000;2016-02-26T00:16:01.317000;181f11da-b028-46f7-bd79-56dab2b633da;422.75;0.01;SELL
2016-02-26T00:16:00.977000;2016-02-26T00:16:01.317000;1a5bb00e-276a-4c3d-8bb7-b9a0dce6a0cf;422.75;0.01;SELL
2016-02-26T00:16:00.977000;2016-02-26T00:16:01.317000;c9b77113-caea-4430-8d96-db316cf7c72d;422.74;0.01;SELL
2016-02-26T00:16:00.977000;2016-02-26T00:16:01.317000;8aa48014-f952-431c-af48-23c2e8ac027b;422.73;0.01;SELL
2016-02-26T00:16:00.977000;2016-02-26T00:16:01.330000;13566dc4-a076-44df-aec3-74b7a47f74c8;422.73;0.01;SELL
2016-02-26T00:16:00.977000;2016-02-26T00:16:01.330000;56ae4053-c26e-49f8-a71b-9f92be99f10d;422.72;0.01;SELL
2016-02-26T00:16:00.980000;2016-02-26T00:16:01.330000;0db63d8b-7edf-4c79-a20f-e1bdfae95861;422.71;0.116;SELL
2016-02-26T00:16:00.980000;2016-02-26T00:16:01.330000;f4b9f0f4-1c9c-440f-ba2f-54e9117d2d0c;422.7;0.01;SELL
2016-02-26T00:16:00.980000;2016-02-26T00:16:01.330000;5c9f6bb4-9f0a-42e3-b202-31c7c3edb9b6;422.7;0.01;SELL
2016-02-26T00:16:00.980000;2016-02-26T00:16:01.330000;3745e14f-051d-4dd9-846d-f55dd7e22c7f;422.68;0.01;SELL
2016-02-26T00:16:00.980000;2016-02-26T00:16:01.377000;4560a789-03c2-4102-9c4f-88735dd851c0;422.67;0.01;SELL
2016-02-26T00:16:00.980000;2016-02-26T00:16:01.393000;b5d18619-3adf-4a4a-aa47-54487f61941c;422.66;0.073;SELL
2016-02-26T00:16:00.980000;2016-02-26T00:16:01.393000;f7959493-4b77-4fdc-abbd-c305e380680a;422.65;0.01;SELL
2016-02-26T00:16:00.980000;2016-02-26T00:16:01.393000;8aa7dfb8-fb9a-4495-9b80-f23fd1cc3211;422.65;0.01;SELL
2016-02-26T00:16:00.980000;2016-02-26T00:16:01.393000;555a8893-9c75-4c88-9186-7982e21dbdfc;422.65;0.01;SELL
2016-02-26T00:16:00.980000;2016-02-26T00:16:01.393000;f55fee3f-1b36-4eb1-ab28-c1f3775b9b4b;422.65;0.01;SELL
2016-02-26T00:16:00.980000;2016-02-26T00:16:01.393000;5e435d18-0968-4221-96dd-b23a0ca84266;422.63;0.01;SELL
2016-02-26T00:16:00.980000;2016-02-26T00:16:01.393000;d1b0007e-cafc-4455-8927-31cffc945da3;422.63;0.01;SELL
2016-02-26T00:16:00.980000;2016-02-26T00:16:01.393000;ec90a509-1be6-4f84-88b9-529466f614b2;422.63;0.01;SELL
2016-02-26T00:16:00.980000;2016-02-26T00:16:01.393000;bd9fd743-514f-4204-a5d1-6a85c47945ad;422.63;0.01;SELL
2016-02-26T00:16:00.980000;2016-02-26T00:16:01.393000;6cc09558-97ef-41fa-8b5c-3dc99ada8d57;422.61;0.114;SELL
2016-02-26T00:16:00.980000;2016-02-26T00:16:01.393000;27134ea4-2136-4250-b2ce-72df9f5544bc;422.6;0.01;SELL
2016-02-26T00:16:00.983000;2016-02-26T00:16:01.393000;ff6e5640-92c2-4dd0-9412-c8951727be39;422.6;0.01;SELL
2016-02-26T00:16:00.983000;2016-02-26T00:16:01.393000;d245fc17-af2d-40df-9a18-4f0ba13802a1;422.6;0.01;SELL
2016-02-26T00:16:00.983000;2016-02-26T00:16:01.393000;d1bcaa61-1d13-4e47-bec0-18cc9da3a55c;422.6;0.01906561;SELL
2016-02-26T00:16:00.983000;2016-02-26T00:16:01.410000;27522e66-9907-4715-b305-1e71b90ed2bd;422.59;0.01;SELL
2016-02-26T00:16:00.983000;2016-02-26T00:16:01.410000;dd38e23e-6a3c-417f-ac9d-2f53745faa4b;422.59;0.01;SELL
2016-02-26T00:16:00.983000;2016-02-26T00:16:01.423000;98edf79d-2919-4f1e-a0da-545f5386a3ad;422.59;0.01;SELL
2016-02-26T00:16:00.983000;2016-02-26T00:16:01.423000;b600dc3e-2b1a-425a-b802-cc88b0c12052;422.59;0.01;SELL
2016-02-26T00:16:00.983000;2016-02-26T00:16:01.423000;bb13f556-e5e7-4448-abea-60924bd43616;422.59;0.01;SELL
2016-02-26T00:16:00.983000;2016-02-26T00:16:01.423000;46b05a4f-b5e4-4838-a0b3-835a0b1bdd02;422.58;0.01;SELL
2016-02-26T00:16:00.983000;2016-02-26T00:16:01.440000;541c0f96-3c6b-4578-905f-4c17822a8a5f;422.58;0.01;SELL
2016-02-26T00:16:00.983000;2016-02-26T00:16:01.440000;d1278d9a-f92b-4fab-9776-e339e9721117;422.58;0.01;SELL
2016-02-26T00:16:00.983000;2016-02-26T00:16:01.440000;285860e9-b827-4ce2-b772-9577f324792c;422.56;0.01;SELL
2016-02-26T00:16:00.983000;2016-02-26T00:16:01.473000;32752336-1317-480f-be58-d9a645c346e4;422.56;0.01;SELL
2016-02-26T00:16:00.983000;2016-02-26T00:16:01.473000;57bc2255-cbb3-411f-88d3-591e92a3e828;422.56;0.01;SELL
2016-02-26T00:16:00.983000;2016-02-26T00:16:01.473000;34e2e0ea-1a4a-492a-9a61-b1335956fad4;422.56;0.105;SELL
2016-02-26T00:16:00.983000;2016-02-26T00:16:01.473000;3d2601f1-dabc-439a-9168-4916228e32d5;422.55;0.01;SELL
2016-02-26T00:16:00.983000;2016-02-26T00:16:01.473000;78d5a1ba-7b07-4eb9-91ae-1a13258d6f9d;422.54;0.02;SELL
2016-02-26T00:16:00.983000;2016-02-26T00:16:01.473000;08d26c7f-f562-4acd-8a86-e81a9a5c175f;422.53;0.01;SELL
2016-02-26T00:16:00.987000;2016-02-26T00:16:01.473000;d1e8b0ec-271e-420e-b25b-e9fb1faec3e8;422.53;0.38;SELL
2016-02-26T00:16:00.987000;2016-02-26T00:16:01.473000;1d762122-33a5-4621-b305-73eaa50d7379;422.52;0.01;SELL
2016-02-26T00:16:00.987000;2016-02-26T00:16:01.487000;d1b4f2c5-e8e5-40b0-aeb4-cf42abee7330;422.52;0.01;SELL
2016-02-26T00:16:00.987000;2016-02-26T00:16:01.487000;cf03cdfa-3995-4c6e-b4c9-39755d8f7861;422.52;0.01;SELL
2016-02-26T00:16:00.987000;2016-02-26T00:16:01.487000;333d5c84-c7e2-44cc-8009-790b083fb851;422.52;0.01;SELL
2016-02-26T00:16:00.987000;2016-02-26T00:16:01.487000;cfec1aaa-9c46-49e0-969e-4320ad31b11d;422.52;0.95;SELL
2016-02-26T00:16:00.987000;2016-02-26T00:16:01.503000;73e766bb-6fd9-419c-9bd6-11712ae1900c;422.51;0.45;SELL
2016-02-26T00:16:00.987000;2016-02-26T00:16:01.503000;ce2dffb8-fecc-4eaa-ad06-3178ecf9ebe4;422.51;0.01;SELL
2016-02-26T00:16:00.987000;2016-02-26T00:16:01.503000;84d784c1-ad74-48af-874d-1d0f01be9a46;422.51;0.112;SELL
2016-02-26T00:16:00.987000;2016-02-26T00:16:01.520000;a44e73eb-82fb-4b32-86c5-c8c16b9b7d3f;422.51;1.14;SELL
2016-02-26T00:16:00.987000;2016-02-26T00:16:01.520000;c5b0fcee-09a5-4c6e-b4f1-8dfa0b74da59;422.5;0.01;SELL
2016-02-26T00:16:00.987000;2016-02-26T00:16:01.520000;04d2531e-eca9-4d6a-a5f9-d907911e4b09;422.5;2.0;SELL
2016-02-26T00:16:00.987000;2016-02-26T00:16:01.533000;90c27636-205c-48f5-9e4e-b3f847a6056d;422.49;2.47;SELL
2016-02-26T00:16:00.987000;2016-02-26T00:16:01.533000;c78d4e5a-607d-4153-a34b-5e4e615696d7;422.48;0.01;SELL
2016-02-26T00:16:00.987000;2016-02-26T00:16:01.533000;1c52719f-562a-4428-bd19-6cda73208026;422.48;0.01;SELL
2016-02-26T00:16:00.987000;2016-02-26T00:16:01.533000;27006954-2fcd-44b4-b6b8-a390fa63611c;422.48;0.01;SELL
2016-02-26T00:16:00.987000;2016-02-26T00:16:01.533000;d623253f-a885-4a0b-bef4-a0a921ae9010;422.48;0.01;SELL
2016-02-26T00:16:00.987000;2016-02-26T00:16:01.533000;db823b18-0a1e-40be-bf5e-4422b5d8eb35;422.47;2.53163017;SELL
2016-02-26T00:16:31.147000;2016-02-26T00:16:31.363000;bf3301a1-8be2-49c2-b1c6-e41d7fa92489;422.66;0.01;SELL
2016-02-26T00:16:31.147000;2016-02-26T00:16:31.377000;073e4aef-9cf1-4562-a4f9-95b972affd4b;422.66;0.098;SELL
2016-02-26T00:16:31.147000;2016-02-26T00:16:31.377000;caf2388e-8b76-4719-af98-e30b46356657;422.66;0.08206642;SELL
2016-02-26T00:16:31.147000;2016-02-26T00:16:31.393000;48c55a3b-37a0-4b1c-8d00-2b5f549a9ebe;422.66;0.56307525;SELL
2016-02-26T00:16:31.150000;2016-02-26T00:16:31.410000;e32c152e-33b5-4e52-889c-42d45fea6952;422.64;0.01;SELL
2016-02-26T00:16:31.150000;2016-02-26T00:16:31.457000;37167822-d3e8-4cb7-9510-f79aa4d7b3ad;422.64;0.01;SELL
2016-02-26T00:16:31.150000;2016-02-26T00:16:31.457000;46dd7afa-2e79-438e-a4e8-a1b77cffcd19;422.63;0.01;SELL
2016-02-26T00:16:31.150000;2016-02-26T00:16:31.473000;0a8e1f08-5f9b-42d6-a3da-cc27bb1a2d4e;422.61;0.187;SELL
2016-02-26T00:16:31.150000;2016-02-26T00:16:31.473000;d4f84511-3be5-4620-9956-c9981579019f;422.56;0.194;SELL
2016-02-26T00:16:31.150000;2016-02-26T00:16:31.473000;4a12f1e3-3bb2-41d6-a2a5-a3d39790a686;422.51;0.154;SELL
2016-02-26T00:16:31.150000;2016-02-26T00:16:31.473000;04be5651-d333-42b7-816e-e9c1f98dc389;422.46;0.01;SELL
2016-02-26T00:16:31.150000;2016-02-26T00:16:31.473000;2b7b5fd8-959b-452b-a089-b2fdc81d43bc;422.46;0.175;SELL
2016-02-26T00:16:31.150000;2016-02-26T00:16:31.473000;c522151a-a3e6-4d87-b7a4-21c08e54de84;422.45;0.01;SELL
2016-02-26T00:16:31.150000;2016-02-26T00:16:31.473000;72195ed7-7b49-4ce9-99e8-21bade6a11fa;422.45;0.01;SELL
2016-02-26T00:16:31.150000;2016-02-26T00:16:31.473000;f5ee86f8-f837-4524-ac58-47e7ffdfcfa4;422.44;0.01;SELL
2016-02-26T00:16:31.150000;2016-02-26T00:16:31.473000;9384e0dd-bed0-48d3-89d7-e73f8eeb40a1;422.43;0.01;SELL
2016-02-26T00:16:31.150000;2016-02-26T00:16:31.473000;e8e2b27a-54e4-4389-933b-2593e26eea45;422.41;0.126;SELL
2016-02-26T00:16:31.150000;2016-02-26T00:16:31.473000;8de7372e-d5a7-423b-9f12-756782531095;422.4;0.01907142;SELL
2016-02-26T00:16:31.150000;2016-02-26T00:16:31.473000;1a1d6664-1687-459d-bc27-a37f6d5e5ee1;422.37;0.57;SELL
2016-02-26T00:16:31.150000;2016-02-26T00:16:31.473000;9541c55e-a8e8-415a-a7fe-d20d1e483b42;422.36;0.123;SELL
2016-02-26T00:16:31.150000;2016-02-26T00:16:31.473000;938e3f01-abad-4ed7-ae33-03ded2784454;422.33;2.28445691;SELL
2016-02-26T00:17:01.067000;2016-02-26T00:17:01.300000;2ea62a7e-5384-4d5d-899b-54f43c9b77a9;422.45;0.25;BUY
2016-02-26T00:17:01.067000;2016-02-26T00:17:01.300000;344a2e0b-d712-4f0c-bbe3-53378f2ab487;422.63;1.022;BUY
2016-02-26T00:17:01.067000;2016-02-26T00:17:01.300000;0d26dc52-df4b-4bb8-8af3-af8e04fc0736;422.64;3.8;BUY
2016-02-26T00:17:01.067000;2016-02-26T00:17:01.300000;19e892d3-3703-48ad-8308-0d8a12c35089;422.65;0.075;BUY
2016-02-26T00:17:01.067000;2016-02-26T00:17:01.330000;afa4d33f-f143-4795-bde4-6408df90d110;422.65;0.724;BUY
2016-02-26T00:17:01.070000;2016-02-26T00:17:01.330000;e15fd662-348a-4bde-883e-34a7a6674fe9;422.65;1.63757;BUY
2016-02-26T00:17:30.893000;2016-02-26T00:17:31.113000;1118df76-0a12-4a77-b3d0-bea95ace14c0;422.56;0.09649;BUY
2016-02-26T00:17:35.487000;2016-02-26T00:17:35.707000;71abd7f5-9f9f-4370-a28c-82bf69dba8c5;422.56;0.1104;BUY
2016-02-26T00:18:01.350000;2016-02-26T00:18:01.567000;77d2d298-1790-4013-816e-66f81cf6d018;422.59;0.01;SELL
2016-02-26T00:18:01.353000;2016-02-26T00:18:01.580000;a3b15f82-3e01-4f0b-b8e9-399e5ebb34b4;422.59;0.112;SELL
2016-02-26T00:18:01.353000;2016-02-26T00:18:01.580000;25520ba0-8f78-49e8-93a1-d4751dc3391f;422.58;0.01;SELL
2016-02-26T00:18:01.353000;2016-02-26T00:18:01.580000;b8cf9c0f-29ec-4dbf-a127-828ce8cf32b1;422.57;0.01;SELL
2016-02-26T00:18:01.353000;2016-02-26T00:18:01.597000;a777e93f-63e7-4f2c-862f-bc3f13b568d0;422.56;0.01;SELL
2016-02-26T00:18:01.353000;2016-02-26T00:18:01.597000;43963196-0ff8-48e3-9950-f5d095ae8392;422.55;0.01;SELL
2016-02-26T00:18:01.353000;2016-02-26T00:18:01.613000;b38123fb-9623-4b2e-9def-da4ea01f90a7;422.54;0.01;SELL
2016-02-26T00:18:01.353000;2016-02-26T00:18:01.613000;33b2989c-e56d-4ece-889d-bf0e704aa03d;422.54;0.12;SELL
2016-02-26T00:18:01.353000;2016-02-26T00:18:01.613000;8ab2b374-ae42-4527-a039-1671c5ce7d98;422.49;0.077;SELL
2016-02-26T00:18:01.353000;2016-02-26T00:18:01.613000;a21e771f-23d9-4e69-b665-a963deed6fc0;422.44;0.01;SELL
2016-02-26T00:18:01.353000;2016-02-26T00:18:01.627000;36564173-17a9-4b37-a825-1d9bb620c47a;422.44;0.086;SELL
2016-02-26T00:18:01.353000;2016-02-26T00:18:01.627000;03b8366d-950b-4138-8352-6a6d7844cd55;422.39;0.128;SELL
2016-02-26T00:18:01.353000;2016-02-26T00:18:01.660000;fd8a7090-b7a1-4bef-b344-9b9c81da48ac;422.38;0.081;SELL
2016-02-26T00:18:01.353000;2016-02-26T00:18:01.660000;ea466df0-a5d5-4542-b73b-81da68f23120;422.36;1.52;SELL
2016-02-26T00:18:01.353000;2016-02-26T00:18:01.660000;376146d5-d149-468a-901f-4d7879394bed;422.35;0.01;SELL
2016-02-26T00:18:01.353000;2016-02-26T00:18:01.660000;f30f17cb-a366-4552-a89e-855bd54dcfaf;422.34;3.8;SELL
2016-02-26T00:18:01.353000;2016-02-26T00:18:01.660000;2d6e766a-a633-49dc-a1d0-8a66c9ab759c;422.33;0.087;SELL
2016-02-26T00:18:01.353000;2016-02-26T00:18:01.660000;d5dbe1a3-8217-4ff1-8d2c-8a280c8d9fc9;422.33;1.12968;SELL
2016-02-26T00:18:31.497000;2016-02-26T00:18:31.723000;bbd159b7-9412-492e-8b97-5a32f4eb5218;422.41;0.01;SELL
2016-02-26T00:18:31.497000;2016-02-26T00:18:31.737000;18435766-3356-4473-a978-78f968d43441;422.41;0.04985584;SELL
2016-02-26T00:18:31.497000;2016-02-26T00:18:31.737000;d22dd554-9aa5-4911-b3b7-975e0239f71d;422.4;0.01;SELL
2016-02-26T00:18:31.500000;2016-02-26T00:18:31.737000;e0c0a075-386d-4777-b9ea-2d2787fb4fc8;422.39;0.091;SELL
2016-02-26T00:18:31.500000;2016-02-26T00:18:31.737000;939885dd-ea74-4557-ace9-9cc61c896afc;422.34;0.074;SELL
2016-02-26T00:18:31.500000;2016-02-26T00:18:31.737000;606a2754-8617-4bba-af38-26b3603dd3f4;422.32;0.01;SELL
2016-02-26T00:18:31.500000;2016-02-26T00:18:31.753000;ac962f86-1445-4391-ab2d-6bd99356218f;422.32;0.01;SELL
2016-02-26T00:18:31.500000;2016-02-26T00:18:31.753000;8338e594-2989-4267-aa99-1aa6e4f8963d;422.32;0.01;SELL
2016-02-26T00:18:31.500000;2016-02-26T00:18:31.753000;aeeeafff-13e8-404c-b89a-dd89065cedf8;422.32;0.01;SELL
2016-02-26T00:18:31.500000;2016-02-26T00:18:31.753000;675e225a-d465-4f58-b5ff-5798d5d839c8;422.32;0.01;SELL
2016-02-26T00:18:31.500000;2016-02-26T00:18:31.770000;c5a31a29-370f-432d-87ff-c198b9edd5b7;422.31;0.01;SELL
2016-02-26T00:18:31.500000;2016-02-26T00:18:31.770000;d0bff503-4781-4574-815b-5e6428de4d2b;422.31;0.01;SELL
2016-02-26T00:18:31.500000;2016-02-26T00:18:31.783000;b44e552b-a139-4a6e-8b16-6943b85046b7;422.31;0.01;SELL
2016-02-26T00:18:31.500000;2016-02-26T00:18:31.783000;9d8c22ee-894a-47a5-a613-36f5f8477beb;422.3;0.01;SELL
2016-02-26T00:18:31.500000;2016-02-26T00:18:31.783000;32831cc8-4e6f-4c41-b40a-bde183c44b7d;422.3;0.122;SELL
2016-02-26T00:18:31.500000;2016-02-26T00:18:31.783000;1eee27ba-49b7-4e24-90b1-cc5d67bf82b6;422.29;0.01;SELL
2016-02-26T00:18:31.500000;2016-02-26T00:18:31.800000;440b1b13-ac77-4881-920d-0cd6e2dfba58;422.27;0.01;SELL
2016-02-26T00:18:31.500000;2016-02-26T00:18:31.800000;8d36edb3-b9a3-40cd-8f4f-03250370d348;422.25;0.126;SELL
2016-02-26T00:18:31.500000;2016-02-26T00:18:31.817000;135dcc97-5858-4b11-88e8-34a245fca418;422.2;0.1;SELL
2016-02-26T00:18:31.500000;2016-02-26T00:18:31.817000;94425c33-6384-41d5-9c57-414c109b5878;422.2;0.01;SELL
2016-02-26T00:18:31.500000;2016-02-26T00:18:31.817000;e33c39c0-78b6-46c2-a745-58b72e476aed;422.2;0.00432416;SELL
2016-02-26T00:19:01.170000;2016-02-26T00:19:01.440000;e02edf9c-0143-46b1-8e56-f92f99567603;422.37;0.45165;BUY
2016-02-26T00:19:22.673000;2016-02-26T00:19:22.893000;de1a641b-c65e-4638-a5b4-b4ba1cc4a929;422.36;0.01;SELL
2016-02-26T00:19:22.673000;2016-02-26T00:19:22.893000;3bf1c636-4f3c-4444-b502-651ec4b7de5d;422.36;0.01;SELL
2016-02-26T00:19:22.673000;2016-02-26T00:19:22.893000;e6c3b674-d173-42c3-95db-68ee30cf9111;422.35;0.01;SELL
2016-02-26T00:19:31.037000;2016-02-26T00:19:31.253000;be32655c-74f5-4ec6-8efd-a63a841e3341;422.21;0.79423;BUY
2016-02-26T00:19:37.113000;2016-02-26T00:19:37.330000;1dac5c1d-4e77-41fa-ab21-4f5fd49b86bc;422.2;0.01474726;SELL
2016-02-26T00:19:42.423000;2016-02-26T00:19:42.643000;1e062512-c6b4-4f15-b66d-1be82be3666d;422.11;0.01;SELL
2016-02-26T00:19:42.423000;2016-02-26T00:19:42.643000;c247ef1d-12e4-4adb-bf9a-2a0d76788a3d;422.11;0.01;SELL
2016-02-26T00:19:42.427000;2016-02-26T00:19:42.643000;e1831d0a-5886-49c3-8333-c36ded302c55;422.1;0.01;SELL
2016-02-26T00:19:42.427000;2016-02-26T00:19:42.660000;998a43df-6bfe-4a4e-bcd1-9e3089d2e57c;422.09;0.02;SELL
2016-02-26T00:19:56.367000;2016-02-26T00:19:56.580000;17c6482c-610b-4219-be51-00746197639d;422.03;0.01;SELL
2016-02-26T00:19:56.367000;2016-02-26T00:19:56.597000;589eff33-e636-4468-be5a-6b186f3330d6;422.02;0.01;SELL
2016-02-26T00:19:56.367000;2016-02-26T00:19:56.597000;b075975d-e08d-472d-89ec-584d6cc163b0;422.02;0.01;SELL
2016-02-26T00:19:56.367000;2016-02-26T00:19:56.613000;29d5ee07-8890-489f-bdfa-f3d25a518ab2;422.0;1.0;SELL
2016-02-26T00:19:56.367000;2016-02-26T00:19:56.613000;d685bdae-b932-47f4-ac75-c30df32e5262;422.0;2.0;SELL
2016-02-26T00:19:56.367000;2016-02-26T00:19:56.660000;2c9cf90a-ed0c-4887-ac43-b42925beed2a;422.0;0.05;SELL
2016-02-26T00:19:56.367000;2016-02-26T00:19:56.677000;3613c67a-cc64-41b9-b0d4-93d1926d9168;422.0;0.19566673;SELL
2016-02-26T00:19:56.367000;2016-02-26T00:19:56.677000;c6ab338c-283a-44ad-995f-6abb3eb28703;422.0;1.0;SELL
2016-02-26T00:19:56.367000;2016-02-26T00:19:56.677000;bf852eed-b78b-4a88-96cf-10aabfc7c887;422.0;2.0;SELL
2016-02-26T00:19:56.367000;2016-02-26T00:19:56.677000;29748fa8-a6f6-42f7-ac9d-f23e75f2f272;422.0;0.01907142;SELL
2016-02-26T00:19:56.367000;2016-02-26T00:19:56.677000;6007d257-14ba-4486-93f5-525d7cd3431b;421.95;0.05;SELL
2016-02-26T00:19:56.367000;2016-02-26T00:19:56.677000;ba0fdbfc-786b-4b8e-a887-456d09bbc247;421.95;5.0;SELL
2016-02-26T00:19:56.367000;2016-02-26T00:19:56.677000;b1d646d1-a734-4e2f-b253-4ee63cfa85e0;421.93;0.01;SELL
2016-02-26T00:19:56.367000;2016-02-26T00:19:56.677000;7e8682cd-32b0-4eb4-ae3f-768f680c330a;421.93;0.01;SELL
2016-02-26T00:19:56.367000;2016-02-26T00:19:56.677000;f7942119-5ddb-4b29-bca9-9fa0616592ed;421.92;0.01;SELL
2016-02-26T00:19:56.367000;2016-02-26T00:19:56.677000;c2feb172-0331-4add-8bbe-42554502cdcd;421.91;0.01;SELL
2016-02-26T00:19:56.367000;2016-02-26T00:19:56.677000;6e1aa094-ed75-4ccb-8f08-67ff3e05fc6d;421.91;0.04;SELL
2016-02-26T00:19:56.370000;2016-02-26T00:19:56.677000;27c85717-6bf6-40fa-850a-f79407b60335;421.89;0.01;SELL
2016-02-26T00:19:56.370000;2016-02-26T00:19:56.677000;420527a0-2100-4db5-ae2a-a37a5bf21ae0;421.88;0.1;SELL
2016-02-26T00:19:56.370000;2016-02-26T00:19:56.677000;351a6bfd-d41a-40e4-bd5c-f52455741b5b;421.88;0.01;SELL
2016-02-26T00:19:56.370000;2016-02-26T00:19:56.677000;ca4f5f55-a3cd-434c-bccd-1841e2bd5506;421.86;0.01;SELL
2016-02-26T00:19:56.370000;2016-02-26T00:19:56.677000;312d6786-773c-4879-bb15-613c3eca9825;421.85;0.01;SELL
2016-02-26T00:19:56.370000;2016-02-26T00:19:56.690000;460aadff-cfe0-44ed-bc60-a7b96f93c819;421.81;0.01;SELL
2016-02-26T00:19:56.370000;2016-02-26T00:19:56.690000;616a52cc-4228-443a-9696-f9f21a66d546;421.81;0.6885;SELL
2016-02-26T00:19:56.370000;2016-02-26T00:19:56.690000;d76e9732-e0f6-44a7-8d92-939b292c294c;421.8;0.0190922;SELL
2016-02-26T00:19:56.370000;2016-02-26T00:19:56.707000;c0dba0e5-0171-416f-9323-2ab693ffbf48;421.79;0.01;SELL
2016-02-26T00:19:56.370000;2016-02-26T00:19:56.707000;fd1cf66f-d735-4935-8704-fd11bf6fa418;421.79;0.01;SELL
2016-02-26T00:19:56.370000;2016-02-26T00:19:56.770000;54f58ebd-c837-4cd6-95bd-654ad3d057de;421.78;0.01;SELL
2016-02-26T00:19:56.370000;2016-02-26T00:19:56.770000;e88a343f-29e5-492a-903b-c8c98e7a0156;421.76;0.01;SELL
2016-02-26T00:19:56.370000;2016-02-26T00:19:56.770000;4e422449-2d54-48c8-b9d2-7cb67da45139;421.76;0.03;SELL
2016-02-26T00:19:56.370000;2016-02-26T00:19:56.770000;7d5f4d84-5545-4a74-8b68-53329ee2d0a6;421.74;0.01;SELL
2016-02-26T00:19:56.370000;2016-02-26T00:19:56.770000;cbb3ef09-0430-44ab-b527-acc683b97fcf;421.72;0.01;SELL
2016-02-26T00:19:56.370000;2016-02-26T00:19:56.770000;48c9b1dd-d630-47a4-bf0d-f2823dd18278;421.71;0.123;SELL
2016-02-26T00:19:56.370000;2016-02-26T00:19:56.770000;d9e0e407-a072-4e45-bf88-5b6eaafbfd36;421.7;0.104;SELL
2016-02-26T00:19:56.370000;2016-02-26T00:19:56.770000;58f0f442-6178-4a66-ae1f-4f8f6cf0b21e;421.68;0.01;SELL
2016-02-26T00:19:56.370000;2016-02-26T00:19:56.770000;0e0010fb-1843-45bf-b46b-5006789694f3;421.65;0.01;SELL
2016-02-26T00:19:56.370000;2016-02-26T00:19:56.770000;575c3c6b-007f-4c7f-accf-5740007a935c;421.65;0.109;SELL
2016-02-26T00:19:56.370000;2016-02-26T00:19:56.770000;5142b52f-2439-4d88-bec6-972fa1a52ebb;421.64;0.02;SELL
2016-02-26T00:19:56.370000;2016-02-26T00:19:56.770000;a15debf1-ee1a-4457-a754-a0c4ac61410f;421.62;0.105;SELL
2016-02-26T00:19:56.527000;2016-02-26T00:19:56.783000;05bc9a45-fa6f-4259-b30a-e2aaf096a39c;421.61;0.03;BUY
2016-02-26T00:19:56.553000;2016-02-26T00:19:56.783000;549448e7-2bd8-4dc1-91e3-03a5ae8c65d6;421.61;0.03;BUY
2016-02-26T00:19:57.280000;2016-02-26T00:19:57.503000;3089a3bb-51b1-4036-ab11-fca04312b12a;421.61;0.03;BUY
2016-02-26T00:20:01.560000;2016-02-26T00:20:01.770000;53db88f9-dca7-44a7-b2ae-08add98c698b;421.56;0.01;SELL
2016-02-26T00:20:01.560000;2016-02-26T00:20:01.783000;52ae5768-c9e0-4be8-a0df-f3740ba7bbd6;421.56;0.00222;SELL
2016-02-26T00:20:31.270000;2016-02-26T00:20:31.487000;b5faef8a-4b09-49cf-a74f-d20648bbbdb7;421.57;0.25;BUY
2016-02-26T00:20:31.270000;2016-02-26T00:20:31.487000;08cb51db-a489-4147-9b3b-ba298376aa1a;421.57;0.27804;BUY
2016-02-26T00:21:01.513000;2016-02-26T00:21:01.723000;585ca98d-27bc-4729-9b32-fd055727f68f;421.56;0.00778;SELL
2016-02-26T00:21:01.513000;2016-02-26T00:21:01.737000;2d990c91-480e-471b-84f7-32d058c8c8af;421.55;0.01;SELL
2016-02-26T00:21:01.513000;2016-02-26T00:21:01.737000;35ec111f-4fa1-4dc5-9dfa-d533890f4e0d;421.55;0.01;SELL
2016-02-26T00:21:01.513000;2016-02-26T00:21:01.737000;9ddb480b-7175-462e-a003-fc1530135261;421.54;0.00677;SELL
2016-02-26T00:21:24.757000;2016-02-26T00:21:24.973000;d5ad30a7-56fd-4fdf-b29f-6efe57a0db81;421.55;0.25;BUY
2016-02-26T00:21:24.757000;2016-02-26T00:21:24.987000;ab57a16f-51db-488f-927b-9065756b0381;421.62;6.46;BUY
2016-02-26T00:21:24.757000;2016-02-26T00:21:24.987000;fcb47f41-6406-4362-84fc-03e5f9945223;421.63;7.09421;BUY
2016-02-26T00:21:24.757000;2016-02-26T00:21:24.987000;d497bdd4-260d-48f2-918d-c891a7b46f93;421.65;0.916;BUY
2016-02-26T00:21:24.757000;2016-02-26T00:21:24.987000;4f9a6cba-2afe-4ea8-b5a8-d69e77821ee3;421.66;0.76;BUY
2016-02-26T00:21:24.757000;2016-02-26T00:21:24.987000;e79c30cc-3d1f-4a4e-9845-c31a22bda790;421.67;0.34;BUY
2016-02-26T00:21:24.757000;2016-02-26T00:21:24.987000;3dfde863-835f-4781-9952-f43e2b6118f9;421.68;0.95;BUY
2016-02-26T00:21:30.810000;2016-02-26T00:21:31.033000;c4acb536-9c73-4d2f-a417-892e988b625a;421.69;0.01;BUY
2016-02-26T00:21:30.810000;2016-02-26T00:21:31.050000;69b22be6-dbe8-4f38-9f0f-4104d3595817;421.69;0.30443;BUY
2016-02-26T00:21:50.583000;2016-02-26T00:21:50.783000;bd2dbc65-489e-4079-9f3f-6916dfd09eba;421.69;0.25;BUY
2016-02-26T00:21:50.583000;2016-02-26T00:21:50.800000;be37e5b0-d11e-4eca-ba73-36c21dc5622c;421.7;0.077;BUY
2016-02-26T00:21:50.583000;2016-02-26T00:21:50.800000;debcbb81-9fd3-4cd7-8712-fe1bd5fa8edd;421.71;0.01;BUY
2016-02-26T00:21:50.583000;2016-02-26T00:21:50.800000;af0b9954-fa8e-47a4-98df-746f4b11ecc5;421.73;0.01;BUY
2016-02-26T00:21:50.583000;2016-02-26T00:21:50.817000;20c49384-f12c-480e-9dd8-50f7b506d599;421.74;0.01;BUY
2016-02-26T00:21:50.583000;2016-02-26T00:21:50.817000;c78fc7c0-9979-4eb6-b97e-3bb8b3f2d44c;421.75;0.124;BUY
2016-02-26T00:21:50.583000;2016-02-26T00:21:50.817000;64a3cb44-ab34-4fdd-ac33-c4396e6ef667;421.78;7.09661;BUY
2016-02-26T00:22:01.220000;2016-02-26T00:22:01.440000;d713db08-8e58-4813-be66-5853303b0902;421.83;0.25;BUY
2016-02-26T00:22:01.220000;2016-02-26T00:22:01.457000;09f71766-754a-4b72-8310-24883d102dd2;421.83;0.251;BUY
2016-02-26T00:22:01.220000;2016-02-26T00:22:01.457000;a6f41d6d-508c-4ac1-bc92-9e700cfb0b07;421.89;2.47;BUY
2016-02-26T00:22:01.220000;2016-02-26T00:22:01.457000;291665d9-1bc4-4848-bda7-6895ec8f835c;421.9;0.01;BUY
2016-02-26T00:22:01.220000;2016-02-26T00:22:01.457000;df48ad9e-6108-4e5b-be4d-44570fa16bfe;421.9;1.59419;BUY
2016-02-26T00:22:31.173000;2016-02-26T00:22:31.377000;0ef10814-5b27-4836-a57d-3b4f2154574b;421.84;0.866;BUY
2016-02-26T00:22:31.173000;2016-02-26T00:22:31.393000;ff0a6209-0c90-4452-bc2c-1a7d9b32a6f4;421.89;0.55182;BUY
2016-02-26T00:23:01.830000;2016-02-26T00:23:02.033000;4d77b8be-c6dd-42e1-9047-8d99d42a9ba8;421.85;0.23651;BUY
2016-02-26T00:23:31.573000;2016-02-26T00:23:31.783000;ffb2e099-3c9a-4691-a2a5-ce8eb1911da8;421.87;0.37886;BUY
2016-02-26T00:23:32.133000;2016-02-26T00:23:32.330000;43d6141b-c4e1-4c5b-8e8b-91aaadd19dfc;421.89;0.02;BUY
2016-02-26T00:23:43.747000;2016-02-26T00:23:43.957000;345fb3e5-826e-4510-82f8-0172f3d220ea;421.87;0.25;BUY
2016-02-26T00:23:43.750000;2016-02-26T00:23:43.957000;9d5847fe-8be0-42e4-8cf4-aa27648329f1;421.89;0.308;BUY
2016-02-26T00:23:43.750000;2016-02-26T00:23:43.957000;1ccbe805-b133-4546-b08d-0325659aa34e;421.9;1.982;BUY
2016-02-26T00:24:01.713000;2016-02-26T00:24:01.910000;ff2add6e-e803-4b70-8690-174745fd7657;421.89;0.01;BUY
2016-02-26T00:24:01.713000;2016-02-26T00:24:01.927000;c548b763-e48a-457f-93f2-9669c4572633;421.9;0.16945;BUY
2016-02-26T00:25:01.247000;2016-02-26T00:25:01.440000;7f5e445f-076f-4b09-a489-e66f0f3fb767;421.9;0.37048;BUY
2016-02-26T00:25:31.243000;2016-02-26T00:25:31.440000;1a97843e-b2ef-4f42-bb15-9df99f378a42;421.9;0.58708;BUY
2016-02-26T00:26:32.233000;2016-02-26T00:26:32.440000;2ba589f1-1f1d-405d-a86a-9e6f018b3c9d;421.87;0.21957;BUY
2016-02-26T00:27:02.007000;2016-02-26T00:27:02.053000;cd9978a8-b5fc-45a6-97b9-9db613c45993;421.86;0.01;SELL
2016-02-26T00:27:02.007000;2016-02-26T00:27:02.083000;8ef7fc94-bfee-4c8d-8ef6-e4917bdef0c5;421.86;0.04126;SELL
2016-02-26T00:27:21.537000;2016-02-26T00:27:21.583000;b30e04da-b43a-4368-be86-27795ae037bd;421.86;0.037;BUY
2016-02-26T00:27:21.537000;2016-02-26T00:27:21.600000;0b30a4c6-48c1-4342-856e-b1c5b7c9baab;421.86;0.013;BUY
2016-02-26T00:27:26.573000;2016-02-26T00:27:26.630000;79bbfe83-4d3a-4816-bc4a-52f45d4530f1;421.85;0.01;SELL
2016-02-26T00:27:26.573000;2016-02-26T00:27:26.647000;f0a321b4-789f-4dae-8ba9-0f7c837fa9fb;421.84;0.01;SELL
2016-02-26T00:27:31.510000;2016-02-26T00:27:31.553000;547a9cec-a4da-49d2-a31c-5589aa6fdf39;421.84;2.36424;BUY
2016-02-26T00:28:01.730000;2016-02-26T00:28:01.787000;ff157d83-9f44-4392-aea1-d4fb7b20cb8e;421.84;9.84687;BUY
2016-02-26T00:28:31.643000;2016-02-26T00:28:31.693000;2695afa3-c9f9-436d-b083-2c1d889d5b1d;421.84;0.11817;BUY
2016-02-26T00:29:01.917000;2016-02-26T00:29:01.957000;53d137da-5952-450a-987a-046665ca0d4b;421.84;0.42011;BUY
2016-02-26T00:29:31.130000;2016-02-26T00:29:31.177000;15bd6f06-dacb-4165-a9d0-80dd8c6ea78d;421.84;0.70276;BUY
2016-02-26T00:29:53.683000;2016-02-26T00:29:53.723000;0a68adea-8c24-4fc9-bce8-1fde048e15a7;421.84;0.05;BUY
2016-02-26T00:30:01.610000;2016-02-26T00:30:01.660000;e9edd5a0-d3f0-45cd-a845-c32e2763df47;421.83;0.05133;SELL
2016-02-26T00:30:33.033000;2016-02-26T00:30:33.083000;95d2bac1-c602-4741-a011-f9bc9df180e9;421.84;6.47785;BUY
2016-02-26T00:30:33.033000;2016-02-26T00:30:33.083000;9fe67b56-018a-4f60-990f-69f99230c5ee;421.84;15.0;BUY
2016-02-26T00:30:33.033000;2016-02-26T00:30:33.083000;0f915d91-91c0-466c-b3d8-04b8f9932045;421.89;0.774;BUY
2016-02-26T00:30:33.033000;2016-02-26T00:30:33.100000;d100463f-bf0f-436e-bd01-5ce7d8f9c8da;421.9;7.0845;BUY
2016-02-26T00:30:33.033000;2016-02-26T00:30:33.113000;8e4f1957-35e1-4faf-9e8d-de8d8a705e32;421.91;4.18;BUY
2016-02-26T00:30:33.033000;2016-02-26T00:30:33.113000;9a476b37-227f-4012-ac2b-c4c64c9cd83f;421.92;0.01;BUY
2016-02-26T00:30:33.033000;2016-02-26T00:30:33.113000;8ce86561-cf2d-4695-841b-d0fb2aa93bc4;421.94;0.721;BUY
2016-02-26T00:30:33.033000;2016-02-26T00:30:33.160000;d3d6f4a4-716d-47b0-b3fe-51acaf3c4f38;421.96;10.45;BUY
2016-02-26T00:30:33.033000;2016-02-26T00:30:33.160000;fa7cac8e-cb91-4fab-80d5-86e8eab68886;421.97;0.01;BUY
2016-02-26T00:30:33.033000;2016-02-26T00:30:33.160000;ac53757a-25fa-4246-8a27-f7553db69026;421.98;5.29265;BUY
2016-02-26T00:30:36.497000;2016-02-26T00:30:36.537000;b78ff614-deaa-4084-b743-ce1d8700f410;421.84;0.01;SELL
2016-02-26T00:30:36.497000;2016-02-26T00:30:36.553000;1dee9fa1-bb09-465d-a81e-c694df43a3f1;421.84;0.01;SELL
2016-02-26T00:31:01.993000;2016-02-26T00:31:02.037000;a25aa7bf-0884-45a6-9b7a-e951cee48639;421.84;19.25225;BUY
2016-02-26T00:31:31.333000;2016-02-26T00:31:31.380000;8bcb8834-938b-4928-a193-8fdcf16310ff;421.84;2.38811;BUY
2016-02-26T00:32:01.313000;2016-02-26T00:32:01.350000;99fc8124-b0ef-40a3-af86-168c9d25c274;421.83;0.94867;SELL
2016-02-26T00:32:01.313000;2016-02-26T00:32:01.363000;e659044f-4594-403b-ae53-40552093eeaa;421.82;0.01;SELL
2016-02-26T00:32:01.313000;2016-02-26T00:32:01.363000;c334a69d-eda5-4a5e-8d05-ef002e7c39d8;421.79;0.2;SELL
2016-02-26T00:32:01.313000;2016-02-26T00:32:01.363000;011daee6-94e0-4ca7-b7b6-939aa30a81a8;421.79;0.235;SELL
2016-02-26T00:32:01.313000;2016-02-26T00:32:01.380000;ba297556-0745-4452-bb6b-dd4e08bde323;421.74;0.215;SELL
2016-02-26T00:32:01.313000;2016-02-26T00:32:01.457000;5981954b-7bd6-4c11-bf33-66e55316e643;421.71;1.14;SELL
2016-02-26T00:32:01.313000;2016-02-26T00:32:01.457000;d6a9d418-1c41-4a4b-8835-20a943d36c69;421.7;0.01;SELL
2016-02-26T00:32:01.313000;2016-02-26T00:32:01.457000;712c2f34-24ec-42a6-a0c8-8242ec39a4fc;421.7;4.24133;SELL
2016-02-26T00:32:01.547000;2016-02-26T00:32:01.600000;198849a1-1255-4396-a9df-65b93b3bff77;421.84;0.76921;BUY
2016-02-26T00:32:32.143000;2016-02-26T00:32:32.207000;89315dfa-e983-4b32-bed2-d435e486df3f;421.82;0.49759;BUY
2016-02-26T00:32:52.920000;2016-02-26T00:32:52.957000;21b68ba5-997c-495e-9e66-5782ef15e25d;421.8;0.652;BUY
2016-02-26T00:32:52.920000;2016-02-26T00:32:52.957000;fada2dd6-48dd-403a-b658-87421395c306;421.8;1.24633106;BUY
2016-02-26T00:32:53.883000;2016-02-26T00:32:53.927000;2ec5c813-edd5-4e4c-a9b8-f174d73d0046;421.8;1.68366894;BUY
2016-02-26T00:32:53.883000;2016-02-26T00:32:53.943000;9233897a-831a-4f6e-be8e-7510cce3b7f3;421.82;0.21466212;BUY
2016-02-26T00:32:54.250000;2016-02-26T00:32:54.303000;8f29c4a8-72ae-4cb0-981e-8a00f811a0da;421.82;0.42833788;BUY
2016-02-26T00:32:54.250000;2016-02-26T00:32:54.303000;dd7fda5d-22f0-4e55-8306-215d0c92f3aa;421.83;0.01;BUY
2016-02-26T00:32:54.250000;2016-02-26T00:32:54.303000;34a7a18e-8911-4f92-b5cd-392523bc4d17;421.83;1.45999318;BUY
2016-02-26T00:32:55.250000;2016-02-26T00:32:55.287000;02ba66a8-506e-43a1-a54e-d81052bc312d;421.84;1.89833106;BUY
2016-02-26T00:32:56.217000;2016-02-26T00:32:56.257000;1887b3bd-f802-4932-9dbc-af2a30f466c7;421.83;0.633;BUY
2016-02-26T00:32:56.217000;2016-02-26T00:32:56.270000;9205f1cd-92e7-44c0-a15a-18adf26bfb67;421.84;0.67209894;BUY
2016-02-26T00:32:56.220000;2016-02-26T00:32:56.270000;321d82df-d82d-4e0c-9a31-57f6d7b3d02b;421.84;0.59323212;BUY
2016-02-26T00:33:01.150000;2016-02-26T00:33:01.193000;319973b2-3aef-4772-b64d-f8e58d4c7a8e;421.79;0.01;SELL
2016-02-26T00:33:01.690000;2016-02-26T00:33:01.723000;4b1f5c88-efde-4c50-aae8-9352a4b08b9d;421.76;0.01389;BUY
2016-02-26T00:33:53.430000;2016-02-26T00:33:53.460000;bd740f87-82e3-4e7a-bf9b-eafa639c4282;421.75;0.13;SELL
2016-02-26T00:34:01.677000;2016-02-26T00:34:01.723000;b7908b23-25a0-4c5b-9f26-cfa004210c72;421.76;0.45876;BUY
2016-02-26T00:34:31.600000;2016-02-26T00:34:31.647000;fcd663c4-37e8-4a45-9cc5-77e42eca76c2;421.76;1.42542;BUY
2016-02-26T00:35:16.740000;2016-02-26T00:35:16.770000;401b537c-c7b2-488a-9897-28439cc20ad0;421.75;0.27736;SELL
2016-02-26T00:35:31.563000;2016-02-26T00:35:31.600000;9ae1ab5d-30c0-4326-9aab-e6fb34d2e8e5;421.76;0.16493;BUY
2016-02-26T00:36:01.927000;2016-02-26T00:36:01.960000;a65aeb86-500b-44be-afb4-25d5d8e7f8c0;421.76;0.35243;BUY
2016-02-26T00:36:31.477000;2016-02-26T00:36:31.507000;b68bb0e1-6e19-475e-8a80-01ab7e57b8b1;421.75;0.07663;SELL
2016-02-26T00:36:46.247000;2016-02-26T00:36:46.270000;115fdb8d-27c7-44ab-add4-d2af5d06bd57;421.75;1.41434106;SELL
2016-02-26T00:36:46.247000;2016-02-26T00:36:46.287000;8102b141-d644-4560-beb5-21cc5d025580;421.7;0.01;SELL
2016-02-26T00:36:46.247000;2016-02-26T00:36:46.287000;54276f0d-5785-426c-a617-bc131b5ffbd1;421.69;0.01;SELL
2016-02-26T00:37:01.773000;2016-02-26T00:37:01.803000;89802908-f0b0-47bc-8a89-936bdc8e72f1;421.67;0.23398;BUY
2016-02-26T00:37:29.390000;2016-02-26T00:37:29.410000;59d2f3d5-fbe0-478b-b324-f33d026011a8;421.66;1.89833106;SELL
2016-02-26T00:37:31.297000;2016-02-26T00:37:31.317000;7ea28e05-90e6-4ba6-949a-39f02257b6b2;421.61;1.28201;BUY
2016-02-26T00:37:33.883000;2016-02-26T00:37:33.927000;680e2a84-8821-4823-93d9-908dbe9d763f;421.6;0.0190922;SELL
2016-02-26T00:38:01.707000;2016-02-26T00:38:01.740000;46a2d831-7b94-46b8-90df-00364ee017c5;421.58;0.28766;BUY
2016-02-26T00:38:31.637000;2016-02-26T00:38:31.660000;27537b39-e1df-4dc7-a676-3cf0bd333993;421.58;0.29418;BUY
2016-02-26T00:38:49.627000;2016-02-26T00:38:49.647000;13041844-7d0c-45a7-b407-2882020a96ca;421.58;0.01;BUY
2016-02-26T00:39:02.057000;2016-02-26T00:39:02.083000;f35894ac-e2f8-44bd-b176-ed6ea4527edc;421.58;0.23665;BUY
2016-02-26T00:39:20.903000;2016-02-26T00:39:20.927000;758d4511-c618-446f-9396-bce382665520;421.58;0.01;BUY
2016-02-26T00:39:25.403000;2016-02-26T00:39:25.427000;42ef9daf-d6fa-41f6-a6d0-7c4e43c4bf2f;421.58;0.08;BUY
2016-02-26T00:39:31.637000;2016-02-26T00:39:31.660000;fda67e2f-843f-40fe-b75b-3c8c72a5cf1d;421.58;0.50038;BUY
2016-02-26T00:39:58.803000;2016-02-26T00:39:58.817000;4f0c819a-1baf-4234-a1b2-5bdd9e01305d;421.58;0.64704;BUY
2016-02-26T00:40:02.927000;2016-02-26T00:40:02.943000;a13ee7d5-9d51-4954-9fff-40af6ea314d6;421.58;0.36281;BUY
2016-02-26T00:40:23.860000;2016-02-26T00:40:23.880000;8f54f094-069b-4163-81ce-149e36c9a163;421.58;0.01;BUY
2016-02-26T00:40:26.007000;2016-02-26T00:40:26.020000;5756c270-bd2a-4cac-8373-e8d119a5255b;421.58;0.06391;BUY
2016-02-26T00:41:02.090000;2016-02-26T00:41:02.113000;b69fa931-a6b6-4dbe-9325-1999939d66c2;421.57;0.06506;SELL
2016-02-26T00:41:31.293000;2016-02-26T00:41:31.317000;a97eb8d6-d917-45c2-a4b8-2514f7c65bff;421.58;0.04664;BUY
2016-02-26T00:41:57.323000;2016-02-26T00:41:57.333000;f9ed6c62-711a-4234-8fdb-8630285caa89;421.58;0.01;BUY
2016-02-26T00:42:28.587000;2016-02-26T00:42:28.637000;a1635bf8-01d5-4c70-affb-44180d429e12;421.58;0.01;BUY
2016-02-26T00:42:31.460000;2016-02-26T00:42:31.510000;eec755ad-4266-4623-a513-a17e68002634;421.57;1.83327106;SELL
2016-02-26T00:42:31.460000;2016-02-26T00:42:31.527000;e98eba65-6af0-41e5-87ea-df53baa15e57;421.54;0.00323;SELL
2016-02-26T00:42:31.460000;2016-02-26T00:42:31.527000;3cc7a083-99b7-4367-b657-f565282e506b;421.54;0.01;SELL
2016-02-26T00:42:31.460000;2016-02-26T00:42:31.540000;b4503081-f705-48a3-a0e2-30c8094b5039;421.54;0.01;SELL
2016-02-26T00:42:31.460000;2016-02-26T00:42:31.540000;c93e3fc1-60d9-45f6-b7d5-2b4e87385a79;421.54;0.459;SELL
2016-02-26T00:42:31.460000;2016-02-26T00:42:31.603000;c4d8810d-684c-413f-ae74-da4893d1fb4e;421.53;0.01;SELL
2016-02-26T00:42:31.460000;2016-02-26T00:42:31.603000;a0bc7a4b-1c13-4f07-bcd5-0f8bac14244b;421.53;0.01;SELL
2016-02-26T00:42:31.460000;2016-02-26T00:42:31.603000;5f72efc8-83b0-4ec8-8281-e0678148ccf3;421.52;0.01;SELL
2016-02-26T00:42:31.460000;2016-02-26T00:42:31.603000;bda03596-2f5b-4534-9fea-0bf2b0195f32;421.51;0.01;SELL
2016-02-26T00:42:31.460000;2016-02-26T00:42:31.603000;3c055066-f87d-48ec-90bd-271f189e125c;421.5;1.0;SELL
2016-02-26T00:42:31.460000;2016-02-26T00:42:31.603000;171452e6-585a-4c23-aaa4-367253dde687;421.5;0.01;SELL
2016-02-26T00:42:31.460000;2016-02-26T00:42:31.603000;431bd776-4d70-492f-a395-b8b11f5c40f6;421.49;0.476;SELL
2016-02-26T00:42:31.460000;2016-02-26T00:42:31.603000;bc70489c-4b60-459b-ba80-d92a7cc74dd9;421.48;1.89833106;SELL
2016-02-26T00:42:31.460000;2016-02-26T00:42:31.603000;4774b085-e7cb-4062-b71f-09fe236172e8;421.45;1.98361788;SELL
2016-02-26T00:43:01.587000;2016-02-26T00:43:01.637000;bf69154b-6cd1-4189-a755-f042dab89e4f;421.57;0.01;BUY
2016-02-26T00:43:01.587000;2016-02-26T00:43:01.650000;c5aedf3f-2b93-401b-a624-f506fbf7943f;421.58;0.16344;BUY
2016-02-26T00:43:31.360000;2016-02-26T00:43:31.417000;f3ffda91-c71d-488c-a9f6-27578d26ac11;421.58;1.0022;BUY
2016-02-26T00:44:01.650000;2016-02-26T00:44:01.697000;5ad705d0-04d0-4849-9ca6-310f3e887388;421.58;0.94024;BUY
2016-02-26T00:44:30.333000;2016-02-26T00:44:30.387000;55238cba-cab6-4874-8e94-e14290715b14;421.54;0.01;SELL
2016-02-26T00:44:31.130000;2016-02-26T00:44:31.167000;c48b6c95-f0da-41df-b9a7-a242a7222a59;421.54;0.2443;BUY
2016-02-26T00:44:31.130000;2016-02-26T00:44:31.183000;e5ae26a4-fe74-4470-9513-19af12647ae2;421.56;0.18469;BUY
2016-02-26T00:45:01.907000;2016-02-26T00:45:01.947000;54c95cad-045d-4861-9867-48c7053ea8fd;421.58;0.55238;BUY
2016-02-26T00:45:10.570000;2016-02-26T00:45:10.603000;d870a8ea-eacb-4269-b55d-7a75ceab9ea2;421.58;0.01;BUY
2016-02-26T00:45:31.527000;2016-02-26T00:45:31.573000;52ee55ed-8003-40cd-b508-1a383c4dd5b1;421.57;4.066;BUY
2016-02-26T00:45:31.527000;2016-02-26T00:45:31.590000;1677f1f4-2459-43c3-9e7a-62a9d89f8e28;421.57;0.01687;BUY
2016-02-26T00:45:39.397000;2016-02-26T00:45:39.433000;b8b25479-bad9-4703-b809-9085e36cc84c;421.54;0.01;SELL
2016-02-26T00:45:39.397000;2016-02-26T00:45:39.447000;62624e4d-aa8f-4f89-b27f-ba9f4a2a2a19;421.53;0.01;SELL
2016-02-26T00:46:03.690000;2016-02-26T00:46:03.730000;6471a739-17b4-4100-88a8-7e4cfd85c4e2;421.49;0.01;SELL
2016-02-26T00:46:03.690000;2016-02-26T00:46:03.743000;d9bb5aee-79b2-45dd-a27d-9a0cea86bfca;421.48;0.01;SELL
2016-02-26T00:46:03.690000;2016-02-26T00:46:03.743000;f4993dc3-68e6-4510-8cfb-e207aae4d69c;421.47;0.01;SELL
2016-02-26T00:46:03.690000;2016-02-26T00:46:03.743000;e91de52a-a177-4f14-a129-7ff9868ea3e2;421.46;0.01;SELL
2016-02-26T00:46:03.690000;2016-02-26T00:46:03.760000;2f356454-9676-462b-b51a-56f9d0e98124;421.4;0.0190922;SELL
2016-02-26T00:46:03.690000;2016-02-26T00:46:03.760000;6116c12b-a07a-4d8e-9842-eaa40aee0f8a;421.39;0.0582978;SELL
2016-02-26T00:46:31.253000;2016-02-26T00:46:31.290000;143abc45-c296-403f-bee6-a3f6f3fb3859;421.4;0.01;SELL
2016-02-26T00:46:31.253000;2016-02-26T00:46:31.307000;b3efbdd7-1b04-4484-88f7-166af5f1f465;421.39;0.67345;SELL
2016-02-26T00:46:35.573000;2016-02-26T00:46:35.603000;d348dd98-9751-49a2-bc1a-4e2350f5ff54;421.39;1.16658326;SELL
2016-02-26T00:46:35.573000;2016-02-26T00:46:35.620000;9107bf0c-ee81-4aee-a047-592d4c1b3179;421.32;0.04;SELL
2016-02-26T00:46:35.573000;2016-02-26T00:46:35.620000;f307925e-1a5f-4260-8ee9-3f3970932b3d;421.29;0.19;SELL
2016-02-26T00:46:35.573000;2016-02-26T00:46:35.620000;4ab3a25a-bfc0-4c77-98f5-5705dc687bb2;421.28;0.01;SELL
2016-02-26T00:46:35.573000;2016-02-26T00:46:35.620000;afc74faa-850d-49a6-86f4-25fad5ee51bf;421.23;2.66;SELL
2016-02-26T00:46:35.573000;2016-02-26T00:46:35.637000;9a3f0e81-e07d-4968-b927-8b7688dddf12;421.2;0.0191189;SELL
2016-02-26T00:47:01.743000;2016-02-26T00:47:01.777000;baa1f37c-7792-4425-a9d5-1a4411894f77;421.2;0.08741;BUY
2016-02-26T00:47:30.107000;2016-02-26T00:47:30.150000;96683ce5-0fb5-4762-8737-772d096a2ed1;421.2;0.497691;BUY
2016-02-26T00:47:30.113000;2016-02-26T00:47:30.167000;78ff303b-d591-435b-aad5-c4520a14d833;421.2;1.232309;BUY
2016-02-26T00:47:31.187000;2016-02-26T00:47:31.230000;fc172464-97ae-4d0b-8725-fd2e54baf589;421.2;0.06975;BUY
2016-02-26T00:48:01.633000;2016-02-26T00:48:01.667000;437de255-7378-4450-888e-9c36283e8abd;421.2;0.06041;BUY
2016-02-26T00:48:31.700000;2016-02-26T00:48:31.730000;bcb48766-8de0-469d-8219-ff12f692fc9f;421.2;0.23767;BUY
2016-02-26T00:48:42.587000;2016-02-26T00:48:42.620000;d81c5421-12b3-49ef-a914-bbd29fa681eb;421.2;0.5;BUY
2016-02-26T00:49:01.870000;2016-02-26T00:49:01.900000;7117b83d-e8e7-41e3-bc18-3805739f1425;421.2;0.6758;BUY
2016-02-26T00:49:42.747000;2016-02-26T00:49:42.777000;437b2f1d-d9a7-4d64-ac00-4c2c50f13817;421.19;0.02;SELL
2016-02-26T00:49:42.747000;2016-02-26T00:49:42.790000;dc7828fe-f86c-4224-a86a-74369c6642f3;421.19;0.00951;SELL
2016-02-26T00:50:02.467000;2016-02-26T00:50:02.510000;5b5ff511-750c-4abe-be81-aac37c4c4edd;421.2;0.1777;BUY
2016-02-26T00:50:31.527000;2016-02-26T00:50:31.557000;3bfb025b-df6a-4c89-87ff-a36201e5554b;421.2;1.92715;BUY
2016-02-26T00:51:01.773000;2016-02-26T00:51:01.793000;5138f24a-9fa1-426c-a021-20f4c85dfa5f;421.2;0.04306;BUY
2016-02-26T00:51:31.483000;2016-02-26T00:51:31.510000;a16ccb51-e8bd-4b4d-bb7b-b24f3772d74b;421.2;0.59508;BUY
2016-02-26T00:51:47.503000;2016-02-26T00:51:47.527000;8ff33798-f3a8-4d8e-ab5d-192535fee339;421.2;25.0;BUY
2016-02-26T00:52:01.787000;2016-02-26T00:52:01.807000;bab2faa3-286e-4997-b94e-a22d4f4ff76b;421.2;1.0024;BUY
2016-02-26T00:52:31.797000;2016-02-26T00:52:31.823000;d37493c9-f470-4570-94c7-df52612d185c;421.19;0.49049;SELL
2016-02-26T00:52:31.797000;2016-02-26T00:52:31.840000;5b669474-a5ce-4bec-9e12-509a2f4aae31;421.19;7.06763;SELL
2016-02-26T00:52:31.797000;2016-02-26T00:52:31.840000;e6fea87b-abf9-4360-9145-a433c4f5a603;421.19;1.535;SELL
2016-02-26T00:52:31.797000;2016-02-26T00:52:31.840000;0767261e-722e-4d84-a61a-e43241531eca;421.19;0.90465;SELL
2016-02-26T00:54:02.040000;2016-02-26T00:54:02.057000;18236c2e-01ea-4d5b-831d-55e9bd5c9c7e;421.2;2.04519;BUY
2016-02-26T00:54:31.510000;2016-02-26T00:54:31.527000;43bcf054-01b5-46e2-9a93-80eb8d76337e;421.19;0.44984;BUY
2016-02-26T00:54:46.127000;2016-02-26T00:54:46.150000;85467e5b-033d-4161-bdf9-0de800631cfa;421.19;0.45;BUY
2016-02-26T00:55:01.640000;2016-02-26T00:55:01.650000;304ab0c3-2d6b-4004-bbc6-b35f2d4a8772;421.19;0.7697;SELL
2016-02-26T00:55:31.357000;2016-02-26T00:55:31.370000;4e74effd-c5a0-44ef-9680-baeb8ab40386;421.19;0.17238;SELL
2016-02-26T00:56:01.843000;2016-02-26T00:56:01.853000;f08bf359-6af5-4c0d-9cc8-dd3ba2244d37;421.19;0.04589;SELL
2016-02-26T00:56:31.373000;2016-02-26T00:56:31.387000;2a29876b-9d3f-4978-8081-15c686450740;421.2;0.52525;BUY
2016-02-26T00:57:31.623000;2016-02-26T00:57:31.673000;a477e764-64ae-41f1-9a94-36cf7b6f66ef;421.19;0.05513;SELL
2016-02-26T00:57:51.320000;2016-02-26T00:57:51.360000;f0d1e87f-5c9d-49b8-b5ed-5fc867d704a6;421.2;0.47364968;BUY
2016-02-26T00:58:01.660000;2016-02-26T00:58:01.703000;e852ecde-53e9-4828-a5e1-bb3d981d5f92;421.19;0.20598;SELL
2016-02-26T00:58:01.660000;2016-02-26T00:58:01.720000;bd328b7e-4f37-4085-bbab-d93e54b9e50a;421.18;0.01;SELL
2016-02-26T00:58:01.660000;2016-02-26T00:58:01.720000;01d7234e-eb5f-4c8b-95ff-2a671463932e;421.17;0.095;SELL
2016-02-26T00:58:01.660000;2016-02-26T00:58:01.737000;4c1f94fb-c651-4480-8f52-c3ddb27b1399;421.16;0.01;SELL
2016-02-26T00:58:01.660000;2016-02-26T00:58:01.737000;b43eb589-e789-4fe9-98b2-bb99a20cd6ad;421.14;0.01;SELL
2016-02-26T00:58:01.660000;2016-02-26T00:58:01.737000;3caef805-d4c4-4cec-82fd-11f93d35ae34;421.13;0.01;SELL
2016-02-26T00:58:01.660000;2016-02-26T00:58:01.750000;c9b21bec-b428-46b2-9f8b-5d606522dfcc;421.12;0.01;SELL
2016-02-26T00:58:01.660000;2016-02-26T00:58:01.750000;48319e55-012b-4cf9-93c0-9956375c38d8;421.12;0.01;SELL
2016-02-26T00:58:01.660000;2016-02-26T00:58:01.797000;e9359a57-3470-4567-811a-bb696535cca6;421.12;0.101;SELL
2016-02-26T00:58:01.660000;2016-02-26T00:58:01.797000;b5a48a61-019a-43a6-81da-dbb8bdffd8a6;421.1;0.01;SELL
2016-02-26T00:58:01.660000;2016-02-26T00:58:01.797000;07851701-d18c-46ce-afe2-857757130681;421.09;0.01;SELL
2016-02-26T00:58:01.660000;2016-02-26T00:58:01.797000;104b539e-99ec-4990-b429-465e7293341d;421.09;0.01;SELL
2016-02-26T00:58:01.660000;2016-02-26T00:58:01.797000;17ec0035-7761-41a8-889f-cd4240023fae;421.08;0.01;SELL
2016-02-26T00:58:01.660000;2016-02-26T00:58:01.797000;55827730-d45c-4297-ae5d-7fca69c0038b;421.08;0.01;SELL
2016-02-26T00:58:01.663000;2016-02-26T00:58:01.797000;1c3d7bda-87ef-4594-96b0-3a28623729db;421.08;0.00697;SELL
2016-02-26T00:59:01.813000;2016-02-26T00:59:01.860000;20954331-e59c-43c3-83b8-0c1117e4af9f;421.17;0.60063;BUY
2016-02-26T00:59:31.637000;2016-02-26T00:59:31.673000;96231056-deee-428b-95d6-e90a379c01de;421.09;0.1367;SELL
2016-02-26T01:00:02.250000;2016-02-26T01:00:02.283000;556f9bf9-a454-4e7d-b16c-9b838b2fa08c;421.17;0.09065;BUY
2016-02-26T01:00:31.747000;2016-02-26T01:00:31.783000;d0101d64-2963-409b-8270-da00151e8b48;421.12;1.1618;BUY
2016-02-26T01:01:01.873000;2016-02-26T01:01:01.907000;5a4119d3-e22a-425d-8688-b03226404ab8;421.12;1.02082;BUY
2016-02-26T01:01:31.900000;2016-02-26T01:01:31.953000;3f5a3df1-2165-47cf-9b44-152cc943a236;421.13;0.01;BUY
2016-02-26T01:01:31.900000;2016-02-26T01:01:31.953000;a7f307dc-a91f-499a-8a93-1780a77f5820;421.14;0.01;BUY
2016-02-26T01:01:31.900000;2016-02-26T01:01:31.953000;6fab6673-5a3f-4bf3-9856-90391f318a27;421.14;0.01;BUY
2016-02-26T01:01:31.900000;2016-02-26T01:01:31.953000;5a850dfa-b45d-497a-a6e6-923b6028d47b;421.14;0.01;BUY
2016-02-26T01:01:31.900000;2016-02-26T01:01:31.953000;9785c841-3ff0-49b7-9831-16db1cb7e676;421.18;0.01;BUY
2016-02-26T01:01:31.900000;2016-02-26T01:01:31.987000;7ddbded4-8e6f-4430-9cf8-f785923b8771;421.19;0.01;BUY
2016-02-26T01:01:31.900000;2016-02-26T01:01:32.000000;d000c9ef-c69c-4a86-9114-151b5b61208a;421.19;0.01;BUY
2016-02-26T01:01:31.900000;2016-02-26T01:01:32.000000;774d3221-7997-4e6a-9a27-ea311e134e11;421.19;0.01;BUY
2016-02-26T01:01:31.900000;2016-02-26T01:01:32.000000;ab17973b-0eaa-4ee9-b32f-362feb717c12;421.19;0.01;BUY
2016-02-26T01:01:31.900000;2016-02-26T01:01:32.000000;86cbd7f7-c4fb-4d3c-819b-1a356ebf4cf4;421.19;0.30149;BUY
2016-02-26T01:02:01.677000;2016-02-26T01:02:01.720000;2ab54e4f-437f-474f-aeca-64152fe14fdc;421.2;0.12443;BUY
2016-02-26T01:02:32.017000;2016-02-26T01:02:32.047000;0f8d10b2-1a35-4a1f-8245-45f213226ab6;421.19;0.01;BUY
2016-02-26T01:02:32.017000;2016-02-26T01:02:32.063000;e68c3c4f-620e-4e1f-a3de-0dddfbf988b6;421.2;0.10913;BUY
2016-02-26T01:03:05.210000;2016-02-26T01:03:05.237000;6b2a0a1d-6f20-4871-9d03-6676d0d5c0e0;421.2;0.11714;BUY
2016-02-26T01:03:51.797000;2016-02-26T01:03:51.847000;6bb08746-f34d-4ae2-b00d-30d7051cf9fd;421.16;0.05956;BUY
2016-02-26T01:04:02.120000;2016-02-26T01:04:02.157000;8b68cadf-e4ac-449c-a4fa-70d932caddd0;421.2;0.17629;BUY
2016-02-26T01:04:31.807000;2016-02-26T01:04:31.830000;31fab107-bcc5-4004-8e31-aeb7194b7b68;421.2;0.6218;BUY
2016-02-26T01:05:02.863000;2016-02-26T01:05:02.893000;68680dd2-4ad6-4d2e-bf97-aca76eb67cc2;421.2;2.13978;BUY
2016-02-26T01:06:01.913000;2016-02-26T01:06:01.940000;98460bd9-c7a1-401b-a955-94525f56d009;421.2;0.38875;BUY
2016-02-26T01:06:31.307000;2016-02-26T01:06:31.330000;be954751-5b5e-4e73-99ef-db59dd3636ca;421.2;0.47273;BUY
2016-02-26T01:06:56.547000;2016-02-26T01:06:56.580000;b61fc1a3-63b3-4f79-9d35-ab4c7301ab80;421.2;0.16;BUY
2016-02-26T01:07:32.263000;2016-02-26T01:07:32.283000;58d80ec6-e39c-4327-ace9-edc64d0a9324;421.2;0.19014;BUY
2016-02-26T01:07:37.850000;2016-02-26T01:07:37.877000;cad155da-b489-421f-a8bf-c9addf560054;421.2;0.34;BUY
2016-02-26T01:08:01.937000;2016-02-26T01:08:01.953000;78fb505c-71a2-47ea-a77f-1dd3b18a23f2;421.2;2.6293;BUY
2016-02-26T01:08:33.877000;2016-02-26T01:08:33.907000;4439ae94-f7be-426d-9505-923ae4a6d210;421.19;0.0849;SELL
2016-02-26T01:10:49.860000;2016-02-26T01:10:49.877000;75eae0ce-1f54-4f17-8d44-6cf3a6fc8a8d;421.2;0.06;BUY
2016-02-26T01:12:01.257000;2016-02-26T01:12:01.267000;b71a58f0-d2fd-4770-83b1-9fdec1d1c3e2;421.2;0.01;BUY
2016-02-26T01:15:01.400000;2016-02-26T01:15:01.427000;92a69d8d-a8ae-4be1-89a6-0958ac603a50;421.2;1.65777389;BUY
2016-02-26T01:16:19.170000;2016-02-26T01:16:19.193000;46091b3e-b2e6-4885-b446-31dab062f782;421.19;1.1853;SELL
2016-02-26T01:16:19.170000;2016-02-26T01:16:19.193000;9d5a5974-afd0-4ddc-9f78-fd8eccb6f0e5;421.12;7.09608;SELL
2016-02-26T01:16:19.170000;2016-02-26T01:16:19.207000;6aa332d5-8ec9-4895-9576-bef8c424e836;421.11;0.328;SELL
2016-02-26T01:16:19.170000;2016-02-26T01:16:19.207000;8729d30e-3741-4079-8691-425ceb0cdd17;421.1;0.01659224;SELL
2016-02-26T01:16:19.170000;2016-02-26T01:16:19.207000;c29bbb6c-d12d-48cc-9c52-ff198737c341;421.07;0.02;SELL
2016-02-26T01:16:19.170000;2016-02-26T01:16:19.207000;a8ddc7aa-1005-4e51-8efd-0961b9f8e177;421.06;0.01;SELL
2016-02-26T01:16:19.170000;2016-02-26T01:16:19.223000;9fbe6261-dcdf-4ee4-bb97-7a692c492790;421.06;0.01;SELL
2016-02-26T01:16:19.170000;2016-02-26T01:16:19.223000;505d50bd-ed04-4cc0-989b-3d985ede3e68;421.06;0.01;SELL
2016-02-26T01:16:19.170000;2016-02-26T01:16:19.223000;6fbba6df-9af8-4fbe-aee2-e685480b3a6e;421.05;0.01;SELL
2016-02-26T01:16:19.170000;2016-02-26T01:16:19.240000;4def9a42-7f60-43f8-a7f2-8602be808992;421.04;0.34371776;SELL
2016-02-26T01:16:32.127000;2016-02-26T01:16:32.160000;0dea18e0-eb7d-4b3f-8c62-3a5041b157c9;421.18;0.19;BUY
2016-02-26T01:16:32.127000;2016-02-26T01:16:32.160000;1e3ad270-199c-4df9-a002-aa5d1e4164b4;421.19;0.64796;BUY
2016-02-26T01:16:35.383000;2016-02-26T01:16:35.397000;c5d3d5cf-9549-4226-96d0-350892ff635e;421.19;0.56204;BUY
2016-02-26T01:16:35.383000;2016-02-26T01:16:35.427000;c695b707-7483-42b4-a535-1cf341284c61;421.19;1.0;BUY
2016-02-26T01:16:35.383000;2016-02-26T01:16:35.427000;a7fbcc81-8f49-4848-9472-2f3e4fbb8c0c;421.2;5.30292611;BUY
2016-02-26T01:16:35.383000;2016-02-26T01:16:35.427000;7554faa6-389a-45d5-971d-5d16f559607d;421.2;0.01;BUY
2016-02-26T01:16:35.383000;2016-02-26T01:16:35.427000;a5c1036d-48a2-4976-bce0-24a08ce5349a;421.2;0.01;BUY
2016-02-26T01:16:35.383000;2016-02-26T01:16:35.427000;b128ced5-7a2f-4cbb-a897-93cf58d3c209;421.2;0.01;BUY
2016-02-26T01:16:35.383000;2016-02-26T01:16:35.427000;b0e3ee6b-67ca-4d7d-8418-ebd082489942;421.21;0.01;BUY
2016-02-26T01:16:35.383000;2016-02-26T01:16:35.427000;c698aab2-c6cd-4449-b238-281330eb0e1f;421.21;0.01;BUY
2016-02-26T01:16:35.383000;2016-02-26T01:16:35.443000;f06a0275-c2e5-4c5d-b009-0ca5a8acbae0;421.21;0.01;BUY
2016-02-26T01:16:35.383000;2016-02-26T01:16:35.443000;58c3edcd-7fd0-44e9-971a-064f37dd7753;421.21;0.01;BUY
2016-02-26T01:16:35.383000;2016-02-26T01:16:35.443000;bde41a8d-c93a-4505-a348-2a03016c6b81;421.22;0.01;BUY
2016-02-26T01:16:35.383000;2016-02-26T01:16:35.443000;3cd762c9-5cac-458a-abef-2d4e9f591646;421.24;0.24;BUY
2016-02-26T01:16:35.383000;2016-02-26T01:16:35.457000;9ebba0bd-06f1-408d-a7ea-58b0d18af7e4;421.25;0.01;BUY
2016-02-26T01:16:35.383000;2016-02-26T01:16:35.457000;195dfe0a-fa3e-4d7a-8f01-bcc1c41eef7b;421.25;0.01;BUY
2016-02-26T01:16:35.383000;2016-02-26T01:16:35.473000;10b1e5d9-964c-4c85-a3fe-add9f9413d83;421.27;0.01;BUY
2016-02-26T01:16:35.387000;2016-02-26T01:16:35.473000;d2a01bdb-4cbd-450e-b9cf-ac5122e022dc;421.27;0.01;BUY
2016-02-26T01:16:35.387000;2016-02-26T01:16:35.473000;13d5cfad-e866-4fd2-bf74-7750d7c74ad7;421.29;0.01;BUY
2016-02-26T01:16:35.387000;2016-02-26T01:16:35.490000;248973e2-1aed-4675-8e3a-4309d7f8f0f8;421.29;0.19;BUY
2016-02-26T01:16:35.387000;2016-02-26T01:16:35.490000;e997b451-71bc-44f8-8230-c4a013f2b5b9;421.3;0.01;BUY
2016-02-26T01:16:35.387000;2016-02-26T01:16:35.490000;7e065f60-3fe0-484e-8214-5357d759278e;421.3;0.641;BUY
2016-02-26T01:16:35.387000;2016-02-26T01:16:35.490000;2348e051-32e5-41fd-85d0-f2a9547c0207;421.36;0.57;BUY
2016-02-26T01:16:35.387000;2016-02-26T01:16:35.490000;a05b0f04-5f8e-48c8-b4a8-7e56ea8873cd;421.37;0.65;BUY
2016-02-26T01:16:35.387000;2016-02-26T01:16:35.503000;f0f6e27a-e5b0-432b-a896-35aeb0b87a82;421.38;0.76;BUY
2016-02-26T01:16:35.387000;2016-02-26T01:16:35.503000;2398b2ed-fc92-4081-8fd2-ec1039ac2a7a;421.39;0.645;BUY
2016-02-26T01:16:35.387000;2016-02-26T01:16:35.503000;7c69f7b8-b92f-4c90-8f47-1ce68a0365eb;421.42;1.13993389;BUY
2016-02-26T01:17:01.930000;2016-02-26T01:17:01.957000;a5f64b5b-3dea-48a4-850c-938dac903445;421.34;0.01;BUY
2016-02-26T01:17:01.933000;2016-02-26T01:17:01.957000;f59a8c9c-96e9-446e-8d42-aa501a33c059;421.34;0.096;BUY
2016-02-26T01:17:01.933000;2016-02-26T01:17:01.973000;0cc16951-e68c-4d99-93d7-8f0b20f94d30;421.35;0.01;BUY
2016-02-26T01:17:01.933000;2016-02-26T01:17:01.973000;dc975327-9d4f-4440-baec-89d009f37e61;421.35;0.01;BUY
2016-02-26T01:17:01.933000;2016-02-26T01:17:01.990000;ec997601-f886-42d2-a939-a23f9a48da9e;421.35;0.01;BUY
2016-02-26T01:17:01.933000;2016-02-26T01:17:01.990000;5cdf47fd-f9f0-4bfd-8ef5-5b6728ed3586;421.35;0.19;BUY
2016-02-26T01:17:01.933000;2016-02-26T01:17:01.990000;86b4e3b7-a7f0-4a4e-89fb-cd31dc6a2d5e;421.36;0.01;BUY
2016-02-26T01:17:01.933000;2016-02-26T01:17:01.990000;e0d116ba-2461-4735-913e-15fc5ecae615;421.36;0.01;BUY
2016-02-26T01:17:01.933000;2016-02-26T01:17:01.990000;ac01e067-3bf5-4db9-8030-7c947bbb40a4;421.36;0.22985;BUY
2016-02-26T01:18:02.367000;2016-02-26T01:18:02.380000;dd44c7aa-293b-4f9b-a8d0-88b964ad86df;421.25;0.01;SELL
2016-02-26T01:18:02.367000;2016-02-26T01:18:02.397000;feae71af-6681-4745-bfb0-26185113f4d3;421.22;0.01;SELL
2016-02-26T01:18:02.367000;2016-02-26T01:18:02.397000;9b880162-39f2-4d0e-a7a0-671c16c57492;421.22;0.01;SELL
2016-02-26T01:18:02.367000;2016-02-26T01:18:02.397000;7fd4327e-8460-4d48-a57c-a16f631f50e4;421.22;0.01;SELL
2016-02-26T01:18:02.367000;2016-02-26T01:18:02.410000;a78218de-f1e5-4bb4-a101-e545b5aa1480;421.21;0.01;SELL
2016-02-26T01:18:02.367000;2016-02-26T01:18:02.473000;2c927c1e-58c6-4e67-b60b-4f39b4638e38;421.21;0.01;SELL
2016-02-26T01:18:02.367000;2016-02-26T01:18:02.473000;8c1f172b-75b7-44da-9c5b-aacfb0b1380e;421.21;0.01;SELL
2016-02-26T01:18:02.367000;2016-02-26T01:18:02.473000;fc24e05d-6fba-41ae-8c99-24ca50a6851c;421.2;0.01;SELL
2016-02-26T01:18:02.367000;2016-02-26T01:18:02.473000;55e4dde6-621c-485b-b275-0327ce23a136;421.2;0.01;SELL
2016-02-26T01:18:02.367000;2016-02-26T01:18:02.473000;6c9f11ad-19e1-4337-94da-106f4f3c9db1;421.2;0.01;SELL
2016-02-26T01:18:02.367000;2016-02-26T01:18:02.473000;f6ac509d-682a-40f4-9efe-eb45f1141237;421.2;0.01;SELL
2016-02-26T01:18:02.367000;2016-02-26T01:18:02.473000;f12743ad-274a-420d-958a-c23c3b73a8b0;421.19;0.01;SELL
2016-02-26T01:18:02.367000;2016-02-26T01:18:02.473000;8f9b0b2a-8117-4d00-ad57-0a656fa4b485;421.19;0.01;SELL
2016-02-26T01:18:02.367000;2016-02-26T01:18:02.490000;863b41ae-a716-4246-ad5d-b7fec111e03d;421.19;0.11494;SELL
2016-02-26T01:18:11.230000;2016-02-26T01:18:11.240000;8ae3e297-52a2-4284-a90f-265b2a577c9e;421.16;0.01;SELL
2016-02-26T01:18:15.180000;2016-02-26T01:18:15.193000;3325367a-6200-41b7-8aa4-8e917acd132a;421.13;0.01;SELL
2016-02-26T01:18:22.660000;2016-02-26T01:18:22.693000;236ccbdd-8f68-4776-b9b9-fa84bca30987;421.07;0.01;SELL
2016-02-26T01:18:22.663000;2016-02-26T01:18:22.693000;6fffe7a5-b22c-41d4-a8c7-e1d0fbeb9085;421.07;0.01;SELL
2016-02-26T01:18:25.167000;2016-02-26T01:18:25.177000;94568a54-9fd9-4823-9294-ecf5f01ce26a;421.06;0.01;SELL
2016-02-26T01:18:25.167000;2016-02-26T01:18:25.193000;adecc8d4-f7ed-44b8-9b41-8b5ce4d02e96;421.0;1.0;SELL
2016-02-26T01:18:25.167000;2016-02-26T01:18:25.193000;112470bd-fc11-451a-a4fc-684eaa85c413;421.0;0.125;SELL
2016-02-26T01:18:25.167000;2016-02-26T01:18:25.193000;c5c356b9-064f-4b7c-b6fe-c57989041baf;421.0;0.19590161;SELL
2016-02-26T01:18:25.167000;2016-02-26T01:18:25.207000;d1ed581a-8b04-47ea-9306-f965404a8b1a;421.0;2.0;SELL
2016-02-26T01:18:25.167000;2016-02-26T01:18:25.207000;c8ce64aa-1eec-4a93-aa04-0a33537691e6;421.0;1.0;SELL
2016-02-26T01:18:25.167000;2016-02-26T01:18:25.223000;93ce4258-cbd9-4a26-a8e1-7e47f7f441b5;421.0;0.01912731;SELL
2016-02-26T01:18:26.157000;2016-02-26T01:18:26.177000;f993a9bc-e3cf-4453-bc98-46555c1e73dd;420.93;0.01;SELL
2016-02-26T01:18:26.157000;2016-02-26T01:18:26.177000;c108a367-8876-41fa-9402-0a908fc445a6;420.92;0.01;SELL
2016-02-26T01:18:26.157000;2016-02-26T01:18:26.193000;a54d8879-0e1f-460d-a6ab-af247c42c9e1;420.91;0.01;SELL
2016-02-26T01:18:26.157000;2016-02-26T01:18:26.193000;932cc9a5-50b9-493e-9a90-0b0a45c6ef25;420.9;0.01;SELL
2016-02-26T01:18:26.347000;2016-02-26T01:18:26.380000;de7f0278-0848-4898-bb7f-f9535daa559e;420.86;0.01;BUY
2016-02-26T01:18:30.357000;2016-02-26T01:18:30.380000;9a3b7bfe-77f1-4525-9a3d-a480d907c943;420.82;0.01;SELL
2016-02-26T01:18:30.357000;2016-02-26T01:18:30.380000;b11b67ca-6e3b-4529-907f-e143608d8096;420.81;0.01;SELL
2016-02-26T01:18:30.357000;2016-02-26T01:18:30.380000;05a7a519-1905-4690-ae4a-636c8331eddb;420.81;0.01;SELL
2016-02-26T01:18:30.357000;2016-02-26T01:18:30.380000;5d90ef2a-d128-4ee0-a0cf-cc68a8f43e72;420.8;0.01;SELL
2016-02-26T01:18:30.357000;2016-02-26T01:18:30.427000;04e3b8bd-1f98-4eac-a96d-55ee77102dff;420.8;0.01;SELL
2016-02-26T01:18:30.357000;2016-02-26T01:18:30.427000;a41b13f8-8da2-45c6-9043-c4688677314c;420.8;0.01;SELL
2016-02-26T01:18:30.357000;2016-02-26T01:18:30.427000;e02dfd2a-4435-440b-8fdf-a05fb68e72b5;420.8;0.01912731;SELL
2016-02-26T01:18:30.357000;2016-02-26T01:18:30.443000;78ed8d25-9642-4740-a578-39338a537dac;420.79;0.01;SELL
2016-02-26T01:18:31.863000;2016-02-26T01:18:31.880000;31aa0a89-fde6-47a4-bd96-3024afb562d7;420.8;7.23378;BUY
2016-02-26T01:18:32.747000;2016-02-26T01:18:32.753000;e9212c43-2f43-4147-ae57-ba25019cde1e;420.77;0.01;SELL
2016-02-26T01:18:32.747000;2016-02-26T01:18:32.770000;3707017c-a693-4995-b5fd-dedab1122cba;420.76;0.01;SELL
2016-02-26T01:18:32.750000;2016-02-26T01:18:32.770000;619105c6-698a-4515-833a-38ce1cb7cdd2;420.76;0.01;SELL
2016-02-26T01:18:32.750000;2016-02-26T01:18:32.770000;8a22c53e-d38a-415f-bb70-7cb05ba41114;420.75;0.01;SELL
2016-02-26T01:18:32.750000;2016-02-26T01:18:32.787000;77e3f1cd-588c-4a1e-af1e-2be5136a6641;420.75;0.01;SELL
2016-02-26T01:18:32.750000;2016-02-26T01:18:32.787000;49378339-e730-48e9-ae99-3b98f26f939e;420.74;0.02;SELL
2016-02-26T01:18:32.750000;2016-02-26T01:18:32.803000;0e0e41b8-b49e-4962-8d1c-0a50bb132522;420.69;0.04;SELL
2016-02-26T01:18:32.750000;2016-02-26T01:18:32.803000;852e94c4-9ddc-4062-b464-eb45c87b8267;420.62;0.01;SELL
2016-02-26T01:18:32.750000;2016-02-26T01:18:32.817000;dcce4d61-bb82-4670-b926-0a547fa3b2f7;420.62;0.01;SELL
2016-02-26T01:18:32.750000;2016-02-26T01:18:32.833000;e6177c9c-92fe-458b-ab53-1598b456068c;420.6;0.01;SELL
2016-02-26T01:18:32.750000;2016-02-26T01:18:32.833000;e6da6b57-f4e8-4de3-bab7-776818b6341d;420.6;0.01913704;SELL
2016-02-26T01:18:32.750000;2016-02-26T01:18:32.833000;87b9081d-2d49-42c5-8661-c990c422470f;420.58;0.01;SELL
2016-02-26T01:18:32.750000;2016-02-26T01:18:32.850000;643c3817-1c6f-43a7-ad24-bc57c508f910;420.56;0.01;SELL
2016-02-26T01:18:32.750000;2016-02-26T01:18:32.850000;44a5db8a-e818-456a-ba69-21fa681309eb;420.56;0.36793352;SELL
2016-02-26T01:18:35.350000;2016-02-26T01:18:35.363000;a5f9d364-629c-41d2-a5cd-b1ea7af64548;420.56;0.01;SELL
2016-02-26T01:18:35.350000;2016-02-26T01:18:35.380000;37c61fd7-98bb-4055-97ef-75a6966acff7;420.55;0.01;SELL
2016-02-26T01:18:35.350000;2016-02-26T01:18:35.380000;a152743c-7090-47f3-833c-002f18c8aef6;420.54;0.01;SELL
2016-02-26T01:18:37.733000;2016-02-26T01:18:37.753000;01a18742-a957-478e-9ea4-75fa9816e780;420.53;0.01;SELL
2016-02-26T01:18:37.733000;2016-02-26T01:18:37.753000;1de53bda-a016-444b-954a-ca3fafbaecd8;420.53;0.01;SELL
2016-02-26T01:18:39.910000;2016-02-26T01:18:39.927000;6f87e90d-65c4-4d75-9612-0c614b75f6dc;420.51;0.01;SELL
2016-02-26T01:18:39.910000;2016-02-26T01:18:39.927000;ca40ec3f-d30c-47a8-8176-8914bc5cb235;420.5;1.0;SELL
2016-02-26T01:18:39.910000;2016-02-26T01:18:39.927000;087ce60c-2570-4279-a7ed-2698884c608d;420.5;0.01;SELL
2016-02-26T01:18:39.910000;2016-02-26T01:18:39.943000;52bab00a-7fd7-4ca4-895b-2780d7c4789b;420.49;0.01;SELL
2016-02-26T01:18:40.010000;2016-02-26T01:18:40.037000;51228bca-10a1-4310-b431-9a924927f9af;420.43;0.01;SELL
2016-02-26T01:18:40.010000;2016-02-26T01:18:40.037000;d667e707-df92-433c-a121-0b77d5314ed7;420.4;0.01913704;SELL
2016-02-26T01:18:50.263000;2016-02-26T01:18:50.287000;6a8e2e07-3ff6-4e7e-8a8f-db5d2e74db40;420.29;0.02;SELL
2016-02-26T01:18:50.263000;2016-02-26T01:18:50.287000;b2c34698-b404-43b9-be77-8e022dd00356;420.27;0.01;SELL
2016-02-26T01:18:50.263000;2016-02-26T01:18:50.303000;14936899-cb49-497b-95e3-7590167bf9fd;420.2;0.01913704;SELL
2016-02-26T01:18:50.263000;2016-02-26T01:18:50.303000;939a801b-72e9-42a3-bda0-085c145fa3e2;420.15;0.05;SELL
2016-02-26T01:18:50.263000;2016-02-26T01:18:50.303000;b6ad60cb-9b9c-45a2-9106-fce8b8c1afbc;420.15;0.01;SELL
2016-02-26T01:18:50.263000;2016-02-26T01:18:50.317000;8cae36fa-b99a-48f6-9252-4bebc130f8b6;420.11;0.01;SELL
2016-02-26T01:18:50.263000;2016-02-26T01:18:50.333000;ed329db3-b861-43a6-b4e3-bfcbed34dc7f;420.11;0.102;SELL
2016-02-26T01:18:50.263000;2016-02-26T01:18:50.333000;cc907669-7278-419a-8322-a6c2f8d12dda;420.1;0.129;SELL
2016-02-26T01:18:52.380000;2016-02-26T01:18:52.397000;56c5d160-9da5-43d9-8c1c-d3c72e390b3f;420.1;0.01;SELL
2016-02-26T01:18:52.380000;2016-02-26T01:18:52.410000;b6f2b39c-b355-4efa-9e6b-cded44d3f311;420.09;0.01;SELL
2016-02-26T01:18:52.380000;2016-02-26T01:18:52.410000;d1c58bfd-e2ba-47ed-a0b2-0458e275db27;420.08;0.01;SELL
2016-02-26T01:18:52.380000;2016-02-26T01:18:52.427000;f9bb0007-a671-4499-b7a4-f9547546495a;420.07;0.01;SELL
2016-02-26T01:18:52.380000;2016-02-26T01:18:52.427000;441c371f-7f67-47a8-95a4-5f119858d2c0;420.06;1.0;SELL
2016-02-26T01:18:52.380000;2016-02-26T01:18:52.427000;1dc4185b-ee72-4214-863e-8572725a5efd;420.05;1.0;SELL
2016-02-26T01:18:52.380000;2016-02-26T01:18:52.427000;55892b46-bff9-4d99-840f-8cae0d9246c5;420.04;0.01;SELL
2016-02-26T01:18:52.380000;2016-02-26T01:18:52.427000;d0b92d7e-2a5d-42de-9346-ff31f3d12873;420.03;1.3;SELL
2016-02-26T01:18:52.380000;2016-02-26T01:18:52.427000;888b1ed0-b450-4b09-a1dd-0d537baa63e3;420.03;0.01;SELL
2016-02-26T01:19:02.323000;2016-02-26T01:19:02.333000;2ba0ad5e-3c40-4549-813f-808c9b0a0025;420.02;0.597;BUY
2016-02-26T01:19:02.323000;2016-02-26T01:19:02.350000;805fc8ac-6bc4-42aa-a86a-31da0a5fefa5;420.02;0.4044;BUY
2016-02-26T01:19:11.100000;2016-02-26T01:19:11.113000;05fb6145-b537-4e0a-b1f5-5a9b435e2ba9;420.01;0.023;SELL
2016-02-26T01:19:11.100000;2016-02-26T01:19:11.130000;157e0dab-8b90-4264-b708-cb9c5b697ea9;420.01;1.0;SELL
2016-02-26T01:19:11.100000;2016-02-26T01:19:11.130000;d3c07867-9565-4be1-b52d-6aee3b14ab5e;420.01;2.0;SELL
2016-02-26T01:19:11.100000;2016-02-26T01:19:11.130000;1df161ba-2227-4523-8534-7ff84456c231;420.0;1.0;SELL
2016-02-26T01:19:11.100000;2016-02-26T01:19:11.130000;b85fc40d-4f02-4793-8ce7-4d529f5d431e;420.0;2.1;SELL
2016-02-26T01:19:11.100000;2016-02-26T01:19:11.177000;9dc41db4-f010-47a0-9cdd-39e7a78e72f1;420.0;0.12;SELL
2016-02-26T01:19:11.103000;2016-02-26T01:19:11.177000;73cbbecb-2db6-470e-a496-f6944a3446cc;420.0;0.05;SELL
2016-02-26T01:19:11.103000;2016-02-26T01:19:11.177000;9d4ffe77-85ec-4da0-a35d-81daa7726bb4;420.0;0.05;SELL
2016-02-26T01:19:11.103000;2016-02-26T01:19:11.177000;3fe795cc-068d-4437-ae22-91781d9a2327;420.0;5.0;SELL
2016-02-26T01:19:11.103000;2016-02-26T01:19:11.177000;ef5dc425-26c8-4130-b0c8-7217093eddc0;420.0;0.2;SELL
2016-02-26T01:19:11.103000;2016-02-26T01:19:11.223000;a815ef48-82d2-446a-a983-484412b9ee52;420.0;0.02619048;SELL
2016-02-26T01:19:11.103000;2016-02-26T01:19:11.223000;c799794f-193d-4742-8052-6b49b0eb2c3b;420.0;5.0;SELL
2016-02-26T01:19:11.103000;2016-02-26T01:19:11.223000;c24a4649-63ee-43a4-980d-5b66819f2cb6;420.0;0.19606073;SELL
2016-02-26T01:19:11.103000;2016-02-26T01:19:11.223000;86e7b285-d99c-441f-adb1-851f05c321c0;420.0;1.0;SELL
2016-02-26T01:19:11.103000;2016-02-26T01:19:11.223000;73c5d139-4e37-49a4-b59f-32063160e02d;420.0;0.01;SELL
2016-02-26T01:19:11.103000;2016-02-26T01:19:11.223000;a6ede3c5-bd96-4013-acbd-99d56a666681;420.0;0.01913704;SELL
2016-02-26T01:19:11.103000;2016-02-26T01:19:11.223000;82b9f5e0-84e3-4087-92e7-5bf317d54ec3;420.0;2.7;SELL
2016-02-26T01:19:11.103000;2016-02-26T01:19:11.223000;d100134d-4f8b-4c9e-8f1f-7ef0b1133960;419.99;0.3;SELL
2016-02-26T01:19:11.103000;2016-02-26T01:19:11.223000;e44d9d70-acc6-4511-b9dd-160445747d22;419.95;0.05;SELL
2016-02-26T01:19:11.103000;2016-02-26T01:19:11.223000;56a7171b-eed1-43d7-be73-b90a9e049b8f;419.95;0.01;SELL
2016-02-26T01:19:11.103000;2016-02-26T01:19:11.223000;72ebf712-ec1c-4668-b786-1707c38d4190;419.84;0.02;SELL
2016-02-26T01:19:11.103000;2016-02-26T01:19:11.223000;990f3eef-b8c3-444e-bce3-247c8135c1c8;419.8;0.01;SELL
2016-02-26T01:19:11.103000;2016-02-26T01:19:11.223000;6bd8f3d0-e390-4d20-880e-35038a3c5a2f;419.8;0.01913704;SELL
2016-02-26T01:19:11.103000;2016-02-26T01:19:11.223000;886a43ea-df01-42e4-a95c-640bd3d6746a;419.78;1.459;SELL
2016-02-26T01:19:35.730000;2016-02-26T01:19:35.740000;a8a7262c-4e30-40ec-8a20-5cfa6157420a;419.72;0.01;SELL
2016-02-26T01:19:35.730000;2016-02-26T01:19:35.753000;049a3132-40b9-42cd-a80a-3f00f06d859b;419.71;0.01;SELL
2016-02-26T01:19:35.730000;2016-02-26T01:19:35.753000;0a2b0cd8-6780-43b5-a903-ba16ef912195;419.7;0.08;SELL
2016-02-26T01:19:35.730000;2016-02-26T01:19:35.770000;b5314bbe-10c3-4a39-bb99-f40807843e26;419.63;0.3725;SELL
2016-02-26T01:19:35.730000;2016-02-26T01:19:35.770000;5aec8a19-e46e-4c42-84e1-0f337da18f23;419.63;0.086;SELL
2016-02-26T01:19:35.730000;2016-02-26T01:19:35.770000;4b9338ef-c435-4da9-8f11-c88437da8128;419.6;0.01;SELL
2016-02-26T01:19:35.730000;2016-02-26T01:19:35.770000;4898e3ca-7cdd-49c6-8dfe-f3bf8210810b;419.6;0.01913704;SELL
2016-02-26T01:19:35.730000;2016-02-26T01:19:35.787000;dc057790-da3c-4535-ac6c-4001801fe28b;419.58;0.129;SELL
2016-02-26T01:19:35.730000;2016-02-26T01:19:35.787000;8a5d25d1-74fa-4802-8289-6a09d99c44ce;419.57;1.0;SELL
2016-02-26T01:19:35.730000;2016-02-26T01:19:35.787000;0cea5b7f-c7fb-4988-a305-5b9dc393d177;419.56;1.0;SELL
2016-02-26T01:19:35.730000;2016-02-26T01:19:35.803000;5e705460-1efd-430d-831e-b9ada3b403f1;419.55;1.0;SELL
2016-02-26T01:19:35.730000;2016-02-26T01:19:35.833000;118ca496-3bb7-4797-bd98-a5c7311263fb;419.54;1.0;SELL
2016-02-26T01:19:35.730000;2016-02-26T01:19:35.833000;971d886a-fd20-45d4-a0a0-1016ad1b38e2;419.53;0.51336296;SELL
2016-02-26T01:20:03.923000;2016-02-26T01:20:03.927000;10e66b8b-3d5f-4a8f-83bf-bf1fdf6b1b73;419.64;0.25;BUY
2016-02-26T01:20:03.923000;2016-02-26T01:20:03.943000;96ded890-cfef-4b15-b96a-d3d8669dcd90;419.64;1.2761;BUY
2016-02-26T01:20:32.263000;2016-02-26T01:20:32.270000;9cdfc36e-f181-4cdc-a56c-72e541fd48dd;419.63;0.25;BUY
2016-02-26T01:20:32.263000;2016-02-26T01:20:32.287000;a43c12cf-e666-4a7e-b057-735cbb7a1c2a;419.63;0.41363;BUY
2016-02-26T01:21:02.873000;2016-02-26T01:21:02.880000;394f8934-f40e-4add-91bd-65c79b352e84;419.63;0.25;BUY
2016-02-26T01:21:02.873000;2016-02-26T01:21:02.897000;04ccb47b-9d19-4ff0-a2a5-835798a1b1b9;419.64;0.38;BUY
2016-02-26T01:21:02.873000;2016-02-26T01:21:02.897000;f26747f5-5c49-4b76-ab4c-2cf2e5a7110d;419.65;0.626;BUY
2016-02-26T01:21:02.873000;2016-02-26T01:21:02.897000;27c7a9c8-0029-4df5-9e7e-624d197c22ef;419.66;0.22654;BUY
2016-02-26T01:21:32.093000;2016-02-26T01:21:32.100000;51ea6767-9b5f-4bf1-ad03-66c76fb2ead3;419.69;0.25;BUY
2016-02-26T01:21:32.093000;2016-02-26T01:21:32.113000;df23a1e2-6f4a-41d6-b3e8-0655564fb342;419.74;0.01;BUY
2016-02-26T01:21:32.097000;2016-02-26T01:21:32.113000;d0e95201-9cac-467b-9093-c0fb4f56960d;419.75;0.01;BUY
2016-02-26T01:21:32.097000;2016-02-26T01:21:32.130000;86be0bca-385f-4892-ab5d-5a7adb57a290;419.77;0.107;BUY
2016-02-26T01:21:32.097000;2016-02-26T01:21:32.130000;ce53a8f4-7fac-4b49-ae1d-cd0da672cf88;419.8;0.6789;BUY
2016-02-26T01:21:39.873000;2016-02-26T01:21:39.880000;d208f8a8-831f-4d9f-ad47-731b1141b435;419.73;0.36;SELL
2016-02-26T01:21:39.873000;2016-02-26T01:21:39.880000;c6774a78-449b-4c08-a4a9-70b0f38a3115;419.73;0.104;SELL
2016-02-26T01:21:44.833000;2016-02-26T01:21:44.833000;b2cdd241-8288-496e-a361-05bb8ecfe899;419.75;0.036;SELL
2016-02-26T01:22:02.247000;2016-02-26T01:22:02.253000;50742516-2cab-408f-a696-12c00f1e0f60;419.76;0.25;BUY
2016-02-26T01:22:02.247000;2016-02-26T01:22:02.270000;9f82be73-61e1-46e7-a610-df4073ee33c5;419.82;0.01;BUY
2016-02-26T01:22:02.247000;2016-02-26T01:22:02.270000;2698d06d-4dbe-4650-be2f-83564c2e9a02;419.85;0.01;BUY
2016-02-26T01:22:02.247000;2016-02-26T01:22:02.270000;8cd69d92-66e5-489c-b72c-48f5bac4393b;419.89;0.01;BUY
2016-02-26T01:22:02.247000;2016-02-26T01:22:02.270000;fd68fc26-67d8-44d6-804b-e194264ed721;419.94;0.58904;BUY
2016-02-26T01:22:32.590000;2016-02-26T01:22:32.613000;4d0b9d0d-9668-4b08-ba28-098fea6baec8;419.98;0.01;BUY
2016-02-26T01:22:32.590000;2016-02-26T01:22:32.613000;e1b73efa-689f-444a-a400-ce5937e3aaa5;419.98;0.01;BUY
2016-02-26T01:22:32.590000;2016-02-26T01:22:32.630000;d645904a-ff92-4697-ba75-b8bb9cd9c950;420.0;0.01;BUY
2016-02-26T01:22:32.590000;2016-02-26T01:22:32.630000;650fc8b6-4ebf-457f-a6a7-497109c29c2c;420.09;0.37;BUY
2016-02-26T01:22:32.590000;2016-02-26T01:22:32.630000;3858d2fa-4b42-4179-8ecd-c706ef1a57fd;420.09;7.11374;BUY
2016-02-26T01:22:32.590000;2016-02-26T01:22:32.630000;badfc057-4131-4b25-a64d-a7c8c641d38f;420.1;0.01913704;BUY
2016-02-26T01:22:32.590000;2016-02-26T01:22:32.630000;a4e4747c-fa96-4877-87dd-fac7cd65b365;420.11;0.1;BUY
2016-02-26T01:22:32.590000;2016-02-26T01:22:32.647000;36f2d8ce-ee12-4359-9a8f-2a89dc5ff477;420.13;0.01;BUY
2016-02-26T01:22:32.590000;2016-02-26T01:22:32.647000;37290f86-9fd9-4721-8675-0168b9a35cf2;420.21;0.01;BUY
2016-02-26T01:22:32.590000;2016-02-26T01:22:32.647000;c5964212-1b8e-4265-ad98-a32f26e437ad;420.22;0.01;BUY
2016-02-26T01:22:32.593000;2016-02-26T01:22:32.693000;0f98458e-b82d-442d-bde8-375c376c7c01;420.23;0.01;BUY
2016-02-26T01:22:32.593000;2016-02-26T01:22:32.693000;115546ae-11f5-4369-b434-7028ac10e1aa;420.24;0.114;BUY
2016-02-26T01:22:32.593000;2016-02-26T01:22:32.693000;1e880d4a-5ad1-4c5a-b6fd-97b199b16f3e;420.26;0.112;BUY
2016-02-26T01:22:32.593000;2016-02-26T01:22:32.693000;30c5211c-0a90-47af-bd59-454f2e8543a3;420.27;0.03;BUY
2016-02-26T01:22:32.593000;2016-02-26T01:22:32.693000;7375fd55-1861-48ff-a1dd-9a08fbb111eb;420.3;0.01;BUY
2016-02-26T01:22:32.593000;2016-02-26T01:22:32.693000;3a4a7525-ad17-43b1-bd89-c2c5d9332c34;420.3;0.01913704;BUY
2016-02-26T01:22:32.593000;2016-02-26T01:22:32.693000;914faea6-d41e-4b38-b503-9868cb87a614;420.31;0.103;BUY
2016-02-26T01:22:32.593000;2016-02-26T01:22:32.693000;2804b67b-4921-44ad-b021-2487c73be139;420.32;0.01;BUY
2016-02-26T01:22:32.593000;2016-02-26T01:22:32.693000;50214474-0168-4b82-a629-77a2c5711024;420.33;0.01;BUY
2016-02-26T01:22:32.593000;2016-02-26T01:22:32.693000;2f8442cd-f43f-43b1-a0b0-32579f1f8934;420.36;0.111;BUY
2016-02-26T01:22:32.593000;2016-02-26T01:22:32.693000;2f31129f-6624-4327-94f4-db1f4c693a5b;420.41;0.093;BUY
2016-02-26T01:22:32.593000;2016-02-26T01:22:32.693000;f0f5b833-4c61-45e0-98ed-93bfdf6e3db1;420.42;0.649;BUY
2016-02-26T01:22:32.593000;2016-02-26T01:22:32.693000;324dadea-3cc2-4a1b-8b1e-efa699e8cadd;420.45;0.01;BUY
2016-02-26T01:22:32.593000;2016-02-26T01:22:32.693000;c9bafe71-69ff-4f54-986e-c966c4c8d960;420.45;0.38;BUY
2016-02-26T01:22:32.593000;2016-02-26T01:22:32.723000;f9d7d2e3-d5e4-4dd1-aa3f-f5234ee540bf;420.46;0.124;BUY
2016-02-26T01:22:32.593000;2016-02-26T01:22:32.723000;6cbf6c9b-8e76-49d3-bebc-cbc9d87e6468;420.46;0.76;BUY
2016-02-26T01:22:32.593000;2016-02-26T01:22:32.723000;6a4b9cc0-f8b4-4244-9266-af6c45a1ff73;420.47;0.643;BUY
2016-02-26T01:22:32.593000;2016-02-26T01:22:32.723000;c5253093-6917-46f1-a6ce-8320c6ba04c2;420.49;2.66;BUY
2016-02-26T01:22:32.597000;2016-02-26T01:22:32.723000;d4889ad9-2660-4dfa-80aa-f7837a6171ff;420.5;0.01913704;BUY
2016-02-26T01:22:32.597000;2016-02-26T01:22:32.723000;1f60ee4b-8868-4141-ba71-2cad198c44fd;420.51;2.27710888;BUY
2016-02-26T01:22:36.887000;2016-02-26T01:22:36.897000;782563a9-cca5-4e74-a879-696d83b33b2d;420.11;0.04;BUY
2016-02-26T01:23:02.770000;2016-02-26T01:23:02.770000;349637d1-725d-4b8d-8fd7-55e60d35a65f;420.11;5.07;SELL
2016-02-26T01:23:02.770000;2016-02-26T01:23:02.787000;0a256da5-e3c9-461f-956a-c4912d988480;420.11;1.275;SELL
2016-02-26T01:23:02.770000;2016-02-26T01:23:02.787000;cd9a93b9-0188-4b07-af67-c848515d0983;420.08;0.01;SELL
2016-02-26T01:23:02.770000;2016-02-26T01:23:02.787000;19ec0848-469b-4a9a-a8cf-3c4f094bc722;420.06;1.26;SELL
2016-02-26T01:23:02.770000;2016-02-26T01:23:02.803000;281c13b1-0ee3-400c-9489-471e8fdca6ee;420.03;0.01;SELL
2016-02-26T01:23:02.770000;2016-02-26T01:23:02.803000;53795665-d358-4900-bfa1-1facdeee031f;420.02;0.38;SELL
2016-02-26T01:23:02.770000;2016-02-26T01:23:02.803000;5a858b7e-cddf-4117-93c6-e21a7e435212;420.01;0.01;SELL
2016-02-26T01:23:02.770000;2016-02-26T01:23:02.863000;2c50b605-4a57-44a1-a7a5-33e6d3a24253;420.01;1.272;SELL
2016-02-26T01:23:02.770000;2016-02-26T01:23:02.863000;cd7519f3-0962-4646-acda-6f012bc85997;420.01;0.37;SELL
2016-02-26T01:23:02.773000;2016-02-26T01:23:02.863000;ff091a7f-1720-4776-9d71-1aed54b7fa67;420.0;0.01913704;SELL
2016-02-26T01:23:02.773000;2016-02-26T01:23:02.863000;07176e7b-eb07-4e8b-a527-bb96dcbcb2c3;419.99;0.01;SELL
2016-02-26T01:23:02.773000;2016-02-26T01:23:02.863000;81e8f146-ae72-49e1-a84c-5c468d759d6e;419.97;0.95;SELL
2016-02-26T01:23:02.773000;2016-02-26T01:23:02.880000;8750a70d-87dc-4115-90b7-ea4a895f3841;419.96;0.01;SELL
2016-02-26T01:23:02.773000;2016-02-26T01:23:02.880000;41643c93-e9d7-40f0-b99e-ab7509c95e6b;419.96;0.98356296;SELL
2016-02-26T01:23:32.490000;2016-02-26T01:23:32.503000;ab6ac41e-8786-4439-92c4-bc7ec8adce5b;420.08;0.25;BUY
2016-02-26T01:23:32.490000;2016-02-26T01:23:32.503000;7439fa6a-3d4e-4ec3-a324-63645ed15dcd;420.08;0.03953;BUY
