time_exchange;time_coinpai;guid;price;base_amount;taker_side
2016-02-26T00:03:12.000000;2016-02-26T00:03:12.000000;846f28fb-ea05-49bc-b3c4-5b7e7c3ab092;424.9;25.18;UNKNOWN
2016-02-26T00:03:12.000000;2016-02-26T00:03:12.000000;37b6ed2e-82c4-4e88-bd54-b45cb2c891dd;424.89;3.82;UNKNOWN
2016-02-26T00:04:17.000000;2016-02-26T00:04:17.000000;f135901e-b33a-4092-ba08-649e2af28817;424.87;0.0348;UNKNOWN
2016-02-26T00:04:44.000000;2016-02-26T00:04:44.000000;e5aebaf3-b450-49f2-95ff-455a59c19029;424.64;0.2;UNKNOWN
2016-02-26T00:04:44.000000;2016-02-26T00:04:44.000000;aea52856-f018-470e-96ae-2de36f4b9606;424.59;7.85;UNKNOWN
2016-02-26T00:04:44.000000;2016-02-26T00:04:44.000000;5fa67241-eca5-4265-a6c5-3de6d36b4be5;424.82;0.19;UNKNOWN
2016-02-26T00:04:44.000000;2016-02-26T00:04:44.000000;ff95955d-1c03-4917-88c6-729ba0d5fb6b;424.57;10.92463542;UNKNOWN
2016-02-26T00:04:44.000000;2016-02-26T00:04:44.000000;e90d2ad9-82ab-4c78-9454-b5647489cdfa;424.87;9.17847;UNKNOWN
2016-02-26T00:04:44.000000;2016-02-26T00:04:44.000000;63efcef8-21ac-47f2-9edb-1d3283e16edd;424.58;4.5;UNKNOWN
2016-02-26T00:04:44.000000;2016-02-26T00:04:44.000000;ded153c7-7789-424a-9669-8567b780baff;424.67;0.2;UNKNOWN
2016-02-26T00:04:44.000000;2016-02-26T00:04:44.000000;82b3a4f7-75e0-476a-91bc-9792fc9910df;424.71;0.75;UNKNOWN
2016-02-26T00:04:44.000000;2016-02-26T00:04:44.000000;4a11946d-c970-4c47-a52a-aa270cd92289;424.81;0.2;UNKNOWN
2016-02-26T00:04:46.000000;2016-02-26T00:04:46.000000;c5d14122-3f80-4777-a0ac-8c890ff6232d;424.8;0.19;UNKNOWN
2016-02-26T00:05:28.000000;2016-02-26T00:05:28.000000;75b4cf97-63d7-4a5e-8e9d-d7d5ce878829;424.8;0.2;UNKNOWN
2016-02-26T00:06:08.000000;2016-02-26T00:06:08.000000;9161ea0f-bedb-42f4-995d-1f1831cd7271;424.75;0.118;UNKNOWN
2016-02-26T00:06:50.000000;2016-02-26T00:06:50.000000;d1f991d0-0533-4cb3-abba-71c841fed64f;424.75;0.02742198;UNKNOWN
2016-02-26T00:08:06.000000;2016-02-26T00:08:06.000000;336b4dee-9568-4c04-8059-ac6afc617a18;424.71;0.192;UNKNOWN
2016-02-26T00:08:49.000000;2016-02-26T00:08:49.000000;69f566c6-c288-4f86-b3d7-3975a3e72e3f;424.71;0.1190365;UNKNOWN
2016-02-26T00:09:13.000000;2016-02-26T00:09:13.000000;d6da3046-14bd-46a4-9b3b-c4c2e7787c5d;424.74;0.1195;UNKNOWN
2016-02-26T00:10:08.000000;2016-02-26T00:10:08.000000;b0d2b454-486f-4415-8219-674a9c4c7183;424.69;0.04664723;UNKNOWN
2016-02-26T00:10:39.000000;2016-02-26T00:10:39.000000;4cff56df-c841-43b5-9d99-fcb93eaa2deb;424.69;0.04595964;UNKNOWN
2016-02-26T00:11:57.000000;2016-02-26T00:11:57.000000;44213b53-5d81-41c3-96ae-620c2dcb21b9;424.69;0.2;UNKNOWN
2016-02-26T00:12:36.000000;2016-02-26T00:12:36.000000;0c827d06-b816-464d-9b8f-fc4ae927718c;424.68;0.61;UNKNOWN
2016-02-26T00:13:06.000000;2016-02-26T00:13:06.000000;82d5c900-5532-4224-8131-01ccd1fbb96e;424.67;0.2;UNKNOWN
2016-02-26T00:13:06.000000;2016-02-26T00:13:06.000000;4b186ab1-aa88-4ade-9b9c-6713dea4554f;424.57;1.07349918;UNKNOWN
2016-02-26T00:14:15.000000;2016-02-26T00:14:15.000000;588f88c3-7e4a-4245-be75-f7c0b36fb845;424.19;0.2;UNKNOWN
2016-02-26T00:14:15.000000;2016-02-26T00:14:15.000000;50b7c910-f71f-401b-8604-883df5679804;424.39;0.2;UNKNOWN
2016-02-26T00:14:15.000000;2016-02-26T00:14:15.000000;ad7c15ab-bb11-47bc-bcf1-e5e3b3f20241;424.57;23.0018654;UNKNOWN
2016-02-26T00:14:15.000000;2016-02-26T00:14:15.000000;8c04c417-5682-4f9f-8062-eb671a858cdd;424.49;0.2;UNKNOWN
2016-02-26T00:14:15.000000;2016-02-26T00:14:15.000000;77c28df1-13ce-4efe-9706-cc45d3b3c8c8;424.2;0.2;UNKNOWN
2016-02-26T00:14:15.000000;2016-02-26T00:14:15.000000;c7f33882-3c65-4865-a709-39b762191bee;424.17;0.0135;UNKNOWN
2016-02-26T00:14:15.000000;2016-02-26T00:14:15.000000;001a7e40-9e86-401e-99b7-3dd1bba146d5;424.41;5.82;UNKNOWN
2016-02-26T00:14:15.000000;2016-02-26T00:14:15.000000;35faaa27-802b-44b6-b1b9-078ea5b0cff3;424.23;1.9;UNKNOWN
2016-02-26T00:14:15.000000;2016-02-26T00:14:15.000000;bb62de24-414e-44f2-bd0a-2665cd2a2b66;424.35;0.2;UNKNOWN
2016-02-26T00:14:15.000000;2016-02-26T00:14:15.000000;04bcf18d-987c-4d69-9846-98b6404f7eee;424.3;0.2;UNKNOWN
2016-02-26T00:14:15.000000;2016-02-26T00:14:15.000000;81b476a9-70f5-4cb1-81bc-37282a5d6ab2;424.16;0.2;UNKNOWN
2016-02-26T00:14:15.000000;2016-02-26T00:14:15.000000;5205f985-9b82-442a-ac2d-3afb74b1e601;424.51;0.2;UNKNOWN
2016-02-26T00:14:15.000000;2016-02-26T00:14:15.000000;e20c97f4-0d46-4a24-8822-86c0b85757eb;424.04;0.2;UNKNOWN
2016-02-26T00:14:15.000000;2016-02-26T00:14:15.000000;33cbb489-bf1f-4be6-a07c-66da3fccf4ed;424.4;1.0;UNKNOWN
2016-02-26T00:14:15.000000;2016-02-26T00:14:15.000000;94586ef8-1207-4952-b712-8d67502622aa;424.04;7.85;UNKNOWN
2016-02-26T00:14:15.000000;2016-02-26T00:14:15.000000;c2781d11-0c30-48b3-a217-858829906977;424.0;7.5946346;UNKNOWN
2016-02-26T00:14:15.000000;2016-02-26T00:14:15.000000;c9d00158-2448-4686-bc23-e747ee62ce32;424.07;0.2;UNKNOWN
2016-02-26T00:14:15.000000;2016-02-26T00:14:15.000000;be60c3f6-5b35-4b04-89b1-a97551c4cd01;424.58;0.62;UNKNOWN
2016-02-26T00:14:15.000000;2016-02-26T00:14:15.000000;f6c1612a-02d1-4431-8943-198e27d2b60c;424.55;0.2;UNKNOWN
2016-02-26T00:14:48.000000;2016-02-26T00:14:48.000000;014a3992-6131-49da-a3a4-661f53dd71e9;424.37;0.07071047;UNKNOWN
2016-02-26T00:14:58.000000;2016-02-26T00:14:58.000000;f9038659-4be3-4d15-b967-07e4d15c7a14;424.16;0.2;UNKNOWN
2016-02-26T00:14:58.000000;2016-02-26T00:14:58.000000;62644159-1280-4a00-8222-d26ab23d7da8;424.25;0.44;UNKNOWN
2016-02-26T00:14:58.000000;2016-02-26T00:14:58.000000;54715fa8-8dca-4632-9e11-9f0834cb2628;424.37;0.11928953;UNKNOWN
2016-02-26T00:14:58.000000;2016-02-26T00:14:58.000000;37134fa4-ac26-4f82-ae93-94e877a44b9c;424.06;0.2;UNKNOWN
2016-02-26T00:14:58.000000;2016-02-26T00:14:58.000000;ad09d61d-648d-4ee3-b255-b589e6d79204;424.01;5.8489;UNKNOWN
2016-02-26T00:14:58.000000;2016-02-26T00:14:58.000000;0c69489b-31c4-49c2-b46a-736657c70497;424.0;8.19181047;UNKNOWN
2016-02-26T00:15:14.000000;2016-02-26T00:15:14.000000;b8a91350-2827-4d5e-aaea-fabfe103f1cf;424.01;0.66;UNKNOWN
2016-02-26T00:15:14.000000;2016-02-26T00:15:14.000000;f6db3253-f227-4560-a483-88d9b5dd06dd;424.01;0.29;UNKNOWN
2016-02-26T00:15:14.000000;2016-02-26T00:15:14.000000;38b12df6-3fdb-4235-ae5c-ed21f63bd3ac;424.0;1.05;UNKNOWN
2016-02-26T00:15:22.000000;2016-02-26T00:15:22.000000;ee051dbc-d564-45ad-8465-c6e7b1ada8b1;424.01;0.01;UNKNOWN
2016-02-26T00:15:59.000000;2016-02-26T00:15:59.000000;47c4bdf7-8123-4a4f-939f-4460fe0380d4;424.0;0.01;UNKNOWN
2016-02-26T00:16:01.000000;2016-02-26T00:16:01.000000;d0deede4-7e64-432f-94c8-276f36bb332e;424.0;0.01;UNKNOWN
2016-02-26T00:16:05.000000;2016-02-26T00:16:05.000000;05a10b32-3acf-47d7-a56a-a0ff06a473ec;424.0;0.01;UNKNOWN
2016-02-26T00:16:07.000000;2016-02-26T00:16:07.000000;6a906c1c-760e-4824-a139-02f5ba2e5a74;424.0;0.01;UNKNOWN
2016-02-26T00:16:09.000000;2016-02-26T00:16:09.000000;932380c3-ab6a-4e41-b1de-ae7bfa2482a7;424.0;0.01;UNKNOWN
2016-02-26T00:16:16.000000;2016-02-26T00:16:16.000000;a776317f-9cac-4962-ae79-8c922117806c;424.0;0.01;UNKNOWN
2016-02-26T00:17:06.000000;2016-02-26T00:17:06.000000;584b0914-5af6-4d79-90e0-ad3a36b9af99;424.02;1.27096297;UNKNOWN
2016-02-26T00:18:04.000000;2016-02-26T00:18:04.000000;777db679-d430-4e78-a182-c9b656ac8177;423.68;7.85;UNKNOWN
2016-02-26T00:18:04.000000;2016-02-26T00:18:04.000000;6a08cb31-0f2c-47c5-98a5-481cd5de2f15;423.68;0.2;UNKNOWN
2016-02-26T00:18:04.000000;2016-02-26T00:18:04.000000;df2b18d7-a8fc-42a5-8a10-9c700d6a8510;423.7;0.02;UNKNOWN
2016-02-26T00:18:04.000000;2016-02-26T00:18:04.000000;2bf0fc0b-b52f-4ca3-b121-a4d5915057e0;423.74;0.2;UNKNOWN
2016-02-26T00:18:04.000000;2016-02-26T00:18:04.000000;9aa6b456-ba34-4e16-9679-5fd64e9569f1;423.61;8.78350474;UNKNOWN
2016-02-26T00:18:04.000000;2016-02-26T00:18:04.000000;9ed8acc0-3336-44ba-9e76-cecda79ff1ff;423.84;0.2;UNKNOWN
2016-02-26T00:18:04.000000;2016-02-26T00:18:04.000000;2b89cf5d-c5b4-4ad9-a6da-267af07d0656;424.0;0.2;UNKNOWN
2016-02-26T00:18:04.000000;2016-02-26T00:18:04.000000;d62b61f4-35c1-4638-a16d-81f760c4927e;423.9;0.2;UNKNOWN
2016-02-26T00:18:04.000000;2016-02-26T00:18:04.000000;141d0671-ae7b-43f8-beb3-d4869bf37c29;423.8;0.02;UNKNOWN
2016-02-26T00:18:04.000000;2016-02-26T00:18:04.000000;5c470f96-7f09-4cb8-886e-1fe460f61085;423.74;0.2;UNKNOWN
2016-02-26T00:18:04.000000;2016-02-26T00:18:04.000000;0b297055-2686-402f-b350-5ee8dcaac272;424.0;1.92649526;UNKNOWN
2016-02-26T00:18:04.000000;2016-02-26T00:18:04.000000;566eed58-bf83-4fdc-8a37-8f7b58b6085f;423.88;0.2;UNKNOWN
2016-02-26T00:18:07.000000;2016-02-26T00:18:07.000000;bad8ce40-25f6-46b4-af29-9b22b4de7636;423.61;3.62;UNKNOWN
2016-02-26T00:18:24.000000;2016-02-26T00:18:24.000000;999f46c8-8248-4aaf-b56e-2a7babe88098;423.75;0.1;UNKNOWN
2016-02-26T00:18:24.000000;2016-02-26T00:18:24.000000;2ed77133-332c-4d42-baa1-b0684a871273;423.61;0.01;UNKNOWN
2016-02-26T00:18:24.000000;2016-02-26T00:18:24.000000;37f39f5e-4ab9-4e48-b831-cbef7fc654c9;423.74;0.5;UNKNOWN
2016-02-26T00:18:28.000000;2016-02-26T00:18:28.000000;a5c89680-5436-40c6-b8e3-35e2eae1d898;423.61;0.23608514;UNKNOWN
2016-02-26T00:18:41.000000;2016-02-26T00:18:41.000000;d54c67f3-4a3d-4beb-8a97-604af342940c;423.69;0.01;UNKNOWN
2016-02-26T00:18:49.000000;2016-02-26T00:18:49.000000;8e00ba47-c678-488c-9866-a4e8af6aec7b;423.61;0.755;UNKNOWN
2016-02-26T00:18:49.000000;2016-02-26T00:18:49.000000;6820dc30-1bd3-4584-9ea2-8c332877172e;423.62;1.4;UNKNOWN
2016-02-26T00:18:57.000000;2016-02-26T00:18:57.000000;cae6e58e-1ece-48f6-a167-732b0a12df1a;423.61;0.01;UNKNOWN
2016-02-26T00:18:57.000000;2016-02-26T00:18:57.000000;097d44ff-c2f7-4719-b254-5f5a4aaee84a;423.3;0.02;UNKNOWN
2016-02-26T00:18:57.000000;2016-02-26T00:18:57.000000;3cc63464-2e17-4dca-b878-560026ef91f8;423.61;30.96101012;UNKNOWN
2016-02-26T00:18:57.000000;2016-02-26T00:18:57.000000;e926a1c8-0d51-408c-bf7c-e34773742f1d;423.41;0.2;UNKNOWN
2016-02-26T00:18:57.000000;2016-02-26T00:18:57.000000;85f830de-4591-4572-8b41-bbfdb7dca5e4;423.61;0.6;UNKNOWN
2016-02-26T00:18:57.000000;2016-02-26T00:18:57.000000;40aa5e92-616b-4531-96d4-26816d3d6725;423.57;0.2;UNKNOWN
2016-02-26T00:18:57.000000;2016-02-26T00:18:57.000000;6681ef99-7718-4158-b9dd-fbb149b636db;423.54;0.2;UNKNOWN
2016-02-26T00:18:57.000000;2016-02-26T00:18:57.000000;1eb9c44b-a97c-448c-9d6a-eec3410686a6;423.51;7.00016117;UNKNOWN
2016-02-26T00:18:57.000000;2016-02-26T00:18:57.000000;43d4df05-540d-48ec-93cc-25a82ba309a6;423.6;0.1;UNKNOWN
2016-02-26T00:18:57.000000;2016-02-26T00:18:57.000000;b625b8d0-0519-4d80-803b-b5d707a84f05;423.41;0.2;UNKNOWN
2016-02-26T00:18:57.000000;2016-02-26T00:18:57.000000;900d4dce-ef1a-4266-bcba-ca860758084a;423.6;0.02;UNKNOWN
2016-02-26T00:18:57.000000;2016-02-26T00:18:57.000000;e2480b7b-1392-4cac-9ade-1ab914da97cf;423.29;0.2;UNKNOWN
2016-02-26T00:18:57.000000;2016-02-26T00:18:57.000000;de78971d-d28a-4bac-ac49-13df98c24967;423.5;0.2;UNKNOWN
2016-02-26T00:18:57.000000;2016-02-26T00:18:57.000000;18bcf188-0575-42fd-9a55-0f276de5962a;423.47;0.2;UNKNOWN
2016-02-26T00:18:57.000000;2016-02-26T00:18:57.000000;683b7dba-9b21-4dbb-a887-6f832fd836f2;423.5;0.02;UNKNOWN
2016-02-26T00:18:57.000000;2016-02-26T00:18:57.000000;e04fc230-019a-4e2b-b6a5-65c041244eaa;423.4;0.02;UNKNOWN
2016-02-26T00:18:57.000000;2016-02-26T00:18:57.000000;5630ee40-ac02-472e-a066-1bf8fd25c95f;423.36;0.2;UNKNOWN
2016-02-26T00:18:57.000000;2016-02-26T00:18:57.000000;cd0d7a5f-e036-4179-85f0-956c7ca0668d;423.24;9.45882871;UNKNOWN
2016-02-26T00:18:57.000000;2016-02-26T00:18:57.000000;01168027-be71-44fc-bfdd-84ccf55fce82;423.27;0.2;UNKNOWN
2016-02-26T00:18:59.000000;2016-02-26T00:18:59.000000;0ea68c0d-0a6f-4845-9ed1-5b65a3f26083;423.53;0.2;UNKNOWN
2016-02-26T00:19:03.000000;2016-02-26T00:19:03.000000;62cbf85c-95af-4d51-b2cb-3f2705f8778c;423.24;0.3;UNKNOWN
2016-02-26T00:19:03.000000;2016-02-26T00:19:03.000000;7e9b834c-ebe5-4509-9620-3fe9b9cf0f1d;423.4;0.2;UNKNOWN
2016-02-26T00:19:04.000000;2016-02-26T00:19:04.000000;e64ad5d1-32ed-4778-82e8-255d5d222816;423.24;20.0;UNKNOWN
2016-02-26T00:19:06.000000;2016-02-26T00:19:06.000000;f17dda49-87a5-4a7b-95dd-f9024b3f21d9;423.24;4.25813;UNKNOWN
2016-02-26T00:19:14.000000;2016-02-26T00:19:14.000000;f2ef8a28-d71c-4ad7-875e-05d702520586;423.24;0.01;UNKNOWN
2016-02-26T00:19:17.000000;2016-02-26T00:19:17.000000;9c47d2c6-484e-4bf8-96ef-9cbd08f69981;423.24;0.01;UNKNOWN
2016-02-26T00:19:20.000000;2016-02-26T00:19:20.000000;1f0b9173-4049-4bb4-8345-2eb582ebd58b;423.24;0.01;UNKNOWN
2016-02-26T00:19:22.000000;2016-02-26T00:19:22.000000;6b7d2ebe-d5e0-40b3-a9da-a1dee5bdabc7;423.27;0.01;UNKNOWN
2016-02-26T00:19:26.000000;2016-02-26T00:19:26.000000;24f31b0f-dcb4-4e1e-81d3-e7a3d63c8b9e;423.27;0.01;UNKNOWN
2016-02-26T00:19:35.000000;2016-02-26T00:19:35.000000;810dfe7e-91a3-4f8a-b9d5-f435a4bf33f9;423.1;0.02;UNKNOWN
2016-02-26T00:19:35.000000;2016-02-26T00:19:35.000000;39093834-ff97-43a0-aff8-7da4d44842a1;423.12;0.2;UNKNOWN
2016-02-26T00:19:35.000000;2016-02-26T00:19:35.000000;148541e6-8e73-46ea-88ee-4f3994f4110d;423.23;0.19;UNKNOWN
2016-02-26T00:19:35.000000;2016-02-26T00:19:35.000000;b3968cc4-13f6-41ad-ab70-e6648e88d000;423.27;7.52824;UNKNOWN
2016-02-26T00:19:35.000000;2016-02-26T00:19:35.000000;2efa5083-c78d-4ae9-8068-4263bebf55c9;423.21;0.2;UNKNOWN
2016-02-26T00:19:35.000000;2016-02-26T00:19:35.000000;f66b2c0f-d0c0-4e49-945f-8634bf2ba22d;423.2;0.02;UNKNOWN
2016-02-26T00:19:35.000000;2016-02-26T00:19:35.000000;5d073e2a-32cd-4646-a2b2-c8c14ecfc173;423.17;0.12;UNKNOWN
2016-02-26T00:19:35.000000;2016-02-26T00:19:35.000000;6a3ceb5a-1a7b-4838-b675-12c38bd86ef1;423.06;0.15;UNKNOWN
2016-02-26T00:19:35.000000;2016-02-26T00:19:35.000000;9c122b38-6f7f-4ca9-b3ff-1d9e150f3d1a;423.0;0.07176;UNKNOWN
2016-02-26T00:19:38.000000;2016-02-26T00:19:38.000000;138fcedc-abe3-4e65-b988-869b3a2b45c0;422.8;0.02;UNKNOWN
2016-02-26T00:19:38.000000;2016-02-26T00:19:38.000000;12b72ae0-cc20-4c98-a228-0ea1c9a50c90;422.91;0.0378;UNKNOWN
2016-02-26T00:19:38.000000;2016-02-26T00:19:38.000000;42f669da-c630-4ba5-92f5-888da5798654;422.78;0.86846;UNKNOWN
2016-02-26T00:19:38.000000;2016-02-26T00:19:38.000000;178f7cdb-36f9-4881-b716-f2e275546002;422.85;0.2;UNKNOWN
2016-02-26T00:19:38.000000;2016-02-26T00:19:38.000000;38486181-45cb-44f2-b1d5-80d3f2ac03c2;422.91;0.2;UNKNOWN
2016-02-26T00:19:38.000000;2016-02-26T00:19:38.000000;f42363f3-9781-44d8-8660-35ebd8aa4d26;422.82;0.2;UNKNOWN
2016-02-26T00:19:38.000000;2016-02-26T00:19:38.000000;5d80e5d2-f41c-486d-910e-aea1b0f74815;422.9;0.02;UNKNOWN
2016-02-26T00:19:38.000000;2016-02-26T00:19:38.000000;fc469c2a-0133-4d0e-b838-462575dd4295;423.0;0.3;UNKNOWN
2016-02-26T00:19:38.000000;2016-02-26T00:19:38.000000;156d7439-c3fc-4ad8-93f2-ffabf65738e2;423.0;0.53374;UNKNOWN
2016-02-26T00:19:38.000000;2016-02-26T00:19:38.000000;d6c64ca9-4782-4eaf-97db-fcd65110fe85;422.98;0.2;UNKNOWN
2016-02-26T00:19:38.000000;2016-02-26T00:19:38.000000;14ae93f1-0212-467b-87db-6ec2261cc7a5;423.0;0.02;UNKNOWN
2016-02-26T00:19:38.000000;2016-02-26T00:19:38.000000;f3c01577-5b99-4cd6-8fb3-d4ca930cb48a;422.94;0.2;UNKNOWN
2016-02-26T00:19:38.000000;2016-02-26T00:19:38.000000;9d1473fc-80fa-4ab6-b907-b5fdbcf26462;422.8;0.2;UNKNOWN
2016-02-26T00:19:41.000000;2016-02-26T00:19:41.000000;83805e4f-2c9e-4f66-aa92-6e647853f988;422.52;0.2;UNKNOWN
2016-02-26T00:19:41.000000;2016-02-26T00:19:41.000000;4b9880ad-721b-41b1-8acf-348422aa9fa5;422.65;0.05310657;UNKNOWN
2016-02-26T00:19:41.000000;2016-02-26T00:19:41.000000;80f73e77-cfed-496d-9ab3-166b15a8946f;422.5;0.02;UNKNOWN
2016-02-26T00:19:41.000000;2016-02-26T00:19:41.000000;0318d07d-ab63-47c4-ba53-915a91ce5536;422.49;0.2;UNKNOWN
2016-02-26T00:19:41.000000;2016-02-26T00:19:41.000000;21ebf4ee-1ede-42e9-9a65-353ae15e95ca;422.61;0.2;UNKNOWN
2016-02-26T00:19:41.000000;2016-02-26T00:19:41.000000;5f352256-75d2-4783-9fd4-5e60f9c99a98;422.6;0.02;UNKNOWN
2016-02-26T00:19:41.000000;2016-02-26T00:19:41.000000;d19787ff-997f-43fc-9023-cd51c56e8d6c;422.47;0.2;UNKNOWN
2016-02-26T00:19:41.000000;2016-02-26T00:19:41.000000;5967239d-1e6d-425c-a937-c9ca35c35a0a;422.56;0.092;UNKNOWN
2016-02-26T00:19:41.000000;2016-02-26T00:19:41.000000;c0838c36-b170-4c25-9300-a17b6f88f2e8;422.5;0.2;UNKNOWN
2016-02-26T00:19:41.000000;2016-02-26T00:19:41.000000;817d89e4-d5f8-474a-aa24-4c7ba13df0bd;422.3;0.02;UNKNOWN
2016-02-26T00:19:41.000000;2016-02-26T00:19:41.000000;6481051f-483b-4a22-a526-34a215bb104e;422.42;0.01;UNKNOWN
2016-02-26T00:19:41.000000;2016-02-26T00:19:41.000000;018bc55c-7ab8-4115-b506-592e21d2a714;422.27;0.2;UNKNOWN
2016-02-26T00:19:41.000000;2016-02-26T00:19:41.000000;fd7c7f93-d6f5-4f66-a840-6e1368b16dec;422.42;4.06241029;UNKNOWN
2016-02-26T00:19:41.000000;2016-02-26T00:19:41.000000;4edac5d5-affa-4a6f-91ae-5eecb1e3cac5;422.42;1.0;UNKNOWN
2016-02-26T00:19:41.000000;2016-02-26T00:19:41.000000;002bfdb0-95f1-4d15-b274-37062b6dd4da;422.41;0.2;UNKNOWN
2016-02-26T00:19:41.000000;2016-02-26T00:19:41.000000;8c033128-ebbb-4ecf-9ea6-961bf12541b1;422.42;2.77758971;UNKNOWN
2016-02-26T00:19:41.000000;2016-02-26T00:19:41.000000;69f8802b-7417-492c-8ed8-b06cac75bda8;422.4;0.02;UNKNOWN
2016-02-26T00:19:41.000000;2016-02-26T00:19:41.000000;4efdb35f-2695-4438-8c1c-88a4ff739e58;422.7;0.02;UNKNOWN
2016-02-26T00:19:41.000000;2016-02-26T00:19:41.000000;8a83c083-6288-4038-8e36-f77d77d8c07b;422.58;0.2;UNKNOWN
2016-02-26T00:19:41.000000;2016-02-26T00:19:41.000000;97d1105c-6ad6-473e-9d6b-0377beebbe88;422.24;5.88241029;UNKNOWN
2016-02-26T00:19:41.000000;2016-02-26T00:19:41.000000;4327ff34-c4d1-45f2-8feb-382472b1c256;422.78;0.2;UNKNOWN
2016-02-26T00:19:41.000000;2016-02-26T00:19:41.000000;0cde3b15-3ba3-4c16-8d3a-bda11c1d249d;422.36;0.2;UNKNOWN
2016-02-26T00:19:41.000000;2016-02-26T00:19:41.000000;c9b1d7f5-030a-4b86-807b-dde87ef2ff75;422.36;0.1;UNKNOWN
2016-02-26T00:19:41.000000;2016-02-26T00:19:41.000000;c8c8e705-4ef0-4579-9752-3f61a7c08a3c;422.56;0.0591;UNKNOWN
2016-02-26T00:19:41.000000;2016-02-26T00:19:41.000000;9356e66f-bab6-4e28-8741-3058d363977c;422.38;0.2;UNKNOWN
2016-02-26T00:19:41.000000;2016-02-26T00:19:41.000000;e2b4a6b5-b504-4b65-9179-2c429b7dc163;422.25;0.2;UNKNOWN
2016-02-26T00:19:41.000000;2016-02-26T00:19:41.000000;a71e95a6-9835-478a-a4eb-94ce059215c0;422.78;1.66154;UNKNOWN
2016-02-26T00:19:41.000000;2016-02-26T00:19:41.000000;26e55294-d91d-4176-80c6-ffb5e8c0e192;422.7;0.2;UNKNOWN
2016-02-26T00:19:41.000000;2016-02-26T00:19:41.000000;d7a51072-5ad4-4317-afb5-27aeaf67e2ca;422.77;0.10736902;UNKNOWN
2016-02-26T00:19:41.000000;2016-02-26T00:19:41.000000;fe38b6cc-e8b4-4e08-a5ef-ffc65b87a223;422.76;0.01447412;UNKNOWN
2016-02-26T00:19:41.000000;2016-02-26T00:19:41.000000;3685a652-68d4-4cb2-a929-174f963dba34;422.31;0.2;UNKNOWN
2016-02-26T00:19:41.000000;2016-02-26T00:19:41.000000;27edf5c2-b22c-48b6-b599-13cb0c2bc133;423.01;0.3;UNKNOWN
2016-02-26T00:19:41.000000;2016-02-26T00:19:41.000000;0247f134-1a7b-46d1-ae27-4b5c3e524ed4;422.73;0.2;UNKNOWN
2016-02-26T00:19:44.000000;2016-02-26T00:19:44.000000;09831cfa-f686-4eb1-b511-562f79b46173;422.87;0.31;UNKNOWN
2016-02-26T00:19:48.000000;2016-02-26T00:19:48.000000;c9cb4aad-930b-4d72-a6fa-f3f87eecdab2;422.23;0.1989437;UNKNOWN
2016-02-26T00:19:48.000000;2016-02-26T00:19:48.000000;7f1fac49-fba4-4ada-b37c-97cce4224657;422.23;0.2;UNKNOWN
2016-02-26T00:19:48.000000;2016-02-26T00:19:48.000000;3cb4ccaa-57cb-4202-966a-b41615a1e391;422.2;0.33491363;UNKNOWN
2016-02-26T00:19:48.000000;2016-02-26T00:19:48.000000;9f007dd3-5ea9-4cba-9c79-fd6d3864e5be;422.3;0.2;UNKNOWN
2016-02-26T00:19:48.000000;2016-02-26T00:19:48.000000;34b2c6d9-0d4f-4385-846d-a2d03635cafa;422.2;0.16508637;UNKNOWN
2016-02-26T00:19:48.000000;2016-02-26T00:19:48.000000;fef0c1c6-cc4b-4812-b77c-82260a8a0747;422.2;1.8;UNKNOWN
2016-02-26T00:19:48.000000;2016-02-26T00:19:48.000000;468b4c01-7e52-4b24-a9c5-9f5f9c1cd12f;422.2;1.83491363;UNKNOWN
2016-02-26T00:19:48.000000;2016-02-26T00:19:48.000000;9ec9c449-179c-4b52-908d-b2cccefbfeef;422.2;0.02;UNKNOWN
2016-02-26T00:19:57.000000;2016-02-26T00:19:57.000000;e1bbf976-a07f-4676-b58f-06ca5c357954;422.25;0.01;UNKNOWN
2016-02-26T00:19:59.000000;2016-02-26T00:19:59.000000;7a884e97-5284-4eef-9d7f-04aa7c9e0a9a;422.25;0.01;UNKNOWN
2016-02-26T00:20:01.000000;2016-02-26T00:20:01.000000;7b2e42d6-b0af-4cd5-bd25-7f60b91faf81;422.25;0.01;UNKNOWN
2016-02-26T00:20:03.000000;2016-02-26T00:20:03.000000;0ecd786c-5ff4-4b61-a985-38cb38608548;422.25;0.01;UNKNOWN
2016-02-26T00:20:06.000000;2016-02-26T00:20:06.000000;c43465b2-2c82-4c05-b668-835b769a4cbe;422.25;0.01;UNKNOWN
2016-02-26T00:20:09.000000;2016-02-26T00:20:09.000000;84366b7f-ce9b-4cda-b1ea-e3f85ebc08c5;422.25;0.01;UNKNOWN
2016-02-26T00:20:09.000000;2016-02-26T00:20:09.000000;01a13b55-a943-4fef-ac7b-fd37a3cb4ad3;422.67;0.01;UNKNOWN
2016-02-26T00:20:59.000000;2016-02-26T00:20:59.000000;6677c658-d09c-41f1-a13a-2ef31f13fd45;422.28;0.01;UNKNOWN
2016-02-26T00:21:02.000000;2016-02-26T00:21:02.000000;d257fcf5-c215-40f9-b9d5-a2259c2380da;422.28;0.01;UNKNOWN
2016-02-26T00:21:05.000000;2016-02-26T00:21:05.000000;09703170-8d68-4672-bca2-8249a0e74cb3;422.36;5.8974;UNKNOWN
2016-02-26T00:21:05.000000;2016-02-26T00:21:05.000000;d47939d7-4349-4df0-b98f-f8f2c8519c2e;422.29;0.00545035;UNKNOWN
2016-02-26T00:21:05.000000;2016-02-26T00:21:05.000000;f5720328-957d-4450-b036-58f6971fd59b;422.29;0.01;UNKNOWN
2016-02-26T00:21:05.000000;2016-02-26T00:21:05.000000;7059a717-9c86-4e90-b7fa-ae94b7fed767;422.37;1.2026;UNKNOWN
2016-02-26T00:21:08.000000;2016-02-26T00:21:08.000000;f2d38d0d-d14b-42b3-8227-6c306b60a796;422.3;0.02363024;UNKNOWN
2016-02-26T00:21:12.000000;2016-02-26T00:21:12.000000;67bb30ac-e914-4ea0-b8f9-437be2496a65;422.43;3.46596423;UNKNOWN
2016-02-26T00:21:12.000000;2016-02-26T00:21:12.000000;5cfac5e5-d8a3-411a-8db5-800bea95323b;422.37;2.26336423;UNKNOWN
2016-02-26T00:21:12.000000;2016-02-26T00:21:12.000000;d2271e10-a6ee-4e10-a355-290fab61b3eb;422.46;1.37067154;UNKNOWN
2016-02-26T00:21:13.000000;2016-02-26T00:21:13.000000;745d0be0-ef80-4610-8335-2df7bddfbead;422.46;0.02659;UNKNOWN
2016-02-26T00:21:15.000000;2016-02-26T00:21:15.000000;bbc71f3f-da56-444b-894b-d41807da83b7;422.46;2.06890292;UNKNOWN
2016-02-26T00:21:15.000000;2016-02-26T00:21:15.000000;e6611ea6-b39c-4227-b2ff-d28c69db3dc6;422.53;1.91407841;UNKNOWN
2016-02-26T00:22:07.000000;2016-02-26T00:22:07.000000;108a98db-2d77-428b-82e3-ba6154163436;422.43;0.26;UNKNOWN
2016-02-26T00:22:07.000000;2016-02-26T00:22:07.000000;f865e3ff-ee3d-43ac-8759-538152c0cbc8;422.42;0.2272239;UNKNOWN
2016-02-26T00:22:25.000000;2016-02-26T00:22:25.000000;1c16599d-100a-47e4-9d96-1b7f8e800d1f;422.71;2.81;UNKNOWN
2016-02-26T00:23:11.000000;2016-02-26T00:23:11.000000;291720fb-1cfc-4121-a18b-5de33ef239dc;423.02;0.19;UNKNOWN
2016-02-26T00:23:11.000000;2016-02-26T00:23:11.000000;8203fbce-588a-46e8-be81-b8a0ab4b7200;423.1;0.2;UNKNOWN
2016-02-26T00:23:11.000000;2016-02-26T00:23:11.000000;7cd379e0-c27d-4eff-aeda-c57795902026;423.14;0.2;UNKNOWN
2016-02-26T00:23:11.000000;2016-02-26T00:23:11.000000;9230e9fb-1908-4132-9a38-67c8c65bb730;423.15;0.41;UNKNOWN
2016-02-26T00:23:11.000000;2016-02-26T00:23:11.000000;e197e7df-8f42-4424-8a51-33e5ece4420b;423.02;0.01;UNKNOWN
2016-02-26T00:23:16.000000;2016-02-26T00:23:16.000000;d85bc325-4dd2-441b-bdf6-42ac8ad658e7;422.71;0.0135;UNKNOWN
2016-02-26T00:23:20.000000;2016-02-26T00:23:20.000000;4a939195-35e6-4071-add6-79ee495977e5;422.71;0.0135;UNKNOWN
2016-02-26T00:23:42.000000;2016-02-26T00:23:42.000000;9d62a5a6-34f8-4664-b688-7e0135c5855b;422.76;0.75854962;UNKNOWN
2016-02-26T00:23:59.000000;2016-02-26T00:23:59.000000;93d41dfe-1450-4b39-9fb8-4e89299ba63f;423.04;1.0;UNKNOWN
2016-02-26T00:24:05.000000;2016-02-26T00:24:05.000000;9872627a-b8a2-406f-b0c6-7813091c99b5;423.01;0.10026035;UNKNOWN
2016-02-26T00:24:05.000000;2016-02-26T00:24:05.000000;cfb7c0e5-c19a-4791-92e0-ffb02f2e878e;422.92;9.81119;UNKNOWN
2016-02-26T00:24:07.000000;2016-02-26T00:24:07.000000;16565a35-bd8b-47f4-baed-2af6c56167ab;422.86;0.2;UNKNOWN
2016-02-26T00:24:08.000000;2016-02-26T00:24:08.000000;5a14fa3c-36e2-45f6-b966-d04bb3efad25;422.86;0.2;UNKNOWN
2016-02-26T00:24:30.000000;2016-02-26T00:24:30.000000;f6abb32b-beef-4f11-b805-40d1da9637a8;422.87;0.2;UNKNOWN
2016-02-26T00:24:31.000000;2016-02-26T00:24:31.000000;29ac98c0-b01d-4637-9cec-af5298d8f80d;423.18;0.2;UNKNOWN
2016-02-26T00:24:35.000000;2016-02-26T00:24:35.000000;b141123a-78a1-4552-be55-c08bf0733bd4;423.18;0.8;UNKNOWN
2016-02-26T00:24:50.000000;2016-02-26T00:24:50.000000;da9a2cd3-9c88-4dd1-bec9-4a402d984279;423.04;0.0135;UNKNOWN
2016-02-26T00:24:51.000000;2016-02-26T00:24:51.000000;65511faf-11fc-4389-9b14-f6adfb4984bb;423.05;1.0;UNKNOWN
2016-02-26T00:25:12.000000;2016-02-26T00:25:12.000000;92b96637-29a0-49ff-a46c-6e8ede545b6e;422.91;0.2;UNKNOWN
2016-02-26T00:25:12.000000;2016-02-26T00:25:12.000000;35961f83-004b-4c98-b054-1b089792ab06;422.91;0.2;UNKNOWN
2016-02-26T00:25:21.000000;2016-02-26T00:25:21.000000;ac96236e-6c98-469f-af13-a6cd0c6a26ac;422.95;0.2;UNKNOWN
2016-02-26T00:25:21.000000;2016-02-26T00:25:21.000000;81258ab4-052f-45ec-895e-1de8a6ecb7b4;423.02;0.2;UNKNOWN
2016-02-26T00:25:26.000000;2016-02-26T00:25:26.000000;68ea3314-eea2-4297-be8b-e289287404db;423.04;2.81;UNKNOWN
2016-02-26T00:25:27.000000;2016-02-26T00:25:27.000000;6d5dab38-9e94-489a-994d-0ce18ea752f0;423.04;1.0;UNKNOWN
2016-02-26T00:25:39.000000;2016-02-26T00:25:39.000000;9e6e7691-78e6-4f5a-957e-b8519332832e;423.02;1.0;UNKNOWN
2016-02-26T00:25:44.000000;2016-02-26T00:25:44.000000;29f28a19-0f2c-45e8-b3b7-85bf19b9672c;423.02;1.0;UNKNOWN
2016-02-26T00:26:11.000000;2016-02-26T00:26:11.000000;0b90a692-3efd-4c59-b53f-9e6e477064ed;422.95;1.0;UNKNOWN
2016-02-26T00:26:26.000000;2016-02-26T00:26:26.000000;80f35af7-b1cf-4f4d-9584-394603bfb102;422.92;0.2;UNKNOWN
2016-02-26T00:26:26.000000;2016-02-26T00:26:26.000000;2aa2104d-99fc-4c11-b8e0-a82f0c32030b;422.92;0.763;UNKNOWN
2016-02-26T00:26:26.000000;2016-02-26T00:26:26.000000;bc6d1834-9ad9-4e75-9840-adcfdb8991ec;422.92;0.037;UNKNOWN
2016-02-26T00:26:38.000000;2016-02-26T00:26:38.000000;7e1f6536-2b9e-4d2d-9491-db1ae6af7cae;422.92;1.0;UNKNOWN
2016-02-26T00:26:54.000000;2016-02-26T00:26:54.000000;3140bc06-7532-4ed4-9bff-622abf3cbb30;422.91;0.0551;UNKNOWN
2016-02-26T00:26:54.000000;2016-02-26T00:26:54.000000;70f28c6e-8fe6-41ae-9ad5-c049c1138ac7;422.72;7.4449;UNKNOWN
2016-02-26T00:27:02.000000;2016-02-26T00:27:02.000000;99d8c4f0-1a31-4c11-9eda-43ec3a96e5af;422.9;1.0;UNKNOWN
2016-02-26T00:27:21.000000;2016-02-26T00:27:21.000000;eef8d040-81b0-482a-a04a-9436eb4ac6f8;422.9;0.2;UNKNOWN
2016-02-26T00:27:26.000000;2016-02-26T00:27:26.000000;d1df995b-ba57-475b-adcc-d7cca1374ef1;422.9;0.2;UNKNOWN
2016-02-26T00:27:31.000000;2016-02-26T00:27:31.000000;62b0baae-d55a-4ba3-b059-2439108f3a7e;422.9;0.2;UNKNOWN
2016-02-26T00:27:39.000000;2016-02-26T00:27:39.000000;049282f1-98cb-473e-8ae4-c08b286da61a;422.9;0.2;UNKNOWN
2016-02-26T00:28:09.000000;2016-02-26T00:28:09.000000;e4205767-a5c5-4885-ba9f-337730c5d291;422.9;0.1;UNKNOWN
2016-02-26T00:28:18.000000;2016-02-26T00:28:18.000000;9600b8a5-436e-4989-ba88-75782df0bfab;422.88;0.04740935;UNKNOWN
2016-02-26T00:28:20.000000;2016-02-26T00:28:20.000000;82b3146b-154a-40c2-8509-a35b21bf3db9;422.9;5.8347;UNKNOWN
2016-02-26T00:28:21.000000;2016-02-26T00:28:21.000000;fb7088ea-2959-4bdb-8275-0f9c9dd5fbce;422.9;0.04;UNKNOWN
2016-02-26T00:28:48.000000;2016-02-26T00:28:48.000000;2fdaefbe-0195-45f6-9034-8317fc72c144;422.9;0.8668722;UNKNOWN
2016-02-26T00:29:15.000000;2016-02-26T00:29:15.000000;e5dcafd1-326f-40ba-9d4d-751b9eb4dc30;422.95;0.02;UNKNOWN
2016-02-26T00:29:25.000000;2016-02-26T00:29:25.000000;736bcec0-c96d-4d79-b99f-134cafa23b09;422.95;0.01;UNKNOWN
2016-02-26T00:31:30.000000;2016-02-26T00:31:30.000000;d1fded64-4648-4866-84cc-10e8ebb67001;422.94;2.0;UNKNOWN
2016-02-26T00:33:05.000000;2016-02-26T00:33:05.000000;95693228-9105-4934-86a6-361fb5b3a1d3;422.86;0.17319789;UNKNOWN
2016-02-26T00:33:40.000000;2016-02-26T00:33:40.000000;166b9838-91d0-4b81-841f-1e123f9ba60e;422.92;5.0;UNKNOWN
2016-02-26T00:33:51.000000;2016-02-26T00:33:51.000000;e1b106e3-35ab-4e48-aac7-5b0dbdcfc1ac;422.91;3.0;UNKNOWN
2016-02-26T00:33:55.000000;2016-02-26T00:33:55.000000;415f2a59-4300-40d6-8065-cc63cb26e319;422.9;0.10532228;UNKNOWN
2016-02-26T00:34:06.000000;2016-02-26T00:34:06.000000;8bdb9fa9-5130-4076-b1f8-3c5ab75a9d08;422.95;2.09060545;UNKNOWN
2016-02-26T00:35:43.000000;2016-02-26T00:35:43.000000;584cd469-d193-472a-b6e7-4ae9c7635d10;422.85;0.0551;UNKNOWN
2016-02-26T00:36:02.000000;2016-02-26T00:36:02.000000;09500fe4-379e-4a2f-ab4f-63eb6f86976c;422.74;0.0551;UNKNOWN
2016-02-26T00:36:40.000000;2016-02-26T00:36:40.000000;1a7824dc-8505-4e2f-8fc2-26960006a788;422.56;0.0815;UNKNOWN
2016-02-26T00:36:40.000000;2016-02-26T00:36:40.000000;a0fdb291-9863-4020-9e19-f44fdb1aa281;422.39;9.5677;UNKNOWN
2016-02-26T00:36:40.000000;2016-02-26T00:36:40.000000;87543e9e-f7df-4eb9-99a5-fbc4d5a0e857;422.56;0.1207;UNKNOWN
2016-02-26T00:36:40.000000;2016-02-26T00:36:40.000000;36a583c2-d3c4-4a5a-b7c9-8ba21b5ed8b2;422.39;5.8901;UNKNOWN
2016-02-26T00:36:40.000000;2016-02-26T00:36:40.000000;52675b61-48dc-419b-b113-2a4f0b678960;422.57;0.32;UNKNOWN
2016-02-26T00:36:40.000000;2016-02-26T00:36:40.000000;357c0e8f-5ead-4468-a4f3-0d7f1f8a83d3;422.4;0.02;UNKNOWN
2016-02-26T00:37:09.000000;2016-02-26T00:37:09.000000;ac411fc9-8e9d-43c0-96dc-043ae8a257b5;422.36;0.02342578;UNKNOWN
2016-02-26T00:37:16.000000;2016-02-26T00:37:16.000000;cd7302e8-31f5-49fb-8c9a-044297c5a0b4;422.28;0.06;UNKNOWN
2016-02-26T00:37:16.000000;2016-02-26T00:37:16.000000;4b4073bb-c989-477f-8add-3b62353689c1;422.36;0.17657422;UNKNOWN
2016-02-26T00:37:16.000000;2016-02-26T00:37:16.000000;459b8f6b-377b-4646-9d7f-e9aa0bd48236;422.35;0.2;UNKNOWN
2016-02-26T00:37:16.000000;2016-02-26T00:37:16.000000;ff00913f-38c9-4356-a7ef-86ad833a989e;422.36;0.26;UNKNOWN
2016-02-26T00:37:16.000000;2016-02-26T00:37:16.000000;3904b1f4-cf9b-4a5a-a7a5-4e8d09774208;422.28;4.30332578;UNKNOWN
2016-02-26T00:37:53.000000;2016-02-26T00:37:53.000000;e168fa37-3105-47f0-bc11-c2be32384d82;422.42;0.179;UNKNOWN
2016-02-26T00:39:05.000000;2016-02-26T00:39:05.000000;f954820b-2a0e-4f2a-8b57-3f6f57426f06;422.57;0.04181654;UNKNOWN
2016-02-26T00:39:08.000000;2016-02-26T00:39:08.000000;29c73d7d-747e-470e-8ad1-4ab1509f4041;422.49;0.18506371;UNKNOWN
2016-02-26T00:40:47.000000;2016-02-26T00:40:47.000000;65d67671-4793-454b-81cf-7534d1568340;422.51;0.2;UNKNOWN
2016-02-26T00:40:47.000000;2016-02-26T00:40:47.000000;d7fcbc43-1ba0-4dfa-8bd7-c5220b651848;422.57;0.247;UNKNOWN
2016-02-26T00:40:47.000000;2016-02-26T00:40:47.000000;ce15f1e3-1ad7-4b94-b426-418b93c25ad7;422.58;0.20263595;UNKNOWN
2016-02-26T00:42:38.000000;2016-02-26T00:42:38.000000;95529ad1-b543-465d-a79d-1ceec98af32a;422.57;2.155;UNKNOWN
2016-02-26T00:42:58.000000;2016-02-26T00:42:58.000000;ce20048c-4829-4749-8b40-04b0f6174742;422.49;0.13028624;UNKNOWN
2016-02-26T00:43:05.000000;2016-02-26T00:43:05.000000;b35f803b-3ee9-4342-99ba-cf631df92013;422.55;0.2;UNKNOWN
2016-02-26T00:43:05.000000;2016-02-26T00:43:05.000000;af302898-1932-417b-8317-b919a7ed973a;422.58;0.14847115;UNKNOWN
2016-02-26T00:44:03.000000;2016-02-26T00:44:03.000000;55fbac52-4b3a-4f3a-8054-d9063de79e86;422.5;0.05;UNKNOWN
2016-02-26T00:44:03.000000;2016-02-26T00:44:03.000000;880ee0a0-de26-493d-92d5-fba736989fb9;422.29;2.6926;UNKNOWN
2016-02-26T00:44:03.000000;2016-02-26T00:44:03.000000;3e7534ef-dbff-49f7-a75e-f04256d147b8;422.48;0.0551;UNKNOWN
2016-02-26T00:44:03.000000;2016-02-26T00:44:03.000000;856b538c-df8f-49be-943b-c2667c33edbc;422.48;0.1208;UNKNOWN
2016-02-26T00:44:03.000000;2016-02-26T00:44:03.000000;02313a50-a2b1-4d2a-b1ec-3a3f2eb3f05b;422.48;0.0815;UNKNOWN
2016-02-26T00:44:05.000000;2016-02-26T00:44:05.000000;f16f1438-5cc5-41e3-9aa0-3cadacf114f7;422.27;0.36735695;UNKNOWN
2016-02-26T00:44:27.000000;2016-02-26T00:44:27.000000;01ce4eea-9635-497a-baf2-9b450c31bbf9;422.43;4.49;UNKNOWN
2016-02-26T00:44:27.000000;2016-02-26T00:44:27.000000;c58adeea-1992-4ebe-b895-f29231faf54e;422.44;5.51;UNKNOWN
2016-02-26T00:45:18.000000;2016-02-26T00:45:18.000000;5bb6a5e0-11e3-44e2-bef2-da8432a2c159;422.1;0.02;UNKNOWN
2016-02-26T00:45:18.000000;2016-02-26T00:45:18.000000;600051ac-fad6-4dac-8f48-e49030d2e52e;422.09;7.44101485;UNKNOWN
2016-02-26T00:45:18.000000;2016-02-26T00:45:18.000000;cffe719d-8383-4a16-9ffc-c7034b4ed8d0;422.28;5.9109;UNKNOWN
2016-02-26T00:45:18.000000;2016-02-26T00:45:18.000000;474de921-f0b1-40c8-bc7c-020686326f4a;422.27;0.63264305;UNKNOWN
2016-02-26T00:45:18.000000;2016-02-26T00:45:18.000000;cb6b1d49-a84a-41e0-89d6-8e2ef4e1a994;422.16;0.2;UNKNOWN
2016-02-26T00:45:18.000000;2016-02-26T00:45:18.000000;07114d82-e410-4783-9ce8-d4bfc1558c0b;422.25;0.2;UNKNOWN
2016-02-26T00:45:24.000000;2016-02-26T00:45:24.000000;13d8422c-9ad3-4939-894a-5a579ab09c10;422.06;0.15;UNKNOWN
2016-02-26T00:45:24.000000;2016-02-26T00:45:24.000000;25790a5d-8325-40ab-95ca-bb06dbff7427;422.07;0.2;UNKNOWN
2016-02-26T00:45:24.000000;2016-02-26T00:45:24.000000;5c219b11-3941-48a9-8529-bf379d70ed1c;422.05;0.15;UNKNOWN
2016-02-26T00:46:38.000000;2016-02-26T00:46:38.000000;841f603c-44a9-44e9-83d8-a701d1dbf5f6;422.09;3.0;UNKNOWN
2016-02-26T00:46:40.000000;2016-02-26T00:46:40.000000;5d2424c5-2a02-4327-b892-428eca555617;422.34;0.378;UNKNOWN
2016-02-26T00:46:40.000000;2016-02-26T00:46:40.000000;588d675e-ab78-4ef2-bf4f-631d450e1d84;422.43;0.2;UNKNOWN
2016-02-26T00:46:40.000000;2016-02-26T00:46:40.000000;8e786914-acbb-4be1-ad60-cdfe18b7cbb9;422.45;0.12784276;UNKNOWN
2016-02-26T00:46:40.000000;2016-02-26T00:46:40.000000;5fbfc53a-596e-4788-9e67-16d88a567f98;422.53;0.29415724;UNKNOWN
2016-02-26T00:47:30.000000;2016-02-26T00:47:30.000000;b30a2ed3-478e-495c-b7ab-c1228803a578;422.42;1.0;UNKNOWN
2016-02-26T00:47:45.000000;2016-02-26T00:47:45.000000;c0a33d72-4569-4b34-9d66-b081b356982c;422.54;1.52690047;UNKNOWN
2016-02-26T00:47:45.000000;2016-02-26T00:47:45.000000;97d37a2a-7f76-4ab5-953d-dca9d1495d34;422.52;0.2;UNKNOWN
2016-02-26T00:47:48.000000;2016-02-26T00:47:48.000000;46adf8e2-845d-4f7d-9784-45d4fcd09f55;422.54;1.0;UNKNOWN
2016-02-26T00:47:51.000000;2016-02-26T00:47:51.000000;ca09fc53-62dd-4265-bb94-f366ffe88dd9;422.53;1.0;UNKNOWN
2016-02-26T00:47:53.000000;2016-02-26T00:47:53.000000;06a75ee2-b99b-4802-be09-b293c2dedf82;422.49;1.0;UNKNOWN
2016-02-26T00:47:56.000000;2016-02-26T00:47:56.000000;5ace3177-ca81-467b-a8e7-330586ed2630;422.49;1.0;UNKNOWN
2016-02-26T00:47:58.000000;2016-02-26T00:47:58.000000;29ee42b6-eae6-4f7b-a54f-da6b4fac3703;422.47;1.0;UNKNOWN
2016-02-26T00:48:00.000000;2016-02-26T00:48:00.000000;6794fdfa-b697-4bba-9a98-38edb71d3f86;422.47;1.0;UNKNOWN
2016-02-26T00:48:02.000000;2016-02-26T00:48:02.000000;a9df8ef2-a9f8-46a2-8d05-24646c067806;422.47;1.0;UNKNOWN
2016-02-26T00:48:04.000000;2016-02-26T00:48:04.000000;c60cf705-9171-4f5d-a7d9-97c2fdafc5ef;422.47;1.0;UNKNOWN
2016-02-26T00:48:06.000000;2016-02-26T00:48:06.000000;c9a6cddc-c8fa-45cd-a067-c0243b18f01d;422.47;0.7;UNKNOWN
2016-02-26T00:48:06.000000;2016-02-26T00:48:06.000000;c83a5c5f-2655-4ed8-a06d-5fa35b656326;422.47;1.0;UNKNOWN
2016-02-26T00:49:06.000000;2016-02-26T00:49:06.000000;1d393498-3677-41ed-b8d4-64208588c2f7;422.58;0.1;UNKNOWN
2016-02-26T00:50:13.000000;2016-02-26T00:50:13.000000;5cb784e3-bbff-4a8e-a8bc-427432039556;422.39;0.14179576;UNKNOWN
2016-02-26T00:51:02.000000;2016-02-26T00:51:02.000000;57f37219-5a26-4652-a7ea-7f85f8e9cadc;422.73;3.0;UNKNOWN
2016-02-26T00:51:17.000000;2016-02-26T00:51:17.000000;ba010014-8bbc-49e0-b781-081e2c8f14c4;422.64;2.32;UNKNOWN
2016-02-26T00:51:34.000000;2016-02-26T00:51:34.000000;ec2f14d8-af7f-4fd8-b7d2-e6e26b018000;422.75;2.8;UNKNOWN
2016-02-26T00:51:34.000000;2016-02-26T00:51:34.000000;8d21711f-2ca1-43ad-aa2f-70df63f001d3;422.64;0.2;UNKNOWN
2016-02-26T00:51:53.000000;2016-02-26T00:51:53.000000;e0e9c68e-c68e-42fe-ae79-ef3a41c4830b;422.75;3.2263;UNKNOWN
2016-02-26T00:53:28.000000;2016-02-26T00:53:28.000000;51cf9e9b-a694-4391-aa7c-65c005311bba;422.74;0.03078254;UNKNOWN
2016-02-26T00:54:18.000000;2016-02-26T00:54:18.000000;471f09ea-2b4a-4c6f-beab-dd0edb97382f;422.74;0.09718807;UNKNOWN
2016-02-26T00:54:18.000000;2016-02-26T00:54:18.000000;376db524-e934-4aad-80ef-503cd6361800;422.67;0.61791405;UNKNOWN
2016-02-26T00:54:39.000000;2016-02-26T00:54:39.000000;0441ee3a-34b4-4d20-813f-5f1471218b98;422.67;0.03551831;UNKNOWN
2016-02-26T00:54:42.000000;2016-02-26T00:54:42.000000;6ae75ccf-891f-4bd5-ba53-a2f89a63750f;422.67;3.34656764;UNKNOWN
2016-02-26T00:54:59.000000;2016-02-26T00:54:59.000000;4c51ee6a-bb69-4472-a931-272bc7b085d4;422.48;0.0970834;UNKNOWN
2016-02-26T00:55:11.000000;2016-02-26T00:55:11.000000;ab2e225b-762a-48c7-bdd1-7831781aec0a;422.47;3.45293001;UNKNOWN
2016-02-26T00:55:11.000000;2016-02-26T00:55:11.000000;8dd43bd4-9e4f-4bf7-8bf1-cce45e587410;422.48;5.7570166;UNKNOWN
2016-02-26T00:55:38.000000;2016-02-26T00:55:38.000000;d8372d63-2ae6-48e3-b729-412e9555f1e2;422.48;0.12135425;UNKNOWN
2016-02-26T00:57:18.000000;2016-02-26T00:57:18.000000;32416db8-f22d-4be1-943b-0a58b8d4dd53;422.19;0.70612376;UNKNOWN
2016-02-26T00:58:22.000000;2016-02-26T00:58:22.000000;1f580ddd-550d-4339-86af-992131f2e0c8;422.28;0.3;UNKNOWN
2016-02-26T01:00:58.000000;2016-02-26T01:00:58.000000;90b5cdf6-160c-4dd2-8650-00986b9a9a41;422.13;0.70599099;UNKNOWN
2016-02-26T01:02:28.000000;2016-02-26T01:02:28.000000;4b62bd70-087b-49ac-9512-df934fec11d4;422.17;0.70614038;UNKNOWN
2016-02-26T01:03:54.000000;2016-02-26T01:03:54.000000;3f9c29b1-7490-4219-87f7-0f17669a5b59;422.29;0.585;UNKNOWN
2016-02-26T01:03:54.000000;2016-02-26T01:03:54.000000;7bd1fa29-92ba-4e85-b5a8-91afc041ce90;422.2;4.0;UNKNOWN
2016-02-26T01:03:54.000000;2016-02-26T01:03:54.000000;1d251963-83f8-4f97-b7c2-19f493ea2ebd;422.2;0.415;UNKNOWN
2016-02-26T01:04:48.000000;2016-02-26T01:04:48.000000;504aef22-e776-404c-bfad-2baa5a981059;422.29;0.118708;UNKNOWN
2016-02-26T01:04:55.000000;2016-02-26T01:04:55.000000;fb3457a4-b6ee-46ec-ba9b-194c5b94961b;422.3;4.0;UNKNOWN
2016-02-26T01:05:04.000000;2016-02-26T01:05:04.000000;e78b5163-cb36-4ed7-be48-1c361b50281c;422.67;0.07757371;UNKNOWN
2016-02-26T01:05:04.000000;2016-02-26T01:05:04.000000;5b91ee36-3658-4f42-94ec-540c1518f6ec;422.6;0.03551831;UNKNOWN
2016-02-26T01:05:04.000000;2016-02-26T01:05:04.000000;2999b118-0c55-4210-a202-053e48e29035;422.69;0.2;UNKNOWN
2016-02-26T01:05:04.000000;2016-02-26T01:05:04.000000;9983fc5d-8dd0-4ca0-be34-2fa508d18e8a;422.68;0.2;UNKNOWN
2016-02-26T01:05:04.000000;2016-02-26T01:05:04.000000;fc94861e-30fc-4916-8adb-36d959d4875d;422.39;0.2;UNKNOWN
2016-02-26T01:05:04.000000;2016-02-26T01:05:04.000000;c2cdc15e-76ec-497c-8349-88a70addc85f;422.68;0.2;UNKNOWN
2016-02-26T01:05:04.000000;2016-02-26T01:05:04.000000;3d57ec5f-c504-4944-82fa-d4b66eaf4e91;422.54;0.2;UNKNOWN
2016-02-26T01:05:04.000000;2016-02-26T01:05:04.000000;acd4a9b2-4f14-42b4-82f9-4bea02d40e2a;422.58;0.2;UNKNOWN
2016-02-26T01:05:07.000000;2016-02-26T01:05:07.000000;5907075d-02a6-47f2-baf0-72950bea3246;422.55;0.2;UNKNOWN
2016-02-26T01:05:08.000000;2016-02-26T01:05:08.000000;fe947fa7-4bbe-4bc7-a10f-a7fff62ff599;422.55;0.2;UNKNOWN
2016-02-26T01:06:07.000000;2016-02-26T01:06:07.000000;0b6930fd-7df8-4e73-b823-9cfd83a2bc9c;422.62;5.08743156;UNKNOWN
2016-02-26T01:06:07.000000;2016-02-26T01:06:07.000000;12dbad7f-e0c0-48cb-8d11-33378a84f471;422.63;5.8525;UNKNOWN
2016-02-26T01:06:09.000000;2016-02-26T01:06:09.000000;fbbf2f7c-2503-4aa5-878a-caaf2c0a0a2d;422.62;0.07979347;UNKNOWN
2016-02-26T01:07:08.000000;2016-02-26T01:07:08.000000;8521de34-8d62-4922-a7ad-b53056bce99d;422.67;1.17269038;UNKNOWN
2016-02-26T01:08:02.000000;2016-02-26T01:08:02.000000;777ebe5d-6c54-4050-a137-6e335801a571;422.68;5.0;UNKNOWN
2016-02-26T01:09:05.000000;2016-02-26T01:09:05.000000;cd2e59ec-62e7-44bc-a93f-53591a001cb5;422.65;3.0;UNKNOWN
2016-02-26T01:10:28.000000;2016-02-26T01:10:28.000000;595b03dd-63a2-4838-81fb-ec7f583e24ec;422.64;0.05925046;UNKNOWN
2016-02-26T01:11:23.000000;2016-02-26T01:11:23.000000;e4ef7c69-f566-441d-a9de-0d29fcb3f536;422.74;0.242615;UNKNOWN
2016-02-26T01:11:23.000000;2016-02-26T01:11:23.000000;0438568c-c8f5-46e6-a9c5-73923739f560;422.74;0.057385;UNKNOWN
2016-02-26T01:11:56.000000;2016-02-26T01:11:56.000000;0633356a-ca6a-4fad-a3f9-532fe3c5a60f;422.72;0.3;UNKNOWN
2016-02-26T01:12:08.000000;2016-02-26T01:12:08.000000;2982e36d-8318-46db-9297-13e783db16b5;422.63;0.05869233;UNKNOWN
2016-02-26T01:12:20.000000;2016-02-26T01:12:20.000000;8342c21f-f5d7-4a9c-a441-7bd675727ced;422.56;0.0684024;UNKNOWN
2016-02-26T01:13:19.000000;2016-02-26T01:13:19.000000;b885d650-cbbd-4481-a345-4c968dcaf727;422.48;0.08298011;UNKNOWN
2016-02-26T01:14:06.000000;2016-02-26T01:14:06.000000;dff794cf-4da9-422f-aae4-7f3a0e0eacd5;422.29;0.19088741;UNKNOWN
2016-02-26T01:15:08.000000;2016-02-26T01:15:08.000000;f260ebf9-ab64-434a-9ac2-63d5088ffd1e;422.24;0.11848127;UNKNOWN
2016-02-26T01:15:56.000000;2016-02-26T01:15:56.000000;bd21979f-6637-4e4c-ae41-0c99c30a9290;422.27;0.1494;UNKNOWN
2016-02-26T01:16:25.000000;2016-02-26T01:16:25.000000;18f71c25-a0a8-4aa5-9977-0f9674029d89;422.59;0.1;UNKNOWN
2016-02-26T01:16:44.000000;2016-02-26T01:16:44.000000;ed749d3c-2810-48a5-b1b4-0622e01052b2;422.54;3.0;UNKNOWN
2016-02-26T01:16:44.000000;2016-02-26T01:16:44.000000;97057c10-a102-4af8-bb90-51a93f92de5b;422.55;4.14;UNKNOWN
2016-02-26T01:16:46.000000;2016-02-26T01:16:46.000000;a63f5ad8-2bfd-4ac9-aac5-7604410e0b46;422.4;10.0;UNKNOWN
2016-02-26T01:17:11.000000;2016-02-26T01:17:11.000000;39577f14-343b-4d90-b316-56cbea771e13;422.4;0.2;UNKNOWN
2016-02-26T01:17:19.000000;2016-02-26T01:17:19.000000;a3fb2317-ce20-4a1f-9256-d4a5ba501e46;422.4;0.0963;UNKNOWN
2016-02-26T01:17:19.000000;2016-02-26T01:17:19.000000;42b0bf92-b93d-4ba9-bb07-99a4cc3e5c3d;422.35;0.37783836;UNKNOWN
2016-02-26T01:17:21.000000;2016-02-26T01:17:21.000000;b166b5f9-c135-416b-b926-f7618488d9e5;422.35;0.65;UNKNOWN
2016-02-26T01:18:01.000000;2016-02-26T01:18:01.000000;d923aaf9-4feb-4402-abd8-720005933029;421.96;0.0576;UNKNOWN
2016-02-26T01:18:01.000000;2016-02-26T01:18:01.000000;17aaed6b-e987-446e-b3e0-d4e575521ff2;422.0;0.2447;UNKNOWN
2016-02-26T01:18:01.000000;2016-02-26T01:18:01.000000;05f37e9d-f9c4-4f5b-be7b-a9276080f29c;421.96;0.0847;UNKNOWN
2016-02-26T01:18:01.000000;2016-02-26T01:18:01.000000;aba503a2-863f-4e3d-a08e-c23e9f9b6097;422.35;3.37216164;UNKNOWN
2016-02-26T01:18:01.000000;2016-02-26T01:18:01.000000;0b0e1190-c3a7-44c7-ba75-d7843081d198;422.05;0.2;UNKNOWN
2016-02-26T01:18:01.000000;2016-02-26T01:18:01.000000;79a16563-070f-4ded-bd63-7e4bb961a616;421.8;8.0228;UNKNOWN
2016-02-26T01:18:01.000000;2016-02-26T01:18:01.000000;e1554b0b-b38f-425e-a779-39a9b37e97d2;422.2;0.2;UNKNOWN
2016-02-26T01:18:01.000000;2016-02-26T01:18:01.000000;7cc7d858-3d8e-498d-a1f8-08a720268e23;422.0;1.3133;UNKNOWN
2016-02-26T01:18:01.000000;2016-02-26T01:18:01.000000;0a6c3f41-475f-42a6-9fe5-4dc7568b0ddb;422.0;0.02;UNKNOWN
2016-02-26T01:18:01.000000;2016-02-26T01:18:01.000000;2133334c-1314-4946-9c42-f9ffb37670ff;422.0;30.0;UNKNOWN
2016-02-26T01:18:01.000000;2016-02-26T01:18:01.000000;f0f8cf0c-172b-4b5d-bc49-0eeb8623b954;421.9;0.02;UNKNOWN
2016-02-26T01:18:01.000000;2016-02-26T01:18:01.000000;76995b15-f6b6-43aa-bf2d-c2faf3c97c71;421.86;0.1833;UNKNOWN
2016-02-26T01:18:01.000000;2016-02-26T01:18:01.000000;63ab42d5-3a76-4ee5-ab3c-de53114b380a;421.96;0.1246;UNKNOWN
2016-02-26T01:18:01.000000;2016-02-26T01:18:01.000000;e6fd8ce2-1001-47e5-a05a-ee867c790a20;421.8;0.02;UNKNOWN
2016-02-26T01:18:01.000000;2016-02-26T01:18:01.000000;e3d65c1d-f09e-48a7-b970-c9cadf2f9844;421.92;14.6359;UNKNOWN
2016-02-26T01:18:01.000000;2016-02-26T01:18:01.000000;8400f400-4c3f-47c5-9b28-178b3ad26004;421.9;0.2;UNKNOWN
2016-02-26T01:18:01.000000;2016-02-26T01:18:01.000000;f89c35d7-49d7-499c-92f6-913f1539915c;422.05;0.2;UNKNOWN
2016-02-26T01:18:09.000000;2016-02-26T01:18:09.000000;f384dc4c-df7f-488a-ad42-18f99f87d455;421.46;0.24207271;UNKNOWN
2016-02-26T01:18:09.000000;2016-02-26T01:18:09.000000;db214749-0d69-4219-a09e-142b0101a569;421.44;1.51081342;UNKNOWN
2016-02-26T01:18:09.000000;2016-02-26T01:18:09.000000;72a6f4e9-652f-4239-847d-51ba73b7f4fb;421.5;0.02;UNKNOWN
2016-02-26T01:18:09.000000;2016-02-26T01:18:09.000000;89ff77e6-ceee-480e-aef1-945cbc021029;421.7;0.02;UNKNOWN
2016-02-26T01:18:09.000000;2016-02-26T01:18:09.000000;aa3ea560-93a1-480d-bd67-f368946f17aa;421.77;0.12;UNKNOWN
2016-02-26T01:18:09.000000;2016-02-26T01:18:09.000000;5dbaba32-3a97-47c1-abea-38823d75f730;421.73;0.2;UNKNOWN
2016-02-26T01:18:09.000000;2016-02-26T01:18:09.000000;b4dd3fef-09a7-4d9b-9138-b823f9de9552;421.76;0.2;UNKNOWN
2016-02-26T01:18:09.000000;2016-02-26T01:18:09.000000;7ad15f2c-62e0-4880-88a4-42163938a6dd;421.78;0.2;UNKNOWN
2016-02-26T01:18:09.000000;2016-02-26T01:18:09.000000;c1453384-c344-4d1f-9f23-7c0825c27856;421.78;0.2;UNKNOWN
2016-02-26T01:18:09.000000;2016-02-26T01:18:09.000000;c50031d2-b1f5-4d0b-ac7e-c5018d47f140;421.76;1.0067;UNKNOWN
2016-02-26T01:18:09.000000;2016-02-26T01:18:09.000000;e594da03-5634-4dcb-8086-e40d63e50198;421.62;0.2;UNKNOWN
2016-02-26T01:18:09.000000;2016-02-26T01:18:09.000000;b085b30e-1476-4862-a319-07f5dcbf7fa6;421.63;0.2;UNKNOWN
2016-02-26T01:18:09.000000;2016-02-26T01:18:09.000000;691953a5-1075-4894-9d6e-868a9f1af49e;421.62;0.2;UNKNOWN
2016-02-26T01:18:09.000000;2016-02-26T01:18:09.000000;48a7dd07-2c56-4998-b140-5e16c50dc638;421.47;0.2;UNKNOWN
2016-02-26T01:18:09.000000;2016-02-26T01:18:09.000000;33de949e-683e-46e9-becf-ae05bc976564;421.43;1.29918658;UNKNOWN
2016-02-26T01:18:09.000000;2016-02-26T01:18:09.000000;098e8d3d-703f-476e-aafb-6a9df76e4f50;421.55;0.42;UNKNOWN
2016-02-26T01:18:09.000000;2016-02-26T01:18:09.000000;48f984c5-3ff3-4cb1-bb81-e45d1b8e9243;421.7;0.02;UNKNOWN
2016-02-26T01:18:09.000000;2016-02-26T01:18:09.000000;3aa6ea90-9599-4e62-acc5-0f56695b312e;421.68;0.2;UNKNOWN
2016-02-26T01:18:09.000000;2016-02-26T01:18:09.000000;5c95310a-c101-48c9-80fa-338a54e1bd6f;421.5;50.0;UNKNOWN
2016-02-26T01:18:09.000000;2016-02-26T01:18:09.000000;3d19c272-f39c-4187-88fe-269e3091d2ff;421.75;0.04;UNKNOWN
2016-02-26T01:18:09.000000;2016-02-26T01:18:09.000000;72845d5f-0757-4eb5-bde9-c4e45ad512cb;421.51;0.2;UNKNOWN
2016-02-26T01:18:09.000000;2016-02-26T01:18:09.000000;3b55c545-8f81-4d6c-a228-f9bbeab7613f;421.52;7.85;UNKNOWN
2016-02-26T01:18:09.000000;2016-02-26T01:18:09.000000;59af62dc-cdb0-4aa8-a2c1-d6a88aad8aba;421.6;2.0;UNKNOWN
2016-02-26T01:18:09.000000;2016-02-26T01:18:09.000000;04cab112-10df-4a82-beb5-863717549f7d;421.5;0.2;UNKNOWN
2016-02-26T01:18:09.000000;2016-02-26T01:18:09.000000;8ff35056-458d-42a2-ad7e-0b1c219869c8;421.59;0.025;UNKNOWN
2016-02-26T01:18:09.000000;2016-02-26T01:18:09.000000;033f327d-ab07-423c-8bb9-a5d2be9cb089;421.6;0.02;UNKNOWN
2016-02-26T01:18:09.000000;2016-02-26T01:18:09.000000;03b64acb-3998-44c5-9412-35dbb85ab2b4;421.57;0.2;UNKNOWN
2016-02-26T01:18:09.000000;2016-02-26T01:18:09.000000;241a0800-c19d-4ae8-9755-63dd62fe6a97;421.44;5.34318658;UNKNOWN
2016-02-26T01:18:11.000000;2016-02-26T01:18:11.000000;621047ee-af19-4d11-877b-6ec523554aca;421.43;2.5;UNKNOWN
2016-02-26T01:18:14.000000;2016-02-26T01:18:14.000000;41d328e0-ac19-436d-8097-0f359045c0cd;421.15;0.235;UNKNOWN
2016-02-26T01:18:14.000000;2016-02-26T01:18:14.000000;2e879f03-7657-4d22-92cb-7a301e38f512;421.15;0.71809202;UNKNOWN
2016-02-26T01:18:14.000000;2016-02-26T01:18:14.000000;60dfc623-b777-467c-acb1-b55768ba3072;421.19;0.2;UNKNOWN
2016-02-26T01:18:14.000000;2016-02-26T01:18:14.000000;c1b6d4ab-1a05-4cd3-a7f8-c38e08332ad5;421.15;5.0;UNKNOWN
2016-02-26T01:18:14.000000;2016-02-26T01:18:14.000000;67d504e0-f15a-4b91-aa48-b54498d62445;421.26;6.86;UNKNOWN
2016-02-26T01:18:14.000000;2016-02-26T01:18:14.000000;da353f93-7f62-4594-9856-c1fc346a6e6a;421.5;0.34;UNKNOWN
2016-02-26T01:18:14.000000;2016-02-26T01:18:14.000000;580c9e73-cdb1-40a7-9a2f-f442dee79452;421.49;0.2;UNKNOWN
2016-02-26T01:18:14.000000;2016-02-26T01:18:14.000000;b8568418-c0ad-427b-be5a-7d477896c02e;421.41;0.2;UNKNOWN
2016-02-26T01:18:14.000000;2016-02-26T01:18:14.000000;2d84e8b6-7269-425f-b56b-4abc6bfee23e;421.37;0.2;UNKNOWN
2016-02-26T01:18:14.000000;2016-02-26T01:18:14.000000;5f343d38-6aa9-446f-9308-5182ad28d17d;421.37;0.2;UNKNOWN
2016-02-26T01:18:14.000000;2016-02-26T01:18:14.000000;8a35e5b5-4e18-4e43-ac5c-53c7a69bec25;421.4;0.02;UNKNOWN
2016-02-26T01:18:14.000000;2016-02-26T01:18:14.000000;5d276404-d022-4779-b51d-7da911f859b4;421.2;0.02;UNKNOWN
2016-02-26T01:18:14.000000;2016-02-26T01:18:14.000000;c7557607-9cf0-4fe4-a14c-af37c0bc5836;421.62;0.2;UNKNOWN
2016-02-26T01:18:14.000000;2016-02-26T01:18:14.000000;acf9f794-135a-44f3-97fe-4c700c83cd7b;421.28;0.2;UNKNOWN
2016-02-26T01:18:14.000000;2016-02-26T01:18:14.000000;916fc93e-65f8-487b-8e9f-76a19c5f45ee;421.36;0.2;UNKNOWN
2016-02-26T01:18:14.000000;2016-02-26T01:18:14.000000;d8334db0-4e18-42b6-85b4-365ba0aac704;421.3;0.02;UNKNOWN
2016-02-26T01:18:14.000000;2016-02-26T01:18:14.000000;82167766-f310-4a50-a889-04a326ab3e66;421.3;0.2;UNKNOWN
2016-02-26T01:18:14.000000;2016-02-26T01:18:14.000000;c3e456b7-86d4-4597-ab34-125fc8560c2a;421.31;0.2;UNKNOWN
2016-02-26T01:18:14.000000;2016-02-26T01:18:14.000000;d3ddbced-2a9d-4ca0-8841-bda0a0b5c342;421.21;0.2;UNKNOWN
2016-02-26T01:18:14.000000;2016-02-26T01:18:14.000000;f4874bb3-244e-4e77-9693-4482d3563f9d;421.24;0.2;UNKNOWN
2016-02-26T01:18:14.000000;2016-02-26T01:18:14.000000;4f0d35a2-f05d-4265-972e-43b2332d93a2;421.25;0.2;UNKNOWN
2016-02-26T01:18:20.000000;2016-02-26T01:18:20.000000;9acc857a-2189-42c8-9c5c-5233e6392905;421.17;5.9043;UNKNOWN
2016-02-26T01:18:20.000000;2016-02-26T01:18:20.000000;cb71c1c1-47fe-40b9-93ca-6f298cfea58c;421.16;7.64126998;UNKNOWN
2016-02-26T01:18:23.000000;2016-02-26T01:18:23.000000;d016f996-3acc-447c-871c-50063add1dc3;421.13;0.2;UNKNOWN
2016-02-26T01:18:23.000000;2016-02-26T01:18:23.000000;ebe64b63-2cef-4d5f-b86a-a463d3ff4490;421.09;0.05;UNKNOWN
2016-02-26T01:18:23.000000;2016-02-26T01:18:23.000000;f71b9958-e63b-4a83-9abd-ef996d419d66;421.01;1.0;UNKNOWN
2016-02-26T01:18:23.000000;2016-02-26T01:18:23.000000;e5b1d622-3105-4429-bd86-12b258b6ce72;421.02;0.2;UNKNOWN
2016-02-26T01:18:23.000000;2016-02-26T01:18:23.000000;96eb1c22-257c-42c0-8270-cf1c97d7d58c;421.12;0.2;UNKNOWN
2016-02-26T01:18:23.000000;2016-02-26T01:18:23.000000;ffdcb538-34ab-498b-8f17-54bf11e08f9b;421.11;0.063662;UNKNOWN
2016-02-26T01:18:23.000000;2016-02-26T01:18:23.000000;48a58ef9-a1de-48d9-9abc-8bd97043a1cb;421.15;1.25719103;UNKNOWN
2016-02-26T01:18:23.000000;2016-02-26T01:18:23.000000;8963392b-4fb6-4ebc-9122-0e753ebfcefd;421.16;0.06873002;UNKNOWN
2016-02-26T01:18:23.000000;2016-02-26T01:18:23.000000;1c2ab2f0-33e3-485c-9013-dd391a3eebbf;421.1;0.02;UNKNOWN
2016-02-26T01:18:23.000000;2016-02-26T01:18:23.000000;347fd98a-4014-4836-b479-0e178895177e;421.16;0.29126998;UNKNOWN
2016-02-26T01:18:23.000000;2016-02-26T01:18:23.000000;1c7cf02a-62b5-4328-8040-694bc0bcbf9b;421.15;3.02471695;UNKNOWN
2016-02-26T01:18:23.000000;2016-02-26T01:18:23.000000;88ef68d6-6ed4-4e96-9fd0-d3d7b1d810ec;421.16;0.20873002;UNKNOWN
2016-02-26T01:18:23.000000;2016-02-26T01:18:23.000000;11e5dbe6-8fd3-467c-b42b-ad6813993b2e;421.06;0.15;UNKNOWN
2016-02-26T01:18:23.000000;2016-02-26T01:18:23.000000;948f768c-b1e4-41d1-8e49-ded303732e2e;421.09;0.2;UNKNOWN
2016-02-26T01:18:23.000000;2016-02-26T01:18:23.000000;e680aaab-04c8-48eb-aac3-3ecd99b7a9a0;421.11;0.2;UNKNOWN
2016-02-26T01:18:23.000000;2016-02-26T01:18:23.000000;f89dd243-9c4e-4528-9f26-2e059e46e547;421.1;0.2;UNKNOWN
2016-02-26T01:18:23.000000;2016-02-26T01:18:23.000000;4769e624-0a46-4b75-b9e3-1ea905c80d61;421.02;0.2;UNKNOWN
2016-02-26T01:18:23.000000;2016-02-26T01:18:23.000000;b5e42d28-b843-4013-b8a5-0b7d37b710bf;421.02;0.2;UNKNOWN
2016-02-26T01:18:23.000000;2016-02-26T01:18:23.000000;53ca1242-5dcb-48dd-9df9-2ba4ccefd756;421.05;0.03;UNKNOWN
2016-02-26T01:18:23.000000;2016-02-26T01:18:23.000000;11deb962-432b-4f45-be6f-fa72024424b6;421.01;0.2;UNKNOWN
2016-02-26T01:18:23.000000;2016-02-26T01:18:23.000000;e8fedb0a-b506-43cf-83b4-a0d7e6fa50ca;421.0;0.3;UNKNOWN
2016-02-26T01:18:23.000000;2016-02-26T01:18:23.000000;cfd6f278-717e-4347-a50b-d66d2130cdb6;421.0;0.02;UNKNOWN
2016-02-26T01:18:23.000000;2016-02-26T01:18:23.000000;e961da8f-6998-42af-9dff-7e9af61cb861;421.0;0.02;UNKNOWN
2016-02-26T01:18:23.000000;2016-02-26T01:18:23.000000;d1695d16-2df2-4b6b-97fe-061de7cce662;421.0;0.2456;UNKNOWN
2016-02-26T01:18:23.000000;2016-02-26T01:18:23.000000;25a2c60f-080f-48b6-a9c2-fcb8f24ba409;421.0;0.1;UNKNOWN
2016-02-26T01:18:23.000000;2016-02-26T01:18:23.000000;47bc84e1-bd89-45da-83c2-49d6097329fb;420.94;4.15392105;UNKNOWN
2016-02-26T01:18:23.000000;2016-02-26T01:18:23.000000;bae14472-c068-4940-8030-753677074918;420.95;0.03;UNKNOWN
2016-02-26T01:18:28.000000;2016-02-26T01:18:28.000000;96f4f2f1-43e6-4bce-aec2-23ca354f42fc;421.1;0.38;UNKNOWN
2016-02-26T01:18:29.000000;2016-02-26T01:18:29.000000;5bf1a538-605e-4cd3-b74b-a1a00c074e4a;420.7;0.02;UNKNOWN
2016-02-26T01:18:29.000000;2016-02-26T01:18:29.000000;80d45c67-a21e-4fa5-9fba-c7d64275f7ae;420.93;0.2;UNKNOWN
2016-02-26T01:18:29.000000;2016-02-26T01:18:29.000000;c91d9d4c-dbcf-42fa-afb0-4bb64e858bb3;420.93;0.2;UNKNOWN
2016-02-26T01:18:29.000000;2016-02-26T01:18:29.000000;8c90fec1-185f-4acd-9487-820461699565;420.7;0.02;UNKNOWN
2016-02-26T01:18:29.000000;2016-02-26T01:18:29.000000;aa5f7944-680a-426c-be55-2c71ad62c931;420.93;0.2;UNKNOWN
2016-02-26T01:18:29.000000;2016-02-26T01:18:29.000000;61fc0b7b-d3e8-4650-9ced-30d30ab70a9b;420.94;3.02;UNKNOWN
2016-02-26T01:18:29.000000;2016-02-26T01:18:29.000000;68bd8b5a-10df-4312-bd6d-aee8ad0988a2;420.94;0.5;UNKNOWN
2016-02-26T01:18:29.000000;2016-02-26T01:18:29.000000;94fcded0-d34e-4773-8586-01265f284a67;420.89;4.449;UNKNOWN
2016-02-26T01:18:29.000000;2016-02-26T01:18:29.000000;c3bd6f84-0e4f-4b45-a899-d3685873c2f6;420.9;0.02;UNKNOWN
2016-02-26T01:18:29.000000;2016-02-26T01:18:29.000000;3a59be5f-e1c7-403f-a24a-8adb18e0a13e;420.84;0.2;UNKNOWN
2016-02-26T01:18:29.000000;2016-02-26T01:18:29.000000;118f435e-c6ea-47b5-8f89-c5f5118d4ecb;420.71;0.1;UNKNOWN
2016-02-26T01:18:29.000000;2016-02-26T01:18:29.000000;0afd9232-81df-4c2b-9b9e-030dd8c5dc3d;420.8;0.02;UNKNOWN
2016-02-26T01:18:29.000000;2016-02-26T01:18:29.000000;ede043be-d055-4a36-ba5a-61305586bc04;420.8;0.1786;UNKNOWN
2016-02-26T01:18:29.000000;2016-02-26T01:18:29.000000;fef10f06-8971-4182-a52e-901a5a0c54e0;420.85;0.2;UNKNOWN
2016-02-26T01:18:29.000000;2016-02-26T01:18:29.000000;4bdab2a0-4419-4664-bf9f-a167e4991060;420.75;0.2;UNKNOWN
2016-02-26T01:18:29.000000;2016-02-26T01:18:29.000000;b55532b2-132b-4049-9f86-85804f2909bd;420.76;0.2;UNKNOWN
2016-02-26T01:18:29.000000;2016-02-26T01:18:29.000000;196687cf-7b0c-4663-b50c-24424005ff97;420.75;0.2;UNKNOWN
2016-02-26T01:18:29.000000;2016-02-26T01:18:29.000000;e951034f-aed6-4e0e-ab2f-f0b9a207e7de;420.75;0.03;UNKNOWN
2016-02-26T01:18:29.000000;2016-02-26T01:18:29.000000;9cf97c8d-6cc1-4f79-bd45-5f7962086f26;420.58;14.5028;UNKNOWN
2016-02-26T01:18:29.000000;2016-02-26T01:18:29.000000;2e89f300-9299-408d-bf03-ce106bff697f;420.64;6.49804187;UNKNOWN
2016-02-26T01:18:29.000000;2016-02-26T01:18:29.000000;0c73bfd4-2f70-41d0-acff-d5491681fdd0;420.64;0.5;UNKNOWN
2016-02-26T01:18:29.000000;2016-02-26T01:18:29.000000;8c7d16f3-820a-44c3-bfa1-6d799936f0a5;420.64;18.72205813;UNKNOWN
2016-02-26T01:18:29.000000;2016-02-26T01:18:29.000000;19bf67d1-a10b-49d0-9860-cb650625750e;420.5;1.35563187;UNKNOWN
2016-02-26T01:18:29.000000;2016-02-26T01:18:29.000000;b80d51ad-85c2-41c1-95e7-85a274eb4d88;420.5;0.02;UNKNOWN
2016-02-26T01:18:29.000000;2016-02-26T01:18:29.000000;cda4fae2-f038-42bc-8306-6285a062b7d9;420.59;0.05;UNKNOWN
2016-02-26T01:18:29.000000;2016-02-26T01:18:29.000000;84645a5a-6dc8-42ce-b90a-41aa61177dc2;420.6;0.02;UNKNOWN
2016-02-26T01:18:29.000000;2016-02-26T01:18:29.000000;77f61a8e-7678-40ab-ad0d-9b05734ed2c0;420.51;0.2;UNKNOWN
2016-02-26T01:18:33.000000;2016-02-26T01:18:33.000000;52e12c7c-17f1-465f-9fe5-339fa4cbe3f6;420.94;0.39;UNKNOWN
2016-02-26T01:18:33.000000;2016-02-26T01:18:33.000000;b73405ac-8965-49f1-934e-2917c11cd2a5;421.07;0.0434;UNKNOWN
2016-02-26T01:18:34.000000;2016-02-26T01:18:34.000000;f15c1b8b-c160-4501-8dad-928955e3167e;420.7;0.917;UNKNOWN
2016-02-26T01:18:35.000000;2016-02-26T01:18:35.000000;4d5df947-470e-4935-8c06-bebd08af1c23;420.6;0.2;UNKNOWN
2016-02-26T01:18:35.000000;2016-02-26T01:18:35.000000;a49497da-c0c5-4bb6-b787-4fa4d6b0e374;420.41;0.2;UNKNOWN
2016-02-26T01:18:35.000000;2016-02-26T01:18:35.000000;ab3c0f99-b1ae-4965-b8c7-667d6d34e927;420.61;0.04;UNKNOWN
2016-02-26T01:18:35.000000;2016-02-26T01:18:35.000000;aeaf132b-ab9b-4ed7-b65a-e2db29a77ad0;420.7;0.39;UNKNOWN
2016-02-26T01:18:35.000000;2016-02-26T01:18:35.000000;60db0cc5-791a-4658-8195-2327b1444b46;420.45;0.0502;UNKNOWN
2016-02-26T01:18:35.000000;2016-02-26T01:18:35.000000;a6ef1faf-ad88-48e7-b09d-26d17116c78a;420.5;3.54436813;UNKNOWN
2016-02-26T01:18:35.000000;2016-02-26T01:18:35.000000;a576a84b-9ef2-4b89-a0bd-43145d0072fd;420.41;5.96543187;UNKNOWN
2016-02-26T01:18:38.000000;2016-02-26T01:18:38.000000;18d861c6-e6ac-45db-b883-936a1ad41b00;420.68;0.41;UNKNOWN
2016-02-26T01:18:39.000000;2016-02-26T01:18:39.000000;da264820-3fcf-4e50-ab00-03e69cf43fbf;420.4;1.52543187;UNKNOWN
2016-02-26T01:18:39.000000;2016-02-26T01:18:39.000000;82a63f62-b938-408c-a7e9-bf2f137974f4;420.42;3.67;UNKNOWN
2016-02-26T01:18:39.000000;2016-02-26T01:18:39.000000;0b84546e-3d5c-4e99-89a6-42acdd5d3fee;420.4;0.02;UNKNOWN
2016-02-26T01:18:39.000000;2016-02-26T01:18:39.000000;b56a1ffa-3301-4b1e-ac06-205571f762b1;420.41;1.88456813;UNKNOWN
2016-02-26T01:18:44.000000;2016-02-26T01:18:44.000000;a8c5909a-8363-4fb4-b23e-80006b8c8d0e;420.59;0.43;UNKNOWN
2016-02-26T01:18:44.000000;2016-02-26T01:18:44.000000;affaa13c-68a1-4869-abba-e4ba9ff17ed1;420.36;0.2;UNKNOWN
2016-02-26T01:18:44.000000;2016-02-26T01:18:44.000000;5b755a02-dd2f-48be-b6e9-bc0d0b93e8b9;420.33;4.37;UNKNOWN
2016-02-26T01:18:45.000000;2016-02-26T01:18:45.000000;6ab09e3d-2cbf-4a73-bf8f-1efb2a1a9d06;420.33;2.16;UNKNOWN
2016-02-26T01:18:46.000000;2016-02-26T01:18:46.000000;198f06ab-0ebc-4431-8f10-4495ca454ae4;420.16;3.49187;UNKNOWN
2016-02-26T01:18:46.000000;2016-02-26T01:18:46.000000;ccd3fa01-5e62-429a-b57b-7065b0ed3d98;420.28;4.25813;UNKNOWN
2016-02-26T01:18:46.000000;2016-02-26T01:18:46.000000;cc3a2d20-b34a-485a-9abf-bc9517ad5863;420.3;0.02;UNKNOWN
2016-02-26T01:18:46.000000;2016-02-26T01:18:46.000000;63a870c5-9513-45c2-9e39-45bc5db5b7ba;420.2;0.01;UNKNOWN
2016-02-26T01:18:46.000000;2016-02-26T01:18:46.000000;7ec3e4a1-1011-4ce9-b7c6-c9e98df95474;420.21;0.2;UNKNOWN
2016-02-26T01:18:46.000000;2016-02-26T01:18:46.000000;9cef000e-84ac-4762-96cd-39db66e5e180;420.2;0.02;UNKNOWN
2016-02-26T01:18:47.000000;2016-02-26T01:18:47.000000;4b0cf1c3-e6bc-49e0-aa9d-a17dd46ac070;420.16;0.5;UNKNOWN
2016-02-26T01:18:47.000000;2016-02-26T01:18:47.000000;813ad9b9-eeb4-4bf2-8ae6-58d3f9bf3e19;420.16;1.0;UNKNOWN
2016-02-26T01:18:48.000000;2016-02-26T01:18:48.000000;af74a65e-2bb3-4306-a01f-58a8a02bc482;419.9;0.2;UNKNOWN
2016-02-26T01:18:48.000000;2016-02-26T01:18:48.000000;e8872f44-0b28-40f7-9814-2f4269aba990;420.0;0.9;UNKNOWN
2016-02-26T01:18:48.000000;2016-02-26T01:18:48.000000;b3d86e01-7247-4342-b26d-a1a477f7c123;419.9;0.01;UNKNOWN
2016-02-26T01:18:48.000000;2016-02-26T01:18:48.000000;e3596853-77be-45db-a77a-5a69659638f9;420.14;0.2;UNKNOWN
2016-02-26T01:18:48.000000;2016-02-26T01:18:48.000000;84fe4bfc-5940-4517-bb26-aab6ddb909db;420.15;5.0;UNKNOWN
2016-02-26T01:18:48.000000;2016-02-26T01:18:48.000000;d1509d08-0f72-4d87-91c5-8d7e4a67a4bd;420.0;1.3;UNKNOWN
2016-02-26T01:18:48.000000;2016-02-26T01:18:48.000000;7738dfe6-0251-4514-99f3-357077939e84;419.86;0.064201;UNKNOWN
2016-02-26T01:18:48.000000;2016-02-26T01:18:48.000000;b0736e36-8218-4d37-9213-6e931d590694;419.83;5.288399;UNKNOWN
2016-02-26T01:18:48.000000;2016-02-26T01:18:48.000000;2f1b9808-856e-4c21-a321-d842452b0a2d;420.29;16.47;UNKNOWN
2016-02-26T01:18:48.000000;2016-02-26T01:18:48.000000;cdbd7089-ebb1-4f42-a103-5424ce64553a;420.0;0.1;UNKNOWN
2016-02-26T01:18:48.000000;2016-02-26T01:18:48.000000;aa35f185-6dd6-4906-bd6d-8e843bbe3159;420.0;0.5;UNKNOWN
2016-02-26T01:18:48.000000;2016-02-26T01:18:48.000000;463b4064-35d3-4c22-a636-6c2265870f4a;420.1;0.02;UNKNOWN
2016-02-26T01:18:48.000000;2016-02-26T01:18:48.000000;e7f7c50f-ac34-47b5-ae3e-31c6d3e59476;420.0;6.88696405;UNKNOWN
2016-02-26T01:18:48.000000;2016-02-26T01:18:48.000000;204e3703-c711-414c-b7da-18decb25baf4;420.0;0.02;UNKNOWN
2016-02-26T01:18:48.000000;2016-02-26T01:18:48.000000;35e856ee-4c9e-4ed2-9d40-7f5b5be0d6af;419.85;0.03;UNKNOWN
2016-02-26T01:18:48.000000;2016-02-26T01:18:48.000000;7471ecab-4e79-4f29-b1c9-aa981037981f;420.06;0.15;UNKNOWN
2016-02-26T01:18:48.000000;2016-02-26T01:18:48.000000;cc631335-ff85-44ff-bce6-dc7d3a1b18f8;420.34;3.53;UNKNOWN
2016-02-26T01:18:48.000000;2016-02-26T01:18:48.000000;3c9e2837-b90e-479c-9a03-eff56d386c72;420.0;0.3193;UNKNOWN
2016-02-26T01:18:48.000000;2016-02-26T01:18:48.000000;d0ed4289-4411-4a55-ac36-2c2fedaca754;420.0;1.0;UNKNOWN
2016-02-26T01:18:48.000000;2016-02-26T01:18:48.000000;4683d696-9f58-435a-8745-fb642ccfb18e;420.16;9.82803;UNKNOWN
2016-02-26T01:18:48.000000;2016-02-26T01:18:48.000000;74487f32-f514-47f3-a407-b9577cc4b888;420.01;3.56;UNKNOWN
2016-02-26T01:18:48.000000;2016-02-26T01:18:48.000000;2b845a8a-744d-47a7-b763-bebfdf95e385;420.01;3.221;UNKNOWN
2016-02-26T01:18:48.000000;2016-02-26T01:18:48.000000;7fb332ae-30b0-43eb-b253-0d161f6f6367;420.0;6.0;UNKNOWN
2016-02-26T01:18:48.000000;2016-02-26T01:18:48.000000;cadf8eb4-b497-4868-945b-7d33b9c6d087;420.0;0.02;UNKNOWN
2016-02-26T01:18:48.000000;2016-02-26T01:18:48.000000;1dff86df-1580-44e5-b2d8-9bfa89a5f41b;419.91;1.4874;UNKNOWN
2016-02-26T01:18:48.000000;2016-02-26T01:18:48.000000;a52da46b-2576-49f2-8b83-1693b310091c;420.06;1.0;UNKNOWN
2016-02-26T01:18:48.000000;2016-02-26T01:18:48.000000;2f9effc8-396d-4004-8c47-3405302991d4;420.0;35.0;UNKNOWN
2016-02-26T01:18:48.000000;2016-02-26T01:18:48.000000;c944b818-8737-48e3-a20a-3aca29991a0a;420.02;14.9029;UNKNOWN
2016-02-26T01:18:48.000000;2016-02-26T01:18:48.000000;5f74dd8b-58c9-47e4-a0bb-12adff5c588c;420.09;0.1;UNKNOWN
2016-02-26T01:18:48.000000;2016-02-26T01:18:48.000000;c23d1526-04cf-46a5-a3a8-f702516687ed;420.0;0.06;UNKNOWN
2016-02-26T01:18:48.000000;2016-02-26T01:18:48.000000;a54ca185-7944-45b3-8485-ac528b2cd010;420.1;10.0;UNKNOWN
2016-02-26T01:18:48.000000;2016-02-26T01:18:48.000000;05b699f8-ef75-48eb-a305-dd53c76b2e3c;420.0;1.0;UNKNOWN
2016-02-26T01:18:48.000000;2016-02-26T01:18:48.000000;44ac2204-29c1-43b8-9600-5bc04686717c;420.05;0.2;UNKNOWN
2016-02-26T01:18:48.000000;2016-02-26T01:18:48.000000;8e24fd00-bab1-47c3-9708-797206a08ea1;419.9;0.02;UNKNOWN
2016-02-26T01:18:49.000000;2016-02-26T01:18:49.000000;b272f34e-0c84-4686-814f-605929de3d65;420.0;0.2;UNKNOWN
2016-02-26T01:18:50.000000;2016-02-26T01:18:50.000000;a8149ec3-4033-40d6-be04-6ce5f5bb82b4;420.0;0.01783;UNKNOWN
2016-02-26T01:18:51.000000;2016-02-26T01:18:51.000000;6b38a8b2-1fa7-47ee-a39e-aee43131ff85;419.99;0.2;UNKNOWN
2016-02-26T01:18:51.000000;2016-02-26T01:18:51.000000;4c77eed2-0da3-45e9-beed-455028d9fd5a;419.99;0.45;UNKNOWN
2016-02-26T01:18:53.000000;2016-02-26T01:18:53.000000;993d511d-89e1-45d8-91df-fb95284bd1b1;419.99;0.2;UNKNOWN
2016-02-26T01:18:53.000000;2016-02-26T01:18:53.000000;ef4c1f1e-0a96-41b0-88b2-2fd51f395706;419.84;0.5;UNKNOWN
2016-02-26T01:18:53.000000;2016-02-26T01:18:53.000000;5b47e171-8afe-4321-99dd-9f56d4b723d9;419.84;0.05942903;UNKNOWN
2016-02-26T01:18:53.000000;2016-02-26T01:18:53.000000;c62d1b1d-7820-436e-b742-078f145dc764;419.84;0.18820833;UNKNOWN
2016-02-26T01:18:53.000000;2016-02-26T01:18:53.000000;c8441ad3-f372-4c9e-b5b2-970a82477bf1;419.84;11.80528113;UNKNOWN
2016-02-26T01:18:53.000000;2016-02-26T01:18:53.000000;9f9bcd87-c98c-4ef4-8d10-c2f4fee04739;419.84;3.0;UNKNOWN
2016-02-26T01:18:54.000000;2016-02-26T01:18:54.000000;abd02b2b-3c94-4eab-8e2c-26b6419c7729;419.98;0.2;UNKNOWN
2016-02-26T01:18:56.000000;2016-02-26T01:18:56.000000;4e95032c-41e7-4a96-b002-9bdb3f62ee44;419.97;0.2;UNKNOWN
2016-02-26T01:18:57.000000;2016-02-26T01:18:57.000000;22235d4e-f93b-4224-83fe-18a68e117518;419.97;0.2;UNKNOWN
2016-02-26T01:19:00.000000;2016-02-26T01:19:00.000000;e1fee660-fd91-44ea-a50e-96947b23e4f3;419.97;0.0907;UNKNOWN
2016-02-26T01:19:06.000000;2016-02-26T01:19:06.000000;c9d19d70-87c9-472d-8a3a-6ef49a531604;419.96;1.0;UNKNOWN
2016-02-26T01:19:07.000000;2016-02-26T01:19:07.000000;ce9e3e9f-1f5a-4400-b1e7-e9ad5423a59f;419.86;0.2;UNKNOWN
2016-02-26T01:19:07.000000;2016-02-26T01:19:07.000000;9e5615a6-3df4-4e27-8621-82a7e24bda9b;419.84;0.57753487;UNKNOWN
2016-02-26T01:19:07.000000;2016-02-26T01:19:07.000000;191cf92d-2ff1-4533-94ac-746390335d58;419.96;0.2049;UNKNOWN
2016-02-26T01:19:13.000000;2016-02-26T01:19:13.000000;44f720cc-28d3-4e55-973a-df836d851405;419.97;0.179;UNKNOWN
2016-02-26T01:19:17.000000;2016-02-26T01:19:17.000000;29fda39f-cef7-4b75-9895-ff5c668f027d;419.97;0.03;UNKNOWN
2016-02-26T01:19:25.000000;2016-02-26T01:19:25.000000;dc51bcb1-0628-4c16-89f6-a94757b897c0;419.97;0.085;UNKNOWN
2016-02-26T01:19:31.000000;2016-02-26T01:19:31.000000;f821acbb-0271-49c3-b23a-5dfc7fd20b45;419.99;0.179;UNKNOWN
2016-02-26T01:19:34.000000;2016-02-26T01:19:34.000000;6a582da7-dc07-416f-bfed-cfd44299c136;419.99;0.128;UNKNOWN
2016-02-26T01:19:35.000000;2016-02-26T01:19:35.000000;8ad2a37b-c281-4c64-9976-983d91343153;419.99;0.85;UNKNOWN
2016-02-26T01:19:39.000000;2016-02-26T01:19:39.000000;ad118f0b-0e29-49fd-89a9-570acae5065e;419.99;0.075;UNKNOWN
2016-02-26T01:19:41.000000;2016-02-26T01:19:41.000000;13632281-a088-4be5-91e2-a3aa307e1504;419.98;1.0844883;UNKNOWN
2016-02-26T01:19:43.000000;2016-02-26T01:19:43.000000;632e13ae-3173-4f9d-8edf-977f81100e02;419.99;0.179;UNKNOWN
2016-02-26T01:19:48.000000;2016-02-26T01:19:48.000000;0318ff30-fa79-42c2-9019-56ff733e3646;419.99;0.041;UNKNOWN
2016-02-26T01:19:50.000000;2016-02-26T01:19:50.000000;2c959234-9d06-47b9-8e0a-5ee529795972;419.99;1.0;UNKNOWN
2016-02-26T01:19:53.000000;2016-02-26T01:19:53.000000;95debbfe-4239-4fb0-9438-72e17cbe7409;419.99;0.104;UNKNOWN
2016-02-26T01:19:57.000000;2016-02-26T01:19:57.000000;c9d18616-d6ea-47ca-bd52-6227188c976d;419.98;10.0;UNKNOWN
2016-02-26T01:19:59.000000;2016-02-26T01:19:59.000000;9ae4ed43-b8c6-4f96-9ed9-102e87515922;419.99;0.179;UNKNOWN
2016-02-26T01:20:04.000000;2016-02-26T01:20:04.000000;46abae69-14a0-4055-8a5f-08124d296acc;419.99;0.179;UNKNOWN
2016-02-26T01:20:05.000000;2016-02-26T01:20:05.000000;b89c7851-2b01-4409-8045-d382e1a0af16;419.99;0.269;UNKNOWN
2016-02-26T01:20:10.000000;2016-02-26T01:20:10.000000;341fd161-2045-4c2a-8a26-35aa9fbfe5ba;419.99;0.179;UNKNOWN
2016-02-26T01:20:13.000000;2016-02-26T01:20:13.000000;9320bae0-6adf-4d7d-88d9-2cb7325f7e73;419.99;0.179;UNKNOWN
2016-02-26T01:20:21.000000;2016-02-26T01:20:21.000000;8089f0f6-71e0-4d6f-95d3-dcf32aaf2574;420.24;0.269;UNKNOWN
2016-02-26T01:20:27.000000;2016-02-26T01:20:27.000000;77b82174-fe44-4037-89f6-7e0cb539a140;420.23;2.0;UNKNOWN
2016-02-26T01:20:30.000000;2016-02-26T01:20:30.000000;25c432cf-fb97-4f0d-bcd3-a2f7f235dcb9;420.22;0.269;UNKNOWN
2016-02-26T01:20:32.000000;2016-02-26T01:20:32.000000;041621b7-13ac-4b61-bca9-c761f9806843;420.22;1.0;UNKNOWN
2016-02-26T01:20:50.000000;2016-02-26T01:20:50.000000;24bfb435-4ef6-4b62-94ad-f4cc5e984187;420.22;0.269;UNKNOWN
2016-02-26T01:20:52.000000;2016-02-26T01:20:52.000000;bdf907a1-b7d3-44e9-92fa-65d327b423ac;420.22;0.1971797;UNKNOWN
2016-02-26T01:20:56.000000;2016-02-26T01:20:56.000000;cfe25dc1-1ff0-40ed-9ae0-29c60aa8de67;420.21;1.0;UNKNOWN
2016-02-26T01:21:02.000000;2016-02-26T01:21:02.000000;cd05a6cf-d0b8-4b4e-9d19-a3359a165496;420.22;0.36781653;UNKNOWN
2016-02-26T01:21:04.000000;2016-02-26T01:21:04.000000;2ebdb236-dd23-4f4a-bd09-59b747f1ab3c;420.22;0.179;UNKNOWN
2016-02-26T01:21:08.000000;2016-02-26T01:21:08.000000;ade4570f-fc15-4e4b-9874-388100c8a965;420.22;0.179;UNKNOWN
2016-02-26T01:21:08.000000;2016-02-26T01:21:08.000000;ddd010d4-6987-45c8-891c-a69cc0fb8aba;420.22;0.269;UNKNOWN
2016-02-26T01:21:13.000000;2016-02-26T01:21:13.000000;734ccd5e-2ebd-4b92-bdc7-f654aa0e9371;420.22;0.17938067;UNKNOWN
2016-02-26T01:21:15.000000;2016-02-26T01:21:15.000000;5072b54b-b278-4449-9643-4d013e5e86ee;420.22;0.179;UNKNOWN
2016-02-26T01:21:16.000000;2016-02-26T01:21:16.000000;35bcc4d9-831b-459a-a9a4-c8ff13912b04;420.22;11.0;UNKNOWN
2016-02-26T01:21:20.000000;2016-02-26T01:21:20.000000;54950072-f057-4e41-9286-8097160c6b79;420.22;0.269;UNKNOWN
2016-02-26T01:21:32.000000;2016-02-26T01:21:32.000000;56b24e66-c31b-47bd-a70c-d9b393623713;420.22;1.6326231;UNKNOWN
2016-02-26T01:21:32.000000;2016-02-26T01:21:32.000000;af84d58e-8c6b-451c-bbab-2ec194badefd;420.22;3.2714769;UNKNOWN
2016-02-26T01:21:34.000000;2016-02-26T01:21:34.000000;f4e2b583-1085-4b81-9538-2fdfb2653cd9;420.22;0.7285231;UNKNOWN
2016-02-26T01:21:38.000000;2016-02-26T01:21:38.000000;28636825-298d-42fe-a5c2-f336f19a535e;420.73;0.01;UNKNOWN
2016-02-26T01:21:40.000000;2016-02-26T01:21:40.000000;ad9104c3-6688-45fe-9339-837c4af809ed;420.56;0.00351928;UNKNOWN
2016-02-26T01:21:51.000000;2016-02-26T01:21:51.000000;7d50471a-7623-4e8f-8167-c05e5b4f38a6;420.71;2.161;UNKNOWN
2016-02-26T01:21:51.000000;2016-02-26T01:21:51.000000;042fe3e1-f207-499a-b145-477d33d75887;420.71;5.0;UNKNOWN
2016-02-26T01:21:59.000000;2016-02-26T01:21:59.000000;b916e657-2bca-4942-b24a-fb4226707780;420.74;0.2;UNKNOWN
2016-02-26T01:22:07.000000;2016-02-26T01:22:07.000000;6dce6375-c193-4cb7-9ce6-bed8a49d433e;420.86;2.5;UNKNOWN
2016-02-26T01:22:08.000000;2016-02-26T01:22:08.000000;cd039f6c-4270-4905-84f0-8f43b7b20718;420.8;9.72861;UNKNOWN
2016-02-26T01:22:08.000000;2016-02-26T01:22:08.000000;e795f40d-529c-40d5-be41-b72642239ef8;420.8;2.3;UNKNOWN
2016-02-26T01:22:08.000000;2016-02-26T01:22:08.000000;d2003a7f-472a-48fa-ba62-54ed8354799d;420.8;41.0979;UNKNOWN
2016-02-26T01:22:09.000000;2016-02-26T01:22:09.000000;60369767-c537-4ad4-a32d-3af9901d65f9;420.8;0.2;UNKNOWN
2016-02-26T01:22:49.000000;2016-02-26T01:22:49.000000;c218cd50-6f98-48dd-bd4d-c84e718c8f83;420.83;0.131;UNKNOWN
2016-02-26T01:24:36.000000;2016-02-26T01:24:36.000000;b6185179-f84b-46ff-ad6b-e1c2ac725bf3;420.85;0.0299;UNKNOWN
2016-02-26T01:24:37.000000;2016-02-26T01:24:37.000000;2d2c522d-ef41-4195-ab1e-382f749ecfab;420.86;0.2;UNKNOWN
2016-02-26T01:24:37.000000;2016-02-26T01:24:37.000000;76123658-5138-4d2d-b138-a508fd9b48e3;420.86;0.2;UNKNOWN
2016-02-26T01:24:37.000000;2016-02-26T01:24:37.000000;b45640b3-9a61-44d7-b347-4206e9944e22;420.86;0.2;UNKNOWN
2016-02-26T01:24:37.000000;2016-02-26T01:24:37.000000;3b6c3bbe-ecc4-4a81-a9d1-d68502cd04c6;420.86;0.2;UNKNOWN
2016-02-26T01:24:37.000000;2016-02-26T01:24:37.000000;5cbb0c61-6b76-4695-8d67-205be9551d21;420.86;0.2;UNKNOWN
2016-02-26T01:24:37.000000;2016-02-26T01:24:37.000000;21c4be3a-e31e-4b70-84e3-7f14440bdc51;420.86;0.2;UNKNOWN
2016-02-26T01:24:37.000000;2016-02-26T01:24:37.000000;a7baecaa-71a8-40fb-b922-68ddf3cec8e5;420.86;0.214;UNKNOWN
2016-02-26T01:24:37.000000;2016-02-26T01:24:37.000000;5fa614d2-7653-4a63-8fea-04e15cd706bb;420.86;0.2;UNKNOWN
2016-02-26T01:24:37.000000;2016-02-26T01:24:37.000000;79cdab3f-0ed2-40d7-a72f-24f518fdbb9f;420.86;0.2;UNKNOWN
2016-02-26T01:24:37.000000;2016-02-26T01:24:37.000000;a8c214ed-2782-4dcc-8fd5-a31c4cf62e31;420.86;2.09313;UNKNOWN
2016-02-26T01:24:37.000000;2016-02-26T01:24:37.000000;3e35e5b4-ebda-4b03-a2b6-e5de4e81c371;420.86;0.2;UNKNOWN
2016-02-26T01:24:37.000000;2016-02-26T01:24:37.000000;78859528-74f3-49c5-b28e-f99e6244fb52;420.86;0.2;UNKNOWN
2016-02-26T01:24:52.000000;2016-02-26T01:24:52.000000;c78731f0-bfef-4a17-b254-ed467bd0bc01;420.85;0.14150265;UNKNOWN
2016-02-26T01:24:52.000000;2016-02-26T01:24:52.000000;8a8e3b5b-e3df-4554-9ff6-f9b9b3a5b85b;420.85;0.41;UNKNOWN
2016-02-26T01:24:52.000000;2016-02-26T01:24:52.000000;fa9d89d2-101b-49d3-8235-d59f30ec0980;420.85;0.44849735;UNKNOWN
2016-02-26T01:24:53.000000;2016-02-26T01:24:53.000000;3be9158e-3a4e-4d94-b4ec-f695f0e21433;420.86;0.162;UNKNOWN
2016-02-26T01:25:01.000000;2016-02-26T01:25:01.000000;e9fd96e9-f34f-44bc-b0c6-b456a58a3931;420.85;5.0;UNKNOWN
2016-02-26T01:25:25.000000;2016-02-26T01:25:25.000000;84a76a7e-2009-4fc1-864e-45b59a355d8c;420.87;0.14;UNKNOWN
2016-02-26T01:25:25.000000;2016-02-26T01:25:25.000000;af0a293a-cbbb-4e31-ac32-84a8bb40a29f;420.88;0.08;UNKNOWN
2016-02-26T01:25:25.000000;2016-02-26T01:25:25.000000;cae01d78-56d8-43a7-bbd7-fe3e5f757fe7;420.88;1.78;UNKNOWN
2016-02-26T01:25:37.000000;2016-02-26T01:25:37.000000;a26a41a5-4cd8-4164-8feb-e91086f9caf3;420.91;0.2;UNKNOWN
2016-02-26T01:25:37.000000;2016-02-26T01:25:37.000000;0794add4-d302-4a12-8140-c4d645ced811;420.9;0.06;UNKNOWN
2016-02-26T01:25:37.000000;2016-02-26T01:25:37.000000;d7bfa0d2-2e77-4882-b840-2c3b8538ee75;420.93;0.54;UNKNOWN
2016-02-26T01:25:37.000000;2016-02-26T01:25:37.000000;c3e35155-680c-4af2-baaa-1df8acdb85ed;420.89;0.2;UNKNOWN
2016-02-26T01:25:39.000000;2016-02-26T01:25:39.000000;1e830d3e-6bc9-49f8-9620-30c3016517ba;420.88;20.0;UNKNOWN
2016-02-26T01:25:46.000000;2016-02-26T01:25:46.000000;4e7f5b0d-4e69-449f-88c2-50b176a4589e;420.99;0.8;UNKNOWN
2016-02-26T01:25:46.000000;2016-02-26T01:25:46.000000;ac1fc15e-5e85-4f3d-a0aa-0f175c12c3f2;420.94;0.2;UNKNOWN
2016-02-26T01:25:49.000000;2016-02-26T01:25:49.000000;20180de7-c3d2-457b-b341-51b27d26d641;420.99;2.0;UNKNOWN
2016-02-26T01:25:51.000000;2016-02-26T01:25:51.000000;4349bb41-0e0b-4a67-bcd0-7947b48f5f71;420.99;0.2;UNKNOWN
2016-02-26T01:25:52.000000;2016-02-26T01:25:52.000000;e624f1b2-a6d7-43ef-8057-717bac4421f5;421.0;0.069;UNKNOWN
2016-02-26T01:25:56.000000;2016-02-26T01:25:56.000000;84a87bd5-fb19-4535-813c-c75a8d02a0a6;421.0;0.1754553;UNKNOWN
2016-02-26T01:25:56.000000;2016-02-26T01:25:56.000000;d0c3f354-92fa-43b7-a383-2de23e3f387d;421.0;0.8245447;UNKNOWN
2016-02-26T01:26:00.000000;2016-02-26T01:26:00.000000;3d93bc26-a504-4a19-883d-d5d0c49e5cf3;421.23;0.04515015;UNKNOWN
2016-02-26T01:26:00.000000;2016-02-26T01:26:00.000000;21b7613c-4c78-4c8d-8295-dabcde08500c;421.01;0.2;UNKNOWN
2016-02-26T01:26:00.000000;2016-02-26T01:26:00.000000;ee11e866-0342-48bc-85ba-fde5a15ab5dd;421.09;0.2;UNKNOWN
2016-02-26T01:26:00.000000;2016-02-26T01:26:00.000000;20694281-ea7e-4db8-adc1-0a7a22f3796b;421.08;0.2;UNKNOWN
2016-02-26T01:26:00.000000;2016-02-26T01:26:00.000000;d21492ff-9341-4223-a7eb-cb4f8a5cc2a9;421.0;1.05484985;UNKNOWN
2016-02-26T01:26:00.000000;2016-02-26T01:26:00.000000;2c18e7c5-eafc-40f4-b3ed-2798160caba1;421.17;0.2;UNKNOWN
2016-02-26T01:26:00.000000;2016-02-26T01:26:00.000000;a8ec6f39-f985-4ddf-93a6-a0bd6a8fbcd8;421.21;0.2;UNKNOWN
2016-02-26T01:26:00.000000;2016-02-26T01:26:00.000000;15820ada-4aea-47d6-9fe0-a441d07f0b21;421.11;0.2;UNKNOWN
2016-02-26T01:26:00.000000;2016-02-26T01:26:00.000000;3bbd8c47-91a0-459d-8648-6bdfe21b8ed4;421.01;0.2;UNKNOWN
2016-02-26T01:26:05.000000;2016-02-26T01:26:05.000000;3339a0e0-a8e3-45f0-9610-121c906a92c2;421.23;0.15484985;UNKNOWN
2016-02-26T01:26:05.000000;2016-02-26T01:26:05.000000;1a91ed32-9524-4ec7-895f-fa74add2de83;421.22;0.2;UNKNOWN
2016-02-26T01:26:05.000000;2016-02-26T01:26:05.000000;67f9bbbf-40e3-4a8b-b575-5337fa5f02cf;421.33;0.2;UNKNOWN
2016-02-26T01:26:05.000000;2016-02-26T01:26:05.000000;9d3df618-a8d1-428a-b574-8edad6bccd93;421.29;0.2;UNKNOWN
2016-02-26T01:26:05.000000;2016-02-26T01:26:05.000000;acd7c369-27d7-4e17-9241-fd8c30a6cfbe;421.25;0.2;UNKNOWN
2016-02-26T01:26:05.000000;2016-02-26T01:26:05.000000;fa8c84a1-da15-4492-b536-8ce5ec5e08b1;421.36;0.04515015;UNKNOWN
2016-02-26T01:26:05.000000;2016-02-26T01:26:05.000000;822ad0ac-5818-4e99-b30a-5a01d24f2bb8;421.36;0.01;UNKNOWN
2016-02-26T01:26:09.000000;2016-02-26T01:26:09.000000;7b2eb362-2d26-42ed-b947-d91463435155;421.32;1.0;UNKNOWN
2016-02-26T01:26:27.000000;2016-02-26T01:26:27.000000;aa80e813-4a31-4f3d-aace-428fb264465c;421.32;2.5;UNKNOWN
2016-02-26T01:26:52.000000;2016-02-26T01:26:52.000000;6e2618dc-9da5-4d6c-a9bb-e6a0bd28e0aa;421.28;1.0;UNKNOWN
2016-02-26T01:26:53.000000;2016-02-26T01:26:53.000000;daf59ceb-3cd6-4065-b283-4bc3a2445366;421.28;1.0;UNKNOWN
2016-02-26T01:27:13.000000;2016-02-26T01:27:13.000000;77db621c-f836-49a9-850e-887cf3736657;421.27;0.240231;UNKNOWN
2016-02-26T01:27:13.000000;2016-02-26T01:27:13.000000;4696d39e-b873-48ab-8717-2d3be28454fd;421.28;0.244;UNKNOWN
2016-02-26T01:28:53.000000;2016-02-26T01:28:53.000000;1c88b063-82a5-461f-b19c-c7e6c6d1c8cc;421.25;0.041;UNKNOWN
2016-02-26T01:29:27.000000;2016-02-26T01:29:27.000000;e46bb3dd-21b6-4d05-aa6a-0da80adc0d66;421.27;0.2;UNKNOWN
2016-02-26T01:29:44.000000;2016-02-26T01:29:44.000000;68052f24-e35f-4304-b24e-f8449a73f0dc;421.16;7.44094;UNKNOWN
2016-02-26T01:29:44.000000;2016-02-26T01:29:44.000000;c5e4ac6a-9908-4381-ab72-b5b28c5bb7e2;421.23;4.0;UNKNOWN
2016-02-26T01:29:44.000000;2016-02-26T01:29:44.000000;2c7161a5-1809-4b9e-be8e-798dfc843875;421.25;14.7724;UNKNOWN
2016-02-26T01:29:44.000000;2016-02-26T01:29:44.000000;b27f5c8a-390e-4460-860c-86eca6c98fe7;421.3;4.8;UNKNOWN
2016-02-26T01:29:44.000000;2016-02-26T01:29:44.000000;3f2e23cf-33b1-42b1-b1a6-c41a872c0ebf;421.33;5.71;UNKNOWN
2016-02-26T01:29:44.000000;2016-02-26T01:29:44.000000;1f2c26d9-82d8-4d9a-94b1-a0ac61184bfd;421.25;4.0;UNKNOWN
2016-02-26T01:29:44.000000;2016-02-26T01:29:44.000000;0417500f-3637-475d-b831-c60a81138b72;421.26;4.0;UNKNOWN
2016-02-26T01:29:44.000000;2016-02-26T01:29:44.000000;48270627-dd6e-40af-9c5d-80877ca751d5;421.33;32.2672;UNKNOWN
2016-02-26T01:29:44.000000;2016-02-26T01:29:44.000000;029cdfcd-1c34-4835-ac04-d674c55079bd;421.18;4.0;UNKNOWN
2016-02-26T01:29:44.000000;2016-02-26T01:29:44.000000;11834058-2c35-4fc0-b59a-d0735932ac5e;421.2;4.0;UNKNOWN
2016-02-26T01:29:44.000000;2016-02-26T01:29:44.000000;b408dd47-05b8-4f4a-8606-1fbd810e900a;421.16;11.9834;UNKNOWN
2016-02-26T01:29:44.000000;2016-02-26T01:29:44.000000;8ba7df09-cea8-48c6-ae64-b00a0546a698;421.31;5.9078;UNKNOWN
2016-02-26T01:30:06.000000;2016-02-26T01:30:06.000000;06ac4af1-056e-4cc9-83d7-e4ff7a3dec0d;421.07;2.0;UNKNOWN
2016-02-26T01:30:08.000000;2016-02-26T01:30:08.000000;09f6790d-b09f-4934-b372-dd2bd0c81da9;421.08;1.0;UNKNOWN
2016-02-26T01:30:09.000000;2016-02-26T01:30:09.000000;39b5c1d9-4391-4473-977a-4d120cabe422;421.07;0.05633935;UNKNOWN
2016-02-26T01:31:07.000000;2016-02-26T01:31:07.000000;e38906ee-272a-47b4-9054-c9cde5c400fc;421.07;8.37501;UNKNOWN
2016-02-26T01:31:29.000000;2016-02-26T01:31:29.000000;5a53bf4f-1f77-42f6-98bf-31ce28885533;421.02;3.30779292;UNKNOWN
2016-02-26T01:31:47.000000;2016-02-26T01:31:47.000000;546ca990-51f0-40d3-b936-1565b17f9777;421.03;1.0;UNKNOWN
2016-02-26T01:31:54.000000;2016-02-26T01:31:54.000000;46818651-cc70-4b2b-9f81-0dc697b7f86c;421.03;0.5;UNKNOWN
2016-02-26T01:32:39.000000;2016-02-26T01:32:39.000000;4d5ca82a-d466-4e70-904c-08b79f5dd48c;421.02;0.05943198;UNKNOWN
2016-02-26T01:35:37.000000;2016-02-26T01:35:37.000000;ae0b7e02-2fae-4b00-9f5c-a0f4f44e0dfd;420.65;0.2;UNKNOWN
2016-02-26T01:35:37.000000;2016-02-26T01:35:37.000000;701d8eaf-0c4c-4f9f-900c-5fc76de9d96c;420.88;1.16;UNKNOWN
2016-02-26T01:35:37.000000;2016-02-26T01:35:37.000000;7a06ebb9-a416-4312-bee4-85efb4a14a36;420.56;5.2172;UNKNOWN
2016-02-26T01:35:37.000000;2016-02-26T01:35:37.000000;8310be75-fe3f-4ab5-965c-e1da9afc5589;420.71;13.4228;UNKNOWN
2016-02-26T01:35:58.000000;2016-02-26T01:35:58.000000;0f46d8cc-c90b-4209-82cd-fb88f83c2d0b;420.67;1.0;UNKNOWN
2016-02-26T01:36:09.000000;2016-02-26T01:36:09.000000;998832fa-05fe-459d-a019-01f923955411;420.67;0.1;UNKNOWN
2016-02-26T01:36:36.000000;2016-02-26T01:36:36.000000;5a9ecd1f-ebfb-44eb-88da-1812c7970f3a;420.77;5.62256998;UNKNOWN
2016-02-26T01:36:58.000000;2016-02-26T01:36:58.000000;23c11bf3-193f-4f03-9c17-578184d05e66;420.46;0.2;UNKNOWN
2016-02-26T01:36:58.000000;2016-02-26T01:36:58.000000;bdf87b6e-9fec-455d-abb6-0242a1bb7ac3;420.39;3.74;UNKNOWN
2016-02-26T01:36:58.000000;2016-02-26T01:36:58.000000;12a01c7e-02ea-42e0-88a8-f83bc3296d0f;420.68;1.06;UNKNOWN
2016-02-26T01:37:07.000000;2016-02-26T01:37:07.000000;b9b4d2fe-a017-42a9-a6a2-642d3a2a99e0;420.41;0.5;UNKNOWN
2016-02-26T01:38:08.000000;2016-02-26T01:38:08.000000;cd2fb1c0-9427-48fa-8909-67b10d773f0f;420.4;0.13500412;UNKNOWN
2016-02-26T01:38:08.000000;2016-02-26T01:38:08.000000;1fa60cf6-f080-4264-b4bb-be45203921ad;420.52;0.19;UNKNOWN
2016-02-26T01:38:33.000000;2016-02-26T01:38:33.000000;fa47b3f9-07ce-47fc-95e9-0398da388069;420.29;0.2;UNKNOWN
2016-02-26T01:38:33.000000;2016-02-26T01:38:33.000000;dac17e3f-9d7b-44dc-b592-a73f3a19ca77;420.41;6.62;UNKNOWN
2016-02-26T01:38:33.000000;2016-02-26T01:38:33.000000;65ad343e-24f6-477f-9c42-e64b6910e34f;420.3;0.2;UNKNOWN
2016-02-26T01:38:33.000000;2016-02-26T01:38:33.000000;815df66d-ef8a-45fe-9df4-c07bc9f35601;420.24;6.055;UNKNOWN
2016-02-26T01:38:33.000000;2016-02-26T01:38:33.000000;d0d0ab1a-36f7-43ad-91af-313e248c4997;420.4;0.98;UNKNOWN
2016-02-26T01:38:33.000000;2016-02-26T01:38:33.000000;7a2d75d2-c9ac-43ce-8737-87309a657a49;420.26;5.945;UNKNOWN
2016-02-26T01:38:41.000000;2016-02-26T01:38:41.000000;34446e1d-07ab-42c5-9e4d-c96e823b71d2;420.49;1.0;UNKNOWN
2016-02-26T01:39:05.000000;2016-02-26T01:39:05.000000;c56d2446-fb5b-402e-8ebe-ff09b3c13738;420.44;1.0;UNKNOWN
2016-02-26T01:39:06.000000;2016-02-26T01:39:06.000000;a3cc3f1b-c976-431a-bf48-7914c1ca1cd8;420.44;2.14799334;UNKNOWN
2016-02-26T01:39:53.000000;2016-02-26T01:39:53.000000;416087f0-a865-41d8-99f9-7912430f4b4a;420.3;0.3;UNKNOWN
2016-02-26T01:39:53.000000;2016-02-26T01:39:53.000000;49507a7b-f3f4-48fd-984b-a44017537f9f;420.36;0.2;UNKNOWN
2016-02-26T01:39:56.000000;2016-02-26T01:39:56.000000;62912722-a9e3-4810-aabc-51ca15cefacc;420.44;0.11001442;UNKNOWN
2016-02-26T01:40:08.000000;2016-02-26T01:40:08.000000;498665ef-3e8d-4d07-b1d7-dfae0727cb04;420.39;0.0469;UNKNOWN
2016-02-26T01:40:45.000000;2016-02-26T01:40:45.000000;e18836c5-d93d-4d34-9eef-bbdcc709fda0;420.46;0.106;UNKNOWN
2016-02-26T01:40:45.000000;2016-02-26T01:40:45.000000;49953984-ffbb-4ccb-a2e6-8c44068d3233;420.46;0.194;UNKNOWN
2016-02-26T01:40:45.000000;2016-02-26T01:40:45.000000;0e0da8de-3318-43e3-9de7-556de1f41d34;420.4;0.7;UNKNOWN
2016-02-26T01:41:06.000000;2016-02-26T01:41:06.000000;3dff36d4-2f4d-4a70-9e99-7fe898c9df02;420.46;0.194;UNKNOWN
2016-02-26T01:41:06.000000;2016-02-26T01:41:06.000000;0557021e-4ae4-45db-b368-ef70581567b0;420.5;0.306;UNKNOWN
2016-02-26T01:41:11.000000;2016-02-26T01:41:11.000000;2770cd40-842b-4d08-8117-1be47d5edc91;420.5;1.0;UNKNOWN
2016-02-26T01:41:15.000000;2016-02-26T01:41:15.000000;3641d978-1c86-4315-8826-85a1fb1fe5ad;420.5;2.191;UNKNOWN
2016-02-26T01:41:24.000000;2016-02-26T01:41:24.000000;9c2a7e3c-a312-4ff0-900a-4fa834e753d2;420.57;0.2;UNKNOWN
2016-02-26T01:41:24.000000;2016-02-26T01:41:24.000000;55cbeba6-6676-4942-a9ac-b4e2b569d247;420.5;6.503;UNKNOWN
2016-02-26T01:41:37.000000;2016-02-26T01:41:37.000000;4d2192b8-d380-438b-937f-c6ec3b03d40c;420.68;0.2;UNKNOWN
2016-02-26T01:41:41.000000;2016-02-26T01:41:41.000000;680521aa-bac3-4759-bc25-0ab776bbbc71;420.7;0.2;UNKNOWN
2016-02-26T01:41:44.000000;2016-02-26T01:41:44.000000;db59ac4b-c2aa-4c23-aa17-100aae4b084e;420.94;3.6852;UNKNOWN
2016-02-26T01:41:44.000000;2016-02-26T01:41:44.000000;d1b22c4a-fc7e-4cf4-9d75-2c5348f35c15;420.93;5.9148;UNKNOWN
2016-02-26T01:41:44.000000;2016-02-26T01:41:44.000000;a7407c02-a0d7-44a5-b787-c94fe3ef02e1;420.82;0.2;UNKNOWN
2016-02-26T01:43:03.000000;2016-02-26T01:43:03.000000;b5d1e3f2-b3a4-4de3-aa3e-4f887fa65ba1;420.92;0.1;UNKNOWN
2016-02-26T01:43:46.000000;2016-02-26T01:43:46.000000;fbcd0ac6-d8a3-4cda-a040-ae04687a60b5;420.91;0.3003;UNKNOWN
2016-02-26T01:43:46.000000;2016-02-26T01:43:46.000000;a4ff10f7-ec50-42ee-81fe-b2e7f8f82ad6;420.91;0.6996;UNKNOWN
2016-02-26T01:44:08.000000;2016-02-26T01:44:08.000000;d1545d7c-e832-4f5d-826f-6c8579a5af22;420.8;0.1293874;UNKNOWN
2016-02-26T01:44:18.000000;2016-02-26T01:44:18.000000;91cc4a3e-d31f-4f0e-ba2c-f60ef18451f1;420.79;10.0165;UNKNOWN
2016-02-26T01:44:18.000000;2016-02-26T01:44:18.000000;e8d5ce6f-196f-4d16-b72f-23eb5616a4b1;420.73;5.8527;UNKNOWN
2016-02-26T01:44:18.000000;2016-02-26T01:44:18.000000;0bb59033-2fe9-4edf-886a-f059ffb5f9cf;420.88;0.2381;UNKNOWN
2016-02-26T01:44:18.000000;2016-02-26T01:44:18.000000;1fe84356-d149-40cd-b448-4dcc006bfa19;420.73;14.1308;UNKNOWN
2016-02-26T01:45:01.000000;2016-02-26T01:45:01.000000;003a0c89-5d50-4983-895c-cfa164b089da;420.83;0.49743472;UNKNOWN
2016-02-26T01:45:05.000000;2016-02-26T01:45:05.000000;cc76166c-596f-4627-8269-344a63b312d7;420.82;0.02;UNKNOWN
2016-02-26T01:45:05.000000;2016-02-26T01:45:05.000000;ffce0d5e-4922-4889-8f64-eaad2c0fe180;420.82;0.01;UNKNOWN
2016-02-26T01:45:15.000000;2016-02-26T01:45:15.000000;44f7dfd9-c247-480f-bfa0-eee4d56f9d1e;420.82;0.29339024;UNKNOWN
2016-02-26T01:46:05.000000;2016-02-26T01:46:05.000000;68ec2a92-6134-4c36-8594-5d6f022d34a7;420.82;1.0;UNKNOWN
2016-02-26T01:46:05.000000;2016-02-26T01:46:05.000000;d2a672be-b703-4b6a-bc98-b963fd143230;420.81;0.80276927;UNKNOWN
2016-02-26T01:46:12.000000;2016-02-26T01:46:12.000000;f1697b82-1815-4340-ba0f-83934a0e7e98;420.83;0.28897912;UNKNOWN
2016-02-26T01:46:21.000000;2016-02-26T01:46:21.000000;51cbbd45-ad02-4d5a-a799-57032616cc25;420.83;0.01;UNKNOWN
2016-02-26T01:46:25.000000;2016-02-26T01:46:25.000000;fa95a499-be40-4494-bb63-f5e45461cffd;420.83;0.49625567;UNKNOWN
2016-02-26T01:46:29.000000;2016-02-26T01:46:29.000000;b8892882-46af-46cc-a4b9-0f0cb8146cd0;420.81;0.02616001;UNKNOWN
2016-02-26T01:46:29.000000;2016-02-26T01:46:29.000000;64786706-e520-4c4e-9bc0-df6a3ec21f8d;420.83;0.49976787;UNKNOWN
2016-02-26T01:46:33.000000;2016-02-26T01:46:33.000000;4fc8eaee-b45a-4097-9467-48c1a30cd55e;420.82;0.01206326;UNKNOWN
2016-02-26T01:46:34.000000;2016-02-26T01:46:34.000000;cd74520d-cad9-4564-843d-d3ed55e52da8;420.82;0.04;UNKNOWN
2016-02-26T01:46:34.000000;2016-02-26T01:46:34.000000;0c653a31-6a7d-42bb-b44c-ada97473df80;420.82;0.10333674;UNKNOWN
2016-02-26T01:46:34.000000;2016-02-26T01:46:34.000000;d31eb555-39b3-4f53-9da3-6081d6cc69c1;420.83;0.89666326;UNKNOWN
2016-02-26T01:46:38.000000;2016-02-26T01:46:38.000000;8eefdb63-6c88-49ea-a7f4-137870e646e0;420.83;0.04;UNKNOWN
2016-02-26T01:46:41.000000;2016-02-26T01:46:41.000000;750f8404-07d9-4a2c-b1ba-efd08a672e20;420.83;0.04;UNKNOWN
2016-02-26T01:46:44.000000;2016-02-26T01:46:44.000000;5fd2ba2c-cf30-4976-ad0b-57578fb50e0d;420.83;0.04;UNKNOWN
2016-02-26T01:46:46.000000;2016-02-26T01:46:46.000000;1c281d15-7203-428d-b4e4-fa3531d680ea;420.83;0.01;UNKNOWN
2016-02-26T01:46:47.000000;2016-02-26T01:46:47.000000;ff5c5d1a-a7e7-4282-af69-75c8117f3309;420.83;0.04;UNKNOWN
2016-02-26T01:46:53.000000;2016-02-26T01:46:53.000000;d23b5e07-1f6b-4c76-8723-a76d966022bc;420.83;0.02;UNKNOWN
2016-02-26T01:46:58.000000;2016-02-26T01:46:58.000000;eeca394e-be01-4761-b1c9-f06b68e26064;420.83;2.0;UNKNOWN
2016-02-26T01:47:05.000000;2016-02-26T01:47:05.000000;bec4344d-8825-4af8-b265-e00f429a4901;420.83;1.0;UNKNOWN
2016-02-26T01:47:09.000000;2016-02-26T01:47:09.000000;b2677698-1d86-40d1-883f-c5bd46997376;420.83;6.12203693;UNKNOWN
2016-02-26T01:47:22.000000;2016-02-26T01:47:22.000000;4a293174-f750-4ca4-a94e-2bc613621b57;420.9;0.2;UNKNOWN
2016-02-26T01:47:28.000000;2016-02-26T01:47:28.000000;4b474561-9cec-4ca0-9552-48315bd3ab7b;420.93;5.86;UNKNOWN
2016-02-26T01:48:05.000000;2016-02-26T01:48:05.000000;17a01cdf-a5da-4062-b9ce-cdb3e52038ce;420.98;0.2;UNKNOWN
2016-02-26T01:48:05.000000;2016-02-26T01:48:05.000000;d9fdd6df-4807-4b7e-9242-ce99e6770df7;421.07;0.2;UNKNOWN
2016-02-26T01:48:05.000000;2016-02-26T01:48:05.000000;b5156843-558d-42f2-bb95-72e3c2b66671;420.94;0.2;UNKNOWN
2016-02-26T01:48:05.000000;2016-02-26T01:48:05.000000;6de4a3fd-96f6-4217-b25d-173bfae5ecc3;421.08;0.4;UNKNOWN
2016-02-26T01:48:05.000000;2016-02-26T01:48:05.000000;50fdc227-6aaa-439c-a6d2-063fdfb443b0;420.93;0.6;UNKNOWN
2016-02-26T01:48:07.000000;2016-02-26T01:48:07.000000;f5462d8a-8227-44c9-a7f8-184c8344f3a2;421.02;0.2;UNKNOWN
2016-02-26T01:48:07.000000;2016-02-26T01:48:07.000000;c5da8bab-0a47-4652-b567-24272dab643c;421.08;1.19410711;UNKNOWN
2016-02-26T01:48:08.000000;2016-02-26T01:48:08.000000;48941e38-1dc5-4267-a282-6f78f3a0f187;421.01;0.5;UNKNOWN
2016-02-26T01:48:08.000000;2016-02-26T01:48:08.000000;540fd497-b24b-4b8a-83c9-e93a7ffbe49e;421.08;3.48881834;UNKNOWN
2016-02-26T01:48:08.000000;2016-02-26T01:48:08.000000;f537d76c-4d40-4435-afff-8056fa0b9540;421.01;0.32445694;UNKNOWN
2016-02-26T01:48:11.000000;2016-02-26T01:48:11.000000;c9387d8f-1348-4dd6-9426-6fbb970b1a17;421.02;0.01;UNKNOWN
2016-02-26T01:48:25.000000;2016-02-26T01:48:25.000000;cd4010f4-4e5f-40c3-835d-71a38be5d080;421.09;0.81;UNKNOWN
2016-02-26T01:48:25.000000;2016-02-26T01:48:25.000000;01f56377-50de-4ee2-b81f-af9b169dd668;421.02;0.19;UNKNOWN
2016-02-26T01:48:26.000000;2016-02-26T01:48:26.000000;5e3b9978-08bd-4c27-b0b3-5beb8cd0c497;421.09;5.0;UNKNOWN
2016-02-26T01:48:34.000000;2016-02-26T01:48:34.000000;cbb83bee-282a-4037-9d12-1ef056148804;421.09;1.06865516;UNKNOWN
2016-02-26T01:49:26.000000;2016-02-26T01:49:26.000000;0f74e2f7-9fe1-40bd-947a-26f57bc52b26;421.09;29.2991;UNKNOWN
2016-02-26T01:50:03.000000;2016-02-26T01:50:03.000000;27ed7633-8e8f-402a-a07f-5845f0399383;421.09;15.94050484;UNKNOWN
2016-02-26T01:50:03.000000;2016-02-26T01:50:03.000000;ad759428-40c9-4841-b51b-e64a4da1f9ea;421.09;0.2;UNKNOWN
2016-02-26T01:50:12.000000;2016-02-26T01:50:12.000000;6f2c74cf-0fae-4409-b623-9459557cc930;421.09;0.2;UNKNOWN
2016-02-26T01:50:16.000000;2016-02-26T01:50:16.000000;a70f9036-a1d8-4fda-a80a-771491be7b57;421.47;0.2;UNKNOWN
2016-02-26T01:50:16.000000;2016-02-26T01:50:16.000000;25371243-a957-43d8-9c9d-599bd5af8414;421.35;0.2;UNKNOWN
2016-02-26T01:50:16.000000;2016-02-26T01:50:16.000000;d35d8e7e-0fcc-46fd-bfbf-1800af922baf;421.4;0.02;UNKNOWN
2016-02-26T01:50:16.000000;2016-02-26T01:50:16.000000;769f5601-9a31-4096-a825-3efecbff447a;421.44;0.2;UNKNOWN
2016-02-26T01:50:16.000000;2016-02-26T01:50:16.000000;154fb12f-3424-47cf-9e4a-b58dec7f04e3;421.14;0.2;UNKNOWN
2016-02-26T01:50:16.000000;2016-02-26T01:50:16.000000;972d75eb-489d-4dab-a5aa-e450d27bf72d;421.43;0.2;UNKNOWN
2016-02-26T01:50:16.000000;2016-02-26T01:50:16.000000;32eb7651-2902-4875-9941-dbdfac25b21e;421.32;0.2;UNKNOWN
2016-02-26T01:50:16.000000;2016-02-26T01:50:16.000000;cb086484-46da-466e-a456-a6d652213219;421.16;0.2;UNKNOWN
2016-02-26T01:50:16.000000;2016-02-26T01:50:16.000000;e71b6416-e798-4723-a2c5-3bd1fb1835fa;421.25;0.2;UNKNOWN
2016-02-26T01:50:16.000000;2016-02-26T01:50:16.000000;a5eccf3b-a162-49ef-b3f0-b6f0358d30f7;421.25;0.2;UNKNOWN
2016-02-26T01:50:16.000000;2016-02-26T01:50:16.000000;892b6285-dfaa-4c93-9638-444e27127f59;421.24;0.2;UNKNOWN
2016-02-26T01:50:16.000000;2016-02-26T01:50:16.000000;a158285a-8cb6-4213-89f6-b83f7ac1e96b;421.34;0.2;UNKNOWN
2016-02-26T01:50:16.000000;2016-02-26T01:50:16.000000;f9f19202-16f0-45c2-9188-eb21874c1187;421.33;0.2;UNKNOWN
2016-02-26T01:50:16.000000;2016-02-26T01:50:16.000000;953ea624-6aab-438a-bfb0-6e9864c0c27b;421.7;0.02;UNKNOWN
2016-02-26T01:50:16.000000;2016-02-26T01:50:16.000000;e23e36e5-ffc6-4f55-8efe-bf0ef04de6d4;421.5;0.02;UNKNOWN
2016-02-26T01:50:16.000000;2016-02-26T01:50:16.000000;c7e3226f-09b7-4fb1-9022-c2098e2c4c67;421.5;0.2;UNKNOWN
2016-02-26T01:50:16.000000;2016-02-26T01:50:16.000000;fb632ef1-6d4c-4847-89a0-d28044c76dc3;421.79;0.2;UNKNOWN
2016-02-26T01:50:16.000000;2016-02-26T01:50:16.000000;cb34c582-27ff-4887-ba74-9a63404c6e62;421.54;0.2;UNKNOWN
2016-02-26T01:50:16.000000;2016-02-26T01:50:16.000000;a765f1b0-a99c-4783-bf6d-120e9147aa95;421.72;0.2;UNKNOWN
2016-02-26T01:50:16.000000;2016-02-26T01:50:16.000000;21a57605-444e-4f31-8b2e-12e7a91405fc;421.53;0.2;UNKNOWN
2016-02-26T01:50:16.000000;2016-02-26T01:50:16.000000;eeb89a19-edf9-449e-8fe8-3cf7dfbb8eb4;421.8;0.02;UNKNOWN
2016-02-26T01:50:16.000000;2016-02-26T01:50:16.000000;9c083584-f65e-43b7-a69d-138c791a9744;421.61;0.2;UNKNOWN
2016-02-26T01:50:16.000000;2016-02-26T01:50:16.000000;07dd4b90-e240-4bad-ae4b-307c990669a0;421.76;0.2;UNKNOWN
2016-02-26T01:50:16.000000;2016-02-26T01:50:16.000000;83c707c5-0d47-4e3d-9524-d8763493b3ba;421.6;0.02;UNKNOWN
2016-02-26T01:50:16.000000;2016-02-26T01:50:16.000000;e8af5927-ba75-4231-8d3d-48c79b7038e9;421.64;0.2;UNKNOWN
2016-02-26T01:50:16.000000;2016-02-26T01:50:16.000000;725f2bbb-66fa-4413-b5c6-ba572643f168;421.62;0.2;UNKNOWN
2016-02-26T01:50:16.000000;2016-02-26T01:50:16.000000;6b9ed26a-e728-457b-85aa-22f2b22d4b20;422.41;7.33;UNKNOWN
2016-02-26T01:50:16.000000;2016-02-26T01:50:16.000000;1013804a-a223-4025-a2ca-e5a1bd1302cb;422.0;0.02;UNKNOWN
2016-02-26T01:50:16.000000;2016-02-26T01:50:16.000000;d8965e77-4c39-4700-bfe8-5e76f56e2407;421.99;0.2;UNKNOWN
2016-02-26T01:50:16.000000;2016-02-26T01:50:16.000000;ebd8d01f-49c4-4b08-a644-3df3968e9e9b;421.82;0.2;UNKNOWN
2016-02-26T01:50:16.000000;2016-02-26T01:50:16.000000;9f1b934e-4b92-42db-a0cc-de8a3f803aae;421.95;0.2;UNKNOWN
2016-02-26T01:50:16.000000;2016-02-26T01:50:16.000000;2630cb7e-eec3-4cdb-82ef-455f9203e3ad;421.9;0.02;UNKNOWN
2016-02-26T01:50:16.000000;2016-02-26T01:50:16.000000;996bc45b-1590-492b-9c58-b976451abead;421.87;0.2;UNKNOWN
2016-02-26T01:50:16.000000;2016-02-26T01:50:16.000000;88e37bfd-0e7a-42ea-9c0a-373a9ff42182;422.1;0.02;UNKNOWN
2016-02-26T01:50:16.000000;2016-02-26T01:50:16.000000;7754c0f2-fd35-46bc-b9bd-629da31208b7;422.12;0.2;UNKNOWN
2016-02-26T01:50:16.000000;2016-02-26T01:50:16.000000;85c909cd-b759-4873-a81d-3817010fc2db;422.03;7.85;UNKNOWN
2016-02-26T01:50:16.000000;2016-02-26T01:50:16.000000;bba4a2af-e181-49b5-8942-520ea05a4faa;422.3;0.02;UNKNOWN
2016-02-26T01:50:16.000000;2016-02-26T01:50:16.000000;e1ab402d-efab-4ecc-988d-682003e0e58c;422.11;0.2;UNKNOWN
2016-02-26T01:50:16.000000;2016-02-26T01:50:16.000000;dfc9656f-61ba-427e-bec5-7ecfeef95d57;422.27;0.2;UNKNOWN
2016-02-26T01:50:16.000000;2016-02-26T01:50:16.000000;73588a87-3646-44f8-8ce8-d8525c33665f;422.4;0.02;UNKNOWN
2016-02-26T01:50:16.000000;2016-02-26T01:50:16.000000;146b7661-bb45-43fe-b33d-0685307f89eb;422.2;0.02;UNKNOWN
2016-02-26T01:50:17.000000;2016-02-26T01:50:17.000000;163443bf-1d86-4f85-87ff-8e6b5b2e908c;422.5;0.02;UNKNOWN
2016-02-26T01:50:17.000000;2016-02-26T01:50:17.000000;e1865500-5386-411d-ad97-d12e23c2d166;422.47;1.0;UNKNOWN
2016-02-26T01:50:17.000000;2016-02-26T01:50:17.000000;d6012e59-3906-41e0-8cbb-f02318ab0188;422.41;0.52;UNKNOWN
2016-02-26T01:50:17.000000;2016-02-26T01:50:17.000000;4e05dd0b-5e6e-4131-b261-3a903e07c5fb;421.17;0.2;UNKNOWN
2016-02-26T01:50:17.000000;2016-02-26T01:50:17.000000;821c9ef5-a506-49aa-b23b-212f50f95ce6;422.7;0.02;UNKNOWN
2016-02-26T01:50:17.000000;2016-02-26T01:50:17.000000;d05bf7d9-c861-4746-a8e7-ae4a7f0429d1;422.42;0.2;UNKNOWN
2016-02-26T01:50:17.000000;2016-02-26T01:50:17.000000;c20ea90e-bc88-480d-9111-9a96cc092c9e;422.56;0.2;UNKNOWN
2016-02-26T01:50:17.000000;2016-02-26T01:50:17.000000;60f9793d-45ee-4d32-a411-0f06157af360;422.74;4.92;UNKNOWN
2016-02-26T01:50:17.000000;2016-02-26T01:50:17.000000;e6d28f5f-ec39-4c40-965d-158925d30f01;422.6;0.02;UNKNOWN
2016-02-26T01:50:20.000000;2016-02-26T01:50:20.000000;ed389a42-2c93-43de-9169-c0ca790f9945;421.34;0.2;UNKNOWN
2016-02-26T01:50:20.000000;2016-02-26T01:50:20.000000;84368bb6-cda1-47be-9e73-437521be0cc9;421.43;0.2;UNKNOWN
2016-02-26T01:50:23.000000;2016-02-26T01:50:23.000000;2704eabd-925b-4f75-bf73-4c5ee4dee34b;421.52;0.2;UNKNOWN
2016-02-26T01:50:24.000000;2016-02-26T01:50:24.000000;ce11e0ed-02ed-43b4-a6c4-b903d0fe55e9;422.87;6.48;UNKNOWN
2016-02-26T01:50:24.000000;2016-02-26T01:50:24.000000;c3e08760-8572-4735-b9d1-32ab01d42226;422.36;0.2;UNKNOWN
2016-02-26T01:50:24.000000;2016-02-26T01:50:24.000000;d2d0cd0e-d63a-4226-ac0a-addfd85bcb90;422.23;0.2;UNKNOWN
2016-02-26T01:50:24.000000;2016-02-26T01:50:24.000000;a03dc14e-a3e2-46e6-9904-250c4300260f;422.02;0.2;UNKNOWN
2016-02-26T01:50:24.000000;2016-02-26T01:50:24.000000;e25037b5-c603-4079-bb76-d8576952778c;422.8;0.02;UNKNOWN
2016-02-26T01:50:38.000000;2016-02-26T01:50:38.000000;ebd1e7e9-9b57-4ea0-8b52-54014fc903a3;422.51;0.2;UNKNOWN
2016-02-26T01:52:06.000000;2016-02-26T01:52:06.000000;7dfc07f3-9930-4d5b-bc60-c4c9a2fd01b0;422.14;3.17437756;UNKNOWN
2016-02-26T01:53:05.000000;2016-02-26T01:53:05.000000;525d7d36-dd45-422f-84c2-2383d20e63c5;422.38;3.25;UNKNOWN
2016-02-26T01:55:05.000000;2016-02-26T01:55:05.000000;80cab5ba-6ffd-4fa3-9578-4c8676ff91c5;422.29;0.2;UNKNOWN
2016-02-26T01:55:31.000000;2016-02-26T01:55:31.000000;4072cb2d-472f-47af-ab7e-ab077ac0bc04;422.29;1.0;UNKNOWN
2016-02-26T01:55:48.000000;2016-02-26T01:55:48.000000;54f4577f-6074-4497-a4cf-9f29701162cc;422.29;0.47182359;UNKNOWN
2016-02-26T01:56:42.000000;2016-02-26T01:56:42.000000;af31cfb3-e862-4a23-a105-e1fc58f34618;422.29;0.14935191;UNKNOWN
2016-02-26T01:56:59.000000;2016-02-26T01:56:59.000000;8167b524-d8e0-41f4-8edd-001a7f268b91;422.53;0.2;UNKNOWN
2016-02-26T01:56:59.000000;2016-02-26T01:56:59.000000;41922184-8cf7-4aa2-b5c6-d0beaf7c7305;422.3;1.0;UNKNOWN
2016-02-26T01:56:59.000000;2016-02-26T01:56:59.000000;65de9972-bd46-495a-ab7c-3090ca879a09;422.81;0.2;UNKNOWN
2016-02-26T01:56:59.000000;2016-02-26T01:56:59.000000;83116bcf-8a3d-43b9-a6e7-b527f18701fc;422.74;1.06865516;UNKNOWN
2016-02-26T01:56:59.000000;2016-02-26T01:56:59.000000;8c52d762-4dd4-42c6-8928-656e667aab33;422.63;0.2;UNKNOWN
2016-02-26T01:56:59.000000;2016-02-26T01:56:59.000000;e4c2ecea-dc92-47b2-b6fa-14a15dd6a45d;422.76;0.2;UNKNOWN
2016-02-26T01:56:59.000000;2016-02-26T01:56:59.000000;ad43c397-bc44-4daf-ac24-873042814aeb;422.79;0.2;UNKNOWN
2016-02-26T01:56:59.000000;2016-02-26T01:56:59.000000;8f0b171b-a71f-4ae9-8371-0a47540a4d91;422.67;0.2;UNKNOWN
2016-02-26T01:56:59.000000;2016-02-26T01:56:59.000000;b325a5f7-ccf9-4772-abf9-773a91f4aa05;422.64;0.2;UNKNOWN
2016-02-26T01:56:59.000000;2016-02-26T01:56:59.000000;c6af7a59-2eac-4643-8408-962478df3ddb;422.9;0.02;UNKNOWN
2016-02-26T01:56:59.000000;2016-02-26T01:56:59.000000;c15e91c4-0382-48bd-9f1b-9121ec9544c2;422.94;0.2;UNKNOWN
2016-02-26T01:56:59.000000;2016-02-26T01:56:59.000000;2384c1d6-03dd-47ed-9f63-b37704066614;422.87;7.85;UNKNOWN
2016-02-26T01:56:59.000000;2016-02-26T01:56:59.000000;578e5642-7e3f-4137-9137-5df0d5e0e270;422.91;0.2;UNKNOWN
2016-02-26T01:56:59.000000;2016-02-26T01:56:59.000000;9df30fca-2ac9-43f9-8be8-87a1da895e27;422.93;0.06392;UNKNOWN
2016-02-26T01:56:59.000000;2016-02-26T01:56:59.000000;2654b263-6e6e-416e-a1d6-520c89745538;423.0;1.97742484;UNKNOWN
2016-02-26T01:56:59.000000;2016-02-26T01:56:59.000000;45018ce2-3f07-4dba-90c3-416e99f98b38;422.98;1.0;UNKNOWN
2016-02-26T01:56:59.000000;2016-02-26T01:56:59.000000;2eaace9a-683d-423a-b95d-82d2a24d0383;422.96;1.0;UNKNOWN
2016-02-26T01:56:59.000000;2016-02-26T01:56:59.000000;d9324677-8940-4234-96ca-c2fa900922d3;422.94;0.2;UNKNOWN
2016-02-26T01:56:59.000000;2016-02-26T01:56:59.000000;5462c1ad-e8d2-413e-be9e-81b19584c403;423.0;0.02;UNKNOWN
2016-02-26T01:57:05.000000;2016-02-26T01:57:05.000000;ccb050d4-9612-434f-b197-880a850ca6c8;423.0;0.97742484;UNKNOWN
2016-02-26T01:57:05.000000;2016-02-26T01:57:05.000000;b874bbcf-77ed-4bd9-95c3-ea7dbd450656;423.0;1.02257516;UNKNOWN
2016-02-26T01:57:07.000000;2016-02-26T01:57:07.000000;500d25cc-5417-4568-83e9-9f9493e9b779;423.42;0.2;UNKNOWN
2016-02-26T01:57:07.000000;2016-02-26T01:57:07.000000;524370cd-19f0-4fb0-b1a7-71adef73b05f;423.39;1.1;UNKNOWN
2016-02-26T01:57:07.000000;2016-02-26T01:57:07.000000;cee981e3-0ef7-4e10-8a8e-40c83e6d227b;423.4;0.2;UNKNOWN
2016-02-26T01:57:07.000000;2016-02-26T01:57:07.000000;e936d6c6-2604-44cf-ba7d-4072d885ffac;423.2;0.2;UNKNOWN
2016-02-26T01:57:07.000000;2016-02-26T01:57:07.000000;3b79a282-f9f5-4bf8-840b-1f8d7ebd9056;423.33;3.461006;UNKNOWN
2016-02-26T01:57:07.000000;2016-02-26T01:57:07.000000;6d7bacc4-b514-4840-bb90-5df782ffa0b7;423.36;0.2;UNKNOWN
2016-02-26T01:57:07.000000;2016-02-26T01:57:07.000000;161184c5-9085-4be6-8c59-7c933771f66b;423.3;0.2;UNKNOWN
2016-02-26T01:57:07.000000;2016-02-26T01:57:07.000000;422620b9-06ff-4a2d-a50a-0adfde350a5c;423.47;0.63641884;UNKNOWN
2016-02-26T01:57:07.000000;2016-02-26T01:57:07.000000;414a9c93-357c-414a-a351-90f4a90b1bc5;423.4;0.02;UNKNOWN
2016-02-26T01:57:07.000000;2016-02-26T01:57:07.000000;d2252798-03ca-4695-97d6-8dd577101d7a;423.26;0.2;UNKNOWN
2016-02-26T01:57:07.000000;2016-02-26T01:57:07.000000;5c0f526b-cde5-45e9-be3e-7c4d86980696;423.2;0.02;UNKNOWN
2016-02-26T01:57:07.000000;2016-02-26T01:57:07.000000;7409c8ee-da68-4189-bff7-b0dee6f0bd11;423.07;0.2;UNKNOWN
2016-02-26T01:57:07.000000;2016-02-26T01:57:07.000000;8163cc7a-2e3d-453a-932c-a90cd4679f2b;423.3;0.02;UNKNOWN
