time_exchange;time_coinpai;guid;price;base_amount;taker_side
2016-04-30T00:11:51.000000;2016-04-30T00:11:51.485018;16221fe5-89c0-4851-8343-3d003e17c596;7.4351;0.1;SELL
2016-04-30T00:11:51.000000;2016-04-30T00:11:51.485018;fca89eee-4d39-4a53-b223-28257e4545cc;7.4351;0.1;SELL
2016-04-30T00:20:57.000000;2016-04-30T00:20:57.990665;1ac77de4-9ab7-4d36-9e30-011709759943;7.45;7.84307425;BUY
2016-04-30T00:20:59.000000;2016-04-30T00:21:00.007862;19de6d93-6e05-449c-90c0-c9e1435563bb;7.45;2.15692575;BUY
2016-04-30T00:21:05.000000;2016-04-30T00:21:05.752429;7ad6c2bd-0914-44bd-9be8-eef3de6ffdc1;7.46;3.07692483;BUY
2016-04-30T00:21:07.000000;2016-04-30T00:21:07.751651;ab061615-1617-42bf-bf62-022011a0da65;7.46;2.71425966;BUY
2016-04-30T00:21:17.000000;2016-04-30T00:21:17.405580;2e125613-29b2-43b0-886d-9aaeacd4c45a;7.46;2.54286329;BUY
2016-04-30T00:22:04.000000;2016-04-30T00:22:04.736331;00211acf-99e2-4c83-8227-68030c05747b;7.46;1.65929507;BUY
2016-04-30T00:23:46.000000;2016-04-30T00:23:46.642525;e880cf4c-75a1-43aa-bc70-1138f1c9efd9;7.46;0.00665715;BUY
2016-04-30T00:23:46.000000;2016-04-30T00:23:46.652517;c3326c9a-d185-470f-a455-da06ee9111d8;7.46;4.45190512;BUY
2016-04-30T00:23:48.000000;2016-04-30T00:23:48.550695;22dc664f-dd7d-4d85-9839-ae30bd208531;7.46;2.93472112;BUY
2016-04-30T00:23:50.000000;2016-04-30T00:23:50.722918;5b70bd36-0c3c-4a7b-997a-dda196abe711;7.46;2.61337376;BUY
2016-04-30T00:25:27.000000;2016-04-30T00:25:27.972431;ffb5e3f0-fc72-4234-93b6-c93afbc4dd5f;7.47;1.8;BUY
2016-04-30T00:25:34.000000;2016-04-30T00:25:34.140021;2e6340f7-ce8a-4710-ab34-f006a1379f4e;7.469;6.5329508;SELL
2016-04-30T00:25:38.000000;2016-04-30T00:25:38.745542;0b8e574c-c5ec-4cf8-b228-4f81831b2415;7.47;8.2;BUY
2016-04-30T00:25:38.000000;2016-04-30T00:25:38.749518;e177c0cd-471f-4936-9dcf-18edc9e336ac;7.47;10.0;BUY
2016-04-30T00:25:38.000000;2016-04-30T00:25:38.759483;cf518ed3-d77e-4306-8212-960d786d9e2c;7.47;0.71952168;BUY
2016-04-30T00:25:39.000000;2016-04-30T00:25:39.197542;2df9690c-65f4-4636-ae8f-1165aca29af7;7.47;3.41769052;BUY
2016-04-30T00:27:55.000000;2016-04-30T00:27:55.108143;b0dc564c-ce61-449f-b7d3-2c6211aad502;7.47;4.82710664;BUY
2016-04-30T00:27:56.000000;2016-04-30T00:27:57.429361;9eafa08b-f48f-4d59-81b1-475edfa27edc;7.47;1.03568116;BUY
2016-04-30T00:27:56.000000;2016-04-30T00:27:57.457363;9b6742c6-8a2a-4756-a8ac-b5cbb772cec5;7.47;3.5146547;BUY
2016-04-30T00:27:58.000000;2016-04-30T00:27:58.804490;d1f204f9-f895-4d06-b33b-e3c1c6ff2bd2;7.47;1.5994831;BUY
2016-04-30T00:28:00.000000;2016-04-30T00:28:00.790724;dd6bc0c1-6fe8-4dbb-9bfd-7c7304cbb18a;7.47;4.13266237;BUY
2016-04-30T00:28:03.000000;2016-04-30T00:28:03.183936;b46f9370-c715-483f-85e3-fc4a3b57bacf;7.47;0.75019004;BUY
2016-04-30T00:29:26.000000;2016-04-30T00:29:26.413296;84fc319d-f6e8-4273-99a7-10ca55a0c637;7.47;0.00300979;BUY
2016-04-30T00:38:03.000000;2016-04-30T00:38:03.279951;6dd1d777-2b9b-448f-853e-1dc44d8f6318;7.47;1.26752505;BUY
2016-04-30T00:46:59.000000;2016-04-30T00:46:59.802984;64bdeaba-94d0-4121-8ac7-ba4784e51f7c;7.47;0.34988;BUY
2016-04-30T00:57:18.000000;2016-04-30T00:57:18.543103;1c5837f8-98aa-4b51-9a42-7d5c1214d45a;7.4651;4.21277015;BUY
2016-04-30T00:57:20.000000;2016-04-30T00:57:20.556272;5688b4d6-479c-4845-b6e6-65cc09024e1d;7.4651;0.96426672;BUY
2016-04-30T01:02:12.000000;2016-04-30T01:02:12.691486;c371c8ae-f424-402d-9b33-52cb551a915d;7.46;1.84518851;SELL
2016-04-30T01:30:49.000000;2016-04-30T01:30:49.336662;89a006fd-e610-49e0-9b62-035ca9196d12;7.46;0.4161;BUY
2016-04-30T01:32:20.000000;2016-04-30T01:32:20.988840;ad6e8dc6-73fd-4ea6-98b8-436da5c34535;7.46;0.40623718;BUY
2016-04-30T01:36:32.000000;2016-04-30T01:36:32.111934;5e1fc2f3-1856-4139-89dd-809a6c96dc9e;7.46;6.31718727;BUY
2016-04-30T01:36:35.000000;2016-04-30T01:36:35.534251;e096132a-8070-470a-a43b-b388b9593631;7.46;6.31718727;BUY
2016-04-30T01:36:37.000000;2016-04-30T01:36:37.651457;075d57bf-84c0-45a0-84dc-846bfd17dc8b;7.46;6.31718727;BUY
2016-04-30T01:36:38.000000;2016-04-30T01:36:38.228526;82c5ee13-6abc-40b2-88a1-0255fb0883cf;7.46;18.91837445;BUY
2016-04-30T01:36:38.000000;2016-04-30T01:36:39.246647;5ead499d-6b7b-4814-9d8b-50e4d3b7eb6f;7.46;16.9680985;BUY
2016-04-30T01:36:40.000000;2016-04-30T01:36:40.333753;e42e1441-44d0-45e9-82e2-abb0c020722e;7.46;6.31718727;BUY
2016-04-30T01:36:42.000000;2016-04-30T01:36:42.486983;e0ef22ba-e036-4833-909f-5a3a2c5a15a6;7.46;6.31718727;BUY
2016-04-30T01:36:42.000000;2016-04-30T01:36:43.042003;43f1da6e-5251-43d3-9d26-fb1fb26a1122;7.46;16.9680985;BUY
2016-04-30T01:36:44.000000;2016-04-30T01:36:44.403142;1650f1ea-e46e-42e5-9915-fd62f8915966;7.46;6.31718727;BUY
2016-04-30T01:36:46.000000;2016-04-30T01:36:46.284341;7046e6f1-095e-4f75-8835-c7d08e317843;7.46;6.31718727;BUY
2016-04-30T01:36:48.000000;2016-04-30T01:36:48.620591;dee82a51-6b0f-4c1a-86c6-0729ece90c1c;7.46;3.15761523;BUY
2016-04-30T01:36:49.000000;2016-04-30T01:36:49.756699;c9e6085c-1fc5-45d8-adbb-b1aa4874289f;7.46;6.31718727;BUY
2016-04-30T01:36:52.000000;2016-04-30T01:36:52.289929;8fd6f737-b4be-4d07-8c53-d2156f4bd717;7.46;6.31718727;BUY
2016-04-30T01:36:54.000000;2016-04-30T01:36:54.890223;3b8f916d-6cda-4609-93f2-fe5a4226c9c4;7.46;6.31718727;BUY
2016-04-30T01:36:56.000000;2016-04-30T01:36:56.440395;2c6fdaf6-2cf2-4115-89eb-27b8fb2adfbb;7.46;8.14841493;BUY
2016-04-30T01:36:59.000000;2016-04-30T01:36:59.466683;df44fc68-1a4a-4914-b136-f027c98a1560;7.4651;4.66565313;BUY
2016-04-30T01:37:00.000000;2016-04-30T01:37:00.129713;63842b08-b201-4d92-ad74-e6c01d726771;7.4651;0.15731;BUY
2016-04-30T01:37:00.000000;2016-04-30T01:37:00.136742;82ae4521-cb89-417f-8073-f91efa9932ba;7.4651;4.29546224;BUY
2016-04-30T01:37:00.000000;2016-04-30T01:37:00.526786;e6f8ddc9-bb58-44c5-8634-ff7ab6f5931f;7.4651;5.70453776;BUY
2016-04-30T01:37:00.000000;2016-04-30T01:37:00.531790;ec193897-6443-4e33-bf58-dba1af4facf4;7.4651;4.3082922;BUY
2016-04-30T01:37:00.000000;2016-04-30T01:37:00.553804;4687c596-f664-4682-be7a-044838c14adc;7.4651;4.45277224;BUY
2016-04-30T01:37:01.000000;2016-04-30T01:37:01.595880;b63740d7-e621-4af2-9ac4-bd237193d164;7.4641;4.66565313;BUY
2016-04-30T01:37:04.000000;2016-04-30T01:37:04.242150;3d519282-1b2a-40f7-957a-b021d8c98e03;7.4641;4.66565313;BUY
2016-04-30T01:37:06.000000;2016-04-30T01:37:06.301324;f36342d2-64c2-4ade-8c18-bf283c5c7742;7.4641;4.66565313;BUY
2016-04-30T01:37:14.000000;2016-04-30T01:37:14.575166;7ceb7024-d6a2-498b-9757-7270495f7c53;7.4641;2.5;BUY
2016-04-30T01:37:15.000000;2016-04-30T01:37:15.232274;8ac4984c-78ea-4ffb-9a1b-ef253590fe56;7.4651;1.23893556;BUY
2016-04-30T01:37:15.000000;2016-04-30T01:37:15.236237;79a79b2d-b652-43f4-ab23-243416808beb;7.4651;0.71383668;BUY
2016-04-30T01:37:15.000000;2016-04-30T01:37:15.488263;7ebe497f-1c3e-4b3a-8b38-17815e3cbecf;7.4651;1.95277224;BUY
2016-04-30T01:37:16.000000;2016-04-30T01:37:16.684390;59049df9-5d18-4652-a3f6-5ea7492f6a32;7.4651;2.70013626;BUY
2016-04-30T01:37:18.000000;2016-04-30T01:37:18.533561;83e98d72-e263-41a6-bbdb-633109475a49;7.4651;3.0182597;BUY
2016-04-30T01:37:20.000000;2016-04-30T01:37:20.318763;88b679d2-5f5e-42bb-9abe-1c054e69aad5;7.4651;1.61499512;BUY
2016-04-30T01:37:37.000000;2016-04-30T01:37:37.088443;f534153e-c40b-4952-b7eb-fa0f3f8bd5e6;7.47;5.39609647;BUY
2016-04-30T01:37:39.000000;2016-04-30T01:37:39.959700;a8c7643d-d5f9-4fe2-aea9-da3781eedac9;7.47;2.98649848;BUY
2016-04-30T01:37:39.000000;2016-04-30T01:37:39.966702;e2bf9502-d90d-41e2-abf7-e8f5591fdec3;7.47;2.40959799;BUY
2016-04-30T01:37:41.000000;2016-04-30T01:37:41.807929;16ac3a2e-ee05-4101-904f-71728a14bfee;7.47;5.39609647;BUY
2016-04-30T01:37:43.000000;2016-04-30T01:37:43.985110;19c09b5c-6057-4bfb-9e9b-e241ea6236b7;7.47;2.19430554;BUY
2016-04-30T01:42:05.000000;2016-04-30T01:42:05.708854;2f2a2b67-0405-4d6c-8586-87bf36f1ffd6;7.48;3.37897142;BUY
2016-04-30T01:42:15.000000;2016-04-30T01:42:15.679855;c24ff2f7-1575-41d1-b90f-5a611bfbc901;7.48;3.48697395;BUY
2016-04-30T01:42:15.000000;2016-04-30T01:42:15.931875;66b4cb55-b343-49be-9457-423db1d4662e;7.48;3.13405463;BUY
2016-04-30T01:42:15.000000;2016-04-30T01:42:15.952917;3590bc80-0d43-44e6-bf45-1ad59f10e217;7.48;3.98346992;BUY
2016-04-30T01:42:18.000000;2016-04-30T01:42:18.113138;e251f36f-869b-4908-b179-92f73951ad24;7.48;6.01653008;BUY
2016-04-30T01:42:18.000000;2016-04-30T01:42:18.138099;27e54b3e-71e3-4443-b676-6803c7327db7;7.48;1.10099447;BUY
2016-04-30T01:42:20.000000;2016-04-30T01:42:20.735412;2d6d3330-eec1-4533-b29e-c4fb03f47a09;7.48;7.11752455;BUY
2016-04-30T01:42:22.000000;2016-04-30T01:42:22.835575;ef062220-dc14-4e8c-b53d-a7efca7b8a0b;7.48;1.78148098;BUY
2016-04-30T01:43:37.000000;2016-04-30T01:43:38.088101;8f807775-ffd6-4a42-9fcc-ac8e29daa889;7.499;50.0;BUY
2016-04-30T01:44:27.000000;2016-04-30T01:44:27.694089;9f971bf6-dd39-4526-b420-2a12a30dcccf;7.516;1.6;BUY
2016-04-30T01:44:27.000000;2016-04-30T01:44:27.696041;0877f1ca-b5bd-4f79-9923-1d65415b2ed9;7.517;0.6343423;BUY
2016-04-30T01:44:27.000000;2016-04-30T01:44:27.712087;be9e82c6-57be-4dc5-bf60-8fdc34f11e68;7.517;1.3683168;BUY
2016-04-30T01:44:27.000000;2016-04-30T01:44:27.731049;ec73dfb4-e235-4eb7-bd1b-0a6928a5be65;7.517;1.3683168;BUY
2016-04-30T01:44:27.000000;2016-04-30T01:44:27.731049;be4f7047-d208-49ce-a90d-a14eb94f7f54;7.517;0.02676864;BUY
2016-04-30T01:44:47.000000;2016-04-30T01:44:47.619035;b2cb30bd-9fc2-44e1-a1e0-b9c77ecef679;7.517;1.02150526;BUY
2016-04-30T01:44:49.000000;2016-04-30T01:44:49.817261;47fec619-ec55-4a13-9d00-dd06158730bf;7.517;0.3200429;BUY
2016-04-30T01:44:49.000000;2016-04-30T01:44:49.817261;c1a82102-6385-40a7-8bd1-f491a9e3e8ea;7.517;0.77493579;BUY
2016-04-30T01:44:49.000000;2016-04-30T01:44:49.849271;2e36c313-0b03-4825-b4c3-762663b45cb4;7.517;0.94384463;BUY
2016-04-30T01:44:49.000000;2016-04-30T01:44:49.867274;b8ebc28c-626d-4a17-9bd7-31b11c106c17;7.517;0.00333889;BUY
2016-04-30T01:44:59.000000;2016-04-30T01:44:59.785290;12f984cd-7b10-4ed2-b489-615eb941deaf;7.517;0.63824369;BUY
2016-04-30T01:45:03.000000;2016-04-30T01:45:03.588634;06d90fce-998f-46e2-a26a-93b2d7cf8e92;7.517;0.00256065;BUY
2016-04-30T01:45:04.000000;2016-04-30T01:45:05.018790;c9a0b2ef-186f-4bee-8efa-b39e47fd6bff;7.518;20.0;BUY
2016-04-30T01:47:58.000000;2016-04-30T01:47:58.291146;6bcbbea1-e05b-405e-b2d3-e83f8d5f0c6a;7.5209;7.9;BUY
2016-04-30T01:49:21.000000;2016-04-30T01:49:21.873475;467a9395-43ea-450e-ab97-8d74301edd83;7.5209;2.31441493;BUY
2016-04-30T01:49:31.000000;2016-04-30T01:49:31.209404;50752aa7-b1de-4fa3-bfb1-355ed2c1a98c;7.5209;3.10452428;BUY
2016-04-30T01:49:33.000000;2016-04-30T01:49:33.048610;11be7cec-b310-43e6-97e4-f837cc091207;7.5209;1.58551974;BUY
2016-04-30T01:49:35.000000;2016-04-30T01:49:35.648847;eb7b14dd-b2e8-4fdd-af8d-076427bd3a1e;7.5209;0.71688787;BUY
2016-04-30T01:49:37.000000;2016-04-30T01:49:37.637068;e4cbc649-38a4-4f17-bd30-6671df82f7e5;7.5209;1.58551974;BUY
2016-04-30T01:49:39.000000;2016-04-30T01:49:39.576248;93de23a4-ff05-4a2b-8789-7cae1ac63da4;7.5209;3.05888039;BUY
2016-04-30T01:49:42.000000;2016-04-30T01:49:42.268525;dbd8ac64-61f3-496f-928c-8672f02ae8bf;7.5209;1.14540714;BUY
2016-04-30T01:49:52.000000;2016-04-30T01:49:52.257537;62112fa8-adef-4435-aabe-3262027433d0;7.5209;3.01038376;BUY
2016-04-30T01:50:50.000000;2016-04-30T01:50:50.723378;178020c1-4512-4dd1-89f2-7c46de9e3476;7.5209;3.07058103;BUY
2016-04-30T01:50:53.000000;2016-04-30T01:50:53.467624;04299d24-d6d7-4d26-bcd4-07b81ac10e5d;7.5209;1.94766303;BUY
2016-04-30T01:54:34.000000;2016-04-30T01:54:34.028711;21cd3e2f-310b-4a6b-b923-dc5c6272f351;7.5209;0.00781409;BUY
2016-04-30T01:56:04.000000;2016-04-30T01:56:04.706569;0100d4e2-3dba-4f18-bab1-084cf645c42c;7.524;4.2;SELL
2016-04-30T01:56:04.000000;2016-04-30T01:56:04.752515;140e2358-08f6-4231-85e1-017c9af72d8c;7.523;98.1472;SELL
2016-04-30T01:56:04.000000;2016-04-30T01:56:04.776513;2f4b335c-fffb-4c46-b867-bbb31ab44878;7.523;97.5183;SELL
2016-04-30T01:56:04.000000;2016-04-30T01:56:04.788509;7bb3ea59-31f9-4724-8276-e822a2c1de2d;7.523;7.996263;SELL
2016-04-30T01:56:20.000000;2016-04-30T01:56:20.936155;f2ba843a-a14b-495d-a886-cfcaabcbde09;7.53;3.13711962;BUY
2016-04-30T01:56:23.000000;2016-04-30T01:56:23.899422;134c16b5-9881-47ee-8d77-70ca414c86df;7.53;1.78996344;BUY
2016-04-30T01:56:25.000000;2016-04-30T01:56:25.728635;aece5334-4e25-4a12-98ed-31d94763f489;7.53;0.07291694;BUY
2016-04-30T01:56:36.000000;2016-04-30T01:56:36.465672;6a48259d-d0b3-4442-8205-a7f0c1bc5d78;7.531;20.0;SELL
2016-04-30T01:57:16.000000;2016-04-30T01:57:16.237665;c46845de-0f8c-4dc9-93a4-af5c4d69cf43;7.53;1.78251937;SELL
2016-04-30T01:57:22.000000;2016-04-30T01:57:22.747314;f5ea31d6-159f-4b17-ae7d-37936d08c99b;7.53;0.90323217;BUY
2016-04-30T01:57:24.000000;2016-04-30T01:57:24.747509;2d629391-a4fe-458f-b453-b2235d22e0dd;7.53;0.95133471;BUY
2016-04-30T01:57:26.000000;2016-04-30T01:57:27.018771;25991a21-cb3c-42a2-b006-1c16b2047d73;7.53;1.09126212;BUY
2016-04-30T01:57:28.000000;2016-04-30T01:57:28.890918;639c6c29-9e06-433e-8f81-11bf95057ced;7.53;1.29335704;BUY
2016-04-30T01:57:46.000000;2016-04-30T01:57:46.262661;d69e5c0f-3ec5-41e7-8299-38b15615f103;7.529;4.2;BUY
2016-04-30T01:57:46.000000;2016-04-30T01:57:46.279657;3c988d04-798e-44b4-849f-ef440ec58199;7.53;1.57916325;BUY
2016-04-30T01:57:47.000000;2016-04-30T01:57:48.059854;e73f0579-863a-47e0-aede-e6e14ff31ff6;7.53;5.77916325;BUY
2016-04-30T01:57:51.000000;2016-04-30T01:57:51.525207;bc37f7c9-53e5-4d40-8fb7-7170917a355b;7.53;5.77916325;BUY
2016-04-30T01:57:53.000000;2016-04-30T01:57:53.874407;6fe44f39-e625-4ace-a751-5169f7f897cc;7.53;0.84080484;BUY
2016-04-30T01:57:53.000000;2016-04-30T01:57:53.887424;820ec42f-9c65-46e3-b9bd-3750d85e19d6;7.53;1.06734704;BUY
2016-04-30T01:58:04.000000;2016-04-30T01:58:04.266457;e017ab7b-1b40-4788-9212-e109c7881966;7.53;2.33799982;BUY
2016-04-30T01:58:06.000000;2016-04-30T01:58:06.100672;e73952d9-15f1-42d0-84a1-e7d0f113deb4;7.53;2.33799982;BUY
2016-04-30T02:05:28.000000;2016-04-30T02:05:28.492866;823eb3f3-f6b8-40e5-936e-5d1ca875eb78;7.53;14.25665332;BUY
2016-04-30T02:05:28.000000;2016-04-30T02:05:28.500875;e0717e6c-5b63-4d59-b5fb-60e47ffda7d5;7.53;4.66172113;BUY
2016-04-30T02:06:37.000000;2016-04-30T02:06:37.524773;150ff700-e894-49e6-a6d2-b97a1ea678d5;7.53;15.33827887;BUY
2016-04-30T02:14:44.000000;2016-04-30T02:14:44.934084;df43a9cc-5474-4ad8-8b63-7a37716d9a49;7.54;18.91837445;BUY
2016-04-30T02:23:04.000000;2016-04-30T02:23:04.864086;a0889733-1149-4b99-8c8a-94c3837530ff;7.54;1.08162555;BUY
2016-04-30T02:23:04.000000;2016-04-30T02:23:04.967118;21dfe152-f7ec-4178-87e1-bc9f0f2fd53c;7.54;15.7064399;BUY
2016-04-30T02:23:07.000000;2016-04-30T02:23:07.295330;c4f77907-4336-42fb-ae99-3716333e2f22;7.54;4.2935601;BUY
2016-04-30T02:29:04.000000;2016-04-30T02:29:05.028560;236cc855-7382-499a-b736-5a0bbff680aa;7.5466;3.386314;BUY
2016-04-30T02:29:09.000000;2016-04-30T02:29:09.635034;4b0015c8-d1a2-4d62-acfe-a0451375c585;7.5466;0.013586;BUY
2016-04-30T02:29:09.000000;2016-04-30T02:29:09.644990;a072ef33-ab61-4243-a9b3-ae455a61efdc;7.5498;3.483914;BUY
2016-04-30T02:37:50.000000;2016-04-30T02:37:50.152045;baf7e45e-7e83-47f3-ac9e-185db61d09ea;7.5498;11.82817193;BUY
2016-04-30T02:47:26.000000;2016-04-30T02:47:26.613451;9cd88523-9af0-4751-8a68-471e62a72262;7.54;10.0;BUY
2016-04-30T02:47:27.000000;2016-04-30T02:47:27.808550;b569cb0d-0f74-411b-a248-e49b7042eeb3;7.5498;2.49450535;BUY
2016-04-30T02:49:40.000000;2016-04-30T02:49:40.499835;785abdee-640c-4117-88bb-80b1575d70f4;7.543;10.0;SELL
2016-04-30T02:49:49.000000;2016-04-30T02:49:49.715762;7a44b4f9-0ff7-48d2-bf50-382db8cca723;7.54;2.37207498;BUY
2016-04-30T03:11:49.000000;2016-04-30T03:11:49.216164;a7ce7574-bd9e-4457-b220-04b1664de8e9;7.539;7.62792502;BUY
2016-04-30T03:16:14.000000;2016-04-30T03:16:14.911755;c8742c17-16b2-4e72-b11f-f7ca07636ca2;7.539;2.36899592;BUY
2016-04-30T03:16:15.000000;2016-04-30T03:16:16.050845;00b45aca-a1ee-436a-83ab-0b95dc8f5a1f;7.539;18.68153508;BUY
2016-04-30T03:16:16.000000;2016-04-30T03:16:16.458882;87db79e1-5ecf-49e1-858f-13d2ef447ecd;7.539;0.23683937;BUY
2016-04-30T03:16:17.000000;2016-04-30T03:16:17.210945;db0b8d72-9dba-48bf-83a6-42ac4dfecff6;7.539;5.82821141;BUY
2016-04-30T03:16:35.000000;2016-04-30T03:16:35.248765;1120e397-d51a-4876-8389-1d3c911c73f1;7.539;15.2564932;BUY
2016-04-30T03:16:35.000000;2016-04-30T03:16:35.259748;1fbda42b-9509-4c57-9d59-419e6765244a;7.549;3.66188125;BUY
2016-04-30T03:23:46.000000;2016-04-30T03:23:46.172850;b629faf4-af1d-46b6-be92-ad2f899a09a4;7.549;2.52759858;BUY
2016-04-30T03:25:55.000000;2016-04-30T03:25:55.918184;f8944303-abeb-42d7-acff-200d5b22b64b;7.549;6.54249807;BUY
2016-04-30T03:26:13.000000;2016-04-30T03:26:13.889027;b1dffb35-a377-4eba-8774-a3ff2b9eb8ab;7.549;6.9880221;BUY
2016-04-30T03:26:13.000000;2016-04-30T03:26:13.904980;04934a78-81e1-49d7-874b-1ba622f1bb05;7.5498;11.93035235;BUY
2016-04-30T03:26:14.000000;2016-04-30T03:26:14.184010;5f1f10b8-ff0c-4252-b5f1-842f872037b2;7.5498;18.91837445;BUY
2016-04-30T03:26:14.000000;2016-04-30T03:26:14.662070;2738eb6f-2aeb-48c6-a7eb-b59450e73cfa;7.5498;18.91837445;BUY
2016-04-30T03:26:14.000000;2016-04-30T03:26:14.794069;0b80255a-e27d-4d91-8418-c49dc7d5666b;7.5498;4.21234973;BUY
2016-04-30T03:26:15.000000;2016-04-30T03:26:15.120111;a0e04dd9-dd98-4dda-a6a2-2937f7482bab;7.5498;18.91837444;BUY
2016-04-30T03:27:26.000000;2016-04-30T03:27:27.080307;9192ca00-38e0-45b0-afe7-fae104df6aba;7.5498;121.5967;BUY
2016-04-30T03:28:39.000000;2016-04-30T03:28:39.571636;d7baf716-29ac-4199-8070-1dc06b163481;7.5498;0.8888833;BUY
2016-04-30T03:28:39.000000;2016-04-30T03:28:39.579580;fdfa28a1-4dac-4b00-80b9-5d4a4c6452a0;7.55;7.7383167;BUY
2016-04-30T03:31:18.000000;2016-04-30T03:31:18.977502;336633a7-2a7a-47b2-a7d4-73c8c8389b81;7.55;40.96;BUY
2016-04-30T03:31:19.000000;2016-04-30T03:31:20.029603;f4e0be48-fbf7-4406-a693-67c58ee55480;7.55;1.3016833;BUY
2016-04-30T03:33:41.000000;2016-04-30T03:33:41.485746;8f428197-79f7-4cce-9000-ac71814cd692;7.551;20.0;SELL
2016-04-30T03:33:43.000000;2016-04-30T03:33:43.710980;c3ad45d4-9583-41d9-bd19-8d95b021435c;7.552;20.0;SELL
2016-04-30T03:33:49.000000;2016-04-30T03:33:49.469559;6467ad44-47f0-4983-a6bd-665d227cccbc;7.5521;18.88809294;SELL
2016-04-30T03:33:49.000000;2016-04-30T03:33:49.477546;87ddd1a2-0451-4d88-9284-80ab195ceb75;7.552;1.11190706;SELL
2016-04-30T03:34:01.000000;2016-04-30T03:34:01.163717;660d472d-5900-4d3b-b7df-aec2b06f03a6;7.553;25.0;SELL
2016-04-30T03:34:24.000000;2016-04-30T03:34:24.051987;42458618-d0e3-46fa-93c3-b2926ae0855e;7.553;52.14;SELL
2016-04-30T03:35:27.000000;2016-04-30T03:35:27.067302;b48d24ce-3051-4b4d-be21-2915f49dcf11;7.552;20.0;SELL
2016-04-30T03:35:29.000000;2016-04-30T03:35:29.989586;a5034146-9000-4c9d-8fbd-623335e3b94c;7.552;20.0;SELL
2016-04-30T03:35:33.000000;2016-04-30T03:35:34.026029;5a0b2a83-d532-4431-b776-db01d6acba1c;7.552;20.0;SELL
2016-04-30T03:35:36.000000;2016-04-30T03:35:37.002289;04e151fb-f396-41f7-bb01-beb77a43ef98;7.552;20.0;SELL
2016-04-30T03:35:41.000000;2016-04-30T03:35:41.800768;96019a2f-62c3-4a29-9111-1df2f366dd53;7.553;20.0;SELL
2016-04-30T03:35:45.000000;2016-04-30T03:35:45.473166;a34d5b98-9e15-456e-844b-a6dabdbb4db6;7.553;20.0;SELL
2016-04-30T03:35:48.000000;2016-04-30T03:35:48.604467;203d6ae0-0312-48ed-9457-986d53382b0d;7.553;20.0;SELL
2016-04-30T03:35:54.000000;2016-04-30T03:35:54.078992;9f4e5e88-7d97-4d38-bad8-7d8823b33e2e;7.553;20.0;SELL
2016-04-30T03:36:00.000000;2016-04-30T03:36:00.468636;cbfec421-9511-4763-8245-916c037e2c22;7.553;20.0;SELL
2016-04-30T03:36:03.000000;2016-04-30T03:36:03.275942;316efd21-cef6-4e29-b277-e80c198ef85d;7.553;20.0;SELL
2016-04-30T03:36:11.000000;2016-04-30T03:36:11.487727;57598d72-83e6-4e12-af02-fc200878fb7f;7.553;39.3045;SELL
2016-04-30T03:36:11.000000;2016-04-30T03:36:11.512770;41756d40-2d09-4827-977b-e8aa0d9491b6;7.553;97.8821;SELL
2016-04-30T03:36:15.000000;2016-04-30T03:36:15.054099;edcf24e1-faf3-44cc-8423-d1af2ef01da0;7.552;18.66169122;BUY
2016-04-30T03:36:15.000000;2016-04-30T03:36:15.292130;6c333df0-a3a3-40df-abe5-42ff5d217e9e;7.552;2.05522366;BUY
2016-04-30T03:36:15.000000;2016-04-30T03:36:15.945210;ddbce733-5a0f-4173-8b63-8f62bfa3c2be;7.552;18.66169122;BUY
2016-04-30T03:36:18.000000;2016-04-30T03:36:18.291418;4bcc7ed8-f8fe-4d9b-b478-c511a7d331c0;7.552;1.79318615;BUY
2016-04-30T03:36:19.000000;2016-04-30T03:36:19.972590;fd23e364-18a3-4be9-8b6d-7e7d6a6f539f;7.552;18.66169122;BUY
2016-04-30T03:36:20.000000;2016-04-30T03:36:20.575646;19456c16-0e0c-4495-bb27-5a43797d4851;7.552;1.44247122;BUY
2016-04-30T03:36:20.000000;2016-04-30T03:36:21.045694;d443e6d0-12e0-4fad-acf8-ddc37b332579;7.552;1.53744531;BUY
2016-04-30T04:18:56.000000;2016-04-30T04:18:56.810447;97705a3b-c20b-416d-ad14-34fb46c94df5;7.5771;18.88809294;SELL
2016-04-30T04:18:56.000000;2016-04-30T04:18:56.816461;f76220b3-fae8-4e92-9e23-a550123400a0;7.577;81.11190706;SELL
2016-04-30T04:19:12.000000;2016-04-30T04:19:12.074972;e5aa7149-30e6-4b1e-bba3-b11b51bf647a;7.58;98.1307;SELL
2016-04-30T04:19:12.000000;2016-04-30T04:19:12.085011;45db1e15-63a6-4c05-bfde-878bfbdb117c;7.5791;1.8693;SELL
2016-04-30T04:22:48.000000;2016-04-30T04:22:48.878660;2535ab51-d582-49a5-b033-aed0fa40f4a5;7.589;5.0;BUY
2016-04-30T04:22:48.000000;2016-04-30T04:22:48.882650;821984bc-f21e-4d16-9420-b88827b300ba;7.589;2.26020081;BUY
2016-04-30T04:22:54.000000;2016-04-30T04:22:54.261193;26e7ca91-eaa9-42b5-ba5b-8f6e8ce4352e;7.589;18.88809294;BUY
2016-04-30T04:22:56.000000;2016-04-30T04:22:56.637420;2b203144-20e3-496a-88eb-f574c61d0633;7.589;18.88809294;BUY
2016-04-30T04:22:59.000000;2016-04-30T04:22:59.779744;e03a4649-e105-45a4-b3f4-844176c1ff0f;7.589;9.96361331;BUY
2016-04-30T04:22:59.000000;2016-04-30T04:22:59.786750;2b92cca1-6209-404d-bca6-dd338f301933;7.592;8.62415774;BUY
2016-04-30T04:23:05.000000;2016-04-30T04:23:05.940361;4d6e26b0-d666-455f-8ffa-3f32bde9e1b4;7.592;18.58777105;BUY
2016-04-30T04:25:35.000000;2016-04-30T04:25:35.702353;3273975b-3f90-4ed2-8123-0fcfb0f48e85;7.592;3.10169158;BUY
2016-04-30T04:25:37.000000;2016-04-30T04:25:37.723565;04c6c0dc-0239-4acc-99ca-c4ea93b8c383;7.592;3.67431312;BUY
2016-04-30T04:25:40.000000;2016-04-30T04:25:40.531950;8021adfe-31f1-4355-a33c-11e79fc30cfa;7.592;3.67431312;BUY
2016-04-30T04:25:43.000000;2016-04-30T04:25:43.269101;038f2284-4631-4278-97da-69dc1b976086;7.592;3.67431312;BUY
2016-04-30T04:25:45.000000;2016-04-30T04:25:46.253394;64cd5f4c-46cf-4395-a2cd-e67716d01fd4;7.592;3.67431312;BUY
2016-04-30T04:25:48.000000;2016-04-30T04:25:48.492632;e4fa33bf-148d-49b4-8eeb-0c98260b0079;7.592;3.67431312;BUY
2016-04-30T04:25:50.000000;2016-04-30T04:25:50.456825;850fe6b8-3420-45e7-ae2a-4622d08c2e62;7.592;1.30956003;BUY
2016-04-30T04:26:17.000000;2016-04-30T04:26:17.477525;68dc68b8-4cce-4687-9a95-19e06bdda5d9;7.592;0.005254;BUY
2016-04-30T04:26:17.000000;2016-04-30T04:26:17.495515;4568f171-8bb2-4cb2-a7a4-b924356aee65;7.592;0.21913092;BUY
2016-04-30T04:26:17.000000;2016-04-30T04:26:17.495515;834eab5c-653a-432e-bb1a-f796d57c8c56;7.6;0.1;BUY
2016-04-30T04:26:17.000000;2016-04-30T04:26:17.495515;115a889e-36d1-4269-a189-fbec49230d47;7.6;0.80717529;BUY
2016-04-30T04:27:15.000000;2016-04-30T04:27:15.282311;3dad0f46-cdb2-4994-a6b9-cb9cb6276ac3;7.6;1.9;BUY
2016-04-30T04:27:24.000000;2016-04-30T04:27:24.951307;5857f25b-a6ce-4ce7-95a1-08456bcd01a9;7.6;0.2;BUY
2016-04-30T04:27:26.000000;2016-04-30T04:27:26.041382;3f72028c-61ff-4c02-9efa-1bd9979fe4aa;7.6;1.12870954;BUY
2016-04-30T04:27:29.000000;2016-04-30T04:27:29.925792;a8efd96d-916e-43e8-97e8-138a2035c23d;7.6;35.36838368;BUY
2016-04-30T04:27:30.000000;2016-04-30T04:27:30.577836;fabf61f0-308f-43b1-9e25-2adf8abcc300;7.6;10.59572646;BUY
2016-04-30T04:27:31.000000;2016-04-30T04:27:31.119912;a0ad57b4-dfb8-4e4c-a87f-897cec0ce365;7.613;1.12765379;BUY
2016-04-30T04:27:33.000000;2016-04-30T04:27:33.867185;6255b9e7-4737-4dd4-9b47-5c96fced8ac6;7.6;2.1;SELL
2016-04-30T04:28:46.000000;2016-04-30T04:28:46.348412;7be6cf01-daf1-45bf-8811-31573b0304e8;7.613;48.87234621;BUY
2016-04-30T04:37:25.000000;2016-04-30T04:37:25.881343;0fd5af9b-2d81-44f7-aaff-3d866bacf08b;7.63;35.30034665;BUY
2016-04-30T04:37:28.000000;2016-04-30T04:37:28.599691;f740c48a-beda-4283-bedd-7f6422b1b7dc;7.63;1.12257976;BUY
2016-04-30T04:37:52.000000;2016-04-30T04:37:52.894069;a9628a97-0bcf-4c3c-a8bf-4494aaf4482f;7.63;15.88734339;BUY
2016-04-30T04:37:53.000000;2016-04-30T04:37:53.462107;c6d463a6-2ad6-4a11-b2b0-7ef89c6a9789;7.633;1.12228413;BUY
2016-04-30T04:38:58.000000;2016-04-30T04:38:58.138582;89688b99-757e-4019-b352-7e3d910a9aa6;7.633;35.20561784;BUY
2016-04-30T04:38:59.000000;2016-04-30T04:39:00.027768;aafa2f78-1b14-4678-ba63-711b0906eaa4;7.633;1.12163081;BUY
2016-04-30T04:39:00.000000;2016-04-30T04:39:00.752848;a81ef53d-17bd-48df-abbb-54b08e63fa22;7.633;12.55046722;BUY
2016-04-30T04:39:38.000000;2016-04-30T04:39:38.142582;7c0d61ca-1e7f-4460-9ce9-45d7b4bf93cd;7.6366;0.85;BUY
2016-04-30T04:39:38.000000;2016-04-30T04:39:38.154582;aff665e9-27d9-4807-b72a-0763c29f0b8a;7.6598;0.27153013;BUY
2016-04-30T04:39:42.000000;2016-04-30T04:39:42.737037;27023686-1ffe-47a0-9b07-a685aaa7864e;7.6598;3.09450673;BUY
2016-04-30T04:39:42.000000;2016-04-30T04:39:42.747070;4f480148-339a-49c0-8617-ff9ad56170a3;7.67;1.87049327;BUY
2016-04-30T04:44:37.000000;2016-04-30T04:44:37.909104;d09bea3d-e5ca-4a6c-94d3-6d5ebd5bee7b;7.67;3.08408106;BUY
2016-04-30T04:44:37.000000;2016-04-30T04:44:37.915087;e432f702-869e-4d48-a68c-3df62ce8d148;7.67;2.7995103;BUY
2016-04-30T04:44:37.000000;2016-04-30T04:44:37.922089;0533769c-986f-4ce9-b8a0-8418a359c9b1;7.67;1.65580068;BUY
2016-04-30T04:50:37.000000;2016-04-30T04:50:37.231024;fb2d1cb0-64c1-4ad9-b06a-8244bc9a0f0b;7.66;4.99969086;BUY
2016-04-30T04:51:15.000000;2016-04-30T04:51:15.107804;bc480083-2430-4330-be8f-1bbe1f215653;7.66;0.00030914;BUY
2016-04-30T04:51:15.000000;2016-04-30T04:51:15.111807;2729103f-94b2-4e67-aef4-ade21f51444e;7.67;1.11670239;BUY
2016-04-30T04:51:15.000000;2016-04-30T04:51:15.365857;c01e49b8-1036-4c33-92ca-ced4663ca158;7.67;35.11205371;BUY
2016-04-30T04:51:16.000000;2016-04-30T04:51:16.271958;6714b495-9269-429a-b115-8fb0f61a16d8;7.67;35.1533013;BUY
2016-04-30T04:51:16.000000;2016-04-30T04:51:16.739972;3511e949-3c0b-4bb2-bbff-261fd3270946;7.67;11.99261761;BUY
2016-04-30T04:51:16.000000;2016-04-30T04:51:16.861011;a50b8a1a-46fd-4511-8cda-c9b9216e0ab4;7.67;14.96952431;BUY
2016-04-30T04:51:16.000000;2016-04-30T04:51:16.869980;46a99896-ccde-453a-b624-c220b18a59e5;7.67;3.94885014;BUY
2016-04-30T04:51:16.000000;2016-04-30T04:51:17.066034;bfa92dae-1721-4270-bcd0-7dfff09fe4a7;7.67;7.59855397;BUY
2016-04-30T04:51:17.000000;2016-04-30T04:51:17.083992;44fdc13a-7c0e-416c-9fd9-512cc4d9803a;7.67;18.91837445;BUY
2016-04-30T04:51:17.000000;2016-04-30T04:51:17.388059;1f766347-d59e-48a1-ae7e-3429c30e2ac1;7.67;35.19454902;BUY
2016-04-30T04:51:17.000000;2016-04-30T04:51:18.051130;d328296e-6be1-4ecd-b9ca-1d9d093e1a6c;7.67;7.60747718;BUY
2016-04-30T04:51:19.000000;2016-04-30T04:51:19.884276;2b16bb25-f7bd-4116-8185-79424e3ce6f8;7.67;1.11720663;BUY
2016-04-30T04:51:57.000000;2016-04-30T04:51:57.647084;c608510f-46ff-44ab-a7b8-7f557d09d74f;7.67;0.67954991;BUY
2016-04-30T04:51:57.000000;2016-04-30T04:51:57.659085;a767c074-c333-4f0c-a3e6-ee84b4f874c7;7.68;0.43699815;BUY
2016-04-30T04:55:04.000000;2016-04-30T04:55:04.700772;f4e0c330-336f-4f9e-8ae4-ae55c0fda8b8;7.6551;18.88809294;SELL
2016-04-30T04:55:04.000000;2016-04-30T04:55:04.711770;c311fcd0-8746-420e-a32e-4b517cc005a3;7.655;7.22488096;SELL
2016-04-30T04:56:59.000000;2016-04-30T04:56:59.262876;bc5b1fee-8953-4757-a726-da26276ddec1;7.68;1.11466993;BUY
2016-04-30T04:56:59.000000;2016-04-30T04:56:59.624912;fd1e88aa-cd11-45d8-8077-31a304a5fbb6;7.68;16.44833192;BUY
2016-04-30T04:56:59.000000;2016-04-30T04:56:59.627953;7c70a285-5811-4796-9a71-153094332cf1;7.6877;2.47004253;BUY
2016-04-30T04:57:02.000000;2016-04-30T04:57:02.833241;adb4d2e1-5bc9-4b18-b687-a829737414f7;7.6877;2.83995747;BUY
2016-04-30T04:57:02.000000;2016-04-30T04:57:02.839237;6a3b0bb2-2c4a-4872-83fa-86f0f7402ac1;7.689;4.1;BUY
2016-04-30T04:57:02.000000;2016-04-30T04:57:02.845230;cdb82f9d-ffd9-4f23-89d7-b9f241caefb8;7.69;9.41364974;BUY
2016-04-30T04:58:08.000000;2016-04-30T04:58:08.304805;5cce0281-e1bf-49ad-a758-6b39d547bfc9;7.69;18.91837445;BUY
2016-04-30T04:58:08.000000;2016-04-30T04:58:08.335799;3eee34c6-b17a-43b8-ba9c-230366027b29;7.69;18.91837445;BUY
2016-04-30T04:58:13.000000;2016-04-30T04:58:13.187281;3d10c90e-adff-4682-ba1a-2c40fce3965c;7.69;18.91837445;BUY
2016-04-30T05:01:04.000000;2016-04-30T05:01:04.778437;2f8df4d2-af63-4bc2-b334-f041007f4bca;7.69;7.89834902;BUY
2016-04-30T05:02:02.000000;2016-04-30T05:02:02.505229;77d87a45-1911-418c-ad14-eddc14d2ff21;7.69;7.92969219;BUY
2016-04-30T05:02:36.000000;2016-04-30T05:02:36.254576;d7fe971e-b67d-436a-812b-04382e3af8dd;7.69;1.11306163;BUY
2016-04-30T05:02:57.000000;2016-04-30T05:02:57.217700;6b46b1cc-0fe5-43e0-accb-4c9bebfc4406;7.69;7.93998283;BUY
2016-04-30T05:03:54.000000;2016-04-30T05:03:55.052489;814fea91-fdc5-44b0-854d-f7c0c032deed;7.69;7.91932626;BUY
2016-04-30T05:04:56.000000;2016-04-30T05:04:56.769630;5ed427f0-263b-44c8-962e-decc48f360ca;7.69;2.06251482;BUY
2016-04-30T05:06:14.000000;2016-04-30T05:06:14.955446;f8a74c1f-ab4d-46d5-9104-bb8e2c4242dd;7.69;98.96830016;BUY
2016-04-30T05:11:07.000000;2016-04-30T05:11:08.068267;0c241c0f-476b-464a-b1e2-010331cea334;7.6933;0.84999983;BUY
2016-04-30T05:12:02.000000;2016-04-30T05:12:02.747732;4f343bcd-1962-44e6-bf84-b4e783b86509;7.7;2.0;BUY
2016-04-30T05:12:10.000000;2016-04-30T05:12:11.034571;2d20177a-d12f-420d-ac16-628e3646dada;7.7;0.9;BUY
2016-04-30T05:12:20.000000;2016-04-30T05:12:20.718517;1f8e2598-8053-4221-87f1-751d407924fd;7.7;2.1;BUY
2016-04-30T05:12:20.000000;2016-04-30T05:12:20.868532;28a9bbfe-f959-468f-a4e8-c6332d717121;7.7;7.98148519;BUY
2016-04-30T05:12:21.000000;2016-04-30T05:12:21.401562;fbdf4cca-81ba-4e4a-aa6d-dc97812e6c46;7.7;16.46122571;BUY
2016-04-30T05:12:24.000000;2016-04-30T05:12:24.410868;37c88b76-c0da-4027-ae2a-2a2d3b47f4ef;7.7;1.11146131;BUY
2016-04-30T05:12:26.000000;2016-04-30T05:12:26.146057;c09a33e6-3fb2-489a-aebf-4cfc0113ca0b;7.7;34.9148187;BUY
2016-04-30T05:12:27.000000;2016-04-30T05:12:27.533182;b9041aa3-04af-4fc3-8b4d-88006a7aa2ee;7.7;21.68884889;BUY
2016-04-30T05:12:27.000000;2016-04-30T05:12:27.932266;e49df0d5-1cb6-42b1-bb04-2ea6ce79b47e;7.7;12.8421602;BUY
2016-04-30T05:12:27.000000;2016-04-30T05:12:27.950226;3d7b89b3-d402-4269-86b2-498a86428884;7.7;0.1;BUY
2016-04-30T05:12:27.000000;2016-04-30T05:12:27.957261;f028a445-7672-4485-8f92-757c2b8bcaa0;7.7;8.35823694;BUY
2016-04-30T05:12:28.000000;2016-04-30T05:12:28.475303;2b88c5c5-0688-4412-9ddd-d957dba1c9ad;7.7;1.64176306;BUY
2016-04-30T05:12:28.000000;2016-04-30T05:12:28.482294;c9635c1e-d297-42fc-beee-7b2325ca5e17;7.7;11.9726585;BUY
2016-04-30T05:12:29.000000;2016-04-30T05:12:29.532382;c27386bb-e190-41ab-ab69-582c34fbe3ec;7.72;1.11054254;BUY
2016-04-30T05:13:08.000000;2016-04-30T05:13:08.258263;654499a9-6fa9-46b8-9ab7-158ae4d72a70;7.72;16.29824541;BUY
2016-04-30T05:13:09.000000;2016-04-30T05:13:09.964431;bd4c8571-e9e4-4746-9a80-ebf0abf668e5;7.73;1.10701024;BUY
2016-04-30T05:13:41.000000;2016-04-30T05:13:41.347578;5a0e596b-01c1-40e5-9db4-bd54b6827b67;7.729;5.0;BUY
2016-04-30T05:13:41.000000;2016-04-30T05:13:41.381579;c1dacb3e-32e4-4607-ae66-162f5849400f;7.73;13.2516634;BUY
2016-04-30T05:13:42.000000;2016-04-30T05:13:42.522685;47b409f9-8c6c-41d3-bb9c-2967e6685f3d;7.73;18.2516634;BUY
2016-04-30T05:13:43.000000;2016-04-30T05:13:43.911865;92e1b409-8a90-4ce1-b90e-c52015b9ae74;7.73;17.38966296;BUY
2016-04-30T05:13:48.000000;2016-04-30T05:13:48.702307;0baf00f0-1c08-4367-92ed-c1577889bcbe;7.7747;0.86200044;BUY
2016-04-30T05:13:48.000000;2016-04-30T05:13:48.905319;99f2dd8d-2e7e-4c09-8421-c564b11f9cfe;7.7192;0.7327;SELL
2016-04-30T05:22:06.000000;2016-04-30T05:22:06.285059;75bd5a44-33a7-4fc0-b6c5-4f1277272ce9;7.7747;2.47023989;BUY
2016-04-30T05:28:13.000000;2016-04-30T05:28:13.313186;4382fdd2-18a1-4ee4-9454-6ac9356a23ab;7.7391;18.88809294;SELL
2016-04-30T05:28:13.000000;2016-04-30T05:28:13.322192;3fa5def1-0fe1-4157-a87c-b29f462ad58d;7.739;9.636991;SELL
2016-04-30T05:28:15.000000;2016-04-30T05:28:15.561428;baf2e008-4c45-4a2a-9c9e-770f12db3dc8;7.739;28.52508394;SELL
2016-04-30T05:28:18.000000;2016-04-30T05:28:18.888762;3beafc97-8ff5-4c14-90cc-7e754c19db6f;7.7391;7.579057;SELL
2016-04-30T05:28:24.000000;2016-04-30T05:28:24.743339;692ea62a-d8b2-43d3-91ff-4ff272bd9f12;7.7391;10.634683;SELL
2016-04-30T05:28:24.000000;2016-04-30T05:28:24.747375;bfe05b49-188f-4982-9a9c-b3356fac99e0;7.7391;18.88809294;SELL
2016-04-30T05:28:25.000000;2016-04-30T05:28:25.078406;9a9a3787-b405-4bc2-9766-78b327fcac6b;7.737;70.47691371;BUY
2016-04-30T05:28:28.000000;2016-04-30T05:28:28.206679;4f98854d-36ce-43a8-95fe-507befc9d245;7.737;0.00031035;BUY
2016-04-30T05:28:34.000000;2016-04-30T05:28:34.683331;9995c054-b7f5-4ccb-a6af-90b861a5dc0c;7.7398;18.88809294;SELL
2016-04-30T05:28:34.000000;2016-04-30T05:28:34.685347;52b5a77f-ffcd-41bc-b23b-c3d76516dd1d;7.7397;6.30132611;SELL
2016-04-30T05:28:35.000000;2016-04-30T05:28:35.349400;3d14c482-644e-4b02-ae77-1543b36ee690;7.737;52.83071537;BUY
2016-04-30T05:28:35.000000;2016-04-30T05:28:35.586424;d7dd94e1-aa79-4a53-96de-8260f37e82c8;7.737;18.88809294;BUY
2016-04-30T05:28:36.000000;2016-04-30T05:28:36.308491;0fb67e39-58ab-41d7-b46e-ab67b2d22c12;7.737;2.73084253;BUY
2016-04-30T05:28:36.000000;2016-04-30T05:28:36.635522;94c41c00-03ba-40ce-8c7c-00eb3364b691;7.737;0.36093011;BUY
2016-04-30T05:28:58.000000;2016-04-30T05:28:58.194673;7b2e4e84-fff0-4da7-9247-81ced84b4004;7.7398;9.831286;SELL
2016-04-30T05:28:58.000000;2016-04-30T05:28:58.203726;ff543ac7-6f47-434a-ac20-67670e6858a1;7.7342;18.88809294;SELL
2016-04-30T05:28:58.000000;2016-04-30T05:28:59.094767;971912cc-e0fc-4caa-a975-aab653bef88b;7.7341;18.91837445;BUY
2016-04-30T05:28:58.000000;2016-04-30T05:28:59.118781;33440943-540e-4e30-8d4c-7179dc0f7120;7.7341;18.91837445;BUY
2016-04-30T05:29:01.000000;2016-04-30T05:29:01.178013;cf183cdf-d95e-4050-aaf0-e8e9d5ade2bf;7.7341;18.91837445;BUY
2016-04-30T05:29:02.000000;2016-04-30T05:29:02.533116;8826fe1b-fc9c-47f3-b55d-b22a2c7506ea;7.7341;5.1788529;BUY
2016-04-30T05:29:03.000000;2016-04-30T05:29:04.202295;560a8d68-e7d9-4464-87f9-c5a13a8a4786;7.7341;7.68284754;BUY
2016-04-30T05:29:04.000000;2016-04-30T05:29:04.657366;0440dca1-9b12-49ed-8333-e96a06a225e3;7.7341;1.66379727;BUY
2016-04-30T05:29:12.000000;2016-04-30T05:29:12.782131;7d9d141b-e391-4ad7-8761-41dd7e426106;7.7342;18.91837445;SELL
2016-04-30T05:29:12.000000;2016-04-30T05:29:12.794188;83a57c32-8304-41c6-9532-67ba414edf4d;7.7341;3.51505563;SELL
2016-04-30T05:29:12.000000;2016-04-30T05:29:12.801149;352fd343-7374-4e8a-af8f-576d07e24e23;7.7341;5.1788529;SELL
2016-04-30T05:29:13.000000;2016-04-30T05:29:13.665235;74e322e5-68a6-4ac7-b7ad-257944fd7b1b;7.7341;18.88809294;BUY
2016-04-30T05:29:18.000000;2016-04-30T05:29:18.116672;06828253-d1a3-46f5-a038-d663cea236b8;7.7341;5.1788529;BUY
2016-04-30T05:29:20.000000;2016-04-30T05:29:20.736942;19d084fd-a904-44ad-be4a-a09b2fa460e5;7.7341;5.1788529;BUY
2016-04-30T05:29:22.000000;2016-04-30T05:29:22.757135;631227bf-4971-4cb5-8b01-1a78d02c4f47;7.7341;5.1788529;BUY
2016-04-30T05:29:25.000000;2016-04-30T05:29:25.468459;a7f4f9be-1365-447b-8ea5-b9263ce52556;7.7341;4.85720019;BUY
2016-04-30T05:29:27.000000;2016-04-30T05:29:27.932705;52b9f7ab-2ac8-4991-81c9-ed29401d3ad5;7.7341;4.85720019;BUY
2016-04-30T05:29:30.000000;2016-04-30T05:29:30.949960;46298a12-ff66-4bf9-84d8-c0655ecf4e7e;7.7341;4.85720019;BUY
2016-04-30T05:29:33.000000;2016-04-30T05:29:33.461205;8244cc0b-d5e0-4f41-8360-85a66bae3c08;7.7341;4.85720019;BUY
2016-04-30T05:29:36.000000;2016-04-30T05:29:36.082481;18dfe1a6-3ff5-49e6-bf82-a3f5557d0c60;7.7341;4.85720019;BUY
2016-04-30T05:29:38.000000;2016-04-30T05:29:38.223695;ec0b7fae-a11e-41ba-ad59-aab9b33ba187;7.7341;4.80360789;BUY
2016-04-30T05:29:39.000000;2016-04-30T05:29:39.959873;7014343e-1754-4ccf-9ecf-4f1e5f876f09;7.7341;4.80360789;BUY
2016-04-30T05:29:43.000000;2016-04-30T05:29:43.425211;a77598b4-7161-4cc2-9656-9d4331123382;7.7341;4.06984865;BUY
2016-04-30T05:29:55.000000;2016-04-30T05:29:56.390504;49cbb650-c905-41a7-b3ed-e5a96f7885dc;7.7341;0.73375924;SELL
2016-04-30T05:29:55.000000;2016-04-30T05:29:56.398568;8c8a766f-159a-4998-9201-d5e6c9bea5ed;7.7341;4.05358553;SELL
2016-04-30T05:30:21.000000;2016-04-30T05:30:21.626035;2f17d787-4ec2-4c37-8443-16eb0ff5d384;7.7341;1.50648949;BUY
2016-04-30T05:30:25.000000;2016-04-30T05:30:25.093381;424b1789-66c0-4f59-b144-6d366a83921a;7.7341;18.23314849;BUY
2016-04-30T05:30:29.000000;2016-04-30T05:30:29.861846;ecd7da32-8dd8-4a17-bedd-e32c3eacdbeb;7.7341;4.80360789;BUY
2016-04-30T05:30:30.000000;2016-04-30T05:30:30.185880;114d4d50-b313-42e4-a3a8-b165c10a2d88;7.7341;18.23314849;BUY
2016-04-30T05:30:30.000000;2016-04-30T05:30:30.330911;2bb344af-0a7f-4aac-a902-edf613760ad3;7.7341;10.96455542;BUY
2016-04-30T05:30:32.000000;2016-04-30T05:30:32.440120;65f6b89b-e3ba-4dca-b62c-0d07168880f7;7.7341;4.80360789;BUY
2016-04-30T05:30:34.000000;2016-04-30T05:30:34.265339;a80befdc-49a8-44e5-8bae-12f96ce945ce;7.7341;4.80360789;BUY
2016-04-30T05:30:36.000000;2016-04-30T05:30:36.482518;927452bc-a216-4156-a64e-b24f510fed6c;7.7341;4.80360789;BUY
2016-04-30T05:30:38.000000;2016-04-30T05:30:38.077682;4cbcac4a-4f42-4b7b-a9ef-2455c7e4ea52;7.7341;4.80360789;BUY
2016-04-30T05:30:40.000000;2016-04-30T05:30:40.668933;eeee4a17-008c-4856-a5e0-52a728e2628f;7.7341;4.80360789;BUY
2016-04-30T05:30:42.000000;2016-04-30T05:30:42.571126;58aaefce-ca43-4f6c-b1d0-018545955503;7.7341;4.80360789;BUY
2016-04-30T05:30:44.000000;2016-04-30T05:30:44.774335;e8a808a8-ccd3-4f3b-8c0f-0914fc1de0d4;7.7341;4.80360789;BUY
2016-04-30T05:30:46.000000;2016-04-30T05:30:46.906557;f7535794-55e8-49cd-bc90-f618fe6a1abb;7.7341;4.80360789;BUY
2016-04-30T05:30:48.000000;2016-04-30T05:30:48.794798;4b777dfe-7071-407b-8acd-e8a7b467d1c2;7.7341;2.99942773;BUY
2016-04-30T05:30:51.000000;2016-04-30T05:30:51.634018;33bbaab2-9c0f-4443-aba3-abff860a22ce;7.7341;4.26794389;BUY
2016-04-30T05:30:53.000000;2016-04-30T05:30:53.642266;96ae4a0a-a27b-44dc-b065-db6d4c9116ec;7.7341;0.56281548;BUY
2016-04-30T05:30:53.000000;2016-04-30T05:30:54.041294;c57f2c52-add6-43e9-bb1f-5abe6c572e73;7.7333;0.7;SELL
2016-04-30T05:31:24.000000;2016-04-30T05:31:24.499324;0c1742b5-dd67-4235-9bb8-eabfae0e24a3;7.74;0.56281548;BUY
2016-04-30T05:31:24.000000;2016-04-30T05:31:24.535333;ee821eed-86a1-445e-8579-e637f90cb0c2;7.74;2.43475483;BUY
2016-04-30T05:31:24.000000;2016-04-30T05:31:24.739329;e222b9de-4cea-492c-a3e8-45292b6b3c06;7.74;4.13075937;BUY
2016-04-30T05:31:25.000000;2016-04-30T05:31:25.710420;092953b1-3ec5-4444-8088-8e3eade5f5dc;7.74;2.43865814;BUY
2016-04-30T05:31:25.000000;2016-04-30T05:31:25.875487;7a1f18a6-b98f-43b9-ac9c-2e49d40299bf;7.74;0.43301218;BUY
2016-04-30T05:31:33.000000;2016-04-30T05:31:34.364375;7e781d3d-96b1-4d26-a210-3273fcbaaa94;7.75;0.1298033;BUY
2016-04-30T05:31:35.000000;2016-04-30T05:31:35.361405;a4349f66-fb25-4670-b77c-761cc2252c9f;7.75;0.1298033;BUY
2016-04-30T05:32:08.000000;2016-04-30T05:32:08.185678;8b884b0b-b269-4934-a7d1-38bb0d33ced3;7.7432;2.43475483;SELL
2016-04-30T05:32:08.000000;2016-04-30T05:32:08.196695;12f566ad-65e1-4187-8caa-3eabb4ed5b86;7.7432;2.43475483;SELL
2016-04-30T05:32:08.000000;2016-04-30T05:32:08.205738;d9197133-1922-46ea-ab2c-02ad2197a813;7.7431;1.50767989;SELL
2016-04-30T05:32:08.000000;2016-04-30T05:32:08.232692;15ca52f7-6d80-420d-8831-1c964243d2aa;7.7431;8.07092;SELL
2016-04-30T05:32:08.000000;2016-04-30T05:32:08.279726;cbff374f-1526-429f-9500-77fe16927e3a;7.74;2.43475483;BUY
2016-04-30T05:32:08.000000;2016-04-30T05:32:08.436742;1c86c85d-4a3b-4dac-9767-52027fb629cf;7.74;2.43475483;BUY
2016-04-30T05:32:08.000000;2016-04-30T05:32:08.579721;63c26496-2f3d-4578-be34-38379c8ab3a4;7.74;2.43865814;BUY
2016-04-30T05:32:11.000000;2016-04-30T05:32:11.618046;c1f7e065-7c46-4f91-a516-dd1bac2edc7a;7.74;12.72224;BUY
2016-04-30T05:32:13.000000;2016-04-30T05:32:13.087175;1134aecd-477a-420a-a8c5-1c1217fe385b;7.74;3.77276277;BUY
2016-04-30T05:32:15.000000;2016-04-30T05:32:15.447442;06bdb332-d42e-4f1b-b48c-807536ecec15;7.74;3.77276277;BUY
2016-04-30T05:32:16.000000;2016-04-30T05:32:16.904549;102825c0-51a7-4e9b-a1c1-5869570809ae;7.74;7.97595711;BUY
2016-04-30T05:32:16.000000;2016-04-30T05:32:16.909569;0ae4760c-4d43-44f2-8118-4032848f4ddb;7.75;1.99380228;BUY
2016-04-30T05:32:26.000000;2016-04-30T05:32:26.898539;b4b262da-0dae-4503-b190-2cb635a3a0cd;7.75;7.74659112;BUY
2016-04-30T05:32:26.000000;2016-04-30T05:32:26.910542;637b7d85-8330-40ef-9295-67b4ab695565;7.75;7.81484425;BUY
2016-04-30T05:32:57.000000;2016-04-30T05:32:57.118568;31ed657c-6f3f-4ea5-8dcd-9bf7961e3e40;7.7424;1.50165532;BUY
2016-04-30T05:32:57.000000;2016-04-30T05:32:57.357613;85d8b83c-beb5-4e57-adfe-04521df1964e;7.7424;0.00602469;BUY
2016-04-30T05:33:18.000000;2016-04-30T05:33:18.125665;958f8677-4d52-4e36-9e30-a62cd4488d1f;7.75;2.17642387;BUY
2016-04-30T05:33:20.000000;2016-04-30T05:33:20.764943;ce3ae852-0f50-4cce-9dca-7279a6236a48;7.75;0.00873188;BUY
2016-04-30T05:34:15.000000;2016-04-30T05:34:15.453449;14f3109a-9349-48b0-b4d4-dec4ec342698;7.764;7.54801259;SELL
2016-04-30T05:34:18.000000;2016-04-30T05:34:19.034755;6576a2b4-88c5-4836-82b4-54a05b39b534;7.7641;6.04635727;SELL
2016-04-30T05:34:18.000000;2016-04-30T05:34:19.041797;17f640b3-a1f8-45cc-9cfd-7274ada6b0be;7.7621;1.50165532;SELL
2016-04-30T05:34:36.000000;2016-04-30T05:34:36.654554;cff582d8-a5cb-4f80-9ba3-e73db6c2c256;7.7646;6.04635727;SELL
2016-04-30T05:34:37.000000;2016-04-30T05:34:37.162588;335eb616-1aca-4e9b-95a0-6149fb683dd0;7.762;2.08497907;BUY
2016-04-30T05:34:37.000000;2016-04-30T05:34:37.256587;76885444-1608-4833-974a-94d8bbb18acf;7.762;12.11210166;BUY
2016-04-30T05:34:37.000000;2016-04-30T05:34:37.287604;8da741aa-50c5-48c7-97e1-aabf40aba711;7.762;2.08832172;BUY
2016-04-30T05:34:38.000000;2016-04-30T05:34:38.447778;cef61425-5b6b-463d-a87e-bca5ebd1a107;7.762;12.11210166;BUY
2016-04-30T05:34:38.000000;2016-04-30T05:34:38.562719;ec17d5db-c071-46f3-afe1-0b7ae3c7a5c9;7.762;2.08832172;BUY
2016-04-30T05:34:38.000000;2016-04-30T05:34:38.679770;858e6b4a-490d-42ff-afd8-e985ca4b7fc1;7.762;1.10016559;BUY
2016-04-30T05:34:38.000000;2016-04-30T05:34:38.714736;42827532-7fcc-4c9d-8d44-4f4a8d08c61b;7.762;6.05605083;BUY
2016-04-30T05:34:39.000000;2016-04-30T05:34:39.428819;2a99d277-d200-4951-974e-69f9b34465a2;7.762;6.05605083;BUY
2016-04-30T05:34:39.000000;2016-04-30T05:34:39.834883;c07731f6-0ad3-4257-b6ed-c2b541556eff;7.762;0.25554965;BUY
2016-04-30T05:34:44.000000;2016-04-30T05:34:44.461307;08802f57-a731-4267-8924-864cfc9f73f4;7.7621;1.83277207;SELL
2016-04-30T05:34:58.000000;2016-04-30T05:34:58.107712;aabd7d45-df65-4eb7-881b-343af1e0c25c;7.762;1.26252505;BUY
2016-04-30T05:34:59.000000;2016-04-30T05:34:59.744832;8b07da43-2fab-40c2-a9e8-0f4f050a5b1b;7.762;1.26252505;BUY
2016-04-30T05:35:00.000000;2016-04-30T05:35:00.128885;7553366e-ed53-4eff-a01b-83f8bca641d1;7.762;6.05605083;BUY
2016-04-30T05:35:02.000000;2016-04-30T05:35:02.685165;f59f35b4-60b2-40b8-afaa-f4905c8a5278;7.762;6.05605032;BUY
2016-04-30T05:35:03.000000;2016-04-30T05:35:03.554250;673171cf-6dcd-48b2-9303-475362690f70;7.762;6.05605032;BUY
2016-04-30T05:35:03.000000;2016-04-30T05:35:03.955283;3170f139-41f0-4c78-890d-6b52f99e0098;7.762;5.90015024;BUY
2016-04-30T05:35:06.000000;2016-04-30T05:35:06.311502;99326095-8af9-4c6e-b644-37a6d9dc30a9;7.762;0.70119037;BUY
2016-04-30T05:35:06.000000;2016-04-30T05:35:06.672521;2219f768-1566-4511-81d9-90f8b79bd6ff;7.762;6.05605032;BUY
2016-04-30T05:35:07.000000;2016-04-30T05:35:07.305665;1b02e8a8-994d-4e72-b9e7-d60780cf78b1;7.762;6.05605032;BUY
2016-04-30T05:35:08.000000;2016-04-30T05:35:08.096661;5b47e9a9-71ac-49a2-9e26-19eda5ca1006;7.762;6.05605032;BUY
2016-04-30T05:35:08.000000;2016-04-30T05:35:08.415700;80fb95de-5641-4618-b5d2-157e5d3e0594;7.762;2.70453479;BUY
2016-04-30T05:35:54.000000;2016-04-30T05:35:54.815342;c87795a1-92d6-4df0-91a1-4e048d3d9b39;7.77;6.05037042;BUY
2016-04-30T05:35:55.000000;2016-04-30T05:35:55.950447;f34a26d5-f318-4c54-8662-d241dbbff849;7.77;6.05605061;BUY
2016-04-30T05:35:56.000000;2016-04-30T05:35:56.361489;7c551913-4477-4cfb-b8ff-28ada0f4d6b2;7.77;6.05605061;BUY
2016-04-30T05:35:56.000000;2016-04-30T05:35:56.521507;ba9c2b04-ffa9-4a18-a06b-fa2307216036;7.77;6.05605061;BUY
2016-04-30T05:35:57.000000;2016-04-30T05:35:57.875680;0f762b3f-0268-48c8-9a74-8994b251ffa3;7.77;6.05605061;BUY
2016-04-30T05:35:58.000000;2016-04-30T05:35:58.775737;43833468-e513-4c0b-b51f-6dbe00b54410;7.77;6.05605061;BUY
2016-04-30T05:35:59.000000;2016-04-30T05:35:59.590830;9d9f6fae-5fb9-449e-94ca-180c7f75b85e;7.77;6.05605061;BUY
2016-04-30T05:35:59.000000;2016-04-30T05:35:59.847839;9fbe80fa-815d-4a27-bb48-9e173a231515;7.77;5.88804;BUY
2016-04-30T05:36:00.000000;2016-04-30T05:36:00.685930;244bc154-ab3f-4ea6-9ef2-e5d7e55c29c2;7.77;1.72528592;BUY
2016-04-30T05:36:02.000000;2016-04-30T05:36:02.186097;a4224bbf-03d3-41dc-a8dd-4dea39cbaaee;7.79;0.4;BUY
2016-04-30T05:36:52.000000;2016-04-30T05:36:52.997172;04b231ab-d47e-4fd8-83b6-80b086f26b73;7.7802;6.05605061;SELL
2016-04-30T05:36:52.000000;2016-04-30T05:36:53.005173;63d3624a-d811-4a5c-8a7d-798386fb40b1;7.7802;6.05605061;SELL
2016-04-30T05:36:52.000000;2016-04-30T05:36:53.013175;5248fe25-028d-4d6e-864a-8bf8a6dda765;7.7802;6.05605061;SELL
2016-04-30T05:36:52.000000;2016-04-30T05:36:53.041157;2e1a1f13-801a-48b0-b7be-7ed3764cfe0c;7.7801;31.83184817;SELL
2016-04-30T05:36:54.000000;2016-04-30T05:36:55.026365;7acc5214-987d-44de-9a2c-7e7c9d96f1d1;7.7802;50.0;SELL
2016-04-30T05:36:58.000000;2016-04-30T05:36:58.125675;59059262-6f29-4abe-8640-63e1c87d4d4e;7.7802;44.5491;SELL
2016-04-30T05:37:03.000000;2016-04-30T05:37:03.181166;71709c54-e583-4922-9d57-88fff20ab9b0;7.78;5.4509;BUY
2016-04-30T05:37:05.000000;2016-04-30T05:37:05.478423;4f55d437-3fd9-43ef-8c92-769cf959a065;7.78;6.04826649;BUY
2016-04-30T05:37:06.000000;2016-04-30T05:37:06.089462;fa95620c-9779-460d-b1f6-da290e55f1a3;7.78;3.4483846;BUY
2016-04-30T05:37:06.000000;2016-04-30T05:37:06.582530;3b7a35d3-42f9-40b2-83cf-b1a49816e0ec;7.78;6.0560504;BUY
2016-04-30T05:37:06.000000;2016-04-30T05:37:06.598559;89c0d6b0-6f14-4ed3-8ac5-d407789b2357;7.78;6.04826649;BUY
2016-04-30T05:37:07.000000;2016-04-30T05:37:07.281642;8c2b5633-ab45-48c4-8ff2-6cc0a94409b0;7.78;6.0560504;BUY
2016-04-30T05:37:08.000000;2016-04-30T05:37:08.392686;a0738a33-770a-4096-8236-161f59e8dd96;7.78;3.4483846;BUY
2016-04-30T05:37:09.000000;2016-04-30T05:37:09.507814;52963ed9-5d35-4f3d-8c12-8533122d73d1;7.78;6.0560504;BUY
2016-04-30T05:37:10.000000;2016-04-30T05:37:10.304897;caf222b0-45ba-43a7-81e4-3dd9d84df28f;7.78;3.4483846;BUY
2016-04-30T05:37:12.000000;2016-04-30T05:37:12.239085;29871809-49f9-4600-bf7f-efc276104513;7.78;6.0560504;BUY
2016-04-30T05:37:12.000000;2016-04-30T05:37:12.254088;8f91525c-0350-4ae5-b3bc-7ab75c6237bc;7.78;3.33411162;BUY
2016-04-30T05:37:12.000000;2016-04-30T05:37:12.261093;d662c666-70d0-4a23-a132-e86659c5a7d1;7.78;0.11427298;BUY
2016-04-30T05:37:13.000000;2016-04-30T05:37:13.608212;172aeccc-427e-456a-bdb3-3cbb46063f26;7.78;6.0560504;BUY
2016-04-30T05:37:13.000000;2016-04-30T05:37:13.616252;34245ccd-f207-41c3-873b-fb10116ddb25;7.78;6.0560504;BUY
2016-04-30T05:37:13.000000;2016-04-30T05:37:13.628261;53efe6d3-675b-4b59-a052-7820729d8ec5;7.78;6.0560504;BUY
2016-04-30T05:37:14.000000;2016-04-30T05:37:14.127277;92ec57cd-8eb5-4574-a57b-317203520e95;7.78;1.7;BUY
2016-04-30T05:37:14.000000;2016-04-30T05:37:14.247295;7dadc96e-9326-4f10-a0dc-139b2462ac0c;7.78;4.28019547;BUY
2016-04-30T05:37:14.000000;2016-04-30T05:37:15.138401;979b894e-10d8-4b21-97db-0dda815e9935;7.78;6.0560504;BUY
2016-04-30T05:37:15.000000;2016-04-30T05:37:16.022470;479e8f0e-7ff3-4c07-a27d-20145cc231b3;7.78;6.0560504;BUY
2016-04-30T05:37:16.000000;2016-04-30T05:37:16.108475;4bafe522-2a38-4547-a9f7-f17ad330f452;7.78;4.29041225;BUY
2016-04-30T05:37:16.000000;2016-04-30T05:37:16.193482;f09f6310-5b96-4fd7-a424-f6e77aebaaaf;7.78;6.0560504;BUY
2016-04-30T05:37:17.000000;2016-04-30T05:37:17.341593;f9679f60-0535-4736-9097-d75f637f5c07;7.78;3.2788169;BUY
2016-04-30T05:37:23.000000;2016-04-30T05:37:23.513210;b26c3419-dcc1-40e2-bc18-5d28d2b9d8e2;7.79;2.7772335;BUY
2016-04-30T05:37:54.000000;2016-04-30T05:37:54.601313;e844ea0f-812d-4db0-bed0-6da49b057f57;7.79;6.75539427;BUY
2016-04-30T05:37:56.000000;2016-04-30T05:37:56.603534;30301cc1-9bc9-43b7-aa96-cf067031309f;7.79;6.73240371;BUY
2016-04-30T05:37:58.000000;2016-04-30T05:37:58.474731;c1f65968-4a24-4100-b140-ba83e2f256ea;7.79;6.73240371;BUY
2016-04-30T05:38:08.000000;2016-04-30T05:38:08.412711;9905af19-3a6c-48e3-9e7b-407ce37103f2;7.79;6.73240371;BUY
2016-04-30T05:38:10.000000;2016-04-30T05:38:10.662922;1b2bd6ab-c48b-4dfc-accb-1b33e4c4a064;7.79;6.73240371;BUY
2016-04-30T05:38:15.000000;2016-04-30T05:38:15.094377;bb7695bb-8f8e-47bb-a8a3-c562098d7a20;7.79;6.73240371;BUY
2016-04-30T05:38:18.000000;2016-04-30T05:38:19.063796;ba67cfa6-21a3-4880-8d5f-57f92dbb6930;7.79;5.40639954;BUY
2016-04-30T05:38:21.000000;2016-04-30T05:38:21.383037;a9a285df-ecd1-4b12-800f-22f069f91607;7.79;1.39895414;BUY
2016-04-30T05:38:21.000000;2016-04-30T05:38:21.702068;fe855fa7-5f64-4730-8d3f-f298f8abcdf4;7.79;1.7;SELL
2016-04-30T05:39:34.000000;2016-04-30T05:39:34.274280;9386ef64-e511-4744-b92a-773845c2ce53;7.8;0.1;BUY
2016-04-30T05:39:34.000000;2016-04-30T05:39:34.290285;f0f9100a-b17f-4fea-a484-02c5ed52cd45;7.8;2.17413385;BUY
2016-04-30T05:39:35.000000;2016-04-30T05:39:35.127378;5ed0afec-4a83-4412-aad0-96b161911c62;7.8;167.678449;BUY
2016-04-30T05:39:36.000000;2016-04-30T05:39:36.402502;753e3d60-6f0b-46c4-b0f5-134ad72b47e9;7.8;30.14741715;BUY
2016-04-30T05:42:04.000000;2016-04-30T05:42:04.335149;dba2368b-a188-4464-ae50-49ce1820c98d;7.8;8.50609181;SELL
2016-04-30T05:42:04.000000;2016-04-30T05:42:04.358150;a5b32c2e-ce89-4409-86e6-8d787839760d;7.8;3.39390819;SELL
2016-04-30T05:42:09.000000;2016-04-30T05:42:09.406701;01ca61e7-bc0f-4191-9a2a-0d4d0431a311;7.8;4.52;SELL
2016-04-30T05:44:01.000000;2016-04-30T05:44:01.482883;8c68a006-d18e-42e5-96e2-731b178249f1;7.8;0.00164222;SELL
2016-04-30T05:44:30.000000;2016-04-30T05:44:30.789851;d5105d8c-f64a-4347-99a3-f16e023ed860;7.79;1.0;SELL
2016-04-30T05:44:43.000000;2016-04-30T05:44:43.503087;6fcab74f-5c6d-4ec6-a9eb-115c092cfc8e;7.79;1.0;SELL
2016-04-30T05:45:00.000000;2016-04-30T05:45:00.130744;40e753c6-a57f-47a0-9b03-8d3e0c58d0d7;7.79;0.26505089;SELL
2016-04-30T05:45:00.000000;2016-04-30T05:45:00.143776;5400772f-b5d8-45d8-b7b9-0de50f1f4b9c;7.79;0.73494911;SELL
2016-04-30T05:45:15.000000;2016-04-30T05:45:15.801302;6dc5c002-387e-471a-a216-20bbbda0cd58;7.79;0.65841481;SELL
2016-04-30T05:45:15.000000;2016-04-30T05:45:15.814310;d026dd80-a61b-40e2-a9e2-137297a435f2;7.78;0.34158519;SELL
2016-04-30T05:45:40.000000;2016-04-30T05:45:40.598774;f91b63c8-eb90-439f-bd6d-30e68970fd99;7.78;4.50612339;SELL
2016-04-30T05:45:40.000000;2016-04-30T05:45:40.606785;83b9a2a8-4179-4c51-8593-ad7e333f71b6;7.7783;0.49387661;SELL
2016-04-30T05:46:09.000000;2016-04-30T05:46:09.578675;fdfc03aa-de50-41ab-90f4-48c750efacf8;7.7701;4.98888411;SELL
2016-04-30T05:46:10.000000;2016-04-30T05:46:10.159760;2615068f-b051-491b-a695-a99441246801;7.817;0.5732896;BUY
2016-04-30T05:53:25.000000;2016-04-30T05:53:25.792292;d2f69c92-0870-4d21-812e-cb213b98d5fd;7.7701;6.04635727;SELL
2016-04-30T05:55:21.000000;2016-04-30T05:55:21.203831;a28ba0d6-4d10-40f9-8688-bb731076c969;7.7701;6.04635727;SELL
2016-04-30T05:55:21.000000;2016-04-30T05:55:21.205828;7fe3b8cd-4fb4-4fbf-94ab-6032fa5b7679;7.77;1.62179165;SELL
2016-04-30T05:55:21.000000;2016-04-30T05:55:21.788908;ed4403dc-df49-4601-b3c2-7c423f759b91;7.77;0.00185108;BUY
2016-04-30T05:55:23.000000;2016-04-30T05:55:23.775088;3e54d2c2-a37d-4862-ac3d-a9ad4545a333;7.77;6.04635727;BUY
2016-04-30T05:55:24.000000;2016-04-30T05:55:24.686170;f12d54e3-e279-496e-b3fa-cf67fd3eb8cc;7.77;1.62364273;BUY
2016-04-30T05:55:26.000000;2016-04-30T05:55:26.465355;2d4c7a00-501c-4523-9ff8-afbb4cf5ef56;7.7703;1.62364273;SELL
2016-04-30T05:55:26.000000;2016-04-30T05:55:26.488379;9ac76936-f855-4650-8970-81119566030b;7.7703;1.62364273;SELL
2016-04-30T05:55:26.000000;2016-04-30T05:55:26.494359;67362310-a88c-478e-aa8d-cb3def2ed763;7.7703;2.80271454;SELL
2016-04-30T05:55:29.000000;2016-04-30T05:55:29.794714;6478ba1a-6fba-4588-b7ad-0b0511ae4461;7.7702;2.81;BUY
2016-04-30T05:56:04.000000;2016-04-30T05:56:04.200141;adbb9718-aca7-4573-8d21-1e9b85d8e470;7.7623;1.62364273;SELL
2016-04-30T05:56:04.000000;2016-04-30T05:56:04.207139;24eece72-ff87-4e57-9cb4-46761669a62e;7.7623;1.17991178;SELL
2016-04-30T05:56:04.000000;2016-04-30T05:56:04.259125;ceb41322-58ca-4e52-9734-9d51bec62c73;7.7623;1.62364273;SELL
2016-04-30T05:56:04.000000;2016-04-30T05:56:04.291140;7806092b-3431-4b27-a87c-c3bf5bb2efcd;7.7623;1.62364273;SELL
2016-04-30T05:56:04.000000;2016-04-30T05:56:04.292129;1d524235-5065-4b2c-b12c-c5b7ae29c5c2;7.7622;6.04635727;SELL
2016-04-30T05:56:04.000000;2016-04-30T05:56:04.300134;dd530d71-551e-44dd-b69d-e73d4b8c6674;7.762;3.14756498;SELL
2016-04-30T05:56:04.000000;2016-04-30T05:56:04.327201;1b303180-4f1c-4ddc-974c-cbc9790db268;7.762;2.64523778;SELL
2016-04-30T05:56:17.000000;2016-04-30T05:56:17.996547;e4d545c2-3be8-4c8c-a6d6-877b4e425627;7.7623;1.63008822;BUY
2016-04-30T05:56:19.000000;2016-04-30T05:56:19.091614;bb71a73b-71cd-49f2-9294-343dc0e78321;7.762;0.04848969;SELL
2016-04-30T05:56:19.000000;2016-04-30T05:56:19.360673;8faf8e3c-a41f-4aff-ac4e-ab49e0afbd14;7.762;1.63151031;BUY
2016-04-30T05:56:19.000000;2016-04-30T05:56:19.978750;7ade02d0-defb-4f2d-a2ca-ce65e116eea4;7.7623;1.68;SELL
2016-04-30T05:56:20.000000;2016-04-30T05:56:20.883831;245dfd82-e1de-4c71-933c-9c77e75101e8;7.791;1.12840147;BUY
2016-04-30T05:56:21.000000;2016-04-30T05:56:21.340891;2e3432be-762b-4ea5-ab1f-9d952004e4ac;7.7623;2.22;SELL
2016-04-30T05:56:22.000000;2016-04-30T05:56:22.106916;424cc100-b52c-48c3-ac23-599c41584cf0;7.7621;1.07991178;SELL
2016-04-30T05:56:22.000000;2016-04-30T05:56:22.163948;0c05048b-0dc2-4acc-b0d9-dad6d4c0e192;7.7621;2.75991178;SELL
2016-04-30T05:56:22.000000;2016-04-30T05:56:22.206930;03287524-8eb8-43c3-80c9-d0380268ff30;7.7621;2.75991178;SELL
2016-04-30T05:56:22.000000;2016-04-30T05:56:22.214924;9706b87f-3dee-4f33-9b2d-1aefce23af8c;7.75;0.91026466;SELL
2016-04-30T05:56:22.000000;2016-04-30T05:56:22.277930;45f05927-38e6-49ec-9c4d-3fb2725b7a8e;7.791;1.07991178;BUY
2016-04-30T05:56:23.000000;2016-04-30T05:56:23.172014;1b5379bb-096e-4127-9f5d-e9ff5dffd0c5;7.7624;2.75991178;SELL
2016-04-30T05:56:23.000000;2016-04-30T05:56:23.209063;8376c89c-ff03-43fc-a8c3-33f97fe0514e;7.7624;2.75991178;SELL
2016-04-30T05:56:23.000000;2016-04-30T05:56:23.210020;896deb2a-96d7-4a87-b272-d939007c8238;7.75;0.49017644;SELL
2016-04-30T05:56:24.000000;2016-04-30T05:56:24.519163;88064a74-3726-4f4d-9eec-633a427002ae;7.75;0.76725089;SELL
2016-04-30T05:56:26.000000;2016-04-30T05:56:26.434355;d9eaa000-e768-47a7-9c12-c34028de820e;7.75;6.01;BUY
2016-04-30T05:56:26.000000;2016-04-30T05:56:26.545375;cc4d24d5-0435-4bad-9f83-875e412ee2c3;7.7501;0.03635727;SELL
2016-04-30T05:56:26.000000;2016-04-30T05:56:26.846411;a7a23ead-a51b-4ffa-a15d-82ec22e8c45b;7.75;2.81732362;BUY
2016-04-30T05:56:26.000000;2016-04-30T05:56:26.894388;330d557d-e45e-4da9-bc07-6f345ad9f3d4;7.75;3.15631911;BUY
2016-04-30T05:57:23.000000;2016-04-30T05:57:23.607057;ea32905b-7e0a-4272-9817-cb1c982bdf05;7.7424;1.5;SELL
2016-04-30T05:57:24.000000;2016-04-30T05:57:24.480165;b954a591-d607-4517-a9b6-7378f391dfe5;7.7424;0.00165532;SELL
2016-04-30T05:57:26.000000;2016-04-30T05:57:26.857401;e748939d-a82b-4631-9872-b58a61ae8d6e;7.7424;1.49834468;BUY
2016-04-30T05:57:30.000000;2016-04-30T05:57:30.653804;c30fe7c8-eb9e-4f4a-b483-6ca5ecf00c36;7.7424;1.49834468;SELL
2016-04-30T05:57:31.000000;2016-04-30T05:57:31.705860;1b58e237-ec8a-4c06-b868-4949282357d7;7.7424;1.49834468;BUY
2016-04-30T05:57:31.000000;2016-04-30T05:57:31.722885;1cf9b0bd-6ece-4bcb-9881-c659d05b0444;7.7424;0.00165532;BUY
2016-04-30T05:57:31.000000;2016-04-30T05:57:31.730897;e95b86ff-c796-429a-8c54-67894a47f0da;7.7739;1.49668936;BUY
2016-04-30T05:57:48.000000;2016-04-30T05:57:48.877597;0ebb81da-d780-4f0d-9074-6de49765e9d3;7.769;1.49834468;BUY
2016-04-30T05:57:48.000000;2016-04-30T05:57:48.891584;b9d5f4a5-1871-4b6e-9440-1ac637a00f3f;7.769;13.42456173;BUY
2016-04-30T06:03:09.000000;2016-04-30T06:03:09.886686;53e0b9cf-0324-4bf2-ab0c-d4ea4b8cd9da;7.736;6.05605083;BUY
2016-04-30T06:03:15.000000;2016-04-30T06:03:15.460235;99aa792c-bc70-4f77-bad4-8caa509ea14b;7.736;6.05605083;BUY
2016-04-30T06:03:15.000000;2016-04-30T06:03:15.904344;370fbdfc-0536-4887-aa2c-70cbebb90e5a;7.736;6.05605083;BUY
2016-04-30T06:03:17.000000;2016-04-30T06:03:17.922495;cfa7a791-da19-453b-b091-8778645e4171;7.736;6.05605083;BUY
2016-04-30T06:03:19.000000;2016-04-30T06:03:19.662697;9afc79df-8f90-434b-9892-f5dc76b86f18;7.736;6.05605083;BUY
2016-04-30T06:03:55.000000;2016-04-30T06:03:55.486259;017e355a-6d44-4dc9-a074-f21a2ae023b0;7.77;96.6486;BUY
2016-04-30T06:04:17.000000;2016-04-30T06:04:17.812498;b69cdfb7-d5d2-4984-a581-72c1496491cc;7.77;43.3514;BUY
2016-04-30T06:12:57.000000;2016-04-30T06:12:57.537392;866beb1a-7753-4b7a-a9ae-63c8b248bde1;7.78;50.0;SELL
2016-04-30T06:12:57.000000;2016-04-30T06:12:57.543390;84a09fb3-0e8a-43a6-98c2-6b5cd51e985e;7.752;5.97769637;SELL
2016-04-30T06:12:57.000000;2016-04-30T06:12:57.548371;7fb47fcb-6473-44b9-91dd-22b80279588b;7.752;6.04635727;SELL
2016-04-30T06:12:57.000000;2016-04-30T06:12:57.579391;1c0c0f9b-4064-4796-92f3-bc2e20158256;7.752;6.05605083;SELL
2016-04-30T06:12:58.000000;2016-04-30T06:12:58.344441;e36aad61-99b0-4708-ba2b-def74d7e4273;7.75;0.78831834;BUY
2016-04-30T06:12:58.000000;2016-04-30T06:12:58.678506;d3744bca-928b-4f99-8f3c-3ff13383f0e8;7.75;6.05605083;BUY
2016-04-30T06:12:58.000000;2016-04-30T06:12:58.706492;fdb96bfe-837e-48a4-a567-a4c0d4f45444;7.75;5.97769637;BUY
2016-04-30T06:12:58.000000;2016-04-30T06:12:59.058518;b09e9232-15a8-4fb8-bca8-6043f82b3507;7.75;6.05605034;BUY
2016-04-30T06:13:00.000000;2016-04-30T06:13:00.754689;6324de5f-1792-4a8f-98bb-120e8f4287bf;7.75;6.05605034;BUY
2016-04-30T06:13:01.000000;2016-04-30T06:13:01.599761;a44b19c0-51d9-4923-81d0-02b76c7db123;7.75;5.98727985;BUY
2016-04-30T06:13:01.000000;2016-04-30T06:13:01.660782;e298a520-974e-44b2-9be8-449ec496b34d;7.75;0.98441686;BUY
2016-04-30T06:17:04.000000;2016-04-30T06:17:04.166024;8c826fae-ebfc-46a3-a37a-99a35191013a;7.733;26.3711437;SELL
2016-04-30T06:18:01.000000;2016-04-30T06:18:01.187722;a2df87eb-e98d-4b0e-8702-ab3e1d8992d6;7.748;95.2585;SELL
2016-04-30T06:18:54.000000;2016-04-30T06:18:54.906085;9a1e5f2d-564f-4d9d-aa84-e9f04f862f65;7.76;5.98727985;BUY
2016-04-30T06:22:02.000000;2016-04-30T06:22:02.068843;fab7413b-886b-491f-bfb7-88fae32691ae;7.7276;0.59936;SELL
2016-04-30T06:22:03.000000;2016-04-30T06:22:03.503963;96de8c56-3622-424a-a76d-1830b2284ab3;7.76;4.4722735;BUY
2016-04-30T06:24:02.000000;2016-04-30T06:24:02.334864;84388553-4032-459c-acf0-0a577e9128e8;7.76;2.59338845;BUY
2016-04-30T06:26:56.000000;2016-04-30T06:26:56.939045;92bc0dfd-46ba-4ce0-ba24-4c0dba315b53;7.7549;6.04393873;BUY
2016-04-30T06:26:56.000000;2016-04-30T06:26:56.947042;59e1914c-37b5-47b7-9012-43235ad13d84;7.755;0.0121121;BUY
2016-04-30T06:30:58.000000;2016-04-30T06:30:58.851224;2990df20-318b-4d83-87cf-2814c1350004;7.7276;4.24400172;SELL
2016-04-30T06:31:00.000000;2016-04-30T06:31:00.232381;a0fbb7ea-966b-4d65-899a-7c867b36b700;7.747;1.81204911;BUY
2016-04-30T06:32:23.000000;2016-04-30T06:32:24.145757;4d775a2e-4d0c-498b-8563-ef2195a8ca1c;7.7275;1.50165532;SELL
2016-04-30T06:35:18.000000;2016-04-30T06:35:18.694213;64e01ff2-4525-43f2-a57f-b3aa7349733e;7.721;50.0;SELL
2016-04-30T06:35:55.000000;2016-04-30T06:35:55.705915;6a9a54ff-433f-4718-9bbb-17b9e50e6d23;7.68;3.46386414;SELL
2016-04-30T06:35:57.000000;2016-04-30T06:35:57.605101;bb4d51eb-58e6-4123-8473-adfb8b187983;7.68;3.46386414;SELL
2016-04-30T06:35:58.000000;2016-04-30T06:35:58.807209;664f84b2-3533-4b09-a50b-cdbbef8de324;7.68;2.38909526;SELL
2016-04-30T06:36:02.000000;2016-04-30T06:36:02.883640;cda413c5-6fc8-413e-a042-451302911dfc;7.68;3.46386414;SELL
2016-04-30T06:36:04.000000;2016-04-30T06:36:04.368784;9cf57b9f-c707-4c3b-9354-a54260e83e44;7.68;3.46386414;SELL
2016-04-30T06:36:05.000000;2016-04-30T06:36:05.286868;ed090387-1c37-4c43-8d79-dad6126aafd2;7.68;3.46386414;SELL
2016-04-30T06:36:08.000000;2016-04-30T06:36:08.559212;226b8509-6753-4a52-b308-55badd827900;7.68;3.46386414;SELL
2016-04-30T06:36:10.000000;2016-04-30T06:36:10.604412;0f5b0668-71e2-4f1a-9876-bca872a09225;7.68;3.46386414;SELL
2016-04-30T06:36:12.000000;2016-04-30T06:36:12.680601;63bd5028-5b66-41c8-89cf-639355fb6799;7.68;3.46386414;SELL
2016-04-30T06:36:13.000000;2016-04-30T06:36:13.516695;4d90a69a-5e98-406d-90f2-e57199a5e6aa;7.68;3.46386414;SELL
2016-04-30T06:36:16.000000;2016-04-30T06:36:16.422972;43b9dabe-91e4-4dfb-adbb-1276d84ad0b1;7.68;3.46386414;SELL
2016-04-30T06:36:17.000000;2016-04-30T06:36:17.729128;017382b0-09c9-412a-8074-ae2b3a679004;7.68;3.46386414;SELL
2016-04-30T06:36:18.000000;2016-04-30T06:36:18.212162;1ae43631-2d36-44b5-bb33-6106be70ae65;7.68;3.46386414;SELL
2016-04-30T06:36:19.000000;2016-04-30T06:36:19.762306;0579e84f-c63b-4206-a667-4ab480d7bd46;7.68;3.46386414;SELL
2016-04-30T06:36:20.000000;2016-04-30T06:36:20.758470;21b9a32c-cc22-41dd-8d60-d6b6500f4aaf;7.68;2.58067092;SELL
2016-04-30T06:36:20.000000;2016-04-30T06:36:20.763480;f286e763-258f-4c64-ac2b-000499f1844d;7.6581;0.88319322;SELL
2016-04-30T06:36:21.000000;2016-04-30T06:36:22.125577;78be58f3-a43d-4a0c-b4a9-4e2993488880;7.6581;2.58067092;SELL
2016-04-30T06:37:48.000000;2016-04-30T06:37:48.635216;0d1824da-e64c-4f1a-8695-317149051976;7.6107;6.04393873;SELL
2016-04-30T06:37:50.000000;2016-04-30T06:37:50.577397;0f734a33-e27a-4253-a251-5130da553340;7.6107;0.34356519;SELL
2016-04-30T06:37:50.000000;2016-04-30T06:37:50.604392;9c2e8667-57eb-4b7c-9160-8b43b8cf445a;7.61;5.70037354;SELL
2016-04-30T06:37:51.000000;2016-04-30T06:37:52.014544;957242ff-1b12-40aa-8f3b-692336577716;7.61;6.04393873;SELL
2016-04-30T06:37:52.000000;2016-04-30T06:37:52.730602;6d35a579-5d38-487d-a5c5-3d378726ed3d;7.61;0.35788773;SELL
2016-04-30T06:39:57.000000;2016-04-30T06:39:57.516092;bf832e89-0e0e-4fdd-b140-254196df2fe7;7.6;0.91193067;SELL
2016-04-30T06:39:57.000000;2016-04-30T06:39:57.525106;1fcbb3a1-a478-4b6e-ab9e-42dd8882ec92;7.6;0.20233525;SELL
2016-04-30T06:41:00.000000;2016-04-30T06:41:00.960004;8b2fc99b-8b1b-4e16-9309-dc0b9a281d82;7.6561;5.686051;BUY
2016-04-30T06:41:00.000000;2016-04-30T06:41:00.960004;2a7c8930-9dfe-44f6-bfde-7e8f4557d357;7.6561;2.714249;BUY
2016-04-30T06:41:02.000000;2016-04-30T06:41:02.715160;97751944-4758-4aa1-a3bd-72823847cd44;7.601;3.32968973;SELL
2016-04-30T06:44:21.000000;2016-04-30T06:44:21.675062;2817c531-1ec1-40eb-a359-f0f1617ee6ef;7.62;5.16134184;SELL
2016-04-30T06:44:21.000000;2016-04-30T06:44:21.716056;884c15f4-07b7-40d1-b821-21f139038fa6;7.62;6.04393873;SELL
2016-04-30T06:44:21.000000;2016-04-30T06:44:22.081096;9b4da4ee-c45f-4c15-84e0-36d3ee396a75;7.62;6.04393873;SELL
2016-04-30T06:44:23.000000;2016-04-30T06:44:23.054198;c421fa22-afe0-4256-a05a-d3a8a8088da5;7.62;5.16134184;SELL
2016-04-30T06:44:23.000000;2016-04-30T06:44:23.213284;cb2c4553-9c94-443f-b67f-4ee90fd39031;7.62;6.04393873;SELL
2016-04-30T06:45:06.000000;2016-04-30T06:45:06.387562;e2be1726-a6c3-4c85-8bb4-4c593beecffa;7.64;1.6974777;SELL
2016-04-30T06:45:06.000000;2016-04-30T06:45:06.406547;c6d5c460-09a6-4427-8c0f-a0f20ef08716;7.64;0.88319322;SELL
2016-04-30T06:45:06.000000;2016-04-30T06:45:06.415561;e4102601-041e-4364-a30f-347163d9bb3c;7.64;0.88319322;SELL
2016-04-30T06:45:10.000000;2016-04-30T06:45:10.528947;d307ad2d-d9b5-4754-afa2-753e138afe52;7.64;6.04393873;SELL
2016-04-30T06:45:10.000000;2016-04-30T06:45:10.588960;5e114892-8ee4-484c-8cb1-025fd44297f1;7.64;46.824091;SELL
2016-04-30T06:45:11.000000;2016-04-30T06:45:11.053014;45154047-dc9c-4cb5-b85c-12f5196a2009;7.64;6.04393873;SELL
2016-04-30T06:45:11.000000;2016-04-30T06:45:11.078047;9adcd7a5-ea97-4040-8fff-7c073fbb9e19;7.64;6.04393873;SELL
2016-04-30T06:45:11.000000;2016-04-30T06:45:11.109030;f0c97726-42dc-409e-abbd-51afcac3042f;7.64;4.23358085;SELL
2016-04-30T06:45:11.000000;2016-04-30T06:45:11.304058;1aecd391-4729-4308-b149-25ac64e85e80;7.64;33.10900909;SELL
2016-04-30T06:45:11.000000;2016-04-30T06:45:11.415057;36dd8725-0fc2-4b67-a990-505bbab5b3c2;7.64;1.65631597;SELL
2016-04-30T06:45:11.000000;2016-04-30T06:45:11.480028;a45bf7bd-81a3-4bdc-bfba-8694bb7bc275;7.64;6.04393873;SELL
2016-04-30T06:45:11.000000;2016-04-30T06:45:11.664048;b87f7c48-fb87-424d-920a-7e29a92382d3;7.64;6.04393873;SELL
2016-04-30T06:45:11.000000;2016-04-30T06:45:11.967084;e16f5a36-34d8-4cc1-8137-0f632c4d7c54;7.64;20.03762193;SELL
2016-04-30T06:45:13.000000;2016-04-30T06:45:13.255217;14e682f5-8765-4297-abe3-19a5530c40b1;7.64;20.0926619;SELL
2016-04-30T06:45:13.000000;2016-04-30T06:45:13.484268;23d2ee44-3b4c-4074-aebd-943dec97d2a0;7.64;6.04393873;SELL
2016-04-30T06:45:14.000000;2016-04-30T06:45:14.172312;04baf626-88b3-4552-a524-84be767ffb55;7.64;6.04393873;SELL
2016-04-30T06:45:16.000000;2016-04-30T06:45:16.468542;587d8f4c-68cc-46ed-a6d5-090ff101309a;7.62;6.04393873;SELL
2016-04-30T06:45:17.000000;2016-04-30T06:45:17.436641;05fbe779-b080-4111-b80e-c9eccb6e6449;7.62;6.04393873;SELL
2016-04-30T06:45:17.000000;2016-04-30T06:45:17.456637;18f452f2-9d61-4a43-8778-d68bc962b360;7.62;6.04393873;SELL
2016-04-30T06:45:17.000000;2016-04-30T06:45:17.471664;658a5978-1f01-4b19-8648-7f054196ef4f;7.62;6.04393873;SELL
2016-04-30T06:45:17.000000;2016-04-30T06:45:17.501750;a9279d72-36fe-4ae9-b178-39bac43f2765;7.62;6.04393873;SELL
2016-04-30T06:45:17.000000;2016-04-30T06:45:17.617653;1e691784-78a1-4241-b5df-f6585f86eeb6;7.62;8.38349338;SELL
2016-04-30T06:45:17.000000;2016-04-30T06:45:17.617653;3782981e-5e41-442d-93cc-53769db1a84f;7.62;6.04393873;SELL
2016-04-30T06:45:17.000000;2016-04-30T06:45:17.630659;feeb85ae-2bff-4006-8d47-a9fce9b1fad0;7.62;6.04393873;SELL
2016-04-30T06:45:17.000000;2016-04-30T06:45:18.268721;805b6f75-20b7-4ce4-befa-3c0f58400866;7.62;5.71596327;SELL
2016-04-30T06:45:18.000000;2016-04-30T06:45:18.757801;25cec158-a4ea-4365-889c-40d90faeabd6;7.62;6.04393873;SELL
2016-04-30T06:45:18.000000;2016-04-30T06:45:19.004823;51039b9a-a68c-4acd-93c5-8bc9c119e99f;7.62;6.04393873;SELL
2016-04-30T06:45:18.000000;2016-04-30T06:45:19.115794;62c663e2-5baf-4128-b572-425741267a22;7.62;3.05059491;SELL
2016-04-30T06:45:18.000000;2016-04-30T06:45:19.241834;6e0eea69-96be-4d51-ad1f-fe2f56a42edc;7.62;2.99334382;SELL
2016-04-30T06:45:20.000000;2016-04-30T06:45:20.676949;f66327b8-dd86-4691-a5c2-fe72a5eaac77;7.62;6.04393873;SELL
2016-04-30T06:45:20.000000;2016-04-30T06:45:20.752961;d64c8389-24b7-4c4f-beb4-90dd4ac10bba;7.62;5.71596327;SELL
2016-04-30T06:45:20.000000;2016-04-30T06:45:20.897997;ea39b500-e54f-49c1-ab00-15891b46f264;7.62;8.38349338;SELL
2016-04-30T06:45:20.000000;2016-04-30T06:45:20.911977;88f2ce9b-22ed-4764-a4cd-75a7e5b54552;7.62;6.04393873;SELL
2016-04-30T06:45:21.000000;2016-04-30T06:45:21.101004;0366d4bc-3304-44f1-8ce9-8fc58f4334a3;7.62;5.78326524;SELL
2016-04-30T06:45:21.000000;2016-04-30T06:45:21.947081;12175b2c-d995-4b01-b223-2ebf29edf2ce;7.62;6.04393873;SELL
2016-04-30T06:51:50.000000;2016-04-30T06:51:50.561940;ecd034ed-c128-44ae-a317-4339160dc027;7.6481;3.4975;BUY
2016-04-30T06:52:05.000000;2016-04-30T06:52:05.450441;94b3d462-ef64-4b69-a5e8-f08453105807;7.611;5.79253698;SELL
2016-04-30T06:52:05.000000;2016-04-30T06:52:05.487429;2dee7617-3fc0-471a-a23e-1a8747946c0b;7.611;5.78326524;SELL
2016-04-30T06:52:05.000000;2016-04-30T06:52:05.524438;23831860-8647-49c1-b1bb-d50b15460a3a;7.611;5.80233597;SELL
2016-04-30T06:52:06.000000;2016-04-30T06:52:06.225515;7b515691-4a84-4b97-8bab-efe4ace86b98;7.611;5.81163831;SELL
2016-04-30T06:52:18.000000;2016-04-30T06:52:18.622746;1725ef64-38c4-41e7-8870-1f513468772b;7.6481;1.09349914;BUY
2016-04-30T06:52:19.000000;2016-04-30T06:52:19.578841;fd625b6c-7ae0-4cec-bb74-41aeea96c770;7.6482;16.65038101;BUY
2016-04-30T06:52:20.000000;2016-04-30T06:52:20.474923;09ffb687-e507-47a6-b981-3968ad64a643;7.6483;6.38111641;BUY
2016-04-30T06:53:00.000000;2016-04-30T06:53:00.694992;b04f648c-168c-49a0-877d-30de2f22f426;7.677;47.06037466;BUY
2016-04-30T06:53:01.000000;2016-04-30T06:53:01.114001;41b71b69-0b60-465e-8ba5-9a83afb916bf;7.677;47.06037466;BUY
2016-04-30T06:53:02.000000;2016-04-30T06:53:02.167102;88ea7c87-602f-4254-8630-78be4370a33c;7.677;2.60365068;BUY
2016-04-30T07:00:06.000000;2016-04-30T07:00:06.225727;05905661-7e65-47ad-9299-8cfdc6829543;7.75;5.0;BUY
2016-04-30T07:00:37.000000;2016-04-30T07:00:37.877918;aa1239a4-8dcf-4378-82f6-3f7ecd25bd5c;7.7507;6.29048656;SELL
2016-04-30T07:00:37.000000;2016-04-30T07:00:37.887880;63784055-c286-4174-8242-b3ef7e1e4980;7.75;167.96081877;SELL
2016-04-30T07:02:06.000000;2016-04-30T07:02:06.506751;af8fd0fb-9db3-44d7-bcfa-64d389dae249;7.75;5.0;SELL
2016-04-30T07:03:08.000000;2016-04-30T07:03:08.731968;f8602848-37d3-41bf-917e-65be508d4142;7.77;1.28711515;SELL
2016-04-30T07:07:24.000000;2016-04-30T07:07:24.453572;cd2caa60-72fa-4998-9096-bc99d638e912;7.645;12.0900978;SELL
2016-04-30T07:42:12.000000;2016-04-30T07:42:12.700507;b1377185-22d3-406f-8752-e6826ce06552;7.7;13.95120046;SELL
2016-04-30T07:42:13.000000;2016-04-30T07:42:13.551628;e1574ad0-040b-4d65-a351-17b2ca603e62;7.7;13.95120046;SELL
2016-04-30T07:42:14.000000;2016-04-30T07:42:14.315680;8cfe41e6-e020-44ef-be2b-8206da885277;7.7;13.95120046;SELL
2016-04-30T07:42:15.000000;2016-04-30T07:42:15.453790;9f8c0d06-e4d4-4d63-9ca4-2dfd5104e4ff;7.7;13.95120046;SELL
2016-04-30T07:42:16.000000;2016-04-30T07:42:17.400000;31ae9397-6da3-4eeb-8e82-ab62f86e2ae0;7.7;13.95120046;SELL
2016-04-30T07:42:18.000000;2016-04-30T07:42:18.726157;9d9d4bc4-8b61-45b0-8249-2897f9da006f;7.7;13.95120046;SELL
2016-04-30T07:42:18.000000;2016-04-30T07:42:18.810110;73fe4289-bbfb-48c2-a094-628ceaffbb4c;7.7;11.55129724;SELL
2016-04-30T07:46:24.000000;2016-04-30T07:46:24.985797;d4cc5884-d57a-4ee3-a102-3f32ca30111b;7.6834;13.95120046;BUY
2016-04-30T07:46:24.000000;2016-04-30T07:46:25.001727;bac706b9-d347-4005-b695-34d40001d3d3;7.6835;4.99708092;BUY
2016-04-30T07:48:48.000000;2016-04-30T07:48:48.510094;f7517f55-4066-4a9f-8f14-bb6af50222ba;7.7399;1.05171862;BUY
2016-04-30T08:07:13.000000;2016-04-30T08:07:13.119221;40a9b773-d651-48d6-9d30-2799b4542353;7.7628;0.85;BUY
2016-04-30T08:07:13.000000;2016-04-30T08:07:13.126218;20fb18f9-74e9-4dab-a458-9592f288f498;7.772;5.1;BUY
2016-04-30T08:07:13.000000;2016-04-30T08:07:13.135218;b37493dc-5a97-49ec-b354-c7d9701c3e98;7.772;7.0;BUY
2016-04-30T08:07:13.000000;2016-04-30T08:07:13.162235;0396fcaa-a672-4429-9e29-8dbfe2447c39;7.773;3.30053305;BUY
2016-04-30T08:07:13.000000;2016-04-30T08:07:13.162235;6e358dc0-0b97-4a93-8c59-9543de97f328;7.773;83.74946695;BUY
2016-04-30T08:13:10.000000;2016-04-30T08:13:10.349398;1f2a5723-392a-4ef7-8e08-e79f80eaf15b;7.703;2.63180576;SELL
2016-04-30T08:40:58.000000;2016-04-30T08:40:58.600400;a670110f-2f95-4253-b153-f2d2231c7154;7.665;0.25973255;BUY
2016-04-30T08:52:12.000000;2016-04-30T08:52:12.777965;a5c68ea3-c9b9-44f3-8f32-1b937b885f02;7.72;100.0;BUY
2016-04-30T08:53:08.000000;2016-04-30T08:53:08.359528;977baa78-0383-4bf2-b604-27597a02e390;7.773;116.25053305;BUY
2016-04-30T08:53:25.000000;2016-04-30T08:53:26.062286;1ce265c2-e550-4403-a7ce-06f061719ee6;7.773;1.0;SELL
2016-04-30T08:53:54.000000;2016-04-30T08:53:54.876180;02707497-5de3-4f71-a12f-aa4eff29f6e0;7.773;0.1;SELL
2016-04-30T08:53:57.000000;2016-04-30T08:53:57.361426;d7d63b63-f451-4aa6-9f3f-6722a28f0442;7.773;0.54885;SELL
2016-04-30T08:54:10.000000;2016-04-30T08:54:10.636755;b0e787fa-06a1-471e-ac61-1f584fd38eb3;7.773;1.0;SELL
2016-04-30T08:54:16.000000;2016-04-30T08:54:16.145307;d04f7b2c-343d-4e06-9302-3940a7e879e0;7.773;1.0;SELL
2016-04-30T08:54:36.000000;2016-04-30T08:54:36.329350;9c57ce26-b25f-49ca-b95b-a9f7a3540219;7.773;1.0;SELL
2016-04-30T08:54:56.000000;2016-04-30T08:54:56.421337;5f04502e-1c7a-4c40-9518-19cf52fdfed4;7.773;1.0;SELL
2016-04-30T08:55:13.000000;2016-04-30T08:55:13.850077;c8b2255f-7612-4cc9-a4cb-3756afc13d95;7.781;50.0;BUY
2016-04-30T08:55:15.000000;2016-04-30T08:55:15.792260;bc0a8ac9-62a2-4f27-a1c5-96b733735480;7.781;0.67864;SELL
2016-04-30T08:55:16.000000;2016-04-30T08:55:16.507337;3454966e-a790-4ac5-a134-dccec4ab7d8d;7.781;0.67864;SELL
2016-04-30T08:55:18.000000;2016-04-30T08:55:18.594533;628ddbe2-307c-4131-ba21-7e063206fd59;7.781;0.67864;SELL
2016-04-30T08:55:19.000000;2016-04-30T08:55:19.785660;18179764-3c30-484b-a9cf-2c7ba0c84285;7.781;1.12348712;SELL
2016-04-30T08:55:37.000000;2016-04-30T08:55:37.878474;117cc201-f50a-4461-9bb9-f1f21592793b;7.8051;93.94120983;BUY
2016-04-30T09:18:27.000000;2016-04-30T09:18:27.452680;c1dfb8d1-2b12-4f26-a9b0-6d1ffdbe91e2;7.705;2.0;SELL
2016-04-30T09:18:27.000000;2016-04-30T09:18:27.458676;5f2dc754-3660-41ea-8604-89c9b6cc95d2;7.704;96.661;SELL
2016-04-30T09:18:33.000000;2016-04-30T09:18:33.746308;fe0ce826-9461-49ef-abc1-64d790b65420;7.704;1.334;BUY
2016-04-30T09:31:04.000000;2016-04-30T09:31:04.911079;5d351d58-91a4-420b-be20-a1218fd21c5d;7.787;0.6;SELL
2016-04-30T09:31:04.000000;2016-04-30T09:31:04.915116;99df8044-4176-4290-a932-450db2c4a969;7.7347;6.2495231;SELL
2016-04-30T09:31:05.000000;2016-04-30T09:31:05.377173;bc3af1ba-8b83-4f87-ac56-cd92227ed1aa;7.7199;23.14015661;BUY
2016-04-30T09:31:13.000000;2016-04-30T09:31:13.355969;621c5628-16b0-4deb-a1f2-44961f3e0ea0;7.7199;0.00032029;BUY
2016-04-30T09:31:13.000000;2016-04-30T09:31:13.429953;2678ca26-942b-4e72-8f91-15de586d6e3f;7.819;1.11547473;BUY
2016-04-30T10:22:28.000000;2016-04-30T10:22:28.419537;96d0f1d3-de26-4ec5-a66c-7fbb6fb3253d;7.7;8.3834994;SELL
2016-04-30T10:54:52.000000;2016-04-30T10:54:52.624061;33178d5f-2df7-4570-8864-f74ff149896f;7.7973;2.0;BUY
2016-04-30T10:54:52.000000;2016-04-30T10:54:52.626074;5291bc85-cd88-413e-9ed8-965b5ff1671c;7.7983;6.24327358;BUY
2016-04-30T10:54:52.000000;2016-04-30T10:54:52.637087;2bb2feb6-96dd-4047-8954-9a1f23e8dfe4;7.799;5.0;BUY
2016-04-30T10:54:52.000000;2016-04-30T10:54:52.662059;b057ba29-1adb-44c3-8ea8-977cba9206bf;7.8009;12.50160438;BUY
2016-04-30T10:54:52.000000;2016-04-30T10:54:52.688080;142fa587-e8f1-437a-816d-ef18181aa823;7.81;34.25512204;BUY
2016-04-30T11:02:25.000000;2016-04-30T11:02:25.236648;42df127a-05a9-4a4e-8ba0-0bc9fa1b1806;7.8;31.4772491;BUY
2016-04-30T11:02:27.000000;2016-04-30T11:02:27.602895;0b945770-bff7-4062-908b-8209e7022b48;7.8;12.44245763;BUY
2016-04-30T11:02:28.000000;2016-04-30T11:02:28.131971;bf166e9e-2488-4fe7-a00e-807b25a2d730;7.8;56.08029327;BUY
2016-04-30T11:02:38.000000;2016-04-30T11:02:38.254950;ac796a4c-d422-4109-8955-c2c4ededd727;7.82;12.44245763;BUY
2016-04-30T11:02:41.000000;2016-04-30T11:02:41.126230;09e626a0-a354-437c-b841-7cd7157f59ce;7.82;12.44245763;BUY
2016-04-30T11:02:45.000000;2016-04-30T11:02:45.404665;1c6e996e-8125-400d-ae37-ccf9ea4ce000;7.82;12.40571247;BUY
2016-04-30T11:03:05.000000;2016-04-30T11:03:05.953764;95a5d4b1-973c-4964-90f8-394ffe9bb3a5;7.82;5.01002004;BUY
2016-04-30T11:03:36.000000;2016-04-30T11:03:36.238746;4bf200e5-a4e6-40ec-921a-62b8e9384516;7.81;11.4;BUY
2016-04-30T11:03:37.000000;2016-04-30T11:03:37.741899;83d94d7f-aab3-412a-8f6e-8dc932aa324d;7.81;59.72;BUY
2016-04-30T11:03:39.000000;2016-04-30T11:03:39.243039;64bd1913-eef3-4186-bcb7-347cd252634e;7.81;28.88;BUY
2016-04-30T11:03:39.000000;2016-04-30T11:03:39.254044;45a517f0-90c0-4aa4-9019-f64d233f1468;7.82;257.69935223;BUY
2016-04-30T11:03:40.000000;2016-04-30T11:03:40.800196;707a7ecc-6304-4024-af84-2a054ebfa2b4;7.8534;4.995;BUY
2016-04-30T11:03:40.000000;2016-04-30T11:03:40.867211;a1b0454f-be5b-4bf9-8a15-ca5b23595d49;7.854;12.35663747;BUY
2016-04-30T11:03:41.000000;2016-04-30T11:03:41.482291;a6a52593-ea70-4d69-ba2a-9a073ead4ec0;7.854;7.43125233;BUY
2016-04-30T11:03:54.000000;2016-04-30T11:03:54.281548;629667d4-ed4b-4300-b96d-10992086ca85;7.853;11.4;BUY
2016-04-30T11:03:54.000000;2016-04-30T11:03:54.297556;e6aa6fea-e652-4db1-89c8-c28a28b42356;7.854;211.25908265;BUY
2016-04-30T11:03:59.000000;2016-04-30T11:03:59.542112;faedcf06-40f7-4cc9-86a4-166bb6debe40;7.854;50.0;BUY
2016-04-30T11:04:01.000000;2016-04-30T11:04:01.462273;d2cd2f33-e754-4b54-bdff-3d155ca9b212;7.851;26.02465483;SELL
2016-04-30T11:04:10.000000;2016-04-30T11:04:10.242184;15274a5c-0503-4f1b-aff4-0b63644d6a1c;7.854;18.95302755;BUY
2016-04-30T11:04:12.000000;2016-04-30T11:04:13.275469;1bbc721c-22c2-45da-a0ef-2bbc2a4ed5fc;7.88;0.2;BUY
2016-04-30T11:04:12.000000;2016-04-30T11:04:13.297455;dd8a8e87-c20f-41ea-a9e2-09ea665f155e;7.8896;3.3005169;BUY
2016-04-30T11:04:12.000000;2016-04-30T11:04:13.301477;2e0ff17e-4d96-4338-a4d5-92f817fbfb3c;7.892;7.1109984;BUY
2016-04-30T11:04:51.000000;2016-04-30T11:04:51.109228;81640673-3739-402a-9399-c160c5765b9d;7.861;40.0;SELL
2016-04-30T11:08:16.000000;2016-04-30T11:08:16.233769;d54a3369-2974-4089-a43a-986d5e008746;7.892;42.8890016;BUY
2016-04-30T11:08:56.000000;2016-04-30T11:08:56.765792;b0ce406d-d49b-4539-bcf9-5cfcd8406906;7.892;19.0;SELL
2016-04-30T11:09:40.000000;2016-04-30T11:09:41.030227;1d3f9cf8-bd67-4543-b57b-803df7699912;7.892;1.0;SELL
2016-04-30T11:09:57.000000;2016-04-30T11:09:57.324857;627fa1a3-ab0d-4aaf-a308-bb3a2b8b6820;7.892;1.0;SELL
2016-04-30T11:10:11.000000;2016-04-30T11:10:11.461261;9c36cbf0-49bb-4f53-879e-6bb24930603f;7.892;1.0;SELL
2016-04-30T11:10:18.000000;2016-04-30T11:10:18.574971;79e13bbc-ad9a-4819-9bdd-7721b2c46d97;7.892;1.0;SELL
2016-04-30T11:10:20.000000;2016-04-30T11:10:20.988220;7e6cb5ce-6ebf-429e-8f74-f09769ad0c23;7.892;0.33398;SELL
2016-04-30T11:10:24.000000;2016-04-30T11:10:24.476592;c119bd4f-d048-4f62-aa36-8435bfc3fab7;7.892;1.0;SELL
2016-04-30T11:10:33.000000;2016-04-30T11:10:33.967553;dc291197-efa2-4bb5-be43-35ac3263c289;7.892;1.0;SELL
2016-04-30T11:10:44.000000;2016-04-30T11:10:44.307550;4bf5b989-2eb8-4f39-9c8e-ee0074366b20;7.892;1.0;SELL
2016-04-30T11:10:55.000000;2016-04-30T11:10:55.875698;5c778bb5-283f-4b02-8c76-36d4f8d94a9d;7.892;1.0;SELL
2016-04-30T11:11:08.000000;2016-04-30T11:11:08.357958;4d994c1e-edfc-4d11-afbe-94c5c39495f8;7.892;1.0;SELL
2016-04-30T11:11:36.000000;2016-04-30T11:11:36.353742;5a007df4-23b7-4e02-8d6e-f99d3c585fac;7.892;0.5;SELL
2016-04-30T11:13:33.000000;2016-04-30T11:13:33.590672;c59b4985-27f9-4b07-abb2-e1399220824a;7.9;0.1;BUY
2016-04-30T11:13:33.000000;2016-04-30T11:13:33.597709;d9d1d770-9179-4a71-a8e4-93ad8c1470ae;7.9;12.19010205;BUY
2016-04-30T11:15:01.000000;2016-04-30T11:15:01.346632;9b1030ab-0bee-40c8-ae62-d8379cd24665;7.9;3.79473532;BUY
2016-04-30T11:15:03.000000;2016-04-30T11:15:03.551681;47a09b76-38cc-4716-b3ef-6a67103df972;7.9;3.83339024;BUY
2016-04-30T11:15:04.000000;2016-04-30T11:15:04.708793;baa2aeab-95bb-41e1-990d-75038302a49f;7.9;8.21449087;BUY
2016-04-30T11:15:05.000000;2016-04-30T11:15:05.238880;833a8018-e705-41c0-bd0c-6aebc6db4268;7.9;1.00200401;BUY
2016-04-30T11:15:06.000000;2016-04-30T11:15:06.217938;c1cc2638-2ab8-480a-959d-11fe7ea6dc30;7.9;3.83596723;BUY
2016-04-30T11:15:07.000000;2016-04-30T11:15:07.929101;f5886ecb-3f39-4373-943b-3508f870d855;7.9;1.00200401;BUY
2016-04-30T11:15:15.000000;2016-04-30T11:15:15.833896;332eaac0-f3cf-40b5-9658-49d45223e570;7.9;0.67097392;BUY
2016-04-30T11:15:17.000000;2016-04-30T11:15:17.700095;615e6cae-1cc9-4b6e-bc29-b060bd257f21;7.9;1.17861382;BUY
2016-04-30T11:15:19.000000;2016-04-30T11:15:20.010324;a999ca24-2fb7-409b-9126-c6e5b674fb7d;7.9;3.88460261;BUY
2016-04-30T11:15:21.000000;2016-04-30T11:15:21.773494;dbf74399-e5e5-4088-a7da-991dd2e1f7a1;7.9;2.32324263;BUY
2016-04-30T11:15:22.000000;2016-04-30T11:15:22.969617;b2ebe6b8-c28f-448d-a299-e8e38508d3d1;7.8981;0.94;SELL
2016-04-30T11:15:24.000000;2016-04-30T11:15:24.471754;153ed14e-6329-47cf-95c9-ab871ebc2acf;7.9;4.46316344;BUY
2016-04-30T11:15:26.000000;2016-04-30T11:15:26.673992;4dac43cf-a6e3-49a7-a34b-73eafcbb2939;7.9;4.46445199;BUY
2016-04-30T11:15:27.000000;2016-04-30T11:15:27.571079;5945a402-f4d2-4b5c-9b39-fd134d4ddef0;7.9;12.28414597;BUY
2016-04-30T11:15:27.000000;2016-04-30T11:15:27.965104;c0e7419a-6cfe-477e-b7dc-9fc82fa7a336;7.9;16.57298561;BUY
2016-04-30T11:15:28.000000;2016-04-30T11:15:28.647211;58ed8b73-9a3c-4c92-bacb-80e1a80fff4b;7.9;18.35645094;BUY
2016-04-30T11:15:28.000000;2016-04-30T11:15:29.046274;71a1fe51-f04c-476d-a3c7-acc0e311f332;7.9;4.46316344;BUY
2016-04-30T11:15:29.000000;2016-04-30T11:15:29.597268;d69f922e-04eb-4280-ba4b-99ea9df4210f;7.9;12.28414597;BUY
2016-04-30T11:15:30.000000;2016-04-30T11:15:30.033325;7973396a-d409-47d6-a71e-451ca8241491;7.9;18.35645094;BUY
2016-04-30T11:15:30.000000;2016-04-30T11:15:30.448361;231053ef-6085-481e-8950-f99a21083026;7.9;1.98425364;BUY
2016-04-30T11:15:30.000000;2016-04-30T11:15:30.714385;1168236f-5e34-4e4c-9e46-a98a3e75dfec;7.9;3.834349;BUY
2016-04-30T11:15:30.000000;2016-04-30T11:15:31.011435;437de736-5c74-4b6f-b96d-570abba28fdd;7.9;12.28414597;BUY
2016-04-30T11:15:31.000000;2016-04-30T11:15:31.145439;51f0e3d8-7c98-4b2a-832e-cc44057c17fe;7.9;1.98425364;BUY
2016-04-30T11:15:32.000000;2016-04-30T11:15:32.100562;998a1389-9b94-4ff7-a186-42b9d0161965;7.9;12.30383999;BUY
2016-04-30T11:15:32.000000;2016-04-30T11:15:32.127558;cd73334c-0b2a-4f5c-bb7c-12cc48a68894;7.9;7.14473603;BUY
2016-04-30T11:15:32.000000;2016-04-30T11:15:32.142587;fa04143e-98c0-43ce-a4b4-5c69fce6434e;7.9;12.28387524;BUY
2016-04-30T11:15:32.000000;2016-04-30T11:15:32.162544;c35d1881-0b72-4327-9d27-8e3571111c2f;7.9;12.28387524;BUY
2016-04-30T11:15:32.000000;2016-04-30T11:15:32.184544;9e6e742e-3e8f-4c1f-a367-0112604c44ef;7.9;12.28387524;BUY
2016-04-30T11:15:32.000000;2016-04-30T11:15:32.272558;02a392b1-69a9-4842-834c-cb2234f5c69a;7.9;0.8;BUY
2016-04-30T11:15:33.000000;2016-04-30T11:15:33.707707;0493f329-d989-4001-bfbd-3c9c88e30f77;7.9;7.14473603;BUY
2016-04-30T11:15:33.000000;2016-04-30T11:15:33.722700;8ec3166f-c9f5-4e99-9fe3-d5a6db09145a;7.9;12.28387524;BUY
2016-04-30T11:15:33.000000;2016-04-30T11:15:33.843719;ca5f0fa8-18cc-4d36-bc97-2fc26ebf338c;7.9;12.28387524;BUY
2016-04-30T11:15:34.000000;2016-04-30T11:15:34.100772;92c66953-211b-46f4-9f90-6a9dd8ec9237;7.9;12.28387524;BUY
2016-04-30T11:15:34.000000;2016-04-30T11:15:34.827800;9d6ac24d-26ef-4a11-89fa-1a3266f929aa;7.9;4.3910044;BUY
2016-04-30T11:15:36.000000;2016-04-30T11:15:36.191947;c8264ddf-dc61-4506-b65f-8e3e30ae84ca;7.9;12.30356883;BUY
2016-04-30T11:15:41.000000;2016-04-30T11:15:41.470463;674f3e30-c621-4e5f-a169-d419e40db52b;7.9;1.4;BUY
2016-04-30T11:15:43.000000;2016-04-30T11:15:43.730703;3901c44e-ce91-4dd7-8c95-bb3032afe5f9;7.9;11.58747495;BUY
2016-04-30T11:15:50.000000;2016-04-30T11:15:50.923398;5b387565-c49e-4fbb-a0b5-efe5b641f639;7.8996;2.2;SELL
2016-04-30T11:15:54.000000;2016-04-30T11:15:54.759799;3c7b855b-1082-4e57-9cd4-b543e87325f3;7.9;2.97754757;BUY
2016-04-30T11:15:56.000000;2016-04-30T11:15:56.747003;a060bfc7-35f1-423e-8896-1a77e9859957;7.9;2.97754757;BUY
2016-04-30T11:16:03.000000;2016-04-30T11:16:03.855720;0aee973c-636d-4e78-b35d-3851b11a99b0;7.9;10.00420593;BUY
2016-04-30T11:17:07.000000;2016-04-30T11:17:07.333046;b955a1d3-507b-4f26-a3c7-ba3913c7d559;7.9037;6.15379928;SELL
2016-04-30T11:17:07.000000;2016-04-30T11:17:07.360066;6a2649a5-6350-40b3-aeb6-2bf9c7c86840;7.903;43.84620072;SELL
2016-04-30T11:19:18.000000;2016-04-30T11:19:18.524203;f6455553-7e41-431c-a9b9-554747b93170;7.9693;6.14764548;BUY
2016-04-30T11:19:18.000000;2016-04-30T11:19:18.532186;164f69e1-b71c-47e4-a538-0c29d3cb925f;7.97;0.5;BUY
2016-04-30T11:19:35.000000;2016-04-30T11:19:35.714885;027d7ace-277f-4b29-9c7c-56a43fe42758;7.97;1.91755426;SELL
2016-04-30T11:19:48.000000;2016-04-30T11:19:49.055226;6e7bd435-1024-40dc-906b-ca47684f8a4e;7.97;1.0;SELL
2016-04-30T11:20:09.000000;2016-04-30T11:20:10.026314;fc68baa0-b10e-4359-9b1a-aeb2fbd65871;7.97;0.19685;SELL
2016-04-30T11:20:15.000000;2016-04-30T11:20:15.828910;47793e9c-7084-43ad-8447-f1e0f0f19dfe;7.97;0.66143;SELL
2016-04-30T11:20:29.000000;2016-04-30T11:20:29.524273;d2a08087-4436-46b5-98be-cef697d969e2;7.97;1.0;SELL
2016-04-30T11:20:50.000000;2016-04-30T11:20:50.948410;37cb20d6-feed-4ffe-bc7e-88af0b0df573;7.97;1.0;SELL
2016-04-30T11:21:29.000000;2016-04-30T11:21:29.096218;27e2b00a-db98-4e0f-adb7-f540fcdc4f32;7.97;1.0;SELL
2016-04-30T11:21:55.000000;2016-04-30T11:21:55.419925;e91ee306-7d9e-417a-a582-08ba62df5181;7.97;1.0;SELL
2016-04-30T11:22:30.000000;2016-04-30T11:22:30.066313;f252037c-1e40-4529-a247-34f37b2c5ec7;7.97;1.0;SELL
2016-04-30T11:22:52.000000;2016-04-30T11:22:52.289549;ffc5ca06-2b9b-477b-8401-1b5f2b0ae20c;7.97;1.0;SELL
2016-04-30T11:23:29.000000;2016-04-30T11:23:29.468264;e36b181a-bd9e-405c-997d-ed598f4b6a8b;7.97;0.57652026;SELL
2016-04-30T11:25:10.000000;2016-04-30T11:25:10.170331;fa30860b-c0ac-4d0f-afdd-372fd7add9b8;7.97;0.42347974;BUY
2016-04-30T11:25:30.000000;2016-04-30T11:25:30.266357;d37b83b4-235c-4209-9870-5c333286b43e;7.97;1.0;SELL
2016-04-30T11:25:49.000000;2016-04-30T11:25:49.568265;2bde4f8b-5be5-4679-8caf-604db93aa6db;7.97;1.0;SELL
2016-04-30T11:26:29.000000;2016-04-30T11:26:29.769287;cc1a341b-69d9-495b-bdf9-15effb095b2f;7.97;1.0;SELL
2016-04-30T11:26:55.000000;2016-04-30T11:26:55.277890;1c2ae0e3-2155-4338-897f-eb126c3857ab;7.97;1.0;SELL
2016-04-30T11:27:07.000000;2016-04-30T11:27:07.919156;1e97623b-5638-4446-98a0-98494e4438ce;7.9798;6.9758;BUY
2016-04-30T11:27:39.000000;2016-04-30T11:27:39.581321;cdc0dee3-9c59-4921-9388-b2087387be24;7.97;1.07864467;SELL
2016-04-30T11:27:45.000000;2016-04-30T11:27:45.124864;080bf8ac-fb30-40dc-8d0f-d0b666a5048e;7.97;1.0;SELL
2016-04-30T11:27:57.000000;2016-04-30T11:27:57.392118;71421487-67c4-4090-81a9-d55005ca512a;7.97;1.0;SELL
2016-04-30T11:28:34.000000;2016-04-30T11:28:34.041788;639a698c-a185-4863-8230-65c664e34e7c;7.97;1.0;SELL
2016-04-30T11:28:59.000000;2016-04-30T11:28:59.641339;9a170eec-1a68-4f9c-af55-25e30a315f40;7.97;1.0;SELL
2016-04-30T11:29:45.000000;2016-04-30T11:29:45.954955;26fa4983-4f27-4a00-a5e8-47a3ed7b63f2;7.97;45.0;SELL
2016-04-30T11:33:19.000000;2016-04-30T11:33:19.965339;0e2bb812-e6d4-44db-bffa-8dafda73910b;7.97;7.9;SELL
2016-04-30T11:38:35.000000;2016-04-30T11:38:35.430876;1205c7d5-71cd-4cc5-8d18-4ce64e8408e7;7.9798;5.27446907;BUY
2016-04-30T11:38:35.000000;2016-04-30T11:38:35.438878;97a2400e-0ea6-4445-8caf-5193ddde0c8d;7.9822;4.994;BUY
2016-04-30T11:38:35.000000;2016-04-30T11:38:35.512890;7d751458-6651-4960-bd5b-e65184aa27a1;7.999;89.73153093;BUY
2016-04-30T11:38:40.000000;2016-04-30T11:38:40.703428;3cba5288-c538-4c44-a521-b4fab492b6d0;8.0;5.0;BUY
2016-04-30T11:39:35.000000;2016-04-30T11:39:35.626904;36a49fa4-f73c-4d24-af22-e6307bb02d5e;7.971;0.1;SELL
2016-04-30T11:39:36.000000;2016-04-30T11:39:37.037046;6015ddc1-8352-418c-ad9f-882065245272;7.998;50.0;BUY
2016-04-30T11:40:05.000000;2016-04-30T11:40:05.936938;9a1adb83-68a6-4a44-9819-d2db0f867f5f;7.999;50.0;BUY
2016-04-30T11:42:14.000000;2016-04-30T11:42:14.497030;97f6179e-1a2d-4ca4-8f72-b62a2c3777fa;8.0;4.0;BUY
2016-04-30T11:48:16.000000;2016-04-30T11:48:16.847258;cf1cf415-ef6e-471a-92b6-a4e12742ab77;7.98;63.80811196;BUY
2016-04-30T11:48:17.000000;2016-04-30T11:48:17.345389;a7d68a6b-2ca8-41a8-92d1-93b7db68c996;7.98;2.54417981;BUY
2016-04-30T11:48:50.000000;2016-04-30T11:48:50.591651;b3c9ef4f-fe00-48b8-a29c-c36eb58ab5c6;7.98;11.82298838;BUY
2016-04-30T11:48:51.000000;2016-04-30T11:48:51.044737;0c0cf8f1-4bc9-4369-851a-28437a96a70f;7.98;1.90101323;BUY
2016-04-30T11:49:41.000000;2016-04-30T11:49:41.071690;7b7cc8de-bdf5-43fc-951f-5d9fb46dc4f2;7.98;219.92370662;BUY
2016-04-30T11:50:08.000000;2016-04-30T11:50:08.196405;83156983-59e6-414b-9cd4-873da00ea09a;7.99;5.09885053;BUY
2016-04-30T11:50:23.000000;2016-04-30T11:50:23.576964;bb2e0443-8ab8-4760-85d7-f0dd1ee192fe;7.99;2.02633622;BUY
2016-04-30T11:50:27.000000;2016-04-30T11:50:27.591342;63adb8e7-ea1a-47c9-af78-501aeeba1d6b;7.99;2.02633622;BUY
2016-04-30T11:50:29.000000;2016-04-30T11:50:29.747587;ee2f5add-2c6e-42a3-ac17-bf5fc1319b79;7.99;2.98549327;BUY
2016-04-30T11:52:19.000000;2016-04-30T11:52:19.185475;255699e0-a5d7-47be-96d4-0e55c78017be;7.99;4.16757266;BUY
2016-04-30T11:52:23.000000;2016-04-30T11:52:24.157013;9cef12ab-09b5-4c12-bb87-fb05557ecfea;7.99;2.8157216;BUY
2016-04-30T11:52:25.000000;2016-04-30T11:52:25.706173;3fac6b37-54e8-4208-b947-0b3b25ca5d15;7.99;5.34505247;BUY
2016-04-30T11:52:29.000000;2016-04-30T11:52:29.126521;92cff109-87fd-48a1-916c-b68e3502dec0;7.99;3.26706179;BUY
2016-04-30T11:52:32.000000;2016-04-30T11:52:32.731880;a760ab5e-eb65-44d3-95e2-5f4b4131cd49;7.99;3.26706179;BUY
2016-04-30T11:52:35.000000;2016-04-30T11:52:35.740146;454db1ef-d587-4910-bbd3-8633711521ad;7.99;3.45218318;BUY
2016-04-30T11:52:38.000000;2016-04-30T11:52:38.482406;a6644bdb-5f47-486a-9e4c-d7c3d03dc889;7.99;3.45218318;BUY
2016-04-30T11:52:40.000000;2016-04-30T11:52:40.362608;55a6c56d-4d51-4090-b7db-aa2c114c7fed;7.99;3.45218318;BUY
2016-04-30T11:52:59.000000;2016-04-30T11:52:59.566541;07bd8f57-0984-4dcd-ae7b-a89a0e04e0e5;7.99;0.74391877;BUY
2016-04-30T11:53:08.000000;2016-04-30T11:53:08.351405;1c6a714d-1982-4fb4-8d37-88b82b8c559f;7.99;14.26567411;BUY
2016-04-30T11:53:14.000000;2016-04-30T11:53:14.790079;772d05bc-cd47-4dfe-b7d1-05b9819d0dde;7.99;0.74498998;BUY
2016-04-30T11:53:20.000000;2016-04-30T11:53:20.537645;ccbb2681-5d02-4125-93b7-8255a8873be2;7.99;9.24660896;BUY
2016-04-30T11:53:24.000000;2016-04-30T11:53:24.704061;effd9361-91fe-4038-9f16-20654c9ffd2c;7.99;4.64277209;BUY
2016-04-30T11:53:33.000000;2016-04-30T11:53:33.071906;819e972a-ec7d-4528-bdcf-e855e11e3d06;8.0;1.0;BUY
2016-04-30T11:53:33.000000;2016-04-30T11:53:33.078878;a6305ba0-21a1-44e6-9486-c2ef7bd9ce4b;8.0;5.01707266;BUY
2016-04-30T11:53:37.000000;2016-04-30T11:53:37.143313;ad1c3ca1-38fe-4e25-903f-a5a02d604bac;8.0;6.01707266;BUY
2016-04-30T11:53:39.000000;2016-04-30T11:53:39.484529;d2a60500-cb1b-41c8-ab39-9fbfd955ff5f;8.0;5.96145457;BUY
2016-04-30T11:53:40.000000;2016-04-30T11:53:40.650648;f5d0b6c5-06a4-4770-8687-d14f838dad05;8.0;13.69069529;BUY
2016-04-30T11:53:42.000000;2016-04-30T11:53:42.281830;21f3616b-3873-478b-9861-a42feb9e48f8;8.0;5.96145457;BUY
2016-04-30T11:53:44.000000;2016-04-30T11:53:44.491020;ea211360-fbcd-40ed-ae3f-9fd37f96e844;8.0;5.96145457;BUY
2016-04-30T11:53:46.000000;2016-04-30T11:53:46.613222;979eda20-97a1-464f-9831-01ce19c7c723;8.0;5.96145457;BUY
2016-04-30T11:53:53.000000;2016-04-30T11:53:53.149875;9fba13b5-fe53-4cf7-8094-0e6168b30ec6;8.0;5.39937546;BUY
2016-04-30T11:54:35.000000;2016-04-30T11:54:35.176086;bbf906cf-2e53-4abe-b34e-2343d9eac88c;8.0;8.73958005;BUY
2016-04-30T11:54:35.000000;2016-04-30T11:54:35.390113;2c62f0b3-45e3-4252-accb-edd02b0caf7d;8.0;4.11464138;BUY
2016-04-30T11:54:35.000000;2016-04-30T11:54:35.579169;3fd904ca-732e-4f9c-b853-67e18c917e98;8.0;4.11464138;BUY
2016-04-30T11:54:37.000000;2016-04-30T11:54:37.238292;db23c931-1c17-4aa7-a6a7-cd28c4e04c1e;8.0;8.73958005;BUY
2016-04-30T11:54:37.000000;2016-04-30T11:54:37.987402;a2ee6b24-35eb-4aaf-ba64-d9d50f70e439;8.0;1.07468619;BUY
2016-04-30T11:54:43.000000;2016-04-30T11:54:44.017998;c15ee569-092a-4d48-b18b-f5e8b871c78c;8.0;18.15191045;BUY
2016-04-30T11:54:45.000000;2016-04-30T11:54:45.239125;0194eb0c-50e2-4f64-9bb1-0002d095b7e0;8.0;3.87829533;BUY
2016-04-30T11:54:45.000000;2016-04-30T11:54:45.609126;b19e5f41-6958-4773-96b7-ea0c8a612cd6;8.0;2.3376232;BUY
2016-04-30T11:54:56.000000;2016-04-30T11:54:56.679230;203064b6-dd48-4345-bbaf-c305d4d71c45;8.0;7.18230414;BUY
2016-04-30T11:55:06.000000;2016-04-30T11:55:06.057162;f29117d1-803a-4119-b006-f6cb4f8d84ee;8.0;6.82115284;BUY
2016-04-30T11:55:15.000000;2016-04-30T11:55:16.062174;c5e91dc6-da13-43ad-937f-c171b75bd11f;8.0;12.65030472;BUY
2016-04-30T11:55:16.000000;2016-04-30T11:55:16.168182;5face3ba-102c-4271-bf14-ac13b3549ff0;8.0;12.65030472;BUY
2016-04-30T11:55:16.000000;2016-04-30T11:55:16.409227;e487f168-10c2-42c3-b85d-9a399ec2d698;8.0;1.07343986;BUY
2016-04-30T11:55:16.000000;2016-04-30T11:55:17.024258;12827ca2-b22b-411e-8ccb-c1e2468e61e3;8.0;12.65030472;BUY
2016-04-30T11:55:19.000000;2016-04-30T11:55:19.092466;d346555b-2123-4942-992f-f3097161a39d;8.0;1.85119662;BUY
2016-04-30T11:55:19.000000;2016-04-30T11:55:19.101514;fc004642-789b-4c80-8559-c2666f7c7675;8.0;0.1;BUY
2016-04-30T11:55:22.000000;2016-04-30T11:55:22.245802;f0cad6ac-f903-496a-b729-c90c47dcd4c5;8.0079;1.95119662;BUY
2016-04-30T11:55:22.000000;2016-04-30T11:55:22.928883;09ade1e3-d32a-453f-a53a-f56d316f9e14;8.0079;1.31631511;BUY
2016-04-30T11:55:22.000000;2016-04-30T11:55:22.935863;ebc1879d-d70c-41bb-83cb-bbbd9d403bee;8.008;0.63488151;BUY
2016-04-30T11:55:25.000000;2016-04-30T11:55:25.130102;40d33076-ecfc-44f3-b42f-fa4ca180b960;8.008;1.95119662;BUY
2016-04-30T11:55:27.000000;2016-04-30T11:55:27.180292;f828f117-981e-4918-aab6-8420dac03c66;8.008;1.95119662;BUY
2016-04-30T11:55:35.000000;2016-04-30T11:55:35.835148;d63d3e5f-e248-4126-a63d-06a4275228f1;8.008;2.92402067;BUY
2016-04-30T11:55:39.000000;2016-04-30T11:55:39.704566;44b484c6-07d6-4b1d-9e5e-b95eb1b1d255;8.008;3.84706017;BUY
2016-04-30T11:55:43.000000;2016-04-30T11:55:43.157879;56147957-e8e7-455f-843b-d9cfc9a69130;8.008;3.88932085;BUY
2016-04-30T11:55:43.000000;2016-04-30T11:55:43.492978;be8be722-824e-44eb-8e81-0ab3cb774ea5;8.008;5.3;BUY
2016-04-30T11:55:46.000000;2016-04-30T11:55:46.831248;21fa8e57-5689-4fb8-a087-fa9d5e0ed028;8.008;3.89545109;BUY
2016-04-30T11:55:49.000000;2016-04-30T11:55:49.232484;e6f3dcc5-fde2-4c75-bb44-2e19cc95f8bc;8.008;3.89545109;BUY
2016-04-30T11:55:51.000000;2016-04-30T11:55:51.653773;72ba6feb-bcbf-4e81-b663-79c5fa4d665e;8.008;3.29187145;BUY
2016-04-30T11:55:53.000000;2016-04-30T11:55:53.452904;be8b64d8-9cac-4687-8867-73c4b6a3575b;8.008;3.8;BUY
2016-04-30T11:55:55.000000;2016-04-30T11:55:55.910215;a3c2c1e9-2dd0-4a1e-b28a-d289b8d6e092;8.008;3.29187145;BUY
2016-04-30T11:55:58.000000;2016-04-30T11:55:58.230399;70509fc0-2600-4a11-aa4c-8267b1ffaa10;8.008;9.90059092;BUY
2016-04-30T11:55:58.000000;2016-04-30T11:55:58.433414;d92c627f-c7b9-45cb-b536-612d8bab3dd4;8.008;3.29187145;BUY
2016-04-30T11:56:02.000000;2016-04-30T11:56:02.544986;881e549b-0ed2-4223-8498-8067266f4d44;8.008;16.56570366;BUY
2016-04-30T11:56:08.000000;2016-04-30T11:56:08.915450;c917e5f3-dc16-4013-af3d-82465e50f8c7;8.008;12.65030472;BUY
2016-04-30T11:56:08.000000;2016-04-30T11:56:09.010495;eaf3552a-bd62-445a-af4c-89bde29d79b2;8.008;4.22396986;BUY
2016-04-30T11:56:24.000000;2016-04-30T11:56:24.520034;4430e5f2-1ea2-4097-935b-518ceffd0991;8.008;29.2628471;BUY
2016-04-30T11:56:24.000000;2016-04-30T11:56:24.554032;fa175657-5186-4834-99b4-ddb88e774995;8.008;15.68926732;BUY
2016-04-30T11:56:25.000000;2016-04-30T11:56:25.750138;80a0b8c6-9c82-409e-a882-bd4c830bf919;8.008;12.67639353;BUY
2016-04-30T11:56:34.000000;2016-04-30T11:56:34.749072;4bb2e0dc-1a60-4dd6-9510-b6ea1cc7d6ad;8.008;7.81729917;BUY
2016-04-30T11:56:51.000000;2016-04-30T11:56:51.479721;d9950d0d-fa9a-4a83-a958-577c1ab4d377;8.008;1.1;BUY
2016-04-30T11:56:59.000000;2016-04-30T11:56:59.675975;1f40fb15-6880-4555-bbae-c763da29e2f7;8.008;10.99429237;BUY
2016-04-30T11:57:00.000000;2016-04-30T11:57:00.481050;c29688a3-70dd-4b56-8ed1-49f74d2f3480;8.008;12.69671616;BUY
2016-04-30T11:57:00.000000;2016-04-30T11:57:00.517059;25f59485-62a2-4875-8e77-cfc584a70173;8.008;10.51371212;BUY
2016-04-30T11:57:01.000000;2016-04-30T11:57:01.330180;abda40b0-6940-40ef-99cd-c587b938fea1;8.008;12.6967164;BUY
2016-04-30T11:57:01.000000;2016-04-30T11:57:01.883198;53043f07-6b8c-4797-8e55-2adc3ccd798b;8.008;19.16629439;BUY
2016-04-30T11:57:09.000000;2016-04-30T11:57:09.697978;4312e9d3-88e1-436e-b014-0df46cf71e8f;8.008;3.93749359;BUY
2016-04-30T11:57:10.000000;2016-04-30T11:57:10.263060;1b968118-a294-4e5a-83d1-d0957d25d5cd;8.008;8.69886506;BUY
2016-04-30T11:57:10.000000;2016-04-30T11:57:10.284041;627b7d2e-474b-40e8-809c-85a0bc0890ba;8.008;4.27893928;BUY
2016-04-30T11:57:10.000000;2016-04-30T11:57:10.305034;8f2a3c3b-815f-4cbc-a105-5a6996d9f823;8.008;3.9438057;BUY
2016-04-30T11:57:10.000000;2016-04-30T11:57:10.499079;55e30578-e0e4-46d8-bab1-a4f441e1e527;8.008;12.65030472;BUY
2016-04-30T11:57:11.000000;2016-04-30T11:57:11.997199;8055b025-2451-4596-8668-d7082caa7616;8.008;8.71281087;BUY
2016-04-30T11:57:12.000000;2016-04-30T11:57:12.186222;6736d58e-5ed1-4698-8079-0e532383de06;8.008;8.69886506;BUY
2016-04-30T11:57:13.000000;2016-04-30T11:57:13.814404;b3720256-8e94-4248-8bff-8323d1440b0a;8.008;8.62780887;BUY
2016-04-30T11:57:20.000000;2016-04-30T11:57:20.295049;32f5ba22-9cb7-41fa-98c3-6f4feb7a935f;8.008;2.2;BUY
2016-04-30T11:57:28.000000;2016-04-30T11:57:28.946888;18a65b89-af00-4f4a-a864-518186d8b709;8.008;3.95782387;BUY
2016-04-30T11:57:31.000000;2016-04-30T11:57:31.936192;f1c1ff9a-753a-45d0-a1f2-ef40e6948a65;8.008;3.95782387;BUY
2016-04-30T11:57:35.000000;2016-04-30T11:57:35.865582;4323e86d-49e4-4f06-8503-29a317899653;8.008;3.95782387;BUY
2016-04-30T11:57:37.000000;2016-04-30T11:57:38.089812;7abfd816-86b1-42e5-b7c3-159927a9d872;8.008;3.95782387;BUY
2016-04-30T11:57:40.000000;2016-04-30T11:57:40.612051;eb27d1ef-76ea-46fc-8c6c-6aa7e4318d3c;8.008;1.12375702;BUY
2016-04-30T11:57:44.000000;2016-04-30T11:57:44.373462;f2a32f30-8412-4e52-ac91-ec34b678ead3;8.008;3.29294479;BUY
2016-04-30T11:57:47.000000;2016-04-30T11:57:47.331733;a4ca4bd4-4aa8-4638-9b23-09c6622226b6;8.008;0.08480887;BUY
2016-04-30T12:00:46.000000;2016-04-30T12:00:46.577665;b211335f-f165-422c-a172-ed5dbf155135;8.0444;4.096;BUY
2016-04-30T12:01:27.000000;2016-04-30T12:01:27.683838;df6895be-e55b-4ddd-9cd3-51322d8c5aa3;8.05;0.2;BUY
2016-04-30T12:01:27.000000;2016-04-30T12:01:27.690797;6d508cea-8a14-4811-9479-8772e9d99c83;8.0987;0.85783048;BUY
2016-04-30T12:01:42.000000;2016-04-30T12:01:43.019296;4f0a6451-04a1-4e83-93a8-eee90123219d;8.0987;0.29216952;BUY
2016-04-30T12:01:42.000000;2016-04-30T12:01:43.028327;1931890f-2447-4b20-a21b-106eb57d7605;8.1;2.0;BUY
2016-04-30T12:01:42.000000;2016-04-30T12:01:43.037383;19caf574-118e-4615-8ad2-205eaa67e8ca;8.1;0.1;BUY
2016-04-30T12:01:42.000000;2016-04-30T12:01:43.064296;a74e733c-7824-4139-a618-0126ac979c42;8.127;2.60783048;BUY
2016-04-30T12:01:46.000000;2016-04-30T12:01:46.400669;8e966fe0-962a-4015-a84b-f2950a1ecc7e;8.127;5.79216952;BUY
2016-04-30T12:01:46.000000;2016-04-30T12:01:46.401670;ae56396b-3ac2-4a9b-8ded-37735b990dad;8.127;4.0;BUY
2016-04-30T12:01:46.000000;2016-04-30T12:01:46.408639;120402e9-d6c2-4953-92ea-eb17f41518b5;8.1279;5.20783048;BUY
2016-04-30T12:07:30.000000;2016-04-30T12:07:30.342030;616e2519-6a1f-4b0e-9e1d-1d40471cb7a4;8.128;3.23483661;BUY
2016-04-30T12:07:30.000000;2016-04-30T12:07:30.353123;9073b4e0-884f-494f-93b7-6307ae2bd8cd;8.135;46.81725958;BUY
2016-04-30T12:07:30.000000;2016-04-30T12:07:30.392075;40537c8d-5360-42a3-962b-88d49e14c875;8.1702;3.696723;BUY
2016-04-30T12:07:30.000000;2016-04-30T12:07:30.428068;f322f17a-acc6-4d0c-b4a7-76a085786b84;8.1809;233.76;BUY
2016-04-30T12:11:57.000000;2016-04-30T12:11:57.510084;5d54f543-3c77-417b-b250-d24cf7d07e9b;8.095;8.17;SELL
2016-04-30T12:15:52.000000;2016-04-30T12:15:52.473543;58a99c14-843b-4252-9072-07830663fa44;8.17;8.0;BUY
2016-04-30T12:16:14.000000;2016-04-30T12:16:14.547764;a65a8f07-37d4-4e83-a3b1-3596e45d4fec;8.1709;8.2;SELL
2016-04-30T12:16:33.000000;2016-04-30T12:16:33.248630;f2e3e1ff-27f6-44b2-977f-15d1b30a8e68;8.1709;0.1;SELL
2016-04-30T12:16:52.000000;2016-04-30T12:16:52.788571;ef07f66f-6f92-4ec5-9db1-4abe74cc91a4;8.1719;6.18501362;BUY
2016-04-30T12:16:52.000000;2016-04-30T12:16:52.790604;6db96992-d9ff-4eb1-9915-d559552804ed;8.1719;1.2151572;BUY
2016-04-30T12:16:54.000000;2016-04-30T12:16:54.768774;4f85fe20-bfbe-4584-a4fb-a614180b3fb8;8.1719;1.33367809;BUY
2016-04-30T12:16:54.000000;2016-04-30T12:16:54.909783;4586f9ce-fcfe-4cdd-859a-03618bb49a60;8.1719;1.26052037;BUY
2016-04-30T12:16:56.000000;2016-04-30T12:16:56.999000;61f061d4-7444-4b67-b8b4-d36a40605901;8.1719;2.47620093;BUY
2016-04-30T12:16:59.000000;2016-04-30T12:16:59.705275;dcf3fe9a-8c41-4f7e-b4cf-5dd3c3a4310d;8.1719;3.79854343;BUY
2016-04-30T12:17:02.000000;2016-04-30T12:17:02.191625;405ef08b-2366-45f1-a1f3-65de6692bc88;8.1719;0.01523988;BUY
