time_exchange;time_coinpai;guid;price;base_amount;taker_side
2016-04-30T00:00:16.000000;2016-04-30T00:00:16.988931;b54238c6-164e-44cf-93c7-0d849dde4f72;455.33;0.10798262;SELL
2016-04-30T00:00:16.000000;2016-04-30T00:00:16.988931;5e5cabde-121e-4595-9dcb-559c17d4d56d;455.33;0.10798262;SELL
2016-04-30T00:01:04.000000;2016-04-30T00:01:04.774727;fe70278f-8511-4fe9-a9dd-bc602e97dafb;455.36;5.16359218;SELL
2016-04-30T00:01:14.000000;2016-04-30T00:01:14.809716;31ede9f3-64a6-45af-b00e-1d68255d06d0;455.36;0.023969;SELL
2016-04-30T00:01:28.000000;2016-04-30T00:01:29.059156;a7cb2be0-aa86-4579-b00e-f3a9a2e1ca48;455.36;0.194031;SELL
2016-04-30T00:01:28.000000;2016-04-30T00:01:29.063135;fb6e411f-a669-4084-9654-cbadedf3529c;455.36;0.02603487;SELL
2016-04-30T00:01:29.000000;2016-04-30T00:01:29.241169;0765d7cf-f7ac-4663-9f84-2a1e5fdedf9b;455.36;0.33009161;SELL
2016-04-30T00:02:22.000000;2016-04-30T00:02:22.038452;7e48eee1-a7b1-417f-89ea-20a7ef0cb699;455.42;0.22;BUY
2016-04-30T00:02:29.000000;2016-04-30T00:02:29.535189;92ef2ef0-777d-47d2-921d-7a80cd1d6e3b;455.37;0.06;SELL
2016-04-30T00:02:59.000000;2016-04-30T00:02:59.664255;742108ea-e9e6-44cb-8557-6ddabf39a5b4;455.38;5.0;SELL
2016-04-30T00:02:59.000000;2016-04-30T00:02:59.773253;324cccf3-f107-47db-b3fa-c7a1892a0f32;455.39;1.55959082;BUY
2016-04-30T00:03:48.000000;2016-04-30T00:03:48.191099;9479251a-b36f-4d70-ac43-a233232c0f2f;455.55;3.20660995;BUY
2016-04-30T00:03:48.000000;2016-04-30T00:03:48.199042;e62d0cc8-94ef-426b-993d-cc4ef5f85104;455.57;6.5584;BUY
2016-04-30T00:03:48.000000;2016-04-30T00:03:48.211077;69fd1ac6-2b3b-40dd-9042-2a54cc4d3e17;455.95;9.96;BUY
2016-04-30T00:03:48.000000;2016-04-30T00:03:48.222049;e5af6e63-8c0b-4fdc-84a9-d030a6eaa5c5;455.96;12.0;BUY
2016-04-30T00:03:48.000000;2016-04-30T00:03:48.233058;3ddcabbb-2782-4636-b8d1-249c7d39dc9d;455.98;33.96138331;BUY
2016-04-30T00:05:00.000000;2016-04-30T00:05:00.733351;14c87343-e671-4a3c-bb22-91847e50cee7;455.68;0.22281133;SELL
2016-04-30T00:06:11.000000;2016-04-30T00:06:11.423377;693d1060-714b-4740-9fa8-21be4b2702c5;455.95;0.42449867;BUY
2016-04-30T00:08:17.000000;2016-04-30T00:08:17.214969;7895a4d4-4473-4300-a0a7-02ed2709bf6a;455.7;0.06480511;SELL
2016-04-30T00:08:38.000000;2016-04-30T00:08:38.882118;5b0ebfc8-b69a-40cc-b476-8fa6c50a51bc;455.96;0.5;BUY
2016-04-30T00:08:38.000000;2016-04-30T00:08:38.966122;a77601d0-c2c0-4b31-8489-2ec52ecd2222;455.97;3.0;BUY
2016-04-30T00:08:38.000000;2016-04-30T00:08:38.972178;b082f312-af7f-4eb2-b2f4-1f1cba5a4d99;455.98;0.4609;BUY
2016-04-30T00:08:46.000000;2016-04-30T00:08:46.328927;c11f8985-a6b9-44fe-a58a-c82fee50470d;455.98;0.1;BUY
2016-04-30T00:09:12.000000;2016-04-30T00:09:12.589484;e453a4c0-4222-4313-bdcc-a78e99dc1444;455.98;0.1;BUY
2016-04-30T00:10:19.000000;2016-04-30T00:10:19.000000;e41771bf-d520-46f6-9c2d-6c026f3550ef;455.98;0.42439058;UNKNOWN
2016-04-30T00:10:25.000000;2016-04-30T00:10:25.000000;c4f7c6e6-3e33-4e86-a817-54471d373063;455.93;0.30785533;UNKNOWN
2016-04-30T00:10:25.000000;2016-04-30T00:10:25.000000;d319c629-8f7c-46fa-85a9-4298327c3895;455.93;0.11654532;UNKNOWN
2016-04-30T00:11:05.000000;2016-04-30T00:11:05.000000;f7c7a475-3771-4bcb-a5ea-062a11c488a0;455.93;0.125;UNKNOWN
2016-04-30T00:11:14.000000;2016-04-30T00:11:14.000000;b69465e3-f96c-4e6f-b2cc-3f4d49d58c5f;455.93;0.02160688;UNKNOWN
2016-04-30T00:11:14.000000;2016-04-30T00:11:14.000000;f2da7e3f-a864-46bf-b629-98abe8acea43;455.93;0.08716;UNKNOWN
2016-04-30T00:11:42.000000;2016-04-30T00:11:42.000000;4a2cee8e-fb7d-41fa-bdab-8a34cdbd844d;455.98;0.1;UNKNOWN
2016-04-30T00:12:39.000000;2016-04-30T00:12:39.000000;530d3865-4d0e-4397-be77-12b8e1b621c4;455.98;0.1;UNKNOWN
2016-04-30T00:12:41.000000;2016-04-30T00:12:41.000000;af73bbcc-2a79-4ae3-82d9-4cd058dab61f;455.98;0.42439058;UNKNOWN
2016-04-30T00:13:19.000000;2016-04-30T00:13:19.000000;f9c81c6b-2945-4032-ad20-d89b67d9904d;455.95;0.045;UNKNOWN
2016-04-30T00:14:34.000000;2016-04-30T00:14:34.000000;e380cf51-dbe7-4bea-a381-8975583e7ec6;455.97;0.23514514;UNKNOWN
2016-04-30T00:14:41.000000;2016-04-30T00:14:41.000000;423e65c5-4c2b-46bd-bc24-4a8b81ab30ab;455.97;0.30783247;UNKNOWN
2016-04-30T00:16:05.000000;2016-04-30T00:16:05.000000;45c15f84-0531-454e-b7b4-7cb7db267594;455.97;0.1;UNKNOWN
2016-04-30T00:16:20.000000;2016-04-30T00:16:20.000000;034ba275-4279-44d3-bca6-85d0edd9c04c;455.98;1.0;UNKNOWN
2016-04-30T00:18:34.000000;2016-04-30T00:18:34.000000;375e00a4-c2ae-4902-a1d5-a410bf100025;455.97;0.17307285;UNKNOWN
2016-04-30T00:18:34.000000;2016-04-30T00:18:34.000000;ca48488c-3531-4cdb-9505-71dedfba848d;455.97;0.117;UNKNOWN
2016-04-30T00:19:14.000000;2016-04-30T00:19:14.000000;69544418-538c-45c6-b575-c08ab090c185;455.96;0.03453787;UNKNOWN
2016-04-30T00:20:29.000000;2016-04-30T00:20:29.000000;517449f5-494b-47ae-a064-0c890876523f;455.98;0.39873;UNKNOWN
2016-04-30T00:20:34.000000;2016-04-30T00:20:34.000000;bae7c1c4-1b5e-4185-aef2-81500e990528;455.96;0.10987849;UNKNOWN
2016-04-30T00:20:57.000000;2016-04-30T00:20:57.000000;32eda0c0-7fca-4020-812f-4178ff35416e;455.96;0.12866333;UNKNOWN
2016-04-30T00:20:59.000000;2016-04-30T00:20:59.000000;fb8d668d-c03f-45eb-bdb6-9911f7a39814;455.96;0.12866333;UNKNOWN
2016-04-30T00:21:03.000000;2016-04-30T00:21:03.000000;9196c969-7b29-45f1-8730-a717e341bf94;455.96;0.03524234;UNKNOWN
2016-04-30T00:21:05.000000;2016-04-30T00:21:05.000000;af31d140-a419-4a71-afc4-e97d5f9e43b4;455.96;0.0505438;UNKNOWN
2016-04-30T00:21:07.000000;2016-04-30T00:21:07.000000;ce3bf8fc-0305-4fe0-a4d6-fb2fb10f9619;455.96;0.0445864;UNKNOWN
2016-04-30T00:21:13.000000;2016-04-30T00:21:13.000000;a8363830-7f18-421c-9992-43926e16c408;455.98;0.02;UNKNOWN
2016-04-30T00:21:17.000000;2016-04-30T00:21:17.000000;fccbe6ec-e47d-4a32-99cc-5a8ee67a583b;455.96;0.04177092;UNKNOWN
2016-04-30T00:22:04.000000;2016-04-30T00:22:04.000000;29b3811c-2c1a-4e45-84a3-a32091e61a1c;455.96;0.02725678;UNKNOWN
2016-04-30T00:22:16.000000;2016-04-30T00:22:16.000000;5d806b57-c4d4-4e7e-91a9-39d817930e1a;455.96;0.04505018;UNKNOWN
2016-04-30T00:22:38.000000;2016-04-30T00:22:38.000000;e7bf13be-3760-4d99-afe4-33b81d112047;455.98;0.42386531;UNKNOWN
2016-04-30T00:23:05.000000;2016-04-30T00:23:05.000000;9c15f863-18c4-4399-b40d-fd1daa270453;455.96;1.0;UNKNOWN
2016-04-30T00:23:46.000000;2016-04-30T00:23:46.000000;f65f1c8b-e77c-472d-9897-d1e02f56bdba;455.96;0.07323958;UNKNOWN
2016-04-30T00:23:48.000000;2016-04-30T00:23:48.000000;e2d93115-bdf5-4dbb-adb7-babbcb757f96;455.96;0.04820786;UNKNOWN
2016-04-30T00:23:50.000000;2016-04-30T00:23:50.000000;e72e8b6f-a600-4170-9f5d-0f2a4cfba764;455.96;0.07323958;UNKNOWN
2016-04-30T00:25:38.000000;2016-04-30T00:25:38.000000;a65eed05-c85a-4716-aa38-598d95d85912;455.96;0.31057999;UNKNOWN
2016-04-30T00:25:39.000000;2016-04-30T00:25:39.000000;810b2867-7526-4972-baa8-813019825b29;455.96;0.05610428;UNKNOWN
2016-04-30T00:26:16.000000;2016-04-30T00:26:16.000000;a96003be-7691-4673-8c54-d1e80244191e;455.98;0.42465009;UNKNOWN
2016-04-30T00:26:17.000000;2016-04-30T00:26:17.000000;3713c83d-f691-4694-a7e9-84bda75f5bcf;455.96;0.08365068;UNKNOWN
2016-04-30T00:27:23.000000;2016-04-30T00:27:23.000000;f1ec55ff-e58d-48e5-853d-4a82d64cd55b;455.98;3.0373;UNKNOWN
2016-04-30T00:27:54.000000;2016-04-30T00:27:54.000000;0d7d7d1f-0495-4562-b4d8-a8a43218b38b;455.96;0.07939985;UNKNOWN
2016-04-30T00:27:56.000000;2016-04-30T00:27:56.000000;6d516d6f-bddc-4f17-a0b2-6a401c823f8d;455.96;0.07484732;UNKNOWN
2016-04-30T00:27:58.000000;2016-04-30T00:27:58.000000;16aa4620-68ff-4930-ade9-2559dabc6da5;455.96;0.02630949;UNKNOWN
2016-04-30T00:28:00.000000;2016-04-30T00:28:00.000000;9b17f20f-ecef-43b3-a710-59a199aa97e9;455.96;0.06797711;UNKNOWN
2016-04-30T00:28:03.000000;2016-04-30T00:28:03.000000;c53f1ce3-14cd-4380-bee7-1c79a53f3e5c;455.96;0.01233968;UNKNOWN
2016-04-30T00:28:37.000000;2016-04-30T00:28:37.000000;466fee51-395f-4e07-90e6-41fde4a351a6;455.98;1.0;UNKNOWN
2016-04-30T00:29:05.000000;2016-04-30T00:29:05.000000;33645a66-7db4-4b1f-9aa1-3e1d6d757947;455.96;0.291178;UNKNOWN
2016-04-30T00:30:33.000000;2016-04-30T00:30:33.000000;236c21cf-c96b-4c80-9ec8-792ee848f9fe;455.98;0.42465009;UNKNOWN
2016-04-30T00:32:17.000000;2016-04-30T00:32:17.000000;a3458d71-c429-4612-b3a6-73b3de2d85c6;455.96;0.08103596;UNKNOWN
2016-04-30T00:35:13.000000;2016-04-30T00:35:13.000000;092002f6-133c-4e36-8d8e-070a7cb089b7;455.98;0.9;UNKNOWN
2016-04-30T00:38:02.000000;2016-04-30T00:38:02.000000;ba7001f1-eb88-4c92-878e-6e956b0578d8;455.98;4.2787613;UNKNOWN
2016-04-30T00:38:02.000000;2016-04-30T00:38:02.000000;1a1513bb-f68a-4cac-8744-4a3b87cf00e9;455.98;4.2787613;UNKNOWN
2016-04-30T00:38:02.000000;2016-04-30T00:38:02.000000;9ebfee21-6db8-4c81-8565-2cf41e3d21b9;455.98;0.61828447;UNKNOWN
2016-04-30T00:38:02.000000;2016-04-30T00:38:02.000000;55e62af5-8aac-4c7c-94e6-e68d474397cb;455.98;0.68429293;UNKNOWN
2016-04-30T00:38:02.000000;2016-04-30T00:38:02.000000;3241dffe-3575-4375-a279-a8ac5d7eb855;455.98;0.09;UNKNOWN
2016-04-30T00:38:02.000000;2016-04-30T00:38:02.000000;c13a6da1-3181-4a02-8e68-b687d03295d0;455.98;0.0499;UNKNOWN
2016-04-30T00:38:03.000000;2016-04-30T00:38:03.000000;6fc5979f-0669-4a7a-9358-a657283c7e4c;455.96;0.02080749;UNKNOWN
2016-04-30T00:38:17.000000;2016-04-30T00:38:17.000000;7bc2a362-b954-4a2e-b60f-1e52d3d94495;455.96;0.06479098;UNKNOWN
2016-04-30T00:38:57.000000;2016-04-30T00:38:57.000000;14bc1891-4690-43bb-86f2-70873b510e00;455.96;0.07032223;UNKNOWN
2016-04-30T00:41:36.000000;2016-04-30T00:41:36.000000;e1479f84-ce6e-4726-9e76-f430f7570014;455.96;0.08350765;UNKNOWN
2016-04-30T00:42:22.000000;2016-04-30T00:42:22.000000;8671d5c4-de67-4fc2-bb87-1e6582dba58e;455.93;0.0152;UNKNOWN
2016-04-30T00:42:49.000000;2016-04-30T00:42:49.000000;eeb12841-8b86-4829-bad5-3a68f323985d;455.93;0.04395139;UNKNOWN
2016-04-30T00:43:14.000000;2016-04-30T00:43:14.000000;a0417091-ff3b-47d2-bb64-3b2f4e351cc9;455.58;0.06689739;UNKNOWN
2016-04-30T00:43:14.000000;2016-04-30T00:43:14.000000;71bfb236-6692-46bf-b322-b8ff13bcd580;455.93;0.15784861;UNKNOWN
2016-04-30T00:45:44.000000;2016-04-30T00:45:44.000000;6edee096-aecf-4f9c-93cd-290c4fc9173f;455.5;6.79992908;UNKNOWN
2016-04-30T00:45:44.000000;2016-04-30T00:45:44.000000;e0947938-ef17-462e-a6c7-e0308f1948f5;455.58;6.49410261;UNKNOWN
2016-04-30T00:45:44.000000;2016-04-30T00:45:44.000000;706c9ab1-8607-4eb8-8a4d-23ec5b9677b4;455.55;8.7;UNKNOWN
2016-04-30T00:47:14.000000;2016-04-30T00:47:14.000000;13220bff-4cbf-4338-9f8d-352f5fc219d1;455.55;0.040987;UNKNOWN
2016-04-30T00:47:16.000000;2016-04-30T00:47:16.000000;7b2c8fca-3dcc-4aa6-a842-de9b74f2efdd;455.55;0.03;UNKNOWN
2016-04-30T00:48:04.000000;2016-04-30T00:48:04.000000;81a84895-3701-4d7a-bd93-336de8d3108f;455.55;6.440113;UNKNOWN
2016-04-30T00:48:12.000000;2016-04-30T00:48:12.000000;859a33a0-f6f4-4b58-8771-cf37d7b575eb;455.05;1.64;UNKNOWN
2016-04-30T00:48:12.000000;2016-04-30T00:48:12.000000;581477cc-08d7-486c-9a3c-3dafe1a14620;455.54;8.36;UNKNOWN
2016-04-30T00:48:14.000000;2016-04-30T00:48:14.000000;49328a94-0683-495a-8e99-2f5bada0c9e1;455.05;5.6842088;UNKNOWN
2016-04-30T00:48:17.000000;2016-04-30T00:48:17.000000;8ab66922-af04-4e64-8346-33f6e956fdc0;455.55;0.122587;UNKNOWN
2016-04-30T00:48:17.000000;2016-04-30T00:48:17.000000;56b43c58-eb80-4a5c-b0e3-771bf98c42fd;455.55;4.28641848;UNKNOWN
2016-04-30T00:48:28.000000;2016-04-30T00:48:28.000000;a7d50f45-463d-4c5c-b0b4-cbe18db50344;455.55;0.5;UNKNOWN
2016-04-30T00:48:34.000000;2016-04-30T00:48:34.000000;488254b8-8e8f-4010-9a7d-86a7ea3e54ab;455.13;0.11427363;UNKNOWN
2016-04-30T00:48:40.000000;2016-04-30T00:48:40.000000;273f9fb9-9f27-4e4e-90ac-25b3dcaf70aa;455.13;1.0;UNKNOWN
2016-04-30T00:48:42.000000;2016-04-30T00:48:42.000000;5f30115a-895f-49c9-854c-212535c941d7;455.11;8.21;UNKNOWN
2016-04-30T00:48:42.000000;2016-04-30T00:48:42.000000;ade2c9c5-8c92-4446-8519-c64e7ca1fc04;455.09;8.87067363;UNKNOWN
2016-04-30T00:48:42.000000;2016-04-30T00:48:42.000000;385f031d-2ab0-4e95-8336-6740990e47fc;455.13;5.41932637;UNKNOWN
2016-04-30T00:48:44.000000;2016-04-30T00:48:44.000000;39ab167e-ede6-434c-98e3-23364ca8e3c2;454.48;2.79067363;UNKNOWN
2016-04-30T00:48:44.000000;2016-04-30T00:48:44.000000;fb1e6657-92f1-468b-8372-86c565616853;454.5;0.01;UNKNOWN
2016-04-30T00:48:44.000000;2016-04-30T00:48:44.000000;6a57f668-16bc-4bf4-8b4f-b86e203f89b1;455.09;7.19932637;UNKNOWN
2016-04-30T00:48:44.000000;2016-04-30T00:48:44.000000;6a131985-71ef-437f-a9c5-716c2dd538cf;454.5;0.01;UNKNOWN
2016-04-30T00:48:44.000000;2016-04-30T00:48:44.000000;a92c91e5-e015-421b-8411-9c208dc471e6;455.01;12.49;UNKNOWN
2016-04-30T00:49:04.000000;2016-04-30T00:49:04.000000;fc6a8f6f-00af-4120-94b4-9efa9d327575;455.11;0.11877558;UNKNOWN
2016-04-30T00:50:17.000000;2016-04-30T00:50:17.000000;b7e28ac9-ee15-406f-98ee-f41eac4ce8d9;455.12;0.03467961;UNKNOWN
2016-04-30T00:50:35.000000;2016-04-30T00:50:35.000000;2201bdd4-371a-4b2e-a8ff-7e9711fe9708;455.12;2.9463;UNKNOWN
2016-04-30T00:51:02.000000;2016-04-30T00:51:02.000000;e648b226-2bf1-4ed4-a87a-1b458d8e5732;454.67;0.33;UNKNOWN
2016-04-30T00:51:54.000000;2016-04-30T00:51:54.000000;e346c320-8c23-4872-a2dc-936ea6d3d09d;454.49;0.11008128;UNKNOWN
2016-04-30T00:53:28.000000;2016-04-30T00:53:28.000000;151064e0-6e36-47f8-923c-77fc84e436df;454.5;0.05511816;UNKNOWN
2016-04-30T00:55:09.000000;2016-04-30T00:55:09.000000;28806e4d-0f73-43bb-a670-538aef77baee;454.8;0.0411;UNKNOWN
2016-04-30T00:55:19.000000;2016-04-30T00:55:19.000000;b9585c47-fd7b-4260-be4c-07bb89fccfe6;454.82;1.0;UNKNOWN
2016-04-30T00:55:31.000000;2016-04-30T00:55:31.000000;b0a2eed8-653c-4c74-a793-1fb9b17a1b46;454.82;0.4;UNKNOWN
2016-04-30T00:55:54.000000;2016-04-30T00:55:54.000000;e04fdf75-be41-467d-92dd-a44b59e4d05c;454.77;0.64575749;UNKNOWN
2016-04-30T00:57:14.000000;2016-04-30T00:57:14.000000;d34c210f-b772-4140-bb7b-5745c99d843e;454.86;0.0801874;UNKNOWN
2016-04-30T00:57:18.000000;2016-04-30T00:57:18.000000;c791a86e-1881-4551-855e-3860663a0d1c;454.86;0.0694168;UNKNOWN
2016-04-30T00:57:20.000000;2016-04-30T00:57:20.000000;a612c81e-8cba-4420-8845-06620d0fc663;454.86;0.01588891;UNKNOWN
2016-04-30T00:58:16.000000;2016-04-30T00:58:16.000000;b12bc3a0-00bb-4332-8926-88f7eeb6a5c5;454.92;0.02160076;UNKNOWN
2016-04-30T01:02:05.000000;2016-04-30T01:02:05.000000;af3024cb-67de-44da-8f3b-a11d8117664f;455.12;0.017938;UNKNOWN
2016-04-30T01:02:05.000000;2016-04-30T01:02:05.000000;c2b4db77-9839-4c58-a5fb-abb83548c0af;455.12;0.05481298;UNKNOWN
2016-04-30T01:02:08.000000;2016-04-30T01:02:08.000000;274ca405-4124-459f-a451-477ee2c14313;455.12;0.03687398;UNKNOWN
2016-04-30T01:02:08.000000;2016-04-30T01:02:08.000000;8a220a98-2b55-4bb9-9f8c-bf12d881ea63;455.11;0.035877;UNKNOWN
2016-04-30T01:02:09.000000;2016-04-30T01:02:09.000000;97805e4f-c52c-4d7e-83cf-4d6119854009;455.02;0.2766104;UNKNOWN
2016-04-30T01:02:10.000000;2016-04-30T01:02:10.000000;298b5093-df77-4f9c-8f9c-869ead2a646c;455.12;0.07275098;UNKNOWN
2016-04-30T01:02:17.000000;2016-04-30T01:02:17.000000;57df20eb-49c0-4a7b-9179-b1a010ed27a2;455.02;0.21906924;UNKNOWN
2016-04-30T01:06:03.000000;2016-04-30T01:06:03.000000;b3338ba6-6ba4-4a90-a4e4-04540b73392d;454.97;0.218;UNKNOWN
2016-04-30T01:06:03.000000;2016-04-30T01:06:03.000000;4c2df453-b5d8-4699-bbdb-48f804ca708f;454.96;1.81957688;UNKNOWN
2016-04-30T01:06:03.000000;2016-04-30T01:06:03.000000;1f3e2d21-fb1c-4933-b1fd-a5b3a46abc28;454.97;0.218;UNKNOWN
2016-04-30T01:06:03.000000;2016-04-30T01:06:03.000000;5df1920d-40ba-477f-a183-b7e971c16d85;454.97;0.218;UNKNOWN
2016-04-30T01:06:03.000000;2016-04-30T01:06:03.000000;81d1c52c-fbf7-43c8-8223-f80c87456369;454.97;0.218;UNKNOWN
2016-04-30T01:06:03.000000;2016-04-30T01:06:03.000000;d651fc2b-0717-48f5-9bb2-4d7f96441b55;454.97;0.218;UNKNOWN
2016-04-30T01:06:03.000000;2016-04-30T01:06:03.000000;d2572262-2cef-4fc1-9fac-74d47e66805f;454.97;0.218;UNKNOWN
2016-04-30T01:06:03.000000;2016-04-30T01:06:03.000000;61fbcb01-80fe-4879-beb4-d447a61d325e;454.97;0.218;UNKNOWN
2016-04-30T01:06:34.000000;2016-04-30T01:06:34.000000;e0df8cb8-31f3-47f8-bb13-6287b2afb0ef;454.95;1.10282424;UNKNOWN
2016-04-30T01:07:09.000000;2016-04-30T01:07:09.000000;66a8ae27-c5e1-4475-ad06-b1d6e49019ff;454.87;0.6112;UNKNOWN
2016-04-30T01:07:12.000000;2016-04-30T01:07:12.000000;686942c0-c4b6-41bd-a5e0-7eb31fc847b3;454.86;0.00038689;UNKNOWN
2016-04-30T01:07:12.000000;2016-04-30T01:07:12.000000;84cc2102-b6a8-48f6-bb9a-1171080c1187;454.86;0.055;UNKNOWN
2016-04-30T01:08:16.000000;2016-04-30T01:08:16.000000;21f216f2-f269-4924-92b5-4fbb127d1672;454.75;0.02879328;UNKNOWN
2016-04-30T01:08:33.000000;2016-04-30T01:08:33.000000;9df8b942-c780-404c-9054-23bdd8f5fe39;454.75;0.04845387;UNKNOWN
2016-04-30T01:10:56.000000;2016-04-30T01:10:56.000000;16a74c6a-3b33-4b02-b6d2-438c1117f9ba;454.76;0.21019447;UNKNOWN
2016-04-30T01:10:56.000000;2016-04-30T01:10:56.000000;4bc03c03-e8ff-4d4e-94a8-4fec6f98652f;454.76;0.03061311;UNKNOWN
2016-04-30T01:10:56.000000;2016-04-30T01:10:56.000000;b0a2ff51-b9b2-47a0-9930-eb8c9fc879fd;454.76;0.071809;UNKNOWN
2016-04-30T01:10:57.000000;2016-04-30T01:10:57.000000;7cad46f7-d86e-439a-a117-c9d7d8558a8d;454.76;0.31265035;UNKNOWN
2016-04-30T01:11:25.000000;2016-04-30T01:11:25.000000;67023e3f-9cc1-41ac-9276-56f626961b28;454.75;0.125;UNKNOWN
2016-04-30T01:14:09.000000;2016-04-30T01:14:09.000000;ef7b5c67-079e-4a5f-bc11-8d5f04379593;454.75;2.20341727;UNKNOWN
2016-04-30T01:23:22.000000;2016-04-30T01:23:22.000000;b6b1f654-31f5-4276-9a1e-38868bf79452;454.76;8.65638;UNKNOWN
2016-04-30T01:23:22.000000;2016-04-30T01:23:22.000000;f561eac1-42ff-4f9a-b207-78556be67b44;454.76;0.14362;UNKNOWN
2016-04-30T01:23:29.000000;2016-04-30T01:23:29.000000;a128df93-11fd-417b-8d7d-2a68bcdb2d0c;454.75;0.3558;UNKNOWN
2016-04-30T01:24:03.000000;2016-04-30T01:24:03.000000;4925c276-27db-472f-a7d6-3aa5b0767b83;454.76;0.2;UNKNOWN
2016-04-30T01:24:03.000000;2016-04-30T01:24:03.000000;fb39c301-76d5-4c8b-8d60-beffd7a0579d;454.76;5.7837617;UNKNOWN
2016-04-30T01:24:05.000000;2016-04-30T01:24:05.000000;aef27b05-0666-463f-8e13-8a30c9090318;454.76;0.497;UNKNOWN
2016-04-30T01:24:19.000000;2016-04-30T01:24:19.000000;0b31caa4-a812-4619-9e7f-a2c53c4bab09;454.77;0.3529;UNKNOWN
2016-04-30T01:25:07.000000;2016-04-30T01:25:07.000000;6f6f9985-b67d-43db-9742-6972379fd5db;454.78;0.01;UNKNOWN
2016-04-30T01:25:07.000000;2016-04-30T01:25:07.000000;8ce1086a-2235-43a9-afa2-a8ef0082c947;454.78;0.01;UNKNOWN
2016-04-30T01:25:07.000000;2016-04-30T01:25:07.000000;c8e5d76e-0e93-4b0a-97df-aba89c3d0e1a;454.77;0.3328;UNKNOWN
2016-04-30T01:25:28.000000;2016-04-30T01:25:28.000000;7f5a6e51-3533-484f-ac2d-30ea324546d7;454.78;0.01044465;UNKNOWN
2016-04-30T01:25:53.000000;2016-04-30T01:25:53.000000;93b11065-228b-4e1d-8363-44af4e1200d4;454.77;0.3546;UNKNOWN
2016-04-30T01:26:21.000000;2016-04-30T01:26:21.000000;4818bca3-0be5-468d-b81e-e5c8c2d35f01;454.78;0.1;UNKNOWN
2016-04-30T01:26:24.000000;2016-04-30T01:26:24.000000;b3f98102-df56-4915-95c9-0a0d32dcd035;454.77;0.0501;UNKNOWN
2016-04-30T01:27:49.000000;2016-04-30T01:27:49.000000;c06f3b5d-6a52-42c1-9d43-8b4a252ed80d;454.77;0.06789121;UNKNOWN
2016-04-30T01:30:18.000000;2016-04-30T01:30:18.000000;4128cc38-9faa-4010-ae42-ccb89f691bba;454.78;0.5394;UNKNOWN
2016-04-30T01:30:49.000000;2016-04-30T01:30:49.000000;f0bd7a76-ac1b-4d8b-ae5a-6c2e9b7cd0d2;454.77;0.4035;UNKNOWN
2016-04-30T01:31:04.000000;2016-04-30T01:31:04.000000;a634adcb-db45-41cd-becf-b1bb1219dd33;454.77;0.28305218;UNKNOWN
2016-04-30T01:31:37.000000;2016-04-30T01:31:37.000000;4ef0b2d5-78b1-48e7-a06a-047bdbfc100c;454.77;0.3538;UNKNOWN
2016-04-30T01:32:25.000000;2016-04-30T01:32:25.000000;bd483c3d-8561-4337-b60a-04311522e7d2;454.77;0.3524;UNKNOWN
2016-04-30T01:32:45.000000;2016-04-30T01:32:45.000000;b65023f8-eda7-41f4-a24d-4b932abb4e9e;454.78;0.42540882;UNKNOWN
2016-04-30T01:33:04.000000;2016-04-30T01:33:04.000000;f71f329e-4727-4225-81e8-39ccc0e2578f;454.78;0.01;UNKNOWN
2016-04-30T01:33:14.000000;2016-04-30T01:33:14.000000;6a7568fc-7fb6-4254-9b79-e639552ab72e;454.77;0.3548;UNKNOWN
2016-04-30T01:34:02.000000;2016-04-30T01:34:02.000000;6686b3a1-b350-428e-9171-8cff7590a8e5;454.77;0.3541;UNKNOWN
2016-04-30T01:34:53.000000;2016-04-30T01:34:53.000000;6ad2e0f9-3f34-42de-9e69-924e2fa73c3c;454.77;0.3553;UNKNOWN
2016-04-30T01:35:41.000000;2016-04-30T01:35:41.000000;22edf3d4-8365-4bce-ab7e-8a5f0dec9439;454.77;0.3522;UNKNOWN
2016-04-30T01:36:30.000000;2016-04-30T01:36:30.000000;1ac2d60c-5c60-44c1-84ac-d46f05f2f809;454.77;0.3515;UNKNOWN
2016-04-30T01:36:32.000000;2016-04-30T01:36:32.000000;8d54d965-a13b-4922-b102-0978c72bb222;454.77;0.10404224;UNKNOWN
2016-04-30T01:36:34.000000;2016-04-30T01:36:34.000000;43a15e0a-4ed1-4802-970c-84fc1b1c3cae;454.77;0.15;UNKNOWN
2016-04-30T01:36:35.000000;2016-04-30T01:36:35.000000;08b9e29f-82f9-4f7f-a588-e021f7c55a59;454.77;0.10404224;UNKNOWN
2016-04-30T01:36:37.000000;2016-04-30T01:36:37.000000;bba169a9-1341-4a08-a2df-41f055aae8b1;454.77;0.10404224;UNKNOWN
2016-04-30T01:36:38.000000;2016-04-30T01:36:38.000000;2ac59bd3-f9d7-48d7-af25-076e0a995b2e;454.77;0.31095696;UNKNOWN
2016-04-30T01:36:38.000000;2016-04-30T01:36:38.000000;d84ff423-ee91-4222-8e26-c58133b1549d;454.77;0.27890073;UNKNOWN
2016-04-30T01:36:40.000000;2016-04-30T01:36:40.000000;dd21aa7c-0b71-4b82-8ee3-0a6b0e8509bf;454.77;0.10404224;UNKNOWN
2016-04-30T01:36:42.000000;2016-04-30T01:36:42.000000;738d7676-b5ad-4112-8e1b-790183c7f46e;454.77;0.27845431;UNKNOWN
2016-04-30T01:36:42.000000;2016-04-30T01:36:42.000000;90346aa1-d5fd-49ba-8e88-b21aca94b855;454.77;0.10404224;UNKNOWN
2016-04-30T01:36:44.000000;2016-04-30T01:36:44.000000;03b4f097-0f76-4cd3-9dec-94d0679ccb2a;454.77;0.10404224;UNKNOWN
2016-04-30T01:36:46.000000;2016-04-30T01:36:46.000000;e4b94c04-39ae-4c67-acc2-004fa330a158;454.77;0.10404224;UNKNOWN
2016-04-30T01:36:48.000000;2016-04-30T01:36:48.000000;00e3f66b-1425-48b7-9fa3-ac14c5fd2f3b;454.77;0.05190099;UNKNOWN
2016-04-30T01:36:48.000000;2016-04-30T01:36:48.000000;647a452e-d09a-46bf-adfd-39b04a8b13e0;454.77;0.01;UNKNOWN
2016-04-30T01:36:49.000000;2016-04-30T01:36:49.000000;359540d6-7e41-474c-a9bb-d6e2e8897d5b;454.77;0.10404224;UNKNOWN
2016-04-30T01:36:52.000000;2016-04-30T01:36:52.000000;239f0d29-5cf9-47ba-b0df-50c18ff2d691;454.77;0.10404224;UNKNOWN
2016-04-30T01:36:54.000000;2016-04-30T01:36:54.000000;29e7bf51-1889-49fb-94fb-e616007b8aba;454.77;0.10404224;UNKNOWN
2016-04-30T01:36:56.000000;2016-04-30T01:36:56.000000;159a5693-e77b-4492-ab19-70338150793c;454.77;0.13393362;UNKNOWN
2016-04-30T01:36:57.000000;2016-04-30T01:36:57.000000;e9752b6b-3495-4e37-b10b-2138cbcc937d;454.77;0.10404224;UNKNOWN
2016-04-30T01:36:57.000000;2016-04-30T01:36:57.000000;182fcc6d-ec87-4b47-81d9-cbd6316d70e3;454.77;0.07307204;UNKNOWN
2016-04-30T01:36:57.000000;2016-04-30T01:36:57.000000;03448c71-fde3-4c8b-88ba-beb6a088c72d;454.77;0.16457858;UNKNOWN
2016-04-30T01:36:58.000000;2016-04-30T01:36:58.000000;4d5314e7-b8a0-4243-b785-a32866da0d59;454.77;0.07318919;UNKNOWN
2016-04-30T01:36:59.000000;2016-04-30T01:36:59.000000;7056f474-505d-4106-b8a8-927ee4263918;454.77;0.07689448;UNKNOWN
2016-04-30T01:37:01.000000;2016-04-30T01:37:01.000000;63fde742-b425-4d3c-b929-97b25f011988;454.77;0.07689448;UNKNOWN
2016-04-30T01:37:04.000000;2016-04-30T01:37:04.000000;48e29075-876f-48c8-9510-7d421721b378;454.77;0.07689448;UNKNOWN
2016-04-30T01:37:06.000000;2016-04-30T01:37:06.000000;b14560eb-db2b-46fe-a58e-d1cc961c3d4b;454.77;0.07689448;UNKNOWN
2016-04-30T01:37:16.000000;2016-04-30T01:37:16.000000;1031f536-6b19-44c7-a21c-2248525aa8b9;454.77;0.04450086;UNKNOWN
2016-04-30T01:37:18.000000;2016-04-30T01:37:18.000000;e88aa60d-07d9-4904-8e85-d0eaf2455300;454.77;0.3549;UNKNOWN
2016-04-30T01:37:18.000000;2016-04-30T01:37:18.000000;c69ddd30-7759-42bf-9341-3fb72ed9b496;454.77;0.04974384;UNKNOWN
2016-04-30T01:37:20.000000;2016-04-30T01:37:20.000000;0df019d8-8a5c-4cd6-be22-b8d6d2626d00;454.77;0.05250012;UNKNOWN
2016-04-30T01:37:23.000000;2016-04-30T01:37:23.000000;4856f327-9b63-4de4-8ccf-528472e67ce2;454.78;0.2198;UNKNOWN
2016-04-30T01:37:37.000000;2016-04-30T01:37:37.000000;c99351e5-77d0-4b07-b623-8e1547953040;454.77;0.08899127;UNKNOWN
2016-04-30T01:37:39.000000;2016-04-30T01:37:39.000000;67e94795-907a-4068-ac8e-f1a2ce0f40a1;454.77;0.08899127;UNKNOWN
2016-04-30T01:37:41.000000;2016-04-30T01:37:41.000000;86d51f42-3f40-43ae-bc2c-6fe12fc21046;454.77;0.08899127;UNKNOWN
2016-04-30T01:37:43.000000;2016-04-30T01:37:43.000000;66951f7a-4761-4031-95a5-8648894891f3;454.77;0.08899127;UNKNOWN
2016-04-30T01:37:46.000000;2016-04-30T01:37:46.000000;4b2618fc-f474-44f6-a990-83d7110df281;454.77;0.03604341;UNKNOWN
2016-04-30T01:38:04.000000;2016-04-30T01:38:04.000000;4a1bae92-0f23-4138-a17d-005c9acfef29;454.77;0.10699663;UNKNOWN
2016-04-30T01:38:07.000000;2016-04-30T01:38:07.000000;bf9f9b5d-3b14-44e5-a356-862fb7d01c65;454.77;0.03231327;UNKNOWN
2016-04-30T01:38:07.000000;2016-04-30T01:38:07.000000;69c2ab3b-558b-4db1-a9f1-e20327f0b48c;454.77;0.32028673;UNKNOWN
2016-04-30T01:38:57.000000;2016-04-30T01:38:57.000000;e9a42dac-bf16-4b4e-89af-449e7ecf9166;454.77;0.3558;UNKNOWN
2016-04-30T01:39:14.000000;2016-04-30T01:39:14.000000;d7277874-2baa-4731-9cf9-d41de67fd01c;454.77;0.21726168;UNKNOWN
2016-04-30T01:39:45.000000;2016-04-30T01:39:45.000000;b53138e7-a6f6-4fc4-884d-8e257f841c64;454.77;0.3544;UNKNOWN
2016-04-30T01:40:34.000000;2016-04-30T01:40:34.000000;573a9ec9-b0df-4641-b506-b7fe9071141f;454.77;0.351;UNKNOWN
2016-04-30T01:41:24.000000;2016-04-30T01:41:24.000000;130d12d8-5f93-46e5-b991-be05767e46c2;454.77;0.3525;UNKNOWN
2016-04-30T01:42:05.000000;2016-04-30T01:42:05.000000;8031be28-b1ca-4911-bc30-e53d7f923d06;454.77;0.05579988;UNKNOWN
2016-04-30T01:42:12.000000;2016-04-30T01:42:12.000000;2e726c4b-e049-4158-8ec0-e00c55002a1c;454.77;0.3502;UNKNOWN
2016-04-30T01:42:15.000000;2016-04-30T01:42:15.000000;992b0f3a-df65-4638-9f5b-e1963aadd882;454.77;0.11753783;UNKNOWN
2016-04-30T01:42:15.000000;2016-04-30T01:42:15.000000;cd777794-1275-47f3-8bea-68739f095a6a;454.77;0.05746824;UNKNOWN
2016-04-30T01:42:18.000000;2016-04-30T01:42:18.000000;d994afe3-e933-40e4-87b9-f3a996da4ccf;454.77;0.11753783;UNKNOWN
2016-04-30T01:42:20.000000;2016-04-30T01:42:20.000000;92457a64-2496-4670-9833-bdac6018c942;454.77;0.11753783;UNKNOWN
2016-04-30T01:42:22.000000;2016-04-30T01:42:22.000000;2cea7325-e503-448f-97d0-02ecc53679ee;454.77;0.11753783;UNKNOWN
2016-04-30T01:43:02.000000;2016-04-30T01:43:02.000000;fe886575-213b-46dd-9f0b-d990cedb2b2f;454.77;0.3566;UNKNOWN
2016-04-30T01:43:03.000000;2016-04-30T01:43:03.000000;135abf51-41ec-4cc2-8fd3-767c7c2fd60f;454.78;0.15;UNKNOWN
2016-04-30T01:43:51.000000;2016-04-30T01:43:51.000000;46278a9b-3b26-48f2-b753-2de271efd77f;454.77;0.3558;UNKNOWN
2016-04-30T01:44:27.000000;2016-04-30T01:44:27.000000;c5a4cef0-ac0f-40ff-b02f-27da5bbf826a;454.77;0.08294032;UNKNOWN
2016-04-30T01:44:40.000000;2016-04-30T01:44:40.000000;8539b751-3086-46ac-a59c-df5278dde055;454.77;0.3543;UNKNOWN
2016-04-30T01:44:42.000000;2016-04-30T01:44:42.000000;c1bb525e-2f08-47fa-89e7-8eb76a330513;454.77;2.35549183;UNKNOWN
2016-04-30T01:44:47.000000;2016-04-30T01:44:47.000000;22613d58-af71-41f1-b07f-22ee521122a7;454.67;0.01695617;UNKNOWN
2016-04-30T01:44:50.000000;2016-04-30T01:44:50.000000;5f43c264-ac4a-4e87-9582-d9e7f91c415c;454.68;0.01610174;UNKNOWN
2016-04-30T01:44:50.000000;2016-04-30T01:44:50.000000;ab73bc6c-3ce5-4c98-bb1e-1e359968193b;454.67;0.03389826;UNKNOWN
2016-04-30T01:44:57.000000;2016-04-30T01:44:57.000000;e7c0030b-8db4-41e9-b2d9-e9897359584e;454.52;0.33059;UNKNOWN
2016-04-30T01:44:59.000000;2016-04-30T01:44:59.000000;d3715483-7ba5-48cb-a456-eb95ffa28b26;454.51;0.01059806;UNKNOWN
2016-04-30T01:45:03.000000;2016-04-30T01:45:03.000000;7a94e726-97f4-44ee-ab78-1e28369319a2;454.5;0.0105983;UNKNOWN
2016-04-30T01:45:28.000000;2016-04-30T01:45:28.000000;398ee74b-0ce5-41c2-9ed8-0b112d41b3f3;454.5;0.0045017;UNKNOWN
2016-04-30T01:45:28.000000;2016-04-30T01:45:28.000000;8d68fb88-b70a-4056-92ac-faa91ca21cd1;454.5;0.04176802;UNKNOWN
2016-04-30T01:47:35.000000;2016-04-30T01:47:35.000000;7d81a9e5-8e7c-4e3b-81d2-e5ff3fcebeae;454.5;4.31100817;UNKNOWN
2016-04-30T01:47:52.000000;2016-04-30T01:47:52.000000;e32c442b-cfbb-43d6-b3ce-c80ef14cd902;454.49;0.12657;UNKNOWN
2016-04-30T01:48:54.000000;2016-04-30T01:48:54.000000;dd8c3ed0-0fff-47b1-b646-337ccb9b0678;454.49;1.0;UNKNOWN
2016-04-30T01:48:55.000000;2016-04-30T01:48:55.000000;db736d65-62f4-4ed4-9b47-871cb4976c87;454.49;5.0;UNKNOWN
2016-04-30T01:49:21.000000;2016-04-30T01:49:21.000000;70a9d126-0b90-49c6-b4de-3a9fae08263c;454.48;0.03845344;UNKNOWN
2016-04-30T01:49:31.000000;2016-04-30T01:49:31.000000;b9d1f484-d725-4aaa-a39a-19f254711ef2;454.48;0.05158091;UNKNOWN
2016-04-30T01:49:32.000000;2016-04-30T01:49:32.000000;fd706d7d-4962-4b82-bf04-b5700189b3f5;454.48;0.02634302;UNKNOWN
2016-04-30T01:49:35.000000;2016-04-30T01:49:35.000000;1a4b622e-4f39-4768-9eb6-d6f650880ef4;454.48;0.01191092;UNKNOWN
2016-04-30T01:49:37.000000;2016-04-30T01:49:37.000000;e7df574a-3393-498d-95e5-e9c4bc43dd90;454.48;0.02634302;UNKNOWN
2016-04-30T01:49:39.000000;2016-04-30T01:49:39.000000;87b994c6-8dd2-4990-ae03-ff1ed78765c8;454.48;0.05082255;UNKNOWN
2016-04-30T01:49:42.000000;2016-04-30T01:49:42.000000;fbec4b8e-5983-462d-bce7-baf256459ec7;454.48;0.00387251;UNKNOWN
2016-04-30T01:49:42.000000;2016-04-30T01:49:42.000000;6aa4533a-c8ce-4738-aa72-1b419d2cbad8;454.48;0.01515815;UNKNOWN
2016-04-30T01:49:52.000000;2016-04-30T01:49:52.000000;0a374be7-692c-4143-933d-3187889f3743;454.48;0.05001679;UNKNOWN
2016-04-30T01:50:50.000000;2016-04-30T01:50:50.000000;2a5364f8-cd45-47a3-83ea-e0204558b199;454.48;0.05101695;UNKNOWN
2016-04-30T01:50:53.000000;2016-04-30T01:50:53.000000;df4b1d4d-55a9-4f00-a14b-d7fe629f8a01;454.48;0.03235995;UNKNOWN
2016-04-30T01:50:56.000000;2016-04-30T01:50:56.000000;63be8fc0-9b09-4b76-afd7-868e3e71e174;454.48;0.04410519;UNKNOWN
2016-04-30T01:52:34.000000;2016-04-30T01:52:34.000000;c36686e2-bafd-452b-81bc-c1295117fea2;454.48;0.217;UNKNOWN
2016-04-30T01:52:34.000000;2016-04-30T01:52:34.000000;1cf3b1b2-236d-4cc7-85ad-20a5818ae4e3;454.48;0.02434297;UNKNOWN
2016-04-30T01:52:34.000000;2016-04-30T01:52:34.000000;1ade5398-046d-4e93-b5aa-dea69497162e;454.48;0.19960232;UNKNOWN
2016-04-30T01:52:52.000000;2016-04-30T01:52:52.000000;fbc45857-7ca6-4854-9836-fa6f545ea9cc;454.49;0.51247;UNKNOWN
2016-04-30T01:52:52.000000;2016-04-30T01:52:52.000000;26c49c02-b928-4ebd-a51b-7ca4426ba0a7;454.49;0.48753;UNKNOWN
2016-04-30T01:53:19.000000;2016-04-30T01:53:19.000000;b2595c13-32a0-4bfa-8176-a8b6db3e8dd2;454.49;0.1;UNKNOWN
2016-04-30T01:54:27.000000;2016-04-30T01:54:27.000000;dcc407b4-5562-4318-ae63-41b13ae7cde4;454.49;0.1;UNKNOWN
2016-04-30T01:56:20.000000;2016-04-30T01:56:20.000000;1b70e5b8-a0d1-4537-a8a2-b8d41b871986;454.48;0.01739768;UNKNOWN
2016-04-30T01:56:20.000000;2016-04-30T01:56:20.000000;b4b52304-52a6-42bf-a830-8c897860cd9a;454.48;0.03478786;UNKNOWN
2016-04-30T01:56:23.000000;2016-04-30T01:56:23.000000;59d820cb-a70e-4214-8990-f20260243ba5;454.48;0.02977579;UNKNOWN
2016-04-30T01:56:25.000000;2016-04-30T01:56:25.000000;0ec623aa-ee6d-429b-861c-913ab25b65e6;454.48;0.03086492;UNKNOWN
2016-04-30T01:57:22.000000;2016-04-30T01:57:22.000000;79b8be1f-0d33-432b-955e-8ad95548f24b;454.48;0.01502514;UNKNOWN
2016-04-30T01:57:23.000000;2016-04-30T01:57:23.000000;c0616032-cb19-419a-b9eb-1c58ee7ad563;454.48;0.06845371;UNKNOWN
2016-04-30T01:57:23.000000;2016-04-30T01:57:23.000000;902e5d4b-da7b-4aff-8bb7-7ebee9fecec2;454.48;0.218;UNKNOWN
2016-04-30T01:57:23.000000;2016-04-30T01:57:23.000000;1ad69aea-4305-4211-8f9d-45279e1b33ae;454.48;0.217;UNKNOWN
2016-04-30T01:57:23.000000;2016-04-30T01:57:23.000000;a38969b7-7f0a-4432-a789-c0940e3d8b3a;454.48;0.10654629;UNKNOWN
2016-04-30T01:57:23.000000;2016-04-30T01:57:23.000000;db247d3c-1e53-41d2-bbec-2b64f7708ea4;454.48;0.217;UNKNOWN
2016-04-30T01:57:23.000000;2016-04-30T01:57:23.000000;1d46939e-1b11-4950-82ed-71b09a609588;454.48;0.173;UNKNOWN
2016-04-30T01:57:24.000000;2016-04-30T01:57:24.000000;bec8c0d3-877b-49f3-9b52-208a196706a5;454.48;0.01582532;UNKNOWN
2016-04-30T01:57:26.000000;2016-04-30T01:57:26.000000;b96f018c-68c3-4955-8658-d9b27234fd64;454.48;0.01815299;UNKNOWN
2016-04-30T01:57:28.000000;2016-04-30T01:57:28.000000;f5e83cc8-9811-4a63-b607-2d8b71e0ed1c;454.48;0.02151481;UNKNOWN
2016-04-30T01:57:43.000000;2016-04-30T01:57:43.000000;a4b84a41-388a-4829-96df-411d892bf6f8;454.49;0.2;UNKNOWN
2016-04-30T01:57:43.000000;2016-04-30T01:57:43.000000;29aebf82-88b2-4e5a-b861-f5fca03f6def;454.49;0.8;UNKNOWN
2016-04-30T01:57:46.000000;2016-04-30T01:57:46.000000;962c4579-080c-4d94-a537-b34ad3b8e341;454.48;0.00308239;UNKNOWN
2016-04-30T01:57:46.000000;2016-04-30T01:57:46.000000;e32bcc19-2cb1-4dde-b4a6-e2840937a6c6;454.48;0.09305317;UNKNOWN
2016-04-30T01:57:47.000000;2016-04-30T01:57:47.000000;12270945-ca48-4248-a684-03448ce44229;454.48;0.09613556;UNKNOWN
2016-04-30T01:57:51.000000;2016-04-30T01:57:51.000000;69b35322-481c-40ce-a0e5-b2e9d114bdfe;454.48;0.09613556;UNKNOWN
2016-04-30T01:57:53.000000;2016-04-30T01:57:53.000000;f52bd63e-45c2-475e-83a6-7997b4b05db0;454.48;0.02264649;UNKNOWN
2016-04-30T01:58:04.000000;2016-04-30T01:58:04.000000;f534c793-bc1f-4ec0-8a5b-a4a5864592bb;454.39;0.0389;UNKNOWN
2016-04-30T01:59:09.000000;2016-04-30T01:59:09.000000;a619dcd0-a461-45db-85aa-49de2455d97e;454.37;1.0;UNKNOWN
2016-04-30T01:59:48.000000;2016-04-30T01:59:48.000000;dadf90fd-a0f4-42c5-ad27-6b6aa9e63821;454.38;8.27;UNKNOWN
2016-04-30T02:01:21.000000;2016-04-30T02:01:21.000000;09ff202b-6551-4218-b247-9fd8950e5841;454.37;5.0;UNKNOWN
2016-04-30T02:03:38.000000;2016-04-30T02:03:38.000000;15906b07-c116-4a94-905a-a412ca105b7c;454.38;0.07993;UNKNOWN
2016-04-30T02:04:16.000000;2016-04-30T02:04:16.000000;612dc956-4911-4855-a628-1f57c14f25c6;454.37;0.04494901;UNKNOWN
2016-04-30T02:05:28.000000;2016-04-30T02:05:28.000000;b002969f-2520-48af-8f20-14745a5b646a;454.37;0.31415111;UNKNOWN
2016-04-30T02:05:53.000000;2016-04-30T02:05:53.000000;34a4b562-bbc5-4b49-b75e-61d17fcbb26c;454.39;0.02213569;UNKNOWN
2016-04-30T02:05:53.000000;2016-04-30T02:05:53.000000;93e2c131-5fa6-4b93-be22-7b5862859ab3;454.39;0.0389;UNKNOWN
2016-04-30T02:05:53.000000;2016-04-30T02:05:53.000000;87fa301c-bcf9-4c2d-b344-14ed26edea97;454.38;4.92876431;UNKNOWN
2016-04-30T02:06:37.000000;2016-04-30T02:06:37.000000;c978c575-c009-40f1-b9ca-eb39a2f0e9f2;454.38;0.25469584;UNKNOWN
2016-04-30T02:06:50.000000;2016-04-30T02:06:50.000000;52d4bcf4-2838-44ba-adb5-2e24e2c8a070;454.38;10.55530416;UNKNOWN
2016-04-30T02:06:50.000000;2016-04-30T02:06:50.000000;172e8ea4-e0ac-4681-904e-99543136eb46;454.38;8.15;UNKNOWN
2016-04-30T02:06:54.000000;2016-04-30T02:06:54.000000;25400861-0037-4bb2-90a4-82ed91de0c70;454.38;5.27;UNKNOWN
2016-04-30T02:06:54.000000;2016-04-30T02:06:54.000000;6be2b3ac-1096-4d46-ab06-5e245a78193a;454.37;3.0;UNKNOWN
2016-04-30T02:06:54.000000;2016-04-30T02:06:54.000000;d24cb313-28fa-4b87-a3a9-0b319bdb1859;454.37;0.5;UNKNOWN
2016-04-30T02:08:17.000000;2016-04-30T02:08:17.000000;b4729266-1f50-449f-a64f-aab3d0035b12;454.32;0.42492166;UNKNOWN
2016-04-30T02:08:34.000000;2016-04-30T02:08:34.000000;56feb6f9-6674-4b9b-86af-a03c56bbe7b3;454.38;0.98521721;UNKNOWN
2016-04-30T02:08:34.000000;2016-04-30T02:08:34.000000;54a46c32-b9b0-4405-9ded-0a7e5a66f780;454.33;0.01478279;UNKNOWN
2016-04-30T02:09:04.000000;2016-04-30T02:09:04.000000;55234b5b-5554-43c0-bcdc-3a201706aabb;454.32;1.0;UNKNOWN
2016-04-30T02:09:08.000000;2016-04-30T02:09:08.000000;d5ce7020-293b-4adb-87e8-a85e4280be62;454.33;0.01;UNKNOWN
2016-04-30T02:09:08.000000;2016-04-30T02:09:08.000000;4ad8c564-6e76-4523-b247-fc967b3b9b88;454.33;0.18;UNKNOWN
2016-04-30T02:09:14.000000;2016-04-30T02:09:14.000000;dc05ea33-e9a7-4d7f-bc0d-23e1d4e8f55f;454.32;0.42565624;UNKNOWN
2016-04-30T02:09:41.000000;2016-04-30T02:09:41.000000;9d4a6251-587c-4a81-8719-bc8738e07c39;454.33;0.01;UNKNOWN
2016-04-30T02:11:10.000000;2016-04-30T02:11:10.000000;8934e59b-7d6f-4091-9e24-e3bb21b86a46;454.28;0.0389;UNKNOWN
2016-04-30T02:11:10.000000;2016-04-30T02:11:10.000000;39ead740-b61f-461d-a254-5e21e4dd5a16;454.28;0.0264;UNKNOWN
2016-04-30T02:11:10.000000;2016-04-30T02:11:10.000000;914b1362-53ec-4413-9c44-3e5fd66254da;454.2;0.24791663;UNKNOWN
2016-04-30T02:12:17.000000;2016-04-30T02:12:17.000000;c8ef967f-c507-4898-9bb3-f90a68eb01dc;454.2;0.08121168;UNKNOWN
2016-04-30T02:12:29.000000;2016-04-30T02:12:29.000000;2d186deb-41c6-4a67-9f8d-13e2439e8100;454.21;0.05652299;UNKNOWN
2016-04-30T02:12:29.000000;2016-04-30T02:12:29.000000;cc59885e-c9be-4ede-8a06-33b3bca8cfbf;454.22;0.30719637;UNKNOWN
2016-04-30T02:13:54.000000;2016-04-30T02:13:54.000000;21bf710f-452d-49c6-881a-0565329e0dfc;454.2;13.17707169;UNKNOWN
2016-04-30T02:13:55.000000;2016-04-30T02:13:55.000000;22dcbff7-dc8d-4e8d-88d9-fa8db583dc9c;454.19;6.573;UNKNOWN
2016-04-30T02:14:17.000000;2016-04-30T02:14:17.000000;39bcaea7-58f4-4522-b90f-e6cc58e6d654;454.18;0.3276;UNKNOWN
2016-04-30T02:14:35.000000;2016-04-30T02:14:35.000000;b2ae795e-4d6e-45c2-947a-29893e678fc8;454.12;0.21724653;UNKNOWN
2016-04-30T02:14:35.000000;2016-04-30T02:14:35.000000;280d0a79-7115-4412-81e4-4fae2ed5b07c;454.13;6.4;UNKNOWN
2016-04-30T02:14:35.000000;2016-04-30T02:14:35.000000;4b68c720-b0c1-42fa-aad5-3d98ee7a49c7;454.12;0.0264;UNKNOWN
2016-04-30T02:14:35.000000;2016-04-30T02:14:35.000000;019c0099-f46f-46b7-8c95-dc67d4170c67;454.12;0.0389;UNKNOWN
2016-04-30T02:14:35.000000;2016-04-30T02:14:35.000000;d763828f-4289-4fc4-86a8-3e5ebb99639f;454.18;0.6724;UNKNOWN
2016-04-30T02:14:46.000000;2016-04-30T02:14:46.000000;e4b6b9f5-02df-4518-acce-a64d544ba15a;454.13;0.05005;UNKNOWN
2016-04-30T02:14:48.000000;2016-04-30T02:14:48.000000;99857d5c-adc9-462a-91a4-11452bcfa7fa;454.07;0.26468455;UNKNOWN
2016-04-30T02:16:19.000000;2016-04-30T02:16:19.000000;c2cf4630-755f-4d52-a473-e6396d656187;454.07;10.0;UNKNOWN
2016-04-30T02:17:34.000000;2016-04-30T02:17:34.000000;0363fc50-dd56-4132-a62e-8c1c504a13ab;454.07;2.27021545;UNKNOWN
2016-04-30T02:17:34.000000;2016-04-30T02:17:34.000000;cef1399b-9af9-47f6-9a5a-cccd78526141;454.07;7.72978455;UNKNOWN
2016-04-30T02:20:56.000000;2016-04-30T02:20:56.000000;446204c9-4ed5-4329-a9e8-dbbf64983c23;454.08;1.27626989;UNKNOWN
2016-04-30T02:21:12.000000;2016-04-30T02:21:12.000000;f63ad6a9-21eb-4f3b-b4ec-694ec4e8cc44;454.07;0.02;UNKNOWN
2016-04-30T02:22:16.000000;2016-04-30T02:22:16.000000;e788d11e-95f5-4228-b910-502f7cbed1ec;454.07;0.056706;UNKNOWN
2016-04-30T02:23:19.000000;2016-04-30T02:23:19.000000;77410f81-2524-4be8-86ba-2bb97922ae50;454.07;0.31369294;UNKNOWN
2016-04-30T02:23:19.000000;2016-04-30T02:23:19.000000;71e48c95-d92a-43a8-a570-e52620f8d355;454.07;0.2075084;UNKNOWN
2016-04-30T02:23:20.000000;2016-04-30T02:23:20.000000;9b460486-5748-4d35-bdc4-00b006379da9;454.07;0.31365542;UNKNOWN
2016-04-30T02:23:20.000000;2016-04-30T02:23:20.000000;27aacc58-8472-48d3-bc2f-0eaf011c002f;454.07;0.20748359;UNKNOWN
2016-04-30T02:23:40.000000;2016-04-30T02:23:40.000000;bd5081ee-c99e-4e79-a6dd-a8b8e29f084c;454.08;25.5581;UNKNOWN
2016-04-30T02:24:08.000000;2016-04-30T02:24:08.000000;fc05562a-79b7-4189-b837-33c91b3bfcc3;454.07;0.3279879;UNKNOWN
2016-04-30T02:24:27.000000;2016-04-30T02:24:27.000000;27ca175c-f20d-4a37-8d58-18cfe5a48f4e;454.03;0.17454852;UNKNOWN
2016-04-30T02:27:04.000000;2016-04-30T02:27:04.000000;088adb20-e37c-4130-b700-f2ec820e7999;454.03;0.01478318;UNKNOWN
2016-04-30T02:27:04.000000;2016-04-30T02:27:04.000000;c24a6d15-3a89-4a0d-b6c4-e5c8be06f689;454.03;0.910676;UNKNOWN
2016-04-30T02:27:16.000000;2016-04-30T02:27:16.000000;f177e229-dc3c-4f79-9ec6-9036d9c227e3;454.02;0.15;UNKNOWN
2016-04-30T02:27:31.000000;2016-04-30T02:27:31.000000;d526b77a-028d-49e0-a7cb-11f5b2567826;454.0;5.0;UNKNOWN
2016-04-30T02:27:31.000000;2016-04-30T02:27:31.000000;c06b50b9-6a55-4b0d-9d7f-8a58687f66f2;454.03;6.5426;UNKNOWN
2016-04-30T02:27:31.000000;2016-04-30T02:27:31.000000;23bba91d-90a5-496a-9367-511d3d0fd536;454.02;4.13605105;UNKNOWN
2016-04-30T02:27:31.000000;2016-04-30T02:27:31.000000;56c402c0-3c3e-40b0-bf66-dbf6df486492;454.01;12.49;UNKNOWN
2016-04-30T02:27:31.000000;2016-04-30T02:27:31.000000;9e28e9c7-e706-48c4-bbc4-3e9cffad86ef;454.01;5.9139;UNKNOWN
2016-04-30T02:27:31.000000;2016-04-30T02:27:31.000000;1b7d62e9-f3f1-49dc-85d7-de50a20ae922;454.02;8.39;UNKNOWN
2016-04-30T02:27:31.000000;2016-04-30T02:27:31.000000;583d5d03-153d-4861-b9d1-727aa1ac23f5;454.01;2.28;UNKNOWN
2016-04-30T02:27:31.000000;2016-04-30T02:27:31.000000;d0e8df75-00a9-46d8-a3b1-505c97ddd2a1;454.03;7.87;UNKNOWN
2016-04-30T02:27:31.000000;2016-04-30T02:27:31.000000;98b567b6-0d27-4066-bca3-90f21776c6a2;454.02;13.1255;UNKNOWN
2016-04-30T02:27:36.000000;2016-04-30T02:27:36.000000;1f57278d-efb9-4854-b567-beb6c490d3bc;453.7;22.2322018;UNKNOWN
2016-04-30T02:27:36.000000;2016-04-30T02:27:36.000000;c9c52442-8502-46e4-ada7-7b86465c11bc;453.7;1.2259828;UNKNOWN
2016-04-30T02:27:36.000000;2016-04-30T02:27:36.000000;6dc3440b-b843-4c2b-ab5a-643bd066ab55;453.8;5.0;UNKNOWN
2016-04-30T02:27:36.000000;2016-04-30T02:27:36.000000;653dad9f-280b-4b85-b0f8-3556ee2a20f4;453.78;4.28674004;UNKNOWN
2016-04-30T02:27:36.000000;2016-04-30T02:27:36.000000;3c7a0ee6-3c9d-4cfc-95e9-434823ee72b5;453.88;0.0274;UNKNOWN
2016-04-30T02:27:36.000000;2016-04-30T02:27:36.000000;fd2bf5b3-9552-4ffd-a000-0fa08d9a9a88;453.85;0.0402;UNKNOWN
2016-04-30T02:27:36.000000;2016-04-30T02:27:36.000000;02d4235e-d6e2-426b-9e41-f4057315fb24;453.83;4.28554592;UNKNOWN
2016-04-30T02:27:36.000000;2016-04-30T02:27:36.000000;6561a020-9403-48f6-9c0f-1cdbdd805d27;453.75;4.28504092;UNKNOWN
2016-04-30T02:27:36.000000;2016-04-30T02:27:36.000000;97510d3a-9639-4ffb-909b-78658545d44d;453.71;8.21;UNKNOWN
2016-04-30T02:27:36.000000;2016-04-30T02:27:36.000000;abc80268-54f8-4a1e-b409-ee3adcd9afda;453.89;17.3313;UNKNOWN
2016-04-30T02:28:01.000000;2016-04-30T02:28:01.000000;3ea59141-5596-4016-9d98-4b0f78524898;453.79;0.55241018;UNKNOWN
2016-04-30T02:29:02.000000;2016-04-30T02:29:02.000000;d015d8f5-3328-4bea-98ab-20853a290966;453.61;6.5927;UNKNOWN
2016-04-30T02:29:02.000000;2016-04-30T02:29:02.000000;67570316-737c-4b32-9d94-5090b2e6b0fa;453.7;2.7740172;UNKNOWN
2016-04-30T02:29:02.000000;2016-04-30T02:29:02.000000;bbcbc5c8-aa0c-4d5b-90c0-30b703bb58b6;453.78;13.0094;UNKNOWN
2016-04-30T02:29:02.000000;2016-04-30T02:29:02.000000;41e04931-fa7c-43ad-a596-b2a58135ce21;453.61;10.635;UNKNOWN
2016-04-30T02:29:02.000000;2016-04-30T02:29:02.000000;4e5ad7de-fb33-46e9-b7c0-aaafb71f508a;453.6;20.826;UNKNOWN
2016-04-30T02:29:02.000000;2016-04-30T02:29:02.000000;b6de3459-b0fc-4c85-a0f9-01de7ce2605c;453.53;17.7252094;UNKNOWN
2016-04-30T02:30:02.000000;2016-04-30T02:30:02.000000;821b283b-20fc-4cef-86c8-e44300c502c8;453.52;0.01;UNKNOWN
2016-04-30T02:30:16.000000;2016-04-30T02:30:16.000000;91c48df9-191e-4efb-b849-03a8eb8968f5;453.52;0.27966944;UNKNOWN
2016-04-30T02:31:35.000000;2016-04-30T02:31:35.000000;3f1d2d7f-6b00-460b-93aa-3d5c6bf1203e;453.51;0.05;UNKNOWN
2016-04-30T02:31:38.000000;2016-04-30T02:31:38.000000;452a8474-6bef-48d8-a07c-355ca8ee2a99;453.5;2.0;UNKNOWN
2016-04-30T02:31:56.000000;2016-04-30T02:31:56.000000;6fcd5656-4d5a-4f12-ab86-66d6bc2e2640;453.5;0.01;UNKNOWN
2016-04-30T02:32:05.000000;2016-04-30T02:32:05.000000;5368b461-d871-44df-b911-dea64c55bdb7;453.51;0.10504656;UNKNOWN
2016-04-30T02:32:20.000000;2016-04-30T02:32:20.000000;6dcc6062-2542-4d90-84ee-b98c4d8e0a36;453.51;0.06626603;UNKNOWN
2016-04-30T02:32:22.000000;2016-04-30T02:32:22.000000;4eca693a-e202-4ca4-a1fc-d31b0d3ed671;453.51;0.06626603;UNKNOWN
2016-04-30T02:32:23.000000;2016-04-30T02:32:23.000000;815b3588-1861-4d9f-a6b4-820e78f10361;453.51;0.06626603;UNKNOWN
2016-04-30T02:32:26.000000;2016-04-30T02:32:26.000000;32207ba4-448c-4603-877e-231b3fe8e608;453.51;0.06626603;UNKNOWN
2016-04-30T02:32:29.000000;2016-04-30T02:32:29.000000;3974f668-81bd-4928-b697-8009e0d48ca7;453.51;0.06626603;UNKNOWN
2016-04-30T02:32:33.000000;2016-04-30T02:32:33.000000;e122946e-0afc-467a-a567-c1945232101c;453.51;0.06626603;UNKNOWN
2016-04-30T02:32:35.000000;2016-04-30T02:32:35.000000;19850d8d-81e6-4d95-a7df-9673b2c2d442;453.51;0.06626603;UNKNOWN
2016-04-30T02:32:37.000000;2016-04-30T02:32:37.000000;73843dec-7543-463f-8ae2-f3e1fca0a88f;453.51;0.06626603;UNKNOWN
2016-04-30T02:32:41.000000;2016-04-30T02:32:41.000000;7b544c7c-874e-4d41-9e44-e76deff1eb26;453.51;0.05637008;UNKNOWN
2016-04-30T02:32:45.000000;2016-04-30T02:32:45.000000;a79ff461-50d3-4f66-a9b3-70c26d301aaa;453.51;0.01;UNKNOWN
2016-04-30T02:33:03.000000;2016-04-30T02:33:03.000000;2af64613-5423-44cd-844e-be05634fe18a;453.51;0.045;UNKNOWN
2016-04-30T02:34:16.000000;2016-04-30T02:34:16.000000;2c7162f3-cc9e-4003-b101-c785bb35e1fe;453.5;0.10822565;UNKNOWN
2016-04-30T02:35:14.000000;2016-04-30T02:35:14.000000;0015b573-a152-4c77-a81d-f129e2860159;453.51;1.0915;UNKNOWN
2016-04-30T02:35:15.000000;2016-04-30T02:35:15.000000;a45659ad-4cb1-4856-be53-3443826b4640;453.51;0.02163236;UNKNOWN
2016-04-30T02:35:53.000000;2016-04-30T02:35:53.000000;c3c6933a-4236-4e01-943c-806064f27333;453.52;10.0;UNKNOWN
2016-04-30T02:36:06.000000;2016-04-30T02:36:06.000000;1aa96107-3226-4558-ae78-c71655c55d15;453.52;1.0247;UNKNOWN
2016-04-30T02:36:13.000000;2016-04-30T02:36:13.000000;ad30643e-ec3b-4f1f-aee1-407d62a9acf1;453.52;7.42485124;UNKNOWN
2016-04-30T02:38:05.000000;2016-04-30T02:38:05.000000;da8b4b54-866b-4233-b8a2-2a99a485b03e;453.53;0.01;UNKNOWN
2016-04-30T02:38:14.000000;2016-04-30T02:38:14.000000;3c155fc8-2592-4e6d-b890-8ea1ea0fb694;453.53;0.03493545;UNKNOWN
2016-04-30T02:38:14.000000;2016-04-30T02:38:14.000000;5edca86d-04d0-45db-bd51-b75f8bb08b39;453.53;0.1;UNKNOWN
2016-04-30T02:38:14.000000;2016-04-30T02:38:14.000000;ed2a3eb6-0dfa-465f-b076-4671436ce0b2;453.53;0.66;UNKNOWN
2016-04-30T02:39:23.000000;2016-04-30T02:39:23.000000;38cd7265-d536-4828-afd4-7b67a7f54a1d;453.75;0.1143708;UNKNOWN
2016-04-30T02:39:31.000000;2016-04-30T02:39:31.000000;d75ebd4a-ddc1-48de-a603-de3a9ccd3817;453.78;0.01;UNKNOWN
2016-04-30T02:40:16.000000;2016-04-30T02:40:16.000000;a99a06e7-d1e7-4ba6-8179-789945790b58;453.74;12.3233;UNKNOWN
2016-04-30T02:40:16.000000;2016-04-30T02:40:16.000000;9e2c144c-1dbb-4b4c-9869-b6740328606f;453.53;0.06497514;UNKNOWN
2016-04-30T02:40:16.000000;2016-04-30T02:40:16.000000;826e2364-18fc-4acf-b54e-ebe2746dfa01;453.75;6.4538292;UNKNOWN
2016-04-30T02:40:16.000000;2016-04-30T02:40:16.000000;cc666dd9-1b95-4c62-9163-90c09bd7babb;453.73;13.1099;UNKNOWN
2016-04-30T02:41:02.000000;2016-04-30T02:41:02.000000;56e7ce61-17ed-440e-987b-890eb6ac800b;453.53;3.3;UNKNOWN
2016-04-30T02:42:04.000000;2016-04-30T02:42:04.000000;055aded2-6f61-4ac5-8e57-415499d38ca0;453.72;10.0871808;UNKNOWN
2016-04-30T02:42:04.000000;2016-04-30T02:42:04.000000;6eb3e045-e84d-4528-87eb-e7662132b684;453.73;13.2658;UNKNOWN
2016-04-30T02:42:04.000000;2016-04-30T02:42:04.000000;ce28f7f6-8d76-4138-a18a-1aa700375c2f;453.73;6.5563;UNKNOWN
2016-04-30T02:42:15.000000;2016-04-30T02:42:15.000000;8e2cb539-e098-4273-991a-4e7be50ec7ea;454.48;0.00909535;UNKNOWN
2016-04-30T02:42:15.000000;2016-04-30T02:42:15.000000;6d395c42-186f-4859-b6c9-bb6f9048e137;453.78;0.04654212;UNKNOWN
2016-04-30T02:42:15.000000;2016-04-30T02:42:15.000000;da7634b8-d4e3-4d69-b673-82dc7e3f84da;453.73;0.06288434;UNKNOWN
2016-04-30T02:42:15.000000;2016-04-30T02:42:15.000000;ebb91a02-0436-4967-8ad7-2fe37cf876f8;454.64;0.38147819;UNKNOWN
2016-04-30T02:42:42.000000;2016-04-30T02:42:42.000000;f67c3fe9-d4f5-48b6-9ce9-29a1ee074e19;453.95;0.8;UNKNOWN
2016-04-30T02:43:04.000000;2016-04-30T02:43:04.000000;1e339238-0e5c-4b9f-9914-3e9362b1bae0;453.74;3.182;UNKNOWN
2016-04-30T02:43:17.000000;2016-04-30T02:43:17.000000;076e8168-6420-46ee-8554-13e9f1584ba5;453.73;0.27;UNKNOWN
2016-04-30T02:43:19.000000;2016-04-30T02:43:19.000000;84272d25-47c2-4e41-95f4-053a49133a27;453.73;6.5942;UNKNOWN
2016-04-30T02:43:32.000000;2016-04-30T02:43:32.000000;06f732c3-f8e7-442c-9a33-bed55966a289;453.73;0.45734887;UNKNOWN
2016-04-30T02:45:14.000000;2016-04-30T02:45:14.000000;3967f144-9a6d-4ffb-a57b-050e0af999eb;453.72;0.10838195;UNKNOWN
2016-04-30T02:47:04.000000;2016-04-30T02:47:04.000000;e714471b-744c-410a-b899-64e08d99a0db;453.72;0.09958808;UNKNOWN
2016-04-30T02:48:17.000000;2016-04-30T02:48:17.000000;e1b707ce-a956-48cc-845b-91c39beeac7b;453.72;0.12138779;UNKNOWN
2016-04-30T02:49:44.000000;2016-04-30T02:49:44.000000;3839c4fa-908f-461a-aa0b-b721c4fe8808;453.72;0.16658106;UNKNOWN
2016-04-30T02:49:48.000000;2016-04-30T02:49:48.000000;009ed595-6702-41d7-8838-63f8f173e84c;453.72;0.03943534;UNKNOWN
2016-04-30T02:49:50.000000;2016-04-30T02:49:50.000000;d63e3e39-5b33-40b5-881d-2d03423d8195;453.72;0.03943534;UNKNOWN
2016-04-30T02:50:20.000000;2016-04-30T02:50:20.000000;420cb375-4219-4c7f-978b-927eb839300f;453.73;1.5;UNKNOWN
2016-04-30T02:50:22.000000;2016-04-30T02:50:22.000000;5c95abf0-4e21-4fa3-aff5-c6caa6116f29;453.73;1.59984416;UNKNOWN
2016-04-30T02:53:54.000000;2016-04-30T02:53:54.000000;8b99f34a-e3fb-410a-81cd-c327483c4b63;453.73;0.32683888;UNKNOWN
2016-04-30T02:54:30.000000;2016-04-30T02:54:30.000000;eb7d7832-52f5-4a38-93c0-bef063419464;453.74;0.0133;UNKNOWN
2016-04-30T02:54:41.000000;2016-04-30T02:54:41.000000;67098f74-d556-4873-ad3f-546173021c8b;453.91;0.003856;UNKNOWN
2016-04-30T02:54:41.000000;2016-04-30T02:54:41.000000;ab0bc555-408c-4c65-93f5-04595fcb75c0;453.74;0.04735077;UNKNOWN
2016-04-30T02:54:42.000000;2016-04-30T02:54:42.000000;3ae71043-eee3-4e1a-b721-80c8b8395c79;453.91;4.4;UNKNOWN
2016-04-30T02:56:16.000000;2016-04-30T02:56:16.000000;a76733d6-20df-401f-9f15-c91ddb8f30b8;453.97;0.44167416;UNKNOWN
2016-04-30T02:56:31.000000;2016-04-30T02:56:31.000000;d9c92c2c-7c2d-4a17-833d-cb44015e2e46;453.96;0.029895;UNKNOWN
2016-04-30T02:58:27.000000;2016-04-30T02:58:27.000000;fc28915c-7770-4378-a472-e58f655f6bcb;454.0;0.22467056;UNKNOWN
2016-04-30T02:58:27.000000;2016-04-30T02:58:27.000000;60d2de19-7767-46f7-8c3d-85f2e5da50f3;454.0;0.02168635;UNKNOWN
2016-04-30T02:58:42.000000;2016-04-30T02:58:42.000000;c626c38f-68a0-4959-a10e-d5a42de9ef6c;454.0;3.97;UNKNOWN
2016-04-30T02:59:21.000000;2016-04-30T02:59:21.000000;720574f1-8824-4603-b7cd-79a629201124;454.03;0.05;UNKNOWN
2016-04-30T03:00:17.000000;2016-04-30T03:00:17.000000;0eee19fa-fa60-4706-b25d-af406a7f7ef9;454.04;0.04120317;UNKNOWN
2016-04-30T03:00:49.000000;2016-04-30T03:00:49.000000;cc5455bc-cddf-4bfc-adad-f1fd9d9cb30e;454.06;0.077247;UNKNOWN
2016-04-30T03:01:14.000000;2016-04-30T03:01:14.000000;23189203-02fc-488f-b182-35767bfe5c91;454.06;1.9683;UNKNOWN
2016-04-30T03:03:04.000000;2016-04-30T03:03:04.000000;42be7d2b-7cb2-465c-8014-056e7e35d41f;453.75;0.3432;UNKNOWN
2016-04-30T03:03:58.000000;2016-04-30T03:03:58.000000;918a0141-558c-49ea-afa3-855468b052b3;453.92;0.19;UNKNOWN
2016-04-30T03:04:42.000000;2016-04-30T03:04:42.000000;bee608be-32ed-40bd-8a9a-de5b35ef7afe;453.92;0.01005;UNKNOWN
2016-04-30T03:06:26.000000;2016-04-30T03:06:26.000000;6abf274b-a1d9-4322-8b8b-c96ebd92ce15;453.93;0.038;UNKNOWN
2016-04-30T03:07:09.000000;2016-04-30T03:07:09.000000;608eeed3-48a3-4c70-9fb5-572f4fd63275;453.75;0.23;UNKNOWN
2016-04-30T03:07:22.000000;2016-04-30T03:07:22.000000;6032cb75-8b7f-4bc6-9391-28c8fd9fccf5;453.9;0.05;UNKNOWN
2016-04-30T03:07:32.000000;2016-04-30T03:07:32.000000;f6456c9e-5ff5-4ffa-8f0f-ee848c942186;453.75;0.05722;UNKNOWN
2016-04-30T03:07:45.000000;2016-04-30T03:07:45.000000;82148e6b-bb2a-4769-8e2a-30a21df9a870;453.93;2.17075229;UNKNOWN
2016-04-30T03:07:45.000000;2016-04-30T03:07:45.000000;b09be26b-2b84-45e0-bd58-9be23a1daaeb;453.89;0.40012;UNKNOWN
2016-04-30T03:07:45.000000;2016-04-30T03:07:45.000000;a10792f2-92b8-4a36-bfa9-3c9ac5e3d479;453.9;7.42912771;UNKNOWN
2016-04-30T03:08:24.000000;2016-04-30T03:08:24.000000;82cb1a70-55a6-4841-aaf2-25b32a9e1d75;453.88;0.04;UNKNOWN
2016-04-30T03:09:42.000000;2016-04-30T03:09:42.000000;4f648f95-538b-4d63-bfb2-8e66de30b685;453.88;0.016298;UNKNOWN
2016-04-30T03:11:49.000000;2016-04-30T03:11:49.000000;01590136-f3db-433b-87d6-50dbe870b8be;453.88;0.12697147;UNKNOWN
2016-04-30T03:13:23.000000;2016-04-30T03:13:23.000000;099cd487-7afa-4ade-acae-07222c7ffe76;453.88;0.15;UNKNOWN
2016-04-30T03:16:14.000000;2016-04-30T03:16:14.000000;038e03d9-94e5-4192-9301-52cd8914d659;453.88;0.31087136;UNKNOWN
2016-04-30T03:16:15.000000;2016-04-30T03:16:15.000000;1c99dad5-64ad-49e6-8dae-33520beb81b0;453.88;0.10092589;UNKNOWN
2016-04-30T03:16:35.000000;2016-04-30T03:16:35.000000;b572702f-122c-4c56-a868-e81970573a2a;453.71;0.31543535;UNKNOWN
2016-04-30T03:16:44.000000;2016-04-30T03:16:44.000000;333e729b-a713-467b-b833-d724fc258ff2;453.72;0.07412967;UNKNOWN
2016-04-30T03:17:06.000000;2016-04-30T03:17:06.000000;079fcce5-066c-487c-8476-494e943c2d01;453.73;0.05391314;UNKNOWN
2016-04-30T03:17:06.000000;2016-04-30T03:17:06.000000;7939318d-0d89-4ba9-bcc5-a2f3a1b02359;453.73;0.04608686;UNKNOWN
2016-04-30T03:18:17.000000;2016-04-30T03:18:17.000000;9588a72c-a378-47f3-9702-345731543838;453.7;16.3954;UNKNOWN
2016-04-30T03:18:57.000000;2016-04-30T03:18:57.000000;692f58c6-df01-4ab5-b91f-8a6be9b62fe8;453.53;0.048;UNKNOWN
2016-04-30T03:18:57.000000;2016-04-30T03:18:57.000000;8bbbbf6e-c427-43b5-8965-e619237436e5;453.53;0.01;UNKNOWN
2016-04-30T03:19:28.000000;2016-04-30T03:19:28.000000;5cae07d5-0607-4160-a741-cb1b7a00b955;453.53;0.1;UNKNOWN
2016-04-30T03:20:03.000000;2016-04-30T03:20:03.000000;24cd0ff0-668d-46ff-aac1-30fd366c2f75;453.52;0.1;UNKNOWN
2016-04-30T03:20:06.000000;2016-04-30T03:20:06.000000;e21357f6-7d74-4485-a4c1-a8e6fb656805;453.52;0.010442;UNKNOWN
2016-04-30T03:21:14.000000;2016-04-30T03:21:14.000000;9d02c9c2-87a4-4842-b571-bc9791ded5d7;453.52;0.08347626;UNKNOWN
2016-04-30T03:22:30.000000;2016-04-30T03:22:30.000000;cd9b92de-f6e0-463f-8992-8df6e1474252;453.53;0.00605;UNKNOWN
2016-04-30T03:22:30.000000;2016-04-30T03:22:30.000000;31744449-9cc3-4a99-bfa5-205c54d634b1;453.53;0.24395;UNKNOWN
2016-04-30T03:23:12.000000;2016-04-30T03:23:12.000000;57ddfc42-026e-4ceb-a7e2-f1ccb4973b32;453.53;2.0;UNKNOWN
2016-04-30T03:25:14.000000;2016-04-30T03:25:14.000000;ed6510ec-cd72-41da-a7c8-1e2de1540a97;453.52;0.279936;UNKNOWN
2016-04-30T03:25:55.000000;2016-04-30T03:25:55.000000;edea1c7c-deb5-4a92-acab-832bea2a6970;453.52;0.10913199;UNKNOWN
2016-04-30T03:26:13.000000;2016-04-30T03:26:13.000000;ec96d7d6-af60-43f8-956e-31861d8a99d0;453.52;0.14855375;UNKNOWN
2016-04-30T03:26:13.000000;2016-04-30T03:26:13.000000;743e13b3-6259-4463-926f-7a065cad3d1c;453.52;0.16701375;UNKNOWN
2016-04-30T03:26:14.000000;2016-04-30T03:26:14.000000;f47e1e5c-0bd4-402d-a48f-200c4f885383;453.52;0.31419856;UNKNOWN
2016-04-30T03:26:14.000000;2016-04-30T03:26:14.000000;702442a4-6757-47bd-a35a-6fa5a2eb8ee0;453.53;0.07020231;UNKNOWN
2016-04-30T03:26:25.000000;2016-04-30T03:26:25.000000;79665c8b-7b79-4232-8fe0-8d3849956bd6;453.53;4.30306486;UNKNOWN
2016-04-30T03:26:25.000000;2016-04-30T03:26:25.000000;0258ecbe-b9cb-4a98-9b97-9440bd20a54a;453.53;1.98891255;UNKNOWN
2016-04-30T03:26:25.000000;2016-04-30T03:26:25.000000;e2bd8ec6-269c-4d20-b7e0-f76724fee907;453.53;0.6046;UNKNOWN
2016-04-30T03:26:25.000000;2016-04-30T03:26:25.000000;aea7eb64-ac84-4cb3-92f9-5600f0694079;453.53;0.2;UNKNOWN
2016-04-30T03:26:25.000000;2016-04-30T03:26:25.000000;0f8f358a-8a06-4806-a439-d048b3d3e375;453.53;0.09782792;UNKNOWN
2016-04-30T03:28:36.000000;2016-04-30T03:28:36.000000;d14f5acc-72b2-43b0-96f0-0de9800f8576;453.53;0.2;UNKNOWN
2016-04-30T03:28:36.000000;2016-04-30T03:28:36.000000;eb934da0-f295-404e-86c2-596191a54c1c;453.53;0.05622192;UNKNOWN
2016-04-30T03:29:03.000000;2016-04-30T03:29:03.000000;75ca4574-beb1-4cec-911d-8783410e546d;453.52;0.14168601;UNKNOWN
2016-04-30T03:29:35.000000;2016-04-30T03:29:35.000000;7275185e-de94-4617-a5c7-6dbfe54ad293;453.53;0.16929;UNKNOWN
2016-04-30T03:30:06.000000;2016-04-30T03:30:06.000000;720242ec-52cc-429d-9984-fc293f6ddb9b;453.52;0.14147693;UNKNOWN
2016-04-30T03:31:04.000000;2016-04-30T03:31:04.000000;3a9750af-d206-471e-a485-c47cd33a3688;453.53;0.14154983;UNKNOWN
2016-04-30T03:31:19.000000;2016-04-30T03:31:19.000000;d607f41a-736c-465c-92b7-a59d0c3e7ce1;453.53;0.11479328;UNKNOWN
2016-04-30T03:31:23.000000;2016-04-30T03:31:23.000000;f680d39b-0874-4f58-8159-e2792630d16e;453.53;0.02166937;UNKNOWN
2016-04-30T03:33:14.000000;2016-04-30T03:33:14.000000;89f90c5e-f59c-419d-bc31-41b073bb9f1f;453.53;0.21872512;UNKNOWN
2016-04-30T03:33:49.000000;2016-04-30T03:33:49.000000;259a7d61-64b0-4135-ba12-c28ffe9f06e9;453.53;0.31515142;UNKNOWN
2016-04-30T03:35:14.000000;2016-04-30T03:35:14.000000;5ec17603-28e9-4bda-8dfd-89a1762f3b5c;453.53;0.1628045;UNKNOWN
2016-04-30T03:36:13.000000;2016-04-30T03:36:13.000000;bf598bdb-ad7d-4173-a1d4-72d6c955e262;453.53;0.31087136;UNKNOWN
2016-04-30T03:36:14.000000;2016-04-30T03:36:14.000000;8ff88897-357c-4fe5-aa14-c262ed8b0cf9;453.53;0.31087136;UNKNOWN
2016-04-30T03:36:15.000000;2016-04-30T03:36:15.000000;519a2ce0-ab12-48bb-99fa-690abe4527d2;453.53;0.03436006;UNKNOWN
2016-04-30T03:36:18.000000;2016-04-30T03:36:18.000000;aed74a0c-9075-417b-8aff-d9a95d234cbe;453.53;0.31087136;UNKNOWN
2016-04-30T03:36:18.000000;2016-04-30T03:36:18.000000;12bcdc85-545d-4a60-b305-3f2a7e46dc24;453.53;0.02997921;UNKNOWN
2016-04-30T03:36:19.000000;2016-04-30T03:36:19.000000;a998e075-d08e-4e40-9607-c6c9f404379a;453.53;0.07951159;UNKNOWN
2016-04-30T03:36:20.000000;2016-04-30T03:36:20.000000;ad29021c-44cd-42c4-abc4-723cab0f6068;453.53;0.02411582;UNKNOWN
2016-04-30T03:36:22.000000;2016-04-30T03:36:22.000000;c48546da-4973-4601-adbc-d98d7fcb06ed;453.53;0.04962038;UNKNOWN
2016-04-30T03:36:26.000000;2016-04-30T03:36:26.000000;1d22e12d-06d8-4a65-81e1-e42078b224b7;453.53;0.31087136;UNKNOWN
2016-04-30T03:38:05.000000;2016-04-30T03:38:05.000000;460483d6-9156-4bea-8c1e-f773c3a67725;453.7;0.2;UNKNOWN
2016-04-30T03:38:05.000000;2016-04-30T03:38:05.000000;5599193e-f4c9-4284-a7ad-115a5bb9212a;453.54;0.2;UNKNOWN
2016-04-30T03:38:17.000000;2016-04-30T03:38:17.000000;9448fdda-dc54-43be-9ccc-ee96b349a10b;453.74;0.5;UNKNOWN
2016-04-30T03:38:17.000000;2016-04-30T03:38:17.000000;1e7108cc-0158-4b69-bb14-df36e2ff7900;453.7;0.3;UNKNOWN
2016-04-30T03:40:16.000000;2016-04-30T03:40:16.000000;d29215ab-af6f-4345-8a00-ac11ac9f8058;453.64;0.054725;UNKNOWN
2016-04-30T03:40:30.000000;2016-04-30T03:40:30.000000;9a389adf-d459-47aa-ab9d-26b5747b44f7;453.52;4.0;UNKNOWN
2016-04-30T03:40:30.000000;2016-04-30T03:40:30.000000;954cd291-0c6f-4d55-907c-1a36fd88f3fe;453.53;6.38423398;UNKNOWN
2016-04-30T03:40:30.000000;2016-04-30T03:40:30.000000;519022e0-b986-462a-92af-eb8821639949;453.62;1.0;UNKNOWN
2016-04-30T03:40:30.000000;2016-04-30T03:40:30.000000;2b37a420-33ee-4ee3-86de-00412d8f5f42;453.5;17.20124947;UNKNOWN
2016-04-30T03:40:30.000000;2016-04-30T03:40:30.000000;f877ccb7-9b5d-4f42-abd4-6784a505ef27;453.52;4.25408475;UNKNOWN
2016-04-30T03:40:30.000000;2016-04-30T03:40:30.000000;b1d9098c-ce62-48d9-a09a-9e6fedfb1659;453.64;6.521875;UNKNOWN
2016-04-30T03:41:20.000000;2016-04-30T03:41:20.000000;b7fd8e23-ee2b-447a-aa13-6b4f65b9b12d;453.66;0.1079563;UNKNOWN
2016-04-30T03:41:25.000000;2016-04-30T03:41:25.000000;ea9029ca-9a04-4d39-a25e-ef10a75500de;453.66;0.1079563;UNKNOWN
2016-04-30T03:41:25.000000;2016-04-30T03:41:25.000000;4f0099f8-c172-41ff-8692-47f4e1fa0e8a;453.66;0.1079563;UNKNOWN
2016-04-30T03:43:14.000000;2016-04-30T03:43:14.000000;2af76758-cb2b-4913-9d61-d7db301e72a0;453.66;0.099392;UNKNOWN
2016-04-30T03:47:36.000000;2016-04-30T03:47:36.000000;761c00a0-a53c-480d-86ee-2f94282e545b;453.68;0.03312921;UNKNOWN
2016-04-30T03:53:14.000000;2016-04-30T03:53:14.000000;a1549984-e11d-47a4-a918-ca2c5e58bcc4;453.65;0.045219;UNKNOWN
2016-04-30T03:53:14.000000;2016-04-30T03:53:14.000000;cd736ca1-735c-4463-b87c-11878f49c354;453.66;0.01;UNKNOWN
2016-04-30T03:58:33.000000;2016-04-30T03:58:33.000000;a0b3ee65-d729-414a-890e-883a8a2768f2;453.69;0.19993;UNKNOWN
2016-04-30T03:59:29.000000;2016-04-30T03:59:29.000000;7a210257-8a0f-43f9-b9af-5f08bf42abf9;454.03;0.03;UNKNOWN
2016-04-30T04:00:07.000000;2016-04-30T04:00:07.000000;f0b0b0d0-a272-488a-88ea-931623f04379;454.09;2.7;UNKNOWN
2016-04-30T04:02:52.000000;2016-04-30T04:02:52.000000;15b4497a-603a-4d86-8c06-640b5104ac7c;454.09;5.472;UNKNOWN
2016-04-30T04:04:07.000000;2016-04-30T04:04:07.000000;237161a2-058d-4605-aae3-ff60225dfd62;454.09;0.01;UNKNOWN
2016-04-30T04:04:07.000000;2016-04-30T04:04:07.000000;837fd012-24ce-4287-8a9a-184a999fff45;454.09;1.3152;UNKNOWN
2016-04-30T04:07:43.000000;2016-04-30T04:07:43.000000;7c01ab12-7495-4eb9-b3fe-da92376014cf;454.07;0.1748;UNKNOWN
2016-04-30T04:08:06.000000;2016-04-30T04:08:06.000000;eb1c0d00-c681-49af-a2eb-17c9f988b8b5;454.07;5.0;UNKNOWN
2016-04-30T04:08:36.000000;2016-04-30T04:08:36.000000;7f7a66b3-7240-4f07-ba6f-1e9175936916;454.07;0.7552;UNKNOWN
2016-04-30T04:08:36.000000;2016-04-30T04:08:36.000000;de96a819-95a7-49ce-876c-3e0e5ae83d82;453.67;3.46495054;UNKNOWN
2016-04-30T04:08:36.000000;2016-04-30T04:08:36.000000;55ad0026-14e7-4adb-8d03-f57cc297d352;453.67;2.4;UNKNOWN
2016-04-30T04:10:48.000000;2016-04-30T04:10:48.000000;7c366293-3b13-4865-aea5-0d42818cb2f3;453.51;0.31537816;UNKNOWN
2016-04-30T04:18:03.000000;2016-04-30T04:18:03.000000;5f3f91fc-31cb-4218-a595-242e4920c880;453.55;0.1;UNKNOWN
2016-04-30T04:19:00.000000;2016-04-30T04:19:00.000000;62e9cf08-64b5-4087-9eb2-a177edf6720f;453.55;0.31618074;UNKNOWN
2016-04-30T04:19:12.000000;2016-04-30T04:19:12.000000;f92a3653-e6e3-4ba2-9b17-1dbcb6de5e58;453.65;0.03129285;UNKNOWN
2016-04-30T04:19:28.000000;2016-04-30T04:19:28.000000;4ce13540-4549-4f6d-8d7c-f07090107444;453.7;0.1;UNKNOWN
2016-04-30T04:21:04.000000;2016-04-30T04:21:04.000000;526d2065-768a-4773-8244-418ae8372fe1;453.8;0.02;UNKNOWN
2016-04-30T04:21:11.000000;2016-04-30T04:21:11.000000;cb5abb45-08d6-4dc9-bce4-98f0b0a2036e;454.41;8.13;UNKNOWN
2016-04-30T04:21:11.000000;2016-04-30T04:21:11.000000;020c778d-013e-4281-8c94-b0c2f81b2e01;453.8;6.5346;UNKNOWN
2016-04-30T04:21:11.000000;2016-04-30T04:21:11.000000;23eeef14-de19-486d-8603-ce44cca06705;454.42;1.6354;UNKNOWN
2016-04-30T04:21:47.000000;2016-04-30T04:21:47.000000;d6df13a5-3bed-43fc-952a-bc73a7cab3c3;454.53;0.42701466;UNKNOWN
2016-04-30T04:21:57.000000;2016-04-30T04:21:57.000000;bac6edf7-6d15-43d1-9a13-e96d090563a6;454.53;0.1;UNKNOWN
2016-04-30T04:22:02.000000;2016-04-30T04:22:02.000000;d76d246b-fbe4-455b-9098-6e640f20fe8d;454.53;3.0;UNKNOWN
2016-04-30T04:22:15.000000;2016-04-30T04:22:15.000000;16465c3a-f427-4a06-b6d2-064f2bc639d0;454.53;0.972;UNKNOWN
2016-04-30T04:22:15.000000;2016-04-30T04:22:15.000000;2f4e2853-e214-4547-8a21-165f2426915b;454.53;0.028;UNKNOWN
2016-04-30T04:22:58.000000;2016-04-30T04:22:58.000000;1cd8e405-9914-479e-ba5f-236050139004;454.03;0.31087136;UNKNOWN
2016-04-30T04:23:00.000000;2016-04-30T04:23:00.000000;694d55b9-3077-4ec9-99b4-90c18cf6fe33;454.03;0.31634252;UNKNOWN
2016-04-30T04:23:02.000000;2016-04-30T04:23:02.000000;8b734f35-7c8d-4de1-b5c9-de2da48c3193;454.03;0.31634252;UNKNOWN
2016-04-30T04:23:03.000000;2016-04-30T04:23:03.000000;d0b51a37-3fb0-4eb9-a7c3-5a7445a94218;454.03;0.10909089;UNKNOWN
2016-04-30T04:23:19.000000;2016-04-30T04:23:19.000000;cfd7fd65-4b01-4eb1-8f7b-e69c651722f4;454.55;0.5;UNKNOWN
2016-04-30T04:23:19.000000;2016-04-30T04:23:19.000000;20837c3d-90a8-48c6-b7e6-24469fc6fe40;454.66;5.38408604;UNKNOWN
2016-04-30T04:23:19.000000;2016-04-30T04:23:19.000000;98256ff6-afcb-4960-ad9f-ef8a49dee59d;454.42;4.29373437;UNKNOWN
2016-04-30T04:23:19.000000;2016-04-30T04:23:19.000000;66dc67a9-357c-43de-b33b-c1e0ad420094;454.43;13.6395;UNKNOWN
2016-04-30T04:23:19.000000;2016-04-30T04:23:19.000000;fcc6250d-3fba-4fe3-85ea-76bd2e040e66;454.49;4.29373437;UNKNOWN
2016-04-30T04:23:19.000000;2016-04-30T04:23:19.000000;b5bf9382-543b-4bb7-8ed4-ae7c49810852;454.4;13.19;UNKNOWN
2016-04-30T04:23:19.000000;2016-04-30T04:23:19.000000;7150064b-a0b3-4742-a8f0-5aed250571a4;454.4;0.12159299;UNKNOWN
2016-04-30T04:23:19.000000;2016-04-30T04:23:19.000000;192c01fa-1284-4a36-a86f-dc61bfd26295;454.57;4.29373437;UNKNOWN
2016-04-30T04:23:19.000000;2016-04-30T04:23:19.000000;9184480f-18af-46c0-911b-f0bcfbf637a3;454.64;4.29373437;UNKNOWN
2016-04-30T04:23:19.000000;2016-04-30T04:23:19.000000;2460d255-8c96-412d-ac8b-3281862dd5f4;454.4;6.5301;UNKNOWN
2016-04-30T04:23:40.000000;2016-04-30T04:23:40.000000;9d7dc823-7c4f-4aa8-b002-1ffcd9ca68e1;454.65;1.0;UNKNOWN
2016-04-30T04:25:35.000000;2016-04-30T04:25:35.000000;2e0d5fde-cbc5-409f-be4c-25b47c7a180b;454.5;0.05203133;UNKNOWN
2016-04-30T04:25:37.000000;2016-04-30T04:25:37.000000;3a9afc79-997e-4c1f-8991-dcb5f5f89fcf;454.5;0.06162223;UNKNOWN
2016-04-30T04:25:40.000000;2016-04-30T04:25:40.000000;9217b9d9-c7fc-43ea-b6bc-fb7c0047f12c;454.5;0.06162223;UNKNOWN
2016-04-30T04:25:43.000000;2016-04-30T04:25:43.000000;2b6c6648-1ad8-4023-affe-6e113e04b0f0;454.5;0.06162223;UNKNOWN
2016-04-30T04:25:45.000000;2016-04-30T04:25:45.000000;2e32dce9-a0de-4788-9706-b5dc7e5686f5;454.5;0.06162223;UNKNOWN
2016-04-30T04:25:48.000000;2016-04-30T04:25:48.000000;42ac792b-e9f7-4801-8b34-d5fd979419a5;454.5;0.06162223;UNKNOWN
2016-04-30T04:25:50.000000;2016-04-30T04:25:50.000000;1db36f72-f338-47e5-ab10-b2f417488662;454.5;0.02196275;UNKNOWN
2016-04-30T04:25:50.000000;2016-04-30T04:25:50.000000;c80fdfed-cc02-4c93-ba0c-89a55d5d3291;454.8;0.2;UNKNOWN
2016-04-30T04:25:50.000000;2016-04-30T04:25:50.000000;306d6f47-9f56-4b1b-85f6-d33f0a64a5dc;454.82;0.1435;UNKNOWN
2016-04-30T04:25:50.000000;2016-04-30T04:25:50.000000;7640b003-03db-4edf-9065-01bba314dbfa;454.8;6.5865;UNKNOWN
2016-04-30T04:26:20.000000;2016-04-30T04:26:20.000000;fcbd5619-880f-4a71-98c8-da1d22a50488;454.51;0.01892729;UNKNOWN
2016-04-30T04:26:52.000000;2016-04-30T04:26:52.000000;29738b73-d903-44be-8a57-d79c91ffe24f;455.0;5.4501151;UNKNOWN
2016-04-30T04:26:52.000000;2016-04-30T04:26:52.000000;2aad70cf-0fe8-4ea4-994c-f15e1eaf7621;454.92;6.5248;UNKNOWN
2016-04-30T04:26:52.000000;2016-04-30T04:26:52.000000;a7259adf-ab9d-45a3-a72d-0761352539a2;455.0;0.0150849;UNKNOWN
2016-04-30T04:26:52.000000;2016-04-30T04:26:52.000000;424b4515-2c3f-4bb6-8867-660badb40f75;455.0;0.02;UNKNOWN
2016-04-30T04:26:52.000000;2016-04-30T04:26:52.000000;f836ce15-29ba-443d-b12c-116c60c0df26;454.9;0.5;UNKNOWN
2016-04-30T04:26:52.000000;2016-04-30T04:26:52.000000;8b62929f-bc59-49f1-910c-f787c964defb;454.99;12.49;UNKNOWN
2016-04-30T04:27:05.000000;2016-04-30T04:27:05.000000;78af5746-a5ca-4514-bb79-4b0b9c7f83f5;455.0;3.06375129;UNKNOWN
2016-04-30T04:27:29.000000;2016-04-30T04:27:29.000000;0b98b237-9485-4dd7-bab3-d5e02acd0c55;454.75;0.59230399;UNKNOWN
2016-04-30T04:27:29.000000;2016-04-30T04:27:29.000000;9d13295b-1d57-4898-a19f-60ddcea20918;454.73;0.01889787;UNKNOWN
2016-04-30T04:27:30.000000;2016-04-30T04:27:30.000000;e12d69a3-e86d-4054-a368-bdeb5b50c64c;454.75;0.17743574;UNKNOWN
2016-04-30T04:27:33.000000;2016-04-30T04:27:33.000000;fc53e7b2-c0ea-4b7b-8dfa-1de8a24dc0d7;454.76;0.01889137;UNKNOWN
2016-04-30T04:30:04.000000;2016-04-30T04:30:04.000000;c41d1ba6-27b4-4172-ad73-4e539ef71ab1;454.83;0.05052989;UNKNOWN
2016-04-30T04:31:04.000000;2016-04-30T04:31:04.000000;e32b28c5-7d55-4c12-8c92-de8af670a2f3;454.83;0.13631673;UNKNOWN
2016-04-30T04:31:04.000000;2016-04-30T04:31:04.000000;0c2f5275-2a2e-40d3-b0b7-0932e68140e0;454.83;0.00457011;UNKNOWN
2016-04-30T04:33:24.000000;2016-04-30T04:33:24.000000;70182e13-0229-413d-b59a-f4d7655fa399;454.83;6.7;UNKNOWN
2016-04-30T04:34:14.000000;2016-04-30T04:34:14.000000;d4d0aead-b2ca-43e8-8374-1b7c277ff5f9;454.99;0.1;UNKNOWN
2016-04-30T04:34:14.000000;2016-04-30T04:34:14.000000;79bf2f40-24f6-429c-89f7-a8d83428363f;454.98;6.5177;UNKNOWN
2016-04-30T04:34:14.000000;2016-04-30T04:34:14.000000;9a47aaa6-f98a-41c7-bde6-24b6ba273be3;454.99;0.35;UNKNOWN
2016-04-30T04:34:51.000000;2016-04-30T04:34:51.000000;157e4889-27e9-4d55-882f-0cac87296834;454.99;0.1;UNKNOWN
2016-04-30T04:35:25.000000;2016-04-30T04:35:25.000000;e3e5b23b-790f-48c0-92b7-f553803a5031;455.0;0.01;UNKNOWN
2016-04-30T04:36:03.000000;2016-04-30T04:36:03.000000;4ec1915a-cdd0-46bc-9d22-33250d193f0a;455.0;4.0;UNKNOWN
2016-04-30T04:36:10.000000;2016-04-30T04:36:10.000000;8db96cae-9991-45e1-992c-a657491f9792;455.0;0.3;UNKNOWN
2016-04-30T04:37:08.000000;2016-04-30T04:37:08.000000;7f397c70-db36-42c7-9365-4e692f1d3579;455.0;50.0;UNKNOWN
2016-04-30T04:37:16.000000;2016-04-30T04:37:16.000000;ae698346-319c-4010-9a06-e350948dd5ba;454.99;6.5841;UNKNOWN
2016-04-30T04:37:31.000000;2016-04-30T04:37:31.000000;05aec360-2156-4cd1-93b9-26186f4a7058;454.83;0.0188646;UNKNOWN
2016-04-30T04:37:52.000000;2016-04-30T04:37:52.000000;1fc1a551-50c2-4f11-9f5d-acd690177929;454.83;0.26705222;UNKNOWN
2016-04-30T04:37:56.000000;2016-04-30T04:37:56.000000;24678435-7c23-4528-b782-aa2215b6b64f;454.83;0.01886845;UNKNOWN
2016-04-30T04:38:05.000000;2016-04-30T04:38:05.000000;41e0d02c-390e-4e27-a511-90ca863102be;454.83;0.48603867;UNKNOWN
2016-04-30T04:38:37.000000;2016-04-30T04:38:37.000000;ca082c83-8042-4fcd-a52d-032fed74b87f;454.85;4.0;UNKNOWN
2016-04-30T04:38:54.000000;2016-04-30T04:38:54.000000;320905bc-e692-4c21-b497-b234acff81cd;454.85;0.01;UNKNOWN
2016-04-30T04:38:58.000000;2016-04-30T04:38:58.000000;073bc360-e096-44f7-ab97-6ca750ab1b36;454.85;0.59198199;UNKNOWN
2016-04-30T04:39:00.000000;2016-04-30T04:39:00.000000;f0de96e6-6541-4cd5-b206-f177be6cb578;454.85;0.21103594;UNKNOWN
2016-04-30T04:39:03.000000;2016-04-30T04:39:03.000000;72daab44-bc0f-4b29-b24a-fa6d01158730;454.82;0.01886866;UNKNOWN
2016-04-30T04:39:40.000000;2016-04-30T04:39:40.000000;af4c9928-427e-4936-9ef8-53985776c363;454.62;0.01887811;UNKNOWN
2016-04-30T04:41:25.000000;2016-04-30T04:41:25.000000;fd0ea66f-7f73-456c-9cbf-eaea8fa73db9;454.62;5.7617;UNKNOWN
2016-04-30T04:41:25.000000;2016-04-30T04:41:25.000000;4aa378db-2a4a-4049-b0d3-5e49f35697a6;454.8;12.2383;UNKNOWN
2016-04-30T04:42:47.000000;2016-04-30T04:42:47.000000;57481529-7dad-49a3-8a1d-6df28483575f;454.45;2.7456;UNKNOWN
2016-04-30T04:42:47.000000;2016-04-30T04:42:47.000000;1373887d-cd75-4e4e-b982-baa7605c4ee8;454.61;13.659;UNKNOWN
2016-04-30T04:42:47.000000;2016-04-30T04:42:47.000000;e19917da-9681-4658-b937-b277ac346941;454.62;6.5954;UNKNOWN
2016-04-30T04:43:37.000000;2016-04-30T04:43:37.000000;7721bae9-e487-45d4-9923-6997a7519f8d;454.44;0.5719;UNKNOWN
2016-04-30T04:43:50.000000;2016-04-30T04:43:50.000000;078bc14f-60a3-471f-a0e5-9e5371db3895;454.44;4.0568;UNKNOWN
2016-04-30T04:43:50.000000;2016-04-30T04:43:50.000000;fb19a631-753b-42e3-93ca-e8948ecc70cf;454.44;5.9432;UNKNOWN
2016-04-30T04:43:59.000000;2016-04-30T04:43:59.000000;3789a3a7-a4bf-48c7-963e-28af075b597c;454.43;12.5349;UNKNOWN
2016-04-30T04:43:59.000000;2016-04-30T04:43:59.000000;1c2cfd12-1efe-4ba2-9256-adcb50a0ffa2;454.32;3.18070164;UNKNOWN
2016-04-30T04:43:59.000000;2016-04-30T04:43:59.000000;a03097dd-9c21-461c-9f15-10fe1808dff4;454.4;4.28439836;UNKNOWN
2016-04-30T04:44:11.000000;2016-04-30T04:44:11.000000;6c2dc8e0-23a8-4f9b-a4fc-adbc4427745a;454.22;7.81912864;UNKNOWN
2016-04-30T04:44:11.000000;2016-04-30T04:44:11.000000;01e4c673-649d-4088-98e8-3e43dbb7ae7d;454.21;12.18087136;UNKNOWN
2016-04-30T04:44:37.000000;2016-04-30T04:44:37.000000;da1913b1-2139-4c96-83d6-01618a5bf076;454.22;0.12756599;UNKNOWN
2016-04-30T04:45:58.000000;2016-04-30T04:45:58.000000;38d138c7-c11e-487c-99c0-b2ea8ee165a3;454.05;0.03387573;UNKNOWN
2016-04-30T04:47:18.000000;2016-04-30T04:47:18.000000;c9472f4d-5644-493f-b4ca-d4a0d72f7fed;454.24;2.0;UNKNOWN
2016-04-30T04:47:34.000000;2016-04-30T04:47:34.000000;c9b019d3-1e63-4e1f-9580-4a4626d5dc2f;454.25;6.5573;UNKNOWN
2016-04-30T04:47:34.000000;2016-04-30T04:47:34.000000;70cbb462-5574-47f8-8a9c-95c5f232ad7a;454.25;8.4427;UNKNOWN
2016-04-30T04:47:46.000000;2016-04-30T04:47:46.000000;6a349c47-ceed-4b09-b6e4-633cdccb7f72;454.24;2.53;UNKNOWN
2016-04-30T04:48:06.000000;2016-04-30T04:48:06.000000;282df4bd-1ede-4546-a99a-0f01831dee25;454.24;1.75393951;UNKNOWN
2016-04-30T04:48:06.000000;2016-04-30T04:48:06.000000;a4813c90-a9ea-48b9-875a-bb5610ff1100;454.22;1.70406049;UNKNOWN
2016-04-30T04:48:06.000000;2016-04-30T04:48:06.000000;ab3fd5b9-5dda-4c4c-80bb-cb9e6776e71e;454.32;6.542;UNKNOWN
2016-04-30T04:48:18.000000;2016-04-30T04:48:18.000000;4340a3b9-fd9d-4a0b-aa8b-35b8c40b1a3c;454.23;10.0;UNKNOWN
2016-04-30T04:48:23.000000;2016-04-30T04:48:23.000000;11af8a08-300a-49cd-b547-7889549e2235;454.22;10.0;UNKNOWN
2016-04-30T04:49:29.000000;2016-04-30T04:49:29.000000;f3b3ee87-4f51-4f80-afad-c88dffdd89fe;454.99;0.5;UNKNOWN
2016-04-30T04:50:37.000000;2016-04-30T04:50:37.000000;50f7f745-f90c-499f-85ae-7db1228310e0;454.21;0.08448599;UNKNOWN
2016-04-30T04:51:15.000000;2016-04-30T04:51:15.000000;965bd2c6-0f7a-4800-9585-dc5ce859f241;454.16;0.59417199;UNKNOWN
2016-04-30T04:51:16.000000;2016-04-30T04:51:16.000000;99861eb1-68e7-4361-a028-101f6e5330fb;454.16;0.12858399;UNKNOWN
2016-04-30T04:51:16.000000;2016-04-30T04:51:16.000000;10880b86-5eb7-483b-b2a5-fbc15e85714f;454.16;0.59486999;UNKNOWN
2016-04-30T04:51:17.000000;2016-04-30T04:51:17.000000;e60f8dfc-842f-4c2a-bac7-1f7906414ea0;454.16;0.59556799;UNKNOWN
2016-04-30T04:51:17.000000;2016-04-30T04:51:17.000000;dcd3f51f-a7aa-4b65-b14e-48e242e7c111;454.16;0.12873499;UNKNOWN
2016-04-30T04:51:17.000000;2016-04-30T04:51:17.000000;dc8ddc4d-3efe-460c-8013-6a29afeb4c1f;454.16;0.01892448;UNKNOWN
2016-04-30T04:51:22.000000;2016-04-30T04:51:22.000000;6596b07b-3b5e-458c-ab23-12205ea75a8b;454.16;0.0188944;UNKNOWN
2016-04-30T04:52:00.000000;2016-04-30T04:52:00.000000;5c31578b-af1b-45b5-92d5-4ee695a56eb0;454.22;0.01889436;UNKNOWN
2016-04-30T04:53:53.000000;2016-04-30T04:53:53.000000;b55a1b6c-48b7-4683-8b4d-ed58aae4f3df;454.79;0.01;UNKNOWN
2016-04-30T04:53:53.000000;2016-04-30T04:53:53.000000;825fbbfe-916b-46bb-8440-65f30f2bfcde;454.1;0.2898412;UNKNOWN
2016-04-30T04:54:03.000000;2016-04-30T04:54:03.000000;d288aec1-4500-4460-8cb5-a9983567b005;454.02;0.29768327;UNKNOWN
2016-04-30T04:55:05.000000;2016-04-30T04:55:05.000000;6efab488-d20a-46cf-a625-81704968cfa0;454.03;0.31910488;UNKNOWN
2016-04-30T04:55:55.000000;2016-04-30T04:55:55.000000;6c23ab3c-36df-4a1c-8737-edfbc9c17771;454.37;0.28705262;UNKNOWN
2016-04-30T04:56:56.000000;2016-04-30T04:56:56.000000;8c8c694b-85ad-4a92-b9b8-40324cbbf8d5;454.49;0.3203616;UNKNOWN
2016-04-30T04:57:02.000000;2016-04-30T04:57:02.000000;4b25bd31-baa3-4659-972f-1a727887dd03;454.42;0.01887372;UNKNOWN
2016-04-30T04:57:02.000000;2016-04-30T04:57:02.000000;efadb50b-7dd1-4fee-8f2d-537e93cb2238;454.42;0.27727786;UNKNOWN
2016-04-30T04:58:07.000000;2016-04-30T04:58:07.000000;95bf1c93-b656-4190-8dac-54286e77c004;454.44;0.32077688;UNKNOWN
2016-04-30T04:58:12.000000;2016-04-30T04:58:12.000000;26763206-4383-4f0d-b940-e99abda2f717;454.44;0.32077688;UNKNOWN
2016-04-30T04:58:12.000000;2016-04-30T04:58:12.000000;70f3ae0a-e817-4a7f-be63-2be34c6bbce8;454.44;0.32077688;UNKNOWN
2016-04-30T04:58:20.000000;2016-04-30T04:58:20.000000;0c05483a-d9a9-4937-965d-1af6a6d4b745;454.63;0.32077688;UNKNOWN
2016-04-30T05:01:04.000000;2016-04-30T05:01:04.000000;fe83d762-fa38-4d41-ac56-6b6ea9516752;454.23;0.13398799;UNKNOWN
2016-04-30T05:01:49.000000;2016-04-30T05:01:49.000000;9bd9c0bd-3d96-4a02-8839-534214258c79;454.03;0.07;UNKNOWN
2016-04-30T05:02:02.000000;2016-04-30T05:02:02.000000;a48ba310-e644-4966-86ed-17792cd58afb;454.03;0.13457599;UNKNOWN
2016-04-30T05:02:38.000000;2016-04-30T05:02:38.000000;42fe7633-c289-46bd-8fc9-f733bbe5f3bb;454.05;0.01888647;UNKNOWN
2016-04-30T05:02:39.000000;2016-04-30T05:02:39.000000;a7942997-fcc5-4f8a-b9f7-27f78f9c8138;454.01;12.49;UNKNOWN
2016-04-30T05:02:39.000000;2016-04-30T05:02:39.000000;5f5379a4-dc05-4ab8-928c-622b77cbddb2;454.04;6.0;UNKNOWN
2016-04-30T05:02:39.000000;2016-04-30T05:02:39.000000;ff8ad913-ae15-4721-8e60-706fd99ffc02;454.03;13.36012401;UNKNOWN
2016-04-30T05:02:39.000000;2016-04-30T05:02:39.000000;05836640-0005-4b0f-8888-2a76ba7d488d;454.0;12.6429;UNKNOWN
2016-04-30T05:02:39.000000;2016-04-30T05:02:39.000000;fb7ce3ad-a6aa-439e-b2a0-17801d4ee734;453.96;4.28628069;UNKNOWN
2016-04-30T05:02:39.000000;2016-04-30T05:02:39.000000;58b317ea-9931-4e66-9386-d4890d7405fd;453.83;3.45330108;UNKNOWN
2016-04-30T05:02:39.000000;2016-04-30T05:02:39.000000;6961fc8f-3806-487e-8f65-1093a7c9a6da;453.88;4.28628069;UNKNOWN
2016-04-30T05:02:39.000000;2016-04-30T05:02:39.000000;6428e0b2-b456-48f5-b363-b2fce7216ce3;454.04;3.0;UNKNOWN
2016-04-30T05:02:39.000000;2016-04-30T05:02:39.000000;a8f73edb-cedf-4242-b7ca-f806f09b748d;454.05;0.48111353;UNKNOWN
2016-04-30T05:02:57.000000;2016-04-30T05:02:57.000000;1f4ea9a8-c5b2-4856-bcdb-55ecb24ce923;453.82;0.13481299;UNKNOWN
2016-04-30T05:03:07.000000;2016-04-30T05:03:07.000000;0c2a9300-fe3d-4140-9750-75a3506bdd82;454.51;1.0;UNKNOWN
2016-04-30T05:03:54.000000;2016-04-30T05:03:54.000000;0281ed1a-c1a8-4cc9-be01-fed4a7849360;454.01;0.13440599;UNKNOWN
2016-04-30T05:04:56.000000;2016-04-30T05:04:56.000000;3ad4a869-c3fe-4227-8c97-20b17c4b72da;453.8;0.03502099;UNKNOWN
2016-04-30T05:08:11.000000;2016-04-30T05:08:11.000000;5c3bebf5-56c2-4100-8669-04c13bb18862;453.87;1.36;UNKNOWN
2016-04-30T05:09:20.000000;2016-04-30T05:09:20.000000;3dd70fa2-da43-4a68-908b-cbac25659d0d;453.87;2.0;UNKNOWN
2016-04-30T05:12:20.000000;2016-04-30T05:12:20.000000;ccccbe11-6788-4ef2-bdee-eacb7417ed5a;453.92;0.13566399;UNKNOWN
2016-04-30T05:12:21.000000;2016-04-30T05:12:21.000000;28715e63-c054-46f4-999b-abb6bf74a1d8;453.92;0.27979699;UNKNOWN
2016-04-30T05:12:26.000000;2016-04-30T05:12:26.000000;04946eed-7b23-47dd-8441-313f0ab7ddbc;453.91;0.0189068;UNKNOWN
2016-04-30T05:12:26.000000;2016-04-30T05:12:26.000000;9476ef5b-a7c7-45fe-81e4-8997af02f5be;453.91;0.59347199;UNKNOWN
2016-04-30T05:12:27.000000;2016-04-30T05:12:27.000000;9ee46930-392c-410c-a0e2-23f3efbdb5ab;453.91;0.36866078;UNKNOWN
2016-04-30T05:12:27.000000;2016-04-30T05:12:27.000000;3a413431-4bc9-4eee-ad42-91309f84a68f;453.91;0.36205799;UNKNOWN
2016-04-30T05:12:28.000000;2016-04-30T05:12:28.000000;ba9e0d10-cc25-4330-9d00-634fb32effe2;453.91;0.231414;UNKNOWN
2016-04-30T05:12:32.000000;2016-04-30T05:12:32.000000;95d3a690-cf82-4d0e-8b9c-4db96afa6459;453.88;0.0188912;UNKNOWN
2016-04-30T05:13:01.000000;2016-04-30T05:13:01.000000;5d1583b2-7b06-4f9c-91b6-a5d495483a49;454.06;0.1002;UNKNOWN
2016-04-30T05:13:08.000000;2016-04-30T05:13:08.000000;d554af8c-0f79-4ab6-976a-bbc1436ee162;453.91;0.27775243;UNKNOWN
2016-04-30T05:13:12.000000;2016-04-30T05:13:12.000000;c763c8fd-2510-46e6-bc6d-c29ec8a442b2;453.91;0.01886974;UNKNOWN
2016-04-30T05:13:37.000000;2016-04-30T05:13:37.000000;3b960e0e-bd9b-42fa-b838-91fe45199433;454.02;0.31087136;UNKNOWN
2016-04-30T05:13:42.000000;2016-04-30T05:13:42.000000;564915b3-97bf-408a-a8fd-aac0192f1030;454.02;0.31136975;UNKNOWN
2016-04-30T05:17:52.000000;2016-04-30T05:17:52.000000;d6e6ac41-f226-45c7-9749-fa769b1f5b8a;454.16;0.01440444;UNKNOWN
2016-04-30T05:17:52.000000;2016-04-30T05:17:52.000000;329c2a1c-02bf-45d9-a8dc-3edad6831b66;454.18;0.0144038;UNKNOWN
2016-04-30T05:17:52.000000;2016-04-30T05:17:52.000000;3527e380-dd33-43b3-85c9-ae7155d05982;454.73;2.56299618;UNKNOWN
2016-04-30T05:17:52.000000;2016-04-30T05:17:52.000000;79e7ae5c-edcc-4085-acbf-2df227bc2fcc;454.15;1.09330108;UNKNOWN
2016-04-30T05:18:33.000000;2016-04-30T05:18:33.000000;1a32f8b6-e779-42e9-8eb4-19a63d04eeaa;454.8;0.0261;UNKNOWN
2016-04-30T05:18:39.000000;2016-04-30T05:18:39.000000;378ec779-9f51-4e96-8761-b8b5f9fe46ff;454.2;6.579;UNKNOWN
2016-04-30T05:18:39.000000;2016-04-30T05:18:39.000000;191375c3-57da-4e76-83e2-3ca0492d564f;454.0;12.0159;UNKNOWN
2016-04-30T05:18:39.000000;2016-04-30T05:18:39.000000;acf7c71e-4222-496d-b85e-5b0bb431a8b1;453.87;35.5331;UNKNOWN
2016-04-30T05:18:39.000000;2016-04-30T05:18:39.000000;5a5b04ec-922d-4357-a4c4-a5bfea143181;454.19;13.9153;UNKNOWN
2016-04-30T05:18:39.000000;2016-04-30T05:18:39.000000;57f8f52e-83da-40ef-8580-c240bd305da1;454.2;11.9567;UNKNOWN
2016-04-30T05:18:45.000000;2016-04-30T05:18:45.000000;0d91e40b-5a83-4588-91ad-96fb9bb72428;453.87;0.25;UNKNOWN
2016-04-30T05:19:26.000000;2016-04-30T05:19:26.000000;6f7a75bc-24f9-41db-95d4-b38b55b95307;453.87;0.04165799;UNKNOWN
2016-04-30T05:22:05.000000;2016-04-30T05:22:05.000000;267834f0-2de2-4656-8c6e-de4f0e45af08;454.63;0.04226087;UNKNOWN
2016-04-30T05:22:05.000000;2016-04-30T05:22:05.000000;216770c4-a7a4-4ab0-96dd-7bc37c5b99a7;454.63;2.89163913;UNKNOWN
2016-04-30T05:23:04.000000;2016-04-30T05:23:04.000000;2cf4c7a4-c3bf-4f00-9c39-2cfa9125ff75;453.87;0.45078508;UNKNOWN
2016-04-30T05:24:03.000000;2016-04-30T05:24:03.000000;289f5ff5-844a-4fca-a40c-74866ed5a3ac;453.87;0.01412856;UNKNOWN
2016-04-30T05:25:18.000000;2016-04-30T05:25:18.000000;9f6ede0f-bfdb-43b1-af04-c0888044e6ad;454.0;4.0;UNKNOWN
2016-04-30T05:28:15.000000;2016-04-30T05:28:15.000000;0fb48d05-ba0f-46f1-a8b5-1c8ec78e5ffe;453.87;0.32271306;UNKNOWN
2016-04-30T05:28:19.000000;2016-04-30T05:28:19.000000;a13949f2-5900-40e4-9db5-280e7a5b9bcd;453.87;0.1294922;UNKNOWN
2016-04-30T05:28:21.000000;2016-04-30T05:28:21.000000;60b98010-9862-4497-a47d-726e8ea291c4;453.87;0.1294922;UNKNOWN
2016-04-30T05:28:25.000000;2016-04-30T05:28:25.000000;7de5eddf-2c13-4cc6-9d89-facb1dc55b53;453.87;0.32271306;UNKNOWN
2016-04-30T05:28:25.000000;2016-04-30T05:28:25.000000;ea28a722-621a-4421-8a8d-d409716773d9;453.87;1.206657;UNKNOWN
2016-04-30T05:28:30.000000;2016-04-30T05:28:30.000000;2a6f5ddc-d28c-41d5-88ed-4c1dbea036e6;453.87;0.32271306;UNKNOWN
2016-04-30T05:28:35.000000;2016-04-30T05:28:35.000000;8825c40d-c723-4b36-95df-b8dbdfeada8c;453.87;0.903152;UNKNOWN
2016-04-30T05:28:35.000000;2016-04-30T05:28:35.000000;6fd48cc9-dfc6-44d7-8376-72e7117d1193;453.87;0.32274225;UNKNOWN
2016-04-30T05:28:36.000000;2016-04-30T05:28:36.000000;1c3cc83b-120d-412a-a0e1-0a9863256cbc;453.87;0.046674;UNKNOWN
2016-04-30T05:28:36.000000;2016-04-30T05:28:36.000000;03254d40-89cf-43b8-abce-f53fc1c808a2;453.87;0.32274642;UNKNOWN
2016-04-30T05:28:59.000000;2016-04-30T05:28:59.000000;5e864dca-c593-4ab4-8122-06f59ff78027;453.87;0.32250874;UNKNOWN
2016-04-30T05:29:00.000000;2016-04-30T05:29:00.000000;dd7d8402-c0bf-4a6e-94d7-891e71828282;453.87;0.32255431;UNKNOWN
2016-04-30T05:29:00.000000;2016-04-30T05:29:00.000000;b23db2c5-0fbd-47fd-bd5b-776a8c6087b7;453.87;0.32254885;UNKNOWN
2016-04-30T05:29:02.000000;2016-04-30T05:29:02.000000;9f673797-2da1-4859-801f-8f32f7055796;453.87;0.08860348;UNKNOWN
2016-04-30T05:29:04.000000;2016-04-30T05:29:04.000000;ab42c503-bedd-4a10-8272-6aaedb4d0ddf;453.87;0.08860348;UNKNOWN
2016-04-30T05:29:07.000000;2016-04-30T05:29:07.000000;2b10fdfd-5d98-48e5-8ee2-517fc1584e49;453.87;0.08860348;UNKNOWN
2016-04-30T05:29:11.000000;2016-04-30T05:29:11.000000;544bb7f0-a972-4912-8290-a7df7fa31c9d;453.87;0.32250874;UNKNOWN
2016-04-30T05:29:18.000000;2016-04-30T05:29:18.000000;631819c5-7151-40a1-b8be-b642f997b18b;453.87;0.08860348;UNKNOWN
2016-04-30T05:29:20.000000;2016-04-30T05:29:20.000000;8312de3b-335b-485e-9135-aa7d429890f9;453.87;0.2980335;UNKNOWN
2016-04-30T05:29:20.000000;2016-04-30T05:29:20.000000;bdb8254e-d09b-4d59-8d0a-26b11b9a72b8;453.87;0.08860348;UNKNOWN
2016-04-30T05:29:25.000000;2016-04-30T05:29:25.000000;29c48a99-8b90-4eab-a104-ab130e707d2e;453.81;0.08311141;UNKNOWN
2016-04-30T05:29:26.000000;2016-04-30T05:29:26.000000;c1f72560-111a-447c-b324-b868cded62d9;453.81;0.02447941;UNKNOWN
2016-04-30T05:29:27.000000;2016-04-30T05:29:27.000000;fe7284b9-509c-40c2-bc62-c84726182b2b;453.81;0.08311141;UNKNOWN
2016-04-30T05:29:30.000000;2016-04-30T05:29:30.000000;1dfaea6d-3bf7-4a7d-9401-2ae03ffd291b;453.81;0.08311141;UNKNOWN
2016-04-30T05:29:38.000000;2016-04-30T05:29:38.000000;671be3af-7367-4915-83aa-4a0f2ba456ab;453.8;0.0821962;UNKNOWN
2016-04-30T05:29:39.000000;2016-04-30T05:29:39.000000;95ca1954-5b37-4f79-b7eb-4fccfba12410;453.8;0.0821962;UNKNOWN
2016-04-30T05:29:43.000000;2016-04-30T05:29:43.000000;273614b8-77bd-4ef2-97b0-ca539a4d3e62;453.8;0.0821962;UNKNOWN
2016-04-30T05:29:45.000000;2016-04-30T05:29:45.000000;91f7ea1c-1fc5-489c-b06d-d4952d7a1f56;453.8;0.06936231;UNKNOWN
2016-04-30T05:29:59.000000;2016-04-30T05:29:59.000000;58795d95-f434-4565-bb89-9f26eb3ddc0b;453.8;0.02568369;UNKNOWN
2016-04-30T05:30:01.000000;2016-04-30T05:30:01.000000;ea9b8652-06bd-44c0-b979-30c5f3f8b92e;453.8;0.02568369;UNKNOWN
2016-04-30T05:30:02.000000;2016-04-30T05:30:02.000000;c878ca96-288f-42ff-8d64-744e12136f45;453.8;0.02567342;UNKNOWN
2016-04-30T05:30:21.000000;2016-04-30T05:30:21.000000;212448fd-b00a-40c9-a83c-4c69a71c5fce;453.81;0.08311141;UNKNOWN
2016-04-30T05:30:21.000000;2016-04-30T05:30:21.000000;46bd49a4-e2c8-437d-a238-20a16b548e43;453.9;0.0011737;UNKNOWN
2016-04-30T05:30:21.000000;2016-04-30T05:30:21.000000;fbda57c9-694e-457b-953b-057848ca15ba;453.81;0.08311141;UNKNOWN
2016-04-30T05:30:21.000000;2016-04-30T05:30:21.000000;1f919a35-5bf6-4f48-8245-f1c65db3d1c7;453.87;0.08860348;UNKNOWN
2016-04-30T05:30:24.000000;2016-04-30T05:30:24.000000;2b666982-bad7-45dc-b6a3-331989a52a6e;453.8;0.31087136;UNKNOWN
2016-04-30T05:30:29.000000;2016-04-30T05:30:29.000000;9d540df0-2a30-418b-8786-a3c5cef81387;453.9;0.256;UNKNOWN
2016-04-30T05:30:29.000000;2016-04-30T05:30:29.000000;2cdce835-0ef9-46d5-b704-ec1fe7f794a0;453.8;0.0821962;UNKNOWN
2016-04-30T05:30:30.000000;2016-04-30T05:30:30.000000;bc1eb41d-39a1-4bf6-a0e2-b4bf36d63488;453.8;0.18724308;UNKNOWN
2016-04-30T05:30:32.000000;2016-04-30T05:30:32.000000;09fe080d-2735-4fa0-8a84-472edeb17cfb;453.8;0.0821962;UNKNOWN
2016-04-30T05:30:34.000000;2016-04-30T05:30:34.000000;a58e2e77-4a6b-4c58-a505-b5e74ca09bfd;453.8;0.0821962;UNKNOWN
2016-04-30T05:30:36.000000;2016-04-30T05:30:36.000000;c6e20bbc-71ce-45af-bbce-251593268356;453.8;0.0821962;UNKNOWN
2016-04-30T05:30:37.000000;2016-04-30T05:30:37.000000;deac17f8-9ed3-4788-93e1-2721ab9f205f;453.8;0.0821962;UNKNOWN
2016-04-30T05:30:37.000000;2016-04-30T05:30:37.000000;acf59456-9f94-4c92-a3e9-98e96c8198bf;453.88;0.256;UNKNOWN
2016-04-30T05:30:40.000000;2016-04-30T05:30:40.000000;6da2d2e0-fda8-4296-bed9-3aae5d078a67;453.8;0.0821962;UNKNOWN
2016-04-30T05:30:42.000000;2016-04-30T05:30:42.000000;90923124-965f-429e-9386-2716ff3f8191;453.8;0.0821962;UNKNOWN
2016-04-30T05:30:44.000000;2016-04-30T05:30:44.000000;298f85cc-04c9-47a7-93aa-3ebe86d73040;453.88;0.256;UNKNOWN
2016-04-30T05:30:44.000000;2016-04-30T05:30:44.000000;a8d81acd-3002-452c-b85b-7f8e245f9a3b;453.8;0.0821962;UNKNOWN
2016-04-30T05:30:46.000000;2016-04-30T05:30:46.000000;7ab8d850-e73b-49fa-9698-5e5ee9d22a7f;453.8;0.05132425;UNKNOWN
2016-04-30T05:30:49.000000;2016-04-30T05:30:49.000000;b68b2d35-91e0-4eca-910c-a8d87709a45e;453.88;0.04032135;UNKNOWN
2016-04-30T05:30:49.000000;2016-04-30T05:30:49.000000;2567db3a-330d-4eaa-99a9-7315b76ba0ae;453.8;0.05132425;UNKNOWN
2016-04-30T05:30:49.000000;2016-04-30T05:30:49.000000;00465e21-efef-4c42-ba92-8aa53a34cb31;453.8;0.03087195;UNKNOWN
2016-04-30T05:30:49.000000;2016-04-30T05:30:49.000000;e657355b-e03a-46a0-9943-0873655806d3;453.87;0.13348245;UNKNOWN
2016-04-30T05:30:51.000000;2016-04-30T05:30:51.000000;28de08ab-0ff5-4fbe-9ad3-5125e2920c58;453.7;0.07304637;UNKNOWN
2016-04-30T05:30:54.000000;2016-04-30T05:30:54.000000;5a9d011e-b45c-4f17-8335-e6e499d7063c;453.7;0.01785267;UNKNOWN
2016-04-30T05:30:55.000000;2016-04-30T05:30:55.000000;bd31cd2e-d5bf-4390-b204-9a6508fcc5cf;453.88;0.256;UNKNOWN
2016-04-30T05:31:01.000000;2016-04-30T05:31:01.000000;a51a9735-8827-4993-8a8b-7a3790e7193f;453.88;0.256;UNKNOWN
2016-04-30T05:31:10.000000;2016-04-30T05:31:10.000000;911acf4e-9fe2-44fa-97c2-4bc2471a1a3a;453.88;0.256;UNKNOWN
2016-04-30T05:31:15.000000;2016-04-30T05:31:15.000000;9d21a704-2837-4cad-8eb6-f17eaad7389a;453.88;0.256;UNKNOWN
2016-04-30T05:31:24.000000;2016-04-30T05:31:24.000000;81098141-4300-4385-b80a-a3e7bbc01637;453.7;0.0416195;UNKNOWN
2016-04-30T05:31:25.000000;2016-04-30T05:31:25.000000;57aca2b7-27ce-4472-9030-e2789d1d0ab1;453.7;0.0416195;UNKNOWN
2016-04-30T05:31:26.000000;2016-04-30T05:31:26.000000;da426db7-1b22-4c93-8d46-d8140393bcc5;453.7;0.0416195;UNKNOWN
2016-04-30T05:31:26.000000;2016-04-30T05:31:26.000000;8c03b0b8-c41a-4216-97eb-de31417aaa6d;453.7;0.04168622;UNKNOWN
2016-04-30T05:31:56.000000;2016-04-30T05:31:56.000000;defe5a01-5fbc-4f9d-bced-345d71df6e24;453.69;6.0;UNKNOWN
2016-04-30T05:32:11.000000;2016-04-30T05:32:11.000000;57f961e4-19ec-4585-af6e-b44859dd3be8;453.52;4.98805955;UNKNOWN
2016-04-30T05:32:11.000000;2016-04-30T05:32:11.000000;66c56e24-62c6-4001-aafa-fe57701795c8;453.69;43.58381926;UNKNOWN
2016-04-30T05:32:14.000000;2016-04-30T05:32:14.000000;9ecc7805-df42-46c0-a38b-e3a5114af4e1;453.66;0.0195;UNKNOWN
2016-04-30T05:32:24.000000;2016-04-30T05:32:24.000000;af258a0b-0600-4965-8589-4e114c4ad3e6;453.51;4.33;UNKNOWN
2016-04-30T05:32:27.000000;2016-04-30T05:32:27.000000;cce2b4a8-d8b3-478b-85b6-8081957aa327;453.5;1.14;UNKNOWN
2016-04-30T05:32:27.000000;2016-04-30T05:32:27.000000;06d18467-4403-4539-a6a3-9e2a24d1486d;453.51;0.67;UNKNOWN
2016-04-30T05:32:31.000000;2016-04-30T05:32:31.000000;39fd7493-e847-4d1d-959c-aeda3d1920e5;453.5;3.75;UNKNOWN
2016-04-30T05:32:55.000000;2016-04-30T05:32:55.000000;58ea660a-b3f4-4a44-bff7-d35b082da051;453.5;3.0;UNKNOWN
2016-04-30T05:32:57.000000;2016-04-30T05:32:57.000000;cd2e322f-f11c-4256-861a-ce2d191374ad;453.5;0.02573994;UNKNOWN
2016-04-30T05:32:57.000000;2016-04-30T05:32:57.000000;d8168c43-550a-4597-983a-0b46c153f821;453.5;0.02579152;UNKNOWN
2016-04-30T05:32:58.000000;2016-04-30T05:32:58.000000;75c44d50-81db-4f33-a451-b95aba36d807;453.5;0.02573994;UNKNOWN
2016-04-30T05:33:02.000000;2016-04-30T05:33:02.000000;7c926114-19b5-4407-b90e-8ccbb48dbadf;453.5;0.7099925;UNKNOWN
2016-04-30T05:33:03.000000;2016-04-30T05:33:03.000000;40a1b64f-d422-468e-be5f-cea0de5eb52f;453.58;0.241;UNKNOWN
2016-04-30T05:33:18.000000;2016-04-30T05:33:18.000000;5ce1025b-f31f-45cf-b8ca-f19e22b5c67e;453.5;0.03734279;UNKNOWN
2016-04-30T05:33:20.000000;2016-04-30T05:33:20.000000;f4ddfc16-8a29-4df2-bcb9-79230107632f;453.5;0.03734279;UNKNOWN
2016-04-30T05:33:31.000000;2016-04-30T05:33:31.000000;b0fc49c5-682e-4b6c-a264-ed68d7f57a5a;453.5;1.2333224;UNKNOWN
2016-04-30T05:33:41.000000;2016-04-30T05:33:41.000000;9a76066c-5f92-47c0-9e38-f28c7e56bb37;453.51;0.501;UNKNOWN
2016-04-30T05:34:19.000000;2016-04-30T05:34:19.000000;ff2fa319-76ce-4e18-9059-2f1c16ba38cc;453.5;0.10372348;UNKNOWN
2016-04-30T05:34:37.000000;2016-04-30T05:34:37.000000;6c4c55e6-54f4-4465-ac66-0836dc7c2434;453.5;0.10370839;UNKNOWN
2016-04-30T05:34:37.000000;2016-04-30T05:34:37.000000;5be6302b-fe12-4585-924a-19671fd5ac44;453.5;0.03581485;UNKNOWN
2016-04-30T05:34:37.000000;2016-04-30T05:34:37.000000;6b43809e-472b-45ab-8f5c-d0fdbf7d0c23;453.5;0.03582995;UNKNOWN
2016-04-30T05:34:37.000000;2016-04-30T05:34:37.000000;f065c851-fecf-4ffd-b9a6-e8aa4f03e369;453.5;0.10370839;UNKNOWN
2016-04-30T05:34:37.000000;2016-04-30T05:34:37.000000;ea246c58-6c01-44de-ab92-4218ee67e7c2;453.5;0.10373016;UNKNOWN
2016-04-30T05:34:37.000000;2016-04-30T05:34:37.000000;b1d5b0df-3214-47e0-87f6-8b0f9a0ac795;453.5;0.10373016;UNKNOWN
2016-04-30T05:34:37.000000;2016-04-30T05:34:37.000000;4460bbf8-0ff9-4a02-80c8-48bf9c77d69f;453.5;0.20772334;UNKNOWN
2016-04-30T05:34:38.000000;2016-04-30T05:34:38.000000;ec1a0cbf-9f0f-4066-8c9b-62de65751dbb;453.5;0.03582995;UNKNOWN
2016-04-30T05:34:38.000000;2016-04-30T05:34:38.000000;5d22cec5-18ea-4edd-87cf-686f8154060c;453.5;0.10369542;UNKNOWN
2016-04-30T05:34:39.000000;2016-04-30T05:34:39.000000;01ed60e3-fd69-4b79-b5b6-92c439f2ecd8;453.5;0.03576059;UNKNOWN
2016-04-30T05:34:41.000000;2016-04-30T05:34:41.000000;a2b5615a-99bd-4f28-80e6-fef018a77f08;453.5;0.0188752;UNKNOWN
2016-04-30T05:34:58.000000;2016-04-30T05:34:58.000000;64ff86f9-d51b-4046-8ffe-ac400b2bdc65;453.5;0.02161773;UNKNOWN
2016-04-30T05:34:58.000000;2016-04-30T05:34:58.000000;4fa88814-0473-4a26-b3ee-eaa95eb26f55;453.5;0.10549823;UNKNOWN
2016-04-30T05:35:00.000000;2016-04-30T05:35:00.000000;0a26956a-882f-43d7-82fb-3553c616a8a2;453.5;0.10369542;UNKNOWN
2016-04-30T05:35:00.000000;2016-04-30T05:35:00.000000;4cc46abc-87f2-4d9b-bd6e-ff3ccd30606a;453.5;0.02204376;UNKNOWN
2016-04-30T05:35:00.000000;2016-04-30T05:35:00.000000;30c137cb-94dc-4a0d-a58b-4056f03efa1a;453.5;0.07912371;UNKNOWN
2016-04-30T05:35:00.000000;2016-04-30T05:35:00.000000;d4979d3d-75c6-4b26-a9aa-210665aecad7;453.5;0.10370278;UNKNOWN
2016-04-30T05:35:02.000000;2016-04-30T05:35:02.000000;b2af6350-ef0d-4143-bb0d-96f9c69988b1;453.5;0.10369542;UNKNOWN
2016-04-30T05:35:03.000000;2016-04-30T05:35:03.000000;865a9c1a-ef26-4cf9-a6d0-589004f0871d;453.5;0.10139075;UNKNOWN
2016-04-30T05:35:04.000000;2016-04-30T05:35:04.000000;56adf408-9a05-4f8c-9017-a68fd6be234b;453.5;0.10369542;UNKNOWN
2016-04-30T05:35:04.000000;2016-04-30T05:35:04.000000;378cb424-1ca3-45cc-919f-6c23b7f0bef3;453.5;0.10369542;UNKNOWN
2016-04-30T05:35:06.000000;2016-04-30T05:35:06.000000;3ac2fea4-dadf-4c4f-807c-1f2897bfc659;453.5;0.10369542;UNKNOWN
2016-04-30T05:35:06.000000;2016-04-30T05:35:06.000000;c6cb8eee-f930-4fe9-8850-1fdff6cf324c;453.5;0.01204956;UNKNOWN
2016-04-30T05:35:06.000000;2016-04-30T05:35:06.000000;390e1efa-37b6-4c87-8292-ae15a8fa7b33;453.5;0.10386166;UNKNOWN
2016-04-30T05:35:07.000000;2016-04-30T05:35:07.000000;b48a55fc-daa0-4d87-9dbf-607ce6a78c80;453.5;0.10369542;UNKNOWN
2016-04-30T05:35:08.000000;2016-04-30T05:35:08.000000;dd24a35c-bda9-4cdd-91cf-84844d3e72c3;453.5;0.10369542;UNKNOWN
2016-04-30T05:35:08.000000;2016-04-30T05:35:08.000000;eac0cfb8-14b2-48f4-a65e-0079f8d32932;453.5;0.10056503;UNKNOWN
2016-04-30T05:35:10.000000;2016-04-30T05:35:10.000000;266a8751-8567-441d-8dce-0ed21a25e749;453.5;0.04629019;UNKNOWN
2016-04-30T05:35:14.000000;2016-04-30T05:35:14.000000;daf69965-b863-4609-a2fc-61a4ce15207f;453.5;0.14066408;UNKNOWN
2016-04-30T05:35:33.000000;2016-04-30T05:35:33.000000;18eb714a-025c-4f66-91ec-59fc2d754fba;453.5;7.42485124;UNKNOWN
2016-04-30T05:35:50.000000;2016-04-30T05:35:50.000000;89bbea0f-aae8-4e5c-8fa6-054c9dc11dd6;453.5;0.0187766;UNKNOWN
2016-04-30T05:35:54.000000;2016-04-30T05:35:54.000000;8421eecb-1277-48b4-9230-1c81577e397b;453.5;0.01408265;UNKNOWN
2016-04-30T05:35:54.000000;2016-04-30T05:35:54.000000;cd3f92e1-b799-4e1e-813f-7245ea91f9f9;453.5;0.1038023;UNKNOWN
2016-04-30T05:35:55.000000;2016-04-30T05:35:55.000000;053fc3ab-572b-4354-8f56-3421e05ebc57;453.5;0.1038023;UNKNOWN
2016-04-30T05:35:56.000000;2016-04-30T05:35:56.000000;147a67b8-3996-4813-a1dd-01ddf5f7e0a2;453.5;0.10396871;UNKNOWN
2016-04-30T05:35:56.000000;2016-04-30T05:35:56.000000;f40d2a42-0d93-4c8f-8ebd-d41541cf140b;453.5;0.1038023;UNKNOWN
2016-04-30T05:35:57.000000;2016-04-30T05:35:57.000000;78fdad4f-2d6a-4886-94fc-8f3651a5b4a7;453.5;0.1038023;UNKNOWN
2016-04-30T05:35:58.000000;2016-04-30T05:35:58.000000;a44ef238-f62c-4870-bc8c-a9628d94675d;453.5;0.1038023;UNKNOWN
2016-04-30T05:35:59.000000;2016-04-30T05:35:59.000000;5dae23fe-0d4e-4ef8-995e-716f4b348f8e;453.5;0.1038023;UNKNOWN
2016-04-30T05:35:59.000000;2016-04-30T05:35:59.000000;414c0ade-0f5d-44de-814f-2e608243f703;453.5;0.10128693;UNKNOWN
2016-04-30T05:36:00.000000;2016-04-30T05:36:00.000000;a1e7929e-7cd3-4e4f-ac0d-423dddb7781a;453.5;0.1038023;UNKNOWN
2016-04-30T05:36:01.000000;2016-04-30T05:36:01.000000;0b7dbb20-0e27-4567-91c2-b2827a00240b;453.5;0.02961926;UNKNOWN
2016-04-30T05:36:01.000000;2016-04-30T05:36:01.000000;165e12fc-be04-4d6b-be02-2da61a4b8d72;453.5;0.10396871;UNKNOWN
2016-04-30T05:36:01.000000;2016-04-30T05:36:01.000000;2c9439a4-e965-44bc-bd92-7195136cd4f6;453.5;0.1038023;UNKNOWN
2016-04-30T05:36:02.000000;2016-04-30T05:36:02.000000;58ce175b-1636-4fe9-bc54-b5966f8b0388;453.5;0.0278983;UNKNOWN
2016-04-30T05:36:05.000000;2016-04-30T05:36:05.000000;944e7600-46fa-4011-ba11-c86247d2d90c;453.5;0.04450715;UNKNOWN
2016-04-30T05:36:06.000000;2016-04-30T05:36:06.000000;5f44d5f0-4ee9-478a-9c00-45eb454bfac7;453.5;0.03338057;UNKNOWN
2016-04-30T05:36:07.000000;2016-04-30T05:36:07.000000;0b7f82d3-838a-4f9a-b82c-85017d993a16;453.5;0.02503544;UNKNOWN
2016-04-30T05:37:03.000000;2016-04-30T05:37:03.000000;4d973d26-d888-4479-9d4f-8cb009a2d657;453.5;0.0935501;UNKNOWN
2016-04-30T05:37:05.000000;2016-04-30T05:37:05.000000;0deb6e94-607b-4683-9485-b1249c17fdd4;453.5;0.10393589;UNKNOWN
2016-04-30T05:37:05.000000;2016-04-30T05:37:05.000000;72ccda1b-6347-4754-9fb1-cd7682bdee26;453.5;0.05939596;UNKNOWN
2016-04-30T05:37:06.000000;2016-04-30T05:37:06.000000;35c8e86b-ea9f-432a-bd8e-7109bc98d249;453.5;0.10393589;UNKNOWN
2016-04-30T05:37:06.000000;2016-04-30T05:37:06.000000;3334ceb8-915b-4d78-82a1-39d25506dc8d;453.5;0.10396871;UNKNOWN
2016-04-30T05:37:07.000000;2016-04-30T05:37:07.000000;dc76cd65-38ce-4862-b56c-2bf8caf178a5;453.5;0.10410252;UNKNOWN
2016-04-30T05:37:08.000000;2016-04-30T05:37:08.000000;7c105335-3aeb-4bbb-af58-7b0b192c231d;453.5;0.05939596;UNKNOWN
2016-04-30T05:37:09.000000;2016-04-30T05:37:09.000000;c2df47b2-de58-4c8e-beeb-9d11ef518e84;453.5;0.10393589;UNKNOWN
2016-04-30T05:37:10.000000;2016-04-30T05:37:10.000000;5577b9a7-f3a5-4402-bea6-9c052dfda8f8;453.5;0.10393589;UNKNOWN
2016-04-30T05:37:10.000000;2016-04-30T05:37:10.000000;43907ea5-dbbe-4f03-8a9e-63dec755052d;453.5;0.05939596;UNKNOWN
2016-04-30T05:37:12.000000;2016-04-30T05:37:12.000000;a0f545b4-091e-4c45-bc95-1d0940d28007;453.5;0.05939596;UNKNOWN
2016-04-30T05:37:12.000000;2016-04-30T05:37:12.000000;e89c0aa9-3e46-4753-a88b-fa0f8919042b;453.5;0.10393589;UNKNOWN
2016-04-30T05:37:12.000000;2016-04-30T05:37:12.000000;a7816d85-e939-4f2b-af3a-a11ec0d47d43;453.5;0.10393589;UNKNOWN
2016-04-30T05:37:13.000000;2016-04-30T05:37:13.000000;079dd6e2-036b-4c06-af85-c5c27ee2315c;453.5;0.10393589;UNKNOWN
2016-04-30T05:37:14.000000;2016-04-30T05:37:14.000000;ee127267-5d17-4395-8ea1-e52fc4ec069e;453.5;0.10393589;UNKNOWN
2016-04-30T05:37:14.000000;2016-04-30T05:37:14.000000;d11631e0-3dda-4846-83ee-95c8ff8b0d5f;453.5;0.10393589;UNKNOWN
2016-04-30T05:37:14.000000;2016-04-30T05:37:14.000000;7c749c19-58d6-46b3-8c36-ba576e8aa178;453.5;0.07372331;UNKNOWN
2016-04-30T05:37:15.000000;2016-04-30T05:37:15.000000;f1256753-71e9-4bef-8fb1-4d3715737aee;453.5;0.10393589;UNKNOWN
2016-04-30T05:37:15.000000;2016-04-30T05:37:15.000000;652a519b-52d6-44d6-a139-92b567473385;453.5;0.07389929;UNKNOWN
2016-04-30T05:37:17.000000;2016-04-30T05:37:17.000000;c873ca63-bdce-4037-91af-c0b04b89d038;453.5;0.10410252;UNKNOWN
2016-04-30T05:37:18.000000;2016-04-30T05:37:18.000000;6aeb3f2b-67de-4104-a576-e241f8d04fbf;453.5;0.08349832;UNKNOWN
2016-04-30T05:37:54.000000;2016-04-30T05:37:54.000000;f08d8b17-6052-4619-9b27-eb3a61eebcc1;453.5;0.1165064;UNKNOWN
2016-04-30T05:37:56.000000;2016-04-30T05:37:56.000000;35cbb229-67c0-476c-99cf-7aff4d532894;453.5;0.1161099;UNKNOWN
2016-04-30T05:37:58.000000;2016-04-30T05:37:58.000000;4d1e7c83-01ab-4a33-a1e7-007e274361c9;453.5;0.1161099;UNKNOWN
2016-04-30T05:38:08.000000;2016-04-30T05:38:08.000000;a15061f5-b22a-4b61-8832-96f345519ce1;453.5;0.1161099;UNKNOWN
2016-04-30T05:38:10.000000;2016-04-30T05:38:10.000000;ac258228-db02-4ae3-a8d7-32654a92a44e;453.5;0.1161099;UNKNOWN
2016-04-30T05:38:14.000000;2016-04-30T05:38:14.000000;a334212b-6b37-4b9f-8e4f-d8404096b594;453.5;0.1161099;UNKNOWN
2016-04-30T05:38:18.000000;2016-04-30T05:38:18.000000;7d8e5fc5-3469-43e7-9110-af08456cd91d;453.5;0.09324106;UNKNOWN
2016-04-30T05:38:21.000000;2016-04-30T05:38:21.000000;5029adb7-1e20-418a-b062-9bdcee154d4f;453.5;0.09250991;UNKNOWN
2016-04-30T05:38:23.000000;2016-04-30T05:38:23.000000;65013b5d-cc01-4029-a3a3-e55e825a4824;453.5;0.02403055;UNKNOWN
2016-04-30T05:38:32.000000;2016-04-30T05:38:32.000000;e52754bc-c32c-4ae8-8b43-04acbc123ceb;453.5;1.0;UNKNOWN
2016-04-30T05:39:24.000000;2016-04-30T05:39:24.000000;081af427-92df-46f1-ad97-3eedbaee3f69;453.5;20.0;UNKNOWN
2016-04-30T05:39:34.000000;2016-04-30T05:39:34.000000;4f71a2bd-a85a-4e88-958e-404f070ca3ac;453.5;0.03927103;UNKNOWN
2016-04-30T05:39:36.000000;2016-04-30T05:39:36.000000;5b9054a8-9527-48b1-9e6a-f3ba45db4e03;453.5;0.14688799;UNKNOWN
2016-04-30T05:39:39.000000;2016-04-30T05:39:39.000000;01c45078-d7f9-49c3-926d-96acad3f5a5b;453.5;0.13669019;UNKNOWN
2016-04-30T05:40:09.000000;2016-04-30T05:40:09.000000;ad0c7793-3471-4583-9fd1-02fe04bf6ab1;453.51;6.5644;UNKNOWN
2016-04-30T05:40:09.000000;2016-04-30T05:40:09.000000;8cad7ee5-2fc1-4a93-be1e-40177348ac7b;453.51;5.0;UNKNOWN
2016-04-30T05:40:09.000000;2016-04-30T05:40:09.000000;fed38184-bc29-4d60-8d6d-59cddf272429;453.51;3.267508;UNKNOWN
2016-04-30T05:40:09.000000;2016-04-30T05:40:09.000000;be65345e-bccb-4553-820c-4b8644eaf111;453.52;1.168092;UNKNOWN
2016-04-30T05:40:30.000000;2016-04-30T05:40:30.000000;4603235d-f506-47f7-b600-8fffb6cae69a;453.52;0.02;UNKNOWN
