time_exchange;time_coinpai;guid;price;base_amount;taker_side
2016-04-30T00:00:01.611827;2016-04-30T00:00:01.644327;1b200871-331a-487e-86f1-bdee3ef74ab4;458.85;0.03;BUY
2016-04-30T00:00:01.612045;2016-04-30T00:00:01.706825;5eac8c94-01d6-4245-812a-53f130f5736a;458.86;0.03;BUY
2016-04-30T00:00:01.612238;2016-04-30T00:00:01.706825;1564c4dc-09d6-4171-954b-c3731c3a0a18;458.87;0.03;BUY
2016-04-30T00:00:01.612412;2016-04-30T00:00:01.706825;36c5468b-84d0-4253-bb73-d3f49eab232c;458.88;0.03;BUY
2016-04-30T00:00:01.612571;2016-04-30T00:00:01.706825;edccc52e-3d78-4325-8505-620770b24802;458.88;0.02241149;BUY
2016-04-30T00:00:35.787298;2016-04-30T00:00:35.800599;4e701ccd-687c-4672-b537-77628a628c3b;458.88;0.01;BUY
2016-04-30T00:00:35.787561;2016-04-30T00:00:35.816216;fa9a2a92-97bb-4aeb-a9d3-e9ac72b45a9c;458.88;0.3;BUY
2016-04-30T00:00:35.787770;2016-04-30T00:00:35.847468;60ffc0ce-ad9b-4494-a125-94f22941065b;458.89;0.03;BUY
2016-04-30T00:00:35.787991;2016-04-30T00:00:35.894352;6e93461a-db14-4260-adcb-5d5bc6490232;458.89;0.5;BUY
2016-04-30T00:00:35.788198;2016-04-30T00:00:35.909975;be4ee14a-4cb0-4eb8-80e3-a4e1b152e110;458.9;0.03;BUY
2016-04-30T00:00:35.788379;2016-04-30T00:00:35.972481;1194d1f3-a6d5-40ea-a8b7-a3057426cfa3;458.9;0.5;BUY
2016-04-30T00:00:35.788571;2016-04-30T00:00:35.972481;3234d741-6f33-421e-9a46-8154c7010c6f;458.91;0.03;BUY
2016-04-30T00:00:35.788769;2016-04-30T00:00:35.972481;1df42c1d-ddb6-408b-a988-9f52e38748fe;458.92;0.03;BUY
2016-04-30T00:00:35.788937;2016-04-30T00:00:35.972481;c43f32dc-5440-407d-9ec2-bc8069060ca3;458.93;0.03;BUY
2016-04-30T00:00:35.789158;2016-04-30T00:00:35.972481;f5fdd558-1dd6-4368-9c8d-659e7bf3ea0c;458.93;0.05;BUY
2016-04-30T00:00:35.789336;2016-04-30T00:00:35.972481;a85a737c-2a09-4b5d-b407-f81ced88aee1;458.94;0.03;BUY
2016-04-30T00:00:35.789522;2016-04-30T00:00:35.972481;a23227c7-e325-47e9-8074-80798cf2eb2b;458.94;0.01;BUY
2016-04-30T00:00:35.789704;2016-04-30T00:00:35.972481;9b9784c2-326f-46f3-b1cc-7d878dac4303;458.95;0.03;BUY
2016-04-30T00:00:35.789888;2016-04-30T00:00:35.972481;3d6a24a9-a6f4-4eca-95cb-73b0b8bbe494;458.96;0.04;BUY
2016-04-30T00:00:35.790120;2016-04-30T00:00:35.972481;1a708b48-fcdf-40b7-9f37-75a2b5271c75;458.97;0.05;BUY
2016-04-30T00:00:35.790312;2016-04-30T00:00:35.972481;f5d72504-03e6-4178-8160-2ec819485e52;458.98;0.05;BUY
2016-04-30T00:00:35.790488;2016-04-30T00:00:35.972481;8bfdeb23-c7f9-43a9-a950-04891f253bac;458.99;0.04761;BUY
2016-04-30T00:00:35.790658;2016-04-30T00:00:35.972481;8600b5c4-fadd-4834-8623-0edacc5265a8;458.99;0.164;BUY
2016-04-30T00:00:35.790844;2016-04-30T00:00:35.972481;5921f8b1-cb25-42d8-9cac-735c75981f7e;458.99;0.22;BUY
2016-04-30T00:00:35.791028;2016-04-30T00:00:35.972481;c8d0983e-7e97-48f7-827e-8ae274b1285d;459.0;0.00026;BUY
2016-04-30T00:01:01.317511;2016-04-30T00:01:01.347477;0ed2343e-262a-4103-a5e1-5532d6a61c08;458.97;0.02;BUY
2016-04-30T00:01:01.318103;2016-04-30T00:01:01.347477;79773218-4d15-4bd6-bc1d-b65574bb6383;458.98;0.03;BUY
2016-04-30T00:01:01.318363;2016-04-30T00:01:01.347477;491e791f-b81e-42d6-a6b2-57f4eae3f515;459.0;0.04974;BUY
2016-04-30T00:01:01.318580;2016-04-30T00:01:01.347477;7d92e001-e792-4b49-9f0b-8d3d463485c1;459.01;0.015;BUY
2016-04-30T00:01:01.318936;2016-04-30T00:01:01.363103;4a88870a-940e-46d9-8420-fe533407e536;459.01;0.013;BUY
2016-04-30T00:01:01.319172;2016-04-30T00:01:01.363103;541e2bbe-d2a4-4024-a87d-93ffee25e449;459.02;0.05;BUY
2016-04-30T00:01:01.319368;2016-04-30T00:01:01.363103;f58fa82d-9ef0-4f39-a595-fadbbc9e51ab;459.03;0.05;BUY
2016-04-30T00:01:01.319592;2016-04-30T00:01:01.378728;47944c18-6226-413f-b4cd-d562ccf1af98;459.03;0.119;BUY
2016-04-30T00:01:01.320038;2016-04-30T00:01:01.378728;1e957388-fb94-430c-b2ad-17f7fc680c0c;459.04;0.03;BUY
2016-04-30T00:01:01.320255;2016-04-30T00:01:01.378728;eb785fb2-430a-4830-a535-69fce82c81a1;459.04;0.01;BUY
2016-04-30T00:01:01.320594;2016-04-30T00:01:01.378728;5c704ae4-d723-4cc2-b269-ad5edd176d8f;459.05;0.03;BUY
2016-04-30T00:01:01.320789;2016-04-30T00:01:01.394353;e5577985-164f-45e7-8305-c9153017bdc9;459.06;0.03;BUY
2016-04-30T00:01:01.321015;2016-04-30T00:01:01.394353;72f7fdb5-63cb-45bb-a09d-c964798e3b52;459.06;0.18;BUY
2016-04-30T00:01:01.321324;2016-04-30T00:01:01.394353;25be5c48-7eea-4a5f-ab58-0d845fc6474c;459.07;0.05;BUY
2016-04-30T00:01:01.321531;2016-04-30T00:01:01.394353;2c2c4066-5ddc-48eb-9481-49c589b56239;459.07;0.0545;BUY
2016-04-30T00:01:29.690483;2016-04-30T00:01:29.749107;5bef4df2-81f0-49a8-9eac-f74cf18ebee0;459.05;2.24576843;SELL
2016-04-30T00:01:29.690785;2016-04-30T00:01:29.780347;18499fb2-7ecb-451c-85ef-991d3adaacd8;459.04;0.01;SELL
2016-04-30T00:01:29.691206;2016-04-30T00:01:29.780347;15cc4478-c764-4bab-841c-76c678eb73de;459.03;0.01;SELL
2016-04-30T00:01:29.691437;2016-04-30T00:01:29.780347;4a9b19b7-d6ed-4aed-878b-d0f0d8e6c520;459.03;0.01;SELL
2016-04-30T00:01:29.691635;2016-04-30T00:01:29.795972;355e05bc-9900-4c78-93f6-111ee67c98a8;459.03;0.58123157;SELL
2016-04-30T00:01:31.595826;2016-04-30T00:01:31.670974;678c284b-d240-4588-8f63-8147ed5be874;459.06;0.01;BUY
2016-04-30T00:01:31.596269;2016-04-30T00:01:31.670974;6a07bc01-627b-4b85-81b8-b5d27acb9303;459.08;0.03;BUY
2016-04-30T00:01:31.596473;2016-04-30T00:01:31.670974;cd37b49d-7150-43c5-8cc3-5470e84f635a;459.09;0.03;BUY
2016-04-30T00:01:31.596675;2016-04-30T00:01:31.702223;e8df239e-e4e8-4d2c-b90a-aafc2f263c95;459.09;0.05;BUY
2016-04-30T00:01:31.597072;2016-04-30T00:01:31.702223;e3f577fa-1ad9-4d75-b652-186a534d57f6;459.1;0.03;BUY
2016-04-30T00:01:31.597298;2016-04-30T00:01:31.702223;6393cc1e-4392-4849-9814-1b8b789579bd;459.11;0.05;BUY
2016-04-30T00:01:31.597482;2016-04-30T00:01:31.702223;336b338c-cf3f-4a98-9c26-bb849b0c8f7b;459.11;0.05;BUY
2016-04-30T00:01:31.597669;2016-04-30T00:01:31.702223;01a9d7d9-dfa0-4b83-a57e-08fb2787d315;459.11;0.05;BUY
2016-04-30T00:01:31.598177;2016-04-30T00:01:31.717849;d601dfc2-5a08-43ce-b69e-cf0a64ba8ba8;459.11;0.086;BUY
2016-04-30T00:01:31.598424;2016-04-30T00:01:31.717849;71071847-f7a6-43b7-a454-6977a6b8fb0e;459.12;0.03;BUY
2016-04-30T00:01:31.598625;2016-04-30T00:01:31.717849;58f1ec35-3e56-4268-8de5-a3d43e72ca77;459.13;0.03;BUY
2016-04-30T00:01:31.598998;2016-04-30T00:01:31.717849;0d13dbf8-0312-47fc-b8c3-084e9335f147;459.14;0.01;BUY
2016-04-30T00:01:31.599213;2016-04-30T00:01:31.717849;0931e3f3-7412-4367-a673-69d1ade03d6e;459.16;0.55;BUY
2016-04-30T00:01:31.599414;2016-04-30T00:01:31.733475;ef0a47ec-c166-4052-9cff-b63165e2e25f;459.17;0.06514;BUY
2016-04-30T00:01:34.030988;2016-04-30T00:01:34.092832;3b78ad86-375d-48d4-a218-5ab25a1d5086;459.02;0.01;SELL
2016-04-30T00:01:34.031296;2016-04-30T00:01:34.092832;1ece959a-519c-4f39-bb09-d270659d3518;459.01;0.01;SELL
2016-04-30T00:01:34.031683;2016-04-30T00:01:34.108474;bacbf242-40b1-4f12-bc75-5f4359647092;459.01;0.0058;SELL
2016-04-30T00:01:34.106662;2016-04-30T00:01:34.170974;c516e154-44ff-4a79-afc0-5c47f76af816;459.01;0.0042;SELL
2016-04-30T00:01:34.107067;2016-04-30T00:01:34.186601;f5d8c18a-ac1b-4017-a867-29337b7fdc09;459.0;0.01;SELL
2016-04-30T00:01:34.107271;2016-04-30T00:01:34.186601;a7ad667f-5a0c-41a0-8a8d-e12ffa5a49f2;458.99;0.01;SELL
2016-04-30T00:01:34.107444;2016-04-30T00:01:34.186601;a27d5166-8568-4a14-9de1-9e61776be2bc;458.99;0.0038;SELL
2016-04-30T00:01:34.138255;2016-04-30T00:01:34.217851;eae06d00-11fd-4b65-bff8-2df10be8cf95;458.99;0.0062;SELL
2016-04-30T00:01:34.138484;2016-04-30T00:01:34.217851;e2a748f1-0be3-4f94-842f-8ec04260c22f;458.98;0.01;SELL
2016-04-30T00:01:34.139035;2016-04-30T00:01:34.217851;aa43bf9a-728a-466f-814d-d0b7613f3efc;458.97;0.01;SELL
2016-04-30T00:01:34.139225;2016-04-30T00:01:34.217851;c4e3036b-f7f6-4301-80d9-61afde439652;458.97;0.0037397;SELL
2016-04-30T00:01:34.329378;2016-04-30T00:01:34.389726;225aa1e2-a608-46c3-9504-28d34bdbd1db;458.97;0.0062603;SELL
2016-04-30T00:01:34.329574;2016-04-30T00:01:34.420974;d2cb99ea-0e61-4e21-8482-1b816ef0537c;458.97;0.0616397;SELL
2016-04-30T00:01:34.342207;2016-04-30T00:01:34.420974;b9392bce-08d2-4bd0-a8f7-5188118d1475;458.97;0.0283603;SELL
2016-04-30T00:01:34.410409;2016-04-30T00:01:34.467850;03f39326-9382-4319-bb6c-7bd979e3c02c;458.97;0.008;SELL
2016-04-30T00:01:34.410673;2016-04-30T00:01:34.483474;bcfaeba1-445e-490a-bb47-1beb557f5cbf;458.96;0.01;SELL
2016-04-30T00:01:34.410893;2016-04-30T00:01:34.483474;8848dfb1-20d9-4645-bef8-b16b2041e45f;458.95;0.01;SELL
2016-04-30T00:01:34.411143;2016-04-30T00:01:34.483474;501cf6ed-cc6b-460a-997c-cabb31fba16b;458.95;0.01;SELL
2016-04-30T00:01:34.411367;2016-04-30T00:01:34.514729;d9310ccf-487c-48aa-b7f0-ac0ba95cc0a1;458.94;0.01;SELL
2016-04-30T00:01:34.411822;2016-04-30T00:01:34.514729;808bc2ce-387c-45b4-8857-994656876e76;458.94;0.01;SELL
2016-04-30T00:01:34.412023;2016-04-30T00:01:34.514729;ee818f6c-d054-4999-ba40-0d2d26a22dbc;458.94;0.0015;SELL
2016-04-30T00:01:34.431804;2016-04-30T00:01:34.514729;21cc0f26-aa4b-42d6-a67d-2a028e75a99a;458.94;0.0085;SELL
2016-04-30T00:01:34.432060;2016-04-30T00:01:34.514729;ecf8c749-675a-47b3-ac07-c3f6b9c5c901;458.94;0.01;SELL
2016-04-30T00:01:34.432293;2016-04-30T00:01:34.530357;ed556827-99f0-4003-9018-8e7d5aa08aa3;458.94;0.01;SELL
2016-04-30T00:01:34.432520;2016-04-30T00:01:34.530357;aa5376f4-82d0-4858-8649-f3466d4affa7;458.93;0.01;SELL
2016-04-30T00:01:34.432730;2016-04-30T00:01:34.545975;f91de6c5-1fc2-4835-9465-3aeea7a9b2a0;458.93;0.01;SELL
2016-04-30T00:01:34.433225;2016-04-30T00:01:34.545975;d4221e1c-ccf5-4aea-8435-d3b9f0002955;458.92;0.01;SELL
2016-04-30T00:01:34.433466;2016-04-30T00:01:34.545975;9b0d36d6-5177-4646-b3a9-2b4a00f1196d;458.92;0.01;SELL
2016-04-30T00:01:34.433677;2016-04-30T00:01:34.545975;55acde07-1caf-4cb4-b94c-59b70a19a7d2;458.91;0.01;SELL
2016-04-30T00:01:34.433865;2016-04-30T00:01:34.545975;9ab13f2a-43a7-49d7-af11-78ce22cd6164;458.91;0.01;SELL
2016-04-30T00:01:34.434082;2016-04-30T00:01:34.545975;4ea4c3f7-e5a1-4a62-a2c6-8a71ecc51c54;458.91;0.01;SELL
2016-04-30T00:01:34.434516;2016-04-30T00:01:34.577226;6560cf77-4506-461c-9be5-187829f3f125;458.91;0.01;SELL
2016-04-30T00:01:34.434690;2016-04-30T00:01:34.577226;a3af6579-e843-456c-ab4b-6dddf7e58fe2;458.91;0.004;SELL
2016-04-30T00:02:06.851962;2016-04-30T00:02:06.905370;10b045b5-c046-44f0-8755-516034737718;459.04;0.03;BUY
2016-04-30T00:02:06.852260;2016-04-30T00:02:06.920990;b1029c3f-f846-480b-aff6-9e3c57f74ca2;459.05;0.03;BUY
2016-04-30T00:02:06.852471;2016-04-30T00:02:06.936610;72cca0e5-4e10-4f0c-a1ed-14d204ad3f16;459.06;0.0242;BUY
2016-04-30T00:02:53.214796;2016-04-30T00:02:53.264775;84b3f868-ce68-41b7-ac1a-2cb35c5c791f;459.04;0.01;SELL
2016-04-30T00:02:53.215109;2016-04-30T00:02:53.296015;6f758099-051f-4944-9f78-7ac888d810ca;459.03;0.01;SELL
2016-04-30T00:02:53.215332;2016-04-30T00:02:53.296015;b5d52bad-aedb-493f-b87b-b3c93a62f3a6;459.02;0.01;SELL
2016-04-30T00:02:53.215545;2016-04-30T00:02:53.296015;fe72470f-aecd-4ac2-96b4-07900c4263da;459.02;0.01;SELL
2016-04-30T00:02:53.215720;2016-04-30T00:02:53.311641;347c0ade-c78a-42de-8f68-56ea2584cc0d;459.01;0.01;SELL
2016-04-30T00:02:53.215922;2016-04-30T00:02:53.374140;faa3c046-fa31-4d3f-ad90-753cb298bdfd;459.01;0.1;SELL
2016-04-30T00:02:53.216145;2016-04-30T00:02:53.374140;03c85625-e186-4d3d-9a7f-4d1cacef323f;459.0;0.01;SELL
2016-04-30T00:03:01.515718;2016-04-30T00:03:01.577268;115d4e03-2072-41d6-8eed-064213712732;459.0;0.24138373;BUY
2016-04-30T00:03:01.516310;2016-04-30T00:03:01.592895;9b1f643d-1e0a-4118-a1b0-1d5e7fae34a6;459.01;0.01331464;BUY
2016-04-30T00:03:01.516575;2016-04-30T00:03:01.592895;78f6a941-e334-4e06-b87c-5e11c210a046;459.06;0.0058;BUY
2016-04-30T00:03:01.516790;2016-04-30T00:03:01.592895;703247b1-e4b1-4399-8d81-65eb717a5511;459.07;0.03;BUY
2016-04-30T00:03:01.517356;2016-04-30T00:03:01.608521;e97cb6b0-a871-4a03-9cf2-d54dcef7b271;459.08;0.03;BUY
2016-04-30T00:03:01.517591;2016-04-30T00:03:01.608521;8acd7192-01f6-4462-8cec-b04628509f13;459.11;0.05;BUY
2016-04-30T00:03:01.518038;2016-04-30T00:03:01.608521;54eef0cd-a041-4bb1-97e8-2dfed6dfdc6d;459.12;0.03;BUY
2016-04-30T00:03:01.518247;2016-04-30T00:03:01.608521;7bd41a38-c57b-45fa-9302-c9eeda4449e1;459.18;0.04268163;BUY
2016-04-30T00:03:14.587644;2016-04-30T00:03:14.639782;8604134d-a311-44ef-9acd-4c32411cc15d;459.02;0.02;BUY
2016-04-30T00:03:32.348074;2016-04-30T00:03:32.405413;46c84e5f-1d9c-46a2-9ddd-73ae20e093f2;459.02;1.89586;BUY
2016-04-30T00:03:48.359946;2016-04-30T00:03:48.421047;c10a4a5a-479e-4ce7-be15-2cf862143233;459.03;0.01086537;BUY
2016-04-30T00:04:02.195346;2016-04-30T00:04:02.264801;28a45b9c-020e-4278-a13b-ee546face027;459.03;0.006453;BUY
2016-04-30T00:04:02.195651;2016-04-30T00:04:02.264801;5dc06569-1916-49f4-8c94-55b69805be57;459.19;0.25;BUY
2016-04-30T00:04:02.195854;2016-04-30T00:04:02.264801;8cd084a6-9027-4624-965b-332ac7a20442;459.2;1.431057;BUY
2016-04-30T00:04:31.847427;2016-04-30T00:04:31.905445;7231f522-54ab-48e7-8d4b-7d18674810e1;459.2;0.568943;BUY
2016-04-30T00:04:31.847719;2016-04-30T00:04:31.921070;1301b154-2505-42e8-99e2-0586a75f0648;459.22;0.01;BUY
2016-04-30T00:04:31.847950;2016-04-30T00:04:31.921070;b03f913f-ada2-4b8b-815e-ee2fa795bf36;459.25;0.0114;BUY
2016-04-30T00:04:31.848174;2016-04-30T00:04:31.921070;7f54ed4b-8255-42bd-9c4d-8d9067a87c60;459.25;0.05;BUY
2016-04-30T00:04:31.848359;2016-04-30T00:04:31.936694;5ce8fee5-0e95-4bfb-8762-ba8b5854c705;459.27;0.86;BUY
2016-04-30T00:04:31.848537;2016-04-30T00:04:31.936694;7d8924b0-310e-423c-a1d8-ecfc8151e6ae;459.28;0.515397;BUY
2016-04-30T00:05:01.565461;2016-04-30T00:05:01.639836;bce5e006-0618-4e89-b6b0-8b020a1bd049;459.28;4.53494505;BUY
2016-04-30T00:05:01.565743;2016-04-30T00:05:01.655461;3099abb0-4609-46af-8b93-fbe385dc58ee;459.29;1.98311495;BUY
2016-04-30T00:05:26.031880;2016-04-30T00:05:26.077347;934fc274-9280-474f-b034-6cb55b68b9f6;459.29;0.46833559;BUY
2016-04-30T00:05:31.472715;2016-04-30T00:05:31.530473;0bf00494-1cc4-4612-876d-3f7020647f19;459.29;0.43435;BUY
2016-04-30T00:06:01.474871;2016-04-30T00:06:01.546112;2998b09f-2805-4302-a462-f02cd93c32f0;459.17;0.0115;SELL
2016-04-30T00:06:01.475210;2016-04-30T00:06:01.546112;7a05e800-7c70-4564-a187-8fe48efdfe19;459.17;0.152;SELL
2016-04-30T00:06:01.475428;2016-04-30T00:06:01.561737;2c3c99db-8ba5-4c49-8fde-03642a8bbc87;459.07;0.01;SELL
2016-04-30T00:06:01.475628;2016-04-30T00:06:01.561737;67a05b85-1155-4c7e-ab28-1d92b1e5bff5;459.07;0.104;SELL
2016-04-30T00:06:01.475826;2016-04-30T00:06:01.561737;8f2b780d-4bfe-4fdc-9a70-c4f88b3f9ce8;459.06;0.01;SELL
2016-04-30T00:06:01.476046;2016-04-30T00:06:01.561737;af75f5d1-9848-430f-9e7f-ee0cd821cb0c;459.05;0.01;SELL
2016-04-30T00:06:01.476265;2016-04-30T00:06:01.577362;1e37cf07-64da-4fe6-a488-931e584f106e;459.04;0.01;SELL
2016-04-30T00:06:01.476460;2016-04-30T00:06:01.577362;80b74725-b000-474b-becc-2bc4a371cac6;459.03;0.01;SELL
2016-04-30T00:06:01.476667;2016-04-30T00:06:01.577362;0e4a1b68-eed0-4f03-8262-475095bacd35;459.03;0.19;SELL
2016-04-30T00:06:01.476850;2016-04-30T00:06:01.577362;9f21eb9a-8f10-49e9-8e12-b906f657a291;459.02;0.01;SELL
2016-04-30T00:06:01.477067;2016-04-30T00:06:01.592986;067d6fae-2ea8-466a-88db-e6d9449e885b;459.02;0.22;SELL
2016-04-30T00:06:01.477273;2016-04-30T00:06:01.592986;89584aa0-344c-4275-aeaf-f35e9fc15b35;459.01;0.01;SELL
2016-04-30T00:06:01.477458;2016-04-30T00:06:01.592986;e2662a10-92d7-409e-8c7c-f0d966cc05d8;459.01;0.2;SELL
2016-04-30T00:06:01.477629;2016-04-30T00:06:01.624237;935dde18-9a30-40d1-92a3-aa334b94d302;459.0;0.01;SELL
2016-04-30T00:06:01.477804;2016-04-30T00:06:01.624237;3bf3381d-8fd7-4059-ac58-3eed4cc7f37d;459.0;0.0115;SELL
2016-04-30T00:06:01.478005;2016-04-30T00:06:01.624237;72fe7b37-7911-4d32-8cd3-d58e2f36a954;459.0;0.2;SELL
2016-04-30T00:06:01.478212;2016-04-30T00:06:01.624237;067f8b37-bfe3-4aca-99a9-6d5fcbe96e21;458.99;0.01;SELL
2016-04-30T00:06:01.478385;2016-04-30T00:06:01.624237;f6d461ff-37f9-485c-adc3-5d3f1340ab77;458.99;0.01;SELL
2016-04-30T00:06:01.478570;2016-04-30T00:06:01.639862;46424bc1-c873-47a6-9d25-a50cde48322b;458.99;0.01;SELL
2016-04-30T00:06:01.478736;2016-04-30T00:06:01.639862;1530097e-ba83-4c3d-a83a-781705a4b413;458.99;0.01;SELL
2016-04-30T00:06:01.478936;2016-04-30T00:06:01.639862;c036cb66-6407-4b4d-b3e3-73060b6b8101;458.99;0.119;SELL
2016-04-30T00:06:01.479135;2016-04-30T00:06:01.639862;53b29128-077f-4ce0-8b83-fef5b4a9a120;458.98;0.01;SELL
2016-04-30T00:06:01.479348;2016-04-30T00:06:01.639862;aeb27bdd-3f2a-4b56-b306-8e4522470b83;458.98;0.18;SELL
2016-04-30T00:06:01.479520;2016-04-30T00:06:01.655487;0185fcac-8ba9-433a-a246-12f2dc0a061d;458.97;0.01;SELL
2016-04-30T00:06:01.479702;2016-04-30T00:06:01.655487;2ceb195a-f392-4997-9677-a8e37351aa97;458.97;0.19;SELL
2016-04-30T00:06:01.479873;2016-04-30T00:06:01.655487;7ec3fb54-479e-4b36-a825-38912b9e6a11;458.96;0.01;SELL
2016-04-30T00:06:01.480657;2016-04-30T00:06:01.671112;428a6cd4-4739-4e40-9673-a1c680bb1e06;458.96;0.2;SELL
2016-04-30T00:06:01.480851;2016-04-30T00:06:01.686737;222f1349-789f-4ea9-b0fc-3f21077360f9;458.95;0.01;SELL
2016-04-30T00:06:01.481055;2016-04-30T00:06:01.686737;63bb6528-5a09-4c66-96bd-729d51dc754a;458.95;0.01;SELL
2016-04-30T00:06:01.481223;2016-04-30T00:06:01.686737;d0effbcd-6067-48df-89db-caaa7f5cadb6;458.95;0.15865;SELL
2016-04-30T00:06:31.274937;2016-04-30T00:06:31.327375;6ed729b1-62a4-48f1-ae03-1c999f3aa05e;458.97;0.21287;SELL
2016-04-30T00:07:01.340840;2016-04-30T00:07:01.389900;27ec13fc-8af3-40c6-8346-31bd4e427175;459.21;7.54;BUY
2016-04-30T00:07:01.341137;2016-04-30T00:07:01.389900;43142c1f-8d57-4201-ad0d-256ffb69894e;459.22;0.01;BUY
2016-04-30T00:07:01.341366;2016-04-30T00:07:01.405517;894997d7-1261-4bca-9df4-777d013a0184;459.22;1.68;BUY
2016-04-30T00:07:01.341562;2016-04-30T00:07:01.405517;c3237671-e95a-4ce8-96b7-f3f9a168847e;459.23;0.03;BUY
2016-04-30T00:07:01.342010;2016-04-30T00:07:01.436767;d51118b3-b2dd-479b-b348-06fa8426c051;459.23;1.9;BUY
2016-04-30T00:07:01.342202;2016-04-30T00:07:01.436767;5e8eab3b-c7ea-454a-9574-1927075b750f;459.24;0.03;BUY
2016-04-30T00:07:01.342394;2016-04-30T00:07:01.436767;1fad7d50-ee73-429d-8e6f-4a12bc5529b2;459.24;1.49;BUY
2016-04-30T00:07:01.342594;2016-04-30T00:07:01.436767;7ff5b4af-18d2-4538-85f9-adb8281a964f;459.25;0.0114;BUY
2016-04-30T00:07:01.342766;2016-04-30T00:07:01.436767;b39a74e3-cb34-416d-b9ce-f64573448d41;459.25;0.03;BUY
2016-04-30T00:07:01.342948;2016-04-30T00:07:01.452391;a9d2b9f9-4277-4ac2-a80a-46d6cb212f57;459.25;1.46;BUY
2016-04-30T00:07:01.343156;2016-04-30T00:07:01.452391;b2b9c025-606e-49c3-8669-3ea289fe29ed;459.26;0.03;BUY
2016-04-30T00:07:01.343339;2016-04-30T00:07:01.452391;14382030-c6b3-41ea-b208-5f98f4a8f84b;459.26;0.96;BUY
2016-04-30T00:07:01.343521;2016-04-30T00:07:01.452391;bcfac6ec-c448-495b-b1df-dc4c5d7ff3fd;459.27;0.03;BUY
2016-04-30T00:07:01.343707;2016-04-30T00:07:01.468019;04985e53-44ca-42fc-846b-6a4c280ba51c;459.28;1.77282;BUY
2016-04-30T00:07:31.521229;2016-04-30T00:07:31.577412;0f93ec69-8de6-4bb3-900c-324e872b35cd;459.28;0.01;BUY
2016-04-30T00:07:31.521521;2016-04-30T00:07:31.577412;5d6abcf6-f7ab-4686-979e-3425319a4c1b;459.29;1.472;BUY
2016-04-30T00:08:01.437535;2016-04-30T00:08:01.483679;af995a12-4f18-4331-a50e-ac0739e94d76;459.28;0.74902;BUY
2016-04-30T00:08:36.163497;2016-04-30T00:08:36.202445;5dd3d8f0-add9-41b5-ad9c-87004cd7a559;459.29;0.14156;BUY
2016-04-30T00:08:56.495181;2016-04-30T00:08:56.530580;763bc065-6c05-4431-9a46-c2956f3ea9cd;459.29;0.01;BUY
2016-04-30T00:09:01.699358;2016-04-30T00:09:01.733703;d6bb6fdf-199c-4b69-83f2-c6ac7b602d1e;459.29;0.60577;BUY
2016-04-30T00:09:31.494428;2016-04-30T00:09:31.546220;471b4f35-ea28-4355-97f1-3c85147fe602;459.16;2.02;SELL
2016-04-30T00:09:31.494686;2016-04-30T00:09:31.546220;080a0191-de50-43cb-833b-430715164689;459.15;0.22;SELL
2016-04-30T00:09:31.494936;2016-04-30T00:09:31.561844;dcfcfc71-3c38-497b-8d57-096b3d8b3bc0;459.15;0.146;SELL
2016-04-30T00:09:31.495167;2016-04-30T00:09:31.561844;f1b04482-f88a-4739-af4e-fb58dde05f0c;459.14;0.01;SELL
2016-04-30T00:09:31.495363;2016-04-30T00:09:31.577468;cb338909-9081-42a4-8397-573d61b5fa10;459.14;0.33;SELL
2016-04-30T00:09:31.495544;2016-04-30T00:09:31.577468;ca95c987-1b97-4f78-9f30-c6c53d74acb3;459.13;0.01;SELL
2016-04-30T00:09:31.495769;2016-04-30T00:09:31.577468;2d2bb1aa-ff1c-4921-bc61-30e5fe8867a5;459.13;0.33;SELL
2016-04-30T00:09:31.495995;2016-04-30T00:09:31.577468;ce9d0fbe-4ee4-4068-8df2-530fb559914c;459.12;0.01;SELL
2016-04-30T00:09:31.496192;2016-04-30T00:09:31.608720;25eac616-3542-4f3e-bd4d-0ac9647de576;459.12;0.3;SELL
2016-04-30T00:09:31.496372;2016-04-30T00:09:31.608720;6be0ac1d-19fa-45f1-9e64-26e211f6f3ac;459.11;0.01;SELL
2016-04-30T00:09:31.496569;2016-04-30T00:09:31.608720;e12b8f0b-3647-447d-89ac-b4aeaaaf522e;459.11;0.37;SELL
2016-04-30T00:09:31.496740;2016-04-30T00:09:31.624347;c3073b13-367b-4de5-b437-91b15f04ab4e;459.1;0.01;SELL
2016-04-30T00:09:31.496938;2016-04-30T00:09:31.624347;220937a6-d539-4880-b507-3893dffe1f2b;459.1;0.01;SELL
2016-04-30T00:09:31.497161;2016-04-30T00:09:31.624347;b7ba049d-825a-4ef2-8b60-364332b7848c;459.1;0.36;SELL
2016-04-30T00:09:31.497332;2016-04-30T00:09:31.624347;45e31455-6394-4a35-abf8-475c70763b0f;459.09;0.01;SELL
2016-04-30T00:09:31.497499;2016-04-30T00:09:31.624347;25cca776-1adc-4923-a79b-8a05a10385b7;459.09;0.20814;SELL
2016-04-30T00:10:01.732515;2016-04-30T00:10:01.780611;f96ceb2b-0eff-483a-9f05-00c202bf1d4f;459.27;0.03;BUY
2016-04-30T00:10:01.732815;2016-04-30T00:10:01.780611;81be87e1-8930-4a58-b08c-f5ecb0d678fd;459.28;0.03;BUY
2016-04-30T00:10:01.733047;2016-04-30T00:10:01.796234;b3108dcf-b973-4ee2-bd8f-668f2b8f2097;459.29;2.70658;BUY
2016-04-30T00:10:32.555003;2016-04-30T00:10:32.608750;dcff4f23-5d3b-400d-a5ea-8fd7bd3d74b8;459.28;0.01;BUY
2016-04-30T00:10:32.555279;2016-04-30T00:10:32.608750;f77bebb9-22ef-4d5c-b856-cd4edc762fc5;459.29;0.10627;BUY
2016-04-30T00:11:01.537489;2016-04-30T00:11:01.577519;0e9f6f6e-3b1e-41c4-8c77-1dac04485b03;459.29;3.77691;BUY
2016-04-30T00:11:31.505911;2016-04-30T00:11:31.530662;0ade0438-ce12-4076-92cb-b76bb4252e0f;459.29;0.07346;BUY
2016-04-30T00:11:47.825099;2016-04-30T00:11:47.858792;2b8f1df7-07b9-4aac-9579-3bef800d21bd;459.28;0.23;SELL
2016-04-30T00:11:47.825379;2016-04-30T00:11:47.874414;cd5e8398-0bef-40f7-8d88-dc4472370dc2;459.28;0.336;SELL
2016-04-30T00:11:47.825636;2016-04-30T00:11:47.874414;50a7a7d9-2044-4324-96f4-3988139051c0;459.27;1.022;SELL
2016-04-30T00:11:47.825832;2016-04-30T00:11:47.874414;30f9ed9e-8996-4593-831d-0c5e4299473b;459.2;0.33;SELL
2016-04-30T00:11:47.826063;2016-04-30T00:11:47.890040;f1420be3-74ef-4302-9b9b-f5195eab4284;459.18;0.01;SELL
2016-04-30T00:11:47.826234;2016-04-30T00:11:47.890040;97bc7625-6b80-47f4-9638-77f5456b36bd;459.18;0.894;SELL
2016-04-30T00:12:01.507131;2016-04-30T00:12:01.546299;80282358-073f-47dd-a66c-7b1235fd1c55;459.26;0.01;BUY
2016-04-30T00:12:01.507645;2016-04-30T00:12:01.561921;43a5d50c-6b23-41fe-8f6b-d69e5950c065;459.28;0.0606;BUY
2016-04-30T00:12:01.507862;2016-04-30T00:12:01.561921;6a64f6db-2ada-4ae1-b3b4-12f39c770754;459.29;0.76829;BUY
2016-04-30T00:12:32.190819;2016-04-30T00:12:32.233822;db95aeb5-5b55-4d24-b85b-8797f829468c;459.19;0.011;SELL
2016-04-30T00:12:32.191147;2016-04-30T00:12:32.249442;5461db1c-70e4-4ab4-b468-de4accd4a8d2;459.19;0.1;SELL
2016-04-30T00:12:32.191590;2016-04-30T00:12:32.249442;2cdf7a8b-d04e-4fc5-b472-13acd17d4ff6;459.18;0.106;SELL
2016-04-30T00:12:32.191807;2016-04-30T00:12:32.249442;b93e1c98-c2d6-4604-b4c8-ebec3eeb8222;459.17;0.01;SELL
2016-04-30T00:12:32.192057;2016-04-30T00:12:32.249442;567102eb-3d16-499b-8943-4fee9db6adf0;459.16;0.01;SELL
2016-04-30T00:12:32.192271;2016-04-30T00:12:32.265061;d36f3234-c01f-4fd2-9841-465abaebe456;459.15;0.01;SELL
2016-04-30T00:12:32.192795;2016-04-30T00:12:32.265061;f322856a-3265-4e61-bc94-ce1f19a2661b;459.14;0.01;SELL
2016-04-30T00:12:32.193057;2016-04-30T00:12:32.265061;2390c11e-8f10-4ba7-8bc9-2c9ba453694c;459.13;0.01;SELL
2016-04-30T00:12:32.193276;2016-04-30T00:12:32.280691;ca68e10a-c4e3-4fee-8ba1-b2978b3932b4;459.11;0.108;SELL
2016-04-30T00:12:32.193640;2016-04-30T00:12:32.280691;9f0169f7-fe88-43e7-abac-65250e3b75af;459.1;0.01;SELL
2016-04-30T00:12:32.193835;2016-04-30T00:12:32.280691;ddfc2d2b-0043-4551-8bea-21558e1db6eb;459.08;0.01;SELL
2016-04-30T00:12:32.194061;2016-04-30T00:12:32.296317;cb53c160-666d-470b-bb72-e349b77e1143;459.08;0.22;SELL
2016-04-30T00:12:32.194265;2016-04-30T00:12:32.327567;6dcef7b7-5df8-472e-b370-6358c4511a55;459.07;0.01;SELL
2016-04-30T00:12:32.194781;2016-04-30T00:12:32.327567;f38f9f5c-033c-428b-8eec-b6b955654e37;459.06;0.01;SELL
2016-04-30T00:12:32.195021;2016-04-30T00:12:32.327567;6ff787e5-2923-449c-a0e4-7c4254462587;459.05;0.01;SELL
2016-04-30T00:12:32.195234;2016-04-30T00:12:32.327567;b4402848-dd1a-47f4-9c53-bca0efb77884;459.04;0.01;SELL
2016-04-30T00:12:32.195422;2016-04-30T00:12:32.327567;443dcfad-c6df-4dd9-94c1-868bb64feeee;459.03;0.01;SELL
2016-04-30T00:12:32.195650;2016-04-30T00:12:32.327567;7c4d6ff3-b4b6-45e8-89fa-5e49d36dde42;459.03;0.103;SELL
2016-04-30T00:12:32.196114;2016-04-30T00:12:32.343191;46d75c87-3c6b-444f-aed0-8e8e893a406f;459.02;0.01;SELL
2016-04-30T00:12:32.196328;2016-04-30T00:12:32.343191;0b1804ab-ebda-42a5-b008-4064ef8fb9c2;459.01;0.01;SELL
2016-04-30T00:12:32.196532;2016-04-30T00:12:32.343191;245731b1-9dee-45c2-ac6b-dee9ebbdbc51;459.0;0.01;SELL
2016-04-30T00:12:32.196765;2016-04-30T00:12:32.343191;36ba6158-6ad4-4557-9814-f7ba2bde6937;459.0;0.0115;SELL
2016-04-30T00:12:32.197179;2016-04-30T00:12:32.358812;9ebe5b76-a911-42a7-bf62-a4f8c1c9e2b6;458.99;0.01;SELL
2016-04-30T00:12:32.197397;2016-04-30T00:12:32.358812;c931a19c-a9fb-43f1-9cf2-0d16bd0c876a;458.97;0.2;SELL
2016-04-30T00:12:32.197619;2016-04-30T00:12:32.358812;2d8fe308-8662-4d50-adcc-0587f4e1d334;458.95;0.093;SELL
2016-04-30T00:12:32.197924;2016-04-30T00:12:32.358812;21a42970-6117-4b3c-adfd-0b0139be9c4a;458.94;0.01;SELL
2016-04-30T00:12:32.198159;2016-04-30T00:12:32.374442;f59c9820-24f0-4050-99b6-bc1ff002d782;458.94;0.01;SELL
2016-04-30T00:12:32.198362;2016-04-30T00:12:32.374442;d6625436-0f9b-47f1-9d8b-370210b8fe3a;458.93;0.01;SELL
2016-04-30T00:12:32.198557;2016-04-30T00:12:32.374442;cd0a86dc-5827-47c6-8a4a-0525c04de3a3;458.92;0.01;SELL
2016-04-30T00:12:32.198992;2016-04-30T00:12:32.374442;50e6d6fb-6fc4-4b70-bc5d-ab6a02214b5f;458.92;0.04059;SELL
2016-04-30T00:13:01.508395;2016-04-30T00:13:01.546328;d6a1d1f2-5a27-42ea-a346-5664399f1594;459.18;0.021;BUY
2016-04-30T00:13:01.508710;2016-04-30T00:13:01.546328;29b7c8ce-0d17-4749-88c4-4e69cf1df93d;459.19;0.03;BUY
2016-04-30T00:13:01.508953;2016-04-30T00:13:01.546328;2cec4dcd-a47d-4864-bcc1-33b3d0eeef1f;459.2;0.03;BUY
2016-04-30T00:13:01.509157;2016-04-30T00:13:01.546328;785f7e4b-add2-4f92-bbb5-aa14bcc66a18;459.21;0.03;BUY
2016-04-30T00:13:01.509321;2016-04-30T00:13:01.577581;49504fd2-13b6-438a-992e-ed775781303a;459.21;0.00361;BUY
2016-04-30T00:13:31.492441;2016-04-30T00:13:31.530716;716b11e9-4ee9-46cb-ae8d-a3e9996c15ce;459.01;0.021;SELL
2016-04-30T00:13:31.492742;2016-04-30T00:13:31.546342;ee9eb888-57ba-4a7c-bd97-9a67d3a77865;459.01;0.03607;SELL
2016-04-30T00:13:58.951580;2016-04-30T00:13:58.983855;a1a333d1-3317-4c19-abd5-8c70ea6d4f3d;459.02;0.625;SELL
2016-04-30T00:13:58.951823;2016-04-30T00:13:58.999480;debea455-0cf6-4976-9c1b-715adb812eb5;459.01;1.66621051;SELL
2016-04-30T00:14:03.296344;2016-04-30T00:14:03.343234;fbeb9cde-50bb-4a71-b33e-36e9008ab90b;459.23;0.021;BUY
2016-04-30T00:14:03.296818;2016-04-30T00:14:03.343234;20d6ae10-f31d-4abf-8553-483670a74ab6;459.25;0.0114;BUY
2016-04-30T00:14:03.297098;2016-04-30T00:14:03.343234;e6868ac4-11ea-49d5-ab8b-dbcf3df337f7;459.26;0.01;BUY
2016-04-30T00:14:03.297294;2016-04-30T00:14:03.343234;7b5f9398-a142-40a1-a7fb-7e1a44c8630f;459.26;0.03;BUY
2016-04-30T00:14:03.297648;2016-04-30T00:14:03.358858;5a67dad2-7d74-4d49-a938-3db2dd7ccafe;459.26;0.03;BUY
2016-04-30T00:14:03.297850;2016-04-30T00:14:03.358858;d195226c-1bc0-4624-9421-47f2467dea23;459.26;0.03;BUY
2016-04-30T00:14:03.298065;2016-04-30T00:14:03.374484;67fb29d2-75a4-4c17-b472-bef0dcedbfff;459.29;0.38273;BUY
2016-04-30T00:14:31.495959;2016-04-30T00:14:31.530751;018a4b33-136f-4ce5-8b57-30986df009ed;459.11;0.222;SELL
2016-04-30T00:14:31.496282;2016-04-30T00:14:31.546373;28b70b94-fc3b-4d90-99b1-0a9ef08bde17;459.11;0.24;SELL
2016-04-30T00:14:31.496496;2016-04-30T00:14:31.561997;3e6ebeb1-c342-4592-b1bf-26e504f0ea1a;459.1;0.021;SELL
2016-04-30T00:14:31.496672;2016-04-30T00:14:31.561997;20316e50-74ce-42c3-83c2-2863a178fe00;459.1;0.089;SELL
2016-04-30T00:14:31.496894;2016-04-30T00:14:31.561997;02786a6c-27fc-464b-9a85-fcedd7206801;459.1;0.21;SELL
2016-04-30T00:14:31.497103;2016-04-30T00:14:31.561997;2f78312f-c5c2-4a9b-92d4-e3dd49a58aad;459.09;0.03;SELL
2016-04-30T00:14:31.497310;2016-04-30T00:14:31.561997;5c2e90e2-2db9-4a4a-b37b-498043bced9e;459.09;0.4;SELL
2016-04-30T00:14:31.497498;2016-04-30T00:14:31.577622;4765848f-adeb-43e5-842e-238861965011;459.08;0.03;SELL
2016-04-30T00:14:31.497689;2016-04-30T00:14:31.577622;67fe1a79-9d4b-4610-97ec-36529d6a5785;459.08;0.45;SELL
2016-04-30T00:14:31.497901;2016-04-30T00:14:31.577622;a8ca632b-8e61-4333-84c7-35776ac4d246;459.07;0.03;SELL
2016-04-30T00:14:31.498093;2016-04-30T00:14:31.577622;bd1edc8a-7f91-492d-899a-5d9d19600789;459.04;0.15536;SELL
2016-04-30T00:15:01.505154;2016-04-30T00:15:01.530767;5d044afd-f372-427a-be8b-c14cc151a51f;459.25;0.021;BUY
2016-04-30T00:15:01.505444;2016-04-30T00:15:01.546387;f8edf13b-545d-4ff6-b914-ef12058330e0;459.26;0.03;BUY
2016-04-30T00:15:01.505685;2016-04-30T00:15:01.546387;700d3acb-91dc-4bb8-95d6-0765f92017bd;459.27;0.03;BUY
2016-04-30T00:15:01.505905;2016-04-30T00:15:01.546387;731fe119-c604-4e8c-a6bd-0a052f6714ce;459.28;0.03;BUY
2016-04-30T00:15:01.506102;2016-04-30T00:15:01.546387;ea21716d-793b-475c-acfe-a77485fd7100;459.29;1.84623;BUY
2016-04-30T00:15:11.688622;2016-04-30T00:15:11.718276;e47287cf-7dab-4697-b77d-de0ed8da063c;459.29;0.1;BUY
2016-04-30T00:15:32.610695;2016-04-30T00:15:32.640155;8ee112d6-a388-4095-9fb5-4f24ccd32e7c;459.28;0.419;BUY
2016-04-30T00:15:32.610959;2016-04-30T00:15:32.655780;9ac57aed-bd70-410d-9a5d-b8ce7e673261;459.29;1.83078;BUY
2016-04-30T00:16:01.621849;2016-04-30T00:16:01.655792;b942e0c4-8e2f-4a65-a641-7175af9473bf;459.11;0.021;SELL
2016-04-30T00:16:01.622162;2016-04-30T00:16:01.671418;dbf71413-0750-4145-9ce9-a2024d83ebc9;459.11;0.117;SELL
2016-04-30T00:16:01.622396;2016-04-30T00:16:01.671418;7280bf07-6b8e-4941-9e70-081c0079214d;459.1;0.03;SELL
2016-04-30T00:16:01.622586;2016-04-30T00:16:01.671418;1586ceb3-bb0b-4f8c-b2e2-ae7be72f21aa;459.09;0.03;SELL
2016-04-30T00:16:01.622799;2016-04-30T00:16:01.671418;50a3f2ac-82d5-49b4-8923-64ab5bd63090;459.08;0.03;SELL
2016-04-30T00:16:01.623019;2016-04-30T00:16:01.687044;dd2db301-5d59-4630-bc14-a640408d0d1e;459.04;2.27;SELL
2016-04-30T00:16:01.623210;2016-04-30T00:16:01.687044;105f1398-c014-4c08-8fdb-e23daa337ff2;459.03;0.01;SELL
2016-04-30T00:16:01.623396;2016-04-30T00:16:01.687044;85004148-b887-4b95-be8e-8c5c4170322b;459.03;0.102;SELL
2016-04-30T00:16:01.623582;2016-04-30T00:16:01.687044;56555930-d743-480b-a4b6-cd2062ffe96e;459.01;1.87;SELL
2016-04-30T00:16:01.623770;2016-04-30T00:16:01.687044;1199dd58-4d6f-40bf-99ef-1ce2faba6773;459.0;0.03;SELL
2016-04-30T00:16:01.623944;2016-04-30T00:16:01.702668;c91dd823-14f0-4242-bffc-016beccf2f89;459.0;0.0115;SELL
2016-04-30T00:16:01.624135;2016-04-30T00:16:01.702668;c0712af3-3e8c-4fa0-9158-73295eba0218;459.0;0.37925;SELL
2016-04-30T00:16:31.655488;2016-04-30T00:16:31.703305;08f5d103-3dc1-44fe-b4e4-52bb34206cef;459.23;0.021;BUY
2016-04-30T00:16:31.655764;2016-04-30T00:16:31.718931;90f185c9-42d8-4cdd-bdc0-d13e96470e5b;459.24;0.03;BUY
2016-04-30T00:16:31.656001;2016-04-30T00:16:31.718931;b442e611-14ba-4e71-8ffb-6f67ef771b33;459.25;0.03;BUY
2016-04-30T00:16:31.656201;2016-04-30T00:16:31.718931;737aafc2-36a1-4d45-83be-4cb040a890a1;459.25;0.0115;BUY
2016-04-30T00:16:31.656398;2016-04-30T00:16:31.734555;cf0b3fcb-265a-48b1-a062-78cd128430c4;459.26;0.03;BUY
2016-04-30T00:16:31.656593;2016-04-30T00:16:31.734555;d9b5c91c-ea77-4117-a2f6-ed69ae0ef62a;459.27;0.03;BUY
2016-04-30T00:16:31.656781;2016-04-30T00:16:31.734555;7f5de95d-5a98-4829-9f68-fb556076af10;459.27;0.22;BUY
2016-04-30T00:16:31.656954;2016-04-30T00:16:31.750181;50ce03f9-1a18-4059-8655-f10ff8411685;459.28;0.79144;BUY
2016-04-30T00:17:03.958951;2016-04-30T00:17:04.031450;f25d15fa-5616-4cd8-b0d1-18e0d69cf7ba;459.06;0.021;SELL
2016-04-30T00:17:03.959254;2016-04-30T00:17:04.047071;0e05f292-b260-42db-86e4-ef09ac8c7cba;459.06;0.08;SELL
2016-04-30T00:17:03.959504;2016-04-30T00:17:04.047071;a3d067f2-1c6c-4889-8631-2479b9160737;459.05;0.03;SELL
2016-04-30T00:17:03.959715;2016-04-30T00:17:04.047071;2e80b863-929d-4e0f-a947-5b7c1014b00d;459.04;0.03;SELL
2016-04-30T00:17:03.959932;2016-04-30T00:17:04.047071;f606005f-85ab-4eae-951b-99bc60d04823;459.03;0.03;SELL
2016-04-30T00:17:03.960134;2016-04-30T00:17:04.062696;4c3766df-252a-4d73-95f6-4acb9cf95367;459.02;0.03;SELL
2016-04-30T00:17:03.960322;2016-04-30T00:17:04.062696;064d3ab4-939b-479c-bf61-0b4598599e02;459.02;0.22;SELL
2016-04-30T00:17:03.960508;2016-04-30T00:17:04.062696;ffb8f222-d05f-433d-8070-fb2ed4354716;459.0;0.0115;SELL
2016-04-30T00:17:03.960695;2016-04-30T00:17:04.078322;55faaf62-833b-4489-b65a-3acbc14f916c;458.99;0.03;SELL
2016-04-30T00:17:03.960887;2016-04-30T00:17:04.078322;56af3322-a44b-434d-b774-4b1135531600;458.98;0.03;SELL
2016-04-30T00:17:03.961109;2016-04-30T00:17:04.078322;6a03e8e2-2767-4e4d-a79d-fe2eb026b990;458.98;0.106;SELL
2016-04-30T00:17:03.961284;2016-04-30T00:17:04.078322;5585b6ef-6895-444e-804e-9decd78acf26;458.91;0.006;SELL
2016-04-30T00:17:03.961465;2016-04-30T00:17:04.093948;48e0999f-4ff1-4ad3-8788-7d3e85c70cfd;458.91;0.01;SELL
2016-04-30T00:17:03.961637;2016-04-30T00:17:04.093948;8e07dee0-fc40-433d-bab0-e82201f00b77;458.9;0.01;SELL
2016-04-30T00:17:03.961826;2016-04-30T00:17:04.093948;829c3f44-05e8-48eb-881a-666a5697607f;458.9;0.01;SELL
2016-04-30T00:17:03.962046;2016-04-30T00:17:04.093948;1b727dbc-62d0-4726-be1f-99c7c8643da6;458.89;0.01;SELL
2016-04-30T00:17:03.962232;2016-04-30T00:17:04.125196;d1c53783-c5f8-4344-b588-390e09cb88b7;458.89;0.01;SELL
2016-04-30T00:17:03.962406;2016-04-30T00:17:04.125196;124e0eae-f39f-446d-9b01-9ff7ecfceb77;458.89;0.01;SELL
2016-04-30T00:17:03.962575;2016-04-30T00:17:04.125196;79df9a0a-21df-4671-86a2-6a3442b4db72;458.89;0.01;SELL
2016-04-30T00:17:03.962763;2016-04-30T00:17:04.125196;744cc2fd-ce44-425f-a537-ad7eb44218db;458.89;0.2;SELL
2016-04-30T00:17:03.962959;2016-04-30T00:17:04.140822;edf530f0-39ab-47fb-a835-206839103776;458.88;0.01;SELL
2016-04-30T00:17:03.963159;2016-04-30T00:17:04.140822;05555c12-bd6d-4a88-89d3-6897321845cd;458.88;0.01;SELL
2016-04-30T00:17:03.963342;2016-04-30T00:17:04.140822;ad94a7f8-d60c-4934-b744-419bbe08549d;458.88;0.01;SELL
2016-04-30T00:17:03.963513;2016-04-30T00:17:04.156447;2c09d37b-f6d8-4cbf-b2dd-3d249f13b350;458.88;0.01;SELL
2016-04-30T00:17:03.963699;2016-04-30T00:17:04.156447;f8302e73-7e58-408b-a839-77ff365a1e29;458.88;0.18;SELL
2016-04-30T00:17:03.963869;2016-04-30T00:17:04.156447;fd42a969-1cad-4b2f-a586-230dd9e391ca;458.87;0.01;SELL
2016-04-30T00:17:03.964089;2016-04-30T00:17:04.156447;a57323d6-438a-41ab-871e-7a239ca2e309;458.87;0.01;SELL
2016-04-30T00:17:03.964265;2016-04-30T00:17:04.172072;9c589bee-5ac7-4223-985a-9abe25465f7c;458.87;0.01;SELL
2016-04-30T00:17:03.964456;2016-04-30T00:17:04.172072;cea415ac-84ae-4f39-89fb-d3e20dac25d4;458.87;0.39;SELL
2016-04-30T00:17:03.964628;2016-04-30T00:17:04.172072;ff69df89-ac71-4109-b791-5d0232e1db63;458.86;0.01;SELL
2016-04-30T00:17:03.964800;2016-04-30T00:17:04.172072;e524d38e-49f9-4d3e-8080-ea07a360fa23;458.86;0.01;SELL
2016-04-30T00:17:03.965011;2016-04-30T00:17:04.172072;547afeb5-0d4d-4ea6-962b-54e373f7c176;458.86;1.0;SELL
2016-04-30T00:17:03.965208;2016-04-30T00:17:04.187697;e089125a-abbe-4ecb-aa7f-10f279f45434;458.85;0.01;SELL
2016-04-30T00:17:03.965378;2016-04-30T00:17:04.187697;b0c7bd1a-0a25-4042-a64e-8682f6266b6b;458.85;0.01;SELL
2016-04-30T00:17:03.965553;2016-04-30T00:17:04.187697;0207a7d8-1e4f-4ed2-9822-9a64b876e7c8;458.85;0.01;SELL
2016-04-30T00:17:03.965741;2016-04-30T00:17:04.187697;3a3ee23b-87a9-428c-8a10-8544f29f2bc5;458.85;0.01;SELL
2016-04-30T00:17:03.965939;2016-04-30T00:17:04.218947;1a1220f8-1072-4748-9448-983e63053da3;458.84;0.01;SELL
2016-04-30T00:17:03.966145;2016-04-30T00:17:04.218947;91d2aa82-c9ea-4918-830a-71c3305152ed;458.84;0.01;SELL
2016-04-30T00:17:03.966322;2016-04-30T00:17:04.218947;17c187cf-d190-465d-a154-d979a0fcc0f1;458.84;0.01;SELL
2016-04-30T00:17:03.966507;2016-04-30T00:17:04.234572;5a239c87-2d48-4261-bfe1-b07674373250;458.84;0.102;SELL
2016-04-30T00:17:03.966683;2016-04-30T00:17:04.234572;4010dc46-fbaa-4af3-87a9-e84657a9a4e0;458.83;0.01;SELL
2016-04-30T00:17:03.966852;2016-04-30T00:17:04.234572;ad25bf60-ff32-44c8-8e0d-6cee7ef212e9;458.83;0.01;SELL
2016-04-30T00:17:03.967058;2016-04-30T00:17:04.234572;7a2b0926-d36f-4914-ad44-55066623a7d3;458.83;0.01;SELL
2016-04-30T00:17:03.967248;2016-04-30T00:17:04.250197;66c39309-0b32-4992-83a0-fa09c840cf88;458.83;0.01;SELL
2016-04-30T00:17:03.967419;2016-04-30T00:17:04.250197;933ddbfe-8544-4295-8d62-189cdee50617;458.82;0.01;SELL
2016-04-30T00:17:03.967590;2016-04-30T00:17:04.250197;f9ffb37f-ee3d-49d3-980f-7dc0c14107de;458.82;0.01;SELL
2016-04-30T00:17:03.967758;2016-04-30T00:17:04.250197;a2f4ac7e-419d-4b8c-80e4-a5d5fdd51400;458.82;0.01;SELL
2016-04-30T00:17:03.967935;2016-04-30T00:17:04.265823;5ccb8c86-8f01-471d-8f39-ca81823a5829;458.82;0.01;SELL
2016-04-30T00:17:03.968138;2016-04-30T00:17:04.265823;e638bab3-a111-4b2d-99f3-55feb281ee66;458.82;0.01;SELL
2016-04-30T00:17:03.968322;2016-04-30T00:17:04.265823;9f48e4f1-2ebf-473b-9709-1080a844a01c;458.82;0.2;SELL
2016-04-30T00:17:03.968496;2016-04-30T00:17:04.265823;48d3bd28-bdc4-470c-817b-11344fa5e95e;458.81;0.01;SELL
2016-04-30T00:17:03.968662;2016-04-30T00:17:04.265823;787c5a1b-27a6-4d9b-81b4-2505e8b3e1cd;458.81;0.01;SELL
2016-04-30T00:17:03.968833;2016-04-30T00:17:04.281448;019405e2-c559-4ee4-9c96-5ca09598d9ab;458.81;0.01;SELL
2016-04-30T00:17:03.969038;2016-04-30T00:17:04.281448;da7cb05f-2ffa-4213-81d4-6a6137ba71f3;458.81;0.01;SELL
2016-04-30T00:17:03.969231;2016-04-30T00:17:04.281448;dfc4d0c8-5b33-49cd-aff5-9159bc963abb;458.81;0.38;SELL
2016-04-30T00:17:03.969402;2016-04-30T00:17:04.281448;a537f984-6130-42c0-9310-34d52b6af6fb;458.8;0.01;SELL
2016-04-30T00:17:03.969576;2016-04-30T00:17:04.281448;8398820c-cf8b-4b87-bc2f-33995ea2c3c6;458.8;0.01;SELL
2016-04-30T00:17:03.969743;2016-04-30T00:17:04.297072;053f86c2-ca45-4493-8997-9bc3925e5c74;458.8;0.01;SELL
2016-04-30T00:17:03.969911;2016-04-30T00:17:04.297072;6fe7e815-8e8d-427e-ae7e-83b920056a82;458.8;0.01;SELL
2016-04-30T00:17:03.970132;2016-04-30T00:17:04.297072;34558d38-dafa-4fba-9414-1d5e5c28ddb3;458.8;0.43;SELL
2016-04-30T00:17:03.970300;2016-04-30T00:17:04.328323;4240a91d-4812-4f18-b1d1-d25039778a9b;458.79;0.01;SELL
2016-04-30T00:17:03.970474;2016-04-30T00:17:04.328323;7a1f47f8-cf63-493d-ae7a-b1f7b2f476fc;458.79;0.01;SELL
2016-04-30T00:17:03.970647;2016-04-30T00:17:04.328323;d6297c39-ab7d-42ff-a280-31587a701344;458.79;0.01;SELL
2016-04-30T00:17:03.970830;2016-04-30T00:17:04.328323;e5ca930f-c1c8-445e-a38a-10567c3b6fbf;458.79;0.46;SELL
2016-04-30T00:17:03.971025;2016-04-30T00:17:04.343947;1c27ea2c-4ab7-4a19-af11-96e6c78e95e0;458.78;0.01;SELL
2016-04-30T00:17:03.971216;2016-04-30T00:17:04.343947;f98f8241-5b6a-4102-8655-455c53a1afc0;458.78;0.01;SELL
2016-04-30T00:17:03.971386;2016-04-30T00:17:04.343947;4c49a57e-d54b-4e96-9882-fdba76b55627;458.78;0.01;SELL
2016-04-30T00:17:03.971813;2016-04-30T00:17:04.343947;1a595890-8e48-4b15-afba-b2f2a5de68f2;458.78;0.42;SELL
2016-04-30T00:17:03.972020;2016-04-30T00:17:04.359572;f5623bd5-bfd1-441f-bda1-db0b0e25af31;458.77;0.01;SELL
2016-04-30T00:17:03.972203;2016-04-30T00:17:04.359572;fe16b25c-7bed-456d-8396-5090cd1c7dff;458.77;0.01;SELL
2016-04-30T00:17:03.972372;2016-04-30T00:17:04.359572;565bcd96-eb4f-48d1-8e5a-b599e08452e3;458.77;0.01;SELL
2016-04-30T00:17:03.972565;2016-04-30T00:17:04.359572;e1e4b656-b3a1-4a3d-8bfe-64c335a9d5a0;458.77;0.21;SELL
2016-04-30T00:17:03.972735;2016-04-30T00:17:04.359572;706d79ee-c742-4d37-b5b8-decfa5e61a70;458.76;0.01;SELL
2016-04-30T00:17:03.972905;2016-04-30T00:17:04.375197;043cea46-a586-4436-8b5b-3010a3b3a30b;458.76;0.105;SELL
2016-04-30T00:17:03.973124;2016-04-30T00:17:04.375197;aa1266e7-5121-49b1-a973-62453b497227;458.76;0.21;SELL
2016-04-30T00:17:03.973294;2016-04-30T00:17:04.375197;f9659fee-aa2a-4f0b-90b3-8487cfa10474;458.75;0.01;SELL
2016-04-30T00:17:03.973459;2016-04-30T00:17:04.390823;122db3c2-22bd-4e18-a160-59594d8f5c30;458.75;0.01;SELL
2016-04-30T00:17:03.973628;2016-04-30T00:17:04.390823;23a97391-cad6-47c0-a43b-22aae239d848;458.75;0.01;SELL
2016-04-30T00:17:03.973805;2016-04-30T00:17:04.390823;af82d4dd-d8fd-4162-a7dd-bbafe0a1dad9;458.75;0.01;SELL
2016-04-30T00:17:03.974002;2016-04-30T00:17:04.390823;350bbcc8-9ab6-4865-bfc8-7acf8f3b03c6;458.75;0.01;SELL
2016-04-30T00:17:03.974175;2016-04-30T00:17:04.406448;d751c036-c972-4255-8b8e-c67978e4b14b;458.75;0.05671;SELL
2016-04-30T00:17:33.848722;2016-04-30T00:17:33.906467;7ea66809-d740-430a-83a9-1c8d7720c019;458.87;0.28185;BUY
2016-04-30T00:18:01.464457;2016-04-30T00:18:01.515855;5c995b19-745c-419d-8601-b3f2a8ba45ca;458.87;0.12815;BUY
2016-04-30T00:18:01.464727;2016-04-30T00:18:01.531479;296780a3-9126-4436-870a-2fd3cbd4f67a;458.88;0.00132;BUY
2016-04-30T00:18:17.396419;2016-04-30T00:18:17.453358;91319783-ed14-4ffd-afb5-aadba628cfd4;458.85;0.0114;BUY
2016-04-30T00:18:17.396676;2016-04-30T00:18:17.453358;7a731bda-f57a-4937-9762-7b26b9786bbb;458.87;0.0286;BUY
2016-04-30T00:18:31.457368;2016-04-30T00:18:31.500244;edb4069e-06a0-439a-9608-c83e5503528a;458.88;0.00968;BUY
2016-04-30T00:18:31.457649;2016-04-30T00:18:31.515865;5ea1ff2b-c928-49f6-96b9-9afe27c2795d;458.89;0.02;BUY
2016-04-30T00:18:31.457845;2016-04-30T00:18:31.515865;c73651fa-4948-42ed-9482-117a5a689984;458.89;0.44429;BUY
2016-04-30T00:19:12.986588;2016-04-30T00:19:13.062766;a8f885b3-b6a2-4d40-89e2-cae9e23404cc;458.8;0.0115;SELL
2016-04-30T00:19:12.986881;2016-04-30T00:19:13.078388;660a7ebc-70a5-42c4-a580-b62cb863a333;458.8;0.087;SELL
2016-04-30T00:19:12.987713;2016-04-30T00:19:13.078388;b0240533-8c42-40fc-be80-817ddc4567b9;458.76;0.013;SELL
2016-04-30T00:19:12.987959;2016-04-30T00:19:13.078388;7d00172d-ec34-4202-95da-f7fb90edc224;458.75;0.02;SELL
2016-04-30T00:19:12.988171;2016-04-30T00:19:13.094013;a07b5ce8-006e-4eb6-a118-c75e802b1995;458.74;0.01;SELL
2016-04-30T00:19:12.988355;2016-04-30T00:19:13.094013;c4369c96-726a-4d81-8635-1e3989bc311c;458.74;0.01;SELL
2016-04-30T00:19:12.988573;2016-04-30T00:19:13.094013;a5420d7c-2fe0-4840-921c-2de8648a4b32;458.74;0.01;SELL
2016-04-30T00:19:12.988757;2016-04-30T00:19:13.109639;2c52fd98-d80d-4ff6-8bda-5f98c55e6298;458.73;0.01;SELL
2016-04-30T00:19:12.988935;2016-04-30T00:19:13.109639;f8540622-6aa0-470a-ab98-0726b17cee18;458.73;0.01;SELL
2016-04-30T00:19:12.989270;2016-04-30T00:19:13.109639;c2ded0e8-6b00-4372-a9f9-2ecbe2878047;458.73;0.01;SELL
2016-04-30T00:19:12.989470;2016-04-30T00:19:13.125263;11a358e3-3be5-43e8-98e0-a99407c3ee13;458.73;0.01;SELL
2016-04-30T00:19:12.989672;2016-04-30T00:19:13.140887;b434dffc-05e8-4390-bc2f-8f942b9f2b47;458.72;0.01;SELL
2016-04-30T00:19:12.989847;2016-04-30T00:19:13.140887;a2e5f9f9-e675-4764-ba58-692283e123c2;458.72;0.01;SELL
2016-04-30T00:19:12.990049;2016-04-30T00:19:13.140887;7b8c0687-e625-4b90-84eb-d5449c12a02c;458.72;0.01;SELL
2016-04-30T00:19:12.990232;2016-04-30T00:19:13.140887;0d4eeb4e-2fe8-4861-9bf4-06a3faf2039f;458.72;0.01;SELL
2016-04-30T00:19:12.990415;2016-04-30T00:19:13.156514;71b53ce9-6166-401a-96ef-2fb3a4b982f1;458.72;0.01;SELL
2016-04-30T00:19:12.990612;2016-04-30T00:19:13.156514;6bacba16-0c4a-4540-9f30-1ea9d5dfde8f;458.72;0.01;SELL
2016-04-30T00:19:12.990792;2016-04-30T00:19:13.156514;2b13f88f-0241-428a-a55f-cab9d3301380;458.72;0.094;SELL
2016-04-30T00:19:12.991025;2016-04-30T00:19:13.187763;a096bdb6-1f59-44a9-91b4-a28f505a7b27;458.72;0.22;SELL
2016-04-30T00:19:12.991237;2016-04-30T00:19:13.187763;6d48acc1-602b-404b-9bc2-c5eca50fa4ed;458.71;0.01;SELL
2016-04-30T00:19:12.991416;2016-04-30T00:19:13.203388;145b61de-286e-4693-bb4f-77b55b845e0e;458.71;0.01;SELL
2016-04-30T00:19:12.991635;2016-04-30T00:19:13.203388;f107acd4-33e6-4080-940f-3ff71a2e9dd1;458.71;0.01;SELL
2016-04-30T00:19:12.991820;2016-04-30T00:19:13.219013;a0790348-29d0-433c-9f74-259ebbc44ba1;458.7;0.01;SELL
2016-04-30T00:19:12.992016;2016-04-30T00:19:13.219013;453adbe7-edab-4c30-91b8-52c3b681f563;458.7;0.015;SELL
2016-04-30T00:19:12.992205;2016-04-30T00:19:13.219013;e6d7d132-0352-4976-abcf-81106e99b75a;458.7;0.015;SELL
2016-04-30T00:19:12.992389;2016-04-30T00:19:13.234638;ee2f812a-05d6-46d8-afad-5f07e5b451fd;458.7;0.01;SELL
2016-04-30T00:19:12.992571;2016-04-30T00:19:13.234638;4448ed0f-f5ce-4a48-9fa8-0c189f10b554;458.7;0.01;SELL
2016-04-30T00:19:12.992769;2016-04-30T00:19:13.234638;fc01e471-a61c-4d7f-a58b-0f38c1162d53;458.7;0.01;SELL
2016-04-30T00:19:12.992956;2016-04-30T00:19:13.234638;7537ab03-6895-4c49-9297-ecec231f216d;458.7;0.01;SELL
2016-04-30T00:19:12.993154;2016-04-30T00:19:13.234638;f55c2eb8-bbf0-4fc0-9b9d-9b765b65023b;458.7;0.25;SELL
2016-04-30T00:19:12.993331;2016-04-30T00:19:13.234638;f9cc8f78-83e3-4985-b2b5-d7b37e0dcf35;458.7;0.01;SELL
2016-04-30T00:19:12.993557;2016-04-30T00:19:13.250264;7c3c766d-f114-4612-87ab-d487f0e42a67;458.7;0.01;SELL
2016-04-30T00:19:12.993758;2016-04-30T00:19:13.250264;c3a994a4-5cb2-4d5f-bdc6-de18a42a138a;458.7;0.01;SELL
2016-04-30T00:19:12.993953;2016-04-30T00:19:13.250264;08fc0161-3fee-4af5-936b-2868367e6aa8;458.7;0.01;SELL
2016-04-30T00:19:12.994162;2016-04-30T00:19:13.250264;b5414474-8525-4e23-8cdf-b4d4519522c4;458.69;0.01;SELL
2016-04-30T00:19:12.994343;2016-04-30T00:19:13.265889;35d0e3d8-93eb-4323-bff8-f70ca44353d7;458.69;0.01;SELL
2016-04-30T00:19:12.994519;2016-04-30T00:19:13.265889;ad90b167-efa9-4c69-9be5-a715a436cead;458.69;0.01;SELL
2016-04-30T00:19:12.994722;2016-04-30T00:19:13.281514;2db77b2b-943e-46f1-8a34-c9e36a62ce66;458.69;0.01;SELL
2016-04-30T00:19:12.994911;2016-04-30T00:19:13.281514;a4e698b9-470b-4311-81af-a3cf895716df;458.69;0.01;SELL
2016-04-30T00:19:12.995143;2016-04-30T00:19:13.281514;5b4a082b-2201-45fa-9fce-f1e302bd3a06;458.68;0.01;SELL
2016-04-30T00:19:12.995344;2016-04-30T00:19:13.297140;21dc6518-6b50-4edf-bc14-8b27e561dc82;458.68;0.011;SELL
2016-04-30T00:19:12.995521;2016-04-30T00:19:13.312762;073b4266-3351-48e1-b9ef-183d02ade26d;458.68;0.01;SELL
2016-04-30T00:19:12.995729;2016-04-30T00:19:13.312762;dfe5bfbe-a358-4d8a-a0c7-8fdc87b26a1f;458.68;0.01;SELL
2016-04-30T00:19:12.995914;2016-04-30T00:19:13.312762;e957a16c-15d8-477e-8de2-cefb03943b57;458.67;0.01;SELL
2016-04-30T00:19:12.996117;2016-04-30T00:19:13.312762;d4d3af09-f852-46e2-81ba-0164c7f1b4b1;458.67;0.01;SELL
2016-04-30T00:19:12.996293;2016-04-30T00:19:13.312762;a9a81093-dedc-4284-8db8-385fca836f86;458.67;0.01;SELL
2016-04-30T00:19:12.996478;2016-04-30T00:19:13.328388;8abb76e6-7344-453d-a74e-d9af3ca7b692;458.67;0.01;SELL
2016-04-30T00:19:12.996679;2016-04-30T00:19:13.328388;6a21a7af-1481-4eed-a8a5-ab70fe9c09b3;458.67;0.01;SELL
2016-04-30T00:19:12.996874;2016-04-30T00:19:13.328388;f394761d-5673-4d89-b6a2-47ad4a94ca41;458.67;0.01;SELL
2016-04-30T00:19:12.997079;2016-04-30T00:19:13.328388;c284d561-3502-4d51-ac34-11accf6ac317;458.66;0.01;SELL
2016-04-30T00:19:12.997253;2016-04-30T00:19:13.344012;d68855e1-e634-41c6-94f3-90812dfdcd44;458.66;0.01;SELL
2016-04-30T00:19:12.997429;2016-04-30T00:19:13.344012;ae95b12f-1ff7-4e96-b3aa-a76460e8c5c2;458.66;0.025;SELL
2016-04-30T00:19:12.997628;2016-04-30T00:19:13.344012;415f79c2-663b-44d4-bc21-23c36c1e9c38;458.66;0.01;SELL
2016-04-30T00:19:12.997827;2016-04-30T00:19:13.359638;1fe89a57-b1ad-4619-ad79-87ad5cc50592;458.65;0.01;SELL
2016-04-30T00:19:12.998015;2016-04-30T00:19:13.359638;321641ab-1b55-45f0-99da-b3fed94f334e;458.65;0.01;SELL
2016-04-30T00:19:12.998199;2016-04-30T00:19:13.359638;a5df65c9-f650-48bc-adbb-a731b9a019f6;458.65;0.01;SELL
2016-04-30T00:19:12.998373;2016-04-30T00:19:13.359638;9a0dd9a2-5235-464f-8174-0a60e0a8df6d;458.65;0.01;SELL
2016-04-30T00:19:12.998560;2016-04-30T00:19:13.359638;54975d00-8c68-4d76-9905-1c72c5b1d724;458.65;0.01;SELL
2016-04-30T00:19:12.998762;2016-04-30T00:19:13.375263;99ec2ef3-caa2-4e8a-b17e-8d3d113f2a73;458.64;0.01;SELL
2016-04-30T00:19:12.998945;2016-04-30T00:19:13.375263;2ba67862-7627-4915-a18a-cd732224c587;458.64;0.019;SELL
2016-04-30T00:19:12.999149;2016-04-30T00:19:13.390888;38572dd6-ec5b-41d3-9207-27ee3c07af41;458.64;0.019;SELL
2016-04-30T00:19:12.999335;2016-04-30T00:19:13.390888;0b86c625-7c2d-4c9d-9035-3e2d401ed594;458.64;0.01;SELL
2016-04-30T00:19:12.999507;2016-04-30T00:19:13.390888;345a4767-53e6-4c50-b8f0-0a58f2c40356;458.64;0.01;SELL
2016-04-30T00:19:12.999684;2016-04-30T00:19:13.390888;3f4852ca-7525-4450-a402-cb1c91e10e89;458.64;0.01;SELL
2016-04-30T00:19:12.999898;2016-04-30T00:19:13.422139;4401e2e7-752c-4711-bb46-e61e5003aa12;458.64;0.072;SELL
2016-04-30T00:19:13.000105;2016-04-30T00:19:13.422139;d239922e-e526-4200-8ccf-4ca5ef31505b;458.63;0.025;SELL
2016-04-30T00:19:13.000281;2016-04-30T00:19:13.422139;de5f4a8f-4617-43ae-8b5d-d25cb1935e02;458.63;0.01;SELL
2016-04-30T00:19:13.000462;2016-04-30T00:19:13.422139;c138206f-9d12-47c7-bd91-c3918425437b;458.63;0.01;SELL
2016-04-30T00:19:13.000641;2016-04-30T00:19:13.422139;275ff7e8-dd4b-4b71-b8f7-a7cd3d5c1960;458.63;0.029;SELL
2016-04-30T00:19:13.000841;2016-04-30T00:19:13.437763;fc7bd3b6-36d6-4db2-b0d6-047914716b05;458.63;0.025;SELL
2016-04-30T00:19:13.001054;2016-04-30T00:19:13.437763;533f7638-0439-4812-90b1-fcc54259de66;458.63;0.01;SELL
2016-04-30T00:19:13.001277;2016-04-30T00:19:13.437763;bcbb9531-9721-4816-a851-e9617bd8f94e;458.63;0.01;SELL
2016-04-30T00:19:13.001454;2016-04-30T00:19:13.453388;bb3df4e7-bfc0-4cc3-9403-f0095d2f71e0;458.62;0.025;SELL
2016-04-30T00:19:13.001635;2016-04-30T00:19:13.453388;2fa79806-40fd-43fd-a565-348ca956c32a;458.62;0.018;SELL
2016-04-30T00:19:13.001832;2016-04-30T00:19:13.453388;04092179-e0f7-42ee-817c-755d02c5ad59;458.62;0.01;SELL
2016-04-30T00:19:13.002024;2016-04-30T00:19:13.469013;4656dbba-c512-4cab-bf2f-ad893f650591;458.62;0.026;SELL
2016-04-30T00:19:13.002209;2016-04-30T00:19:13.469013;4a62f7aa-c9b0-48ec-9c4a-58182698d243;458.62;0.017;SELL
2016-04-30T00:19:13.002394;2016-04-30T00:19:13.469013;42410a8c-9172-49a5-8243-cf653ab777e9;458.62;0.01;SELL
2016-04-30T00:19:13.002570;2016-04-30T00:19:13.484637;4f9afa50-d087-4375-9337-83a712702b2f;458.62;0.01;SELL
2016-04-30T00:19:13.002765;2016-04-30T00:19:13.484637;bf291f9a-231d-443f-a1d5-e14dcc886668;458.62;0.01;SELL
2016-04-30T00:19:13.002961;2016-04-30T00:19:13.484637;e20698ee-80ae-4b19-8260-1785846d5b53;458.62;0.01;SELL
2016-04-30T00:19:13.003160;2016-04-30T00:19:13.484637;0eeea4f1-91fe-4ce9-a0ac-a93a31ad2bca;458.61;0.026;SELL
2016-04-30T00:19:13.003338;2016-04-30T00:19:13.500263;fde3a387-3dec-4e13-9ecf-8f8b34ec775d;458.61;0.021;SELL
2016-04-30T00:19:13.003520;2016-04-30T00:19:13.500263;d6eab138-3919-48e7-af7f-d0c4da79cadf;458.61;0.01;SELL
2016-04-30T00:19:13.003695;2016-04-30T00:19:13.500263;ce4be790-46fa-4581-9b18-e5235bc36ff1;458.61;0.01;SELL
2016-04-30T00:19:13.003897;2016-04-30T00:19:13.500263;0eeae9c2-1085-4daa-b39e-0a0604c87630;458.61;0.01;SELL
2016-04-30T00:19:13.004099;2016-04-30T00:19:13.515889;d6db954f-cbed-4ce3-b607-1e1aa5d4e6c4;458.61;0.01;SELL
2016-04-30T00:19:13.004276;2016-04-30T00:19:13.515889;d8f79bf5-5339-494f-bdee-81d70aa7c501;458.61;0.018;SELL
2016-04-30T00:19:13.004451;2016-04-30T00:19:13.515889;d55ce594-96e6-4219-844c-8fe7e1bd9643;458.61;0.013;SELL
2016-04-30T00:19:13.004632;2016-04-30T00:19:13.531539;48b4a277-68ae-4cbb-8912-c714e114cbb9;458.61;0.01;SELL
2016-04-30T00:19:13.004826;2016-04-30T00:19:13.531539;fb72e408-6c81-4971-8927-304cadb8b920;458.61;0.01;SELL
2016-04-30T00:19:13.005029;2016-04-30T00:19:13.531539;8b6fe723-b7bb-4b6c-b455-d8aabe70759d;458.61;0.01;SELL
2016-04-30T00:19:13.005219;2016-04-30T00:19:13.531539;c95b31ad-6b35-47b0-b631-af4eee766ed5;458.61;0.01;SELL
2016-04-30T00:19:13.005391;2016-04-30T00:19:13.531539;2fad4bcb-73ad-41a7-a877-69f2638c06d1;458.61;0.01;SELL
2016-04-30T00:19:13.005581;2016-04-30T00:19:13.547139;af22e8b3-826f-43b0-bd4a-8aceb1ce37e4;458.61;0.01;SELL
2016-04-30T00:19:13.005766;2016-04-30T00:19:13.562763;3f15a14c-6c64-4647-bedb-4e073e1aa860;458.6;0.026;SELL
2016-04-30T00:19:13.005966;2016-04-30T00:19:13.562763;8a6cd02d-7356-4a3e-a3a0-6cb3a00b1879;458.6;0.012;SELL
2016-04-30T00:19:13.006196;2016-04-30T00:19:13.578388;5180eb46-ac50-41c5-abeb-af2b7395d259;458.6;0.017;SELL
2016-04-30T00:19:13.006375;2016-04-30T00:19:13.578388;d7fb906b-659b-41de-90ec-65b822724d97;458.6;0.01;SELL
2016-04-30T00:19:13.006552;2016-04-30T00:19:13.578388;807322aa-cb48-46e3-966d-8e961a66e66f;458.6;0.01;SELL
2016-04-30T00:19:13.006726;2016-04-30T00:19:13.578388;a7c79f87-f6bd-4e45-aaee-d89557ebcde9;458.6;0.01;SELL
2016-04-30T00:19:13.006942;2016-04-30T00:19:13.594014;bce52b27-bdce-42f4-a3db-473909355a19;458.6;0.01;SELL
2016-04-30T00:19:13.007153;2016-04-30T00:19:13.594014;0aa0087a-c1e3-4bd4-aa87-0034fc3696ed;458.59;0.027;SELL
2016-04-30T00:19:13.007331;2016-04-30T00:19:13.594014;addb6eba-88d9-415c-8bbd-a270ecaf13ae;458.59;0.021;SELL
2016-04-30T00:19:13.007505;2016-04-30T00:19:13.594014;18d2b5b2-0a57-4bca-b47b-261c5d27cdb3;458.59;0.01;SELL
2016-04-30T00:19:13.007681;2016-04-30T00:19:13.609638;0f85e0b8-56a3-4498-abdf-d1d8587cf453;458.59;0.017;SELL
2016-04-30T00:19:13.007875;2016-04-30T00:19:13.609638;c9f334ea-e666-4c05-a88a-60ac88237810;458.59;0.01;SELL
2016-04-30T00:19:13.008069;2016-04-30T00:19:13.609638;87d61d14-7a57-4d34-9151-6c4edb33e4de;458.59;0.01;SELL
2016-04-30T00:19:13.008274;2016-04-30T00:19:13.609638;56a0aaaf-9efd-4755-a365-af83cc2546d8;458.59;0.41;SELL
2016-04-30T00:19:13.008451;2016-04-30T00:19:13.625263;dd301214-bacf-48ab-a8ac-9473968b922a;458.58;0.027;SELL
2016-04-30T00:19:13.008626;2016-04-30T00:19:13.625263;a4e20720-7bd1-4f45-9be4-c0f5b51c72d7;458.58;0.017;SELL
2016-04-30T00:19:13.008800;2016-04-30T00:19:13.625263;b62652c2-89f4-440b-b33d-8d1a04db4cb8;458.58;0.01;SELL
2016-04-30T00:19:13.009013;2016-04-30T00:19:13.640889;4041c672-9e12-49f4-acb9-de62ed596300;458.58;0.01;SELL
2016-04-30T00:19:13.009203;2016-04-30T00:19:13.640889;56245ffc-fdfe-4b39-a49d-f25a691f5a42;458.58;0.01;SELL
2016-04-30T00:19:13.009388;2016-04-30T00:19:13.640889;b1065abc-c1d6-45b9-b461-f81356cb3cd8;458.58;0.01;SELL
2016-04-30T00:19:13.009566;2016-04-30T00:19:13.640889;627602f7-178c-4772-8cdf-9cd63c0ce7ed;458.58;0.01;SELL
2016-04-30T00:19:13.009740;2016-04-30T00:19:13.656513;c1677c31-4421-43ee-9a8d-5e02148ba1f1;458.58;0.2;SELL
2016-04-30T00:19:13.009919;2016-04-30T00:19:13.656513;3023e611-dbba-466f-bf9c-df0f9f51d11e;458.58;0.17318;SELL
2016-04-30T00:19:25.776812;2016-04-30T00:19:25.828394;d7ef3a1d-7bb8-485a-81f6-e7fbb3082ae3;458.89;0.09;BUY
2016-04-30T00:19:31.509216;2016-04-30T00:19:31.562772;35664b4b-4696-4577-bc31-992f29f1747d;458.58;0.24;SELL
2016-04-30T00:19:31.509512;2016-04-30T00:19:31.578398;20607b3e-5047-4778-8007-f859a109f9ad;458.57;0.028;SELL
2016-04-30T00:19:31.509721;2016-04-30T00:19:31.578398;ff3bf1d0-cec8-4f66-96eb-62a0a0bb4d82;458.57;0.016;SELL
2016-04-30T00:19:31.509906;2016-04-30T00:19:31.578398;22db8629-4357-4da8-8bae-c1cadda0986c;458.57;0.015;SELL
2016-04-30T00:19:31.510106;2016-04-30T00:19:31.594023;f7d4e5bc-bc6e-4545-950d-cbf6607e379c;458.57;0.01;SELL
2016-04-30T00:19:31.510283;2016-04-30T00:19:31.594023;13495bd1-8cc7-41e4-85c0-cbd594f1ab2a;458.57;0.022;SELL
2016-04-30T00:19:31.510473;2016-04-30T00:19:31.594023;91ba4b6d-1970-4f54-b7ae-5bd79ca2da82;458.57;0.011;SELL
2016-04-30T00:19:31.510658;2016-04-30T00:19:31.625273;3ffe7f46-f6e9-4e04-ad82-078ba49c9363;458.57;0.01;SELL
2016-04-30T00:19:31.510828;2016-04-30T00:19:31.625273;9d12bab5-7096-4ec5-b131-4abd0d29f343;458.57;0.01;SELL
2016-04-30T00:19:31.511023;2016-04-30T00:19:31.625273;afc554bd-4222-43e2-98b9-07123730128d;458.57;0.01;SELL
2016-04-30T00:19:31.511220;2016-04-30T00:19:31.625273;dfcaf641-f44c-4993-9b20-5ee36ccbd268;458.57;0.01;SELL
2016-04-30T00:19:31.511397;2016-04-30T00:19:31.625273;e7a7fb62-1881-4868-99cd-b2cd7339c238;458.56;0.029;SELL
2016-04-30T00:19:31.511592;2016-04-30T00:19:31.640899;b926f921-9bd6-4730-ab19-4b960b32567f;458.56;0.023;SELL
2016-04-30T00:19:31.511782;2016-04-30T00:19:31.656523;0124e030-dce0-4284-a72b-8af41a58cc42;458.56;0.012;SELL
2016-04-30T00:19:31.511954;2016-04-30T00:19:31.656523;dadc8ede-c7b3-43c6-9a75-b1a6977aa38a;458.56;0.01;SELL
2016-04-30T00:19:31.512163;2016-04-30T00:19:31.656523;78ad76a6-8b67-40e8-b1f9-007cc41f5891;458.56;0.01;SELL
2016-04-30T00:19:31.512337;2016-04-30T00:19:31.656523;bd2f36ac-914e-4a67-8cfc-e621c449c991;458.56;0.01;SELL
2016-04-30T00:19:31.512545;2016-04-30T00:19:31.656523;010a78c8-24be-4328-b925-e82cc9039cbb;458.56;0.01;SELL
2016-04-30T00:19:31.512731;2016-04-30T00:19:31.656523;27547aa3-5880-4629-8638-5cdae373ef39;458.56;0.01;SELL
2016-04-30T00:19:31.512936;2016-04-30T00:19:31.656523;559ce59b-e623-498a-8eb6-3d4f6d19cf29;458.56;0.2;SELL
2016-04-30T00:19:31.513134;2016-04-30T00:19:31.672149;de4db941-576e-4ef0-9b52-bf9f41a8aed5;458.55;0.029;SELL
2016-04-30T00:19:31.513312;2016-04-30T00:19:31.672149;56182ab4-9f15-4854-a35c-74b6df3b5a3f;458.55;0.01;SELL
2016-04-30T00:19:31.513485;2016-04-30T00:19:31.672149;bad6027d-3b54-4ccd-b9b9-ee37d432882a;458.55;0.01;SELL
2016-04-30T00:19:31.513682;2016-04-30T00:19:31.687771;d12cf008-81bf-40c1-82ed-442c33a67279;458.55;0.027;SELL
2016-04-30T00:19:31.513855;2016-04-30T00:19:31.687771;6445e832-fd76-4e53-a429-a0518efe604c;458.55;0.012;SELL
2016-04-30T00:19:31.514046;2016-04-30T00:19:31.687771;9aa361a4-b65d-4372-b023-36c8185b4ab3;458.55;0.01;SELL
2016-04-30T00:19:31.514230;2016-04-30T00:19:31.687771;14705b2d-473e-4902-94ce-f5f0c623e7c4;458.55;0.01;SELL
2016-04-30T00:19:31.514427;2016-04-30T00:19:31.703397;ab4ced74-02d6-46e6-853b-2bac0fb05ba8;458.55;0.5;SELL
2016-04-30T00:19:31.514620;2016-04-30T00:19:31.703397;2407fea6-a7e5-4359-a2cf-a5271c001eb1;458.54;0.03;SELL
2016-04-30T00:19:31.514793;2016-04-30T00:19:31.703397;e65fee4e-b0bc-42d2-a884-73fc6e1f08dd;458.54;0.015;SELL
2016-04-30T00:19:31.514969;2016-04-30T00:19:31.734647;24e1e645-8c3f-420f-ba7b-2d3af21460ce;458.54;0.01;SELL
2016-04-30T00:19:31.515163;2016-04-30T00:19:31.734647;dedd2996-32cd-49ca-999d-a9d16445c212;458.54;0.01;SELL
2016-04-30T00:19:31.515344;2016-04-30T00:19:31.734647;3ff49190-cc8e-4921-a477-ca19af9225c3;458.54;0.01;SELL
2016-04-30T00:19:31.515556;2016-04-30T00:19:31.750274;2f5900dc-8ac8-4ff8-93c0-b6b92f8cd45f;458.54;0.01;SELL
2016-04-30T00:19:31.515730;2016-04-30T00:19:31.750274;9cf61285-956c-4c0e-b48e-5686acd2d5cc;458.53;0.03;SELL
2016-04-30T00:19:31.515905;2016-04-30T00:19:31.750274;9443f901-a142-4edd-bbef-055e8f778428;458.53;0.01;SELL
2016-04-30T00:19:31.516102;2016-04-30T00:19:31.750274;97ef4eb7-f21b-4036-b370-5a5e5f85d4f7;458.53;0.01;SELL
2016-04-30T00:19:31.516275;2016-04-30T00:19:31.750274;7dd3c7a7-b947-42c6-8522-b60b4dd72b63;458.53;0.01;SELL
2016-04-30T00:19:31.516469;2016-04-30T00:19:31.765898;1bff7c8c-779d-4b99-bb86-377e48ec79bf;458.53;0.01;SELL
2016-04-30T00:19:31.516668;2016-04-30T00:19:31.765898;a61d21f8-8aa9-4226-82f4-162b02e8b6af;458.52;0.03;SELL
2016-04-30T00:19:31.516843;2016-04-30T00:19:31.765898;6b817499-ef24-4d4b-aeb3-737cb1e8088a;458.52;0.01;SELL
2016-04-30T00:19:31.517037;2016-04-30T00:19:31.765898;3e45e219-a1d9-4108-bdf4-7b1c02593fd8;458.52;0.024;SELL
2016-04-30T00:19:31.517218;2016-04-30T00:19:31.781525;b2c94d95-6948-4873-af78-67597a5131d4;458.52;0.023;SELL
2016-04-30T00:19:31.517389;2016-04-30T00:19:31.781525;0356a7a0-d145-4528-bd8f-dd2c3dfe8492;458.52;0.012;SELL
2016-04-30T00:19:31.517595;2016-04-30T00:19:31.781525;ffacc5f5-e738-42d3-b6c1-e28ae28ae29c;458.52;0.01;SELL
2016-04-30T00:19:31.517778;2016-04-30T00:19:31.781525;5f6ea583-98fe-4edd-be0e-e4ba0d92be86;458.52;0.01;SELL
2016-04-30T00:19:31.517954;2016-04-30T00:19:31.797146;c3608b5c-5e19-468c-88b0-868e79387b7c;458.52;0.01;SELL
2016-04-30T00:19:31.518167;2016-04-30T00:19:31.797146;3d092170-8d0d-475b-b134-731bfec8570d;458.52;0.45;SELL
2016-04-30T00:19:31.518343;2016-04-30T00:19:31.797146;1ba781b1-a9c7-44a5-b501-53d90df7c9c7;458.51;0.03;SELL
2016-04-30T00:19:31.518510;2016-04-30T00:19:31.797146;0c387934-42a5-42cb-a075-8ed2569bf959;458.51;0.024;SELL
2016-04-30T00:19:31.518712;2016-04-30T00:19:31.812772;6087906f-3232-4ff1-b9b6-e5d6c504db9c;458.51;0.01;SELL
2016-04-30T00:19:31.518888;2016-04-30T00:19:31.812772;864a9fda-418e-4dbd-b37f-a60ba8b8bc54;458.51;0.01;SELL
2016-04-30T00:19:31.519087;2016-04-30T00:19:31.812772;1db2a89e-7e8e-427e-b13c-ea5a2fefcf75;458.51;0.01;SELL
2016-04-30T00:19:31.519260;2016-04-30T00:19:31.828399;fc7b549a-076c-4fb5-a9b6-c68971227283;458.51;0.01;SELL
2016-04-30T00:19:31.519450;2016-04-30T00:19:31.844022;c733b5ac-950a-4ad1-8f7a-8dbd064fc29e;458.51;0.42;SELL
2016-04-30T00:19:31.519642;2016-04-30T00:19:31.844022;1f87449e-9830-4283-b58b-54054ca8d351;458.5;0.03;SELL
2016-04-30T00:19:31.519829;2016-04-30T00:19:31.844022;fd1467d3-6574-465f-89aa-e83eb9903759;458.5;0.03;SELL
2016-04-30T00:19:31.520025;2016-04-30T00:19:31.844022;ddc75346-70b9-4c17-9af2-359919ec345e;458.5;0.01;SELL
2016-04-30T00:19:31.520203;2016-04-30T00:19:31.859649;1c1bc26f-d388-40c6-b179-799e1315f1d5;458.5;0.01;SELL
2016-04-30T00:19:31.520374;2016-04-30T00:19:31.859649;e9f5c4af-c725-4900-85c8-8fe1b29878fc;458.5;0.01;SELL
2016-04-30T00:19:31.520545;2016-04-30T00:19:31.859649;80d78c2d-02cf-4ec7-a2c2-f04721c8f984;458.5;0.01;SELL
2016-04-30T00:19:31.520737;2016-04-30T00:19:31.859649;8e5b4463-ea59-40c6-8c79-083ce4fa3574;458.5;0.01;SELL
2016-04-30T00:19:31.520910;2016-04-30T00:19:31.875273;03785010-cfcb-4ac0-acbe-7ae1a949f5bd;458.5;0.01;SELL
2016-04-30T00:19:31.521135;2016-04-30T00:19:31.875273;d51caca1-c0dc-47c7-895f-f7c271802f4e;458.5;0.01;SELL
2016-04-30T00:19:31.521313;2016-04-30T00:19:31.875273;68acf48b-eb7d-4b18-bc04-8646617f42b5;458.5;0.01;SELL
2016-04-30T00:19:31.521482;2016-04-30T00:19:31.875273;74afb2b1-8496-427f-af31-47b6860977b8;458.5;0.01;SELL
2016-04-30T00:19:31.521659;2016-04-30T00:19:31.890900;6ab74990-7ec7-4f5d-9424-e22c2f860af4;458.5;0.1484;SELL
2016-04-30T00:19:57.454619;2016-04-30T00:19:57.500286;9c39f08d-8b44-4ded-b7e4-7d14e5eb33c3;458.55;0.03;BUY
2016-04-30T00:19:57.454910;2016-04-30T00:19:57.515909;20cef4ce-c4c2-46b0-9269-8a07b9ae5014;458.56;0.03;BUY
2016-04-30T00:19:57.455173;2016-04-30T00:19:57.515909;172e76f4-9107-4645-87ff-f2eedaf23e42;458.57;0.03;BUY
2016-04-30T00:19:57.455329;2016-04-30T00:19:57.515909;03a9b712-ae7f-4f14-9d16-68c950f71a18;458.58;0.02;BUY
2016-04-30T00:20:02.096111;2016-04-30T00:20:02.140914;5e051ddd-9c16-4c78-9f57-616d89f78beb;458.49;0.03;SELL
2016-04-30T00:20:02.096395;2016-04-30T00:20:02.156538;50fa46bb-d9d2-4147-a227-996694fc86af;458.49;0.019;SELL
2016-04-30T00:20:02.096596;2016-04-30T00:20:02.156538;0510befa-aee2-4856-9365-489823d9ab03;458.49;0.00372;SELL
2016-04-30T00:20:30.320117;2016-04-30T00:20:30.390926;603fe213-d93c-413e-a9fd-5fe14fbdfe70;458.56;0.02472;BUY
2016-04-30T00:20:30.320429;2016-04-30T00:20:30.406552;2777fff7-de48-421b-b0f2-a2ef639184a3;458.57;0.03;BUY
2016-04-30T00:20:30.320657;2016-04-30T00:20:30.406552;892b6fe4-71ad-482a-8a65-360641e26442;458.58;0.01;BUY
2016-04-30T00:20:30.320868;2016-04-30T00:20:30.406552;ec045803-e685-4e86-bbb1-8a9d4a3afa8a;458.59;0.03;BUY
2016-04-30T00:20:30.321080;2016-04-30T00:20:30.422177;adbd0b0f-ba5a-4a32-b30a-b03c3b1b2893;458.6;0.03;BUY
2016-04-30T00:20:30.321287;2016-04-30T00:20:30.422177;91664a26-1c4c-4fc3-bddf-008bf4cdc1a9;458.61;0.03;BUY
2016-04-30T00:20:30.321473;2016-04-30T00:20:30.484676;bef1d4a1-ecbb-443f-9c7c-a4e2e6f1ecf2;458.61;0.03;BUY
2016-04-30T00:20:30.321660;2016-04-30T00:20:30.484676;d694b4e8-caf6-4d11-a7b8-1b619c84f899;458.62;0.03;BUY
2016-04-30T00:20:30.321851;2016-04-30T00:20:30.484676;0c4c9c84-e2c2-4304-990c-f887c7a9fb8c;458.63;0.03;BUY
2016-04-30T00:20:30.322045;2016-04-30T00:20:30.484676;6d101f5c-77f4-46fd-9d2a-a3a5629c6442;458.64;0.03;BUY
2016-04-30T00:20:30.322239;2016-04-30T00:20:30.484676;d07b3aa4-a488-45a4-be53-11f4b3bba0a5;458.64;0.03;BUY
2016-04-30T00:20:30.322420;2016-04-30T00:20:30.484676;d0690b03-3bdf-49f3-94ed-d7ad7c5c98da;458.64;0.03;BUY
2016-04-30T00:20:30.322606;2016-04-30T00:20:30.484676;a46831e9-1915-4860-954f-6d8d6056f818;458.64;0.03;BUY
2016-04-30T00:20:30.322779;2016-04-30T00:20:30.484676;d6b59b0d-06cb-4b7e-8795-c2f6d23dfa12;458.65;0.03;BUY
2016-04-30T00:20:30.322963;2016-04-30T00:20:30.484676;e024001b-8c02-4fa1-9568-592970b01bfa;458.65;0.03;BUY
2016-04-30T00:20:30.323160;2016-04-30T00:20:30.484676;1c5be26a-ebf5-4ee4-a967-8f8789cd9a80;458.66;0.03;BUY
2016-04-30T00:20:30.323355;2016-04-30T00:20:30.484676;bd902c0f-67dc-4b42-a02f-b032144f80b1;458.66;0.03;BUY
2016-04-30T00:20:30.323537;2016-04-30T00:20:30.484676;bd82b4b8-19ea-4da4-99a8-e00c9cf1da20;458.66;0.03;BUY
2016-04-30T00:20:30.323740;2016-04-30T00:20:30.484676;f6d29289-55f2-4f04-a1af-a588a40fb448;458.67;0.03;BUY
2016-04-30T00:20:30.323920;2016-04-30T00:20:30.484676;4a0bd39b-7d4f-488c-a88f-0d3c45ab0886;458.68;0.03;BUY
2016-04-30T00:20:30.324118;2016-04-30T00:20:30.500303;dbad1d6a-8ed5-4f88-bd39-35ee868b36b4;458.69;0.03;BUY
2016-04-30T00:20:30.324328;2016-04-30T00:20:30.500303;0179ed11-f5ee-4fc1-8914-1ba4ff5355e5;458.69;0.03;BUY
2016-04-30T00:20:30.324512;2016-04-30T00:20:30.500303;e70ba647-1f18-4f59-a4d7-4856a7320603;458.7;0.03;BUY
2016-04-30T00:20:30.324682;2016-04-30T00:20:30.500303;6d20e4d8-d9c6-41a6-93d8-2539cdfe7303;458.71;0.03;BUY
2016-04-30T00:20:30.324867;2016-04-30T00:20:30.515928;b920cedb-3dfb-4307-8d00-b85c50c30dd7;458.71;0.03;BUY
2016-04-30T00:20:30.325073;2016-04-30T00:20:30.562802;853c3b3b-389f-477b-ba34-357ba520f4b9;458.71;0.03;BUY
2016-04-30T00:20:30.325247;2016-04-30T00:20:30.578432;981b90a0-2db7-4bc1-abfd-f672f61ffa1f;458.72;0.03;BUY
2016-04-30T00:20:30.325464;2016-04-30T00:20:30.578432;8accfc36-8619-4896-aa94-25fb1e2ebe42;458.72;0.03;BUY
2016-04-30T00:20:30.325648;2016-04-30T00:20:30.578432;fd5097ca-ac98-487c-9f63-0bc9d5ab329c;458.73;0.03;BUY
2016-04-30T00:20:30.325812;2016-04-30T00:20:30.578432;9af2ebef-2b5b-4296-acef-7dfcf5ee33c7;458.74;0.03;BUY
2016-04-30T00:20:30.326022;2016-04-30T00:20:30.578432;a08918f8-4a21-4f65-9fda-ec24d0545651;458.74;0.03;BUY
2016-04-30T00:20:30.326196;2016-04-30T00:20:30.578432;4cc469ee-72bc-41b5-a181-6cb68766a246;458.75;0.03;BUY
2016-04-30T00:20:30.326401;2016-04-30T00:20:30.578432;c59433c4-8f6f-4040-b277-ffad241febb4;458.75;0.01;BUY
2016-04-30T00:20:30.326576;2016-04-30T00:20:30.578432;5afca978-a09b-4a88-ad6f-d6b5b050657b;458.76;0.03;BUY
2016-04-30T00:20:30.326756;2016-04-30T00:20:30.578432;5ff6cc74-dc56-454b-b3dd-a3504102ee84;458.76;0.03;BUY
2016-04-30T00:20:30.326941;2016-04-30T00:20:30.578432;a97d4a37-3f6a-427c-ad99-01b4002534d3;458.77;0.03;BUY
2016-04-30T00:20:30.327147;2016-04-30T00:20:30.578432;ee8fa5c6-8e54-463c-b8e3-61c6bdb62479;458.78;0.03;BUY
2016-04-30T00:20:30.327335;2016-04-30T00:20:30.578432;e63bdc19-49a6-427c-9bae-242a43f33e8c;458.78;0.03;BUY
2016-04-30T00:20:30.327517;2016-04-30T00:20:30.578432;97afac3f-2569-43a6-bfe2-45c92eb749c2;458.78;0.03;BUY
2016-04-30T00:20:30.327704;2016-04-30T00:20:30.594052;c56bf11d-413c-4c58-95fc-703e02ed02f3;458.78;0.42;BUY
2016-04-30T00:20:30.327879;2016-04-30T00:20:30.594052;b4df0902-ba1e-42dd-b6ba-4756c9c9d58e;458.79;0.03;BUY
2016-04-30T00:20:30.328076;2016-04-30T00:20:30.594052;0bb70fd4-704c-4bee-990d-154810774c0e;458.79;0.03;BUY
2016-04-30T00:20:30.328274;2016-04-30T00:20:30.594052;7c67dfca-11b1-4502-b5c8-02e636214c37;458.79;0.64;BUY
2016-04-30T00:20:30.328466;2016-04-30T00:20:30.609677;3a4897e7-f37d-4a7a-8e79-acf76f5471a7;458.8;0.03;BUY
2016-04-30T00:20:30.328637;2016-04-30T00:20:30.609677;a10d438c-2209-4876-b50b-01175bdb4b38;458.8;0.03;BUY
2016-04-30T00:20:30.328823;2016-04-30T00:20:30.609677;53ee6dea-9a88-423c-9dc6-3f583c3b181f;458.8;0.85;BUY
2016-04-30T00:20:30.329019;2016-04-30T00:20:30.625303;e00eeda3-d6e2-41a1-9b27-863926646aaa;458.81;0.03;BUY
2016-04-30T00:20:30.329197;2016-04-30T00:20:30.672176;1d897d4d-d9c3-4b76-ad72-d00319a54ddd;458.81;0.03;BUY
2016-04-30T00:20:30.329404;2016-04-30T00:20:30.672176;38665677-0f9c-4c89-b77a-55f70b0c2792;458.81;0.03;BUY
2016-04-30T00:20:30.329589;2016-04-30T00:20:30.672176;bbb23dfa-8af6-4ba5-886b-2a9992c46256;458.81;1.03;BUY
2016-04-30T00:20:30.329758;2016-04-30T00:20:30.672176;5df133c1-f740-409b-8572-eb432958ff4c;458.82;0.03;BUY
2016-04-30T00:20:30.329933;2016-04-30T00:20:30.672176;8c653acf-f296-4de4-8b66-337334837533;458.82;0.03;BUY
2016-04-30T00:20:30.336362;2016-04-30T00:20:30.672176;3e45ea10-1aec-4be9-ba69-544fafad5998;458.82;0.03;BUY
2016-04-30T00:20:30.336610;2016-04-30T00:20:30.672176;4044fc82-8437-4071-81f7-cdccd0602d84;458.82;0.9;BUY
2016-04-30T00:20:30.336807;2016-04-30T00:20:30.672176;ec1ef46b-ab7a-424a-8e02-1cef0afac81f;458.83;0.03;BUY
2016-04-30T00:20:30.337158;2016-04-30T00:20:30.672176;2b1d69fb-7a94-4e8e-8528-28c05b7e0657;458.83;0.03;BUY
2016-04-30T00:20:30.337375;2016-04-30T00:20:30.672176;7e381548-dd6c-4fcc-9d28-6ea880865a28;458.83;0.03;BUY
2016-04-30T00:20:30.337577;2016-04-30T00:20:30.672176;b127bf41-2c2c-450a-8ff7-b4d5f3bd1e85;458.83;0.03;BUY
2016-04-30T00:20:30.337760;2016-04-30T00:20:30.672176;02d0046e-8094-483a-8030-ad42d6be553c;458.83;0.2;BUY
2016-04-30T00:20:30.337956;2016-04-30T00:20:30.687802;06f82e71-d62c-4516-b97b-4510d65fcd13;458.83;0.62;BUY
2016-04-30T00:20:30.338345;2016-04-30T00:20:30.687802;8ed81f90-2ef7-4b5f-bc28-31dd2258f980;458.84;0.03;BUY
2016-04-30T00:20:30.338568;2016-04-30T00:20:30.687802;4f957566-6a9b-446f-8f63-1e36690ac38f;458.84;0.01;BUY
2016-04-30T00:20:30.338750;2016-04-30T00:20:30.687802;53bd60cd-fad0-4396-93ad-deb85ee54e25;458.84;0.03;BUY
2016-04-30T00:20:30.338951;2016-04-30T00:20:30.687802;40152553-93ef-4073-a463-c777b20aab47;458.84;0.4;BUY
2016-04-30T00:20:30.339164;2016-04-30T00:20:30.703427;3f66a9bf-384e-4740-b5a5-fa7f7ab0ff22;458.85;0.0114;BUY
2016-04-30T00:20:30.339607;2016-04-30T00:20:30.703427;d400251f-e650-4e19-8462-feffe9bfc85d;458.85;0.03;BUY
2016-04-30T00:20:30.339801;2016-04-30T00:20:30.719053;6fff7041-661e-4af9-8d08-119690c6f19a;458.85;0.03;BUY
2016-04-30T00:20:30.340016;2016-04-30T00:20:30.719053;a5319dd4-27a0-4614-a9cf-464b8ef150dc;458.85;0.07995;BUY
2016-04-30T00:20:37.282216;2016-04-30T00:20:37.344056;8e53f632-f9ff-4c33-85b4-0ac4bb2ad174;458.7;0.0177;SELL
2016-04-30T00:21:01.555938;2016-04-30T00:21:01.594067;53a5eb7f-e4d0-49de-908a-33f1294a029b;458.75;0.01;BUY
2016-04-30T00:21:01.556236;2016-04-30T00:21:01.609693;86dd947e-41fe-4560-b1c0-927bc2c738a2;458.76;0.20862;BUY
2016-04-30T00:21:31.766488;2016-04-30T00:21:31.797212;87f29c42-8c28-4fb5-b3ae-feeaf80b6c64;458.76;0.48505;BUY
2016-04-30T00:22:01.770729;2016-04-30T00:22:01.812857;d45e1b13-bcf3-4025-8fe3-a9963469f0e7;458.76;0.0177;BUY
2016-04-30T00:22:01.771035;2016-04-30T00:22:01.828480;7f432d65-346f-400f-a625-c1c80d189d9f;458.81;0.03;BUY
2016-04-30T00:22:01.771262;2016-04-30T00:22:01.828480;183cd3be-10dc-493b-9483-da6836e9740a;458.85;0.03;BUY
2016-04-30T00:22:01.771467;2016-04-30T00:22:01.828480;af92b18d-d8c9-47e5-85a5-acb1a60cf6d9;458.86;0.03;BUY
2016-04-30T00:22:01.771649;2016-04-30T00:22:01.844099;61209741-3155-4e48-bb9f-ff709105ada6;458.87;0.03;BUY
2016-04-30T00:22:01.771818;2016-04-30T00:22:01.844099;e55823fc-6848-4e69-bb5e-3c10127166d7;458.87;0.03;BUY
2016-04-30T00:22:01.772033;2016-04-30T00:22:01.844099;4f0e3140-80e8-486d-b2c1-55b84d6051a9;458.87;0.03;BUY
2016-04-30T00:22:01.772212;2016-04-30T00:22:01.844099;107301df-c003-49f9-9f55-fae568b14bcd;458.88;0.03;BUY
2016-04-30T00:22:01.772388;2016-04-30T00:22:01.875350;7b0e0e73-beb6-4a97-bd2b-528565478355;458.88;0.03;BUY
2016-04-30T00:22:01.772564;2016-04-30T00:22:01.875350;81df1596-ce25-47e2-8f23-223cc83353df;458.89;0.03;BUY
2016-04-30T00:22:01.772731;2016-04-30T00:22:01.906599;14e88e50-72b5-4c8c-9f3e-6716cb68207c;458.89;0.03;BUY
2016-04-30T00:22:01.772899;2016-04-30T00:22:01.922223;bf4880e9-4ace-4e71-943c-683d543baf64;458.89;0.03;BUY
2016-04-30T00:22:01.773114;2016-04-30T00:22:01.922223;27e99b1a-bd56-4b6c-aca8-271042546b6a;458.89;0.5;BUY
2016-04-30T00:22:01.773283;2016-04-30T00:22:01.922223;39f4ba67-b6eb-4768-9bca-d5786d03a497;458.9;0.02;BUY
2016-04-30T00:22:01.773447;2016-04-30T00:22:01.922223;d9568491-6709-4193-8f1d-5b8a2f3c7904;458.9;0.03;BUY
2016-04-30T00:22:01.773620;2016-04-30T00:22:01.922223;86041942-582f-480d-a223-00e639222df7;458.9;0.014;BUY
2016-04-30T00:22:01.773807;2016-04-30T00:22:01.922223;7de68b09-dfd9-4237-96c0-093513df2d6a;458.9;0.03;BUY
2016-04-30T00:22:01.774011;2016-04-30T00:22:01.922223;2866051e-9836-46fe-98e6-7583bdc9f77f;458.91;0.02;BUY
2016-04-30T00:22:01.774189;2016-04-30T00:22:01.922223;2eaadeca-cc95-4d49-ba9d-c1ac24c1f7b9;458.92;0.02;BUY
2016-04-30T00:22:01.774372;2016-04-30T00:22:01.922223;fcd4835d-97b8-4c7d-92aa-f2633e6bf0ac;458.92;0.03;BUY
2016-04-30T00:22:01.774553;2016-04-30T00:22:01.922223;60b28444-e8b4-4adc-8ed9-b7d8ff945a76;458.93;0.02;BUY
2016-04-30T00:22:01.774726;2016-04-30T00:22:01.922223;5aa954f2-9920-4271-aa8f-5d5fe9e1c382;458.94;0.02;BUY
2016-04-30T00:22:01.774913;2016-04-30T00:22:01.922223;5780e308-0b2a-41ed-abdf-c955d4df820b;458.94;0.127;BUY
2016-04-30T00:22:01.775129;2016-04-30T00:22:01.922223;a19eb755-2fb5-43e4-8927-32100116f40b;458.95;0.02;BUY
2016-04-30T00:22:01.775301;2016-04-30T00:22:01.937849;27be0e58-7b15-452e-a180-bb57eebe597c;458.96;0.02;BUY
2016-04-30T00:22:01.775483;2016-04-30T00:22:01.937849;58641479-1c76-4a4d-8e8d-08cf877b4377;458.96;0.01;BUY
2016-04-30T00:22:01.775660;2016-04-30T00:22:01.937849;8fc42ac2-00e0-4ab2-b1f7-16e9478602c1;458.97;0.02;BUY
2016-04-30T00:22:01.775832;2016-04-30T00:22:01.937849;7c054bce-7f19-43a3-90d6-71312ad046de;458.98;0.02;BUY
2016-04-30T00:22:01.776029;2016-04-30T00:22:01.937849;138d6aa0-f08e-476d-8a51-fc9cb562c596;458.98;0.22;BUY
2016-04-30T00:22:01.776192;2016-04-30T00:22:01.937849;5d699589-3766-4fe4-92d9-61e11d72f446;458.98;0.24441;BUY
2016-04-30T00:22:31.636279;2016-04-30T00:22:31.703495;b8f40411-536a-4f76-a68f-10484bba4ad7;458.74;0.02;SELL
2016-04-30T00:22:31.636560;2016-04-30T00:22:31.719119;0bffafc0-5014-462a-8b55-a23280347cdd;458.74;0.115;SELL
2016-04-30T00:22:31.636783;2016-04-30T00:22:31.719119;5696359b-f659-4851-91ea-ddf7ca8e37a1;458.73;0.02;SELL
2016-04-30T00:22:31.636996;2016-04-30T00:22:31.734742;a560fc61-bd98-449d-805b-a364f327eb11;458.73;0.02;SELL
2016-04-30T00:22:31.637193;2016-04-30T00:22:31.734742;e938fd8a-d769-45f4-8507-dbf905b430f7;458.73;0.02;SELL
2016-04-30T00:22:31.637380;2016-04-30T00:22:31.734742;b99be878-f09f-4297-9cf7-37df651cf58b;458.73;0.02;SELL
2016-04-30T00:22:31.637579;2016-04-30T00:22:31.734742;5131cf2b-f41d-4ed6-8a51-9c4cd6760522;458.73;0.01;SELL
2016-04-30T00:22:31.637766;2016-04-30T00:22:31.765988;655edfc3-b476-4087-91a7-1fdf275cc21e;458.72;0.02;SELL
2016-04-30T00:22:31.637947;2016-04-30T00:22:31.812869;e4cab516-360e-4c60-b141-26edaecd2eb6;458.72;0.02;SELL
2016-04-30T00:22:31.638171;2016-04-30T00:22:31.812869;b17f2509-96bf-4fd1-8897-29f18ecefcb5;458.72;0.02;SELL
2016-04-30T00:22:31.638355;2016-04-30T00:22:31.812869;7ca19176-8ac7-4780-a389-ed0cf4ca06c8;458.71;0.02;SELL
2016-04-30T00:22:31.638529;2016-04-30T00:22:31.812869;39cac381-d438-4526-9d32-3984d62d2698;458.71;0.02;SELL
2016-04-30T00:22:31.638731;2016-04-30T00:22:31.812869;fe5001a5-8d4f-49ec-8582-b2e9ce02018e;458.71;0.02;SELL
2016-04-30T00:22:31.638909;2016-04-30T00:22:31.812869;81236a94-eb8e-4686-8e32-3e2e112f4398;458.7;0.0023;SELL
2016-04-30T00:22:31.639117;2016-04-30T00:22:31.812869;97da63c6-ea34-4d91-a611-d1f594efe7d1;458.7;0.0115;SELL
2016-04-30T00:22:31.639311;2016-04-30T00:22:31.812869;29a2acbd-e00e-4a12-8ba3-62d4d2ea1cc9;458.7;0.22;SELL
2016-04-30T00:22:31.639487;2016-04-30T00:22:31.812869;66609d60-967d-40f4-9d7b-bcfb578e9d26;458.69;0.02;SELL
2016-04-30T00:22:31.639664;2016-04-30T00:22:31.812869;d4ac978d-2012-4666-b2b1-4918d44d8dcc;458.69;0.02;SELL
2016-04-30T00:22:31.639856;2016-04-30T00:22:31.812869;86bb166f-1d85-478e-a672-a23652ac092d;458.69;0.02;SELL
2016-04-30T00:22:31.640070;2016-04-30T00:22:31.812869;555c9ad5-24cc-4c19-9c15-160df8e12a01;458.68;0.02;SELL
2016-04-30T00:22:31.640265;2016-04-30T00:22:31.812869;a41751af-0ab9-4b6d-a230-5bfe4f4a74cf;458.68;0.02;SELL
2016-04-30T00:22:31.640440;2016-04-30T00:22:31.812869;64f6838c-8a95-4e39-b8da-2ecee4aa03ab;458.67;0.02;SELL
2016-04-30T00:22:31.640618;2016-04-30T00:22:31.828489;a2bd5ac6-a89c-4f46-8556-be56e67f539d;458.67;0.02;SELL
2016-04-30T00:22:31.640812;2016-04-30T00:22:31.828489;02cbf752-4c59-4445-a44f-e2cd7c0c1d2c;458.67;0.02;SELL
2016-04-30T00:22:31.641010;2016-04-30T00:22:31.828489;7090e74a-9dd4-4c94-9009-33a11e59d97d;458.66;0.02;SELL
2016-04-30T00:22:31.641214;2016-04-30T00:22:31.844114;00efe297-5579-4ff9-b6ff-c32911abefee;458.66;0.098;SELL
2016-04-30T00:22:31.641396;2016-04-30T00:22:31.844114;e15971bb-1032-44ea-a391-d0c3ca6159cd;458.65;0.02;SELL
2016-04-30T00:22:31.641571;2016-04-30T00:22:31.844114;cb407120-d380-4a28-824c-f2922445c00a;458.65;0.02;SELL
2016-04-30T00:22:31.641749;2016-04-30T00:22:31.844114;115d93b4-1e44-498e-a144-06e2f1096a44;458.65;0.02;SELL
2016-04-30T00:22:31.641935;2016-04-30T00:22:31.844114;922a8fa2-2275-4e5e-9e6c-84d8ba675ab3;458.65;0.02;SELL
2016-04-30T00:22:31.642148;2016-04-30T00:22:31.875363;061be85e-36dc-4ee3-a1df-3262048de92a;458.64;0.02;SELL
2016-04-30T00:22:31.642349;2016-04-30T00:22:31.875363;e1b0b6fd-d317-44cb-8ee8-cea7dafa842a;458.64;0.02;SELL
2016-04-30T00:22:31.642537;2016-04-30T00:22:31.875363;8b2bc1f0-2bf4-43df-8b07-c375ef317900;458.63;0.02;SELL
2016-04-30T00:22:31.642711;2016-04-30T00:22:31.875363;03f5f695-83f5-4e02-8315-317b5eba9c78;458.62;0.02;SELL
2016-04-30T00:22:31.642907;2016-04-30T00:22:31.875363;dd6674c3-5826-43cf-8897-94e9fe501768;458.62;0.02;SELL
2016-04-30T00:22:31.643131;2016-04-30T00:22:31.875363;bea1034c-826f-4fdf-a5d2-81ad178f9dd3;458.61;0.02;SELL
2016-04-30T00:22:31.643309;2016-04-30T00:22:31.875363;135d5202-c664-4f5c-84af-697e4b78c1a6;458.6;0.02;SELL
2016-04-30T00:22:31.643496;2016-04-30T00:22:31.875363;70f1f3e7-4bb5-4fe1-ac77-005fb63cdeec;458.6;0.02;SELL
2016-04-30T00:22:31.643687;2016-04-30T00:22:31.875363;a48fe8cb-9e1b-4a94-83c8-dc7b492c4abf;458.6;0.02;SELL
2016-04-30T00:22:31.643875;2016-04-30T00:22:31.875363;b678f1a4-6f3d-4264-9803-3e1751846912;458.59;0.02;SELL
2016-04-30T00:22:31.644082;2016-04-30T00:22:31.906623;556a25d1-6f9d-4eed-9475-12a05bc10fd5;458.58;0.02;SELL
2016-04-30T00:22:31.644259;2016-04-30T00:22:31.906623;f332b9d9-d850-4e13-87ad-0773ff808ff0;458.58;0.02;SELL
2016-04-30T00:22:31.644437;2016-04-30T00:22:31.922241;40dcea37-b75e-4499-a164-2e8798c35761;458.58;0.02;SELL
2016-04-30T00:22:31.644617;2016-04-30T00:22:31.922241;7ff40b79-e27e-4bde-8f62-b0ad677d5c28;458.58;0.02;SELL
2016-04-30T00:22:31.644807;2016-04-30T00:22:31.922241;4942ade7-a8c1-403f-b021-61d05fe512ac;458.58;0.094;SELL
2016-04-30T00:22:31.645003;2016-04-30T00:22:31.922241;828c4cad-e331-468e-9a2f-a7cf4db07fc7;458.57;0.02;SELL
2016-04-30T00:22:31.645190;2016-04-30T00:22:31.922241;6f76a12c-7889-4aaa-833f-64e4218f7fe6;458.57;0.02;SELL
2016-04-30T00:22:31.645368;2016-04-30T00:22:31.922241;4d5bcd4a-0df3-45cb-8039-314a7283dfc1;458.57;0.02;SELL
2016-04-30T00:22:31.645543;2016-04-30T00:22:31.937865;9b4ce187-b24c-41d9-814a-9763cd47f2c3;458.57;0.01;SELL
2016-04-30T00:22:31.645728;2016-04-30T00:22:31.937865;af3d54be-175a-4599-8e7f-49dacebd2768;458.57;0.02;SELL
2016-04-30T00:22:31.645928;2016-04-30T00:22:31.937865;cf5657d7-9e53-487a-9ef8-c001e22dd1b6;458.56;0.02;SELL
2016-04-30T00:22:31.646140;2016-04-30T00:22:31.969117;a481f80a-7b54-48a1-af94-1a36082bd072;458.55;0.01;SELL
2016-04-30T00:22:31.646338;2016-04-30T00:22:31.984740;e2fa8d41-2711-4ba0-9efd-4dd6b4114632;458.55;0.02;SELL
2016-04-30T00:22:31.646514;2016-04-30T00:22:31.984740;f7a175d3-5b10-48c4-a2ee-3526bab39549;458.54;0.02;SELL
2016-04-30T00:22:31.646692;2016-04-30T00:22:31.984740;41d76103-e9a8-43e1-be0d-e230854a1acc;458.54;0.02;SELL
2016-04-30T00:22:31.646882;2016-04-30T00:22:31.984740;505e0ddc-c93d-47f6-825d-1295c97233b8;458.54;0.02;SELL
2016-04-30T00:22:31.647094;2016-04-30T00:22:31.984740;13e3d2bd-4119-40bf-8bfe-4183fb27b54c;458.53;0.02;SELL
2016-04-30T00:22:31.647284;2016-04-30T00:22:31.984740;ffd958c2-34d5-4fa9-b854-36d456ed3b25;458.53;0.02;SELL
2016-04-30T00:22:31.647467;2016-04-30T00:22:31.984740;824263c4-0cf5-473c-941a-1b413c562e49;458.52;0.02;SELL
2016-04-30T00:22:31.647642;2016-04-30T00:22:31.984740;bc245064-e458-415d-9a08-2becf64d6b50;458.52;0.01;SELL
2016-04-30T00:22:31.647839;2016-04-30T00:22:32.000363;b1a91638-33dc-4e66-86b7-93adfd8ff544;458.52;0.02;SELL
2016-04-30T00:22:31.648035;2016-04-30T00:22:32.000363;26b1d40a-53f4-4395-8ca7-c0e305d2ee35;458.51;0.02;SELL
2016-04-30T00:22:31.648241;2016-04-30T00:22:32.000363;35710083-1a3b-4071-97e2-e3c6d8da2db2;458.51;0.02;SELL
2016-04-30T00:22:31.648416;2016-04-30T00:22:32.000363;b65d565e-e724-4d9c-ac73-1fd789f161dd;458.5;0.02;SELL
2016-04-30T00:22:31.648595;2016-04-30T00:22:32.015991;99cb4207-f299-43e6-838b-16d468ee9dde;458.5;0.02;SELL
2016-04-30T00:22:31.648786;2016-04-30T00:22:32.015991;5b914416-732e-42e1-9562-747cd211a65a;458.5;0.111;SELL
2016-04-30T00:22:31.648961;2016-04-30T00:22:32.015991;ba77beef-9376-47d1-8ad1-986ed92a50b2;458.49;0.01128;SELL
2016-04-30T00:22:31.649163;2016-04-30T00:22:32.015991;a9c694a7-5516-4c70-a7ac-e8e8454fed16;458.49;0.01;SELL
2016-04-30T00:22:31.649352;2016-04-30T00:22:32.031564;8687dc12-4605-4354-ba50-995e75ef2c74;458.49;0.01;SELL
2016-04-30T00:22:31.649523;2016-04-30T00:22:32.031564;d0deb4b2-ef11-4544-aab2-d09c68e5ef27;458.49;0.01;SELL
2016-04-30T00:22:31.649703;2016-04-30T00:22:32.031564;9cbec1b0-219b-40c9-99bf-c83f7352e164;458.49;0.02;SELL
2016-04-30T00:22:31.649878;2016-04-30T00:22:32.031564;b616a0d0-e240-4587-b894-94681a2e8733;458.49;0.02;SELL
2016-04-30T00:22:31.650091;2016-04-30T00:22:32.047241;e6a296bf-117c-4c35-8fc0-65f7c8649f13;458.49;0.02;SELL
2016-04-30T00:22:31.650267;2016-04-30T00:22:32.047241;84b9593e-0620-467a-ab2b-1162df6dd036;458.48;0.03;SELL
2016-04-30T00:22:31.650455;2016-04-30T00:22:32.047241;cfd1430b-e144-48ec-9282-02986f7eead6;458.48;0.013;SELL
2016-04-30T00:22:31.650633;2016-04-30T00:22:32.047241;2a53c03b-ba4e-4780-b801-3b46afd9062e;458.48;0.011;SELL
2016-04-30T00:22:31.650811;2016-04-30T00:22:32.047241;f981edd9-f8e8-4629-b75b-a9e38b70550b;458.48;0.01;SELL
2016-04-30T00:22:31.651008;2016-04-30T00:22:32.062864;56dcd263-7024-444a-aca7-9e533ddcba36;458.48;0.027;SELL
2016-04-30T00:22:31.651193;2016-04-30T00:22:32.062864;82e316f0-2c8b-484f-aa2e-38d64747da1a;458.48;0.01;SELL
2016-04-30T00:22:31.651366;2016-04-30T00:22:32.078490;94a6a68c-b2f3-4663-afdc-78397aaebe02;458.48;0.01;SELL
2016-04-30T00:22:31.651551;2016-04-30T00:22:32.094115;e1c46e64-f4b1-4e42-93c0-ced9da24190f;458.48;0.01;SELL
2016-04-30T00:22:31.651724;2016-04-30T00:22:32.094115;cb477a97-cf88-45b9-9dc9-a698d96eabc8;458.48;0.01;SELL
2016-04-30T00:22:31.651904;2016-04-30T00:22:32.094115;0e979af2-09b0-40d0-816e-ae7af3ab044e;458.48;0.01;SELL
2016-04-30T00:22:31.652107;2016-04-30T00:22:32.094115;8a1b5cd0-7719-458a-9b26-ca9e9630ceda;458.48;0.01;SELL
2016-04-30T00:22:31.652286;2016-04-30T00:22:32.109740;17a57daa-dc42-4117-83bd-c9b13231bf83;458.48;0.02;SELL
2016-04-30T00:22:31.652474;2016-04-30T00:22:32.109740;085b6eac-cd88-4b72-953d-1fafa597f4c3;458.48;0.2;SELL
2016-04-30T00:22:31.652649;2016-04-30T00:22:32.109740;0e87d568-e5df-4109-8303-d0b9bfc1cabe;458.47;0.03;SELL
2016-04-30T00:22:31.652832;2016-04-30T00:22:32.125365;6c31aa88-7f4a-42be-9c66-22ec60c28700;458.47;0.023;SELL
2016-04-30T00:22:31.653039;2016-04-30T00:22:32.125365;5809bfa7-09ee-4543-bf15-4985e94fbf50;458.47;0.019;SELL
2016-04-30T00:22:31.653224;2016-04-30T00:22:32.125365;f1820273-56f4-4fb7-9ae9-38e5db12cfd3;458.47;0.013;SELL
2016-04-30T00:22:31.653400;2016-04-30T00:22:32.125365;4a6ad1c8-31a8-48cc-820d-b225a9abe92d;458.47;0.01;SELL
2016-04-30T00:22:31.653577;2016-04-30T00:22:32.140988;e1fffa46-0175-4e8b-94ed-867c57a8d08a;458.47;0.01;SELL
2016-04-30T00:22:31.653753;2016-04-30T00:22:32.140988;15dd89a9-a3c3-45ef-967a-af35cce9d352;458.47;0.01;SELL
2016-04-30T00:22:31.653936;2016-04-30T00:22:32.140988;c3603cca-45b9-474d-ab0d-4643ae31e0d3;458.47;0.01;SELL
2016-04-30T00:22:31.654147;2016-04-30T00:22:32.140988;85fbd0c7-3d6d-4099-9a6c-f9e2f5479246;458.47;0.01;SELL
2016-04-30T00:22:31.654324;2016-04-30T00:22:32.156615;59194f79-6114-4b46-93ca-1f944e9b09bc;458.47;0.01;SELL
2016-04-30T00:22:31.654501;2016-04-30T00:22:32.156615;9b48aa64-e267-4202-bee3-807186172561;458.47;0.01;SELL
2016-04-30T00:22:31.654693;2016-04-30T00:22:32.156615;2a5135fd-b8f7-454e-bc8f-87e710c5bc20;458.47;0.01;SELL
2016-04-30T00:22:31.654868;2016-04-30T00:22:32.156615;58a40942-9d2a-4b41-9408-608d131bccb3;458.46;0.03;SELL
2016-04-30T00:22:31.655081;2016-04-30T00:22:32.172238;fdde1e78-a1e5-4c0d-8a31-e553bb9f8c04;458.46;0.024;SELL
2016-04-30T00:22:31.655264;2016-04-30T00:22:32.172238;d7a3111f-30c8-44ec-a5d4-5260e6a8bdfd;458.46;0.017;SELL
2016-04-30T00:22:31.655437;2016-04-30T00:22:32.172238;54947d82-f74b-406d-a1ee-5bb5e2814d70;458.46;0.012;SELL
2016-04-30T00:22:31.655613;2016-04-30T00:22:32.172238;ccbe9ac7-8afd-43c8-845b-85c860335a8e;458.46;0.01;SELL
2016-04-30T00:22:31.655787;2016-04-30T00:22:32.203489;f3d10b3b-5ae8-47cc-9e59-20402bcc0891;458.46;0.01;SELL
2016-04-30T00:22:31.655959;2016-04-30T00:22:32.203489;b2373c8a-bb6f-4af4-984b-6d004f339826;458.46;0.01;SELL
2016-04-30T00:22:31.656174;2016-04-30T00:22:32.203489;bc9be59f-6a6e-4085-91aa-d55b726b8746;458.46;0.01;SELL
2016-04-30T00:22:31.656352;2016-04-30T00:22:32.203489;0df1a2d3-4624-4d6d-9d16-253feaa4e463;458.46;0.01;SELL
2016-04-30T00:22:31.656527;2016-04-30T00:22:32.219114;516f79f3-6e40-48cc-a611-315575efdb25;458.46;0.01;SELL
2016-04-30T00:22:31.656696;2016-04-30T00:22:32.219114;c854f6c3-26bb-4678-b431-743dc1dbff99;458.46;0.01;SELL
2016-04-30T00:22:31.656871;2016-04-30T00:22:32.219114;161da170-5587-4baf-96cc-2e16b7994ffe;458.46;0.01;SELL
2016-04-30T00:22:31.657068;2016-04-30T00:22:32.219114;3420947e-d781-49f3-9b7f-d85ed59aa601;458.46;0.01;SELL
2016-04-30T00:22:31.657256;2016-04-30T00:22:32.219114;ea84ef6c-0194-4585-923b-e59295384a4f;458.46;0.02;SELL
2016-04-30T00:22:31.657437;2016-04-30T00:22:32.234739;f6d16868-aaf9-42fc-b611-a0a42a7492ff;458.46;0.02;SELL
2016-04-30T00:22:31.657626;2016-04-30T00:22:32.234739;063fd91d-503f-4321-a98c-9ff03841b983;458.46;0.02;SELL
2016-04-30T00:22:31.657803;2016-04-30T00:22:32.234739;a9afa359-da70-4e3f-876a-15d2bb6f3106;458.45;0.03;SELL
2016-04-30T00:22:31.658002;2016-04-30T00:22:32.234739;a189a39a-0e2f-4bbc-8fc2-6c286b7516d1;458.45;0.019;SELL
2016-04-30T00:22:31.658187;2016-04-30T00:22:32.250365;e6027cec-71f0-42a2-92e8-9bea5babe24f;458.45;0.012;SELL
2016-04-30T00:22:31.658370;2016-04-30T00:22:32.250365;cd320343-9494-4bfe-b793-1ab6dbd24076;458.45;0.03;SELL
2016-04-30T00:22:31.658552;2016-04-30T00:22:32.250365;b63448a2-7d51-4119-843c-751db3b00824;458.45;0.023;SELL
2016-04-30T00:22:31.658730;2016-04-30T00:22:32.250365;b0191a45-0e4c-4d4f-9645-d958a03aab57;458.45;0.022;SELL
2016-04-30T00:22:31.658908;2016-04-30T00:22:32.250365;739251de-b7af-47b0-a2eb-df78e265e9fc;458.45;0.01;SELL
2016-04-30T00:22:31.659115;2016-04-30T00:22:32.265991;4f5e9293-491a-4542-9524-514a8cac21b9;458.45;0.02;SELL
2016-04-30T00:22:31.659291;2016-04-30T00:22:32.265991;c25671a2-b028-4689-84fb-b135170da15e;458.45;0.02;SELL
2016-04-30T00:22:31.659481;2016-04-30T00:22:32.281616;62e038a5-00c1-415f-bdc2-6a116d273bb5;458.45;0.02;SELL
2016-04-30T00:22:31.659672;2016-04-30T00:22:32.281616;bf25348a-891b-47fa-9125-b8e9593203fc;458.44;0.03;SELL
2016-04-30T00:22:31.659848;2016-04-30T00:22:32.281616;ec2fe830-475d-4a30-8573-9b8d6288f831;458.44;0.011;SELL
2016-04-30T00:22:31.660046;2016-04-30T00:22:32.281616;3732ea12-ec15-4005-810e-54cdd2f86043;458.44;0.01;SELL
2016-04-30T00:22:31.660230;2016-04-30T00:22:32.312864;14f9e284-1909-4799-a9aa-c90bce4ebe37;458.44;0.01;SELL
2016-04-30T00:22:31.660409;2016-04-30T00:22:32.312864;ee6cd2d6-beba-4a2e-95c5-d4b9655978ba;458.44;0.01;SELL
2016-04-30T00:22:31.660586;2016-04-30T00:22:32.312864;28af17ca-feed-4a1a-9e85-280775ef63dc;458.44;0.02;SELL
2016-04-30T00:22:31.660774;2016-04-30T00:22:32.312864;6b402803-7da2-4248-a0f3-15d3cfd79cb3;458.44;0.016;SELL
2016-04-30T00:22:31.661001;2016-04-30T00:22:32.328491;1deb8a49-5f42-4990-809f-6eaab77ab7f0;458.44;0.19;SELL
2016-04-30T00:22:31.661184;2016-04-30T00:22:32.328491;dba802cb-0347-4d60-9536-7a5a40618989;458.43;0.03;SELL
2016-04-30T00:22:31.661361;2016-04-30T00:22:32.328491;06292476-b1bd-486a-8397-648e838be16a;458.43;0.021;SELL
2016-04-30T00:22:31.661538;2016-04-30T00:22:32.328491;f326dffd-c0da-47a7-8b7a-259707dad436;458.43;0.01;SELL
2016-04-30T00:22:31.661710;2016-04-30T00:22:32.344115;9162ecde-1bae-44c2-886c-076e0c5480b6;458.43;0.01;SELL
2016-04-30T00:22:31.661899;2016-04-30T00:22:32.344115;889a61f9-c0a9-4d13-ad49-6a9c5a567077;458.43;0.01;SELL
2016-04-30T00:22:31.662112;2016-04-30T00:22:32.344115;8c688de6-92d7-441d-ad7c-f0437e5e6e51;458.43;0.01;SELL
2016-04-30T00:22:31.662289;2016-04-30T00:22:32.359740;0bf26e55-34fe-4b48-bf4a-3b70782905ea;458.43;0.01;SELL
2016-04-30T00:22:31.662455;2016-04-30T00:22:32.359740;7ac78c43-551d-4b5d-abcc-1b00cccb8a25;458.43;0.46727;SELL
2016-04-30T00:23:01.612455;2016-04-30T00:23:01.641010;2c2c1647-83ac-490c-bd50-5daea0e56ccb;458.68;0.03;BUY
2016-04-30T00:23:01.612731;2016-04-30T00:23:01.656631;459c63f9-6692-4a8b-8d08-0bedc55ed2cc;458.69;0.02253;BUY
2016-04-30T00:23:31.707635;2016-04-30T00:23:31.750400;9e6090b2-de39-45b0-b3e1-c15c9300af6c;458.68;0.03;BUY
2016-04-30T00:23:31.707917;2016-04-30T00:23:31.766025;2f86098e-fe04-48ad-853a-36599e396278;458.68;0.03;BUY
2016-04-30T00:23:31.708172;2016-04-30T00:23:31.766025;962e2aee-6f58-40f6-a595-19ad3c4f433b;458.69;0.00747;BUY
2016-04-30T00:23:31.708358;2016-04-30T00:23:31.766025;99d8dbeb-e626-4296-9831-5223bd88bc78;458.7;0.01;BUY
2016-04-30T00:23:31.708564;2016-04-30T00:23:31.781644;5b959547-6d10-4580-b8db-3cc0baef900a;458.7;0.03;BUY
2016-04-30T00:23:31.708741;2016-04-30T00:23:31.781644;23068149-19d3-4ef4-b415-e64a8782deaa;458.71;0.01;BUY
2016-04-30T00:23:31.708929;2016-04-30T00:23:31.781644;905e2fae-d860-4086-bfd6-729992309298;458.71;0.03;BUY
2016-04-30T00:23:31.709177;2016-04-30T00:23:31.781644;14d28821-1144-4e85-a106-25642c9e8a72;458.71;0.03;BUY
2016-04-30T00:23:31.709351;2016-04-30T00:23:31.844146;4b43759b-c1e8-4caf-95c6-e8937d74b0d8;458.72;0.03;BUY
2016-04-30T00:23:31.709540;2016-04-30T00:23:31.844146;6d6b1037-6a8c-4a1f-af87-45b2e4bba2b8;458.72;0.03;BUY
2016-04-30T00:23:31.709716;2016-04-30T00:23:31.844146;59e35b91-2295-4885-b9fa-f48907a93601;458.73;0.01;BUY
2016-04-30T00:23:31.709900;2016-04-30T00:23:31.844146;f7a0e24e-2d58-468f-853d-0086f8150136;458.73;0.03;BUY
2016-04-30T00:23:31.710129;2016-04-30T00:23:31.844146;35ac9679-3608-479d-91fa-41cb706240fa;458.74;0.03;BUY
2016-04-30T00:23:31.710298;2016-04-30T00:23:31.844146;db4e0a5b-0ab0-4d8e-9096-fcef639e01ba;458.75;0.02704;BUY
2016-04-30T00:24:20.114179;2016-04-30T00:24:20.156672;638f8dbe-a124-483a-a64e-dde7408fa10a;458.67;0.231;SELL
2016-04-30T00:24:20.114457;2016-04-30T00:24:20.172296;d8e0560e-f128-4b40-af1a-2dc2cb7f35ea;458.66;0.011;SELL
2016-04-30T00:24:20.114675;2016-04-30T00:24:20.172296;7e6c00e8-29b7-453a-837a-de46934ebe14;458.66;0.22;SELL
2016-04-30T00:24:31.507231;2016-04-30T00:24:31.547305;03a8e69c-0949-4661-98b1-5d279df05177;458.68;0.03;BUY
2016-04-30T00:24:31.507515;2016-04-30T00:24:31.562926;cb9f6a8a-a6cf-47d6-859e-012cfa2a8b60;458.69;0.03;BUY
2016-04-30T00:24:31.507755;2016-04-30T00:24:31.562926;67110562-09ba-48eb-9243-534bdbd38c82;458.7;0.03;BUY
2016-04-30T00:24:31.507948;2016-04-30T00:24:31.562926;2c78968f-46f1-4b2a-b340-dc2a334d7d40;458.71;0.03;BUY
2016-04-30T00:24:31.508183;2016-04-30T00:24:31.578550;f24c868a-4aa4-4a89-9f15-b8c45714bc46;458.72;0.03;BUY
2016-04-30T00:24:31.508351;2016-04-30T00:24:31.641051;a293c6c9-3333-42fb-b94e-1f3ec8626468;458.73;0.03;BUY
2016-04-30T00:24:31.508537;2016-04-30T00:24:31.641051;df024cff-e2a9-47ed-a253-f7ed52cc9d94;458.73;0.03;BUY
2016-04-30T00:24:31.508745;2016-04-30T00:24:31.641051;a5b04c32-da27-4bef-a597-ea7eabc6213b;458.74;0.03;BUY
2016-04-30T00:24:31.508930;2016-04-30T00:24:31.641051;0a0c7ea5-9097-4f3c-8484-7f0fb1aa70c5;458.75;0.00296;BUY
2016-04-30T00:24:31.509131;2016-04-30T00:24:31.641051;f686dc53-4d43-487d-bbe9-ae5ced9bec3a;458.76;0.03;BUY
2016-04-30T00:24:31.509321;2016-04-30T00:24:31.641051;6522ac5a-fedc-4b7d-b481-e1b3c0a5777b;458.76;0.03;BUY
2016-04-30T00:24:31.509494;2016-04-30T00:24:31.641051;3af57178-8c3f-4038-b6db-6c2a73339ffd;458.77;0.03;BUY
2016-04-30T00:24:31.509649;2016-04-30T00:24:31.641051;fab5c6c8-0e2a-4534-95cb-7427dd804bf4;458.77;1.48562;BUY
2016-04-30T00:25:01.531189;2016-04-30T00:25:01.562951;72034b6b-8208-4881-816b-ed0179686255;458.68;0.03;BUY
2016-04-30T00:25:01.531489;2016-04-30T00:25:01.578574;0214bc33-66cd-47b7-9e65-91b72e1b7344;458.69;0.03;BUY
2016-04-30T00:25:01.531702;2016-04-30T00:25:01.578574;644fa3ad-2869-4295-b14b-6e587bb5d05b;458.7;0.03;BUY
2016-04-30T00:25:01.531895;2016-04-30T00:25:01.578574;be77dacf-e09a-4a21-9662-f5c4d0d0272b;458.7;0.03;BUY
2016-04-30T00:25:01.532135;2016-04-30T00:25:01.594195;ba16e253-822d-45ce-8795-2a1b54c4a93f;458.71;0.03;BUY
2016-04-30T00:25:01.532332;2016-04-30T00:25:01.594195;5b5355d2-10c2-4f0d-b88b-bf42e35bc0fe;458.73;0.03;BUY
2016-04-30T00:25:01.532501;2016-04-30T00:25:01.594195;3a29f583-747c-4f01-8a2b-892bfa487ab5;458.74;0.5814;BUY
2016-04-30T00:26:01.583278;2016-04-30T00:26:01.609847;36e4f2c7-8cf3-4b61-8000-a63086f2406f;458.75;0.16788;BUY
2016-04-30T00:27:02.228075;2016-04-30T00:27:02.250510;424110d9-ef66-4f5a-bb16-b8437cce2838;458.75;1.12349;BUY
2016-04-30T00:27:31.646084;2016-04-30T00:27:31.672396;c086a0b5-2253-4a83-82da-edcbadf076cf;458.77;0.38402;BUY
2016-04-30T00:28:01.466181;2016-04-30T00:28:01.500533;490ed173-3ef1-4856-8397-3e3fc5a607ec;458.73;0.016;SELL
2016-04-30T00:28:01.466479;2016-04-30T00:28:01.516159;2d1a6d67-03ee-4525-8eea-36d7fe466c5c;458.72;0.02;SELL
2016-04-30T00:28:01.466752;2016-04-30T00:28:01.516159;fe6f193c-8308-48c8-94cf-a38b77e5f719;458.72;0.125;SELL
2016-04-30T00:28:01.466956;2016-04-30T00:28:01.531782;c69bbe7f-4bb8-4cdc-8567-b7f6dd972475;458.71;0.02;SELL
2016-04-30T00:28:01.467174;2016-04-30T00:28:01.594284;4fcd6835-4552-41d6-babe-d0f91d0d52b5;458.7;0.02;SELL
2016-04-30T00:28:01.467351;2016-04-30T00:28:01.594284;24f0f1b9-e5bc-446e-8b0a-159c4fd2419b;458.69;0.02;SELL
2016-04-30T00:28:01.467543;2016-04-30T00:28:01.594284;20382ef2-382c-4f95-b236-7d9a7e76ac58;458.69;0.22;SELL
2016-04-30T00:28:01.467771;2016-04-30T00:28:01.594284;ff9c3155-75ed-42e0-8d84-0448fb954fe7;458.68;0.02;SELL
2016-04-30T00:28:01.467963;2016-04-30T00:28:01.594284;bea6314e-fea5-45ac-9b81-79ca599ab9f9;458.67;0.02;SELL
2016-04-30T00:28:01.468171;2016-04-30T00:28:01.594284;f0129343-392b-4f79-b49e-b57e9675f3cf;458.66;0.78;SELL
2016-04-30T00:28:01.468356;2016-04-30T00:28:01.594284;c4fc3b5d-7680-4129-a9cf-f090023401bb;458.66;0.02;SELL
2016-04-30T00:28:01.468541;2016-04-30T00:28:01.594284;d462772b-5b46-4ed1-aa8c-8256f65cf6a2;458.65;0.02;SELL
2016-04-30T00:28:01.468738;2016-04-30T00:28:01.594284;564efea9-8764-4f63-b273-600b4e175ae4;458.64;0.02;SELL
2016-04-30T00:28:01.468941;2016-04-30T00:28:01.594284;efa1b743-7c1e-4127-a536-ddcc91bb1209;458.64;0.09;SELL
2016-04-30T00:28:01.469157;2016-04-30T00:28:01.594284;916cd6bf-676e-43cb-b78f-ffe977f1f5fe;458.63;0.02;SELL
2016-04-30T00:28:01.469346;2016-04-30T00:28:01.594284;f81c51ee-0ed8-4271-ba5f-0b9f8a8ce2c2;458.62;0.02;SELL
2016-04-30T00:28:01.469535;2016-04-30T00:28:01.625535;9fca3995-eaf3-4a02-90a1-7ea5b1ccda69;458.61;0.02;SELL
2016-04-30T00:28:01.469743;2016-04-30T00:28:01.625535;25b27cb2-ccc0-465b-9e71-dedce77c4a06;458.6;0.02;SELL
2016-04-30T00:28:01.469931;2016-04-30T00:28:01.625535;44d5741d-fe4b-4b3d-9fdb-1fcfa27f410e;458.59;0.02;SELL
2016-04-30T00:28:01.470160;2016-04-30T00:28:01.625535;8da85ef7-d8ef-49d5-b3ff-497cca2cff97;458.58;0.02;SELL
2016-04-30T00:28:01.470352;2016-04-30T00:28:01.625535;8a21c923-3338-4629-bdca-b4278df3a46f;458.57;0.02;SELL
2016-04-30T00:28:01.470523;2016-04-30T00:28:01.625535;9f9b5ae2-84b1-4fe8-b9a9-cfe4554532ce;458.56;0.02;SELL
2016-04-30T00:28:01.470740;2016-04-30T00:28:01.641159;8f3446c0-3f95-4a54-bd61-746eafd75a33;458.56;0.12;SELL
2016-04-30T00:28:01.470920;2016-04-30T00:28:01.672407;56a5bdec-8b1b-4be9-a1b0-f5684111ffe0;458.55;0.02;SELL
2016-04-30T00:28:01.471133;2016-04-30T00:28:01.672407;56b2fb82-22e7-4e20-9b92-a4abc226d680;458.55;0.5;SELL
2016-04-30T00:28:01.471326;2016-04-30T00:28:01.672407;cf764893-9dda-4958-b912-dcb6971b641f;458.54;0.02;SELL
2016-04-30T00:28:01.471507;2016-04-30T00:28:01.672407;a3daa12b-640f-4327-9bb7-de5f058de6c3;458.53;0.01;SELL
2016-04-30T00:28:01.471693;2016-04-30T00:28:01.688034;e2821c27-4366-4114-8942-97c006197f42;458.53;0.02;SELL
2016-04-30T00:28:01.471890;2016-04-30T00:28:01.688034;60d94539-9890-458a-a368-b96c6d7565fd;458.52;0.01;SELL
2016-04-30T00:28:01.472105;2016-04-30T00:28:01.688034;ece22e4a-9bd8-40bd-946b-fb55772982b0;458.52;0.02;SELL
2016-04-30T00:28:01.472281;2016-04-30T00:28:01.688034;629dbaa4-79d3-4ed8-a581-b16bfd552eab;458.51;0.02;SELL
2016-04-30T00:28:01.472456;2016-04-30T00:28:01.688034;6c4e088c-35d7-4ae7-8461-617b537aab92;458.51;0.02;SELL
2016-04-30T00:28:01.472637;2016-04-30T00:28:01.703658;d5d678df-d5d6-44d2-a1e9-f84fdb14a65f;458.51;0.02;SELL
2016-04-30T00:28:01.472831;2016-04-30T00:28:01.703658;a0e30405-7c6f-4897-a2ec-b445eba908d0;458.51;0.02;SELL
2016-04-30T00:28:01.473023;2016-04-30T00:28:01.703658;7f1d34e9-4672-4481-a748-90c3d61dd333;458.51;0.02;SELL
2016-04-30T00:28:01.473202;2016-04-30T00:28:01.703658;a8716644-bc51-4cba-954e-1e95b39c3ba9;458.51;0.02;SELL
2016-04-30T00:28:01.473373;2016-04-30T00:28:01.703658;2fa9e0e4-4c7b-4d78-b588-a39fd2ecfea0;458.51;0.02;SELL
2016-04-30T00:28:01.473553;2016-04-30T00:28:01.719285;a2c73104-d7a8-4b20-9289-6dda37fc6159;458.51;0.02;SELL
2016-04-30T00:28:01.473731;2016-04-30T00:28:01.719285;56429846-90d9-4e10-b347-eae489fc0db2;458.51;0.02;SELL
2016-04-30T00:28:01.473927;2016-04-30T00:28:01.719285;f0fb6978-0d0d-45b3-b190-9122977e53c6;458.51;0.02;SELL
2016-04-30T00:28:01.474127;2016-04-30T00:28:01.734909;84282da4-74fe-4451-9ff3-deaddcda6f3c;458.51;0.02;SELL
2016-04-30T00:28:01.474300;2016-04-30T00:28:01.734909;e61a9bb1-5c8b-45d2-9d73-6c2d6dd2d890;458.51;0.02;SELL
2016-04-30T00:28:01.474471;2016-04-30T00:28:01.734909;11a36f8c-9b2f-4a1e-9d42-306ea58e30aa;458.51;0.02;SELL
2016-04-30T00:28:01.474646;2016-04-30T00:28:01.766160;649ef687-016e-44e2-83dd-1f9d163b8866;458.51;0.02;SELL
2016-04-30T00:28:01.474859;2016-04-30T00:28:01.781784;4a59fd0f-e1c6-46de-90eb-15acf2bbf31b;458.51;0.02;SELL
2016-04-30T00:28:01.475054;2016-04-30T00:28:01.781784;5d49be45-7e96-46e3-8307-563baf10c248;458.5;0.01;SELL
2016-04-30T00:28:01.475250;2016-04-30T00:28:01.781784;6aa16086-8e88-47e3-9902-d9f147f026cc;458.5;0.02;SELL
2016-04-30T00:28:01.475435;2016-04-30T00:28:01.781784;ab97056c-3b09-4d4f-ba09-949b48426013;458.49;0.02;SELL
2016-04-30T00:28:01.475603;2016-04-30T00:28:01.781784;b0180172-ffc7-4000-b7ae-d933ec9ee983;458.48;0.02;SELL
2016-04-30T00:28:01.475778;2016-04-30T00:28:01.781784;138d3926-9f69-4551-a1f6-4cc05d37e034;458.48;0.2;SELL
2016-04-30T00:28:01.476014;2016-04-30T00:28:01.781784;284a591e-ca7b-4c24-832b-72627ce01356;458.48;0.089;SELL
2016-04-30T00:28:01.476212;2016-04-30T00:28:01.781784;1d284ad8-9ade-444c-b34f-bbde7bdffc6c;458.47;0.02;SELL
2016-04-30T00:28:01.476388;2016-04-30T00:28:01.781784;db634302-2a6a-4503-8e1d-3e8c8f3fb985;458.46;0.02;SELL
2016-04-30T00:28:01.476561;2016-04-30T00:28:01.781784;e87ac767-e05d-421e-bd01-2f11f4e1a2e7;458.46;0.02;SELL
2016-04-30T00:28:01.476749;2016-04-30T00:28:01.797410;bbcd0ca4-75ef-4f21-b7e6-32357e266ac2;458.46;0.017;SELL
2016-04-30T00:28:01.476945;2016-04-30T00:28:01.797410;8c0e7939-9a4e-4ede-a9d5-25a4188716cf;458.43;0.02;SELL
