time_exchange;time_coinpai;guid;price;base_amount;taker_side
2016-02-08T00:00:01.553000;2016-02-08T00:00:01.600000;63c6cda7-078f-4221-8788-b455b8ad94c2;377.47;0.00762;SELL
2016-02-08T00:00:01.553000;2016-02-08T00:00:01.600000;c2a58b26-aa80-4de7-adec-bfec201716f4;377.47;0.087;SELL
2016-02-08T00:00:01.553000;2016-02-08T00:00:01.600000;d25bccc8-673a-4fb4-a2f3-20ec0a865546;377.46;0.01;SELL
2016-02-08T00:00:01.553000;2016-02-08T00:00:01.600000;1ba73233-3903-42b2-b7b6-c4c1d76b24c2;377.45;0.072;SELL
2016-02-08T00:00:01.553000;2016-02-08T00:00:01.600000;f3e4a1f3-5582-46ca-98d0-b7008a412703;377.44;0.01;SELL
2016-02-08T00:00:01.553000;2016-02-08T00:00:01.630000;58e133dc-7efe-4078-9727-42b6097d3787;377.44;0.129;SELL
2016-02-08T00:00:01.553000;2016-02-08T00:00:01.630000;8751bf1f-aa6c-4193-aea9-f7ed97c1cf53;377.43;0.01;SELL
2016-02-08T00:00:01.553000;2016-02-08T00:00:01.630000;00884476-c565-498c-bb45-7f194d245b8c;377.42;0.01;SELL
2016-02-08T00:00:01.553000;2016-02-08T00:00:01.630000;e954aeb4-9f42-4f2c-84eb-b2559e492463;377.41;0.01;SELL
2016-02-08T00:00:01.553000;2016-02-08T00:00:01.630000;4b870c36-06ef-4538-8573-3ecd064019cb;377.41;0.113;SELL
2016-02-08T00:00:01.553000;2016-02-08T00:00:01.630000;ab6fa37e-21e6-4ddb-a251-62111facead6;377.4;0.01;SELL
2016-02-08T00:00:01.553000;2016-02-08T00:00:01.630000;11213a19-5774-47f8-9c82-8762a6239cca;377.39;0.01;SELL
2016-02-08T00:00:01.553000;2016-02-08T00:00:01.630000;7e6d5e37-0bbd-4605-9baf-820afbf272ac;377.38;0.01;SELL
2016-02-08T00:00:01.553000;2016-02-08T00:00:01.630000;141ae92f-0fca-47ac-b00b-b7b5d7f65b6b;377.38;0.092;SELL
2016-02-08T00:00:01.553000;2016-02-08T00:00:01.710000;010905d3-131a-4082-ab25-eb00e94d5fc8;377.37;0.01;SELL
2016-02-08T00:00:01.553000;2016-02-08T00:00:01.710000;ca3de7ac-7e58-426a-acf1-dacf99e67b8e;377.35;0.01;SELL
2016-02-08T00:00:01.553000;2016-02-08T00:00:01.710000;c65254fa-7b2c-4ae7-bbc7-393149226a62;377.35;0.02644;SELL
2016-02-08T00:00:01.553000;2016-02-08T00:00:01.710000;8ff22c36-e9d2-4812-a26f-d618a434428f;377.35;0.119;SELL
2016-02-08T00:00:01.553000;2016-02-08T00:00:01.710000;73f65525-24a1-4bc1-8049-ad1f9fa26163;377.33;0.01;SELL
2016-02-08T00:00:01.553000;2016-02-08T00:00:01.710000;7e2b45ac-cf35-4c2d-9e01-1bdeaec1bd79;377.32;0.01;SELL
2016-02-08T00:00:01.557000;2016-02-08T00:00:01.710000;46d37d1c-db3e-406a-8967-6013401fe3d1;377.32;0.129;SELL
2016-02-08T00:00:01.557000;2016-02-08T00:00:01.710000;5b0b74b6-4747-4ffb-9126-00ff9ef04059;377.31;0.01;SELL
2016-02-08T00:00:01.557000;2016-02-08T00:00:01.710000;a41f746a-22e2-48e5-bdfe-541874ccbdfc;377.29;0.01;SELL
2016-02-08T00:00:01.557000;2016-02-08T00:00:01.710000;8f3cb676-93ae-4baa-bc12-d051a70c232c;377.29;0.129;SELL
2016-02-08T00:00:01.557000;2016-02-08T00:00:01.710000;658fcaa7-5dbd-406e-8d34-a4dca423c740;377.28;0.096;SELL
2016-02-08T00:00:01.557000;2016-02-08T00:00:01.710000;2e44acb4-f127-468c-86bf-5177585ddff5;377.27;0.01;SELL
2016-02-08T00:00:01.557000;2016-02-08T00:00:01.710000;53403621-4ddf-4bf0-b3d2-3f9de53b7610;377.27;0.01;SELL
2016-02-08T00:00:01.557000;2016-02-08T00:00:01.710000;6b6d4e1b-f10f-4191-bc06-b8166b11c5c3;377.25;0.01;SELL
2016-02-08T00:00:01.557000;2016-02-08T00:00:01.710000;20cec085-04a2-4617-948f-3b6a25882eb9;377.25;0.084;SELL
2016-02-08T00:00:01.557000;2016-02-08T00:00:01.710000;2496a3a4-edef-4065-a0d4-4958fb417173;377.23;0.00234;SELL
2016-02-08T00:00:31.553000;2016-02-08T00:00:31.583000;6425870c-818a-4a12-b42d-95226671467f;377.37;0.12562;BUY
2016-02-08T00:01:31.550000;2016-02-08T00:01:31.567000;e90aff41-b1af-4377-9aa1-2f304b7bcf8a;377.37;0.21366;BUY
2016-02-08T00:01:44.483000;2016-02-08T00:01:44.520000;03a41251-fcd7-4a27-b3d9-be4aa060f3d3;377.37;0.07;BUY
2016-02-08T00:02:01.617000;2016-02-08T00:02:01.630000;c73ca8b9-9f6a-4df8-8a71-6c6464097e43;377.37;3.49059;BUY
2016-02-08T00:02:21.647000;2016-02-08T00:02:21.663000;4ad356dd-e322-4b26-8633-32af111332da;377.36;0.01;SELL
2016-02-08T00:02:31.630000;2016-02-08T00:02:31.677000;45084e51-0d63-40ed-a5ba-65830dafbef9;377.37;0.26192;BUY
2016-02-08T00:03:01.570000;2016-02-08T00:03:01.583000;75824c80-c5b9-4043-913d-99950b60b389;377.37;0.68314;BUY
2016-02-08T00:03:31.547000;2016-02-08T00:03:31.567000;2252ce28-74d0-411f-8b9c-9e8db213f2a8;377.36;0.013;SELL
2016-02-08T00:03:31.547000;2016-02-08T00:03:31.583000;bdc88346-b32a-46b4-8532-359abeae6b1d;377.36;0.119;SELL
2016-02-08T00:03:31.547000;2016-02-08T00:03:31.583000;d9ff95da-ac19-4e65-8b3d-094501b8ff8b;377.35;0.072;SELL
2016-02-08T00:03:31.547000;2016-02-08T00:03:31.583000;4640e554-ad0f-4f61-a4ae-613d207cc3b0;377.34;0.011;SELL
2016-02-08T00:03:31.547000;2016-02-08T00:03:31.583000;15f9aa8c-7e5a-4820-acc1-98bc5988ea82;377.34;0.093;SELL
2016-02-08T00:03:31.547000;2016-02-08T00:03:31.583000;5ebc6f4a-8ee0-471e-aef6-870dc6d289dc;377.33;0.011;SELL
2016-02-08T00:03:31.547000;2016-02-08T00:03:31.600000;25704e2a-d703-4fe2-bf72-98ab7f66914d;377.32;0.011;SELL
2016-02-08T00:03:31.547000;2016-02-08T00:03:31.600000;4a3ac075-3517-4b74-a890-d2e9ab693f4e;377.31;0.01;SELL
2016-02-08T00:03:31.547000;2016-02-08T00:03:31.600000;c15e2800-0e3e-4ada-b144-a20108692e89;377.31;0.01;SELL
2016-02-08T00:03:31.547000;2016-02-08T00:03:31.617000;64d68dd1-3d7f-4fef-bab1-fe1752c51bee;377.31;0.096;SELL
2016-02-08T00:03:31.547000;2016-02-08T00:03:31.617000;316bbd16-9207-4ede-8a7e-2d459b354cfa;377.29;0.01;SELL
2016-02-08T00:03:31.547000;2016-02-08T00:03:31.617000;39c31d84-77a2-4d35-b943-61aac2a5f8ed;377.28;0.0416;SELL
2016-02-08T00:03:48.837000;2016-02-08T00:03:48.850000;039970e3-565c-49b5-aa74-b6391efa2c07;377.27;0.01;SELL
2016-02-08T00:03:48.837000;2016-02-08T00:03:48.850000;88020c41-d2a8-47ca-9914-80fcdb083cbb;377.27;0.01;SELL
2016-02-08T00:03:48.837000;2016-02-08T00:03:48.867000;0f33c184-bcd2-489a-84c5-f9e2671d80e3;377.27;0.114;SELL
2016-02-08T00:03:57.337000;2016-02-08T00:03:57.380000;8de9d447-3bd6-41b4-89ad-c490341f7311;377.26;0.14;SELL
2016-02-08T00:03:59.673000;2016-02-08T00:03:59.710000;5e7070f8-7c12-46d8-8be4-a7ee00ce9cc9;377.25;0.01;SELL
2016-02-08T00:03:59.673000;2016-02-08T00:03:59.710000;a58fb21e-6f24-4c28-8cba-d7a3e1c372ee;377.25;0.08;SELL
2016-02-08T00:04:01.370000;2016-02-08T00:04:01.397000;ed499431-98ad-4bdc-8a82-5ec0752fd617;377.23;0.00766;SELL
2016-02-08T00:04:01.370000;2016-02-08T00:04:01.413000;b6cb272d-906c-49cb-92e7-77a8276b0905;377.23;0.106;SELL
2016-02-08T00:04:01.370000;2016-02-08T00:04:01.413000;ceb77421-60f1-4884-9c88-f758393a598b;377.22;0.078;SELL
2016-02-08T00:04:01.370000;2016-02-08T00:04:01.443000;be4a3986-8cf1-4aeb-8745-b4c40d06fa8d;377.21;0.01;SELL
2016-02-08T00:04:01.370000;2016-02-08T00:04:01.443000;03770481-e41e-4bde-a617-482a4ea6331f;377.19;0.01;SELL
2016-02-08T00:04:01.370000;2016-02-08T00:04:01.443000;0a8503d3-4f2e-46b6-bd29-f6425e247fd8;377.19;0.117;SELL
2016-02-08T00:04:01.370000;2016-02-08T00:04:01.443000;ca12f768-164a-499b-9f24-70e0c42c4d2d;377.17;0.01;SELL
2016-02-08T00:04:01.370000;2016-02-08T00:04:01.443000;f047b4bf-cb55-4d04-b9ac-677333a99aae;377.16;0.078;SELL
2016-02-08T00:04:01.370000;2016-02-08T00:04:01.443000;e5ad3d62-415a-4cd8-a5c3-03cc18e51bb0;377.15;0.01;SELL
2016-02-08T00:04:01.373000;2016-02-08T00:04:01.443000;1c331a16-df60-4c8c-b9a3-2462bf10ebe6;377.13;0.01;SELL
2016-02-08T00:04:01.373000;2016-02-08T00:04:01.443000;b1618019-4a33-4edf-8990-9c9f414437ad;377.13;0.1;SELL
2016-02-08T00:04:01.373000;2016-02-08T00:04:01.443000;583ec49f-579e-42c9-a0b0-b8583b3c0125;377.12;0.01;SELL
2016-02-08T00:04:01.373000;2016-02-08T00:04:01.443000;6d64decf-b972-4fc8-be48-ee01571ef670;377.1;0.01;SELL
2016-02-08T00:04:01.373000;2016-02-08T00:04:01.460000;fc1abfc7-c804-4de4-ac79-ff729596d7de;377.1;0.01;SELL
2016-02-08T00:04:01.373000;2016-02-08T00:04:01.460000;dacade26-b586-456a-9ca2-4a2f0367b10a;377.1;0.113;SELL
2016-02-08T00:04:01.373000;2016-02-08T00:04:01.460000;df4932b8-44b0-475d-bee1-8e98e394ea09;377.09;0.119;SELL
2016-02-08T00:04:01.373000;2016-02-08T00:04:01.460000;395e7c6a-68d2-44fb-828a-0bd2f77866a0;377.08;0.01;SELL
2016-02-08T00:04:01.373000;2016-02-08T00:04:01.460000;06d53105-f11f-478b-87d5-ae7f153d92ab;377.07;0.107;SELL
2016-02-08T00:04:01.373000;2016-02-08T00:04:01.460000;769bd7e1-0d79-40be-bd11-056ab5b715ed;377.06;0.01;SELL
2016-02-08T00:04:01.373000;2016-02-08T00:04:01.460000;5d433b7c-8532-4311-8120-8f511b873401;377.06;0.082;SELL
2016-02-08T00:04:01.373000;2016-02-08T00:04:01.460000;25f62cd3-d3c5-4334-a530-75d7654df131;377.05;0.01;SELL
2016-02-08T00:04:01.373000;2016-02-08T00:04:01.460000;b8c50974-a4fc-4721-af74-59e896724c00;377.04;0.01;SELL
2016-02-08T00:04:01.373000;2016-02-08T00:04:01.460000;41be8cac-e741-4a3f-8b01-56180e849a3e;377.03;0.127;SELL
2016-02-08T00:04:01.373000;2016-02-08T00:04:01.460000;ccc6db71-0d21-46b9-b3ba-1f5eade3f930;377.01;0.01;SELL
2016-02-08T00:04:01.373000;2016-02-08T00:04:01.460000;ee47ec83-7a5e-4628-af5b-acc1f1274e24;377.0;0.01;SELL
2016-02-08T00:04:01.373000;2016-02-08T00:04:01.460000;99056cfa-f93b-48a2-967d-e0e5442b72b9;377.0;0.114;SELL
2016-02-08T00:04:01.373000;2016-02-08T00:04:01.473000;8758ea6b-cb2e-4583-be45-4d88be9f26fa;376.99;0.01;SELL
2016-02-08T00:04:01.373000;2016-02-08T00:04:01.490000;63ae3d16-58b8-4406-b4a4-58de7451d730;376.97;0.091;SELL
2016-02-08T00:04:01.373000;2016-02-08T00:04:01.490000;db6be7b5-19ee-49f6-a317-84a9b81c20ff;376.94;0.03149;SELL
2016-02-08T00:04:19.220000;2016-02-08T00:04:19.223000;c35be44c-443b-468e-bcc8-b80552f37366;377.13;0.013;SELL
2016-02-08T00:04:19.220000;2016-02-08T00:04:19.240000;9c72406b-8684-4e7d-be2f-de38922b9688;377.13;0.069;SELL
2016-02-08T00:04:31.687000;2016-02-08T00:04:31.723000;85e8806b-2a4c-4b44-9ae1-7541a56e647f;377.14;0.05;BUY
2016-02-08T00:04:31.687000;2016-02-08T00:04:31.723000;1c96bb85-a89f-48fc-8ae8-2111332e9f36;377.14;0.15899999;BUY
2016-02-08T00:04:31.687000;2016-02-08T00:04:31.723000;93dfbeb4-c08e-470a-aa56-cc88c85e654a;377.14;0.296;BUY
2016-02-08T00:04:31.687000;2016-02-08T00:04:31.723000;6153740e-4345-4004-94ce-80d1839cf301;377.14;0.16992001;BUY
2016-02-08T00:05:31.623000;2016-02-08T00:05:31.630000;a5214fc0-9322-435a-aa3f-06552bf95af5;377.14;0.09288;BUY
2016-02-08T00:06:31.493000;2016-02-08T00:06:31.520000;b0d51cd9-ef37-412d-b923-9acf6c1c76ac;377.14;0.03719999;BUY
2016-02-08T00:06:31.493000;2016-02-08T00:06:31.520000;20d9a72e-5ec7-4f93-947e-7b43ed6079a1;377.14;0.20092001;BUY
2016-02-08T00:06:40.683000;2016-02-08T00:06:40.693000;43658103-661c-444b-a909-0d251020be63;377.14;0.04374;BUY
2016-02-08T00:08:01.477000;2016-02-08T00:08:01.473000;bf512ae4-51ad-4362-b2d3-36ef88e5f8ff;377.14;0.05433999;BUY
2016-02-08T00:08:01.477000;2016-02-08T00:08:01.507000;aa0c4712-4a66-4f88-b510-42c43e2e06be;377.14;0.296;BUY
2016-02-08T00:08:01.477000;2016-02-08T00:08:01.507000;d030cd39-c83d-4cad-b924-4ff1c94eb249;377.14;0.304;BUY
2016-02-08T00:08:01.477000;2016-02-08T00:08:01.507000;8780e64b-e2c8-4502-9579-c51aa0e54fb8;377.14;0.10208001;BUY
2016-02-08T00:08:31.487000;2016-02-08T00:08:31.490000;edf5e458-30d5-4ae4-bf2d-37debe8596ca;377.14;0.19691999;BUY
2016-02-08T00:08:31.487000;2016-02-08T00:08:31.507000;f3829b48-c1bf-4750-bf17-7e3ff456f155;377.14;0.05392001;BUY
2016-02-08T00:09:01.577000;2016-02-08T00:09:01.583000;fdff6400-09cc-4a99-b629-4cf47ddd6c65;377.14;0.41607999;BUY
2016-02-08T00:09:01.577000;2016-02-08T00:09:01.600000;46a60f9b-506e-42e2-bd16-59be1546ba7f;377.14;0.02;BUY
2016-02-08T00:09:01.577000;2016-02-08T00:09:01.600000;96c003f2-4ed0-4f70-ae47-3e8a178bb383;377.14;0.18237;BUY
2016-02-08T00:09:01.577000;2016-02-08T00:09:01.600000;efc73b0a-bc06-4e4b-bd80-eed6c8137f49;377.14;0.02;BUY
2016-02-08T00:09:01.577000;2016-02-08T00:09:01.600000;759270e0-342c-4c24-b42d-f1f00bbf7947;377.14;0.03;BUY
2016-02-08T00:09:01.577000;2016-02-08T00:09:01.677000;eff3783c-f25c-46db-ba4c-f3f2709dca87;377.14;0.05471001;BUY
2016-02-08T00:09:33.630000;2016-02-08T00:09:33.630000;4f9c185c-caa1-4977-aa3a-996fb4bb4990;377.14;0.68646;BUY
2016-02-08T00:10:31.423000;2016-02-08T00:10:31.413000;03550c38-dc7e-4722-bfc4-3efbae3c9bfc;377.14;0.26091;BUY
2016-02-08T00:11:25.947000;2016-02-08T00:11:25.943000;3d9bed24-7863-441b-9212-9c51edcae31b;377.13;0.013;SELL
2016-02-08T00:11:25.947000;2016-02-08T00:11:25.960000;92eaf8fc-c3b8-4c19-b2c3-564802e55322;377.13;0.115;SELL
2016-02-08T00:11:25.950000;2016-02-08T00:11:25.960000;6d9bc2ee-674b-473b-b2c7-b2c7c38c5314;377.12;0.013;SELL
2016-02-08T00:11:25.950000;2016-02-08T00:11:25.960000;2565a99f-3e02-4fc9-8b55-db4046acf46a;377.11;0.013;SELL
2016-02-08T00:11:25.950000;2016-02-08T00:11:26.020000;6a5f2c12-c504-49b2-b4b0-3e9392d5b1be;377.1;0.076;SELL
2016-02-08T00:11:25.950000;2016-02-08T00:11:26.020000;6468020c-a68f-4257-acc7-2a38d6235e7e;377.08;0.01;SELL
2016-02-08T00:11:25.950000;2016-02-08T00:11:26.020000;d8774aab-e66a-4993-8115-aa742d922b98;377.07;0.092;SELL
2016-02-08T00:11:25.950000;2016-02-08T00:11:26.020000;1e5134e4-910c-452e-9f4a-22483d56c162;377.06;0.01;SELL
2016-02-08T00:11:25.950000;2016-02-08T00:11:26.037000;61893f68-dc07-4771-a206-e0851fa0d973;377.04;0.01;SELL
2016-02-08T00:11:25.950000;2016-02-08T00:11:26.037000;418fdcef-3816-4a25-ac3e-fe7c34d6b65e;377.04;0.082;SELL
2016-02-08T00:11:25.950000;2016-02-08T00:11:26.037000;be07a74e-065c-4a7f-a527-8b5bf39c7a0a;377.02;0.01;SELL
2016-02-08T00:11:25.950000;2016-02-08T00:11:26.037000;9c171500-b54f-4209-bf7f-7029d6b67286;377.01;0.076;SELL
2016-02-08T00:11:25.950000;2016-02-08T00:11:26.037000;d861db63-77df-43c2-825b-1c0b0247d6b8;377.0;0.01;SELL
2016-02-08T00:11:25.950000;2016-02-08T00:11:26.037000;731993b3-9733-40de-af5e-e632694898fa;376.98;0.087;SELL
2016-02-08T00:11:25.950000;2016-02-08T00:11:26.037000;8310ecfd-d27e-4440-96e4-dd73810a716c;376.95;0.086;SELL
2016-02-08T00:11:25.950000;2016-02-08T00:11:26.037000;11e8eeb2-0326-4a6b-a14f-32c029803dda;376.95;0.02;SELL
2016-02-08T00:11:25.950000;2016-02-08T00:11:26.037000;9ec892e5-9103-483b-b6eb-358f503d066b;376.93;0.42;SELL
2016-02-08T00:11:25.950000;2016-02-08T00:11:26.037000;d2b1b9b6-764b-4483-a4d5-ac00f863269e;376.92;0.01;SELL
2016-02-08T00:11:25.953000;2016-02-08T00:11:26.037000;124c16b9-769e-4f3b-b2f6-c2ca2b7c9656;376.92;0.01;SELL
2016-02-08T00:11:25.953000;2016-02-08T00:11:26.037000;765240d4-bf08-4fd6-b445-a185759d71ae;376.92;0.073;SELL
2016-02-08T00:11:25.953000;2016-02-08T00:11:26.037000;b114d29a-cfaf-4cff-9b8d-744f73df30ad;376.91;0.56;SELL
2016-02-08T00:11:25.953000;2016-02-08T00:11:26.037000;28454993-4aea-462e-bc29-0ec5c3586480;376.9;0.01;SELL
2016-02-08T00:11:25.953000;2016-02-08T00:11:26.037000;efe94468-d3e5-45b2-9b9a-11a9963c3411;376.9;0.010025;SELL
2016-02-08T00:11:25.953000;2016-02-08T00:11:26.070000;4678939f-f44e-46f9-97e8-f8d64fc80b65;376.9;0.01;SELL
2016-02-08T00:11:25.953000;2016-02-08T00:11:26.070000;68c62a37-9b83-4bbf-b0d5-4ba3e579bbb7;376.9;0.84;SELL
2016-02-08T00:11:25.953000;2016-02-08T00:11:26.070000;d8a1b8f1-0e28-4132-980a-d935edf309b6;376.89;0.091;SELL
2016-02-08T00:11:25.953000;2016-02-08T00:11:26.070000;ecce3acc-d4f1-4e1d-a1b5-85f9dedeac82;376.89;0.551475;SELL
2016-02-08T00:11:31.377000;2016-02-08T00:11:31.380000;a5e34007-b26a-454d-acfa-56cff433d6f4;377.01;0.9;BUY
2016-02-08T00:12:01.473000;2016-02-08T00:12:01.510000;5f8bab88-3f59-4351-9aab-4ac70705cac2;377.02;0.24;BUY
2016-02-08T00:12:01.473000;2016-02-08T00:12:01.527000;b3192c0d-26c5-4b5c-a3aa-28c5faf87808;377.03;0.01;BUY
2016-02-08T00:12:01.473000;2016-02-08T00:12:01.527000;87485ebd-ea6f-4e18-b15a-89d7c3a31b63;377.03;0.51164;BUY
2016-02-08T00:12:22.090000;2016-02-08T00:12:22.137000;37d92895-02d9-42c7-a43f-8811647f7db6;377.05;0.01;BUY
2016-02-08T00:12:22.090000;2016-02-08T00:12:22.137000;0baf2a99-213e-40a3-925d-02d4f48ba0a4;377.05;0.13;BUY
2016-02-08T00:12:31.750000;2016-02-08T00:12:31.793000;9a4d04e4-1cf6-4f8f-855e-b2d5875d887b;377.05;0.07375;BUY
2016-02-08T00:13:01.453000;2016-02-08T00:13:01.497000;b64c111d-a533-474d-8552-322de8756289;377.05;0.52698;BUY
2016-02-08T00:13:25.210000;2016-02-08T00:13:25.260000;e917af69-a507-460c-979d-c04845f3a98f;377.04;0.01;SELL
2016-02-08T00:13:25.210000;2016-02-08T00:13:25.277000;b64ebb64-c983-4965-89ad-5b96e3b03e38;377.04;0.089;SELL
2016-02-08T00:13:25.210000;2016-02-08T00:13:25.277000;bacbb585-ad07-4b8c-96d9-1a23200aa2ee;377.04;0.14;SELL
2016-02-08T00:13:25.213000;2016-02-08T00:13:25.277000;b4453d1f-ae8e-45b3-804e-a87489c6235a;377.03;0.01;SELL
2016-02-08T00:13:25.213000;2016-02-08T00:13:25.277000;918b2978-5824-474a-8d7e-db4b620a6322;377.03;0.14;SELL
2016-02-08T00:13:25.213000;2016-02-08T00:13:25.353000;c740556c-395d-4b73-a521-2ebe48cbcdbc;377.02;0.01;SELL
2016-02-08T00:13:25.213000;2016-02-08T00:13:25.353000;02aa4941-25a2-4261-96c6-c0aeb8ceacfc;377.02;0.127;SELL
2016-02-08T00:13:25.213000;2016-02-08T00:13:25.353000;64f43081-f978-4dac-b258-8e29b8970c72;377.02;0.14;SELL
2016-02-08T00:13:25.213000;2016-02-08T00:13:25.353000;0b3524f6-bd57-43b5-ba5c-db7432fd479c;377.01;0.01;SELL
2016-02-08T00:13:25.213000;2016-02-08T00:13:25.353000;21848a4a-8357-47aa-ab4c-1295109c36e6;377.01;0.124;SELL
2016-02-08T00:13:25.213000;2016-02-08T00:13:25.353000;62a6efad-786b-40f4-9f92-3fdbae1c41aa;377.0;0.01;SELL
2016-02-08T00:13:25.213000;2016-02-08T00:13:25.353000;2e57e825-2ca2-4844-9149-c3d676a76d9a;376.99;0.01;SELL
2016-02-08T00:13:25.213000;2016-02-08T00:13:25.353000;296cba2f-3d3d-485b-8ef5-99adc8e209c2;376.99;0.14;SELL
2016-02-08T00:13:25.213000;2016-02-08T00:13:25.353000;9e7d88c1-e4f5-4f62-8e3e-c6e8b2d46859;376.98;0.01;SELL
2016-02-08T00:13:25.213000;2016-02-08T00:13:25.353000;df5368bb-0aa3-46b3-b801-e8e5b4d61fd0;376.98;0.116;SELL
2016-02-08T00:13:25.213000;2016-02-08T00:13:25.353000;dd3c590d-e82b-4c2a-af51-858244c11917;376.98;0.14;SELL
2016-02-08T00:13:25.213000;2016-02-08T00:13:25.353000;0c3a15dd-63a0-49a4-be28-d2011cfa3acd;376.97;0.01;SELL
2016-02-08T00:13:25.213000;2016-02-08T00:13:25.370000;931e75e3-6629-4fe3-89b6-3de17a8a1d12;376.97;0.14;SELL
2016-02-08T00:13:25.213000;2016-02-08T00:13:25.370000;3a6fbeb8-8cc5-4917-8bc7-6a75b579117a;376.96;0.01;SELL
2016-02-08T00:13:25.217000;2016-02-08T00:13:25.370000;4162a883-cd88-47ae-bf9a-f49da0e19956;376.96;0.28;SELL
2016-02-08T00:13:25.217000;2016-02-08T00:13:25.370000;d790cd80-af5b-4e98-9d7d-5d03120ef40e;376.95;0.01;SELL
2016-02-08T00:13:25.217000;2016-02-08T00:13:25.370000;52d3dcf4-9d41-47d1-89d8-608c7505f4e3;376.95;0.076;SELL
2016-02-08T00:13:25.217000;2016-02-08T00:13:25.370000;3ac8a85e-db18-44a1-b12d-6e3be85b563d;376.94;0.42;SELL
2016-02-08T00:13:25.217000;2016-02-08T00:13:25.370000;77b34f8f-1a42-4711-a51a-ffc450d575d7;376.93;0.01;SELL
2016-02-08T00:13:25.217000;2016-02-08T00:13:25.370000;1bc05aba-dc17-4960-adae-aa5959e20973;376.93;0.01;SELL
2016-02-08T00:13:25.217000;2016-02-08T00:13:25.370000;49fa9a4e-0025-4c4a-bef8-df0bfc4ba809;376.93;0.56;SELL
2016-02-08T00:13:25.217000;2016-02-08T00:13:25.370000;d69637f6-7421-4560-9be3-1139e011c32a;376.92;0.048;SELL
2016-02-08T00:13:27.043000;2016-02-08T00:13:27.090000;ff9f7ca5-970f-4d94-b35a-1760dde3d527;376.92;0.98;SELL
2016-02-08T00:13:27.043000;2016-02-08T00:13:27.103000;1969dde8-bff8-4da5-acd4-0b69c428cdbf;376.91;0.01;SELL
2016-02-08T00:13:27.043000;2016-02-08T00:13:27.103000;82870a34-f74a-4e8c-99e6-f4a1ebdda6d7;376.9;0.724;SELL
2016-02-08T00:14:01.523000;2016-02-08T00:14:01.557000;edbbacc7-ddcc-4782-8955-4da25223cf11;377.02;0.04;BUY
2016-02-08T00:14:01.523000;2016-02-08T00:14:01.573000;1ce48568-d79c-4089-8755-97cafa1caa7e;377.03;0.01;BUY
2016-02-08T00:14:01.523000;2016-02-08T00:14:01.573000;2609c4f2-4f3e-4c82-9067-0dce6aee25ca;377.03;0.01;BUY
2016-02-08T00:14:01.523000;2016-02-08T00:14:01.573000;7dcd5268-17d0-408b-81ad-18e396d5e87f;377.05;1.26927;BUY
2016-02-08T00:14:01.523000;2016-02-08T00:14:01.573000;a34570f3-a7e9-4bd9-b7fd-256e7ecb7a45;377.06;0.01;BUY
2016-02-08T00:14:01.523000;2016-02-08T00:14:01.667000;0dee85d7-3748-410c-bbf3-b5fae73a96a7;377.08;0.01;BUY
2016-02-08T00:14:01.523000;2016-02-08T00:14:01.667000;485eb65d-ed9e-4991-aa5c-63abb2fdd669;377.11;0.01;BUY
2016-02-08T00:14:01.523000;2016-02-08T00:14:01.667000;2351834c-d680-4a01-960d-074ed9d06e80;377.14;1.26734;BUY
2016-02-08T00:14:19.997000;2016-02-08T00:14:20.043000;703822e6-e00e-4d32-8a8c-2cd6fb691d7e;377.1;0.01;BUY
2016-02-08T00:14:19.997000;2016-02-08T00:14:20.043000;feb79db5-5ba7-49e9-889c-f2d909c2681c;377.12;0.01;BUY
2016-02-08T00:14:19.997000;2016-02-08T00:14:20.057000;975a6ac7-00e3-4570-968e-6b7b85813081;377.14;0.0976;BUY
2016-02-08T00:15:01.483000;2016-02-08T00:15:01.590000;a230e856-a650-41cd-94dc-d1682405af10;377.14;0.26493;BUY
2016-02-08T00:15:31.530000;2016-02-08T00:15:31.557000;69bead15-9a00-4c40-ae8a-ca61781ae03e;377.14;0.30505;BUY
2016-02-08T00:16:01.423000;2016-02-08T00:16:01.463000;c4c6ac2e-8333-4074-94c0-3196521d7ec8;377.13;0.01;SELL
2016-02-08T00:16:01.423000;2016-02-08T00:16:01.480000;7b0bca20-e87d-45a9-8137-3efd948e3e81;377.13;0.129;SELL
2016-02-08T00:16:01.423000;2016-02-08T00:16:01.480000;5e0ad558-ebd6-4827-a3c2-80bc2bf45bbf;377.13;0.132;SELL
2016-02-08T00:16:01.427000;2016-02-08T00:16:01.480000;2d6deb55-6d31-4f78-83b2-e6843b5c6bee;377.12;0.12;SELL
2016-02-08T00:16:01.427000;2016-02-08T00:16:01.480000;b3e4730f-659e-47e1-9dbc-4a65e8a76b97;377.11;0.117;SELL
2016-02-08T00:16:01.427000;2016-02-08T00:16:01.557000;be8f2783-d8b1-4f9b-9c37-8246c78a987a;377.1;0.137;SELL
2016-02-08T00:16:01.427000;2016-02-08T00:16:01.557000;e39c7037-baf7-426c-86dc-8ec48f23e66d;377.09;0.01;SELL
2016-02-08T00:16:01.427000;2016-02-08T00:16:01.557000;4c535a54-31c7-44ae-9624-4d2fa95f9e11;377.09;0.081;SELL
2016-02-08T00:16:01.427000;2016-02-08T00:16:01.557000;d9301364-b39f-44e1-94e7-5f1142d8abaf;377.08;0.01;SELL
2016-02-08T00:16:01.427000;2016-02-08T00:16:01.557000;92f4bd8a-d385-4bca-b40d-8656e7ad6e24;377.08;0.095;SELL
2016-02-08T00:16:01.427000;2016-02-08T00:16:01.557000;3fd1adfc-ace9-4ec4-a2be-0d99df976787;377.07;0.102;SELL
2016-02-08T00:16:01.427000;2016-02-08T00:16:01.557000;f6afc3e7-2c51-406d-892d-db6143f04e60;377.06;0.079;SELL
2016-02-08T00:16:01.427000;2016-02-08T00:16:01.557000;05a76637-e7de-48ad-afa8-6256c519eac0;377.05;0.085;SELL
2016-02-08T00:16:01.427000;2016-02-08T00:16:01.573000;1ebd72ae-d5e3-40ab-899a-d578d79c8453;377.04;0.01;SELL
2016-02-08T00:16:01.427000;2016-02-08T00:16:01.573000;79089c4c-75b4-47ae-b773-6d6c361895e5;377.04;0.01;SELL
2016-02-08T00:16:01.427000;2016-02-08T00:16:01.573000;285529a9-338d-432e-9e6b-94ad9efbff90;377.04;0.105;SELL
2016-02-08T00:16:01.427000;2016-02-08T00:16:01.573000;71b8bef4-1c87-4438-b8c9-d02891bb6e3f;377.01;0.01;SELL
2016-02-08T00:16:01.427000;2016-02-08T00:16:01.573000;7030a8b5-33e8-4e5d-b191-066d87358f92;377.01;0.28;SELL
2016-02-08T00:16:01.427000;2016-02-08T00:16:01.573000;c7785fc6-0f9d-496f-aebb-f4a3be27fe01;377.0;0.01;SELL
2016-02-08T00:16:01.430000;2016-02-08T00:16:01.573000;dd6463a9-1dc9-4399-b08a-542810a9277d;377.0;0.0115;SELL
2016-02-08T00:16:01.430000;2016-02-08T00:16:01.573000;3266c7be-d30c-47fb-9120-1949678e69a5;376.99;0.7;SELL
2016-02-08T00:16:01.430000;2016-02-08T00:16:01.573000;addbbf40-d31e-4cdb-8d9b-42fadccf0b83;376.98;0.01;SELL
2016-02-08T00:16:01.430000;2016-02-08T00:16:01.573000;21708583-0e5c-41fc-a525-b961d7816b7a;376.98;0.104;SELL
2016-02-08T00:16:01.430000;2016-02-08T00:16:01.573000;b9b56d0d-a935-4829-9d29-d7629e6d5b42;376.98;0.98;SELL
2016-02-08T00:16:01.430000;2016-02-08T00:16:01.573000;6f27d348-b3f4-4f6d-8c18-aeaf0e13c8c4;376.97;0.01;SELL
2016-02-08T00:16:01.430000;2016-02-08T00:16:01.573000;c2f2af9e-9410-448b-ae24-662aa1395d5c;376.97;1.54;SELL
2016-02-08T00:16:01.430000;2016-02-08T00:16:01.573000;68fd2dac-9da0-455d-be23-30494b3c4a2f;376.96;0.01;SELL
2016-02-08T00:16:01.430000;2016-02-08T00:16:01.573000;f017b397-6795-405f-91bc-13293259f612;376.96;1.96718;SELL
2016-02-08T00:17:01.527000;2016-02-08T00:17:01.557000;c76a7093-a48c-4d18-96ec-29ebbde5da8b;377.09;0.03;BUY
2016-02-08T00:17:01.527000;2016-02-08T00:17:01.573000;687d63ef-7b8c-4fbc-912b-a0bde2d1144c;377.09;0.5768;BUY
2016-02-08T00:17:31.450000;2016-02-08T00:17:31.480000;05a94895-2d55-459d-9725-79d36b4827fd;377.09;0.29891;BUY
2016-02-08T00:18:01.410000;2016-02-08T00:18:01.450000;c1f41ee4-c544-4e4d-857b-5e5d496c5653;377.08;0.01;SELL
2016-02-08T00:18:01.410000;2016-02-08T00:18:01.463000;59b03bd8-483c-4abb-9e1f-9131bfc628b8;377.08;0.072;SELL
2016-02-08T00:18:01.410000;2016-02-08T00:18:01.463000;246c43aa-b964-49dc-877b-475076c2165d;377.05;0.125;SELL
2016-02-08T00:18:01.410000;2016-02-08T00:18:01.463000;c24191ea-6140-4f2d-aaaa-89db2c5ded63;377.03;0.01;SELL
2016-02-08T00:18:01.410000;2016-02-08T00:18:01.463000;36182679-2cb7-4ed4-beb0-8dd50639d999;377.02;0.076;SELL
2016-02-08T00:18:01.410000;2016-02-08T00:18:01.557000;e66e91b3-da40-4738-8b82-cae62bf43b33;377.01;0.01;SELL
2016-02-08T00:18:01.410000;2016-02-08T00:18:01.557000;2392ef8c-3bde-47c2-b19e-c8f5f0e7c446;376.99;0.01;SELL
2016-02-08T00:18:01.410000;2016-02-08T00:18:01.557000;77ab3ec4-fdc8-475d-830c-c356125e1024;376.99;0.01;SELL
2016-02-08T00:18:01.410000;2016-02-08T00:18:01.557000;4454fc8e-3dcb-409b-9a84-67c820d56ab7;376.99;0.105;SELL
2016-02-08T00:18:01.410000;2016-02-08T00:18:01.557000;7205e546-2e7f-44f5-96aa-8aa08c7b0795;376.96;0.116;SELL
2016-02-08T00:18:01.410000;2016-02-08T00:18:01.557000;6641d16f-f0a5-484e-a111-130ee9dd003b;376.95;0.14;SELL
2016-02-08T00:18:01.410000;2016-02-08T00:18:01.557000;f1425bb9-cd5c-4c91-976a-007279d4dd31;376.94;0.01;SELL
2016-02-08T00:18:01.413000;2016-02-08T00:18:01.557000;2670fba5-c329-495d-a6dc-4c27a97e45ba;376.94;0.28;SELL
2016-02-08T00:18:01.413000;2016-02-08T00:18:01.557000;776ad1e2-c55d-4dc8-81ad-c9c69954d59c;376.93;0.104;SELL
2016-02-08T00:18:01.413000;2016-02-08T00:18:01.557000;f32fc96e-1385-4864-b9ff-0a7953bb84f5;376.93;0.28;SELL
2016-02-08T00:18:01.413000;2016-02-08T00:18:01.557000;898b8d0a-b81a-4c93-a8c4-f43bb4fbd3ea;376.92;0.01;SELL
2016-02-08T00:18:01.413000;2016-02-08T00:18:01.557000;506c2b2e-9fda-4ce3-9664-84195697b862;376.91;1.26;SELL
2016-02-08T00:18:01.413000;2016-02-08T00:18:01.557000;db50369d-bef4-4c9b-b3ce-a7e2f3e75104;376.9;0.106;SELL
2016-02-08T00:18:01.413000;2016-02-08T00:18:01.557000;fa870ec0-57c4-4d54-a47b-1b7ae3055a9b;376.89;1.96;SELL
2016-02-08T00:18:01.413000;2016-02-08T00:18:01.557000;7933713f-6f97-4a99-8663-0180f3f57f28;376.88;0.01;SELL
2016-02-08T00:18:01.413000;2016-02-08T00:18:01.557000;4a1929b2-c28d-4bf2-8c4f-76bd529db616;376.88;0.01;SELL
2016-02-08T00:18:01.413000;2016-02-08T00:18:01.557000;b3183d75-c77e-41d5-a59c-4e65b75fc431;376.88;2.38;SELL
2016-02-08T00:18:01.413000;2016-02-08T00:18:01.557000;2f6ea4f4-37dc-4de0-95e7-bab90d2a0e4f;376.87;0.01;SELL
2016-02-08T00:18:01.413000;2016-02-08T00:18:01.557000;81b53170-b239-43e1-9174-dc1b6c41955b;376.87;0.0954;SELL
2016-02-08T00:18:24.490000;2016-02-08T00:18:24.510000;6e4bb8b0-9fe3-4f9e-b637-cd91d153cb7e;377.02;0.01;BUY
2016-02-08T00:18:24.490000;2016-02-08T00:18:24.527000;4f1f753e-cfd2-42de-a828-6c9aad8dcfb3;377.02;0.01;BUY
2016-02-08T00:18:24.490000;2016-02-08T00:18:24.527000;e13b3c70-a015-486e-9c65-9091c4c68fd2;377.04;0.01;BUY
2016-02-08T00:18:24.490000;2016-02-08T00:18:24.527000;5024e7b4-9a75-4029-b818-cfc97cd0c122;377.04;0.01;BUY
2016-02-08T00:18:24.753000;2016-02-08T00:18:24.777000;d81f7122-7143-4ba7-9a7d-b79d5f3547f9;377.06;0.01;BUY
2016-02-08T00:18:24.753000;2016-02-08T00:18:24.793000;1a31bb45-980d-4965-8aaa-823947577960;377.08;0.01;BUY
2016-02-08T00:18:24.753000;2016-02-08T00:18:24.793000;67edbe57-c2ba-4058-bfaf-c33d44471e7f;377.09;0.50325463;BUY
2016-02-08T00:18:25.717000;2016-02-08T00:18:25.747000;cb9ea8c4-f68c-4188-a0d3-7759a776a863;377.09;0.52325463;BUY
2016-02-08T00:18:26.683000;2016-02-08T00:18:26.713000;7aa3cf39-51d9-4d21-9b8e-3dc13d2ef8af;377.09;0.09778074;BUY
2016-02-08T00:18:26.683000;2016-02-08T00:18:26.713000;c1dd362b-b1f3-4175-80ff-9765eacf2b44;377.1;0.01;BUY
2016-02-08T00:18:26.683000;2016-02-08T00:18:26.713000;2fa22bc3-fd77-45df-9936-d04aaaf9a5a4;377.1;0.01;BUY
2016-02-08T00:18:26.683000;2016-02-08T00:18:26.730000;57ce54b5-de90-4fea-8215-bd28ad3d0b91;377.12;0.01;BUY
2016-02-08T00:18:26.683000;2016-02-08T00:18:26.730000;35014ff6-d788-4326-9725-d174a044e246;377.12;0.01;BUY
2016-02-08T00:18:26.683000;2016-02-08T00:18:26.730000;67b01d66-049f-4603-b59e-c9af068cbd2b;377.14;0.38547389;BUY
2016-02-08T00:18:27.650000;2016-02-08T00:18:27.683000;d062b51b-8c34-4ff2-8bca-8db730621bd0;377.14;0.52325463;BUY
2016-02-08T00:18:31.450000;2016-02-08T00:18:31.497000;92559c84-d787-4c41-8f16-05e29e554034;377.14;0.37019;BUY
2016-02-08T00:19:01.570000;2016-02-08T00:19:01.603000;642a2438-c325-4806-9ea1-3f252c958114;377.14;0.36813;BUY
2016-02-08T00:19:04.760000;2016-02-08T00:19:04.807000;bbf63454-6b52-4207-8f12-ef79b53ae915;377.14;0.1435;BUY
2016-02-08T00:19:10.220000;2016-02-08T00:19:10.247000;8d014055-d5d0-440c-b4a5-18e6f774f09b;377.14;0.03906154;BUY
2016-02-08T00:19:32.270000;2016-02-08T00:19:32.293000;ceb9d475-2e97-4760-8406-4a1683694f8f;377.14;0.07652;BUY
2016-02-08T00:20:01.637000;2016-02-08T00:20:01.667000;da64b8df-aecb-4809-9aab-549fb426d5bf;377.14;0.13245;BUY
2016-02-08T00:20:31.447000;2016-02-08T00:20:31.463000;4606ab6f-0cec-493d-a222-04dabede1746;377.14;0.10845;BUY
2016-02-08T00:21:01.633000;2016-02-08T00:21:01.653000;0bf0be46-66b5-4903-9e7b-464ae8cdb241;377.13;0.01;SELL
2016-02-08T00:21:01.633000;2016-02-08T00:21:01.667000;a5c23647-57fe-4c30-924e-962fed62290d;377.13;0.07855;SELL
2016-02-08T00:21:31.453000;2016-02-08T00:21:31.463000;2498440d-8895-41ef-8865-cd1e20f40c33;377.14;3.28846;BUY
2016-02-08T00:23:01.733000;2016-02-08T00:23:01.747000;4d0319b8-4e3a-4f13-a2b4-f3e129ce3d84;377.13;0.7261;BUY
2016-02-08T00:23:01.733000;2016-02-08T00:23:01.760000;ab7e3246-d829-4390-8f2b-5d52c9735704;377.13;0.06245;BUY
2016-02-08T00:24:01.563000;2016-02-08T00:24:01.573000;8be0941c-d2c4-4cc6-8839-cf55b0080507;377.13;0.12584638;BUY
2016-02-08T00:24:01.563000;2016-02-08T00:24:01.590000;dc568ed2-82c9-405d-9f35-bfbc94dc8ebf;377.14;0.88020362;BUY
2016-02-08T00:25:31.457000;2016-02-08T00:25:31.463000;1ca5d1d4-850d-462b-b22d-72873b96260b;377.13;0.01;SELL
2016-02-08T00:25:31.457000;2016-02-08T00:25:31.480000;a0708420-b831-448d-a5f7-7b3581567315;377.12;0.01;SELL
2016-02-08T00:25:31.457000;2016-02-08T00:25:31.480000;ff293e04-2602-4ac5-b565-33957805d66e;377.12;0.123;SELL
2016-02-08T00:25:31.457000;2016-02-08T00:25:31.480000;91201822-b920-4692-b286-4fb88728dea7;377.11;0.01;SELL
2016-02-08T00:25:31.457000;2016-02-08T00:25:31.480000;9e874bd8-b100-4306-8204-e0b340b1343b;377.11;0.102;SELL
2016-02-08T00:25:31.457000;2016-02-08T00:25:31.573000;5774ee24-fa98-425a-a830-65b27c36737f;377.1;0.01;SELL
2016-02-08T00:25:31.457000;2016-02-08T00:25:31.573000;ce081bbb-2fb5-40de-b765-291eaef9b7f7;377.1;0.127;SELL
2016-02-08T00:25:31.457000;2016-02-08T00:25:31.573000;24b8c399-640f-404a-9c36-e57a9fd9becc;377.09;0.01;SELL
2016-02-08T00:25:31.457000;2016-02-08T00:25:31.573000;4a9feba0-769f-4499-a5f5-c95847ae6212;377.09;0.072;SELL
2016-02-08T00:25:31.460000;2016-02-08T00:25:31.573000;392cd847-d869-4c7c-81d3-4b2927f23af7;377.06;0.072;SELL
2016-02-08T00:25:31.460000;2016-02-08T00:25:31.573000;0a3033e2-238d-4f94-a226-694d0d2d4f5f;377.05;0.48325463;SELL
2016-02-08T00:25:31.460000;2016-02-08T00:25:31.573000;5723aa26-1933-431d-bae6-380cb5746797;377.03;0.111;SELL
2016-02-08T00:25:31.460000;2016-02-08T00:25:31.573000;72b12888-196d-492d-8b08-75dccbffb269;377.0;0.01;SELL
2016-02-08T00:25:31.460000;2016-02-08T00:25:31.573000;9a235071-c36a-4915-bccc-d3c79fc78644;377.0;0.113;SELL
2016-02-08T00:25:31.460000;2016-02-08T00:25:31.573000;8b32b536-167b-4ba9-9adf-84fb29991017;376.99;0.01;SELL
2016-02-08T00:25:31.460000;2016-02-08T00:25:31.573000;80c8965d-2ed7-4980-8a7e-c5ce45fa4a6d;376.98;0.01;SELL
2016-02-08T00:25:31.460000;2016-02-08T00:25:31.573000;539db160-579f-49d0-819c-e52727c8c712;376.97;0.112;SELL
2016-02-08T00:25:31.460000;2016-02-08T00:25:31.573000;189f0051-b881-45a6-83a2-133b2c142ab0;376.96;0.01;SELL
2016-02-08T00:25:31.460000;2016-02-08T00:25:31.573000;189bbcb8-3ef3-45b3-bd41-eba85ee7c59d;376.96;0.52325463;SELL
2016-02-08T00:25:31.460000;2016-02-08T00:25:31.573000;a0c513cb-ca30-48df-9e01-bd8391c564a6;376.95;0.28;SELL
2016-02-08T00:25:31.460000;2016-02-08T00:25:31.573000;f2837c5c-5525-4d6b-a70c-57d942e5a613;376.94;0.073;SELL
2016-02-08T00:25:31.460000;2016-02-08T00:25:31.573000;eef42f76-3e7b-47fd-9b5c-8a17cceef71f;376.94;0.00023074;SELL
2016-02-08T00:26:01.523000;2016-02-08T00:26:01.527000;923ebab6-bfc0-4a29-ae3e-b9e69dba6a7b;377.09;0.01;BUY
2016-02-08T00:26:01.523000;2016-02-08T00:26:01.543000;5b86d4ce-c214-478b-a7bf-67a33159f3ff;377.11;0.01;BUY
2016-02-08T00:26:01.523000;2016-02-08T00:26:01.543000;de3b7cf9-d75d-403c-9b93-320882f06a2b;377.11;0.01;BUY
2016-02-08T00:26:01.523000;2016-02-08T00:26:01.557000;a2c61829-165a-4cbb-82b9-35e532bca3c3;377.14;0.11016;BUY
2016-02-08T00:26:31.510000;2016-02-08T00:26:31.510000;36af3c82-5e72-4b02-9d4e-3097434958e8;377.13;0.01;BUY
2016-02-08T00:26:31.510000;2016-02-08T00:26:31.527000;47f51981-1541-44fe-86cc-2e99cd7dbd07;377.14;0.18737;BUY
2016-02-08T00:27:01.577000;2016-02-08T00:27:01.607000;7dc986ed-156c-4173-8a85-6b6e6013db33;377.14;1.28784;BUY
2016-02-08T00:27:31.520000;2016-02-08T00:27:31.560000;2f42003b-052c-44b9-8158-72e884270d78;377.13;0.013;SELL
2016-02-08T00:27:31.523000;2016-02-08T00:27:31.577000;3c6bcde5-27a9-4276-80a6-905a22c434e9;377.13;0.118;SELL
2016-02-08T00:27:31.523000;2016-02-08T00:27:31.577000;5fbdfe04-d610-476a-bc58-b639bf0bd3bb;377.12;0.013;SELL
2016-02-08T00:27:31.523000;2016-02-08T00:27:31.577000;79fd3cb2-9b47-4019-bfe8-ee9d501c2b28;377.12;0.083;SELL
2016-02-08T00:27:31.523000;2016-02-08T00:27:31.590000;a24bef50-24d9-4022-aab1-f69f31fa5b99;377.11;0.013;SELL
2016-02-08T00:27:31.523000;2016-02-08T00:27:31.590000;97d00a12-998a-4595-94e9-4e913ac7d77a;377.1;0.013;SELL
2016-02-08T00:27:31.523000;2016-02-08T00:27:31.590000;247dbf4b-2ba9-41ab-a561-1011b6790c05;377.09;0.09;SELL
2016-02-08T00:27:31.523000;2016-02-08T00:27:31.590000;69af47a7-86c7-4b16-afdb-38000446ab86;377.06;0.114;SELL
2016-02-08T00:27:31.523000;2016-02-08T00:27:31.590000;e17e47ec-c6a0-4031-a0b9-1c0cdfbf5647;377.05;0.013;SELL
2016-02-08T00:27:31.523000;2016-02-08T00:27:31.607000;04f046eb-aaa2-4f05-b840-85eeee90c5b9;377.04;0.013;SELL
2016-02-08T00:27:31.523000;2016-02-08T00:27:31.607000;5511ba01-7e4c-4a5e-895d-adb0cb6a0869;377.03;0.013;SELL
2016-02-08T00:27:31.523000;2016-02-08T00:27:31.607000;5a692290-434c-4d09-9f8c-28d880a67f14;377.03;0.096;SELL
2016-02-08T00:27:31.523000;2016-02-08T00:27:31.607000;ffd39ea0-d46b-4fc8-a396-4c4850641c93;377.02;0.01;SELL
2016-02-08T00:27:31.523000;2016-02-08T00:27:31.607000;faafd997-d13e-4257-a530-1dc7b05b6c5b;377.01;0.27006;SELL
2016-02-08T00:28:31.510000;2016-02-08T00:28:31.543000;2eb13c05-4b53-49d6-9cf4-81bbb2647123;377.12;0.012;SELL
2016-02-08T00:28:31.510000;2016-02-08T00:28:31.560000;ed9f217a-2d83-4fae-9dbc-afcc01b43901;377.11;0.012;SELL
2016-02-08T00:28:31.510000;2016-02-08T00:28:31.560000;01b46ae2-aa96-4e77-aaae-04fd009af35c;377.11;0.094;SELL
2016-02-08T00:28:31.510000;2016-02-08T00:28:31.560000;7de16edc-08a9-4bd8-83ee-fad12c88491a;377.1;0.012;SELL
2016-02-08T00:28:31.510000;2016-02-08T00:28:31.560000;a440d391-f492-4338-8e10-0fb9f30ee511;377.08;0.089;SELL
2016-02-08T00:28:31.510000;2016-02-08T00:28:31.653000;e8952f2e-2cf1-437e-a09f-4ba9a0df51b1;377.05;0.101;SELL
2016-02-08T00:28:31.510000;2016-02-08T00:28:31.653000;ea38d0b1-e953-42fc-a627-9f81deacd41b;377.04;0.012;SELL
2016-02-08T00:28:31.510000;2016-02-08T00:28:31.653000;db5e6ffe-742a-4b9c-9bad-877b81155783;377.03;0.012;SELL
2016-02-08T00:28:31.510000;2016-02-08T00:28:31.653000;04c977ac-7f61-4aa1-99ef-66e49b19f626;377.02;0.013;SELL
2016-02-08T00:28:31.510000;2016-02-08T00:28:31.653000;380a95d1-0b4b-4cac-bd69-fc6d4e9ab9bd;377.02;0.123;SELL
2016-02-08T00:28:31.510000;2016-02-08T00:28:31.653000;a5b179d1-2fc5-447c-a877-b634a08e9b0b;377.0;0.01;SELL
2016-02-08T00:28:31.510000;2016-02-08T00:28:31.653000;3156d905-b928-46f0-891e-8a7e384fcbab;377.0;0.01;SELL
2016-02-08T00:28:31.510000;2016-02-08T00:28:31.653000;9271c4c6-882f-449f-b6a1-1d17664dea1a;376.99;0.127;SELL
2016-02-08T00:28:31.513000;2016-02-08T00:28:31.653000;0ecf94df-9748-4ecc-a808-8007de7a388d;376.97;0.013;SELL
2016-02-08T00:28:31.513000;2016-02-08T00:28:31.653000;a2d4e4d5-07fe-40ad-b0a4-37e2185be5f9;376.97;0.28;SELL
2016-02-08T00:28:31.513000;2016-02-08T00:28:31.653000;6860f775-fed1-42fc-ae6e-d3f7ff5b8e6c;376.96;0.013;SELL
2016-02-08T00:28:31.513000;2016-02-08T00:28:31.653000;f5dcb0ff-42f1-42c7-ab9d-30eb6a2d48c5;376.96;0.088;SELL
2016-02-08T00:28:31.513000;2016-02-08T00:28:31.653000;37863dd1-02be-4aa9-be5c-f1ddb4f07bb3;376.96;0.42;SELL
2016-02-08T00:28:31.513000;2016-02-08T00:28:31.653000;8bcd9167-8a70-4686-9a02-02ce2036a133;376.95;0.013;SELL
2016-02-08T00:28:31.513000;2016-02-08T00:28:31.653000;cf4ffe49-b189-4867-9450-0ac3bfa9cbc1;376.94;0.00875;SELL
2016-02-08T00:29:01.573000;2016-02-08T00:29:01.607000;5cbbd9af-79b2-4d0b-9d78-dee2e2f4268a;377.07;0.012;BUY
2016-02-08T00:29:01.573000;2016-02-08T00:29:01.623000;574de123-7782-4bf7-8519-f8afc5159dbe;377.08;0.05;BUY
2016-02-08T00:29:01.573000;2016-02-08T00:29:01.623000;092bc122-0f62-4378-bd65-0613b2d2e225;377.09;0.01;BUY
2016-02-08T00:29:01.573000;2016-02-08T00:29:01.623000;7cf59008-5c03-42c7-a21a-df65bd5ebe3c;377.09;0.01;BUY
2016-02-08T00:29:01.573000;2016-02-08T00:29:01.640000;a1018747-93d1-487e-b4bd-3646721b91c9;377.1;0.25;BUY
2016-02-08T00:29:01.573000;2016-02-08T00:29:01.717000;618e811e-5fcc-410a-b9d6-a21c2a00f547;377.11;0.01;BUY
2016-02-08T00:29:01.573000;2016-02-08T00:29:01.717000;a5382d29-9f0e-4cb0-8a0a-00c0fe39b4bb;377.11;0.01;BUY
2016-02-08T00:29:01.573000;2016-02-08T00:29:01.717000;0e400324-1de2-43e5-9051-d6ed892d22af;377.13;0.041;BUY
2016-02-08T00:29:01.573000;2016-02-08T00:29:01.717000;707e7269-5e72-42ec-9534-7ce4a01a572c;377.13;0.31648;BUY
2016-02-08T00:29:31.397000;2016-02-08T00:29:31.437000;2131535c-76a7-4fc7-966c-a826834e97a2;377.11;0.012;SELL
2016-02-08T00:29:31.397000;2016-02-08T00:29:31.450000;136fbaf9-860d-4f95-ad4d-11b6d4c02c17;377.1;0.012;SELL
2016-02-08T00:29:31.397000;2016-02-08T00:29:31.450000;6fcc30c5-8deb-4362-a2d5-886e0858cd70;377.1;0.074;SELL
2016-02-08T00:29:31.397000;2016-02-08T00:29:31.450000;cf49dfb9-97e9-4966-ac6a-e75f972377bb;377.09;0.012;SELL
2016-02-08T00:29:31.397000;2016-02-08T00:29:31.467000;5d872922-c4b5-40a8-91a8-20c1ebff7294;377.07;0.129;SELL
2016-02-08T00:29:31.400000;2016-02-08T00:29:31.467000;0efc14c2-4170-41d1-a1a4-c65ecf27133d;377.06;0.012;SELL
2016-02-08T00:29:31.400000;2016-02-08T00:29:31.467000;33d8507c-8f71-451d-88dd-c79fc48238a6;377.05;0.012;SELL
2016-02-08T00:29:31.400000;2016-02-08T00:29:31.467000;2aeb8c00-b7df-433e-abef-257c29a196b6;377.05;0.24;SELL
2016-02-08T00:29:31.400000;2016-02-08T00:29:31.483000;6a3a21be-36de-4b74-9874-a82767dc3e5e;377.04;0.012;SELL
2016-02-08T00:29:31.400000;2016-02-08T00:29:31.483000;b9277f3f-0bde-4f98-ac12-9eddd46738a0;377.04;0.081;SELL
2016-02-08T00:29:31.400000;2016-02-08T00:29:31.483000;f96d02cc-f5b5-45f0-8805-23cbeb521ab0;377.03;0.01;SELL
2016-02-08T00:29:31.400000;2016-02-08T00:29:31.513000;4bd237cb-80cb-4327-b894-b4e8fc79d026;377.03;0.105;SELL
2016-02-08T00:29:31.400000;2016-02-08T00:29:31.513000;4b591ed0-765e-4524-9e56-37c70600431b;377.01;0.01;SELL
2016-02-08T00:29:31.400000;2016-02-08T00:29:31.513000;ff929df9-7ceb-47ee-aac8-8e1d5e39ce75;377.01;0.01;SELL
2016-02-08T00:29:31.400000;2016-02-08T00:29:31.530000;766de790-ad8c-440a-8a6f-1da4c688f0be;377.0;0.113;SELL
2016-02-08T00:29:31.400000;2016-02-08T00:29:31.543000;d206f18b-79ef-4900-986e-3e8d7cb93a5f;376.99;0.01;SELL
2016-02-08T00:29:31.400000;2016-02-08T00:29:31.543000;795a8350-67b9-41cd-b8fe-229b9f8488bb;376.98;0.14;SELL
2016-02-08T00:29:31.400000;2016-02-08T00:29:31.543000;62fc7170-562f-4a00-98f6-4869a1715d77;376.97;0.012;SELL
2016-02-08T00:29:31.400000;2016-02-08T00:29:31.543000;21f5cf64-7370-4151-8efb-25c6aff0ef9c;376.97;0.128;SELL
2016-02-08T00:29:31.400000;2016-02-08T00:29:31.543000;da508439-1ad1-4c9a-bd98-a79ccfcc852a;376.97;0.14;SELL
2016-02-08T00:29:31.403000;2016-02-08T00:29:31.543000;e30a14c6-648f-4fb8-9f79-911f47ac8d46;376.96;0.012;SELL
2016-02-08T00:29:31.403000;2016-02-08T00:29:31.543000;20b86afe-781c-4845-9e06-2dcf64aff37a;376.96;0.42;SELL
2016-02-08T00:29:31.403000;2016-02-08T00:29:31.543000;f5fd5cde-d2f8-4f27-a550-cf719395ed59;376.95;0.012;SELL
2016-02-08T00:29:31.403000;2016-02-08T00:29:31.543000;f2cd1efb-2076-4a38-a545-572ad2b04d9a;376.95;0.2708;SELL
2016-02-08T00:30:01.373000;2016-02-08T00:30:01.403000;ac16bab8-bb23-48b6-a796-30d3593d1379;377.07;0.01;BUY
2016-02-08T00:30:01.373000;2016-02-08T00:30:01.420000;b9a95837-79f4-4f0c-93ea-b3d13c281dd1;377.09;0.01;BUY
2016-02-08T00:30:01.373000;2016-02-08T00:30:01.420000;9009e1ed-b243-4aae-9755-a7a363445b75;377.09;0.01;BUY
2016-02-08T00:30:01.373000;2016-02-08T00:30:01.420000;738f6458-dbff-47f6-b416-43a1864f7623;377.11;0.05;BUY
2016-02-08T00:30:01.373000;2016-02-08T00:30:01.437000;03d7fae8-5e09-4ec6-bf77-116d89f44649;377.11;0.05882;BUY
2016-02-08T00:30:29.150000;2016-02-08T00:30:29.327000;9fcf8bd4-83ef-489f-be12-849b700e07a6;377.13;0.0156;BUY
2016-02-08T00:30:31.423000;2016-02-08T00:30:31.590000;9ff2e210-fc4f-4b92-8be9-c332e36a97b7;377.13;0.22274;BUY
2016-02-08T00:31:02.213000;2016-02-08T00:31:02.340000;c5d5009d-5521-4ab2-a586-ddceffc150e8;377.13;0.01774;BUY
2016-02-08T00:31:06.087000;2016-02-08T00:31:06.310000;7cb93aa9-59fc-4dea-8297-d02a9dbc0719;377.13;0.018;BUY
2016-02-08T00:31:31.317000;2016-02-08T00:31:31.343000;54e95deb-d97f-4846-81b5-e0929fb4d156;377.12;0.012;SELL
2016-02-08T00:31:31.320000;2016-02-08T00:31:31.373000;68e737ab-042a-4792-b17f-07848a089a60;377.11;0.012;SELL
2016-02-08T00:31:31.320000;2016-02-08T00:31:31.373000;c9613075-ce27-4a6b-9bf3-fed386f9fa0f;377.1;0.012;SELL
2016-02-08T00:31:31.320000;2016-02-08T00:31:31.373000;903859c1-e3d8-4a76-926e-466d8fe18180;377.09;0.012;SELL
2016-02-08T00:31:31.320000;2016-02-08T00:31:31.390000;45b332bc-8f79-4722-a578-1e940c212931;377.08;0.012;SELL
2016-02-08T00:31:31.320000;2016-02-08T00:31:31.390000;dcf9e2dc-2a8a-4c34-8ecb-85fc8e688eb4;377.07;0.012;SELL
2016-02-08T00:31:31.320000;2016-02-08T00:31:31.437000;a9f9eb25-02f5-4e76-8fdc-bb070642e330;377.06;0.012;SELL
2016-02-08T00:31:31.320000;2016-02-08T00:31:31.450000;69168e14-b55e-41b9-bdbf-d37bb909fd6b;377.05;0.012;SELL
2016-02-08T00:31:31.320000;2016-02-08T00:31:31.450000;9396775c-1c3e-4a1b-876b-89d7d25e3c17;377.04;0.012;SELL
2016-02-08T00:31:31.320000;2016-02-08T00:31:31.450000;9147ca31-2e56-4244-bdd6-3c2bb689f63a;377.03;0.012;SELL
2016-02-08T00:31:31.320000;2016-02-08T00:31:31.450000;603bae57-5b84-4385-bbca-c9ec17c5719b;377.02;0.012;SELL
2016-02-08T00:31:31.320000;2016-02-08T00:31:31.450000;91ebd091-a329-4c2e-8a84-f09ab1cd0cb4;377.0;0.28;SELL
2016-02-08T00:31:31.320000;2016-02-08T00:31:31.450000;ca50151f-1c86-4d77-ab2a-d9069ed4202e;376.99;0.01;SELL
2016-02-08T00:31:31.320000;2016-02-08T00:31:31.450000;c32a69ca-8e85-45de-adac-d8d16d1b27af;376.99;0.01;SELL
2016-02-08T00:31:31.320000;2016-02-08T00:31:31.450000;5c890cab-6bc9-4b53-a113-dc9d861b8b78;376.98;0.7;SELL
2016-02-08T00:31:31.320000;2016-02-08T00:31:31.450000;e35b2ac8-533d-40f5-b5ae-f0b9c5efcdcb;376.97;0.01;SELL
2016-02-08T00:31:31.320000;2016-02-08T00:31:31.450000;a4ea2a1f-ae7d-4571-8187-f2216726b193;376.97;0.012;SELL
2016-02-08T00:31:31.320000;2016-02-08T00:31:31.450000;d1d3bbb3-d8f4-4287-9d60-924b00525073;376.97;0.83721;SELL
2016-02-08T00:31:54.360000;2016-02-08T00:31:54.483000;0e46ee81-ff7d-4f1f-b31e-4e3b8e01ef0f;377.03;0.01;SELL
2016-02-08T00:31:54.360000;2016-02-08T00:31:54.497000;ac837583-9097-43fe-bc7d-d6017e82489c;377.01;0.14;SELL
2016-02-08T00:31:54.360000;2016-02-08T00:31:54.497000;fc4ed655-47ed-43f0-ace1-0d3fe4c2ffa0;377.0;0.011;SELL
2016-02-08T00:31:54.360000;2016-02-08T00:31:54.593000;06c694fb-dfde-4055-a6f4-00492bd5ee4f;377.0;0.00911507;SELL
2016-02-08T00:32:01.570000;2016-02-08T00:32:01.687000;5a450850-007d-4c4b-856d-6e66041a8a4b;377.08;0.034;BUY
2016-02-08T00:32:01.570000;2016-02-08T00:32:01.700000;eed9437e-9910-45d4-9338-5816e2991b32;377.09;0.01;BUY
2016-02-08T00:32:01.570000;2016-02-08T00:32:01.700000;5ec21234-53c4-4800-93eb-32de92d3abd8;377.11;0.018;BUY
2016-02-08T00:32:01.570000;2016-02-08T00:32:01.700000;3156eccb-2691-47ce-8fa0-83b53e9be420;377.12;0.05;BUY
2016-02-08T00:32:01.570000;2016-02-08T00:32:01.733000;0394870d-4869-483f-9f18-4ac771c66183;377.13;0.41407;BUY
2016-02-08T00:32:24.147000;2016-02-08T00:32:24.247000;be064587-02cc-43be-8d36-e4cf913a1d68;377.12;0.011;BUY
2016-02-08T00:32:24.147000;2016-02-08T00:32:24.263000;2290c97d-6805-4d3e-8253-8cf2ec8d6693;377.13;0.359;BUY
2016-02-08T00:32:31.470000;2016-02-08T00:32:31.497000;82a87349-b144-411a-8755-f99f8538de8a;377.13;1.00704;BUY
2016-02-08T00:33:01.523000;2016-02-08T00:33:01.543000;ef41a645-df2e-450a-94ff-05bd42cd3656;377.13;0.62933;BUY
2016-02-08T00:33:01.527000;2016-02-08T00:33:01.560000;282ec41c-9e8d-4d7c-84b8-0e823b540fbe;377.14;0.10575;BUY
2016-02-08T00:34:32.000000;2016-02-08T00:34:32.013000;725cf960-8c94-4ff8-bd12-d3fd54b24117;377.13;0.011;SELL
2016-02-08T00:34:32.003000;2016-02-08T00:34:32.030000;add7e57f-7a81-4763-957e-392f66c39751;377.13;1.9756;SELL
2016-02-08T00:35:01.473000;2016-02-08T00:35:01.483000;e52bdaf9-86d0-49fd-95f9-12d16dbe39ab;377.13;0.02539;SELL
2016-02-08T00:35:31.603000;2016-02-08T00:35:31.623000;c958f18f-733e-4f5e-bf5a-ea727df6365f;377.13;0.02735;SELL
2016-02-08T00:36:22.200000;2016-02-08T00:36:22.233000;73236c81-2f93-4913-b198-378c037a907a;377.13;0.3963;SELL
2016-02-08T00:36:31.457000;2016-02-08T00:36:31.467000;44183fe5-5cc7-4eb1-af8a-d4c8a4e39ff2;377.14;0.22681;BUY
2016-02-08T00:36:42.300000;2016-02-08T00:36:42.310000;007b2492-7085-42c9-9ba4-bf4e0787e9ab;377.14;0.11;BUY
2016-02-08T00:37:01.617000;2016-02-08T00:37:01.623000;fef0f5aa-074c-4237-9b1b-8978ed2a5fe2;377.14;0.07359;BUY
2016-02-08T00:37:31.430000;2016-02-08T00:37:31.437000;33b348d0-ea70-4ab7-81de-fba4b74b3e29;377.13;5.35816;SELL
2016-02-08T00:38:31.457000;2016-02-08T00:38:31.467000;57a22071-4f09-4843-a11c-fb5629d2078a;377.13;0.22112;SELL
2016-02-08T00:39:01.567000;2016-02-08T00:39:01.577000;6c578c4a-eb48-4489-b1d7-acb6bf670deb;377.13;0.05256;SELL
2016-02-08T00:39:31.570000;2016-02-08T00:39:31.577000;ff9b51aa-382d-47f1-b477-12550e8f921c;377.14;0.56723;BUY
2016-02-08T00:40:01.407000;2016-02-08T00:40:01.420000;770044e6-eb24-4ee1-8397-c56c61bd6cb4;377.14;1.14199;BUY
2016-02-08T00:40:31.353000;2016-02-08T00:40:31.357000;75cfe4cc-7b17-43d5-b8f2-0200d4e819f2;377.13;0.13246;SELL
2016-02-08T00:41:01.427000;2016-02-08T00:41:01.420000;1d95b14e-5930-4910-bae3-7c4d3e263f21;377.13;1.87267;SELL
2016-02-08T00:41:25.210000;2016-02-08T00:41:25.233000;fa9554e7-3434-469a-8929-94619fc9dbf7;377.14;13.10656631;BUY
2016-02-08T00:41:25.210000;2016-02-08T00:41:25.247000;8178a159-ecbb-4074-a29e-16f0a50bfa27;377.15;0.01;BUY
2016-02-08T00:41:25.210000;2016-02-08T00:41:25.247000;a4666aae-4bc8-453d-ad35-ef7edbe3f737;377.15;0.1;BUY
2016-02-08T00:41:25.210000;2016-02-08T00:41:25.247000;0bc9cf0c-4a17-4742-970c-c12847feb2c3;377.17;0.01;BUY
2016-02-08T00:41:25.210000;2016-02-08T00:41:25.247000;407ee2ea-9112-4207-80f8-86f3072e6d85;377.19;0.01;BUY
2016-02-08T00:41:25.210000;2016-02-08T00:41:25.247000;41a80011-d048-4a39-8ab6-c4f6871a6702;377.21;0.01;BUY
2016-02-08T00:41:25.210000;2016-02-08T00:41:25.247000;b67a9b03-ae28-4e19-b947-46083a90c221;377.23;0.01;BUY
2016-02-08T00:41:25.210000;2016-02-08T00:41:25.247000;25ea1f50-fba5-41b4-a860-eb438c2d459b;377.25;0.01;BUY
2016-02-08T00:41:25.210000;2016-02-08T00:41:25.327000;ea2816ba-0d0b-436d-a90b-101474372a39;377.26;0.01;BUY
2016-02-08T00:41:25.210000;2016-02-08T00:41:25.327000;a16f7005-c6c6-4511-af58-b9c073f78850;377.29;0.05;BUY
2016-02-08T00:41:25.210000;2016-02-08T00:41:25.327000;2a589447-829c-4c93-bcd0-d9e5fc840457;377.3;0.05;BUY
2016-02-08T00:41:25.210000;2016-02-08T00:41:25.327000;56caf844-1db5-4c79-bb2b-1ac506fcd07c;377.3;0.05;BUY
2016-02-08T00:41:25.210000;2016-02-08T00:41:25.327000;e68d5f68-7db0-4b47-9c58-788e154cd2df;377.37;1.292;BUY
2016-02-08T00:41:25.210000;2016-02-08T00:41:25.327000;33fa5653-4d57-41d9-936d-27cdec1cc2ac;377.38;0.01;BUY
2016-02-08T00:41:25.213000;2016-02-08T00:41:25.327000;7fbcb817-ba7e-4f7a-aa55-5dc16144663b;377.38;0.01;BUY
2016-02-08T00:41:25.213000;2016-02-08T00:41:25.327000;dc9c2bf2-c4bb-4c2d-98ff-d022dbcf0648;377.39;0.01;BUY
2016-02-08T00:41:25.213000;2016-02-08T00:41:25.327000;d38aea70-41c6-4823-bbed-9cc07f419f87;377.39;0.05;BUY
2016-02-08T00:41:25.213000;2016-02-08T00:41:25.327000;2cd6201e-4f9d-43fd-97ec-08915efe586f;377.39;0.01;BUY
2016-02-08T00:41:25.213000;2016-02-08T00:41:25.327000;f20d24a2-1466-49c4-b77e-84004b9266bb;377.39;0.011;BUY
2016-02-08T00:41:25.213000;2016-02-08T00:41:25.327000;2ae8578e-cdc4-4a49-b257-d96d4552eb86;377.39;1.322;BUY
2016-02-08T00:41:25.213000;2016-02-08T00:41:25.327000;c0fa36fa-d05e-4080-9fcd-78890e1acd7c;377.41;0.01;BUY
2016-02-08T00:41:25.213000;2016-02-08T00:41:25.327000;c35fabc8-ac01-447c-9281-a17f85bcc0d5;377.41;0.05;BUY
2016-02-08T00:41:25.213000;2016-02-08T00:41:25.327000;e5a5cba9-d249-4de2-a12e-9565270fb75c;377.42;1.335;BUY
2016-02-08T00:41:25.213000;2016-02-08T00:41:25.327000;53488661-61b2-404d-9c50-517758305aea;377.43;0.01;BUY
2016-02-08T00:41:25.213000;2016-02-08T00:41:25.327000;04862f43-13e3-456e-9dfd-22559e0203f3;377.43;0.05;BUY
2016-02-08T00:41:25.213000;2016-02-08T00:41:25.327000;91f2d8dd-ae3c-487a-bc07-a2fa981d50a8;377.44;0.05;BUY
2016-02-08T00:41:25.213000;2016-02-08T00:41:25.327000;150fc13d-8f63-4956-bf29-1ea37c609ae3;377.45;0.01;BUY
2016-02-08T00:41:25.213000;2016-02-08T00:41:25.327000;407bbe31-8d3e-42b1-acd8-cbe84681ce76;377.47;0.01;BUY
2016-02-08T00:41:25.213000;2016-02-08T00:41:25.343000;c665d777-4ecb-4216-927a-eae4d7535baf;377.47;1.299;BUY
2016-02-08T00:41:25.213000;2016-02-08T00:41:25.343000;bb65f65c-611c-4c39-9b59-3346901beb27;377.48;0.039;BUY
2016-02-08T00:41:25.217000;2016-02-08T00:41:25.343000;19c3eb40-77ad-4e2f-858a-ebe0003de8c5;377.48;0.02;BUY
2016-02-08T00:41:25.217000;2016-02-08T00:41:25.343000;129695a9-b9da-479e-9ef1-41538a751e21;377.49;0.28;BUY
2016-02-08T00:41:25.217000;2016-02-08T00:41:25.343000;ab0daa7f-eb23-4450-8d99-d0d213ab7fc1;377.5;0.01238;BUY
2016-02-08T00:41:25.217000;2016-02-08T00:41:25.343000;adca3646-fc23-43ef-835e-9d0d7f6bbd91;377.5;0.01;BUY
2016-02-08T00:41:25.217000;2016-02-08T00:41:25.343000;33df7a97-35e3-4922-92c8-7c193ee2cd9a;377.5;0.02644;BUY
2016-02-08T00:41:25.217000;2016-02-08T00:41:25.343000;6f5fb407-c91b-4fac-a669-293767bd9c30;377.5;1.343;BUY
2016-02-08T00:41:25.217000;2016-02-08T00:41:25.343000;9f545624-dd76-4d6e-822c-80e4a15073e8;377.52;1.54;BUY
2016-02-08T00:41:25.217000;2016-02-08T00:41:25.390000;4d011e23-b6b8-42f7-9383-812179973783;377.53;1.326;BUY
2016-02-08T00:41:25.217000;2016-02-08T00:41:25.403000;c5457b8a-0a9b-4264-adcf-08bdc12c628f;377.55;1.43761369;BUY
2016-02-08T00:41:31.427000;2016-02-08T00:41:31.450000;00d905d8-5d3d-421b-864d-640b9467f92b;377.3;0.01;BUY
2016-02-08T00:41:31.427000;2016-02-08T00:41:31.450000;55eccb07-354f-4fdb-9c0e-8169b34f0a51;377.3;0.01;BUY
2016-02-08T00:41:31.427000;2016-02-08T00:41:31.450000;4f360e58-4da8-4503-bf19-55ba2204a036;377.32;0.01;BUY
2016-02-08T00:41:31.427000;2016-02-08T00:41:31.450000;d14f96d5-cc95-41e2-8b8c-fb66df704db1;377.34;0.00162;BUY
2016-02-08T00:41:49.630000;2016-02-08T00:41:49.653000;20fab008-57df-477e-b4bb-5bea60c6cd98;377.34;0.00838;BUY
2016-02-08T00:41:49.630000;2016-02-08T00:41:49.653000;eb1d99e3-8d61-4296-b545-bb799528b0a3;377.53;0.01;BUY
2016-02-08T00:41:49.630000;2016-02-08T00:41:49.653000;a5604c25-7d3d-42e3-9fd1-f4aa9cafa018;377.53;0.01;BUY
2016-02-08T00:41:49.630000;2016-02-08T00:41:49.670000;4b0b5397-9002-498f-9bdf-dfafbf5f2f97;377.57;0.01;BUY
2016-02-08T00:41:49.630000;2016-02-08T00:41:49.670000;03e37b8d-f713-414b-8f3f-015b36f21a9d;377.57;0.01;BUY
2016-02-08T00:41:49.630000;2016-02-08T00:41:49.670000;e383dfea-e90d-43fd-b618-7d970a79717e;377.57;0.023;BUY
2016-02-08T00:41:49.630000;2016-02-08T00:41:49.670000;8c36fb94-b17f-4e11-9d2d-dae044bc3e79;377.59;0.01;BUY
2016-02-08T00:41:49.630000;2016-02-08T00:41:49.670000;bf82a6a6-6443-43b3-aa4d-a1691e052937;377.59;0.01;BUY
2016-02-08T00:41:49.630000;2016-02-08T00:41:49.670000;24697fe5-0f07-4c1f-8110-bc064d7585da;377.61;0.01;BUY
2016-02-08T00:41:49.630000;2016-02-08T00:41:49.670000;fe289b74-2026-488b-aca8-4e83f1fa67f8;377.64;0.04762;BUY
2016-02-08T00:41:49.630000;2016-02-08T00:41:49.670000;61cd6bc8-45ef-4890-aefb-7df2eecc7bb3;377.66;0.08;BUY
2016-02-08T00:41:49.630000;2016-02-08T00:41:49.670000;d3445d69-3e87-4587-a629-3c188c867f20;377.68;0.01;BUY
2016-02-08T00:41:49.633000;2016-02-08T00:41:49.700000;23fa1134-d013-4781-ab00-6fac40f46d85;377.68;0.14;BUY
2016-02-08T00:41:49.633000;2016-02-08T00:41:49.700000;d2050b65-7570-409f-b3b9-ecdf0ae0ba51;377.69;0.092;BUY
2016-02-08T00:41:49.633000;2016-02-08T00:41:49.700000;45daa170-2914-4fec-bffb-603e7be43226;377.7;0.01;BUY
2016-02-08T00:41:49.633000;2016-02-08T00:41:49.700000;1547b7d2-ffc0-4864-ac8c-baa084e5e641;377.7;0.14;BUY
2016-02-08T00:41:49.633000;2016-02-08T00:41:49.700000;7c0dc581-9fdd-40eb-a5dd-9a6a9ef41463;377.72;0.124;BUY
2016-02-08T00:41:49.633000;2016-02-08T00:41:49.700000;0e08cbdc-d361-48a1-920c-831893c69e4b;377.73;0.04;BUY
2016-02-08T00:41:49.633000;2016-02-08T00:41:49.717000;4308bef8-540b-4476-9963-b3cdef473893;377.73;0.05;BUY
2016-02-08T00:41:49.633000;2016-02-08T00:41:49.717000;967623aa-2b6c-4a62-a678-5e24549f0a7f;377.74;0.05;BUY
2016-02-08T00:41:49.633000;2016-02-08T00:41:49.717000;55da5a2a-d79a-4e51-ac87-37310021ae72;377.75;0.05;BUY
2016-02-08T00:41:49.633000;2016-02-08T00:41:49.717000;dd603a3d-d24e-41de-b450-52e0fc291f32;377.75;0.078;BUY
2016-02-08T00:41:49.633000;2016-02-08T00:41:49.733000;7b8c3a71-c1f4-49b6-b4fb-a6fd9b3d2823;377.76;0.05;BUY
2016-02-08T00:41:49.633000;2016-02-08T00:41:49.733000;f5da26f0-5e3a-40d0-a207-898411955691;377.77;0.05;BUY
2016-02-08T00:41:49.633000;2016-02-08T00:41:49.733000;86f1bf13-2694-4188-95af-8c446e192c58;377.77;1.336;BUY
2016-02-08T00:41:49.633000;2016-02-08T00:41:49.733000;c4bd9ca7-ff4f-4c06-a339-ae75e929c961;377.78;0.05;BUY
2016-02-08T00:41:49.633000;2016-02-08T00:41:49.733000;1ed3f6cf-cbb3-48ae-9196-09edf45bf55c;377.79;0.046;BUY
2016-02-08T00:41:49.633000;2016-02-08T00:41:49.733000;287589e7-45dd-43b7-bdb2-05ad19683782;377.79;2.0;BUY
2016-02-08T00:41:49.633000;2016-02-08T00:41:49.733000;f5e8c061-337e-4aee-abea-524cdc739937;377.8;1.314;BUY
2016-02-08T00:41:49.633000;2016-02-08T00:41:49.763000;02c1259e-a21e-4b7b-861e-c1f1a9b37279;377.83;1.343;BUY
2016-02-08T00:42:10.883000;2016-02-08T00:42:10.943000;1ed07960-b5a5-4563-8638-2bf1e4b22096;377.75;0.04;SELL
2016-02-08T00:42:13.723000;2016-02-08T00:42:13.790000;eb20bcf2-ff67-4c3b-9f7e-5c4600ec0f2b;377.83;0.704;BUY
2016-02-08T00:42:13.723000;2016-02-08T00:42:13.790000;cb2430b0-d342-4bba-bf4a-572bcb089a3b;377.86;0.692;BUY
2016-02-08T00:42:13.723000;2016-02-08T00:42:13.790000;b2c7c27d-d063-4a4b-8b02-77e7df79074d;377.87;0.704;BUY
2016-02-08T00:42:13.723000;2016-02-08T00:42:13.790000;8b03be02-fce4-4648-9400-fdd473ecabc9;377.88;0.704;BUY
2016-02-08T00:42:13.723000;2016-02-08T00:42:13.803000;41ee9195-a03b-451a-8843-16353babdc68;377.89;0.03;BUY
2016-02-08T00:42:13.723000;2016-02-08T00:42:13.820000;70972e26-ebda-4194-bf3b-4fb73e4deab9;377.89;0.714;BUY
2016-02-08T00:42:13.727000;2016-02-08T00:42:13.820000;48484ee6-a869-4a9a-bed9-0006027757b6;377.9;0.73;BUY
2016-02-08T00:42:13.727000;2016-02-08T00:42:13.820000;52f7f93b-d0ce-480d-a0c4-ad4a07fe12cf;377.91;0.683;BUY
2016-02-08T00:42:13.727000;2016-02-08T00:42:13.820000;c37b9ab9-4630-4593-8e79-6982ad90bcf1;377.92;0.01;BUY
2016-02-08T00:42:13.727000;2016-02-08T00:42:13.820000;fbde1796-874e-42ed-95a6-49edbf7a0c93;377.94;0.01;BUY
2016-02-08T00:42:13.727000;2016-02-08T00:42:13.820000;b9a6cbf0-16cd-4b91-b959-8000f58abea4;377.94;0.01;BUY
2016-02-08T00:42:13.727000;2016-02-08T00:42:13.820000;48f0b6db-732a-4dbf-8fc2-5cea8a6342fa;377.94;0.707;BUY
2016-02-08T00:42:13.760000;2016-02-08T00:42:13.837000;784388ab-80d3-4141-a209-20a94d4974db;377.94;0.686;SELL
2016-02-08T00:42:31.663000;2016-02-08T00:42:31.727000;78c7ff8f-0ccd-44ae-a4cb-3ff5990ec7bd;377.92;0.0491;SELL
2016-02-08T00:42:44.217000;2016-02-08T00:42:44.273000;55ae912a-8c1f-4b1a-87cb-371d192ac41c;377.95;0.42;SELL
2016-02-08T00:42:44.217000;2016-02-08T00:42:44.273000;24ad156c-6fd1-46d6-b003-cd7de0d3f0f4;377.95;4.06;SELL
2016-02-08T00:42:44.217000;2016-02-08T00:42:44.290000;73c73ede-22f1-4baa-9315-bb52e486463f;377.94;0.011;SELL
2016-02-08T00:42:44.217000;2016-02-08T00:42:44.303000;9bb86c5e-89c0-4738-bde7-012678ea18f7;377.94;6.58;SELL
2016-02-08T00:42:44.220000;2016-02-08T00:42:44.303000;f2842ae1-dbf7-4028-a2ef-4ccb2ac530e8;377.94;4.7578;SELL
2016-02-08T00:43:01.557000;2016-02-08T00:43:01.617000;1b6f12fe-d569-4967-ba32-f066f3e772e1;377.96;0.01;BUY
2016-02-08T00:43:01.560000;2016-02-08T00:43:01.633000;d13f3bfc-16d7-4eec-8be6-83c0ec37b6f5;377.96;0.01;BUY
2016-02-08T00:43:01.560000;2016-02-08T00:43:01.633000;f43b9c4a-82f4-4502-88c6-c7f0ba808246;377.98;0.01;BUY
2016-02-08T00:43:01.560000;2016-02-08T00:43:01.633000;b8805751-3e4c-43df-b4f3-85b694be93f0;377.99;0.102;BUY
2016-02-08T00:43:01.560000;2016-02-08T00:43:01.633000;3271a116-c997-4fa4-a97c-031925add929;378.0;0.0026;BUY
2016-02-08T00:43:05.193000;2016-02-08T00:43:05.240000;df5b6b5a-96c8-4c2e-a223-5b93ba9fdbc8;378.0;0.0074;BUY
2016-02-08T00:44:01.503000;2016-02-08T00:44:01.633000;7b986753-b81c-4369-bde2-6cdb4e6a87a3;378.02;0.01;BUY
2016-02-08T00:44:01.507000;2016-02-08T00:44:01.663000;716336a5-d33f-4cd7-ab4b-692f44292512;378.02;0.01;BUY
2016-02-08T00:44:01.507000;2016-02-08T00:44:01.693000;5da0f61c-9db9-4efe-bc6b-cba936e1af4b;378.04;0.01;BUY
2016-02-08T00:44:01.507000;2016-02-08T00:44:01.727000;8b26f3ef-146c-4ab3-8371-a5c10ceeddd7;378.04;0.014;BUY
2016-02-08T00:44:01.507000;2016-02-08T00:44:01.757000;8ad1917a-2c92-4df3-97cf-4d7cc34cc985;378.05;0.01;BUY
2016-02-08T00:44:01.507000;2016-02-08T00:44:01.803000;da5d8c88-fdbb-4339-bfa2-08411c51fb83;378.05;0.02;BUY
2016-02-08T00:44:01.507000;2016-02-08T00:44:01.850000;ba988203-edff-4f4c-8605-bb3b01dc581d;378.06;0.044;BUY
2016-02-08T00:44:01.507000;2016-02-08T00:44:01.897000;d4064630-ab2b-4f2e-87ac-f4518ffa77a0;378.07;0.01;BUY
2016-02-08T00:44:01.507000;2016-02-08T00:44:01.930000;2f98950f-2d64-4c28-9f7c-cb861a4ef29e;378.08;0.05;BUY
2016-02-08T00:44:01.507000;2016-02-08T00:44:01.977000;86b5e2c2-8676-4670-ba5a-537a04f16dc0;378.1;0.01;BUY
2016-02-08T00:44:01.507000;2016-02-08T00:44:01.990000;9e33e626-f1bd-4748-ae5e-7efeff2ce30e;378.1;0.010025;BUY
2016-02-08T00:44:01.507000;2016-02-08T00:44:01.990000;01024cef-f666-46ad-849f-5cfb3180c909;378.11;0.27;BUY
2016-02-08T00:44:01.507000;2016-02-08T00:44:01.990000;48f9463e-78ba-4457-9be0-31bd1b432a28;378.13;0.091;BUY
2016-02-08T00:44:01.507000;2016-02-08T00:44:01.990000;3e66c7d6-af93-425b-a150-b78245eba1f2;378.16;0.011;BUY
2016-02-08T00:44:01.507000;2016-02-08T00:44:01.990000;6851582d-d42d-4f69-a078-d4b8bc847ffa;378.16;0.017435;BUY
2016-02-08T00:44:25.787000;2016-02-08T00:44:25.837000;8c3f8d9a-c242-4abc-b57f-a1f9ee3632d0;378.15;0.25;SELL
2016-02-08T00:44:25.787000;2016-02-08T00:44:25.850000;b92a4a1a-30f4-446c-ae43-18ab49672c61;378.15;0.129;SELL
2016-02-08T00:44:25.787000;2016-02-08T00:44:25.850000;2e4ba5c2-97da-44be-a6fd-23cedf736fdb;378.13;0.162;SELL
2016-02-08T00:44:25.787000;2016-02-08T00:44:25.850000;38fdba40-6243-4f59-8cce-7a1ef2ffaf36;378.1;0.096;SELL
2016-02-08T00:44:25.787000;2016-02-08T00:44:25.850000;49275241-141c-4191-9d31-5bd1d61ffff9;378.09;0.118;SELL
2016-02-08T00:44:25.787000;2016-02-08T00:44:25.850000;caee9fad-d57b-46ec-bcce-66519da309eb;378.08;0.01;SELL
2016-02-08T00:44:25.787000;2016-02-08T00:44:25.883000;59f1f654-a530-4019-94e2-8cb6c5a37e28;378.08;0.087;SELL
2016-02-08T00:44:25.787000;2016-02-08T00:44:25.883000;2ef38693-d16c-4bb9-8d5d-14a87738f374;378.08;0.01;SELL
2016-02-08T00:44:25.787000;2016-02-08T00:44:25.883000;a1d256a6-71a1-4c15-a15e-ccd34d5167ff;378.07;0.099;SELL
2016-02-08T00:44:25.787000;2016-02-08T00:44:25.883000;398e3730-271e-4d0f-b431-514e6b706e1c;378.06;0.01;SELL
2016-02-08T00:44:25.787000;2016-02-08T00:44:25.883000;de9a8df5-104d-44de-8a8c-f89c67d72ea3;378.06;0.01;SELL
2016-02-08T00:44:25.787000;2016-02-08T00:44:25.883000;f9fe9b71-4b6f-46f6-aee7-9fff64c72266;378.03;0.552;SELL
2016-02-08T00:44:25.787000;2016-02-08T00:44:25.883000;5ef768aa-48ed-4d5b-b778-a1ccbe2a37bd;378.01;0.011;SELL
2016-02-08T00:44:25.787000;2016-02-08T00:44:25.883000;ae153c99-3529-4e2d-befd-2e72aa30c9cd;378.01;0.085;SELL
2016-02-08T00:44:25.787000;2016-02-08T00:44:25.897000;52939233-315a-4773-899b-82bf72a8f6ee;378.0;0.0026;SELL
2016-02-08T00:44:25.787000;2016-02-08T00:44:25.897000;be245073-e5d9-4bfa-8df1-83adf2e18e63;377.99;0.0188;SELL
2016-02-08T00:44:31.460000;2016-02-08T00:44:31.507000;fb45adf2-6412-42fa-942a-4462488536e4;378.07;0.02025;SELL
2016-02-08T00:45:14.477000;2016-02-08T00:45:14.540000;c69bb907-cf65-4601-98ae-bec956dc1a09;378.14;0.011;SELL
2016-02-08T00:45:14.477000;2016-02-08T00:45:14.553000;1e8d5725-557b-4b45-813f-8249b7cbdef1;378.14;0.25;SELL
2016-02-08T00:45:14.480000;2016-02-08T00:45:14.553000;0166f628-73ac-4245-98c0-83d6ea51a665;378.13;0.011;SELL
2016-02-08T00:45:14.480000;2016-02-08T00:45:14.553000;31c1a9b0-33a7-46eb-9eff-4968ce9ac52d;378.12;0.011;SELL
2016-02-08T00:45:31.933000;2016-02-08T00:45:31.977000;da666c77-ce3f-498d-88fb-d836b8f2f3c6;378.12;1.87075;BUY
2016-02-08T00:46:31.903000;2016-02-08T00:46:31.943000;7114db81-0bf4-447c-abdd-865084ed95f1;378.11;0.011;SELL
2016-02-08T00:46:31.903000;2016-02-08T00:46:31.960000;5e9207b6-5794-4013-a38b-5aa7e34dd8e7;378.1;0.011;SELL
2016-02-08T00:46:31.903000;2016-02-08T00:46:31.960000;138081b2-df15-4b87-b9e5-b36269834e5e;378.09;0.011;SELL
2016-02-08T00:46:31.903000;2016-02-08T00:46:31.960000;602dee82-8a5e-4f68-bd59-65e631241a00;378.07;0.08955;SELL
2016-02-08T00:47:01.900000;2016-02-08T00:47:01.943000;e1afa76c-073c-463d-a5fa-6e56f33029f1;378.11;0.0874;BUY
2016-02-08T00:48:01.547000;2016-02-08T00:48:01.587000;d47481b6-3d46-48c2-a3f3-dc7160266c1e;378.12;0.98314;BUY
2016-02-08T00:49:31.600000;2016-02-08T00:49:31.647000;3472ef2d-21fd-4964-848c-3fc376762348;378.11;0.01;SELL
2016-02-08T00:49:31.600000;2016-02-08T00:49:31.647000;02cd128a-e325-4439-b31a-bed898991e53;378.1;0.01;SELL
2016-02-08T00:49:31.600000;2016-02-08T00:49:31.647000;af02faeb-6a2c-415f-9df2-70392410ef8d;378.1;0.102;SELL
2016-02-08T00:49:31.600000;2016-02-08T00:49:31.663000;d53eb591-f71a-484b-a5ff-6b4b48fa8148;378.09;0.01;SELL
2016-02-08T00:49:31.600000;2016-02-08T00:49:31.663000;1f2384be-f658-459a-bd09-0202510989ec;378.09;0.081;SELL
2016-02-08T00:49:31.600000;2016-02-08T00:49:31.663000;78e0f37a-13b6-4d88-8785-24a7617d17f7;378.08;0.01;SELL
2016-02-08T00:49:31.600000;2016-02-08T00:49:31.680000;b12d17de-6e87-4645-b576-bb95d5c5e1fe;378.07;0.01;SELL
2016-02-08T00:49:31.603000;2016-02-08T00:49:31.680000;c7b661ed-ae43-4ea3-b8b2-d8ec4aabdaa8;378.06;0.01;SELL
2016-02-08T00:49:31.603000;2016-02-08T00:49:31.680000;7b3041bb-01a8-44e2-a975-8438d3d994d8;378.06;0.02543;SELL
2016-02-08T00:50:02.263000;2016-02-08T00:50:02.320000;cd0ac848-3f7a-42ed-9a27-c843c390860f;378.12;0.75929;BUY
2016-02-08T00:50:31.540000;2016-02-08T00:50:31.587000;cf627c8d-cbc5-49dd-8946-5067b90a1c32;378.1;0.01;SELL
2016-02-08T00:50:31.540000;2016-02-08T00:50:31.600000;4544bd0a-88e6-461e-a931-e88c7512db30;378.1;0.097;SELL
2016-02-08T00:50:31.540000;2016-02-08T00:50:31.600000;d4ea37aa-b763-471f-a631-1d24f282d261;378.09;0.01;SELL
2016-02-08T00:50:31.540000;2016-02-08T00:50:31.600000;c40e828f-673a-405b-abf9-01fd2e6a4a4a;378.08;0.01;SELL
2016-02-08T00:50:31.540000;2016-02-08T00:50:31.600000;879d4233-2ba1-4a5b-99b2-371686058fcd;378.07;0.01;SELL
2016-02-08T00:50:31.543000;2016-02-08T00:50:31.600000;84b6891f-a7a6-4639-ae0d-0e5ee58e8254;378.07;0.079;SELL
2016-02-08T00:50:31.543000;2016-02-08T00:50:31.600000;147d631c-328b-412a-89ed-9d86b360c079;378.06;0.01;SELL
2016-02-08T00:50:31.543000;2016-02-08T00:50:31.617000;dd9398c6-8a4a-4ccc-813e-41bc680f2b28;378.05;0.01;SELL
2016-02-08T00:50:31.543000;2016-02-08T00:50:31.617000;3cb0ccd0-53ee-4fe2-88f0-327d9b7680b3;378.04;0.01;SELL
2016-02-08T00:50:31.543000;2016-02-08T00:50:31.617000;b1a81493-6cba-4dfd-815a-b6e962a568e2;378.04;0.102;SELL
2016-02-08T00:50:31.543000;2016-02-08T00:50:31.617000;c99667c1-f72c-4903-86be-a0d33b17f55a;378.03;0.01;SELL
2016-02-08T00:50:31.543000;2016-02-08T00:50:31.617000;553ac760-de75-4bca-a439-f3a8a77623e7;378.02;0.01;SELL
2016-02-08T00:50:31.543000;2016-02-08T00:50:31.617000;e016ee37-952b-4b6a-b22a-2e142f2a4614;378.01;0.01;SELL
2016-02-08T00:50:31.543000;2016-02-08T00:50:31.633000;9c300cdc-76b0-4a3b-94be-3364f54757cc;378.01;0.101;SELL
2016-02-08T00:50:31.543000;2016-02-08T00:50:31.633000;f607b0be-8a87-4e14-a1c2-596f505d3de0;378.0;0.0115;SELL
2016-02-08T00:50:31.543000;2016-02-08T00:50:31.633000;0f5d17f7-22a1-4e32-9dec-54eb9e4e494b;377.99;0.02;SELL
2016-02-08T00:50:31.543000;2016-02-08T00:50:31.633000;3c7a6f64-1edd-40b1-8ec8-0cc8adfbbea1;377.98;0.113;SELL
2016-02-08T00:50:31.543000;2016-02-08T00:50:31.633000;02a4c78c-4aa8-4d84-b75a-bf5d1932c6ed;377.95;0.01;SELL
2016-02-08T00:50:31.543000;2016-02-08T00:50:31.633000;5ee62fa2-b985-4693-be9b-9b8d958fd81e;377.95;0.08;SELL
2016-02-08T00:50:31.543000;2016-02-08T00:50:31.647000;fa8583f7-bcbc-4d91-982d-e6f35cb954b8;377.93;0.011;SELL
2016-02-08T00:50:31.543000;2016-02-08T00:50:31.647000;3eb5c2d4-cbd3-4856-88cc-6cebbbe6e396;377.92;0.012;SELL
2016-02-08T00:50:31.543000;2016-02-08T00:50:31.647000;18064758-be06-4705-9c0a-e952fe6ca2a8;377.92;0.122;SELL
2016-02-08T00:50:31.543000;2016-02-08T00:50:31.647000;33feadd0-e80f-4418-af77-eec6618649eb;377.89;0.089;SELL
2016-02-08T00:50:31.543000;2016-02-08T00:50:31.647000;0dc56059-3a33-451b-a0bd-b8fcf937f1e6;377.86;0.101;SELL
2016-02-08T00:50:31.543000;2016-02-08T00:50:31.647000;83eb1ad0-f632-4136-9941-47c22a7774b9;377.83;0.125;SELL
2016-02-08T00:50:31.543000;2016-02-08T00:50:31.647000;d31b3a07-1f68-42f0-b672-0815223d90b8;377.8;0.115;SELL
2016-02-08T00:50:31.543000;2016-02-08T00:50:31.663000;f017ae89-524a-463b-852e-df989599d27d;377.8;1.0;SELL
2016-02-08T00:50:31.543000;2016-02-08T00:50:31.663000;16f8e58e-be0d-47c2-9b06-93f2ec029f10;377.78;0.011;SELL
2016-02-08T00:50:31.547000;2016-02-08T00:50:31.663000;5baaf0c0-d805-42f3-b78b-bae63e12e527;377.78;0.14;SELL
2016-02-08T00:50:31.547000;2016-02-08T00:50:31.663000;c4ea936c-c43e-4d78-bc5e-0698c35206f8;377.77;0.012;SELL
2016-02-08T00:50:31.547000;2016-02-08T00:50:31.663000;b283349e-e5f8-491b-a827-cad3e9f8aa2d;377.77;0.075;SELL
2016-02-08T00:50:31.547000;2016-02-08T00:50:31.663000;23ebbce8-59d8-48d6-a004-e43bd4cc69d3;377.77;0.28;SELL
2016-02-08T00:50:31.547000;2016-02-08T00:50:31.693000;ed1b685d-59f4-4c19-b367-8b31e4e84a9b;377.76;0.012;SELL
2016-02-08T00:50:31.547000;2016-02-08T00:50:31.693000;43cb17c5-eec8-4bee-a721-e4aba6be48f9;377.75;0.56;SELL
2016-02-08T00:50:31.547000;2016-02-08T00:50:31.693000;016ce4e8-7970-456b-9355-85e060ffbeac;377.74;0.01;SELL
2016-02-08T00:50:31.547000;2016-02-08T00:50:31.693000;f4b83e00-aa86-4322-8981-bb12d772437c;377.74;0.08;SELL
2016-02-08T00:50:31.547000;2016-02-08T00:50:31.693000;44afdb93-7fbc-4f03-8028-5fa3f83fe452;377.71;0.092;SELL
2016-02-08T00:50:31.547000;2016-02-08T00:50:31.693000;ad4f102b-cfe5-473b-8fb5-fb11910e2bb4;377.71;0.98;SELL
2016-02-08T00:50:31.547000;2016-02-08T00:50:31.693000;a3cc903c-edf1-473a-a576-e334b81fc5cb;377.7;0.00428;SELL
2016-02-08T00:51:02.303000;2016-02-08T00:51:02.337000;aba63e6b-0cac-466a-85b1-7085686db76c;378.01;0.01;BUY
2016-02-08T00:51:02.303000;2016-02-08T00:51:02.350000;8314e4a4-babe-4290-becc-7088fb158eaf;378.03;0.01;BUY
2016-02-08T00:51:02.303000;2016-02-08T00:51:02.350000;5bd7fcd3-2bd8-4f44-96b9-43e36ec2d384;378.03;0.01;BUY
2016-02-08T00:51:02.303000;2016-02-08T00:51:02.350000;097bb83f-8743-45ec-bfbe-a101055f0021;378.05;0.01;BUY
2016-02-08T00:51:02.303000;2016-02-08T00:51:02.350000;b268f218-36b4-42e2-8b67-521ff37c3d09;378.07;0.01;BUY
2016-02-08T00:51:02.303000;2016-02-08T00:51:02.350000;b26ddedd-453e-4fdb-80c8-378848aeb52e;378.07;0.01;BUY
2016-02-08T00:51:02.303000;2016-02-08T00:51:02.350000;4c925aef-32f3-462f-a44e-9fa2c0b653fe;378.08;0.01;BUY
2016-02-08T00:51:02.303000;2016-02-08T00:51:02.367000;1e4f13e2-8626-4b64-aa76-e8e4806991b6;378.09;0.00814;BUY
2016-02-08T00:51:15.190000;2016-02-08T00:51:15.227000;2d2cdd5b-f1ad-464c-b9bb-7a8d3ddff159;378.03;0.01;SELL
2016-02-08T00:51:15.190000;2016-02-08T00:51:15.257000;16a0bec7-0345-4b36-adc8-22fb71788ae8;378.03;0.091;SELL
2016-02-08T00:51:15.190000;2016-02-08T00:51:15.257000;126f409c-25a6-4804-9b31-385b8096b3d6;378.02;0.01;SELL
2016-02-08T00:51:15.190000;2016-02-08T00:51:15.257000;3892e1eb-90e1-4ace-a534-12e3c6f6f065;378.01;0.01;SELL
2016-02-08T00:51:15.190000;2016-02-08T00:51:15.257000;06d2eaff-d6c8-4195-9d7b-b07e07a2b6e8;378.0;0.01;SELL
2016-02-08T00:51:15.190000;2016-02-08T00:51:15.257000;797cac0c-ac59-4894-963e-ae7f9338aa0a;378.0;0.093;SELL
2016-02-08T00:51:15.190000;2016-02-08T00:51:15.257000;4b75f5dc-d940-4e2c-a55f-be164fa233e2;377.98;0.01;SELL
2016-02-08T00:51:15.190000;2016-02-08T00:51:15.257000;92524edb-d077-4a6f-91b3-6f846eb42559;377.98;0.09;SELL
2016-02-08T00:51:15.190000;2016-02-08T00:51:15.257000;c6efcff4-0106-4a55-a1bb-2baacfe37567;377.97;0.01;SELL
2016-02-08T00:51:15.190000;2016-02-08T00:51:15.290000;4bf2a1fa-7226-420a-8cc7-697f1cf6bc48;377.96;0.01;SELL
2016-02-08T00:51:15.193000;2016-02-08T00:51:15.290000;a5613ef2-f6ac-4790-a275-757683aefb81;377.95;0.01;SELL
2016-02-08T00:51:15.193000;2016-02-08T00:51:15.290000;ab86a046-96ef-415e-8a03-fef74665287e;377.95;0.1;SELL
2016-02-08T00:51:15.193000;2016-02-08T00:51:15.290000;bd0a4c8b-3809-43fc-b8f3-85d7ff4d0ebb;377.94;0.01;SELL
2016-02-08T00:51:15.193000;2016-02-08T00:51:15.290000;4aca16aa-7998-4585-9635-5a17caeb5773;377.93;0.01;SELL
2016-02-08T00:51:15.193000;2016-02-08T00:51:15.303000;46d0cc68-e7f1-4e9b-81f9-68ff6c33b6cd;377.92;0.129;SELL
2016-02-08T00:51:15.193000;2016-02-08T00:51:15.303000;4f0a1109-00e4-4b07-8147-02279fbce496;377.91;0.01;SELL
2016-02-08T00:51:15.193000;2016-02-08T00:51:15.320000;a1abfd7a-6315-430a-96f4-b2dd417df9b1;377.9;0.02;SELL
2016-02-08T00:51:15.193000;2016-02-08T00:51:15.320000;56e3b5cb-1a5e-434b-a80a-eece2c5fa716;377.89;0.01;SELL
2016-02-08T00:51:15.193000;2016-02-08T00:51:15.320000;9016a8c1-bf7e-4881-84f7-5eef2394b424;377.89;0.01;SELL
2016-02-08T00:51:15.193000;2016-02-08T00:51:15.320000;9564928d-8d1c-41ad-aacd-6f91382f0e53;377.89;0.098;SELL
2016-02-08T00:51:15.193000;2016-02-08T00:51:15.320000;c0c61415-8bd6-4722-b462-8011150dd133;377.86;0.114;SELL
2016-02-08T00:51:15.193000;2016-02-08T00:51:15.320000;1e894327-fa8d-4102-9159-33b8e3ef40dc;377.85;0.01;SELL
2016-02-08T00:51:15.193000;2016-02-08T00:51:15.320000;5215d231-1951-432b-8f0e-35fbefbe6bfb;377.83;0.073;SELL
2016-02-08T00:51:15.193000;2016-02-08T00:51:15.337000;653f5184-46ff-49fd-8f7f-273f4eb64864;377.81;0.14;SELL
2016-02-08T00:51:15.193000;2016-02-08T00:51:15.337000;1a749ba1-17a9-44dd-acea-b648b33768ca;377.8;0.106;SELL
2016-02-08T00:51:15.193000;2016-02-08T00:51:15.337000;50e16682-07b7-42ec-b464-032d5d3c730a;377.78;0.56;SELL
2016-02-08T00:51:15.193000;2016-02-08T00:51:15.337000;41d328f9-d1d6-48bc-af6c-206aed98ca98;377.77;0.114;SELL
2016-02-08T00:51:15.193000;2016-02-08T00:51:15.337000;e43439d5-9534-4c2c-977f-f7bf2abb49b3;377.76;1.0;SELL
2016-02-08T00:51:15.193000;2016-02-08T00:51:15.337000;88e6cf3a-7dad-46a3-834a-91a40a1c23c7;377.75;1.12;SELL
2016-02-08T00:51:15.193000;2016-02-08T00:51:15.337000;abfc4c55-a889-491c-9f1c-4235df6da9ac;377.74;0.099;SELL
2016-02-08T00:51:15.197000;2016-02-08T00:51:15.337000;7de598c7-cff9-4a8e-848d-71669892ff6d;377.74;1.26;SELL
2016-02-08T00:51:15.197000;2016-02-08T00:51:15.337000;8cdb58e2-a443-46bf-9210-181bb25ab446;377.73;0.01;SELL
2016-02-08T00:51:15.197000;2016-02-08T00:51:15.337000;b61d7636-5389-45e9-a70e-83dbbdf3cb4d;377.73;1.4;SELL
2016-02-08T00:51:15.197000;2016-02-08T00:51:15.337000;76b1f677-ad7d-46b2-88c1-ff49c45fd228;377.72;0.01;SELL
2016-02-08T00:51:15.197000;2016-02-08T00:51:15.350000;584137d7-1327-4672-bb18-48a1025331c3;377.72;0.01;SELL
2016-02-08T00:51:15.197000;2016-02-08T00:51:15.367000;52dc8f77-fe2f-42e8-8e3a-2d291136b983;377.72;1.68;SELL
2016-02-08T00:51:15.197000;2016-02-08T00:51:15.367000;4bd4be9d-c22f-4623-b0c3-b6a328a3ff25;377.71;0.01;SELL
2016-02-08T00:51:15.197000;2016-02-08T00:51:15.367000;2036285f-a2ef-4435-91fa-523de6bbe816;377.71;0.129;SELL
2016-02-08T00:51:15.197000;2016-02-08T00:51:15.367000;0bd980d6-061c-40b6-86ed-8c8ed4d05ade;377.71;1.82;SELL
2016-02-08T00:51:15.197000;2016-02-08T00:51:15.367000;6f53e2e7-3c4d-42a7-9aa5-4fb8879fdd05;377.7;0.08942;SELL
2016-02-08T00:51:15.197000;2016-02-08T00:51:15.367000;f350c52f-866f-4c31-a19f-36cc73bce9f8;377.69;2.24;SELL
2016-02-08T00:51:15.197000;2016-02-08T00:51:15.367000;5fc6845e-475e-4cfe-b09c-0480d938ec65;377.68;0.075;SELL
2016-02-08T00:51:15.197000;2016-02-08T00:51:15.367000;f68db915-6555-4ef8-a96b-47bbdc185737;377.68;2.38;SELL
2016-02-08T00:51:15.197000;2016-02-08T00:51:15.367000;e2380293-b4ee-4189-a7f7-f81d47c6ec19;377.67;0.01;SELL
2016-02-08T00:51:15.197000;2016-02-08T00:51:15.367000;bcb169f4-edaa-4965-acc0-47dedafbd74e;377.66;3.22;SELL
2016-02-08T00:51:15.197000;2016-02-08T00:51:15.367000;8357a800-a135-44a7-851f-3004de6693f8;377.65;0.112;SELL
2016-02-08T00:51:15.197000;2016-02-08T00:51:15.383000;be1eb604-2ce0-4aee-8975-ed59900293c8;377.65;3.22;SELL
2016-02-08T00:51:15.197000;2016-02-08T00:51:15.383000;1676cf6b-6708-45bc-846d-29adb265ef11;377.63;1.82;SELL
2016-02-08T00:51:15.197000;2016-02-08T00:51:15.383000;943e15ec-b4ba-471a-b780-bf8a3948e74a;377.62;0.113;SELL
2016-02-08T00:51:15.197000;2016-02-08T00:51:15.383000;aee34185-3ee2-422e-b3a0-840ed1898a65;377.6;1.30458;SELL
2016-02-08T00:51:38.127000;2016-02-08T00:51:38.163000;1e2792bf-104c-46a2-8686-119caab64a1c;377.89;0.01;SELL
2016-02-08T00:51:38.127000;2016-02-08T00:51:38.163000;47c5c198-b938-43c7-9f5b-450d5db93728;377.89;0.105;SELL
2016-02-08T00:51:38.130000;2016-02-08T00:51:38.163000;4f8d33e8-9588-47da-83fc-0c334e128774;377.88;0.01;SELL
2016-02-08T00:51:38.130000;2016-02-08T00:51:38.193000;2537788a-2dc9-42e0-982d-2991d093522b;377.87;0.01;SELL
2016-02-08T00:51:38.130000;2016-02-08T00:51:38.193000;fdeaf392-c938-4eeb-8798-ba56c0f57752;377.86;0.01;SELL
2016-02-08T00:51:38.130000;2016-02-08T00:51:38.193000;ddc8e84c-a58d-40de-9118-4b9850bf9915;377.86;0.01;SELL
2016-02-08T00:51:38.130000;2016-02-08T00:51:38.193000;27c72107-186f-4a08-9378-05dedc287393;377.86;0.122;SELL
2016-02-08T00:51:38.130000;2016-02-08T00:51:38.193000;35d05ed6-259e-4e2d-acba-03ef839af523;377.84;0.01;SELL
2016-02-08T00:51:38.130000;2016-02-08T00:51:38.210000;78d5b3d4-773a-453c-8d8f-2a3f0e6850ef;377.83;0.114;SELL
2016-02-08T00:51:38.130000;2016-02-08T00:51:38.210000;93356b64-a18b-4397-ab0d-4a462cde065f;377.82;0.01;SELL
2016-02-08T00:51:53.767000;2016-02-08T00:51:53.803000;58777cca-61b4-437f-92c1-5317b1a2b49c;377.85;0.01;SELL
2016-02-08T00:51:53.767000;2016-02-08T00:51:53.820000;4d62bd0f-18b2-4919-a4b5-ffc7b6393b63;377.85;0.107;SELL
2016-02-08T00:51:53.767000;2016-02-08T00:51:53.820000;8aa86c97-3319-42f7-8882-fffd634e58fb;377.84;0.01;SELL
2016-02-08T00:51:53.767000;2016-02-08T00:51:53.820000;aaca716f-33cd-417a-b889-4cce001a3831;377.83;0.01;SELL
2016-02-08T00:51:53.767000;2016-02-08T00:51:53.820000;a20a6f6a-8d59-418b-b633-c921fe83fd2b;377.82;0.01;SELL
2016-02-08T00:51:53.767000;2016-02-08T00:51:53.820000;4c05bb7f-058e-46cb-8ed9-ead4a86674e2;377.82;0.01;SELL
2016-02-08T00:51:53.767000;2016-02-08T00:51:53.820000;c5bb1051-c876-4002-80bc-a074abe463ea;377.82;0.1;SELL
2016-02-08T00:52:01.527000;2016-02-08T00:52:01.553000;43f2092d-b766-4de1-aac7-c7f1c385d713;377.81;0.22032;BUY
2016-02-08T00:52:08.710000;2016-02-08T00:52:08.743000;b7707d87-a72d-48d1-853c-62f2fd9df0ac;377.82;0.01;SELL
2016-02-08T00:52:08.713000;2016-02-08T00:52:08.743000;a1ce1bfe-3df5-4b93-8808-bd282c0976e9;377.82;0.102;SELL
2016-02-08T00:53:01.577000;2016-02-08T00:53:01.600000;04bd22b9-babc-40f0-a655-f14650d3c44e;377.81;0.26096;BUY
2016-02-08T00:53:15.593000;2016-02-08T00:53:15.633000;79506396-75ab-4053-88f4-88af1fd8d0bd;377.83;0.01;SELL
2016-02-08T00:53:15.593000;2016-02-08T00:53:15.633000;38b91aac-f08d-4135-ab3c-692d394bada0;377.83;0.089;SELL
2016-02-08T00:53:15.593000;2016-02-08T00:53:15.633000;946d0102-4c40-4dfd-a1d4-f7f38bcbf50c;377.82;0.01;SELL
2016-02-08T00:53:15.593000;2016-02-08T00:53:15.633000;c8816b92-4cb0-413b-8c6a-e9a67486e7bd;377.81;0.01;SELL
2016-02-08T00:53:30.867000;2016-02-08T00:53:30.897000;b795a3ea-1fb4-4757-aad5-ee2f99818071;377.8;0.01;SELL
2016-02-08T00:53:30.867000;2016-02-08T00:53:30.913000;37cd6c08-1092-40f8-9e9c-ee6877a7234c;377.8;0.01;SELL
2016-02-08T00:53:30.867000;2016-02-08T00:53:30.913000;ae1013ce-1b26-4723-834e-2ad7834a136a;377.8;0.106;SELL
2016-02-08T00:53:31.563000;2016-02-08T00:53:31.587000;97692313-b07b-4885-a331-2ba9d1e2448d;377.78;0.01;SELL
2016-02-08T00:53:31.563000;2016-02-08T00:53:31.600000;317af9dc-04bf-4d4c-b11c-e2165a3a251d;377.78;0.097;SELL
2016-02-08T00:53:31.563000;2016-02-08T00:53:31.600000;85b34887-95a9-4e8f-9517-70169ba5f8e9;377.77;0.02763;SELL
2016-02-08T00:54:21.800000;2016-02-08T00:54:21.820000;d6c0950b-795d-426f-b246-1b126bea6fe7;377.88;0.01;BUY
2016-02-08T00:54:21.800000;2016-02-08T00:54:21.820000;c782c42d-3d4b-4861-bcfa-5a9889198979;377.9;0.03;BUY
2016-02-08T00:54:21.800000;2016-02-08T00:54:21.837000;1f10a5e6-1958-4295-a4d4-dd41a3b7f1b9;377.91;0.01;BUY
2016-02-08T00:54:21.800000;2016-02-08T00:54:21.837000;e760367e-8740-4b14-807e-78d54638d027;377.91;0.01;BUY
2016-02-08T00:54:21.800000;2016-02-08T00:54:21.837000;f4bfd5ab-8731-4077-981f-db807ddcb97f;377.91;0.07197827;BUY
2016-02-08T00:54:31.550000;2016-02-08T00:54:31.587000;6813e2d6-3d6d-4688-b687-fe16cd0776e1;377.93;0.01;BUY
2016-02-08T00:54:31.550000;2016-02-08T00:54:31.587000;ded665d6-6e96-45c0-a5f6-56993a3bd0ec;377.93;0.01;BUY
2016-02-08T00:54:31.550000;2016-02-08T00:54:31.587000;b0116e05-0593-4bbc-aed8-f77ce7c2ef75;377.95;0.01;BUY
2016-02-08T00:54:31.550000;2016-02-08T00:54:31.600000;87440de3-3117-4b85-8e8c-878cbd3bdfe9;377.95;0.01;BUY
2016-02-08T00:54:31.550000;2016-02-08T00:54:31.600000;9b68497f-dc7d-4b0e-97ab-305e5670bdd0;377.97;0.01;BUY
2016-02-08T00:54:31.550000;2016-02-08T00:54:31.600000;b2b36e73-0ff7-4965-840f-b47e6a1d5aaf;377.99;0.01;BUY
2016-02-08T00:54:31.550000;2016-02-08T00:54:31.600000;b97ee627-1e51-43b1-8ca3-60556569eca5;378.01;0.01;BUY
2016-02-08T00:54:31.550000;2016-02-08T00:54:31.600000;6f89afda-c12e-4964-8477-ca612be5fb43;378.03;0.01;BUY
2016-02-08T00:54:31.550000;2016-02-08T00:54:31.633000;227748d6-6098-4b61-959c-774522cb5d4c;378.03;0.03;BUY
2016-02-08T00:54:31.553000;2016-02-08T00:54:31.633000;5a79371e-2bbd-4912-a001-6f8518865dd9;378.04;0.01;BUY
2016-02-08T00:54:31.553000;2016-02-08T00:54:31.633000;89631095-6ad4-4c00-9f89-9d7169c6fbf7;378.04;0.20254;BUY
2016-02-08T00:54:36.827000;2016-02-08T00:54:36.867000;a061a4bf-ba9f-45d3-833d-517484b5cc1c;377.94;0.094;SELL
2016-02-08T00:54:36.827000;2016-02-08T00:54:36.867000;a916b903-6991-48a5-a206-b9ffc0f33027;377.93;0.115;SELL
2016-02-08T00:54:36.827000;2016-02-08T00:54:36.867000;4772ae8e-7edc-4d90-b499-b54b8f944542;377.92;0.153;SELL
2016-02-08T00:54:36.827000;2016-02-08T00:54:36.867000;0a1ec68f-be52-406d-a028-9fa499f255ee;377.92;0.35;SELL
2016-02-08T00:54:36.827000;2016-02-08T00:54:36.867000;4e5547aa-e45f-483f-95bc-068f24d4b9b1;377.91;0.01;SELL
2016-02-08T00:54:36.827000;2016-02-08T00:54:36.883000;7aeac4ca-13d9-4d05-adbb-ec08e1f1c591;377.91;0.196;SELL
2016-02-08T00:54:51.697000;2016-02-08T00:54:51.710000;0c5e7dc2-9ce4-43e5-8f0f-93f00841aed9;377.92;0.14;SELL
2016-02-08T00:54:51.697000;2016-02-08T00:54:51.727000;4a7c5616-3123-4f55-b164-dedec24d1b78;377.91;0.084;SELL
2016-02-08T00:55:03.613000;2016-02-08T00:55:03.633000;80975160-d2db-4311-ae43-ff89d27655cf;377.92;0.14;SELL
2016-02-08T00:55:03.613000;2016-02-08T00:55:03.647000;d720c1f9-c4ee-4468-aef8-38307cab0064;377.91;0.01746;SELL
2016-02-08T00:55:15.097000;2016-02-08T00:55:15.147000;a28eabf3-5f7e-4b1b-adc6-960bfb97f395;377.95;0.01;SELL
2016-02-08T00:55:15.097000;2016-02-08T00:55:15.147000;52110adb-2588-4160-8859-8c6289e6562f;377.95;0.113;SELL
2016-02-08T00:55:15.097000;2016-02-08T00:55:15.147000;7ab14bbb-ecd3-4933-99e1-549523315b2b;377.94;0.01;SELL
2016-02-08T00:55:15.097000;2016-02-08T00:55:15.147000;31bed501-a8bf-4a99-b72b-0dd9b284e2a2;377.93;0.01;SELL
2016-02-08T00:55:15.097000;2016-02-08T00:55:15.147000;e1e91652-5dfa-48ac-b5e1-cd072c2d1f72;377.92;0.082;SELL
2016-02-08T00:55:31.590000;2016-02-08T00:55:31.633000;c7b4f9af-a7de-4304-aec7-06f3ad90bcc1;377.98;0.3;BUY
2016-02-08T00:55:31.590000;2016-02-08T00:55:31.633000;c970c693-e658-4846-84df-a7c48a103b7d;377.99;0.01;BUY
2016-02-08T00:55:31.590000;2016-02-08T00:55:31.633000;950b39c8-ac59-42be-880a-1f1a82a52d8f;378.01;0.01;BUY
2016-02-08T00:55:31.590000;2016-02-08T00:55:31.633000;3492510d-3bc8-4fc0-8990-a480e120225c;378.03;0.01;BUY
2016-02-08T00:55:31.590000;2016-02-08T00:55:31.633000;5ad0b721-2d9f-4ca9-a096-6ac717199327;378.03;0.01;BUY
2016-02-08T00:55:31.590000;2016-02-08T00:55:31.647000;ff000354-68c9-4660-b878-e7a66ab5ff68;378.05;0.01;BUY
2016-02-08T00:55:31.593000;2016-02-08T00:55:31.647000;34237857-50fe-4910-b529-01106eeb9741;378.06;0.01;BUY
2016-02-08T00:55:31.593000;2016-02-08T00:55:31.647000;b16336fe-5faa-47e8-924e-f8ada2da853b;378.06;0.686;BUY
2016-02-08T00:55:31.593000;2016-02-08T00:55:31.647000;93d1addd-9320-4a17-9f36-0f98a5909b5c;378.07;0.01;BUY
2016-02-08T00:55:31.593000;2016-02-08T00:55:31.663000;d3aff2da-6987-4752-8ca8-47600c64250a;378.08;0.03;BUY
2016-02-08T00:55:31.593000;2016-02-08T00:55:31.663000;1fa378b9-b0ce-4907-9896-8ab6cfe7cb42;378.09;0.00186;BUY
2016-02-08T00:55:31.593000;2016-02-08T00:55:31.663000;92f17284-6bd0-4019-9d4f-4772a7404717;378.09;0.05;BUY
2016-02-08T00:55:31.593000;2016-02-08T00:55:31.663000;a110b8d9-35d4-4e06-9bf1-b234ae6b3bf0;378.1;0.05;BUY
2016-02-08T00:55:31.593000;2016-02-08T00:55:31.663000;5ad72ee5-8024-4e3f-97dc-d1e476da5e10;378.1;0.01;BUY
2016-02-08T00:55:31.593000;2016-02-08T00:55:31.663000;c3da735c-83ea-4c30-bdad-717530eeac50;378.11;0.01;BUY
2016-02-08T00:55:31.593000;2016-02-08T00:55:31.663000;6e764527-603c-48c6-8b95-f49cd5488600;378.11;0.70886;BUY
2016-02-08T00:55:38.343000;2016-02-08T00:55:38.367000;69bf311e-d1a0-4452-b243-b76637a8fac1;377.91;1.05673737;BUY
2016-02-08T00:55:43.537000;2016-02-08T00:55:43.553000;22f5b77b-9e25-4d67-9041-b801322bbd80;377.91;0.01;BUY
2016-02-08T00:56:02.110000;2016-02-08T00:56:02.133000;5b21bf0d-c2b9-4c25-9fad-500929c75f7e;377.93;0.01;SELL
2016-02-08T00:56:02.110000;2016-02-08T00:56:02.147000;e47f6b52-0cc3-4278-a853-9bfc1c7144bd;377.93;0.084;SELL
2016-02-08T00:56:02.110000;2016-02-08T00:56:02.147000;3f3bf578-9179-46b0-b19b-955831b2a26e;377.92;0.01;SELL
2016-02-08T00:56:02.110000;2016-02-08T00:56:02.147000;a01e5a97-9e36-432e-9bf1-46c495e55fd6;377.91;0.01;SELL
2016-02-08T00:56:02.110000;2016-02-08T00:56:02.163000;164cfec7-5f68-479e-97e2-5c0ddb58259f;377.9;0.01;SELL
2016-02-08T00:56:02.110000;2016-02-08T00:56:02.163000;d9d65c92-cb28-4b22-96dd-c42bca1917d2;377.9;0.089;SELL
2016-02-08T00:56:02.110000;2016-02-08T00:56:02.163000;52718879-8b85-4a5f-9afb-cc9c7ced8a1c;377.89;0.01;SELL
2016-02-08T00:56:02.110000;2016-02-08T00:56:02.163000;8ea49818-d763-4501-88c0-a4544a1e9560;377.89;0.01;SELL
2016-02-08T00:56:02.110000;2016-02-08T00:56:02.163000;be449938-7a3f-45da-b948-bbeaef7cd765;377.88;0.01;SELL
2016-02-08T00:56:02.110000;2016-02-08T00:56:02.163000;49a6f52c-3e51-4f61-ac1d-6f3ee1e19427;377.87;0.01;SELL
2016-02-08T00:56:02.110000;2016-02-08T00:56:02.163000;1ebfd62c-fd9e-4d25-bd33-9bbd9075979e;377.87;0.01;SELL
2016-02-08T00:56:02.110000;2016-02-08T00:56:02.163000;a2a9a2c3-4fd1-40d1-a8dc-c67b2e39e13b;377.87;0.11;SELL
2016-02-08T00:56:02.110000;2016-02-08T00:56:02.197000;9e3a77a1-0ca8-4acb-81fd-f92a0fc95f7c;377.84;0.073;SELL
2016-02-08T00:56:02.110000;2016-02-08T00:56:02.197000;a5187cf4-752d-491b-8fdd-2668b9dc07c9;377.83;0.01;SELL
2016-02-08T00:56:02.110000;2016-02-08T00:56:02.197000;4f269c16-8dce-436d-bb13-54af08725ecb;377.82;0.01;SELL
2016-02-08T00:56:02.110000;2016-02-08T00:56:02.197000;b05a0deb-7e79-46e0-a215-3f7eed04dd2e;377.81;0.00091;SELL
2016-02-08T00:56:31.683000;2016-02-08T00:56:31.697000;685f3aa1-e144-4c9a-a1d7-2a8839786001;377.9;0.03091;BUY
2016-02-08T00:56:31.683000;2016-02-08T00:56:31.710000;6a2a61e3-71c6-4239-9ebf-718a30e5e08e;377.91;0.01;BUY
2016-02-08T00:56:31.683000;2016-02-08T00:56:31.710000;0f8f0c27-2ad5-4768-8db5-7239fb6a2a23;377.94;0.07111;BUY
2016-02-08T00:57:01.563000;2016-02-08T00:57:01.570000;91c60e3b-8ecf-4791-99e0-e71eca49592a;377.94;0.16314;BUY
2016-02-08T00:57:14.057000;2016-02-08T00:57:14.087000;6761e952-e2a0-4059-83e3-e2bff7995672;377.96;0.01;SELL
2016-02-08T00:57:14.057000;2016-02-08T00:57:14.087000;1120b841-523c-4bde-9c8e-ba6eddd90e74;377.96;0.08;SELL
2016-02-08T00:57:14.057000;2016-02-08T00:57:14.087000;f1988380-4555-45d5-83d0-7950fe22c3d4;377.95;0.01;SELL
2016-02-08T00:57:14.057000;2016-02-08T00:57:14.100000;11cb45ef-8b7b-4c2a-b63b-68f4559bdffc;377.94;0.01;SELL
2016-02-08T00:57:31.497000;2016-02-08T00:57:31.540000;622dcdc5-abcb-4f03-94b4-e0b0e95cd152;377.93;0.01;SELL
2016-02-08T00:57:31.497000;2016-02-08T00:57:31.573000;effa3fc7-e78b-453d-8737-182b59aa67e7;377.93;0.118;SELL
2016-02-08T00:57:31.497000;2016-02-08T00:57:31.573000;f5d9dc1c-a826-4b76-9877-7b018fb8e961;377.92;0.01;SELL
2016-02-08T00:57:31.497000;2016-02-08T00:57:31.573000;72bfc4c1-47c7-4e46-bffd-933546dd4c75;377.91;0.01;SELL
2016-02-08T00:57:31.497000;2016-02-08T00:57:31.573000;e942b6b8-d861-4e89-965c-d6c81a5950c6;377.91;0.127;SELL
2016-02-08T00:57:31.497000;2016-02-08T00:57:31.573000;4b4b5f2e-c4cf-4607-b455-f530ad70be7c;377.9;0.01;SELL
2016-02-08T00:57:31.497000;2016-02-08T00:57:31.573000;cdaac880-8fc5-4992-9aac-49409d5b5ac7;377.9;0.03264;SELL
2016-02-08T00:58:01.560000;2016-02-08T00:58:01.620000;a043793b-1857-4d2e-bb18-fef15c2988b1;377.96;1.0488;BUY
2016-02-08T00:58:32.027000;2016-02-08T00:58:32.073000;f8b4d88a-fa3c-4f6d-9985-c3dd5e96641c;377.96;0.04553;BUY
2016-02-08T00:59:01.763000;2016-02-08T00:59:01.807000;0a29829d-856d-4416-b724-db0037ffa2fc;377.96;3.03971;BUY
2016-02-08T00:59:31.583000;2016-02-08T00:59:31.620000;5cb22930-f277-4227-a2a1-92d942c37e91;377.96;2.25366712;BUY
2016-02-08T00:59:31.583000;2016-02-08T00:59:31.633000;7580144e-8de4-43a4-886d-4f72775bc1e1;377.96;4.2;BUY
2016-02-08T00:59:31.583000;2016-02-08T00:59:31.633000;cb04859a-b7f5-4407-bc83-b1f478e7b3cd;377.97;0.03;BUY
2016-02-08T00:59:31.583000;2016-02-08T00:59:31.633000;f8e8b416-6537-468d-9b45-a98c0122cbbf;378.02;9.8;BUY
2016-02-08T00:59:31.583000;2016-02-08T00:59:31.633000;b2a72195-cc2e-4e93-b9e0-907cb5e6da7f;378.03;14.70178288;BUY
2016-02-08T01:00:01.770000;2016-02-08T01:00:01.823000;2912e937-ba82-4221-82bf-44d75f250724;378.05;0.01;BUY
2016-02-08T01:00:01.770000;2016-02-08T01:00:01.837000;4c918172-75c1-4c3e-ab18-6422dcd21b1b;378.05;0.01;BUY
2016-02-08T01:00:01.770000;2016-02-08T01:00:01.837000;27eda2c5-19ec-4461-bd30-c27f50680afe;378.07;0.04;BUY
2016-02-08T01:00:01.770000;2016-02-08T01:00:01.837000;b1d1901a-91dd-41f2-acbf-d5a4bee985d5;378.12;0.01;BUY
2016-02-08T01:00:01.770000;2016-02-08T01:00:01.837000;40dc9b2a-cf72-4a83-a189-9ba4f773b551;378.13;0.01;BUY
2016-02-08T01:00:01.770000;2016-02-08T01:00:01.837000;9b5068c3-1270-4c10-8097-a85cf429e41e;378.13;0.05;BUY
2016-02-08T01:00:01.770000;2016-02-08T01:00:01.837000;b2bdb3d3-394f-4b11-a8cb-4cd064b29b32;378.13;0.23;BUY
2016-02-08T01:00:01.770000;2016-02-08T01:00:01.837000;9512089c-ff7d-455b-8d02-a2130aa4e306;378.15;0.011;BUY
2016-02-08T01:00:01.770000;2016-02-08T01:00:01.900000;533651bb-caf6-498e-bb70-594bcb7003fa;378.16;0.01;BUY
2016-02-08T01:00:01.770000;2016-02-08T01:00:01.917000;2ba4a0cf-a6fa-4d1b-ad15-b2681719af6a;378.16;0.01;BUY
2016-02-08T01:00:01.773000;2016-02-08T01:00:01.917000;45fd9e6a-5c8c-4f5d-9305-f691f6dde512;378.17;0.115;BUY
2016-02-08T01:00:01.773000;2016-02-08T01:00:01.917000;8e74b7fd-7cbf-447c-9b49-64d5a8b6239b;378.18;0.01;BUY
2016-02-08T01:00:01.773000;2016-02-08T01:00:01.917000;643dcf39-4cb9-4be2-887b-933dbc7a58e2;378.18;0.01;BUY
2016-02-08T01:00:01.773000;2016-02-08T01:00:01.917000;32857747-72c4-4a37-a492-8d9e8e110ff3;378.19;0.05;BUY
2016-02-08T01:00:01.773000;2016-02-08T01:00:01.917000;fbd69484-b590-41f5-8731-bc32978ee0d7;378.2;0.010025;BUY
2016-02-08T01:00:01.773000;2016-02-08T01:00:01.917000;50e7ec53-8085-495f-82e2-161743dbc1a6;378.2;0.122;BUY
2016-02-08T01:00:01.773000;2016-02-08T01:00:01.917000;8cc894e1-9b61-4d39-a469-f500544121a8;378.21;0.01;BUY
2016-02-08T01:00:01.773000;2016-02-08T01:00:01.917000;2b87731b-17ee-4249-bc84-73a54dc4b348;378.21;0.03;BUY
2016-02-08T01:00:01.773000;2016-02-08T01:00:01.917000;36cf32b7-8207-4208-9558-24556d35e902;378.22;0.01;BUY
2016-02-08T01:00:01.773000;2016-02-08T01:00:01.917000;423d87b5-e0ed-4025-ab5d-69c2c9dbd243;378.22;0.05;BUY
2016-02-08T01:00:01.773000;2016-02-08T01:00:01.917000;573b61fd-28ad-436c-b5d6-799570e49614;378.22;0.048;BUY
2016-02-08T01:00:01.773000;2016-02-08T01:00:01.917000;ca170fd2-33fb-4e28-b142-8f01260ea277;378.23;0.098;BUY
2016-02-08T01:00:01.773000;2016-02-08T01:00:01.917000;565abcef-fb5b-4cf0-90f4-600a0edd62e9;378.25;0.08;BUY
2016-02-08T01:00:01.773000;2016-02-08T01:00:01.917000;1abb05f2-7977-4161-8c92-7186fc74ad87;378.26;0.01;BUY
2016-02-08T01:00:01.773000;2016-02-08T01:00:01.917000;2f310907-68ca-4e91-a86a-0a17fc757e9f;378.26;0.05;BUY
2016-02-08T01:00:01.773000;2016-02-08T01:00:01.917000;fc60bd4c-b0ef-4242-8f3b-2bd1687c84e1;378.26;0.09;BUY
2016-02-08T01:00:01.773000;2016-02-08T01:00:01.917000;d34239ab-596e-4298-8ff2-1d3ea58057a5;378.28;0.14;BUY
2016-02-08T01:00:01.773000;2016-02-08T01:00:01.917000;f2ee93c6-15c8-4538-b20e-6fc262af9aac;378.29;0.013;BUY
2016-02-08T01:00:01.773000;2016-02-08T01:00:01.917000;86a7525c-254b-4787-98cf-89c8ebade2f1;378.29;0.048;BUY
2016-02-08T01:00:01.773000;2016-02-08T01:00:01.917000;c35712ca-debe-4e35-b165-0d462325ddee;378.29;0.127;BUY
2016-02-08T01:00:01.773000;2016-02-08T01:00:01.917000;1c1c4699-7cf4-4041-9d00-fa448b28d869;378.29;0.14;BUY
2016-02-08T01:00:01.777000;2016-02-08T01:00:01.917000;673fb0cf-8fe5-476b-b36c-dfac6952c61d;378.3;0.010025;BUY
2016-02-08T01:00:01.777000;2016-02-08T01:00:01.917000;cb633a9b-5fd1-4bee-924a-a6722ad2b0af;378.3;0.01;BUY
2016-02-08T01:00:01.777000;2016-02-08T01:00:01.917000;810cae01-7f08-4bc2-80b2-736e397eefbe;378.31;0.29343;BUY
2016-02-08T01:00:04.847000;2016-02-08T01:00:04.900000;67878264-347a-47f9-a4fd-db06598ecd8d;378.17;0.01;BUY
2016-02-08T01:00:04.847000;2016-02-08T01:00:04.900000;bb02a1a8-d2aa-452e-8aa0-ef3977a92648;378.17;0.01;BUY
2016-02-08T01:00:04.847000;2016-02-08T01:00:04.900000;6cca12d2-2bb2-4768-acc9-3b8c56ccf97e;378.19;0.01;BUY
2016-02-08T01:00:04.847000;2016-02-08T01:00:04.900000;d43e527b-0ecf-434b-9e4f-ba6afe662f22;378.19;0.01;BUY
2016-02-08T01:00:04.847000;2016-02-08T01:00:04.917000;44861e4a-6d19-4239-843f-81167195476c;378.21;0.01;BUY
2016-02-08T01:00:04.847000;2016-02-08T01:00:04.917000;71a48734-7e81-49f6-8f7a-1ac8bfd6e15f;378.23;0.01;BUY
2016-02-08T01:00:04.847000;2016-02-08T01:00:04.930000;e81964a5-9a97-410b-bb2a-db1721bedb44;378.25;0.01;BUY
2016-02-08T01:00:04.847000;2016-02-08T01:00:04.930000;01c081bb-e52c-4fad-be31-de1a98f1de43;378.27;0.01;BUY
2016-02-08T01:00:04.847000;2016-02-08T01:00:04.930000;1c50bf9f-ac01-47ba-969f-70bda06b416f;378.29;0.01;BUY
2016-02-08T01:00:04.847000;2016-02-08T01:00:04.930000;6b1bfdd9-8fff-4832-8c59-6f1018ecaf23;378.34;0.01;BUY
2016-02-08T01:00:04.850000;2016-02-08T01:00:04.930000;e29aa4d7-3be1-447c-8b44-dbe645c347ec;378.34;0.116;BUY
2016-02-08T01:00:04.850000;2016-02-08T01:00:04.930000;47ebdb62-dec9-49cc-a91c-756585b58ef5;378.35;0.05;BUY
2016-02-08T01:00:04.850000;2016-02-08T01:00:04.930000;5a09130e-c8d4-4add-8baf-7e7a2b65c9e9;378.35;0.05;BUY
2016-02-08T01:00:04.850000;2016-02-08T01:00:04.930000;d09eca63-6693-42fd-be61-22d9d9650aac;378.36;0.05;BUY
2016-02-08T01:00:04.850000;2016-02-08T01:00:04.930000;e317b917-e472-4a44-8c64-a43a22a1f1a3;378.37;0.033;BUY
2016-02-08T01:00:04.850000;2016-02-08T01:00:04.930000;ebe3c80a-f53b-48df-8208-952416857799;378.38;0.38;BUY
2016-02-08T01:00:04.850000;2016-02-08T01:00:04.963000;1d93c018-b19c-460c-bcaf-9a5da97da188;378.4;0.0399;BUY
2016-02-08T01:00:04.863000;2016-02-08T01:00:04.963000;e57bef22-9116-4a4f-a035-ecdf5699225c;378.4;0.0001;BUY
2016-02-08T01:00:04.863000;2016-02-08T01:00:04.963000;59fae2f3-ee88-47b7-8b82-579c227f816e;378.4;0.010025;BUY
2016-02-08T01:00:04.863000;2016-02-08T01:00:04.963000;cbf4318a-ccfb-4d0c-bc79-6e22a06c7251;378.4;0.033;BUY
2016-02-08T01:00:04.863000;2016-02-08T01:00:04.980000;f910dcff-fe03-4330-b385-221952785177;378.4;0.05;BUY
2016-02-08T01:00:04.863000;2016-02-08T01:00:04.980000;0adb7e69-c6f2-41c8-aeb6-e8e86c58f092;378.41;0.020475;BUY
2016-02-08T01:00:05.497000;2016-02-08T01:00:05.540000;b53959ac-fdc2-4508-97f5-8d3486486a25;378.4;0.01;BUY
2016-02-08T01:00:31.633000;2016-02-08T01:00:31.680000;b543f41f-6147-4715-8b1d-21c8d0481056;378.35;0.01;BUY
2016-02-08T01:00:31.633000;2016-02-08T01:00:31.697000;7b074fae-4b37-4e37-b98a-ed70d74205ed;378.35;0.01;BUY
2016-02-08T01:00:31.633000;2016-02-08T01:00:31.697000;1c9fadec-dce4-438d-8f19-413760590f58;378.35;0.01417;BUY
2016-02-08T01:00:33.830000;2016-02-08T01:00:33.870000;413094fe-4ffa-4b2b-aa4e-2a9e3bd2d730;378.35;0.635;BUY
2016-02-08T01:00:33.830000;2016-02-08T01:00:33.883000;229910d5-f363-430f-9b54-7f8089e57678;378.36;0.865;BUY
2016-02-08T01:00:58.160000;2016-02-08T01:00:58.230000;a78718df-7f41-46d5-943a-c2e5b9d62bc3;378.34;0.01;SELL
2016-02-08T01:00:58.160000;2016-02-08T01:00:58.230000;839c7b9c-2ee9-476e-927a-5b25289813c1;378.33;0.01;SELL
2016-02-08T01:00:58.160000;2016-02-08T01:00:58.230000;cb70cde7-4dd8-4431-b0d8-3c407655f273;378.32;0.01;SELL
2016-02-08T01:00:58.160000;2016-02-08T01:00:58.230000;a32cc847-fa49-4669-a58d-1c52182b6f5c;378.31;0.01;SELL
2016-02-08T01:00:58.160000;2016-02-08T01:00:58.230000;b04a3690-700d-4aa2-920c-8570c4681d1e;378.3;0.01;SELL
2016-02-08T01:00:58.160000;2016-02-08T01:00:58.243000;4535067b-3a20-46cc-b34c-dda67b1a3629;378.29;0.01;SELL
2016-02-08T01:00:58.160000;2016-02-08T01:00:58.243000;4bdc75c6-8cbc-4916-b2bb-19a89761a01f;378.28;0.01;SELL
2016-02-08T01:00:58.160000;2016-02-08T01:00:58.243000;aa52acae-1939-479e-96c7-22929b99b96a;378.28;0.01;SELL
2016-02-08T01:00:58.160000;2016-02-08T01:00:58.243000;225aef20-82d9-4006-a1f3-27b6b53208e6;378.28;0.08;SELL
2016-02-08T01:01:01.700000;2016-02-08T01:01:01.743000;c10952d8-a9ff-4e2f-894f-eec609803aae;378.33;0.21868;BUY
2016-02-08T01:01:05.547000;2016-02-08T01:01:05.587000;6c205f9f-7d72-4f0d-846c-c76c8ababc5b;378.31;0.47;BUY
2016-02-08T01:01:27.057000;2016-02-08T01:01:27.087000;892fa1cb-f746-4196-af6f-bbce3056a3ea;378.29;0.01;SELL
2016-02-08T01:01:27.057000;2016-02-08T01:01:27.120000;e81c0a45-2d8c-474d-9957-2ca64a4ea6eb;378.28;0.01;SELL
2016-02-08T01:01:27.057000;2016-02-08T01:01:27.120000;af7dd627-9d51-4d42-a75f-2f480700f46e;378.27;0.01;SELL
2016-02-08T01:01:27.057000;2016-02-08T01:01:27.120000;853f4e4c-1f1f-4410-a6f0-76c71a554f64;378.26;0.01;SELL
2016-02-08T01:01:27.057000;2016-02-08T01:01:27.120000;c34aba1f-5c02-48d7-9032-2d51c66a2171;378.26;0.12;SELL
2016-02-08T01:02:01.933000;2016-02-08T01:02:01.980000;eddc191c-6c48-4961-8be8-6d30c8347f2a;378.35;0.58;BUY
2016-02-08T01:02:01.933000;2016-02-08T01:02:01.980000;d6107ea9-1cf4-490b-950a-ca4ae7b70ead;378.36;1.17824;BUY
2016-02-08T01:02:31.797000;2016-02-08T01:02:31.853000;475f6b23-1495-4d17-8808-9f6d22e39216;378.34;0.02683;BUY
2016-02-08T01:03:31.690000;2016-02-08T01:03:31.743000;3c386b85-cbd0-4fc3-b022-5162b746767f;378.34;0.59041;BUY
2016-02-08T01:04:01.640000;2016-02-08T01:04:01.680000;4c1e6562-970e-4f2a-8cdd-9baae3a86096;378.34;0.38276;BUY
2016-02-08T01:04:01.640000;2016-02-08T01:04:01.697000;8531f532-8959-4625-b7f2-2b5c87472d5e;378.36;0.33042;BUY
2016-02-08T01:04:31.703000;2016-02-08T01:04:31.743000;31920b4b-ff5e-4825-b7f9-103cd3b1ed2c;378.34;0.555;BUY
2016-02-08T01:04:31.703000;2016-02-08T01:04:31.743000;9ea6397f-d624-4877-b24e-140e17792038;378.36;2.62634;BUY
2016-02-08T01:04:31.703000;2016-02-08T01:04:31.743000;df272225-3a48-4b7b-8deb-8c028051f575;378.37;0.554;BUY
2016-02-08T01:04:31.703000;2016-02-08T01:04:31.777000;945c3488-01ac-4176-a10c-1d4cadc756c4;378.38;0.01;BUY
2016-02-08T01:04:31.703000;2016-02-08T01:04:31.777000;56bbb73e-6f45-4128-9f3f-b9b5efc9e61d;378.38;0.01;BUY
2016-02-08T01:04:31.703000;2016-02-08T01:04:31.777000;3e62e932-012c-4635-bd3c-0640c0f6017c;378.4;0.01;BUY
2016-02-08T01:04:31.703000;2016-02-08T01:04:31.777000;f7852405-0da8-46c7-8359-2978aec69106;378.4;0.555;BUY
2016-02-08T01:04:31.703000;2016-02-08T01:04:31.777000;a0330184-4bdd-4436-b1e5-17321d211c5f;378.42;0.02;BUY
2016-02-08T01:04:31.703000;2016-02-08T01:04:31.777000;d5ee2270-ab9f-44ab-8e31-f453c47f6549;378.43;0.561;BUY
2016-02-08T01:04:31.703000;2016-02-08T01:04:31.777000;c74d9eb9-cb9a-4edf-aaca-1a7157e37356;378.45;0.01;BUY
2016-02-08T01:04:31.707000;2016-02-08T01:04:31.777000;fb41266b-7925-414b-86c4-9283da25d5f7;378.46;0.533;BUY
2016-02-08T01:04:31.707000;2016-02-08T01:04:31.777000;417fcdc9-33f1-481b-9390-87f8ef78ce88;378.48;0.01;BUY
2016-02-08T01:04:31.707000;2016-02-08T01:04:31.790000;103ec508-22a1-4733-b0e1-f6245b7bc6ef;378.49;0.26995;BUY
2016-02-08T01:05:31.620000;2016-02-08T01:05:31.650000;f755dd9d-13cd-4c78-b577-450e8ef54cb1;378.43;0.013;SELL
2016-02-08T01:05:31.620000;2016-02-08T01:05:31.667000;6d060f1e-c05d-4c2b-a272-2500b59e70c2;378.42;0.01216;SELL
2016-02-08T01:06:01.677000;2016-02-08T01:06:01.697000;186d4900-ddce-455a-b35c-43268f07d22b;378.44;0.01;BUY
2016-02-08T01:06:01.677000;2016-02-08T01:06:01.713000;2d49a33b-2de3-4cb3-ae99-d9da30272b2e;378.44;0.20543;BUY
2016-02-08T01:06:31.543000;2016-02-08T01:06:31.573000;fff7db2d-18c8-4622-bc7a-0f7f8a2a250b;378.49;0.357;BUY
2016-02-08T01:06:31.543000;2016-02-08T01:06:31.587000;749dd3ef-d09e-4873-a8ed-f4c3f33fd424;378.5;0.03678;BUY
2016-02-08T01:07:32.160000;2016-02-08T01:07:32.197000;a6be69a4-4c12-4012-8018-854c89d94569;378.49;0.389;BUY
2016-02-08T01:07:32.160000;2016-02-08T01:07:32.213000;9422f815-db92-46b4-8a91-5f8b3c01b3b4;378.5;0.01322;BUY
2016-02-08T01:07:32.160000;2016-02-08T01:07:32.213000;293385ea-50f4-4ff1-89c8-f7318702dd99;378.5;0.02739;BUY
2016-02-08T01:07:52.753000;2016-02-08T01:07:52.777000;9b6bf525-e691-4ed8-bf7b-c6512d2a0c03;378.5;0.07730231;BUY
2016-02-08T01:07:52.753000;2016-02-08T01:07:52.790000;6c6b80ed-f753-4001-b17e-96e3aa6a770c;378.5;0.010025;BUY
2016-02-08T01:07:52.753000;2016-02-08T01:07:52.790000;29c5273d-1c82-4b05-b38d-f7b049fca7bb;378.5;0.0101832;BUY
2016-02-08T01:08:31.673000;2016-02-08T01:08:31.697000;61828e7e-d68e-481d-80c6-51cb4766a068;378.5;2.10331;BUY
2016-02-08T01:09:01.633000;2016-02-08T01:09:01.683000;d3e0edc9-5e73-4ca2-a079-7373507ef283;378.5;0.62813;BUY
2016-02-08T01:09:32.190000;2016-02-08T01:09:32.213000;b458f021-10dd-4038-9473-49db15d931b1;378.5;1.29892;BUY
2016-02-08T01:10:01.983000;2016-02-08T01:10:02.027000;6f39301f-01bb-415a-98e9-f39206975c12;378.5;0.13706;BUY
2016-02-08T01:10:31.663000;2016-02-08T01:10:31.683000;9b95a66e-c83b-45e3-8c4f-2e1b33a0cc5d;378.5;0.8223968;BUY
2016-02-08T01:10:31.663000;2016-02-08T01:10:31.697000;48f6bb57-cf9a-4f4b-b3e4-ca485f980184;378.5;0.304;BUY
2016-02-08T01:10:31.663000;2016-02-08T01:10:31.697000;e7413015-5ff6-426e-9770-f32f2ef0af47;378.5;0.3135132;BUY
2016-02-08T01:11:01.520000;2016-02-08T01:11:01.540000;a1e5991b-3b9c-43f3-84db-dfe012663cf9;378.5;0.0924868;BUY
2016-02-08T01:11:01.520000;2016-02-08T01:11:01.557000;f8fc3508-6123-4654-8f65-3233a09480e3;378.5;0.298;BUY
2016-02-08T01:11:01.520000;2016-02-08T01:11:01.557000;4a381b22-3617-4170-a38d-0319744dbc1e;378.5;0.299;BUY
2016-02-08T01:11:01.520000;2016-02-08T01:11:01.557000;610a6265-2a52-43c5-8604-8c3bfa24d3d4;378.5;0.9970132;BUY
2016-02-08T01:11:31.590000;2016-02-08T01:11:31.603000;9e9cd6f8-eb07-4519-b4b6-dda7dd69eec9;378.5;2.74872;BUY
2016-02-08T01:11:43.197000;2016-02-08T01:11:43.230000;aed02df1-8dc6-481d-9e2d-5f1c459f046a;378.49;0.016;SELL
2016-02-08T01:11:43.197000;2016-02-08T01:11:43.230000;09f25d6a-5452-41e9-9839-9edba0487ff7;378.48;0.016;SELL
