time_exchange;time_coinpai;guid;price;base_amount;taker_side
2016-02-08T00:05:35.000000;2016-02-08T00:05:35.000000;cc6b15ad-65c2-456b-900d-25f66df9b12a;372.36;6.0;UNKNOWN
2016-02-08T00:05:35.000000;2016-02-08T00:05:35.000000;8d67beda-0365-4ca1-b883-5e3604b1b575;372.26;0.5;UNKNOWN
2016-02-08T00:05:35.000000;2016-02-08T00:05:35.000000;ed9348c2-2ce3-4e95-ab00-5ddfbcc07c10;372.33;3.0;UNKNOWN
2016-02-08T00:06:16.000000;2016-02-08T00:06:16.000000;49b5da1a-f881-4e1e-b4d6-4b9b5589cf2f;373.0;0.02998;UNKNOWN
2016-02-08T00:06:16.000000;2016-02-08T00:06:16.000000;e372f5f6-5d42-4f5a-9ae2-75fc46c360e9;372.78;7.0;UNKNOWN
2016-02-08T00:06:16.000000;2016-02-08T00:06:16.000000;d9376bf2-6bf5-4a59-87e0-c2a42724acdf;373.0;0.01;UNKNOWN
2016-02-08T00:06:16.000000;2016-02-08T00:06:16.000000;91881e46-5171-4354-bc00-ccc8de56b7a7;373.0;0.01;UNKNOWN
2016-02-08T00:06:16.000000;2016-02-08T00:06:16.000000;5032c6d6-3387-41f7-8eef-aac4e8af8968;372.94;0.01;UNKNOWN
2016-02-08T00:06:16.000000;2016-02-08T00:06:16.000000;e36e09ca-6eac-43b9-9bdc-5c103630a385;373.0;9.05476043;UNKNOWN
2016-02-08T00:06:16.000000;2016-02-08T00:06:16.000000;28f51daa-4ee8-4578-bf2e-754332233db0;372.84;0.01;UNKNOWN
2016-02-08T00:06:16.000000;2016-02-08T00:06:16.000000;79d245c3-34d3-4ad8-828f-808b9d454288;372.98;14.3155;UNKNOWN
2016-02-08T00:06:16.000000;2016-02-08T00:06:16.000000;2b04a6f6-c887-441f-be83-28ded5f19ca6;372.82;0.1;UNKNOWN
2016-02-08T00:06:28.000000;2016-02-08T00:06:28.000000;3453c5b6-4fd8-4f54-b02a-3d547045d334;373.04;0.01;UNKNOWN
2016-02-08T00:07:05.000000;2016-02-08T00:07:05.000000;3c5ec9ab-f9cf-4615-873a-097a8d05cd78;373.1;2.2785;UNKNOWN
2016-02-08T00:07:32.000000;2016-02-08T00:07:32.000000;73a989e0-2aaf-4120-8a97-2ddb37486ce8;373.11;0.3;UNKNOWN
2016-02-08T00:07:32.000000;2016-02-08T00:07:32.000000;4f2dfd88-fe98-4477-ae76-7d67b2a802cf;373.12;3.0;UNKNOWN
2016-02-08T00:07:32.000000;2016-02-08T00:07:32.000000;c163d2de-b9f3-4ff3-9a27-0bf320f78049;373.15;5.0;UNKNOWN
2016-02-08T00:07:32.000000;2016-02-08T00:07:32.000000;75e448bc-8d59-49e4-a6aa-969f5f8eab65;373.11;0.5;UNKNOWN
2016-02-08T00:07:32.000000;2016-02-08T00:07:32.000000;af4b5cb4-8f09-4ff8-a11a-19f07ee94823;373.14;0.62;UNKNOWN
2016-02-08T00:07:32.000000;2016-02-08T00:07:32.000000;e7e6369f-5a5a-4ce4-a8c8-3a9520303761;373.14;0.01;UNKNOWN
2016-02-08T00:07:32.000000;2016-02-08T00:07:32.000000;7b71e5f5-0ce4-4e8d-9554-beedaf3ceaf1;373.12;0.27;UNKNOWN
2016-02-08T00:07:32.000000;2016-02-08T00:07:32.000000;5f328da7-f25d-43f5-92c3-f41abd1d9bbe;373.14;1.35;UNKNOWN
2016-02-08T00:07:34.000000;2016-02-08T00:07:34.000000;9122a71c-ca21-4fcf-92ae-782777f71b21;373.15;1.32;UNKNOWN
2016-02-08T00:07:37.000000;2016-02-08T00:07:37.000000;2af07467-f55d-4814-8e57-582e77b4c6d2;373.17;0.27;UNKNOWN
2016-02-08T00:07:37.000000;2016-02-08T00:07:37.000000;b5b65511-c8b9-44e9-8b05-fe8a492f9f97;373.18;0.73;UNKNOWN
2016-02-08T00:08:53.000000;2016-02-08T00:08:53.000000;df97057e-4895-42e6-9af8-b79f2fcf0a07;373.16;0.44;UNKNOWN
2016-02-08T00:09:27.000000;2016-02-08T00:09:27.000000;a59795bd-966a-4f7a-aa90-34dab3066878;373.17;12.711;UNKNOWN
2016-02-08T00:09:44.000000;2016-02-08T00:09:44.000000;e7a40f37-bab8-4578-a849-301a4724a54d;373.16;6.1757;UNKNOWN
2016-02-08T00:10:15.000000;2016-02-08T00:10:15.000000;1b51d68e-4d25-45e4-9753-a2e94ef008f7;373.16;8.0181;UNKNOWN
2016-02-08T00:10:15.000000;2016-02-08T00:10:15.000000;325f5858-fde0-46d8-8257-0e4525f97387;373.16;3.8243;UNKNOWN
2016-02-08T00:10:38.000000;2016-02-08T00:10:38.000000;a0013722-e177-4dc1-b059-3adf5176bb49;373.15;0.27;UNKNOWN
2016-02-08T00:10:59.000000;2016-02-08T00:10:59.000000;17382936-4ff7-4f54-b8dc-6593f7c9927f;373.16;6.81975957;UNKNOWN
2016-02-08T00:11:37.000000;2016-02-08T00:11:37.000000;4860a483-e0e0-4c3b-9b52-be8f114565d6;373.02;0.5;UNKNOWN
2016-02-08T00:12:44.000000;2016-02-08T00:12:44.000000;f5ca936f-6212-4246-8006-e7ff02dc1b15;373.06;0.2949;UNKNOWN
2016-02-08T00:13:29.000000;2016-02-08T00:13:29.000000;f82d9f1b-de54-44fe-8e74-a75224c34c8d;373.16;0.98663;UNKNOWN
2016-02-08T00:13:29.000000;2016-02-08T00:13:29.000000;d3b1eabe-a0a9-4d5d-9910-197126fca247;373.15;0.01337;UNKNOWN
2016-02-08T00:15:12.000000;2016-02-08T00:15:12.000000;a9b152f6-697e-473f-b0e9-3a9a5fa3ce9b;373.03;0.068874;UNKNOWN
2016-02-08T00:18:25.000000;2016-02-08T00:18:25.000000;699ebf90-84bb-4838-a1a4-dea66612bbd9;373.16;0.0795;UNKNOWN
2016-02-08T00:20:06.000000;2016-02-08T00:20:06.000000;4b1395d2-c430-4dd5-946a-8f4b54aeb7dd;373.16;8.93387;UNKNOWN
2016-02-08T00:20:06.000000;2016-02-08T00:20:06.000000;6734e1bb-3b44-4968-81f6-b405fd046997;373.17;6.06613;UNKNOWN
2016-02-08T00:20:27.000000;2016-02-08T00:20:27.000000;a5107dc2-6563-47e0-a4a7-0eb75e2d59ca;373.16;0.37566042;UNKNOWN
2016-02-08T00:20:34.000000;2016-02-08T00:20:34.000000;4955cc9e-a983-4e7b-aa5c-d5e200bc64e7;373.18;0.92;UNKNOWN
2016-02-08T00:22:22.000000;2016-02-08T00:22:22.000000;33b1f844-fc0f-4d05-beae-9a5e8339313f;373.16;0.22;UNKNOWN
2016-02-08T00:23:02.000000;2016-02-08T00:23:02.000000;f1439276-8131-446d-bdfa-09ba7a760efc;373.18;0.05;UNKNOWN
2016-02-08T00:23:38.000000;2016-02-08T00:23:38.000000;01ebad54-98a4-4c7b-ae1d-298d69002317;373.18;0.13412492;UNKNOWN
2016-02-08T00:24:57.000000;2016-02-08T00:24:57.000000;ddeca7c6-da14-4bc9-87ac-b6b57bb98b5b;373.18;0.14216478;UNKNOWN
2016-02-08T00:25:16.000000;2016-02-08T00:25:16.000000;de5e41c3-fbb7-445d-99ca-2af75211b461;373.18;0.01337;UNKNOWN
2016-02-08T00:33:05.000000;2016-02-08T00:33:05.000000;322a8f65-9265-4f56-ae3f-2c3bf47a5f37;373.31;1.67733503;UNKNOWN
2016-02-08T00:33:05.000000;2016-02-08T00:33:05.000000;5650c223-fc4e-47e8-9066-efe455044730;373.2;0.6;UNKNOWN
2016-02-08T00:33:05.000000;2016-02-08T00:33:05.000000;0484795f-5685-4507-a712-a11bb2ef1042;373.25;0.01;UNKNOWN
2016-02-08T00:33:24.000000;2016-02-08T00:33:24.000000;5192d2ac-bb17-4ed2-98c3-cc1066c58ed5;373.35;0.01;UNKNOWN
2016-02-08T00:33:24.000000;2016-02-08T00:33:24.000000;598818d7-b670-4918-9a66-3ed646ef3fb7;373.49;15.05;UNKNOWN
2016-02-08T00:33:24.000000;2016-02-08T00:33:24.000000;a5c6818f-bfed-4fa4-9aea-3162334870a3;373.5;33.0;UNKNOWN
2016-02-08T00:33:24.000000;2016-02-08T00:33:24.000000;e025d31b-e8c2-433e-9e41-9b98fecefcfe;373.44;0.01;UNKNOWN
2016-02-08T00:33:24.000000;2016-02-08T00:33:24.000000;30e196c2-7f69-448a-96a3-4eca75551517;373.47;6.6502;UNKNOWN
2016-02-08T00:33:24.000000;2016-02-08T00:33:24.000000;97817dde-9ad0-46cd-bdbb-5f27abe3f052;373.47;27.2522;UNKNOWN
2016-02-08T00:33:24.000000;2016-02-08T00:33:24.000000;44926e95-11be-463b-abcf-9eaa4498f1fa;373.49;0.1;UNKNOWN
2016-02-08T00:33:32.000000;2016-02-08T00:33:32.000000;65139be2-0a26-42d5-87c8-30987bb36435;373.64;1.11481756;UNKNOWN
2016-02-08T00:33:32.000000;2016-02-08T00:33:32.000000;c3d9ada2-da67-489a-b293-ca10c834a141;373.55;0.01;UNKNOWN
2016-02-08T00:33:32.000000;2016-02-08T00:33:32.000000;f87352b5-a2cf-45fa-b62d-c382dd3b96a8;373.64;0.5;UNKNOWN
2016-02-08T00:33:32.000000;2016-02-08T00:33:32.000000;ba487597-e83d-4ed6-ba65-381da0478cc6;373.6;0.01;UNKNOWN
2016-02-08T00:33:32.000000;2016-02-08T00:33:32.000000;77dbd554-5eb1-4ced-8291-21a7187082c6;373.59;3.86518244;UNKNOWN
2016-02-08T00:34:38.000000;2016-02-08T00:34:38.000000;b4a4f0c0-a82a-4810-90e5-9acb332f180d;373.5;0.01337;UNKNOWN
2016-02-08T00:34:48.000000;2016-02-08T00:34:48.000000;0f73ca3d-9f84-4c71-8674-5fb8bf3d89e8;373.65;0.01;UNKNOWN
2016-02-08T00:35:03.000000;2016-02-08T00:35:03.000000;40363d67-3806-4b10-819a-040f8937ec69;373.66;0.1;UNKNOWN
2016-02-08T00:35:07.000000;2016-02-08T00:35:07.000000;d9d31cde-2a82-44d7-98a8-1fde424db7a4;373.66;0.26192409;UNKNOWN
2016-02-08T00:41:05.000000;2016-02-08T00:41:05.000000;5fb34496-fc01-4946-91b2-7c9d099e4709;373.75;0.02;UNKNOWN
2016-02-08T00:41:05.000000;2016-02-08T00:41:05.000000;440f05ad-504f-4c20-a3cb-58d83521e96d;373.79;1.49351933;UNKNOWN
2016-02-08T00:41:05.000000;2016-02-08T00:41:05.000000;aae6a804-64c6-4d27-ab11-5f5e8b936490;373.75;0.01;UNKNOWN
2016-02-08T00:41:11.000000;2016-02-08T00:41:11.000000;cc54d833-665a-4908-80b6-a47cc181eb20;373.8;0.2344;UNKNOWN
2016-02-08T00:41:11.000000;2016-02-08T00:41:11.000000;06b626af-4204-471b-a89b-e550c305b4b1;373.8;0.01;UNKNOWN
2016-02-08T00:41:42.000000;2016-02-08T00:41:42.000000;ff103213-c84a-4fd7-9151-b1f0b9b6f22d;373.8;0.2656;UNKNOWN
2016-02-08T00:41:58.000000;2016-02-08T00:41:58.000000;c75d71f4-5e5e-4207-a176-f26a21cd5b5d;373.83;0.09;UNKNOWN
2016-02-08T00:42:08.000000;2016-02-08T00:42:08.000000;4f6f4205-e721-44f3-a5ce-d5baa6d9ffae;374.0;0.5;UNKNOWN
2016-02-08T00:42:08.000000;2016-02-08T00:42:08.000000;3aa63c79-c3bf-44c7-9458-e10e108e6c17;374.0;2.0;UNKNOWN
2016-02-08T00:42:08.000000;2016-02-08T00:42:08.000000;a4d4764f-38a5-404a-87b6-9a3d2c0395bf;373.95;0.01;UNKNOWN
2016-02-08T00:42:08.000000;2016-02-08T00:42:08.000000;838e880c-2c38-4e14-973d-44aeebbec0a9;374.0;0.01;UNKNOWN
2016-02-08T00:42:08.000000;2016-02-08T00:42:08.000000;d4080b5a-8d19-4cf6-ad6d-842d453f61fb;374.0;10.86;UNKNOWN
2016-02-08T00:42:08.000000;2016-02-08T00:42:08.000000;a577d617-1018-488a-a986-5103106237db;374.0;0.01;UNKNOWN
2016-02-08T00:42:08.000000;2016-02-08T00:42:08.000000;46949fcd-3298-4cd6-8aaf-fc30e4ff4534;373.96;20.0;UNKNOWN
2016-02-08T00:42:08.000000;2016-02-08T00:42:08.000000;7ae5fc8c-556a-4739-af1e-ced440346186;373.88;3.6;UNKNOWN
2016-02-08T00:42:08.000000;2016-02-08T00:42:08.000000;771ad8a4-7881-44ef-9639-84f7e86407f1;373.85;0.01;UNKNOWN
2016-02-08T00:42:08.000000;2016-02-08T00:42:08.000000;cd153874-5f7a-4e36-8804-83b973bf678f;373.97;63.0;UNKNOWN
2016-02-08T00:42:43.000000;2016-02-08T00:42:43.000000;cb45ebd3-0025-4b49-a811-08390a0c12ab;374.0;2.166;UNKNOWN
2016-02-08T00:43:03.000000;2016-02-08T00:43:03.000000;339e199a-3dab-41df-9929-0613706c2651;374.0;11.974;UNKNOWN
2016-02-08T00:43:33.000000;2016-02-08T00:43:33.000000;568f9694-83fd-4c90-b27e-becd7cc0e46b;374.05;0.01;UNKNOWN
2016-02-08T00:43:52.000000;2016-02-08T00:43:52.000000;c5f72f78-f9e0-461e-b7ea-0e0fcc4e05ef;374.09;0.12054444;UNKNOWN
2016-02-08T00:44:08.000000;2016-02-08T00:44:08.000000;ed13716f-2bc1-4324-aeb8-9be6cab011ca;374.15;5.0;UNKNOWN
2016-02-08T00:44:08.000000;2016-02-08T00:44:08.000000;e7bdc5b1-d90b-4d49-a87a-4e94caecb9c8;374.19;6.6023;UNKNOWN
2016-02-08T00:44:08.000000;2016-02-08T00:44:08.000000;4dd453b6-db12-4c95-a87b-d9005ce984fd;374.2;0.01;UNKNOWN
2016-02-08T00:44:08.000000;2016-02-08T00:44:08.000000;e2b3db65-c293-468d-981a-3d16c0ee8638;374.14;0.09;UNKNOWN
2016-02-08T00:44:08.000000;2016-02-08T00:44:08.000000;1d80aec7-7e67-446a-add2-c05f2cb8a055;374.14;0.09;UNKNOWN
2016-02-08T00:44:08.000000;2016-02-08T00:44:08.000000;e7df6705-b2ba-4a1b-b9c2-29dc969a3107;374.2;3.0035782;UNKNOWN
2016-02-08T00:44:08.000000;2016-02-08T00:44:08.000000;3a4aa99c-eb61-464f-b2aa-6af7c98655dd;374.14;0.09;UNKNOWN
2016-02-08T00:44:08.000000;2016-02-08T00:44:08.000000;3b502b1e-3240-4688-9a42-58c4bb49747d;374.15;0.01;UNKNOWN
2016-02-08T00:44:08.000000;2016-02-08T00:44:08.000000;b5d7328a-150a-49b6-a4b4-a6932cb8a7dd;374.2;0.1780218;UNKNOWN
2016-02-08T00:44:33.000000;2016-02-08T00:44:33.000000;3884a595-43fe-4338-9532-e52e0a36ecc9;374.19;2.89;UNKNOWN
2016-02-08T00:44:52.000000;2016-02-08T00:44:52.000000;70e0f675-4aea-49f4-903e-f33c4e77d20a;374.19;0.2;UNKNOWN
2016-02-08T00:45:22.000000;2016-02-08T00:45:22.000000;9cfef7cd-f597-4fd7-af7d-f7376fd6705f;374.15;1.07113343;UNKNOWN
2016-02-08T00:46:22.000000;2016-02-08T00:46:22.000000;7b094080-2a82-45e3-9000-8b2c8cb84f3a;374.01;2.0;UNKNOWN
2016-02-08T00:47:38.000000;2016-02-08T00:47:38.000000;97e51fbb-ee41-4ca6-8808-46f093ab10c0;374.06;9.362;UNKNOWN
2016-02-08T00:47:38.000000;2016-02-08T00:47:38.000000;87e81dbe-eee2-40dc-ba62-eb247938070b;374.07;6.638;UNKNOWN
2016-02-08T00:48:06.000000;2016-02-08T00:48:06.000000;330a3eaa-d369-40aa-8373-002b3b4e62ad;374.04;1.26909;UNKNOWN
2016-02-08T00:49:13.000000;2016-02-08T00:49:13.000000;63f8d20d-2570-4244-a246-d5e614b5f990;374.1;0.07098015;UNKNOWN
2016-02-08T00:51:02.000000;2016-02-08T00:51:02.000000;1b2e7f3a-fffd-424b-8c94-d65138365dcc;374.11;0.01337;UNKNOWN
2016-02-08T00:51:02.000000;2016-02-08T00:51:02.000000;3711cec8-654f-460e-8358-840ba770921b;374.12;1.25572;UNKNOWN
2016-02-08T00:51:04.000000;2016-02-08T00:51:04.000000;7edfb7ee-5ed5-4fed-aa10-ed45bf99e65c;374.08;0.03;UNKNOWN
2016-02-08T00:51:35.000000;2016-02-08T00:51:35.000000;1255af67-f5af-4e96-9904-ff40efa5120d;374.12;2.0;UNKNOWN
2016-02-08T00:51:47.000000;2016-02-08T00:51:47.000000;baa55eec-e3a4-4eea-b09b-54785fea9eb3;374.1;1.004;UNKNOWN
2016-02-08T00:52:46.000000;2016-02-08T00:52:46.000000;a5ad6052-7c02-41b4-b24c-2aecf5d31a2d;374.12;5.0;UNKNOWN
2016-02-08T00:52:57.000000;2016-02-08T00:52:57.000000;c16de3d7-20f8-4c93-8008-22d4995f36f8;374.1;0.06688322;UNKNOWN
2016-02-08T00:53:05.000000;2016-02-08T00:53:05.000000;27af1d54-a851-4c14-b9fa-1ddfb9033ef4;374.11;2.73552577;UNKNOWN
2016-02-08T00:53:45.000000;2016-02-08T00:53:45.000000;bad99b12-c562-47c6-9644-4e6375bf931a;374.12;2.0;UNKNOWN
2016-02-08T00:56:38.000000;2016-02-08T00:56:38.000000;22f2a98c-ea09-470a-9fc5-a2f7d47d92a7;374.15;0.5;UNKNOWN
2016-02-08T00:56:38.000000;2016-02-08T00:56:38.000000;a075dc9d-55d2-450f-8a71-d4374fe799b7;374.16;0.5;UNKNOWN
2016-02-08T00:57:53.000000;2016-02-08T00:57:53.000000;be04fd39-369f-4325-b003-86fdc2124842;374.19;6.6233;UNKNOWN
2016-02-08T00:59:16.000000;2016-02-08T00:59:16.000000;a1407397-1779-4628-9ad4-8b61c6c8fb59;374.19;0.48209519;UNKNOWN
2016-02-08T00:59:21.000000;2016-02-08T00:59:21.000000;9b80bb87-833e-4992-af1f-17c716b7e0ea;374.2;6.9964218;UNKNOWN
2016-02-08T00:59:58.000000;2016-02-08T00:59:58.000000;c94d1fc4-6d5c-479c-b9ca-acdc88791d8a;374.22;5.0;UNKNOWN
2016-02-08T01:00:07.000000;2016-02-08T01:00:07.000000;5b331b73-0965-47b0-bf28-ad974cabd45a;374.22;0.06528608;UNKNOWN
2016-02-08T01:00:10.000000;2016-02-08T01:00:10.000000;456a54b1-aa0c-449f-ba09-f7a859e71610;374.25;0.01;UNKNOWN
2016-02-08T01:00:23.000000;2016-02-08T01:00:23.000000;e5086cb6-1585-4c54-ba33-82d0a42f71d3;374.26;0.01337;UNKNOWN
2016-02-08T01:00:32.000000;2016-02-08T01:00:32.000000;302f2d09-e317-4f5a-84ca-e1714fa97686;374.26;0.48793021;UNKNOWN
2016-02-08T01:01:05.000000;2016-02-08T01:01:05.000000;1cac8933-da52-4fca-a311-6b3f765f25a7;374.26;37.4762;UNKNOWN
2016-02-08T01:01:05.000000;2016-02-08T01:01:05.000000;0d61c3fd-4284-4170-b028-30a7f794b3fa;374.26;2.5238;UNKNOWN
2016-02-08T01:01:17.000000;2016-02-08T01:01:17.000000;0b5a8db8-26c0-4b84-966d-6b5284867ef5;374.27;0.8025987;UNKNOWN
2016-02-08T01:01:28.000000;2016-02-08T01:01:28.000000;6308f122-6265-4680-8f48-a31aee39b093;374.27;0.29433336;UNKNOWN
2016-02-08T01:01:55.000000;2016-02-08T01:01:55.000000;1fff755a-edc7-4210-a64d-5e4998914f25;374.26;2.0;UNKNOWN
2016-02-08T01:01:55.000000;2016-02-08T01:01:55.000000;dd22f458-905c-43af-be6a-717373189e21;374.21;0.15427708;UNKNOWN
2016-02-08T01:01:55.000000;2016-02-08T01:01:55.000000;4bfa57e7-aaa7-4a29-8387-9780c92f94d7;374.25;2.66;UNKNOWN
2016-02-08T01:01:55.000000;2016-02-08T01:01:55.000000;75fa2656-a9b1-455f-be9d-28df147ef476;374.27;0.18572292;UNKNOWN
2016-02-08T01:02:22.000000;2016-02-08T01:02:22.000000;f6c30958-cadd-477d-9cc2-0e3257371896;374.22;0.31870307;UNKNOWN
2016-02-08T01:05:12.000000;2016-02-08T01:05:12.000000;b01c612d-4b7e-4b58-89af-afa8aa84b9a0;374.12;0.93646512;UNKNOWN
2016-02-08T01:06:05.000000;2016-02-08T01:06:05.000000;1d4e969a-4b5a-4e75-b01c-fce0b6a665ed;374.24;6.0;UNKNOWN
2016-02-08T01:08:52.000000;2016-02-08T01:08:52.000000;097521ec-faee-469b-a72c-88f8b4d4bcee;374.04;0.01337;UNKNOWN
2016-02-08T01:11:09.000000;2016-02-08T01:11:09.000000;2deafdf9-8508-47ba-85a6-84e52f790bee;374.02;0.025;UNKNOWN
2016-02-08T01:11:09.000000;2016-02-08T01:11:09.000000;b73a61cf-80de-4a1c-b4f4-8e94f51063c5;374.02;16.75;UNKNOWN
2016-02-08T01:11:39.000000;2016-02-08T01:11:39.000000;dc4bcd49-a42a-47d3-bb78-beb6ee83858a;374.0;4.3;UNKNOWN
2016-02-08T01:12:35.000000;2016-02-08T01:12:35.000000;6e072ee1-985d-4b5d-821f-f617327bc902;374.0;4.3;UNKNOWN
2016-02-08T01:12:35.000000;2016-02-08T01:12:35.000000;56321a70-adaf-4738-94de-46921c29be3a;374.0;45.7;UNKNOWN
2016-02-08T01:13:14.000000;2016-02-08T01:13:14.000000;37f76429-ef0a-4b15-a6a4-c0ee988005de;374.01;0.4;UNKNOWN
2016-02-08T01:15:05.000000;2016-02-08T01:15:05.000000;63ec13f0-db63-49aa-835b-89a30d9c1856;374.0;0.1;UNKNOWN
2016-02-08T01:16:54.000000;2016-02-08T01:16:54.000000;7e44c7dd-52b1-4d82-a1be-cf1400077fb8;374.0;0.01337;UNKNOWN
2016-02-08T01:19:24.000000;2016-02-08T01:19:24.000000;16b41960-5752-4598-8efa-3a2505ad09de;374.01;0.4184;UNKNOWN
2016-02-08T01:19:28.000000;2016-02-08T01:19:28.000000;cd9c80b9-5afe-407a-b89f-d6dae7d64be3;374.01;0.13063;UNKNOWN
2016-02-08T01:19:33.000000;2016-02-08T01:19:33.000000;bc894b96-c4c5-42a6-a3df-9ce2b1d00ae4;374.01;0.41772;UNKNOWN
2016-02-08T01:21:05.000000;2016-02-08T01:21:05.000000;abeb67f9-70db-498e-ba04-c87b777a4862;374.01;0.01524688;UNKNOWN
2016-02-08T01:21:44.000000;2016-02-08T01:21:44.000000;3b07f5b8-041e-460e-bb40-9436ed1bf9a9;374.01;0.3;UNKNOWN
2016-02-08T01:22:23.000000;2016-02-08T01:22:23.000000;fdde5165-6081-4ee3-b7f1-45216611388a;374.0;0.1;UNKNOWN
2016-02-08T01:23:30.000000;2016-02-08T01:23:30.000000;7bafa3a0-c890-430f-b7be-8fea0473a5f3;374.0;1.0;UNKNOWN
2016-02-08T01:24:12.000000;2016-02-08T01:24:12.000000;be2f0925-4898-4ada-8d0b-90cd16741b2c;374.0;0.270273;UNKNOWN
2016-02-08T01:26:06.000000;2016-02-08T01:26:06.000000;60b906b0-cc63-47bc-8df9-3eeb69efd690;374.01;0.38121312;UNKNOWN
2016-02-08T01:28:47.000000;2016-02-08T01:28:47.000000;b4dda78e-b7f4-426a-96ec-84aeaaa54820;374.0;0.15979957;UNKNOWN
2016-02-08T01:29:28.000000;2016-02-08T01:29:28.000000;dae71bd8-d4a2-490d-ac02-bfb0d22cf3df;374.01;0.06;UNKNOWN
2016-02-08T01:30:36.000000;2016-02-08T01:30:36.000000;2e3d3976-c4e1-4228-8659-b2606bb04b8e;374.01;1.8011279;UNKNOWN
2016-02-08T01:30:36.000000;2016-02-08T01:30:36.000000;1f89a4b9-2745-4ab1-a72c-79626e47a8ce;374.01;27.0792;UNKNOWN
2016-02-08T01:30:36.000000;2016-02-08T01:30:36.000000;670e8cfe-137b-4671-a60d-4b5c9fd45523;374.01;1.10179;UNKNOWN
2016-02-08T01:30:36.000000;2016-02-08T01:30:36.000000;b02f5561-86ee-45f6-8b81-47fc885b9d29;374.01;0.0178821;UNKNOWN
2016-02-08T01:30:58.000000;2016-02-08T01:30:58.000000;3faca656-d938-4f39-a71d-80fb046efd80;374.0;0.299765;UNKNOWN
2016-02-08T01:31:18.000000;2016-02-08T01:31:18.000000;b8c8febc-6ed6-45fc-890f-ce86b1c18417;374.01;0.55555647;UNKNOWN
2016-02-08T01:31:57.000000;2016-02-08T01:31:57.000000;26a33923-54da-4efb-a57d-9158298f3d93;374.01;0.04014709;UNKNOWN
2016-02-08T01:32:22.000000;2016-02-08T01:32:22.000000;0bb14110-8c1a-486c-90ff-8e14b4dbe9aa;374.13;0.013;UNKNOWN
2016-02-08T01:32:27.000000;2016-02-08T01:32:27.000000;7637b5ec-f7a0-4149-a7a1-ba95b57a2b68;374.01;0.019635;UNKNOWN
2016-02-08T01:32:56.000000;2016-02-08T01:32:56.000000;f4ce1434-46a8-4f0f-b654-2f79500c4b32;374.1;21.85;UNKNOWN
2016-02-08T01:33:06.000000;2016-02-08T01:33:06.000000;fdadaa17-7edb-48e7-8188-26bffd3a2fb3;374.19;0.12951999;UNKNOWN
2016-02-08T01:34:33.000000;2016-02-08T01:34:33.000000;03c81b8c-eaf2-46d2-a459-5b58e0b9e1f0;374.11;0.09367405;UNKNOWN
2016-02-08T01:35:15.000000;2016-02-08T01:35:15.000000;57c1b4c2-4cf2-4650-b1de-b6d22105a60c;374.2;21.74511999;UNKNOWN
2016-02-08T01:35:15.000000;2016-02-08T01:35:15.000000;c0a748e6-33a9-427d-ac06-501db34ccec2;374.19;28.1144;UNKNOWN
2016-02-08T01:35:15.000000;2016-02-08T01:35:15.000000;9666affa-fa31-4b4a-a766-93de17986f0c;374.19;0.14048001;UNKNOWN
2016-02-08T01:36:30.000000;2016-02-08T01:36:30.000000;7a10c765-e281-466c-a52d-94af9f9d5225;374.2;1.5;UNKNOWN
2016-02-08T01:36:35.000000;2016-02-08T01:36:35.000000;a075280f-4341-4d89-ac0f-8c3cdef0c7c6;374.19;21.08503856;UNKNOWN
2016-02-08T01:36:35.000000;2016-02-08T01:36:35.000000;a036dd75-f6a0-40fe-9324-aa3f3938718b;374.19;9.5303;UNKNOWN
2016-02-08T01:36:56.000000;2016-02-08T01:36:56.000000;0754761e-a44e-4230-b03c-8bf536512fd6;374.2;0.75488001;UNKNOWN
2016-02-08T01:36:56.000000;2016-02-08T01:36:56.000000;58ddbed4-d988-4d68-a73f-b42587ab70dd;374.2;0.24511999;UNKNOWN
2016-02-08T01:37:57.000000;2016-02-08T01:37:57.000000;85d84441-87fd-4092-b2f2-4e7c0322219b;374.11;0.24289531;UNKNOWN
2016-02-08T01:38:52.000000;2016-02-08T01:38:52.000000;413fefbc-e519-4e5a-a8a9-b5c429937d44;374.19;1.0;UNKNOWN
2016-02-08T01:39:04.000000;2016-02-08T01:39:04.000000;6002f6c8-5af4-4dfc-82b7-07aeb9d98133;374.19;4.0;UNKNOWN
2016-02-08T01:39:42.000000;2016-02-08T01:39:42.000000;c8aa40f6-b236-4b85-8638-58915832098a;374.18;1.33823663;UNKNOWN
2016-02-08T01:39:54.000000;2016-02-08T01:39:54.000000;5a63ecc2-9666-4d9e-8300-e5333fb0acef;374.19;2.1379;UNKNOWN
2016-02-08T01:40:50.000000;2016-02-08T01:40:50.000000;21887e34-a303-420c-9d88-e21ae1489a4d;374.19;0.017757;UNKNOWN
2016-02-08T01:41:05.000000;2016-02-08T01:41:05.000000;e4acf88f-aa8f-489d-af8c-8ca01f71e551;374.19;0.91435817;UNKNOWN
2016-02-08T01:42:02.000000;2016-02-08T01:42:02.000000;672f6616-6d68-4bd3-9596-eb557694d666;374.18;0.04012778;UNKNOWN
2016-02-08T01:42:55.000000;2016-02-08T01:42:55.000000;b7573b52-04f8-4317-895f-b2256b3dc2f2;374.4;10.0;UNKNOWN
2016-02-08T01:42:55.000000;2016-02-08T01:42:55.000000;cce167d8-49aa-417a-99f9-a5c0d89440ae;374.39;3.85782624;UNKNOWN
2016-02-08T01:42:55.000000;2016-02-08T01:42:55.000000;9520530d-35fc-4ec3-9de5-ca406a730a7b;374.19;1.92998483;UNKNOWN
2016-02-08T01:42:55.000000;2016-02-08T01:42:55.000000;a16f45fe-8cdd-49af-906a-9be78958f56b;374.35;26.2729;UNKNOWN
2016-02-08T01:42:55.000000;2016-02-08T01:42:55.000000;510bc674-7796-468d-8c89-911e59c9509b;374.35;6.5904;UNKNOWN
2016-02-08T01:42:55.000000;2016-02-08T01:42:55.000000;5e625c33-5fb7-4a74-854f-6c252dae1ea4;374.3;0.01;UNKNOWN
2016-02-08T01:42:55.000000;2016-02-08T01:42:55.000000;ac129ee2-e38d-4a00-8f34-7ee669c97d5d;374.39;16.4289;UNKNOWN
2016-02-08T01:42:55.000000;2016-02-08T01:42:55.000000;4903c599-1682-4c98-924d-fdc46bbd0c28;374.4;0.01;UNKNOWN
2016-02-08T01:42:55.000000;2016-02-08T01:42:55.000000;aad66ae7-f6f7-45c0-85f4-3f553723ef7c;374.35;0.01;UNKNOWN
2016-02-08T01:43:01.000000;2016-02-08T01:43:01.000000;fc26b508-3583-4a88-826b-259e0553ffad;374.44;0.01;UNKNOWN
2016-02-08T01:43:31.000000;2016-02-08T01:43:31.000000;36ed50e3-0393-46d1-b9e6-eeb64a0e810e;374.42;0.6;UNKNOWN
2016-02-08T01:43:42.000000;2016-02-08T01:43:42.000000;51c28886-6807-495a-a69b-a86c7329951c;374.41;0.09743788;UNKNOWN
2016-02-08T01:44:26.000000;2016-02-08T01:44:26.000000;ce91de87-375e-42b9-aa4d-ee5860142041;374.45;0.01;UNKNOWN
2016-02-08T01:44:26.000000;2016-02-08T01:44:26.000000;a4afcd06-0a20-453b-a667-f525aaa8ea9a;374.45;0.39;UNKNOWN
2016-02-08T01:44:26.000000;2016-02-08T01:44:26.000000;f059d5cd-f764-46ab-9626-cdc6b8646792;374.45;0.6;UNKNOWN
2016-02-08T01:44:34.000000;2016-02-08T01:44:34.000000;fd505b0b-4a96-4476-81d4-8ef28522b947;374.45;17.6039;UNKNOWN
2016-02-08T01:45:07.000000;2016-02-08T01:45:07.000000;085c4114-0d7a-4467-bd45-685f16d6db1e;374.4;0.06974523;UNKNOWN
2016-02-08T01:45:23.000000;2016-02-08T01:45:23.000000;77fba0da-e236-42b9-82f9-507368ca6ded;374.49;3.52;UNKNOWN
2016-02-08T01:45:23.000000;2016-02-08T01:45:23.000000;7263491f-d068-41a1-8fc8-c93f4c588f56;374.49;6.6441;UNKNOWN
2016-02-08T01:45:23.000000;2016-02-08T01:45:23.000000;7fe814c9-92fe-484a-9085-df6794f9651f;374.5;5.89878249;UNKNOWN
2016-02-08T01:45:23.000000;2016-02-08T01:45:23.000000;cd3e0895-663a-4f5a-a64b-cd290eed66fc;374.5;0.04;UNKNOWN
2016-02-08T01:45:23.000000;2016-02-08T01:45:23.000000;3b7f7df3-1b24-4192-b3be-77b54bf2888d;374.5;0.01155843;UNKNOWN
2016-02-08T01:45:23.000000;2016-02-08T01:45:23.000000;2f76d6a4-bd76-4187-966e-868e9104abf3;374.5;30.0;UNKNOWN
2016-02-08T01:45:28.000000;2016-02-08T01:45:28.000000;52863ffe-eab9-4b64-9f01-045929dea0e1;374.6;0.48;UNKNOWN
2016-02-08T01:45:28.000000;2016-02-08T01:45:28.000000;eade5669-677d-4033-95ad-d7727a074a56;374.55;0.01;UNKNOWN
2016-02-08T01:45:28.000000;2016-02-08T01:45:28.000000;2abf24da-d486-4e18-9066-78227acebb39;374.6;0.01;UNKNOWN
2016-02-08T01:45:52.000000;2016-02-08T01:45:52.000000;e3b230d2-b8fb-44f9-863c-8d2b0947378a;374.5;0.06666727;UNKNOWN
2016-02-08T01:45:57.000000;2016-02-08T01:45:57.000000;44fcaadb-0ae3-4d56-bbd2-ded19ded38de;374.51;1.0;UNKNOWN
2016-02-08T01:46:05.000000;2016-02-08T01:46:05.000000;3e9e1f9e-0993-4bac-9b98-d471e458bacb;374.51;0.23803045;UNKNOWN
2016-02-08T01:46:39.000000;2016-02-08T01:46:39.000000;35ba813a-83a9-41ef-b3b2-50dfd22f2918;374.51;0.1;UNKNOWN
2016-02-08T01:46:40.000000;2016-02-08T01:46:40.000000;142c8863-e1a6-472f-bf7e-0502c261169f;374.5;1.0;UNKNOWN
2016-02-08T01:46:55.000000;2016-02-08T01:46:55.000000;8800ba42-6271-4031-b5e6-e0793c5940af;374.51;0.1;UNKNOWN
2016-02-08T01:46:55.000000;2016-02-08T01:46:55.000000;eb536572-825e-4654-9bff-8917aab5093e;374.5;1.0;UNKNOWN
2016-02-08T01:47:36.000000;2016-02-08T01:47:36.000000;2b6c839b-0c0f-4286-a475-cab3dbf0e5f8;374.5;0.12849267;UNKNOWN
2016-02-08T01:47:57.000000;2016-02-08T01:47:57.000000;7123b86d-9f26-48fa-b587-fc6b7186c591;374.5;0.11169559;UNKNOWN
2016-02-08T01:48:03.000000;2016-02-08T01:48:03.000000;e16d7025-344b-4e27-b6ad-a54216d9c625;374.5;0.02468682;UNKNOWN
2016-02-08T01:48:10.000000;2016-02-08T01:48:10.000000;6cb96eca-9d62-49b8-acfc-eda6a55054ce;374.51;2.0;UNKNOWN
2016-02-08T01:48:10.000000;2016-02-08T01:48:10.000000;62ba04f4-1f4e-452c-8eed-77492d34d952;374.59;0.43803045;UNKNOWN
2016-02-08T01:48:10.000000;2016-02-08T01:48:10.000000;ab4e82bf-5ee4-47a2-9ab8-60e28b93da94;374.51;0.56196955;UNKNOWN
2016-02-08T01:48:12.000000;2016-02-08T01:48:12.000000;387c7bff-7d7f-4776-b383-9a7530a20e67;374.59;0.6;UNKNOWN
2016-02-08T01:48:36.000000;2016-02-08T01:48:36.000000;024c21ef-72db-4f91-928c-6ae258d09b48;374.59;6.5596;UNKNOWN
2016-02-08T01:48:36.000000;2016-02-08T01:48:36.000000;2820152c-cf33-49ec-9574-5bcd9f394705;374.6;2.4404;UNKNOWN
2016-02-08T01:48:36.000000;2016-02-08T01:48:36.000000;6718b06f-6f80-4d1a-a17c-514199ceabb5;374.59;1.0;UNKNOWN
2016-02-08T01:48:54.000000;2016-02-08T01:48:54.000000;dcd8153d-5b30-4049-b0cd-dc96bb645a09;374.51;0.03948351;UNKNOWN
2016-02-08T01:49:22.000000;2016-02-08T01:49:22.000000;3e1185d5-4d22-42fb-b109-de0976268337;374.6;5.0;UNKNOWN
2016-02-08T01:54:53.000000;2016-02-08T01:54:53.000000;f5afd5ec-8af2-46a9-b47f-cd9df44b9ba4;374.6;2.0;UNKNOWN
2016-02-08T01:56:10.000000;2016-02-08T01:56:10.000000;2eaf6734-a234-481d-91f6-bbb43930ad42;374.72;0.5;UNKNOWN
2016-02-08T01:56:10.000000;2016-02-08T01:56:10.000000;eb073798-b8ae-4b42-b93d-d8b5ef6ce8d0;374.6;0.0796;UNKNOWN
2016-02-08T01:56:10.000000;2016-02-08T01:56:10.000000;d310fa19-e90f-4e7e-8663-84118935c1bd;374.66;0.05;UNKNOWN
2016-02-08T01:56:10.000000;2016-02-08T01:56:10.000000;b770aa49-7781-4a1a-9670-190dce8d6c96;374.7;0.1292;UNKNOWN
2016-02-08T01:56:10.000000;2016-02-08T01:56:10.000000;7ef48e72-0cf1-4642-a0e8-989c613bd1da;374.6;0.017122;UNKNOWN
2016-02-08T01:56:10.000000;2016-02-08T01:56:10.000000;956c4196-1bea-45f9-8001-5664449a8546;374.65;0.01;UNKNOWN
2016-02-08T01:56:10.000000;2016-02-08T01:56:10.000000;476215ab-6e8c-41f3-9baf-37f19782523f;374.73;3.0;UNKNOWN
2016-02-08T01:56:10.000000;2016-02-08T01:56:10.000000;f49019bf-8956-4619-99e5-956b9aee3c6d;374.78;15.6937;UNKNOWN
2016-02-08T01:56:10.000000;2016-02-08T01:56:10.000000;a85a3ed1-6885-4c90-a649-5ad6310744b6;374.77;0.27633742;UNKNOWN
2016-02-08T01:56:10.000000;2016-02-08T01:56:10.000000;4f9b3a5b-faf6-40ad-ac6e-9871073701bd;374.74;6.6453;UNKNOWN
2016-02-08T01:56:10.000000;2016-02-08T01:56:10.000000;fde69f9c-eb8f-482c-bdd7-86b4ea1410cd;374.8;10.0;UNKNOWN
2016-02-08T01:56:10.000000;2016-02-08T01:56:10.000000;466a23a9-4292-43a3-9eb6-e53007145d96;374.8;16.3353;UNKNOWN
2016-02-08T01:56:10.000000;2016-02-08T01:56:10.000000;b6c03afe-0b43-4ea4-b5b2-ec29205843b2;374.75;5.0;UNKNOWN
2016-02-08T01:56:10.000000;2016-02-08T01:56:10.000000;89312136-ed6d-49b4-8cf9-3b1c244e4ed7;374.75;0.01;UNKNOWN
2016-02-08T01:56:11.000000;2016-02-08T01:56:11.000000;61c82a73-f000-4988-ab00-e0f91b50a750;374.94;2.7495;UNKNOWN
2016-02-08T01:56:11.000000;2016-02-08T01:56:11.000000;d0017363-ec3b-4a80-b5ab-c79b22409a73;374.85;0.01;UNKNOWN
2016-02-08T01:56:11.000000;2016-02-08T01:56:11.000000;a7da7171-307c-4e4f-aca7-6fbc122b0d3b;374.85;0.2405;UNKNOWN
2016-02-08T01:56:35.000000;2016-02-08T01:56:35.000000;98437042-5d4d-47d5-b3b9-d5bc6844e7d5;374.95;0.01;UNKNOWN
2016-02-08T01:56:35.000000;2016-02-08T01:56:35.000000;7672eb4c-56d9-40e3-97c5-4626a97c244f;374.96;0.01455879;UNKNOWN
2016-02-08T01:58:06.000000;2016-02-08T01:58:06.000000;7a1334af-4f5e-4d48-ade3-ff5458987e10;374.91;0.07623712;UNKNOWN
2016-02-08T01:58:27.000000;2016-02-08T01:58:27.000000;df584f40-28d1-4d66-b1c0-babade872100;374.97;1.34337114;UNKNOWN
2016-02-08T01:58:27.000000;2016-02-08T01:58:27.000000;1d7593df-2e5a-41fe-aff9-acee40ad7546;374.95;6.5823;UNKNOWN
2016-02-08T01:58:27.000000;2016-02-08T01:58:27.000000;fc4c1a16-9b44-44aa-b52d-da2e6760c068;374.96;3.51;UNKNOWN
2016-02-08T01:58:27.000000;2016-02-08T01:58:27.000000;82e4fe23-80f5-4aa4-915e-c71273f14045;374.97;4.56;UNKNOWN
2016-02-08T01:58:45.000000;2016-02-08T01:58:45.000000;8eda7878-1b42-4bce-915b-ac281a1be04d;374.97;0.1;UNKNOWN
2016-02-08T01:59:09.000000;2016-02-08T01:59:09.000000;7ac23c48-02bb-4dc5-b7dc-6e0ef501f605;374.98;0.123;UNKNOWN
2016-02-08T02:00:02.000000;2016-02-08T02:00:02.000000;e1552f28-f346-412f-9e8c-39a3b841841f;374.98;9.877;UNKNOWN
2016-02-08T02:00:02.000000;2016-02-08T02:00:02.000000;0d5d1a67-c19b-4a38-bd32-9d086a8aa287;374.98;2.123;UNKNOWN
2016-02-08T02:00:07.000000;2016-02-08T02:00:07.000000;174caea0-7e64-45d8-8276-7290b55dae85;374.84;0.5;UNKNOWN
2016-02-08T02:00:29.000000;2016-02-08T02:00:29.000000;28ec5056-515c-4618-95dc-c78933bd1eb7;374.98;1.73026757;UNKNOWN
2016-02-08T02:00:29.000000;2016-02-08T02:00:29.000000;5707fb8d-5a71-481c-9493-5964b28dd625;374.98;6.6104;UNKNOWN
2016-02-08T02:00:40.000000;2016-02-08T02:00:40.000000;801d37ae-db15-4ed2-9580-0647fe119a12;374.98;3.85450527;UNKNOWN
2016-02-08T02:01:09.000000;2016-02-08T02:01:09.000000;059aa7ec-3179-423d-9cd8-d6486307b241;374.99;10.0;UNKNOWN
2016-02-08T02:01:26.000000;2016-02-08T02:01:26.000000;7d87856e-661a-4256-887c-8b1916719d51;374.99;5.0;UNKNOWN
2016-02-08T02:01:26.000000;2016-02-08T02:01:26.000000;e3ab725b-f2f0-4811-82e8-fdc1d51f16d0;374.99;5.0;UNKNOWN
2016-02-08T02:01:33.000000;2016-02-08T02:01:33.000000;4a799644-0cb5-464f-9944-3f8f4f6ecfdf;374.99;5.0;UNKNOWN
2016-02-08T02:01:37.000000;2016-02-08T02:01:37.000000;8a453742-f3f9-4cc1-90c2-e906bce6a676;375.0;1.0335;UNKNOWN
2016-02-08T02:01:59.000000;2016-02-08T02:01:59.000000;08089380-fcb0-4eb5-a34d-71a280b11c24;375.0;4.5665;UNKNOWN
2016-02-08T02:02:08.000000;2016-02-08T02:02:08.000000;d69b9b35-e647-49ae-9801-319ccf242003;374.86;1.26105;UNKNOWN
2016-02-08T02:02:32.000000;2016-02-08T02:02:32.000000;37b14210-ea7b-414f-baff-cb76dd706958;375.0;0.0198;UNKNOWN
2016-02-08T02:02:45.000000;2016-02-08T02:02:45.000000;1fc18742-39fd-4f15-89b0-a2153ad54805;375.0;0.704;UNKNOWN
2016-02-08T02:03:01.000000;2016-02-08T02:03:01.000000;3a70d59c-a413-4f80-8b47-a74a8afed90f;375.0;1.26105;UNKNOWN
2016-02-08T02:03:17.000000;2016-02-08T02:03:17.000000;acfe7f09-800b-493c-b841-a3009cb15010;374.91;0.02936504;UNKNOWN
2016-02-08T02:03:35.000000;2016-02-08T02:03:35.000000;ee6876dc-9410-4996-915c-426b4b5e9391;374.98;1.0;UNKNOWN
2016-02-08T02:03:48.000000;2016-02-08T02:03:48.000000;bbf644ca-275f-4cdb-bb4b-c56774f4d412;374.99;0.03;UNKNOWN
2016-02-08T02:04:07.000000;2016-02-08T02:04:07.000000;17f52f14-0564-4eb2-89f3-882c9eac6723;374.99;0.07;UNKNOWN
2016-02-08T02:05:12.000000;2016-02-08T02:05:12.000000;48aab288-5fd4-42b9-9e97-e0bdae7eae7e;374.81;0.03113;UNKNOWN
2016-02-08T02:10:37.000000;2016-02-08T02:10:37.000000;ee9a6284-2048-4b8f-bfc0-017522df20a5;374.8;0.02455879;UNKNOWN
2016-02-08T02:11:17.000000;2016-02-08T02:11:17.000000;322625eb-bedd-4c90-bef1-7fb72b84ed22;374.81;2.84;UNKNOWN
2016-02-08T02:12:02.000000;2016-02-08T02:12:02.000000;a02c6487-7db8-4a48-b73b-d1833252bfba;375.0;0.44300485;UNKNOWN
2016-02-08T02:12:02.000000;2016-02-08T02:12:02.000000;209e3ae8-2d45-4541-bfc0-9264f96721b4;374.96;6.5958;UNKNOWN
2016-02-08T02:12:02.000000;2016-02-08T02:12:02.000000;f80e4946-3b0b-466c-807e-457a4a9992ea;375.0;0.05;UNKNOWN
2016-02-08T02:12:02.000000;2016-02-08T02:12:02.000000;65d9dc47-8741-45f8-97cf-2d7092b20803;374.97;14.9233;UNKNOWN
2016-02-08T02:12:02.000000;2016-02-08T02:12:02.000000;c7303880-4c54-47a2-9a35-48233fbb0bcb;375.0;0.44300485;UNKNOWN
2016-02-08T02:12:02.000000;2016-02-08T02:12:02.000000;71e46b24-8f29-4461-b859-12b41cdf726a;375.0;0.01;UNKNOWN
2016-02-08T02:12:02.000000;2016-02-08T02:12:02.000000;05a92437-7274-4996-964a-6bffd922472f;375.0;0.5;UNKNOWN
2016-02-08T02:12:02.000000;2016-02-08T02:12:02.000000;f301db8f-46b1-4415-830e-513ab9010c28;374.96;31.4473;UNKNOWN
2016-02-08T02:12:02.000000;2016-02-08T02:12:02.000000;06c77127-534e-446b-9f93-f031734f461e;375.0;0.04;UNKNOWN
2016-02-08T02:12:02.000000;2016-02-08T02:12:02.000000;ede219da-77b7-4c1a-b4b5-e0b5846a12d2;375.0;3.41515;UNKNOWN
2016-02-08T02:13:05.000000;2016-02-08T02:13:05.000000;10882999-321c-4d1f-997b-aa53407725e4;375.09;0.12175;UNKNOWN
2016-02-08T02:13:05.000000;2016-02-08T02:13:05.000000;ace267b1-5fb7-4c79-9f95-e68960185b1d;375.05;0.01;UNKNOWN
2016-02-08T02:15:09.000000;2016-02-08T02:15:09.000000;2ee61909-9623-4cd2-89a4-395f18e73304;375.01;1.0;UNKNOWN
2016-02-08T02:15:24.000000;2016-02-08T02:15:24.000000;b5a9e579-c1d7-4f51-b6fc-7dde22afc205;375.01;0.1;UNKNOWN
2016-02-08T02:15:31.000000;2016-02-08T02:15:31.000000;8aaf6826-b150-47ec-9946-0b722043818a;375.01;5.4;UNKNOWN
2016-02-08T02:15:44.000000;2016-02-08T02:15:44.000000;de9005c3-ebdb-4e0b-9b8b-d0cc563d6718;375.01;0.6;UNKNOWN
2016-02-08T02:15:45.000000;2016-02-08T02:15:45.000000;b6067bdb-7a50-4f4c-aaba-b03ac223b5e0;375.01;0.5;UNKNOWN
2016-02-08T02:15:48.000000;2016-02-08T02:15:48.000000;149d89d6-ab94-4d8a-a070-b2bde8795720;375.08;0.02420489;UNKNOWN
2016-02-08T02:15:53.000000;2016-02-08T02:15:53.000000;472c1f38-5f62-4d7c-8c90-547d0f89ecdd;375.01;1.9;UNKNOWN
2016-02-08T02:15:59.000000;2016-02-08T02:15:59.000000;92e455c8-7bbf-4903-87cc-178deb6a4fb4;375.01;0.3;UNKNOWN
2016-02-08T02:16:07.000000;2016-02-08T02:16:07.000000;841b00f7-ef0a-4474-821a-60011924ef5c;375.01;6.3158;UNKNOWN
2016-02-08T02:16:07.000000;2016-02-08T02:16:07.000000;7e801ae4-0c9a-4bbf-be15-9c010753394a;375.0;1.8842;UNKNOWN
2016-02-08T02:16:13.000000;2016-02-08T02:16:13.000000;4f814499-60a9-4107-ad01-54426f0e7fd0;374.8;1.8485427;UNKNOWN
2016-02-08T02:16:13.000000;2016-02-08T02:16:13.000000;c01a79ac-9e18-484f-85d4-542ff688b4c6;375.0;15.2482403;UNKNOWN
2016-02-08T02:16:13.000000;2016-02-08T02:16:13.000000;42d7008f-118a-4112-be3b-33077b1a6474;375.0;0.103217;UNKNOWN
2016-02-08T02:16:34.000000;2016-02-08T02:16:34.000000;653c1797-1edd-4eae-985f-354faac2432c;374.81;0.2;UNKNOWN
2016-02-08T02:16:40.000000;2016-02-08T02:16:40.000000;6ddf1413-0ba7-49b2-ad9d-80fec6462f05;374.81;2.4;UNKNOWN
2016-02-08T02:16:47.000000;2016-02-08T02:16:47.000000;1cd29a21-8b41-40e3-86af-d9489e6b535c;374.8;4.12576;UNKNOWN
2016-02-08T02:16:47.000000;2016-02-08T02:16:47.000000;9ee5c123-8124-477b-8717-47826b946076;374.81;0.07424;UNKNOWN
2016-02-08T02:16:54.000000;2016-02-08T02:16:54.000000;b45be52f-283c-4346-8917-b0be9a647c7a;374.8;1.8;UNKNOWN
2016-02-08T02:17:05.000000;2016-02-08T02:17:05.000000;24d4e930-62b4-47ad-bce8-0b03a5033600;374.8;10.0;UNKNOWN
2016-02-08T02:17:14.000000;2016-02-08T02:17:14.000000;680ad703-0e1d-4660-af3b-4686c4527005;374.81;1.0;UNKNOWN
2016-02-08T02:17:28.000000;2016-02-08T02:17:28.000000;fc8f9f1d-f732-4ff7-9677-3abf1e092cd8;374.81;0.4;UNKNOWN
2016-02-08T02:18:27.000000;2016-02-08T02:18:27.000000;0cf42795-f7c7-4a87-9ff2-47fa889ff3d1;374.81;1.5;UNKNOWN
2016-02-08T02:18:48.000000;2016-02-08T02:18:48.000000;3bc35875-0101-4c7d-9892-4400d8a3b954;374.81;0.4;UNKNOWN
2016-02-08T02:19:04.000000;2016-02-08T02:19:04.000000;e71864f2-7053-4711-bd1c-953ea69af05c;374.81;0.1;UNKNOWN
2016-02-08T02:19:05.000000;2016-02-08T02:19:05.000000;a6c6ecd7-6a6d-4339-9cb2-355607b679ed;374.81;5.4551408;UNKNOWN
2016-02-08T02:19:06.000000;2016-02-08T02:19:06.000000;1a36e1dc-9b86-43f7-a215-6310618c852d;374.8;0.05242327;UNKNOWN
2016-02-08T02:19:46.000000;2016-02-08T02:19:46.000000;2f153521-8cdf-470f-b979-0d79f37e816e;374.8;20.0;UNKNOWN
2016-02-08T02:19:52.000000;2016-02-08T02:19:52.000000;c012d68a-36b2-45c2-aac0-9084cfd5878e;374.8;3.5;UNKNOWN
2016-02-08T02:19:59.000000;2016-02-08T02:19:59.000000;f835a5f1-b1cd-4f92-a952-881c6206421f;374.8;0.5;UNKNOWN
2016-02-08T02:20:00.000000;2016-02-08T02:20:00.000000;0eff3e77-79a1-43f5-b9bc-dfa3fa70b306;374.8;0.1;UNKNOWN
2016-02-08T02:20:07.000000;2016-02-08T02:20:07.000000;33cecd50-bb0c-4119-8c9d-244f418c0f32;374.8;0.3;UNKNOWN
2016-02-08T02:20:12.000000;2016-02-08T02:20:12.000000;3be84361-6c93-45d0-82d8-0ebfddba5c8c;374.8;0.00215582;UNKNOWN
2016-02-08T02:20:12.000000;2016-02-08T02:20:12.000000;502f18e3-7b88-420d-a577-15d5a172c516;374.5;0.09784418;UNKNOWN
2016-02-08T02:20:44.000000;2016-02-08T02:20:44.000000;560950e9-af8b-4d83-bf1a-d8800ef55105;374.61;1.2557;UNKNOWN
2016-02-08T02:21:01.000000;2016-02-08T02:21:01.000000;5a450c30-e681-4275-a058-352eee83dca3;374.81;0.438037;UNKNOWN
2016-02-08T02:21:12.000000;2016-02-08T02:21:12.000000;34d7d384-0438-4a34-85de-d7d7b544f51a;374.66;0.13190524;UNKNOWN
2016-02-08T02:21:25.000000;2016-02-08T02:21:25.000000;1a7fc560-d8f6-4db3-843b-3f8e5b4106ba;374.75;0.9;UNKNOWN
2016-02-08T02:25:37.000000;2016-02-08T02:25:37.000000;27da3aad-e99e-43ee-9813-2ada6bfa4b18;374.65;1.9;UNKNOWN
2016-02-08T02:25:45.000000;2016-02-08T02:25:45.000000;45cb40f9-be81-4952-b59a-4ddbb360f80f;374.66;5.9;UNKNOWN
2016-02-08T02:25:52.000000;2016-02-08T02:25:52.000000;38a199d3-d36b-4149-a470-17cb24e3cfcb;374.66;6.7;UNKNOWN
2016-02-08T02:26:05.000000;2016-02-08T02:26:05.000000;83853fbd-c245-4a11-b4b8-61a094dead0d;374.69;0.04;UNKNOWN
2016-02-08T02:26:34.000000;2016-02-08T02:26:34.000000;b88a5faa-b9dd-486a-ac27-13fc2c1374c2;374.66;0.9;UNKNOWN
2016-02-08T02:26:47.000000;2016-02-08T02:26:47.000000;c997b925-5b48-4796-b94a-aa311ff6bf06;374.66;0.1;UNKNOWN
2016-02-08T02:27:24.000000;2016-02-08T02:27:24.000000;04f671e0-86fa-4881-9411-8ff0f256a428;374.69;0.05;UNKNOWN
2016-02-08T02:28:15.000000;2016-02-08T02:28:15.000000;28f50788-8cba-4c45-b7e0-ff7383896f80;374.66;1.1;UNKNOWN
2016-02-08T02:28:22.000000;2016-02-08T02:28:22.000000;41d7f553-afee-4969-aa9d-a803ef6e7f3b;374.66;0.7;UNKNOWN
2016-02-08T02:28:27.000000;2016-02-08T02:28:27.000000;76240e1a-176b-4689-9107-79e6ee1f487f;374.66;0.02420489;UNKNOWN
2016-02-08T02:28:30.000000;2016-02-08T02:28:30.000000;60127c93-e454-4e8f-871b-06086ae477f9;374.66;0.02384135;UNKNOWN
2016-02-08T02:28:59.000000;2016-02-08T02:28:59.000000;8228e06f-85b8-41b9-b08e-4ca2a5c5d1da;374.66;1.2;UNKNOWN
2016-02-08T02:29:55.000000;2016-02-08T02:29:55.000000;34b4201a-1b95-47d0-909f-36bb8e3f2660;374.66;2.0;UNKNOWN
2016-02-08T02:30:01.000000;2016-02-08T02:30:01.000000;ef6bc79a-f4d7-4f84-a405-18281d972a63;374.65;3.25997;UNKNOWN
2016-02-08T02:30:01.000000;2016-02-08T02:30:01.000000;95cf5b87-29b7-4968-b716-1e433eb57aaf;374.66;0.04003;UNKNOWN
2016-02-08T02:30:08.000000;2016-02-08T02:30:08.000000;12c22f5d-f69c-46aa-af5e-7466ac8c64d1;374.67;0.02313635;UNKNOWN
2016-02-08T02:30:10.000000;2016-02-08T02:30:10.000000;bdedb4f8-f704-4ba3-a067-fc36e11bb614;374.65;3.6;UNKNOWN
2016-02-08T02:30:17.000000;2016-02-08T02:30:17.000000;7b8691a9-8976-476c-8785-a0337576a355;374.65;0.5;UNKNOWN
2016-02-08T02:31:02.000000;2016-02-08T02:31:02.000000;1cd72ecf-f447-4aad-b57b-9ea3a55a1467;374.66;0.06867936;UNKNOWN
2016-02-08T02:31:08.000000;2016-02-08T02:31:08.000000;324ea748-3971-4656-9175-3eabe1126460;374.66;0.01618738;UNKNOWN
2016-02-08T02:32:14.000000;2016-02-08T02:32:14.000000;542403ef-41f7-4c46-b868-f453761dbe7f;374.66;0.01;UNKNOWN
2016-02-08T02:32:17.000000;2016-02-08T02:32:17.000000;fbc68581-62d8-465c-95fb-e1500b12bb09;374.66;0.90513326;UNKNOWN
2016-02-08T02:34:06.000000;2016-02-08T02:34:06.000000;4b3807ba-fe35-4f8f-9c13-23b3f7467a57;374.66;1.39;UNKNOWN
2016-02-08T02:34:06.000000;2016-02-08T02:34:06.000000;ee767bda-2d76-4636-b030-cb0a869ccded;374.67;3.61;UNKNOWN
2016-02-08T02:38:25.000000;2016-02-08T02:38:25.000000;3b747b1c-051b-4650-b09e-ccba3f8a182b;374.66;0.2;UNKNOWN
2016-02-08T02:40:12.000000;2016-02-08T02:40:12.000000;6a521ea8-5e93-4f4d-8b66-7a454f710770;374.66;0.031296;UNKNOWN
2016-02-08T02:41:39.000000;2016-02-08T02:41:39.000000;5b5f90c1-43be-40c5-bbe0-d07437da8a35;374.66;0.4;UNKNOWN
2016-02-08T02:42:21.000000;2016-02-08T02:42:21.000000;bff901dd-024e-44da-ba31-5a9ebb23dd96;374.66;0.07357074;UNKNOWN
2016-02-08T02:42:21.000000;2016-02-08T02:42:21.000000;a4e2f232-2fc0-4309-afd1-ee09afe19e28;374.67;6.6082;UNKNOWN
2016-02-08T02:42:21.000000;2016-02-08T02:42:21.000000;16ef855c-0183-4707-9fff-8a724cffc08c;374.65;2.51822926;UNKNOWN
2016-02-08T02:42:27.000000;2016-02-08T02:42:27.000000;77be58f8-90ca-4046-9373-5df10946eff3;374.65;3.6;UNKNOWN
2016-02-08T02:42:32.000000;2016-02-08T02:42:32.000000;0d31cf2a-fdf3-4bd3-ad60-7e558d9f4103;374.68;0.02384135;UNKNOWN
2016-02-08T02:42:44.000000;2016-02-08T02:42:44.000000;80618bae-bab9-4b5f-931e-f80363f86bf7;374.65;20.0;UNKNOWN
2016-02-08T02:42:51.000000;2016-02-08T02:42:51.000000;65f676c0-a5b9-4833-b85d-89123b5c4737;374.65;13.1;UNKNOWN
2016-02-08T02:42:57.000000;2016-02-08T02:42:57.000000;0b5e0805-db6a-4b58-8528-ffe2c038b893;374.65;0.7;UNKNOWN
2016-02-08T02:43:14.000000;2016-02-08T02:43:14.000000;b19e8153-35d6-470c-8c9c-3f99ee34c625;374.65;0.8;UNKNOWN
2016-02-08T02:43:30.000000;2016-02-08T02:43:30.000000;31e4fa67-9694-4849-8ffb-0be718eadaa5;374.67;2.78359732;UNKNOWN
2016-02-08T02:43:55.000000;2016-02-08T02:43:55.000000;28c1f977-489f-4014-b444-8830794dbde0;374.66;1.5;UNKNOWN
2016-02-08T02:44:04.000000;2016-02-08T02:44:04.000000;0d3abc3f-1c54-4a2b-9330-c8225972beca;374.66;5.2;UNKNOWN
2016-02-08T02:48:35.000000;2016-02-08T02:48:35.000000;bf491078-9178-4299-a14a-f8f614aa7229;374.65;0.02180074;UNKNOWN
2016-02-08T02:50:27.000000;2016-02-08T02:50:27.000000;c221f424-27a9-429f-8005-ae8414c6a946;374.6;8.0;UNKNOWN
2016-02-08T02:50:51.000000;2016-02-08T02:50:51.000000;a6b46686-a703-4669-a972-acb1d3b79e7e;374.63;2.1354;UNKNOWN
2016-02-08T02:51:01.000000;2016-02-08T02:51:01.000000;c913ae11-6013-4a26-8834-a60bfe49ddfe;374.63;0.0704;UNKNOWN
2016-02-08T02:53:04.000000;2016-02-08T02:53:04.000000;b5466ed5-722f-4729-828e-74964a6c1502;374.6;0.0235359;UNKNOWN
2016-02-08T02:56:05.000000;2016-02-08T02:56:05.000000;f9830ae2-4c0c-494e-be95-7e3a957d71ca;374.63;0.01;UNKNOWN
2016-02-08T02:56:55.000000;2016-02-08T02:56:55.000000;951adc93-1652-4364-9b3b-3fee791286ff;374.6;0.09;UNKNOWN
2016-02-08T02:59:36.000000;2016-02-08T02:59:36.000000;02615e09-03ac-4b66-9f3d-109a0d6d930c;374.61;0.14044;UNKNOWN
2016-02-08T03:01:05.000000;2016-02-08T03:01:05.000000;f54653be-b6b7-4471-9f79-64217a5f4034;374.6;5.1742;UNKNOWN
2016-02-08T03:01:39.000000;2016-02-08T03:01:39.000000;81f87206-1f52-49b7-ba77-0046024374d6;374.6;5.8897;UNKNOWN
2016-02-08T03:02:35.000000;2016-02-08T03:02:35.000000;8a3eaded-dbcb-4f3f-bd86-859876424a0b;374.61;0.01;UNKNOWN
2016-02-08T03:03:05.000000;2016-02-08T03:03:05.000000;d58941ae-8d92-4ff2-b8c7-43c28630f52a;374.6;0.01620545;UNKNOWN
2016-02-08T03:03:20.000000;2016-02-08T03:03:20.000000;853b47ea-114c-48ad-860d-c54ac3d24f97;374.6;2.0;UNKNOWN
2016-02-08T03:06:05.000000;2016-02-08T03:06:05.000000;7b7defc6-7bf8-450c-94bc-5d22177ba8e1;374.61;1.0;UNKNOWN
2016-02-08T03:06:29.000000;2016-02-08T03:06:29.000000;09ceadbe-c8e2-4bd4-9cfe-13378bb2275f;374.61;1.0;UNKNOWN
2016-02-08T03:06:44.000000;2016-02-08T03:06:44.000000;fd4167da-21dd-42a7-8ec9-b26722cfd946;374.61;1.0;UNKNOWN
2016-02-08T03:06:47.000000;2016-02-08T03:06:47.000000;d1ec7407-ad78-4f71-a185-016efa309334;374.61;1.0;UNKNOWN
2016-02-08T03:06:50.000000;2016-02-08T03:06:50.000000;fd465ed6-ea22-4ec7-9ffa-4d248a07126c;374.61;1.0;UNKNOWN
2016-02-08T03:07:06.000000;2016-02-08T03:07:06.000000;90b84dba-e6a2-4df5-bfa6-1827c031dd63;374.61;0.0235359;UNKNOWN
2016-02-08T03:07:07.000000;2016-02-08T03:07:07.000000;738bf788-3e2e-47b6-a510-a1ac68d187a2;374.61;1.0;UNKNOWN
2016-02-08T03:07:12.000000;2016-02-08T03:07:12.000000;3712a963-7b9b-46fd-9462-596a1f302979;374.6;0.0284;UNKNOWN
2016-02-08T03:07:46.000000;2016-02-08T03:07:46.000000;ef2193cb-0354-4d15-9ab6-1a6432657bf1;374.61;1.0;UNKNOWN
2016-02-08T03:08:05.000000;2016-02-08T03:08:05.000000;f6db548e-2e83-4225-8ada-cd06df356017;374.61;0.02636019;UNKNOWN
2016-02-08T03:08:06.000000;2016-02-08T03:08:06.000000;a2585e7f-e204-4f6d-9a0e-09151163fb6c;374.6;5.18332041;UNKNOWN
2016-02-08T03:08:39.000000;2016-02-08T03:08:39.000000;c410b1e6-0de4-47ac-a1d7-f2daf8e7b28c;374.6;0.01755143;UNKNOWN
2016-02-08T03:08:44.000000;2016-02-08T03:08:44.000000;d10f6076-14b2-40a6-87cb-ed4e5b7ddc97;374.61;1.0;UNKNOWN
2016-02-08T03:08:51.000000;2016-02-08T03:08:51.000000;c5b0ebc6-0237-4862-b54a-721bfefe4b73;374.61;1.0;UNKNOWN
2016-02-08T03:08:58.000000;2016-02-08T03:08:58.000000;0db6ea9b-7b19-40f6-9bb0-a81af185aba9;374.61;1.0;UNKNOWN
2016-02-08T03:09:15.000000;2016-02-08T03:09:15.000000;8bac8af0-fcff-4bc5-a62d-bd83d7c11117;374.61;1.0;UNKNOWN
2016-02-08T03:09:26.000000;2016-02-08T03:09:26.000000;303d6d35-4049-4f2d-b549-9812e4d33fc8;374.61;1.0;UNKNOWN
2016-02-08T03:10:00.000000;2016-02-08T03:10:00.000000;40735994-f60d-4471-8e6d-f520c7ce697f;374.61;1.0;UNKNOWN
2016-02-08T03:11:05.000000;2016-02-08T03:11:05.000000;97a8e072-558a-4f81-9191-f944765c7326;374.6;9.81156272;UNKNOWN
2016-02-08T03:11:24.000000;2016-02-08T03:11:24.000000;1230d51f-7620-4b85-ac87-b8732bbdb55f;374.61;1.0;UNKNOWN
2016-02-08T03:11:28.000000;2016-02-08T03:11:28.000000;b688dcf7-e84b-48c6-b0ed-857210cecec2;374.61;1.0;UNKNOWN
2016-02-08T03:11:35.000000;2016-02-08T03:11:35.000000;c755a9cb-b8e4-4fb2-959b-95a43be2bc3e;374.61;1.0;UNKNOWN
2016-02-08T03:11:38.000000;2016-02-08T03:11:38.000000;98d1c389-a846-4746-9f06-2f33712ccbcb;374.61;1.0;UNKNOWN
2016-02-08T03:11:43.000000;2016-02-08T03:11:43.000000;cf47afe7-3363-4006-a5b3-ebaa9905de4d;374.61;1.0;UNKNOWN
2016-02-08T03:12:02.000000;2016-02-08T03:12:02.000000;c5cc9765-2c99-4db8-9fa2-a5f2cc84ff26;374.61;1.0;UNKNOWN
2016-02-08T03:12:05.000000;2016-02-08T03:12:05.000000;a7d0969b-69a7-4c4e-8ff2-c136e13591e8;374.6;10.0;UNKNOWN
2016-02-08T03:13:03.000000;2016-02-08T03:13:03.000000;7b6ced5f-3fd3-41cd-96d3-77566560b311;374.61;1.0;UNKNOWN
2016-02-08T03:13:15.000000;2016-02-08T03:13:15.000000;cd54c746-2988-4487-9994-3b99695af2f8;374.61;0.65966391;UNKNOWN
2016-02-08T03:13:15.000000;2016-02-08T03:13:15.000000;05397bef-cfe6-4e25-8c9d-32534974ba13;374.61;0.34033609;UNKNOWN
2016-02-08T03:13:51.000000;2016-02-08T03:13:51.000000;d89d5dc9-0e81-4075-8a38-6d1a7076e336;374.61;0.04853609;UNKNOWN
2016-02-08T03:13:51.000000;2016-02-08T03:13:51.000000;01a34f7d-3c04-472b-a215-c5db155dc1d7;374.61;0.2918;UNKNOWN
2016-02-08T03:13:51.000000;2016-02-08T03:13:51.000000;cc00e024-1f07-456b-b76c-c47981d7873b;374.61;0.65966391;UNKNOWN
2016-02-08T03:13:56.000000;2016-02-08T03:13:56.000000;677c648d-302e-43da-9402-c675d21768e3;374.61;1.0;UNKNOWN
2016-02-08T03:14:03.000000;2016-02-08T03:14:03.000000;5e17ad5a-4e21-4fa0-96e8-971a6d0534e4;374.61;1.0;UNKNOWN
2016-02-08T03:14:05.000000;2016-02-08T03:14:05.000000;1fb476a2-3f13-4346-985a-fc386608e2be;374.6;3.76552409;UNKNOWN
2016-02-08T03:14:05.000000;2016-02-08T03:14:05.000000;e54ddd65-675c-4e2e-80b9-e847e941c364;374.6;1.0;UNKNOWN
2016-02-08T03:14:05.000000;2016-02-08T03:14:05.000000;d3ccabbb-4868-46c9-a6da-2c4cc0eedba4;374.5;0.03286464;UNKNOWN
2016-02-08T03:14:05.000000;2016-02-08T03:14:05.000000;b7adbd67-4326-4196-85d1-773e07578f35;374.6;0.046506;UNKNOWN
2016-02-08T03:15:03.000000;2016-02-08T03:15:03.000000;ad0f1b98-4a9f-437d-81d9-4ccfb6c67cd1;374.53;0.02323733;UNKNOWN
2016-02-08T03:16:18.000000;2016-02-08T03:16:18.000000;537ce241-a786-44f6-bb0b-cf1fed07eb74;374.54;1.0;UNKNOWN
2016-02-08T03:16:22.000000;2016-02-08T03:16:22.000000;cdc4e9fd-5157-443a-981a-3bd706646bd1;374.53;0.97676267;UNKNOWN
2016-02-08T03:16:22.000000;2016-02-08T03:16:22.000000;b9158804-470e-4eaf-962f-833523da251b;374.53;1.0;UNKNOWN
2016-02-08T03:16:22.000000;2016-02-08T03:16:22.000000;d6391a47-60b3-4ede-8686-cec7542e58ff;374.53;0.57323733;UNKNOWN
2016-02-08T03:16:22.000000;2016-02-08T03:16:22.000000;c4ac8722-35c5-4182-a8b5-9c664478be8e;374.54;1.0;UNKNOWN
2016-02-08T03:16:26.000000;2016-02-08T03:16:26.000000;89c46e72-30b6-48fb-9ce3-e45229b56459;374.53;0.31;UNKNOWN
2016-02-08T03:16:31.000000;2016-02-08T03:16:31.000000;f5a4b382-2cc5-420a-8fd4-8cb7f8db2344;374.53;0.12323733;UNKNOWN
2016-02-08T03:16:31.000000;2016-02-08T03:16:31.000000;62bbffcf-bd1d-4434-8ee4-d5448938f784;374.53;0.11676267;UNKNOWN
2016-02-08T03:16:34.000000;2016-02-08T03:16:34.000000;a02eddc6-2159-42a3-aa13-25368988eece;374.53;0.55;UNKNOWN
2016-02-08T03:17:13.000000;2016-02-08T03:17:13.000000;f96829c4-bdc4-4574-a406-bf88f4eaf810;374.54;0.327;UNKNOWN
2016-02-08T03:17:18.000000;2016-02-08T03:17:18.000000;2be3b5f3-0764-48ab-b455-eef41c6a4f9c;374.52;1.0;UNKNOWN
2016-02-08T03:19:14.000000;2016-02-08T03:19:14.000000;d879ef9e-8c79-4d54-a60e-899b7a96d182;374.52;1.0;UNKNOWN
2016-02-08T03:19:16.000000;2016-02-08T03:19:16.000000;aeb002cc-f42a-4165-a6d4-5e10a138a088;374.52;1.0;UNKNOWN
2016-02-08T03:19:19.000000;2016-02-08T03:19:19.000000;33ddbacf-6d3f-4c4a-8c3b-2261519a7798;374.52;1.0;UNKNOWN
2016-02-08T03:29:05.000000;2016-02-08T03:29:05.000000;658c218d-bcae-4556-ae0c-c2587952fc86;374.52;0.02323733;UNKNOWN
2016-02-08T03:29:31.000000;2016-02-08T03:29:31.000000;9257c2b0-74df-45a9-9807-ea586dd4d426;374.11;18.0;UNKNOWN
2016-02-08T03:29:31.000000;2016-02-08T03:29:31.000000;956502a8-f2e0-47e5-8c67-856192aba880;374.5;1.42330791;UNKNOWN
2016-02-08T03:29:31.000000;2016-02-08T03:29:31.000000;b2d339b6-d16f-402b-a313-cd3d107aaa04;374.0;41.89555739;UNKNOWN
2016-02-08T03:29:31.000000;2016-02-08T03:29:31.000000;ff2dc1be-27db-4b87-89ac-3551e565e1a9;374.12;12.0;UNKNOWN
2016-02-08T03:29:31.000000;2016-02-08T03:29:31.000000;4abc329f-716b-419c-b1db-a0de73dda3b5;374.41;6.0;UNKNOWN
2016-02-08T03:29:31.000000;2016-02-08T03:29:31.000000;7e127e39-d8e2-437a-a20d-bf2d05e043f9;374.42;3.0;UNKNOWN
2016-02-08T03:29:31.000000;2016-02-08T03:29:31.000000;f69018d1-33cf-4b77-8e7f-1904f3f6ba38;374.51;0.055891;UNKNOWN
2016-02-08T03:29:31.000000;2016-02-08T03:29:31.000000;2ad165f4-76cd-4765-bfc7-24d848bfa03f;374.41;3.0;UNKNOWN
2016-02-08T03:29:31.000000;2016-02-08T03:29:31.000000;19415872-348d-4661-9fe7-c1d26e322af3;374.4;9.8202437;UNKNOWN
2016-02-08T03:29:31.000000;2016-02-08T03:29:31.000000;db4a1e61-b613-4d6f-b113-a7ef00cf1a17;374.1;128.15;UNKNOWN
2016-02-08T03:29:31.000000;2016-02-08T03:29:31.000000;4633db88-510f-4d3a-8c9f-698a1bf8cbf8;374.2;1.555;UNKNOWN
2016-02-08T03:29:31.000000;2016-02-08T03:29:31.000000;67ef8faa-f20d-420d-a957-1f720a7e7e4f;374.01;0.1;UNKNOWN
2016-02-08T03:29:31.000000;2016-02-08T03:29:31.000000;21476033-3dff-410f-b373-98eef6afa43d;374.01;25.0;UNKNOWN
2016-02-08T03:29:38.000000;2016-02-08T03:29:38.000000;a06f310b-03f0-4536-9d95-6fc3a074b7af;374.0;2.0;UNKNOWN
2016-02-08T03:29:46.000000;2016-02-08T03:29:46.000000;42fb0583-fc89-45fe-9803-0b93f3d44d57;374.0;0.02294968;UNKNOWN
2016-02-08T03:32:56.000000;2016-02-08T03:32:56.000000;69e20de3-7a6c-459e-b19a-e900a0b98427;374.0;3.0;UNKNOWN
2016-02-08T03:34:19.000000;2016-02-08T03:34:19.000000;b73c3d41-44c5-4e0f-9069-510b48b1d659;374.0;0.31828536;UNKNOWN
2016-02-08T03:34:19.000000;2016-02-08T03:34:19.000000;ebee1802-04b0-4114-a2c7-f72032e2b092;374.0;0.00171464;UNKNOWN
2016-02-08T03:34:24.000000;2016-02-08T03:34:24.000000;a72fa9dd-3ed6-4a6b-aa9f-ce8a16be02e3;374.0;0.00828536;UNKNOWN
2016-02-08T03:34:24.000000;2016-02-08T03:34:24.000000;e65c1761-cd44-457d-8431-a375a1f1297c;373.9;0.99171464;UNKNOWN
2016-02-08T03:34:27.000000;2016-02-08T03:34:27.000000;d6c3791d-b194-4084-9174-508d9cff9ed1;373.5;0.01;UNKNOWN
2016-02-08T03:34:27.000000;2016-02-08T03:34:27.000000;0af5cbe1-ad75-406e-8ca9-ba0463636f37;373.6;0.01;UNKNOWN
2016-02-08T03:34:27.000000;2016-02-08T03:34:27.000000;618dfc30-1b12-42fd-b630-019dfa35f11d;373.7;0.01;UNKNOWN
2016-02-08T03:34:27.000000;2016-02-08T03:34:27.000000;b3e94411-1064-47b2-88c7-ae027351dd27;373.44;4.95171464;UNKNOWN
2016-02-08T03:34:27.000000;2016-02-08T03:34:27.000000;23e534d2-2813-4fa1-9c7d-6a6c7b3ec947;373.8;0.01;UNKNOWN
2016-02-08T03:34:27.000000;2016-02-08T03:34:27.000000;3eb768e0-d388-495b-a8cc-0ca94054931e;373.9;0.00828536;UNKNOWN
2016-02-08T03:34:37.000000;2016-02-08T03:34:37.000000;34e70dec-1b5f-47cd-9759-c70a37861d92;373.41;12.0;UNKNOWN
2016-02-08T03:34:47.000000;2016-02-08T03:34:47.000000;9c9c5571-99d1-4291-bebb-44d8d0fb12cc;373.26;0.32;UNKNOWN
2016-02-08T03:34:47.000000;2016-02-08T03:34:47.000000;5ad6d2be-0adc-4908-81ef-290150ee5832;373.04;0.3278;UNKNOWN
2016-02-08T03:34:47.000000;2016-02-08T03:34:47.000000;6629afb7-3f3e-47e9-9729-7c125c57ce00;373.3;0.01;UNKNOWN
2016-02-08T03:34:47.000000;2016-02-08T03:34:47.000000;d3e854c4-ba28-46bd-a1c5-7ef95793cf7a;373.2;0.01;UNKNOWN
2016-02-08T03:34:47.000000;2016-02-08T03:34:47.000000;41ba7d50-508d-460b-b74c-7231402f1734;373.1;0.01;UNKNOWN
2016-02-08T03:34:47.000000;2016-02-08T03:34:47.000000;b36bc289-b385-4115-9cb6-4bc0a1d390ff;373.4;0.01;UNKNOWN
2016-02-08T03:34:47.000000;2016-02-08T03:34:47.000000;7d5f31a2-8a00-4c36-9272-ae39c0c9f50b;373.25;0.05;UNKNOWN
2016-02-08T03:34:47.000000;2016-02-08T03:34:47.000000;ffd62fe4-75cc-4edd-84c1-2fc7c83de703;373.11;1.21;UNKNOWN
2016-02-08T03:34:47.000000;2016-02-08T03:34:47.000000;db1ab045-2be9-4c6b-851b-b37555bb74c0;373.13;0.0522;UNKNOWN
2016-02-08T03:34:51.000000;2016-02-08T03:34:51.000000;2e0ca1fc-f485-4dbe-ac11-33acfd250f02;373.02;17.48952879;UNKNOWN
2016-02-08T03:35:00.000000;2016-02-08T03:35:00.000000;08f2c9f5-24e2-4296-9b99-3be7f8ed256e;373.56;0.5;UNKNOWN
2016-02-08T03:35:00.000000;2016-02-08T03:35:00.000000;2ad45f6b-2135-450b-887a-a08cf6b60ba2;373.56;0.5;UNKNOWN
2016-02-08T03:35:04.000000;2016-02-08T03:35:04.000000;e1c198a4-7945-409b-8f7d-b124f653503f;373.53;1.0;UNKNOWN
2016-02-08T03:35:17.000000;2016-02-08T03:35:17.000000;19f1db22-0f83-4729-87fa-d65564cbb5aa;373.54;12.0;UNKNOWN
2016-02-08T03:35:17.000000;2016-02-08T03:35:17.000000;83d40573-7cf7-48d2-acf1-35d2e19c9f29;373.54;0.2388;UNKNOWN
2016-02-08T03:35:37.000000;2016-02-08T03:35:37.000000;0d8e3fb0-7de3-4772-a105-daecd0170c78;373.63;0.0294412;UNKNOWN
2016-02-08T03:35:37.000000;2016-02-08T03:35:37.000000;9a203887-abca-4b3c-9c46-28dbe090e8b5;373.96;0.9705588;UNKNOWN
2016-02-08T03:35:49.000000;2016-02-08T03:35:49.000000;78bcb73b-5f5c-4dc3-9f1d-73d9ae8d0969;374.24;1.0;UNKNOWN
2016-02-08T03:35:55.000000;2016-02-08T03:35:55.000000;ab797d70-8545-4483-ab8a-20c3585b7edd;373.63;1.0;UNKNOWN
2016-02-08T03:36:17.000000;2016-02-08T03:36:17.000000;a10897af-9614-470d-a728-fdabad84b817;374.38;2.9515174;UNKNOWN
2016-02-08T03:36:17.000000;2016-02-08T03:36:17.000000;057f7949-bbed-4819-83df-518c6cdc8295;374.26;15.2222;UNKNOWN
2016-02-08T03:36:17.000000;2016-02-08T03:36:17.000000;ed61d3b6-4256-4b40-9a8c-05bde2c04e28;374.32;3.86259463;UNKNOWN
2016-02-08T03:36:17.000000;2016-02-08T03:36:17.000000;d2f97a0d-20a4-4760-8e5c-34fb093e3927;374.25;3.86259463;UNKNOWN
2016-02-08T03:36:17.000000;2016-02-08T03:36:17.000000;66dd0a13-f2ef-40dc-a686-8dcff974c116;373.99;6.5673;UNKNOWN
2016-02-08T03:36:17.000000;2016-02-08T03:36:17.000000;e10c79c4-9fac-4b9d-941a-2bd408ca8800;374.3;3.0;UNKNOWN
2016-02-08T03:36:17.000000;2016-02-08T03:36:17.000000;5911ad3d-6f03-46d3-b148-92ab1abb9504;374.0;1.0;UNKNOWN
2016-02-08T03:36:17.000000;2016-02-08T03:36:17.000000;4ecfdac2-0f63-4fe7-b887-3ee9a24dceb5;374.24;12.0;UNKNOWN
2016-02-08T03:36:17.000000;2016-02-08T03:36:17.000000;1db4a142-f4e3-4cd4-9984-35f99fac9ab5;374.24;0.07;UNKNOWN
2016-02-08T03:36:17.000000;2016-02-08T03:36:17.000000;d3dfe050-c3c2-4e7d-affa-d1e9d899d3ba;374.24;0.09;UNKNOWN
2016-02-08T03:36:17.000000;2016-02-08T03:36:17.000000;cf792805-b304-4e3c-ad64-1bc554f14f56;374.16;31.5447;UNKNOWN
2016-02-08T03:37:05.000000;2016-02-08T03:37:05.000000;3a9de4b0-ee8b-4bc3-b1e2-8adab63ed293;374.0;0.5;UNKNOWN
2016-02-08T03:37:09.000000;2016-02-08T03:37:09.000000;92e06103-36aa-4376-b35e-357ea0f7f851;374.47;2.0;UNKNOWN
2016-02-08T03:37:09.000000;2016-02-08T03:37:09.000000;d5a53a26-1651-4eaf-8f2b-36c1055c5aa7;374.45;3.0;UNKNOWN
2016-02-08T03:37:09.000000;2016-02-08T03:37:09.000000;9cb0598d-5295-4d4a-a3c4-5c7cf3780e0e;374.45;6.0;UNKNOWN
2016-02-08T03:37:09.000000;2016-02-08T03:37:09.000000;2bdd2bf7-155c-4c46-8a1e-a089653b9785;374.0;0.5;UNKNOWN
2016-02-08T03:37:09.000000;2016-02-08T03:37:09.000000;93ca5290-d960-453e-80a1-df5a993c4306;374.45;0.5;UNKNOWN
2016-02-08T03:37:18.000000;2016-02-08T03:37:18.000000;b15a26a5-99bc-484f-b22b-7777f9311484;373.82;0.18446417;UNKNOWN
2016-02-08T03:37:18.000000;2016-02-08T03:37:18.000000;f1a133ae-0a65-41e0-bbe3-01ae750f08a5;373.82;0.5;UNKNOWN
2016-02-08T03:38:06.000000;2016-02-08T03:38:06.000000;e0a2df18-98eb-4b3a-b601-0eda7ae2868f;374.44;1.0;UNKNOWN
2016-02-08T03:39:24.000000;2016-02-08T03:39:24.000000;e24fa011-5f49-449e-9436-1ca8284fd1dd;374.21;1.0;UNKNOWN
2016-02-08T03:40:52.000000;2016-02-08T03:40:52.000000;3c026a6b-bb91-471c-b9dc-9f50da8cf6aa;374.21;0.05884936;UNKNOWN
2016-02-08T03:41:05.000000;2016-02-08T03:41:05.000000;07d5404b-634e-4cd8-8ae0-df81b1b17fc9;374.41;0.22716224;UNKNOWN
2016-02-08T03:41:31.000000;2016-02-08T03:41:31.000000;c7e25da9-fb99-4384-88e0-30089be8a9ce;374.21;0.04;UNKNOWN
2016-02-08T03:41:36.000000;2016-02-08T03:41:36.000000;222c76fb-5a2e-459e-9d1e-ebcc84bd2f28;374.41;0.21008;UNKNOWN
2016-02-08T03:43:48.000000;2016-02-08T03:43:48.000000;d45baa1a-84cc-4ea2-a0f9-1941b037e635;374.41;0.02294968;UNKNOWN
2016-02-08T03:43:49.000000;2016-02-08T03:43:49.000000;0be163c6-e926-447d-819f-353d8c4d64de;374.41;0.01;UNKNOWN
2016-02-08T03:44:54.000000;2016-02-08T03:44:54.000000;fa5e1a34-0475-48f4-8721-3d222b5888d1;374.38;0.0477;UNKNOWN
2016-02-08T03:44:54.000000;2016-02-08T03:44:54.000000;bb573a94-7f3a-4555-9fdc-7f55b6b35363;374.37;6.6001;UNKNOWN
2016-02-08T03:45:25.000000;2016-02-08T03:45:25.000000;7bcc3138-79d8-4501-836b-6cb917837bda;374.36;1.0;UNKNOWN
2016-02-08T03:45:25.000000;2016-02-08T03:45:25.000000;dbdc0a45-0660-4940-930b-b26306298ef1;374.37;6.606;UNKNOWN
2016-02-08T03:47:03.000000;2016-02-08T03:47:03.000000;43a09d62-a661-438c-b4c4-adb40cde244b;373.84;2.5936134;UNKNOWN
2016-02-08T03:48:33.000000;2016-02-08T03:48:33.000000;39eba8ee-295d-4e4a-a9be-4fdd1e98fce9;374.23;3.0;UNKNOWN
2016-02-08T03:49:15.000000;2016-02-08T03:49:15.000000;0f52c7a4-b2ab-4bc9-98b7-230b07a9ed35;374.34;1.0;UNKNOWN
2016-02-08T03:49:15.000000;2016-02-08T03:49:15.000000;7e18ac00-34ab-414d-bda3-54a67277680d;374.34;1.0;UNKNOWN
2016-02-08T03:49:16.000000;2016-02-08T03:49:16.000000;d0848aea-2595-432f-a73a-c6f3a090f232;374.35;1.0;UNKNOWN
2016-02-08T03:49:41.000000;2016-02-08T03:49:41.000000;9ddc28d2-c8f3-4d6f-a7f0-7c5eca59c0c6;374.01;1.0;UNKNOWN
2016-02-08T03:50:35.000000;2016-02-08T03:50:35.000000;6efc0ab1-2c14-4464-b1b8-adb26c4f0a7e;374.04;0.403;UNKNOWN
2016-02-08T03:50:35.000000;2016-02-08T03:50:35.000000;6a8f93f3-8683-4b4c-bcc2-70c49aa9c1d7;374.04;0.1220882;UNKNOWN
2016-02-08T03:50:35.000000;2016-02-08T03:50:35.000000;00d0517c-87ae-47af-9062-ae4f46bbfd2b;374.04;0.321;UNKNOWN
2016-02-08T03:50:35.000000;2016-02-08T03:50:35.000000;af104188-1f87-45ef-a4c3-307c007d9655;374.04;6.6332;UNKNOWN
2016-02-08T03:50:35.000000;2016-02-08T03:50:35.000000;1f0bf619-e619-48a7-a61a-ac323f638795;374.04;0.307;UNKNOWN
2016-02-08T03:50:35.000000;2016-02-08T03:50:35.000000;de2e1976-3992-4533-84b5-b9b917b9c53b;374.04;0.265;UNKNOWN
2016-02-08T03:50:35.000000;2016-02-08T03:50:35.000000;a6332d74-aeda-4831-af8b-ee2842792103;374.04;0.308;UNKNOWN
2016-02-08T03:51:05.000000;2016-02-08T03:51:05.000000;6f34ecb5-3182-480c-a3af-61f7175443be;374.32;0.01512471;UNKNOWN
2016-02-08T03:51:41.000000;2016-02-08T03:51:41.000000;f8f46cb9-b087-4d01-949f-b0eed17cf962;374.36;10.0;UNKNOWN
2016-02-08T03:51:41.000000;2016-02-08T03:51:41.000000;6f50a69f-1743-460d-9a80-d03c57c31202;374.21;3.0;UNKNOWN
2016-02-08T03:51:41.000000;2016-02-08T03:51:41.000000;54512d34-65de-4bd5-855a-4916493db909;374.33;6.5997;UNKNOWN
2016-02-08T03:51:41.000000;2016-02-08T03:51:41.000000;d61d404b-6cec-4563-8664-2fa3023d861a;374.4;14.083;UNKNOWN
2016-02-08T03:51:41.000000;2016-02-08T03:51:41.000000;662db47e-64b4-4e11-837d-fc0a7ac9e22c;374.21;0.5;UNKNOWN
2016-02-08T03:51:49.000000;2016-02-08T03:51:49.000000;1fed049b-8198-4d9a-9675-d636afe813d4;374.42;1.0;UNKNOWN
2016-02-08T03:51:49.000000;2016-02-08T03:51:49.000000;513cd70e-48de-4f64-a999-cff8ddedf603;374.42;0.00300622;UNKNOWN
2016-02-08T03:52:12.000000;2016-02-08T03:52:12.000000;bc3ed02e-b578-4d10-a96c-15adbb8309a0;374.0;0.066;UNKNOWN
2016-02-08T03:54:02.000000;2016-02-08T03:54:02.000000;6b6befb5-63c5-44b6-9618-7ca562c4bb19;374.04;1.33820081;UNKNOWN
2016-02-08T03:54:27.000000;2016-02-08T03:54:27.000000;2eff04fb-d650-469a-9e10-23859f415e84;374.35;1.0;UNKNOWN
2016-02-08T03:54:54.000000;2016-02-08T03:54:54.000000;e69d0a61-f3af-4994-a666-93421d1b0120;374.38;1.0;UNKNOWN
2016-02-08T03:55:31.000000;2016-02-08T03:55:31.000000;af4bf3a1-7a58-4a7e-becc-af0cc3105d65;374.37;1.0;UNKNOWN
2016-02-08T03:55:31.000000;2016-02-08T03:55:31.000000;c6a80ab2-599f-48af-adf4-62f8ea806067;374.37;1.279574;UNKNOWN
2016-02-08T03:56:28.000000;2016-02-08T03:56:28.000000;52a10bf4-0ce9-4ac8-b15e-b652ff8db49a;374.38;1.0;UNKNOWN
2016-02-08T03:56:41.000000;2016-02-08T03:56:41.000000;b2c6cbd5-7cba-45fc-8204-3f6f19e980e5;374.38;1.0;UNKNOWN
2016-02-08T03:56:45.000000;2016-02-08T03:56:45.000000;cf7d9e1f-cf13-47fd-aaaf-3e59c21aae04;374.38;1.0;UNKNOWN
2016-02-08T03:56:50.000000;2016-02-08T03:56:50.000000;796e9db9-670c-41b1-8b34-677063ce2473;374.38;1.0;UNKNOWN
2016-02-08T03:56:52.000000;2016-02-08T03:56:52.000000;9255d062-277b-4c5b-baf5-3ef25297e6b3;374.38;1.0;UNKNOWN
2016-02-08T03:57:24.000000;2016-02-08T03:57:24.000000;6317da0c-794a-4573-b132-fc65d61cfd06;374.38;1.0;UNKNOWN
2016-02-08T03:58:05.000000;2016-02-08T03:58:05.000000;fa866d2a-bece-4954-83ee-a05f6415dcc6;374.38;1.05965879;UNKNOWN
2016-02-08T03:58:24.000000;2016-02-08T03:58:24.000000;0427202a-ab22-4df3-90a6-ee37b11069b5;374.38;1.0;UNKNOWN
2016-02-08T03:59:01.000000;2016-02-08T03:59:01.000000;189cbfdb-0f33-44fc-88c7-4e4e3788614a;374.38;0.94034121;UNKNOWN
2016-02-08T03:59:01.000000;2016-02-08T03:59:01.000000;72e5375b-8fd9-403f-afe0-57d0e48d99e5;374.38;0.05965879;UNKNOWN
2016-02-08T03:59:12.000000;2016-02-08T03:59:12.000000;bb5f9315-d3a7-4f71-8b72-203b5221c649;374.38;1.0;UNKNOWN
2016-02-08T03:59:19.000000;2016-02-08T03:59:19.000000;16c7f20a-d221-4893-ab1a-eb8875f85621;374.38;1.0;UNKNOWN
2016-02-08T03:59:35.000000;2016-02-08T03:59:35.000000;8e07eb26-6e5e-4301-8226-64b46cb4069e;374.38;1.0;UNKNOWN
2016-02-08T03:59:46.000000;2016-02-08T03:59:46.000000;c25f5187-597d-4ad3-a00d-ee0515a0fc3e;374.38;1.0;UNKNOWN
2016-02-08T04:00:03.000000;2016-02-08T04:00:03.000000;581165c6-a9a7-442b-909d-d3dbe8320351;374.38;0.81408269;UNKNOWN
2016-02-08T04:00:10.000000;2016-02-08T04:00:10.000000;27effa3b-c4ce-4d9b-8c81-62f15254b331;374.38;1.0;UNKNOWN
2016-02-08T04:01:25.000000;2016-02-08T04:01:25.000000;b505b600-0f3e-408a-b7c4-95035403700c;374.38;1.0;UNKNOWN
2016-02-08T04:01:29.000000;2016-02-08T04:01:29.000000;81c54c70-d262-457e-b708-c52f1795d6d3;374.38;1.0;UNKNOWN
2016-02-08T04:01:32.000000;2016-02-08T04:01:32.000000;ae18ea12-eae2-40e6-a10d-894e29d6c2dc;374.38;1.0;UNKNOWN
2016-02-08T04:01:35.000000;2016-02-08T04:01:35.000000;d25b44c5-b056-41c9-ba86-a44d54f137c3;374.38;1.0;UNKNOWN
2016-02-08T04:01:53.000000;2016-02-08T04:01:53.000000;992dd618-34ee-409c-b118-ff31bb7ef345;374.38;0.12625852;UNKNOWN
2016-02-08T04:01:53.000000;2016-02-08T04:01:53.000000;8696d9d5-94c6-4ac6-a0dd-ab249b83c74e;374.38;0.01;UNKNOWN
2016-02-08T04:02:01.000000;2016-02-08T04:02:01.000000;c0c48646-a02c-4f97-8b6c-ed15dcf13ff0;374.42;0.99699378;UNKNOWN
2016-02-08T04:02:02.000000;2016-02-08T04:02:02.000000;0f41c580-55d8-4619-8a55-f2e4280e1cd7;374.5;0.99;UNKNOWN
2016-02-08T04:02:02.000000;2016-02-08T04:02:02.000000;b7e3f32e-3ba4-40b7-a37e-d390ab4ff9d9;374.45;0.01;UNKNOWN
2016-02-08T04:02:03.000000;2016-02-08T04:02:03.000000;be4ea85d-dcc8-4a22-881f-750de4a0d08f;374.5;1.0;UNKNOWN
2016-02-08T04:02:11.000000;2016-02-08T04:02:11.000000;1d503c68-8b39-4afa-9c5e-73dc9f5f229b;374.52;0.854;UNKNOWN
2016-02-08T04:02:11.000000;2016-02-08T04:02:11.000000;d273dd34-aca4-4ba0-97fd-b58d4d81ae62;374.5;0.01;UNKNOWN
2016-02-08T04:02:12.000000;2016-02-08T04:02:12.000000;a614968f-364d-4c6c-9f54-a53c4574420e;374.55;0.01;UNKNOWN
2016-02-08T04:02:12.000000;2016-02-08T04:02:12.000000;132a15a0-6616-46b9-b456-60c9ebe7665f;374.52;0.146;UNKNOWN
2016-02-08T04:02:12.000000;2016-02-08T04:02:12.000000;e6a917d7-2482-474e-8a0f-73c07f47c5db;374.61;0.844;UNKNOWN
2016-02-08T04:02:26.000000;2016-02-08T04:02:26.000000;cd0c0984-0a03-4ed5-9d62-3638ee231cdf;374.61;0.02258283;UNKNOWN
2016-02-08T04:02:37.000000;2016-02-08T04:02:37.000000;639788ec-381c-4147-a83d-c52723c8c9f0;374.61;6.6284;UNKNOWN
2016-02-08T04:02:37.000000;2016-02-08T04:02:37.000000;606c30ec-f37d-4657-a4f3-9ef145aeb9fe;374.62;7.61512343;UNKNOWN
2016-02-08T04:02:37.000000;2016-02-08T04:02:37.000000;f924ee5c-e3c9-4214-9cc5-e2cd3868fd20;374.61;3.75647657;UNKNOWN
2016-02-08T04:03:06.000000;2016-02-08T04:03:06.000000;7d536aaa-57a2-40eb-afe3-371f72cf04b7;374.61;6.6424;UNKNOWN
2016-02-08T04:03:35.000000;2016-02-08T04:03:35.000000;7f9f542c-9f88-498c-8927-b159f50ff5b5;374.61;1.0;UNKNOWN
2016-02-08T04:03:35.000000;2016-02-08T04:03:35.000000;7a0db364-0ab6-4e02-949b-3514a77d70bd;374.61;1.4;UNKNOWN
2016-02-08T04:04:02.000000;2016-02-08T04:04:02.000000;26a182cc-028d-4908-a3b9-2522bb1c73b1;374.61;1.1;UNKNOWN
2016-02-08T04:05:06.000000;2016-02-08T04:05:06.000000;0a477f84-67e7-4756-801e-dec5eba695bb;374.6;1.0;UNKNOWN
2016-02-08T04:05:06.000000;2016-02-08T04:05:06.000000;0cfe4fa4-6efb-4c05-90b2-2e8957b8f3ba;374.6;6.6096;UNKNOWN
2016-02-08T04:05:06.000000;2016-02-08T04:05:06.000000;36e63147-90c1-459c-8bfe-7b7ca8191ae4;374.01;2.8303;UNKNOWN
2016-02-08T04:05:06.000000;2016-02-08T04:05:06.000000;bc2b37a8-d136-48a8-98bc-d0913610578e;374.08;14.9824;UNKNOWN
2016-02-08T04:05:06.000000;2016-02-08T04:05:06.000000;6cc8d651-cb42-4398-a168-0a2d894b0a2c;374.6;1.0;UNKNOWN
2016-02-08T04:05:06.000000;2016-02-08T04:05:06.000000;d535c110-73ae-4f8e-8418-157574265e73;374.6;1.0;UNKNOWN
2016-02-08T04:05:06.000000;2016-02-08T04:05:06.000000;edf933ec-7dff-48fc-a9cb-cb37002db0bc;374.35;0.1777;UNKNOWN
2016-02-08T04:05:06.000000;2016-02-08T04:05:06.000000;d5b8d528-c135-4826-b236-b665cc7c9683;374.6;1.0;UNKNOWN
2016-02-08T04:05:25.000000;2016-02-08T04:05:25.000000;8c149e9f-4b41-4ce2-9c8c-200f09c955b3;374.43;1.0;UNKNOWN
2016-02-08T04:05:39.000000;2016-02-08T04:05:39.000000;1582477b-3d69-4076-ac98-93f378e84707;374.5;1.0;UNKNOWN
2016-02-08T04:06:03.000000;2016-02-08T04:06:03.000000;60d0a006-a619-484b-ba87-f3de23f1df66;374.5;1.0;UNKNOWN
2016-02-08T04:06:28.000000;2016-02-08T04:06:28.000000;e87d4cf0-a648-4435-92ed-8dd1f0070086;374.49;1.0;UNKNOWN
2016-02-08T04:06:28.000000;2016-02-08T04:06:28.000000;393c406c-cdd0-4b1b-8d20-97b57565a38b;374.49;1.0;UNKNOWN
2016-02-08T04:06:45.000000;2016-02-08T04:06:45.000000;15abf6c2-c49d-47f0-9544-b5dceea35b4f;374.0;5.3712;UNKNOWN
2016-02-08T04:06:45.000000;2016-02-08T04:06:45.000000;5bb6f04d-10b6-4743-bd76-c9c69cfbcdec;374.49;1.0;UNKNOWN
2016-02-08T04:06:45.000000;2016-02-08T04:06:45.000000;8acfb268-f48e-4db2-8ca6-9e22d7193371;374.49;6.6288;UNKNOWN
2016-02-08T04:06:45.000000;2016-02-08T04:06:45.000000;35b29ee8-da61-496a-82ac-5f3b95fa7b32;374.49;1.0;UNKNOWN
2016-02-08T04:06:45.000000;2016-02-08T04:06:45.000000;067c1c99-4137-43da-a6e4-6c5cbb73864b;374.49;1.0;UNKNOWN
2016-02-08T04:07:11.000000;2016-02-08T04:07:11.000000;1b636735-83cf-4ebb-b889-26f90058709f;374.44;1.0;UNKNOWN
2016-02-08T04:07:55.000000;2016-02-08T04:07:55.000000;fb20bdf0-5fba-43aa-aa12-42edb57b6214;374.45;1.0;UNKNOWN
2016-02-08T04:08:49.000000;2016-02-08T04:08:49.000000;e6280611-6320-48ee-8098-58f5cd87a45d;374.44;1.0;UNKNOWN
2016-02-08T04:08:49.000000;2016-02-08T04:08:49.000000;5055442a-aa70-4a69-acc1-2e104780a6dc;374.44;1.0;UNKNOWN
2016-02-08T04:08:49.000000;2016-02-08T04:08:49.000000;a9d991fb-d473-4f4a-85e8-718b3f054acf;374.44;1.0;UNKNOWN
2016-02-08T04:08:49.000000;2016-02-08T04:08:49.000000;8f7d9051-176e-450c-9c17-14f09318d679;374.44;1.0;UNKNOWN
2016-02-08T04:08:49.000000;2016-02-08T04:08:49.000000;72cbde2e-ce7a-4ec0-aebc-8d82799b7564;374.44;1.0;UNKNOWN
2016-02-08T04:08:49.000000;2016-02-08T04:08:49.000000;81220188-403e-4127-b6fb-02c4436837ac;374.44;1.0;UNKNOWN
2016-02-08T04:08:49.000000;2016-02-08T04:08:49.000000;7f8e3b00-b72d-44d2-b108-6c592490e41c;374.01;1.0;UNKNOWN
2016-02-08T04:10:32.000000;2016-02-08T04:10:32.000000;13613696-8d8e-465f-80c6-92a84fcd1bd7;374.03;0.5;UNKNOWN
2016-02-08T04:10:32.000000;2016-02-08T04:10:32.000000;fbea92b6-578b-4232-a641-938b4d38a727;374.02;0.1;UNKNOWN
2016-02-08T04:12:06.000000;2016-02-08T04:12:06.000000;cd784a05-94b8-4365-9e56-c1e0ea65da17;374.47;2.5;UNKNOWN
2016-02-08T04:12:37.000000;2016-02-08T04:12:37.000000;57f1ecab-c88d-43c3-9bda-0243b40e437f;374.2;0.1;UNKNOWN
2016-02-08T04:12:37.000000;2016-02-08T04:12:37.000000;a0fb55ac-fa75-4395-b656-f3ad19e0eab2;374.21;0.5;UNKNOWN
2016-02-08T04:14:17.000000;2016-02-08T04:14:17.000000;bbdc3f94-16c7-4be7-a7fa-c9ee08f3c9ec;374.06;0.01;UNKNOWN
2016-02-08T04:14:55.000000;2016-02-08T04:14:55.000000;6b9c5167-653d-48ba-9e3b-30f7b27f11ee;374.02;0.01;UNKNOWN
2016-02-08T04:15:23.000000;2016-02-08T04:15:23.000000;a648e770-c9dc-49b0-95d9-f229072e247f;374.36;3.0;UNKNOWN
2016-02-08T04:15:38.000000;2016-02-08T04:15:38.000000;7bc0c86b-0961-462e-96f1-d816d96fc8af;374.16;0.01;UNKNOWN
2016-02-08T04:15:50.000000;2016-02-08T04:15:50.000000;cd98a05a-3e73-4440-a2cb-3a7d67ff6fc3;374.05;0.01;UNKNOWN
2016-02-08T04:16:28.000000;2016-02-08T04:16:28.000000;b1a1df77-56f0-4453-a6b9-ad9951daa2a0;374.21;0.02258283;UNKNOWN
2016-02-08T04:16:39.000000;2016-02-08T04:16:39.000000;61ffe5d4-1a76-405b-a344-e30faf500171;374.04;0.01;UNKNOWN
2016-02-08T04:16:59.000000;2016-02-08T04:16:59.000000;15f6667c-b166-4f04-aae2-713c02d74bf2;374.02;0.01;UNKNOWN
2016-02-08T04:18:26.000000;2016-02-08T04:18:26.000000;0f6d0003-40e2-4a2d-8b50-0533007100ec;374.02;0.0061;UNKNOWN
2016-02-08T04:18:26.000000;2016-02-08T04:18:26.000000;4d206222-ac16-4d21-8f3a-1a757a0f3a28;374.02;0.4139;UNKNOWN
2016-02-08T04:18:49.000000;2016-02-08T04:18:49.000000;9002ebea-5bd5-495d-873b-157f660ce39a;374.0;0.01;UNKNOWN
2016-02-08T04:19:38.000000;2016-02-08T04:19:38.000000;a56b8427-4352-4542-8ca8-38a0361237cd;374.0;0.02223908;UNKNOWN
2016-02-08T04:19:47.000000;2016-02-08T04:19:47.000000;e76c8261-9271-439e-9497-53a0da19709e;374.0;0.01;UNKNOWN
2016-02-08T04:20:05.000000;2016-02-08T04:20:05.000000;c3a1dee5-7016-4b56-aeb2-820e9c9aa67f;374.0;4.26701571;UNKNOWN
2016-02-08T04:22:05.000000;2016-02-08T04:22:05.000000;75cf42dc-78f1-483a-8077-4bfcdce915dc;374.0;3.14134093;UNKNOWN
2016-02-08T04:22:40.000000;2016-02-08T04:22:40.000000;2bb1d880-9919-43aa-b9cd-a0fb26ef75ae;374.0;0.01;UNKNOWN
2016-02-08T04:23:45.000000;2016-02-08T04:23:45.000000;1a142b29-8df5-412f-af57-a31b1d49acbc;374.0;0.01;UNKNOWN
2016-02-08T04:26:05.000000;2016-02-08T04:26:05.000000;f1fa2bd7-18f8-4cf9-8a10-e97448ab5081;374.22;0.01144819;UNKNOWN
2016-02-08T04:26:09.000000;2016-02-08T04:26:09.000000;8ed8599d-c237-46d4-a9f2-e28ab34c9f00;374.0;0.01;UNKNOWN
2016-02-08T04:27:06.000000;2016-02-08T04:27:06.000000;fecb42a4-f54d-4694-9b81-369848b1c56b;374.3;12.7462;UNKNOWN
2016-02-08T04:27:06.000000;2016-02-08T04:27:06.000000;4e46ad08-ce4f-4bb7-b442-cd1accf2edc8;374.3;6.6174;UNKNOWN
2016-02-08T04:28:21.000000;2016-02-08T04:28:21.000000;1e5f5311-8fd0-40c9-9bef-79f90c986f65;374.3;0.054;UNKNOWN
2016-02-08T04:28:50.000000;2016-02-08T04:28:50.000000;8f481d28-2890-4b94-a8f9-d6509a32fe2b;374.32;13.1935;UNKNOWN
2016-02-08T04:28:50.000000;2016-02-08T04:28:50.000000;ba139955-f280-4611-9a98-767e18fdc657;374.32;1.8632;UNKNOWN
2016-02-08T04:28:55.000000;2016-02-08T04:28:55.000000;b0cf4050-a43e-49a3-8070-91c7e16176a1;374.3;0.01;UNKNOWN
2016-02-08T04:29:17.000000;2016-02-08T04:29:17.000000;cc641d18-d98a-4232-91c6-b27113b8239b;374.3;0.01;UNKNOWN
2016-02-08T04:33:39.000000;2016-02-08T04:33:39.000000;2c0c825a-ee14-4141-82e0-8f5e2bdefb52;374.3;0.01;UNKNOWN
2016-02-08T04:33:40.000000;2016-02-08T04:33:40.000000;52be25b6-fb72-47a4-b65f-df333541470c;374.48;0.02223908;UNKNOWN
2016-02-08T04:33:49.000000;2016-02-08T04:33:49.000000;07490932-2a43-4cf2-97d8-b47d27207f9c;374.3;0.01;UNKNOWN
2016-02-08T04:36:52.000000;2016-02-08T04:36:52.000000;32b517aa-d785-43c1-bd72-842e8837480c;374.3;0.01;UNKNOWN
2016-02-08T04:37:12.000000;2016-02-08T04:37:12.000000;8f1c3073-fee8-480f-8912-5e29a23975e6;374.3;0.01;UNKNOWN
2016-02-08T04:38:04.000000;2016-02-08T04:38:04.000000;b73ac93c-9bf6-4906-81e5-00667dd036ce;374.3;0.01;UNKNOWN
2016-02-08T04:38:05.000000;2016-02-08T04:38:05.000000;fe706db7-27a5-499a-8188-702c51ebbd10;374.5;0.07637895;UNKNOWN
2016-02-08T04:38:12.000000;2016-02-08T04:38:12.000000;8246d8d5-e6cb-4ced-b8b8-419870d2f01a;374.35;0.01;UNKNOWN
2016-02-08T04:38:16.000000;2016-02-08T04:38:16.000000;eec038fd-38d9-4296-a046-fd7d59f6709a;374.3;0.01;UNKNOWN
2016-02-08T04:38:23.000000;2016-02-08T04:38:23.000000;8a7e2704-effe-4d7c-ad02-f2f71466e1c8;374.3;0.01;UNKNOWN
2016-02-08T04:38:49.000000;2016-02-08T04:38:49.000000;241812fe-00e0-441d-96fa-5b7899288234;374.5;0.02185009;UNKNOWN
2016-02-08T04:38:55.000000;2016-02-08T04:38:55.000000;985486e6-4d50-4fd2-8d4e-492fc7f16e19;374.44;0.01;UNKNOWN
2016-02-08T04:39:00.000000;2016-02-08T04:39:00.000000;3c5d5d85-be39-464e-be6d-2f5a150cb90d;374.32;0.01;UNKNOWN
2016-02-08T04:39:11.000000;2016-02-08T04:39:11.000000;89f64bca-96d6-4d7a-a605-1f3c29b78a18;374.31;0.01;UNKNOWN
2016-02-08T04:39:12.000000;2016-02-08T04:39:12.000000;aebd1e1e-bf8b-46cb-987e-7e6ee08ec5fc;374.31;0.07826767;UNKNOWN
2016-02-08T04:39:21.000000;2016-02-08T04:39:21.000000;c43f4307-910d-4b5e-a8a2-08d11ae6ea4e;374.3;0.01;UNKNOWN
2016-02-08T04:39:34.000000;2016-02-08T04:39:34.000000;cb0718cb-57cd-42e8-9cad-7c8a543c7bf3;374.3;0.01;UNKNOWN
2016-02-08T04:39:41.000000;2016-02-08T04:39:41.000000;3f7b93ad-d94b-494f-8d27-0b70a1fa189a;374.5;0.088274;UNKNOWN
2016-02-08T04:39:51.000000;2016-02-08T04:39:51.000000;9b90483c-3876-4c0c-be5b-3e06cb315770;374.3;0.01;UNKNOWN
2016-02-08T04:41:00.000000;2016-02-08T04:41:00.000000;cce89ed6-7565-4a9b-9557-7751cb25511e;374.3;0.01;UNKNOWN
2016-02-08T04:41:12.000000;2016-02-08T04:41:12.000000;832199f5-d1e5-442e-b583-ae12a3011b59;374.3;1.30432514;UNKNOWN
2016-02-08T04:41:43.000000;2016-02-08T04:41:43.000000;d68f7f3f-bc98-4bc3-ba9c-403167f23501;374.32;0.01;UNKNOWN
2016-02-08T04:41:49.000000;2016-02-08T04:41:49.000000;f785d65f-ffd3-4bc8-b253-e52456d2d638;374.3;0.01;UNKNOWN
2016-02-08T04:42:17.000000;2016-02-08T04:42:17.000000;e32ceae4-0f52-405f-b58d-6318365ff6cf;374.3;0.01;UNKNOWN
2016-02-08T04:43:17.000000;2016-02-08T04:43:17.000000;86724d8e-60b3-4348-96f0-0672c5058315;374.5;2.51349696;UNKNOWN
2016-02-08T04:48:55.000000;2016-02-08T04:48:55.000000;ab98b834-fc32-41aa-8576-5cdfd2919817;374.54;20.0;UNKNOWN
2016-02-08T04:48:58.000000;2016-02-08T04:48:58.000000;d172a40c-7024-4eb7-acb8-c04640b17489;374.54;5.0;UNKNOWN
2016-02-08T04:48:58.000000;2016-02-08T04:48:58.000000;17e023b3-60e0-4c4e-8c50-e5c3bee01e73;374.53;15.0;UNKNOWN
2016-02-08T04:48:59.000000;2016-02-08T04:48:59.000000;18608b83-d841-4967-b2d5-cf3ac638f6fe;374.53;0.01;UNKNOWN
2016-02-08T04:49:01.000000;2016-02-08T04:49:01.000000;b0a4339d-692f-4759-9d85-49f14c841124;374.53;12.47650304;UNKNOWN
2016-02-08T04:49:02.000000;2016-02-08T04:49:02.000000;dba3895e-37bb-42f1-850a-858e5410a693;374.04;0.01;UNKNOWN
2016-02-08T04:49:09.000000;2016-02-08T04:49:09.000000;d475420e-2466-4d3b-b74c-c54b7540bae1;374.04;0.01;UNKNOWN
2016-02-08T04:49:19.000000;2016-02-08T04:49:19.000000;c9a32de4-637c-4905-9fe8-d9a4345179aa;374.04;0.01;UNKNOWN
2016-02-08T04:49:50.000000;2016-02-08T04:49:50.000000;c0b6755f-c59a-4da3-ab6b-6a20a65d6a14;374.04;0.01;UNKNOWN
2016-02-08T04:51:06.000000;2016-02-08T04:51:06.000000;98755890-82b8-403f-b307-81098ec4b6e8;374.04;0.01;UNKNOWN
2016-02-08T04:52:12.000000;2016-02-08T04:52:12.000000;d8309399-4233-46d3-9bcc-63ce00a6b88c;374.22;0.01;UNKNOWN
2016-02-08T04:52:16.000000;2016-02-08T04:52:16.000000;64e02ca4-920b-444d-918c-f5f50e3db037;374.09;0.01;UNKNOWN
2016-02-08T04:52:44.000000;2016-02-08T04:52:44.000000;9b3f57cc-cb89-4730-8c72-623e1c1d90c6;374.04;0.01;UNKNOWN
2016-02-08T04:52:51.000000;2016-02-08T04:52:51.000000;d9da7600-ea60-4626-b191-27c9115fa1c2;374.04;0.02185009;UNKNOWN
2016-02-08T04:52:54.000000;2016-02-08T04:52:54.000000;019e51be-ef89-4f00-8a65-5a01c0ed9687;374.04;0.02150463;UNKNOWN
2016-02-08T04:52:55.000000;2016-02-08T04:52:55.000000;9489a08b-0d30-411c-a77f-aa65da9da2b8;374.04;0.01;UNKNOWN
2016-02-08T04:53:12.000000;2016-02-08T04:53:12.000000;6341b0ad-2f7c-4efd-b6bc-5cd2d4074ec1;374.04;0.01;UNKNOWN
2016-02-08T04:53:48.000000;2016-02-08T04:53:48.000000;5c974a3c-b35b-4c73-93c6-3457713fb22f;374.04;0.01;UNKNOWN
2016-02-08T04:56:05.000000;2016-02-08T04:56:05.000000;3a5a21ec-20cc-497a-950a-7b4715881ef6;374.19;0.5;UNKNOWN
2016-02-08T04:56:06.000000;2016-02-08T04:56:06.000000;140193c4-53a6-4103-b260-2878d1395450;374.18;1.0;UNKNOWN
2016-02-08T04:56:08.000000;2016-02-08T04:56:08.000000;f796cac7-d94b-4737-b4b3-97d400f4ea68;374.04;0.01;UNKNOWN
2016-02-08T04:56:12.000000;2016-02-08T04:56:12.000000;ab948522-0440-4f74-852a-c830b2948f17;374.17;0.5;UNKNOWN
2016-02-08T04:56:12.000000;2016-02-08T04:56:12.000000;6b080a66-631e-4c18-a00d-50ad8e218031;374.16;0.5;UNKNOWN
2016-02-08T04:56:17.000000;2016-02-08T04:56:17.000000;e43b42d2-fe51-4fcf-9223-a1ae2a5b19d2;374.04;0.01;UNKNOWN
2016-02-08T04:56:59.000000;2016-02-08T04:56:59.000000;c07a4fd3-74e8-47b3-bb1a-772d2fc7ea3b;374.03;0.01;UNKNOWN
2016-02-08T04:56:59.000000;2016-02-08T04:56:59.000000;10837111-aff7-468b-8575-ca9df559b4a8;374.16;1.0;UNKNOWN
2016-02-08T05:00:03.000000;2016-02-08T05:00:03.000000;b1fb476a-05e3-421f-bb3b-a37311eabccb;374.14;0.5;UNKNOWN
2016-02-08T05:00:08.000000;2016-02-08T05:00:08.000000;041df72d-3a0f-4646-a489-e96e4bde0f36;374.04;0.01;UNKNOWN
2016-02-08T05:01:00.000000;2016-02-08T05:01:00.000000;258a7bab-c931-4b9e-a5dc-323f7b786d05;374.49;0.0125;UNKNOWN
2016-02-08T05:01:04.000000;2016-02-08T05:01:04.000000;8f469aca-c8a4-44e7-bf90-e73681740cb8;374.45;0.47210473;UNKNOWN
2016-02-08T05:01:08.000000;2016-02-08T05:01:08.000000;d292fe61-a7fc-41dd-aa82-499eb29a35c2;374.11;0.01;UNKNOWN
2016-02-08T05:01:14.000000;2016-02-08T05:01:14.000000;2e0d9122-04a7-4e28-a87d-fea00cd55d4d;374.05;0.01;UNKNOWN
2016-02-08T05:01:19.000000;2016-02-08T05:01:19.000000;f1b16d36-d014-44d8-9433-cf3731a40160;374.46;6.6414;UNKNOWN
2016-02-08T05:01:19.000000;2016-02-08T05:01:19.000000;8bfc9813-5982-4f14-8a9e-ca2e30093464;374.45;16.5436;UNKNOWN
2016-02-08T05:01:19.000000;2016-02-08T05:01:19.000000;a4424d3d-8d8e-46bc-b3e3-c6d6246d084b;374.5;1.48970304;UNKNOWN
2016-02-08T05:01:19.000000;2016-02-08T05:01:19.000000;701e868e-c7c0-4557-9855-680666971e5a;374.03;0.01;UNKNOWN
2016-02-08T05:01:19.000000;2016-02-08T05:01:19.000000;680dd853-2c2f-4914-b61c-28d2db9d4992;374.5;7.52349696;UNKNOWN
2016-02-08T05:01:20.000000;2016-02-08T05:01:20.000000;86561cf7-4710-4d96-9b84-9bd2a3d9ab6a;374.04;0.01;UNKNOWN
2016-02-08T05:01:47.000000;2016-02-08T05:01:47.000000;5aad4601-e302-4268-a063-fb4c636bcb71;374.06;0.01;UNKNOWN
2016-02-08T05:02:00.000000;2016-02-08T05:02:00.000000;0028b780-4c27-4b89-ace9-566519e3373d;374.16;0.01;UNKNOWN
2016-02-08T05:02:07.000000;2016-02-08T05:02:07.000000;933f90d3-d4da-4eaa-9c91-894eb1ab7e90;374.26;0.01;UNKNOWN
2016-02-08T05:02:07.000000;2016-02-08T05:02:07.000000;b8ea705c-3ca9-42d1-a4b5-0870d4dc2680;374.2;0.01;UNKNOWN
2016-02-08T05:02:10.000000;2016-02-08T05:02:10.000000;896867f7-8fbb-4d66-b943-d0b14a1d26d7;374.21;0.01;UNKNOWN
2016-02-08T05:02:12.000000;2016-02-08T05:02:12.000000;5780ddf5-1eed-40a6-bed0-dea301eb0dbd;374.23;0.01;UNKNOWN
2016-02-08T05:02:19.000000;2016-02-08T05:02:19.000000;e55fd409-a4dc-405e-b6cc-5eec9d4313b0;374.05;0.01;UNKNOWN
2016-02-08T05:04:24.000000;2016-02-08T05:04:24.000000;1c3cbb3f-bd9c-458c-b5c0-f9dc7d71c139;374.48;0.5;UNKNOWN
2016-02-08T05:04:24.000000;2016-02-08T05:04:24.000000;0efdc597-2047-4e36-9629-9521496ecd93;374.48;0.5;UNKNOWN
2016-02-08T05:04:29.000000;2016-02-08T05:04:29.000000;18b9ea9e-a988-455c-aa51-359d54c17912;374.1;0.01;UNKNOWN
2016-02-08T05:04:39.000000;2016-02-08T05:04:39.000000;3041be00-4847-42f2-a311-3bdcd2aa5179;374.48;1.0;UNKNOWN
2016-02-08T05:05:45.000000;2016-02-08T05:05:45.000000;ee8a6df7-2025-4aab-ab3f-46fdb84e4952;374.47;0.01;UNKNOWN
2016-02-08T05:06:08.000000;2016-02-08T05:06:08.000000;f05f9f09-20c2-47a2-8ddc-296e89d89aaf;374.48;1.0;UNKNOWN
2016-02-08T05:06:12.000000;2016-02-08T05:06:12.000000;c36e414d-4900-44ce-b70e-efea31be889f;374.47;0.04143327;UNKNOWN
2016-02-08T05:06:13.000000;2016-02-08T05:06:13.000000;f8b45b07-a406-489c-9b1c-6093997ee6df;374.47;0.20858319;UNKNOWN
2016-02-08T05:06:20.000000;2016-02-08T05:06:20.000000;c6aeff5c-53d1-4c96-bff4-5f92592d10c1;374.48;1.0;UNKNOWN
2016-02-08T05:06:31.000000;2016-02-08T05:06:31.000000;5aa1f66a-eb50-43d7-8a77-89cb601ef5da;374.48;0.74;UNKNOWN
2016-02-08T05:06:32.000000;2016-02-08T05:06:32.000000;da8431df-55f8-4060-959b-943ae6c8bc75;374.47;0.01;UNKNOWN
2016-02-08T05:06:33.000000;2016-02-08T05:06:33.000000;4ff3f0a7-888f-46b4-87dc-c7f294376c58;374.48;1.0;UNKNOWN
2016-02-08T05:06:47.000000;2016-02-08T05:06:47.000000;16bf14f8-3b7a-42ef-91e1-26b134234939;374.47;0.08035895;UNKNOWN
2016-02-08T05:06:53.000000;2016-02-08T05:06:53.000000;43a5804f-698c-41e5-be9f-d9d8ff757419;374.48;0.06;UNKNOWN
2016-02-08T05:06:54.000000;2016-02-08T05:06:54.000000;8fdbb9fd-7122-4b03-bcc2-34b0721d98a1;374.47;1.0;UNKNOWN
2016-02-08T05:06:54.000000;2016-02-08T05:06:54.000000;e70a68f1-01f0-4e1c-bb63-871d9fc12326;374.47;0.91964105;UNKNOWN
2016-02-08T05:06:54.000000;2016-02-08T05:06:54.000000;5d767740-7c18-4197-99f7-0eb1a33c2e83;374.49;0.94;UNKNOWN
2016-02-08T05:06:55.000000;2016-02-08T05:06:55.000000;86bc1832-7082-4e50-b1cb-720a3c3adb5d;374.5;0.02150463;UNKNOWN
2016-02-08T05:07:08.000000;2016-02-08T05:07:08.000000;0b978b7b-241b-490d-a8d3-97e25fd8031d;374.5;1.0;UNKNOWN
2016-02-08T05:08:03.000000;2016-02-08T05:08:03.000000;0e352faf-27b5-4103-8c31-3db9e023f237;374.5;0.02112579;UNKNOWN
2016-02-08T05:08:16.000000;2016-02-08T05:08:16.000000;6bd7e9c3-a1c3-4dfd-9c58-d29f56accca1;374.5;1.0;UNKNOWN
2016-02-08T05:09:00.000000;2016-02-08T05:09:00.000000;99316fff-8088-4d8f-b5ce-42275e2eb6cf;374.5;1.0;UNKNOWN
2016-02-08T05:09:11.000000;2016-02-08T05:09:11.000000;db07fcd1-e0c3-47a6-9bd9-6d9dafa7bffe;374.5;1.0;UNKNOWN
2016-02-08T05:09:22.000000;2016-02-08T05:09:22.000000;03b297d1-579a-459b-8c5f-55cbbefc4009;374.5;1.0;UNKNOWN
2016-02-08T05:09:27.000000;2016-02-08T05:09:27.000000;5cfb5045-5f2b-4247-95d8-77b433e93126;374.5;1.0;UNKNOWN
2016-02-08T05:09:43.000000;2016-02-08T05:09:43.000000;1d7ae914-cf51-48df-8d6c-a145f41551d1;374.5;1.0;UNKNOWN
2016-02-08T05:09:54.000000;2016-02-08T05:09:54.000000;1f70efde-d4c1-4ba5-8763-9fa25a2de48e;374.49;0.1;UNKNOWN
2016-02-08T05:09:55.000000;2016-02-08T05:09:55.000000;f3657042-e3d9-4db8-a86a-4e993b1b4a09;374.5;1.22914985;UNKNOWN
2016-02-08T05:09:55.000000;2016-02-08T05:09:55.000000;5beced29-ccca-49ee-9f28-49529f2e33d7;374.5;11.46766654;UNKNOWN
2016-02-08T05:09:55.000000;2016-02-08T05:09:55.000000;08c3ea63-7000-4d66-abc2-a94a9d4cb758;374.61;6.5651;UNKNOWN
2016-02-08T05:09:55.000000;2016-02-08T05:09:55.000000;73a7a584-ba0c-411f-82d8-4c39f5c3154d;374.62;10.88808361;UNKNOWN
2016-02-08T05:10:07.000000;2016-02-08T05:10:07.000000;0a2fe9f4-e40d-46ee-ae53-e3124f600db7;374.62;0.9;UNKNOWN
2016-02-08T05:10:09.000000;2016-02-08T05:10:09.000000;9bd39968-3c25-47f8-939f-a8b2b21e92a4;374.62;0.57499222;UNKNOWN
2016-02-08T05:10:09.000000;2016-02-08T05:10:09.000000;84ac47cf-5abb-458d-a0b0-710f48002cf9;374.65;0.01;UNKNOWN
2016-02-08T05:10:09.000000;2016-02-08T05:10:09.000000;3c493a2b-2999-4755-a4df-3f35594b88c7;374.75;0.01;UNKNOWN
2016-02-08T05:10:09.000000;2016-02-08T05:10:09.000000;3a60210b-d031-471b-a36b-da34ed7b34d0;374.83;0.40500778;UNKNOWN
2016-02-08T05:10:13.000000;2016-02-08T05:10:13.000000;c9920e20-11cc-44cf-ac07-373723fdeb89;374.84;1.0;UNKNOWN
2016-02-08T05:10:15.000000;2016-02-08T05:10:15.000000;9ccb8127-edfc-47ea-b1d6-3af8a00a50b7;374.84;1.0;UNKNOWN
2016-02-08T05:10:17.000000;2016-02-08T05:10:17.000000;05a0d859-298e-46b9-9312-7e606eaaa7ba;374.84;1.0;UNKNOWN
2016-02-08T05:10:19.000000;2016-02-08T05:10:19.000000;310c4d37-1d5d-4c90-9f9b-e3762534ef22;374.57;0.04978239;UNKNOWN
2016-02-08T05:10:19.000000;2016-02-08T05:10:19.000000;246840d4-524e-4a0d-81ae-378690ffe7db;374.57;0.5;UNKNOWN
2016-02-08T05:11:04.000000;2016-02-08T05:11:04.000000;6b33eb77-424a-48c4-9bdc-ded4ad1ed7dc;374.73;0.5;UNKNOWN
2016-02-08T05:11:04.000000;2016-02-08T05:11:04.000000;ca1b1d8f-4ca2-44c5-91f6-6aa1bd0570ef;374.73;0.5;UNKNOWN
2016-02-08T05:11:25.000000;2016-02-08T05:11:25.000000;1bb02ddd-e9a7-45f6-8f30-dac5770a6d6d;374.38;0.01;UNKNOWN
2016-02-08T05:12:29.000000;2016-02-08T05:12:29.000000;69473806-c7e8-44a7-a3c3-780eb8b37413;374.51;0.30492999;UNKNOWN
2016-02-08T05:14:39.000000;2016-02-08T05:14:39.000000;6911b1ee-4c16-4927-9a2c-d5af647ef511;374.51;0.01;UNKNOWN
2016-02-08T05:15:05.000000;2016-02-08T05:15:05.000000;6c291e0b-c3c4-4a0a-a366-d011badfce80;374.51;0.02866;UNKNOWN
2016-02-08T05:15:33.000000;2016-02-08T05:15:33.000000;c6f6d4b3-716f-4fea-8b0c-90d8f775d0ec;374.51;0.01;UNKNOWN
2016-02-08T05:15:40.000000;2016-02-08T05:15:40.000000;4702355a-1699-466d-a555-ac0ad0a1bf1a;374.5;10.0;UNKNOWN
2016-02-08T05:15:40.000000;2016-02-08T05:15:40.000000;cde96d92-ddfd-405a-833a-ac9f9ca347ce;374.51;6.616;UNKNOWN
2016-02-08T05:15:43.000000;2016-02-08T05:15:43.000000;ddd62176-4c26-4b8f-996b-49263cac3b87;374.03;0.01;UNKNOWN
2016-02-08T05:15:44.000000;2016-02-08T05:15:44.000000;ce616f94-c106-4b37-8d75-85ae0fa8df83;374.04;0.01;UNKNOWN
2016-02-08T05:15:45.000000;2016-02-08T05:15:45.000000;3b462497-6df7-4c93-8875-a85b96cdf179;374.04;0.01;UNKNOWN
2016-02-08T05:15:45.000000;2016-02-08T05:15:45.000000;5f15a3e5-830a-4f31-a7ac-901b846a735f;374.49;1.0;UNKNOWN
2016-02-08T05:15:50.000000;2016-02-08T05:15:50.000000;b6673cfc-cf8f-4346-aab0-1dc2450d0e31;374.04;0.01;UNKNOWN
2016-02-08T05:15:52.000000;2016-02-08T05:15:52.000000;e8e0a7bf-fc85-4767-a9cd-29fe740ccd2c;374.48;0.5;UNKNOWN
2016-02-08T05:16:05.000000;2016-02-08T05:16:05.000000;28a57112-8808-430a-94d1-32fc3bfce0eb;374.5;2.2575984;UNKNOWN
2016-02-08T05:16:05.000000;2016-02-08T05:16:05.000000;b3bacc17-4e03-4169-af3a-b416540a3b53;374.49;0.03;UNKNOWN
2016-02-08T05:16:18.000000;2016-02-08T05:16:18.000000;903d7f02-6c76-4171-98fa-7396fd35eb30;374.5;1.0;UNKNOWN
2016-02-08T05:16:58.000000;2016-02-08T05:16:58.000000;ff811bce-85fe-4fcd-915e-6f349edad1f4;374.5;0.5;UNKNOWN
2016-02-08T05:17:46.000000;2016-02-08T05:17:46.000000;94d993c0-d8b4-41a6-aeb3-522760ebe965;374.5;1.0;UNKNOWN
2016-02-08T05:17:55.000000;2016-02-08T05:17:55.000000;873a7c43-21a8-44ad-8cfc-60100b63f8c4;374.5;1.0;UNKNOWN
2016-02-08T05:18:08.000000;2016-02-08T05:18:08.000000;606f56f4-3084-4c8f-82a3-5eadc2e8b93c;374.5;1.0;UNKNOWN
2016-02-08T05:18:15.000000;2016-02-08T05:18:15.000000;1060ad83-0f8c-48e3-9b63-13417f92532e;374.5;1.0;UNKNOWN
2016-02-08T05:18:37.000000;2016-02-08T05:18:37.000000;7f8486d4-3479-4fdf-bfac-6644c4f76d09;374.5;1.0;UNKNOWN
2016-02-08T05:18:46.000000;2016-02-08T05:18:46.000000;8d334937-b532-46e1-989f-48ef2dc54339;374.49;0.01;UNKNOWN
2016-02-08T05:18:52.000000;2016-02-08T05:18:52.000000;f32a1cf5-5d58-4e64-aec3-187959c09fb2;374.5;0.99;UNKNOWN
2016-02-08T05:22:05.000000;2016-02-08T05:22:05.000000;4dac9413-ee12-4ee1-b651-cdc23c9b86ff;374.49;0.02112579;UNKNOWN
2016-02-08T05:26:09.000000;2016-02-08T05:26:09.000000;02c7ec08-1b63-4593-b4cd-dacd06d947bb;374.81;16.4745;UNKNOWN
2016-02-08T05:26:09.000000;2016-02-08T05:26:09.000000;a2282a6c-10ff-4a95-80ec-69461857394d;374.66;16.6276;UNKNOWN
2016-02-08T05:26:09.000000;2016-02-08T05:26:09.000000;fc0f8144-1032-4417-9e86-2c029f5f120a;374.73;3.86040766;UNKNOWN
2016-02-08T05:26:09.000000;2016-02-08T05:26:09.000000;aa17be78-f232-4bb0-9e66-f67e637f2eaf;374.73;15.311;UNKNOWN
2016-02-08T05:26:09.000000;2016-02-08T05:26:09.000000;fee88a63-6bd5-40ed-bc68-a1007ded657c;374.81;3.86030831;UNKNOWN
2016-02-08T05:26:09.000000;2016-02-08T05:26:09.000000;19468b1e-8da6-4fc7-ac26-ad0b8504fb4d;374.81;0.2495;UNKNOWN
2016-02-08T05:26:09.000000;2016-02-08T05:26:09.000000;424eada1-124b-4b4f-a38c-68250b5b396f;374.84;2.97627637;UNKNOWN
2016-02-08T05:26:09.000000;2016-02-08T05:26:09.000000;bd5fbff0-e180-428f-a7fe-89d5fdac82a3;374.5;13.51;UNKNOWN
2016-02-08T05:26:09.000000;2016-02-08T05:26:09.000000;ee331a6d-6167-4a9f-a9f7-2bc92007ac75;374.67;3.86040766;UNKNOWN
2016-02-08T05:26:10.000000;2016-02-08T05:26:10.000000;0b823f69-a21d-46ae-af2d-fae1f3624c6d;374.85;0.01;UNKNOWN
2016-02-08T05:26:10.000000;2016-02-08T05:26:10.000000;b28c3363-8046-491b-aa09-8259226b0687;374.87;0.10502404;UNKNOWN
2016-02-08T05:26:10.000000;2016-02-08T05:26:10.000000;56c2504e-8221-4e82-997c-69ad19d5ab9a;374.84;0.88497596;UNKNOWN
2016-02-08T05:27:00.000000;2016-02-08T05:27:00.000000;65e06c87-e5ad-409b-907b-ca612783ea5a;374.92;0.9;UNKNOWN
2016-02-08T05:27:35.000000;2016-02-08T05:27:35.000000;f7a75608-4479-4cc7-9acd-871b83538b05;374.92;0.02084446;UNKNOWN
2016-02-08T05:28:05.000000;2016-02-08T05:28:05.000000;c5194063-c06c-4d48-87e4-92a6f89df4e1;374.95;0.01;UNKNOWN
2016-02-08T05:28:05.000000;2016-02-08T05:28:05.000000;684f772b-aafb-4096-9d2f-75b3cc543ff5;374.99;0.14284981;UNKNOWN
2016-02-08T05:28:32.000000;2016-02-08T05:28:32.000000;7278e39f-98d2-428e-a652-6662be81e9dc;374.62;0.92123727;UNKNOWN
2016-02-08T05:28:32.000000;2016-02-08T05:28:32.000000;e74a861b-61b9-470e-a8fa-60b4e7274eb5;374.62;0.5;UNKNOWN
2016-02-08T05:28:32.000000;2016-02-08T05:28:32.000000;68736a79-d26f-4ff8-b0af-c154f0b59fc7;374.99;0.0242;UNKNOWN
2016-02-08T05:29:12.000000;2016-02-08T05:29:12.000000;122080d7-add2-40b4-971c-9307301561ae;374.51;1.37481642;UNKNOWN
2016-02-08T05:29:57.000000;2016-02-08T05:29:57.000000;5c1c1574-cdf5-4e95-8f50-6fa363c3ab85;374.51;10.0;UNKNOWN
2016-02-08T05:30:00.000000;2016-02-08T05:30:00.000000;cf3f6045-221e-4b70-b046-c614ca189adb;374.51;10.0;UNKNOWN
2016-02-08T05:30:07.000000;2016-02-08T05:30:07.000000;99dd3314-c5e7-4049-be39-a0f6235fdb18;374.69;4.21459285;UNKNOWN
2016-02-08T05:36:15.000000;2016-02-08T05:36:15.000000;61f8293d-31ef-4563-b6b8-bd2119980732;374.75;5.0;UNKNOWN
2016-02-08T05:36:47.000000;2016-02-08T05:36:47.000000;3c3e2e2a-f03b-4e9e-8e85-9a98aef0f625;374.75;5.0;UNKNOWN
2016-02-08T05:38:05.000000;2016-02-08T05:38:05.000000;5a179b10-5730-438d-8470-d9b2b515206d;374.77;0.52678713;UNKNOWN
2016-02-08T05:40:38.000000;2016-02-08T05:40:38.000000;271d8d31-6e43-49dd-bddd-18dceee3dc58;374.57;2.0;UNKNOWN
2016-02-08T05:41:04.000000;2016-02-08T05:41:04.000000;5c515e6e-382d-45be-bed5-e72be3929268;374.56;1.52848785;UNKNOWN
2016-02-08T05:41:37.000000;2016-02-08T05:41:37.000000;99e1eb5d-7550-4e6d-8ea9-4845fb90064a;374.56;0.02084446;UNKNOWN
2016-02-08T05:48:46.000000;2016-02-08T05:48:46.000000;7ade26f5-4b4d-49ae-bada-c03b40ec7151;374.74;1.0;UNKNOWN
2016-02-08T05:48:52.000000;2016-02-08T05:48:52.000000;e4ba43a3-878e-43f2-8ec6-51a700a1e549;374.74;0.5685;UNKNOWN
2016-02-08T05:49:00.000000;2016-02-08T05:49:00.000000;e9983ed8-8143-4038-9b36-d0e83ac42162;374.59;0.0685;UNKNOWN
2016-02-08T05:49:00.000000;2016-02-08T05:49:00.000000;17cca29a-d7fb-4197-97b3-3c91e3d50725;374.75;0.4315;UNKNOWN
2016-02-08T05:49:03.000000;2016-02-08T05:49:03.000000;3bc615db-3ef6-4813-a032-313b37ab599d;374.76;5.0;UNKNOWN
2016-02-08T05:49:42.000000;2016-02-08T05:49:42.000000;51954589-8b5a-48f9-91bd-6eea2a7796af;374.76;0.02051497;UNKNOWN
2016-02-08T05:50:05.000000;2016-02-08T05:50:05.000000;044875ae-f713-4b3e-b1c1-d88b574b69e8;374.75;0.01;UNKNOWN
2016-02-08T05:50:12.000000;2016-02-08T05:50:12.000000;0281e1b2-603a-4e98-a318-76802a59614e;374.76;1.0;UNKNOWN
2016-02-08T05:50:17.000000;2016-02-08T05:50:17.000000;76b3496a-c30f-4e18-b5e7-56fec0ae87d7;374.75;0.01;UNKNOWN
2016-02-08T05:50:36.000000;2016-02-08T05:50:36.000000;798d0bb1-4075-4677-aa59-3867c0fa3ee0;374.75;0.01;UNKNOWN
2016-02-08T05:50:39.000000;2016-02-08T05:50:39.000000;8bb60658-017f-4e0d-a719-daf51674a4d6;374.76;1.0;UNKNOWN
2016-02-08T05:50:48.000000;2016-02-08T05:50:48.000000;723ded30-8065-435e-8d5a-be328a1892b4;374.76;0.97;UNKNOWN
2016-02-08T05:50:49.000000;2016-02-08T05:50:49.000000;36269f53-f5ce-4b26-892b-4e4c56a63035;374.75;0.01;UNKNOWN
2016-02-08T05:50:50.000000;2016-02-08T05:50:50.000000;2392a00a-03e6-4aa4-b8c2-b9f1940d786f;374.76;0.99;UNKNOWN
2016-02-08T05:51:16.000000;2016-02-08T05:51:16.000000;e65de22f-dd12-4542-943f-c9f690236186;374.75;0.01;UNKNOWN
2016-02-08T05:51:23.000000;2016-02-08T05:51:23.000000;452f3522-eca3-4599-83ee-94f717bbe95d;374.76;0.99;UNKNOWN
2016-02-08T05:51:27.000000;2016-02-08T05:51:27.000000;195e711e-58d1-44f6-924f-538c5302acc2;374.76;1.0;UNKNOWN
2016-02-08T05:51:35.000000;2016-02-08T05:51:35.000000;427051fa-6714-4210-a1cf-bccd322754e1;374.76;0.75;UNKNOWN
2016-02-08T05:51:41.000000;2016-02-08T05:51:41.000000;9c269a07-b7e3-4fbc-abb3-5032dae60e33;374.75;0.01;UNKNOWN
2016-02-08T05:52:29.000000;2016-02-08T05:52:29.000000;30be4aa7-38bd-48ea-92ee-097369d6bcb1;374.77;1.0;UNKNOWN
2016-02-08T05:52:32.000000;2016-02-08T05:52:32.000000;5abac76d-3163-405a-be8e-57e861289ac7;374.77;1.0;UNKNOWN
2016-02-08T05:52:35.000000;2016-02-08T05:52:35.000000;3b9e5303-ad90-4127-b428-e2dcf479ebb6;374.76;0.01;UNKNOWN
2016-02-08T05:52:52.000000;2016-02-08T05:52:52.000000;e663ad40-d481-4e63-8a1b-8aa1b8e02552;374.77;1.0;UNKNOWN
2016-02-08T05:52:56.000000;2016-02-08T05:52:56.000000;56a6b9e7-142c-461e-b70a-1c6142ac52b3;374.77;0.13690798;UNKNOWN
2016-02-08T05:52:56.000000;2016-02-08T05:52:56.000000;4001a8e9-0dc8-46ae-9082-84ae360b92d5;374.77;0.86309202;UNKNOWN
2016-02-08T05:52:57.000000;2016-02-08T05:52:57.000000;c12262dc-889f-49fc-9123-1f76987c4266;374.76;0.01;UNKNOWN
2016-02-08T05:53:02.000000;2016-02-08T05:53:02.000000;f4194a4c-ab37-4735-9043-046978ad5905;374.77;1.0;UNKNOWN
2016-02-08T05:53:11.000000;2016-02-08T05:53:11.000000;1fabbc18-603b-46d2-bbe9-e6bcfaec5857;374.76;0.01;UNKNOWN
2016-02-08T05:53:12.000000;2016-02-08T05:53:12.000000;47761aba-5fd2-46de-9c78-3b312daa04a3;374.77;1.0;UNKNOWN
2016-02-08T05:53:18.000000;2016-02-08T05:53:18.000000;e461de09-cd62-4f86-9188-54928101f116;374.76;0.01;UNKNOWN
2016-02-08T05:54:10.000000;2016-02-08T05:54:10.000000;a3d67d31-e766-426b-a0a5-d32a0b1b4cbc;374.77;1.0;UNKNOWN
2016-02-08T05:54:15.000000;2016-02-08T05:54:15.000000;b09a20fd-b407-487d-aabb-0af404519e00;374.76;0.01;UNKNOWN
2016-02-08T05:54:25.000000;2016-02-08T05:54:25.000000;6f230779-4177-4949-9881-f64af466f969;374.77;1.0;UNKNOWN
2016-02-08T05:54:32.000000;2016-02-08T05:54:32.000000;5b6756e4-c67d-4da3-99a6-73848d51d458;374.76;0.01;UNKNOWN
2016-02-08T05:54:40.000000;2016-02-08T05:54:40.000000;4b7bfed7-1de9-4c91-ac02-cdbdb31af69e;374.77;1.0;UNKNOWN
2016-02-08T05:54:44.000000;2016-02-08T05:54:44.000000;1b2da68c-8cc3-4b1f-b907-2feb04c38282;374.76;0.01;UNKNOWN
2016-02-08T05:54:56.000000;2016-02-08T05:54:56.000000;ed8e021d-72bb-46d1-b12c-63ed86e6ee02;374.77;1.0;UNKNOWN
2016-02-08T05:55:02.000000;2016-02-08T05:55:02.000000;73d9e968-aef5-4c95-8354-401e2e2d0c03;374.76;0.01;UNKNOWN
2016-02-08T05:55:35.000000;2016-02-08T05:55:35.000000;093cd892-05ec-445e-96a9-4cf856f8b2ec;374.77;1.0;UNKNOWN
2016-02-08T05:55:38.000000;2016-02-08T05:55:38.000000;30890c6e-a1b9-43c0-b5ac-6563f2a42336;374.76;0.01;UNKNOWN
2016-02-08T05:55:50.000000;2016-02-08T05:55:50.000000;1476a1f9-8187-46e4-a23f-84c98bc299ee;374.77;1.0;UNKNOWN
2016-02-08T05:56:21.000000;2016-02-08T05:56:21.000000;4994d3cf-f2d1-4fac-adcb-0d20a281f789;374.76;0.02;UNKNOWN
2016-02-08T05:56:34.000000;2016-02-08T05:56:34.000000;98f5aaa8-d08c-4c74-ab93-f4fc4cc35df0;374.77;1.0;UNKNOWN
2016-02-08T05:56:36.000000;2016-02-08T05:56:36.000000;65a396b1-c25e-4090-a72a-556370d99f57;374.76;0.01;UNKNOWN
2016-02-08T05:56:37.000000;2016-02-08T05:56:37.000000;d526e026-d893-4457-bd51-16bfbea8ba18;374.76;0.01;UNKNOWN
2016-02-08T05:56:39.000000;2016-02-08T05:56:39.000000;d5ffad6a-6169-4e3e-826f-b1fb36274625;374.77;1.0;UNKNOWN
2016-02-08T05:56:45.000000;2016-02-08T05:56:45.000000;8ce44e77-13f0-4855-99c7-51e29f6700a6;374.76;0.01;UNKNOWN
2016-02-08T05:56:56.000000;2016-02-08T05:56:56.000000;34b2077a-ac3e-4860-85b5-0dac2902cb85;374.77;1.0;UNKNOWN
2016-02-08T05:56:58.000000;2016-02-08T05:56:58.000000;c2968fb9-dfba-4256-822c-2a86e25b2016;374.76;0.01;UNKNOWN
2016-02-08T05:57:08.000000;2016-02-08T05:57:08.000000;7b8f7aa8-de47-42d7-b6b4-8c30a46ab1ee;374.77;1.0;UNKNOWN
2016-02-08T05:57:10.000000;2016-02-08T05:57:10.000000;556998c9-9800-44cd-89ec-4753086f0326;374.77;1.0;UNKNOWN
2016-02-08T05:57:12.000000;2016-02-08T05:57:12.000000;58566c20-6678-42a1-92d3-0f4fb1491d8f;374.76;0.07463856;UNKNOWN
2016-02-08T05:57:15.000000;2016-02-08T05:57:15.000000;5b72b65f-538b-4806-8790-e01898cae02e;374.76;0.01;UNKNOWN
2016-02-08T05:57:54.000000;2016-02-08T05:57:54.000000;52c1fec1-127e-4b0b-a4f6-dfa536d85327;374.79;1.0;UNKNOWN
2016-02-08T05:57:58.000000;2016-02-08T05:57:58.000000;d9b3855d-734d-4a5e-8858-81a203e74370;374.79;1.0;UNKNOWN
2016-02-08T05:57:58.000000;2016-02-08T05:57:58.000000;b1d336d0-9b39-419e-b75b-e2a080bb54ee;374.78;0.01;UNKNOWN
2016-02-08T05:58:00.000000;2016-02-08T05:58:00.000000;6cc22435-d4e8-4c78-a0db-091b93502f49;374.79;1.0;UNKNOWN
2016-02-08T05:58:02.000000;2016-02-08T05:58:02.000000;cec3f580-69bf-4176-952e-411408faf613;374.9;0.6679;UNKNOWN
2016-02-08T05:58:02.000000;2016-02-08T05:58:02.000000;9664936f-f76e-418a-9234-419a03e1235e;374.8;0.2621;UNKNOWN
2016-02-08T05:58:02.000000;2016-02-08T05:58:02.000000;2561a742-ec98-46a8-a97a-29ebc02b50bf;374.79;0.07;UNKNOWN
2016-02-08T05:58:09.000000;2016-02-08T05:58:09.000000;fff41016-b0ee-469b-b373-6a1782327733;374.78;0.01;UNKNOWN
2016-02-08T05:58:13.000000;2016-02-08T05:58:13.000000;36ace63a-44bc-4dc3-9537-d79a36fec97c;374.79;0.01;UNKNOWN
2016-02-08T05:58:51.000000;2016-02-08T05:58:51.000000;dac48257-12a0-4d38-8ef9-83a4631834e6;374.91;0.98;UNKNOWN
2016-02-08T05:58:55.000000;2016-02-08T05:58:55.000000;70871de8-d6d9-4692-90b8-4110e4e3f48b;374.91;1.0;UNKNOWN
2016-02-08T05:59:04.000000;2016-02-08T05:59:04.000000;fa306c0f-4642-4536-9868-7ebefd64e30e;374.98;2.34384741;UNKNOWN
2016-02-08T05:59:04.000000;2016-02-08T05:59:04.000000;5024f774-ae99-4383-a07b-d5ca28c66dde;374.97;6.5611;UNKNOWN
2016-02-08T05:59:04.000000;2016-02-08T05:59:04.000000;6fd3a1b9-2289-4af0-98c9-cd062a559735;374.95;0.2601;UNKNOWN
2016-02-08T05:59:04.000000;2016-02-08T05:59:04.000000;f96a0b98-9410-437d-995f-202deecd2827;374.91;1.88120263;UNKNOWN
2016-02-08T05:59:10.000000;2016-02-08T05:59:10.000000;956ba4de-37c2-4563-8d72-f45bd6c1bb9b;375.0;1.0;UNKNOWN
2016-02-08T05:59:10.000000;2016-02-08T05:59:10.000000;93208a9a-c3c3-48f4-939d-a7a0f8a7678d;375.0;0.29389106;UNKNOWN
2016-02-08T05:59:10.000000;2016-02-08T05:59:10.000000;452816b3-2cea-45cf-8375-02b53d58ad15;375.0;2.03427664;UNKNOWN
2016-02-08T05:59:14.000000;2016-02-08T05:59:14.000000;2bccef7a-bf14-43dd-b022-710398dc904c;374.99;2.98;UNKNOWN
2016-02-08T06:00:05.000000;2016-02-08T06:00:05.000000;0dd1dcb7-cb04-49cf-a733-989a0f160327;374.98;0.5;UNKNOWN
2016-02-08T06:00:05.000000;2016-02-08T06:00:05.000000;47c1ad7d-a0be-478b-ac0a-e2858c97b517;374.99;1.96295951;UNKNOWN
2016-02-08T06:00:06.000000;2016-02-08T06:00:06.000000;a8ca163f-947c-48df-b395-fccc0a57ec86;375.11;0.7206224;UNKNOWN
2016-02-08T06:00:06.000000;2016-02-08T06:00:06.000000;7d2bff64-6baa-4592-90a5-42e86637f861;375.11;12.48226835;UNKNOWN
2016-02-08T06:00:06.000000;2016-02-08T06:00:06.000000;ba84e147-0c32-4a5c-89ef-25cc0245887e;375.0;1.95274922;UNKNOWN
2016-02-08T06:00:06.000000;2016-02-08T06:00:06.000000;e4f80463-5d56-46a7-a1cc-391e378f86d0;375.15;0.01;UNKNOWN
2016-02-08T06:00:06.000000;2016-02-08T06:00:06.000000;8b79c631-a757-4b8a-af50-73f4bd82800e;375.0;25.96689183;UNKNOWN
2016-02-08T06:00:06.000000;2016-02-08T06:00:06.000000;aa131f0b-bbe3-44d1-a2e2-c270c17778a7;375.19;5.90759504;UNKNOWN
2016-02-08T06:00:06.000000;2016-02-08T06:00:06.000000;8829731a-3053-4c1b-9dfc-b683d6eead29;375.19;8.14251484;UNKNOWN
2016-02-08T06:00:06.000000;2016-02-08T06:00:06.000000;6a543a32-24f5-4e58-a50b-c4876015bf23;375.11;1.19300925;UNKNOWN
