time_exchange;time_coinpai;guid;price;base_amount;taker_side
2016-01-24T00:02:57.417000;2016-01-24T00:02:57.443000;fda75182-5952-4785-ae60-08dcd07638e7;387.5;0.02356405;BUY
2016-01-24T00:03:03.547000;2016-01-24T00:03:03.587000;212134e3-5f46-4f83-82fc-e5527b994a09;387.58;0.01;BUY
2016-01-24T00:03:41.743000;2016-01-24T00:03:41.773000;620f14d6-bfae-4296-83bd-063e5baf1f43;387.64;0.02;BUY
2016-01-24T00:03:41.743000;2016-01-24T00:03:41.790000;e315d104-0c8e-450c-8065-dfc6b6241c0f;387.65;0.05;BUY
2016-01-24T00:03:41.743000;2016-01-24T00:03:41.790000;35b4959e-442f-4728-93ed-b9b752ed8c7c;387.77;0.01;BUY
2016-01-24T00:03:41.743000;2016-01-24T00:03:41.790000;a631d8ad-0f89-4353-afc4-4d4ca7269f25;387.78;0.01;BUY
2016-01-24T00:03:41.743000;2016-01-24T00:03:41.790000;9f88c7e3-492e-443c-bdbe-5f0bd9e57e4e;387.86;0.01;BUY
2016-01-24T00:03:41.743000;2016-01-24T00:03:41.790000;4bcdff15-5ce9-4df7-9599-5e5a5cfbc361;387.88;0.3758;BUY
2016-01-24T00:03:41.743000;2016-01-24T00:03:41.803000;537ffe20-7532-4a9f-9d2d-f177ef282d0c;387.91;0.25;BUY
2016-01-24T00:03:41.743000;2016-01-24T00:03:41.803000;aa0ca0ab-ef25-47c9-9efb-be54455a4b63;388.0;0.05;BUY
2016-01-24T00:03:41.743000;2016-01-24T00:03:41.803000;d98e1454-d59e-4ac5-b8a2-ac962cc1909f;388.0;0.05;BUY
2016-01-24T00:03:41.743000;2016-01-24T00:03:41.803000;9a440d7d-1ff6-4e89-82f2-e4f992f8732d;388.0;0.01;BUY
2016-01-24T00:03:41.743000;2016-01-24T00:03:41.803000;01e111d8-819b-4709-967b-a13b02d92ab6;388.03;0.01;BUY
2016-01-24T00:03:41.747000;2016-01-24T00:03:41.803000;f9d23f1e-ab47-4a41-9737-50818752a139;388.04;0.104;BUY
2016-01-24T00:03:56.853000;2016-01-24T00:03:56.883000;d065f359-7ade-4a41-a3a7-8fbf8a11818b;388.08;0.1920448;BUY
2016-01-24T00:03:56.853000;2016-01-24T00:03:56.897000;e37cb778-359e-4ecf-9531-515985b2b38d;388.08;0.02880672;BUY
2016-01-24T00:03:56.853000;2016-01-24T00:03:56.913000;b65f8438-9111-4d65-aa75-f048b317d8a4;388.09;0.27914848;BUY
2016-01-24T00:05:02.337000;2016-01-24T00:05:02.367000;2394a13c-108b-47b6-b7a0-2fb52c8de41d;388.09;0.01;SELL
2016-01-24T00:06:02.920000;2016-01-24T00:06:02.960000;5c9b13cc-4cd8-40b7-a516-4d087e8445ef;388.09;0.01;SELL
2016-01-24T00:06:20.793000;2016-01-24T00:06:20.820000;55cf72ac-80f4-49f5-9a4d-862b7e673d44;388.1;0.02;BUY
2016-01-24T00:06:20.793000;2016-01-24T00:06:20.837000;369e7a10-03ce-46b0-93c4-6e76d2967258;388.1;0.03200602;BUY
2016-01-24T00:06:29.380000;2016-01-24T00:06:29.397000;5e39d05c-2040-4a5c-afab-b6259f54b67e;388.1;2.84679398;BUY
2016-01-24T00:06:29.380000;2016-01-24T00:06:29.413000;4b0279b0-80f0-45ab-9493-ad68d9ca2951;388.11;0.01;BUY
2016-01-24T00:06:29.380000;2016-01-24T00:06:29.413000;860c6a88-31e4-4cca-9438-37d917b333c2;388.11;2.5;BUY
2016-01-24T00:06:29.380000;2016-01-24T00:06:29.430000;aaa0d7c9-5de0-4430-94cd-6690c29fa20e;388.12;0.01;BUY
2016-01-24T00:06:29.380000;2016-01-24T00:06:29.430000;696818ad-c4f8-42eb-aa92-2239c7e9b9ef;388.14;0.02;BUY
2016-01-24T00:06:29.380000;2016-01-24T00:06:29.430000;34e1e7ed-5f95-479c-a7ba-37093dacd863;388.15;0.01;BUY
2016-01-24T00:06:38.683000;2016-01-24T00:06:38.710000;dd32f070-3663-4f6e-984c-c11b63211dda;388.24;0.01;BUY
2016-01-24T00:06:38.683000;2016-01-24T00:06:38.727000;d1284878-e4a7-41ca-9e8e-33fd08a8e5e6;388.24;0.04092358;BUY
2016-01-24T00:06:52.180000;2016-01-24T00:06:52.210000;1b3bf75c-9ca1-40cb-b76a-05100e90cde3;388.24;0.28907642;BUY
2016-01-24T00:06:52.180000;2016-01-24T00:06:52.227000;5f277cf5-be79-4530-8ebd-c7782e5250e4;388.25;0.05;BUY
2016-01-24T00:06:52.180000;2016-01-24T00:06:52.227000;a5e72229-66b1-43d1-936f-640f66a2b279;388.3;0.37947014;BUY
2016-01-24T00:06:52.180000;2016-01-24T00:06:52.227000;c5e9e18f-8488-41f2-8101-25312d815c3d;388.33;0.094;BUY
2016-01-24T00:06:52.180000;2016-01-24T00:06:52.227000;bca29564-fe58-45f8-baa7-0dbd6d1927ff;388.35;0.01;BUY
2016-01-24T00:06:52.180000;2016-01-24T00:06:52.243000;366126c0-28c7-4c77-b6b5-273a39027136;388.4;4.17745344;BUY
2016-01-24T00:07:02.417000;2016-01-24T00:07:02.460000;69cc6256-6cb7-4365-becc-0d3b0c375303;388.23;0.01;SELL
2016-01-24T00:08:02.527000;2016-01-24T00:08:02.553000;54d67056-920f-4fb6-ba26-e90bb08015da;388.23;0.01;SELL
2016-01-24T00:09:02.413000;2016-01-24T00:09:02.443000;60758011-1755-4f80-b7ba-a82ce27dd18d;388.11;0.01;SELL
2016-01-24T00:10:02.463000;2016-01-24T00:10:02.477000;adfc4cd7-350e-49b5-9ace-43bb6e0ef868;388.12;0.01;SELL
2016-01-24T00:10:06.717000;2016-01-24T00:10:06.743000;89220d63-21f4-4b69-9692-173658bfcdac;388.11;0.09;SELL
2016-01-24T00:10:09.613000;2016-01-24T00:10:09.647000;ff3944c3-6d62-48d6-bc09-5935649e63af;388.1;0.91;BUY
2016-01-24T00:11:02.410000;2016-01-24T00:11:02.430000;a7eb1fb2-0948-4779-9de8-28ce13309d8f;388.07;0.01;SELL
2016-01-24T00:12:02.160000;2016-01-24T00:12:02.180000;49a4b35a-a9c5-48dc-9ecc-e65a98e86c35;388.0;0.01;SELL
2016-01-24T00:13:01.143000;2016-01-24T00:13:01.180000;964cb4d6-7ad2-4f4c-8252-18795097784d;388.0;0.005;SELL
2016-01-24T00:13:01.143000;2016-01-24T00:13:01.197000;c19d07a4-8e85-48ce-a022-bc0b2a3c287e;388.0;0.192;SELL
2016-01-24T00:13:01.143000;2016-01-24T00:13:01.197000;b00f48a9-e96e-4d3f-af18-762336e16d34;387.93;0.72;SELL
2016-01-24T00:13:01.143000;2016-01-24T00:13:01.197000;0f96a538-8607-423a-9e15-f417f7a218cd;387.91;0.01;SELL
2016-01-24T00:13:01.143000;2016-01-24T00:13:01.197000;8ca1aaf0-760c-4d85-ae80-f6002abb947e;387.73;0.01;SELL
2016-01-24T00:13:01.143000;2016-01-24T00:13:01.197000;30ac9e62-7532-4362-82df-b97697dc2393;387.62;0.257;SELL
2016-01-24T00:13:01.143000;2016-01-24T00:13:01.197000;ad213fd2-db08-4ab0-a673-1e5ce2f62de5;387.58;0.203;SELL
2016-01-24T00:13:01.167000;2016-01-24T00:13:01.210000;00c6848b-6b3f-4c24-9043-06d7b0a40ee0;387.53;0.01;SELL
2016-01-24T00:13:01.167000;2016-01-24T00:13:01.210000;0030453c-3fc9-4f8e-b54c-77169d997f29;387.49;0.393;SELL
2016-01-24T00:20:40.463000;2016-01-24T00:20:40.483000;c1ebcace-8109-42a2-86a5-2c8c5b3e6807;387.66;0.02573147;BUY
2016-01-24T00:27:24.590000;2016-01-24T00:27:24.593000;1c901621-d9a6-4e2c-84d6-a49d65168f12;387.66;0.15438883;BUY
2016-01-24T00:33:25.247000;2016-01-24T00:33:25.283000;1b15a5cf-6557-4d25-81fa-dfc8bcd5b49c;387.65;0.01;SELL
2016-01-24T00:33:25.247000;2016-01-24T00:33:25.317000;0df81eed-5d5e-4294-82d9-45c709eb2231;387.65;0.3;SELL
2016-01-24T00:33:25.247000;2016-01-24T00:33:25.317000;79348863-05db-4d92-9e12-83c6067daa4e;387.65;1.32;SELL
2016-01-24T00:43:09.967000;2016-01-24T00:43:09.987000;6d1a28f5-0f9d-4b57-8230-06b4d59b2b15;387.65;0.01;SELL
2016-01-24T00:43:11.950000;2016-01-24T00:43:11.973000;929868cd-36da-42fc-b7f2-f4af16034088;387.65;0.01;SELL
2016-01-24T00:45:03.350000;2016-01-24T00:45:03.403000;58692b91-f55f-4c4d-a59d-494de0519f70;387.66;0.28;BUY
2016-01-24T00:46:02.683000;2016-01-24T00:46:02.713000;72824cd1-4312-47e1-b2f8-e89f006bbefd;387.66;0.06042644;BUY
2016-01-24T00:48:21.513000;2016-01-24T00:48:21.543000;c3917058-5697-4b88-8d5f-b9d611de4824;387.83;0.01;BUY
2016-01-24T00:48:32.487000;2016-01-24T00:48:32.527000;4c165373-2bb4-424b-95c6-07a7dd7b8823;387.97;0.22;BUY
2016-01-24T00:48:34.763000;2016-01-24T00:48:34.793000;4a3fd270-b25f-4374-be31-33395c59818a;388.01;0.01;BUY
2016-01-24T00:55:55.143000;2016-01-24T00:55:55.153000;859337d3-9d5b-4ad4-b482-15e196846a18;388.17;0.0882726;BUY
2016-01-24T00:55:55.143000;2016-01-24T00:55:55.170000;0412b3f1-23e0-44c2-800d-1004a976c6e3;388.21;0.01;BUY
2016-01-24T00:55:55.143000;2016-01-24T00:55:55.170000;b8a8bec9-7176-4703-b9ae-17b2b452430e;388.3;0.01;BUY
2016-01-24T00:55:55.143000;2016-01-24T00:55:55.170000;1435296d-a55b-4e31-91c9-cce55fadb5f4;388.34;0.0450874;BUY
2016-01-24T00:56:40.187000;2016-01-24T00:56:40.200000;b0009364-f20f-4c88-ab0b-12248e025403;388.39;0.01;BUY
2016-01-24T00:56:40.187000;2016-01-24T00:56:40.217000;c4a13e1e-8015-4c27-bb3a-c0fbcd37d193;388.5;0.05;BUY
2016-01-24T00:56:40.190000;2016-01-24T00:56:40.217000;4df39bcd-bd69-46a9-ba74-24a1925b6f82;388.5;0.03156405;BUY
2016-01-24T00:56:40.190000;2016-01-24T00:56:40.217000;c44569b6-9747-4998-8da1-c32b4e989ed3;388.52;0.00843595;BUY
2016-01-24T00:58:10.697000;2016-01-24T00:58:10.700000;a43dd799-60df-45f7-948f-e2b4c3ecd490;388.52;0.00156405;BUY
2016-01-24T00:58:13.133000;2016-01-24T00:58:13.137000;ba5fe802-5f93-4165-86a3-c669dd1eda6e;388.53;0.01;BUY
2016-01-24T00:58:15.393000;2016-01-24T00:58:15.420000;ee9464e6-cebf-46ca-a1ef-47e00a53a344;388.55;0.01;BUY
2016-01-24T00:58:15.393000;2016-01-24T00:58:15.420000;e643d480-62ae-4b52-b64d-dca7884d759f;388.56;0.02;BUY
2016-01-24T00:58:17.547000;2016-01-24T00:58:17.560000;0a06e990-cd04-4772-b612-aa44071fcbde;388.57;0.01;BUY
2016-01-24T00:58:26.897000;2016-01-24T00:58:26.903000;ea58b508-1cc8-44c4-94d6-5466c7b4ffbc;388.62;0.01;BUY
2016-01-24T00:58:47.250000;2016-01-24T00:58:47.263000;b9a56d63-e2b1-48e9-b199-ac7cabf166d4;388.72;0.9585;BUY
2016-01-24T00:58:47.250000;2016-01-24T00:58:47.263000;06d23734-6f68-4f2d-b7fb-6613da67a74b;388.75;0.01;BUY
2016-01-24T00:58:47.250000;2016-01-24T00:58:47.263000;c10f7b8d-b998-47c1-9a39-d113ef9f09d8;388.75;0.05;BUY
2016-01-24T01:01:05.810000;2016-01-24T01:01:05.853000;91845c6d-b36c-4857-8906-797b9700eb22;388.83;0.01;BUY
2016-01-24T01:01:13.757000;2016-01-24T01:01:13.807000;5be25901-0b43-4144-b7a2-03ad895e172c;388.92;0.4135;BUY
2016-01-24T01:01:13.757000;2016-01-24T01:01:13.807000;c8d02717-7e67-4f44-b305-9d3a00ba047a;388.95;0.01;BUY
2016-01-24T01:01:13.757000;2016-01-24T01:01:13.807000;dc742632-6255-4713-b999-d40c0bf3862f;389.0;0.05;BUY
2016-01-24T01:01:13.760000;2016-01-24T01:01:13.807000;cdaba04f-ede3-4388-86b6-23b51bab580f;389.0;0.01;BUY
2016-01-24T01:01:23.163000;2016-01-24T01:01:23.197000;06709969-926a-408d-b5b3-e7a2f90d507c;389.02;0.02;BUY
2016-01-24T01:01:31.817000;2016-01-24T01:01:31.870000;563507e8-ff00-4fdf-bd56-840f3c8f51dc;389.17;0.01;BUY
2016-01-24T01:01:31.820000;2016-01-24T01:01:31.870000;b49a7614-0c5e-4301-9333-29dcab5e9c71;389.2;0.01;BUY
2016-01-24T01:01:34.100000;2016-01-24T01:01:34.150000;d4ba91bd-bc97-4da6-9667-6e64dcc1addc;389.25;0.05;BUY
2016-01-24T01:01:34.100000;2016-01-24T01:01:34.150000;7f0bac72-0d44-439c-8c65-7d6fffbc85fc;389.37;0.01;BUY
2016-01-24T01:01:34.100000;2016-01-24T01:01:34.150000;70ba57ff-7470-44e6-90cc-c7ece1fc164c;389.48;0.02;BUY
2016-01-24T01:01:34.100000;2016-01-24T01:01:34.150000;3081b59d-0813-42fc-bb20-5efcba1c64b3;389.48;0.122;BUY
2016-01-24T01:01:34.100000;2016-01-24T01:01:34.167000;61545e79-3849-47b8-8b1f-6dbdb5873302;389.5;0.05;BUY
2016-01-24T01:01:34.100000;2016-01-24T01:01:34.167000;9377fd42-89d1-449c-908f-8719a7ba9853;389.5;0.03155361;BUY
2016-01-24T01:01:34.100000;2016-01-24T01:01:34.197000;a6d79ead-ae5f-46fb-b907-e6031ffffb2c;389.53;0.01;BUY
2016-01-24T01:01:34.100000;2016-01-24T01:01:34.197000;5b8b59c2-bd9a-4db2-9844-ab6efeed26f1;389.56;0.01;BUY
2016-01-24T01:01:34.100000;2016-01-24T01:01:34.197000;8df2bff7-b3c9-49c9-8b79-7f2849ae25f8;389.63;0.06;BUY
2016-01-24T01:01:34.100000;2016-01-24T01:01:34.197000;b241473d-d73c-4178-aa51-349b614ee238;389.7;0.01;BUY
2016-01-24T01:01:37.293000;2016-01-24T01:01:37.337000;7c174b3c-1084-49bb-88ae-b6654767431c;389.77;0.01;BUY
2016-01-24T01:01:39.563000;2016-01-24T01:01:39.620000;c41ea77e-70ff-4454-8949-6a2649692379;389.86;0.01;BUY
2016-01-24T01:01:39.563000;2016-01-24T01:01:39.620000;0d9edc69-d053-497e-84b7-f6649e7ca64c;389.87;0.01;BUY
2016-01-24T01:01:41.887000;2016-01-24T01:01:41.933000;fec22b56-6a27-4fd9-a42c-dc26fc6ade54;389.89;0.01368789;BUY
2016-01-24T01:01:41.887000;2016-01-24T01:01:41.933000;c907ba3f-eca9-4c2c-a22c-9a5c42795c47;389.94;0.02;BUY
2016-01-24T01:01:41.890000;2016-01-24T01:01:41.947000;634bd93b-047d-45d0-afbb-d35b881fb5f1;389.99;0.01;BUY
2016-01-24T01:01:41.890000;2016-01-24T01:01:41.947000;3147599c-6032-4fe6-88fa-b18ca30c540c;390.0;0.859;BUY
2016-01-24T01:01:41.890000;2016-01-24T01:01:41.947000;b16e27f7-4c31-45bd-8f9f-e4025083629d;390.0;0.05;BUY
2016-01-24T01:01:41.890000;2016-01-24T01:01:41.947000;f0fb4dd1-d0e0-4c60-9931-801f2c85d298;390.0;0.01002;BUY
2016-01-24T01:01:41.890000;2016-01-24T01:01:41.947000;2ed21990-ef1c-4b1a-8c41-732fafa11bb2;390.0;0.5;BUY
2016-01-24T01:01:41.890000;2016-01-24T01:01:41.947000;f4163813-d9b7-4357-b687-a9dce57c2aa3;390.0;0.05;BUY
2016-01-24T01:01:41.890000;2016-01-24T01:01:41.947000;0f2ce840-247c-497e-bbc0-075b3047554d;390.0;0.25;BUY
2016-01-24T01:01:41.890000;2016-01-24T01:01:41.947000;b482c30b-8aa3-4c95-a7c5-88baca5a512f;390.0;0.01;BUY
2016-01-24T01:01:41.890000;2016-01-24T01:01:41.980000;a3238da3-d1ae-400d-a17b-4bc2ec6d8f33;390.01;2.5;BUY
2016-01-24T01:02:02.037000;2016-01-24T01:02:02.073000;436c7de6-9c0b-4aad-bd81-ba3be01df54a;390.06;0.01;SELL
2016-01-24T01:03:02.397000;2016-01-24T01:03:02.433000;2b635010-5d1b-4a22-8255-13d62324d03b;390.06;0.01;SELL
2016-01-24T01:04:02.333000;2016-01-24T01:04:02.370000;ef914ed3-79b5-47db-943f-865000b2edd3;390.06;0.01;SELL
2016-01-24T01:05:02.180000;2016-01-24T01:05:02.213000;f960fc5a-1a43-4289-9bb0-c3c2b9067dad;390.06;2.41740904;SELL
2016-01-24T01:05:04.953000;2016-01-24T01:05:04.993000;07bf6c94-8375-49a5-be5e-4d9ecec6a209;390.06;0.01;SELL
2016-01-24T01:06:02.600000;2016-01-24T01:06:02.637000;49977330-141d-460e-a47e-e19d5d1a5c67;390.06;0.01;SELL
2016-01-24T01:07:03.130000;2016-01-24T01:07:03.150000;bc13b87a-38b9-41e7-8df3-bb88a3529de4;390.06;0.01;SELL
2016-01-24T01:08:03.183000;2016-01-24T01:08:03.213000;aa7b9826-af41-434d-a593-bbb2c2e52aa3;390.06;0.01;SELL
2016-01-24T01:09:03.917000;2016-01-24T01:09:03.933000;13091214-6525-452f-9914-0f7c91272438;390.06;0.01;SELL
2016-01-24T01:10:02.793000;2016-01-24T01:10:02.807000;f9e431f2-7b76-43ea-a798-c69e99d66cc9;390.06;0.01;SELL
2016-01-24T01:11:01.970000;2016-01-24T01:11:01.980000;046f1023-7eff-4bf4-b0e9-534b1ec81917;390.05;0.01;SELL
2016-01-24T01:11:14.713000;2016-01-24T01:11:14.730000;704de52d-a1e7-4b31-889a-a0fa52ac5181;390.06;0.514;BUY
2016-01-24T01:11:14.713000;2016-01-24T01:11:14.743000;098ff47a-0adf-41cc-bb42-ec3c45f985e0;390.06;0.456;BUY
2016-01-24T01:12:02.913000;2016-01-24T01:12:02.933000;6b034415-4815-4025-ab7a-63aaf1d28312;390.0;0.01;SELL
2016-01-24T01:13:02.330000;2016-01-24T01:13:02.340000;cce9bc42-da1d-42c7-a19b-6148567b1a44;390.0;0.005;SELL
2016-01-24T01:13:02.450000;2016-01-24T01:13:02.463000;54d306b5-d594-4292-b651-d23d2d43eedf;390.0;0.005;BUY
2016-01-24T01:13:02.450000;2016-01-24T01:13:02.480000;f9b7e59f-c5fb-4e0d-b573-3bc47c181ba4;390.01;0.249;BUY
2016-01-24T01:13:27.353000;2016-01-24T01:13:27.370000;433bdf3b-84e2-42f4-8004-1ab439fa9de2;389.95;0.01;SELL
2016-01-24T01:13:42.787000;2016-01-24T01:13:42.793000;5fc50870-31b4-4676-8062-22f86c09228c;389.94;0.01;SELL
2016-01-24T01:14:03.367000;2016-01-24T01:14:03.370000;6c2086f5-c967-4a99-8826-c32d371c7cd4;389.67;0.01;SELL
2016-01-24T01:14:20.887000;2016-01-24T01:14:20.930000;dcfadf13-a288-477a-b218-47152c88ba95;389.66;0.01;SELL
2016-01-24T01:15:02.023000;2016-01-24T01:15:02.053000;7d30465c-44bf-461a-ba56-a29e41970a4d;389.65;0.40310295;BUY
2016-01-24T01:15:56.350000;2016-01-24T01:15:56.383000;fd81a589-b188-4d9c-bf9b-14ed7e66dad3;389.54;1.685;BUY
2016-01-24T01:15:56.350000;2016-01-24T01:15:56.383000;8633b84b-d7a1-4fe8-85e6-85bd953a7a2a;389.54;0.7824;BUY
2016-01-24T01:16:42.413000;2016-01-24T01:16:42.443000;6a0fe3aa-ea33-40cc-bb3e-5c3d2138a163;389.54;0.21;BUY
2016-01-24T01:16:42.413000;2016-01-24T01:16:42.460000;18e404da-ac36-49ac-bde0-79f78b294528;389.54;1.649;BUY
2016-01-24T01:16:42.413000;2016-01-24T01:16:42.460000;f447b604-4cb4-430b-a540-a6a36ffa84a7;389.58;22.88;BUY
2016-01-24T01:16:42.417000;2016-01-24T01:16:42.460000;d402b774-d079-4586-9054-663d20fb07b5;389.59;1.706;BUY
2016-01-24T01:16:42.417000;2016-01-24T01:16:42.460000;3cc4593f-33ab-42b3-9118-0d41a41df443;389.63;2.08;BUY
2016-01-24T01:16:42.417000;2016-01-24T01:16:42.553000;4ca0bdf9-345f-4a19-bfe5-4fcc21ebe951;389.64;1.702;BUY
2016-01-24T01:16:42.417000;2016-01-24T01:16:42.553000;1ef4284b-34fa-4a74-8318-8196427999df;389.69;1.684;BUY
2016-01-24T01:16:42.417000;2016-01-24T01:16:42.553000;167f8e39-0090-45e8-95c7-0fe08ae6f316;389.73;1.76;BUY
2016-01-24T01:16:42.417000;2016-01-24T01:16:42.553000;73a0c7d5-4e0f-40a5-92d1-acd0e648bcc5;389.74;1.683;BUY
2016-01-24T01:16:42.417000;2016-01-24T01:16:42.553000;e47b9b50-6039-4e6c-b8f8-70d94ee8eaa5;389.78;2.56;BUY
2016-01-24T01:16:42.417000;2016-01-24T01:16:42.553000;80d7a6c9-8481-4ed7-96c3-91887eaf5cdd;389.79;1.613;BUY
2016-01-24T01:16:42.417000;2016-01-24T01:16:42.553000;a4c2035c-0b16-42c2-abeb-c94d41296e6e;389.83;3.2;BUY
2016-01-24T01:16:42.417000;2016-01-24T01:16:42.553000;6f1e549a-03fa-432f-b4c7-f7e0c544cc32;389.84;1.637;BUY
2016-01-24T01:16:42.417000;2016-01-24T01:16:42.553000;7fc53a26-d217-4e1a-9d20-e63dc627b355;389.85;0.01;BUY
2016-01-24T01:16:42.417000;2016-01-24T01:16:42.553000;9a31ec4e-3de9-4606-8a5f-a1aede7e28d1;389.88;1.6;BUY
2016-01-24T01:16:42.417000;2016-01-24T01:16:42.553000;5cbb03da-2f42-4177-9483-3172667c7e23;389.89;1.594;BUY
2016-01-24T01:16:42.417000;2016-01-24T01:16:42.553000;c40c24ff-a9ed-4131-9588-440a892bee82;389.94;1.594;BUY
2016-01-24T01:16:42.417000;2016-01-24T01:16:42.553000;17a1a2ad-6e02-4e8f-b9ff-36ca15f3c72f;389.98;0.838;BUY
2016-01-24T01:16:45.577000;2016-01-24T01:16:45.600000;a8e94273-2fa6-49e4-ad07-9ed3b8c47b16;389.57;0.37;SELL
2016-01-24T01:16:45.577000;2016-01-24T01:16:45.617000;42a2f9ec-ba0a-4b39-8d0e-1a28b517d843;389.56;0.01;SELL
2016-01-24T01:16:45.577000;2016-01-24T01:16:45.617000;ab9acc50-c7f2-408c-9c87-0a3a19df001b;389.56;0.37;SELL
2016-01-24T01:17:32.050000;2016-01-24T01:17:32.087000;7a011d60-3b40-423a-98b9-f0a8eb0b5d8d;389.53;0.54;BUY
2016-01-24T01:17:32.050000;2016-01-24T01:17:32.100000;b9e7fb15-085f-4830-bd48-bbc2c6e303f3;389.53;0.15;BUY
2016-01-24T01:17:32.050000;2016-01-24T01:17:32.100000;44691255-c253-4131-8932-63d38015faae;389.53;8.73;BUY
2016-01-24T01:17:32.050000;2016-01-24T01:17:32.100000;50968254-f0a8-44f4-bb69-efa1e53dbbe4;389.54;4.18480904;BUY
2016-01-24T01:17:32.050000;2016-01-24T01:17:32.100000;a8d6b69b-7af2-4ed8-87ea-63db29ef8161;389.56;0.854;BUY
2016-01-24T01:17:32.050000;2016-01-24T01:17:32.117000;3e2a367a-56e9-46af-aaed-2e2176bde335;389.64;0.898;BUY
2016-01-24T01:17:32.050000;2016-01-24T01:17:32.117000;e18a7005-2e2a-4a54-bcc1-48f8a0704e19;389.74;0.01;BUY
2016-01-24T01:17:32.050000;2016-01-24T01:17:32.117000;6eb5fdee-a764-4549-8142-b67824b43387;389.98;1.92;BUY
2016-01-24T01:17:32.050000;2016-01-24T01:17:32.117000;49556bcb-68e4-4033-bf7c-5d169e518f91;389.99;1.635;BUY
2016-01-24T01:17:32.053000;2016-01-24T01:17:32.117000;c1226366-78a1-4563-af07-f503599df30b;390.0;0.01;BUY
2016-01-24T01:17:32.053000;2016-01-24T01:17:32.117000;d6322957-4d1e-4543-9dbe-b31de108e2aa;390.03;1.28;BUY
2016-01-24T01:17:32.053000;2016-01-24T01:17:32.117000;3de9aae5-b88b-49fd-8ed0-68f3d043acf6;390.04;1.603;BUY
2016-01-24T01:17:32.053000;2016-01-24T01:17:32.117000;f094d0f5-40d1-450f-864f-89cab603e8a5;390.06;1.92;BUY
2016-01-24T01:17:32.053000;2016-01-24T01:17:32.133000;81834122-1c21-437f-b038-abb0472f4ce7;390.07;0.166;BUY
2016-01-24T01:17:32.053000;2016-01-24T01:17:32.147000;e617fde6-dc6d-4236-91d1-57e0d028c52f;390.08;0.02746306;BUY
2016-01-24T01:17:32.053000;2016-01-24T01:17:32.147000;953a1e2a-afea-4c43-9b19-e95363c0dc62;390.08;0.16;BUY
2016-01-24T01:17:32.053000;2016-01-24T01:17:32.163000;36c7ca87-71a3-44c3-a38d-81aedb5bcc71;390.09;1.627;BUY
2016-01-24T01:17:32.053000;2016-01-24T01:17:32.180000;355e4134-5db4-4367-9f48-cbdce62b586d;390.1;0.25;BUY
2016-01-24T01:17:32.053000;2016-01-24T01:17:32.180000;96547696-8476-492e-8c15-0b6f050fe276;390.13;0.01;BUY
2016-01-24T01:17:32.053000;2016-01-24T01:17:32.180000;6d90a01c-6a82-40bb-8aac-57b5e87714de;390.13;0.01;BUY
2016-01-24T01:17:32.053000;2016-01-24T01:17:32.180000;ea4b0093-01bf-4c48-a6ca-2081d9716530;390.14;0.01;BUY
2016-01-24T01:17:32.053000;2016-01-24T01:17:32.180000;826e0b30-037a-4c52-864d-011419744f70;390.14;1.614;BUY
2016-01-24T01:17:32.053000;2016-01-24T01:17:32.180000;1dc68a90-cfbf-4b29-ab4c-0b5a1bd0bb4a;390.18;22.3907279;BUY
2016-01-24T01:23:58.010000;2016-01-24T01:23:58.023000;7b1e364a-91da-430a-8b4a-a477b01aa468;390.17;2.0;SELL
2016-01-24T01:25:13.103000;2016-01-24T01:25:13.117000;5db41a41-a4f7-4db3-ab86-31c4e76e18d5;390.18;0.17467832;BUY
2016-01-24T01:25:13.103000;2016-01-24T01:25:13.133000;4d586192-b752-4e2a-b764-82b3a0d70c7e;390.19;0.115;BUY
2016-01-24T01:25:13.103000;2016-01-24T01:25:13.133000;bbe4929e-7c90-4a6d-855f-b5fa36ce2b07;390.23;0.01;BUY
2016-01-24T01:25:13.103000;2016-01-24T01:25:13.133000;34d7fc85-55c4-45bb-ac55-ff92b616c119;390.24;0.37852618;BUY
2016-01-24T01:25:13.103000;2016-01-24T01:25:13.133000;366e29a9-6b0b-4aeb-86ab-140d523fb29e;390.24;0.103;BUY
2016-01-24T01:33:36.450000;2016-01-24T01:33:36.497000;3e8aab7c-7344-40d9-9c4b-96f6fc5882b1;390.29;0.32352;BUY
2016-01-24T01:44:21.450000;2016-01-24T01:44:21.467000;806af5ab-9632-4ac4-be70-1a7e41c91688;390.28;0.02;SELL
2016-01-24T01:44:21.453000;2016-01-24T01:44:21.483000;49b02f6a-c325-493d-afa1-51801d2eb2fd;390.28;5.8156754;SELL
2016-01-24T01:46:24.630000;2016-01-24T01:46:24.680000;e39250e7-00da-4a6f-ab31-3b8323d90951;390.28;1.23;SELL
2016-01-24T01:48:14.470000;2016-01-24T01:48:14.507000;096ee8e1-3642-4e55-9064-682886f4ccb9;390.28;0.1;SELL
2016-01-24T01:54:40.650000;2016-01-24T01:54:40.680000;7a51d5bf-9780-4f32-b9f8-53ec36c3e9b7;390.28;1.33897018;SELL
2016-01-24T01:54:41.740000;2016-01-24T01:54:41.757000;e4fbf256-f402-4f81-acd7-7dba1e7506f8;390.28;1.33897018;SELL
2016-01-24T01:54:42.030000;2016-01-24T01:54:42.053000;dec2ffb2-4c5a-42ef-86a8-d2775f7a1857;390.28;1.33897018;SELL
2016-01-24T01:54:42.307000;2016-01-24T01:54:42.383000;4fe2e72d-8ea4-4b5a-8032-91d73344e3b8;390.28;1.33897018;SELL
2016-01-24T01:54:43.280000;2016-01-24T01:54:43.303000;d84e12e0-ec1c-4895-8e77-efe5e1cf0677;390.28;1.33897018;SELL
2016-01-24T01:59:37.520000;2016-01-24T01:59:37.540000;778b207a-e46f-49b7-ac24-9ef1d385b718;390.28;10.768;SELL
2016-01-24T02:05:08.943000;2016-01-24T02:05:08.993000;c5aebd70-770d-48c7-97c2-1bd7cb91d1d8;390.28;0.3914737;SELL
2016-01-24T02:05:08.943000;2016-01-24T02:05:08.993000;fef2d243-7071-4cef-ba1a-d2e98463b943;390.28;10.4555263;SELL
2016-01-24T02:07:08.523000;2016-01-24T02:07:08.557000;7e931a2b-f83c-4f6b-a274-1c0e19907fd9;390.28;11.782;SELL
2016-01-24T02:13:08.140000;2016-01-24T02:13:08.150000;5a8c79f5-685d-473a-b71b-91fdbd0aab05;390.16;0.01;SELL
2016-01-24T02:13:30.650000;2016-01-24T02:13:30.667000;9e2fce00-844f-4acc-88be-5159de76ebfd;390.17;0.21;BUY
2016-01-24T02:13:30.650000;2016-01-24T02:13:30.683000;fecc4e60-38cf-4c2a-bcfb-6d4c53a7a971;390.17;2.0;BUY
2016-01-24T02:13:30.653000;2016-01-24T02:13:30.683000;625a0bc4-df65-49e9-a6c0-239f5eb62589;390.17;0.43;BUY
2016-01-24T02:13:30.653000;2016-01-24T02:13:30.683000;ece7cd0f-a77a-43b6-9362-05a499efe77b;390.2;2.49741;BUY
2016-01-24T02:20:22.950000;2016-01-24T02:20:22.983000;9671752e-9b04-4b09-bbd4-b62528a1c91b;390.16;0.35;SELL
2016-01-24T02:20:54.463000;2016-01-24T02:20:54.500000;320518a1-401f-42af-a14c-9dc1e8f4d88d;390.16;2.0;SELL
2016-01-24T02:22:52.683000;2016-01-24T02:22:52.733000;07a08e4d-12f7-4432-a3cb-68a66ab7de79;390.16;1.18;SELL
2016-01-24T02:24:51.567000;2016-01-24T02:24:51.593000;3c3cd1ce-5ec2-4b4f-8bb1-cce9c0bf1044;390.12;0.01;SELL
2016-01-24T02:25:24.727000;2016-01-24T02:25:24.750000;2f1f9304-06a1-42c3-b2ad-4359ad3fac6c;390.1;0.012875;SELL
2016-01-24T02:45:20.040000;2016-01-24T02:45:20.033000;92e00e05-ed0e-4758-8d8f-c07ef7d647a1;390.01;0.015;BUY
2016-01-24T02:45:25.310000;2016-01-24T02:45:25.300000;696fa12e-5a2b-4e39-a939-e981d7de35cf;390.01;0.241;BUY
2016-01-24T02:45:25.310000;2016-01-24T02:45:25.333000;00a108e4-24af-46f6-93e5-8f8523847f6d;390.01;0.258;BUY
2016-01-24T02:45:25.310000;2016-01-24T02:45:25.333000;73b4b2b8-36a6-4d07-a21b-d8627bb12152;390.01;0.066;BUY
2016-01-24T02:45:35.207000;2016-01-24T02:45:35.247000;eefd24e8-5609-4c31-ad33-dc132cc1fb95;390.14;2.0;SELL
2016-01-24T02:45:35.207000;2016-01-24T02:45:35.247000;d714d2c0-f8a4-4d67-85b4-2a682b6d4990;390.14;7.87659398;SELL
2016-01-24T02:45:57.007000;2016-01-24T02:45:57.043000;b252c16a-b80b-4aec-9b9a-9a1aa6bde5f1;390.15;0.088;BUY
2016-01-24T02:46:02.887000;2016-01-24T02:46:02.917000;62590d79-eea6-4e4e-bc57-ec73b0f4a554;390.2;0.01;BUY
2016-01-24T02:46:02.887000;2016-01-24T02:46:02.933000;35217589-cdb5-4c51-8af3-31fd270180f0;390.22;0.01;BUY
2016-01-24T02:46:02.887000;2016-01-24T02:46:02.933000;9dbb32ae-e6eb-4ff4-a1f2-c86e20514c95;390.22;0.01;BUY
2016-01-24T02:46:02.890000;2016-01-24T02:46:02.933000;c785e208-b510-4748-9247-965c497d4a34;390.22;0.01;BUY
2016-01-24T02:46:02.890000;2016-01-24T02:46:02.933000;22bd1bda-6383-4d48-87b2-5f861c547be2;390.23;0.01;BUY
2016-01-24T02:46:02.890000;2016-01-24T02:46:02.933000;5b5cc243-fae8-4fbb-8fdb-981929606365;390.23;0.01;BUY
2016-01-24T02:46:05.630000;2016-01-24T02:46:05.683000;9628793f-2a1b-430b-b276-4a77196da3b3;390.28;0.895;BUY
2016-01-24T02:46:05.630000;2016-01-24T02:46:05.683000;c3f324eb-13e7-4226-8c87-63f45950f157;390.29;1.80542502;BUY
2016-01-24T02:46:05.630000;2016-01-24T02:46:05.683000;cfef2dce-66c0-4e21-b0f3-6ea2d6c000d3;390.29;1.35;BUY
2016-01-24T02:46:05.630000;2016-01-24T02:46:05.683000;67d65b52-339a-4d79-b849-2768e910bf7d;390.29;4.91457498;BUY
2016-01-24T02:46:09.093000;2016-01-24T02:46:09.120000;06d7ebb1-f321-4de1-911e-3e3ae77f2b2a;390.29;0.08542502;BUY
2016-01-24T02:46:09.093000;2016-01-24T02:46:09.137000;c5ecde7b-64b5-4ef0-9f04-b4b1d008442b;390.3;0.01;BUY
2016-01-24T02:46:09.097000;2016-01-24T02:46:09.137000;08cef8b5-1d37-4437-83fd-38ab2390147b;390.33;1.33897018;BUY
2016-01-24T02:46:11.410000;2016-01-24T02:46:11.450000;4f0c9366-7189-4496-8d74-70d33e818206;390.4;0.02;BUY
2016-01-24T02:46:11.410000;2016-01-24T02:46:11.450000;2b3ed757-e517-4b80-9a94-dcc5dcfb4ad3;390.41;0.01;BUY
2016-01-24T02:46:11.410000;2016-01-24T02:46:11.450000;c9e8917c-b8dc-4148-a798-1292300a586d;390.42;0.01;BUY
2016-01-24T02:46:11.410000;2016-01-24T02:46:11.450000;c19208e2-1081-4b2f-ba84-9223e3531c5e;390.42;1.33897018;BUY
2016-01-24T02:46:13.733000;2016-01-24T02:46:13.777000;0b986c63-82e3-45ef-a7b8-190ef34cf2e5;390.45;0.01;BUY
2016-01-24T02:46:19.447000;2016-01-24T02:46:19.497000;607705dd-c31b-4b81-aa7a-703f56ac992a;390.5;0.03154725;BUY
2016-01-24T02:46:23.430000;2016-01-24T02:46:23.463000;d6d8c447-d001-459a-b96a-93be3749bcfc;390.51;1.33897018;BUY
2016-01-24T02:46:35.683000;2016-01-24T02:46:35.713000;be3b8fa3-ab1f-4fcd-bbe3-040343e859f5;390.54;0.01;BUY
2016-01-24T02:46:35.683000;2016-01-24T02:46:35.730000;dac49771-adea-4b4a-9d69-fd782dfbf514;390.59;1.33897018;BUY
2016-01-24T02:46:48.483000;2016-01-24T02:46:48.510000;deb7ffbf-fad5-44ec-830e-0ee092d8c9b7;390.61;0.01;BUY
2016-01-24T02:46:48.483000;2016-01-24T02:46:48.527000;2ceee3de-f34d-4f14-8ebe-7e891d8f4028;390.61;0.01;BUY
2016-01-24T02:52:28.737000;2016-01-24T02:52:28.763000;12c96d4d-650a-4c50-a37c-2fdaf84447be;390.64;0.01;BUY
2016-01-24T02:52:28.737000;2016-01-24T02:52:28.763000;a9523751-fe74-400f-a0a3-3e13299f7935;390.64;0.016025;BUY
2016-01-24T02:54:41.230000;2016-01-24T02:54:41.247000;ec3e1a6a-5c6a-4499-908b-662fb3e829fb;390.63;0.74;SELL
2016-01-24T02:54:41.230000;2016-01-24T02:54:41.263000;d98031b4-c0e6-491d-977e-47250b4d6914;390.63;0.90599962;SELL
2016-01-24T02:54:42.350000;2016-01-24T02:54:42.370000;e52916ce-3942-4795-86d4-67198a3157bf;390.56;0.72;SELL
2016-01-24T02:54:42.350000;2016-01-24T02:54:42.370000;251439e1-f1b3-4b57-9170-3981dcce41c1;390.55;0.015;SELL
2016-01-24T02:54:42.350000;2016-01-24T02:54:42.370000;7b4ce71c-5f1a-4db2-9caa-e158701be0bb;390.54;0.01;SELL
2016-01-24T02:54:42.350000;2016-01-24T02:54:42.370000;136190b8-8ab6-4b84-81df-ce37dc53eaa5;390.54;0.89;SELL
2016-01-24T02:54:42.350000;2016-01-24T02:54:42.370000;d4604c7e-a53f-426c-ac42-e36e95403b97;390.39;0.01099962;SELL
2016-01-24T02:57:03.817000;2016-01-24T02:57:03.823000;d0941ec7-d495-4111-9732-dd1a94460d45;390.4;0.01;SELL
2016-01-24T02:59:20.070000;2016-01-24T02:59:20.073000;9a9f09b6-18c1-406c-a193-0b624ce68ca7;390.33;0.01;SELL
2016-01-24T03:00:16.697000;2016-01-24T03:00:16.717000;30667ef8-1c4d-45fa-baf1-42e1d336b6fb;390.19;0.39;BUY
2016-01-24T03:01:19.050000;2016-01-24T03:01:19.107000;bfb241a9-3604-471f-b00f-f13e4a9882ae;390.1;0.01;SELL
2016-01-24T03:10:32.153000;2016-01-24T03:10:32.170000;1ca2d2df-c8fc-4387-9076-72812db11649;390.1;0.74;BUY
2016-01-24T03:10:32.153000;2016-01-24T03:10:32.187000;bcb075a2-c599-416b-b5ea-48ff94d46f21;390.1;0.26;BUY
2016-01-24T03:30:02.587000;2016-01-24T03:30:02.760000;d32b600d-0bc0-436c-8e82-7fd96952e8bb;390.09;0.01;SELL
2016-01-24T03:30:02.590000;2016-01-24T03:30:02.773000;edbbd599-8a48-4d23-85a6-59f7057957d5;390.09;0.39310295;SELL
2016-01-24T03:31:21.537000;2016-01-24T03:31:21.580000;ec9a75d8-a264-4a16-b135-f7003604ebfb;390.09;0.49525376;SELL
2016-01-24T03:50:00.460000;2016-01-24T03:50:00.490000;4c8555df-45a0-4935-b0bb-9a86ece9cebc;390.09;1.61164329;SELL
2016-01-24T03:50:00.463000;2016-01-24T03:50:00.503000;e79e707c-d75c-4384-ab01-5c464743ee66;390.09;0.01;SELL
2016-01-24T03:50:00.463000;2016-01-24T03:50:00.503000;765e2f3d-9b24-48fd-abaa-bd978efa0b43;390.09;0.054;SELL
2016-01-24T03:50:00.463000;2016-01-24T03:50:00.503000;cba97216-c591-49b0-ae66-435014b3e959;390.09;0.742;SELL
2016-01-24T03:50:00.463000;2016-01-24T03:50:00.503000;1045bc56-7109-42cc-a7ee-731862a06bd5;390.09;0.24985671;SELL
2016-01-24T03:52:49.363000;2016-01-24T03:52:49.393000;ef5c8f7f-b0f2-4169-b823-23a84bacfffd;390.09;1.29;SELL
2016-01-24T03:52:49.367000;2016-01-24T03:52:49.410000;2f811c19-1163-47a8-ac7d-d8a1f6c31360;390.09;0.353;SELL
2016-01-24T03:52:54.243000;2016-01-24T03:52:54.270000;5d9c7bb3-4885-444f-86fb-1e41f69b5a05;390.09;1.29;BUY
2016-01-24T03:52:56.883000;2016-01-24T03:52:56.910000;379343f1-2360-4e71-ac28-334e5ed90fdc;390.09;1.29;BUY
2016-01-24T03:53:05.497000;2016-01-24T03:53:05.537000;ac1e2ce8-b9b5-4069-a99b-b173e29844b8;390.08;0.125;SELL
2016-01-24T03:53:09.067000;2016-01-24T03:53:09.113000;cfd9fa8d-b580-47a2-879c-c800f7320fcf;390.08;0.25571944;BUY
2016-01-24T03:53:09.067000;2016-01-24T03:53:09.130000;8d7ed570-9330-44be-88bd-b5af36a570ae;390.08;0.5078288;BUY
2016-01-24T03:53:09.067000;2016-01-24T03:53:09.130000;e73f9963-d183-401b-b07c-56d0bd98df5e;390.08;0.14645176;BUY
2016-01-24T03:53:13.297000;2016-01-24T03:53:13.333000;942d897f-5f48-4d81-a49a-d5f1b151aa52;390.07;0.14;SELL
2016-01-24T03:53:28.027000;2016-01-24T03:53:28.067000;1c1c3404-5c57-425e-8f31-c11f47fe4532;390.07;0.91;BUY
2016-01-24T03:53:29.867000;2016-01-24T03:53:29.893000;4c9d3460-5ce3-4783-9f45-f5f403924c36;390.08;0.515;BUY
2016-01-24T03:53:31.990000;2016-01-24T03:53:32.020000;45b774ee-1eee-42bf-9a1a-ad330a53180e;390.09;0.395;SELL
2016-01-24T03:53:34.020000;2016-01-24T03:53:34.037000;2e03e2ff-7dc3-4bfc-8a0c-2fa762095756;390.07;0.91;BUY
2016-01-24T03:53:37.283000;2016-01-24T03:53:37.300000;f096b8c0-8da0-4ee4-b499-e14670bca853;390.09;0.91;SELL
2016-01-24T03:53:37.443000;2016-01-24T03:53:37.473000;ca4f20bd-215f-4a53-aa3b-38ef8f71308e;390.07;0.91;BUY
2016-01-24T03:53:47.883000;2016-01-24T03:53:47.910000;56778e0a-cf70-4600-b21d-e38c50e4fecb;390.08;0.91;BUY
2016-01-24T03:53:49.627000;2016-01-24T03:53:49.643000;5b15aea2-aecb-45ac-b9ea-a72894b2f3ea;390.08;0.5452;BUY
2016-01-24T03:53:49.627000;2016-01-24T03:53:49.660000;fa12368d-4bac-401e-9b1e-47fb0cef2069;390.09;0.3648;BUY
2016-01-24T03:54:45.877000;2016-01-24T03:54:45.893000;c3fe1ea1-9444-40d4-ae65-faf25df23d10;390.09;0.18;SELL
2016-01-24T03:54:45.877000;2016-01-24T03:54:45.910000;81a6181e-d426-4da0-8776-f8d066a71e99;390.07;0.107;SELL
2016-01-24T03:54:45.877000;2016-01-24T03:54:45.910000;5c077b22-16ec-499a-b45b-f646930d3dbc;390.06;0.01;SELL
2016-01-24T03:54:45.877000;2016-01-24T03:54:45.927000;ef7194a9-1e6d-454f-a4bb-79b6fcd7c9a6;390.05;0.015;SELL
2016-01-24T03:54:45.877000;2016-01-24T03:54:45.943000;89ed21ee-7535-45ee-be94-77d44781ac30;390.02;0.073;SELL
2016-01-24T03:54:45.877000;2016-01-24T03:54:46.003000;75d6747a-5405-4784-ac2d-f19d3f230458;389.98;0.2;SELL
2016-01-24T03:54:45.877000;2016-01-24T03:54:46.003000;d91f3717-a30b-46f3-90a4-10af90ad49cc;389.97;0.078;SELL
2016-01-24T03:54:45.880000;2016-01-24T03:54:46.003000;3d5c64bf-c53e-4156-b44e-b9576984ceec;389.96;0.01;SELL
2016-01-24T03:54:45.880000;2016-01-24T03:54:46.003000;52136f1a-8c9d-4a3d-8572-11c05396f60e;389.95;0.088;SELL
2016-01-24T03:54:45.880000;2016-01-24T03:54:46.003000;876a6053-e42d-4595-8e71-4594c1a39a14;389.9;0.076;SELL
2016-01-24T03:54:45.880000;2016-01-24T03:54:46.003000;b77e2a29-7437-40b9-8d2e-74881d65e34f;389.84;0.3846904;SELL
2016-01-24T03:54:46.853000;2016-01-24T03:54:46.880000;643d1b3a-855a-4fa2-bebf-7223db47d616;389.85;0.01;SELL
2016-01-24T03:54:47.187000;2016-01-24T03:54:47.223000;cba45a97-4967-4c6b-aeb6-95521c0ae316;389.78;0.19;BUY
2016-01-24T04:00:34.473000;2016-01-24T04:00:34.490000;93855cf0-0299-4d9f-8e15-672cc5b01944;389.74;0.16538936;BUY
2016-01-24T04:09:28.577000;2016-01-24T04:09:28.597000;79e76733-4e2f-4288-8e7b-abec98b044ab;389.73;0.01;SELL
2016-01-24T04:09:31.180000;2016-01-24T04:09:31.207000;800265d5-806c-46df-89a4-8309f16da278;389.69;0.01;SELL
2016-01-24T04:09:31.180000;2016-01-24T04:09:31.207000;5e8270a8-15de-4c30-806d-55ca0513fd1d;389.68;0.01;SELL
2016-01-24T04:09:38.710000;2016-01-24T04:09:38.737000;d110ad86-3437-4656-99a3-8ebd96e6f449;389.52;0.01;SELL
2016-01-24T04:09:41.530000;2016-01-24T04:09:41.550000;08112ffa-a8d4-45d9-96ca-77c4e65cf76d;389.5;0.015;SELL
2016-01-24T04:09:41.530000;2016-01-24T04:09:41.567000;90c208bb-3665-4e6b-a962-94ae315c1ef1;389.5;0.5917;SELL
2016-01-24T04:09:42.473000;2016-01-24T04:09:42.520000;9f64fe1b-1e77-431d-97fa-046f2f7d55d6;389.4;0.02;SELL
2016-01-24T04:09:42.473000;2016-01-24T04:09:42.520000;b75b3310-c574-4f4d-a661-558d537844a4;389.31;0.01;SELL
2016-01-24T04:09:42.473000;2016-01-24T04:09:42.520000;f1cfbd69-a8cd-4b6e-bec7-2974682367c1;389.31;0.123;SELL
2016-01-24T04:09:42.477000;2016-01-24T04:09:42.520000;6dd3dc9c-edf9-441f-b4ad-0233c7975ef8;389.27;0.086;SELL
2016-01-24T04:09:42.477000;2016-01-24T04:09:42.520000;625510bf-07c0-4a1f-a136-b3c6885456e5;389.22;0.114;SELL
2016-01-24T04:09:42.477000;2016-01-24T04:09:42.533000;cf26d5e6-51e1-4265-b18c-e172c09235e4;389.17;0.02873564;SELL
2016-01-24T04:10:37.023000;2016-01-24T04:10:37.050000;b5c1143a-9448-472b-9e10-de46c1a11f9d;389.16;0.086;SELL
2016-01-24T04:10:59.157000;2016-01-24T04:10:59.190000;5e85c354-f243-43c2-9ee4-97ea89f71fdb;389.15;0.19;BUY
2016-01-24T04:11:01.277000;2016-01-24T04:11:01.300000;1ce93676-bf06-4e91-bd48-8d24e3545cdb;389.15;0.17;BUY
2016-01-24T04:11:06.353000;2016-01-24T04:11:06.380000;824df046-17cd-4e99-b00b-90fd553a8f26;389.15;0.15;BUY
2016-01-24T04:11:08.253000;2016-01-24T04:11:08.283000;65bd95be-bbad-4d3d-8cde-99d755689f7c;389.15;0.13;BUY
2016-01-24T04:11:26.207000;2016-01-24T04:11:26.237000;224c2562-094d-47c9-9343-c298e92d06d9;389.15;0.124;BUY
2016-01-24T04:12:48.927000;2016-01-24T04:12:48.973000;43063300-a03b-41fa-9ff2-b44098bbc642;389.15;0.077;SELL
2016-01-24T04:12:48.927000;2016-01-24T04:12:48.973000;498d4241-b26c-419c-9638-4c4181805393;389.14;0.01;SELL
2016-01-24T04:12:48.927000;2016-01-24T04:12:48.973000;51e15d9d-4c14-456b-8ff0-276d3ca009be;389.1;0.099;SELL
2016-01-24T04:12:48.927000;2016-01-24T04:12:48.973000;e87a305a-346a-4118-8682-1b1f2adab158;389.05;0.08;SELL
2016-01-24T04:12:48.927000;2016-01-24T04:12:48.973000;93071dc4-5edd-4444-813b-6bb557af2cf7;389.03;0.9165;SELL
2016-01-24T04:12:48.927000;2016-01-24T04:12:48.973000;ad80b3d0-e17f-488e-8549-8ab14f2cf569;389.0;0.01;SELL
2016-01-24T04:12:48.927000;2016-01-24T04:12:48.973000;788e832a-bcec-4e99-8eea-3b0871ffdf3e;389.0;0.098;SELL
2016-01-24T04:12:48.927000;2016-01-24T04:12:48.973000;eb903fba-d5d3-44ac-b72a-e6c5fb3b160e;388.95;0.113;SELL
2016-01-24T04:12:48.927000;2016-01-24T04:12:48.987000;cadb8426-9941-49b5-81b1-ce75ee214def;388.93;0.02;SELL
2016-01-24T04:12:48.927000;2016-01-24T04:12:48.987000;54749128-b5ea-4110-9b28-2e968b9b939b;388.91;0.01;SELL
2016-01-24T04:12:48.930000;2016-01-24T04:12:48.987000;0a323347-29b0-4c44-8264-c07d0f6a976d;388.9;0.099;SELL
2016-01-24T04:12:48.930000;2016-01-24T04:12:48.987000;d1600a80-c3e0-4cdc-976b-219581d68030;388.85;0.119;SELL
2016-01-24T04:12:48.930000;2016-01-24T04:12:48.987000;60c777b4-ee0c-4f5c-9e5d-ef0a42035429;388.8;0.109;SELL
2016-01-24T04:12:48.930000;2016-01-24T04:12:48.987000;41597408-3dbf-49c7-a70a-7e87d7473938;388.75;0.084;SELL
2016-01-24T04:12:48.930000;2016-01-24T04:12:48.987000;a0407ac6-3c58-43cb-805e-8fc21b543591;388.7;0.125;SELL
2016-01-24T04:12:48.930000;2016-01-24T04:12:48.987000;4f2566f2-c6bc-4b46-b360-490bac4dd98b;388.68;0.01;SELL
2016-01-24T04:12:48.930000;2016-01-24T04:12:48.987000;88766f07-98f2-45cd-a937-18e7b8a6033f;388.65;0.04268756;SELL
2016-01-24T04:13:38.323000;2016-01-24T04:13:38.363000;772a9683-e943-44d5-8720-2270da3593bf;389.07;0.01;SELL
2016-01-24T04:13:38.323000;2016-01-24T04:13:38.363000;de51b2a5-ba40-47ba-908f-5f185c0098d1;389.06;0.01;SELL
2016-01-24T04:13:38.323000;2016-01-24T04:13:38.363000;917a9457-4be7-41d0-a76a-e9cfe1fb567b;389.06;0.03058752;SELL
2016-01-24T04:14:22.517000;2016-01-24T04:14:22.567000;ebd5ece2-5f23-4aa5-87e1-bc7a95c745a6;389.16;0.01;BUY
2016-01-24T04:17:36.897000;2016-01-24T04:17:36.940000;1fd84dca-ee40-4e50-9757-d2b04037ce98;389.18;0.01;BUY
2016-01-24T04:17:36.897000;2016-01-24T04:17:36.940000;f17605f4-b3aa-414e-be52-fea702be1b7b;389.24;0.01;BUY
2016-01-24T04:17:36.897000;2016-01-24T04:17:36.940000;0bb6ee24-42e2-4cb6-8a69-2c98fc449160;389.25;0.01;BUY
2016-01-24T04:17:36.897000;2016-01-24T04:17:36.940000;387e9dc2-dc0a-46e2-b9a6-cee7adab3a7f;389.3;0.10281975;BUY
2016-01-24T04:44:25.460000;2016-01-24T04:44:25.477000;0ee793fd-d178-43f0-9faf-32cb723706f1;389.29;0.01;SELL
2016-01-24T04:53:29.127000;2016-01-24T04:53:29.137000;3579507e-b93d-432f-bc84-a354792de072;389.29;1.45804158;BUY
2016-01-24T04:53:29.127000;2016-01-24T04:53:29.153000;da1b7931-7eaf-4c84-bce3-c4f5413984d3;389.29;0.11;BUY
2016-01-24T04:53:29.127000;2016-01-24T04:53:29.153000;c615624e-5c5e-4d6c-bafd-c224c30a8365;389.29;0.02;BUY
2016-01-24T04:53:29.127000;2016-01-24T04:53:29.153000;835c5418-1d3b-4bd0-aa0f-1ea56f057956;389.39;0.01;BUY
2016-01-24T04:53:29.127000;2016-01-24T04:53:29.153000;4fc3ef90-c7db-4d32-a79f-31303ede9007;389.52;0.402;BUY
2016-01-24T04:53:29.127000;2016-01-24T04:53:29.153000;0a0f031c-fa97-4b89-8f9b-9a2f2d52a76d;389.57;0.414;BUY
2016-01-24T04:53:29.127000;2016-01-24T04:53:29.200000;cf48691f-16d5-47ca-bd1e-ae1f862a3473;389.62;0.01;BUY
2016-01-24T04:53:29.127000;2016-01-24T04:53:29.213000;e9267d35-35a3-4bd4-9004-da033fd21195;389.62;0.374;BUY
2016-01-24T04:53:29.127000;2016-01-24T04:53:29.213000;11a604fe-0551-4775-8024-883391d7c2c0;389.67;0.426;BUY
2016-01-24T04:53:29.127000;2016-01-24T04:53:29.213000;9fcc190f-057d-444d-86b0-fd45b4f1bcc6;389.7;0.05897144;BUY
2016-01-24T04:54:13.443000;2016-01-24T04:54:13.450000;5fb9a826-130f-497e-a7a8-b6c86be0fd22;389.74;0.01;BUY
2016-01-24T04:54:13.443000;2016-01-24T04:54:13.463000;d63276fb-d354-4b2d-86e0-34533bbcd45c;389.74;0.271;BUY
2016-01-24T04:54:13.443000;2016-01-24T04:54:13.463000;f749dab1-096a-4da1-9ef5-1a9fad62c386;389.78;0.719;BUY
2016-01-24T04:54:48.280000;2016-01-24T04:54:48.293000;26d75bab-ac62-425c-9c3a-20f9fe1c915f;389.77;0.99813725;SELL
2016-01-24T04:54:48.663000;2016-01-24T04:54:48.667000;7ad66739-a765-40f6-a4cb-5bb8038ea2dd;389.77;0.99813725;SELL
2016-01-24T04:54:48.923000;2016-01-24T04:54:48.933000;965a4c40-46fe-40e7-88f7-e01d41dc401c;389.77;0.99813725;SELL
2016-01-24T04:54:49.180000;2016-01-24T04:54:49.200000;cac421ec-8a01-46cb-bc44-f3768a7af8b4;389.77;0.00558825;SELL
2016-01-24T04:54:49.180000;2016-01-24T04:54:49.200000;0fe8a930-5ed2-46cf-8328-abd3c1f6eb40;389.77;0.08;SELL
2016-01-24T04:54:49.180000;2016-01-24T04:54:49.200000;26d10964-1923-422a-8894-50a7b190d5a6;389.67;0.912549;SELL
2016-01-24T04:58:03.530000;2016-01-24T04:58:03.527000;8f20e771-2cde-47f5-bccc-703fe0276793;389.66;1.44;SELL
2016-01-24T04:58:03.530000;2016-01-24T04:58:03.543000;1e3ec5e8-0055-4151-88f0-55e9172b6610;389.65;0.661;SELL
2016-01-24T04:58:03.530000;2016-01-24T04:58:03.543000;6427ec6a-e0b0-4d85-b65d-1f80c2ff1550;389.64;2.4;SELL
2016-01-24T04:58:03.530000;2016-01-24T04:58:03.543000;04a41525-61ee-4e10-9226-8ff4f3822203;389.63;0.07;SELL
2016-01-24T04:58:03.530000;2016-01-24T04:58:03.543000;77e0256c-42d6-43dd-a01d-cc9591f9120e;389.57;8.0;SELL
2016-01-24T04:58:03.530000;2016-01-24T04:58:03.637000;d79e3986-5de4-40bb-acb7-a3a4e970347a;389.56;1.768;SELL
2016-01-24T04:58:03.530000;2016-01-24T04:58:03.637000;934ea590-77b4-4d5c-81a4-ad187b6c020a;389.53;8.32;SELL
2016-01-24T04:58:03.533000;2016-01-24T04:58:03.637000;65a9e860-f8fd-4d51-9c4d-d0a62b017f86;389.52;0.01;SELL
2016-01-24T04:58:03.533000;2016-01-24T04:58:03.637000;f26a8cee-0edc-4d02-a1bb-168a3d8dd38a;389.5;2.84726878;SELL
2016-01-24T05:06:06.890000;2016-01-24T05:06:06.923000;f7d687e1-a76d-48ab-a1f6-de9101e7aac3;389.73;0.99813725;BUY
2016-01-24T05:06:06.890000;2016-01-24T05:06:06.940000;9fbaf895-ba77-4193-a59e-932d014127ab;389.79;0.01;BUY
2016-01-24T05:06:12.473000;2016-01-24T05:06:12.503000;bfa42cdf-337e-4334-9055-ab68eabef155;389.82;0.99813725;BUY
2016-01-24T05:06:14.773000;2016-01-24T05:06:14.800000;04354423-d7bb-4d75-af4a-afe8aa0236b4;389.84;9.408;BUY
2016-01-24T05:06:21.737000;2016-01-24T05:06:21.770000;9a2385ef-23ad-4bc3-932b-0340dcdc4226;389.84;0.592;BUY
2016-01-24T05:06:21.737000;2016-01-24T05:06:21.783000;bf4fb069-5264-44e6-948c-bfaa6896831c;389.84;6.0;BUY
2016-01-24T05:07:05.217000;2016-01-24T05:07:05.253000;4ae814bc-2532-445b-ae8c-c6e7ec6ee7f7;389.87;0.01;BUY
2016-01-24T05:07:19.993000;2016-01-24T05:07:20.033000;3a0aa0a6-1956-4754-a958-30e43e90a726;389.91;0.01;BUY
2016-01-24T05:07:19.993000;2016-01-24T05:07:20.033000;bf940dd1-f730-47da-b353-49ec4cbc2eb0;389.91;0.99;BUY
2016-01-24T05:09:51.730000;2016-01-24T05:09:51.753000;76022517-e38e-479f-8765-a407c917c200;389.9;0.01;SELL
2016-01-24T05:30:01.930000;2016-01-24T05:30:01.957000;2d96549a-5a7f-4e8a-847b-c9e10c705a8b;389.91;0.00813725;BUY
2016-01-24T05:30:22.443000;2016-01-24T05:30:22.473000;7cf2bb10-c9b0-46b9-89d6-d1dac15f9ba7;389.93;0.02;BUY
2016-01-24T05:30:42.730000;2016-01-24T05:30:42.753000;1751de93-feab-4969-8176-0ec22199d796;389.95;0.01;BUY
2016-01-24T05:31:03.113000;2016-01-24T05:31:03.160000;5324509b-ea4c-4e32-994e-346e7749f904;390.0;0.01;BUY
2016-01-24T05:31:03.117000;2016-01-24T05:31:03.160000;da6fc9fa-16ff-469e-9bc7-2bdde64d4e36;390.0;0.01;BUY
2016-01-24T05:31:03.117000;2016-01-24T05:31:03.160000;9a5ad988-530a-4744-b315-1cd1764d3b73;390.0;0.34305786;BUY
2016-01-24T05:33:45.887000;2016-01-24T05:33:45.940000;f71acb66-e4f2-4242-9939-8e017244253a;390.0;0.65507939;BUY
2016-01-24T05:33:45.887000;2016-01-24T05:33:45.957000;8639285b-e7ea-4ee5-94a7-4c8fa1db2b3c;390.0;0.01;BUY
2016-01-24T05:34:15.040000;2016-01-24T05:34:15.097000;db42fb60-4e18-4490-a3d0-691d19769557;390.08;0.01;BUY
2016-01-24T05:34:15.040000;2016-01-24T05:34:15.113000;4e0bdd19-1ba8-4abe-a703-38aaad983c0e;390.08;0.32;BUY
2016-01-24T05:34:42.720000;2016-01-24T05:34:42.770000;6a98eb47-308c-43c6-ba01-f9fcf46c472f;390.09;0.02636388;BUY
2016-01-24T06:03:25.710000;2016-01-24T06:03:25.730000;264ba6c8-e4e5-44d3-b609-1178857eb5c6;390.08;0.17263483;SELL
2016-01-24T06:03:26.793000;2016-01-24T06:03:26.807000;3988a9f5-8fd6-4e2a-9c2a-79c10a00fa7e;390.08;0.17263483;SELL
2016-01-24T06:03:27.777000;2016-01-24T06:03:27.790000;482b52db-ced0-4472-8236-7f7eb3798888;390.08;0.17263483;SELL
2016-01-24T06:03:28.893000;2016-01-24T06:03:28.917000;64f9e668-598e-41d0-bca8-9cf8471eca5e;390.08;0.17263483;SELL
2016-01-24T06:03:29.177000;2016-01-24T06:03:29.197000;f6ca8aec-2b10-4971-9f78-b4cdf6922be2;390.08;0.17263483;SELL
2016-01-24T06:20:12.620000;2016-01-24T06:20:12.667000;404d1c75-667a-46c6-9d07-8b77e6350abc;390.08;3.0;SELL
2016-01-24T06:22:17.027000;2016-01-24T06:22:17.073000;5fd8ac14-3519-4443-a47f-a809d2e6be7d;390.08;0.3;SELL
2016-01-24T06:35:01.380000;2016-01-24T06:35:01.430000;306ae896-be22-4eb0-9ae2-3dae934cb516;390.09;0.0118;BUY
2016-01-24T06:58:12.780000;2016-01-24T06:58:12.813000;ca21f70a-e1c8-410a-bd95-4b7a89cb53ca;390.08;0.4858;SELL
2016-01-24T06:58:12.783000;2016-01-24T06:58:12.827000;a4c98980-4c73-4b05-8165-a3f02fae1f17;390.08;0.32102585;SELL
2016-01-24T06:58:12.783000;2016-01-24T06:58:12.827000;04649dbe-06ae-4533-b757-21d554f78487;390.08;0.15897415;SELL
2016-01-24T07:03:19.847000;2016-01-24T07:03:19.873000;f171c21a-6c82-4a05-87b6-54e644696ef6;390.08;0.57102585;SELL
2016-01-24T07:03:19.847000;2016-01-24T07:03:19.873000;60b753ea-2302-413a-a719-2b24e5b99e5f;390.0;0.21;SELL
2016-01-24T07:03:19.850000;2016-01-24T07:03:19.873000;97ee90c5-a484-4fe6-ade5-92b1336f69b1;390.0;0.24;SELL
2016-01-24T07:03:19.850000;2016-01-24T07:03:19.873000;835e4b0e-4cce-48db-bf9e-35f8998cae2d;389.95;0.201;SELL
2016-01-24T07:03:19.850000;2016-01-24T07:03:19.890000;a2198620-bdfa-451c-8086-e7688da06abc;389.92;1.93297415;SELL
2016-01-24T07:07:33.060000;2016-01-24T07:07:33.273000;26fba73d-c04c-41b8-81b2-609186ef749a;389.96;0.01;SELL
2016-01-24T07:07:33.063000;2016-01-24T07:07:33.287000;601836ff-2b82-42a1-9931-023feb37e814;389.96;0.088;SELL
2016-01-24T07:07:33.063000;2016-01-24T07:07:33.320000;0380b82f-6323-42be-93d2-355098a7b82e;389.92;0.252;SELL
2016-01-24T07:11:15.357000;2016-01-24T07:11:15.553000;b87ec1bc-89e4-4881-b9c1-57ea4b185c4e;389.92;0.11;SELL
2016-01-24T07:24:40.930000;2016-01-24T07:24:40.983000;2f9c11f8-3f30-404e-bd95-21b5670add66;389.92;0.27322585;SELL
2016-01-24T07:24:43.240000;2016-01-24T07:24:43.280000;4a6fd5e9-5308-4810-bed8-bf2e7be0ea86;389.86;0.01;SELL
2016-01-24T07:24:49.420000;2016-01-24T07:24:49.467000;9d03bd22-ff17-487a-8c68-e2f87b81d8d0;389.72;0.01;SELL
2016-01-24T07:24:49.420000;2016-01-24T07:24:49.467000;10ab41a4-0060-40b9-8145-921b012e7e53;389.71;0.01;SELL
2016-01-24T07:25:01.597000;2016-01-24T07:25:01.640000;72d8ddc0-0cfe-415a-96b3-45f7cb996586;389.52;0.01;SELL
2016-01-24T07:25:22.103000;2016-01-24T07:25:22.140000;55d77743-2e5a-484d-a99e-7d68590c5d2c;389.51;0.01;SELL
2016-01-24T07:25:42.377000;2016-01-24T07:25:42.403000;7e0d977c-23fd-47ed-ba9e-feefd12ec7d2;389.5;0.01;SELL
2016-01-24T07:26:02.653000;2016-01-24T07:26:02.687000;2e6b4b8a-0429-43da-b6df-b7c459912a7e;389.33;0.01;SELL
2016-01-24T07:26:22.947000;2016-01-24T07:26:22.967000;7ca7f262-c9a1-4abd-b49a-ede97ad9e124;389.29;0.01;SELL
2016-01-24T07:27:47.697000;2016-01-24T07:27:47.717000;6b2ad1f4-89a7-428e-80e2-088b51597f7e;389.28;0.01;SELL
2016-01-24T07:28:22.840000;2016-01-24T07:28:22.857000;067476b3-b0e7-4493-bd3a-38e52d97af39;389.29;0.01;BUY
2016-01-24T07:29:12.253000;2016-01-24T07:29:12.263000;1c7d8f07-f06a-4190-a22c-d2d0c264aa68;389.28;0.34144;SELL
2016-01-24T07:36:26.527000;2016-01-24T07:36:26.570000;53035164-29c1-46f8-8316-cb3483d0ecb2;389.28;2.64856;SELL
2016-01-24T07:54:45.607000;2016-01-24T07:54:45.657000;9f341526-b568-41e9-9f51-6b0d41ce323d;389.16;0.01;SELL
2016-01-24T07:54:45.607000;2016-01-24T07:54:45.673000;a65e681f-f9cb-4913-892f-eae9cf41293b;389.16;0.02;SELL
2016-01-24T07:54:45.607000;2016-01-24T07:54:45.673000;52c98bfe-4bd4-48ec-bb38-48815e995824;389.16;0.096;SELL
2016-01-24T07:54:45.607000;2016-01-24T07:54:45.673000;fc40416a-5070-4535-beb2-9e367362a539;389.16;0.02;SELL
2016-01-24T07:54:45.607000;2016-01-24T07:54:45.673000;d0dd0b0c-d629-4ed3-8fd8-1768c5f13035;389.16;0.66494765;SELL
2016-01-24T07:54:46.567000;2016-01-24T07:54:46.610000;8dd00319-23de-41b1-84f6-b580dcda0130;389.16;0.81094765;SELL
2016-01-24T07:54:47.653000;2016-01-24T07:54:47.703000;3970eb78-f1e5-49d6-8092-9e397dcc7091;389.16;0.81094765;SELL
2016-01-24T07:54:48.620000;2016-01-24T07:54:48.657000;d9ccc05f-204a-4d76-a6ac-664a210c2cb4;389.16;0.81094765;SELL
2016-01-24T07:54:48.907000;2016-01-24T07:54:48.953000;cc7087fa-5060-4513-a459-213808835db5;389.16;0.81094765;SELL
2016-01-24T08:03:20.140000;2016-01-24T08:03:20.157000;fd06ec9d-90c7-43cd-802a-bd614ec292f2;389.15;0.01;SELL
2016-01-24T08:03:20.140000;2016-01-24T08:03:20.190000;3a3008c4-39ab-4c10-a746-a5fa659064c9;389.15;0.078;SELL
2016-01-24T08:03:25.600000;2016-01-24T08:03:25.627000;d10f80bc-54ae-407a-acb0-564baf471053;389.0;0.01;SELL
2016-01-24T08:03:28.787000;2016-01-24T08:03:28.813000;fc64180c-773d-486d-bf32-a0588aa39522;388.86;0.01;SELL
2016-01-24T08:03:28.787000;2016-01-24T08:03:28.813000;29c8086c-8edd-4d3b-9408-23b1e430aa93;388.86;0.129;SELL
2016-01-24T08:06:05.677000;2016-01-24T08:06:05.710000;2530e90d-9d67-4920-8869-f3586113d347;388.76;0.01;SELL
2016-01-24T08:06:05.677000;2016-01-24T08:06:05.710000;e8686c1f-972d-42aa-9ad6-d63bf1c8b651;388.75;0.01;SELL
2016-01-24T08:06:05.677000;2016-01-24T08:06:05.743000;b7c43ecc-fa93-4499-9e43-ba9e1334467a;388.74;0.02;SELL
2016-01-24T08:09:02.570000;2016-01-24T08:09:02.617000;f5695a63-e93b-4c6a-b780-64a155a659ef;388.67;0.02;BUY
2016-01-24T08:18:18.540000;2016-01-24T08:18:18.553000;47a1380c-6710-4d59-96b5-54e96d1089c1;388.67;0.29196055;BUY
2016-01-24T08:53:48.183000;2016-01-24T08:53:48.253000;eb619360-57b5-4681-909f-dce9d54dc89d;388.67;0.08920424;BUY
2016-01-24T08:54:43.960000;2016-01-24T08:54:44.003000;3a9c3abd-f45d-4d58-ba5e-8a24b68f912d;388.66;0.01;SELL
2016-01-24T08:54:43.960000;2016-01-24T08:54:44.020000;497ae34e-1b42-4b12-aea3-1235003512ad;388.66;0.121;SELL
2016-01-24T08:54:43.960000;2016-01-24T08:54:44.020000;bcc28805-d924-4913-beb7-3c37254d8958;388.66;0.01879777;SELL
2016-01-24T08:54:44.943000;2016-01-24T08:54:45.020000;fac6a22c-32a2-4f97-9b0b-1aa1f35439fa;388.66;0.03120223;SELL
2016-01-24T08:54:44.947000;2016-01-24T08:54:45.020000;52c2044f-756d-457e-93a9-fd1b394ba992;388.66;0.11859554;SELL
2016-01-24T08:54:45.923000;2016-01-24T08:54:45.973000;506b4880-8b55-4a7c-a14f-5401fac6eb84;388.66;0.14979777;SELL
2016-01-24T08:54:46.217000;2016-01-24T08:54:46.270000;3cebdbd9-230f-4372-a8b0-422b07710b60;388.66;0.14979777;SELL
2016-01-24T08:54:47.213000;2016-01-24T08:54:47.270000;05ab3d21-df7d-4d65-8cc5-73a0d7bf1012;388.66;0.14979777;SELL
2016-01-24T09:13:15.760000;2016-01-24T09:13:15.783000;7e25b996-f332-439e-b422-03d093c101ba;388.59;0.257;BUY
2016-01-24T09:13:15.760000;2016-01-24T09:13:15.800000;4729a95e-2d3a-46ef-8cb0-6181169bae43;388.59;0.0543;BUY
2016-01-24T09:13:15.760000;2016-01-24T09:13:15.800000;a6d1a5f7-79ec-4e3e-b1fb-8aa4d29b7e96;388.59;0.258;BUY
2016-01-24T09:13:15.760000;2016-01-24T09:13:15.800000;477a2021-aa5e-4553-809d-6d65a176fa58;388.59;0.07301032;BUY
2016-01-24T09:18:46.350000;2016-01-24T09:18:46.380000;9c6475ce-0be2-482e-baf0-b6ca9b42c41a;388.71;0.14979777;BUY
2016-01-24T09:19:25.630000;2016-01-24T09:19:25.660000;29c2a81b-9d06-45f7-acd2-a77e37efe6f6;388.79;1.18;BUY
2016-01-24T09:19:25.630000;2016-01-24T09:19:25.660000;8e9a89cc-13dc-4aa2-9328-b02e5067086b;388.8;0.14979777;BUY
2016-01-24T09:19:27.933000;2016-01-24T09:19:27.940000;aba1b454-e3df-405a-8196-c25458b6e0f4;388.89;0.14979777;BUY
2016-01-24T09:19:27.933000;2016-01-24T09:19:27.957000;29b8a7a6-3ca3-42c3-8ae7-087022772c8f;388.93;0.01;BUY
2016-01-24T09:19:27.933000;2016-01-24T09:19:27.957000;53578d71-5174-48a4-9f16-1f5fc6b4cee7;388.94;0.01;BUY
2016-01-24T09:19:27.933000;2016-01-24T09:19:27.957000;79cb96ed-dfee-48f4-8045-6a8738c351c2;388.95;2.474;BUY
2016-01-24T09:24:24.230000;2016-01-24T09:24:24.277000;22819a75-9aba-4a48-84d3-1fe4e14d7b1f;388.97;0.14979777;BUY
2016-01-24T09:24:44.210000;2016-01-24T09:24:44.260000;bec0c81e-e5c8-4ccb-ba5c-018763b1ad32;389.06;0.14979777;BUY
2016-01-24T09:25:02.647000;2016-01-24T09:25:02.683000;959d714f-a2dd-4a44-b0c8-8c74e6c796f5;389.14;0.01;BUY
2016-01-24T09:25:42.323000;2016-01-24T09:25:42.370000;a62ab953-1a7e-4774-aa35-891c37583ee8;389.34;0.01;BUY
2016-01-24T09:25:42.323000;2016-01-24T09:25:42.370000;1412bfc0-228a-45d4-b09a-9441eaebc766;389.34;0.01;BUY
2016-01-24T09:28:58.240000;2016-01-24T09:28:58.277000;fae4ec91-d29c-4054-a44b-729b78f2f2e6;389.47;0.01;BUY
2016-01-24T09:29:16.583000;2016-01-24T09:29:16.620000;5e692f15-5b7a-4f9d-bdaa-79741a2f3779;389.63;0.01;BUY
2016-01-24T09:29:18.807000;2016-01-24T09:29:18.853000;ec8a8c2b-a2e3-40bc-aeb0-7b26c8550823;389.7;0.01;BUY
2016-01-24T09:29:35.900000;2016-01-24T09:29:35.933000;e9b17c3d-2c75-44b2-8323-28284dd47806;389.74;0.02;BUY
2016-01-24T09:29:44.163000;2016-01-24T09:29:44.197000;babcb135-2b17-45e8-b483-e4d3b7f834e4;389.81;0.01;BUY
2016-01-24T09:30:09.673000;2016-01-24T09:30:09.713000;aae18e26-8af8-43a3-9f3e-1eda031eb96d;389.87;0.01;BUY
2016-01-24T09:30:09.673000;2016-01-24T09:30:09.730000;3eb9f8d1-0b10-4404-ad63-a988abfda959;389.88;0.03;BUY
2016-01-24T09:30:09.673000;2016-01-24T09:30:09.730000;a9cf0553-92d6-490a-986c-b0c696749c56;389.9;0.01;BUY
2016-01-24T09:30:09.673000;2016-01-24T09:30:09.730000;80ea10fe-783a-4f88-bb5f-cc700ef7771e;389.95;0.01;BUY
2016-01-24T09:30:09.673000;2016-01-24T09:30:09.730000;9acf7583-3316-4fdc-8c98-aa016070e905;389.99;0.01;BUY
2016-01-24T09:30:09.673000;2016-01-24T09:30:09.730000;55ab2ba5-1327-4d5f-95b3-54b2a688261e;390.04;0.4608;BUY
2016-01-24T09:30:09.673000;2016-01-24T09:30:09.730000;91d8732a-7030-4e5e-97e8-02468b795f02;390.06;0.33;BUY
2016-01-24T09:30:09.673000;2016-01-24T09:30:09.747000;7eb820ff-a990-4139-aeb3-b1f5065c3978;390.1;0.14;BUY
2016-01-24T09:30:09.673000;2016-01-24T09:30:09.747000;f84c1483-5a3d-4f6e-ac34-3736da0dad96;390.1;0.01;BUY
2016-01-24T09:30:09.673000;2016-01-24T09:30:09.747000;1714d114-4926-4d04-90d4-a8880788282d;390.14;0.01;BUY
2016-01-24T09:30:09.673000;2016-01-24T09:30:09.747000;6679ab5d-bd03-4346-879b-d68098a7396c;390.16;0.01;BUY
2016-01-24T09:30:09.673000;2016-01-24T09:30:09.760000;ff3bc878-b143-486f-982d-a36e8670760a;390.16;0.02;BUY
2016-01-24T09:30:09.673000;2016-01-24T09:30:09.760000;a519fb52-9e51-4bf8-9df9-ab0cbbb0192a;390.19;0.01;BUY
2016-01-24T09:30:09.673000;2016-01-24T09:30:09.760000;2435c8af-a3ae-437c-80c3-e513273621fb;390.19;0.09;BUY
2016-01-24T09:30:09.677000;2016-01-24T09:30:09.760000;aa2545b6-4d5a-4524-8862-2343a3dcbd71;390.21;0.8;BUY
2016-01-24T09:30:09.677000;2016-01-24T09:30:09.760000;9bbf5ac4-ff19-40a0-a3a2-d9ff315a771f;390.24;0.079;BUY
2016-01-24T09:30:09.677000;2016-01-24T09:30:09.760000;0f1b4625-f724-498b-b211-f92d430e421a;390.27;0.01;BUY
2016-01-24T09:30:09.677000;2016-01-24T09:30:09.760000;c2579c5b-8186-47d5-971c-c568caf11971;390.28;0.01;BUY
2016-01-24T09:30:09.677000;2016-01-24T09:30:09.760000;4d744b51-2f96-44b6-98c6-2d955ab7bb5a;390.29;0.082;BUY
2016-01-24T09:30:09.677000;2016-01-24T09:30:09.777000;7d9546e3-0617-452b-8714-d4acf712db8b;390.34;0.01;BUY
2016-01-24T09:30:09.677000;2016-01-24T09:30:09.777000;3a85d01f-85fb-465b-a347-7693f0b170db;390.34;0.126;BUY
2016-01-24T09:30:09.677000;2016-01-24T09:30:09.793000;1f1d9446-1729-4546-923a-a10e0f2b66ed;390.39;0.09;BUY
2016-01-24T09:30:09.677000;2016-01-24T09:30:09.793000;eeb0e100-2fe0-48fa-b2c3-a590ea8880f3;390.44;0.01;BUY
2016-01-24T09:30:09.677000;2016-01-24T09:30:09.793000;1fa22515-8991-45a0-92a0-36748bf97cd9;390.54;0.01;BUY
2016-01-24T09:30:09.677000;2016-01-24T09:30:09.793000;450ba851-8733-4ea5-8177-258ed4b55c33;390.58;0.01;BUY
2016-01-24T09:30:09.677000;2016-01-24T09:30:09.793000;350a5e09-e23c-4229-9df2-6869e91730ea;390.62;1.0;BUY
2016-01-24T09:30:09.677000;2016-01-24T09:30:09.793000;f9dd219f-988a-48b8-8eab-997847a22004;390.62;2.0;BUY
2016-01-24T09:30:09.677000;2016-01-24T09:30:09.793000;9db52af3-f09a-4d84-8752-f07064662df9;390.63;1.78550532;BUY
2016-01-24T09:31:03.130000;2016-01-24T09:31:03.197000;08676d62-5cf7-4ad8-b347-ef0503e7e33e;390.63;0.01;SELL
2016-01-24T09:31:12.767000;2016-01-24T09:31:12.823000;fcb93090-0466-47a6-a286-36025bb0e863;390.64;3.0;BUY
2016-01-24T09:31:12.767000;2016-01-24T09:31:12.823000;1f75763a-a376-4d19-a109-72034cea9c5a;390.68;0.012648;BUY
2016-01-24T09:31:12.767000;2016-01-24T09:31:12.823000;8249bcf6-97e7-467d-bf85-e9551494d199;390.74;0.01;BUY
2016-01-24T09:31:12.767000;2016-01-24T09:31:12.823000;0d135b5e-465a-40a3-991e-f9d6b8696c68;390.74;0.01;BUY
2016-01-24T09:31:15.083000;2016-01-24T09:31:15.120000;6e416904-5ef2-483d-860c-7dc1d9d60334;390.81;0.01;BUY
2016-01-24T09:31:15.083000;2016-01-24T09:31:15.120000;950ba2f0-1deb-42f2-a76c-4b84bb475b6c;390.87;0.45658017;BUY
2016-01-24T09:31:15.083000;2016-01-24T09:31:15.120000;47ff960e-e8af-457a-90bd-b20c5b3d6d86;390.95;0.01;BUY
2016-01-24T09:31:15.083000;2016-01-24T09:31:15.137000;02fd8379-0f61-4d00-962b-099364b3f9fd;390.99;0.01679035;BUY
2016-01-24T09:31:15.083000;2016-01-24T09:31:15.137000;0549e828-b76e-4342-b203-1d721e3837ef;391.02;0.01;BUY
2016-01-24T09:31:15.083000;2016-01-24T09:31:15.137000;979d8d71-0672-4035-9f5f-d0e7cff5c6da;391.03;0.01;BUY
2016-01-24T09:31:15.083000;2016-01-24T09:31:15.137000;91f34388-0533-435d-9183-521ab0926ca2;391.05;4.0;BUY
2016-01-24T09:31:15.083000;2016-01-24T09:31:15.137000;7faf83e5-4f4d-4b0a-85f5-07d01902b37f;391.1;0.01;BUY
2016-01-24T09:31:15.083000;2016-01-24T09:31:15.150000;6e1ad32c-2643-40f7-b1de-248a99068560;391.15;0.128;BUY
2016-01-24T09:31:15.083000;2016-01-24T09:31:15.150000;7ef12112-fc4b-407a-80e6-2759ef517f3a;391.2;0.01;BUY
2016-01-24T09:31:15.083000;2016-01-24T09:31:15.150000;4dfe4806-72d8-4f51-ad58-b40807850e2b;391.21;0.1735;BUY
2016-01-24T09:31:15.083000;2016-01-24T09:31:15.150000;8a2a65fb-bb61-439d-a4cc-baf95b846a07;391.27;0.74623776;BUY
2016-01-24T09:31:15.083000;2016-01-24T09:31:15.167000;4dd75a94-42b5-4d7c-80ff-d704156f03b6;391.27;0.11193567;BUY
2016-01-24T09:31:22.670000;2016-01-24T09:31:22.697000;6556fe36-645f-4576-9bab-73e7f4268342;391.34;0.01;BUY
2016-01-24T09:31:27.943000;2016-01-24T09:31:27.963000;c3f0a691-ad52-4b53-9c16-c508fca35277;391.39;0.01;BUY
2016-01-24T09:31:32.200000;2016-01-24T09:31:32.247000;e2541468-d03d-467a-af5e-5c7b06e78a9c;391.48;0.52007718;BUY
2016-01-24T09:31:34.530000;2016-01-24T09:31:34.557000;ff3e5286-5d5d-481f-9b26-106281905f40;391.49;0.01;BUY
2016-01-24T09:31:34.530000;2016-01-24T09:31:34.573000;4b697151-1d8b-442d-b404-5d18e82afcb4;391.49;0.011;BUY
2016-01-24T09:31:34.530000;2016-01-24T09:31:34.590000;65cbf32c-6358-425d-9e6f-226db076ef9b;391.5;0.03153788;BUY
2016-01-24T09:31:34.530000;2016-01-24T09:31:34.590000;b1094fa1-1888-471c-875b-a3d5072df458;391.5;1.0;BUY
2016-01-24T09:31:36.867000;2016-01-24T09:31:36.900000;82db2a38-a473-4afa-98c8-d9b0c0c87ef7;391.58;0.00025617;BUY
2016-01-24T09:31:36.867000;2016-01-24T09:31:36.900000;65bee927-582d-48e3-a2ae-9c964c414467;391.59;0.01;BUY
2016-01-24T09:31:39.163000;2016-01-24T09:31:39.197000;92eb5922-4b63-4c7d-adba-3345ad0d3ec8;391.63;0.01;BUY
2016-01-24T09:31:39.163000;2016-01-24T09:31:39.197000;af1bba9f-c4e5-4181-ad7d-5ef1aaa8132a;391.74;0.01;BUY
2016-01-24T09:31:39.163000;2016-01-24T09:31:39.197000;57d5c719-88f0-4113-98ce-cb302accbf0b;391.78;0.01;BUY
2016-01-24T09:31:39.163000;2016-01-24T09:31:39.197000;a39fcafb-e5ca-4d88-af35-8086abfb346d;391.78;0.01;BUY
2016-01-24T09:31:47.163000;2016-01-24T09:31:47.183000;15458f09-db09-4523-9bb8-f6bf43a0b38b;391.97;0.01;BUY
2016-01-24T09:31:47.163000;2016-01-24T09:31:47.230000;a07d4b99-d322-4686-8b72-588e18178d7f;391.98;2.0;BUY
2016-01-24T09:31:47.163000;2016-01-24T09:31:47.230000;a3362330-f6c6-4137-ba43-6f5db35e98bf;391.99;0.015773;BUY
2016-01-24T09:31:49.517000;2016-01-24T09:31:49.543000;36b7401b-913a-4270-9fe8-7edd3680518f;392.0;0.05092358;BUY
2016-01-24T09:31:49.517000;2016-01-24T09:31:49.557000;da80c8a3-dc2c-4994-b1a9-b9e2eb13b24c;392.0;0.01;BUY
2016-01-24T09:31:49.517000;2016-01-24T09:31:49.557000;2a8c10b4-c037-4c60-accc-b765307c5957;392.0;0.383;BUY
2016-01-24T09:31:49.517000;2016-01-24T09:31:49.557000;15f46c6a-3e62-479e-adec-7bc47e8d8200;392.0;0.01;BUY
2016-01-24T09:31:49.517000;2016-01-24T09:31:49.557000;14c7937c-1602-4a2d-8860-7e08fad77ad0;392.0;10.87407642;BUY
2016-01-24T09:31:52.650000;2016-01-24T09:31:52.683000;7d3692b1-348f-4405-8149-5bb20fe7cae4;392.0;11.37592358;BUY
2016-01-24T09:31:54.013000;2016-01-24T09:31:54.043000;881d8781-60af-43e3-b07c-dbee8aee2e17;392.01;0.0187181;BUY
2016-01-24T09:31:55.193000;2016-01-24T09:31:55.247000;f6b7a54f-2c7d-4617-a133-9fde6e10c524;392.13;0.01;BUY
2016-01-24T09:31:55.193000;2016-01-24T09:31:55.247000;122cdb71-e903-4c18-8544-1ce6962623bd;392.19;0.37758457;BUY
2016-01-24T09:31:55.193000;2016-01-24T09:31:55.247000;1fd6e5b1-117b-4ec0-94d2-a46d35033c51;392.21;0.01;BUY
2016-01-24T09:31:55.193000;2016-01-24T09:31:55.247000;0835a937-78ae-4a0e-a3d8-f90f8878ccd5;392.21;0.2;BUY
2016-01-24T09:31:55.193000;2016-01-24T09:31:55.260000;965b0764-7368-43f8-a9f4-6ed84b422f8a;392.28;0.01;BUY
2016-01-24T09:31:55.193000;2016-01-24T09:31:55.260000;c1633041-bf46-482f-909a-da9f9afadacf;392.31;0.25;BUY
2016-01-24T09:31:55.193000;2016-01-24T09:31:55.307000;f2e155da-3fec-448a-97e1-81cf92778b15;392.4;0.01;BUY
2016-01-24T09:31:55.193000;2016-01-24T09:31:55.307000;7a0861a0-8d75-4a9b-ad2e-2fd91e48df81;392.4;2.55024286;BUY
2016-01-24T09:32:02.157000;2016-01-24T09:32:02.230000;72589753-59b4-4863-9e83-53a059e250dd;392.5;0.03152581;BUY
2016-01-24T09:32:02.193000;2016-01-24T09:32:02.260000;f2442575-88fc-4ced-9ea8-8ee20e69a974;392.51;0.01;BUY
2016-01-24T09:32:02.227000;2016-01-24T09:32:02.293000;3f1ab4cf-145f-4ab7-a8de-6dc8c3b89dd7;392.52;0.02581191;BUY
2016-01-24T09:32:02.227000;2016-01-24T09:32:02.293000;84184e19-5115-48ae-9c9c-28dd5494897a;392.53;0.0171;BUY
2016-01-24T09:32:02.227000;2016-01-24T09:32:02.293000;58e56b62-2528-4957-8926-747893d37ee2;392.54;0.7135;BUY
2016-01-24T09:32:03.033000;2016-01-24T09:32:03.090000;e5f49c6d-0314-4517-81ac-1d1c86856107;392.51;0.01;SELL
2016-01-24T09:32:05.230000;2016-01-24T09:32:05.307000;b818f807-8e95-4af9-adff-6020ab7cee0d;392.56;0.01;BUY
2016-01-24T09:32:05.230000;2016-01-24T09:32:05.353000;3baeeb11-d5d8-4ce4-8923-229c1ec29786;392.58;0.01;BUY
2016-01-24T09:32:05.230000;2016-01-24T09:32:05.353000;49f33244-fbe2-428d-877a-428803aa79a0;392.65;0.4320143;BUY
2016-01-24T09:32:05.230000;2016-01-24T09:32:05.353000;e723d3e2-6e37-42bf-a7e9-21c7459a7054;392.65;0.06480215;BUY
2016-01-24T09:32:08.320000;2016-01-24T09:32:08.370000;d77f6bd4-5c03-4885-8fb4-c04d6e48da42;392.7;0.01450427;BUY
2016-01-24T09:32:08.323000;2016-01-24T09:32:08.370000;c55b0888-719a-4881-85d8-af8bf16518ec;392.71;0.01726325;BUY
2016-01-24T09:32:08.323000;2016-01-24T09:32:08.370000;1b3ce692-4173-4295-b988-5c526c245f8b;392.79;0.01;BUY
2016-01-24T09:32:08.323000;2016-01-24T09:32:08.370000;116261c1-7cfc-469f-8736-79b1990de0c2;392.86;0.01;BUY
2016-01-24T09:32:08.323000;2016-01-24T09:32:08.370000;8b02e50f-e5d3-49fd-85ed-8cca0d0a0497;392.9;0.01;BUY
2016-01-24T09:32:08.323000;2016-01-24T09:32:08.370000;4ee640fd-0036-4497-a52a-fe315bf4414f;392.94;0.01;BUY
2016-01-24T09:32:08.323000;2016-01-24T09:32:08.400000;e89789d3-586e-4aa9-8669-5b48dae26134;392.95;0.00823248;BUY
2016-01-24T09:32:09.313000;2016-01-24T09:32:09.340000;ed4a4495-2fd8-4038-bfe8-3b43d4660d5f;392.95;0.00176752;BUY
2016-01-24T09:32:11.353000;2016-01-24T09:32:11.400000;52160609-5e28-4552-b068-3ba540ce00c8;392.97;0.01;BUY
2016-01-24T09:32:11.353000;2016-01-24T09:32:11.400000;42ee8ebb-faaa-4800-bfd6-89633f8d9916;392.98;0.01;BUY
2016-01-24T09:32:11.357000;2016-01-24T09:32:11.400000;88f874cd-8772-4968-b81e-6e4464299d14;393.03;0.01;BUY
2016-01-24T09:32:11.357000;2016-01-24T09:32:11.400000;abe87236-dfeb-47cf-a8ee-cec593c854d3;393.03;0.01;BUY
2016-01-24T09:32:11.357000;2016-01-24T09:32:11.400000;10728155-5229-41b3-9ab2-0c24f55e730e;393.14;0.01;BUY
2016-01-24T09:32:11.717000;2016-01-24T09:32:11.747000;6f5855a2-e1ec-4548-9db5-03621f48586f;393.17;0.01;BUY
2016-01-24T09:32:11.717000;2016-01-24T09:32:11.747000;613ae5a3-d644-47fd-be1a-bf271583d01b;393.18;0.01;BUY
2016-01-24T09:32:11.717000;2016-01-24T09:32:11.747000;f7d238e2-f8ec-4378-b4d4-6d564d2af64c;393.19;0.01;BUY
2016-01-24T09:32:11.717000;2016-01-24T09:32:11.747000;5fac64f0-9e55-4245-94ec-6b241560a6e3;393.2;0.8518972;BUY
2016-01-24T09:32:11.717000;2016-01-24T09:32:11.760000;e648152c-01aa-4d4f-a77a-8ba42edf40aa;393.2;0.12778458;BUY
2016-01-24T09:32:11.717000;2016-01-24T09:32:11.760000;95d49e20-fad7-4db4-8416-d92ece680c4b;393.2;0.01916769;BUY
2016-01-24T09:32:11.717000;2016-01-24T09:32:11.760000;a4f04363-1e21-4f7c-98e4-37d10093f3c1;393.21;0.2;BUY
2016-01-24T09:32:11.717000;2016-01-24T09:32:11.760000;acbd56f1-0563-4a6a-aee6-44c2abd6be0a;393.23;0.01;BUY
2016-01-24T09:32:11.717000;2016-01-24T09:32:11.777000;8d358d65-f6f3-4041-b7e2-2f636ee7f6fc;393.24;0.01;BUY
2016-01-24T09:32:11.717000;2016-01-24T09:32:11.777000;21bbd21f-e660-4fb6-9dd8-1f9d4892382b;393.4;0.01;BUY
2016-01-24T09:32:11.717000;2016-01-24T09:32:11.777000;fe0c781d-9d39-4d5c-9252-d66bdf725d6f;393.42;0.01;BUY
2016-01-24T09:32:11.717000;2016-01-24T09:32:11.777000;2a855879-4d34-4362-afa9-58483d3144c6;393.5;0.03151018;BUY
2016-01-24T09:32:11.720000;2016-01-24T09:32:11.777000;98ee1131-9b89-41f1-8048-539cb42a9be2;393.61;0.01;BUY
2016-01-24T09:32:11.720000;2016-01-24T09:32:11.793000;6d6cbee2-fcc7-4d3a-a8a4-4815621eb56c;393.67;0.01;BUY
2016-01-24T09:32:11.720000;2016-01-24T09:32:11.793000;1d39a2b2-8494-4a0d-b7f9-d532283c09e2;393.72;0.01;BUY
2016-01-24T09:32:11.720000;2016-01-24T09:32:11.793000;266f51ca-f9b9-4f83-912d-e70bf330f0a9;393.73;0.01;BUY
2016-01-24T09:32:11.720000;2016-01-24T09:32:11.793000;652d9f85-3271-4bd4-ab78-7067db596f28;393.75;0.01;BUY
2016-01-24T09:32:11.720000;2016-01-24T09:32:11.807000;78e34533-f62d-48e2-8ab1-cf6e4990987b;393.78;0.01;BUY
2016-01-24T09:32:11.720000;2016-01-24T09:32:11.840000;885bfe2c-9ba5-4ead-810b-1388295f5487;393.88;0.4;BUY
2016-01-24T09:32:12.133000;2016-01-24T09:32:12.167000;52d7eda8-e268-4aaa-a031-402bc5a0d90a;393.91;0.3755;BUY
2016-01-24T09:32:12.133000;2016-01-24T09:32:12.167000;c6740533-ffd9-4c88-9e16-540951a2a0b9;393.92;0.01;BUY
2016-01-24T09:32:12.133000;2016-01-24T09:32:12.197000;d596eb44-bd52-4cb0-9d00-3c61515e04b5;393.95;0.01;BUY
2016-01-24T09:32:13.723000;2016-01-24T09:32:13.760000;d4fe2c15-d581-4e0f-917c-0c5b0467a224;393.99;1.0;BUY
2016-01-24T09:32:13.723000;2016-01-24T09:32:13.760000;efdcdc1b-53f2-4329-853c-a05691b7573b;393.99;0.06250949;BUY
2016-01-24T09:32:14.667000;2016-01-24T09:32:14.713000;715a5297-7acb-4d09-8922-905fb5ec65d4;393.99;1.93749051;BUY
2016-01-24T09:32:14.667000;2016-01-24T09:32:14.713000;d6addf98-9d44-4c8e-8810-dff57fc77f34;394.0;20.0;BUY
2016-01-24T09:32:14.667000;2016-01-24T09:32:14.713000;2baa081b-23e8-4704-b01f-92cdb0700ad4;394.0;0.11;BUY
2016-01-24T09:32:14.670000;2016-01-24T09:32:14.730000;41f224b4-903f-4be4-9af9-9e8e77fc8528;394.0;0.5;BUY
2016-01-24T09:32:14.670000;2016-01-24T09:32:14.730000;308037cb-b621-4b9a-8c21-6d04fb870b0b;394.0;1.0;BUY
2016-01-24T09:32:14.670000;2016-01-24T09:32:14.730000;125fcc29-ebf6-4125-9929-8ba14c5da4c8;394.0;0.2;BUY
2016-01-24T09:32:14.670000;2016-01-24T09:32:14.730000;9d707053-36cd-467e-9c9e-6152d5db0371;394.01;0.02238058;BUY
2016-01-24T09:32:14.670000;2016-01-24T09:32:14.730000;9b071522-b4d4-4e41-ad4a-f2cc37886864;394.04;0.01;BUY
2016-01-24T09:32:14.670000;2016-01-24T09:32:14.730000;816cb350-5f7f-4621-9af4-b4f65e127129;394.04;0.01;BUY
2016-01-24T09:32:14.670000;2016-01-24T09:32:14.730000;1f5e6134-0acb-4234-9aa6-2dd3c3193e71;394.15;0.37664531;BUY
2016-01-24T09:32:16.917000;2016-01-24T09:32:16.963000;56b4bac2-b833-4784-a379-29a453de1aae;394.2;11.347;BUY
2016-01-24T09:32:17.703000;2016-01-24T09:32:17.760000;9d45c7fb-ded4-41c2-9a18-eae8fe5ec6ef;394.2;25.54;BUY
2016-01-24T09:32:19.720000;2016-01-24T09:32:19.760000;1d2a2df3-3e02-451b-9220-76e9df16c748;394.2;12.295;BUY
2016-01-24T09:32:20.843000;2016-01-24T09:32:20.870000;add3c16b-7ec6-4a40-9646-cf788434ca94;394.21;0.2;BUY
2016-01-24T09:32:20.843000;2016-01-24T09:32:20.870000;137ef5cf-25b2-4f0a-8a6b-376204042059;394.21;14.94;BUY
2016-01-24T09:32:22.037000;2016-01-24T09:32:22.057000;fc8c0301-53e4-4850-b750-3947011358af;394.21;10.06;BUY
2016-01-24T09:32:22.523000;2016-01-24T09:32:22.557000;548518bc-084f-4198-bd98-68b4ec4923bf;394.22;0.01;BUY
2016-01-24T09:32:22.523000;2016-01-24T09:32:22.590000;9a5b86e4-59bc-4281-aa7f-83ad611d6cd0;394.22;0.0077668;BUY
2016-01-24T09:32:23.113000;2016-01-24T09:32:23.137000;60f2cfcb-1944-4269-971e-f8fbf0f06f87;394.22;0.229;BUY
2016-01-24T09:32:24.347000;2016-01-24T09:32:24.370000;f121e1cd-582e-4df6-af7f-d8fc101a23b7;394.22;0.00024267;BUY
2016-01-24T09:32:24.347000;2016-01-24T09:32:24.400000;b0239132-2502-4069-8bba-eff91a319d6f;394.23;1.7;BUY
2016-01-24T09:32:24.347000;2016-01-24T09:32:24.400000;53f4e4a9-0543-4b60-8b39-25a832907774;394.24;0.03825;BUY
2016-01-24T09:32:24.350000;2016-01-24T09:32:24.400000;5d4c5b5b-ae04-4b03-8733-f4e9d3c4b25a;394.25;0.255;BUY
2016-01-24T09:32:24.350000;2016-01-24T09:32:24.400000;22b7816d-9ea2-4f19-b697-bea0dc612058;394.26;0.02;BUY
2016-01-24T09:32:24.350000;2016-01-24T09:32:24.400000;55b73841-a49f-4504-aeb8-8351ba17e112;394.27;0.01;BUY
2016-01-24T09:32:24.350000;2016-01-24T09:32:24.417000;099771e0-ea16-4b3f-8e7c-c913ec78e612;394.28;0.01915399;BUY
2016-01-24T09:32:24.350000;2016-01-24T09:32:24.417000;04e44e03-80e6-4b61-9569-5ea07c33a7ee;394.32;0.01;BUY
2016-01-24T09:32:24.350000;2016-01-24T09:32:24.417000;d49b8177-30c5-49cc-9686-4467c57944b3;394.4;0.01;BUY
2016-01-24T09:32:24.350000;2016-01-24T09:32:24.417000;9e91415b-c52b-47bb-acf6-c7c4e01f02b1;394.5;0.0315021;BUY
2016-01-24T09:32:24.350000;2016-01-24T09:32:24.417000;2e2b4556-93cc-4e5b-943d-7453387a4243;394.53;0.01;BUY
2016-01-24T09:32:24.350000;2016-01-24T09:32:24.447000;e4cf32d3-1a6e-4747-90eb-72ba0585673d;394.54;0.01;BUY
2016-01-24T09:32:24.350000;2016-01-24T09:32:24.447000;ff857a19-ccf6-4d6b-8f18-666158fb3e71;394.54;0.25;BUY
2016-01-24T09:32:24.350000;2016-01-24T09:32:24.447000;9bdcee8f-d2ff-40d1-926a-6d5c1474b909;394.55;1.7;BUY
2016-01-24T09:32:24.350000;2016-01-24T09:32:24.447000;05759eca-8479-4d35-bbd1-bb6693679507;394.55;0.255;BUY
2016-01-24T09:32:24.350000;2016-01-24T09:32:24.447000;9953e296-d684-4426-bed0-351938123b62;394.6;0.01;BUY
2016-01-24T09:32:24.350000;2016-01-24T09:32:24.447000;5a117b47-6d48-4ca8-b1e5-b362195ef866;394.6;1.75749311;BUY
2016-01-24T09:32:24.350000;2016-01-24T09:32:24.447000;3b86f6d5-aab8-4714-82d0-7cb71aefa578;394.62;0.01;BUY
2016-01-24T09:32:24.350000;2016-01-24T09:32:24.447000;eefbfe03-7625-4118-908f-9269d8f72ad5;394.63;0.03825;BUY
2016-01-24T09:32:24.350000;2016-01-24T09:32:24.447000;22b41d71-77ac-4d18-9c17-d143fca47023;394.77;0.45431988;BUY
2016-01-24T09:32:24.353000;2016-01-24T09:32:24.463000;4e286a51-12cf-41df-9f56-77c5cb23bcf5;394.79;0.01;BUY
2016-01-24T09:32:24.353000;2016-01-24T09:32:24.463000;dfa8d844-de82-47d2-a694-1fbe87961646;394.81;0.01;BUY
2016-01-24T09:32:24.353000;2016-01-24T09:32:24.463000;86dc54ca-e290-45c7-b4cf-d7b6c0a1bbcc;394.85;2.035;BUY
2016-01-24T09:32:24.353000;2016-01-24T09:32:24.480000;3850f6ba-a29d-4d8d-87a7-ba000ca48baf;394.88;0.05;BUY
2016-01-24T09:32:24.353000;2016-01-24T09:32:24.480000;eb9f5fb0-56bd-47e9-a28f-2593e89c107c;394.95;0.01;BUY
2016-01-24T09:32:24.353000;2016-01-24T09:32:24.480000;9e30d2b8-ce4c-4618-ab6a-6c6d4d3ce9a2;395.0;0.05;BUY
2016-01-24T09:32:24.353000;2016-01-24T09:32:24.480000;2188f2a6-469e-4acc-8d3d-c23000f6c448;395.0;0.5;BUY
2016-01-24T09:32:24.353000;2016-01-24T09:32:24.480000;9066286d-5520-4aa5-a00d-7cecb79c3acf;395.0;3.20978825;BUY
2016-01-24T09:32:26.663000;2016-01-24T09:32:26.697000;33034d12-aaf4-4ed4-bfd2-cfbbece5b66a;394.9;13.541;BUY
2016-01-24T09:32:27.570000;2016-01-24T09:32:27.620000;5a1662a3-fe9a-4cff-89e9-d56ff3001414;394.9;8.95;BUY
2016-01-24T09:32:29.367000;2016-01-24T09:32:29.400000;0002934c-7bc8-457b-bb42-a9d8cf8a2303;394.9;12.451;BUY
2016-01-24T09:32:30.600000;2016-01-24T09:32:30.620000;689588ca-a179-491b-9f22-0e61c438cb66;394.82;0.041459;BUY
2016-01-24T09:32:30.600000;2016-01-24T09:32:30.637000;94340d17-1344-4b5f-b609-fd550a754fe3;394.91;0.0274142;BUY
2016-01-24T09:32:30.600000;2016-01-24T09:32:30.650000;1a76589c-7f20-439a-932e-b83b169630d8;395.0;5.2411268;BUY
2016-01-24T09:32:31.123000;2016-01-24T09:32:31.183000;9299c559-8a31-4593-a146-cf47d524a949;394.82;0.25;SELL
2016-01-24T09:32:31.123000;2016-01-24T09:32:31.183000;74429698-f432-402b-b021-1ba6b78a8e4f;394.82;2.88;SELL
2016-01-24T09:32:31.123000;2016-01-24T09:32:31.183000;f92c66ae-9b81-4ab5-ad2c-c35c2d9e2d94;394.82;2.0;SELL
2016-01-24T09:32:31.123000;2016-01-24T09:32:31.183000;ad173f37-5ac1-4ee3-a44b-7efe045604c9;394.81;0.37;SELL
2016-01-24T09:32:31.127000;2016-01-24T09:32:31.183000;9f05c7b7-ec62-4745-94ca-8c6692660268;394.81;0.49;SELL
2016-01-24T09:32:31.127000;2016-01-24T09:32:31.183000;2db9368c-4bbe-4548-9e32-cb0dbbf904ab;394.81;0.02;SELL
2016-01-24T09:32:31.127000;2016-01-24T09:32:31.183000;ed39fa50-026e-4e00-9ffc-d5bfd86d1db4;394.8;0.9;SELL
2016-01-24T09:32:31.127000;2016-01-24T09:32:31.183000;dbf76922-5e45-40ba-95c1-2e1045498454;394.79;0.77177;SELL
2016-01-24T09:32:31.570000;2016-01-24T09:32:31.603000;a94f4d94-0723-4734-af01-95716b5b0706;395.0;11.361;BUY
2016-01-24T09:32:33.773000;2016-01-24T09:32:33.807000;a4d9a56e-e2f7-4572-9300-e58f176be727;395.0;1.6;BUY
2016-01-24T09:32:34.060000;2016-01-24T09:32:34.090000;9f47cfcf-f27f-43c0-9a83-6c9a25050068;395.0;3.58808495;BUY
2016-01-24T09:32:34.060000;2016-01-24T09:32:34.103000;7d2c1850-d8d3-4897-8e85-82b9a0ff97d3;395.0;0.01005;BUY
2016-01-24T09:32:34.060000;2016-01-24T09:32:34.103000;cc1a066a-5e28-453d-adcc-aad831211860;395.0;1.0;BUY
2016-01-24T09:32:35.763000;2016-01-24T09:32:35.793000;9b113d29-0c44-418d-a06f-5ef3db7f5554;395.03;0.01;BUY
2016-01-24T09:32:35.763000;2016-01-24T09:32:35.807000;6bb94ada-c67b-4bb7-ab59-0ee94a75d6d4;395.03;0.01;BUY
2016-01-24T09:32:36.373000;2016-01-24T09:32:36.400000;085aa95d-12ee-470d-97c8-0d022b624197;395.04;0.01;BUY
2016-01-24T09:32:36.373000;2016-01-24T09:32:36.417000;a39a3778-c645-4a8e-9f4e-4f55d543cf44;395.14;0.01;BUY
2016-01-24T09:32:36.373000;2016-01-24T09:32:36.417000;c8abe83a-08c2-41f9-9c13-7d59187dd739;395.14;0.01;BUY
2016-01-24T09:32:36.373000;2016-01-24T09:32:36.417000;b04dd161-47ea-46af-ab84-f76e72d6fbc0;395.15;0.01;BUY
2016-01-24T09:32:36.373000;2016-01-24T09:32:36.433000;c695b71b-2e9f-4050-b065-4da1b4bfad5a;395.16;0.01;BUY
2016-01-24T09:32:36.373000;2016-01-24T09:32:36.433000;5c532856-bd94-493d-8389-6875aa3a55e7;395.16;0.01;BUY
2016-01-24T09:32:36.373000;2016-01-24T09:32:36.433000;9d59a14c-69f9-443d-b3a8-461d11db564b;395.21;0.01;BUY
2016-01-24T09:32:36.373000;2016-01-24T09:32:36.433000;a688f665-a268-4de7-bd82-b507d3c17693;395.21;0.0475;BUY
2016-01-24T09:32:36.373000;2016-01-24T09:32:36.433000;6a9e3d62-dbaf-4ddc-9e1f-9a2d71594049;395.23;0.01297244;BUY
2016-01-24T09:32:36.373000;2016-01-24T09:32:36.433000;007ad134-7a26-4fa4-a27a-e6ba12c74bec;395.34;0.01;BUY
2016-01-24T09:32:36.377000;2016-01-24T09:32:36.463000;977d751c-3535-4160-ac55-ccf439b55afb;395.34;0.06;BUY
2016-01-24T09:32:36.377000;2016-01-24T09:32:36.463000;747bc5cb-3536-4639-84e4-3dab7631f51c;395.35;0.5335;BUY
2016-01-24T09:32:36.377000;2016-01-24T09:32:36.463000;12213ddb-6432-49d9-b310-98ffd299d8e5;395.38;0.01;BUY
2016-01-24T09:32:36.377000;2016-01-24T09:32:36.463000;b8fad1ec-efd9-44e8-9ba0-1a83df6cd47b;395.4;0.01;BUY
2016-01-24T09:32:36.377000;2016-01-24T09:32:36.480000;1a0c3655-4915-4cd9-8f9d-a1440d14540c;395.5;0.03147963;BUY
2016-01-24T09:32:36.377000;2016-01-24T09:32:36.480000;3c33bd83-b9a2-4cf3-8588-ed7250948b27;395.5;0.03147963;BUY
2016-01-24T09:32:36.377000;2016-01-24T09:32:36.480000;303fd6ab-b0e2-4ae5-ad80-d9fc3f4f66a8;395.51;0.01;BUY
2016-01-24T09:32:36.377000;2016-01-24T09:32:36.480000;b72f4e97-d6f3-4ca2-8426-dff3b62d475e;395.52;0.01;BUY
2016-01-24T09:32:36.377000;2016-01-24T09:32:36.480000;769eac74-67c7-4fb3-99ac-d3fdc0595553;395.54;0.01;BUY
2016-01-24T09:32:36.377000;2016-01-24T09:32:36.480000;ac2136df-505b-490a-ae5a-ee7c00f46d98;395.62;0.01;BUY
2016-01-24T09:32:36.377000;2016-01-24T09:32:36.480000;718f61fa-2236-4f2e-9bbd-f636d64d6d8d;395.78;0.01;BUY
2016-01-24T09:32:36.377000;2016-01-24T09:32:36.480000;deab8088-49ea-44e8-85ad-f46f591ce2cb;395.81;0.02;BUY
2016-01-24T09:32:36.377000;2016-01-24T09:32:36.480000;6690950a-c6cb-4a15-bbb4-0acbd61931b4;395.85;0.03555142;BUY
2016-01-24T09:32:36.740000;2016-01-24T09:32:36.777000;bb1ce322-dc59-4554-a0da-44c38735b2e8;395.95;0.01;BUY
2016-01-24T09:32:36.740000;2016-01-24T09:32:36.777000;5452c25d-ad2c-494c-935d-a24550cb6ae0;395.96;0.01;BUY
2016-01-24T09:32:36.740000;2016-01-24T09:32:36.777000;84ebdf57-464a-4dd6-b471-53d988eb9ada;395.96;0.01;BUY
2016-01-24T09:32:36.740000;2016-01-24T09:32:36.793000;568870b2-800c-44c3-8323-d1bf9be37228;395.98;0.01;BUY
2016-01-24T09:32:36.740000;2016-01-24T09:32:36.793000;2439aab3-1369-4463-8832-01585f0d401b;396.0;0.91;BUY
2016-01-24T09:32:39.750000;2016-01-24T09:32:39.793000;ba7720e5-3213-44f6-9f16-09aaf913fbaa;396.0;0.56;BUY
2016-01-24T09:32:42.293000;2016-01-24T09:32:42.323000;cdc8edce-6a17-4f13-994d-349be5d87a68;396.0;0.53;BUY
2016-01-24T09:32:42.293000;2016-01-24T09:32:42.323000;3bf9ea00-0cdb-4cec-94c5-f7cd601efdef;396.01;0.0243915;BUY
2016-01-24T09:32:43.027000;2016-01-24T09:32:43.073000;f2aaa043-8cc2-4266-b4c9-a44528048db2;396.19;0.01;BUY
2016-01-24T09:32:43.027000;2016-01-24T09:32:43.073000;d1fd059c-e342-4f7a-8b94-347a35cc41ac;396.21;0.2775;BUY
2016-01-24T09:32:43.027000;2016-01-24T09:32:43.103000;e4aed964-827f-413b-ae25-98d0382d7427;396.22;0.01;BUY
2016-01-24T09:32:43.027000;2016-01-24T09:32:43.103000;f312dace-3415-4c09-86f6-eabe83aee435;396.36;0.01;BUY
2016-01-24T09:32:43.027000;2016-01-24T09:32:43.230000;634c54b5-97ae-4160-8bf9-eae9dc555d5e;396.43;0.01;BUY
2016-01-24T09:32:43.027000;2016-01-24T09:32:43.247000;05584b1f-25b6-4861-b9b2-845c9a087070;396.45;0.01;BUY
2016-01-24T09:32:46.057000;2016-01-24T09:32:46.073000;70d66f6a-8aae-4b2e-b8fa-d723860cd534;396.46;0.01;BUY
2016-01-24T09:32:46.057000;2016-01-24T09:32:46.103000;5c438896-61b8-4106-ab7f-6102ee8fadc4;396.5;0.03142452;BUY
2016-01-24T09:32:46.057000;2016-01-24T09:32:46.103000;e9a90d31-b47e-47d7-817c-a4ac792c5d4a;396.59;0.01;BUY
2016-01-24T09:32:46.057000;2016-01-24T09:32:46.103000;1a809a3a-4195-48ff-bae7-36e0e80a9c58;396.6;0.01;BUY
2016-01-24T09:32:46.057000;2016-01-24T09:32:46.103000;cbffd88a-ddbf-4f06-923f-bb3e73394906;396.6;0.01;BUY
2016-01-24T09:32:46.057000;2016-01-24T09:32:46.103000;cc065197-b7d5-4f66-bb76-7f79ee25477f;396.61;0.01;BUY
2016-01-24T09:32:46.060000;2016-01-24T09:32:46.150000;859a6d81-a3c2-4ee3-ab61-a87c96f5e6a9;396.62;0.01;BUY
2016-01-24T09:32:46.060000;2016-01-24T09:32:46.150000;9088fdbd-0b08-4902-8b38-56f509059d14;396.75;0.0625;BUY
2016-01-24T09:32:46.060000;2016-01-24T09:32:46.150000;929363e5-e948-4637-90f0-cbc23f33b4b2;396.78;0.03607548;BUY
2016-01-24T09:32:50.957000;2016-01-24T09:32:50.997000;00848866-6421-4931-963f-b02106d17374;396.78;0.21392452;BUY
2016-01-24T09:32:50.957000;2016-01-24T09:32:51.010000;0761044f-10f1-49e0-bdfe-991de05c804a;396.79;0.0226775;BUY
2016-01-24T09:32:50.957000;2016-01-24T09:32:51.010000;8ab92586-22e4-431e-9bd5-edfa8bc603e9;396.81;0.01;BUY
2016-01-24T09:32:53.300000;2016-01-24T09:32:53.340000;330c0c8e-de75-47cc-a8dd-be4392d5f2e4;396.95;0.01;BUY
2016-01-24T09:32:55.613000;2016-01-24T09:32:55.807000;1c2ae686-22d1-4784-a763-ff359122fd3c;397.15;0.01;BUY
2016-01-24T09:32:55.613000;2016-01-24T09:32:56.090000;f2d7c2c2-854d-4157-9578-8854bb6327a0;397.16;0.01;BUY
2016-01-24T09:32:55.613000;2016-01-24T09:32:56.103000;fe71e0d2-60b9-4346-a0dc-c7001b775024;397.16;0.1;BUY
2016-01-24T09:32:55.613000;2016-01-24T09:32:56.103000;de945efd-9dac-4001-a0ab-1af27abab85d;397.21;0.25;BUY
2016-01-24T09:32:55.613000;2016-01-24T09:32:56.137000;7550710c-0ecd-45be-b90e-95a63a282535;397.23;0.01;BUY
2016-01-24T09:33:00.247000;2016-01-24T09:33:00.277000;bbb0b872-7ee6-4a7a-994a-d16b84572f9f;397.34;0.01;BUY
2016-01-24T09:33:01.803000;2016-01-24T09:33:01.853000;0d6e361a-3bbb-4d5e-9ccb-d63b69a0f7f7;397.24;0.01;SELL
2016-01-24T09:33:03.230000;2016-01-24T09:33:03.247000;ae23cc07-32e4-402d-ad2c-a69a6f01a45b;397.28;0.01;SELL
2016-01-24T09:33:03.420000;2016-01-24T09:33:03.447000;08195a20-9cd5-40e0-9939-dd5574a5a451;397.35;0.0181402;BUY
2016-01-24T09:33:03.423000;2016-01-24T09:33:03.447000;1d34864b-b881-40a9-b38e-ba613885e5f1;397.39;0.1;BUY
2016-01-24T09:33:03.423000;2016-01-24T09:33:03.447000;5040e1af-dc0b-40fe-b659-d8d0c25cc78e;397.41;0.01;BUY
2016-01-24T09:33:03.423000;2016-01-24T09:33:03.480000;3ff1e96f-6417-4855-83ed-89c856681721;397.41;0.01;BUY
2016-01-24T09:33:04.140000;2016-01-24T09:33:04.150000;38298af6-f762-430f-9024-3de49a27633c;397.34;2.0;BUY
2016-01-24T09:33:05.063000;2016-01-24T09:33:05.090000;f064e8bb-28e3-4292-a0b1-84c427b3a0d1;397.34;13.304;BUY
2016-01-24T09:33:07.333000;2016-01-24T09:33:07.387000;85831239-df2c-4adc-bc85-9d923d359060;397.5;0.03142452;BUY
2016-01-24T09:33:07.333000;2016-01-24T09:33:07.387000;7ff62d98-085c-4e60-a6a5-00f49d0ef1aa;397.5;0.49957548;BUY
2016-01-24T09:33:12.343000;2016-01-24T09:33:12.417000;4c22b67d-fed9-4954-9fd1-fb47f79660af;397.5;0.00042452;BUY
2016-01-24T09:33:12.343000;2016-01-24T09:33:12.417000;686e2cb0-ce14-417b-aa71-0bed707cb37b;397.51;0.398;BUY
2016-01-24T09:33:12.343000;2016-01-24T09:33:12.417000;0ba670f2-6f5b-48d3-a1de-adbf0dd0a123;397.52;0.02617206;BUY
2016-01-24T09:33:12.343000;2016-01-24T09:33:12.417000;6949c4b9-8168-45ad-80f1-1637458a419a;397.74;0.01;BUY
2016-01-24T09:33:12.347000;2016-01-24T09:33:12.417000;d2f53beb-b621-47bf-909e-7328c6c7cc95;397.76;0.06;BUY
2016-01-24T09:33:12.347000;2016-01-24T09:33:12.417000;a6622287-1ef3-471c-acf3-55cfcb1723e9;397.95;0.01;BUY
2016-01-24T09:33:12.347000;2016-01-24T09:33:12.417000;d92c3b5a-9b48-4176-bad1-3cb23ffac7e9;397.99;0.01;BUY
2016-01-24T09:33:12.347000;2016-01-24T09:33:12.463000;93db0eb5-2772-4574-9a79-e971b315dbf7;397.99;0.0553;BUY
2016-01-24T09:33:12.347000;2016-01-24T09:33:12.463000;1c74060d-a81d-4073-8fb2-d9235ad591ea;398.0;17.3356574;BUY
2016-01-24T09:33:23.130000;2016-01-24T09:33:23.183000;a1fec219-7d9a-43f5-b57f-20140d694cec;398.0;2.0;BUY
2016-01-24T09:33:26.450000;2016-01-24T09:33:26.480000;499fbdd0-8c42-44c5-b517-de040f1684f8;398.0;2.0;BUY
2016-01-24T09:33:29.747000;2016-01-24T09:33:29.807000;64fe70e3-8cb4-4341-b4ce-5e7f930d5daa;398.0;2.0;BUY
2016-01-24T09:33:32.957000;2016-01-24T09:33:32.980000;da9a6fd4-aaf8-47ca-afd6-8d771fcda2a9;398.0;2.0;BUY
2016-01-24T09:33:36.713000;2016-01-24T09:33:36.747000;5826effc-2105-4c52-b74f-62a37aa689ed;398.0;2.0;BUY
2016-01-24T09:34:02.437000;2016-01-24T09:34:02.480000;cd5eb106-5e4d-4ac7-92a6-5c96157db26c;397.99;0.01;SELL
2016-01-24T09:34:07.320000;2016-01-24T09:34:07.387000;577fe1c2-b854-44e0-9a45-68992a30dbc1;397.99;0.29;SELL
2016-01-24T09:34:07.320000;2016-01-24T09:34:07.400000;9a098f37-cda8-41f8-b283-55176b2b61bf;397.99;0.08570838;SELL
2016-01-24T09:34:17.243000;2016-01-24T09:34:17.260000;74218581-8e03-441c-b422-a1ebbb4d31d0;397.99;0.28429162;SELL
2016-01-24T09:34:17.243000;2016-01-24T09:34:17.277000;adfc50ad-dbc0-48c3-b982-1821f003a68d;397.99;1.833;SELL
2016-01-24T09:34:17.247000;2016-01-24T09:34:17.323000;e1b2b26b-4b6c-4195-96a1-04c8e8382407;397.99;0.298;SELL
2016-01-24T09:34:17.247000;2016-01-24T09:34:17.323000;127db2ab-dd66-4046-97f5-cafe1ac63276;397.99;0.02;SELL
2016-01-24T09:34:17.247000;2016-01-24T09:34:17.323000;45d4bd4e-fffc-4827-8ad5-378e2cecc091;397.99;15.88870838;SELL
2016-01-24T09:34:24.050000;2016-01-24T09:34:24.090000;38267c0d-cc97-406e-b8ab-ba7e53bdc952;397.99;9.11129162;SELL
2016-01-24T09:34:24.050000;2016-01-24T09:34:24.103000;a775d0ff-2904-4b25-b5c4-25ff2b8614b0;397.99;7.45870838;SELL
2016-01-24T09:34:26.230000;2016-01-24T09:34:26.293000;82fb382a-99b6-4962-b4b6-1827cedca4ad;397.99;0.37;SELL
2016-01-24T09:34:26.230000;2016-01-24T09:34:26.293000;3203e528-bbdf-4a04-a3fe-3a3c88e28fe5;397.99;1.11;SELL
2016-01-24T09:34:26.230000;2016-01-24T09:34:26.293000;a059b4e8-d1aa-4d7f-885f-d805f2562df8;397.99;1.263;SELL
2016-01-24T09:34:26.230000;2016-01-24T09:34:26.340000;6b2de24b-065c-46dd-8955-85135d70ef07;397.98;0.1;SELL
2016-01-24T09:34:26.230000;2016-01-24T09:34:26.340000;68bee492-2f48-48a6-8f01-58fe336ce7b9;397.97;0.37;SELL
2016-01-24T09:34:26.233000;2016-01-24T09:34:26.353000;d4350315-54f5-4b2c-9969-06e8c44548dc;397.96;1.272;SELL
2016-01-24T09:34:28.513000;2016-01-24T09:34:28.557000;2d0499d2-8bb5-4e88-aaf3-cf3f54ad6196;397.84;0.2466;SELL
2016-01-24T09:34:31.603000;2016-01-24T09:34:31.637000;174eb329-ff69-490e-80d7-e1f8edc1a9d8;397.79;0.25;SELL
2016-01-24T09:34:31.603000;2016-01-24T09:34:31.667000;58c5b09c-96f2-4a3e-9091-0d4be6c65ce2;397.79;0.04196055;SELL
2016-01-24T09:34:39.330000;2016-01-24T09:34:39.400000;463aece5-0c7c-48a5-873f-2b18ae0a7adb;397.81;2.0;SELL
2016-01-24T09:34:39.330000;2016-01-24T09:34:39.400000;8240d8ec-c3f4-4fb2-ac27-b6bdff4111cf;397.79;0.32803945;SELL
2016-01-24T09:35:02.463000;2016-01-24T09:35:02.480000;e7df24a8-8695-43d8-bd6f-f58430d640bf;397.73;0.01;SELL
2016-01-24T09:35:51.660000;2016-01-24T09:35:51.697000;d00e21f5-1ff9-421e-8bbc-6c534f654b3d;397.73;0.24;SELL
2016-01-24T09:35:51.660000;2016-01-24T09:35:51.697000;5f47e4d1-851a-4a81-a722-4f32bd98a77b;397.73;0.37;SELL
2016-01-24T09:35:51.660000;2016-01-24T09:35:51.697000;badcd205-9759-4edb-a40a-efe39dd60b40;397.73;8.77695;SELL
2016-01-24T09:35:51.660000;2016-01-24T09:35:51.697000;f3eb8277-474b-46eb-a3fb-306ec975f402;397.73;2.0;SELL
2016-01-24T09:35:51.660000;2016-01-24T09:35:51.697000;e0ec46e6-88fe-436f-bbe7-fa02bfb29a54;397.73;17.61305424;SELL
2016-01-24T09:36:01.943000;2016-01-24T09:36:01.980000;5a4e2d94-21d1-46c9-baa7-bf0db5ffcccf;397.73;0.01;SELL
2016-01-24T09:36:02.627000;2016-01-24T09:36:02.650000;16ecd27a-f057-4306-b20a-d728456da187;397.73;0.01;SELL
2016-01-24T09:36:16.773000;2016-01-24T09:36:16.823000;4e955778-4f8b-49d3-887f-650c1a6f832b;397.74;0.03;BUY
2016-01-24T09:36:16.773000;2016-01-24T09:36:16.823000;3a224b44-a05b-4a30-a663-ba04d18a5471;397.74;0.48;BUY
2016-01-24T09:36:16.773000;2016-01-24T09:36:16.823000;8a81be3c-9b44-4043-8c71-92ea9513bffb;397.75;0.01689;BUY
2016-01-24T09:36:16.773000;2016-01-24T09:36:16.823000;38e0b2be-6986-43b8-a269-1b585b296e6d;397.75;0.48;BUY
2016-01-24T09:36:16.773000;2016-01-24T09:36:16.823000;99dae863-fbe2-41eb-8b2f-324075bc0a56;397.76;0.03;BUY
2016-01-24T09:36:16.773000;2016-01-24T09:36:16.823000;c326c9b4-1095-4a88-98a1-f98bb2876883;397.76;10.64911;BUY
2016-01-24T09:36:19.377000;2016-01-24T09:36:19.387000;2114cf72-5af3-467e-80a9-16ce7a2c4c68;397.77;0.01615701;BUY
2016-01-24T09:36:19.377000;2016-01-24T09:36:19.400000;dd4e6c6c-1eda-414f-8b5b-fd6356974e0a;397.78;0.0279418;BUY
2016-01-24T09:36:19.377000;2016-01-24T09:36:19.400000;2e8d29e6-b246-4c42-96aa-4f11f0fb59af;397.78;0.16;BUY
2016-01-24T09:36:19.377000;2016-01-24T09:36:19.400000;99ab63fc-8082-4215-a8a2-aea5b792f34a;397.79;0.026;BUY
2016-01-24T09:36:19.377000;2016-01-24T09:36:19.400000;13062ae0-5d3a-4341-8f73-db9becc3704c;397.79;0.32;BUY
2016-01-24T09:36:19.377000;2016-01-24T09:36:19.417000;f8fca080-21e8-4665-8f52-bb3e9c88bf32;397.8;0.0202;BUY
2016-01-24T09:36:19.377000;2016-01-24T09:36:19.417000;6285015c-9732-4bfc-8bf5-7a5b9dc37633;397.99;13.44;BUY
2016-01-24T09:36:19.377000;2016-01-24T09:36:19.417000;8fe8a3d0-dd6b-4e19-9bb3-ac89edde10ff;398.0;4.48170119;BUY
2016-01-24T09:36:24.913000;2016-01-24T09:36:24.933000;6376dc63-2ea3-4f9e-8a61-b6e629d8000a;398.0;17.911;BUY
2016-01-24T09:36:27.293000;2016-01-24T09:36:27.323000;d98ab164-170d-42cc-bfc8-a7d3b9667a0b;398.0;12.67164141;BUY
2016-01-24T09:36:27.293000;2016-01-24T09:36:27.323000;ea781367-e58e-48ed-bbed-aa3ef0731045;398.0;1.0;BUY
2016-01-24T09:36:33.367000;2016-01-24T09:36:33.387000;5689a914-ddc8-40cd-a150-d702f9ef1901;398.01;0.019457;BUY
2016-01-24T09:36:33.367000;2016-01-24T09:36:33.417000;3c89015a-c148-4ef4-adb8-8d5745065fde;398.02;0.02160791;BUY
2016-01-24T09:36:33.367000;2016-01-24T09:36:33.417000;0d91e525-279e-4562-9433-25d3ec5bdf9e;398.03;0.076;BUY
2016-01-24T09:36:35.830000;2016-01-24T09:36:35.853000;a23e0a19-446d-4eef-8e55-a9f9f00ce057;398.07;0.028103;BUY
2016-01-24T09:36:35.830000;2016-01-24T09:36:35.853000;5c8fd17c-94af-489a-b915-202f24f9e59c;398.08;0.01;BUY
2016-01-24T09:36:35.830000;2016-01-24T09:36:35.853000;7afaa65a-94aa-460a-b1bb-31d3f34df634;398.08;0.1;BUY
2016-01-24T09:36:35.833000;2016-01-24T09:36:35.887000;f5293b7a-6f7c-47a8-b81b-017e758ba281;398.09;0.01;BUY
2016-01-24T09:36:35.833000;2016-01-24T09:36:35.887000;c7e9aa45-4b55-4eef-80fa-64c848240be0;398.1;0.01;BUY
2016-01-24T09:36:35.833000;2016-01-24T09:36:35.887000;8ac863db-3e15-4410-8991-4f175e3ff8d1;398.11;0.37477378;BUY
2016-01-24T09:36:35.833000;2016-01-24T09:36:35.887000;c1524b0a-f750-4279-96c4-df84f185fe8a;398.12;0.1;BUY
2016-01-24T09:36:35.833000;2016-01-24T09:36:35.887000;2542b550-422c-4c74-a893-623a4ff6dc14;398.13;0.0237154;BUY
2016-01-24T09:36:35.833000;2016-01-24T09:36:35.887000;e7d5aae7-7efd-40cf-b7db-5fe6b28d73f5;398.21;0.1;BUY
2016-01-24T09:36:35.833000;2016-01-24T09:36:35.887000;9d34178c-4096-4297-9f39-ed9177b56a64;398.5;0.03144542;BUY
2016-01-24T09:36:35.833000;2016-01-24T09:36:35.887000;8f056ae6-3fc1-4f4e-a847-92269adb88ae;398.59;0.31925;BUY
2016-01-24T09:36:35.833000;2016-01-24T09:36:35.887000;d7d75fcb-25fc-49da-a88a-d44310c81a8d;398.67;0.0509;BUY
2016-01-24T09:36:38.157000;2016-01-24T09:36:38.167000;b80f9b36-4348-4384-b28a-b9278079475f;398.72;0.45207077;BUY
2016-01-24T09:36:38.157000;2016-01-24T09:36:38.200000;bece8766-e347-4a73-bd26-7e786602656a;398.74;0.01;BUY
2016-01-24T09:36:38.157000;2016-01-24T09:36:38.200000;5078fcf2-431b-4ee7-872f-50243784e3d8;398.75;0.05;BUY
2016-01-24T09:36:38.157000;2016-01-24T09:36:38.200000;a96582bd-271c-4ae2-867d-433eabc370a4;398.76;0.01;BUY
2016-01-24T09:36:38.157000;2016-01-24T09:36:38.200000;524a7f2c-5eec-493a-ac9e-2ef63b3d38ae;398.77;0.147;BUY
2016-01-24T09:36:38.157000;2016-01-24T09:36:38.213000;a3dec5bd-f49d-40fd-93d8-7b3c80bdb034;398.78;0.01;BUY
2016-01-24T09:36:41.753000;2016-01-24T09:36:41.793000;e49abc1c-e155-490c-b20d-b8cce8f13533;398.81;0.01;BUY
2016-01-24T09:36:41.753000;2016-01-24T09:36:41.793000;d330c329-1992-4a0b-b527-390873b75e05;398.88;0.2;BUY
2016-01-24T09:36:41.753000;2016-01-24T09:36:41.793000;40f5f820-4e59-478f-ac06-26d7e7069ce7;398.89;0.01;BUY
2016-01-24T09:36:41.753000;2016-01-24T09:36:41.840000;e2b4d129-c434-4e5f-ac17-88ed4bdd2406;398.9;0.01;BUY
2016-01-24T09:36:41.753000;2016-01-24T09:36:41.840000;9c6ba8c9-a1d8-440e-8838-ae9b5d87b89b;398.91;0.01;BUY
2016-01-24T09:36:41.753000;2016-01-24T09:36:41.840000;351d8117-631d-4fb1-a28b-f6542c3b8619;398.95;0.01;BUY
2016-01-24T09:36:41.753000;2016-01-24T09:36:41.840000;b47e30eb-b2a5-4d3a-b6d4-4eb86290bd01;398.99;0.02;BUY
2016-01-24T09:36:41.753000;2016-01-24T09:36:41.840000;ec4bb4be-b1b8-4710-899a-08b90c26637d;398.99;2.0;BUY
2016-01-24T09:36:41.753000;2016-01-24T09:36:41.840000;275a01c7-5fd2-418d-95e1-7c6e873158db;399.0;0.0625;BUY
2016-01-24T09:36:41.753000;2016-01-24T09:36:41.840000;ed90b658-a1a8-4691-b2b9-232e5ead21eb;399.0;0.11;BUY
2016-01-24T09:36:41.753000;2016-01-24T09:36:41.853000;ecb57e75-29a0-4fa7-9eeb-d09ccd80c447;399.0;5.0;BUY
2016-01-24T09:36:41.753000;2016-01-24T09:36:41.853000;2ecfe4d1-b595-4b97-8d84-6f43ffcb6382;399.03;0.01;BUY
2016-01-24T09:36:41.753000;2016-01-24T09:36:41.853000;d846fedf-586b-4a64-a133-5de348647e86;399.05;0.25;BUY
2016-01-24T09:36:44.120000;2016-01-24T09:36:44.137000;087a72c9-5047-460b-b7c1-8f9ade6edc7b;399.11;0.01;BUY
2016-01-24T09:36:44.120000;2016-01-24T09:36:44.137000;ce5fac28-5367-4bf8-b396-1d9a6b5aa0a7;399.12;0.0288146;BUY
2016-01-24T09:36:44.120000;2016-01-24T09:36:44.137000;acbdac5e-a48a-4959-ae18-005c76ee7842;399.13;0.0509;BUY
2016-01-24T09:36:44.120000;2016-01-24T09:36:44.167000;4c108ffd-ba22-4286-bda9-43e3c52ff859;399.18;0.01;BUY
2016-01-24T09:36:44.120000;2016-01-24T09:36:44.167000;a78a0846-bfe4-448c-b8e1-4437a055d19a;399.21;0.1;BUY
2016-01-24T09:36:44.120000;2016-01-24T09:36:44.167000;e6d9233f-7195-421c-85f7-37c6069110bc;399.34;0.01;BUY
2016-01-24T09:36:47.557000;2016-01-24T09:36:47.590000;5ee53941-4ef2-470a-8fe2-42d8da606615;399.42;0.01;BUY
2016-01-24T09:36:51.753000;2016-01-24T09:36:51.777000;c48d4756-c626-425a-bb4c-60bbc872a84a;399.49;0.01;BUY
2016-01-24T09:36:51.753000;2016-01-24T09:36:51.807000;415f22e6-7bd7-4663-b320-f0e699a468b3;399.5;0.03134089;BUY
2016-01-24T09:36:51.753000;2016-01-24T09:36:51.823000;3bb0ef6e-129a-4a8d-93d9-022e95e5c1d7;399.5;0.01;BUY
2016-01-24T09:36:51.753000;2016-01-24T09:36:51.823000;86e1fb83-ad58-4545-9944-3683d1ff54f1;399.51;0.0166;BUY
2016-01-24T09:36:51.753000;2016-01-24T09:36:51.823000;c68d91a2-f630-4fc4-8e9b-5af7bdc182f6;399.51;0.115;BUY
2016-01-24T09:36:51.753000;2016-01-24T09:36:51.823000;fe985fc8-27e4-494e-9678-a03fa122e25f;399.52;0.0208514;BUY
2016-01-24T09:36:51.753000;2016-01-24T09:36:51.823000;7465f0d1-1d5e-4635-a105-3eaea90dc5ec;399.53;0.00620771;BUY
2016-01-24T09:36:52.127000;2016-01-24T09:36:52.137000;7fc8eb7c-c245-442b-a35a-ac2a77b246c0;399.53;0.00379229;BUY
2016-01-24T09:36:55.150000;2016-01-24T09:36:55.183000;50173ea4-778d-4d8b-8de0-32d4a1e20788;399.55;0.01;BUY
2016-01-24T09:36:55.150000;2016-01-24T09:36:55.213000;6660e7c5-20f1-44ab-aaa1-cc07766a5e92;399.56;0.01;BUY
2016-01-24T09:36:55.150000;2016-01-24T09:36:55.213000;603d87e6-63ec-4609-8c4e-7d44e3eb443a;399.57;0.123;BUY
2016-01-24T09:36:55.150000;2016-01-24T09:36:55.213000;33af614a-aa78-431f-9f10-1122cc4dbf3f;399.6;0.007;BUY
2016-01-24T09:36:56.107000;2016-01-24T09:36:56.137000;c404f3f8-dc73-4baa-91a2-e623dfb52c16;399.6;0.003;BUY
2016-01-24T09:36:58.393000;2016-01-24T09:36:58.417000;7910032e-9ad8-4263-a323-127204b3b8b6;399.75;0.01;BUY
2016-01-24T09:36:58.393000;2016-01-24T09:36:58.417000;b0088d68-f79b-4300-bc25-009b570c313a;399.76;0.0198563;BUY
2016-01-24T09:36:58.393000;2016-01-24T09:36:58.417000;59097df7-3bc6-4021-96fb-7876300ebf92;399.77;0.01;BUY
2016-01-24T09:36:58.393000;2016-01-24T09:36:58.450000;64ac32cf-86f0-49fc-82b1-d8e483c1fe54;399.77;0.073;BUY
2016-01-24T09:36:58.393000;2016-01-24T09:36:58.450000;b9ae2b81-1116-4a2d-a797-ed6cf23f9921;399.79;0.01;BUY
2016-01-24T09:36:58.393000;2016-01-24T09:36:58.450000;899487cb-a999-4ad2-b0eb-5013c40d1e53;399.8;0.0071437;BUY
2016-01-24T09:37:01.327000;2016-01-24T09:37:01.377000;76de6cb4-f0d6-4675-8071-8f750c135ee1;399.8;0.0028563;BUY
2016-01-24T09:37:01.327000;2016-01-24T09:37:01.393000;83e867ce-8850-4e87-8eae-960112fd3030;399.86;0.01;BUY
2016-01-24T09:37:01.327000;2016-01-24T09:37:01.393000;f9c41826-b5ac-4b0f-bf1a-a74c0d751924;399.88;0.15;BUY
2016-01-24T09:37:01.327000;2016-01-24T09:37:01.393000;476d6bd5-5c96-4dd1-9bad-ab1bfcaff7c6;399.88;1.2961203;BUY
2016-01-24T09:37:01.327000;2016-01-24T09:37:01.393000;04d66be8-fbb0-45c1-9b10-86534a19224c;399.89;0.5727;BUY
2016-01-24T09:37:01.327000;2016-01-24T09:37:01.393000;fa4db6f3-3654-4d11-be49-8697bb1a0e38;399.9;0.496;BUY
2016-01-24T09:37:01.327000;2016-01-24T09:37:01.393000;859765c8-81ec-4666-bd97-f16c28aac415;399.92;0.0509;BUY
2016-01-24T09:37:01.917000;2016-01-24T09:37:01.953000;83a010a2-c66b-42dd-a978-cf23af177056;399.8;0.01;SELL
2016-01-24T09:37:02.650000;2016-01-24T09:37:02.673000;9171c641-6dbb-47d6-ad60-c1d6f5ed6751;399.82;0.01;SELL
2016-01-24T09:37:04.457000;2016-01-24T09:37:04.500000;94bd42db-d644-427b-a7e3-6880c6f08c3f;399.95;0.01;BUY
2016-01-24T09:37:04.457000;2016-01-24T09:37:04.500000;43e161b8-05b7-45fa-9e33-a3abebbd3170;399.95;0.01;BUY
2016-01-24T09:37:04.457000;2016-01-24T09:37:04.533000;837de301-5376-4d38-ad41-74b482469deb;399.95;0.01;BUY
2016-01-24T09:37:04.457000;2016-01-24T09:37:04.533000;529eb71f-79ae-4034-95ad-4f2da9a7acf5;399.96;0.43181649;BUY
2016-01-24T09:37:04.457000;2016-01-24T09:37:04.533000;d1672337-11cc-4b29-bf9e-82095d8fd376;399.97;0.0155;BUY
2016-01-24T09:37:04.457000;2016-01-24T09:37:04.533000;3c8e34f6-3cd8-4b41-a8c1-947cd2ee6dae;399.99;0.01;BUY
2016-01-24T09:37:04.457000;2016-01-24T09:37:04.533000;c0d6543d-cf7d-4c39-82a9-77d0cce3e733;400.0;0.5;BUY
2016-01-24T09:37:04.457000;2016-01-24T09:37:04.533000;3030cf2e-4bbd-41c9-b0c6-e62dd7722e66;400.0;0.5;BUY
2016-01-24T09:37:04.457000;2016-01-24T09:37:04.533000;ddb24ede-e502-406e-9c79-abeff4f199c8;400.0;0.5;BUY
2016-01-24T09:37:04.457000;2016-01-24T09:37:04.533000;c0a9cb37-4e3d-4aa3-820c-0e1f2889adf9;400.0;0.01001;BUY
2016-01-24T09:37:04.457000;2016-01-24T09:37:04.563000;d0178ee2-760c-462a-ac4e-6718481c2cd5;400.0;0.05;BUY
2016-01-24T09:37:04.457000;2016-01-24T09:37:04.563000;c314f10f-9f85-44b3-8409-cb53aca20693;400.0;2.44267351;BUY
2016-01-24T09:37:05.890000;2016-01-24T09:37:05.923000;079f25d9-8c3c-4a70-9f90-b8a868a2ed50;400.0;2.55732649;BUY
2016-01-24T09:37:05.890000;2016-01-24T09:37:05.940000;acd3d8b2-0154-41e0-ab45-2d4cb5f50c72;400.0;0.0625;BUY
2016-01-24T09:37:05.890000;2016-01-24T09:37:05.940000;d1b9d130-ace7-4fc1-be60-1995b6c9290e;400.0;1.0;BUY
2016-01-24T09:37:05.890000;2016-01-24T09:37:05.940000;d93976f7-df6f-4e6e-ac1b-f62f465b56af;400.0;0.3;BUY
2016-01-24T09:37:05.890000;2016-01-24T09:37:05.953000;4d1e3d0d-2b40-40dc-af42-90d4b3a944b3;400.0;0.25;BUY
2016-01-24T09:37:05.890000;2016-01-24T09:37:05.953000;b24d4a85-82c8-4fec-b0b7-9975bc9bbb1a;400.0;0.18;BUY
2016-01-24T09:37:05.890000;2016-01-24T09:37:05.953000;b837832c-375c-4d19-a15a-1f8e7f940b9a;400.0;1.0;BUY
2016-01-24T09:37:05.890000;2016-01-24T09:37:05.953000;1f7e002a-80cc-4095-a067-e23f312dee43;400.0;0.02;BUY
2016-01-24T09:37:05.890000;2016-01-24T09:37:05.953000;cf17af4c-a796-495c-9361-c9f00bf51776;400.0;0.01;BUY
2016-01-24T09:37:05.890000;2016-01-24T09:37:05.953000;a7813e1a-a01c-4e58-b5c7-6e4426fef403;400.0;0.1005;BUY
2016-01-24T09:37:07.477000;2016-01-24T09:37:07.533000;334a2704-5e81-446b-98d1-dbc1339a6a5f;400.09;0.05;BUY
2016-01-24T09:37:07.480000;2016-01-24T09:37:07.533000;f2db948a-3fd4-483c-9072-d64b154cb0de;400.12;0.01;BUY
2016-01-24T09:37:07.480000;2016-01-24T09:37:07.533000;27cb5ac8-8ee7-44ed-93d1-890507b16320;400.12;0.01;BUY
2016-01-24T09:37:07.480000;2016-01-24T09:37:07.533000;c55f4b09-d46e-47fd-a7cc-58af65ef13ac;400.2;0.01702614;BUY
2016-01-24T09:37:07.480000;2016-01-24T09:37:07.547000;a5769cd6-5515-458d-abfb-3aab1086f873;400.21;0.1;BUY
2016-01-24T09:37:07.480000;2016-01-24T09:37:07.547000;d2744d2b-a883-4729-a05e-cb0a1fce4a70;400.23;0.01;BUY
2016-01-24T09:37:10.613000;2016-01-24T09:37:10.643000;f2a03f85-8360-4d32-b50d-404e07f4f514;400.36;0.01;BUY
2016-01-24T09:37:10.613000;2016-01-24T09:37:10.673000;63fedeb9-37cd-42c1-bfc7-d0f23ead6db5;400.36;0.01;BUY
2016-01-24T09:37:10.613000;2016-01-24T09:37:10.673000;36fe6e03-5ca7-4282-8e56-c67c4b959f7f;400.36;0.01;BUY
2016-01-24T09:37:10.613000;2016-01-24T09:37:10.690000;7d8c413a-bc44-463b-98b9-bafa91c1fd99;400.43;0.01;BUY
2016-01-24T09:37:10.613000;2016-01-24T09:37:10.690000;aebec086-c7a1-4d4a-afab-35a455442d74;400.44;0.01;BUY
2016-01-24T09:37:10.613000;2016-01-24T09:37:10.690000;ec2a12e2-f1d8-46a3-aacd-28c57f9729f8;400.46;0.01;BUY
2016-01-24T09:37:10.613000;2016-01-24T09:37:10.690000;48d985db-3348-45cf-b2d1-bdd3c4238dbb;400.5;0.03133615;BUY
2016-01-24T09:37:10.613000;2016-01-24T09:37:10.690000;64aafffd-3e5f-442e-aec3-a9eeebbc08e5;400.5;0.01;BUY
2016-01-24T09:37:10.613000;2016-01-24T09:37:10.690000;c8ad5094-7a23-4fd9-80c3-3ef542401398;400.54;0.01;BUY
2016-01-24T09:37:10.613000;2016-01-24T09:37:10.690000;49d838bd-b412-48fa-9c60-702eb5e68dfe;400.54;0.00866385;BUY
2016-01-24T09:37:13.673000;2016-01-24T09:37:13.720000;10f62d16-2903-40f1-88ba-376ec435d1ef;400.54;0.00133615;BUY
2016-01-24T09:37:13.673000;2016-01-24T09:37:13.720000;f6b86282-dc77-443e-955a-99563bc25015;400.55;0.02153;BUY
2016-01-24T09:37:13.673000;2016-01-24T09:37:13.750000;bd3e4121-e739-407b-b9f2-b3dc8228549d;400.63;0.01;BUY
2016-01-24T09:37:13.677000;2016-01-24T09:37:13.783000;3602824a-5d47-48ae-823f-4733971e3b36;400.68;0.00713385;BUY
2016-01-24T09:37:16.680000;2016-01-24T09:37:16.737000;fb44c4b1-8046-49ee-a58f-6f64a2b84679;400.68;0.00286615;BUY
2016-01-24T09:37:16.680000;2016-01-24T09:37:16.737000;a983ce23-e985-4250-a530-280a47dcf836;400.75;0.01;BUY
2016-01-24T09:37:16.680000;2016-01-24T09:37:16.737000;f6cbdc36-155d-4290-8f58-6c4e32089ae6;400.8;0.01;BUY
2016-01-24T09:37:16.680000;2016-01-24T09:37:16.737000;15a43a16-43d0-469f-a0f8-027250c9caef;400.82;0.0509;BUY
2016-01-24T09:37:16.680000;2016-01-24T09:37:16.737000;f1358354-6db7-4b22-9997-e91f778ae057;400.88;0.01;BUY
2016-01-24T09:37:16.683000;2016-01-24T09:37:16.750000;ae186750-e848-4c8b-af04-5d77faa086a4;400.89;0.235;BUY
2016-01-24T09:37:16.683000;2016-01-24T09:37:16.750000;fe5c3760-a8e9-427d-b7e5-3ec7d9da6000;400.95;0.01;BUY
2016-01-24T09:37:19.807000;2016-01-24T09:37:19.877000;9894afef-1388-4e59-b894-3857e05e7440;400.66;0.02172897;BUY
2016-01-24T09:37:19.807000;2016-01-24T09:37:19.877000;bdb880e8-1a52-474c-a8d1-346582680370;401.0;0.01;BUY
2016-01-24T09:37:19.807000;2016-01-24T09:37:19.877000;1b2ca2f4-3726-4b76-9901-423095d8fdbe;401.02;0.01;BUY
2016-01-24T09:37:19.807000;2016-01-24T09:37:19.877000;e18cccd4-3820-4c3e-8c30-371474b5cd32;401.03;0.01;BUY
