time_exchange;time_coinpai;guid;price;base_amount;taker_side
2016-01-24T00:00:03.000000;2016-01-24T00:00:03.000000;11890644-7211-4f3e-a716-241b2c0db19e;385.55;0.05187204;UNKNOWN
2016-01-24T00:00:10.000000;2016-01-24T00:00:10.000000;3476391a-94fb-436c-91c5-77e10435d081;385.55;0.13812796;UNKNOWN
2016-01-24T00:00:10.000000;2016-01-24T00:00:10.000000;3fb9daca-6643-4d9f-af64-3c18c1335c6b;385.1;8.17340664;UNKNOWN
2016-01-24T00:00:10.000000;2016-01-24T00:00:10.000000;589de26e-9524-46f6-bdfb-62278e50caaf;385.13;0.02;UNKNOWN
2016-01-24T00:00:10.000000;2016-01-24T00:00:10.000000;7717ad11-ee2b-4358-982c-3d0ed491af6a;385.26;6.4258;UNKNOWN
2016-01-24T00:00:10.000000;2016-01-24T00:00:10.000000;ff390b3f-4a9c-4e34-a5cb-9fb97a398288;385.25;5.2176654;UNKNOWN
2016-01-24T00:00:10.000000;2016-01-24T00:00:10.000000;b45c2091-9062-4333-914f-2919f8edbc06;385.91;0.01431;UNKNOWN
2016-01-24T00:00:10.000000;2016-01-24T00:00:10.000000;3625abd6-8678-4c3f-823f-6fa820c794b3;385.16;0.025;UNKNOWN
2016-01-24T00:00:27.000000;2016-01-24T00:00:27.000000;e22da6ee-d4e7-4946-ac5a-211fc127ccc4;385.1;0.2;UNKNOWN
2016-01-24T00:00:48.000000;2016-01-24T00:00:48.000000;47b87c02-ec12-43b9-8173-53b0c58ac14b;385.16;0.51921834;UNKNOWN
2016-01-24T00:00:57.000000;2016-01-24T00:00:57.000000;7698efa8-78eb-4bee-98f2-43fb3c9ed3ff;385.87;0.5;UNKNOWN
2016-01-24T00:00:57.000000;2016-01-24T00:00:57.000000;df18088a-0c79-4c1b-9764-b3711ce184bc;385.87;0.5;UNKNOWN
2016-01-24T00:01:14.000000;2016-01-24T00:01:14.000000;643d666c-a068-4412-8c47-525e78f02544;385.3;1.47954;UNKNOWN
2016-01-24T00:01:14.000000;2016-01-24T00:01:14.000000;3697637b-6827-489a-817d-14158096a6e9;385.3;0.38;UNKNOWN
2016-01-24T00:02:00.000000;2016-01-24T00:02:00.000000;d580fb68-3f99-43b3-9852-3e13e50cdcfa;386.0;1.3243;UNKNOWN
2016-01-24T00:02:01.000000;2016-01-24T00:02:01.000000;33463354-b2e7-42f0-ad2e-196ed72a3dbc;386.0;0.5;UNKNOWN
2016-01-24T00:02:06.000000;2016-01-24T00:02:06.000000;d05ed03e-95f5-4c3a-a32c-703554381830;386.0;0.4998;UNKNOWN
2016-01-24T00:02:12.000000;2016-01-24T00:02:12.000000;6990a4e6-bbdd-4c36-8428-9844cc0e7e44;386.0;0.5;UNKNOWN
2016-01-24T00:02:17.000000;2016-01-24T00:02:17.000000;4db1e2d6-6bd5-495d-bff5-cc44f59428da;386.0;0.5;UNKNOWN
2016-01-24T00:02:22.000000;2016-01-24T00:02:22.000000;5d23802f-642a-4033-a10c-49720d3928d7;386.0;0.4998;UNKNOWN
2016-01-24T00:02:27.000000;2016-01-24T00:02:27.000000;e1d74077-2536-4e12-a634-82ba8b5d441b;386.0;0.5;UNKNOWN
2016-01-24T00:02:31.000000;2016-01-24T00:02:31.000000;1b11a164-cc27-4f0c-b4b6-830b8f601eb2;386.0;0.4999;UNKNOWN
2016-01-24T00:02:36.000000;2016-01-24T00:02:36.000000;47751052-41bc-4c0e-92ee-55961a8c8739;386.0;0.5;UNKNOWN
2016-01-24T00:02:39.000000;2016-01-24T00:02:39.000000;77ad91fe-8ce3-49dd-8389-95cbc9320e9a;386.25;0.1;UNKNOWN
2016-01-24T00:02:39.000000;2016-01-24T00:02:39.000000;60832c21-15b7-4fd5-9f18-181bb782ea55;386.77;0.6988;UNKNOWN
2016-01-24T00:02:39.000000;2016-01-24T00:02:39.000000;78c5e400-2de7-4a73-aa23-69f74be72c4f;386.0;0.1262;UNKNOWN
2016-01-24T00:02:39.000000;2016-01-24T00:02:39.000000;91890cea-20c4-4743-be5e-f39de3819df0;386.74;0.025;UNKNOWN
2016-01-24T00:02:39.000000;2016-01-24T00:02:39.000000;dddebfa7-2f62-4a16-9d05-b88921b0d70e;386.31;0.05;UNKNOWN
2016-01-24T00:03:07.000000;2016-01-24T00:03:07.000000;ee6e472d-0f3e-4557-bab4-b5ed2f2fdcbf;386.91;2.0;UNKNOWN
2016-01-24T00:03:13.000000;2016-01-24T00:03:13.000000;ba5c7a3a-fddc-4783-b47b-31f4aeaf7038;386.91;0.5;UNKNOWN
2016-01-24T00:03:17.000000;2016-01-24T00:03:17.000000;dd492310-6d97-4be9-81a8-2c19ca409029;386.91;0.09188222;UNKNOWN
2016-01-24T00:03:33.000000;2016-01-24T00:03:33.000000;e33c5c99-1799-4adb-9bdc-3cee1e66f0bc;386.92;0.1;UNKNOWN
2016-01-24T00:03:42.000000;2016-01-24T00:03:42.000000;de4c0fd7-45bd-45ff-a0f1-d0d08b183407;387.03;0.1081;UNKNOWN
2016-01-24T00:03:44.000000;2016-01-24T00:03:44.000000;9202cc8a-4d43-447b-99bd-d731c1f44ab6;387.03;0.3;UNKNOWN
2016-01-24T00:04:20.000000;2016-01-24T00:04:20.000000;1d8ec6ff-1e91-4ff6-b544-42a69322bf52;387.02;0.1;UNKNOWN
2016-01-24T00:04:25.000000;2016-01-24T00:04:25.000000;e9c1b93e-a1a2-48f9-bf71-894ef0a377b0;387.03;0.1199;UNKNOWN
2016-01-24T00:04:25.000000;2016-01-24T00:04:25.000000;f151fff4-03d3-4524-9903-b5fa489d707b;387.03;0.5451;UNKNOWN
2016-01-24T00:04:39.000000;2016-01-24T00:04:39.000000;496d6a7b-dd41-42ce-8044-27896facb0ab;387.03;1.51878222;UNKNOWN
2016-01-24T00:04:39.000000;2016-01-24T00:04:39.000000;f818134c-06e0-413c-bcd8-d1af6c0a02fa;387.15;0.05;UNKNOWN
2016-01-24T00:04:39.000000;2016-01-24T00:04:39.000000;cd0eb30e-efe7-4b39-b552-93ebd7399f3f;387.17;2.59184864;UNKNOWN
2016-01-24T00:04:39.000000;2016-01-24T00:04:39.000000;041ccc5c-16a7-4f76-b411-f190f8d7a19e;387.48;0.64553733;UNKNOWN
2016-01-24T00:05:10.000000;2016-01-24T00:05:10.000000;3669f911-17e4-453b-a7e5-a523e6f73983;386.82;1.1216514;UNKNOWN
2016-01-24T00:05:10.000000;2016-01-24T00:05:10.000000;5cc1e942-2df2-4497-aa88-274ef5c3aef4;386.9;0.2;UNKNOWN
2016-01-24T00:05:38.000000;2016-01-24T00:05:38.000000;bc4479c1-c897-4776-9972-a74b5b0e4703;386.85;1.95;UNKNOWN
2016-01-24T00:05:51.000000;2016-01-24T00:05:51.000000;d8204f3b-9c92-4490-9f38-88c4335ee91a;387.66;0.76;UNKNOWN
2016-01-24T00:05:51.000000;2016-01-24T00:05:51.000000;92b54665-9c89-463e-abb7-cb895dc5ce29;387.21;0.5;UNKNOWN
2016-01-24T00:05:51.000000;2016-01-24T00:05:51.000000;161e2b07-f90a-4e18-aef7-209969e99c31;387.23;3.0;UNKNOWN
2016-01-24T00:05:51.000000;2016-01-24T00:05:51.000000;81017830-af3f-42f0-a819-711c2f5e0047;387.22;0.5;UNKNOWN
2016-01-24T00:05:51.000000;2016-01-24T00:05:51.000000;aa7f03f1-0975-4eef-ba9e-d4b730702cc6;387.48;0.22;UNKNOWN
2016-01-24T00:06:04.000000;2016-01-24T00:06:04.000000;829d9e3a-898a-4e27-b1b0-2fa3cbd0f038;387.59;1.85954;UNKNOWN
2016-01-24T00:06:08.000000;2016-01-24T00:06:08.000000;31a2c0b3-7bbc-4079-be0d-c23de38213f4;387.04;1.83336;UNKNOWN
2016-01-24T00:06:31.000000;2016-01-24T00:06:31.000000;ad299c1d-d480-44f1-a3ea-69768172296c;386.86;0.62765084;UNKNOWN
2016-01-24T00:06:48.000000;2016-01-24T00:06:48.000000;51a6ac6e-6514-4362-8dd6-c04a14c0fbe2;386.82;0.11721618;UNKNOWN
2016-01-24T00:07:33.000000;2016-01-24T00:07:33.000000;2c749318-7ea8-4bad-a6a2-65067928614e;386.4;2.0;UNKNOWN
2016-01-24T00:07:43.000000;2016-01-24T00:07:43.000000;f4464d9d-34ed-4e9a-aedb-968dc85c5e0d;386.35;0.05177681;UNKNOWN
2016-01-24T00:08:19.000000;2016-01-24T00:08:19.000000;f5ab60ff-67fb-48a1-93f9-e7da948862b7;386.82;1.5;UNKNOWN
2016-01-24T00:08:19.000000;2016-01-24T00:08:19.000000;014371e6-f047-4719-ab95-d66e0d999677;386.84;2.43;UNKNOWN
2016-01-24T00:08:19.000000;2016-01-24T00:08:19.000000;f8c0e08d-e0b0-4c1e-b0ec-ee49e95a10f3;386.81;0.5;UNKNOWN
2016-01-24T00:08:19.000000;2016-01-24T00:08:19.000000;7f7e49fe-964f-4dca-acbc-ef2309238815;386.83;3.0;UNKNOWN
2016-01-24T00:08:37.000000;2016-01-24T00:08:37.000000;1eddf652-29be-4cb0-adc9-e58a12802380;386.74;0.06761246;UNKNOWN
2016-01-24T00:09:14.000000;2016-01-24T00:09:14.000000;a1009eca-0a2c-43eb-b83c-b48d3b7d6d8f;386.15;0.13522492;UNKNOWN
2016-01-24T00:09:51.000000;2016-01-24T00:09:51.000000;50b3723e-abe6-4785-a0e4-883d3d9fe0cf;386.86;0.8189;UNKNOWN
2016-01-24T00:09:51.000000;2016-01-24T00:09:51.000000;2ebf5c82-87f6-42f8-9fa3-436c69aafa4f;386.85;0.5;UNKNOWN
2016-01-24T00:11:05.000000;2016-01-24T00:11:05.000000;f68b9d83-d622-4455-b354-49e79d2da934;386.93;0.0300319;UNKNOWN
2016-01-24T00:12:06.000000;2016-01-24T00:12:06.000000;72f86aea-d98a-46f8-a9aa-fbd458daedd3;386.6;0.3;UNKNOWN
2016-01-24T00:12:06.000000;2016-01-24T00:12:06.000000;9fb90005-2297-4b4b-88c0-ba4e801c1986;386.6;0.3;UNKNOWN
2016-01-24T00:12:07.000000;2016-01-24T00:12:07.000000;5be3a58b-509b-41d3-992e-c47da4bcba61;386.6;0.3;UNKNOWN
2016-01-24T00:12:19.000000;2016-01-24T00:12:19.000000;437677fa-4a19-4017-bd91-3f610e719af9;386.6;2.0;UNKNOWN
2016-01-24T00:12:27.000000;2016-01-24T00:12:27.000000;c5af4727-b342-4d79-96d2-a3484793e414;386.6;0.01;UNKNOWN
2016-01-24T00:12:41.000000;2016-01-24T00:12:41.000000;d47561b1-5595-4b2a-9677-53e3b03b51fb;386.6;0.29;UNKNOWN
2016-01-24T00:12:41.000000;2016-01-24T00:12:41.000000;f43a4ed4-f36e-4402-a966-7b45eb9b8741;386.6;0.3;UNKNOWN
2016-01-24T00:12:58.000000;2016-01-24T00:12:58.000000;1d421030-4d62-4e0a-a4fc-6c74f24c07b5;386.6;0.3;UNKNOWN
2016-01-24T00:13:11.000000;2016-01-24T00:13:11.000000;a1532e3b-179e-4303-ac44-f67f3ccf854e;386.6;0.3;UNKNOWN
2016-01-24T00:13:11.000000;2016-01-24T00:13:11.000000;036fc0e2-342e-4ad8-9399-6bf6946adebe;386.6;0.3;UNKNOWN
2016-01-24T00:13:23.000000;2016-01-24T00:13:23.000000;ca043bbe-e066-4d93-b09b-f8dba202acd2;386.6;0.3;UNKNOWN
2016-01-24T00:13:23.000000;2016-01-24T00:13:23.000000;4b242f0c-467a-4cd6-a3a2-92f8289c195b;386.6;0.06732029;UNKNOWN
2016-01-24T00:13:23.000000;2016-01-24T00:13:23.000000;a755fd9c-22be-4c44-aa66-4d7949aebbca;386.6;0.11;UNKNOWN
2016-01-24T00:13:33.000000;2016-01-24T00:13:33.000000;b2fbff74-135b-40d5-8a24-6396990a94df;386.6;1.0;UNKNOWN
2016-01-24T00:14:01.000000;2016-01-24T00:14:01.000000;bc6dc68b-0de7-4aaa-98c6-48feef2abe8e;386.6;0.63877432;UNKNOWN
2016-01-24T00:16:09.000000;2016-01-24T00:16:09.000000;c29dd45e-536a-4872-8554-f4628812bf35;386.64;0.53;UNKNOWN
2016-01-24T00:18:08.000000;2016-01-24T00:18:08.000000;d720177f-8024-4b12-89dc-cd3e248bab7f;386.71;1.0;UNKNOWN
2016-01-24T00:18:09.000000;2016-01-24T00:18:09.000000;705ae1d1-983c-4e27-87bc-dec1a41eb028;386.71;0.32723942;UNKNOWN
2016-01-24T00:18:25.000000;2016-01-24T00:18:25.000000;ccb24058-142c-4db0-8599-922c65fd7caf;386.61;0.04;UNKNOWN
2016-01-24T00:19:37.000000;2016-01-24T00:19:37.000000;365029d3-88d4-4a3a-a606-79a7022a5089;386.76;0.0817;UNKNOWN
2016-01-24T00:19:37.000000;2016-01-24T00:19:37.000000;0b3dba93-1527-4942-a1c4-3194e7dd0e34;386.75;6.4183;UNKNOWN
2016-01-24T00:19:37.000000;2016-01-24T00:19:37.000000;7691bdf8-5591-4a89-8ed7-da1d3e28167b;386.76;0.5;UNKNOWN
2016-01-24T00:19:40.000000;2016-01-24T00:19:40.000000;faee6210-0b75-4e3d-a67f-275571a8d5cf;386.61;0.1;UNKNOWN
2016-01-24T00:23:06.000000;2016-01-24T00:23:06.000000;98286350-2e9d-4079-9352-fdc3316955a2;386.6;0.18;UNKNOWN
2016-01-24T00:23:06.000000;2016-01-24T00:23:06.000000;5d508985-9c2d-4d1c-9f0c-ab13c70b38b7;386.6;0.19;UNKNOWN
2016-01-24T00:23:07.000000;2016-01-24T00:23:07.000000;b6024fb2-ce67-4432-9eb4-d1f85d5e126a;386.6;0.19;UNKNOWN
2016-01-24T00:23:18.000000;2016-01-24T00:23:18.000000;b4965486-e3a4-4a7e-9460-e9ff0dd9c72a;386.6;0.92390539;UNKNOWN
2016-01-24T00:23:18.000000;2016-01-24T00:23:18.000000;368fd00a-ea1d-4d98-baa0-2815abf627eb;386.25;1.66533672;UNKNOWN
2016-01-24T00:23:46.000000;2016-01-24T00:23:46.000000;57c6fef6-f118-4499-a432-ae04009b8993;386.01;0.08666281;UNKNOWN
2016-01-24T00:23:54.000000;2016-01-24T00:23:54.000000;7f7ceae6-d479-4cb0-9f68-9e37a870597e;385.92;0.9162622;UNKNOWN
2016-01-24T00:23:54.000000;2016-01-24T00:23:54.000000;3e93ba78-5c93-4251-80fb-433f77a93d15;385.94;0.4;UNKNOWN
2016-01-24T00:24:44.000000;2016-01-24T00:24:44.000000;de72cd95-8372-4a7d-a6ca-47f772427950;386.68;0.3;UNKNOWN
2016-01-24T00:25:40.000000;2016-01-24T00:25:40.000000;d76173cb-908c-4d6e-9a88-d096b32798a3;386.09;2.4747;UNKNOWN
2016-01-24T00:29:18.000000;2016-01-24T00:29:18.000000;92a0b0ff-3724-4172-9954-7bbff1296e47;386.35;0.12428362;UNKNOWN
2016-01-24T00:30:20.000000;2016-01-24T00:30:20.000000;15e1e586-5c66-49a6-8a1f-5012665b7bc2;386.3;5.0;UNKNOWN
2016-01-24T00:30:20.000000;2016-01-24T00:30:20.000000;cc7231b2-238d-49f9-b7c5-4421d0506947;386.3;0.23;UNKNOWN
2016-01-24T00:30:37.000000;2016-01-24T00:30:37.000000;2ec8bc6a-4ab9-44b6-9a7a-eb14c5a26c18;386.3;4.77;UNKNOWN
2016-01-24T00:31:13.000000;2016-01-24T00:31:13.000000;c2d47cac-048f-4274-85c5-7ef2bc8f7f16;386.1;0.025;UNKNOWN
2016-01-24T00:31:13.000000;2016-01-24T00:31:13.000000;c922ac24-936d-4d02-8e47-d8c0af058937;386.02;0.03459727;UNKNOWN
2016-01-24T00:32:56.000000;2016-01-24T00:32:56.000000;6fe1fe2c-2f0e-4af0-af3c-2f36282ddecb;386.51;0.09207683;UNKNOWN
2016-01-24T00:33:29.000000;2016-01-24T00:33:29.000000;9d436e40-5d8f-47b7-96e6-191e7be59555;386.4;0.02;UNKNOWN
2016-01-24T00:33:43.000000;2016-01-24T00:33:43.000000;8688c28c-24bf-4055-915b-4a08f46125b7;386.39;0.6;UNKNOWN
2016-01-24T00:36:01.000000;2016-01-24T00:36:01.000000;88027b51-2828-4205-bf70-4a3eca0d7f10;386.36;0.65978055;UNKNOWN
2016-01-24T00:38:05.000000;2016-01-24T00:38:05.000000;3978b123-343b-4470-a3e2-2497065424dc;386.36;1.2;UNKNOWN
2016-01-24T00:39:38.000000;2016-01-24T00:39:38.000000;2b46ffe1-7787-444c-b175-4011038e887c;386.02;0.05772751;UNKNOWN
2016-01-24T00:39:38.000000;2016-01-24T00:39:38.000000;a6c12b2e-4f61-4b37-bbf0-59adab98dedf;386.35;0.02;UNKNOWN
2016-01-24T00:40:37.000000;2016-01-24T00:40:37.000000;2cb7232a-834b-4811-bcf1-3968f335e73f;386.0;0.1;UNKNOWN
2016-01-24T00:40:37.000000;2016-01-24T00:40:37.000000;eec3caed-dd50-4467-ab53-68556145c726;386.02;0.15767522;UNKNOWN
2016-01-24T00:41:05.000000;2016-01-24T00:41:05.000000;ce855e4f-4e0e-42bd-839b-2f25aa6bbace;386.0;0.1;UNKNOWN
2016-01-24T00:41:13.000000;2016-01-24T00:41:13.000000;37ccefc5-fa8d-4f10-b416-ffbad8502b0d;385.87;0.14722871;UNKNOWN
2016-01-24T00:41:32.000000;2016-01-24T00:41:32.000000;ba7a7944-b654-4fec-81a1-54bdf8ee5239;386.0;5.0;UNKNOWN
2016-01-24T00:41:49.000000;2016-01-24T00:41:49.000000;3ae4317e-56b1-4bcc-8735-44edf1c97df3;385.93;0.5;UNKNOWN
2016-01-24T00:41:49.000000;2016-01-24T00:41:49.000000;51de337a-20ef-441f-8d14-69a6f650c175;385.94;0.5;UNKNOWN
2016-01-24T00:41:59.000000;2016-01-24T00:41:59.000000;81d5e47c-40e0-474f-9cf3-25c22a4ea24f;386.0;0.02;UNKNOWN
2016-01-24T00:43:06.000000;2016-01-24T00:43:06.000000;8b109a43-5fe7-49eb-ae9e-6ed3dc7a2425;386.0;0.2;UNKNOWN
2016-01-24T00:44:01.000000;2016-01-24T00:44:01.000000;c290fa30-4bd3-4b76-b0c8-d11ec932dad8;385.99;0.7219;UNKNOWN
2016-01-24T00:44:34.000000;2016-01-24T00:44:34.000000;8f7d2e0a-4ebb-499b-b7be-a361dda8733b;386.0;5.0;UNKNOWN
2016-01-24T00:44:47.000000;2016-01-24T00:44:47.000000;76acb63d-8ef7-4996-89a1-e672dddbb2d7;386.41;0.52;UNKNOWN
2016-01-24T00:44:47.000000;2016-01-24T00:44:47.000000;c3a8bcff-0f30-4eb3-90fe-fd3a3b1c9a63;386.56;4.80473322;UNKNOWN
2016-01-24T00:44:47.000000;2016-01-24T00:44:47.000000;4acc66ad-b6b2-4ab3-b3ff-f7cf3c14e724;386.0;4.42232478;UNKNOWN
2016-01-24T00:44:47.000000;2016-01-24T00:44:47.000000;d858370b-16ff-45a1-a64e-a66823949538;386.4;0.022942;UNKNOWN
2016-01-24T00:45:13.000000;2016-01-24T00:45:13.000000;0584234a-d8b4-4d0d-9ac3-14c72fc43315;386.52;0.37509005;UNKNOWN
2016-01-24T00:46:13.000000;2016-01-24T00:46:13.000000;326c2066-543f-4bd2-8ca7-2174aa2c1603;386.63;0.76702803;UNKNOWN
2016-01-24T00:47:03.000000;2016-01-24T00:47:03.000000;8774e127-8e05-4b2e-8485-7909aca44ffc;386.61;0.129566;UNKNOWN
2016-01-24T00:47:48.000000;2016-01-24T00:47:48.000000;6c802ac9-fbf6-4c11-898e-a0f775c01e0f;386.8;0.014569;UNKNOWN
2016-01-24T00:47:50.000000;2016-01-24T00:47:50.000000;4ba0b664-b8bb-48d0-af94-8e9e239a066e;386.83;0.013366;UNKNOWN
2016-01-24T00:48:10.000000;2016-01-24T00:48:10.000000;9119eda0-9a95-4997-ad96-24e5273bd90f;387.41;7.0;UNKNOWN
2016-01-24T00:48:10.000000;2016-01-24T00:48:10.000000;a81ccd92-fd99-4b1e-bfa6-914bf7b90aaa;387.41;6.4369;UNKNOWN
2016-01-24T00:48:31.000000;2016-01-24T00:48:31.000000;1d67f09a-e848-4f4f-84cb-acd5ffdad703;387.79;0.4118;UNKNOWN
2016-01-24T00:48:33.000000;2016-01-24T00:48:33.000000;f02a13d8-0b95-4a1a-b0e9-8a9b7bc9ac10;387.8;2.58588366;UNKNOWN
2016-01-24T00:48:40.000000;2016-01-24T00:48:40.000000;9fa4e121-5bb3-4032-9875-20d95cc799ad;387.88;1.307;UNKNOWN
2016-01-24T00:48:43.000000;2016-01-24T00:48:43.000000;f66f6a68-ca3f-4ccf-8932-6ea0523266c5;387.2;0.04401597;UNKNOWN
2016-01-24T00:49:26.000000;2016-01-24T00:49:26.000000;cd60b341-e607-40b2-a5b5-5c8159b4b572;387.25;0.12469612;UNKNOWN
2016-01-24T00:49:32.000000;2016-01-24T00:49:32.000000;c396bd91-c4be-42f6-9969-4c2fc04b2890;387.25;0.37530388;UNKNOWN
2016-01-24T00:49:32.000000;2016-01-24T00:49:32.000000;471d80cc-01ee-4872-9cae-d7598405108e;387.23;4.62395164;UNKNOWN
2016-01-24T00:49:32.000000;2016-01-24T00:49:32.000000;00e72bdb-c470-4f8b-b7df-1472a437cc22;387.26;0.3;UNKNOWN
2016-01-24T00:49:32.000000;2016-01-24T00:49:32.000000;b06b4b6f-6cdf-4b6a-a07f-f66a9d09fc12;387.27;1.17;UNKNOWN
2016-01-24T00:50:29.000000;2016-01-24T00:50:29.000000;df68a496-057e-4fc9-8052-8ed73e899dc5;386.68;0.1;UNKNOWN
2016-01-24T00:50:35.000000;2016-01-24T00:50:35.000000;b876264f-8f46-4ec6-800f-eb70b2b5e514;386.63;0.25249657;UNKNOWN
2016-01-24T00:50:50.000000;2016-01-24T00:50:50.000000;e9e2e550-91b5-4011-9cd0-936c632cdcb9;386.62;0.1;UNKNOWN
2016-01-24T00:50:57.000000;2016-01-24T00:50:57.000000;580644f9-bb3b-4f44-b398-b54a5cdcc284;386.62;1.5;UNKNOWN
2016-01-24T00:51:03.000000;2016-01-24T00:51:03.000000;4e4b079b-1c2b-446d-af81-1e2d1b926f5a;386.63;0.505;UNKNOWN
2016-01-24T00:51:42.000000;2016-01-24T00:51:42.000000;8c9be112-1b8f-45bb-9c15-0f4b98a628a0;387.0;0.1;UNKNOWN
2016-01-24T00:53:06.000000;2016-01-24T00:53:06.000000;b78567b5-7e37-477b-b635-f43c66f2378e;387.25;3.0;UNKNOWN
2016-01-24T00:53:06.000000;2016-01-24T00:53:06.000000;6778e8cb-5c96-4898-bebc-11ff5b0325ea;387.51;0.26331744;UNKNOWN
2016-01-24T00:53:06.000000;2016-01-24T00:53:06.000000;403bcc7e-eb88-4caa-a1da-c243d8b1b223;387.24;0.5;UNKNOWN
2016-01-24T00:53:28.000000;2016-01-24T00:53:28.000000;60f93359-f203-4af1-8a21-25674c552d65;387.27;1.304386;UNKNOWN
2016-01-24T00:53:36.000000;2016-01-24T00:53:36.000000;886524b2-ab75-453a-a106-db1b10af32d7;387.41;7.6442;UNKNOWN
2016-01-24T00:53:54.000000;2016-01-24T00:53:54.000000;64f97ac9-5ca0-46c5-b7e8-40d27966a98a;387.1;0.01;UNKNOWN
2016-01-24T00:53:56.000000;2016-01-24T00:53:56.000000;24115ebb-ef20-451d-8bca-420da3199a2f;387.69;0.017;UNKNOWN
2016-01-24T00:54:18.000000;2016-01-24T00:54:18.000000;cbf15c63-abd3-407e-8663-0e9e9daafce8;387.24;0.1032;UNKNOWN
2016-01-24T00:55:49.000000;2016-01-24T00:55:49.000000;99f21f05-9869-4464-8abc-d6b8ffd1d911;387.49;11.03;UNKNOWN
2016-01-24T00:55:52.000000;2016-01-24T00:55:52.000000;480c57c7-9c0d-4c0b-84d9-a8e390217648;387.48;1.00210916;UNKNOWN
2016-01-24T00:56:04.000000;2016-01-24T00:56:04.000000;9b11cc70-86c7-42e3-852a-49af6bd3916c;387.5;0.1;UNKNOWN
2016-01-24T00:56:25.000000;2016-01-24T00:56:25.000000;0ce2bafd-2afc-472b-8c59-ba1fdc8edf1a;387.5;0.9;UNKNOWN
2016-01-24T00:56:25.000000;2016-01-24T00:56:25.000000;97760ef3-af4a-4f88-ba1d-966e70e15117;387.97;16.0031;UNKNOWN
2016-01-24T00:56:46.000000;2016-01-24T00:56:46.000000;7afa9384-8b5b-45ed-b65d-cf2a6b13560c;387.99;2.6001;UNKNOWN
2016-01-24T00:57:40.000000;2016-01-24T00:57:40.000000;949dcdfd-cc7d-465b-abce-a9d39ddba6b8;388.0;2.025;UNKNOWN
2016-01-24T00:57:40.000000;2016-01-24T00:57:40.000000;cf01f20c-db96-48b9-8585-d7a9fab27ee9;388.0;2.025;UNKNOWN
2016-01-24T00:57:40.000000;2016-01-24T00:57:40.000000;991e89ee-acf2-4342-8039-80a37a27d849;388.0;2.01989582;UNKNOWN
2016-01-24T00:57:40.000000;2016-01-24T00:57:40.000000;7885663f-eaab-4d15-9cde-021f895e6f7e;387.99;2.3999;UNKNOWN
2016-01-24T00:58:06.000000;2016-01-24T00:58:06.000000;bb8719d1-27b9-49b6-9cce-3b570f93ad14;388.16;0.05;UNKNOWN
2016-01-24T00:58:06.000000;2016-01-24T00:58:06.000000;16431c90-66fd-4265-bb5c-111afa07fe06;388.27;0.59297176;UNKNOWN
2016-01-24T00:58:06.000000;2016-01-24T00:58:06.000000;08ced410-ffb9-4dfe-8ec0-508559866ff5;388.26;0.5;UNKNOWN
2016-01-24T00:58:06.000000;2016-01-24T00:58:06.000000;43e14d1e-ea27-4a07-afd0-12f2dcb29d1c;388.19;0.4;UNKNOWN
2016-01-24T00:58:14.000000;2016-01-24T00:58:14.000000;dfdc48a3-1a6b-43a0-9da7-b37e8814f6ef;388.4;1.0;UNKNOWN
2016-01-24T00:58:41.000000;2016-01-24T00:58:41.000000;8b92d5b8-87be-4df6-b737-f69fbb623d73;388.4;5.0;UNKNOWN
2016-01-24T00:59:14.000000;2016-01-24T00:59:14.000000;32512b82-486f-4b00-b0ad-76404a358c4c;388.39;0.01;UNKNOWN
2016-01-24T00:59:14.000000;2016-01-24T00:59:14.000000;787d2f03-b8f4-4253-b38f-9131d3a5fa78;388.39;0.3;UNKNOWN
2016-01-24T00:59:14.000000;2016-01-24T00:59:14.000000;ddb1d664-1c92-4113-a57f-fcd82326f7e0;388.39;0.0001;UNKNOWN
2016-01-24T01:00:04.000000;2016-01-24T01:00:04.000000;49b3c8b3-ff40-4b24-a102-8706d4c450b6;388.0;2.0;UNKNOWN
2016-01-24T01:00:04.000000;2016-01-24T01:00:04.000000;94b72864-3795-4a03-a730-91a88c153687;387.98;0.2799;UNKNOWN
2016-01-24T01:00:04.000000;2016-01-24T01:00:04.000000;45b69851-e7e1-4699-8588-5cc58c717130;387.98;0.01;UNKNOWN
2016-01-24T01:00:22.000000;2016-01-24T01:00:22.000000;77f0783f-9a63-4b76-831e-921007a05993;388.02;0.774947;UNKNOWN
2016-01-24T01:00:28.000000;2016-01-24T01:00:28.000000;c174fd33-5fa0-45cc-9cf3-80aab0bb395b;388.0;0.10857123;UNKNOWN
2016-01-24T01:00:48.000000;2016-01-24T01:00:48.000000;16bebddd-384b-4c7c-9384-1a07caee9233;388.19;0.02;UNKNOWN
2016-01-24T01:00:51.000000;2016-01-24T01:00:51.000000;1b84a8a7-efd3-4bc6-aef2-b34c5a229415;388.2;2.0;UNKNOWN
2016-01-24T01:01:13.000000;2016-01-24T01:01:13.000000;6d5670e7-20d7-4364-90f7-103bd7efac14;388.64;0.05;UNKNOWN
2016-01-24T01:01:13.000000;2016-01-24T01:01:13.000000;a4c0652f-eaf4-4bc2-ae38-64d2ee9f7ab1;388.5;1.0;UNKNOWN
2016-01-24T01:01:13.000000;2016-01-24T01:01:13.000000;2034e12b-ed79-4814-8b76-d53d3e251316;388.89;3.9038;UNKNOWN
2016-01-24T01:01:31.000000;2016-01-24T01:01:31.000000;533c8122-3693-41ec-acd8-7ed50773902e;389.0;20.0;UNKNOWN
2016-01-24T01:01:31.000000;2016-01-24T01:01:31.000000;6d927049-3541-4b3f-af71-8f6d134a7447;388.99;7.0;UNKNOWN
2016-01-24T01:01:31.000000;2016-01-24T01:01:31.000000;af6464d1-3a5b-4781-ab44-bfd398becbd9;389.0;0.1;UNKNOWN
2016-01-24T01:01:31.000000;2016-01-24T01:01:31.000000;7aca8589-9eac-4ef0-87ab-0a74e97eea55;389.0;4.0;UNKNOWN
2016-01-24T01:01:31.000000;2016-01-24T01:01:31.000000;a1d7a2d9-9815-4628-9528-a1096dc1dc1e;389.08;2.57509624;UNKNOWN
2016-01-24T01:01:31.000000;2016-01-24T01:01:31.000000;bd7ba49f-27e3-4dd1-8ca6-d4ef789c3762;389.24;28.2658;UNKNOWN
2016-01-24T01:01:31.000000;2016-01-24T01:01:31.000000;5df3b983-67d5-44d0-bcbe-c5827ce5bfff;389.32;2.57509624;UNKNOWN
2016-01-24T01:01:31.000000;2016-01-24T01:01:31.000000;05d6faf1-3161-4c19-b09c-51bb6f1325fc;389.32;17.374;UNKNOWN
2016-01-24T01:01:31.000000;2016-01-24T01:01:31.000000;994767a9-6258-4aa8-b14e-e9463ed49b43;389.25;9.0;UNKNOWN
2016-01-24T01:01:31.000000;2016-01-24T01:01:31.000000;1aa4dcd2-cc7b-417a-871e-f390f13a7d1c;389.19;2.57516256;UNKNOWN
2016-01-24T01:01:32.000000;2016-01-24T01:01:32.000000;eae6c229-cefe-47d4-b0d8-2bd8be93565e;389.41;7.0;UNKNOWN
2016-01-24T01:01:33.000000;2016-01-24T01:01:33.000000;6439b0b2-8f4c-43a7-9f6f-7fd9caa727e5;389.45;2.0;UNKNOWN
2016-01-24T01:01:40.000000;2016-01-24T01:01:40.000000;b7df464a-398e-43cd-8475-86eb92040e9f;389.45;0.57502993;UNKNOWN
2016-01-24T01:01:40.000000;2016-01-24T01:01:40.000000;aa5b915e-aaaa-4e8a-8acf-3757e8478b0d;389.55;0.4;UNKNOWN
2016-01-24T01:01:49.000000;2016-01-24T01:01:49.000000;39498140-cc3f-44c2-92ec-840fdc840123;389.62;2.57476473;UNKNOWN
2016-01-24T01:01:49.000000;2016-01-24T01:01:49.000000;3ddbd025-3ab2-4483-8a50-258340487ebf;389.6;2.57974641;UNKNOWN
2016-01-24T01:01:49.000000;2016-01-24T01:01:49.000000;03b7061e-fb97-4928-9167-63bc3495fcd5;389.71;2.57688789;UNKNOWN
2016-01-24T01:01:49.000000;2016-01-24T01:01:49.000000;08a0cbec-adf4-4e03-8277-35afd820e23d;389.67;1.0;UNKNOWN
2016-01-24T01:01:49.000000;2016-01-24T01:01:49.000000;664f4b7f-7ee1-48fc-b47c-d0598456e4a0;389.76;0.06770097;UNKNOWN
2016-01-24T01:02:05.000000;2016-01-24T01:02:05.000000;6a9923e1-cd64-4b43-b577-71026c1994ed;389.57;0.11440395;UNKNOWN
2016-01-24T01:02:18.000000;2016-01-24T01:02:18.000000;a678de36-7382-4632-8193-424d7266407c;389.55;0.85833007;UNKNOWN
2016-01-24T01:02:18.000000;2016-01-24T01:02:18.000000;6f885199-5e94-4c0f-bb9b-55351249c8a5;389.55;0.14166993;UNKNOWN
2016-01-24T01:02:23.000000;2016-01-24T01:02:23.000000;de89c5df-5947-4c9e-bbda-1a01ede4b62f;389.5;1.80588;UNKNOWN
2016-01-24T01:02:32.000000;2016-01-24T01:02:32.000000;9b7a0c4f-0edf-4346-a55b-4343d99edeec;389.56;0.042;UNKNOWN
2016-01-24T01:03:05.000000;2016-01-24T01:03:05.000000;2de2b329-a142-41b7-8bd6-9f21c004a71c;389.79;0.198;UNKNOWN
2016-01-24T01:03:05.000000;2016-01-24T01:03:05.000000;1b3adbcc-3f35-4e46-ace6-385f2f3c68e0;389.78;0.172;UNKNOWN
2016-01-24T01:03:06.000000;2016-01-24T01:03:06.000000;efbc10cb-ee53-45cd-ba11-73d4eb814d89;389.79;3.60137881;UNKNOWN
2016-01-24T01:03:08.000000;2016-01-24T01:03:08.000000;41a0d4b0-015a-4fe1-93da-a5c5951469d6;389.79;0.3;UNKNOWN
2016-01-24T01:03:17.000000;2016-01-24T01:03:17.000000;f16e2bd1-01eb-4bab-b527-0001e8c55722;389.59;0.5;UNKNOWN
2016-01-24T01:03:18.000000;2016-01-24T01:03:18.000000;940d1768-6f8a-45e5-97e3-362516c129cc;389.58;0.17218759;UNKNOWN
2016-01-24T01:03:34.000000;2016-01-24T01:03:34.000000;9cbbad1c-bdb4-4981-9a4f-3a34ad733784;389.58;6.986;UNKNOWN
2016-01-24T01:03:52.000000;2016-01-24T01:03:52.000000;777cd89a-23b4-4691-af6f-19ce75ed703f;389.59;1.2941;UNKNOWN
2016-01-24T01:04:25.000000;2016-01-24T01:04:25.000000;347c93f6-d72e-4d98-a58f-c9d6d8b95dab;389.58;2.0;UNKNOWN
2016-01-24T01:04:27.000000;2016-01-24T01:04:27.000000;8d1c1b28-f50c-4621-9de9-972e16ffc0fd;389.58;0.2;UNKNOWN
2016-01-24T01:04:34.000000;2016-01-24T01:04:34.000000;9a5228a0-6b94-448e-b305-9090a9d0dade;389.59;0.1043;UNKNOWN
2016-01-24T01:04:53.000000;2016-01-24T01:04:53.000000;da8b94e3-c6b6-4a5c-8fff-37d03ac0e3dd;389.58;0.06;UNKNOWN
2016-01-24T01:04:55.000000;2016-01-24T01:04:55.000000;f1ccdf5c-3b34-413a-8409-9288fc58b893;389.58;0.086;UNKNOWN
2016-01-24T01:04:56.000000;2016-01-24T01:04:56.000000;479c095b-aaa8-4779-a57c-598190af2636;389.58;1.2915118;UNKNOWN
2016-01-24T01:04:56.000000;2016-01-24T01:04:56.000000;1351514f-c144-45c3-8236-6dd657d377f1;389.58;0.3;UNKNOWN
2016-01-24T01:04:57.000000;2016-01-24T01:04:57.000000;f4caeac4-bbb9-4e85-b8cc-fd4ec5f1948f;389.58;0.7;UNKNOWN
2016-01-24T01:05:01.000000;2016-01-24T01:05:01.000000;ce93043e-99e8-45d9-be97-f23b49c99472;389.59;2.08879874;UNKNOWN
2016-01-24T01:05:01.000000;2016-01-24T01:05:01.000000;44222dde-f4f4-458c-80a3-5a3c8c28fcc3;389.59;0.08120126;UNKNOWN
2016-01-24T01:05:04.000000;2016-01-24T01:05:04.000000;cd2db859-2c29-4942-a52b-9068d6271034;389.59;2.17;UNKNOWN
2016-01-24T01:05:08.000000;2016-01-24T01:05:08.000000;b89b7686-6734-4560-ac77-2563df9ba528;389.58;0.06;UNKNOWN
2016-01-24T01:05:11.000000;2016-01-24T01:05:11.000000;07d77272-40b7-4e23-bd6e-035a9d22ed8a;389.58;0.06968456;UNKNOWN
2016-01-24T01:05:32.000000;2016-01-24T01:05:32.000000;e5bda1ad-ddca-42a0-83be-a685c6535c53;389.51;0.2870127;UNKNOWN
2016-01-24T01:05:34.000000;2016-01-24T01:05:34.000000;9a0e4b1e-7933-40bc-be5b-5a02cbe7b0c3;389.51;2.71981634;UNKNOWN
2016-01-24T01:05:34.000000;2016-01-24T01:05:34.000000;1779bbba-0975-4cb2-9b5f-a4baf3434ba2;389.51;2.28018366;UNKNOWN
2016-01-24T01:05:44.000000;2016-01-24T01:05:44.000000;720557c5-481a-48eb-8a63-47d7ee14a38f;389.5;0.01;UNKNOWN
2016-01-24T01:05:47.000000;2016-01-24T01:05:47.000000;808eb94b-c81e-4555-b091-06e2182ac0be;389.5;0.03;UNKNOWN
2016-01-24T01:05:48.000000;2016-01-24T01:05:48.000000;1680e3b3-89a5-4e89-95ed-fbfae7945f11;389.5;2.51245007;UNKNOWN
2016-01-24T01:05:55.000000;2016-01-24T01:05:55.000000;b0dfd0ef-8428-4d7f-8f3b-1145444e5609;389.4;2.56719636;UNKNOWN
2016-01-24T01:06:12.000000;2016-01-24T01:06:12.000000;7b44727e-d68d-4810-b98e-e6b95a2b93d8;389.29;0.15;UNKNOWN
2016-01-24T01:06:41.000000;2016-01-24T01:06:41.000000;b96e8a13-1f11-4e8b-a402-e5012772a367;389.32;1.2897;UNKNOWN
2016-01-24T01:06:45.000000;2016-01-24T01:06:45.000000;1bf9861d-3d5c-437b-85fa-b604c1ed5762;389.29;0.5;UNKNOWN
2016-01-24T01:07:27.000000;2016-01-24T01:07:27.000000;9532c4ef-47a9-4e60-b1f5-368376253cb4;388.99;0.5;UNKNOWN
2016-01-24T01:09:33.000000;2016-01-24T01:09:33.000000;fb11a11f-f56e-4a9a-aa4a-af29c9afb840;388.8;0.4;UNKNOWN
2016-01-24T01:09:33.000000;2016-01-24T01:09:33.000000;673b1000-6b58-4c0b-b639-59b1d5089e99;388.72;0.5871206;UNKNOWN
2016-01-24T01:09:33.000000;2016-01-24T01:09:33.000000;f745088d-8415-46ff-b2df-af7bcb506559;388.8;0.3;UNKNOWN
2016-01-24T01:11:19.000000;2016-01-24T01:11:19.000000;0294c65d-6c2b-45ff-b336-a7457f86dee1;388.38;0.04076879;UNKNOWN
2016-01-24T01:11:28.000000;2016-01-24T01:11:28.000000;a8ad683a-2ac9-4475-9682-9f29d0d0cba6;388.39;4.0;UNKNOWN
2016-01-24T01:11:28.000000;2016-01-24T01:11:28.000000;27ba63fa-280f-41a9-8f82-0f8a0b563e29;388.39;3.0;UNKNOWN
2016-01-24T01:11:28.000000;2016-01-24T01:11:28.000000;a795a9b5-b739-42c2-96d5-b732c3326218;388.39;6.3554;UNKNOWN
2016-01-24T01:12:06.000000;2016-01-24T01:12:06.000000;df7035c7-88a0-4983-9d52-97ead4215201;388.47;2.01862016;UNKNOWN
2016-01-24T01:12:06.000000;2016-01-24T01:12:06.000000;489e4cc9-6d7c-4028-a80a-46bac5d233fa;388.46;1.84;UNKNOWN
2016-01-24T01:14:08.000000;2016-01-24T01:14:08.000000;900f5331-af3f-4b92-950e-0e30c7b93835;388.38;0.1204;UNKNOWN
2016-01-24T01:14:10.000000;2016-01-24T01:14:10.000000;af69e1dc-4fba-47ce-95a3-0148fbe73c3e;388.38;0.1;UNKNOWN
2016-01-24T01:14:50.000000;2016-01-24T01:14:50.000000;92590c24-5ae0-4251-af10-ff9e9b8687d6;388.3;0.25923121;UNKNOWN
2016-01-24T01:14:50.000000;2016-01-24T01:14:50.000000;55aa021a-bdc9-4244-99c6-6eb1ae6bf15c;388.07;7.0;UNKNOWN
2016-01-24T01:14:50.000000;2016-01-24T01:14:50.000000;108f3c55-9602-41ce-8b50-5f01106f5e3a;388.07;2.15347715;UNKNOWN
2016-01-24T01:14:50.000000;2016-01-24T01:14:50.000000;af0c273f-375a-42c6-9ce1-08600af6200a;388.38;0.03883121;UNKNOWN
2016-01-24T01:15:04.000000;2016-01-24T01:15:04.000000;d53a117e-cfaf-4256-9174-33f9c3caa761;388.49;0.5;UNKNOWN
2016-01-24T01:15:38.000000;2016-01-24T01:15:38.000000;33632a36-0537-499a-99c5-a4a6c68617e6;387.89;0.06958913;UNKNOWN
2016-01-24T01:17:06.000000;2016-01-24T01:17:06.000000;dc190fba-153a-4909-8eb0-99bd81ed6c9e;388.49;0.07538779;UNKNOWN
2016-01-24T01:19:06.000000;2016-01-24T01:19:06.000000;1953e21a-b6a6-4eeb-80ff-5af9f4998b14;388.06;0.03364879;UNKNOWN
2016-01-24T01:19:19.000000;2016-01-24T01:19:19.000000;8647a339-fa54-49f9-88f7-07b8aed3738d;388.45;1.67276058;UNKNOWN
2016-01-24T01:20:38.000000;2016-01-24T01:20:38.000000;a202f6b4-97ab-4c41-8356-e92693dc9a71;388.28;0.14703909;UNKNOWN
2016-01-24T01:22:05.000000;2016-01-24T01:22:05.000000;74415506-67ad-4a0f-b536-f5be89bbb999;388.48;1.0;UNKNOWN
2016-01-24T01:22:19.000000;2016-01-24T01:22:19.000000;4a934b3a-e460-48af-8d1c-c52c7c21ae46;388.52;0.086;UNKNOWN
2016-01-24T01:23:10.000000;2016-01-24T01:23:10.000000;51146ac7-0d06-4f4f-ab92-40b410d7d9c6;388.52;0.465907;UNKNOWN
2016-01-24T01:23:15.000000;2016-01-24T01:23:15.000000;41c6b318-9ec3-4d79-b091-75cc129bbfd6;388.52;0.24;UNKNOWN
2016-01-24T01:26:36.000000;2016-01-24T01:26:36.000000;fab2bc5e-b06e-4d24-825b-f8b76c0f6f49;388.53;0.214;UNKNOWN
2016-01-24T01:27:40.000000;2016-01-24T01:27:40.000000;58635969-c4c3-4f2c-97b7-97c7e2f6e64b;388.52;0.6776202;UNKNOWN
2016-01-24T01:29:43.000000;2016-01-24T01:29:43.000000;46645747-d433-42c8-b744-ca43deaa59c9;388.48;0.03864669;UNKNOWN
2016-01-24T01:31:23.000000;2016-01-24T01:31:23.000000;82f6a3df-51ee-4b09-bc36-94a5b57f3cac;388.43;0.115977;UNKNOWN
2016-01-24T01:32:13.000000;2016-01-24T01:32:13.000000;1b20cb01-3b2d-4542-945d-744012ff0806;388.31;0.05126;UNKNOWN
2016-01-24T01:32:48.000000;2016-01-24T01:32:48.000000;4b58ac10-0abd-473d-8b4a-6c903dad8a4c;388.49;0.67864789;UNKNOWN
2016-01-24T01:33:06.000000;2016-01-24T01:33:06.000000;d22d49c7-20ec-4ea7-b474-6f5371ba8e8d;388.51;0.07503412;UNKNOWN
2016-01-24T01:33:18.000000;2016-01-24T01:33:18.000000;3c9fb54a-8c31-4eb6-bd8d-a03732961c68;388.29;0.12815;UNKNOWN
2016-01-24T01:33:54.000000;2016-01-24T01:33:54.000000;a8bea4c8-585b-4459-8409-8bb818fb3c37;388.62;0.3;UNKNOWN
2016-01-24T01:33:54.000000;2016-01-24T01:33:54.000000;876361bc-c8fc-48f6-9a86-cedab3d5f91a;388.98;1.576725;UNKNOWN
2016-01-24T01:33:54.000000;2016-01-24T01:33:54.000000;ea62742a-fd7b-4fe5-a141-c305c2fda6ff;388.54;0.025;UNKNOWN
2016-01-24T01:33:54.000000;2016-01-24T01:33:54.000000;34e2835b-8bf7-4c0d-80a6-cc0c4b8809a9;388.97;0.012275;UNKNOWN
2016-01-24T01:33:54.000000;2016-01-24T01:33:54.000000;f1ff245a-3051-4a97-9b23-0fb4bab038e9;388.53;0.086;UNKNOWN
2016-01-24T01:37:18.000000;2016-01-24T01:37:18.000000;47e77103-a6f6-4a16-87f0-6efc45013d3a;388.95;0.01;UNKNOWN
2016-01-24T01:38:06.000000;2016-01-24T01:38:06.000000;dfb004e0-aa39-4b84-9239-44bcb12a9c1d;389.18;1.84985655;UNKNOWN
2016-01-24T01:38:06.000000;2016-01-24T01:38:06.000000;e46bbdec-bc91-4df2-b082-8363331bf126;389.02;0.2;UNKNOWN
2016-01-24T01:38:06.000000;2016-01-24T01:38:06.000000;b0babddd-aa00-49bb-92c1-59f7802ab20d;389.0;0.19;UNKNOWN
2016-01-24T01:38:06.000000;2016-01-24T01:38:06.000000;63118f51-9e06-4f55-9fd7-fa61b1cef7c9;388.87;0.000806;UNKNOWN
2016-01-24T01:38:06.000000;2016-01-24T01:38:06.000000;0db6895e-07e3-41e7-8445-e8a947b030c5;389.15;0.012669;UNKNOWN
2016-01-24T01:39:06.000000;2016-01-24T01:39:06.000000;ce127a71-c7e1-4ddf-86c3-b2bafd71f2cd;388.46;1.43164;UNKNOWN
2016-01-24T01:39:18.000000;2016-01-24T01:39:18.000000;2e40444b-b25f-48cd-ac7a-a798b38fec71;388.34;0.018998;UNKNOWN
2016-01-24T01:39:19.000000;2016-01-24T01:39:19.000000;496882fc-38bf-4cb2-b3e3-4cec92d86487;388.34;0.013063;UNKNOWN
2016-01-24T01:39:31.000000;2016-01-24T01:39:31.000000;ff10de93-1538-42aa-a2de-65ef199c901e;388.32;1.01340651;UNKNOWN
2016-01-24T01:39:37.000000;2016-01-24T01:39:37.000000;73dbd385-51c3-4b80-a8ab-8c7022e68777;388.32;1.05320431;UNKNOWN
2016-01-24T01:39:50.000000;2016-01-24T01:39:50.000000;9f3eec37-e046-4979-85b6-9271851da3e2;388.33;0.3;UNKNOWN
2016-01-24T01:39:50.000000;2016-01-24T01:39:50.000000;f7733300-364f-499e-ad93-dd9006eee2ea;388.32;1.78931099;UNKNOWN
2016-01-24T01:39:56.000000;2016-01-24T01:39:56.000000;eea00020-89b0-4811-a69d-9de4f10627b9;388.31;0.2;UNKNOWN
2016-01-24T01:40:57.000000;2016-01-24T01:40:57.000000;78d7c2a2-b5b4-4172-b4e6-4ce753be2cf1;388.94;0.0991;UNKNOWN
2016-01-24T01:41:06.000000;2016-01-24T01:41:06.000000;b6d9467d-954f-4277-9da0-4e44f95b3379;389.02;0.5;UNKNOWN
2016-01-24T01:50:09.000000;2016-01-24T01:50:09.000000;27c6ccc2-5d1c-4dd5-ae96-c4d8a3cae784;388.99;0.0405;UNKNOWN
2016-01-24T01:51:05.000000;2016-01-24T01:51:05.000000;bb4993e7-388f-4c79-af7a-6290ae4e0aa2;388.97;2.30308205;UNKNOWN
2016-01-24T01:51:05.000000;2016-01-24T01:51:05.000000;fe4802f6-47c5-4050-8d76-e0751f7e6074;388.96;0.3;UNKNOWN
2016-01-24T01:51:38.000000;2016-01-24T01:51:38.000000;39cfc6cd-24a2-40f1-8316-5499a38ff46d;388.93;0.25756507;UNKNOWN
2016-01-24T01:51:50.000000;2016-01-24T01:51:50.000000;c5817471-0e48-46c8-bbe6-968f6b32cf9a;388.93;0.1234764;UNKNOWN
2016-01-24T01:53:38.000000;2016-01-24T01:53:38.000000;80086c42-2a1c-41b1-bb11-6ff6ba91239b;388.59;0.41219956;UNKNOWN
2016-01-24T01:56:04.000000;2016-01-24T01:56:04.000000;77ad2ec4-0d02-4ec6-a9da-9835f28a0084;388.77;0.1;UNKNOWN
2016-01-24T02:00:06.000000;2016-01-24T02:00:06.000000;7d19f980-757b-47ce-a90a-5b882c378450;388.22;0.15757399;UNKNOWN
2016-01-24T02:01:05.000000;2016-01-24T02:01:05.000000;8386ee42-37ed-44a0-8cc2-fefcbbd39396;388.32;0.05126233;UNKNOWN
2016-01-24T02:01:18.000000;2016-01-24T02:01:18.000000;ba11ce1e-c2ff-4680-bc87-d35ef5966496;388.23;0.06341438;UNKNOWN
2016-01-24T02:02:20.000000;2016-01-24T02:02:20.000000;a5a8ea16-6ce1-4a0e-9b03-d512900ee083;388.2;0.5440098;UNKNOWN
2016-01-24T02:02:33.000000;2016-01-24T02:02:33.000000;f690484b-d8fb-4fc8-914a-2abb5ef62ca6;388.2;0.402;UNKNOWN
2016-01-24T02:02:44.000000;2016-01-24T02:02:44.000000;44d71b4c-a884-4071-aa30-e0bdd3f25de5;388.2;0.052;UNKNOWN
2016-01-24T02:02:44.000000;2016-01-24T02:02:44.000000;441d951f-6833-4173-9b86-789917c14f7f;388.2;0.298;UNKNOWN
2016-01-24T02:04:16.000000;2016-01-24T02:04:16.000000;587e9fbc-f1f8-42c1-82c1-47dd3e6bfac9;388.2;0.5459902;UNKNOWN
2016-01-24T02:04:16.000000;2016-01-24T02:04:16.000000;359041ff-3fd8-4888-a890-ef1aacf6e934;388.2;0.1540098;UNKNOWN
2016-01-24T02:04:16.000000;2016-01-24T02:04:16.000000;107c8443-75d8-4e6e-ac65-a537bc206567;388.2;0.158;UNKNOWN
2016-01-24T02:04:18.000000;2016-01-24T02:04:18.000000;071f2806-6633-4e50-b579-e0d104cdc95b;388.2;0.0737902;UNKNOWN
2016-01-24T02:04:18.000000;2016-01-24T02:04:18.000000;8774c2a4-5579-4e30-8233-ca5e8d92f1a9;388.2;0.7;UNKNOWN
2016-01-24T02:04:42.000000;2016-01-24T02:04:42.000000;06db690c-2d68-416f-b641-00db4664ad23;388.12;0.4162;UNKNOWN
2016-01-24T02:04:42.000000;2016-01-24T02:04:42.000000;f43dcf71-25c3-4c20-acd3-7f4f220d105d;388.12;0.49;UNKNOWN
2016-01-24T02:04:43.000000;2016-01-24T02:04:43.000000;f8250aff-c588-4902-a8a5-0fd125f486ba;388.12;0.5;UNKNOWN
2016-01-24T02:04:44.000000;2016-01-24T02:04:44.000000;b4c0e9fe-ca8b-42c0-aed1-1ee28d3ff9db;388.12;0.7;UNKNOWN
2016-01-24T02:04:44.000000;2016-01-24T02:04:44.000000;561bbc10-dd6b-4346-a3f3-836045f6f3f0;388.12;0.2;UNKNOWN
2016-01-24T02:04:44.000000;2016-01-24T02:04:44.000000;0194080a-254c-440e-8500-721904e839e3;388.12;0.12;UNKNOWN
2016-01-24T02:04:46.000000;2016-01-24T02:04:46.000000;b434ffbe-11b3-4448-b919-fc11792fe9d4;388.12;0.14456017;UNKNOWN
2016-01-24T02:05:00.000000;2016-01-24T02:05:00.000000;2490d6cf-4727-4c8e-9ff4-2fb4cab20b11;388.03;0.02;UNKNOWN
2016-01-24T02:05:08.000000;2016-01-24T02:05:08.000000;9fba3566-4d67-4774-879b-ccb912ca5393;388.0;0.118;UNKNOWN
2016-01-24T02:05:08.000000;2016-01-24T02:05:08.000000;aeb61dba-fe71-4e42-936c-ef4f52bb206a;388.0;0.2;UNKNOWN
2016-01-24T02:05:09.000000;2016-01-24T02:05:09.000000;730418c6-13d5-4f71-8615-af553f9192f8;388.0;0.082;UNKNOWN
2016-01-24T02:05:33.000000;2016-01-24T02:05:33.000000;b0a5e02d-930d-48f4-95fb-18229f6efe0b;387.81;0.010017;UNKNOWN
2016-01-24T02:05:38.000000;2016-01-24T02:05:38.000000;6323e7a6-d3ec-4482-bd33-f2458ec0afbf;387.75;1.93387787;UNKNOWN
2016-01-24T02:07:00.000000;2016-01-24T02:07:00.000000;d4f41aa5-11fa-4084-bce6-89501c025a16;387.71;0.3;UNKNOWN
2016-01-24T02:07:00.000000;2016-01-24T02:07:00.000000;fdad8bd7-5b4d-486c-8693-63ef9b0d1355;387.71;16.94;UNKNOWN
2016-01-24T02:07:00.000000;2016-01-24T02:07:00.000000;2d28f35a-94ff-4f6f-a1e5-79dfc57e6bba;387.7;2.57815018;UNKNOWN
2016-01-24T02:08:05.000000;2016-01-24T02:08:05.000000;fd8dcefb-6548-4974-982e-995e72e9e876;387.68;0.07516282;UNKNOWN
2016-01-24T02:09:12.000000;2016-01-24T02:09:12.000000;7f5a4bef-4766-4343-8bc0-321bc282f07c;387.68;0.0369;UNKNOWN
2016-01-24T02:12:08.000000;2016-01-24T02:12:08.000000;7ac3104a-a6ca-45a9-bb97-82682ea8a9b4;387.61;0.98134818;UNKNOWN
2016-01-24T02:12:39.000000;2016-01-24T02:12:39.000000;671d760e-44a1-497b-9f28-66413bdb2263;387.61;0.1879;UNKNOWN
2016-01-24T02:12:40.000000;2016-01-24T02:12:40.000000;1fc53270-740b-4c03-a821-e717a08ce92f;387.61;0.5554;UNKNOWN
2016-01-24T02:18:06.000000;2016-01-24T02:18:06.000000;fdae9438-728e-454c-8ce6-e842398a711e;387.6;0.042;UNKNOWN
2016-01-24T02:20:08.000000;2016-01-24T02:20:08.000000;41163996-eb70-41dd-bc7e-5569052d71c1;387.68;1.0;UNKNOWN
2016-01-24T02:21:05.000000;2016-01-24T02:21:05.000000;7f1ad281-a505-4f8a-a9d1-51a06d729ad1;387.68;0.5;UNKNOWN
2016-01-24T02:22:56.000000;2016-01-24T02:22:56.000000;a122563b-4abf-4779-90d7-6e1e68c9c199;387.57;0.45581;UNKNOWN
2016-01-24T02:23:08.000000;2016-01-24T02:23:08.000000;b7614a72-d045-4865-ad04-5d1c66dcfe18;387.54;0.069781;UNKNOWN
2016-01-24T02:23:22.000000;2016-01-24T02:23:22.000000;0829d84d-b731-41df-80e8-9a915b5697ae;387.52;0.1744;UNKNOWN
2016-01-24T02:25:00.000000;2016-01-24T02:25:00.000000;13d3952c-4e07-475e-a644-cef9c700f74f;387.57;0.5;UNKNOWN
2016-01-24T02:27:44.000000;2016-01-24T02:27:44.000000;7c881b2e-2da4-404f-ad87-f42218cb8d52;387.7;3.20902265;UNKNOWN
2016-01-24T02:27:48.000000;2016-01-24T02:27:48.000000;d3ad7687-7002-4b2f-9077-45c8530fd65c;387.67;0.20659428;UNKNOWN
2016-01-24T02:27:49.000000;2016-01-24T02:27:49.000000;03d5a7be-6e0d-40a9-bd45-d67552166ce8;387.67;0.03874742;UNKNOWN
2016-01-24T02:28:02.000000;2016-01-24T02:28:02.000000;8efe6e3e-a573-4478-8d35-ff80e486eb4b;387.67;0.32815218;UNKNOWN
2016-01-24T02:28:08.000000;2016-01-24T02:28:08.000000;6034a411-ad93-4a7a-8864-a44b692c504f;387.67;0.24533071;UNKNOWN
2016-01-24T02:28:17.000000;2016-01-24T02:28:17.000000;60544803-7a16-430d-8583-07c1e0b9f7a0;387.67;0.057988;UNKNOWN
2016-01-24T02:28:40.000000;2016-01-24T02:28:40.000000;1f881b80-e27e-4fe6-8a3d-2db441186e0b;387.7;7.18282717;UNKNOWN
2016-01-24T02:28:40.000000;2016-01-24T02:28:40.000000;f25f82f1-df2c-4245-8e54-ea07cf2a9e57;387.75;0.3;UNKNOWN
2016-01-24T02:28:40.000000;2016-01-24T02:28:40.000000;0fdd6124-d6b9-4d6b-a664-dc29509f3f10;387.99;6.4165;UNKNOWN
2016-01-24T02:28:40.000000;2016-01-24T02:28:40.000000;8fddc95c-5774-4856-ad58-1c18de81a159;388.0;2.69691795;UNKNOWN
2016-01-24T02:29:03.000000;2016-01-24T02:29:03.000000;e210e2eb-7bb0-4b15-97fd-7d56d0a2c450;389.0;7.45;UNKNOWN
2016-01-24T02:29:47.000000;2016-01-24T02:29:47.000000;06ca3e03-35d4-46b7-8ccd-e90491703ade;388.39;0.35865752;UNKNOWN
2016-01-24T02:30:34.000000;2016-01-24T02:30:34.000000;443357f2-8490-4c04-bc1c-8cb0a993e313;388.56;0.8925;UNKNOWN
2016-01-24T02:30:34.000000;2016-01-24T02:30:34.000000;7e7cc9a3-4e03-401e-b2ba-069df4a69a9e;388.59;0.7;UNKNOWN
2016-01-24T02:30:34.000000;2016-01-24T02:30:34.000000;e33ab8e8-9704-4765-aa81-d5f48a584051;388.58;0.3;UNKNOWN
2016-01-24T02:30:34.000000;2016-01-24T02:30:34.000000;c4b6bcf5-5b0e-42a2-a99e-14dbdca3aef2;388.6;6.3584;UNKNOWN
2016-01-24T02:31:41.000000;2016-01-24T02:31:41.000000;dcab1115-435a-4b0e-aa0c-f97ba6817fde;388.8;0.01;UNKNOWN
2016-01-24T02:31:42.000000;2016-01-24T02:31:42.000000;e1195d65-c1a1-43f9-9142-522f3038e63a;388.8;0.01;UNKNOWN
2016-01-24T02:31:42.000000;2016-01-24T02:31:42.000000;14f4ee0d-eac7-4334-9712-87f9d3adc888;388.8;2.98;UNKNOWN
2016-01-24T02:33:58.000000;2016-01-24T02:33:58.000000;014fb666-5d5a-4e3b-a4b9-c04926a9af09;388.87;0.33603703;UNKNOWN
2016-01-24T02:36:49.000000;2016-01-24T02:36:49.000000;bee1e729-7fc9-4b86-8243-6300a0671f7d;388.85;0.3;UNKNOWN
2016-01-24T02:36:56.000000;2016-01-24T02:36:56.000000;bd91b27c-d953-4674-9897-65017a306cf0;388.85;0.364;UNKNOWN
2016-01-24T02:36:58.000000;2016-01-24T02:36:58.000000;eec02040-c091-47ec-ab07-2b82e6d02bbd;388.85;0.68;UNKNOWN
2016-01-24T02:37:05.000000;2016-01-24T02:37:05.000000;8368bf03-f1de-404e-a0e8-b62de49f2f11;388.83;0.5;UNKNOWN
2016-01-24T02:37:05.000000;2016-01-24T02:37:05.000000;c5a36634-76f3-4741-9af7-fb5216683f21;388.8;1.28389399;UNKNOWN
2016-01-24T02:37:42.000000;2016-01-24T02:37:42.000000;e569d08a-9b74-492c-ae03-568337c5e5a2;388.96;0.3;UNKNOWN
2016-01-24T02:37:46.000000;2016-01-24T02:37:46.000000;a184de15-a5a1-4bd3-a817-1dcbe8f49dc2;389.02;0.5;UNKNOWN
2016-01-24T02:37:46.000000;2016-01-24T02:37:46.000000;905b6627-57c9-4ef2-9129-66f4d5c99114;389.02;0.2;UNKNOWN
2016-01-24T02:37:58.000000;2016-01-24T02:37:58.000000;b91c8f1a-a205-4996-b113-e28f74755bc7;389.01;0.195608;UNKNOWN
2016-01-24T02:38:03.000000;2016-01-24T02:38:03.000000;ab230d08-b433-4edc-bb2d-8e1fc2e20fe4;389.02;2.5532;UNKNOWN
2016-01-24T02:38:05.000000;2016-01-24T02:38:05.000000;37382a54-dea7-4ea4-bf37-d3919143975c;389.01;1.4;UNKNOWN
2016-01-24T02:38:13.000000;2016-01-24T02:38:13.000000;5daa37c1-5ae6-4331-bca9-89f9d8590c7c;389.01;0.109502;UNKNOWN
2016-01-24T02:38:13.000000;2016-01-24T02:38:13.000000;676d6f28-667b-468b-84ed-e530c8194f62;388.96;0.146798;UNKNOWN
2016-01-24T02:39:05.000000;2016-01-24T02:39:05.000000;52bbc08b-2b39-4748-a79f-5f02f0ac10d7;388.91;2.46678829;UNKNOWN
2016-01-24T02:40:05.000000;2016-01-24T02:40:05.000000;2dff2dd7-21f0-4a8c-a773-b814182a2696;388.88;1.52905199;UNKNOWN
2016-01-24T02:40:08.000000;2016-01-24T02:40:08.000000;a2e3672b-0025-48e3-878c-6ab46759ba37;388.88;0.49;UNKNOWN
2016-01-24T02:40:08.000000;2016-01-24T02:40:08.000000;1ecd93b2-e935-4f0b-8c64-4c37c790ecbf;388.88;3.0;UNKNOWN
2016-01-24T02:40:08.000000;2016-01-24T02:40:08.000000;a4d4ce99-1e13-46eb-9e0c-304766209228;388.88;0.5;UNKNOWN
2016-01-24T02:40:08.000000;2016-01-24T02:40:08.000000;48fb5bbc-4c30-40a0-a22d-4fcdf26b7d41;388.88;2.3574;UNKNOWN
2016-01-24T02:41:05.000000;2016-01-24T02:41:05.000000;acb6d7c6-137f-43d3-8d2c-a5876d838865;388.64;0.01006;UNKNOWN
2016-01-24T02:41:06.000000;2016-01-24T02:41:06.000000;d7109905-61ee-4b31-843d-8438575203e3;388.65;0.01006;UNKNOWN
2016-01-24T02:42:05.000000;2016-01-24T02:42:05.000000;fdf534cc-207b-4c93-a485-1d404bfd8eda;388.88;0.7;UNKNOWN
2016-01-24T02:42:05.000000;2016-01-24T02:42:05.000000;1aa56f7c-c451-4f08-a3a1-0a2394e6b619;388.88;0.3186;UNKNOWN
2016-01-24T02:42:07.000000;2016-01-24T02:42:07.000000;b3d00525-ef36-4918-b323-bb43cd60b314;388.89;0.01006;UNKNOWN
2016-01-24T02:42:08.000000;2016-01-24T02:42:08.000000;a93076d5-5cd8-4f22-8ab1-ec9ec177fb5b;388.89;0.01006;UNKNOWN
2016-01-24T02:42:59.000000;2016-01-24T02:42:59.000000;f3a82310-0c6b-4ec5-a499-670cb1af57da;389.0;0.4128;UNKNOWN
2016-01-24T02:43:06.000000;2016-01-24T02:43:06.000000;c730f140-75e6-45a4-8d98-9643dece9fd0;388.96;0.01003;UNKNOWN
2016-01-24T02:43:07.000000;2016-01-24T02:43:07.000000;6f04156a-4fe3-452b-ab14-e38cceb86590;388.96;0.01003;UNKNOWN
2016-01-24T02:43:08.000000;2016-01-24T02:43:08.000000;d62e37ce-3a59-4071-b3fb-53cc7f6400fe;388.92;1.23022188;UNKNOWN
2016-01-24T02:43:08.000000;2016-01-24T02:43:08.000000;591c3c9b-7b19-47cc-96be-38b264125034;388.94;0.3;UNKNOWN
2016-01-24T02:43:09.000000;2016-01-24T02:43:09.000000;153814ae-9928-47eb-9dd0-b33a66822f68;388.95;0.01003;UNKNOWN
2016-01-24T02:44:05.000000;2016-01-24T02:44:05.000000;11db1ff8-cc7b-497f-aadc-10c95bfb3ef8;388.84;0.01002;UNKNOWN
2016-01-24T02:44:06.000000;2016-01-24T02:44:06.000000;4dff7a6b-0a5e-4f2e-9c5e-c79a15eb5ee9;388.84;0.01002;UNKNOWN
2016-01-24T02:44:07.000000;2016-01-24T02:44:07.000000;d4dfb99c-fb3a-4bad-addb-46b866d6f889;388.85;0.01002;UNKNOWN
2016-01-24T02:45:05.000000;2016-01-24T02:45:05.000000;e0def42c-c20c-4610-89d0-ff3b3f5c4013;388.94;1.54176239;UNKNOWN
2016-01-24T02:45:05.000000;2016-01-24T02:45:05.000000;661e7409-496c-4929-991a-9339f9145f9d;388.94;0.2471;UNKNOWN
2016-01-24T02:45:06.000000;2016-01-24T02:45:06.000000;ac0950c2-5360-4afc-9a36-2086f0e1484d;388.94;0.01004;UNKNOWN
2016-01-24T02:45:07.000000;2016-01-24T02:45:07.000000;0a142438-71c4-4902-9e32-db0b8c81f364;388.94;0.01004;UNKNOWN
2016-01-24T02:45:09.000000;2016-01-24T02:45:09.000000;789d9681-5b47-48b5-87b9-f156029db66f;388.92;0.01004;UNKNOWN
2016-01-24T02:46:02.000000;2016-01-24T02:46:02.000000;73d3501b-427e-4edc-9cfb-9de02b095c48;389.0;0.7;UNKNOWN
2016-01-24T02:46:04.000000;2016-01-24T02:46:04.000000;7dfe6ed8-c3dd-452b-bd6c-da1bbac309c8;389.0;0.2636984;UNKNOWN
2016-01-24T02:46:06.000000;2016-01-24T02:46:06.000000;eae77f1d-cb8d-4685-b367-5f636576d4f2;389.0;0.01004;UNKNOWN
2016-01-24T02:46:07.000000;2016-01-24T02:46:07.000000;2a3bb40b-2669-4887-b68c-8d4cd19408ae;389.0;0.01004;UNKNOWN
2016-01-24T02:46:08.000000;2016-01-24T02:46:08.000000;f204b4f0-08b0-4869-9e51-f96852ef28d4;389.0;0.01004;UNKNOWN
2016-01-24T02:46:35.000000;2016-01-24T02:46:35.000000;954e0199-c907-4af7-976c-2b93899424a3;389.5;2.51245007;UNKNOWN
2016-01-24T02:46:35.000000;2016-01-24T02:46:35.000000;85e91173-0d27-46a7-87ba-aebec0acb66e;389.5;0.48754993;UNKNOWN
2016-01-24T02:46:58.000000;2016-01-24T02:46:58.000000;90fb2f66-0a97-4c1e-bc08-0a2b86c4a7b9;389.49;0.5;UNKNOWN
2016-01-24T02:46:59.000000;2016-01-24T02:46:59.000000;64ba1082-f2eb-4a2a-a025-f96cca34f286;389.5;0.7;UNKNOWN
2016-01-24T02:46:59.000000;2016-01-24T02:46:59.000000;88de81da-c220-4ee6-aa39-e300e08f5d9e;389.5;0.4062;UNKNOWN
2016-01-24T02:47:06.000000;2016-01-24T02:47:06.000000;fe49e62e-fbb2-475b-bbdf-434b4b9ba34f;389.49;0.01001;UNKNOWN
2016-01-24T02:47:07.000000;2016-01-24T02:47:07.000000;d42617f4-0c97-4895-8d92-28c7e5de5e68;389.49;0.01001;UNKNOWN
2016-01-24T02:48:05.000000;2016-01-24T02:48:05.000000;c8923c30-f736-4214-a51a-ef352cdc2ce5;389.49;0.01002;UNKNOWN
2016-01-24T02:48:06.000000;2016-01-24T02:48:06.000000;59fd0d59-13bd-43a7-8dad-e334b7b12001;389.49;0.01002;UNKNOWN
2016-01-24T02:48:07.000000;2016-01-24T02:48:07.000000;636206ae-dca7-4cf0-b164-98cee44ce7dd;389.49;0.01002;UNKNOWN
2016-01-24T02:49:06.000000;2016-01-24T02:49:06.000000;af677675-00a0-4714-817a-7c2b03f8dca2;389.3;0.01002;UNKNOWN
2016-01-24T02:49:07.000000;2016-01-24T02:49:07.000000;48447213-9484-452d-8b27-1047e1403892;389.3;0.01007;UNKNOWN
2016-01-24T02:49:08.000000;2016-01-24T02:49:08.000000;9d3802ab-e256-4c44-856e-67baf76f4b3b;389.3;0.01007;UNKNOWN
2016-01-24T02:49:13.000000;2016-01-24T02:49:13.000000;a8fda823-ebf1-4f99-9c8e-73ff6de7f5dc;389.21;0.3;UNKNOWN
2016-01-24T02:49:13.000000;2016-01-24T02:49:13.000000;033c98cc-c8de-4b8f-9021-5b5ee15851bf;389.2;1.62282371;UNKNOWN
2016-01-24T02:49:13.000000;2016-01-24T02:49:13.000000;486f03a8-fad2-482c-b728-a4c7e1420cc0;389.2;0.7200223;UNKNOWN
2016-01-24T02:49:35.000000;2016-01-24T02:49:35.000000;93848bc9-4fb7-40c9-af51-e747c74a4738;389.21;0.054989;UNKNOWN
2016-01-24T02:50:05.000000;2016-01-24T02:50:05.000000;9be8770f-d1f6-438c-b0ef-3eb02f179b43;389.2;0.01007;UNKNOWN
2016-01-24T02:50:06.000000;2016-01-24T02:50:06.000000;98ff57a3-42d8-4a10-815c-7dda6880a146;389.2;0.01007;UNKNOWN
2016-01-24T02:50:07.000000;2016-01-24T02:50:07.000000;9266ef15-de4b-4c84-b255-6d3229288861;389.2;0.01007;UNKNOWN
2016-01-24T02:50:35.000000;2016-01-24T02:50:35.000000;1cf5dd6e-1e68-4b51-90dd-601e2a89c366;388.9;2.56808639;UNKNOWN
2016-01-24T02:50:35.000000;2016-01-24T02:50:35.000000;5f93b9a2-488d-43e8-9afa-500f89396c01;388.9;2.56492465;UNKNOWN
2016-01-24T02:51:05.000000;2016-01-24T02:51:05.000000;c5c28316-dc9f-4ec1-a1c2-dcf3a23de3d1;388.83;0.01002;UNKNOWN
2016-01-24T02:51:06.000000;2016-01-24T02:51:06.000000;6090551c-f63d-4250-8832-508091fca734;388.83;0.01002;UNKNOWN
2016-01-24T02:52:05.000000;2016-01-24T02:52:05.000000;efce00b3-4481-43b5-865b-98243dc28709;388.51;0.01002;UNKNOWN
2016-01-24T02:52:06.000000;2016-01-24T02:52:06.000000;c4798bdb-34e3-4761-abe9-5e7aa7b8fdfe;388.51;0.01002;UNKNOWN
2016-01-24T02:52:07.000000;2016-01-24T02:52:07.000000;ae8f1a3b-f3d2-4b18-b378-a7c1f9726b51;388.51;0.01002;UNKNOWN
2016-01-24T02:52:26.000000;2016-01-24T02:52:26.000000;dd1c0cf5-03f2-42f6-a3a6-5b99f11afdaa;388.51;0.25;UNKNOWN
2016-01-24T02:53:05.000000;2016-01-24T02:53:05.000000;2c98b047-1a98-48c6-8658-ca0fcbcf4386;388.51;0.01002;UNKNOWN
2016-01-24T02:53:07.000000;2016-01-24T02:53:07.000000;87949570-5ede-46b3-bf2e-88bdb9497a89;388.51;0.01004;UNKNOWN
2016-01-24T02:53:08.000000;2016-01-24T02:53:08.000000;19a09c6f-b1a2-4cc1-b64b-37821715cf5c;388.51;0.01004;UNKNOWN
2016-01-24T02:53:09.000000;2016-01-24T02:53:09.000000;6aff6add-da65-4a09-a286-070ffa37ec7c;388.51;0.01004;UNKNOWN
2016-01-24T02:53:10.000000;2016-01-24T02:53:10.000000;c4bbbeef-11f4-4291-b693-04cb5a443bdd;388.89;0.29850323;UNKNOWN
2016-01-24T02:54:12.000000;2016-01-24T02:54:12.000000;da17728b-9057-46ef-8fc4-19d02b09419c;388.58;0.01003;UNKNOWN
2016-01-24T02:54:13.000000;2016-01-24T02:54:13.000000;69b7a006-de2c-4d83-9c92-881fe7f97882;388.58;0.01003;UNKNOWN
2016-01-24T02:55:05.000000;2016-01-24T02:55:05.000000;43e4700e-d93a-4c4f-bf90-3b9d9cc70c03;388.44;0.01003;UNKNOWN
2016-01-24T02:55:06.000000;2016-01-24T02:55:06.000000;c290e1d4-271d-4141-84d9-babcdc8485ec;388.44;0.01004;UNKNOWN
2016-01-24T02:55:08.000000;2016-01-24T02:55:08.000000;0f510932-8f2c-4121-9918-ad11e8906d59;388.44;0.01004;UNKNOWN
2016-01-24T02:55:09.000000;2016-01-24T02:55:09.000000;159459f5-4f2d-4461-80ef-0eb049f1eaf7;388.44;0.01004;UNKNOWN
2016-01-24T02:56:03.000000;2016-01-24T02:56:03.000000;08fc4629-3cee-4a30-b88e-e0c69bb02018;388.22;0.1;UNKNOWN
2016-01-24T02:56:05.000000;2016-01-24T02:56:05.000000;bb8dc62a-f3e7-476a-ba7d-ae3e4d92a9d2;388.19;0.01005;UNKNOWN
2016-01-24T02:56:06.000000;2016-01-24T02:56:06.000000;18786f28-c615-475a-85e6-22b63ae22498;388.19;0.01005;UNKNOWN
2016-01-24T02:56:07.000000;2016-01-24T02:56:07.000000;4e6af9d6-f2a9-4a54-bbc6-aac17440ab21;388.21;0.6;UNKNOWN
2016-01-24T02:57:05.000000;2016-01-24T02:57:05.000000;d95052da-a09c-407b-a420-3f16cc0d79bb;388.19;0.01005;UNKNOWN
2016-01-24T02:57:07.000000;2016-01-24T02:57:07.000000;1169e147-b67d-4077-b980-b02496a0878c;388.19;0.01005;UNKNOWN
2016-01-24T02:57:08.000000;2016-01-24T02:57:08.000000;82bc2efe-5550-4342-94b3-c7723cbdc530;388.2;0.025;UNKNOWN
2016-01-24T02:57:08.000000;2016-01-24T02:57:08.000000;87d5b4fb-048a-4edf-a75c-c0e913e3bbcd;388.19;0.01005;UNKNOWN
2016-01-24T02:57:17.000000;2016-01-24T02:57:17.000000;0f318976-3f3a-47aa-a866-143085522384;388.2;0.025;UNKNOWN
2016-01-24T02:57:37.000000;2016-01-24T02:57:37.000000;738b2131-e233-4a54-923a-b45623ee4dab;388.2;0.025;UNKNOWN
2016-01-24T02:57:49.000000;2016-01-24T02:57:49.000000;d6b7d2cc-ecfb-4542-885f-37032725a0e5;388.2;0.025;UNKNOWN
2016-01-24T02:57:50.000000;2016-01-24T02:57:50.000000;e9788128-9282-4dc4-9728-b84954648040;388.0;8.40375488;UNKNOWN
2016-01-24T02:57:50.000000;2016-01-24T02:57:50.000000;f3cd3b32-7eb7-478d-8513-b2124a18c27f;387.94;2.56937307;UNKNOWN
2016-01-24T02:57:50.000000;2016-01-24T02:57:50.000000;646c47f3-6665-4eb6-8d87-505d951230db;388.01;0.3;UNKNOWN
2016-01-24T02:57:50.000000;2016-01-24T02:57:50.000000;0ee4f990-b26c-417c-b8a5-d20755ec935a;387.85;2.56940608;UNKNOWN
2016-01-24T02:57:50.000000;2016-01-24T02:57:50.000000;27328ddb-c1e6-4bf2-8a30-64949a89bc92;388.19;0.012478;UNKNOWN
2016-01-24T02:57:50.000000;2016-01-24T02:57:50.000000;c1de6995-581c-4e3d-92db-53eb54382472;387.76;2.55696109;UNKNOWN
2016-01-24T02:57:54.000000;2016-01-24T02:57:54.000000;8aa7f89c-4647-4f0a-bb5c-188ea1863f31;387.69;1.00814291;UNKNOWN
2016-01-24T02:57:54.000000;2016-01-24T02:57:54.000000;4b3451d9-52de-444b-b5bf-e2ee6c37a1b1;387.76;0.012478;UNKNOWN
2016-01-24T02:57:58.000000;2016-01-24T02:57:58.000000;aed3d8a7-461e-4281-9dc5-95ae147b66ab;388.17;0.025;UNKNOWN
2016-01-24T02:58:05.000000;2016-01-24T02:58:05.000000;25bc2caf-0364-42d7-9b0d-042f277982db;387.6;0.01005;UNKNOWN
2016-01-24T02:58:07.000000;2016-01-24T02:58:07.000000;6c17e3c2-6c52-4676-8bec-9368639f1bb9;387.48;0.01006;UNKNOWN
2016-01-24T02:58:08.000000;2016-01-24T02:58:08.000000;8f841f15-0460-4c55-b844-1de190349404;387.45;0.01006;UNKNOWN
2016-01-24T02:59:06.000000;2016-01-24T02:59:06.000000;e17f744f-ec82-4440-ae91-382a6f31f1eb;387.46;0.01007;UNKNOWN
2016-01-24T02:59:07.000000;2016-01-24T02:59:07.000000;9969d959-0445-4e1b-979b-cf6e549c438c;387.47;0.01007;UNKNOWN
2016-01-24T02:59:42.000000;2016-01-24T02:59:42.000000;f227b222-fb09-426a-9f35-4791b531d642;387.64;0.07;UNKNOWN
2016-01-24T02:59:42.000000;2016-01-24T02:59:42.000000;3eee1f2c-c0d0-4ce0-a586-a17b82ebba86;387.63;2.93;UNKNOWN
2016-01-24T03:00:01.000000;2016-01-24T03:00:01.000000;36fa6674-f5fd-4f60-93aa-59227014da3e;387.6;0.9663;UNKNOWN
2016-01-24T03:00:01.000000;2016-01-24T03:00:01.000000;74630013-6990-4704-9ca7-d80bebcc75be;387.55;2.0337;UNKNOWN
2016-01-24T03:00:06.000000;2016-01-24T03:00:06.000000;8b467e26-bbb3-493b-be8f-13de67e6e759;387.55;0.01006;UNKNOWN
2016-01-24T03:01:06.000000;2016-01-24T03:01:06.000000;4fc15228-775d-4731-a7ad-acf59fac3add;387.43;0.01003;UNKNOWN
2016-01-24T03:01:07.000000;2016-01-24T03:01:07.000000;f942d439-8343-4b97-be39-f693bb9f4f6c;387.43;0.01003;UNKNOWN
2016-01-24T03:01:53.000000;2016-01-24T03:01:53.000000;560b0175-6003-47ed-b867-3a0f2e59ba1e;387.43;0.02841917;UNKNOWN
2016-01-24T03:03:18.000000;2016-01-24T03:03:18.000000;846ac1c7-e88c-4bc3-9e89-7594ee858161;387.56;0.02583694;UNKNOWN
2016-01-24T03:06:05.000000;2016-01-24T03:06:05.000000;8e93ac10-4546-4668-837d-f3c9865a01ce;387.82;0.42;UNKNOWN
2016-01-24T03:06:18.000000;2016-01-24T03:06:18.000000;93a98fdd-8440-4065-9500-d69ea22cfb15;387.84;0.7;UNKNOWN
2016-01-24T03:06:18.000000;2016-01-24T03:06:18.000000;59301b48-5a68-4eff-8917-82cdc7970c28;387.84;0.31507384;UNKNOWN
2016-01-24T03:07:05.000000;2016-01-24T03:07:05.000000;f4325d1b-64a6-4c72-8e75-4e6f4d827ae9;388.38;0.5;UNKNOWN
2016-01-24T03:10:05.000000;2016-01-24T03:10:05.000000;a4d81230-3a97-4467-a4dc-04a2b8fb9823;387.8;0.28565493;UNKNOWN
2016-01-24T03:11:18.000000;2016-01-24T03:11:18.000000;cea10582-c744-4fb8-bff3-96dab72090a5;388.01;0.025;UNKNOWN
2016-01-24T03:11:18.000000;2016-01-24T03:11:18.000000;ae84858d-f5ad-4acd-918d-e80e74e516c2;388.01;0.02662326;UNKNOWN
2016-01-24T03:14:18.000000;2016-01-24T03:14:18.000000;7d963a4d-0c15-4a26-93c3-7ba815038e37;388.01;0.25798329;UNKNOWN
2016-01-24T03:15:05.000000;2016-01-24T03:15:05.000000;c06555ca-05cb-42b4-854b-40d5f7a1ca16;388.0;0.02589;UNKNOWN
2016-01-24T03:15:08.000000;2016-01-24T03:15:08.000000;fd5e117c-f7e0-4724-a0cb-d8512434108a;388.0;0.25798329;UNKNOWN
2016-01-24T03:16:18.000000;2016-01-24T03:16:18.000000;f44b33f6-e40b-4093-8c2e-8030c610d808;388.01;0.02579899;UNKNOWN
2016-01-24T03:17:05.000000;2016-01-24T03:17:05.000000;0d52c5cd-5452-446c-a36c-81bb6c9f29dd;388.01;1.27424246;UNKNOWN
2016-01-24T03:17:06.000000;2016-01-24T03:17:06.000000;1f8aa66b-e4bd-4b71-b306-1f3b0db0046c;388.01;0.30627;UNKNOWN
2016-01-24T03:20:08.000000;2016-01-24T03:20:08.000000;9a2b408f-3b5a-48d8-a253-359823d0f8f4;388.02;0.02579766;UNKNOWN
2016-01-24T03:21:15.000000;2016-01-24T03:21:15.000000;92efe790-c714-493b-877b-ac0b7d9810c1;388.17;0.5;UNKNOWN
2016-01-24T03:21:15.000000;2016-01-24T03:21:15.000000;f6616fae-c34f-417f-8f2e-095e2459fc9b;388.18;0.5;UNKNOWN
2016-01-24T03:22:47.000000;2016-01-24T03:22:47.000000;fe7cadc6-4222-4b29-9b50-f11e0a420349;388.0;1.72679766;UNKNOWN
2016-01-24T03:22:47.000000;2016-01-24T03:22:47.000000;ce60abc0-72d9-420c-b7f6-08e8a955f9b4;388.02;0.27320234;UNKNOWN
2016-01-24T03:22:56.000000;2016-01-24T03:22:56.000000;50dab37e-0436-4a57-8d72-0d8aec8c2d68;388.0;2.98932905;UNKNOWN
2016-01-24T03:28:06.000000;2016-01-24T03:28:06.000000;c2a3f549-a51d-40f0-9f9d-bdc9663f8486;387.88;0.18753197;UNKNOWN
2016-01-24T03:28:54.000000;2016-01-24T03:28:54.000000;a639c409-5266-465c-ad21-409b50cc490c;387.77;1.3744958;UNKNOWN
2016-01-24T03:28:56.000000;2016-01-24T03:28:56.000000;c835fb11-417a-4749-a6f0-8d00b4255f7b;387.99;0.08055142;UNKNOWN
2016-01-24T03:28:56.000000;2016-01-24T03:28:56.000000;3c850ea0-79b5-4130-9e90-5119292abaea;387.99;0.08047078;UNKNOWN
2016-01-24T03:28:58.000000;2016-01-24T03:28:58.000000;c228db03-3d38-4c6b-a1d1-4a4d929e942a;387.98;0.08054934;UNKNOWN
2016-01-24T03:28:58.000000;2016-01-24T03:28:58.000000;c4b541bc-bcce-417c-8f95-d7b3128f0e15;387.98;0.08055142;UNKNOWN
2016-01-24T03:28:59.000000;2016-01-24T03:28:59.000000;f679c8b1-1074-4dd5-a6de-38f0fed3b383;387.98;0.08047286;UNKNOWN
2016-01-24T03:29:00.000000;2016-01-24T03:29:00.000000;eb5f9eff-d36b-4888-b24b-d8ee6de25309;387.97;0.08047286;UNKNOWN
2016-01-24T03:30:05.000000;2016-01-24T03:30:05.000000;d17aa896-5700-4b2e-8d0b-8959e64a864c;387.96;2.48932905;UNKNOWN
2016-01-24T03:30:05.000000;2016-01-24T03:30:05.000000;1e67e4bd-0bcd-49d6-831a-8a7f56074e76;387.95;0.5;UNKNOWN
2016-01-24T03:31:18.000000;2016-01-24T03:31:18.000000;005b6dae-b902-4869-ad68-12603e6cc9a3;387.6;0.55353802;UNKNOWN
2016-01-24T03:32:38.000000;2016-01-24T03:32:38.000000;644180e5-0976-4333-a49e-f4ad5e52a6b1;387.6;0.64540729;UNKNOWN
2016-01-24T03:32:48.000000;2016-01-24T03:32:48.000000;49e1a280-e237-4f65-8d2d-7465808b120c;387.59;3.00161664;UNKNOWN
2016-01-24T03:32:48.000000;2016-01-24T03:32:48.000000;63c59bfb-0595-4804-a7db-d015080539d3;387.59;0.1465;UNKNOWN
2016-01-24T03:32:48.000000;2016-01-24T03:32:48.000000;4d3c671e-4bba-4012-9380-0d3981b1aaae;387.59;0.7;UNKNOWN
2016-01-24T03:36:03.000000;2016-01-24T03:36:03.000000;d0145ec7-b914-44f5-b9d9-46d22f2dff1d;387.58;0.1040914;UNKNOWN
2016-01-24T03:36:05.000000;2016-01-24T03:36:05.000000;f8d6e62b-9098-48df-940e-69b261cb4c1e;387.58;1.83800066;UNKNOWN
2016-01-24T03:36:11.000000;2016-01-24T03:36:11.000000;e05b5da0-adb6-4ed3-8d40-f4a82967d2a7;387.58;2.17;UNKNOWN
2016-01-24T03:36:32.000000;2016-01-24T03:36:32.000000;93eb2597-853d-4779-9f47-8bf8803fa2a1;387.61;2.0;UNKNOWN
2016-01-24T03:37:05.000000;2016-01-24T03:37:05.000000;64d311a1-3c23-4a78-af13-18cf6a813e11;387.84;0.11240222;UNKNOWN
2016-01-24T03:37:06.000000;2016-01-24T03:37:06.000000;171e5eb3-a764-45a0-af92-49806714995f;387.83;0.01;UNKNOWN
2016-01-24T03:37:07.000000;2016-01-24T03:37:07.000000;f6dc383a-a79a-418c-85a2-9b5d5ba02d6b;387.83;0.3;UNKNOWN
2016-01-24T03:39:52.000000;2016-01-24T03:39:52.000000;d9741a4b-c558-4788-befb-1f6c223c97da;387.87;3.5;UNKNOWN
2016-01-24T03:40:05.000000;2016-01-24T03:40:05.000000;1d74a713-15d5-40aa-8116-53c405b68a8e;387.96;0.5;UNKNOWN
2016-01-24T03:40:05.000000;2016-01-24T03:40:05.000000;fc32dc34-d797-4e53-906b-044eefe2f04d;387.89;1.57;UNKNOWN
2016-01-24T03:40:18.000000;2016-01-24T03:40:18.000000;8f63899e-d6ad-49b5-9491-08f4f9bbf8a7;387.93;0.7;UNKNOWN
2016-01-24T03:40:18.000000;2016-01-24T03:40:18.000000;8c7e3a5f-9ac0-4a2a-9732-67bbc916d177;387.93;0.7;UNKNOWN
2016-01-24T03:40:18.000000;2016-01-24T03:40:18.000000;89597ac0-45dc-45dc-bd48-53012db2b988;387.93;0.3;UNKNOWN
2016-01-24T03:44:18.000000;2016-01-24T03:44:18.000000;e81407dc-46b3-46a6-995f-10d36fd1966c;388.0;0.4;UNKNOWN
2016-01-24T03:44:48.000000;2016-01-24T03:44:48.000000;622496d9-1774-4daf-abcf-02b2f5a002d7;387.97;0.02;UNKNOWN
2016-01-24T03:46:28.000000;2016-01-24T03:46:28.000000;98346c24-54a7-4bcc-a461-f1d3b313253f;388.0;0.03097672;UNKNOWN
2016-01-24T03:47:07.000000;2016-01-24T03:47:07.000000;d2c1152d-e6e5-4825-a9b3-228473f714cd;387.94;0.193961;UNKNOWN
2016-01-24T03:47:31.000000;2016-01-24T03:47:31.000000;2f823eb6-d05a-4367-a0ac-5e58712a9a25;388.0;0.68;UNKNOWN
2016-01-24T03:47:33.000000;2016-01-24T03:47:33.000000;c546839f-bc16-48f7-8026-7d047912de3f;388.0;0.506;UNKNOWN
2016-01-24T03:47:34.000000;2016-01-24T03:47:34.000000;f8ea8159-5561-49f6-8b60-bf42d1faf0ef;388.0;0.7;UNKNOWN
2016-01-24T03:47:39.000000;2016-01-24T03:47:39.000000;197c07ed-2f43-4213-b46e-6f95dae026e5;388.0;0.69369423;UNKNOWN
2016-01-24T03:47:56.000000;2016-01-24T03:47:56.000000;0367a221-3a2f-4244-acdb-75f3409c2355;388.04;0.049875;UNKNOWN
2016-01-24T03:48:01.000000;2016-01-24T03:48:01.000000;386c0fb8-f3c5-446e-bc90-93e3de973a95;388.2;4.28;UNKNOWN
2016-01-24T03:48:02.000000;2016-01-24T03:48:02.000000;8cba01d3-190f-4de8-94b1-6b3313f0acad;388.2;5.42;UNKNOWN
2016-01-24T03:48:02.000000;2016-01-24T03:48:02.000000;ade18eeb-bc29-41b3-86f5-66de65231fb4;388.2;0.3;UNKNOWN
2016-01-24T03:48:05.000000;2016-01-24T03:48:05.000000;49d62f91-e450-4a45-af5d-a99e4aa1d579;388.2;1.13817068;UNKNOWN
2016-01-24T03:48:05.000000;2016-01-24T03:48:05.000000;e45ae9ed-d8d0-41db-98b6-34940c1db969;388.2;0.6501;UNKNOWN
2016-01-24T03:48:05.000000;2016-01-24T03:48:05.000000;d030a58e-a838-40c1-9886-46af25c542da;388.21;0.5;UNKNOWN
2016-01-24T03:49:05.000000;2016-01-24T03:49:05.000000;71b3bc68-6e10-4fcb-b5fd-b2b15471993b;388.12;3.0;UNKNOWN
2016-01-24T03:56:06.000000;2016-01-24T03:56:06.000000;60cd46f1-0a8b-4f68-a68f-d543ef2ad979;387.65;1.0;UNKNOWN
2016-01-24T03:56:26.000000;2016-01-24T03:56:26.000000;9cc3bd9c-0360-45b6-8dfe-ce12f2663f82;387.65;0.1;UNKNOWN
2016-01-24T03:56:38.000000;2016-01-24T03:56:38.000000;698b94e7-bbfa-43ec-90a7-4be26035a6e2;387.5;0.07230799;UNKNOWN
2016-01-24T03:59:13.000000;2016-01-24T03:59:13.000000;93119d7b-d3f4-4d76-bce9-9965f3ede6bc;387.64;0.3;UNKNOWN
2016-01-24T03:59:13.000000;2016-01-24T03:59:13.000000;549f9536-a424-4bd0-b727-cf337b664bc3;387.64;0.08;UNKNOWN
2016-01-24T04:00:05.000000;2016-01-24T04:00:05.000000;3a7bab48-c84b-45f8-bf29-308a0edb7f52;387.65;1.27204;UNKNOWN
2016-01-24T04:00:05.000000;2016-01-24T04:00:05.000000;358e3a8d-052a-44a0-9133-07e82fc16639;388.15;1.70888395;UNKNOWN
2016-01-24T04:00:05.000000;2016-01-24T04:00:05.000000;b314a1ac-4cfb-4af8-8415-5c4d92c823bf;387.87;0.029747;UNKNOWN
2016-01-24T04:02:05.000000;2016-01-24T04:02:05.000000;98c0ca74-3ae1-4188-9ee1-fbc2490bd4c2;387.62;0.02337271;UNKNOWN
2016-01-24T04:02:57.000000;2016-01-24T04:02:57.000000;1c9756e2-7e53-4a1b-a8eb-1df5ecbfb23b;387.5;0.13914882;UNKNOWN
2016-01-24T04:02:57.000000;2016-01-24T04:02:57.000000;0978eedb-e84b-4862-bc33-c3776eaed1bd;387.51;0.3;UNKNOWN
2016-01-24T04:02:59.000000;2016-01-24T04:02:59.000000;f6e3d07e-d1b2-45c4-83a6-a3bd3f0e6c26;387.5;3.0;UNKNOWN
2016-01-24T04:03:05.000000;2016-01-24T04:03:05.000000;fbb19842-7ded-45d6-b3a8-bf3d4fb1c205;387.5;0.63154498;UNKNOWN
2016-01-24T04:03:06.000000;2016-01-24T04:03:06.000000;4c717495-9ae2-440c-9e4a-0bc20d09b71c;387.55;1.0;UNKNOWN
2016-01-24T04:03:36.000000;2016-01-24T04:03:36.000000;630ea744-8af9-477b-a410-ec74504a20d1;387.5;1.5;UNKNOWN
2016-01-24T04:03:36.000000;2016-01-24T04:03:36.000000;f5305661-bbec-4d68-8de4-70e15de61e0e;387.52;0.5;UNKNOWN
2016-01-24T04:04:18.000000;2016-01-24T04:04:18.000000;895b6e50-186b-4a36-be11-d4448f05e14c;387.42;0.1;UNKNOWN
2016-01-24T04:04:18.000000;2016-01-24T04:04:18.000000;7d9bcd5a-9e8e-43a7-bf9b-9f7c5cf80331;387.11;0.00550687;UNKNOWN
2016-01-24T04:04:18.000000;2016-01-24T04:04:18.000000;bf24413c-14f1-43d3-9048-83cae343e466;387.5;0.65699821;UNKNOWN
2016-01-24T04:04:18.000000;2016-01-24T04:04:18.000000;27b7fe03-5c56-4bc0-94ea-11f71bc43810;387.12;1.0;UNKNOWN
2016-01-24T04:04:32.000000;2016-01-24T04:04:32.000000;2e064188-9dc7-469a-90ae-302790d7ad2b;387.11;0.06358013;UNKNOWN
2016-01-24T04:04:32.000000;2016-01-24T04:04:32.000000;35609788-3a59-4909-9f5f-c112f4abb659;387.03;0.93641987;UNKNOWN
2016-01-24T04:05:16.000000;2016-01-24T04:05:16.000000;85424c48-2dbf-4565-92d8-2a449d6b386c;387.07;0.102227;UNKNOWN
2016-01-24T04:07:18.000000;2016-01-24T04:07:18.000000;9cc39b13-fca2-426b-8620-5e7cc7818ffb;387.0;0.7;UNKNOWN
2016-01-24T04:07:18.000000;2016-01-24T04:07:18.000000;34c01b93-3c0c-4389-bc8e-74f791841a51;387.07;0.397773;UNKNOWN
2016-01-24T04:07:18.000000;2016-01-24T04:07:18.000000;3f7c7a85-c749-4ea5-a0a2-3b1c9c858431;386.93;0.197047;UNKNOWN
2016-01-24T04:08:05.000000;2016-01-24T04:08:05.000000;28e6b74d-afde-45d9-a8e7-63d18c3465cb;386.99;1.50309966;UNKNOWN
2016-01-24T04:09:18.000000;2016-01-24T04:09:18.000000;7454284b-04b6-4a59-9f0d-5175463ceb9e;386.86;0.042;UNKNOWN
2016-01-24T04:09:18.000000;2016-01-24T04:09:18.000000;8ce7fde5-4e1d-48ee-9af2-0860f7748307;387.1;0.087;UNKNOWN
2016-01-24T04:09:49.000000;2016-01-24T04:09:49.000000;840791cb-8a87-4fd5-bb23-70cf4d63bcf1;386.92;0.628;UNKNOWN
2016-01-24T04:11:09.000000;2016-01-24T04:11:09.000000;31927056-18e4-44c8-a29e-7c8cdcbd9a17;386.96;1.0;UNKNOWN
2016-01-24T04:13:00.000000;2016-01-24T04:13:00.000000;67748d39-982c-4724-8f7e-145e6cd63415;386.89;0.5;UNKNOWN
2016-01-24T04:13:05.000000;2016-01-24T04:13:05.000000;19ddb935-2abf-4a20-b8ce-79aacf231d9f;386.89;0.05;UNKNOWN
2016-01-24T04:16:12.000000;2016-01-24T04:16:12.000000;ea9b5804-2d91-49f6-8e5f-169856002caa;386.64;0.15;UNKNOWN
2016-01-24T04:16:12.000000;2016-01-24T04:16:12.000000;92d6a098-0b67-48e7-befe-eeed428c59e3;386.85;0.63;UNKNOWN
2016-01-24T04:16:12.000000;2016-01-24T04:16:12.000000;27177e1d-d6aa-4025-a608-d4c5ec71b6f4;386.84;0.07;UNKNOWN
2016-01-24T04:16:12.000000;2016-01-24T04:16:12.000000;7535f23d-86f1-4817-a755-76298f838bd7;386.8;0.1;UNKNOWN
2016-01-24T04:16:12.000000;2016-01-24T04:16:12.000000;ea6ced05-0991-4fb5-aea1-8c5ca97ac0b3;386.8;0.05;UNKNOWN
2016-01-24T04:17:05.000000;2016-01-24T04:17:05.000000;3b171c52-2231-4f0f-9848-b089d54c0562;386.71;0.39460745;UNKNOWN
2016-01-24T04:17:06.000000;2016-01-24T04:17:06.000000;ce41fb36-d696-425a-8ce3-2e1eaf1fe803;386.81;3.0;UNKNOWN
2016-01-24T04:17:35.000000;2016-01-24T04:17:35.000000;1f127ce4-65e9-4168-97e6-d8772beea236;386.88;0.965358;UNKNOWN
2016-01-24T04:18:58.000000;2016-01-24T04:18:58.000000;a42d45d5-0948-4699-8f46-7ddab8b25266;386.74;0.1;UNKNOWN
2016-01-24T04:19:05.000000;2016-01-24T04:19:05.000000;6e70cd75-9072-4b60-b3fb-876349d8aa28;386.79;0.03950677;UNKNOWN
2016-01-24T04:19:17.000000;2016-01-24T04:19:17.000000;8e877a2f-133f-456a-884b-8250fd18d2f5;386.73;0.25885055;UNKNOWN
2016-01-24T04:20:08.000000;2016-01-24T04:20:08.000000;3e177bb8-c31c-47e2-b194-b5bc23f6d057;387.44;1.0;UNKNOWN
2016-01-24T04:21:04.000000;2016-01-24T04:21:04.000000;c206f094-37df-4f33-98d2-4c7ecba0116b;387.42;0.3;UNKNOWN
2016-01-24T04:21:04.000000;2016-01-24T04:21:04.000000;18dffa09-315c-4939-9dfe-4908ab6eb798;387.43;1.7;UNKNOWN
2016-01-24T04:21:04.000000;2016-01-24T04:21:04.000000;df54ef2f-8e8f-45a4-ae3b-a9cf66cc612b;387.42;3.0;UNKNOWN
2016-01-24T04:22:08.000000;2016-01-24T04:22:08.000000;c07644bf-159c-460f-9483-d979cdb108f1;388.16;1.0;UNKNOWN
2016-01-24T04:22:13.000000;2016-01-24T04:22:13.000000;0bc9b5cb-0cae-43ff-9446-2e654115ce87;388.16;0.60539255;UNKNOWN
2016-01-24T04:27:38.000000;2016-01-24T04:27:38.000000;b9f76745-a597-40d2-bf6c-10b88c0cac0d;387.61;0.0890754;UNKNOWN
2016-01-24T04:30:18.000000;2016-01-24T04:30:18.000000;ee04877b-a7ba-43f5-9f23-fc8c8b112610;387.6;0.02840671;UNKNOWN
2016-01-24T04:32:18.000000;2016-01-24T04:32:18.000000;e0274de1-a7ad-4fc7-a336-621ad3deed11;387.6;0.12738528;UNKNOWN
2016-01-24T04:35:29.000000;2016-01-24T04:35:29.000000;9ef7f677-67cf-49ca-bd11-0c2348fcfc97;387.6;0.0376;UNKNOWN
2016-01-24T04:36:08.000000;2016-01-24T04:36:08.000000;1c51c8df-d31b-4d35-a8f6-37f9bd9690cf;387.64;0.0476;UNKNOWN
2016-01-24T04:37:01.000000;2016-01-24T04:37:01.000000;48d4779c-d3e0-4b36-9ad2-404067c32768;387.6;0.0376;UNKNOWN
2016-01-24T04:37:05.000000;2016-01-24T04:37:05.000000;b6b44d00-75a3-488d-9388-6a4f2cd29b41;387.6;0.81681244;UNKNOWN
2016-01-24T04:37:05.000000;2016-01-24T04:37:05.000000;ff2fbe54-af68-481e-9246-84c8d4a805ec;387.6;0.76900801;UNKNOWN
2016-01-24T04:37:05.000000;2016-01-24T04:37:05.000000;831c1293-95b8-4722-a311-7946f9c12b8c;387.6;0.6;UNKNOWN
2016-01-24T04:37:20.000000;2016-01-24T04:37:20.000000;c77563ab-5ea0-490d-b3b7-b3bb1a52c39b;387.68;0.105;UNKNOWN
2016-01-24T04:37:40.000000;2016-01-24T04:37:40.000000;9776a74f-af24-40e8-bacf-72df31260e91;387.68;0.36;UNKNOWN
2016-01-24T04:38:05.000000;2016-01-24T04:38:05.000000;4bf3eb37-d120-4117-9c17-8bab62e3034d;387.68;0.13508095;UNKNOWN
2016-01-24T04:38:12.000000;2016-01-24T04:38:12.000000;246277ab-ea2c-47a5-aed3-e635e81d4507;387.37;0.01;UNKNOWN
2016-01-24T04:38:34.000000;2016-01-24T04:38:34.000000;5dde3271-bbbd-4917-a5f7-398c4d20ac3d;387.16;0.01138785;UNKNOWN
2016-01-24T04:39:45.000000;2016-01-24T04:39:45.000000;5bfd610f-07e4-465a-b866-a6b9b98704e1;387.53;0.04124;UNKNOWN
2016-01-24T04:43:47.000000;2016-01-24T04:43:47.000000;81fb12e3-2bae-4b3a-a622-46d6d206c389;387.66;0.03615027;UNKNOWN
2016-01-24T04:46:04.000000;2016-01-24T04:46:04.000000;a60bd4e2-0678-4856-8b6c-23fedb21194e;387.69;0.0305201;UNKNOWN
2016-01-24T04:46:06.000000;2016-01-24T04:46:06.000000;bfa8f3c0-0183-4acc-a3d2-d345fe964447;387.69;0.03759102;UNKNOWN
2016-01-24T04:47:43.000000;2016-01-24T04:47:43.000000;44329734-9c53-43af-a01a-4199c91a9608;387.69;0.93188888;UNKNOWN
2016-01-24T04:49:05.000000;2016-01-24T04:49:05.000000;a0d371bc-736d-47cf-80e5-3109ab1f1c1e;387.69;1.29758;UNKNOWN
2016-01-24T04:50:32.000000;2016-01-24T04:50:32.000000;3119f0ea-b3c6-45cb-b57f-6a23913d2bb4;387.69;0.0614;UNKNOWN
2016-01-24T04:55:01.000000;2016-01-24T04:55:01.000000;3e4ba508-e520-43fe-865b-50c743d5b281;387.69;0.0792494;UNKNOWN
2016-01-24T04:55:18.000000;2016-01-24T04:55:18.000000;ed912e5a-13be-4d3c-a826-4855f1e46a80;387.69;0.12732041;UNKNOWN
2016-01-24T04:56:04.000000;2016-01-24T04:56:04.000000;5cebe245-84a3-466b-8e7f-83b3045abcb7;387.7;0.1;UNKNOWN
2016-01-24T04:57:05.000000;2016-01-24T04:57:05.000000;d1c70099-6b58-462f-91bb-5ab717bf2584;387.69;1.37241834;UNKNOWN
2016-01-24T04:57:06.000000;2016-01-24T04:57:06.000000;50748047-e3ee-4143-b0c6-8248bb3c92c8;387.7;0.022502;UNKNOWN
2016-01-24T04:57:48.000000;2016-01-24T04:57:48.000000;c80e8bc6-5d43-4644-b3d8-ce8332fc2474;387.7;0.5;UNKNOWN
2016-01-24T04:57:48.000000;2016-01-24T04:57:48.000000;e922a3b5-0009-4640-a687-30940fd883f7;387.8;1.0;UNKNOWN
2016-01-24T04:57:48.000000;2016-01-24T04:57:48.000000;228e79ad-9576-4b89-baf6-7bf491c50fce;387.76;0.3;UNKNOWN
2016-01-24T04:57:48.000000;2016-01-24T04:57:48.000000;ee335fde-9935-4df8-b9f6-0a883b1a3dc7;387.7;1.077498;UNKNOWN
2016-01-24T04:58:05.000000;2016-01-24T04:58:05.000000;80334efa-56c3-423d-bff5-435223ff1427;388.0;3.0;UNKNOWN
2016-01-24T04:58:05.000000;2016-01-24T04:58:05.000000;c4cbd6c6-24d7-4a40-ac4e-f394ddcb9711;388.0;1.53657469;UNKNOWN
2016-01-24T04:58:05.000000;2016-01-24T04:58:05.000000;1aabac1b-75d8-4e3c-9a0b-00675022b251;388.0;0.3;UNKNOWN
2016-01-24T04:58:08.000000;2016-01-24T04:58:08.000000;1416578a-4d4f-4140-9802-2a7ce06bd0fd;388.02;0.10327849;UNKNOWN
2016-01-24T04:58:58.000000;2016-01-24T04:58:58.000000;cb7c0cca-b7ca-4950-9564-6002b9babdd1;388.17;0.02580963;UNKNOWN
2016-01-24T05:00:41.000000;2016-01-24T05:00:41.000000;50c79c44-4825-40ea-9ba3-8c1c47c61587;388.24;0.7153524;UNKNOWN
2016-01-24T05:00:48.000000;2016-01-24T05:00:48.000000;b9256159-9f51-4887-8c9e-2e224442f86c;388.22;0.90273215;UNKNOWN
2016-01-24T05:00:49.000000;2016-01-24T05:00:49.000000;99e67e88-b8cb-46b4-8cf3-e513526faebe;388.22;0.2837743;UNKNOWN
2016-01-24T05:01:00.000000;2016-01-24T05:01:00.000000;0d69097d-d7f0-40a5-af11-a3e1ea3e5bd1;388.27;4.0;UNKNOWN
2016-01-24T05:04:38.000000;2016-01-24T05:04:38.000000;d6a2222d-d8bc-43b6-a439-71fcfac5643c;388.33;6.368;UNKNOWN
2016-01-24T05:04:43.000000;2016-01-24T05:04:43.000000;7747209e-575c-48aa-b30b-b24e8d20f57b;388.33;3.632;UNKNOWN
2016-01-24T05:05:51.000000;2016-01-24T05:05:51.000000;5160bcb6-86cb-478f-a3bc-6479141b4ce2;388.54;0.8021;UNKNOWN
2016-01-24T05:05:59.000000;2016-01-24T05:05:59.000000;1fae258c-5240-4318-a5f2-5dc9291e70b4;388.54;0.7;UNKNOWN
2016-01-24T05:06:01.000000;2016-01-24T05:06:01.000000;65860c29-9860-4fe0-ae9c-262c9b799250;388.54;0.39;UNKNOWN
2016-01-24T05:06:05.000000;2016-01-24T05:06:05.000000;4d8829da-f9b5-44d0-81c7-fcd1eb76f8b3;388.8;0.48;UNKNOWN
2016-01-24T05:06:05.000000;2016-01-24T05:06:05.000000;e6abd002-c12a-42ce-afd0-2b270144f2ef;388.55;1.0;UNKNOWN
2016-01-24T05:06:05.000000;2016-01-24T05:06:05.000000;71ec8d73-308d-42da-bf3a-5a3470a3b38a;388.59;0.28;UNKNOWN
2016-01-24T05:06:05.000000;2016-01-24T05:06:05.000000;d3e0d2e7-ff0a-4ecd-8c61-85b8fdf02985;388.79;0.51;UNKNOWN
2016-01-24T05:06:05.000000;2016-01-24T05:06:05.000000;bce5c67e-7a1f-4740-8b61-f741806628b8;388.6;0.3;UNKNOWN
2016-01-24T05:06:13.000000;2016-01-24T05:06:13.000000;152ff3bb-9832-4820-be46-8f4baea1a828;388.82;0.05;UNKNOWN
2016-01-24T05:06:13.000000;2016-01-24T05:06:13.000000;3574cae4-ae85-4c47-88aa-21374fe85639;388.8;0.02;UNKNOWN
2016-01-24T05:06:13.000000;2016-01-24T05:06:13.000000;a5702408-c879-4d5f-b39b-e6edc8191e63;388.86;6.4266;UNKNOWN
2016-01-24T05:06:30.000000;2016-01-24T05:06:30.000000;d27c141c-1787-4bda-b033-9228556e89b9;389.06;0.02;UNKNOWN
2016-01-24T05:08:19.000000;2016-01-24T05:08:19.000000;575315a8-227f-4518-ac16-2532d1f1e3b2;389.31;0.01;UNKNOWN
2016-01-24T05:09:03.000000;2016-01-24T05:09:03.000000;74402d7e-d1bd-411a-9e74-dbc20d29e437;389.01;0.3;UNKNOWN
2016-01-24T05:09:18.000000;2016-01-24T05:09:18.000000;a622762c-3f22-41e8-a80e-f9e28c0b49ce;389.08;0.151394;UNKNOWN
2016-01-24T05:09:44.000000;2016-01-24T05:09:44.000000;7a7f71e9-d0c0-46dd-9e0e-6a17c3ed25c2;389.33;0.02;UNKNOWN
2016-01-24T05:09:44.000000;2016-01-24T05:09:44.000000;7ee7350e-97e1-4e0d-95ca-6f360d093a90;389.43;0.65155612;UNKNOWN
2016-01-24T05:09:44.000000;2016-01-24T05:09:44.000000;46d78152-a62c-45d2-a442-80c4895d001b;389.31;0.99;UNKNOWN
2016-01-24T05:09:44.000000;2016-01-24T05:09:44.000000;b60c9b98-ca6f-4fa8-9e44-242c4a7bdb35;389.3;0.3;UNKNOWN
2016-01-24T05:09:44.000000;2016-01-24T05:09:44.000000;6e821f72-615f-4fb7-aa65-ec406ad9c083;389.34;0.02;UNKNOWN
2016-01-24T05:10:37.000000;2016-01-24T05:10:37.000000;cc867f23-7683-4f44-af78-a6c9019933ba;389.4;2.0;UNKNOWN
2016-01-24T05:10:40.000000;2016-01-24T05:10:40.000000;c324d7c3-0493-4884-802b-cef33f100a0b;389.4;2.0;UNKNOWN
2016-01-24T05:10:47.000000;2016-01-24T05:10:47.000000;72c6e5df-778d-41aa-93e3-1d698ab18964;389.4;0.1034;UNKNOWN
2016-01-24T05:10:58.000000;2016-01-24T05:10:58.000000;1522038e-3723-4e98-876c-a93727e1c163;389.36;0.04190762;UNKNOWN
2016-01-24T05:11:14.000000;2016-01-24T05:11:14.000000;5fe30cbf-ad39-4864-8e7d-1fd3f0d13990;389.4;1.0;UNKNOWN
2016-01-24T05:11:23.000000;2016-01-24T05:11:23.000000;1fc95c0c-69b1-4a9c-83b0-8ce06417e5f2;389.38;0.1;UNKNOWN
2016-01-24T05:11:23.000000;2016-01-24T05:11:23.000000;4a21be7f-fbd7-4a57-87af-78e7086c1de2;389.38;1.2;UNKNOWN
2016-01-24T05:11:23.000000;2016-01-24T05:11:23.000000;33df1a6b-974d-4945-8cf7-34a7241cfac9;389.38;0.1;UNKNOWN
2016-01-24T05:11:24.000000;2016-01-24T05:11:24.000000;e1b3aac9-3148-471e-bc62-87374a9c9d1b;389.38;0.1;UNKNOWN
2016-01-24T05:11:25.000000;2016-01-24T05:11:25.000000;18f390d4-a4d4-4e9c-acb0-ba29f9cf1bf9;389.38;0.1;UNKNOWN
2016-01-24T05:11:25.000000;2016-01-24T05:11:25.000000;93e51fb5-b4a9-454f-8f0f-7c40f261952c;389.37;0.1;UNKNOWN
2016-01-24T05:11:26.000000;2016-01-24T05:11:26.000000;4de9bfde-72ce-4770-8fc0-e98ea85584d8;389.37;0.1;UNKNOWN
2016-01-24T05:11:27.000000;2016-01-24T05:11:27.000000;7f08f9f1-224d-4ff4-878e-5449c3245f09;389.37;0.1;UNKNOWN
2016-01-24T05:11:31.000000;2016-01-24T05:11:31.000000;6cb4b67c-717c-4c2e-970d-ca1fb038dca8;389.36;0.02;UNKNOWN
2016-01-24T05:11:38.000000;2016-01-24T05:11:38.000000;055f5149-4e1d-4288-8d13-7bc9a1b6ad91;389.36;0.24809238;UNKNOWN
2016-01-24T05:11:38.000000;2016-01-24T05:11:38.000000;8c65f6fd-e0b6-40d0-af70-5eca02f32ac8;389.31;0.0090955;UNKNOWN
2016-01-24T05:13:05.000000;2016-01-24T05:13:05.000000;996f4f15-4dcf-4aeb-8e19-b8d815bfc896;388.6;0.5;UNKNOWN
2016-01-24T05:13:05.000000;2016-01-24T05:13:05.000000;3efc150e-25a3-442e-9742-a3ff655bd465;388.6;1.103098;UNKNOWN
2016-01-24T05:13:05.000000;2016-01-24T05:13:05.000000;9addd2db-96e4-41bd-a2ee-a1458a98371a;389.18;0.3;UNKNOWN
2016-01-24T05:13:05.000000;2016-01-24T05:13:05.000000;287c53f8-5d26-40bb-92b3-4ba6a7c774c4;389.0;0.625902;UNKNOWN
2016-01-24T05:13:05.000000;2016-01-24T05:13:05.000000;33a7dba3-508d-4a98-8053-96f4ec1bc395;389.22;0.271;UNKNOWN
2016-01-24T05:15:19.000000;2016-01-24T05:15:19.000000;854faac3-fdc9-4062-8baa-aa968eeb206a;388.64;0.0299;UNKNOWN
2016-01-24T05:16:18.000000;2016-01-24T05:16:18.000000;4f05afc8-c800-4ee8-acee-106d5b9a0b4e;388.79;0.12835;UNKNOWN
2016-01-24T05:17:31.000000;2016-01-24T05:17:31.000000;f7e513f8-2a39-42db-a2e1-0f61136e4ee0;388.8;0.0299;UNKNOWN
2016-01-24T05:17:59.000000;2016-01-24T05:17:59.000000;1e5a55e1-9b54-4ae7-9aaa-0b1c2cd44039;388.74;0.0299;UNKNOWN
2016-01-24T05:20:06.000000;2016-01-24T05:20:06.000000;f66335fb-c968-4453-b859-f89d6eab52e0;388.93;1.5;UNKNOWN
2016-01-24T05:20:06.000000;2016-01-24T05:20:06.000000;c4e5086c-3e31-4a9c-ad0a-e9b9f2e1dc38;388.93;0.5;UNKNOWN
2016-01-24T05:21:05.000000;2016-01-24T05:21:05.000000;a4351d33-faba-415f-8ca4-6333b0e67a4f;388.77;0.3;UNKNOWN
2016-01-24T05:21:05.000000;2016-01-24T05:21:05.000000;46fb697f-23ad-4431-85a5-0afe31189182;388.78;0.047294;UNKNOWN
2016-01-24T05:21:53.000000;2016-01-24T05:21:53.000000;ac8f613b-7477-4a90-8617-e3076d38e2e2;388.55;0.429;UNKNOWN
2016-01-24T05:21:53.000000;2016-01-24T05:21:53.000000;7408a75f-b450-442c-969f-eeb3d93e76d1;388.54;0.091;UNKNOWN
2016-01-24T05:21:53.000000;2016-01-24T05:21:53.000000;af1e3990-9148-4d6d-b32e-9407641bbff2;388.6;0.68;UNKNOWN
2016-01-24T05:21:53.000000;2016-01-24T05:21:53.000000;3bf1a8e3-569a-4e0b-beff-4fecb26b7778;388.6;0.3;UNKNOWN
2016-01-24T05:23:06.000000;2016-01-24T05:23:06.000000;581b309b-05d3-41d4-b715-d6a79ff7c8f7;388.55;6.4008;UNKNOWN
2016-01-24T05:25:49.000000;2016-01-24T05:25:49.000000;032f5432-4010-45cb-abde-203284eb3fff;388.71;6.4076;UNKNOWN
2016-01-24T05:27:24.000000;2016-01-24T05:27:24.000000;ffdb8f9b-8d88-425f-a63a-780a2b5b2b00;389.08;2.04002765;UNKNOWN
2016-01-24T05:28:05.000000;2016-01-24T05:28:05.000000;f639dc79-3250-4f01-91eb-1675487e8520;389.0;0.9;UNKNOWN
2016-01-24T05:28:06.000000;2016-01-24T05:28:06.000000;67c46cff-65f6-4ad7-a797-c5fd8b6e605d;389.06;0.3;UNKNOWN
2016-01-24T05:28:06.000000;2016-01-24T05:28:06.000000;a05e19d2-ab8d-40b3-b151-3f7a52834aa9;389.0;0.1;UNKNOWN
2016-01-24T05:28:06.000000;2016-01-24T05:28:06.000000;e033cae0-e62c-4ba6-b0f7-8e42addae423;389.2;1.0;UNKNOWN
2016-01-24T05:28:06.000000;2016-01-24T05:28:06.000000;e0b93957-23e6-4c6b-9261-ece799c7a290;389.15;1.0;UNKNOWN
2016-01-24T05:28:06.000000;2016-01-24T05:28:06.000000;7021dd76-3896-40e8-b508-2db041c95e10;389.42;1.1;UNKNOWN
2016-01-24T05:29:08.000000;2016-01-24T05:29:08.000000;c33a03ec-dadc-4a92-848d-c70a959c993c;389.15;2.62113241;UNKNOWN
2016-01-24T05:29:23.000000;2016-01-24T05:29:23.000000;87841ce8-369d-4166-a329-3774486440e2;389.03;2.0;UNKNOWN
2016-01-24T05:29:27.000000;2016-01-24T05:29:27.000000;c12ba2a4-fc9c-4373-949d-2f9efda486aa;389.12;1.0;UNKNOWN
2016-01-24T05:29:27.000000;2016-01-24T05:29:27.000000;57de0f40-5308-4f7b-b7cf-f2acddcdc896;389.11;0.5;UNKNOWN
2016-01-24T05:30:05.000000;2016-01-24T05:30:05.000000;42ecac50-8ab4-457e-ac48-7bd05f728f9a;389.03;0.12958343;UNKNOWN
2016-01-24T05:30:05.000000;2016-01-24T05:30:05.000000;dd5be70a-b725-4d72-83b4-2bab4a8326ef;389.35;0.5;UNKNOWN
2016-01-24T05:30:05.000000;2016-01-24T05:30:05.000000;0fb1b181-3535-4381-a568-9c510b554d20;389.35;6.3833;UNKNOWN
2016-01-24T05:30:05.000000;2016-01-24T05:30:05.000000;7d0fac1b-7af9-471c-a71d-4c30e51ef2ce;389.44;0.1;UNKNOWN
2016-01-24T05:30:05.000000;2016-01-24T05:30:05.000000;28aff6df-8f3e-459d-8e1f-4030e7d05738;389.48;6.0;UNKNOWN
2016-01-24T05:30:05.000000;2016-01-24T05:30:05.000000;800de1ef-028c-4074-99b4-d39b63981422;389.49;2.0167;UNKNOWN
2016-01-24T05:30:05.000000;2016-01-24T05:30:05.000000;7a216820-3c94-438a-b3ad-48c88ad6e99d;389.36;3.0;UNKNOWN
2016-01-24T05:32:12.000000;2016-01-24T05:32:12.000000;6bb1a040-ca03-43da-adc0-313ef1904900;389.49;6.3612;UNKNOWN
2016-01-24T05:32:12.000000;2016-01-24T05:32:12.000000;70441990-48ed-4c27-8b35-851de5855604;389.69;2.56650455;UNKNOWN
2016-01-24T05:32:12.000000;2016-01-24T05:32:12.000000;62cb2064-0a57-4069-a795-af5e2bb1706b;389.67;1.0;UNKNOWN
2016-01-24T05:32:12.000000;2016-01-24T05:32:12.000000;4863bfa7-0090-45b6-a848-db833dcf107a;389.78;1.12094552;UNKNOWN
2016-01-24T05:32:12.000000;2016-01-24T05:32:12.000000;9570420b-72d8-4f91-bb4f-a4e1340db4e0;389.4;0.3;UNKNOWN
2016-01-24T05:32:12.000000;2016-01-24T05:32:12.000000;98757fcb-3854-46af-aa32-f2f56f9a9bb4;389.5;13.35134993;UNKNOWN
2016-01-24T05:32:12.000000;2016-01-24T05:32:12.000000;4dd29352-535b-407e-af97-bb2eb16e870d;389.59;0.3;UNKNOWN
2016-01-24T05:34:53.000000;2016-01-24T05:34:53.000000;40519a84-616c-41e3-947a-94a5ba440524;389.69;0.2;UNKNOWN
2016-01-24T05:34:53.000000;2016-01-24T05:34:53.000000;d73dfe86-0530-4bc0-b4bc-625aa3690b34;389.49;0.3;UNKNOWN
2016-01-24T05:34:53.000000;2016-01-24T05:34:53.000000;1b8ecc5e-8d4e-4957-9d36-e63dd100427f;389.68;0.5;UNKNOWN
2016-01-24T05:35:05.000000;2016-01-24T05:35:05.000000;b8b43c15-5098-40ab-b774-6175a848f549;389.0;0.2;UNKNOWN
2016-01-24T05:35:14.000000;2016-01-24T05:35:14.000000;24546141-c08e-43a6-8892-ba65079d03ce;389.62;0.1;UNKNOWN
2016-01-24T05:35:16.000000;2016-01-24T05:35:16.000000;92a71a59-6f6b-4261-9a03-28df8c9198c5;389.6;0.1;UNKNOWN
2016-01-24T05:35:18.000000;2016-01-24T05:35:18.000000;5e37daa2-5a26-464b-92cf-0ecd2db57c07;389.07;0.16521783;UNKNOWN
2016-01-24T05:35:18.000000;2016-01-24T05:35:18.000000;7891ba02-64d4-4cf6-918c-82fb2a5fadf4;389.6;0.1;UNKNOWN
2016-01-24T05:35:20.000000;2016-01-24T05:35:20.000000;02990b18-a5df-47c5-88bd-b22ed197c4cd;389.58;0.1;UNKNOWN
2016-01-24T05:35:43.000000;2016-01-24T05:35:43.000000;0e7ab32f-1d86-4315-aaa0-77350119f693;389.5;0.5;UNKNOWN
2016-01-24T05:36:05.000000;2016-01-24T05:36:05.000000;d437954d-113d-41ec-9228-ad9335be1d0a;388.7;0.2268;UNKNOWN
2016-01-24T05:36:05.000000;2016-01-24T05:36:05.000000;2a4354ae-e3e6-4382-8d22-820fa6b4151c;388.7;1.48;UNKNOWN
2016-01-24T05:36:06.000000;2016-01-24T05:36:06.000000;7d9f3add-2d2b-40e5-89bd-03f729988bf8;389.3;0.01494499;UNKNOWN
2016-01-24T05:37:05.000000;2016-01-24T05:37:05.000000;babd58ad-acf0-483e-a133-2390401e9462;388.54;0.3;UNKNOWN
2016-01-24T05:37:05.000000;2016-01-24T05:37:05.000000;85af8456-a7e1-45a3-88d0-57994e287e19;388.54;0.159;UNKNOWN
2016-01-24T05:37:05.000000;2016-01-24T05:37:05.000000;ffeba385-1b52-4db3-9a4c-e3e86d24e393;388.18;1.801;UNKNOWN
2016-01-24T05:37:05.000000;2016-01-24T05:37:05.000000;b78a034f-3747-4ab7-8741-591ae66d9d51;388.24;0.5;UNKNOWN
2016-01-24T05:39:08.000000;2016-01-24T05:39:08.000000;613b2537-ddb6-46bd-ba06-50f6a377b869;388.23;0.20610509;UNKNOWN
2016-01-24T05:44:23.000000;2016-01-24T05:44:23.000000;a7dc2a35-b1b9-4871-a904-ee6278858f2a;388.77;1.0;UNKNOWN
2016-01-24T05:44:23.000000;2016-01-24T05:44:23.000000;badb00f8-30d4-474b-8770-416273085d24;388.77;2.0;UNKNOWN
2016-01-24T05:48:05.000000;2016-01-24T05:48:05.000000;4ef43c53-dbeb-4791-a49d-1bb586d621cc;388.48;0.01006;UNKNOWN
2016-01-24T05:48:06.000000;2016-01-24T05:48:06.000000;bb6563c0-dfbc-43e9-bedb-cd721bbc47b8;388.48;0.01004;UNKNOWN
2016-01-24T05:48:07.000000;2016-01-24T05:48:07.000000;161063a5-a35d-42f0-8c96-5f623cc09d95;388.47;0.01004;UNKNOWN
2016-01-24T05:48:49.000000;2016-01-24T05:48:49.000000;c3829eed-9938-4c93-8652-f2a38a41bc35;388.84;0.3;UNKNOWN
2016-01-24T05:48:49.000000;2016-01-24T05:48:49.000000;bd257168-7101-4a74-8bd5-bed39d22c785;388.85;0.73;UNKNOWN
2016-01-24T05:49:05.000000;2016-01-24T05:49:05.000000;713134de-16b4-4c91-b577-da238e0f508c;388.66;0.01004;UNKNOWN
2016-01-24T05:49:07.000000;2016-01-24T05:49:07.000000;e8817881-c8ff-4db1-8fc5-d79c71343b64;388.68;0.01004;UNKNOWN
2016-01-24T05:49:08.000000;2016-01-24T05:49:08.000000;090bf4da-47c2-4116-b002-fd1ccc5a6e0b;388.67;0.01004;UNKNOWN
2016-01-24T05:49:45.000000;2016-01-24T05:49:45.000000;0241fc59-baf7-4516-b58e-a155026ed2ab;389.11;2.87;UNKNOWN
2016-01-24T05:50:05.000000;2016-01-24T05:50:05.000000;7cc1bb98-6fd5-4485-b88e-724ad06577f2;388.59;0.01005;UNKNOWN
2016-01-24T05:50:07.000000;2016-01-24T05:50:07.000000;f39ee8d4-cae8-4f83-94e0-30c6f4634374;388.6;0.01005;UNKNOWN
2016-01-24T05:51:05.000000;2016-01-24T05:51:05.000000;d69d7dc7-f6a2-480d-8015-35c3dcfd486b;389.0;0.01005;UNKNOWN
2016-01-24T05:51:06.000000;2016-01-24T05:51:06.000000;41f24e9d-a3fb-4912-aece-4e4996dbd96a;388.54;9e-05;UNKNOWN
2016-01-24T05:51:06.000000;2016-01-24T05:51:06.000000;0dec20e8-916c-4e96-a3ea-a4e2dcfe6581;389.0;0.00995;UNKNOWN
2016-01-24T05:51:08.000000;2016-01-24T05:51:08.000000;332e32d2-df15-465c-9bed-e1fa7ec25c55;388.54;0.01004;UNKNOWN
2016-01-24T05:52:05.000000;2016-01-24T05:52:05.000000;e16251aa-ed8e-4e71-9cb2-e9ff71873431;388.64;0.01005;UNKNOWN
2016-01-24T05:53:05.000000;2016-01-24T05:53:05.000000;2cff1b17-f271-42fe-b892-d05266f51b91;388.63;0.01005;UNKNOWN
2016-01-24T05:53:06.000000;2016-01-24T05:53:06.000000;7b61b398-16fb-443f-9ab8-14f61408ba5d;388.63;0.01003;UNKNOWN
2016-01-24T05:54:05.000000;2016-01-24T05:54:05.000000;eeeec40e-98ab-4b1d-b9d9-1156ffd6b942;388.3;0.3;UNKNOWN
2016-01-24T05:54:05.000000;2016-01-24T05:54:05.000000;5566b8d1-8749-466e-8260-c47dccad6124;388.28;4.77951094;UNKNOWN
2016-01-24T05:54:22.000000;2016-01-24T05:54:22.000000;c0b88261-7a51-4fc8-92ae-fe6975e5073f;388.29;2.0;UNKNOWN
2016-01-24T05:54:40.000000;2016-01-24T05:54:40.000000;1360a578-e192-4483-984b-bc32cb028aa7;388.14;5.0;UNKNOWN
2016-01-24T05:54:49.000000;2016-01-24T05:54:49.000000;8413654b-401a-4908-b9c5-0264a8448e26;388.07;5.92;UNKNOWN
2016-01-24T05:54:49.000000;2016-01-24T05:54:49.000000;3bb84be3-1528-44cd-8a83-a12bccb1dd33;388.06;2.08;UNKNOWN
2016-01-24T05:55:05.000000;2016-01-24T05:55:05.000000;34924f14-368d-46c2-ae77-c3baae5d3b66;388.03;0.01004;UNKNOWN
2016-01-24T05:55:06.000000;2016-01-24T05:55:06.000000;39e2551e-62e3-4f28-9180-934d4cc32b8d;388.03;0.01004;UNKNOWN
2016-01-24T05:55:57.000000;2016-01-24T05:55:57.000000;4a4442af-11d0-41c4-8051-076c146f4365;388.05;0.12890528;UNKNOWN
2016-01-24T05:56:03.000000;2016-01-24T05:56:03.000000;f47fb104-ad80-440a-8dc9-664b50e62708;388.62;0.1;UNKNOWN
2016-01-24T05:56:05.000000;2016-01-24T05:56:05.000000;ae7502b0-4d7f-4df5-b370-26e8f44a4619;388.03;0.01005;UNKNOWN
2016-01-24T05:56:06.000000;2016-01-24T05:56:06.000000;19f5ad45-fb96-4608-a906-1146070144ca;388.04;0.01005;UNKNOWN
2016-01-24T05:56:14.000000;2016-01-24T05:56:14.000000;9de5a068-d07f-49a9-9e53-1e6a9150f375;388.05;3.0;UNKNOWN
2016-01-24T05:57:05.000000;2016-01-24T05:57:05.000000;d8f0b1e8-ad57-4c96-b1f2-cef90cdeecf2;388.23;0.01006;UNKNOWN
2016-01-24T05:57:06.000000;2016-01-24T05:57:06.000000;75bb4269-1968-4d3d-b437-7a47f6573c93;388.23;0.01006;UNKNOWN
2016-01-24T05:57:11.000000;2016-01-24T05:57:11.000000;88697436-fb22-4ac3-826b-c60f7aa3aa6d;388.25;1.5;UNKNOWN
2016-01-24T05:57:11.000000;2016-01-24T05:57:11.000000;01be269d-f32a-4cd7-a5dc-9c1facb5cad3;388.25;3.0;UNKNOWN
2016-01-24T05:57:11.000000;2016-01-24T05:57:11.000000;939c1278-9691-4324-89a4-ab4c522a4084;388.25;0.5;UNKNOWN
2016-01-24T05:57:24.000000;2016-01-24T05:57:24.000000;33bb6fc3-dfbc-4811-bdc6-4ec2aa483376;388.29;0.9;UNKNOWN
2016-01-24T05:57:24.000000;2016-01-24T05:57:24.000000;b494f899-3f2b-49ff-9575-fc362a534b3e;388.3;0.5;UNKNOWN
2016-01-24T05:57:24.000000;2016-01-24T05:57:24.000000;399de7c8-e048-4498-9f23-965a6e398eaf;388.29;0.6;UNKNOWN
2016-01-24T05:57:24.000000;2016-01-24T05:57:24.000000;5f931ddb-ce56-4458-90ee-4c209e07d7e3;388.3;3.0;UNKNOWN
2016-01-24T05:58:05.000000;2016-01-24T05:58:05.000000;59ea4cf4-21b1-446d-a071-2680d950bcbe;388.33;0.01004;UNKNOWN
2016-01-24T05:58:06.000000;2016-01-24T05:58:06.000000;c75018a2-1d4f-4fa8-9cee-11c21052b5fa;388.33;0.01004;UNKNOWN
2016-01-24T05:58:48.000000;2016-01-24T05:58:48.000000;88af09f3-2d16-4777-96a3-846734c3481b;388.24;0.03869051;UNKNOWN
2016-01-24T05:59:05.000000;2016-01-24T05:59:05.000000;1768e001-15c3-4b7f-8dfd-510f0cf39b74;388.28;0.10460428;UNKNOWN
2016-01-24T05:59:06.000000;2016-01-24T05:59:06.000000;627bed3f-d78c-4742-b251-30c086aba22d;388.28;0.01004;UNKNOWN
2016-01-24T05:59:07.000000;2016-01-24T05:59:07.000000;fd94e41d-76c9-4f13-bd40-51ead738981a;388.28;0.01004;UNKNOWN
2016-01-24T06:00:48.000000;2016-01-24T06:00:48.000000;bc7f71ac-45d6-4a31-8ccd-6476cfb1137f;388.58;0.5;UNKNOWN
2016-01-24T06:00:48.000000;2016-01-24T06:00:48.000000;e0ff1cac-0989-41a8-89ae-37e2e04ead5c;388.57;0.53105618;UNKNOWN
2016-01-24T06:01:05.000000;2016-01-24T06:01:05.000000;109ab22e-0614-4e4e-8f35-e54a658c848b;388.51;0.01004;UNKNOWN
2016-01-24T06:02:28.000000;2016-01-24T06:02:28.000000;d26ccd5d-2415-4612-a8b4-0b0b9e98f63a;388.57;0.13010719;UNKNOWN
2016-01-24T06:03:05.000000;2016-01-24T06:03:05.000000;ca925433-8276-4f41-929d-b75d267c492c;388.55;0.01006;UNKNOWN
2016-01-24T06:04:05.000000;2016-01-24T06:04:05.000000;c740b484-5d4a-4aa1-b64f-69f921674453;388.52;0.01005;UNKNOWN
2016-01-24T06:04:13.000000;2016-01-24T06:04:13.000000;084410bb-14b4-4290-be20-70e00fb1b3f6;388.74;5.0;UNKNOWN
2016-01-24T06:05:05.000000;2016-01-24T06:05:05.000000;c2375d03-5393-4f45-a400-d197ff1d8f8b;388.52;0.01005;UNKNOWN
2016-01-24T06:05:06.000000;2016-01-24T06:05:06.000000;1c6cbecd-4408-437f-9d28-77642d669eaa;388.52;0.01004;UNKNOWN
2016-01-24T06:05:10.000000;2016-01-24T06:05:10.000000;98180af2-bcdf-4df8-8cd1-200ad2e66d2f;388.7;4.4;UNKNOWN
2016-01-24T06:05:10.000000;2016-01-24T06:05:10.000000;e52c7711-6e64-4d2a-943e-059d6d27a2b5;388.69;0.6;UNKNOWN
2016-01-24T06:06:05.000000;2016-01-24T06:06:05.000000;3c4435a6-0122-4def-96fb-2c86b473ad1d;388.62;0.01004;UNKNOWN
2016-01-24T06:06:06.000000;2016-01-24T06:06:06.000000;c744831d-a3a6-460e-89da-bd7483ec311f;388.62;0.01004;UNKNOWN
2016-01-24T06:06:07.000000;2016-01-24T06:06:07.000000;ae4dccbe-efe1-4169-a1ad-1dcee1871a8a;388.93;0.18729361;UNKNOWN
2016-01-24T06:07:05.000000;2016-01-24T06:07:05.000000;439965dd-8272-4867-bdf8-1bab8fb66fd3;388.9;0.01005;UNKNOWN
2016-01-24T06:07:29.000000;2016-01-24T06:07:29.000000;033a9575-0146-4056-a23d-4bdcdb35ba15;388.96;9.0;UNKNOWN
2016-01-24T06:08:02.000000;2016-01-24T06:08:02.000000;9f5d3abe-1298-4f16-9a69-abb504e2748d;388.98;0.1;UNKNOWN
2016-01-24T06:08:05.000000;2016-01-24T06:08:05.000000;e96964b9-7253-44e6-94e7-e8a4711739a5;388.93;0.01005;UNKNOWN
2016-01-24T06:08:07.000000;2016-01-24T06:08:07.000000;51fde3c8-3ee2-453c-bd5a-d6a383de0bce;388.93;0.01005;UNKNOWN
2016-01-24T06:08:08.000000;2016-01-24T06:08:08.000000;473828b7-0515-4f2c-86ed-2af35113dc63;388.99;0.22403307;UNKNOWN
2016-01-24T06:09:05.000000;2016-01-24T06:09:05.000000;47aeffe7-1972-4686-9429-72168fa0a74b;388.92;0.01005;UNKNOWN
2016-01-24T06:09:06.000000;2016-01-24T06:09:06.000000;af62c526-89e3-427c-8dbf-81a62f7a7d90;388.92;0.01005;UNKNOWN
2016-01-24T06:10:05.000000;2016-01-24T06:10:05.000000;a0a3072c-1aea-4979-ab63-65b500dfd38b;388.55;0.01005;UNKNOWN
2016-01-24T06:10:06.000000;2016-01-24T06:10:06.000000;59cf466e-d1c7-4052-a5d5-01862fe23f5c;388.55;0.58995;UNKNOWN
2016-01-24T06:10:06.000000;2016-01-24T06:10:06.000000;1b67b535-3ace-4bb3-bbe0-436172d0defc;388.91;0.63324872;UNKNOWN
2016-01-24T06:10:06.000000;2016-01-24T06:10:06.000000;c40110b4-8334-42dd-b191-948d6ab032e8;388.55;1.14978989;UNKNOWN
2016-01-24T06:11:05.000000;2016-01-24T06:11:05.000000;20f04b2d-005f-4fc8-977b-99f0c3dd0e7d;388.74;0.01005;UNKNOWN
2016-01-24T06:11:06.000000;2016-01-24T06:11:06.000000;248f423d-ceef-4274-a1cd-c4b9e5a2361c;388.76;0.07862779;UNKNOWN
2016-01-24T06:11:07.000000;2016-01-24T06:11:07.000000;97367483-6323-48d9-9be6-a5070d17f67c;388.89;0.22419571;UNKNOWN
2016-01-24T06:12:06.000000;2016-01-24T06:12:06.000000;50871699-7fa1-41dd-8c16-0f3ffe41db4b;388.39;0.01005;UNKNOWN
2016-01-24T06:12:07.000000;2016-01-24T06:12:07.000000;36702b9d-b404-4303-b28d-9cbc2050969c;388.38;0.4776817;UNKNOWN
2016-01-24T06:12:07.000000;2016-01-24T06:12:07.000000;a56b9af0-bebc-4655-8a7c-af62eb149b90;388.1;0.7223183;UNKNOWN
2016-01-24T06:12:08.000000;2016-01-24T06:12:08.000000;eb51f0f6-c447-4d0a-874c-f620bf8362c5;388.11;0.01005;UNKNOWN
2016-01-24T06:12:44.000000;2016-01-24T06:12:44.000000;62eff351-36b8-482e-88cd-ad6c837c5811;388.3;0.05;UNKNOWN
2016-01-24T06:13:05.000000;2016-01-24T06:13:05.000000;3b45f6c4-b90e-48d3-afdc-48db41c3eb83;388.19;0.01004;UNKNOWN
2016-01-24T06:13:06.000000;2016-01-24T06:13:06.000000;7ad0f95a-83d8-41d7-b4ca-3b00e190adb8;388.19;0.01004;UNKNOWN
2016-01-24T06:13:46.000000;2016-01-24T06:13:46.000000;7491652d-695d-4e54-9df2-ae883f8304d3;388.39;3.85636182;UNKNOWN
2016-01-24T06:15:10.000000;2016-01-24T06:15:10.000000;07f993e1-ab2d-499f-a61d-732173c04aab;388.38;4.715962;UNKNOWN
2016-01-24T06:15:34.000000;2016-01-24T06:15:34.000000;44c42102-f8ff-40fb-9e17-a8efb580fd74;388.29;0.6;UNKNOWN
2016-01-24T06:15:34.000000;2016-01-24T06:15:34.000000;de5256d4-4511-4c3e-a4d2-bb672455abc0;388.33;0.895922;UNKNOWN
2016-01-24T06:15:36.000000;2016-01-24T06:15:36.000000;c4200852-b52b-4d11-803e-0f4e5e1814d1;387.91;2.405632;UNKNOWN
2016-01-24T06:16:05.000000;2016-01-24T06:16:05.000000;653a8eef-514e-4c91-ac91-9c16c488a29d;388.26;0.01000475;UNKNOWN
2016-01-24T06:16:17.000000;2016-01-24T06:16:17.000000;d142d732-ee40-43b8-b382-6f6c516908c2;388.03;0.976977;UNKNOWN
2016-01-24T06:16:40.000000;2016-01-24T06:16:40.000000;5d35dda6-aadd-4c37-90f2-66dd3d37a8b6;388.01;6.423;UNKNOWN
2016-01-24T06:17:46.000000;2016-01-24T06:17:46.000000;8966f0c2-6671-4da8-9814-3de4f75f09bc;388.01;0.991719;UNKNOWN
2016-01-24T06:18:02.000000;2016-01-24T06:18:02.000000;c2128560-11a3-4b41-81a4-1bfedf963ffd;388.01;6.4132;UNKNOWN
2016-01-24T06:18:26.000000;2016-01-24T06:18:26.000000;6a5e0ce3-77f6-402d-a708-28183d9ece80;388.0;0.911899;UNKNOWN
2016-01-24T06:18:29.000000;2016-01-24T06:18:29.000000;75babb84-2a6e-40d1-9197-2cdbe7bea88a;388.0;0.088101;UNKNOWN
2016-01-24T06:18:38.000000;2016-01-24T06:18:38.000000;4cabb34d-30a4-4408-8635-fda4ea0507d1;387.84;0.25814299;UNKNOWN
2016-01-24T06:19:51.000000;2016-01-24T06:19:51.000000;69239008-0771-4996-a8f0-341f9e2c5b2e;388.01;0.8999002;UNKNOWN
2016-01-24T06:19:51.000000;2016-01-24T06:19:51.000000;1f9fc270-89cd-4604-9276-25e8f063de3a;388.0;0.1000998;UNKNOWN
2016-01-24T06:20:05.000000;2016-01-24T06:20:05.000000;442abc31-59f4-4f81-baae-265907b26a4f;388.0;0.26846837;UNKNOWN
2016-01-24T06:20:59.000000;2016-01-24T06:20:59.000000;3953d4d0-d959-4282-8f4d-3c107f9f35bb;388.01;2.58;UNKNOWN
2016-01-24T06:21:07.000000;2016-01-24T06:21:07.000000;94121f2c-1e9d-4f61-88e2-2da2617d5092;387.99;1.355633;UNKNOWN
2016-01-24T06:21:21.000000;2016-01-24T06:21:21.000000;1b95bff7-8847-4f50-a598-02b6cec1f92f;388.0;0.997283;UNKNOWN
2016-01-24T06:21:34.000000;2016-01-24T06:21:34.000000;2866204b-c0a5-42cd-9f17-5b4db8b3a65b;387.88;0.601253;UNKNOWN
2016-01-24T06:22:03.000000;2016-01-24T06:22:03.000000;51d2eff0-adf9-4ef4-9f42-a536a492aa82;387.93;0.981839;UNKNOWN
2016-01-24T06:22:03.000000;2016-01-24T06:22:03.000000;0d09f407-4778-4eb7-b240-e6fe1d769952;387.73;1.018161;UNKNOWN
2016-01-24T06:22:04.000000;2016-01-24T06:22:04.000000;f753e649-9b1a-4a89-a368-799c91e155bb;387.71;2.0;UNKNOWN
2016-01-24T06:22:05.000000;2016-01-24T06:22:05.000000;3b090374-d167-40a9-ba9c-70903a3410fa;387.64;1.38441614;UNKNOWN
2016-01-24T06:22:05.000000;2016-01-24T06:22:05.000000;c3d52546-8606-43bb-8f2e-1c29e51a3ad4;387.74;0.981839;UNKNOWN
2016-01-24T06:22:07.000000;2016-01-24T06:22:07.000000;12dc7b7d-c837-4552-9213-9bd20ae670f2;387.63;1.99152364;UNKNOWN
2016-01-24T06:23:40.000000;2016-01-24T06:23:40.000000;3ec0d22c-abbf-48d7-ae08-dfd26ac9b54a;388.01;0.96763;UNKNOWN
2016-01-24T06:24:20.000000;2016-01-24T06:24:20.000000;dda80959-beab-49df-a534-be03bc5191eb;388.01;3.51;UNKNOWN
2016-01-24T06:24:33.000000;2016-01-24T06:24:33.000000;b825754e-e392-44d1-ad90-0a0a4d2ab64b;388.01;3.51;UNKNOWN
2016-01-24T06:24:44.000000;2016-01-24T06:24:44.000000;ca96514a-4843-41dd-9861-2a8c7329cf92;388.01;3.77;UNKNOWN
2016-01-24T06:24:48.000000;2016-01-24T06:24:48.000000;8cf75d98-60a8-46b3-937f-80c819c2f87d;388.01;3.77;UNKNOWN
2016-01-24T06:24:54.000000;2016-01-24T06:24:54.000000;bc4defd1-66d3-4bf7-af57-d15a2730fac5;388.01;0.999376;UNKNOWN
2016-01-24T06:24:58.000000;2016-01-24T06:24:58.000000;7ea539c3-4dda-44d9-b347-421d73e47c0f;388.01;3.77;UNKNOWN
2016-01-24T06:25:45.000000;2016-01-24T06:25:45.000000;99b1f897-ca95-4ea7-b9f3-fb9b5b5def7c;388.01;15.11;UNKNOWN
2016-01-24T06:26:00.000000;2016-01-24T06:26:00.000000;07388e35-eec2-4f68-b065-b9911741f929;388.01;6.3833;UNKNOWN
2016-01-24T06:26:03.000000;2016-01-24T06:26:03.000000;ead477df-1213-40c8-acb1-13be6179e10c;388.01;0.887394;UNKNOWN
2016-01-24T06:26:04.000000;2016-01-24T06:26:04.000000;b07644b7-db73-46f7-8f24-bbd449daba77;388.01;11.07;UNKNOWN
2016-01-24T06:26:11.000000;2016-01-24T06:26:11.000000;21559fe4-a6ce-45e9-94c3-2f012b5ade9e;388.01;0.505;UNKNOWN
2016-01-24T06:27:11.000000;2016-01-24T06:27:11.000000;c69dbded-bfb4-4c8f-b4fd-7569474f55f6;388.01;0.944204;UNKNOWN
2016-01-24T06:28:13.000000;2016-01-24T06:28:13.000000;d95b3c64-4e2e-4edb-9819-cb75ee307158;388.01;0.1;UNKNOWN
2016-01-24T06:28:34.000000;2016-01-24T06:28:34.000000;f751969c-1c41-4bca-be88-6634a9a3765c;388.01;0.911509;UNKNOWN
2016-01-24T06:28:40.000000;2016-01-24T06:28:40.000000;d5caf503-3770-42ad-a4eb-5d89fc4ec4b4;388.01;6.3789;UNKNOWN
2016-01-24T06:28:43.000000;2016-01-24T06:28:43.000000;d12cbbd3-f673-43e9-8998-da695503e3fe;388.01;3.77;UNKNOWN
2016-01-24T06:28:51.000000;2016-01-24T06:28:51.000000;21bd3420-5353-4b61-b85f-577af52296ef;388.01;3.77;UNKNOWN
2016-01-24T06:29:29.000000;2016-01-24T06:29:29.000000;ed8766e9-afcb-4158-8c20-a974025ff856;388.01;3.77;UNKNOWN
2016-01-24T06:30:05.000000;2016-01-24T06:30:05.000000;b8527c4a-e248-4264-b4c5-65165cf4479e;388.0;2.62;UNKNOWN
2016-01-24T06:31:36.000000;2016-01-24T06:31:36.000000;86fb95c8-4593-4bfa-a182-c2d5f0ccc678;388.01;8.7948678;UNKNOWN
2016-01-24T06:31:36.000000;2016-01-24T06:31:36.000000;6d0f711a-4ed6-440f-828c-e4110b737489;388.0;0.3094798;UNKNOWN
2016-01-24T06:31:53.000000;2016-01-24T06:31:53.000000;de7247f8-6a1f-41ea-a96b-a30509f60260;388.81;0.6;UNKNOWN
2016-01-24T06:31:53.000000;2016-01-24T06:31:53.000000;4d4f0a30-6dc9-4105-aa06-c429cb5ab07f;388.82;0.2;UNKNOWN
2016-01-24T06:32:11.000000;2016-01-24T06:32:11.000000;0a67e0d4-52af-4fb7-8796-444e0e245d70;388.89;2.0;UNKNOWN
2016-01-24T06:32:11.000000;2016-01-24T06:32:11.000000;e5d1abd6-e4e5-4aaa-85c0-fdd1db8bec09;388.89;1.98509724;UNKNOWN
2016-01-24T06:32:31.000000;2016-01-24T06:32:31.000000;aeaee7e4-b321-43f3-9c94-177e805312da;388.78;0.02;UNKNOWN
2016-01-24T06:32:45.000000;2016-01-24T06:32:45.000000;85d10e57-4202-40ef-8dce-230def596af7;388.9;3.0;UNKNOWN
2016-01-24T06:33:03.000000;2016-01-24T06:33:03.000000;cb7f1be9-9c00-405d-93b3-c4b2887fa57c;388.84;0.02;UNKNOWN
2016-01-24T06:33:29.000000;2016-01-24T06:33:29.000000;4b1dcdf0-e6c8-4b81-9ce7-7ae112231a67;388.83;0.02;UNKNOWN
2016-01-24T06:33:48.000000;2016-01-24T06:33:48.000000;9f4faeae-4a0f-4248-87da-3a3252c62c91;388.9;0.35;UNKNOWN
2016-01-24T06:36:15.000000;2016-01-24T06:36:15.000000;fb57e6ef-81d8-4335-ae6b-7cf1a6b16c2e;388.85;0.196344;UNKNOWN
2016-01-24T06:40:36.000000;2016-01-24T06:40:36.000000;82b88370-25ed-467e-a0c3-ed6370567e7d;388.72;0.6;UNKNOWN
2016-01-24T06:41:35.000000;2016-01-24T06:41:35.000000;b0819be7-ed71-4733-9186-17f8e52ca461;388.54;0.034921;UNKNOWN
2016-01-24T06:41:38.000000;2016-01-24T06:41:38.000000;ca54b3e8-2b83-49f9-a9e7-532be2eb7b5c;388.38;0.15457881;UNKNOWN
2016-01-24T06:41:39.000000;2016-01-24T06:41:39.000000;e89aa304-e182-4d79-8082-09a246c72062;388.55;0.025977;UNKNOWN
2016-01-24T06:41:40.000000;2016-01-24T06:41:40.000000;ecd41f03-236f-486d-ad3c-36440d0ce74c;388.56;0.018006;UNKNOWN
