time_exchange;time_coinpai;guid;price;base_amount;taker_side
2016-02-19T00:00:01.993000;2016-02-19T00:00:01.870000;a2ebbcd1-8913-4198-acd2-dc5ac97b8f9a;421.18;0.23738;SELL
2016-02-19T00:01:02.090000;2016-02-19T00:01:01.963000;1227daac-5c32-4efc-8aaa-f5a58653d228;421.19;0.01588;BUY
2016-02-19T00:01:02.093000;2016-02-19T00:01:01.963000;570ee532-775a-4628-84e2-eab3bd6c954b;421.19;0.09;BUY
2016-02-19T00:01:02.093000;2016-02-19T00:01:01.963000;2fbbb985-8e25-4469-9126-440c3c54beae;421.19;1.63088;BUY
2016-02-19T00:01:21.160000;2016-02-19T00:01:21.027000;172a7362-82d0-4ca6-927c-c7b337bf5f45;421.19;0.07173616;BUY
2016-02-19T00:01:32.240000;2016-02-19T00:01:32.103000;6ebe904c-ee9f-48e5-a8aa-0aeb85d8e98a;421.19;0.29738384;BUY
2016-02-19T00:01:32.240000;2016-02-19T00:01:32.120000;3595f555-84f3-4170-a6c0-1504c28434c0;421.19;0.01872616;BUY
2016-02-19T00:02:01.897000;2016-02-19T00:02:01.760000;3edae1b4-3f36-4fc3-85cb-bfe63bf986c9;421.18;0.0284;SELL
2016-02-19T00:02:31.823000;2016-02-19T00:02:31.683000;33e6c57a-a725-4227-afc7-37c3a7c03439;421.19;0.25;BUY
2016-02-19T00:02:31.823000;2016-02-19T00:02:31.697000;37010299-5603-48f1-adaa-1ded48c284cd;421.19;1.16204;BUY
2016-02-19T00:03:01.933000;2016-02-19T00:03:01.790000;57006364-6af0-4577-ba5f-32caeac625f5;421.18;0.75391859;SELL
2016-02-19T00:03:01.933000;2016-02-19T00:03:01.807000;9bdba8ef-03dd-481e-8f19-c7bdcd2873a8;421.18;0.195;SELL
2016-02-19T00:03:01.933000;2016-02-19T00:03:01.807000;2af62f5f-e554-4d2a-804a-989cfc510232;421.17;0.024;SELL
2016-02-19T00:03:01.933000;2016-02-19T00:03:01.823000;7d8e03dc-0b4d-4501-a043-f482c5a48942;421.16;0.024;SELL
2016-02-19T00:03:01.933000;2016-02-19T00:03:01.823000;54805611-40ac-46a2-b9ea-e4a14c58d57a;421.15;0.024;SELL
2016-02-19T00:03:01.933000;2016-02-19T00:03:01.900000;46f0e77d-0689-469c-9c69-bb5df80b945c;421.15;0.185;SELL
2016-02-19T00:03:01.933000;2016-02-19T00:03:01.900000;8e5f189d-78f2-4927-b2b1-88aabb6de72c;421.14;0.024;SELL
2016-02-19T00:03:01.933000;2016-02-19T00:03:01.900000;5d4554f1-1492-4307-a95b-5d1b802d6333;421.12;0.011;SELL
2016-02-19T00:03:01.933000;2016-02-19T00:03:01.900000;d80cf873-ebf6-4d59-baa1-9d6a846e9768;421.1;0.224;SELL
2016-02-19T00:03:01.933000;2016-02-19T00:03:01.900000;62b18a95-f132-452e-8ed2-cbd6283eb074;421.09;0.027;SELL
2016-02-19T00:03:01.933000;2016-02-19T00:03:01.900000;1a2de03e-c237-48d9-8c66-86aa1717be52;421.08;0.028;SELL
2016-02-19T00:03:01.933000;2016-02-19T00:03:01.900000;3429cc0c-9f74-44b5-a075-636f3b7027da;421.08;0.01;SELL
2016-02-19T00:03:01.933000;2016-02-19T00:03:01.900000;d01a8c1b-f480-4dee-b792-dc50476d1dbd;421.07;0.011;SELL
2016-02-19T00:03:01.933000;2016-02-19T00:03:01.900000;5d3b9e7e-1431-48e9-a869-51792a98140c;421.05;0.011;SELL
2016-02-19T00:03:01.933000;2016-02-19T00:03:01.900000;a2a1cf68-3a42-484c-810c-55558535441c;421.05;0.00548141;SELL
2016-02-19T00:03:32.700000;2016-02-19T00:03:32.573000;a13b3ace-28ab-4ea3-b1c4-7f92e2cda891;421.14;0.024;SELL
2016-02-19T00:03:32.700000;2016-02-19T00:03:32.573000;649f2859-821e-48f2-8436-4e93bb8701c8;421.13;0.024;SELL
2016-02-19T00:03:32.700000;2016-02-19T00:03:32.573000;9bc31ac3-4201-4a43-a08b-a1ba0780d1e3;421.13;0.091;SELL
2016-02-19T00:03:32.700000;2016-02-19T00:03:32.590000;496244bd-08b5-43a7-91cc-6a43f9d9d83b;421.13;0.2689;SELL
2016-02-19T00:04:02.043000;2016-02-19T00:04:02.103000;726d9ec5-3995-47da-89c5-8a4bc2fe3689;421.15;0.0954;BUY
2016-02-19T00:05:32.380000;2016-02-19T00:05:32.430000;09b91864-2e4b-4a11-a291-ab7d7b0b1796;421.14;0.741;SELL
2016-02-19T00:05:32.380000;2016-02-19T00:05:32.447000;f812d613-c921-456d-87b0-8042b6af964e;421.14;0.14095285;SELL
2016-02-19T00:05:32.380000;2016-02-19T00:05:32.460000;98d51f22-012a-4980-b5b0-e4fe2d9dcc5c;421.14;0.17331715;SELL
2016-02-19T00:06:33.020000;2016-02-19T00:06:33.070000;8d7cd25a-178d-438b-acf4-e64911d2eebb;421.14;0.47421;SELL
2016-02-19T00:07:02.673000;2016-02-19T00:07:02.727000;6f293564-da99-4c09-9c56-bf4e861fc8aa;421.14;0.35247285;SELL
2016-02-19T00:07:02.673000;2016-02-19T00:07:02.743000;b2891bd7-229c-4ce7-86c2-413109ed3f4d;421.14;0.221;SELL
2016-02-19T00:07:02.673000;2016-02-19T00:07:02.743000;8d1642d4-a221-4448-aa80-1993f8f4d0ac;421.12;0.024;SELL
2016-02-19T00:07:02.673000;2016-02-19T00:07:02.743000;9cfab201-1110-40c4-9972-049d6bd7200f;421.12;0.06127715;SELL
2016-02-19T00:08:02.620000;2016-02-19T00:08:02.663000;b0d2c34a-c688-4d9e-b73c-6616f109f9ea;421.15;0.1546;BUY
2016-02-19T00:08:02.620000;2016-02-19T00:08:02.680000;41a35b4e-c090-4abd-bdce-a243e1c1ab43;421.16;0.0744;BUY
2016-02-19T00:08:32.487000;2016-02-19T00:08:32.540000;469833a3-9f84-41e9-8c4b-f96f1ea3ac00;421.15;0.08642;SELL
2016-02-19T00:09:32.513000;2016-02-19T00:09:32.557000;b0434bb5-07cc-4912-88c1-326350f69c9d;421.16;0.0006;BUY
2016-02-19T00:09:32.513000;2016-02-19T00:09:32.570000;993b6887-3e70-4f7d-afbf-90e2b26717c0;421.17;0.011;BUY
2016-02-19T00:09:32.513000;2016-02-19T00:09:32.570000;6b3ba48c-2e71-4e2a-891e-dffa7d9dea02;421.23;0.011;BUY
2016-02-19T00:09:32.513000;2016-02-19T00:09:32.570000;085626db-3bb2-4649-b4c8-ff80e9d2fcbf;421.25;0.01;BUY
2016-02-19T00:09:32.513000;2016-02-19T00:09:32.587000;5f090e86-5886-48e6-ac72-ae7ef7454208;421.26;0.057;BUY
2016-02-19T00:09:32.517000;2016-02-19T00:09:32.617000;7404bfab-0adc-417c-9aef-9e46db16af7e;421.26;0.01;BUY
2016-02-19T00:09:32.517000;2016-02-19T00:09:32.617000;067b290c-94e7-4e04-b48e-fe5f26bcabf1;421.27;0.14;BUY
2016-02-19T00:09:32.517000;2016-02-19T00:09:32.617000;a79a1327-d24e-48e5-b528-a8e5f7a84585;421.3;0.011;BUY
2016-02-19T00:09:32.517000;2016-02-19T00:09:32.617000;94133445-325f-4d1b-91dd-3f556d2f050d;421.3;0.02;BUY
2016-02-19T00:09:32.517000;2016-02-19T00:09:32.617000;3dbb99f6-b1f0-49d7-af60-b4a5e78c0b16;421.32;0.55195;BUY
2016-02-19T00:10:02.433000;2016-02-19T00:10:02.477000;05009ee8-f502-483c-a972-41a0ab254d5e;421.28;0.011;BUY
2016-02-19T00:10:02.433000;2016-02-19T00:10:02.493000;5037ecad-138e-47ee-9fe7-b9816ab2bafe;421.3;0.011;BUY
2016-02-19T00:10:02.433000;2016-02-19T00:10:02.493000;c9f8e0a2-59eb-4820-bbf3-4c084ffa4004;421.33;0.011;BUY
2016-02-19T00:10:02.433000;2016-02-19T00:10:02.493000;2a969fb7-85c1-4955-b64d-957b17603135;421.35;0.075;BUY
2016-02-19T00:10:02.433000;2016-02-19T00:10:02.493000;61752867-8eae-4a78-b8cc-4d8875cc5832;421.35;0.00422;BUY
2016-02-19T00:10:21.413000;2016-02-19T00:10:21.460000;959f6123-8f54-4b8c-a036-0004e62612c6;421.35;0.04478;BUY
2016-02-19T00:10:21.413000;2016-02-19T00:10:21.477000;3a28eb85-a824-488e-812e-0d807ad4f147;421.36;0.011;BUY
2016-02-19T00:10:21.413000;2016-02-19T00:10:21.477000;0ba2a55d-ecbf-4814-8d99-6c0d16446feb;421.39;0.39979769;BUY
2016-02-19T00:10:21.413000;2016-02-19T00:10:21.493000;a8abc9a3-0357-49ec-b86e-2e399f63250d;421.4;0.35442231;BUY
2016-02-19T00:10:30.950000;2016-02-19T00:10:30.993000;474e6cd2-e08c-48b1-aee2-277ccf6116ee;421.39;1.0;SELL
2016-02-19T00:10:32.173000;2016-02-19T00:10:32.227000;53354abe-62ab-4859-a1e4-1a0142af2526;421.39;0.34185;SELL
2016-02-19T00:11:01.787000;2016-02-19T00:11:01.820000;0e20691a-244e-4b9d-99a1-02616b769003;421.4;0.23635;BUY
2016-02-19T00:11:32.207000;2016-02-19T00:11:32.260000;3b17fff0-6c49-4141-bf4a-c435371a2c81;421.4;1.01732;BUY
2016-02-19T00:12:02.347000;2016-02-19T00:12:02.400000;6e4770fb-4d60-4c47-8921-ce524210165b;421.4;0.70506;BUY
2016-02-19T00:12:32.390000;2016-02-19T00:12:32.430000;aa1677bc-7afa-4328-9a09-baebdec25561;421.4;0.80709;BUY
2016-02-19T00:13:02.190000;2016-02-19T00:13:02.227000;e7ad5f3a-9ad3-48be-b76b-c088af256d6d;421.39;0.06479621;SELL
2016-02-19T00:13:02.190000;2016-02-19T00:13:02.227000;183361fe-c8e7-4428-a9fc-4ec60d34e180;421.39;0.18990379;SELL
2016-02-19T00:13:32.297000;2016-02-19T00:13:32.337000;2c35294d-f63d-4aa0-8eec-b6400eb49c0a;421.4;0.07328;BUY
2016-02-19T00:14:02.763000;2016-02-19T00:14:02.807000;8d03488a-035b-4b23-ada5-3f68eb21fb12;421.4;2.37388;BUY
2016-02-19T00:14:32.383000;2016-02-19T00:14:32.413000;74213a34-930a-411d-a250-167d07b44b7a;421.39;0.3100962;SELL
2016-02-19T00:14:32.383000;2016-02-19T00:14:32.430000;28b4dced-c348-4248-9303-5fa8d76a8f1b;421.39;0.04092071;SELL
2016-02-19T00:14:32.383000;2016-02-19T00:14:32.430000;8f0dc886-165e-4c92-aa45-53ce6fd0134a;421.39;1.03856851;SELL
2016-02-19T00:14:32.383000;2016-02-19T00:14:32.447000;bc4a4c40-8fe1-4606-9d83-173a0459849d;421.39;0.04093494;SELL
2016-02-19T00:14:32.383000;2016-02-19T00:14:32.447000;d7674011-4b96-4fe9-8369-c0ae3e3a8a52;421.36;0.422;SELL
2016-02-19T00:14:32.387000;2016-02-19T00:14:32.447000;53b7419a-7cba-4e12-94c9-790feb3e99e0;421.33;0.26;SELL
2016-02-19T00:14:32.387000;2016-02-19T00:14:32.447000;53026f38-2173-4c6c-98d6-7a76486746c9;421.31;0.418;SELL
2016-02-19T00:14:32.387000;2016-02-19T00:14:32.447000;be86c31d-549f-474a-8e73-5de064fb9430;421.26;1.98;SELL
2016-02-19T00:14:32.387000;2016-02-19T00:14:32.460000;da37caf4-02db-4ef0-817f-045ccf938245;421.26;0.404;SELL
2016-02-19T00:14:32.387000;2016-02-19T00:14:32.493000;81f2b088-1e80-4922-84bc-e05e4d8634cc;421.25;0.0125;SELL
2016-02-19T00:14:32.387000;2016-02-19T00:14:32.510000;9ace0466-f8ae-4fd1-b1e5-632c06c91338;421.25;0.8;SELL
2016-02-19T00:14:32.387000;2016-02-19T00:14:32.510000;f2e682f0-9e83-436b-bb3f-b871a40ef213;421.25;1.98;SELL
2016-02-19T00:14:32.387000;2016-02-19T00:14:32.510000;e9ae1746-f7a3-4d55-af99-f2dc30132d7b;421.24;3.74;SELL
2016-02-19T00:14:32.387000;2016-02-19T00:14:32.510000;37d61783-f533-41ca-86d8-c8b85c52b105;421.23;2.612;SELL
2016-02-19T00:14:32.387000;2016-02-19T00:14:32.523000;8c4ad9df-182d-47ff-abad-67f715964038;421.22;0.81632964;SELL
2016-02-19T00:15:03.550000;2016-02-19T00:15:03.587000;ff7c8fc0-1f01-4ad6-9b0c-9f6dbe8d3971;421.35;0.011;BUY
2016-02-19T00:15:03.550000;2016-02-19T00:15:03.603000;49eda7f5-a126-473a-9e72-9deb4ef40c16;421.38;0.011;BUY
2016-02-19T00:15:03.550000;2016-02-19T00:15:03.603000;02b7db2e-0816-41f5-804b-610c41448414;421.39;0.8;BUY
2016-02-19T00:15:03.550000;2016-02-19T00:15:03.603000;0078bcc8-26d2-4b73-8257-b8be00d0d9c0;421.39;0.2;BUY
2016-02-19T00:15:03.553000;2016-02-19T00:15:03.617000;703e2a8d-41e7-42ca-9975-e153eb2fda7a;421.4;0.11914;BUY
2016-02-19T00:15:32.097000;2016-02-19T00:15:32.133000;8ef044e1-b326-4a16-9cd7-78278bdec0a2;421.37;0.41368;BUY
2016-02-19T00:15:56.693000;2016-02-19T00:15:56.743000;70248dc3-60ec-4ac5-88d3-d17871923144;421.39;0.02;SELL
2016-02-19T00:15:56.693000;2016-02-19T00:15:56.743000;5f03917b-b8d4-4811-aff3-494319a5fd2f;421.38;0.021;SELL
2016-02-19T00:15:56.693000;2016-02-19T00:15:56.743000;944e5e05-2574-4f2d-b27d-513b9f3818d9;421.37;0.021;SELL
2016-02-19T00:16:02.313000;2016-02-19T00:16:02.337000;ab56838d-2d18-4bed-9b24-ccd41b7b8def;421.36;0.021;SELL
2016-02-19T00:16:02.313000;2016-02-19T00:16:02.353000;b48f22e8-32a1-40b2-a512-c77bc42157c2;421.35;0.021;SELL
2016-02-19T00:16:02.313000;2016-02-19T00:16:02.353000;29e13765-b9d6-4f0c-adb6-a4d3b9cc61cf;421.34;0.021;SELL
2016-02-19T00:16:02.313000;2016-02-19T00:16:02.353000;07b6058f-869c-4530-8093-09ba3e22a930;421.34;0.093;SELL
2016-02-19T00:16:02.313000;2016-02-19T00:16:02.367000;16370841-395c-44db-a1cc-41742dce6e3b;421.33;0.022;SELL
2016-02-19T00:16:02.313000;2016-02-19T00:16:02.367000;c0bb7c74-7fe9-4734-b8ca-7381c0134a3d;421.32;0.022;SELL
2016-02-19T00:16:02.313000;2016-02-19T00:16:02.367000;d1d574ee-ff57-4d62-b139-04cf9512f428;421.31;0.022;SELL
2016-02-19T00:16:02.313000;2016-02-19T00:16:02.367000;642c8814-01be-4795-b990-5c0563acf089;421.3;0.022;SELL
2016-02-19T00:16:02.313000;2016-02-19T00:16:02.383000;90968ad6-46f3-4607-bf31-0d3559a28322;421.3;0.124;SELL
2016-02-19T00:16:02.313000;2016-02-19T00:16:02.383000;6613225a-5fb2-49e5-bc33-b4d207603c91;421.29;0.00153;SELL
2016-02-19T00:16:32.027000;2016-02-19T00:16:32.070000;8c26a330-a51e-4a61-a8ec-b3dbc0932f5d;421.36;0.06453;BUY
2016-02-19T00:16:32.027000;2016-02-19T00:16:32.087000;2a5205a7-26a4-4293-b7c1-e49e4562671f;421.36;0.41;BUY
2016-02-19T00:16:32.027000;2016-02-19T00:16:32.087000;34e25725-0c07-422e-9d7c-6fe0c23e85e6;421.37;0.23523;BUY
2016-02-19T00:16:32.027000;2016-02-19T00:16:32.087000;0fc16deb-62da-43c8-a101-3556e492dba5;421.4;0.79901;BUY
2016-02-19T00:17:02.340000;2016-02-19T00:17:02.367000;504ee09c-afe6-4d8b-85f4-c71d73b6d60a;421.4;0.74088;BUY
2016-02-19T00:17:33.037000;2016-02-19T00:17:33.057000;54c8f3be-4774-4bf2-a049-f008a00587d3;421.4;1.18208;BUY
2016-02-19T00:18:02.490000;2016-02-19T00:18:02.523000;8ef122ed-344d-4fd3-bacd-7b62a69a5cf1;421.4;1.29324;BUY
2016-02-19T00:18:31.810000;2016-02-19T00:18:31.837000;4c7778a1-9b29-4778-8d4e-76398b450ddb;421.4;0.011;BUY
2016-02-19T00:18:31.817000;2016-02-19T00:18:31.853000;e8dbb536-3d96-438f-8ce7-aab14fef0525;421.4;0.36049;BUY
2016-02-19T00:18:31.823000;2016-02-19T00:18:31.853000;c0b82662-2f03-4f56-8428-7d45c18d8ec3;421.4;0.014;BUY
2016-02-19T00:18:31.830000;2016-02-19T00:18:31.867000;fe8c2e6c-32b8-4836-8aa2-b9afe4c06e1b;421.4;0.013;BUY
2016-02-19T00:18:32.257000;2016-02-19T00:18:32.290000;5dc34545-3fea-4247-83f0-a9efc6c4ce3b;421.4;1.35595;BUY
2016-02-19T00:19:02.063000;2016-02-19T00:19:02.120000;d7c0a7e2-39f4-49c5-9f4f-a2b2c7ce18d7;421.39;0.019;SELL
2016-02-19T00:19:02.063000;2016-02-19T00:19:02.133000;88cf2110-2b9f-4f21-b302-971f6f977c61;421.39;0.26349891;SELL
2016-02-19T00:19:02.063000;2016-02-19T00:19:02.133000;404515b8-ba6a-4763-b030-463f0da7aa93;421.39;0.101;SELL
2016-02-19T00:19:02.063000;2016-02-19T00:19:02.133000;d6874f4d-fd6a-4295-8105-9014c386677d;421.38;0.019;SELL
2016-02-19T00:19:02.063000;2016-02-19T00:19:02.180000;e5c7001f-6d8d-4bec-901d-bc6af9f65587;421.37;0.019;SELL
2016-02-19T00:19:02.063000;2016-02-19T00:19:02.197000;a7b1c0c6-bf84-4a44-bea9-059175acd76c;421.36;0.02;SELL
2016-02-19T00:19:02.063000;2016-02-19T00:19:02.197000;c927e4d5-4157-4d3a-8d6e-2bf7e5cefe7c;421.35;0.019;SELL
2016-02-19T00:19:02.063000;2016-02-19T00:19:02.197000;9d9aec74-47f8-46bb-ad99-b3664c2ac33b;421.35;1.90630109;SELL
2016-02-19T00:19:48.190000;2016-02-19T00:19:48.243000;32de4444-9a78-46bd-bfd9-0229c51ce936;421.38;0.021;BUY
2016-02-19T00:20:02.043000;2016-02-19T00:20:02.087000;406a41e6-2ea7-4883-b583-1724e72d5526;421.39;0.25;BUY
2016-02-19T00:20:02.043000;2016-02-19T00:20:02.103000;c56b6bf6-9ef1-41bb-987b-5899398c16bc;421.4;0.38147;BUY
2016-02-19T00:20:33.270000;2016-02-19T00:20:33.323000;e7bd6025-e9a8-4a26-8248-ae495275b8fe;421.4;0.12073;BUY
2016-02-19T00:21:02.113000;2016-02-19T00:21:02.167000;77eb4934-9547-4af4-a900-83feac59e6a5;421.4;0.01211;BUY
2016-02-19T00:21:32.147000;2016-02-19T00:21:32.197000;47771173-a64b-4473-99f8-a14c3a6a0f3b;421.4;2.30352;BUY
2016-02-19T00:22:02.100000;2016-02-19T00:22:02.150000;3cdbbb96-3187-4e5a-83ee-217b202ff6bf;421.4;0.15373;BUY
2016-02-19T00:22:13.003000;2016-02-19T00:22:13.040000;9a95566f-6dab-48b1-88a1-33337951e401;421.4;3.75;BUY
2016-02-19T00:22:32.173000;2016-02-19T00:22:32.213000;8550abf8-41ad-4dc5-8722-559b01edb4f3;421.4;0.56465;BUY
2016-02-19T00:23:02.143000;2016-02-19T00:23:02.180000;98ae0432-5f8e-4d5c-8079-699c8836f391;421.4;1.17518;BUY
2016-02-19T00:23:32.077000;2016-02-19T00:23:32.120000;b3577d01-de1c-4485-8506-430472942e28;421.4;0.08241769;BUY
2016-02-19T00:23:32.077000;2016-02-19T00:23:32.150000;e8de58a2-aba2-4907-b66a-0db821539ff0;421.4;0.07174231;BUY
2016-02-19T00:24:02.000000;2016-02-19T00:24:02.040000;c5068072-b8f5-4c1a-9dd8-8606e9b2f8e1;421.4;0.05464;BUY
2016-02-19T00:24:10.720000;2016-02-19T00:24:10.760000;8d03ff76-0e0d-4330-a69c-0d8d52b833dc;421.4;0.05436651;BUY
2016-02-19T00:24:32.230000;2016-02-19T00:24:32.277000;ad24b7a5-1be6-42c0-9c97-aa09aac2a426;421.4;0.05518;BUY
2016-02-19T00:25:01.817000;2016-02-19T00:25:01.853000;ee9b82af-2622-4d40-95e8-3c8c402eb183;421.4;4.66883;BUY
2016-02-19T00:25:31.843000;2016-02-19T00:25:31.883000;9aa7b5b4-d116-4828-b741-dded8e749f59;421.4;0.47231;BUY
2016-02-19T00:26:01.780000;2016-02-19T00:26:01.807000;97785a78-5d93-417e-a5bd-f0e0c8e62ec0;421.4;0.37442;BUY
2016-02-19T00:26:49.113000;2016-02-19T00:26:49.150000;a7cd3a00-f962-4f96-87e5-231e73e92615;421.4;0.20981349;BUY
2016-02-19T00:26:49.160000;2016-02-19T00:26:49.197000;0dda0c05-2cae-4e4a-9722-39df6358a6ab;421.4;0.0276962;BUY
2016-02-19T00:27:02.697000;2016-02-19T00:27:02.730000;c71c12ec-6fef-457a-8067-ef8cb8a00cb1;421.4;7.55338;BUY
2016-02-19T00:27:35.593000;2016-02-19T00:27:35.620000;f0952046-6a8e-4fef-b09b-3b25da094ac7;421.39;0.35609;SELL
2016-02-19T00:28:01.967000;2016-02-19T00:28:02.010000;318afade-d520-4452-99de-335548b0ae7f;421.39;0.24390999;SELL
2016-02-19T00:28:01.967000;2016-02-19T00:28:02.010000;2515c005-4b3c-45f3-9091-8cc3ae3fece6;421.39;0.20039576;SELL
2016-02-19T00:28:01.967000;2016-02-19T00:28:02.010000;6e009f70-7e08-4b46-8679-c073a85d6e2a;421.37;0.016;SELL
2016-02-19T00:28:01.967000;2016-02-19T00:28:02.010000;bd752270-0829-4c01-8a7e-adcfe61ae2b4;421.36;0.016;SELL
2016-02-19T00:28:01.967000;2016-02-19T00:28:02.010000;48d3cade-4fa8-40fe-98a1-13e9c0924ab8;421.34;0.019;SELL
2016-02-19T00:28:01.967000;2016-02-19T00:28:02.010000;3b2ce69b-2990-4c46-b244-5d4c5f2bf2ed;421.33;0.02;SELL
2016-02-19T00:28:01.967000;2016-02-19T00:28:02.040000;e4b129d1-2b40-409c-be95-6b151a032087;421.32;0.02;SELL
2016-02-19T00:28:01.967000;2016-02-19T00:28:02.040000;0ac039a0-e571-4443-944b-815e35049dee;421.31;0.02;SELL
2016-02-19T00:28:01.967000;2016-02-19T00:28:02.040000;ef33aa98-4840-4108-bbae-816ef30c7c2c;421.3;0.02;SELL
2016-02-19T00:28:01.967000;2016-02-19T00:28:02.040000;b96bc177-1ac4-4fb8-9f47-3b732a36860f;421.29;0.02147;SELL
2016-02-19T00:28:01.967000;2016-02-19T00:28:02.040000;5de11839-c94e-483c-91fa-ee9b15acdf8f;421.29;0.141;SELL
2016-02-19T00:28:01.970000;2016-02-19T00:28:02.040000;9bb4312d-d00f-4e06-995d-2ff8019d60fd;421.29;0.06100425;SELL
2016-02-19T00:28:31.817000;2016-02-19T00:28:31.853000;c815aa31-c889-47cc-ac79-7ed20b56c303;421.3;0.2;BUY
2016-02-19T00:28:31.817000;2016-02-19T00:28:31.853000;3b0b5432-4f74-45e2-a246-a5a959f93ac9;421.3;0.5477;BUY
2016-02-19T00:29:02.190000;2016-02-19T00:29:02.213000;f974bab7-ccf0-4e13-b50a-e42371088051;421.3;0.2;BUY
2016-02-19T00:29:02.190000;2016-02-19T00:29:02.230000;7d01e9c2-2c90-49a7-8142-379e7d025e34;421.3;0.2;BUY
2016-02-19T00:29:02.190000;2016-02-19T00:29:02.230000;e7940524-f017-4970-b487-a084c67116da;421.3;0.04306;BUY
2016-02-19T00:29:14.880000;2016-02-19T00:29:14.900000;c810641a-c250-4383-a317-b70502f9f3fb;421.3;0.08462379;BUY
2016-02-19T00:29:32.090000;2016-02-19T00:29:32.120000;864506ed-7df9-4bf1-abc7-cff505d0192e;421.3;1.99867;BUY
2016-02-19T00:30:02.030000;2016-02-19T00:30:02.057000;a2aea780-a040-4eba-b4ea-a0e3d6dc59c4;421.3;0.45133;BUY
2016-02-19T00:30:02.030000;2016-02-19T00:30:02.057000;0f0570de-26a4-4d33-8618-4746de4bdbf7;421.3;0.264;BUY
2016-02-19T00:30:02.030000;2016-02-19T00:30:02.073000;ba890e45-0912-49a7-8f8d-d7ca94981c08;421.3;0.21943;BUY
2016-02-19T00:30:32.577000;2016-02-19T00:30:32.603000;5f46fb00-99e8-48e1-80d8-066092d07218;421.29;0.02804;SELL
2016-02-19T00:31:02.513000;2016-02-19T00:31:02.540000;9adb3ad0-ad04-4a72-993b-4c11dc2d1877;421.3;0.18561;BUY
2016-02-19T00:31:32.303000;2016-02-19T00:31:32.323000;63d6f8a5-2e45-4591-812d-64dc2ffe9bab;421.3;0.2;BUY
2016-02-19T00:31:32.303000;2016-02-19T00:31:32.337000;a597542c-0033-4991-b0c6-f86f181378ff;421.3;0.66952;BUY
2016-02-19T00:32:14.520000;2016-02-19T00:32:14.540000;c5c0fba1-c69d-4da4-abf2-c606fa9a4633;421.3;0.02452;BUY
2016-02-19T00:32:32.500000;2016-02-19T00:32:32.510000;3f7feccb-7817-4db6-8786-53f508909e8c;421.3;0.287;BUY
2016-02-19T00:33:02.080000;2016-02-19T00:33:02.103000;f992f7fa-fe6c-4a59-b246-6150114d0e08;421.3;0.53505;BUY
2016-02-19T00:33:05.777000;2016-02-19T00:33:05.790000;144a1a4b-1b33-47c0-9ad6-aa1762aea337;421.3;0.03328966;BUY
2016-02-19T00:33:32.203000;2016-02-19T00:33:32.213000;5c6e4700-fcc4-4ed1-b763-20deee1de930;421.3;2.03666034;BUY
2016-02-19T00:33:32.203000;2016-02-19T00:33:32.230000;350abbc9-4420-4f31-bea8-13e7f14ff0bb;421.3;0.28143966;BUY
2016-02-19T00:34:01.943000;2016-02-19T00:34:01.963000;9e1d8891-d337-4f59-b8c5-8498c1f476e9;421.3;0.17666;BUY
2016-02-19T00:34:32.193000;2016-02-19T00:34:32.263000;fdf55b16-9fb9-44f3-9b37-89f0da35364f;421.3;0.4;BUY
2016-02-19T00:34:32.193000;2016-02-19T00:34:32.280000;f4beb0f1-ccc7-4031-9110-95c13b76c266;421.3;0.46222;BUY
2016-02-19T00:35:02.263000;2016-02-19T00:35:02.327000;13529f32-d8a9-44bc-9b2e-d0409913bd09;421.3;0.22516;BUY
2016-02-19T00:35:32.010000;2016-02-19T00:35:32.077000;abe3049c-0284-4668-a95e-744eb38f1e5b;421.3;0.97907;BUY
2016-02-19T00:36:02.030000;2016-02-19T00:36:02.093000;a4313bdf-148d-4e39-b05f-5c435c761a1a;421.3;0.02997;BUY
2016-02-19T00:36:32.543000;2016-02-19T00:36:32.607000;c4600682-5377-4bd2-9303-2a9a7ec52dd0;421.3;0.2;BUY
2016-02-19T00:36:32.543000;2016-02-19T00:36:32.607000;d8bef395-5312-4492-b068-6ab2667c3a39;421.3;0.40913;BUY
2016-02-19T00:37:01.943000;2016-02-19T00:37:01.997000;ec37c841-6014-422a-8693-dc145e7d2c6f;421.29;0.51203;SELL
2016-02-19T00:37:32.053000;2016-02-19T00:37:32.107000;4c03fb2b-b7a9-4a7d-80bb-654f9df0ddbf;421.3;0.11605;BUY
2016-02-19T00:38:31.413000;2016-02-19T00:38:31.467000;50ea989c-2d58-44a1-978c-4f52cbc21fc8;421.3;2.949;BUY
2016-02-19T00:38:31.413000;2016-02-19T00:38:31.483000;b3cfbf02-b1f5-4922-a38f-d5ac1f583a00;421.3;0.819;BUY
2016-02-19T00:38:31.413000;2016-02-19T00:38:31.483000;c7bcd2e7-b6c7-4f8c-9951-fba8967b2b33;421.3;0.772;BUY
2016-02-19T00:38:31.697000;2016-02-19T00:38:31.763000;c4f233f9-1acc-4531-8103-5def2b14bce0;421.3;23.0026;BUY
2016-02-19T00:39:02.367000;2016-02-19T00:39:02.420000;32532b6e-48ee-4723-a5bb-82c55a8b1c80;421.3;0.47437;BUY
2016-02-19T00:39:12.760000;2016-02-19T00:39:12.810000;883e28df-9643-4ae2-bb52-2bb93564ed7d;421.29;0.53414304;SELL
2016-02-19T00:39:12.760000;2016-02-19T00:39:12.827000;195468fb-538b-4aea-ad88-6534dd34b2c9;421.29;0.06552363;SELL
2016-02-19T00:39:12.760000;2016-02-19T00:39:12.827000;e3ad1b8d-643f-4eaa-88ba-1e8e355e180f;421.29;0.21860789;SELL
2016-02-19T00:39:12.760000;2016-02-19T00:39:12.827000;2d67b9d4-609c-4029-8eed-18574c17ba1c;421.29;0.32879265;SELL
2016-02-19T00:39:12.760000;2016-02-19T00:39:12.857000;417ef42a-74bc-49cd-890f-4e67e55decaf;421.29;2.37695301;SELL
2016-02-19T00:39:12.760000;2016-02-19T00:39:12.857000;2c4f3ddd-7e5b-474c-b23e-e8f448b33fb5;421.28;0.023;SELL
2016-02-19T00:39:12.763000;2016-02-19T00:39:12.857000;1bd1ca84-9297-4cee-ab6a-bfc23b6c4803;421.27;0.011;SELL
2016-02-19T00:39:17.863000;2016-02-19T00:39:17.920000;288ac9a2-d166-41a6-a773-9ee40608587d;421.25;0.0125;SELL
2016-02-19T00:39:17.863000;2016-02-19T00:39:17.937000;4d789a22-c6a4-40c7-8139-14d92aa96c8f;421.24;0.011;SELL
2016-02-19T00:39:17.863000;2016-02-19T00:39:17.937000;84618735-02f7-4a0e-a299-e77a15b3d8d7;421.24;0.5;SELL
2016-02-19T00:39:31.863000;2016-02-19T00:39:31.920000;a1be1f5d-2da4-4662-92c2-e60070e54da5;421.21;12.41749;SELL
2016-02-19T00:39:38.310000;2016-02-19T00:39:38.357000;d4b878e9-97d0-465b-8172-1c0f63609e38;421.21;4.769;SELL
2016-02-19T00:40:01.917000;2016-02-19T00:40:01.967000;9e4f2453-a068-4d0f-82af-3c0ecab23599;421.22;0.48811;BUY
2016-02-19T00:40:32.437000;2016-02-19T00:40:32.483000;fceba019-692d-4d30-8aa5-0ad0a87f3041;421.22;0.50995;BUY
2016-02-19T00:40:50.387000;2016-02-19T00:40:50.437000;dde7c3c0-c453-45ac-9787-2f3dc3d137a8;421.22;0.19313701;BUY
2016-02-19T00:41:02.400000;2016-02-19T00:41:02.450000;e52e8b0f-e236-4938-8261-56714e088ad7;421.22;0.03;BUY
2016-02-19T00:41:09.407000;2016-02-19T00:41:09.450000;91735779-5335-46ed-bb93-83b9035620bd;421.21;0.29389;SELL
2016-02-19T00:41:32.107000;2016-02-19T00:41:32.153000;8e8acc28-75ef-4a4d-83a1-f72c7f2535c9;421.21;2.51962;SELL
2016-02-19T00:41:32.107000;2016-02-19T00:41:32.187000;9fe2344e-02a8-4cb0-8aa0-2cae2104be89;421.21;0.25980012;SELL
2016-02-19T00:41:32.107000;2016-02-19T00:41:32.187000;dd12852b-451a-4f23-ba63-00b71873940e;421.21;0.0540031;SELL
2016-02-19T00:41:32.107000;2016-02-19T00:41:32.187000;6519e070-eccb-4430-b292-57e5d7149fb4;421.2;0.011;SELL
2016-02-19T00:41:32.107000;2016-02-19T00:41:32.187000;f3866138-f8f1-4f08-ac0b-eef0d4806c01;421.17;0.011;SELL
2016-02-19T00:41:32.110000;2016-02-19T00:41:32.187000;95fd8968-4882-449f-b90d-b70d3295a3e8;421.12;1.93872285;SELL
2016-02-19T00:41:32.110000;2016-02-19T00:41:32.200000;3da7cb0f-e2b0-442e-850f-c38416508074;421.11;0.024;SELL
2016-02-19T00:41:32.110000;2016-02-19T00:41:32.200000;cc7531fc-90fe-4c3c-bfc2-57fa081b4092;421.08;0.011;SELL
2016-02-19T00:41:32.110000;2016-02-19T00:41:32.263000;32a4734a-08c8-40f4-b18a-326f9c5ef8f1;421.08;4.90943393;SELL
2016-02-19T00:42:01.797000;2016-02-19T00:42:01.843000;cfdf5048-653d-4247-a5a7-7f3be4a95651;421.09;0.2;BUY
2016-02-19T00:42:01.797000;2016-02-19T00:42:01.857000;e127abdc-c2fc-49dc-b17b-f65b6408159d;421.09;0.21418;BUY
2016-02-19T00:42:13.293000;2016-02-19T00:42:13.357000;7df26d6f-7a49-4493-b7a6-f025115bd177;421.09;0.42163168;BUY
2016-02-19T00:42:14.260000;2016-02-19T00:42:14.297000;6861cc6b-7ad4-44e4-9189-798ad8b278ab;421.09;0.42163168;BUY
2016-02-19T00:42:15.243000;2016-02-19T00:42:15.280000;e3b2f744-8156-45cd-9744-43c524be5a97;421.09;0.42163168;BUY
2016-02-19T00:42:16.230000;2016-02-19T00:42:16.263000;736377ab-74dc-41cb-9329-8cc1f8cdcbcf;421.09;0.42163168;BUY
2016-02-19T00:42:17.203000;2016-02-19T00:42:17.247000;63225d4e-3107-4c5e-bb95-be91e5025e1f;421.09;0.42163168;BUY
2016-02-19T00:42:21.503000;2016-02-19T00:42:21.547000;645fac7a-6d8c-4809-99f3-53343ad2716a;421.09;0.07;BUY
2016-02-19T00:42:32.100000;2016-02-19T00:42:32.140000;12056a8e-3079-4900-8fe9-bb8cf743d4eb;421.08;0.18573;SELL
2016-02-19T00:43:02.477000;2016-02-19T00:43:02.530000;44686cc7-8b55-407d-8398-f6ba0939f9f9;421.08;0.04168;SELL
2016-02-19T00:43:32.397000;2016-02-19T00:43:32.450000;01fa7b7a-f100-445e-a808-4990c4056ae4;421.09;0.4088416;BUY
2016-02-19T00:43:32.397000;2016-02-19T00:43:32.450000;83adedb6-dbd2-4abc-85db-316cc7b5e31f;421.09;0.2;BUY
2016-02-19T00:43:32.397000;2016-02-19T00:43:32.467000;ab73e58b-b133-4ea9-bf0d-e09d0ef8d641;421.09;2.8150184;BUY
2016-02-19T00:44:02.947000;2016-02-19T00:44:02.983000;a78e512b-d64a-41e1-9d82-c7d9a1492364;421.09;1.67356;BUY
2016-02-19T00:44:32.053000;2016-02-19T00:44:32.093000;755c7502-fa82-405c-926e-4f034ebecf61;421.09;0.60118;BUY
2016-02-19T00:45:41.930000;2016-02-19T00:45:41.967000;e769fc75-1648-48c5-8721-4d090335ef5a;421.08;0.43105;SELL
2016-02-19T00:46:06.283000;2016-02-19T00:46:06.310000;bde7d35c-6571-4877-8869-f775416188f7;421.09;0.20161;BUY
2016-02-19T00:46:34.130000;2016-02-19T00:46:34.153000;3a8e2e8a-31cb-4545-9430-f2effcd60dab;421.09;0.17851;BUY
2016-02-19T00:47:04.393000;2016-02-19T00:47:04.420000;871fe544-5f27-4166-be10-0dcbcc48fa24;421.09;1.13047109;BUY
2016-02-19T00:47:04.393000;2016-02-19T00:47:04.437000;61881d48-46bd-4e27-9a4a-6680e158e95d;421.09;0.32;BUY
2016-02-19T00:47:04.393000;2016-02-19T00:47:04.437000;3279f48e-a597-4f7e-879d-08e14e40e393;421.09;0.2;BUY
2016-02-19T00:47:04.393000;2016-02-19T00:47:04.437000;304b2b78-a2e5-41f2-a933-8ae21b6a5902;421.09;0.2;BUY
2016-02-19T00:47:04.393000;2016-02-19T00:47:04.450000;c06b5ced-c491-4dec-8e9a-2f07c5869c7e;421.09;0.12;BUY
2016-02-19T00:47:04.393000;2016-02-19T00:47:04.450000;e4c5266b-ff87-434f-a492-889cb56a26a7;421.09;0.56705891;BUY
2016-02-19T00:47:06.147000;2016-02-19T00:47:06.187000;c0ec4f09-4bf1-4cee-a068-11019907f141;421.09;1.384;BUY
2016-02-19T00:47:33.237000;2016-02-19T00:47:33.263000;ee6914d2-97f2-4114-bb69-17eb3c9fd4a0;421.12;0.21524;BUY
2016-02-19T00:48:03.200000;2016-02-19T00:48:03.233000;a1936c53-2e14-4e4f-9174-10fcb3e7d94f;421.11;0.015;SELL
2016-02-19T00:48:03.200000;2016-02-19T00:48:03.233000;5a900d95-79a0-4444-9c01-a2eff6c0e481;421.1;0.015;SELL
2016-02-19T00:48:03.200000;2016-02-19T00:48:03.233000;48777642-a23b-493d-b7d5-1363f3f8c023;421.08;1.2061;SELL
2016-02-19T00:48:32.493000;2016-02-19T00:48:32.513000;8228504c-ff06-4092-9f63-be693d37a1c3;421.09;0.16827;BUY
2016-02-19T00:48:35.600000;2016-02-19T00:48:35.623000;6f0e63e9-5224-436d-8118-b97b480eb71a;421.09;0.2;BUY
2016-02-19T00:48:35.600000;2016-02-19T00:48:35.640000;92a2fb5d-a073-48ad-a58a-1dbdc6c0c4c1;421.09;0.0396;BUY
2016-02-19T00:49:02.403000;2016-02-19T00:49:02.437000;55545025-6ee4-4705-8e36-6ed45aa42a86;421.09;0.1604;BUY
2016-02-19T00:49:02.403000;2016-02-19T00:49:02.467000;bd8d240f-1bd9-473f-954b-386df7bac4f3;421.1;5.07466;BUY
2016-02-19T00:49:38.343000;2016-02-19T00:49:38.400000;e5c14dfd-b3fa-4266-8517-2998fe42eae4;421.1;1.92534;BUY
2016-02-19T00:49:38.343000;2016-02-19T00:49:38.400000;1195c65b-47ad-45ce-afbc-ef59e695a043;421.1;6.5602;BUY
2016-02-19T00:49:38.343000;2016-02-19T00:49:38.400000;1af16129-502d-4d4e-997b-74aca6716adf;421.12;0.5;BUY
2016-02-19T00:49:38.343000;2016-02-19T00:49:38.400000;6ffdf8f6-3866-43a3-802f-431e089fc5f3;421.2;0.01;BUY
2016-02-19T00:49:38.343000;2016-02-19T00:49:38.433000;503c4b2d-e06d-4761-b990-ce5f484b1615;421.2;0.842;BUY
2016-02-19T00:49:38.343000;2016-02-19T00:49:38.463000;485cae5c-2189-4217-9615-b68a4d6172e8;421.22;11.32261;BUY
2016-02-19T00:50:02.557000;2016-02-19T00:50:02.603000;95f1f537-71e8-49eb-be97-5eddc9b43e95;421.2;0.011;BUY
2016-02-19T00:50:02.557000;2016-02-19T00:50:02.620000;88c7820e-1742-4ad8-80a8-e494586db743;421.2;2.62567;BUY
2016-02-19T00:50:34.120000;2016-02-19T00:50:34.167000;7d5f5502-c3e3-4b81-bbbb-87549a854d46;421.22;2.2864;BUY
2016-02-19T00:51:03.110000;2016-02-19T00:51:03.167000;27ff3393-7b55-47bd-8298-14cf4febd4a1;421.22;0.50222;BUY
2016-02-19T00:51:32.010000;2016-02-19T00:51:32.057000;926a2c7b-f8b0-480c-8d57-5b238137fdf7;421.22;0.34196;BUY
2016-02-19T00:52:02.157000;2016-02-19T00:52:02.197000;f164430c-47fc-4295-8b52-20c4f00240e3;421.22;0.41733;BUY
2016-02-19T00:52:33.177000;2016-02-19T00:52:33.213000;2d19a288-839d-46d0-a1f5-5b1911f1e879;421.22;0.47154;BUY
2016-02-19T00:53:32.037000;2016-02-19T00:53:32.087000;25c5503f-28d2-4e5e-ad1a-f8b0af344938;421.21;0.03;SELL
2016-02-19T00:53:32.037000;2016-02-19T00:53:32.087000;15a5a581-95f2-4f3f-abb7-a681d25f9e70;421.21;0.15866404;SELL
2016-02-19T00:53:32.037000;2016-02-19T00:53:32.087000;df537b83-77da-4dbe-8723-bb5ac7b9b862;421.21;0.59337596;SELL
2016-02-19T00:54:02.177000;2016-02-19T00:54:02.213000;1122bfb8-36fa-4ef2-ad00-02696383542f;421.21;2.01086;SELL
2016-02-19T00:54:31.823000;2016-02-19T00:54:31.853000;8b868969-1a66-4756-b490-f56b5aafd669;421.21;1.34961;SELL
2016-02-19T00:55:02.227000;2016-02-19T00:55:02.260000;7573b2cc-c690-423c-8846-018c4989271a;421.21;0.1173;SELL
2016-02-19T00:55:37.767000;2016-02-19T00:55:37.807000;41f1f0f8-99d7-4598-912c-5d5d01f8e2a2;421.21;0.44217;SELL
2016-02-19T00:56:02.503000;2016-02-19T00:56:02.540000;2fb29eb6-b69f-42cf-beef-9714b06dafae;421.21;0.01661;SELL
2016-02-19T00:56:37.900000;2016-02-19T00:56:37.933000;697a0601-96be-4f00-b8b4-dc302859f5c2;421.22;0.44502;BUY
2016-02-19T00:57:02.030000;2016-02-19T00:57:02.073000;5ee09292-3ccd-4d22-beaa-fddbd154b845;421.22;4.24776;BUY
2016-02-19T00:57:32.217000;2016-02-19T00:57:32.243000;20c07249-b5f6-416e-9918-eacf5c6c585f;421.22;0.02499;BUY
2016-02-19T00:58:02.287000;2016-02-19T00:58:02.323000;d9957089-09d9-4b15-8ee1-6ceccdebb532;421.22;0.271;BUY
2016-02-19T00:58:32.187000;2016-02-19T00:58:32.213000;be672a24-46c0-4f4e-a396-5bb9f2876a62;421.21;0.01086;SELL
2016-02-19T00:59:02.157000;2016-02-19T00:59:02.183000;85fba785-82de-4165-989e-7f3f4e3e7563;421.22;0.875;BUY
2016-02-19T00:59:31.933000;2016-02-19T00:59:31.963000;5f1201e6-040e-4e3d-bf5e-f55e6c46057f;421.22;0.08875;BUY
2016-02-19T00:59:45.540000;2016-02-19T00:59:45.573000;62e9dd89-8940-488a-9dff-dc80511aed06;421.21;0.025;SELL
2016-02-19T00:59:49.053000;2016-02-19T00:59:49.073000;8c989a1a-2695-44ea-97f1-1748fb1210e3;421.21;0.025;SELL
2016-02-19T01:00:01.820000;2016-02-19T01:00:01.837000;6b7d5f64-406d-43a5-b627-c10fa751add6;421.22;0.43316;BUY
2016-02-19T01:00:12.257000;2016-02-19T01:00:12.277000;216b203f-eb56-44f7-ad45-f0c062dbdca6;421.21;0.01;SELL
2016-02-19T01:00:33.270000;2016-02-19T01:00:33.290000;bc21f9db-7620-4d0d-8f2b-2f1e6733eb02;421.21;0.39921403;SELL
2016-02-19T01:00:33.270000;2016-02-19T01:00:33.307000;0a5e8c26-dbbf-42c4-a441-96e1ee3e19f2;421.21;1.194;SELL
2016-02-19T01:00:33.270000;2016-02-19T01:00:33.307000;a1c10fef-d040-48df-81b4-29655aac4a6e;421.21;0.03228597;SELL
2016-02-19T01:01:02.840000;2016-02-19T01:01:02.870000;77bc74a0-06c0-447a-9919-cf46c7396165;421.21;1.15826108;SELL
2016-02-19T01:01:02.840000;2016-02-19T01:01:02.870000;19445f4d-b01f-4688-936a-674cb51af69e;421.21;0.12140817;SELL
2016-02-19T01:01:02.840000;2016-02-19T01:01:02.917000;4543b217-6a57-4237-8397-c2fcdd34e025;421.21;1.06344575;SELL
2016-02-19T01:01:02.840000;2016-02-19T01:01:02.917000;9b001b24-3680-4dd9-ad1c-fb405dbc0fec;421.21;1.62612201;SELL
2016-02-19T01:01:02.840000;2016-02-19T01:01:02.917000;6dbbdc52-ef1f-46d4-b8eb-a4fe8b6e659c;421.21;0.996;SELL
2016-02-19T01:01:02.840000;2016-02-19T01:01:02.917000;e27fc138-d66a-4aad-97ed-489f33a9cd7c;421.2;0.03;SELL
2016-02-19T01:01:02.840000;2016-02-19T01:01:02.917000;e1aab5c7-fb99-4f58-90cf-9a240417c310;421.19;0.03;SELL
2016-02-19T01:01:02.840000;2016-02-19T01:01:02.917000;ae527619-93ae-4fa5-b4c1-4a3cb13ef975;421.19;1.119;SELL
2016-02-19T01:01:02.840000;2016-02-19T01:01:02.917000;c30515f9-de6a-4e73-9615-d31df78edac8;421.18;0.013;SELL
2016-02-19T01:01:02.840000;2016-02-19T01:01:02.917000;a1ead377-a23a-4ad3-8e08-2be3d17af443;421.18;1.127;SELL
2016-02-19T01:01:02.840000;2016-02-19T01:01:02.917000;1acf384d-ce7f-4d8c-9ae6-522f2c7cb4ff;421.17;0.013;SELL
2016-02-19T01:01:02.840000;2016-02-19T01:01:02.917000;db26f8d1-717e-4bcc-b9fa-0b42e88e0fd7;421.16;0.01;SELL
2016-02-19T01:01:02.840000;2016-02-19T01:01:02.917000;8cb688e6-c826-4bb5-9791-57d58ba74d37;421.14;1.22241299;SELL
2016-02-19T01:01:34.383000;2016-02-19T01:01:34.400000;a382cea8-d7be-442a-9c2e-ad24571a7a25;421.2;0.011;BUY
2016-02-19T01:01:34.383000;2016-02-19T01:01:34.417000;0f48eff0-7ba3-4680-a393-ee11fdaf8822;421.22;0.11394;BUY
2016-02-19T01:02:32.173000;2016-02-19T01:02:32.183000;de26a388-4f65-4af2-beca-d53e19f404ce;421.18;0.70884;BUY
2016-02-19T01:03:02.270000;2016-02-19T01:03:02.290000;7b32eb94-d5c9-4c1c-852a-739d4ad3d2a9;421.18;0.25233;BUY
2016-02-19T01:03:32.327000;2016-02-19T01:03:32.340000;576dc909-7724-4165-a8fe-8b8264d51304;421.18;0.06511;BUY
2016-02-19T01:04:02.627000;2016-02-19T01:04:02.637000;aadd9d03-3830-4a7c-8c76-ed6890dc1e0c;421.17;0.026;SELL
2016-02-19T01:04:02.627000;2016-02-19T01:04:02.667000;6ea5f9cd-939c-4234-bf62-fa93511421a7;421.17;0.127;SELL
2016-02-19T01:04:02.627000;2016-02-19T01:04:02.667000;e46a1b2d-d9a2-40f0-b0d8-e9c4351ade82;421.16;0.026;SELL
2016-02-19T01:04:02.627000;2016-02-19T01:04:02.667000;13ad296b-afc5-4696-8cba-be4429e78953;421.15;0.026;SELL
2016-02-19T01:04:02.627000;2016-02-19T01:04:02.667000;3e9aada8-2961-462a-a161-b218cdc83ffb;421.14;0.026;SELL
2016-02-19T01:04:02.627000;2016-02-19T01:04:02.667000;d93575ed-22d0-4867-b6bd-467f2ec0738d;421.13;0.027;SELL
2016-02-19T01:04:02.627000;2016-02-19T01:04:02.683000;01b65996-83b0-4d70-8cf3-48ee8df0c401;421.12;0.027;SELL
2016-02-19T01:04:02.627000;2016-02-19T01:04:02.683000;cd87e1d6-66b3-4197-b0bd-18715a74c339;421.12;0.099;SELL
2016-02-19T01:04:02.627000;2016-02-19T01:04:02.683000;0340a0f0-cf6f-463c-87aa-c76cf1143284;421.12;0.17;SELL
2016-02-19T01:04:02.627000;2016-02-19T01:04:02.743000;dace535e-d693-4d2f-a8e7-768845016b8e;421.11;0.011;SELL
2016-02-19T01:04:02.627000;2016-02-19T01:04:02.743000;22fd0750-4493-4a2b-af65-5fa84be5d2f6;421.1;0.0125;SELL
2016-02-19T01:04:02.630000;2016-02-19T01:04:02.743000;3a0baeed-6196-4046-a96a-89b09862b30f;421.09;0.30856;SELL
2016-02-19T01:04:16.647000;2016-02-19T01:04:16.650000;694f319e-b270-465d-b717-769b2dff053a;421.12;0.01;SELL
2016-02-19T01:04:32.307000;2016-02-19T01:04:32.323000;bf42b714-860f-45d1-bdd4-0481e8fa9fd4;421.12;0.01;SELL
2016-02-19T01:04:32.307000;2016-02-19T01:04:32.340000;4ec6062c-a4ea-44bc-b681-98b3f581d8b3;421.12;0.082;SELL
2016-02-19T01:04:32.307000;2016-02-19T01:04:32.340000;d792d3cc-f82b-4dc7-bdfd-356feeeab13e;421.11;0.02;SELL
2016-02-19T01:04:32.307000;2016-02-19T01:04:32.340000;687c1cc4-ed44-414d-bb6f-1918c25e4b92;421.1;0.021;SELL
2016-02-19T01:04:32.307000;2016-02-19T01:04:32.353000;414f1ab7-5338-4a2d-b308-e3db530d47e5;421.09;0.22;SELL
2016-02-19T01:04:32.307000;2016-02-19T01:04:32.353000;38c2ad25-6dcd-43c0-a9c7-0ba4edb2fbfb;421.08;0.6454;SELL
2016-02-19T01:05:02.643000;2016-02-19T01:05:02.700000;effa5ef6-49f6-4609-8b2e-02cbdefac3dd;421.16;0.018;BUY
2016-02-19T01:05:02.643000;2016-02-19T01:05:02.700000;7981fa70-3e38-468a-92ab-492dc25ed428;421.16;0.15;BUY
2016-02-19T01:05:02.643000;2016-02-19T01:05:02.717000;6f04d1b7-55e4-43bf-9e5a-6120ded8a68a;421.16;0.822;BUY
2016-02-19T01:05:02.643000;2016-02-19T01:05:02.717000;ffec9ffa-fc9a-4d7e-aee8-4136589ca5d2;421.17;0.075;BUY
2016-02-19T01:05:02.643000;2016-02-19T01:05:02.717000;f8158d6a-8501-4ac3-b53f-dbefba249579;421.21;0.051;BUY
2016-02-19T01:05:02.647000;2016-02-19T01:05:02.717000;bf0aa44c-adec-469e-95f4-513491f21a51;421.22;3.07016;BUY
2016-02-19T01:05:31.977000;2016-02-19T01:05:32.013000;cf06c66b-f715-4076-9fa9-237f4772d6b0;421.22;0.01212;BUY
2016-02-19T01:06:02.753000;2016-02-19T01:06:02.793000;331e252e-9ae7-4757-a611-755365eab70b;421.22;3.06863;BUY
2016-02-19T01:06:32.370000;2016-02-19T01:06:32.420000;b7b8a027-d00d-464e-ab00-25d8b535466d;421.22;0.45275;BUY
2016-02-19T01:07:02.993000;2016-02-19T01:07:03.030000;9ed4db14-69e1-4300-80a5-0186a559d8c8;421.22;0.02474;BUY
2016-02-19T01:07:32.057000;2016-02-19T01:07:32.090000;67d198e1-fe94-4713-8dac-3a2ff9bec891;421.22;0.1044008;BUY
2016-02-19T01:07:32.937000;2016-02-19T01:07:32.980000;f0fe26f2-8b58-4daf-9173-abaafa2fd348;421.22;0.06550291;BUY
2016-02-19T01:07:32.937000;2016-02-19T01:07:32.997000;8e79fc3f-ef3e-4b61-8990-b2d08366a0b4;421.22;0.03;BUY
2016-02-19T01:07:32.937000;2016-02-19T01:07:32.997000;71bc00f4-dc58-44ca-873c-964f4aa1fd78;421.22;0.90371709;BUY
2016-02-19T01:08:32.570000;2016-02-19T01:08:32.607000;e8b1c8f9-de62-4484-82c5-f58015361cf4;421.22;0.33776;BUY
2016-02-19T01:09:02.997000;2016-02-19T01:09:03.030000;38e5fe48-b44c-45df-9bb8-9e54ea2db571;421.22;0.09521;BUY
2016-02-19T01:09:32.440000;2016-02-19T01:09:32.480000;e00e9c84-bf0d-444b-b4ae-2bd50e369dd3;421.22;0.06356;BUY
2016-02-19T01:10:02.467000;2016-02-19T01:10:02.497000;0131d634-1617-40cf-8bd1-1d4338b27dba;421.22;0.57115;BUY
2016-02-19T01:10:32.117000;2016-02-19T01:10:32.137000;f70edada-996a-4bb7-a48c-86bb9ee9ae7c;421.21;0.019;SELL
2016-02-19T01:10:32.117000;2016-02-19T01:10:32.153000;1c24dbc6-e47b-4b2b-b6bf-1d113cd6c044;421.21;0.10837;SELL
2016-02-19T01:11:02.500000;2016-02-19T01:11:02.530000;af217e3b-3d4d-4dd8-9060-23ec05ba5e71;421.22;0.2108;BUY
2016-02-19T01:12:02.533000;2016-02-19T01:12:02.560000;1364c5ec-738c-4281-9a29-e299b21e209d;421.22;0.38793;BUY
2016-02-19T01:12:32.097000;2016-02-19T01:12:32.123000;858b3736-dff1-4929-9ec7-6f15b5b1fd25;421.22;0.3343;BUY
2016-02-19T01:13:02.160000;2016-02-19T01:13:02.183000;e029a8ce-fbdb-4d07-882b-f5df54b7b4b0;421.22;0.83586;BUY
2016-02-19T01:13:32.433000;2016-02-19T01:13:32.450000;19231039-fa63-476f-8c48-babc4c7d5ae4;421.22;0.1623;BUY
2016-02-19T01:13:57.450000;2016-02-19T01:13:57.483000;02597298-a3fa-4e48-a522-9bdccfad622f;421.22;0.33;BUY
2016-02-19T01:14:02.543000;2016-02-19T01:14:02.577000;b259e2cb-f62b-456e-a34c-6dba918aa67f;421.22;0.49412;BUY
2016-02-19T01:14:30.723000;2016-02-19T01:14:30.747000;f73de865-180d-4e74-ab20-950941d4dca3;421.22;0.26;BUY
2016-02-19T01:14:31.800000;2016-02-19T01:14:31.827000;4412d140-6ddf-422e-b410-e3feb4c4f694;421.22;0.01616149;BUY
2016-02-19T01:14:31.800000;2016-02-19T01:14:31.840000;34bbc85d-5fdb-4848-9dbc-07511c409254;421.22;1.87872;BUY
2016-02-19T01:14:31.800000;2016-02-19T01:14:31.840000;d08fa312-f795-4a98-bccf-1192775034ac;421.22;13.26662851;BUY
2016-02-19T01:15:03.053000;2016-02-19T01:15:03.090000;5bcf3d62-aafd-4b36-9ca8-4007f2c22ef6;421.21;0.18899533;SELL
2016-02-19T01:15:03.053000;2016-02-19T01:15:03.090000;6a22c51a-88d6-4ded-9c5b-05e2d13df8df;421.2;0.019;SELL
2016-02-19T01:15:03.057000;2016-02-19T01:15:03.090000;494d787d-9888-44fc-9496-6dc1fbac993b;421.19;0.02;SELL
2016-02-19T01:15:03.057000;2016-02-19T01:15:03.170000;82011c4d-1b3c-4dc6-8780-be02472fec47;421.18;0.02;SELL
2016-02-19T01:15:03.057000;2016-02-19T01:15:03.170000;5e9007ad-a602-45db-9221-f8eb49bb9936;421.17;0.02;SELL
2016-02-19T01:15:03.057000;2016-02-19T01:15:03.170000;e83b2628-2266-4c7b-98d1-e4255071adf6;421.17;0.128;SELL
2016-02-19T01:15:03.057000;2016-02-19T01:15:03.170000;9f623a5d-c642-4fb5-a618-9dcd17b00c2b;421.16;0.02;SELL
2016-02-19T01:15:03.057000;2016-02-19T01:15:03.170000;7cd9b5be-4a86-4536-bdc3-437f879b582d;421.16;0.13;SELL
2016-02-19T01:15:03.057000;2016-02-19T01:15:03.170000;640d86a5-27df-45d6-b3e9-57a3f56e92ae;421.15;0.02;SELL
2016-02-19T01:15:03.057000;2016-02-19T01:15:03.170000;030ab0af-2ade-4a51-8198-7d4a3f9731de;421.15;0.02;SELL
2016-02-19T01:15:03.057000;2016-02-19T01:15:03.170000;2a0be9b4-0913-41dc-9ec2-1fc0b720041d;421.14;0.02;SELL
2016-02-19T01:15:03.057000;2016-02-19T01:15:03.170000;9323c27f-4656-418d-9713-c6bd5b2cd82f;421.13;0.02;SELL
2016-02-19T01:15:03.057000;2016-02-19T01:15:03.170000;fa223445-0243-4b87-9925-81445cd0c19d;421.12;0.075;SELL
2016-02-19T01:15:03.057000;2016-02-19T01:15:03.170000;65a45e54-f686-453c-a124-e2ad56b07d7f;421.1;0.822;SELL
2016-02-19T01:15:03.057000;2016-02-19T01:15:03.170000;943e429d-1ba8-43c7-a01c-b3af6a3db823;421.1;0.9;SELL
2016-02-19T01:15:03.057000;2016-02-19T01:15:03.170000;4290b555-efa0-4c34-92fd-c9167aebf0a0;421.09;0.8;SELL
2016-02-19T01:15:03.057000;2016-02-19T01:15:03.170000;c6c10fec-b071-484a-8e6a-7bd229cc472b;421.08;16.45202467;SELL
2016-02-19T01:15:32.357000;2016-02-19T01:15:32.373000;3947e2c4-3680-4a5d-b54c-a0986130cf62;421.12;0.017;SELL
2016-02-19T01:15:32.357000;2016-02-19T01:15:32.387000;fd3b4e3a-6381-4356-a0b4-e884e1a601ee;421.11;0.017;SELL
2016-02-19T01:15:32.357000;2016-02-19T01:15:32.387000;bc3bd96e-5784-48e8-8a1b-700f82292b64;421.1;0.017;SELL
2016-02-19T01:15:32.360000;2016-02-19T01:15:32.403000;f40a11e0-0da7-4b98-9f93-68dc16501a1b;421.09;0.017;SELL
2016-02-19T01:15:32.360000;2016-02-19T01:15:32.403000;a75a2d8c-863a-4c11-aa7b-1e68f1b291d0;421.08;0.61281;SELL
2016-02-19T01:16:02.243000;2016-02-19T01:16:02.263000;5788d5d7-83fd-4d0e-9860-14affaa97809;421.15;0.016;SELL
2016-02-19T01:16:02.243000;2016-02-19T01:16:02.280000;5c7522b4-54bc-443b-a6ea-bf5e3bd49c7b;421.14;0.016;SELL
2016-02-19T01:16:02.243000;2016-02-19T01:16:02.280000;84395f9f-0903-4a9c-a2bd-30f9159a2648;421.13;0.017;SELL
2016-02-19T01:16:02.243000;2016-02-19T01:16:02.293000;03a22048-98bf-40c2-9b91-ce258b1cfc1c;421.08;0.5157714;SELL
2016-02-19T01:16:02.243000;2016-02-19T01:16:02.293000;7091f13c-91d8-4919-a2e6-3559dd93d254;421.07;2.0761;SELL
2016-02-19T01:16:02.243000;2016-02-19T01:16:02.293000;0eb0ff11-f49f-4f36-82d0-9b45ad3c6ccf;421.07;0.01;SELL
2016-02-19T01:16:02.243000;2016-02-19T01:16:02.293000;51161c37-8c51-4d26-a5ba-6dc80a00ea42;421.04;0.42163168;SELL
2016-02-19T01:16:02.243000;2016-02-19T01:16:02.357000;4b551c90-bb01-4eec-b0a2-64d41cc241c1;421.04;0.027;SELL
2016-02-19T01:16:02.243000;2016-02-19T01:16:02.373000;3f6bf11c-1636-4353-85b7-84959edcca41;421.03;0.026;SELL
2016-02-19T01:16:02.243000;2016-02-19T01:16:02.373000;92ce62cc-104b-4e1f-ae80-8d76db99eb9b;421.03;0.026;SELL
2016-02-19T01:16:02.243000;2016-02-19T01:16:02.373000;4403dcb3-340c-407d-b615-e2d92c161d75;421.02;0.027;SELL
2016-02-19T01:16:02.243000;2016-02-19T01:16:02.373000;8ab345e5-9450-45fb-84e4-9b74712fa495;421.02;0.025;SELL
2016-02-19T01:16:02.243000;2016-02-19T01:16:02.373000;acda540f-698d-466f-ba2b-da80f554673a;421.02;0.024;SELL
2016-02-19T01:16:02.243000;2016-02-19T01:16:02.373000;eec2aa80-48cd-4ef3-b0c2-066ae7cdf9ed;421.01;0.026;SELL
2016-02-19T01:16:02.243000;2016-02-19T01:16:02.373000;4c258d41-3d21-44bd-8042-0cec20382e24;421.01;0.025;SELL
2016-02-19T01:16:02.243000;2016-02-19T01:16:02.373000;cc46b326-8e9c-45e7-9df4-9cccf843b965;421.01;0.023;SELL
2016-02-19T01:16:02.243000;2016-02-19T01:16:02.373000;b639f147-7188-443d-bd05-d598ee7d9c52;421.01;0.023;SELL
2016-02-19T01:16:02.243000;2016-02-19T01:16:02.373000;be76cb6e-1771-4c52-bf74-54127bf049be;421.0;0.01;SELL
2016-02-19T01:16:02.243000;2016-02-19T01:16:02.373000;6a7d5968-49ce-4e45-9807-7d030698b7b0;421.0;0.0125;SELL
2016-02-19T01:16:02.243000;2016-02-19T01:16:02.373000;fca02a19-fc1f-4d66-b9df-2297108b4d1b;421.0;0.025;SELL
2016-02-19T01:16:02.247000;2016-02-19T01:16:02.373000;e150a112-6cef-4f10-a4bb-5d35669e877d;421.0;0.024;SELL
2016-02-19T01:16:02.247000;2016-02-19T01:16:02.373000;f93eaeaa-24e4-4b7b-aec8-758da6ba8d65;421.0;0.022;SELL
2016-02-19T01:16:02.247000;2016-02-19T01:16:02.373000;4f48cdf9-4cc9-4207-bff2-02c343d3460f;421.0;0.021;SELL
2016-02-19T01:16:02.247000;2016-02-19T01:16:02.373000;db5afbf7-33b0-43bb-86dd-9533d6acab4b;421.0;0.021;SELL
2016-02-19T01:16:02.247000;2016-02-19T01:16:02.373000;293ac969-92a3-4a96-a54b-1a92142ae2e4;421.0;0.018;SELL
2016-02-19T01:16:02.247000;2016-02-19T01:16:02.373000;a9f5043d-319a-456d-a404-68a2db2e2311;421.0;0.018;SELL
2016-02-19T01:16:02.247000;2016-02-19T01:16:02.373000;f0dd4feb-e447-40b7-904b-666229430071;420.99;0.027;SELL
2016-02-19T01:16:02.247000;2016-02-19T01:16:02.387000;c342ab4b-d375-4015-9ba0-4cb24640151f;420.99;0.026;SELL
2016-02-19T01:16:02.247000;2016-02-19T01:16:02.387000;c54548fd-3fe7-4112-9e53-c19ff2c0dc14;420.99;0.025;SELL
2016-02-19T01:16:02.247000;2016-02-19T01:16:02.387000;ac478bac-3e16-4dbd-bf40-b0ebe8823ebe;420.99;0.023;SELL
2016-02-19T01:16:02.247000;2016-02-19T01:16:02.387000;45612afd-7391-4160-8f1f-4b5b347b74a3;420.99;0.023;SELL
2016-02-19T01:16:02.247000;2016-02-19T01:16:02.403000;e90c63b1-0637-4258-badf-fcc6874ec7b7;420.99;0.02;SELL
2016-02-19T01:16:02.247000;2016-02-19T01:16:02.403000;42b79bd3-4fa8-4097-8c1e-fcfbed795a28;420.99;0.02;SELL
2016-02-19T01:16:02.247000;2016-02-19T01:16:02.450000;98ea6fca-b8aa-4815-8f55-a3a7bb9c62c8;420.99;0.019;SELL
2016-02-19T01:16:02.247000;2016-02-19T01:16:02.467000;dff3a7fd-610c-4a18-9e43-b43db1b43559;420.98;0.024;SELL
2016-02-19T01:16:02.247000;2016-02-19T01:16:02.467000;955568c4-1f47-469d-a400-e30e3ff9a489;420.98;0.022;SELL
2016-02-19T01:16:02.247000;2016-02-19T01:16:02.467000;9b26c63b-e6a1-46b4-b13b-121575853e85;420.98;0.021;SELL
2016-02-19T01:16:02.247000;2016-02-19T01:16:02.467000;6826fcc2-28a1-4e84-9789-385a873ccc30;420.98;0.021;SELL
2016-02-19T01:16:02.247000;2016-02-19T01:16:02.467000;9f578eff-d067-4423-b19f-61fa759f91f9;420.98;0.018;SELL
2016-02-19T01:16:02.247000;2016-02-19T01:16:02.467000;556c8ccc-8f23-492c-9756-764913bcc38d;420.98;0.018;SELL
2016-02-19T01:16:02.247000;2016-02-19T01:16:02.467000;72aa6b01-8fba-4e3d-8e29-20615cc89770;420.98;2.469;SELL
2016-02-19T01:16:02.247000;2016-02-19T01:16:02.467000;ae05c2cc-5e5b-4f66-8283-a56f82c7094e;420.97;0.024;SELL
2016-02-19T01:16:02.247000;2016-02-19T01:16:02.467000;bfdc8e47-4b7e-48e1-958c-c84cbad036be;420.97;0.023;SELL
2016-02-19T01:16:02.247000;2016-02-19T01:16:02.467000;815fccb7-ca1c-4c47-9f03-b94f17731444;420.97;0.022;SELL
2016-02-19T01:16:02.250000;2016-02-19T01:16:02.467000;1dd7266c-a6a3-4deb-a99c-1882791da7f3;420.97;0.02;SELL
2016-02-19T01:16:02.250000;2016-02-19T01:16:02.467000;024806a1-7cfc-475f-ab47-84a454cbac5a;420.97;0.019;SELL
2016-02-19T01:16:02.250000;2016-02-19T01:16:02.467000;e1623818-787a-4e2f-ac7a-3fceaaed0bd7;420.97;0.019;SELL
2016-02-19T01:16:02.250000;2016-02-19T01:16:02.467000;c8efb6ac-334c-4f96-a013-eff9310059f9;420.96;0.022;SELL
2016-02-19T01:16:02.250000;2016-02-19T01:16:02.467000;321ef03d-58c1-4708-a1e8-db9fc2dee6cb;420.96;0.021;SELL
2016-02-19T01:16:02.250000;2016-02-19T01:16:02.467000;00e6c97d-4341-45c0-9523-6d40264b0f24;420.96;0.018;SELL
2016-02-19T01:16:02.250000;2016-02-19T01:16:02.467000;a056b689-7c8c-4ee5-8d50-d0c13abd7c5b;420.95;0.011;SELL
2016-02-19T01:16:02.250000;2016-02-19T01:16:02.467000;c49b197e-5aae-48b7-942b-ed48b4bde5ad;420.95;0.01;SELL
2016-02-19T01:16:02.250000;2016-02-19T01:16:02.467000;4f4350ce-e4e0-466e-a7cb-f3ed2db2bc40;420.95;0.07540692;SELL
2016-02-19T01:16:05.567000;2016-02-19T01:16:05.590000;345bbb23-7036-4734-8900-0f39fad3ec8e;421.01;0.01;SELL
2016-02-19T01:16:32.317000;2016-02-19T01:16:32.340000;bea323fe-886b-4a65-ac83-37d2f0891ca9;421.07;0.075;BUY
2016-02-19T01:16:32.317000;2016-02-19T01:16:32.357000;6d51c229-d210-4698-bad6-b69091da2887;421.07;0.074;BUY
2016-02-19T01:16:32.317000;2016-02-19T01:16:32.357000;2c34ac3c-70f2-43d3-989e-7bcc59752f81;421.08;0.075;BUY
2016-02-19T01:16:32.317000;2016-02-19T01:16:32.357000;5fcaae2e-e0ae-4521-867b-85b7270f50a3;421.09;0.011;BUY
2016-02-19T01:16:32.320000;2016-02-19T01:16:32.357000;673a5370-5220-4899-aa69-bb1bba8242b3;421.09;0.119;BUY
2016-02-19T01:16:32.320000;2016-02-19T01:16:32.450000;7bb999bd-527d-4389-8346-c9f6d1ebab58;421.11;0.011;BUY
2016-02-19T01:16:32.320000;2016-02-19T01:16:32.450000;263ddb43-aa6a-46af-9148-b750debbca87;421.11;0.072;BUY
2016-02-19T01:16:32.320000;2016-02-19T01:16:32.450000;c5020293-a2fb-4cff-9928-86eff5c956f9;421.13;0.01;BUY
2016-02-19T01:16:32.320000;2016-02-19T01:16:32.450000;c42aed3e-5ed6-43de-8383-b32f81846184;421.14;0.011;BUY
2016-02-19T01:16:32.320000;2016-02-19T01:16:32.450000;50623db5-cc34-4b14-af0a-d383dbeb3f19;421.14;0.25;BUY
2016-02-19T01:16:32.320000;2016-02-19T01:16:32.450000;a3b3a00d-2e58-4659-b7c9-7dd80fbc859f;421.14;0.22;BUY
2016-02-19T01:16:32.320000;2016-02-19T01:16:32.450000;4bf80937-3121-4783-9371-50a2a06a36b4;421.15;0.30852;BUY
2016-02-19T01:17:02.333000;2016-02-19T01:17:02.340000;cbd64264-fc36-4752-b321-9f1673c91f2f;421.06;0.06137;BUY
2016-02-19T01:17:32.300000;2016-02-19T01:17:32.327000;4ec7e252-f117-4675-ad88-229380eaf43a;421.06;0.01363;BUY
2016-02-19T01:17:32.303000;2016-02-19T01:17:32.327000;d0b2f735-7123-49af-a7ca-1927fa91bf6a;421.06;0.098;BUY
2016-02-19T01:17:32.303000;2016-02-19T01:17:32.357000;4b77cb49-9dff-469d-8896-e0cb9df9a586;421.06;0.075;BUY
2016-02-19T01:17:32.303000;2016-02-19T01:17:32.357000;f97e5af6-89a8-4b1d-8422-0980c8075195;421.06;0.075;BUY
2016-02-19T01:17:32.303000;2016-02-19T01:17:32.357000;18efcfe8-313d-450f-8c37-ef756d07c429;421.06;0.075;BUY
2016-02-19T01:17:32.303000;2016-02-19T01:17:32.357000;ff9c0e38-31d5-4d12-817e-103fd1596ecb;421.06;0.05254;BUY
2016-02-19T01:18:02.523000;2016-02-19T01:18:02.530000;69c7029d-6b9c-4382-a7d2-d716a710f647;421.06;0.02246;BUY
2016-02-19T01:18:02.523000;2016-02-19T01:18:02.543000;edf1d855-e357-45ff-b8b9-5725c0030ea1;421.06;0.075;BUY
2016-02-19T01:18:02.523000;2016-02-19T01:18:02.543000;702871f4-740b-4a79-816c-3a108d1e5861;421.06;0.075;BUY
2016-02-19T01:18:02.527000;2016-02-19T01:18:02.543000;d95927db-4b48-4a74-a0ca-79ddc9b447ba;421.06;0.047;BUY
2016-02-19T01:18:02.527000;2016-02-19T01:18:02.623000;fdcfb4c6-7d25-455d-896a-603e5b6059b8;421.06;0.085;BUY
2016-02-19T01:18:02.527000;2016-02-19T01:18:02.623000;cd67d3b8-b6e9-4b4e-808b-29e449439351;421.06;0.795;BUY
2016-02-19T01:18:02.527000;2016-02-19T01:18:02.623000;c1491671-8c2c-4981-b80d-6a715b2469fb;421.06;1.6351;BUY
2016-02-19T01:18:35.460000;2016-02-19T01:18:35.467000;291e5c91-02f9-47c5-86f5-e4a037ac3c19;421.06;0.548;BUY
2016-02-19T01:18:35.460000;2016-02-19T01:18:35.483000;f67a9a48-7dba-4477-b8c1-7e41d861547d;421.07;0.075;BUY
2016-02-19T01:18:35.460000;2016-02-19T01:18:35.483000;b070a0c8-304d-4a6f-8322-c683bf89abc6;421.08;0.075;BUY
2016-02-19T01:18:35.460000;2016-02-19T01:18:35.497000;17a3a101-339c-4fe5-bd83-287123885439;421.11;1.078;BUY
2016-02-19T01:18:35.460000;2016-02-19T01:18:35.497000;fe5a0625-0a78-4f18-af7d-799d614be484;421.16;0.075;BUY
2016-02-19T01:18:35.460000;2016-02-19T01:18:35.577000;d3f3df72-9f02-4431-b073-71f02c5fd119;421.16;1.046;BUY
2016-02-19T01:18:35.460000;2016-02-19T01:18:35.577000;b83f07c1-bad6-4557-ad0f-63067ff03c47;421.19;1.80228;BUY
2016-02-19T01:19:02.110000;2016-02-19T01:19:02.123000;d5b79a1d-d67a-40d6-b8bd-c06c86834b47;421.06;0.11896;BUY
2016-02-19T01:19:19.793000;2016-02-19T01:19:19.793000;d60bbd94-d30d-4c72-9a6b-f0bba842f1e2;421.06;0.011;BUY
2016-02-19T01:19:19.800000;2016-02-19T01:19:19.840000;a07af035-ff88-47ee-a6c0-a7d57262a30f;421.06;0.039;BUY
2016-02-19T01:19:32.133000;2016-02-19T01:19:32.137000;46aea0c0-07e6-4db9-9246-d0e6c0b7e996;421.06;0.918;BUY
2016-02-19T01:19:32.133000;2016-02-19T01:19:32.153000;976c79a0-bffa-40f3-abdf-9901e3ede3fa;421.07;0.71355;BUY
2016-02-19T01:20:02.113000;2016-02-19T01:20:02.170000;5d80bfa1-b09f-4db9-bda8-c84e2c903953;421.06;0.03547;BUY
2016-02-19T01:20:32.427000;2016-02-19T01:20:32.480000;9bc99c4d-e173-42f2-8026-4e3f3e9bf0d9;421.06;0.39647;BUY
2016-02-19T01:21:02.313000;2016-02-19T01:21:02.373000;24b3b147-f6af-45ed-84e7-9e50be99ebd8;421.06;0.826;BUY
2016-02-19T01:21:02.317000;2016-02-19T01:21:02.373000;5ca9b8bf-0780-4b18-9d56-e9acbceecf2c;421.1;1.98;BUY
2016-02-19T01:21:02.317000;2016-02-19T01:21:02.387000;a6928cc0-8a9b-4c3c-afc3-68dfd0bebabc;421.11;0.652;BUY
2016-02-19T01:21:02.317000;2016-02-19T01:21:02.387000;cf50b3da-8d90-49a6-ae9a-d42b25322a55;421.13;1.10545;BUY
2016-02-19T01:21:21.803000;2016-02-19T01:21:21.857000;a985c7b5-3423-43a3-bd33-097a717a1b3d;421.06;0.025;BUY
2016-02-19T01:21:32.690000;2016-02-19T01:21:32.747000;a7d67290-749d-412c-9072-e1cea5c286be;421.06;0.74;BUY
2016-02-19T01:21:32.690000;2016-02-19T01:21:32.747000;78e61b1e-e8ae-4400-8c4f-1a0e7b2420c3;421.1;1.26356;BUY
2016-02-19T01:21:37.233000;2016-02-19T01:21:37.277000;7897b05f-cfbd-4a6b-8286-866fcafe00b1;421.08;0.34;BUY
2016-02-19T01:22:08.780000;2016-02-19T01:22:08.823000;92bcc104-b40f-4472-9555-15486df66b94;421.06;0.1008;BUY
2016-02-19T01:22:32.630000;2016-02-19T01:22:32.683000;a5cff633-c7fb-404e-bc98-073399c44547;421.06;0.40212;BUY
2016-02-19T01:23:02.727000;2016-02-19T01:23:02.777000;96f2ed18-35cb-4d92-8a42-d9af25d72380;421.06;0.0241;BUY
2016-02-19T01:23:02.733000;2016-02-19T01:23:02.777000;0f7efa84-02ff-4935-8cd4-9b529b452e92;421.06;0.1059;BUY
2016-02-19T01:23:03.243000;2016-02-19T01:23:03.293000;a972efe2-2a60-492c-98ee-520578bcab82;421.05;0.015;SELL
2016-02-19T01:23:03.243000;2016-02-19T01:23:03.293000;9f8f5668-8121-4430-b684-d48979a688d6;421.05;0.16;SELL
2016-02-19T01:23:03.243000;2016-02-19T01:23:03.310000;0804b021-61b7-4661-b3e5-c9b17eccd922;421.04;0.016;SELL
2016-02-19T01:23:03.243000;2016-02-19T01:23:03.310000;7e16b413-4cdc-4d48-bc52-99e53d9a3e1b;421.03;0.016;SELL
2016-02-19T01:23:03.243000;2016-02-19T01:23:03.323000;4680a14f-ffd2-48cf-8b6f-5c9d054d5347;421.02;0.016;SELL
2016-02-19T01:23:03.243000;2016-02-19T01:23:03.323000;c507f585-82be-4f54-a6ec-b619c742df10;421.01;0.001;SELL
2016-02-19T01:23:03.243000;2016-02-19T01:23:03.323000;6818b3f9-7e3f-4cc6-bfec-91809a9d153b;421.01;0.2;SELL
2016-02-19T01:23:03.247000;2016-02-19T01:23:03.357000;dfa69ba8-596c-46a0-89f6-00f67b622bb0;420.99;0.011;SELL
2016-02-19T01:23:03.247000;2016-02-19T01:23:03.357000;e62ddf93-b7e8-4825-a235-85178831f036;420.97;0.011;SELL
2016-02-19T01:23:03.247000;2016-02-19T01:23:03.357000;32430bb0-2b82-4dd0-96ff-df887e4c1077;420.95;0.34622476;SELL
2016-02-19T01:23:03.247000;2016-02-19T01:23:03.357000;14b506d9-c8ec-48bb-8b39-7462cb3a241f;420.95;0.02;SELL
2016-02-19T01:23:03.247000;2016-02-19T01:23:03.357000;05800ebf-08ac-4bd2-b74a-926b7478d831;420.95;0.02;SELL
2016-02-19T01:23:03.247000;2016-02-19T01:23:03.357000;4087e486-e2ae-4240-a736-e729eb20955a;420.95;0.019;SELL
2016-02-19T01:23:03.247000;2016-02-19T01:23:03.357000;8fb66d07-e001-46da-963f-69dbab7e2c0c;420.95;0.019;SELL
2016-02-19T01:23:03.247000;2016-02-19T01:23:03.357000;1c9fda7d-8c2b-4dbb-86b1-bca8b18a6985;420.95;0.018;SELL
2016-02-19T01:23:03.247000;2016-02-19T01:23:03.373000;e51db642-e292-411b-a494-94081c069069;420.92;0.016;SELL
2016-02-19T01:23:03.247000;2016-02-19T01:23:03.373000;57f43f7c-a558-4430-81c2-b139c71e86f9;420.9;0.016;SELL
2016-02-19T01:23:03.247000;2016-02-19T01:23:03.373000;f740c942-0f22-42c6-8603-5c33061f3814;420.87;0.01;SELL
2016-02-19T01:23:03.247000;2016-02-19T01:23:03.387000;e6c4be96-e9ab-49e1-8ca1-d247859d044a;420.86;0.42163168;SELL
2016-02-19T01:23:03.247000;2016-02-19T01:23:03.420000;3e8ded28-5b93-4a09-8944-314587900dea;420.83;0.129;SELL
2016-02-19T01:23:03.247000;2016-02-19T01:23:03.420000;0a61a904-17be-409d-9f6b-aa01def7d725;420.81;0.021;SELL
2016-02-19T01:23:03.250000;2016-02-19T01:23:03.420000;1daa6676-ccf8-45db-b2b6-667c9973bd08;420.8;0.01134069;SELL
2016-02-19T01:23:03.250000;2016-02-19T01:23:03.420000;71cb7d17-696d-4fb1-8f5a-5f8d2c565dce;420.8;0.02;SELL
2016-02-19T01:23:03.250000;2016-02-19T01:23:03.420000;c588a2f5-de62-4090-a949-d9978eb958f2;420.8;0.02;SELL
2016-02-19T01:23:03.250000;2016-02-19T01:23:03.420000;8b12d3f1-1e55-40d6-9ceb-ec2136ec8fea;420.8;0.021;SELL
2016-02-19T01:23:03.250000;2016-02-19T01:23:03.420000;f2e211ab-9a33-4dfc-9b8d-89c4710d0488;420.8;0.02;SELL
2016-02-19T01:23:03.250000;2016-02-19T01:23:03.433000;493ba310-ecc0-418c-bf58-681edcb44028;420.79;0.019;SELL
2016-02-19T01:23:03.250000;2016-02-19T01:23:03.433000;f95e094b-e9e6-4c77-8413-e97509a89360;420.79;0.021;SELL
2016-02-19T01:23:03.250000;2016-02-19T01:23:03.433000;1813accc-76a2-4a0d-b618-357060d441b7;420.79;0.019;SELL
2016-02-19T01:23:03.250000;2016-02-19T01:23:03.433000;7331e953-3468-402e-a50d-73bcd25ed7ee;420.78;0.011;SELL
2016-02-19T01:23:03.250000;2016-02-19T01:23:03.433000;cdbdbad1-ed37-47c3-ae21-9e69343283d1;420.78;0.02;SELL
2016-02-19T01:23:03.250000;2016-02-19T01:23:03.450000;4417d085-82ee-4c77-80d5-d6d261d7d0a8;420.78;0.02;SELL
2016-02-19T01:23:03.250000;2016-02-19T01:23:03.450000;2e3a1a4f-b92a-42ab-918e-126dd33211c1;420.78;0.019;SELL
2016-02-19T01:23:03.250000;2016-02-19T01:23:03.450000;73561e22-3c25-4e2f-877d-5f0452647cb6;420.78;0.018;SELL
2016-02-19T01:23:03.250000;2016-02-19T01:23:03.450000;7324ab3a-2d1c-4925-a02d-d795d4c6d86e;420.78;0.109;SELL
2016-02-19T01:23:03.250000;2016-02-19T01:23:03.450000;893cc498-2428-481e-9785-e55b8d361a17;420.78;4.4;SELL
2016-02-19T01:23:03.250000;2016-02-19T01:23:03.450000;ee567ca9-0fc8-47d3-9ce9-53c0e5dc9550;420.77;0.42163168;SELL
2016-02-19T01:23:03.250000;2016-02-19T01:23:03.450000;11718639-5c6f-47fc-bb23-825d2b8a2565;420.77;0.017;SELL
2016-02-19T01:23:03.250000;2016-02-19T01:23:03.467000;f1ca0192-88c0-44cb-b7f6-1c565b5cda48;420.77;0.019;SELL
2016-02-19T01:23:03.250000;2016-02-19T01:23:03.467000;c40c5257-ac93-45d7-89cd-ecf3344de704;420.77;0.021;SELL
2016-02-19T01:23:03.253000;2016-02-19T01:23:03.467000;4f38ddb0-a705-4187-8a36-8f6295e1efc9;420.77;0.02;SELL
2016-02-19T01:23:03.253000;2016-02-19T01:23:03.467000;6f58e917-6192-47b1-a7e9-a20d4ce84309;420.77;0.018;SELL
2016-02-19T01:23:03.253000;2016-02-19T01:23:03.467000;7cbcee6d-493a-409d-8f5b-39b1bdaa47af;420.77;0.017;SELL
2016-02-19T01:23:03.253000;2016-02-19T01:23:03.480000;1931a0a6-0e55-41d1-b1d0-8f5eebcf7ee0;420.77;2.34791119;SELL
2016-02-19T01:23:32.303000;2016-02-19T01:23:32.340000;101ec3e9-586a-42f4-b1a4-0779b6bcbc21;420.92;0.693;BUY
2016-02-19T01:23:32.303000;2016-02-19T01:23:32.357000;f14af609-d989-4197-90fd-52065a268301;420.92;0.2536;BUY
2016-02-19T01:23:45.093000;2016-02-19T01:23:45.137000;d8285294-b52a-44b5-a294-c14c4237f7dd;420.92;0.075;BUY
2016-02-19T01:23:45.093000;2016-02-19T01:23:45.153000;f2c0bf93-5e68-47df-b0d2-73116a6a3b2b;420.92;0.015;BUY
2016-02-19T01:23:55.577000;2016-02-19T01:23:55.623000;ee6cb3a4-cfdb-48ac-8e5d-9bb14a330eea;420.92;0.06;BUY
2016-02-19T01:23:55.577000;2016-02-19T01:23:55.637000;ede75a31-8886-4e21-b8ab-d91863018aec;420.92;0.05204526;BUY
2016-02-19T01:24:02.020000;2016-02-19T01:24:02.073000;94889ea8-2e0a-4944-868f-516d884939f4;420.92;0.02295474;BUY
2016-02-19T01:24:02.020000;2016-02-19T01:24:02.073000;a1a18135-b31b-4d30-9309-025603da784b;420.92;0.638;BUY
2016-02-19T01:24:02.020000;2016-02-19T01:24:02.073000;ad17900c-2c71-450a-bb46-1b8bf0dcb3e8;420.92;0.075;BUY
2016-02-19T01:24:02.023000;2016-02-19T01:24:02.123000;f62ecf24-aa86-4109-b7b2-75ed21f976eb;420.92;0.016;BUY
2016-02-19T01:24:02.023000;2016-02-19T01:24:02.123000;0d3f41d9-cfaa-478c-b7df-e17ec816b627;420.94;0.34073526;BUY
2016-02-19T01:24:32.207000;2016-02-19T01:24:32.247000;c148e50f-f42e-4c82-9d26-363cb7c30bfc;420.92;0.611;BUY
2016-02-19T01:24:32.207000;2016-02-19T01:24:32.263000;42fe5171-aeac-4171-b407-d68f5c06c845;420.96;0.3918;BUY
2016-02-19T01:25:02.347000;2016-02-19T01:25:02.387000;b504e565-b98d-4453-bacd-0b6cebbd5269;420.93;0.21437;BUY
2016-02-19T01:25:32.330000;2016-02-19T01:25:32.387000;342edd29-c8e7-4412-9d8d-a1f9be85d020;420.91;0.01;SELL
2016-02-19T01:25:32.330000;2016-02-19T01:25:32.387000;9fc19cc3-b92d-4d8f-971d-9bc18422cd19;420.9;0.011;SELL
2016-02-19T01:25:32.330000;2016-02-19T01:25:32.403000;5b805562-2cbe-4c33-afcd-6345caef11c4;420.88;0.011;SELL
2016-02-19T01:25:32.330000;2016-02-19T01:25:32.403000;b1ad0f7b-5e51-4611-a568-33d43e583b7a;420.86;0.011;SELL
2016-02-19T01:25:32.330000;2016-02-19T01:25:32.403000;848fe770-e1a9-4c51-9bfb-f47f18618a0e;420.76;0.016;SELL
2016-02-19T01:25:32.330000;2016-02-19T01:25:32.420000;73f5f800-8982-4044-ad64-e24444ece528;420.76;0.016;SELL
2016-02-19T01:25:32.330000;2016-02-19T01:25:32.420000;391a9216-934e-4af4-b68e-87a9fb2626c4;420.76;0.018;SELL
2016-02-19T01:25:32.330000;2016-02-19T01:25:32.420000;f665e626-9789-4bd2-a1d6-0e93797a2a2c;420.76;0.02;SELL
2016-02-19T01:25:32.330000;2016-02-19T01:25:32.420000;8b7d70dd-211f-41d2-8369-6373ae8ec491;420.76;0.544;SELL
2016-02-19T01:26:02.507000;2016-02-19T01:26:02.543000;e2396112-f902-40f3-9c2c-06bcfaf9d045;420.78;0.011;SELL
2016-02-19T01:26:02.507000;2016-02-19T01:26:02.543000;bdbcaa8c-f5a7-4253-a5f1-903e9f6d7db6;420.78;1.605;SELL
2016-02-19T01:26:02.507000;2016-02-19T01:26:02.560000;746f26d3-ac91-4a62-baea-a45c8aab1e02;420.76;0.38908;SELL
2016-02-19T01:26:09.830000;2016-02-19T01:26:09.887000;7b897c84-04a5-4d7a-8f49-1d3fe41501d9;420.79;0.01;BUY
2016-02-19T01:26:09.840000;2016-02-19T01:26:09.887000;b3d5eb2b-9cd2-4407-bffc-759977d71a04;420.79;0.06;BUY
2016-02-19T01:26:09.843000;2016-02-19T01:26:09.887000;e4b0e073-e66c-4180-ab9e-9661e0c269d9;420.88;0.16553781;BUY
2016-02-19T01:26:32.397000;2016-02-19T01:26:32.433000;8b037481-180d-4281-b0f2-5b7f5fb21eac;420.82;0.46914;BUY
2016-02-19T01:27:05.410000;2016-02-19T01:27:05.450000;109fd891-767e-4e6e-bb4c-c2fe5c873dea;420.82;0.014;SELL
2016-02-19T01:27:05.410000;2016-02-19T01:27:05.467000;9632d883-ba12-487b-9203-ec005b64f491;420.81;0.014;SELL
2016-02-19T01:27:05.410000;2016-02-19T01:27:05.467000;f636b044-8045-4491-ad98-be84e12d2616;420.8;0.014;SELL
2016-02-19T01:27:05.410000;2016-02-19T01:27:05.467000;0c3f8852-ff99-48e9-ba8e-cbf563d8fdcc;420.79;0.014;SELL
2016-02-19T01:27:05.410000;2016-02-19T01:27:05.467000;b45aef69-326e-428b-9eff-3e20f598b1e5;420.78;0.014;SELL
2016-02-19T01:27:05.410000;2016-02-19T01:27:05.480000;524dadb6-59d3-42da-bc6a-eccdc8270e4d;420.76;0.4924;SELL
2016-02-19T01:27:32.790000;2016-02-19T01:27:32.827000;f265479d-52e5-411e-8ac3-034e275c97d2;420.8;0.629;BUY
2016-02-19T01:27:32.790000;2016-02-19T01:27:32.840000;442d6708-328f-4d05-94d5-b487bfa9236e;420.82;1.15;BUY
2016-02-19T01:27:32.790000;2016-02-19T01:27:32.840000;c56b1493-a2bb-4914-afe6-bc8d9ac935d5;420.84;3.42224;BUY
2016-02-19T01:28:02.717000;2016-02-19T01:28:02.747000;b1490389-f949-43df-ad49-e7e5db1b7127;420.81;0.614;BUY
2016-02-19T01:28:02.717000;2016-02-19T01:28:02.763000;c77826c2-3333-4842-881b-c2d06d81876b;420.86;0.07;BUY
2016-02-19T01:28:02.717000;2016-02-19T01:28:02.763000;5e2a9223-c85f-4b83-b89c-a3edb48c7cfa;420.87;0.13;BUY
2016-02-19T01:28:02.717000;2016-02-19T01:28:02.777000;054ec626-ea63-447a-b78f-a2cf5db0f63b;420.89;0.011;BUY
2016-02-19T01:28:02.717000;2016-02-19T01:28:02.777000;db050e3e-96eb-4c9f-8d10-8ec832125c87;420.9;0.01;BUY
2016-02-19T01:28:02.717000;2016-02-19T01:28:02.777000;293ed952-2464-4477-8f15-28d8990fdcc0;420.9;0.589;BUY
2016-02-19T01:28:02.717000;2016-02-19T01:28:02.777000;c9ba7079-ad2d-43d1-af4b-fa8bde79a46f;420.94;0.23;BUY
2016-02-19T01:28:02.717000;2016-02-19T01:28:02.777000;cc3bb384-7fce-4ce3-b620-c06c2268b634;420.95;0.61684;BUY
2016-02-19T01:28:32.780000;2016-02-19T01:28:32.810000;1277ce7a-5862-4b07-9a8f-da90448f00c5;420.87;0.519;BUY
2016-02-19T01:28:32.780000;2016-02-19T01:28:32.827000;e85b07a1-64dc-4fba-8a2f-1c81971b80f2;420.87;0.46044;BUY
2016-02-19T01:29:02.087000;2016-02-19T01:29:02.123000;59432f8d-eee3-42ce-9999-b5287b8af96b;420.87;0.496;BUY
2016-02-19T01:29:02.087000;2016-02-19T01:29:02.137000;e1d3ad93-253a-4884-801e-5aa42c3b802a;420.87;0.5339;BUY
2016-02-19T01:29:32.330000;2016-02-19T01:29:32.357000;9ae82075-fc90-4934-a8a1-4855b1bb0f35;420.86;0.013;SELL
2016-02-19T01:29:32.330000;2016-02-19T01:29:32.373000;6d613e40-0005-4dd5-8104-03a24c70d1d3;420.86;0.22517;SELL
2016-02-19T01:30:03.737000;2016-02-19T01:30:03.763000;c7f80dd1-f442-40e4-867b-41d2e8e952cc;420.87;0.1967;BUY
2016-02-19T01:30:48.483000;2016-02-19T01:30:48.513000;fb3c6adb-adc9-47e2-9e27-703d4baed31a;420.87;0.21;BUY
2016-02-19T01:30:48.483000;2016-02-19T01:30:48.527000;daf85765-5076-4192-a52b-c340ff9da870;420.87;0.2312;BUY
2016-02-19T01:31:02.977000;2016-02-19T01:31:02.997000;132ae5ae-e02e-4af3-b986-c54f1d754ee4;420.9;0.465;BUY
2016-02-19T01:31:02.977000;2016-02-19T01:31:03.013000;4dda7419-a0d5-49e7-8caf-a58a22999456;420.9;0.07;BUY
2016-02-19T01:31:02.977000;2016-02-19T01:31:03.013000;809f6f09-a0a0-4f75-a81d-e84b50e9edb6;420.9;0.25684;BUY
2016-02-19T01:31:32.423000;2016-02-19T01:31:32.450000;5499cf99-97dc-4731-a0c1-311c5ec00d09;420.92;0.011;BUY
2016-02-19T01:31:32.423000;2016-02-19T01:31:32.467000;18192084-d921-4bb8-923d-ef94cc2c4959;420.92;0.0494;BUY
2016-02-19T01:31:55.940000;2016-02-19T01:31:55.967000;f133f9e2-bae8-47e1-832f-8216f012b1ed;420.92;0.33;BUY
2016-02-19T01:32:32.423000;2016-02-19T01:32:32.450000;79683c5a-a431-4873-bc65-17a333ca9fde;420.95;0.011;BUY
2016-02-19T01:32:32.423000;2016-02-19T01:32:32.467000;a04e42cb-1cb9-4055-8d11-858d110a8fc5;420.95;0.013;BUY
2016-02-19T01:32:32.423000;2016-02-19T01:32:32.467000;9943f108-af67-4359-9832-b246fb58f463;420.95;0.316;BUY
2016-02-19T01:32:32.423000;2016-02-19T01:32:32.467000;a4172b5a-3fca-404f-a096-f803d48f02a5;420.97;0.18175;BUY
2016-02-19T01:33:02.783000;2016-02-19T01:33:02.793000;620c3308-f18f-4958-a33a-1dafb2e812b2;420.95;0.57763;BUY
2016-02-19T01:33:33.800000;2016-02-19T01:33:33.827000;5ae08ab8-87c3-4c43-bae6-f112c3c58199;420.94;0.014;SELL
2016-02-19T01:33:33.800000;2016-02-19T01:33:33.827000;00748fe7-3171-42b2-aa5f-dae56a4545ac;420.94;1.19033447;SELL
2016-02-19T01:33:33.800000;2016-02-19T01:33:33.827000;e0d74648-69ba-4098-9f7c-34a6aaed9937;420.94;2.56566553;SELL
2016-02-19T01:34:04.323000;2016-02-19T01:34:04.340000;3d67bac2-edd2-47f6-a445-39ce8030db27;420.95;0.401;BUY
2016-02-19T01:34:04.323000;2016-02-19T01:34:04.357000;f3267c5e-8483-4faf-b95e-87d428b116fa;420.95;1.59;BUY
2016-02-19T01:34:04.323000;2016-02-19T01:34:04.357000;c5ae836e-cf5b-4394-b12f-8712fd156fea;420.98;0.011;BUY
2016-02-19T01:34:04.323000;2016-02-19T01:34:04.357000;0b8c1122-18b1-4586-a878-345574272ab3;420.98;2.487;BUY
2016-02-19T01:34:04.323000;2016-02-19T01:34:04.373000;3f41e94d-bc95-4766-a2b3-83463d6e7ef9;420.99;0.46054;BUY
2016-02-19T01:34:34.403000;2016-02-19T01:34:34.420000;d7d84ec0-45a3-404c-b62d-b1f062d99331;420.95;1.34308;BUY
2016-02-19T01:35:02.303000;2016-02-19T01:35:02.327000;d0b02047-76df-4250-a2c3-27f64e6ca154;420.96;0.012;SELL
2016-02-19T01:35:02.303000;2016-02-19T01:35:02.327000;b0cf8b73-f5b5-442c-8dc5-6a0b12a7f4f5;420.96;0.02;SELL
2016-02-19T01:35:02.303000;2016-02-19T01:35:02.327000;d35e3d68-0079-49ae-90cf-eb414cbe6054;420.95;0.012;SELL
2016-02-19T01:35:02.303000;2016-02-19T01:35:02.327000;b83369b4-ad5a-4587-9079-17e576c90083;420.94;0.00111;SELL
2016-02-19T01:36:27.333000;2016-02-19T01:36:27.367000;be056c12-2a58-44db-8f43-ba5011281408;420.98;0.024;BUY
2016-02-19T01:36:27.333000;2016-02-19T01:36:27.367000;99527f72-8a33-4d9c-83c6-adc155b78318;421.0;0.01;BUY
2016-02-19T01:36:27.333000;2016-02-19T01:36:27.383000;3bb366eb-6ea9-4925-94df-2b24e17fa456;421.0;0.036;BUY
2016-02-19T01:41:14.083000;2016-02-19T01:41:14.103000;f79d9722-b0a2-4029-860b-0bbb9e51c856;421.01;0.011;BUY
2016-02-19T01:41:14.083000;2016-02-19T01:41:14.117000;7a4ea8e7-ad49-4ac4-80e1-4d578891dd14;421.01;0.039;BUY
2016-02-19T01:42:13.703000;2016-02-19T01:42:13.727000;03d3ef82-e7ad-4774-9322-35c3d6664fb8;421.01;1.291;BUY
2016-02-19T01:42:13.703000;2016-02-19T01:42:13.743000;1a88b329-7025-4ab2-ab7f-0e5c7b051f57;421.01;0.43658079;BUY
2016-02-19T01:42:13.963000;2016-02-19T01:42:13.977000;fbf9a6dc-39a1-4bf8-83e1-aab55d45ac8f;421.01;1.72758079;BUY
2016-02-19T01:42:14.220000;2016-02-19T01:42:14.243000;ab86989f-5de3-4bd6-a60b-43e8385dd49f;421.01;1.72758079;BUY
2016-02-19T01:42:15.307000;2016-02-19T01:42:15.320000;44cdf8d7-7bed-4158-a5e6-2d89422e1160;421.01;1.72758079;BUY
2016-02-19T01:42:16.283000;2016-02-19T01:42:16.307000;3e17080c-1ee9-4997-b7f5-11df9b671037;421.01;0.64802;BUY
2016-02-19T01:42:16.283000;2016-02-19T01:42:16.320000;cdd77ea3-48b1-407c-9346-a9f4eed10601;421.03;0.011;BUY
2016-02-19T01:42:16.283000;2016-02-19T01:42:16.320000;60aff6b2-6ba8-458f-bcba-429f3536add7;421.04;0.075;BUY
2016-02-19T01:42:16.283000;2016-02-19T01:42:16.320000;e43fe5c8-34a8-445f-8829-8a3283a00f76;421.04;0.075;BUY
2016-02-19T01:42:16.283000;2016-02-19T01:42:16.320000;72a83f59-b678-437e-b2b4-3effc2630198;421.04;0.22517;BUY
2016-02-19T01:42:16.283000;2016-02-19T01:42:16.337000;2af8b656-f9f5-4f2f-886a-95fad5a49685;421.05;0.01;BUY
2016-02-19T01:42:16.283000;2016-02-19T01:42:16.337000;6bb04e57-e45f-4cbf-a032-fd51259ba664;421.06;0.68339079;BUY
2016-02-19T01:42:31.977000;2016-02-19T01:42:31.993000;c22721c5-bf2a-4bad-807e-e8572db6d7c5;421.06;0.50648921;BUY
2016-02-19T01:42:31.977000;2016-02-19T01:42:32.023000;8737d360-55b9-410f-8bba-2ed808c96ffe;421.06;0.16;BUY
2016-02-19T01:42:31.980000;2016-02-19T01:42:32.023000;0594f2c5-b086-495d-a348-a264edb2e8f6;421.07;0.014;BUY
2016-02-19T01:42:31.980000;2016-02-19T01:42:32.023000;c1437249-f019-4091-9e98-21fc23de5883;421.09;0.01;BUY
2016-02-19T01:42:31.980000;2016-02-19T01:42:32.023000;0478cbe3-16df-40b9-b673-708ac70030c6;421.1;0.179;BUY
2016-02-19T01:42:31.980000;2016-02-19T01:42:32.103000;84b9aa3a-25f7-47bf-abd1-e941752319da;421.12;0.075;BUY
2016-02-19T01:42:31.980000;2016-02-19T01:42:32.103000;de5c88e0-ae74-4b9e-afb6-b53b3cc79644;421.13;0.23;BUY
2016-02-19T01:42:31.980000;2016-02-19T01:42:32.103000;d44b2cf3-8b44-4743-acfb-d5bca42c03ce;421.14;0.2;BUY
2016-02-19T01:42:31.980000;2016-02-19T01:42:32.103000;80f5cfe5-e6e7-49e5-afea-2ace35ad2ccc;421.16;1.61;BUY
2016-02-19T01:42:31.980000;2016-02-19T01:42:32.103000;fee17f31-3759-43ab-b5d5-d1c5cc4561eb;421.17;0.149;BUY
2016-02-19T01:42:31.980000;2016-02-19T01:42:32.103000;f9af41e9-874f-494e-b8b7-3ee01e186582;421.18;0.02994079;BUY
2016-02-19T01:43:02.697000;2016-02-19T01:43:02.727000;60f3ecd2-1782-4b72-ad5d-cedbe7a6d8c0;421.1;0.0125;SELL
2016-02-19T01:43:02.700000;2016-02-19T01:43:02.743000;85713cc0-059d-4196-b015-d126ec02208e;421.09;0.108;SELL
2016-02-19T01:43:02.700000;2016-02-19T01:43:02.743000;d9ca7839-ac48-4892-ad35-7821087d6b5a;421.08;0.02;SELL
2016-02-19T01:43:02.700000;2016-02-19T01:43:02.743000;2f10e49e-ee1c-4a80-8830-d9873f335ef7;421.07;0.02;SELL
2016-02-19T01:43:02.700000;2016-02-19T01:43:02.757000;65151473-7cd9-4cdd-98b2-990ba64699ce;421.06;0.02;SELL
2016-02-19T01:43:02.700000;2016-02-19T01:43:02.820000;edf2c83b-db0a-4bd1-9259-79d505e193fe;421.06;0.19;SELL
2016-02-19T01:43:02.700000;2016-02-19T01:43:02.820000;9ef96d24-2b49-4d64-97bf-d7f29489b42e;421.05;0.011;SELL
2016-02-19T01:43:02.700000;2016-02-19T01:43:02.820000;8414f0f0-921c-40f3-9a68-07418638d0ae;421.04;0.101;SELL
2016-02-19T01:43:02.700000;2016-02-19T01:43:02.820000;cc786be3-2463-48cc-831d-1633f398d3bc;421.03;0.019;SELL
2016-02-19T01:43:02.700000;2016-02-19T01:43:02.820000;413f9e7d-2f22-4743-a6f6-8bf6fbc5fa5f;421.03;0.123;SELL
2016-02-19T01:43:02.700000;2016-02-19T01:43:02.837000;1383cf0c-be94-41ec-9b8b-aa8c5ccde04e;421.02;0.019;SELL
2016-02-19T01:43:02.700000;2016-02-19T01:43:02.837000;a4cf63c2-89ae-411b-822b-ba0722f4d275;421.01;0.02;SELL
2016-02-19T01:43:02.700000;2016-02-19T01:43:02.837000;5133d6bb-0e05-484e-bd62-27e76d76027c;421.0;0.011;SELL
2016-02-19T01:43:02.700000;2016-02-19T01:43:02.837000;a7433cfc-aa8d-4d96-b2ee-7aa28799de32;421.0;0.0125;SELL
2016-02-19T01:43:02.700000;2016-02-19T01:43:02.837000;7f3ebe67-b598-47ed-8b79-da9d065aac2c;420.99;0.011;SELL
2016-02-19T01:43:02.700000;2016-02-19T01:43:02.837000;059f3d0f-be08-4cc0-958d-0d48f7564717;420.98;0.123;SELL
2016-02-19T01:43:02.700000;2016-02-19T01:43:02.837000;cc0da0d3-3ef2-452c-b090-04b364d1be47;420.97;0.012;SELL
2016-02-19T01:43:02.703000;2016-02-19T01:43:02.837000;5f11ca71-be35-466f-9776-340fb78a76fd;420.96;0.012;SELL
2016-02-19T01:43:02.703000;2016-02-19T01:43:02.837000;17572a47-8c06-405c-850a-25b841382cb8;420.96;1.72758079;SELL
2016-02-19T01:43:02.703000;2016-02-19T01:43:02.837000;a7758d11-1089-470e-af55-df82ec8dba86;420.95;0.012;SELL
2016-02-19T01:43:02.703000;2016-02-19T01:43:02.837000;92dafd2e-de76-4b14-950a-1f29aa34bbc3;420.94;0.01;SELL
2016-02-19T01:43:02.703000;2016-02-19T01:43:02.837000;a9f571a3-0db5-4d8f-8e12-c4de2662337c;420.93;0.014;SELL
2016-02-19T01:43:02.703000;2016-02-19T01:43:02.837000;5535f886-318d-49d9-8273-316e2ff2ca2b;420.93;0.074;SELL
2016-02-19T01:43:02.703000;2016-02-19T01:43:02.837000;1ef3dd01-4477-4e9d-8f2b-4a63d2bbbac6;420.92;0.014;SELL
2016-02-19T01:43:02.703000;2016-02-19T01:43:02.837000;8248838b-fc2d-4d2f-ada3-0452be4a78eb;420.91;0.016;SELL
2016-02-19T01:43:02.703000;2016-02-19T01:43:02.837000;b41ee437-57bb-4310-a635-0a9745cd4991;420.9;0.016;SELL
2016-02-19T01:43:02.703000;2016-02-19T01:43:02.837000;95c1c28f-f129-4a2c-ad27-b12dc0aacd88;420.9;0.46;SELL
2016-02-19T01:43:02.703000;2016-02-19T01:43:02.837000;4c9f21de-708a-4848-9791-8e827c803ba4;420.89;0.016;SELL
2016-02-19T01:43:02.703000;2016-02-19T01:43:02.837000;b0981b19-9fc5-47dd-ac60-33d1d8a3bce6;420.89;0.92;SELL
2016-02-19T01:43:02.703000;2016-02-19T01:43:02.853000;cdf576ad-c800-4358-8885-19c8e5428466;420.88;0.016;SELL
2016-02-19T01:43:02.703000;2016-02-19T01:43:02.853000;30dd863f-1b2d-4bee-aa58-3addc17687c7;420.88;0.099;SELL
2016-02-19T01:43:02.703000;2016-02-19T01:43:02.853000;7d00f6a0-9b0e-4834-b59b-ef45c95d4682;420.88;1.61;SELL
2016-02-19T01:43:02.703000;2016-02-19T01:43:02.913000;9a80ab73-484c-47d2-8100-2a04aea16570;420.87;0.017;SELL
2016-02-19T01:43:02.703000;2016-02-19T01:43:02.930000;d8a4281d-78ae-4d58-9a6f-9a9b4afcef65;420.87;1.72758079;SELL
2016-02-19T01:43:02.703000;2016-02-19T01:43:02.930000;68268ff3-5c6f-4ecd-a17c-12ee6e1bee2a;420.87;0.92;SELL
2016-02-19T01:43:02.707000;2016-02-19T01:43:02.930000;e0006007-6253-4be0-bb59-9c29f40e8cc7;420.86;0.11483;SELL
2016-02-19T01:43:02.707000;2016-02-19T01:43:02.930000;b385010d-352b-4d12-bbcd-118b36f59c4b;420.86;0.8;SELL
2016-02-19T01:43:02.707000;2016-02-19T01:43:02.930000;c7d50d8c-6e2e-4831-878e-92eeaae4a576;420.86;0.69;SELL
2016-02-19T01:43:02.707000;2016-02-19T01:43:02.930000;5f26e352-6de8-4ac6-b966-fbada1dc6a6b;420.85;0.013;SELL
2016-02-19T01:43:02.707000;2016-02-19T01:43:02.930000;0ff89d59-d280-42e2-82a9-f8aaa9d9291f;420.85;1.84;SELL
2016-02-19T01:43:02.707000;2016-02-19T01:43:02.930000;ebb2f057-30de-44b5-91ad-8273c6db2a6c;420.84;0.011;SELL
2016-02-19T01:43:02.707000;2016-02-19T01:43:02.930000;6d59166b-6589-42be-abd0-928a07271283;420.84;2.99;SELL
2016-02-19T01:43:02.707000;2016-02-19T01:43:02.930000;043b67ff-6338-4d28-8868-4372d81c9697;420.83;0.125;SELL
2016-02-19T01:43:02.707000;2016-02-19T01:43:02.930000;96d9438e-e5c5-4bc5-9c1d-07078e0fbc4a;420.83;5.52;SELL
2016-02-19T01:43:02.707000;2016-02-19T01:43:02.930000;0f3147ed-5cdb-409c-8f9d-2fbe4ca0a885;420.82;0.011;SELL
2016-02-19T01:43:02.707000;2016-02-19T01:43:02.930000;bc11f439-c0f4-44c0-8319-4c018ef9ecd0;420.79;3.60644842;SELL
2016-02-19T01:43:32.097000;2016-02-19T01:43:32.117000;eced99a4-ab12-4ccd-bd65-7013db6b1e01;421.04;0.18575;BUY
2016-02-19T01:44:01.603000;2016-02-19T01:44:01.617000;79dca368-d375-4fdc-909d-f7afb2996d2e;421.04;0.073;BUY
2016-02-19T01:44:01.603000;2016-02-19T01:44:01.633000;6383b109-bd27-43a8-9b5f-b747e7748056;421.04;1.1707;BUY
2016-02-19T01:44:01.603000;2016-02-19T01:44:01.633000;90d7cc48-0029-4310-8079-083a0b1f5718;421.05;0.075;BUY
2016-02-19T01:44:01.607000;2016-02-19T01:44:01.633000;c79491cd-2f2d-4af8-a74d-53a3476e8b3e;421.06;0.075;BUY
2016-02-19T01:44:01.607000;2016-02-19T01:44:01.680000;3f1db4de-4d68-4118-93da-c126ccf5cbfa;421.08;0.011;BUY
2016-02-19T01:44:01.607000;2016-02-19T01:44:01.710000;d5152a22-f6a2-4ce9-b03e-ab4cc700c8f7;421.08;0.13;BUY
2016-02-19T01:44:01.607000;2016-02-19T01:44:01.710000;226b8c0a-5990-43fd-bc1b-b39acaf2d8b9;421.11;0.011;BUY
2016-02-19T01:44:01.607000;2016-02-19T01:44:01.710000;39b6b560-c38c-46ee-9d79-f92f0208a360;421.13;0.01;BUY
2016-02-19T01:44:01.607000;2016-02-19T01:44:01.710000;aa3748c2-e2da-4269-bdcf-811e51c13ebf;421.14;0.011;BUY
2016-02-19T01:44:01.607000;2016-02-19T01:44:01.727000;09838819-cabb-4d5e-9976-ba649d1aa4a7;421.16;0.28176;BUY
2016-02-19T01:44:31.580000;2016-02-19T01:44:31.603000;a0e0ecc9-4089-4a20-a8f6-c5b50d751851;421.14;2.53;BUY
2016-02-19T01:44:31.583000;2016-02-19T01:44:31.603000;c4c13739-9c86-4aab-ac09-50fbd822d1dd;421.15;0.011;BUY
2016-02-19T01:44:31.583000;2016-02-19T01:44:31.603000;6cdd4313-4611-4f32-98d9-5dd24aff7911;421.15;0.445;BUY
2016-02-19T01:44:31.583000;2016-02-19T01:44:31.603000;51439905-e3c9-480e-a8e6-f6a5bb467a40;421.18;1.79702;BUY
2016-02-19T01:44:49.637000;2016-02-19T01:44:49.650000;cbf345f2-a696-4b80-9588-b20d3bca10d1;421.09;0.01;SELL
2016-02-19T01:45:01.847000;2016-02-19T01:45:01.853000;726fc140-7ba5-490d-ab64-8f430a2150ab;421.12;0.018;SELL
2016-02-19T01:45:01.847000;2016-02-19T01:45:01.867000;97f8df6a-0405-4176-be1c-915c80dd0f6f;421.12;0.00809;SELL
2016-02-19T01:45:31.887000;2016-02-19T01:45:31.913000;312b4109-00ac-412c-9858-7997da877ed8;421.13;0.01;BUY
2016-02-19T01:45:31.887000;2016-02-19T01:45:31.913000;0d4df983-0cc7-4618-b0b2-7af8b5fdea39;421.15;1.15;BUY
2016-02-19T01:45:31.887000;2016-02-19T01:45:31.930000;46d769e0-cc5e-49ab-b4fc-44e10196f9aa;421.16;2.478;BUY
2016-02-19T01:45:31.887000;2016-02-19T01:45:31.930000;08f1acc1-3f7c-491d-adf8-761736a15455;421.17;0.56;BUY
2016-02-19T01:45:31.887000;2016-02-19T01:45:31.930000;c7953179-63fb-4145-94f1-0d79aaf8da30;421.17;0.8;BUY
2016-02-19T01:45:31.887000;2016-02-19T01:45:31.930000;474e6499-fd81-4a3f-8e0a-6a14cb8a8ffb;421.18;2.358;BUY
2016-02-19T01:45:31.887000;2016-02-19T01:45:31.930000;81ca32f2-86fa-4126-b7cb-2cb995f31119;421.19;0.31;BUY
2016-02-19T01:45:31.887000;2016-02-19T01:45:31.947000;c525eb6b-7ed9-41d2-9239-718d99d7eae9;421.19;0.075;BUY
2016-02-19T01:45:31.890000;2016-02-19T01:45:31.947000;53451659-a3bd-426e-ac24-e84e527ba30c;421.2;0.075;BUY
2016-02-19T01:45:31.890000;2016-02-19T01:45:31.947000;c0573788-75b1-4e43-8411-d64f0f69a6bb;421.2;0.01;BUY
2016-02-19T01:45:31.890000;2016-02-19T01:45:31.947000;a4dd5d7f-3575-4fcf-bb92-25bbbd75ce20;421.2;0.42519;BUY
2016-02-19T01:45:49.810000;2016-02-19T01:45:49.837000;bf5d2716-43ed-4867-8bad-41e14eff30e5;421.2;0.012;BUY
2016-02-19T01:45:49.820000;2016-02-19T01:45:49.853000;041f949a-e6f6-4fa2-8562-f7b9eef40a69;421.2;0.006;BUY
2016-02-19T01:45:49.820000;2016-02-19T01:45:49.853000;49104f81-a409-4c52-99a2-40713d1f5f6c;421.21;0.064;BUY
2016-02-19T01:45:49.833000;2016-02-19T01:45:49.853000;bcd62665-2738-44a8-bfca-6dd85421f518;421.21;0.015;BUY
2016-02-19T01:45:49.837000;2016-02-19T01:45:49.867000;3b7bf10f-ebac-45d1-b185-049adeb63c15;421.21;0.2431;BUY
2016-02-19T01:45:49.840000;2016-02-19T01:45:49.867000;7eb98311-86f5-44be-9911-980f16eabeb2;421.21;0.025;BUY
2016-02-19T01:46:00.387000;2016-02-19T01:46:00.400000;33c14be7-659d-4927-8a27-33b59094e9d6;421.22;0.16;BUY
2016-02-19T01:46:04.950000;2016-02-19T01:46:04.960000;8beda5ba-121a-4066-a5d7-e6c5ac4741b9;421.22;0.24;BUY
2016-02-19T01:46:04.950000;2016-02-19T01:46:04.977000;c8c817ed-8615-452f-8f9b-beb25902f14d;421.23;0.15;BUY
2016-02-19T01:46:04.950000;2016-02-19T01:46:04.977000;dfb3c260-25fa-4bb3-8352-333eb0e5c4fd;421.24;0.075;BUY
2016-02-19T01:46:04.950000;2016-02-19T01:46:04.977000;968d6ab8-8022-4c95-8cf1-f21251fcd4ab;421.24;0.075;BUY
2016-02-19T01:46:04.950000;2016-02-19T01:46:04.977000;fef9a3a7-6bb8-40ec-be49-03f73098c635;421.24;0.87448;BUY
2016-02-19T01:46:31.973000;2016-02-19T01:46:31.993000;1d88fbb8-edc7-4826-8b6d-0a35920d56d6;421.2;0.62892;BUY
2016-02-19T01:46:32.443000;2016-02-19T01:46:32.460000;c6c758f2-d4a0-441e-8238-3594a4625918;421.19;0.02;SELL
2016-02-19T01:46:32.443000;2016-02-19T01:46:32.460000;5ab7a208-deae-4589-b10d-b6705ad3d832;421.18;0.019;SELL
2016-02-19T01:47:02.207000;2016-02-19T01:47:02.210000;832040c3-1347-4919-bb2b-4d91babeeaf9;421.18;0.019;SELL
2016-02-19T01:47:02.290000;2016-02-19T01:47:02.307000;7b1bbf17-c7f6-4641-9604-cc5e3d14e7ef;421.18;0.291;BUY
2016-02-19T01:47:02.290000;2016-02-19T01:47:02.337000;d2d736e0-be0d-4fe7-bc92-d40d5dd77c28;421.2;1.42334;BUY
2016-02-19T01:47:32.063000;2016-02-19T01:47:32.070000;ad839e45-8ed7-42c2-b111-fcbe38cb94ce;421.18;0.018;SELL
2016-02-19T01:47:32.063000;2016-02-19T01:47:32.087000;dfc42444-8017-4a12-9fba-08e3c2b350eb;421.18;0.102;SELL
2016-02-19T01:47:32.063000;2016-02-19T01:47:32.117000;f4a70260-04f5-444d-a5a7-04030be2fc0c;421.17;0.019;SELL
2016-02-19T01:47:32.063000;2016-02-19T01:47:32.150000;88b9a255-1a5f-44b9-a7c4-28d2be5532c4;421.17;0.129;SELL
2016-02-19T01:47:32.063000;2016-02-19T01:47:32.150000;a82db376-0008-4d86-945b-d484cecb7dcd;421.16;0.019;SELL
2016-02-19T01:47:32.063000;2016-02-19T01:47:32.150000;1766b7c2-f540-4eac-ab49-a83aa1a470b7;421.15;0.017;SELL
2016-02-19T01:47:32.063000;2016-02-19T01:47:32.150000;9ded9c12-dc23-4a96-95e2-f2b93c14593a;421.14;0.017;SELL
2016-02-19T01:47:32.063000;2016-02-19T01:47:32.150000;96d2ca62-f349-45ab-aefc-05168f71ed3b;421.14;0.12;SELL
2016-02-19T01:47:32.067000;2016-02-19T01:47:32.150000;7ee251de-7f22-4ccd-8424-664035257b80;421.13;0.018;SELL
2016-02-19T01:47:32.067000;2016-02-19T01:47:32.150000;0629f388-bfe7-4d7d-bf5e-3d7e34c9843a;421.12;0.018;SELL
2016-02-19T01:47:32.067000;2016-02-19T01:47:32.150000;4d890483-6d3a-4fd5-a0f4-586e49a8752f;421.12;0.103;SELL
2016-02-19T01:47:32.067000;2016-02-19T01:47:32.163000;56471623-6d8a-4a21-a6a7-73836a702ff5;421.11;0.019;SELL
2016-02-19T01:47:32.067000;2016-02-19T01:47:32.163000;9d0a9ff1-2f05-4712-80ad-654ce8574ad0;421.1;0.019;SELL
2016-02-19T01:47:32.067000;2016-02-19T01:47:32.163000;2ba2f97d-d287-4602-a4e7-7fefa9e82aea;421.09;0.009;SELL
2016-02-19T01:47:32.067000;2016-02-19T01:47:32.163000;638872fd-8bb0-445b-8dab-42148b4ab273;421.08;0.019;SELL
2016-02-19T01:47:32.067000;2016-02-19T01:47:32.180000;dbf4d9fa-141b-43de-b752-98ad67d979d7;421.07;0.019;SELL
2016-02-19T01:47:32.067000;2016-02-19T01:47:32.180000;9d7cba06-4eec-4775-8503-42b6ccd7cd68;421.07;0.127;SELL
2016-02-19T01:47:32.067000;2016-02-19T01:47:32.180000;519625e0-56f8-4bf3-b1b7-f8840b67ce7c;421.06;0.02;SELL
2016-02-19T01:47:32.067000;2016-02-19T01:47:32.180000;6296490b-5466-4e78-ae53-9703bda0a53c;421.05;0.011;SELL
2016-02-19T01:47:32.067000;2016-02-19T01:47:32.180000;b07b7b84-3d15-4dd1-b2b3-7518d9dcc623;421.05;0.02;SELL
2016-02-19T01:47:32.067000;2016-02-19T01:47:32.180000;da7898ee-dbed-4c4f-9cb2-f72f0cd2795e;421.04;0.02;SELL
2016-02-19T01:47:32.067000;2016-02-19T01:47:32.180000;987cc464-55a1-49b9-8169-8faa40714d14;421.03;0.019;SELL
2016-02-19T01:47:32.067000;2016-02-19T01:47:32.180000;2c5bfa26-5baf-4ed4-8949-2df6a4b4085e;421.02;0.019;SELL
2016-02-19T01:47:32.067000;2016-02-19T01:47:32.180000;0db1cdbd-db29-411f-963f-e0f9e9d51685;421.02;0.121;SELL
2016-02-19T01:47:32.067000;2016-02-19T01:47:32.180000;3014d7ca-4804-48e5-8cd7-48af1fd31d59;421.01;0.019;SELL
2016-02-19T01:47:32.067000;2016-02-19T01:47:32.180000;1e5162e8-abea-41ac-b48b-72820ef36250;421.0;0.011;SELL
2016-02-19T01:47:32.070000;2016-02-19T01:47:32.180000;aeb9a1d3-b1b9-4ff8-b86c-e920afe82b53;421.0;0.0125;SELL
2016-02-19T01:47:32.070000;2016-02-19T01:47:32.180000;2b92b1c9-ec99-47f5-a2b1-a86b68cb18d2;420.98;0.011;SELL
2016-02-19T01:47:32.070000;2016-02-19T01:47:32.197000;83d5f8d6-4c8b-43a6-b93f-cf7fdec6f515;420.97;0.1;SELL
2016-02-19T01:47:32.070000;2016-02-19T01:47:32.197000;0e7991d1-5c03-4fc4-a6ed-d27894b93c8e;420.96;0.01;SELL
2016-02-19T01:47:32.070000;2016-02-19T01:47:32.210000;bba8be65-9799-4fb7-b32c-77ef63bf69eb;420.93;0.05728;SELL
2016-02-19T01:48:03.600000;2016-02-19T01:48:03.603000;581743ec-e864-41df-8559-d14155b72a07;421.17;0.01;SELL
2016-02-19T01:48:05.177000;2016-02-19T01:48:05.180000;da81e622-6dac-4c81-bc3e-22a191421094;421.18;0.011;BUY
2016-02-19T01:48:05.180000;2016-02-19T01:48:05.197000;a51d092c-f0f5-46cc-8bbf-a3788827ee33;421.19;0.01;BUY
2016-02-19T01:48:05.180000;2016-02-19T01:48:05.197000;edfee3fe-f24d-4a73-bbe3-c4426f2c9000;421.19;0.11483;BUY
2016-02-19T01:48:05.180000;2016-02-19T01:48:05.210000;57cde0e5-2ad7-4a0b-90c4-774a42176a6b;421.19;0.23;BUY
2016-02-19T01:48:05.180000;2016-02-19T01:48:05.210000;05aa7807-2ac6-4791-871e-7d4a0c58a7d7;421.2;0.01;BUY
2016-02-19T01:48:05.180000;2016-02-19T01:48:05.210000;6890f07c-5895-4552-b0e5-01898411efde;421.2;0.3112;BUY
2016-02-19T01:48:32.033000;2016-02-19T01:48:32.040000;ce82f0da-9368-4d77-8b14-b51822818dc7;421.16;0.016;SELL
2016-02-19T01:48:32.033000;2016-02-19T01:48:32.057000;390546c5-3e08-43cf-aeb0-5fd68e6bc2e4;421.16;0.082;SELL
2016-02-19T01:48:32.033000;2016-02-19T01:48:32.070000;abcbe445-9600-41c3-8204-c4d9a5a4789a;421.15;0.017;SELL
2016-02-19T01:48:32.033000;2016-02-19T01:48:32.070000;9983bcc5-ed37-4e8a-aa59-99a8543c83fd;421.14;0.017;SELL
2016-02-19T01:48:32.033000;2016-02-19T01:48:32.070000;e2685a82-0adb-4bfe-ba70-e5ed8793e6e8;421.13;0.01;SELL
2016-02-19T01:48:32.033000;2016-02-19T01:48:32.070000;198aa0ed-d81b-409f-bf69-fceee8b94993;421.13;0.116;SELL
2016-02-19T01:48:32.033000;2016-02-19T01:48:32.087000;321ee2b1-d2d5-40a5-80bd-26c7b1bbc184;421.12;0.117;SELL
2016-02-19T01:48:32.033000;2016-02-19T01:48:32.087000;0a63c248-6bf0-4aac-8c11-93a3a801ddb3;421.09;0.01;SELL
2016-02-19T01:48:32.033000;2016-02-19T01:48:32.087000;ec0cc7c9-8877-478d-ab5a-4e0f08c3ff18;421.07;0.082;SELL
2016-02-19T01:48:32.033000;2016-02-19T01:48:32.087000;98fa97eb-5516-47c8-8063-54f8d458ff61;421.05;0.01;SELL
2016-02-19T01:48:32.037000;2016-02-19T01:48:32.087000;a99bb289-ff60-494b-8b70-2cc5dbdd7c21;421.02;0.108;SELL
2016-02-19T01:48:32.037000;2016-02-19T01:48:32.117000;31cb11bc-c190-4e80-8922-a62ee120a09e;421.01;0.01;SELL
2016-02-19T01:48:32.037000;2016-02-19T01:48:32.117000;6a84c6f2-9748-42d1-8699-bdf2a1357e65;420.97;0.01;SELL
2016-02-19T01:48:32.037000;2016-02-19T01:48:32.117000;1363d4eb-6dd0-49fb-bca2-ada9d5a8d1fe;420.97;0.07245;SELL
2016-02-19T01:48:32.537000;2016-02-19T01:48:32.540000;140c42c2-6ec4-4d2a-9595-80dc1371b4d3;421.17;0.011;SELL
2016-02-19T01:48:33.110000;2016-02-19T01:48:33.117000;9fe1ba87-9b6b-4b16-997c-b336c8909a37;421.17;0.005;SELL
2016-02-19T01:49:01.903000;2016-02-19T01:49:01.900000;c6691078-037a-4925-ac64-156b0acd155c;421.13;0.3742;BUY
2016-02-19T01:49:31.810000;2016-02-19T01:49:31.820000;a1e7f342-d900-4621-8d65-8c1ec54e3afd;421.14;0.011;BUY
2016-02-19T01:49:31.810000;2016-02-19T01:49:31.820000;7a985bd6-fafb-4acd-9fb6-b87650379894;421.15;0.011;BUY
2016-02-19T01:49:31.813000;2016-02-19T01:49:31.820000;36bd2de0-5374-43b3-b269-bf405457ad46;421.17;0.69;BUY
2016-02-19T01:49:31.813000;2016-02-19T01:49:31.837000;0bbacc7c-724e-4a09-80f4-0d1dd53ceab7;421.18;0.028;BUY
2016-02-19T01:49:31.813000;2016-02-19T01:49:31.837000;8aecaf7a-5017-4646-800f-d37ec2b8c58f;421.18;0.92;BUY
2016-02-19T01:49:31.813000;2016-02-19T01:49:31.837000;9364dd15-b61f-4491-abc7-0176c6acf75e;421.19;0.075;BUY
2016-02-19T01:49:31.813000;2016-02-19T01:49:31.853000;e555bfed-ef04-43e3-8ecb-a8b1152d4199;421.19;0.08657;BUY
2016-02-19T01:50:01.727000;2016-02-19T01:50:01.743000;8bdc164e-9e4c-4392-8e3d-1b5ea7d8ad5c;421.16;0.015;SELL
2016-02-19T01:50:01.730000;2016-02-19T01:50:01.743000;01670c57-46c4-4267-bc03-4a3a4067eb72;421.16;0.01334;SELL
2016-02-19T01:50:14.063000;2016-02-19T01:50:14.070000;f92057e4-3a77-496d-86ef-8a0fd39f55e4;421.18;0.015;SELL
2016-02-19T01:50:14.063000;2016-02-19T01:50:14.070000;7cb7ed6c-ecc0-4102-a102-55f9475460be;421.18;0.116;SELL
2016-02-19T01:50:14.063000;2016-02-19T01:50:14.087000;7009d9b1-400e-405a-ba5c-b263fd5b3865;421.17;0.015;SELL
2016-02-19T01:50:14.063000;2016-02-19T01:50:14.087000;5b47410a-2bc9-48be-a480-fe5505f7c6ee;421.16;0.015;SELL
2016-02-19T01:50:14.063000;2016-02-19T01:50:14.087000;ce69aa10-cb4b-4027-b1a9-efa9e755db56;421.15;0.015;SELL
2016-02-19T01:50:14.067000;2016-02-19T01:50:14.087000;e323720c-8764-4e34-b1d3-0f3cbcca6e3a;421.15;0.094;SELL
2016-02-19T01:50:31.747000;2016-02-19T01:50:31.813000;8a5d8b8a-a99a-48f9-8621-9bf2f513c35e;421.19;0.015;BUY
2016-02-19T01:50:31.747000;2016-02-19T01:50:31.813000;f1534e1b-8b10-40c1-815b-fa1604bbba89;421.21;0.00327;BUY
2016-02-19T01:51:01.827000;2016-02-19T01:51:01.890000;359ae271-d41d-46d2-bc8d-6944d7fe6506;421.19;0.014;SELL
2016-02-19T01:51:01.827000;2016-02-19T01:51:01.907000;f8188caa-d636-453d-9a3a-dff2a5b941b6;421.19;0.114;SELL
2016-02-19T01:51:01.830000;2016-02-19T01:51:01.907000;1ae81856-2e93-43f1-ae56-00049cd0b4c3;421.18;0.014;SELL
2016-02-19T01:51:01.830000;2016-02-19T01:51:01.907000;e66bc86d-f3f1-4b9a-b0a6-017f55c5a982;421.17;0.014;SELL
2016-02-19T01:51:01.830000;2016-02-19T01:51:01.920000;6331fff3-001c-4673-b052-49aa66a52b26;421.16;0.014;SELL
2016-02-19T01:51:01.830000;2016-02-19T01:51:01.983000;0f193c94-1ff9-4ea4-ba85-b8afa4254a29;421.15;0.014;SELL
2016-02-19T01:51:01.830000;2016-02-19T01:51:01.983000;3d5e57b3-56e5-4b3d-8ca2-e5e6a9d12967;421.14;0.015;SELL
2016-02-19T01:51:01.830000;2016-02-19T01:51:01.983000;05ae16b4-27f8-4043-8d72-ee2e4e9b5f44;421.14;0.117;SELL
2016-02-19T01:51:01.830000;2016-02-19T01:51:01.983000;44145287-4b50-4e03-8239-e23f34ed75d8;421.13;0.016;SELL
2016-02-19T01:51:01.830000;2016-02-19T01:51:01.983000;6c1d248c-ef35-4919-8c11-58c1cd209080;421.12;0.016;SELL
2016-02-19T01:51:01.830000;2016-02-19T01:51:02.000000;9f8f643d-a7ee-4bc5-921e-336fa608b749;421.12;0.01;SELL
2016-02-19T01:51:01.830000;2016-02-19T01:51:02.000000;ff83fbff-6f8e-4344-a2d9-eea0705fb1ac;421.11;0.016;SELL
2016-02-19T01:51:01.830000;2016-02-19T01:51:02.000000;2d25620b-e179-434c-9c92-0a322886d25a;421.1;0.015;SELL
2016-02-19T01:51:01.830000;2016-02-19T01:51:02.000000;8a8744d1-fba4-4657-818e-b8f3db041f8f;421.1;0.01;SELL
2016-02-19T01:51:01.830000;2016-02-19T01:51:02.000000;0f962c77-72f9-4d0b-85c0-dcebd8aa5e2f;421.09;0.015;SELL
2016-02-19T01:51:01.830000;2016-02-19T01:51:02.000000;f7a749c4-f0ff-47f4-b966-eef5b4e6a235;421.09;0.087;SELL
2016-02-19T01:51:01.830000;2016-02-19T01:51:02.000000;864a2f18-3958-4d08-bae8-e9602cc8a846;421.08;0.015;SELL
2016-02-19T01:51:01.830000;2016-02-19T01:51:02.000000;a64754dc-6d90-41e5-bb6c-d737d0922579;421.08;0.01;SELL
2016-02-19T01:51:01.830000;2016-02-19T01:51:02.000000;4f1f191e-789e-4cc9-b614-6b10037b22c8;421.07;0.015;SELL
2016-02-19T01:51:01.833000;2016-02-19T01:51:02.000000;d45e5cc4-6693-462d-add1-79daf5e2b23d;421.06;0.016;SELL
2016-02-19T01:51:01.833000;2016-02-19T01:51:02.000000;19b5fc0d-148f-46a7-a774-751c730c31d9;421.06;0.01;SELL
2016-02-19T01:51:01.833000;2016-02-19T01:51:02.000000;50ad7884-78ec-47e4-afde-8358de202e04;421.05;0.016;SELL
2016-02-19T01:51:01.833000;2016-02-19T01:51:02.000000;f7727f2d-0ca5-4e51-9727-64559d008320;421.04;0.011;SELL
2016-02-19T01:51:01.833000;2016-02-19T01:51:02.000000;378fe264-d13b-47fb-a190-7c02df8ca2b4;421.04;0.01;SELL
2016-02-19T01:51:01.833000;2016-02-19T01:51:02.000000;6953a95a-e242-4794-99a2-1dfaf81f7506;421.04;0.093;SELL
2016-02-19T01:51:01.833000;2016-02-19T01:51:02.013000;33efdf52-3f97-46ee-8aa7-8750a7ffd205;421.02;0.011;SELL
2016-02-19T01:51:01.833000;2016-02-19T01:51:02.013000;e329da56-717d-445b-a0b8-7f55a026a670;421.02;0.01;SELL
2016-02-19T01:51:01.833000;2016-02-19T01:51:02.013000;47506d9a-4ff3-41a1-a862-140ce86341c5;421.0;0.011;SELL
2016-02-19T01:51:01.833000;2016-02-19T01:51:02.013000;392a4344-677b-49ba-81f6-d188f750eb6d;421.0;0.0125;SELL
2016-02-19T01:51:01.833000;2016-02-19T01:51:02.013000;c91581ce-8ce5-476f-bf58-74b0f4433b98;421.0;0.01;SELL
2016-02-19T01:51:01.833000;2016-02-19T01:51:02.013000;36c3abf8-7bf6-481f-8b16-054420be8f17;420.99;0.118;SELL
2016-02-19T01:51:01.833000;2016-02-19T01:51:02.013000;f0887b74-c034-4dce-bc35-6aa7a144614b;420.98;0.01;SELL
2016-02-19T01:51:01.833000;2016-02-19T01:51:02.013000;1dd0b47c-01b4-4512-86f8-9acb52d83f2d;420.97;0.01;SELL
2016-02-19T01:51:01.833000;2016-02-19T01:51:02.077000;e03929af-c158-4877-8998-6a04eafec4c6;420.97;0.077;SELL
2016-02-19T01:51:01.837000;2016-02-19T01:51:02.093000;9ebbaa09-d638-4b09-97b4-63a86ad799dc;420.96;0.01;SELL
2016-02-19T01:51:01.837000;2016-02-19T01:51:02.093000;9d0150f3-2881-4e85-b959-8a3791a70011;420.96;0.54;SELL
2016-02-19T01:51:01.837000;2016-02-19T01:51:02.093000;f2568b89-100d-4c41-97a7-a2454f9a53ac;420.95;0.011;SELL
2016-02-19T01:51:01.837000;2016-02-19T01:51:02.093000;965bc184-2dc0-44b2-ad7f-921845f27105;420.95;0.3;SELL
2016-02-19T01:51:01.837000;2016-02-19T01:51:02.093000;1641fca6-945c-4497-867a-b613de07cc90;420.94;0.01;SELL
2016-02-19T01:51:01.837000;2016-02-19T01:51:02.093000;87ead586-d260-49b1-aadc-e8e416f96778;420.94;0.23;SELL
2016-02-19T01:51:01.837000;2016-02-19T01:51:02.093000;c8662f86-6ac7-4851-87f2-2e257f467d3b;420.93;0.00575;SELL
2016-02-19T01:51:31.977000;2016-02-19T01:51:32.030000;d99bf95a-ef14-4987-93e9-a6bafbf693ae;421.09;0.10481;BUY
2016-02-19T01:52:04.447000;2016-02-19T01:52:04.500000;c5aeb1d6-3f42-4646-a9de-f31800aac1a5;421.1;0.011;BUY
2016-02-19T01:52:04.447000;2016-02-19T01:52:04.500000;b3c175b9-3554-4418-84df-dc06dfd51598;421.1;0.22613;BUY
2016-02-19T01:52:31.873000;2016-02-19T01:52:31.920000;7ff81575-8dd2-426b-b801-a7461a7c4691;421.12;0.011;BUY
2016-02-19T01:52:31.873000;2016-02-19T01:52:31.937000;94f13577-7b5d-4916-a8af-f862bbe4d9dd;421.14;0.01;BUY
2016-02-19T01:52:31.873000;2016-02-19T01:52:31.937000;1102499d-53ad-4807-a899-5d2774c77384;421.16;0.01;BUY
2016-02-19T01:52:31.873000;2016-02-19T01:52:31.967000;df2a0ab4-d28b-47d9-b1c7-272cf622d9fd;421.17;0.01;BUY
2016-02-19T01:52:31.873000;2016-02-19T01:52:31.967000;62e9b0cd-4948-472e-a139-2731da0b4806;421.18;0.011;BUY
2016-02-19T01:52:31.873000;2016-02-19T01:52:31.967000;1fec1982-efa3-4ada-b26a-4aaec0007d94;421.18;0.01;BUY
2016-02-19T01:52:31.873000;2016-02-19T01:52:31.967000;25c01d6c-cdfa-4018-a080-f5413d33819b;421.19;0.02022;BUY
2016-02-19T01:53:46.053000;2016-02-19T01:53:46.110000;b8ce6876-0506-4760-a2d9-d89e966fdb6a;421.17;0.011;BUY
2016-02-19T01:53:46.053000;2016-02-19T01:53:46.110000;ccbeb500-06fe-417e-8ea4-856426f11051;421.19;0.16978;BUY
2016-02-19T01:53:46.053000;2016-02-19T01:53:46.110000;5194b179-8ba4-46cc-bad6-36b9be406854;421.2;0.06;BUY
2016-02-19T01:53:46.053000;2016-02-19T01:53:46.110000;0225e4ba-f17c-4f1c-b278-270fb434febe;421.2;0.01;BUY
2016-02-19T01:53:46.053000;2016-02-19T01:53:46.123000;09cbbf62-5f87-4dec-871e-1dc2d137da3b;421.2;0.13;BUY
2016-02-19T01:53:46.053000;2016-02-19T01:53:46.123000;07c674a6-096e-46b0-817e-7a1e84bc8071;421.21;0.07173;BUY
2016-02-19T01:53:46.053000;2016-02-19T01:53:46.157000;8522d1e0-ec1a-4a66-a77a-e5df76416694;421.21;0.06;BUY
2016-02-19T01:53:46.053000;2016-02-19T01:53:46.157000;c9a53d74-ea24-46bb-a637-772466aaaf27;421.22;0.01;BUY
2016-02-19T01:53:46.053000;2016-02-19T01:53:46.157000;47167643-cc41-481b-9556-0014edab5393;421.23;0.4;BUY
2016-02-19T01:53:46.053000;2016-02-19T01:53:46.157000;4b6fd8ea-a775-4b60-b6fc-54016250feb8;421.23;0.92;BUY
2016-02-19T01:53:46.053000;2016-02-19T01:53:46.157000;ea9cc9bc-e512-471c-85c1-af59930add85;421.24;0.01;BUY
2016-02-19T01:53:46.053000;2016-02-19T01:53:46.157000;4aa0a2b8-39bb-4ff4-b853-ec4ea4f6002a;421.25;0.01;BUY
2016-02-19T01:53:46.053000;2016-02-19T01:53:46.157000;0dc007d2-29f0-4421-96a1-772957adbe95;421.25;0.01;BUY
2016-02-19T01:53:46.053000;2016-02-19T01:53:46.157000;ed387d97-1f05-44bb-bb0d-36bae7d233f3;421.25;0.075;BUY
2016-02-19T01:53:46.053000;2016-02-19T01:53:46.157000;2742098d-5d44-4939-a297-d7bc1903f9fe;421.25;0.01;BUY
2016-02-19T01:53:46.053000;2016-02-19T01:53:46.157000;d5c76d5b-e6ce-45e2-92c1-c6107600be30;421.25;4.45749;BUY
2016-02-19T01:53:48.423000;2016-02-19T01:53:48.483000;6b5bf5b6-4c07-444b-9192-dfc8e3290436;421.23;0.92;BUY
2016-02-19T01:53:48.423000;2016-02-19T01:53:48.483000;b3fd4eac-6211-4d61-940a-beb1511a6fd6;421.25;5.29;BUY
2016-02-19T01:53:48.423000;2016-02-19T01:53:48.500000;fe3e21ac-0547-42b4-8b56-f5395be335b8;421.26;0.01;BUY
2016-02-19T01:53:48.423000;2016-02-19T01:53:48.500000;b4c3a5cd-a8df-41eb-87d2-44f18e2febce;421.26;0.075;BUY
2016-02-19T01:53:48.423000;2016-02-19T01:53:48.500000;d23f51f8-45da-4056-8218-cb4e4c355043;421.27;0.061;BUY
2016-02-19T01:54:01.543000;2016-02-19T01:54:01.593000;934325d0-ae34-43d0-bc7d-0985ca861e5c;421.25;0.011;BUY
2016-02-19T01:54:01.543000;2016-02-19T01:54:01.610000;63713014-f703-4179-a59f-91c6b25d3400;421.28;0.075;BUY
2016-02-19T01:54:01.547000;2016-02-19T01:54:01.610000;c0a6fbf8-aac5-4fa7-8ef5-383f13b05216;421.28;0.019;BUY
2016-02-19T01:54:01.547000;2016-02-19T01:54:01.610000;f8e378d7-134e-4472-9123-e938996bad12;421.28;0.075;BUY
2016-02-19T01:54:01.547000;2016-02-19T01:54:01.623000;ee508471-0f72-4419-8f2f-bb661640550e;421.28;0.039;BUY
2016-02-19T01:54:01.547000;2016-02-19T01:54:01.623000;0c754e44-6743-4ae4-ad8e-c0472aaa5e15;421.28;0.066;BUY
2016-02-19T01:54:01.547000;2016-02-19T01:54:01.657000;30ee8d9a-b9ba-447d-89a1-1c9a7450f3ac;421.28;0.01;BUY
2016-02-19T01:54:01.547000;2016-02-19T01:54:01.670000;52b1a718-f14d-4348-8dcb-0b0022421f6d;421.29;0.024;BUY
2016-02-19T01:54:01.547000;2016-02-19T01:54:01.670000;5e9cd388-2e9e-4125-94ed-edc44ca5e060;421.29;0.075;BUY
2016-02-19T01:54:01.547000;2016-02-19T01:54:01.670000;40b0e6a1-a1df-44ae-b3ec-a5463d6033f5;421.3;0.01134069;BUY
2016-02-19T01:54:01.547000;2016-02-19T01:54:01.670000;75e3b393-1068-4f26-8c13-2cd7777b20f8;421.3;0.01;BUY
2016-02-19T01:54:01.547000;2016-02-19T01:54:01.670000;acf4e0b0-acc9-4eb8-ae1e-4e572befafaf;421.31;0.03;BUY
2016-02-19T01:54:01.547000;2016-02-19T01:54:01.670000;f3cd5c83-f36c-428a-bb40-005eaa3256a5;421.32;0.019;BUY
2016-02-19T01:54:01.547000;2016-02-19T01:54:01.670000;391406b9-6149-4b46-844f-ccc74caa8ff3;421.32;0.01;BUY
2016-02-19T01:54:01.547000;2016-02-19T01:54:01.670000;4b5a4569-b796-4568-a756-5b8d4ddd163a;421.32;0.075;BUY
2016-02-19T01:54:01.547000;2016-02-19T01:54:01.670000;8ca46195-48c5-4fa0-8073-6a2b2ad8e747;421.33;0.075;BUY
2016-02-19T01:54:01.547000;2016-02-19T01:54:01.687000;de11d79c-83de-4cde-8f0e-8b591df6e1e5;421.34;0.01;BUY
2016-02-19T01:54:01.547000;2016-02-19T01:54:01.687000;f95fae0c-e2a4-43b0-a7b6-412c1ba1dc84;421.39;0.36348931;BUY
2016-02-19T01:54:19.777000;2016-02-19T01:54:19.813000;4daf4e7c-18f1-48ae-a2a3-000b06275355;421.4;0.2;BUY
2016-02-19T01:54:32.137000;2016-02-19T01:54:32.170000;a2c8cf1b-96a7-43f3-ad1f-d016b19dae02;421.39;0.57181;SELL
2016-02-19T01:55:01.977000;2016-02-19T01:55:02.013000;d290631c-7885-430d-a4b5-0ddf46c8121a;421.39;0.06852;SELL
2016-02-19T01:55:31.757000;2016-02-19T01:55:31.797000;cff93a06-df3b-4014-b680-c0843d95b10b;421.39;0.01597;SELL
2016-02-19T01:55:55.977000;2016-02-19T01:55:56.013000;6fa5f5de-3aba-4b57-b98d-f2663d1a168f;421.4;0.08;BUY
2016-02-19T01:56:01.740000;2016-02-19T01:56:01.780000;41980523-657a-4d52-845e-9e9a4a497ec4;421.4;1.17762149;BUY
2016-02-19T01:56:01.740000;2016-02-19T01:56:01.797000;626adf51-4430-4efc-81de-8621f5eb53f9;421.4;0.1;BUY
2016-02-19T01:56:01.740000;2016-02-19T01:56:01.797000;79df96e9-ac22-4a08-9933-032dc46ce018;421.41;0.02547;BUY
2016-02-19T01:56:01.740000;2016-02-19T01:56:01.827000;705ce02d-125b-4277-b345-0bbdff4bf609;421.42;0.024;BUY
2016-02-19T01:56:01.740000;2016-02-19T01:56:01.827000;767e837a-8deb-43e1-9b4f-c846a164bae9;421.42;3.712;BUY
2016-02-19T01:56:01.740000;2016-02-19T01:56:01.827000;cfd5c9b2-2897-4847-9489-cd96c1b75f2f;421.43;0.023;BUY
2016-02-19T01:56:01.740000;2016-02-19T01:56:01.827000;52b1ddc6-280f-4387-928c-0c17e63dc86f;421.46;0.075;BUY
2016-02-19T01:56:01.740000;2016-02-19T01:56:01.843000;9b0ee744-ef46-4745-9c7a-8affc7936c8e;421.48;0.01;BUY
2016-02-19T01:56:01.740000;2016-02-19T01:56:01.843000;b6cd683e-13ec-437d-a868-ffd7f9b865a4;421.48;0.075;BUY
2016-02-19T01:56:01.740000;2016-02-19T01:56:01.843000;cb2d2ed6-10be-4f7c-9210-f6de2ff5b5d4;421.48;0.075;BUY
2016-02-19T01:56:01.740000;2016-02-19T01:56:01.843000;a2824de4-5b37-4f92-8712-555a1bb3983a;421.48;0.025;BUY
2016-02-19T01:56:01.740000;2016-02-19T01:56:01.890000;8a232981-22d9-4247-b572-c94e1116f85c;421.49;0.075;BUY
